Time,Bid1,Bid2,Ask1,Ask2,Mid-Price,Total_volume,Bid_ask_spread,Order_imbalance
07:30:00,"[0, 0]","[0, 0]","[0, 0]","[0, 0]",0.0,0,0.0,0.0
07:30:02,"[0, 0]","[0, 0]","[242.0, 4]","[0, 0]",121.0,4,242.0,-1.0
07:30:03,"[0, 0]","[0, 0]","[286.56, 18]","[573.31, 13]",143.28,31,286.56,-1.0
07:30:04,"[0, 0]","[0, 0]","[253.22, 9]","[579.89, 9]",126.61,18,253.22,-1.0
07:30:05,"[147.67, 24]","[147.0, 20]","[263.5, 24]","[757.0, 30]",205.58,98,115.83,-0.1
07:30:06,"[148.28, 29]","[147.29, 21]","[189.39, 23]","[372.41, 22]",168.83,95,41.12,0.05
07:30:07,"[149.0, 34]","[148.0, 21]","[465.42, 31]","[640.5, 32]",307.21,118,316.42,-0.07
07:30:08,"[149.0, 55]","[148.0, 21]","[422.52, 29]","[547.12, 34]",285.76,139,273.52,0.09
07:30:09,"[149.29, 56]","[148.82, 66]","[210.64, 45]","[368.57, 28]",179.97,195,61.36,0.25
07:30:10,"[152.66, 29]","[150.05, 19]","[248.0, 30]","[309.0, 6]",200.33,84,95.34,0.14
07:30:11,"[153.89, 28]","[151.0, 24]","[247.61, 38]","[265.25, 24]",200.75,114,93.71,-0.09
07:30:12,"[151.0, 15]","[150.0, 9]","[229.0, 20]","[245.0, 4]",190.0,48,78.0,0.0
07:30:13,"[149.0, 32]","[148.0, 24]","[218.92, 13]","[235.52, 21]",183.96,90,69.92,0.24
07:30:14,"[149.0, 44]","[148.0, 33]","[185.62, 21]","[186.92, 26]",167.31,124,36.62,0.24
07:30:15,"[149.0, 32]","[148.0, 24]","[182.5, 8]","[185.0, 16]",165.75,80,33.5,0.4
07:30:16,"[149.0, 44]","[148.0, 33]","[179.08, 25]","[179.97, 29]",164.04,131,30.08,0.18
07:30:17,"[149.0, 84]","[148.0, 36]","[164.24, 33]","[172.97, 39]",156.62,192,15.24,0.25
07:30:18,"[148.71, 63]","[147.41, 51]","[150.66, 41]","[152.57, 28]",149.69,183,1.94,0.25
07:30:19,"[148.0, 18]","[147.0, 30]","[157.31, 13]","[227.9, 21]",152.65,82,9.31,0.17
07:30:20,"[148.0, 18]","[147.0, 30]","[152.33, 18]","[155.6, 10]",150.17,76,4.33,0.26
07:30:21,"[149.0, 40]","[148.0, 30]","[151.59, 29]","[152.62, 24]",150.29,123,2.59,0.14
07:30:22,"[147.84, 25]","[146.85, 60]","[151.29, 56]","[154.27, 49]",149.56,190,3.45,-0.11
07:30:23,"[147.67, 90]","[145.74, 43]","[149.18, 44]","[152.49, 43]",148.42,220,1.52,0.21
07:30:24,"[148.21, 112]","[147.0, 65]","[152.36, 50]","[212.95, 43]",150.29,270,4.15,0.31
07:30:25,"[149.34, 29]","[148.45, 55]","[152.0, 32]","[159.0, 24]",150.67,140,2.66,0.2
07:30:26,"[149.89, 72]","[147.0, 45]","[152.0, 36]","[157.0, 24]",150.94,177,2.11,0.32
07:30:27,"[148.45, 58]","[147.06, 62]","[152.87, 30]","[156.8, 41]",150.66,191,4.42,0.26
07:30:28,"[150.88, 51]","[148.32, 53]","[153.0, 28]","[157.0, 42]",151.94,174,2.12,0.2
07:30:29,"[149.0, 32]","[147.14, 65]","[153.0, 20]","[156.56, 27]",151.0,144,4.0,0.35
07:30:30,"[149.0, 35]","[147.0, 56]","[153.0, 14]","[155.0, 14]",151.0,119,4.0,0.53
07:30:31,"[149.0, 45]","[147.0, 72]","[153.0, 18]","[155.0, 18]",151.0,153,4.0,0.53
07:30:32,"[149.0, 60]","[147.0, 96]","[152.1, 30]","[154.0, 24]",150.55,210,3.1,0.49
07:30:33,"[149.0, 25]","[147.0, 88]","[153.04, 23]","[155.65, 40]",151.02,176,4.04,0.28
07:30:34,"[149.43, 28]","[147.32, 74]","[154.0, 28]","[156.0, 70]",151.71,200,4.57,0.02
07:30:35,"[149.0, 10]","[148.0, 15]","[154.0, 10]","[156.0, 25]",151.5,60,5.0,-0.17
07:30:36,"[149.0, 14]","[148.0, 21]","[154.0, 14]","[156.0, 35]",151.5,84,5.0,-0.17
07:30:37,"[148.57, 28]","[147.55, 44]","[154.0, 24]","[156.0, 60]",151.29,156,5.43,-0.08
07:30:38,"[148.0, 18]","[147.0, 30]","[154.0, 12]","[156.0, 30]",151.0,90,6.0,0.07
07:30:39,"[148.0, 16]","[147.0, 30]","[154.0, 28]","[156.0, 30]",151.0,104,6.0,-0.12
07:30:40,"[148.0, 16]","[147.0, 40]","[153.91, 22]","[155.94, 36]",150.95,114,5.91,-0.02
07:30:41,"[148.83, 24]","[147.38, 26]","[152.78, 18]","[155.65, 23]",150.81,91,3.94,0.1
07:30:42,"[147.83, 87]","[145.47, 76]","[151.67, 30]","[153.87, 15]",149.75,208,3.84,0.57
07:30:43,"[149.0, 56]","[147.0, 112]","[151.33, 21]","[154.83, 42]",150.17,231,2.33,0.45
07:30:44,"[150.45, 33]","[147.0, 88]","[154.0, 11]","[155.0, 55]",152.23,187,3.55,0.29
07:30:45,"[151.54, 39]","[147.0, 81]","[154.0, 35]","[155.0, 43]",152.77,198,2.46,0.21
07:30:46,"[152.67, 27]","[147.0, 90]","[154.0, 27]","[155.0, 27]",153.33,171,1.33,0.37
07:30:47,"[148.0, 48]","[146.5, 48]","[154.0, 16]","[155.0, 24]",151.0,136,6.0,0.41
07:30:48,"[147.0, 40]","[145.0, 8]","[154.0, 4]","[155.0, 12]",150.5,64,7.0,0.5
07:30:49,"[147.0, 90]","[145.0, 18]","[154.0, 9]","[155.0, 27]",150.5,144,7.0,0.5
07:30:50,"[147.07, 61]","[145.4, 25]","[154.0, 11]","[155.0, 33]",150.53,130,6.93,0.32
07:30:51,"[151.0, 7]","[147.35, 34]","[154.0, 21]","[155.0, 21]",152.5,83,3.0,-0.01
07:30:52,"[147.0, 40]","[145.0, 16]","[154.0, 40]","[155.0, 24]",150.5,120,7.0,-0.07
07:30:53,"[149.0, 12]","[147.0, 60]","[152.8, 50]","[153.62, 58]",150.9,180,3.8,-0.2
07:30:54,"[148.44, 18]","[146.91, 67]","[151.29, 52]","[152.67, 60]",149.87,197,2.84,-0.14
07:30:55,"[147.0, 66]","[144.0, 28]","[148.25, 65]","[149.73, 55]",147.62,214,1.25,-0.12
07:30:56,"[144.0, 24]","[142.0, 60]","[147.06, 34]","[149.42, 26]",145.53,144,3.06,0.17
07:30:57,"[144.0, 14]","[142.0, 35]","[146.0, 15]","[147.0, 7]",145.0,71,2.0,0.38
07:30:58,"[143.47, 19]","[141.23, 62]","[146.54, 13]","[150.42, 24]",145.01,118,3.06,0.37
07:30:59,"[142.96, 92]","[139.89, 91]","[150.15, 39]","[151.59, 34]",146.56,256,7.2,0.43
07:31:00,"[145.46, 118]","[144.29, 63]","[149.12, 25]","[150.57, 35]",147.29,241,3.66,0.5
07:31:01,"[148.56, 87]","[146.47, 102]","[150.5, 22]","[152.55, 22]",149.53,233,1.94,0.62
07:31:02,"[150.77, 121]","[148.18, 39]","[152.26, 23]","[223.0, 35]",151.51,218,1.49,0.47
07:31:03,"[149.0, 8]","[147.95, 43]","[153.29, 14]","[183.43, 21]",151.14,86,4.29,0.19
07:31:04,"[149.0, 6]","[148.0, 6]","[152.0, 6]","[154.0, 18]",150.5,36,3.0,-0.33
07:31:05,"[149.55, 22]","[148.75, 16]","[152.0, 6]","[154.83, 18]",150.77,62,2.45,0.23
07:31:06,"[149.94, 34]","[148.89, 27]","[154.14, 14]","[221.33, 18]",152.04,93,4.2,0.31
07:31:07,"[149.94, 48]","[148.97, 74]","[154.4, 40]","[250.85, 55]",152.17,217,4.46,0.12
07:31:08,"[151.0, 14]","[149.0, 60]","[285.21, 42]","[535.33, 40]",218.11,156,134.21,-0.05
07:31:09,"[151.3, 10]","[149.0, 60]","[154.31, 35]","[191.4, 50]",152.81,155,3.01,-0.1
07:31:10,"[150.88, 16]","[148.98, 61]","[153.6, 35]","[155.37, 51]",152.24,163,2.72,-0.06
07:31:11,"[149.0, 30]","[148.0, 5]","[154.2, 10]","[156.0, 25]",151.6,70,5.2,0.0
07:31:12,"[149.0, 30]","[148.0, 5]","[154.0, 10]","[156.0, 25]",151.5,70,5.0,0.0
07:31:13,"[149.01, 79]","[148.32, 19]","[152.44, 36]","[154.85, 46]",150.73,180,3.43,0.09
07:31:14,"[149.0, 84]","[148.0, 14]","[151.23, 53]","[154.17, 52]",150.11,203,2.23,-0.03
07:31:15,"[149.0, 59]","[148.0, 11]","[150.55, 33]","[153.33, 43]",149.77,146,1.55,-0.04
07:31:16,"[149.0, 63]","[148.0, 7]","[150.0, 21]","[154.43, 35]",149.5,126,1.0,0.11
07:31:17,"[150.14, 70]","[148.89, 56]","[308.3, 30]","[339.64, 22]",229.22,178,158.16,0.42
07:31:18,"[157.0, 20]","[149.57, 84]","[247.89, 18]","[353.81, 27]",202.44,149,90.89,0.4
07:31:19,"[151.24, 50]","[149.18, 132]","[386.16, 32]","[442.17, 24]",268.7,238,234.92,0.53
07:31:20,"[151.0, 52]","[149.0, 130]","[231.46, 39]","[423.92, 13]",191.23,234,80.46,0.56
07:31:21,"[151.0, 56]","[149.0, 140]","[229.53, 34]","[251.63, 30]",190.26,260,78.53,0.51
07:31:22,"[151.0, 32]","[149.0, 80]","[192.47, 19]","[209.74, 23]",171.74,154,41.47,0.45
07:31:23,"[151.0, 19]","[149.0, 70]","[152.3, 20]","[168.79, 19]",151.65,128,1.3,0.39
07:31:24,"[149.02, 106]","[148.42, 24]","[151.27, 30]","[153.0, 45]",150.14,205,2.25,0.27
07:31:25,"[149.0, 55]","[148.0, 11]","[153.78, 41]","[160.71, 28]",151.39,135,4.78,-0.02
07:31:26,"[149.0, 56]","[148.0, 10]","[153.12, 41]","[154.25, 12]",151.06,119,4.12,0.11
07:31:27,"[149.0, 80]","[148.0, 10]","[152.6, 40]","[154.0, 12]",150.8,142,3.6,0.27
07:31:28,"[149.0, 64]","[148.0, 8]","[151.5, 32]","[154.0, 8]",150.25,112,2.5,0.29
07:31:29,"[149.0, 64]","[148.0, 32]","[150.17, 48]","[154.0, 12]",149.58,156,1.17,0.23
07:31:30,"[147.5, 24]","[146.83, 72]","[153.62, 21]","[154.95, 41]",150.56,158,6.12,0.22
07:31:31,"[147.0, 40]","[144.0, 10]","[151.35, 31]","[153.2, 25]",149.18,106,4.35,-0.06
07:31:32,"[148.0, 35]","[147.0, 32]","[151.0, 28]","[153.64, 25]",149.5,120,3.0,0.12
07:31:33,"[147.77, 65]","[144.9, 77]","[150.76, 42]","[152.85, 52]",149.27,236,2.99,0.2
07:31:34,"[147.0, 35]","[145.25, 40]","[151.0, 28]","[154.0, 28]",149.0,131,4.0,0.15
07:31:35,"[147.32, 44]","[146.4, 50]","[150.0, 40]","[153.8, 25]",148.66,159,2.68,0.18
07:31:36,"[148.89, 76]","[147.5, 40]","[150.52, 29]","[153.62, 24]",149.71,169,1.62,0.37
07:31:37,"[149.9, 30]","[147.52, 31]","[153.0, 11]","[154.0, 33]",151.45,105,3.1,0.16
07:31:38,"[149.93, 27]","[147.41, 44]","[153.33, 27]","[160.62, 26]",151.63,124,3.41,0.15
07:31:39,"[149.31, 70]","[148.41, 44]","[152.48, 23]","[164.0, 21]",150.9,158,3.16,0.44
07:31:40,"[151.0, 32]","[149.0, 64]","[152.84, 25]","[500.32, 22]",151.92,143,1.84,0.34
07:31:41,"[151.0, 32]","[149.0, 64]","[152.0, 29]","[153.0, 24]",151.5,149,1.0,0.29
07:31:42,"[151.0, 19]","[149.0, 104]","[152.85, 39]","[219.26, 31]",151.92,193,1.85,0.27
07:31:43,"[151.0, 8]","[149.0, 70]","[153.0, 24]","[444.0, 24]",152.0,126,2.0,0.24
07:31:44,"[151.0, 7]","[149.04, 52]","[152.86, 21]","[402.43, 21]",151.93,101,1.86,0.17
07:31:45,"[151.0, 8]","[149.01, 71]","[153.0, 24]","[277.0, 24]",152.0,127,2.0,0.24
07:31:46,"[151.0, 9]","[149.0, 90]","[152.56, 27]","[269.22, 27]",151.78,153,1.56,0.29
07:31:47,"[149.0, 90]","[148.0, 63]","[152.16, 19]","[176.78, 27]",150.58,199,3.16,0.54
07:31:48,"[149.0, 90]","[148.0, 63]","[151.33, 18]","[156.0, 27]",150.17,198,2.33,0.55
07:31:49,"[149.0, 100]","[148.0, 70]","[151.0, 20]","[156.0, 30]",150.0,220,2.0,0.55
07:31:50,"[149.0, 143]","[148.0, 105]","[150.06, 63]","[227.12, 41]",149.53,352,1.06,0.41
07:31:51,"[149.0, 72]","[148.0, 56]","[150.0, 14]","[259.0, 24]",149.5,166,1.0,0.54
07:31:52,"[149.0, 99]","[148.0, 77]","[150.0, 11]","[174.45, 33]",149.5,220,1.0,0.6
07:31:53,"[149.0, 72]","[148.0, 77]","[150.0, 11]","[404.5, 12]",149.5,172,1.0,0.73
07:31:54,"[149.0, 22]","[148.0, 84]","[150.0, 12]","[315.0, 36]",149.5,154,1.0,0.38
07:31:55,"[148.9, 63]","[147.98, 50]","[150.0, 9]","[255.8, 30]",149.45,152,1.1,0.49
07:31:56,"[149.0, 46]","[148.0, 48]","[150.0, 8]","[155.0, 40]",149.5,142,1.0,0.32
07:31:57,"[149.0, 65]","[148.0, 78]","[150.0, 37]","[155.0, 77]",149.5,257,1.0,0.11
07:31:58,"[149.0, 45]","[148.0, 54]","[150.0, 21]","[155.0, 81]",149.5,201,1.0,-0.01
07:31:59,"[149.0, 45]","[148.0, 54]","[150.0, 18]","[155.0, 81]",149.5,198,1.0,0.0
07:32:00,"[148.56, 54]","[147.64, 56]","[149.58, 24]","[154.57, 69]",149.07,203,1.03,0.08
07:32:01,"[148.14, 42]","[147.21, 57]","[149.4, 20]","[152.76, 34]",148.77,153,1.26,0.29
07:32:02,"[149.0, 36]","[148.0, 72]","[150.0, 18]","[153.56, 27]",149.5,153,1.0,0.41
07:32:03,"[149.0, 18]","[148.0, 36]","[154.0, 9]","[155.0, 36]",151.5,99,5.0,0.09
07:32:04,"[149.0, 22]","[148.0, 44]","[151.52, 29]","[154.69, 26]",150.26,121,2.52,0.09
07:32:05,"[149.0, 24]","[148.0, 48]","[151.0, 48]","[153.0, 12]",150.0,132,2.0,0.09
07:32:06,"[149.0, 26]","[148.0, 52]","[151.0, 52]","[153.0, 13]",150.0,143,2.0,0.09
07:32:07,"[149.0, 24]","[148.0, 48]","[150.67, 36]","[151.4, 30]",149.83,138,1.67,0.04
07:32:08,"[148.5, 40]","[147.57, 70]","[150.5, 40]","[151.22, 45]",149.5,195,2.0,0.13
07:32:09,"[148.0, 52]","[147.0, 78]","[150.38, 16]","[152.88, 16]",149.19,162,2.38,0.6
07:32:10,"[150.45, 22]","[147.86, 42]","[153.0, 10]","[154.0, 40]",151.73,114,2.55,0.12
07:32:11,"[150.45, 22]","[147.9, 40]","[153.0, 10]","[154.0, 40]",151.73,112,2.55,0.11
07:32:12,"[149.45, 44]","[148.0, 44]","[151.18, 11]","[153.29, 14]",150.32,113,1.73,0.56
07:32:13,"[150.0, 48]","[148.0, 48]","[151.92, 12]","[153.31, 48]",150.96,156,1.92,0.23
07:32:14,"[148.0, 55]","[147.0, 96]","[151.04, 52]","[152.8, 44]",149.52,247,3.04,0.22
07:32:15,"[148.0, 14]","[147.0, 84]","[149.93, 70]","[152.5, 24]",148.96,192,1.93,0.02
07:32:16,"[147.02, 49]","[144.21, 86]","[152.53, 43]","[219.88, 25]",149.78,203,5.51,0.33
07:32:17,"[147.0, 60]","[144.0, 100]","[154.0, 60]","[372.25, 16]",150.5,236,7.0,0.36
07:32:18,"[147.0, 26]","[144.0, 110]","[152.61, 36]","[158.05, 42]",149.81,214,5.61,0.27
07:32:19,"[147.0, 14]","[143.71, 41]","[152.0, 56]","[153.0, 28]",149.5,139,5.0,-0.21
07:32:20,"[148.42, 66]","[143.67, 27]","[151.1, 42]","[152.23, 60]",149.76,195,2.67,-0.05
07:32:21,"[149.0, 76]","[148.0, 33]","[153.0, 22]","[156.0, 11]",151.0,142,4.0,0.54
07:32:22,"[149.0, 30]","[148.0, 25]","[153.0, 10]","[156.0, 5]",151.0,70,4.0,0.57
07:32:23,"[149.0, 36]","[148.0, 20]","[153.0, 12]","[156.0, 6]",151.0,74,4.0,0.51
07:32:24,"[149.0, 24]","[148.0, 30]","[151.3, 20]","[153.0, 20]",150.15,94,2.3,0.15
07:32:25,"[149.0, 24]","[148.0, 36]","[150.04, 54]","[153.0, 24]",149.52,138,1.04,-0.13
07:32:26,"[144.82, 11]","[139.33, 12]","[150.0, 21]","[153.0, 14]",147.41,58,5.18,-0.21
07:32:27,"[146.04, 50]","[139.32, 19]","[150.0, 33]","[153.0, 22]",148.02,124,3.96,0.11
07:32:28,"[147.0, 154]","[139.74, 19]","[150.21, 28]","[153.14, 21]",148.61,222,3.21,0.56
07:32:29,"[147.0, 126]","[139.84, 19]","[151.11, 45]","[153.0, 18]",149.06,208,4.11,0.39
07:32:30,"[147.0, 224]","[140.13, 30]","[148.38, 80]","[153.0, 38]",147.69,372,1.38,0.37
07:32:31,"[147.0, 97]","[142.0, 8]","[149.32, 34]","[168.06, 18]",148.16,157,2.32,0.34
07:32:32,"[148.0, 6]","[147.0, 54]","[153.0, 18]","[319.14, 14]",150.5,92,5.0,0.3
07:32:33,"[148.0, 9]","[147.0, 81]","[153.0, 19]","[383.68, 37]",150.5,146,5.0,0.23
07:32:34,"[147.68, 28]","[146.57, 97]","[152.37, 51]","[246.52, 54]",150.03,230,4.69,0.09
07:32:35,"[147.0, 48]","[141.0, 36]","[152.0, 56]","[153.0, 52]",149.5,192,5.0,-0.12
07:32:36,"[148.94, 93]","[147.43, 42]","[152.0, 66]","[153.0, 33]",150.47,234,3.06,0.15
07:32:37,"[149.0, 81]","[148.0, 32]","[151.44, 18]","[152.14, 42]",150.22,173,2.44,0.31
07:32:38,"[149.0, 136]","[148.0, 48]","[150.89, 36]","[151.5, 32]",149.94,252,1.89,0.46
07:32:39,"[149.0, 101]","[148.0, 56]","[151.0, 44]","[152.0, 22]",150.0,223,2.0,0.41
07:32:40,"[149.22, 46]","[148.79, 114]","[151.0, 56]","[153.85, 39]",150.11,255,1.78,0.25
07:32:41,"[149.14, 155]","[147.76, 124]","[151.77, 57]","[154.33, 54]",150.45,390,2.64,0.43
07:32:42,"[151.0, 110]","[149.0, 133]","[152.0, 36]","[155.0, 36]",151.5,315,1.0,0.54
07:32:43,"[150.61, 56]","[148.99, 100]","[152.0, 30]","[155.0, 30]",151.3,216,1.39,0.44
07:32:44,"[149.0, 77]","[148.0, 7]","[151.5, 24]","[153.71, 21]",150.25,129,2.5,0.3
07:32:45,"[149.0, 143]","[148.0, 13]","[150.62, 52]","[152.0, 39]",149.81,247,1.62,0.26
07:32:46,"[149.0, 41]","[148.0, 6]","[151.58, 19]","[155.33, 18]",150.29,84,2.58,0.12
07:32:47,"[149.0, 18]","[148.0, 9]","[152.0, 27]","[156.0, 27]",150.5,81,3.0,-0.33
07:32:48,"[149.0, 16]","[148.0, 35]","[167.0, 18]","[249.17, 18]",158.0,87,18.0,0.17
07:32:49,"[151.83, 35]","[150.77, 30]","[156.0, 24]","[309.45, 22]",153.91,111,4.17,0.17
07:32:50,"[152.92, 36]","[149.0, 28]","[156.0, 28]","[389.13, 63]",154.46,155,3.08,-0.17
07:32:51,"[154.0, 12]","[149.0, 12]","[156.0, 12]","[385.31, 26]",155.0,62,2.0,-0.23
07:32:52,"[150.0, 12]","[147.13, 60]","[155.56, 18]","[272.61, 41]",152.78,131,5.56,0.1
07:32:53,"[147.21, 19]","[146.4, 40]","[152.0, 7]","[156.0, 14]",149.61,80,4.79,0.47
07:32:54,"[147.46, 26]","[145.97, 31]","[152.0, 7]","[156.0, 14]",149.73,78,4.54,0.46
07:32:55,"[147.0, 37]","[144.67, 12]","[152.0, 9]","[156.0, 18]",149.5,76,5.0,0.29
07:32:56,"[147.0, 32]","[145.0, 8]","[152.0, 8]","[156.0, 16]",149.5,64,5.0,0.25
07:32:57,"[147.0, 32]","[144.02, 49]","[151.1, 52]","[155.84, 25]",149.05,158,4.1,0.03
07:32:58,"[148.86, 142]","[145.57, 42]","[150.49, 51]","[154.08, 26]",149.67,261,1.63,0.41
07:32:59,"[149.5, 144]","[148.8, 120]","[151.0, 15]","[155.0, 60]",150.25,339,1.5,0.56
07:33:00,"[150.0, 80]","[149.0, 122]","[151.0, 10]","[154.47, 30]",150.5,242,1.0,0.67
07:33:01,"[150.0, 27]","[149.0, 117]","[151.0, 9]","[154.0, 18]",150.5,171,1.0,0.68
07:33:02,"[150.0, 19]","[149.0, 143]","[153.7, 20]","[200.45, 47]",151.85,229,3.7,0.41
07:33:03,"[150.96, 27]","[149.03, 144]","[153.92, 26]","[210.25, 64]",152.44,261,2.96,0.31
07:33:04,"[151.68, 22]","[149.0, 199]","[153.47, 17]","[297.06, 34]",152.58,272,1.79,0.62
07:33:05,"[149.14, 175]","[148.75, 104]","[154.0, 25]","[392.28, 64]",151.57,368,4.86,0.52
07:33:06,"[149.13, 113]","[148.71, 55]","[152.45, 22]","[154.0, 29]",150.79,219,3.32,0.53
07:33:07,"[151.0, 26]","[149.0, 130]","[152.55, 22]","[206.35, 34]",151.77,212,1.55,0.47
07:33:08,"[149.0, 195]","[148.0, 30]","[153.2, 45]","[274.62, 64]",151.1,334,4.2,0.35
07:33:09,"[149.0, 138]","[148.0, 24]","[151.0, 36]","[154.0, 36]",150.0,234,2.0,0.38
07:33:10,"[149.0, 55]","[148.0, 12]","[151.0, 18]","[154.0, 18]",150.0,103,2.0,0.3
07:33:11,"[148.83, 24]","[147.8, 10]","[151.0, 18]","[154.0, 18]",149.92,70,2.17,-0.03
07:33:12,"[148.07, 30]","[147.12, 16]","[150.46, 52]","[152.6, 45]",149.26,143,2.39,-0.36
07:33:13,"[148.31, 32]","[147.15, 65]","[150.14, 44]","[151.25, 48]",149.22,189,1.82,0.03
07:33:14,"[148.0, 22]","[147.0, 55]","[149.27, 15]","[151.09, 33]",148.63,125,1.27,0.23
07:33:15,"[148.0, 25]","[147.0, 65]","[149.6, 15]","[152.1, 40]",148.8,145,1.6,0.24
07:33:16,"[148.0, 6]","[147.0, 30]","[152.0, 18]","[153.0, 24]",150.0,78,4.0,-0.08
07:33:17,"[148.0, 8]","[147.0, 40]","[152.0, 24]","[153.0, 32]",150.0,104,4.0,-0.08
07:33:18,"[148.31, 16]","[147.08, 38]","[152.0, 24]","[153.0, 32]",150.16,110,3.69,-0.02
07:33:19,"[148.54, 28]","[147.14, 64]","[152.35, 34]","[159.33, 60]",150.44,186,3.82,-0.01
07:33:20,"[148.69, 29]","[147.08, 49]","[153.15, 39]","[155.0, 13]",150.92,130,4.46,0.2
07:33:21,"[149.0, 75]","[148.0, 16]","[152.0, 48]","[153.42, 19]",150.5,158,3.0,0.15
07:33:22,"[149.0, 21]","[148.0, 7]","[152.0, 21]","[153.0, 14]",150.5,63,3.0,-0.11
07:33:23,"[149.0, 39]","[148.0, 13]","[152.0, 39]","[153.0, 26]",150.5,117,3.0,-0.11
07:33:24,"[147.33, 36]","[144.4, 20]","[152.0, 24]","[153.0, 16]",149.67,96,4.67,0.17
07:33:25,"[147.0, 55]","[144.0, 33]","[152.07, 29]","[161.6, 20]",149.53,137,5.07,0.28
07:33:26,"[147.11, 37]","[144.97, 31]","[153.0, 9]","[287.33, 9]",150.05,86,5.89,0.58
07:33:27,"[149.0, 7]","[147.0, 35]","[153.0, 13]","[383.0, 7]",151.0,62,4.0,0.35
07:33:28,"[149.0, 9]","[147.0, 45]","[153.0, 36]","[198.61, 41]",151.0,131,4.0,-0.18
07:33:29,"[149.0, 8]","[147.0, 40]","[152.85, 33]","[189.79, 39]",150.92,120,3.85,-0.2
07:33:30,"[149.0, 13]","[147.0, 65]","[151.47, 77]","[152.62, 40]",150.23,195,2.47,-0.2
07:33:31,"[149.0, 11]","[147.0, 55]","[150.14, 58]","[151.18, 33]",149.57,157,1.14,-0.16
07:33:32,"[149.0, 10]","[147.0, 50]","[150.29, 42]","[151.64, 50]",149.64,152,1.29,-0.21
07:33:33,"[147.16, 38]","[145.61, 28]","[150.08, 59]","[151.53, 89]",148.62,214,2.93,-0.38
07:33:34,"[142.75, 53]","[135.11, 9]","[149.0, 36]","[150.0, 27]",145.88,125,6.25,-0.01
07:33:35,"[142.61, 23]","[141.78, 64]","[149.0, 32]","[150.0, 24]",145.8,143,6.39,0.22
07:33:36,"[143.0, 32]","[142.0, 144]","[148.09, 65]","[149.77, 52]",145.55,293,5.09,0.2
07:33:37,"[142.28, 50]","[137.75, 67]","[144.2, 46]","[146.52, 50]",143.24,213,1.92,0.1
07:33:38,"[142.0, 70]","[67.6, 10]","[144.4, 25]","[146.82, 33]",143.2,138,2.4,0.16
07:33:39,"[142.09, 22]","[120.8, 10]","[148.75, 8]","[149.5, 12]",145.42,52,6.66,0.23
07:33:40,"[145.79, 28]","[142.74, 39]","[149.0, 39]","[150.0, 39]",147.39,145,3.21,-0.08
07:33:41,"[148.0, 18]","[141.83, 29]","[149.45, 20]","[150.45, 33]",148.72,100,1.45,-0.06
07:33:42,"[148.25, 16]","[142.17, 48]","[150.0, 30]","[151.0, 50]",149.12,144,1.75,-0.11
07:33:43,"[148.43, 14]","[142.41, 41]","[150.0, 18]","[151.0, 30]",149.21,103,1.57,0.07
07:33:44,"[149.0, 42]","[148.0, 28]","[150.5, 40]","[169.97, 58]",149.75,168,1.5,-0.17
07:33:45,"[149.0, 27]","[148.0, 18]","[150.0, 36]","[151.0, 45]",149.5,126,1.0,-0.29
07:33:46,"[149.0, 33]","[148.0, 22]","[151.0, 53]","[343.04, 25]",150.0,133,2.0,-0.17
07:33:47,"[149.0, 30]","[148.0, 20]","[150.92, 39]","[406.76, 37]",149.96,126,1.92,-0.21
07:33:48,"[148.6, 20]","[145.33, 24]","[150.57, 28]","[176.65, 23]",149.59,95,1.97,-0.07
07:33:49,"[149.08, 12]","[144.15, 27]","[151.0, 45]","[216.67, 30]",150.04,114,1.92,-0.32
07:33:50,"[141.54, 65]","[140.59, 68]","[147.5, 24]","[151.52, 31]",144.52,188,5.96,0.41
07:33:51,"[141.0, 90]","[140.0, 72]","[149.0, 18]","[152.0, 27]",145.0,207,8.0,0.57
07:33:52,"[141.39, 62]","[140.6, 100]","[148.59, 17]","[151.03, 31]",144.99,210,7.2,0.54
07:33:53,"[141.48, 58]","[140.74, 94]","[146.55, 11]","[150.12, 42]",144.01,205,5.06,0.48
07:33:54,"[142.0, 48]","[140.41, 148]","[150.0, 24]","[239.35, 23]",146.0,243,8.0,0.61
07:33:55,"[142.0, 22]","[140.0, 78]","[149.17, 12]","[212.17, 30]",145.58,142,7.17,0.41
07:33:56,"[142.0, 27]","[140.0, 117]","[149.0, 18]","[237.16, 37]",145.5,199,7.0,0.45
07:33:57,"[143.42, 26]","[140.13, 94]","[149.0, 16]","[184.5, 40]",146.21,176,5.58,0.36
07:33:58,"[147.0, 45]","[144.0, 27]","[149.0, 18]","[170.0, 45]",148.0,135,2.0,0.07
07:33:59,"[147.0, 40]","[144.0, 24]","[188.79, 19]","[299.23, 22]",167.89,105,41.79,0.22
07:34:00,"[147.0, 27]","[144.0, 15]","[193.2, 20]","[345.0, 11]",170.1,73,46.2,0.15
07:34:01,"[147.59, 29]","[146.59, 34]","[360.14, 14]","[456.27, 22]",253.86,99,212.56,0.27
07:34:02,"[149.06, 17]","[147.74, 31]","[374.4, 25]","[453.92, 26]",261.73,99,225.34,-0.03
07:34:03,"[151.0, 8]","[148.57, 21]","[359.06, 34]","[417.6, 25]",255.03,88,208.06,-0.34
07:34:04,"[147.71, 28]","[141.47, 79]","[342.68, 38]","[441.56, 27]",245.2,172,194.97,0.24
07:34:05,"[147.0, 70]","[140.95, 95]","[191.4, 20]","[277.0, 20]",169.2,205,44.4,0.61
07:34:06,"[147.0, 41]","[140.21, 84]","[149.0, 14]","[168.0, 28]",148.0,167,2.0,0.5
07:34:07,"[147.0, 41]","[140.0, 117]","[148.91, 23]","[166.88, 34]",147.96,215,1.91,0.47
07:34:08,"[147.0, 30]","[140.0, 40]","[149.0, 46]","[161.33, 24]",148.0,140,2.0,0.0
07:34:09,"[141.52, 56]","[140.21, 38]","[149.0, 15]","[232.0, 36]",145.26,145,7.48,0.3
07:34:10,"[147.07, 28]","[144.74, 19]","[186.5, 16]","[235.8, 20]",166.79,83,39.43,0.13
07:34:11,"[157.0, 39]","[154.0, 13]","[200.63, 27]","[235.67, 30]",178.81,109,43.63,-0.05
07:34:12,"[157.0, 39]","[154.99, 73]","[200.92, 13]","[220.08, 26]",178.96,151,43.92,0.48
07:34:13,"[157.0, 33]","[155.0, 66]","[197.46, 35]","[293.29, 14]",177.23,148,40.46,0.34
07:34:14,"[157.0, 14]","[155.0, 48]","[197.0, 32]","[199.0, 8]",177.0,102,40.0,0.22
07:34:15,"[155.33, 24]","[154.83, 29]","[196.89, 27]","[197.67, 18]",176.11,98,41.56,0.08
07:34:16,"[155.0, 44]","[154.0, 11]","[195.07, 14]","[196.95, 41]",175.04,110,40.07,0.0
07:34:17,"[155.0, 32]","[154.0, 8]","[193.23, 26]","[193.86, 14]",174.12,80,38.23,0.0
07:34:18,"[155.0, 44]","[154.0, 11]","[190.7, 20]","[192.17, 35]",172.85,110,35.7,0.0
07:34:19,"[155.0, 40]","[154.0, 10]","[188.08, 24]","[189.06, 34]",171.54,108,33.08,-0.07
07:34:20,"[153.83, 35]","[151.38, 16]","[186.0, 18]","[189.0, 36]",169.91,105,32.17,-0.03
07:34:21,"[152.66, 79]","[151.25, 48]","[185.47, 17]","[187.41, 34]",169.06,178,32.81,0.43
07:34:22,"[153.24, 51]","[152.85, 61]","[183.56, 9]","[185.17, 12]",168.4,133,30.32,0.68
07:34:23,"[154.0, 24]","[153.0, 104]","[180.08, 13]","[182.09, 11]",167.04,152,26.08,0.68
07:34:24,"[154.0, 27]","[153.0, 117]","[178.25, 12]","[179.4, 15]",166.12,171,24.25,0.68
07:34:25,"[154.0, 24]","[153.0, 104]","[176.12, 8]","[178.09, 11]",165.06,147,22.12,0.74
07:34:26,"[154.0, 48]","[153.0, 208]","[172.6, 25]","[174.1, 20]",163.3,301,18.6,0.7
07:34:27,"[154.0, 36]","[153.0, 156]","[166.96, 25]","[169.1, 20]",160.48,237,12.96,0.62
07:34:28,"[154.0, 62]","[153.0, 234]","[161.18, 44]","[162.59, 64]",157.59,404,7.18,0.47
07:34:29,"[154.0, 60]","[153.0, 195]","[156.94, 17]","[158.87, 23]",155.47,295,2.94,0.73
07:34:30,"[153.06, 125]","[151.84, 62]","[155.0, 11]","[156.0, 11]",154.03,209,1.94,0.79
07:34:31,"[153.0, 113]","[151.0, 48]","[155.12, 16]","[157.5, 16]",154.06,193,2.12,0.67
07:34:32,"[153.0, 35]","[151.0, 28]","[155.0, 14]","[156.0, 7]",154.0,84,2.0,0.5
07:34:33,"[150.51, 75]","[149.33, 86]","[153.29, 28]","[154.35, 17]",151.9,206,2.78,0.56
07:34:34,"[151.12, 32]","[149.35, 46]","[235.26, 19]","[481.61, 31]",193.19,128,84.14,0.22
07:34:35,"[154.0, 28]","[151.0, 65]","[474.0, 21]","[568.22, 23]",314.0,137,320.0,0.36
07:34:36,"[154.08, 38]","[151.26, 105]","[341.38, 65]","[451.54, 65]",247.73,273,187.31,0.05
07:34:37,"[155.0, 8]","[154.0, 24]","[260.0, 40]","[361.06, 16]",207.5,88,105.0,-0.27
07:34:38,"[150.9, 10]","[149.56, 41]","[274.3, 50]","[438.0, 50]",212.6,151,123.4,-0.32
07:34:39,"[156.22, 18]","[149.25, 16]","[482.67, 30]","[559.0, 30]",319.44,94,326.44,-0.28
07:34:40,"[157.0, 44]","[150.0, 11]","[370.98, 51]","[431.36, 55]",263.99,161,213.98,-0.32
07:34:41,"[155.56, 25]","[152.14, 21]","[206.0, 36]","[208.0, 45]",180.78,127,50.44,-0.28
07:34:42,"[153.12, 17]","[151.12, 8]","[203.83, 6]","[206.0, 24]",178.48,55,50.72,-0.09
07:34:43,"[154.0, 26]","[153.0, 39]","[198.92, 50]","[203.0, 19]",176.46,134,44.92,-0.03
07:34:44,"[154.9, 20]","[153.29, 34]","[198.97, 37]","[201.77, 13]",176.94,104,44.07,0.04
07:34:45,"[155.0, 16]","[154.0, 40]","[197.13, 23]","[198.71, 17]",176.07,96,42.13,0.17
07:34:46,"[155.0, 28]","[154.0, 70]","[184.96, 46]","[195.43, 21]",169.98,165,29.96,0.19
07:34:47,"[154.12, 34]","[153.18, 55]","[182.0, 52]","[183.03, 38]",168.06,179,27.88,-0.01
07:34:48,"[153.33, 30]","[150.89, 54]","[180.0, 26]","[181.58, 45]",166.67,155,26.67,0.08
07:34:49,"[149.33, 54]","[148.21, 126]","[177.84, 38]","[178.25, 32]",163.59,250,28.51,0.44
07:34:50,"[153.0, 32]","[149.0, 24]","[175.92, 26]","[177.57, 14]",164.46,96,22.92,0.17
07:34:51,"[153.0, 15]","[149.0, 36]","[173.86, 28]","[174.94, 18]",163.43,97,20.86,0.05
07:34:52,"[153.0, 10]","[149.0, 30]","[170.63, 27]","[171.17, 24]",161.81,91,17.63,-0.12
07:34:53,"[153.0, 9]","[149.0, 27]","[166.86, 21]","[168.0, 21]",159.93,78,13.86,-0.08
07:34:54,"[153.0, 17]","[150.52, 63]","[165.65, 34]","[167.0, 68]",159.32,182,12.65,-0.12
07:34:55,"[153.0, 9]","[151.0, 36]","[163.0, 18]","[166.2, 30]",158.0,93,10.0,-0.03
07:34:56,"[150.17, 35]","[149.39, 41]","[161.0, 26]","[162.46, 26]",155.59,128,10.83,0.19
07:34:57,"[156.0, 91]","[150.15, 39]","[157.87, 30]","[159.22, 46]",156.93,206,1.87,0.26
07:34:58,"[154.89, 27]","[150.56, 27]","[228.67, 24]","[312.24, 34]",191.78,112,73.78,-0.04
07:34:59,"[151.0, 20]","[149.0, 36]","[354.48, 42]","[416.26, 31]",252.74,129,203.48,-0.13
07:35:00,"[151.0, 13]","[149.0, 67]","[214.11, 19]","[217.59, 29]",182.55,128,63.11,0.25
07:35:01,"[151.0, 16]","[149.0, 112]","[159.64, 33]","[162.4, 42]",155.32,203,8.64,0.26
07:35:02,"[152.74, 62]","[149.54, 28]","[156.88, 34]","[158.03, 29]",154.81,153,4.14,0.18
07:35:03,"[153.0, 74]","[150.0, 13]","[154.82, 22]","[155.85, 26]",153.91,135,1.82,0.29
07:35:04,"[152.54, 26]","[149.53, 17]","[154.54, 26]","[242.06, 32]",153.54,101,2.0,-0.15
07:35:05,"[151.8, 20]","[149.24, 21]","[230.0, 33]","[398.75, 32]",190.9,106,78.2,-0.23
07:35:06,"[149.54, 13]","[148.5, 28]","[193.42, 43]","[301.09, 22]",171.48,106,43.88,-0.23
07:35:07,"[149.0, 16]","[148.0, 41]","[190.0, 30]","[196.0, 12]",169.5,99,41.0,0.15
07:35:08,"[149.0, 62]","[148.0, 42]","[196.0, 14]","[322.87, 15]",172.5,133,47.0,0.56
07:35:09,"[149.0, 87]","[148.0, 48]","[413.88, 16]","[423.17, 18]",281.44,169,264.88,0.6
07:35:10,"[148.87, 45]","[147.78, 54]","[412.75, 16]","[452.92, 13]",280.81,128,263.88,0.55
07:35:11,"[148.0, 50]","[147.0, 36]","[404.16, 19]","[453.57, 14]",276.08,119,256.16,0.45
07:35:12,"[135.79, 29]","[138.18, 17]","[315.33, 18]","[336.2, 20]",225.56,84,179.54,0.1
07:35:13,"[90.1, 31]","[87.58, 36]","[300.35, 34]","[309.42, 36]",195.22,137,210.26,-0.02
07:35:14,"[92.0, 20]","[84.2, 60]","[254.7, 27]","[267.95, 21]",173.35,128,162.7,0.25
07:35:15,"[94.54, 26]","[88.57, 37]","[199.46, 28]","[219.29, 24]",147.0,115,104.93,0.1
07:35:16,"[97.0, 38]","[95.31, 26]","[139.18, 17]","[140.73, 30]",118.09,111,42.18,0.15
07:35:17,"[106.57, 28]","[96.69, 32]","[139.11, 35]","[142.05, 21]",122.84,116,32.54,0.03
07:35:18,"[100.29, 31]","[79.47, 17]","[141.0, 8]","[143.0, 24]",120.65,80,40.71,0.2
07:35:19,"[114.64, 22]","[111.7, 23]","[141.0, 7]","[143.0, 21]",127.82,73,26.36,0.23
07:35:20,"[133.0, 37]","[117.97, 34]","[267.86, 14]","[517.12, 34]",200.43,119,134.86,0.19
07:35:21,"[149.82, 44]","[148.1, 62]","[218.35, 40]","[541.6, 52]",184.08,198,68.53,0.07
07:35:22,"[151.38, 45]","[149.69, 32]","[460.78, 45]","[528.48, 42]",306.08,164,309.4,-0.06
07:35:23,"[148.09, 57]","[147.47, 15]","[398.78, 36]","[508.22, 36]",273.43,144,250.69,0.0
07:35:24,"[148.0, 89]","[147.0, 8]","[218.57, 14]","[548.09, 23]",183.29,134,70.57,0.45
07:35:25,"[148.0, 60]","[147.0, 5]","[240.0, 20]","[357.0, 5]",194.0,90,92.0,0.44
07:35:26,"[148.23, 88]","[147.89, 54]","[239.84, 31]","[449.93, 43]",194.03,216,91.61,0.31
07:35:27,"[152.18, 44]","[148.0, 132]","[234.36, 11]","[239.75, 32]",193.27,219,82.18,0.61
07:35:28,"[150.4, 40]","[147.96, 50]","[238.0, 6]","[305.22, 9]",194.2,105,87.6,0.71
07:35:29,"[148.0, 108]","[147.0, 9]","[238.0, 9]","[339.33, 9]",193.0,135,90.0,0.73
07:35:30,"[148.0, 180]","[147.0, 15]","[215.68, 19]","[346.13, 23]",181.84,237,67.68,0.65
07:35:31,"[148.33, 61]","[147.54, 13]","[206.0, 7]","[228.0, 7]",177.16,88,57.67,0.68
07:35:32,"[153.0, 24]","[148.0, 42]","[206.0, 6]","[228.0, 6]",179.5,78,53.0,0.69
07:35:33,"[153.0, 38]","[148.0, 56]","[166.87, 23]","[214.25, 8]",159.93,125,13.87,0.5
07:35:34,"[153.0, 49]","[148.0, 49]","[160.2, 10]","[172.25, 16]",156.6,124,7.2,0.58
07:35:35,"[153.0, 56]","[148.0, 74]","[158.12, 8]","[300.17, 12]",155.56,150,5.12,0.73
07:35:36,"[153.75, 28]","[150.42, 93]","[157.0, 10]","[393.9, 50]",155.38,181,3.25,0.34
07:35:37,"[153.16, 19]","[150.29, 31]","[156.88, 8]","[335.95, 38]",155.02,96,3.72,0.04
07:35:38,"[153.0, 32]","[150.0, 40]","[155.0, 10]","[336.58, 38]",154.0,120,2.0,0.2
07:35:39,"[153.0, 63]","[150.0, 44]","[154.91, 11]","[188.18, 33]",153.95,151,1.91,0.42
07:35:40,"[150.83, 29]","[149.22, 36]","[215.25, 24]","[266.92, 36]",183.04,125,64.42,0.04
07:35:41,"[150.0, 21]","[149.0, 28]","[213.71, 7]","[215.0, 28]",181.86,84,63.71,0.17
07:35:42,"[150.0, 107]","[149.0, 44]","[211.11, 19]","[214.95, 41]",180.55,211,61.11,0.43
07:35:43,"[150.0, 82]","[149.0, 36]","[208.0, 27]","[209.11, 27]",179.0,172,58.0,0.37
07:35:44,"[149.55, 44]","[148.12, 102]","[205.36, 25]","[207.42, 26]",177.45,197,55.81,0.48
07:35:45,"[149.0, 44]","[148.0, 198]","[202.5, 36]","[203.95, 37]",175.75,315,53.5,0.54
07:35:46,"[148.19, 103]","[147.9, 100]","[200.25, 32]","[201.16, 38]",174.22,273,52.06,0.49
07:35:47,"[148.32, 187]","[147.89, 144]","[197.36, 55]","[198.4, 55]",172.84,441,49.05,0.5
07:35:48,"[150.88, 126]","[148.97, 215]","[192.86, 43]","[194.19, 53]",171.87,437,41.98,0.56
07:35:49,"[153.0, 102]","[149.63, 167]","[188.67, 54]","[190.39, 54]",170.83,377,35.67,0.43
07:35:50,"[153.8, 90]","[149.0, 165]","[185.28, 47]","[186.27, 49]",169.54,351,31.48,0.45
07:35:51,"[154.0, 78]","[149.0, 143]","[182.79, 42]","[184.54, 39]",168.39,302,28.79,0.46
07:35:52,"[154.0, 82]","[149.0, 154]","[175.24, 49]","[179.59, 49]",164.62,334,21.24,0.41
07:35:53,"[150.48, 108]","[148.72, 123]","[167.38, 39]","[169.0, 52]",158.93,322,16.9,0.43
07:35:54,"[149.05, 129]","[148.29, 113]","[166.18, 33]","[167.46, 35]",157.61,310,17.14,0.56
07:35:55,"[149.02, 115]","[148.11, 101]","[164.0, 26]","[165.36, 22]",156.51,264,14.98,0.64
07:35:56,"[149.56, 128]","[148.49, 191]","[161.54, 41]","[162.1, 49]",155.55,409,11.97,0.56
07:35:57,"[151.82, 40]","[149.26, 85]","[158.11, 18]","[160.5, 24]",154.97,167,6.29,0.5
07:35:58,"[149.0, 193]","[148.0, 70]","[155.55, 20]","[156.1, 20]",152.28,303,6.55,0.74
07:35:59,"[149.0, 106]","[148.0, 88]","[150.22, 37]","[153.72, 18]",149.61,249,1.22,0.56
07:36:00,"[149.0, 44]","[148.0, 96]","[152.06, 16]","[297.67, 12]",150.53,168,3.06,0.67
07:36:01,"[149.85, 82]","[148.4, 53]","[153.91, 11]","[312.71, 21]",151.88,167,4.06,0.62
07:36:02,"[150.0, 48]","[149.0, 33]","[152.35, 23]","[245.21, 19]",151.17,123,2.35,0.32
07:36:03,"[149.14, 29]","[148.12, 51]","[151.32, 40]","[199.85, 13]",150.23,133,2.19,0.2
07:36:04,"[148.27, 55]","[147.19, 129]","[150.67, 30]","[308.39, 18]",149.47,232,2.39,0.59
07:36:05,"[147.05, 124]","[146.34, 76]","[148.62, 26]","[240.27, 22]",147.83,248,1.57,0.61
07:36:06,"[147.0, 99]","[144.22, 69]","[510.09, 22]","[577.67, 18]",328.55,208,363.09,0.62
07:36:07,"[147.0, 69]","[144.43, 63]","[410.43, 14]","[597.86, 14]",278.71,160,263.43,0.65
07:36:08,"[147.0, 96]","[141.0, 27]","[348.29, 17]","[486.14, 14]",247.65,154,201.29,0.6
07:36:09,"[147.0, 57]","[119.33, 67]","[342.29, 14]","[420.69, 13]",244.64,151,195.29,0.64
07:36:10,"[148.79, 39]","[145.45, 29]","[228.8, 10]","[283.8, 10]",188.8,88,80.01,0.55
07:36:11,"[149.0, 42]","[147.11, 18]","[197.83, 12]","[271.5, 12]",173.42,84,48.83,0.43
07:36:12,"[157.0, 11]","[149.24, 67]","[162.0, 22]","[266.0, 22]",159.5,122,5.0,0.28
07:36:13,"[157.0, 10]","[151.0, 40]","[182.82, 17]","[331.14, 14]",169.91,81,25.82,0.23
07:36:14,"[151.12, 49]","[149.09, 88]","[264.47, 17]","[330.36, 22]",207.8,176,113.35,0.56
07:36:15,"[149.23, 71]","[148.24, 59]","[293.95, 22]","[450.62, 16]",221.59,168,144.73,0.55
07:36:16,"[149.18, 51]","[148.41, 51]","[257.56, 32]","[289.24, 25]",203.37,159,108.39,0.28
07:36:17,"[150.0, 17]","[149.0, 77]","[255.18, 33]","[263.73, 44]",202.59,171,105.18,0.1
07:36:18,"[150.0, 9]","[149.0, 63]","[209.22, 27]","[272.72, 29]",179.61,128,59.22,0.12
07:36:19,"[150.33, 12]","[149.0, 84]","[185.25, 36]","[207.0, 36]",167.79,168,34.92,0.14
07:36:20,"[151.71, 21]","[149.13, 45]","[185.0, 27]","[250.24, 29]",168.36,122,33.29,0.08
07:36:21,"[152.96, 23]","[152.3, 37]","[183.67, 45]","[218.13, 45]",168.31,150,30.71,-0.2
07:36:22,"[152.11, 61]","[150.04, 75]","[182.0, 30]","[183.2, 30]",167.06,196,29.89,0.39
07:36:23,"[152.53, 19]","[150.97, 61]","[180.38, 39]","[181.85, 39]",166.46,158,27.86,0.01
07:36:24,"[153.44, 43]","[150.62, 61]","[177.47, 45]","[179.0, 45]",165.45,194,24.02,0.07
07:36:25,"[153.36, 53]","[149.84, 64]","[174.24, 51]","[177.53, 51]",163.8,219,20.88,0.07
07:36:26,"[154.0, 36]","[152.0, 18]","[170.67, 27]","[172.67, 27]",162.33,108,16.67,0.0
07:36:27,"[154.0, 19]","[152.5, 20]","[168.67, 18]","[172.0, 18]",161.33,75,14.67,0.04
07:36:28,"[154.0, 9]","[153.0, 30]","[167.0, 9]","[170.33, 9]",160.5,57,13.0,0.37
07:36:29,"[155.58, 57]","[153.4, 67]","[164.38, 39]","[166.0, 39]",159.98,202,8.81,0.23
07:36:30,"[156.0, 45]","[154.0, 27]","[161.22, 27]","[163.0, 27]",158.61,126,5.22,0.14
07:36:31,"[156.0, 50]","[154.0, 30]","[160.35, 34]","[161.8, 30]",158.18,144,4.35,0.11
07:36:32,"[156.0, 57]","[154.0, 36]","[158.25, 36]","[159.67, 36]",157.12,165,2.25,0.13
07:36:33,"[154.0, 27]","[153.0, 90]","[450.88, 26]","[551.27, 33]",302.44,176,296.88,0.33
07:36:34,"[154.0, 19]","[153.0, 90]","[365.77, 31]","[421.58, 31]",259.89,171,211.77,0.27
07:36:35,"[153.15, 47]","[152.9, 78]","[306.65, 43]","[312.43, 23]",229.9,191,153.5,0.31
07:36:36,"[153.0, 120]","[152.0, 24]","[270.81, 37]","[275.59, 46]",211.91,227,117.81,0.27
07:36:37,"[153.14, 116]","[152.5, 40]","[258.74, 39]","[260.43, 21]",205.94,216,105.61,0.44
07:36:38,"[154.0, 80]","[153.0, 100]","[256.4, 40]","[257.29, 28]",205.2,248,102.4,0.45
07:36:39,"[154.0, 104]","[153.0, 130]","[241.68, 44]","[249.46, 35]",197.84,313,87.68,0.5
07:36:40,"[154.0, 112]","[153.0, 140]","[175.6, 47]","[176.95, 39]",164.8,338,21.6,0.49
07:36:41,"[154.0, 68]","[153.0, 110]","[170.31, 26]","[171.64, 44]",162.15,248,16.31,0.44
07:36:42,"[154.0, 38]","[153.0, 140]","[164.86, 14]","[166.29, 14]",159.43,206,10.86,0.73
07:36:43,"[154.0, 80]","[153.0, 160]","[161.25, 28]","[161.63, 19]",157.62,287,7.25,0.67
07:36:44,"[154.0, 85]","[153.0, 170]","[156.39, 41]","[158.11, 19]",155.2,315,2.39,0.62
07:36:45,"[154.0, 69]","[153.0, 170]","[155.0, 17]","[156.0, 51]",154.5,307,1.0,0.56
07:36:46,"[153.03, 58]","[151.8, 50]","[246.71, 14]","[416.41, 34]",199.87,156,93.68,0.38
07:36:47,"[153.0, 68]","[151.0, 50]","[317.34, 29]","[428.91, 47]",235.17,194,164.34,0.22
07:36:48,"[153.0, 36]","[151.0, 40]","[369.0, 40]","[701.0, 32]",261.0,148,216.0,0.03
07:36:49,"[151.0, 7]","[150.0, 28]","[549.0, 28]","[0, 0]",350.0,63,398.0,0.11
07:36:50,"[151.0, 6]","[150.0, 24]","[556.33, 24]","[0, 0]",353.67,54,405.33,0.11
07:36:51,"[151.0, 6]","[150.0, 24]","[424.67, 24]","[0, 0]",287.83,54,273.67,0.11
07:36:52,"[151.0, 5]","[150.0, 20]","[560.6, 20]","[0, 0]",355.8,45,409.6,0.11
07:36:53,"[150.0, 8]","[148.42, 36]","[718.07, 29]","[765.0, 4]",434.03,77,568.07,0.14
07:36:54,"[150.0, 12]","[148.0, 84]","[646.81, 37]","[720.13, 30]",398.41,163,496.81,0.18
07:36:55,"[150.45, 20]","[148.09, 70]","[454.69, 26]","[629.38, 52]",302.57,168,304.24,0.07
07:36:56,"[148.56, 25]","[147.88, 48]","[261.88, 40]","[337.23, 22]",205.22,135,113.31,0.08
07:36:57,"[148.21, 24]","[147.56, 16]","[258.3, 10]","[259.4, 10]",203.25,60,110.09,0.33
07:36:58,"[150.0, 4]","[148.0, 12]","[258.0, 4]","[259.0, 4]",204.0,24,108.0,0.33
07:36:59,"[155.9, 119]","[150.21, 19]","[257.36, 11]","[259.0, 11]",206.63,160,101.46,0.72
07:37:00,"[156.0, 104]","[154.0, 8]","[256.88, 8]","[259.0, 8]",206.44,128,100.88,0.75
07:37:01,"[156.0, 116]","[154.0, 10]","[255.6, 10]","[259.0, 10]",205.8,146,99.6,0.73
07:37:02,"[156.0, 154]","[154.0, 24]","[253.64, 14]","[259.0, 14]",204.82,206,97.64,0.73
07:37:03,"[156.0, 109]","[154.0, 60]","[250.73, 30]","[255.5, 10]",203.37,209,94.73,0.62
07:37:04,"[155.89, 55]","[153.96, 69]","[248.92, 60]","[252.0, 12]",202.4,196,93.03,0.27
07:37:05,"[154.0, 27]","[153.0, 27]","[206.7, 20]","[243.45, 29]",180.35,103,52.7,0.05
07:37:06,"[153.65, 23]","[152.58, 19]","[229.11, 9]","[236.57, 14]",191.38,65,75.46,0.29
07:37:07,"[153.0, 20]","[151.0, 10]","[224.64, 14]","[235.5, 14]",188.82,58,71.64,0.03
07:37:08,"[153.0, 26]","[151.0, 13]","[198.82, 17]","[227.38, 13]",175.91,69,45.82,0.13
07:37:09,"[153.0, 28]","[151.0, 14]","[166.79, 58]","[205.53, 17]",159.9,117,13.79,-0.28
07:37:10,"[153.0, 26]","[151.0, 13]","[162.92, 37]","[164.54, 41]",157.96,117,9.92,-0.33
07:37:11,"[153.0, 22]","[151.0, 11]","[159.27, 15]","[161.08, 51]",156.13,99,6.27,-0.33
07:37:12,"[151.31, 13]","[148.04, 81]","[156.29, 24]","[158.84, 44]",153.8,162,4.98,0.16
07:37:13,"[148.66, 47]","[147.94, 83]","[151.19, 53]","[153.22, 49]",149.92,232,2.53,0.12
07:37:14,"[148.06, 36]","[147.5, 12]","[149.35, 23]","[318.54, 13]",148.7,84,1.29,0.14
07:37:15,"[148.0, 35]","[146.0, 49]","[275.92, 26]","[422.18, 22]",211.96,132,127.92,0.27
07:37:16,"[148.0, 25]","[146.0, 35]","[264.0, 20]","[366.0, 10]",206.0,90,116.0,0.33
07:37:17,"[152.42, 57]","[147.18, 51]","[264.0, 36]","[366.0, 18]",208.21,162,111.58,0.33
07:37:18,"[154.0, 41]","[148.0, 40]","[263.93, 30]","[318.52, 21]",208.97,132,109.93,0.23
07:37:19,"[154.0, 48]","[150.42, 24]","[262.25, 24]","[331.71, 45]",208.12,141,108.25,0.02
07:37:20,"[154.5, 12]","[151.29, 21]","[260.67, 18]","[348.12, 32]",207.58,83,106.17,-0.2
07:37:21,"[156.0, 24]","[153.0, 12]","[218.55, 33]","[296.5, 24]",187.27,93,62.55,-0.23
07:37:22,"[156.0, 24]","[153.0, 12]","[193.11, 27]","[240.33, 49]",174.56,112,37.11,-0.36
07:37:23,"[156.0, 10]","[153.0, 5]","[192.0, 10]","[336.0, 15]",174.0,40,36.0,-0.25
07:37:24,"[151.38, 26]","[150.05, 61]","[161.66, 29]","[191.84, 38]",156.52,154,10.27,0.13
07:37:25,"[151.0, 10]","[150.0, 25]","[156.0, 10]","[168.0, 20]",153.5,65,5.0,0.08
07:37:26,"[151.0, 18]","[150.0, 45]","[163.23, 26]","[198.5, 40]",157.12,129,12.23,-0.02
07:37:27,"[152.8, 25]","[149.48, 66]","[168.0, 44]","[270.64, 55]",160.4,190,15.2,-0.04
07:37:28,"[156.0, 18]","[151.0, 18]","[168.0, 36]","[290.0, 45]",162.0,117,12.0,-0.38
07:37:29,"[150.16, 74]","[148.89, 38]","[168.0, 36]","[226.91, 43]",159.08,191,17.84,0.17
07:37:30,"[150.0, 99]","[148.0, 77]","[175.33, 30]","[247.73, 49]",162.67,255,25.33,0.38
07:37:31,"[154.0, 5]","[150.0, 45]","[173.2, 5]","[407.04, 23]",163.6,78,19.2,0.28
07:37:32,"[154.0, 10]","[150.0, 90]","[157.76, 42]","[194.05, 19]",155.88,161,3.76,0.24
07:37:33,"[154.0, 14]","[150.0, 126]","[172.2, 30]","[242.7, 46]",163.1,216,18.2,0.3
07:37:34,"[154.0, 6]","[150.0, 54]","[171.0, 6]","[172.0, 30]",162.5,96,17.0,0.25
07:37:35,"[154.53, 78]","[149.97, 133]","[170.0, 23]","[171.98, 91]",162.26,325,15.47,0.3
07:37:36,"[155.0, 96]","[150.57, 84]","[167.7, 66]","[168.94, 18]",161.35,264,12.7,0.36
07:37:37,"[155.0, 33]","[151.85, 78]","[164.21, 33]","[164.27, 45]",159.61,189,9.21,0.17
07:37:38,"[154.56, 18]","[153.23, 62]","[161.5, 12]","[163.0, 60]",158.03,152,6.94,0.05
07:37:39,"[154.0, 30]","[150.0, 54]","[159.22, 41]","[160.0, 13]",156.61,138,5.22,0.22
07:37:40,"[154.0, 16]","[150.0, 48]","[156.0, 32]","[157.0, 16]",155.0,112,2.0,0.14
07:37:41,"[151.29, 82]","[149.69, 78]","[255.63, 63]","[516.67, 46]",203.46,269,104.34,0.19
07:37:42,"[152.0, 182]","[150.0, 84]","[219.0, 30]","[220.45, 40]",185.5,336,67.0,0.58
07:37:43,"[152.0, 169]","[150.0, 78]","[213.8, 40]","[214.88, 34]",182.9,321,61.8,0.54
07:37:44,"[150.52, 100]","[148.77, 78]","[162.5, 36]","[172.24, 42]",156.51,256,11.98,0.39
07:37:45,"[150.15, 20]","[149.03, 39]","[158.91, 22]","[163.0, 22]",154.53,103,8.76,0.15
07:37:46,"[149.82, 17]","[148.81, 26]","[158.0, 16]","[163.0, 16]",153.91,75,8.18,0.15
07:37:47,"[149.11, 27]","[147.54, 74]","[157.25, 32]","[160.77, 52]",153.18,185,8.14,0.09
07:37:48,"[148.0, 15]","[147.0, 120]","[152.12, 48]","[152.79, 38]",150.06,221,4.12,0.22
07:37:49,"[147.03, 64]","[146.35, 46]","[149.0, 24]","[159.33, 42]",148.02,176,1.97,0.25
07:37:50,"[146.35, 46]","[126.45, 60]","[285.78, 54]","[390.48, 54]",216.06,214,139.43,-0.01
07:37:51,"[146.0, 20]","[90.84, 19]","[277.0, 40]","[279.0, 24]",211.5,103,131.0,-0.24
07:37:52,"[152.55, 22]","[137.09, 22]","[276.77, 31]","[277.67, 45]",214.66,120,124.23,-0.27
07:37:53,"[154.0, 20]","[146.0, 20]","[257.64, 44]","[265.38, 26]",205.82,110,103.64,-0.27
07:37:54,"[154.0, 22]","[147.17, 24]","[261.38, 47]","[273.59, 27]",207.69,120,107.38,-0.23
07:37:55,"[155.58, 57]","[153.29, 34]","[245.65, 43]","[257.0, 31]",200.62,165,90.07,0.1
07:37:56,"[156.0, 108]","[154.0, 24]","[186.0, 12]","[237.62, 48]",171.0,192,30.0,0.38
07:37:57,"[156.0, 134]","[154.0, 80]","[167.91, 68]","[189.33, 72]",161.96,354,11.91,0.21
07:37:58,"[156.0, 63]","[154.0, 45]","[166.11, 45]","[186.0, 9]",161.06,162,10.11,0.33
07:37:59,"[156.0, 69]","[154.0, 55]","[165.0, 55]","[180.12, 25]",160.5,204,9.0,0.22
07:38:00,"[156.0, 42]","[154.0, 70]","[164.42, 62]","[173.64, 36]",160.21,210,8.42,0.07
07:38:01,"[156.0, 33]","[154.0, 55]","[159.82, 55]","[160.59, 27]",157.91,170,3.82,0.04
07:38:02,"[154.68, 53]","[153.52, 58]","[157.4, 45]","[158.62, 61]",156.04,217,2.72,0.02
07:38:03,"[153.32, 53]","[152.34, 41]","[155.85, 48]","[164.24, 86]",154.59,228,2.53,-0.18
07:38:04,"[150.81, 26]","[146.79, 70]","[159.57, 70]","[251.0, 70]",155.19,236,8.76,-0.19
07:38:05,"[156.0, 11]","[147.0, 55]","[158.18, 55]","[266.91, 43]",157.09,164,2.18,-0.2
07:38:06,"[150.44, 34]","[146.7, 43]","[243.07, 29]","[357.97, 37]",196.76,143,92.63,0.08
07:38:07,"[153.0, 28]","[146.75, 60]","[279.97, 68]","[373.29, 51]",216.49,207,126.97,-0.15
07:38:08,"[153.0, 22]","[147.0, 22]","[247.88, 42]","[276.88, 40]",200.44,126,94.88,-0.3
07:38:09,"[153.0, 15]","[147.0, 22]","[242.0, 44]","[389.54, 37]",197.5,118,89.0,-0.37
07:38:10,"[153.0, 10]","[148.29, 14]","[240.03, 39]","[385.06, 17]",196.51,80,87.03,-0.4
07:38:11,"[153.0, 15]","[150.0, 169]","[233.71, 59]","[248.0, 53]",193.36,296,80.71,0.24
07:38:12,"[150.1, 86]","[149.21, 61]","[225.91, 44]","[227.0, 44]",188.01,235,75.8,0.25
07:38:13,"[150.0, 74]","[147.94, 67]","[223.89, 36]","[224.89, 36]",186.94,213,73.89,0.32
07:38:14,"[151.67, 18]","[149.63, 49]","[203.89, 18]","[220.27, 22]",177.78,107,52.22,0.25
07:38:15,"[153.0, 18]","[150.0, 72]","[185.89, 36]","[186.88, 34]",169.44,160,32.89,0.12
07:38:16,"[150.68, 62]","[149.02, 110]","[182.25, 57]","[183.43, 53]",166.46,282,31.57,0.22
07:38:17,"[150.0, 120]","[148.0, 108]","[176.83, 46]","[177.98, 47]",163.41,321,26.83,0.42
07:38:18,"[150.0, 110]","[148.0, 90]","[172.0, 40]","[173.22, 36]",161.0,276,22.0,0.45
07:38:19,"[151.17, 12]","[150.0, 84]","[169.96, 46]","[171.16, 44]",160.56,186,18.79,0.03
07:38:20,"[152.0, 12]","[150.0, 84]","[165.18, 49]","[166.72, 46]",158.59,191,13.18,0.01
07:38:21,"[150.47, 30]","[148.6, 116]","[160.97, 64]","[162.82, 61]",155.72,271,10.5,0.08
07:38:22,"[150.5, 20]","[148.0, 97]","[157.66, 32]","[158.94, 48]",154.08,197,7.16,0.19
07:38:23,"[148.27, 110]","[147.69, 72]","[151.74, 73]","[153.28, 69]",150.01,324,3.47,0.12
07:38:24,"[148.0, 54]","[147.0, 18]","[149.85, 41]","[158.78, 45]",148.93,158,1.85,-0.09
07:38:25,"[147.44, 18]","[137.55, 22]","[148.75, 40]","[178.76, 25]",148.1,105,1.31,-0.24
07:38:26,"[146.0, 11]","[120.4, 30]","[147.74, 35]","[215.17, 41]",146.87,117,1.74,-0.3
07:38:27,"[142.6, 10]","[126.32, 19]","[147.86, 21]","[390.1, 20]",145.23,70,5.26,-0.17
07:38:28,"[77.88, 8]","[51.18, 11]","[148.0, 18]","[516.4, 15]",112.94,52,70.12,-0.27
07:38:29,"[116.0, 10]","[67.2, 5]","[169.86, 14]","[416.62, 13]",142.93,42,53.86,-0.29
07:38:30,"[126.09, 22]","[105.71, 14]","[281.44, 18]","[430.27, 15]",203.77,69,155.35,0.04
07:38:31,"[126.87, 30]","[70.79, 24]","[198.72, 43]","[213.09, 22]",162.79,119,71.85,-0.09
07:38:32,"[127.18, 22]","[111.12, 16]","[187.0, 30]","[179.24, 37]",157.09,105,59.82,-0.28
07:38:33,"[119.8, 30]","[106.57, 28]","[148.79, 53]","[159.61, 28]",134.3,139,28.99,-0.17
07:38:34,"[88.06, 31]","[58.91, 46]","[143.55, 55]","[144.82, 34]",115.8,166,55.48,-0.07
07:38:35,"[113.65, 23]","[104.0, 32]","[143.52, 27]","[144.75, 24]",128.59,106,29.87,0.04
07:38:36,"[133.23, 31]","[117.37, 19]","[144.32, 25]","[173.6, 20]",138.77,95,11.09,0.05
07:38:37,"[138.62, 16]","[125.27, 22]","[231.2, 25]","[304.22, 27]",184.91,90,92.57,-0.16
07:38:38,"[152.17, 23]","[147.67, 24]","[235.67, 36]","[294.05, 39]",193.92,122,83.49,-0.23
07:38:39,"[152.67, 18]","[149.6, 15]","[191.4, 35]","[410.08, 26]",172.03,94,38.73,-0.3
07:38:40,"[147.0, 9]","[146.0, 18]","[403.96, 27]","[423.73, 22]",275.48,76,256.96,-0.29
07:38:41,"[149.0, 15]","[147.87, 23]","[307.0, 35]","[446.89, 36]",228.0,109,158.0,-0.3
07:38:42,"[117.83, 24]","[100.19, 21]","[296.33, 52]","[328.29, 41]",207.08,138,178.49,-0.35
07:38:43,"[106.59, 29]","[89.68, 28]","[267.33, 54]","[302.5, 68]",186.96,179,160.75,-0.36
07:38:44,"[137.76, 29]","[128.33, 24]","[213.09, 35]","[263.33, 42]",175.42,130,75.33,-0.18
07:38:45,"[138.49, 35]","[129.6, 25]","[157.0, 42]","[238.88, 34]",147.74,136,18.51,-0.12
07:38:46,"[139.33, 27]","[137.5, 24]","[141.0, 31]","[147.0, 33]",140.17,115,1.67,-0.11
07:38:47,"[138.0, 36]","[122.82, 68]","[141.0, 12]","[142.0, 60]",139.5,176,3.0,0.18
07:38:48,"[138.14, 21]","[127.0, 42]","[140.12, 17]","[141.97, 31]",139.13,111,1.97,0.14
07:38:49,"[130.36, 25]","[113.25, 24]","[141.58, 19]","[188.56, 25]",135.97,93,11.22,0.05
07:38:50,"[127.88, 24]","[115.22, 27]","[142.0, 45]","[712.34, 35]",134.94,131,14.12,-0.22
07:38:51,"[133.17, 6]","[132.17, 6]","[141.2, 25]","[231.24, 29]",137.18,66,8.03,-0.64
07:38:52,"[134.45, 11]","[133.0, 11]","[141.0, 44]","[142.0, 55]",137.73,121,6.55,-0.64
07:38:53,"[137.31, 13]","[123.57, 14]","[141.72, 58]","[309.68, 38]",139.52,123,4.42,-0.56
07:38:54,"[139.0, 9]","[101.22, 18]","[141.83, 48]","[284.88, 32]",140.42,107,2.83,-0.5
07:38:55,"[145.14, 22]","[79.65, 23]","[198.56, 32]","[248.1, 42]",171.85,119,53.43,-0.24
07:38:56,"[150.0, 20]","[140.0, 5]","[327.33, 15]","[528.0, 10]",238.67,50,177.33,0.0
07:38:57,"[150.0, 40]","[146.61, 18]","[247.86, 28]","[354.29, 28]",198.93,114,97.86,0.02
07:38:58,"[148.17, 41]","[146.93, 14]","[241.13, 15]","[423.85, 47]",194.65,117,92.96,-0.06
07:38:59,"[155.39, 108]","[148.83, 36]","[245.13, 30]","[253.26, 31]",200.26,205,89.74,0.4
07:39:00,"[156.0, 63]","[152.56, 27]","[242.67, 12]","[243.65, 20]",199.33,122,86.67,0.48
07:39:01,"[156.0, 122]","[153.36, 50]","[239.42, 33]","[240.65, 48]",197.71,253,83.42,0.36
07:39:02,"[156.0, 49]","[154.0, 21]","[221.83, 18]","[238.76, 21]",188.92,109,65.83,0.28
07:39:03,"[156.0, 63]","[154.0, 27]","[234.56, 27]","[236.0, 18]",195.28,135,78.56,0.33
07:39:04,"[156.0, 105]","[154.0, 45]","[230.46, 57]","[231.46, 48]",193.23,255,74.46,0.18
07:39:05,"[156.0, 33]","[154.0, 21]","[225.71, 7]","[228.0, 35]",190.86,96,69.71,0.12
07:39:06,"[156.0, 36]","[154.0, 36]","[221.5, 44]","[223.09, 35]",188.75,151,65.5,-0.05
07:39:07,"[156.0, 27]","[154.0, 27]","[220.56, 36]","[222.0, 27]",188.28,117,64.56,-0.08
07:39:08,"[156.0, 18]","[154.0, 18]","[217.08, 26]","[218.29, 28]",186.54,90,61.08,-0.2
07:39:09,"[155.2, 20]","[153.67, 18]","[213.79, 48]","[214.81, 42]",184.5,128,58.59,-0.41
07:39:10,"[154.0, 11]","[153.0, 11]","[209.57, 30]","[212.08, 49]",181.78,101,55.57,-0.56
07:39:11,"[155.0, 12]","[153.5, 12]","[202.35, 37]","[204.22, 37]",178.68,98,47.35,-0.51
07:39:12,"[156.0, 11]","[154.0, 11]","[190.41, 41]","[196.31, 36]",173.21,99,34.41,-0.56
07:39:13,"[154.88, 8]","[152.5, 8]","[183.19, 26]","[184.25, 40]",169.03,82,28.32,-0.61
07:39:14,"[148.29, 35]","[147.21, 29]","[178.32, 41]","[179.81, 37]",163.3,142,30.03,-0.1
07:39:15,"[148.38, 26]","[147.2, 30]","[172.39, 28]","[173.47, 40]",160.39,124,24.01,-0.1
07:39:16,"[153.0, 99]","[148.0, 45]","[167.48, 46]","[169.26, 54]",160.24,244,14.48,0.18
07:39:17,"[151.85, 26]","[147.83, 18]","[163.67, 18]","[165.64, 22]",157.76,84,11.82,0.05
07:39:18,"[148.24, 21]","[147.08, 24]","[160.98, 42]","[161.58, 48]",154.61,135,12.74,-0.33
07:39:19,"[149.6, 10]","[148.0, 20]","[156.0, 36]","[157.07, 28]",152.8,94,6.4,-0.36
07:39:20,"[150.91, 70]","[147.93, 28]","[153.3, 43]","[192.21, 70]",152.11,211,2.39,-0.07
07:39:21,"[151.0, 60]","[148.0, 30]","[153.0, 30]","[154.0, 75]",152.0,195,2.0,-0.08
07:39:22,"[149.14, 42]","[147.44, 25]","[152.44, 32]","[154.0, 80]",150.79,179,3.29,-0.25
07:39:23,"[106.55, 33]","[98.29, 34]","[147.29, 21]","[153.67, 36]",126.92,124,40.74,0.08
07:39:24,"[128.59, 59]","[91.9, 49]","[148.73, 33]","[172.39, 46]",138.66,187,20.13,0.16
07:39:25,"[146.0, 32]","[94.76, 25]","[149.25, 40]","[385.65, 26]",147.62,123,3.25,-0.07
07:39:26,"[130.66, 79]","[116.17, 58]","[180.23, 62]","[324.14, 71]",155.44,270,49.57,0.01
07:39:27,"[149.0, 10]","[127.57, 28]","[378.15, 34]","[388.02, 46]",263.57,118,229.15,-0.36
07:39:28,"[149.86, 22]","[146.53, 17]","[247.62, 40]","[324.5, 40]",198.74,119,97.76,-0.34
07:39:29,"[134.3, 54]","[116.54, 57]","[179.22, 46]","[194.55, 44]",156.76,201,44.92,0.1
07:39:30,"[143.56, 41]","[117.0, 40]","[163.62, 26]","[165.2, 30]",153.59,137,20.05,0.18
07:39:31,"[147.8, 25]","[106.6, 105]","[161.38, 39]","[162.45, 33]",154.59,202,13.58,0.29
07:39:32,"[147.0, 60]","[95.34, 124]","[158.93, 43]","[159.9, 41]",152.97,268,11.93,0.37
07:39:33,"[110.37, 38]","[81.51, 99]","[157.38, 32]","[158.52, 31]",133.87,200,47.01,0.37
07:39:34,"[88.76, 134]","[77.39, 41]","[155.74, 43]","[156.65, 43]",122.25,261,66.98,0.34
07:39:35,"[121.46, 63]","[88.96, 53]","[145.39, 59]","[154.72, 54]",133.43,229,23.93,0.01
07:39:36,"[136.92, 13]","[128.35, 17]","[154.0, 27]","[184.12, 33]",145.46,90,17.08,-0.33
07:39:37,"[149.0, 9]","[136.74, 23]","[154.0, 27]","[172.88, 41]",151.5,100,5.0,-0.36
07:39:38,"[149.0, 10]","[147.0, 30]","[179.2, 30]","[320.73, 33]",164.1,103,30.2,-0.22
07:39:39,"[149.0, 8]","[147.0, 24]","[213.71, 21]","[398.0, 25]",181.36,78,64.71,-0.18
07:39:40,"[149.0, 6]","[147.0, 18]","[358.0, 14]","[496.33, 24]",253.5,62,209.0,-0.23
07:39:41,"[149.84, 19]","[147.17, 46]","[501.22, 72]","[685.6, 43]",325.53,180,351.38,-0.28
07:39:42,"[151.0, 26]","[149.0, 13]","[289.98, 41]","[422.7, 33]",220.49,113,138.98,-0.31
07:39:43,"[151.65, 23]","[149.75, 16]","[222.17, 29]","[245.4, 47]",186.91,115,70.52,-0.32
07:39:44,"[156.0, 10]","[151.0, 20]","[184.52, 27]","[244.12, 17]",170.26,74,28.52,-0.19
07:39:45,"[156.0, 12]","[151.0, 24]","[172.6, 40]","[185.48, 31]",164.3,107,16.6,-0.33
07:39:46,"[156.0, 8]","[151.0, 16]","[170.0, 28]","[171.0, 20]",163.0,72,14.0,-0.33
07:39:47,"[156.0, 10]","[151.0, 20]","[167.54, 26]","[168.12, 34]",161.77,90,11.54,-0.33
07:39:48,"[156.0, 12]","[154.0, 36]","[165.25, 24]","[167.0, 48]",160.62,120,9.25,-0.2
07:39:49,"[156.0, 8]","[154.0, 24]","[163.45, 22]","[166.31, 26]",159.73,80,7.45,-0.2
07:39:50,"[156.0, 12]","[154.0, 36]","[162.5, 48]","[164.0, 24]",159.25,120,6.5,-0.2
07:39:51,"[155.0, 16]","[153.55, 44]","[160.59, 34]","[161.58, 38]",157.79,132,5.59,-0.09
07:39:52,"[153.17, 72]","[150.88, 102]","[155.33, 60]","[156.84, 50]",154.25,284,2.17,0.23
07:39:53,"[153.0, 17]","[150.0, 78]","[154.14, 28]","[180.0, 32]",153.57,155,1.14,0.23
07:39:54,"[150.37, 41]","[148.81, 78]","[153.55, 22]","[154.55, 22]",151.96,163,3.18,0.46
07:39:55,"[150.0, 62]","[148.14, 84]","[151.83, 24]","[282.67, 33]",150.92,203,1.83,0.44
07:39:56,"[148.0, 64]","[147.0, 48]","[151.5, 16]","[370.0, 24]",149.75,152,3.5,0.47
07:39:57,"[148.0, 86]","[147.0, 57]","[151.0, 22]","[370.0, 33]",149.5,198,3.0,0.44
07:39:58,"[148.7, 57]","[147.54, 52]","[185.29, 42]","[314.92, 39]",166.99,190,36.58,0.15
07:39:59,"[148.0, 24]","[147.0, 24]","[320.54, 26]","[356.18, 38]",234.27,112,172.54,-0.14
07:40:00,"[146.82, 56]","[127.41, 61]","[208.87, 46]","[252.76, 59]",177.85,222,62.05,0.05
07:40:01,"[146.12, 52]","[114.6, 30]","[150.33, 27]","[152.0, 36]",148.22,145,4.22,0.13
07:40:02,"[147.03, 65]","[146.11, 54]","[150.0, 39]","[400.18, 44]",148.52,202,2.97,0.18
07:40:03,"[147.0, 41]","[146.0, 40]","[332.67, 36]","[441.64, 28]",239.83,145,185.67,0.12
07:40:04,"[147.0, 20]","[146.0, 40]","[307.91, 32]","[378.22, 36]",227.45,128,160.91,-0.06
07:40:05,"[76.68, 75]","[84.79, 90]","[201.67, 45]","[307.8, 60]",139.17,270,124.99,0.22
07:40:06,"[153.0, 16]","[148.0, 56]","[155.75, 16]","[347.74, 31]",154.38,119,2.75,0.21
07:40:07,"[149.71, 41]","[147.08, 52]","[153.7, 23]","[273.78, 27]",151.7,143,3.99,0.3
07:40:08,"[150.0, 40]","[148.0, 56]","[151.81, 26]","[153.33, 18]",150.9,140,1.81,0.37
07:40:09,"[150.0, 45]","[148.0, 63]","[189.49, 35]","[422.15, 34]",169.74,177,39.49,0.22
07:40:10,"[153.0, 30]","[150.0, 25]","[164.0, 20]","[381.84, 19]",158.5,94,11.0,0.17
07:40:11,"[153.0, 43]","[150.0, 45]","[175.54, 39]","[244.29, 42]",164.27,169,22.54,0.04
07:40:12,"[153.0, 34]","[150.0, 40]","[326.5, 26]","[332.31, 39]",239.75,139,173.5,0.06
07:40:13,"[150.3, 50]","[148.15, 68]","[323.9, 30]","[368.44, 45]",237.1,193,173.6,0.22
07:40:14,"[150.0, 39]","[148.0, 63]","[281.55, 33]","[369.82, 33]",215.77,168,131.55,0.21
07:40:15,"[150.0, 21]","[148.0, 49]","[219.06, 31]","[237.33, 30]",184.53,131,69.06,0.07
07:40:16,"[150.0, 33]","[148.0, 77]","[178.0, 33]","[396.78, 54]",164.0,197,28.0,0.12
07:40:17,"[150.0, 23]","[148.0, 49]","[177.57, 21]","[337.81, 31]",163.79,124,27.57,0.16
07:40:18,"[150.0, 35]","[148.0, 63]","[176.33, 27]","[253.95, 41]",163.17,166,26.33,0.18
07:40:19,"[150.54, 39]","[149.33, 27]","[176.0, 27]","[255.0, 40]",163.27,133,25.46,-0.01
07:40:20,"[151.0, 91]","[150.0, 39]","[175.0, 39]","[379.13, 60]",163.0,229,24.0,0.14
07:40:21,"[151.0, 45]","[150.0, 33]","[173.09, 33]","[231.75, 51]",162.05,162,22.09,-0.04
07:40:22,"[150.0, 10]","[148.0, 80]","[171.6, 30]","[445.3, 50]",160.8,170,21.6,0.06
07:40:23,"[150.0, 9]","[148.0, 72]","[169.04, 23]","[323.13, 31]",159.52,135,19.04,0.2
07:40:24,"[148.27, 44]","[147.77, 62]","[164.86, 28]","[165.89, 37]",156.56,171,16.58,0.24
07:40:25,"[151.18, 55]","[147.76, 33]","[162.84, 19]","[163.92, 26]",157.01,133,11.66,0.32
07:40:26,"[153.0, 70]","[148.0, 50]","[160.5, 30]","[163.0, 20]",156.75,170,7.5,0.41
07:40:27,"[153.0, 102]","[148.0, 92]","[157.62, 48]","[160.41, 37]",155.31,279,4.62,0.39
07:40:28,"[153.0, 48]","[148.0, 33]","[154.0, 18]","[163.0, 12]",153.5,111,1.0,0.46
07:40:29,"[153.0, 40]","[148.0, 25]","[154.0, 15]","[163.0, 10]",153.5,90,1.0,0.44
07:40:30,"[153.0, 66]","[148.0, 80]","[163.0, 32]","[409.13, 78]",158.0,256,10.0,0.14
07:40:31,"[155.68, 37]","[152.49, 49]","[162.11, 36]","[217.48, 48]",158.89,170,6.44,0.01
07:40:32,"[156.0, 30]","[153.0, 40]","[159.66, 29]","[160.39, 41]",157.83,140,3.66,0.0
07:40:33,"[154.67, 27]","[151.29, 34]","[158.29, 28]","[159.71, 28]",156.48,117,3.62,0.04
07:40:34,"[153.0, 32]","[151.0, 32]","[156.74, 19]","[157.95, 37]",154.87,120,3.74,0.07
07:40:35,"[152.57, 28]","[150.4, 50]","[154.85, 53]","[155.44, 45]",153.71,176,2.28,-0.11
07:40:36,"[151.0, 27]","[149.56, 45]","[153.13, 30]","[153.88, 43]",152.07,145,2.13,-0.01
07:40:37,"[150.09, 33]","[148.67, 45]","[152.35, 43]","[224.43, 28]",151.22,149,2.26,0.05
07:40:38,"[150.0, 32]","[147.22, 23]","[151.54, 46]","[224.7, 50]",150.77,151,1.54,-0.27
07:40:39,"[149.45, 22]","[146.5, 36]","[208.82, 55]","[347.22, 45]",179.14,158,59.36,-0.27
07:40:40,"[147.93, 56]","[146.44, 32]","[589.15, 33]","[647.0, 17]",368.54,138,441.22,0.28
07:40:41,"[148.0, 72]","[147.0, 24]","[232.23, 31]","[333.59, 22]",190.11,149,84.23,0.29
07:40:42,"[149.37, 57]","[147.71, 34]","[194.0, 24]","[195.0, 36]",171.68,151,44.63,0.21
07:40:43,"[154.0, 35]","[150.0, 7]","[193.0, 15]","[194.0, 20]",173.5,77,39.0,0.09
07:40:44,"[154.0, 73]","[150.0, 11]","[190.08, 25]","[192.4, 30]",172.04,139,36.08,0.21
07:40:45,"[154.0, 64]","[150.0, 12]","[187.75, 32]","[189.14, 28]",170.88,136,33.75,0.12
07:40:46,"[154.0, 34]","[150.0, 14]","[184.76, 34]","[187.0, 36]",169.38,118,30.76,-0.19
07:40:47,"[154.0, 13]","[153.0, 13]","[182.96, 27]","[184.05, 38]",168.48,91,28.96,-0.43
07:40:48,"[150.21, 19]","[150.23, 13]","[179.8, 30]","[181.22, 27]",165.01,89,29.59,-0.28
07:40:49,"[148.0, 16]","[147.0, 26]","[176.54, 37]","[178.0, 38]",162.27,117,28.54,-0.28
07:40:50,"[151.0, 24]","[147.78, 9]","[174.0, 24]","[175.0, 24]",162.5,81,23.0,-0.19
07:40:51,"[146.46, 72]","[112.18, 62]","[173.0, 28]","[174.0, 42]",159.73,204,26.54,0.31
07:40:52,"[150.0, 28]","[138.54, 59]","[172.85, 13]","[174.11, 27]",161.42,127,22.85,0.37
07:40:53,"[154.0, 28]","[146.0, 98]","[170.56, 18]","[171.53, 38]",162.28,182,16.56,0.38
07:40:54,"[154.0, 32]","[146.44, 57]","[167.5, 48]","[168.12, 32]",160.75,169,13.5,0.05
07:40:55,"[150.49, 53]","[141.8, 35]","[164.56, 48]","[166.0, 48]",157.53,184,14.07,-0.04
07:40:56,"[156.0, 13]","[148.28, 29]","[162.16, 37]","[164.28, 29]",159.08,108,6.16,-0.22
07:40:57,"[146.74, 68]","[140.05, 65]","[160.28, 32]","[161.25, 16]",153.51,181,13.55,0.47
07:40:58,"[146.0, 57]","[117.52, 31]","[156.37, 19]","[157.84, 25]",151.18,132,10.37,0.33
07:40:59,"[146.25, 72]","[87.24, 51]","[152.59, 39]","[152.7, 37]",149.42,199,6.34,0.24
07:41:00,"[140.62, 39]","[104.1, 60]","[147.86, 22]","[149.0, 24]",144.24,145,7.25,0.37
07:41:01,"[94.75, 72]","[66.38, 40]","[145.58, 12]","[147.5, 12]",120.17,136,50.83,0.65
07:41:02,"[123.2, 101]","[110.05, 40]","[194.58, 33]","[328.15, 26]",158.89,200,71.38,0.41
07:41:03,"[126.27, 121]","[114.97, 29]","[137.0, 55]","[138.0, 55]",131.64,260,10.73,0.15
07:41:04,"[129.13, 97]","[109.52, 81]","[187.88, 25]","[355.67, 21]",158.51,224,58.75,0.59
07:41:05,"[131.37, 54]","[103.79, 66]","[260.5, 24]","[490.67, 12]",195.94,156,129.13,0.54
07:41:06,"[129.14, 49]","[103.91, 79]","[256.69, 16]","[435.92, 12]",192.92,156,127.54,0.64
07:41:07,"[146.0, 9]","[137.08, 50]","[273.8, 15]","[516.28, 18]",209.9,92,127.8,0.28
07:41:08,"[127.8, 110]","[73.92, 52]","[293.4, 10]","[476.73, 15]",210.6,187,165.6,0.73
07:41:09,"[61.45, 132]","[47.81, 74]","[306.5, 18]","[406.43, 14]",183.98,238,245.05,0.73
07:41:10,"[148.98, 117]","[130.15, 79]","[360.21, 19]","[452.91, 22]",254.6,237,211.23,0.65
07:41:11,"[150.12, 40]","[148.68, 88]","[315.0, 24]","[316.0, 8]",232.56,160,164.88,0.6
07:41:12,"[151.33, 30]","[148.0, 42]","[238.75, 8]","[319.88, 16]",195.04,96,87.42,0.5
07:41:13,"[152.0, 55]","[148.0, 77]","[226.6, 25]","[254.56, 27]",189.3,184,74.6,0.43
07:41:14,"[152.9, 50]","[148.0, 70]","[201.0, 30]","[249.48, 23]",176.95,173,48.1,0.39
07:41:15,"[153.0, 80]","[148.67, 72]","[199.35, 40]","[210.8, 44]",176.18,236,46.35,0.29
07:41:16,"[153.0, 55]","[151.0, 22]","[192.71, 31]","[193.22, 27]",172.85,135,39.71,0.14
07:41:17,"[153.0, 54]","[151.0, 18]","[179.72, 25]","[187.64, 11]",166.36,108,26.72,0.33
07:41:18,"[153.0, 72]","[151.0, 24]","[163.52, 44]","[164.41, 37]",158.26,177,10.52,0.08
07:41:19,"[153.1, 89]","[151.78, 46]","[158.64, 55]","[159.62, 63]",155.87,253,5.54,0.07
07:41:20,"[152.73, 44]","[149.38, 48]","[155.18, 45]","[156.94, 49]",153.95,186,2.45,-0.01
07:41:21,"[148.44, 75]","[147.42, 83]","[155.0, 22]","[163.85, 26]",151.72,206,6.56,0.53
07:41:22,"[148.0, 51]","[147.0, 78]","[152.75, 16]","[156.43, 23]",150.38,168,4.75,0.54
07:41:23,"[149.08, 38]","[147.29, 42]","[254.0, 24]","[273.67, 27]",201.54,131,104.92,0.22
07:41:24,"[148.82, 22]","[147.29, 42]","[349.78, 36]","[520.83, 24]",249.3,124,200.96,0.03
07:41:25,"[148.0, 15]","[147.0, 54]","[443.54, 26]","[571.31, 26]",295.77,121,295.54,0.14
07:41:26,"[156.0, 8]","[148.0, 8]","[325.57, 28]","[449.86, 28]",240.79,72,169.57,-0.56
07:41:27,"[156.0, 11]","[148.0, 11]","[324.36, 33]","[462.32, 38]",240.18,93,168.36,-0.53
07:41:28,"[156.0, 15]","[148.0, 15]","[322.0, 45]","[357.61, 18]",239.0,93,166.0,-0.35
07:41:29,"[156.0, 7]","[149.78, 37]","[176.64, 25]","[249.0, 24]",166.32,93,20.64,-0.05
07:41:30,"[113.83, 42]","[52.5, 42]","[173.75, 36]","[177.0, 48]",143.79,168,59.92,0.0
07:41:31,"[128.86, 98]","[81.67, 94]","[180.16, 19]","[196.14, 37]",154.51,248,51.3,0.55
07:41:32,"[147.58, 33]","[144.89, 89]","[240.91, 11]","[250.88, 32]",194.24,165,93.33,0.48
07:41:33,"[154.0, 6]","[150.0, 54]","[225.0, 6]","[250.0, 6]",189.5,72,71.0,0.67
07:41:34,"[150.0, 117]","[111.62, 135]","[204.91, 22]","[257.64, 22]",177.45,296,54.91,0.7
07:41:35,"[150.0, 99]","[122.46, 89]","[222.0, 11]","[269.0, 44]",186.0,243,72.0,0.55
07:41:36,"[150.0, 81]","[146.0, 90]","[221.11, 9]","[297.44, 36]",185.56,216,71.11,0.58
07:41:37,"[150.0, 72]","[148.0, 48]","[220.0, 8]","[290.72, 29]",185.0,157,70.0,0.53
07:41:38,"[150.0, 99]","[148.0, 66]","[219.27, 11]","[251.0, 44]",184.64,220,69.27,0.5
07:41:39,"[150.16, 75]","[148.6, 60]","[179.5, 18]","[229.07, 27]",164.83,180,29.34,0.5
07:41:40,"[151.1, 60]","[150.0, 90]","[217.4, 10]","[315.96, 23]",184.25,183,66.3,0.64
07:41:41,"[152.08, 24]","[150.0, 126]","[215.14, 14]","[216.36, 14]",183.61,178,63.06,0.69
07:41:42,"[153.38, 13]","[151.22, 131]","[213.54, 13]","[216.0, 13]",183.46,170,60.15,0.69
07:41:43,"[152.08, 50]","[150.12, 268]","[210.69, 29]","[211.0, 27]",181.38,374,58.61,0.7
07:41:44,"[152.17, 46]","[150.07, 239]","[206.68, 34]","[207.1, 41]",179.43,360,54.5,0.58
07:41:45,"[156.0, 9]","[152.0, 36]","[202.32, 31]","[204.07, 15]",179.16,91,46.32,-0.01
07:41:46,"[154.32, 19]","[151.02, 86]","[188.0, 31]","[191.29, 24]",171.16,160,33.68,0.31
07:41:47,"[152.0, 56]","[150.0, 294]","[172.5, 26]","[197.09, 54]",162.25,430,20.5,0.63
07:41:48,"[150.4, 160]","[149.37, 178]","[169.63, 19]","[170.65, 49]",160.02,406,19.23,0.67
07:41:49,"[154.0, 41]","[151.0, 120]","[166.06, 53]","[168.72, 39]",160.03,253,12.06,0.27
07:41:50,"[154.0, 17]","[151.0, 128]","[164.54, 56]","[165.55, 40]",159.27,241,10.54,0.2
07:41:51,"[154.0, 16]","[151.0, 128]","[160.63, 51]","[161.18, 33]",157.31,228,6.63,0.26
07:41:52,"[154.0, 12]","[151.3, 66]","[155.55, 55]","[156.6, 52]",154.77,185,1.55,-0.16
07:41:53,"[151.22, 54]","[150.31, 104]","[154.36, 28]","[155.39, 46]",152.79,232,3.13,0.36
07:41:54,"[151.0, 87]","[150.0, 144]","[152.88, 48]","[153.79, 48]",151.94,327,1.88,0.41
07:41:55,"[151.0, 53]","[150.0, 132]","[152.14, 35]","[153.06, 53]",151.57,273,1.14,0.36
07:41:56,"[150.03, 122]","[148.23, 106]","[254.63, 30]","[424.95, 56]",202.33,314,104.6,0.45
07:41:57,"[150.0, 75]","[148.59, 44]","[266.94, 34]","[407.48, 52]",208.47,205,116.94,0.16
07:41:58,"[150.0, 65]","[148.0, 156]","[166.12, 25]","[171.47, 53]",158.06,299,16.12,0.48
07:41:59,"[151.75, 32]","[149.41, 64]","[162.0, 14]","[182.76, 67]",156.88,177,10.25,0.08
07:42:00,"[153.0, 21]","[152.0, 7]","[159.57, 7]","[255.0, 28]",156.29,63,6.57,-0.11
07:42:01,"[149.81, 67]","[147.84, 128]","[156.69, 13]","[213.04, 55]",153.25,263,6.89,0.48
07:42:02,"[149.0, 54]","[147.56, 145]","[155.85, 13]","[165.0, 65]",152.42,277,6.85,0.44
07:42:03,"[148.0, 60]","[147.0, 192]","[154.75, 12]","[184.64, 33]",151.38,297,6.75,0.7
07:42:04,"[148.21, 43]","[147.1, 143]","[153.82, 11]","[202.45, 22]",151.01,219,5.61,0.7
07:42:05,"[148.0, 40]","[147.0, 160]","[151.5, 10]","[170.33, 12]",149.75,222,3.5,0.8
07:42:06,"[148.0, 23]","[147.0, 112]","[149.42, 19]","[234.57, 23]",148.71,177,1.42,0.53
07:42:07,"[147.06, 104]","[146.28, 116]","[149.0, 27]","[410.42, 33]",148.03,280,1.94,0.57
07:42:08,"[147.0, 112]","[146.0, 96]","[149.0, 24]","[287.36, 22]",148.0,254,2.0,0.64
07:42:09,"[147.07, 45]","[146.54, 78]","[149.0, 18]","[462.92, 24]",148.03,165,1.93,0.49
07:42:10,"[147.1, 86]","[146.53, 179]","[190.14, 42]","[447.06, 49]",168.62,356,43.04,0.49
07:42:11,"[147.0, 120]","[146.0, 144]","[242.75, 36]","[419.49, 37]",194.88,337,95.75,0.57
07:42:12,"[147.0, 108]","[146.0, 144]","[195.62, 39]","[282.24, 42]",171.31,333,48.62,0.51
07:42:13,"[147.0, 81]","[146.0, 108]","[174.89, 27]","[375.67, 27]",160.94,243,27.89,0.56
07:42:14,"[147.0, 50]","[146.0, 72]","[174.0, 18]","[229.83, 18]",160.5,158,27.0,0.54
07:42:15,"[148.11, 54]","[146.53, 76]","[172.88, 24]","[213.0, 24]",160.49,178,24.76,0.46
07:42:16,"[149.36, 44]","[147.67, 72]","[171.8, 30]","[522.3, 44]",160.58,190,22.44,0.22
07:42:17,"[150.06, 84]","[148.02, 114]","[168.0, 63]","[323.96, 73]",159.03,334,17.94,0.19
07:42:18,"[153.0, 44]","[149.59, 34]","[167.0, 45]","[168.0, 27]",160.0,150,14.0,0.04
07:42:19,"[153.0, 50]","[149.08, 72]","[166.07, 42]","[167.17, 54]",159.54,218,13.07,0.12
07:42:20,"[153.0, 36]","[150.0, 54]","[164.36, 33]","[166.15, 39]",158.68,162,11.36,0.11
07:42:21,"[153.69, 26]","[151.33, 54]","[161.17, 47]","[162.02, 41]",157.43,168,7.48,-0.05
07:42:22,"[156.0, 17]","[153.0, 68]","[159.08, 65]","[160.7, 71]",157.54,221,3.08,-0.23
07:42:23,"[153.45, 29]","[151.64, 66]","[157.43, 37]","[184.12, 50]",155.44,182,3.98,0.04
07:42:24,"[153.47, 19]","[152.64, 28]","[155.4, 20]","[156.73, 22]",154.44,89,1.93,0.06
07:42:25,"[153.0, 15]","[152.0, 22]","[154.1, 40]","[155.1, 20]",153.55,97,1.1,-0.24
07:42:26,"[153.0, 10]","[152.0, 20]","[154.0, 58]","[155.0, 20]",153.5,108,1.0,-0.44
07:42:27,"[150.05, 133]","[148.76, 21]","[153.08, 63]","[153.81, 54]",151.56,271,3.03,0.14
07:42:28,"[150.0, 82]","[148.0, 11]","[151.0, 22]","[153.0, 44]",150.5,159,1.0,0.17
07:42:29,"[150.0, 23]","[148.0, 11]","[151.0, 22]","[157.85, 39]",150.5,95,1.0,-0.28
07:42:30,"[150.0, 9]","[148.0, 9]","[265.0, 20]","[388.73, 33]",207.5,71,115.0,-0.49
07:42:31,"[151.41, 17]","[148.89, 9]","[490.56, 25]","[513.64, 28]",320.99,79,339.15,-0.34
07:42:32,"[150.0, 18]","[147.75, 12]","[238.12, 24]","[383.03, 38]",194.06,92,88.12,-0.35
07:42:33,"[146.43, 23]","[133.62, 45]","[168.05, 55]","[199.06, 16]",157.24,139,21.62,-0.02
07:42:34,"[146.0, 28]","[132.38, 52]","[166.45, 44]","[260.6, 40]",156.23,164,20.45,-0.02
07:42:35,"[147.29, 28]","[130.17, 12]","[160.14, 14]","[165.6, 20]",153.71,74,12.86,0.08
07:42:36,"[148.0, 216]","[146.0, 24]","[161.21, 28]","[164.29, 42]",154.61,310,13.21,0.55
07:42:37,"[149.74, 149]","[147.94, 186]","[162.0, 26]","[163.0, 52]",155.87,413,12.26,0.62
07:42:38,"[153.0, 110]","[148.0, 198]","[158.89, 36]","[160.13, 30]",155.94,374,5.89,0.65
07:42:39,"[153.0, 100]","[148.0, 180]","[156.38, 26]","[157.29, 34]",154.69,340,3.38,0.65
07:42:40,"[153.0, 106]","[148.29, 126]","[156.78, 36]","[158.4, 30]",154.89,298,3.78,0.56
07:42:41,"[153.0, 56]","[148.0, 216]","[155.23, 26]","[156.26, 46]",154.12,344,2.23,0.58
07:42:42,"[148.44, 123]","[147.45, 44]","[153.92, 24]","[155.78, 23]",151.18,214,5.48,0.56
07:42:43,"[148.69, 26]","[146.44, 27]","[151.73, 22]","[154.0, 22]",150.21,97,3.03,0.09
07:42:44,"[148.0, 17]","[146.0, 40]","[149.75, 16]","[154.14, 14]",148.88,87,1.75,0.31
07:42:45,"[148.22, 9]","[146.06, 36]","[247.17, 18]","[393.75, 12]",197.69,75,98.94,0.2
07:42:46,"[151.0, 10]","[148.0, 5]","[153.0, 10]","[526.3, 10]",152.0,35,2.0,-0.14
07:42:47,"[138.61, 28]","[133.89, 27]","[153.0, 12]","[279.0, 6]",145.8,73,14.39,0.51
07:42:48,"[122.28, 142]","[120.0, 84]","[259.14, 37]","[349.31, 16]",190.71,279,136.85,0.62
07:42:49,"[125.24, 99]","[121.11, 122]","[136.22, 45]","[138.0, 27]",130.73,293,10.98,0.51
07:42:50,"[129.22, 23]","[123.4, 53]","[292.71, 7]","[400.0, 14]",210.97,97,163.5,0.57
07:42:51,"[149.2, 90]","[148.0, 55]","[289.5, 16]","[490.57, 14]",219.35,175,140.3,0.66
07:42:52,"[150.0, 63]","[148.0, 42]","[348.86, 14]","[703.86, 7]",249.43,126,198.86,0.67
07:42:53,"[150.3, 90]","[148.08, 50]","[168.8, 20]","[396.62, 37]",159.55,197,18.5,0.42
07:42:54,"[151.0, 60]","[150.0, 8]","[262.13, 30]","[430.38, 21]",206.57,119,111.13,0.14
07:42:55,"[152.5, 48]","[150.0, 8]","[273.0, 32]","[274.5, 32]",212.75,120,120.5,-0.07
07:42:56,"[153.0, 37]","[150.0, 9]","[263.49, 37]","[272.56, 36]",208.24,119,110.49,-0.23
07:42:57,"[152.31, 13]","[148.67, 15]","[175.75, 32]","[226.16, 31]",164.03,91,23.44,-0.38
07:42:58,"[149.33, 30]","[124.38, 80]","[152.83, 36]","[171.33, 51]",151.08,197,3.5,0.12
07:42:59,"[148.0, 40]","[124.72, 43]","[152.0, 32]","[182.76, 37]",150.0,152,4.0,0.09
07:43:00,"[148.0, 30]","[146.0, 24]","[152.0, 24]","[322.67, 18]",150.0,96,4.0,0.12
07:43:01,"[148.0, 40]","[146.84, 25]","[150.86, 28]","[156.86, 14]",149.43,107,2.86,0.21
07:43:02,"[148.0, 11]","[146.86, 28]","[149.0, 22]","[452.35, 34]",148.5,95,1.0,-0.18
07:43:03,"[148.0, 11]","[147.0, 22]","[257.78, 37]","[343.55, 40]",202.89,110,109.78,-0.4
07:43:04,"[152.21, 19]","[147.22, 23]","[342.37, 43]","[441.57, 28]",247.29,113,190.16,-0.26
07:43:05,"[156.0, 18]","[148.0, 9]","[358.52, 21]","[460.0, 18]",257.26,66,202.52,-0.18
07:43:06,"[156.0, 14]","[150.94, 31]","[212.38, 32]","[297.52, 23]",184.19,100,56.38,-0.1
07:43:07,"[154.36, 22]","[152.46, 28]","[326.91, 23]","[457.96, 27]",240.64,100,172.55,0.0
07:43:08,"[153.0, 33]","[147.95, 44]","[479.67, 18]","[627.83, 36]",316.33,131,326.67,0.18
07:43:09,"[150.03, 37]","[147.75, 40]","[397.5, 20]","[408.3, 20]",273.76,117,247.47,0.32
07:43:10,"[148.0, 26]","[147.0, 26]","[199.45, 29]","[239.12, 34]",173.72,115,51.45,-0.1
07:43:11,"[148.0, 16]","[147.0, 16]","[164.8, 20]","[239.55, 20]",156.4,72,16.8,-0.11
07:43:12,"[148.0, 20]","[147.0, 20]","[161.67, 27]","[162.83, 23]",154.83,90,13.67,-0.11
07:43:13,"[146.52, 31]","[128.37, 54]","[156.31, 39]","[157.33, 36]",151.41,160,9.79,0.06
07:43:14,"[145.7, 120]","[127.85, 93]","[151.94, 36]","[153.4, 40]",148.82,289,6.24,0.47
07:43:15,"[146.0, 109]","[106.53, 162]","[147.88, 32]","[149.77, 26]",146.94,329,1.88,0.65
07:43:16,"[146.0, 181]","[89.0, 80]","[149.07, 41]","[153.26, 35]",147.54,337,3.07,0.55
07:43:17,"[146.0, 76]","[90.78, 36]","[148.91, 11]","[451.89, 37]",147.45,160,2.91,0.4
07:43:18,"[146.0, 20]","[108.8, 20]","[150.0, 5]","[453.0, 25]",148.0,70,4.0,0.14
07:43:19,"[150.69, 32]","[142.67, 18]","[252.39, 36]","[522.67, 52]",201.54,138,101.7,-0.28
07:43:20,"[152.0, 21]","[149.0, 7]","[562.82, 17]","[677.43, 21]",357.41,66,410.82,-0.15
07:43:21,"[151.37, 19]","[146.88, 17]","[227.22, 45]","[440.7, 43]",189.3,124,75.85,-0.42
07:43:22,"[149.8, 5]","[147.2, 5]","[386.0, 13]","[505.57, 7]",267.9,30,236.2,-0.33
07:43:23,"[150.78, 59]","[137.94, 17]","[273.11, 46]","[405.95, 60]",211.94,182,122.33,-0.16
07:43:24,"[146.27, 11]","[113.27, 22]","[394.0, 21]","[416.96, 25]",270.14,79,247.73,-0.16
07:43:25,"[146.64, 14]","[113.56, 45]","[326.88, 41]","[343.02, 44]",236.76,144,180.24,-0.18
07:43:26,"[146.0, 16]","[126.0, 144]","[258.49, 43]","[261.33, 36]",202.24,239,112.49,0.34
07:43:27,"[146.0, 7]","[126.0, 63]","[214.12, 16]","[223.4, 15]",180.06,101,68.12,0.39
07:43:28,"[122.76, 124]","[93.68, 96]","[211.96, 52]","[212.93, 43]",167.36,315,89.2,0.4
07:43:29,"[141.0, 42]","[104.08, 52]","[200.12, 25]","[211.39, 23]",170.56,142,59.12,0.32
07:43:30,"[114.15, 52]","[86.73, 60]","[158.25, 40]","[164.46, 56]",136.2,208,44.1,0.08
07:43:31,"[141.77, 22]","[137.69, 58]","[156.95, 44]","[170.37, 52]",149.36,176,15.18,-0.09
07:43:32,"[147.0, 13]","[146.0, 52]","[154.78, 36]","[155.79, 43]",150.89,144,7.78,-0.1
07:43:33,"[147.0, 8]","[146.0, 32]","[154.04, 23]","[181.1, 10]",150.52,73,7.04,0.1
07:43:34,"[147.88, 17]","[145.0, 35]","[153.93, 29]","[197.8, 15]",150.91,96,6.05,0.08
07:43:35,"[146.0, 21]","[109.0, 7]","[150.43, 21]","[153.0, 7]",148.21,56,4.43,0.0
07:43:36,"[146.0, 33]","[112.31, 35]","[148.27, 33]","[153.0, 11]",147.14,112,2.27,0.21
07:43:37,"[78.56, 27]","[58.88, 17]","[222.36, 28]","[336.5, 24]",150.46,96,143.8,-0.08
07:43:38,"[61.0, 16]","[7.43, 14]","[190.58, 12]","[257.89, 19]",125.79,61,129.58,-0.02
07:43:39,"[115.62, 32]","[65.32, 28]","[149.57, 14]","[232.02, 43]",132.6,117,33.95,0.03
07:43:40,"[147.83, 41]","[140.26, 38]","[171.0, 17]","[380.88, 32]",159.41,128,23.17,0.23
07:43:41,"[151.0, 7]","[147.0, 14]","[217.29, 7]","[282.43, 7]",184.14,35,66.29,0.2
07:43:42,"[130.86, 14]","[136.8, 20]","[199.07, 27]","[211.88, 34]",164.97,95,68.22,-0.28
07:43:43,"[129.07, 45]","[127.61, 41]","[189.71, 35]","[301.56, 45]",159.39,166,60.65,0.04
07:43:44,"[136.81, 32]","[118.56, 34]","[309.3, 10]","[610.0, 37]",223.06,113,172.49,0.17
07:43:45,"[155.0, 20]","[87.59, 17]","[228.0, 45]","[437.78, 9]",191.5,91,73.0,-0.19
07:43:46,"[157.0, 21]","[149.0, 7]","[246.22, 23]","[459.43, 7]",201.61,58,89.22,-0.03
07:43:47,"[157.0, 24]","[149.0, 8]","[183.73, 11]","[459.75, 20]",170.36,63,26.73,0.02
07:43:48,"[157.0, 15]","[149.0, 5]","[289.0, 20]","[474.22, 9]",223.0,49,132.0,-0.18
07:43:49,"[157.0, 24]","[149.0, 8]","[293.29, 14]","[428.23, 26]",225.14,72,136.29,-0.11
07:43:50,"[157.0, 11]","[149.0, 7]","[276.6, 10]","[410.39, 28]",216.8,56,119.6,-0.36
07:43:51,"[157.0, 7]","[149.0, 7]","[243.0, 28]","[299.0, 7]",200.0,49,86.0,-0.43
07:43:52,"[153.0, 29]","[148.96, 110]","[265.86, 21]","[397.8, 30]",209.43,190,112.86,0.46
07:43:53,"[153.0, 45]","[149.0, 54]","[298.2, 25]","[322.33, 24]",225.6,148,145.2,0.34
07:43:54,"[153.0, 55]","[149.14, 58]","[242.92, 39]","[267.19, 27]",197.96,179,89.92,0.26
07:43:55,"[153.0, 35]","[151.0, 14]","[221.9, 31]","[251.0, 11]",187.45,91,68.9,0.08
07:43:56,"[153.0, 47]","[151.0, 22]","[196.69, 51]","[209.81, 27]",174.84,147,43.69,-0.06
07:43:57,"[153.0, 32]","[151.0, 28]","[195.29, 56]","[197.0, 79]",174.14,195,42.29,-0.38
07:43:58,"[153.75, 48]","[151.29, 28]","[191.51, 63]","[193.39, 71]",172.63,210,37.76,-0.28
07:43:59,"[154.0, 99]","[153.0, 11]","[186.54, 39]","[188.16, 43]",170.27,192,32.54,0.15
07:44:00,"[154.12, 101]","[153.52, 23]","[183.39, 64]","[184.57, 49]",168.75,237,29.27,0.05
07:44:01,"[155.0, 40]","[154.0, 40]","[182.0, 50]","[183.0, 30]",168.5,160,27.0,0.0
07:44:02,"[154.86, 42]","[153.95, 38]","[179.87, 47]","[181.02, 44]",167.36,171,25.02,-0.06
07:44:03,"[153.88, 50]","[151.29, 28]","[176.88, 67]","[177.93, 68]",165.38,213,23.0,-0.27
07:44:04,"[152.64, 22]","[149.12, 64]","[156.14, 56]","[172.71, 45]",154.39,187,3.51,-0.08
07:44:05,"[149.98, 55]","[148.99, 159]","[170.58, 62]","[179.0, 64]",160.28,340,20.6,0.26
07:44:06,"[150.0, 99]","[149.0, 110]","[174.88, 49]","[175.76, 50]",162.44,308,24.88,0.36
07:44:07,"[150.0, 126]","[149.0, 140]","[164.35, 46]","[168.58, 55]",157.17,367,14.35,0.45
07:44:08,"[150.0, 117]","[149.0, 130]","[158.12, 34]","[159.36, 56]",154.06,337,8.12,0.47
07:44:09,"[150.0, 157]","[149.0, 200]","[154.0, 53]","[155.9, 84]",152.0,494,4.0,0.45
07:44:10,"[150.0, 22]","[149.0, 90]","[177.27, 33]","[287.92, 24]",163.64,169,27.27,0.33
07:44:11,"[149.07, 58]","[148.25, 80]","[348.82, 17]","[472.62, 16]",248.95,171,199.75,0.61
07:44:12,"[149.0, 81]","[148.0, 90]","[347.0, 27]","[349.0, 18]",248.0,216,198.0,0.58
07:44:13,"[149.0, 90]","[148.0, 100]","[343.21, 29]","[376.03, 33]",246.1,252,194.21,0.51
07:44:14,"[149.0, 90]","[148.0, 100]","[340.78, 23]","[356.7, 30]",244.89,243,191.78,0.56
07:44:15,"[149.03, 97]","[148.08, 119]","[338.83, 24]","[342.0, 36]",243.93,276,189.8,0.57
07:44:16,"[149.1, 58]","[148.2, 88]","[337.0, 19]","[339.38, 26]",243.05,191,187.9,0.53
07:44:17,"[150.0, 19]","[149.0, 42]","[335.8, 15]","[336.9, 20]",242.9,96,185.8,0.27
07:44:18,"[150.57, 35]","[149.33, 45]","[313.95, 21]","[334.93, 27]",232.26,128,163.38,0.25
07:44:19,"[152.15, 39]","[150.53, 38]","[331.36, 33]","[334.0, 22]",241.76,132,179.21,0.17
07:44:20,"[151.0, 40]","[150.0, 30]","[198.14, 22]","[258.93, 27]",174.57,119,47.14,0.18
07:44:21,"[155.67, 18]","[151.88, 16]","[173.4, 20]","[179.4, 20]",164.53,74,17.73,-0.08
07:44:22,"[156.05, 19]","[154.36, 14]","[170.03, 35]","[170.83, 35]",163.04,103,13.98,-0.36
07:44:23,"[155.87, 30]","[153.23, 22]","[165.26, 35]","[166.33, 36]",160.56,123,9.39,-0.15
07:44:24,"[152.45, 44]","[150.83, 35]","[161.0, 22]","[163.82, 22]",156.73,123,8.55,0.28
07:44:25,"[153.0, 48]","[151.0, 48]","[158.25, 24]","[160.0, 24]",155.62,144,5.25,0.33
07:44:26,"[153.78, 18]","[152.75, 32]","[155.89, 18]","[159.0, 16]",154.83,84,2.11,0.19
07:44:27,"[153.85, 54]","[152.69, 52]","[155.0, 39]","[159.69, 26]",154.43,171,1.15,0.24
07:44:28,"[152.4, 53]","[150.67, 48]","[154.19, 16]","[179.65, 40]",153.29,157,1.79,0.29
07:44:29,"[150.6, 20]","[149.0, 10]","[153.4, 5]","[187.33, 9]",152.0,44,2.8,0.36
07:44:30,"[148.42, 43]","[147.8, 50]","[151.5, 12]","[152.58, 12]",149.96,117,3.08,0.59
07:44:31,"[147.76, 34]","[146.33, 36]","[149.5, 8]","[151.0, 8]",148.63,86,1.74,0.63
07:44:32,"[147.03, 29]","[92.62, 16]","[150.25, 8]","[339.12, 8]",148.64,61,3.22,0.48
07:44:33,"[147.13, 15]","[92.78, 9]","[202.32, 25]","[416.47, 17]",174.73,66,55.19,-0.27
07:44:34,"[148.4, 5]","[132.6, 5]","[209.0, 25]","[366.0, 5]",178.7,40,60.6,-0.5
07:44:35,"[151.45, 11]","[148.33, 18]","[209.0, 55]","[643.58, 19]",180.23,103,57.55,-0.44
07:44:36,"[150.09, 47]","[148.92, 25]","[209.0, 55]","[331.0, 33]",179.54,160,58.91,-0.1
07:44:37,"[150.0, 30]","[147.0, 6]","[209.0, 30]","[325.75, 16]",179.5,82,59.0,-0.12
07:44:38,"[150.0, 30]","[147.0, 6]","[206.8, 10]","[319.0, 14]",178.4,60,56.8,0.2
07:44:39,"[150.0, 60]","[147.0, 18]","[205.32, 22]","[565.21, 28]",177.66,128,55.32,0.22
07:44:40,"[150.0, 30]","[147.0, 12]","[246.0, 6]","[318.83, 6]",198.0,54,96.0,0.56
07:44:41,"[150.0, 21]","[147.0, 10]","[245.2, 5]","[274.0, 5]",197.6,41,95.2,0.51
07:44:42,"[150.0, 24]","[147.0, 16]","[244.11, 9]","[270.25, 8]",197.06,57,94.11,0.4
07:44:43,"[149.56, 36]","[147.78, 45]","[242.67, 18]","[243.33, 18]",196.11,117,93.11,0.38
07:44:44,"[120.01, 73]","[102.45, 148]","[221.04, 25]","[254.87, 38]",170.53,284,101.03,0.56
07:44:45,"[99.06, 102]","[71.0, 78]","[141.0, 46]","[152.7, 50]",120.03,276,41.94,0.3
07:44:46,"[116.38, 94]","[92.0, 79]","[141.85, 52]","[151.91, 44]",129.11,269,25.46,0.29
07:44:47,"[131.67, 72]","[122.48, 100]","[139.33, 36]","[142.36, 28]",135.5,236,7.67,0.46
07:44:48,"[137.33, 72]","[124.33, 45]","[141.11, 18]","[142.9, 39]",139.22,174,3.78,0.34
07:44:49,"[138.82, 88]","[131.04, 96]","[142.0, 22]","[143.0, 55]",140.41,261,3.18,0.41
07:44:50,"[141.68, 81]","[129.35, 80]","[191.67, 12]","[327.11, 19]",166.67,192,49.99,0.68
07:44:51,"[149.32, 41]","[147.42, 36]","[240.5, 10]","[267.0, 40]",194.91,127,91.18,0.21
07:44:52,"[155.45, 29]","[152.73, 71]","[237.15, 34]","[246.86, 28]",196.3,162,81.7,0.23
07:44:53,"[154.0, 35]","[148.0, 42]","[235.86, 35]","[269.82, 17]",194.93,129,81.86,0.19
07:44:54,"[154.19, 31]","[150.0, 45]","[233.25, 40]","[254.62, 16]",193.72,132,79.06,0.15
07:44:55,"[154.22, 36]","[149.94, 62]","[218.86, 37]","[229.89, 27]",186.54,162,64.64,0.21
07:44:56,"[154.0, 32]","[148.0, 48]","[213.36, 22]","[215.88, 34]",183.68,136,59.36,0.18
07:44:57,"[154.0, 24]","[148.0, 36]","[173.0, 20]","[195.6, 25]",163.5,105,19.0,0.14
07:44:58,"[152.0, 36]","[148.67, 72]","[155.69, 51]","[188.5, 42]",153.84,201,3.69,0.07
07:44:59,"[150.0, 30]","[148.0, 30]","[154.0, 25]","[269.0, 15]",152.0,100,4.0,0.2
07:45:00,"[150.0, 54]","[148.0, 54]","[153.33, 45]","[269.0, 27]",151.67,180,3.33,0.2
07:45:01,"[150.0, 18]","[148.0, 18]","[151.0, 15]","[269.0, 9]",150.5,60,1.0,0.2
07:45:02,"[150.0, 66]","[148.0, 78]","[189.8, 45]","[338.81, 37]",169.9,226,39.8,0.27
07:45:03,"[148.22, 54]","[147.11, 111]","[360.74, 23]","[455.16, 37]",254.48,225,212.52,0.47
07:45:04,"[150.34, 61]","[148.17, 53]","[374.83, 24]","[518.83, 41]",262.59,179,224.49,0.27
07:45:05,"[150.0, 60]","[148.32, 31]","[494.35, 37]","[532.97, 33]",322.18,161,344.35,0.13
07:45:06,"[156.12, 40]","[149.95, 37]","[490.0, 22]","[492.55, 20]",323.06,119,333.88,0.29
07:45:07,"[157.0, 45]","[150.0, 45]","[400.92, 12]","[469.0, 21]",278.96,123,243.92,0.46
07:45:08,"[157.0, 28]","[150.0, 35]","[337.89, 18]","[358.35, 23]",247.44,104,180.89,0.21
07:45:09,"[157.0, 28]","[150.0, 35]","[336.86, 14]","[425.43, 28]",246.93,105,179.86,0.2
07:45:10,"[157.0, 36]","[153.81, 21]","[326.48, 21]","[427.03, 31]",241.74,109,169.48,0.05
07:45:11,"[155.57, 28]","[150.36, 55]","[274.76, 29]","[310.06, 32]",215.17,144,119.19,0.15
07:45:12,"[151.62, 37]","[149.67, 45]","[259.79, 19]","[266.14, 21]",205.71,122,108.17,0.34
07:45:13,"[150.0, 65]","[149.0, 39]","[215.43, 23]","[256.84, 32]",182.72,159,65.43,0.31
07:45:14,"[150.0, 32]","[149.0, 30]","[204.48, 23]","[217.67, 27]",177.24,112,54.48,0.11
07:45:15,"[149.58, 45]","[148.3, 50]","[199.09, 33]","[203.0, 30]",174.33,158,49.51,0.2
07:45:16,"[151.5, 12]","[148.09, 33]","[191.39, 23]","[196.08, 26]",171.45,94,39.89,-0.04
07:45:17,"[154.0, 30]","[149.0, 15]","[187.52, 42]","[188.91, 33]",170.76,120,33.52,-0.25
07:45:18,"[152.09, 35]","[149.85, 40]","[165.02, 52]","[173.47, 36]",158.55,163,12.93,-0.08
07:45:19,"[150.22, 27]","[149.27, 15]","[152.0, 26]","[153.9, 61]",151.11,129,1.78,-0.35
07:45:20,"[149.62, 8]","[148.45, 11]","[151.25, 16]","[174.13, 31]",150.44,66,1.62,-0.42
07:45:21,"[147.52, 27]","[144.25, 36]","[154.0, 18]","[223.29, 14]",150.76,95,6.48,0.33
07:45:22,"[147.0, 72]","[96.38, 8]","[266.8, 15]","[378.62, 8]",206.9,103,119.8,0.55
07:45:23,"[147.0, 99]","[95.0, 11]","[278.68, 25]","[281.29, 31]",212.84,166,131.68,0.33
07:45:24,"[147.0, 90]","[135.94, 96]","[272.65, 37]","[274.4, 25]",209.82,248,125.65,0.5
07:45:25,"[147.0, 119]","[136.4, 119]","[269.23, 70]","[270.94, 70]",208.11,378,122.23,0.26
07:45:26,"[148.65, 40]","[146.3, 81]","[262.39, 64]","[263.24, 62]",205.52,247,113.74,-0.02
07:45:27,"[150.0, 26]","[147.0, 125]","[249.87, 53]","[258.74, 53]",199.93,257,99.87,0.18
07:45:28,"[150.0, 26]","[147.0, 130]","[227.31, 52]","[229.04, 49]",188.65,257,77.31,0.21
07:45:29,"[155.92, 13]","[149.06, 32]","[226.67, 48]","[234.6, 50]",191.29,143,70.74,-0.37
07:45:30,"[157.0, 13]","[152.15, 26]","[224.44, 57]","[225.65, 52]",190.72,148,67.44,-0.47
07:45:31,"[156.2, 15]","[152.93, 30]","[221.35, 52]","[223.05, 66]",188.77,163,65.15,-0.45
07:45:32,"[154.0, 9]","[150.0, 18]","[204.07, 27]","[212.77, 31]",179.04,85,50.07,-0.36
07:45:33,"[154.0, 13]","[150.0, 26]","[170.14, 59]","[171.43, 49]",162.07,147,16.14,-0.47
07:45:34,"[154.0, 13]","[150.0, 26]","[166.0, 46]","[167.06, 48]",160.0,133,12.0,-0.41
07:45:35,"[154.25, 8]","[150.57, 14]","[164.07, 29]","[166.5, 30]",159.16,81,9.82,-0.46
07:45:36,"[155.0, 11]","[154.0, 11]","[162.83, 47]","[165.22, 49]",158.91,118,7.83,-0.63
07:45:37,"[152.04, 24]","[149.96, 55]","[159.03, 93]","[160.44, 79]",155.54,251,6.99,-0.37
07:45:38,"[150.0, 60]","[149.0, 67]","[154.81, 52]","[156.25, 59]",152.4,238,4.81,0.07
07:45:39,"[150.0, 18]","[149.0, 52]","[153.0, 72]","[154.0, 45]",151.5,187,3.0,-0.25
07:45:40,"[149.83, 24]","[148.97, 62]","[151.82, 38]","[153.09, 55]",150.82,179,1.98,-0.04
07:45:41,"[149.78, 147]","[148.56, 36]","[152.27, 55]","[153.85, 65]",151.03,303,2.49,0.21
07:45:42,"[149.0, 42]","[148.0, 24]","[150.83, 60]","[151.83, 60]",149.92,186,1.83,-0.29
07:45:43,"[147.28, 64]","[132.73, 67]","[149.45, 60]","[178.23, 65]",148.37,256,2.17,0.02
07:45:44,"[147.0, 63]","[110.77, 13]","[148.85, 47]","[218.62, 65]",147.93,188,1.85,-0.19
07:45:45,"[124.84, 73]","[118.19, 42]","[147.88, 49]","[179.0, 75]",136.36,239,23.04,-0.04
07:45:46,"[135.47, 95]","[133.0, 76]","[140.38, 48]","[145.61, 61]",137.92,280,4.9,0.22
07:45:47,"[136.32, 22]","[135.22, 41]","[137.86, 22]","[141.18, 17]",137.09,102,1.55,0.24
07:45:48,"[137.09, 11]","[136.0, 55]","[139.6, 15]","[141.46, 26]",138.35,107,2.51,0.23
07:45:49,"[139.38, 8]","[136.0, 40]","[141.0, 16]","[142.0, 24]",140.19,88,1.62,0.09
07:45:50,"[140.79, 19]","[130.6, 20]","[142.0, 13]","[287.38, 13]",141.39,65,1.21,0.2
07:45:51,"[76.78, 27]","[52.88, 17]","[141.23, 13]","[273.09, 32]",109.0,89,64.45,-0.01
07:45:52,"[77.86, 21]","[65.29, 14]","[137.43, 7]","[139.0, 14]",107.64,56,59.57,0.25
07:45:53,"[82.49, 35]","[75.1, 21]","[287.71, 42]","[341.24, 41]",185.1,139,205.23,-0.19
07:45:54,"[113.88, 58]","[103.37, 43]","[303.0, 55]","[438.88, 49]",208.44,205,189.12,-0.01
07:45:55,"[155.0, 24]","[142.33, 36]","[382.0, 30]","[526.0, 30]",268.5,120,227.0,0.0
07:45:56,"[157.0, 36]","[153.0, 108]","[251.5, 60]","[438.83, 60]",204.25,264,94.5,0.09
07:45:57,"[157.0, 21]","[153.0, 63]","[260.0, 35]","[396.0, 35]",208.5,154,103.0,0.09
07:45:58,"[157.0, 18]","[153.0, 54]","[328.79, 29]","[567.76, 25]",242.9,126,171.79,0.14
07:45:59,"[157.0, 15]","[153.0, 45]","[293.0, 25]","[522.83, 23]",225.0,108,136.0,0.11
07:46:00,"[157.0, 15]","[153.0, 45]","[241.4, 25]","[353.2, 25]",199.2,110,84.4,0.09
07:46:01,"[157.0, 25]","[153.0, 90]","[164.0, 50]","[293.0, 50]",160.5,215,7.0,0.07
07:46:02,"[157.0, 18]","[153.0, 81]","[362.66, 32]","[492.02, 41]",259.83,172,205.66,0.15
07:46:03,"[157.0, 10]","[153.0, 45]","[208.0, 10]","[303.0, 36]",182.5,101,51.0,0.09
07:46:04,"[155.53, 19]","[152.89, 56]","[340.3, 20]","[462.0, 16]",247.91,111,184.77,0.35
07:46:05,"[153.77, 52]","[151.91, 33]","[207.4, 42]","[252.79, 39]",180.59,166,53.64,0.02
07:46:06,"[153.67, 24]","[152.17, 24]","[158.0, 35]","[286.5, 20]",155.83,103,4.33,-0.07
07:46:07,"[153.37, 38]","[152.33, 36]","[426.33, 30]","[661.27, 55]",289.85,159,272.96,-0.07
07:46:08,"[154.0, 11]","[153.0, 44]","[261.16, 31]","[378.92, 39]",207.58,125,107.16,-0.12
07:46:09,"[154.0, 8]","[151.44, 18]","[237.62, 16]","[240.0, 40]",195.81,82,83.62,-0.37
07:46:10,"[149.04, 139]","[148.3, 20]","[236.57, 14]","[519.14, 35]",192.8,208,87.54,0.53
07:46:11,"[149.05, 163]","[148.52, 44]","[236.0, 16]","[388.04, 24]",192.52,247,86.95,0.68
07:46:12,"[153.0, 20]","[149.0, 230]","[234.2, 20]","[353.0, 40]",193.6,310,81.2,0.61
07:46:13,"[153.0, 16]","[149.0, 184]","[232.12, 16]","[353.0, 32]",192.56,248,79.12,0.61
07:46:14,"[153.0, 8]","[149.0, 92]","[230.75, 8]","[353.0, 16]",191.88,124,77.75,0.61
07:46:15,"[153.0, 16]","[149.0, 184]","[185.65, 31]","[297.09, 22]",169.32,253,32.65,0.58
07:46:16,"[153.0, 20]","[149.0, 223]","[186.32, 38]","[323.75, 32]",169.66,313,33.32,0.55
07:46:17,"[149.0, 243]","[148.0, 39]","[228.0, 26]","[375.93, 57]",188.5,365,79.0,0.55
07:46:18,"[149.0, 171]","[148.0, 27]","[184.8, 10]","[260.38, 21]",166.9,229,35.8,0.73
07:46:19,"[149.0, 100]","[148.0, 33]","[173.05, 21]","[183.0, 12]",161.02,166,24.05,0.6
07:46:20,"[149.95, 37]","[148.33, 27]","[171.38, 26]","[203.23, 13]",160.67,103,21.44,0.24
07:46:21,"[152.16, 44]","[149.86, 28]","[168.0, 37]","[188.68, 25]",160.08,134,15.84,0.07
07:46:22,"[154.0, 15]","[153.0, 45]","[162.75, 36]","[164.46, 39]",158.38,135,8.75,-0.11
07:46:23,"[153.8, 15]","[151.5, 72]","[157.61, 33]","[158.71, 42]",155.7,162,3.81,0.07
07:46:24,"[150.18, 98]","[149.02, 106]","[153.18, 34]","[154.05, 44]",151.68,282,2.99,0.45
07:46:25,"[148.7, 43]","[147.59, 34]","[151.44, 16]","[201.8, 20]",150.07,113,2.74,0.36
07:46:26,"[150.0, 112]","[148.0, 28]","[151.86, 14]","[290.14, 7]",150.93,161,1.86,0.74
07:46:27,"[150.0, 56]","[148.0, 16]","[207.0, 4]","[261.0, 12]",178.5,88,57.0,0.64
07:46:28,"[150.0, 154]","[148.0, 44]","[205.45, 11]","[386.41, 29]",177.73,238,55.45,0.66
07:46:29,"[156.0, 32]","[150.0, 112]","[203.38, 8]","[436.36, 14]",179.69,166,47.38,0.73
07:46:30,"[151.64, 66]","[149.84, 76]","[202.0, 9]","[296.33, 27]",176.82,178,50.36,0.6
07:46:31,"[150.13, 46]","[149.47, 30]","[202.0, 6]","[317.5, 8]",176.07,90,51.87,0.69
07:46:32,"[153.0, 8]","[150.0, 88]","[201.62, 8]","[411.25, 24]",177.31,128,48.62,0.5
07:46:33,"[153.0, 9]","[150.0, 99]","[200.33, 9]","[388.0, 27]",176.67,144,47.33,0.5
07:46:34,"[153.0, 11]","[150.0, 121]","[199.64, 11]","[416.24, 25]",176.32,168,46.64,0.57
07:46:35,"[150.05, 57]","[148.81, 27]","[189.12, 17]","[321.13, 15]",169.59,116,39.07,0.45
07:46:36,"[150.0, 35]","[148.0, 10]","[198.0, 5]","[239.0, 15]",174.0,65,48.0,0.38
07:46:37,"[150.0, 18]","[148.0, 18]","[197.0, 9]","[317.0, 27]",173.5,72,47.0,0.0
07:46:38,"[150.0, 22]","[148.0, 22]","[195.27, 11]","[387.74, 19]",172.64,74,45.27,0.19
07:46:39,"[150.93, 54]","[148.73, 22]","[195.0, 11]","[316.6, 20]",172.96,107,44.07,0.42
07:46:40,"[152.06, 132]","[150.0, 28]","[193.82, 22]","[461.05, 19]",172.94,201,41.76,0.59
07:46:41,"[153.0, 96]","[150.0, 24]","[190.48, 56]","[192.44, 16]",171.74,192,37.48,0.25
07:46:42,"[153.0, 70]","[150.0, 20]","[189.2, 50]","[190.1, 42]",171.1,182,36.2,-0.01
07:46:43,"[153.0, 42]","[150.0, 28]","[187.74, 62]","[189.43, 70]",170.37,202,34.74,-0.31
07:46:44,"[151.2, 56]","[148.96, 27]","[184.69, 49]","[187.32, 69]",167.95,201,33.5,-0.17
07:46:45,"[151.33, 60]","[150.0, 12]","[184.16, 19]","[187.0, 29]",167.75,120,32.82,0.2
07:46:46,"[152.47, 38]","[149.18, 17]","[181.95, 38]","[183.73, 22]",167.21,115,29.47,-0.04
07:46:47,"[151.0, 15]","[150.0, 15]","[177.56, 54]","[178.23, 69]",164.28,153,26.56,-0.61
07:46:48,"[149.5, 20]","[148.65, 20]","[173.69, 16]","[175.29, 34]",161.59,90,24.19,-0.11
07:46:49,"[148.0, 30]","[147.0, 10]","[171.79, 34]","[172.4, 20]",159.9,94,23.79,-0.15
07:46:50,"[148.0, 36]","[147.0, 12]","[169.31, 16]","[170.96, 56]",158.66,120,21.31,-0.2
07:46:51,"[153.28, 25]","[147.97, 34]","[165.12, 57]","[166.18, 57]",159.2,173,11.84,-0.32
07:46:52,"[154.0, 36]","[148.0, 54]","[160.18, 68]","[160.97, 76]",157.09,234,6.18,-0.23
07:46:53,"[148.0, 30]","[147.0, 10]","[155.9, 50]","[157.0, 10]",151.95,100,7.9,-0.2
07:46:54,"[148.0, 19]","[147.0, 15]","[154.93, 75]","[156.47, 19]",151.47,128,6.93,-0.47
07:46:55,"[150.82, 17]","[147.15, 13]","[154.12, 33]","[169.94, 54]",152.47,117,3.3,-0.49
07:46:56,"[156.0, 17]","[148.0, 8]","[221.69, 29]","[470.55, 22]",188.84,76,65.69,-0.34
07:46:57,"[156.0, 22]","[148.0, 11]","[224.0, 44]","[290.65, 34]",190.0,111,68.0,-0.41
07:46:58,"[156.0, 10]","[152.71, 17]","[296.0, 20]","[423.0, 20]",226.0,67,140.0,-0.19
07:46:59,"[156.0, 14]","[153.0, 28]","[254.86, 28]","[574.67, 18]",205.43,88,98.86,-0.05
07:47:00,"[153.55, 22]","[150.35, 68]","[210.29, 28]","[544.5, 20]",181.92,138,56.74,0.3
07:47:01,"[153.0, 15]","[150.0, 50]","[422.57, 14]","[715.0, 20]",287.79,99,269.57,0.31
07:47:02,"[153.0, 24]","[150.0, 80]","[322.6, 20]","[602.0, 32]",237.8,156,169.6,0.33
07:47:03,"[150.94, 62]","[150.16, 62]","[281.62, 29]","[410.1, 42]",216.28,195,130.69,0.27
07:47:04,"[150.57, 47]","[149.76, 98]","[222.36, 55]","[299.0, 32]",186.47,232,71.79,0.25
07:47:05,"[152.01, 148]","[148.08, 61]","[251.21, 73]","[351.97, 74]",201.61,356,99.2,0.17
07:47:06,"[156.0, 80]","[153.0, 10]","[310.23, 26]","[343.82, 34]",233.12,150,154.23,0.2
07:47:07,"[156.0, 32]","[153.0, 4]","[272.0, 16]","[343.0, 8]",214.0,60,116.0,0.2
07:47:08,"[156.0, 24]","[153.0, 5]","[342.0, 10]","[350.0, 4]",249.0,43,186.0,0.35
07:47:09,"[156.0, 12]","[153.0, 3]","[340.33, 6]","[0, 0]",248.17,21,184.33,0.43
07:47:10,"[156.0, 24]","[153.0, 6]","[340.0, 12]","[446.0, 5]",248.0,47,184.0,0.28
07:47:11,"[156.0, 40]","[153.0, 25]","[336.06, 34]","[344.61, 23]",246.03,122,180.06,0.07
07:47:12,"[156.0, 40]","[153.0, 40]","[333.18, 22]","[334.05, 38]",244.59,140,177.18,0.14
07:47:13,"[156.0, 26]","[153.0, 32]","[309.43, 14]","[333.86, 28]",232.71,100,153.43,0.16
07:47:14,"[154.88, 16]","[152.4, 50]","[302.03, 33]","[312.78, 27]",228.45,126,147.16,0.05
07:47:15,"[153.0, 8]","[152.0, 40]","[203.5, 20]","[204.27, 22]",178.25,90,50.5,0.07
07:47:16,"[152.45, 11]","[151.02, 49]","[201.08, 24]","[202.05, 42]",176.77,126,48.63,-0.05
07:47:17,"[150.15, 26]","[148.2, 80]","[198.71, 28]","[200.88, 32]",174.43,166,48.56,0.28
07:47:18,"[148.64, 66]","[147.86, 73]","[196.1, 40]","[196.88, 32]",172.37,211,47.46,0.32
07:47:19,"[150.0, 24]","[148.0, 72]","[190.88, 16]","[193.42, 24]",170.44,136,40.88,0.41
07:47:20,"[149.08, 39]","[147.94, 67]","[186.29, 42]","[187.2, 30]",167.68,178,37.21,0.19
07:47:21,"[148.0, 83]","[147.0, 20]","[184.93, 41]","[186.08, 49]",166.46,193,36.93,0.07
07:47:22,"[148.0, 64]","[147.0, 16]","[182.48, 31]","[183.74, 31]",165.24,142,34.48,0.13
07:47:23,"[149.2, 102]","[148.57, 56]","[178.71, 73]","[179.43, 69]",163.95,300,29.52,0.05
07:47:24,"[152.23, 71]","[150.08, 61]","[171.4, 67]","[173.23, 70]",161.81,269,19.18,-0.02
07:47:25,"[153.5, 20]","[151.0, 10]","[166.85, 41]","[168.35, 46]",160.18,117,13.35,-0.49
07:47:26,"[154.0, 17]","[152.71, 21]","[165.71, 28]","[166.93, 54]",159.86,120,11.71,-0.37
07:47:27,"[151.0, 33]","[150.0, 33]","[164.62, 52]","[166.0, 26]",157.81,144,13.62,-0.08
07:47:28,"[151.0, 135]","[150.0, 45]","[158.98, 59]","[160.83, 53]",154.99,292,7.98,0.23
07:47:29,"[152.31, 96]","[150.8, 90]","[156.07, 69]","[158.74, 47]",154.19,302,3.76,0.23
07:47:30,"[152.48, 63]","[150.56, 48]","[154.95, 42]","[319.15, 41]",153.71,194,2.48,0.14
07:47:31,"[152.86, 87]","[149.69, 39]","[199.11, 61]","[425.36, 53]",175.99,240,46.25,0.05
07:47:32,"[150.0, 12]","[148.0, 33]","[245.67, 6]","[423.0, 30]",197.83,81,95.67,0.11
07:47:33,"[150.0, 20]","[148.0, 80]","[248.39, 23]","[384.88, 34]",199.2,157,98.39,0.27
07:47:34,"[150.0, 16]","[148.0, 64]","[207.62, 16]","[226.0, 24]",178.81,120,57.62,0.33
07:47:35,"[150.0, 20]","[148.0, 80]","[207.0, 20]","[311.0, 10]",178.5,130,57.0,0.54
07:47:36,"[152.21, 19]","[148.06, 70]","[205.86, 14]","[414.48, 23]",179.03,126,53.65,0.41
07:47:37,"[156.0, 56]","[150.0, 16]","[204.0, 16]","[392.4, 20]",180.0,108,48.0,0.33
07:47:38,"[156.0, 56]","[150.0, 16]","[203.0, 16]","[393.0, 8]",179.5,96,47.0,0.5
07:47:39,"[156.0, 103]","[150.0, 30]","[201.11, 36]","[213.7, 43]",178.56,212,45.11,0.25
07:47:40,"[156.0, 50]","[148.74, 38]","[197.1, 41]","[197.9, 29]",176.55,158,41.1,0.11
07:47:41,"[156.0, 50]","[148.55, 44]","[194.8, 20]","[196.0, 50]",175.4,164,38.8,0.15
07:47:42,"[156.0, 55]","[150.0, 22]","[192.16, 49]","[194.71, 28]",174.08,154,36.16,0.0
07:47:43,"[156.0, 40]","[152.8, 20]","[191.0, 50]","[194.0, 20]",173.5,130,35.0,-0.08
07:47:44,"[155.11, 18]","[152.86, 28]","[189.44, 54]","[192.11, 36]",172.28,136,34.33,-0.32
07:47:45,"[156.0, 12]","[154.0, 24]","[186.16, 25]","[187.04, 24]",171.08,85,30.16,-0.15
07:47:46,"[155.82, 11]","[153.86, 21]","[181.48, 31]","[181.66, 29]",168.65,92,25.67,-0.3
07:47:47,"[154.0, 15]","[151.0, 15]","[176.94, 32]","[180.46, 39]",165.47,101,22.94,-0.41
07:47:48,"[150.44, 18]","[148.09, 66]","[174.67, 36]","[175.82, 22]",162.56,142,24.22,0.18
07:47:49,"[150.0, 30]","[148.0, 120]","[169.97, 37]","[170.84, 51]",159.99,238,19.97,0.26
07:47:50,"[149.0, 39]","[147.97, 124]","[152.63, 49]","[156.25, 36]",150.82,248,3.63,0.31
07:47:51,"[147.98, 62]","[147.0, 34]","[343.38, 40]","[579.08, 37]",245.68,173,195.39,0.11
07:47:52,"[147.0, 20]","[146.0, 80]","[533.71, 34]","[623.7, 20]",340.35,154,386.71,0.3
07:47:53,"[147.0, 18]","[146.0, 51]","[287.47, 17]","[324.2, 30]",217.24,116,140.47,0.19
07:47:54,"[147.0, 14]","[146.0, 8]","[263.14, 7]","[292.92, 25]",205.07,54,116.14,-0.19
07:47:55,"[129.25, 24]","[124.26, 39]","[295.28, 18]","[363.33, 27]",212.26,108,166.03,0.17
07:47:56,"[119.11, 18]","[80.0, 42]","[232.36, 22]","[371.56, 18]",175.74,100,113.25,0.2
07:47:57,"[105.25, 16]","[115.33, 9]","[195.64, 33]","[256.75, 16]",150.44,74,90.39,-0.32
07:47:58,"[148.64, 22]","[144.88, 32]","[220.0, 27]","[406.06, 18]",184.32,99,71.36,0.09
07:47:59,"[148.67, 9]","[112.4, 15]","[220.0, 18]","[390.25, 16]",184.33,58,71.33,-0.17
07:48:00,"[149.69, 26]","[148.0, 21]","[219.15, 39]","[391.53, 19]",184.42,105,69.46,-0.1
07:48:01,"[150.5, 12]","[148.0, 18]","[219.0, 18]","[398.22, 18]",184.75,66,68.5,-0.09
07:48:02,"[151.0, 6]","[148.0, 18]","[218.33, 18]","[328.0, 24]",184.67,66,67.33,-0.27
07:48:03,"[149.28, 18]","[146.86, 42]","[212.25, 24]","[287.28, 25]",180.76,109,62.97,0.1
07:48:04,"[148.0, 36]","[146.0, 72]","[202.03, 32]","[207.5, 18]",175.02,158,54.03,0.37
07:48:05,"[148.0, 27]","[146.0, 54]","[173.35, 31]","[179.24, 17]",160.68,129,25.35,0.26
07:48:06,"[147.29, 28]","[144.93, 56]","[170.87, 31]","[172.24, 25]",159.08,140,23.59,0.2
07:48:07,"[146.0, 35]","[143.0, 70]","[162.1, 21]","[167.84, 19]",154.05,145,16.1,0.45
07:48:08,"[146.0, 40]","[80.86, 70]","[167.0, 31]","[418.1, 10]",156.5,151,21.0,0.46
07:48:09,"[146.92, 13]","[97.67, 27]","[169.0, 28]","[296.29, 7]",157.96,75,22.08,0.07
07:48:10,"[154.89, 19]","[147.76, 17]","[166.59, 29]","[229.15, 26]",160.74,91,11.69,-0.21
07:48:11,"[156.0, 18]","[151.09, 11]","[167.89, 36]","[566.3, 23]",161.94,88,11.89,-0.34
07:48:12,"[156.0, 16]","[153.0, 8]","[165.12, 32]","[166.25, 32]",160.56,88,9.12,-0.45
07:48:13,"[156.0, 16]","[153.0, 8]","[161.88, 32]","[165.0, 32]",158.94,88,5.88,-0.45
07:48:14,"[156.0, 10]","[153.97, 29]","[158.0, 15]","[161.0, 20]",157.0,74,2.0,0.05
07:48:15,"[156.0, 20]","[154.0, 70]","[158.59, 34]","[160.71, 28]",157.29,152,2.59,0.18
07:48:16,"[154.0, 33]","[153.0, 6]","[155.5, 24]","[160.0, 12]",154.75,75,1.5,0.04
07:48:17,"[153.84, 19]","[150.2, 61]","[155.0, 28]","[160.0, 14]",154.42,122,1.16,0.31
07:48:18,"[150.86, 126]","[149.46, 104]","[154.43, 28]","[155.79, 38]",152.64,296,3.57,0.55
07:48:19,"[153.0, 58]","[150.0, 20]","[154.0, 20]","[160.71, 31]",153.5,129,1.0,0.21
07:48:20,"[151.5, 24]","[149.14, 14]","[153.7, 20]","[291.57, 42]",152.6,100,2.2,-0.24
07:48:21,"[151.95, 82]","[149.33, 21]","[153.0, 22]","[316.42, 53]",152.48,178,1.05,0.16
07:48:22,"[152.0, 49]","[149.0, 18]","[155.67, 30]","[319.06, 32]",153.83,129,3.67,0.04
07:48:23,"[147.78, 18]","[146.67, 24]","[321.19, 42]","[592.38, 32]",234.48,116,173.41,-0.28
07:48:24,"[147.0, 22]","[146.0, 44]","[245.82, 44]","[513.73, 55]",196.41,165,98.82,-0.2
07:48:25,"[155.0, 36]","[146.67, 24]","[283.0, 50]","[529.59, 37]",219.0,147,128.0,-0.18
07:48:26,"[156.0, 20]","[147.0, 12]","[169.0, 24]","[245.0, 30]",162.5,86,13.0,-0.26
07:48:27,"[156.0, 24]","[149.0, 120]","[169.0, 32]","[327.76, 37]",162.5,213,13.0,0.35
07:48:28,"[150.31, 64]","[148.81, 83]","[169.0, 36]","[371.67, 36]",159.66,219,18.69,0.34
07:48:29,"[149.0, 130]","[147.0, 20]","[169.0, 40]","[363.1, 40]",159.0,230,20.0,0.3
07:48:30,"[149.0, 78]","[147.0, 12]","[186.57, 21]","[320.55, 22]",167.79,133,37.57,0.35
07:48:31,"[149.35, 103]","[148.47, 53]","[536.33, 36]","[607.91, 35]",342.84,227,386.98,0.37
07:48:32,"[152.0, 72]","[149.13, 135]","[373.65, 68]","[580.86, 63]",262.82,338,221.65,0.22
07:48:33,"[152.0, 60]","[149.04, 162]","[374.43, 47]","[485.58, 53]",263.21,322,222.43,0.38
07:48:34,"[149.0, 104]","[147.0, 72]","[264.38, 24]","[416.0, 28]",206.69,228,115.38,0.54
07:48:35,"[149.0, 117]","[147.0, 81]","[151.78, 27]","[154.0, 27]",150.39,252,2.78,0.57
07:48:36,"[149.0, 118]","[147.0, 90]","[166.39, 41]","[192.51, 35]",157.7,284,17.39,0.46
07:48:37,"[149.0, 74]","[147.0, 108]","[189.78, 46]","[240.92, 36]",169.39,264,40.78,0.38
07:48:38,"[149.0, 60]","[147.0, 90]","[199.0, 40]","[235.57, 37]",174.0,227,50.0,0.32
07:48:39,"[150.02, 107]","[147.88, 96]","[197.92, 52]","[222.25, 44]",173.97,299,47.9,0.36
07:48:40,"[152.64, 44]","[150.76, 50]","[196.87, 23]","[218.11, 27]",174.75,144,44.23,0.31
07:48:41,"[154.0, 56]","[153.0, 33]","[193.27, 26]","[194.48, 29]",173.63,144,39.27,0.24
07:48:42,"[153.49, 41]","[150.05, 57]","[190.11, 18]","[191.05, 42]",171.8,158,36.62,0.24
07:48:43,"[153.0, 39]","[149.17, 70]","[186.84, 31]","[189.92, 25]",169.92,165,33.84,0.32
07:48:44,"[150.0, 54]","[148.27, 110]","[184.8, 50]","[186.2, 25]",167.4,239,34.8,0.37
07:48:45,"[152.25, 32]","[150.88, 32]","[180.5, 46]","[182.4, 45]",166.38,155,28.25,-0.17
07:48:46,"[153.0, 12]","[152.0, 20]","[177.23, 31]","[178.18, 33]",165.11,96,24.23,-0.33
07:48:47,"[153.0, 10]","[150.92, 13]","[173.88, 24]","[174.44, 16]",163.44,63,20.88,-0.27
07:48:48,"[153.0, 12]","[150.0, 12]","[170.6, 20]","[171.71, 28]",161.8,72,17.6,-0.33
07:48:49,"[151.91, 11]","[148.67, 24]","[168.2, 15]","[169.6, 15]",160.05,65,16.29,0.08
07:48:50,"[149.0, 21]","[148.0, 110]","[168.0, 14]","[169.0, 7]",158.5,152,19.0,0.72
07:48:51,"[149.0, 37]","[148.0, 214]","[164.65, 23]","[166.26, 19]",156.83,293,15.65,0.71
07:48:52,"[148.17, 82]","[147.77, 155]","[163.25, 16]","[163.94, 17]",155.71,270,15.08,0.76
