Time,Bid1,Bid2,Ask1,Ask2,Mid-Price,Total_volume,Bid_ask_spread,Order_imbalance
07:30:00,"[0, 0]","[0, 0]","[0, 0]","[0, 0]",0.0,0,0.0,0.0
07:30:01,"[137.0, 1]","[0, 0]","[0, 0]","[0, 0]",68.5,1,-137.0,1.0
07:30:02,"[137.0, 3]","[0, 0]","[799.0, 3]","[0, 0]",468.0,6,662.0,0.0
07:30:03,"[155.0, 6]","[137.0, 1]","[798.0, 1]","[0, 0]",476.5,8,643.0,0.75
07:30:04,"[164.5, 12]","[154.44, 32]","[797.0, 3]","[0, 0]",480.75,47,632.5,0.87
07:30:05,"[178.73, 85]","[164.4, 89]","[186.3, 10]","[214.73, 22]",182.51,206,7.57,0.69
07:30:06,"[180.07, 41]","[175.69, 39]","[374.77, 13]","[292.43, 7]",277.42,100,194.7,0.6
07:30:07,"[191.0, 12]","[177.0, 35]","[235.0, 20]","[236.0, 12]",213.0,79,44.0,0.19
07:30:08,"[191.0, 37]","[177.0, 90]","[234.08, 48]","[235.69, 32]",212.54,207,43.08,0.23
07:30:09,"[191.0, 20]","[177.0, 45]","[225.04, 23]","[232.59, 17]",208.02,105,34.04,0.24
07:30:10,"[191.0, 32]","[179.0, 55]","[223.1, 39]","[224.77, 31]",207.05,157,32.1,0.11
07:30:11,"[191.0, 44]","[190.0, 88]","[208.85, 52]","[214.92, 48]",199.92,232,17.85,0.14
07:30:12,"[191.0, 44]","[190.0, 88]","[195.82, 55]","[198.0, 55]",193.41,242,4.82,0.09
07:30:13,"[191.0, 32]","[190.0, 64]","[193.0, 40]","[194.0, 40]",192.0,176,2.0,0.09
07:30:14,"[190.18, 60]","[188.29, 51]","[192.39, 18]","[194.16, 49]",191.29,178,2.21,0.25
07:30:15,"[190.05, 37]","[189.11, 87]","[193.0, 45]","[206.0, 63]",191.53,232,2.95,0.07
07:30:16,"[190.21, 28]","[189.31, 80]","[199.62, 47]","[218.94, 47]",194.92,202,9.4,0.07
07:30:17,"[190.0, 28]","[189.0, 77]","[203.0, 37]","[204.0, 21]",196.5,163,13.0,0.29
07:30:18,"[190.0, 28]","[189.0, 110]","[202.59, 58]","[207.22, 32]",196.29,228,12.59,0.21
07:30:19,"[189.99, 79]","[188.49, 99]","[201.53, 45]","[218.29, 70]",195.76,293,11.55,0.22
07:30:20,"[193.22, 54]","[189.19, 85]","[201.0, 59]","[203.96, 47]",197.11,245,7.78,0.13
07:30:21,"[195.0, 34]","[194.0, 14]","[201.0, 98]","[206.0, 42]",198.0,188,6.0,-0.49
07:30:22,"[195.45, 22]","[194.31, 16]","[201.0, 77]","[206.0, 33]",198.23,148,5.55,-0.49
07:30:23,"[195.67, 24]","[194.57, 28]","[201.0, 75]","[206.0, 36]",198.33,163,5.33,-0.36
07:30:24,"[194.73, 22]","[193.92, 26]","[200.94, 67]","[204.97, 34]",197.83,149,6.21,-0.36
07:30:25,"[195.5, 12]","[193.96, 28]","[200.0, 40]","[201.0, 70]",197.75,150,4.5,-0.47
07:30:26,"[196.0, 7]","[194.0, 21]","[200.0, 28]","[201.0, 49]",198.0,105,4.0,-0.47
07:30:27,"[196.0, 16]","[194.0, 48]","[200.0, 64]","[201.0, 112]",198.0,240,4.0,-0.47
07:30:28,"[196.0, 7]","[194.0, 21]","[200.0, 28]","[201.0, 49]",198.0,105,4.0,-0.47
07:30:29,"[196.0, 12]","[194.0, 36]","[200.0, 48]","[201.0, 69]",198.0,165,4.0,-0.42
07:30:30,"[196.0, 17]","[194.0, 51]","[198.61, 36]","[200.06, 137]",197.31,241,2.61,-0.44
07:30:31,"[194.15, 39]","[193.43, 21]","[199.42, 52]","[200.39, 97]",196.79,209,5.27,-0.43
07:30:32,"[194.0, 21]","[193.0, 7]","[196.54, 13]","[198.82, 22]",195.27,63,2.54,-0.11
07:30:33,"[193.71, 41]","[191.56, 25]","[195.07, 60]","[198.04, 23]",194.39,149,1.36,-0.11
07:30:34,"[191.8, 20]","[190.57, 28]","[195.0, 40]","[199.0, 30]",193.4,118,3.2,-0.19
07:30:35,"[192.08, 26]","[191.0, 26]","[194.38, 52]","[199.0, 39]",193.23,143,2.31,-0.27
07:30:36,"[193.0, 32]","[191.0, 32]","[194.0, 64]","[198.38, 48]",193.5,176,1.0,-0.27
07:30:37,"[191.06, 108]","[190.03, 108]","[196.12, 33]","[198.78, 67]",193.59,316,5.06,0.37
07:30:38,"[192.0, 60]","[190.0, 60]","[195.08, 12]","[196.43, 14]",193.54,146,3.08,0.64
07:30:39,"[193.68, 77]","[190.0, 90]","[195.17, 18]","[196.95, 44]",194.42,229,1.49,0.46
07:30:40,"[193.0, 20]","[189.98, 46]","[195.25, 12]","[197.1, 30]",194.12,108,2.25,0.22
07:30:41,"[190.48, 66]","[189.67, 30]","[196.0, 42]","[200.21, 29]",193.24,167,5.52,0.15
07:30:42,"[189.94, 53]","[187.2, 25]","[196.0, 39]","[200.86, 42]",192.97,159,6.06,-0.02
07:30:43,"[189.0, 9]","[186.0, 45]","[196.0, 27]","[200.0, 36]",192.5,117,7.0,-0.08
07:30:44,"[186.67, 18]","[185.26, 76]","[196.0, 33]","[200.0, 44]",191.33,171,9.33,0.1
07:30:45,"[186.0, 16]","[185.0, 64]","[194.5, 18]","[198.76, 29]",190.25,127,8.5,0.26
07:30:46,"[186.0, 14]","[185.0, 56]","[196.0, 21]","[198.57, 28]",191.0,119,10.0,0.18
07:30:47,"[186.0, 16]","[185.0, 64]","[196.0, 24]","[198.0, 32]",191.0,136,10.0,0.18
07:30:48,"[192.12, 32]","[189.0, 34]","[195.6, 60]","[197.59, 66]",193.86,192,3.47,-0.31
07:30:49,"[193.0, 24]","[190.0, 24]","[195.0, 48]","[197.0, 36]",194.0,132,2.0,-0.27
07:30:50,"[193.0, 18]","[190.0, 18]","[195.0, 36]","[197.0, 27]",194.0,99,2.0,-0.27
07:30:51,"[192.29, 34]","[189.32, 82]","[194.57, 63]","[197.5, 54]",193.43,233,2.28,-0.0
07:30:52,"[190.09, 46]","[189.09, 182]","[195.33, 30]","[197.85, 52]",192.71,310,5.25,0.47
07:30:53,"[192.27, 45]","[190.35, 37]","[194.38, 42]","[196.03, 70]",193.32,194,2.11,-0.15
07:30:54,"[190.58, 26]","[189.27, 131]","[193.53, 40]","[194.99, 74]",192.05,271,2.95,0.16
07:30:55,"[189.03, 158]","[187.28, 50]","[190.92, 13]","[196.45, 22]",189.97,243,1.9,0.71
07:30:56,"[189.0, 191]","[186.0, 34]","[195.42, 31]","[197.89, 19]",192.21,275,6.42,0.64
07:30:57,"[189.57, 84]","[188.56, 82]","[197.64, 33]","[198.28, 25]",193.6,224,8.06,0.48
07:30:58,"[191.0, 44]","[189.0, 110]","[196.69, 26]","[197.84, 25]",193.85,205,5.69,0.5
07:30:59,"[191.0, 37]","[189.0, 160]","[194.06, 32]","[197.0, 16]",192.53,245,3.06,0.61
07:31:00,"[189.19, 54]","[187.56, 78]","[191.54, 13]","[197.0, 12]",190.36,157,2.35,0.68
07:31:01,"[189.0, 81]","[185.0, 52]","[194.69, 13]","[198.66, 29]",191.85,175,5.69,0.52
07:31:02,"[194.7, 54]","[188.49, 63]","[197.0, 13]","[199.0, 39]",195.85,169,2.3,0.38
07:31:03,"[196.0, 32]","[192.91, 23]","[197.0, 24]","[199.0, 16]",196.5,95,1.0,0.16
07:31:04,"[196.0, 21]","[194.0, 14]","[197.0, 21]","[199.0, 7]",196.5,63,1.0,0.11
07:31:05,"[192.89, 57]","[187.17, 105]","[197.0, 45]","[199.0, 15]",194.95,222,4.11,0.46
07:31:06,"[193.0, 12]","[189.0, 15]","[197.0, 9]","[200.0, 12]",195.0,48,4.0,0.12
07:31:07,"[191.86, 28]","[188.27, 33]","[197.0, 21]","[199.12, 34]",194.43,116,5.14,0.05
07:31:08,"[189.0, 24]","[186.0, 24]","[197.0, 18]","[199.0, 30]",193.0,96,8.0,0.0
07:31:09,"[193.74, 46]","[189.25, 32]","[197.0, 27]","[199.0, 45]",195.37,150,3.26,0.04
07:31:10,"[196.0, 90]","[194.0, 27]","[197.0, 27]","[199.0, 45]",196.5,189,1.0,0.24
07:31:11,"[196.0, 70]","[194.0, 21]","[197.0, 21]","[199.0, 35]",196.5,147,1.0,0.24
07:31:12,"[196.0, 94]","[194.0, 24]","[197.0, 24]","[199.0, 40]",196.5,182,1.0,0.3
07:31:13,"[196.0, 144]","[194.0, 36]","[197.0, 30]","[199.0, 60]",196.5,270,1.0,0.33
07:31:14,"[196.0, 108]","[194.0, 27]","[197.0, 63]","[199.0, 45]",196.5,243,1.0,0.11
07:31:15,"[196.0, 132]","[194.0, 33]","[197.0, 77]","[199.0, 55]",196.5,297,1.0,0.11
07:31:16,"[196.0, 82]","[194.0, 24]","[197.0, 56]","[199.0, 40]",196.5,202,1.0,0.05
07:31:17,"[196.0, 56]","[194.0, 18]","[197.0, 42]","[199.0, 30]",196.5,146,1.0,0.01
07:31:18,"[196.0, 77]","[194.0, 39]","[197.0, 91]","[199.0, 65]",196.5,272,1.0,-0.15
07:31:19,"[196.0, 18]","[194.54, 26]","[197.0, 42]","[199.0, 30]",196.5,116,1.0,-0.24
07:31:20,"[195.03, 94]","[194.15, 46]","[196.63, 30]","[198.07, 70]",195.83,240,1.6,0.17
07:31:21,"[195.0, 51]","[194.0, 36]","[196.21, 14]","[197.89, 56]",195.61,157,1.21,0.11
07:31:22,"[194.45, 11]","[191.69, 39]","[197.0, 27]","[198.0, 45]",195.73,122,2.55,-0.18
07:31:23,"[194.0, 8]","[191.0, 47]","[197.0, 24]","[198.0, 40]",195.5,119,3.0,-0.08
07:31:24,"[194.0, 8]","[191.0, 48]","[197.0, 24]","[198.0, 40]",195.5,120,3.0,-0.07
07:31:25,"[194.0, 6]","[191.0, 36]","[197.0, 18]","[198.0, 30]",195.5,90,3.0,-0.07
07:31:26,"[194.0, 10]","[191.0, 60]","[197.0, 30]","[198.0, 50]",195.5,150,3.0,-0.07
07:31:27,"[194.0, 8]","[191.0, 48]","[197.43, 23]","[198.25, 40]",195.72,119,3.43,-0.06
07:31:28,"[194.0, 8]","[191.0, 48]","[196.88, 16]","[197.96, 57]",195.44,129,2.88,-0.13
07:31:29,"[191.92, 26]","[191.66, 29]","[195.27, 22]","[198.5, 50]",193.6,127,3.35,-0.13
07:31:30,"[191.0, 48]","[190.0, 24]","[193.75, 16]","[199.0, 56]",192.38,144,2.75,0.0
07:31:31,"[191.0, 28]","[190.0, 36]","[192.0, 24]","[199.0, 64]",191.5,152,1.0,-0.16
07:31:32,"[191.8, 40]","[190.57, 28]","[198.3, 40]","[233.17, 30]",195.05,138,6.5,-0.01
07:31:33,"[192.0, 36]","[191.0, 18]","[199.0, 54]","[200.0, 27]",195.5,135,7.0,-0.2
07:31:34,"[193.33, 48]","[192.03, 31]","[199.0, 60]","[200.0, 42]",196.17,181,5.67,-0.13
07:31:35,"[194.0, 54]","[193.0, 36]","[199.0, 54]","[200.0, 45]",196.5,189,5.0,-0.05
07:31:36,"[195.0, 84]","[193.0, 56]","[197.03, 71]","[198.67, 51]",196.01,262,2.03,0.07
07:31:37,"[195.0, 9]","[193.0, 36]","[196.0, 45]","[197.27, 22]",195.5,112,1.0,-0.2
07:31:38,"[193.35, 23]","[191.42, 57]","[196.74, 19]","[197.93, 30]",195.04,129,3.39,0.24
07:31:39,"[194.79, 56]","[191.0, 160]","[196.21, 28]","[197.16, 74]",195.5,318,1.43,0.36
07:31:40,"[192.27, 142]","[190.89, 158]","[195.79, 24]","[197.06, 72]",194.03,396,3.52,0.52
07:31:41,"[191.09, 134]","[190.32, 44]","[194.0, 11]","[197.0, 22]",192.54,211,2.91,0.69
07:31:42,"[191.0, 157]","[190.0, 39]","[197.56, 45]","[198.17, 48]",194.28,289,6.56,0.36
07:31:43,"[191.0, 132]","[190.0, 33]","[198.0, 66]","[199.0, 22]",194.5,253,7.0,0.3
07:31:44,"[191.03, 147]","[190.32, 50]","[197.9, 60]","[198.33, 54]",194.47,311,6.87,0.27
07:31:45,"[193.0, 13]","[192.0, 13]","[195.47, 19]","[197.91, 68]",194.24,113,2.47,-0.54
07:31:46,"[191.09, 134]","[190.8, 120]","[195.87, 62]","[197.11, 19]",193.48,335,4.78,0.52
07:31:47,"[196.0, 8]","[191.24, 68]","[198.0, 52]","[199.0, 16]",197.0,144,2.0,0.06
07:31:48,"[191.15, 132]","[190.54, 37]","[198.0, 45]","[199.0, 30]",194.58,244,6.85,0.39
07:31:49,"[191.0, 48]","[190.0, 18]","[198.0, 18]","[199.0, 12]",194.5,96,7.0,0.38
07:31:50,"[191.0, 108]","[190.0, 39]","[198.05, 38]","[199.08, 25]",194.53,210,7.05,0.4
07:31:51,"[191.36, 88]","[190.43, 42]","[199.0, 20]","[201.0, 10]",195.18,160,7.64,0.62
07:31:52,"[193.0, 88]","[191.0, 99]","[198.06, 32]","[200.06, 17]",195.53,236,5.06,0.58
07:31:53,"[193.22, 46]","[191.14, 58]","[198.0, 21]","[199.73, 22]",195.61,147,4.78,0.41
07:31:54,"[194.48, 54]","[193.81, 86]","[198.0, 33]","[199.0, 44]",196.24,217,3.52,0.29
07:31:55,"[196.0, 16]","[194.0, 80]","[198.0, 24]","[199.0, 32]",197.0,152,2.0,0.26
07:31:56,"[196.0, 20]","[194.0, 100]","[198.0, 30]","[199.0, 40]",197.0,190,2.0,0.26
07:31:57,"[196.0, 6]","[193.56, 18]","[198.0, 9]","[199.0, 12]",197.0,45,2.0,0.07
07:31:58,"[194.59, 17]","[191.91, 70]","[197.0, 50]","[198.0, 30]",195.79,167,2.41,0.04
07:31:59,"[193.0, 40]","[191.0, 120]","[195.4, 40]","[197.0, 50]",194.2,250,2.4,0.28
07:32:00,"[193.0, 36]","[191.0, 81]","[194.33, 36]","[197.0, 45]",193.67,198,1.33,0.18
07:32:01,"[191.0, 64]","[190.0, 36]","[192.8, 35]","[194.62, 37]",191.9,172,1.8,0.16
07:32:02,"[191.0, 19]","[190.0, 52]","[199.91, 69]","[200.36, 36]",195.46,176,8.91,-0.19
07:32:03,"[190.33, 9]","[189.15, 20]","[199.4, 47]","[201.31, 52]",194.87,128,9.07,-0.55
07:32:04,"[186.48, 27]","[185.52, 23]","[196.79, 78]","[199.17, 107]",191.64,235,10.31,-0.57
07:32:05,"[186.75, 8]","[184.6, 20]","[197.0, 40]","[198.0, 49]",191.88,117,10.25,-0.52
07:32:06,"[185.23, 31]","[150.79, 33]","[197.52, 27]","[416.72, 53]",191.37,144,12.29,-0.11
07:32:07,"[191.0, 33]","[190.0, 33]","[199.0, 11]","[476.36, 33]",195.0,110,8.0,0.2
07:32:08,"[191.87, 38]","[191.2, 25]","[199.0, 10]","[525.2, 30]",195.43,103,7.13,0.22
07:32:09,"[190.0, 135]","[187.48, 42]","[198.0, 9]","[199.0, 9]",194.0,195,8.0,0.82
07:32:10,"[190.15, 65]","[189.58, 95]","[197.36, 11]","[241.14, 14]",193.76,185,7.21,0.73
07:32:11,"[192.0, 41]","[190.0, 123]","[196.67, 9]","[198.0, 9]",194.33,182,4.67,0.8
07:32:12,"[192.0, 45]","[190.0, 30]","[195.0, 10]","[198.0, 10]",193.5,95,3.0,0.58
07:32:13,"[192.0, 33]","[190.0, 30]","[196.5, 10]","[333.58, 31]",194.25,104,4.5,0.21
07:32:14,"[192.0, 23]","[190.0, 27]","[198.0, 9]","[314.6, 25]",195.0,84,6.0,0.19
07:32:15,"[194.0, 24]","[191.14, 28]","[196.59, 32]","[199.75, 12]",195.3,96,2.59,0.08
07:32:16,"[192.0, 18]","[190.0, 29]","[198.0, 9]","[201.56, 9]",195.0,65,6.0,0.45
07:32:17,"[192.0, 30]","[190.0, 45]","[197.47, 17]","[200.68, 19]",194.74,111,5.47,0.35
07:32:18,"[192.0, 36]","[190.0, 54]","[195.43, 63]","[196.91, 35]",193.71,188,3.43,-0.04
07:32:19,"[191.14, 28]","[189.22, 108]","[193.08, 12]","[195.1, 60]",192.11,208,1.94,0.31
07:32:20,"[190.0, 48]","[189.0, 273]","[191.38, 13]","[196.14, 29]",190.69,363,1.38,0.77
07:32:21,"[189.05, 125]","[187.54, 245]","[191.0, 13]","[197.0, 39]",190.02,422,1.95,0.75
07:32:22,"[189.09, 218]","[186.8, 301]","[194.72, 36]","[197.12, 48]",191.91,603,5.63,0.72
07:32:23,"[193.0, 11]","[189.0, 176]","[196.0, 44]","[198.74, 47]",194.5,278,3.0,0.35
07:32:24,"[193.0, 9]","[189.0, 144]","[195.11, 36]","[199.0, 81]",194.06,270,2.11,0.13
07:32:25,"[187.35, 85]","[172.79, 152]","[197.82, 61]","[200.03, 80]",192.59,378,10.47,0.25
07:32:26,"[188.4, 30]","[187.0, 120]","[198.67, 45]","[200.0, 115]",193.53,310,10.27,-0.03
07:32:27,"[188.29, 65]","[182.89, 135]","[197.34, 70]","[199.79, 190]",192.82,460,9.05,-0.13
07:32:28,"[190.37, 27]","[185.22, 76]","[196.0, 75]","[198.0, 60]",193.19,238,5.63,-0.13
07:32:29,"[194.0, 12]","[190.0, 72]","[196.0, 60]","[197.17, 48]",195.0,192,2.0,-0.12
07:32:30,"[194.0, 13]","[190.25, 72]","[196.0, 65]","[197.0, 52]",195.0,202,2.0,-0.16
07:32:31,"[191.75, 32]","[190.44, 86]","[195.15, 65]","[196.12, 68]",193.45,251,3.4,-0.06
07:32:32,"[191.0, 32]","[190.0, 72]","[194.12, 32]","[196.0, 40]",192.56,176,3.12,0.18
07:32:33,"[191.0, 32]","[190.0, 72]","[193.0, 27]","[196.0, 40]",192.0,171,2.0,0.22
07:32:34,"[191.0, 52]","[190.0, 117]","[192.38, 39]","[196.79, 61]",191.69,269,1.38,0.26
07:32:35,"[191.0, 17]","[190.0, 99]","[198.0, 42]","[199.92, 98]",194.5,256,7.0,-0.09
07:32:36,"[191.0, 14]","[190.0, 126]","[199.0, 56]","[200.0, 140]",195.0,336,8.0,-0.17
07:32:37,"[191.0, 8]","[190.0, 72]","[199.0, 32]","[200.0, 80]",195.0,192,8.0,-0.17
07:32:38,"[191.75, 12]","[190.1, 30]","[199.0, 24]","[200.0, 60]",195.38,126,7.25,-0.33
07:32:39,"[192.0, 24]","[191.0, 8]","[198.8, 20]","[199.68, 59]",195.4,111,6.8,-0.42
07:32:40,"[192.15, 39]","[191.35, 17]","[197.31, 13]","[198.71, 83]",194.73,152,5.15,-0.26
07:32:41,"[190.15, 79]","[188.13, 46]","[197.0, 13]","[198.0, 56]",193.58,194,6.85,0.29
07:32:42,"[188.82, 17]","[187.22, 27]","[197.0, 9]","[198.0, 45]",192.91,98,8.18,-0.1
07:32:43,"[193.07, 54]","[191.47, 17]","[196.3, 10]","[198.0, 34]",194.69,115,3.23,0.23
07:32:44,"[194.0, 80]","[193.0, 96]","[195.31, 16]","[198.0, 16]",194.66,208,1.31,0.69
07:32:45,"[193.36, 56]","[192.8, 30]","[195.0, 10]","[198.0, 10]",194.18,106,1.64,0.62
07:32:46,"[193.0, 71]","[192.0, 12]","[195.67, 15]","[198.28, 58]",194.33,156,2.67,0.06
07:32:47,"[193.0, 70]","[192.0, 14]","[197.92, 60]","[200.21, 67]",195.46,211,4.92,-0.2
07:32:48,"[193.0, 20]","[192.0, 4]","[197.0, 32]","[198.0, 16]",195.0,72,4.0,-0.33
07:32:49,"[193.0, 34]","[192.0, 8]","[197.0, 96]","[202.0, 32]",195.0,170,4.0,-0.51
07:32:50,"[191.67, 18]","[190.09, 22]","[197.0, 120]","[202.0, 40]",194.33,200,5.33,-0.6
07:32:51,"[191.0, 24]","[190.0, 32]","[197.0, 96]","[211.45, 22]",194.0,174,6.0,-0.36
07:32:52,"[191.0, 30]","[190.0, 40]","[197.0, 120]","[598.3, 20]",194.0,210,6.0,-0.33
07:32:53,"[191.0, 48]","[190.0, 64]","[197.0, 192]","[451.56, 36]",194.0,340,6.0,-0.34
07:32:54,"[191.0, 21]","[190.0, 28]","[197.0, 84]","[273.53, 17]",194.0,150,6.0,-0.35
07:32:55,"[191.0, 10]","[190.0, 32]","[197.0, 96]","[202.0, 24]",194.0,162,6.0,-0.48
07:32:56,"[191.0, 13]","[190.0, 52]","[196.19, 84]","[197.5, 120]",193.6,269,5.19,-0.52
07:32:57,"[191.0, 7]","[190.0, 28]","[193.92, 26]","[196.79, 58]",192.46,119,2.92,-0.41
07:32:58,"[190.41, 41]","[189.16, 75]","[194.71, 56]","[195.55, 31]",192.56,203,4.3,0.14
07:32:59,"[192.33, 33]","[189.46, 52]","[196.67, 36]","[197.53, 34]",194.5,155,4.33,0.1
07:33:00,"[192.0, 16]","[190.0, 32]","[197.0, 32]","[198.0, 59]",194.5,139,5.0,-0.31
07:33:01,"[194.0, 26]","[190.0, 52]","[197.82, 88]","[198.66, 95]",195.91,261,3.82,-0.4
07:33:02,"[194.3, 20]","[190.0, 40]","[197.88, 52]","[198.57, 74]",196.09,186,3.58,-0.35
07:33:03,"[195.0, 24]","[190.0, 56]","[198.29, 42]","[198.73, 66]",196.64,188,3.29,-0.15
07:33:04,"[190.12, 80]","[189.15, 65]","[198.45, 73]","[199.46, 52]",194.29,270,8.33,0.07
07:33:05,"[190.0, 32]","[189.0, 56]","[196.12, 40]","[198.75, 40]",193.06,168,6.12,0.05
07:33:06,"[190.08, 52]","[189.05, 88]","[193.92, 65]","[197.0, 65]",192.0,270,3.85,0.04
07:33:07,"[190.29, 28]","[189.19, 43]","[192.33, 15]","[197.0, 35]",191.31,121,2.05,0.17
07:33:08,"[190.0, 36]","[189.0, 63]","[192.0, 9]","[197.0, 45]",191.0,153,2.0,0.29
07:33:09,"[190.0, 46]","[189.0, 84]","[194.7, 20]","[197.69, 54]",192.35,204,4.7,0.27
07:33:10,"[190.0, 6]","[189.0, 14]","[198.0, 10]","[200.0, 4]",194.0,34,8.0,0.18
07:33:11,"[189.08, 76]","[188.06, 82]","[197.86, 56]","[198.91, 55]",193.47,269,8.78,0.17
07:33:12,"[188.86, 57]","[186.6, 45]","[195.38, 13]","[198.0, 65]",192.12,180,6.52,0.13
07:33:13,"[188.0, 56]","[185.0, 42]","[193.64, 14]","[197.79, 38]",190.82,150,5.64,0.31
07:33:14,"[188.26, 57]","[186.11, 54]","[191.57, 21]","[196.42, 95]",189.92,227,3.31,-0.02
07:33:15,"[189.8, 10]","[188.5, 16]","[191.6, 10]","[195.54, 26]",190.7,62,1.8,-0.16
07:33:16,"[188.67, 12]","[185.35, 68]","[194.0, 12]","[196.0, 60]",191.33,152,5.33,0.05
07:33:17,"[190.22, 18]","[183.14, 74]","[194.0, 10]","[199.0, 20]",192.11,122,3.78,0.51
07:33:18,"[192.0, 9]","[188.0, 5]","[194.0, 5]","[197.12, 16]",193.0,35,2.0,-0.2
07:33:19,"[192.0, 6]","[188.0, 6]","[194.0, 6]","[196.0, 30]",193.0,48,2.0,-0.5
07:33:20,"[194.25, 16]","[190.4, 10]","[196.0, 50]","[199.0, 20]",195.12,96,1.75,-0.46
07:33:21,"[194.75, 24]","[191.44, 43]","[196.0, 65]","[199.0, 26]",195.38,158,1.25,-0.15
07:33:22,"[190.02, 82]","[189.1, 20]","[195.6, 50]","[197.0, 32]",192.81,184,5.58,0.11
07:33:23,"[191.0, 54]","[189.91, 85]","[194.91, 110]","[197.33, 54]",192.95,303,3.91,-0.08
07:33:24,"[190.65, 46]","[189.84, 49]","[193.97, 39]","[195.1, 42]",192.31,176,3.32,0.08
07:33:25,"[190.0, 81]","[188.0, 9]","[192.11, 27]","[196.29, 49]",191.06,166,2.11,0.08
07:33:26,"[190.0, 55]","[188.0, 9]","[191.67, 27]","[196.69, 54]",190.83,145,1.67,-0.12
07:33:27,"[188.89, 9]","[185.86, 14]","[192.82, 22]","[196.42, 24]",190.85,69,3.93,-0.33
07:33:28,"[188.0, 9]","[185.0, 18]","[195.78, 18]","[196.96, 54]",191.89,99,7.78,-0.45
07:33:29,"[188.0, 6]","[185.0, 12]","[196.0, 12]","[197.0, 54]",192.0,84,8.0,-0.57
07:33:30,"[188.0, 5]","[185.0, 10]","[195.43, 14]","[196.75, 36]",191.71,65,7.43,-0.54
07:33:31,"[191.3, 70]","[190.5, 42]","[194.33, 43]","[195.94, 72]",192.81,227,3.03,-0.01
07:33:32,"[191.8, 70]","[190.94, 100]","[193.94, 16]","[195.0, 52]",192.87,238,2.14,0.43
07:33:33,"[192.51, 55]","[191.18, 68]","[193.94, 48]","[195.23, 35]",193.22,206,1.43,0.19
07:33:34,"[194.77, 79]","[191.65, 23]","[196.0, 18]","[266.83, 29]",195.39,149,1.23,0.37
07:33:35,"[195.0, 135]","[193.45, 33]","[196.67, 36]","[215.49, 35]",195.83,239,1.67,0.41
07:33:36,"[195.0, 36]","[194.0, 8]","[196.0, 16]","[198.0, 16]",195.5,76,1.0,0.16
07:33:37,"[195.0, 63]","[194.0, 14]","[196.0, 28]","[198.0, 7]",195.5,112,1.0,0.38
07:33:38,"[195.0, 81]","[194.0, 16]","[196.0, 32]","[198.0, 8]",195.5,137,1.0,0.42
07:33:39,"[195.0, 160]","[194.0, 28]","[196.0, 56]","[198.0, 14]",195.5,258,1.0,0.46
07:33:40,"[195.0, 66]","[194.0, 18]","[196.0, 36]","[198.0, 9]",195.5,129,1.0,0.3
07:33:41,"[195.0, 35]","[194.0, 10]","[196.0, 20]","[198.0, 5]",195.5,70,1.0,0.29
07:33:42,"[195.0, 32]","[194.0, 12]","[196.0, 24]","[198.0, 6]",195.5,74,1.0,0.19
07:33:43,"[195.0, 30]","[194.0, 12]","[196.0, 24]","[198.0, 6]",195.5,72,1.0,0.17
07:33:44,"[195.0, 50]","[194.0, 20]","[196.0, 40]","[198.0, 10]",195.5,120,1.0,0.17
07:33:45,"[194.15, 33]","[191.58, 38]","[195.92, 48]","[196.81, 27]",195.03,146,1.77,-0.03
07:33:46,"[190.5, 24]","[189.04, 56]","[194.0, 10]","[196.0, 40]",192.25,130,3.5,0.23
07:33:47,"[192.0, 66]","[190.0, 24]","[193.91, 44]","[195.33, 48]",192.95,182,1.91,-0.01
07:33:48,"[192.0, 40]","[190.0, 20]","[193.0, 10]","[194.0, 40]",192.5,110,1.0,0.09
07:33:49,"[192.0, 28]","[190.0, 14]","[193.8, 20]","[195.5, 32]",192.9,94,1.8,-0.11
07:33:50,"[192.0, 21]","[190.0, 14]","[194.0, 28]","[197.0, 28]",193.0,91,2.0,-0.23
07:33:51,"[192.0, 26]","[190.0, 18]","[193.35, 37]","[194.88, 41]",192.68,122,1.35,-0.28
07:33:52,"[190.91, 22]","[188.5, 40]","[194.23, 39]","[196.0, 44]",192.57,145,3.32,-0.14
07:33:53,"[190.0, 12]","[188.09, 22]","[194.42, 12]","[196.14, 28]",192.21,74,4.42,-0.08
07:33:54,"[189.83, 24]","[188.33, 30]","[192.07, 14]","[197.0, 72]",190.95,140,2.24,-0.23
07:33:55,"[189.0, 7]","[188.0, 35]","[195.08, 13]","[197.29, 28]",192.04,83,6.08,0.01
07:33:56,"[189.0, 7]","[188.0, 35]","[197.0, 28]","[198.0, 28]",193.0,98,8.0,-0.14
07:33:57,"[194.25, 48]","[190.6, 20]","[197.0, 48]","[198.0, 48]",195.62,164,2.75,-0.17
07:33:58,"[194.64, 33]","[189.55, 33]","[197.0, 52]","[198.0, 52]",195.82,170,2.36,-0.22
07:33:59,"[190.04, 23]","[188.83, 29]","[195.27, 11]","[197.0, 46]",192.66,109,5.23,-0.05
07:34:00,"[190.1, 48]","[189.43, 28]","[194.54, 24]","[197.07, 58]",192.32,158,4.44,-0.04
07:34:01,"[193.0, 16]","[190.0, 18]","[197.0, 45]","[198.11, 9]",195.0,88,4.0,-0.23
07:34:02,"[193.0, 6]","[190.0, 26]","[197.0, 30]","[198.0, 6]",195.0,68,4.0,-0.06
07:34:03,"[193.0, 11]","[190.0, 99]","[197.0, 55]","[198.0, 11]",195.0,176,4.0,0.25
07:34:04,"[193.0, 8]","[191.4, 60]","[197.0, 60]","[198.0, 8]",195.0,136,4.0,0.0
07:34:05,"[192.17, 24]","[190.88, 64]","[197.0, 80]","[199.85, 26]",194.58,194,4.83,-0.09
07:34:06,"[192.0, 40]","[190.0, 72]","[197.0, 80]","[198.21, 39]",194.5,231,5.0,-0.03
07:34:07,"[192.0, 45]","[190.0, 67]","[197.0, 90]","[198.0, 45]",194.5,247,5.0,-0.09
07:34:08,"[192.0, 45]","[190.0, 72]","[197.0, 90]","[198.0, 45]",194.5,252,5.0,-0.07
07:34:09,"[192.46, 56]","[190.19, 53]","[196.85, 52]","[197.56, 45]",194.66,206,4.38,0.06
07:34:10,"[193.0, 122]","[192.0, 25]","[197.0, 50]","[198.0, 25]",195.0,222,4.0,0.32
07:34:11,"[193.0, 72]","[192.0, 15]","[197.0, 30]","[198.0, 15]",195.0,132,4.0,0.32
07:34:12,"[193.0, 240]","[192.0, 50]","[196.43, 28]","[197.11, 90]",194.71,408,3.43,0.42
07:34:13,"[193.0, 138]","[192.0, 30]","[197.0, 40]","[198.0, 30]",195.0,238,4.0,0.41
07:34:14,"[193.22, 181]","[192.72, 127]","[196.67, 45]","[197.92, 65]",194.94,418,3.45,0.47
07:34:15,"[194.97, 64]","[193.05, 217]","[196.23, 44]","[197.93, 70]",195.6,395,1.26,0.42
07:34:16,"[194.0, 18]","[193.0, 207]","[197.0, 9]","[198.88, 80]",195.5,314,3.0,0.43
07:34:17,"[194.0, 20]","[193.0, 230]","[196.1, 10]","[199.0, 104]",195.05,364,2.1,0.37
07:34:18,"[193.15, 81]","[192.93, 222]","[197.93, 58]","[199.68, 128]",195.54,489,4.78,0.24
07:34:19,"[193.07, 246]","[192.65, 142]","[198.45, 55]","[199.19, 63]",195.76,506,5.39,0.53
07:34:20,"[193.22, 108]","[192.89, 188]","[197.21, 57]","[198.97, 60]",195.22,413,3.99,0.43
07:34:21,"[194.0, 24]","[193.0, 168]","[196.88, 40]","[200.0, 44]",195.44,276,2.88,0.39
07:34:22,"[194.0, 39]","[193.0, 273]","[196.0, 65]","[200.0, 65]",195.0,442,2.0,0.41
07:34:23,"[193.09, 138]","[192.74, 114]","[195.16, 32]","[200.0, 50]",194.12,334,2.07,0.51
07:34:24,"[193.0, 242]","[192.0, 60]","[197.44, 39]","[200.14, 44]",195.22,385,4.44,0.57
07:34:25,"[193.14, 86]","[192.66, 73]","[199.0, 40]","[200.0, 16]",196.07,215,5.86,0.48
07:34:26,"[193.0, 76]","[192.0, 25]","[199.0, 25]","[200.0, 10]",196.0,136,6.0,0.49
07:34:27,"[193.0, 126]","[192.0, 45]","[199.0, 45]","[200.0, 18]",196.0,234,6.0,0.46
07:34:28,"[193.0, 42]","[192.0, 15]","[199.0, 15]","[200.0, 6]",196.0,78,6.0,0.46
07:34:29,"[193.25, 56]","[192.87, 113]","[199.0, 50]","[200.0, 20]",196.12,239,5.75,0.41
07:34:30,"[194.68, 31]","[193.17, 84]","[198.72, 36]","[199.29, 42]",196.7,193,4.04,0.19
07:34:31,"[195.0, 70]","[194.0, 20]","[196.3, 10]","[200.0, 55]",195.65,155,1.3,0.16
07:34:32,"[195.0, 103]","[194.0, 28]","[198.94, 34]","[200.1, 50]",196.97,215,3.94,0.22
07:34:33,"[195.0, 15]","[194.0, 10]","[200.0, 25]","[201.0, 5]",197.5,55,5.0,-0.09
07:34:34,"[195.0, 24]","[194.0, 16]","[199.97, 36]","[200.58, 12]",197.49,88,4.97,-0.09
07:34:35,"[195.0, 22]","[194.0, 22]","[198.98, 41]","[200.03, 31]",196.99,116,3.98,-0.24
07:34:36,"[195.0, 20]","[194.0, 20]","[197.25, 20]","[198.83, 30]",196.12,90,2.25,-0.11
07:34:37,"[194.18, 22]","[193.18, 22]","[196.0, 11]","[198.8, 60]",195.09,115,1.82,-0.23
07:34:38,"[194.0, 18]","[193.0, 26]","[195.54, 13]","[198.51, 59]",194.77,116,1.54,-0.24
07:34:39,"[193.43, 14]","[192.75, 16]","[195.0, 10]","[198.67, 12]",194.21,52,1.57,0.15
07:34:40,"[193.0, 13]","[192.0, 12]","[196.0, 18]","[198.14, 21]",194.5,64,3.0,-0.22
07:34:41,"[191.17, 23]","[189.66, 41]","[195.36, 44]","[198.0, 23]",193.27,131,4.19,-0.02
07:34:42,"[192.54, 91]","[189.74, 123]","[194.95, 59]","[197.67, 36]",193.74,309,2.41,0.39
07:34:43,"[193.0, 60]","[190.0, 94]","[194.08, 48]","[198.0, 12]",193.54,214,1.08,0.44
07:34:44,"[193.0, 35]","[190.0, 70]","[194.0, 27]","[198.0, 7]",193.5,139,1.0,0.51
07:34:45,"[192.08, 65]","[189.74, 122]","[194.1, 31]","[198.81, 27]",193.09,245,2.02,0.53
07:34:46,"[193.21, 28]","[190.16, 86]","[197.2, 30]","[198.4, 30]",195.21,174,3.99,0.31
07:34:47,"[195.0, 32]","[190.0, 160]","[196.25, 80]","[199.65, 79]",195.62,351,1.25,0.09
07:34:48,"[190.51, 82]","[189.9, 67]","[195.31, 65]","[199.71, 51]",192.91,265,4.8,0.12
07:34:49,"[192.0, 18]","[190.0, 90]","[193.56, 45]","[198.92, 51]",192.78,204,1.56,0.06
07:34:50,"[192.0, 11]","[190.0, 80]","[193.0, 40]","[198.0, 16]",192.5,147,1.0,0.24
07:34:51,"[192.0, 8]","[190.0, 80]","[193.0, 40]","[198.0, 16]",192.5,144,1.0,0.22
07:34:52,"[190.52, 27]","[189.97, 72]","[193.69, 29]","[198.42, 24]",192.1,152,3.17,0.3
07:34:53,"[190.0, 120]","[189.0, 12]","[196.75, 24]","[197.96, 27]",193.38,183,6.75,0.44
07:34:54,"[190.0, 67]","[189.0, 7]","[196.0, 14]","[197.0, 14]",193.0,102,6.0,0.45
07:34:55,"[190.0, 36]","[189.0, 4]","[196.0, 8]","[197.0, 11]",193.0,59,6.0,0.36
07:34:56,"[190.0, 54]","[189.0, 6]","[196.0, 12]","[197.0, 30]",193.0,102,6.0,0.18
07:34:57,"[190.0, 37]","[189.0, 9]","[195.0, 27]","[196.0, 18]",192.5,91,5.0,0.01
07:34:58,"[190.0, 70]","[189.0, 14]","[194.45, 33]","[195.27, 37]",192.23,154,4.45,0.09
07:34:59,"[190.0, 50]","[189.0, 10]","[194.0, 20]","[195.0, 30]",192.0,110,4.0,0.09
07:35:00,"[190.0, 65]","[189.0, 13]","[192.34, 38]","[194.11, 27]",191.17,143,2.34,0.09
07:35:01,"[190.71, 34]","[189.93, 59]","[192.0, 39]","[194.89, 56]",191.35,188,1.29,-0.01
07:35:02,"[188.28, 67]","[187.82, 22]","[191.75, 24]","[194.9, 62]",190.02,175,3.47,0.02
07:35:03,"[188.44, 90]","[188.27, 33]","[194.45, 33]","[193.77, 35]",191.45,191,6.01,0.29
07:35:04,"[190.0, 20]","[189.0, 70]","[196.0, 30]","[197.0, 20]",193.0,140,6.0,0.29
07:35:05,"[192.08, 26]","[189.3, 40]","[196.0, 30]","[197.0, 20]",194.04,116,3.92,0.14
07:35:06,"[193.0, 42]","[190.0, 28]","[196.0, 42]","[197.0, 28]",194.5,140,3.0,0.0
07:35:07,"[193.0, 39]","[190.26, 23]","[196.0, 39]","[197.0, 26]",194.5,127,3.0,-0.02
07:35:08,"[192.75, 16]","[190.67, 12]","[196.0, 24]","[197.0, 16]",194.38,68,3.25,-0.18
07:35:09,"[192.0, 12]","[190.0, 24]","[196.0, 36]","[197.0, 24]",194.0,96,4.0,-0.25
07:35:10,"[192.0, 7]","[190.0, 14]","[196.0, 21]","[197.0, 14]",194.0,56,4.0,-0.25
07:35:11,"[189.09, 68]","[185.37, 19]","[196.0, 39]","[197.0, 26]",192.54,152,6.91,0.14
07:35:12,"[189.0, 37]","[182.0, 7]","[196.0, 27]","[197.71, 14]",192.5,85,7.0,0.04
07:35:13,"[189.0, 10]","[182.0, 10]","[196.0, 35]","[198.0, 20]",192.5,75,7.0,-0.47
07:35:14,"[189.0, 12]","[185.94, 132]","[193.75, 48]","[197.54, 52]",191.38,244,4.75,0.18
07:35:15,"[189.7, 10]","[186.46, 46]","[191.4, 40]","[195.8, 40]",190.55,136,1.7,-0.18
07:35:16,"[193.6, 25]","[189.46, 13]","[196.0, 56]","[250.4, 30]",194.8,124,2.4,-0.39
07:35:17,"[195.0, 45]","[190.0, 15]","[196.44, 54]","[344.54, 39]",195.72,153,1.44,-0.22
07:35:18,"[195.0, 30]","[189.44, 9]","[196.0, 40]","[198.0, 16]",195.5,95,1.0,-0.18
07:35:19,"[195.0, 26]","[190.38, 16]","[196.0, 40]","[198.0, 16]",195.5,98,1.0,-0.14
07:35:20,"[195.0, 24]","[190.0, 24]","[196.0, 60]","[198.0, 24]",195.5,132,1.0,-0.27
07:35:21,"[190.0, 18]","[189.0, 9]","[195.09, 23]","[195.31, 26]",192.54,76,5.09,-0.29
07:35:22,"[190.0, 24]","[189.0, 12]","[192.42, 12]","[194.0, 36]",191.21,84,2.42,-0.14
07:35:23,"[190.0, 22]","[188.03, 65]","[192.0, 11]","[194.71, 63]",191.0,161,2.0,0.08
07:35:24,"[190.0, 18]","[188.82, 39]","[195.0, 53]","[284.94, 32]",192.5,142,5.0,-0.2
07:35:25,"[191.49, 35]","[189.56, 25]","[195.0, 55]","[198.0, 33]",193.24,148,3.51,-0.19
07:35:26,"[192.38, 32]","[192.25, 20]","[195.0, 55]","[198.0, 33]",193.69,140,2.62,-0.26
07:35:27,"[194.0, 10]","[193.0, 20]","[195.0, 50]","[198.0, 30]",194.5,110,1.0,-0.45
07:35:28,"[193.5, 12]","[192.44, 27]","[195.0, 42]","[198.0, 27]",194.25,108,1.5,-0.28
07:35:29,"[192.0, 21]","[190.0, 14]","[195.0, 28]","[198.0, 21]",193.5,84,3.0,-0.17
07:35:30,"[192.0, 27]","[190.0, 18]","[195.0, 36]","[198.0, 27]",193.5,108,3.0,-0.17
07:35:31,"[192.0, 30]","[190.0, 20]","[195.0, 66]","[198.0, 30]",193.5,146,3.0,-0.32
07:35:32,"[192.0, 24]","[190.0, 24]","[195.0, 96]","[198.0, 36]",193.5,180,3.0,-0.47
07:35:33,"[192.0, 28]","[189.73, 44]","[195.0, 64]","[198.0, 42]",193.5,178,3.0,-0.19
07:35:34,"[192.0, 18]","[190.0, 63]","[195.0, 36]","[197.75, 24]",193.5,141,3.0,0.15
07:35:35,"[190.0, 24]","[189.0, 24]","[195.0, 24]","[197.0, 12]",192.5,84,5.0,0.14
07:35:36,"[190.0, 59]","[189.0, 56]","[194.1, 40]","[195.09, 44]",192.05,199,4.1,0.16
07:35:37,"[190.0, 98]","[189.0, 56]","[193.68, 38]","[194.88, 34]",191.84,226,3.68,0.36
07:35:38,"[190.0, 105]","[189.0, 60]","[192.0, 30]","[194.0, 15]",191.0,210,2.0,0.57
07:35:39,"[190.0, 123]","[189.0, 72]","[191.28, 36]","[194.63, 38]",190.64,269,1.28,0.45
07:35:40,"[190.0, 48]","[189.0, 32]","[191.0, 16]","[195.0, 48]",190.5,144,1.0,0.11
07:35:41,"[190.0, 40]","[189.0, 40]","[191.0, 20]","[195.0, 60]",190.5,160,1.0,0.0
07:35:42,"[189.16, 38]","[188.6, 40]","[191.0, 28]","[195.0, 84]",190.08,190,1.84,-0.18
07:35:43,"[190.08, 25]","[189.07, 56]","[193.45, 44]","[195.08, 65]",191.77,190,3.37,-0.15
07:35:44,"[191.0, 15]","[190.0, 30]","[194.35, 23]","[195.11, 37]",192.67,105,3.35,-0.14
07:35:45,"[191.0, 12]","[190.0, 23]","[193.36, 14]","[195.18, 40]",192.18,89,2.36,-0.21
07:35:46,"[189.0, 32]","[188.0, 18]","[194.18, 34]","[195.4, 35]",191.59,119,5.18,-0.16
07:35:47,"[189.0, 16]","[188.0, 16]","[193.88, 32]","[195.0, 24]",191.44,88,4.88,-0.27
07:35:48,"[189.0, 21]","[188.0, 24]","[194.72, 58]","[195.83, 60]",191.86,163,5.72,-0.45
07:35:49,"[189.0, 10]","[188.0, 8]","[195.0, 20]","[196.0, 20]",192.0,58,6.0,-0.38
07:35:50,"[188.7, 20]","[186.71, 21]","[195.0, 45]","[196.0, 45]",191.85,131,6.3,-0.37
07:35:51,"[186.47, 86]","[184.91, 44]","[195.0, 80]","[196.0, 80]",190.73,290,8.53,-0.1
07:35:52,"[187.0, 78]","[185.45, 44]","[195.0, 65]","[196.0, 65]",191.0,252,8.0,-0.03
07:35:53,"[187.85, 120]","[186.74, 78]","[195.0, 70]","[196.0, 70]",191.43,338,7.15,0.17
07:35:54,"[188.14, 58]","[187.31, 78]","[195.0, 65]","[196.0, 65]",191.57,266,6.86,0.02
07:35:55,"[190.63, 19]","[188.09, 44]","[195.0, 37]","[196.0, 45]",192.82,145,4.37,-0.13
07:35:56,"[191.5, 84]","[190.0, 14]","[195.0, 42]","[196.0, 70]",193.25,210,3.5,-0.07
07:35:57,"[192.4, 45]","[187.69, 78]","[194.13, 47]","[195.87, 69]",193.26,239,1.73,0.03
07:35:58,"[190.0, 8]","[189.0, 24]","[194.0, 16]","[196.0, 40]",192.0,88,4.0,-0.27
07:35:59,"[190.0, 9]","[189.0, 27]","[195.41, 32]","[197.38, 39]",192.7,107,5.41,-0.33
07:36:00,"[190.0, 11]","[189.0, 33]","[195.0, 33]","[196.0, 55]",192.5,132,5.0,-0.33
07:36:01,"[190.0, 13]","[189.0, 39]","[193.06, 35]","[194.35, 17]",191.53,104,3.06,0.0
07:36:02,"[192.46, 13]","[189.67, 18]","[193.75, 16]","[195.96, 102]",193.11,149,1.29,-0.58
07:36:03,"[192.0, 20]","[188.48, 62]","[195.0, 15]","[196.0, 95]",193.5,192,3.0,-0.15
07:36:04,"[189.0, 16]","[188.0, 112]","[195.0, 44]","[196.0, 40]",192.0,212,6.0,0.21
07:36:05,"[188.91, 33]","[187.59, 66]","[195.0, 45]","[196.0, 45]",191.95,189,6.09,0.05
07:36:06,"[190.0, 36]","[188.55, 33]","[195.0, 45]","[196.0, 45]",192.5,159,5.0,-0.13
07:36:07,"[190.0, 57]","[189.0, 24]","[195.0, 40]","[196.0, 40]",192.5,161,5.0,0.01
07:36:08,"[190.0, 36]","[189.0, 36]","[195.0, 60]","[196.0, 60]",192.5,192,5.0,-0.25
07:36:09,"[190.0, 12]","[189.0, 18]","[194.83, 30]","[195.83, 30]",192.42,90,4.83,-0.33
07:36:10,"[190.0, 30]","[189.0, 30]","[192.91, 47]","[194.6, 50]",191.46,157,2.91,-0.24
07:36:11,"[190.0, 31]","[189.0, 36]","[191.08, 60]","[192.08, 60]",190.54,187,1.08,-0.28
07:36:12,"[186.2, 61]","[184.73, 26]","[189.56, 45]","[190.89, 45]",187.88,177,3.36,-0.02
07:36:13,"[185.96, 25]","[183.0, 26]","[191.92, 60]","[197.0, 60]",188.94,171,5.96,-0.4
07:36:14,"[185.57, 14]","[181.08, 36]","[194.46, 41]","[196.0, 65]",190.02,156,8.89,-0.36
07:36:15,"[184.4, 10]","[175.36, 22]","[193.0, 12]","[195.0, 35]",188.7,79,8.6,-0.19
07:36:16,"[179.62, 13]","[178.05, 19]","[193.0, 18]","[195.0, 54]",186.31,104,13.38,-0.38
07:36:17,"[131.06, 80]","[109.53, 34]","[185.32, 38]","[192.35, 31]",158.19,183,54.25,0.25
07:36:18,"[133.0, 50]","[110.0, 25]","[180.35, 17]","[183.11, 9]",156.68,101,47.35,0.49
07:36:19,"[128.83, 60]","[110.0, 30]","[180.0, 18]","[182.0, 6]",154.42,114,51.17,0.58
07:36:20,"[128.6, 50]","[82.44, 45]","[180.73, 22]","[183.14, 7]",154.66,124,52.13,0.53
07:36:21,"[94.13, 45]","[59.4, 73]","[184.29, 42]","[191.0, 10]",139.21,170,90.15,0.39
07:36:22,"[158.0, 32]","[152.94, 34]","[184.0, 28]","[190.0, 8]",171.0,102,26.0,0.29
07:36:23,"[177.23, 60]","[155.8, 60]","[190.54, 13]","[195.18, 28]",183.89,161,13.31,0.49
07:36:24,"[190.0, 32]","[183.25, 24]","[194.5, 8]","[195.8, 20]",192.25,84,4.5,0.33
07:36:25,"[186.55, 22]","[162.29, 34]","[191.4, 10]","[192.7, 10]",188.97,76,4.85,0.47
07:36:26,"[183.0, 32]","[181.0, 48]","[186.81, 16]","[189.31, 16]",184.91,112,3.81,0.43
07:36:27,"[183.0, 14]","[181.0, 45]","[184.8, 10]","[186.0, 7]",183.9,76,1.8,0.55
07:36:28,"[183.0, 16]","[181.0, 36]","[185.86, 28]","[188.21, 14]",184.43,94,2.86,0.11
07:36:29,"[183.0, 16]","[181.0, 24]","[184.5, 16]","[186.0, 32]",183.75,88,1.5,-0.09
07:36:30,"[183.0, 14]","[181.0, 21]","[184.33, 12]","[186.45, 22]",183.67,69,1.33,0.01
07:36:31,"[183.0, 16]","[181.0, 24]","[184.59, 17]","[189.1, 10]",183.79,67,1.59,0.19
07:36:32,"[183.0, 10]","[181.0, 15]","[184.0, 20]","[186.0, 5]",183.5,50,1.0,0.0
07:36:33,"[183.0, 8]","[181.0, 12]","[184.0, 16]","[186.0, 4]",183.5,40,1.0,0.0
07:36:34,"[183.0, 14]","[181.0, 21]","[185.79, 19]","[195.69, 13]",184.39,67,2.79,0.04
07:36:35,"[185.9, 40]","[183.4, 45]","[326.67, 24]","[557.7, 27]",256.28,136,140.77,0.25
07:36:36,"[191.52, 60]","[187.55, 22]","[411.32, 22]","[560.05, 40]",301.42,144,219.8,0.14
07:36:37,"[193.3, 66]","[191.4, 30]","[311.39, 44]","[462.25, 28]",252.34,168,118.08,0.14
07:36:38,"[193.0, 37]","[192.0, 12]","[365.68, 19]","[415.73, 22]",279.34,90,172.68,0.09
07:36:39,"[193.33, 12]","[192.0, 12]","[244.0, 6]","[366.73, 15]",218.67,45,50.67,0.07
07:36:40,"[195.0, 45]","[194.0, 10]","[386.06, 17]","[433.38, 13]",290.53,85,191.06,0.29
07:36:41,"[195.0, 179]","[194.0, 22]","[384.5, 52]","[472.78, 27]",289.75,280,189.5,0.44
07:36:42,"[195.0, 171]","[194.0, 18]","[376.44, 36]","[390.9, 29]",285.72,254,181.44,0.49
07:36:43,"[195.0, 152]","[194.0, 16]","[320.97, 33]","[346.9, 31]",257.98,232,125.97,0.45
07:36:44,"[195.0, 112]","[194.0, 14]","[288.86, 28]","[406.3, 27]",241.93,181,93.86,0.39
07:36:45,"[195.0, 104]","[194.0, 18]","[269.9, 40]","[421.54, 41]",232.45,203,74.9,0.2
07:36:46,"[195.0, 85]","[194.0, 16]","[255.75, 32]","[525.18, 38]",225.38,171,60.75,0.18
07:36:47,"[195.0, 50]","[194.0, 14]","[253.43, 28]","[461.0, 29]",224.21,121,58.43,0.06
07:36:48,"[195.0, 24]","[194.0, 8]","[253.0, 16]","[473.5, 18]",224.0,66,58.0,-0.03
07:36:49,"[195.0, 12]","[194.0, 4]","[241.0, 6]","[253.0, 8]",218.0,30,46.0,0.07
07:36:50,"[195.0, 31]","[194.0, 20]","[247.27, 37]","[265.36, 33]",221.14,121,52.27,-0.16
07:36:51,"[195.0, 18]","[194.0, 12]","[239.17, 24]","[344.0, 18]",217.08,72,44.17,-0.17
07:36:52,"[195.0, 18]","[194.0, 12]","[239.0, 24]","[279.54, 28]",217.0,82,44.0,-0.27
07:36:53,"[195.0, 18]","[194.0, 26]","[239.0, 52]","[311.39, 49]",217.0,145,44.0,-0.39
07:36:54,"[195.0, 13]","[194.0, 26]","[225.54, 65]","[229.34, 59]",210.27,163,30.54,-0.52
07:36:55,"[195.0, 8]","[194.0, 16]","[213.62, 40]","[219.5, 40]",204.31,104,18.62,-0.54
07:36:56,"[195.0, 10]","[194.0, 20]","[209.4, 50]","[211.6, 50]",202.2,130,14.4,-0.54
07:36:57,"[193.25, 8]","[192.44, 9]","[207.88, 40]","[211.0, 40]",200.56,97,14.62,-0.65
07:36:58,"[193.5, 12]","[192.25, 12]","[204.47, 45]","[205.73, 48]",198.98,117,10.97,-0.59
07:36:59,"[193.15, 26]","[190.0, 42]","[200.44, 45]","[202.0, 18]",196.8,131,7.29,0.04
07:37:00,"[194.0, 20]","[193.0, 133]","[199.2, 20]","[200.28, 29]",196.6,202,5.2,0.51
07:37:01,"[193.23, 94]","[192.5, 191]","[195.94, 35]","[197.54, 56]",194.59,376,2.71,0.52
07:37:02,"[193.0, 126]","[189.09, 66]","[194.22, 37]","[223.3, 33]",193.61,262,1.22,0.47
07:37:03,"[191.71, 14]","[189.31, 26]","[242.94, 17]","[624.56, 27]",217.33,84,51.23,-0.05
07:37:04,"[190.89, 18]","[189.67, 18]","[557.11, 27]","[742.21, 29]",374.0,92,366.22,-0.22
07:37:05,"[191.6, 10]","[190.11, 18]","[323.82, 34]","[488.31, 26]",257.71,88,132.22,-0.36
07:37:06,"[190.17, 12]","[189.12, 34]","[605.86, 21]","[647.0, 12]",398.01,79,415.69,0.16
07:37:07,"[189.68, 19]","[188.86, 56]","[409.77, 31]","[590.71, 28]",299.73,134,220.09,0.12
07:37:08,"[191.07, 14]","[189.02, 55]","[250.7, 30]","[254.03, 32]",220.89,131,59.63,0.05
07:37:09,"[193.0, 40]","[190.0, 8]","[246.12, 24]","[250.0, 24]",219.56,96,53.12,0.0
07:37:10,"[193.0, 45]","[190.0, 18]","[246.0, 27]","[250.0, 27]",219.5,117,53.0,0.08
07:37:11,"[193.0, 55]","[190.0, 11]","[245.84, 25]","[385.35, 37]",219.42,128,52.84,0.03
07:37:12,"[193.0, 26]","[190.0, 10]","[238.2, 25]","[245.33, 18]",215.6,79,45.2,-0.09
07:37:13,"[190.6, 10]","[188.15, 52]","[205.93, 15]","[220.66, 32]",198.27,109,15.33,0.14
07:37:14,"[189.0, 7]","[188.0, 56]","[190.3, 20]","[199.94, 17]",189.65,100,1.3,0.26
07:37:15,"[188.19, 26]","[179.19, 53]","[189.9, 29]","[345.81, 32]",189.04,140,1.7,0.13
07:37:16,"[188.77, 35]","[159.59, 22]","[457.45, 33]","[668.0, 36]",323.11,126,268.68,-0.1
07:37:17,"[190.84, 37]","[181.69, 29]","[450.32, 37]","[600.0, 43]",320.58,146,259.49,-0.1
07:37:18,"[191.32, 37]","[169.93, 42]","[302.67, 24]","[365.06, 35]",247.0,138,111.34,0.14
07:37:19,"[191.76, 21]","[190.31, 13]","[259.62, 37]","[346.04, 25]",225.69,96,67.86,-0.29
07:37:20,"[195.0, 11]","[194.0, 11]","[252.6, 20]","[257.2, 35]",223.8,77,57.6,-0.43
07:37:21,"[195.25, 12]","[194.08, 12]","[251.25, 12]","[281.58, 48]",223.25,84,56.0,-0.43
07:37:22,"[195.0, 10]","[194.0, 10]","[249.2, 10]","[299.74, 38]",222.1,68,54.2,-0.41
07:37:23,"[195.0, 11]","[194.0, 11]","[248.91, 11]","[360.09, 44]",221.95,77,53.91,-0.43
07:37:24,"[194.7, 10]","[193.27, 11]","[248.0, 10]","[374.7, 37]",221.35,68,53.3,-0.38
07:37:25,"[192.6, 20]","[190.32, 19]","[248.0, 11]","[401.0, 44]",220.3,94,55.4,-0.17
07:37:26,"[193.0, 36]","[190.44, 18]","[248.0, 9]","[326.41, 34]",220.5,97,55.0,0.11
07:37:27,"[193.0, 20]","[192.0, 16]","[248.0, 8]","[279.0, 32]",220.5,76,55.0,-0.05
07:37:28,"[191.5, 20]","[191.0, 15]","[248.13, 31]","[317.42, 19]",219.81,85,56.63,-0.18
07:37:29,"[190.0, 8]","[189.0, 4]","[242.4, 10]","[254.69, 13]",216.2,35,52.4,-0.31
07:37:30,"[190.0, 28]","[189.0, 14]","[237.91, 46]","[238.04, 52]",213.96,140,47.91,-0.4
07:37:31,"[189.62, 16]","[188.06, 87]","[203.14, 29]","[230.27, 37]",196.38,169,13.51,0.22
07:37:32,"[192.82, 28]","[189.76, 63]","[231.0, 33]","[329.79, 47]",211.91,171,38.18,0.06
07:37:33,"[193.8, 15]","[192.69, 39]","[233.8, 30]","[334.0, 45]",213.8,129,40.0,-0.16
07:37:34,"[193.0, 19]","[188.25, 56]","[231.47, 49]","[244.75, 48]",212.23,172,38.47,-0.13
07:37:35,"[193.0, 11]","[189.22, 18]","[228.21, 29]","[229.92, 26]",210.6,84,35.21,-0.31
07:37:36,"[193.0, 11]","[190.0, 11]","[224.9, 30]","[226.15, 26]",208.95,78,31.9,-0.44
07:37:37,"[193.0, 10]","[190.0, 10]","[212.25, 28]","[215.96, 24]",202.62,72,19.25,-0.44
07:37:38,"[193.0, 15]","[190.0, 15]","[204.73, 37]","[206.19, 31]",198.86,98,11.73,-0.39
07:37:39,"[194.99, 203]","[192.82, 17]","[199.25, 48]","[200.06, 33]",197.12,301,4.26,0.46
07:37:40,"[195.0, 83]","[193.0, 10]","[197.15, 26]","[281.57, 21]",196.08,140,2.15,0.33
07:37:41,"[194.71, 35]","[190.95, 22]","[198.67, 24]","[377.45, 22]",196.69,103,3.95,0.11
07:37:42,"[193.58, 38]","[191.93, 15]","[197.92, 26]","[511.2, 30]",195.75,109,4.34,-0.03
07:37:43,"[190.0, 20]","[189.0, 20]","[195.11, 36]","[290.91, 22]",192.56,98,5.11,-0.18
07:37:44,"[190.0, 43]","[189.0, 28]","[194.86, 56]","[196.0, 28]",192.43,155,4.86,-0.08
07:37:45,"[190.0, 52]","[189.0, 26]","[193.47, 38]","[194.6, 40]",191.74,156,3.47,0.0
07:37:46,"[189.55, 22]","[188.25, 40]","[191.06, 34]","[209.61, 23]",190.3,119,1.51,0.04
07:37:47,"[189.0, 12]","[188.0, 36]","[190.6, 15]","[191.8, 15]",189.8,78,1.6,0.23
07:37:48,"[190.08, 24]","[188.32, 44]","[191.94, 33]","[275.32, 53]",191.01,154,1.86,-0.12
07:37:49,"[189.0, 18]","[188.0, 54]","[190.0, 18]","[192.78, 9]",189.5,99,1.0,0.45
07:37:50,"[188.12, 48]","[129.32, 50]","[197.08, 25]","[286.24, 29]",192.6,152,8.96,0.29
07:37:51,"[189.71, 14]","[169.03, 31]","[204.6, 25]","[622.8, 10]",197.16,80,14.89,0.12
07:37:52,"[193.1, 40]","[188.84, 50]","[227.29, 56]","[337.2, 35]",210.19,181,34.19,-0.01
07:37:53,"[194.0, 56]","[191.0, 28]","[286.46, 56]","[445.64, 28]",240.23,168,92.46,0.0
07:37:54,"[194.0, 47]","[191.0, 16]","[367.75, 32]","[370.0, 16]",280.88,111,173.75,0.14
07:37:55,"[194.0, 65]","[191.0, 26]","[315.67, 45]","[334.67, 42]",254.83,178,121.67,0.02
07:37:56,"[194.0, 144]","[191.37, 41]","[253.61, 18]","[256.0, 72]",223.81,275,59.61,0.35
07:37:57,"[194.0, 112]","[192.0, 42]","[251.1, 20]","[252.32, 50]",222.55,224,57.1,0.38
07:37:58,"[194.0, 81]","[192.0, 36]","[249.13, 15]","[250.02, 45]",221.57,177,55.13,0.32
07:37:59,"[194.0, 33]","[192.0, 33]","[247.45, 11]","[250.0, 44]",220.73,121,53.45,0.09
07:38:00,"[194.0, 20]","[192.0, 24]","[246.43, 14]","[249.77, 26]",220.21,84,52.43,0.05
07:38:01,"[194.0, 14]","[192.0, 24]","[226.8, 20]","[246.08, 26]",210.4,84,32.8,-0.1
07:38:02,"[194.0, 10]","[192.84, 38]","[212.2, 40]","[231.77, 13]",203.1,101,18.2,-0.05
07:38:03,"[193.57, 23]","[192.71, 51]","[207.34, 44]","[214.38, 26]",200.45,144,13.78,0.03
07:38:04,"[193.0, 18]","[192.0, 27]","[204.6, 30]","[205.4, 15]",198.8,90,11.6,0.0
07:38:05,"[192.69, 26]","[191.52, 33]","[202.02, 49]","[203.25, 16]",197.36,124,9.33,-0.05
07:38:06,"[191.0, 8]","[190.0, 8]","[196.4, 5]","[199.22, 9]",193.7,30,5.4,0.07
07:38:07,"[189.13, 95]","[188.31, 39]","[192.57, 23]","[195.64, 25]",190.85,182,3.44,0.47
07:38:08,"[189.0, 57]","[188.0, 33]","[191.38, 29]","[195.05, 19]",190.19,138,2.38,0.3
07:38:09,"[188.8, 45]","[187.52, 58]","[191.14, 14]","[195.4, 50]",189.97,167,2.34,0.23
07:38:10,"[188.59, 34]","[186.7, 60]","[190.3, 10]","[195.0, 30]",189.44,134,1.71,0.4
07:38:11,"[188.64, 28]","[187.3, 50]","[195.0, 24]","[368.32, 25]",191.82,127,6.36,0.23
07:38:12,"[188.89, 47]","[187.62, 73]","[194.03, 32]","[277.33, 45]",191.46,197,5.14,0.22
07:38:13,"[189.33, 12]","[188.35, 23]","[193.0, 10]","[194.0, 15]",191.17,60,3.67,0.17
07:38:14,"[188.17, 36]","[187.14, 70]","[192.5, 16]","[194.0, 24]",190.33,146,4.33,0.45
07:38:15,"[188.0, 80]","[187.0, 160]","[192.42, 31]","[196.54, 52]",190.21,323,4.42,0.49
07:38:16,"[187.34, 68]","[185.82, 55]","[194.64, 22]","[200.0, 34]",190.99,179,7.3,0.37
07:38:17,"[187.0, 90]","[174.0, 10]","[192.3, 30]","[195.6, 30]",189.65,160,5.3,0.25
07:38:18,"[187.0, 108]","[145.52, 62]","[189.67, 36]","[197.0, 36]",188.33,242,2.67,0.4
07:38:19,"[187.0, 81]","[115.79, 19]","[188.86, 21]","[194.33, 27]",187.93,148,1.86,0.35
07:38:20,"[187.0, 63]","[176.34, 68]","[197.9, 20]","[248.17, 36]",192.45,187,10.9,0.4
07:38:21,"[187.0, 24]","[180.68, 25]","[199.0, 15]","[260.0, 25]",193.0,89,12.0,0.1
07:38:22,"[188.64, 66]","[115.83, 52]","[199.0, 30]","[418.7, 50]",193.82,198,10.36,0.19
07:38:23,"[190.0, 8]","[189.0, 72]","[198.62, 24]","[395.39, 36]",194.31,140,8.62,0.14
07:38:24,"[192.0, 16]","[189.16, 80]","[196.52, 29]","[198.25, 36]",194.26,161,4.52,0.19
07:38:25,"[193.4, 15]","[189.13, 93]","[194.88, 34]","[195.77, 26]",194.14,168,1.48,0.29
07:38:26,"[189.08, 50]","[188.14, 70]","[193.91, 22]","[200.66, 32]",191.49,174,4.83,0.38
07:38:27,"[188.09, 32]","[167.41, 64]","[191.07, 30]","[193.43, 28]",189.58,154,2.97,0.25
07:38:28,"[187.0, 8]","[153.0, 18]","[189.5, 16]","[192.0, 16]",188.25,58,2.5,-0.1
07:38:29,"[161.29, 14]","[138.89, 38]","[189.22, 18]","[194.19, 31]",175.25,101,27.94,0.03
07:38:30,"[131.11, 36]","[89.31, 58]","[193.22, 27]","[209.55, 20]",162.17,141,62.11,0.33
07:38:31,"[191.21, 19]","[167.88, 32]","[197.0, 45]","[253.0, 15]",194.11,111,5.79,-0.08
07:38:32,"[192.04, 47]","[174.59, 39]","[347.89, 36]","[492.42, 12]",269.97,134,155.85,0.28
07:38:33,"[194.0, 35]","[189.0, 30]","[407.6, 25]","[534.18, 17]",300.8,107,213.6,0.21
07:38:34,"[194.0, 54]","[189.0, 54]","[445.25, 40]","[628.12, 41]",319.62,189,251.25,0.14
07:38:35,"[194.0, 66]","[189.0, 66]","[501.55, 44]","[653.0, 10]",347.77,186,307.55,0.42
07:38:36,"[194.0, 48]","[189.0, 48]","[307.44, 18]","[590.25, 16]",250.72,130,113.44,0.48
07:38:37,"[194.0, 48]","[189.0, 48]","[479.0, 18]","[556.4, 20]",336.5,134,285.0,0.43
07:38:38,"[192.15, 54]","[156.33, 54]","[459.78, 36]","[518.0, 9]",325.96,153,267.63,0.41
07:38:39,"[189.0, 21]","[111.86, 29]","[287.2, 30]","[421.58, 19]",238.1,99,98.2,0.01
07:38:40,"[189.0, 20]","[188.0, 10]","[388.38, 26]","[445.39, 31]",288.69,87,199.38,-0.31
07:38:41,"[190.17, 12]","[163.92, 13]","[452.2, 15]","[670.33, 9]",321.18,49,262.03,0.02
07:38:42,"[193.25, 32]","[176.84, 32]","[505.0, 8]","[753.0, 16]",349.12,88,311.75,0.45
07:38:43,"[175.11, 61]","[131.43, 21]","[352.15, 34]","[415.38, 13]",263.63,129,177.03,0.27
07:38:44,"[126.91, 66]","[59.48, 104]","[350.0, 33]","[510.46, 26]",238.45,229,223.09,0.48
07:38:45,"[193.98, 129]","[150.29, 14]","[315.71, 28]","[337.6, 25]",254.85,196,121.74,0.46
07:38:46,"[194.0, 240]","[191.0, 15]","[288.49, 45]","[297.8, 40]",241.24,340,94.49,0.5
07:38:47,"[194.0, 180]","[191.0, 12]","[294.07, 27]","[295.67, 33]",244.04,252,100.07,0.52
07:38:48,"[194.0, 84]","[191.0, 7]","[241.31, 16]","[261.33, 15]",217.66,122,47.31,0.49
07:38:49,"[194.0, 144]","[191.44, 18]","[234.69, 29]","[235.8, 35]",214.34,226,40.69,0.43
07:38:50,"[194.0, 132]","[192.0, 44]","[229.18, 22]","[234.0, 33]",211.59,231,35.18,0.52
07:38:51,"[194.0, 144]","[192.0, 48]","[226.88, 32]","[229.88, 32]",210.44,256,32.88,0.5
07:38:52,"[194.0, 160]","[192.0, 56]","[223.25, 36]","[225.0, 39]",208.62,291,29.25,0.48
07:38:53,"[194.0, 132]","[192.0, 48]","[218.94, 34]","[220.0, 28]",206.47,242,24.94,0.49
07:38:54,"[194.0, 209]","[193.0, 24]","[217.42, 36]","[218.5, 36]",205.71,305,23.42,0.53
07:38:55,"[194.0, 183]","[193.0, 26]","[211.83, 41]","[215.69, 39]",202.91,289,17.83,0.45
07:38:56,"[194.0, 230]","[193.0, 36]","[207.92, 61]","[212.65, 49]",200.96,376,13.92,0.41
07:38:57,"[194.0, 120]","[193.0, 20]","[209.62, 40]","[210.44, 45]",201.81,225,15.62,0.24
07:38:58,"[194.0, 180]","[193.0, 30]","[207.78, 45]","[209.48, 69]",200.89,324,13.78,0.3
07:38:59,"[194.04, 100]","[193.75, 64]","[203.18, 34]","[204.37, 38]",198.61,236,9.14,0.39
07:39:00,"[195.0, 14]","[194.0, 168]","[199.69, 52]","[201.09, 44]",197.35,278,4.69,0.31
07:39:01,"[194.05, 93]","[193.73, 82]","[197.29, 63]","[198.29, 58]",195.67,296,3.23,0.18
07:39:02,"[192.04, 150]","[190.33, 144]","[194.11, 57]","[204.61, 49]",193.07,400,2.07,0.47
07:39:03,"[192.0, 70]","[189.66, 29]","[205.41, 29]","[281.97, 33]",198.71,161,13.41,0.23
07:39:04,"[192.13, 62]","[190.37, 87]","[228.87, 62]","[330.85, 59]",210.5,270,36.74,0.1
07:39:05,"[193.57, 7]","[192.0, 24]","[296.0, 24]","[405.0, 12]",244.79,67,102.43,-0.07
07:39:06,"[191.11, 38]","[190.52, 69]","[238.29, 49]","[437.32, 28]",214.7,184,47.18,0.16
07:39:07,"[190.01, 190]","[188.31, 89]","[216.85, 52]","[244.19, 73]",203.43,404,26.84,0.38
07:39:08,"[192.78, 9]","[190.05, 74]","[215.0, 18]","[340.15, 39]",203.89,140,22.22,0.19
07:39:09,"[195.0, 9]","[190.01, 113]","[214.78, 18]","[305.38, 40]",204.89,180,19.78,0.36
07:39:10,"[195.0, 7]","[190.0, 98]","[213.0, 14]","[385.68, 19]",204.0,138,18.0,0.52
07:39:11,"[190.45, 66]","[189.07, 87]","[213.0, 24]","[410.17, 24]",201.73,201,22.55,0.52
07:39:12,"[190.88, 64]","[188.73, 55]","[213.0, 14]","[579.0, 14]",201.94,147,22.12,0.62
07:39:13,"[194.0, 84]","[190.17, 72]","[211.67, 24]","[433.67, 36]",202.83,216,17.67,0.44
07:39:14,"[194.0, 37]","[191.0, 24]","[209.5, 32]","[238.0, 40]",201.75,133,15.5,-0.08
07:39:15,"[194.0, 26]","[191.6, 20]","[208.23, 52]","[210.0, 26]",201.12,124,14.23,-0.26
07:39:16,"[194.0, 14]","[193.0, 7]","[206.83, 24]","[208.67, 18]",200.42,63,12.83,-0.33
07:39:17,"[194.0, 20]","[193.0, 10]","[205.9, 20]","[207.0, 40]",199.95,90,11.9,-0.33
07:39:18,"[194.0, 30]","[193.0, 15]","[204.12, 32]","[205.69, 58]",199.06,135,10.12,-0.33
07:39:19,"[194.0, 109]","[193.0, 9]","[202.09, 22]","[203.12, 32]",198.05,172,8.09,0.37
07:39:20,"[194.0, 225]","[193.0, 15]","[200.2, 30]","[201.52, 46]",197.1,316,6.2,0.52
07:39:21,"[194.0, 134]","[193.0, 11]","[195.57, 28]","[233.94, 36]",194.79,209,1.57,0.39
07:39:22,"[194.0, 8]","[193.0, 8]","[425.25, 36]","[477.03, 31]",309.62,83,231.25,-0.61
07:39:23,"[190.09, 45]","[189.11, 36]","[310.0, 40]","[311.0, 32]",250.04,153,119.91,0.06
07:39:24,"[190.0, 40]","[189.0, 50]","[309.1, 50]","[445.22, 36]",249.55,176,119.1,0.02
07:39:25,"[190.0, 44]","[189.0, 55]","[307.11, 45]","[350.95, 39]",248.56,183,117.11,0.08
07:39:26,"[190.0, 44]","[189.0, 55]","[304.05, 37]","[306.65, 51]",247.03,187,114.05,0.06
07:39:27,"[193.46, 26]","[189.78, 46]","[301.58, 45]","[302.84, 43]",247.52,160,108.12,-0.1
07:39:28,"[195.0, 16]","[191.91, 11]","[299.0, 28]","[301.5, 36]",247.0,91,104.0,-0.41
07:39:29,"[192.14, 28]","[190.5, 24]","[295.71, 35]","[296.92, 37]",243.93,124,103.57,-0.16
07:39:30,"[191.0, 36]","[190.0, 44]","[291.77, 43]","[294.0, 45]",241.38,168,100.77,-0.05
07:39:31,"[190.96, 47]","[189.74, 62]","[210.05, 74]","[244.78, 55]",200.51,238,19.1,-0.08
07:39:32,"[190.96, 107]","[189.9, 49]","[209.17, 60]","[292.0, 36]",200.06,252,18.2,0.24
07:39:33,"[190.38, 47]","[189.2, 49]","[207.14, 43]","[208.22, 45]",198.76,184,16.76,0.04
07:39:34,"[194.2, 75]","[189.66, 29]","[204.9, 21]","[206.16, 43]",199.55,168,10.7,0.24
07:39:35,"[195.0, 99]","[190.38, 21]","[200.42, 19]","[202.92, 25]",197.71,164,5.42,0.46
07:39:36,"[195.0, 101]","[194.0, 11]","[197.56, 27]","[198.76, 17]",196.28,156,2.56,0.44
07:39:37,"[195.0, 80]","[194.0, 12]","[196.68, 22]","[201.79, 42]",195.84,156,1.68,0.18
07:39:38,"[193.41, 32]","[190.82, 17]","[366.28, 32]","[444.94, 35]",279.84,116,172.88,-0.16
07:39:39,"[189.0, 6]","[188.0, 6]","[490.33, 6]","[492.0, 6]",339.67,24,301.33,0.0
07:39:40,"[190.0, 12]","[189.0, 20]","[489.57, 14]","[490.8, 20]",339.79,66,299.57,-0.03
07:39:41,"[190.0, 13]","[189.0, 26]","[396.47, 19]","[421.04, 23]",293.24,81,206.47,-0.04
07:39:42,"[193.8, 10]","[190.08, 12]","[267.33, 15]","[282.12, 16]",230.57,53,73.53,-0.17
07:39:43,"[192.5, 8]","[190.25, 8]","[223.75, 8]","[249.0, 16]",208.12,40,31.25,-0.2
07:39:44,"[191.0, 10]","[190.0, 10]","[220.88, 17]","[242.38, 13]",205.94,50,29.88,-0.2
07:39:45,"[192.6, 10]","[190.0, 10]","[219.7, 20]","[221.0, 10]",206.15,50,27.1,-0.2
07:39:46,"[194.5, 12]","[193.0, 12]","[217.0, 15]","[218.05, 21]",205.75,60,22.5,-0.2
07:39:47,"[195.0, 10]","[193.8, 10]","[213.14, 14]","[213.82, 11]",204.07,45,18.14,-0.11
07:39:48,"[190.8, 20]","[189.8, 20]","[209.86, 21]","[210.59, 17]",200.33,78,19.06,0.03
07:39:49,"[193.67, 120]","[189.19, 54]","[205.25, 24]","[206.39, 36]",199.46,234,11.58,0.49
07:39:50,"[194.0, 56]","[189.0, 16]","[201.75, 8]","[205.0, 16]",197.88,96,7.75,0.5
07:39:51,"[194.42, 73]","[192.72, 47]","[197.36, 11]","[199.17, 12]",195.89,143,2.94,0.68
07:39:52,"[193.83, 60]","[192.61, 41]","[196.36, 11]","[201.57, 14]",195.1,126,2.53,0.6
07:39:53,"[193.0, 71]","[191.0, 12]","[195.5, 16]","[196.2, 20]",194.25,119,2.5,0.39
07:39:54,"[193.0, 121]","[191.0, 16]","[194.23, 26]","[289.41, 29]",193.62,192,1.23,0.43
07:39:55,"[193.0, 55]","[191.0, 8]","[310.46, 13]","[559.73, 15]",251.73,91,117.46,0.38
07:39:56,"[193.29, 21]","[192.57, 23]","[563.2, 10]","[624.71, 14]",378.24,68,369.91,0.29
07:39:57,"[193.0, 27]","[191.0, 9]","[502.83, 12]","[723.0, 15]",347.92,63,309.83,0.14
07:39:58,"[193.0, 11]","[191.0, 11]","[415.0, 11]","[480.42, 12]",304.0,45,222.0,-0.02
07:39:59,"[189.71, 21]","[183.5, 16]","[340.31, 13]","[348.62, 13]",265.01,63,150.59,0.17
07:40:00,"[169.87, 46]","[142.58, 36]","[208.73, 30]","[216.29, 24]",189.3,136,38.86,0.21
07:40:01,"[166.91, 44]","[161.05, 106]","[182.33, 30]","[183.23, 26]",174.62,206,15.42,0.46
07:40:02,"[166.0, 12]","[163.0, 288]","[180.45, 20]","[184.81, 59]",173.22,379,14.45,0.58
07:40:03,"[166.0, 7]","[133.06, 128]","[180.0, 7]","[186.0, 49]",173.0,191,14.0,0.41
07:40:04,"[46.71, 100]","[42.19, 186]","[186.0, 89]","[443.7, 40]",116.36,415,139.29,0.38
07:40:05,"[150.8, 30]","[77.97, 37]","[186.0, 42]","[450.44, 18]",168.4,127,35.2,0.06
07:40:06,"[170.35, 34]","[139.96, 100]","[186.0, 40]","[450.0, 16]",178.18,190,15.65,0.41
07:40:07,"[179.92, 24]","[175.88, 34]","[186.0, 40]","[356.88, 25]",182.96,123,6.08,-0.06
07:40:08,"[181.0, 54]","[180.0, 18]","[186.0, 39]","[187.0, 45]",183.5,156,5.0,-0.08
07:40:09,"[184.64, 168]","[181.3, 46]","[187.0, 65]","[360.77, 57]",185.82,336,2.36,0.27
07:40:10,"[186.49, 175]","[125.63, 60]","[362.84, 51]","[437.02, 51]",274.66,337,176.36,0.39
07:40:11,"[195.0, 28]","[180.25, 8]","[446.8, 25]","[456.23, 13]",320.9,74,251.8,-0.03
07:40:12,"[190.56, 27]","[153.25, 24]","[387.09, 53]","[436.5, 50]",288.82,154,196.54,-0.34
07:40:13,"[190.0, 18]","[180.0, 20]","[271.4, 50]","[275.93, 14]",230.7,102,81.4,-0.25
07:40:14,"[190.0, 10]","[181.6, 20]","[231.7, 50]","[303.2, 50]",210.85,130,41.7,-0.54
07:40:15,"[190.0, 11]","[188.0, 36]","[253.47, 47]","[357.86, 51]",221.73,145,63.47,-0.35
07:40:16,"[190.6, 10]","[188.03, 66]","[241.0, 45]","[242.0, 45]",215.8,166,50.4,-0.08
07:40:17,"[160.43, 49]","[147.08, 12]","[238.31, 58]","[239.76, 46]",199.37,165,77.88,-0.26
07:40:18,"[180.95, 65]","[133.24, 54]","[235.25, 60]","[236.25, 60]",208.1,239,54.3,-0.0
07:40:19,"[189.0, 54]","[159.52, 27]","[234.93, 43]","[235.89, 45]",211.97,169,45.93,-0.04
07:40:20,"[190.56, 81]","[186.07, 45]","[231.85, 46]","[232.45, 42]",211.2,214,41.29,0.18
07:40:21,"[191.0, 66]","[189.0, 54]","[226.37, 35]","[227.14, 35]",208.69,190,35.37,0.26
07:40:22,"[193.84, 114]","[189.62, 87]","[221.14, 71]","[222.55, 89]",207.49,361,27.3,0.11
07:40:23,"[195.0, 120]","[191.0, 54]","[213.25, 76]","[214.32, 80]",204.12,330,18.25,0.05
07:40:24,"[195.0, 84]","[191.0, 42]","[207.57, 58]","[208.64, 56]",201.28,240,12.57,0.05
07:40:25,"[195.0, 84]","[191.0, 42]","[203.29, 42]","[204.62, 52]",199.14,220,8.29,0.15
07:40:26,"[194.81, 63]","[190.88, 34]","[198.27, 33]","[200.18, 33]",196.54,163,3.46,0.19
07:40:27,"[193.76, 29]","[190.27, 30]","[197.0, 27]","[198.22, 27]",195.38,113,3.24,0.04
07:40:28,"[190.34, 58]","[189.73, 33]","[195.29, 41]","[196.6, 47]",192.82,179,4.95,0.02
07:40:29,"[190.25, 72]","[189.33, 18]","[192.73, 52]","[208.2, 44]",191.49,186,2.48,-0.03
07:40:30,"[191.15, 27]","[182.56, 27]","[194.0, 33]","[314.9, 20]",192.57,107,2.85,0.01
07:40:31,"[161.19, 32]","[146.9, 116]","[192.58, 60]","[194.0, 36]",176.89,244,31.4,0.21
07:40:32,"[173.89, 54]","[105.89, 57]","[192.0, 35]","[197.79, 19]",182.94,165,18.11,0.35
07:40:33,"[113.76, 78]","[68.44, 43]","[190.6, 75]","[266.0, 15]",152.18,211,76.84,0.15
07:40:34,"[129.64, 45]","[99.63, 35]","[188.58, 19]","[193.23, 47]",159.11,146,58.93,0.1
07:40:35,"[152.41, 68]","[148.73, 49]","[189.34, 53]","[298.38, 61]",170.88,231,36.93,0.01
07:40:36,"[166.49, 70]","[157.0, 46]","[188.24, 45]","[189.85, 54]",177.37,215,21.76,0.08
07:40:37,"[167.4, 45]","[160.16, 74]","[187.0, 30]","[188.0, 40]",177.2,189,19.6,0.26
07:40:38,"[174.32, 31]","[156.17, 152]","[186.0, 41]","[187.64, 44]",180.16,268,11.68,0.37
07:40:39,"[182.39, 92]","[166.94, 51]","[185.61, 46]","[187.08, 52]",184.0,241,3.22,0.19
07:40:40,"[175.3, 20]","[133.5, 40]","[186.0, 51]","[188.0, 52]",180.65,163,10.7,-0.26
07:40:41,"[173.62, 16]","[140.27, 11]","[185.33, 24]","[187.33, 33]",179.48,84,11.71,-0.36
07:40:42,"[172.8, 30]","[96.63, 27]","[182.0, 20]","[183.0, 60]",177.4,137,9.2,-0.17
07:40:43,"[173.0, 20]","[118.8, 10]","[180.7, 10]","[183.0, 40]",176.85,80,7.7,-0.25
07:40:44,"[173.54, 26]","[123.0, 10]","[179.0, 8]","[183.0, 32]",176.27,76,5.46,-0.05
07:40:45,"[175.74, 76]","[174.39, 41]","[181.79, 43]","[184.91, 46]",178.76,206,6.05,0.14
07:40:46,"[177.04, 56]","[176.61, 61]","[182.31, 52]","[183.92, 52]",179.67,221,5.27,0.06
07:40:47,"[179.5, 24]","[177.0, 84]","[182.1, 41]","[183.1, 42]",180.8,191,2.6,0.13
07:40:48,"[181.77, 26]","[177.0, 91]","[184.15, 26]","[281.56, 27]",182.96,170,2.38,0.38
07:40:49,"[175.51, 73]","[158.4, 70]","[181.74, 31]","[212.2, 40]",178.62,214,6.24,0.34
07:40:50,"[170.5, 16]","[136.83, 35]","[181.9, 30]","[184.93, 41]",176.2,122,11.4,-0.16
07:40:51,"[171.0, 32]","[170.0, 8]","[180.0, 24]","[181.25, 24]",175.5,88,9.0,-0.09
07:40:52,"[172.39, 41]","[171.29, 14]","[180.64, 22]","[182.78, 41]",176.51,118,8.25,-0.07
07:40:53,"[174.64, 25]","[173.4, 10]","[185.0, 28]","[186.0, 77]",179.82,140,10.36,-0.5
07:40:54,"[175.68, 37]","[174.9, 31]","[185.0, 40]","[186.0, 110]",180.34,218,9.32,-0.38
07:40:55,"[178.39, 41]","[176.06, 34]","[184.54, 52]","[185.76, 101]",181.46,228,6.15,-0.34
07:40:56,"[181.1, 10]","[179.0, 40]","[184.0, 40]","[185.0, 40]",182.55,130,2.9,-0.23
07:40:57,"[180.23, 26]","[175.03, 31]","[184.0, 26]","[185.0, 32]",182.12,115,3.77,-0.01
07:40:58,"[182.6, 40]","[180.8, 40]","[184.0, 31]","[185.0, 40]",183.3,151,1.4,0.06
07:40:59,"[183.0, 32]","[135.33, 27]","[184.0, 30]","[185.0, 32]",183.5,121,1.0,-0.02
07:41:00,"[183.0, 20]","[98.0, 15]","[184.0, 5]","[185.0, 20]",183.5,60,1.0,0.17
07:41:01,"[114.0, 22]","[76.09, 23]","[184.96, 28]","[185.94, 70]",149.48,143,70.96,-0.37
07:41:02,"[109.24, 17]","[98.29, 21]","[227.91, 23]","[220.98, 41]",168.57,102,118.68,-0.25
07:41:03,"[186.0, 10]","[136.08, 39]","[237.86, 21]","[418.07, 28]",211.93,98,51.86,0.0
07:41:04,"[128.25, 48]","[105.57, 42]","[243.42, 24]","[418.14, 14]",185.83,128,115.17,0.41
07:41:05,"[129.5, 18]","[93.0, 36]","[186.0, 6]","[274.18, 11]",157.75,71,56.5,0.52
07:41:06,"[142.0, 24]","[101.75, 40]","[186.0, 8]","[347.27, 22]",164.0,94,44.0,0.36
07:41:07,"[134.94, 94]","[117.03, 99]","[230.35, 23]","[267.89, 53]",182.64,269,95.41,0.43
07:41:08,"[155.51, 73]","[154.56, 50]","[178.0, 10]","[180.0, 50]",166.75,183,22.49,0.34
07:41:09,"[169.52, 46]","[168.44, 113]","[178.0, 66]","[180.0, 70]",173.76,295,8.48,0.08
07:41:10,"[173.97, 61]","[171.12, 113]","[179.29, 42]","[181.09, 66]",176.63,282,5.32,0.23
07:41:11,"[179.0, 36]","[177.62, 32]","[181.73, 44]","[190.46, 39]",180.36,151,2.73,-0.1
07:41:12,"[180.8, 45]","[180.31, 32]","[184.0, 27]","[276.0, 27]",182.4,131,3.2,0.18
07:41:13,"[183.0, 14]","[172.95, 57]","[185.14, 21]","[257.71, 21]",184.07,113,2.14,0.26
07:41:14,"[187.77, 44]","[162.11, 55]","[329.71, 21]","[475.81, 27]",258.74,147,141.94,0.35
07:41:15,"[184.0, 99]","[143.28, 25]","[288.89, 19]","[469.84, 25]",236.45,168,104.89,0.48
07:41:16,"[184.98, 52]","[160.38, 78]","[382.06, 34]","[467.63, 30]",283.52,194,197.08,0.34
07:41:17,"[188.81, 58]","[187.49, 61]","[265.78, 27]","[378.31, 39]",227.29,185,76.97,0.29
07:41:18,"[190.0, 30]","[188.28, 64]","[274.0, 30]","[480.0, 30]",232.0,154,84.0,0.22
07:41:19,"[190.0, 21]","[189.0, 42]","[394.7, 20]","[543.29, 17]",292.35,100,204.7,0.26
07:41:20,"[190.0, 24]","[189.0, 48]","[576.0, 30]","[604.33, 12]",383.0,114,386.0,0.26
07:41:21,"[190.0, 30]","[189.0, 60]","[269.56, 16]","[405.83, 12]",229.78,118,79.56,0.53
07:41:22,"[192.6, 30]","[189.29, 34]","[321.2, 25]","[358.4, 10]",256.9,99,128.6,0.29
07:41:23,"[193.0, 50]","[190.0, 16]","[319.18, 34]","[336.11, 19]",256.09,119,126.18,0.11
07:41:24,"[195.0, 28]","[193.78, 23]","[304.09, 11]","[318.73, 22]",249.55,84,109.09,0.21
07:41:25,"[195.0, 40]","[194.0, 30]","[316.44, 32]","[318.14, 28]",255.72,130,121.44,0.08
07:41:26,"[195.0, 32]","[194.0, 24]","[313.5, 28]","[316.2, 20]",254.25,104,118.5,0.08
07:41:27,"[195.0, 84]","[194.0, 27]","[313.14, 28]","[314.23, 26]",254.07,165,118.14,0.35
07:41:28,"[195.0, 160]","[194.0, 57]","[309.25, 32]","[312.0, 64]",252.12,313,114.25,0.39
07:41:29,"[195.0, 94]","[194.0, 60]","[302.43, 14]","[309.86, 28]",248.71,196,107.43,0.57
07:41:30,"[193.57, 70]","[190.81, 96]","[293.83, 42]","[296.84, 31]",243.7,239,100.26,0.39
07:41:31,"[193.0, 47]","[191.0, 66]","[289.19, 36]","[290.08, 48]",241.1,197,96.19,0.15
07:41:32,"[193.0, 21]","[191.0, 42]","[289.0, 21]","[290.0, 35]",241.0,119,96.0,0.06
07:41:33,"[191.55, 53]","[190.47, 114]","[285.05, 41]","[288.47, 47]",238.3,255,93.5,0.31
07:41:34,"[193.0, 16]","[191.0, 96]","[225.68, 63]","[240.31, 68]",209.34,243,32.68,-0.08
07:41:35,"[193.91, 11]","[191.0, 66]","[205.72, 29]","[206.7, 40]",199.82,146,11.82,0.05
07:41:36,"[194.0, 13]","[191.0, 78]","[204.39, 31]","[205.53, 34]",199.19,156,10.39,0.17
07:41:37,"[191.94, 64]","[190.58, 104]","[199.64, 61]","[199.94, 63]",195.79,292,7.7,0.15
07:41:38,"[192.04, 107]","[190.57, 92]","[194.78, 69]","[197.23, 57]",193.41,325,2.75,0.22
07:41:39,"[191.0, 28]","[190.0, 104]","[192.51, 59]","[194.71, 35]",191.75,226,1.51,0.17
07:41:40,"[190.0, 67]","[189.0, 54]","[195.1, 20]","[260.0, 10]",192.55,151,5.1,0.6
07:41:41,"[190.0, 97]","[188.0, 49]","[192.14, 42]","[193.59, 34]",191.07,222,2.14,0.32
07:41:42,"[190.0, 42]","[188.0, 37]","[233.6, 15]","[465.5, 22]",211.8,116,43.6,0.36
07:41:43,"[190.0, 18]","[188.0, 18]","[466.24, 17]","[690.54, 13]",328.12,66,276.24,0.09
07:41:44,"[190.0, 15]","[188.0, 43]","[304.0, 20]","[595.33, 12]",247.0,90,114.0,0.29
07:41:45,"[190.0, 11]","[188.0, 70]","[299.74, 19]","[314.67, 12]",244.87,112,109.74,0.45
07:41:46,"[188.26, 23]","[187.68, 44]","[416.11, 9]","[474.23, 13]",302.19,89,227.85,0.51
07:41:47,"[188.67, 90]","[187.74, 81]","[234.22, 9]","[269.67, 9]",211.44,189,45.56,0.81
07:41:48,"[192.29, 82]","[188.85, 136]","[233.32, 22]","[234.58, 12]",212.81,252,41.03,0.73
07:41:49,"[194.0, 56]","[189.0, 98]","[231.1, 20]","[232.67, 12]",212.55,186,37.1,0.66
07:41:50,"[194.0, 81]","[189.0, 144]","[229.56, 27]","[232.0, 9]",211.78,261,35.56,0.72
07:41:51,"[194.0, 36]","[189.0, 64]","[228.0, 4]","[229.0, 12]",211.0,116,34.0,0.72
07:41:52,"[194.0, 54]","[189.0, 96]","[226.0, 16]","[227.81, 16]",210.0,182,32.0,0.65
07:41:53,"[194.0, 115]","[189.0, 208]","[224.54, 39]","[226.0, 65]",209.27,427,30.54,0.51
07:41:54,"[194.0, 105]","[189.0, 240]","[220.88, 49]","[225.41, 71]",207.44,465,26.88,0.48
07:41:55,"[192.62, 109]","[188.94, 222]","[215.06, 33]","[216.12, 49]",203.84,413,22.44,0.6
07:41:56,"[190.17, 46]","[190.03, 74]","[211.55, 22]","[212.31, 16]",200.86,158,21.37,0.52
07:41:57,"[192.38, 42]","[189.46, 141]","[203.81, 62]","[204.53, 30]",198.09,275,11.43,0.33
07:41:58,"[192.67, 18]","[189.35, 34]","[203.0, 15]","[204.0, 25]",197.83,92,10.33,0.13
07:41:59,"[192.0, 38]","[191.0, 24]","[200.94, 50]","[202.11, 46]",196.47,158,8.94,-0.22
07:42:00,"[191.6, 30]","[189.32, 114]","[197.33, 33]","[199.6, 47]",194.47,224,5.73,0.29
07:42:01,"[189.72, 50]","[188.96, 184]","[192.09, 35]","[194.0, 17]",190.9,286,2.37,0.64
07:42:02,"[189.0, 228]","[188.0, 64]","[190.25, 61]","[239.92, 25]",189.62,378,1.25,0.54
07:42:03,"[189.0, 120]","[188.0, 40]","[190.0, 40]","[199.5, 50]",189.5,250,1.0,0.28
07:42:04,"[189.0, 100]","[188.0, 52]","[218.78, 37]","[294.33, 55]",203.89,244,29.78,0.25
07:42:05,"[188.88, 50]","[187.93, 30]","[280.0, 44]","[368.33, 33]",234.44,157,91.12,0.02
07:42:06,"[189.27, 75]","[188.0, 45]","[214.08, 51]","[260.08, 25]",201.67,196,24.81,0.22
07:42:07,"[190.19, 78]","[188.2, 25]","[207.0, 56]","[210.0, 14]",198.6,173,16.81,0.19
07:42:08,"[191.0, 55]","[190.0, 22]","[206.45, 44]","[210.0, 11]",198.73,132,15.45,0.17
07:42:09,"[191.2, 50]","[190.0, 20]","[205.0, 40]","[345.6, 15]",198.1,125,13.8,0.12
07:42:10,"[192.88, 40]","[190.0, 16]","[204.12, 32]","[437.0, 8]",198.5,96,11.25,0.17
07:42:11,"[193.0, 50]","[190.0, 65]","[199.96, 47]","[210.6, 35]",196.48,197,6.96,0.17
07:42:12,"[193.0, 60]","[190.0, 84]","[196.75, 56]","[198.38, 52]",194.88,252,3.75,0.14
07:42:13,"[193.31, 91]","[192.05, 132]","[195.66, 53]","[198.0, 52]",194.48,328,2.35,0.36
07:42:14,"[193.0, 148]","[190.0, 70]","[194.0, 38]","[195.0, 10]",193.5,266,1.0,0.64
07:42:15,"[193.0, 164]","[190.0, 105]","[194.0, 45]","[324.14, 29]",193.5,343,1.0,0.57
07:42:16,"[193.0, 88]","[190.0, 70]","[261.2, 30]","[333.44, 16]",227.1,204,68.2,0.55
07:42:17,"[193.0, 63]","[190.36, 33]","[280.06, 31]","[380.82, 17]",236.53,144,87.06,0.33
07:42:18,"[193.0, 28]","[191.0, 8]","[225.0, 20]","[284.0, 12]",209.0,68,32.0,0.06
07:42:19,"[193.0, 51]","[191.0, 16]","[279.7, 20]","[321.78, 36]",236.35,123,86.7,0.09
07:42:20,"[192.75, 16]","[190.5, 28]","[241.0, 9]","[277.89, 27]",216.88,80,48.25,0.1
07:42:21,"[190.33, 30]","[189.9, 42]","[206.0, 40]","[392.33, 12]",198.17,124,15.67,0.16
07:42:22,"[194.45, 40]","[190.5, 28]","[206.0, 48]","[587.32, 22]",200.22,138,11.55,-0.01
07:42:23,"[191.55, 11]","[190.27, 11]","[360.0, 8]","[527.88, 26]",275.77,56,168.45,-0.21
07:42:24,"[156.0, 4]","[44.2, 15]","[360.0, 4]","[403.0, 16]",258.0,39,204.0,-0.03
07:42:25,"[84.58, 26]","[22.3, 40]","[264.91, 11]","[610.03, 30]",174.74,107,180.33,0.23
07:42:26,"[161.14, 29]","[67.53, 15]","[185.0, 10]","[186.0, 5]",173.07,59,23.86,0.49
07:42:27,"[159.75, 65]","[119.96, 25]","[403.5, 12]","[640.55, 33]",281.63,135,243.75,0.33
07:42:28,"[125.76, 17]","[106.75, 73]","[366.11, 27]","[652.75, 32]",245.94,149,240.35,0.21
07:42:29,"[169.0, 6]","[125.57, 14]","[193.75, 24]","[299.89, 18]",181.38,62,24.75,-0.35
07:42:30,"[110.5, 16]","[89.98, 48]","[178.0, 32]","[200.0, 14]",144.25,110,67.5,0.16
07:42:31,"[61.33, 6]","[7.0, 1]","[178.0, 20]","[356.4, 10]",119.67,37,116.67,-0.62
07:42:32,"[64.33, 6]","[44.33, 3]","[178.0, 8]","[184.0, 8]",121.17,25,113.67,-0.28
07:42:33,"[73.91, 44]","[65.1, 40]","[178.0, 44]","[184.0, 44]",125.95,172,104.09,-0.02
07:42:34,"[106.28, 29]","[66.85, 26]","[182.86, 21]","[184.64, 11]",144.57,87,76.58,0.26
07:42:35,"[70.0, 33]","[34.76, 34]","[239.86, 21]","[275.14, 36]",154.93,124,169.86,0.08
07:42:36,"[88.36, 44]","[47.29, 56]","[227.83, 36]","[289.57, 51]",158.1,187,139.47,0.07
07:42:37,"[109.6, 60]","[101.77, 52]","[187.0, 45]","[188.0, 40]",148.3,197,77.4,0.14
07:42:38,"[140.87, 90]","[136.82, 56]","[185.1, 30]","[188.0, 20]",162.98,196,44.23,0.49
07:42:39,"[166.0, 44]","[158.48, 54]","[184.63, 19]","[188.0, 14]",175.32,131,18.63,0.5
07:42:40,"[177.7, 40]","[175.95, 38]","[183.8, 20]","[188.0, 20]",180.75,118,6.1,0.32
07:42:41,"[178.5, 72]","[176.5, 48]","[183.33, 18]","[186.45, 47]",180.92,185,4.83,0.3
07:42:42,"[181.2, 56]","[178.98, 172]","[183.21, 38]","[185.64, 39]",182.2,305,2.01,0.5
07:42:43,"[184.41, 51]","[182.64, 134]","[186.0, 47]","[187.0, 65]",185.21,297,1.59,0.25
07:42:44,"[184.09, 66]","[165.18, 34]","[186.81, 31]","[187.5, 20]",185.45,151,2.72,0.32
07:42:45,"[185.0, 188]","[126.12, 32]","[186.84, 77]","[187.63, 41]",185.92,338,1.84,0.3
07:42:46,"[185.0, 77]","[156.27, 82]","[187.0, 55]","[198.25, 20]",186.0,234,2.0,0.36
07:42:47,"[165.4, 73]","[153.2, 49]","[187.93, 29]","[219.5, 12]",176.66,163,22.53,0.5
07:42:48,"[180.0, 30]","[157.03, 66]","[272.0, 9]","[360.11, 18]",226.0,123,92.0,0.56
07:42:49,"[191.0, 50]","[146.75, 32]","[478.0, 19]","[513.76, 17]",334.5,118,287.0,0.39
07:42:50,"[191.72, 78]","[177.67, 42]","[403.57, 28]","[479.16, 38]",297.64,186,211.85,0.29
07:42:51,"[195.0, 66]","[192.0, 176]","[324.25, 24]","[397.44, 32]",259.62,298,129.25,0.62
07:42:52,"[195.0, 42]","[192.0, 144]","[215.4, 20]","[238.12, 17]",205.2,223,20.4,0.67
07:42:53,"[195.0, 48]","[192.0, 128]","[211.88, 16]","[214.8, 30]",203.44,222,16.88,0.59
07:42:54,"[195.0, 60]","[194.0, 30]","[199.23, 26]","[204.67, 24]",197.12,140,4.23,0.29
07:42:55,"[195.0, 30]","[194.0, 15]","[197.0, 16]","[198.57, 14]",196.0,75,2.0,0.2
07:42:56,"[195.0, 38]","[194.0, 24]","[196.13, 30]","[211.12, 16]",195.57,108,1.13,0.15
07:42:57,"[194.7, 10]","[193.14, 37]","[196.75, 16]","[216.4, 15]",195.72,78,2.05,0.21
07:42:58,"[192.26, 92]","[191.72, 89]","[194.67, 18]","[473.6, 15]",193.46,214,2.41,0.69
07:42:59,"[192.0, 112]","[191.0, 35]","[193.6, 10]","[336.29, 14]",192.8,171,1.6,0.72
07:43:00,"[192.14, 110]","[191.61, 90]","[302.5, 12]","[436.8, 20]",247.32,232,110.36,0.72
07:43:01,"[193.23, 26]","[192.37, 70]","[439.87, 15]","[540.86, 22]",316.55,133,246.64,0.44
07:43:02,"[193.0, 28]","[192.0, 88]","[543.86, 22]","[694.3, 10]",368.43,148,350.86,0.57
07:43:03,"[192.01, 79]","[190.18, 160]","[321.69, 39]","[691.0, 13]",256.85,291,129.68,0.64
07:43:04,"[192.43, 35]","[191.29, 17]","[256.0, 21]","[438.0, 1]",224.21,74,63.57,0.41
07:43:05,"[195.0, 45]","[192.0, 45]","[256.0, 27]","[757.0, 27]",225.5,144,61.0,0.25
07:43:06,"[195.0, 25]","[191.73, 15]","[203.67, 12]","[299.76, 25]",199.33,77,8.67,0.04
07:43:07,"[195.0, 4]","[192.0, 4]","[202.5, 16]","[227.0, 4]",198.75,28,7.5,-0.43
07:43:08,"[195.0, 8]","[192.0, 8]","[202.0, 32]","[277.75, 8]",198.5,56,7.0,-0.43
07:43:09,"[195.0, 10]","[192.0, 10]","[201.3, 40]","[371.75, 12]",198.15,72,6.3,-0.44
07:43:10,"[195.0, 15]","[192.0, 15]","[200.07, 60]","[250.28, 57]",197.53,147,5.07,-0.59
07:43:11,"[195.0, 9]","[192.0, 9]","[197.44, 36]","[198.78, 36]",196.22,90,2.44,-0.6
07:43:12,"[192.33, 12]","[190.59, 34]","[195.17, 35]","[197.27, 44]",193.75,125,2.84,-0.26
07:43:13,"[190.11, 72]","[189.89, 72]","[192.43, 14]","[241.73, 22]",191.27,180,2.32,0.6
07:43:14,"[190.0, 144]","[189.0, 20]","[192.67, 12]","[295.67, 18]",191.33,194,2.67,0.69
07:43:15,"[190.0, 84]","[189.0, 14]","[191.21, 19]","[192.17, 12]",190.61,129,1.21,0.52
07:43:16,"[190.0, 104]","[189.0, 22]","[191.06, 31]","[268.47, 19]",190.53,176,1.06,0.43
07:43:17,"[190.0, 26]","[189.0, 26]","[193.0, 13]","[386.38, 39]",191.5,104,3.0,0.0
07:43:18,"[194.43, 105]","[189.87, 30]","[301.54, 28]","[518.06, 34]",247.98,197,107.11,0.37
07:43:19,"[195.0, 63]","[194.0, 9]","[227.0, 36]","[461.33, 9]",211.0,117,32.0,0.23
07:43:20,"[195.0, 30]","[194.0, 5]","[227.0, 20]","[750.6, 5]",211.0,60,32.0,0.17
07:43:21,"[195.0, 51]","[194.0, 9]","[225.82, 33]","[443.33, 12]",210.41,105,30.82,0.14
07:43:22,"[195.0, 56]","[194.0, 10]","[223.71, 28]","[292.35, 23]",209.36,117,28.71,0.13
07:43:23,"[195.0, 56]","[194.0, 8]","[223.38, 32]","[314.64, 22]",209.19,118,28.38,0.08
07:43:24,"[195.0, 105]","[194.0, 15]","[221.73, 60]","[296.4, 45]",208.37,225,26.73,0.07
07:43:25,"[195.0, 85]","[194.0, 10]","[219.1, 40]","[361.5, 30]",207.05,165,24.1,0.15
07:43:26,"[195.0, 154]","[194.0, 7]","[218.86, 28]","[402.0, 21]",206.93,210,23.86,0.53
07:43:27,"[195.0, 110]","[194.0, 5]","[217.8, 20]","[531.8, 10]",206.4,145,22.8,0.59
07:43:28,"[195.0, 176]","[194.0, 8]","[215.07, 28]","[225.41, 27]",205.04,239,20.07,0.54
07:43:29,"[195.0, 207]","[194.0, 10]","[213.8, 30]","[215.0, 40]",204.4,287,18.8,0.51
07:43:30,"[195.0, 241]","[194.0, 13]","[212.02, 61]","[213.39, 41]",203.51,356,17.02,0.43
07:43:31,"[195.0, 244]","[194.0, 16]","[209.94, 71]","[211.42, 67]",202.47,398,14.94,0.31
07:43:32,"[195.0, 178]","[194.0, 12]","[205.45, 53]","[206.62, 47]",200.23,290,10.45,0.31
07:43:33,"[195.0, 168]","[194.0, 12]","[203.11, 53]","[204.23, 48]",199.06,281,8.11,0.28
07:43:34,"[195.0, 168]","[194.0, 12]","[200.0, 60]","[201.0, 36]",197.5,276,5.0,0.3
07:43:35,"[195.0, 66]","[194.0, 6]","[199.0, 30]","[201.0, 18]",197.0,120,4.0,0.2
07:43:36,"[195.0, 119]","[193.17, 92]","[196.47, 75]","[197.96, 69]",195.73,355,1.47,0.19
07:43:37,"[193.77, 39]","[192.62, 47]","[195.5, 50]","[265.1, 50]",194.63,186,1.73,-0.08
07:43:38,"[193.0, 42]","[191.0, 35]","[195.0, 35]","[527.0, 35]",194.0,147,2.0,0.05
07:43:39,"[193.0, 66]","[191.0, 55]","[195.0, 55]","[473.26, 47]",194.0,223,2.0,0.09
07:43:40,"[191.39, 62]","[190.29, 70]","[193.73, 41]","[229.26, 39]",192.56,212,2.34,0.25
07:43:41,"[191.0, 55]","[190.0, 55]","[216.95, 44]","[276.66, 32]",203.98,186,25.95,0.18
07:43:42,"[192.76, 92]","[190.93, 54]","[215.61, 56]","[283.51, 72]",204.18,274,22.85,0.07
07:43:43,"[195.0, 13]","[191.0, 40]","[197.0, 24]","[310.0, 40]",196.0,117,2.0,-0.09
07:43:44,"[193.49, 41]","[191.88, 69]","[196.7, 30]","[307.78, 46]",195.09,186,3.21,0.18
07:43:45,"[192.0, 63]","[190.0, 14]","[293.0, 21]","[455.71, 35]",242.5,133,101.0,0.16
07:43:46,"[192.0, 42]","[190.0, 12]","[246.12, 24]","[516.12, 24]",219.06,102,54.12,0.06
07:43:47,"[192.0, 57]","[190.0, 20]","[257.95, 38]","[500.14, 42]",224.97,157,65.95,-0.02
07:43:48,"[190.4, 20]","[189.04, 50]","[381.69, 39]","[528.43, 35]",286.05,144,191.29,-0.03
07:43:49,"[190.0, 10]","[189.0, 30]","[450.4, 25]","[570.16, 19]",320.2,84,260.4,-0.05
07:43:50,"[190.0, 11]","[189.0, 60]","[427.05, 40]","[620.15, 40]",308.52,151,237.05,-0.06
07:43:51,"[191.25, 8]","[189.05, 38]","[508.75, 24]","[693.62, 40]",350.0,110,317.5,-0.16
07:43:52,"[195.0, 10]","[190.0, 10]","[405.5, 30]","[577.2, 50]",300.25,100,210.5,-0.6
07:43:53,"[195.0, 10]","[190.0, 10]","[303.26, 38]","[432.92, 37]",249.13,95,108.26,-0.58
07:43:54,"[193.12, 80]","[192.74, 70]","[228.67, 36]","[262.47, 34]",210.9,220,35.54,0.36
07:43:55,"[193.0, 75]","[190.0, 5]","[224.0, 20]","[375.59, 17]",208.5,117,31.0,0.37
07:43:56,"[193.0, 240]","[190.0, 16]","[287.11, 45]","[328.96, 74]",240.06,375,94.11,0.37
07:43:57,"[193.27, 103]","[192.84, 95]","[272.0, 22]","[274.0, 55]",232.64,275,78.73,0.44
07:43:58,"[194.22, 27]","[193.09, 99]","[272.0, 18]","[365.39, 33]",233.11,177,77.78,0.42
07:43:59,"[193.04, 92]","[192.15, 39]","[272.0, 14]","[404.0, 7]",232.52,152,78.96,0.72
07:44:00,"[193.0, 120]","[192.0, 48]","[238.15, 26]","[279.79, 19]",215.58,213,45.15,0.58
07:44:01,"[193.0, 150]","[192.0, 60]","[272.0, 20]","[542.22, 27]",232.5,257,79.0,0.63
07:44:02,"[193.0, 146]","[192.0, 60]","[270.73, 22]","[508.33, 36]",231.86,264,77.73,0.56
07:44:03,"[193.0, 108]","[192.0, 54]","[243.5, 24]","[307.59, 27]",218.25,213,50.5,0.52
07:44:04,"[193.0, 144]","[192.0, 72]","[198.97, 35]","[214.66, 41]",195.99,292,5.97,0.48
07:44:05,"[193.0, 142]","[192.0, 72]","[197.27, 30]","[198.62, 42]",195.13,286,4.27,0.5
07:44:06,"[193.0, 88]","[192.0, 60]","[195.46, 26]","[196.24, 37]",194.23,211,2.46,0.4
07:44:07,"[193.0, 43]","[192.0, 60]","[195.12, 32]","[227.32, 34]",194.06,169,2.12,0.22
07:44:08,"[193.37, 82]","[192.65, 102]","[195.0, 46]","[243.53, 38]",194.18,268,1.63,0.37
07:44:09,"[194.91, 22]","[193.71, 70]","[262.35, 23]","[352.67, 21]",228.63,136,67.44,0.35
07:44:10,"[197.64, 44]","[195.27, 44]","[287.0, 24]","[342.75, 32]",242.32,144,89.36,0.22
07:44:11,"[195.08, 52]","[194.21, 78]","[339.64, 25]","[342.45, 33]",267.36,188,144.56,0.38
07:44:12,"[195.0, 50]","[194.0, 62]","[334.12, 25]","[339.21, 29]",264.56,166,139.12,0.35
07:44:13,"[195.0, 72]","[194.0, 18]","[292.62, 26]","[337.26, 23]",243.81,139,97.62,0.29
07:44:14,"[195.0, 88]","[194.0, 22]","[264.91, 44]","[322.67, 24]",229.95,178,69.91,0.24
07:44:15,"[195.0, 76]","[194.0, 20]","[232.4, 30]","[282.12, 32]",213.7,158,37.4,0.22
07:44:16,"[195.0, 20]","[194.0, 16]","[265.57, 28]","[417.81, 31]",230.29,95,70.57,-0.24
07:44:17,"[190.39, 31]","[189.6, 45]","[225.0, 28]","[296.86, 21]",207.69,125,34.61,0.22
07:44:18,"[190.0, 21]","[189.0, 12]","[266.4, 10]","[388.18, 11]",228.2,54,76.4,0.22
07:44:19,"[189.54, 52]","[188.82, 34]","[294.0, 39]","[617.0, 52]",241.77,177,104.46,-0.03
07:44:20,"[189.07, 57]","[188.4, 10]","[293.6, 25]","[624.0, 26]",241.34,118,104.53,0.14
07:44:21,"[191.44, 133]","[188.94, 125]","[292.06, 80]","[508.38, 24]",241.75,362,100.63,0.43
07:44:22,"[195.0, 27]","[189.0, 131]","[291.22, 45]","[308.0, 9]",243.11,212,96.22,0.49
07:44:23,"[195.0, 22]","[191.6, 104]","[287.71, 51]","[312.67, 21]",241.35,198,92.71,0.27
07:44:24,"[192.6, 50]","[190.15, 117]","[336.92, 36]","[470.71, 24]",264.76,227,144.32,0.47
07:44:25,"[192.0, 64]","[189.0, 96]","[435.68, 25]","[622.04, 26]",313.84,211,243.68,0.52
07:44:26,"[192.16, 25]","[189.55, 44]","[399.2, 15]","[419.7, 10]",295.68,94,207.04,0.47
07:44:27,"[193.67, 12]","[191.31, 52]","[398.0, 24]","[400.0, 18]",295.83,106,204.33,0.21
07:44:28,"[192.3, 30]","[190.91, 99]","[302.13, 47]","[323.72, 29]",247.21,205,109.83,0.26
07:44:29,"[192.0, 50]","[189.0, 120]","[201.56, 39]","[202.86, 28]",196.78,237,9.56,0.43
07:44:30,"[192.0, 35]","[189.0, 84]","[198.62, 29]","[200.5, 20]",195.31,168,6.62,0.42
07:44:31,"[192.41, 29]","[190.0, 90]","[196.1, 31]","[197.39, 46]",194.26,196,3.68,0.21
07:44:32,"[191.03, 37]","[188.9, 144]","[194.6, 25]","[197.44, 54]",192.81,260,3.57,0.39
07:44:33,"[192.0, 21]","[189.0, 84]","[195.43, 35]","[203.0, 28]",193.71,168,3.43,0.25
07:44:34,"[192.0, 30]","[189.0, 120]","[198.64, 44]","[299.24, 37]",195.32,231,6.64,0.3
07:44:35,"[195.0, 20]","[192.0, 15]","[202.0, 20]","[343.33, 18]",198.5,73,7.0,-0.04
07:44:36,"[195.0, 52]","[192.0, 39]","[201.23, 52]","[705.5, 40]",198.12,183,6.23,-0.01
07:44:37,"[195.0, 40]","[192.31, 32]","[199.5, 40]","[463.6, 30]",197.25,142,4.5,0.01
07:44:38,"[193.41, 34]","[191.39, 36]","[198.0, 40]","[270.95, 38]",195.71,148,4.59,-0.05
07:44:39,"[192.0, 12]","[190.0, 16]","[197.0, 16]","[265.5, 16]",194.5,60,5.0,-0.07
07:44:40,"[191.5, 24]","[189.89, 27]","[195.03, 35]","[389.97, 30]",193.26,116,3.53,-0.12
07:44:41,"[190.0, 22]","[189.0, 67]","[193.2, 40]","[194.43, 37]",191.6,166,3.2,0.07
07:44:42,"[189.4, 40]","[188.76, 63]","[192.17, 36]","[221.64, 33]",190.78,172,2.77,0.2
07:44:43,"[189.0, 40]","[188.0, 30]","[193.0, 20]","[346.0, 30]",191.0,120,4.0,0.17
07:44:44,"[188.86, 21]","[187.0, 20]","[191.17, 12]","[467.0, 18]",190.01,71,2.31,0.15
07:44:45,"[182.96, 25]","[158.91, 55]","[190.5, 32]","[403.87, 47]",186.73,159,7.54,0.01
07:44:46,"[119.7, 46]","[84.44, 34]","[298.48, 23]","[425.0, 27]",209.09,130,178.78,0.23
07:44:47,"[157.14, 21]","[88.8, 25]","[211.25, 8]","[287.0, 15]",184.2,69,54.11,0.33
07:44:48,"[196.0, 33]","[101.68, 37]","[209.55, 11]","[354.64, 22]",202.77,103,13.55,0.36
07:44:49,"[196.0, 27]","[195.0, 18]","[209.0, 9]","[471.9, 21]",202.5,75,13.0,0.2
07:44:50,"[196.0, 33]","[195.0, 22]","[209.0, 11]","[428.39, 23]",202.5,89,13.0,0.24
07:44:51,"[161.24, 29]","[163.57, 14]","[207.33, 12]","[435.67, 21]",184.29,76,46.09,0.13
07:44:52,"[194.0, 123]","[181.78, 27]","[209.0, 12]","[513.83, 24]",201.5,186,15.0,0.61
07:44:53,"[194.0, 48]","[191.0, 72]","[207.43, 7]","[380.73, 11]",200.71,138,13.43,0.74
07:44:54,"[194.0, 72]","[191.0, 108]","[207.89, 9]","[398.0, 18]",200.94,207,13.89,0.74
07:44:55,"[194.0, 56]","[191.0, 84]","[206.4, 10]","[298.33, 15]",200.2,165,12.4,0.7
07:44:56,"[194.0, 48]","[191.0, 72]","[201.92, 12]","[204.56, 18]",197.96,150,7.92,0.6
07:44:57,"[196.5, 32]","[194.17, 58]","[199.43, 14]","[200.92, 26]",197.96,130,2.93,0.38
07:44:58,"[195.0, 64]","[194.0, 64]","[198.88, 32]","[200.0, 8]",196.94,168,3.88,0.52
07:44:59,"[195.0, 46]","[194.0, 56]","[197.29, 28]","[200.0, 7]",196.14,137,2.29,0.49
07:45:00,"[194.1, 60]","[191.55, 132]","[196.83, 48]","[200.0, 12]",195.47,252,2.73,0.52
07:45:01,"[192.83, 92]","[190.9, 126]","[195.6, 25]","[227.5, 32]",194.21,275,2.77,0.59
07:45:02,"[191.04, 170]","[189.77, 62]","[255.42, 26]","[344.9, 29]",223.23,287,64.39,0.62
07:45:03,"[194.0, 11]","[191.53, 76]","[240.75, 24]","[375.64, 22]",217.38,133,46.75,0.31
07:45:04,"[192.0, 14]","[191.0, 168]","[223.71, 42]","[257.93, 28]",207.86,252,31.71,0.44
07:45:05,"[192.0, 5]","[191.0, 60]","[222.57, 14]","[333.55, 11]",207.29,90,30.57,0.44
07:45:06,"[191.05, 111]","[189.3, 30]","[218.37, 35]","[317.8, 25]",204.71,201,27.32,0.4
07:45:07,"[194.0, 33]","[191.0, 146]","[217.64, 33]","[321.26, 31]",205.82,243,23.64,0.47
07:45:08,"[194.0, 30]","[191.0, 134]","[215.8, 30]","[316.85, 26]",204.9,220,21.8,0.49
07:45:09,"[194.0, 39]","[191.0, 156]","[236.08, 37]","[423.31, 32]",215.04,264,42.08,0.48
07:45:10,"[194.0, 36]","[191.0, 144]","[408.33, 51]","[459.32, 57]",301.17,288,214.33,0.25
07:45:11,"[194.0, 30]","[191.0, 120]","[318.48, 29]","[397.54, 41]",256.24,220,124.48,0.36
07:45:12,"[191.51, 65]","[190.77, 78]","[318.0, 55]","[319.0, 22]",254.75,220,126.49,0.3
07:45:13,"[192.0, 7]","[191.0, 63]","[305.83, 23]","[319.62, 26]",248.91,119,113.83,0.18
07:45:14,"[192.86, 14]","[191.02, 92]","[276.0, 34]","[307.71, 42]",234.43,182,83.14,0.16
07:45:15,"[195.0, 28]","[192.93, 41]","[256.97, 38]","[257.43, 54]",225.99,161,61.97,-0.14
07:45:16,"[194.71, 28]","[192.71, 21]","[253.93, 29]","[255.44, 39]",224.32,117,59.22,-0.16
07:45:17,"[193.0, 44]","[191.33, 27]","[249.6, 25]","[251.36, 39]",221.3,135,56.6,0.05
07:45:18,"[191.83, 77]","[190.7, 23]","[245.55, 47]","[246.58, 45]",218.69,192,53.72,0.04
07:45:19,"[191.0, 99]","[190.0, 43]","[242.31, 48]","[243.18, 17]",216.66,207,51.31,0.37
07:45:20,"[191.0, 59]","[190.0, 44]","[234.9, 50]","[236.86, 29]",212.95,182,43.9,0.13
07:45:21,"[190.57, 42]","[189.36, 66]","[231.39, 59]","[232.79, 47]",210.98,214,40.82,0.01
07:45:22,"[190.0, 18]","[189.0, 54]","[228.63, 19]","[230.1, 29]",209.32,120,38.63,0.2
07:45:23,"[195.0, 143]","[192.88, 50]","[225.02, 61]","[226.51, 43]",210.01,297,30.02,0.3
07:45:24,"[195.0, 102]","[190.63, 76]","[216.84, 51]","[223.69, 35]",205.92,264,21.84,0.35
07:45:25,"[195.0, 125]","[190.0, 118]","[203.72, 60]","[217.41, 58]",199.36,361,8.72,0.35
07:45:26,"[195.0, 66]","[190.0, 66]","[215.64, 11]","[218.0, 22]",205.32,165,20.64,0.6
07:45:27,"[195.0, 68]","[190.99, 71]","[212.46, 13]","[218.0, 26]",203.73,178,17.46,0.56
07:45:28,"[193.57, 63]","[191.11, 81]","[207.39, 38]","[208.83, 35]",200.48,217,13.82,0.33
07:45:29,"[192.0, 50]","[190.0, 60]","[204.48, 27]","[204.64, 28]",198.24,165,12.48,0.33
07:45:30,"[192.0, 60]","[190.0, 72]","[200.31, 26]","[201.83, 24]",196.15,182,8.31,0.45
07:45:31,"[192.0, 50]","[190.0, 60]","[196.62, 24]","[198.45, 22]",194.31,156,4.62,0.41
07:45:32,"[192.0, 54]","[190.0, 34]","[193.15, 41]","[195.29, 14]",192.57,143,1.15,0.23
07:45:33,"[191.14, 28]","[189.75, 32]","[193.17, 18]","[197.0, 8]",192.15,86,2.02,0.4
07:45:34,"[190.0, 80]","[189.0, 60]","[193.06, 18]","[213.45, 22]",191.53,180,3.06,0.56
07:45:35,"[190.0, 12]","[189.0, 48]","[246.31, 13]","[290.0, 14]",218.15,87,56.31,0.38
07:45:36,"[193.11, 9]","[189.6, 15]","[338.0, 9]","[345.67, 18]",265.56,51,144.89,-0.06
07:45:37,"[190.67, 27]","[188.43, 21]","[329.71, 17]","[456.33, 42]",260.19,107,139.04,-0.1
07:45:38,"[189.0, 7]","[188.0, 14]","[227.0, 7]","[339.0, 14]",208.0,42,38.0,0.0
07:45:39,"[189.0, 9]","[188.0, 18]","[368.43, 21]","[416.83, 30]",278.71,78,179.43,-0.31
07:45:40,"[192.2, 15]","[188.12, 16]","[401.82, 34]","[452.33, 45]",297.01,110,209.62,-0.44
07:45:41,"[190.8, 20]","[139.0, 22]","[343.13, 30]","[376.06, 17]",266.97,89,152.33,-0.06
07:45:42,"[188.2, 15]","[97.21, 34]","[431.97, 31]","[533.63, 38]",310.08,118,243.77,-0.17
07:45:43,"[191.62, 13]","[188.54, 28]","[347.23, 13]","[488.68, 37]",269.42,91,155.62,-0.1
07:45:44,"[189.79, 14]","[165.2, 15]","[330.67, 6]","[459.92, 26]",260.23,61,140.88,-0.05
07:45:45,"[174.25, 40]","[133.07, 28]","[329.86, 35]","[371.57, 47]",252.05,150,155.61,-0.09
07:45:46,"[192.0, 36]","[126.35, 17]","[284.76, 21]","[400.27, 33]",238.38,107,92.76,-0.01
07:45:47,"[192.06, 53]","[124.91, 57]","[264.0, 14]","[352.36, 25]",228.03,149,71.94,0.48
07:45:48,"[195.0, 8]","[192.0, 32]","[264.0, 8]","[288.63, 19]",229.5,67,69.0,0.19
07:45:49,"[192.63, 38]","[178.66, 64]","[263.13, 31]","[320.3, 20]",227.88,153,70.5,0.33
07:45:50,"[190.97, 31]","[175.09, 35]","[233.13, 46]","[249.06, 17]",212.05,129,42.16,0.02
07:45:51,"[187.21, 39]","[165.27, 37]","[225.56, 34]","[227.35, 40]",206.38,150,38.35,0.01
07:45:52,"[145.6, 40]","[105.1, 49]","[221.79, 39]","[221.72, 25]",183.7,153,76.19,0.16
07:45:53,"[140.47, 32]","[137.89, 53]","[209.67, 24]","[221.89, 45]",175.07,154,69.2,0.1
07:45:54,"[177.13, 23]","[179.33, 24]","[212.03, 37]","[212.78, 37]",194.58,121,34.9,-0.22
07:45:55,"[191.0, 11]","[190.0, 46]","[207.16, 43]","[209.57, 23]",199.08,123,16.16,-0.07
07:45:56,"[193.91, 99]","[191.64, 77]","[203.14, 73]","[204.05, 37]",198.52,286,9.23,0.23
07:45:57,"[194.24, 41]","[193.6, 104]","[200.04, 49]","[202.08, 51]",197.14,245,5.8,0.18
07:45:58,"[192.67, 12]","[191.0, 24]","[196.4, 20]","[197.18, 34]",194.53,90,3.73,-0.2
07:45:59,"[191.62, 16]","[190.45, 44]","[194.26, 23]","[195.3, 61]",192.94,144,2.64,-0.17
07:46:00,"[190.44, 54]","[189.75, 80]","[192.4, 50]","[220.47, 68]",191.42,252,1.96,0.06
07:46:01,"[190.0, 54]","[189.0, 36]","[193.0, 45]","[418.67, 45]",191.5,180,3.0,0.0
07:46:02,"[190.0, 78]","[189.0, 52]","[192.12, 52]","[402.04, 46]",191.06,228,2.12,0.14
07:46:03,"[190.0, 29]","[189.0, 48]","[354.54, 35]","[481.13, 31]",272.27,143,164.54,0.08
07:46:04,"[189.53, 17]","[188.9, 40]","[399.0, 44]","[548.29, 35]",294.26,136,209.47,-0.16
07:46:05,"[189.0, 20]","[188.0, 10]","[366.78, 18]","[506.29, 14]",277.89,62,177.78,-0.03
07:46:06,"[189.0, 36]","[188.0, 12]","[354.19, 32]","[478.26, 27]",271.59,107,165.19,-0.1
07:46:07,"[188.95, 39]","[159.5, 20]","[397.5, 36]","[540.41, 17]",293.22,112,208.55,0.05
07:46:08,"[191.45, 33]","[188.6, 15]","[341.18, 51]","[456.63, 27]",266.32,126,149.72,-0.24
07:46:09,"[165.8, 5]","[152.0, 13]","[336.94, 17]","[427.33, 9]",251.37,44,171.14,-0.18
07:46:10,"[164.18, 34]","[142.12, 32]","[231.24, 29]","[313.25, 32]",197.71,127,67.06,0.04
07:46:11,"[134.38, 39]","[113.3, 33]","[185.0, 20]","[200.94, 36]",159.69,128,50.62,0.12
07:46:12,"[113.93, 29]","[62.78, 23]","[185.85, 27]","[269.79, 38]",149.89,117,71.92,-0.11
07:46:13,"[78.5, 30]","[60.07, 30]","[300.15, 27]","[391.62, 21]",189.32,108,221.65,0.11
07:46:14,"[159.45, 42]","[133.14, 28]","[339.29, 42]","[380.0, 42]",249.37,154,179.83,-0.09
07:46:15,"[107.45, 11]","[70.0, 16]","[197.0, 27]","[257.0, 36]",152.23,90,89.55,-0.4
07:46:16,"[112.91, 22]","[44.62, 16]","[243.0, 27]","[301.91, 35]",177.95,100,130.09,-0.24
07:46:17,"[192.11, 9]","[180.73, 15]","[328.5, 32]","[440.25, 16]",260.31,72,136.39,-0.33
07:46:18,"[195.0, 9]","[170.22, 18]","[362.75, 12]","[409.06, 31]",278.88,70,167.75,-0.23
07:46:19,"[131.0, 12]","[85.25, 16]","[323.11, 9]","[551.91, 23]",227.06,60,192.11,-0.07
07:46:20,"[171.67, 33]","[176.66, 89]","[280.55, 20]","[503.82, 22]",226.11,164,108.88,0.49
07:46:21,"[191.41, 58]","[183.73, 30]","[228.04, 28]","[290.21, 14]",209.72,130,36.62,0.35
07:46:22,"[191.0, 91]","[188.0, 7]","[218.64, 25]","[230.6, 25]",204.82,148,27.64,0.32
07:46:23,"[191.99, 256]","[190.95, 132]","[212.36, 42]","[214.56, 41]",202.17,471,20.37,0.65
07:46:24,"[194.09, 254]","[191.78, 176]","[210.38, 40]","[211.08, 39]",202.23,509,16.28,0.69
07:46:25,"[195.0, 61]","[194.0, 138]","[207.36, 14]","[209.82, 22]",201.18,235,12.36,0.69
07:46:26,"[195.0, 85]","[194.0, 230]","[206.48, 44]","[206.89, 18]",200.74,377,11.48,0.67
07:46:27,"[195.0, 40]","[194.0, 184]","[204.05, 37]","[205.44, 18]",199.53,279,9.05,0.61
07:46:28,"[195.0, 25]","[194.0, 115]","[203.56, 9]","[204.19, 21]",199.28,170,8.56,0.65
07:46:29,"[195.0, 15]","[194.0, 184]","[201.5, 8]","[204.25, 32]",198.25,239,6.5,0.67
07:46:30,"[194.11, 124]","[193.37, 204]","[199.75, 12]","[201.58, 12]",196.93,352,5.64,0.86
07:46:31,"[194.0, 240]","[191.0, 77]","[196.33, 18]","[197.55, 11]",195.17,346,2.33,0.83
07:46:32,"[194.0, 202]","[191.0, 70]","[195.31, 13]","[198.37, 19]",194.65,304,1.31,0.79
07:46:33,"[194.03, 93]","[192.82, 89]","[241.64, 28]","[281.14, 28]",217.84,238,47.61,0.53
07:46:34,"[195.0, 17]","[194.0, 126]","[260.35, 17]","[374.94, 32]",227.68,192,65.35,0.49
07:46:35,"[195.0, 21]","[194.0, 126]","[387.0, 14]","[659.71, 35]",291.0,196,192.0,0.5
07:46:36,"[194.25, 48]","[193.8, 80]","[403.6, 15]","[572.48, 27]",298.93,170,209.35,0.51
07:46:37,"[194.0, 162]","[192.71, 42]","[398.09, 33]","[462.12, 33]",296.05,270,204.09,0.51
07:46:38,"[193.6, 101]","[192.38, 52]","[367.83, 60]","[398.5, 60]",280.72,273,174.23,0.12
07:46:39,"[194.0, 33]","[193.0, 25]","[207.0, 25]","[366.0, 25]",200.5,108,13.0,0.07
07:46:40,"[194.44, 27]","[193.34, 53]","[206.1, 50]","[349.27, 33]",200.27,163,11.66,-0.02
07:46:41,"[194.0, 25]","[193.0, 45]","[206.0, 45]","[242.12, 43]",200.0,158,12.0,-0.11
07:46:42,"[194.0, 10]","[193.0, 25]","[206.0, 25]","[241.0, 25]",200.0,85,12.0,-0.18
07:46:43,"[194.0, 22]","[193.0, 55]","[205.55, 55]","[251.18, 33]",199.77,165,11.55,-0.07
07:46:44,"[194.7, 10]","[193.58, 24]","[204.17, 36]","[260.27, 33]",199.43,103,9.47,-0.34
07:46:45,"[194.91, 11]","[193.67, 15]","[201.82, 33]","[204.0, 44]",198.36,103,6.91,-0.5
07:46:46,"[195.0, 11]","[194.0, 11]","[200.0, 33]","[204.0, 44]",197.5,99,5.0,-0.56
07:46:47,"[194.67, 9]","[193.29, 21]","[196.69, 29]","[197.77, 31]",195.68,90,2.02,-0.33
07:46:48,"[193.02, 56]","[192.1, 49]","[196.11, 47]","[289.12, 59]",194.56,211,3.09,-0.0
07:46:49,"[190.8, 79]","[189.72, 114]","[192.62, 26]","[204.0, 48]",191.71,267,1.82,0.45
07:46:50,"[190.0, 68]","[189.0, 64]","[191.75, 16]","[368.05, 21]",190.88,169,1.75,0.56
07:46:51,"[190.68, 53]","[189.44, 86]","[560.71, 35]","[631.65, 31]",375.7,205,370.04,0.36
07:46:52,"[193.89, 27]","[191.69, 32]","[716.78, 27]","[745.21, 29]",455.33,115,522.89,0.03
07:46:53,"[193.73, 22]","[190.67, 54]","[474.84, 31]","[705.4, 25]",334.28,132,281.11,0.15
07:46:54,"[190.39, 62]","[189.58, 96]","[645.0, 22]","[715.0, 6]",417.69,186,454.61,0.7
07:46:55,"[190.0, 74]","[189.0, 64]","[494.75, 24]","[681.0, 21]",342.38,183,304.75,0.51
07:46:56,"[190.0, 60]","[188.89, 27]","[457.17, 18]","[681.0, 18]",323.58,123,267.17,0.41
07:46:57,"[190.0, 30]","[188.4, 5]","[373.0, 12]","[681.0, 12]",281.5,59,183.0,0.19
07:46:58,"[190.67, 27]","[189.83, 36]","[418.0, 35]","[512.29, 35]",304.33,133,227.33,-0.05
07:46:59,"[190.93, 30]","[189.71, 35]","[324.29, 34]","[476.43, 44]",257.61,143,133.36,-0.09
07:47:00,"[190.0, 16]","[189.0, 8]","[337.5, 12]","[570.25, 12]",263.75,48,147.5,0.0
07:47:01,"[191.88, 32]","[189.87, 46]","[335.68, 37]","[411.57, 35]",263.78,150,143.8,0.04
07:47:02,"[192.62, 16]","[189.95, 42]","[270.56, 25]","[451.45, 42]",231.59,125,77.94,-0.07
07:47:03,"[188.62, 13]","[176.11, 36]","[335.55, 22]","[494.75, 40]",262.08,111,146.93,-0.12
07:47:04,"[188.0, 18]","[167.56, 36]","[355.48, 40]","[565.09, 33]",271.74,127,167.48,-0.15
07:47:05,"[179.75, 16]","[138.44, 18]","[230.67, 30]","[382.0, 24]",205.21,88,50.92,-0.23
07:47:06,"[166.34, 38]","[143.96, 28]","[220.64, 59]","[392.2, 65]",193.49,190,54.3,-0.31
07:47:07,"[192.09, 23]","[156.74, 27]","[220.0, 32]","[656.0, 40]",206.04,122,27.91,-0.18
07:47:08,"[192.0, 24]","[58.36, 22]","[219.75, 32]","[375.0, 30]",205.88,108,27.75,-0.15
07:47:09,"[192.0, 9]","[166.47, 19]","[219.0, 12]","[432.0, 9]",205.5,49,27.0,0.14
07:47:10,"[192.0, 9]","[190.0, 24]","[219.0, 12]","[432.0, 9]",205.5,54,27.0,0.22
07:47:11,"[192.0, 12]","[190.0, 32]","[219.0, 16]","[544.8, 15]",205.5,75,27.0,0.17
07:47:12,"[192.0, 12]","[190.0, 32]","[219.0, 16]","[490.0, 16]",205.5,76,27.0,0.16
07:47:13,"[192.84, 19]","[191.2, 20]","[219.0, 20]","[256.2, 20]",205.92,79,26.16,-0.01
07:47:14,"[193.0, 48]","[192.0, 36]","[216.5, 40]","[220.68, 47]",204.75,171,23.5,-0.02
07:47:15,"[193.64, 22]","[192.7, 40]","[214.55, 44]","[215.47, 38]",204.09,144,20.91,-0.14
07:47:16,"[193.0, 24]","[192.0, 36]","[212.64, 39]","[213.6, 47]",202.82,146,19.64,-0.18
07:47:17,"[193.0, 16]","[192.0, 27]","[208.83, 35]","[210.12, 32]",200.91,110,15.83,-0.22
07:47:18,"[193.71, 17]","[192.21, 19]","[207.4, 30]","[208.33, 36]",200.55,102,13.69,-0.29
07:47:19,"[193.64, 22]","[192.2, 10]","[204.38, 32]","[206.1, 31]",199.01,95,10.74,-0.33
07:47:20,"[191.09, 46]","[190.1, 60]","[201.73, 60]","[203.47, 60]",196.41,226,10.65,-0.06
07:47:21,"[193.85, 41]","[190.21, 71]","[196.56, 39]","[198.15, 41]",195.21,192,2.71,0.17
07:47:22,"[193.74, 34]","[190.21, 42]","[195.79, 38]","[199.48, 46]",194.76,160,2.05,-0.05
07:47:23,"[191.0, 16]","[190.0, 176]","[193.45, 47]","[223.46, 41]",192.22,280,2.45,0.37
07:47:24,"[190.21, 33]","[189.2, 49]","[196.0, 21]","[390.0, 21]",193.11,124,5.79,0.32
07:47:25,"[189.05, 84]","[188.15, 106]","[195.25, 36]","[411.56, 48]",192.15,274,6.2,0.39
07:47:26,"[188.65, 51]","[186.87, 103]","[193.92, 39]","[283.0, 39]",191.29,232,5.28,0.33
07:47:27,"[190.11, 37]","[188.14, 87]","[258.27, 33]","[354.02, 49]",224.19,206,68.16,0.2
07:47:28,"[193.19, 74]","[190.71, 42]","[278.8, 30]","[434.8, 50]",235.99,196,85.61,0.18
07:47:29,"[194.0, 71]","[191.0, 95]","[262.0, 33]","[543.55, 55]",228.0,254,68.0,0.31
07:47:30,"[191.0, 108]","[190.0, 24]","[262.0, 24]","[617.75, 40]",226.5,196,71.0,0.35
07:47:31,"[191.0, 76]","[190.0, 24]","[274.38, 24]","[474.75, 40]",232.69,164,83.38,0.22
07:47:32,"[191.0, 42]","[190.0, 21]","[295.0, 21]","[541.57, 35]",243.0,119,104.0,0.06
07:47:33,"[191.0, 14]","[190.0, 12]","[312.25, 12]","[560.0, 10]",251.62,48,121.25,0.08
07:47:34,"[191.0, 7]","[190.0, 21]","[343.03, 31]","[480.25, 20]",267.02,79,152.03,-0.29
07:47:35,"[191.0, 9]","[190.0, 27]","[336.05, 37]","[353.35, 37]",263.53,110,145.05,-0.35
07:47:36,"[191.0, 9]","[188.29, 41]","[332.71, 28]","[334.57, 28]",261.86,106,141.71,-0.06
07:47:37,"[190.0, 8]","[188.0, 72]","[320.28, 29]","[323.73, 30]",255.14,139,130.28,0.15
07:47:38,"[190.0, 12]","[188.0, 108]","[304.44, 36]","[305.48, 46]",247.22,202,114.44,0.19
07:47:39,"[190.83, 12]","[188.15, 68]","[302.14, 42]","[303.8, 30]",246.49,152,111.31,0.05
07:47:40,"[192.6, 20]","[190.55, 11]","[277.64, 45]","[280.31, 52]",235.12,128,85.04,-0.52
07:47:41,"[193.0, 48]","[192.0, 12]","[230.5, 40]","[240.02, 41]",211.75,141,37.5,-0.15
07:47:42,"[194.77, 83]","[193.81, 42]","[207.25, 55]","[209.84, 43]",201.01,223,12.48,0.12
07:47:43,"[195.0, 105]","[194.0, 31]","[204.74, 54]","[205.59, 54]",199.87,244,9.74,0.11
07:47:44,"[195.0, 45]","[194.0, 9]","[200.89, 36]","[201.76, 34]",197.94,124,5.89,-0.13
07:47:45,"[194.76, 33]","[193.14, 37]","[197.3, 46]","[198.15, 52]",196.03,168,2.55,-0.17
07:47:46,"[194.0, 65]","[193.0, 44]","[195.47, 30]","[196.78, 36]",194.73,175,1.47,0.25
07:47:47,"[194.0, 35]","[193.0, 40]","[195.6, 40]","[198.0, 40]",194.8,155,1.6,-0.03
07:47:48,"[193.0, 18]","[191.0, 27]","[194.22, 36]","[195.89, 36]",193.61,117,1.22,-0.23
07:47:49,"[191.8, 30]","[190.43, 42]","[194.0, 45]","[287.78, 54]",192.9,171,2.2,-0.16
07:47:50,"[191.1, 30]","[189.42, 24]","[292.59, 34]","[386.29, 41]",241.84,129,101.49,-0.16
07:47:51,"[195.0, 30]","[190.55, 22]","[320.33, 43]","[375.71, 42]",257.66,137,125.33,-0.24
07:47:52,"[195.0, 27]","[193.0, 9]","[287.83, 42]","[335.81, 37]",241.42,115,92.83,-0.37
07:47:53,"[195.0, 45]","[193.0, 15]","[304.33, 63]","[380.37, 70]",249.67,193,109.33,-0.38
07:47:54,"[194.2, 15]","[192.2, 15]","[268.8, 20]","[278.41, 34]",231.5,84,74.6,-0.29
07:47:55,"[193.0, 11]","[192.0, 22]","[235.53, 30]","[272.0, 36]",214.27,99,42.53,-0.33
07:47:56,"[190.58, 26]","[190.88, 16]","[234.0, 13]","[235.0, 32]",212.29,87,43.42,-0.03
07:47:57,"[190.0, 54]","[189.0, 24]","[230.92, 24]","[232.0, 36]",210.46,138,40.92,0.13
07:47:58,"[190.0, 33]","[189.0, 47]","[224.47, 15]","[230.09, 23]",207.23,118,34.47,0.36
07:47:59,"[190.0, 36]","[189.0, 72]","[217.68, 25]","[229.47, 19]",203.84,152,27.68,0.42
07:48:00,"[190.0, 21]","[189.0, 35]","[214.67, 12]","[225.55, 11]",202.33,79,24.67,0.42
07:48:01,"[190.0, 39]","[189.0, 65]","[205.63, 35]","[211.65, 34]",197.81,173,15.63,0.2
07:48:02,"[190.0, 21]","[189.0, 40]","[201.58, 12]","[202.67, 24]",195.79,97,11.58,0.26
07:48:03,"[190.44, 18]","[189.09, 44]","[198.67, 18]","[200.0, 15]",194.56,95,8.22,0.31
07:48:04,"[189.07, 73]","[188.02, 173]","[193.94, 16]","[195.71, 14]",191.5,276,4.87,0.78
07:48:05,"[189.21, 42]","[188.39, 210]","[191.2, 30]","[192.75, 16]",190.21,298,1.99,0.69
07:48:06,"[189.43, 28]","[188.01, 255]","[190.46, 26]","[237.62, 26]",189.95,335,1.03,0.69
07:48:07,"[189.95, 19]","[188.26, 31]","[194.0, 20]","[220.22, 36]",191.97,106,4.05,-0.06
07:48:08,"[188.0, 208]","[164.12, 50]","[204.1, 10]","[206.0, 40]",196.05,308,16.1,0.68
07:48:09,"[188.09, 177]","[179.76, 67]","[201.89, 9]","[206.0, 36]",194.99,289,13.8,0.69
07:48:10,"[189.0, 40]","[188.0, 97]","[200.2, 5]","[285.0, 20]",194.6,162,11.2,0.69
07:48:11,"[190.43, 69]","[189.16, 204]","[199.61, 18]","[372.63, 81]",195.02,372,9.18,0.47
07:48:12,"[194.99, 85]","[193.6, 15]","[198.77, 13]","[253.77, 52]",196.88,165,3.78,0.21
07:48:13,"[195.0, 77]","[194.0, 11]","[196.45, 11]","[489.82, 44]",195.73,143,1.45,0.23
07:48:14,"[194.71, 14]","[193.43, 14]","[344.0, 22]","[530.17, 41]",269.36,91,149.29,-0.38
07:48:15,"[194.0, 13]","[193.0, 26]","[211.0, 52]","[306.8, 49]",202.5,140,17.0,-0.44
07:48:16,"[192.5, 4]","[191.08, 53]","[236.6, 15]","[399.92, 13]",214.55,85,44.1,0.34
07:48:17,"[192.0, 8]","[191.0, 136]","[264.89, 19]","[351.9, 30]",228.45,193,72.89,0.49
07:48:18,"[193.64, 11]","[191.03, 88]","[231.75, 24]","[385.85, 27]",212.69,150,38.11,0.32
07:48:19,"[195.0, 18]","[192.0, 9]","[208.94, 34]","[309.84, 25]",201.97,86,13.94,-0.37
07:48:20,"[195.0, 26]","[192.0, 13]","[225.72, 50]","[340.51, 45]",210.36,134,30.72,-0.42
07:48:21,"[192.0, 8]","[191.0, 136]","[230.0, 32]","[334.0, 40]",211.0,216,38.0,0.33
07:48:22,"[192.0, 12]","[191.0, 204]","[229.96, 46]","[450.38, 42]",210.98,304,37.96,0.42
07:48:23,"[191.1, 94]","[190.69, 223]","[228.43, 28]","[229.73, 44]",209.76,389,37.33,0.63
07:48:24,"[191.0, 203]","[190.0, 182]","[225.92, 26]","[341.11, 36]",208.46,447,34.92,0.72
07:48:25,"[191.0, 126]","[190.0, 126]","[225.0, 18]","[319.0, 20]",208.0,290,34.0,0.74
07:48:26,"[192.23, 81]","[190.56, 126]","[223.89, 18]","[228.0, 18]",208.06,243,31.65,0.7
07:48:27,"[195.0, 35]","[190.3, 80]","[221.91, 32]","[223.71, 14]",208.45,161,26.91,0.43
07:48:28,"[193.67, 45]","[190.42, 72]","[211.58, 24]","[228.07, 30]",202.62,171,17.92,0.37
07:48:29,"[191.35, 17]","[190.08, 76]","[219.57, 14]","[341.0, 14]",205.46,121,28.22,0.54
07:48:30,"[191.0, 27]","[190.0, 126]","[218.0, 18]","[410.44, 18]",204.5,189,27.0,0.62
07:48:31,"[190.18, 68]","[189.88, 64]","[239.12, 16]","[422.5, 16]",214.65,164,48.95,0.61
07:48:32,"[190.0, 196]","[189.0, 46]","[387.26, 54]","[410.33, 30]",288.63,326,197.26,0.48
07:48:33,"[191.09, 110]","[189.79, 71]","[237.0, 18]","[340.33, 24]",214.05,223,45.91,0.62
07:48:34,"[193.0, 95]","[190.0, 29]","[289.0, 20]","[351.0, 40]",241.0,184,96.0,0.35
07:48:35,"[193.0, 40]","[190.0, 24]","[230.0, 16]","[313.8, 20]",211.5,100,37.0,0.28
07:48:36,"[193.35, 69]","[191.93, 42]","[227.71, 34]","[262.37, 38]",210.53,183,34.36,0.21
07:48:37,"[194.0, 90]","[193.0, 60]","[224.76, 34]","[228.84, 38]",209.38,222,30.76,0.35
07:48:38,"[194.0, 49]","[193.0, 50]","[212.22, 27]","[226.26, 38]",203.11,164,18.22,0.21
07:48:39,"[193.38, 40]","[192.62, 40]","[210.7, 30]","[227.0, 40]",202.04,150,17.32,0.07
07:48:40,"[193.0, 37]","[192.0, 27]","[209.38, 32]","[218.77, 31]",201.19,127,16.38,0.01
07:48:41,"[191.96, 23]","[190.31, 55]","[204.8, 44]","[207.74, 43]",198.38,165,12.84,-0.05
07:48:42,"[190.0, 46]","[189.0, 12]","[191.6, 40]","[192.4, 40]",190.8,138,1.6,-0.16
07:48:43,"[188.69, 32]","[162.06, 18]","[190.0, 16]","[306.94, 34]",189.34,100,1.31,0.0
07:48:44,"[188.0, 15]","[115.39, 23]","[197.32, 37]","[288.33, 30]",192.66,105,9.32,-0.28
07:48:45,"[188.0, 8]","[114.64, 99]","[189.0, 16]","[333.0, 16]",188.5,139,1.0,0.54
07:48:46,"[188.33, 18]","[172.55, 106]","[246.6, 30]","[402.12, 32]",217.47,186,58.27,0.33
07:48:47,"[178.5, 8]","[47.28, 58]","[388.0, 12]","[508.0, 18]",283.25,96,209.5,0.38
07:48:48,"[166.45, 11]","[31.21, 115]","[264.26, 27]","[394.31, 26]",215.36,179,97.8,0.41
07:48:49,"[141.0, 7]","[39.0, 7]","[181.62, 13]","[182.18, 22]",161.31,49,40.62,-0.43
07:48:50,"[160.81, 53]","[36.53, 128]","[182.0, 43]","[184.0, 58]",171.41,282,21.19,0.28
07:48:51,"[141.0, 7]","[72.71, 42]","[182.86, 21]","[219.77, 26]",161.93,96,41.86,0.02
07:48:52,"[151.39, 113]","[119.0, 32]","[205.91, 23]","[388.22, 18]",178.65,186,54.52,0.56
07:48:53,"[195.0, 7]","[151.0, 98]","[257.86, 14]","[358.43, 14]",226.43,133,62.86,0.58
07:48:54,"[161.57, 21]","[150.87, 99]","[393.27, 22]","[478.1, 29]",277.42,171,231.7,0.4
07:48:55,"[190.85, 20]","[151.95, 88]","[417.03, 38]","[440.75, 32]",303.94,178,226.18,0.21
