Time,Bid1,Bid2,Ask1,Ask2,Mid-Price,Total_volume,Bid_ask_spread,Order_imbalance
07:30:00,"[1.0, 2]","[0, 0]","[800.0, 4]","[0, 0]",400.5,6,799.0,-0.33
07:30:01,"[1.33, 6]","[0, 0]","[798.33, 6]","[0, 0]",399.83,12,797.0,0.0
07:30:02,"[3.5, 4]","[2.2, 5]","[797.33, 6]","[0, 0]",400.42,15,793.83,0.2
07:30:03,"[113.1, 10]","[93.18, 11]","[797.0, 4]","[0, 0]",455.05,25,683.9,0.68
07:30:04,"[114.86, 7]","[113.25, 12]","[795.5, 8]","[0, 0]",455.18,27,680.64,0.41
07:30:05,"[119.14, 7]","[116.0, 10]","[795.0, 12]","[0, 0]",457.07,29,675.86,0.17
07:30:06,"[136.0, 6]","[131.25, 8]","[794.2, 20]","[795.0, 8]",465.1,42,658.2,-0.33
07:30:07,"[131.0, 4]","[130.0, 8]","[308.43, 14]","[432.82, 17]",219.71,43,177.43,-0.44
07:30:08,"[131.0, 10]","[130.0, 20]","[134.22, 18]","[136.4, 10]",132.61,58,3.22,0.03
07:30:09,"[130.88, 8]","[122.71, 21]","[132.96, 25]","[134.6, 10]",131.92,64,2.09,-0.09
07:30:10,"[130.12, 17]","[118.06, 66]","[132.36, 28]","[136.0, 9]",131.24,120,2.24,0.38
07:30:11,"[130.0, 10]","[121.0, 45]","[131.0, 15]","[136.0, 5]",130.5,75,1.0,0.47
07:30:12,"[123.43, 37]","[116.14, 63]","[130.72, 18]","[136.73, 11]",127.08,129,7.29,0.55
07:30:13,"[121.0, 108]","[106.0, 72]","[126.0, 18]","[130.34, 44]",123.5,242,5.0,0.49
07:30:14,"[121.0, 72]","[106.0, 48]","[126.0, 16]","[129.0, 40]",123.5,176,5.0,0.36
07:30:15,"[121.0, 63]","[106.0, 42]","[126.0, 14]","[129.0, 35]",123.5,154,5.0,0.36
07:30:16,"[121.02, 83]","[112.36, 84]","[126.0, 18]","[129.0, 55]",123.51,240,4.98,0.39
07:30:17,"[123.39, 95]","[122.16, 55]","[128.83, 24]","[131.54, 39]",126.11,213,5.44,0.41
07:30:18,"[124.26, 42]","[123.83, 58]","[127.0, 40]","[132.0, 10]",125.63,150,2.74,0.33
07:30:19,"[123.25, 108]","[119.6, 80]","[127.0, 48]","[132.0, 56]",125.12,292,3.75,0.29
07:30:20,"[123.0, 126]","[119.39, 92]","[125.33, 24]","[127.43, 42]",124.17,284,2.33,0.54
07:30:21,"[123.74, 38]","[122.24, 102]","[126.87, 23]","[129.05, 19]",125.3,182,3.13,0.54
07:30:22,"[123.94, 36]","[121.74, 93]","[127.0, 22]","[128.0, 11]",125.47,162,3.06,0.59
07:30:23,"[122.0, 90]","[120.0, 60]","[126.33, 24]","[128.43, 23]",124.17,197,4.33,0.52
07:30:24,"[122.03, 120]","[120.21, 87]","[127.39, 23]","[128.69, 61]",124.71,291,5.37,0.42
07:30:25,"[124.33, 45]","[122.2, 135]","[127.0, 30]","[128.0, 60]",125.67,270,2.67,0.33
07:30:26,"[125.0, 39]","[123.0, 117]","[127.0, 26]","[128.0, 52]",126.0,234,2.0,0.33
07:30:27,"[125.0, 24]","[123.0, 72]","[127.0, 16]","[128.0, 32]",126.0,144,2.0,0.33
07:30:28,"[123.45, 66]","[119.83, 70]","[127.61, 33]","[128.43, 35]",125.53,204,4.15,0.33
07:30:29,"[123.14, 51]","[119.32, 65]","[127.0, 55]","[128.14, 42]",125.07,213,3.86,0.09
07:30:30,"[125.29, 14]","[121.01, 73]","[127.0, 63]","[128.23, 52]",126.14,202,1.71,-0.14
07:30:31,"[125.0, 11]","[119.23, 78]","[126.64, 44]","[128.0, 44]",125.82,177,1.64,0.01
07:30:32,"[120.0, 33]","[119.0, 99]","[124.82, 33]","[128.0, 44]",122.41,209,4.82,0.26
07:30:33,"[120.0, 30]","[119.0, 90]","[127.58, 26]","[262.47, 34]",123.79,180,7.58,0.33
07:30:34,"[120.0, 33]","[118.14, 87]","[126.0, 11]","[127.63, 41]",123.0,172,6.0,0.4
07:30:35,"[120.32, 31]","[114.88, 41]","[125.0, 34]","[127.0, 27]",122.66,133,4.68,0.08
07:30:36,"[121.65, 63]","[121.33, 81]","[225.19, 57]","[313.55, 55]",173.42,256,103.54,0.12
07:30:37,"[128.96, 24]","[123.4, 42]","[363.0, 40]","[412.31, 26]",245.98,132,234.04,0.0
07:30:38,"[133.88, 40]","[132.0, 16]","[287.06, 34]","[460.45, 22]",210.47,112,153.18,0.0
07:30:39,"[134.78, 45]","[132.0, 18]","[254.1, 41]","[329.25, 24]",194.44,128,119.32,-0.02
07:30:40,"[135.0, 57]","[132.0, 26]","[205.64, 47]","[292.84, 44]",170.32,174,70.64,-0.05
07:30:41,"[135.73, 33]","[132.0, 22]","[202.15, 26]","[354.39, 36]",168.94,117,66.43,-0.06
07:30:42,"[129.33, 67]","[123.1, 84]","[213.96, 72]","[282.35, 49]",171.64,272,84.63,0.11
07:30:43,"[129.75, 8]","[128.64, 22]","[216.0, 25]","[271.0, 15]",172.88,70,86.25,-0.14
07:30:44,"[132.09, 35]","[131.72, 92]","[241.97, 35]","[416.43, 49]",187.03,211,109.89,0.2
07:30:45,"[137.3, 23]","[132.38, 64]","[148.15, 47]","[328.2, 40]",142.73,174,10.84,0.0
07:30:46,"[138.0, 16]","[134.4, 10]","[278.04, 23]","[535.91, 22]",208.02,71,140.04,-0.27
07:30:47,"[136.59, 17]","[133.54, 56]","[276.5, 30]","[463.52, 27]",206.54,130,139.91,0.12
07:30:48,"[134.0, 9]","[133.0, 39]","[248.55, 11]","[473.0, 10]",191.27,69,114.55,0.39
07:30:49,"[134.0, 15]","[133.0, 65]","[231.0, 20]","[634.0, 25]",182.5,125,97.0,0.28
07:30:50,"[134.75, 12]","[133.19, 48]","[220.0, 24]","[425.88, 24]",177.38,108,85.25,0.11
07:30:51,"[134.0, 24]","[133.0, 104]","[369.82, 34]","[470.84, 31]",251.91,193,235.82,0.33
07:30:52,"[133.16, 95]","[131.81, 160]","[421.12, 50]","[501.33, 57]",277.14,362,287.96,0.41
07:30:53,"[133.61, 105]","[132.41, 102]","[341.8, 55]","[481.68, 53]",237.7,315,208.19,0.31
07:30:54,"[136.0, 14]","[134.0, 140]","[243.67, 45]","[301.81, 62]",189.83,261,107.67,0.18
07:30:55,"[134.19, 48]","[133.46, 65]","[242.0, 16]","[243.0, 24]",188.09,153,107.81,0.48
07:30:56,"[134.28, 64]","[133.36, 76]","[191.84, 38]","[227.19, 31]",163.06,209,57.56,0.34
07:30:57,"[134.0, 56]","[133.0, 51]","[183.43, 14]","[185.0, 28]",158.71,149,49.43,0.44
07:30:58,"[134.0, 80]","[133.0, 70]","[174.97, 29]","[182.65, 34]",154.48,213,40.97,0.41
07:30:59,"[134.0, 96]","[133.0, 84]","[160.62, 34]","[161.56, 27]",147.31,241,26.62,0.49
07:31:00,"[134.0, 124]","[133.0, 133]","[155.25, 52]","[156.36, 50]",144.62,359,21.25,0.43
07:31:01,"[134.13, 79]","[133.13, 111]","[150.31, 42]","[151.29, 51]",142.22,283,16.18,0.34
07:31:02,"[139.0, 13]","[134.0, 91]","[147.34, 29]","[148.87, 38]",143.17,171,8.34,0.22
07:31:03,"[139.0, 17]","[134.0, 196]","[142.14, 43]","[143.15, 41]",140.57,297,3.14,0.43
07:31:04,"[134.04, 114]","[131.45, 94]","[140.89, 27]","[143.91, 11]",137.47,246,6.85,0.69
07:31:05,"[134.0, 233]","[131.0, 170]","[137.29, 38]","[139.2, 35]",135.64,476,3.29,0.69
07:31:06,"[134.0, 48]","[131.0, 80]","[135.0, 16]","[209.57, 28]",134.5,172,1.0,0.49
07:31:07,"[131.5, 72]","[130.32, 124]","[135.0, 20]","[356.6, 20]",133.25,236,3.5,0.66
07:31:08,"[131.0, 80]","[130.0, 112]","[135.0, 16]","[248.8, 20]",133.0,228,4.0,0.68
07:31:09,"[131.4, 89]","[130.09, 123]","[213.24, 29]","[273.14, 21]",172.32,262,81.84,0.62
07:31:10,"[140.0, 24]","[132.13, 69]","[220.29, 14]","[221.09, 22]",180.14,129,80.29,0.44
07:31:11,"[140.0, 32]","[134.0, 104]","[219.23, 26]","[220.55, 22]",179.62,184,79.23,0.48
07:31:12,"[140.0, 48]","[137.24, 68]","[218.07, 30]","[219.14, 42]",179.03,188,78.07,0.23
07:31:13,"[138.43, 28]","[134.94, 68]","[216.62, 16]","[219.0, 32]",177.53,144,78.2,0.33
07:31:14,"[139.0, 15]","[138.0, 44]","[187.43, 28]","[212.53, 38]",163.21,125,48.43,-0.06
07:31:15,"[138.79, 14]","[136.98, 59]","[149.75, 48]","[215.0, 24]",144.27,145,10.96,0.01
07:31:16,"[138.0, 18]","[134.0, 120]","[148.0, 20]","[170.33, 24]",143.0,182,10.0,0.52
07:31:17,"[134.94, 51]","[133.25, 120]","[145.74, 19]","[147.43, 28]",140.34,218,10.8,0.57
07:31:18,"[134.0, 117]","[131.0, 90]","[143.33, 36]","[145.0, 18]",138.67,261,9.33,0.59
07:31:19,"[134.15, 123]","[132.84, 127]","[140.85, 54]","[142.22, 36]",137.5,340,6.71,0.47
07:31:20,"[137.0, 15]","[134.0, 195]","[139.13, 60]","[156.63, 19]",138.07,289,2.13,0.45
07:31:21,"[134.57, 37]","[133.5, 109]","[137.76, 42]","[337.62, 26]",136.16,214,3.19,0.36
07:31:22,"[134.0, 116]","[131.0, 62]","[135.36, 55]","[136.47, 53]",134.68,286,1.36,0.24
07:31:23,"[134.0, 56]","[131.0, 36]","[135.0, 45]","[184.77, 31]",134.5,168,1.0,0.1
07:31:24,"[131.38, 32]","[130.03, 116]","[135.0, 40]","[316.25, 8]",133.19,196,3.62,0.51
07:31:25,"[131.0, 60]","[130.0, 272]","[132.43, 47]","[173.92, 63]",131.71,442,1.43,0.5
07:31:26,"[131.06, 16]","[130.02, 98]","[424.25, 12]","[475.5, 14]",277.66,140,293.19,0.63
07:31:27,"[136.96, 121]","[133.44, 32]","[546.37, 19]","[687.04, 23]",341.66,195,409.41,0.57
07:31:28,"[137.38, 68]","[135.32, 68]","[144.0, 33]","[521.44, 18]",140.69,187,6.62,0.45
07:31:29,"[139.54, 13]","[137.59, 34]","[540.5, 10]","[739.09, 22]",340.02,79,400.96,0.19
07:31:30,"[138.0, 9]","[137.0, 76]","[296.24, 29]","[649.8, 25]",217.12,139,158.24,0.22
07:31:31,"[138.0, 8]","[137.0, 68]","[270.74, 34]","[370.5, 18]",204.37,128,132.74,0.19
07:31:32,"[137.12, 32]","[134.57, 167]","[225.12, 25]","[412.81, 21]",181.12,245,88.0,0.62
07:31:33,"[137.0, 50]","[134.0, 270]","[161.29, 45]","[179.77, 26]",149.14,391,24.29,0.64
07:31:34,"[137.0, 45]","[134.0, 243]","[159.11, 36]","[294.47, 43]",148.06,367,22.11,0.57
07:31:35,"[137.0, 45]","[134.0, 243]","[156.12, 33]","[302.11, 36]",146.56,357,19.12,0.61
07:31:36,"[137.0, 50]","[134.0, 290]","[156.6, 20]","[158.0, 40]",146.8,400,19.6,0.7
07:31:37,"[137.0, 50]","[134.0, 310]","[154.39, 36]","[156.0, 24]",145.69,420,17.39,0.71
07:31:38,"[135.5, 60]","[133.99, 280]","[152.11, 36]","[153.33, 24]",143.81,400,16.61,0.7
07:31:39,"[134.0, 210]","[131.0, 12]","[151.57, 28]","[153.0, 14]",142.79,264,17.57,0.68
07:31:40,"[134.0, 265]","[131.0, 10]","[149.38, 26]","[151.06, 34]",141.69,335,15.38,0.64
07:31:41,"[134.0, 197]","[131.0, 50]","[147.0, 32]","[148.0, 16]",140.5,295,13.0,0.67
07:31:42,"[134.0, 226]","[131.0, 96]","[146.75, 48]","[148.0, 24]",140.38,394,12.75,0.63
07:31:43,"[134.0, 225]","[131.0, 120]","[145.21, 48]","[146.29, 42]",139.6,435,11.21,0.59
07:31:44,"[134.0, 124]","[131.0, 80]","[142.0, 20]","[145.0, 40]",138.0,264,8.0,0.55
07:31:45,"[134.15, 164]","[132.05, 148]","[140.18, 44]","[143.62, 52]",137.16,408,6.04,0.53
07:31:46,"[134.11, 108]","[131.8, 98]","[138.0, 40]","[184.13, 30]",136.06,276,3.89,0.49
07:31:47,"[134.0, 104]","[131.0, 72]","[138.0, 32]","[274.0, 16]",136.0,224,4.0,0.57
07:31:48,"[134.0, 182]","[131.0, 118]","[137.0, 50]","[232.09, 58]",135.5,408,3.0,0.47
07:31:49,"[134.0, 120]","[131.0, 80]","[224.62, 26]","[348.23, 44]",179.31,270,90.62,0.48
07:31:50,"[134.0, 22]","[131.0, 16]","[151.0, 4]","[499.0, 10]",142.5,52,17.0,0.46
07:31:51,"[134.0, 91]","[131.0, 88]","[143.73, 22]","[524.53, 43]",138.86,244,9.73,0.47
07:31:52,"[134.0, 96]","[131.0, 96]","[257.94, 17]","[421.76, 50]",195.97,259,123.94,0.48
07:31:53,"[134.0, 48]","[131.0, 48]","[164.62, 8]","[310.45, 11]",149.31,115,30.62,0.67
07:31:54,"[134.0, 56]","[131.0, 56]","[163.42, 19]","[164.33, 9]",148.71,140,29.42,0.6
07:31:55,"[133.66, 70]","[130.94, 85]","[159.77, 35]","[160.9, 20]",146.71,210,26.11,0.48
07:31:56,"[131.0, 114]","[130.0, 75]","[157.87, 45]","[159.0, 60]",144.43,294,26.87,0.29
07:31:57,"[130.49, 68]","[126.5, 80]","[155.22, 46]","[156.36, 56]",142.85,250,24.73,0.18
07:31:58,"[131.0, 30]","[130.0, 75]","[142.0, 24]","[148.88, 33]",136.5,162,11.0,0.3
07:31:59,"[134.31, 58]","[132.83, 41]","[138.15, 13]","[140.0, 52]",136.23,164,3.84,0.21
07:32:00,"[134.13, 75]","[132.47, 51]","[137.82, 55]","[156.83, 24]",135.98,205,3.68,0.23
07:32:01,"[134.0, 24]","[131.0, 16]","[204.33, 12]","[395.67, 12]",169.17,64,70.33,0.25
07:32:02,"[140.0, 84]","[134.0, 21]","[453.62, 13]","[539.89, 18]",296.81,136,313.62,0.54
07:32:03,"[140.0, 120]","[134.0, 30]","[389.28, 36]","[472.09, 23]",264.64,209,249.28,0.44
07:32:04,"[140.0, 144]","[136.44, 41]","[151.39, 59]","[194.87, 46]",145.69,290,11.39,0.28
07:32:05,"[140.0, 132]","[139.0, 44]","[150.27, 55]","[269.82, 44]",145.14,275,10.27,0.28
07:32:06,"[140.0, 96]","[139.0, 32]","[149.0, 40]","[184.77, 26]",144.5,194,9.0,0.32
07:32:07,"[140.0, 120]","[139.0, 40]","[148.2, 50]","[312.0, 14]",144.1,224,8.2,0.43
07:32:08,"[140.0, 84]","[139.0, 28]","[148.0, 35]","[370.0, 28]",144.0,175,8.0,0.28
07:32:09,"[140.0, 92]","[139.0, 36]","[147.0, 45]","[330.47, 30]",143.5,203,7.0,0.26
07:32:10,"[140.0, 72]","[139.0, 36]","[146.67, 45]","[359.93, 30]",143.33,183,6.67,0.18
07:32:11,"[139.62, 52]","[136.22, 36]","[146.0, 45]","[229.89, 9]",142.81,142,6.38,0.24
07:32:12,"[139.4, 40]","[137.5, 80]","[146.0, 70]","[449.85, 27]",142.7,217,6.6,0.11
07:32:13,"[140.0, 26]","[139.0, 52]","[145.31, 65]","[262.4, 30]",142.65,173,5.31,-0.1
07:32:14,"[140.0, 12]","[139.0, 24]","[144.59, 22]","[180.31, 26]",142.3,84,4.59,-0.14
07:32:15,"[139.21, 38]","[137.28, 116]","[141.72, 58]","[142.47, 38]",140.47,250,2.51,0.23
07:32:16,"[137.94, 133]","[136.74, 92]","[140.1, 58]","[141.19, 54]",139.02,337,2.16,0.34
07:32:17,"[138.0, 119]","[137.0, 78]","[139.09, 55]","[198.93, 41]",138.55,293,1.09,0.34
07:32:18,"[138.0, 47]","[137.0, 84]","[273.93, 46]","[575.78, 46]",205.97,223,135.93,0.17
07:32:19,"[137.57, 30]","[136.91, 69]","[267.0, 52]","[346.38, 58]",202.28,209,129.43,-0.05
07:32:20,"[137.0, 40]","[135.0, 10]","[190.9, 50]","[192.0, 20]",163.95,120,53.9,-0.17
07:32:21,"[136.39, 23]","[134.16, 25]","[189.27, 55]","[270.48, 33]",162.83,136,52.88,-0.29
07:32:22,"[133.62, 16]","[131.75, 72]","[186.64, 70]","[411.81, 42]",160.13,200,53.02,-0.12
07:32:23,"[135.14, 58]","[130.12, 123]","[185.45, 55]","[235.13, 46]",160.3,282,50.32,0.28
07:32:24,"[137.0, 104]","[131.0, 39]","[181.54, 65]","[182.92, 65]",159.27,273,44.54,0.05
07:32:25,"[137.86, 70]","[135.62, 71]","[175.78, 36]","[178.12, 49]",156.82,226,37.92,0.25
07:32:26,"[139.0, 24]","[137.0, 32]","[152.75, 16]","[162.75, 12]",145.88,84,13.75,0.33
07:32:27,"[139.0, 90]","[137.35, 99]","[150.17, 66]","[152.4, 75]",144.58,330,11.17,0.15
07:32:28,"[139.0, 82]","[138.0, 75]","[140.0, 75]","[151.0, 60]",139.5,292,1.0,0.08
07:32:29,"[137.64, 50]","[137.06, 50]","[146.33, 30]","[341.59, 37]",141.99,167,8.69,0.2
07:32:30,"[137.0, 60]","[133.0, 12]","[379.84, 44]","[385.85, 39]",258.42,155,242.84,-0.07
07:32:31,"[137.0, 36]","[133.73, 11]","[371.04, 28]","[372.11, 36]",254.02,111,234.04,-0.15
07:32:32,"[136.65, 34]","[134.68, 19]","[367.78, 36]","[368.94, 34]",252.21,123,231.13,-0.14
07:32:33,"[134.0, 18]","[133.0, 9]","[211.65, 34]","[341.47, 30]",172.82,91,77.65,-0.41
07:32:34,"[131.2, 30]","[130.02, 176]","[176.68, 31]","[335.6, 25]",153.94,262,45.48,0.57
07:32:35,"[138.94, 34]","[130.62, 65]","[173.21, 38]","[174.38, 39]",156.08,176,34.27,0.12
07:32:36,"[140.0, 42]","[131.0, 56]","[169.8, 35]","[170.62, 42]",154.9,175,29.8,0.12
07:32:37,"[140.0, 30]","[131.0, 40]","[165.74, 31]","[166.9, 30]",152.87,131,25.74,0.07
07:32:38,"[132.98, 41]","[130.06, 212]","[161.75, 48]","[163.14, 36]",147.36,337,28.77,0.5
07:32:39,"[131.21, 38]","[130.03, 231]","[158.36, 36]","[159.19, 37]",144.79,342,27.15,0.57
07:32:40,"[135.0, 15]","[131.0, 77]","[153.55, 33]","[155.73, 33]",144.27,158,18.55,0.16
07:32:41,"[135.0, 11]","[131.0, 77]","[150.78, 41]","[151.55, 33]",142.89,162,15.78,0.09
07:32:42,"[136.43, 21]","[131.11, 108]","[148.62, 34]","[149.67, 60]",142.52,223,12.19,0.16
07:32:43,"[137.64, 33]","[136.38, 47]","[142.17, 58]","[143.0, 34]",139.9,172,4.54,-0.07
07:32:44,"[131.0, 56]","[130.0, 88]","[141.0, 32]","[142.0, 24]",136.0,200,10.0,0.44
07:32:45,"[131.0, 56]","[130.0, 191]","[138.57, 44]","[140.13, 47]",134.78,338,7.57,0.46
07:32:46,"[132.47, 51]","[131.0, 34]","[135.03, 37]","[138.53, 38]",133.75,160,2.56,0.06
07:32:47,"[133.0, 15]","[131.0, 14]","[134.0, 21]","[139.84, 25]",133.5,75,1.0,-0.23
07:32:48,"[130.4, 50]","[129.65, 158]","[133.17, 36]","[284.72, 36]",131.78,280,2.77,0.49
07:32:49,"[130.0, 106]","[123.0, 36]","[211.67, 18]","[314.04, 23]",170.83,183,81.67,0.55
07:32:50,"[130.0, 12]","[115.2, 25]","[236.33, 12]","[436.17, 18]",183.17,67,106.33,0.1
07:32:51,"[137.32, 47]","[134.94, 34]","[425.0, 14]","[560.57, 21]",281.16,116,287.68,0.4
07:32:52,"[138.0, 27]","[137.0, 56]","[395.0, 19]","[583.25, 16]",266.5,118,257.0,0.41
07:32:53,"[138.0, 24]","[137.0, 64]","[412.56, 18]","[583.18, 22]",275.28,128,274.56,0.38
07:32:54,"[138.0, 25]","[137.0, 88]","[483.55, 22]","[585.45, 33]",310.77,168,345.55,0.35
07:32:55,"[138.0, 14]","[137.0, 56]","[410.29, 14]","[577.0, 21]",274.14,105,272.29,0.33
07:32:56,"[137.67, 15]","[136.9, 42]","[401.5, 24]","[472.3, 20]",269.58,101,263.83,0.13
07:32:57,"[131.25, 32]","[130.26, 34]","[442.85, 27]","[503.0, 15]",287.05,108,311.6,0.22
07:32:58,"[132.65, 34]","[130.39, 41]","[364.67, 45]","[542.33, 18]",248.66,138,232.02,0.09
07:32:59,"[138.0, 16]","[131.59, 17]","[484.97, 34]","[519.84, 19]",311.49,86,346.97,-0.23
07:33:00,"[138.0, 12]","[133.0, 6]","[325.5, 16]","[465.14, 14]",231.75,48,187.5,-0.25
07:33:01,"[135.63, 19]","[131.18, 57]","[189.93, 61]","[311.06, 36]",162.78,173,54.3,-0.12
07:33:02,"[131.82, 17]","[130.64, 28]","[189.0, 25]","[378.0, 25]",160.41,95,57.18,-0.05
07:33:03,"[137.0, 30]","[134.0, 12]","[189.0, 30]","[305.11, 18]",163.0,90,52.0,-0.07
07:33:04,"[137.0, 35]","[134.0, 14]","[187.59, 34]","[201.47, 19]",162.29,102,50.59,-0.04
07:33:05,"[138.38, 65]","[136.55, 53]","[183.67, 55]","[184.71, 62]",161.03,235,45.29,0.0
07:33:06,"[139.0, 35]","[137.0, 35]","[180.0, 29]","[182.43, 28]",159.5,127,41.0,0.1
07:33:07,"[139.0, 40]","[137.0, 40]","[177.75, 32]","[179.5, 32]",158.38,144,38.75,0.11
07:33:08,"[137.43, 47]","[134.25, 32]","[173.46, 52]","[174.77, 52]",155.44,183,36.04,-0.14
07:33:09,"[136.65, 23]","[134.96, 98]","[168.71, 68]","[169.94, 68]",152.68,257,32.05,-0.06
07:33:10,"[135.0, 28]","[133.0, 14]","[166.0, 28]","[168.14, 28]",150.5,98,31.0,-0.14
07:33:11,"[135.0, 40]","[133.0, 20]","[163.8, 40]","[164.8, 40]",149.4,140,28.8,-0.14
07:33:12,"[135.0, 52]","[133.0, 26]","[159.62, 52]","[161.15, 52]",147.31,182,24.62,-0.14
07:33:13,"[135.0, 60]","[133.0, 30]","[154.72, 39]","[155.44, 54]",144.86,183,19.72,-0.02
07:33:14,"[135.0, 46]","[133.0, 26]","[147.7, 40]","[149.41, 34]",141.35,146,12.7,-0.01
07:33:15,"[135.0, 11]","[133.0, 22]","[143.86, 29]","[144.98, 41]",139.43,103,8.86,-0.36
07:33:16,"[135.0, 11]","[133.0, 22]","[139.56, 41]","[140.93, 41]",137.28,115,4.56,-0.43
07:33:17,"[131.62, 77]","[130.54, 168]","[134.28, 67]","[136.1, 40]",132.95,352,2.66,0.39
07:33:18,"[130.63, 75]","[128.68, 118]","[132.8, 25]","[134.78, 37]",131.71,255,2.17,0.51
07:33:19,"[131.0, 15]","[130.0, 148]","[138.73, 22]","[236.11, 27]",134.86,212,7.73,0.54
07:33:20,"[130.23, 57]","[129.39, 41]","[209.41, 27]","[250.47, 38]",169.82,163,79.18,0.2
07:33:21,"[131.24, 17]","[130.33, 36]","[254.0, 30]","[549.43, 14]",192.62,97,122.76,0.09
07:33:22,"[130.67, 18]","[122.27, 33]","[327.72, 18]","[460.33, 9]",229.19,78,197.06,0.31
07:33:23,"[130.89, 18]","[104.08, 24]","[258.0, 18]","[298.8, 15]",194.44,75,127.11,0.12
07:33:24,"[131.67, 24]","[112.22, 18]","[170.5, 12]","[230.4, 10]",151.08,64,38.83,0.31
07:33:25,"[138.37, 49]","[122.86, 29]","[168.77, 26]","[260.38, 16]",153.57,120,30.4,0.3
07:33:26,"[140.0, 42]","[130.36, 28]","[167.57, 28]","[169.0, 28]",153.79,126,27.57,0.11
07:33:27,"[140.0, 20]","[135.0, 24]","[165.75, 24]","[167.5, 24]",152.88,92,25.75,-0.04
07:33:28,"[140.0, 13]","[136.82, 66]","[163.62, 26]","[165.0, 26]",151.81,131,23.62,0.21
07:33:29,"[140.0, 7]","[137.0, 42]","[161.0, 12]","[163.5, 12]",150.5,73,21.0,0.34
07:33:30,"[140.0, 8]","[137.0, 48]","[157.0, 16]","[158.0, 14]",148.5,86,17.0,0.3
07:33:31,"[140.0, 15]","[137.0, 90]","[154.6, 30]","[156.2, 30]",147.3,165,14.6,0.27
07:33:32,"[137.22, 54]","[136.09, 44]","[151.71, 28]","[153.07, 28]",144.47,154,14.49,0.27
07:33:33,"[137.0, 28]","[135.0, 28]","[149.36, 28]","[150.71, 28]",143.18,112,12.36,0.0
07:33:34,"[137.0, 22]","[135.0, 22]","[146.91, 22]","[150.0, 22]",141.95,88,9.91,0.0
07:33:35,"[137.0, 20]","[135.0, 20]","[143.4, 20]","[144.4, 20]",140.2,80,6.4,0.0
07:33:36,"[132.75, 77]","[130.85, 95]","[141.59, 34]","[143.0, 34]",137.17,240,8.83,0.43
07:33:37,"[131.78, 41]","[130.61, 145]","[138.55, 22]","[139.64, 22]",135.16,230,6.76,0.62
07:33:38,"[131.04, 111]","[130.05, 201]","[135.82, 22]","[136.82, 22]",133.43,356,4.78,0.75
07:33:39,"[131.0, 104]","[130.0, 228]","[132.75, 24]","[134.25, 24]",131.88,380,1.75,0.75
07:33:40,"[130.26, 77]","[127.36, 148]","[259.75, 16]","[466.0, 12]",195.0,253,129.49,0.78
07:33:41,"[134.43, 14]","[133.22, 67]","[465.3, 10]","[667.86, 7]",299.86,98,330.87,0.65
07:33:42,"[139.0, 11]","[138.0, 88]","[358.09, 44]","[386.64, 11]",248.55,154,219.09,0.29
07:33:43,"[139.0, 7]","[138.0, 56]","[335.0, 16]","[370.79, 19]",237.0,98,196.0,0.29
07:33:44,"[139.0, 5]","[138.0, 40]","[266.0, 5]","[358.0, 20]",202.5,70,127.0,0.29
07:33:45,"[139.0, 12]","[138.0, 96]","[181.89, 27]","[260.3, 27]",160.44,162,42.89,0.33
07:33:46,"[139.0, 12]","[138.0, 96]","[164.83, 48]","[353.78, 45]",151.92,201,25.83,0.07
07:33:47,"[139.5, 16]","[137.35, 68]","[161.33, 48]","[218.24, 45]",150.42,177,21.83,-0.05
07:33:48,"[140.0, 28]","[139.0, 14]","[159.86, 44]","[161.43, 56]",149.93,142,19.86,-0.41
07:33:49,"[140.0, 18]","[139.0, 9]","[156.8, 15]","[157.87, 30]",148.4,72,16.8,-0.25
07:33:50,"[138.21, 56]","[137.07, 83]","[151.75, 40]","[153.24, 25]",144.98,204,13.54,0.36
07:33:51,"[138.0, 31]","[137.0, 88]","[148.86, 29]","[149.59, 32]",143.43,180,10.86,0.32
07:33:52,"[137.55, 22]","[136.76, 102]","[144.47, 32]","[144.62, 32]",141.01,188,6.92,0.32
07:33:53,"[137.0, 30]","[133.0, 18]","[139.67, 12]","[142.0, 9]",138.33,69,2.67,0.39
07:33:54,"[134.33, 36]","[131.35, 68]","[138.27, 15]","[141.07, 15]",136.3,134,3.93,0.55
07:33:55,"[131.28, 65]","[130.4, 53]","[135.12, 17]","[137.0, 11]",133.2,146,3.84,0.62
07:33:56,"[131.08, 103]","[130.16, 86]","[132.56, 48]","[134.81, 27]",131.82,264,1.48,0.43
07:33:57,"[131.0, 36]","[130.0, 60]","[135.0, 15]","[258.5, 22]",133.0,133,4.0,0.44
07:33:58,"[132.31, 29]","[130.79, 38]","[135.0, 11]","[241.21, 47]",133.66,125,2.69,0.07
07:33:59,"[131.0, 40]","[130.24, 42]","[133.83, 12]","[204.23, 26]",132.42,120,2.83,0.37
07:34:00,"[108.15, 20]","[89.35, 17]","[141.8, 15]","[196.2, 25]",124.98,77,33.65,-0.04
07:34:01,"[118.33, 9]","[86.8, 15]","[136.83, 35]","[225.48, 31]",127.58,90,18.5,-0.47
07:34:02,"[119.0, 5]","[113.0, 5]","[218.29, 17]","[293.06, 17]",168.65,44,99.29,-0.55
07:34:03,"[135.47, 30]","[120.8, 10]","[226.25, 24]","[258.18, 22]",180.86,86,90.78,-0.07
07:34:04,"[128.41, 17]","[117.6, 10]","[183.56, 27]","[219.68, 19]",155.98,73,55.14,-0.26
07:34:05,"[129.79, 28]","[125.67, 21]","[149.0, 42]","[461.0, 36]",139.39,127,19.21,-0.23
07:34:06,"[135.29, 14]","[131.32, 19]","[148.09, 33]","[213.5, 36]",141.69,102,12.81,-0.35
07:34:07,"[129.74, 38]","[118.81, 16]","[144.59, 51]","[145.83, 46]",137.16,151,14.85,-0.28
07:34:08,"[118.0, 40]","[84.0, 10]","[140.73, 33]","[142.4, 30]",129.36,113,22.73,-0.12
07:34:09,"[118.0, 52]","[93.29, 24]","[138.02, 44]","[139.07, 45]",128.01,165,20.02,-0.08
07:34:10,"[111.59, 29]","[107.7, 23]","[130.59, 27]","[134.59, 34]",121.09,113,19.01,-0.08
07:34:11,"[88.5, 16]","[53.2, 15]","[123.44, 25]","[124.58, 24]",105.97,80,34.94,-0.23
07:34:12,"[67.0, 9]","[44.53, 19]","[125.0, 14]","[128.0, 7]",96.0,49,58.0,0.14
07:34:13,"[118.37, 86]","[81.41, 17]","[125.0, 18]","[128.0, 9]",121.69,130,6.63,0.58
07:34:14,"[120.5, 96]","[89.64, 14]","[124.0, 16]","[128.0, 8]",122.25,134,3.5,0.64
07:34:15,"[107.84, 111]","[72.0, 38]","[124.3, 20]","[152.71, 17]",116.07,186,16.46,0.6
07:34:16,"[90.38, 26]","[85.91, 66]","[126.91, 11]","[384.92, 12]",108.65,115,36.52,0.6
07:34:17,"[97.77, 62]","[93.29, 55]","[126.0, 36]","[130.0, 9]",111.89,162,28.23,0.44
07:34:18,"[99.95, 95]","[52.74, 39]","[125.91, 33]","[128.77, 13]",112.93,180,25.96,0.49
07:34:19,"[102.89, 90]","[101.0, 45]","[126.0, 14]","[130.0, 9]",114.44,158,23.11,0.71
07:34:20,"[105.83, 90]","[104.08, 60]","[163.5, 26]","[199.6, 25]",134.67,201,57.67,0.49
07:34:21,"[108.64, 70]","[106.96, 125]","[164.22, 36]","[288.29, 55]",136.43,286,55.58,0.36
07:34:22,"[112.5, 52]","[110.0, 60]","[155.15, 13]","[459.83, 23]",133.83,148,42.65,0.51
07:34:23,"[119.63, 62]","[120.97, 59]","[388.16, 19]","[535.53, 15]",253.89,155,268.53,0.56
07:34:24,"[134.14, 21]","[133.06, 16]","[316.5, 12]","[552.77, 26]",225.32,75,182.36,-0.01
07:34:25,"[134.92, 39]","[133.31, 13]","[378.0, 20]","[564.73, 30]",256.46,102,243.08,0.02
07:34:26,"[135.55, 99]","[134.0, 11]","[442.13, 30]","[440.28, 47]",288.84,187,306.59,0.18
07:34:27,"[135.7, 46]","[131.15, 52]","[195.8, 15]","[197.72, 18]",165.75,131,60.1,0.5
07:34:28,"[133.0, 9]","[130.0, 153]","[163.12, 17]","[160.53, 17]",148.06,196,30.12,0.65
07:34:29,"[130.08, 192]","[125.61, 159]","[138.25, 20]","[145.43, 28]",134.16,399,8.17,0.76
07:34:30,"[137.0, 90]","[130.25, 109]","[171.0, 15]","[361.75, 48]",154.0,262,34.0,0.52
07:34:31,"[137.0, 53]","[131.57, 14]","[193.0, 8]","[375.62, 16]",165.0,91,56.0,0.47
07:34:32,"[140.0, 30]","[137.0, 30]","[193.0, 5]","[296.57, 7]",166.5,72,53.0,0.67
07:34:33,"[140.0, 48]","[137.0, 54]","[192.0, 9]","[217.6, 15]",166.0,126,52.0,0.62
07:34:34,"[140.0, 33]","[137.0, 66]","[191.36, 11]","[390.76, 49]",165.68,159,51.36,0.25
07:34:35,"[140.0, 30]","[137.0, 60]","[189.2, 10]","[337.0, 22]",164.6,122,49.2,0.48
07:34:36,"[140.0, 21]","[137.0, 42]","[189.0, 7]","[200.0, 14]",164.5,84,49.0,0.5
07:34:37,"[140.0, 18]","[138.14, 28]","[186.6, 10]","[198.91, 11]",163.3,67,46.6,0.37
07:34:38,"[140.0, 33]","[139.0, 44]","[183.87, 38]","[208.47, 19]",161.93,134,43.87,0.15
07:34:39,"[140.0, 33]","[139.0, 44]","[182.0, 44]","[184.0, 11]",161.0,132,42.0,0.17
07:34:40,"[139.88, 34]","[138.54, 52]","[179.03, 39]","[180.19, 21]",159.45,146,39.14,0.18
07:34:41,"[137.0, 30]","[135.0, 5]","[178.0, 5]","[179.0, 20]",157.5,60,41.0,0.17
07:34:42,"[136.95, 40]","[134.27, 11]","[177.2, 10]","[179.0, 40]",157.07,101,40.25,0.01
07:34:43,"[132.93, 28]","[130.34, 76]","[175.36, 14]","[179.0, 56]",154.14,174,42.43,0.2
07:34:44,"[136.88, 25]","[133.77, 26]","[172.9, 30]","[175.33, 15]",154.89,96,36.02,0.06
07:34:45,"[135.0, 40]","[134.0, 30]","[168.23, 13]","[170.05, 37]",151.62,120,33.23,0.17
07:34:46,"[135.0, 26]","[134.0, 30]","[163.38, 34]","[167.5, 16]",149.19,106,28.38,0.06
07:34:47,"[135.0, 15]","[134.0, 27]","[162.44, 36]","[165.0, 9]",148.72,87,27.44,-0.03
07:34:48,"[134.62, 8]","[133.14, 21]","[160.38, 32]","[165.0, 8]",147.5,69,25.75,-0.16
07:34:49,"[134.0, 7]","[131.0, 14]","[159.62, 13]","[160.45, 22]",146.81,56,25.62,-0.25
07:34:50,"[134.0, 3]","[131.0, 6]","[158.33, 3]","[160.0, 12]",146.17,24,24.33,-0.25
07:34:51,"[135.8, 20]","[133.08, 13]","[154.73, 41]","[156.71, 14]",145.27,88,18.93,-0.25
07:34:52,"[134.89, 9]","[131.5, 12]","[152.1, 10]","[153.12, 25]",143.49,56,17.21,-0.25
07:34:53,"[138.92, 195]","[135.5, 38]","[147.53, 45]","[225.53, 45]",143.23,323,8.61,0.44
07:34:54,"[139.0, 176]","[134.0, 11]","[147.0, 44]","[256.65, 23]",143.0,254,8.0,0.47
07:34:55,"[139.0, 112]","[134.0, 7]","[146.14, 28]","[264.0, 14]",142.57,161,7.14,0.48
07:34:56,"[139.0, 97]","[134.0, 7]","[143.81, 31]","[144.75, 32]",141.4,167,4.81,0.25
07:34:57,"[139.0, 94]","[134.0, 9]","[141.93, 42]","[143.58, 38]",140.46,183,2.93,0.13
07:34:58,"[139.0, 102]","[134.0, 17]","[142.47, 68]","[277.0, 34]",140.74,221,3.47,0.08
07:34:59,"[139.0, 24]","[134.0, 4]","[140.5, 16]","[304.0, 9]",139.75,53,1.5,0.06
07:35:00,"[139.0, 54]","[134.0, 11]","[140.0, 44]","[362.0, 33]",139.5,142,1.0,-0.08
07:35:01,"[134.38, 16]","[133.02, 82]","[139.33, 42]","[179.16, 31]",136.85,171,4.96,0.15
07:35:02,"[134.81, 26]","[132.47, 47]","[136.86, 28]","[176.88, 34]",135.83,135,2.05,0.08
07:35:03,"[132.61, 38]","[131.57, 140]","[135.08, 24]","[156.31, 26]",133.84,228,2.48,0.56
07:35:04,"[133.0, 57]","[132.0, 96]","[134.4, 15]","[135.25, 24]",133.7,192,1.4,0.59
07:35:05,"[132.04, 89]","[131.03, 254]","[133.86, 29]","[143.34, 29]",132.95,401,1.82,0.71
07:35:06,"[132.0, 70]","[131.0, 280]","[259.0, 33]","[356.62, 34]",195.5,417,127.0,0.68
07:35:07,"[136.58, 48]","[131.73, 75]","[402.0, 36]","[451.69, 26]",269.29,185,265.42,0.33
07:35:08,"[132.0, 32]","[131.0, 160]","[369.38, 24]","[467.43, 23]",250.69,239,237.38,0.61
07:35:09,"[131.02, 161]","[130.12, 164]","[219.0, 27]","[220.0, 27]",175.01,379,87.98,0.72
07:35:10,"[131.14, 99]","[130.6, 223]","[218.92, 36]","[227.09, 33]",175.03,391,87.78,0.65
07:35:11,"[131.02, 182]","[130.07, 213]","[218.0, 36]","[377.16, 31]",174.51,462,86.98,0.71
07:35:12,"[130.63, 137]","[130.02, 135]","[218.0, 30]","[412.0, 30]",174.31,332,87.37,0.64
07:35:13,"[131.33, 75]","[130.0, 270]","[218.0, 45]","[282.81, 48]",174.67,438,86.67,0.58
07:35:14,"[131.16, 64]","[130.03, 186]","[217.45, 33]","[325.09, 44]",174.31,327,86.3,0.53
07:35:15,"[131.0, 72]","[130.0, 216]","[188.0, 36]","[240.5, 36]",159.5,360,57.0,0.6
07:35:16,"[133.12, 34]","[130.1, 120]","[216.75, 24]","[243.0, 24]",174.93,202,83.63,0.52
07:35:17,"[132.82, 22]","[130.31, 78]","[208.71, 28]","[240.0, 27]",170.77,155,75.9,0.29
07:35:18,"[132.22, 23]","[130.28, 100]","[149.02, 53]","[218.45, 33]",140.62,209,16.8,0.18
07:35:19,"[135.0, 16]","[130.41, 61]","[144.0, 30]","[290.54, 41]",139.5,148,9.0,0.04
07:35:20,"[139.0, 9]","[131.0, 45]","[143.44, 27]","[350.78, 36]",141.22,117,4.44,-0.08
07:35:21,"[139.0, 13]","[135.81, 101]","[141.92, 49]","[200.89, 47]",140.46,210,2.92,0.09
07:35:22,"[137.26, 46]","[135.1, 79]","[140.98, 51]","[141.86, 35]",139.12,211,3.72,0.18
07:35:23,"[137.0, 81]","[131.0, 60]","[138.82, 34]","[146.47, 19]",137.91,194,1.82,0.45
07:35:24,"[137.0, 36]","[131.0, 50]","[138.31, 13]","[139.03, 37]",137.65,136,1.31,0.26
07:35:25,"[137.0, 25]","[133.22, 18]","[138.8, 25]","[175.0, 38]",137.9,106,1.8,-0.19
07:35:26,"[133.67, 18]","[130.4, 52]","[139.0, 18]","[217.33, 24]",136.33,112,5.33,0.25
07:35:27,"[131.0, 41]","[130.0, 198]","[138.64, 33]","[517.3, 40]",134.82,312,7.64,0.53
07:35:28,"[131.0, 55]","[130.0, 198]","[137.45, 33]","[501.18, 44]",134.23,330,6.45,0.53
07:35:29,"[133.33, 90]","[130.33, 107]","[199.11, 36]","[369.64, 44]",166.22,277,65.78,0.42
07:35:30,"[134.0, 70]","[131.0, 35]","[528.14, 28]","[604.57, 28]",331.07,161,394.14,0.3
07:35:31,"[136.83, 23]","[133.67, 30]","[541.0, 32]","[630.0, 32]",338.91,117,404.17,-0.09
07:35:32,"[139.0, 6]","[135.0, 6]","[486.17, 24]","[654.83, 24]",312.58,60,347.17,-0.6
07:35:33,"[139.0, 3]","[135.0, 3]","[224.0, 12]","[557.0, 12]",181.5,30,85.0,-0.6
07:35:34,"[134.0, 80]","[131.0, 40]","[209.0, 26]","[352.71, 28]",171.5,174,75.0,0.38
07:35:35,"[134.0, 50]","[131.0, 25]","[175.0, 10]","[176.0, 20]",154.5,105,41.0,0.43
07:35:36,"[134.0, 62]","[131.0, 30]","[174.5, 12]","[176.0, 24]",154.25,128,40.5,0.44
07:35:37,"[134.57, 126]","[131.92, 72]","[171.83, 24]","[176.0, 48]",153.2,270,37.26,0.47
07:35:38,"[134.05, 96]","[131.7, 90]","[155.17, 29]","[158.68, 44]",144.61,259,21.12,0.44
07:35:39,"[134.0, 44]","[131.0, 88]","[149.05, 21]","[150.17, 12]",141.52,165,15.05,0.6
07:35:40,"[134.0, 64]","[131.0, 128]","[146.85, 34]","[148.23, 22]",140.43,248,12.85,0.55
07:35:41,"[134.0, 36]","[131.0, 72]","[144.79, 19]","[146.0, 19]",139.39,146,10.79,0.48
07:35:42,"[134.0, 70]","[131.0, 120]","[141.65, 23]","[145.78, 41]",137.83,254,7.65,0.5
07:35:43,"[134.0, 52]","[131.0, 104]","[141.9, 29]","[143.41, 39]",137.95,224,7.9,0.39
07:35:44,"[135.0, 39]","[134.0, 50]","[136.87, 47]","[139.0, 44]",135.94,180,1.87,-0.01
07:35:45,"[133.57, 21]","[131.41, 44]","[136.78, 40]","[138.16, 31]",135.17,136,3.2,-0.04
07:35:46,"[133.0, 18]","[131.0, 46]","[136.12, 24]","[137.5, 24]",134.56,112,3.12,0.14
07:35:47,"[131.69, 29]","[130.24, 83]","[134.1, 31]","[135.17, 23]",132.89,166,2.41,0.35
07:35:48,"[131.0, 132]","[130.0, 106]","[134.45, 40]","[447.0, 44]",132.72,322,3.45,0.48
07:35:49,"[131.0, 136]","[130.0, 60]","[136.9, 41]","[236.55, 47]",133.95,284,5.9,0.38
07:35:50,"[131.0, 66]","[130.0, 44]","[244.33, 36]","[349.62, 26]",187.67,172,113.33,0.28
07:35:51,"[131.0, 48]","[130.0, 32]","[352.2, 20]","[708.0, 16]",241.6,116,221.2,0.38
07:35:52,"[131.6, 131]","[130.12, 147]","[209.58, 66]","[280.54, 37]",170.59,381,77.98,0.46
07:35:53,"[133.0, 156]","[131.0, 76]","[142.61, 59]","[330.77, 43]",137.81,334,9.61,0.39
07:35:54,"[133.0, 130]","[131.0, 80]","[141.5, 50]","[199.58, 38]",137.25,298,8.5,0.41
07:35:55,"[133.0, 221]","[131.0, 136]","[140.0, 85]","[209.12, 64]",136.5,506,7.0,0.41
07:35:56,"[133.0, 146]","[131.0, 98]","[138.86, 70]","[215.82, 65]",135.93,379,5.86,0.29
07:35:57,"[133.0, 107]","[131.0, 96]","[137.23, 65]","[250.12, 49]",135.12,317,4.23,0.28
07:35:58,"[133.0, 29]","[131.0, 54]","[137.0, 30]","[358.0, 6]",135.0,119,4.0,0.39
07:35:59,"[133.47, 234]","[130.93, 95]","[164.0, 49]","[601.11, 36]",148.73,414,30.53,0.59
07:36:00,"[134.06, 102]","[131.84, 76]","[180.44, 36]","[300.0, 14]",157.25,228,46.39,0.56
07:36:01,"[139.0, 27]","[137.94, 96]","[180.0, 33]","[765.4, 47]",159.5,203,41.0,0.21
07:36:02,"[139.0, 5]","[138.0, 50]","[179.2, 15]","[776.0, 25]",159.1,95,40.2,0.16
07:36:03,"[138.1, 50]","[137.77, 65]","[377.93, 44]","[582.77, 22]",258.02,181,239.83,0.27
07:36:04,"[138.0, 98]","[137.0, 36]","[236.67, 60]","[346.75, 20]",187.33,214,98.67,0.25
07:36:05,"[138.0, 48]","[137.0, 18]","[187.0, 30]","[416.0, 6]",162.5,102,49.0,0.29
07:36:06,"[138.0, 56]","[137.0, 21]","[186.0, 35]","[368.0, 7]",162.0,119,48.0,0.29
07:36:07,"[138.0, 72]","[135.5, 48]","[183.86, 70]","[349.64, 14]",160.93,204,45.86,0.18
07:36:08,"[138.0, 36]","[137.0, 27]","[181.78, 45]","[302.0, 9]",159.89,117,43.78,0.08
07:36:09,"[138.0, 52]","[137.0, 39]","[178.68, 57]","[298.38, 21]",158.34,169,40.68,0.08
07:36:10,"[138.0, 40]","[137.0, 30]","[169.0, 10]","[178.03, 34]",153.5,114,31.0,0.23
07:36:11,"[138.0, 68]","[137.0, 51]","[165.48, 21]","[166.23, 69]",151.74,209,27.48,0.14
07:36:12,"[138.0, 32]","[137.0, 24]","[162.62, 40]","[164.0, 8]",150.31,104,24.62,0.08
07:36:13,"[138.0, 36]","[137.0, 27]","[161.68, 25]","[162.28, 29]",149.84,117,23.68,0.08
07:36:14,"[139.0, 40]","[137.52, 31]","[160.0, 9]","[162.0, 45]",149.5,125,21.0,0.14
07:36:15,"[140.0, 43]","[137.92, 39]","[158.59, 22]","[161.76, 38]",149.3,142,18.59,0.15
07:36:16,"[140.0, 30]","[137.69, 39]","[155.96, 45]","[156.73, 33]",147.98,147,15.96,-0.06
07:36:17,"[138.0, 16]","[137.0, 24]","[154.0, 8]","[156.0, 40]",146.0,88,16.0,-0.09
07:36:18,"[138.0, 12]","[137.0, 18]","[150.73, 26]","[151.5, 10]",144.37,66,12.73,-0.09
07:36:19,"[138.0, 24]","[137.0, 36]","[146.0, 40]","[146.43, 40]",142.0,140,8.0,-0.14
07:36:20,"[137.9, 31]","[136.94, 31]","[140.79, 29]","[143.44, 45]",139.35,136,2.89,-0.09
07:36:21,"[137.0, 21]","[135.0, 9]","[138.53, 17]","[143.73, 33]",137.76,80,1.53,-0.25
07:36:22,"[135.0, 15]","[134.0, 30]","[142.71, 59]","[148.9, 31]",138.86,135,7.71,-0.33
07:36:23,"[135.0, 9]","[134.0, 18]","[141.0, 9]","[142.0, 45]",138.0,81,6.0,-0.33
07:36:24,"[134.21, 24]","[131.38, 48]","[140.17, 24]","[141.94, 48]",137.19,144,5.96,0.0
07:36:25,"[131.48, 83]","[130.19, 129]","[136.68, 31]","[138.51, 63]",134.08,306,5.2,0.39
07:36:26,"[132.2, 70]","[130.6, 81]","[134.52, 23]","[138.72, 43]",133.36,217,2.32,0.39
07:36:27,"[136.65, 46]","[131.16, 38]","[192.5, 40]","[265.42, 26]",164.58,150,55.85,0.12
07:36:28,"[140.0, 112]","[133.71, 34]","[207.65, 26]","[229.48, 48]",173.83,220,67.65,0.33
07:36:29,"[140.0, 80]","[133.0, 10]","[211.9, 21]","[231.07, 27]",175.95,138,71.9,0.3
07:36:30,"[140.0, 144]","[137.8, 30]","[156.38, 21]","[189.71, 21]",148.19,216,16.38,0.61
07:36:31,"[140.0, 126]","[139.0, 32]","[151.81, 32]","[196.57, 28]",145.91,218,11.81,0.45
07:36:32,"[140.0, 63]","[139.0, 18]","[149.5, 24]","[204.5, 24]",144.75,129,9.5,0.26
07:36:33,"[139.85, 54]","[138.45, 22]","[147.25, 32]","[148.4, 40]",143.55,148,7.4,0.03
07:36:34,"[138.0, 16]","[133.0, 8]","[144.11, 18]","[147.73, 30]",141.06,72,6.11,-0.33
07:36:35,"[138.0, 16]","[133.0, 8]","[143.0, 32]","[144.0, 16]",140.5,72,5.0,-0.33
07:36:36,"[138.0, 16]","[133.0, 8]","[140.12, 16]","[143.0, 32]",139.06,72,2.12,-0.33
07:36:37,"[132.47, 64]","[130.51, 65]","[139.0, 26]","[143.0, 52]",135.73,207,6.53,0.25
07:36:38,"[130.09, 54]","[115.79, 14]","[138.14, 28]","[140.6, 20]",134.12,116,8.05,0.17
07:36:39,"[130.26, 80]","[125.29, 41]","[138.0, 56]","[199.29, 34]",134.13,211,7.74,0.15
07:36:40,"[130.0, 81]","[112.93, 15]","[134.0, 46]","[187.83, 35]",132.0,177,4.0,0.08
07:36:41,"[130.33, 18]","[129.0, 16]","[133.36, 11]","[136.32, 19]",131.85,64,3.03,0.06
07:36:42,"[130.67, 12]","[125.56, 18]","[132.98, 47]","[149.26, 27]",131.82,104,2.31,-0.42
07:36:43,"[120.0, 36]","[31.56, 41]","[131.22, 46]","[133.19, 47]",125.61,170,11.22,-0.09
07:36:44,"[117.5, 96]","[90.0, 8]","[127.05, 21]","[129.35, 26]",122.27,151,9.55,0.38
07:36:45,"[98.92, 96]","[94.91, 110]","[123.64, 22]","[125.32, 25]",111.28,253,24.72,0.63
07:36:46,"[85.81, 104]","[72.23, 39]","[339.39, 36]","[331.53, 15]",212.6,194,253.58,0.47
07:36:47,"[90.51, 69]","[72.88, 66]","[305.0, 20]","[414.12, 26]",197.75,181,214.49,0.49
07:36:48,"[96.45, 44]","[101.46, 35]","[296.47, 19]","[529.93, 41]",196.46,139,200.02,0.14
07:36:49,"[139.0, 9]","[131.0, 18]","[192.5, 12]","[323.13, 15]",165.75,54,53.5,0.0
07:36:50,"[139.67, 12]","[133.67, 12]","[184.0, 16]","[190.75, 8]",161.83,48,44.33,0.0
07:36:51,"[138.5, 24]","[125.07, 15]","[179.05, 37]","[579.5, 24]",158.78,100,40.55,-0.22
07:36:52,"[131.06, 33]","[111.87, 46]","[154.0, 50]","[322.8, 10]",142.53,139,22.94,0.14
07:36:53,"[131.82, 17]","[126.48, 61]","[154.0, 50]","[247.0, 12]",142.91,140,22.18,0.11
07:36:54,"[107.87, 23]","[71.09, 89]","[132.63, 19]","[157.03, 29]",120.25,160,24.76,0.4
07:36:55,"[112.45, 11]","[51.36, 132]","[125.0, 49]","[126.0, 11]",118.73,203,12.55,0.41
07:36:56,"[108.5, 10]","[53.0, 120]","[125.39, 38]","[240.29, 14]",116.95,182,16.89,0.43
07:36:57,"[127.39, 23]","[67.64, 22]","[340.62, 48]","[409.23, 30]",234.01,123,213.23,-0.27
07:36:58,"[133.5, 30]","[121.75, 20]","[298.87, 46]","[385.8, 46]",216.18,142,165.37,-0.3
07:36:59,"[137.0, 27]","[130.0, 27]","[268.45, 11]","[301.94, 31]",202.73,96,131.45,0.12
07:37:00,"[137.0, 27]","[130.0, 147]","[254.0, 9]","[255.0, 27]",195.5,210,117.0,0.66
07:37:01,"[137.0, 45]","[130.17, 261]","[237.31, 36]","[226.53, 32]",187.15,374,100.31,0.64
07:37:02,"[135.47, 64]","[134.87, 52]","[195.17, 12]","[248.6, 25]",165.32,153,59.7,0.52
07:37:03,"[135.0, 47]","[134.0, 9]","[195.0, 9]","[241.33, 27]",165.0,92,60.0,0.22
07:37:04,"[135.0, 33]","[134.0, 11]","[193.22, 23]","[236.14, 21]",164.11,88,58.22,0.0
07:37:05,"[131.25, 72]","[86.29, 14]","[189.73, 15]","[190.43, 21]",160.49,122,58.48,0.41
07:37:06,"[131.41, 85]","[124.48, 172]","[163.9, 42]","[172.0, 47]",147.66,346,32.49,0.49
07:37:07,"[135.0, 40]","[133.33, 27]","[156.8, 30]","[158.0, 40]",145.9,137,21.8,-0.02
07:37:08,"[135.0, 28]","[134.0, 21]","[154.44, 25]","[155.64, 22]",144.72,96,19.44,0.02
07:37:09,"[134.74, 35]","[132.85, 39]","[152.45, 11]","[154.0, 44]",143.6,129,17.71,0.15
07:37:10,"[134.09, 11]","[131.17, 53]","[148.85, 26]","[151.55, 29]",141.47,119,14.76,0.08
07:37:11,"[134.0, 12]","[131.0, 60]","[147.26, 38]","[147.76, 17]",140.63,127,13.26,0.13
07:37:12,"[134.0, 10]","[131.0, 50]","[142.04, 24]","[143.62, 24]",138.02,108,8.04,0.11
07:37:13,"[131.0, 70]","[130.0, 84]","[136.32, 34]","[137.88, 33]",133.66,221,5.32,0.39
07:37:14,"[131.0, 69]","[130.0, 90]","[133.62, 26]","[141.33, 45]",132.31,230,2.62,0.38
07:37:15,"[131.0, 20]","[130.0, 72]","[138.0, 30]","[335.46, 46]",134.5,168,7.0,0.1
07:37:16,"[134.8, 59]","[130.4, 25]","[306.03, 36]","[543.14, 28]",220.41,148,171.23,0.14
07:37:17,"[135.0, 43]","[131.0, 8]","[283.44, 16]","[619.33, 18]",209.22,85,148.44,0.2
07:37:18,"[132.8, 20]","[122.0, 14]","[498.0, 13]","[625.88, 16]",315.4,63,365.2,0.08
07:37:19,"[131.0, 27]","[130.0, 36]","[313.85, 13]","[484.26, 19]",222.42,95,182.85,0.33
07:37:20,"[131.0, 21]","[130.0, 28]","[295.11, 28]","[323.65, 17]",213.05,94,164.11,0.04
07:37:21,"[131.0, 33]","[130.0, 44]","[192.41, 39]","[211.83, 42]",161.71,158,61.41,-0.03
07:37:22,"[131.0, 28]","[130.0, 56]","[133.07, 61]","[133.85, 26]",132.03,171,2.07,-0.02
07:37:23,"[105.18, 11]","[116.19, 21]","[131.05, 37]","[133.4, 25]",118.12,94,25.87,-0.32
07:37:24,"[105.81, 16]","[94.43, 14]","[123.09, 55]","[127.97, 39]",114.45,124,17.28,-0.52
07:37:25,"[110.0, 19]","[83.92, 13]","[122.7, 46]","[131.2, 41]",116.35,119,12.7,-0.46
07:37:26,"[130.76, 34]","[126.43, 35]","[202.5, 14]","[405.62, 34]",166.63,117,71.74,0.18
07:37:27,"[135.5, 20]","[134.57, 28]","[187.75, 32]","[221.12, 8]",161.62,88,52.25,0.09
07:37:28,"[135.0, 30]","[131.0, 6]","[186.5, 24]","[381.0, 11]",160.75,71,51.5,0.01
07:37:29,"[135.0, 55]","[131.0, 21]","[185.45, 44]","[393.58, 12]",160.23,132,50.45,0.15
07:37:30,"[135.0, 50]","[131.0, 60]","[184.8, 40]","[410.56, 18]",159.9,168,49.8,0.31
07:37:31,"[135.0, 25]","[131.23, 26]","[184.0, 20]","[437.0, 5]",159.5,76,49.0,0.34
07:37:32,"[135.0, 40]","[134.0, 16]","[183.42, 31]","[251.97, 35]",159.21,122,48.42,-0.08
07:37:33,"[135.0, 75]","[134.0, 30]","[180.68, 53]","[182.33, 72]",157.84,230,45.68,-0.09
07:37:34,"[135.0, 75]","[134.0, 30]","[178.23, 53]","[178.96, 52]",156.61,210,43.23,0.0
07:37:35,"[134.97, 62]","[133.12, 34]","[174.38, 47]","[175.36, 44]",154.68,187,39.42,0.03
07:37:36,"[131.3, 80]","[116.0, 100]","[172.5, 36]","[174.0, 48]",151.9,264,41.2,0.36
07:37:37,"[132.66, 101]","[124.52, 92]","[171.0, 42]","[173.45, 49]",151.83,284,38.34,0.36
07:37:38,"[134.0, 70]","[131.0, 99]","[167.45, 40]","[168.46, 37]",150.72,246,33.45,0.37
07:37:39,"[134.0, 7]","[131.0, 63]","[163.67, 24]","[165.08, 25]",148.83,119,29.67,0.18
07:37:40,"[136.82, 17]","[131.14, 85]","[162.38, 39]","[164.0, 52]",149.6,193,25.56,0.06
07:37:41,"[140.0, 18]","[134.0, 9]","[160.24, 33]","[161.73, 30]",150.12,90,20.24,-0.4
07:37:42,"[135.15, 39]","[131.5, 24]","[155.19, 32]","[158.11, 38]",145.17,133,20.03,-0.05
07:37:43,"[131.23, 66]","[102.59, 58]","[156.14, 51]","[157.36, 42]",143.68,217,24.91,0.14
07:37:44,"[133.15, 41]","[132.36, 22]","[154.0, 40]","[157.6, 30]",143.57,133,20.85,-0.05
07:37:45,"[134.0, 24]","[133.0, 60]","[152.25, 48]","[153.25, 48]",143.12,180,18.25,-0.07
07:37:46,"[133.48, 27]","[132.25, 48]","[149.5, 54]","[150.45, 58]",141.49,187,16.02,-0.2
07:37:47,"[134.0, 15]","[131.0, 30]","[142.27, 60]","[143.28, 57]",138.13,162,8.27,-0.44
07:37:48,"[134.0, 7]","[131.0, 14]","[137.57, 28]","[139.14, 28]",135.79,77,3.57,-0.45
07:37:49,"[132.42, 19]","[130.42, 43]","[138.61, 46]","[182.43, 49]",135.51,157,6.19,-0.21
07:37:50,"[131.0, 22]","[130.0, 55]","[145.45, 33]","[147.0, 33]",138.23,143,14.45,0.08
07:37:51,"[133.88, 17]","[130.07, 27]","[142.21, 19]","[143.41, 22]",138.05,85,8.33,0.04
07:37:52,"[136.94, 66]","[130.47, 47]","[139.59, 46]","[140.6, 42]",138.26,201,2.65,0.12
07:37:53,"[130.38, 58]","[128.8, 100]","[136.72, 43]","[138.27, 52]",133.55,253,6.34,0.25
07:37:54,"[130.0, 79]","[103.85, 52]","[133.27, 22]","[136.8, 25]",131.64,178,3.27,0.47
07:37:55,"[130.0, 31]","[106.23, 22]","[229.33, 24]","[486.24, 34]",179.67,111,99.33,-0.05
07:37:56,"[131.0, 10]","[130.0, 15]","[249.0, 25]","[431.24, 17]",190.0,67,118.0,-0.25
07:37:57,"[131.0, 18]","[130.0, 27]","[251.95, 43]","[401.94, 35]",191.48,123,120.95,-0.27
07:37:58,"[132.86, 21]","[132.16, 31]","[309.0, 28]","[548.0, 35]",220.93,115,176.14,-0.1
07:37:59,"[132.64, 22]","[130.58, 53]","[333.88, 32]","[464.0, 43]",233.26,150,201.24,0.0
07:38:00,"[131.0, 18]","[130.0, 108]","[168.44, 16]","[215.91, 34]",149.72,176,37.44,0.43
07:38:01,"[131.0, 82]","[130.0, 108]","[169.44, 18]","[195.15, 41]",150.22,249,38.44,0.53
07:38:02,"[132.71, 56]","[130.14, 101]","[169.0, 28]","[314.06, 62]",150.86,247,36.29,0.27
07:38:03,"[133.0, 37]","[130.67, 54]","[168.5, 32]","[294.44, 16]",150.75,139,35.5,0.31
07:38:04,"[136.6, 60]","[130.9, 31]","[168.0, 16]","[296.0, 8]",152.3,115,31.4,0.58
07:38:05,"[137.0, 88]","[131.0, 44]","[164.89, 19]","[277.43, 37]",150.95,188,27.89,0.4
07:38:06,"[137.0, 67]","[131.0, 36]","[163.67, 15]","[166.0, 12]",150.33,130,26.67,0.58
07:38:07,"[137.0, 35]","[131.0, 20]","[163.0, 10]","[165.0, 5]",150.0,70,26.0,0.57
07:38:08,"[137.0, 93]","[132.43, 23]","[162.29, 28]","[356.68, 57]",149.64,201,25.29,0.15
07:38:09,"[137.0, 48]","[134.0, 8]","[161.62, 16]","[346.05, 19]",149.31,91,24.62,0.23
07:38:10,"[137.0, 54]","[134.0, 21]","[155.92, 24]","[260.0, 21]",146.46,120,18.92,0.25
07:38:11,"[137.0, 60]","[134.0, 70]","[158.6, 20]","[244.0, 50]",147.8,200,21.6,0.3
07:38:12,"[137.0, 72]","[134.0, 84]","[157.25, 24]","[231.17, 60]",147.12,240,20.25,0.3
07:38:13,"[137.81, 70]","[135.3, 76]","[156.09, 22]","[221.32, 47]",146.95,215,18.28,0.36
07:38:14,"[139.08, 59]","[138.11, 81]","[155.64, 22]","[221.0, 44]",147.36,206,16.55,0.36
07:38:15,"[139.0, 72]","[137.0, 48]","[154.14, 28]","[181.4, 20]",146.57,168,15.14,0.43
07:38:16,"[139.0, 124]","[137.0, 96]","[152.34, 58]","[153.21, 38]",145.67,316,13.34,0.39
07:38:17,"[139.0, 75]","[137.0, 98]","[148.43, 46]","[246.49, 45]",143.72,264,9.43,0.31
07:38:18,"[139.0, 35]","[137.0, 87]","[148.26, 61]","[188.82, 44]",143.63,227,9.26,0.07
07:38:19,"[139.0, 20]","[137.0, 60]","[147.35, 43]","[148.26, 47]",143.17,170,8.35,-0.06
07:38:20,"[139.0, 16]","[137.0, 48]","[146.1, 39]","[147.15, 33]",142.55,136,7.1,-0.06
07:38:21,"[139.0, 26]","[137.06, 77]","[144.36, 33]","[146.04, 46]",141.68,182,5.36,0.13
07:38:22,"[138.26, 23]","[137.16, 93]","[139.72, 47]","[141.16, 64]",138.99,227,1.46,0.02
07:38:23,"[137.03, 65]","[135.67, 36]","[138.84, 38]","[139.62, 64]",137.94,203,1.81,-0.0
07:38:24,"[136.8, 30]","[134.91, 22]","[138.38, 42]","[205.21, 58]",137.59,152,1.58,-0.32
07:38:25,"[132.14, 42]","[131.93, 29]","[459.63, 46]","[505.86, 70]",295.89,187,327.49,-0.24
07:38:26,"[130.88, 43]","[115.55, 47]","[241.45, 22]","[274.58, 33]",186.17,145,110.57,0.24
07:38:27,"[131.35, 31]","[61.54, 56]","[241.0, 24]","[419.16, 19]",186.18,130,109.65,0.34
07:38:28,"[137.0, 14]","[130.0, 35]","[241.0, 21]","[648.0, 23]",189.0,93,104.0,0.05
07:38:29,"[137.0, 22]","[130.0, 43]","[187.46, 39]","[239.54, 37]",162.23,141,50.46,-0.08
07:38:30,"[137.59, 34]","[130.82, 34]","[160.09, 46]","[161.54, 52]",148.84,166,22.5,-0.18
07:38:31,"[140.0, 4]","[139.0, 20]","[157.19, 16]","[158.69, 13]",148.59,53,17.19,-0.09
07:38:32,"[140.0, 9]","[139.0, 45]","[151.05, 37]","[154.65, 34]",145.53,125,11.05,-0.14
07:38:33,"[140.0, 10]","[139.0, 50]","[151.71, 35]","[152.67, 39]",145.86,134,11.71,-0.1
07:38:34,"[139.0, 21]","[138.0, 28]","[148.63, 27]","[149.61, 31]",143.81,107,9.63,-0.08
07:38:35,"[139.0, 15]","[138.0, 20]","[147.67, 18]","[148.65, 23]",143.33,76,8.67,-0.08
07:38:36,"[139.0, 18]","[138.0, 24]","[146.83, 18]","[148.0, 24]",142.92,84,7.83,0.0
07:38:37,"[138.79, 19]","[137.83, 24]","[146.0, 21]","[148.0, 28]",142.39,92,7.21,-0.07
07:38:38,"[138.0, 30]","[137.0, 30]","[143.9, 48]","[146.88, 59]",140.95,167,5.9,-0.28
07:38:39,"[132.69, 65]","[131.02, 131]","[138.44, 50]","[139.37, 54]",135.57,300,5.75,0.31
07:38:40,"[135.0, 33]","[131.0, 165]","[137.0, 44]","[139.0, 55]",136.0,297,2.0,0.33
07:38:41,"[135.0, 41]","[131.27, 165]","[137.78, 64]","[190.43, 67]",136.39,337,2.78,0.22
07:38:42,"[131.32, 157]","[131.3, 61]","[136.42, 62]","[201.0, 62]",133.87,342,5.1,0.27
07:38:43,"[131.0, 120]","[130.0, 16]","[241.8, 35]","[421.65, 17]",186.4,188,110.8,0.45
07:38:44,"[131.17, 94]","[130.71, 42]","[397.04, 25]","[411.45, 29]",264.11,190,265.87,0.43
07:38:45,"[135.0, 28]","[131.99, 67]","[383.2, 30]","[423.04, 50]",259.1,175,248.2,0.09
07:38:46,"[135.0, 14]","[134.0, 80]","[396.0, 21]","[444.0, 28]",265.5,143,261.0,0.31
07:38:47,"[135.0, 20]","[134.0, 130]","[394.2, 30]","[412.64, 33]",264.6,213,259.2,0.41
07:38:48,"[134.4, 40]","[133.52, 124]","[385.0, 29]","[393.0, 30]",259.7,223,250.6,0.47
07:38:49,"[134.0, 96]","[131.0, 77]","[200.0, 27]","[272.44, 27]",167.0,227,66.0,0.52
07:38:50,"[139.0, 60]","[134.0, 120]","[172.3, 30]","[175.0, 30]",155.65,240,33.3,0.5
07:38:51,"[139.0, 66]","[134.0, 162]","[169.77, 26]","[171.2, 30]",154.38,284,30.77,0.61
07:38:52,"[139.0, 56]","[134.0, 120]","[169.0, 30]","[170.0, 20]",154.0,226,30.0,0.56
07:38:53,"[139.0, 30]","[134.0, 72]","[169.0, 18]","[170.0, 12]",154.0,132,30.0,0.55
07:38:54,"[139.0, 40]","[134.0, 96]","[168.0, 24]","[169.29, 21]",153.5,181,29.0,0.5
07:38:55,"[139.17, 30]","[135.47, 85]","[166.39, 23]","[167.6, 30]",152.78,168,27.22,0.37
07:38:56,"[134.65, 55]","[132.22, 121]","[165.5, 24]","[167.0, 36]",150.08,236,30.85,0.49
07:38:57,"[134.0, 44]","[131.0, 100]","[162.41, 27]","[164.13, 23]",148.2,194,28.41,0.48
07:38:58,"[131.81, 74]","[130.54, 92]","[158.23, 30]","[159.39, 31]",145.02,227,26.42,0.46
07:38:59,"[131.87, 90]","[130.64, 89]","[152.71, 35]","[154.32, 37]",142.29,251,20.85,0.43
07:39:00,"[137.0, 27]","[132.0, 54]","[148.78, 23]","[149.78, 27]",142.89,131,11.78,0.24
07:39:01,"[137.55, 33]","[133.15, 39]","[148.0, 16]","[149.0, 24]",142.77,112,10.45,0.29
07:39:02,"[138.0, 44]","[137.0, 33]","[147.52, 25]","[148.8, 30]",142.76,132,9.52,0.17
07:39:03,"[138.54, 52]","[137.47, 34]","[144.22, 27]","[145.36, 25]",141.38,138,5.68,0.25
07:39:04,"[139.0, 89]","[138.0, 52]","[140.42, 38]","[141.4, 35]",139.71,214,1.42,0.32
07:39:05,"[139.0, 27]","[137.89, 36]","[140.17, 36]","[350.39, 28]",139.58,127,1.17,-0.01
07:39:06,"[138.36, 22]","[137.22, 18]","[375.58, 52]","[460.18, 45]",256.97,137,237.21,-0.42
07:39:07,"[138.0, 7]","[137.0, 7]","[512.25, 8]","[533.42, 26]",325.12,48,374.25,-0.42
07:39:08,"[138.0, 6]","[137.0, 6]","[511.0, 6]","[551.0, 30]",324.5,48,373.0,-0.5
07:39:09,"[138.0, 13]","[137.0, 13]","[429.58, 19]","[543.98, 50]",283.79,95,291.58,-0.45
07:39:10,"[134.19, 21]","[131.18, 33]","[421.71, 7]","[518.89, 9]",277.95,70,287.52,0.54
07:39:11,"[134.0, 21]","[131.0, 56]","[417.97, 31]","[468.18, 11]",275.98,119,283.97,0.29
07:39:12,"[134.0, 15]","[131.0, 40]","[318.11, 9]","[416.41, 17]",226.06,81,184.11,0.36
07:39:13,"[134.0, 33]","[131.0, 88]","[222.42, 43]","[258.65, 23]",178.21,187,88.42,0.29
07:39:14,"[131.6, 60]","[130.44, 72]","[211.79, 14]","[213.2, 20]",171.69,166,80.19,0.59
07:39:15,"[131.0, 78]","[130.0, 70]","[208.05, 19]","[209.8, 15]",169.53,182,77.05,0.63
07:39:16,"[131.0, 40]","[130.0, 60]","[206.38, 24]","[206.88, 16]",168.69,140,75.38,0.43
07:39:17,"[131.0, 52]","[130.0, 78]","[179.53, 17]","[196.86, 35]",155.26,182,48.53,0.43
07:39:18,"[136.15, 26]","[132.57, 46]","[152.0, 12]","[156.11, 18]",144.08,102,15.85,0.41
07:39:19,"[132.0, 40]","[130.13, 62]","[148.33, 27]","[183.12, 25]",140.17,154,16.33,0.32
07:39:20,"[130.0, 85]","[83.21, 19]","[142.7, 71]","[144.06, 67]",136.35,242,12.7,-0.14
07:39:21,"[130.5, 16]","[118.13, 31]","[138.77, 62]","[139.28, 32]",134.64,141,8.27,-0.33
07:39:22,"[127.86, 14]","[120.35, 23]","[132.14, 37]","[132.77, 35]",130.0,109,4.28,-0.32
07:39:23,"[121.0, 24]","[53.65, 17]","[132.0, 30]","[166.0, 30]",126.5,101,11.0,-0.19
07:39:24,"[111.57, 23]","[56.24, 41]","[126.97, 30]","[137.25, 24]",119.27,118,15.4,0.08
07:39:25,"[104.5, 12]","[59.69, 179]","[124.5, 12]","[126.0, 48]",114.5,251,20.0,0.52
07:39:26,"[37.75, 16]","[31.68, 81]","[123.4, 5]","[126.0, 20]",80.58,122,85.65,0.59
07:39:27,"[12.0, 72]","[6.67, 114]","[122.5, 6]","[126.0, 24]",67.25,216,110.5,0.72
07:39:28,"[97.4, 120]","[7.0, 95]","[246.91, 23]","[348.9, 30]",172.16,268,149.51,0.6
07:39:29,"[82.69, 78]","[66.59, 87]","[205.39, 46]","[298.48, 29]",144.04,240,122.7,0.38
07:39:30,"[131.0, 28]","[119.26, 117]","[220.0, 16]","[349.85, 20]",175.5,181,89.0,0.6
07:39:31,"[131.0, 24]","[125.0, 79]","[220.0, 12]","[325.5, 6]",175.5,121,89.0,0.7
07:39:32,"[132.57, 14]","[131.0, 28]","[208.2, 20]","[334.67, 12]",170.39,74,75.63,0.14
07:39:33,"[133.0, 10]","[131.0, 20]","[389.22, 18]","[646.0, 11]",261.11,59,256.22,0.02
07:39:34,"[134.0, 14]","[131.0, 28]","[520.18, 22]","[675.63, 19]",327.09,83,386.18,0.01
07:39:35,"[138.92, 25]","[135.57, 23]","[295.66, 29]","[374.89, 27]",217.29,104,156.74,-0.08
07:39:36,"[131.0, 33]","[130.0, 51]","[207.2, 20]","[302.45, 22]",169.1,126,76.2,0.33
07:39:37,"[133.82, 66]","[131.23, 35]","[187.73, 22]","[198.36, 11]",160.77,134,53.91,0.51
07:39:38,"[135.76, 102]","[132.71, 42]","[186.78, 18]","[316.17, 24]",161.27,186,51.01,0.55
07:39:39,"[134.0, 44]","[131.0, 54]","[183.4, 10]","[185.82, 17]",158.7,125,49.4,0.57
07:39:40,"[134.0, 96]","[131.0, 91]","[180.58, 24]","[183.0, 12]",157.29,223,46.58,0.68
07:39:41,"[131.58, 146]","[130.71, 136]","[178.76, 25]","[179.28, 29]",155.17,336,47.18,0.68
07:39:42,"[132.95, 83]","[130.86, 146]","[158.39, 23]","[164.9, 29]",145.67,281,25.44,0.63
07:39:43,"[137.0, 51]","[132.55, 58]","[147.87, 23]","[157.58, 38]",142.43,170,10.87,0.28
07:39:44,"[134.0, 32]","[131.0, 108]","[144.68, 34]","[145.43, 23]",139.34,197,10.68,0.42
07:39:45,"[131.0, 45]","[130.0, 52]","[138.57, 28]","[139.97, 29]",134.79,154,7.57,0.26
07:39:46,"[133.0, 90]","[130.23, 52]","[135.89, 27]","[137.17, 24]",134.44,193,2.89,0.47
07:39:47,"[131.0, 11]","[130.0, 20]","[153.0, 10]","[593.6, 15]",142.0,56,22.0,0.11
07:39:48,"[137.48, 75]","[106.16, 38]","[153.0, 22]","[540.57, 42]",145.24,177,15.52,0.28
07:39:49,"[105.78, 50]","[101.09, 110]","[174.57, 28]","[623.23, 31]",140.18,219,68.79,0.46
07:39:50,"[83.17, 36]","[70.79, 29]","[126.0, 10]","[269.0, 10]",104.58,85,42.83,0.53
07:39:51,"[88.11, 36]","[71.03, 58]","[126.0, 16]","[312.44, 18]",107.06,128,37.89,0.47
07:39:52,"[102.67, 45]","[89.66, 38]","[175.5, 16]","[234.89, 27]",139.08,126,72.83,0.32
07:39:53,"[132.0, 21]","[131.07, 70]","[258.0, 20]","[297.0, 20]",195.0,131,126.0,0.39
07:39:54,"[139.0, 20]","[136.8, 10]","[293.1, 20]","[428.21, 28]",216.05,78,154.1,-0.23
07:39:55,"[139.0, 14]","[138.0, 7]","[284.57, 14]","[509.23, 22]",211.79,57,145.57,-0.26
07:39:56,"[139.0, 12]","[138.0, 6]","[268.0, 12]","[321.0, 12]",203.5,42,129.0,-0.14
07:39:57,"[139.0, 18]","[138.0, 9]","[232.24, 37]","[260.71, 24]",185.62,88,93.24,-0.39
07:39:58,"[139.0, 22]","[138.0, 11]","[260.34, 35]","[405.12, 26]",199.67,94,121.34,-0.3
07:39:59,"[139.0, 14]","[138.0, 7]","[219.43, 21]","[374.59, 17]",179.21,59,80.43,-0.29
07:40:00,"[139.16, 19]","[138.2, 10]","[159.0, 33]","[187.91, 33]",149.08,95,19.84,-0.39
07:40:01,"[139.9, 30]","[138.86, 21]","[157.25, 36]","[159.0, 60]",148.57,147,17.35,-0.31
07:40:02,"[136.65, 17]","[134.54, 52]","[155.67, 36]","[159.0, 60]",146.16,165,19.02,-0.16
07:40:03,"[134.0, 72]","[130.81, 31]","[154.43, 35]","[157.7, 37]",144.21,175,20.43,0.18
07:40:04,"[136.58, 66]","[132.8, 80]","[153.4, 50]","[155.0, 30]",144.99,226,16.82,0.29
07:40:05,"[139.0, 33]","[134.0, 88]","[150.2, 51]","[153.46, 39]",144.6,211,11.2,0.15
07:40:06,"[139.0, 24]","[134.0, 64]","[147.96, 24]","[149.71, 28]",143.48,140,8.96,0.26
07:40:07,"[138.11, 54]","[134.16, 110]","[142.54, 52]","[144.57, 56]",140.32,272,4.43,0.21
07:40:08,"[137.0, 66]","[134.0, 88]","[142.07, 28]","[143.41, 49]",139.54,231,5.07,0.33
07:40:09,"[137.0, 42]","[134.0, 56]","[141.0, 14]","[143.0, 35]",139.0,147,4.0,0.33
07:40:10,"[135.56, 77]","[132.33, 126]","[173.33, 33]","[189.56, 36]",154.45,272,37.77,0.49
07:40:11,"[134.0, 45]","[131.0, 119]","[252.0, 14]","[484.0, 20]",193.0,198,118.0,0.66
07:40:12,"[131.73, 90]","[130.88, 97]","[508.06, 33]","[618.25, 20]",319.9,240,376.33,0.56
07:40:13,"[131.0, 98]","[130.0, 18]","[590.0, 30]","[0, 0]",360.5,146,459.0,0.59
07:40:14,"[131.06, 143]","[130.58, 72]","[322.72, 25]","[400.74, 47]",226.89,287,191.66,0.5
07:40:15,"[134.0, 13]","[131.0, 126]","[186.0, 9]","[428.14, 29]",160.0,177,52.0,0.57
07:40:16,"[133.66, 70]","[130.75, 61]","[225.76, 29]","[459.75, 24]",179.71,184,92.1,0.42
07:40:17,"[140.0, 35]","[131.0, 56]","[467.43, 14]","[559.56, 25]",303.71,130,327.43,0.4
07:40:18,"[140.0, 50]","[131.12, 66]","[419.39, 23]","[550.51, 37]",279.7,176,279.39,0.32
07:40:19,"[140.0, 25]","[135.0, 9]","[278.55, 22]","[399.96, 27]",209.27,83,138.55,-0.18
07:40:20,"[140.0, 11]","[135.0, 11]","[234.45, 22]","[236.56, 27]",187.23,71,94.45,-0.38
07:40:21,"[140.0, 10]","[135.0, 10]","[232.2, 20]","[233.4, 20]",186.1,60,92.2,-0.33
07:40:22,"[132.27, 62]","[130.95, 66]","[219.29, 35]","[232.15, 26]",175.78,189,87.01,0.35
07:40:23,"[135.11, 19]","[133.72, 64]","[206.83, 58]","[231.21, 28]",170.97,169,71.72,-0.02
07:40:24,"[137.91, 11]","[134.0, 44]","[229.0, 22]","[230.0, 22]",183.45,99,91.09,0.11
07:40:25,"[138.0, 10]","[134.0, 40]","[225.0, 20]","[226.4, 20]",181.5,90,87.0,0.11
07:40:26,"[131.85, 41]","[131.82, 44]","[193.41, 27]","[195.61, 31]",162.63,143,61.55,0.19
07:40:27,"[131.0, 90]","[130.0, 36]","[183.47, 30]","[184.47, 30]",157.23,186,52.47,0.35
07:40:28,"[131.0, 64]","[130.0, 34]","[148.28, 25]","[151.96, 25]",139.64,148,17.28,0.32
07:40:29,"[131.0, 33]","[130.0, 22]","[142.14, 14]","[143.14, 14]",136.57,83,11.14,0.33
07:40:30,"[131.0, 29]","[130.0, 28]","[138.62, 16]","[139.67, 18]",134.81,91,7.62,0.25
07:40:31,"[131.0, 24]","[130.0, 46]","[135.17, 24]","[136.33, 24]",133.08,118,4.17,0.19
07:40:32,"[130.77, 13]","[127.75, 16]","[132.83, 12]","[134.67, 12]",131.8,53,2.06,0.09
07:40:33,"[104.7, 10]","[62.8, 10]","[129.9, 21]","[134.12, 17]",117.3,58,25.2,-0.31
07:40:34,"[83.2, 20]","[53.68, 38]","[121.62, 32]","[123.69, 39]",102.41,129,38.42,-0.1
07:40:35,"[70.0, 7]","[45.38, 13]","[122.45, 11]","[123.56, 9]",96.23,40,52.45,0.0
07:40:36,"[80.12, 24]","[64.03, 35]","[123.41, 17]","[187.94, 49]",101.77,125,43.29,-0.06
07:40:37,"[104.55, 11]","[82.0, 39]","[126.74, 23]","[208.63, 49]",115.64,122,22.19,-0.18
07:40:38,"[107.0, 27]","[95.8, 15]","[126.12, 17]","[195.76, 29]",116.56,88,19.12,-0.05
07:40:39,"[109.1, 40]","[106.0, 10]","[125.0, 10]","[126.0, 30]",117.05,90,15.9,0.11
07:40:40,"[114.41, 37]","[110.75, 16]","[124.11, 37]","[125.67, 18]",119.26,108,9.7,-0.02
07:40:41,"[120.85, 27]","[117.07, 15]","[124.0, 48]","[125.0, 8]",122.43,98,3.15,-0.14
07:40:42,"[122.1, 31]","[121.26, 19]","[124.0, 51]","[125.0, 10]",123.05,111,1.9,-0.1
07:40:43,"[123.0, 5]","[122.0, 20]","[124.0, 25]","[125.0, 5]",123.5,55,1.0,-0.09
07:40:44,"[123.0, 10]","[100.8, 40]","[124.21, 19]","[125.67, 18]",123.61,87,1.21,0.15
07:40:45,"[123.7, 10]","[112.88, 43]","[125.0, 10]","[126.0, 30]",124.35,93,1.3,0.14
07:40:46,"[124.0, 8]","[122.0, 32]","[125.0, 8]","[126.0, 24]",124.5,72,1.0,0.11
07:40:47,"[125.27, 11]","[123.52, 25]","[127.8, 25]","[197.07, 28]",126.54,89,2.53,-0.19
07:40:48,"[85.68, 72]","[61.95, 59]","[127.07, 15]","[128.04, 57]",106.37,203,41.39,0.29
07:40:49,"[88.28, 134]","[77.81, 69]","[127.55, 11]","[186.91, 11]",107.91,225,39.26,0.8
07:40:50,"[98.42, 76]","[76.11, 72]","[142.89, 9]","[283.78, 9]",120.65,166,44.47,0.78
07:40:51,"[129.0, 8]","[0, 0]","[195.67, 3]","[586.0, 3]",162.33,14,66.67,0.14
07:40:52,"[94.88, 16]","[36.0, 2]","[132.5, 6]","[412.33, 9]",113.69,33,37.62,0.09
07:40:53,"[131.0, 68]","[98.07, 29]","[132.0, 7]","[199.86, 7]",131.5,111,1.0,0.75
07:40:54,"[131.41, 88]","[127.62, 77]","[218.77, 22]","[587.1, 10]",175.09,197,87.36,0.68
07:40:55,"[134.0, 24]","[131.0, 114]","[355.67, 24]","[601.0, 6]",244.83,168,221.67,0.64
07:40:56,"[134.24, 21]","[131.12, 99]","[147.33, 6]","[360.11, 18]",140.79,144,13.1,0.67
07:40:57,"[132.96, 55]","[123.6, 60]","[255.43, 7]","[490.2, 10]",194.2,132,122.46,0.74
07:40:58,"[137.0, 53]","[132.27, 33]","[339.5, 8]","[412.25, 8]",238.25,102,202.5,0.69
07:40:59,"[137.0, 16]","[134.0, 8]","[182.0, 4]","[424.18, 11]",159.5,39,45.0,0.23
07:41:00,"[137.0, 11]","[134.0, 16]","[165.08, 26]","[288.78, 23]",151.04,76,28.08,-0.29
07:41:01,"[131.44, 41]","[71.7, 20]","[166.8, 20]","[180.55, 11]",149.12,92,35.36,0.33
07:41:02,"[131.0, 209]","[130.0, 16]","[180.0, 44]","[315.93, 40]",155.5,309,49.0,0.46
07:41:03,"[132.0, 51]","[131.0, 171]","[180.0, 36]","[311.67, 33]",156.0,291,48.0,0.53
07:41:04,"[132.5, 22]","[131.04, 136]","[180.0, 32]","[297.0, 40]",156.25,230,47.5,0.37
07:41:05,"[131.48, 82]","[130.82, 38]","[180.0, 28]","[247.0, 35]",155.74,183,48.52,0.31
07:41:06,"[135.0, 38]","[131.0, 126]","[180.0, 28]","[547.0, 35]",157.5,227,45.0,0.44
07:41:07,"[139.74, 58]","[131.34, 59]","[441.23, 35]","[609.62, 40]",290.48,192,301.49,0.22
07:41:08,"[140.0, 77]","[138.37, 19]","[270.09, 11]","[343.94, 31]",205.05,138,130.09,0.39
07:41:09,"[140.0, 75]","[139.0, 36]","[181.9, 20]","[201.0, 17]",160.95,148,41.9,0.5
07:41:10,"[140.0, 50]","[139.0, 28]","[177.93, 14]","[179.0, 17]",158.96,109,37.93,0.43
07:41:11,"[140.0, 45]","[139.0, 36]","[174.86, 21]","[175.4, 15]",157.43,117,34.86,0.38
07:41:12,"[140.0, 60]","[139.0, 48]","[172.4, 15]","[174.36, 28]",156.2,151,32.4,0.43
07:41:13,"[140.0, 40]","[139.0, 32]","[170.25, 8]","[172.0, 16]",155.12,96,30.25,0.5
07:41:14,"[140.0, 80]","[139.0, 64]","[155.8, 35]","[160.55, 31]",147.9,210,15.8,0.37
07:41:15,"[140.0, 57]","[139.0, 48]","[147.0, 14]","[148.62, 34]",143.5,153,7.0,0.37
07:41:16,"[140.0, 52]","[139.0, 64]","[145.0, 16]","[147.0, 48]",142.5,180,5.0,0.29
07:41:17,"[140.0, 10]","[139.0, 40]","[142.91, 22]","[144.78, 18]",141.45,90,2.91,0.11
07:41:18,"[136.07, 54]","[135.16, 50]","[140.59, 34]","[141.97, 29]",138.33,167,4.51,0.25
07:41:19,"[134.72, 46]","[131.65, 113]","[137.64, 25]","[190.14, 35]",136.18,219,2.92,0.45
07:41:20,"[134.0, 19]","[131.0, 126]","[135.43, 14]","[149.94, 17]",134.71,176,1.43,0.65
07:41:21,"[132.0, 27]","[130.98, 166]","[160.87, 23]","[289.4, 50]",146.43,266,28.87,0.45
07:41:22,"[131.53, 116]","[130.94, 192]","[232.39, 41]","[471.51, 57]",181.96,406,100.86,0.52
07:41:23,"[132.36, 28]","[131.0, 216]","[252.83, 12]","[433.07, 57]",192.6,313,120.48,0.56
07:41:24,"[133.8, 10]","[131.0, 180]","[221.5, 26]","[234.25, 36]",177.65,252,87.7,0.51
07:41:25,"[135.36, 14]","[131.55, 154]","[216.31, 62]","[218.45, 22]",175.83,252,80.95,0.33
07:41:26,"[131.1, 156]","[130.6, 80]","[211.09, 23]","[211.88, 43]",171.09,302,79.99,0.56
07:41:27,"[131.0, 96]","[130.0, 74]","[205.0, 8]","[216.0, 40]",168.0,218,74.0,0.56
07:41:28,"[131.0, 77]","[130.0, 70]","[203.7, 27]","[212.33, 15]",167.35,189,72.7,0.56
07:41:29,"[133.17, 58]","[130.58, 95]","[141.0, 45]","[203.0, 45]",137.09,243,7.83,0.26
07:41:30,"[140.0, 14]","[131.33, 54]","[158.71, 35]","[265.91, 34]",149.36,137,18.71,-0.01
07:41:31,"[140.0, 14]","[137.0, 7]","[202.0, 35]","[224.0, 28]",171.0,84,62.0,-0.5
07:41:32,"[140.0, 16]","[137.0, 8]","[170.72, 36]","[200.72, 36]",155.36,96,30.72,-0.5
07:41:33,"[140.0, 16]","[137.0, 8]","[170.39, 36]","[200.17, 36]",155.19,96,30.39,-0.5
07:41:34,"[140.0, 22]","[137.0, 11]","[189.74, 46]","[193.83, 42]",164.87,121,49.74,-0.45
07:41:35,"[135.0, 86]","[131.0, 234]","[145.97, 35]","[147.2, 40]",140.49,395,10.97,0.62
07:41:36,"[135.0, 33]","[131.31, 26]","[143.26, 35]","[144.41, 37]",139.13,131,8.26,-0.1
07:41:37,"[135.0, 31]","[131.01, 157]","[141.72, 29]","[142.74, 47]",138.36,264,6.72,0.42
07:41:38,"[135.0, 22]","[131.4, 121]","[139.94, 52]","[141.13, 23]",137.47,218,4.94,0.31
07:41:39,"[135.0, 16]","[134.0, 32]","[139.5, 40]","[141.2, 30]",137.25,118,4.5,-0.19
07:41:40,"[135.67, 24]","[134.17, 48]","[140.16, 31]","[141.93, 42]",137.91,145,4.49,-0.01
07:41:41,"[134.11, 38]","[131.28, 169]","[160.7, 20]","[245.59, 29]",147.4,256,26.59,0.62
07:41:42,"[137.56, 18]","[133.22, 59]","[290.27, 55]","[468.27, 44]",213.91,176,152.72,-0.12
07:41:43,"[137.0, 8]","[132.73, 51]","[289.5, 40]","[291.0, 24]",213.25,123,152.5,-0.04
07:41:44,"[131.87, 63]","[130.8, 123]","[195.39, 56]","[258.0, 40]",163.63,282,63.52,0.32
07:41:45,"[133.19, 86]","[131.02, 119]","[160.5, 70]","[265.1, 30]",146.84,305,27.31,0.34
07:41:46,"[134.0, 15]","[131.0, 120]","[159.0, 50]","[266.13, 23]",146.5,208,25.0,0.3
07:41:47,"[134.0, 8]","[131.0, 69]","[157.5, 40]","[488.5, 24]",145.75,141,23.5,0.09
07:41:48,"[136.76, 29]","[131.48, 69]","[156.62, 65]","[274.46, 39]",146.69,202,19.86,-0.03
07:41:49,"[138.0, 77]","[137.0, 14]","[156.0, 35]","[261.0, 21]",147.0,147,18.0,0.24
07:41:50,"[138.0, 99]","[137.0, 18]","[154.78, 45]","[255.44, 27]",146.39,189,16.78,0.24
07:41:51,"[138.0, 121]","[137.0, 22]","[152.66, 47]","[221.68, 37]",145.33,227,14.66,0.26
07:41:52,"[138.0, 99]","[137.0, 18]","[152.05, 21]","[160.53, 43]",145.02,181,14.05,0.29
07:41:53,"[138.0, 99]","[137.0, 18]","[150.44, 27]","[152.67, 36]",144.22,180,12.44,0.3
07:41:54,"[138.0, 132]","[137.0, 24]","[146.24, 38]","[147.18, 56]",142.12,250,8.24,0.25
07:41:55,"[138.0, 37]","[137.0, 12]","[144.0, 12]","[145.0, 30]",141.0,91,6.0,0.08
07:41:56,"[138.0, 48]","[137.0, 24]","[142.21, 38]","[143.55, 44]",140.11,154,4.21,-0.06
07:41:57,"[137.71, 34]","[135.33, 27]","[139.04, 46]","[140.5, 24]",138.37,131,1.34,-0.07
07:41:58,"[137.0, 18]","[134.0, 27]","[138.0, 38]","[140.0, 18]",137.5,101,1.0,-0.11
07:41:59,"[134.55, 22]","[131.19, 96]","[137.11, 38]","[138.0, 30]",135.83,186,2.56,0.27
07:42:00,"[131.05, 112]","[130.05, 186]","[134.92, 24]","[136.92, 48]",132.99,370,3.86,0.61
07:42:01,"[131.0, 94]","[130.0, 224]","[132.43, 28]","[273.85, 47]",131.71,393,1.43,0.62
07:42:02,"[130.05, 156]","[117.92, 48]","[233.76, 33]","[378.77, 40]",181.9,277,103.71,0.47
07:42:03,"[133.81, 52]","[131.09, 45]","[470.9, 20]","[609.73, 22]",302.35,139,337.09,0.4
07:42:04,"[134.56, 86]","[133.4, 45]","[348.41, 29]","[442.98, 47]",241.49,207,213.86,0.27
07:42:05,"[134.0, 60]","[131.0, 10]","[303.39, 36]","[314.76, 33]",218.69,139,169.39,0.01
07:42:06,"[134.0, 96]","[131.0, 16]","[179.35, 79]","[243.43, 42]",156.68,233,45.35,-0.04
07:42:07,"[133.92, 39]","[130.38, 21]","[178.0, 45]","[246.75, 32]",155.96,137,44.08,-0.12
07:42:08,"[131.0, 20]","[130.0, 104]","[176.38, 16]","[178.0, 40]",153.69,180,45.38,0.38
07:42:09,"[138.76, 99]","[130.17, 47]","[175.0, 22]","[178.0, 55]",156.88,223,36.24,0.31
07:42:10,"[139.0, 120]","[131.0, 10]","[172.1, 50]","[174.0, 20]",155.55,200,33.1,0.3
07:42:11,"[139.0, 156]","[131.0, 13]","[170.7, 50]","[171.56, 41]",154.85,260,31.7,0.3
07:42:12,"[139.0, 153]","[131.13, 15]","[168.71, 34]","[169.94, 64]",153.85,266,29.71,0.26
07:42:13,"[139.0, 94]","[130.4, 40]","[167.29, 66]","[167.56, 72]",153.14,272,28.29,-0.01
07:42:14,"[139.0, 25]","[130.62, 32]","[166.0, 10]","[167.0, 40]",152.5,107,27.0,0.07
07:42:15,"[139.0, 35]","[131.0, 35]","[165.71, 17]","[166.96, 47]",152.35,134,26.71,0.04
07:42:16,"[139.0, 18]","[132.12, 32]","[165.0, 50]","[166.0, 20]",152.0,120,26.0,-0.17
07:42:17,"[139.0, 12]","[135.33, 27]","[162.57, 30]","[164.0, 54]",150.78,123,23.57,-0.37
07:42:18,"[139.0, 8]","[138.0, 24]","[159.22, 37]","[161.21, 19]",149.11,88,20.22,-0.27
07:42:19,"[139.0, 10]","[138.0, 30]","[156.66, 29]","[157.39, 41]",147.83,110,17.66,-0.27
07:42:20,"[139.0, 13]","[138.0, 39]","[153.32, 59]","[154.23, 47]",146.16,158,14.32,-0.34
07:42:21,"[136.78, 9]","[134.75, 28]","[150.0, 35]","[151.0, 35]",143.39,107,13.22,-0.31
07:42:22,"[134.0, 20]","[131.0, 80]","[148.47, 17]","[149.54, 24]",141.24,141,14.47,0.42
07:42:23,"[138.84, 62]","[132.13, 53]","[144.27, 26]","[144.75, 51]",141.55,192,5.43,0.2
07:42:24,"[134.51, 59]","[131.43, 28]","[140.53, 36]","[141.0, 38]",137.52,161,6.02,0.08
07:42:25,"[131.0, 56]","[130.0, 26]","[135.91, 23]","[136.85, 13]",133.46,118,4.91,0.39
07:42:26,"[120.04, 25]","[109.16, 19]","[129.07, 15]","[132.36, 11]",124.55,70,9.03,0.26
07:42:27,"[114.06, 18]","[88.62, 80]","[124.7, 37]","[125.97, 32]",119.38,167,10.65,0.17
07:42:28,"[115.0, 10]","[58.94, 34]","[134.1, 10]","[362.42, 31]",124.55,85,19.1,0.04
07:42:29,"[125.93, 27]","[80.61, 18]","[133.45, 11]","[507.0, 44]",129.69,100,7.53,-0.1
07:42:30,"[131.02, 51]","[117.5, 10]","[185.33, 30]","[626.76, 29]",158.18,120,54.31,0.02
07:42:31,"[133.57, 23]","[131.5, 12]","[232.64, 56]","[311.0, 40]",183.1,131,99.08,-0.47
07:42:32,"[134.88, 50]","[133.88, 17]","[241.17, 60]","[373.0, 48]",188.02,175,106.29,-0.23
07:42:33,"[137.13, 60]","[134.0, 30]","[238.8, 75]","[242.0, 75]",187.97,240,101.67,-0.25
07:42:34,"[138.0, 40]","[134.5, 16]","[235.4, 50]","[242.0, 50]",186.7,156,97.4,-0.28
07:42:35,"[138.0, 44]","[135.38, 13]","[165.56, 43]","[203.27, 55]",151.78,155,27.56,-0.26
07:42:36,"[138.0, 12]","[134.0, 12]","[142.67, 6]","[144.0, 30]",140.33,60,4.67,-0.2
07:42:37,"[136.0, 24]","[133.0, 18]","[141.11, 36]","[143.25, 36]",138.56,114,5.11,-0.26
07:42:38,"[134.0, 16]","[131.0, 8]","[140.0, 8]","[141.0, 40]",137.0,72,6.0,-0.33
07:42:39,"[134.67, 36]","[133.0, 18]","[139.75, 12]","[141.0, 60]",137.21,126,5.08,-0.14
07:42:40,"[134.48, 42]","[132.43, 21]","[164.16, 67]","[286.62, 53]",149.32,183,29.69,-0.31
07:42:41,"[130.0, 9]","[86.74, 31]","[461.7, 43]","[554.22, 45]",295.85,128,331.7,-0.38
07:42:42,"[132.22, 9]","[126.67, 12]","[432.56, 45]","[578.0, 45]",282.39,111,300.33,-0.62
07:42:43,"[134.0, 6]","[131.0, 6]","[552.0, 30]","[578.0, 30]",343.0,72,418.0,-0.67
07:42:44,"[133.33, 9]","[130.78, 9]","[272.98, 44]","[324.79, 38]",203.16,100,139.64,-0.64
07:42:45,"[131.0, 3]","[130.0, 3]","[236.0, 15]","[239.0, 12]",183.5,33,105.0,-0.64
07:42:46,"[132.6, 35]","[131.73, 37]","[231.0, 65]","[366.02, 62]",181.8,199,98.4,-0.28
07:42:47,"[133.16, 32]","[131.33, 15]","[234.36, 55]","[436.88, 48]",183.76,150,101.21,-0.37
07:42:48,"[134.12, 24]","[131.0, 8]","[234.0, 40]","[469.62, 40]",184.06,112,99.88,-0.43
07:42:49,"[135.0, 33]","[131.0, 11]","[233.73, 55]","[474.82, 55]",184.36,154,98.73,-0.43
07:42:50,"[136.79, 56]","[135.46, 37]","[179.0, 75]","[331.14, 71]",157.89,239,42.21,-0.22
07:42:51,"[137.0, 12]","[136.0, 27]","[165.0, 45]","[274.82, 17]",151.0,101,28.0,-0.23
07:42:52,"[138.0, 39]","[137.0, 13]","[165.0, 65]","[333.29, 31]",151.5,148,27.0,-0.3
07:42:53,"[138.0, 27]","[137.0, 9]","[164.89, 45]","[281.0, 36]",151.44,117,26.89,-0.38
07:42:54,"[138.0, 46]","[137.0, 17]","[162.5, 80]","[236.85, 66]",150.25,209,24.5,-0.4
07:42:55,"[138.0, 26]","[137.0, 13]","[159.55, 62]","[160.44, 55]",148.77,156,21.55,-0.5
07:42:56,"[138.0, 16]","[137.0, 8]","[156.85, 33]","[157.9, 39]",147.42,96,18.85,-0.5
07:42:57,"[138.55, 44]","[137.38, 16]","[153.44, 64]","[154.53, 57]",145.99,181,14.89,-0.34
07:42:58,"[139.0, 88]","[138.0, 22]","[149.0, 55]","[150.73, 55]",144.0,220,10.0,0.0
07:42:59,"[139.0, 94]","[138.0, 24]","[145.0, 60]","[148.0, 60]",142.0,238,6.0,-0.01
07:43:00,"[139.32, 41]","[138.84, 62]","[142.61, 90]","[143.67, 90]",140.96,283,3.29,-0.27
07:43:01,"[138.44, 27]","[137.3, 20]","[140.17, 58]","[141.92, 60]",139.31,165,1.73,-0.43
07:43:02,"[135.1, 21]","[131.45, 84]","[138.0, 22]","[139.45, 55]",136.55,182,2.9,0.15
07:43:03,"[134.41, 34]","[132.48, 71]","[136.88, 42]","[138.54, 37]",135.65,184,2.47,0.14
07:43:04,"[134.0, 51]","[131.0, 126]","[135.5, 50]","[226.28, 54]",134.75,281,1.5,0.26
07:43:05,"[131.78, 85]","[130.82, 77]","[184.11, 61]","[264.87, 53]",157.95,276,52.34,0.17
07:43:06,"[131.0, 108]","[130.0, 33]","[173.96, 50]","[181.14, 22]",152.48,213,42.96,0.32
07:43:07,"[131.0, 57]","[130.0, 35]","[248.38, 26]","[465.81, 27]",189.69,145,117.38,0.27
07:43:08,"[133.52, 54]","[131.49, 77]","[364.33, 21]","[580.22, 37]",248.93,189,230.81,0.39
07:43:09,"[139.0, 13]","[135.0, 78]","[254.49, 49]","[285.93, 59]",196.74,199,115.49,-0.09
07:43:10,"[136.2, 20]","[132.3, 111]","[231.57, 35]","[257.27, 22]",183.89,188,95.37,0.39
07:43:11,"[131.84, 95]","[130.96, 156]","[254.0, 45]","[256.74, 23]",192.92,319,122.16,0.57
07:43:12,"[131.0, 179]","[130.0, 16]","[185.0, 26]","[254.32, 37]",158.0,258,54.0,0.51
07:43:13,"[131.0, 209]","[130.0, 22]","[236.7, 46]","[240.12, 40]",183.85,317,105.7,0.46
07:43:14,"[131.69, 95]","[130.91, 92]","[173.88, 34]","[207.46, 37]",152.79,258,42.19,0.45
07:43:15,"[137.0, 26]","[131.42, 171]","[180.0, 65]","[212.2, 50]",158.5,312,43.0,0.26
07:43:16,"[137.29, 14]","[134.86, 28]","[211.67, 30]","[212.24, 33]",174.48,105,74.38,-0.2
07:43:17,"[138.0, 12]","[137.0, 24]","[209.16, 57]","[211.19, 27]",173.58,120,71.16,-0.4
07:43:18,"[137.05, 21]","[134.07, 84]","[190.56, 41]","[209.37, 43]",163.8,189,53.51,0.11
07:43:19,"[136.69, 29]","[133.14, 73]","[169.36, 45]","[170.06, 47]",153.02,194,32.67,0.05
07:43:20,"[134.0, 51]","[131.0, 357]","[165.11, 62]","[165.58, 38]",149.56,508,31.11,0.61
07:43:21,"[134.0, 23]","[131.0, 189]","[160.9, 39]","[161.58, 24]",147.45,275,26.9,0.54
07:43:22,"[137.43, 28]","[131.34, 142]","[158.52, 64]","[160.29, 34]",147.97,268,21.09,0.27
07:43:23,"[140.0, 38]","[134.0, 38]","[150.86, 72]","[153.96, 45]",145.43,193,10.86,-0.21
07:43:24,"[140.0, 26]","[138.62, 26]","[147.41, 34]","[148.02, 50]",143.71,136,7.41,-0.24
07:43:25,"[140.0, 28]","[139.0, 28]","[144.08, 25]","[145.29, 17]",142.04,98,4.08,0.14
07:43:26,"[139.5, 28]","[135.89, 63]","[141.07, 28]","[143.0, 14]",140.29,133,1.57,0.37
07:43:27,"[131.48, 212]","[131.42, 85]","[138.9, 29]","[139.61, 28]",135.19,354,7.42,0.68
07:43:28,"[131.0, 152]","[130.0, 40]","[364.69, 16]","[477.47, 30]",247.84,238,233.69,0.61
07:43:29,"[131.0, 98]","[130.0, 28]","[329.45, 22]","[607.75, 24]",230.23,172,198.45,0.47
07:43:30,"[133.07, 58]","[130.95, 148]","[440.35, 40]","[596.5, 36]",286.71,282,307.28,0.46
07:43:31,"[135.0, 42]","[131.41, 146]","[261.18, 49]","[421.7, 43]",198.09,280,126.18,0.34
07:43:32,"[136.12, 50]","[133.84, 76]","[213.57, 30]","[214.55, 55]",174.84,211,77.45,0.19
07:43:33,"[139.79, 29]","[137.77, 69]","[199.61, 41]","[202.14, 35]",169.7,174,59.82,0.13
07:43:34,"[134.7, 80]","[131.83, 116]","[190.91, 55]","[192.86, 49]",162.8,300,56.21,0.31
07:43:35,"[134.12, 59]","[131.05, 242]","[139.44, 39]","[147.42, 57]",136.78,397,5.32,0.52
07:43:36,"[134.0, 27]","[131.0, 238]","[135.12, 25]","[136.24, 68]",134.56,358,1.12,0.48
07:43:37,"[131.0, 169]","[130.0, 37]","[134.15, 47]","[135.91, 44]",132.57,297,3.15,0.39
07:43:38,"[131.0, 123]","[130.0, 33]","[133.0, 44]","[135.0, 33]",132.0,233,2.0,0.34
07:43:39,"[131.0, 104]","[130.0, 39]","[132.45, 44]","[133.64, 47]",131.73,234,1.45,0.22
07:43:40,"[131.0, 69]","[130.0, 33]","[137.9, 31]","[209.52, 44]",134.45,177,6.9,0.15
07:43:41,"[132.59, 17]","[130.11, 27]","[389.45, 55]","[441.73, 51]",261.02,150,256.87,-0.41
07:43:42,"[134.0, 27]","[130.67, 27]","[291.0, 45]","[436.27, 37]",212.5,136,157.0,-0.21
07:43:43,"[134.0, 27]","[131.0, 36]","[245.41, 29]","[421.52, 29]",189.71,121,111.41,0.04
07:43:44,"[132.59, 17]","[130.67, 18]","[358.0, 25]","[636.0, 15]",245.29,75,225.41,-0.07
07:43:45,"[131.0, 44]","[130.0, 33]","[347.13, 53]","[487.39, 23]",239.07,153,216.13,0.01
07:43:46,"[135.52, 23]","[133.0, 19]","[371.24, 33]","[524.22, 36]",253.38,111,235.72,-0.24
07:43:47,"[138.51, 45]","[137.36, 28]","[340.47, 68]","[344.0, 17]",239.49,158,201.96,-0.08
07:43:48,"[139.0, 28]","[138.0, 20]","[295.14, 42]","[414.84, 32]",217.07,122,156.14,-0.21
07:43:49,"[139.0, 12]","[138.0, 12]","[305.8, 15]","[394.21, 29]",222.4,68,166.8,-0.29
07:43:50,"[135.31, 26]","[134.67, 24]","[175.86, 21]","[212.88, 33]",155.58,104,40.55,-0.04
07:43:51,"[131.0, 51]","[130.0, 49]","[174.5, 16]","[175.94, 34]",152.75,150,43.5,0.33
07:43:52,"[130.0, 38]","[85.56, 73]","[173.51, 37]","[174.38, 13]",151.76,161,43.51,0.38
07:43:53,"[133.59, 29]","[109.58, 43]","[171.22, 36]","[172.82, 39]",152.4,147,37.64,-0.02
07:43:54,"[126.8, 20]","[126.08, 13]","[146.93, 45]","[153.19, 54]",136.87,132,20.13,-0.5
07:43:55,"[112.2, 30]","[102.58, 19]","[142.29, 17]","[145.0, 12]",127.25,78,30.09,0.26
07:43:56,"[133.64, 25]","[109.52, 62]","[139.61, 33]","[141.0, 12]",136.62,132,5.97,0.32
07:43:57,"[133.0, 9]","[85.2, 60]","[136.41, 27]","[137.78, 18]",134.7,114,3.41,0.21
07:43:58,"[61.0, 40]","[33.25, 64]","[135.38, 32]","[137.0, 8]",98.19,144,74.38,0.44
07:43:59,"[77.12, 43]","[45.13, 71]","[130.08, 12]","[134.09, 33]",103.6,159,52.97,0.43
07:44:00,"[111.76, 42]","[106.53, 76]","[130.19, 27]","[133.95, 37]",120.97,182,18.42,0.3
07:44:01,"[101.29, 41]","[98.43, 23]","[129.0, 15]","[130.8, 20]",115.15,99,27.71,0.29
07:44:02,"[112.16, 58]","[97.89, 74]","[128.53, 45]","[130.0, 60]",120.34,237,16.38,0.11
07:44:03,"[101.79, 67]","[99.57, 23]","[126.52, 42]","[128.07, 55]",114.16,187,24.73,-0.04
07:44:04,"[110.0, 41]","[98.51, 39]","[124.3, 61]","[125.93, 56]",117.15,197,14.3,-0.19
07:44:05,"[120.71, 7]","[103.16, 19]","[123.5, 16]","[125.57, 14]",122.11,56,2.79,-0.07
07:44:06,"[123.53, 38]","[62.74, 23]","[125.69, 16]","[129.41, 37]",124.61,114,2.16,0.07
07:44:07,"[124.0, 41]","[55.67, 18]","[125.44, 9]","[129.05, 21]",124.72,89,1.44,0.33
07:44:08,"[125.22, 36]","[114.0, 18]","[129.65, 23]","[199.19, 43]",127.44,120,4.43,-0.1
07:44:09,"[120.0, 18]","[65.17, 24]","[176.78, 27]","[230.4, 25]",148.39,94,56.78,-0.11
07:44:10,"[127.5, 24]","[93.0, 12]","[234.82, 28]","[438.25, 20]",181.16,84,107.32,-0.14
07:44:11,"[130.0, 60]","[116.6, 15]","[303.75, 60]","[411.32, 56]",216.88,191,173.75,-0.21
07:44:12,"[130.33, 18]","[123.82, 33]","[265.27, 15]","[324.56, 43]",197.8,109,134.93,-0.06
07:44:13,"[130.0, 11]","[116.89, 36]","[256.0, 11]","[257.0, 22]",193.0,80,126.0,0.17
07:44:14,"[112.43, 49]","[112.03, 121]","[256.0, 9]","[257.0, 18]",184.21,197,143.57,0.73
07:44:15,"[105.0, 9]","[103.0, 189]","[136.4, 25]","[161.33, 27]",120.7,250,31.4,0.58
07:44:16,"[107.45, 11]","[79.24, 49]","[126.57, 28]","[128.09, 47]",117.01,135,19.12,-0.11
07:44:17,"[110.17, 12]","[70.74, 19]","[128.0, 36]","[130.0, 13]",119.08,80,17.83,-0.23
07:44:18,"[114.0, 8]","[104.86, 28]","[122.12, 25]","[128.13, 30]",118.06,91,8.12,-0.21
07:44:19,"[114.0, 8]","[72.13, 83]","[121.0, 10]","[128.0, 32]",117.5,133,7.0,0.37
07:44:20,"[114.0, 11]","[102.0, 231]","[121.0, 11]","[123.71, 14]",117.5,267,7.0,0.81
07:44:21,"[114.9, 10]","[95.6, 210]","[121.0, 10]","[122.0, 10]",117.95,240,6.1,0.83
07:44:22,"[116.29, 7]","[101.0, 147]","[124.38, 21]","[126.61, 31]",120.33,206,8.1,0.5
07:44:23,"[118.4, 15]","[98.59, 37]","[122.0, 11]","[126.0, 55]",120.2,118,3.6,-0.12
07:44:24,"[118.47, 17]","[84.4, 170]","[122.81, 21]","[124.83, 41]",120.64,249,4.34,0.5
07:44:25,"[121.62, 42]","[94.52, 31]","[123.0, 19]","[126.0, 35]",122.31,127,1.38,0.15
07:44:26,"[81.12, 24]","[78.77, 64]","[126.0, 20]","[127.0, 12]",103.56,120,44.88,0.47
07:44:27,"[94.4, 15]","[80.36, 50]","[125.47, 15]","[126.73, 15]",109.93,95,31.07,0.37
07:44:28,"[116.8, 15]","[93.95, 20]","[128.15, 13]","[200.67, 6]",122.48,54,11.35,0.3
07:44:29,"[118.78, 45]","[117.0, 54]","[128.18, 33]","[236.0, 12]",123.48,144,9.4,0.38
07:44:30,"[120.7, 71]","[119.78, 185]","[334.73, 33]","[545.5, 30]",227.72,319,214.02,0.61
07:44:31,"[123.71, 24]","[118.67, 45]","[251.35, 20]","[295.28, 25]",187.53,114,127.64,0.21
07:44:32,"[131.0, 7]","[129.11, 27]","[233.78, 9]","[235.78, 18]",182.39,61,102.78,0.11
07:44:33,"[134.0, 16]","[131.0, 12]","[153.74, 23]","[226.17, 12]",143.87,63,19.74,-0.11
07:44:34,"[132.38, 13]","[130.12, 48]","[139.07, 15]","[140.79, 19]",135.73,95,6.68,0.28
07:44:35,"[131.0, 7]","[130.0, 36]","[137.0, 12]","[138.0, 6]",134.0,61,6.0,0.41
07:44:36,"[131.9, 40]","[130.6, 30]","[135.2, 20]","[137.08, 13]",133.55,103,3.3,0.36
07:44:37,"[131.88, 26]","[130.21, 38]","[134.55, 20]","[139.09, 22]",133.22,106,2.67,0.21
07:44:38,"[130.2, 41]","[128.14, 21]","[138.62, 32]","[269.94, 31]",134.41,125,8.43,-0.01
07:44:39,"[130.0, 46]","[124.26, 19]","[136.85, 52]","[139.0, 26]",133.42,143,6.85,-0.09
07:44:40,"[130.0, 14]","[127.0, 14]","[134.43, 28]","[139.0, 14]",132.21,70,4.43,-0.2
07:44:41,"[130.85, 27]","[127.29, 28]","[133.4, 60]","[139.0, 30]",132.13,145,2.55,-0.24
07:44:42,"[111.5, 20]","[52.4, 47]","[132.64, 28]","[135.67, 27]",122.07,122,21.14,0.1
07:44:43,"[111.51, 122]","[88.78, 50]","[131.03, 34]","[174.18, 34]",121.27,240,19.52,0.43
07:44:44,"[124.0, 46]","[98.65, 99]","[336.67, 33]","[403.4, 40]",230.33,218,212.67,0.33
07:44:45,"[111.66, 58]","[51.3, 37]","[379.0, 16]","[402.0, 24]",245.33,135,267.34,0.41
07:44:46,"[78.17, 48]","[22.33, 48]","[219.0, 24]","[378.44, 16]",148.58,136,140.83,0.41
07:44:47,"[116.75, 64]","[4.0, 64]","[207.96, 28]","[262.88, 32]",162.36,188,91.21,0.36
07:44:48,"[28.0, 48]","[4.0, 48]","[177.18, 22]","[244.88, 24]",102.59,142,149.18,0.35
07:44:49,"[28.0, 48]","[16.5, 48]","[149.33, 18]","[151.0, 30]",88.67,144,121.33,0.33
07:44:50,"[69.48, 21]","[55.43, 56]","[148.43, 21]","[215.0, 30]",108.95,128,78.95,0.2
07:44:51,"[140.0, 98]","[135.0, 10]","[148.0, 30]","[244.82, 44]",144.0,182,8.0,0.19
07:44:52,"[140.0, 99]","[135.0, 11]","[147.09, 33]","[182.0, 44]",143.55,187,7.09,0.18
07:44:53,"[140.0, 108]","[138.2, 20]","[146.58, 36]","[244.83, 48]",143.29,212,6.58,0.21
07:44:54,"[140.0, 58]","[139.0, 14]","[145.0, 28]","[146.0, 21]",142.5,121,5.0,0.19
07:44:55,"[140.0, 28]","[139.0, 14]","[143.27, 26]","[144.48, 23]",141.63,91,3.27,-0.08
07:44:56,"[139.89, 36]","[138.56, 18]","[141.32, 38]","[184.0, 32]",140.6,124,1.43,-0.13
07:44:57,"[139.0, 16]","[136.71, 28]","[142.0, 24]","[225.75, 32]",140.5,100,3.0,-0.12
07:44:58,"[137.5, 24]","[136.44, 25]","[140.5, 30]","[249.0, 40]",139.0,119,3.0,-0.18
07:44:59,"[134.37, 19]","[132.75, 24]","[302.91, 22]","[435.0, 40]",218.64,105,168.54,-0.18
07:45:00,"[131.07, 60]","[130.23, 31]","[281.48, 21]","[433.19, 16]",206.27,128,150.41,0.42
07:45:01,"[131.0, 102]","[130.0, 36]","[181.62, 13]","[183.31, 13]",156.31,164,50.62,0.68
07:45:02,"[130.97, 120]","[129.98, 84]","[173.86, 21]","[176.57, 21]",152.41,246,42.89,0.66
07:45:03,"[132.0, 65]","[130.55, 44]","[170.24, 17]","[170.59, 29]",151.12,155,38.24,0.41
07:45:04,"[135.92, 51]","[133.58, 45]","[166.42, 19]","[167.53, 15]",151.17,130,30.5,0.48
07:45:05,"[137.97, 61]","[136.91, 66]","[156.51, 72]","[161.99, 68]",147.24,267,18.55,-0.05
07:45:06,"[134.82, 51]","[132.72, 86]","[143.0, 16]","[145.0, 80]",138.91,233,8.18,0.18
07:45:07,"[130.16, 25]","[99.33, 45]","[143.96, 27]","[146.43, 35]",137.06,132,13.8,0.06
07:45:08,"[139.38, 64]","[126.22, 27]","[143.32, 19]","[144.29, 35]",141.35,145,3.94,0.26
07:45:09,"[140.0, 65]","[130.07, 30]","[141.0, 9]","[143.0, 45]",140.5,149,1.0,0.28
07:45:10,"[133.0, 23]","[131.36, 14]","[140.33, 9]","[142.43, 21]",136.67,67,7.33,0.1
07:45:11,"[135.88, 24]","[134.12, 17]","[138.42, 19]","[139.0, 39]",137.15,99,2.55,-0.17
07:45:12,"[135.23, 13]","[132.33, 9]","[138.76, 29]","[231.0, 30]",136.99,81,3.53,-0.46
07:45:13,"[134.6, 10]","[133.88, 26]","[138.33, 30]","[694.0, 18]",136.47,84,3.73,-0.14
07:45:14,"[136.89, 9]","[134.0, 43]","[138.0, 45]","[528.33, 27]",137.44,124,1.11,-0.16
07:45:15,"[134.09, 33]","[133.33, 12]","[382.59, 34]","[465.86, 29]",258.34,108,248.5,-0.17
07:45:16,"[134.0, 32]","[133.0, 8]","[239.88, 25]","[269.5, 28]",186.94,93,105.88,-0.14
07:45:17,"[136.14, 14]","[133.67, 6]","[239.0, 6]","[240.0, 12]",187.57,38,102.86,0.05
07:45:18,"[139.0, 78]","[134.0, 52]","[194.03, 33]","[208.68, 37]",166.52,200,55.03,0.3
07:45:19,"[139.0, 34]","[134.0, 32]","[181.38, 26]","[182.33, 24]",160.19,116,42.38,0.14
07:45:20,"[139.0, 28]","[134.0, 28]","[177.78, 18]","[179.58, 19]",158.39,93,38.78,0.2
07:45:21,"[139.0, 52]","[134.0, 52]","[150.07, 45]","[171.95, 41]",144.53,190,11.07,0.09
07:45:22,"[138.52, 42]","[133.98, 49]","[142.24, 34]","[148.26, 46]",140.38,171,3.71,0.06
07:45:23,"[134.0, 37]","[133.0, 12]","[139.42, 48]","[235.75, 36]",136.71,133,5.42,-0.26
07:45:24,"[134.0, 18]","[133.0, 6]","[137.81, 21]","[141.0, 21]",135.9,66,3.81,-0.27
07:45:25,"[134.0, 12]","[133.0, 4]","[174.2, 15]","[229.5, 12]",154.1,43,40.2,-0.26
07:45:26,"[134.0, 20]","[133.0, 12]","[347.67, 36]","[452.08, 36]",240.83,104,213.67,-0.38
07:45:27,"[134.83, 6]","[133.83, 6]","[372.5, 18]","[537.17, 18]",253.67,48,237.67,-0.5
07:45:28,"[135.92, 13]","[134.0, 13]","[149.19, 59]","[370.23, 39]",142.55,124,13.26,-0.58
07:45:29,"[135.5, 12]","[133.31, 13]","[142.64, 55]","[441.4, 30]",139.07,110,7.14,-0.55
07:45:30,"[131.0, 16]","[130.0, 176]","[142.0, 40]","[199.0, 16]",136.5,248,11.0,0.55
07:45:31,"[130.02, 184]","[116.21, 58]","[140.82, 55]","[394.91, 32]",135.42,329,10.8,0.47
07:45:32,"[131.11, 175]","[129.53, 182]","[137.91, 55]","[338.0, 22]",134.51,434,6.79,0.65
07:45:33,"[132.0, 60]","[130.0, 80]","[136.0, 20]","[226.4, 10]",134.0,170,4.0,0.65
07:45:34,"[132.7, 98]","[130.65, 142]","[138.94, 49]","[190.73, 33]",135.82,322,6.23,0.49
07:45:35,"[134.12, 26]","[131.6, 25]","[152.0, 18]","[294.0, 18]",143.06,87,17.88,0.17
07:45:36,"[134.55, 11]","[131.47, 19]","[526.0, 11]","[746.71, 14]",330.27,55,391.45,0.09
07:45:37,"[134.0, 10]","[131.0, 20]","[196.11, 18]","[655.55, 11]",165.06,59,62.11,0.02
07:45:38,"[134.0, 22]","[131.0, 44]","[140.44, 39]","[208.81, 42]",137.22,147,6.44,-0.1
07:45:39,"[134.0, 20]","[131.0, 43]","[136.9, 10]","[139.0, 30]",135.45,103,2.9,0.22
07:45:40,"[134.0, 14]","[131.92, 26]","[135.25, 16]","[180.18, 22]",134.62,78,1.25,0.03
07:45:41,"[132.32, 31]","[130.89, 83]","[265.75, 48]","[469.64, 56]",199.04,218,133.43,0.05
07:45:42,"[131.0, 10]","[130.0, 60]","[301.5, 20]","[367.86, 28]",216.25,118,170.5,0.19
07:45:43,"[135.94, 34]","[131.16, 37]","[280.2, 20]","[300.78, 18]",208.07,109,144.26,0.3
07:45:44,"[136.41, 51]","[131.95, 21]","[255.31, 26]","[300.4, 20]",195.86,118,118.9,0.22
07:45:45,"[132.21, 82]","[120.59, 34]","[147.41, 44]","[221.32, 44]",139.81,204,15.2,0.14
07:45:46,"[131.77, 31]","[119.16, 45]","[146.0, 20]","[147.0, 20]",138.89,116,14.23,0.31
07:45:47,"[130.03, 91]","[122.36, 55]","[146.0, 28]","[147.0, 28]",138.02,202,15.97,0.45
07:45:48,"[130.0, 80]","[99.48, 50]","[144.1, 20]","[145.1, 20]",137.05,170,14.1,0.53
07:45:49,"[140.0, 7]","[130.02, 49]","[142.43, 14]","[144.14, 14]",141.21,84,2.43,0.33
07:45:50,"[130.55, 11]","[129.58, 43]","[139.44, 9]","[154.57, 14]",134.99,77,8.9,0.4
07:45:51,"[120.75, 16]","[69.12, 82]","[136.75, 16]","[138.1, 20]",128.75,134,16.0,0.46
07:45:52,"[132.36, 25]","[123.14, 37]","[135.0, 7]","[137.0, 14]",133.68,83,2.64,0.49
07:45:53,"[133.0, 28]","[131.0, 42]","[135.0, 7]","[137.0, 14]",134.0,91,2.0,0.54
07:45:54,"[132.97, 32]","[131.05, 57]","[134.09, 22]","[172.25, 16]",133.53,127,1.12,0.4
07:45:55,"[131.09, 33]","[124.41, 34]","[419.06, 17]","[616.25, 32]",275.07,116,287.97,0.16
07:45:56,"[131.0, 84]","[102.5, 24]","[355.71, 14]","[492.72, 29]",243.36,151,224.71,0.43
07:45:57,"[131.07, 58]","[103.85, 41]","[317.0, 11]","[407.36, 44]",224.03,154,185.93,0.29
07:45:58,"[133.0, 16]","[131.0, 48]","[242.14, 14]","[443.15, 26]",187.57,104,109.14,0.23
07:45:59,"[132.57, 14]","[129.63, 35]","[316.62, 8]","[419.04, 23]",224.6,80,184.05,0.23
07:46:00,"[133.0, 12]","[131.0, 48]","[162.88, 26]","[213.44, 18]",147.94,104,29.88,0.15
07:46:01,"[133.0, 10]","[131.0, 64]","[159.3, 10]","[160.56, 16]",146.15,100,26.3,0.48
07:46:02,"[133.0, 10]","[131.0, 70]","[156.36, 14]","[157.75, 12]",144.68,106,23.36,0.51
07:46:03,"[131.0, 66]","[127.1, 58]","[151.67, 12]","[152.93, 15]",141.33,151,20.67,0.64
07:46:04,"[130.92, 78]","[128.86, 88]","[147.17, 30]","[149.33, 18]",139.04,214,16.24,0.55
07:46:05,"[130.0, 78]","[107.21, 28]","[143.96, 23]","[144.74, 43]",136.98,172,13.96,0.23
07:46:06,"[130.0, 42]","[121.0, 28]","[141.91, 11]","[142.8, 10]",135.95,91,11.91,0.54
07:46:07,"[130.0, 38]","[125.67, 24]","[141.0, 6]","[142.0, 12]",135.5,80,11.0,0.55
07:46:08,"[130.0, 35]","[118.57, 28]","[138.64, 11]","[140.75, 8]",134.32,82,8.64,0.54
07:46:09,"[131.7, 33]","[105.7, 40]","[141.58, 19]","[148.91, 23]",136.64,115,9.88,0.27
07:46:10,"[138.65, 34]","[133.38, 29]","[143.8, 50]","[146.11, 46]",141.22,159,5.15,-0.21
07:46:11,"[138.88, 34]","[136.05, 21]","[141.44, 45]","[144.0, 45]",140.16,145,2.56,-0.24
07:46:12,"[137.75, 24]","[133.33, 49]","[142.63, 54]","[206.67, 43]",140.19,170,4.88,-0.14
07:46:13,"[133.0, 33]","[130.33, 42]","[140.23, 47]","[141.57, 42]",136.62,164,7.23,-0.09
07:46:14,"[134.5, 12]","[132.86, 29]","[136.8, 40]","[138.0, 50]",135.65,131,2.3,-0.37
07:46:15,"[130.36, 47]","[104.24, 97]","[134.92, 51]","[136.83, 48]",132.64,243,4.56,0.19
07:46:16,"[130.02, 61]","[103.42, 33]","[134.27, 22]","[135.88, 32]",132.14,148,4.26,0.27
07:46:17,"[130.05, 42]","[95.36, 53]","[134.86, 28]","[150.44, 18]",132.45,141,4.81,0.35
07:46:18,"[130.0, 36]","[98.11, 47]","[132.61, 31]","[138.58, 19]",131.31,133,2.61,0.25
07:46:19,"[130.0, 30]","[129.0, 20]","[131.56, 25]","[156.5, 10]",130.78,85,1.56,0.18
07:46:20,"[130.32, 19]","[129.83, 36]","[188.38, 13]","[250.64, 11]",159.35,79,58.07,0.39
07:46:21,"[131.93, 14]","[130.48, 29]","[301.44, 34]","[476.68, 38]",216.68,115,169.51,-0.25
07:46:22,"[133.5, 16]","[131.26, 23]","[502.64, 25]","[713.47, 17]",318.07,81,369.14,-0.04
07:46:23,"[135.12, 17]","[133.0, 11]","[260.48, 25]","[640.74, 27]",197.8,80,125.36,-0.3
07:46:24,"[135.21, 14]","[132.36, 14]","[175.25, 12]","[184.57, 28]",155.23,68,40.04,-0.18
07:46:25,"[131.19, 31]","[130.29, 35]","[175.0, 7]","[184.16, 19]",153.1,92,43.81,0.43
07:46:26,"[131.8, 25]","[130.88, 40]","[210.64, 14]","[301.0, 10]",171.22,89,78.84,0.46
07:46:27,"[131.87, 114]","[130.74, 58]","[227.83, 29]","[248.62, 26]",179.85,227,95.96,0.52
07:46:28,"[135.88, 80]","[131.92, 75]","[226.0, 30]","[229.0, 45]",180.94,230,90.12,0.35
07:46:29,"[140.0, 70]","[133.0, 36]","[220.91, 22]","[286.38, 16]",180.45,144,80.91,0.47
07:46:30,"[140.0, 45]","[136.43, 21]","[223.67, 18]","[385.22, 9]",181.83,93,83.67,0.42
07:46:31,"[140.0, 50]","[139.0, 20]","[215.14, 21]","[359.18, 11]",177.57,102,75.14,0.37
07:46:32,"[140.0, 40]","[139.0, 16]","[167.47, 19]","[183.71, 21]",153.74,96,27.47,0.17
07:46:33,"[140.0, 45]","[139.0, 18]","[167.0, 18]","[168.0, 27]",153.5,108,27.0,0.17
07:46:34,"[140.0, 50]","[139.0, 20]","[166.9, 20]","[168.0, 30]",153.45,120,26.9,0.17
07:46:35,"[140.0, 33]","[139.0, 16]","[165.25, 16]","[173.62, 24]",152.62,89,25.25,0.1
07:46:36,"[140.0, 18]","[139.0, 12]","[163.36, 11]","[180.88, 17]",151.68,58,23.36,0.03
07:46:37,"[140.0, 27]","[139.0, 18]","[146.07, 15]","[172.1, 20]",143.03,80,6.07,0.12
07:46:38,"[140.0, 51]","[139.0, 34]","[143.68, 25]","[144.48, 27]",141.84,137,3.68,0.24
07:46:39,"[139.88, 32]","[138.62, 32]","[141.4, 20]","[142.73, 22]",140.64,106,1.53,0.21
07:46:40,"[138.35, 23]","[137.71, 34]","[140.56, 18]","[177.54, 26]",139.45,101,2.21,0.13
07:46:41,"[138.0, 27]","[137.0, 18]","[141.0, 18]","[225.25, 16]",139.5,79,3.0,0.14
07:46:42,"[134.69, 52]","[132.0, 90]","[141.0, 28]","[315.79, 14]",137.85,184,6.31,0.54
07:46:43,"[135.0, 52]","[134.0, 26]","[140.46, 26]","[327.46, 13]",137.73,117,5.46,0.33
07:46:44,"[134.76, 21]","[131.41, 58]","[138.0, 32]","[149.12, 17]",136.38,128,3.24,0.23
07:46:45,"[134.0, 8]","[131.0, 80]","[136.22, 18]","[137.2, 30]",135.11,136,2.22,0.29
07:46:46,"[134.0, 8]","[131.0, 32]","[135.33, 24]","[136.67, 24]",134.67,88,1.33,-0.09
07:46:47,"[131.0, 33]","[130.0, 60]","[134.37, 35]","[141.25, 24]",132.69,152,3.37,0.22
07:46:48,"[131.0, 11]","[130.0, 35]","[154.0, 17]","[235.78, 9]",142.5,72,23.0,0.28
07:46:49,"[131.0, 9]","[130.0, 45]","[332.83, 12]","[384.22, 9]",231.92,75,201.83,0.44
07:46:50,"[134.75, 12]","[121.15, 33]","[296.0, 18]","[429.83, 12]",215.38,75,161.25,0.2
07:46:51,"[135.0, 30]","[132.22, 54]","[371.27, 26]","[596.5, 18]",253.13,128,236.27,0.31
07:46:52,"[134.0, 50]","[130.4, 25]","[201.9, 30]","[323.92, 26]",167.95,131,67.9,0.15
07:46:53,"[135.76, 84]","[133.76, 49]","[200.73, 33]","[334.0, 33]",168.24,199,64.97,0.34
07:46:54,"[134.0, 50]","[131.0, 20]","[198.7, 30]","[376.73, 22]",166.35,122,64.7,0.15
07:46:55,"[134.05, 63]","[131.52, 29]","[195.85, 39]","[334.52, 29]",164.95,160,61.8,0.15
07:46:56,"[140.0, 33]","[134.0, 55]","[192.73, 33]","[385.45, 33]",166.36,154,52.73,0.14
07:46:57,"[140.0, 36]","[134.22, 32]","[173.08, 36]","[175.67, 36]",156.54,140,33.08,-0.03
07:46:58,"[140.0, 36]","[135.0, 12]","[171.83, 36]","[174.0, 36]",155.92,120,31.83,-0.2
07:46:59,"[135.05, 37]","[132.82, 34]","[170.54, 24]","[210.97, 31]",152.8,126,35.49,0.13
07:47:00,"[134.0, 36]","[131.0, 18]","[167.44, 9]","[171.0, 27]",150.72,90,33.44,0.2
07:47:01,"[134.0, 56]","[131.0, 30]","[166.08, 39]","[168.71, 21]",150.04,146,32.08,0.18
07:47:02,"[133.6, 20]","[130.33, 27]","[165.55, 33]","[166.29, 21]",149.57,101,31.95,-0.07
07:47:03,"[132.65, 34]","[129.34, 29]","[160.24, 33]","[164.08, 39]",146.44,135,27.6,-0.07
07:47:04,"[129.55, 22]","[109.0, 27]","[160.56, 27]","[161.2, 15]",145.05,91,31.01,0.08
07:47:05,"[130.08, 24]","[117.0, 27]","[156.92, 36]","[157.92, 36]",143.5,123,26.83,-0.17
07:47:06,"[131.55, 22]","[129.0, 22]","[152.91, 33]","[154.09, 33]",142.23,110,21.36,-0.2
07:47:07,"[132.0, 32]","[129.0, 32]","[147.75, 48]","[148.88, 48]",139.88,160,15.75,-0.2
07:47:08,"[131.33, 24]","[129.33, 36]","[142.38, 48]","[144.5, 48]",136.85,156,11.04,-0.23
07:47:09,"[130.86, 28]","[129.33, 12]","[139.62, 26]","[141.5, 24]",135.24,90,8.76,-0.11
07:47:10,"[133.48, 92]","[132.56, 43]","[136.08, 39]","[137.1, 40]",134.78,214,2.6,0.26
07:47:11,"[135.0, 45]","[134.0, 48]","[136.0, 30]","[137.57, 35]",135.5,158,1.0,0.18
07:47:12,"[131.63, 19]","[86.18, 22]","[137.78, 27]","[426.0, 31]",134.7,99,6.15,-0.17
07:47:13,"[130.0, 27]","[102.5, 14]","[136.03, 35]","[318.08, 26]",133.01,102,6.03,-0.2
07:47:14,"[129.35, 46]","[105.0, 34]","[133.82, 50]","[135.19, 59]",131.58,189,4.47,-0.15
07:47:15,"[115.58, 19]","[110.77, 31]","[124.64, 28]","[126.0, 10]",120.11,88,9.06,0.14
07:47:16,"[113.0, 32]","[97.69, 13]","[154.0, 23]","[294.44, 18]",133.5,86,41.0,0.05
07:47:17,"[122.55, 20]","[78.0, 10]","[241.0, 14]","[375.38, 26]",181.78,70,118.45,-0.14
07:47:18,"[140.0, 15]","[101.5, 8]","[241.0, 10]","[511.0, 10]",190.5,43,101.0,0.07
07:47:19,"[114.47, 17]","[89.8, 15]","[282.25, 8]","[511.0, 8]",198.36,48,167.78,0.33
07:47:20,"[115.0, 7]","[90.71, 28]","[475.57, 14]","[583.33, 12]",295.29,61,360.57,0.15
07:47:21,"[119.0, 6]","[101.71, 28]","[295.0, 10]","[438.4, 20]",207.0,64,176.0,0.06
07:47:22,"[125.44, 61]","[114.35, 86]","[262.93, 30]","[366.11, 54]",194.19,231,137.49,0.27
07:47:23,"[116.79, 14]","[48.46, 50]","[127.77, 39]","[238.75, 32]",122.28,135,10.98,-0.05
07:47:24,"[129.71, 7]","[92.78, 46]","[240.06, 34]","[415.83, 29]",184.89,116,110.34,-0.09
07:47:25,"[69.5, 40]","[69.94, 98]","[162.84, 49]","[214.71, 55]",116.17,242,93.34,0.14
07:47:26,"[83.0, 5]","[66.73, 11]","[121.0, 15]","[125.0, 15]",102.0,46,38.0,-0.3
07:47:27,"[111.8, 45]","[64.75, 24]","[148.6, 30]","[182.64, 28]",130.2,127,36.8,0.09
07:47:28,"[134.22, 64]","[130.84, 79]","[189.2, 15]","[198.06, 49]",161.71,207,54.98,0.38
07:47:29,"[135.0, 19]","[134.0, 99]","[188.0, 9]","[190.0, 36]",161.5,163,53.0,0.45
07:47:30,"[135.0, 18]","[134.0, 99]","[185.08, 12]","[374.95, 39]",160.04,168,50.08,0.39
07:47:31,"[134.56, 68]","[105.8, 123]","[182.86, 14]","[310.9, 61]",158.71,266,48.3,0.44
07:47:32,"[137.32, 22]","[136.84, 38]","[164.8, 25]","[177.12, 24]",151.06,109,27.48,0.1
07:47:33,"[138.0, 12]","[137.0, 60]","[163.0, 12]","[206.33, 60]",150.5,144,25.0,0.0
07:47:34,"[135.06, 17]","[133.94, 51]","[160.57, 7]","[238.43, 35]",147.82,110,25.51,0.24
07:47:35,"[134.0, 60]","[131.0, 80]","[158.3, 10]","[165.36, 14]",146.15,164,24.3,0.71
07:47:36,"[134.0, 30]","[131.0, 40]","[155.6, 5]","[157.0, 5]",144.8,80,21.6,0.75
07:47:37,"[134.0, 22]","[131.0, 88]","[153.64, 11]","[154.64, 11]",143.82,132,19.64,0.67
07:47:38,"[136.93, 15]","[132.74, 38]","[151.54, 13]","[154.0, 13]",144.24,79,14.61,0.34
07:47:39,"[134.44, 18]","[131.18, 68]","[150.0, 10]","[154.0, 10]",142.22,106,15.56,0.62
07:47:40,"[134.0, 20]","[131.0, 80]","[148.3, 10]","[150.2, 10]",141.15,120,14.3,0.67
07:47:41,"[134.0, 24]","[131.0, 136]","[146.12, 40]","[147.42, 12]",140.06,212,12.12,0.51
07:47:42,"[132.4, 160]","[130.25, 96]","[143.0, 60]","[143.43, 46]",137.7,362,10.6,0.41
07:47:43,"[136.4, 72]","[130.57, 84]","[140.38, 40]","[142.09, 22]",138.39,218,3.97,0.43
07:47:44,"[140.0, 52]","[131.0, 66]","[141.73, 11]","[180.43, 14]",140.86,143,1.73,0.65
07:47:45,"[140.0, 36]","[131.0, 54]","[375.09, 22]","[402.52, 21]",257.55,133,235.09,0.35
07:47:46,"[140.0, 32]","[131.0, 48]","[244.7, 23]","[280.2, 20]",192.35,123,104.7,0.3
07:47:47,"[140.0, 52]","[131.0, 78]","[240.85, 39]","[242.0, 39]",190.42,208,100.85,0.25
07:47:48,"[134.28, 79]","[130.42, 72]","[160.7, 44]","[176.4, 50]",147.49,245,26.43,0.23
07:47:49,"[130.0, 99]","[124.0, 9]","[144.44, 27]","[146.33, 27]",137.22,162,14.44,0.33
07:47:50,"[130.86, 95]","[129.86, 154]","[141.71, 51]","[142.71, 51]",136.28,351,10.84,0.42
07:47:51,"[135.0, 79]","[132.11, 19]","[139.0, 39]","[140.0, 39]",137.0,176,4.0,0.11
07:47:52,"[134.95, 41]","[132.9, 30]","[137.21, 42]","[138.36, 42]",136.08,155,2.26,-0.08
07:47:53,"[133.0, 24]","[130.93, 95]","[135.0, 27]","[136.0, 27]",134.0,173,2.0,0.38
07:47:54,"[131.03, 66]","[130.11, 71]","[134.09, 33]","[135.45, 33]",132.56,203,3.06,0.35
07:47:55,"[131.1, 10]","[130.02, 64]","[133.5, 26]","[142.75, 20]",132.3,120,2.4,0.23
07:47:56,"[130.0, 94]","[129.0, 84]","[132.76, 34]","[154.08, 50]",131.38,262,2.76,0.36
07:47:57,"[130.93, 76]","[129.77, 26]","[145.04, 23]","[279.0, 25]",137.99,150,14.11,0.36
07:47:58,"[130.54, 65]","[129.49, 71]","[325.0, 41]","[565.28, 53]",227.77,230,194.46,0.18
07:47:59,"[130.33, 45]","[127.88, 51]","[227.22, 45]","[383.44, 45]",178.78,186,96.89,0.03
07:48:00,"[131.41, 32]","[129.65, 51]","[294.06, 36]","[446.63, 38]",212.73,157,162.65,0.06
07:48:01,"[135.42, 19]","[131.59, 49]","[258.95, 57]","[446.23, 57]",197.18,182,123.53,-0.25
07:48:02,"[138.69, 32]","[133.88, 24]","[189.43, 35]","[289.06, 51]",164.06,142,50.74,-0.21
07:48:03,"[131.65, 62]","[122.28, 69]","[187.25, 32]","[243.81, 80]",159.45,243,55.6,0.08
07:48:04,"[128.68, 111]","[127.14, 97]","[187.0, 32]","[325.0, 70]",157.84,310,58.32,0.34
07:48:05,"[132.72, 67]","[129.5, 84]","[184.86, 28]","[373.5, 42]",158.79,221,52.14,0.37
07:48:06,"[130.03, 65]","[101.7, 71]","[182.33, 24]","[279.86, 21]",156.18,181,52.3,0.5
07:48:07,"[131.0, 7]","[130.0, 77]","[180.53, 15]","[182.1, 20]",155.77,119,49.53,0.41
07:48:08,"[130.06, 63]","[119.85, 80]","[178.82, 38]","[180.22, 27]",154.44,208,48.75,0.38
07:48:09,"[133.89, 113]","[129.65, 34]","[176.78, 32]","[179.48, 23]",155.34,202,42.89,0.46
07:48:10,"[133.29, 68]","[128.8, 30]","[174.78, 18]","[176.0, 27]",154.04,143,41.48,0.37
07:48:11,"[133.1, 40]","[130.0, 30]","[173.33, 21]","[175.79, 29]",153.22,120,40.23,0.17
07:48:12,"[134.0, 40]","[130.0, 30]","[171.27, 22]","[172.14, 28]",152.64,120,37.27,0.17
07:48:13,"[134.0, 60]","[130.0, 57]","[168.76, 37]","[169.95, 37]",151.38,191,34.76,0.23
07:48:14,"[134.09, 44]","[130.47, 34]","[163.74, 27]","[164.96, 23]",148.92,128,29.65,0.22
07:48:15,"[134.19, 64]","[131.4, 60]","[159.0, 32]","[160.88, 32]",146.59,188,24.81,0.32
07:48:16,"[134.0, 28]","[131.0, 28]","[155.14, 14]","[156.29, 14]",144.57,84,21.14,0.33
07:48:17,"[134.82, 33]","[132.8, 60]","[151.24, 34]","[152.8, 41]",143.03,168,16.42,0.11
07:48:18,"[135.08, 25]","[133.0, 56]","[148.62, 48]","[149.51, 37]",141.85,166,13.54,-0.02
07:48:19,"[134.0, 20]","[131.2, 25]","[145.3, 20]","[146.55, 22]",139.65,87,11.3,0.03
07:48:20,"[133.69, 39]","[130.96, 77]","[142.13, 47]","[143.12, 48]",137.91,211,8.44,0.1
07:48:21,"[139.61, 62]","[135.0, 16]","[141.4, 30]","[142.79, 28]",140.51,136,1.79,0.15
07:48:22,"[140.0, 29]","[138.0, 9]","[141.89, 18]","[202.44, 18]",140.94,74,1.89,0.03
07:48:23,"[139.69, 32]","[133.21, 61]","[140.87, 46]","[206.0, 30]",140.28,169,1.18,0.1
07:48:24,"[134.25, 64]","[131.39, 184]","[140.78, 36]","[223.67, 18]",137.51,302,6.53,0.64
07:48:25,"[134.0, 29]","[131.0, 224]","[140.0, 33]","[205.14, 22]",137.0,308,6.0,0.64
07:48:26,"[131.31, 167]","[130.61, 76]","[136.62, 39]","[139.0, 26]",133.96,308,5.31,0.58
07:48:27,"[134.0, 74]","[131.0, 195]","[135.92, 39]","[139.0, 26]",134.96,334,1.92,0.61
07:48:28,"[134.0, 86]","[131.0, 214]","[172.57, 42]","[291.85, 39]",153.29,381,38.57,0.57
07:48:29,"[134.0, 34]","[131.0, 143]","[275.0, 31]","[290.42, 31]",204.5,239,141.0,0.48
07:48:30,"[131.04, 48]","[130.16, 102]","[167.4, 10]","[375.91, 11]",149.22,171,36.36,0.75
07:48:31,"[131.0, 4]","[130.0, 44]","[134.0, 4]","[403.0, 4]",132.5,56,3.0,0.71
07:48:32,"[130.6, 10]","[129.97, 62]","[132.44, 16]","[251.86, 7]",131.52,95,1.84,0.52
07:48:33,"[130.0, 45]","[95.4, 25]","[131.1, 40]","[302.41, 22]",130.55,132,1.1,0.06
07:48:34,"[130.0, 12]","[57.52, 25]","[301.64, 39]","[396.62, 40]",215.82,116,171.64,-0.36
07:48:35,"[130.0, 9]","[129.0, 18]","[187.56, 45]","[256.33, 45]",158.78,117,57.56,-0.54
07:48:36,"[130.88, 24]","[129.54, 13]","[223.92, 26]","[365.1, 42]",177.4,105,93.05,-0.3
07:48:37,"[131.45, 22]","[130.6, 10]","[257.57, 14]","[296.91, 22]",194.51,68,126.12,-0.06
07:48:38,"[133.33, 30]","[132.47, 34]","[277.25, 20]","[411.75, 40]",205.29,124,143.92,0.03
07:48:39,"[133.18, 49]","[130.71, 63]","[298.58, 19]","[353.27, 55]",215.88,186,165.4,0.2
07:48:40,"[133.3, 50]","[130.0, 60]","[277.27, 26]","[376.21, 42]",205.28,178,143.97,0.24
07:48:41,"[134.88, 41]","[130.78, 49]","[240.89, 18]","[258.57, 42]",187.88,150,106.01,0.2
07:48:42,"[140.0, 16]","[139.0, 8]","[231.97, 36]","[255.17, 12]",185.99,72,91.97,-0.33
07:48:43,"[140.0, 19]","[139.0, 10]","[210.5, 50]","[212.0, 50]",175.25,129,70.5,-0.55
07:48:44,"[139.2, 15]","[135.79, 34]","[197.0, 75]","[201.55, 55]",168.1,179,57.8,-0.45
07:48:45,"[137.0, 126]","[134.0, 9]","[186.22, 45]","[228.33, 45]",161.61,225,49.22,0.2
07:48:46,"[137.0, 173]","[134.0, 13]","[185.05, 61]","[259.92, 65]",161.02,312,48.05,0.19
07:48:47,"[138.53, 106]","[136.9, 121]","[179.05, 57]","[181.22, 49]",158.79,333,40.52,0.36
07:48:48,"[140.0, 48]","[137.0, 104]","[163.62, 40]","[165.12, 40]",151.81,232,23.62,0.31
07:48:49,"[140.0, 72]","[137.0, 159]","[161.38, 50]","[163.12, 52]",150.69,333,21.38,0.39
