Time,Bid1,Bid2,Ask1,Ask2,Mid-Price,Total_volume,Bid_ask_spread,Order_imbalance
07:30:00,"[0, 0]","[0, 0]","[0, 0]","[0, 0]",0.0,0,0.0,0.0
07:30:01,"[0, 0]","[0, 0]","[800.0, 4]","[0, 0]",400.0,4,800.0,-1.0
07:30:02,"[193.0, 6]","[0, 0]","[799.0, 12]","[0, 0]",496.0,18,606.0,-0.33
07:30:03,"[193.0, 2]","[0, 0]","[797.0, 4]","[0, 0]",495.0,6,604.0,-0.33
07:30:04,"[193.0, 14]","[18.0, 8]","[753.6, 25]","[757.33, 18]",473.3,65,560.6,-0.32
07:30:05,"[215.0, 20]","[193.0, 10]","[496.35, 17]","[573.29, 17]",355.68,64,281.35,-0.06
07:30:06,"[229.0, 12]","[207.67, 12]","[409.31, 13]","[419.75, 16]",319.15,53,180.31,-0.09
07:30:07,"[258.24, 42]","[256.9, 21]","[410.32, 38]","[417.82, 44]",334.28,145,152.08,-0.13
07:30:08,"[259.0, 36]","[257.0, 18]","[283.71, 24]","[372.38, 24]",271.35,102,24.71,0.06
07:30:09,"[259.9, 20]","[257.0, 20]","[276.7, 40]","[277.32, 31]",268.3,111,16.8,-0.28
07:30:10,"[260.0, 20]","[257.0, 20]","[276.0, 40]","[277.0, 40]",268.0,120,16.0,-0.33
07:30:11,"[260.0, 17]","[257.92, 24]","[275.04, 51]","[276.5, 48]",267.52,140,15.04,-0.41
07:30:12,"[260.0, 8]","[258.0, 16]","[272.36, 44]","[273.21, 38]",266.18,106,12.36,-0.55
07:30:13,"[262.88, 50]","[259.33, 12]","[268.34, 47]","[269.9, 40]",265.61,149,5.46,-0.17
07:30:14,"[263.0, 60]","[260.0, 10]","[267.56, 45]","[268.44, 45]",265.28,160,4.56,-0.12
07:30:15,"[263.0, 84]","[260.0, 14]","[266.24, 58]","[267.34, 65]",264.62,221,3.24,-0.11
07:30:16,"[262.4, 30]","[258.8, 20]","[263.83, 53]","[267.29, 70]",263.12,173,1.43,-0.42
07:30:17,"[259.2, 15]","[257.67, 27]","[262.05, 42]","[270.16, 57]",260.62,141,2.85,-0.4
07:30:18,"[257.0, 43]","[255.0, 11]","[261.0, 44]","[275.9, 61]",259.0,159,4.0,-0.32
07:30:19,"[253.57, 70]","[252.0, 15]","[259.78, 36]","[263.51, 49]",256.67,170,6.21,0.0
07:30:20,"[249.0, 48]","[234.0, 18]","[257.44, 36]","[259.0, 9]",253.22,111,8.44,0.19
07:30:21,"[249.0, 65]","[232.86, 28]","[256.0, 14]","[257.0, 19]",252.5,126,7.0,0.48
07:30:22,"[249.18, 55]","[229.85, 61]","[255.0, 14]","[256.0, 28]",252.09,158,5.82,0.47
07:30:23,"[250.19, 32]","[249.0, 65]","[253.39, 23]","[254.56, 16]",251.79,136,3.2,0.43
07:30:24,"[249.43, 35]","[248.22, 27]","[252.62, 16]","[253.46, 13]",251.03,91,3.2,0.36
07:30:25,"[249.0, 56]","[243.21, 14]","[253.07, 14]","[256.48, 42]",251.04,126,4.07,0.11
07:30:26,"[248.71, 21]","[231.38, 8]","[253.0, 6]","[255.0, 30]",250.86,65,4.29,-0.11
07:30:27,"[243.0, 8]","[212.0, 24]","[252.0, 8]","[255.0, 40]",247.5,80,9.0,-0.2
07:30:28,"[243.0, 13]","[217.27, 44]","[250.85, 13]","[254.58, 57]",246.92,127,7.85,-0.1
07:30:29,"[243.0, 10]","[241.0, 80]","[253.0, 20]","[255.0, 62]",248.0,172,10.0,0.05
07:30:30,"[248.44, 27]","[235.74, 35]","[255.03, 37]","[255.93, 45]",251.74,144,6.58,-0.14
07:30:31,"[250.0, 33]","[240.0, 23]","[255.0, 33]","[256.0, 66]",252.5,155,5.0,-0.28
07:30:32,"[250.0, 18]","[240.0, 6]","[255.0, 18]","[256.0, 36]",252.5,78,5.0,-0.38
07:30:33,"[250.0, 27]","[240.0, 9]","[255.77, 39]","[257.14, 42]",252.88,117,5.77,-0.38
07:30:34,"[250.0, 10]","[240.0, 8]","[255.32, 37]","[257.38, 26]",252.66,81,5.32,-0.56
07:30:35,"[254.0, 10]","[250.0, 2]","[255.0, 10]","[258.0, 12]",254.5,34,1.0,-0.29
07:30:36,"[249.33, 15]","[240.64, 11]","[255.0, 43]","[258.0, 34]",252.17,103,5.67,-0.5
07:30:37,"[247.0, 9]","[235.0, 11]","[255.0, 27]","[258.0, 18]",251.0,65,8.0,-0.38
07:30:38,"[247.0, 12]","[241.0, 12]","[252.27, 26]","[255.07, 27]",249.63,77,5.27,-0.38
07:30:39,"[250.48, 33]","[247.26, 23]","[258.27, 41]","[259.23, 44]",254.38,141,7.78,-0.21
07:30:40,"[257.57, 28]","[253.36, 44]","[259.0, 80]","[317.25, 32]",258.29,184,1.43,-0.22
07:30:41,"[257.0, 21]","[254.0, 35]","[259.0, 35]","[261.0, 21]",258.0,112,2.0,0.0
07:30:42,"[257.0, 21]","[256.0, 35]","[259.0, 35]","[261.0, 21]",258.0,112,2.0,0.0
07:30:43,"[257.0, 69]","[256.0, 55]","[259.0, 55]","[261.0, 33]",258.0,212,2.0,0.17
07:30:44,"[257.0, 56]","[256.0, 40]","[259.0, 40]","[260.43, 28]",258.0,164,2.0,0.17
07:30:45,"[257.0, 56]","[256.0, 40]","[259.0, 40]","[260.0, 32]",258.0,168,2.0,0.14
07:30:46,"[257.0, 107]","[256.0, 80]","[258.73, 44]","[259.62, 96]",257.86,327,1.73,0.14
07:30:47,"[257.0, 66]","[256.0, 55]","[258.6, 50]","[259.57, 53]",257.8,224,1.6,0.08
07:30:48,"[257.0, 20]","[256.0, 40]","[259.31, 35]","[260.89, 36]",258.16,131,2.31,-0.08
07:30:49,"[257.93, 60]","[256.58, 24]","[260.0, 45]","[263.0, 36]",258.97,165,2.07,0.02
07:30:50,"[258.0, 80]","[257.0, 20]","[260.0, 50]","[263.0, 40]",259.0,190,2.0,0.05
07:30:51,"[258.0, 96]","[256.58, 24]","[260.0, 60]","[263.0, 48]",259.0,228,2.0,0.05
07:30:52,"[258.0, 64]","[256.0, 18]","[260.0, 45]","[263.0, 36]",259.0,163,2.0,0.01
07:30:53,"[258.0, 84]","[256.4, 30]","[260.0, 60]","[263.0, 48]",259.0,222,2.0,0.03
07:30:54,"[258.0, 56]","[257.0, 32]","[260.0, 40]","[263.0, 32]",259.0,160,2.0,0.1
07:30:55,"[258.0, 81]","[257.0, 52]","[262.59, 54]","[289.55, 40]",260.3,227,4.59,0.17
07:30:56,"[258.0, 56]","[257.0, 48]","[260.75, 48]","[261.83, 47]",259.38,199,2.75,0.05
07:30:57,"[258.0, 41]","[257.0, 58]","[259.53, 38]","[262.9, 42]",258.76,179,1.53,0.11
07:30:58,"[258.0, 27]","[257.0, 54]","[292.6, 43]","[380.58, 33]",275.3,157,34.6,0.03
07:30:59,"[258.0, 30]","[257.0, 60]","[270.0, 50]","[273.0, 40]",264.0,180,12.0,0.0
07:31:00,"[258.0, 36]","[257.0, 72]","[270.0, 60]","[273.0, 48]",264.0,216,12.0,0.0
07:31:01,"[257.0, 35]","[256.0, 14]","[270.0, 35]","[295.83, 24]",263.5,108,13.0,-0.09
07:31:02,"[257.0, 16]","[245.5, 64]","[270.0, 60]","[286.37, 41]",263.5,181,13.0,-0.12
07:31:03,"[257.0, 30]","[256.0, 18]","[270.0, 45]","[273.0, 27]",263.5,120,13.0,-0.2
07:31:04,"[257.0, 72]","[256.0, 18]","[270.0, 45]","[273.0, 27]",263.5,162,13.0,0.11
07:31:05,"[257.0, 80]","[256.0, 20]","[270.0, 50]","[273.0, 30]",263.5,180,13.0,0.11
07:31:06,"[257.0, 87]","[256.0, 24]","[270.81, 48]","[273.03, 34]",263.91,193,13.81,0.15
07:31:07,"[257.0, 98]","[256.0, 28]","[266.07, 46]","[269.91, 34]",261.53,206,9.07,0.22
07:31:08,"[257.0, 63]","[256.0, 18]","[261.86, 29]","[263.35, 43]",259.43,153,4.86,0.06
07:31:09,"[257.0, 105]","[256.0, 30]","[259.27, 45]","[266.08, 49]",258.13,229,2.27,0.18
07:31:10,"[257.67, 18]","[256.22, 18]","[265.55, 11]","[271.06, 17]",261.61,64,7.88,0.12
07:31:11,"[259.64, 28]","[257.0, 14]","[265.0, 14]","[272.0, 42]",262.32,98,5.36,-0.14
07:31:12,"[260.0, 24]","[257.95, 103]","[263.08, 12]","[266.79, 14]",261.54,153,3.08,0.66
07:31:13,"[258.14, 123]","[257.89, 79]","[264.57, 14]","[272.14, 29]",261.35,245,6.43,0.65
07:31:14,"[258.0, 46]","[257.0, 5]","[266.0, 5]","[272.89, 18]",262.0,74,8.0,0.38
07:31:15,"[258.62, 103]","[257.74, 43]","[265.04, 54]","[268.0, 17]",261.83,217,6.42,0.35
07:31:16,"[258.25, 81]","[257.56, 25]","[264.69, 52]","[267.0, 13]",261.47,171,6.45,0.24
07:31:17,"[263.0, 16]","[258.0, 56]","[264.0, 32]","[267.0, 8]",263.5,112,1.0,0.29
07:31:18,"[258.3, 67]","[256.94, 34]","[263.37, 35]","[264.3, 20]",260.83,156,5.07,0.29
07:31:19,"[258.0, 98]","[256.0, 70]","[261.36, 14]","[263.0, 59]",259.68,241,3.36,0.39
07:31:20,"[258.0, 126]","[256.58, 108]","[260.86, 21]","[263.04, 79]",259.43,334,2.86,0.4
07:31:21,"[258.33, 84]","[257.07, 120]","[261.67, 72]","[267.69, 26]",260.0,302,3.33,0.35
07:31:22,"[260.0, 91]","[258.0, 52]","[261.0, 52]","[269.0, 26]",260.5,221,1.0,0.29
07:31:23,"[260.0, 50]","[258.0, 44]","[261.0, 44]","[265.82, 22]",260.5,160,1.0,0.17
07:31:24,"[258.7, 23]","[257.48, 67]","[261.0, 52]","[264.38, 26]",259.85,168,2.3,0.07
07:31:25,"[258.0, 30]","[257.0, 70]","[261.0, 40]","[269.0, 20]",259.5,160,3.0,0.25
07:31:26,"[258.33, 27]","[257.27, 67]","[265.81, 32]","[269.67, 18]",262.07,144,7.48,0.31
07:31:27,"[261.25, 24]","[259.54, 65]","[268.0, 20]","[270.25, 12]",264.62,121,6.75,0.47
07:31:28,"[263.0, 22]","[260.0, 110]","[268.0, 22]","[270.0, 11]",265.5,165,5.0,0.6
07:31:29,"[263.0, 20]","[260.0, 100]","[268.0, 20]","[270.0, 10]",265.5,150,5.0,0.6
07:31:30,"[263.0, 20]","[260.0, 100]","[268.07, 28]","[270.5, 12]",265.54,160,5.07,0.5
07:31:31,"[260.0, 100]","[258.0, 30]","[268.0, 50]","[270.97, 31]",264.0,211,8.0,0.23
07:31:32,"[260.0, 60]","[258.0, 18]","[268.0, 30]","[271.0, 33]",264.0,141,8.0,0.11
07:31:33,"[260.0, 80]","[257.12, 48]","[268.0, 40]","[270.38, 32]",264.0,200,8.0,0.28
07:31:34,"[260.0, 150]","[257.0, 105]","[267.22, 36]","[268.21, 95]",263.61,386,7.22,0.32
07:31:35,"[260.0, 120]","[257.46, 39]","[266.0, 39]","[268.5, 60]",263.0,258,6.0,0.23
07:31:36,"[260.0, 110]","[258.0, 22]","[265.82, 66]","[268.77, 62]",262.91,260,5.82,0.02
07:31:37,"[260.0, 130]","[258.0, 26]","[262.46, 52]","[264.0, 26]",261.23,234,2.46,0.33
07:31:38,"[260.0, 76]","[258.0, 24]","[261.89, 38]","[265.28, 39]",260.95,177,1.89,0.13
07:31:39,"[259.0, 20]","[257.67, 15]","[264.0, 20]","[266.9, 50]",261.5,105,5.0,-0.33
07:31:40,"[258.0, 24]","[257.0, 12]","[265.67, 36]","[268.14, 56]",261.83,128,7.67,-0.44
07:31:41,"[256.11, 105]","[255.29, 21]","[265.88, 50]","[267.55, 58]",261.0,234,9.77,0.08
07:31:42,"[256.14, 117]","[255.3, 40]","[263.31, 64]","[265.5, 80]",259.72,301,7.18,0.04
07:31:43,"[258.56, 54]","[256.47, 86]","[262.25, 64]","[264.0, 80]",260.4,284,3.69,-0.01
07:31:44,"[261.0, 22]","[258.0, 44]","[262.0, 44]","[264.64, 55]",261.5,165,1.0,-0.2
07:31:45,"[259.0, 33]","[256.63, 70]","[261.47, 60]","[265.0, 75]",260.23,238,2.47,-0.13
07:31:46,"[259.72, 54]","[258.0, 36]","[261.0, 72]","[266.89, 90]",260.36,252,1.28,-0.29
07:31:47,"[260.0, 24]","[258.0, 16]","[261.0, 32]","[267.0, 40]",260.5,112,1.0,-0.29
07:31:48,"[259.2, 45]","[257.82, 22]","[262.3, 46]","[267.55, 55]",260.75,168,3.1,-0.2
07:31:49,"[258.0, 192]","[256.5, 36]","[266.71, 28]","[268.0, 60]",262.36,316,8.71,0.44
07:31:50,"[263.0, 44]","[258.0, 176]","[265.27, 11]","[267.0, 55]",264.14,286,2.27,0.54
07:31:51,"[259.36, 88]","[257.33, 144]","[264.0, 10]","[267.0, 50]",261.68,292,4.64,0.59
07:31:52,"[258.0, 176]","[256.0, 132]","[263.0, 11]","[267.55, 55]",260.5,374,5.0,0.65
07:31:53,"[258.0, 223]","[256.0, 168]","[261.07, 14]","[266.35, 34]",259.54,439,3.07,0.78
07:31:54,"[258.0, 195]","[256.0, 156]","[259.77, 13]","[262.0, 13]",258.88,377,1.77,0.86
07:31:55,"[258.0, 151]","[256.0, 132]","[264.22, 23]","[267.41, 59]",261.11,365,6.22,0.55
07:31:56,"[258.0, 100]","[256.0, 120]","[266.91, 44]","[267.83, 58]",262.45,322,8.91,0.37
07:31:57,"[258.0, 110]","[256.0, 132]","[266.0, 22]","[267.0, 55]",262.0,319,8.0,0.52
07:31:58,"[258.0, 50]","[256.0, 60]","[266.0, 10]","[267.0, 25]",262.0,145,8.0,0.52
07:31:59,"[258.0, 50]","[256.0, 60]","[266.0, 10]","[267.0, 25]",262.0,145,8.0,0.52
07:32:00,"[258.0, 118]","[256.0, 134]","[266.0, 34]","[267.0, 85]",262.0,371,8.0,0.36
07:32:01,"[258.0, 36]","[256.0, 48]","[266.0, 12]","[267.0, 30]",262.0,126,8.0,0.33
07:32:02,"[258.0, 42]","[256.0, 56]","[266.0, 14]","[267.0, 35]",262.0,147,8.0,0.33
07:32:03,"[258.0, 90]","[256.0, 120]","[265.0, 30]","[266.05, 58]",261.5,298,7.0,0.41
07:32:04,"[258.0, 84]","[256.0, 112]","[262.07, 28]","[263.07, 28]",260.04,252,4.07,0.56
07:32:05,"[258.0, 103]","[256.0, 168]","[259.62, 63]","[262.0, 42]",258.81,376,1.62,0.44
07:32:06,"[256.14, 69]","[252.5, 96]","[259.0, 39]","[262.0, 26]",257.57,230,2.86,0.43
07:32:07,"[256.0, 96]","[250.24, 41]","[258.38, 48]","[260.2, 30]",257.19,215,2.38,0.27
07:32:08,"[256.0, 87]","[255.0, 22]","[257.79, 33]","[259.5, 32]",256.89,174,1.79,0.25
07:32:09,"[256.03, 58]","[255.47, 30]","[258.4, 30]","[267.0, 20]",257.22,138,2.37,0.28
07:32:10,"[257.0, 13]","[256.0, 91]","[266.0, 27]","[269.6, 15]",261.5,146,9.0,0.42
07:32:11,"[262.69, 59]","[256.4, 35]","[265.47, 34]","[270.0, 31]",264.08,159,2.78,0.18
07:32:12,"[263.0, 34]","[257.0, 9]","[265.0, 18]","[268.0, 9]",264.0,70,2.0,0.23
07:32:13,"[263.0, 21]","[257.0, 7]","[264.35, 23]","[266.2, 10]",263.67,61,1.35,-0.08
07:32:14,"[256.04, 72]","[255.53, 51]","[264.07, 30]","[265.1, 29]",260.05,182,8.02,0.35
07:32:15,"[258.77, 65]","[255.85, 53]","[263.23, 26]","[265.0, 50]",261.0,194,4.46,0.22
07:32:16,"[260.0, 55]","[258.0, 11]","[262.73, 22]","[265.0, 46]",261.36,134,2.73,-0.01
07:32:17,"[260.0, 75]","[258.0, 15]","[261.67, 30]","[266.0, 60]",260.83,180,1.67,0.0
07:32:18,"[260.0, 45]","[258.0, 11]","[265.38, 32]","[268.51, 49]",262.69,137,5.38,-0.18
07:32:19,"[260.0, 42]","[258.0, 14]","[268.0, 56]","[269.39, 82]",264.0,194,8.0,-0.42
07:32:20,"[258.82, 34]","[257.0, 12]","[268.0, 80]","[270.0, 80]",263.41,206,9.18,-0.55
07:32:21,"[256.0, 49]","[255.0, 20]","[268.0, 80]","[270.0, 71]",262.0,220,12.0,-0.37
07:32:22,"[256.0, 36]","[255.0, 18]","[268.0, 52]","[270.0, 81]",262.0,187,12.0,-0.42
07:32:23,"[255.46, 26]","[249.2, 35]","[268.0, 80]","[270.0, 90]",261.73,231,12.54,-0.47
07:32:24,"[255.0, 16]","[248.0, 80]","[268.0, 64]","[270.0, 72]",261.5,232,13.0,-0.17
07:32:25,"[255.0, 18]","[248.0, 90]","[268.0, 72]","[270.0, 81]",261.5,261,13.0,-0.17
07:32:26,"[252.75, 55]","[249.21, 58]","[268.0, 96]","[270.0, 108]",260.37,317,15.25,-0.29
07:32:27,"[263.0, 8]","[260.0, 32]","[268.0, 64]","[270.0, 72]",265.5,176,5.0,-0.55
07:32:28,"[260.39, 23]","[258.0, 22]","[268.0, 64]","[270.0, 72]",264.2,181,7.61,-0.5
07:32:29,"[260.0, 44]","[256.69, 13]","[265.91, 67]","[268.53, 76]",262.96,200,5.91,-0.43
07:32:30,"[260.0, 36]","[257.0, 11]","[266.63, 82]","[267.79, 75]",263.32,204,6.63,-0.54
07:32:31,"[260.0, 18]","[257.0, 6]","[267.0, 48]","[268.0, 22]",263.5,94,7.0,-0.49
07:32:32,"[260.0, 24]","[257.0, 8]","[267.0, 64]","[268.0, 40]",263.5,136,7.0,-0.53
07:32:33,"[260.0, 27]","[257.0, 9]","[266.07, 54]","[267.22, 69]",263.04,159,6.07,-0.55
07:32:34,"[260.0, 27]","[257.0, 9]","[264.56, 45]","[267.0, 99]",262.28,180,4.56,-0.6
07:32:35,"[258.92, 59]","[257.59, 27]","[262.97, 61]","[267.83, 58]",260.94,205,4.05,-0.16
07:32:36,"[258.0, 72]","[257.0, 9]","[264.47, 38]","[266.69, 26]",261.24,145,6.47,0.12
07:32:37,"[258.0, 40]","[257.0, 10]","[264.6, 20]","[265.82, 34]",261.3,104,6.6,-0.04
07:32:38,"[258.22, 41]","[257.43, 21]","[262.03, 29]","[263.12, 16]",260.13,107,3.81,0.16
07:32:39,"[258.0, 12]","[257.0, 12]","[260.9, 21]","[261.93, 15]",259.45,60,2.9,-0.2
07:32:40,"[256.33, 30]","[255.67, 24]","[258.29, 17]","[259.21, 19]",257.31,90,1.96,0.2
07:32:41,"[255.52, 25]","[252.18, 68]","[257.12, 17]","[258.03, 31]",256.32,141,1.6,0.32
07:32:42,"[255.0, 14]","[251.0, 56]","[256.75, 8]","[257.92, 13]",255.88,91,1.75,0.54
07:32:43,"[253.22, 36]","[250.61, 92]","[256.0, 24]","[257.0, 12]",254.61,164,2.78,0.56
07:32:44,"[251.0, 104]","[248.0, 84]","[254.04, 23]","[256.42, 19]",252.52,230,3.04,0.63
07:32:45,"[251.0, 27]","[248.0, 110]","[256.73, 15]","[260.79, 24]",253.87,176,5.73,0.56
07:32:46,"[251.44, 32]","[249.11, 57]","[259.54, 41]","[260.78, 36]",255.49,166,8.1,0.07
07:32:47,"[252.0, 28]","[250.2, 55]","[258.07, 42]","[260.0, 28]",255.04,153,6.07,0.08
07:32:48,"[253.0, 26]","[249.09, 79]","[256.69, 39]","[260.0, 26]",254.85,170,3.69,0.24
07:32:49,"[254.21, 39]","[249.61, 92]","[257.24, 34]","[262.46, 39]",255.72,204,3.03,0.28
07:32:50,"[256.0, 24]","[248.5, 48]","[257.64, 14]","[258.17, 18]",256.82,104,1.64,0.38
07:32:51,"[252.63, 57]","[247.89, 74]","[256.82, 17]","[258.81, 43]",254.73,191,4.19,0.37
07:32:52,"[249.03, 40]","[246.24, 147]","[255.07, 42]","[257.0, 14]",252.05,243,6.05,0.54
07:32:53,"[250.0, 10]","[249.0, 30]","[254.96, 28]","[256.5, 12]",252.48,80,4.96,0.0
07:32:54,"[251.23, 35]","[246.89, 61]","[254.36, 25]","[255.86, 35]",252.79,156,3.13,0.23
07:32:55,"[252.0, 36]","[244.33, 84]","[254.58, 36]","[261.83, 12]",253.29,168,2.58,0.43
07:32:56,"[245.18, 55]","[242.0, 54]","[258.43, 23]","[264.65, 23]",251.81,155,13.25,0.41
07:32:57,"[244.08, 52]","[240.2, 180]","[263.0, 24]","[264.0, 49]",253.54,305,18.92,0.52
07:32:58,"[245.51, 43]","[242.58, 101]","[263.0, 14]","[264.0, 84]",254.26,242,17.49,0.19
07:32:59,"[244.34, 44]","[242.04, 130]","[258.68, 22]","[261.24, 21]",251.51,217,14.34,0.6
07:33:00,"[246.67, 42]","[245.72, 25]","[253.2, 20]","[254.1, 48]",249.93,135,6.53,-0.01
07:33:01,"[246.68, 59]","[245.88, 74]","[253.0, 19]","[258.0, 127]",249.84,279,6.32,-0.05
07:33:02,"[246.18, 67]","[245.22, 23]","[253.0, 11]","[257.88, 32]",249.59,133,6.82,0.35
07:33:03,"[246.62, 16]","[242.06, 72]","[253.42, 12]","[257.94, 16]",250.02,116,6.79,0.52
07:33:04,"[252.81, 42]","[251.92, 50]","[258.0, 14]","[260.0, 70]",255.4,176,5.19,0.05
07:33:05,"[257.0, 9]","[244.17, 87]","[259.89, 37]","[338.76, 17]",258.45,150,2.89,0.28
07:33:06,"[257.0, 6]","[243.0, 90]","[260.0, 30]","[298.5, 6]",258.5,132,3.0,0.45
07:33:07,"[258.0, 56]","[257.0, 14]","[259.76, 66]","[271.57, 30]",258.88,166,1.76,-0.16
07:33:08,"[257.91, 22]","[244.43, 49]","[259.33, 30]","[264.15, 27]",258.62,128,1.42,0.11
07:33:09,"[258.5, 16]","[243.31, 180]","[267.0, 40]","[340.58, 12]",262.75,248,8.5,0.58
07:33:10,"[260.0, 10]","[257.0, 5]","[315.14, 14]","[363.2, 5]",287.57,34,55.14,-0.12
07:33:11,"[259.8, 15]","[253.88, 24]","[313.29, 31]","[319.84, 19]",286.55,89,53.49,-0.12
07:33:12,"[257.0, 13]","[252.0, 195]","[306.47, 43]","[308.41, 22]",281.73,273,49.47,0.52
07:33:13,"[257.0, 12]","[252.0, 180]","[299.08, 39]","[300.76, 21]",278.04,252,42.08,0.52
07:33:14,"[252.2, 125]","[251.61, 123]","[260.95, 42]","[271.04, 26]",256.58,316,8.75,0.57
07:33:15,"[251.83, 144]","[250.77, 52]","[253.47, 30]","[254.9, 30]",252.65,256,1.63,0.53
07:33:16,"[251.0, 64]","[248.0, 14]","[253.73, 51]","[255.19, 27]",252.36,156,2.73,0.0
07:33:17,"[251.98, 86]","[250.88, 25]","[253.77, 52]","[255.0, 52]",252.87,215,1.79,0.03
07:33:18,"[252.05, 128]","[251.19, 32]","[254.32, 41]","[258.2, 45]",253.19,246,2.26,0.3
07:33:19,"[253.0, 126]","[251.5, 36]","[254.23, 26]","[256.33, 36]",253.62,224,1.23,0.45
07:33:20,"[253.08, 156]","[251.39, 36]","[257.0, 42]","[263.0, 42]",255.04,276,3.92,0.39
07:33:21,"[254.05, 121]","[253.09, 81]","[262.0, 39]","[263.0, 39]",258.02,280,7.95,0.44
07:33:22,"[257.0, 40]","[254.0, 130]","[262.0, 30]","[263.0, 30]",259.5,230,5.0,0.48
07:33:23,"[257.0, 32]","[256.0, 104]","[262.0, 24]","[263.0, 24]",259.5,184,5.0,0.48
07:33:24,"[257.0, 28]","[256.0, 104]","[262.0, 24]","[263.33, 18]",259.5,174,5.0,0.52
07:33:25,"[257.0, 36]","[256.0, 156]","[262.0, 36]","[265.0, 12]",259.5,240,5.0,0.6
07:33:26,"[257.0, 42]","[256.0, 182]","[262.0, 42]","[265.0, 14]",259.5,280,5.0,0.6
07:33:27,"[257.0, 39]","[256.0, 199]","[265.24, 37]","[280.91, 22]",261.12,297,8.24,0.6
07:33:28,"[257.0, 45]","[256.0, 285]","[268.55, 51]","[486.41, 22]",262.77,403,11.55,0.64
07:33:29,"[261.3, 67]","[256.06, 141]","[264.0, 75]","[300.68, 34]",262.65,317,2.7,0.31
07:33:30,"[263.0, 54]","[257.0, 9]","[264.0, 45]","[271.0, 36]",263.5,144,1.0,-0.12
07:33:31,"[263.0, 30]","[259.97, 105]","[264.0, 45]","[271.0, 36]",263.5,216,1.0,0.25
07:33:32,"[261.66, 29]","[259.97, 112]","[264.0, 50]","[271.0, 40]",262.83,231,2.34,0.22
07:33:33,"[261.29, 31]","[259.97, 111]","[263.81, 43]","[268.08, 48]",262.55,233,2.52,0.22
07:33:34,"[260.0, 95]","[257.0, 9]","[262.22, 18]","[264.0, 33]",261.11,155,2.22,0.34
07:33:35,"[260.0, 135]","[257.83, 36]","[261.27, 22]","[266.0, 55]",260.64,248,1.27,0.38
07:33:36,"[260.0, 78]","[258.0, 36]","[261.0, 12]","[265.33, 30]",260.5,156,1.0,0.46
07:33:37,"[260.0, 87]","[258.0, 48]","[264.23, 31]","[269.0, 35]",262.11,201,4.23,0.34
07:33:38,"[260.0, 70]","[258.0, 42]","[265.0, 35]","[272.0, 28]",262.5,175,5.0,0.28
07:33:39,"[260.0, 118]","[258.0, 72]","[265.0, 60]","[272.0, 48]",262.5,298,5.0,0.28
07:33:40,"[260.0, 49]","[258.0, 36]","[265.0, 30]","[272.0, 24]",262.5,139,5.0,0.22
07:33:41,"[260.0, 110]","[258.0, 96]","[264.28, 54]","[266.22, 77]",262.14,337,4.28,0.22
07:33:42,"[260.0, 45]","[258.0, 54]","[264.0, 27]","[266.0, 45]",262.0,171,4.0,0.16
07:33:43,"[260.0, 30]","[257.88, 16]","[264.0, 18]","[266.0, 30]",262.0,94,4.0,-0.02
07:33:44,"[260.0, 55]","[258.0, 11]","[262.45, 33]","[267.09, 55]",261.23,154,2.45,-0.14
07:33:45,"[260.0, 35]","[258.0, 7]","[262.0, 21]","[270.0, 35]",261.0,98,2.0,-0.14
07:33:46,"[260.0, 45]","[258.0, 9]","[262.0, 27]","[269.33, 45]",261.0,126,2.0,-0.14
07:33:47,"[259.12, 24]","[256.57, 21]","[260.45, 31]","[265.55, 53]",259.79,129,1.33,-0.3
07:33:48,"[256.76, 17]","[255.88, 59]","[259.82, 34]","[266.16, 57]",258.29,167,3.06,-0.09
07:33:49,"[256.0, 36]","[255.0, 63]","[259.55, 22]","[263.11, 27]",257.77,148,3.55,0.34
07:33:50,"[256.0, 44]","[255.0, 77]","[258.73, 22]","[260.0, 33]",257.36,176,2.73,0.38
07:33:51,"[255.61, 18]","[254.31, 65]","[258.58, 19]","[268.0, 39]",257.1,141,2.97,0.18
07:33:52,"[255.0, 68]","[250.0, 108]","[266.68, 22]","[267.98, 51]",260.84,249,11.68,0.41
07:33:53,"[255.0, 60]","[250.53, 38]","[264.21, 39]","[266.35, 51]",259.6,188,9.21,0.04
07:33:54,"[255.0, 40]","[250.07, 91]","[261.88, 8]","[264.12, 40]",258.44,179,6.88,0.46
07:33:55,"[255.81, 54]","[253.28, 99]","[261.0, 13]","[265.0, 65]",258.41,231,5.19,0.32
07:33:56,"[256.93, 60]","[256.07, 67]","[259.87, 15]","[263.87, 39]",258.4,181,2.93,0.4
07:33:57,"[257.22, 101]","[256.41, 74]","[262.5, 24]","[265.63, 38]",259.86,237,5.28,0.48
07:33:58,"[260.0, 108]","[257.0, 90]","[265.83, 36]","[268.5, 60]",262.92,294,5.83,0.35
07:33:59,"[260.69, 26]","[259.65, 68]","[265.0, 32]","[272.0, 40]",262.85,166,4.31,0.13
07:34:00,"[260.53, 51]","[259.29, 118]","[265.0, 50]","[272.0, 80]",262.76,299,4.47,0.13
07:34:01,"[260.0, 120]","[257.43, 35]","[263.54, 96]","[270.52, 88]",261.77,339,3.54,-0.09
07:34:02,"[260.0, 66]","[258.0, 11]","[262.32, 47]","[267.43, 40]",261.16,164,2.32,-0.06
07:34:03,"[260.0, 54]","[258.0, 13]","[261.0, 65]","[266.82, 57]",260.5,189,1.0,-0.29
07:34:04,"[258.4, 20]","[257.02, 65]","[260.29, 65]","[267.0, 85]",259.35,235,1.89,-0.28
07:34:05,"[257.02, 43]","[256.07, 60]","[259.0, 15]","[267.33, 75]",258.01,193,1.98,0.07
07:34:06,"[257.0, 39]","[256.0, 52]","[259.0, 13]","[267.0, 65]",258.0,169,2.0,0.08
07:34:07,"[257.0, 33]","[256.0, 44]","[259.0, 11]","[267.0, 55]",258.0,143,2.0,0.08
07:34:08,"[257.0, 29]","[255.9, 31]","[259.0, 10]","[267.0, 86]",258.0,156,2.0,-0.23
07:34:09,"[256.46, 13]","[255.1, 10]","[265.71, 42]","[267.27, 74]",261.09,139,9.25,-0.67
07:34:10,"[259.27, 44]","[255.43, 14]","[264.75, 48]","[267.02, 116]",262.01,222,5.48,-0.48
07:34:11,"[260.0, 72]","[256.0, 12]","[263.08, 36]","[265.28, 50]",261.54,170,3.08,-0.01
07:34:12,"[260.0, 54]","[256.0, 9]","[261.89, 27]","[263.24, 29]",260.94,119,1.89,0.06
07:34:13,"[258.59, 91]","[257.42, 45]","[262.6, 52]","[265.8, 83]",260.59,271,4.0,0.0
07:34:14,"[258.15, 47]","[257.84, 61]","[261.25, 12]","[263.0, 60]",259.7,180,3.1,0.2
07:34:15,"[259.17, 23]","[257.98, 121]","[261.9, 20]","[264.47, 60]",260.54,224,2.73,0.29
07:34:16,"[260.0, 13]","[258.0, 104]","[264.0, 39]","[267.0, 65]",262.0,221,4.0,0.06
07:34:17,"[260.0, 11]","[258.0, 88]","[264.0, 33]","[269.95, 95]",262.0,227,4.0,-0.13
07:34:18,"[258.0, 24]","[257.0, 12]","[264.0, 18]","[270.0, 54]",261.0,108,6.0,-0.33
07:34:19,"[258.0, 20]","[257.0, 10]","[264.0, 15]","[270.0, 45]",261.0,90,6.0,-0.33
07:34:20,"[258.0, 32]","[257.0, 16]","[263.42, 26]","[269.68, 56]",260.71,130,5.42,-0.26
07:34:21,"[258.0, 52]","[257.0, 26]","[263.3, 43]","[269.28, 50]",260.65,171,5.3,-0.09
07:34:22,"[257.9, 40]","[256.9, 20]","[264.0, 33]","[270.0, 44]",260.95,137,6.1,-0.12
07:34:23,"[257.73, 22]","[256.84, 19]","[263.55, 33]","[270.0, 44]",260.64,118,5.82,-0.31
07:34:24,"[258.0, 20]","[257.0, 20]","[263.0, 30]","[269.27, 52]",260.5,122,5.0,-0.34
07:34:25,"[255.0, 60]","[250.0, 6]","[263.0, 18]","[269.0, 30]",259.0,114,8.0,0.16
07:34:26,"[255.59, 96]","[254.45, 55]","[263.0, 39]","[269.0, 65]",259.3,255,7.41,0.18
07:34:27,"[257.0, 33]","[255.0, 77]","[263.0, 33]","[269.0, 55]",260.0,198,6.0,0.11
07:34:28,"[258.0, 30]","[255.0, 70]","[263.0, 22]","[269.0, 50]",260.5,172,5.0,0.16
07:34:29,"[258.93, 45]","[255.0, 105]","[263.0, 30]","[269.0, 75]",260.97,255,4.07,0.18
07:34:30,"[259.45, 33]","[255.0, 77]","[263.0, 22]","[269.0, 55]",261.23,187,3.55,0.18
07:34:31,"[257.45, 132]","[255.28, 130]","[267.29, 63]","[270.29, 126]",262.37,451,9.83,0.16
07:34:32,"[257.0, 126]","[255.0, 98]","[264.36, 70]","[269.24, 74]",260.68,368,7.36,0.22
07:34:33,"[257.0, 99]","[255.0, 77]","[264.0, 55]","[267.09, 55]",260.5,286,7.0,0.23
07:34:34,"[257.0, 81]","[255.0, 63]","[263.17, 18]","[264.0, 45]",260.08,207,6.17,0.39
07:34:35,"[257.79, 42]","[256.82, 79]","[262.0, 9]","[263.0, 45]",259.89,175,4.21,0.38
07:34:36,"[259.85, 34]","[257.18, 79]","[262.53, 19]","[264.23, 83]",261.19,215,2.67,0.05
07:34:37,"[261.0, 20]","[259.0, 11]","[264.0, 55]","[267.0, 66]",262.5,152,3.0,-0.59
07:34:38,"[261.0, 6]","[259.0, 6]","[264.0, 30]","[267.0, 30]",262.5,72,3.0,-0.67
07:34:39,"[260.71, 14]","[257.71, 34]","[262.71, 70]","[266.53, 95]",261.71,213,2.0,-0.55
07:34:40,"[258.23, 47]","[257.3, 158]","[260.64, 22]","[262.54, 65]",259.44,292,2.4,0.4
07:34:41,"[258.0, 165]","[257.0, 165]","[260.53, 75]","[267.03, 29]",259.27,434,2.53,0.52
07:34:42,"[258.0, 78]","[257.0, 143]","[270.0, 65]","[271.0, 26]",264.0,312,12.0,0.42
07:34:43,"[262.0, 18]","[257.8, 56]","[270.0, 35]","[271.0, 14]",266.0,123,8.0,0.2
07:34:44,"[264.0, 20]","[258.3, 80]","[270.0, 50]","[271.0, 20]",267.0,170,6.0,0.18
07:34:45,"[264.0, 16]","[258.0, 60]","[270.0, 40]","[271.0, 16]",267.0,132,6.0,0.15
07:34:46,"[258.62, 39]","[257.1, 61]","[270.0, 35]","[271.0, 14]",264.31,149,11.38,0.34
07:34:47,"[258.0, 88]","[257.0, 121]","[270.0, 55]","[271.0, 22]",264.0,286,12.0,0.46
07:34:48,"[258.29, 31]","[257.61, 44]","[270.0, 65]","[271.0, 26]",264.15,166,11.71,-0.1
07:34:49,"[259.0, 11]","[258.0, 33]","[269.27, 37]","[270.08, 49]",264.14,130,10.27,-0.32
07:34:50,"[258.5, 24]","[257.38, 72]","[268.15, 60]","[270.0, 70]",263.32,226,9.65,-0.15
07:34:51,"[258.0, 48]","[257.0, 144]","[267.45, 89]","[269.43, 56]",262.72,337,9.45,0.14
07:34:52,"[258.0, 45]","[257.0, 135]","[266.0, 45]","[268.05, 60]",262.0,285,8.0,0.26
07:34:53,"[260.0, 27]","[257.5, 54]","[266.0, 36]","[269.55, 44]",263.0,161,6.0,0.01
07:34:54,"[261.0, 24]","[258.0, 36]","[265.5, 36]","[268.5, 60]",263.25,156,4.5,-0.23
07:34:55,"[259.3, 97]","[256.77, 113]","[262.29, 79]","[267.34, 65]",260.8,354,2.99,0.19
07:34:56,"[257.0, 51]","[256.0, 156]","[260.42, 60]","[269.25, 24]",258.71,291,3.42,0.42
07:34:57,"[257.0, 44]","[256.0, 143]","[259.77, 52]","[264.65, 31]",258.38,270,2.77,0.39
07:34:58,"[257.0, 62]","[255.87, 91]","[258.0, 80]","[259.0, 64]",257.5,297,1.0,0.03
07:34:59,"[256.43, 35]","[255.7, 33]","[257.98, 48]","[262.56, 45]",257.2,161,1.55,-0.16
07:35:00,"[256.0, 24]","[254.0, 6]","[257.0, 6]","[258.0, 6]",256.5,42,1.0,0.43
07:35:01,"[256.0, 47]","[254.0, 14]","[257.09, 32]","[263.19, 26]",256.55,119,1.09,0.03
07:35:02,"[255.75, 24]","[251.52, 21]","[260.19, 47]","[267.16, 55]",257.97,147,4.44,-0.39
07:35:03,"[254.0, 7]","[252.0, 7]","[266.97, 31]","[268.57, 23]",260.48,68,12.97,-0.59
07:35:04,"[252.77, 31]","[249.63, 35]","[265.78, 23]","[267.62, 55]",259.28,144,13.01,-0.08
07:35:05,"[252.0, 15]","[247.03, 67]","[264.2, 15]","[266.0, 24]",258.1,121,12.2,0.36
07:35:06,"[257.3, 43]","[252.42, 26]","[264.0, 13]","[265.0, 13]",260.65,95,6.7,0.45
07:35:07,"[258.37, 49]","[257.21, 57]","[264.0, 20]","[265.0, 20]",261.18,146,5.63,0.45
07:35:08,"[260.0, 12]","[258.0, 48]","[263.08, 12]","[265.0, 12]",261.54,84,3.08,0.43
07:35:09,"[260.0, 13]","[258.0, 52]","[262.38, 13]","[265.0, 13]",261.19,91,2.38,0.43
07:35:10,"[259.06, 17]","[257.82, 44]","[262.36, 11]","[266.09, 11]",260.71,83,3.3,0.47
07:35:11,"[258.0, 40]","[257.0, 40]","[266.0, 10]","[267.0, 10]",262.0,100,8.0,0.6
07:35:12,"[258.0, 40]","[257.0, 40]","[266.0, 10]","[267.0, 10]",262.0,100,8.0,0.6
07:35:13,"[258.0, 46]","[257.0, 60]","[265.07, 29]","[266.6, 15]",261.53,150,7.07,0.41
07:35:14,"[257.87, 23]","[256.82, 49]","[262.21, 19]","[264.09, 33]",260.04,124,4.34,0.16
07:35:15,"[257.27, 15]","[256.11, 37]","[259.05, 41]","[260.75, 16]",258.16,109,1.78,-0.05
07:35:16,"[257.0, 12]","[256.0, 36]","[258.0, 12]","[259.0, 24]",257.5,84,1.0,0.14
07:35:17,"[257.0, 7]","[256.0, 21]","[258.0, 7]","[259.0, 14]",257.5,49,1.0,0.14
07:35:18,"[254.32, 19]","[247.86, 21]","[259.0, 12]","[262.0, 30]",256.66,82,4.68,-0.02
07:35:19,"[247.74, 35]","[226.74, 23]","[261.6, 40]","[262.38, 29]",254.67,127,13.86,-0.09
07:35:20,"[245.0, 12]","[217.0, 60]","[259.68, 38]","[260.7, 63]",252.34,173,14.68,-0.17
07:35:21,"[246.44, 144]","[234.75, 16]","[256.8, 15]","[259.5, 36]",251.62,211,10.36,0.52
07:35:22,"[248.12, 104]","[241.0, 8]","[258.08, 26]","[261.57, 28]",253.1,166,9.95,0.35
07:35:23,"[249.5, 78]","[241.0, 6]","[259.0, 20]","[261.83, 24]",254.25,128,9.5,0.31
07:35:24,"[251.73, 143]","[241.0, 11]","[257.48, 23]","[259.46, 26]",254.6,203,5.75,0.52
07:35:25,"[252.31, 169]","[238.92, 13]","[254.11, 37]","[255.64, 28]",253.21,247,1.8,0.47
07:35:26,"[253.5, 156]","[238.0, 12]","[257.0, 36]","[258.7, 23]",255.25,227,3.5,0.48
07:35:27,"[254.62, 104]","[238.75, 8]","[258.0, 24]","[260.0, 24]",256.31,160,3.38,0.4
07:35:28,"[256.35, 103]","[239.62, 13]","[258.0, 33]","[260.0, 33]",257.17,182,1.65,0.27
07:35:29,"[257.21, 57]","[253.22, 23]","[260.0, 21]","[261.0, 14]",258.61,115,2.79,0.39
07:35:30,"[258.0, 18]","[257.0, 27]","[260.0, 7]","[261.0, 6]",259.0,58,2.0,0.55
07:35:31,"[258.2, 60]","[257.0, 90]","[260.0, 20]","[261.0, 20]",259.1,190,1.8,0.58
07:35:32,"[259.0, 48]","[257.0, 72]","[260.0, 16]","[261.0, 16]",259.5,152,1.0,0.58
07:35:33,"[259.0, 36]","[257.0, 54]","[260.5, 12]","[263.0, 18]",259.75,120,1.5,0.5
07:35:34,"[259.0, 63]","[257.0, 108]","[262.22, 27]","[263.83, 36]",260.61,234,3.22,0.46
07:35:35,"[259.0, 25]","[257.0, 45]","[264.22, 18]","[267.67, 12]",261.61,100,5.22,0.4
07:35:36,"[259.0, 60]","[253.56, 32]","[265.29, 42]","[269.5, 36]",262.14,170,6.29,0.08
07:35:37,"[259.0, 35]","[257.0, 21]","[265.12, 32]","[268.25, 16]",262.06,104,6.12,0.08
07:35:38,"[257.71, 56]","[256.25, 32]","[270.85, 26]","[426.59, 37]",264.28,151,13.13,0.17
07:35:39,"[257.0, 27]","[254.0, 6]","[272.0, 12]","[488.33, 15]",264.5,60,15.0,0.1
07:35:40,"[257.0, 54]","[246.0, 138]","[269.6, 30]","[318.15, 39]",263.3,261,12.6,0.47
07:35:41,"[249.5, 112]","[246.4, 94]","[268.0, 33]","[270.91, 44]",258.75,283,18.5,0.46
07:35:42,"[258.54, 52]","[254.06, 68]","[262.7, 37]","[268.73, 33]",260.62,190,4.16,0.26
07:35:43,"[259.0, 63]","[257.0, 54]","[261.0, 36]","[268.0, 27]",260.0,180,2.0,0.3
07:35:44,"[259.76, 59]","[258.68, 75]","[261.0, 38]","[268.0, 33]",260.38,205,1.24,0.31
07:35:45,"[260.0, 45]","[259.0, 63]","[261.0, 18]","[268.0, 27]",260.5,153,1.0,0.41
07:35:46,"[260.0, 21]","[259.0, 42]","[261.0, 12]","[268.0, 18]",260.5,93,1.0,0.35
07:35:47,"[260.0, 10]","[259.0, 35]","[261.0, 10]","[268.0, 15]",260.5,70,1.0,0.29
07:35:48,"[260.0, 16]","[259.0, 56]","[261.0, 16]","[262.75, 24]",260.5,112,1.0,0.29
07:35:49,"[260.0, 18]","[259.0, 63]","[261.92, 26]","[267.33, 27]",260.96,134,1.92,0.21
07:35:50,"[260.5, 16]","[259.3, 40]","[262.0, 30]","[268.0, 30]",261.25,116,1.5,-0.03
07:35:51,"[261.0, 7]","[260.0, 14]","[267.14, 21]","[269.71, 21]",264.07,63,6.14,-0.33
07:35:52,"[261.0, 9]","[260.0, 18]","[268.0, 27]","[270.0, 27]",264.5,81,7.0,-0.33
07:35:53,"[261.17, 36]","[258.79, 57]","[268.0, 36]","[270.0, 36]",264.58,165,6.83,0.13
07:35:54,"[261.35, 46]","[258.66, 95]","[268.0, 39]","[270.0, 39]",264.67,219,6.65,0.29
07:35:55,"[259.0, 70]","[258.0, 80]","[268.0, 30]","[270.0, 30]",263.5,210,9.0,0.43
07:35:56,"[259.0, 70]","[258.0, 80]","[268.0, 30]","[270.0, 30]",263.5,210,9.0,0.43
07:35:57,"[259.0, 70]","[258.0, 80]","[267.69, 26]","[269.2, 30]",263.35,206,8.69,0.46
07:35:58,"[259.0, 126]","[258.0, 144]","[265.68, 65]","[267.51, 57]",262.34,392,6.68,0.38
07:35:59,"[259.0, 66]","[258.0, 96]","[261.45, 38]","[263.98, 43]",260.22,243,2.45,0.33
07:36:00,"[259.0, 52]","[258.0, 104]","[260.0, 65]","[262.54, 26]",259.5,247,1.0,0.26
07:36:01,"[258.1, 87]","[257.42, 57]","[260.22, 45]","[261.8, 30]",259.16,219,2.12,0.32
07:36:02,"[258.0, 64]","[257.0, 54]","[259.13, 47]","[262.0, 28]",258.56,193,1.13,0.22
07:36:03,"[258.0, 27]","[257.0, 45]","[261.0, 27]","[263.2, 20]",259.5,119,3.0,0.21
07:36:04,"[258.0, 30]","[257.0, 36]","[261.0, 30]","[264.0, 40]",259.5,136,3.0,-0.03
07:36:05,"[258.0, 19]","[257.0, 39]","[260.54, 28]","[262.36, 44]",259.27,130,2.54,-0.11
07:36:06,"[258.0, 15]","[257.0, 45]","[259.27, 15]","[261.29, 42]",258.63,117,1.27,0.03
07:36:07,"[258.0, 15]","[257.0, 45]","[259.0, 15]","[263.0, 30]",258.5,105,1.0,0.14
07:36:08,"[258.0, 26]","[254.33, 18]","[262.56, 18]","[266.2, 20]",260.28,82,4.56,0.07
07:36:09,"[261.0, 30]","[257.0, 30]","[263.0, 20]","[267.0, 20]",262.0,100,2.0,0.2
07:36:10,"[261.0, 53]","[257.0, 33]","[266.27, 22]","[270.48, 31]",263.64,139,5.27,0.24
07:36:11,"[261.0, 84]","[257.0, 36]","[268.72, 36]","[271.57, 49]",264.86,205,7.72,0.17
07:36:12,"[261.0, 63]","[257.09, 23]","[264.22, 36]","[266.0, 18]",262.61,140,3.22,0.23
07:36:13,"[261.0, 49]","[258.0, 7]","[263.0, 28]","[266.0, 14]",262.0,98,2.0,0.14
07:36:14,"[261.0, 89]","[258.0, 15]","[263.5, 48]","[266.35, 43]",262.25,195,2.5,0.07
07:36:15,"[261.0, 28]","[258.0, 10]","[267.84, 25]","[269.39, 23]",264.42,86,6.84,-0.12
07:36:16,"[261.0, 11]","[258.0, 11]","[271.0, 22]","[272.0, 88]",266.0,132,10.0,-0.67
07:36:17,"[261.0, 9]","[258.0, 9]","[271.0, 18]","[272.0, 60]",266.0,96,10.0,-0.62
07:36:18,"[258.24, 29]","[253.26, 19]","[271.0, 28]","[272.0, 94]",264.62,170,12.76,-0.44
07:36:19,"[258.08, 24]","[256.72, 36]","[270.0, 28]","[271.48, 66]",264.04,154,11.92,-0.22
07:36:20,"[258.84, 38]","[257.68, 47]","[268.02, 59]","[269.59, 78]",263.43,222,9.17,-0.23
07:36:21,"[258.0, 27]","[257.0, 85]","[261.14, 63]","[262.29, 56]",259.57,231,3.14,-0.03
07:36:22,"[257.04, 46]","[253.86, 21]","[259.02, 49]","[260.09, 44]",258.03,160,1.98,-0.16
07:36:23,"[253.11, 106]","[250.61, 18]","[258.2, 80]","[260.45, 66]",255.66,270,5.09,-0.08
07:36:24,"[252.56, 144]","[249.83, 18]","[257.22, 90]","[262.79, 61]",254.89,313,4.67,0.04
07:36:25,"[252.9, 84]","[245.8, 50]","[260.66, 96]","[263.55, 98]",256.78,328,7.75,-0.18
07:36:26,"[263.4, 50]","[253.19, 16]","[266.0, 80]","[269.0, 20]",264.7,166,2.6,-0.2
07:36:27,"[264.0, 63]","[261.0, 36]","[266.0, 87]","[269.0, 24]",265.0,210,2.0,-0.06
07:36:28,"[264.0, 30]","[261.0, 30]","[265.25, 32]","[267.2, 20]",264.62,112,1.25,0.07
07:36:29,"[261.0, 16]","[259.0, 56]","[265.0, 32]","[267.5, 16]",263.0,120,4.0,0.2
07:36:30,"[261.0, 14]","[257.0, 78]","[265.0, 52]","[268.0, 26]",263.0,170,4.0,0.08
07:36:31,"[261.0, 8]","[257.67, 36]","[265.0, 32]","[268.75, 16]",263.0,92,4.0,-0.04
07:36:32,"[261.0, 22]","[259.0, 18]","[265.0, 24]","[270.0, 12]",263.0,76,4.0,0.05
07:36:33,"[261.0, 70]","[259.0, 42]","[265.0, 56]","[267.09, 67]",263.0,235,4.0,-0.05
07:36:34,"[261.0, 45]","[259.0, 27]","[265.0, 36]","[267.0, 45]",263.0,153,4.0,-0.06
07:36:35,"[260.38, 58]","[257.8, 60]","[265.0, 56]","[267.0, 74]",262.69,248,4.62,-0.05
07:36:36,"[259.0, 24]","[257.0, 48]","[263.75, 32]","[265.3, 33]",261.38,137,4.75,0.05
07:36:37,"[259.0, 23]","[257.0, 78]","[262.46, 52]","[265.0, 52]",260.73,205,3.46,-0.01
07:36:38,"[257.09, 44]","[256.26, 47]","[264.76, 34]","[268.02, 43]",260.93,168,7.67,0.08
07:36:39,"[257.0, 54]","[256.0, 45]","[266.0, 27]","[267.0, 45]",261.5,171,9.0,0.16
07:36:40,"[259.0, 70]","[256.55, 77]","[264.98, 52]","[267.57, 70]",261.99,269,5.98,0.09
07:36:41,"[257.02, 52]","[256.13, 52]","[263.1, 40]","[265.8, 50]",260.06,194,6.08,0.07
07:36:42,"[257.06, 69]","[256.13, 75]","[260.87, 45]","[265.4, 75]",258.96,264,3.81,0.09
07:36:43,"[257.17, 48]","[256.33, 60]","[259.0, 20]","[270.5, 36]",258.08,164,1.83,0.32
07:36:44,"[257.0, 60]","[256.0, 60]","[262.75, 12]","[269.77, 30]",259.88,162,5.75,0.48
07:36:45,"[257.0, 34]","[256.0, 50]","[267.44, 18]","[268.94, 34]",262.22,136,10.44,0.24
07:36:46,"[257.88, 25]","[256.42, 26]","[266.29, 70]","[268.0, 34]",262.08,155,8.41,-0.34
07:36:47,"[257.33, 24]","[256.18, 22]","[265.6, 50]","[268.37, 41]",261.47,137,8.27,-0.33
07:36:48,"[257.0, 31]","[256.0, 30]","[264.74, 46]","[269.67, 45]",260.87,152,7.74,-0.2
07:36:49,"[257.0, 22]","[256.0, 27]","[262.55, 33]","[264.54, 39]",259.77,121,5.55,-0.19
07:36:50,"[257.0, 28]","[256.0, 42]","[261.64, 70]","[263.15, 41]",259.32,181,4.64,-0.23
07:36:51,"[257.0, 24]","[256.0, 36]","[260.84, 38]","[266.5, 24]",258.92,122,3.84,-0.02
07:36:52,"[256.9, 29]","[255.82, 40]","[259.35, 43]","[267.36, 44]",258.12,156,2.45,-0.12
07:36:53,"[250.62, 13]","[247.9, 31]","[262.5, 20]","[264.46, 35]",256.56,99,11.88,-0.11
07:36:54,"[249.0, 15]","[248.0, 78]","[255.0, 15]","[263.0, 60]",252.0,168,6.0,0.11
07:36:55,"[250.97, 66]","[249.83, 29]","[252.8, 60]","[254.75, 56]",251.88,211,1.83,-0.1
07:36:56,"[250.82, 44]","[248.0, 25]","[252.17, 59]","[253.06, 72]",251.49,200,1.35,-0.31
07:36:57,"[248.0, 13]","[247.0, 72]","[260.7, 43]","[260.64, 56]",254.35,184,12.7,-0.08
07:36:58,"[248.0, 7]","[247.0, 28]","[259.0, 21]","[262.14, 28]",253.5,84,11.0,-0.17
07:36:59,"[248.82, 22]","[247.15, 33]","[261.59, 39]","[263.98, 45]",255.2,139,12.77,-0.21
07:37:00,"[250.0, 21]","[247.5, 12]","[262.0, 28]","[263.0, 28]",256.0,89,12.0,-0.26
07:37:01,"[251.37, 19]","[247.0, 35]","[262.33, 24]","[290.27, 22]",256.85,100,10.96,0.08
07:37:02,"[253.0, 28]","[251.07, 28]","[263.0, 52]","[345.89, 27]",258.0,135,10.0,-0.17
07:37:03,"[252.4, 20]","[250.93, 30]","[263.0, 36]","[349.0, 9]",257.7,95,10.6,0.05
07:37:04,"[254.54, 41]","[249.0, 15]","[263.0, 72]","[451.0, 21]",258.77,149,8.46,-0.25
07:37:05,"[250.0, 39]","[244.0, 21]","[254.75, 32]","[286.83, 35]",252.38,127,4.75,-0.06
07:37:06,"[253.89, 47]","[249.79, 73]","[258.0, 48]","[261.8, 60]",255.95,228,4.11,0.05
07:37:07,"[259.0, 32]","[251.0, 24]","[260.0, 32]","[263.0, 32]",259.5,120,1.0,-0.07
07:37:08,"[259.0, 108]","[244.0, 29]","[260.0, 9]","[263.0, 36]",259.5,182,1.0,0.51
07:37:09,"[259.0, 132]","[244.0, 33]","[260.0, 11]","[263.0, 44]",259.5,220,1.0,0.5
07:37:10,"[259.0, 144]","[244.74, 35]","[260.0, 12]","[264.5, 48]",259.5,239,1.0,0.5
07:37:11,"[259.0, 24]","[257.0, 4]","[260.0, 2]","[265.0, 8]",259.5,38,1.0,0.47
07:37:12,"[259.0, 84]","[257.0, 14]","[260.0, 7]","[265.0, 28]",259.5,133,1.0,0.47
07:37:13,"[259.0, 108]","[257.0, 21]","[260.0, 9]","[329.88, 16]",259.5,154,1.0,0.68
07:37:14,"[259.0, 52]","[257.0, 18]","[260.0, 6]","[265.0, 18]",259.5,94,1.0,0.49
07:37:15,"[257.46, 13]","[246.17, 18]","[260.0, 6]","[265.0, 18]",258.73,55,2.54,0.13
07:37:16,"[257.0, 10]","[244.0, 15]","[263.33, 9]","[286.18, 17]",260.17,51,6.33,-0.02
07:37:17,"[257.0, 10]","[247.0, 56]","[263.83, 18]","[296.03, 29]",260.42,113,6.83,0.17
07:37:18,"[246.35, 17]","[243.43, 21]","[266.0, 18]","[310.0, 24]",256.18,80,19.65,-0.05
07:37:19,"[246.0, 48]","[244.0, 27]","[262.0, 24]","[295.71, 34]",254.0,133,16.0,0.13
07:37:20,"[257.79, 114]","[253.28, 96]","[264.53, 51]","[310.0, 68]",261.16,329,6.74,0.28
07:37:21,"[262.0, 80]","[257.0, 84]","[263.5, 36]","[310.73, 37]",262.75,237,1.5,0.38
07:37:22,"[258.92, 39]","[253.75, 59]","[263.0, 27]","[266.78, 27]",260.96,152,4.08,0.29
07:37:23,"[257.0, 72]","[249.45, 55]","[262.1, 50]","[265.5, 36]",259.55,213,5.1,0.19
07:37:24,"[257.0, 48]","[256.0, 8]","[259.88, 40]","[263.0, 24]",258.44,120,2.88,-0.07
07:37:25,"[257.29, 68]","[256.75, 32]","[260.5, 48]","[267.0, 36]",258.9,184,3.21,0.09
07:37:26,"[257.0, 72]","[256.0, 12]","[263.58, 36]","[271.0, 36]",260.29,156,6.58,0.08
07:37:27,"[257.0, 28]","[256.0, 5]","[264.0, 15]","[271.0, 15]",260.5,63,7.0,0.05
07:37:28,"[253.9, 58]","[250.38, 24]","[263.52, 31]","[269.44, 27]",258.71,140,9.62,0.17
07:37:29,"[257.0, 148]","[250.45, 120]","[262.0, 100]","[264.7, 60]",259.5,428,5.0,0.25
07:37:30,"[257.0, 34]","[250.0, 42]","[262.0, 35]","[265.0, 21]",259.5,132,5.0,0.15
07:37:31,"[257.75, 12]","[254.0, 28]","[260.8, 50]","[265.0, 30]",259.27,120,3.05,-0.33
07:37:32,"[250.44, 43]","[246.17, 58]","[258.97, 67]","[260.22, 49]",254.71,217,8.53,-0.07
07:37:33,"[245.33, 81]","[244.56, 27]","[252.3, 20]","[257.6, 30]",248.82,158,6.97,0.37
07:37:34,"[246.0, 99]","[245.0, 66]","[253.38, 55]","[253.89, 35]",249.69,255,7.38,0.29
07:37:35,"[248.84, 61]","[246.71, 72]","[252.0, 24]","[253.0, 108]",250.42,265,3.16,0.0
07:37:36,"[250.0, 99]","[248.09, 55]","[251.1, 40]","[252.5, 36]",250.55,230,1.1,0.34
07:37:37,"[247.0, 45]","[244.0, 18]","[252.0, 18]","[253.0, 81]",249.5,162,5.0,-0.22
07:37:38,"[248.15, 65]","[245.8, 50]","[252.0, 26]","[253.0, 117]",250.08,258,3.85,-0.11
07:37:39,"[249.5, 50]","[244.47, 38]","[252.68, 40]","[253.14, 66]",251.09,194,3.18,-0.09
07:37:40,"[250.17, 30]","[245.0, 18]","[253.0, 48]","[256.0, 6]",251.58,102,2.83,-0.06
07:37:41,"[251.69, 16]","[248.5, 60]","[253.09, 68]","[257.93, 28]",252.39,172,1.4,-0.12
07:37:42,"[252.5, 10]","[242.0, 10]","[256.0, 10]","[259.0, 90]",254.25,120,3.5,-0.67
07:37:43,"[254.16, 19]","[244.0, 13]","[258.81, 77]","[259.45, 53]",256.48,162,4.65,-0.6
07:37:44,"[256.69, 13]","[255.2, 15]","[259.0, 63]","[262.0, 7]",257.85,98,2.31,-0.43
07:37:45,"[253.06, 17]","[244.33, 36]","[258.9, 83]","[260.0, 27]",255.98,163,5.84,-0.35
07:37:46,"[245.47, 15]","[244.0, 90]","[257.9, 63]","[259.09, 54]",251.69,222,12.44,-0.05
07:37:47,"[244.01, 67]","[241.3, 61]","[256.54, 26]","[258.92, 48]",250.28,202,12.52,0.27
07:37:48,"[242.8, 90]","[241.0, 75]","[254.37, 54]","[257.08, 51]",248.59,270,11.57,0.22
07:37:49,"[243.6, 70]","[241.52, 93]","[252.38, 89]","[253.15, 78]",247.99,330,8.78,-0.01
07:37:50,"[244.88, 48]","[241.68, 79]","[252.57, 70]","[254.55, 75]",248.72,272,7.7,-0.07
07:37:51,"[243.88, 34]","[241.67, 45]","[253.0, 40]","[255.0, 48]",248.44,167,9.12,-0.05
07:37:52,"[244.44, 59]","[241.62, 66]","[252.71, 56]","[254.41, 68]",248.58,249,8.27,0.0
07:37:53,"[245.0, 35]","[241.29, 42]","[251.39, 33]","[252.83, 29]",248.2,139,6.39,0.11
07:37:54,"[243.21, 78]","[241.87, 92]","[251.87, 30]","[253.42, 26]",247.54,226,8.66,0.5
07:37:55,"[243.0, 11]","[242.0, 109]","[252.0, 22]","[253.0, 11]",247.5,153,9.0,0.57
07:37:56,"[244.69, 13]","[242.0, 65]","[252.37, 19]","[253.7, 20]",248.53,117,7.68,0.33
07:37:57,"[245.38, 13]","[242.0, 65]","[252.1, 40]","[253.47, 17]",248.74,135,6.72,0.16
07:37:58,"[246.57, 14]","[242.0, 70]","[252.0, 56]","[253.0, 14]",249.29,154,5.43,0.09
07:37:59,"[249.89, 9]","[242.64, 33]","[252.0, 36]","[253.0, 9]",250.94,87,2.11,-0.03
07:38:00,"[251.17, 12]","[242.64, 44]","[252.43, 21]","[253.94, 48]",251.8,125,1.26,-0.1
07:38:01,"[241.19, 77]","[240.06, 109]","[253.0, 60]","[254.0, 75]",247.1,321,11.81,0.16
07:38:02,"[241.0, 48]","[239.11, 108]","[251.0, 12]","[252.95, 58]",246.0,226,10.0,0.38
07:38:03,"[242.73, 22]","[241.87, 60]","[250.0, 64]","[251.0, 16]",246.36,162,7.27,0.01
07:38:04,"[245.3, 27]","[242.19, 47]","[250.0, 56]","[251.0, 14]",247.65,144,4.7,0.03
07:38:05,"[243.48, 109]","[242.51, 170]","[251.54, 74]","[253.08, 71]",247.51,424,8.06,0.32
07:38:06,"[240.21, 95]","[239.08, 148]","[252.3, 43]","[253.11, 125]",246.26,411,12.09,0.18
07:38:07,"[244.0, 11]","[241.0, 110]","[252.0, 33]","[253.0, 112]",248.0,266,8.0,-0.09
07:38:08,"[244.9, 71]","[241.02, 141]","[252.0, 45]","[253.0, 105]",248.45,362,7.1,0.17
07:38:09,"[245.71, 112]","[239.41, 292]","[252.0, 97]","[253.0, 72]",248.86,573,6.29,0.41
07:38:10,"[247.43, 112]","[239.0, 406]","[252.0, 112]","[253.0, 112]",249.71,742,4.57,0.4
07:38:11,"[250.82, 185]","[248.83, 47]","[252.14, 112]","[253.34, 116]",251.48,460,1.33,0.01
07:38:12,"[251.26, 57]","[250.58, 137]","[253.0, 96]","[255.0, 120]",252.13,410,1.74,-0.05
07:38:13,"[251.0, 42]","[242.0, 15]","[253.0, 24]","[255.0, 30]",252.0,111,2.0,0.03
07:38:14,"[249.25, 96]","[242.7, 54]","[253.71, 70]","[256.81, 103]",251.48,323,4.46,-0.07
07:38:15,"[247.71, 84]","[246.0, 14]","[255.0, 70]","[379.36, 14]",251.36,182,7.29,0.08
07:38:16,"[248.27, 66]","[241.41, 170]","[253.69, 29]","[260.63, 51]",250.98,316,5.42,0.49
07:38:17,"[249.64, 66]","[241.13, 123]","[253.0, 64]","[255.0, 55]",251.32,308,3.36,0.23
07:38:18,"[250.0, 66]","[244.89, 76]","[251.73, 55]","[253.73, 55]",250.86,252,1.73,0.13
07:38:19,"[250.55, 38]","[243.51, 69]","[252.15, 47]","[254.38, 65]",251.35,219,1.6,-0.02
07:38:20,"[251.5, 20]","[244.35, 68]","[254.54, 52]","[256.14, 28]",253.02,168,3.04,0.05
07:38:21,"[243.3, 125]","[242.52, 116]","[255.0, 80]","[259.0, 16]",249.15,337,11.7,0.43
07:38:22,"[242.0, 144]","[239.72, 25]","[255.0, 44]","[259.0, 9]",248.5,222,13.0,0.52
07:38:23,"[242.0, 176]","[241.0, 11]","[252.83, 46]","[257.12, 17]",247.41,250,10.83,0.5
07:38:24,"[242.0, 80]","[241.0, 5]","[245.0, 25]","[255.0, 20]",243.5,130,3.0,0.31
07:38:25,"[242.09, 70]","[241.93, 60]","[245.0, 50]","[255.0, 40]",243.54,220,2.91,0.18
07:38:26,"[243.0, 10]","[241.3, 80]","[245.0, 50]","[255.0, 40]",244.0,180,2.0,0.0
07:38:27,"[241.71, 48]","[240.85, 130]","[248.28, 61]","[255.26, 57]",244.99,296,6.57,0.2
07:38:28,"[242.2, 30]","[240.97, 122]","[255.0, 40]","[258.0, 10]",248.6,202,12.8,0.5
07:38:29,"[243.5, 54]","[241.46, 328]","[254.76, 58]","[257.84, 45]",249.13,485,11.26,0.58
07:38:30,"[245.0, 15]","[242.41, 59]","[254.64, 25]","[274.6, 20]",249.82,119,9.64,0.24
07:38:31,"[246.11, 27]","[245.0, 9]","[254.0, 25]","[255.0, 23]",250.06,84,7.89,-0.14
07:38:32,"[247.0, 27]","[242.54, 39]","[253.0, 18]","[255.0, 15]",250.0,99,6.0,0.33
07:38:33,"[247.3, 30]","[241.67, 24]","[253.0, 20]","[255.0, 10]",250.15,84,5.7,0.29
07:38:34,"[249.67, 36]","[243.0, 12]","[253.0, 24]","[255.0, 12]",251.33,84,3.33,0.14
07:38:35,"[251.0, 42]","[243.0, 14]","[253.67, 21]","[256.0, 14]",252.33,91,2.67,0.23
07:38:36,"[248.1, 20]","[240.09, 132]","[254.25, 16]","[283.27, 30]",251.18,198,6.15,0.54
07:38:37,"[241.0, 5]","[240.0, 80]","[247.0, 10]","[255.0, 25]",244.0,120,6.0,0.42
07:38:38,"[241.63, 19]","[240.07, 121]","[247.0, 26]","[254.23, 62]",244.32,228,5.37,0.23
07:38:39,"[242.81, 43]","[241.78, 18]","[249.0, 24]","[260.1, 40]",245.91,125,6.19,-0.02
07:38:40,"[245.37, 46]","[244.67, 73]","[254.35, 31]","[282.68, 44]",249.86,194,8.99,0.23
07:38:41,"[248.0, 34]","[245.0, 85]","[253.0, 69]","[259.17, 36]",250.5,224,5.0,0.06
07:38:42,"[248.83, 35]","[246.43, 35]","[253.0, 50]","[260.0, 20]",250.91,140,4.17,0.0
07:38:43,"[251.09, 33]","[248.61, 51]","[253.67, 39]","[274.62, 26]",252.38,149,2.58,0.13
07:38:44,"[249.1, 20]","[245.36, 56]","[257.1, 42]","[260.07, 30]",253.1,148,8.0,0.03
07:38:45,"[247.0, 12]","[243.0, 24]","[255.0, 60]","[259.0, 24]",251.0,120,8.0,-0.4
07:38:46,"[247.0, 10]","[243.93, 41]","[255.0, 50]","[259.0, 20]",251.0,121,8.0,-0.16
07:38:47,"[247.36, 11]","[244.0, 64]","[254.48, 31]","[255.52, 46]",250.92,152,7.12,-0.01
07:38:48,"[248.15, 13]","[244.0, 65]","[251.86, 28]","[253.6, 53]",250.01,159,3.7,-0.02
07:38:49,"[244.17, 46]","[240.51, 82]","[249.29, 34]","[252.4, 30]",246.73,192,5.12,0.33
07:38:50,"[243.0, 35]","[239.0, 168]","[249.0, 24]","[250.0, 6]",246.0,233,6.0,0.74
07:38:51,"[243.0, 99]","[239.0, 148]","[248.82, 44]","[250.0, 11]",245.91,302,5.82,0.64
07:38:52,"[243.0, 108]","[239.0, 192]","[247.0, 36]","[248.29, 24]",245.0,360,4.0,0.67
07:38:53,"[243.0, 72]","[239.0, 128]","[245.0, 23]","[247.0, 8]",244.0,231,2.0,0.73
07:38:54,"[243.0, 72]","[239.0, 128]","[252.43, 21]","[254.27, 22]",247.71,243,9.43,0.65
07:38:55,"[243.13, 62]","[239.63, 114]","[255.0, 24]","[257.0, 16]",249.06,216,11.87,0.63
07:38:56,"[244.75, 48]","[243.0, 72]","[255.0, 71]","[257.0, 24]",249.88,215,10.25,0.12
07:38:57,"[247.24, 89]","[243.72, 67]","[255.0, 62]","[257.0, 32]",251.12,250,7.76,0.25
07:38:58,"[248.67, 135]","[247.0, 36]","[255.0, 27]","[257.0, 54]",251.83,252,6.33,0.36
07:38:59,"[250.02, 92]","[249.65, 136]","[255.47, 36]","[257.04, 48]",252.75,312,5.45,0.46
07:39:00,"[252.38, 185]","[250.37, 119]","[256.0, 16]","[257.0, 77]",254.19,397,3.62,0.53
07:39:01,"[254.16, 135]","[252.59, 68]","[256.0, 11]","[257.0, 55]",255.08,269,1.84,0.51
07:39:02,"[255.05, 111]","[252.67, 108]","[256.82, 49]","[275.35, 85]",255.93,353,1.77,0.24
07:39:03,"[251.83, 119]","[246.31, 87]","[277.14, 70]","[316.0, 70]",264.49,346,25.31,0.19
07:39:04,"[252.0, 77]","[251.0, 28]","[272.0, 35]","[437.0, 35]",262.0,175,20.0,0.2
07:39:05,"[254.48, 54]","[252.75, 126]","[271.05, 59]","[307.36, 70]",262.77,309,16.57,0.17
07:39:06,"[261.0, 11]","[253.0, 121]","[269.73, 44]","[272.0, 55]",265.36,231,8.73,0.14
07:39:07,"[261.0, 11]","[257.45, 121]","[267.73, 44]","[290.82, 55]",264.36,231,6.73,0.14
07:39:08,"[260.01, 121]","[251.48, 107]","[266.77, 52]","[323.92, 65]",263.39,345,6.76,0.32
07:39:09,"[260.0, 72]","[256.0, 8]","[266.0, 32]","[329.0, 40]",263.0,152,6.0,0.05
07:39:10,"[260.0, 126]","[256.0, 49]","[265.0, 56]","[368.74, 38]",262.5,269,5.0,0.3
07:39:11,"[260.0, 38]","[256.0, 56]","[265.0, 28]","[568.0, 7]",262.5,129,5.0,0.46
07:39:12,"[260.0, 48]","[256.02, 82]","[265.0, 48]","[579.43, 56]",262.5,234,5.0,0.11
07:39:13,"[260.0, 29]","[257.0, 14]","[264.21, 56]","[415.86, 70]",262.11,169,4.21,-0.49
07:39:14,"[256.55, 65]","[250.39, 163]","[263.76, 37]","[268.44, 71]",260.16,336,7.2,0.36
07:39:15,"[256.0, 64]","[250.0, 176]","[261.65, 17]","[262.48, 23]",258.82,280,5.65,0.71
07:39:16,"[256.0, 50]","[250.0, 330]","[258.33, 18]","[261.33, 36]",257.17,434,2.33,0.75
07:39:17,"[256.0, 21]","[250.0, 154]","[257.0, 7]","[259.0, 7]",256.5,189,1.0,0.85
07:39:18,"[256.0, 13]","[250.0, 111]","[257.94, 18]","[290.79, 14]",256.97,156,1.94,0.59
07:39:19,"[250.11, 118]","[248.22, 45]","[256.45, 22]","[273.77, 30]",253.28,215,6.34,0.52
07:39:20,"[251.63, 19]","[248.75, 77]","[254.0, 57]","[287.16, 95]",252.82,248,2.37,-0.23
07:39:21,"[250.26, 19]","[247.09, 121]","[253.52, 69]","[339.3, 57]",251.89,266,3.26,0.05
07:39:22,"[251.44, 16]","[248.0, 16]","[255.5, 36]","[256.5, 44]",253.47,112,4.06,-0.43
07:39:23,"[252.0, 12]","[248.0, 12]","[254.22, 18]","[259.97, 29]",253.11,71,2.22,-0.32
07:39:24,"[252.55, 11]","[248.0, 11]","[266.0, 11]","[317.0, 11]",259.27,44,13.45,0.0
07:39:25,"[253.0, 9]","[248.0, 9]","[266.0, 9]","[317.0, 9]",259.5,36,13.0,0.0
07:39:26,"[249.36, 11]","[243.12, 91]","[264.64, 28]","[267.05, 22]",257.0,152,15.28,0.34
07:39:27,"[256.58, 85]","[245.8, 71]","[262.43, 21]","[263.87, 31]",259.5,208,5.85,0.5
07:39:28,"[259.65, 34]","[257.01, 122]","[262.05, 41]","[263.73, 22]",260.85,219,2.4,0.42
07:39:29,"[257.6, 30]","[256.9, 90]","[261.19, 21]","[264.45, 33]",259.4,174,3.59,0.38
07:39:30,"[257.0, 84]","[256.0, 42]","[261.4, 20]","[263.41, 34]",259.2,180,4.4,0.4
07:39:31,"[257.24, 21]","[256.4, 50]","[266.0, 60]","[270.0, 15]",261.62,146,8.76,-0.03
07:39:32,"[257.0, 9]","[256.0, 27]","[266.0, 36]","[270.0, 9]",261.5,81,9.0,-0.11
07:39:33,"[261.31, 26]","[256.06, 32]","[267.89, 53]","[384.31, 13]",264.6,124,6.58,-0.06
07:39:34,"[264.0, 96]","[257.0, 42]","[270.0, 60]","[506.5, 16]",267.0,214,6.0,0.29
07:39:35,"[264.0, 48]","[257.0, 36]","[270.0, 30]","[394.0, 6]",267.0,120,6.0,0.4
07:39:36,"[264.0, 75]","[257.0, 60]","[270.0, 50]","[394.0, 10]",267.0,195,6.0,0.38
07:39:37,"[260.5, 30]","[256.77, 39]","[270.0, 40]","[389.58, 12]",265.25,121,9.5,0.14
07:39:38,"[257.0, 50]","[256.0, 30]","[270.0, 50]","[363.28, 46]",263.5,176,13.0,-0.09
07:39:39,"[257.0, 50]","[256.0, 30]","[270.0, 50]","[441.57, 14]",263.5,144,13.0,0.11
07:39:40,"[257.0, 35]","[256.0, 21]","[270.0, 53]","[605.36, 33]",263.5,142,13.0,-0.21
07:39:41,"[257.08, 38]","[256.42, 36]","[269.17, 48]","[399.65, 46]",263.12,168,12.09,-0.12
07:39:42,"[258.0, 9]","[257.0, 45]","[264.5, 40]","[266.11, 36]",261.25,130,6.5,-0.17
07:39:43,"[258.0, 13]","[257.0, 65]","[263.31, 65]","[265.0, 52]",260.65,195,5.31,-0.2
07:39:44,"[257.08, 26]","[256.36, 28]","[262.62, 32]","[264.17, 48]",259.85,134,5.55,-0.19
07:39:45,"[257.0, 36]","[252.6, 47]","[260.83, 29]","[262.51, 43]",258.91,155,3.83,0.07
07:39:46,"[257.0, 28]","[251.0, 112]","[264.79, 58]","[266.83, 48]",260.9,246,7.79,0.14
07:39:47,"[259.15, 26]","[252.35, 62]","[262.38, 65]","[267.1, 62]",260.77,215,3.23,-0.18
07:39:48,"[261.0, 30]","[259.0, 75]","[262.58, 62]","[266.46, 59]",261.79,226,1.58,-0.07
07:39:49,"[261.0, 30]","[259.0, 75]","[265.0, 60]","[267.0, 15]",263.0,180,4.0,0.17
07:39:50,"[261.0, 34]","[259.0, 55]","[265.0, 44]","[267.0, 11]",263.0,144,4.0,0.24
07:39:51,"[261.0, 78]","[259.0, 65]","[265.0, 52]","[267.0, 13]",263.0,208,4.0,0.38
07:39:52,"[261.0, 72]","[259.0, 60]","[266.47, 15]","[270.83, 23]",263.73,170,5.47,0.55
07:39:53,"[261.0, 42]","[259.0, 35]","[267.0, 7]","[271.0, 14]",264.0,98,6.0,0.57
07:39:54,"[261.0, 60]","[259.0, 75]","[263.04, 46]","[265.88, 32]",262.02,213,2.04,0.27
07:39:55,"[259.0, 65]","[257.0, 39]","[261.77, 52]","[265.0, 26]",260.38,182,2.77,0.14
07:39:56,"[259.0, 55]","[257.0, 33]","[261.0, 44]","[265.0, 22]",260.0,154,2.0,0.14
07:39:57,"[259.0, 55]","[258.0, 44]","[261.0, 44]","[265.0, 22]",260.0,165,2.0,0.2
07:39:58,"[259.0, 18]","[258.0, 40]","[260.9, 40]","[265.0, 20]",259.95,118,1.9,-0.02
07:39:59,"[258.69, 13]","[257.92, 39]","[260.0, 85]","[265.3, 20]",259.35,157,1.31,-0.34
07:40:00,"[258.0, 52]","[257.0, 42]","[259.15, 61]","[266.7, 46]",258.57,201,1.15,-0.06
07:40:01,"[257.0, 29]","[256.0, 247]","[267.32, 25]","[270.27, 44]",262.16,345,10.32,0.6
07:40:02,"[256.04, 149]","[254.41, 83]","[265.2, 35]","[268.4, 35]",260.62,302,9.16,0.54
07:40:03,"[256.31, 154]","[254.7, 92]","[263.36, 14]","[266.29, 56]",259.83,316,7.05,0.56
07:40:04,"[256.0, 156]","[251.71, 21]","[261.4, 20]","[266.44, 36]",258.7,233,5.4,0.52
07:40:05,"[257.51, 106]","[255.91, 132]","[259.58, 12]","[261.0, 36]",258.55,286,2.07,0.66
07:40:06,"[256.82, 88]","[255.81, 108]","[258.75, 12]","[261.43, 28]",257.78,236,1.93,0.66
07:40:07,"[256.97, 86]","[250.44, 16]","[265.7, 46]","[266.61, 33]",261.33,181,8.73,0.13
07:40:08,"[258.0, 108]","[252.0, 12]","[266.25, 24]","[270.0, 12]",262.12,156,8.25,0.54
07:40:09,"[258.0, 72]","[252.0, 8]","[264.0, 16]","[268.5, 8]",261.0,104,6.0,0.54
07:40:10,"[258.0, 72]","[255.75, 8]","[264.0, 16]","[268.0, 8]",261.0,104,6.0,0.54
07:40:11,"[258.0, 45]","[257.0, 5]","[264.0, 10]","[268.0, 5]",261.0,65,6.0,0.54
07:40:12,"[258.35, 69]","[257.56, 16]","[264.0, 16]","[268.0, 8]",261.17,109,5.65,0.56
07:40:13,"[262.0, 60]","[258.0, 90]","[264.0, 20]","[485.9, 21]",263.0,191,2.0,0.57
07:40:14,"[262.0, 102]","[258.0, 90]","[264.0, 20]","[384.83, 46]",263.0,258,2.0,0.49
07:40:15,"[262.0, 68]","[258.11, 71]","[264.0, 22]","[268.88, 51]",263.0,212,2.0,0.31
07:40:16,"[262.0, 24]","[259.0, 16]","[264.0, 16]","[268.0, 24]",263.0,80,2.0,0.0
07:40:17,"[262.0, 24]","[259.0, 16]","[264.0, 16]","[268.92, 38]",263.0,94,2.0,-0.15
07:40:18,"[262.0, 18]","[259.0, 12]","[264.0, 12]","[269.0, 30]",263.0,72,2.0,-0.17
07:40:19,"[261.57, 21]","[258.24, 51]","[263.0, 32]","[266.08, 24]",262.29,128,1.43,0.12
07:40:20,"[259.0, 8]","[258.0, 104]","[262.0, 32]","[264.25, 16]",260.5,160,3.0,0.4
07:40:21,"[258.3, 37]","[257.99, 145]","[261.46, 52]","[267.11, 38]",259.88,272,3.16,0.34
07:40:22,"[258.3, 93]","[257.84, 31]","[260.0, 28]","[268.58, 19]",259.15,171,1.7,0.45
07:40:23,"[259.0, 260]","[258.0, 234]","[264.83, 30]","[266.42, 24]",261.92,548,5.83,0.8
07:40:24,"[259.3, 235]","[258.2, 178]","[262.17, 24]","[263.2, 30]",260.73,467,2.87,0.77
07:40:25,"[260.0, 76]","[259.0, 50]","[267.78, 18]","[270.56, 18]",263.89,162,7.78,0.56
07:40:26,"[260.0, 84]","[259.0, 60]","[268.67, 60]","[274.0, 12]",264.33,216,8.67,0.33
07:40:27,"[260.62, 91]","[259.66, 74]","[267.0, 60]","[273.08, 12]",263.81,237,6.38,0.39
07:40:28,"[261.0, 48]","[260.0, 42]","[267.0, 30]","[273.0, 6]",264.0,126,6.0,0.43
07:40:29,"[261.41, 37]","[259.94, 89]","[267.0, 65]","[272.38, 13]",264.2,204,5.59,0.24
07:40:30,"[264.4, 30]","[261.07, 45]","[267.0, 75]","[272.0, 15]",265.7,165,2.6,-0.09
07:40:31,"[264.67, 18]","[261.39, 23]","[266.68, 37]","[268.0, 25]",265.67,103,2.01,-0.2
07:40:32,"[260.46, 52]","[259.32, 130]","[268.9, 50]","[269.79, 34]",264.68,266,8.44,0.37
07:40:33,"[260.0, 71]","[259.0, 80]","[268.0, 16]","[269.0, 80]",264.0,247,8.0,0.22
07:40:34,"[258.37, 65]","[257.94, 85]","[268.0, 13]","[269.0, 65]",263.18,228,9.63,0.32
07:40:35,"[258.0, 62]","[257.0, 14]","[268.0, 14]","[269.0, 70]",263.0,160,10.0,-0.05
07:40:36,"[258.86, 74]","[257.98, 82]","[268.0, 18]","[269.78, 92]",263.43,266,9.14,0.17
07:40:37,"[259.33, 72]","[258.0, 90]","[265.97, 34]","[274.06, 68]",262.65,264,6.64,0.23
07:40:38,"[261.82, 44]","[258.0, 70]","[263.68, 22]","[264.35, 34]",262.75,170,1.86,0.34
07:40:39,"[262.0, 34]","[258.0, 85]","[263.0, 17]","[264.0, 51]",262.5,187,1.0,0.27
07:40:40,"[258.0, 65]","[257.0, 13]","[262.0, 27]","[263.0, 25]",260.0,130,4.0,0.2
07:40:41,"[258.0, 40]","[254.22, 23]","[259.92, 13]","[264.05, 21]",258.96,97,1.92,0.3
07:40:42,"[253.0, 36]","[251.0, 36]","[259.67, 12]","[271.0, 37]",256.33,121,6.67,0.19
07:40:43,"[253.32, 34]","[251.83, 46]","[259.0, 16]","[267.22, 74]",256.16,170,5.68,-0.06
07:40:44,"[256.0, 19]","[250.68, 31]","[258.93, 15]","[267.0, 80]",257.47,145,2.93,-0.31
07:40:45,"[260.12, 25]","[252.13, 23]","[265.13, 45]","[268.33, 18]",262.63,111,5.01,-0.14
07:40:46,"[263.5, 12]","[259.5, 12]","[266.36, 25]","[268.03, 39]",264.93,88,2.86,-0.45
07:40:47,"[265.0, 11]","[262.0, 11]","[266.91, 22]","[268.0, 44]",265.95,88,1.91,-0.5
07:40:48,"[265.0, 9]","[262.0, 9]","[266.0, 21]","[268.0, 36]",265.5,75,1.0,-0.52
07:40:49,"[263.5, 14]","[259.5, 14]","[266.0, 56]","[268.63, 38]",264.75,122,2.5,-0.54
07:40:50,"[253.43, 14]","[251.75, 8]","[269.71, 14]","[272.6, 10]",261.57,46,16.29,-0.04
07:40:51,"[252.0, 18]","[250.0, 9]","[268.0, 15]","[269.26, 23]",260.0,65,16.0,-0.17
07:40:52,"[252.58, 52]","[251.04, 23]","[262.66, 41]","[263.49, 39]",257.62,155,10.08,-0.03
07:40:53,"[253.92, 60]","[252.0, 40]","[255.75, 24]","[258.31, 39]",254.83,163,1.83,0.23
07:40:54,"[254.12, 40]","[252.0, 24]","[255.97, 34]","[260.67, 27]",255.05,125,1.85,0.02
07:40:55,"[252.29, 41]","[247.54, 39]","[258.0, 28]","[262.5, 40]",255.15,148,5.71,0.08
07:40:56,"[250.0, 14]","[246.41, 34]","[252.0, 42]","[254.0, 36]",251.0,126,2.0,-0.24
07:40:57,"[246.29, 31]","[228.36, 39]","[252.0, 66]","[254.0, 33]",249.15,169,5.71,-0.17
07:40:58,"[247.55, 11]","[246.02, 45]","[252.0, 66]","[254.0, 33]",249.77,155,4.45,-0.28
07:40:59,"[248.85, 33]","[245.83, 36]","[252.0, 58]","[254.0, 39]",250.42,166,3.15,-0.17
07:41:00,"[244.16, 25]","[242.7, 20]","[252.0, 16]","[254.0, 24]",248.08,85,7.84,0.06
07:41:01,"[244.82, 22]","[243.12, 51]","[251.18, 40]","[253.14, 42]",248.0,155,6.36,-0.06
07:41:02,"[247.0, 18]","[246.0, 18]","[249.8, 40]","[251.78, 36]",248.4,112,2.8,-0.36
07:41:03,"[247.0, 14]","[241.83, 42]","[248.13, 31]","[249.28, 50]",247.56,137,1.13,-0.18
07:41:04,"[241.67, 36]","[240.36, 25]","[247.63, 49]","[250.4, 30]",244.65,140,5.97,-0.13
07:41:05,"[241.0, 48]","[239.0, 12]","[246.0, 36]","[248.0, 57]",243.5,153,5.0,-0.22
07:41:06,"[241.0, 48]","[239.0, 12]","[246.0, 36]","[248.0, 84]",243.5,180,5.0,-0.33
07:41:07,"[241.0, 28]","[239.0, 7]","[246.0, 21]","[248.0, 49]",243.5,105,5.0,-0.33
07:41:08,"[242.8, 150]","[241.0, 18]","[246.0, 33]","[248.0, 105]",244.4,306,3.2,0.1
07:41:09,"[244.29, 28]","[243.93, 82]","[246.0, 20]","[248.0, 70]",245.14,200,1.71,0.1
07:41:10,"[244.5, 101]","[238.56, 45]","[251.33, 18]","[250.38, 53]",247.92,217,6.83,0.35
07:41:11,"[245.0, 130]","[237.39, 61]","[254.24, 83]","[256.41, 37]",249.62,311,9.24,0.23
07:41:12,"[245.09, 110]","[239.0, 22]","[259.0, 44]","[279.69, 29]",252.05,205,13.91,0.29
07:41:13,"[246.0, 90]","[239.33, 18]","[260.67, 36]","[279.81, 37]",253.33,181,14.67,0.19
07:41:14,"[251.9, 58]","[252.4, 50]","[326.45, 58]","[464.67, 43]",289.17,209,74.55,0.03
07:41:15,"[265.0, 20]","[262.0, 100]","[466.0, 40]","[672.0, 16]",365.5,176,201.0,0.36
07:41:16,"[265.0, 20]","[262.0, 100]","[436.72, 39]","[538.53, 30]",350.86,189,171.72,0.27
07:41:17,"[262.68, 62]","[258.68, 114]","[340.06, 35]","[469.74, 23]",301.37,234,77.38,0.5
07:41:18,"[262.0, 60]","[251.0, 75]","[294.0, 5]","[455.0, 20]",278.0,160,32.0,0.69
07:41:19,"[262.0, 82]","[251.0, 120]","[291.78, 9]","[350.0, 15]",276.89,226,29.78,0.79
07:41:20,"[262.0, 13]","[251.0, 45]","[294.0, 3]","[446.0, 6]",278.0,67,32.0,0.73
07:41:21,"[262.0, 29]","[257.27, 22]","[293.55, 11]","[412.22, 18]",277.77,80,31.55,0.28
07:41:22,"[258.57, 7]","[251.14, 14]","[291.0, 7]","[502.45, 11]",274.79,39,32.43,0.08
07:41:23,"[258.0, 8]","[250.0, 16]","[285.86, 14]","[452.56, 16]",271.93,54,27.86,-0.11
07:41:24,"[258.94, 32]","[255.71, 14]","[282.88, 24]","[284.38, 24]",270.91,94,23.94,-0.02
07:41:25,"[259.32, 25]","[251.44, 39]","[280.1, 29]","[281.8, 15]",269.71,108,20.78,0.19
07:41:26,"[255.24, 29]","[253.02, 47]","[269.62, 32]","[276.04, 23]",262.43,131,14.38,0.16
07:41:27,"[254.0, 54]","[253.0, 22]","[257.85, 20]","[258.73, 33]",255.93,129,3.85,0.18
07:41:28,"[254.0, 71]","[253.0, 30]","[256.8, 15]","[258.0, 36]",255.4,152,2.8,0.33
07:41:29,"[254.0, 23]","[253.0, 12]","[256.08, 12]","[258.0, 9]",255.04,56,2.08,0.25
07:41:30,"[256.94, 49]","[253.75, 8]","[261.0, 7]","[265.0, 21]",258.97,85,4.06,0.34
07:41:31,"[257.0, 96]","[254.0, 12]","[261.0, 12]","[265.0, 36]",259.0,156,4.0,0.38
07:41:32,"[257.0, 40]","[254.0, 5]","[261.0, 5]","[265.0, 15]",259.0,65,4.0,0.38
07:41:33,"[257.0, 47]","[254.0, 7]","[261.0, 7]","[265.0, 21]",259.0,82,4.0,0.32
07:41:34,"[257.64, 33]","[256.32, 19]","[261.0, 9]","[265.0, 27]",259.32,88,3.36,0.18
07:41:35,"[258.27, 44]","[257.37, 38]","[263.57, 14]","[424.0, 30]",260.92,126,5.3,0.3
07:41:36,"[264.0, 12]","[258.0, 84]","[265.0, 36]","[406.0, 32]",264.5,164,1.0,0.17
07:41:37,"[259.17, 23]","[257.89, 71]","[265.0, 33]","[325.0, 11]",262.09,138,5.83,0.36
07:41:38,"[261.0, 7]","[258.0, 49]","[265.0, 21]","[325.0, 7]",263.0,84,4.0,0.33
07:41:39,"[261.0, 14]","[258.0, 70]","[264.0, 30]","[265.0, 30]",262.5,144,3.0,0.17
07:41:40,"[261.0, 25]","[258.05, 74]","[263.5, 36]","[270.67, 36]",262.25,171,2.5,0.16
07:41:41,"[260.23, 13]","[258.19, 43]","[262.56, 27]","[273.0, 27]",261.39,110,2.32,0.02
07:41:42,"[258.33, 21]","[257.86, 57]","[260.52, 31]","[261.38, 32]",259.42,141,2.18,0.11
07:41:43,"[258.0, 58]","[257.0, 40]","[259.32, 25]","[260.67, 30]",258.66,153,1.32,0.28
07:41:44,"[256.98, 50]","[255.96, 27]","[258.29, 28]","[271.43, 42]",257.63,147,1.31,0.05
07:41:45,"[256.0, 13]","[247.13, 123]","[258.0, 26]","[271.0, 39]",257.0,201,2.0,0.35
07:41:46,"[256.0, 9]","[249.44, 43]","[257.33, 18]","[271.0, 27]",256.67,97,1.33,0.07
07:41:47,"[256.0, 9]","[252.0, 33]","[257.0, 18]","[271.0, 27]",256.5,87,1.0,-0.03
07:41:48,"[252.0, 48]","[247.0, 132]","[256.25, 24]","[271.0, 36]",254.12,240,4.25,0.5
07:41:49,"[253.64, 55]","[247.77, 130]","[266.77, 43]","[439.35, 65]",260.2,293,13.13,0.26
07:41:50,"[258.0, 39]","[252.0, 52]","[264.53, 17]","[265.31, 39]",261.26,147,6.53,0.24
07:41:51,"[258.0, 29]","[252.53, 38]","[264.91, 32]","[457.84, 38]",261.45,137,6.91,-0.02
07:41:52,"[258.52, 23]","[254.25, 16]","[264.86, 42]","[296.48, 62]",261.69,143,6.34,-0.45
07:41:53,"[258.0, 33]","[253.0, 16]","[263.48, 66]","[328.06, 53]",260.74,168,5.48,-0.42
07:41:54,"[258.0, 33]","[253.62, 16]","[262.94, 34]","[265.78, 36]",260.47,119,4.94,-0.18
07:41:55,"[258.36, 28]","[256.57, 21]","[262.27, 22]","[266.0, 44]",260.31,115,3.92,-0.15
07:41:56,"[254.31, 26]","[250.91, 55]","[260.27, 30]","[268.8, 60]",257.29,171,5.96,-0.05
07:41:57,"[251.24, 42]","[247.3, 79]","[256.6, 15]","[264.6, 30]",253.92,166,5.36,0.46
07:41:58,"[252.0, 27]","[249.0, 9]","[254.0, 14]","[257.46, 13]",253.0,63,2.0,0.14
07:41:59,"[252.0, 36]","[249.0, 12]","[253.0, 24]","[255.0, 12]",252.5,84,1.0,0.14
07:42:00,"[252.0, 8]","[249.0, 6]","[263.6, 20]","[314.89, 28]",257.8,62,11.6,-0.55
07:42:01,"[252.0, 11]","[249.0, 11]","[266.0, 44]","[415.29, 35]",259.0,101,14.0,-0.56
07:42:02,"[253.08, 13]","[249.25, 12]","[265.31, 26]","[266.1, 42]",259.19,93,12.23,-0.46
07:42:03,"[250.46, 13]","[249.0, 13]","[264.92, 65]","[266.0, 52]",257.69,143,14.46,-0.64
07:42:04,"[250.69, 35]","[249.27, 15]","[261.58, 60]","[262.97, 66]",256.13,176,10.9,-0.43
07:42:05,"[252.08, 72]","[250.57, 21]","[258.08, 83]","[258.88, 86]",255.08,262,6.0,-0.29
07:42:06,"[252.12, 33]","[250.38, 26]","[254.23, 77]","[256.33, 66]",253.18,202,2.11,-0.42
07:42:07,"[248.0, 11]","[246.0, 39]","[253.75, 61]","[255.2, 35]",250.88,146,5.75,-0.32
07:42:08,"[249.25, 24]","[245.37, 57]","[254.0, 84]","[259.38, 24]",251.62,189,4.75,-0.14
07:42:09,"[246.0, 64]","[238.0, 50]","[254.0, 70]","[259.0, 50]",250.0,234,8.0,-0.03
07:42:10,"[246.55, 40]","[244.63, 59]","[253.28, 47]","[256.54, 61]",249.91,207,6.73,-0.04
07:42:11,"[247.0, 24]","[245.0, 12]","[250.58, 36]","[253.0, 60]",248.79,132,3.58,-0.45
07:42:12,"[247.92, 26]","[244.14, 37]","[249.46, 39]","[253.0, 65]",248.69,167,1.54,-0.25
07:42:13,"[244.95, 42]","[240.89, 61]","[252.08, 39]","[254.35, 23]",248.51,165,7.12,0.25
07:42:14,"[244.63, 27]","[240.89, 70]","[254.0, 33]","[255.0, 11]",249.31,141,9.37,0.38
07:42:15,"[246.0, 21]","[245.0, 7]","[254.0, 21]","[255.0, 7]",250.0,56,8.0,0.0
07:42:16,"[246.27, 37]","[244.23, 53]","[253.46, 26]","[254.43, 30]",249.87,146,7.19,0.23
07:42:17,"[247.0, 8]","[243.0, 40]","[254.0, 8]","[255.0, 8]",250.5,64,7.0,0.5
07:42:18,"[248.0, 16]","[243.83, 64]","[255.03, 31]","[255.96, 57]",251.52,168,7.03,-0.05
07:42:19,"[249.0, 18]","[244.57, 28]","[254.0, 12]","[256.0, 60]",251.5,118,5.0,-0.22
07:42:20,"[252.52, 50]","[243.76, 79]","[255.56, 45]","[256.82, 85]",254.04,259,3.04,-0.0
07:42:21,"[254.25, 32]","[241.5, 40]","[256.0, 40]","[258.0, 40]",255.12,152,1.75,-0.05
07:42:22,"[243.53, 68]","[238.13, 76]","[255.93, 28]","[257.92, 52]",249.73,224,12.4,0.29
07:42:23,"[240.0, 48]","[237.03, 64]","[254.1, 52]","[255.42, 12]",247.05,176,14.1,0.27
07:42:24,"[240.0, 40]","[239.0, 30]","[253.44, 18]","[254.0, 34]",246.72,122,13.44,0.15
07:42:25,"[240.0, 20]","[239.0, 15]","[252.0, 5]","[253.95, 21]",246.0,61,12.0,0.15
07:42:26,"[240.02, 53]","[239.09, 43]","[246.53, 45]","[253.16, 31]",243.28,172,6.51,0.12
07:42:27,"[241.0, 9]","[240.0, 36]","[250.33, 12]","[255.65, 17]",245.67,74,9.33,0.22
07:42:28,"[241.0, 16]","[240.0, 100]","[296.04, 23]","[369.62, 26]",268.52,165,55.04,0.41
07:42:29,"[242.6, 15]","[240.0, 120]","[250.47, 60]","[256.29, 56]",246.53,251,7.87,0.08
07:42:30,"[247.76, 17]","[240.76, 49]","[303.44, 45]","[310.93, 28]",275.6,139,55.68,-0.05
07:42:31,"[262.6, 42]","[259.46, 50]","[330.15, 34]","[401.42, 38]",296.37,164,67.55,0.12
07:42:32,"[261.73, 11]","[260.06, 16]","[270.5, 8]","[372.45, 11]",266.11,46,8.77,0.17
07:42:33,"[262.0, 72]","[261.0, 9]","[401.45, 22]","[568.55, 11]",331.73,114,139.45,0.42
07:42:34,"[262.0, 68]","[261.0, 9]","[381.77, 26]","[408.79, 28]",321.88,131,119.77,0.18
07:42:35,"[262.0, 42]","[261.0, 6]","[375.67, 24]","[419.67, 12]",318.83,84,113.67,0.14
07:42:36,"[262.0, 56]","[261.0, 13]","[375.0, 32]","[485.12, 16]",318.5,117,113.0,0.18
07:42:37,"[262.0, 49]","[261.0, 14]","[374.29, 28]","[489.0, 14]",318.14,105,112.29,0.2
07:42:38,"[262.0, 28]","[261.0, 8]","[357.29, 14]","[445.0, 9]",309.64,59,95.29,0.22
07:42:39,"[262.0, 25]","[261.0, 14]","[277.57, 14]","[391.0, 10]",269.79,63,15.57,0.24
07:42:40,"[262.0, 24]","[261.0, 16]","[296.4, 10]","[332.33, 12]",279.2,62,34.4,0.29
07:42:41,"[262.0, 36]","[261.0, 24]","[278.53, 15]","[286.22, 36]",270.27,111,16.53,0.08
07:42:42,"[262.0, 39]","[261.0, 26]","[273.22, 27]","[379.38, 29]",267.61,121,11.22,0.07
07:42:43,"[261.86, 35]","[260.33, 30]","[272.6, 45]","[274.0, 15]",267.23,125,10.74,0.04
07:42:44,"[259.85, 13]","[257.57, 56]","[270.52, 21]","[270.61, 31]",265.18,121,10.68,0.14
07:42:45,"[258.0, 11]","[257.0, 88]","[267.45, 11]","[270.0, 33]",262.73,143,9.45,0.38
07:42:46,"[258.0, 11]","[257.0, 88]","[266.77, 13]","[269.9, 31]",262.38,143,8.77,0.38
07:42:47,"[256.97, 39]","[255.47, 15]","[265.5, 32]","[266.25, 16]",261.24,102,8.53,0.06
07:42:48,"[256.0, 9]","[254.0, 36]","[263.14, 21]","[264.6, 15]",259.57,81,7.14,0.11
07:42:49,"[257.7, 10]","[255.05, 19]","[263.0, 30]","[264.0, 10]",260.35,69,5.3,-0.16
07:42:50,"[256.0, 18]","[252.22, 72]","[262.43, 28]","[263.11, 44]",259.21,162,6.43,0.11
07:42:51,"[256.0, 13]","[252.0, 52]","[259.28, 25]","[261.44, 27]",257.64,117,3.28,0.11
07:42:52,"[256.0, 7]","[252.0, 28]","[258.55, 11]","[265.32, 19]",257.27,65,2.55,0.08
07:42:53,"[252.12, 33]","[247.45, 44]","[259.0, 27]","[324.67, 18]",255.56,122,6.88,0.26
07:42:54,"[252.94, 32]","[247.65, 46]","[258.17, 48]","[404.92, 50]",255.55,176,5.23,-0.11
07:42:55,"[252.0, 10]","[246.45, 44]","[256.75, 16]","[303.0, 40]",254.38,110,4.75,-0.02
07:42:56,"[248.25, 24]","[232.15, 74]","[253.64, 33]","[255.04, 23]",250.94,154,5.39,0.27
07:42:57,"[246.0, 60]","[154.11, 27]","[252.85, 54]","[253.75, 40]",249.43,181,6.85,-0.04
07:42:58,"[246.0, 68]","[200.0, 24]","[253.3, 27]","[268.48, 50]",249.65,169,7.3,0.09
07:42:59,"[248.3, 30]","[246.17, 58]","[260.2, 10]","[349.75, 16]",254.25,114,11.9,0.54
07:43:00,"[258.0, 68]","[247.84, 51]","[312.52, 21]","[414.07, 54]",285.26,194,54.52,0.23
07:43:01,"[261.0, 56]","[255.7, 30]","[445.5, 32]","[520.0, 38]",353.25,156,184.5,0.1
07:43:02,"[258.65, 17]","[249.53, 19]","[505.91, 23]","[594.15, 26]",382.28,85,247.27,-0.15
07:43:03,"[256.0, 10]","[249.0, 15]","[453.86, 14]","[539.06, 17]",354.93,56,197.86,-0.11
07:43:04,"[256.0, 14]","[249.0, 27]","[358.48, 29]","[415.35, 20]",307.24,90,102.48,-0.09
07:43:05,"[256.0, 4]","[249.0, 12]","[318.46, 13]","[342.57, 7]",287.23,36,62.46,-0.11
07:43:06,"[260.0, 24]","[256.89, 27]","[326.69, 29]","[394.33, 12]",293.34,92,66.69,0.11
07:43:07,"[257.78, 23]","[256.71, 17]","[493.31, 26]","[632.64, 22]",375.55,88,235.53,-0.09
07:43:08,"[257.0, 20]","[256.0, 5]","[567.78, 9]","[626.75, 8]",412.39,42,310.78,0.19
07:43:09,"[258.84, 51]","[256.8, 15]","[496.42, 24]","[502.11, 19]",377.63,109,237.57,0.21
07:43:10,"[263.0, 73]","[259.0, 52]","[400.17, 24]","[463.9, 21]",331.58,170,137.17,0.47
07:43:11,"[262.57, 37]","[258.26, 54]","[306.0, 26]","[466.13, 30]",284.28,147,43.43,0.24
07:43:12,"[257.55, 22]","[254.38, 26]","[305.11, 18]","[494.0, 18]",281.33,84,47.57,0.14
07:43:13,"[255.89, 19]","[253.79, 28]","[302.56, 18]","[303.67, 18]",279.23,83,46.66,0.13
07:43:14,"[258.25, 40]","[257.27, 22]","[299.58, 24]","[300.67, 24]",278.92,110,41.33,0.13
07:43:15,"[259.68, 40]","[258.67, 45]","[296.91, 22]","[298.0, 22]",278.29,129,37.23,0.32
07:43:16,"[261.0, 36]","[259.0, 48]","[293.33, 24]","[295.5, 24]",277.17,132,32.33,0.27
07:43:17,"[261.0, 30]","[258.69, 39]","[286.43, 28]","[290.57, 28]",273.71,125,25.43,0.1
07:43:18,"[261.0, 18]","[259.0, 54]","[274.33, 18]","[281.11, 18]",267.67,108,13.33,0.33
07:43:19,"[261.0, 31]","[259.0, 84]","[271.07, 28]","[272.07, 28]",266.04,171,10.07,0.35
07:43:20,"[259.82, 51]","[258.62, 52]","[269.42, 24]","[270.42, 24]",264.62,151,9.59,0.36
07:43:21,"[259.0, 65]","[257.0, 24]","[261.38, 26]","[262.1, 42]",260.19,157,2.38,0.13
07:43:22,"[259.84, 25]","[257.33, 21]","[263.83, 48]","[266.46, 52]",261.84,146,3.99,-0.37
07:43:23,"[263.0, 16]","[259.33, 12]","[267.67, 18]","[268.67, 36]",265.33,82,4.67,-0.32
07:43:24,"[264.0, 26]","[258.92, 13]","[266.31, 13]","[268.0, 26]",265.15,78,2.31,0.0
07:43:25,"[263.33, 18]","[257.5, 16]","[265.23, 26]","[267.5, 16]",264.28,76,1.9,-0.11
07:43:26,"[259.45, 11]","[257.12, 32]","[263.68, 31]","[266.33, 12]",261.57,86,4.22,0.0
07:43:27,"[257.0, 18]","[256.0, 9]","[262.0, 27]","[266.0, 9]",259.5,63,5.0,-0.14
07:43:28,"[257.0, 22]","[256.0, 11]","[258.2, 25]","[260.26, 19]",257.6,77,1.2,-0.14
07:43:29,"[257.0, 23]","[246.64, 25]","[263.0, 44]","[277.62, 32]",260.0,124,6.0,-0.23
07:43:30,"[261.85, 66]","[255.26, 19]","[269.0, 36]","[314.54, 13]",265.42,134,7.15,0.27
07:43:31,"[262.0, 134]","[259.44, 32]","[268.27, 75]","[272.56, 43]",265.13,284,6.27,0.17
07:43:32,"[262.0, 40]","[260.0, 16]","[267.88, 40]","[281.75, 8]",264.94,104,5.88,0.08
07:43:33,"[263.64, 55]","[261.5, 40]","[267.0, 55]","[271.0, 11]",265.32,161,3.36,0.18
07:43:34,"[265.0, 75]","[262.0, 75]","[267.0, 75]","[271.0, 15]",266.0,240,2.0,0.25
07:43:35,"[265.0, 18]","[263.0, 10]","[266.2, 50]","[271.0, 10]",265.6,88,1.2,-0.36
07:43:36,"[265.0, 12]","[262.2, 45]","[266.0, 60]","[269.75, 16]",265.5,133,1.0,-0.14
07:43:37,"[262.0, 132]","[259.0, 44]","[266.22, 46]","[267.17, 47]",264.11,269,4.22,0.31
07:43:38,"[262.0, 54]","[259.04, 25]","[264.86, 28]","[267.0, 35]",263.43,142,2.86,0.11
07:43:39,"[262.0, 78]","[260.0, 13]","[263.54, 52]","[271.81, 21]",262.77,164,1.54,0.11
07:43:40,"[262.0, 54]","[260.0, 9]","[263.0, 36]","[269.0, 21]",262.5,120,1.0,0.05
07:43:41,"[262.0, 42]","[260.0, 7]","[263.0, 28]","[274.0, 7]",262.5,84,1.0,0.17
07:43:42,"[262.0, 38]","[260.0, 11]","[263.0, 44]","[274.0, 11]",262.5,104,1.0,-0.06
07:43:43,"[261.4, 20]","[259.23, 31]","[265.33, 36]","[431.24, 29]",263.37,116,3.93,-0.12
07:43:44,"[260.25, 8]","[259.08, 26]","[273.0, 16]","[274.75, 8]",266.62,58,12.75,0.17
07:43:45,"[259.53, 15]","[257.46, 26]","[272.33, 42]","[273.86, 21]",265.93,104,12.8,-0.21
07:43:46,"[259.0, 7]","[257.0, 14]","[270.19, 21]","[271.09, 22]",264.6,64,11.19,-0.34
07:43:47,"[259.0, 11]","[257.0, 22]","[267.17, 24]","[268.19, 31]",263.08,88,8.17,-0.25
07:43:48,"[250.82, 77]","[244.82, 39]","[264.59, 41]","[265.44, 39]",257.7,196,13.77,0.18
07:43:49,"[250.28, 39]","[247.79, 164]","[262.82, 49]","[263.9, 40]",256.55,292,12.53,0.39
07:43:50,"[247.05, 198]","[240.57, 98]","[251.58, 53]","[253.43, 35]",249.32,384,4.53,0.54
07:43:51,"[247.0, 182]","[227.54, 65]","[249.63, 38]","[250.3, 40]",248.32,325,2.63,0.52
07:43:52,"[247.0, 153]","[184.0, 34]","[248.1, 41]","[252.42, 33]",247.55,261,1.1,0.43
07:43:53,"[247.0, 130]","[178.05, 41]","[373.14, 28]","[423.41, 34]",310.07,233,126.14,0.47
07:43:54,"[247.0, 104]","[225.0, 16]","[255.0, 15]","[697.68, 34]",251.0,169,8.0,0.42
07:43:55,"[247.0, 104]","[213.64, 11]","[528.75, 16]","[667.15, 20]",387.88,151,281.75,0.52
07:43:56,"[247.0, 91]","[204.09, 11]","[257.0, 29]","[466.0, 22]",252.0,153,10.0,0.33
07:43:57,"[235.78, 110]","[205.1, 40]","[258.09, 35]","[277.93, 42]",246.93,227,22.3,0.32
07:43:58,"[183.0, 10]","[124.06, 17]","[262.44, 9]","[353.0, 7]",222.72,43,79.44,0.26
07:43:59,"[204.18, 17]","[142.33, 12]","[261.63, 41]","[262.62, 13]",232.91,83,57.46,-0.3
07:44:00,"[249.73, 33]","[217.33, 18]","[261.08, 61]","[261.89, 36]",255.4,148,11.35,-0.31
07:44:01,"[251.05, 38]","[249.53, 19]","[258.89, 91]","[260.19, 31]",254.97,179,7.84,-0.36
07:44:02,"[251.96, 25]","[250.38, 13]","[256.74, 62]","[257.65, 31]",254.35,131,4.78,-0.42
07:44:03,"[252.0, 44]","[239.4, 15]","[254.38, 58]","[257.29, 35]",253.19,152,2.38,-0.22
07:44:04,"[251.47, 17]","[190.85, 13]","[255.0, 20]","[258.0, 32]",253.24,82,3.53,-0.27
07:44:05,"[245.0, 11]","[131.43, 14]","[254.18, 11]","[257.74, 35]",249.59,71,9.18,-0.3
07:44:06,"[254.57, 14]","[240.37, 41]","[292.73, 11]","[404.64, 11]",273.65,77,38.16,0.43
07:44:07,"[246.33, 21]","[200.65, 20]","[270.29, 34]","[464.59, 17]",258.31,92,23.96,-0.11
07:44:08,"[246.0, 20]","[243.4, 5]","[258.55, 22]","[284.73, 11]",252.27,58,12.55,-0.14
07:44:09,"[247.57, 28]","[243.0, 7]","[258.0, 35]","[259.0, 28]",252.79,98,10.43,-0.29
07:44:10,"[248.0, 48]","[243.25, 12]","[255.23, 56]","[257.33, 54]",251.62,170,7.23,-0.29
07:44:11,"[248.53, 34]","[247.08, 26]","[253.0, 44]","[256.0, 55]",250.76,159,4.47,-0.25
07:44:12,"[248.64, 44]","[242.73, 11]","[255.08, 24]","[256.86, 35]",251.86,114,6.45,-0.04
07:44:13,"[250.0, 32]","[242.0, 8]","[255.0, 16]","[257.0, 24]",252.5,80,5.0,0.0
07:44:14,"[250.0, 48]","[233.21, 28]","[255.0, 24]","[257.0, 36]",252.5,136,5.0,0.12
07:44:15,"[250.0, 32]","[243.0, 40]","[255.0, 16]","[257.0, 24]",252.5,112,5.0,0.29
07:44:16,"[250.0, 32]","[246.5, 48]","[255.0, 16]","[257.0, 24]",252.5,120,5.0,0.33
07:44:17,"[250.0, 32]","[246.68, 19]","[255.0, 21]","[257.0, 24]",252.5,96,5.0,0.06
07:44:18,"[250.0, 24]","[243.0, 30]","[255.0, 26]","[257.0, 18]",252.5,98,5.0,0.1
07:44:19,"[251.3, 40]","[241.83, 52]","[255.0, 60]","[257.0, 30]",253.15,182,3.7,0.01
07:44:20,"[253.0, 28]","[240.0, 42]","[255.0, 42]","[257.0, 21]",254.0,133,2.0,0.05
07:44:21,"[244.29, 34]","[236.76, 42]","[254.79, 38]","[256.11, 27]",249.54,141,10.5,0.08
07:44:22,"[239.16, 57]","[173.12, 99]","[254.83, 82]","[255.96, 69]",246.99,307,15.67,0.02
07:44:23,"[241.57, 14]","[239.36, 78]","[255.0, 70]","[256.0, 56]",248.29,218,13.43,-0.16
07:44:24,"[242.0, 31]","[189.65, 40]","[255.0, 30]","[256.0, 24]",248.5,125,13.0,0.14
07:44:25,"[244.44, 32]","[215.86, 28]","[255.0, 57]","[256.0, 60]",249.72,177,10.56,-0.32
07:44:26,"[247.94, 34]","[246.8, 20]","[260.27, 70]","[283.98, 47]",254.11,171,12.33,-0.37
07:44:27,"[250.5, 20]","[249.32, 19]","[263.1, 50]","[282.87, 53]",256.8,142,12.6,-0.45
07:44:28,"[254.17, 29]","[253.08, 24]","[256.93, 29]","[260.54, 24]",255.55,106,2.76,0.0
07:44:29,"[248.51, 94]","[202.45, 71]","[255.29, 51]","[259.41, 54]",251.9,270,6.78,0.22
07:44:30,"[247.55, 11]","[243.94, 33]","[254.0, 21]","[257.0, 21]",250.77,86,6.45,0.02
07:44:31,"[249.09, 33]","[246.61, 41]","[254.0, 51]","[257.0, 51]",251.55,176,4.91,-0.16
07:44:32,"[250.5, 12]","[245.94, 32]","[254.0, 30]","[257.0, 30]",252.25,104,3.5,-0.15
07:44:33,"[253.5, 20]","[245.0, 30]","[255.24, 29]","[260.64, 44]",254.37,123,1.74,-0.19
07:44:34,"[254.88, 40]","[253.0, 8]","[257.0, 24]","[265.0, 40]",255.94,112,2.12,-0.14
07:44:35,"[248.78, 18]","[226.87, 23]","[264.37, 38]","[289.32, 19]",256.57,98,15.59,-0.16
07:44:36,"[240.0, 56]","[162.2, 20]","[250.0, 16]","[259.86, 35]",245.0,127,10.0,0.2
07:44:37,"[242.27, 22]","[240.0, 77]","[250.0, 22]","[256.0, 44]",246.14,165,7.73,0.2
07:44:38,"[244.42, 24]","[240.0, 84]","[257.56, 27]","[272.95, 55]",250.99,190,13.14,0.14
07:44:39,"[247.83, 36]","[242.06, 126]","[260.0, 18]","[393.3, 106]",253.92,286,12.17,0.13
07:44:40,"[249.62, 16]","[243.0, 56]","[260.0, 8]","[360.9, 30]",254.81,110,10.38,0.31
07:44:41,"[251.23, 26]","[244.0, 91]","[258.78, 27]","[337.13, 31]",255.0,175,7.55,0.34
07:44:42,"[252.7, 20]","[241.55, 65]","[256.0, 10]","[259.0, 30]",254.35,125,3.3,0.36
07:44:43,"[225.57, 56]","[120.52, 31]","[292.17, 24]","[378.21, 33]",258.87,144,66.6,0.21
07:44:44,"[246.93, 45]","[237.67, 27]","[373.89, 38]","[438.67, 33]",310.41,143,126.96,0.01
07:44:45,"[260.0, 15]","[246.0, 30]","[381.71, 21]","[514.0, 18]",320.86,84,121.71,0.07
07:44:46,"[255.58, 19]","[244.65, 43]","[456.0, 32]","[639.8, 30]",355.79,124,200.42,0.0
07:44:47,"[246.0, 36]","[136.5, 8]","[357.17, 24]","[568.67, 24]",301.58,92,111.17,-0.04
07:44:48,"[246.62, 32]","[239.46, 26]","[324.0, 24]","[439.67, 9]",285.31,91,77.38,0.27
07:44:49,"[251.0, 9]","[247.0, 45]","[284.89, 35]","[304.7, 33]",267.94,122,33.89,-0.11
07:44:50,"[248.18, 33]","[247.47, 51]","[299.98, 41]","[439.5, 40]",274.08,165,51.79,0.02
07:44:51,"[263.69, 39]","[259.29, 21]","[323.0, 45]","[485.11, 36]",293.35,141,59.31,-0.15
07:44:52,"[264.0, 54]","[260.0, 9]","[300.2, 44]","[340.65, 34]",282.1,141,36.2,-0.11
07:44:53,"[264.0, 86]","[260.0, 15]","[269.47, 75]","[309.71, 45]",266.73,221,5.47,-0.09
07:44:54,"[264.0, 21]","[261.0, 18]","[268.33, 45]","[321.73, 30]",266.17,114,4.33,-0.32
07:44:55,"[260.68, 19]","[259.08, 66]","[268.0, 55]","[270.55, 44]",264.34,184,7.32,-0.08
07:44:56,"[261.73, 92]","[260.0, 13]","[267.44, 57]","[306.2, 60]",264.58,222,5.71,-0.05
07:44:57,"[263.0, 40]","[260.0, 10]","[266.27, 45]","[267.33, 45]",264.63,140,3.27,-0.29
07:44:58,"[263.0, 36]","[260.0, 9]","[264.19, 43]","[287.69, 29]",263.59,117,1.19,-0.23
07:44:59,"[264.36, 22]","[259.09, 44]","[406.06, 31]","[531.33, 18]",335.21,115,141.7,0.15
07:45:00,"[266.0, 30]","[260.0, 6]","[514.93, 14]","[530.0, 11]",390.46,61,248.93,0.18
07:45:01,"[266.0, 55]","[260.0, 14]","[458.89, 38]","[459.76, 17]",362.45,124,192.89,0.11
07:45:02,"[266.0, 12]","[260.0, 6]","[452.67, 6]","[457.94, 16]",359.33,40,186.67,-0.1
07:45:03,"[266.0, 14]","[260.0, 11]","[415.89, 19]","[438.43, 23]",340.95,67,149.89,-0.25
07:45:04,"[266.0, 11]","[260.0, 11]","[281.32, 31]","[381.58, 19]",273.66,72,15.32,-0.39
07:45:05,"[259.1, 71]","[251.11, 79]","[279.9, 62]","[280.67, 30]",269.5,242,20.8,0.24
07:45:06,"[259.15, 33]","[249.75, 61]","[276.52, 61]","[277.65, 55]",267.84,210,17.37,-0.1
07:45:07,"[259.0, 14]","[258.0, 14]","[272.69, 52]","[273.47, 34]",265.85,114,13.69,-0.51
07:45:08,"[259.69, 26]","[258.27, 11]","[267.52, 33]","[269.33, 43]",263.6,113,7.82,-0.35
07:45:09,"[260.68, 56]","[259.0, 11]","[264.55, 47]","[266.51, 39]",262.62,153,3.87,-0.12
07:45:10,"[259.94, 17]","[258.5, 14]","[337.07, 15]","[355.67, 42]",298.5,88,77.13,-0.3
07:45:11,"[259.0, 7]","[258.0, 7]","[542.35, 20]","[544.08, 13]",400.68,47,283.35,-0.4
07:45:12,"[259.0, 11]","[258.0, 11]","[529.0, 29]","[543.25, 24]",394.0,75,270.0,-0.41
07:45:13,"[264.93, 27]","[262.25, 16]","[392.56, 36]","[422.44, 36]",328.74,115,127.63,-0.25
07:45:14,"[264.71, 34]","[262.06, 17]","[310.81, 31]","[315.83, 60]",287.76,142,46.1,-0.28
07:45:15,"[264.0, 24]","[262.5, 32]","[307.77, 35]","[309.46, 54]",285.89,145,43.77,-0.23
07:45:16,"[264.56, 18]","[263.17, 58]","[304.4, 43]","[307.61, 61]",284.48,180,39.84,-0.16
07:45:17,"[263.76, 17]","[262.97, 79]","[300.18, 45]","[301.24, 59]",281.97,200,36.41,-0.04
07:45:18,"[263.0, 48]","[261.0, 12]","[297.02, 55]","[298.0, 40]",280.01,155,34.02,-0.23
07:45:19,"[262.2, 25]","[259.5, 10]","[296.68, 38]","[298.94, 36]",279.44,109,34.48,-0.36
07:45:20,"[259.0, 7]","[258.0, 7]","[293.59, 32]","[295.59, 17]",276.3,63,34.59,-0.56
07:45:21,"[259.0, 14]","[258.0, 14]","[291.78, 46]","[292.85, 54]",275.39,128,32.78,-0.56
07:45:22,"[259.3, 30]","[256.6, 15]","[285.89, 72]","[286.84, 70]",272.59,187,26.59,-0.52
07:45:23,"[259.62, 39]","[251.75, 12]","[283.95, 58]","[284.92, 60]",271.78,169,24.33,-0.4
07:45:24,"[255.38, 16]","[227.28, 18]","[280.77, 62]","[282.0, 61]",268.07,157,25.4,-0.57
07:45:25,"[257.06, 34]","[255.0, 17]","[277.0, 79]","[278.54, 78]",267.03,208,19.94,-0.51
07:45:26,"[256.0, 12]","[229.56, 9]","[273.49, 39]","[274.71, 42]",264.74,102,17.49,-0.59
07:45:27,"[255.53, 17]","[237.7, 20]","[267.6, 78]","[270.0, 81]",261.57,196,12.07,-0.62
07:45:28,"[228.4, 10]","[158.31, 13]","[255.0, 36]","[256.0, 90]",241.7,149,26.6,-0.69
07:45:29,"[164.0, 20]","[87.92, 12]","[253.5, 40]","[255.03, 78]",208.75,150,89.5,-0.57
07:45:30,"[180.22, 18]","[91.62, 13]","[250.6, 20]","[253.0, 40]",215.41,91,70.38,-0.32
07:45:31,"[151.65, 17]","[64.46, 24]","[248.96, 25]","[252.17, 72]",200.3,138,97.31,-0.41
07:45:32,"[157.62, 16]","[92.0, 14]","[252.11, 37]","[255.54, 78]",204.87,145,94.48,-0.59
07:45:33,"[198.78, 9]","[173.62, 13]","[253.0, 35]","[254.0, 21]",225.89,78,54.22,-0.44
07:45:34,"[187.17, 6]","[167.0, 12]","[252.83, 30]","[254.0, 18]",220.0,66,65.67,-0.45
07:45:35,"[165.33, 15]","[135.86, 28]","[251.09, 55]","[253.3, 40]",208.21,138,85.76,-0.38
07:45:36,"[113.0, 16]","[105.38, 52]","[251.04, 28]","[252.87, 31]",182.02,127,138.04,0.07
07:45:37,"[153.69, 32]","[104.12, 17]","[253.43, 14]","[255.0, 48]",203.56,111,99.74,-0.12
07:45:38,"[201.1, 78]","[161.36, 66]","[255.52, 33]","[256.68, 73]",228.31,250,54.41,0.15
07:45:39,"[213.69, 83]","[197.6, 45]","[256.0, 45]","[258.0, 45]",234.84,218,42.31,0.17
07:45:40,"[214.21, 72]","[212.2, 105]","[256.0, 13]","[258.0, 45]",235.1,235,41.79,0.51
07:45:41,"[254.59, 17]","[253.48, 27]","[257.43, 14]","[260.29, 28]",256.01,86,2.84,0.02
07:45:42,"[257.4, 62]","[254.43, 37]","[261.0, 64]","[271.21, 38]",259.2,201,3.6,-0.01
07:45:43,"[262.27, 144]","[260.03, 30]","[265.0, 58]","[270.46, 37]",263.64,269,2.73,0.29
07:45:44,"[263.0, 10]","[262.0, 14]","[264.0, 28]","[495.22, 9]",263.5,61,1.0,-0.21
07:45:45,"[262.14, 7]","[261.05, 44]","[264.0, 13]","[547.4, 5]",263.07,69,1.86,0.48
07:45:46,"[262.0, 6]","[261.0, 42]","[264.0, 9]","[446.0, 6]",263.0,63,2.0,0.52
07:45:47,"[261.42, 24]","[260.99, 71]","[358.54, 13]","[469.92, 13]",309.98,121,97.12,0.57
07:45:48,"[262.0, 65]","[261.0, 70]","[445.75, 12]","[618.33, 9]",353.88,156,183.75,0.73
07:45:49,"[262.0, 39]","[261.0, 29]","[495.14, 7]","[522.0, 3]",378.57,78,233.14,0.74
07:45:50,"[267.0, 23]","[262.0, 65]","[503.31, 13]","[638.5, 6]",385.15,107,236.31,0.64
07:45:51,"[267.0, 20]","[262.0, 65]","[468.0, 9]","[542.45, 11]",367.5,105,201.0,0.62
07:45:52,"[262.38, 52]","[261.87, 30]","[281.09, 11]","[350.0, 7]",271.74,100,18.71,0.64
07:45:53,"[262.0, 108]","[261.0, 9]","[280.22, 18]","[388.44, 27]",271.11,162,18.22,0.44
07:45:54,"[263.01, 104]","[261.91, 69]","[276.14, 21]","[366.41, 32]",269.58,226,13.13,0.53
07:45:55,"[265.0, 35]","[262.0, 63]","[272.29, 7]","[274.0, 14]",268.64,119,7.29,0.65
07:45:56,"[265.0, 40]","[262.0, 72]","[270.6, 10]","[273.0, 14]",267.8,136,5.6,0.65
07:45:57,"[265.0, 49]","[264.0, 44]","[267.67, 15]","[315.53, 15]",266.33,123,2.67,0.51
07:45:58,"[262.84, 57]","[261.97, 93]","[265.88, 16]","[463.55, 31]",264.36,197,3.03,0.52
07:45:59,"[264.0, 30]","[262.0, 90]","[266.5, 10]","[472.38, 24]",265.25,154,2.5,0.56
07:46:00,"[262.23, 61]","[261.82, 33]","[505.33, 15]","[578.63, 19]",383.78,128,243.1,0.47
07:46:01,"[262.0, 45]","[260.0, 40]","[502.0, 5]","[607.67, 9]",382.0,99,240.0,0.72
07:46:02,"[262.0, 54]","[260.76, 33]","[502.0, 6]","[660.0, 18]",382.0,111,240.0,0.57
07:46:03,"[262.0, 84]","[261.0, 50]","[417.0, 18]","[594.68, 22]",339.5,174,155.0,0.54
07:46:04,"[261.85, 13]","[260.65, 46]","[282.88, 8]","[338.5, 12]",272.36,79,21.03,0.49
07:46:05,"[264.13, 23]","[261.08, 24]","[282.42, 12]","[372.04, 26]",273.27,85,18.29,0.11
07:46:06,"[267.0, 18]","[262.0, 18]","[282.57, 21]","[407.6, 15]",274.79,72,15.57,0.0
07:46:07,"[266.71, 17]","[261.94, 17]","[282.0, 27]","[284.0, 9]",274.35,70,15.29,-0.03
07:46:08,"[262.0, 11]","[261.0, 11]","[281.36, 33]","[400.26, 50]",271.68,105,19.36,-0.58
07:46:09,"[265.0, 49]","[262.0, 7]","[280.08, 13]","[359.91, 33]",272.54,102,15.08,0.1
07:46:10,"[265.0, 70]","[262.0, 10]","[280.77, 26]","[426.67, 36]",272.88,142,15.77,0.13
07:46:11,"[265.0, 60]","[262.0, 12]","[279.92, 36]","[479.0, 21]",272.46,129,14.92,0.12
07:46:12,"[265.0, 24]","[262.0, 6]","[279.0, 18]","[482.0, 24]",272.0,72,14.0,-0.17
07:46:13,"[265.0, 48]","[262.0, 12]","[277.92, 36]","[492.08, 39]",271.46,135,12.92,-0.11
07:46:14,"[265.0, 36]","[263.96, 57]","[275.22, 27]","[560.43, 21]",270.11,141,10.22,0.32
07:46:15,"[265.0, 28]","[264.0, 49]","[274.14, 21]","[568.95, 19]",269.57,117,9.14,0.32
07:46:16,"[265.0, 36]","[264.0, 63]","[272.89, 27]","[652.62, 24]",268.94,150,7.89,0.32
07:46:17,"[265.0, 44]","[264.0, 77]","[271.18, 33]","[364.8, 35]",268.09,189,6.18,0.28
07:46:18,"[265.62, 29]","[264.51, 71]","[269.0, 42]","[320.87, 45]",267.31,187,3.38,0.07
07:46:19,"[264.32, 37]","[263.56, 27]","[266.55, 33]","[405.91, 33]",265.43,130,2.22,-0.02
07:46:20,"[263.64, 22]","[261.56, 18]","[309.77, 39]","[460.29, 51]",286.7,130,46.13,-0.38
07:46:21,"[261.44, 18]","[260.23, 71]","[298.52, 27]","[296.28, 36]",279.98,152,37.07,0.17
07:46:22,"[260.48, 25]","[259.93, 95]","[265.29, 38]","[281.88, 34]",262.88,192,4.81,0.25
07:46:23,"[259.0, 13]","[258.0, 78]","[268.92, 13]","[270.0, 52]",263.96,156,9.92,0.17
07:46:24,"[259.0, 26]","[258.0, 48]","[266.55, 11]","[269.9, 29]",262.77,114,7.55,0.3
07:46:25,"[259.02, 57]","[258.13, 55]","[265.93, 15]","[269.8, 30]",262.48,157,6.92,0.43
07:46:26,"[259.0, 77]","[257.8, 45]","[265.07, 30]","[291.2, 20]",262.03,172,6.07,0.42
07:46:27,"[263.53, 53]","[258.94, 31]","[273.86, 28]","[364.38, 13]",268.69,125,10.33,0.34
07:46:28,"[264.62, 39]","[262.08, 65]","[276.0, 52]","[313.52, 23]",270.31,179,11.38,0.16
07:46:29,"[267.0, 10]","[264.44, 18]","[276.0, 40]","[306.25, 32]",271.5,100,9.0,-0.44
07:46:30,"[267.0, 14]","[265.0, 14]","[276.0, 56]","[321.0, 20]",271.5,104,9.0,-0.46
07:46:31,"[267.0, 13]","[265.0, 13]","[276.0, 52]","[362.71, 35]",271.5,113,9.0,-0.54
07:46:32,"[267.0, 14]","[265.0, 14]","[276.64, 56]","[406.81, 37]",271.82,121,9.64,-0.54
07:46:33,"[267.0, 11]","[265.0, 11]","[276.35, 34]","[320.0, 42]",271.68,98,9.35,-0.55
07:46:34,"[265.5, 12]","[264.57, 7]","[270.4, 15]","[317.43, 21]",267.95,55,4.9,-0.31
07:46:35,"[264.0, 66]","[262.0, 11]","[271.31, 26]","[286.34, 29]",267.65,132,7.31,0.17
07:46:36,"[264.0, 54]","[262.0, 9]","[273.0, 29]","[283.94, 31]",268.5,123,9.0,0.02
07:46:37,"[264.11, 56]","[263.14, 21]","[271.51, 41]","[272.74, 47]",267.81,165,7.41,-0.07
07:46:38,"[267.0, 5]","[264.0, 30]","[271.0, 25]","[276.0, 15]",269.0,75,4.0,-0.07
07:46:39,"[267.0, 11]","[264.0, 66]","[269.15, 53]","[270.62, 45]",268.08,175,2.15,-0.12
07:46:40,"[264.08, 37]","[262.86, 14]","[267.89, 45]","[278.57, 28]",265.98,124,3.81,-0.18
07:46:41,"[264.0, 24]","[262.0, 8]","[266.19, 26]","[268.03, 38]",265.1,96,2.19,-0.33
07:46:42,"[264.06, 35]","[262.43, 14]","[266.78, 58]","[272.79, 42]",265.42,149,2.72,-0.34
07:46:43,"[262.36, 25]","[260.66, 62]","[266.24, 41]","[268.42, 57]",264.3,185,3.88,-0.06
07:46:44,"[261.0, 33]","[260.0, 88]","[263.95, 19]","[265.78, 51]",262.47,191,2.95,0.27
07:46:45,"[260.17, 52]","[259.38, 64]","[261.67, 12]","[264.43, 23]",260.92,151,1.49,0.54
07:46:46,"[259.55, 38]","[258.06, 51]","[262.12, 16]","[275.91, 33]",260.84,138,2.57,0.29
07:46:47,"[259.0, 24]","[256.0, 24]","[260.67, 6]","[277.0, 18]",259.83,72,1.67,0.33
07:46:48,"[259.0, 20]","[256.0, 20]","[267.29, 7]","[280.92, 13]",263.14,60,8.29,0.33
07:46:49,"[259.0, 20]","[256.0, 20]","[277.0, 15]","[556.86, 14]",268.0,69,18.0,0.16
07:46:50,"[259.98, 51]","[257.91, 44]","[276.46, 35]","[393.32, 25]",268.22,155,16.48,0.23
07:46:51,"[261.0, 46]","[259.0, 44]","[274.0, 11]","[276.0, 44]",267.5,145,13.0,0.24
07:46:52,"[261.0, 10]","[259.0, 20]","[274.0, 5]","[276.0, 20]",267.5,55,13.0,0.09
07:46:53,"[261.0, 16]","[259.0, 32]","[273.08, 26]","[275.43, 14]",267.04,88,12.08,0.09
07:46:54,"[263.35, 23]","[259.35, 34]","[272.28, 25]","[272.6, 25]",267.81,107,8.93,0.07
07:46:55,"[267.0, 12]","[261.0, 8]","[269.46, 13]","[271.57, 7]",268.23,40,2.46,0.0
07:46:56,"[267.0, 27]","[263.5, 12]","[268.0, 36]","[271.33, 9]",267.5,84,1.0,-0.07
07:46:57,"[267.94, 88]","[263.22, 9]","[271.82, 11]","[339.2, 10]",269.88,118,3.88,0.64
07:46:58,"[268.0, 98]","[263.0, 7]","[274.0, 7]","[362.0, 14]",271.0,126,6.0,0.67
07:46:59,"[268.0, 140]","[263.0, 25]","[274.0, 10]","[362.0, 20]",271.0,195,6.0,0.69
07:47:00,"[268.0, 150]","[264.29, 56]","[273.04, 27]","[316.13, 15]",270.52,248,5.04,0.66
07:47:01,"[268.0, 78]","[265.0, 48]","[270.09, 32]","[272.47, 19]",269.05,177,2.09,0.42
07:47:02,"[265.65, 55]","[263.43, 56]","[269.0, 70]","[271.0, 14]",267.33,195,3.35,0.14
07:47:03,"[264.64, 33]","[262.76, 50]","[268.56, 18]","[269.1, 42]",266.6,143,3.92,0.16
07:47:04,"[263.0, 58]","[262.0, 168]","[266.32, 22]","[268.45, 60]",264.66,308,3.32,0.47
07:47:05,"[262.06, 125]","[261.41, 59]","[264.72, 18]","[269.7, 46]",263.39,248,2.66,0.48
07:47:06,"[262.0, 176]","[261.0, 32]","[265.0, 36]","[274.34, 68]",263.5,312,3.0,0.33
07:47:07,"[262.1, 124]","[261.37, 38]","[269.67, 54]","[304.68, 31]",265.88,247,7.57,0.31
07:47:08,"[264.21, 33]","[262.1, 39]","[274.22, 45]","[336.44, 27]",269.22,144,10.01,0.0
07:47:09,"[268.0, 24]","[263.23, 13]","[274.0, 60]","[410.8, 25]",271.0,122,6.0,-0.39
07:47:10,"[265.33, 12]","[262.13, 60]","[274.0, 30]","[571.0, 30]",269.67,132,8.67,0.09
07:47:11,"[264.0, 6]","[262.0, 42]","[274.0, 15]","[591.33, 15]",269.0,78,10.0,0.23
07:47:12,"[262.0, 84]","[261.0, 7]","[274.0, 35]","[375.48, 31]",268.0,157,12.0,0.16
07:47:13,"[262.0, 181]","[261.0, 14]","[271.29, 70]","[272.43, 70]",266.64,335,9.29,0.16
07:47:14,"[262.0, 169]","[261.0, 13]","[266.56, 59]","[268.39, 56]",264.28,297,4.56,0.23
07:47:15,"[262.0, 75]","[261.0, 8]","[267.55, 22]","[317.5, 40]",264.77,145,5.55,0.14
07:47:16,"[262.0, 60]","[261.0, 10]","[266.65, 34]","[331.7, 50]",264.32,154,4.65,-0.09
07:47:17,"[262.0, 24]","[261.0, 4]","[270.67, 18]","[485.75, 20]",266.33,66,8.67,-0.15
07:47:18,"[262.0, 36]","[261.0, 6]","[272.0, 30]","[428.34, 29]",267.0,101,10.0,-0.17
07:47:19,"[262.0, 9]","[261.0, 9]","[272.0, 45]","[418.0, 45]",267.0,108,10.0,-0.67
07:47:20,"[259.0, 72]","[258.0, 9]","[266.22, 45]","[343.56, 45]",262.61,171,7.22,-0.05
07:47:21,"[259.82, 49]","[258.9, 39]","[275.0, 45]","[383.54, 39]",267.41,172,15.18,0.02
07:47:22,"[259.0, 75]","[257.07, 72]","[275.0, 75]","[434.39, 72]",267.0,294,16.0,0.0
07:47:23,"[259.0, 26]","[257.0, 78]","[274.45, 33]","[310.6, 50]",266.73,187,15.45,0.11
07:47:24,"[257.5, 84]","[256.07, 43]","[270.22, 49]","[272.94, 17]",263.86,193,12.72,0.32
07:47:25,"[258.0, 68]","[256.36, 66]","[271.09, 11]","[274.0, 22]",264.55,167,13.09,0.6
07:47:26,"[258.93, 90]","[255.73, 30]","[268.95, 20]","[273.0, 25]",263.94,165,10.02,0.45
07:47:27,"[259.0, 84]","[256.0, 14]","[265.96, 26]","[268.0, 16]",262.48,140,6.96,0.4
07:47:28,"[259.0, 52]","[256.0, 12]","[264.83, 29]","[299.48, 21]",261.91,114,5.83,0.12
07:47:29,"[259.0, 12]","[256.0, 12]","[269.44, 45]","[310.0, 60]",264.22,129,10.44,-0.63
07:47:30,"[261.76, 100]","[261.79, 156]","[266.71, 34]","[268.47, 85]",264.23,375,4.95,0.37
07:47:31,"[263.2, 45]","[262.06, 192]","[265.08, 24]","[270.5, 60]",264.14,321,1.88,0.48
07:47:32,"[262.49, 78]","[261.94, 248]","[269.0, 49]","[363.18, 55]",265.74,430,6.51,0.52
07:47:33,"[263.0, 20]","[262.0, 200]","[270.36, 14]","[298.1, 50]",266.68,284,7.36,0.55
07:47:34,"[262.05, 168]","[261.43, 112]","[270.0, 12]","[274.0, 60]",266.02,352,7.95,0.59
07:47:35,"[262.0, 160]","[260.0, 32]","[269.38, 8]","[274.0, 40]",265.69,240,7.38,0.6
07:47:36,"[262.0, 202]","[260.0, 48]","[268.67, 12]","[276.5, 60]",265.33,322,6.67,0.55
07:47:37,"[262.0, 112]","[260.0, 40]","[268.0, 10]","[275.0, 50]",265.0,212,6.0,0.43
07:47:38,"[266.37, 79]","[261.98, 107]","[268.0, 14]","[275.0, 70]",267.18,270,1.63,0.38
07:47:39,"[267.0, 30]","[264.0, 6]","[268.0, 6]","[275.0, 30]",267.5,72,1.0,0.0
07:47:40,"[267.0, 34]","[264.0, 8]","[268.0, 8]","[275.0, 40]",267.5,90,1.0,-0.07
07:47:41,"[267.0, 24]","[263.05, 21]","[268.0, 12]","[275.0, 60]",267.5,117,1.0,-0.23
07:47:42,"[263.43, 56]","[261.94, 85]","[268.0, 13]","[320.45, 58]",265.71,212,4.57,0.33
07:47:43,"[262.55, 44]","[261.92, 52]","[268.0, 10]","[275.0, 50]",265.27,156,5.45,0.23
07:47:44,"[264.0, 52]","[262.0, 80]","[273.38, 26]","[281.95, 41]",268.69,199,9.38,0.33
07:47:45,"[264.0, 114]","[262.0, 112]","[273.0, 43]","[277.81, 58]",268.5,327,9.0,0.38
07:47:46,"[264.0, 33]","[262.0, 88]","[270.52, 31]","[271.93, 86]",267.26,238,6.52,0.02
07:47:47,"[265.14, 21]","[263.2, 60]","[268.06, 69]","[269.28, 36]",266.6,186,2.92,-0.13
07:47:48,"[264.43, 23]","[262.48, 63]","[267.27, 55]","[269.0, 22]",265.85,163,2.84,0.06
07:47:49,"[264.0, 42]","[261.41, 39]","[266.9, 61]","[268.19, 37]",265.45,179,2.9,-0.09
07:47:50,"[264.0, 27]","[261.0, 18]","[265.56, 18]","[267.0, 45]",264.78,108,1.56,-0.17
07:47:51,"[264.0, 20]","[261.0, 20]","[266.43, 35]","[269.25, 40]",265.21,115,2.43,-0.3
07:47:52,"[264.0, 7]","[261.0, 12]","[267.0, 35]","[273.0, 21]",265.5,75,3.0,-0.49
07:47:53,"[260.0, 29]","[259.0, 14]","[267.0, 35]","[273.0, 21]",263.5,99,7.0,-0.13
07:47:54,"[260.0, 75]","[259.0, 30]","[266.87, 75]","[273.0, 45]",263.43,225,6.87,-0.07
07:47:55,"[261.5, 20]","[259.93, 54]","[266.0, 60]","[271.0, 36]",263.75,170,4.5,-0.13
07:47:56,"[260.11, 57]","[259.31, 32]","[265.54, 65]","[271.69, 39]",262.82,193,5.43,-0.08
07:47:57,"[260.0, 44]","[259.0, 20]","[263.0, 50]","[270.62, 34]",261.5,148,3.0,-0.14
07:47:58,"[259.89, 18]","[258.5, 16]","[261.2, 25]","[263.57, 23]",260.54,82,1.31,-0.17
07:47:59,"[259.0, 10]","[258.0, 56]","[261.65, 23]","[267.33, 27]",260.33,116,2.65,0.14
07:48:00,"[258.02, 53]","[255.69, 35]","[259.6, 50]","[274.0, 30]",258.81,168,1.58,0.05
07:48:01,"[258.0, 60]","[255.0, 30]","[259.0, 50]","[270.4, 30]",258.5,170,1.0,0.06
07:48:02,"[258.0, 20]","[257.0, 30]","[265.35, 34]","[487.07, 30]",261.68,114,7.35,-0.12
07:48:03,"[257.56, 9]","[256.11, 27]","[268.0, 27]","[533.84, 37]",262.78,100,10.44,-0.28
07:48:04,"[259.41, 49]","[254.53, 72]","[267.64, 33]","[314.94, 16]",263.52,170,8.23,0.42
07:48:05,"[260.87, 55]","[257.73, 60]","[267.65, 46]","[284.36, 22]",264.26,183,6.78,0.26
07:48:06,"[267.0, 26]","[264.0, 26]","[268.0, 39]","[536.98, 53]",267.5,144,1.0,-0.28
07:48:07,"[267.0, 20]","[264.0, 20]","[268.0, 30]","[440.0, 44]",267.5,114,1.0,-0.3
07:48:08,"[267.0, 18]","[264.0, 18]","[268.0, 27]","[371.11, 18]",267.5,81,1.0,-0.11
07:48:09,"[262.19, 32]","[259.09, 22]","[268.0, 27]","[418.0, 18]",265.09,99,5.81,0.09
07:48:10,"[260.0, 70]","[255.0, 36]","[268.0, 30]","[418.0, 20]",264.0,156,8.0,0.36
07:48:11,"[260.42, 33]","[256.91, 55]","[268.0, 36]","[375.13, 30]",264.21,154,7.58,0.14
07:48:12,"[261.67, 24]","[260.0, 36]","[267.32, 41]","[307.08, 36]",264.49,137,5.65,-0.12
07:48:13,"[262.0, 22]","[260.0, 39]","[266.0, 52]","[268.0, 39]",264.0,152,4.0,-0.2
07:48:14,"[262.0, 15]","[258.73, 41]","[265.13, 60]","[270.2, 45]",263.57,161,3.13,-0.3
07:48:15,"[257.79, 19]","[255.79, 28]","[262.68, 47]","[268.87, 45]",260.24,139,4.89,-0.32
07:48:16,"[254.0, 18]","[253.0, 18]","[256.52, 27]","[261.33, 18]",255.26,81,2.52,-0.11
07:48:17,"[253.44, 18]","[252.21, 38]","[255.71, 28]","[256.67, 18]",254.58,102,2.27,0.1
07:48:18,"[253.0, 16]","[252.0, 48]","[254.44, 18]","[256.07, 29]",253.72,111,1.44,0.15
07:48:19,"[253.0, 22]","[252.0, 66]","[255.38, 21]","[256.11, 38]",254.19,147,2.38,0.2
07:48:20,"[253.0, 10]","[252.0, 30]","[254.8, 5]","[256.0, 20]",253.9,65,1.8,0.23
07:48:21,"[253.59, 17]","[251.42, 38]","[255.55, 11]","[257.71, 7]",254.57,73,1.96,0.51
07:48:22,"[253.0, 14]","[250.0, 42]","[255.0, 35]","[256.0, 7]",254.0,98,2.0,0.14
07:48:23,"[253.67, 24]","[251.0, 40]","[255.0, 60]","[256.0, 12]",254.33,136,1.33,-0.06
07:48:24,"[252.0, 24]","[247.57, 56]","[255.15, 34]","[256.83, 12]",253.57,126,3.15,0.27
07:48:25,"[251.0, 20]","[247.0, 60]","[254.23, 22]","[256.8, 10]",252.61,112,3.23,0.43
07:48:26,"[251.0, 12]","[247.0, 36]","[254.8, 10]","[257.33, 6]",252.9,64,3.8,0.5
07:48:27,"[251.0, 10]","[247.0, 30]","[254.0, 15]","[257.2, 5]",252.5,60,3.0,0.33
07:48:28,"[251.0, 18]","[247.0, 54]","[254.0, 27]","[257.27, 11]",252.5,110,3.0,0.31
07:48:29,"[251.0, 10]","[247.0, 30]","[254.0, 15]","[256.0, 10]",252.5,65,3.0,0.23
07:48:30,"[248.63, 38]","[246.56, 54]","[278.54, 24]","[448.74, 19]",263.59,135,29.91,0.36
07:48:31,"[252.0, 30]","[248.29, 42]","[420.0, 35]","[579.0, 35]",336.0,142,168.0,0.01
07:48:32,"[252.57, 28]","[250.88, 64]","[340.59, 34]","[529.3, 50]",296.58,176,88.02,0.05
07:48:33,"[256.0, 6]","[252.0, 36]","[271.18, 22]","[428.18, 22]",263.59,86,15.18,-0.02
07:48:34,"[258.14, 71]","[256.28, 76]","[266.0, 44]","[285.0, 33]",262.07,224,7.86,0.31
07:48:35,"[259.11, 88]","[258.07, 107]","[266.0, 44]","[271.94, 49]",262.56,288,6.89,0.35
07:48:36,"[260.0, 81]","[259.0, 56]","[265.75, 32]","[268.37, 38]",262.88,207,5.75,0.32
07:48:37,"[260.24, 101]","[259.57, 115]","[263.67, 36]","[266.26, 54]",261.95,306,3.43,0.41
07:48:38,"[260.0, 110]","[259.0, 70]","[262.0, 20]","[269.33, 48]",261.0,248,2.0,0.45
07:48:39,"[260.0, 22]","[259.0, 14]","[262.0, 4]","[271.0, 8]",261.0,48,2.0,0.5
07:48:40,"[260.0, 123]","[259.0, 84]","[261.67, 18]","[268.0, 36]",260.83,261,1.67,0.59
07:48:41,"[260.0, 62]","[259.0, 105]","[262.5, 28]","[271.21, 56]",261.25,251,2.5,0.33
07:48:42,"[261.4, 60]","[260.0, 40]","[264.0, 20]","[272.0, 40]",262.7,160,2.6,0.25
07:48:43,"[262.18, 34]","[259.74, 54]","[268.0, 32]","[330.67, 48]",265.09,168,5.82,0.05
07:48:44,"[261.82, 22]","[260.06, 68]","[272.0, 68]","[449.46, 39]",266.91,197,10.18,-0.09
07:48:45,"[267.0, 36]","[262.29, 21]","[271.44, 36]","[303.8, 30]",269.22,123,4.44,-0.07
07:48:46,"[265.06, 31]","[261.04, 27]","[269.08, 24]","[278.0, 48]",267.07,130,4.02,-0.11
07:48:47,"[261.0, 20]","[260.0, 42]","[267.29, 35]","[273.47, 30]",264.14,127,6.29,-0.02
07:48:48,"[261.31, 26]","[260.15, 53]","[266.74, 47]","[267.32, 44]",264.03,170,5.44,-0.07
07:48:49,"[262.19, 32]","[261.0, 32]","[264.33, 66]","[266.37, 41]",263.26,171,2.15,-0.25
07:48:50,"[260.35, 40]","[259.86, 28]","[263.8, 66]","[267.74, 46]",262.08,180,3.45,-0.24
07:48:51,"[260.0, 40]","[259.0, 8]","[262.38, 24]","[266.27, 37]",261.19,109,2.38,-0.12
07:48:52,"[260.0, 40]","[259.0, 8]","[262.0, 24]","[271.9, 39]",261.0,111,2.0,-0.14
07:48:53,"[257.0, 12]","[251.36, 66]","[261.42, 36]","[271.54, 28]",259.21,142,4.42,0.1
07:48:54,"[253.1, 21]","[250.86, 118]","[260.11, 45]","[261.82, 22]",256.6,206,7.02,0.35
07:48:55,"[251.04, 83]","[249.76, 79]","[259.78, 36]","[260.47, 30]",255.41,228,8.74,0.42
07:48:56,"[249.77, 130]","[248.12, 41]","[257.35, 34]","[259.54, 52]",253.56,257,7.58,0.33
07:48:57,"[249.71, 129]","[248.74, 94]","[253.4, 60]","[257.0, 60]",251.55,343,3.69,0.3
07:48:58,"[251.0, 85]","[249.0, 100]","[253.17, 46]","[279.76, 78]",252.09,309,2.17,0.2
07:48:59,"[252.05, 38]","[249.45, 55]","[257.0, 90]","[311.89, 37]",254.53,220,4.95,-0.15
07:49:00,"[253.19, 77]","[247.88, 85]","[256.89, 160]","[262.03, 70]",255.04,392,3.69,-0.17
07:49:01,"[250.8, 60]","[245.29, 62]","[255.92, 75]","[256.67, 46]",253.36,243,5.12,0.0
