Time,Bid1,Bid2,Ask1,Ask2,Mid-Price,Total_volume,Bid_ask_spread,Order_imbalance
07:30:00,"[0, 0]","[0, 0]","[0, 0]","[0, 0]",0.0,0,0.0,0.0
07:30:02,"[209.0, 6]","[0, 0]","[0, 0]","[0, 0]",104.5,6,-209.0,1.0
07:30:03,"[274.0, 15]","[215.75, 8]","[0, 0]","[0, 0]",137.0,23,-274.0,1.0
07:30:04,"[274.0, 20]","[236.0, 4]","[344.46, 13]","[346.0, 3]",309.23,40,70.46,0.2
07:30:05,"[275.89, 36]","[272.66, 29]","[343.14, 28]","[346.0, 7]",309.52,100,67.25,0.3
07:30:06,"[282.0, 55]","[275.4, 50]","[341.1, 40]","[346.0, 10]",311.55,155,59.1,0.35
07:30:07,"[282.0, 30]","[277.0, 30]","[338.17, 24]","[346.0, 6]",310.08,90,56.17,0.33
07:30:08,"[282.0, 40]","[277.0, 40]","[336.14, 29]","[342.36, 11]",309.07,120,54.14,0.33
07:30:09,"[282.0, 50]","[277.0, 50]","[325.55, 38]","[325.67, 21]",303.78,159,43.55,0.26
07:30:10,"[282.0, 45]","[277.0, 45]","[317.91, 35]","[318.98, 42]",299.96,167,35.91,0.08
07:30:11,"[282.0, 26]","[277.0, 40]","[314.42, 26]","[314.83, 30]",298.21,122,32.42,0.08
07:30:12,"[282.0, 39]","[279.69, 107]","[308.62, 39]","[310.16, 43]",295.31,228,26.62,0.28
07:30:13,"[282.0, 39]","[278.17, 41]","[302.79, 52]","[303.82, 38]",292.39,170,20.79,-0.06
07:30:14,"[282.0, 30]","[280.0, 20]","[299.8, 46]","[300.8, 30]",290.9,126,17.8,-0.21
07:30:15,"[281.91, 46]","[279.12, 34]","[295.9, 58]","[297.09, 66]",288.9,204,13.98,-0.22
07:30:16,"[280.81, 47]","[277.19, 48]","[293.32, 53]","[294.66, 41]",287.06,189,12.51,0.01
07:30:17,"[281.0, 180]","[280.0, 15]","[292.09, 69]","[292.95, 57]",286.54,321,11.09,0.21
07:30:18,"[281.0, 168]","[280.0, 16]","[288.49, 47]","[289.64, 55]",284.74,286,7.49,0.29
07:30:19,"[281.0, 154]","[280.0, 57]","[282.42, 57]","[283.9, 58]",281.71,326,1.42,0.29
07:30:20,"[281.15, 39]","[280.15, 39]","[282.92, 39]","[286.85, 27]",282.04,144,1.77,0.08
07:30:21,"[281.0, 33]","[280.0, 33]","[283.0, 33]","[288.0, 11]",282.0,110,2.0,0.2
07:30:22,"[281.0, 24]","[280.0, 24]","[283.0, 24]","[288.0, 8]",282.0,80,2.0,0.2
07:30:23,"[281.0, 18]","[280.0, 18]","[283.0, 18]","[288.0, 6]",282.0,60,2.0,0.2
07:30:24,"[281.0, 27]","[280.0, 27]","[283.0, 27]","[288.0, 9]",282.0,90,2.0,0.2
07:30:25,"[280.0, 22]","[278.11, 27]","[283.0, 21]","[288.0, 7]",281.5,77,3.0,0.27
07:30:26,"[278.0, 10]","[274.27, 22]","[283.0, 18]","[288.0, 6]",280.5,56,5.0,0.14
07:30:27,"[277.0, 11]","[274.0, 55]","[281.41, 34]","[283.88, 24]",279.21,124,4.41,0.06
07:30:28,"[274.56, 43]","[273.7, 47]","[278.37, 46]","[279.38, 48]",276.46,184,3.81,-0.02
07:30:29,"[273.71, 48]","[266.65, 17]","[277.7, 50]","[279.31, 48]",275.7,163,3.99,-0.2
07:30:30,"[272.0, 10]","[259.0, 10]","[285.67, 15]","[286.67, 15]",278.83,50,13.67,-0.2
07:30:31,"[272.8, 10]","[265.59, 22]","[283.6, 10]","[286.0, 20]",278.2,62,10.8,0.03
07:30:32,"[272.67, 12]","[261.17, 12]","[280.21, 24]","[283.47, 19]",276.44,67,7.54,-0.28
07:30:33,"[265.6, 15]","[258.4, 15]","[277.87, 15]","[280.0, 45]",271.73,90,12.27,-0.33
07:30:34,"[271.74, 39]","[265.76, 17]","[278.36, 28]","[281.39, 33]",275.05,117,6.61,-0.04
07:30:35,"[274.56, 36]","[264.46, 13]","[284.71, 34]","[286.32, 31]",279.63,114,10.15,-0.14
07:30:36,"[281.97, 74]","[279.88, 17]","[285.3, 20]","[286.16, 25]",283.64,136,3.33,0.34
07:30:37,"[282.0, 81]","[281.0, 18]","[285.0, 18]","[286.0, 27]",283.5,144,3.0,0.38
07:30:38,"[282.0, 39]","[281.0, 12]","[285.0, 12]","[286.0, 18]",283.5,81,3.0,0.26
07:30:39,"[282.0, 24]","[281.0, 12]","[285.0, 12]","[286.0, 18]",283.5,66,3.0,0.09
07:30:40,"[282.92, 52]","[281.0, 26]","[285.77, 39]","[399.85, 39]",284.35,156,2.85,0.0
07:30:41,"[283.0, 44]","[281.0, 22]","[285.36, 33]","[303.59, 34]",284.18,133,2.36,-0.01
07:30:42,"[283.0, 32]","[281.0, 16]","[287.0, 30]","[347.66, 32]",285.0,110,4.0,-0.13
07:30:43,"[283.0, 28]","[281.56, 9]","[284.94, 32]","[291.78, 23]",283.97,92,1.94,-0.2
07:30:44,"[282.69, 26]","[281.12, 16]","[283.8, 20]","[285.0, 50]",283.25,112,1.11,-0.25
07:30:45,"[280.29, 21]","[276.57, 21]","[281.57, 14]","[287.54, 35]",280.93,91,1.29,-0.08
07:30:46,"[280.0, 16]","[274.0, 16]","[281.0, 16]","[288.75, 40]",280.5,88,1.0,-0.27
07:30:47,"[278.62, 26]","[272.62, 26]","[284.0, 35]","[289.07, 59]",281.31,146,5.38,-0.29
07:30:48,"[274.0, 24]","[268.0, 24]","[288.0, 60]","[295.0, 36]",281.0,144,14.0,-0.33
07:30:49,"[274.04, 23]","[268.5, 24]","[282.67, 60]","[289.62, 52]",278.36,159,8.62,-0.41
07:30:50,"[266.7, 27]","[251.57, 21]","[283.27, 55]","[290.43, 47]",274.99,150,16.57,-0.36
07:30:51,"[264.23, 83]","[242.08, 103]","[285.12, 41]","[290.24, 51]",274.68,278,20.89,0.34
07:30:52,"[278.69, 80]","[268.23, 56]","[284.0, 30]","[288.0, 30]",281.34,196,5.31,0.39
07:30:53,"[282.0, 50]","[281.0, 90]","[284.0, 30]","[288.0, 30]",283.0,200,2.0,0.4
07:30:54,"[282.0, 80]","[281.0, 144]","[284.0, 48]","[288.0, 48]",283.0,320,2.0,0.4
07:30:55,"[282.0, 45]","[281.0, 81]","[283.32, 37]","[286.11, 27]",282.66,190,1.32,0.33
07:30:56,"[281.19, 78]","[280.23, 118]","[284.17, 36]","[287.1, 30]",282.68,262,2.97,0.5
07:30:57,"[281.0, 64]","[280.0, 117]","[285.0, 27]","[288.0, 27]",283.0,235,4.0,0.54
07:30:58,"[281.0, 30]","[280.0, 65]","[285.0, 15]","[289.3, 23]",283.0,133,4.0,0.43
07:30:59,"[281.0, 48]","[280.0, 104]","[285.0, 24]","[288.0, 40]",283.0,216,4.0,0.41
07:31:00,"[281.0, 16]","[280.0, 78]","[283.12, 8]","[286.35, 20]",282.06,122,2.12,0.54
07:31:01,"[281.0, 10]","[280.0, 130]","[282.0, 10]","[287.0, 30]",281.5,180,1.0,0.56
07:31:02,"[280.08, 48]","[279.79, 56]","[286.17, 18]","[287.74, 34]",283.12,156,6.08,0.33
07:31:03,"[280.0, 66]","[277.0, 6]","[287.0, 18]","[288.0, 30]",283.5,120,7.0,0.2
07:31:04,"[280.0, 44]","[277.0, 4]","[287.0, 12]","[288.0, 20]",283.5,80,7.0,0.2
07:31:05,"[280.0, 102]","[277.0, 10]","[287.0, 30]","[288.0, 50]",283.5,192,7.0,0.17
07:31:06,"[280.0, 45]","[277.0, 4]","[287.62, 16]","[288.29, 14]",283.81,79,7.62,0.24
07:31:07,"[280.0, 144]","[277.0, 8]","[287.5, 30]","[288.19, 31]",283.75,213,7.5,0.43
07:31:08,"[280.0, 162]","[277.0, 9]","[284.43, 28]","[286.48, 31]",282.21,230,4.43,0.49
07:31:09,"[280.0, 270]","[277.0, 15]","[282.33, 45]","[286.58, 26]",281.17,356,2.33,0.6
07:31:10,"[280.0, 157]","[277.0, 9]","[282.0, 27]","[287.0, 18]",281.0,211,2.0,0.57
07:31:11,"[280.0, 156]","[277.0, 12]","[282.0, 36]","[287.0, 24]",281.0,228,2.0,0.47
07:31:12,"[280.0, 104]","[277.0, 8]","[281.25, 24]","[287.68, 31]",280.62,167,1.25,0.34
07:31:13,"[280.0, 127]","[277.0, 10]","[281.48, 29]","[288.15, 33]",280.74,199,1.48,0.38
07:31:14,"[280.0, 85]","[277.0, 9]","[288.0, 18]","[289.0, 45]",284.0,157,8.0,0.2
07:31:15,"[280.59, 49]","[279.73, 44]","[287.0, 12]","[288.0, 24]",283.8,129,6.41,0.44
07:31:16,"[280.32, 38]","[278.96, 23]","[285.55, 11]","[288.59, 34]",282.93,106,5.23,0.15
07:31:17,"[281.0, 51]","[278.9, 40]","[284.0, 17]","[290.3, 43]",282.5,151,3.0,0.21
07:31:18,"[280.0, 30]","[277.0, 10]","[283.4, 10]","[291.0, 20]",281.7,70,3.4,0.14
07:31:19,"[280.0, 33]","[277.0, 11]","[283.0, 11]","[291.14, 28]",281.5,83,3.0,0.06
07:31:20,"[280.0, 30]","[277.0, 8]","[281.62, 16]","[287.38, 16]",280.81,70,1.62,0.09
07:31:21,"[280.47, 64]","[279.11, 37]","[282.16, 19]","[289.87, 107]",281.31,227,1.69,-0.11
07:31:22,"[281.0, 45]","[280.0, 63]","[286.0, 25]","[289.63, 41]",283.5,174,5.0,0.24
07:31:23,"[281.0, 35]","[280.0, 49]","[287.0, 35]","[290.0, 14]",284.0,133,6.0,0.26
07:31:24,"[281.0, 41]","[280.0, 77]","[284.12, 51]","[285.33, 48]",282.56,217,3.12,0.09
07:31:25,"[280.0, 90]","[277.0, 14]","[281.5, 70]","[284.52, 58]",280.75,232,1.5,-0.1
07:31:26,"[278.5, 10]","[275.12, 8]","[281.0, 40]","[287.0, 40]",279.75,98,2.5,-0.63
07:31:27,"[277.0, 11]","[274.0, 11]","[280.27, 55]","[287.0, 55]",278.64,132,3.27,-0.67
07:31:28,"[274.23, 13]","[269.1, 49]","[278.9, 49]","[284.54, 65]",276.56,176,4.67,-0.3
07:31:29,"[274.0, 6]","[269.0, 24]","[276.09, 22]","[282.5, 8]",275.05,60,2.09,0.0
07:31:30,"[274.0, 7]","[269.0, 28]","[277.0, 7]","[288.0, 14]",275.5,56,3.0,0.25
07:31:31,"[274.0, 12]","[269.0, 48]","[277.0, 12]","[288.0, 24]",275.5,96,3.0,0.25
07:31:32,"[274.0, 8]","[269.0, 32]","[277.0, 8]","[288.75, 40]",275.5,88,3.0,-0.09
07:31:33,"[277.7, 135]","[267.36, 183]","[284.23, 66]","[287.67, 90]",280.97,474,6.52,0.34
07:31:34,"[282.0, 180]","[269.36, 50]","[285.0, 60]","[288.0, 60]",283.5,350,3.0,0.31
07:31:35,"[282.45, 110]","[280.47, 170]","[285.0, 85]","[286.29, 70]",283.73,435,2.55,0.29
07:31:36,"[283.0, 47]","[282.0, 165]","[285.0, 63]","[286.0, 55]",284.0,330,2.0,0.28
07:31:37,"[283.0, 16]","[282.0, 90]","[285.0, 36]","[286.0, 30]",284.0,172,2.0,0.23
07:31:38,"[283.0, 14]","[282.0, 210]","[284.88, 82]","[285.83, 72]",283.94,378,1.88,0.19
07:31:39,"[282.14, 81]","[281.68, 170]","[283.94, 80]","[285.72, 83]",283.04,414,1.8,0.21
07:31:40,"[282.0, 156]","[271.0, 14]","[288.22, 118]","[298.57, 84]",285.11,372,6.22,-0.09
07:31:41,"[282.5, 90]","[277.88, 82]","[290.0, 154]","[397.59, 39]",286.25,365,7.5,-0.06
07:31:42,"[283.0, 90]","[272.53, 79]","[289.42, 78]","[302.5, 96]",286.21,343,6.42,-0.01
07:31:43,"[283.0, 102]","[275.0, 28]","[287.97, 58]","[289.01, 74]",285.48,262,4.97,-0.01
07:31:44,"[283.0, 103]","[275.0, 34]","[284.94, 47]","[286.71, 82]",283.97,266,1.94,0.03
07:31:45,"[283.0, 31]","[275.0, 28]","[285.81, 58]","[288.27, 26]",284.41,143,2.81,-0.17
07:31:46,"[283.0, 16]","[275.0, 16]","[285.0, 40]","[292.25, 20]",284.0,92,2.0,-0.3
07:31:47,"[279.36, 22]","[272.47, 77]","[286.88, 40]","[294.0, 20]",283.12,159,7.51,0.25
07:31:48,"[272.75, 48]","[271.86, 84]","[293.25, 24]","[294.8, 10]",283.0,166,20.5,0.59
07:31:49,"[272.0, 192]","[270.0, 32]","[290.88, 48]","[295.0, 16]",281.44,288,18.88,0.56
07:31:50,"[272.33, 57]","[271.86, 116]","[288.87, 45]","[292.75, 16]",280.6,234,16.53,0.48
07:31:51,"[275.83, 12]","[273.76, 111]","[287.52, 29]","[288.62, 56]",281.68,208,11.68,0.18
07:31:52,"[274.17, 12]","[271.09, 11]","[286.78, 18]","[287.95, 38]",280.47,79,12.61,-0.42
07:31:53,"[273.0, 10]","[270.0, 10]","[284.15, 27]","[285.73, 22]",278.57,69,11.15,-0.42
07:31:54,"[276.16, 43]","[272.46, 24]","[283.0, 42]","[285.0, 28]",279.58,137,6.84,-0.02
07:31:55,"[276.02, 46]","[269.55, 55]","[283.65, 31]","[285.53, 19]",279.83,151,7.62,0.34
07:31:56,"[277.0, 50]","[269.32, 38]","[285.0, 20]","[287.0, 10]",281.0,118,8.0,0.49
07:31:57,"[281.0, 40]","[273.92, 12]","[285.29, 14]","[287.85, 26]",283.14,92,4.29,0.13
07:31:58,"[278.5, 60]","[274.5, 20]","[285.48, 23]","[287.47, 38]",281.99,141,6.98,0.13
07:31:59,"[278.0, 30]","[271.0, 6]","[284.0, 12]","[288.31, 26]",281.0,74,6.0,-0.03
07:32:00,"[278.0, 56]","[270.3, 23]","[284.0, 24]","[289.0, 72]",281.0,175,6.0,-0.1
07:32:01,"[278.38, 16]","[269.44, 34]","[284.0, 26]","[289.0, 78]",281.19,154,5.62,-0.35
07:32:02,"[279.7, 33]","[278.96, 23]","[283.79, 28]","[289.0, 84]",281.74,168,4.09,-0.33
07:32:03,"[281.0, 30]","[280.0, 45]","[286.83, 48]","[290.61, 93]",283.92,216,5.83,-0.31
07:32:04,"[282.08, 26]","[280.0, 39]","[287.06, 64]","[289.41, 44]",284.57,173,4.99,-0.25
07:32:05,"[283.7, 20]","[280.9, 30]","[287.0, 60]","[290.0, 40]",285.35,150,3.3,-0.33
07:32:06,"[284.0, 30]","[283.0, 45]","[286.0, 30]","[287.0, 52]",285.0,157,2.0,-0.04
07:32:07,"[283.67, 27]","[281.75, 36]","[287.33, 30]","[289.85, 39]",285.5,132,3.67,-0.05
07:32:08,"[283.0, 36]","[278.0, 36]","[290.0, 48]","[292.0, 12]",286.5,132,7.0,0.09
07:32:09,"[283.0, 19]","[278.0, 39]","[287.96, 28]","[292.9, 40]",285.48,126,4.96,-0.08
07:32:10,"[281.0, 10]","[276.59, 34]","[284.92, 38]","[287.23, 22]",282.96,104,3.92,-0.15
07:32:11,"[275.23, 39]","[272.34, 106]","[284.0, 15]","[285.0, 75]",279.62,235,8.77,0.23
07:32:12,"[274.45, 31]","[273.54, 46]","[282.12, 16]","[286.53, 36]",278.29,129,7.67,0.19
07:32:13,"[269.38, 32]","[169.2, 54]","[278.82, 38]","[280.21, 28]",274.1,152,9.44,0.13
07:32:14,"[269.0, 20]","[175.24, 42]","[284.58, 19]","[286.41, 46]",276.79,127,15.58,-0.02
07:32:15,"[272.25, 32]","[232.86, 63]","[285.17, 58]","[293.44, 68]",278.71,221,12.92,-0.14
07:32:16,"[282.0, 28]","[267.29, 14]","[285.0, 35]","[287.0, 31]",283.5,108,3.0,-0.22
07:32:17,"[282.0, 40]","[269.62, 52]","[285.0, 50]","[287.0, 13]",283.5,155,3.0,0.19
07:32:18,"[282.0, 32]","[275.0, 48]","[285.0, 40]","[287.0, 32]",283.5,152,3.0,0.05
07:32:19,"[282.0, 40]","[275.0, 60]","[286.15, 40]","[308.26, 35]",284.07,175,4.15,0.14
07:32:20,"[282.4, 53]","[276.4, 60]","[286.07, 43]","[287.03, 32]",284.23,188,3.67,0.2
07:32:21,"[283.0, 122]","[282.0, 56]","[285.86, 42]","[287.07, 42]",284.43,262,2.86,0.36
07:32:22,"[283.0, 114]","[282.0, 24]","[284.0, 18]","[287.0, 9]",283.5,165,1.0,0.67
07:32:23,"[283.0, 222]","[282.0, 48]","[284.0, 36]","[287.0, 12]",283.5,318,1.0,0.7
07:32:24,"[283.0, 84]","[282.0, 20]","[284.91, 11]","[290.6, 5]",283.95,120,1.91,0.73
07:32:25,"[283.0, 135]","[281.64, 59]","[289.0, 9]","[291.27, 11]",286.0,214,6.0,0.81
07:32:26,"[283.0, 118]","[282.0, 96]","[289.0, 8]","[291.0, 32]",286.0,254,6.0,0.69
07:32:27,"[283.0, 78]","[282.0, 72]","[289.0, 6]","[291.0, 24]",286.0,180,6.0,0.67
07:32:28,"[283.0, 112]","[282.0, 108]","[289.0, 9]","[291.0, 36]",286.0,265,6.0,0.66
07:32:29,"[283.14, 56]","[282.5, 96]","[289.0, 8]","[291.0, 32]",286.07,192,5.86,0.58
07:32:30,"[284.0, 14]","[283.0, 84]","[289.0, 7]","[291.0, 28]",286.5,133,5.0,0.47
07:32:31,"[284.0, 22]","[283.0, 132]","[289.0, 11]","[291.0, 44]",286.5,209,5.0,0.47
07:32:32,"[283.11, 37]","[282.4, 60]","[289.0, 5]","[291.0, 20]",286.05,122,5.89,0.59
07:32:33,"[283.0, 88]","[282.0, 96]","[289.0, 8]","[291.0, 32]",286.0,224,6.0,0.64
07:32:34,"[283.0, 74]","[282.0, 84]","[288.2, 15]","[290.5, 16]",285.6,189,5.2,0.67
07:32:35,"[283.0, 72]","[282.0, 108]","[286.4, 15]","[287.86, 21]",284.7,216,3.4,0.67
07:32:36,"[283.0, 184]","[282.0, 144]","[285.75, 24]","[286.25, 24]",284.38,376,2.75,0.74
07:32:37,"[283.0, 240]","[282.0, 180]","[285.33, 39]","[291.39, 56]",284.17,515,2.33,0.63
07:32:38,"[283.0, 76]","[282.0, 108]","[292.75, 32]","[295.86, 42]",287.88,258,9.75,0.43
07:32:39,"[283.0, 81]","[282.0, 108]","[294.0, 36]","[297.15, 41]",288.5,266,11.0,0.42
07:32:40,"[283.0, 121]","[282.0, 168]","[292.91, 22]","[293.78, 32]",287.95,343,9.91,0.69
07:32:41,"[283.0, 28]","[282.0, 84]","[292.0, 7]","[293.73, 22]",287.5,141,9.0,0.59
07:32:42,"[283.0, 32]","[282.0, 96]","[292.0, 40]","[298.0, 24]",287.5,192,9.0,0.33
07:32:43,"[283.0, 52]","[282.0, 156]","[292.0, 65]","[298.0, 39]",287.5,312,9.0,0.33
07:32:44,"[282.54, 39]","[280.97, 110]","[292.0, 60]","[298.0, 36]",287.27,245,9.46,0.22
07:32:45,"[283.0, 26]","[281.36, 28]","[292.0, 60]","[298.0, 36]",287.5,150,9.0,-0.28
07:32:46,"[283.0, 39]","[282.0, 13]","[292.0, 25]","[298.0, 42]",287.5,119,9.0,-0.13
07:32:47,"[283.0, 33]","[282.0, 11]","[292.0, 22]","[298.0, 39]",287.5,105,9.0,-0.16
07:32:48,"[283.0, 45]","[282.0, 15]","[291.2, 41]","[293.9, 41]",287.1,142,8.2,-0.15
07:32:49,"[283.0, 32]","[282.0, 12]","[291.0, 36]","[292.0, 27]",287.0,107,8.0,-0.18
07:32:50,"[283.0, 16]","[282.0, 8]","[290.25, 24]","[292.0, 11]",286.62,59,7.25,-0.19
07:32:51,"[283.0, 30]","[282.0, 15]","[289.0, 45]","[291.22, 18]",286.0,108,6.0,-0.17
07:32:52,"[283.0, 26]","[282.0, 13]","[287.54, 39]","[290.0, 13]",285.27,91,4.54,-0.14
07:32:53,"[281.0, 21]","[278.0, 72]","[286.0, 27]","[290.44, 9]",283.5,129,5.0,0.44
07:32:54,"[281.0, 13]","[278.0, 104]","[285.69, 39]","[291.0, 13]",283.35,169,4.69,0.38
07:32:55,"[281.0, 9]","[278.0, 72]","[284.11, 27]","[291.0, 9]",282.56,117,3.11,0.38
07:32:56,"[281.0, 13]","[278.0, 104]","[283.23, 39]","[284.64, 33]",282.12,189,2.23,0.24
07:32:57,"[278.54, 39]","[277.21, 76]","[282.83, 29]","[283.82, 33]",280.68,177,4.29,0.3
07:32:58,"[278.0, 107]","[275.0, 80]","[280.62, 48]","[282.31, 48]",279.31,283,2.62,0.32
07:32:59,"[278.0, 47]","[275.0, 65]","[279.0, 39]","[281.44, 27]",278.5,178,1.0,0.26
07:33:00,"[278.0, 26]","[275.0, 65]","[279.0, 39]","[285.46, 13]",278.5,143,1.0,0.27
07:33:01,"[276.5, 52]","[274.62, 74]","[280.25, 32]","[287.36, 14]",278.38,172,3.75,0.47
07:33:02,"[276.67, 108]","[275.04, 57]","[286.45, 22]","[287.77, 13]",281.56,200,9.79,0.65
07:33:03,"[278.67, 36]","[276.52, 63]","[284.43, 28]","[285.86, 21]",281.55,148,5.76,0.34
07:33:04,"[282.2, 40]","[275.51, 84]","[284.48, 29]","[285.95, 59]",283.34,212,2.28,0.17
07:33:05,"[282.27, 33]","[277.0, 42]","[284.0, 15]","[286.08, 48]",283.14,138,1.73,0.09
07:33:06,"[277.1, 42]","[275.39, 31]","[281.87, 15]","[283.53, 15]",279.48,103,4.77,0.42
07:33:07,"[275.0, 17]","[272.82, 17]","[279.82, 17]","[281.0, 17]",277.41,68,4.82,0.0
07:33:08,"[275.59, 27]","[273.84, 19]","[277.16, 19]","[281.0, 19]",276.38,84,1.57,0.1
07:33:09,"[276.0, 26]","[275.0, 13]","[281.94, 34]","[284.57, 58]",278.97,131,5.94,-0.4
07:33:10,"[277.67, 24]","[275.0, 12]","[281.0, 24]","[286.0, 60]",279.33,120,3.33,-0.4
07:33:11,"[278.21, 28]","[275.8, 15]","[281.0, 26]","[286.73, 55]",279.61,124,2.79,-0.31
07:33:12,"[279.0, 42]","[278.0, 28]","[286.44, 63]","[288.54, 35]",282.72,168,7.44,-0.17
07:33:13,"[280.85, 59]","[278.0, 26]","[286.0, 65]","[288.0, 52]",283.42,202,5.15,-0.16
07:33:14,"[281.53, 38]","[279.67, 27]","[286.0, 55]","[288.0, 44]",283.76,164,4.47,-0.21
07:33:15,"[282.33, 42]","[280.45, 33]","[286.0, 60]","[288.0, 48]",284.17,183,3.67,-0.18
07:33:16,"[281.0, 22]","[278.0, 22]","[286.0, 55]","[288.0, 44]",283.5,143,5.0,-0.38
07:33:17,"[281.0, 14]","[278.0, 14]","[286.0, 35]","[288.0, 28]",283.5,91,5.0,-0.38
07:33:18,"[276.55, 29]","[268.21, 66]","[285.21, 70]","[287.58, 95]",280.88,260,8.66,-0.27
07:33:19,"[278.75, 16]","[275.0, 8]","[285.0, 40]","[288.0, 72]",281.88,136,6.25,-0.65
07:33:20,"[279.0, 29]","[275.0, 19]","[287.33, 82]","[293.4, 139]",283.16,269,8.33,-0.64
07:33:21,"[280.12, 16]","[275.0, 16]","[283.39, 64]","[286.18, 102]",281.76,198,3.27,-0.68
07:33:22,"[272.84, 25]","[270.32, 53]","[282.87, 39]","[283.52, 27]",277.86,144,10.03,0.08
07:33:23,"[271.0, 8]","[270.0, 64]","[280.75, 8]","[283.0, 40]",275.88,120,9.75,0.2
07:33:24,"[271.0, 14]","[270.0, 112]","[278.57, 42]","[284.51, 61]",274.79,229,7.57,0.1
07:33:25,"[270.41, 51]","[269.11, 135]","[275.55, 44]","[283.74, 68]",272.98,298,5.13,0.25
07:33:26,"[273.14, 28]","[270.0, 42]","[275.14, 14]","[286.0, 70]",274.14,154,2.0,-0.09
07:33:27,"[269.46, 37]","[267.8, 90]","[281.88, 16]","[286.5, 40]",275.67,183,12.42,0.39
07:33:28,"[268.0, 182]","[265.0, 36]","[285.88, 24]","[287.38, 52]",276.94,294,17.88,0.48
07:33:29,"[268.0, 294]","[265.0, 42]","[283.96, 45]","[285.83, 71]",275.98,452,15.96,0.49
07:33:30,"[268.0, 231]","[265.0, 33]","[283.97, 62]","[284.89, 56]",275.98,382,15.97,0.38
07:33:31,"[268.0, 273]","[265.0, 39]","[284.0, 75]","[285.77, 65]",276.0,452,16.0,0.38
07:33:32,"[269.95, 83]","[268.04, 160]","[282.36, 66]","[284.29, 70]",276.16,379,12.41,0.28
07:33:33,"[271.58, 66]","[269.27, 60]","[280.24, 68]","[284.0, 85]",275.91,279,8.66,-0.1
07:33:34,"[272.0, 9]","[271.0, 18]","[280.0, 36]","[284.0, 45]",276.0,108,8.0,-0.5
07:33:35,"[266.62, 29]","[264.32, 38]","[280.0, 28]","[284.0, 35]",273.31,130,13.38,0.03
07:33:36,"[266.0, 78]","[263.0, 91]","[278.57, 49]","[282.13, 61]",272.29,279,12.57,0.21
07:33:37,"[266.0, 84]","[263.0, 98]","[275.77, 44]","[276.75, 48]",270.89,274,9.77,0.33
07:33:38,"[266.0, 30]","[263.0, 35]","[269.62, 13]","[272.33, 6]",267.81,84,3.62,0.55
07:33:39,"[266.4, 40]","[264.6, 60]","[268.5, 36]","[271.0, 12]",267.45,148,2.1,0.35
07:33:40,"[266.44, 25]","[263.1, 116]","[273.29, 38]","[275.68, 78]",269.86,257,6.85,0.1
07:33:41,"[260.58, 24]","[258.24, 163]","[271.71, 31]","[276.86, 57]",266.15,275,11.13,0.36
07:33:42,"[260.79, 68]","[258.22, 110]","[269.0, 65]","[273.0, 13]",264.9,256,8.21,0.39
07:33:43,"[261.89, 81]","[257.89, 56]","[269.0, 39]","[273.0, 9]",265.44,185,7.11,0.48
07:33:44,"[262.0, 99]","[257.0, 22]","[267.26, 31]","[269.4, 20]",264.63,172,5.26,0.41
07:33:45,"[263.67, 97]","[262.68, 80]","[267.15, 55]","[269.21, 38]",265.41,270,3.48,0.31
07:33:46,"[267.3, 46]","[266.79, 38]","[270.08, 26]","[271.74, 19]",268.69,129,2.77,0.3
07:33:47,"[268.95, 66]","[266.9, 20]","[271.11, 35]","[273.83, 24]",270.03,145,2.16,0.19
07:33:48,"[271.42, 12]","[269.0, 36]","[273.0, 12]","[275.0, 60]",272.21,120,1.58,-0.2
07:33:49,"[272.11, 9]","[269.0, 27]","[274.94, 35]","[277.82, 85]",273.53,156,2.83,-0.54
07:33:50,"[269.68, 25]","[261.43, 61]","[275.0, 37]","[278.0, 110]",272.34,233,5.32,-0.26
07:33:51,"[267.76, 34]","[260.3, 70]","[274.6, 25]","[277.31, 65]",271.18,194,6.84,0.07
07:33:52,"[263.0, 77]","[260.0, 77]","[272.15, 13]","[274.51, 41]",267.58,208,9.15,0.48
07:33:53,"[263.0, 49]","[260.0, 49]","[272.67, 9]","[274.29, 35]",267.83,142,9.67,0.38
07:33:54,"[263.0, 77]","[260.0, 77]","[275.82, 33]","[276.67, 15]",269.41,202,12.82,0.52
07:33:55,"[263.0, 49]","[260.0, 49]","[276.45, 11]","[278.85, 27]",269.73,136,13.45,0.44
07:33:56,"[263.0, 56]","[259.4, 40]","[276.0, 51]","[277.0, 8]",269.5,155,13.0,0.24
07:33:57,"[261.8, 20]","[227.14, 22]","[276.0, 42]","[277.0, 6]",268.9,90,14.2,-0.07
07:33:58,"[264.67, 18]","[258.05, 37]","[276.0, 67]","[277.0, 13]",270.33,135,11.33,-0.19
07:33:59,"[267.0, 48]","[259.76, 25]","[276.0, 66]","[277.0, 13]",271.5,152,9.0,-0.04
07:34:00,"[268.57, 14]","[267.88, 25]","[275.83, 24]","[276.4, 10]",272.2,73,7.26,0.07
07:34:01,"[269.0, 22]","[267.36, 66]","[274.9, 42]","[276.29, 45]",271.95,175,5.9,0.01
07:34:02,"[269.44, 36]","[267.42, 76]","[271.0, 40]","[275.0, 144]",270.22,296,1.56,-0.24
07:34:03,"[269.0, 18]","[267.0, 54]","[271.0, 9]","[275.0, 56]",270.0,137,2.0,0.05
07:34:04,"[267.0, 54]","[266.3, 60]","[269.87, 30]","[274.27, 49]",268.43,193,2.87,0.18
07:34:05,"[266.0, 78]","[262.0, 13]","[268.23, 26]","[271.0, 37]",267.12,154,2.23,0.18
07:34:06,"[266.0, 18]","[262.0, 3]","[269.29, 7]","[271.67, 12]",267.64,40,3.29,0.05
07:34:07,"[266.69, 58]","[265.52, 63]","[271.0, 33]","[273.0, 52]",268.84,206,4.31,0.17
07:34:08,"[267.75, 40]","[263.67, 90]","[276.55, 44]","[289.19, 54]",272.15,228,8.8,0.14
07:34:09,"[268.46, 26]","[261.5, 109]","[277.0, 52]","[316.62, 52]",272.73,239,8.54,0.13
07:34:10,"[269.0, 16]","[263.0, 72]","[277.0, 32]","[290.08, 26]",273.0,146,8.0,0.21
07:34:11,"[273.4, 10]","[270.6, 10]","[277.0, 20]","[283.0, 15]",275.2,55,3.6,-0.27
07:34:12,"[274.0, 22]","[265.64, 44]","[277.29, 42]","[284.69, 32]",275.64,140,3.29,-0.06
07:34:13,"[274.0, 14]","[267.0, 7]","[281.86, 14]","[400.0, 18]",277.93,53,7.86,-0.21
07:34:14,"[275.29, 28]","[269.82, 17]","[278.0, 28]","[280.14, 28]",276.64,101,2.71,-0.11
07:34:15,"[275.13, 23]","[267.38, 21]","[278.17, 24]","[281.5, 24]",276.65,92,3.04,-0.04
07:34:16,"[268.0, 12]","[265.0, 108]","[281.0, 24]","[287.0, 24]",274.5,168,13.0,0.43
07:34:17,"[264.82, 34]","[263.32, 102]","[281.0, 20]","[287.0, 20]",272.91,176,16.18,0.55
07:34:18,"[264.0, 9]","[262.0, 13]","[281.0, 2]","[287.0, 2]",272.5,26,17.0,0.69
07:34:19,"[264.0, 81]","[262.0, 135]","[281.0, 18]","[287.0, 18]",272.5,252,17.0,0.71
07:34:20,"[264.0, 81]","[262.0, 117]","[281.0, 18]","[287.0, 18]",272.5,234,17.0,0.69
07:34:21,"[265.14, 21]","[263.71, 105]","[281.0, 24]","[287.0, 24]",273.07,174,15.86,0.45
07:34:22,"[267.94, 32]","[264.46, 155]","[274.5, 40]","[276.0, 46]",271.22,273,6.56,0.37
07:34:23,"[267.12, 68]","[266.49, 70]","[269.0, 20]","[271.0, 30]",268.06,188,1.88,0.47
07:34:24,"[267.13, 23]","[264.43, 28]","[269.0, 6]","[271.0, 9]",268.07,66,1.87,0.55
07:34:25,"[267.33, 45]","[266.24, 63]","[270.29, 14]","[272.79, 28]",268.81,150,2.95,0.44
07:34:26,"[266.78, 46]","[264.28, 144]","[271.0, 45]","[273.0, 75]",268.89,310,4.22,0.23
07:34:27,"[262.0, 110]","[256.0, 55]","[270.14, 42]","[271.54, 37]",266.07,244,8.14,0.35
07:34:28,"[262.0, 100]","[256.0, 50]","[268.8, 40]","[271.0, 30]",265.4,220,6.8,0.36
07:34:29,"[262.0, 70]","[256.0, 35]","[268.43, 28]","[271.51, 35]",265.21,168,6.43,0.25
07:34:30,"[263.15, 52]","[260.5, 80]","[271.0, 34]","[273.0, 90]",267.08,256,7.85,0.03
07:34:31,"[257.43, 47]","[255.33, 30]","[272.6, 40]","[273.4, 40]",265.01,157,15.17,-0.02
07:34:32,"[259.8, 45]","[255.62, 53]","[273.0, 112]","[277.0, 14]",266.4,224,13.2,-0.12
07:34:33,"[265.2, 20]","[260.04, 50]","[271.44, 36]","[273.07, 57]",268.32,163,6.24,-0.14
07:34:34,"[262.7, 20]","[260.09, 44]","[268.0, 32]","[271.8, 40]",265.35,136,5.3,-0.06
07:34:35,"[263.13, 53]","[262.61, 23]","[267.0, 30]","[271.0, 44]",265.07,150,3.87,0.01
07:34:36,"[267.18, 11]","[264.0, 11]","[268.91, 47]","[270.78, 45]",268.05,114,1.73,-0.61
07:34:37,"[261.45, 11]","[255.72, 29]","[269.0, 24]","[271.0, 24]",265.23,88,7.55,-0.09
07:34:38,"[256.0, 30]","[252.0, 20]","[269.0, 15]","[271.0, 30]",262.5,95,13.0,0.05
07:34:39,"[256.0, 82]","[252.0, 28]","[269.0, 21]","[271.0, 63]",262.5,194,13.0,0.13
07:34:40,"[256.29, 70]","[255.02, 88]","[269.0, 30]","[271.0, 90]",262.64,278,12.71,0.14
07:34:41,"[256.0, 62]","[255.0, 56]","[270.88, 51]","[271.73, 33]",263.44,202,14.88,0.17
07:34:42,"[256.31, 58]","[255.38, 64]","[271.0, 56]","[272.0, 32]",263.66,210,14.69,0.16
07:34:43,"[257.0, 36]","[256.0, 50]","[271.0, 42]","[272.0, 24]",264.0,152,14.0,0.13
07:34:44,"[258.34, 58]","[256.0, 91]","[271.08, 53]","[272.53, 60]",264.71,262,12.73,0.14
07:34:45,"[257.41, 54]","[256.29, 76]","[272.48, 25]","[273.22, 72]",264.94,227,15.07,0.15
07:34:46,"[259.54, 13]","[258.0, 70]","[270.88, 32]","[271.88, 48]",265.21,163,11.34,0.02
07:34:47,"[262.3, 20]","[258.0, 22]","[269.45, 40]","[271.0, 92]",265.88,174,7.15,-0.52
07:34:48,"[264.15, 13]","[258.17, 69]","[269.0, 26]","[271.0, 78]",266.58,186,4.85,-0.12
07:34:49,"[265.87, 15]","[262.13, 15]","[269.0, 24]","[271.0, 90]",267.43,144,3.13,-0.58
07:34:50,"[266.0, 10]","[258.0, 10]","[270.77, 40]","[271.8, 40]",268.39,100,4.77,-0.6
07:34:51,"[266.0, 7]","[258.0, 7]","[271.0, 42]","[273.0, 21]",268.5,77,5.0,-0.64
07:34:52,"[266.97, 66]","[264.4, 10]","[271.0, 74]","[273.0, 30]",268.98,180,4.03,-0.16
07:34:53,"[268.42, 96]","[266.0, 12]","[271.0, 46]","[273.0, 36]",269.71,190,2.58,0.14
07:34:54,"[269.38, 104]","[266.0, 13]","[271.0, 39]","[273.0, 39]",270.19,195,1.62,0.2
07:34:55,"[270.0, 88]","[256.73, 11]","[271.0, 22]","[273.0, 33]",270.5,154,1.0,0.29
07:34:56,"[269.86, 37]","[259.67, 9]","[272.3, 23]","[273.91, 22]",271.08,91,2.44,0.01
07:34:57,"[263.0, 6]","[252.83, 18]","[270.6, 20]","[274.14, 14]",266.8,58,7.6,-0.17
07:34:58,"[257.94, 32]","[252.45, 44]","[267.0, 48]","[273.0, 36]",262.47,160,9.06,-0.05
07:34:59,"[259.0, 66]","[257.0, 66]","[268.5, 36]","[274.14, 28]",263.75,196,9.5,0.35
07:35:00,"[259.57, 84]","[257.0, 84]","[268.88, 48]","[272.52, 31]",264.22,247,9.3,0.36
07:35:01,"[261.44, 68]","[258.7, 79]","[267.0, 42]","[272.2, 75]",264.22,264,5.56,0.11
07:35:02,"[264.77, 39]","[257.73, 71]","[271.67, 90]","[273.46, 91]",268.22,291,6.9,-0.24
07:35:03,"[265.31, 54]","[261.86, 49]","[270.42, 76]","[273.04, 69]",267.87,248,5.11,-0.17
07:35:04,"[267.14, 29]","[265.88, 49]","[271.49, 45]","[273.09, 56]",269.31,179,4.35,-0.13
07:35:05,"[267.0, 30]","[257.0, 36]","[273.0, 70]","[275.0, 10]",270.0,146,6.0,-0.1
07:35:06,"[263.87, 23]","[256.05, 42]","[269.98, 53]","[273.0, 49]",266.93,167,6.11,-0.22
07:35:07,"[258.0, 8]","[256.0, 32]","[268.0, 16]","[270.5, 8]",263.0,64,10.0,0.25
07:35:08,"[258.0, 4]","[256.0, 16]","[268.0, 8]","[270.0, 4]",263.0,32,10.0,0.25
07:35:09,"[258.92, 60]","[256.4, 25]","[267.31, 26]","[268.5, 16]",263.11,127,8.39,0.34
07:35:10,"[260.38, 176]","[257.35, 31]","[270.17, 29]","[271.31, 26]",265.27,262,9.8,0.58
07:35:11,"[261.43, 77]","[257.0, 42]","[273.0, 14]","[274.0, 11]",267.21,144,11.57,0.65
07:35:12,"[262.0, 143]","[257.27, 33]","[271.17, 63]","[272.74, 19]",266.59,258,9.17,0.36
07:35:13,"[262.98, 41]","[261.74, 47]","[273.0, 21]","[274.0, 7]",267.99,116,10.02,0.52
07:35:14,"[262.39, 169]","[260.12, 43]","[272.92, 36]","[273.93, 14]",267.65,262,10.53,0.62
07:35:15,"[263.0, 132]","[255.65, 71]","[272.0, 29]","[273.0, 12]",267.5,244,9.0,0.66
07:35:16,"[264.23, 83]","[260.33, 82]","[272.0, 25]","[273.0, 10]",268.11,200,7.77,0.65
07:35:17,"[264.22, 92]","[261.39, 46]","[272.0, 30]","[273.0, 10]",268.11,178,7.78,0.55
07:35:18,"[264.0, 66]","[259.0, 18]","[272.0, 18]","[273.0, 6]",268.0,108,8.0,0.56
07:35:19,"[265.88, 34]","[263.62, 52]","[272.0, 21]","[273.0, 7]",268.94,114,6.12,0.51
07:35:20,"[270.45, 73]","[269.38, 32]","[272.22, 27]","[334.0, 22]",271.34,154,1.77,0.36
07:35:21,"[271.73, 75]","[270.65, 43]","[363.89, 38]","[427.81, 69]",317.81,225,92.16,0.05
07:35:22,"[276.07, 28]","[274.93, 41]","[398.33, 15]","[400.73, 55]",337.2,139,122.26,-0.01
07:35:23,"[276.0, 42]","[275.0, 16]","[395.36, 14]","[397.0, 14]",335.68,86,119.36,0.35
07:35:24,"[277.73, 33]","[276.64, 33]","[379.38, 24]","[386.93, 15]",328.55,105,101.65,0.26
07:35:25,"[278.51, 43]","[276.89, 38]","[299.37, 27]","[338.35, 34]",288.94,142,20.86,0.14
07:35:26,"[280.25, 48]","[279.0, 60]","[290.0, 12]","[292.0, 12]",285.12,132,9.75,0.64
07:35:27,"[281.45, 88]","[279.63, 92]","[287.15, 26]","[288.33, 27]",284.3,233,5.7,0.55
07:35:28,"[280.53, 57]","[277.89, 74]","[284.0, 28]","[285.0, 14]",282.26,173,3.47,0.51
07:35:29,"[278.0, 75]","[275.8, 30]","[283.73, 30]","[284.58, 19]",280.87,154,5.73,0.36
07:35:30,"[278.0, 36]","[275.0, 18]","[280.88, 17]","[282.54, 13]",279.44,84,2.88,0.29
07:35:31,"[278.0, 20]","[275.79, 38]","[280.5, 20]","[376.08, 13]",279.25,91,2.5,0.27
07:35:32,"[278.0, 22]","[276.0, 55]","[280.18, 22]","[511.88, 26]",279.09,125,2.18,0.23
07:35:33,"[278.87, 92]","[276.8, 50]","[280.0, 32]","[528.61, 28]",279.43,202,1.13,0.41
07:35:34,"[279.0, 88]","[278.0, 22]","[280.0, 19]","[456.36, 11]",279.5,140,1.0,0.57
07:35:35,"[279.0, 41]","[278.0, 20]","[371.5, 10]","[637.0, 10]",325.25,81,92.5,0.51
07:35:36,"[276.0, 18]","[275.0, 42]","[361.5, 6]","[631.67, 6]",318.75,72,85.5,0.67
07:35:37,"[276.0, 18]","[275.0, 42]","[344.0, 6]","[365.0, 6]",310.0,72,68.0,0.67
07:35:38,"[275.1, 31]","[274.37, 19]","[348.2, 5]","[407.6, 5]",311.65,60,73.1,0.67
07:35:39,"[275.0, 35]","[274.0, 15]","[370.6, 5]","[527.6, 5]",322.8,60,95.6,0.67
07:35:40,"[275.56, 32]","[274.89, 46]","[425.38, 8]","[527.38, 8]",350.47,94,149.81,0.66
07:35:41,"[275.07, 45]","[274.07, 15]","[422.0, 8]","[591.25, 8]",348.53,76,146.93,0.58
07:35:42,"[275.0, 42]","[273.0, 7]","[303.0, 7]","[428.86, 7]",289.0,63,28.0,0.56
07:35:43,"[282.05, 59]","[274.33, 6]","[334.83, 6]","[511.5, 6]",308.44,77,52.78,0.69
07:35:44,"[283.0, 100]","[275.0, 10]","[507.1, 10]","[677.5, 10]",395.05,130,224.1,0.69
07:35:45,"[283.0, 58]","[275.0, 36]","[392.42, 19]","[527.0, 7]",337.71,120,109.42,0.57
07:35:46,"[283.0, 72]","[275.0, 48]","[488.0, 6]","[579.0, 6]",385.5,132,205.0,0.82
07:35:47,"[283.0, 120]","[275.0, 80]","[486.75, 16]","[554.81, 16]",384.88,232,203.75,0.72
07:35:48,"[283.05, 110]","[277.0, 96]","[432.6, 20]","[486.13, 30]",357.83,256,149.55,0.61
07:35:49,"[283.0, 110]","[275.0, 80]","[389.8, 10]","[575.3, 20]",336.4,220,106.8,0.73
07:35:50,"[280.36, 97]","[274.79, 112]","[658.45, 44]","[700.86, 21]",469.41,274,378.09,0.53
07:35:51,"[283.0, 21]","[276.89, 47]","[616.4, 15]","[748.75, 16]",449.7,99,333.4,0.37
07:35:52,"[282.33, 45]","[281.61, 61]","[372.12, 16]","[597.38, 8]",327.23,130,89.79,0.63
07:35:53,"[282.0, 104]","[279.67, 36]","[320.71, 28]","[429.75, 20]",301.36,188,38.71,0.49
07:35:54,"[282.0, 96]","[281.0, 132]","[298.91, 44]","[300.9, 40]",290.45,312,16.91,0.46
07:35:55,"[282.0, 112]","[281.0, 154]","[285.2, 45]","[287.51, 53]",283.6,364,3.2,0.46
07:35:56,"[282.0, 39]","[281.0, 88]","[283.69, 26]","[286.4, 30]",282.85,183,1.69,0.39
07:35:57,"[281.0, 47]","[278.0, 10]","[282.67, 18]","[285.88, 16]",281.83,91,1.67,0.25
07:35:58,"[281.0, 59]","[278.0, 18]","[283.58, 33]","[329.0, 10]",282.29,120,2.58,0.28
07:35:59,"[281.0, 12]","[278.0, 8]","[325.0, 8]","[326.0, 4]",303.0,32,44.0,0.25
07:36:00,"[281.0, 24]","[278.0, 16]","[323.62, 16]","[327.41, 17]",302.31,73,42.62,0.1
07:36:01,"[281.0, 36]","[278.0, 24]","[317.67, 24]","[320.78, 36]",299.33,120,36.67,0.0
07:36:02,"[281.0, 33]","[278.0, 22]","[303.35, 23]","[318.9, 21]",292.17,99,22.35,0.11
07:36:03,"[281.0, 30]","[278.0, 20]","[317.0, 10]","[318.0, 20]",299.0,80,36.0,0.25
07:36:04,"[281.0, 24]","[278.0, 24]","[316.09, 44]","[317.5, 16]",298.55,108,35.09,-0.11
07:36:05,"[278.83, 18]","[275.08, 187]","[314.21, 72]","[315.17, 24]",296.52,301,35.38,0.36
07:36:06,"[281.0, 13]","[278.0, 13]","[310.26, 38]","[311.35, 52]",295.63,116,29.26,-0.55
07:36:07,"[281.0, 7]","[278.0, 7]","[306.12, 8]","[307.88, 17]",293.56,39,25.12,-0.28
07:36:08,"[281.0, 9]","[278.0, 9]","[304.56, 9]","[307.0, 18]",292.78,45,23.56,-0.2
07:36:09,"[281.0, 10]","[278.0, 10]","[303.23, 26]","[306.25, 16]",292.12,62,22.23,-0.35
07:36:10,"[281.88, 56]","[279.5, 14]","[300.43, 58]","[302.03, 39]",291.15,167,18.56,-0.16
07:36:11,"[282.0, 65]","[281.0, 10]","[294.11, 28]","[295.76, 34]",288.05,137,12.11,0.09
07:36:12,"[282.0, 32]","[281.0, 18]","[286.94, 63]","[288.46, 56]",284.47,169,4.94,-0.41
07:36:13,"[279.13, 23]","[276.34, 79]","[282.68, 41]","[284.05, 63]",280.91,206,3.55,-0.01
07:36:14,"[276.0, 22]","[274.81, 54]","[280.58, 38]","[282.11, 57]",278.29,171,4.58,-0.11
07:36:15,"[270.33, 18]","[227.26, 19]","[275.63, 27]","[276.41, 27]",272.98,91,5.3,-0.19
07:36:16,"[268.0, 24]","[183.38, 13]","[272.08, 24]","[274.33, 36]",270.04,97,4.08,-0.24
07:36:17,"[269.75, 103]","[258.25, 24]","[300.23, 26]","[285.52, 46]",284.99,199,30.48,0.28
07:36:18,"[274.04, 47]","[278.88, 107]","[426.63, 27]","[520.85, 40]",350.34,221,152.59,0.39
07:36:19,"[283.45, 20]","[281.56, 45]","[291.5, 34]","[326.43, 14]",287.48,113,8.05,0.15
07:36:20,"[282.0, 54]","[273.57, 7]","[291.0, 18]","[345.2, 10]",286.5,89,9.0,0.37
07:36:21,"[282.07, 72]","[280.77, 44]","[290.08, 36]","[339.57, 42]",286.08,194,8.01,0.2
07:36:22,"[283.0, 11]","[282.0, 77]","[287.27, 22]","[290.0, 33]",285.14,143,4.27,0.23
07:36:23,"[282.3, 20]","[281.73, 44]","[284.5, 24]","[286.0, 16]",283.4,104,2.2,0.23
07:36:24,"[282.0, 45]","[276.0, 11]","[283.42, 36]","[285.28, 25]",282.71,117,1.42,-0.04
07:36:25,"[278.25, 16]","[261.51, 47]","[284.15, 26]","[438.36, 14]",281.2,103,5.9,0.22
07:36:26,"[274.2, 15]","[271.0, 56]","[280.75, 16]","[437.17, 12]",277.48,99,6.55,0.43
07:36:27,"[273.0, 72]","[181.25, 24]","[276.64, 14]","[311.83, 18]",274.82,128,3.64,0.5
07:36:28,"[273.0, 54]","[200.0, 48]","[276.0, 8]","[277.0, 24]",274.5,134,3.0,0.52
07:36:29,"[273.83, 24]","[218.4, 40]","[443.21, 19]","[467.0, 22]",358.52,105,169.38,0.22
07:36:30,"[278.0, 6]","[276.0, 6]","[327.0, 18]","[676.38, 8]",302.5,38,49.0,-0.37
07:36:31,"[278.0, 5]","[276.0, 5]","[327.0, 15]","[365.0, 10]",302.5,35,49.0,-0.43
07:36:32,"[278.0, 5]","[276.0, 5]","[337.36, 11]","[439.5, 8]",307.68,29,59.36,-0.31
07:36:33,"[274.0, 20]","[272.0, 12]","[292.75, 8]","[393.33, 12]",283.38,52,18.75,0.23
07:36:34,"[273.0, 20]","[127.0, 14]","[299.0, 5]","[601.0, 5]",286.0,44,26.0,0.55
07:36:35,"[280.35, 26]","[275.0, 20]","[379.5, 8]","[601.0, 8]",329.92,62,99.15,0.48
07:36:36,"[279.0, 5]","[273.57, 14]","[460.0, 5]","[601.0, 5]",369.5,29,181.0,0.31
07:36:37,"[280.0, 24]","[279.0, 4]","[404.67, 6]","[565.75, 4]",342.33,38,124.67,0.47
07:36:38,"[280.0, 42]","[279.0, 7]","[374.86, 14]","[394.23, 13]",327.43,76,94.86,0.29
07:36:39,"[280.23, 47]","[279.88, 48]","[362.09, 23]","[376.08, 26]",321.16,144,81.85,0.32
07:36:40,"[280.79, 28]","[279.48, 25]","[284.98, 59]","[359.62, 26]",282.88,138,4.2,-0.23
07:36:41,"[278.95, 37]","[276.0, 188]","[306.43, 68]","[354.43, 40]",292.69,333,27.48,0.35
07:36:42,"[276.33, 109]","[274.2, 70]","[294.05, 38]","[304.34, 56]",285.19,273,17.72,0.31
07:36:43,"[278.71, 28]","[277.81, 31]","[283.32, 19]","[284.48, 25]",281.02,103,4.6,0.15
07:36:44,"[279.48, 31]","[277.31, 49]","[281.41, 17]","[283.87, 15]",280.45,112,1.93,0.43
07:36:45,"[278.36, 11]","[276.04, 93]","[283.08, 13]","[433.24, 29]",280.72,146,4.71,0.42
07:36:46,"[278.0, 12]","[276.0, 156]","[280.57, 30]","[281.33, 18]",279.28,216,2.57,0.56
07:36:47,"[276.02, 165]","[275.07, 71]","[279.95, 41]","[411.12, 59]",277.99,336,3.93,0.4
07:36:48,"[276.0, 156]","[274.55, 33]","[279.93, 42]","[464.11, 45]",277.96,276,3.93,0.37
07:36:49,"[277.0, 22]","[276.0, 99]","[279.0, 33]","[556.06, 34]",278.0,188,2.0,0.29
07:36:50,"[276.1, 60]","[275.69, 39]","[342.22, 27]","[483.55, 33]",309.16,159,66.12,0.25
07:36:51,"[280.38, 48]","[275.96, 94]","[365.76, 29]","[483.15, 39]",323.07,210,85.38,0.35
07:36:52,"[283.58, 48]","[276.7, 90]","[343.15, 27]","[396.62, 26]",313.37,191,59.56,0.45
07:36:53,"[285.0, 53]","[283.0, 27]","[394.33, 9]","[397.0, 27]",339.67,116,109.33,0.38
07:36:54,"[285.0, 50]","[283.0, 30]","[392.75, 16]","[393.43, 14]",338.88,110,107.75,0.45
07:36:55,"[284.71, 28]","[280.67, 54]","[390.74, 19]","[391.57, 23]",337.73,124,106.02,0.32
07:36:56,"[283.0, 26]","[276.0, 117]","[390.0, 13]","[391.0, 26]",336.5,182,107.0,0.57
07:36:57,"[277.27, 44]","[275.82, 44]","[388.38, 13]","[390.09, 11]",332.83,112,111.11,0.57
07:36:58,"[276.0, 99]","[275.0, 22]","[341.92, 24]","[346.1, 21]",308.96,166,65.92,0.46
07:36:59,"[276.0, 99]","[275.0, 22]","[311.33, 18]","[312.67, 15]",293.67,154,35.33,0.57
07:37:00,"[276.0, 72]","[275.0, 16]","[310.0, 16]","[312.0, 8]",293.0,112,34.0,0.57
07:37:01,"[276.76, 63]","[275.77, 70]","[309.14, 28]","[312.0, 14]",292.95,175,32.38,0.52
07:37:02,"[276.43, 28]","[275.43, 14]","[307.0, 10]","[312.0, 5]",291.71,57,30.57,0.47
07:37:03,"[279.0, 52]","[276.0, 96]","[305.19, 16]","[307.17, 24]",292.09,188,26.19,0.57
07:37:04,"[279.0, 44]","[276.0, 99]","[304.24, 34]","[305.39, 23]",291.62,200,25.24,0.43
07:37:05,"[276.1, 121]","[275.26, 35]","[301.61, 31]","[302.51, 55]",288.86,242,25.51,0.29
07:37:06,"[276.1, 80]","[275.69, 52]","[298.61, 18]","[300.33, 18]",287.36,168,22.51,0.57
07:37:07,"[277.54, 48]","[275.86, 70]","[294.8, 50]","[296.03, 34]",286.17,202,17.26,0.17
07:37:08,"[281.0, 26]","[276.0, 93]","[292.68, 25]","[294.04, 55]",286.84,199,11.68,0.2
07:37:09,"[285.0, 43]","[281.0, 30]","[289.21, 58]","[289.15, 41]",287.1,172,4.21,-0.15
07:37:10,"[276.0, 72]","[271.0, 24]","[285.23, 13]","[286.75, 20]",280.62,129,9.23,0.49
07:37:11,"[276.85, 123]","[273.31, 48]","[281.09, 68]","[282.6, 40]",278.97,279,4.23,0.23
07:37:12,"[277.0, 27]","[275.0, 21]","[278.0, 31]","[283.36, 11]",277.5,90,1.0,0.07
07:37:13,"[276.0, 12]","[272.2, 15]","[278.0, 15]","[378.0, 16]",277.0,58,2.0,-0.07
07:37:14,"[275.17, 36]","[273.81, 63]","[277.55, 33]","[453.8, 41]",276.36,173,2.38,0.14
07:37:15,"[275.0, 33]","[274.0, 66]","[277.0, 22]","[528.45, 33]",276.0,154,2.0,0.29
07:37:16,"[274.62, 24]","[273.38, 48]","[277.0, 16]","[584.8, 10]",275.81,98,2.38,0.47
07:37:17,"[273.5, 36]","[271.8, 45]","[277.0, 18]","[326.71, 21]",275.25,120,3.5,0.35
07:37:18,"[273.0, 42]","[267.0, 21]","[277.0, 7]","[351.29, 21]",275.0,91,4.0,0.38
07:37:19,"[273.82, 68]","[270.67, 54]","[277.0, 10]","[544.65, 20]",275.41,152,3.18,0.61
07:37:20,"[274.0, 91]","[270.0, 78]","[276.04, 57]","[354.79, 14]",275.02,240,2.04,0.41
07:37:21,"[274.0, 72]","[270.0, 72]","[276.26, 46]","[351.33, 12]",275.13,202,2.26,0.43
07:37:22,"[274.0, 48]","[270.0, 72]","[278.17, 60]","[326.31, 13]",276.08,193,4.17,0.24
07:37:23,"[276.18, 38]","[273.65, 46]","[278.38, 29]","[360.4, 20]",277.28,133,2.2,0.26
07:37:24,"[278.0, 36]","[274.36, 14]","[282.0, 12]","[553.87, 45]",280.0,107,4.0,-0.07
07:37:25,"[279.0, 39]","[272.0, 26]","[282.0, 13]","[496.23, 52]",280.5,130,3.0,0.0
07:37:26,"[280.53, 64]","[279.88, 75]","[442.12, 51]","[562.14, 56]",361.32,246,161.59,0.13
07:37:27,"[284.0, 70]","[279.71, 21]","[415.11, 27]","[624.43, 28]",349.56,146,131.11,0.25
07:37:28,"[284.0, 69]","[280.0, 27]","[316.24, 34]","[564.74, 31]",300.12,161,32.24,0.19
07:37:29,"[284.08, 53]","[281.6, 35]","[367.71, 21]","[394.4, 30]",325.89,139,83.64,0.27
07:37:30,"[284.0, 25]","[280.55, 11]","[368.4, 10]","[369.5, 12]",326.2,58,84.4,0.24
07:37:31,"[284.0, 25]","[283.0, 5]","[367.6, 10]","[368.6, 10]",325.8,50,83.6,0.2
07:37:32,"[284.0, 49]","[283.0, 11]","[309.46, 26]","[317.03, 29]",296.73,115,25.46,0.04
07:37:33,"[284.0, 4]","[283.0, 2]","[296.0, 4]","[367.0, 4]",290.0,14,12.0,-0.14
07:37:34,"[284.0, 17]","[283.0, 13]","[296.0, 26]","[367.0, 26]",290.0,82,12.0,-0.27
07:37:35,"[284.0, 11]","[283.0, 11]","[295.0, 22]","[328.27, 22]",289.5,66,11.0,-0.33
07:37:36,"[284.0, 8]","[283.0, 8]","[293.0, 16]","[296.0, 16]",288.5,48,9.0,-0.33
07:37:37,"[284.0, 11]","[283.0, 11]","[291.36, 22]","[293.82, 22]",287.68,66,7.36,-0.33
07:37:38,"[284.0, 9]","[283.0, 9]","[288.56, 18]","[289.67, 18]",286.28,54,4.56,-0.33
07:37:39,"[283.47, 15]","[281.59, 17]","[287.23, 26]","[289.0, 26]",285.35,84,3.76,-0.24
07:37:40,"[282.0, 16]","[279.0, 24]","[285.25, 16]","[286.25, 16]",283.62,72,3.25,0.11
07:37:41,"[279.83, 29]","[276.77, 47]","[282.54, 26]","[283.45, 22]",281.18,124,2.71,0.23
07:37:42,"[279.0, 27]","[275.5, 48]","[284.78, 18]","[295.0, 9]",281.89,102,5.78,0.47
07:37:43,"[279.06, 32]","[273.58, 72]","[283.25, 24]","[295.0, 12]",281.16,140,4.19,0.49
07:37:44,"[279.09, 33]","[277.42, 19]","[281.23, 26]","[295.0, 13]",280.16,91,2.14,0.14
07:37:45,"[272.39, 108]","[270.4, 30]","[291.38, 21]","[314.71, 63]",281.88,222,18.99,0.24
07:37:46,"[272.34, 44]","[271.35, 49]","[291.0, 13]","[345.53, 57]",281.67,163,18.66,0.14
07:37:47,"[272.0, 36]","[270.58, 24]","[289.83, 18]","[361.88, 40]",280.92,118,17.83,0.02
07:37:48,"[272.0, 45]","[271.0, 30]","[289.0, 30]","[291.4, 15]",280.5,120,17.0,0.25
07:37:49,"[272.0, 33]","[222.24, 34]","[288.8, 25]","[291.5, 12]",280.4,104,16.8,0.29
07:37:50,"[272.0, 24]","[258.5, 24]","[287.75, 40]","[289.0, 16]",279.88,104,15.75,-0.08
07:37:51,"[281.92, 61]","[280.99, 115]","[287.0, 65]","[289.0, 26]",284.46,267,5.08,0.32
07:37:52,"[283.0, 46]","[282.0, 130]","[285.4, 50]","[289.0, 20]",284.2,246,2.4,0.43
07:37:53,"[283.0, 13]","[282.0, 169]","[284.62, 65]","[289.0, 50]",283.81,297,1.62,0.23
07:37:54,"[282.12, 74]","[281.13, 127]","[284.91, 55]","[290.43, 42]",283.52,298,2.79,0.35
07:37:55,"[282.0, 130]","[271.0, 20]","[288.2, 20]","[291.7, 40]",285.1,210,6.2,0.43
07:37:56,"[282.0, 190]","[273.25, 32]","[285.46, 52]","[287.41, 44]",283.73,318,3.46,0.4
07:37:57,"[282.0, 26]","[274.0, 6]","[283.0, 12]","[286.0, 4]",282.5,48,1.0,0.33
07:37:58,"[282.0, 96]","[278.29, 42]","[284.4, 30]","[291.27, 30]",283.2,198,2.4,0.39
07:37:59,"[282.16, 76]","[280.29, 56]","[289.05, 21]","[290.86, 14]",285.6,167,6.89,0.58
07:38:00,"[283.5, 42]","[282.0, 104]","[288.85, 26]","[291.0, 13]",286.17,185,5.35,0.58
07:38:01,"[284.59, 44]","[282.9, 87]","[287.08, 24]","[288.21, 33]",285.84,188,2.49,0.39
07:38:02,"[284.75, 24]","[283.26, 43]","[286.1, 20]","[289.35, 17]",285.43,104,1.35,0.29
07:38:03,"[282.73, 66]","[281.18, 88]","[287.0, 14]","[293.86, 29]",284.86,197,4.27,0.56
07:38:04,"[282.0, 70]","[279.0, 40]","[287.0, 10]","[295.18, 34]",284.5,154,5.0,0.43
07:38:05,"[282.0, 42]","[279.0, 24]","[287.0, 6]","[295.0, 24]",284.5,96,5.0,0.38
07:38:06,"[282.0, 25]","[279.0, 40]","[286.2, 10]","[295.0, 40]",284.1,115,4.2,0.13
07:38:07,"[282.0, 28]","[279.0, 44]","[283.82, 11]","[291.0, 44]",282.91,127,1.82,0.13
07:38:08,"[282.0, 38]","[279.0, 56]","[291.63, 38]","[292.75, 32]",286.82,164,9.63,0.15
07:38:09,"[282.0, 18]","[278.56, 25]","[297.0, 36]","[298.0, 9]",289.5,88,15.0,-0.02
07:38:10,"[282.0, 11]","[278.0, 18]","[297.0, 36]","[298.0, 9]",289.5,74,15.0,-0.22
07:38:11,"[282.0, 25]","[278.0, 16]","[297.0, 32]","[299.0, 8]",289.5,81,15.0,0.01
07:38:12,"[282.0, 144]","[278.0, 16]","[297.0, 32]","[300.0, 8]",289.5,200,15.0,0.6
07:38:13,"[282.45, 66]","[281.83, 94]","[297.0, 28]","[300.0, 7]",289.73,195,14.55,0.64
07:38:14,"[283.82, 66]","[282.0, 198]","[297.0, 44]","[300.0, 11]",290.41,319,13.18,0.66
07:38:15,"[285.0, 90]","[282.11, 210]","[295.39, 36]","[297.18, 51]",290.19,387,10.39,0.55
07:38:16,"[285.0, 60]","[284.0, 30]","[293.2, 20]","[295.2, 40]",289.1,150,8.2,0.2
07:38:17,"[285.0, 78]","[284.0, 39]","[291.15, 26]","[297.77, 52]",288.08,195,6.15,0.2
07:38:18,"[285.0, 80]","[284.0, 45]","[287.4, 30]","[298.92, 78]",286.2,233,2.4,0.07
07:38:19,"[284.26, 35]","[283.33, 45]","[296.9, 62]","[333.62, 73]",290.58,215,12.65,-0.26
07:38:20,"[284.0, 26]","[283.0, 39]","[292.85, 34]","[322.61, 46]",288.43,145,8.85,-0.1
07:38:21,"[282.26, 100]","[281.52, 120]","[285.0, 11]","[286.0, 44]",283.63,275,2.74,0.6
07:38:22,"[282.0, 279]","[278.0, 46]","[284.0, 10]","[285.8, 25]",283.0,360,2.0,0.81
07:38:23,"[282.4, 86]","[281.93, 450]","[294.03, 91]","[307.89, 76]",288.21,703,11.64,0.52
07:38:24,"[283.0, 24]","[282.0, 312]","[295.0, 60]","[299.08, 48]",289.0,444,12.0,0.51
07:38:25,"[283.64, 28]","[282.12, 148]","[287.9, 40]","[295.73, 66]",285.77,282,4.26,0.25
07:38:26,"[284.0, 18]","[283.0, 18]","[287.0, 18]","[290.9, 31]",285.5,85,3.0,-0.15
07:38:27,"[284.0, 16]","[283.0, 16]","[287.0, 16]","[295.5, 40]",285.5,88,3.0,-0.27
07:38:28,"[284.0, 26]","[283.0, 26]","[287.0, 26]","[293.0, 65]",285.5,143,3.0,-0.27
07:38:29,"[284.0, 26]","[283.0, 26]","[287.0, 26]","[293.0, 65]",285.5,143,3.0,-0.27
07:38:30,"[283.94, 32]","[282.73, 49]","[285.55, 56]","[288.59, 44]",284.75,181,1.62,-0.1
07:38:31,"[282.39, 36]","[281.92, 99]","[284.52, 23]","[291.07, 41]",283.46,199,2.13,0.36
07:38:32,"[281.12, 34]","[279.43, 23]","[283.09, 22]","[290.11, 18]",282.1,97,1.97,0.18
07:38:33,"[280.09, 33]","[277.0, 20]","[282.33, 12]","[293.41, 34]",281.21,99,2.24,0.07
07:38:34,"[278.0, 26]","[276.0, 26]","[281.54, 13]","[296.67, 49]",279.77,114,3.54,-0.09
07:38:35,"[275.58, 31]","[272.61, 31]","[279.92, 13]","[281.0, 13]",277.75,88,4.34,0.41
07:38:36,"[278.86, 29]","[271.22, 27]","[288.22, 27]","[294.64, 33]",283.54,116,9.36,-0.03
07:38:37,"[279.33, 18]","[271.7, 30]","[287.0, 40]","[296.0, 54]",283.17,142,7.67,-0.32
07:38:38,"[272.0, 8]","[271.0, 24]","[287.0, 32]","[296.0, 40]",279.5,104,15.0,-0.38
07:38:39,"[277.93, 91]","[271.77, 13]","[286.98, 41]","[295.33, 54]",282.45,199,9.04,0.05
07:38:40,"[277.0, 63]","[271.0, 15]","[286.0, 9]","[287.78, 36]",281.5,123,9.0,0.27
07:38:41,"[271.0, 30]","[270.0, 12]","[284.75, 40]","[295.08, 50]",277.88,132,13.75,-0.36
07:38:42,"[270.14, 22]","[257.1, 51]","[280.0, 15]","[295.25, 55]",275.07,143,9.86,0.02
07:38:43,"[269.13, 15]","[267.0, 15]","[271.8, 15]","[284.76, 51]",270.47,96,2.67,-0.38
07:38:44,"[268.46, 13]","[212.53, 77]","[276.21, 33]","[286.37, 41]",272.34,164,7.75,0.1
07:38:45,"[262.0, 12]","[196.15, 104]","[271.0, 48]","[279.5, 12]",266.5,176,9.0,0.32
07:38:46,"[267.35, 86]","[199.95, 43]","[271.0, 52]","[276.15, 13]",269.17,194,3.65,0.33
07:38:47,"[263.16, 150]","[250.86, 14]","[271.0, 48]","[272.0, 12]",267.08,224,7.84,0.46
07:38:48,"[262.0, 95]","[257.0, 10]","[271.0, 20]","[272.0, 5]",266.5,130,9.0,0.62
07:38:49,"[262.0, 152]","[257.0, 10]","[271.0, 31]","[272.0, 8]",266.5,201,9.0,0.61
07:38:50,"[262.0, 152]","[257.0, 8]","[270.71, 21]","[271.36, 14]",266.36,195,8.71,0.64
07:38:51,"[262.0, 247]","[257.0, 13]","[277.88, 48]","[287.0, 47]",269.94,355,15.88,0.46
07:38:52,"[262.17, 228]","[257.0, 12]","[277.36, 44]","[279.68, 62]",269.77,346,15.2,0.39
07:38:53,"[263.45, 209]","[256.0, 11]","[276.0, 13]","[277.0, 33]",269.73,266,12.55,0.65
07:38:54,"[264.82, 209]","[256.0, 11]","[278.94, 51]","[341.26, 43]",271.88,314,14.12,0.4
07:38:55,"[265.82, 209]","[256.0, 11]","[272.71, 28]","[291.66, 47]",269.27,295,6.9,0.49
07:38:56,"[267.21, 266]","[259.0, 14]","[269.64, 22]","[328.93, 54]",268.43,356,2.42,0.57
07:38:57,"[269.2, 100]","[268.77, 156]","[274.0, 12]","[379.71, 42]",271.6,310,4.8,0.65
07:38:58,"[271.8, 30]","[269.0, 190]","[274.0, 15]","[435.65, 23]",272.9,258,2.2,0.71
07:38:59,"[274.33, 83]","[267.53, 126]","[435.7, 20]","[542.58, 19]",355.01,248,161.37,0.69
07:39:00,"[275.04, 168]","[274.67, 54]","[401.73, 22]","[573.46, 13]",338.38,257,126.69,0.73
07:39:01,"[275.08, 145]","[274.51, 107]","[294.2, 30]","[439.0, 18]",284.64,300,19.12,0.68
07:39:02,"[275.08, 122]","[273.39, 46]","[277.0, 8]","[433.21, 19]",276.04,195,1.92,0.72
07:39:03,"[280.99, 73]","[275.08, 152]","[303.73, 22]","[425.94, 32]",292.36,279,22.74,0.61
07:39:04,"[283.0, 145]","[280.75, 101]","[347.52, 29]","[376.11, 38]",315.26,313,64.52,0.57
07:39:05,"[283.0, 159]","[282.0, 176]","[349.55, 29]","[380.52, 29]",316.28,393,66.55,0.7
07:39:06,"[283.0, 133]","[282.0, 144]","[352.0, 36]","[550.41, 17]",317.5,330,69.0,0.68
07:39:07,"[283.0, 142]","[282.0, 224]","[350.93, 56]","[359.52, 54]",316.96,476,67.93,0.54
07:39:08,"[283.0, 27]","[282.0, 48]","[349.0, 12]","[352.0, 12]",316.0,99,66.0,0.52
07:39:09,"[283.0, 72]","[282.0, 128]","[328.88, 32]","[349.38, 32]",305.94,264,45.88,0.52
07:39:10,"[283.0, 91]","[282.0, 216]","[344.92, 52]","[471.69, 52]",313.96,411,61.92,0.49
07:39:11,"[283.0, 28]","[282.0, 64]","[284.0, 12]","[348.0, 16]",283.5,120,1.0,0.53
07:39:12,"[282.39, 132]","[281.58, 143]","[283.95, 38]","[372.39, 51]",283.17,364,1.55,0.51
07:39:13,"[282.0, 128]","[278.0, 24]","[283.0, 16]","[284.5, 24]",282.5,192,1.0,0.58
07:39:14,"[282.0, 151]","[278.0, 30]","[283.0, 20]","[286.0, 30]",282.5,231,1.0,0.57
07:39:15,"[282.0, 95]","[278.0, 21]","[285.37, 19]","[353.69, 26]",283.68,161,3.37,0.44
07:39:16,"[282.34, 162]","[281.08, 104]","[286.0, 39]","[316.5, 16]",284.17,321,3.66,0.66
07:39:17,"[283.11, 99]","[282.0, 144]","[286.0, 27]","[324.4, 15]",284.56,285,2.89,0.71
07:39:18,"[284.0, 121]","[282.0, 132]","[286.0, 33]","[314.0, 44]",285.0,330,2.0,0.53
07:39:19,"[284.0, 73]","[282.0, 56]","[286.0, 24]","[314.0, 32]",285.0,185,2.0,0.39
07:39:20,"[284.0, 54]","[282.0, 56]","[286.0, 24]","[324.75, 32]",285.0,166,2.0,0.33
07:39:21,"[282.88, 50]","[281.04, 83]","[286.41, 34]","[334.34, 47]",284.65,214,3.53,0.24
07:39:22,"[283.38, 26]","[282.07, 60]","[290.0, 30]","[378.9, 40]",286.69,156,6.62,0.1
07:39:23,"[282.32, 50]","[281.78, 72]","[515.81, 57]","[686.48, 31]",399.06,210,233.49,0.16
07:39:24,"[282.0, 32]","[280.18, 22]","[503.0, 22]","[679.45, 22]",392.5,98,221.0,0.1
07:39:25,"[282.0, 28]","[281.0, 21]","[290.0, 28]","[468.57, 7]",286.0,84,8.0,0.17
07:39:26,"[282.0, 32]","[281.0, 24]","[290.0, 32]","[464.0, 20]",286.0,108,8.0,0.04
07:39:27,"[282.5, 24]","[281.57, 21]","[290.0, 24]","[460.0, 30]",286.25,99,7.5,-0.09
07:39:28,"[282.18, 44]","[281.23, 35]","[290.0, 44]","[432.89, 27]",286.09,150,7.82,0.05
07:39:29,"[282.0, 48]","[281.0, 36]","[289.8, 45]","[325.1, 29]",285.9,158,7.8,0.06
07:39:30,"[282.0, 30]","[281.0, 54]","[287.33, 52]","[288.78, 54]",284.66,190,5.33,-0.12
07:39:31,"[281.33, 18]","[279.59, 34]","[284.2, 30]","[285.71, 21]",282.77,103,2.87,0.01
07:39:32,"[279.12, 32]","[276.85, 52]","[283.18, 33]","[284.31, 32]",281.15,149,4.06,0.13
07:39:33,"[278.0, 44]","[275.0, 44]","[282.84, 31]","[290.15, 48]",280.42,167,4.84,0.05
07:39:34,"[278.0, 11]","[275.0, 32]","[280.36, 14]","[281.83, 18]",279.18,75,2.36,0.15
07:39:35,"[278.0, 10]","[275.0, 40]","[279.25, 12]","[280.04, 28]",278.62,90,1.25,0.11
07:39:36,"[275.13, 46]","[274.07, 107]","[277.77, 13]","[285.12, 50]",276.45,216,2.64,0.42
07:39:37,"[275.0, 43]","[274.0, 126]","[285.56, 63]","[288.0, 56]",280.28,288,10.56,0.17
07:39:38,"[274.5, 60]","[273.18, 98]","[281.14, 51]","[282.69, 58]",277.82,267,6.64,0.18
07:39:39,"[274.0, 103]","[270.0, 68]","[277.64, 55]","[278.44, 64]",275.82,290,3.64,0.18
07:39:40,"[275.84, 76]","[274.62, 65]","[277.62, 73]","[282.44, 72]",276.73,286,1.77,-0.01
07:39:41,"[275.33, 60]","[272.75, 80]","[279.34, 44]","[286.4, 60]",277.34,244,4.01,0.15
07:39:42,"[280.5, 56]","[273.0, 36]","[286.0, 32]","[288.0, 32]",283.25,156,5.5,0.18
07:39:43,"[282.0, 176]","[276.41, 51]","[284.0, 16]","[286.5, 64]",283.0,307,2.0,0.48
07:39:44,"[282.0, 116]","[281.0, 44]","[288.69, 26]","[290.73, 44]",285.35,230,6.69,0.39
07:39:45,"[282.0, 90]","[281.0, 36]","[291.0, 36]","[294.0, 36]",286.5,198,9.0,0.27
07:39:46,"[282.0, 74]","[281.0, 36]","[291.0, 36]","[294.0, 36]",286.5,182,9.0,0.21
07:39:47,"[282.0, 84]","[281.0, 56]","[290.35, 46]","[294.59, 88]",286.17,274,8.35,0.02
07:39:48,"[282.0, 60]","[281.0, 40]","[287.83, 24]","[293.41, 51]",284.92,175,5.83,0.14
07:39:49,"[282.3, 23]","[281.54, 78]","[284.64, 28]","[285.17, 36]",283.47,165,2.34,0.22
07:39:50,"[282.0, 12]","[281.0, 48]","[283.42, 12]","[285.0, 36]",282.71,108,1.42,0.11
07:39:51,"[281.3, 23]","[279.53, 55]","[284.26, 19]","[288.46, 37]",282.78,134,2.96,0.16
07:39:52,"[279.67, 45]","[277.37, 71]","[283.5, 36]","[293.0, 48]",281.58,200,3.83,0.16
07:39:53,"[278.0, 52]","[275.0, 39]","[281.31, 39]","[293.0, 72]",279.65,202,3.31,-0.1
07:39:54,"[278.0, 20]","[275.0, 15]","[281.0, 15]","[293.0, 40]",279.5,90,3.0,-0.22
07:39:55,"[278.2, 45]","[275.92, 39]","[287.71, 38]","[326.94, 64]",282.96,186,9.51,-0.1
07:39:56,"[279.29, 42]","[276.71, 42]","[287.0, 12]","[295.0, 48]",283.14,144,7.71,0.17
07:39:57,"[281.0, 30]","[278.0, 40]","[287.0, 10]","[302.25, 16]",284.0,96,6.0,0.46
07:39:58,"[281.0, 24]","[278.0, 32]","[287.0, 8]","[294.0, 8]",284.0,72,6.0,0.56
07:39:59,"[281.0, 18]","[278.0, 24]","[287.0, 6]","[294.0, 6]",284.0,54,6.0,0.56
07:40:00,"[280.67, 27]","[277.22, 36]","[287.0, 9]","[294.0, 9]",283.83,81,6.33,0.56
07:40:01,"[279.2, 20]","[279.1, 62]","[287.0, 12]","[294.0, 12]",283.1,106,7.8,0.55
07:40:02,"[280.27, 15]","[274.46, 69]","[287.0, 15]","[294.0, 15]",283.63,114,6.73,0.47
07:40:03,"[280.98, 102]","[276.14, 28]","[287.0, 12]","[294.0, 12]",283.99,154,6.02,0.69
07:40:04,"[281.88, 164]","[280.0, 11]","[287.0, 11]","[294.0, 11]",284.44,197,5.12,0.78
07:40:05,"[282.0, 228]","[280.0, 12]","[286.17, 24]","[290.67, 12]",284.08,276,4.17,0.74
07:40:06,"[282.0, 76]","[280.0, 4]","[285.33, 9]","[287.25, 4]",283.67,93,3.33,0.72
07:40:07,"[282.0, 133]","[280.0, 7]","[283.43, 14]","[290.0, 8]",282.71,162,1.43,0.73
07:40:08,"[282.0, 227]","[280.0, 13]","[287.29, 21]","[300.95, 19]",284.64,280,5.29,0.71
07:40:09,"[283.0, 75]","[282.0, 204]","[288.0, 36]","[289.17, 12]",285.5,327,5.0,0.71
07:40:10,"[283.0, 41]","[282.0, 221]","[288.0, 39]","[290.0, 13]",285.5,314,5.0,0.67
07:40:11,"[282.05, 188]","[281.87, 164]","[286.8, 44]","[288.67, 36]",284.42,432,4.75,0.63
07:40:12,"[282.0, 135]","[280.0, 9]","[287.0, 27]","[292.67, 9]",284.5,180,5.0,0.6
07:40:13,"[282.0, 135]","[280.0, 9]","[287.0, 27]","[294.0, 9]",284.5,180,5.0,0.6
07:40:14,"[282.0, 135]","[278.74, 19]","[286.38, 32]","[288.47, 19]",284.19,205,4.38,0.5
07:40:15,"[282.0, 135]","[280.79, 86]","[285.62, 32]","[286.48, 31]",283.81,284,3.62,0.56
07:40:16,"[282.0, 141]","[281.0, 110]","[283.79, 38]","[285.36, 36]",282.89,325,1.79,0.54
07:40:17,"[282.0, 34]","[281.0, 85]","[284.0, 21]","[293.0, 7]",283.0,147,2.0,0.62
07:40:18,"[282.0, 49]","[281.0, 150]","[285.65, 20]","[295.25, 20]",283.82,239,3.65,0.67
07:40:19,"[282.0, 84]","[281.0, 180]","[293.14, 14]","[315.78, 37]",287.57,315,11.14,0.68
07:40:20,"[282.0, 73]","[281.0, 165]","[294.8, 15]","[337.83, 35]",288.4,288,12.8,0.65
07:40:21,"[282.0, 23]","[281.0, 120]","[295.0, 8]","[296.0, 24]",288.5,175,13.0,0.63
07:40:22,"[282.0, 14]","[281.0, 105]","[295.0, 7]","[296.0, 21]",288.5,147,13.0,0.62
07:40:23,"[281.18, 34]","[280.37, 57]","[295.0, 5]","[296.0, 15]",288.09,111,13.82,0.64
07:40:24,"[281.0, 70]","[278.0, 30]","[295.0, 5]","[296.0, 15]",288.0,120,14.0,0.67
07:40:25,"[281.0, 70]","[278.0, 30]","[295.0, 5]","[296.0, 15]",288.0,120,14.0,0.67
07:40:26,"[281.0, 154]","[278.0, 66]","[295.0, 11]","[296.0, 33]",288.0,264,14.0,0.67
07:40:27,"[281.78, 46]","[280.62, 96]","[295.0, 8]","[296.0, 24]",288.39,174,13.22,0.63
07:40:28,"[283.0, 24]","[281.0, 112]","[295.0, 8]","[296.0, 24]",289.0,168,12.0,0.62
07:40:29,"[281.07, 162]","[278.32, 148]","[295.0, 15]","[296.0, 45]",288.04,370,13.93,0.68
07:40:30,"[281.0, 132]","[278.0, 132]","[293.67, 12]","[294.79, 24]",287.33,300,12.67,0.76
07:40:31,"[281.0, 159]","[278.0, 144]","[292.0, 61]","[538.76, 38]",286.5,402,11.0,0.51
07:40:32,"[281.0, 247]","[278.0, 156]","[291.24, 42]","[321.02, 49]",286.12,494,10.24,0.63
07:40:33,"[281.88, 144]","[280.45, 264]","[290.0, 32]","[294.95, 61]",285.94,501,8.12,0.63
07:40:34,"[281.55, 124]","[280.08, 234]","[288.48, 23]","[290.71, 24]",285.01,405,6.93,0.77
07:40:35,"[281.0, 168]","[278.0, 144]","[287.59, 17]","[288.26, 19]",284.29,348,6.59,0.79
07:40:36,"[282.64, 14]","[281.0, 166]","[286.71, 14]","[288.0, 28]",284.68,222,4.07,0.62
07:40:37,"[281.47, 34]","[279.04, 92]","[283.91, 22]","[285.69, 13]",282.69,161,2.44,0.57
07:40:38,"[281.0, 85]","[278.0, 192]","[288.39, 56]","[290.69, 42]",284.7,375,7.39,0.48
07:40:39,"[281.0, 52]","[278.0, 156]","[289.38, 65]","[291.0, 65]",285.19,338,8.38,0.23
07:40:40,"[281.0, 36]","[278.0, 108]","[288.0, 45]","[294.33, 45]",284.5,234,7.0,0.23
07:40:41,"[281.0, 36]","[278.0, 96]","[286.12, 40]","[297.0, 40]",283.56,212,5.12,0.25
07:40:42,"[281.84, 134]","[280.1, 120]","[285.41, 85]","[294.88, 85]",283.62,424,3.58,0.2
07:40:43,"[281.84, 75]","[280.0, 72]","[284.18, 38]","[290.3, 50]",283.01,235,2.34,0.25
07:40:44,"[281.68, 94]","[279.64, 132]","[287.74, 58]","[325.2, 82]",284.71,366,6.06,0.23
07:40:45,"[282.69, 35]","[279.9, 63]","[291.19, 32]","[312.0, 34]",286.94,164,8.5,0.2
07:40:46,"[283.46, 41]","[279.16, 75]","[288.69, 52]","[289.36, 50]",286.08,218,5.23,0.06
07:40:47,"[278.12, 99]","[279.12, 17]","[287.0, 22]","[289.0, 44]",282.56,182,8.88,0.27
07:40:48,"[277.94, 102]","[275.19, 86]","[284.55, 44]","[286.0, 40]",281.24,272,6.6,0.38
07:40:49,"[277.92, 88]","[275.08, 149]","[282.62, 52]","[283.8, 50]",280.27,339,4.69,0.4
07:40:50,"[278.0, 92]","[275.0, 156]","[281.26, 46]","[282.23, 26]",279.63,320,3.26,0.55
07:40:51,"[278.0, 46]","[275.0, 117]","[280.0, 36]","[281.0, 18]",279.0,217,2.0,0.5
07:40:52,"[278.0, 16]","[276.46, 48]","[280.0, 32]","[281.0, 16]",279.0,112,2.0,0.14
07:40:53,"[275.61, 36]","[274.9, 96]","[278.67, 60]","[284.33, 39]",277.14,231,3.06,0.14
07:40:54,"[271.46, 39]","[269.96, 52]","[275.42, 55]","[288.0, 40]",273.44,186,3.96,-0.02
07:40:55,"[271.0, 66]","[268.0, 27]","[273.67, 27]","[280.0, 18]",272.33,138,2.67,0.35
07:40:56,"[271.0, 64]","[268.0, 24]","[279.35, 17]","[283.5, 20]",275.18,125,8.35,0.41
07:40:57,"[271.0, 56]","[268.0, 21]","[279.71, 14]","[282.0, 14]",275.36,105,8.71,0.47
07:40:58,"[271.0, 56]","[268.0, 21]","[279.0, 14]","[282.0, 14]",275.0,105,8.0,0.47
07:40:59,"[271.13, 60]","[268.55, 44]","[277.62, 16]","[282.0, 16]",274.38,136,6.49,0.53
07:41:00,"[273.24, 42]","[270.79, 52]","[276.73, 22]","[282.36, 22]",274.98,138,3.49,0.36
07:41:01,"[273.1, 40]","[268.38, 37]","[284.0, 44]","[309.35, 23]",278.55,144,10.9,0.07
07:41:02,"[281.84, 44]","[265.86, 35]","[284.0, 44]","[359.91, 47]",282.92,170,2.16,-0.07
07:41:03,"[281.73, 33]","[266.74, 38]","[284.0, 44]","[577.44, 39]",282.86,154,2.27,-0.08
07:41:04,"[269.6, 15]","[267.51, 43]","[283.09, 44]","[324.36, 28]",276.35,130,13.49,-0.11
07:41:05,"[269.16, 32]","[256.88, 40]","[282.14, 42]","[283.29, 35]",275.65,149,12.99,-0.03
07:41:06,"[273.3, 37]","[272.92, 52]","[280.26, 61]","[281.35, 34]",276.78,184,6.96,-0.03
07:41:07,"[276.0, 9]","[275.0, 36]","[278.16, 19]","[279.15, 26]",277.08,90,2.16,0.0
07:41:08,"[274.3, 47]","[270.18, 49]","[276.6, 43]","[278.14, 42]",275.45,181,2.31,0.06
07:41:09,"[268.0, 6]","[264.83, 18]","[275.43, 14]","[276.25, 16]",271.71,54,7.43,-0.11
07:41:10,"[268.0, 10]","[264.0, 30]","[272.5, 28]","[273.4, 25]",270.25,93,4.5,-0.14
07:41:11,"[268.0, 9]","[264.0, 27]","[270.0, 18]","[271.0, 27]",269.0,81,2.0,-0.11
07:41:12,"[268.0, 10]","[265.0, 10]","[269.42, 19]","[271.9, 30]",268.71,69,1.42,-0.42
07:41:13,"[268.0, 6]","[265.0, 6]","[269.8, 15]","[277.38, 8]",268.9,35,1.8,-0.31
07:41:14,"[268.0, 6]","[265.0, 6]","[269.0, 22]","[273.0, 6]",268.5,40,1.0,-0.4
07:41:15,"[268.0, 8]","[265.0, 8]","[269.0, 24]","[273.0, 8]",268.5,48,1.0,-0.33
07:41:16,"[268.0, 5]","[265.0, 5]","[269.0, 15]","[273.0, 5]",268.5,30,1.0,-0.33
07:41:17,"[268.0, 7]","[265.0, 7]","[269.0, 21]","[271.0, 7]",268.5,42,1.0,-0.33
07:41:18,"[268.0, 12]","[265.0, 12]","[269.0, 35]","[271.0, 12]",268.5,71,1.0,-0.32
07:41:19,"[268.0, 10]","[265.0, 10]","[272.0, 24]","[274.86, 14]",270.0,58,4.0,-0.31
07:41:20,"[273.5, 28]","[264.44, 16]","[278.0, 40]","[280.0, 30]",275.75,114,4.5,-0.23
07:41:21,"[276.0, 40]","[266.95, 42]","[278.0, 32]","[280.0, 22]",277.0,136,2.0,0.21
07:41:22,"[276.91, 46]","[269.57, 61]","[483.06, 33]","[536.95, 21]",379.99,161,206.15,0.33
07:41:23,"[283.0, 48]","[279.0, 30]","[418.0, 40]","[525.17, 24]",350.5,142,135.0,0.1
07:41:24,"[283.0, 9]","[282.0, 27]","[421.03, 30]","[535.78, 32]",352.02,98,138.03,-0.27
07:41:25,"[283.0, 10]","[282.0, 30]","[539.92, 24]","[548.82, 44]",411.46,108,256.92,-0.26
07:41:26,"[283.0, 7]","[282.0, 21]","[445.29, 28]","[540.38, 13]",364.14,69,162.29,-0.19
07:41:27,"[283.0, 8]","[282.0, 24]","[392.14, 14]","[449.85, 26]",337.57,72,109.14,-0.11
07:41:28,"[283.0, 9]","[279.8, 35]","[460.27, 30]","[488.54, 26]",371.63,100,177.27,-0.12
07:41:29,"[283.0, 34]","[280.7, 10]","[385.63, 35]","[404.1, 29]",334.31,108,102.63,-0.19
07:41:30,"[282.1, 29]","[277.03, 34]","[331.21, 56]","[334.0, 28]",306.66,147,49.11,-0.14
07:41:31,"[280.09, 44]","[278.0, 11]","[328.8, 40]","[332.15, 26]",304.45,121,48.71,-0.09
07:41:32,"[281.0, 36]","[278.0, 9]","[326.23, 26]","[327.53, 30]",303.62,101,45.23,-0.11
07:41:33,"[281.0, 44]","[278.0, 11]","[324.64, 44]","[325.82, 44]",302.82,143,43.64,-0.23
07:41:34,"[281.0, 48]","[278.0, 28]","[321.82, 44]","[323.5, 48]",301.41,168,40.82,-0.1
07:41:35,"[276.47, 43]","[274.9, 79]","[318.0, 36]","[318.71, 28]",297.23,186,41.53,0.31
07:41:36,"[275.0, 165]","[268.0, 11]","[313.45, 40]","[315.18, 34]",294.23,250,38.45,0.41
07:41:37,"[275.0, 138]","[270.1, 30]","[279.08, 24]","[290.46, 26]",277.04,218,4.08,0.54
07:41:38,"[275.0, 81]","[268.0, 9]","[276.18, 17]","[281.53, 19]",275.59,126,1.18,0.43
07:41:39,"[275.0, 108]","[268.0, 12]","[277.5, 54]","[280.42, 38]",276.25,212,2.5,0.13
07:41:40,"[274.96, 55]","[272.23, 31]","[276.69, 49]","[280.16, 38]",275.83,173,1.73,-0.01
07:41:41,"[272.88, 58]","[262.19, 21]","[279.35, 40]","[282.55, 40]",276.11,159,6.47,-0.01
07:41:42,"[266.8, 10]","[216.11, 18]","[279.29, 28]","[281.73, 22]",273.04,78,12.49,-0.28
07:41:43,"[183.43, 28]","[137.33, 30]","[275.21, 58]","[279.95, 40]",229.32,156,91.78,-0.26
07:41:44,"[274.18, 44]","[269.43, 14]","[278.38, 26]","[279.09, 44]",276.28,128,4.2,-0.09
07:41:45,"[275.45, 69]","[273.08, 26]","[506.17, 30]","[532.39, 51]",390.81,176,230.72,0.08
07:41:46,"[276.15, 39]","[273.18, 22]","[448.54, 37]","[754.22, 36]",362.35,134,172.39,-0.09
07:41:47,"[273.0, 12]","[266.56, 18]","[357.2, 50]","[471.02, 43]",315.1,123,84.2,-0.51
07:41:48,"[276.0, 7]","[266.69, 13]","[277.0, 14]","[356.0, 35]",276.5,69,1.0,-0.42
07:41:49,"[274.45, 22]","[261.62, 13]","[276.33, 36]","[322.78, 36]",275.39,107,1.88,-0.35
07:41:50,"[224.38, 16]","[241.5, 12]","[278.57, 23]","[419.09, 46]",251.47,97,54.19,-0.42
07:41:51,"[150.69, 29]","[126.08, 24]","[266.0, 54]","[267.6, 20]",208.34,127,115.31,-0.17
07:41:52,"[179.38, 52]","[90.7, 40]","[266.0, 36]","[267.0, 24]",222.69,152,86.62,0.21
07:41:53,"[212.1, 116]","[200.88, 52]","[266.0, 36]","[267.0, 24]",239.05,228,53.9,0.47
07:41:54,"[225.6, 43]","[214.93, 59]","[266.0, 27]","[267.0, 18]",245.8,147,40.4,0.39
07:41:55,"[230.06, 94]","[229.48, 46]","[266.0, 30]","[267.0, 20]",248.03,190,35.94,0.47
07:41:56,"[231.0, 30]","[230.0, 110]","[266.0, 30]","[267.0, 20]",248.5,190,35.0,0.47
07:41:57,"[233.38, 48]","[230.42, 64]","[266.0, 24]","[267.0, 16]",249.69,152,32.62,0.47
07:41:58,"[234.64, 154]","[233.0, 42]","[267.57, 42]","[268.69, 39]",251.11,277,32.93,0.42
07:41:59,"[235.71, 77]","[233.0, 21]","[268.0, 21]","[269.0, 21]",251.86,140,32.29,0.4
07:42:00,"[237.52, 79]","[236.42, 103]","[268.0, 39]","[269.0, 39]",252.76,260,30.48,0.4
07:42:01,"[241.82, 85]","[238.21, 125]","[267.2, 55]","[268.35, 34]",254.51,299,25.38,0.4
07:42:02,"[245.92, 103]","[245.48, 79]","[267.0, 52]","[268.0, 26]",256.46,260,21.08,0.4
07:42:03,"[251.28, 72]","[247.74, 73]","[267.0, 44]","[268.0, 22]",259.14,211,15.72,0.37
07:42:04,"[253.89, 54]","[252.07, 86]","[267.0, 39]","[268.0, 20]",260.44,199,13.11,0.41
07:42:05,"[255.71, 77]","[254.0, 21]","[267.0, 7]","[268.0, 14]",261.36,119,11.29,0.65
07:42:06,"[256.77, 143]","[254.0, 39]","[267.0, 13]","[268.0, 26]",261.88,221,10.23,0.65
07:42:07,"[257.31, 67]","[256.16, 43]","[267.0, 15]","[268.0, 18]",262.16,143,9.69,0.54
07:42:08,"[261.0, 27]","[259.0, 27]","[267.0, 27]","[268.0, 18]",264.0,99,6.0,0.09
07:42:09,"[261.0, 30]","[258.42, 38]","[267.0, 30]","[268.0, 20]",264.0,118,6.0,0.15
07:42:10,"[262.04, 69]","[261.38, 29]","[267.0, 26]","[268.0, 14]",264.52,138,4.96,0.42
07:42:11,"[265.51, 140]","[263.73, 82]","[267.31, 29]","[268.73, 37]",266.41,288,1.8,0.54
07:42:12,"[266.95, 73]","[266.44, 81]","[268.81, 21]","[270.4, 40]",267.88,215,1.86,0.43
07:42:13,"[269.8, 30]","[267.0, 110]","[271.35, 31]","[272.43, 35]",270.58,206,1.55,0.36
07:42:14,"[272.44, 64]","[251.67, 136]","[287.47, 47]","[411.53, 38]",279.95,285,15.03,0.4
07:42:15,"[276.97, 69]","[275.83, 48]","[295.28, 36]","[336.73, 22]",286.12,175,18.31,0.34
07:42:16,"[278.47, 76]","[276.63, 59]","[306.62, 32]","[369.85, 26]",292.55,193,28.15,0.4
07:42:17,"[279.72, 87]","[276.29, 42]","[307.35, 40]","[310.14, 28]",293.54,197,27.63,0.31
07:42:18,"[280.0, 20]","[278.0, 24]","[304.65, 17]","[305.61, 23]",292.32,84,24.65,0.05
07:42:19,"[279.26, 19]","[276.57, 21]","[302.0, 16]","[305.0, 24]",290.63,80,22.74,0.0
07:42:20,"[278.0, 8]","[273.18, 17]","[291.64, 22]","[303.57, 21]",284.82,68,13.64,-0.26
07:42:21,"[280.8, 80]","[279.11, 18]","[295.98, 47]","[300.73, 30]",288.39,175,15.18,0.12
07:42:22,"[281.87, 179]","[280.0, 32]","[295.0, 51]","[297.0, 54]",288.43,316,13.13,0.34
07:42:23,"[282.0, 132]","[280.0, 36]","[291.57, 46]","[293.15, 41]",286.78,255,9.57,0.32
07:42:24,"[282.83, 132]","[280.0, 36]","[288.27, 56]","[289.82, 40]",285.55,264,5.43,0.27
07:42:25,"[283.0, 98]","[280.0, 33]","[284.09, 44]","[286.11, 53]",283.55,228,1.09,0.15
07:42:26,"[280.92, 39]","[279.0, 18]","[286.23, 39]","[292.0, 27]",283.58,123,5.31,-0.07
07:42:27,"[280.0, 13]","[278.0, 9]","[286.0, 27]","[327.95, 21]",283.0,70,6.0,-0.37
07:42:28,"[280.74, 34]","[278.71, 14]","[284.43, 42]","[480.76, 76]",282.58,166,3.69,-0.42
07:42:29,"[281.7, 57]","[280.0, 14]","[417.31, 58]","[498.9, 58]",349.51,187,135.61,-0.24
07:42:30,"[282.31, 52]","[280.0, 13]","[452.34, 59]","[474.66, 62]",367.32,186,170.03,-0.3
07:42:31,"[283.0, 56]","[280.0, 14]","[470.69, 51]","[504.72, 43]",376.84,164,187.69,-0.15
07:42:32,"[281.89, 19]","[278.6, 10]","[449.81, 26]","[484.26, 38]",365.85,93,167.91,-0.38
07:42:33,"[274.46, 26]","[272.21, 58]","[364.32, 22]","[423.68, 38]",319.39,144,89.86,0.17
07:42:34,"[274.44, 27]","[272.68, 53]","[363.82, 55]","[502.0, 14]",319.13,149,89.37,0.07
07:42:35,"[273.27, 30]","[272.45, 40]","[361.57, 51]","[451.55, 31]",317.42,152,88.3,-0.08
07:42:36,"[272.0, 60]","[271.0, 24]","[343.59, 34]","[357.41, 46]",307.79,164,71.59,0.02
07:42:37,"[272.0, 45]","[271.0, 18]","[308.92, 37]","[310.42, 19]",290.46,119,36.92,0.06
07:42:38,"[272.82, 44]","[271.38, 26]","[305.34, 32]","[306.27, 48]",289.08,150,32.53,-0.07
07:42:39,"[281.0, 26]","[272.0, 65]","[302.53, 43]","[305.2, 61]",291.77,195,21.53,-0.07
07:42:40,"[281.32, 19]","[274.72, 36]","[299.64, 33]","[301.0, 55]",290.48,143,18.32,-0.23
07:42:41,"[283.0, 10]","[281.0, 48]","[297.09, 44]","[298.44, 36]",290.05,138,14.09,-0.16
07:42:42,"[277.79, 28]","[276.33, 61]","[294.0, 42]","[296.0, 70]",285.89,201,16.21,-0.11
07:42:43,"[277.0, 33]","[275.0, 22]","[293.22, 27]","[295.27, 37]",285.11,119,16.22,-0.08
07:42:44,"[278.73, 33]","[275.75, 40]","[289.78, 45]","[290.86, 43]",284.25,161,11.05,-0.09
07:42:45,"[280.0, 39]","[276.48, 33]","[286.72, 47]","[288.43, 37]",283.36,156,6.72,-0.08
07:42:46,"[281.89, 72]","[279.67, 12]","[284.22, 54]","[309.86, 21]",283.06,159,2.33,0.06
07:42:47,"[282.64, 25]","[281.83, 53]","[285.85, 13]","[414.05, 42]",284.24,133,3.21,0.17
07:42:48,"[282.0, 77]","[279.0, 16]","[321.59, 22]","[530.3, 61]",301.8,176,39.59,0.06
07:42:49,"[282.76, 34]","[281.8, 30]","[450.91, 34]","[551.76, 29]",366.84,127,168.15,0.01
07:42:50,"[283.0, 14]","[282.0, 28]","[311.18, 22]","[569.0, 27]",297.09,91,28.18,-0.08
07:42:51,"[283.0, 22]","[282.0, 44]","[341.51, 39]","[546.98, 43]",312.26,148,58.51,-0.11
07:42:52,"[283.0, 20]","[282.0, 40]","[321.08, 39]","[457.35, 31]",302.04,130,38.08,-0.08
07:42:53,"[283.0, 16]","[282.0, 32]","[347.0, 22]","[422.48, 29]",315.0,99,64.0,-0.03
07:42:54,"[283.0, 18]","[282.0, 36]","[334.88, 34]","[422.29, 28]",308.94,116,51.88,-0.07
07:42:55,"[282.78, 18]","[281.8, 30]","[442.43, 28]","[540.33, 36]",362.6,112,159.65,-0.14
07:42:56,"[282.0, 22]","[279.0, 11]","[471.37, 38]","[551.12, 32]",376.68,103,189.37,-0.36
07:42:57,"[279.2, 30]","[274.5, 36]","[323.48, 31]","[328.35, 34]",301.34,131,44.28,0.01
07:42:58,"[275.0, 20]","[273.0, 72]","[322.89, 28]","[323.25, 20]",298.95,140,47.89,0.31
07:42:59,"[273.0, 104]","[266.0, 13]","[320.84, 37]","[321.39, 41]",296.92,195,47.84,0.2
07:43:00,"[274.71, 28]","[272.4, 35]","[317.73, 11]","[320.9, 31]",296.22,105,43.01,0.2
07:43:01,"[281.57, 14]","[272.89, 65]","[317.0, 55]","[318.0, 11]",299.29,145,35.43,0.09
07:43:02,"[279.43, 40]","[277.81, 47]","[315.87, 68]","[316.38, 66]",297.65,221,36.44,-0.21
07:43:03,"[283.2, 15]","[281.5, 28]","[312.27, 15]","[314.12, 41]",297.73,99,29.07,-0.13
07:43:04,"[277.36, 14]","[275.81, 37]","[309.31, 26]","[312.33, 24]",293.33,101,31.95,0.01
07:43:05,"[278.41, 17]","[276.0, 51]","[305.48, 50]","[307.26, 43]",291.95,161,27.07,-0.16
07:43:06,"[279.0, 32]","[275.13, 89]","[302.09, 47]","[303.56, 27]",290.54,195,23.09,0.24
07:43:07,"[279.52, 25]","[277.17, 72]","[296.31, 71]","[297.35, 62]",287.91,230,16.79,-0.16
07:43:08,"[275.36, 94]","[271.52, 65]","[294.33, 81]","[296.5, 80]",284.85,320,18.97,-0.01
07:43:09,"[274.76, 59]","[259.45, 20]","[292.08, 61]","[293.31, 65]",283.42,205,17.32,-0.23
07:43:10,"[279.25, 56]","[272.23, 66]","[288.15, 52]","[289.51, 53]",283.7,227,8.9,0.07
07:43:11,"[274.45, 179]","[273.17, 101]","[283.32, 53]","[285.0, 48]",278.89,381,8.87,0.47
07:43:12,"[275.06, 108]","[273.5, 145]","[281.59, 22]","[285.13, 67]",278.32,342,6.54,0.48
07:43:13,"[277.5, 112]","[270.35, 172]","[280.73, 45]","[345.05, 78]",279.12,407,3.23,0.4
07:43:14,"[278.11, 54]","[268.34, 177]","[280.75, 59]","[339.47, 55]",279.43,345,2.63,0.34
07:43:15,"[279.0, 36]","[278.0, 36]","[280.58, 60]","[321.67, 48]",279.79,180,1.58,-0.2
07:43:16,"[278.84, 38]","[277.5, 38]","[285.26, 35]","[336.73, 55]",282.05,166,6.42,-0.08
07:43:17,"[278.33, 18]","[268.0, 6]","[303.0, 24]","[467.76, 29]",290.67,77,24.67,-0.38
07:43:18,"[274.69, 42]","[271.37, 19]","[335.0, 52]","[345.0, 52]",304.85,165,60.31,-0.26
07:43:19,"[270.0, 36]","[268.0, 9]","[339.89, 36]","[554.22, 36]",304.94,117,69.89,-0.23
07:43:20,"[270.2, 25]","[268.8, 10]","[374.71, 28]","[540.07, 29]",322.46,92,104.51,-0.24
07:43:21,"[270.15, 52]","[268.84, 19]","[292.15, 52]","[439.68, 56]",281.15,179,22.0,-0.21
07:43:22,"[274.58, 50]","[270.31, 32]","[332.09, 44]","[586.91, 55]",303.34,181,57.51,-0.09
07:43:23,"[274.0, 216]","[271.67, 48]","[510.78, 49]","[691.13, 55]",392.39,368,236.78,0.43
07:43:24,"[274.0, 144]","[272.0, 32]","[487.27, 22]","[569.17, 29]",380.64,227,213.27,0.55
07:43:25,"[274.0, 180]","[272.0, 40]","[457.66, 35]","[463.43, 35]",365.83,290,183.66,0.52
07:43:26,"[274.0, 91]","[272.0, 28]","[455.71, 14]","[458.0, 35]",364.86,168,181.71,0.42
07:43:27,"[275.6, 10]","[274.32, 38]","[455.0, 16]","[458.0, 40]",365.3,104,179.4,-0.08
07:43:28,"[277.88, 8]","[275.0, 16]","[442.08, 13]","[478.71, 31]",359.98,68,164.2,-0.29
07:43:29,"[278.17, 30]","[274.36, 116]","[326.93, 29]","[381.09, 22]",302.55,197,48.76,0.48
07:43:30,"[275.87, 62]","[274.0, 107]","[314.21, 28]","[345.33, 21]",295.04,218,38.34,0.55
07:43:31,"[283.0, 13]","[274.0, 99]","[312.55, 22]","[316.32, 25]",297.77,159,29.55,0.41
07:43:32,"[283.0, 11]","[274.0, 121]","[309.36, 25]","[310.2, 30]",296.18,187,26.36,0.41
07:43:33,"[283.0, 11]","[274.0, 121]","[307.15, 27]","[308.64, 28]",295.07,187,24.15,0.41
07:43:34,"[275.42, 38]","[273.61, 82]","[304.18, 17]","[305.17, 23]",289.8,160,28.76,0.5
07:43:35,"[274.09, 91]","[272.43, 46]","[300.09, 22]","[301.67, 12]",287.09,171,26.0,0.6
07:43:36,"[282.0, 12]","[276.0, 40]","[296.59, 32]","[297.64, 22]",289.3,106,14.59,-0.02
07:43:37,"[279.78, 18]","[276.85, 26]","[291.77, 22]","[292.86, 35]",285.78,101,11.99,-0.13
07:43:38,"[274.92, 52]","[273.69, 58]","[287.78, 27]","[288.44, 16]",281.35,153,12.85,0.44
07:43:39,"[280.69, 144]","[275.23, 78]","[284.67, 30]","[286.15, 34]",282.68,286,3.97,0.55
07:43:40,"[281.0, 112]","[276.14, 70]","[282.1, 31]","[283.13, 45]",281.55,258,1.1,0.41
07:43:41,"[281.0, 54]","[273.94, 32]","[282.0, 18]","[283.0, 27]",281.5,131,1.0,0.31
07:43:42,"[278.75, 52]","[271.93, 27]","[296.3, 30]","[477.58, 31]",287.52,140,17.55,0.13
07:43:43,"[271.08, 72]","[247.48, 61]","[362.0, 21]","[573.67, 33]",316.54,187,90.92,0.42
07:43:44,"[273.27, 22]","[271.0, 121]","[386.69, 13]","[575.51, 47]",329.98,203,113.42,0.41
07:43:45,"[275.38, 26]","[271.54, 89]","[359.8, 49]","[386.3, 40]",317.59,204,84.41,0.13
07:43:46,"[276.33, 18]","[275.0, 18]","[331.6, 20]","[335.57, 28]",303.97,84,55.27,-0.14
07:43:47,"[271.0, 66]","[209.91, 22]","[318.0, 12]","[319.0, 24]",294.5,124,47.0,0.42
07:43:48,"[271.0, 88]","[219.0, 24]","[318.0, 16]","[320.5, 32]",294.5,160,47.0,0.4
07:43:49,"[271.0, 88]","[236.47, 60]","[317.12, 16]","[323.0, 32]",294.06,196,46.12,0.51
07:43:50,"[271.25, 59]","[243.89, 110]","[316.0, 18]","[330.78, 36]",293.63,223,44.75,0.52
07:43:51,"[281.33, 12]","[272.57, 21]","[313.0, 33]","[372.59, 44]",297.17,110,31.67,-0.4
07:43:52,"[274.0, 49]","[244.43, 21]","[309.29, 14]","[311.0, 35]",291.64,119,35.29,0.18
07:43:53,"[274.0, 16]","[262.88, 24]","[306.91, 11]","[309.4, 25]",290.45,76,32.91,0.05
07:43:54,"[274.0, 15]","[265.0, 33]","[304.55, 11]","[307.0, 22]",289.27,81,30.55,0.19
07:43:55,"[279.04, 25]","[263.12, 24]","[301.5, 22]","[302.84, 19]",290.27,90,22.46,0.09
07:43:56,"[281.0, 36]","[274.0, 6]","[299.0, 6]","[300.0, 18]",290.0,66,18.0,0.27
07:43:57,"[281.31, 78]","[279.33, 24]","[297.58, 19]","[299.37, 30]",289.44,151,16.27,0.35
07:43:58,"[281.0, 39]","[278.0, 12]","[294.04, 23]","[295.12, 16]",287.52,90,13.04,0.13
07:43:59,"[281.0, 36]","[278.0, 12]","[291.91, 23]","[291.9, 20]",286.46,91,10.91,0.05
07:44:00,"[281.36, 25]","[279.06, 31]","[289.1, 20]","[290.52, 23]",285.23,99,7.74,0.13
07:44:01,"[279.9, 77]","[276.89, 54]","[285.58, 45]","[286.14, 37]",282.74,213,5.68,0.23
07:44:02,"[279.32, 74]","[276.4, 35]","[282.77, 31]","[305.85, 41]",281.05,181,3.45,0.2
07:44:03,"[279.62, 140]","[277.2, 30]","[284.2, 30]","[333.17, 48]",281.91,248,4.58,0.37
07:44:04,"[280.0, 84]","[274.77, 113]","[283.28, 18]","[288.0, 48]",281.64,263,3.28,0.5
07:44:05,"[275.44, 27]","[274.13, 76]","[284.0, 20]","[308.0, 20]",279.72,143,8.56,0.44
07:44:06,"[277.5, 60]","[275.0, 60]","[282.17, 48]","[323.0, 33]",279.83,201,4.67,0.19
07:44:07,"[276.64, 33]","[272.94, 96]","[283.44, 27]","[560.67, 15]",280.04,171,6.81,0.51
07:44:08,"[275.0, 25]","[272.0, 110]","[308.2, 5]","[310.0, 5]",291.6,145,33.2,0.86
07:44:09,"[275.0, 25]","[272.0, 110]","[341.8, 5]","[732.07, 14]",308.4,154,66.8,0.75
07:44:10,"[275.0, 45]","[272.0, 198]","[314.22, 27]","[393.22, 9]",294.61,279,39.22,0.74
07:44:11,"[275.0, 34]","[272.0, 176]","[312.12, 24]","[510.75, 32]",293.56,266,37.12,0.58
07:44:12,"[280.73, 22]","[274.64, 59]","[312.0, 21]","[547.57, 28]",296.36,130,31.27,0.25
07:44:13,"[280.18, 33]","[276.71, 42]","[311.88, 24]","[506.19, 31]",296.03,130,31.69,0.15
07:44:14,"[278.06, 50]","[276.11, 154]","[310.17, 36]","[311.17, 36]",294.11,276,32.11,0.48
07:44:15,"[276.0, 288]","[275.0, 128]","[305.14, 42]","[306.14, 42]",290.57,500,29.14,0.66
07:44:16,"[281.28, 65]","[275.96, 117]","[300.35, 20]","[302.5, 12]",290.81,214,19.07,0.7
07:44:17,"[283.0, 84]","[276.0, 192]","[297.25, 36]","[298.25, 36]",290.12,348,14.25,0.59
07:44:18,"[283.47, 34]","[281.13, 120]","[296.08, 26]","[297.0, 30]",289.77,210,12.61,0.47
07:44:19,"[284.0, 18]","[283.0, 99]","[292.76, 21]","[294.07, 15]",288.38,153,8.76,0.53
07:44:20,"[284.0, 18]","[283.0, 99]","[288.16, 25]","[289.0, 23]",286.08,165,4.16,0.42
07:44:21,"[283.21, 56]","[282.23, 78]","[285.39, 28]","[286.62, 24]",284.3,186,2.18,0.44
07:44:22,"[283.0, 98]","[277.26, 43]","[284.88, 24]","[289.2, 30]",283.94,195,1.88,0.45
07:44:23,"[283.0, 102]","[279.87, 71]","[284.0, 36]","[285.0, 36]",283.5,245,1.0,0.41
07:44:24,"[282.29, 28]","[280.65, 34]","[284.62, 24]","[446.0, 32]",283.46,118,2.34,0.05
07:44:25,"[281.0, 55]","[278.0, 22]","[283.43, 21]","[336.77, 35]",282.21,133,2.43,0.16
07:44:26,"[279.9, 41]","[276.0, 132]","[281.94, 48]","[489.12, 34]",280.92,255,2.04,0.36
07:44:27,"[278.0, 10]","[275.0, 20]","[479.17, 36]","[626.68, 25]",378.58,91,201.17,-0.34
07:44:28,"[273.95, 42]","[272.78, 18]","[425.05, 37]","[457.69, 32]",349.5,129,151.1,-0.07
07:44:29,"[273.0, 136]","[271.0, 40]","[406.0, 24]","[445.17, 23]",339.5,223,133.0,0.58
07:44:30,"[273.0, 113]","[271.0, 35]","[375.63, 19]","[427.0, 12]",324.32,179,102.63,0.65
07:44:31,"[273.0, 144]","[271.02, 41]","[322.11, 27]","[407.09, 11]",297.56,223,49.11,0.66
07:44:32,"[273.0, 170]","[272.0, 11]","[320.55, 33]","[424.88, 16]",296.77,230,47.55,0.57
07:44:33,"[273.43, 122]","[272.95, 40]","[311.0, 10]","[319.89, 28]",292.21,200,37.57,0.62
07:44:34,"[276.14, 107]","[275.01, 71]","[316.04, 28]","[323.5, 12]",296.09,218,39.9,0.63
07:44:35,"[276.0, 132]","[272.0, 11]","[316.0, 33]","[393.45, 11]",296.0,187,40.0,0.53
07:44:36,"[276.0, 120]","[272.0, 10]","[312.66, 32]","[429.5, 12]",294.33,174,36.66,0.49
07:44:37,"[279.62, 74]","[271.4, 25]","[298.86, 56]","[309.33, 45]",289.24,200,19.24,-0.01
07:44:38,"[284.0, 70]","[276.0, 14]","[297.65, 46]","[300.68, 44]",290.83,174,13.65,-0.03
07:44:39,"[284.16, 64]","[282.64, 76]","[295.71, 42]","[298.0, 42]",289.94,224,11.56,0.25
07:44:40,"[285.0, 65]","[284.0, 52]","[294.69, 39]","[298.0, 39]",289.85,195,9.69,0.2
07:44:41,"[285.0, 80]","[284.0, 64]","[292.5, 48]","[295.81, 48]",288.75,240,7.5,0.2
07:44:42,"[285.0, 64]","[284.0, 56]","[290.43, 42]","[291.86, 42]",287.71,204,5.43,0.18
07:44:43,"[285.0, 27]","[284.0, 60]","[287.74, 47]","[289.4, 45]",286.37,179,2.74,-0.03
07:44:44,"[284.08, 24]","[283.11, 71]","[285.33, 27]","[299.87, 23]",284.71,145,1.25,0.31
07:44:45,"[283.01, 91]","[282.31, 29]","[284.91, 33]","[432.0, 11]",283.96,164,1.9,0.46
07:44:46,"[283.0, 65]","[280.62, 26]","[284.0, 39]","[357.0, 34]",283.5,164,1.0,0.11
07:44:47,"[277.65, 48]","[276.91, 70]","[373.76, 66]","[423.62, 40]",325.7,224,96.11,0.05
07:44:48,"[278.77, 35]","[277.14, 42]","[373.0, 28]","[427.0, 35]",325.89,140,94.23,0.1
07:44:49,"[279.14, 56]","[278.73, 44]","[371.6, 40]","[427.0, 50]",325.37,190,92.46,0.05
07:44:50,"[280.98, 118]","[278.86, 28]","[370.14, 56]","[545.39, 38]",325.56,240,89.16,0.22
07:44:51,"[281.0, 138]","[276.0, 21]","[369.14, 56]","[513.6, 50]",325.07,265,88.14,0.2
07:44:52,"[281.0, 81]","[276.0, 22]","[368.0, 44]","[434.0, 55]",324.5,202,87.0,0.02
07:44:53,"[281.54, 74]","[278.67, 30]","[366.87, 60]","[434.0, 75]",324.2,239,85.33,-0.13
07:44:54,"[283.55, 22]","[281.0, 18]","[364.44, 36]","[616.33, 9]",323.99,85,80.9,-0.06
07:44:55,"[284.0, 10]","[281.86, 28]","[363.8, 20]","[569.0, 5]",323.9,63,79.8,0.21
07:44:56,"[284.0, 14]","[282.0, 56]","[363.0, 28]","[631.86, 7]",323.5,105,79.0,0.33
07:44:57,"[284.0, 10]","[282.0, 40]","[341.0, 8]","[380.29, 17]",312.5,75,57.0,0.33
07:44:58,"[284.0, 12]","[282.0, 48]","[360.67, 21]","[498.31, 13]",322.33,94,76.67,0.28
07:44:59,"[283.22, 46]","[282.06, 94]","[321.08, 39]","[647.33, 45]",302.15,224,37.86,0.25
07:45:00,"[283.0, 30]","[282.0, 40]","[320.47, 17]","[536.0, 22]",301.74,109,37.47,0.28
07:45:01,"[283.0, 72]","[282.0, 96]","[318.11, 37]","[319.57, 47]",300.55,252,35.11,0.33
07:45:02,"[283.0, 39]","[282.0, 56]","[317.0, 21]","[319.0, 28]",300.0,144,34.0,0.32
07:45:03,"[283.0, 39]","[281.81, 79]","[314.33, 51]","[317.2, 40]",298.67,209,31.33,0.13
07:45:04,"[283.0, 36]","[281.77, 26]","[315.18, 40]","[510.35, 34]",299.09,136,32.18,-0.09
07:45:05,"[282.81, 43]","[281.6, 30]","[315.31, 39]","[457.08, 39]",299.06,151,32.49,-0.03
07:45:06,"[282.0, 18]","[281.0, 27]","[312.67, 27]","[313.89, 27]",297.33,99,30.67,-0.09
07:45:07,"[282.0, 12]","[281.0, 18]","[311.5, 18]","[313.0, 18]",296.75,66,29.5,-0.09
07:45:08,"[282.0, 16]","[281.0, 24]","[310.12, 24]","[311.25, 24]",296.06,88,28.12,-0.09
07:45:09,"[281.23, 35]","[280.17, 54]","[306.44, 48]","[307.81, 48]",293.83,185,25.21,-0.04
07:45:10,"[279.0, 36]","[278.0, 60]","[302.44, 34]","[304.0, 36]",290.72,166,23.44,0.16
07:45:11,"[282.34, 76]","[277.93, 57]","[300.59, 34]","[303.23, 39]",291.47,206,18.25,0.29
07:45:12,"[283.0, 72]","[278.0, 60]","[299.83, 36]","[302.92, 36]",291.42,204,16.83,0.29
07:45:13,"[283.0, 54]","[278.0, 45]","[293.9, 30]","[297.78, 27]",288.45,156,10.9,0.27
07:45:14,"[284.0, 22]","[283.0, 78]","[293.47, 43]","[297.08, 39]",288.73,182,9.47,0.1
07:45:15,"[284.0, 8]","[283.0, 48]","[296.0, 24]","[297.0, 24]",290.0,104,12.0,0.08
07:45:16,"[283.06, 16]","[279.88, 16]","[295.83, 18]","[297.0, 18]",289.45,68,12.77,-0.06
07:45:17,"[282.41, 34]","[277.82, 22]","[295.0, 36]","[297.0, 36]",288.71,128,12.59,-0.12
07:45:18,"[275.22, 54]","[272.67, 12]","[295.0, 36]","[297.0, 36]",285.11,138,19.78,-0.04
07:45:19,"[275.13, 46]","[273.67, 18]","[295.8, 35]","[339.35, 34]",285.47,133,20.67,-0.04
07:45:20,"[276.64, 42]","[275.0, 66]","[293.68, 44]","[294.56, 48]",285.16,200,17.04,0.08
07:45:21,"[278.0, 54]","[276.04, 26]","[288.74, 46]","[290.42, 26]",283.37,152,10.74,0.05
07:45:22,"[282.76, 21]","[279.5, 24]","[285.84, 31]","[286.38, 48]",284.3,124,3.08,-0.27
07:45:23,"[277.64, 28]","[276.78, 41]","[282.42, 38]","[283.88, 34]",280.03,141,4.78,-0.02
07:45:24,"[275.48, 44]","[274.65, 34]","[278.32, 50]","[279.85, 40]",276.9,168,2.84,-0.07
07:45:25,"[275.0, 49]","[273.0, 13]","[278.19, 27]","[279.41, 17]",276.59,106,3.19,0.17
07:45:26,"[275.0, 27]","[273.0, 9]","[278.0, 18]","[419.0, 27]",276.5,81,3.0,-0.11
07:45:27,"[275.0, 42]","[273.0, 14]","[277.26, 19]","[360.06, 53]",276.13,128,2.26,-0.12
07:45:28,"[269.52, 23]","[187.6, 10]","[272.33, 21]","[315.16, 38]",270.93,92,2.81,-0.28
07:45:29,"[266.0, 24]","[173.83, 24]","[271.22, 27]","[312.0, 55]",268.61,130,5.22,-0.26
07:45:30,"[266.0, 4]","[156.0, 8]","[272.0, 8]","[385.0, 8]",269.0,28,6.0,-0.14
07:45:31,"[266.0, 14]","[174.6, 10]","[272.0, 28]","[434.0, 26]",269.0,78,6.0,-0.38
07:45:32,"[266.0, 20]","[208.23, 13]","[272.0, 32]","[527.2, 30]",269.0,95,6.0,-0.31
07:45:33,"[266.0, 12]","[156.0, 6]","[272.0, 9]","[536.82, 17]",269.0,44,6.0,-0.18
07:45:34,"[266.0, 14]","[219.29, 7]","[272.0, 7]","[488.0, 28]",269.0,56,6.0,-0.25
07:45:35,"[266.0, 14]","[245.29, 7]","[300.36, 11]","[450.15, 26]",283.18,58,34.36,-0.28
07:45:36,"[266.2, 10]","[232.67, 6]","[324.0, 15]","[399.88, 16]",295.1,47,57.8,-0.32
07:45:37,"[267.5, 16]","[266.0, 16]","[292.05, 22]","[390.89, 27]",279.77,81,24.55,-0.21
07:45:38,"[269.5, 16]","[266.0, 16]","[303.75, 24]","[469.62, 24]",286.62,80,34.25,-0.2
07:45:39,"[275.95, 19]","[273.82, 22]","[292.77, 31]","[358.29, 42]",284.36,114,16.83,-0.28
07:45:40,"[279.0, 10]","[276.0, 8]","[305.3, 23]","[360.43, 28]",292.15,69,26.3,-0.48
07:45:41,"[279.91, 33]","[277.88, 8]","[321.3, 10]","[322.38, 26]",300.6,77,41.39,0.06
07:45:42,"[280.16, 49]","[279.43, 14]","[319.9, 10]","[322.0, 30]",300.03,103,39.74,0.22
07:45:43,"[282.0, 14]","[280.0, 21]","[312.89, 9]","[314.67, 9]",297.44,53,30.89,0.32
07:45:44,"[281.23, 39]","[279.79, 34]","[309.17, 48]","[312.0, 16]",295.2,137,27.94,0.07
07:45:45,"[281.0, 33]","[278.65, 17]","[307.71, 17]","[308.65, 34]",294.35,101,26.71,-0.01
07:45:46,"[281.68, 22]","[278.51, 35]","[305.67, 12]","[307.0, 24]",293.67,93,23.98,0.23
07:45:47,"[279.0, 14]","[277.0, 28]","[305.4, 20]","[308.05, 19]",292.2,81,26.4,0.04
07:45:48,"[279.0, 14]","[277.0, 28]","[301.29, 24]","[302.17, 18]",290.15,84,22.29,0.0
07:45:49,"[279.0, 9]","[277.0, 18]","[296.88, 17]","[299.08, 13]",287.94,57,17.88,-0.05
07:45:50,"[279.42, 12]","[277.13, 15]","[292.0, 10]","[293.91, 11]",285.71,48,12.58,0.12
07:45:51,"[280.88, 160]","[279.95, 74]","[287.62, 26]","[288.6, 20]",284.25,280,6.74,0.67
07:45:52,"[281.42, 103]","[280.75, 120]","[283.97, 32]","[284.83, 23]",282.69,278,2.55,0.6
07:45:53,"[282.09, 91]","[280.82, 77]","[284.5, 42]","[379.03, 34]",283.29,244,2.41,0.38
07:45:54,"[282.0, 90]","[279.0, 9]","[284.26, 35]","[339.0, 17]",283.13,151,2.26,0.31
07:45:55,"[282.0, 70]","[279.0, 7]","[283.52, 25]","[284.27, 11]",282.76,113,1.52,0.36
07:45:56,"[282.0, 49]","[279.0, 7]","[283.4, 15]","[322.33, 12]",282.7,83,1.4,0.35
07:45:57,"[282.0, 30]","[279.0, 6]","[283.88, 8]","[322.1, 21]",282.94,65,1.88,0.11
07:45:58,"[282.0, 30]","[279.0, 6]","[283.0, 6]","[284.0, 6]",282.5,48,1.0,0.5
07:45:59,"[282.0, 40]","[279.0, 8]","[283.0, 8]","[390.5, 8]",282.5,64,1.0,0.5
07:46:00,"[280.64, 33]","[278.8, 15]","[325.92, 39]","[405.94, 35]",303.28,122,45.29,-0.21
07:46:01,"[278.1, 86]","[274.66, 29]","[303.83, 72]","[352.53, 68]",290.97,255,25.73,-0.1
07:46:02,"[275.0, 46]","[227.24, 46]","[280.0, 40]","[371.25, 32]",277.5,164,5.0,0.12
07:46:03,"[275.14, 29]","[187.49, 136]","[295.29, 62]","[484.38, 55]",285.21,282,20.15,0.17
07:46:04,"[276.0, 20]","[275.0, 20]","[340.53, 34]","[381.11, 36]",308.26,110,64.53,-0.27
07:46:05,"[275.88, 16]","[272.56, 36]","[317.22, 36]","[359.0, 27]",296.55,115,41.35,-0.1
07:46:06,"[278.15, 33]","[274.31, 35]","[318.45, 33]","[343.0, 30]",298.3,131,40.3,0.04
07:46:07,"[283.71, 35]","[282.94, 53]","[317.0, 18]","[319.0, 24]",300.36,130,33.29,0.35
07:46:08,"[284.0, 9]","[283.0, 80]","[317.0, 24]","[335.67, 18]",300.5,131,33.0,0.36
07:46:09,"[284.0, 15]","[283.0, 150]","[406.08, 50]","[562.3, 37]",345.04,252,122.08,0.31
07:46:10,"[284.0, 12]","[283.0, 120]","[344.27, 44]","[462.94, 32]",314.14,208,60.27,0.27
07:46:11,"[284.0, 6]","[283.0, 60]","[344.0, 24]","[451.0, 18]",314.0,108,60.0,0.22
07:46:12,"[284.0, 7]","[283.0, 70]","[342.32, 25]","[403.56, 16]",313.16,118,58.32,0.31
07:46:13,"[284.0, 5]","[283.0, 50]","[340.6, 20]","[342.0, 5]",312.3,80,56.6,0.38
07:46:14,"[283.2, 30]","[282.83, 72]","[338.95, 38]","[341.08, 13]",311.07,153,55.75,0.33
07:46:15,"[283.12, 48]","[282.46, 39]","[302.43, 35]","[317.0, 25]",292.78,147,19.3,0.18
07:46:16,"[283.0, 55]","[282.0, 33]","[301.58, 24]","[302.3, 37]",292.29,149,18.58,0.18
07:46:17,"[283.0, 98]","[282.0, 30]","[298.6, 20]","[301.0, 10]",290.8,158,15.6,0.62
07:46:18,"[283.0, 105]","[282.0, 30]","[296.06, 36]","[297.44, 18]",289.53,189,13.06,0.43
07:46:19,"[283.0, 72]","[282.0, 39]","[294.32, 50]","[295.86, 28]",288.66,189,11.32,0.17
07:46:20,"[283.0, 14]","[282.0, 42]","[291.91, 35]","[292.67, 42]",287.46,133,8.91,-0.16
07:46:21,"[282.57, 14]","[281.8, 30]","[287.73, 15]","[291.64, 39]",285.15,98,5.16,-0.1
07:46:22,"[281.45, 22]","[279.44, 54]","[284.7, 33]","[503.0, 28]",283.08,137,3.24,0.11
07:46:23,"[279.86, 37]","[278.82, 68]","[284.68, 47]","[285.41, 34]",282.27,186,4.82,0.13
07:46:24,"[279.0, 42]","[278.0, 24]","[281.33, 30]","[283.0, 18]",280.17,114,2.33,0.16
07:46:25,"[278.92, 50]","[277.23, 43]","[280.0, 27]","[349.89, 27]",279.46,147,1.08,0.27
07:46:26,"[278.0, 26]","[275.0, 66]","[279.17, 18]","[485.83, 12]",278.58,122,1.17,0.51
07:46:27,"[278.92, 26]","[275.17, 70]","[490.5, 24]","[648.45, 22]",384.71,142,211.58,0.35
07:46:28,"[279.91, 23]","[275.59, 41]","[624.0, 16]","[690.0, 32]",451.96,112,344.09,0.14
07:46:29,"[275.59, 41]","[274.66, 133]","[370.7, 40]","[606.47, 38]",323.14,252,95.11,0.38
07:46:30,"[275.0, 66]","[264.34, 53]","[278.0, 24]","[279.0, 24]",276.5,167,3.0,0.43
07:46:31,"[275.11, 75]","[274.56, 79]","[277.8, 69]","[314.08, 48]",276.45,271,2.69,0.14
07:46:32,"[275.0, 64]","[274.0, 65]","[277.73, 37]","[348.61, 28]",276.36,194,2.73,0.33
07:46:33,"[275.0, 36]","[274.0, 45]","[282.0, 36]","[515.0, 9]",278.5,126,7.0,0.29
07:46:34,"[275.0, 48]","[274.0, 60]","[283.8, 30]","[337.93, 30]",279.4,168,8.8,0.29
07:46:35,"[275.9, 10]","[274.83, 29]","[282.29, 7]","[284.0, 28]",279.09,74,6.39,0.05
07:46:36,"[278.71, 14]","[275.04, 45]","[283.2, 20]","[316.14, 35]",280.96,114,4.49,0.04
07:46:37,"[283.0, 44]","[275.48, 29]","[284.0, 37]","[618.0, 44]",283.5,154,1.0,-0.05
07:46:38,"[283.0, 16]","[281.0, 5]","[284.0, 15]","[618.0, 20]",283.5,56,1.0,-0.25
07:46:39,"[283.0, 27]","[281.0, 9]","[284.0, 27]","[444.78, 9]",283.5,72,1.0,0.0
07:46:40,"[282.69, 26]","[276.2, 30]","[284.0, 30]","[346.0, 10]",283.35,96,1.31,0.17
07:46:41,"[276.09, 22]","[274.67, 36]","[284.0, 21]","[649.0, 7]",280.05,86,7.91,0.35
07:46:42,"[275.0, 56]","[274.0, 44]","[284.0, 33]","[468.78, 23]",279.5,156,9.0,0.28
07:46:43,"[275.0, 9]","[274.0, 36]","[284.0, 27]","[382.08, 13]",279.5,85,9.0,0.06
07:46:44,"[275.0, 12]","[274.0, 48]","[284.0, 36]","[400.2, 15]",279.5,111,9.0,0.08
07:46:45,"[274.91, 11]","[273.98, 41]","[284.0, 33]","[310.0, 11]",279.45,96,9.09,0.08
07:46:46,"[274.0, 10]","[273.0, 10]","[284.0, 30]","[341.1, 20]",279.0,70,10.0,-0.43
07:46:47,"[277.59, 22]","[273.92, 12]","[284.0, 36]","[343.07, 30]",280.8,100,6.41,-0.32
07:46:48,"[279.0, 121]","[278.0, 11]","[284.0, 33]","[377.57, 28]",281.5,193,5.0,0.37
07:46:49,"[280.77, 190]","[279.68, 106]","[284.0, 48]","[402.0, 74]",282.38,418,3.23,0.42
07:46:50,"[281.36, 99]","[280.71, 140]","[366.05, 41]","[417.4, 35]",323.71,315,84.69,0.52
07:46:51,"[283.0, 18]","[281.0, 135]","[287.0, 15]","[377.48, 21]",285.0,189,4.0,0.62
07:46:52,"[281.24, 68]","[280.81, 64]","[284.0, 16]","[407.87, 23]",282.62,171,2.76,0.54
07:46:53,"[281.01, 224]","[279.39, 28]","[284.86, 22]","[323.92, 26]",282.94,300,3.85,0.68
07:46:54,"[282.0, 16]","[281.0, 104]","[290.0, 16]","[490.83, 12]",286.0,148,8.0,0.62
07:46:55,"[282.0, 10]","[281.0, 65]","[290.0, 10]","[396.2, 10]",286.0,95,8.0,0.58
07:46:56,"[282.0, 20]","[281.0, 130]","[289.86, 21]","[434.8, 20]",285.93,191,7.86,0.57
07:46:57,"[282.0, 16]","[281.0, 104]","[289.0, 24]","[290.0, 16]",285.5,160,7.0,0.5
07:46:58,"[281.26, 46]","[280.85, 82]","[288.4, 30]","[290.0, 20]",284.83,178,7.14,0.44
07:46:59,"[281.0, 72]","[278.0, 12]","[287.0, 36]","[288.17, 24]",284.0,144,6.0,0.17
07:47:00,"[281.0, 54]","[278.0, 9]","[285.56, 27]","[288.0, 18]",283.28,108,4.56,0.17
07:47:01,"[281.44, 27]","[280.57, 21]","[284.67, 27]","[290.67, 18]",283.06,93,3.22,0.03
07:47:02,"[281.77, 26]","[280.81, 32]","[283.81, 32]","[292.83, 24]",282.79,114,2.04,0.02
07:47:03,"[281.19, 21]","[279.75, 16]","[291.33, 21]","[362.82, 34]",286.26,92,10.14,-0.2
07:47:04,"[278.0, 10]","[276.5, 10]","[291.0, 20]","[295.0, 20]",284.5,60,13.0,-0.33
07:47:05,"[278.0, 6]","[276.0, 6]","[291.0, 12]","[295.0, 36]",284.5,60,13.0,-0.6
07:47:06,"[277.33, 12]","[275.25, 32]","[287.08, 24]","[292.44, 36]",282.21,104,9.75,-0.15
07:47:07,"[275.0, 24]","[274.0, 48]","[281.2, 30]","[282.19, 32]",278.1,134,6.2,0.07
07:47:08,"[275.06, 36]","[274.03, 70]","[277.42, 43]","[280.82, 44]",276.24,193,2.36,0.1
07:47:09,"[275.0, 28]","[273.31, 61]","[276.0, 29]","[289.68, 76]",275.5,194,1.0,-0.08
07:47:10,"[275.93, 74]","[273.12, 24]","[289.79, 66]","[365.96, 51]",282.86,215,13.86,-0.09
07:47:11,"[276.87, 75]","[275.0, 15]","[287.33, 45]","[290.0, 75]",282.1,210,10.47,-0.14
07:47:12,"[278.18, 49]","[275.0, 13]","[285.38, 39]","[290.0, 65]",281.78,166,7.2,-0.25
07:47:13,"[279.75, 16]","[275.0, 16]","[283.0, 48]","[290.73, 77]",281.38,157,3.25,-0.59
07:47:14,"[281.29, 41]","[274.71, 17]","[282.78, 46]","[287.14, 64]",282.04,168,1.49,-0.31
07:47:15,"[282.0, 169]","[275.8, 15]","[283.0, 42]","[292.0, 70]",282.5,296,1.0,0.24
07:47:16,"[282.0, 126]","[281.0, 26]","[290.63, 59]","[397.1, 49]",286.31,260,8.63,0.17
07:47:17,"[282.0, 81]","[281.0, 18]","[292.0, 45]","[526.54, 35]",287.0,179,10.0,0.11
07:47:18,"[282.0, 90]","[281.0, 20]","[292.0, 50]","[419.68, 19]",287.0,179,10.0,0.23
07:47:19,"[282.0, 81]","[281.0, 18]","[292.0, 45]","[394.71, 14]",287.0,158,10.0,0.25
07:47:20,"[282.0, 78]","[281.0, 16]","[292.0, 40]","[434.75, 24]",287.0,158,10.0,0.19
07:47:21,"[282.0, 80]","[281.0, 16]","[292.0, 40]","[381.26, 19]",287.0,155,10.0,0.24
07:47:22,"[282.0, 80]","[281.0, 16]","[291.9, 39]","[426.42, 12]",286.95,147,9.9,0.31
07:47:23,"[282.0, 149]","[281.0, 28]","[290.5, 56]","[294.57, 70]",286.25,303,8.5,0.17
07:47:24,"[282.0, 173]","[281.0, 28]","[290.0, 56]","[295.0, 70]",286.0,327,8.0,0.23
07:47:25,"[282.0, 128]","[281.0, 16]","[289.75, 32]","[295.0, 40]",285.88,216,7.75,0.33
07:47:26,"[282.0, 144]","[281.0, 18]","[289.0, 36]","[294.56, 45]",285.5,243,7.0,0.33
07:47:27,"[282.0, 176]","[281.0, 22]","[288.27, 44]","[294.0, 55]",285.14,297,6.27,0.33
07:47:28,"[282.0, 128]","[281.0, 20]","[290.44, 45]","[294.43, 46]",286.22,239,8.44,0.24
07:47:29,"[282.0, 178]","[281.0, 28]","[292.99, 121]","[329.3, 37]",287.5,364,10.99,0.13
07:47:30,"[282.0, 177]","[281.0, 30]","[289.97, 31]","[291.83, 84]",285.98,322,7.97,0.29
07:47:31,"[282.0, 99]","[281.0, 18]","[288.56, 9]","[290.0, 45]",285.28,171,6.56,0.37
07:47:32,"[282.0, 77]","[281.0, 14]","[287.13, 23]","[289.58, 19]",284.57,133,5.13,0.37
07:47:33,"[282.0, 83]","[281.0, 20]","[285.26, 38]","[288.85, 26]",283.63,167,3.26,0.23
07:47:34,"[281.81, 62]","[278.38, 26]","[288.29, 70]","[327.95, 38]",285.05,196,6.48,-0.1
07:47:35,"[265.77, 31]","[226.42, 24]","[292.0, 50]","[514.33, 12]",278.89,117,26.23,-0.06
07:47:36,"[265.31, 29]","[241.13, 46]","[272.6, 67]","[397.95, 43]",268.95,185,7.29,-0.19
07:47:37,"[236.29, 14]","[186.86, 7]","[278.43, 21]","[430.57, 14]",257.36,56,42.14,-0.25
07:47:38,"[198.0, 4]","[172.0, 2]","[287.0, 8]","[518.67, 3]",242.5,17,89.0,-0.29
07:47:39,"[205.0, 16]","[172.0, 8]","[287.0, 32]","[401.25, 16]",246.0,72,82.0,-0.33
07:47:40,"[248.48, 62]","[214.95, 20]","[286.36, 25]","[365.77, 52]",267.42,159,37.88,0.03
07:47:41,"[262.74, 19]","[214.79, 89]","[283.77, 31]","[285.19, 54]",273.26,193,21.04,0.12
07:47:42,"[264.24, 42]","[263.86, 42]","[280.01, 76]","[281.94, 16]",272.13,176,15.78,-0.05
07:47:43,"[267.57, 14]","[264.49, 43]","[279.57, 92]","[280.27, 33]",273.57,182,11.99,-0.37
07:47:44,"[271.97, 65]","[269.62, 24]","[277.25, 28]","[278.44, 91]",274.61,208,5.28,-0.14
07:47:45,"[272.34, 113]","[267.72, 158]","[275.13, 55]","[280.63, 89]",273.73,415,2.79,0.31
07:47:46,"[273.1, 82]","[264.0, 144]","[278.43, 46]","[312.68, 53]",275.77,325,5.34,0.39
07:47:47,"[275.08, 52]","[263.6, 53]","[281.0, 52]","[433.67, 30]",278.04,187,5.92,0.12
07:47:48,"[276.25, 32]","[266.0, 72]","[283.0, 32]","[491.0, 16]",279.62,152,6.75,0.37
07:47:49,"[277.93, 30]","[272.29, 63]","[284.2, 40]","[302.4, 40]",281.07,173,6.27,0.08
07:47:50,"[280.5, 18]","[277.67, 36]","[285.0, 48]","[389.0, 36]",282.75,138,4.5,-0.22
07:47:51,"[280.11, 27]","[278.29, 42]","[285.0, 36]","[457.74, 23]",282.56,128,4.89,0.08
07:47:52,"[281.0, 3]","[280.0, 18]","[285.0, 12]","[448.0, 9]",283.0,42,4.0,0.0
07:47:53,"[282.0, 15]","[280.0, 90]","[310.74, 57]","[452.0, 42]",296.37,204,28.74,0.03
07:47:54,"[280.17, 46]","[277.03, 62]","[308.19, 42]","[425.12, 32]",294.18,182,28.02,0.19
07:47:55,"[278.18, 57]","[273.79, 77]","[284.38, 52]","[356.45, 44]",281.28,230,6.21,0.17
07:47:56,"[272.65, 34]","[268.0, 54]","[287.5, 24]","[414.83, 18]",280.07,130,14.85,0.35
07:47:57,"[272.82, 77]","[266.0, 101]","[285.53, 51]","[287.23, 35]",279.17,264,12.71,0.35
07:47:58,"[275.07, 75]","[270.47, 72]","[283.6, 75]","[285.43, 56]",279.33,278,8.53,0.06
07:47:59,"[276.22, 18]","[274.0, 126]","[282.61, 90]","[285.06, 72]",279.42,306,6.39,-0.06
07:48:00,"[277.0, 12]","[272.0, 84]","[281.83, 60]","[284.57, 28]",279.42,184,4.83,0.04
07:48:01,"[277.76, 17]","[272.0, 119]","[280.06, 85]","[284.0, 34]",278.91,255,2.29,0.07
07:48:02,"[274.32, 22]","[270.74, 74]","[280.0, 48]","[284.0, 20]",277.16,164,5.68,0.17
07:48:03,"[272.32, 65]","[269.7, 115]","[276.22, 23]","[278.76, 46]",274.27,249,3.89,0.45
07:48:04,"[272.0, 70]","[268.0, 120]","[273.55, 66]","[277.09, 23]",272.77,279,1.55,0.36
07:48:05,"[268.86, 86]","[267.25, 72]","[273.0, 74]","[281.0, 52]",270.93,284,4.14,0.11
07:48:06,"[267.09, 69]","[265.6, 25]","[273.0, 27]","[281.0, 36]",270.04,157,5.91,0.2
07:48:07,"[269.93, 45]","[268.57, 63]","[273.0, 39]","[281.0, 52]",271.47,199,3.07,0.09
07:48:08,"[272.02, 58]","[269.75, 68]","[288.33, 49]","[330.45, 31]",280.17,206,16.31,0.22
07:48:09,"[273.61, 54]","[272.71, 42]","[311.86, 42]","[493.27, 30]",292.73,168,38.25,0.14
07:48:10,"[277.28, 57]","[274.88, 42]","[285.0, 48]","[286.0, 80]",281.14,227,7.72,-0.13
07:48:11,"[279.18, 85]","[277.47, 17]","[284.24, 51]","[311.88, 85]",281.71,238,5.06,-0.14
07:48:12,"[280.34, 47]","[272.88, 25]","[343.27, 37]","[513.29, 51]",311.81,160,62.93,-0.1
07:48:13,"[272.13, 45]","[272.35, 31]","[508.15, 65]","[568.0, 39]",390.14,180,236.02,-0.16
07:48:14,"[283.0, 70]","[270.6, 70]","[396.98, 44]","[588.83, 36]",339.99,220,113.98,0.27
07:48:15,"[283.0, 69]","[273.0, 84]","[290.19, 58]","[339.65, 34]",286.59,245,7.19,0.25
07:48:16,"[283.0, 44]","[274.8, 74]","[396.51, 55]","[535.22, 27]",339.75,200,113.51,0.18
07:48:17,"[282.16, 19]","[275.67, 27]","[338.25, 24]","[551.73, 22]",310.2,92,56.09,0.0
07:48:18,"[281.75, 8]","[273.92, 13]","[326.0, 12]","[467.5, 4]",303.88,37,44.25,0.14
07:48:19,"[275.0, 20]","[273.0, 70]","[318.18, 22]","[372.29, 17]",296.59,129,43.18,0.4
07:48:20,"[275.09, 22]","[273.06, 72]","[337.0, 22]","[397.16, 31]",306.05,147,61.91,0.28
07:48:21,"[275.0, 14]","[273.0, 49]","[335.86, 35]","[361.29, 14]",305.43,112,60.86,0.12
07:48:22,"[275.0, 69]","[272.41, 82]","[331.98, 61]","[362.0, 44]",303.49,256,56.98,0.18
07:48:23,"[276.0, 72]","[271.0, 60]","[289.33, 54]","[300.38, 48]",282.67,234,13.33,0.13
07:48:24,"[276.0, 28]","[275.0, 130]","[278.08, 65]","[282.03, 35]",277.04,258,2.08,0.22
07:48:25,"[275.0, 68]","[273.0, 12]","[277.33, 60]","[286.5, 24]",276.17,164,2.33,-0.02
07:48:26,"[275.0, 28]","[273.0, 7]","[277.0, 35]","[287.0, 14]",276.0,84,2.0,-0.17
07:48:27,"[275.0, 36]","[273.0, 9]","[276.67, 45]","[287.0, 18]",275.83,108,1.67,-0.17
07:48:28,"[274.0, 8]","[269.24, 17]","[284.62, 13]","[440.39, 18]",279.31,56,10.62,-0.11
07:48:29,"[273.0, 6]","[269.0, 24]","[290.0, 12]","[378.59, 22]",281.5,64,17.0,-0.06
07:48:30,"[273.0, 4]","[269.0, 16]","[289.55, 11]","[335.88, 17]",281.27,48,16.55,-0.17
07:48:31,"[278.54, 26]","[269.63, 38]","[286.71, 42]","[287.04, 46]",282.63,152,8.18,-0.16
07:48:32,"[277.46, 48]","[273.48, 21]","[281.91, 34]","[283.32, 25]",279.69,128,4.45,0.08
07:48:33,"[277.95, 96]","[277.47, 60]","[280.46, 26]","[282.73, 41]",279.2,223,2.51,0.4
07:48:34,"[278.36, 28]","[277.94, 107]","[281.66, 29]","[334.91, 23]",280.01,187,3.3,0.44
07:48:35,"[278.0, 77]","[275.0, 9]","[288.0, 18]","[562.69, 13]",283.0,117,10.0,0.47
07:48:36,"[278.0, 60]","[275.0, 8]","[288.0, 16]","[517.85, 26]",283.0,110,10.0,0.24
07:48:37,"[278.0, 66]","[275.0, 11]","[286.86, 14]","[360.72, 25]",282.43,116,8.86,0.33
07:48:38,"[278.0, 60]","[275.0, 10]","[286.0, 10]","[290.4, 20]",282.0,100,8.0,0.4
07:48:39,"[278.0, 42]","[275.0, 7]","[286.0, 7]","[291.0, 14]",282.0,70,8.0,0.4
07:48:40,"[278.0, 60]","[275.0, 10]","[286.0, 10]","[291.0, 20]",282.0,100,8.0,0.4
07:48:41,"[278.0, 60]","[275.0, 11]","[285.47, 17]","[290.21, 19]",281.74,107,7.47,0.33
07:48:42,"[277.39, 33]","[275.41, 59]","[284.62, 55]","[285.57, 21]",281.01,168,7.22,0.1
07:48:43,"[271.0, 26]","[265.0, 64]","[282.65, 23]","[283.52, 29]",276.83,142,11.65,0.27
07:48:44,"[271.0, 18]","[265.0, 42]","[281.49, 35]","[282.44, 27]",276.24,122,10.49,-0.02
07:48:45,"[271.22, 18]","[266.12, 43]","[279.0, 33]","[280.0, 33]",275.11,127,7.78,-0.04
07:48:46,"[268.52, 23]","[269.67, 18]","[279.18, 33]","[281.74, 31]",273.85,105,10.66,-0.22
07:48:47,"[282.0, 48]","[266.23, 39]","[285.73, 11]","[575.26, 31]",283.86,129,3.73,0.35
07:48:48,"[282.62, 13]","[280.11, 45]","[286.0, 9]","[566.56, 27]",284.31,94,3.38,0.23
07:48:49,"[283.0, 7]","[282.0, 35]","[354.1, 21]","[603.43, 21]",318.55,84,71.1,0.0
07:48:50,"[283.0, 7]","[282.0, 35]","[294.97, 29]","[353.13, 23]",288.98,94,11.97,-0.11
07:48:51,"[282.33, 45]","[276.12, 49]","[284.86, 44]","[314.17, 36]",283.6,174,2.53,0.08
07:48:52,"[275.33, 36]","[267.22, 36]","[282.67, 42]","[287.12, 34]",279.0,148,7.33,-0.03
07:48:53,"[270.0, 44]","[264.2, 20]","[272.0, 94]","[290.86, 35]",271.0,193,2.0,-0.34
07:48:54,"[270.17, 29]","[267.0, 50]","[272.0, 75]","[292.0, 33]",271.09,187,1.83,-0.16
07:48:55,"[270.09, 35]","[266.71, 68]","[272.0, 47]","[292.0, 33]",271.04,183,1.91,0.13
07:48:56,"[270.0, 47]","[267.07, 45]","[271.0, 36]","[272.0, 36]",270.5,164,1.0,0.12
07:48:57,"[270.0, 33]","[268.0, 36]","[271.11, 36]","[272.06, 33]",270.56,138,1.11,0.0
07:48:58,"[270.0, 10]","[268.0, 40]","[273.25, 12]","[285.26, 31]",271.62,93,3.25,0.08
