Day,Time,Bid1,Bid2,Ask1,Ask2,Mid-Price,Total_volume,Bid_ask_spread,Order_imbalance
2025-07-01,07:30:00,"[0, 0]","[0, 0]","[0, 0]","[0, 0]",0.0,0,0.0,0.0
2025-07-01,07:30:01,"[0, 0]","[0, 0]","[109.0, 2]","[0, 0]",54.5,2,109.0,-1.0
2025-07-01,07:30:02,"[0, 0]","[0, 0]","[109.0, 4]","[393.0, 8]",54.5,12,109.0,-1.0
2025-07-01,07:30:03,"[0, 0]","[0, 0]","[94.0, 15]","[157.0, 6]",47.0,21,94.0,-1.0
2025-07-01,07:30:04,"[0, 0]","[0, 0]","[94.0, 3]","[138.56, 9]",47.0,12,94.0,-1.0
2025-07-01,07:30:05,"[97.0, 4]","[0, 0]","[97.64, 11]","[143.62, 13]",97.32,28,0.64,-0.71
2025-07-01,07:30:06,"[97.0, 8]","[73.0, 2]","[99.0, 8]","[253.0, 4]",98.0,22,2.0,-0.09
2025-07-01,07:30:07,"[98.67, 43]","[87.5, 32]","[139.25, 24]","[316.67, 24]",118.96,123,40.58,0.22
2025-07-01,07:30:08,"[113.0, 5]","[106.75, 16]","[120.0, 5]","[234.6, 10]",116.5,36,7.0,0.17
2025-07-01,07:30:09,"[113.0, 4]","[110.0, 16]","[214.29, 7]","[318.18, 11]",163.64,38,101.29,0.05
2025-07-01,07:30:10,"[113.0, 7]","[110.0, 28]","[213.73, 11]","[267.88, 8]",163.36,54,100.73,0.3
2025-07-01,07:30:11,"[113.0, 4]","[110.0, 16]","[187.4, 5]","[192.43, 7]",150.2,32,74.4,0.25
2025-07-01,07:30:12,"[113.0, 5]","[110.0, 20]","[163.0, 10]","[182.71, 7]",138.0,42,50.0,0.19
2025-07-01,07:30:13,"[113.0, 12]","[110.0, 48]","[118.35, 34]","[128.8, 50]",115.68,144,5.35,-0.17
2025-07-01,07:30:14,"[112.33, 18]","[109.93, 58]","[115.58, 31]","[117.74, 69]",113.96,176,3.25,-0.14
2025-07-01,07:30:15,"[109.54, 26]","[106.8, 25]","[116.0, 22]","[117.39, 23]",112.77,96,6.46,0.06
2025-07-01,07:30:16,"[108.0, 26]","[106.08, 49]","[113.0, 13]","[114.56, 16]",110.5,104,5.0,0.44
2025-07-01,07:30:17,"[108.0, 10]","[107.0, 5]","[111.0, 5]","[114.0, 11]",109.5,31,3.0,-0.03
2025-07-01,07:30:18,"[106.44, 9]","[105.18, 11]","[111.0, 3]","[114.0, 12]",108.72,35,4.56,0.14
2025-07-01,07:30:19,"[106.0, 10]","[105.0, 25]","[110.8, 5]","[114.0, 20]",108.4,60,4.8,0.17
2025-07-01,07:30:20,"[105.33, 30]","[101.6, 43]","[109.6, 10]","[113.43, 28]",107.47,111,4.27,0.32
2025-07-01,07:30:21,"[105.0, 60]","[104.0, 30]","[107.27, 15]","[108.47, 15]",106.13,120,2.27,0.5
2025-07-01,07:30:22,"[105.0, 12]","[104.0, 16]","[106.5, 8]","[109.5, 24]",105.75,60,1.5,-0.07
2025-07-01,07:30:23,"[104.04, 26]","[96.3, 54]","[105.94, 16]","[109.6, 53]",104.99,149,1.9,0.07
2025-07-01,07:30:24,"[100.21, 19]","[96.21, 38]","[103.27, 22]","[104.52, 21]",101.74,100,3.06,0.14
2025-07-01,07:30:25,"[100.0, 20]","[95.27, 44]","[101.0, 18]","[102.0, 18]",100.5,100,1.0,0.28
2025-07-01,07:30:26,"[100.0, 22]","[94.62, 58]","[101.55, 22]","[102.78, 23]",100.77,125,1.55,0.28
2025-07-01,07:30:27,"[99.44, 9]","[96.35, 17]","[107.0, 14]","[108.0, 21]",103.22,61,7.56,-0.15
2025-07-01,07:30:28,"[100.07, 135]","[96.25, 36]","[106.25, 32]","[107.9, 40]",103.16,243,6.18,0.41
2025-07-01,07:30:29,"[102.75, 132]","[100.34, 116]","[106.5, 46]","[108.64, 56]",104.62,350,3.75,0.42
2025-07-01,07:30:30,"[104.06, 142]","[101.88, 73]","[106.77, 35]","[108.5, 48]",105.41,298,2.72,0.44
2025-07-01,07:30:31,"[104.52, 124]","[102.09, 33]","[106.46, 26]","[107.86, 37]",105.49,220,1.95,0.43
2025-07-01,07:30:32,"[105.0, 80]","[101.0, 24]","[107.0, 24]","[109.0, 32]",106.0,160,2.0,0.3
2025-07-01,07:30:33,"[105.34, 106]","[103.35, 51]","[107.0, 30]","[109.0, 40]",106.17,227,1.66,0.38
2025-07-01,07:30:34,"[106.64, 134]","[105.0, 120]","[108.21, 38]","[115.43, 42]",107.43,334,1.57,0.52
2025-07-01,07:30:35,"[105.13, 90]","[102.88, 102]","[107.04, 74]","[109.52, 58]",106.09,324,1.91,0.19
2025-07-01,07:30:36,"[105.0, 63]","[100.04, 25]","[107.23, 39]","[153.94, 18]",106.12,145,2.23,0.21
2025-07-01,07:30:37,"[105.83, 58]","[104.65, 69]","[108.0, 64]","[430.33, 45]",106.91,236,2.17,0.08
2025-07-01,07:30:38,"[107.0, 32]","[105.63, 76]","[137.69, 59]","[335.62, 68]",122.35,235,30.69,-0.08
2025-07-01,07:30:39,"[105.13, 45]","[102.19, 32]","[217.56, 18]","[256.0, 9]",161.34,104,112.42,0.48
2025-07-01,07:30:40,"[105.0, 91]","[101.7, 47]","[183.13, 30]","[219.36, 44]",144.07,212,78.13,0.3
2025-07-01,07:30:41,"[105.0, 42]","[100.0, 18]","[109.0, 6]","[235.04, 23]",107.0,89,4.0,0.35
2025-07-01,07:30:42,"[105.0, 56]","[100.0, 24]","[109.0, 8]","[307.25, 16]",107.0,104,4.0,0.54
2025-07-01,07:30:43,"[105.0, 56]","[100.18, 22]","[109.0, 8]","[223.64, 11]",107.0,97,4.0,0.61
2025-07-01,07:30:44,"[106.0, 261]","[105.0, 122]","[107.79, 62]","[111.57, 14]",106.9,459,1.79,0.67
2025-07-01,07:30:45,"[106.0, 216]","[105.0, 90]","[107.0, 57]","[110.0, 12]",106.5,375,1.0,0.63
2025-07-01,07:30:46,"[106.0, 154]","[105.0, 95]","[110.0, 11]","[312.55, 22]",108.0,282,4.0,0.77
2025-07-01,07:30:47,"[106.0, 202]","[105.0, 105]","[110.0, 15]","[185.75, 16]",108.0,338,4.0,0.82
2025-07-01,07:30:48,"[105.99, 109]","[103.26, 62]","[153.33, 12]","[328.67, 21]",129.66,204,47.34,0.68
2025-07-01,07:30:49,"[105.95, 44]","[100.68, 25]","[237.24, 17]","[483.76, 34]",171.59,120,131.28,0.15
2025-07-01,07:30:50,"[106.0, 36]","[105.0, 6]","[330.57, 14]","[438.61, 18]",218.29,74,224.57,0.14
2025-07-01,07:30:51,"[106.0, 60]","[105.0, 34]","[301.38, 29]","[436.0, 17]",203.69,140,195.38,0.34
2025-07-01,07:30:52,"[106.74, 69]","[105.67, 81]","[300.08, 36]","[303.0, 36]",203.41,222,193.34,0.35
2025-07-01,07:30:53,"[107.0, 9]","[106.0, 23]","[299.0, 9]","[303.0, 9]",203.0,50,192.0,0.28
2025-07-01,07:30:54,"[107.33, 55]","[106.22, 107]","[299.0, 39]","[432.63, 38]",203.16,239,191.67,0.36
2025-07-01,07:30:55,"[108.54, 39]","[107.0, 52]","[199.11, 38]","[214.18, 28]",153.82,157,90.57,0.16
2025-07-01,07:30:56,"[108.02, 41]","[106.34, 83]","[146.41, 29]","[203.17, 36]",127.22,189,38.39,0.31
2025-07-01,07:30:57,"[107.83, 139]","[106.34, 100]","[109.45, 22]","[262.22, 27]",108.64,288,1.63,0.66
2025-07-01,07:30:58,"[108.0, 208]","[107.0, 96]","[109.0, 84]","[110.0, 16]",108.5,404,1.0,0.5
2025-07-01,07:30:59,"[108.0, 132]","[107.0, 66]","[109.0, 71]","[110.0, 11]",108.5,280,1.0,0.41
2025-07-01,07:31:00,"[108.0, 68]","[107.0, 48]","[109.0, 32]","[110.0, 8]",108.5,156,1.0,0.49
2025-07-01,07:31:01,"[108.0, 31]","[107.0, 48]","[109.0, 32]","[110.0, 8]",108.5,119,1.0,0.33
2025-07-01,07:31:02,"[108.0, 22]","[107.0, 66]","[109.0, 44]","[110.0, 11]",108.5,143,1.0,0.23
2025-07-01,07:31:03,"[108.0, 14]","[107.0, 22]","[109.0, 28]","[110.0, 7]",108.5,71,1.0,0.01
2025-07-01,07:31:04,"[107.54, 41]","[106.21, 106]","[109.0, 72]","[110.0, 18]",108.27,237,1.46,0.24
2025-07-01,07:31:05,"[107.0, 39]","[106.0, 192]","[108.97, 62]","[109.79, 19]",107.98,312,1.97,0.48
2025-07-01,07:31:06,"[106.0, 58]","[105.0, 45]","[109.0, 20]","[110.0, 5]",107.5,128,3.0,0.61
2025-07-01,07:31:07,"[106.0, 60]","[105.0, 54]","[109.0, 24]","[110.0, 6]",107.5,144,3.0,0.58
2025-07-01,07:31:08,"[106.0, 79]","[105.0, 72]","[109.0, 32]","[110.0, 8]",107.5,191,3.0,0.58
2025-07-01,07:31:09,"[106.0, 108]","[105.0, 108]","[109.0, 48]","[110.0, 12]",107.5,276,3.0,0.57
2025-07-01,07:31:10,"[106.32, 93]","[105.3, 90]","[109.0, 40]","[110.0, 10]",107.66,233,2.68,0.57
2025-07-01,07:31:11,"[107.33, 120]","[106.0, 108]","[109.0, 48]","[110.0, 12]",108.17,288,1.67,0.58
2025-07-01,07:31:12,"[108.0, 138]","[106.0, 126]","[109.0, 56]","[110.0, 14]",108.5,334,1.0,0.58
2025-07-01,07:31:13,"[108.0, 80]","[106.0, 70]","[109.0, 40]","[110.0, 10]",108.5,200,1.0,0.5
2025-07-01,07:31:14,"[108.0, 50]","[106.0, 24]","[109.0, 24]","[110.0, 6]",108.5,104,1.0,0.42
2025-07-01,07:31:15,"[108.0, 100]","[106.0, 50]","[110.0, 10]","[296.4, 10]",109.0,170,2.0,0.76
2025-07-01,07:31:16,"[108.0, 110]","[106.0, 66]","[110.0, 11]","[143.28, 43]",109.0,230,2.0,0.53
2025-07-01,07:31:17,"[108.0, 60]","[106.0, 54]","[122.55, 31]","[290.72, 25]",115.27,170,14.55,0.34
2025-07-01,07:31:18,"[108.0, 27]","[106.0, 36]","[109.25, 16]","[117.4, 10]",108.62,89,1.25,0.42
2025-07-01,07:31:19,"[108.0, 26]","[106.0, 52]","[109.0, 19]","[110.0, 22]",108.5,119,1.0,0.31
2025-07-01,07:31:20,"[105.27, 64]","[104.75, 65]","[109.0, 15]","[110.0, 30]",107.13,174,3.73,0.48
2025-07-01,07:31:21,"[105.5, 40]","[104.71, 56]","[108.0, 12]","[109.0, 18]",106.75,126,2.5,0.52
2025-07-01,07:31:22,"[106.42, 26]","[105.04, 47]","[108.67, 18]","[364.79, 38]",107.54,129,2.24,0.13
2025-07-01,07:31:23,"[107.0, 16]","[106.0, 16]","[109.0, 24]","[360.17, 24]",108.0,80,2.0,-0.2
2025-07-01,07:31:24,"[107.0, 40]","[106.0, 26]","[108.87, 31]","[213.2, 45]",107.94,142,1.87,-0.07
2025-07-01,07:31:25,"[107.0, 90]","[106.0, 46]","[108.58, 36]","[123.0, 42]",107.79,214,1.58,0.27
2025-07-01,07:31:26,"[107.0, 55]","[106.0, 33]","[108.0, 22]","[109.0, 29]",107.5,139,1.0,0.27
2025-07-01,07:31:27,"[107.0, 46]","[106.0, 39]","[108.58, 24]","[109.82, 17]",107.79,126,1.58,0.35
2025-07-01,07:31:28,"[107.0, 24]","[106.0, 31]","[109.0, 16]","[111.0, 8]",108.0,79,2.0,0.39
2025-07-01,07:31:29,"[106.78, 27]","[105.68, 31]","[109.0, 18]","[111.0, 9]",107.89,85,2.22,0.36
2025-07-01,07:31:30,"[106.0, 24]","[105.0, 40]","[109.0, 19]","[111.0, 8]",107.5,91,3.0,0.41
2025-07-01,07:31:31,"[106.22, 23]","[105.28, 53]","[109.0, 34]","[111.0, 11]",107.61,121,2.78,0.26
2025-07-01,07:31:32,"[106.0, 34]","[105.0, 108]","[109.0, 24]","[111.0, 12]",107.5,178,3.0,0.6
2025-07-01,07:31:33,"[106.0, 10]","[105.0, 45]","[109.0, 10]","[111.0, 5]",107.5,70,3.0,0.57
2025-07-01,07:31:34,"[106.0, 20]","[105.0, 90]","[109.0, 20]","[111.0, 10]",107.5,140,3.0,0.57
2025-07-01,07:31:35,"[107.18, 34]","[105.64, 25]","[109.0, 18]","[111.0, 9]",108.09,86,1.82,0.37
2025-07-01,07:31:36,"[104.78, 72]","[104.33, 93]","[111.0, 20]","[180.49, 35]",107.89,220,6.22,0.5
2025-07-01,07:31:37,"[104.5, 24]","[103.67, 36]","[109.45, 11]","[141.78, 9]",106.98,80,4.95,0.5
2025-07-01,07:31:38,"[105.0, 26]","[103.65, 34]","[107.31, 13]","[110.0, 13]",106.15,86,2.31,0.4
2025-07-01,07:31:39,"[105.7, 46]","[104.69, 29]","[137.38, 21]","[285.55, 31]",121.54,127,31.69,0.18
2025-07-01,07:31:40,"[108.27, 30]","[105.77, 35]","[127.05, 44]","[450.7, 20]",117.66,129,18.78,0.01
2025-07-01,07:31:41,"[108.0, 77]","[105.11, 27]","[240.67, 15]","[483.17, 35]",174.33,154,132.67,0.35
2025-07-01,07:31:42,"[108.64, 47]","[107.33, 21]","[155.56, 45]","[529.32, 19]",132.1,132,46.92,0.03
2025-07-01,07:31:43,"[108.0, 36]","[106.0, 9]","[202.97, 33]","[426.43, 14]",155.48,92,94.97,-0.02
2025-07-01,07:31:44,"[108.0, 20]","[106.0, 10]","[560.5, 16]","[735.38, 26]",334.25,72,452.5,-0.17
2025-07-01,07:31:45,"[108.0, 12]","[106.0, 11]","[601.24, 42]","[719.09, 34]",354.62,99,493.24,-0.54
2025-07-01,07:31:46,"[105.23, 13]","[104.12, 17]","[176.0, 10]","[212.0, 25]",140.62,65,70.77,-0.08
2025-07-01,07:31:47,"[105.0, 33]","[104.0, 44]","[400.73, 22]","[212.0, 15]",252.86,114,295.73,0.35
2025-07-01,07:31:48,"[105.0, 9]","[104.0, 12]","[418.25, 8]","[485.0, 4]",261.62,33,313.25,0.27
2025-07-01,07:31:49,"[105.0, 18]","[104.0, 24]","[234.67, 18]","[525.0, 12]",169.83,72,129.67,0.17
2025-07-01,07:31:50,"[112.31, 104]","[104.68, 38]","[382.3, 23]","[571.44, 27]",247.31,192,270.0,0.48
2025-07-01,07:31:51,"[113.0, 70]","[105.0, 21]","[437.47, 17]","[545.94, 18]",275.24,126,324.47,0.44
2025-07-01,07:31:52,"[113.0, 56]","[105.0, 36]","[272.26, 19]","[383.84, 19]",192.63,130,159.26,0.42
2025-07-01,07:31:53,"[113.0, 68]","[105.15, 40]","[168.0, 33]","[169.0, 22]",140.5,163,55.0,0.33
2025-07-01,07:31:54,"[113.0, 21]","[108.0, 18]","[165.59, 29]","[166.53, 34]",139.29,102,52.59,-0.24
2025-07-01,07:31:55,"[113.0, 9]","[109.33, 36]","[158.92, 26]","[163.27, 33]",135.96,104,45.92,-0.13
2025-07-01,07:31:56,"[113.0, 12]","[110.0, 96]","[160.05, 44]","[161.58, 38]",136.52,190,47.05,0.14
2025-07-01,07:31:57,"[111.36, 22]","[109.82, 88]","[156.82, 28]","[158.67, 24]",134.09,162,45.46,0.36
2025-07-01,07:31:58,"[110.0, 78]","[108.0, 52]","[155.0, 37]","[156.4, 15]",132.5,182,45.0,0.43
2025-07-01,07:31:59,"[110.0, 54]","[108.0, 36]","[152.91, 11]","[154.04, 25]",131.45,126,42.91,0.43
2025-07-01,07:32:00,"[111.83, 69]","[108.67, 54]","[149.06, 33]","[150.69, 39]",130.44,195,37.23,0.26
2025-07-01,07:32:01,"[113.0, 69]","[110.0, 44]","[143.47, 38]","[144.63, 38]",128.24,189,30.47,0.2
2025-07-01,07:32:02,"[113.0, 30]","[110.0, 140]","[140.74, 39]","[141.74, 31]",126.87,240,27.74,0.42
2025-07-01,07:32:03,"[113.0, 42]","[110.0, 196]","[137.94, 49]","[139.07, 55]",125.47,342,24.94,0.39
2025-07-01,07:32:04,"[110.0, 154]","[108.0, 44]","[135.36, 44]","[136.55, 44]",122.68,286,25.36,0.38
2025-07-01,07:32:05,"[110.0, 224]","[108.0, 64]","[130.16, 62]","[131.29, 56]",120.08,406,20.16,0.42
2025-07-01,07:32:06,"[110.0, 126]","[108.0, 36]","[127.11, 36]","[128.56, 36]",118.56,234,17.11,0.38
2025-07-01,07:32:07,"[110.0, 196]","[108.0, 95]","[120.04, 49]","[122.15, 54]",115.02,394,10.04,0.48
2025-07-01,07:32:08,"[110.0, 104]","[108.0, 56]","[111.75, 32]","[112.71, 31]",110.88,223,1.75,0.43
2025-07-01,07:32:09,"[109.64, 110]","[107.75, 99]","[111.0, 64]","[154.78, 54]",110.32,327,1.36,0.28
2025-07-01,07:32:10,"[106.91, 45]","[106.19, 27]","[110.89, 38]","[303.33, 24]",108.9,134,3.98,0.07
2025-07-01,07:32:11,"[106.0, 27]","[105.0, 9]","[110.0, 27]","[111.0, 18]",108.0,81,4.0,-0.11
2025-07-01,07:32:12,"[106.0, 35]","[105.0, 12]","[109.89, 36]","[157.5, 32]",107.94,115,3.89,-0.18
2025-07-01,07:32:13,"[105.95, 19]","[104.69, 13]","[107.43, 28]","[109.65, 34]",106.69,94,1.48,-0.32
2025-07-01,07:32:14,"[105.0, 11]","[103.51, 53]","[107.0, 44]","[110.0, 44]",106.0,152,2.0,-0.16
2025-07-01,07:32:15,"[105.82, 38]","[102.43, 82]","[108.04, 46]","[110.08, 61]",106.93,227,2.23,0.06
2025-07-01,07:32:16,"[105.89, 37]","[104.15, 71]","[108.07, 41]","[119.19, 52]",106.98,201,2.18,0.07
2025-07-01,07:32:17,"[105.0, 12]","[104.0, 168]","[106.83, 12]","[108.0, 72]",105.92,264,1.83,0.36
2025-07-01,07:32:18,"[104.67, 78]","[103.98, 106]","[106.0, 10]","[107.5, 48]",105.33,242,1.33,0.52
2025-07-01,07:32:19,"[104.96, 101]","[103.73, 82]","[106.63, 19]","[112.11, 37]",105.8,239,1.67,0.53
2025-07-01,07:32:20,"[105.74, 126]","[104.0, 24]","[107.0, 48]","[245.88, 34]",106.37,232,1.26,0.29
2025-07-01,07:32:21,"[106.17, 35]","[104.46, 13]","[175.12, 17]","[212.69, 26]",140.64,91,68.95,0.05
2025-07-01,07:32:22,"[107.32, 31]","[106.5, 30]","[215.0, 50]","[304.75, 24]",161.16,135,107.68,-0.1
2025-07-01,07:32:23,"[109.74, 23]","[108.56, 18]","[239.43, 28]","[330.0, 12]",174.58,81,129.69,0.01
2025-07-01,07:32:24,"[112.47, 17]","[109.95, 22]","[391.12, 32]","[604.95, 20]",251.8,91,278.65,-0.14
2025-07-01,07:32:25,"[108.63, 19]","[106.14, 65]","[454.6, 55]","[587.62, 29]",281.62,168,345.97,0.0
2025-07-01,07:32:26,"[109.25, 8]","[107.14, 7]","[293.43, 28]","[327.86, 7]",201.34,50,184.18,-0.4
2025-07-01,07:32:27,"[112.21, 19]","[107.73, 11]","[268.86, 29]","[306.0, 17]",190.54,76,156.65,-0.21
2025-07-01,07:32:28,"[109.45, 31]","[107.45, 11]","[200.91, 44]","[218.55, 11]",155.18,97,91.46,-0.13
2025-07-01,07:32:29,"[109.69, 59]","[107.34, 29]","[197.69, 52]","[384.62, 13]",153.69,153,88.0,0.15
2025-07-01,07:32:30,"[105.82, 44]","[102.26, 38]","[196.26, 31]","[226.21, 19]",151.04,132,90.44,0.24
2025-07-01,07:32:31,"[104.0, 26]","[101.0, 143]","[194.54, 52]","[434.17, 24]",149.27,245,90.54,0.38
2025-07-01,07:32:32,"[108.85, 66]","[102.78, 27]","[192.46, 35]","[329.09, 22]",150.65,150,83.61,0.24
2025-07-01,07:32:33,"[111.0, 80]","[108.3, 54]","[189.32, 44]","[190.35, 40]",150.16,218,78.32,0.23
2025-07-01,07:32:34,"[113.0, 75]","[110.0, 63]","[184.03, 61]","[185.37, 52]",148.52,251,71.03,0.1
2025-07-01,07:32:35,"[113.0, 60]","[110.0, 48]","[177.9, 52]","[179.37, 49]",145.45,209,64.9,0.03
2025-07-01,07:32:36,"[113.0, 26]","[110.0, 32]","[175.15, 39]","[177.55, 33]",144.08,130,62.15,-0.11
2025-07-01,07:32:37,"[113.0, 27]","[110.0, 36]","[169.78, 41]","[170.89, 37]",141.39,141,56.78,-0.11
2025-07-01,07:32:38,"[113.0, 54]","[110.0, 72]","[163.61, 57]","[165.16, 62]",138.31,245,50.61,0.03
2025-07-01,07:32:39,"[113.0, 36]","[110.0, 48]","[159.65, 54]","[160.68, 47]",136.32,185,46.65,-0.09
2025-07-01,07:32:40,"[113.0, 48]","[110.0, 64]","[157.82, 67]","[158.81, 77]",135.41,256,44.82,-0.12
2025-07-01,07:32:41,"[113.0, 39]","[110.0, 52]","[154.42, 59]","[155.25, 48]",133.71,198,41.42,-0.08
2025-07-01,07:32:42,"[113.0, 17]","[110.0, 52]","[150.4, 53]","[151.79, 57]",131.7,179,37.4,-0.23
2025-07-01,07:32:43,"[111.38, 13]","[109.3, 80]","[144.74, 47]","[147.73, 52]",128.06,192,33.36,-0.03
2025-07-01,07:32:44,"[110.0, 16]","[109.0, 128]","[135.9, 51]","[137.11, 54]",122.95,249,25.9,0.16
2025-07-01,07:32:45,"[110.0, 10]","[109.0, 80]","[129.4, 50]","[132.0, 40]",119.7,180,19.4,0.0
2025-07-01,07:32:46,"[109.06, 50]","[108.55, 44]","[114.72, 40]","[120.32, 41]",111.89,175,5.66,0.07
2025-07-01,07:32:47,"[107.72, 36]","[106.83, 59]","[110.12, 50]","[111.69, 26]",108.92,171,2.4,0.11
2025-07-01,07:32:48,"[107.78, 36]","[106.5, 24]","[108.96, 28]","[111.25, 12]",108.37,100,1.19,0.2
2025-07-01,07:32:49,"[107.6, 35]","[106.46, 13]","[109.0, 30]","[112.0, 10]",108.3,88,1.4,0.09
2025-07-01,07:32:50,"[108.0, 64]","[107.0, 78]","[212.59, 17]","[605.92, 25]",160.29,184,104.59,0.54
2025-07-01,07:32:51,"[108.0, 30]","[107.0, 10]","[675.8, 5]","[714.0, 25]",391.9,70,567.8,0.14
2025-07-01,07:32:52,"[109.47, 68]","[107.6, 40]","[129.89, 18]","[616.83, 36]",119.68,162,20.42,0.33
2025-07-01,07:32:53,"[109.08, 65]","[107.72, 25]","[129.0, 20]","[285.27, 22]",119.04,132,19.92,0.36
2025-07-01,07:32:54,"[110.0, 41]","[109.0, 66]","[128.6, 20]","[503.4, 10]",119.3,137,18.6,0.56
2025-07-01,07:32:55,"[110.0, 12]","[109.0, 54]","[127.83, 12]","[541.4, 10]",118.92,88,17.83,0.5
2025-07-01,07:32:56,"[110.0, 20]","[109.0, 84]","[125.6, 20]","[430.3, 10]",117.8,134,15.6,0.55
2025-07-01,07:32:57,"[110.0, 20]","[109.0, 120]","[124.4, 20]","[511.73, 26]",117.2,186,14.4,0.51
2025-07-01,07:32:58,"[110.0, 14]","[109.0, 84]","[122.73, 11]","[473.0, 26]",116.36,135,12.73,0.45
2025-07-01,07:32:59,"[110.0, 8]","[109.0, 48]","[120.6, 5]","[122.71, 7]",115.3,68,10.6,0.65
2025-07-01,07:33:00,"[110.0, 19]","[109.0, 120]","[118.4, 20]","[121.0, 10]",114.2,169,8.4,0.64
2025-07-01,07:33:01,"[109.18, 22]","[108.8, 60]","[117.0, 6]","[118.0, 12]",113.09,100,7.82,0.64
2025-07-01,07:33:02,"[109.0, 86]","[108.0, 84]","[114.14, 21]","[115.28, 32]",111.57,223,5.14,0.52
2025-07-01,07:33:03,"[109.0, 11]","[108.0, 42]","[111.93, 15]","[115.6, 20]",110.47,88,2.93,0.2
2025-07-01,07:33:04,"[108.13, 67]","[107.43, 42]","[110.69, 39]","[111.5, 36]",109.41,184,2.56,0.18
2025-07-01,07:33:05,"[108.0, 29]","[107.0, 14]","[109.57, 14]","[182.48, 21]",108.79,78,1.57,0.1
2025-07-01,07:33:06,"[108.0, 9]","[107.0, 18]","[110.0, 18]","[114.0, 36]",109.0,81,2.0,-0.33
2025-07-01,07:33:07,"[108.0, 5]","[107.0, 10]","[109.5, 12]","[113.0, 16]",108.75,43,1.5,-0.3
2025-07-01,07:33:08,"[106.84, 19]","[105.8, 41]","[108.17, 54]","[110.23, 39]",107.5,153,1.32,-0.22
2025-07-01,07:33:09,"[106.0, 24]","[105.0, 64]","[108.31, 29]","[110.78, 27]",107.16,144,2.31,0.22
2025-07-01,07:33:10,"[105.32, 47]","[104.71, 56]","[107.7, 30]","[110.06, 34]",106.51,167,2.38,0.23
2025-07-01,07:33:11,"[105.0, 65]","[104.0, 32]","[108.0, 24]","[112.0, 32]",106.5,153,3.0,0.27
2025-07-01,07:33:12,"[105.0, 61]","[104.0, 44]","[109.3, 40]","[492.59, 51]",107.15,196,4.3,0.07
2025-07-01,07:33:13,"[105.0, 22]","[104.0, 28]","[110.0, 28]","[636.45, 31]",107.5,109,5.0,-0.08
2025-07-01,07:33:14,"[104.79, 19]","[102.71, 21]","[110.0, 24]","[445.91, 22]",107.39,86,5.21,-0.07
2025-07-01,07:33:15,"[104.0, 44]","[72.29, 21]","[110.0, 32]","[339.0, 55]",107.0,152,6.0,-0.14
2025-07-01,07:33:16,"[105.5, 8]","[104.0, 16]","[110.0, 4]","[339.0, 20]",107.75,48,4.5,0.0
2025-07-01,07:33:17,"[105.5, 28]","[102.75, 36]","[109.33, 12]","[273.57, 28]",107.42,104,3.83,0.23
2025-07-01,07:33:18,"[106.2, 20]","[103.33, 36]","[109.0, 16]","[179.59, 17]",107.6,89,2.8,0.26
2025-07-01,07:33:19,"[106.54, 24]","[105.56, 54]","[109.0, 16]","[206.8, 25]",107.77,119,2.46,0.31
2025-07-01,07:33:20,"[106.0, 58]","[72.14, 28]","[109.0, 10]","[281.3, 23]",107.5,119,3.0,0.45
2025-07-01,07:33:21,"[106.09, 65]","[103.31, 45]","[114.54, 13]","[198.29, 14]",110.32,137,8.45,0.61
2025-07-01,07:33:22,"[107.32, 19]","[106.09, 89]","[118.0, 22]","[219.84, 25]",112.66,155,10.68,0.39
2025-07-01,07:33:23,"[107.0, 18]","[106.0, 81]","[163.07, 28]","[339.41, 17]",135.04,144,56.07,0.38
2025-07-01,07:33:24,"[107.0, 14]","[106.0, 63]","[117.8, 20]","[215.18, 11]",112.4,108,10.8,0.43
2025-07-01,07:33:25,"[107.0, 22]","[106.0, 99]","[134.4, 20]","[247.33, 27]",120.7,168,27.4,0.44
2025-07-01,07:33:26,"[106.0, 72]","[105.0, 45]","[149.9, 29]","[398.77, 31]",127.95,177,43.9,0.32
2025-07-01,07:33:27,"[106.0, 36]","[105.0, 40]","[196.88, 8]","[392.15, 33]",151.44,117,90.88,0.3
2025-07-01,07:33:28,"[106.0, 14]","[105.0, 40]","[553.67, 15]","[691.56, 9]",329.83,78,447.67,0.38
2025-07-01,07:33:29,"[108.47, 17]","[105.32, 22]","[380.81, 47]","[420.0, 23]",244.64,109,272.34,-0.28
2025-07-01,07:33:30,"[109.0, 14]","[107.0, 12]","[253.0, 10]","[357.91, 23]",181.0,59,144.0,-0.12
2025-07-01,07:33:31,"[108.11, 36]","[107.2, 20]","[243.23, 26]","[338.0, 16]",175.67,98,135.12,0.14
2025-07-01,07:33:32,"[108.0, 44]","[106.0, 11]","[245.13, 38]","[302.34, 47]",176.57,140,137.13,-0.21
2025-07-01,07:33:33,"[107.5, 16]","[105.13, 23]","[140.0, 7]","[250.0, 35]",123.75,81,32.5,-0.04
2025-07-01,07:33:34,"[109.86, 22]","[107.74, 38]","[138.59, 27]","[225.56, 45]",124.23,132,28.73,-0.09
2025-07-01,07:33:35,"[110.0, 14]","[109.0, 7]","[131.6, 10]","[138.55, 11]",120.8,42,21.6,0.0
2025-07-01,07:33:36,"[110.0, 18]","[109.0, 9]","[137.89, 18]","[306.64, 36]",123.94,81,27.89,-0.33
2025-07-01,07:33:37,"[110.0, 26]","[109.0, 13]","[136.77, 26]","[138.0, 26]",123.38,91,26.77,-0.14
2025-07-01,07:33:38,"[110.0, 40]","[109.0, 15]","[133.8, 40]","[136.0, 30]",121.9,125,23.8,-0.12
2025-07-01,07:33:39,"[109.96, 45]","[107.32, 25]","[132.0, 39]","[134.4, 20]",120.98,129,22.04,0.09
2025-07-01,07:33:40,"[106.16, 87]","[105.75, 130]","[127.54, 39]","[128.72, 25]",116.85,281,21.38,0.54
2025-07-01,07:33:41,"[106.0, 160]","[105.0, 64]","[122.78, 36]","[124.33, 39]",114.39,299,16.78,0.5
2025-07-01,07:33:42,"[106.0, 70]","[105.0, 28]","[118.86, 21]","[121.0, 7]",112.43,126,12.86,0.56
2025-07-01,07:33:43,"[106.0, 130]","[105.0, 52]","[115.04, 27]","[116.18, 34]",110.52,243,9.04,0.5
2025-07-01,07:33:44,"[106.0, 100]","[105.0, 40]","[110.44, 18]","[112.5, 16]",108.22,174,4.44,0.61
2025-07-01,07:33:45,"[106.0, 213]","[105.0, 72]","[108.5, 36]","[109.66, 29]",107.25,350,2.5,0.63
2025-07-01,07:33:46,"[106.26, 140]","[105.71, 110]","[107.78, 18]","[109.07, 27]",107.02,295,1.52,0.69
2025-07-01,07:33:47,"[107.56, 100]","[106.54, 168]","[264.58, 52]","[333.22, 46]",186.07,366,157.02,0.46
2025-07-01,07:33:48,"[107.5, 48]","[106.65, 111]","[109.0, 33]","[298.38, 16]",108.25,208,1.5,0.53
2025-07-01,07:33:49,"[107.0, 62]","[106.0, 117]","[109.0, 18]","[396.0, 18]",108.0,215,2.0,0.67
2025-07-01,07:33:50,"[107.0, 24]","[106.0, 104]","[108.4, 10]","[180.75, 16]",107.7,154,1.4,0.66
2025-07-01,07:33:51,"[107.0, 25]","[106.0, 106]","[108.96, 23]","[190.09, 35]",107.98,189,1.96,0.39
2025-07-01,07:33:52,"[107.0, 20]","[106.0, 30]","[109.0, 20]","[162.6, 30]",108.0,100,2.0,0.0
2025-07-01,07:33:53,"[106.0, 39]","[105.0, 39]","[108.73, 30]","[132.33, 21]",107.37,129,2.73,0.21
2025-07-01,07:33:54,"[106.0, 76]","[105.0, 42]","[108.0, 56]","[109.0, 28]",107.0,202,2.0,0.17
2025-07-01,07:33:55,"[106.0, 69]","[105.0, 36]","[108.72, 29]","[113.0, 40]",107.36,174,2.72,0.21
2025-07-01,07:33:56,"[106.0, 40]","[105.0, 24]","[110.0, 16]","[224.08, 26]",108.0,106,4.0,0.21
2025-07-01,07:33:57,"[106.0, 21]","[105.0, 15]","[107.75, 16]","[160.5, 12]",106.88,64,1.75,0.12
2025-07-01,07:33:58,"[106.0, 27]","[105.0, 27]","[107.0, 36]","[109.56, 18]",106.5,108,1.0,0.0
2025-07-01,07:33:59,"[106.0, 21]","[105.0, 21]","[107.0, 21]","[109.0, 14]",106.5,77,1.0,0.09
2025-07-01,07:34:00,"[107.33, 27]","[105.5, 18]","[109.0, 10]","[395.36, 22]",108.17,77,1.67,0.17
2025-07-01,07:34:01,"[108.0, 20]","[106.0, 13]","[351.22, 9]","[432.14, 14]",229.61,56,243.22,0.18
2025-07-01,07:34:02,"[108.0, 7]","[106.0, 8]","[364.0, 4]","[399.0, 8]",236.0,27,256.0,0.11
2025-07-01,07:34:03,"[108.0, 18]","[106.0, 36]","[362.67, 18]","[542.54, 26]",235.33,98,254.67,0.1
2025-07-01,07:34:04,"[108.8, 30]","[106.13, 30]","[292.09, 22]","[452.43, 28]",200.45,110,183.29,0.09
2025-07-01,07:34:05,"[109.36, 44]","[106.44, 27]","[270.62, 26]","[349.85, 26]",189.99,123,161.25,0.15
2025-07-01,07:34:06,"[110.0, 68]","[108.0, 14]","[232.15, 26]","[394.96, 23]",171.08,131,122.15,0.25
2025-07-01,07:34:07,"[110.0, 72]","[108.0, 18]","[248.46, 35]","[362.1, 29]",179.23,154,138.46,0.17
2025-07-01,07:34:08,"[110.0, 68]","[108.8, 30]","[299.4, 30]","[497.43, 28]",204.7,156,189.4,0.26
2025-07-01,07:34:09,"[110.0, 27]","[109.0, 36]","[254.19, 21]","[293.52, 29]",182.1,113,144.19,0.12
2025-07-01,07:34:10,"[110.0, 8]","[109.0, 32]","[189.5, 16]","[211.6, 30]",149.75,86,79.5,-0.07
2025-07-01,07:34:11,"[110.0, 9]","[109.0, 36]","[189.0, 18]","[351.56, 27]",149.5,90,79.0,0.0
2025-07-01,07:34:12,"[109.73, 15]","[108.94, 47]","[187.83, 24]","[308.0, 36]",148.78,122,78.1,0.02
2025-07-01,07:34:13,"[108.0, 33]","[106.0, 55]","[139.66, 32]","[189.52, 25]",123.83,145,31.66,0.21
2025-07-01,07:34:14,"[106.0, 24]","[105.0, 18]","[135.0, 20]","[146.0, 20]",120.5,82,29.0,0.02
2025-07-01,07:34:15,"[106.43, 23]","[104.29, 34]","[132.0, 30]","[133.71, 21]",119.22,108,25.57,0.06
2025-07-01,07:34:16,"[109.0, 15]","[105.0, 10]","[130.75, 16]","[131.53, 17]",119.88,58,21.75,-0.14
2025-07-01,07:34:17,"[109.0, 16]","[105.57, 14]","[129.4, 20]","[130.73, 22]",119.2,72,20.4,-0.17
2025-07-01,07:34:18,"[109.0, 24]","[107.0, 24]","[126.15, 39]","[127.82, 44]",117.58,131,17.15,-0.27
2025-07-01,07:34:19,"[110.09, 11]","[105.0, 35]","[124.95, 42]","[125.88, 34]",117.52,122,14.86,-0.25
2025-07-01,07:34:20,"[107.86, 14]","[104.62, 64]","[121.18, 33]","[122.76, 42]",114.52,153,13.32,0.02
2025-07-01,07:34:21,"[105.0, 58]","[96.21, 24]","[118.11, 47]","[119.37, 27]",111.55,156,13.11,0.05
2025-07-01,07:34:22,"[106.41, 29]","[105.09, 33]","[114.88, 33]","[115.85, 33]",110.65,128,8.46,-0.03
2025-07-01,07:34:23,"[107.0, 28]","[106.0, 42]","[111.46, 39]","[112.1, 39]",109.23,148,4.46,-0.05
2025-07-01,07:34:24,"[106.19, 43]","[104.36, 67]","[109.91, 44]","[147.9, 42]",108.05,196,3.72,0.12
2025-07-01,07:34:25,"[104.0, 44]","[43.0, 19]","[109.3, 27]","[177.57, 28]",106.65,118,5.3,0.07
2025-07-01,07:34:26,"[90.14, 118]","[63.12, 56]","[108.4, 35]","[122.73, 22]",99.27,231,18.26,0.51
2025-07-01,07:34:27,"[106.21, 38]","[74.36, 25]","[169.73, 22]","[390.1, 21]",137.97,106,63.52,0.19
2025-07-01,07:34:28,"[108.0, 9]","[106.0, 9]","[345.56, 18]","[473.11, 27]",226.78,63,237.56,-0.43
2025-07-01,07:34:29,"[106.89, 9]","[103.14, 14]","[253.23, 26]","[384.67, 21]",180.06,70,146.34,-0.34
2025-07-01,07:34:30,"[111.38, 13]","[103.0, 8]","[347.4, 10]","[565.71, 7]",229.39,38,236.02,0.11
2025-07-01,07:34:31,"[113.0, 40]","[107.4, 20]","[359.84, 19]","[385.09, 11]",236.42,90,246.84,0.33
2025-07-01,07:34:32,"[113.0, 40]","[108.0, 56]","[282.0, 13]","[339.6, 20]",197.5,129,169.0,0.49
2025-07-01,07:34:33,"[113.0, 35]","[108.0, 49]","[249.82, 22]","[281.29, 17]",181.41,123,136.82,0.37
2025-07-01,07:34:34,"[108.67, 116]","[107.31, 32]","[261.0, 56]","[407.8, 30]",184.84,234,152.33,0.26
2025-07-01,07:34:35,"[108.0, 89]","[106.0, 13]","[245.84, 45]","[314.25, 24]",176.92,171,137.84,0.19
2025-07-01,07:34:36,"[108.0, 42]","[106.0, 7]","[127.46, 26]","[129.15, 13]",117.73,88,19.46,0.11
2025-07-01,07:34:37,"[108.0, 48]","[106.0, 8]","[127.0, 32]","[129.0, 16]",117.5,104,19.0,0.08
2025-07-01,07:34:38,"[109.0, 49]","[108.25, 24]","[124.92, 37]","[125.57, 28]",116.96,138,15.92,0.06
2025-07-01,07:34:39,"[110.0, 21]","[109.0, 21]","[123.86, 7]","[125.0, 28]",116.93,77,13.86,0.09
2025-07-01,07:34:40,"[110.0, 33]","[109.0, 33]","[121.53, 38]","[123.94, 17]",115.76,121,11.53,0.09
2025-07-01,07:34:41,"[110.0, 36]","[109.0, 36]","[119.89, 36]","[121.0, 24]",114.94,132,9.89,0.09
2025-07-01,07:34:42,"[110.0, 36]","[109.0, 36]","[117.0, 18]","[119.72, 36]",113.5,126,7.0,0.14
2025-07-01,07:34:43,"[110.0, 32]","[109.0, 42]","[113.66, 41]","[115.02, 41]",111.83,156,3.66,-0.05
2025-07-01,07:34:44,"[108.38, 39]","[107.43, 42]","[109.89, 36]","[113.33, 36]",109.14,153,1.5,0.06
2025-07-01,07:34:45,"[108.0, 28]","[106.0, 30]","[109.8, 40]","[121.19, 16]",108.9,114,1.8,0.02
2025-07-01,07:34:46,"[106.62, 13]","[105.67, 9]","[109.0, 16]","[115.55, 11]",107.81,49,2.38,-0.1
2025-07-01,07:34:47,"[105.83, 18]","[104.36, 14]","[107.38, 16]","[132.83, 23]",106.6,71,1.54,-0.1
2025-07-01,07:34:48,"[104.44, 16]","[64.35, 60]","[106.2, 30]","[182.43, 14]",105.32,120,1.76,0.27
2025-07-01,07:34:49,"[104.0, 27]","[84.24, 45]","[105.76, 21]","[157.93, 28]",104.88,121,1.76,0.19
2025-07-01,07:34:50,"[104.0, 27]","[101.0, 36]","[105.71, 28]","[187.92, 25]",104.86,116,1.71,0.09
2025-07-01,07:34:51,"[104.0, 24]","[100.52, 31]","[105.78, 9]","[185.8, 25]",104.89,89,1.78,0.24
2025-07-01,07:34:52,"[104.0, 9]","[94.21, 29]","[106.0, 3]","[121.0, 9]",105.0,50,2.0,0.52
2025-07-01,07:34:53,"[104.64, 28]","[93.77, 97]","[151.3, 23]","[281.74, 34]",127.97,182,46.66,0.37
2025-07-01,07:34:54,"[106.62, 13]","[105.29, 14]","[205.12, 24]","[286.29, 21]",155.87,72,98.51,-0.25
2025-07-01,07:34:55,"[108.4, 60]","[107.8, 61]","[335.33, 27]","[503.43, 23]",221.87,171,226.93,0.42
2025-07-01,07:34:56,"[113.0, 30]","[108.33, 172]","[177.31, 61]","[278.78, 55]",145.16,318,64.31,0.27
2025-07-01,07:34:57,"[113.0, 12]","[110.0, 40]","[287.86, 35]","[327.85, 34]",200.43,121,174.86,-0.14
2025-07-01,07:34:58,"[108.57, 69]","[108.21, 87]","[220.57, 44]","[341.62, 37]",164.57,237,112.0,0.32
2025-07-01,07:34:59,"[109.0, 12]","[108.0, 144]","[163.0, 24]","[200.42, 38]",136.0,218,54.0,0.43
2025-07-01,07:35:00,"[109.0, 7]","[108.0, 126]","[162.11, 27]","[179.14, 21]",135.56,181,53.11,0.47
2025-07-01,07:35:01,"[108.85, 40]","[107.99, 188]","[162.0, 56]","[293.64, 42]",135.43,326,53.15,0.4
2025-07-01,07:35:02,"[108.0, 162]","[107.0, 45]","[161.53, 15]","[177.18, 34]",134.77,256,53.53,0.62
2025-07-01,07:35:03,"[108.0, 144]","[107.0, 40]","[159.27, 11]","[160.69, 29]",133.64,224,51.27,0.64
2025-07-01,07:35:04,"[108.91, 66]","[107.88, 123]","[157.33, 18]","[158.89, 27]",133.12,234,48.42,0.62
2025-07-01,07:35:05,"[108.39, 129]","[107.69, 130]","[156.43, 37]","[156.97, 33]",132.41,329,48.04,0.57
2025-07-01,07:35:06,"[108.56, 113]","[107.87, 152]","[153.67, 43]","[155.5, 72]",131.12,380,45.12,0.39
2025-07-01,07:35:07,"[109.0, 42]","[108.0, 90]","[152.0, 6]","[153.0, 24]",130.5,162,43.0,0.63
2025-07-01,07:35:08,"[109.0, 17]","[108.0, 120]","[152.0, 8]","[153.0, 32]",130.5,177,43.0,0.55
2025-07-01,07:35:09,"[109.0, 27]","[108.0, 165]","[150.71, 17]","[151.47, 38]",129.85,247,41.71,0.55
2025-07-01,07:35:10,"[109.0, 55]","[108.0, 165]","[149.82, 11]","[151.0, 44]",129.41,275,40.82,0.6
2025-07-01,07:35:11,"[109.0, 48]","[108.0, 150]","[147.9, 10]","[151.0, 40]",128.45,248,38.9,0.6
2025-07-01,07:35:12,"[109.0, 40]","[108.0, 150]","[144.97, 31]","[146.47, 19]",126.98,240,35.97,0.58
2025-07-01,07:35:13,"[109.0, 56]","[108.0, 210]","[141.16, 38]","[143.5, 32]",125.08,336,32.16,0.58
2025-07-01,07:35:14,"[109.0, 40]","[108.0, 150]","[140.22, 40]","[141.62, 37]",124.61,267,31.22,0.42
2025-07-01,07:35:15,"[109.0, 44]","[108.0, 165]","[135.3, 43]","[137.22, 36]",122.15,288,26.3,0.45
2025-07-01,07:35:16,"[109.0, 36]","[108.0, 225]","[126.73, 30]","[125.07, 60]",117.87,351,17.73,0.49
2025-07-01,07:35:17,"[109.0, 28]","[108.0, 210]","[119.38, 45]","[121.57, 46]",114.19,329,10.38,0.45
2025-07-01,07:35:18,"[109.0, 26]","[108.0, 195]","[115.79, 42]","[116.13, 39]",112.39,302,6.79,0.46
2025-07-01,07:35:19,"[109.28, 25]","[108.04, 141]","[111.67, 27]","[112.65, 55]",110.47,248,2.39,0.34
2025-07-01,07:35:20,"[109.0, 15]","[108.0, 156]","[110.1, 51]","[115.0, 60]",109.55,282,1.1,0.21
2025-07-01,07:35:21,"[106.64, 25]","[102.08, 25]","[201.82, 33]","[383.82, 22]",154.23,105,95.18,-0.05
2025-07-01,07:35:22,"[106.25, 16]","[104.05, 43]","[310.87, 15]","[354.17, 24]",208.56,98,204.62,0.2
2025-07-01,07:35:23,"[105.6, 25]","[99.33, 15]","[234.09, 11]","[296.18, 11]",169.85,62,128.49,0.29
2025-07-01,07:35:24,"[105.77, 39]","[104.49, 41]","[210.0, 14]","[305.0, 14]",157.88,108,104.23,0.48
2025-07-01,07:35:25,"[106.47, 17]","[105.14, 21]","[209.0, 7]","[305.0, 7]",157.74,52,102.53,0.46
2025-07-01,07:35:26,"[106.0, 39]","[104.73, 11]","[156.08, 12]","[170.82, 11]",131.04,73,50.08,0.37
2025-07-01,07:35:27,"[106.36, 42]","[105.91, 33]","[154.0, 8]","[156.0, 8]",130.18,91,47.64,0.65
2025-07-01,07:35:28,"[107.11, 46]","[106.05, 66]","[118.76, 34]","[125.33, 30]",112.94,176,11.66,0.27
2025-07-01,07:35:29,"[107.0, 171]","[106.0, 65]","[115.38, 13]","[117.0, 13]",111.19,262,8.38,0.8
2025-07-01,07:35:30,"[107.92, 118]","[106.0, 65]","[112.77, 13]","[113.77, 13]",110.34,209,4.85,0.75
2025-07-01,07:35:31,"[108.0, 84]","[106.0, 55]","[110.64, 11]","[203.6, 15]",109.32,165,2.64,0.68
2025-07-01,07:35:32,"[108.0, 56]","[106.0, 40]","[205.78, 9]","[388.61, 23]",156.89,128,97.78,0.5
2025-07-01,07:35:33,"[109.76, 59]","[107.88, 82]","[413.94, 49]","[463.87, 31]",261.85,221,304.18,0.28
2025-07-01,07:35:34,"[110.0, 50]","[108.0, 70]","[136.7, 20]","[368.96, 27]",123.35,167,26.7,0.44
2025-07-01,07:35:35,"[110.0, 40]","[108.0, 56]","[133.53, 19]","[270.11, 9]",121.76,124,23.53,0.55
2025-07-01,07:35:36,"[110.0, 55]","[108.0, 77]","[133.08, 25]","[282.89, 18]",121.54,175,23.08,0.51
2025-07-01,07:35:37,"[110.0, 60]","[108.0, 84]","[132.67, 24]","[264.33, 30]",121.33,198,22.67,0.45
2025-07-01,07:35:38,"[110.0, 65]","[108.0, 91]","[130.31, 26]","[182.69, 26]",120.15,208,20.31,0.5
2025-07-01,07:35:39,"[113.0, 15]","[110.0, 75]","[128.24, 34]","[129.93, 30]",120.62,154,15.24,0.17
2025-07-01,07:35:40,"[113.0, 12]","[110.0, 60]","[125.68, 38]","[126.82, 34]",119.34,144,12.68,0.0
2025-07-01,07:35:41,"[110.55, 55]","[108.82, 107]","[123.88, 48]","[124.67, 42]",117.21,252,13.33,0.29
2025-07-01,07:35:42,"[108.44, 183]","[107.2, 164]","[120.57, 42]","[121.94, 47]",114.5,436,12.13,0.59
2025-07-01,07:35:43,"[108.15, 67]","[106.93, 56]","[117.86, 14]","[121.0, 21]",113.0,158,9.71,0.56
2025-07-01,07:35:44,"[108.0, 141]","[106.0, 96]","[112.09, 35]","[188.03, 35]",110.04,307,4.09,0.54
2025-07-01,07:35:45,"[108.0, 40]","[106.0, 48]","[278.77, 13]","[453.26, 19]",193.38,120,170.77,0.47
2025-07-01,07:35:46,"[109.59, 22]","[107.32, 53]","[307.5, 20]","[437.94, 18]",208.55,113,197.91,0.33
2025-07-01,07:35:47,"[113.0, 8]","[108.0, 40]","[273.75, 16]","[396.0, 16]",193.38,80,160.75,0.2
2025-07-01,07:35:48,"[108.42, 33]","[106.33, 36]","[415.86, 14]","[471.89, 9]",262.14,92,307.43,0.5
2025-07-01,07:35:49,"[110.0, 70]","[107.19, 32]","[405.0, 26]","[483.83, 12]",257.5,140,295.0,0.46
2025-07-01,07:35:50,"[110.0, 56]","[107.0, 8]","[376.0, 32]","[433.62, 16]",243.0,112,266.0,0.14
2025-07-01,07:35:51,"[110.0, 42]","[107.89, 18]","[176.0, 18]","[465.11, 18]",143.0,96,66.0,0.25
2025-07-01,07:35:52,"[110.51, 59]","[109.11, 63]","[176.0, 36]","[424.25, 48]",143.25,206,65.49,0.18
2025-07-01,07:35:53,"[110.26, 19]","[109.63, 43]","[172.16, 25]","[242.0, 24]",141.21,111,61.9,0.12
2025-07-01,07:35:54,"[111.0, 8]","[110.0, 56]","[308.0, 32]","[551.38, 24]",209.5,120,197.0,0.07
2025-07-01,07:35:55,"[110.37, 19]","[109.61, 61]","[253.18, 39]","[495.26, 39]",181.77,158,142.81,0.01
2025-07-01,07:35:56,"[109.38, 29]","[107.87, 23]","[245.12, 24]","[520.84, 25]",177.25,101,135.75,0.03
2025-07-01,07:35:57,"[109.19, 37]","[107.96, 25]","[208.38, 29]","[260.77, 39]",158.78,130,99.19,-0.05
2025-07-01,07:35:58,"[109.0, 126]","[108.0, 47]","[197.11, 27]","[200.0, 45]",153.06,245,88.11,0.41
2025-07-01,07:35:59,"[109.0, 151]","[108.0, 77]","[195.45, 33]","[403.82, 55]",152.23,316,86.45,0.44
2025-07-01,07:36:00,"[109.0, 134]","[108.0, 84]","[191.0, 39]","[305.41, 46]",150.0,303,82.0,0.44
2025-07-01,07:36:01,"[109.0, 101]","[108.0, 70]","[190.27, 33]","[344.88, 42]",149.64,246,81.27,0.39
2025-07-01,07:36:02,"[109.0, 80]","[108.0, 56]","[153.18, 28]","[207.96, 27]",131.09,191,44.18,0.42
2025-07-01,07:36:03,"[109.0, 120]","[108.0, 84]","[127.31, 42]","[128.29, 42]",118.15,288,18.31,0.42
2025-07-01,07:36:04,"[109.0, 120]","[108.0, 84]","[124.0, 42]","[125.29, 42]",116.5,288,15.0,0.42
2025-07-01,07:36:05,"[109.0, 87]","[108.0, 70]","[120.54, 39]","[123.13, 31]",114.77,227,11.54,0.38
2025-07-01,07:36:06,"[109.0, 55]","[108.0, 63]","[117.56, 36]","[123.0, 27]",113.28,181,8.56,0.3
2025-07-01,07:36:07,"[109.8, 15]","[108.24, 37]","[115.43, 14]","[117.0, 28]",112.61,94,5.63,0.11
2025-07-01,07:36:08,"[113.0, 9]","[109.0, 27]","[114.5, 24]","[116.6, 30]",113.75,90,1.5,-0.2
2025-07-01,07:36:09,"[109.0, 36]","[108.0, 84]","[113.35, 26]","[118.8, 35]",111.17,181,4.35,0.33
2025-07-01,07:36:10,"[109.0, 17]","[108.0, 42]","[110.25, 12]","[112.07, 14]",109.62,85,1.25,0.39
2025-07-01,07:36:11,"[107.93, 29]","[106.19, 26]","[112.62, 24]","[395.5, 38]",110.28,117,4.69,-0.06
2025-07-01,07:36:12,"[108.37, 51]","[104.88, 66]","[111.88, 17]","[192.77, 39]",110.13,173,3.51,0.35
2025-07-01,07:36:13,"[109.0, 56]","[105.38, 16]","[110.82, 17]","[162.56, 25]",109.91,114,1.82,0.26
2025-07-01,07:36:14,"[109.0, 70]","[106.0, 10]","[110.0, 26]","[391.09, 32]",109.5,138,1.0,0.16
2025-07-01,07:36:15,"[109.0, 53]","[106.93, 87]","[110.0, 15]","[481.55, 44]",109.5,199,1.0,0.41
2025-07-01,07:36:16,"[108.15, 53]","[107.29, 63]","[110.0, 7]","[322.82, 22]",109.08,145,1.85,0.6
2025-07-01,07:36:17,"[108.0, 63]","[107.0, 63]","[152.57, 14]","[343.8, 10]",130.29,150,44.57,0.68
2025-07-01,07:36:18,"[108.0, 81]","[107.0, 84]","[157.0, 18]","[221.07, 30]",132.5,213,49.0,0.55
2025-07-01,07:36:19,"[108.5, 36]","[107.16, 43]","[201.0, 10]","[558.0, 5]",154.75,94,92.5,0.68
2025-07-01,07:36:20,"[111.0, 48]","[108.0, 63]","[200.62, 16]","[419.7, 20]",155.81,147,89.62,0.51
2025-07-01,07:36:21,"[111.0, 59]","[109.26, 43]","[199.82, 22]","[301.39, 28]",155.41,152,88.82,0.34
2025-07-01,07:36:22,"[111.0, 68]","[108.86, 28]","[135.17, 46]","[181.8, 40]",123.09,182,24.17,0.05
2025-07-01,07:36:23,"[110.96, 50]","[108.86, 28]","[129.34, 35]","[152.97, 38]",120.15,151,18.38,0.03
2025-07-01,07:36:24,"[109.17, 23]","[108.05, 111]","[127.79, 42]","[207.06, 64]",118.48,240,18.61,0.12
2025-07-01,07:36:25,"[108.0, 64]","[107.0, 81]","[126.0, 27]","[128.0, 27]",117.0,199,18.0,0.46
2025-07-01,07:36:26,"[108.0, 50]","[107.0, 65]","[126.0, 21]","[128.0, 21]",117.0,157,18.0,0.46
2025-07-01,07:36:27,"[108.0, 108]","[107.0, 135]","[123.96, 53]","[125.66, 53]",115.98,349,15.96,0.39
2025-07-01,07:36:28,"[108.0, 28]","[107.0, 63]","[120.43, 21]","[122.0, 21]",114.21,133,12.43,0.37
2025-07-01,07:36:29,"[110.52, 25]","[107.76, 37]","[119.0, 24]","[122.0, 24]",114.76,110,8.48,0.13
2025-07-01,07:36:30,"[111.0, 30]","[108.0, 40]","[117.76, 29]","[120.3, 30]",114.38,129,6.76,0.09
2025-07-01,07:36:31,"[111.0, 42]","[108.0, 56]","[115.53, 30]","[116.6, 40]",113.27,168,4.53,0.17
2025-07-01,07:36:32,"[108.79, 62]","[107.53, 53]","[113.4, 35]","[114.6, 35]",111.1,185,4.61,0.24
2025-07-01,07:36:33,"[107.0, 96]","[106.0, 24]","[112.08, 36]","[113.06, 35]",109.54,191,5.08,0.26
2025-07-01,07:36:34,"[106.89, 45]","[105.26, 61]","[111.18, 34]","[112.25, 36]",109.03,176,4.29,0.2
2025-07-01,07:36:35,"[105.09, 69]","[104.72, 75]","[107.78, 27]","[109.69, 32]",106.43,203,2.69,0.42
2025-07-01,07:36:36,"[105.0, 108]","[104.0, 37]","[107.02, 45]","[108.46, 13]",106.01,203,2.02,0.43
2025-07-01,07:36:37,"[105.0, 35]","[104.0, 32]","[106.0, 12]","[160.13, 31]",105.5,110,1.0,0.22
2025-07-01,07:36:38,"[107.8, 15]","[104.78, 18]","[240.75, 40]","[416.62, 8]",174.28,81,132.95,-0.19
2025-07-01,07:36:39,"[110.0, 14]","[105.33, 12]","[363.09, 11]","[456.16, 31]",236.55,68,253.09,-0.24
2025-07-01,07:36:40,"[111.54, 13]","[108.0, 42]","[298.95, 21]","[439.22, 37]",205.25,113,187.41,-0.03
2025-07-01,07:36:41,"[109.18, 33]","[108.33, 18]","[331.0, 45]","[508.89, 45]",220.09,141,221.82,-0.28
2025-07-01,07:36:42,"[107.31, 26]","[107.16, 32]","[297.5, 16]","[357.08, 36]",202.4,110,190.19,0.05
2025-07-01,07:36:43,"[108.2, 15]","[107.36, 33]","[279.0, 30]","[329.23, 26]",193.6,104,170.8,-0.08
2025-07-01,07:36:44,"[108.0, 20]","[107.0, 35]","[329.4, 25]","[497.33, 21]",218.7,101,221.4,0.09
2025-07-01,07:36:45,"[108.0, 28]","[107.0, 49]","[362.79, 19]","[502.67, 15]",235.39,111,254.79,0.39
2025-07-01,07:36:46,"[108.0, 24]","[106.85, 20]","[362.0, 6]","[579.17, 18]",235.0,68,254.0,0.29
2025-07-01,07:36:47,"[107.61, 31]","[106.79, 19]","[262.0, 21]","[594.73, 33]",184.81,104,154.39,-0.04
2025-07-01,07:36:48,"[107.81, 48]","[106.7, 30]","[235.53, 40]","[422.05, 44]",171.67,162,127.71,-0.04
2025-07-01,07:36:49,"[109.33, 45]","[107.0, 45]","[156.24, 17]","[305.21, 43]",132.78,150,46.9,0.2
2025-07-01,07:36:50,"[110.0, 27]","[107.0, 27]","[138.67, 9]","[276.0, 45]",124.33,108,28.67,0.0
2025-07-01,07:36:51,"[110.73, 22]","[109.4, 30]","[136.2, 25]","[234.21, 24]",123.46,101,25.47,0.03
2025-07-01,07:36:52,"[109.11, 19]","[108.86, 21]","[135.88, 32]","[137.0, 8]",122.49,80,26.77,0.0
2025-07-01,07:36:53,"[108.82, 33]","[106.83, 48]","[134.22, 32]","[134.47, 38]",121.52,151,25.4,0.07
2025-07-01,07:36:54,"[110.0, 26]","[107.0, 46]","[128.89, 19]","[131.65, 46]",119.45,137,18.89,0.05
2025-07-01,07:36:55,"[110.0, 16]","[107.0, 24]","[124.62, 8]","[129.0, 32]",117.31,80,14.62,0.0
2025-07-01,07:36:56,"[110.0, 14]","[107.36, 22]","[121.8, 10]","[124.28, 25]",115.9,71,11.8,0.01
2025-07-01,07:36:57,"[110.0, 38]","[108.36, 66]","[120.68, 25]","[121.97, 70]",115.34,199,10.68,0.05
2025-07-01,07:36:58,"[108.69, 26]","[107.9, 60]","[120.0, 56]","[121.0, 14]",114.35,156,11.31,0.1
2025-07-01,07:36:59,"[111.81, 84]","[107.68, 47]","[118.69, 52]","[119.69, 49]",115.25,232,6.88,0.13
2025-07-01,07:37:00,"[113.0, 72]","[108.0, 36]","[115.36, 33]","[117.17, 24]",114.18,165,2.36,0.31
2025-07-01,07:37:01,"[113.0, 57]","[108.22, 36]","[114.0, 48]","[209.62, 29]",113.5,170,1.0,0.09
2025-07-01,07:37:02,"[112.41, 17]","[108.45, 20]","[114.0, 40]","[458.0, 20]",113.21,97,1.59,-0.24
2025-07-01,07:37:03,"[108.0, 69]","[107.0, 35]","[113.43, 28]","[458.0, 14]",110.71,146,5.43,0.42
2025-07-01,07:37:04,"[108.0, 143]","[107.0, 55]","[112.91, 44]","[378.1, 40]",110.45,282,4.91,0.4
2025-07-01,07:37:05,"[108.0, 131]","[107.0, 55]","[110.73, 44]","[372.73, 52]",109.36,282,2.73,0.32
2025-07-01,07:37:06,"[108.0, 34]","[107.0, 30]","[176.0, 19]","[337.11, 27]",142.0,110,68.0,0.16
2025-07-01,07:37:07,"[108.4, 10]","[107.17, 24]","[280.5, 6]","[421.0, 30]",194.45,70,172.1,-0.03
2025-07-01,07:37:08,"[110.0, 4]","[108.0, 8]","[251.75, 4]","[438.0, 20]",180.88,36,141.75,-0.33
2025-07-01,07:37:09,"[108.33, 12]","[107.14, 29]","[158.0, 7]","[328.93, 29]",133.17,77,49.67,0.06
2025-07-01,07:37:10,"[107.94, 17]","[106.55, 33]","[158.0, 9]","[507.0, 18]",132.97,77,50.06,0.3
2025-07-01,07:37:11,"[107.17, 12]","[106.05, 42]","[158.0, 11]","[549.69, 26]",132.58,91,50.83,0.19
2025-07-01,07:37:12,"[110.2, 20]","[106.1, 40]","[157.6, 10]","[420.07, 15]",133.9,85,47.4,0.41
2025-07-01,07:37:13,"[111.0, 28]","[107.0, 7]","[157.0, 14]","[158.0, 7]",134.0,56,46.0,0.25
2025-07-01,07:37:14,"[109.93, 42]","[106.29, 17]","[156.58, 24]","[465.0, 24]",133.26,107,46.65,0.1
2025-07-01,07:37:15,"[107.14, 49]","[105.68, 76]","[155.18, 22]","[456.0, 23]",131.16,170,48.04,0.47
2025-07-01,07:37:16,"[110.0, 18]","[106.0, 63]","[152.56, 18]","[396.0, 27]",131.28,126,42.56,0.29
2025-07-01,07:37:17,"[110.0, 30]","[106.0, 132]","[150.33, 30]","[217.82, 33]",130.17,225,40.33,0.44
2025-07-01,07:37:18,"[110.0, 30]","[106.0, 60]","[148.33, 12]","[149.67, 12]",129.17,114,38.33,0.58
2025-07-01,07:37:19,"[110.0, 40]","[106.0, 80]","[146.38, 16]","[148.0, 16]",128.19,152,36.38,0.58
2025-07-01,07:37:20,"[107.0, 48]","[105.94, 64]","[145.0, 20]","[147.0, 20]",126.0,152,38.0,0.47
2025-07-01,07:37:21,"[108.31, 87]","[106.52, 50]","[143.73, 22]","[144.91, 22]",126.02,181,35.42,0.51
2025-07-01,07:37:22,"[110.91, 44]","[108.3, 40]","[141.12, 16]","[143.62, 16]",126.02,116,30.22,0.45
2025-07-01,07:37:23,"[111.8, 25]","[109.11, 56]","[139.6, 20]","[140.63, 27]",125.7,128,27.8,0.27
2025-07-01,07:37:24,"[110.0, 30]","[109.0, 150]","[136.88, 25]","[138.0, 20]",123.44,225,26.88,0.6
2025-07-01,07:37:25,"[109.67, 30]","[108.68, 95]","[132.91, 11]","[136.5, 16]",121.29,152,23.24,0.64
2025-07-01,07:37:26,"[110.0, 75]","[107.8, 125]","[131.06, 17]","[132.12, 16]",120.53,233,21.06,0.72
2025-07-01,07:37:27,"[109.14, 105]","[108.25, 40]","[128.91, 23]","[129.14, 43]",119.03,211,19.77,0.37
2025-07-01,07:37:28,"[109.0, 50]","[108.0, 15]","[125.67, 9]","[128.86, 21]",117.33,95,16.67,0.37
2025-07-01,07:37:29,"[107.03, 200]","[106.35, 60]","[123.88, 41]","[124.17, 52]",115.45,353,16.85,0.47
2025-07-01,07:37:30,"[107.0, 86]","[106.0, 21]","[119.78, 18]","[121.56, 27]",113.39,152,12.78,0.41
2025-07-01,07:37:31,"[107.0, 77]","[106.0, 21]","[116.77, 13]","[119.0, 12]",111.88,123,9.77,0.59
2025-07-01,07:37:32,"[107.26, 61]","[106.71, 62]","[114.65, 20]","[117.09, 11]",110.96,154,7.39,0.6
2025-07-01,07:37:33,"[107.0, 96]","[106.0, 36]","[111.69, 29]","[112.77, 30]",109.34,191,4.69,0.38
2025-07-01,07:37:34,"[107.0, 65]","[106.0, 30]","[109.24, 34]","[110.17, 24]",108.12,153,2.24,0.24
2025-07-01,07:37:35,"[106.0, 28]","[105.0, 60]","[108.29, 34]","[109.08, 26]",107.15,148,2.29,0.19
2025-07-01,07:37:36,"[105.02, 50]","[104.17, 36]","[107.0, 33]","[298.24, 29]",106.01,148,1.98,0.16
2025-07-01,07:37:37,"[105.0, 18]","[104.0, 18]","[106.67, 24]","[345.0, 30]",105.83,90,1.67,-0.2
2025-07-01,07:37:38,"[104.75, 16]","[97.5, 24]","[106.0, 32]","[412.42, 36]",105.38,108,1.25,-0.26
2025-07-01,07:37:39,"[88.04, 28]","[64.02, 53]","[105.35, 37]","[194.9, 49]",96.69,167,17.32,-0.03
2025-07-01,07:37:40,"[78.32, 31]","[67.06, 36]","[103.6, 15]","[111.05, 38]",90.96,120,25.28,0.12
2025-07-01,07:37:41,"[105.18, 44]","[95.62, 37]","[127.07, 46]","[471.79, 42]",116.12,169,21.88,-0.04
2025-07-01,07:37:42,"[105.14, 21]","[90.0, 27]","[266.96, 23]","[289.36, 39]",186.05,110,161.81,-0.13
2025-07-01,07:37:43,"[106.0, 7]","[104.0, 21]","[300.52, 27]","[514.35, 23]",203.26,78,194.52,-0.28
2025-07-01,07:37:44,"[104.33, 6]","[69.0, 18]","[432.07, 14]","[585.58, 24]",268.2,62,327.74,-0.23
2025-07-01,07:37:45,"[106.08, 26]","[76.88, 25]","[307.58, 38]","[302.19, 58]",206.83,147,201.5,-0.31
2025-07-01,07:37:46,"[111.0, 12]","[104.0, 6]","[325.67, 24]","[380.75, 20]",218.33,62,214.67,-0.42
2025-07-01,07:37:47,"[111.32, 19]","[105.27, 11]","[274.41, 37]","[635.69, 13]",192.86,80,163.09,-0.25
2025-07-01,07:37:48,"[113.0, 18]","[111.0, 12]","[255.0, 30]","[393.67, 18]",184.0,78,142.0,-0.23
2025-07-01,07:37:49,"[113.0, 24]","[111.0, 16]","[144.0, 40]","[593.0, 24]",128.5,104,31.0,-0.23
2025-07-01,07:37:50,"[113.0, 30]","[111.0, 20]","[331.27, 44]","[616.93, 30]",222.14,124,218.27,-0.19
2025-07-01,07:37:51,"[110.27, 22]","[109.6, 10]","[604.79, 14]","[670.07, 27]",357.53,73,494.51,-0.12
2025-07-01,07:37:52,"[107.0, 60]","[104.0, 12]","[367.84, 43]","[493.34, 29]",237.42,144,260.84,0.0
2025-07-01,07:37:53,"[107.0, 55]","[104.98, 83]","[260.21, 28]","[217.98, 43]",183.61,209,153.21,0.32
2025-07-01,07:37:54,"[107.65, 26]","[106.35, 62]","[138.0, 14]","[215.43, 70]",122.83,172,30.35,0.02
2025-07-01,07:37:55,"[106.33, 27]","[105.71, 7]","[136.36, 22]","[281.33, 15]",121.35,71,30.03,-0.04
2025-07-01,07:37:56,"[105.0, 116]","[87.69, 13]","[134.78, 46]","[135.58, 31]",119.89,206,29.78,0.25
2025-07-01,07:37:57,"[108.16, 38]","[102.52, 46]","[131.26, 31]","[133.05, 41]",119.71,156,23.1,0.08
2025-07-01,07:37:58,"[108.34, 58]","[106.14, 129]","[125.94, 68]","[124.14, 66]",117.14,321,17.6,0.17
2025-07-01,07:37:59,"[109.0, 8]","[108.0, 24]","[113.39, 36]","[114.17, 12]",111.19,80,4.39,-0.2
2025-07-01,07:38:00,"[106.15, 101]","[105.57, 79]","[110.86, 29]","[112.11, 37]",108.51,246,4.71,0.46
2025-07-01,07:38:01,"[106.0, 95]","[105.0, 112]","[128.0, 15]","[192.6, 20]",117.0,242,22.0,0.71
2025-07-01,07:38:02,"[106.0, 8]","[105.0, 64]","[262.0, 16]","[309.88, 32]",184.0,120,156.0,0.2
2025-07-01,07:38:03,"[106.0, 5]","[105.0, 40]","[228.25, 16]","[299.5, 16]",167.12,77,122.25,0.17
2025-07-01,07:38:04,"[105.06, 51]","[104.4, 60]","[218.89, 18]","[346.88, 42]",161.97,171,113.83,0.3
2025-07-01,07:38:05,"[105.68, 93]","[104.31, 78]","[203.0, 24]","[292.59, 46]",154.34,241,97.32,0.42
2025-07-01,07:38:06,"[108.07, 90]","[106.19, 62]","[186.73, 55]","[285.45, 55]",147.4,262,78.66,0.16
2025-07-01,07:38:07,"[109.0, 27]","[108.0, 63]","[213.0, 45]","[423.17, 24]",161.0,159,104.0,0.13
2025-07-01,07:38:08,"[111.0, 44]","[109.0, 33]","[216.43, 49]","[297.77, 26]",163.71,152,105.43,0.01
2025-07-01,07:38:09,"[111.0, 36]","[109.57, 21]","[165.88, 33]","[260.0, 36]",138.44,126,54.88,-0.1
2025-07-01,07:38:10,"[110.0, 16]","[109.0, 24]","[170.0, 8]","[171.0, 32]",140.0,80,60.0,0.0
2025-07-01,07:38:11,"[109.8, 30]","[108.72, 50]","[168.93, 14]","[280.87, 62]",139.36,156,59.13,0.03
2025-07-01,07:38:12,"[108.16, 58]","[106.5, 84]","[166.0, 22]","[280.41, 17]",137.08,181,57.84,0.57
2025-07-01,07:38:13,"[108.0, 63]","[106.0, 63]","[128.08, 24]","[141.2, 20]",118.04,170,20.08,0.48
2025-07-01,07:38:14,"[108.0, 147]","[106.59, 102]","[121.03, 29]","[123.62, 40]",114.52,318,13.03,0.57
2025-07-01,07:38:15,"[108.0, 33]","[107.0, 44]","[115.06, 32]","[116.31, 26]",111.53,135,7.06,0.14
2025-07-01,07:38:16,"[108.0, 30]","[107.0, 40]","[113.2, 40]","[114.11, 36]",110.6,146,5.2,-0.04
2025-07-01,07:38:17,"[108.0, 36]","[107.0, 48]","[110.22, 27]","[111.27, 33]",109.11,144,2.22,0.17
2025-07-01,07:38:18,"[109.56, 25]","[107.14, 37]","[263.83, 46]","[353.73, 30]",186.69,138,154.27,-0.1
2025-07-01,07:38:19,"[106.75, 16]","[105.91, 46]","[239.0, 28]","[501.4, 20]",172.88,110,132.25,0.13
2025-07-01,07:38:20,"[106.0, 16]","[105.0, 16]","[300.4, 10]","[467.14, 14]",203.2,56,194.4,0.14
2025-07-01,07:38:21,"[108.76, 34]","[104.96, 46]","[406.62, 26]","[545.48, 46]",257.69,152,297.85,0.05
2025-07-01,07:38:22,"[106.14, 14]","[94.85, 20]","[540.0, 20]","[770.0, 10]",323.07,64,433.86,0.06
2025-07-01,07:38:23,"[107.04, 46]","[103.53, 45]","[334.11, 27]","[503.0, 9]",220.58,127,227.07,0.43
2025-07-01,07:38:24,"[109.0, 28]","[104.0, 42]","[123.0, 7]","[350.0, 35]",116.0,112,14.0,0.25
2025-07-01,07:38:25,"[109.0, 28]","[104.0, 48]","[223.77, 13]","[318.89, 18]",166.38,107,114.77,0.42
2025-07-01,07:38:26,"[109.0, 12]","[104.0, 36]","[252.75, 24]","[307.33, 18]",180.88,90,143.75,0.07
2025-07-01,07:38:27,"[109.0, 16]","[104.0, 48]","[217.75, 32]","[260.83, 18]",163.38,114,108.75,0.12
2025-07-01,07:38:28,"[109.0, 18]","[104.0, 54]","[186.56, 45]","[189.0, 9]",147.78,126,77.56,0.14
2025-07-01,07:38:29,"[109.0, 24]","[104.85, 71]","[185.46, 24]","[186.19, 48]",147.23,167,76.46,0.14
2025-07-01,07:38:30,"[105.55, 53]","[99.86, 49]","[182.07, 42]","[184.67, 18]",143.81,162,76.52,0.26
2025-07-01,07:38:31,"[111.17, 24]","[107.0, 27]","[181.06, 53]","[181.2, 25]",146.11,129,69.89,-0.21
2025-07-01,07:38:32,"[107.0, 16]","[104.0, 24]","[176.83, 12]","[177.17, 12]",141.92,64,69.83,0.25
2025-07-01,07:38:33,"[107.0, 20]","[104.0, 30]","[174.6, 5]","[177.0, 25]",140.8,80,67.6,0.25
2025-07-01,07:38:34,"[106.55, 33]","[103.77, 44]","[172.25, 20]","[176.57, 28]",139.4,125,65.7,0.23
2025-07-01,07:38:35,"[108.56, 57]","[103.85, 67]","[147.67, 60]","[147.93, 58]",128.11,242,39.11,0.02
2025-07-01,07:38:36,"[109.0, 30]","[104.0, 50]","[121.85, 46]","[124.32, 47]",115.42,173,12.85,-0.08
2025-07-01,07:38:37,"[98.6, 30]","[84.14, 63]","[116.0, 51]","[118.13, 63]",107.3,207,17.4,-0.1
2025-07-01,07:38:38,"[67.36, 11]","[66.03, 32]","[102.35, 31]","[104.5, 28]",84.86,102,34.99,-0.16
2025-07-01,07:38:39,"[68.0, 40]","[65.82, 22]","[100.04, 48]","[101.64, 44]",84.02,154,32.04,-0.19
2025-07-01,07:38:40,"[69.2, 35]","[67.92, 24]","[97.89, 36]","[99.0, 27]",83.54,122,28.69,-0.03
2025-07-01,07:38:41,"[72.32, 31]","[69.28, 39]","[96.54, 28]","[99.29, 34]",84.43,132,24.21,0.06
2025-07-01,07:38:42,"[96.24, 42]","[71.71, 42]","[98.62, 32]","[100.0, 80]",97.43,196,2.39,-0.14
2025-07-01,07:38:43,"[70.57, 21]","[58.14, 7]","[100.0, 27]","[101.0, 7]",85.29,62,29.43,-0.1
2025-07-01,07:38:44,"[73.0, 18]","[64.0, 8]","[100.0, 18]","[101.0, 6]",86.5,50,27.0,0.04
2025-07-01,07:38:45,"[73.1, 30]","[54.0, 10]","[100.24, 21]","[297.92, 13]",86.67,74,27.14,0.08
2025-07-01,07:38:46,"[76.38, 24]","[60.36, 14]","[99.53, 19]","[100.36, 14]",87.95,71,23.15,0.07
2025-07-01,07:38:47,"[75.0, 36]","[62.0, 60]","[97.0, 12]","[100.0, 36]",86.0,144,22.0,0.33
2025-07-01,07:38:48,"[90.2, 15]","[66.88, 24]","[217.25, 8]","[205.4, 10]",153.72,57,127.05,0.37
2025-07-01,07:38:49,"[92.88, 17]","[59.5, 24]","[252.63, 19]","[256.6, 15]",172.76,75,159.75,0.09
2025-07-01,07:38:50,"[97.29, 17]","[94.33, 36]","[206.11, 19]","[212.43, 21]",151.7,93,108.81,0.14
2025-07-01,07:38:51,"[107.79, 19]","[105.4, 10]","[204.33, 12]","[206.0, 18]",156.06,59,96.54,-0.02
2025-07-01,07:38:52,"[108.0, 6]","[106.0, 3]","[203.33, 6]","[206.0, 9]",155.67,24,95.33,-0.25
2025-07-01,07:38:53,"[108.0, 37]","[106.97, 144]","[174.21, 28]","[201.75, 40]",141.11,249,66.21,0.45
2025-07-01,07:38:54,"[109.23, 13]","[108.0, 36]","[124.0, 24]","[186.0, 20]",116.62,93,14.77,0.05
2025-07-01,07:38:55,"[110.0, 18]","[108.0, 54]","[122.19, 37]","[123.69, 51]",116.09,160,12.19,-0.1
2025-07-01,07:38:56,"[108.33, 18]","[107.11, 79]","[120.88, 16]","[123.0, 24]",114.6,137,12.54,0.42
2025-07-01,07:38:57,"[108.0, 33]","[107.0, 154]","[118.0, 25]","[122.0, 30]",113.0,242,10.0,0.55
2025-07-01,07:38:58,"[107.2, 41]","[106.95, 118]","[114.38, 24]","[115.39, 31]",110.79,214,7.18,0.49
2025-07-01,07:38:59,"[107.0, 110]","[106.0, 20]","[112.88, 26]","[147.72, 25]",109.94,181,5.88,0.44
2025-07-01,07:39:00,"[107.34, 115]","[106.5, 48]","[112.0, 45]","[225.82, 51]",109.67,259,4.66,0.26
2025-07-01,07:39:01,"[107.33, 81]","[106.57, 42]","[111.22, 41]","[124.66, 32]",109.28,196,3.89,0.26
2025-07-01,07:39:02,"[106.94, 70]","[105.87, 30]","[110.43, 56]","[128.69, 39]",108.69,195,3.49,0.03
2025-07-01,07:39:03,"[107.14, 21]","[106.1, 20]","[111.6, 30]","[318.9, 10]",109.37,81,4.46,0.01
2025-07-01,07:39:04,"[108.68, 31]","[106.92, 24]","[110.42, 36]","[311.08, 12]",109.55,103,1.74,0.07
2025-07-01,07:39:05,"[107.22, 9]","[106.2, 10]","[110.79, 19]","[149.38, 13]",109.01,51,3.57,-0.25
2025-07-01,07:39:06,"[107.0, 12]","[106.0, 12]","[148.93, 15]","[188.25, 12]",127.97,51,41.93,-0.06
2025-07-01,07:39:07,"[108.71, 41]","[106.7, 20]","[161.64, 25]","[169.88, 24]",135.17,110,52.93,0.11
2025-07-01,07:39:08,"[109.0, 25]","[107.73, 30]","[161.2, 15]","[163.0, 15]",135.1,85,52.2,0.29
2025-07-01,07:39:09,"[109.0, 30]","[108.0, 132]","[159.67, 18]","[288.75, 12]",134.33,192,50.67,0.69
2025-07-01,07:39:10,"[109.0, 40]","[108.0, 176]","[153.0, 24]","[266.5, 10]",131.0,250,44.0,0.73
2025-07-01,07:39:11,"[110.29, 35]","[108.66, 106]","[152.0, 39]","[253.74, 43]",131.14,223,41.71,0.26
2025-07-01,07:39:12,"[109.71, 28]","[108.16, 157]","[154.77, 31]","[246.92, 50]",132.24,266,45.06,0.39
2025-07-01,07:39:13,"[109.0, 24]","[108.0, 180]","[153.0, 24]","[228.33, 36]",131.0,264,44.0,0.55
2025-07-01,07:39:14,"[109.0, 33]","[108.0, 264]","[152.55, 33]","[213.12, 42]",130.77,372,43.55,0.6
2025-07-01,07:39:15,"[109.0, 20]","[108.0, 216]","[151.0, 27]","[152.0, 27]",130.0,290,42.0,0.63
2025-07-01,07:39:16,"[109.0, 22]","[108.0, 264]","[145.97, 34]","[151.82, 33]",127.49,353,36.97,0.62
2025-07-01,07:39:17,"[110.0, 39]","[109.0, 26]","[146.02, 47]","[151.08, 39]",128.01,151,36.02,-0.14
2025-07-01,07:39:18,"[109.06, 51]","[108.8, 20]","[122.61, 33]","[136.6, 45]",115.83,149,13.55,-0.05
2025-07-01,07:39:19,"[108.0, 312]","[107.0, 26]","[117.38, 39]","[118.38, 39]",112.69,416,9.38,0.62
2025-07-01,07:39:20,"[108.12, 48]","[107.97, 148]","[117.0, 24]","[118.0, 24]",112.56,244,8.88,0.61
2025-07-01,07:39:21,"[108.0, 195]","[107.0, 22]","[116.45, 33]","[118.0, 33]",112.23,283,8.45,0.53
2025-07-01,07:39:22,"[108.0, 153]","[107.0, 18]","[114.86, 21]","[134.95, 22]",111.43,214,6.86,0.6
2025-07-01,07:39:23,"[108.15, 156]","[107.89, 152]","[111.5, 22]","[112.42, 26]",109.83,356,3.35,0.73
2025-07-01,07:39:24,"[108.0, 125]","[107.0, 20]","[109.8, 10]","[383.86, 28]",108.9,183,1.8,0.58
2025-07-01,07:39:25,"[107.67, 49]","[106.27, 66]","[196.79, 29]","[437.09, 80]",152.23,224,89.12,0.03
2025-07-01,07:39:26,"[107.0, 12]","[106.0, 36]","[249.38, 24]","[426.57, 21]",178.19,93,142.38,0.03
2025-07-01,07:39:27,"[106.29, 28]","[105.23, 104]","[224.86, 43]","[382.38, 39]",165.57,214,118.57,0.23
2025-07-01,07:39:28,"[106.0, 34]","[105.0, 96]","[122.11, 28]","[171.08, 26]",114.05,184,16.11,0.41
2025-07-01,07:39:29,"[106.84, 25]","[105.65, 91]","[120.56, 45]","[374.21, 38]",113.7,199,13.72,0.17
2025-07-01,07:39:30,"[106.26, 23]","[105.23, 62]","[120.0, 25]","[382.75, 16]",113.13,126,13.74,0.35
2025-07-01,07:39:31,"[106.72, 100]","[105.4, 106]","[119.0, 50]","[200.86, 28]",112.86,284,12.28,0.45
2025-07-01,07:39:32,"[107.0, 120]","[106.0, 70]","[117.7, 50]","[240.0, 24]",112.35,264,10.7,0.44
2025-07-01,07:39:33,"[107.44, 108]","[106.39, 92]","[116.09, 55]","[146.06, 49]",111.77,304,8.65,0.32
2025-07-01,07:39:34,"[111.0, 19]","[107.0, 120]","[116.0, 50]","[143.0, 40]",113.5,229,5.0,0.21
2025-07-01,07:39:35,"[107.33, 84]","[106.63, 133]","[115.0, 70]","[325.43, 56]",111.17,343,7.67,0.27
2025-07-01,07:39:36,"[112.17, 18]","[107.01, 78]","[180.15, 34]","[347.35, 34]",146.16,164,67.98,0.17
2025-07-01,07:39:37,"[107.09, 78]","[106.61, 126]","[151.77, 26]","[214.54, 35]",129.43,265,44.68,0.54
2025-07-01,07:39:38,"[107.0, 120]","[106.0, 84]","[120.41, 17]","[121.74, 19]",113.71,240,13.41,0.7
2025-07-01,07:39:39,"[107.19, 108]","[106.42, 108]","[119.07, 28]","[121.0, 14]",113.13,258,11.89,0.67
2025-07-01,07:39:40,"[108.0, 22]","[107.0, 99]","[115.52, 29]","[117.93, 14]",111.76,164,7.52,0.48
2025-07-01,07:39:41,"[107.65, 52]","[106.72, 100]","[110.94, 34]","[113.38, 26]",109.3,212,3.29,0.43
2025-07-01,07:39:42,"[107.0, 84]","[106.0, 70]","[108.1, 40]","[112.0, 10]",107.55,204,1.1,0.51
2025-07-01,07:39:43,"[107.0, 28]","[106.0, 42]","[108.44, 18]","[192.0, 12]",107.72,100,1.44,0.4
2025-07-01,07:39:44,"[107.86, 28]","[106.5, 24]","[111.5, 8]","[152.95, 37]",109.68,97,3.64,0.07
2025-07-01,07:39:45,"[108.0, 42]","[107.0, 24]","[111.0, 12]","[241.96, 50]",109.5,128,3.0,0.03
2025-07-01,07:39:46,"[106.12, 17]","[105.44, 9]","[110.14, 7]","[346.31, 29]",108.13,62,4.03,-0.16
2025-07-01,07:39:47,"[94.31, 26]","[72.74, 46]","[108.78, 9]","[397.2, 35]",101.54,116,14.47,0.24
2025-07-01,07:39:48,"[92.87, 46]","[74.97, 40]","[274.22, 36]","[361.0, 52]",183.55,174,181.35,-0.01
2025-07-01,07:39:49,"[62.93, 84]","[60.93, 99]","[258.21, 56]","[302.57, 56]",160.57,295,195.29,0.24
2025-07-01,07:39:50,"[78.1, 39]","[61.67, 54]","[253.07, 60]","[454.06, 72]",165.58,225,174.96,-0.17
2025-07-01,07:39:51,"[65.5, 16]","[41.3, 20]","[236.0, 20]","[252.55, 22]",150.75,78,170.5,-0.08
2025-07-01,07:39:52,"[87.15, 41]","[68.26, 34]","[247.61, 59]","[248.77, 62]",167.38,196,160.46,-0.23
2025-07-01,07:39:53,"[101.25, 36]","[93.38, 16]","[215.0, 23]","[242.17, 41]",158.12,116,113.75,-0.1
2025-07-01,07:39:54,"[106.47, 38]","[105.74, 47]","[147.07, 30]","[186.07, 30]",126.77,145,40.59,0.17
2025-07-01,07:39:55,"[106.55, 65]","[105.73, 77]","[143.74, 65]","[144.87, 63]",125.15,270,37.18,0.05
2025-07-01,07:39:56,"[106.32, 47]","[105.27, 51]","[140.91, 44]","[143.0, 55]",123.61,197,34.59,-0.01
2025-07-01,07:39:57,"[109.0, 16]","[106.0, 112]","[138.88, 64]","[143.0, 80]",123.94,272,29.88,-0.06
2025-07-01,07:39:58,"[109.0, 17]","[106.0, 119]","[133.72, 72]","[138.52, 75]",121.36,283,24.72,-0.04
2025-07-01,07:39:59,"[109.91, 32]","[106.9, 30]","[127.88, 26]","[130.76, 46]",118.9,134,17.98,-0.07
2025-07-01,07:40:00,"[110.0, 36]","[109.0, 16]","[119.52, 42]","[122.55, 29]",114.76,123,9.52,-0.15
2025-07-01,07:40:01,"[110.0, 45]","[109.0, 29]","[114.92, 64]","[116.05, 61]",112.46,199,4.92,-0.26
2025-07-01,07:40:02,"[109.4, 43]","[107.82, 28]","[111.6, 75]","[113.24, 85]",110.5,231,2.2,-0.39
2025-07-01,07:40:03,"[107.36, 28]","[106.74, 81]","[110.13, 46]","[110.92, 61]",108.74,216,2.77,0.01
2025-07-01,07:40:04,"[106.58, 69]","[105.91, 67]","[108.23, 26]","[109.6, 35]",107.41,197,1.65,0.38
2025-07-01,07:40:05,"[106.0, 25]","[97.36, 25]","[108.37, 19]","[160.37, 38]",107.18,107,2.37,-0.07
2025-07-01,07:40:06,"[105.79, 19]","[103.5, 16]","[118.54, 35]","[204.5, 42]",112.17,112,12.75,-0.38
2025-07-01,07:40:07,"[105.0, 18]","[99.0, 9]","[121.56, 45]","[378.03, 37]",113.28,109,16.56,-0.5
2025-07-01,07:40:08,"[105.83, 24]","[103.8, 10]","[120.0, 30]","[412.32, 25]",112.92,89,14.17,-0.24
2025-07-01,07:40:09,"[111.94, 33]","[107.5, 72]","[117.77, 56]","[162.62, 69]",114.85,230,5.83,-0.09
2025-07-01,07:40:10,"[109.11, 45]","[106.92, 39]","[113.95, 42]","[188.31, 42]",111.53,168,4.84,0.0
2025-07-01,07:40:11,"[108.35, 40]","[100.94, 34]","[110.56, 48]","[111.56, 48]",109.46,170,2.21,-0.13
2025-07-01,07:40:12,"[106.23, 26]","[98.43, 21]","[109.87, 31]","[111.08, 39]",108.05,117,3.64,-0.2
2025-07-01,07:40:13,"[89.26, 35]","[79.24, 21]","[109.54, 37]","[110.93, 45]",99.4,138,20.28,-0.19
2025-07-01,07:40:14,"[91.85, 20]","[76.6, 10]","[109.0, 24]","[110.0, 24]",100.42,78,17.15,-0.23
2025-07-01,07:40:15,"[91.56, 9]","[50.89, 9]","[108.43, 35]","[109.56, 27]",99.99,80,16.87,-0.55
2025-07-01,07:40:16,"[83.48, 21]","[39.53, 15]","[107.81, 62]","[108.69, 48]",95.64,146,24.33,-0.51
2025-07-01,07:40:17,"[104.71, 35]","[92.38, 16]","[106.85, 39]","[108.67, 45]",105.78,135,2.13,-0.24
2025-07-01,07:40:18,"[104.0, 20]","[76.4, 10]","[106.0, 30]","[109.0, 30]",105.0,90,2.0,-0.33
2025-07-01,07:40:19,"[101.41, 17]","[65.11, 9]","[105.67, 27]","[124.69, 29]",103.54,82,4.25,-0.37
2025-07-01,07:40:20,"[91.11, 9]","[49.0, 9]","[104.43, 21]","[191.11, 45]",97.77,84,13.32,-0.57
2025-07-01,07:40:21,"[100.0, 9]","[77.67, 36]","[103.33, 9]","[343.62, 65]",101.67,119,3.33,-0.24
2025-07-01,07:40:22,"[100.0, 7]","[85.57, 70]","[102.0, 7]","[103.0, 7]",101.0,91,2.0,0.69
2025-07-01,07:40:23,"[76.29, 76]","[69.67, 67]","[127.82, 17]","[192.04, 23]",102.06,183,51.53,0.56
2025-07-01,07:40:24,"[107.11, 36]","[85.69, 64]","[190.02, 53]","[494.32, 44]",148.56,197,82.91,0.02
2025-07-01,07:40:25,"[113.0, 22]","[106.0, 44]","[253.21, 34]","[379.25, 40]",183.1,140,140.21,-0.06
2025-07-01,07:40:26,"[113.0, 10]","[106.0, 20]","[331.0, 15]","[429.74, 19]",222.0,64,218.0,-0.06
2025-07-01,07:40:27,"[113.0, 11]","[106.0, 24]","[176.55, 22]","[253.09, 22]",144.77,79,63.55,-0.11
2025-07-01,07:40:28,"[113.0, 9]","[106.0, 36]","[117.89, 27]","[119.0, 45]",115.44,117,4.89,-0.23
2025-07-01,07:40:29,"[110.18, 17]","[93.16, 74]","[144.06, 31]","[443.55, 62]",127.12,184,33.89,-0.01
2025-07-01,07:40:30,"[107.57, 28]","[100.07, 27]","[169.12, 17]","[278.25, 67]",138.34,139,61.55,-0.21
2025-07-01,07:40:31,"[107.91, 11]","[99.27, 11]","[169.0, 8]","[401.79, 28]",138.45,58,61.09,-0.24
2025-07-01,07:40:32,"[106.71, 14]","[88.33, 9]","[168.11, 9]","[220.65, 31]",137.41,63,61.4,-0.27
2025-07-01,07:40:33,"[108.0, 69]","[106.0, 13]","[164.1, 29]","[201.93, 27]",136.05,138,56.1,0.19
2025-07-01,07:40:34,"[108.0, 70]","[106.0, 14]","[162.07, 42]","[164.0, 14]",135.04,140,54.07,0.2
2025-07-01,07:40:35,"[108.0, 55]","[106.0, 11]","[159.05, 21]","[160.17, 23]",133.52,110,51.05,0.2
2025-07-01,07:40:36,"[108.31, 65]","[106.67, 30]","[157.0, 13]","[158.0, 39]",132.65,147,48.69,0.29
2025-07-01,07:40:37,"[110.0, 80]","[108.0, 80]","[155.39, 28]","[157.17, 36]",132.7,224,45.39,0.43
2025-07-01,07:40:38,"[110.0, 160]","[108.0, 65]","[153.43, 21]","[154.87, 31]",131.71,277,43.43,0.62
2025-07-01,07:40:39,"[110.0, 144]","[108.5, 40]","[151.46, 13]","[152.57, 23]",130.73,220,41.46,0.67
2025-07-01,07:40:40,"[110.0, 176]","[109.0, 52]","[147.62, 13]","[149.07, 15]",128.81,256,37.62,0.78
2025-07-01,07:40:41,"[110.0, 192]","[109.0, 64]","[124.9, 60]","[139.88, 49]",117.45,365,14.9,0.4
2025-07-01,07:40:42,"[109.91, 136]","[108.75, 59]","[119.44, 48]","[120.93, 43]",114.67,286,9.53,0.36
2025-07-01,07:40:43,"[109.84, 51]","[108.76, 68]","[116.35, 31]","[117.61, 41]",113.1,191,6.51,0.25
2025-07-01,07:40:44,"[110.35, 17]","[109.03, 62]","[112.74, 35]","[114.57, 37]",111.55,151,2.39,0.05
2025-07-01,07:40:45,"[110.0, 8]","[108.11, 74]","[111.5, 24]","[113.0, 8]",110.75,114,1.5,0.44
2025-07-01,07:40:46,"[108.14, 59]","[107.9, 49]","[110.67, 27]","[113.0, 9]",109.4,144,2.53,0.5
2025-07-01,07:40:47,"[108.0, 70]","[107.0, 8]","[142.59, 22]","[179.44, 16]",125.3,116,34.59,0.34
2025-07-01,07:40:48,"[108.0, 86]","[107.0, 11]","[262.07, 14]","[282.6, 20]",185.04,131,154.07,0.48
2025-07-01,07:40:49,"[108.0, 32]","[107.0, 11]","[241.4, 20]","[265.07, 14]",174.7,77,133.4,0.12
2025-07-01,07:40:50,"[108.36, 50]","[107.52, 23]","[241.24, 29]","[366.71, 14]",174.8,116,132.88,0.26
2025-07-01,07:40:51,"[108.0, 24]","[107.0, 12]","[212.73, 26]","[255.41, 22]",160.37,84,104.73,-0.14
2025-07-01,07:40:52,"[106.0, 77]","[105.0, 88]","[204.32, 19]","[207.7, 27]",155.16,211,98.32,0.56
2025-07-01,07:40:53,"[110.42, 76]","[105.57, 74]","[201.82, 22]","[202.67, 18]",156.12,190,91.4,0.58
2025-07-01,07:40:54,"[113.0, 80]","[106.0, 77]","[171.04, 23]","[201.43, 23]",142.02,203,58.04,0.55
2025-07-01,07:40:55,"[113.0, 72]","[106.32, 76]","[194.11, 28]","[195.05, 20]",153.55,196,81.11,0.51
2025-07-01,07:40:56,"[113.0, 56]","[110.0, 30]","[190.12, 24]","[191.06, 16]",151.56,126,77.12,0.37
2025-07-01,07:40:57,"[113.0, 22]","[110.0, 33]","[155.62, 13]","[179.05, 21]",134.31,89,42.62,0.24
2025-07-01,07:40:58,"[113.0, 24]","[110.0, 36]","[114.86, 22]","[119.88, 16]",113.93,98,1.86,0.22
2025-07-01,07:40:59,"[111.71, 28]","[109.2, 40]","[114.14, 28]","[115.33, 12]",112.93,108,2.43,0.26
2025-07-01,07:41:00,"[110.0, 18]","[108.0, 24]","[115.0, 6]","[116.0, 6]",112.5,54,5.0,0.56
2025-07-01,07:41:01,"[109.2, 35]","[107.31, 61]","[111.64, 14]","[113.93, 14]",110.42,124,2.44,0.55
2025-07-01,07:41:02,"[106.24, 68]","[105.45, 101]","[187.36, 14]","[279.33, 12]",146.8,195,81.12,0.73
2025-07-01,07:41:03,"[111.18, 123]","[106.24, 68]","[265.0, 33]","[269.82, 11]",188.09,235,153.82,0.63
2025-07-01,07:41:04,"[113.0, 117]","[110.0, 27]","[265.0, 27]","[276.11, 9]",189.0,180,152.0,0.6
2025-07-01,07:41:05,"[113.0, 117]","[110.0, 27]","[248.89, 27]","[336.13, 15]",180.94,186,135.89,0.55
2025-07-01,07:41:06,"[113.0, 100]","[110.0, 24]","[262.36, 22]","[297.2, 10]",187.68,156,149.36,0.59
2025-07-01,07:41:07,"[113.0, 63]","[110.0, 24]","[264.5, 24]","[311.0, 8]",188.75,119,151.5,0.46
2025-07-01,07:41:08,"[113.0, 66]","[111.16, 43]","[229.0, 25]","[259.53, 17]",171.0,151,116.0,0.44
2025-07-01,07:41:09,"[113.0, 45]","[110.65, 31]","[193.0, 27]","[226.67, 9]",153.0,112,80.0,0.36
2025-07-01,07:41:10,"[113.0, 45]","[110.0, 27]","[186.87, 23]","[226.46, 13]",149.93,108,73.87,0.33
2025-07-01,07:41:11,"[113.0, 35]","[110.0, 21]","[172.05, 19]","[182.57, 21]",142.53,96,59.05,0.17
2025-07-01,07:41:12,"[113.0, 30]","[110.0, 18]","[171.5, 18]","[176.0, 18]",142.25,84,58.5,0.14
2025-07-01,07:41:13,"[112.38, 34]","[107.11, 92]","[169.0, 36]","[342.81, 32]",140.69,194,56.62,0.3
2025-07-01,07:41:14,"[109.0, 10]","[106.0, 171]","[167.8, 30]","[359.33, 18]",138.4,229,58.8,0.58
2025-07-01,07:41:15,"[109.0, 13]","[107.0, 162]","[166.0, 39]","[183.0, 39]",137.5,253,57.0,0.38
2025-07-01,07:41:16,"[107.99, 103]","[106.82, 179]","[164.24, 29]","[168.19, 43]",136.12,354,56.25,0.59
2025-07-01,07:41:17,"[108.5, 32]","[106.59, 108]","[163.0, 30]","[164.0, 10]",135.75,180,54.5,0.56
2025-07-01,07:41:18,"[110.0, 18]","[107.0, 72]","[160.05, 19]","[162.35, 17]",135.03,126,50.05,0.43
2025-07-01,07:41:19,"[110.0, 40]","[107.52, 84]","[149.88, 32]","[158.12, 24]",129.94,180,39.88,0.38
2025-07-01,07:41:20,"[109.73, 37]","[107.83, 48]","[127.84, 19]","[130.48, 33]",118.79,137,18.11,0.24
2025-07-01,07:41:21,"[108.0, 12]","[107.0, 96]","[122.31, 36]","[124.67, 36]",115.15,180,14.31,0.2
2025-07-01,07:41:22,"[108.0, 10]","[107.0, 64]","[121.33, 18]","[121.7, 20]",114.67,112,13.33,0.32
2025-07-01,07:41:23,"[108.0, 24]","[107.0, 96]","[117.54, 28]","[118.6, 30]",112.77,178,9.54,0.35
2025-07-01,07:41:24,"[108.0, 14]","[107.0, 64]","[115.62, 16]","[117.0, 12]",111.81,106,7.62,0.47
2025-07-01,07:41:25,"[107.28, 36]","[106.44, 182]","[110.61, 23]","[111.29, 28]",108.94,269,3.33,0.62
2025-07-01,07:41:26,"[106.05, 161]","[105.56, 61]","[108.73, 15]","[110.79, 19]",107.39,256,2.68,0.73
2025-07-01,07:41:27,"[106.0, 187]","[105.0, 33]","[109.73, 22]","[112.9, 20]",107.86,262,3.73,0.68
2025-07-01,07:41:28,"[106.0, 204]","[105.0, 36]","[108.75, 24]","[117.13, 45]",107.38,309,2.75,0.55
2025-07-01,07:41:29,"[106.68, 161]","[105.96, 97]","[117.45, 53]","[251.97, 33]",112.07,344,10.77,0.5
2025-07-01,07:41:30,"[110.17, 60]","[106.0, 204]","[119.0, 60]","[420.69, 32]",114.58,356,8.83,0.48
2025-07-01,07:41:31,"[111.0, 40]","[106.0, 136]","[119.69, 36]","[266.5, 12]",115.35,224,8.69,0.57
2025-07-01,07:41:32,"[107.85, 27]","[105.92, 37]","[144.0, 3]","[430.0, 15]",125.93,82,36.15,0.56
2025-07-01,07:41:33,"[106.13, 154]","[105.7, 91]","[209.85, 13]","[430.0, 65]",157.99,323,103.72,0.52
2025-07-01,07:41:34,"[111.0, 3]","[106.0, 48]","[430.0, 15]","[541.0, 3]",270.5,69,319.0,0.48
2025-07-01,07:41:35,"[106.0, 128]","[105.0, 24]","[314.38, 40]","[507.0, 8]",210.19,200,208.38,0.52
2025-07-01,07:41:36,"[106.0, 176]","[105.0, 33]","[245.0, 55]","[324.84, 31]",175.5,295,139.0,0.42
2025-07-01,07:41:37,"[106.0, 123]","[105.0, 33]","[244.88, 34]","[288.5, 40]",175.44,230,138.88,0.36
2025-07-01,07:41:38,"[110.0, 16]","[106.0, 88]","[243.12, 16]","[253.0, 40]",176.56,160,133.12,0.3
2025-07-01,07:41:39,"[110.0, 24]","[105.79, 84]","[151.27, 22]","[228.81, 26]",130.64,156,41.27,0.38
2025-07-01,07:41:40,"[110.0, 24]","[106.25, 12]","[116.25, 24]","[118.0, 12]",113.12,72,6.25,0.0
2025-07-01,07:41:41,"[109.44, 27]","[106.69, 16]","[112.0, 32]","[190.69, 54]",110.72,129,2.56,-0.33
2025-07-01,07:41:42,"[107.96, 55]","[106.85, 13]","[182.23, 35]","[210.86, 57]",145.1,160,74.26,-0.15
2025-07-01,07:41:43,"[109.19, 88]","[107.98, 64]","[269.81, 48]","[316.54, 24]",189.5,224,160.62,0.36
2025-07-01,07:41:44,"[110.0, 142]","[108.0, 120]","[222.15, 52]","[244.15, 72]",166.08,386,112.15,0.36
2025-07-01,07:41:45,"[110.0, 68]","[108.0, 66]","[164.09, 11]","[373.55, 51]",137.05,196,54.09,0.37
2025-07-01,07:41:46,"[110.0, 40]","[108.0, 66]","[136.04, 23]","[151.13, 23]",123.02,152,26.04,0.39
2025-07-01,07:41:47,"[109.08, 39]","[107.93, 45]","[127.36, 11]","[151.23, 30]",118.22,125,18.29,0.34
2025-07-01,07:41:48,"[108.0, 48]","[107.0, 8]","[125.17, 12]","[125.67, 12]",116.58,80,17.17,0.4
2025-07-01,07:41:49,"[108.4, 20]","[107.92, 26]","[123.0, 12]","[124.0, 6]",115.7,64,14.6,0.44
2025-07-01,07:41:50,"[108.16, 31]","[107.48, 27]","[122.77, 13]","[123.45, 11]",115.47,82,14.61,0.41
2025-07-01,07:41:51,"[108.62, 68]","[106.77, 26]","[119.84, 19]","[120.62, 29]",114.23,142,11.22,0.32
2025-07-01,07:41:52,"[109.07, 86]","[108.0, 18]","[114.62, 32]","[115.75, 40]",111.85,176,5.56,0.18
2025-07-01,07:41:53,"[109.5, 8]","[107.6, 10]","[111.33, 24]","[112.6, 10]",110.42,52,1.83,-0.31
2025-07-01,07:41:54,"[107.33, 18]","[106.22, 54]","[112.3, 30]","[169.68, 22]",109.82,124,4.97,0.16
2025-07-01,07:41:55,"[107.0, 24]","[106.0, 84]","[146.12, 24]","[176.95, 20]",126.56,152,39.12,0.42
2025-07-01,07:41:56,"[110.62, 42]","[106.59, 34]","[113.38, 34]","[116.55, 20]",112.0,130,2.76,0.17
2025-07-01,07:41:57,"[108.71, 28]","[106.12, 64]","[112.45, 20]","[125.57, 28]",110.58,140,3.74,0.31
2025-07-01,07:41:58,"[106.03, 65]","[105.1, 70]","[111.7, 10]","[220.31, 26]",108.87,171,5.67,0.58
2025-07-01,07:41:59,"[106.0, 28]","[105.0, 56]","[110.0, 8]","[225.38, 24]",108.0,116,4.0,0.45
2025-07-01,07:42:00,"[109.0, 50]","[106.0, 30]","[110.0, 10]","[312.5, 20]",109.5,110,1.0,0.45
2025-07-01,07:42:01,"[109.0, 53]","[108.0, 22]","[232.93, 14]","[401.42, 26]",170.96,115,123.93,0.3
2025-07-01,07:42:02,"[111.0, 16]","[109.81, 64]","[321.2, 20]","[499.0, 30]",216.1,130,210.2,0.23
2025-07-01,07:42:03,"[110.2, 20]","[108.86, 42]","[210.0, 26]","[522.39, 23]",160.1,111,99.8,0.12
2025-07-01,07:42:04,"[108.33, 27]","[107.09, 46]","[310.26, 43]","[512.66, 44]",209.29,160,201.92,-0.09
2025-07-01,07:42:05,"[106.0, 18]","[105.0, 42]","[205.38, 8]","[239.7, 20]",155.69,88,99.38,0.36
2025-07-01,07:42:06,"[108.5, 24]","[105.3, 40]","[155.0, 12]","[190.64, 28]",131.75,104,46.5,0.23
2025-07-01,07:42:07,"[106.88, 26]","[105.2, 44]","[150.0, 8]","[234.5, 24]",128.44,102,43.12,0.37
2025-07-01,07:42:08,"[107.0, 32]","[106.0, 30]","[146.72, 18]","[223.15, 20]",126.86,100,39.72,0.24
2025-07-01,07:42:09,"[107.0, 24]","[106.0, 36]","[140.0, 24]","[282.25, 24]",123.5,108,33.0,0.11
2025-07-01,07:42:10,"[106.75, 24]","[105.56, 48]","[147.67, 12]","[374.67, 36]",127.21,120,40.92,0.2
2025-07-01,07:42:11,"[106.0, 18]","[105.0, 63]","[146.78, 9]","[223.61, 31]",126.39,121,40.78,0.34
2025-07-01,07:42:12,"[106.0, 52]","[105.0, 98]","[138.86, 22]","[202.74, 46]",122.43,218,32.86,0.38
2025-07-01,07:42:13,"[106.43, 56]","[105.49, 45]","[130.2, 20]","[153.76, 38]",118.31,159,23.77,0.27
2025-07-01,07:42:14,"[109.56, 27]","[108.14, 42]","[125.77, 13]","[185.61, 23]",117.66,105,16.21,0.31
2025-07-01,07:42:15,"[109.64, 39]","[108.19, 52]","[127.14, 14]","[188.65, 34]",118.39,139,17.5,0.31
2025-07-01,07:42:16,"[109.0, 8]","[108.0, 48]","[128.0, 8]","[335.04, 28]",118.5,92,19.0,0.22
2025-07-01,07:42:17,"[110.9, 21]","[107.29, 34]","[128.0, 7]","[360.19, 31]",119.45,93,17.1,0.18
2025-07-01,07:42:18,"[113.0, 36]","[108.0, 54]","[127.04, 28]","[132.23, 22]",120.02,140,14.04,0.29
2025-07-01,07:42:19,"[113.0, 45]","[108.0, 84]","[123.46, 37]","[124.28, 39]",118.23,205,10.46,0.26
2025-07-01,07:42:20,"[110.37, 38]","[106.96, 50]","[115.4, 45]","[118.52, 31]",112.88,164,5.03,0.07
2025-07-01,07:42:21,"[109.86, 59]","[107.8, 49]","[112.56, 32]","[114.89, 28]",111.21,168,2.7,0.29
2025-07-01,07:42:22,"[110.0, 29]","[108.0, 52]","[111.4, 15]","[507.7, 43]",110.7,139,1.4,0.17
2025-07-01,07:42:23,"[110.0, 11]","[108.0, 40]","[114.6, 10]","[417.61, 36]",112.3,97,4.6,0.05
2025-07-01,07:42:24,"[109.05, 19]","[107.9, 31]","[251.67, 18]","[420.5, 26]",180.36,94,142.61,0.06
2025-07-01,07:42:25,"[106.64, 14]","[105.9, 50]","[282.91, 33]","[367.43, 28]",194.78,125,176.27,0.02
2025-07-01,07:42:26,"[106.28, 53]","[105.25, 60]","[117.14, 64]","[228.55, 40]",111.71,217,10.86,0.04
2025-07-01,07:42:27,"[105.12, 34]","[104.19, 54]","[116.72, 58]","[232.88, 16]",110.92,162,11.61,0.09
2025-07-01,07:42:28,"[105.0, 21]","[104.0, 42]","[113.19, 31]","[114.8, 25]",109.1,119,8.19,0.06
2025-07-01,07:42:29,"[105.0, 18]","[104.0, 36]","[113.0, 30]","[114.0, 18]",109.0,102,8.0,0.06
2025-07-01,07:42:30,"[105.0, 39]","[104.0, 54]","[112.0, 39]","[113.0, 65]",108.5,197,7.0,-0.06
2025-07-01,07:42:31,"[104.75, 32]","[99.02, 44]","[109.02, 42]","[109.83, 54]",106.89,172,4.27,-0.12
2025-07-01,07:42:32,"[96.38, 29]","[76.96, 24]","[106.78, 54]","[107.64, 42]",101.58,149,10.4,-0.29
2025-07-01,07:42:33,"[89.0, 33]","[41.55, 11]","[106.55, 40]","[186.64, 55]",97.78,139,17.55,-0.37
2025-07-01,07:42:34,"[86.88, 26]","[42.3, 23]","[103.16, 43]","[168.86, 35]",95.02,127,16.28,-0.23
2025-07-01,07:42:35,"[89.33, 18]","[54.0, 12]","[100.33, 30]","[102.0, 6]",94.83,66,11.0,-0.09
2025-07-01,07:42:36,"[72.19, 32]","[44.43, 28]","[100.0, 63]","[102.0, 14]",86.09,137,27.81,-0.12
2025-07-01,07:42:37,"[70.25, 16]","[40.7, 10]","[98.57, 21]","[100.33, 12]",84.41,59,28.32,-0.12
2025-07-01,07:42:38,"[54.21, 19]","[47.14, 7]","[98.89, 9]","[100.67, 9]",76.55,44,44.68,0.18
2025-07-01,07:42:39,"[58.51, 43]","[38.2, 10]","[99.33, 21]","[101.27, 11]",78.92,85,40.82,0.25
2025-07-01,07:42:40,"[57.0, 48]","[0, 0]","[97.83, 36]","[100.0, 12]",77.42,96,40.83,0.0
2025-07-01,07:42:41,"[73.85, 33]","[64.67, 39]","[96.67, 18]","[100.0, 8]",85.26,98,22.82,0.47
2025-07-01,07:42:42,"[74.0, 28]","[38.0, 35]","[96.0, 7]","[100.0, 7]",85.0,77,22.0,0.64
2025-07-01,07:42:43,"[74.78, 36]","[38.0, 45]","[161.61, 23]","[285.21, 19]",118.19,123,86.83,0.32
2025-07-01,07:42:44,"[107.29, 7]","[98.14, 14]","[207.0, 6]","[421.0, 15]",157.14,42,99.71,0.0
2025-07-01,07:42:45,"[107.0, 18]","[105.0, 36]","[186.0, 36]","[374.52, 29]",146.5,119,79.0,-0.09
2025-07-01,07:42:46,"[107.0, 12]","[95.48, 23]","[152.33, 15]","[329.17, 29]",129.67,79,45.33,-0.11
2025-07-01,07:42:47,"[108.38, 16]","[107.0, 16]","[132.6, 20]","[254.76, 34]",120.49,86,24.22,-0.26
2025-07-01,07:42:48,"[110.0, 10]","[107.0, 10]","[131.2, 20]","[258.45, 22]",120.6,62,21.2,-0.35
2025-07-01,07:42:49,"[110.0, 6]","[107.0, 6]","[129.29, 14]","[271.0, 15]",119.64,41,19.29,-0.41
2025-07-01,07:42:50,"[110.0, 12]","[107.0, 12]","[128.55, 33]","[132.44, 32]",119.27,89,18.55,-0.46
2025-07-01,07:42:51,"[110.0, 22]","[107.0, 22]","[126.37, 51]","[127.75, 48]",118.19,143,16.37,-0.38
2025-07-01,07:42:52,"[110.0, 22]","[107.0, 22]","[124.0, 44]","[126.0, 55]",117.0,143,14.0,-0.38
2025-07-01,07:42:53,"[110.0, 15]","[108.33, 12]","[124.0, 24]","[126.0, 30]",117.0,81,14.0,-0.33
2025-07-01,07:42:54,"[110.0, 33]","[109.0, 22]","[119.0, 42]","[122.37, 27]",114.5,124,9.0,-0.11
2025-07-01,07:42:55,"[109.82, 22]","[108.2, 20]","[115.25, 44]","[117.29, 31]",112.53,117,5.43,-0.28
2025-07-01,07:42:56,"[107.0, 7]","[106.0, 14]","[111.58, 31]","[113.25, 32]",109.29,84,4.58,-0.5
2025-07-01,07:42:57,"[106.8, 15]","[105.75, 24]","[108.56, 48]","[218.09, 55]",107.68,142,1.76,-0.45
2025-07-01,07:42:58,"[112.38, 39]","[102.5, 30]","[358.62, 32]","[446.48, 21]",235.5,122,246.24,0.13
2025-07-01,07:42:59,"[113.0, 60]","[106.62, 32]","[326.26, 42]","[338.06, 52]",219.63,186,213.26,-0.01
2025-07-01,07:43:00,"[109.14, 43]","[105.54, 37]","[280.31, 48]","[322.44, 45]",194.73,173,171.17,-0.08
2025-07-01,07:43:01,"[106.71, 14]","[104.75, 24]","[278.14, 14]","[302.4, 20]",192.43,72,171.43,0.06
2025-07-01,07:43:02,"[105.0, 26]","[104.0, 114]","[214.17, 46]","[242.51, 47]",159.59,233,109.17,0.2
2025-07-01,07:43:03,"[104.19, 47]","[101.28, 25]","[206.38, 32]","[209.83, 41]",155.28,145,102.18,-0.01
2025-07-01,07:43:04,"[104.0, 39]","[99.39, 23]","[165.28, 32]","[184.57, 35]",134.64,129,61.28,-0.04
2025-07-01,07:43:05,"[104.0, 12]","[89.71, 7]","[123.0, 8]","[124.0, 12]",113.5,39,19.0,-0.03
2025-07-01,07:43:06,"[104.0, 12]","[43.71, 7]","[121.8, 15]","[122.6, 10]",112.9,44,17.8,-0.14
2025-07-01,07:43:07,"[104.0, 51]","[99.47, 68]","[118.05, 44]","[118.64, 58]",111.02,221,14.05,0.08
2025-07-01,07:43:08,"[105.74, 23]","[89.54, 26]","[112.88, 17]","[114.32, 19]",109.31,85,7.14,0.15
2025-07-01,07:43:09,"[105.44, 32]","[104.61, 46]","[111.58, 43]","[112.29, 42]",108.51,163,6.14,-0.04
2025-07-01,07:43:10,"[104.14, 35]","[102.12, 34]","[107.19, 31]","[109.56, 27]",105.67,127,3.05,0.09
2025-07-01,07:43:11,"[101.93, 29]","[76.11, 18]","[105.22, 23]","[105.88, 17]",103.57,87,3.29,0.08
2025-07-01,07:43:12,"[98.0, 48]","[49.92, 12]","[101.03, 30]","[102.78, 49]",99.52,139,3.03,-0.14
2025-07-01,07:43:13,"[98.03, 33]","[72.31, 16]","[100.0, 54]","[102.0, 45]",99.02,148,1.97,-0.34
2025-07-01,07:43:14,"[96.88, 32]","[48.81, 16]","[100.0, 21]","[102.0, 50]",98.44,119,3.12,-0.19
2025-07-01,07:43:15,"[89.0, 36]","[74.82, 107]","[98.29, 21]","[101.67, 36]",93.64,200,9.29,0.43
2025-07-01,07:43:16,"[80.0, 65]","[74.34, 87]","[101.8, 20]","[189.96, 26]",90.9,198,21.8,0.54
2025-07-01,07:43:17,"[76.76, 58]","[75.14, 121]","[100.85, 13]","[149.33, 30]",88.8,222,24.09,0.61
2025-07-01,07:43:18,"[79.0, 20]","[76.0, 95]","[98.14, 14]","[100.71, 7]",88.57,136,19.14,0.69
2025-07-01,07:43:19,"[79.78, 36]","[76.0, 171]","[96.46, 26]","[98.17, 24]",88.12,257,16.68,0.61
2025-07-01,07:43:20,"[81.71, 56]","[47.66, 163]","[94.4, 30]","[96.11, 47]",88.06,296,12.69,0.48
2025-07-01,07:43:21,"[82.0, 80]","[32.98, 66]","[329.97, 39]","[307.95, 20]",205.99,205,247.97,0.42
2025-07-01,07:43:22,"[106.53, 73]","[83.27, 44]","[308.4, 30]","[435.84, 31]",207.47,178,201.87,0.31
2025-07-01,07:43:23,"[111.2, 20]","[91.67, 24]","[273.0, 12]","[317.27, 22]",192.1,78,161.8,0.13
2025-07-01,07:43:24,"[113.0, 16]","[108.2, 30]","[182.0, 8]","[267.4, 20]",147.5,74,69.0,0.24
2025-07-01,07:43:25,"[110.12, 34]","[108.0, 40]","[174.62, 26]","[239.2, 20]",142.37,120,64.5,0.23
2025-07-01,07:43:26,"[110.0, 40]","[108.0, 56]","[161.25, 36]","[244.36, 42]",135.62,174,51.25,0.1
2025-07-01,07:43:27,"[110.0, 26]","[108.0, 44]","[163.73, 33]","[234.91, 33]",136.86,136,53.73,0.03
2025-07-01,07:43:28,"[110.0, 24]","[108.0, 32]","[159.0, 24]","[172.0, 24]",134.5,104,49.0,0.08
2025-07-01,07:43:29,"[110.0, 30]","[108.0, 40]","[158.4, 30]","[164.2, 30]",134.2,130,48.4,0.08
2025-07-01,07:43:30,"[110.0, 26]","[108.0, 80]","[148.77, 39]","[158.92, 39]",129.38,184,38.77,0.15
2025-07-01,07:43:31,"[108.71, 28]","[107.29, 69]","[158.0, 33]","[220.47, 36]",133.36,166,49.29,0.17
2025-07-01,07:43:32,"[111.0, 22]","[108.0, 22]","[157.18, 33]","[345.59, 34]",134.09,111,46.18,-0.21
2025-07-01,07:43:33,"[110.0, 6]","[107.22, 18]","[157.0, 12]","[191.0, 8]",133.5,44,47.0,0.09
2025-07-01,07:43:34,"[108.0, 12]","[107.0, 84]","[155.58, 36]","[430.46, 13]",131.79,145,47.58,0.32
2025-07-01,07:43:35,"[108.0, 8]","[107.0, 56]","[154.5, 24]","[319.35, 17]",131.25,105,46.5,0.22
2025-07-01,07:43:36,"[107.82, 76]","[106.86, 114]","[152.98, 56]","[239.34, 44]",130.4,290,45.17,0.31
2025-07-01,07:43:37,"[108.0, 48]","[107.0, 84]","[140.1, 40]","[149.35, 52]",124.05,224,32.1,0.18
2025-07-01,07:43:38,"[109.0, 24]","[108.0, 58]","[120.4, 40]","[126.43, 42]",114.7,164,11.4,0.0
2025-07-01,07:43:39,"[109.0, 12]","[108.0, 79]","[118.18, 33]","[119.18, 33]",113.59,157,9.18,0.16
2025-07-01,07:43:40,"[109.0, 10]","[108.0, 40]","[115.6, 50]","[116.59, 46]",112.3,146,6.6,-0.32
2025-07-01,07:43:41,"[108.41, 29]","[107.58, 83]","[111.57, 65]","[112.94, 85]",109.99,262,3.16,-0.15
2025-07-01,07:43:42,"[107.06, 67]","[106.28, 100]","[110.96, 54]","[116.05, 56]",109.01,277,3.9,0.21
2025-07-01,07:43:43,"[107.0, 91]","[106.0, 104]","[109.64, 47]","[111.17, 64]",108.32,306,2.64,0.27
2025-07-01,07:43:44,"[106.8, 59]","[105.92, 78]","[108.0, 22]","[109.0, 55]",107.4,214,1.2,0.28
2025-07-01,07:43:45,"[106.0, 23]","[105.0, 24]","[107.12, 16]","[110.6, 25]",106.56,88,1.12,0.07
2025-07-01,07:43:46,"[105.43, 21]","[104.77, 35]","[128.05, 19]","[529.12, 34]",116.74,109,22.62,0.03
2025-07-01,07:43:47,"[105.5, 28]","[104.6, 35]","[337.78, 23]","[621.7, 20]",221.64,106,232.28,0.19
2025-07-01,07:43:48,"[107.88, 34]","[105.91, 22]","[313.93, 41]","[528.13, 30]",210.9,127,206.04,-0.12
2025-07-01,07:43:49,"[108.0, 21]","[107.0, 7]","[141.38, 16]","[166.19, 21]",124.69,65,33.38,-0.14
2025-07-01,07:43:50,"[113.0, 71]","[109.5, 24]","[137.12, 16]","[299.5, 32]",125.06,143,24.12,0.33
2025-07-01,07:43:51,"[113.0, 56]","[111.0, 24]","[134.38, 34]","[221.2, 20]",123.69,134,21.38,0.19
2025-07-01,07:43:52,"[113.0, 43]","[111.0, 30]","[132.39, 44]","[133.21, 34]",122.69,151,19.39,-0.03
2025-07-01,07:43:53,"[113.0, 48]","[111.0, 36]","[130.23, 26]","[131.45, 44]",121.62,154,17.23,0.09
2025-07-01,07:43:54,"[112.26, 38]","[109.38, 39]","[117.26, 54]","[124.65, 34]",114.76,165,5.0,-0.07
2025-07-01,07:43:55,"[111.0, 20]","[108.0, 30]","[114.3, 20]","[116.0, 50]",112.65,120,3.3,-0.17
2025-07-01,07:43:56,"[109.66, 29]","[107.83, 29]","[114.73, 41]","[120.09, 55]",112.19,154,5.08,-0.25
2025-07-01,07:43:57,"[107.3, 46]","[106.19, 27]","[115.15, 66]","[123.2, 50]",111.23,189,7.85,-0.23
2025-07-01,07:43:58,"[108.76, 34]","[106.18, 85]","[112.6, 42]","[113.57, 54]",110.68,215,3.83,0.11
2025-07-01,07:43:59,"[107.0, 22]","[106.0, 110]","[109.11, 37]","[110.31, 51]",108.05,220,2.11,0.2
2025-07-01,07:44:00,"[106.03, 72]","[105.32, 31]","[108.0, 24]","[158.97, 33]",107.01,160,1.97,0.29
2025-07-01,07:44:01,"[106.0, 70]","[105.0, 21]","[108.0, 11]","[261.43, 28]",107.0,130,2.0,0.4
2025-07-01,07:44:02,"[106.0, 147]","[104.63, 38]","[204.02, 47]","[248.3, 61]",155.01,293,98.02,0.26
2025-07-01,07:44:03,"[107.53, 53]","[105.94, 97]","[224.38, 53]","[230.46, 63]",165.95,266,116.85,0.13
2025-07-01,07:44:04,"[109.19, 47]","[106.44, 82]","[218.42, 38]","[227.59, 46]",163.81,213,109.23,0.21
2025-07-01,07:44:05,"[109.0, 27]","[106.0, 63]","[215.66, 41]","[217.7, 23]",162.33,154,106.66,0.17
2025-07-01,07:44:06,"[108.07, 45]","[105.93, 90]","[212.25, 68]","[216.43, 44]",160.16,247,104.18,0.09
2025-07-01,07:44:07,"[109.0, 34]","[106.57, 98]","[137.7, 74]","[166.91, 54]",123.35,260,28.7,0.02
2025-07-01,07:44:08,"[108.64, 25]","[107.21, 53]","[114.82, 55]","[116.0, 55]",111.73,188,6.18,-0.17
2025-07-01,07:44:09,"[107.64, 33]","[105.95, 66]","[112.9, 50]","[115.1, 50]",110.27,199,5.26,-0.01
2025-07-01,07:44:10,"[106.15, 71]","[105.06, 34]","[110.78, 40]","[112.88, 52]",108.46,197,4.62,0.07
2025-07-01,07:44:11,"[105.52, 33]","[91.89, 19]","[107.68, 22]","[213.57, 14]",106.6,88,2.17,0.18
2025-07-01,07:44:12,"[105.0, 40]","[104.0, 20]","[107.0, 20]","[335.37, 19]",106.0,99,2.0,0.21
2025-07-01,07:44:13,"[105.0, 52]","[104.0, 26]","[269.95, 42]","[330.54, 52]",187.48,172,164.95,-0.09
2025-07-01,07:44:14,"[105.74, 122]","[104.6, 40]","[276.51, 43]","[298.7, 43]",191.12,248,170.77,0.31
2025-07-01,07:44:15,"[106.44, 54]","[105.9, 90]","[181.3, 40]","[182.38, 26]",143.87,210,74.86,0.37
2025-07-01,07:44:16,"[110.1, 29]","[106.19, 192]","[179.14, 56]","[180.4, 40]",144.62,317,69.04,0.39
2025-07-01,07:44:17,"[110.0, 20]","[108.0, 60]","[176.75, 24]","[178.78, 36]",143.38,140,66.75,0.14
2025-07-01,07:44:18,"[110.0, 18]","[108.0, 54]","[169.48, 31]","[173.71, 21]",139.74,124,59.48,0.16
2025-07-01,07:44:19,"[108.5, 16]","[106.18, 132]","[142.83, 36]","[143.74, 38]",125.67,222,34.33,0.33
2025-07-01,07:44:20,"[108.0, 19]","[106.01, 273]","[137.77, 70]","[138.64, 56]",122.89,418,29.77,0.4
2025-07-01,07:44:21,"[107.42, 26]","[106.08, 207]","[135.53, 60]","[136.53, 60]",121.48,353,28.11,0.32
2025-07-01,07:44:22,"[106.05, 80]","[105.61, 72]","[133.56, 36]","[134.56, 36]",119.8,224,27.51,0.36
2025-07-01,07:44:23,"[106.17, 29]","[105.29, 51]","[132.57, 56]","[134.76, 42]",119.37,178,26.4,-0.1
2025-07-01,07:44:24,"[107.78, 9]","[106.0, 27]","[132.62, 26]","[143.0, 24]",120.2,86,24.84,-0.16
2025-07-01,07:44:25,"[108.0, 14]","[106.0, 42]","[131.71, 28]","[132.83, 48]",119.86,132,23.71,-0.15
2025-07-01,07:44:26,"[107.08, 13]","[105.7, 30]","[130.0, 20]","[131.0, 20]",118.54,83,22.92,0.04
2025-07-01,07:44:27,"[106.0, 22]","[105.0, 33]","[128.4, 30]","[129.62, 26]",117.2,111,22.4,-0.01
2025-07-01,07:44:28,"[106.0, 42]","[105.0, 39]","[124.88, 32]","[126.26, 46]",115.44,159,18.88,0.02
2025-07-01,07:44:29,"[106.2, 118]","[105.38, 53]","[120.69, 26]","[122.29, 28]",113.45,225,14.49,0.52
2025-07-01,07:44:30,"[109.2, 30]","[106.35, 68]","[118.88, 16]","[120.0, 16]",114.04,130,9.67,0.51
2025-07-01,07:44:31,"[110.15, 41]","[109.65, 104]","[114.91, 44]","[116.44, 32]",112.53,221,4.76,0.31
2025-07-01,07:44:32,"[110.0, 100]","[108.1, 40]","[112.82, 34]","[113.54, 26]",111.41,200,2.82,0.4
2025-07-01,07:44:33,"[110.0, 72]","[108.0, 48]","[111.17, 24]","[112.29, 28]",110.58,172,1.17,0.4
2025-07-01,07:44:34,"[110.0, 24]","[108.0, 24]","[111.57, 14]","[117.32, 19]",110.79,81,1.57,0.19
2025-07-01,07:44:35,"[110.0, 18]","[108.0, 36]","[111.33, 36]","[431.3, 23]",110.67,113,1.33,-0.04
2025-07-01,07:44:36,"[108.15, 39]","[106.24, 102]","[116.31, 39]","[247.95, 22]",112.23,202,8.15,0.4
2025-07-01,07:44:37,"[108.0, 9]","[106.07, 54]","[194.0, 9]","[278.11, 18]",151.0,90,86.0,0.4
2025-07-01,07:44:38,"[108.0, 5]","[107.0, 5]","[282.17, 6]","[430.45, 11]",195.08,27,174.17,-0.26
2025-07-01,07:44:39,"[108.0, 19]","[107.0, 10]","[530.5, 10]","[606.2, 25]",319.25,64,422.5,-0.09
2025-07-01,07:44:40,"[108.0, 110]","[107.0, 11]","[304.0, 19]","[300.83, 23]",206.0,163,196.0,0.48
2025-07-01,07:44:41,"[108.0, 50]","[107.0, 6]","[131.0, 6]","[194.0, 30]",119.5,92,23.0,0.22
2025-07-01,07:44:42,"[108.0, 64]","[107.0, 8]","[131.0, 8]","[243.84, 32]",119.5,112,23.0,0.29
2025-07-01,07:44:43,"[108.0, 88]","[107.0, 16]","[126.62, 26]","[161.19, 27]",117.31,157,18.62,0.32
2025-07-01,07:44:44,"[108.42, 43]","[107.84, 32]","[130.0, 11]","[160.17, 23]",119.21,109,21.58,0.38
2025-07-01,07:44:45,"[109.58, 31]","[107.36, 25]","[130.0, 11]","[197.0, 16]",119.79,83,20.42,0.35
2025-07-01,07:44:46,"[106.11, 75]","[105.29, 45]","[129.64, 11]","[202.69, 29]",117.87,160,23.53,0.5
2025-07-01,07:44:47,"[106.0, 63]","[105.0, 35]","[128.71, 7]","[190.0, 21]",117.36,126,22.71,0.56
2025-07-01,07:44:48,"[106.81, 74]","[105.55, 66]","[128.0, 10]","[195.4, 30]",117.41,180,21.19,0.56
2025-07-01,07:44:49,"[109.0, 18]","[106.0, 90]","[128.0, 10]","[231.0, 23]",118.5,141,19.0,0.53
2025-07-01,07:44:50,"[109.0, 12]","[106.0, 108]","[123.14, 14]","[231.45, 22]",116.07,156,14.14,0.54
2025-07-01,07:44:51,"[107.57, 21]","[105.91, 109]","[114.23, 13]","[188.4, 20]",110.9,163,6.66,0.6
2025-07-01,07:44:52,"[106.0, 30]","[105.0, 30]","[142.0, 7]","[219.67, 9]",124.0,76,36.0,0.58
2025-07-01,07:44:53,"[106.0, 60]","[105.0, 60]","[354.67, 24]","[493.67, 24]",230.33,168,248.67,0.43
2025-07-01,07:44:54,"[106.0, 60]","[105.0, 60]","[350.48, 27]","[483.42, 24]",228.24,171,244.48,0.4
2025-07-01,07:44:55,"[107.0, 25]","[105.56, 45]","[155.41, 32]","[250.41, 22]",131.2,124,48.41,0.13
2025-07-01,07:44:56,"[113.0, 48]","[111.0, 12]","[122.0, 48]","[126.14, 28]",117.5,136,9.0,-0.12
2025-07-01,07:44:57,"[113.0, 40]","[111.0, 12]","[120.88, 41]","[126.51, 49]",116.94,142,7.88,-0.27
2025-07-01,07:44:58,"[113.0, 36]","[111.0, 9]","[118.56, 45]","[121.0, 36]",115.78,126,5.56,-0.29
2025-07-01,07:44:59,"[112.83, 70]","[110.85, 26]","[116.07, 73]","[117.18, 89]",114.45,258,3.24,-0.26
2025-07-01,07:45:00,"[107.56, 48]","[105.62, 45]","[114.11, 55]","[115.94, 53]",110.84,201,6.55,-0.07
2025-07-01,07:45:01,"[106.0, 40]","[105.0, 60]","[110.68, 53]","[112.45, 55]",108.34,208,4.68,-0.04
2025-07-01,07:45:02,"[105.82, 33]","[104.9, 39]","[108.95, 39]","[158.78, 32]",107.38,143,3.13,0.01
2025-07-01,07:45:03,"[105.0, 39]","[104.0, 18]","[140.36, 28]","[333.0, 14]",122.68,99,35.36,0.15
2025-07-01,07:45:04,"[105.54, 26]","[104.16, 19]","[334.0, 17]","[448.95, 22]",219.77,84,228.46,0.07
2025-07-01,07:45:05,"[107.44, 41]","[104.52, 29]","[310.47, 32]","[353.29, 48]",208.95,150,203.03,-0.07
2025-07-01,07:45:06,"[108.08, 39]","[104.68, 31]","[111.38, 24]","[244.67, 18]",109.73,112,3.3,0.25
2025-07-01,07:45:07,"[105.0, 42]","[104.0, 28]","[112.0, 14]","[221.69, 26]",108.5,110,7.0,0.27
2025-07-01,07:45:08,"[105.67, 27]","[104.75, 24]","[111.0, 27]","[147.08, 13]",108.33,91,5.33,0.12
2025-07-01,07:45:09,"[107.0, 33]","[105.0, 33]","[111.0, 33]","[184.14, 21]",109.0,120,4.0,0.1
2025-07-01,07:45:10,"[107.05, 19]","[106.14, 21]","[111.0, 33]","[487.0, 11]",109.03,84,3.95,-0.05
2025-07-01,07:45:11,"[106.0, 24]","[105.0, 24]","[114.6, 20]","[247.75, 8]",110.3,76,8.6,0.26
2025-07-01,07:45:12,"[106.35, 34]","[105.08, 36]","[145.5, 24]","[147.0, 12]",125.93,106,39.15,0.32
2025-07-01,07:45:13,"[106.0, 16]","[105.0, 24]","[145.0, 16]","[342.21, 14]",125.5,70,39.0,0.14
2025-07-01,07:45:14,"[106.0, 4]","[105.0, 6]","[144.0, 4]","[272.0, 4]",125.0,18,38.0,0.11
2025-07-01,07:45:15,"[104.87, 23]","[100.87, 47]","[142.58, 19]","[175.62, 16]",123.72,105,37.71,0.33
2025-07-01,07:45:16,"[106.7, 30]","[90.46, 76]","[139.58, 19]","[141.21, 29]",123.14,154,32.88,0.38
2025-07-01,07:45:17,"[76.7, 120]","[68.32, 104]","[136.83, 24]","[138.0, 12]",106.77,260,60.13,0.72
2025-07-01,07:45:18,"[84.79, 29]","[77.07, 123]","[135.12, 16]","[136.26, 23]",109.96,191,50.33,0.59
2025-07-01,07:45:19,"[106.03, 72]","[101.83, 36]","[133.08, 13]","[135.09, 11]",119.55,132,27.05,0.64
2025-07-01,07:45:20,"[107.95, 57]","[99.58, 92]","[131.4, 15]","[132.47, 15]",119.67,179,23.45,0.66
2025-07-01,07:45:21,"[106.25, 16]","[101.37, 35]","[129.0, 10]","[131.0, 5]",117.62,66,22.75,0.55
2025-07-01,07:45:22,"[102.05, 41]","[95.75, 84]","[126.38, 16]","[127.57, 14]",114.21,155,24.33,0.61
2025-07-01,07:45:23,"[97.64, 122]","[86.69, 104]","[116.56, 27]","[120.25, 28]",107.1,281,18.92,0.61
2025-07-01,07:45:24,"[98.59, 44]","[84.16, 76]","[110.26, 23]","[129.74, 23]",104.43,166,11.67,0.45
2025-07-01,07:45:25,"[105.27, 30]","[67.32, 62]","[118.5, 8]","[155.0, 8]",111.88,108,13.23,0.7
2025-07-01,07:45:26,"[105.0, 40]","[54.18, 66]","[170.85, 13]","[275.39, 28]",137.92,147,65.85,0.44
2025-07-01,07:45:27,"[68.75, 51]","[42.66, 32]","[201.14, 14]","[309.48, 27]",134.94,124,132.4,0.34
2025-07-01,07:45:28,"[67.53, 53]","[48.82, 55]","[94.0, 10]","[152.3, 37]",80.76,155,26.47,0.39
2025-07-01,07:45:29,"[63.8, 30]","[60.0, 135]","[154.43, 54]","[358.95, 56]",109.11,275,90.63,0.2
2025-07-01,07:45:30,"[79.36, 14]","[60.46, 57]","[299.33, 42]","[402.36, 44]",189.35,157,219.98,-0.1
2025-07-01,07:45:31,"[90.0, 12]","[74.41, 73]","[206.41, 41]","[452.64, 50]",148.21,176,116.41,-0.03
2025-07-01,07:45:32,"[105.67, 24]","[93.41, 44]","[232.64, 39]","[402.38, 32]",169.15,139,126.97,-0.02
2025-07-01,07:45:33,"[106.38, 48]","[105.6, 30]","[223.33, 33]","[343.54, 39]",164.85,150,116.96,0.04
2025-07-01,07:45:34,"[106.0, 81]","[105.0, 18]","[175.0, 9]","[283.22, 45]",140.5,153,69.0,0.29
2025-07-01,07:45:35,"[106.11, 94]","[105.31, 26]","[184.63, 46]","[293.29, 28]",145.37,194,78.52,0.24
2025-07-01,07:45:36,"[111.0, 14]","[106.0, 56]","[142.09, 11]","[224.04, 25]",126.55,106,31.09,0.32
2025-07-01,07:45:37,"[111.0, 24]","[106.0, 96]","[395.39, 31]","[446.0, 40]",253.19,191,284.39,0.26
2025-07-01,07:45:38,"[111.0, 12]","[106.0, 60]","[326.5, 10]","[494.54, 26]",218.75,108,215.5,0.33
2025-07-01,07:45:39,"[106.0, 90]","[105.0, 18]","[201.0, 34]","[453.8, 35]",153.5,177,95.0,0.22
2025-07-01,07:45:40,"[106.49, 43]","[105.79, 38]","[199.0, 29]","[200.0, 20]",152.74,130,92.51,0.25
2025-07-01,07:45:41,"[113.0, 12]","[106.0, 96]","[192.18, 45]","[198.16, 50]",152.59,203,79.18,0.06
2025-07-01,07:45:42,"[112.81, 16]","[106.73, 98]","[166.42, 52]","[170.23, 61]",139.62,227,53.61,0.0
2025-07-01,07:45:43,"[108.44, 27]","[106.24, 100]","[163.49, 47]","[164.2, 50]",135.97,224,55.04,0.13
2025-07-01,07:45:44,"[107.16, 57]","[106.11, 81]","[160.94, 47]","[162.43, 23]",134.05,208,53.78,0.33
2025-07-01,07:45:45,"[107.84, 25]","[106.64, 66]","[157.58, 26]","[159.12, 34]",132.71,151,49.74,0.21
2025-07-01,07:45:46,"[110.0, 10]","[107.0, 60]","[153.88, 32]","[155.18, 22]",131.94,124,43.88,0.13
2025-07-01,07:45:47,"[107.3, 20]","[106.14, 84]","[150.87, 46]","[152.03, 31]",129.08,181,43.57,0.15
2025-07-01,07:45:48,"[107.0, 20]","[106.0, 30]","[148.1, 31]","[149.9, 31]",127.55,112,41.1,-0.11
2025-07-01,07:45:49,"[107.27, 33]","[106.12, 48]","[146.13, 69]","[147.44, 36]",126.7,186,38.86,-0.13
2025-07-01,07:45:50,"[109.41, 34]","[107.56, 27]","[141.15, 33]","[143.85, 40]",125.28,134,31.74,-0.09
2025-07-01,07:45:51,"[108.0, 36]","[107.0, 24]","[135.22, 54]","[136.46, 54]",121.61,168,27.22,-0.29
2025-07-01,07:45:52,"[108.0, 63]","[107.0, 30]","[129.98, 48]","[131.86, 51]",118.99,192,21.98,-0.03
2025-07-01,07:45:53,"[108.0, 37]","[107.0, 28]","[125.58, 66]","[126.93, 55]",116.79,186,17.58,-0.3
2025-07-01,07:45:54,"[110.76, 41]","[106.21, 29]","[119.67, 43]","[121.48, 42]",115.22,155,8.92,-0.1
2025-07-01,07:45:55,"[112.14, 49]","[105.57, 47]","[115.0, 53]","[116.09, 46]",113.57,195,2.86,-0.02
2025-07-01,07:45:56,"[106.34, 29]","[105.03, 93]","[112.71, 42]","[114.09, 44]",109.53,208,6.37,0.17
2025-07-01,07:45:57,"[107.0, 24]","[105.73, 41]","[110.41, 44]","[112.14, 37]",108.7,146,3.41,-0.11
2025-07-01,07:45:58,"[108.0, 20]","[106.8, 30]","[109.0, 44]","[112.0, 40]",108.5,134,1.0,-0.25
2025-07-01,07:45:59,"[108.0, 16]","[106.0, 24]","[111.57, 28]","[194.76, 17]",109.79,85,3.57,-0.06
2025-07-01,07:46:00,"[106.57, 7]","[105.06, 53]","[110.17, 24]","[295.0, 6]",108.37,90,3.6,0.33
2025-07-01,07:46:01,"[106.0, 5]","[105.0, 50]","[109.0, 20]","[295.0, 5]",107.5,80,3.0,0.38
2025-07-01,07:46:02,"[105.02, 49]","[104.56, 18]","[108.73, 30]","[283.89, 27]",106.88,124,3.71,0.08
2025-07-01,07:46:03,"[105.0, 38]","[104.0, 8]","[108.15, 26]","[283.91, 23]",106.58,95,3.15,-0.03
2025-07-01,07:46:04,"[92.13, 31]","[88.44, 18]","[105.47, 15]","[194.11, 9]",98.8,73,13.34,0.34
2025-07-01,07:46:05,"[102.64, 75]","[97.66, 58]","[426.2, 10]","[611.0, 40]",264.42,183,323.56,0.45
2025-07-01,07:46:06,"[107.0, 30]","[106.0, 45]","[360.14, 14]","[424.09, 11]",233.57,100,253.14,0.5
2025-07-01,07:46:07,"[107.86, 42]","[106.0, 63]","[300.05, 19]","[697.75, 16]",203.95,140,192.2,0.5
2025-07-01,07:46:08,"[109.5, 60]","[106.0, 90]","[397.93, 28]","[518.45, 22]",253.71,200,288.43,0.5
2025-07-01,07:46:09,"[110.0, 24]","[106.27, 66]","[483.2, 15]","[545.2, 15]",296.6,120,373.2,0.5
2025-07-01,07:46:10,"[110.0, 35]","[109.0, 54]","[472.63, 27]","[507.43, 21]",291.31,137,362.63,0.3
2025-07-01,07:46:11,"[110.0, 12]","[109.0, 48]","[484.03, 31]","[502.5, 16]",297.02,107,374.03,0.12
2025-07-01,07:46:12,"[110.8, 10]","[109.4, 20]","[357.7, 47]","[372.34, 35]",234.25,112,246.9,-0.46
2025-07-01,07:46:13,"[111.0, 9]","[110.0, 9]","[356.44, 45]","[383.54, 41]",233.72,104,245.44,-0.65
2025-07-01,07:46:14,"[111.0, 9]","[110.0, 65]","[228.44, 45]","[282.73, 33]",169.72,152,117.44,-0.03
2025-07-01,07:46:15,"[110.05, 37]","[109.3, 60]","[161.71, 21]","[162.67, 45]",135.88,163,51.66,0.19
2025-07-01,07:46:16,"[110.0, 60]","[109.0, 72]","[160.42, 12]","[162.0, 60]",135.21,204,50.42,0.29
2025-07-01,07:46:17,"[110.0, 50]","[109.0, 60]","[148.56, 36]","[158.83, 30]",129.28,176,38.56,0.25
2025-07-01,07:46:18,"[110.0, 55]","[109.0, 66]","[156.74, 47]","[157.26, 27]",133.37,195,46.74,0.24
2025-07-01,07:46:19,"[110.0, 40]","[109.0, 48]","[153.5, 24]","[156.84, 38]",131.75,150,43.5,0.17
2025-07-01,07:46:20,"[110.0, 47]","[109.0, 78]","[145.53, 40]","[155.02, 49]",127.76,214,35.53,0.17
2025-07-01,07:46:21,"[110.3, 20]","[109.07, 58]","[149.68, 40]","[152.74, 27]",129.99,145,39.38,0.08
2025-07-01,07:46:22,"[113.0, 9]","[110.0, 18]","[132.03, 36]","[146.0, 24]",122.51,87,19.03,-0.38
2025-07-01,07:46:23,"[113.0, 15]","[110.0, 30]","[129.85, 71]","[141.37, 19]",121.42,135,16.85,-0.33
2025-07-01,07:46:24,"[113.0, 11]","[110.0, 22]","[126.27, 15]","[127.74, 23]",119.63,71,13.27,-0.07
2025-07-01,07:46:25,"[113.0, 11]","[110.0, 22]","[121.64, 11]","[123.46, 13]",117.32,57,8.64,0.16
2025-07-01,07:46:26,"[110.19, 16]","[109.06, 51]","[115.26, 19]","[120.91, 11]",112.73,97,5.08,0.38
2025-07-01,07:46:27,"[108.93, 44]","[107.73, 33]","[110.9, 39]","[113.81, 27]",109.91,143,1.97,0.08
2025-07-01,07:46:28,"[106.17, 69]","[105.6, 60]","[109.77, 13]","[203.21, 63]",107.97,205,3.6,0.26
2025-07-01,07:46:29,"[106.0, 97]","[105.0, 66]","[210.89, 19]","[366.04, 52]",158.45,234,104.89,0.39
2025-07-01,07:46:30,"[106.8, 61]","[105.53, 76]","[240.46, 35]","[253.18, 55]",173.63,227,133.65,0.21
2025-07-01,07:46:31,"[107.21, 28]","[106.0, 142]","[180.08, 36]","[332.84, 44]",143.65,250,72.87,0.36
2025-07-01,07:46:32,"[106.44, 63]","[105.57, 98]","[118.43, 42]","[206.12, 34]",112.44,237,11.98,0.36
2025-07-01,07:46:33,"[109.65, 79]","[105.9, 62]","[114.67, 27]","[157.0, 9]",112.16,177,5.02,0.59
2025-07-01,07:46:34,"[110.0, 99]","[106.0, 77]","[125.04, 23]","[269.27, 11]",117.52,210,15.04,0.68
2025-07-01,07:46:35,"[110.53, 91]","[109.01, 170]","[225.57, 14]","[264.23, 43]",168.05,318,115.04,0.64
2025-07-01,07:46:36,"[113.0, 8]","[110.16, 38]","[121.0, 8]","[250.75, 4]",117.0,58,8.0,0.59
2025-07-01,07:46:37,"[110.6, 50]","[110.09, 75]","[280.42, 12]","[459.44, 9]",195.51,146,169.82,0.71
2025-07-01,07:46:38,"[110.0, 126]","[109.0, 8]","[364.5, 8]","[654.58, 12]",237.25,154,254.5,0.74
2025-07-01,07:46:39,"[110.0, 98]","[109.0, 7]","[356.38, 8]","[627.86, 7]",233.19,120,246.38,0.75
2025-07-01,07:46:40,"[110.0, 84]","[109.0, 6]","[210.67, 12]","[330.0, 10]",160.33,112,100.67,0.61
2025-07-01,07:46:41,"[110.0, 126]","[109.0, 9]","[143.62, 16]","[167.46, 13]",126.81,164,33.62,0.65
2025-07-01,07:46:42,"[110.1, 78]","[109.74, 27]","[135.08, 26]","[136.18, 17]",122.59,148,24.97,0.42
2025-07-01,07:46:43,"[111.0, 44]","[110.0, 110]","[133.73, 33]","[136.0, 22]",122.36,209,22.73,0.47
2025-07-01,07:46:44,"[111.0, 15]","[110.0, 50]","[126.38, 13]","[131.67, 12]",118.69,90,15.38,0.44
2025-07-01,07:46:45,"[110.43, 35]","[109.98, 132]","[119.98, 44]","[130.74, 31]",115.2,242,9.55,0.38
2025-07-01,07:46:46,"[110.0, 70]","[109.0, 7]","[117.57, 14]","[119.0, 21]",113.79,112,7.57,0.38
2025-07-01,07:46:47,"[110.0, 75]","[109.0, 9]","[117.59, 27]","[121.08, 26]",113.8,137,7.59,0.23
2025-07-01,07:46:48,"[110.0, 60]","[109.0, 12]","[115.12, 33]","[118.39, 33]",112.56,138,5.12,0.04
