Time,Bid1,Bid2,Ask1,Ask2,Mid-Price,Total_volume,Bid_ask_spread,Order_imbalance
07:30:00,"[0, 0]","[0, 0]","[468.0, 4]","[0, 0]",234.0,4,468.0,-1.0
07:30:01,"[294.0, 7]","[0, 0]","[360.0, 4]","[468.0, 8]",327.0,19,66.0,-0.26
07:30:02,"[294.0, 21]","[254.0, 24]","[360.0, 6]","[457.0, 12]",327.0,63,66.0,0.43
07:30:03,"[328.0, 8]","[296.25, 28]","[359.4, 5]","[362.0, 10]",343.7,51,31.4,0.41
07:30:04,"[328.0, 2]","[303.0, 7]","[358.0, 1]","[360.0, 2]",343.0,12,30.0,0.5
07:30:05,"[328.0, 4]","[303.0, 14]","[357.0, 2]","[360.0, 4]",342.5,24,29.0,0.5
07:30:06,"[328.0, 4]","[303.0, 14]","[356.0, 2]","[360.0, 4]",342.0,24,28.0,0.5
07:30:07,"[328.0, 4]","[303.0, 14]","[356.0, 2]","[360.0, 4]",342.0,24,28.0,0.5
07:30:08,"[328.0, 2]","[303.0, 7]","[360.0, 2]","[361.0, 1]",344.0,12,32.0,0.5
07:30:09,"[328.75, 16]","[308.56, 18]","[359.0, 8]","[360.0, 8]",343.88,50,30.25,0.36
07:30:10,"[329.0, 42]","[328.0, 14]","[372.0, 10]","[400.67, 9]",350.5,75,43.0,0.49
07:30:11,"[371.37, 76]","[346.0, 14]","[390.0, 32]","[451.0, 24]",380.68,146,18.63,0.23
07:30:12,"[375.0, 60]","[369.0, 6]","[387.2, 20]","[426.6, 20]",381.1,106,12.2,0.25
07:30:13,"[375.0, 56]","[369.0, 7]","[382.64, 22]","[411.58, 24]",378.82,109,7.64,0.16
07:30:14,"[375.0, 27]","[369.0, 4]","[389.0, 16]","[414.0, 12]",382.0,59,14.0,0.05
07:30:15,"[375.0, 25]","[370.14, 7]","[389.0, 20]","[414.0, 15]",382.0,67,14.0,-0.04
07:30:16,"[375.0, 25]","[372.8, 10]","[388.89, 18]","[407.75, 16]",381.94,69,13.89,0.01
07:30:17,"[375.0, 30]","[374.0, 12]","[387.71, 14]","[388.91, 22]",381.36,78,12.71,0.08
07:30:18,"[375.0, 22]","[374.0, 10]","[387.0, 20]","[388.0, 10]",381.0,62,12.0,0.03
07:30:19,"[375.0, 28]","[374.0, 14]","[386.73, 22]","[387.4, 20]",380.86,84,11.73,0.0
07:30:20,"[375.0, 44]","[374.0, 22]","[385.82, 22]","[387.0, 44]",380.41,132,10.82,0.0
07:30:21,"[375.0, 44]","[373.45, 44]","[384.0, 22]","[387.0, 44]",379.5,154,9.0,0.14
07:30:22,"[375.0, 20]","[374.0, 30]","[384.0, 10]","[391.2, 20]",379.5,80,9.0,0.25
07:30:23,"[375.0, 48]","[374.0, 72]","[384.0, 24]","[394.0, 48]",379.5,192,9.0,0.25
07:30:24,"[375.0, 52]","[374.0, 78]","[383.54, 26]","[393.69, 52]",379.27,208,8.54,0.25
07:30:25,"[375.0, 56]","[374.0, 84]","[382.17, 48]","[387.0, 36]",378.58,224,7.17,0.25
07:30:26,"[375.0, 56]","[374.0, 84]","[377.5, 52]","[380.5, 32]",376.25,224,2.5,0.25
07:30:27,"[374.0, 60]","[370.65, 17]","[380.0, 20]","[393.86, 56]",377.0,153,6.0,0.01
07:30:28,"[374.0, 81]","[369.86, 70]","[391.67, 72]","[395.69, 64]",382.83,287,17.67,0.05
07:30:29,"[371.0, 32]","[369.96, 83]","[390.18, 44]","[391.91, 46]",380.59,205,19.18,0.12
07:30:30,"[370.0, 96]","[369.0, 18]","[388.14, 57]","[389.27, 33]",379.07,204,18.14,0.12
07:30:31,"[370.0, 142]","[369.0, 60]","[386.25, 64]","[387.7, 80]",378.12,346,16.25,0.17
07:30:32,"[370.0, 60]","[369.0, 36]","[385.51, 45]","[386.2, 30]",377.76,171,15.51,0.12
07:30:33,"[375.0, 15]","[370.0, 75]","[383.2, 55]","[384.4, 50]",379.1,195,8.2,-0.08
07:30:34,"[373.44, 16]","[369.95, 58]","[381.75, 48]","[384.0, 36]",377.59,158,8.31,-0.06
07:30:35,"[369.84, 19]","[368.14, 21]","[380.0, 28]","[389.52, 29]",374.92,97,10.16,-0.18
07:30:36,"[369.0, 13]","[367.0, 39]","[378.23, 60]","[382.28, 57]",373.62,169,9.23,-0.38
07:30:37,"[369.0, 13]","[367.0, 39]","[375.78, 58]","[376.81, 59]",372.39,169,6.78,-0.38
07:30:38,"[367.55, 40]","[366.26, 38]","[374.05, 74]","[375.08, 61]",370.8,213,6.5,-0.27
07:30:39,"[368.0, 22]","[367.0, 33]","[372.9, 50]","[373.98, 49]",370.45,154,4.9,-0.29
07:30:40,"[367.07, 29]","[365.29, 21]","[371.32, 44]","[372.42, 48]",369.19,142,4.25,-0.3
07:30:41,"[367.0, 36]","[365.0, 24]","[369.5, 60]","[371.0, 60]",368.25,180,2.5,-0.33
07:30:42,"[366.68, 25]","[353.62, 58]","[368.18, 55]","[371.0, 55]",367.43,193,1.5,-0.14
07:30:43,"[350.24, 123]","[342.66, 76]","[364.52, 56]","[368.69, 55]",357.38,310,14.27,0.28
07:30:44,"[350.0, 121]","[337.0, 22]","[358.57, 37]","[361.58, 43]",354.28,223,8.57,0.28
07:30:45,"[350.0, 143]","[343.79, 53]","[357.0, 62]","[358.0, 52]",353.5,310,7.0,0.26
07:30:46,"[350.0, 154]","[337.0, 26]","[356.79, 78]","[357.88, 50]",353.4,308,6.79,0.17
07:30:47,"[350.0, 121]","[341.48, 91]","[355.0, 72]","[357.0, 22]",352.5,306,5.0,0.39
07:30:48,"[352.83, 29]","[350.98, 57]","[355.0, 111]","[357.0, 28]",353.91,225,2.17,-0.24
07:30:49,"[354.77, 47]","[350.45, 47]","[355.87, 60]","[358.67, 57]",355.32,211,1.1,-0.11
07:30:50,"[356.22, 27]","[348.66, 35]","[358.94, 99]","[359.88, 68]",357.58,229,2.72,-0.46
07:30:51,"[344.0, 15]","[340.04, 25]","[358.94, 99]","[359.88, 68]",351.47,207,14.94,-0.61
07:30:52,"[341.0, 10]","[340.0, 20]","[359.0, 80]","[360.0, 50]",350.0,160,18.0,-0.62
07:30:53,"[341.89, 38]","[340.11, 18]","[368.0, 20]","[371.0, 30]",354.95,106,26.11,0.06
07:30:54,"[342.29, 85]","[340.64, 28]","[369.7, 37]","[371.37, 38]",356.0,188,27.41,0.2
07:30:55,"[366.31, 145]","[342.45, 74]","[371.0, 39]","[372.0, 26]",368.66,284,4.69,0.54
07:30:56,"[369.0, 143]","[356.9, 60]","[371.0, 33]","[372.0, 22]",370.0,258,2.0,0.57
07:30:57,"[369.0, 130]","[368.0, 50]","[372.44, 25]","[384.78, 27]",370.72,232,3.44,0.55
07:30:58,"[369.0, 130]","[368.0, 50]","[370.25, 32]","[372.65, 40]",369.62,252,1.25,0.43
07:30:59,"[369.0, 78]","[368.0, 55]","[371.4, 40]","[374.75, 51]",370.2,224,2.4,0.19
07:31:00,"[369.0, 84]","[368.0, 70]","[371.0, 28]","[372.07, 56]",370.0,238,2.0,0.29
07:31:01,"[369.0, 50]","[368.0, 55]","[370.0, 55]","[371.0, 22]",369.5,182,1.0,0.15
07:31:02,"[366.72, 95]","[360.31, 128]","[369.74, 95]","[374.26, 86]",368.23,404,3.02,0.1
07:31:03,"[365.0, 60]","[350.0, 104]","[369.0, 52]","[376.0, 65]",367.0,281,4.0,0.17
07:31:04,"[365.56, 54]","[355.0, 72]","[367.82, 34]","[376.0, 60]",366.69,220,2.27,0.15
07:31:05,"[365.33, 39]","[354.89, 76]","[375.51, 37]","[380.68, 25]",370.42,177,10.18,0.3
07:31:06,"[365.0, 11]","[353.0, 88]","[380.45, 33]","[382.0, 11]",372.73,143,15.45,0.38
07:31:07,"[365.0, 9]","[353.0, 72]","[379.44, 27]","[382.0, 9]",372.22,117,14.44,0.38
07:31:08,"[365.0, 8]","[353.0, 64]","[379.0, 24]","[382.0, 8]",372.0,104,14.0,0.38
07:31:09,"[365.0, 11]","[353.0, 88]","[377.48, 23]","[379.95, 22]",371.24,144,12.48,0.38
07:31:10,"[365.0, 12]","[353.0, 96]","[370.6, 30]","[375.5, 18]",367.8,156,5.6,0.38
07:31:11,"[353.7, 43]","[348.58, 71]","[368.45, 60]","[376.6, 20]",361.07,194,14.75,0.18
07:31:12,"[354.0, 14]","[349.0, 98]","[366.69, 32]","[369.88, 24]",360.34,168,12.69,0.33
07:31:13,"[354.0, 16]","[349.0, 124]","[363.0, 48]","[371.89, 19]",358.5,207,9.0,0.35
07:31:14,"[355.24, 17]","[349.29, 76]","[361.29, 51]","[371.55, 47]",358.26,191,6.06,-0.03
07:31:15,"[356.41, 17]","[348.77, 114]","[360.33, 45]","[368.41, 17]",358.37,193,3.92,0.36
07:31:16,"[348.13, 71]","[347.26, 27]","[359.45, 22]","[366.91, 11]",353.79,131,11.33,0.5
07:31:17,"[348.0, 70]","[346.09, 44]","[357.1, 20]","[361.19, 42]",352.55,176,9.1,0.3
07:31:18,"[348.19, 43]","[347.06, 53]","[357.0, 18]","[365.0, 9]",352.59,123,8.81,0.56
07:31:19,"[349.91, 22]","[348.0, 77]","[360.73, 15]","[367.62, 32]",355.32,146,10.82,0.36
07:31:20,"[350.95, 79]","[349.36, 44]","[366.29, 17]","[369.62, 26]",358.62,166,15.34,0.48
07:31:21,"[358.81, 43]","[354.19, 48]","[392.16, 67]","[537.26, 54]",375.49,212,33.35,-0.14
07:31:22,"[368.29, 17]","[367.0, 60]","[377.47, 51]","[438.43, 56]",372.88,184,9.18,-0.16
07:31:23,"[367.44, 27]","[366.36, 44]","[370.31, 52]","[426.38, 34]",368.88,157,2.86,-0.1
07:31:24,"[366.3, 23]","[360.43, 42]","[368.33, 18]","[371.71, 24]",367.32,107,2.03,0.21
07:31:25,"[365.6, 40]","[359.67, 72]","[373.47, 17]","[499.09, 33]",369.54,162,7.87,0.38
07:31:26,"[366.0, 102]","[365.0, 34]","[380.42, 19]","[441.0, 21]",373.21,176,14.42,0.55
07:31:27,"[366.08, 26]","[365.6, 20]","[378.67, 9]","[535.75, 12]",372.37,67,12.59,0.37
07:31:28,"[366.47, 45]","[363.36, 110]","[377.44, 16]","[379.38, 16]",371.95,187,10.97,0.66
07:31:29,"[365.0, 10]","[363.0, 150]","[375.0, 16]","[379.8, 10]",370.0,186,10.0,0.72
07:31:30,"[365.0, 5]","[363.0, 75]","[373.86, 14]","[374.27, 11]",369.43,105,8.86,0.52
07:31:31,"[367.82, 228]","[363.34, 104]","[371.83, 18]","[373.42, 55]",369.82,405,4.02,0.64
07:31:32,"[369.0, 91]","[364.0, 56]","[370.0, 7]","[371.0, 35]",369.5,189,1.0,0.56
07:31:33,"[369.0, 156]","[364.0, 96]","[370.98, 45]","[377.88, 16]",369.99,313,1.98,0.61
07:31:34,"[369.0, 117]","[364.39, 62]","[370.67, 36]","[381.0, 9]",369.83,224,1.67,0.6
07:31:35,"[369.34, 61]","[368.69, 39]","[378.1, 10]","[502.26, 19]",373.72,129,8.76,0.55
07:31:36,"[370.0, 56]","[369.0, 72]","[376.5, 18]","[406.11, 18]",373.25,164,6.5,0.56
07:31:37,"[371.0, 21]","[369.73, 67]","[375.87, 23]","[386.76, 17]",373.43,128,4.87,0.38
07:31:38,"[373.0, 37]","[370.0, 99]","[385.0, 16]","[388.0, 80]",379.0,232,12.0,0.17
07:31:39,"[373.0, 112]","[370.0, 28]","[385.0, 14]","[388.0, 70]",379.0,224,12.0,0.25
07:31:40,"[372.4, 80]","[369.2, 90]","[385.0, 17]","[388.0, 85]",378.7,272,12.6,0.25
07:31:41,"[370.0, 13]","[369.0, 72]","[385.0, 8]","[388.0, 40]",377.5,133,15.0,0.28
07:31:42,"[370.0, 4]","[369.0, 36]","[385.0, 4]","[388.0, 20]",377.5,64,15.0,0.25
07:31:43,"[369.2, 30]","[368.82, 66]","[385.0, 10]","[388.0, 50]",377.1,156,15.8,0.23
07:31:44,"[374.42, 31]","[368.88, 24]","[388.0, 40]","[500.95, 22]",381.21,117,13.58,-0.06
07:31:45,"[375.0, 44]","[369.0, 33]","[388.0, 55]","[497.27, 41]",381.5,173,13.0,-0.11
07:31:46,"[375.0, 68]","[368.65, 51]","[385.92, 65]","[408.54, 71]",380.46,255,10.92,-0.07
07:31:47,"[375.0, 36]","[371.59, 51]","[385.55, 33]","[386.67, 45]",380.27,165,10.55,0.05
07:31:48,"[375.0, 40]","[373.0, 110]","[386.4, 50]","[387.8, 50]",380.7,250,11.4,0.2
07:31:49,"[375.0, 16]","[373.0, 44]","[385.75, 20]","[389.0, 20]",380.38,100,10.75,0.2
07:31:50,"[375.0, 26]","[373.0, 88]","[382.0, 40]","[393.0, 40]",378.5,194,7.0,0.18
07:31:51,"[373.17, 105]","[371.61, 69]","[381.93, 54]","[392.0, 55]",377.55,283,8.75,0.23
07:31:52,"[373.0, 110]","[369.0, 30]","[380.2, 40]","[387.4, 50]",376.6,230,7.2,0.22
07:31:53,"[373.0, 139]","[369.0, 42]","[377.64, 66]","[380.75, 60]",375.32,307,4.64,0.18
07:31:54,"[373.0, 48]","[369.0, 24]","[376.25, 40]","[379.0, 32]",374.62,144,3.25,0.0
07:31:55,"[371.56, 50]","[368.57, 42]","[374.11, 54]","[377.67, 66]",372.84,212,2.55,-0.13
07:31:56,"[368.81, 31]","[367.53, 51]","[370.46, 37]","[373.77, 40]",369.63,159,1.65,0.03
07:31:57,"[367.18, 103]","[365.92, 78]","[376.33, 36]","[385.65, 46]",371.76,263,9.15,0.38
07:31:58,"[368.64, 143]","[367.3, 103]","[388.8, 100]","[516.25, 40]",378.72,386,20.16,0.27
07:31:59,"[369.0, 143]","[368.0, 99]","[388.62, 80]","[428.02, 51]",378.81,373,19.62,0.3
07:32:00,"[369.0, 115]","[368.0, 81]","[386.89, 45]","[390.0, 45]",377.94,286,17.89,0.37
07:32:01,"[369.0, 99]","[368.0, 81]","[385.0, 45]","[390.0, 45]",377.0,270,16.0,0.33
07:32:02,"[369.93, 153]","[368.0, 135]","[383.18, 72]","[388.87, 75]",376.55,435,13.25,0.32
07:32:03,"[370.0, 69]","[368.0, 53]","[383.0, 45]","[388.89, 45]",376.5,212,13.0,0.15
07:32:04,"[370.0, 44]","[368.29, 28]","[385.08, 60]","[389.67, 60]",377.54,192,15.08,-0.25
07:32:05,"[370.0, 17]","[369.0, 36]","[388.0, 45]","[392.0, 45]",379.0,143,18.0,-0.26
07:32:06,"[370.0, 10]","[369.0, 40]","[387.0, 10]","[390.1, 50]",378.5,110,17.0,-0.09
07:32:07,"[373.48, 46]","[369.29, 34]","[386.62, 16]","[391.0, 80]",380.05,176,13.15,-0.09
07:32:08,"[374.0, 40]","[370.0, 10]","[385.0, 10]","[394.6, 50]",379.5,110,11.0,-0.09
07:32:09,"[374.0, 52]","[370.0, 13]","[383.9, 40]","[393.28, 29]",378.95,134,9.9,-0.03
07:32:10,"[374.0, 36]","[370.0, 9]","[381.11, 27]","[382.29, 24]",377.56,96,7.11,-0.06
07:32:11,"[374.0, 44]","[370.0, 11]","[378.0, 32]","[379.24, 41]",376.0,128,4.0,-0.14
07:32:12,"[371.08, 63]","[367.72, 50]","[376.39, 72]","[380.69, 42]",373.73,227,5.31,-0.0
07:32:13,"[369.0, 32]","[367.0, 32]","[375.38, 32]","[379.0, 8]",372.19,104,6.38,0.23
07:32:14,"[369.0, 59]","[367.0, 72]","[371.5, 36]","[373.83, 58]",370.25,225,2.5,0.16
07:32:15,"[369.0, 8]","[367.2, 20]","[370.0, 32]","[384.24, 34]",369.5,94,1.0,-0.4
07:32:16,"[368.4, 10]","[367.04, 25]","[382.4, 25]","[385.64, 28]",375.4,88,14.0,-0.2
07:32:17,"[369.85, 81]","[369.28, 50]","[382.0, 39]","[385.0, 39]",375.93,209,12.15,0.25
07:32:18,"[372.0, 142]","[369.24, 74]","[382.0, 48]","[385.0, 48]",377.0,312,10.0,0.38
07:32:19,"[372.0, 100]","[369.0, 40]","[382.0, 30]","[385.0, 30]",377.0,200,10.0,0.4
07:32:20,"[372.0, 80]","[369.0, 48]","[379.83, 36]","[381.33, 36]",375.92,200,7.83,0.28
07:32:21,"[372.0, 72]","[369.0, 48]","[376.08, 36]","[377.17, 36]",374.04,192,4.08,0.25
07:32:22,"[370.96, 46]","[368.33, 48]","[377.18, 34]","[384.86, 28]",374.07,156,6.22,0.21
07:32:23,"[369.0, 52]","[366.0, 91]","[387.1, 31]","[389.38, 29]",378.05,203,18.1,0.41
07:32:24,"[368.75, 55]","[366.23, 91]","[385.77, 26]","[390.0, 26]",377.26,198,17.02,0.47
07:32:25,"[369.12, 72]","[366.7, 70]","[384.2, 20]","[393.6, 20]",376.66,182,15.07,0.56
07:32:26,"[367.95, 261]","[366.87, 105]","[383.27, 30]","[392.53, 30]",375.61,426,15.32,0.72
07:32:27,"[368.05, 221]","[367.12, 80]","[382.0, 62]","[383.0, 22]",375.02,385,13.95,0.56
07:32:28,"[369.0, 132]","[368.0, 120]","[381.65, 37]","[382.25, 40]",375.32,329,12.65,0.53
07:32:29,"[369.01, 189]","[368.06, 181]","[376.14, 21]","[377.0, 33]",372.58,424,7.13,0.75
07:32:30,"[369.76, 46]","[368.78, 183]","[373.67, 27]","[375.58, 24]",371.71,280,3.91,0.64
07:32:31,"[368.73, 74]","[367.9, 134]","[372.85, 20]","[378.33, 30]",370.79,258,4.12,0.61
07:32:32,"[368.0, 40]","[367.0, 28]","[382.0, 8]","[386.0, 16]",375.0,92,14.0,0.48
07:32:33,"[368.0, 87]","[367.0, 56]","[382.0, 16]","[386.0, 32]",375.0,191,14.0,0.5
07:32:34,"[368.0, 88]","[367.0, 56]","[381.45, 22]","[385.08, 26]",374.73,192,13.45,0.5
07:32:35,"[368.0, 99]","[367.0, 63]","[380.56, 36]","[382.0, 18]",374.28,216,12.56,0.5
07:32:36,"[368.0, 99]","[367.0, 63]","[378.89, 36]","[386.0, 52]",373.44,250,10.89,0.3
07:32:37,"[368.0, 132]","[367.0, 84]","[377.92, 48]","[386.0, 48]",372.96,312,9.92,0.38
07:32:38,"[369.45, 77]","[367.36, 136]","[380.82, 56]","[386.56, 54]",375.14,323,11.37,0.32
07:32:39,"[376.0, 30]","[368.0, 105]","[383.38, 32]","[385.93, 58]",379.69,225,7.38,0.2
07:32:40,"[376.0, 24]","[368.0, 84]","[379.0, 48]","[384.0, 24]",377.5,180,3.0,0.2
07:32:41,"[373.5, 32]","[367.85, 91]","[378.18, 34]","[383.73, 44]",375.84,201,4.68,0.22
07:32:42,"[368.0, 35]","[367.0, 77]","[377.0, 22]","[385.0, 44]",372.5,178,9.0,0.26
07:32:43,"[373.88, 48]","[367.7, 23]","[375.65, 34]","[386.41, 68]",374.76,173,1.77,-0.18
07:32:44,"[370.4, 15]","[367.09, 69]","[381.96, 27]","[388.74, 62]",376.18,173,11.56,-0.03
07:32:45,"[367.0, 33]","[366.0, 9]","[387.0, 9]","[389.0, 36]",377.0,87,20.0,-0.03
07:32:46,"[366.0, 9]","[364.0, 54]","[387.0, 9]","[389.0, 36]",376.5,108,21.0,0.17
07:32:47,"[365.23, 39]","[363.63, 68]","[387.0, 12]","[389.47, 53]",376.12,172,21.77,0.24
07:32:48,"[367.95, 44]","[366.62, 103]","[385.94, 51]","[389.97, 65]",376.95,263,17.99,0.12
07:32:49,"[370.0, 8]","[368.0, 32]","[383.83, 24]","[384.83, 24]",376.92,88,13.83,-0.09
07:32:50,"[370.0, 13]","[368.0, 52]","[381.77, 13]","[387.23, 65]",375.88,143,11.77,-0.09
07:32:51,"[373.27, 11]","[368.46, 26]","[378.91, 11]","[388.0, 69]",376.09,117,5.64,-0.37
07:32:52,"[373.23, 13]","[368.38, 37]","[384.29, 28]","[393.21, 61]",378.76,139,11.05,-0.28
07:32:53,"[367.77, 22]","[366.78, 46]","[388.0, 16]","[417.0, 32]",377.89,116,20.23,0.17
07:32:54,"[368.9, 48]","[367.75, 40]","[385.18, 11]","[387.54, 13]",377.04,112,16.29,0.57
07:32:55,"[370.23, 73]","[368.63, 54]","[383.0, 19]","[463.12, 32]",376.62,178,12.77,0.43
07:32:56,"[371.0, 50]","[369.0, 40]","[382.11, 18]","[428.53, 30]",376.56,138,11.11,0.3
07:32:57,"[371.0, 70]","[369.0, 56]","[378.64, 14]","[382.0, 28]",374.82,168,7.64,0.5
07:32:58,"[371.0, 55]","[366.94, 51]","[376.09, 11]","[382.0, 22]",373.55,139,5.09,0.53
07:32:59,"[374.26, 81]","[370.36, 70]","[382.64, 28]","[391.43, 70]",378.45,249,8.38,0.21
07:33:00,"[375.0, 54]","[372.0, 45]","[383.0, 18]","[392.0, 45]",379.0,162,8.0,0.22
07:33:01,"[375.0, 42]","[372.0, 35]","[383.0, 14]","[392.0, 35]",379.0,126,8.0,0.22
07:33:02,"[375.0, 76]","[372.0, 55]","[383.0, 22]","[392.0, 55]",379.0,208,8.0,0.26
07:33:03,"[375.0, 56]","[372.0, 40]","[383.0, 16]","[392.0, 40]",379.0,152,8.0,0.26
07:33:04,"[375.0, 28]","[372.0, 20]","[383.0, 8]","[392.0, 20]",379.0,76,8.0,0.26
07:33:05,"[375.0, 40]","[372.0, 30]","[383.0, 12]","[392.0, 30]",379.0,112,8.0,0.25
07:33:06,"[375.0, 48]","[372.0, 30]","[383.0, 12]","[392.0, 30]",379.0,120,8.0,0.3
07:33:07,"[375.0, 32]","[372.0, 20]","[383.0, 8]","[392.0, 20]",379.0,80,8.0,0.3
07:33:08,"[375.0, 30]","[372.0, 20]","[383.0, 8]","[392.0, 20]",379.0,78,8.0,0.28
07:33:09,"[375.0, 17]","[372.0, 30]","[383.0, 12]","[391.77, 26]",379.0,85,8.0,0.11
07:33:10,"[375.08, 48]","[372.63, 57]","[383.0, 22]","[392.0, 55]",379.04,182,7.92,0.15
07:33:11,"[377.0, 13]","[375.0, 78]","[383.0, 26]","[392.0, 65]",380.0,182,6.0,0.0
07:33:12,"[375.1, 21]","[371.42, 104]","[382.38, 32]","[389.75, 40]",378.74,197,7.28,0.27
07:33:13,"[375.0, 18]","[371.0, 117]","[380.8, 20]","[381.94, 34]",377.9,189,5.8,0.43
07:33:14,"[375.0, 22]","[371.0, 143]","[378.43, 42]","[379.83, 24]",376.71,231,3.43,0.43
07:33:15,"[374.88, 25]","[371.2, 49]","[376.69, 52]","[379.0, 26]",375.79,152,1.81,-0.03
07:33:16,"[372.0, 16]","[371.0, 208]","[375.26, 46]","[376.52, 50]",373.63,320,3.26,0.4
07:33:17,"[371.01, 115]","[369.33, 78]","[372.1, 40]","[375.09, 33]",371.55,266,1.09,0.45
07:33:18,"[370.06, 51]","[368.25, 48]","[372.48, 29]","[385.44, 45]",371.27,173,2.42,0.14
07:33:19,"[370.0, 40]","[369.0, 48]","[373.0, 24]","[389.0, 60]",371.5,172,3.0,0.02
07:33:20,"[369.75, 12]","[368.38, 29]","[373.0, 16]","[389.0, 40]",371.38,97,3.25,-0.15
07:33:21,"[368.44, 16]","[366.85, 41]","[370.85, 26]","[376.19, 42]",369.64,125,2.41,-0.09
07:33:22,"[364.52, 23]","[362.1, 49]","[367.62, 13]","[370.0, 26]",366.07,111,3.09,0.3
07:33:23,"[363.07, 30]","[361.35, 43]","[368.9, 10]","[380.0, 44]",365.98,127,5.83,0.15
07:33:24,"[362.0, 70]","[359.41, 34]","[367.59, 46]","[373.29, 14]",364.79,164,5.59,0.27
07:33:25,"[362.0, 22]","[358.0, 33]","[366.11, 47]","[367.32, 19]",364.05,121,4.11,-0.09
07:33:26,"[362.0, 24]","[358.0, 36]","[364.73, 52]","[365.0, 20]",363.37,132,2.73,-0.09
07:33:27,"[359.12, 57]","[357.25, 53]","[368.29, 56]","[373.0, 42]",363.7,208,9.16,0.06
07:33:28,"[367.38, 32]","[361.52, 40]","[373.0, 70]","[378.64, 56]",370.19,198,5.62,-0.27
07:33:29,"[369.0, 56]","[367.0, 14]","[373.0, 70]","[376.41, 34]",371.0,174,4.0,-0.2
07:33:30,"[369.36, 56]","[367.0, 14]","[372.2, 70]","[373.52, 46]",370.78,186,2.84,-0.25
07:33:31,"[370.0, 40]","[367.0, 10]","[371.0, 30]","[373.04, 54]",370.5,134,1.0,-0.25
07:33:32,"[370.0, 25]","[367.0, 13]","[374.95, 57]","[377.93, 56]",372.47,151,4.95,-0.5
07:33:33,"[371.0, 12]","[367.33, 9]","[376.0, 45]","[380.15, 26]",373.5,92,5.0,-0.54
07:33:34,"[374.31, 32]","[369.55, 20]","[381.73, 30]","[384.89, 54]",378.02,136,7.42,-0.24
07:33:35,"[377.0, 30]","[371.0, 30]","[379.33, 24]","[380.22, 36]",378.17,120,2.33,0.0
07:33:36,"[377.0, 18]","[371.0, 36]","[379.0, 24]","[380.0, 48]",378.0,126,2.0,-0.14
07:33:37,"[374.82, 11]","[370.84, 25]","[377.91, 22]","[381.09, 44]",376.36,102,3.09,-0.29
07:33:38,"[371.0, 32]","[370.0, 14]","[374.47, 30]","[378.78, 54]",372.73,130,3.47,-0.29
07:33:39,"[371.0, 36]","[370.0, 12]","[372.5, 32]","[373.8, 40]",371.75,120,1.5,-0.2
07:33:40,"[369.59, 37]","[368.77, 22]","[371.5, 40]","[380.58, 38]",370.55,137,1.91,-0.14
07:33:41,"[368.83, 35]","[364.57, 35]","[371.0, 52]","[385.62, 52]",369.91,174,2.17,-0.2
07:33:42,"[362.22, 23]","[353.08, 36]","[374.83, 48]","[386.36, 44]",368.53,151,12.62,-0.22
07:33:43,"[362.0, 18]","[352.89, 27]","[383.62, 39]","[386.4, 30]",372.81,114,21.62,-0.21
07:33:44,"[362.0, 22]","[349.0, 33]","[378.0, 44]","[381.24, 59]",370.0,158,16.0,-0.3
07:33:45,"[362.0, 14]","[347.43, 7]","[375.86, 28]","[378.57, 28]",368.93,77,13.86,-0.45
07:33:46,"[350.15, 13]","[347.08, 12]","[371.41, 34]","[375.89, 36]",360.78,95,21.26,-0.47
07:33:47,"[348.0, 7]","[346.6, 10]","[360.0, 14]","[366.62, 13]",354.0,44,12.0,-0.23
07:33:48,"[348.0, 28]","[347.0, 8]","[360.0, 16]","[362.0, 32]",354.0,84,12.0,-0.14
07:33:49,"[349.21, 39]","[346.52, 27]","[360.0, 24]","[362.0, 48]",354.6,138,10.79,-0.04
07:33:50,"[351.38, 48]","[350.55, 38]","[360.0, 28]","[362.0, 56]",355.69,170,8.62,0.01
07:33:51,"[355.12, 64]","[353.0, 48]","[358.73, 44]","[359.68, 65]",356.93,221,3.6,0.01
07:33:52,"[354.44, 36]","[350.88, 17]","[357.65, 17]","[358.87, 31]",356.05,101,3.2,0.05
07:33:53,"[354.09, 33]","[346.0, 11]","[357.09, 11]","[359.71, 28]",355.59,83,3.0,0.06
07:33:54,"[356.73, 33]","[346.0, 11]","[360.0, 11]","[362.0, 44]",358.36,99,3.27,-0.11
07:33:55,"[357.5, 36]","[346.0, 12]","[360.0, 12]","[362.0, 48]",358.75,108,2.5,-0.11
07:33:56,"[358.0, 30]","[351.1, 20]","[360.0, 10]","[362.0, 40]",359.0,100,2.0,0.0
07:33:57,"[355.56, 16]","[345.2, 15]","[361.81, 31]","[367.44, 54]",358.68,116,6.24,-0.47
07:33:58,"[345.87, 15]","[296.6, 20]","[362.0, 26]","[369.0, 54]",353.93,115,16.13,-0.39
07:33:59,"[365.0, 33]","[359.79, 28]","[368.03, 33]","[370.55, 58]",366.52,152,3.03,-0.2
07:34:00,"[367.0, 75]","[359.13, 30]","[368.0, 59]","[370.19, 63]",367.5,227,1.0,-0.07
07:34:01,"[367.0, 41]","[359.0, 20]","[368.0, 30]","[370.0, 50]",367.5,141,1.0,-0.13
07:34:02,"[368.14, 28]","[363.44, 18]","[369.86, 43]","[372.46, 13]",369.0,102,1.72,-0.1
07:34:03,"[367.27, 30]","[355.86, 28]","[370.0, 18]","[374.0, 14]",368.63,90,2.73,0.29
07:34:04,"[368.56, 50]","[366.0, 24]","[370.0, 12]","[374.0, 12]",369.28,98,1.44,0.51
07:34:05,"[369.0, 27]","[367.0, 18]","[371.41, 17]","[372.8, 15]",370.21,77,2.41,0.17
07:34:06,"[370.11, 27]","[368.06, 17]","[372.0, 21]","[374.0, 7]",371.06,72,1.89,0.22
07:34:07,"[371.0, 45]","[369.0, 45]","[372.29, 34]","[374.71, 35]",371.65,159,1.29,0.13
07:34:08,"[372.33, 27]","[370.22, 23]","[374.56, 16]","[395.93, 40]",373.45,106,2.23,-0.06
07:34:09,"[373.0, 30]","[371.0, 20]","[375.0, 30]","[575.3, 10]",374.0,90,2.0,0.11
07:34:10,"[373.92, 36]","[371.0, 24]","[375.0, 36]","[484.17, 12]",374.46,108,1.08,0.11
07:34:11,"[371.0, 26]","[367.0, 26]","[399.92, 25]","[498.37, 19]",385.46,96,28.92,0.08
07:34:12,"[371.0, 26]","[367.0, 26]","[373.23, 52]","[407.31, 49]",372.12,153,2.23,-0.32
07:34:13,"[369.43, 23]","[361.91, 23]","[372.5, 64]","[382.31, 64]",370.97,174,3.07,-0.47
07:34:14,"[367.0, 16]","[353.38, 16]","[372.0, 64]","[384.0, 64]",369.5,160,5.0,-0.6
07:34:15,"[359.5, 18]","[351.33, 27]","[368.4, 57]","[373.87, 69]",363.95,171,8.9,-0.47
07:34:16,"[351.65, 17]","[350.65, 34]","[365.07, 56]","[366.73, 30]",358.36,137,13.42,-0.26
07:34:17,"[353.82, 61]","[352.63, 70]","[361.45, 66]","[362.84, 62]",357.64,259,7.63,0.01
07:34:18,"[355.2, 20]","[352.32, 190]","[360.11, 54]","[361.92, 48]",357.66,312,4.91,0.35
07:34:19,"[356.0, 17]","[352.0, 102]","[361.0, 17]","[362.0, 68]",358.5,204,5.0,0.17
07:34:20,"[357.06, 16]","[352.38, 52]","[361.0, 12]","[362.0, 48]",359.03,128,3.94,0.06
07:34:21,"[359.0, 24]","[358.14, 21]","[361.75, 53]","[364.33, 30]",360.38,128,2.75,-0.3
07:34:22,"[359.12, 25]","[351.67, 72]","[361.0, 59]","[362.0, 56]",360.06,212,1.88,-0.08
07:34:23,"[359.91, 22]","[351.0, 66]","[361.1, 41]","[362.17, 41]",360.5,170,1.19,0.04
07:34:24,"[360.7, 20]","[349.41, 64]","[362.0, 40]","[366.88, 16]",361.35,140,1.3,0.2
07:34:25,"[361.0, 22]","[348.0, 110]","[362.0, 44]","[367.5, 16]",361.5,192,1.0,0.38
07:34:26,"[353.84, 38]","[347.33, 72]","[363.02, 41]","[369.36, 25]",358.43,176,9.18,0.25
07:34:27,"[358.18, 22]","[349.9, 60]","[368.92, 24]","[369.85, 13]",363.55,119,10.73,0.38
07:34:28,"[354.06, 36]","[350.85, 40]","[368.0, 32]","[369.46, 26]",361.03,134,13.94,0.13
07:34:29,"[361.67, 60]","[359.93, 67]","[367.5, 32]","[370.42, 24]",364.58,183,5.83,0.39
07:34:30,"[364.42, 38]","[362.95, 74]","[367.17, 30]","[371.04, 48]",365.79,190,2.75,0.18
07:34:31,"[364.45, 22]","[363.0, 55]","[368.73, 11]","[372.94, 17]",366.59,105,4.27,0.47
07:34:32,"[369.73, 22]","[366.0, 24]","[373.78, 36]","[376.17, 48]",371.75,130,4.05,-0.29
07:34:33,"[372.0, 14]","[368.54, 13]","[374.0, 28]","[384.0, 36]",373.0,91,2.0,-0.41
07:34:34,"[367.89, 19]","[363.45, 62]","[379.52, 29]","[396.16, 50]",373.71,160,11.62,0.01
07:34:35,"[368.0, 55]","[367.0, 11]","[374.0, 11]","[375.95, 38]",371.0,115,6.0,0.15
07:34:36,"[368.0, 40]","[367.0, 8]","[374.0, 8]","[375.0, 16]",371.0,72,6.0,0.33
07:34:37,"[368.5, 60]","[367.0, 12]","[373.0, 36]","[374.0, 12]",370.75,120,4.5,0.2
07:34:38,"[369.0, 63]","[367.0, 15]","[371.8, 45]","[374.12, 16]",370.4,139,2.8,0.12
07:34:39,"[368.64, 22]","[364.33, 12]","[370.0, 28]","[371.38, 32]",369.32,94,1.36,-0.28
07:34:40,"[367.0, 10]","[359.0, 10]","[372.5, 24]","[376.43, 14]",369.75,58,5.5,-0.31
07:34:41,"[368.54, 70]","[364.87, 15]","[376.24, 17]","[377.57, 28]",372.39,130,7.69,0.31
07:34:42,"[374.62, 94]","[368.97, 61]","[376.31, 13]","[377.6, 20]",375.46,188,1.69,0.65
07:34:43,"[375.0, 72]","[369.0, 54]","[376.76, 21]","[381.8, 10]",375.88,157,1.76,0.61
07:34:44,"[375.0, 32]","[370.08, 26]","[376.19, 31]","[378.2, 15]",375.6,104,1.19,0.12
07:34:45,"[371.92, 26]","[369.12, 64]","[376.71, 28]","[379.86, 14]",374.32,132,4.79,0.36
07:34:46,"[371.0, 14]","[369.0, 42]","[378.11, 9]","[383.5, 12]",374.56,77,7.11,0.45
07:34:47,"[371.0, 16]","[369.0, 48]","[375.0, 12]","[383.56, 27]",373.0,103,4.0,0.24
07:34:48,"[369.89, 36]","[368.81, 53]","[380.23, 13]","[383.86, 44]",375.06,146,10.34,0.22
07:34:49,"[369.0, 35]","[367.0, 10]","[379.18, 17]","[381.85, 13]",374.09,75,10.18,0.2
07:34:50,"[369.0, 33]","[367.0, 11]","[378.0, 21]","[379.5, 12]",373.5,77,9.0,0.14
07:34:51,"[369.0, 18]","[367.0, 6]","[374.55, 11]","[376.29, 7]",371.77,42,5.55,0.14
07:34:52,"[369.0, 45]","[367.0, 15]","[373.23, 26]","[374.74, 19]",371.12,105,4.23,0.14
07:34:53,"[369.0, 31]","[367.0, 11]","[379.55, 31]","[380.05, 38]",374.27,111,10.55,-0.24
07:34:54,"[369.0, 9]","[367.0, 9]","[378.67, 27]","[381.0, 45]",373.83,90,9.67,-0.6
07:34:55,"[369.0, 5]","[367.0, 5]","[378.0, 15]","[381.0, 25]",373.5,50,9.0,-0.6
07:34:56,"[371.31, 70]","[369.43, 37]","[380.11, 71]","[384.69, 65]",375.71,243,8.8,-0.12
07:34:57,"[373.5, 48]","[371.0, 30]","[381.0, 50]","[389.0, 30]",377.25,158,7.5,-0.01
07:34:58,"[372.53, 64]","[371.63, 41]","[381.0, 55]","[389.0, 33]",376.77,193,8.47,0.09
07:34:59,"[373.0, 80]","[372.0, 96]","[382.71, 70]","[389.13, 38]",377.86,284,9.71,0.24
07:35:00,"[374.05, 95]","[372.0, 114]","[381.29, 21]","[388.36, 33]",377.67,263,7.23,0.59
07:35:01,"[375.28, 61]","[371.86, 70]","[380.0, 12]","[387.0, 12]",377.64,155,4.72,0.69
07:35:02,"[372.0, 25]","[371.0, 25]","[380.0, 5]","[386.43, 7]",376.0,62,8.0,0.61
07:35:03,"[372.0, 40]","[371.0, 40]","[380.0, 8]","[386.33, 12]",376.0,100,8.0,0.6
07:35:04,"[372.0, 55]","[371.0, 55]","[378.55, 22]","[380.0, 11]",375.27,143,6.55,0.54
07:35:05,"[372.0, 35]","[371.0, 35]","[377.57, 14]","[380.0, 7]",374.79,91,5.57,0.54
07:35:06,"[372.0, 90]","[370.67, 54]","[377.0, 36]","[385.89, 18]",374.5,198,5.0,0.45
07:35:07,"[372.0, 65]","[368.36, 25]","[381.89, 18]","[389.23, 13]",376.94,121,9.89,0.49
07:35:08,"[377.75, 122]","[371.47, 57]","[388.0, 14]","[390.0, 14]",382.88,207,10.25,0.73
07:35:09,"[378.0, 108]","[373.75, 12]","[389.0, 12]","[392.25, 24]",383.5,156,11.0,0.54
07:35:10,"[378.0, 44]","[375.0, 11]","[388.0, 11]","[390.0, 11]",383.0,77,10.0,0.43
07:35:11,"[374.77, 26]","[373.75, 8]","[388.0, 8]","[390.0, 8]",381.38,50,13.23,0.36
07:35:12,"[372.0, 56]","[370.0, 8]","[388.0, 8]","[390.38, 8]",380.0,80,16.0,0.6
07:35:13,"[372.0, 49]","[370.0, 7]","[388.0, 7]","[393.0, 7]",380.0,70,16.0,0.6
07:35:14,"[372.0, 70]","[370.0, 10]","[388.0, 10]","[393.0, 10]",380.0,100,16.0,0.6
07:35:15,"[372.0, 41]","[370.0, 6]","[388.0, 6]","[393.0, 6]",380.0,59,16.0,0.59
07:35:16,"[372.0, 39]","[370.0, 8]","[387.75, 8]","[391.75, 8]",379.88,63,15.75,0.49
07:35:17,"[372.0, 33]","[370.0, 11]","[386.18, 11]","[387.73, 11]",379.09,66,14.18,0.33
07:35:18,"[368.57, 35]","[365.2, 10]","[384.0, 10]","[387.0, 10]",376.29,65,15.43,0.38
07:35:19,"[373.32, 57]","[366.62, 39]","[382.0, 12]","[383.67, 12]",377.66,120,8.68,0.6
07:35:20,"[375.0, 70]","[368.09, 44]","[378.57, 14]","[379.79, 14]",376.79,142,3.57,0.61
07:35:21,"[375.0, 41]","[371.0, 18]","[376.67, 9]","[381.22, 9]",375.83,77,1.67,0.53
07:35:22,"[374.43, 42]","[369.4, 30]","[376.26, 27]","[383.68, 28]",375.34,127,1.83,0.13
07:35:23,"[370.43, 21]","[366.89, 37]","[376.4, 10]","[385.0, 57]",373.41,125,5.97,-0.07
07:35:24,"[367.0, 45]","[363.0, 15]","[375.53, 15]","[384.8, 40]",371.27,115,8.53,0.04
07:35:25,"[367.0, 30]","[362.1, 40]","[375.0, 10]","[383.0, 10]",371.0,90,8.0,0.56
07:35:26,"[370.06, 16]","[366.22, 54]","[375.0, 10]","[383.0, 20]",372.53,100,4.94,0.4
07:35:27,"[370.67, 36]","[368.83, 105]","[377.67, 18]","[384.8, 30]",374.17,189,7.0,0.49
07:35:28,"[369.0, 56]","[367.0, 21]","[383.0, 14]","[392.0, 14]",376.0,105,14.0,0.47
07:35:29,"[369.19, 79]","[367.8, 45]","[382.12, 16]","[386.27, 22]",375.66,162,12.94,0.53
07:35:30,"[370.68, 38]","[369.62, 53]","[381.0, 11]","[382.09, 11]",375.84,113,10.32,0.61
07:35:31,"[373.54, 52]","[371.0, 26]","[381.0, 13]","[382.0, 34]",377.27,125,7.46,0.25
07:35:32,"[374.0, 18]","[371.0, 12]","[381.0, 6]","[382.0, 21]",377.5,57,7.0,0.05
07:35:33,"[371.47, 19]","[369.88, 32]","[381.0, 10]","[382.0, 10]",376.24,71,9.53,0.44
07:35:34,"[370.0, 36]","[369.0, 54]","[379.11, 9]","[380.83, 12]",374.56,111,9.11,0.62
07:35:35,"[370.0, 44]","[369.0, 78]","[378.53, 17]","[379.33, 36]",374.26,175,8.53,0.39
07:35:36,"[370.0, 39]","[369.0, 90]","[375.2, 15]","[376.2, 15]",372.6,159,5.2,0.62
07:35:37,"[370.0, 20]","[369.0, 60]","[379.31, 16]","[381.89, 19]",374.66,115,9.31,0.39
07:35:38,"[369.5, 20]","[368.83, 36]","[378.67, 18]","[384.7, 23]",374.08,97,9.17,0.15
07:35:39,"[369.0, 45]","[368.0, 27]","[383.6, 15]","[389.4, 20]",376.3,107,14.6,0.35
07:35:40,"[369.0, 41]","[368.0, 30]","[381.8, 10]","[384.0, 10]",375.4,91,12.8,0.56
07:35:41,"[369.0, 28]","[368.0, 36]","[379.48, 21]","[383.0, 12]",374.24,97,10.48,0.32
07:35:42,"[369.0, 28]","[368.0, 42]","[378.06, 32]","[378.32, 38]",373.53,140,9.06,0.0
07:35:43,"[369.0, 12]","[368.0, 18]","[374.11, 18]","[377.0, 12]",371.56,60,5.11,0.0
07:35:44,"[369.0, 28]","[367.69, 26]","[374.0, 56]","[375.0, 14]",371.5,124,5.0,-0.13
07:35:45,"[369.0, 32]","[367.0, 16]","[372.56, 64]","[375.0, 16]",370.78,128,3.56,-0.25
07:35:46,"[369.0, 24]","[367.0, 12]","[371.56, 36]","[372.6, 30]",370.28,102,2.56,-0.29
07:35:47,"[368.17, 35]","[366.09, 11]","[371.33, 36]","[372.91, 23]",369.75,105,3.16,-0.12
07:35:48,"[367.96, 50]","[365.67, 18]","[371.58, 31]","[376.43, 35]",369.77,134,3.62,0.01
07:35:49,"[371.56, 16]","[363.64, 22]","[384.0, 24]","[386.86, 57]",377.78,119,12.44,-0.36
07:35:50,"[374.0, 36]","[368.85, 82]","[386.0, 24]","[387.0, 84]",380.0,226,12.0,0.04
07:35:51,"[370.25, 72]","[367.42, 62]","[386.0, 26]","[387.0, 91]",378.12,251,15.75,0.07
07:35:52,"[369.0, 72]","[362.47, 32]","[378.38, 13]","[386.19, 37]",373.69,154,9.38,0.35
07:35:53,"[369.0, 66]","[362.0, 33]","[375.34, 41]","[386.08, 37]",372.17,177,6.34,0.12
07:35:54,"[369.0, 42]","[362.0, 21]","[375.0, 28]","[388.0, 14]",372.0,105,6.0,0.2
07:35:55,"[369.0, 20]","[362.0, 45]","[372.27, 60]","[376.04, 50]",370.63,175,3.27,-0.26
07:35:56,"[363.35, 26]","[360.25, 36]","[370.25, 48]","[373.0, 48]",366.8,158,6.9,-0.22
07:35:57,"[362.0, 35]","[359.0, 42]","[368.79, 56]","[370.71, 56]",365.39,189,6.79,-0.19
07:35:58,"[362.0, 26]","[359.0, 39]","[366.44, 36]","[367.32, 50]",364.22,151,4.44,-0.14
07:35:59,"[362.0, 34]","[359.0, 51]","[364.53, 34]","[373.59, 68]",363.26,187,2.53,-0.09
07:36:00,"[362.11, 54]","[359.73, 37]","[371.22, 36]","[378.28, 47]",366.67,174,9.11,0.05
07:36:01,"[367.06, 47]","[364.91, 44]","[377.0, 56]","[380.53, 32]",372.03,179,9.94,0.02
07:36:02,"[373.2, 50]","[370.12, 49]","[377.0, 56]","[381.0, 42]",375.1,197,3.8,0.01
07:36:03,"[373.2, 15]","[370.0, 21]","[377.0, 28]","[381.0, 21]",375.1,85,3.8,-0.15
07:36:04,"[366.6, 10]","[358.73, 22]","[377.0, 28]","[381.0, 21]",371.8,81,10.4,-0.21
07:36:05,"[361.18, 33]","[357.82, 22]","[375.25, 16]","[377.24, 51]",368.22,122,14.07,-0.1
07:36:06,"[365.14, 42]","[362.59, 29]","[374.0, 45]","[379.22, 36]",369.57,152,8.86,-0.07
07:36:07,"[359.18, 49]","[356.73, 49]","[373.56, 41]","[376.11, 38]",366.37,177,14.38,0.11
07:36:08,"[360.36, 42]","[357.5, 56]","[370.86, 14]","[376.41, 41]",365.61,153,10.5,0.28
07:36:09,"[362.7, 43]","[360.17, 36]","[369.47, 17]","[370.47, 17]",366.08,113,6.77,0.4
07:36:10,"[363.54, 13]","[362.11, 27]","[368.56, 9]","[369.56, 9]",366.05,58,5.02,0.38
07:36:11,"[372.4, 20]","[365.27, 33]","[376.82, 49]","[379.15, 13]",374.61,115,4.42,-0.08
07:36:12,"[369.38, 16]","[361.35, 37]","[376.64, 56]","[378.74, 19]",373.01,128,7.27,-0.17
07:36:13,"[370.34, 50]","[368.9, 20]","[373.73, 26]","[376.14, 56]",372.04,152,3.39,-0.08
07:36:14,"[370.0, 30]","[368.0, 10]","[381.71, 28]","[382.53, 34]",375.86,102,11.71,-0.22
07:36:15,"[370.0, 33]","[368.0, 11]","[381.18, 44]","[383.0, 33]",375.59,121,11.18,-0.27
07:36:16,"[370.0, 27]","[368.0, 9]","[381.0, 36]","[384.46, 26]",375.5,98,11.0,-0.27
07:36:17,"[370.0, 21]","[368.0, 7]","[381.0, 28]","[387.0, 14]",375.5,70,11.0,-0.2
07:36:18,"[370.0, 24]","[368.0, 8]","[381.0, 32]","[387.0, 16]",375.5,80,11.0,-0.2
07:36:19,"[369.48, 23]","[362.76, 17]","[381.29, 42]","[387.05, 21]",375.38,103,11.81,-0.22
07:36:20,"[370.67, 24]","[367.14, 14]","[387.0, 24]","[388.0, 12]",378.83,74,16.33,0.03
07:36:21,"[374.0, 24]","[370.0, 24]","[381.0, 36]","[387.41, 17]",377.5,101,7.0,-0.05
07:36:22,"[374.0, 8]","[370.0, 10]","[381.0, 15]","[387.18, 11]",377.5,44,7.0,-0.18
07:36:23,"[374.0, 12]","[368.95, 19]","[385.26, 38]","[388.27, 26]",379.63,95,11.26,-0.35
07:36:24,"[374.0, 12]","[366.0, 12]","[381.0, 48]","[387.0, 36]",377.5,108,7.0,-0.56
07:36:25,"[371.11, 9]","[363.82, 11]","[381.0, 36]","[386.44, 27]",376.06,83,9.89,-0.52
07:36:26,"[361.0, 13]","[360.0, 26]","[380.58, 48]","[385.02, 41]",370.79,128,19.58,-0.39
07:36:27,"[368.53, 15]","[360.82, 11]","[380.62, 26]","[382.88, 32]",374.57,84,12.08,-0.38
07:36:28,"[376.0, 49]","[364.88, 8]","[380.0, 16]","[382.0, 32]",378.0,105,4.0,0.09
07:36:29,"[376.0, 84]","[367.71, 14]","[379.0, 28]","[382.0, 56]",377.5,182,3.0,0.08
07:36:30,"[376.0, 108]","[370.67, 18]","[377.78, 36]","[384.22, 72]",376.89,234,1.78,0.08
07:36:31,"[376.0, 60]","[374.0, 12]","[377.0, 20]","[386.0, 64]",376.5,156,1.0,-0.08
07:36:32,"[376.0, 56]","[374.0, 20]","[381.2, 30]","[386.2, 60]",378.6,166,5.2,-0.08
07:36:33,"[374.0, 7]","[371.0, 7]","[386.0, 49]","[389.9, 20]",380.0,83,12.0,-0.66
07:36:34,"[374.0, 7]","[371.0, 7]","[386.0, 49]","[389.38, 16]",380.0,79,12.0,-0.65
07:36:35,"[374.0, 11]","[371.0, 11]","[384.0, 33]","[385.18, 57]",379.0,112,10.0,-0.61
07:36:36,"[374.0, 16]","[371.0, 16]","[377.89, 64]","[380.66, 32]",375.95,128,3.89,-0.5
07:36:37,"[373.75, 12]","[370.85, 13]","[375.66, 56]","[378.5, 14]",374.71,95,1.91,-0.47
07:36:38,"[370.39, 23]","[369.44, 25]","[374.57, 28]","[377.23, 47]",372.48,123,4.18,-0.22
07:36:39,"[368.0, 14]","[366.0, 28]","[370.0, 14]","[371.43, 14]",369.0,70,2.0,0.2
07:36:40,"[366.0, 18]","[360.0, 36]","[369.47, 17]","[374.67, 12]",367.74,83,3.47,0.3
07:36:41,"[360.26, 46]","[358.31, 26]","[366.84, 25]","[377.0, 21]",363.55,118,6.58,0.22
07:36:42,"[360.9, 120]","[359.78, 54]","[363.72, 18]","[365.11, 57]",362.31,249,2.82,0.4
07:36:43,"[363.77, 44]","[363.07, 88]","[374.69, 42]","[376.06, 34]",369.23,208,10.92,0.27
07:36:44,"[369.04, 118]","[366.23, 117]","[375.0, 70]","[378.0, 56]",372.02,361,5.96,0.3
07:36:45,"[369.0, 88]","[368.0, 144]","[374.12, 16]","[375.29, 41]",371.56,289,5.12,0.61
07:36:46,"[369.0, 75]","[368.0, 180]","[372.0, 15]","[375.13, 30]",370.5,300,3.0,0.7
07:36:47,"[369.0, 45]","[368.0, 108]","[370.33, 9]","[376.0, 18]",369.67,180,1.33,0.7
07:36:48,"[368.39, 59]","[367.42, 93]","[370.0, 10]","[379.2, 20]",369.19,182,1.61,0.67
07:36:49,"[368.0, 120]","[362.0, 30]","[370.0, 10]","[380.0, 20]",369.0,180,2.0,0.67
07:36:50,"[368.0, 96]","[362.0, 24]","[370.0, 8]","[380.0, 16]",369.0,144,2.0,0.67
07:36:51,"[368.0, 120]","[362.0, 30]","[379.07, 15]","[384.62, 26]",373.53,191,11.07,0.57
07:36:52,"[369.46, 89]","[367.99, 163]","[379.43, 42]","[383.14, 42]",374.44,336,9.97,0.5
07:36:53,"[370.73, 22]","[369.96, 50]","[379.0, 18]","[382.0, 18]",374.86,108,8.27,0.33
07:36:54,"[369.4, 77]","[368.37, 153]","[378.33, 30]","[383.58, 62]",373.87,322,8.93,0.43
07:36:55,"[369.0, 117]","[368.0, 156]","[377.46, 26]","[384.0, 82]",373.23,381,8.46,0.43
07:36:56,"[369.0, 90]","[368.0, 120]","[374.4, 20]","[383.64, 44]",371.7,274,5.4,0.53
07:36:57,"[369.75, 72]","[368.77, 105]","[374.0, 22]","[383.0, 66]",371.88,265,4.25,0.34
07:36:58,"[370.0, 60]","[369.0, 90]","[374.0, 20]","[382.72, 58]",372.0,228,4.0,0.32
07:36:59,"[370.0, 36]","[369.0, 54]","[374.0, 12]","[381.4, 30]",372.0,132,4.0,0.36
07:37:00,"[370.0, 78]","[369.0, 117]","[373.08, 26]","[382.88, 50]",371.54,271,3.08,0.44
07:37:01,"[370.0, 60]","[369.0, 90]","[372.0, 20]","[382.27, 22]",371.0,192,2.0,0.56
07:37:02,"[370.98, 43]","[369.44, 96]","[380.12, 32]","[384.39, 46]",375.55,217,9.15,0.28
07:37:03,"[376.0, 9]","[370.0, 54]","[382.57, 21]","[385.47, 30]",379.29,114,6.57,0.11
07:37:04,"[376.0, 14]","[370.0, 84]","[380.43, 42]","[384.71, 28]",378.21,168,4.43,0.17
07:37:05,"[376.0, 11]","[370.0, 66]","[379.55, 33]","[385.18, 22]",377.77,132,3.55,0.17
07:37:06,"[372.21, 19]","[369.48, 63]","[379.0, 33]","[386.0, 22]",375.61,137,6.79,0.2
07:37:07,"[370.0, 27]","[369.0, 27]","[379.0, 27]","[386.0, 18]",374.5,99,9.0,0.09
07:37:08,"[369.76, 25]","[368.47, 45]","[379.0, 27]","[386.0, 18]",374.38,115,9.24,0.22
07:37:09,"[368.93, 54]","[368.04, 46]","[378.08, 39]","[380.71, 34]",373.5,173,9.15,0.16
07:37:10,"[369.26, 78]","[368.0, 228]","[375.68, 57]","[377.11, 57]",372.47,420,6.43,0.46
07:37:11,"[370.82, 22]","[368.0, 132]","[373.82, 33]","[377.0, 33]",372.32,220,3.0,0.4
07:37:12,"[374.23, 26]","[368.31, 67]","[375.75, 36]","[384.2, 45]",374.99,174,1.52,0.07
07:37:13,"[368.54, 117]","[366.38, 39]","[376.67, 36]","[386.0, 48]",372.6,240,8.13,0.3
07:37:14,"[368.0, 144]","[366.0, 48]","[376.0, 36]","[386.83, 48]",372.0,276,8.0,0.39
07:37:15,"[368.0, 120]","[366.0, 40]","[376.0, 30]","[387.57, 35]",372.0,225,8.0,0.42
07:37:16,"[366.77, 52]","[363.38, 32]","[376.0, 33]","[388.0, 44]",371.38,161,9.23,0.04
07:37:17,"[367.67, 36]","[366.0, 36]","[375.56, 27]","[387.29, 34]",371.61,133,7.89,0.08
07:37:18,"[368.0, 36]","[366.0, 44]","[375.0, 33]","[381.87, 30]",371.5,143,7.0,0.12
07:37:19,"[369.0, 38]","[365.83, 48]","[374.06, 48]","[384.94, 64]",371.53,198,5.06,-0.13
07:37:20,"[361.7, 20]","[358.56, 50]","[373.0, 30]","[384.0, 40]",367.35,140,11.3,0.0
07:37:21,"[360.54, 26]","[358.18, 56]","[370.92, 39]","[383.43, 37]",365.73,158,10.38,0.04
07:37:22,"[359.59, 34]","[358.19, 43]","[368.57, 49]","[371.0, 27]",364.08,153,8.98,0.01
07:37:23,"[361.54, 65]","[359.0, 26]","[367.2, 49]","[368.55, 55]",364.37,195,5.67,-0.07
07:37:24,"[362.36, 70]","[359.0, 28]","[364.29, 52]","[366.44, 52]",363.32,202,1.93,-0.03
07:37:25,"[360.33, 36]","[355.77, 26]","[364.54, 41]","[376.16, 43]",362.43,146,4.2,-0.15
07:37:26,"[357.83, 107]","[353.15, 26]","[359.19, 62]","[362.39, 49]",358.51,244,1.36,0.09
07:37:27,"[354.5, 32]","[347.67, 24]","[363.75, 36]","[361.89, 36]",359.12,128,9.25,-0.12
07:37:28,"[351.0, 16]","[346.0, 16]","[363.5, 24]","[370.55, 20]",357.25,76,12.5,-0.16
07:37:29,"[351.0, 18]","[346.0, 18]","[367.91, 22]","[373.68, 34]",359.45,92,16.91,-0.22
07:37:30,"[351.0, 14]","[346.0, 14]","[359.29, 21]","[362.53, 19]",355.14,68,8.29,-0.18
07:37:31,"[351.0, 14]","[346.0, 14]","[359.0, 21]","[360.0, 21]",355.0,70,8.0,-0.2
07:37:32,"[351.07, 15]","[346.62, 16]","[358.62, 24]","[360.0, 24]",354.85,79,7.56,-0.22
07:37:33,"[352.0, 12]","[351.0, 24]","[357.67, 36]","[360.0, 36]",354.83,108,5.67,-0.33
07:37:34,"[352.0, 35]","[345.6, 30]","[357.41, 34]","[362.42, 36]",354.71,135,5.41,-0.04
07:37:35,"[352.0, 33]","[343.25, 32]","[358.0, 18]","[365.0, 9]",355.0,92,6.0,0.41
07:37:36,"[352.07, 68]","[347.09, 66]","[364.0, 28]","[367.12, 17]",358.04,179,11.93,0.5
07:37:37,"[353.0, 12]","[352.0, 72]","[365.0, 24]","[368.0, 12]",359.0,120,12.0,0.4
07:37:38,"[360.11, 27]","[352.18, 22]","[365.0, 14]","[368.0, 7]",362.56,70,4.89,0.4
07:37:39,"[354.0, 14]","[352.71, 84]","[364.5, 40]","[366.67, 18]",359.25,156,10.5,0.26
07:37:40,"[354.96, 171]","[353.81, 111]","[363.17, 59]","[365.0, 30]",359.06,371,8.21,0.52
07:37:41,"[357.0, 405]","[356.0, 15]","[362.27, 45]","[363.58, 36]",359.63,501,5.27,0.68
07:37:42,"[357.28, 177]","[350.88, 41]","[361.71, 34]","[363.43, 42]",359.49,294,4.43,0.48
07:37:43,"[359.53, 15]","[356.96, 27]","[365.0, 23]","[367.0, 28]",362.27,93,5.47,-0.1
07:37:44,"[361.87, 15]","[358.45, 22]","[372.46, 26]","[378.76, 17]",367.16,80,10.59,-0.07
07:37:45,"[366.41, 27]","[364.68, 22]","[371.82, 44]","[376.23, 22]",369.11,115,5.41,-0.15
07:37:46,"[368.71, 24]","[367.29, 14]","[371.0, 28]","[376.0, 14]",369.85,80,2.29,-0.05
07:37:47,"[369.0, 18]","[368.0, 10]","[371.65, 17]","[403.25, 12]",370.32,57,2.65,-0.02
07:37:48,"[369.0, 6]","[368.0, 6]","[378.0, 6]","[514.62, 8]",373.5,26,9.0,-0.08
07:37:49,"[360.22, 18]","[357.48, 21]","[378.0, 11]","[592.0, 11]",369.11,61,17.78,0.28
07:37:50,"[354.0, 21]","[350.0, 30]","[378.0, 7]","[607.29, 7]",366.0,65,24.0,0.57
07:37:51,"[357.43, 42]","[353.83, 35]","[378.0, 9]","[457.55, 11]",367.71,97,20.57,0.59
07:37:52,"[358.0, 39]","[355.0, 108]","[368.0, 65]","[377.46, 13]",363.0,225,10.0,0.31
07:37:53,"[358.0, 24]","[355.0, 72]","[368.0, 40]","[376.0, 12]",363.0,148,10.0,0.3
07:37:54,"[358.0, 33]","[355.0, 69]","[368.0, 49]","[375.0, 33]",363.0,184,10.0,0.11
07:37:55,"[358.0, 33]","[355.0, 33]","[367.18, 33]","[372.18, 33]",362.59,132,9.18,0.0
07:37:56,"[358.0, 33]","[355.0, 33]","[359.0, 33]","[369.0, 30]",358.5,129,1.0,0.02
07:37:57,"[356.88, 24]","[354.62, 24]","[359.0, 24]","[366.71, 17]",357.94,89,2.12,0.08
07:37:58,"[355.0, 27]","[354.0, 27]","[358.53, 17]","[362.76, 25]",356.76,96,3.53,0.12
07:37:59,"[355.33, 45]","[354.14, 42]","[358.55, 33]","[367.96, 49]",356.94,169,3.21,0.03
07:38:00,"[352.0, 35]","[350.57, 35]","[358.67, 36]","[367.32, 50]",355.33,156,6.67,-0.1
07:38:01,"[353.57, 84]","[347.76, 25]","[358.0, 22]","[359.0, 33]",355.79,164,4.43,0.33
07:38:02,"[346.0, 22]","[343.0, 33]","[358.0, 22]","[359.0, 33]",352.0,110,12.0,0.0
07:38:03,"[346.0, 30]","[343.0, 45]","[358.0, 23]","[359.0, 45]",352.0,143,12.0,0.05
07:38:04,"[347.5, 16]","[343.48, 25]","[359.0, 27]","[360.0, 18]",353.25,86,11.5,-0.05
07:38:05,"[356.5, 16]","[345.86, 29]","[359.14, 42]","[360.38, 39]",357.82,126,2.64,-0.29
07:38:06,"[346.0, 38]","[341.58, 19]","[365.13, 38]","[364.9, 52]",355.57,147,19.13,-0.22
07:38:07,"[346.0, 12]","[341.0, 6]","[365.17, 12]","[367.5, 12]",355.58,42,19.17,-0.14
07:38:08,"[346.0, 24]","[341.0, 12]","[363.33, 27]","[364.16, 38]",354.67,101,17.33,-0.29
07:38:09,"[346.0, 14]","[341.0, 7]","[363.0, 14]","[364.0, 28]",354.5,63,17.0,-0.33
07:38:10,"[345.0, 24]","[343.52, 25]","[361.31, 26]","[363.1, 20]",353.15,95,16.31,0.03
07:38:11,"[345.81, 62]","[344.53, 38]","[361.0, 64]","[364.93, 42]",353.4,206,15.19,-0.03
07:38:12,"[346.35, 62]","[345.77, 71]","[360.04, 48]","[362.4, 43]",353.2,224,13.69,0.19
07:38:13,"[347.55, 22]","[346.0, 55]","[358.64, 25]","[360.45, 22]",353.09,124,11.09,0.24
07:38:14,"[348.0, 22]","[344.73, 55]","[357.64, 28]","[358.44, 27]",352.82,132,9.64,0.17
07:38:15,"[348.0, 22]","[344.0, 55]","[356.55, 22]","[358.0, 33]",352.27,132,8.55,0.17
07:38:16,"[348.36, 22]","[344.0, 55]","[356.0, 22]","[358.0, 33]",352.18,132,7.64,0.17
07:38:17,"[349.09, 22]","[344.0, 55]","[356.31, 26]","[358.39, 31]",352.7,134,7.22,0.15
07:38:18,"[350.68, 25]","[344.69, 61]","[360.0, 14]","[361.0, 28]",355.34,128,9.32,0.34
07:38:19,"[355.11, 19]","[353.69, 29]","[359.0, 24]","[360.86, 28]",357.05,100,3.89,-0.04
07:38:20,"[358.44, 18]","[354.0, 36]","[360.11, 19]","[361.64, 39]",359.27,112,1.66,-0.04
07:38:21,"[355.68, 56]","[352.58, 67]","[360.93, 28]","[366.57, 56]",358.3,207,5.25,0.19
07:38:22,"[356.62, 63]","[355.58, 72]","[366.73, 44]","[369.33, 18]",361.67,197,10.11,0.37
07:38:23,"[359.47, 68]","[357.0, 85]","[365.31, 77]","[367.6, 47]",362.39,277,5.84,0.1
07:38:24,"[361.75, 80]","[360.0, 64]","[365.0, 80]","[368.0, 64]",363.38,288,3.25,0.0
07:38:25,"[364.5, 60]","[362.84, 49]","[367.64, 33]","[371.3, 27]",366.07,169,3.14,0.29
07:38:26,"[366.65, 40]","[365.12, 68]","[370.97, 31]","[371.88, 17]",368.81,156,4.32,0.38
07:38:27,"[368.68, 57]","[366.38, 32]","[370.52, 25]","[374.92, 13]",369.6,127,1.84,0.4
07:38:28,"[362.71, 21]","[355.89, 37]","[371.4, 15]","[379.47, 15]",367.06,88,8.69,0.32
07:38:29,"[358.09, 109]","[357.8, 56]","[360.65, 46]","[367.0, 16]",359.37,227,2.56,0.45
07:38:30,"[358.0, 99]","[356.18, 11]","[361.39, 23]","[370.45, 11]",359.7,144,3.39,0.53
07:38:31,"[358.0, 81]","[354.0, 9]","[361.22, 9]","[365.0, 9]",359.61,108,3.22,0.67
07:38:32,"[358.0, 81]","[354.0, 9]","[362.67, 9]","[368.11, 9]",360.33,108,4.67,0.67
07:38:33,"[358.52, 93]","[354.0, 13]","[360.0, 13]","[361.14, 57]",359.26,176,1.48,0.2
07:38:34,"[359.0, 37]","[354.0, 14]","[360.0, 14]","[361.0, 70]",359.5,135,1.0,-0.24
07:38:35,"[354.0, 7]","[350.0, 35]","[361.0, 35]","[365.0, 7]",357.5,84,7.0,0.0
07:38:36,"[353.5, 4]","[350.0, 20]","[361.0, 20]","[365.0, 4]",357.25,48,7.5,0.0
07:38:37,"[352.77, 31]","[350.29, 41]","[361.0, 65]","[365.0, 13]",356.89,150,8.23,-0.04
07:38:38,"[354.83, 42]","[353.15, 48]","[369.25, 48]","[377.33, 18]",362.04,156,14.42,0.15
07:38:39,"[360.16, 19]","[358.38, 47]","[368.0, 23]","[374.57, 14]",364.08,103,7.84,0.28
07:38:40,"[364.0, 18]","[362.15, 26]","[368.0, 16]","[378.0, 16]",366.0,76,4.0,0.16
07:38:41,"[368.06, 16]","[361.09, 33]","[375.22, 18]","[442.47, 15]",371.64,82,7.16,0.2
07:38:42,"[369.33, 18]","[368.86, 28]","[373.0, 40]","[443.23, 13]",371.17,99,3.67,-0.07
07:38:43,"[369.2, 30]","[368.8, 30]","[373.0, 48]","[384.0, 36]",371.1,144,3.8,-0.17
07:38:44,"[373.93, 27]","[370.7, 46]","[383.47, 19]","[407.71, 42]",378.7,134,9.55,0.09
07:38:45,"[376.0, 12]","[374.0, 53]","[382.75, 12]","[385.92, 36]",379.38,113,6.75,0.15
07:38:46,"[376.0, 11]","[374.0, 55]","[380.38, 13]","[384.84, 31]",378.19,110,4.38,0.2
07:38:47,"[376.0, 14]","[374.0, 70]","[378.43, 42]","[380.0, 14]",377.21,140,2.43,0.2
07:38:48,"[374.1, 42]","[370.92, 26]","[376.9, 20]","[381.64, 14]",375.5,102,2.8,0.33
07:38:49,"[372.06, 31]","[368.62, 16]","[374.98, 41]","[377.92, 24]",373.52,112,2.91,-0.16
07:38:50,"[369.0, 18]","[368.0, 13]","[372.77, 13]","[380.0, 13]",370.88,57,3.77,0.09
07:38:51,"[368.82, 11]","[365.65, 17]","[370.93, 14]","[379.18, 11]",369.87,53,2.11,0.06
07:38:52,"[365.5, 24]","[362.71, 51]","[369.53, 19]","[371.87, 31]",367.51,125,4.03,0.2
07:38:53,"[363.28, 50]","[360.0, 20]","[380.54, 26]","[382.71, 17]",371.91,113,17.26,0.24
07:38:54,"[370.0, 16]","[363.0, 64]","[378.26, 53]","[380.0, 22]",374.13,155,8.26,0.03
07:38:55,"[367.5, 8]","[360.19, 43]","[376.62, 32]","[378.0, 8]",372.06,91,9.12,0.12
07:38:56,"[365.0, 6]","[358.81, 37]","[376.0, 24]","[378.0, 6]",370.5,73,11.0,0.18
07:38:57,"[360.0, 19]","[357.62, 37]","[375.75, 16]","[376.32, 19]",367.88,91,15.75,0.23
07:38:58,"[359.38, 58]","[357.89, 73]","[373.75, 48]","[375.83, 42]",366.56,221,14.37,0.19
07:38:59,"[358.19, 81]","[357.62, 29]","[367.62, 37]","[371.56, 45]",362.9,192,9.44,0.15
07:39:00,"[359.5, 80]","[357.98, 86]","[363.75, 64]","[365.0, 32]",361.62,262,4.25,0.27
07:39:01,"[356.82, 91]","[352.57, 42]","[362.93, 59]","[365.44, 36]",359.88,228,6.11,0.17
07:39:02,"[351.72, 94]","[351.74, 121]","[359.36, 39]","[361.0, 84]",355.54,338,7.64,0.27
07:39:03,"[353.79, 76]","[352.09, 106]","[360.09, 35]","[362.85, 26]",356.94,243,6.3,0.5
07:39:04,"[354.75, 96]","[353.0, 16]","[361.35, 23]","[365.67, 18]",358.05,153,6.6,0.46
07:39:05,"[362.15, 89]","[354.93, 162]","[368.0, 64]","[371.0, 16]",365.07,331,5.85,0.52
07:39:06,"[368.24, 84]","[361.94, 34]","[370.2, 15]","[372.96, 45]",369.22,178,1.96,0.33
07:39:07,"[369.12, 73]","[367.94, 69]","[626.52, 44]","[712.05, 41]",497.82,227,257.4,0.25
07:39:08,"[371.0, 36]","[368.0, 63]","[469.41, 17]","[560.07, 28]",420.21,144,98.41,0.38
07:39:09,"[371.9, 40]","[369.38, 39]","[415.36, 11]","[666.0, 44]",393.63,134,43.46,0.18
07:39:10,"[372.0, 36]","[371.0, 36]","[409.36, 14]","[472.92, 37]",390.68,123,37.36,0.17
07:39:11,"[370.11, 28]","[367.8, 74]","[406.77, 13]","[437.62, 39]",388.44,154,36.66,0.32
07:39:12,"[374.36, 11]","[369.57, 14]","[405.86, 7]","[595.0, 21]",390.11,53,31.49,-0.06
07:39:13,"[367.0, 24]","[363.53, 30]","[404.55, 11]","[585.0, 19]",385.77,84,37.55,0.29
07:39:14,"[366.2, 30]","[364.48, 97]","[401.81, 21]","[403.91, 33]",384.0,181,35.61,0.4
07:39:15,"[367.62, 8]","[366.04, 78]","[400.41, 32]","[401.12, 16]",384.02,134,32.78,0.28
07:39:16,"[369.0, 6]","[366.07, 45]","[398.0, 6]","[400.0, 30]",383.5,87,29.0,0.17
07:39:17,"[369.0, 4]","[367.0, 20]","[397.0, 12]","[398.42, 12]",383.0,48,28.0,0.0
07:39:18,"[369.0, 6]","[367.0, 30]","[394.71, 14]","[395.09, 22]",381.86,72,25.71,0.0
07:39:19,"[369.0, 8]","[367.0, 40]","[375.46, 24]","[390.79, 28]",372.23,100,6.46,-0.04
07:39:20,"[367.24, 34]","[366.19, 104]","[369.8, 50]","[374.2, 50]",368.52,238,2.56,0.16
07:39:21,"[367.0, 30]","[366.0, 126]","[368.0, 29]","[378.0, 45]",367.5,230,1.0,0.36
07:39:22,"[366.0, 112]","[286.53, 38]","[377.31, 16]","[378.24, 34]",371.66,200,11.31,0.5
07:39:23,"[366.0, 98]","[299.55, 44]","[372.5, 40]","[375.0, 10]",369.25,192,6.5,0.48
07:39:24,"[366.0, 36]","[293.0, 20]","[368.62, 13]","[370.38, 13]",367.31,82,2.62,0.37
07:39:25,"[366.0, 60]","[293.71, 34]","[367.8, 15]","[369.38, 29]",366.9,138,1.8,0.36
07:39:26,"[366.0, 52]","[302.0, 16]","[367.07, 30]","[378.35, 23]",366.53,121,1.07,0.12
07:39:27,"[314.63, 27]","[246.35, 26]","[365.2, 30]","[371.57, 28]",339.91,111,50.57,-0.05
07:39:28,"[277.76, 34]","[185.36, 25]","[358.0, 18]","[366.59, 37]",317.88,114,80.24,0.04
07:39:29,"[268.21, 19]","[230.5, 14]","[358.0, 8]","[362.67, 18]",313.11,59,89.79,0.12
07:39:30,"[269.0, 20]","[243.79, 19]","[358.0, 7]","[360.17, 24]",313.5,70,89.0,0.11
07:39:31,"[298.5, 24]","[246.91, 22]","[358.8, 15]","[360.15, 26]",328.65,87,60.3,0.06
07:39:32,"[328.76, 37]","[306.55, 33]","[359.0, 42]","[360.0, 10]",343.88,122,30.24,0.15
07:39:33,"[332.19, 36]","[330.71, 24]","[359.0, 12]","[360.0, 12]",345.6,84,26.81,0.43
07:39:34,"[335.0, 24]","[333.0, 6]","[368.2, 10]","[378.3, 10]",351.6,50,33.2,0.2
07:39:35,"[345.65, 75]","[335.17, 24]","[371.89, 27]","[731.0, 18]",358.77,144,26.24,0.38
07:39:36,"[347.31, 116]","[343.88, 32]","[366.64, 55]","[368.0, 33]",356.97,236,19.33,0.25
07:39:37,"[355.44, 41]","[352.65, 31]","[365.32, 76]","[367.33, 45]",360.38,193,9.88,-0.25
07:39:38,"[357.92, 13]","[356.85, 39]","[362.4, 30]","[369.6, 30]",360.16,112,4.48,-0.07
07:39:39,"[359.46, 13]","[357.29, 38]","[367.04, 53]","[391.39, 49]",363.25,153,7.58,-0.33
07:39:40,"[362.1, 21]","[357.38, 39]","[370.35, 46]","[378.0, 68]",366.22,174,8.25,-0.31
07:39:41,"[365.0, 11]","[363.71, 14]","[370.0, 15]","[371.0, 25]",367.5,65,5.0,-0.23
07:39:42,"[365.24, 41]","[334.62, 146]","[369.86, 28]","[370.94, 64]",367.55,279,4.61,0.34
07:39:43,"[366.84, 43]","[364.8, 45]","[369.0, 32]","[372.8, 30]",367.92,150,2.16,0.17
07:39:44,"[369.0, 16]","[368.0, 16]","[372.0, 16]","[379.0, 40]",370.5,88,3.0,-0.27
07:39:45,"[369.0, 22]","[368.0, 22]","[372.0, 22]","[379.11, 53]",370.5,119,3.0,-0.26
07:39:46,"[369.0, 24]","[368.0, 12]","[372.0, 12]","[380.58, 19]",370.5,67,3.0,0.07
07:39:47,"[369.0, 50]","[368.0, 22]","[373.17, 24]","[379.14, 43]",371.08,139,4.17,0.04
07:39:48,"[369.0, 14]","[368.0, 14]","[376.31, 13]","[381.64, 25]",372.65,66,7.31,-0.15
07:39:49,"[369.0, 14]","[368.0, 14]","[371.86, 7]","[381.38, 16]",370.43,51,2.86,0.1
07:39:50,"[369.0, 24]","[368.0, 24]","[370.67, 12]","[373.17, 12]",369.83,72,1.67,0.33
07:39:51,"[372.5, 16]","[368.58, 24]","[376.58, 12]","[379.0, 12]",374.54,64,4.08,0.25
07:39:52,"[376.0, 9]","[368.0, 18]","[377.0, 9]","[379.0, 9]",376.5,45,1.0,0.2
07:39:53,"[376.0, 7]","[368.97, 62]","[377.0, 7]","[379.0, 7]",376.5,83,1.0,0.66
07:39:54,"[369.4, 53]","[368.71, 42]","[377.0, 9]","[379.0, 9]",373.2,113,7.6,0.68
07:39:55,"[370.0, 80]","[369.0, 50]","[377.0, 10]","[379.0, 10]",373.5,150,7.0,0.73
07:39:56,"[370.0, 32]","[369.0, 20]","[376.5, 4]","[378.0, 4]",373.25,60,6.5,0.73
07:39:57,"[370.0, 72]","[369.0, 45]","[375.56, 9]","[377.0, 9]",372.78,135,5.56,0.73
07:39:58,"[370.0, 70]","[369.0, 70]","[373.57, 14]","[377.94, 17]",371.79,171,3.57,0.64
07:39:59,"[370.0, 30]","[369.0, 30]","[373.0, 6]","[384.0, 24]",371.5,90,3.0,0.33
07:40:00,"[370.0, 20]","[369.0, 40]","[372.75, 8]","[383.62, 32]",371.38,100,2.75,0.2
07:40:01,"[370.0, 27]","[369.0, 90]","[378.08, 48]","[381.52, 42]",374.04,207,8.08,0.13
07:40:02,"[369.44, 36]","[368.43, 56]","[379.0, 48]","[388.0, 12]",374.22,152,9.56,0.21
07:40:03,"[371.33, 72]","[369.59, 37]","[378.24, 17]","[379.14, 63]",374.78,189,6.9,0.15
07:40:04,"[372.12, 102]","[370.76, 34]","[376.47, 57]","[376.65, 49]",374.3,242,4.36,0.12
07:40:05,"[373.0, 78]","[371.0, 26]","[375.0, 13]","[376.0, 65]",374.0,182,2.0,0.14
07:40:06,"[373.0, 73]","[371.0, 26]","[374.08, 13]","[376.23, 62]",373.54,174,1.08,0.14
07:40:07,"[370.44, 18]","[368.65, 34]","[380.43, 14]","[384.11, 18]",375.44,84,9.98,0.24
07:40:08,"[368.0, 56]","[367.0, 20]","[383.0, 20]","[385.0, 20]",375.5,116,15.0,0.31
07:40:09,"[368.0, 36]","[367.0, 16]","[383.0, 16]","[385.0, 16]",375.5,84,15.0,0.24
07:40:10,"[368.0, 32]","[367.0, 26]","[383.0, 26]","[385.0, 26]",375.5,110,15.0,0.05
07:40:11,"[368.0, 20]","[367.0, 20]","[376.54, 13]","[383.6, 20]",372.27,73,8.54,0.1
07:40:12,"[368.0, 24]","[367.0, 24]","[377.0, 38]","[385.79, 38]",372.5,124,9.0,-0.23
07:40:13,"[373.0, 70]","[368.98, 43]","[383.91, 44]","[388.64, 56]",378.45,213,10.91,0.06
07:40:14,"[373.0, 80]","[370.0, 112]","[382.41, 22]","[383.68, 44]",377.7,258,9.41,0.49
07:40:15,"[373.0, 65]","[370.0, 91]","[379.0, 28]","[380.69, 29]",376.0,213,6.0,0.46
07:40:16,"[373.0, 75]","[370.0, 105]","[378.0, 15]","[380.6, 60]",375.5,255,5.0,0.41
07:40:17,"[371.08, 50]","[369.58, 72]","[379.0, 20]","[382.62, 26]",375.04,168,7.92,0.45
07:40:18,"[372.78, 27]","[369.71, 42]","[382.0, 28]","[386.0, 21]",377.39,118,9.22,0.17
07:40:19,"[375.0, 27]","[370.0, 54]","[382.0, 36]","[386.0, 27]",378.5,144,7.0,0.12
07:40:20,"[375.0, 30]","[370.0, 60]","[382.0, 40]","[386.0, 30]",378.5,160,7.0,0.12
07:40:21,"[375.0, 51]","[370.31, 67]","[382.95, 63]","[386.65, 46]",378.98,227,7.95,0.04
07:40:22,"[375.0, 24]","[373.0, 8]","[383.14, 28]","[387.2, 20]",379.07,80,8.14,-0.2
07:40:23,"[375.0, 33]","[373.0, 11]","[381.0, 44]","[384.0, 33]",378.0,121,6.0,-0.27
07:40:24,"[374.0, 36]","[372.17, 12]","[380.1, 50]","[382.15, 39]",377.05,137,6.1,-0.3
07:40:25,"[369.0, 63]","[367.89, 74]","[377.88, 68]","[380.53, 57]",373.44,262,8.88,0.05
07:40:26,"[369.09, 76]","[368.36, 173]","[373.56, 86]","[375.17, 76]",371.33,411,4.47,0.21
07:40:27,"[368.62, 65]","[368.28, 117]","[371.33, 66]","[374.75, 51]",369.97,299,2.72,0.22
07:40:28,"[368.03, 89]","[367.43, 70]","[370.0, 52]","[386.47, 38]",369.02,249,1.97,0.28
07:40:29,"[368.0, 83]","[367.0, 48]","[372.07, 30]","[382.21, 56]",370.03,217,4.07,0.21
07:40:30,"[368.0, 15]","[367.0, 20]","[387.0, 20]","[389.0, 10]",377.5,65,19.0,0.08
07:40:31,"[368.0, 27]","[367.0, 36]","[383.0, 36]","[389.21, 28]",375.5,127,15.0,-0.01
07:40:32,"[368.0, 27]","[367.0, 36]","[383.0, 36]","[388.14, 37]",375.5,136,15.0,-0.07
07:40:33,"[368.0, 18]","[367.0, 24]","[383.0, 24]","[388.0, 24]",375.5,90,15.0,-0.07
07:40:34,"[368.0, 24]","[367.0, 32]","[376.33, 27]","[384.88, 32]",372.17,115,8.33,-0.03
07:40:35,"[368.0, 45]","[367.0, 60]","[381.26, 61]","[385.77, 79]",374.63,245,13.26,-0.14
07:40:36,"[370.3, 67]","[367.09, 66]","[379.74, 82]","[380.73, 82]",375.02,297,9.45,-0.1
07:40:37,"[375.0, 110]","[368.0, 30]","[378.0, 40]","[379.0, 90]",376.5,270,3.0,0.04
07:40:38,"[375.0, 165]","[368.0, 45]","[377.07, 113]","[381.4, 70]",376.04,393,2.07,0.07
07:40:39,"[375.0, 160]","[371.14, 126]","[376.0, 100]","[380.0, 80]",375.5,466,1.0,0.23
07:40:40,"[375.0, 49]","[372.0, 63]","[376.0, 35]","[383.0, 28]",375.5,175,1.0,0.28
07:40:41,"[375.0, 48]","[372.0, 81]","[376.0, 45]","[383.67, 36]",375.5,210,1.0,0.23
07:40:42,"[375.0, 24]","[372.0, 108]","[376.0, 60]","[383.29, 21]",375.5,213,1.0,0.24
07:40:43,"[375.0, 20]","[372.0, 90]","[376.0, 50]","[381.0, 10]",375.5,170,1.0,0.29
07:40:44,"[375.0, 11]","[372.0, 63]","[376.0, 35]","[381.0, 7]",375.5,116,1.0,0.28
07:40:45,"[372.5, 66]","[371.55, 134]","[376.42, 60]","[385.5, 28]",374.46,288,3.92,0.39
07:40:46,"[372.0, 77]","[368.0, 21]","[380.56, 9]","[383.14, 7]",376.28,114,8.56,0.72
07:40:47,"[372.0, 176]","[368.0, 48]","[378.25, 32]","[381.06, 16]",375.12,272,6.25,0.65
07:40:48,"[372.0, 110]","[367.64, 33]","[376.7, 20]","[385.6, 10]",374.35,173,4.7,0.65
07:40:49,"[372.0, 88]","[366.0, 48]","[374.68, 19]","[380.91, 11]",373.34,166,2.68,0.64
07:40:50,"[372.0, 119]","[366.14, 70]","[373.46, 35]","[384.33, 60]",372.73,284,1.46,0.33
07:40:51,"[372.0, 90]","[367.0, 28]","[374.94, 31]","[385.23, 69]",373.47,218,2.94,0.08
07:40:52,"[372.21, 78]","[368.46, 35]","[385.0, 55]","[389.0, 44]",378.6,212,12.79,0.07
07:40:53,"[374.0, 117]","[372.0, 105]","[385.0, 75]","[389.0, 60]",379.5,357,11.0,0.24
07:40:54,"[374.0, 45]","[372.15, 33]","[385.0, 45]","[389.0, 36]",379.5,159,11.0,-0.02
07:40:55,"[374.0, 45]","[373.0, 9]","[387.0, 40]","[390.67, 36]",380.5,130,13.0,-0.17
07:40:56,"[374.0, 45]","[373.0, 9]","[388.0, 12]","[391.36, 56]",381.0,122,14.0,-0.11
07:40:57,"[374.0, 60]","[373.0, 12]","[387.0, 12]","[391.63, 41]",380.5,125,13.0,0.15
07:40:58,"[374.0, 80]","[373.0, 16]","[384.21, 52]","[385.39, 36]",379.11,184,10.21,0.04
07:40:59,"[373.53, 19]","[372.03, 65]","[382.38, 39]","[383.11, 27]",377.96,150,8.86,0.12
07:41:00,"[373.0, 11]","[372.0, 77]","[380.91, 55]","[382.0, 11]",376.95,154,7.91,0.14
07:41:01,"[373.0, 18]","[372.0, 126]","[377.11, 62]","[378.93, 46]",375.06,252,4.11,0.14
07:41:02,"[372.79, 19]","[371.76, 119]","[375.97, 72]","[377.17, 24]",374.38,234,3.18,0.18
07:41:03,"[372.0, 37]","[370.0, 140]","[376.24, 38]","[380.16, 32]",374.12,247,4.24,0.43
07:41:04,"[372.0, 33]","[370.0, 154]","[387.64, 47]","[389.75, 20]",379.82,254,15.64,0.47
07:41:05,"[372.0, 26]","[370.0, 154]","[389.0, 44]","[393.0, 14]",380.5,238,17.0,0.51
07:41:06,"[372.0, 35]","[370.0, 182]","[389.95, 42]","[473.71, 28]",380.98,287,17.95,0.51
07:41:07,"[372.0, 42]","[370.0, 196]","[390.4, 25]","[488.08, 38]",381.2,301,18.4,0.58
07:41:08,"[372.0, 39]","[370.0, 182]","[382.02, 66]","[386.82, 17]",377.01,304,10.02,0.45
07:41:09,"[372.0, 42]","[370.0, 196]","[380.65, 72]","[383.19, 16]",376.33,326,8.65,0.46
07:41:10,"[370.69, 55]","[369.91, 132]","[379.27, 62]","[381.42, 12]",374.98,261,8.58,0.43
07:41:11,"[370.0, 89]","[368.0, 22]","[378.27, 55]","[378.71, 31]",374.14,197,8.27,0.13
07:41:12,"[370.0, 63]","[368.0, 18]","[376.67, 45]","[378.0, 45]",373.33,171,6.67,-0.05
07:41:13,"[370.0, 91]","[368.0, 26]","[375.08, 65]","[378.0, 65]",372.54,247,5.08,-0.05
07:41:14,"[370.0, 112]","[368.0, 32]","[373.62, 80]","[375.56, 80]",371.81,304,3.62,-0.05
07:41:15,"[370.0, 63]","[368.0, 18]","[372.89, 45]","[375.0, 45]",371.44,171,2.89,-0.05
07:41:16,"[369.83, 70]","[367.77, 26]","[371.46, 65]","[375.39, 62]",370.65,223,1.63,-0.14
07:41:17,"[368.08, 24]","[367.08, 24]","[370.33, 60]","[382.8, 40]",369.21,148,2.25,-0.35
07:41:18,"[367.5, 32]","[366.5, 32]","[368.92, 50]","[383.15, 61]",368.21,175,1.42,-0.27
07:41:19,"[366.07, 28]","[364.07, 54]","[382.86, 42]","[384.95, 55]",374.46,179,16.79,-0.08
07:41:20,"[368.93, 87]","[366.0, 40]","[378.26, 34]","[379.83, 46]",373.6,207,9.33,0.23
07:41:21,"[369.0, 55]","[368.0, 44]","[374.67, 18]","[377.07, 15]",371.83,132,5.67,0.5
07:41:22,"[368.44, 50]","[366.65, 62]","[373.64, 22]","[375.43, 14]",371.04,148,5.2,0.51
07:41:23,"[368.0, 60]","[366.0, 90]","[370.0, 15]","[374.0, 30]",369.0,195,2.0,0.54
07:41:24,"[367.36, 56]","[365.54, 52]","[369.15, 20]","[371.5, 16]",368.25,144,1.79,0.5
07:41:25,"[367.0, 127]","[364.67, 48]","[369.0, 32]","[370.0, 16]",368.0,223,2.0,0.57
07:41:26,"[367.0, 28]","[364.79, 19]","[379.0, 16]","[382.5, 20]",373.0,83,12.0,0.13
07:41:27,"[367.0, 49]","[365.0, 35]","[379.0, 28]","[381.0, 35]",373.0,147,12.0,0.14
07:41:28,"[367.6, 53]","[366.65, 85]","[379.0, 44]","[381.0, 55]",373.3,237,11.4,0.16
07:41:29,"[368.16, 25]","[367.03, 130]","[379.0, 31]","[381.0, 35]",373.58,221,10.84,0.4
07:41:30,"[372.94, 69]","[369.79, 29]","[377.89, 57]","[380.31, 55]",375.42,210,4.95,-0.07
07:41:31,"[373.0, 58]","[372.0, 12]","[375.08, 36]","[377.0, 36]",374.04,142,2.08,-0.01
07:41:32,"[373.0, 28]","[372.0, 7]","[374.14, 21]","[375.29, 21]",373.57,77,1.14,-0.09
07:41:33,"[372.29, 34]","[369.09, 22]","[374.0, 30]","[375.0, 30]",373.15,116,1.71,-0.03
07:41:34,"[369.8, 30]","[367.28, 87]","[374.0, 27]","[375.0, 27]",371.9,171,4.2,0.37
07:41:35,"[368.0, 60]","[367.0, 331]","[372.53, 45]","[373.93, 45]",370.27,481,4.53,0.63
07:41:36,"[367.57, 49]","[366.95, 215]","[372.62, 39]","[379.92, 59]",370.09,362,5.04,0.46
07:41:37,"[367.0, 252]","[365.0, 60]","[382.88, 80]","[385.3, 76]",374.94,468,15.88,0.33
07:41:38,"[367.0, 231]","[365.0, 55]","[381.0, 22]","[385.09, 107]",374.0,415,14.0,0.38
07:41:39,"[367.0, 168]","[365.0, 40]","[380.12, 16]","[386.47, 76]",373.56,300,13.12,0.39
07:41:40,"[367.0, 252]","[365.0, 60]","[377.11, 19]","[382.95, 42]",372.05,373,10.11,0.67
07:41:41,"[367.0, 272]","[365.0, 70]","[379.44, 52]","[381.24, 71]",373.22,465,12.44,0.47
07:41:42,"[367.0, 231]","[364.85, 34]","[379.0, 42]","[381.62, 106]",373.0,413,12.0,0.28
07:41:43,"[371.15, 81]","[366.98, 179]","[377.47, 57]","[382.0, 126]",374.31,443,6.33,0.17
07:41:44,"[368.1, 132]","[366.95, 150]","[376.95, 60]","[382.0, 112]",372.52,454,8.85,0.24
07:41:45,"[368.29, 70]","[367.0, 154]","[375.14, 42]","[381.29, 70]",371.71,336,6.86,0.33
07:41:46,"[369.78, 45]","[367.0, 99]","[375.0, 27]","[381.0, 45]",372.39,216,5.22,0.33
07:41:47,"[372.89, 90]","[367.0, 198]","[375.0, 54]","[381.0, 90]",373.94,432,2.11,0.33
07:41:48,"[373.0, 33]","[367.0, 132]","[379.83, 54]","[381.71, 51]",376.42,270,6.83,0.22
07:41:49,"[373.0, 16]","[367.0, 99]","[381.0, 45]","[382.0, 36]",377.0,196,8.0,0.17
07:41:50,"[373.0, 8]","[367.0, 88]","[381.0, 40]","[382.0, 32]",377.0,168,8.0,0.14
07:41:51,"[373.0, 8]","[367.0, 88]","[381.0, 40]","[385.0, 32]",377.0,168,8.0,0.14
07:41:52,"[369.57, 49]","[367.23, 137]","[379.6, 43]","[384.67, 81]",374.59,310,10.03,0.2
07:41:53,"[371.0, 126]","[368.23, 171]","[377.9, 63]","[384.94, 105]",374.45,465,6.9,0.28
07:41:54,"[372.0, 12]","[369.0, 84]","[376.0, 36]","[384.0, 24]",374.0,156,4.0,0.23
07:41:55,"[372.0, 11]","[369.0, 77]","[375.0, 33]","[383.27, 22]",373.5,143,3.0,0.23
07:41:56,"[369.55, 60]","[367.92, 168]","[375.64, 45]","[383.0, 42]",372.6,315,6.09,0.45
07:41:57,"[369.0, 91]","[367.0, 169]","[378.48, 21]","[380.3, 33]",373.74,314,9.48,0.66
07:41:58,"[369.0, 91]","[367.0, 169]","[375.78, 23]","[377.23, 26]",372.39,309,6.78,0.68
07:41:59,"[369.0, 105]","[367.0, 148]","[373.32, 28]","[374.53, 19]",371.16,300,4.32,0.69
07:42:00,"[369.0, 63]","[367.0, 108]","[371.62, 13]","[372.57, 14]",370.31,198,2.62,0.73
07:42:01,"[369.0, 45]","[367.0, 132]","[370.0, 11]","[372.0, 22]",369.5,210,1.0,0.69
07:42:02,"[367.83, 18]","[364.86, 98]","[370.0, 12]","[381.9, 60]",368.92,188,2.17,0.23
07:42:03,"[366.0, 11]","[364.0, 110]","[368.92, 49]","[374.54, 26]",367.46,196,2.92,0.23
07:42:04,"[364.04, 112]","[362.62, 65]","[365.59, 34]","[376.46, 84]",364.81,295,1.55,0.2
07:42:05,"[366.4, 25]","[363.22, 23]","[384.58, 59]","[388.3, 43]",375.49,150,18.18,-0.36
07:42:06,"[368.0, 30]","[367.0, 10]","[386.0, 50]","[389.0, 30]",377.0,120,18.0,-0.33
07:42:07,"[368.29, 21]","[367.23, 13]","[386.0, 55]","[389.0, 39]",377.14,128,17.71,-0.47
07:42:08,"[366.5, 10]","[360.88, 40]","[385.87, 39]","[388.4, 52]",376.19,141,19.37,-0.29
07:42:09,"[368.0, 21]","[360.5, 56]","[382.11, 36]","[383.43, 14]",375.06,127,14.11,0.21
07:42:10,"[368.94, 17]","[361.0, 28]","[382.0, 30]","[383.0, 35]",375.47,110,13.06,-0.18
07:42:11,"[359.65, 51]","[356.8, 45]","[374.12, 17]","[379.88, 24]",366.88,137,14.47,0.4
07:42:12,"[361.05, 37]","[355.93, 87]","[378.0, 39]","[381.41, 51]",369.53,214,16.95,0.16
07:42:13,"[363.0, 50]","[361.0, 30]","[378.0, 30]","[379.7, 43]",370.5,153,15.0,0.05
07:42:14,"[363.0, 42]","[353.8, 60]","[378.0, 24]","[379.0, 32]",370.5,158,15.0,0.29
07:42:15,"[363.0, 11]","[353.0, 72]","[376.25, 24]","[378.0, 24]",369.62,131,13.25,0.27
07:42:16,"[369.3, 20]","[354.15, 61]","[373.93, 44]","[375.16, 44]",371.62,169,4.63,-0.04
07:42:17,"[364.08, 25]","[353.73, 79]","[376.4, 47]","[379.16, 50]",370.24,201,12.32,0.03
07:42:18,"[364.42, 57]","[362.53, 19]","[375.0, 11]","[377.0, 44]",369.71,131,10.58,0.16
07:42:19,"[365.0, 72]","[364.0, 36]","[374.0, 12]","[377.51, 49]",369.5,169,9.0,0.28
07:42:20,"[366.0, 96]","[362.73, 66]","[379.0, 36]","[382.0, 82]",372.5,280,13.0,0.16
07:42:21,"[367.0, 82]","[364.17, 69]","[377.33, 36]","[379.96, 49]",372.17,236,10.33,0.28
07:42:22,"[367.15, 66]","[366.32, 93]","[376.0, 36]","[380.0, 76]",371.58,271,8.85,0.17
07:42:23,"[368.55, 22]","[367.0, 66]","[376.0, 41]","[380.0, 55]",372.27,184,7.45,-0.04
07:42:24,"[369.99, 197]","[368.62, 32]","[376.0, 42]","[380.14, 64]",372.99,335,6.01,0.37
07:42:25,"[371.0, 115]","[370.67, 72]","[376.0, 30]","[380.71, 28]",373.5,245,5.0,0.53
07:42:26,"[374.0, 66]","[371.0, 240]","[375.31, 48]","[376.7, 43]",374.66,397,1.31,0.54
07:42:27,"[374.0, 30]","[371.7, 150]","[375.0, 30]","[376.0, 30]",374.5,240,1.0,0.5
07:42:28,"[372.0, 165]","[369.0, 22]","[375.09, 33]","[380.09, 22]",373.55,242,3.09,0.55
07:42:29,"[372.0, 180]","[369.0, 24]","[374.08, 36]","[382.0, 24]",373.04,264,2.08,0.55
07:42:30,"[372.0, 107]","[369.0, 20]","[377.2, 25]","[384.67, 30]",374.6,182,5.2,0.4
07:42:31,"[372.0, 56]","[369.0, 14]","[382.0, 14]","[387.7, 37]",377.0,121,10.0,0.16
07:42:32,"[372.0, 44]","[369.0, 24]","[382.0, 24]","[389.0, 84]",377.0,176,10.0,-0.23
07:42:33,"[372.0, 7]","[368.67, 12]","[381.92, 13]","[388.68, 44]",376.96,76,9.92,-0.5
07:42:34,"[372.0, 8]","[368.5, 20]","[381.0, 8]","[382.0, 16]",376.5,52,9.0,0.08
07:42:35,"[371.5, 6]","[368.92, 26]","[381.0, 6]","[382.0, 12]",376.25,50,9.5,0.28
07:42:36,"[369.0, 7]","[367.0, 7]","[379.14, 7]","[383.33, 18]",374.07,39,10.14,-0.28
07:42:37,"[366.0, 8]","[364.0, 40]","[376.8, 15]","[379.56, 9]",371.4,72,10.8,0.33
07:42:38,"[364.33, 18]","[361.5, 30]","[375.4, 10]","[376.29, 14]",369.87,72,11.07,0.33
07:42:39,"[364.0, 30]","[359.0, 30]","[373.33, 12]","[374.44, 18]",368.67,90,9.33,0.33
07:42:40,"[364.0, 15]","[359.0, 15]","[372.0, 10]","[373.0, 5]",368.0,45,8.0,0.33
07:42:41,"[364.12, 40]","[359.36, 42]","[370.4, 20]","[374.79, 28]",367.26,130,6.27,0.26
07:42:42,"[369.0, 16]","[364.0, 24]","[370.12, 16]","[377.62, 64]",369.56,120,1.12,-0.33
07:42:43,"[363.71, 14]","[360.62, 32]","[376.0, 28]","[378.71, 28]",369.86,102,12.29,-0.1
07:42:44,"[361.0, 20]","[355.91, 55]","[377.0, 40]","[381.0, 20]",369.0,135,16.0,0.11
07:42:45,"[361.0, 20]","[357.0, 90]","[376.57, 35]","[379.0, 30]",368.79,175,15.57,0.26
07:42:46,"[361.0, 16]","[357.0, 72]","[375.12, 24]","[377.0, 32]",368.06,144,14.12,0.22
07:42:47,"[361.0, 20]","[357.0, 90]","[374.6, 30]","[377.0, 40]",367.8,180,13.6,0.22
07:42:48,"[361.0, 24]","[357.0, 108]","[373.25, 36]","[377.08, 48]",367.12,216,12.25,0.22
07:42:49,"[361.0, 20]","[357.0, 90]","[372.6, 30]","[377.4, 40]",366.8,180,11.6,0.22
07:42:50,"[361.0, 12]","[357.0, 54]","[372.0, 18]","[376.0, 24]",366.5,108,11.0,0.22
07:42:51,"[361.41, 34]","[357.05, 146]","[369.98, 55]","[376.42, 66]",365.7,301,8.57,0.2
07:42:52,"[362.68, 62]","[359.58, 57]","[369.0, 90]","[370.0, 54]",365.84,263,6.32,-0.1
07:42:53,"[363.0, 32]","[356.28, 97]","[367.66, 38]","[368.57, 42]",365.33,209,4.66,0.23
07:42:54,"[359.27, 67]","[355.97, 131]","[364.65, 66]","[371.67, 42]",361.96,306,5.38,0.29
07:42:55,"[359.11, 36]","[357.9, 79]","[363.44, 80]","[379.0, 32]",361.27,227,4.33,0.01
07:42:56,"[361.0, 30]","[359.0, 30]","[363.0, 75]","[378.8, 55]",362.0,190,2.0,-0.37
07:42:57,"[359.6, 20]","[352.94, 34]","[362.22, 46]","[376.84, 44]",360.91,144,2.62,-0.25
07:42:58,"[354.0, 12]","[351.0, 54]","[362.0, 19]","[375.0, 24]",358.0,109,8.0,0.21
07:42:59,"[354.0, 34]","[350.0, 153]","[358.12, 59]","[360.99, 78]",356.06,324,4.12,0.15
07:43:00,"[351.7, 47]","[349.46, 78]","[355.38, 24]","[357.49, 47]",353.54,196,3.67,0.28
07:43:01,"[350.19, 85]","[290.09, 45]","[356.89, 19]","[361.94, 35]",353.54,184,6.71,0.41
07:43:02,"[347.67, 135]","[338.09, 172]","[357.1, 21]","[359.6, 60]",352.38,388,9.43,0.58
07:43:03,"[345.0, 90]","[342.0, 40]","[365.17, 18]","[365.0, 33]",355.08,181,20.17,0.44
07:43:04,"[344.41, 75]","[341.9, 39]","[366.97, 29]","[369.15, 39]",355.69,182,22.55,0.25
07:43:05,"[359.84, 32]","[345.62, 45]","[367.0, 65]","[370.05, 56]",363.42,198,7.16,-0.22
07:43:06,"[364.0, 20]","[349.0, 16]","[367.0, 40]","[373.0, 4]",365.5,80,3.0,-0.1
07:43:07,"[364.19, 37]","[359.25, 59]","[366.91, 77]","[367.76, 55]",365.55,228,2.72,-0.16
07:43:08,"[364.0, 29]","[353.0, 32]","[367.17, 12]","[368.35, 20]",365.58,93,3.17,0.31
07:43:09,"[364.0, 20]","[353.0, 40]","[370.52, 62]","[371.62, 26]",367.26,148,6.52,-0.19
07:43:10,"[366.5, 24]","[359.11, 18]","[371.0, 56]","[373.0, 14]",368.75,112,4.5,-0.25
07:43:11,"[367.0, 27]","[364.0, 14]","[371.0, 56]","[373.0, 24]",369.0,121,4.0,-0.32
07:43:12,"[367.0, 15]","[364.0, 10]","[370.94, 34]","[372.56, 36]",368.97,95,3.94,-0.47
07:43:13,"[367.0, 25]","[364.0, 20]","[370.97, 29]","[371.89, 54]",368.98,128,3.97,-0.3
07:43:14,"[367.0, 8]","[364.0, 10]","[372.0, 25]","[374.0, 21]",369.5,64,5.0,-0.44
07:43:15,"[367.0, 7]","[364.0, 14]","[372.0, 35]","[374.0, 26]",369.5,82,5.0,-0.49
07:43:16,"[367.0, 7]","[364.0, 14]","[372.0, 35]","[374.0, 28]",369.5,84,5.0,-0.5
07:43:17,"[366.62, 8]","[360.89, 18]","[372.0, 32]","[373.0, 16]",369.31,74,5.38,-0.3
07:43:18,"[364.0, 4]","[348.5, 16]","[372.0, 4]","[373.0, 8]",368.0,32,8.0,0.25
07:43:19,"[364.22, 9]","[348.83, 29]","[372.0, 8]","[373.0, 16]",368.11,62,7.78,0.23
07:43:20,"[356.44, 36]","[351.75, 32]","[372.0, 11]","[373.0, 22]",364.22,101,15.56,0.35
07:43:21,"[364.25, 79]","[358.37, 103]","[370.91, 75]","[372.33, 30]",367.58,287,6.65,0.27
07:43:22,"[365.0, 106]","[356.44, 108]","[368.44, 80]","[371.39, 23]",366.72,317,3.44,0.35
07:43:23,"[366.45, 118]","[364.78, 123]","[369.06, 80]","[378.31, 36]",367.76,357,2.61,0.35
07:43:24,"[369.67, 91]","[367.9, 202]","[376.7, 60]","[378.36, 44]",373.19,397,7.03,0.48
07:43:25,"[370.78, 69]","[367.91, 99]","[375.59, 51]","[379.0, 17]",373.19,236,4.81,0.42
07:43:26,"[368.0, 65]","[365.0, 39]","[374.77, 39]","[379.0, 13]",371.38,156,6.77,0.33
07:43:27,"[370.08, 125]","[367.71, 94]","[373.88, 48]","[375.79, 42]",371.98,309,3.8,0.42
07:43:28,"[371.0, 48]","[368.0, 75]","[372.28, 29]","[373.77, 31]",371.64,183,1.28,0.34
07:43:29,"[371.0, 15]","[368.0, 40]","[372.0, 24]","[374.56, 9]",371.5,88,1.0,0.25
07:43:30,"[368.31, 39]","[366.46, 41]","[375.92, 26]","[380.67, 18]",372.12,124,7.62,0.29
07:43:31,"[369.74, 23]","[367.45, 49]","[378.0, 22]","[380.0, 22]",373.87,116,8.26,0.24
07:43:32,"[368.92, 49]","[366.96, 69]","[374.43, 65]","[376.59, 39]",371.67,222,5.51,0.06
07:43:33,"[368.0, 85]","[365.0, 51]","[372.24, 21]","[373.02, 81]",370.12,238,4.24,0.14
07:43:34,"[368.0, 67]","[365.0, 42]","[370.09, 22]","[370.93, 42]",369.05,173,2.09,0.26
07:43:35,"[368.0, 22]","[365.0, 21]","[370.94, 31]","[376.45, 11]",369.47,85,2.94,0.01
07:43:36,"[368.0, 21]","[365.0, 21]","[370.0, 35]","[381.0, 7]",369.0,84,2.0,0.0
07:43:37,"[368.0, 33]","[365.0, 33]","[369.44, 34]","[381.0, 17]",368.72,117,1.44,0.13
07:43:38,"[368.0, 33]","[365.0, 33]","[369.0, 22]","[378.0, 11]",368.5,99,1.0,0.33
07:43:39,"[367.25, 24]","[362.25, 24]","[368.88, 16]","[378.0, 8]",368.06,72,1.62,0.33
07:43:40,"[360.63, 43]","[355.19, 63]","[373.98, 48]","[380.38, 24]",367.3,178,13.35,0.19
07:43:41,"[355.29, 35]","[351.78, 49]","[372.38, 39]","[378.27, 55]",363.84,178,17.1,-0.06
07:43:42,"[357.1, 49]","[354.76, 42]","[377.0, 95]","[384.0, 22]",367.05,208,19.9,-0.12
07:43:43,"[361.59, 49]","[358.76, 41]","[377.0, 95]","[384.0, 114]",369.3,299,15.41,-0.4
07:43:44,"[370.0, 30]","[363.24, 34]","[377.0, 70]","[384.0, 84]",373.5,218,7.0,-0.41
07:43:45,"[369.86, 14]","[361.89, 19]","[377.0, 35]","[384.0, 42]",373.43,110,7.14,-0.4
07:43:46,"[364.38, 26]","[359.77, 91]","[375.31, 65]","[383.79, 38]",369.85,220,10.92,0.06
07:43:47,"[365.0, 30]","[357.09, 64]","[376.49, 43]","[383.85, 47]",370.74,184,11.49,0.02
07:43:48,"[365.0, 20]","[354.06, 65]","[383.0, 10]","[384.0, 50]",374.0,145,18.0,0.17
07:43:49,"[356.89, 38]","[353.74, 47]","[382.04, 23]","[383.95, 39]",369.47,147,25.15,0.16
07:43:50,"[354.0, 70]","[353.0, 30]","[375.0, 20]","[382.87, 47]",364.5,167,21.0,0.2
07:43:51,"[354.0, 35]","[353.0, 15]","[375.0, 10]","[378.85, 13]",364.5,73,21.0,0.37
07:43:52,"[354.0, 63]","[353.0, 27]","[375.0, 18]","[377.0, 45]",364.5,153,21.0,0.18
07:43:53,"[354.0, 98]","[353.0, 42]","[371.26, 38]","[376.72, 58]",362.63,236,17.26,0.19
07:43:54,"[354.0, 74]","[353.0, 42]","[367.56, 63]","[372.86, 49]",360.78,228,13.56,0.02
07:43:55,"[354.0, 42]","[353.0, 27]","[362.0, 36]","[373.33, 27]",358.0,132,8.0,0.05
07:43:56,"[354.0, 72]","[353.0, 27]","[367.92, 38]","[372.33, 30]",360.96,167,13.92,0.19
07:43:57,"[354.0, 88]","[353.0, 33]","[362.74, 31]","[369.48, 46]",358.37,198,8.74,0.22
07:43:58,"[354.35, 78]","[353.34, 32]","[364.29, 35]","[370.0, 35]",359.32,180,9.94,0.22
07:43:59,"[367.0, 121]","[355.0, 99]","[368.0, 43]","[375.0, 22]",367.5,285,1.0,0.54
07:44:00,"[367.0, 121]","[360.45, 99]","[368.0, 23]","[375.0, 22]",367.5,265,1.0,0.66
07:44:01,"[367.0, 110]","[365.0, 90]","[368.0, 10]","[374.29, 21]",367.5,231,1.0,0.73
07:44:02,"[366.01, 77]","[363.9, 60]","[368.0, 12]","[375.0, 24]",367.01,173,1.99,0.58
07:44:03,"[365.0, 55]","[354.0, 11]","[368.0, 11]","[375.0, 22]",366.5,99,3.0,0.33
07:44:04,"[365.81, 52]","[364.41, 37]","[368.0, 9]","[375.0, 18]",366.9,116,2.19,0.53
07:44:05,"[366.0, 66]","[363.17, 30]","[368.0, 11]","[375.0, 22]",367.0,129,2.0,0.49
07:44:06,"[366.0, 42]","[365.0, 28]","[368.0, 7]","[375.0, 14]",367.0,91,2.0,0.54
07:44:07,"[366.0, 35]","[365.0, 40]","[368.0, 10]","[375.0, 20]",367.0,105,2.0,0.43
07:44:08,"[366.0, 10]","[365.0, 40]","[368.0, 10]","[375.0, 20]",367.0,80,2.0,0.25
07:44:09,"[365.29, 34]","[363.83, 46]","[372.67, 24]","[378.11, 36]",368.98,140,7.37,0.14
07:44:10,"[365.0, 60]","[356.0, 15]","[375.0, 30]","[377.0, 30]",370.0,135,10.0,0.11
07:44:11,"[371.0, 108]","[365.0, 48]","[375.0, 24]","[377.0, 24]",373.0,204,4.0,0.53
07:44:12,"[371.27, 66]","[368.31, 55]","[376.0, 20]","[380.6, 25]",373.64,166,4.73,0.46
07:44:13,"[371.0, 63]","[366.0, 36]","[377.0, 18]","[383.0, 27]",374.0,144,6.0,0.38
07:44:14,"[371.0, 67]","[366.02, 49]","[376.26, 19]","[380.38, 32]",373.63,167,5.26,0.39
07:44:15,"[371.0, 45]","[367.0, 9]","[375.0, 9]","[377.0, 18]",373.0,81,4.0,0.33
07:44:16,"[370.33, 24]","[366.2, 20]","[375.0, 8]","[381.0, 16]",372.67,68,4.67,0.29
07:44:17,"[366.25, 16]","[365.5, 32]","[375.0, 8]","[381.0, 16]",370.62,72,8.75,0.33
07:44:18,"[366.0, 6]","[365.0, 8]","[375.0, 2]","[381.0, 4]",370.5,20,9.0,0.4
07:44:19,"[366.0, 18]","[365.0, 24]","[375.0, 6]","[381.0, 12]",370.5,60,9.0,0.4
07:44:20,"[366.0, 42]","[365.0, 56]","[373.19, 58]","[377.47, 17]",369.59,173,7.19,0.13
07:44:21,"[366.0, 21]","[365.0, 28]","[372.0, 31]","[374.09, 11]",369.0,91,6.0,0.08
07:44:22,"[365.73, 51]","[364.22, 36]","[369.33, 79]","[370.43, 60]",367.53,226,3.6,-0.23
07:44:23,"[365.4, 30]","[363.8, 30]","[367.74, 46]","[370.41, 64]",366.57,170,2.34,-0.29
07:44:24,"[365.0, 14]","[363.0, 22]","[367.68, 19]","[369.68, 38]",366.34,93,2.68,-0.23
07:44:25,"[365.0, 11]","[363.0, 22]","[366.91, 22]","[370.0, 44]",365.95,99,1.91,-0.33
07:44:26,"[365.0, 10]","[363.0, 20]","[366.0, 20]","[370.83, 48]",365.5,98,1.0,-0.39
07:44:27,"[358.41, 34]","[356.06, 48]","[363.97, 37]","[369.41, 44]",361.19,163,5.56,0.01
07:44:28,"[358.83, 144]","[357.0, 54]","[361.53, 43]","[362.37, 76]",360.18,317,2.7,0.25
07:44:29,"[361.77, 39]","[358.73, 45]","[370.5, 24]","[376.91, 99]",366.13,207,8.73,-0.19
07:44:30,"[368.0, 16]","[366.0, 24]","[374.0, 16]","[380.0, 72]",371.0,128,6.0,-0.38
07:44:31,"[368.0, 14]","[366.0, 21]","[374.0, 14]","[380.0, 63]",371.0,112,6.0,-0.38
07:44:32,"[368.0, 9]","[366.0, 18]","[374.0, 12]","[380.0, 44]",371.0,83,6.0,-0.35
07:44:33,"[368.0, 6]","[366.0, 18]","[374.0, 12]","[380.0, 48]",371.0,84,6.0,-0.43
07:44:34,"[368.0, 6]","[366.0, 18]","[374.0, 12]","[380.0, 48]",371.0,84,6.0,-0.43
07:44:35,"[368.0, 13]","[366.0, 39]","[374.0, 26]","[380.0, 104]",371.0,182,6.0,-0.43
07:44:36,"[370.5, 12]","[366.2, 20]","[374.0, 16]","[380.0, 64]",372.25,112,3.5,-0.43
07:44:37,"[373.0, 47]","[368.0, 19]","[374.0, 38]","[380.0, 152]",373.5,256,1.0,-0.48
07:44:38,"[372.0, 10]","[366.89, 18]","[377.25, 59]","[405.2, 60]",374.63,147,5.25,-0.62
07:44:39,"[368.0, 14]","[366.0, 70]","[374.0, 70]","[379.19, 54]",371.0,208,6.0,-0.19
07:44:40,"[368.0, 22]","[366.0, 60]","[373.52, 29]","[374.62, 48]",370.76,159,5.52,0.03
07:44:41,"[366.67, 9]","[363.71, 63]","[373.0, 54]","[377.0, 18]",369.83,144,6.33,0.0
07:44:42,"[367.0, 150]","[366.0, 15]","[371.9, 20]","[373.11, 72]",369.45,257,4.9,0.28
07:44:43,"[368.08, 97]","[368.78, 79]","[373.09, 32]","[374.93, 71]",370.59,279,5.01,0.26
07:44:44,"[372.0, 15]","[370.0, 154]","[373.97, 58]","[376.44, 32]",372.98,259,1.97,0.31
07:44:45,"[370.05, 125]","[368.93, 45]","[372.4, 30]","[378.0, 36]",371.22,236,2.35,0.44
07:44:46,"[370.0, 72]","[366.0, 14]","[382.41, 34]","[386.35, 37]",376.21,157,12.41,0.1
07:44:47,"[370.0, 50]","[366.0, 10]","[385.0, 40]","[386.0, 40]",377.5,140,15.0,-0.14
07:44:48,"[370.0, 40]","[366.0, 8]","[385.0, 32]","[386.0, 32]",377.5,112,15.0,-0.14
07:44:49,"[370.0, 36]","[366.0, 10]","[385.0, 40]","[386.24, 42]",377.5,128,15.0,-0.28
07:44:50,"[366.0, 30]","[364.15, 26]","[384.0, 10]","[385.0, 30]",375.0,96,18.0,0.17
07:44:51,"[365.0, 18]","[364.0, 18]","[382.09, 11]","[383.57, 7]",373.55,54,17.09,0.33
07:44:52,"[366.18, 78]","[365.6, 94]","[381.85, 26]","[382.68, 28]",374.01,226,15.67,0.52
07:44:53,"[367.0, 34]","[366.0, 136]","[378.5, 66]","[379.9, 42]",372.75,278,11.5,0.22
07:44:54,"[367.0, 28]","[366.0, 112]","[373.79, 66]","[375.5, 18]",370.39,224,6.79,0.25
07:44:55,"[368.0, 28]","[366.0, 112]","[370.79, 70]","[375.0, 14]",369.39,224,2.79,0.25
07:44:56,"[366.54, 78]","[365.7, 80]","[370.96, 45]","[375.21, 19]",368.75,222,4.42,0.42
07:44:57,"[366.0, 92]","[365.0, 36]","[371.75, 24]","[372.25, 24]",368.88,176,5.75,0.45
07:44:58,"[366.0, 42]","[365.0, 36]","[370.0, 12]","[371.94, 34]",368.0,124,4.0,0.26
07:44:59,"[365.14, 35]","[364.27, 55]","[366.58, 26]","[367.96, 25]",365.86,141,1.43,0.28
07:45:00,"[364.04, 25]","[362.32, 19]","[375.47, 15]","[378.62, 45]",369.75,104,11.43,-0.15
07:45:01,"[364.0, 24]","[362.0, 16]","[377.0, 10]","[380.0, 46]",370.5,96,13.0,-0.17
07:45:02,"[366.22, 27]","[362.92, 26]","[376.27, 37]","[378.92, 25]",371.25,115,10.05,-0.08
07:45:03,"[369.0, 30]","[363.0, 20]","[374.54, 39]","[375.71, 21]",371.77,110,5.54,-0.09
07:45:04,"[367.24, 34]","[363.85, 41]","[372.12, 34]","[373.55, 22]",369.68,131,4.88,0.15
07:45:05,"[365.27, 59]","[363.35, 34]","[371.0, 20]","[372.08, 36]",368.14,149,5.73,0.25
07:45:06,"[369.0, 50]","[364.0, 40]","[370.0, 10]","[372.0, 30]",369.5,130,1.0,0.38
07:45:07,"[369.0, 34]","[364.0, 32]","[371.35, 20]","[377.6, 30]",370.18,116,2.35,0.14
07:45:08,"[369.0, 40]","[364.0, 40]","[370.2, 30]","[377.7, 20]",369.6,130,1.2,0.23
07:45:09,"[369.0, 26]","[364.0, 32]","[371.27, 22]","[380.0, 30]",370.14,110,2.27,0.05
07:45:10,"[369.0, 3]","[365.2, 10]","[377.0, 6]","[382.0, 27]",373.0,46,8.0,-0.43
07:45:11,"[369.0, 6]","[366.0, 18]","[377.0, 12]","[382.0, 49]",373.0,85,8.0,-0.44
07:45:12,"[369.0, 7]","[366.0, 21]","[381.11, 38]","[382.5, 32]",375.05,98,12.11,-0.43
07:45:13,"[369.0, 7]","[366.0, 21]","[376.0, 14]","[382.0, 56]",372.5,98,7.0,-0.43
07:45:14,"[369.0, 9]","[366.0, 27]","[374.36, 22]","[380.29, 28]",371.68,86,5.36,-0.16
07:45:15,"[366.0, 10]","[364.0, 20]","[373.0, 15]","[376.0, 10]",369.5,55,7.0,0.09
07:45:16,"[366.0, 6]","[364.0, 12]","[373.0, 9]","[374.0, 6]",369.5,33,7.0,0.09
07:45:17,"[366.0, 20]","[364.0, 40]","[373.86, 21]","[381.75, 40]",369.93,121,7.86,-0.01
07:45:18,"[367.58, 19]","[364.53, 38]","[374.0, 24]","[383.0, 84]",370.79,165,6.42,-0.31
07:45:19,"[367.68, 25]","[364.56, 50]","[375.61, 36]","[382.1, 80]",371.65,191,7.93,-0.21
07:45:20,"[366.0, 27]","[364.0, 68]","[377.47, 34]","[379.47, 34]",371.74,163,11.47,0.17
07:45:21,"[364.56, 25]","[363.64, 44]","[374.0, 34]","[377.62, 32]",369.28,135,9.44,0.02
07:45:22,"[364.7, 63]","[363.58, 38]","[369.26, 43]","[371.39, 62]",366.98,206,4.56,-0.02
07:45:23,"[364.86, 72]","[363.44, 27]","[366.77, 39]","[367.91, 44]",365.82,182,1.91,0.09
07:45:24,"[365.0, 100]","[364.0, 32]","[366.0, 32]","[368.0, 48]",365.5,212,1.0,0.25
07:45:25,"[365.75, 79]","[364.0, 32]","[367.53, 45]","[379.93, 61]",366.64,217,1.79,0.02
07:45:26,"[365.05, 21]","[363.81, 27]","[379.24, 34]","[380.31, 32]",372.14,114,14.19,-0.16
07:45:27,"[366.0, 14]","[364.0, 28]","[373.71, 14]","[376.57, 28]",369.86,84,7.71,0.0
07:45:28,"[366.0, 17]","[364.0, 34]","[372.79, 29]","[376.0, 40]",369.4,120,6.79,-0.15
07:45:29,"[366.0, 8]","[364.0, 16]","[371.5, 12]","[372.9, 20]",368.75,56,5.5,-0.14
07:45:30,"[364.85, 13]","[360.4, 50]","[368.19, 27]","[369.31, 29]",366.52,119,3.34,0.06
07:45:31,"[361.0, 15]","[358.0, 150]","[365.53, 19]","[366.47, 17]",363.26,201,4.53,0.64
07:45:32,"[361.0, 17]","[357.93, 95]","[364.12, 17]","[366.0, 17]",362.56,146,3.12,0.53
07:45:33,"[358.75, 32]","[357.84, 38]","[362.5, 14]","[372.31, 26]",360.62,110,3.75,0.27
07:45:34,"[358.22, 36]","[357.53, 15]","[360.67, 9]","[376.0, 27]",359.44,87,2.44,0.17
07:45:35,"[359.0, 41]","[356.77, 52]","[373.31, 45]","[377.52, 50]",366.16,188,14.31,-0.01
07:45:36,"[359.15, 39]","[356.47, 57]","[372.93, 45]","[374.0, 60]",366.04,201,13.78,-0.04
07:45:37,"[362.58, 55]","[361.69, 49]","[368.9, 58]","[370.98, 55]",365.74,217,6.31,-0.04
07:45:38,"[365.13, 71]","[364.08, 65]","[367.57, 46]","[369.14, 65]",366.35,247,2.44,0.1
07:45:39,"[366.0, 70]","[364.33, 48]","[367.07, 45]","[368.04, 105]",366.53,268,1.07,-0.12
07:45:40,"[366.0, 27]","[361.0, 15]","[371.28, 46]","[377.38, 48]",368.64,136,5.28,-0.38
07:45:41,"[366.0, 10]","[361.0, 10]","[370.0, 20]","[376.2, 30]",368.0,70,4.0,-0.43
07:45:42,"[366.0, 9]","[361.0, 9]","[370.0, 18]","[377.0, 27]",368.0,63,4.0,-0.43
07:45:43,"[366.31, 13]","[361.5, 10]","[370.0, 20]","[377.0, 30]",368.15,73,3.69,-0.37
07:45:44,"[368.0, 39]","[366.0, 12]","[370.0, 24]","[377.0, 36]",369.0,111,2.0,-0.08
07:45:45,"[368.0, 24]","[366.0, 8]","[370.0, 16]","[377.0, 24]",369.0,72,2.0,-0.11
07:45:46,"[369.0, 24]","[366.0, 8]","[370.0, 16]","[377.0, 24]",369.5,72,1.0,-0.11
07:45:47,"[369.0, 27]","[366.0, 9]","[370.0, 18]","[377.0, 27]",369.5,81,1.0,-0.11
07:45:48,"[369.0, 21]","[366.0, 7]","[370.0, 14]","[377.0, 21]",369.5,63,1.0,-0.11
07:45:49,"[369.89, 27]","[368.35, 23]","[376.1, 31]","[383.18, 51]",372.99,132,6.21,-0.24
07:45:50,"[371.0, 10]","[369.0, 15]","[377.0, 15]","[384.0, 25]",374.0,65,6.0,-0.23
07:45:51,"[371.0, 14]","[369.0, 21]","[377.0, 21]","[384.0, 35]",374.0,91,6.0,-0.23
07:45:52,"[371.0, 14]","[369.0, 21]","[378.29, 24]","[384.27, 33]",374.65,92,7.29,-0.24
07:45:53,"[371.0, 26]","[369.0, 39]","[376.0, 52]","[383.15, 65]",373.5,182,5.0,-0.29
07:45:54,"[371.0, 12]","[369.0, 18]","[376.0, 24]","[383.0, 30]",373.5,84,5.0,-0.29
07:45:55,"[371.0, 18]","[369.0, 27]","[375.0, 41]","[377.5, 40]",373.0,126,4.0,-0.29
07:45:56,"[353.86, 37]","[351.12, 16]","[371.95, 44]","[374.14, 37]",362.91,134,18.09,-0.21
07:45:57,"[353.0, 65]","[349.0, 26]","[369.17, 58]","[371.41, 54]",361.09,203,16.17,-0.1
07:45:58,"[353.0, 40]","[349.0, 16]","[367.43, 28]","[369.0, 32]",360.21,116,14.43,-0.03
07:45:59,"[353.0, 85]","[348.41, 34]","[362.81, 53]","[363.79, 71]",357.91,243,9.81,-0.02
07:46:00,"[353.0, 39]","[347.8, 20]","[354.73, 33]","[355.91, 66]",353.86,158,1.73,-0.25
07:46:01,"[349.88, 32]","[296.94, 34]","[354.09, 68]","[355.37, 41]",351.98,175,4.21,-0.25
07:46:02,"[348.21, 43]","[341.31, 150]","[353.62, 26]","[354.44, 36]",350.91,255,5.41,0.51
07:46:03,"[349.39, 207]","[348.0, 40]","[351.93, 29]","[353.39, 46]",350.66,322,2.54,0.53
07:46:04,"[350.19, 144]","[349.25, 40]","[352.67, 36]","[354.43, 56]",351.43,276,2.48,0.33
07:46:05,"[351.85, 156]","[350.39, 155]","[353.65, 49]","[355.48, 84]",352.75,444,1.81,0.4
07:46:06,"[353.64, 66]","[352.0, 99]","[355.57, 14]","[359.1, 31]",354.6,210,1.94,0.57
07:46:07,"[354.87, 90]","[347.74, 23]","[359.94, 31]","[363.48, 50]",357.4,194,5.07,0.16
07:46:08,"[355.56, 54]","[345.0, 9]","[362.0, 60]","[367.0, 18]",358.78,141,6.44,-0.11
07:46:09,"[355.44, 45]","[342.37, 19]","[362.0, 87]","[367.76, 17]",358.72,168,6.56,-0.24
07:46:10,"[344.15, 26]","[340.88, 17]","[362.0, 55]","[368.0, 11]",353.08,109,17.85,-0.21
07:46:11,"[346.18, 88]","[345.47, 68]","[362.0, 65]","[369.43, 28]",354.09,249,15.82,0.25
07:46:12,"[348.64, 56]","[347.75, 64]","[362.0, 50]","[370.0, 40]",355.32,210,13.36,0.14
07:46:13,"[350.67, 48]","[349.0, 64]","[362.0, 60]","[370.0, 48]",356.33,220,11.33,0.02
07:46:14,"[352.83, 72]","[351.5, 56]","[363.08, 61]","[368.51, 47]",357.96,236,10.25,0.08
07:46:15,"[357.43, 84]","[357.0, 112]","[363.0, 72]","[368.11, 54]",360.21,322,5.57,0.22
07:46:16,"[361.76, 116]","[360.16, 76]","[366.18, 51]","[370.0, 36]",363.97,279,4.42,0.38
07:46:17,"[362.66, 91]","[361.88, 65]","[369.0, 33]","[371.0, 22]",365.83,211,6.34,0.48
07:46:18,"[365.5, 112]","[363.0, 56]","[369.0, 42]","[371.0, 28]",367.25,238,3.5,0.41
07:46:19,"[366.0, 80]","[363.0, 40]","[369.0, 30]","[371.0, 18]",367.5,168,3.0,0.43
07:46:20,"[366.0, 62]","[362.8, 45]","[367.25, 48]","[369.64, 22]",366.62,177,1.25,0.21
07:46:21,"[365.33, 36]","[361.65, 34]","[368.4, 50]","[374.45, 62]",366.87,182,3.07,-0.23
07:46:22,"[362.47, 17]","[360.2, 30]","[373.68, 37]","[376.45, 44]",368.07,128,11.21,-0.27
07:46:23,"[362.0, 45]","[353.0, 30]","[371.4, 15]","[373.0, 36]",366.7,126,9.4,0.19
07:46:24,"[362.0, 45]","[353.0, 30]","[370.0, 15]","[373.0, 27]",366.0,117,8.0,0.28
07:46:25,"[362.96, 67]","[361.64, 50]","[367.88, 17]","[370.65, 17]",365.42,151,4.93,0.55
07:46:26,"[363.94, 64]","[362.0, 48]","[366.75, 16]","[368.18, 17]",365.34,145,2.81,0.54
07:46:27,"[364.0, 31]","[362.0, 39]","[365.92, 13]","[377.44, 54]",364.96,137,1.92,0.02
07:46:28,"[362.11, 38]","[352.4, 30]","[378.86, 42]","[381.78, 54]",370.48,164,16.75,-0.17
07:46:29,"[362.11, 27]","[354.32, 25]","[377.16, 31]","[380.15, 39]",369.64,122,15.05,-0.15
07:46:30,"[362.27, 15]","[354.24, 34]","[374.25, 48]","[376.0, 36]",368.26,133,11.98,-0.26
07:46:31,"[362.0, 10]","[350.88, 17]","[373.95, 38]","[374.82, 22]",367.97,87,11.95,-0.38
07:46:32,"[362.0, 16]","[352.62, 21]","[371.88, 40]","[372.83, 41]",366.94,118,9.88,-0.37
07:46:33,"[355.6, 15]","[349.64, 22]","[371.0, 22]","[372.0, 33]",363.3,92,15.4,-0.2
07:46:34,"[362.0, 15]","[352.2, 30]","[370.09, 43]","[371.19, 32]",366.05,120,8.09,-0.25
07:46:35,"[356.0, 23]","[351.59, 58]","[366.86, 43]","[368.34, 38]",361.43,162,10.86,0.0
07:46:36,"[355.74, 109]","[354.84, 173]","[360.72, 36]","[364.98, 49]",358.23,367,4.98,0.54
07:46:37,"[355.42, 135]","[350.7, 40]","[360.0, 28]","[361.0, 28]",357.71,231,4.58,0.52
07:46:38,"[356.21, 114]","[353.83, 92]","[366.12, 72]","[368.09, 69]",361.17,347,9.91,0.19
07:46:39,"[357.43, 42]","[356.0, 126]","[366.43, 70]","[369.0, 56]",361.93,294,9.0,0.14
07:46:40,"[358.07, 45]","[356.0, 135]","[365.9, 39]","[368.77, 53]",361.98,272,7.83,0.32
07:46:41,"[360.62, 108]","[357.74, 93]","[366.0, 36]","[375.0, 18]",363.31,255,5.38,0.58
07:46:42,"[362.62, 91]","[357.49, 72]","[371.19, 21]","[375.93, 56]",366.9,240,8.58,0.36
07:46:43,"[363.03, 38]","[357.89, 63]","[372.91, 46]","[375.48, 50]",367.97,197,9.89,0.03
07:46:44,"[363.26, 42]","[355.25, 65]","[373.63, 73]","[375.75, 53]",368.45,233,10.37,-0.08
07:46:45,"[363.52, 29]","[358.07, 30]","[373.83, 60]","[376.67, 24]",368.68,143,10.32,-0.17
07:46:46,"[364.0, 39]","[363.0, 26]","[372.0, 65]","[378.0, 13]",368.0,143,8.0,-0.09
07:46:47,"[367.1, 20]","[363.6, 20]","[372.64, 28]","[378.71, 17]",369.87,85,5.54,-0.06
07:46:48,"[367.31, 16]","[365.33, 27]","[378.0, 10]","[379.0, 40]",372.66,93,10.69,-0.08
07:46:49,"[369.0, 9]","[366.0, 27]","[375.97, 33]","[377.33, 18]",372.48,87,6.97,-0.17
07:46:50,"[362.86, 28]","[360.79, 28]","[374.07, 42]","[376.0, 56]",368.46,154,11.21,-0.27
07:46:51,"[361.0, 21]","[358.0, 12]","[374.0, 38]","[437.69, 13]",367.5,84,13.0,-0.21
07:46:52,"[361.0, 40]","[358.0, 16]","[373.21, 42]","[379.27, 22]",367.11,120,12.21,-0.07
07:46:53,"[361.0, 35]","[358.0, 14]","[369.86, 21]","[371.0, 28]",365.43,98,8.86,0.0
07:46:54,"[361.0, 55]","[358.0, 22]","[368.0, 33]","[371.0, 44]",364.5,154,7.0,0.0
07:46:55,"[361.23, 91]","[359.54, 41]","[367.0, 39]","[374.27, 30]",364.12,201,5.77,0.31
07:46:56,"[361.69, 51]","[360.39, 49]","[366.43, 21]","[367.75, 24]",364.06,145,4.74,0.38
07:46:57,"[360.76, 34]","[358.95, 42]","[364.31, 29]","[365.23, 26]",362.54,131,3.55,0.16
07:46:58,"[359.0, 44]","[356.91, 22]","[362.46, 26]","[363.28, 29]",360.73,121,3.46,0.09
07:46:59,"[360.41, 39]","[359.34, 61]","[362.1, 29]","[364.82, 44]",361.26,173,1.69,0.16
07:47:00,"[352.25, 32]","[348.2, 60]","[377.48, 66]","[378.42, 38]",364.87,196,25.23,-0.06
07:47:01,"[360.41, 34]","[348.44, 36]","[378.92, 49]","[379.57, 47]",369.67,166,18.51,-0.16
07:47:02,"[355.21, 57]","[347.78, 51]","[377.0, 14]","[379.0, 70]",366.11,192,21.79,0.12
07:47:03,"[349.89, 57]","[348.32, 57]","[369.76, 41]","[371.54, 39]",359.83,194,19.86,0.18
07:47:04,"[351.04, 122]","[349.84, 31]","[363.84, 32]","[364.39, 33]",357.44,218,12.8,0.4
07:47:05,"[352.23, 53]","[351.52, 73]","[357.88, 17]","[358.94, 32]",355.05,175,5.66,0.44
07:47:06,"[354.86, 21]","[352.0, 105]","[356.43, 21]","[357.92, 25]",355.64,172,1.57,0.47
07:47:07,"[352.89, 47]","[351.29, 76]","[356.17, 60]","[360.51, 35]",354.53,218,3.27,0.13
07:47:08,"[354.89, 47]","[350.48, 29]","[356.67, 49]","[359.71, 31]",355.78,156,1.78,-0.03
07:47:09,"[356.73, 41]","[352.21, 19]","[359.05, 19]","[368.56, 82]",357.89,161,2.32,-0.25
07:47:10,"[358.44, 27]","[348.82, 22]","[360.0, 9]","[369.0, 54]",359.22,112,1.56,-0.12
07:47:11,"[359.0, 48]","[349.38, 21]","[368.1, 40]","[369.33, 36]",363.55,145,9.1,-0.05
07:47:12,"[360.65, 60]","[357.03, 38]","[367.48, 48]","[370.42, 38]",364.06,184,6.83,0.07
07:47:13,"[365.43, 42]","[363.62, 34]","[372.58, 62]","[454.12, 32]",369.0,170,7.15,-0.11
07:47:14,"[368.58, 19]","[366.91, 33]","[372.0, 52]","[375.0, 13]",370.29,117,3.42,-0.11
07:47:15,"[367.0, 24]","[366.0, 8]","[372.0, 32]","[375.0, 8]",369.5,72,5.0,-0.11
07:47:16,"[367.0, 24]","[366.0, 8]","[372.0, 32]","[375.0, 8]",369.5,72,5.0,-0.11
07:47:17,"[367.0, 14]","[366.0, 6]","[372.0, 24]","[375.0, 6]",369.5,50,5.0,-0.2
07:47:18,"[366.5, 8]","[360.6, 30]","[372.0, 16]","[375.0, 4]",369.25,58,5.5,0.31
07:47:19,"[365.0, 18]","[360.0, 270]","[372.0, 40]","[375.0, 10]",368.5,338,7.0,0.7
07:47:20,"[365.0, 4]","[360.0, 108]","[372.0, 16]","[374.25, 4]",368.5,132,7.0,0.7
07:47:21,"[365.0, 7]","[360.0, 189]","[372.0, 28]","[374.0, 7]",368.5,231,7.0,0.7
07:47:22,"[365.0, 7]","[360.0, 189]","[372.0, 28]","[374.0, 7]",368.5,231,7.0,0.7
07:47:23,"[360.36, 112]","[359.59, 232]","[371.0, 12]","[372.4, 30]",365.68,386,10.64,0.78
07:47:24,"[360.0, 400]","[354.38, 64]","[368.03, 34]","[372.5, 16]",364.01,514,8.03,0.81
07:47:25,"[360.0, 252]","[354.0, 56]","[365.68, 50]","[367.2, 20]",362.84,378,5.68,0.63
07:47:26,"[360.0, 216]","[354.0, 48]","[363.92, 12]","[367.67, 48]",361.96,324,3.92,0.63
07:47:27,"[360.0, 234]","[354.0, 52]","[362.92, 13]","[368.77, 52]",361.46,351,2.92,0.63
07:47:28,"[360.33, 180]","[358.21, 121]","[364.23, 31]","[368.63, 35]",362.28,367,3.89,0.64
07:47:29,"[360.0, 70]","[353.56, 128]","[363.81, 31]","[371.75, 16]",361.9,245,3.81,0.62
07:47:30,"[370.0, 39]","[357.0, 52]","[379.62, 13]","[381.0, 13]",374.81,117,9.62,0.56
07:47:31,"[370.0, 42]","[357.0, 56]","[373.88, 50]","[378.71, 14]",371.94,162,3.88,0.21
07:47:32,"[363.07, 45]","[357.42, 57]","[372.83, 48]","[379.0, 12]",367.95,162,9.77,0.26
07:47:33,"[361.61, 36]","[358.58, 48]","[372.0, 48]","[374.42, 12]",366.81,144,10.39,0.17
07:47:34,"[363.36, 14]","[362.0, 98]","[371.53, 38]","[372.24, 41]",367.44,191,8.17,0.17
07:47:35,"[364.71, 14]","[362.29, 98]","[369.12, 34]","[370.72, 50]",366.92,196,4.4,0.14
07:47:36,"[364.04, 80]","[358.21, 76]","[366.6, 40]","[367.27, 44]",365.32,240,2.56,0.3
07:47:37,"[364.0, 104]","[356.0, 60]","[365.33, 36]","[368.12, 32]",364.67,232,1.33,0.41
07:47:38,"[364.0, 35]","[356.0, 35]","[365.0, 26]","[377.0, 7]",364.5,103,1.0,0.36
07:47:39,"[364.0, 49]","[356.55, 44]","[365.0, 24]","[376.08, 12]",364.5,129,1.0,0.44
07:47:40,"[364.08, 125]","[362.91, 22]","[368.3, 20]","[376.92, 13]",366.19,180,4.22,0.63
07:47:41,"[364.0, 130]","[362.0, 13]","[377.23, 13]","[381.57, 28]",370.62,184,13.23,0.55
07:47:42,"[364.0, 100]","[362.0, 10]","[375.13, 31]","[376.38, 13]",369.56,154,11.13,0.43
07:47:43,"[364.02, 91]","[363.05, 19]","[373.0, 40]","[376.8, 10]",368.51,160,8.98,0.38
07:47:44,"[366.0, 13]","[364.0, 130]","[373.0, 52]","[377.0, 13]",369.5,208,7.0,0.38
07:47:45,"[364.06, 106]","[363.46, 41]","[372.29, 56]","[376.14, 14]",368.17,217,8.23,0.35
07:47:46,"[364.0, 38]","[362.0, 12]","[369.25, 48]","[376.0, 12]",366.62,110,5.25,-0.09
07:47:47,"[364.0, 45]","[362.0, 9]","[368.0, 36]","[379.04, 25]",366.0,115,4.0,-0.06
07:47:48,"[365.21, 151]","[364.5, 92]","[374.3, 57]","[379.41, 49]",369.75,349,9.09,0.39
07:47:49,"[366.62, 145]","[365.66, 149]","[377.0, 56]","[379.0, 14]",371.81,364,10.38,0.62
07:47:50,"[367.0, 100]","[366.0, 110]","[375.6, 40]","[379.0, 10]",371.3,260,8.6,0.62
07:47:51,"[367.0, 120]","[366.0, 132]","[373.0, 48]","[379.0, 17]",370.0,317,6.0,0.59
07:47:52,"[367.0, 70]","[366.0, 77]","[371.57, 28]","[379.0, 14]",369.29,189,4.57,0.56
07:47:53,"[367.0, 100]","[366.0, 110]","[369.9, 40]","[379.0, 16]",368.45,266,2.9,0.58
07:47:54,"[367.0, 150]","[366.0, 165]","[368.07, 60]","[383.1, 31]",367.53,406,1.07,0.55
07:47:55,"[367.0, 58]","[366.0, 99]","[378.0, 12]","[383.98, 41]",372.5,210,11.0,0.5
07:47:56,"[367.0, 61]","[366.0, 121]","[383.0, 11]","[384.0, 55]",375.0,248,16.0,0.47
07:47:57,"[369.59, 94]","[365.64, 166]","[380.58, 33]","[383.24, 21]",375.08,314,10.99,0.66
07:47:58,"[372.0, 84]","[366.0, 126]","[379.71, 28]","[383.0, 14]",375.86,252,7.71,0.67
07:47:59,"[372.0, 78]","[368.11, 57]","[378.73, 26]","[382.35, 20]",375.37,181,6.73,0.49
07:48:00,"[372.0, 66]","[370.0, 33]","[376.87, 31]","[377.6, 15]",374.44,145,4.87,0.37
07:48:01,"[372.0, 84]","[370.0, 48]","[374.5, 32]","[376.0, 30]",373.25,194,2.5,0.36
07:48:02,"[372.0, 25]","[370.0, 27]","[373.22, 18]","[381.47, 17]",372.61,87,1.22,0.2
07:48:03,"[370.56, 36]","[369.15, 99]","[381.28, 67]","[385.5, 76]",375.92,278,10.73,-0.03
07:48:04,"[369.3, 30]","[368.0, 84]","[380.0, 60]","[383.08, 48]",374.65,222,10.7,0.03
07:48:05,"[369.0, 110]","[365.32, 62]","[379.84, 77]","[383.1, 67]",374.42,316,10.84,0.09
07:48:06,"[369.0, 84]","[366.0, 28]","[377.0, 56]","[380.0, 70]",373.0,238,8.0,-0.06
07:48:07,"[369.1, 61]","[366.27, 22]","[375.17, 48]","[380.0, 67]",372.13,198,6.07,-0.16
07:48:08,"[370.0, 30]","[369.0, 10]","[375.0, 40]","[380.0, 40]",372.5,120,5.0,-0.33
07:48:09,"[370.0, 36]","[369.0, 12]","[375.0, 48]","[380.0, 12]",372.5,108,5.0,-0.11
07:48:10,"[370.0, 33]","[369.0, 11]","[375.0, 44]","[380.0, 11]",372.5,99,5.0,-0.11
07:48:11,"[370.0, 48]","[369.0, 16]","[374.12, 64]","[383.29, 51]",372.06,179,4.12,-0.28
07:48:12,"[370.0, 45]","[369.0, 15]","[372.27, 60]","[384.12, 25]",371.13,145,2.27,-0.17
07:48:13,"[365.78, 49]","[365.0, 22]","[378.78, 18]","[387.88, 52]",372.28,141,13.0,0.01
07:48:14,"[365.0, 16]","[364.0, 16]","[384.0, 40]","[385.0, 8]",374.5,80,19.0,-0.2
07:48:15,"[365.0, 10]","[364.0, 10]","[384.0, 25]","[385.0, 5]",374.5,50,19.0,-0.2
07:48:16,"[365.0, 34]","[364.0, 34]","[382.57, 60]","[383.06, 33]",373.78,161,17.57,-0.16
07:48:17,"[365.78, 27]","[364.48, 42]","[377.42, 55]","[380.05, 40]",371.6,164,11.64,-0.16
07:48:18,"[355.39, 46]","[353.92, 37]","[374.0, 58]","[374.9, 42]",364.7,183,18.61,-0.09
07:48:19,"[362.97, 29]","[359.76, 21]","[370.11, 18]","[371.49, 59]",366.54,127,7.15,-0.21
07:48:20,"[364.75, 80]","[363.56, 64]","[367.32, 40]","[370.4, 40]",366.04,224,2.57,0.29
07:48:21,"[365.0, 27]","[364.0, 60]","[367.33, 24]","[377.46, 39]",366.17,150,2.33,0.16
07:48:22,"[364.8, 20]","[363.97, 65]","[368.0, 17]","[378.0, 51]",366.4,153,3.2,0.11
07:48:23,"[364.27, 44]","[363.23, 26]","[373.83, 30]","[382.48, 46]",369.05,146,9.56,-0.04
07:48:24,"[365.02, 55]","[362.5, 16]","[377.0, 52]","[379.23, 39]",371.01,162,11.98,-0.12
07:48:25,"[366.56, 25]","[362.97, 33]","[373.52, 33]","[376.21, 76]",370.04,167,6.96,-0.31
07:48:26,"[364.0, 11]","[362.0, 11]","[369.8, 20]","[370.17, 35]",366.9,77,5.8,-0.43
07:48:27,"[364.0, 14]","[362.0, 24]","[366.06, 47]","[368.57, 23]",365.03,108,2.06,-0.3
07:48:28,"[362.22, 18]","[358.36, 44]","[364.14, 14]","[368.07, 28]",363.18,104,1.92,0.19
07:48:29,"[358.43, 56]","[357.2, 25]","[362.15, 13]","[370.06, 32]",360.29,126,3.73,0.29
07:48:30,"[358.0, 75]","[356.0, 15]","[359.92, 24]","[360.36, 36]",358.96,150,1.92,0.2
07:48:31,"[358.44, 36]","[357.82, 44]","[359.97, 35]","[366.38, 55]",359.21,170,1.53,-0.06
07:48:32,"[358.15, 53]","[357.38, 29]","[362.92, 25]","[367.19, 62]",360.54,169,4.77,-0.03
07:48:33,"[358.0, 35]","[355.14, 7]","[363.14, 7]","[367.0, 35]",360.57,84,5.14,0.0
07:48:34,"[360.86, 14]","[356.69, 26]","[370.59, 34]","[373.51, 35]",365.72,109,9.73,-0.27
07:48:35,"[363.0, 8]","[351.55, 33]","[374.0, 24]","[375.0, 32]",368.5,97,11.0,-0.15
07:48:36,"[363.92, 13]","[356.33, 12]","[374.0, 15]","[375.0, 20]",368.96,60,10.08,-0.17
07:48:37,"[364.65, 93]","[362.97, 32]","[374.0, 48]","[375.0, 64]",369.32,237,9.35,0.05
07:48:38,"[365.27, 79]","[364.79, 99]","[373.0, 36]","[376.61, 46]",369.13,260,7.73,0.37
07:48:39,"[365.0, 100]","[363.0, 30]","[371.8, 10]","[376.2, 40]",368.4,180,6.8,0.44
07:48:40,"[365.0, 40]","[363.0, 12]","[371.0, 20]","[374.25, 16]",368.0,88,6.0,0.18
07:48:41,"[365.67, 54]","[364.85, 78]","[369.45, 11]","[371.0, 44]",367.56,187,3.79,0.41
07:48:42,"[365.27, 44]","[364.33, 36]","[367.62, 13]","[372.27, 22]",366.44,115,2.34,0.39
07:48:43,"[365.0, 93]","[362.33, 27]","[366.0, 12]","[374.17, 48]",365.5,180,1.0,0.33
07:48:44,"[365.0, 48]","[362.0, 18]","[371.33, 15]","[376.89, 36]",368.17,117,6.33,0.13
07:48:45,"[365.0, 32]","[363.0, 48]","[376.0, 32]","[380.0, 32]",370.5,144,11.0,0.11
07:48:46,"[365.0, 16]","[363.0, 24]","[376.0, 16]","[380.0, 16]",370.5,72,11.0,0.11
07:48:47,"[365.0, 52]","[363.0, 78]","[376.0, 52]","[380.0, 52]",370.5,234,11.0,0.11
07:48:48,"[365.0, 12]","[363.0, 18]","[376.0, 12]","[380.0, 12]",370.5,54,11.0,0.11
07:48:49,"[367.0, 15]","[365.0, 60]","[375.53, 60]","[397.08, 50]",371.27,185,8.53,-0.19
07:48:50,"[367.0, 11]","[365.0, 44]","[370.09, 44]","[373.96, 23]",368.55,122,3.09,-0.1
07:48:51,"[366.0, 6]","[364.33, 18]","[370.0, 16]","[381.0, 4]",368.0,44,4.0,0.09
07:48:52,"[365.0, 33]","[363.0, 66]","[370.0, 35]","[379.0, 14]",367.5,148,5.0,0.34
07:48:53,"[365.0, 33]","[363.0, 66]","[369.27, 33]","[380.72, 36]",367.14,168,4.27,0.18
07:48:54,"[365.51, 37]","[363.8, 60]","[367.5, 42]","[375.3, 54]",366.51,193,1.99,0.01
07:48:55,"[365.5, 36]","[363.86, 63]","[369.18, 33]","[379.8, 15]",367.34,147,3.68,0.35
07:48:56,"[365.0, 33]","[363.0, 66]","[377.76, 17]","[382.06, 31]",371.38,147,12.76,0.35
07:48:57,"[365.0, 39]","[363.0, 78]","[373.83, 35]","[375.88, 17]",369.41,169,8.83,0.38
07:48:58,"[363.5, 60]","[358.74, 57]","[371.53, 32]","[375.0, 44]",367.52,193,8.03,0.21
07:48:59,"[356.81, 48]","[353.26, 34]","[369.71, 14]","[375.0, 84]",363.26,180,12.9,-0.09
07:49:00,"[354.65, 43]","[353.74, 57]","[367.68, 19]","[371.48, 29]",361.17,148,13.03,0.35
07:49:01,"[354.96, 27]","[353.16, 50]","[357.4, 25]","[360.71, 14]",356.18,116,2.44,0.33
