Time,Bid1,Bid2,Ask1,Ask2,Mid-Price,Total_volume,Bid_ask_spread,Order_imbalance
07:30:00,"[316.0, 5]","[0, 0]","[0, 0]","[0, 0]",158.0,5,-316.0,1.0
07:30:01,"[316.0, 15]","[0, 0]","[376.0, 9]","[413.0, 2]",346.0,26,60.0,0.15
07:30:03,"[316.0, 3]","[0, 0]","[375.23, 13]","[381.29, 7]",345.62,23,59.23,-0.74
07:30:04,"[316.0, 3]","[0, 0]","[367.23, 26]","[371.04, 23]",341.62,52,51.23,-0.88
07:30:05,"[320.67, 45]","[276.85, 52]","[358.96, 28]","[363.81, 31]",339.82,156,38.3,0.24
07:30:06,"[321.0, 20]","[320.0, 20]","[352.25, 12]","[357.14, 14]",336.62,66,31.25,0.21
07:30:07,"[322.9, 41]","[320.0, 45]","[348.43, 21]","[352.67, 27]",335.67,134,25.53,0.28
07:30:08,"[324.0, 21]","[320.0, 35]","[345.62, 21]","[347.15, 13]",334.81,90,21.62,0.24
07:30:09,"[324.0, 18]","[320.0, 30]","[341.72, 18]","[343.29, 21]",332.86,87,17.72,0.1
07:30:10,"[324.0, 21]","[320.0, 35]","[339.0, 7]","[342.0, 35]",331.5,98,15.0,0.14
07:30:11,"[324.0, 21]","[320.0, 35]","[337.31, 13]","[339.67, 24]",330.65,93,13.31,0.2
07:30:12,"[324.81, 67]","[320.25, 48]","[334.91, 45]","[335.93, 15]",329.86,175,10.11,0.31
07:30:13,"[325.0, 198]","[324.0, 11]","[333.0, 32]","[333.61, 23]",329.0,264,8.0,0.58
07:30:14,"[325.0, 144]","[324.0, 8]","[330.61, 23]","[332.71, 17]",327.8,192,5.61,0.58
07:30:15,"[325.0, 198]","[324.0, 11]","[328.16, 44]","[328.96, 24]",326.58,277,3.16,0.51
07:30:16,"[325.0, 172]","[324.0, 14]","[326.0, 14]","[328.35, 62]",325.5,262,1.0,0.42
07:30:17,"[325.0, 40]","[324.0, 72]","[326.0, 8]","[334.0, 24]",325.5,144,1.0,0.56
07:30:18,"[325.0, 40]","[324.0, 72]","[326.0, 8]","[334.0, 24]",325.5,144,1.0,0.56
07:30:19,"[324.01, 91]","[320.61, 59]","[332.3, 27]","[336.25, 24]",328.15,201,8.29,0.49
07:30:20,"[324.0, 108]","[320.0, 60]","[333.63, 35]","[338.39, 56]",328.81,259,9.63,0.3
07:30:21,"[324.0, 105]","[320.0, 65]","[336.13, 60]","[337.73, 55]",330.07,285,12.13,0.19
07:30:22,"[324.0, 84]","[320.0, 60]","[334.17, 48]","[338.0, 39]",329.08,231,10.17,0.25
07:30:23,"[324.84, 43]","[323.71, 68]","[332.2, 40]","[339.0, 20]",328.52,171,7.36,0.3
07:30:24,"[325.89, 72]","[324.0, 126]","[331.5, 72]","[339.0, 36]",328.69,306,5.61,0.29
07:30:25,"[326.0, 59]","[324.0, 105]","[329.33, 60]","[339.8, 70]",327.67,294,3.33,0.12
07:30:26,"[324.92, 39]","[321.69, 78]","[332.46, 41]","[360.93, 60]",328.69,218,7.54,0.07
07:30:27,"[324.0, 84]","[319.0, 144]","[336.43, 21]","[338.6, 43]",330.21,292,12.43,0.56
07:30:28,"[324.0, 79]","[319.0, 144]","[333.82, 22]","[335.44, 18]",328.91,263,9.82,0.7
07:30:29,"[324.0, 78]","[319.0, 156]","[330.88, 16]","[332.17, 23]",327.44,273,6.88,0.71
07:30:30,"[324.0, 78]","[319.0, 156]","[328.0, 32]","[328.64, 28]",326.0,294,4.0,0.59
07:30:31,"[320.09, 138]","[317.71, 147]","[326.96, 23]","[336.06, 69]",323.52,377,6.87,0.51
07:30:32,"[319.0, 186]","[316.0, 112]","[328.69, 16]","[338.52, 42]",323.84,356,9.69,0.67
07:30:33,"[319.24, 42]","[316.82, 77]","[327.33, 15]","[335.33, 60]",323.29,194,8.1,0.23
07:30:34,"[322.2, 25]","[320.75, 40]","[325.66, 35]","[332.46, 65]",323.93,165,3.46,-0.21
07:30:35,"[322.54, 13]","[320.83, 23]","[324.4, 40]","[327.85, 13]",323.47,89,1.86,-0.19
07:30:36,"[319.28, 43]","[317.02, 55]","[322.41, 34]","[330.0, 30]",320.85,162,3.13,0.21
07:30:37,"[319.0, 33]","[315.0, 13]","[322.21, 33]","[328.21, 28]",320.61,107,3.21,-0.14
07:30:38,"[319.06, 16]","[315.25, 16]","[330.0, 32]","[331.0, 32]",324.53,96,10.94,-0.33
07:30:39,"[319.0, 9]","[316.78, 9]","[330.56, 18]","[332.58, 38]",324.78,74,11.56,-0.51
07:30:40,"[319.63, 19]","[317.21, 39]","[331.0, 22]","[332.36, 22]",325.32,102,11.37,0.14
07:30:41,"[320.88, 51]","[319.0, 83]","[331.0, 34]","[332.0, 34]",325.94,202,10.12,0.33
07:30:42,"[323.08, 39]","[319.0, 91]","[331.0, 26]","[332.0, 26]",327.04,182,7.92,0.43
07:30:43,"[324.73, 45]","[319.0, 15]","[330.14, 42]","[331.12, 48]",327.44,150,5.41,-0.2
07:30:44,"[325.0, 27]","[319.0, 9]","[329.0, 41]","[331.55, 22]",327.0,99,4.0,-0.27
07:30:45,"[324.76, 50]","[320.33, 18]","[327.78, 64]","[330.11, 36]",326.27,168,3.02,-0.19
07:30:46,"[319.0, 14]","[317.0, 14]","[326.0, 42]","[334.43, 28]",322.5,98,7.0,-0.43
07:30:47,"[319.0, 18]","[317.0, 18]","[324.39, 54]","[333.06, 36]",321.69,126,5.39,-0.43
07:30:48,"[319.0, 9]","[317.0, 9]","[323.0, 27]","[332.0, 18]",321.0,63,4.0,-0.43
07:30:49,"[316.6, 20]","[316.0, 10]","[322.84, 32]","[330.71, 21]",319.72,83,6.24,-0.28
07:30:50,"[315.13, 67]","[312.56, 16]","[320.08, 50]","[329.54, 54]",317.61,187,4.95,-0.11
07:30:51,"[314.62, 24]","[311.79, 14]","[318.5, 42]","[330.16, 50]",316.56,130,3.88,-0.42
07:30:52,"[309.23, 13]","[306.16, 49]","[317.77, 39]","[324.08, 26]",313.5,127,8.54,-0.02
07:30:53,"[308.0, 15]","[306.0, 75]","[316.24, 41]","[323.5, 32]",312.12,163,8.24,0.1
07:30:54,"[308.0, 16]","[306.0, 80]","[311.7, 20]","[315.82, 44]",309.85,160,3.7,0.2
07:30:55,"[308.45, 22]","[306.06, 62]","[311.0, 42]","[312.0, 14]",309.73,140,2.55,0.2
07:30:56,"[309.05, 63]","[306.0, 61]","[310.69, 42]","[311.5, 34]",309.87,200,1.64,0.24
07:30:57,"[305.54, 13]","[304.0, 65]","[311.04, 57]","[312.98, 49]",308.29,184,5.5,-0.15
07:30:58,"[305.0, 17]","[303.82, 85]","[311.0, 75]","[313.0, 77]",308.0,254,6.0,-0.2
07:30:59,"[305.0, 11]","[303.0, 55]","[309.96, 25]","[311.7, 37]",307.48,128,4.96,0.03
07:31:00,"[305.91, 70]","[303.42, 38]","[308.0, 28]","[311.0, 42]",306.96,178,2.09,0.21
07:31:01,"[305.92, 78]","[303.46, 39]","[307.0, 30]","[311.0, 45]",306.46,192,1.08,0.22
07:31:02,"[301.63, 73]","[301.16, 88]","[307.0, 12]","[311.0, 27]",304.32,200,5.37,0.61
07:31:03,"[301.27, 224]","[300.22, 117]","[307.82, 17]","[311.88, 32]",304.55,390,6.56,0.75
07:31:04,"[303.02, 102]","[301.11, 190]","[312.88, 16]","[316.6, 40]",307.95,348,9.86,0.68
07:31:05,"[305.65, 127]","[304.71, 56]","[313.26, 47]","[318.45, 20]",309.45,250,7.6,0.46
07:31:06,"[308.79, 140]","[307.21, 109]","[312.23, 62]","[317.18, 28]",310.51,339,3.44,0.47
07:31:07,"[310.0, 110]","[304.0, 22]","[312.74, 19]","[317.41, 29]",311.37,180,2.74,0.47
07:31:08,"[308.5, 56]","[300.28, 47]","[312.08, 39]","[313.28, 25]",310.29,167,3.58,0.23
07:31:09,"[305.77, 52]","[304.0, 26]","[313.0, 39]","[314.0, 13]",309.38,130,7.23,0.2
07:31:10,"[307.73, 30]","[306.57, 42]","[313.0, 36]","[314.0, 12]",310.37,120,5.27,0.2
07:31:11,"[309.0, 14]","[307.0, 28]","[314.0, 7]","[316.0, 7]",311.5,56,5.0,0.5
07:31:12,"[309.78, 18]","[307.0, 36]","[314.67, 9]","[319.0, 12]",312.22,75,4.89,0.44
07:31:13,"[314.0, 56]","[312.69, 52]","[316.0, 14]","[322.0, 28]",315.0,150,2.0,0.44
07:31:14,"[314.44, 18]","[312.88, 34]","[319.0, 12]","[322.86, 21]",316.72,85,4.56,0.22
07:31:15,"[315.94, 17]","[313.62, 26]","[322.0, 18]","[324.0, 27]",318.97,88,6.06,-0.02
07:31:16,"[318.0, 25]","[317.0, 44]","[322.0, 30]","[324.96, 23]",320.0,122,4.0,0.13
07:31:17,"[319.89, 38]","[318.42, 19]","[323.03, 31]","[325.91, 33]",321.46,121,3.14,-0.06
07:31:18,"[321.27, 15]","[318.07, 30]","[323.78, 27]","[328.74, 38]",322.52,110,2.51,-0.18
07:31:19,"[319.33, 24]","[315.15, 54]","[322.0, 32]","[324.0, 20]",320.67,130,2.67,0.2
07:31:20,"[319.71, 28]","[316.33, 24]","[321.07, 30]","[323.56, 9]",320.39,91,1.35,0.14
07:31:21,"[320.09, 22]","[317.33, 36]","[324.4, 25]","[370.68, 44]",322.25,127,4.31,-0.09
07:31:22,"[320.59, 17]","[318.4, 45]","[326.0, 41]","[405.24, 45]",323.29,148,5.41,-0.16
07:31:23,"[323.67, 9]","[322.67, 9]","[326.0, 18]","[332.0, 9]",324.83,45,2.33,-0.2
07:31:24,"[324.55, 11]","[323.0, 11]","[326.0, 22]","[332.0, 11]",325.27,55,1.45,-0.2
07:31:25,"[325.0, 12]","[323.92, 12]","[326.86, 21]","[329.21, 52]",325.93,97,1.86,-0.51
07:31:26,"[324.33, 9]","[320.67, 18]","[327.43, 21]","[333.72, 29]",325.88,77,3.1,-0.3
07:31:27,"[323.0, 6]","[319.0, 24]","[326.0, 24]","[333.92, 26]",324.5,80,3.0,-0.25
07:31:28,"[323.0, 4]","[319.0, 16]","[326.0, 16]","[334.0, 20]",324.5,56,3.0,-0.29
07:31:29,"[320.88, 17]","[318.18, 44]","[325.62, 39]","[330.8, 50]",323.25,150,4.73,-0.19
07:31:30,"[319.0, 45]","[316.0, 60]","[323.93, 45]","[326.0, 60]",321.47,210,4.93,0.0
07:31:31,"[319.29, 51]","[316.47, 57]","[325.36, 50]","[333.52, 65]",322.33,223,6.07,-0.03
07:31:32,"[319.64, 25]","[318.0, 36]","[331.0, 44]","[339.0, 55]",325.32,160,11.36,-0.24
07:31:33,"[320.0, 22]","[319.0, 33]","[331.0, 44]","[339.0, 55]",325.5,154,11.0,-0.29
07:31:34,"[316.44, 18]","[316.71, 7]","[331.0, 20]","[339.0, 25]",323.72,70,14.56,-0.29
07:31:35,"[316.0, 48]","[315.0, 12]","[331.0, 48]","[339.0, 60]",323.5,168,15.0,-0.29
07:31:36,"[315.24, 34]","[309.96, 25]","[327.67, 36]","[335.18, 67]",321.45,162,12.43,-0.27
07:31:37,"[308.2, 40]","[305.17, 120]","[314.12, 16]","[327.26, 43]",311.16,219,5.93,0.46
07:31:38,"[315.0, 24]","[312.18, 73]","[316.0, 12]","[326.0, 48]",315.5,157,1.0,0.24
07:31:39,"[315.0, 12]","[313.0, 60]","[316.0, 6]","[326.0, 24]",315.5,102,1.0,0.41
07:31:40,"[307.09, 107]","[296.91, 69]","[315.56, 18]","[324.89, 45]",311.32,239,8.46,0.47
07:31:41,"[306.0, 42]","[302.33, 94]","[313.71, 14]","[317.93, 14]",309.86,164,7.71,0.66
07:31:42,"[311.5, 56]","[303.91, 69]","[321.2, 61]","[323.32, 44]",316.35,230,9.7,0.09
07:31:43,"[313.13, 45]","[306.76, 37]","[322.0, 80]","[324.5, 48]",317.57,210,8.87,-0.22
07:31:44,"[311.0, 48]","[306.25, 36]","[321.41, 85]","[323.91, 55]",316.21,224,10.41,-0.25
07:31:45,"[310.0, 48]","[307.0, 36]","[318.25, 48]","[320.11, 54]",314.12,186,8.25,-0.1
07:31:46,"[309.64, 50]","[306.23, 39]","[316.69, 65]","[319.0, 52]",313.17,206,7.05,-0.14
07:31:47,"[307.09, 23]","[303.11, 27]","[315.03, 29]","[317.7, 40]",311.06,119,7.95,-0.16
07:31:48,"[309.41, 17]","[307.0, 51]","[314.18, 85]","[319.0, 68]",311.79,221,4.76,-0.38
07:31:49,"[311.5, 10]","[307.0, 30]","[313.0, 50]","[317.55, 44]",312.25,134,1.5,-0.4
07:31:50,"[303.4, 15]","[301.0, 27]","[313.0, 35]","[315.0, 63]",308.2,140,9.6,-0.4
07:31:51,"[302.25, 12]","[301.0, 36]","[312.4, 30]","[314.56, 54]",307.32,132,10.15,-0.27
07:31:52,"[303.18, 11]","[300.09, 33]","[314.74, 35]","[319.21, 38]",308.96,117,11.56,-0.25
07:31:53,"[305.0, 11]","[297.44, 18]","[315.0, 33]","[322.0, 33]",310.0,95,10.0,-0.39
07:31:54,"[305.64, 11]","[295.77, 22]","[316.2, 15]","[321.66, 29]",310.92,77,10.56,-0.14
07:31:55,"[307.0, 14]","[294.78, 54]","[317.0, 14]","[322.0, 42]",312.0,124,10.0,0.1
07:31:56,"[307.33, 9]","[294.0, 45]","[317.0, 9]","[322.0, 27]",312.17,90,9.67,0.2
07:31:57,"[310.0, 10]","[294.64, 14]","[317.0, 10]","[322.0, 30]",313.5,64,7.0,-0.25
07:31:58,"[311.77, 13]","[299.09, 35]","[317.0, 13]","[322.0, 39]",314.38,100,5.23,-0.04
07:31:59,"[313.31, 13]","[312.0, 13]","[316.23, 31]","[320.89, 27]",314.77,84,2.92,-0.38
07:32:00,"[302.89, 18]","[302.14, 14]","[316.29, 21]","[321.91, 22]",309.59,75,13.4,-0.15
07:32:01,"[299.0, 30]","[298.0, 10]","[314.0, 28]","[318.4, 30]",306.5,98,15.0,-0.18
07:32:02,"[300.27, 41]","[298.93, 58]","[311.02, 58]","[312.57, 72]",305.64,229,10.75,-0.14
07:32:03,"[301.18, 34]","[298.0, 51]","[307.61, 46]","[308.69, 39]",304.39,170,6.43,0.0
07:32:04,"[303.79, 28]","[298.0, 42]","[306.29, 42]","[308.0, 28]",305.04,140,2.5,0.0
07:32:05,"[298.72, 36]","[294.47, 32]","[306.0, 29]","[308.0, 26]",302.36,123,7.28,0.11
07:32:06,"[294.0, 28]","[289.36, 11]","[306.0, 8]","[308.0, 16]",300.0,63,12.0,0.24
07:32:07,"[294.0, 30]","[288.71, 34]","[307.08, 13]","[310.1, 40]",300.54,117,13.08,0.09
07:32:08,"[294.0, 21]","[292.0, 14]","[310.61, 23]","[311.98, 41]",302.3,99,16.61,-0.29
07:32:09,"[294.0, 42]","[292.0, 28]","[308.79, 56]","[311.0, 72]",301.39,198,14.79,-0.29
07:32:10,"[294.0, 27]","[292.0, 18]","[307.0, 36]","[309.33, 36]",300.5,117,13.0,-0.23
07:32:11,"[295.94, 17]","[293.78, 37]","[307.0, 31]","[308.0, 52]",301.47,137,11.06,-0.21
07:32:12,"[297.0, 9]","[293.84, 25]","[307.0, 9]","[308.0, 36]",302.0,79,10.0,-0.14
07:32:13,"[297.0, 10]","[293.0, 20]","[308.0, 40]","[311.0, 40]",302.5,110,11.0,-0.45
07:32:14,"[297.0, 8]","[293.0, 16]","[308.0, 32]","[311.0, 32]",302.5,88,11.0,-0.45
07:32:15,"[298.83, 24]","[297.46, 35]","[308.0, 44]","[311.0, 44]",303.42,147,9.17,-0.2
07:32:16,"[302.98, 88]","[301.22, 54]","[308.0, 68]","[310.81, 53]",305.49,263,5.02,0.08
07:32:17,"[305.6, 50]","[304.04, 56]","[308.0, 68]","[309.0, 13]",306.8,187,2.4,0.13
07:32:18,"[306.0, 60]","[299.77, 47]","[308.06, 51]","[310.2, 20]",307.03,178,2.06,0.2
07:32:19,"[302.7, 46]","[299.52, 42]","[310.55, 31]","[312.03, 58]",306.62,177,7.85,-0.01
07:32:20,"[307.0, 36]","[305.61, 41]","[311.0, 28]","[313.0, 55]",309.0,160,4.0,-0.04
07:32:21,"[308.79, 56]","[306.7, 54]","[311.51, 59]","[313.15, 82]",310.15,251,2.72,-0.12
07:32:22,"[310.07, 45]","[294.96, 25]","[313.0, 86]","[314.0, 60]",311.53,216,2.93,-0.35
07:32:23,"[300.49, 73]","[295.14, 51]","[312.64, 90]","[313.58, 76]",306.57,290,12.15,-0.14
07:32:24,"[300.39, 129]","[299.16, 94]","[309.9, 63]","[313.0, 84]",305.15,370,9.52,0.21
07:32:25,"[304.81, 113]","[303.67, 91]","[312.21, 61]","[313.76, 68]",308.51,333,7.4,0.23
07:32:26,"[307.67, 75]","[306.38, 81]","[313.0, 13]","[314.0, 52]",310.33,221,5.33,0.41
07:32:27,"[310.16, 92]","[309.28, 76]","[314.02, 41]","[314.75, 20]",312.09,229,3.86,0.47
07:32:28,"[312.5, 70]","[310.0, 98]","[314.0, 56]","[315.0, 14]",313.25,238,1.5,0.41
07:32:29,"[313.64, 56]","[305.62, 24]","[317.67, 18]","[327.57, 30]",315.65,128,4.02,0.25
07:32:30,"[317.0, 21]","[313.5, 18]","[322.69, 65]","[377.59, 39]",319.85,143,5.69,-0.45
07:32:31,"[311.5, 14]","[305.45, 22]","[321.49, 55]","[324.38, 61]",316.5,152,9.99,-0.53
07:32:32,"[306.0, 12]","[300.76, 45]","[315.08, 36]","[317.0, 12]",310.54,105,9.08,0.09
07:32:33,"[311.68, 37]","[305.08, 76]","[314.0, 39]","[317.0, 13]",312.84,165,2.32,0.37
07:32:34,"[311.7, 43]","[304.62, 87]","[315.53, 34]","[322.82, 39]",313.61,203,3.83,0.28
07:32:35,"[306.0, 10]","[304.0, 100]","[318.22, 46]","[342.5, 16]",312.11,172,12.22,0.28
07:32:36,"[313.86, 14]","[304.54, 41]","[324.5, 70]","[477.27, 33]",319.18,158,10.64,-0.3
07:32:37,"[318.81, 16]","[315.33, 12]","[328.0, 60]","[433.28, 39]",323.41,127,9.19,-0.56
07:32:38,"[317.0, 9]","[316.0, 9]","[328.0, 45]","[421.26, 27]",322.5,90,11.0,-0.6
07:32:39,"[317.86, 14]","[316.0, 14]","[328.0, 70]","[340.0, 70]",322.93,168,10.14,-0.67
07:32:40,"[319.1, 10]","[316.0, 10]","[328.0, 50]","[340.0, 50]",323.55,120,8.9,-0.67
07:32:41,"[320.0, 9]","[316.0, 9]","[327.71, 42]","[336.0, 45]",323.86,105,7.71,-0.66
07:32:42,"[320.0, 16]","[316.0, 16]","[326.38, 64]","[332.56, 80]",323.19,176,6.38,-0.64
07:32:43,"[321.75, 16]","[320.2, 10]","[326.0, 36]","[337.0, 45]",323.88,107,4.25,-0.51
07:32:44,"[320.83, 58]","[320.33, 60]","[324.79, 48]","[327.9, 58]",322.81,224,3.96,0.05
07:32:45,"[320.0, 59]","[316.0, 7]","[322.75, 16]","[325.77, 26]",321.38,108,2.75,0.22
07:32:46,"[320.04, 98]","[316.75, 16]","[321.95, 42]","[329.43, 49]",321.0,205,1.91,0.11
07:32:47,"[317.71, 14]","[311.08, 61]","[336.58, 60]","[434.22, 45]",327.15,180,18.87,-0.17
07:32:48,"[308.4, 30]","[305.0, 95]","[337.0, 25]","[404.84, 19]",322.7,169,28.6,0.48
07:32:49,"[314.0, 30]","[305.85, 123]","[337.0, 45]","[558.19, 21]",325.5,219,23.0,0.4
07:32:50,"[316.56, 36]","[311.08, 71]","[337.0, 60]","[426.0, 60]",326.78,227,20.44,-0.06
07:32:51,"[313.4, 25]","[308.24, 49]","[321.0, 45]","[345.56, 45]",317.2,164,7.6,-0.1
07:32:52,"[311.0, 18]","[308.0, 54]","[319.0, 30]","[335.0, 30]",315.0,132,8.0,0.09
07:32:53,"[311.0, 27]","[308.0, 81]","[315.89, 45]","[322.89, 45]",313.44,198,4.89,0.09
07:32:54,"[311.0, 27]","[308.0, 81]","[314.26, 19]","[315.78, 45]",312.63,172,3.26,0.26
07:32:55,"[311.0, 30]","[308.0, 90]","[313.5, 16]","[314.95, 42]",312.25,178,2.5,0.35
07:32:56,"[311.0, 21]","[308.0, 63]","[313.0, 28]","[314.0, 7]",312.0,119,2.0,0.41
07:32:57,"[311.0, 24]","[308.0, 72]","[313.0, 32]","[314.0, 8]",312.0,136,2.0,0.41
07:32:58,"[311.0, 21]","[308.0, 63]","[313.0, 28]","[314.0, 7]",312.0,119,2.0,0.41
07:32:59,"[311.0, 24]","[308.0, 81]","[313.0, 32]","[314.0, 8]",312.0,145,2.0,0.45
07:33:00,"[311.56, 27]","[308.54, 39]","[313.0, 18]","[314.0, 9]",312.28,93,1.44,0.42
07:33:01,"[310.84, 25]","[306.82, 33]","[312.73, 11]","[313.73, 11]",311.78,80,1.89,0.45
07:33:02,"[307.0, 28]","[302.31, 78]","[309.6, 30]","[310.04, 50]",308.3,186,2.6,0.14
07:33:03,"[307.0, 16]","[302.0, 72]","[308.89, 28]","[310.0, 20]",307.95,136,1.89,0.29
07:33:04,"[307.56, 27]","[302.78, 64]","[309.0, 55]","[313.29, 14]",308.28,160,1.44,0.14
07:33:05,"[308.0, 39]","[307.0, 26]","[309.46, 59]","[312.74, 43]",308.73,167,1.46,-0.22
07:33:06,"[308.0, 27]","[304.0, 25]","[312.0, 27]","[314.0, 36]",310.0,115,4.0,-0.1
07:33:07,"[308.0, 21]","[304.0, 35]","[312.29, 21]","[314.15, 34]",310.14,111,4.29,0.01
07:33:08,"[308.57, 28]","[305.5, 32]","[310.67, 36]","[314.36, 28]",309.62,124,2.1,-0.03
07:33:09,"[308.36, 33]","[306.25, 16]","[310.0, 22]","[314.0, 40]",309.18,111,1.64,-0.12
07:33:10,"[307.48, 31]","[303.36, 25]","[310.0, 13]","[314.0, 65]",308.74,134,2.52,-0.16
07:33:11,"[304.0, 12]","[303.0, 48]","[310.0, 12]","[314.0, 60]",307.0,132,6.0,-0.09
07:33:12,"[306.0, 24]","[304.0, 6]","[310.0, 6]","[314.0, 30]",308.0,66,4.0,-0.09
07:33:13,"[307.73, 44]","[304.0, 11]","[313.11, 27]","[314.14, 35]",310.42,117,5.38,-0.06
07:33:14,"[308.54, 52]","[304.0, 13]","[311.67, 36]","[313.95, 21]",310.1,122,3.13,0.07
07:33:15,"[309.6, 60]","[299.07, 71]","[312.44, 43]","[313.89, 19]",311.02,193,2.84,0.36
07:33:16,"[310.0, 40]","[299.0, 41]","[318.67, 18]","[317.33, 24]",314.33,123,8.67,0.32
07:33:17,"[315.43, 28]","[311.64, 50]","[324.0, 65]","[327.88, 68]",319.71,211,8.57,-0.26
07:33:18,"[319.95, 43]","[318.77, 109]","[324.0, 60]","[328.0, 48]",321.98,260,4.05,0.17
07:33:19,"[321.92, 26]","[320.12, 114]","[324.0, 55]","[328.0, 52]",322.96,247,2.08,0.13
07:33:20,"[323.25, 16]","[320.0, 104]","[326.76, 29]","[388.91, 22]",325.0,171,3.51,0.4
07:33:21,"[324.0, 18]","[320.0, 117]","[328.0, 36]","[466.92, 26]",326.0,197,4.0,0.37
07:33:22,"[324.0, 20]","[320.0, 130]","[328.0, 40]","[477.2, 40]",326.0,230,4.0,0.3
07:33:23,"[320.18, 90]","[318.95, 40]","[328.0, 36]","[494.0, 36]",324.09,202,7.82,0.29
07:33:24,"[320.0, 48]","[317.0, 8]","[328.0, 16]","[494.0, 16]",324.0,88,8.0,0.27
07:33:25,"[320.0, 120]","[313.0, 28]","[328.0, 40]","[435.0, 40]",324.0,228,8.0,0.3
07:33:26,"[320.0, 132]","[317.0, 11]","[328.0, 44]","[385.36, 44]",324.0,231,8.0,0.24
07:33:27,"[320.0, 64]","[317.0, 6]","[328.0, 24]","[447.0, 24]",324.0,118,8.0,0.19
07:33:28,"[320.0, 28]","[317.0, 6]","[328.0, 24]","[447.0, 24]",324.0,82,8.0,-0.17
07:33:29,"[320.0, 20]","[317.0, 5]","[328.0, 20]","[447.0, 20]",324.0,65,8.0,-0.23
07:33:30,"[318.82, 68]","[312.62, 32]","[327.8, 40]","[371.81, 64]",323.31,204,8.98,-0.02
07:33:31,"[316.4, 55]","[312.79, 56]","[327.0, 10]","[329.0, 40]",321.7,161,10.6,0.38
07:33:32,"[317.15, 52]","[316.0, 98]","[325.14, 74]","[327.8, 20]",321.14,244,7.98,0.23
07:33:33,"[318.92, 24]","[316.0, 84]","[324.5, 62]","[326.43, 46]",321.71,216,5.58,0.0
07:33:34,"[319.64, 22]","[316.0, 77]","[321.71, 21]","[327.79, 38]",320.68,158,2.08,0.25
07:33:35,"[320.71, 34]","[317.36, 53]","[325.07, 43]","[350.8, 59]",322.89,189,4.36,-0.08
07:33:36,"[322.0, 18]","[320.78, 18]","[333.0, 36]","[471.0, 39]",327.5,111,11.0,-0.35
07:33:37,"[324.0, 18]","[320.67, 21]","[333.0, 32]","[462.0, 32]",328.5,103,9.0,-0.24
07:33:38,"[324.0, 48]","[316.0, 84]","[333.0, 48]","[432.25, 48]",328.5,228,9.0,0.16
07:33:39,"[319.23, 47]","[315.59, 41]","[333.0, 44]","[472.04, 53]",326.12,185,13.77,-0.05
07:33:40,"[316.22, 72]","[291.22, 65]","[331.92, 48]","[416.15, 84]",324.07,269,15.69,0.02
07:33:41,"[316.0, 64]","[310.38, 16]","[331.0, 32]","[334.0, 50]",323.5,162,15.0,-0.01
07:33:42,"[316.0, 80]","[313.0, 20]","[329.1, 40]","[334.0, 50]",322.55,190,13.1,0.05
07:33:43,"[316.0, 28]","[313.0, 14]","[328.57, 28]","[334.0, 35]",322.29,105,12.57,-0.2
07:33:44,"[316.0, 52]","[313.0, 26]","[325.47, 38]","[329.53, 55]",320.74,171,9.47,-0.09
07:33:45,"[318.05, 183]","[316.71, 153]","[321.14, 42]","[322.43, 60]",319.6,438,3.09,0.53
07:33:46,"[320.0, 131]","[317.0, 108]","[322.0, 36]","[326.0, 18]",321.0,293,2.0,0.63
07:33:47,"[320.21, 171]","[317.96, 104]","[323.65, 34]","[328.22, 45]",321.93,354,3.44,0.55
07:33:48,"[321.75, 170]","[320.44, 126]","[326.0, 28]","[328.0, 70]",323.88,394,4.25,0.5
07:33:49,"[324.58, 151]","[323.11, 72]","[327.67, 60]","[369.46, 63]",326.12,346,3.09,0.29
07:33:50,"[325.0, 81]","[324.0, 88]","[328.0, 55]","[609.55, 11]",326.5,235,3.0,0.44
07:33:51,"[326.0, 38]","[324.0, 64]","[328.0, 40]","[398.88, 8]",327.0,150,2.0,0.36
07:33:52,"[326.0, 10]","[324.0, 80]","[327.0, 30]","[329.8, 50]",326.5,170,1.0,0.06
07:33:53,"[324.0, 88]","[320.0, 22]","[330.07, 28]","[333.09, 47]",327.04,185,6.07,0.19
07:33:54,"[324.0, 94]","[320.0, 26]","[329.0, 26]","[331.0, 65]",326.5,211,5.0,0.14
07:33:55,"[324.0, 60]","[320.0, 20]","[328.38, 32]","[336.89, 38]",326.19,150,4.38,0.07
07:33:56,"[324.0, 67]","[320.0, 24]","[326.25, 60]","[329.0, 24]",325.12,175,2.25,0.04
07:33:57,"[323.27, 11]","[319.57, 21]","[325.0, 20]","[327.3, 50]",324.14,102,1.73,-0.37
07:33:58,"[320.0, 20]","[317.0, 30]","[323.59, 34]","[332.24, 29]",321.79,113,3.59,-0.12
07:33:59,"[320.0, 11]","[317.0, 30]","[322.46, 26]","[323.35, 34]",321.23,101,2.46,-0.19
07:34:00,"[320.0, 12]","[317.0, 36]","[321.27, 37]","[322.59, 34]",320.64,119,1.27,-0.19
07:34:01,"[316.27, 92]","[312.94, 143]","[319.48, 31]","[373.35, 48]",317.88,314,3.21,0.5
07:34:02,"[316.0, 126]","[308.0, 99]","[318.0, 27]","[319.0, 9]",317.0,261,2.0,0.72
07:34:03,"[316.09, 138]","[311.07, 146]","[318.07, 45]","[321.77, 13]",317.08,342,1.98,0.66
07:34:04,"[316.0, 168]","[308.0, 25]","[317.78, 32]","[318.12, 40]",316.89,265,1.78,0.46
07:34:05,"[314.5, 32]","[307.31, 78]","[329.0, 12]","[415.25, 12]",321.75,134,14.5,0.64
07:34:06,"[318.32, 19]","[313.08, 24]","[333.0, 11]","[539.73, 11]",325.66,65,14.68,0.32
07:34:07,"[315.97, 30]","[314.09, 11]","[361.7, 10]","[572.0, 13]",338.83,64,45.73,0.28
07:34:08,"[316.18, 38]","[315.76, 37]","[370.93, 28]","[459.57, 23]",343.56,126,54.74,0.19
07:34:09,"[316.0, 8]","[315.0, 8]","[329.0, 24]","[330.12, 16]",322.5,56,13.0,-0.43
07:34:10,"[316.38, 13]","[315.38, 13]","[328.08, 39]","[332.62, 26]",322.23,91,11.69,-0.43
07:34:11,"[317.22, 9]","[316.22, 9]","[327.56, 27]","[334.0, 18]",322.39,63,10.33,-0.43
07:34:12,"[318.64, 11]","[317.0, 11]","[326.0, 33]","[334.0, 22]",322.32,77,7.36,-0.43
07:34:13,"[317.29, 7]","[316.14, 7]","[326.0, 21]","[331.86, 14]",321.64,49,8.71,-0.43
07:34:14,"[317.0, 18]","[316.0, 73]","[324.56, 54]","[325.94, 48]",320.78,193,7.56,-0.06
07:34:15,"[317.0, 11]","[316.0, 66]","[320.27, 33]","[322.0, 33]",318.64,143,3.27,0.08
07:34:16,"[316.78, 9]","[315.93, 43]","[318.62, 24]","[322.0, 24]",317.7,100,1.85,0.04
07:34:17,"[316.0, 22]","[313.0, 11]","[317.91, 33]","[322.0, 33]",316.95,99,1.91,-0.33
07:34:18,"[314.29, 14]","[309.48, 42]","[320.64, 33]","[328.4, 25]",317.46,114,6.35,-0.02
07:34:19,"[313.0, 12]","[310.6, 50]","[320.38, 34]","[323.94, 16]",316.69,112,7.38,0.11
07:34:20,"[309.32, 38]","[307.55, 29]","[320.0, 30]","[321.0, 10]",314.66,107,10.68,0.25
07:34:21,"[309.57, 47]","[307.04, 53]","[318.06, 17]","[319.85, 33]",313.82,150,8.48,0.33
07:34:22,"[310.0, 30]","[307.0, 50]","[314.74, 23]","[315.43, 23]",312.37,126,4.74,0.27
07:34:23,"[310.69, 39]","[305.36, 77]","[312.94, 34]","[314.42, 36]",311.82,186,2.25,0.25
07:34:24,"[304.46, 84]","[278.69, 90]","[314.71, 34]","[318.95, 20]",309.59,228,10.24,0.53
07:34:25,"[306.27, 49]","[304.98, 45]","[319.12, 42]","[320.66, 29]",312.69,165,12.85,0.14
07:34:26,"[309.31, 58]","[307.79, 47]","[317.93, 15]","[320.0, 75]",313.62,195,8.62,0.08
07:34:27,"[313.49, 77]","[311.57, 51]","[317.9, 20]","[320.68, 79]",315.7,227,4.41,0.13
07:34:28,"[318.39, 18]","[316.47, 38]","[321.88, 32]","[325.8, 41]",320.13,129,3.49,-0.13
07:34:29,"[321.19, 21]","[320.84, 19]","[325.06, 47]","[326.06, 34]",323.13,121,3.87,-0.34
07:34:30,"[324.0, 8]","[323.0, 16]","[326.0, 24]","[328.0, 8]",325.0,56,2.0,-0.14
07:34:31,"[322.61, 23]","[320.38, 13]","[326.0, 30]","[328.0, 10]",324.3,76,3.39,-0.05
07:34:32,"[316.0, 36]","[309.0, 18]","[326.0, 18]","[328.0, 6]",321.0,78,10.0,0.38
07:34:33,"[316.0, 48]","[309.0, 24]","[324.0, 24]","[327.81, 31]",320.0,127,8.0,0.13
07:34:34,"[316.0, 50]","[309.0, 18]","[323.0, 18]","[327.56, 9]",319.5,95,7.0,0.43
07:34:35,"[316.0, 40]","[309.0, 36]","[323.0, 24]","[327.0, 8]",319.5,108,7.0,0.41
07:34:36,"[316.73, 41]","[313.29, 51]","[322.18, 49]","[325.11, 19]",319.46,160,5.45,0.15
07:34:37,"[316.0, 45]","[310.0, 27]","[321.56, 36]","[332.0, 9]",318.78,117,5.56,0.23
07:34:38,"[316.85, 67]","[314.29, 21]","[320.8, 20]","[332.0, 5]",318.83,113,3.95,0.56
07:34:39,"[318.0, 266]","[316.0, 70]","[319.83, 48]","[324.62, 26]",318.92,410,1.83,0.64
07:34:40,"[318.0, 138]","[316.0, 40]","[319.0, 16]","[320.77, 26]",318.5,220,1.0,0.62
07:34:41,"[318.51, 138]","[316.0, 65]","[328.59, 41]","[335.5, 30]",323.55,274,10.08,0.48
07:34:42,"[320.48, 230]","[316.59, 61]","[329.13, 92]","[330.13, 92]",324.8,475,8.65,0.23
07:34:43,"[321.3, 100]","[316.21, 38]","[328.5, 40]","[330.9, 40]",324.9,218,7.2,0.27
07:34:44,"[323.0, 142]","[316.0, 75]","[327.0, 60]","[331.13, 60]",325.0,337,4.0,0.29
07:34:45,"[324.24, 102]","[317.0, 34]","[326.82, 68]","[333.0, 68]",325.53,272,2.59,0.0
07:34:46,"[318.22, 92]","[316.47, 38]","[332.46, 52]","[335.7, 40]",325.34,222,14.24,0.17
07:34:47,"[319.56, 160]","[317.0, 32]","[333.0, 64]","[340.69, 48]",326.28,304,13.44,0.26
07:34:48,"[321.57, 140]","[317.0, 44]","[333.0, 56]","[339.38, 16]",327.29,256,11.43,0.44
07:34:49,"[322.0, 120]","[317.0, 60]","[323.8, 50]","[333.5, 48]",322.9,278,1.8,0.29
07:34:50,"[322.0, 175]","[317.0, 90]","[323.0, 87]","[324.89, 72]",322.5,424,1.0,0.25
07:34:51,"[317.57, 44]","[316.33, 15]","[325.5, 24]","[332.11, 36]",321.53,119,7.93,-0.01
07:34:52,"[317.0, 16]","[316.0, 4]","[326.0, 16]","[337.0, 16]",321.5,52,9.0,-0.23
07:34:53,"[317.0, 90]","[313.02, 303]","[326.0, 60]","[337.0, 60]",321.5,513,9.0,0.53
07:34:54,"[317.0, 84]","[314.0, 20]","[325.5, 32]","[329.67, 48]",321.25,184,8.5,0.13
07:34:55,"[317.0, 49]","[314.0, 14]","[328.33, 30]","[331.86, 28]",322.67,121,11.33,0.04
07:34:56,"[317.75, 64]","[316.33, 33]","[328.0, 96]","[332.67, 48]",322.88,241,10.25,-0.2
07:34:57,"[322.26, 76]","[320.84, 50]","[327.29, 84]","[328.1, 120]",324.77,330,5.02,-0.24
07:34:58,"[324.17, 116]","[322.26, 94]","[327.27, 60]","[328.6, 60]",325.72,330,3.09,0.27
07:34:59,"[324.0, 140]","[317.0, 70]","[329.0, 56]","[330.0, 56]",326.5,322,5.0,0.3
07:35:00,"[324.0, 60]","[317.0, 30]","[329.0, 24]","[330.83, 24]",326.5,138,5.0,0.3
07:35:01,"[322.22, 54]","[318.67, 92]","[329.0, 56]","[331.0, 56]",325.61,258,6.78,0.13
07:35:02,"[324.02, 124]","[320.16, 50]","[329.0, 56]","[331.0, 56]",326.51,286,4.98,0.22
07:35:03,"[325.0, 104]","[321.72, 39]","[329.0, 36]","[331.0, 36]",327.0,215,4.0,0.33
07:35:04,"[324.84, 49]","[319.57, 28]","[329.0, 44]","[331.0, 44]",326.92,165,4.16,-0.07
07:35:05,"[321.0, 6]","[317.0, 30]","[329.0, 24]","[331.0, 24]",325.0,84,8.0,-0.14
07:35:06,"[321.0, 6]","[317.0, 30]","[329.0, 24]","[331.0, 24]",325.0,84,8.0,-0.14
07:35:07,"[321.0, 11]","[317.0, 55]","[328.07, 14]","[330.0, 44]",324.54,124,7.07,0.06
07:35:08,"[321.75, 16]","[318.5, 32]","[326.44, 16]","[331.37, 70]",324.09,134,4.69,-0.28
07:35:09,"[322.62, 16]","[321.0, 16]","[325.19, 16]","[334.0, 80]",323.91,128,2.56,-0.5
07:35:10,"[320.43, 14]","[313.96, 28]","[332.37, 38]","[334.89, 38]",326.4,118,11.94,-0.29
07:35:11,"[317.0, 64]","[315.58, 129]","[332.0, 72]","[333.0, 74]",324.5,339,15.0,0.14
07:35:12,"[316.0, 18]","[310.0, 9]","[332.0, 12]","[333.0, 15]",324.0,54,16.0,0.0
07:35:13,"[316.0, 60]","[310.0, 30]","[331.24, 34]","[332.12, 16]",323.62,140,15.24,0.29
07:35:14,"[316.03, 105]","[311.5, 72]","[326.89, 37]","[328.17, 46]",321.46,260,10.86,0.36
07:35:15,"[316.0, 36]","[310.88, 25]","[319.83, 30]","[322.33, 24]",317.92,115,3.83,0.06
07:35:16,"[316.0, 39]","[311.0, 26]","[318.0, 52]","[319.0, 13]",317.0,130,2.0,0.0
07:35:17,"[317.47, 38]","[311.58, 48]","[325.33, 54]","[323.1, 20]",321.4,160,7.86,0.07
07:35:18,"[313.04, 92]","[311.62, 52]","[325.95, 58]","[327.23, 26]",319.5,228,12.9,0.26
07:35:19,"[312.0, 88]","[311.0, 25]","[324.62, 21]","[325.28, 47]",318.31,181,12.62,0.25
07:35:20,"[311.93, 86]","[310.69, 29]","[322.73, 15]","[324.78, 45]",317.33,175,10.8,0.31
07:35:21,"[311.89, 36]","[310.73, 22]","[322.7, 10]","[324.84, 38]",317.29,106,10.81,0.09
07:35:22,"[313.48, 54]","[311.6, 30]","[319.82, 39]","[325.7, 27]",316.65,150,6.34,0.12
07:35:23,"[314.0, 33]","[312.0, 22]","[315.24, 51]","[325.56, 27]",314.62,133,1.24,-0.17
07:35:24,"[314.0, 36]","[312.0, 24]","[325.0, 14]","[326.17, 24]",319.5,98,11.0,0.22
07:35:25,"[315.83, 54]","[310.21, 156]","[320.52, 50]","[322.18, 34]",318.18,294,4.69,0.43
07:35:26,"[311.25, 72]","[308.72, 199]","[317.86, 50]","[322.12, 33]",314.56,354,6.61,0.53
07:35:27,"[309.0, 33]","[308.0, 154]","[321.09, 22]","[323.21, 29]",315.05,238,12.09,0.57
07:35:28,"[309.21, 42]","[308.05, 162]","[319.86, 28]","[323.83, 60]",314.54,292,10.64,0.4
07:35:29,"[310.41, 37]","[309.71, 55]","[318.24, 42]","[323.56, 90]",314.32,224,7.83,-0.18
07:35:30,"[310.38, 24]","[308.09, 92]","[321.43, 28]","[324.43, 28]",315.9,172,11.05,0.35
07:35:31,"[315.8, 10]","[309.16, 49]","[324.0, 40]","[327.0, 10]",319.9,109,8.2,0.08
07:35:32,"[318.92, 13]","[317.89, 45]","[324.0, 52]","[327.0, 13]",321.46,123,5.08,-0.06
07:35:33,"[319.67, 9]","[318.0, 45]","[324.0, 36]","[327.0, 9]",321.83,99,4.33,0.09
07:35:34,"[320.94, 36]","[318.82, 17]","[324.0, 36]","[327.0, 9]",322.47,98,3.06,0.08
07:35:35,"[322.03, 29]","[321.29, 42]","[324.26, 57]","[327.35, 34]",323.15,162,2.23,-0.12
07:35:36,"[323.0, 8]","[318.0, 40]","[327.0, 40]","[328.0, 24]",325.0,112,4.0,-0.14
07:35:37,"[322.84, 19]","[317.86, 87]","[327.0, 85]","[328.0, 51]",324.92,242,4.16,-0.12
07:35:38,"[318.0, 16]","[317.0, 48]","[327.0, 40]","[328.0, 24]",322.5,128,9.0,0.0
07:35:39,"[318.0, 28]","[317.0, 84]","[325.36, 14]","[327.0, 70]",321.68,196,7.36,0.14
07:35:40,"[318.0, 22]","[317.0, 66]","[324.36, 11]","[327.06, 53]",321.18,152,6.36,0.16
07:35:41,"[318.0, 22]","[317.0, 66]","[323.45, 11]","[327.69, 26]",320.73,125,5.45,0.41
07:35:42,"[321.35, 74]","[317.25, 48]","[323.33, 12]","[326.4, 20]",322.34,154,1.98,0.58
07:35:43,"[322.0, 140]","[318.03, 37]","[324.0, 14]","[328.0, 42]",323.0,233,2.0,0.52
07:35:44,"[322.0, 135]","[319.0, 14]","[326.79, 24]","[329.35, 60]",324.4,233,4.79,0.28
07:35:45,"[322.0, 90]","[319.0, 10]","[329.0, 30]","[330.0, 35]",325.5,165,7.0,0.21
07:35:46,"[322.05, 76]","[321.08, 26]","[329.0, 30]","[330.0, 20]",325.53,152,6.95,0.34
07:35:47,"[325.12, 32]","[322.0, 144]","[329.0, 48]","[330.0, 32]",327.06,256,3.88,0.38
07:35:48,"[322.61, 62]","[321.4, 45]","[329.0, 39]","[330.0, 26]",325.81,172,6.39,0.24
07:35:49,"[322.0, 60]","[319.0, 10]","[329.0, 30]","[330.0, 20]",325.5,120,7.0,0.17
07:35:50,"[321.45, 22]","[318.13, 23]","[328.79, 19]","[329.62, 16]",325.12,80,7.33,0.12
07:35:51,"[319.0, 9]","[318.0, 45]","[328.0, 18]","[329.0, 27]",323.5,99,9.0,0.09
07:35:52,"[319.0, 9]","[318.0, 45]","[327.0, 18]","[328.89, 27]",323.0,99,8.0,0.09
07:35:53,"[318.35, 17]","[314.2, 137]","[325.7, 40]","[327.62, 48]",322.03,242,7.35,0.27
07:35:54,"[318.0, 13]","[316.0, 91]","[321.83, 36]","[322.6, 35]",319.92,175,3.83,0.19
07:35:55,"[316.99, 79]","[313.19, 145]","[319.09, 44]","[320.3, 23]",318.04,291,2.1,0.54
07:35:56,"[314.51, 37]","[310.51, 39]","[317.7, 66]","[321.47, 30]",316.11,172,3.18,-0.12
07:35:57,"[313.0, 12]","[310.0, 12]","[317.06, 16]","[318.02, 56]",315.03,96,4.06,-0.5
07:35:58,"[310.44, 27]","[303.76, 76]","[316.28, 43]","[319.32, 82]",313.36,228,5.83,-0.1
07:35:59,"[308.89, 9]","[307.4, 10]","[312.0, 18]","[318.0, 45]",310.44,82,3.11,-0.54
07:36:00,"[310.11, 18]","[304.45, 40]","[312.0, 36]","[317.33, 90]",311.06,184,1.89,-0.37
07:36:01,"[312.33, 12]","[302.2, 49]","[315.86, 57]","[320.81, 16]",314.1,134,3.53,-0.09
07:36:02,"[314.93, 28]","[308.24, 25]","[316.0, 87]","[323.0, 15]",315.46,155,1.07,-0.32
07:36:03,"[306.3, 46]","[303.61, 23]","[315.61, 41]","[321.38, 13]",310.96,123,9.31,0.12
07:36:04,"[305.0, 35]","[301.0, 7]","[312.0, 28]","[316.0, 21]",308.5,91,7.0,-0.08
07:36:05,"[305.0, 50]","[301.0, 10]","[312.0, 40]","[316.29, 28]",308.5,128,7.0,-0.06
07:36:06,"[305.0, 55]","[301.0, 11]","[311.9, 40]","[314.77, 26]",308.45,132,6.9,0.0
07:36:07,"[305.0, 60]","[301.0, 12]","[311.0, 24]","[312.0, 48]",308.0,144,6.0,0.0
07:36:08,"[305.0, 60]","[301.0, 12]","[311.0, 24]","[312.0, 48]",308.0,144,6.0,0.0
07:36:09,"[305.0, 70]","[301.0, 14]","[310.13, 75]","[311.53, 38]",307.57,197,5.13,-0.15
07:36:10,"[305.0, 55]","[299.32, 19]","[309.4, 67]","[310.16, 38]",307.2,179,4.4,-0.17
07:36:11,"[305.72, 18]","[304.82, 67]","[309.44, 63]","[310.33, 42]",307.58,190,3.72,-0.11
07:36:12,"[306.11, 9]","[305.0, 45]","[310.0, 36]","[311.0, 18]",308.06,108,3.89,0.0
07:36:13,"[307.0, 27]","[304.86, 57]","[314.27, 30]","[316.35, 51]",310.63,165,7.27,0.02
07:36:14,"[307.0, 22]","[299.5, 32]","[316.97, 29]","[317.71, 63]",311.98,146,9.97,-0.26
07:36:15,"[307.43, 7]","[299.0, 14]","[318.0, 28]","[320.0, 28]",312.71,77,10.57,-0.45
07:36:16,"[308.0, 17]","[300.88, 34]","[317.47, 76]","[319.06, 68]",312.74,195,9.47,-0.48
07:36:17,"[308.93, 15]","[301.0, 30]","[316.16, 62]","[317.11, 73]",312.55,180,7.23,-0.5
07:36:18,"[309.33, 9]","[298.5, 28]","[316.0, 36]","[317.0, 45]",312.67,118,6.67,-0.37
07:36:19,"[311.7, 10]","[296.6, 50]","[316.0, 40]","[317.0, 50]",313.85,150,4.3,-0.2
07:36:20,"[312.0, 9]","[298.95, 19]","[316.0, 36]","[317.0, 45]",314.0,109,4.0,-0.49
07:36:21,"[301.38, 29]","[297.21, 66]","[315.38, 39]","[316.58, 60]",308.38,194,14.01,-0.02
07:36:22,"[306.07, 45]","[303.05, 38]","[316.0, 52]","[317.0, 87]",311.03,222,9.93,-0.25
07:36:23,"[308.5, 18]","[306.55, 22]","[316.22, 9]","[317.07, 60]",312.36,109,7.72,-0.27
07:36:24,"[310.06, 36]","[308.62, 39]","[315.3, 23]","[317.17, 41]",312.68,139,5.25,0.08
07:36:25,"[311.27, 45]","[310.0, 30]","[314.0, 60]","[316.0, 15]",312.63,150,2.73,0.0
07:36:26,"[311.76, 37]","[297.52, 170]","[315.43, 21]","[319.48, 69]",313.59,297,3.67,0.39
07:36:27,"[313.23, 26]","[300.24, 169]","[315.15, 13]","[316.95, 21]",314.19,229,1.92,0.7
07:36:28,"[302.0, 108]","[301.0, 63]","[316.0, 25]","[319.67, 45]",309.0,241,14.0,0.42
07:36:29,"[302.08, 65]","[301.47, 102]","[316.0, 26]","[323.0, 50]",309.04,243,13.92,0.37
07:36:30,"[303.95, 22]","[301.1, 97]","[316.0, 12]","[323.0, 62]",309.98,193,12.05,0.23
07:36:31,"[305.14, 21]","[304.2, 15]","[316.0, 9]","[323.0, 63]",310.57,108,10.86,-0.33
07:36:32,"[307.91, 33]","[306.0, 11]","[321.98, 41]","[323.32, 62]",314.94,147,14.07,-0.4
07:36:33,"[308.17, 36]","[306.0, 12]","[323.0, 84]","[324.0, 48]",315.58,180,14.83,-0.47
07:36:34,"[309.0, 36]","[306.0, 12]","[320.97, 63]","[322.59, 56]",314.98,167,11.97,-0.43
07:36:35,"[310.12, 16]","[309.0, 28]","[313.0, 26]","[314.63, 38]",311.56,108,2.88,-0.19
07:36:36,"[311.73, 15]","[310.73, 15]","[314.0, 17]","[317.0, 60]",312.87,107,2.27,-0.44
07:36:37,"[312.73, 15]","[302.44, 64]","[315.59, 29]","[317.15, 54]",314.16,162,2.85,-0.02
07:36:38,"[301.78, 97]","[300.84, 163]","[315.0, 33]","[317.0, 80]",308.39,373,13.22,0.39
07:36:39,"[300.0, 108]","[299.0, 9]","[317.0, 27]","[323.0, 18]",308.5,162,17.0,0.44
07:36:40,"[300.45, 22]","[299.87, 55]","[317.0, 33]","[323.83, 12]",308.73,122,16.55,0.26
07:36:41,"[302.17, 12]","[300.71, 14]","[314.1, 29]","[318.35, 26]",308.14,81,11.94,-0.36
07:36:42,"[316.41, 87]","[302.41, 29]","[318.39, 59]","[319.78, 49]",317.4,224,1.98,0.04
07:36:43,"[318.15, 75]","[314.71, 136]","[321.62, 65]","[322.41, 27]",319.88,303,3.47,0.39
07:36:44,"[318.0, 160]","[312.26, 38]","[321.97, 62]","[322.79, 19]",319.98,279,3.97,0.42
07:36:45,"[318.04, 111]","[317.39, 36]","[320.15, 26]","[323.85, 52]",319.09,225,2.12,0.31
07:36:46,"[318.1, 100]","[313.92, 98]","[320.0, 22]","[325.0, 44]",319.05,264,1.9,0.5
07:36:47,"[318.21, 95]","[314.5, 100]","[323.69, 32]","[326.36, 22]",320.95,249,5.48,0.57
07:36:48,"[319.29, 28]","[318.0, 105]","[325.0, 28]","[333.43, 7]",322.14,168,5.71,0.58
07:36:49,"[320.92, 48]","[318.0, 180]","[328.75, 40]","[338.71, 17]",324.83,285,7.83,0.6
07:36:50,"[322.0, 37]","[318.0, 150]","[328.0, 50]","[333.03, 31]",325.0,268,6.0,0.4
07:36:51,"[322.0, 10]","[318.0, 120]","[328.0, 40]","[332.0, 8]",325.0,178,6.0,0.46
07:36:52,"[322.54, 13]","[318.0, 195]","[328.0, 65]","[332.0, 13]",325.27,286,5.46,0.45
07:36:53,"[323.46, 13]","[318.0, 195]","[328.0, 65]","[332.0, 13]",325.73,286,4.54,0.45
07:36:54,"[324.0, 13]","[318.0, 195]","[328.0, 65]","[332.0, 13]",326.0,286,4.0,0.45
07:36:55,"[324.99, 146]","[320.22, 68]","[327.64, 70]","[329.41, 37]",326.32,321,2.65,0.33
07:36:56,"[325.0, 156]","[319.58, 124]","[327.94, 51]","[329.84, 57]",326.47,388,2.94,0.44
07:36:57,"[325.0, 155]","[322.0, 84]","[326.75, 48]","[329.0, 60]",325.88,347,1.75,0.38
07:36:58,"[323.95, 111]","[322.4, 149]","[328.81, 64]","[334.49, 41]",326.38,365,4.87,0.42
07:36:59,"[325.26, 95]","[323.62, 168]","[334.4, 50]","[335.96, 78]",329.83,391,9.14,0.35
07:37:00,"[328.0, 26]","[326.0, 188]","[335.0, 39]","[336.0, 65]",331.5,318,7.0,0.35
07:37:01,"[328.0, 20]","[326.0, 200]","[333.5, 30]","[335.29, 34]",330.75,284,5.5,0.55
07:37:02,"[328.0, 18]","[326.0, 180]","[332.22, 27]","[336.0, 45]",330.11,270,4.22,0.47
07:37:03,"[326.52, 46]","[325.58, 134]","[332.0, 24]","[336.0, 40]",329.26,244,5.48,0.48
07:37:04,"[326.0, 221]","[322.0, 91]","[332.0, 39]","[342.62, 53]",329.0,404,6.0,0.54
07:37:05,"[326.0, 238]","[322.0, 98]","[329.93, 42]","[331.7, 44]",327.96,422,3.93,0.59
07:37:06,"[326.0, 241]","[322.0, 77]","[328.73, 33]","[329.82, 33]",327.36,384,2.73,0.66
07:37:07,"[326.0, 223]","[322.0, 77]","[327.0, 28]","[337.16, 49]",326.5,377,1.0,0.59
07:37:08,"[326.02, 207]","[322.8, 82]","[340.2, 60]","[345.38, 55]",333.11,404,14.18,0.43
07:37:09,"[327.0, 13]","[326.0, 56]","[347.0, 24]","[350.0, 40]",337.0,133,20.0,0.04
07:37:10,"[327.0, 10]","[326.0, 70]","[347.0, 30]","[350.0, 50]",337.0,160,20.0,0.0
07:37:11,"[327.0, 10]","[326.0, 70]","[341.38, 48]","[347.47, 32]",334.19,160,14.38,0.0
07:37:12,"[327.0, 9]","[326.0, 63]","[341.0, 45]","[347.0, 27]",334.0,144,14.0,0.0
07:37:13,"[326.25, 28]","[324.8, 70]","[341.0, 50]","[347.8, 30]",333.62,178,14.75,0.1
07:37:14,"[326.0, 42]","[322.0, 42]","[341.0, 30]","[348.0, 18]",333.5,132,15.0,0.27
07:37:15,"[326.0, 76]","[321.27, 77]","[341.0, 55]","[348.0, 33]",333.5,241,15.0,0.27
07:37:16,"[326.0, 74]","[320.58, 69]","[340.14, 70]","[342.67, 45]",333.07,258,14.14,0.11
07:37:17,"[326.0, 56]","[322.0, 40]","[339.62, 64]","[341.12, 33]",332.81,193,13.62,-0.01
07:37:18,"[326.0, 111]","[322.0, 80]","[335.78, 68]","[337.52, 42]",330.89,301,9.78,0.27
07:37:19,"[326.0, 60]","[322.0, 50]","[329.6, 47]","[330.55, 40]",327.8,197,3.6,0.12
07:37:20,"[326.0, 35]","[322.0, 55]","[327.6, 50]","[330.81, 37]",326.8,177,1.6,0.02
07:37:21,"[326.0, 10]","[322.0, 50]","[327.3, 50]","[340.0, 20]",326.65,130,1.3,-0.08
07:37:22,"[322.92, 39]","[321.03, 87]","[333.03, 73]","[343.17, 63]",327.98,262,10.1,-0.04
07:37:23,"[322.0, 45]","[319.92, 61]","[338.44, 36]","[341.7, 57]",330.22,199,16.44,0.07
07:37:24,"[322.0, 10]","[319.0, 50]","[335.6, 40]","[337.3, 46]",328.8,146,13.6,-0.18
07:37:25,"[322.0, 14]","[319.0, 70]","[334.21, 56]","[336.0, 64]",328.11,204,12.21,-0.18
07:37:26,"[322.0, 10]","[319.88, 82]","[333.57, 28]","[335.39, 57]",327.79,177,11.57,0.04
07:37:27,"[322.0, 10]","[320.0, 90]","[331.73, 22]","[332.14, 28]",326.86,150,9.73,0.33
07:37:28,"[322.0, 10]","[320.0, 90]","[329.39, 28]","[332.41, 17]",325.7,145,7.39,0.38
07:37:29,"[321.62, 190]","[319.88, 102]","[328.86, 42]","[331.0, 62]",325.24,396,7.24,0.47
07:37:30,"[323.33, 132]","[321.86, 256]","[326.08, 36]","[327.11, 44]",324.7,468,2.76,0.66
07:37:31,"[324.0, 68]","[322.0, 170]","[325.5, 16]","[326.32, 38]",324.75,292,1.5,0.63
07:37:32,"[325.0, 32]","[322.0, 238]","[326.98, 43]","[337.46, 74]",325.99,387,1.98,0.4
07:37:33,"[325.0, 20]","[322.0, 170]","[327.0, 30]","[340.0, 90]",326.0,310,2.0,0.23
07:37:34,"[323.3, 88]","[321.97, 292]","[337.55, 92]","[340.07, 96]",330.42,568,14.26,0.34
07:37:35,"[322.04, 260]","[320.96, 130]","[335.72, 36]","[339.17, 106]",328.88,532,13.68,0.47
07:37:36,"[323.0, 80]","[322.0, 272]","[329.05, 22]","[332.2, 70]",326.02,444,6.05,0.59
07:37:37,"[323.23, 26]","[322.31, 98]","[327.0, 10]","[337.0, 50]",325.12,184,3.77,0.35
07:37:38,"[324.77, 22]","[322.08, 182]","[326.64, 14]","[337.0, 70]",325.71,288,1.87,0.42
07:37:39,"[322.0, 302]","[319.0, 54]","[323.54, 52]","[330.09, 44]",322.77,452,1.54,0.58
07:37:40,"[322.0, 192]","[319.0, 48]","[324.75, 32]","[336.46, 74]",323.38,346,2.75,0.39
07:37:41,"[322.0, 210]","[319.0, 54]","[323.5, 36]","[337.06, 54]",322.75,354,1.5,0.49
07:37:42,"[322.0, 110]","[318.5, 60]","[335.92, 52]","[337.82, 44]",328.96,266,13.92,0.28
07:37:43,"[322.0, 70]","[318.0, 120]","[336.17, 48]","[337.16, 38]",329.08,276,14.17,0.38
07:37:44,"[322.0, 84]","[318.36, 66]","[335.67, 60]","[337.89, 37]",328.83,247,13.67,0.21
07:37:45,"[322.11, 55]","[321.0, 63]","[334.23, 65]","[338.0, 39]",328.17,222,12.12,0.06
07:37:46,"[323.0, 14]","[322.0, 98]","[333.5, 70]","[337.16, 43]",328.25,225,10.5,-0.0
07:37:47,"[324.15, 13]","[322.0, 91]","[333.0, 73]","[335.0, 52]",328.58,229,8.85,-0.09
07:37:48,"[322.53, 78]","[321.11, 84]","[332.28, 90]","[335.0, 72]",327.4,324,9.75,0.0
07:37:49,"[325.05, 55]","[323.05, 83]","[332.0, 145]","[336.72, 67]",328.53,350,6.95,-0.21
07:37:50,"[327.0, 75]","[326.0, 45]","[331.4, 91]","[333.2, 60]",329.2,271,4.4,-0.11
07:37:51,"[326.45, 44]","[322.92, 52]","[330.58, 60]","[332.0, 48]",328.52,204,4.13,-0.06
07:37:52,"[326.0, 11]","[322.0, 45]","[330.0, 45]","[333.0, 40]",328.0,141,4.0,-0.21
07:37:53,"[326.0, 9]","[319.52, 29]","[329.89, 45]","[337.0, 72]",327.94,155,3.89,-0.51
07:37:54,"[326.0, 14]","[320.41, 34]","[329.0, 70]","[337.25, 96]",327.5,214,3.0,-0.55
07:37:55,"[326.0, 18]","[322.0, 36]","[327.75, 80]","[329.68, 82]",326.88,216,1.75,-0.5
07:37:56,"[326.0, 91]","[322.0, 30]","[327.0, 75]","[332.04, 46]",326.5,242,1.0,0.0
07:37:57,"[325.2, 40]","[320.71, 28]","[329.19, 53]","[337.67, 36]",327.19,157,3.99,-0.13
07:37:58,"[322.0, 30]","[319.0, 45]","[335.0, 15]","[336.0, 60]",328.5,150,13.0,0.0
07:37:59,"[318.0, 14]","[314.46, 84]","[332.55, 31]","[334.24, 34]",325.27,163,14.55,0.2
07:38:00,"[315.0, 14]","[313.0, 168]","[330.69, 29]","[331.12, 41]",322.84,252,15.69,0.44
07:38:01,"[315.0, 15]","[313.0, 180]","[329.6, 15]","[331.81, 42]",322.3,252,14.6,0.55
07:38:02,"[315.0, 14]","[313.0, 168]","[327.31, 16]","[328.08, 38]",321.16,236,12.31,0.54
07:38:03,"[315.55, 29]","[313.05, 160]","[324.71, 31]","[327.11, 37]",320.13,257,9.16,0.47
07:38:04,"[317.18, 68]","[315.0, 17]","[321.4, 45]","[323.39, 23]",319.29,153,4.22,0.11
07:38:05,"[318.6, 45]","[316.48, 23]","[324.0, 25]","[330.77, 57]",321.3,150,5.4,-0.09
07:38:06,"[320.9, 61]","[320.67, 18]","[326.06, 18]","[329.67, 36]",323.48,133,5.15,0.19
07:38:07,"[318.73, 74]","[317.94, 132]","[325.58, 19]","[331.58, 48]",322.15,273,6.85,0.51
07:38:08,"[319.0, 45]","[318.0, 150]","[323.03, 29]","[324.12, 16]",321.02,240,4.03,0.62
07:38:09,"[319.0, 39]","[318.0, 130]","[323.0, 26]","[324.0, 13]",321.0,208,4.0,0.62
07:38:10,"[319.0, 21]","[318.0, 70]","[323.0, 14]","[324.0, 7]",321.0,112,4.0,0.62
07:38:11,"[319.0, 35]","[318.0, 130]","[321.18, 17]","[325.79, 24]",320.09,206,2.18,0.6
07:38:12,"[318.03, 103]","[315.95, 40]","[332.06, 33]","[339.14, 29]",325.04,205,14.03,0.4
07:38:13,"[318.0, 132]","[310.0, 14]","[331.12, 32]","[336.11, 38]",324.56,216,13.12,0.35
07:38:14,"[319.0, 14]","[318.0, 84]","[325.0, 40]","[333.95, 38]",322.0,176,6.0,0.11
07:38:15,"[319.0, 15]","[318.0, 90]","[329.73, 56]","[335.7, 54]",324.37,215,10.73,-0.02
07:38:16,"[319.36, 11]","[318.0, 66]","[327.0, 87]","[335.0, 36]",323.18,200,7.64,-0.23
07:38:17,"[320.8, 15]","[318.0, 90]","[326.88, 123]","[332.86, 63]",323.84,291,6.08,-0.28
07:38:18,"[319.9, 29]","[317.52, 69]","[324.79, 70]","[327.0, 101]",322.34,269,4.89,-0.27
07:38:19,"[318.0, 70]","[307.5, 12]","[323.33, 60]","[327.83, 48]",320.67,190,5.33,-0.14
07:38:20,"[318.25, 32]","[315.27, 22]","[322.4, 50]","[332.0, 40]",320.32,144,4.15,-0.25
07:38:21,"[319.05, 20]","[317.77, 44]","[321.21, 70]","[332.0, 56]",320.13,190,2.16,-0.33
07:38:22,"[317.48, 23]","[315.4, 25]","[321.62, 65]","[331.87, 78]",319.55,191,4.14,-0.5
07:38:23,"[309.0, 12]","[308.0, 12]","[329.12, 51]","[331.64, 42]",319.06,117,20.12,-0.59
07:38:24,"[309.0, 9]","[308.0, 9]","[314.0, 18]","[323.67, 30]",311.5,66,5.0,-0.45
07:38:25,"[308.07, 14]","[306.14, 14]","[312.35, 31]","[314.36, 28]",310.21,87,4.28,-0.36
07:38:26,"[308.0, 12]","[306.0, 12]","[310.42, 36]","[312.0, 24]",309.21,84,2.42,-0.43
07:38:27,"[309.0, 16]","[306.2, 20]","[310.0, 48]","[311.06, 32]",309.5,116,1.0,-0.38
07:38:28,"[306.75, 8]","[304.12, 8]","[310.0, 18]","[311.0, 16]",308.38,50,3.25,-0.36
07:38:29,"[306.38, 16]","[302.56, 32]","[310.0, 32]","[311.0, 32]",308.19,112,3.62,-0.14
07:38:30,"[309.0, 3]","[306.0, 3]","[310.67, 6]","[313.67, 6]",309.83,18,1.67,-0.33
07:38:31,"[309.75, 12]","[308.25, 12]","[311.0, 24]","[315.0, 24]",310.38,72,1.25,-0.33
07:38:32,"[306.0, 20]","[302.75, 20]","[310.55, 40]","[313.8, 40]",308.27,120,4.55,-0.33
07:38:33,"[305.9, 40]","[302.9, 10]","[309.7, 20]","[310.78, 23]",307.8,93,3.8,0.08
07:38:34,"[306.24, 102]","[305.56, 41]","[310.0, 16]","[311.0, 26]",308.12,185,3.76,0.55
07:38:35,"[307.1, 60]","[306.0, 80]","[310.0, 10]","[311.0, 20]",308.55,170,2.9,0.65
07:38:36,"[308.0, 60]","[306.0, 80]","[315.25, 24]","[315.85, 13]",311.62,177,7.25,0.58
07:38:37,"[313.39, 101]","[306.76, 118]","[320.83, 30]","[323.65, 34]",317.11,283,7.45,0.55
07:38:38,"[322.78, 100]","[317.05, 63]","[324.83, 59]","[326.38, 50]",323.81,272,2.05,0.2
07:38:39,"[323.31, 48]","[322.0, 27]","[326.0, 45]","[357.16, 37]",324.66,157,2.69,-0.04
07:38:40,"[324.0, 45]","[322.0, 27]","[325.5, 28]","[341.24, 37]",324.75,137,1.5,0.05
07:38:41,"[324.0, 55]","[322.0, 33]","[325.0, 22]","[328.73, 22]",324.5,132,1.0,0.33
07:38:42,"[322.38, 26]","[319.2, 10]","[328.5, 16]","[329.95, 44]",325.44,96,6.12,-0.25
07:38:43,"[323.24, 72]","[321.69, 39]","[327.11, 76]","[329.74, 38]",325.17,225,3.87,-0.01
07:38:44,"[324.0, 54]","[322.45, 44]","[326.28, 72]","[332.28, 58]",325.14,228,2.28,-0.14
07:38:45,"[324.22, 23]","[322.91, 33]","[326.73, 44]","[333.76, 42]",325.47,142,2.51,-0.21
07:38:46,"[323.78, 27]","[321.56, 27]","[333.06, 35]","[334.1, 40]",328.42,129,9.28,-0.16
07:38:47,"[319.26, 19]","[313.48, 23]","[331.0, 65]","[333.54, 78]",325.13,185,11.74,-0.55
07:38:48,"[309.0, 14]","[305.0, 28]","[326.55, 49]","[328.53, 30]",317.78,121,17.55,-0.31
07:38:49,"[306.47, 19]","[304.1, 20]","[309.88, 33]","[318.03, 30]",308.18,102,3.41,-0.24
07:38:50,"[305.72, 50]","[303.5, 20]","[308.2, 45]","[309.15, 39]",306.96,154,2.48,-0.09
07:38:51,"[307.9, 120]","[302.86, 21]","[309.0, 54]","[311.0, 18]",308.45,213,1.1,0.32
07:38:52,"[308.0, 56]","[302.29, 7]","[309.0, 21]","[311.0, 7]",308.5,91,1.0,0.38
07:38:53,"[308.03, 29]","[304.0, 10]","[312.64, 22]","[314.76, 21]",310.34,82,4.6,-0.05
07:38:54,"[310.85, 20]","[306.6, 25]","[315.0, 56]","[316.0, 14]",312.93,115,4.15,-0.22
07:38:55,"[313.0, 12]","[312.0, 36]","[315.0, 48]","[316.0, 12]",314.0,108,2.0,-0.11
07:38:56,"[312.75, 16]","[310.67, 27]","[315.0, 37]","[316.0, 10]",313.88,90,2.25,-0.04
07:38:57,"[312.0, 24]","[306.0, 16]","[315.64, 25]","[317.8, 10]",313.82,75,3.64,0.07
07:38:58,"[314.69, 39]","[307.77, 31]","[319.0, 53]","[322.0, 45]",316.85,168,4.31,-0.17
07:38:59,"[317.6, 15]","[302.78, 27]","[321.0, 27]","[323.14, 21]",319.3,90,3.4,-0.07
07:39:00,"[317.8, 20]","[308.5, 16]","[321.3, 50]","[323.14, 28]",319.55,114,3.5,-0.37
07:39:01,"[318.0, 20]","[317.0, 10]","[321.0, 50]","[325.2, 30]",319.5,110,3.0,-0.45
07:39:02,"[317.72, 25]","[307.26, 23]","[322.7, 82]","[341.88, 57]",320.21,187,4.98,-0.49
07:39:03,"[321.93, 73]","[316.74, 124]","[324.0, 39]","[326.0, 52]",322.97,288,2.07,0.37
07:39:04,"[319.42, 93]","[316.5, 112]","[323.38, 39]","[326.0, 52]",321.4,296,3.97,0.39
07:39:05,"[317.0, 132]","[303.0, 11]","[321.81, 31]","[324.68, 25]",319.4,199,4.81,0.44
07:39:06,"[317.0, 77]","[303.0, 11]","[320.52, 23]","[321.19, 21]",318.76,132,3.52,0.33
07:39:07,"[317.0, 82]","[303.0, 13]","[318.65, 23]","[323.28, 32]",317.83,150,1.65,0.27
07:39:08,"[309.59, 17]","[302.05, 38]","[316.82, 11]","[326.35, 23]",313.2,89,7.23,0.24
07:39:09,"[303.0, 16]","[302.0, 64]","[315.25, 16]","[316.5, 16]",309.12,112,12.25,0.43
07:39:10,"[303.0, 9]","[302.0, 36]","[314.0, 9]","[315.56, 9]",308.5,63,11.0,0.43
07:39:11,"[303.0, 7]","[302.0, 28]","[312.0, 7]","[314.0, 7]",307.5,49,9.0,0.43
07:39:12,"[303.0, 8]","[302.0, 32]","[311.12, 8]","[312.25, 8]",307.06,56,8.12,0.43
07:39:13,"[304.18, 78]","[303.59, 54]","[310.0, 12]","[312.0, 12]",307.09,156,5.82,0.69
07:39:14,"[308.33, 164]","[306.67, 96]","[315.45, 66]","[316.29, 42]",311.89,368,7.13,0.41
07:39:15,"[311.76, 98]","[308.77, 138]","[316.78, 23]","[318.86, 43]",314.27,302,5.03,0.56
07:39:16,"[311.69, 166]","[307.84, 88]","[319.0, 27]","[321.04, 56]",315.34,337,7.31,0.51
07:39:17,"[313.46, 148]","[308.51, 90]","[317.0, 16]","[320.5, 48]",315.23,302,3.54,0.58
07:39:18,"[315.92, 78]","[314.88, 66]","[318.96, 23]","[320.91, 44]",317.44,211,3.03,0.36
07:39:19,"[317.27, 75]","[316.73, 75]","[320.0, 30]","[322.0, 40]",318.63,220,2.73,0.36
07:39:20,"[319.0, 51]","[317.22, 98]","[321.51, 37]","[324.69, 26]",320.26,212,2.51,0.41
07:39:21,"[319.66, 70]","[317.71, 115]","[322.5, 40]","[362.69, 32]",321.08,257,2.84,0.44
07:39:22,"[317.38, 48]","[316.1, 58]","[322.71, 14]","[345.5, 28]",320.04,148,5.34,0.43
07:39:23,"[320.22, 45]","[317.42, 38]","[322.0, 13]","[328.26, 46]",321.11,142,1.78,0.17
07:39:24,"[323.53, 68]","[320.64, 84]","[327.83, 70]","[329.62, 42]",325.68,264,4.3,0.15
07:39:25,"[326.15, 40]","[324.0, 90]","[327.81, 52]","[330.33, 51]",326.98,233,1.66,0.12
07:39:26,"[327.0, 20]","[319.0, 10]","[329.14, 28]","[331.36, 44]",328.07,102,2.14,-0.41
07:39:27,"[327.0, 22]","[319.0, 19]","[330.0, 44]","[333.0, 55]",328.5,140,3.0,-0.41
07:39:28,"[327.0, 14]","[326.0, 7]","[330.0, 28]","[333.0, 35]",328.5,84,3.0,-0.5
07:39:29,"[326.76, 21]","[323.31, 13]","[330.35, 48]","[349.25, 48]",328.56,130,3.59,-0.48
07:39:30,"[327.27, 124]","[325.22, 18]","[329.23, 57]","[331.78, 54]",328.25,253,1.95,0.12
07:39:31,"[328.0, 44]","[326.0, 11]","[331.64, 55]","[335.36, 55]",329.82,165,3.64,-0.33
07:39:32,"[328.0, 35]","[326.0, 9]","[336.0, 45]","[343.0, 45]",332.0,134,8.0,-0.34
07:39:33,"[328.0, 15]","[326.0, 14]","[336.0, 45]","[343.0, 45]",332.0,119,8.0,-0.51
07:39:34,"[328.0, 5]","[326.0, 30]","[336.0, 25]","[343.0, 25]",332.0,85,8.0,-0.18
07:39:35,"[326.67, 18]","[323.71, 84]","[336.0, 50]","[343.0, 50]",331.33,202,9.33,0.01
07:39:36,"[326.09, 33]","[322.1, 123]","[336.0, 55]","[343.0, 55]",331.05,266,9.91,0.17
07:39:37,"[327.0, 24]","[326.0, 24]","[336.0, 40]","[343.0, 40]",331.5,128,9.0,-0.25
07:39:38,"[327.0, 34]","[326.0, 36]","[336.0, 60]","[343.0, 60]",331.5,190,9.0,-0.26
07:39:39,"[327.0, 11]","[326.0, 33]","[335.74, 47]","[340.45, 55]",331.37,146,8.74,-0.4
07:39:40,"[326.62, 16]","[324.22, 54]","[334.75, 36]","[336.75, 60]",330.69,166,8.12,-0.16
07:39:41,"[322.71, 102]","[320.28, 127]","[334.0, 39]","[337.23, 65]",328.35,333,11.29,0.38
07:39:42,"[322.0, 156]","[318.0, 117]","[333.62, 39]","[340.0, 71]",327.81,383,11.62,0.43
07:39:43,"[322.0, 96]","[319.0, 48]","[332.75, 24]","[340.0, 64]",327.38,232,10.75,0.24
07:39:44,"[322.0, 144]","[319.0, 72]","[330.25, 36]","[336.92, 59]",326.12,311,8.25,0.39
07:39:45,"[322.01, 182]","[319.63, 114]","[330.0, 51]","[338.0, 85]",326.01,432,7.99,0.37
07:39:46,"[323.0, 13]","[322.0, 156]","[328.77, 39]","[337.51, 49]",325.88,257,5.77,0.32
07:39:47,"[322.08, 72]","[321.0, 108]","[326.89, 37]","[335.0, 37]",324.49,254,4.81,0.42
07:39:48,"[322.0, 56]","[319.0, 66]","[324.08, 39]","[330.14, 44]",323.04,205,2.08,0.19
07:39:49,"[322.0, 27]","[319.0, 54]","[324.0, 36]","[335.0, 45]",323.0,162,2.0,0.0
07:39:50,"[322.0, 36]","[319.0, 72]","[324.0, 48]","[335.0, 60]",323.0,216,2.0,0.0
07:39:51,"[322.0, 30]","[319.13, 45]","[323.5, 40]","[335.0, 50]",322.75,165,1.5,-0.09
07:39:52,"[322.0, 23]","[319.0, 48]","[323.0, 18]","[335.5, 40]",322.5,129,1.0,0.1
07:39:53,"[319.78, 27]","[318.89, 27]","[333.0, 26]","[337.33, 27]",326.39,107,13.22,0.01
07:39:54,"[319.17, 54]","[318.17, 72]","[334.2, 50]","[336.26, 54]",326.68,230,15.03,0.1
07:39:55,"[319.0, 32]","[318.0, 40]","[331.0, 24]","[334.0, 40]",325.0,136,12.0,0.06
07:39:56,"[319.0, 36]","[318.0, 45]","[329.11, 27]","[331.0, 27]",324.06,135,10.11,0.2
07:39:57,"[319.0, 48]","[318.0, 60]","[327.67, 36]","[331.54, 46]",323.33,190,8.67,0.14
07:39:58,"[322.35, 62]","[319.21, 33]","[326.71, 42]","[333.0, 70]",324.53,207,4.36,-0.08
07:39:59,"[324.09, 55]","[323.33, 30]","[326.0, 42]","[334.0, 70]",325.05,197,1.91,-0.14
07:40:00,"[322.7, 30]","[319.07, 45]","[332.43, 63]","[338.32, 57]",327.56,195,9.73,-0.23
07:40:01,"[318.45, 40]","[316.25, 60]","[333.93, 41]","[336.56, 54]",326.19,195,15.48,0.03
07:40:02,"[318.0, 36]","[312.56, 27]","[325.67, 30]","[334.15, 13]",321.83,106,7.67,0.19
07:40:03,"[318.78, 72]","[316.64, 44]","[321.88, 51]","[328.0, 33]",320.33,200,3.1,0.16
07:40:04,"[319.0, 72]","[318.0, 48]","[320.08, 24]","[324.5, 60]",319.54,204,1.08,0.18
07:40:05,"[319.0, 16]","[318.0, 16]","[320.0, 8]","[325.0, 20]",319.5,60,1.0,0.07
07:40:06,"[319.0, 28]","[318.0, 32]","[322.27, 22]","[326.17, 36]",320.64,118,3.27,0.02
07:40:07,"[319.0, 18]","[318.0, 36]","[325.0, 45]","[332.78, 23]",322.0,122,6.0,-0.11
07:40:08,"[318.0, 23]","[311.0, 36]","[325.0, 30]","[336.5, 6]",321.5,95,7.0,0.24
07:40:09,"[318.0, 36]","[311.0, 54]","[324.54, 39]","[326.43, 21]",321.27,150,6.54,0.2
07:40:10,"[318.0, 36]","[311.0, 54]","[323.0, 27]","[325.0, 54]",320.5,171,5.0,0.05
07:40:11,"[318.0, 48]","[311.0, 72]","[321.45, 58]","[324.8, 60]",319.72,238,3.45,0.01
07:40:12,"[318.52, 42]","[315.97, 59]","[320.75, 60]","[327.95, 20]",319.64,181,2.23,0.12
07:40:13,"[316.4, 30]","[308.77, 26]","[328.05, 22]","[329.17, 23]",322.22,101,11.65,0.11
07:40:14,"[310.93, 80]","[308.57, 56]","[323.94, 51]","[328.0, 30]",317.43,217,13.02,0.25
07:40:15,"[311.9, 80]","[310.3, 66]","[321.67, 45]","[328.0, 15]",316.78,206,9.77,0.42
07:40:16,"[314.0, 48]","[313.0, 48]","[321.0, 36]","[326.0, 48]",317.5,180,7.0,0.07
07:40:17,"[316.0, 60]","[314.0, 60]","[321.0, 45]","[325.0, 15]",318.5,180,5.0,0.33
07:40:18,"[317.96, 46]","[316.65, 68]","[321.08, 49]","[325.24, 21]",319.52,184,3.13,0.24
07:40:19,"[320.62, 52]","[319.69, 64]","[325.0, 18]","[326.0, 90]",322.81,224,4.38,0.04
07:40:20,"[321.09, 11]","[319.96, 23]","[325.0, 9]","[326.0, 45]",323.05,88,3.91,-0.23
07:40:21,"[322.33, 54]","[320.6, 30]","[324.13, 47]","[325.77, 39]",323.23,170,1.79,-0.01
07:40:22,"[318.67, 18]","[310.89, 18]","[323.17, 18]","[324.12, 17]",320.92,71,4.5,0.01
07:40:23,"[318.0, 11]","[311.14, 21]","[321.0, 11]","[322.5, 14]",319.5,57,3.0,0.12
07:40:24,"[310.71, 21]","[308.0, 21]","[323.33, 27]","[326.07, 82]",317.02,151,12.62,-0.44
07:40:25,"[309.0, 10]","[306.0, 10]","[326.0, 25]","[331.25, 40]",317.5,85,17.0,-0.53
07:40:26,"[317.68, 114]","[308.4, 15]","[325.73, 15]","[331.0, 75]",321.71,219,8.05,0.18
07:40:27,"[318.0, 75]","[312.0, 11]","[324.0, 26]","[331.0, 55]",321.0,167,6.0,0.03
07:40:28,"[318.0, 76]","[312.0, 18]","[323.09, 33]","[327.5, 30]",320.55,157,5.09,0.2
07:40:29,"[316.12, 16]","[309.92, 13]","[323.0, 26]","[327.69, 13]",319.56,68,6.88,-0.15
07:40:30,"[319.0, 16]","[312.46, 28]","[322.38, 32]","[331.02, 46]",320.69,122,3.38,-0.28
07:40:31,"[319.0, 17]","[313.0, 34]","[320.48, 58]","[324.69, 32]",319.74,141,1.48,-0.28
07:40:32,"[313.0, 30]","[308.0, 135]","[320.61, 31]","[326.85, 27]",316.81,223,7.61,0.48
07:40:33,"[313.0, 18]","[308.0, 81]","[317.07, 30]","[318.43, 21]",315.03,150,4.07,0.32
07:40:34,"[313.29, 34]","[307.88, 116]","[315.4, 40]","[319.0, 72]",314.35,262,2.11,0.15
07:40:35,"[312.4, 20]","[305.0, 118]","[316.0, 40]","[325.0, 100]",314.2,278,3.6,-0.01
07:40:36,"[312.0, 20]","[305.0, 130]","[315.9, 31]","[323.68, 82]",313.95,263,3.9,0.14
07:40:37,"[312.0, 28]","[305.0, 182]","[315.88, 34]","[321.57, 56]",313.94,300,3.88,0.4
07:40:38,"[312.0, 14]","[305.01, 79]","[316.0, 21]","[323.0, 28]",314.0,142,4.0,0.31
07:40:39,"[312.44, 27]","[305.34, 123]","[316.0, 36]","[323.0, 48]",314.22,234,3.56,0.28
07:40:40,"[313.73, 37]","[308.86, 63]","[318.98, 47]","[323.87, 46]",316.35,193,5.25,0.04
07:40:41,"[311.6, 72]","[309.08, 37]","[323.0, 60]","[327.0, 30]",317.3,199,11.4,0.1
07:40:42,"[313.85, 41]","[312.02, 43]","[321.9, 42]","[323.53, 60]",317.88,186,8.05,-0.1
07:40:43,"[316.1, 48]","[314.47, 47]","[321.0, 40]","[323.08, 48]",318.55,183,4.9,0.04
07:40:44,"[318.0, 44]","[317.0, 121]","[321.0, 22]","[323.0, 22]",319.5,209,3.0,0.58
07:40:45,"[317.4, 50]","[316.55, 106]","[321.0, 26]","[323.0, 26]",319.2,208,3.6,0.5
07:40:46,"[318.0, 32]","[317.0, 160]","[320.44, 32]","[323.0, 32]",319.22,256,2.44,0.5
07:40:47,"[317.0, 170]","[311.0, 51]","[319.0, 26]","[323.0, 26]",318.0,273,2.0,0.62
07:40:48,"[317.0, 102]","[311.0, 63]","[318.8, 20]","[323.71, 34]",317.9,219,1.8,0.51
07:40:49,"[317.0, 110]","[311.0, 87]","[320.33, 36]","[326.0, 26]",318.67,259,3.33,0.52
07:40:50,"[319.43, 46]","[315.85, 78]","[325.0, 18]","[328.0, 18]",322.22,160,5.57,0.55
07:40:51,"[318.33, 48]","[316.09, 44]","[325.0, 16]","[328.0, 16]",321.67,124,6.67,0.48
07:40:52,"[321.0, 72]","[317.0, 72]","[325.0, 18]","[328.0, 18]",323.0,180,4.0,0.6
07:40:53,"[317.0, 64]","[314.0, 16]","[325.0, 16]","[328.0, 16]",321.0,112,8.0,0.43
07:40:54,"[317.72, 29]","[316.89, 108]","[325.0, 30]","[329.5, 48]",321.36,215,7.28,0.27
07:40:55,"[322.5, 24]","[317.95, 42]","[325.0, 28]","[326.97, 67]",323.75,161,2.5,-0.18
07:40:56,"[323.65, 26]","[318.02, 43]","[327.0, 75]","[330.0, 60]",325.33,204,3.35,-0.32
07:40:57,"[323.67, 12]","[317.0, 96]","[327.0, 60]","[330.0, 48]",325.33,216,3.33,0.0
07:40:58,"[324.55, 11]","[317.0, 88]","[327.0, 55]","[330.0, 44]",325.77,198,2.45,0.0
07:40:59,"[326.0, 9]","[317.0, 72]","[327.0, 45]","[330.0, 36]",326.5,162,1.0,0.0
07:41:00,"[318.17, 46]","[316.43, 53]","[326.93, 54]","[329.67, 45]",322.55,198,8.75,0.0
07:41:01,"[317.0, 112]","[311.0, 14]","[323.07, 42]","[324.3, 46]",320.04,214,6.07,0.18
07:41:02,"[317.93, 114]","[316.94, 105]","[320.11, 54]","[321.14, 42]",319.02,315,2.18,0.39
07:41:03,"[317.21, 101]","[315.64, 50]","[319.9, 58]","[321.66, 47]",318.55,256,2.69,0.18
07:41:04,"[317.04, 77]","[313.11, 18]","[318.78, 23]","[326.26, 46]",317.91,164,1.74,0.16
07:41:05,"[317.25, 32]","[316.22, 45]","[329.71, 42]","[333.27, 75]",323.48,194,12.46,-0.21
07:41:06,"[318.0, 15]","[317.0, 75]","[326.73, 30]","[331.7, 80]",322.37,200,8.73,-0.1
07:41:07,"[318.87, 46]","[317.25, 40]","[325.12, 32]","[330.88, 80]",322.0,198,6.26,-0.13
07:41:08,"[319.44, 25]","[318.9, 40]","[324.62, 26]","[332.0, 65]",322.03,156,5.18,-0.17
07:41:09,"[322.96, 46]","[320.74, 19]","[330.19, 32]","[334.74, 57]",326.57,154,7.23,-0.16
07:41:10,"[324.59, 79]","[317.69, 58]","[333.95, 44]","[334.89, 70]",329.27,251,9.36,0.09
07:41:11,"[323.7, 37]","[316.71, 42]","[331.5, 10]","[334.86, 72]",327.6,161,7.8,-0.02
07:41:12,"[317.0, 18]","[311.0, 34]","[329.58, 12]","[336.57, 99]",323.29,163,12.58,-0.36
07:41:13,"[317.0, 90]","[313.86, 84]","[328.0, 26]","[333.42, 76]",322.5,276,11.0,0.26
07:41:14,"[317.0, 91]","[316.0, 104]","[327.0, 13]","[328.0, 39]",322.0,247,10.0,0.58
07:41:15,"[317.67, 54]","[316.14, 81]","[326.0, 39]","[327.0, 13]",321.83,187,8.33,0.44
07:41:16,"[317.0, 33]","[314.0, 11]","[325.91, 33]","[327.0, 11]",321.45,88,8.91,0.0
07:41:17,"[317.0, 21]","[314.0, 7]","[325.0, 21]","[326.57, 7]",321.0,56,8.0,0.0
07:41:18,"[317.57, 42]","[315.29, 21]","[322.73, 45]","[326.82, 33]",320.15,141,5.16,-0.11
07:41:19,"[321.0, 28]","[318.93, 42]","[322.0, 40]","[327.0, 76]",321.5,186,1.0,-0.25
07:41:20,"[318.6, 45]","[318.22, 41]","[322.0, 26]","[328.14, 42]",320.3,154,3.4,0.12
07:41:21,"[318.0, 50]","[317.0, 30]","[321.0, 40]","[322.0, 20]",319.5,140,3.0,0.14
07:41:22,"[318.0, 64]","[317.0, 42]","[320.44, 32]","[323.8, 40]",319.22,178,2.44,0.19
07:41:23,"[318.0, 39]","[317.0, 36]","[321.0, 24]","[326.33, 48]",319.5,147,3.0,0.02
07:41:24,"[318.0, 9]","[317.0, 27]","[321.0, 18]","[329.0, 36]",319.5,90,3.0,-0.2
07:41:25,"[317.83, 18]","[316.89, 46]","[319.85, 47]","[321.94, 34]",318.84,145,2.02,-0.12
07:41:26,"[314.58, 31]","[310.88, 16]","[318.27, 22]","[319.51, 35]",316.43,104,3.69,-0.1
07:41:27,"[313.29, 42]","[309.6, 35]","[318.0, 14]","[319.0, 42]",315.64,133,4.71,0.16
07:41:28,"[315.45, 29]","[310.45, 31]","[318.65, 23]","[320.38, 29]",317.05,112,3.2,0.07
07:41:29,"[317.0, 10]","[309.0, 20]","[327.0, 10]","[328.0, 20]",322.0,60,10.0,0.0
07:41:30,"[317.71, 17]","[312.0, 16]","[327.0, 11]","[328.0, 22]",322.35,66,9.29,0.0
07:41:31,"[319.25, 16]","[317.0, 8]","[327.0, 8]","[328.0, 16]",323.12,48,7.75,0.0
07:41:32,"[315.09, 22]","[307.94, 53]","[326.67, 9]","[327.8, 15]",320.88,99,11.58,0.52
07:41:33,"[311.0, 42]","[307.0, 38]","[321.65, 17]","[323.0, 23]",316.32,120,10.65,0.33
07:41:34,"[311.0, 18]","[307.0, 12]","[319.0, 6]","[322.5, 12]",315.0,48,8.0,0.25
07:41:35,"[311.89, 81]","[309.67, 18]","[319.0, 7]","[323.0, 14]",315.44,120,7.11,0.65
07:41:36,"[312.22, 162]","[311.0, 27]","[318.11, 9]","[323.0, 18]",315.17,216,5.89,0.75
07:41:37,"[315.86, 221]","[314.98, 276]","[322.7, 44]","[324.67, 54]",319.28,595,6.84,0.67
07:41:38,"[318.6, 180]","[316.69, 117]","[324.0, 55]","[329.0, 22]",321.3,374,5.4,0.59
07:41:39,"[319.0, 249]","[317.0, 135]","[324.0, 75]","[329.0, 30]",321.5,489,5.0,0.57
07:41:40,"[320.73, 99]","[319.0, 165]","[324.0, 55]","[329.0, 22]",322.36,341,3.27,0.55
07:41:41,"[322.37, 180]","[321.36, 274]","[324.83, 84]","[329.8, 35]",323.6,573,2.47,0.58
07:41:42,"[324.5, 240]","[315.86, 116]","[329.0, 40]","[330.87, 31]",326.75,427,4.5,0.67
07:41:43,"[325.0, 146]","[314.89, 66]","[329.0, 28]","[330.0, 28]",327.0,268,4.0,0.58
07:41:44,"[325.0, 78]","[318.6, 15]","[329.0, 12]","[330.0, 12]",327.0,117,4.0,0.59
07:41:45,"[325.0, 156]","[321.0, 44]","[329.0, 24]","[330.0, 24]",327.0,248,4.0,0.61
07:41:46,"[325.0, 125]","[321.0, 20]","[326.65, 37]","[328.08, 24]",325.82,206,1.65,0.41
07:41:47,"[324.77, 73]","[320.58, 38]","[326.67, 54]","[329.78, 36]",325.72,201,1.9,0.1
07:41:48,"[324.56, 16]","[321.9, 20]","[327.23, 26]","[331.75, 16]",325.9,78,2.67,-0.08
07:41:49,"[321.8, 10]","[318.6, 20]","[330.0, 12]","[337.0, 6]",325.9,48,8.2,0.25
07:41:50,"[319.38, 26]","[317.6, 40]","[330.0, 20]","[337.0, 10]",324.69,96,10.62,0.38
07:41:51,"[318.0, 8]","[317.0, 16]","[330.0, 8]","[337.0, 4]",324.0,36,12.0,0.33
07:41:52,"[318.0, 16]","[317.0, 32]","[330.0, 16]","[337.0, 8]",324.0,72,12.0,0.33
07:41:53,"[318.0, 16]","[317.0, 32]","[332.6, 15]","[334.65, 20]",325.3,83,14.6,0.16
07:41:54,"[318.0, 18]","[317.0, 42]","[324.0, 18]","[330.56, 9]",321.0,87,6.0,0.38
07:41:55,"[318.0, 20]","[317.0, 60]","[324.0, 20]","[331.0, 10]",321.0,110,6.0,0.45
07:41:56,"[317.52, 31]","[316.05, 63]","[324.0, 26]","[331.0, 13]",320.76,133,6.48,0.41
07:41:57,"[314.35, 17]","[309.83, 53]","[324.0, 26]","[328.46, 13]",319.18,109,9.65,0.28
07:41:58,"[312.73, 44]","[307.37, 70]","[323.71, 34]","[327.0, 16]",318.22,164,10.98,0.39
07:41:59,"[311.74, 39]","[312.33, 36]","[322.87, 75]","[325.81, 31]",317.31,181,11.12,-0.17
07:42:00,"[311.0, 44]","[310.0, 11]","[321.14, 35]","[322.34, 53]",316.07,143,10.14,-0.23
07:42:01,"[311.15, 80]","[310.32, 25]","[319.19, 59]","[320.46, 93]",315.17,257,8.04,-0.18
07:42:02,"[312.0, 108]","[311.0, 72]","[316.46, 78]","[317.39, 66]",314.23,324,4.46,0.11
07:42:03,"[313.0, 84]","[311.44, 72]","[315.12, 56]","[317.07, 60]",314.06,272,2.12,0.15
07:42:04,"[308.25, 113]","[307.21, 89]","[317.12, 57]","[326.68, 57]",312.69,316,8.88,0.28
07:42:05,"[304.0, 90]","[303.0, 40]","[322.0, 10]","[327.86, 42]",313.0,182,18.0,0.43
07:42:06,"[304.0, 108]","[303.0, 48]","[319.19, 16]","[324.45, 22]",311.59,194,15.19,0.61
07:42:07,"[315.3, 69]","[307.68, 72]","[320.0, 65]","[321.0, 13]",317.65,219,4.7,0.29
07:42:08,"[317.0, 35]","[305.0, 28]","[320.0, 35]","[321.0, 7]",318.5,105,3.0,0.2
07:42:09,"[317.0, 48]","[305.0, 48]","[319.4, 75]","[320.09, 44]",318.2,215,2.4,-0.11
07:42:10,"[309.0, 54]","[304.23, 105]","[318.77, 60]","[320.35, 60]",313.88,279,9.77,0.14
07:42:11,"[310.1, 146]","[307.09, 152]","[318.0, 42]","[320.0, 105]",314.05,445,7.9,0.34
07:42:12,"[320.06, 90]","[314.84, 94]","[322.21, 28]","[323.87, 30]",321.13,242,2.16,0.52
07:42:13,"[323.0, 98]","[322.63, 76]","[330.59, 17]","[376.28, 53]",326.79,244,7.59,0.43
07:42:14,"[325.18, 111]","[324.7, 93]","[331.0, 12]","[385.4, 50]",328.09,266,5.82,0.53
07:42:15,"[326.0, 40]","[325.0, 130]","[331.0, 10]","[460.12, 43]",328.5,223,5.0,0.52
07:42:16,"[326.0, 40]","[325.0, 130]","[420.43, 35]","[487.9, 40]",373.21,245,94.43,0.39
07:42:17,"[326.0, 40]","[325.0, 130]","[562.15, 39]","[599.08, 38]",444.08,247,236.15,0.38
07:42:18,"[325.71, 68]","[324.95, 171]","[464.91, 57]","[527.81, 48]",395.31,344,139.21,0.39
07:42:19,"[325.0, 120]","[321.0, 12]","[335.44, 52]","[383.19, 43]",330.22,227,10.44,0.16
07:42:20,"[325.0, 80]","[321.0, 8]","[329.15, 26]","[332.03, 38]",327.08,152,4.15,0.16
07:42:21,"[325.0, 90]","[321.0, 9]","[327.93, 43]","[328.83, 29]",326.47,171,2.93,0.16
07:42:22,"[324.48, 69]","[318.75, 24]","[326.6, 45]","[328.0, 75]",325.54,213,2.12,-0.13
07:42:23,"[322.55, 22]","[321.31, 26]","[324.81, 54]","[325.82, 66]",323.68,168,2.27,-0.43
07:42:24,"[317.5, 28]","[314.12, 25]","[323.23, 39]","[324.25, 32]",320.37,124,5.73,-0.15
07:42:25,"[317.0, 51]","[313.0, 44]","[322.64, 55]","[324.0, 44]",319.82,194,5.64,-0.02
07:42:26,"[317.0, 9]","[312.78, 27]","[322.0, 45]","[324.0, 36]",319.5,117,5.0,-0.38
07:42:27,"[317.0, 9]","[313.4, 15]","[322.0, 45]","[323.11, 36]",319.5,105,5.0,-0.54
07:42:28,"[311.33, 18]","[306.78, 125]","[320.61, 90]","[324.56, 72]",315.97,305,9.28,-0.06
07:42:29,"[311.0, 11]","[307.5, 96]","[319.91, 55]","[325.0, 22]",315.45,184,8.91,0.16
07:42:30,"[311.0, 5]","[310.0, 30]","[319.0, 25]","[325.0, 10]",315.0,70,8.0,0.0
07:42:31,"[311.0, 12]","[310.0, 72]","[318.02, 54]","[322.67, 30]",314.51,168,7.02,0.0
07:42:32,"[310.08, 78]","[306.8, 180]","[315.18, 68]","[317.14, 42]",312.63,368,5.1,0.4
07:42:33,"[311.5, 24]","[306.32, 150]","[314.0, 30]","[316.0, 20]",312.75,224,2.5,0.55
07:42:34,"[312.0, 28]","[306.0, 252]","[314.8, 35]","[321.0, 49]",313.4,364,2.8,0.54
07:42:35,"[312.0, 23]","[306.0, 102]","[315.7, 30]","[322.67, 63]",313.85,218,3.7,0.15
07:42:36,"[312.0, 12]","[306.0, 104]","[320.05, 37]","[327.27, 56]",316.03,209,8.05,0.11
07:42:37,"[312.31, 13]","[306.07, 91]","[321.6, 40]","[325.43, 28]",316.95,172,9.29,0.21
07:42:38,"[316.37, 49]","[312.86, 37]","[320.31, 52]","[322.32, 50]",318.34,188,3.94,-0.09
07:42:39,"[318.0, 36]","[312.0, 9]","[322.0, 36]","[330.0, 18]",320.0,99,4.0,-0.09
07:42:40,"[315.0, 16]","[305.28, 50]","[322.42, 19]","[325.33, 30]",318.71,115,7.42,0.15
07:42:41,"[311.5, 6]","[305.0, 36]","[317.62, 8]","[319.82, 11]",314.56,61,6.12,0.38
07:42:42,"[312.6, 45]","[306.39, 23]","[316.9, 30]","[320.0, 47]",314.75,145,4.3,-0.06
07:42:43,"[314.27, 66]","[309.0, 11]","[316.0, 30]","[318.4, 25]",315.14,132,1.73,0.17
07:42:44,"[306.75, 52]","[303.28, 54]","[318.07, 27]","[320.31, 39]",312.41,172,11.32,0.23
07:42:45,"[304.45, 49]","[301.86, 14]","[320.0, 33]","[324.0, 46]",312.22,142,15.55,-0.11
07:42:46,"[304.0, 108]","[303.66, 58]","[316.52, 83]","[318.33, 66]",310.26,315,12.52,0.05
07:42:47,"[307.5, 72]","[306.42, 72]","[312.75, 48]","[316.0, 60]",310.12,252,5.25,0.14
07:42:48,"[308.83, 72]","[307.0, 72]","[313.06, 34]","[318.64, 53]",310.95,231,4.23,0.25
07:42:49,"[310.4, 60]","[309.1, 60]","[320.5, 20]","[325.23, 40]",315.45,180,10.1,0.33
07:42:50,"[312.94, 68]","[311.68, 68]","[320.8, 25]","[332.43, 53]",316.87,214,7.86,0.27
07:42:51,"[314.67, 72]","[313.33, 72]","[322.65, 55]","[326.21, 56]",318.66,255,7.99,0.13
07:42:52,"[316.33, 72]","[314.92, 72]","[320.53, 53]","[322.27, 55]",318.43,252,4.19,0.14
07:42:53,"[319.09, 32]","[315.62, 32]","[323.03, 59]","[326.07, 54]",321.06,177,3.94,-0.28
07:42:54,"[322.51, 82]","[319.14, 98]","[326.0, 57]","[327.43, 46]",324.26,283,3.49,0.27
07:42:55,"[323.0, 44]","[322.0, 32]","[324.0, 24]","[326.71, 14]",323.5,114,1.0,0.33
07:42:56,"[312.13, 15]","[304.39, 51]","[329.5, 8]","[331.88, 8]",320.82,82,17.37,0.61
07:42:57,"[305.6, 20]","[304.21, 56]","[322.67, 18]","[327.9, 10]",314.13,104,17.07,0.46
07:42:58,"[307.78, 9]","[306.22, 18]","[320.53, 19]","[322.0, 17]",314.15,63,12.75,-0.14
07:42:59,"[308.75, 16]","[307.53, 17]","[320.0, 33]","[321.0, 11]",314.38,77,11.25,-0.14
07:43:00,"[310.0, 33]","[309.0, 22]","[317.94, 31]","[320.59, 22]",313.97,108,7.94,0.02
07:43:01,"[310.38, 16]","[309.0, 18]","[313.85, 13]","[320.04, 25]",312.11,72,3.47,-0.06
07:43:02,"[311.44, 32]","[307.27, 22]","[315.12, 48]","[317.82, 34]",313.28,136,3.69,-0.21
07:43:03,"[312.15, 85]","[306.16, 38]","[314.61, 69]","[316.44, 43]",313.38,235,2.46,0.05
07:43:04,"[309.62, 16]","[308.31, 16]","[316.0, 48]","[317.0, 16]",312.81,96,6.38,-0.33
07:43:05,"[311.47, 15]","[310.0, 15]","[316.52, 31]","[377.67, 24]",313.99,85,5.05,-0.29
07:43:06,"[314.8, 15]","[312.33, 15]","[320.0, 26]","[663.33, 54]",317.4,110,5.2,-0.45
07:43:07,"[318.17, 12]","[316.33, 12]","[335.07, 30]","[394.74, 46]",326.62,100,16.9,-0.52
07:43:08,"[309.38, 13]","[304.41, 29]","[341.0, 36]","[344.84, 38]",325.19,116,31.62,-0.28
07:43:09,"[304.0, 20]","[302.0, 60]","[337.83, 36]","[342.55, 40]",320.92,156,33.83,0.03
07:43:10,"[304.0, 18]","[302.0, 54]","[316.0, 77]","[335.86, 28]",310.0,177,12.0,-0.19
07:43:11,"[304.0, 20]","[302.0, 60]","[315.38, 48]","[317.81, 73]",309.69,201,11.38,-0.2
07:43:12,"[304.0, 8]","[302.0, 24]","[312.25, 12]","[316.0, 36]",308.12,80,8.25,-0.2
07:43:13,"[304.15, 26]","[302.11, 70]","[314.29, 63]","[316.49, 97]",309.22,256,10.13,-0.25
07:43:14,"[305.0, 22]","[304.0, 22]","[315.43, 42]","[316.49, 61]",310.21,147,10.43,-0.4
07:43:15,"[305.17, 46]","[303.46, 26]","[314.22, 23]","[315.56, 32]",309.7,127,9.04,0.13
07:43:16,"[308.95, 84]","[307.4, 20]","[316.0, 30]","[318.0, 40]",312.48,174,7.05,0.2
07:43:17,"[309.68, 44]","[309.07, 73]","[316.0, 33]","[318.0, 44]",312.84,194,6.32,0.21
07:43:18,"[311.38, 26]","[310.08, 26]","[316.0, 27]","[318.0, 36]",313.69,115,4.62,-0.1
07:43:19,"[313.37, 108]","[312.13, 60]","[316.0, 42]","[318.0, 56]",314.69,266,2.63,0.26
07:43:20,"[314.2, 138]","[310.18, 33]","[316.89, 54]","[318.55, 66]",315.55,291,2.69,0.18
07:43:21,"[310.42, 36]","[308.75, 28]","[318.0, 40]","[320.0, 30]",314.21,134,7.58,-0.04
07:43:22,"[312.47, 45]","[311.02, 129]","[319.43, 46]","[321.57, 56]",315.95,276,6.97,0.26
07:43:23,"[313.5, 78]","[311.4, 90]","[320.0, 42]","[322.0, 56]",316.75,266,6.5,0.26
07:43:24,"[314.27, 92]","[313.07, 134]","[318.2, 45]","[319.14, 63]",316.24,334,3.93,0.35
07:43:25,"[314.37, 114]","[304.6, 25]","[317.0, 33]","[320.4, 45]",315.68,217,2.63,0.28
07:43:26,"[316.0, 72]","[303.83, 12]","[319.0, 36]","[324.0, 36]",317.5,156,3.0,0.08
07:43:27,"[316.31, 64]","[309.5, 16]","[319.0, 33]","[324.0, 33]",317.66,146,2.69,0.1
07:43:28,"[318.18, 49]","[314.52, 40]","[322.85, 39]","[327.08, 39]",320.51,167,4.66,0.07
07:43:29,"[319.43, 47]","[318.29, 51]","[323.8, 30]","[326.29, 42]",321.61,170,4.37,0.15
07:43:30,"[319.87, 46]","[317.71, 34]","[323.0, 12]","[324.0, 36]",321.43,128,3.13,0.25
07:43:31,"[320.0, 30]","[315.71, 28]","[323.0, 10]","[324.2, 30]",321.5,98,3.0,0.18
07:43:32,"[321.2, 74]","[317.62, 48]","[323.0, 13]","[325.0, 39]",322.1,174,1.8,0.4
07:43:33,"[322.0, 36]","[321.0, 12]","[324.14, 21]","[325.75, 36]",323.07,105,2.14,-0.09
07:43:34,"[323.0, 10]","[321.82, 22]","[324.5, 24]","[325.9, 30]",323.75,86,1.5,-0.26
07:43:35,"[323.77, 13]","[322.46, 13]","[326.52, 63]","[363.08, 25]",325.15,114,2.75,-0.54
07:43:36,"[319.67, 36]","[314.71, 14]","[327.0, 60]","[521.43, 14]",323.33,124,7.33,-0.19
07:43:37,"[317.0, 78]","[310.0, 28]","[327.0, 57]","[404.0, 28]",322.0,191,10.0,0.11
07:43:38,"[317.0, 18]","[310.5, 12]","[327.0, 18]","[431.5, 8]",322.0,56,10.0,0.07
07:43:39,"[317.0, 27]","[311.0, 18]","[322.59, 29]","[339.9, 20]",319.79,94,5.59,-0.04
07:43:40,"[317.0, 63]","[311.0, 20]","[319.0, 50]","[326.0, 20]",318.0,153,2.0,0.08
07:43:41,"[317.0, 26]","[312.36, 11]","[319.0, 35]","[325.0, 14]",318.0,86,2.0,-0.14
07:43:42,"[314.0, 16]","[306.17, 18]","[319.09, 45]","[323.67, 27]",316.54,106,5.09,-0.36
07:43:43,"[309.8, 50]","[304.57, 14]","[322.83, 23]","[327.38, 32]",316.31,119,13.03,0.08
07:43:44,"[310.09, 35]","[306.67, 18]","[316.96, 47]","[322.86, 35]",313.52,135,6.87,-0.21
07:43:45,"[318.31, 51]","[314.55, 85]","[321.93, 60]","[327.96, 48]",320.12,244,3.62,0.11
07:43:46,"[320.0, 42]","[316.39, 31]","[321.0, 61]","[330.0, 28]",320.5,162,1.0,-0.1
07:43:47,"[320.0, 30]","[318.0, 30]","[321.0, 40]","[329.1, 20]",320.5,120,1.0,0.0
07:43:48,"[320.0, 6]","[318.0, 6]","[321.0, 8]","[330.0, 4]",320.5,24,1.0,0.0
07:43:49,"[320.0, 21]","[318.0, 21]","[321.0, 28]","[330.0, 14]",320.5,84,1.0,0.0
07:43:50,"[318.29, 21]","[310.67, 9]","[321.0, 28]","[330.0, 14]",319.64,72,2.71,-0.17
07:43:51,"[318.0, 30]","[315.89, 18]","[321.0, 40]","[330.0, 20]",319.5,108,3.0,-0.11
07:43:52,"[318.0, 27]","[317.0, 18]","[321.0, 36]","[325.83, 36]",319.5,117,3.0,-0.23
07:43:53,"[318.0, 38]","[317.0, 20]","[321.0, 40]","[325.0, 50]",319.5,148,3.0,-0.22
07:43:54,"[319.26, 99]","[318.2, 45]","[322.09, 55]","[325.54, 56]",320.68,255,2.83,0.13
07:43:55,"[320.94, 145]","[319.06, 139]","[324.83, 87]","[328.0, 50]",322.88,421,3.89,0.35
07:43:56,"[322.0, 140]","[321.0, 91]","[323.0, 39]","[325.0, 65]",322.5,335,1.0,0.38
07:43:57,"[321.9, 73]","[319.09, 160]","[325.19, 48]","[328.13, 23]",323.55,304,3.28,0.53
07:43:58,"[323.77, 91]","[322.43, 79]","[326.0, 65]","[329.0, 26]",324.88,261,2.23,0.3
07:43:59,"[324.75, 80]","[323.31, 67]","[326.0, 66]","[329.0, 28]",325.38,241,1.25,0.22
07:44:00,"[324.44, 41]","[321.43, 42]","[326.0, 12]","[329.0, 24]",325.22,119,1.56,0.39
07:44:01,"[324.29, 21]","[318.0, 21]","[326.0, 7]","[329.0, 14]",325.14,63,1.71,0.33
07:44:02,"[325.0, 36]","[318.0, 36]","[326.0, 12]","[329.0, 24]",325.5,108,1.0,0.33
07:44:03,"[319.11, 19]","[317.05, 59]","[326.0, 9]","[329.0, 18]",322.55,105,6.89,0.49
07:44:04,"[318.55, 22]","[317.26, 47]","[326.0, 11]","[329.0, 22]",322.27,102,7.45,0.35
07:44:05,"[319.0, 48]","[318.0, 16]","[325.6, 10]","[328.57, 14]",322.3,88,6.6,0.45
07:44:06,"[319.4, 40]","[318.0, 32]","[324.5, 32]","[329.5, 16]",321.95,120,5.1,0.2
07:44:07,"[318.11, 45]","[316.87, 47]","[321.97, 72]","[324.33, 36]",320.04,200,3.86,-0.08
07:44:08,"[317.0, 91]","[310.0, 13]","[319.19, 62]","[320.55, 55]",318.1,221,2.19,-0.06
07:44:09,"[317.0, 54]","[308.2, 10]","[318.83, 30]","[319.44, 45]",317.92,139,1.83,-0.08
07:44:10,"[317.0, 34]","[308.0, 12]","[318.42, 24]","[319.74, 54]",317.71,124,1.42,-0.26
07:44:11,"[310.3, 27]","[307.09, 43]","[315.97, 76]","[319.06, 49]",313.13,195,5.68,-0.28
07:44:12,"[309.0, 128]","[307.1, 40]","[312.79, 38]","[314.05, 74]",310.89,280,3.79,0.2
07:44:13,"[309.72, 72]","[307.98, 65]","[313.26, 54]","[314.51, 72]",311.49,263,3.54,0.04
07:44:14,"[311.86, 56]","[310.37, 38]","[313.6, 50]","[315.65, 46]",312.73,190,1.74,-0.01
07:44:15,"[311.0, 60]","[307.0, 27]","[315.0, 18]","[320.0, 29]",313.0,134,4.0,0.3
07:44:16,"[316.82, 17]","[311.38, 42]","[319.5, 40]","[320.71, 34]",318.16,133,2.68,-0.11
07:44:17,"[318.33, 15]","[316.0, 20]","[320.12, 16]","[343.27, 33]",319.23,84,1.79,-0.17
07:44:18,"[318.0, 8]","[317.0, 16]","[321.0, 16]","[416.52, 31]",319.5,71,3.0,-0.32
07:44:19,"[317.44, 9]","[314.69, 13]","[321.0, 18]","[356.22, 45]",319.22,85,3.56,-0.48
07:44:20,"[317.92, 13]","[309.74, 19]","[321.0, 26]","[351.0, 65]",319.46,123,3.08,-0.48
07:44:21,"[319.0, 12]","[317.0, 17]","[347.58, 60]","[376.17, 60]",333.29,149,28.58,-0.61
07:44:22,"[320.62, 26]","[317.38, 37]","[394.0, 60]","[425.0, 60]",357.31,183,73.38,-0.31
07:44:23,"[321.67, 18]","[320.89, 38]","[379.51, 47]","[392.72, 64]",350.59,167,57.84,-0.33
07:44:24,"[321.14, 28]","[319.5, 48]","[369.16, 38]","[380.39, 72]",345.15,186,48.02,-0.18
07:44:25,"[319.82, 17]","[318.45, 33]","[367.0, 16]","[414.0, 40]",343.41,106,47.18,-0.06
07:44:26,"[320.44, 9]","[319.0, 27]","[367.0, 18]","[414.0, 45]",343.72,99,46.56,-0.27
07:44:27,"[321.0, 12]","[319.0, 36]","[367.0, 24]","[452.0, 60]",344.0,132,46.0,-0.27
07:44:28,"[319.05, 40]","[318.03, 102]","[358.92, 24]","[369.45, 58]",338.98,224,39.87,0.27
07:44:29,"[319.0, 20]","[318.0, 90]","[321.36, 11]","[454.38, 34]",320.18,155,2.36,0.42
07:44:30,"[319.0, 10]","[318.0, 90]","[324.0, 10]","[475.41, 46]",321.5,156,5.0,0.28
07:44:31,"[319.0, 7]","[318.0, 63]","[321.07, 15]","[334.67, 24]",320.03,109,2.07,0.28
07:44:32,"[319.0, 7]","[318.0, 63]","[320.0, 14]","[323.0, 28]",319.5,112,1.0,0.25
07:44:33,"[318.03, 62]","[317.17, 108]","[319.5, 32]","[322.4, 40]",318.77,242,1.47,0.4
07:44:34,"[318.0, 48]","[317.0, 72]","[319.0, 26]","[322.0, 16]",318.5,162,1.0,0.48
07:44:35,"[318.97, 99]","[317.8, 45]","[322.0, 26]","[329.0, 13]",320.48,183,3.03,0.57
07:44:36,"[320.26, 76]","[317.11, 79]","[322.0, 26]","[329.0, 13]",321.13,194,1.74,0.6
07:44:37,"[320.58, 48]","[318.55, 62]","[325.88, 25]","[370.23, 26]",323.23,161,5.3,0.37
07:44:38,"[321.0, 22]","[320.0, 44]","[327.39, 36]","[355.06, 36]",324.19,138,6.39,-0.04
07:44:39,"[321.08, 48]","[318.67, 72]","[325.07, 54]","[350.95, 37]",323.08,211,3.99,0.14
07:44:40,"[320.41, 34]","[318.5, 48]","[325.0, 24]","[330.25, 12]",322.71,118,4.59,0.39
07:44:41,"[320.0, 32]","[317.0, 64]","[323.88, 32]","[331.0, 16]",321.94,144,3.88,0.33
07:44:42,"[318.5, 32]","[316.67, 48]","[321.88, 32]","[323.71, 28]",320.19,140,3.38,0.14
07:44:43,"[316.33, 15]","[314.57, 35]","[320.6, 20]","[321.6, 20]",318.47,90,4.27,0.11
07:44:44,"[315.64, 22]","[314.01, 71]","[317.93, 30]","[319.07, 30]",316.78,153,2.3,0.22
07:44:45,"[313.3, 80]","[309.76, 70]","[317.3, 40]","[324.36, 88]",315.3,278,4.0,0.08
07:44:46,"[313.0, 12]","[308.0, 18]","[322.11, 18]","[326.73, 22]",317.56,70,9.11,-0.14
07:44:47,"[313.0, 26]","[308.0, 39]","[325.06, 53]","[326.45, 29]",319.03,147,12.06,-0.12
07:44:48,"[313.0, 19]","[308.0, 48]","[320.53, 32]","[322.86, 64]",316.77,163,7.53,-0.18
07:44:49,"[313.0, 16]","[308.0, 48]","[316.99, 72]","[317.92, 24]",314.99,160,3.99,-0.2
07:44:50,"[308.71, 28]","[306.46, 52]","[322.96, 23]","[322.77, 56]",315.84,159,14.24,0.01
07:44:51,"[317.0, 36]","[307.71, 42]","[328.0, 48]","[329.0, 60]",322.5,186,11.0,-0.16
07:44:52,"[320.0, 42]","[310.0, 42]","[327.08, 51]","[328.7, 61]",323.54,196,7.08,-0.14
07:44:53,"[318.11, 37]","[308.65, 37]","[325.0, 44]","[329.0, 55]",321.55,173,6.89,-0.14
07:44:54,"[313.64, 36]","[306.88, 56]","[325.6, 25]","[330.86, 70]",319.62,187,11.96,-0.02
07:44:55,"[310.0, 39]","[306.0, 65]","[330.0, 13]","[335.0, 104]",320.0,221,20.0,-0.06
07:44:56,"[307.35, 23]","[306.28, 46]","[330.0, 9]","[335.0, 72]",318.67,150,22.65,-0.08
07:44:57,"[309.97, 39]","[307.44, 45]","[320.4, 20]","[332.73, 44]",315.19,148,10.43,0.14
07:44:58,"[312.82, 33]","[311.02, 82]","[327.92, 39]","[330.38, 39]",320.37,193,15.1,0.19
07:44:59,"[314.81, 75]","[312.64, 50]","[324.27, 45]","[327.33, 49]",319.54,219,9.45,0.14
07:45:00,"[316.83, 93]","[315.47, 106]","[322.89, 57]","[328.0, 76]",319.86,332,6.07,0.2
07:45:01,"[317.56, 54]","[316.76, 99]","[320.79, 57]","[328.0, 72]",319.17,282,3.23,0.09
07:45:02,"[317.92, 53]","[316.96, 97]","[319.64, 61]","[325.55, 66]",318.78,277,1.71,0.08
07:45:03,"[318.98, 45]","[317.65, 17]","[320.0, 36]","[333.0, 72]",319.49,170,1.02,-0.27
07:45:04,"[319.0, 15]","[318.0, 9]","[320.0, 27]","[331.4, 30]",319.5,81,1.0,-0.41
07:45:05,"[318.0, 12]","[317.0, 24]","[330.52, 29]","[331.83, 36]",324.26,101,12.52,-0.29
07:45:06,"[318.0, 13]","[317.0, 26]","[329.31, 26]","[332.85, 39]",323.65,104,11.31,-0.25
07:45:07,"[319.63, 41]","[317.36, 22]","[330.94, 31]","[333.17, 29]",325.28,123,11.3,0.02
07:45:08,"[321.0, 118]","[319.0, 17]","[332.44, 62]","[333.27, 33]",326.72,230,11.44,0.17
07:45:09,"[321.73, 90]","[317.4, 25]","[331.6, 81]","[332.45, 31]",326.67,227,9.87,0.01
07:45:10,"[322.61, 126]","[318.91, 47]","[329.47, 76]","[332.11, 35]",326.04,284,6.86,0.22
07:45:11,"[324.8, 180]","[323.52, 83]","[328.0, 60]","[332.13, 45]",326.4,368,3.2,0.43
07:45:12,"[326.0, 107]","[325.0, 192]","[327.8, 60]","[330.13, 38]",326.9,397,1.8,0.51
07:45:13,"[325.11, 94]","[324.55, 109]","[327.65, 43]","[328.78, 27]",326.38,273,2.54,0.49
07:45:14,"[325.0, 132]","[324.0, 77]","[326.55, 44]","[331.09, 11]",325.77,264,1.55,0.58
07:45:15,"[325.0, 144]","[324.0, 84]","[326.0, 48]","[332.0, 12]",325.5,288,1.0,0.58
07:45:16,"[325.0, 96]","[324.0, 84]","[326.0, 48]","[332.0, 12]",325.5,240,1.0,0.5
07:45:17,"[325.0, 22]","[324.0, 49]","[326.0, 28]","[332.0, 7]",325.5,106,1.0,0.34
07:45:18,"[324.1, 31]","[320.0, 49]","[327.5, 16]","[337.82, 11]",325.8,107,3.4,0.5
07:45:19,"[324.0, 112]","[317.1, 60]","[331.21, 34]","[337.04, 23]",327.6,229,7.21,0.5
07:45:20,"[324.0, 84]","[318.0, 12]","[330.5, 36]","[336.0, 12]",327.25,144,6.5,0.33
07:45:21,"[324.0, 112]","[318.0, 19]","[326.1, 61]","[329.46, 48]",325.05,240,2.1,0.09
07:45:22,"[319.12, 59]","[316.29, 84]","[326.4, 57]","[331.29, 34]",322.76,234,7.28,0.22
07:45:23,"[318.0, 20]","[316.0, 30]","[326.86, 14]","[330.0, 14]",322.43,78,8.86,0.28
07:45:24,"[318.0, 43]","[316.0, 84]","[324.93, 14]","[329.36, 56]",321.46,197,6.93,0.29
07:45:25,"[318.0, 55]","[316.0, 84]","[324.0, 11]","[329.27, 44]",321.0,194,6.0,0.43
07:45:26,"[318.0, 40]","[316.0, 54]","[323.38, 8]","[329.0, 8]",320.69,110,5.38,0.71
07:45:27,"[319.53, 85]","[316.8, 70]","[323.0, 16]","[328.38, 16]",321.26,187,3.47,0.66
07:45:28,"[320.45, 31]","[318.08, 50]","[327.82, 28]","[329.92, 25]",324.14,134,7.37,0.21
07:45:29,"[321.0, 78]","[317.76, 50]","[328.0, 13]","[330.0, 26]",324.5,167,7.0,0.53
07:45:30,"[322.41, 68]","[316.0, 80]","[328.0, 17]","[330.0, 34]",325.21,199,5.59,0.49
07:45:31,"[324.11, 76]","[317.38, 64]","[328.0, 16]","[330.0, 32]",326.05,188,3.89,0.49
07:45:32,"[325.47, 133]","[324.45, 66]","[328.0, 13]","[330.0, 26]",326.74,238,2.53,0.67
07:45:33,"[326.58, 108]","[325.0, 72]","[328.0, 12]","[330.0, 24]",327.29,216,1.42,0.67
07:45:34,"[327.0, 100]","[325.0, 72]","[328.0, 12]","[330.0, 24]",327.5,208,1.0,0.65
07:45:35,"[327.25, 112]","[325.56, 100]","[329.22, 23]","[331.08, 39]",328.23,274,1.97,0.55
07:45:36,"[328.0, 72]","[327.0, 84]","[330.0, 24]","[332.0, 36]",329.0,216,2.0,0.44
07:45:37,"[328.0, 30]","[327.0, 70]","[330.0, 20]","[332.0, 30]",329.0,150,2.0,0.33
07:45:38,"[328.0, 36]","[327.0, 84]","[329.2, 40]","[330.86, 28]",328.6,188,1.2,0.28
07:45:39,"[327.38, 56]","[326.24, 79]","[330.42, 53]","[335.81, 43]",328.9,231,3.04,0.17
07:45:40,"[327.0, 65]","[325.0, 90]","[331.56, 27]","[334.44, 54]",329.28,236,4.56,0.31
07:45:41,"[327.0, 45]","[325.0, 90]","[330.07, 43]","[334.48, 23]",328.53,201,3.07,0.34
07:45:42,"[325.29, 84]","[322.33, 72]","[327.86, 37]","[329.31, 32]",326.58,225,2.58,0.39
07:45:43,"[325.0, 42]","[321.0, 48]","[326.39, 23]","[327.84, 31]",325.7,144,1.39,0.25
07:45:44,"[325.0, 24]","[321.0, 56]","[335.4, 40]","[339.74, 43]",330.2,163,10.4,-0.02
07:45:45,"[325.0, 7]","[321.0, 28]","[335.43, 14]","[338.0, 28]",330.21,77,10.43,-0.09
07:45:46,"[325.0, 11]","[321.0, 44]","[333.26, 23]","[335.76, 37]",329.13,115,8.26,-0.04
07:45:47,"[325.0, 17]","[321.0, 68]","[330.79, 38]","[331.94, 47]",327.89,170,5.79,0.0
07:45:48,"[321.61, 33]","[319.48, 83]","[328.57, 28]","[330.5, 32]",325.09,176,6.97,0.32
07:45:49,"[321.0, 52]","[319.0, 117]","[326.89, 38]","[328.67, 27]",323.95,234,5.89,0.44
07:45:50,"[321.0, 36]","[319.0, 81]","[324.33, 18]","[326.0, 27]",322.67,162,3.33,0.44
07:45:51,"[321.0, 62]","[319.0, 153]","[322.82, 34]","[326.0, 51]",321.91,300,1.82,0.43
07:45:52,"[321.0, 42]","[318.49, 95]","[322.0, 28]","[326.0, 42]",321.5,207,1.0,0.32
07:45:53,"[319.59, 37]","[317.14, 112]","[323.32, 50]","[334.17, 59]",321.46,258,3.73,0.16
07:45:54,"[319.41, 37]","[317.13, 94]","[323.4, 30]","[334.33, 33]",321.4,194,3.99,0.35
07:45:55,"[320.0, 27]","[319.0, 18]","[328.0, 45]","[331.22, 9]",324.0,99,8.0,-0.09
07:45:56,"[320.36, 33]","[319.39, 23]","[328.0, 50]","[331.0, 10]",324.18,116,7.64,-0.03
07:45:57,"[321.0, 40]","[320.0, 30]","[327.26, 43]","[328.24, 38]",324.13,151,6.26,-0.07
07:45:58,"[323.43, 74]","[321.77, 61]","[327.57, 74]","[329.27, 60]",325.5,269,4.14,0.0
07:45:59,"[324.0, 65]","[322.0, 52]","[329.31, 58]","[330.67, 63]",326.66,238,5.31,-0.02
07:46:00,"[323.52, 50]","[321.85, 40]","[327.53, 60]","[332.4, 75]",325.53,225,4.01,-0.2
07:46:01,"[325.07, 41]","[322.69, 26]","[331.51, 51]","[333.5, 42]",328.29,160,6.44,-0.16
07:46:02,"[319.0, 28]","[318.0, 14]","[329.6, 40]","[332.28, 18]",324.3,100,10.6,-0.16
07:46:03,"[319.0, 16]","[318.0, 8]","[327.0, 24]","[328.5, 8]",323.0,56,8.0,-0.14
07:46:04,"[321.79, 112]","[319.0, 28]","[325.55, 20]","[326.17, 36]",323.67,196,3.76,0.43
07:46:05,"[320.68, 31]","[318.31, 13]","[335.49, 47]","[338.81, 26]",328.08,117,14.81,-0.25
07:46:06,"[319.67, 36]","[318.67, 18]","[338.0, 60]","[342.86, 28]",328.83,142,18.33,-0.24
07:46:07,"[321.71, 56]","[319.0, 28]","[333.33, 60]","[338.47, 34]",327.52,178,11.62,-0.06
07:46:08,"[323.31, 64]","[319.0, 42]","[330.25, 56]","[333.0, 48]",326.78,210,6.94,0.01
07:46:09,"[324.34, 58]","[320.23, 39]","[327.31, 48]","[331.0, 64]",325.83,209,2.97,-0.07
07:46:10,"[324.51, 43]","[319.85, 26]","[328.45, 33]","[331.78, 46]",326.48,148,3.94,-0.07
07:46:11,"[320.9, 20]","[319.0, 20]","[331.0, 40]","[337.91, 44]",325.95,124,10.1,-0.35
07:46:12,"[322.22, 18]","[318.33, 24]","[331.0, 40]","[338.0, 50]",326.61,132,8.78,-0.36
07:46:13,"[318.0, 9]","[317.0, 36]","[331.0, 36]","[338.0, 45]",324.5,126,13.0,-0.29
07:46:14,"[318.0, 8]","[317.0, 32]","[338.0, 40]","[340.0, 32]",328.0,112,20.0,-0.29
07:46:15,"[318.99, 133]","[317.73, 15]","[337.65, 54]","[339.15, 53]",328.32,255,18.66,0.16
07:46:16,"[319.79, 168]","[318.0, 14]","[335.57, 42]","[336.87, 30]",327.68,254,15.79,0.43
07:46:17,"[320.82, 132]","[318.0, 11]","[334.03, 35]","[336.0, 44]",327.42,222,13.21,0.29
07:46:18,"[322.38, 192]","[318.0, 16]","[331.67, 54]","[333.48, 75]",327.02,337,9.29,0.23
07:46:19,"[323.5, 160]","[318.75, 16]","[329.5, 48]","[330.62, 48]",326.5,272,6.0,0.29
07:46:20,"[325.67, 181]","[319.0, 19]","[327.63, 57]","[331.38, 58]",326.65,315,1.96,0.27
07:46:21,"[326.0, 65]","[319.0, 11]","[327.0, 33]","[338.0, 62]",326.5,171,1.0,-0.11
07:46:22,"[322.63, 57]","[318.08, 13]","[327.0, 39]","[338.0, 52]",324.82,161,4.37,-0.13
07:46:23,"[318.1, 62]","[317.32, 31]","[327.0, 30]","[338.0, 40]",322.55,163,8.9,0.14
07:46:24,"[322.76, 68]","[321.65, 129]","[326.55, 60]","[338.36, 100]",324.66,357,3.79,0.1
07:46:25,"[324.96, 47]","[322.44, 77]","[326.0, 14]","[339.0, 60]",325.48,198,1.04,0.25
07:46:26,"[325.0, 46]","[324.0, 55]","[336.76, 29]","[340.2, 50]",330.88,180,11.76,0.12
07:46:27,"[326.57, 7]","[323.11, 45]","[339.0, 28]","[341.0, 35]",332.79,115,12.43,-0.1
07:46:28,"[327.0, 8]","[320.77, 52]","[339.0, 32]","[341.0, 40]",333.0,132,12.0,-0.09
07:46:29,"[323.55, 22]","[320.67, 48]","[338.67, 36]","[340.3, 46]",331.11,152,15.12,-0.08
07:46:30,"[323.0, 36]","[322.0, 48]","[334.5, 52]","[335.56, 61]",328.75,197,11.5,-0.15
07:46:31,"[323.79, 42]","[322.0, 56]","[332.36, 56]","[335.0, 71]",328.07,225,8.57,-0.13
07:46:32,"[325.5, 48]","[322.0, 64]","[331.69, 64]","[335.53, 68]",328.59,244,6.19,-0.08
07:46:33,"[326.0, 45]","[322.0, 60]","[329.79, 58]","[333.1, 63]",327.9,226,3.79,-0.07
07:46:34,"[326.0, 24]","[322.0, 32]","[328.62, 32]","[330.0, 24]",327.31,112,2.62,0.0
07:46:35,"[326.0, 31]","[322.0, 68]","[327.71, 62]","[329.16, 57]",326.85,218,1.71,-0.09
07:46:36,"[318.09, 91]","[316.12, 202]","[324.83, 64]","[326.07, 69]",321.46,426,6.74,0.38
07:46:37,"[318.1, 98]","[316.77, 143]","[321.32, 47]","[322.91, 44]",319.71,332,3.22,0.45
07:46:38,"[319.0, 24]","[318.0, 132]","[320.8, 45]","[321.69, 39]",319.9,240,1.8,0.3
07:46:39,"[318.0, 110]","[313.0, 110]","[319.3, 30]","[327.6, 10]",318.65,260,1.3,0.69
07:46:40,"[316.19, 91]","[312.72, 107]","[321.0, 20]","[331.17, 30]",318.59,248,4.81,0.6
07:46:41,"[314.91, 55]","[313.0, 121]","[326.16, 19]","[330.26, 23]",320.53,218,11.25,0.61
07:46:42,"[316.41, 85]","[313.95, 105]","[325.4, 30]","[329.66, 35]",320.91,255,8.99,0.49
07:46:43,"[319.62, 34]","[317.17, 59]","[330.92, 62]","[331.53, 34]",325.27,189,11.3,-0.02
07:46:44,"[322.46, 35]","[321.25, 55]","[330.48, 40]","[331.67, 21]",326.47,151,8.02,0.19
07:46:45,"[327.18, 57]","[325.72, 94]","[329.44, 27]","[330.4, 55]",328.31,233,2.27,0.3
07:46:46,"[328.0, 55]","[327.0, 72]","[329.68, 22]","[332.03, 34]",328.84,183,1.68,0.39
07:46:47,"[328.0, 22]","[327.0, 60]","[333.79, 34]","[337.27, 44]",330.9,160,5.79,0.03
07:46:48,"[328.0, 7]","[327.0, 42]","[336.0, 7]","[337.0, 28]",332.0,84,8.0,0.17
07:46:49,"[327.57, 14]","[326.96, 50]","[336.83, 30]","[338.0, 40]",332.2,134,9.26,-0.04
07:46:50,"[327.0, 15]","[319.21, 33]","[337.0, 25]","[339.0, 20]",332.0,93,10.0,0.03
07:46:51,"[327.0, 36]","[326.0, 24]","[337.0, 60]","[339.0, 48]",332.0,168,10.0,-0.29
07:46:52,"[327.0, 27]","[326.0, 22]","[335.12, 51]","[338.17, 48]",331.06,148,8.12,-0.34
07:46:53,"[326.45, 11]","[320.21, 58]","[332.7, 27]","[336.0, 18]",329.58,114,6.25,0.21
07:46:54,"[326.42, 83]","[321.23, 94]","[333.69, 26]","[335.0, 13]",330.06,216,7.27,0.64
07:46:55,"[327.06, 112]","[326.0, 96]","[332.31, 32]","[335.0, 16]",329.69,256,5.25,0.62
07:46:56,"[328.0, 84]","[326.0, 72]","[331.33, 24]","[333.24, 17]",329.67,197,3.33,0.58
07:46:57,"[328.0, 101]","[326.0, 96]","[329.84, 37]","[332.03, 96]",328.92,330,1.84,0.19
07:46:58,"[328.0, 22]","[326.0, 66]","[331.0, 22]","[332.0, 55]",329.5,165,3.0,0.07
07:46:59,"[328.0, 20]","[326.0, 60]","[331.0, 20]","[332.0, 50]",329.5,150,3.0,0.07
07:47:00,"[326.4, 60]","[324.0, 60]","[331.0, 28]","[333.71, 70]",328.7,218,4.6,0.1
07:47:01,"[326.0, 72]","[321.0, 36]","[331.0, 32]","[340.0, 60]",328.5,200,5.0,0.08
07:47:02,"[326.0, 54]","[321.0, 27]","[330.78, 18]","[340.0, 42]",328.39,141,4.78,0.15
07:47:03,"[326.0, 120]","[321.0, 60]","[328.6, 40]","[340.16, 100]",327.3,320,2.6,0.12
07:47:04,"[326.0, 54]","[321.0, 27]","[327.0, 18]","[339.0, 36]",326.5,135,1.0,0.2
07:47:05,"[326.0, 9]","[321.0, 27]","[327.0, 18]","[339.0, 36]",326.5,90,1.0,-0.2
07:47:06,"[321.45, 33]","[319.2, 89]","[335.03, 31]","[339.74, 39]",328.24,192,13.58,0.27
07:47:07,"[321.85, 20]","[320.73, 59]","[336.48, 31]","[339.2, 76]",329.17,186,14.63,-0.15
07:47:08,"[324.66, 38]","[323.43, 46]","[334.76, 29]","[337.34, 58]",329.71,171,10.1,-0.02
07:47:09,"[326.38, 21]","[324.74, 31]","[331.59, 17]","[332.59, 17]",328.98,86,5.21,0.21
07:47:10,"[326.0, 17]","[321.0, 51]","[329.0, 17]","[330.94, 17]",327.5,102,3.0,0.33
07:47:11,"[321.24, 41]","[319.38, 32]","[326.26, 39]","[338.74, 50]",323.75,162,5.01,-0.1
07:47:12,"[321.0, 42]","[319.0, 28]","[323.17, 66]","[324.94, 18]",322.08,154,2.17,-0.09
07:47:13,"[320.03, 29]","[318.26, 38]","[321.58, 60]","[324.0, 12]",320.81,139,1.55,-0.04
07:47:14,"[319.0, 18]","[318.0, 48]","[320.57, 44]","[324.98, 40]",319.78,150,1.57,-0.12
07:47:15,"[318.0, 60]","[317.0, 60]","[326.74, 47]","[329.6, 45]",322.37,212,8.74,0.13
07:47:16,"[318.0, 16]","[317.0, 16]","[325.0, 16]","[329.0, 12]",321.5,60,7.0,0.07
07:47:17,"[318.0, 56]","[317.0, 56]","[322.64, 56]","[329.9, 63]",320.32,231,4.64,-0.03
07:47:18,"[318.0, 52]","[316.79, 38]","[320.85, 52]","[332.0, 78]",319.42,220,2.85,-0.18
07:47:19,"[318.0, 52]","[317.0, 26]","[320.38, 24]","[331.0, 42]",319.19,144,2.38,0.08
07:47:20,"[318.0, 64]","[317.0, 32]","[329.08, 24]","[330.25, 48]",323.54,168,11.08,0.14
07:47:21,"[317.78, 36]","[316.27, 22]","[327.43, 37]","[330.21, 29]",322.61,124,9.65,-0.06
07:47:22,"[317.0, 26]","[315.0, 26]","[325.54, 65]","[327.0, 49]",321.27,166,8.54,-0.37
07:47:23,"[320.71, 56]","[318.6, 40]","[324.99, 81]","[326.86, 69]",322.85,246,4.27,-0.22
07:47:24,"[321.38, 42]","[317.56, 39]","[328.13, 55]","[329.39, 66]",324.75,202,6.75,-0.2
07:47:25,"[321.0, 36]","[319.0, 54]","[327.56, 54]","[329.0, 66]",324.28,210,6.56,-0.14
07:47:26,"[321.0, 24]","[319.0, 36]","[326.63, 38]","[328.35, 37]",323.82,135,5.63,-0.11
07:47:27,"[321.0, 20]","[319.0, 30]","[323.15, 34]","[325.0, 36]",322.07,120,2.15,-0.17
07:47:28,"[321.78, 27]","[320.49, 35]","[322.92, 49]","[331.16, 58]",322.35,169,1.14,-0.27
07:47:29,"[322.0, 14]","[321.0, 28]","[323.0, 42]","[335.0, 42]",322.5,126,1.0,-0.33
07:47:30,"[321.07, 30]","[319.5, 46]","[330.73, 44]","[336.88, 48]",325.9,168,9.66,-0.1
07:47:31,"[319.14, 29]","[317.08, 75]","[334.0, 30]","[336.8, 30]",326.57,164,14.86,0.27
07:47:32,"[319.5, 60]","[317.37, 98]","[332.45, 74]","[334.25, 72]",325.97,304,12.95,0.04
07:47:33,"[320.0, 80]","[319.0, 48]","[330.82, 83]","[333.89, 84]",325.41,295,10.82,-0.13
07:47:34,"[320.67, 75]","[319.0, 45]","[330.0, 75]","[332.6, 45]",325.33,240,9.33,0.0
07:47:35,"[323.99, 132]","[322.92, 86]","[328.71, 76]","[331.21, 56]",326.35,350,4.72,0.25
07:47:36,"[325.0, 192]","[319.0, 42]","[326.83, 58]","[328.16, 67]",325.91,359,1.83,0.3
07:47:37,"[325.0, 90]","[319.0, 48]","[331.65, 52]","[341.88, 75]",328.33,265,6.65,0.04
07:47:38,"[325.0, 57]","[319.0, 39]","[340.37, 81]","[346.6, 60]",332.69,237,15.37,-0.19
07:47:39,"[325.3, 40]","[322.2, 45]","[332.0, 39]","[343.0, 118]",328.65,242,6.7,-0.3
07:47:40,"[326.0, 20]","[325.0, 40]","[332.0, 30]","[343.0, 46]",329.0,136,6.0,-0.12
07:47:41,"[326.87, 30]","[325.0, 60]","[332.0, 45]","[343.0, 60]",329.43,195,5.13,-0.08
07:47:42,"[327.0, 22]","[325.0, 44]","[332.0, 33]","[343.0, 44]",329.5,143,5.0,-0.08
07:47:43,"[325.48, 31]","[321.62, 32]","[332.0, 30]","[343.0, 40]",328.74,133,6.52,-0.05
07:47:44,"[326.9, 60]","[325.0, 40]","[329.9, 60]","[336.0, 66]",328.4,226,3.0,-0.12
07:47:45,"[327.0, 31]","[325.0, 26]","[328.0, 39]","[338.77, 39]",327.5,135,1.0,-0.16
07:47:46,"[325.06, 31]","[322.08, 77]","[340.12, 51]","[345.94, 104]",332.59,263,15.05,-0.18
07:47:47,"[323.12, 32]","[321.14, 42]","[337.36, 25]","[343.03, 35]",330.24,134,14.24,0.1
07:47:48,"[323.35, 127]","[321.96, 91]","[335.07, 43]","[336.06, 62]",329.21,323,11.72,0.35
07:47:49,"[324.62, 128]","[324.0, 192]","[332.98, 45]","[335.82, 55]",328.8,420,8.35,0.52
07:47:50,"[326.0, 56]","[325.0, 168]","[333.64, 28]","[336.53, 45]",329.82,297,7.64,0.51
07:47:51,"[325.37, 87]","[324.38, 121]","[332.77, 26]","[336.0, 52]",329.07,286,7.4,0.45
07:47:52,"[325.0, 154]","[322.0, 70]","[330.4, 40]","[334.91, 46]",327.7,310,5.4,0.45
07:47:53,"[325.0, 165]","[320.05, 63]","[328.32, 38]","[329.92, 52]",326.66,318,3.32,0.43
07:47:54,"[324.72, 87]","[318.95, 44]","[328.83, 72]","[332.68, 44]",326.78,247,4.11,0.06
07:47:55,"[321.0, 11]","[318.0, 55]","[336.0, 33]","[337.0, 22]",328.5,121,15.0,0.09
07:47:56,"[321.0, 17]","[318.0, 85]","[334.55, 65]","[337.73, 59]",327.78,226,13.55,-0.1
07:47:57,"[321.0, 11]","[318.0, 55]","[333.17, 41]","[335.64, 33]",327.09,140,12.17,-0.06
07:47:58,"[321.0, 14]","[318.0, 70]","[330.04, 46]","[332.57, 47]",325.52,177,9.04,-0.05
07:47:59,"[320.45, 11]","[317.43, 49]","[332.0, 40]","[333.0, 48]",326.23,148,11.55,-0.19
07:48:00,"[318.0, 18]","[311.0, 36]","[330.59, 34]","[332.81, 43]",324.29,131,12.59,-0.18
07:48:01,"[318.0, 30]","[311.0, 60]","[323.13, 45]","[326.9, 40]",320.57,175,5.13,0.03
07:48:02,"[315.2, 40]","[310.41, 116]","[321.44, 48]","[326.5, 40]",318.32,244,6.24,0.28
07:48:03,"[311.55, 55]","[310.03, 176]","[319.38, 39]","[327.69, 26]",315.47,296,7.84,0.56
07:48:04,"[312.79, 28]","[310.09, 56]","[318.5, 24]","[324.0, 16]",315.64,124,5.71,0.35
07:48:05,"[311.0, 6]","[310.0, 102]","[318.0, 18]","[324.0, 12]",314.5,138,7.0,0.57
07:48:06,"[311.77, 13]","[308.17, 35]","[316.59, 44]","[318.0, 43]",314.18,135,4.82,-0.29
07:48:07,"[312.96, 103]","[309.91, 23]","[316.27, 33]","[320.56, 36]",314.62,195,3.31,0.29
07:48:08,"[314.0, 9]","[313.0, 81]","[316.0, 18]","[324.0, 18]",315.0,126,2.0,0.43
07:48:09,"[313.56, 133]","[309.24, 119]","[325.97, 72]","[329.13, 91]",319.76,415,12.42,0.21
07:48:10,"[315.14, 116]","[311.92, 106]","[325.7, 56]","[327.7, 81]",320.42,359,10.56,0.24
07:48:11,"[320.72, 87]","[315.35, 93]","[323.32, 31]","[324.78, 64]",322.02,275,2.6,0.31
07:48:12,"[321.05, 121]","[320.55, 87]","[323.22, 27]","[326.07, 58]",322.14,293,2.17,0.42
07:48:13,"[321.0, 64]","[320.0, 24]","[324.0, 16]","[329.0, 24]",322.5,128,3.0,0.38
07:48:14,"[321.91, 88]","[320.0, 33]","[325.6, 30]","[328.18, 33]",323.75,184,3.69,0.32
07:48:15,"[323.15, 85]","[320.0, 33]","[325.4, 15]","[328.32, 28]",324.28,161,2.25,0.47
07:48:16,"[321.28, 32]","[313.56, 59]","[327.82, 17]","[328.92, 26]",324.55,134,6.54,0.36
07:48:17,"[321.45, 22]","[320.0, 30]","[328.0, 20]","[329.0, 30]",324.73,102,6.55,0.02
07:48:18,"[317.8, 10]","[312.84, 114]","[328.0, 20]","[329.0, 30]",322.9,174,10.2,0.43
07:48:19,"[315.0, 10]","[312.0, 170]","[328.16, 31]","[333.5, 30]",321.58,241,13.16,0.49
07:48:20,"[315.0, 15]","[312.75, 190]","[326.0, 60]","[330.16, 73]",320.5,338,11.0,0.21
07:48:21,"[315.0, 6]","[313.0, 24]","[326.0, 24]","[330.0, 30]",320.5,84,11.0,-0.29
07:48:22,"[315.0, 5]","[313.0, 20]","[326.0, 20]","[330.0, 25]",320.5,70,11.0,-0.29
07:48:23,"[315.85, 33]","[313.52, 27]","[322.54, 52]","[328.86, 56]",319.19,168,6.69,-0.29
07:48:24,"[312.52, 79]","[306.82, 67]","[327.88, 77]","[330.18, 85]",320.2,308,15.36,-0.05
07:48:25,"[311.02, 66]","[303.91, 57]","[328.29, 70]","[330.89, 72]",319.65,265,17.27,-0.07
07:48:26,"[312.96, 75]","[307.27, 80]","[324.26, 97]","[326.43, 112]",318.61,364,11.3,-0.15
07:48:27,"[320.0, 42]","[310.67, 54]","[322.0, 67]","[323.07, 84]",321.0,247,2.0,-0.22
07:48:28,"[320.0, 18]","[316.0, 6]","[321.0, 18]","[322.0, 30]",320.5,72,1.0,-0.33
07:48:29,"[317.04, 115]","[313.6, 25]","[321.12, 83]","[325.62, 53]",319.08,276,4.08,0.01
07:48:30,"[317.64, 99]","[316.0, 11]","[319.64, 55]","[326.36, 33]",318.64,198,2.0,0.11
07:48:31,"[318.04, 73]","[316.0, 16]","[326.36, 77]","[329.36, 42]",322.2,208,8.32,-0.14
07:48:32,"[319.0, 33]","[316.0, 11]","[328.44, 48]","[329.31, 52]",323.72,144,9.44,-0.39
07:48:33,"[319.0, 48]","[316.0, 16]","[325.68, 38]","[327.5, 48]",322.34,150,6.68,-0.15
07:48:34,"[320.62, 168]","[318.1, 84]","[325.0, 48]","[330.0, 48]",322.81,348,4.38,0.45
07:48:35,"[322.21, 154]","[317.0, 98]","[325.21, 42]","[330.0, 42]",323.71,336,3.0,0.5
07:48:36,"[323.0, 154]","[317.0, 98]","[327.15, 47]","[329.57, 42]",325.07,341,4.15,0.48
07:48:37,"[323.0, 138]","[317.0, 91]","[328.0, 39]","[331.0, 39]",325.5,307,5.0,0.49
07:48:38,"[323.0, 78]","[317.0, 91]","[328.0, 39]","[331.52, 31]",325.5,239,5.0,0.41
07:48:39,"[323.0, 42]","[317.0, 49]","[327.73, 26]","[332.6, 15]",325.37,132,4.73,0.38
07:48:40,"[323.67, 54]","[317.0, 63]","[327.0, 45]","[331.0, 18]",325.33,180,3.33,0.3
07:48:41,"[325.0, 54]","[317.0, 70]","[327.0, 50]","[331.0, 20]",326.0,194,2.0,0.28
07:48:42,"[317.41, 29]","[316.99, 134]","[327.0, 65]","[331.0, 26]",322.21,254,9.59,0.28
07:48:43,"[319.64, 11]","[317.0, 132]","[325.48, 25]","[328.29, 34]",322.56,202,5.84,0.42
07:48:44,"[318.5, 34]","[316.99, 207]","[322.53, 30]","[323.44, 36]",320.52,307,4.03,0.57
07:48:45,"[317.24, 92]","[316.83, 144]","[321.0, 28]","[322.62, 26]",319.12,290,3.76,0.63
07:48:46,"[317.0, 117]","[316.0, 39]","[320.23, 22]","[325.29, 17]",318.61,195,3.23,0.6
07:48:47,"[317.0, 90]","[316.0, 30]","[321.0, 10]","[329.0, 20]",319.0,150,4.0,0.6
07:48:48,"[317.0, 89]","[316.0, 42]","[319.0, 17]","[326.0, 35]",318.0,183,2.0,0.43
07:48:49,"[318.9, 90]","[317.73, 70]","[327.0, 64]","[331.6, 60]",322.95,284,8.1,0.13
07:48:50,"[321.0, 55]","[320.0, 99]","[327.0, 44]","[332.0, 64]",324.0,262,6.0,0.18
07:48:51,"[322.09, 55]","[320.0, 99]","[327.0, 44]","[332.0, 66]",324.55,264,4.91,0.17
07:48:52,"[323.4, 75]","[320.0, 135]","[326.57, 46]","[329.83, 72]",324.98,328,3.17,0.28
07:48:53,"[324.0, 55]","[320.0, 117]","[326.11, 36]","[329.31, 52]",325.06,260,2.11,0.32
07:48:54,"[324.96, 77]","[320.0, 126]","[329.36, 56]","[333.0, 56]",327.16,315,4.4,0.29
07:48:55,"[325.0, 86]","[320.0, 99]","[329.47, 17]","[330.55, 44]",327.24,246,4.47,0.5
07:48:56,"[325.0, 63]","[320.0, 81]","[328.0, 9]","[330.0, 36]",326.5,189,3.0,0.52
07:48:57,"[325.29, 69]","[322.21, 113]","[328.0, 17]","[330.0, 68]",326.64,267,2.71,0.36
07:48:58,"[326.0, 16]","[325.0, 40]","[328.0, 8]","[330.0, 32]",327.0,96,2.0,0.17
