Time,Bid1,Bid2,Ask1,Ask2,Mid-Price,Total_volume,Bid_ask_spread,Order_imbalance
07:30:00,"[1.0, 6]","[0, 0]","[0, 0]","[0, 0]",0.5,6,-1.0,1.0
07:30:01,"[27.0, 20]","[1.0, 12]","[798.4, 5]","[0, 0]",412.7,37,771.4,0.73
07:30:02,"[261.75, 8]","[21.0, 13]","[306.46, 13]","[403.57, 7]",284.11,41,44.71,0.02
07:30:03,"[262.75, 48]","[261.0, 8]","[292.56, 16]","[294.59, 32]",277.66,104,29.81,0.08
07:30:04,"[264.0, 36]","[261.0, 6]","[287.45, 20]","[288.1, 21]",275.73,83,23.45,0.01
07:30:05,"[264.0, 36]","[261.0, 6]","[283.17, 30]","[285.0, 10]",273.58,82,19.17,0.02
07:30:06,"[265.17, 36]","[261.0, 6]","[282.36, 11]","[283.06, 18]",273.77,71,17.2,0.18
07:30:07,"[266.0, 36]","[261.0, 6]","[280.27, 11]","[280.88, 16]",273.14,69,14.27,0.22
07:30:08,"[266.0, 36]","[261.0, 6]","[276.57, 14]","[277.19, 21]",271.29,77,10.57,0.09
07:30:09,"[266.31, 78]","[261.0, 13]","[271.36, 25]","[272.14, 37]",268.83,153,5.05,0.19
07:30:10,"[267.0, 35]","[261.0, 6]","[269.33, 6]","[270.86, 22]",268.17,69,2.33,0.19
07:30:11,"[267.0, 44]","[261.0, 12]","[270.25, 52]","[273.18, 45]",268.62,153,3.25,-0.27
07:30:12,"[267.0, 21]","[261.86, 7]","[270.0, 25]","[273.0, 21]",268.5,74,3.0,-0.24
07:30:13,"[266.45, 11]","[262.8, 5]","[270.4, 15]","[275.78, 18]",268.43,49,3.95,-0.35
07:30:14,"[264.0, 9]","[261.0, 9]","[270.86, 35]","[271.65, 37]",267.43,90,6.86,-0.6
07:30:15,"[264.0, 5]","[261.0, 5]","[268.81, 21]","[270.53, 19]",266.4,50,4.81,-0.6
07:30:16,"[264.0, 7]","[261.0, 7]","[268.0, 35]","[271.0, 21]",266.0,70,4.0,-0.6
07:30:17,"[264.75, 16]","[262.5, 8]","[268.0, 40]","[271.0, 24]",266.38,88,3.25,-0.45
07:30:18,"[265.17, 18]","[264.0, 12]","[268.0, 60]","[271.0, 36]",266.58,126,2.83,-0.52
07:30:19,"[260.58, 73]","[254.15, 67]","[266.92, 65]","[271.0, 39]",263.75,244,6.35,0.15
07:30:20,"[260.12, 162]","[253.55, 141]","[265.14, 70]","[271.0, 42]",262.63,415,5.03,0.46
07:30:21,"[262.31, 304]","[260.0, 176]","[264.38, 79]","[271.92, 48]",263.35,607,2.07,0.58
07:30:22,"[263.0, 247]","[260.0, 134]","[268.26, 38]","[274.46, 37]",265.63,456,5.26,0.67
07:30:23,"[265.36, 77]","[264.83, 212]","[273.0, 34]","[275.0, 121]",269.18,444,7.64,0.3
07:30:24,"[266.01, 125]","[261.79, 137]","[273.0, 32]","[275.0, 128]",269.5,422,6.99,0.24
07:30:25,"[261.82, 11]","[260.67, 36]","[273.0, 18]","[275.0, 72]",267.41,137,11.18,-0.31
07:30:26,"[267.33, 12]","[260.37, 38]","[273.0, 24]","[275.0, 96]",270.17,170,5.67,-0.41
07:30:27,"[262.35, 34]","[259.96, 68]","[273.0, 20]","[275.0, 80]",267.68,202,10.65,0.01
07:30:28,"[260.0, 117]","[257.0, 9]","[273.0, 18]","[275.0, 72]",266.5,216,13.0,0.17
07:30:29,"[260.0, 78]","[257.0, 6]","[273.0, 12]","[275.0, 30]",266.5,126,13.0,0.33
07:30:30,"[260.0, 104]","[257.0, 8]","[273.0, 16]","[275.0, 50]",266.5,178,13.0,0.26
07:30:31,"[260.0, 117]","[257.0, 9]","[274.0, 24]","[275.18, 72]",267.0,222,14.0,0.14
07:30:32,"[260.0, 117]","[257.0, 9]","[271.29, 21]","[274.67, 45]",265.64,192,11.29,0.31
07:30:33,"[260.93, 58]","[259.9, 119]","[271.0, 65]","[272.0, 13]",265.97,255,10.07,0.39
07:30:34,"[260.0, 192]","[257.0, 16]","[266.4, 72]","[269.6, 25]",263.2,305,6.4,0.36
07:30:35,"[260.94, 35]","[259.96, 134]","[264.46, 65]","[270.53, 30]",262.7,264,3.52,0.28
07:30:36,"[260.17, 115]","[259.71, 93]","[265.06, 66]","[268.52, 66]",262.61,340,4.9,0.22
07:30:37,"[260.31, 29]","[258.61, 184]","[262.22, 54]","[263.24, 46]",261.27,313,1.91,0.36
07:30:38,"[259.03, 66]","[256.3, 152]","[263.3, 46]","[265.81, 42]",261.17,306,4.27,0.42
07:30:39,"[259.0, 76]","[254.47, 19]","[265.8, 65]","[266.79, 56]",262.4,216,6.8,-0.12
07:30:40,"[259.0, 56]","[257.0, 14]","[263.21, 28]","[264.44, 36]",261.11,134,4.21,0.04
07:30:41,"[259.0, 56]","[257.0, 14]","[261.07, 28]","[262.21, 28]",260.04,126,2.07,0.11
07:30:42,"[257.63, 19]","[254.56, 16]","[260.31, 32]","[261.31, 32]",258.97,99,2.68,-0.29
07:30:43,"[257.0, 8]","[254.0, 8]","[259.0, 16]","[261.0, 16]",258.0,48,2.0,-0.33
07:30:44,"[254.94, 16]","[252.26, 38]","[257.62, 32]","[259.88, 32]",256.28,118,2.69,-0.08
07:30:45,"[254.97, 29]","[252.8, 25]","[256.33, 18]","[257.2, 30]",255.65,102,1.37,0.06
07:30:46,"[252.89, 18]","[251.6, 10]","[256.2, 10]","[257.2, 20]",254.54,58,3.31,-0.03
07:30:47,"[254.89, 27]","[253.82, 34]","[265.52, 31]","[264.75, 32]",260.2,124,10.63,-0.02
07:30:48,"[257.55, 44]","[254.75, 40]","[266.75, 48]","[269.57, 37]",262.15,169,9.2,-0.01
07:30:49,"[258.0, 56]","[257.0, 78]","[266.0, 72]","[270.0, 14]",262.0,220,8.0,0.22
07:30:50,"[259.68, 38]","[258.08, 74]","[265.48, 65]","[267.09, 64]",262.58,241,5.79,-0.07
07:30:51,"[262.59, 27]","[259.15, 54]","[266.33, 43]","[268.15, 65]",264.46,189,3.73,-0.14
07:30:52,"[259.65, 23]","[258.16, 31]","[268.0, 68]","[273.0, 8]",263.83,130,8.35,-0.17
07:30:53,"[259.8, 45]","[257.2, 60]","[268.0, 108]","[273.0, 12]",263.9,225,8.2,-0.07
07:30:54,"[263.0, 10]","[259.0, 24]","[268.0, 54]","[273.0, 6]",265.5,94,5.0,-0.28
07:30:55,"[263.0, 9]","[259.0, 36]","[267.96, 75]","[270.35, 17]",265.48,137,4.96,-0.34
07:30:56,"[263.0, 13]","[259.32, 56]","[265.54, 39]","[268.0, 117]",264.27,225,2.54,-0.39
07:30:57,"[261.57, 21]","[259.49, 73]","[266.13, 39]","[269.75, 55]",263.85,188,4.56,0.0
07:30:58,"[259.18, 133]","[258.44, 99]","[265.63, 19]","[268.27, 30]",262.41,281,6.45,0.65
07:30:59,"[259.0, 154]","[258.0, 70]","[264.04, 27]","[265.13, 15]",261.52,266,5.04,0.68
07:31:00,"[259.0, 137]","[258.0, 65]","[260.89, 47]","[263.6, 20]",259.95,269,1.89,0.5
07:31:01,"[259.0, 80]","[258.0, 50]","[260.86, 35]","[268.33, 30]",259.93,195,1.86,0.33
07:31:02,"[259.0, 59]","[258.0, 40]","[263.0, 16]","[271.0, 50]",261.0,165,4.0,0.2
07:31:03,"[259.0, 34]","[258.0, 60]","[261.75, 24]","[270.65, 68]",260.38,186,2.75,0.01
07:31:04,"[258.12, 85]","[254.77, 130]","[260.11, 36]","[263.93, 42]",259.11,293,1.99,0.47
07:31:05,"[258.11, 45]","[255.23, 81]","[265.66, 35]","[267.76, 50]",261.88,211,7.55,0.19
07:31:06,"[259.92, 13]","[258.0, 65]","[265.47, 19]","[266.57, 42]",262.7,139,5.55,0.12
07:31:07,"[261.33, 15]","[257.94, 52]","[265.0, 28]","[267.33, 36]",263.17,131,3.67,0.02
07:31:08,"[255.8, 25]","[252.11, 71]","[264.45, 22]","[265.84, 43]",260.13,161,8.65,0.19
07:31:09,"[251.68, 62]","[250.11, 94]","[261.84, 37]","[266.12, 51]",256.76,244,10.16,0.28
07:31:10,"[253.0, 45]","[250.0, 63]","[256.0, 18]","[264.92, 39]",254.5,165,3.0,0.31
07:31:11,"[252.03, 32]","[248.55, 22]","[256.0, 18]","[265.0, 63]",254.02,135,3.97,-0.2
07:31:12,"[253.0, 33]","[248.0, 22]","[254.41, 44]","[262.52, 29]",253.7,128,1.41,-0.14
07:31:13,"[253.0, 27]","[247.11, 18]","[254.0, 45]","[256.0, 9]",253.5,99,1.0,-0.09
07:31:14,"[253.0, 30]","[247.0, 20]","[254.0, 50]","[256.0, 10]",253.5,110,1.0,-0.09
07:31:15,"[253.0, 24]","[247.0, 16]","[258.67, 12]","[263.35, 26]",255.83,78,5.67,0.03
07:31:16,"[253.0, 21]","[247.0, 14]","[262.0, 7]","[263.0, 35]",257.5,77,9.0,-0.09
07:31:17,"[253.97, 87]","[250.32, 38]","[262.38, 16]","[263.43, 56]",258.17,197,8.41,0.27
07:31:18,"[256.96, 110]","[254.67, 76]","[270.11, 38]","[574.93, 30]",263.53,254,13.14,0.46
07:31:19,"[260.64, 98]","[254.46, 72]","[272.0, 42]","[415.86, 56]",266.32,268,11.36,0.27
07:31:20,"[263.11, 65]","[259.48, 33]","[272.0, 33]","[407.27, 44]",267.55,175,8.89,0.12
07:31:21,"[265.46, 91]","[263.0, 13]","[271.0, 39]","[366.91, 44]",268.23,187,5.54,0.11
07:31:22,"[267.0, 110]","[260.15, 39]","[269.32, 34]","[276.86, 42]",268.16,225,2.32,0.32
07:31:23,"[267.0, 70]","[260.0, 40]","[268.0, 10]","[269.0, 30]",267.5,150,1.0,0.47
07:31:24,"[260.0, 40]","[256.0, 20]","[266.37, 46]","[271.0, 12]",263.18,118,6.37,0.02
07:31:25,"[260.0, 24]","[256.0, 12]","[265.0, 30]","[269.67, 6]",262.5,72,5.0,0.0
07:31:26,"[260.0, 44]","[256.0, 22]","[264.0, 55]","[270.0, 11]",262.0,132,4.0,0.0
07:31:27,"[260.0, 28]","[256.0, 14]","[262.8, 20]","[272.08, 13]",261.4,75,2.8,0.12
07:31:28,"[257.45, 22]","[254.12, 67]","[262.0, 27]","[273.0, 9]",259.73,125,4.55,0.42
07:31:29,"[256.0, 20]","[254.0, 74]","[258.25, 12]","[260.95, 20]",257.12,126,2.25,0.49
07:31:30,"[254.78, 36]","[245.91, 87]","[257.0, 13]","[260.22, 18]",255.89,154,2.22,0.6
07:31:31,"[254.4, 48]","[241.35, 92]","[260.82, 22]","[261.43, 14]",257.61,176,6.42,0.59
07:31:32,"[262.33, 33]","[259.0, 18]","[264.0, 45]","[270.0, 15]",263.17,111,1.67,-0.08
07:31:33,"[263.0, 102]","[261.0, 13]","[264.0, 37]","[270.0, 13]",263.5,165,1.0,0.39
07:31:34,"[263.0, 72]","[261.92, 61]","[264.0, 12]","[270.0, 12]",263.5,157,1.0,0.69
07:31:35,"[263.52, 80]","[262.13, 39]","[267.67, 18]","[303.53, 47]",265.6,184,4.14,0.29
07:31:36,"[264.93, 41]","[261.55, 22]","[269.73, 11]","[374.42, 19]",267.33,93,4.8,0.35
07:31:37,"[260.71, 14]","[258.14, 28]","[263.2, 20]","[268.94, 17]",261.96,79,2.49,0.06
07:31:38,"[259.0, 18]","[253.0, 36]","[265.0, 12]","[269.63, 35]",262.0,101,6.0,0.07
07:31:39,"[259.0, 14]","[253.0, 28]","[269.0, 28]","[271.0, 7]",264.0,77,10.0,0.09
07:31:40,"[259.0, 20]","[254.0, 90]","[269.0, 40]","[271.0, 10]",264.0,160,10.0,0.38
07:31:41,"[255.0, 60]","[253.63, 86]","[268.27, 41]","[269.62, 29]",261.63,216,13.27,0.35
07:31:42,"[254.34, 64]","[253.68, 88]","[261.74, 57]","[262.77, 52]",258.04,261,7.39,0.16
07:31:43,"[255.0, 11]","[254.0, 58]","[258.51, 39]","[259.7, 40]",256.76,148,3.51,-0.07
07:31:44,"[255.0, 13]","[254.0, 52]","[256.84, 50]","[257.74, 61]",255.92,176,1.84,-0.26
07:31:45,"[252.62, 40]","[251.27, 81]","[256.8, 50]","[257.71, 70]",254.71,241,4.18,0.0
07:31:46,"[254.0, 10]","[250.2, 60]","[256.0, 10]","[257.0, 40]",255.0,120,2.0,0.17
07:31:47,"[254.0, 14]","[250.0, 84]","[257.0, 56]","[258.0, 70]",255.5,224,3.0,-0.12
07:31:48,"[254.5, 14]","[250.57, 49]","[257.0, 54]","[258.0, 70]",255.75,187,2.5,-0.33
07:31:49,"[254.8, 25]","[251.47, 19]","[257.0, 20]","[258.0, 50]",255.9,114,2.2,-0.23
07:31:50,"[255.0, 44]","[254.0, 11]","[257.0, 22]","[258.0, 55]",256.0,132,2.0,-0.17
07:31:51,"[255.54, 52]","[250.24, 49]","[257.0, 26]","[258.0, 65]",256.27,192,1.46,0.05
07:31:52,"[256.4, 40]","[249.0, 50]","[260.06, 32]","[263.52, 42]",258.23,164,3.66,0.1
07:31:53,"[257.56, 43]","[251.66, 85]","[264.72, 76]","[265.96, 46]",261.14,250,7.17,0.02
07:31:54,"[261.31, 58]","[259.47, 34]","[263.9, 52]","[265.17, 72]",262.61,216,2.59,-0.15
07:31:55,"[262.91, 22]","[260.72, 29]","[265.0, 85]","[271.0, 17]",263.95,153,2.09,-0.33
07:31:56,"[260.67, 15]","[253.85, 26]","[265.35, 17]","[273.67, 9]",263.01,67,4.69,0.22
07:31:57,"[258.07, 27]","[252.4, 20]","[271.0, 12]","[277.0, 48]",264.54,107,12.93,-0.12
07:31:58,"[259.0, 12]","[256.0, 12]","[268.27, 22]","[275.0, 12]",263.64,58,9.27,-0.17
07:31:59,"[259.0, 16]","[251.0, 8]","[268.0, 40]","[270.75, 8]",263.5,72,9.0,-0.33
07:32:00,"[260.96, 114]","[258.53, 17]","[268.0, 45]","[270.0, 9]",264.48,185,7.04,0.42
07:32:01,"[261.0, 77]","[259.0, 16]","[268.0, 40]","[270.0, 8]",264.5,141,7.0,0.32
07:32:02,"[261.16, 97]","[260.0, 36]","[266.48, 27]","[267.82, 39]",263.82,199,5.32,0.34
07:32:03,"[262.0, 88]","[261.0, 99]","[266.77, 52]","[268.04, 23]",264.38,262,4.77,0.43
07:32:04,"[263.0, 104]","[261.0, 117]","[266.87, 63]","[269.1, 21]",264.94,305,3.87,0.45
07:32:05,"[264.03, 58]","[262.28, 94]","[267.17, 47]","[271.18, 11]",265.6,210,3.14,0.45
07:32:06,"[265.92, 52]","[264.47, 30]","[271.0, 9]","[272.0, 9]",268.46,100,5.08,0.64
07:32:07,"[266.8, 60]","[265.0, 30]","[270.33, 15]","[271.8, 15]",268.57,120,3.53,0.5
07:32:08,"[267.0, 28]","[265.0, 14]","[269.29, 7]","[271.43, 7]",268.14,56,2.29,0.5
07:32:09,"[267.8, 20]","[266.88, 34]","[271.0, 9]","[274.0, 9]",269.4,72,3.2,0.5
07:32:10,"[268.0, 26]","[267.0, 52]","[271.0, 13]","[274.0, 13]",269.5,104,3.0,0.5
07:32:11,"[268.4, 15]","[267.14, 42]","[270.02, 56]","[271.25, 12]",269.21,125,1.62,-0.09
07:32:12,"[267.5, 16]","[266.57, 56]","[269.1, 50]","[273.1, 10]",268.3,132,1.6,0.09
07:32:13,"[267.0, 49]","[266.0, 192]","[268.96, 78]","[272.75, 20]",267.98,339,1.96,0.42
07:32:14,"[267.0, 13]","[266.0, 156]","[268.46, 65]","[274.0, 13]",267.73,247,1.46,0.37
07:32:15,"[267.0, 15]","[266.0, 180]","[268.0, 75]","[275.07, 15]",267.5,285,1.0,0.37
07:32:16,"[266.02, 107]","[262.43, 84]","[268.79, 57]","[277.71, 17]",267.4,265,2.77,0.44
07:32:17,"[266.0, 18]","[263.0, 36]","[275.33, 15]","[278.78, 9]",270.67,78,9.33,0.38
07:32:18,"[266.0, 28]","[263.0, 56]","[271.5, 56]","[274.81, 32]",268.75,172,5.5,-0.02
07:32:19,"[263.2, 30]","[261.25, 32]","[270.5, 32]","[273.14, 14]",266.85,108,7.3,0.15
07:32:20,"[263.0, 44]","[261.0, 44]","[268.0, 44]","[269.0, 44]",265.5,176,5.0,0.0
07:32:21,"[263.0, 28]","[261.0, 28]","[266.62, 13]","[267.57, 28]",264.81,97,3.62,0.15
07:32:22,"[263.0, 44]","[261.0, 44]","[265.91, 11]","[267.18, 44]",264.45,143,2.91,0.23
07:32:23,"[263.0, 56]","[261.0, 56]","[264.21, 14]","[267.09, 23]",263.61,149,1.21,0.5
07:32:24,"[263.43, 53]","[261.67, 54]","[266.39, 18]","[271.58, 48]",264.91,173,2.95,0.24
07:32:25,"[264.47, 17]","[263.73, 33]","[272.0, 44]","[273.0, 11]",268.24,105,7.53,-0.05
07:32:26,"[263.79, 19]","[262.7, 37]","[272.0, 44]","[273.0, 11]",267.89,111,8.21,0.01
07:32:27,"[263.0, 30]","[261.0, 40]","[272.0, 40]","[273.0, 10]",267.5,120,9.0,0.17
07:32:28,"[263.0, 48]","[261.0, 64]","[271.92, 65]","[272.79, 19]",267.46,196,8.92,0.14
07:32:29,"[263.0, 38]","[261.0, 56]","[271.0, 70]","[272.5, 56]",267.0,220,8.0,-0.15
07:32:30,"[263.0, 20]","[261.0, 40]","[270.6, 50]","[273.0, 40]",266.8,150,7.6,-0.2
07:32:31,"[262.11, 18]","[259.62, 64]","[268.78, 45]","[273.0, 36]",265.44,163,6.67,0.01
07:32:32,"[261.0, 16]","[259.0, 88]","[268.0, 30]","[272.25, 32]",264.5,166,7.0,0.25
07:32:33,"[261.0, 32]","[259.2, 179]","[266.58, 24]","[267.84, 43]",263.79,278,5.58,0.52
07:32:34,"[260.94, 31]","[258.95, 124]","[263.69, 16]","[266.0, 48]",262.31,219,2.75,0.42
07:32:35,"[258.14, 14]","[252.69, 26]","[261.29, 17]","[264.4, 35]",259.72,92,3.15,-0.13
07:32:36,"[254.33, 15]","[252.3, 23]","[259.69, 13]","[269.85, 39]",257.01,90,5.36,-0.16
07:32:37,"[255.0, 18]","[249.36, 88]","[266.68, 50]","[268.03, 37]",260.84,193,11.68,0.1
07:32:38,"[255.83, 18]","[249.15, 80]","[265.11, 47]","[266.49, 55]",260.47,200,9.27,-0.02
07:32:39,"[257.5, 26]","[251.53, 15]","[264.56, 36]","[265.86, 37]",261.03,114,7.06,-0.28
07:32:40,"[259.53, 45]","[249.9, 29]","[264.33, 60]","[265.64, 45]",261.93,179,4.8,-0.17
07:32:41,"[261.93, 85]","[259.43, 28]","[263.6, 30]","[266.41, 51]",262.76,194,1.67,0.16
07:32:42,"[262.12, 64]","[255.77, 31]","[267.62, 45]","[275.62, 39]",264.87,179,5.5,0.06
07:32:43,"[261.0, 27]","[251.0, 18]","[268.19, 21]","[272.75, 28]",264.6,94,7.19,-0.04
07:32:44,"[261.0, 36]","[251.0, 24]","[266.0, 48]","[268.75, 12]",263.5,120,5.0,0.0
07:32:45,"[261.16, 32]","[257.44, 27]","[266.0, 40]","[269.0, 10]",263.58,109,4.84,0.08
07:32:46,"[262.84, 61]","[261.0, 39]","[266.0, 52]","[269.0, 13]",264.42,165,3.16,0.21
07:32:47,"[262.36, 47]","[260.23, 39]","[265.87, 46]","[267.36, 22]",264.12,154,3.51,0.12
07:32:48,"[261.0, 27]","[259.0, 27]","[263.11, 18]","[266.48, 21]",262.06,93,2.11,0.16
07:32:49,"[261.0, 36]","[259.0, 36]","[262.26, 23]","[295.23, 13]",261.63,108,1.26,0.33
07:32:50,"[261.0, 48]","[259.0, 48]","[267.12, 16]","[268.56, 64]",264.06,176,6.12,0.09
07:32:51,"[261.0, 21]","[259.0, 21]","[267.0, 7]","[268.0, 28]",264.0,77,6.0,0.09
07:32:52,"[262.85, 62]","[262.36, 75]","[267.0, 12]","[268.0, 48]",264.93,197,4.15,0.39
07:32:53,"[263.88, 165]","[262.58, 103]","[267.0, 16]","[268.0, 64]",265.44,348,3.12,0.54
07:32:54,"[266.0, 97]","[264.0, 12]","[267.0, 12]","[268.0, 48]",266.5,169,1.0,0.29
07:32:55,"[266.0, 70]","[261.16, 69]","[267.11, 38]","[277.4, 50]",266.55,227,1.11,0.22
07:32:56,"[266.0, 24]","[263.0, 6]","[268.2, 20]","[280.35, 23]",267.1,73,2.2,-0.18
07:32:57,"[266.0, 18]","[263.0, 9]","[270.0, 36]","[274.0, 45]",268.0,108,4.0,-0.5
07:32:58,"[266.14, 14]","[264.2, 10]","[270.0, 32]","[274.0, 40]",268.07,96,3.86,-0.5
07:32:59,"[266.05, 21]","[263.5, 12]","[270.0, 44]","[274.0, 55]",268.02,132,3.95,-0.5
07:33:00,"[266.0, 30]","[263.0, 15]","[269.85, 52]","[273.1, 71]",267.92,168,3.85,-0.46
07:33:01,"[266.0, 20]","[263.0, 10]","[270.65, 34]","[273.36, 47]",268.32,111,4.65,-0.46
07:33:02,"[266.57, 42]","[265.18, 33]","[271.0, 52]","[275.0, 65]",268.79,192,4.43,-0.22
07:33:03,"[266.0, 40]","[263.0, 10]","[269.8, 40]","[273.87, 46]",267.9,136,3.8,-0.26
07:33:04,"[266.0, 40]","[263.0, 10]","[268.55, 29]","[271.98, 41]",267.28,120,2.55,-0.17
07:33:05,"[266.0, 44]","[263.0, 12]","[270.0, 12]","[274.31, 84]",268.0,152,4.0,-0.26
07:33:06,"[262.58, 31]","[260.32, 77]","[269.44, 18]","[272.67, 45]",266.01,171,6.86,0.26
07:33:07,"[261.25, 57]","[259.23, 87]","[266.64, 25]","[269.84, 32]",263.94,201,5.39,0.43
07:33:08,"[261.0, 60]","[259.0, 84]","[264.33, 12]","[268.0, 51]",262.67,207,3.33,0.39
07:33:09,"[261.58, 24]","[260.43, 49]","[263.44, 9]","[268.0, 27]",262.51,109,1.86,0.34
07:33:10,"[261.33, 30]","[259.94, 53]","[267.59, 17]","[270.34, 32]",264.46,132,6.25,0.26
07:33:11,"[261.41, 17]","[260.43, 49]","[269.44, 27]","[271.55, 31]",265.43,124,8.03,0.06
07:33:12,"[262.07, 14]","[261.0, 70]","[269.0, 57]","[270.0, 47]",265.54,188,6.93,-0.11
07:33:13,"[261.4, 15]","[259.7, 43]","[268.92, 39]","[269.8, 15]",265.16,112,7.52,0.04
07:33:14,"[261.0, 39]","[259.0, 91]","[268.0, 70]","[269.64, 33]",264.5,233,7.0,0.12
07:33:15,"[260.12, 64]","[257.87, 106]","[265.46, 68]","[266.47, 53]",262.79,291,5.33,0.17
07:33:16,"[259.0, 98]","[256.0, 56]","[260.88, 43]","[263.35, 37]",259.94,234,1.88,0.32
07:33:17,"[259.74, 68]","[255.4, 60]","[261.15, 47]","[266.56, 41]",260.44,216,1.41,0.19
07:33:18,"[259.4, 15]","[254.54, 26]","[263.17, 18]","[269.24, 17]",261.28,76,3.77,0.08
07:33:19,"[255.74, 61]","[252.87, 90]","[267.35, 43]","[268.47, 43]",261.54,237,11.61,0.27
07:33:20,"[260.67, 30]","[256.68, 50]","[264.65, 31]","[266.05, 44]",262.66,155,3.98,0.03
07:33:21,"[262.67, 12]","[260.5, 16]","[264.0, 16]","[267.0, 24]",263.33,68,1.33,-0.18
07:33:22,"[260.17, 23]","[253.88, 48]","[263.25, 16]","[267.04, 25]",261.71,112,3.08,0.27
07:33:23,"[259.53, 34]","[255.81, 96]","[261.17, 24]","[267.59, 39]",260.35,193,1.64,0.35
07:33:24,"[258.78, 46]","[256.76, 50]","[269.43, 28]","[270.4, 20]",264.11,144,10.65,0.33
07:33:25,"[268.0, 10]","[267.0, 80]","[270.0, 30]","[271.0, 20]",269.0,140,2.0,0.29
07:33:26,"[268.0, 7]","[267.0, 56]","[270.0, 36]","[271.25, 16]",269.0,115,2.0,0.1
07:33:27,"[268.0, 4]","[267.0, 32]","[270.0, 24]","[271.57, 7]",269.0,67,2.0,0.07
07:33:28,"[268.0, 11]","[267.0, 88]","[270.0, 60]","[271.0, 11]",269.0,170,2.0,0.16
07:33:29,"[268.0, 5]","[267.0, 40]","[270.0, 15]","[271.0, 5]",269.0,65,2.0,0.38
07:33:30,"[268.0, 7]","[267.0, 56]","[270.0, 21]","[271.0, 7]",269.0,91,2.0,0.38
07:33:31,"[268.0, 7]","[267.0, 56]","[270.0, 21]","[271.0, 7]",269.0,91,2.0,0.38
07:33:32,"[268.0, 10]","[267.0, 80]","[270.0, 30]","[271.0, 10]",269.0,130,2.0,0.38
07:33:33,"[267.14, 35]","[266.74, 46]","[270.0, 33]","[271.0, 11]",268.57,125,2.86,0.3
07:33:34,"[267.0, 50]","[265.0, 10]","[269.9, 30]","[270.75, 12]",268.45,102,2.9,0.18
07:33:35,"[267.0, 38]","[265.0, 9]","[268.43, 28]","[270.97, 31]",267.71,106,1.43,-0.11
07:33:36,"[267.0, 9]","[265.0, 9]","[271.0, 32]","[274.67, 9]",269.0,59,4.0,-0.39
07:33:37,"[267.0, 10]","[265.0, 10]","[271.15, 26]","[277.0, 16]",269.08,62,4.15,-0.35
07:33:38,"[267.0, 5]","[265.0, 5]","[269.0, 25]","[273.0, 5]",268.0,40,2.0,-0.5
07:33:39,"[261.52, 33]","[259.33, 48]","[270.39, 23]","[273.84, 19]",265.95,123,8.88,0.32
07:33:40,"[261.62, 73]","[260.0, 42]","[273.0, 21]","[274.0, 42]",267.31,178,11.38,0.29
07:33:41,"[260.71, 49]","[258.16, 80]","[271.39, 54]","[272.07, 29]",266.05,212,10.67,0.22
07:33:42,"[261.23, 91]","[260.0, 13]","[269.42, 48]","[270.26, 43]",265.32,195,8.19,0.07
07:33:43,"[263.65, 108]","[262.3, 80]","[267.62, 58]","[268.67, 72]",265.63,318,3.97,0.18
07:33:44,"[265.17, 53]","[262.31, 26]","[266.06, 32]","[268.0, 48]",265.62,159,0.89,-0.01
07:33:45,"[264.0, 14]","[260.0, 7]","[265.0, 14]","[268.0, 21]",264.5,56,1.0,-0.25
07:33:46,"[260.0, 11]","[259.0, 11]","[267.27, 33]","[269.0, 11]",263.64,66,7.27,-0.33
07:33:47,"[260.0, 11]","[259.0, 11]","[266.0, 33]","[269.43, 14]",263.0,69,6.0,-0.36
07:33:48,"[260.0, 13]","[259.0, 13]","[265.45, 47]","[268.72, 57]",262.72,130,5.45,-0.6
07:33:49,"[260.0, 11]","[259.0, 11]","[263.09, 33]","[265.0, 55]",261.55,110,3.09,-0.6
07:33:50,"[260.0, 10]","[259.0, 10]","[262.3, 30]","[265.0, 50]",261.15,100,2.3,-0.6
07:33:51,"[259.62, 13]","[258.17, 48]","[261.52, 46]","[264.6, 53]",260.57,160,1.91,-0.24
07:33:52,"[258.04, 108]","[256.84, 83]","[259.81, 64]","[266.1, 31]",258.92,286,1.78,0.34
07:33:53,"[258.79, 57]","[257.5, 96]","[266.83, 58]","[270.08, 36]",262.81,247,8.04,0.24
07:33:54,"[263.0, 11]","[258.0, 88]","[266.27, 44]","[269.36, 33]",264.64,176,3.27,0.12
07:33:55,"[263.0, 12]","[258.0, 96]","[265.42, 48]","[269.0, 36]",264.21,192,2.42,0.12
07:33:56,"[263.0, 35]","[258.0, 112]","[265.0, 56]","[269.0, 42]",264.0,245,2.0,0.2
07:33:57,"[263.16, 25]","[260.55, 49]","[265.0, 40]","[269.0, 30]",264.08,144,1.84,0.03
07:33:58,"[261.38, 63]","[257.75, 56]","[264.62, 52]","[269.67, 45]",263.0,216,3.23,0.1
07:33:59,"[261.0, 43]","[258.0, 69]","[264.0, 44]","[270.66, 35]",262.5,191,3.0,0.17
07:34:00,"[261.0, 57]","[258.37, 129]","[263.26, 76]","[269.89, 57]",262.13,319,2.26,0.17
07:34:01,"[260.28, 75]","[258.8, 105]","[262.36, 22]","[267.25, 53]",261.32,255,2.08,0.41
07:34:02,"[258.75, 101]","[254.26, 130]","[267.38, 26]","[270.61, 38]",263.07,295,8.63,0.57
07:34:03,"[258.0, 77]","[252.0, 99]","[271.0, 11]","[272.86, 35]",264.5,222,13.0,0.59
07:34:04,"[258.71, 59]","[252.98, 96]","[269.51, 63]","[273.52, 69]",264.11,287,10.8,0.08
07:34:05,"[264.53, 38]","[257.53, 38]","[268.12, 113]","[269.91, 70]",266.32,259,3.59,-0.41
07:34:06,"[259.9, 62]","[254.92, 83]","[268.3, 64]","[270.15, 66]",264.1,275,8.39,0.05
07:34:07,"[260.0, 96]","[259.0, 24]","[267.17, 36]","[271.0, 24]",263.58,180,7.17,0.33
07:34:08,"[260.97, 93]","[259.81, 84]","[265.73, 45]","[271.76, 42]",263.35,264,4.77,0.34
07:34:09,"[262.0, 70]","[260.0, 112]","[264.07, 42]","[271.0, 56]",263.04,280,2.07,0.3
07:34:10,"[262.0, 22]","[260.0, 88]","[271.0, 44]","[272.0, 83]",266.5,237,9.0,-0.07
07:34:11,"[260.21, 71]","[259.68, 37]","[271.43, 63]","[272.24, 51]",265.82,222,11.22,-0.03
07:34:12,"[263.0, 61]","[260.11, 54]","[272.0, 108]","[274.0, 24]",267.5,247,9.0,-0.07
07:34:13,"[264.91, 22]","[262.84, 38]","[272.0, 90]","[274.0, 20]",268.45,170,7.09,-0.29
07:34:14,"[269.0, 7]","[263.0, 35]","[272.0, 63]","[274.0, 14]",270.5,119,3.0,-0.29
07:34:15,"[269.0, 7]","[263.0, 35]","[272.0, 63]","[274.0, 14]",270.5,119,3.0,-0.29
07:34:16,"[269.0, 7]","[263.0, 35]","[272.0, 63]","[274.0, 14]",270.5,119,3.0,-0.29
07:34:17,"[269.0, 9]","[266.0, 27]","[272.0, 81]","[274.0, 18]",270.5,135,3.0,-0.47
07:34:18,"[269.0, 13]","[266.0, 39]","[271.03, 33]","[272.7, 46]",270.02,131,2.03,-0.21
07:34:19,"[266.07, 40]","[263.13, 68]","[269.35, 46]","[272.29, 28]",267.71,182,3.27,0.19
07:34:20,"[266.0, 27]","[263.0, 72]","[268.22, 45]","[270.0, 18]",267.11,162,2.22,0.22
07:34:21,"[263.54, 56]","[261.79, 134]","[267.16, 55]","[268.68, 47]",265.35,292,3.63,0.3
07:34:22,"[263.0, 59]","[260.0, 99]","[264.16, 38]","[268.57, 21]",263.58,217,1.16,0.46
07:34:23,"[260.0, 126]","[257.36, 44]","[267.83, 23]","[274.72, 53]",263.91,246,7.83,0.38
07:34:24,"[260.0, 81]","[259.0, 18]","[269.32, 25]","[271.67, 12]",264.66,136,9.32,0.46
07:34:25,"[260.05, 119]","[259.26, 35]","[268.29, 70]","[270.0, 14]",264.17,238,8.24,0.29
07:34:26,"[263.0, 26]","[260.3, 53]","[266.59, 37]","[268.0, 41]",264.8,157,3.59,0.01
07:34:27,"[263.0, 16]","[260.2, 40]","[265.0, 40]","[267.0, 8]",264.0,104,2.0,0.08
07:34:28,"[263.0, 24]","[260.0, 108]","[264.17, 60]","[267.0, 12]",263.58,204,1.17,0.29
07:34:29,"[260.52, 58]","[259.9, 80]","[264.95, 20]","[272.73, 45]",262.73,203,4.43,0.36
07:34:30,"[261.25, 60]","[259.99, 155]","[263.98, 44]","[268.34, 38]",262.61,297,2.73,0.45
07:34:31,"[260.16, 49]","[259.78, 45]","[264.0, 27]","[271.0, 27]",262.08,148,3.84,0.27
07:34:32,"[260.0, 125]","[259.0, 32]","[262.62, 48]","[270.64, 56]",261.31,261,2.62,0.2
07:34:33,"[260.0, 43]","[259.0, 22]","[261.55, 33]","[270.28, 53]",260.77,151,1.55,-0.14
07:34:34,"[260.65, 17]","[259.08, 13]","[270.0, 21]","[271.0, 35]",265.32,86,9.35,-0.3
07:34:35,"[261.0, 99]","[259.1, 30]","[269.91, 23]","[270.85, 41]",265.46,193,8.91,0.34
07:34:36,"[261.41, 97]","[260.11, 79]","[268.27, 11]","[270.0, 33]",264.84,220,6.86,0.6
07:34:37,"[263.05, 79]","[261.22, 185]","[267.87, 52]","[270.16, 79]",265.46,395,4.81,0.34
07:34:38,"[261.84, 56]","[260.55, 154]","[267.0, 14]","[268.0, 42]",264.42,266,5.16,0.58
07:34:39,"[263.42, 12]","[261.0, 132]","[267.0, 12]","[268.0, 36]",265.21,192,3.58,0.5
07:34:40,"[262.62, 24]","[260.93, 148]","[266.0, 14]","[271.71, 42]",264.31,228,3.38,0.51
07:34:41,"[261.0, 110]","[259.0, 50]","[265.0, 10]","[272.0, 65]",263.0,235,4.0,0.36
07:34:42,"[261.0, 121]","[259.0, 55]","[263.64, 11]","[269.24, 25]",262.32,212,2.64,0.66
07:34:43,"[261.0, 96]","[259.0, 45]","[267.47, 17]","[268.88, 17]",264.24,175,6.47,0.61
07:34:44,"[261.0, 140]","[259.0, 70]","[271.0, 70]","[272.0, 42]",266.0,322,10.0,0.3
07:34:45,"[261.0, 130]","[259.0, 65]","[270.25, 56]","[271.31, 55]",265.62,306,9.25,0.27
07:34:46,"[260.2, 50]","[258.79, 19]","[269.05, 19]","[270.45, 11]",264.63,99,8.85,0.39
07:34:47,"[259.0, 39]","[258.0, 16]","[269.61, 28]","[270.82, 55]",264.3,138,10.61,-0.2
07:34:48,"[260.83, 18]","[258.79, 28]","[268.46, 28]","[270.56, 52]",264.65,126,7.63,-0.27
07:34:49,"[264.79, 19]","[259.0, 37]","[272.26, 27]","[276.91, 87]",268.52,170,7.47,-0.34
07:34:50,"[267.75, 32]","[262.43, 46]","[276.16, 38]","[313.0, 64]",271.95,180,8.41,-0.13
07:34:51,"[267.0, 36]","[260.0, 27]","[275.48, 29]","[317.15, 33]",271.24,125,8.48,0.01
07:34:52,"[267.84, 76]","[265.46, 41]","[271.0, 33]","[276.0, 32]",269.42,182,3.16,0.29
07:34:53,"[268.0, 110]","[267.0, 60]","[270.95, 44]","[275.85, 101]",269.48,315,2.95,0.08
07:34:54,"[267.73, 33]","[264.23, 53]","[270.0, 22]","[271.0, 33]",268.86,141,2.27,0.22
07:34:55,"[267.25, 36]","[260.88, 72]","[272.1, 51]","[274.5, 50]",269.67,209,4.85,0.03
07:34:56,"[267.27, 22]","[261.73, 51]","[273.0, 30]","[276.0, 50]",270.14,153,5.73,-0.05
07:34:57,"[269.0, 9]","[267.0, 27]","[272.65, 23]","[275.03, 37]",270.83,96,3.65,-0.25
07:34:58,"[269.0, 13]","[267.0, 39]","[271.31, 26]","[273.0, 39]",270.15,117,2.31,-0.11
07:34:59,"[267.0, 33]","[261.0, 44]","[275.59, 39]","[277.57, 49]",271.29,165,8.59,-0.07
07:35:00,"[267.0, 39]","[262.43, 42]","[274.44, 25]","[276.34, 62]",270.72,168,7.44,-0.04
07:35:01,"[265.86, 42]","[261.25, 72]","[272.04, 56]","[273.25, 40]",268.95,210,6.18,0.09
07:35:02,"[263.0, 30]","[260.0, 105]","[268.79, 39]","[270.16, 51]",265.9,225,5.79,0.2
07:35:03,"[260.67, 72]","[259.5, 112]","[265.84, 56]","[266.95, 57]",263.25,297,5.17,0.24
07:35:04,"[261.86, 50]","[259.45, 64]","[264.29, 28]","[270.06, 36]",263.07,178,2.43,0.28
07:35:05,"[260.0, 27]","[259.0, 63]","[264.47, 17]","[269.0, 14]",262.24,121,4.47,0.49
07:35:06,"[260.0, 32]","[259.0, 77]","[262.16, 19]","[265.56, 18]",261.08,146,2.16,0.49
07:35:07,"[260.0, 15]","[259.0, 70]","[264.64, 11]","[269.98, 46]",262.32,142,4.64,0.2
07:35:08,"[260.0, 5]","[259.0, 35]","[269.56, 9]","[270.14, 21]",264.78,70,9.56,0.14
07:35:09,"[264.5, 14]","[259.52, 23]","[268.91, 55]","[273.0, 11]",266.7,103,4.41,-0.28
07:35:10,"[262.69, 13]","[260.86, 7]","[267.0, 35]","[273.0, 7]",264.85,62,4.31,-0.35
07:35:11,"[264.21, 19]","[261.33, 9]","[266.14, 35]","[268.71, 21]",265.18,84,1.93,-0.33
07:35:12,"[262.87, 23]","[261.85, 13]","[266.0, 32]","[273.0, 8]",264.43,76,3.13,-0.05
07:35:13,"[263.21, 34]","[262.56, 48]","[266.0, 52]","[273.0, 13]",264.6,147,2.79,0.12
07:35:14,"[263.0, 28]","[260.0, 8]","[266.0, 32]","[273.75, 8]",264.5,76,3.0,-0.05
07:35:15,"[263.4, 30]","[261.5, 12]","[266.0, 48]","[274.0, 12]",264.7,102,2.6,-0.18
07:35:16,"[264.07, 28]","[263.0, 14]","[266.0, 56]","[274.0, 14]",265.04,112,1.93,-0.25
07:35:17,"[263.27, 15]","[260.18, 17]","[266.0, 30]","[273.86, 14]",264.63,76,2.73,-0.16
07:35:18,"[259.46, 56]","[255.74, 42]","[266.0, 28]","[273.04, 26]",262.73,152,6.54,0.29
07:35:19,"[259.62, 78]","[256.39, 69]","[265.74, 38]","[273.04, 25]",262.68,210,6.12,0.4
07:35:20,"[261.0, 108]","[259.0, 108]","[264.04, 98]","[265.23, 70]",262.52,384,3.04,0.12
07:35:21,"[261.0, 108]","[259.0, 113]","[263.65, 92]","[265.0, 64]",262.33,377,2.65,0.17
07:35:22,"[261.0, 60]","[259.0, 70]","[263.0, 40]","[267.0, 40]",262.0,210,2.0,0.24
07:35:23,"[261.0, 84]","[259.0, 112]","[262.62, 64]","[267.0, 66]",261.81,326,1.62,0.2
07:35:24,"[260.18, 51]","[258.53, 76]","[263.85, 52]","[268.95, 43]",262.01,222,3.67,0.14
07:35:25,"[259.0, 112]","[253.0, 32]","[269.0, 28]","[269.63, 19]",264.0,191,10.0,0.51
07:35:26,"[259.0, 91]","[253.0, 26]","[264.06, 31]","[265.21, 19]",261.53,167,5.06,0.4
07:35:27,"[259.9, 68]","[258.89, 114]","[261.4, 30]","[262.54, 74]",260.65,286,1.5,0.27
07:35:28,"[259.04, 67]","[252.96, 51]","[260.5, 32]","[263.0, 42]",259.77,192,1.46,0.23
07:35:29,"[252.0, 72]","[251.0, 57]","[269.84, 77]","[271.21, 39]",260.92,245,17.84,0.05
07:35:30,"[252.0, 49]","[251.0, 24]","[271.0, 58]","[273.0, 12]",261.5,143,19.0,0.02
07:35:31,"[252.0, 25]","[251.0, 10]","[266.0, 5]","[271.0, 20]",259.0,60,14.0,0.17
07:35:32,"[252.0, 25]","[251.0, 10]","[266.0, 5]","[271.0, 20]",259.0,60,14.0,0.17
07:35:33,"[252.29, 34]","[251.74, 39]","[266.0, 14]","[271.0, 56]",259.15,143,13.71,0.02
07:35:34,"[254.35, 17]","[252.94, 17]","[257.18, 49]","[262.59, 27]",255.77,110,2.83,-0.38
07:35:35,"[256.0, 13]","[251.3, 37]","[258.0, 26]","[265.37, 38]",257.0,114,2.0,-0.12
07:35:36,"[261.7, 101]","[251.71, 21]","[265.0, 11]","[266.0, 22]",263.35,155,3.3,0.57
07:35:37,"[262.02, 179]","[259.68, 65]","[264.16, 51]","[266.26, 27]",263.09,322,2.14,0.52
07:35:38,"[262.0, 206]","[249.39, 61]","[265.14, 14]","[267.71, 21]",263.57,302,3.14,0.77
07:35:39,"[258.21, 47]","[250.15, 47]","[263.48, 48]","[265.04, 28]",260.85,170,5.27,0.11
07:35:40,"[252.0, 49]","[251.0, 19]","[259.88, 43]","[261.52, 42]",255.94,153,7.88,-0.11
07:35:41,"[254.64, 59]","[253.16, 58]","[259.0, 85]","[260.0, 16]",256.82,218,4.36,0.07
07:35:42,"[261.98, 159]","[256.95, 114]","[264.68, 19]","[266.9, 41]",263.33,333,2.7,0.64
07:35:43,"[263.0, 88]","[259.0, 72]","[265.5, 12]","[362.25, 24]",264.25,196,2.5,0.63
07:35:44,"[263.0, 165]","[259.0, 135]","[265.52, 54]","[267.11, 35]",264.26,389,2.52,0.54
07:35:45,"[263.0, 99]","[259.0, 99]","[264.33, 15]","[265.41, 41]",263.67,254,1.33,0.56
07:35:46,"[263.0, 18]","[259.0, 54]","[264.0, 6]","[268.0, 18]",263.5,96,1.0,0.5
07:35:47,"[263.0, 10]","[259.0, 47]","[264.0, 5]","[270.0, 25]",263.5,87,1.0,0.31
07:35:48,"[263.0, 10]","[259.0, 55]","[264.0, 5]","[270.0, 25]",263.5,95,1.0,0.37
07:35:49,"[259.62, 39]","[258.17, 36]","[264.0, 6]","[270.0, 30]",261.81,111,4.38,0.35
07:35:50,"[259.24, 101]","[257.25, 40]","[264.0, 10]","[270.0, 50]",261.62,201,4.76,0.4
07:35:51,"[261.27, 88]","[259.0, 121]","[264.0, 11]","[270.0, 55]",262.64,275,2.73,0.52
07:35:52,"[262.0, 80]","[259.0, 110]","[264.0, 10]","[270.0, 41]",263.0,241,2.0,0.58
07:35:53,"[262.23, 62]","[259.0, 143]","[264.0, 13]","[270.0, 36]",263.11,254,1.77,0.61
07:35:54,"[259.48, 50]","[258.02, 41]","[269.05, 19]","[313.75, 32]",264.27,142,9.57,0.28
07:35:55,"[259.5, 32]","[258.91, 133]","[270.0, 56]","[360.36, 70]",264.75,291,10.5,0.13
07:35:56,"[267.4, 25]","[259.25, 40]","[270.0, 40]","[362.71, 42]",268.7,147,2.6,-0.12
07:35:57,"[269.0, 60]","[261.0, 15]","[270.0, 60]","[335.97, 73]",269.5,208,1.0,-0.28
07:35:58,"[269.0, 28]","[261.0, 11]","[270.0, 28]","[485.43, 35]",269.5,102,1.0,-0.24
07:35:59,"[269.0, 56]","[262.49, 59]","[270.0, 56]","[395.5, 70]",269.5,241,1.0,-0.05
07:36:00,"[269.0, 44]","[263.0, 48]","[270.0, 48]","[374.32, 57]",269.5,197,1.0,-0.07
07:36:01,"[269.0, 22]","[266.46, 26]","[270.0, 44]","[311.18, 55]",269.5,147,1.0,-0.35
07:36:02,"[268.6, 20]","[265.14, 28]","[270.0, 40]","[451.5, 50]",269.3,138,1.4,-0.3
07:36:03,"[264.3, 54]","[262.17, 48]","[269.0, 80]","[361.34, 71]",266.65,253,4.7,-0.19
07:36:04,"[260.91, 23]","[256.69, 26]","[267.33, 45]","[270.44, 18]",264.12,112,6.42,-0.12
07:36:05,"[261.23, 52]","[259.0, 39]","[265.26, 38]","[265.98, 53]",263.25,182,4.03,0.0
07:36:06,"[259.23, 52]","[253.29, 75]","[262.21, 38]","[271.2, 41]",260.72,206,2.98,0.23
07:36:07,"[259.0, 24]","[253.53, 17]","[260.6, 20]","[266.36, 28]",259.8,89,1.6,-0.08
07:36:08,"[254.88, 17]","[252.1, 59]","[260.09, 58]","[263.08, 37]",257.48,171,5.2,-0.11
07:36:09,"[256.88, 100]","[253.06, 34]","[258.67, 27]","[260.04, 57]",257.77,218,1.79,0.23
07:36:10,"[254.96, 159]","[251.41, 87]","[261.76, 37]","[262.98, 53]",258.36,336,6.8,0.46
07:36:11,"[252.0, 29]","[249.78, 41]","[269.0, 9]","[270.0, 9]",260.5,88,17.0,0.59
07:36:12,"[254.25, 61]","[252.36, 77]","[266.6, 15]","[270.0, 15]",260.42,168,12.35,0.64
07:36:13,"[263.39, 51]","[255.33, 61]","[266.0, 16]","[269.5, 16]",264.7,144,2.61,0.56
07:36:14,"[264.17, 64]","[258.56, 54]","[267.85, 13]","[361.0, 25]",266.01,156,3.67,0.51
07:36:15,"[264.18, 56]","[263.0, 30]","[269.0, 10]","[374.0, 30]",266.59,126,4.82,0.37
07:36:16,"[265.0, 40]","[263.0, 24]","[269.0, 8]","[365.12, 24]",267.0,96,4.0,0.33
07:36:17,"[265.2, 44]","[263.83, 36]","[269.0, 10]","[303.0, 30]",267.1,120,3.8,0.33
07:36:18,"[267.93, 43]","[266.66, 29]","[269.0, 9]","[285.78, 27]",268.47,108,1.07,0.33
07:36:19,"[267.6, 30]","[265.4, 30]","[269.0, 10]","[287.5, 30]",268.3,100,1.4,0.2
07:36:20,"[267.0, 36]","[263.0, 36]","[302.17, 24]","[326.0, 36]",284.58,132,35.17,0.09
07:36:21,"[266.67, 36]","[262.88, 34]","[424.09, 34]","[486.58, 26]",345.38,130,157.42,0.08
07:36:22,"[263.0, 51]","[259.0, 17]","[376.83, 52]","[415.1, 51]",319.91,171,113.83,-0.2
07:36:23,"[263.0, 30]","[259.0, 10]","[265.75, 32]","[282.75, 16]",264.38,88,2.75,-0.09
07:36:24,"[261.56, 61]","[257.67, 15]","[263.93, 30]","[265.73, 44]",262.75,150,2.38,0.01
07:36:25,"[261.0, 80]","[259.0, 10]","[262.75, 16]","[268.4, 20]",261.88,126,1.75,0.43
07:36:26,"[260.44, 36]","[254.73, 15]","[261.14, 14]","[263.61, 23]",260.79,88,0.7,0.16
07:36:27,"[255.0, 13]","[250.0, 52]","[258.23, 61]","[263.46, 39]",256.61,165,3.23,-0.21
07:36:28,"[255.0, 12]","[250.0, 48]","[257.0, 48]","[258.0, 84]",256.0,192,2.0,-0.38
07:36:29,"[255.0, 9]","[250.0, 72]","[257.0, 36]","[258.0, 63]",256.0,180,2.0,-0.1
07:36:30,"[255.89, 9]","[252.5, 16]","[257.0, 36]","[258.0, 63]",256.44,124,1.11,-0.6
07:36:31,"[254.25, 16]","[253.25, 16]","[257.0, 52]","[258.0, 91]",255.62,175,2.75,-0.63
07:36:32,"[249.0, 48]","[248.0, 48]","[257.0, 48]","[258.0, 84]",253.0,228,8.0,-0.16
07:36:33,"[249.0, 44]","[248.0, 44]","[257.0, 30]","[258.0, 77]",253.0,195,8.0,-0.1
07:36:34,"[249.0, 56]","[248.0, 59]","[256.35, 46]","[257.82, 68]",252.67,229,7.35,0.0
07:36:35,"[249.0, 24]","[248.0, 24]","[252.32, 19]","[257.41, 17]",250.66,84,3.32,0.14
07:36:36,"[252.28, 67]","[248.62, 32]","[257.47, 45]","[263.12, 16]",254.88,160,5.18,0.24
07:36:37,"[250.02, 43]","[247.1, 40]","[258.0, 54]","[263.8, 15]",254.01,152,7.98,0.09
07:36:38,"[250.56, 48]","[248.78, 46]","[258.0, 88]","[263.0, 10]",254.28,192,7.44,-0.02
07:36:39,"[252.87, 61]","[251.77, 65]","[258.0, 130]","[263.0, 13]",255.43,269,5.13,-0.06
07:36:40,"[255.77, 257]","[255.07, 145]","[258.0, 122]","[263.0, 13]",256.88,537,2.23,0.5
07:36:41,"[256.14, 85]","[254.67, 540]","[257.77, 62]","[258.52, 110]",256.96,797,1.63,0.57
07:36:42,"[254.37, 169]","[253.67, 180]","[258.0, 60]","[262.0, 42]",256.18,451,3.63,0.55
07:36:43,"[256.45, 55]","[250.92, 49]","[258.0, 44]","[262.0, 33]",257.23,181,1.55,0.15
07:36:44,"[250.95, 38]","[248.67, 24]","[261.48, 31]","[265.75, 48]",256.22,141,10.54,-0.12
07:36:45,"[251.93, 15]","[248.47, 34]","[262.0, 45]","[266.0, 75]",256.97,169,10.07,-0.42
07:36:46,"[253.47, 17]","[248.23, 31]","[260.29, 48]","[265.27, 60]",256.88,156,6.82,-0.38
07:36:47,"[255.57, 21]","[250.5, 28]","[257.0, 31]","[260.74, 19]",256.29,99,1.43,-0.01
07:36:48,"[255.47, 15]","[250.13, 23]","[263.82, 78]","[269.21, 43]",259.64,159,8.35,-0.52
07:36:49,"[257.0, 13]","[256.0, 13]","[260.8, 75]","[265.27, 71]",258.9,172,3.8,-0.7
07:36:50,"[246.13, 246]","[244.25, 111]","[258.0, 82]","[263.87, 92]",252.07,531,11.87,0.34
07:36:51,"[246.0, 30]","[244.6, 40]","[258.0, 70]","[260.0, 30]",252.0,170,12.0,-0.18
07:36:52,"[246.21, 47]","[245.05, 59]","[257.45, 91]","[258.58, 74]",251.83,271,11.24,-0.22
07:36:53,"[251.52, 62]","[245.33, 24]","[254.0, 60]","[257.0, 60]",252.76,206,2.48,-0.17
07:36:54,"[249.0, 26]","[243.58, 48]","[253.87, 31]","[256.55, 53]",251.44,158,4.87,-0.06
07:36:55,"[249.0, 22]","[243.0, 44]","[255.27, 11]","[257.47, 62]",252.14,139,6.27,-0.05
07:36:56,"[249.0, 8]","[243.0, 16]","[257.0, 4]","[258.0, 28]",253.0,56,8.0,-0.14
07:36:57,"[249.0, 16]","[243.0, 32]","[257.9, 20]","[259.17, 36]",253.45,104,8.9,-0.08
07:36:58,"[249.0, 10]","[243.0, 20]","[258.0, 25]","[261.0, 25]",253.5,80,9.0,-0.25
07:36:59,"[249.0, 12]","[243.0, 24]","[258.0, 30]","[261.0, 30]",253.5,96,9.0,-0.25
07:37:00,"[249.0, 10]","[243.0, 20]","[258.0, 25]","[261.0, 25]",253.5,80,9.0,-0.25
07:37:01,"[249.17, 36]","[245.5, 48]","[258.0, 21]","[261.0, 45]",253.58,150,8.83,0.12
07:37:02,"[250.08, 50]","[248.9, 122]","[258.0, 14]","[261.0, 70]",254.04,256,7.92,0.34
07:37:03,"[248.52, 25]","[244.29, 14]","[258.0, 5]","[261.0, 25]",253.26,69,9.48,0.13
07:37:04,"[246.95, 38]","[245.45, 22]","[262.76, 42]","[263.82, 34]",254.85,136,15.81,-0.12
07:37:05,"[253.36, 44]","[253.48, 58]","[263.0, 50]","[265.0, 30]",258.18,182,9.64,0.12
07:37:06,"[256.25, 48]","[255.02, 82]","[261.08, 48]","[264.09, 44]",258.67,222,4.83,0.17
07:37:07,"[258.6, 30]","[256.78, 41]","[261.0, 36]","[265.0, 27]",259.8,134,2.4,0.06
07:37:08,"[256.1, 30]","[249.14, 35]","[260.94, 64]","[266.31, 48]",258.52,177,4.84,-0.27
07:37:09,"[251.63, 46]","[249.62, 58]","[261.23, 62]","[268.2, 45]",256.43,211,9.6,-0.01
07:37:10,"[256.62, 79]","[253.75, 52]","[268.0, 104]","[269.0, 39]",262.31,274,11.38,-0.04
07:37:11,"[258.52, 31]","[257.41, 41]","[268.0, 56]","[465.76, 42]",263.26,170,9.48,-0.15
07:37:12,"[258.27, 55]","[253.0, 44]","[268.0, 55]","[358.09, 55]",263.14,209,9.73,-0.05
07:37:13,"[259.83, 60]","[257.46, 37]","[265.48, 50]","[267.09, 46]",262.66,193,5.65,0.01
07:37:14,"[262.18, 49]","[260.05, 41]","[264.94, 53]","[265.86, 35]",263.56,178,2.76,0.01
07:37:15,"[263.43, 58]","[261.1, 49]","[264.95, 58]","[269.62, 16]",264.19,181,1.52,0.18
07:37:16,"[264.0, 50]","[261.0, 40]","[266.8, 50]","[271.32, 22]",265.4,162,2.8,0.11
07:37:17,"[264.88, 40]","[261.0, 32]","[271.0, 40]","[272.0, 8]",267.94,120,6.12,0.2
07:37:18,"[265.0, 55]","[261.0, 44]","[270.7, 57]","[271.47, 19]",267.85,175,5.7,0.13
07:37:19,"[266.64, 88]","[261.09, 67]","[269.71, 92]","[270.43, 46]",268.17,293,3.07,0.06
07:37:20,"[263.0, 5]","[261.0, 20]","[270.0, 20]","[272.0, 5]",266.5,50,7.0,0.0
07:37:21,"[260.29, 31]","[258.33, 55]","[269.23, 52]","[272.0, 13]",264.76,151,8.94,0.14
07:37:22,"[257.45, 58]","[254.69, 101]","[265.44, 36]","[270.35, 49]",261.45,244,8.0,0.3
07:37:23,"[256.0, 55]","[254.0, 121]","[258.92, 36]","[259.37, 43]",257.46,255,2.92,0.38
07:37:24,"[256.0, 35]","[254.0, 77]","[257.0, 7]","[258.14, 35]",256.5,154,1.0,0.45
07:37:25,"[256.0, 32]","[254.0, 88]","[257.0, 8]","[258.0, 40]",256.5,168,1.0,0.43
07:37:26,"[256.0, 44]","[254.0, 121]","[257.96, 47]","[262.5, 28]",256.98,240,1.96,0.38
07:37:27,"[254.89, 70]","[253.93, 87]","[258.0, 57]","[265.0, 26]",256.44,240,3.11,0.31
07:37:28,"[254.0, 50]","[252.0, 30]","[257.33, 18]","[260.15, 26]",255.67,124,3.33,0.29
07:37:29,"[254.88, 74]","[253.47, 62]","[257.71, 41]","[262.87, 46]",256.29,223,2.83,0.22
07:37:30,"[262.59, 92]","[257.14, 36]","[266.0, 26]","[267.0, 13]",264.29,167,3.41,0.53
07:37:31,"[264.17, 23]","[263.0, 144]","[266.0, 18]","[267.0, 9]",265.09,194,1.83,0.72
07:37:32,"[265.0, 9]","[263.0, 144]","[266.67, 15]","[272.17, 29]",265.83,197,1.67,0.55
07:37:33,"[263.06, 86]","[262.53, 38]","[267.0, 48]","[273.0, 40]",265.03,212,3.94,0.17
07:37:34,"[263.0, 196]","[261.57, 23]","[265.36, 42]","[267.0, 74]",264.18,335,2.36,0.31
07:37:35,"[263.0, 164]","[262.0, 26]","[264.37, 41]","[267.31, 65]",263.68,296,1.37,0.28
07:37:36,"[263.0, 96]","[262.0, 24]","[267.0, 60]","[271.0, 60]",265.0,240,4.0,0.0
07:37:37,"[263.0, 40]","[262.0, 10]","[267.0, 25]","[271.0, 25]",265.0,100,4.0,0.0
07:37:38,"[263.0, 88]","[262.0, 22]","[269.18, 55]","[273.73, 55]",266.09,220,6.18,0.0
07:37:39,"[263.0, 80]","[262.0, 20]","[271.0, 50]","[276.0, 50]",267.0,200,8.0,0.0
07:37:40,"[263.0, 80]","[262.0, 20]","[270.35, 43]","[272.5, 50]",266.67,193,7.35,0.04
07:37:41,"[263.0, 72]","[262.0, 18]","[270.0, 36]","[271.0, 45]",266.5,171,7.0,0.05
07:37:42,"[263.0, 72]","[262.0, 18]","[269.52, 31]","[270.88, 40]",266.26,161,6.52,0.12
07:37:43,"[263.0, 82]","[261.09, 33]","[268.29, 51]","[269.43, 47]",265.65,213,5.29,0.08
07:37:44,"[263.0, 60]","[261.0, 48]","[265.9, 41]","[267.07, 43]",264.45,192,2.9,0.12
07:37:45,"[261.49, 45]","[260.74, 27]","[264.34, 41]","[266.26, 42]",262.92,155,2.85,-0.07
07:37:46,"[261.0, 52]","[260.0, 13]","[264.69, 52]","[274.0, 72]",262.85,189,3.69,-0.31
07:37:47,"[261.0, 40]","[254.0, 15]","[263.7, 40]","[270.05, 44]",262.35,139,2.7,-0.21
07:37:48,"[261.0, 48]","[251.0, 24]","[263.0, 48]","[270.67, 42]",262.0,162,2.0,-0.11
07:37:49,"[261.33, 36]","[257.61, 23]","[263.0, 32]","[268.0, 40]",262.17,131,1.67,-0.1
07:37:50,"[261.58, 52]","[260.02, 55]","[267.49, 78]","[271.68, 38]",264.53,223,5.91,-0.04
07:37:51,"[260.09, 11]","[257.46, 39]","[268.0, 55]","[273.0, 22]",264.05,127,7.91,-0.21
07:37:52,"[259.0, 13]","[255.0, 39]","[272.14, 29]","[329.84, 38]",265.57,119,13.14,-0.13
07:37:53,"[268.55, 89]","[256.18, 17]","[270.89, 18]","[272.56, 18]",269.72,142,2.34,0.49
07:37:54,"[269.0, 170]","[259.0, 10]","[270.0, 20]","[271.0, 20]",269.5,220,1.0,0.64
07:37:55,"[269.0, 147]","[259.0, 9]","[270.0, 18]","[364.0, 24]",269.5,198,1.0,0.58
07:37:56,"[269.0, 180]","[259.0, 12]","[270.0, 24]","[373.12, 50]",269.5,266,1.0,0.44
07:37:57,"[269.0, 180]","[259.0, 12]","[270.0, 24]","[314.25, 36]",269.5,252,1.0,0.52
07:37:58,"[269.0, 132]","[259.0, 9]","[270.0, 18]","[341.5, 20]",269.5,179,1.0,0.58
07:37:59,"[269.0, 120]","[259.0, 10]","[271.91, 35]","[327.15, 13]",270.46,178,2.91,0.46
07:38:00,"[269.0, 116]","[259.0, 10]","[270.43, 46]","[271.56, 25]",269.72,197,1.43,0.28
07:38:01,"[269.0, 112]","[265.75, 32]","[270.0, 70]","[277.0, 14]",269.5,228,1.0,0.26
07:38:02,"[269.0, 64]","[267.0, 30]","[270.0, 50]","[277.0, 10]",269.5,154,1.0,0.22
07:38:03,"[269.0, 42]","[267.0, 21]","[270.0, 35]","[277.0, 7]",269.5,105,1.0,0.2
07:38:04,"[268.4, 60]","[266.11, 27]","[270.0, 65]","[277.0, 13]",269.2,165,1.6,0.05
07:38:05,"[254.0, 27]","[251.0, 90]","[263.33, 45]","[271.4, 25]",258.67,187,9.33,0.25
07:38:06,"[254.0, 30]","[251.0, 97]","[265.5, 50]","[272.23, 22]",259.75,199,11.5,0.28
07:38:07,"[264.64, 11]","[261.31, 39]","[270.0, 45]","[275.89, 9]",267.32,104,5.36,-0.04
07:38:08,"[259.61, 46]","[255.91, 22]","[270.0, 50]","[275.0, 10]",264.8,128,10.39,0.06
07:38:09,"[259.0, 49]","[255.0, 21]","[270.0, 35]","[275.0, 7]",264.5,112,11.0,0.25
07:38:10,"[259.0, 21]","[255.0, 9]","[270.0, 15]","[275.0, 3]",264.5,48,11.0,0.25
07:38:11,"[259.0, 35]","[255.0, 15]","[270.0, 25]","[275.0, 5]",264.5,80,11.0,0.25
07:38:12,"[259.0, 41]","[255.0, 27]","[270.0, 45]","[275.0, 9]",264.5,122,11.0,0.11
07:38:13,"[259.0, 25]","[255.0, 21]","[270.0, 35]","[275.0, 7]",264.5,88,11.0,0.05
07:38:14,"[259.0, 20]","[255.0, 12]","[270.0, 20]","[275.0, 4]",264.5,56,11.0,0.14
07:38:15,"[259.0, 13]","[255.0, 27]","[270.0, 45]","[566.33, 18]",264.5,103,11.0,-0.22
07:38:16,"[259.77, 13]","[256.43, 14]","[268.32, 22]","[314.56, 39]",264.04,88,8.55,-0.39
07:38:17,"[260.58, 24]","[259.0, 12]","[266.75, 24]","[269.0, 60]",263.67,120,6.17,-0.4
07:38:18,"[262.54, 26]","[259.0, 13]","[265.14, 29]","[267.29, 62]",263.84,130,2.6,-0.4
07:38:19,"[260.6, 15]","[255.25, 12]","[264.56, 36]","[267.08, 52]",262.58,115,3.96,-0.53
07:38:20,"[254.57, 61]","[252.48, 71]","[262.37, 38]","[264.61, 62]",258.47,232,7.79,0.14
07:38:21,"[254.58, 57]","[252.96, 69]","[259.75, 52]","[261.17, 41]",257.16,219,5.17,0.15
07:38:22,"[257.83, 46]","[254.81, 80]","[268.0, 34]","[269.59, 106]",262.91,266,10.17,-0.05
07:38:23,"[263.0, 5]","[262.0, 25]","[268.0, 10]","[269.0, 40]",265.5,80,5.0,-0.25
07:38:24,"[263.91, 33]","[262.4, 25]","[268.0, 26]","[269.0, 104]",265.95,188,4.09,-0.38
07:38:25,"[263.5, 6]","[261.0, 4]","[268.0, 8]","[269.0, 32]",265.75,50,4.5,-0.6
07:38:26,"[263.0, 8]","[260.33, 12]","[268.0, 16]","[269.0, 64]",265.5,100,5.0,-0.6
07:38:27,"[263.0, 10]","[261.0, 20]","[268.0, 20]","[269.0, 80]",265.5,130,5.0,-0.54
07:38:28,"[263.0, 11]","[261.0, 22]","[267.44, 16]","[268.14, 42]",265.22,91,4.44,-0.27
07:38:29,"[263.0, 7]","[261.0, 14]","[267.0, 7]","[268.0, 14]",265.0,42,4.0,0.0
07:38:30,"[263.0, 12]","[261.0, 24]","[265.25, 12]","[268.6, 30]",264.12,78,2.25,-0.08
07:38:31,"[263.0, 8]","[261.0, 16]","[264.0, 8]","[269.0, 24]",263.5,56,1.0,-0.14
07:38:32,"[261.22, 18]","[259.67, 12]","[268.62, 26]","[272.2, 30]",264.92,86,7.39,-0.3
07:38:33,"[261.85, 13]","[260.65, 17]","[268.0, 30]","[275.81, 48]",264.92,108,6.15,-0.44
07:38:34,"[262.87, 15]","[260.69, 26]","[268.0, 45]","[274.37, 59]",265.43,145,5.13,-0.43
07:38:35,"[257.2, 10]","[255.18, 22]","[268.0, 24]","[274.5, 24]",262.6,80,10.8,-0.2
07:38:36,"[254.0, 72]","[253.03, 67]","[269.49, 39]","[273.12, 40]",261.74,218,15.49,0.28
07:38:37,"[254.0, 68]","[250.3, 89]","[258.4, 20]","[265.82, 51]",256.2,228,4.4,0.38
07:38:38,"[255.89, 63]","[253.59, 103]","[271.45, 56]","[302.13, 45]",263.67,267,15.56,0.24
07:38:39,"[266.4, 52]","[256.27, 63]","[271.42, 62]","[274.24, 51]",268.91,228,5.02,0.01
07:38:40,"[258.13, 53]","[257.52, 25]","[274.0, 27]","[278.0, 27]",266.07,132,15.87,0.18
07:38:41,"[259.76, 45]","[258.54, 104]","[273.29, 63]","[275.6, 45]",266.52,257,13.53,0.16
07:38:42,"[259.85, 52]","[258.15, 65]","[271.82, 55]","[276.36, 33]",265.83,205,11.97,0.14
07:38:43,"[260.5, 36]","[259.19, 78]","[269.27, 75]","[274.73, 45]",264.88,234,8.77,-0.03
07:38:44,"[260.0, 9]","[259.0, 27]","[266.33, 33]","[270.66, 29]",263.17,98,6.33,-0.27
07:38:45,"[258.57, 21]","[257.51, 47]","[262.52, 21]","[269.0, 21]",260.55,110,3.95,0.24
07:38:46,"[257.78, 27]","[254.09, 33]","[265.67, 12]","[269.84, 25]",261.72,97,7.89,0.24
07:38:47,"[258.7, 69]","[231.74, 19]","[262.46, 61]","[263.3, 40]",260.58,189,3.76,-0.07
07:38:48,"[260.04, 105]","[256.09, 53]","[261.39, 46]","[262.43, 37]",260.71,241,1.35,0.31
07:38:49,"[260.0, 72]","[256.14, 21]","[261.0, 36]","[263.5, 24]",260.5,153,1.0,0.22
07:38:50,"[260.0, 36]","[257.75, 16]","[261.0, 24]","[268.0, 12]",260.5,88,1.0,0.18
07:38:51,"[260.0, 24]","[258.0, 12]","[261.0, 16]","[268.0, 8]",260.5,60,1.0,0.2
07:38:52,"[260.0, 48]","[258.0, 24]","[261.47, 30]","[268.07, 15]",260.73,117,1.47,0.23
07:38:53,"[262.0, 69]","[260.0, 78]","[268.0, 26]","[269.0, 13]",265.0,186,6.0,0.58
07:38:54,"[262.0, 30]","[260.0, 36]","[267.67, 9]","[268.33, 9]",264.83,84,5.67,0.57
07:38:55,"[262.0, 40]","[260.0, 48]","[265.62, 8]","[268.0, 16]",263.81,112,3.62,0.57
07:38:56,"[262.0, 25]","[260.0, 30]","[265.0, 5]","[268.0, 10]",263.5,70,3.0,0.57
07:38:57,"[262.0, 85]","[260.0, 102]","[265.0, 17]","[268.0, 34]",263.5,238,3.0,0.57
07:38:58,"[262.54, 56]","[260.44, 54]","[268.75, 32]","[269.67, 36]",265.64,178,6.21,0.24
07:38:59,"[263.0, 39]","[262.0, 18]","[270.0, 27]","[271.0, 36]",266.5,120,7.0,-0.05
07:39:00,"[264.64, 42]","[263.35, 49]","[271.11, 61]","[271.77, 60]",267.88,212,6.47,-0.14
07:39:01,"[262.3, 20]","[260.21, 57]","[272.0, 40]","[273.0, 34]",267.15,151,9.7,0.02
07:39:02,"[262.0, 16]","[259.2, 30]","[272.0, 32]","[273.0, 32]",267.0,110,10.0,-0.16
07:39:03,"[262.0, 18]","[260.0, 27]","[271.0, 9]","[272.81, 43]",266.5,97,9.0,-0.07
07:39:04,"[262.0, 22]","[260.0, 33]","[270.73, 11]","[273.0, 55]",266.36,121,8.73,-0.09
07:39:05,"[261.62, 32]","[259.43, 42]","[269.42, 12]","[273.23, 60]",265.52,146,7.79,0.01
07:39:06,"[262.0, 28]","[260.0, 42]","[267.73, 26]","[269.4, 62]",264.87,158,5.73,-0.11
07:39:07,"[262.0, 20]","[260.0, 30]","[266.12, 34]","[267.77, 26]",264.06,110,4.12,-0.09
07:39:08,"[262.0, 24]","[260.0, 36]","[264.04, 52]","[265.5, 20]",263.02,132,2.04,-0.09
07:39:09,"[260.0, 36]","[258.0, 72]","[263.25, 24]","[264.06, 48]",261.62,180,3.25,0.2
07:39:10,"[258.33, 55]","[256.08, 50]","[259.87, 15]","[267.32, 41]",259.1,161,1.54,0.3
07:39:11,"[258.0, 38]","[255.0, 40]","[263.37, 27]","[267.59, 39]",260.69,144,5.37,0.08
07:39:12,"[258.0, 33]","[255.0, 44]","[263.82, 33]","[267.95, 43]",260.91,153,5.82,0.01
07:39:13,"[258.0, 33]","[254.0, 22]","[262.55, 33]","[270.0, 33]",260.27,121,4.55,-0.09
07:39:14,"[258.0, 33]","[255.89, 76]","[262.0, 21]","[270.0, 40]",260.0,170,4.0,0.28
07:39:15,"[258.0, 21]","[256.06, 51]","[262.0, 7]","[270.0, 14]",260.0,93,4.0,0.55
07:39:16,"[258.0, 42]","[256.0, 112]","[260.57, 14]","[269.55, 33]",259.29,201,2.57,0.53
07:39:17,"[258.0, 30]","[256.0, 96]","[264.45, 20]","[268.04, 24]",261.23,170,6.45,0.48
07:39:18,"[260.55, 85]","[259.12, 64]","[265.14, 42]","[266.57, 42]",262.85,233,4.59,0.28
07:39:19,"[262.39, 46]","[260.6, 40]","[268.0, 26]","[269.0, 34]",265.2,146,5.61,0.18
07:39:20,"[265.5, 72]","[264.02, 86]","[267.51, 43]","[268.75, 56]",266.51,257,2.01,0.23
07:39:21,"[265.1, 31]","[263.36, 66]","[268.95, 42]","[271.25, 16]",267.02,155,3.86,0.25
07:39:22,"[263.22, 49]","[259.48, 31]","[268.5, 36]","[270.29, 21]",265.86,137,5.28,0.17
07:39:23,"[265.08, 12]","[264.0, 36]","[268.0, 36]","[269.43, 28]",266.54,112,2.92,-0.14
07:39:24,"[266.21, 14]","[260.24, 42]","[269.33, 36]","[270.8, 20]",267.77,112,3.12,0.0
07:39:25,"[266.0, 11]","[259.0, 44]","[269.27, 33]","[270.43, 23]",267.64,111,3.27,-0.01
07:39:26,"[260.21, 29]","[256.63, 38]","[268.66, 29]","[271.39, 23]",264.43,119,8.45,0.13
07:39:27,"[259.0, 40]","[254.0, 30]","[269.11, 18]","[272.0, 12]",264.06,100,10.11,0.4
07:39:28,"[263.0, 105]","[259.0, 60]","[268.6, 30]","[271.15, 26]",265.8,221,5.6,0.49
07:39:29,"[263.1, 48]","[260.67, 48]","[267.75, 24]","[271.0, 24]",265.43,144,4.65,0.33
07:39:30,"[264.0, 12]","[263.0, 48]","[267.0, 24]","[271.0, 24]",265.5,108,3.0,0.11
07:39:31,"[264.76, 17]","[263.0, 68]","[266.94, 34]","[271.12, 32]",265.85,151,2.18,0.13
07:39:32,"[263.15, 52]","[260.0, 64]","[265.9, 20]","[273.93, 30]",264.53,166,2.75,0.4
07:39:33,"[259.92, 52]","[257.64, 22]","[264.77, 13]","[274.31, 32]",262.35,119,4.85,0.24
07:39:34,"[259.0, 44]","[256.0, 11]","[264.0, 11]","[272.0, 22]",261.5,88,5.0,0.25
07:39:35,"[259.0, 32]","[256.0, 11]","[262.91, 11]","[272.0, 22]",260.95,76,3.91,0.13
07:39:36,"[259.0, 33]","[256.0, 11]","[261.09, 11]","[272.0, 19]",260.05,74,2.09,0.19
07:39:37,"[259.0, 21]","[256.0, 9]","[260.33, 9]","[272.0, 13]",259.67,52,1.33,0.15
07:39:38,"[256.5, 14]","[253.19, 47]","[270.59, 34]","[274.12, 34]",263.54,129,14.09,-0.05
07:39:39,"[266.76, 25]","[256.36, 11]","[272.0, 30]","[275.0, 40]",269.38,106,5.24,-0.32
07:39:40,"[258.92, 13]","[254.62, 26]","[272.0, 39]","[275.0, 52]",265.46,130,13.08,-0.4
07:39:41,"[260.09, 56]","[259.58, 73]","[271.49, 68]","[274.03, 65]",265.79,262,11.4,-0.02
07:39:42,"[261.84, 25]","[260.15, 47]","[270.27, 55]","[272.0, 49]",266.06,176,8.43,-0.18
07:39:43,"[262.18, 51]","[261.0, 17]","[269.0, 84]","[270.91, 97]",265.59,249,6.82,-0.45
07:39:44,"[261.61, 83]","[260.43, 56]","[266.95, 95]","[269.0, 76]",264.28,310,5.33,-0.1
07:39:45,"[262.47, 19]","[260.79, 19]","[265.02, 93]","[269.11, 76]",263.75,207,2.55,-0.63
07:39:46,"[261.0, 11]","[259.0, 11]","[269.0, 44]","[270.0, 44]",265.0,110,8.0,-0.6
07:39:47,"[261.26, 82]","[260.2, 81]","[268.38, 64]","[270.0, 64]",264.82,291,7.12,0.12
07:39:48,"[263.0, 30]","[262.0, 171]","[265.38, 61]","[268.93, 67]",264.19,329,2.38,0.22
07:39:49,"[262.5, 102]","[261.62, 131]","[266.16, 50]","[272.15, 78]",264.33,361,3.66,0.29
07:39:50,"[263.0, 126]","[261.0, 70]","[269.38, 29]","[271.76, 41]",266.19,266,6.38,0.47
07:39:51,"[263.0, 99]","[261.0, 55]","[267.68, 38]","[268.63, 38]",265.34,230,4.68,0.34
07:39:52,"[263.87, 135]","[261.0, 75]","[266.0, 15]","[267.0, 60]",264.93,285,2.13,0.47
07:39:53,"[267.36, 131]","[262.55, 62]","[269.65, 46]","[271.51, 37]",268.51,276,2.29,0.4
07:39:54,"[269.0, 120]","[266.5, 48]","[271.0, 48]","[272.0, 24]",270.0,240,2.0,0.4
07:39:55,"[269.0, 98]","[267.0, 44]","[271.0, 44]","[272.0, 26]",270.0,212,2.0,0.34
07:39:56,"[269.0, 42]","[267.0, 28]","[271.0, 28]","[272.0, 14]",270.0,112,2.0,0.25
07:39:57,"[269.0, 60]","[267.0, 48]","[271.5, 24]","[274.0, 24]",270.25,156,2.5,0.38
07:39:58,"[269.0, 25]","[267.0, 20]","[271.0, 5]","[272.0, 10]",270.0,60,2.0,0.5
07:39:59,"[268.74, 62]","[266.84, 50]","[270.29, 14]","[271.44, 18]",269.51,144,1.54,0.56
07:40:00,"[267.0, 32]","[263.0, 8]","[269.75, 8]","[271.0, 8]",268.38,56,2.75,0.43
07:40:01,"[267.0, 36]","[263.0, 9]","[269.0, 9]","[274.81, 16]",268.0,70,2.0,0.29
07:40:02,"[267.0, 26]","[261.92, 37]","[269.0, 9]","[276.0, 9]",268.0,81,2.0,0.56
07:40:03,"[268.0, 60]","[267.0, 12]","[269.0, 6]","[276.0, 6]",268.5,84,1.0,0.71
07:40:04,"[268.04, 97]","[267.47, 38]","[274.6, 40]","[276.29, 14]",271.32,189,6.56,0.43
07:40:05,"[269.0, 22]","[268.0, 99]","[274.75, 40]","[275.19, 31]",271.88,192,5.75,0.26
07:40:06,"[269.0, 24]","[268.0, 108]","[272.0, 24]","[275.0, 60]",270.5,216,3.0,0.22
07:40:07,"[268.5, 36]","[267.26, 95]","[270.08, 49]","[272.92, 26]",269.29,206,1.58,0.27
07:40:08,"[268.0, 57]","[265.25, 32]","[270.46, 28]","[277.41, 17]",269.23,134,2.46,0.33
07:40:09,"[268.0, 28]","[267.0, 21]","[276.0, 7]","[278.0, 28]",272.0,84,8.0,0.17
07:40:10,"[268.0, 52]","[267.0, 39]","[276.0, 13]","[277.87, 46]",272.0,150,8.0,0.21
07:40:11,"[268.0, 36]","[267.0, 27]","[276.0, 9]","[278.0, 36]",272.0,108,8.0,0.17
07:40:12,"[268.0, 32]","[267.0, 24]","[276.73, 11]","[278.1, 31]",272.36,98,8.73,0.14
07:40:13,"[268.0, 44]","[267.0, 33]","[276.55, 44]","[278.22, 41]",272.27,162,8.55,-0.05
07:40:14,"[268.0, 40]","[267.0, 30]","[274.6, 40]","[276.4, 40]",271.3,150,6.6,-0.07
07:40:15,"[268.0, 36]","[267.0, 27]","[273.0, 36]","[278.0, 22]",270.5,121,5.0,0.04
07:40:16,"[268.0, 16]","[267.0, 15]","[271.2, 20]","[278.0, 5]",269.6,56,3.2,0.11
07:40:17,"[267.73, 33]","[266.92, 39]","[269.81, 52]","[278.38, 29]",268.77,153,2.08,-0.06
07:40:18,"[264.71, 49]","[264.18, 11]","[275.09, 22]","[277.0, 11]",269.9,93,10.38,0.29
07:40:19,"[264.33, 42]","[262.92, 51]","[274.92, 26]","[277.91, 33]",269.63,152,10.59,0.22
07:40:20,"[265.0, 48]","[263.0, 84]","[273.7, 33]","[276.95, 43]",269.35,208,8.7,0.27
07:40:21,"[263.24, 102]","[262.17, 36]","[270.52, 50]","[271.35, 40]",266.88,228,7.28,0.21
07:40:22,"[263.0, 78]","[261.0, 13]","[266.76, 33]","[267.62, 32]",264.88,156,3.76,0.17
07:40:23,"[262.69, 39]","[259.18, 66]","[265.15, 26]","[266.76, 34]",263.92,165,2.46,0.27
07:40:24,"[263.0, 21]","[261.0, 19]","[264.0, 57]","[275.38, 65]",263.5,162,1.0,-0.51
07:40:25,"[259.98, 65]","[258.12, 89]","[263.69, 39]","[276.0, 65]",261.84,258,3.71,0.19
07:40:26,"[261.0, 108]","[259.0, 120]","[267.15, 34]","[274.11, 36]",264.07,298,6.15,0.53
07:40:27,"[261.0, 114]","[259.0, 160]","[270.31, 48]","[272.0, 32]",265.66,354,9.31,0.55
07:40:28,"[261.0, 56]","[259.0, 140]","[269.5, 42]","[271.67, 48]",265.25,286,8.5,0.37
07:40:29,"[261.46, 52]","[259.51, 94]","[266.47, 19]","[268.06, 34]",263.97,199,5.01,0.47
07:40:30,"[262.76, 68]","[260.73, 74]","[264.04, 49]","[266.56, 18]",263.4,209,1.28,0.36
07:40:31,"[261.24, 55]","[259.11, 126]","[265.27, 15]","[274.0, 163]",263.25,359,4.03,0.01
07:40:32,"[262.61, 23]","[261.14, 42]","[265.0, 15]","[273.39, 79]",263.8,159,2.39,-0.18
07:40:33,"[259.47, 64]","[257.21, 76]","[263.38, 16]","[271.0, 48]",261.42,204,3.91,0.37
07:40:34,"[259.57, 126]","[256.92, 119]","[262.07, 29]","[268.03, 34]",260.82,308,2.5,0.59
07:40:35,"[255.27, 120]","[251.88, 118]","[262.0, 48]","[272.66, 59]",258.63,345,6.73,0.38
07:40:36,"[259.92, 91]","[257.24, 119]","[262.0, 36]","[272.0, 60]",260.96,306,2.08,0.37
07:40:37,"[261.0, 98]","[259.0, 168]","[265.12, 48]","[272.28, 76]",263.06,390,4.12,0.36
07:40:38,"[261.72, 75]","[260.08, 78]","[272.0, 45]","[273.0, 63]",266.86,261,10.28,0.17
07:40:39,"[263.79, 101]","[262.35, 107]","[272.0, 83]","[273.0, 91]",267.9,382,8.21,0.09
07:40:40,"[265.39, 104]","[263.57, 120]","[272.0, 98]","[273.0, 98]",268.7,420,6.61,0.07
07:40:41,"[268.0, 70]","[266.0, 90]","[271.9, 52]","[272.7, 70]",269.95,282,3.9,0.13
07:40:42,"[268.0, 115]","[266.0, 135]","[269.53, 15]","[272.0, 110]",268.77,375,1.53,0.33
07:40:43,"[268.0, 51]","[266.0, 108]","[271.81, 48]","[274.25, 60]",269.91,267,3.81,0.19
07:40:44,"[268.0, 27]","[266.0, 81]","[273.78, 45]","[275.0, 45]",270.89,198,5.78,0.09
07:40:45,"[268.0, 24]","[266.0, 72]","[274.0, 40]","[275.0, 40]",271.0,176,6.0,0.09
07:40:46,"[268.0, 33]","[266.0, 99]","[273.49, 41]","[274.55, 55]",270.74,228,5.49,0.16
07:40:47,"[268.0, 40]","[266.0, 126]","[269.88, 40]","[273.86, 36]",268.94,242,1.88,0.37
07:40:48,"[266.13, 78]","[265.8, 80]","[276.27, 41]","[280.66, 71]",271.2,270,10.14,0.17
07:40:49,"[267.0, 10]","[266.0, 80]","[276.82, 17]","[280.41, 41]",271.91,148,9.82,0.22
07:40:50,"[267.06, 17]","[266.01, 129]","[274.77, 44]","[277.21, 42]",270.92,232,7.71,0.26
07:40:51,"[268.0, 9]","[267.0, 9]","[274.0, 45]","[278.44, 45]",271.0,108,6.0,-0.67
07:40:52,"[268.0, 10]","[267.0, 10]","[274.0, 50]","[278.0, 50]",271.0,120,6.0,-0.67
07:40:53,"[268.0, 13]","[267.0, 13]","[271.69, 26]","[274.0, 57]",269.85,109,3.69,-0.52
07:40:54,"[267.08, 13]","[266.01, 181]","[270.64, 22]","[272.35, 17]",268.86,233,3.56,0.67
07:40:55,"[266.05, 82]","[265.79, 76]","[268.91, 22]","[274.11, 38]",267.48,218,2.86,0.45
07:40:56,"[266.0, 104]","[265.0, 26]","[268.31, 26]","[275.0, 52]",267.15,208,2.31,0.25
07:40:57,"[265.96, 56]","[264.75, 24]","[272.89, 38]","[277.0, 55]",269.43,173,6.93,-0.08
07:40:58,"[266.0, 56]","[265.0, 28]","[273.12, 64]","[277.0, 40]",269.56,188,7.12,-0.11
07:40:59,"[266.0, 20]","[265.0, 10]","[272.0, 20]","[275.0, 10]",269.0,60,6.0,0.0
07:41:00,"[266.0, 44]","[265.0, 22]","[271.71, 34]","[273.5, 32]",268.85,132,5.71,0.0
07:41:01,"[266.0, 50]","[265.0, 26]","[271.0, 26]","[272.0, 52]",268.5,154,5.0,-0.01
07:41:02,"[266.0, 39]","[265.0, 26]","[271.0, 26]","[272.0, 52]",268.5,143,5.0,-0.09
07:41:03,"[266.0, 18]","[265.0, 12]","[270.0, 12]","[273.33, 24]",268.0,66,4.0,-0.09
07:41:04,"[266.0, 42]","[265.0, 28]","[268.79, 28]","[275.31, 58]",267.39,156,2.79,-0.1
07:41:05,"[266.0, 30]","[265.0, 20]","[267.5, 20]","[278.48, 58]",266.75,128,1.5,-0.22
07:41:06,"[266.0, 7]","[265.0, 14]","[278.56, 41]","[445.55, 29]",272.28,91,12.56,-0.54
07:41:07,"[266.0, 11]","[265.0, 22]","[276.0, 33]","[279.0, 77]",271.0,143,10.0,-0.54
07:41:08,"[262.8, 15]","[260.36, 84]","[274.82, 34]","[276.9, 30]",268.81,163,12.02,0.21
07:41:09,"[261.3, 37]","[259.85, 169]","[272.85, 52]","[275.23, 39]",267.07,297,11.55,0.39
07:41:10,"[260.0, 182]","[258.0, 182]","[271.14, 56]","[274.0, 42]",265.57,462,11.14,0.58
07:41:11,"[260.0, 130]","[258.0, 130]","[270.8, 40]","[275.2, 30]",265.4,330,10.8,0.58
07:41:12,"[260.0, 182]","[258.0, 182]","[268.71, 56]","[274.34, 53]",264.36,473,8.71,0.54
07:41:13,"[258.86, 146]","[257.11, 79]","[268.0, 48]","[273.0, 48]",263.43,321,9.14,0.4
07:41:14,"[260.64, 102]","[257.99, 212]","[268.0, 72]","[273.0, 72]",264.32,458,7.36,0.37
07:41:15,"[260.0, 13]","[258.0, 156]","[264.7, 40]","[267.26, 38]",262.35,247,4.7,0.37
07:41:16,"[258.11, 130]","[257.17, 106]","[261.22, 55]","[262.58, 57]",259.66,348,3.11,0.36
07:41:17,"[258.0, 139]","[254.0, 32]","[259.22, 36]","[260.69, 52]",258.61,259,1.22,0.32
07:41:18,"[258.0, 43]","[254.0, 20]","[261.69, 29]","[268.35, 31]",259.84,123,3.69,0.02
07:41:19,"[265.78, 18]","[257.11, 18]","[269.0, 27]","[270.0, 36]",267.39,99,3.22,-0.27
07:41:20,"[268.0, 26]","[262.24, 17]","[269.0, 39]","[270.0, 52]",268.5,134,1.0,-0.36
07:41:21,"[268.0, 18]","[266.0, 9]","[269.0, 27]","[270.0, 36]",268.5,90,1.0,-0.4
07:41:22,"[267.47, 17]","[266.29, 14]","[269.29, 14]","[270.05, 42]",268.38,87,1.82,-0.29
07:41:23,"[267.0, 14]","[266.0, 14]","[268.06, 47]","[269.95, 55]",267.53,130,1.06,-0.57
07:41:24,"[266.54, 13]","[260.95, 19]","[268.35, 34]","[270.28, 43]",267.45,109,1.81,-0.41
07:41:25,"[266.0, 5]","[258.91, 22]","[270.0, 5]","[271.0, 10]",268.0,42,4.0,0.29
07:41:26,"[266.97, 100]","[262.9, 29]","[268.76, 41]","[272.14, 28]",267.86,198,1.79,0.3
07:41:27,"[267.0, 75]","[262.95, 59]","[272.4, 15]","[276.0, 105]",269.7,254,5.4,0.06
07:41:28,"[267.0, 50]","[266.0, 60]","[274.0, 10]","[276.0, 70]",270.5,190,7.0,0.16
07:41:29,"[267.0, 45]","[266.0, 54]","[272.67, 24]","[275.7, 33]",269.83,156,5.67,0.27
07:41:30,"[267.0, 50]","[266.0, 60]","[272.0, 40]","[274.97, 37]",269.5,187,5.0,0.18
07:41:31,"[267.0, 65]","[266.0, 78]","[271.0, 52]","[275.67, 73]",269.0,268,4.0,0.07
07:41:32,"[267.0, 25]","[266.0, 66]","[271.0, 44]","[276.0, 77]",269.0,212,4.0,-0.14
07:41:33,"[266.13, 62]","[262.09, 69]","[270.69, 52]","[276.0, 91]",268.41,274,4.56,-0.04
07:41:34,"[266.0, 54]","[260.0, 45]","[270.0, 36]","[276.0, 63]",268.0,198,4.0,0.0
07:41:35,"[266.08, 50]","[261.38, 52]","[269.5, 40]","[274.93, 45]",267.79,187,3.42,0.09
07:41:36,"[266.1, 63]","[261.59, 68]","[269.0, 52]","[273.0, 52]",267.55,235,2.9,0.11
07:41:37,"[266.0, 33]","[260.0, 40]","[269.0, 32]","[273.0, 32]",267.5,137,3.0,0.07
07:41:38,"[266.0, 8]","[260.0, 40]","[269.0, 32]","[273.0, 32]",267.5,112,3.0,-0.14
07:41:39,"[266.0, 8]","[260.0, 40]","[268.75, 32]","[273.12, 32]",267.38,112,2.75,-0.14
07:41:40,"[260.31, 39]","[258.17, 120]","[266.86, 42]","[271.31, 52]",263.58,253,6.55,0.26
07:41:41,"[258.24, 125]","[257.2, 83]","[265.94, 32]","[267.0, 64]",262.09,304,7.7,0.37
07:41:42,"[258.06, 136]","[256.38, 52]","[265.0, 30]","[267.0, 60]",261.53,278,6.94,0.35
07:41:43,"[262.0, 105]","[258.0, 150]","[264.0, 56]","[265.12, 34]",263.0,345,2.0,0.48
07:41:44,"[262.0, 63]","[258.0, 90]","[264.0, 36]","[272.0, 27]",263.0,216,2.0,0.42
07:41:45,"[262.0, 80]","[258.0, 140]","[263.14, 56]","[272.0, 42]",262.57,318,1.14,0.38
07:41:46,"[262.0, 60]","[258.0, 150]","[263.0, 59]","[273.97, 70]",262.5,339,1.0,0.24
07:41:47,"[262.0, 35]","[258.0, 54]","[272.74, 31]","[275.42, 48]",267.37,168,10.74,0.06
07:41:48,"[262.0, 24]","[258.0, 33]","[274.0, 40]","[275.0, 32]",268.0,129,12.0,-0.12
07:41:49,"[263.05, 38]","[259.48, 66]","[272.88, 82]","[274.4, 47]",267.97,233,9.83,-0.11
07:41:50,"[266.18, 11]","[264.11, 18]","[272.0, 49]","[273.0, 9]",269.09,87,5.82,-0.33
07:41:51,"[263.8, 20]","[260.8, 46]","[271.74, 57]","[272.13, 62]",267.77,185,7.94,-0.29
07:41:52,"[266.0, 21]","[261.25, 28]","[268.71, 14]","[272.0, 82]",267.36,145,2.71,-0.32
07:41:53,"[262.0, 12]","[261.0, 36]","[266.25, 12]","[272.0, 60]",264.12,120,4.25,-0.2
07:41:54,"[262.0, 11]","[261.0, 33]","[264.0, 11]","[272.1, 39]",263.0,94,2.0,-0.06
07:41:55,"[261.62, 16]","[260.14, 42]","[263.5, 12]","[268.5, 12]",262.56,82,1.88,0.41
07:41:56,"[261.0, 42]","[258.0, 84]","[262.07, 14]","[263.07, 14]",261.54,154,1.07,0.64
07:41:57,"[261.0, 32]","[258.0, 72]","[262.33, 12]","[269.75, 32]",261.67,148,1.33,0.41
07:41:58,"[261.0, 24]","[258.0, 72]","[262.17, 12]","[272.0, 63]",261.58,171,1.17,0.12
07:41:59,"[261.0, 28]","[258.0, 84]","[262.0, 14]","[272.0, 56]",261.5,182,1.0,0.23
07:42:00,"[261.0, 9]","[258.0, 42]","[271.09, 22]","[274.5, 48]",266.05,121,10.09,-0.16
07:42:01,"[261.0, 10]","[258.0, 60]","[272.0, 40]","[275.0, 80]",266.5,190,11.0,-0.26
07:42:02,"[261.0, 11]","[258.0, 161]","[272.0, 44]","[275.0, 88]",266.5,304,11.0,0.13
07:42:03,"[258.03, 97]","[256.96, 23]","[272.0, 28]","[275.0, 35]",265.02,183,13.97,0.31
07:42:04,"[258.0, 80]","[254.0, 5]","[272.0, 20]","[275.0, 25]",265.0,130,14.0,0.31
07:42:05,"[258.0, 157]","[254.0, 10]","[272.0, 40]","[275.0, 50]",265.0,257,14.0,0.3
07:42:06,"[258.0, 104]","[254.0, 8]","[272.0, 32]","[275.0, 40]",265.0,184,14.0,0.22
07:42:07,"[258.0, 221]","[253.43, 35]","[271.52, 46]","[273.22, 74]",264.76,376,13.52,0.36
07:42:08,"[258.0, 195]","[253.0, 150]","[269.66, 29]","[271.76, 58]",263.83,432,11.66,0.6
07:42:09,"[258.0, 176]","[253.03, 124]","[267.14, 14]","[269.0, 44]",262.57,358,9.14,0.68
07:42:10,"[258.19, 103]","[256.2, 40]","[265.79, 14]","[268.64, 47]",261.99,204,7.59,0.4
07:42:11,"[258.16, 125]","[255.5, 132]","[266.11, 19]","[269.08, 48]",262.13,324,7.95,0.59
07:42:12,"[258.0, 143]","[255.0, 130]","[268.0, 52]","[271.0, 52]",263.0,377,10.0,0.45
07:42:13,"[258.0, 112]","[255.0, 120]","[268.0, 48]","[270.5, 48]",263.0,328,10.0,0.41
07:42:14,"[261.0, 30]","[258.0, 105]","[267.01, 90]","[270.27, 60]",264.01,285,6.01,-0.05
07:42:15,"[261.82, 22]","[259.69, 32]","[266.0, 33]","[267.0, 44]",263.91,131,4.18,-0.18
07:42:16,"[261.83, 24]","[260.31, 26]","[265.23, 35]","[267.53, 45]",263.53,130,3.4,-0.23
07:42:17,"[269.0, 24]","[261.0, 24]","[270.92, 12]","[271.98, 45]",269.96,105,1.92,-0.09
07:42:18,"[261.62, 26]","[258.16, 38]","[269.38, 13]","[271.84, 19]",265.5,96,7.77,0.33
07:42:19,"[261.13, 23]","[258.19, 32]","[267.19, 32]","[271.48, 23]",264.16,110,6.06,0.0
07:42:20,"[263.8, 61]","[261.38, 55]","[267.0, 46]","[272.82, 39]",265.4,201,3.2,0.15
07:42:21,"[261.14, 14]","[259.04, 95]","[270.0, 13]","[276.0, 104]",265.57,226,8.86,-0.04
07:42:22,"[259.94, 17]","[258.98, 82]","[270.0, 9]","[275.2, 40]",264.97,148,10.06,0.34
07:42:23,"[259.0, 90]","[258.0, 20]","[270.0, 10]","[275.0, 40]",264.5,160,11.0,0.38
07:42:24,"[260.0, 99]","[259.0, 81]","[268.67, 30]","[272.67, 15]",264.33,225,8.67,0.6
07:42:25,"[260.1, 110]","[259.0, 90]","[268.0, 40]","[270.0, 10]",264.05,250,7.9,0.6
07:42:26,"[261.0, 187]","[259.0, 153]","[267.29, 68]","[272.34, 41]",264.15,449,6.29,0.51
07:42:27,"[264.16, 111]","[262.1, 60]","[267.0, 44]","[270.0, 64]",265.58,279,2.84,0.23
07:42:28,"[265.83, 36]","[264.67, 36]","[267.75, 16]","[270.57, 28]",266.79,116,1.92,0.24
07:42:29,"[266.71, 34]","[265.5, 36]","[269.69, 29]","[272.5, 32]",268.2,131,2.98,0.07
07:42:30,"[267.0, 40]","[266.0, 50]","[269.0, 30]","[272.0, 40]",268.0,160,2.0,0.12
07:42:31,"[266.86, 37]","[265.79, 43]","[269.0, 27]","[272.0, 36]",267.93,143,2.14,0.12
07:42:32,"[266.0, 20]","[263.0, 15]","[269.0, 15]","[272.0, 20]",267.5,70,3.0,0.0
07:42:33,"[266.0, 36]","[263.0, 27]","[268.91, 23]","[271.47, 34]",267.46,120,2.91,0.05
07:42:34,"[265.04, 47]","[262.66, 29]","[267.22, 27]","[268.72, 25]",266.13,128,2.18,0.19
07:42:35,"[263.0, 39]","[261.0, 13]","[266.24, 25]","[267.07, 27]",264.62,104,3.24,0.0
07:42:36,"[262.9, 21]","[259.95, 19]","[264.82, 28]","[267.85, 13]",263.86,81,1.92,-0.01
07:42:37,"[261.0, 9]","[259.0, 90]","[265.22, 9]","[269.94, 18]",263.11,126,4.22,0.57
07:42:38,"[261.0, 15]","[259.0, 150]","[263.4, 15]","[264.4, 15]",262.2,195,2.4,0.69
07:42:39,"[259.21, 78]","[258.58, 101]","[262.4, 15]","[263.4, 15]",260.8,209,3.19,0.71
07:42:40,"[259.0, 144]","[257.0, 45]","[260.73, 15]","[264.56, 18]",259.87,222,1.73,0.7
07:42:41,"[259.0, 67]","[257.0, 33]","[260.0, 11]","[264.46, 13]",259.5,124,1.0,0.61
07:42:42,"[259.0, 22]","[257.0, 33]","[260.0, 11]","[270.0, 22]",259.5,88,1.0,0.25
07:42:43,"[259.71, 21]","[258.38, 29]","[269.6, 25]","[270.97, 74]",264.66,149,9.89,-0.33
07:42:44,"[260.26, 27]","[259.19, 27]","[269.4, 30]","[270.45, 80]",264.83,164,9.14,-0.34
07:42:45,"[258.9, 20]","[256.08, 49]","[268.72, 25]","[269.58, 52]",263.81,146,9.82,-0.05
07:42:46,"[258.92, 12]","[256.09, 152]","[267.67, 18]","[268.6, 50]",263.29,232,8.75,0.41
07:42:47,"[261.4, 20]","[256.11, 108]","[268.0, 36]","[269.67, 24]",264.7,188,6.6,0.36
07:42:48,"[260.2, 10]","[257.04, 50]","[268.0, 24]","[270.0, 16]",264.1,100,7.8,0.2
07:42:49,"[259.0, 8]","[257.0, 56]","[268.0, 24]","[270.0, 16]",263.5,104,9.0,0.23
07:42:50,"[259.0, 7]","[257.0, 49]","[268.0, 21]","[270.0, 14]",263.5,91,9.0,0.23
07:42:51,"[259.0, 5]","[257.0, 35]","[268.0, 15]","[270.0, 10]",263.5,65,9.0,0.23
07:42:52,"[258.5, 24]","[256.92, 59]","[269.14, 21]","[271.67, 36]",263.82,140,10.64,0.19
07:42:53,"[257.44, 54]","[256.26, 47]","[269.0, 12]","[270.94, 32]",263.22,145,11.56,0.39
07:42:54,"[259.8, 60]","[256.51, 41]","[268.0, 11]","[270.0, 59]",263.9,171,8.2,0.18
07:42:55,"[261.01, 67]","[258.15, 39]","[267.33, 18]","[269.67, 36]",264.17,160,6.32,0.33
07:42:56,"[262.0, 12]","[261.0, 72]","[266.25, 24]","[268.0, 12]",264.12,120,4.25,0.4
07:42:57,"[262.11, 9]","[261.0, 54]","[264.82, 22]","[266.15, 13]",263.46,98,2.71,0.29
07:42:58,"[261.02, 100]","[257.0, 105]","[264.11, 36]","[266.05, 38]",262.57,279,3.09,0.47
07:42:59,"[261.0, 36]","[258.47, 19]","[270.5, 24]","[271.57, 28]",265.75,107,9.5,0.03
07:43:00,"[259.13, 23]","[257.03, 63]","[271.0, 60]","[273.0, 24]",265.07,170,11.87,0.01
07:43:01,"[259.0, 16]","[256.0, 80]","[271.88, 26]","[272.83, 24]",265.44,146,12.88,0.32
07:43:02,"[261.5, 32]","[257.0, 48]","[268.68, 56]","[271.6, 52]",265.09,188,7.18,-0.15
07:43:03,"[264.0, 22]","[259.0, 22]","[269.0, 22]","[271.0, 33]",266.5,99,5.0,-0.11
07:43:04,"[265.32, 25]","[262.89, 18]","[268.5, 12]","[269.86, 21]",266.91,76,3.18,0.13
07:43:05,"[262.3, 30]","[258.13, 39]","[267.08, 13]","[268.96, 25]",264.69,107,4.78,0.29
07:43:06,"[260.76, 51]","[257.91, 46]","[267.0, 17]","[269.9, 42]",263.88,156,6.24,0.24
07:43:07,"[261.5, 24]","[260.0, 16]","[267.0, 8]","[270.0, 40]",264.25,88,5.5,-0.09
07:43:08,"[262.0, 27]","[260.0, 18]","[268.83, 41]","[270.5, 40]",265.41,126,6.83,-0.29
07:43:09,"[262.0, 39]","[260.0, 26]","[266.35, 71]","[268.08, 65]",264.18,201,4.35,-0.35
07:43:10,"[261.58, 19]","[258.29, 14]","[265.59, 37]","[266.34, 47]",263.59,117,4.02,-0.44
07:43:11,"[259.0, 12]","[253.62, 16]","[262.33, 18]","[263.67, 18]",260.67,64,3.33,-0.12
07:43:12,"[254.0, 11]","[253.0, 33]","[258.0, 60]","[261.71, 14]",256.0,118,4.0,-0.25
07:43:13,"[253.2, 15]","[252.16, 57]","[258.0, 42]","[259.0, 7]",255.6,121,4.8,0.19
07:43:14,"[253.0, 27]","[252.0, 108]","[256.82, 34]","[258.12, 34]",254.91,203,3.82,0.33
07:43:15,"[253.0, 30]","[252.0, 120]","[254.0, 20]","[258.0, 60]",253.5,230,1.0,0.3
07:43:16,"[253.0, 18]","[252.0, 72]","[254.0, 12]","[258.0, 36]",253.5,138,1.0,0.3
07:43:17,"[253.9, 21]","[252.35, 68]","[259.74, 93]","[264.22, 23]",256.82,205,5.84,-0.13
07:43:18,"[256.58, 12]","[250.91, 44]","[267.0, 108]","[271.0, 60]",261.79,224,10.42,-0.5
07:43:19,"[258.91, 11]","[250.0, 44]","[267.0, 99]","[271.0, 55]",262.95,209,8.09,-0.47
07:43:20,"[262.54, 13]","[260.85, 13]","[267.0, 117]","[271.0, 65]",264.77,208,4.46,-0.75
07:43:21,"[262.6, 15]","[261.2, 15]","[266.89, 79]","[268.55, 103]",264.74,212,4.29,-0.72
07:43:22,"[250.0, 28]","[239.29, 28]","[265.0, 10]","[267.5, 48]",257.5,114,15.0,-0.02
07:43:23,"[250.0, 55]","[248.0, 5]","[265.0, 5]","[270.0, 20]",257.5,85,15.0,0.41
07:43:24,"[252.27, 63]","[249.54, 67]","[264.0, 11]","[268.09, 86]",258.13,227,11.73,0.15
07:43:25,"[249.0, 16]","[248.0, 176]","[261.42, 52]","[265.44, 63]",255.21,307,12.42,0.25
07:43:26,"[252.0, 10]","[248.51, 90]","[258.13, 60]","[260.49, 47]",255.07,207,6.13,-0.03
07:43:27,"[249.17, 92]","[248.22, 51]","[257.8, 80]","[260.14, 56]",253.49,279,8.63,0.03
07:43:28,"[251.8, 60]","[250.0, 15]","[256.8, 60]","[258.0, 110]",254.3,245,5.0,-0.39
07:43:29,"[253.5, 64]","[250.25, 16]","[255.35, 34]","[258.0, 84]",254.43,198,1.85,-0.19
07:43:30,"[254.0, 51]","[247.23, 13]","[255.75, 16]","[258.19, 53]",254.88,133,1.75,-0.04
07:43:31,"[256.14, 28]","[253.43, 21]","[258.0, 44]","[260.0, 55]",257.07,148,1.86,-0.34
07:43:32,"[257.0, 24]","[256.0, 36]","[258.0, 48]","[260.0, 60]",257.5,168,1.0,-0.29
07:43:33,"[254.87, 30]","[249.55, 44]","[259.21, 33]","[260.95, 76]",257.04,183,4.35,-0.19
07:43:34,"[247.93, 28]","[246.79, 43]","[260.0, 65]","[262.0, 117]",253.96,253,12.07,-0.44
07:43:35,"[246.6, 48]","[245.16, 45]","[261.17, 116]","[262.5, 108]",253.89,317,14.57,-0.41
07:43:36,"[246.69, 13]","[245.92, 25]","[262.0, 62]","[264.0, 21]",254.35,121,15.31,-0.37
07:43:37,"[247.08, 39]","[246.25, 48]","[259.6, 60]","[262.36, 66]",253.34,213,12.52,-0.18
07:43:38,"[249.0, 36]","[247.71, 55]","[262.0, 133]","[263.0, 40]",255.5,264,13.0,-0.31
07:43:39,"[251.42, 130]","[250.18, 51]","[261.62, 116]","[262.1, 58]",256.52,355,10.2,0.02
07:43:40,"[254.2, 71]","[253.79, 223]","[258.89, 74]","[261.0, 48]",256.54,416,4.69,0.41
07:43:41,"[254.29, 322]","[250.2, 20]","[256.89, 54]","[259.62, 71]",255.59,467,2.6,0.46
07:43:42,"[252.07, 169]","[247.52, 23]","[257.0, 48]","[261.44, 100]",254.53,340,4.93,0.13
07:43:43,"[254.14, 147]","[253.74, 62]","[257.82, 33]","[260.57, 42]",255.98,284,3.68,0.47
07:43:44,"[259.29, 191]","[255.09, 157]","[260.22, 46]","[262.53, 68]",259.76,462,0.92,0.51
07:43:45,"[260.0, 144]","[245.0, 125]","[261.0, 8]","[263.0, 32]",260.5,309,1.0,0.74
07:43:46,"[245.0, 135]","[244.0, 18]","[263.71, 34]","[301.0, 30]",254.35,217,18.71,0.41
07:43:47,"[245.63, 81]","[244.92, 49]","[267.0, 15]","[393.33, 18]",256.31,163,21.37,0.6
07:43:48,"[250.48, 84]","[245.89, 185]","[267.0, 36]","[380.0, 24]",258.74,329,16.52,0.64
07:43:49,"[251.0, 32]","[246.24, 100]","[266.13, 30]","[359.63, 43]",258.57,205,15.13,0.29
07:43:50,"[252.2, 226]","[249.84, 93]","[256.35, 69]","[262.03, 35]",254.28,423,4.14,0.51
07:43:51,"[254.0, 170]","[251.0, 80]","[256.0, 50]","[261.0, 30]",255.0,330,2.0,0.52
07:43:52,"[253.72, 150]","[250.0, 60]","[257.75, 48]","[262.0, 36]",255.74,294,4.03,0.43
07:43:53,"[251.95, 152]","[245.55, 91]","[260.0, 39]","[261.0, 39]",255.97,321,8.05,0.51
07:43:54,"[253.56, 216]","[246.64, 132]","[259.18, 40]","[259.94, 48]",256.37,436,5.62,0.6
07:43:55,"[254.26, 228]","[246.47, 152]","[256.12, 43]","[257.52, 29]",255.19,452,1.85,0.68
07:43:56,"[255.0, 102]","[247.0, 72]","[256.0, 18]","[257.86, 21]",255.5,213,1.0,0.63
07:43:57,"[255.03, 120]","[248.54, 109]","[257.07, 42]","[262.29, 14]",256.05,285,2.05,0.61
07:43:58,"[256.75, 16]","[255.0, 112]","[264.25, 48]","[265.84, 31]",260.5,207,7.5,0.24
07:43:59,"[258.93, 68]","[255.61, 44]","[266.0, 28]","[366.06, 18]",262.46,158,7.07,0.42
07:44:00,"[259.0, 21]","[250.15, 127]","[264.77, 52]","[347.17, 30]",261.88,230,5.77,0.29
07:44:01,"[251.46, 85]","[249.85, 48]","[261.32, 62]","[265.22, 37]",256.39,232,9.86,0.15
07:44:02,"[248.0, 81]","[246.0, 9]","[253.0, 9]","[260.13, 15]",250.5,114,5.0,0.58
07:44:03,"[248.84, 113]","[247.23, 81]","[256.81, 21]","[260.32, 19]",252.83,234,7.97,0.66
07:44:04,"[252.72, 29]","[250.17, 23]","[263.0, 54]","[267.0, 36]",257.86,142,10.28,-0.27
07:44:05,"[261.29, 42]","[256.89, 37]","[263.0, 30]","[267.0, 32]",262.14,141,1.71,0.12
07:44:06,"[261.0, 30]","[257.91, 11]","[263.0, 10]","[267.0, 20]",262.0,71,2.0,0.15
07:44:07,"[261.0, 33]","[259.0, 11]","[266.6, 20]","[343.22, 49]",263.8,113,5.6,-0.22
07:44:08,"[261.0, 39]","[259.0, 13]","[292.67, 33]","[321.38, 65]",276.83,150,31.67,-0.31
07:44:09,"[261.0, 30]","[259.0, 10]","[267.79, 19]","[351.66, 44]",264.39,103,6.79,-0.22
07:44:10,"[261.0, 24]","[259.0, 8]","[267.0, 16]","[327.38, 40]",264.0,88,6.0,-0.27
07:44:11,"[261.0, 30]","[259.0, 10]","[267.0, 20]","[276.0, 50]",264.0,110,6.0,-0.27
07:44:12,"[260.94, 31]","[257.57, 14]","[267.0, 22]","[310.44, 52]",263.97,119,6.06,-0.24
07:44:13,"[259.0, 4]","[254.0, 16]","[267.0, 8]","[319.0, 20]",263.0,48,8.0,-0.17
07:44:14,"[259.0, 6]","[254.0, 24]","[267.0, 12]","[335.36, 22]",263.0,64,8.0,-0.06
07:44:15,"[254.71, 14]","[249.17, 41]","[265.0, 10]","[324.33, 6]",259.86,71,10.29,0.55
07:44:16,"[254.0, 24]","[248.0, 66]","[257.0, 12]","[264.33, 9]",255.5,111,3.0,0.62
07:44:17,"[254.0, 40]","[248.54, 52]","[257.0, 20]","[258.37, 19]",255.5,131,3.0,0.4
07:44:18,"[254.0, 28]","[248.0, 28]","[255.95, 19]","[257.84, 19]",254.97,94,1.95,0.19
07:44:19,"[254.0, 36]","[248.0, 36]","[255.0, 31]","[257.0, 9]",254.5,112,1.0,0.29
07:44:20,"[254.0, 48]","[248.0, 48]","[256.23, 26]","[258.0, 12]",255.12,134,2.23,0.43
07:44:21,"[254.0, 38]","[248.0, 40]","[255.67, 18]","[257.8, 10]",254.83,106,1.67,0.47
07:44:22,"[254.0, 39]","[248.0, 52]","[256.29, 21]","[258.69, 13]",255.14,125,2.29,0.46
07:44:23,"[254.0, 21]","[248.0, 28]","[258.06, 18]","[259.43, 7]",256.03,74,4.06,0.32
07:44:24,"[254.4, 35]","[250.57, 49]","[257.33, 58]","[258.2, 46]",255.86,188,2.93,-0.11
07:44:25,"[255.0, 22]","[254.0, 33]","[256.0, 44]","[258.0, 55]",255.5,154,1.0,-0.29
07:44:26,"[254.33, 18]","[252.09, 22]","[256.67, 30]","[258.06, 32]",255.5,102,2.33,-0.22
07:44:27,"[251.53, 34]","[247.35, 46]","[257.69, 29]","[258.07, 54]",254.61,163,6.16,-0.02
07:44:28,"[248.5, 40]","[247.12, 68]","[260.11, 38]","[261.31, 39]",254.3,185,11.61,0.17
07:44:29,"[249.0, 130]","[248.0, 28]","[258.45, 62]","[262.89, 45]",253.73,265,9.45,0.19
07:44:30,"[250.09, 66]","[247.87, 110]","[261.14, 155]","[262.28, 43]",255.61,374,11.04,-0.06
07:44:31,"[252.98, 44]","[251.83, 36]","[260.19, 84]","[260.82, 44]",256.58,208,7.21,-0.23
07:44:32,"[255.83, 46]","[249.35, 103]","[258.0, 48]","[260.0, 48]",256.91,245,2.17,0.22
07:44:33,"[252.05, 37]","[245.77, 79]","[259.6, 30]","[261.0, 24]",255.83,170,7.55,0.36
07:44:34,"[250.62, 39]","[248.0, 65]","[254.0, 65]","[258.12, 43]",252.31,212,3.38,-0.02
07:44:35,"[252.09, 33]","[248.0, 55]","[254.0, 55]","[257.0, 33]",253.05,176,1.91,0.0
07:44:36,"[253.0, 21]","[247.13, 39]","[254.0, 35]","[257.0, 21]",253.5,116,1.0,0.03
07:44:37,"[251.24, 34]","[244.86, 86]","[254.45, 40]","[257.25, 32]",252.84,192,3.21,0.25
07:44:38,"[247.0, 25]","[243.3, 27]","[257.0, 15]","[258.0, 20]",252.0,87,10.0,0.2
07:44:39,"[249.8, 30]","[247.38, 21]","[257.0, 24]","[258.0, 32]",253.4,107,7.2,-0.05
07:44:40,"[252.28, 25]","[247.65, 49]","[257.98, 41]","[261.64, 44]",255.13,159,5.7,-0.07
07:44:41,"[251.17, 18]","[250.0, 12]","[258.0, 24]","[262.0, 24]",254.58,78,6.83,-0.23
07:44:42,"[252.07, 41]","[249.03, 58]","[258.0, 44]","[259.0, 33]",255.04,176,5.93,0.12
07:44:43,"[253.0, 33]","[248.91, 55]","[258.74, 31]","[261.25, 24]",255.87,143,5.74,0.23
07:44:44,"[255.08, 25]","[250.07, 45]","[259.0, 11]","[262.0, 22]",257.04,103,3.92,0.36
07:44:45,"[257.62, 21]","[249.03, 114]","[261.62, 48]","[262.88, 64]",259.62,247,4.01,0.09
07:44:46,"[259.67, 21]","[258.73, 30]","[262.0, 102]","[264.0, 68]",260.83,221,2.33,-0.54
07:44:47,"[259.59, 17]","[249.77, 130]","[262.0, 48]","[264.0, 44]",260.79,239,2.41,0.23
07:44:48,"[251.59, 54]","[248.93, 150]","[261.07, 15]","[263.07, 29]",256.33,248,9.47,0.65
07:44:49,"[249.21, 127]","[248.88, 205]","[257.0, 63]","[261.0, 14]",253.11,409,7.79,0.62
07:44:50,"[250.0, 39]","[246.39, 304]","[257.0, 91]","[259.85, 26]",253.5,460,7.0,0.49
07:44:51,"[250.0, 27]","[246.0, 216]","[257.0, 63]","[258.83, 24]",253.5,330,7.0,0.47
07:44:52,"[250.43, 42]","[246.0, 311]","[257.0, 98]","[258.0, 26]",253.71,477,6.57,0.48
07:44:53,"[252.0, 39]","[246.25, 219]","[257.0, 83]","[258.0, 26]",254.5,367,5.0,0.41
07:44:54,"[254.5, 36]","[250.5, 36]","[257.0, 63]","[258.0, 24]",255.75,159,2.5,-0.09
07:44:55,"[252.81, 36]","[248.79, 42]","[257.0, 42]","[258.0, 28]",254.9,148,4.19,0.05
07:44:56,"[254.0, 12]","[246.86, 28]","[257.0, 36]","[258.0, 24]",255.5,100,3.0,-0.2
07:44:57,"[251.63, 19]","[244.18, 56]","[256.53, 34]","[257.39, 31]",254.08,140,4.9,0.07
07:44:58,"[250.53, 49]","[242.45, 130]","[256.56, 18]","[257.54, 35]",253.54,232,6.02,0.54
07:44:59,"[243.0, 40]","[241.0, 160]","[258.71, 21]","[260.35, 37]",250.86,258,15.71,0.55
07:45:00,"[243.0, 35]","[240.91, 110]","[258.11, 27]","[259.43, 23]",250.56,195,15.11,0.49
07:45:01,"[243.0, 40]","[240.0, 40]","[257.12, 32]","[259.0, 24]",250.06,136,14.12,0.18
07:45:02,"[243.0, 60]","[240.0, 60]","[256.3, 27]","[259.0, 66]",249.65,213,13.3,0.13
07:45:03,"[243.0, 35]","[240.0, 35]","[256.0, 7]","[258.33, 36]",249.5,113,13.0,0.24
07:45:04,"[243.0, 55]","[240.1, 39]","[253.97, 31]","[254.94, 31]",248.48,156,10.97,0.21
07:45:05,"[243.17, 36]","[242.64, 33]","[252.33, 24]","[253.86, 28]",247.75,121,9.17,0.14
07:45:06,"[244.89, 19]","[242.1, 63]","[251.78, 46]","[253.77, 39]",248.34,167,6.89,-0.02
07:45:07,"[245.0, 10]","[242.0, 20]","[253.14, 14]","[254.67, 36]",249.07,80,8.14,-0.25
07:45:08,"[245.0, 6]","[242.0, 12]","[254.0, 18]","[256.0, 36]",249.5,72,9.0,-0.5
07:45:09,"[245.07, 14]","[242.0, 28]","[254.0, 42]","[256.0, 84]",249.54,168,8.93,-0.5
07:45:10,"[246.36, 11]","[242.0, 77]","[254.0, 33]","[256.0, 66]",250.18,187,7.64,-0.06
07:45:11,"[247.0, 11]","[243.0, 11]","[254.0, 33]","[256.0, 66]",250.5,121,7.0,-0.64
07:45:12,"[247.0, 7]","[243.0, 7]","[254.0, 9]","[256.0, 27]",250.5,50,7.0,-0.44
07:45:13,"[248.84, 19]","[247.91, 11]","[254.0, 10]","[256.0, 30]",251.42,70,5.16,-0.14
07:45:14,"[252.39, 36]","[246.76, 21]","[254.38, 21]","[255.37, 41]",253.38,119,1.99,-0.04
07:45:15,"[245.11, 9]","[240.23, 22]","[255.95, 21]","[257.75, 24]",250.53,76,10.84,-0.18
07:45:16,"[246.9, 61]","[245.43, 14]","[255.3, 20]","[257.74, 31]",251.1,126,8.4,0.19
07:45:17,"[247.53, 57]","[246.38, 16]","[249.0, 8]","[255.25, 16]",248.26,97,1.47,0.51
07:45:18,"[248.06, 51]","[247.38, 26]","[254.72, 18]","[257.17, 29]",251.39,124,6.66,0.24
07:45:19,"[250.18, 22]","[248.91, 67]","[252.83, 12]","[264.24, 25]",251.51,126,2.65,0.41
07:45:20,"[257.89, 70]","[252.14, 58]","[303.33, 27]","[398.47, 45]",280.61,200,45.45,0.28
07:45:21,"[259.31, 35]","[258.5, 56]","[323.28, 29]","[437.36, 33]",291.3,153,63.96,0.19
07:45:22,"[261.24, 34]","[259.91, 43]","[312.51, 41]","[383.62, 32]",286.87,150,51.28,0.03
07:45:23,"[262.17, 12]","[261.05, 20]","[274.0, 27]","[309.0, 36]",268.08,95,11.83,-0.33
07:45:24,"[260.75, 8]","[259.06, 68]","[321.58, 19]","[463.61, 23]",291.16,118,60.83,0.29
07:45:25,"[251.25, 12]","[230.88, 17]","[633.0, 10]","[652.0, 20]",442.12,59,381.75,-0.02
07:45:26,"[258.0, 64]","[187.0, 16]","[346.96, 25]","[475.78, 27]",302.48,132,88.96,0.21
07:45:27,"[258.45, 44]","[225.91, 46]","[320.12, 24]","[371.4, 20]",289.29,134,61.67,0.34
07:45:28,"[260.5, 16]","[258.6, 20]","[320.0, 12]","[321.0, 8]",290.25,56,59.5,0.29
07:45:29,"[263.69, 116]","[262.48, 61]","[318.71, 28]","[370.21, 19]",291.2,224,55.02,0.58
07:45:30,"[265.0, 112]","[263.0, 63]","[315.92, 26]","[317.3, 23]",290.46,224,50.92,0.56
07:45:31,"[266.0, 64]","[263.0, 36]","[314.14, 14]","[315.57, 14]",290.07,128,48.14,0.56
07:45:32,"[266.06, 104]","[263.45, 74]","[282.9, 20]","[303.1, 21]",274.48,219,16.84,0.63
07:45:33,"[269.0, 16]","[266.03, 68]","[271.08, 25]","[273.03, 29]",270.04,138,2.08,0.22
07:45:34,"[266.09, 67]","[263.05, 73]","[269.18, 28]","[272.66, 35]",267.63,203,3.09,0.38
07:45:35,"[263.36, 66]","[262.12, 64]","[273.0, 19]","[349.67, 21]",268.18,170,9.64,0.53
07:45:36,"[260.73, 49]","[259.2, 60]","[276.67, 24]","[332.38, 26]",268.7,159,15.93,0.37
07:45:37,"[260.0, 14]","[259.0, 112]","[273.56, 25]","[274.56, 27]",266.78,178,13.56,0.42
07:45:38,"[260.0, 13]","[259.0, 104]","[270.32, 22]","[271.38, 26]",265.16,165,10.32,0.42
07:45:39,"[259.17, 42]","[258.5, 112]","[266.52, 23]","[267.37, 19]",262.84,196,7.36,0.57
07:45:40,"[259.0, 40]","[258.0, 64]","[262.92, 13]","[264.43, 14]",260.96,131,3.92,0.59
07:45:41,"[259.0, 60]","[258.0, 96]","[261.67, 24]","[262.67, 24]",260.33,204,2.67,0.53
07:45:42,"[259.0, 48]","[258.0, 96]","[275.48, 21]","[544.4, 40]",267.24,205,16.48,0.4
07:45:43,"[259.76, 55]","[258.56, 54]","[620.71, 28]","[676.82, 11]",440.24,148,360.95,0.47
07:45:44,"[260.24, 41]","[259.84, 83]","[318.12, 34]","[540.33, 40]",289.18,198,57.87,0.25
07:45:45,"[260.21, 86]","[259.45, 40]","[312.96, 49]","[370.46, 57]",286.58,232,52.75,0.09
07:45:46,"[261.06, 17]","[259.94, 70]","[312.57, 21]","[320.0, 28]",286.82,136,51.51,0.28
07:45:47,"[265.61, 46]","[261.43, 40]","[271.75, 12]","[310.57, 28]",268.68,126,6.14,0.37
07:45:48,"[266.45, 67]","[261.65, 80]","[283.19, 47]","[332.48, 21]",274.82,215,16.74,0.37
07:45:49,"[261.0, 40]","[260.0, 10]","[348.97, 37]","[552.54, 13]",304.99,100,87.97,0.0
07:45:50,"[261.0, 7]","[260.0, 7]","[347.43, 7]","[349.0, 28]",304.21,49,86.43,-0.43
07:45:51,"[262.41, 34]","[260.8, 10]","[345.1, 10]","[377.0, 35]",303.76,89,82.69,-0.01
07:45:52,"[264.64, 66]","[262.8, 20]","[330.71, 14]","[354.62, 24]",297.68,124,66.08,0.39
07:45:53,"[269.0, 90]","[268.0, 40]","[311.33, 12]","[317.2, 15]",290.17,157,42.33,0.66
07:45:54,"[269.0, 76]","[268.0, 36]","[306.22, 9]","[308.0, 18]",287.61,139,37.22,0.61
07:45:55,"[268.88, 25]","[267.55, 44]","[305.27, 11]","[420.0, 38]",287.08,118,36.39,0.17
07:45:56,"[263.52, 58]","[261.76, 21]","[292.32, 25]","[397.0, 41]",277.92,145,28.8,0.09
07:45:57,"[263.0, 40]","[261.0, 10]","[295.17, 12]","[296.88, 34]",279.08,96,32.17,0.04
07:45:58,"[263.0, 52]","[261.0, 31]","[278.83, 24]","[287.4, 25]",270.92,132,15.83,0.26
07:45:59,"[263.0, 36]","[261.0, 33]","[269.79, 19]","[271.3, 20]",266.39,108,6.79,0.28
07:46:00,"[262.3, 23]","[260.84, 25]","[264.86, 14]","[265.64, 22]",263.58,84,2.55,0.14
07:46:01,"[259.24, 17]","[257.16, 19]","[263.29, 7]","[265.0, 14]",261.26,57,4.05,0.26
07:46:02,"[259.0, 21]","[257.0, 21]","[263.86, 7]","[345.86, 14]",261.43,63,4.86,0.33
07:46:03,"[259.56, 27]","[258.0, 24]","[264.22, 9]","[398.11, 18]",261.89,78,4.67,0.31
07:46:04,"[260.75, 24]","[259.0, 16]","[264.0, 8]","[374.0, 16]",262.38,64,3.25,0.25
07:46:05,"[261.92, 39]","[259.0, 26]","[264.0, 13]","[421.12, 50]",262.96,128,2.08,0.02
07:46:06,"[259.86, 21]","[257.32, 50]","[461.65, 26]","[573.73, 33]",360.76,130,201.8,0.09
07:46:07,"[260.89, 35]","[259.0, 26]","[337.55, 31]","[455.36, 42]",299.22,134,76.66,-0.09
07:46:08,"[261.69, 26]","[259.0, 24]","[288.6, 15]","[351.81, 54]",275.15,119,26.91,-0.16
07:46:09,"[262.79, 28]","[260.71, 56]","[500.96, 49]","[587.26, 46]",381.87,179,238.17,-0.06
07:46:10,"[263.5, 12]","[260.86, 29]","[396.83, 29]","[672.97, 31]",330.16,101,133.33,-0.19
07:46:11,"[262.2, 20]","[260.26, 19]","[457.56, 27]","[575.94, 33]",359.88,99,195.36,-0.21
07:46:12,"[261.67, 15]","[260.56, 36]","[342.0, 36]","[581.42, 31]",301.83,118,80.33,-0.14
07:46:13,"[263.17, 12]","[261.05, 41]","[322.91, 44]","[440.82, 33]",293.04,130,59.74,-0.18
07:46:14,"[265.14, 21]","[264.11, 18]","[336.28, 25]","[391.89, 36]",300.71,100,71.14,-0.22
07:46:15,"[268.33, 18]","[266.42, 33]","[292.21, 24]","[298.25, 32]",280.27,107,23.88,-0.05
07:46:16,"[267.78, 18]","[266.7, 20]","[270.06, 33]","[272.94, 36]",268.92,107,2.28,-0.29
07:46:17,"[265.08, 13]","[262.32, 25]","[267.8, 10]","[365.0, 44]",266.44,92,2.72,-0.17
07:46:18,"[262.0, 12]","[261.0, 12]","[267.0, 3]","[491.0, 12]",264.5,39,5.0,0.23
07:46:19,"[261.92, 25]","[260.82, 34]","[266.12, 8]","[510.38, 32]",264.02,99,4.2,0.19
07:46:20,"[260.5, 28]","[259.72, 58]","[262.58, 38]","[305.47, 17]",261.54,141,2.08,0.22
07:46:21,"[259.0, 12]","[256.0, 35]","[261.09, 22]","[299.53, 19]",260.05,88,2.09,0.07
07:46:22,"[256.0, 35]","[156.2, 25]","[408.42, 19]","[659.2, 20]",332.21,99,152.42,0.21
07:46:23,"[257.18, 61]","[228.8, 50]","[259.11, 27]","[374.0, 20]",258.15,158,1.93,0.41
07:46:24,"[258.0, 30]","[254.0, 50]","[260.0, 10]","[323.0, 20]",259.0,110,2.0,0.45
07:46:25,"[257.27, 41]","[251.02, 61]","[259.14, 37]","[288.11, 18]",258.2,157,1.87,0.3
07:46:26,"[246.86, 36]","[96.09, 11]","[259.38, 8]","[265.27, 11]",253.12,66,12.51,0.42
07:46:27,"[198.82, 22]","[69.15, 13]","[256.86, 7]","[259.43, 7]",227.84,49,58.04,0.43
07:46:28,"[222.24, 17]","[201.0, 29]","[257.02, 41]","[258.18, 11]",239.63,98,34.79,-0.06
07:46:29,"[252.0, 5]","[230.29, 14]","[255.8, 5]","[257.0, 20]",253.9,44,3.8,-0.14
07:46:30,"[238.67, 6]","[125.78, 9]","[260.0, 6]","[502.0, 24]",249.33,45,21.33,-0.33
07:46:31,"[194.29, 14]","[132.72, 50]","[258.26, 23]","[415.78, 37]",226.27,124,63.98,0.03
07:46:32,"[207.0, 7]","[183.43, 28]","[255.0, 21]","[258.14, 14]",231.0,70,48.0,0.0
07:46:33,"[207.0, 8]","[200.0, 32]","[251.0, 32]","[254.03, 29]",229.0,101,44.0,-0.21
07:46:34,"[209.0, 8]","[201.26, 23]","[249.5, 12]","[250.3, 40]",229.25,83,40.5,-0.25
07:46:35,"[234.0, 10]","[225.7, 10]","[249.83, 46]","[252.73, 30]",241.91,96,15.83,-0.58
07:46:36,"[239.12, 17]","[237.6, 10]","[250.0, 48]","[253.0, 36]",244.56,111,10.88,-0.51
07:46:37,"[244.33, 24]","[242.9, 21]","[250.0, 69]","[253.0, 60]",247.17,174,5.67,-0.48
07:46:38,"[247.33, 9]","[165.21, 14]","[250.0, 16]","[253.0, 28]",248.67,67,2.67,-0.31
07:46:39,"[246.45, 22]","[122.89, 36]","[256.74, 50]","[259.27, 88]",251.6,196,10.29,-0.41
07:46:40,"[249.17, 12]","[93.33, 24]","[257.0, 24]","[260.0, 29]",253.08,89,7.83,-0.19
07:46:41,"[251.0, 8]","[108.5, 16]","[257.0, 12]","[260.0, 16]",254.0,52,6.0,-0.08
07:46:42,"[253.34, 90]","[227.4, 20]","[257.0, 27]","[260.0, 36]",255.17,173,3.66,0.27
07:46:43,"[253.4, 47]","[176.24, 34]","[255.95, 21]","[257.39, 31]",254.68,133,2.55,0.22
07:46:44,"[252.92, 76]","[221.33, 36]","[256.12, 25]","[257.8, 50]",254.52,187,3.2,0.2
07:46:45,"[254.3, 23]","[253.09, 22]","[257.0, 27]","[259.0, 36]",255.65,108,2.7,-0.17
07:46:46,"[256.0, 14]","[126.29, 7]","[259.0, 27]","[262.0, 35]",257.5,83,3.0,-0.49
07:46:47,"[256.67, 6]","[231.78, 9]","[259.0, 12]","[262.0, 20]",257.83,47,2.33,-0.36
07:46:48,"[258.0, 5]","[254.56, 9]","[259.0, 13]","[262.0, 25]",258.5,52,1.0,-0.46
07:46:49,"[258.0, 10]","[65.7, 30]","[260.07, 14]","[266.3, 50]",259.04,104,2.07,-0.23
07:46:50,"[192.0, 8]","[67.91, 23]","[260.67, 36]","[289.5, 32]",226.33,99,68.67,-0.37
07:46:51,"[172.0, 24]","[82.0, 4]","[254.0, 12]","[262.0, 20]",213.0,60,82.0,-0.07
07:46:52,"[205.25, 48]","[145.09, 33]","[254.0, 19]","[262.0, 45]",229.62,145,48.75,0.12
07:46:53,"[198.0, 30]","[135.6, 15]","[254.0, 5]","[262.0, 25]",226.0,75,56.0,0.2
07:46:54,"[229.95, 38]","[183.98, 42]","[261.84, 51]","[422.14, 70]",245.9,201,31.9,-0.2
07:46:55,"[259.0, 7]","[251.0, 7]","[261.93, 27]","[469.62, 40]",260.46,81,2.93,-0.65
07:46:56,"[252.39, 49]","[248.85, 13]","[259.74, 23]","[287.31, 65]",256.06,150,7.35,-0.17
07:46:57,"[253.99, 71]","[252.89, 38]","[478.95, 21]","[517.89, 47]",366.47,177,224.97,0.23
07:46:58,"[256.12, 32]","[254.45, 29]","[723.0, 25]","[749.0, 25]",489.56,111,466.88,0.1
07:46:59,"[257.58, 67]","[255.31, 71]","[447.45, 53]","[654.89, 45]",352.52,236,189.87,0.17
07:47:00,"[260.0, 24]","[259.0, 8]","[361.56, 16]","[450.78, 32]",310.78,80,101.56,-0.2
07:47:01,"[258.33, 54]","[254.89, 18]","[411.0, 40]","[559.38, 8]",334.67,120,152.67,0.2
07:47:02,"[259.0, 32]","[258.0, 24]","[393.5, 24]","[489.5, 16]",326.25,96,134.5,0.17
07:47:03,"[259.67, 60]","[258.43, 28]","[410.5, 28]","[428.32, 71]",335.08,187,150.83,-0.06
07:47:04,"[262.5, 24]","[258.56, 18]","[402.06, 33]","[436.26, 38]",332.28,113,139.56,-0.26
07:47:05,"[262.5, 24]","[255.67, 54]","[394.33, 24]","[486.38, 16]",328.42,118,131.83,0.32
07:47:06,"[257.11, 129]","[252.14, 118]","[381.18, 56]","[410.32, 31]",319.14,334,124.07,0.48
07:47:07,"[260.0, 176]","[258.01, 71]","[262.67, 24]","[264.44, 50]",261.33,321,2.67,0.54
07:47:08,"[260.0, 149]","[259.0, 12]","[263.22, 27]","[323.74, 43]",261.61,231,3.22,0.39
07:47:09,"[260.0, 30]","[259.0, 6]","[264.8, 10]","[388.56, 16]",262.4,62,4.8,0.16
07:47:10,"[260.0, 10]","[259.0, 2]","[264.0, 2]","[328.0, 4]",262.0,18,4.0,0.33
07:47:11,"[260.0, 30]","[259.0, 14]","[263.0, 6]","[328.0, 12]",261.5,62,3.0,0.42
07:47:12,"[260.0, 47]","[258.56, 16]","[412.75, 16]","[523.04, 25]",336.38,104,152.75,0.21
07:47:13,"[259.86, 28]","[258.18, 34]","[418.74, 23]","[573.67, 27]",339.3,112,158.88,0.11
07:47:14,"[259.0, 6]","[258.0, 42]","[497.0, 16]","[619.57, 14]",378.0,78,238.0,0.23
07:47:15,"[259.0, 5]","[258.0, 35]","[337.0, 13]","[499.5, 8]",298.0,61,78.0,0.31
07:47:16,"[259.0, 7]","[258.0, 63]","[334.88, 17]","[413.0, 5]",296.94,92,75.88,0.52
07:47:17,"[258.03, 37]","[252.0, 63]","[330.0, 7]","[376.8, 15]",294.01,122,71.97,0.64
07:47:18,"[258.0, 54]","[251.0, 81]","[313.22, 9]","[321.85, 13]",285.61,157,55.22,0.72
07:47:19,"[258.31, 29]","[192.54, 48]","[311.67, 9]","[325.0, 27]",284.99,113,53.36,0.36
07:47:20,"[260.87, 15]","[259.71, 7]","[310.14, 7]","[325.0, 21]",285.5,50,49.28,-0.12
07:47:21,"[258.6, 45]","[254.0, 9]","[308.11, 9]","[459.67, 12]",283.36,75,49.51,0.44
07:47:22,"[258.0, 72]","[251.0, 12]","[264.0, 12]","[362.25, 24]",261.0,120,6.0,0.4
07:47:23,"[201.82, 17]","[119.11, 35]","[397.47, 38]","[427.71, 17]",299.65,107,195.65,-0.03
07:47:24,"[263.69, 35]","[239.0, 16]","[285.0, 27]","[453.0, 18]",274.34,96,21.31,0.06
07:47:25,"[265.06, 54]","[262.82, 11]","[285.0, 27]","[540.67, 9]",275.03,101,19.94,0.29
07:47:26,"[263.22, 18]","[259.04, 27]","[388.47, 17]","[580.84, 19]",325.85,81,125.25,0.11
07:47:27,"[264.2, 15]","[262.86, 7]","[410.4, 15]","[708.15, 13]",337.3,50,146.2,-0.12
07:47:28,"[258.42, 38]","[212.18, 17]","[401.23, 13]","[573.29, 7]",329.83,75,142.81,0.47
07:47:29,"[260.29, 63]","[247.75, 63]","[477.91, 11]","[651.44, 25]",369.1,162,217.62,0.56
07:47:30,"[267.22, 46]","[260.93, 41]","[354.94, 16]","[418.33, 9]",311.08,112,87.72,0.55
07:47:31,"[268.0, 36]","[262.0, 36]","[334.9, 10]","[395.71, 17]",301.45,99,66.9,0.45
07:47:32,"[268.0, 30]","[262.0, 30]","[351.2, 5]","[413.0, 20]",309.6,85,83.2,0.41
07:47:33,"[268.0, 22]","[262.0, 30]","[350.67, 6]","[409.35, 17]",309.33,75,82.67,0.39
07:47:34,"[268.0, 18]","[262.0, 54]","[349.24, 17]","[350.2, 10]",308.62,99,81.24,0.45
07:47:35,"[268.0, 18]","[262.0, 54]","[346.89, 18]","[349.0, 9]",307.44,99,78.89,0.45
07:47:36,"[268.0, 26]","[267.0, 13]","[340.8, 20]","[340.42, 24]",304.4,83,72.8,-0.06
07:47:37,"[268.0, 18]","[267.0, 9]","[306.5, 24]","[323.87, 15]",287.25,66,38.5,-0.18
07:47:38,"[268.0, 26]","[267.0, 13]","[311.59, 22]","[322.24, 17]",289.8,78,43.59,0.0
07:47:39,"[262.18, 68]","[259.14, 56]","[305.95, 19]","[307.33, 21]",284.06,164,43.77,0.51
07:47:40,"[262.0, 28]","[259.69, 98]","[301.22, 18]","[303.38, 16]",281.61,160,39.22,0.57
07:47:41,"[262.0, 22]","[260.0, 187]","[297.88, 16]","[299.19, 21]",279.94,246,35.88,0.7
07:47:42,"[262.0, 30]","[260.0, 255]","[286.56, 25]","[290.04, 23]",274.28,333,24.56,0.71
07:47:43,"[260.2, 150]","[259.75, 144]","[274.08, 25]","[274.5, 28]",267.14,347,13.88,0.69
07:47:44,"[260.0, 232]","[259.0, 70]","[262.87, 23]","[263.71, 24]",261.43,349,2.87,0.73
07:47:45,"[260.0, 97]","[259.0, 35]","[262.0, 14]","[366.0, 16]",261.0,162,2.0,0.63
07:47:46,"[260.0, 72]","[259.0, 50]","[532.61, 31]","[609.52, 44]",396.31,197,272.61,0.24
07:47:47,"[260.07, 45]","[259.41, 51]","[587.38, 37]","[685.33, 30]",423.72,163,327.31,0.18
07:47:48,"[260.1, 20]","[259.32, 44]","[509.0, 24]","[636.33, 36]",384.55,124,248.9,0.03
07:47:49,"[260.0, 51]","[259.0, 85]","[397.53, 57]","[447.86, 57]",328.76,250,137.53,0.09
07:47:50,"[264.5, 30]","[260.9, 30]","[304.32, 34]","[364.03, 30]",284.41,124,39.82,-0.03
07:47:51,"[268.0, 33]","[260.82, 33]","[276.14, 35]","[321.71, 21]",272.07,122,8.14,0.08
07:47:52,"[268.0, 42]","[260.0, 42]","[272.95, 56]","[276.17, 42]",270.47,182,4.95,-0.08
07:47:53,"[268.0, 30]","[260.0, 30]","[273.0, 50]","[277.0, 10]",270.5,120,5.0,0.0
07:47:54,"[261.69, 59]","[259.52, 63]","[272.18, 85]","[454.45, 33]",266.94,240,10.48,0.02
07:47:55,"[262.0, 53]","[260.0, 33]","[271.0, 55]","[487.91, 33]",266.5,174,9.0,-0.01
07:47:56,"[262.0, 32]","[260.0, 24]","[269.12, 40]","[387.66, 32]",265.56,128,7.12,-0.12
07:47:57,"[262.0, 36]","[260.0, 27]","[270.4, 25]","[330.65, 37]",266.2,125,8.4,0.01
07:47:58,"[259.1, 51]","[258.8, 25]","[268.4, 10]","[270.0, 50]",263.75,136,9.3,0.12
07:47:59,"[258.91, 22]","[257.93, 30]","[267.0, 75]","[268.0, 15]",262.95,142,8.09,-0.27
07:48:00,"[259.08, 12]","[258.04, 23]","[265.92, 52]","[266.5, 20]",262.5,107,6.84,-0.35
07:48:01,"[261.76, 34]","[259.69, 13]","[263.15, 13]","[265.0, 65]",262.46,125,1.39,-0.25
07:48:02,"[259.89, 19]","[257.5, 36]","[263.26, 31]","[264.59, 34]",261.58,120,3.36,-0.08
07:48:03,"[258.67, 36]","[257.4, 60]","[261.62, 71]","[263.02, 87]",260.14,254,2.95,-0.24
07:48:04,"[257.06, 67]","[254.95, 38]","[258.47, 58]","[263.61, 33]",257.76,196,1.41,0.07
07:48:05,"[257.0, 10]","[254.0, 20]","[258.0, 10]","[264.8, 20]",257.5,60,1.0,0.0
07:48:06,"[255.84, 19]","[253.14, 28]","[266.0, 24]","[335.0, 12]",260.92,83,10.16,0.13
07:48:07,"[255.09, 23]","[254.12, 34]","[266.0, 18]","[335.0, 9]",260.54,84,10.91,0.36
07:48:08,"[255.0, 66]","[251.18, 22]","[266.0, 22]","[306.06, 17]",260.5,127,11.0,0.39
07:48:09,"[255.0, 24]","[251.0, 12]","[266.0, 12]","[287.0, 6]",260.5,54,11.0,0.33
07:48:10,"[255.0, 36]","[240.85, 26]","[264.67, 24]","[269.0, 21]",259.83,107,9.67,0.16
07:48:11,"[255.0, 36]","[251.0, 12]","[263.5, 24]","[265.67, 24]",259.25,96,8.5,0.0
07:48:12,"[255.0, 30]","[251.0, 10]","[260.2, 20]","[264.9, 20]",257.6,80,5.2,0.0
07:48:13,"[255.0, 39]","[251.0, 13]","[258.29, 21]","[263.92, 26]",256.64,99,3.29,0.05
07:48:14,"[255.0, 30]","[251.0, 10]","[257.37, 19]","[268.7, 20]",256.18,79,2.37,0.01
07:48:15,"[252.41, 17]","[232.36, 39]","[256.48, 25]","[259.73, 44]",254.45,125,4.07,-0.1
07:48:16,"[251.56, 18]","[249.48, 21]","[256.0, 34]","[257.0, 52]",253.78,125,4.44,-0.38
07:48:17,"[252.72, 25]","[244.82, 22]","[256.82, 44]","[264.94, 34]",254.77,125,4.1,-0.25
07:48:18,"[249.33, 39]","[243.23, 35]","[269.0, 20]","[296.0, 10]",259.17,104,19.67,0.42
07:48:19,"[249.15, 33]","[235.52, 27]","[263.75, 16]","[280.82, 17]",256.45,93,14.6,0.29
07:48:20,"[248.55, 11]","[145.08, 61]","[266.2, 20]","[314.07, 14]",257.37,106,17.65,0.36
07:48:21,"[228.96, 23]","[112.82, 56]","[268.0, 24]","[289.57, 21]",248.48,124,39.04,0.27
07:48:22,"[165.81, 37]","[90.36, 25]","[268.0, 10]","[458.0, 6]",216.91,78,102.19,0.59
07:48:23,"[158.07, 83]","[129.79, 111]","[472.95, 22]","[603.95, 21]",315.51,237,314.88,0.64
07:48:24,"[224.0, 40]","[136.5, 72]","[378.46, 13]","[480.09, 11]",301.23,136,154.46,0.65
07:48:25,"[268.0, 25]","[233.57, 44]","[452.0, 8]","[457.0, 16]",360.0,93,184.0,0.48
07:48:26,"[268.0, 33]","[249.0, 11]","[332.47, 17]","[442.33, 12]",300.24,73,64.47,0.21
07:48:27,"[268.0, 18]","[257.62, 13]","[317.44, 9]","[366.0, 9]",292.72,49,49.44,0.27
07:48:28,"[263.88, 51]","[260.2, 30]","[297.71, 17]","[307.67, 12]",280.79,110,33.82,0.47
07:48:29,"[264.83, 48]","[263.0, 42]","[277.0, 12]","[304.0, 12]",270.92,114,12.17,0.58
07:48:30,"[265.0, 80]","[263.0, 70]","[276.4, 20]","[300.6, 20]",270.7,190,11.4,0.58
07:48:31,"[265.0, 88]","[263.0, 77]","[274.91, 22]","[498.83, 12]",269.95,199,9.91,0.66
07:48:32,"[265.0, 64]","[263.0, 56]","[273.75, 16]","[484.25, 8]",269.38,144,8.75,0.67
07:48:33,"[265.0, 48]","[263.0, 42]","[273.0, 12]","[440.0, 6]",269.0,108,8.0,0.67
07:48:34,"[265.2, 60]","[263.55, 58]","[271.5, 16]","[434.0, 8]",268.35,142,6.3,0.66
07:48:35,"[266.0, 91]","[265.0, 128]","[271.0, 32]","[366.75, 16]",268.5,267,5.0,0.64
07:48:36,"[266.0, 52]","[265.0, 104]","[270.77, 26]","[326.46, 13]",268.38,195,4.77,0.6
07:48:37,"[266.2, 15]","[265.16, 57]","[270.0, 18]","[380.0, 9]",268.1,99,3.8,0.45
07:48:38,"[266.0, 11]","[265.0, 88]","[269.64, 22]","[359.38, 13]",267.82,134,3.64,0.48
07:48:39,"[266.0, 7]","[265.0, 56]","[268.53, 15]","[315.38, 13]",267.27,91,2.53,0.38
07:48:40,"[265.0, 64]","[262.0, 88]","[267.83, 18]","[314.0, 14]",266.42,184,2.83,0.65
07:48:41,"[265.0, 41]","[262.0, 77]","[266.67, 9]","[364.54, 13]",265.83,140,1.67,0.69
07:48:42,"[265.0, 49]","[262.0, 121]","[266.36, 11]","[360.27, 11]",265.68,192,1.36,0.77
07:48:43,"[265.71, 42]","[262.07, 169]","[375.53, 47]","[389.89, 19]",320.62,277,109.82,0.52
07:48:44,"[265.0, 20]","[262.0, 110]","[327.18, 11]","[379.65, 37]",296.09,178,62.18,0.46
07:48:45,"[265.0, 20]","[262.0, 110]","[310.0, 20]","[376.16, 31]",287.5,181,45.0,0.44
07:48:46,"[265.0, 12]","[262.0, 66]","[309.31, 13]","[366.0, 16]",287.15,107,44.31,0.46
07:48:47,"[265.0, 32]","[262.0, 176]","[307.21, 19]","[308.02, 61]",286.11,288,42.21,0.44
07:48:48,"[265.0, 24]","[262.0, 132]","[304.4, 20]","[304.86, 43]",284.7,219,39.4,0.42
07:48:49,"[262.32, 93]","[261.07, 103]","[300.79, 19]","[303.64, 28]",281.56,243,38.47,0.61
07:48:50,"[262.0, 110]","[260.0, 66]","[295.22, 27]","[295.6, 15]",278.61,218,33.22,0.61
07:48:51,"[262.0, 180]","[260.0, 108]","[276.22, 18]","[278.0, 18]",269.11,324,14.22,0.78
07:48:52,"[262.67, 48]","[261.67, 108]","[275.4, 20]","[277.33, 12]",269.03,188,12.73,0.66
07:48:53,"[264.24, 34]","[262.0, 170]","[272.29, 51]","[273.31, 67]",268.26,322,8.06,0.27
07:48:54,"[262.56, 116]","[261.33, 180]","[267.13, 62]","[269.09, 68]",264.84,426,4.57,0.39
07:48:55,"[262.0, 75]","[259.67, 63]","[264.83, 48]","[265.57, 28]",263.42,214,2.83,0.29
07:48:56,"[261.69, 16]","[258.6, 50]","[263.07, 45]","[264.5, 40]",262.38,151,1.38,-0.13
07:48:57,"[258.0, 150]","[255.0, 45]","[262.49, 39]","[263.72, 67]",260.24,301,4.49,0.3
07:48:58,"[258.0, 99]","[255.0, 30]","[260.12, 34]","[261.4, 10]",259.06,173,2.12,0.49
07:48:59,"[258.0, 126]","[255.0, 39]","[259.73, 30]","[267.09, 23]",258.87,218,1.73,0.51
