Time,Bid1,Bid2,Ask1,Ask2,Mid-Price,Total_volume,Bid_ask_spread,Order_imbalance
07:30:00,"[0, 0]","[0, 0]","[286.0, 5]","[0, 0]",143.0,5,286.0,-1.0
07:30:01,"[0, 0]","[0, 0]","[278.0, 5]","[286.0, 5]",139.0,10,278.0,-1.0
07:30:03,"[1.0, 8]","[0, 0]","[278.0, 20]","[280.0, 24]",139.5,52,277.0,-0.69
07:30:04,"[206.0, 1]","[1.0, 2]","[278.0, 3]","[280.0, 4]",242.0,10,72.0,-0.4
07:30:05,"[209.67, 3]","[206.67, 3]","[278.0, 6]","[280.0, 8]",243.83,20,68.33,-0.4
07:30:06,"[228.14, 7]","[219.0, 9]","[278.0, 18]","[280.0, 24]",253.07,58,49.86,-0.45
07:30:07,"[234.25, 8]","[233.18, 11]","[279.74, 23]","[301.55, 29]",256.99,71,45.49,-0.46
07:30:08,"[236.46, 13]","[235.71, 14]","[286.0, 45]","[328.81, 21]",261.23,93,49.54,-0.42
07:30:09,"[242.0, 6]","[240.71, 7]","[286.0, 33]","[305.0, 10]",264.0,56,44.0,-0.54
07:30:10,"[247.25, 8]","[245.0, 8]","[286.0, 35]","[305.0, 10]",266.62,61,38.75,-0.48
07:30:11,"[251.12, 16]","[250.12, 17]","[285.6, 75]","[298.8, 25]",268.36,133,34.48,-0.5
07:30:12,"[254.0, 4]","[253.0, 8]","[280.0, 15]","[286.0, 21]",267.0,48,26.0,-0.5
07:30:13,"[255.56, 18]","[254.79, 19]","[280.0, 50]","[286.0, 70]",267.78,157,24.44,-0.53
07:30:14,"[259.04, 27]","[257.14, 28]","[284.88, 64]","[288.47, 68]",271.96,187,25.84,-0.41
07:30:15,"[262.7, 33]","[261.2, 49]","[285.95, 111]","[292.47, 51]",274.32,244,23.25,-0.33
07:30:16,"[267.83, 24]","[266.48, 29]","[286.57, 74]","[307.33, 27]",277.2,154,18.73,-0.31
07:30:17,"[270.4, 30]","[269.28, 18]","[295.31, 16]","[297.0, 32]",282.86,96,24.91,0.0
07:30:18,"[277.85, 13]","[271.89, 19]","[294.53, 17]","[300.14, 28]",286.19,77,16.68,-0.17
07:30:19,"[277.9, 39]","[276.37, 38]","[294.52, 42]","[303.78, 98]",286.21,217,16.63,-0.29
07:30:20,"[282.75, 32]","[281.79, 33]","[293.25, 24]","[303.44, 41]",288.0,130,10.5,0.0
07:30:21,"[287.89, 27]","[286.92, 38]","[293.71, 31]","[304.53, 47]",290.8,143,5.82,-0.09
07:30:22,"[292.0, 23]","[291.0, 19]","[294.0, 38]","[309.21, 57]",293.0,137,2.0,-0.39
07:30:23,"[292.21, 38]","[284.27, 49]","[299.62, 39]","[312.63, 57]",295.91,183,7.4,-0.05
07:30:24,"[293.6, 20]","[292.0, 60]","[302.75, 80]","[305.35, 60]",298.18,220,9.15,-0.27
07:30:25,"[295.0, 11]","[292.0, 33]","[301.91, 44]","[306.0, 33]",298.45,121,6.91,-0.27
07:30:26,"[295.95, 58]","[293.65, 20]","[301.0, 56]","[305.64, 42]",298.47,176,5.05,-0.11
07:30:27,"[296.0, 60]","[295.0, 12]","[300.33, 48]","[304.83, 36]",298.17,156,4.33,-0.08
07:30:28,"[297.6, 75]","[295.93, 43]","[299.0, 44]","[304.0, 33]",298.3,195,1.4,0.21
07:30:29,"[296.18, 44]","[295.56, 18]","[302.75, 32]","[310.0, 38]",299.47,132,6.57,-0.06
07:30:30,"[296.0, 54]","[295.0, 12]","[302.17, 36]","[307.24, 38]",299.08,140,6.17,-0.06
07:30:31,"[293.45, 33]","[290.8, 25]","[297.64, 28]","[303.38, 32]",295.55,118,4.19,-0.02
07:30:32,"[292.0, 36]","[290.0, 36]","[294.33, 27]","[304.0, 33]",293.17,132,2.33,0.09
07:30:33,"[292.0, 33]","[290.0, 33]","[295.0, 22]","[306.0, 33]",293.5,121,3.0,0.09
07:30:34,"[292.0, 30]","[290.0, 30]","[295.0, 20]","[306.0, 30]",293.5,110,3.0,0.09
07:30:35,"[292.0, 30]","[290.0, 30]","[295.0, 20]","[306.0, 30]",293.5,110,3.0,0.09
07:30:36,"[292.0, 30]","[290.0, 30]","[295.0, 20]","[306.0, 30]",293.5,110,3.0,0.09
07:30:37,"[292.0, 39]","[290.0, 39]","[293.67, 48]","[297.93, 28]",292.83,154,1.67,0.01
07:30:38,"[291.85, 67]","[290.19, 47]","[293.0, 72]","[296.0, 36]",292.43,222,1.15,0.03
07:30:39,"[292.0, 137]","[291.0, 32]","[293.56, 54]","[301.71, 42]",292.78,265,1.56,0.28
07:30:40,"[292.77, 26]","[291.88, 34]","[303.12, 50]","[308.44, 41]",297.94,151,10.35,-0.21
07:30:41,"[293.0, 24]","[292.0, 52]","[297.0, 60]","[306.0, 48]",295.0,184,4.0,-0.17
07:30:42,"[293.0, 30]","[292.0, 75]","[296.13, 75]","[297.99, 73]",294.57,253,3.13,-0.17
07:30:43,"[293.0, 16]","[292.0, 40]","[296.0, 40]","[297.0, 40]",294.5,136,3.0,-0.18
07:30:44,"[293.0, 28]","[292.0, 70]","[295.43, 70]","[297.0, 70]",294.21,238,2.43,-0.18
07:30:45,"[292.12, 68]","[290.71, 56]","[294.25, 24]","[296.38, 80]",293.18,228,2.13,0.09
07:30:46,"[292.0, 53]","[290.0, 33]","[295.11, 19]","[298.68, 57]",293.55,162,3.11,0.06
07:30:47,"[292.0, 48]","[290.0, 36]","[295.26, 39]","[297.09, 55]",293.63,178,3.26,-0.06
07:30:48,"[291.79, 29]","[289.96, 28]","[293.9, 50]","[300.69, 36]",292.85,143,2.11,-0.2
07:30:49,"[290.18, 44]","[289.33, 18]","[300.36, 42]","[302.0, 70]",295.27,174,10.18,-0.29
07:30:50,"[291.83, 81]","[289.98, 49]","[298.4, 84]","[300.87, 92]",295.12,306,6.58,-0.15
07:30:51,"[292.7, 50]","[287.29, 42]","[295.17, 54]","[297.6, 94]",293.93,240,2.47,-0.23
07:30:52,"[290.59, 27]","[287.65, 175]","[293.96, 56]","[300.76, 87]",292.28,345,3.37,0.17
07:30:53,"[291.5, 28]","[290.59, 17]","[293.43, 28]","[296.0, 36]",292.46,109,1.93,-0.17
07:30:54,"[291.5, 24]","[290.64, 22]","[294.0, 37]","[300.0, 45]",292.75,128,2.5,-0.28
07:30:55,"[291.77, 26]","[290.0, 13]","[293.62, 26]","[300.0, 39]",292.69,104,1.85,-0.25
07:30:56,"[291.26, 19]","[288.1, 118]","[297.67, 36]","[301.46, 37]",294.46,210,6.4,0.3
07:30:57,"[290.92, 39]","[288.15, 52]","[300.0, 49]","[302.0, 21]",295.46,161,9.08,0.13
07:30:58,"[291.0, 97]","[290.0, 11]","[300.0, 77]","[302.0, 33]",295.5,218,9.0,-0.01
07:30:59,"[291.0, 72]","[290.0, 14]","[300.0, 98]","[302.0, 42]",295.5,226,9.0,-0.24
07:31:00,"[296.0, 72]","[290.94, 51]","[300.0, 105]","[302.0, 45]",298.0,273,4.0,-0.1
07:31:01,"[297.0, 17]","[291.0, 36]","[300.0, 63]","[302.0, 27]",298.5,143,3.0,-0.26
07:31:02,"[297.0, 8]","[291.8, 35]","[300.0, 56]","[302.0, 24]",298.5,123,3.0,-0.3
07:31:03,"[295.78, 23]","[294.55, 71]","[300.0, 77]","[302.0, 33]",297.89,204,4.22,-0.08
07:31:04,"[296.59, 69]","[294.62, 85]","[300.0, 91]","[302.0, 39]",298.3,284,3.41,0.08
07:31:05,"[297.0, 70]","[295.0, 98]","[298.83, 46]","[300.1, 59]",297.91,273,1.83,0.23
07:31:06,"[297.0, 31]","[295.0, 98]","[301.98, 47]","[303.52, 80]",299.49,256,4.98,0.01
07:31:07,"[297.0, 28]","[295.0, 98]","[300.43, 42]","[304.79, 70]",298.71,238,3.43,0.06
07:31:08,"[295.0, 119]","[294.0, 51]","[298.82, 51]","[304.71, 85]",296.91,306,3.82,0.11
07:31:09,"[295.0, 77]","[294.0, 33]","[298.0, 33]","[300.36, 55]",296.5,198,3.0,0.11
07:31:10,"[295.0, 96]","[294.0, 45]","[296.73, 45]","[300.11, 57]",295.87,243,1.73,0.16
07:31:11,"[295.0, 27]","[294.0, 36]","[299.5, 50]","[302.82, 39]",297.25,152,4.5,-0.17
07:31:12,"[295.0, 11]","[294.0, 33]","[301.0, 55]","[305.0, 22]",298.0,121,6.0,-0.27
07:31:13,"[295.0, 8]","[294.0, 24]","[301.0, 40]","[305.0, 16]",298.0,88,6.0,-0.27
07:31:14,"[295.0, 7]","[294.0, 21]","[301.0, 35]","[305.0, 14]",298.0,77,6.0,-0.27
07:31:15,"[295.0, 52]","[294.0, 39]","[300.65, 37]","[302.33, 48]",297.82,176,5.65,0.03
07:31:16,"[295.0, 44]","[294.0, 33]","[299.0, 11]","[301.73, 55]",297.0,143,4.0,0.08
07:31:17,"[295.0, 48]","[294.0, 39]","[298.08, 13]","[303.0, 65]",296.54,165,3.08,0.05
07:31:18,"[295.0, 28]","[294.0, 42]","[297.79, 14]","[303.0, 70]",296.39,154,2.79,-0.09
07:31:19,"[294.75, 16]","[292.62, 87]","[303.74, 53]","[305.1, 50]",299.24,206,8.99,0.0
07:31:20,"[294.0, 16]","[292.0, 240]","[305.0, 80]","[306.0, 64]",299.5,400,11.0,0.28
07:31:21,"[292.02, 122]","[291.21, 70]","[305.0, 60]","[306.0, 48]",298.51,300,12.98,0.28
07:31:22,"[292.0, 165]","[291.0, 75]","[305.08, 62]","[305.99, 89]",298.54,391,13.08,0.23
07:31:23,"[292.5, 22]","[291.96, 126]","[302.32, 44]","[303.22, 72]",297.41,264,9.82,0.12
07:31:24,"[292.25, 65]","[291.79, 71]","[302.0, 45]","[303.0, 75]",297.12,256,9.75,0.06
07:31:25,"[292.0, 110]","[291.0, 40]","[302.0, 55]","[303.2, 59]",297.0,264,10.0,0.14
07:31:26,"[292.36, 112]","[291.2, 50]","[302.0, 88]","[303.32, 38]",297.18,288,9.64,0.12
07:31:27,"[297.0, 100]","[292.0, 130]","[302.0, 104]","[303.0, 52]",299.5,386,5.0,0.19
07:31:28,"[294.35, 17]","[291.83, 24]","[302.0, 24]","[303.0, 12]",298.18,77,7.65,0.06
07:31:29,"[292.0, 45]","[291.0, 44]","[302.0, 40]","[303.0, 20]",297.0,149,10.0,0.19
07:31:30,"[292.0, 71]","[291.0, 86]","[302.0, 72]","[303.0, 36]",297.0,265,10.0,0.18
07:31:31,"[292.0, 24]","[291.0, 36]","[302.0, 48]","[303.0, 24]",297.0,132,10.0,-0.09
07:31:32,"[292.0, 40]","[291.0, 84]","[301.91, 70]","[302.76, 42]",296.96,236,9.91,0.05
07:31:33,"[292.0, 40]","[291.0, 90]","[300.0, 30]","[302.0, 50]",296.0,210,8.0,0.24
07:31:34,"[292.0, 92]","[291.0, 144]","[298.94, 48]","[303.0, 64]",295.47,348,6.94,0.36
07:31:35,"[292.0, 78]","[291.0, 117]","[296.23, 39]","[303.85, 52]",294.12,286,4.23,0.36
07:31:36,"[292.0, 54]","[291.0, 81]","[295.0, 27]","[304.0, 44]",293.5,206,3.0,0.31
07:31:37,"[292.0, 22]","[291.0, 72]","[294.91, 23]","[303.13, 31]",293.46,148,2.91,0.27
07:31:38,"[291.71, 31]","[290.66, 119]","[293.17, 24]","[295.0, 36]",292.44,210,1.46,0.43
07:31:39,"[291.0, 145]","[289.0, 340]","[292.38, 29]","[296.38, 48]",291.69,562,1.38,0.73
07:31:40,"[289.75, 64]","[288.98, 164]","[292.0, 30]","[297.0, 40]",290.88,298,2.25,0.53
07:31:41,"[289.0, 268]","[288.0, 32]","[290.91, 43]","[295.73, 55]",289.95,398,1.91,0.51
07:31:42,"[289.0, 148]","[288.0, 33]","[292.1, 40]","[296.3, 40]",290.55,261,3.1,0.39
07:31:43,"[293.0, 156]","[289.0, 150]","[298.5, 48]","[303.09, 47]",295.75,401,5.5,0.53
07:31:44,"[293.0, 91]","[289.0, 105]","[300.43, 21]","[302.0, 28]",296.71,245,7.43,0.6
07:31:45,"[293.0, 182]","[289.0, 210]","[299.86, 36]","[304.15, 53]",296.43,481,6.86,0.63
07:31:46,"[293.0, 182]","[289.0, 218]","[297.2, 30]","[299.38, 26]",295.1,456,4.2,0.75
07:31:47,"[293.0, 141]","[289.0, 180]","[294.88, 16]","[296.03, 33]",293.94,370,1.88,0.74
07:31:48,"[293.0, 56]","[289.57, 74]","[300.54, 26]","[302.0, 32]",296.77,188,7.54,0.38
07:31:49,"[293.88, 212]","[292.85, 65]","[297.19, 16]","[302.0, 32]",295.53,325,3.31,0.7
07:31:50,"[294.02, 117]","[293.3, 50]","[296.0, 8]","[299.5, 16]",295.01,191,1.98,0.75
07:31:51,"[295.6, 25]","[294.01, 136]","[303.17, 29]","[307.64, 53]",299.39,243,7.57,0.33
07:31:52,"[296.0, 135]","[295.0, 12]","[309.0, 84]","[310.0, 48]",302.5,279,13.0,0.05
07:31:53,"[296.0, 100]","[293.0, 50]","[309.0, 70]","[310.0, 40]",302.5,260,13.0,0.15
07:31:54,"[296.0, 50]","[293.0, 25]","[309.0, 35]","[310.0, 20]",302.5,130,13.0,0.15
07:31:55,"[296.0, 86]","[293.0, 45]","[309.0, 31]","[310.0, 36]",302.5,198,13.0,0.32
07:31:56,"[296.0, 72]","[293.0, 45]","[307.4, 25]","[309.85, 33]",301.7,175,11.4,0.34
07:31:57,"[296.0, 72]","[293.18, 33]","[300.56, 18]","[306.58, 19]",298.28,142,4.56,0.48
07:31:58,"[296.0, 96]","[295.0, 12]","[307.0, 24]","[309.0, 54]",301.5,186,11.0,0.16
07:31:59,"[296.62, 29]","[295.95, 76]","[307.0, 26]","[309.0, 65]",301.81,196,10.38,0.07
07:32:00,"[296.0, 80]","[295.0, 16]","[307.0, 32]","[309.0, 80]",301.5,208,11.0,-0.08
07:32:01,"[296.0, 59]","[295.0, 13]","[307.0, 26]","[309.0, 65]",301.5,163,11.0,-0.12
07:32:02,"[296.0, 21]","[295.0, 7]","[307.0, 14]","[309.0, 35]",301.5,77,11.0,-0.27
07:32:03,"[296.0, 36]","[295.0, 12]","[305.29, 35]","[307.37, 27]",300.64,110,9.29,-0.13
07:32:04,"[296.0, 24]","[295.0, 8]","[304.82, 22]","[306.33, 18]",300.41,72,8.82,-0.11
07:32:05,"[296.0, 30]","[295.0, 10]","[302.5, 28]","[304.27, 22]",299.25,90,6.5,-0.11
07:32:06,"[296.0, 32]","[293.29, 41]","[302.0, 39]","[304.0, 26]",299.0,138,6.0,0.06
07:32:07,"[296.0, 26]","[293.0, 65]","[301.15, 39]","[305.74, 54]",298.58,184,5.15,-0.01
07:32:08,"[296.0, 26]","[293.0, 65]","[299.52, 29]","[300.83, 36]",297.76,156,3.52,0.17
07:32:09,"[296.0, 32]","[293.16, 76]","[298.03, 77]","[299.09, 33]",297.01,218,2.03,-0.01
07:32:10,"[295.28, 29]","[293.51, 47]","[298.12, 34]","[299.72, 29]",296.7,139,2.84,0.09
07:32:11,"[293.43, 70]","[292.38, 65]","[296.75, 44]","[298.11, 37]",295.09,216,3.32,0.25
07:32:12,"[293.0, 105]","[291.61, 41]","[295.06, 34]","[296.09, 35]",294.03,215,2.06,0.36
07:32:13,"[293.0, 147]","[290.0, 28]","[294.0, 28]","[295.58, 31]",293.5,234,1.0,0.5
07:32:14,"[293.0, 32]","[290.0, 20]","[296.79, 29]","[308.4, 60]",294.9,141,3.79,-0.26
07:32:15,"[288.77, 39]","[286.87, 61]","[296.17, 36]","[308.42, 69]",292.47,205,7.4,-0.02
07:32:16,"[286.0, 84]","[284.28, 58]","[296.0, 36]","[305.0, 24]",291.0,202,10.0,0.41
07:32:17,"[294.0, 45]","[291.0, 18]","[296.0, 27]","[305.0, 18]",295.0,108,2.0,0.17
07:32:18,"[293.77, 65]","[289.0, 18]","[298.13, 52]","[305.29, 34]",295.95,169,4.37,-0.02
07:32:19,"[285.0, 15]","[283.0, 45]","[302.5, 60]","[304.22, 54]",293.75,174,17.5,-0.31
07:32:20,"[289.97, 29]","[282.45, 33]","[298.0, 24]","[300.62, 32]",293.98,118,8.03,0.05
07:32:21,"[294.0, 66]","[283.0, 33]","[298.0, 33]","[301.0, 44]",296.0,176,4.0,0.12
07:32:22,"[294.0, 42]","[284.0, 7]","[298.0, 21]","[301.0, 28]",296.0,98,4.0,0.0
07:32:23,"[294.0, 60]","[286.09, 11]","[298.0, 20]","[301.0, 40]",296.0,131,4.0,0.08
07:32:24,"[294.0, 48]","[287.0, 8]","[298.0, 8]","[304.07, 41]",296.0,105,4.0,0.07
07:32:25,"[294.0, 48]","[293.0, 56]","[298.0, 8]","[305.2, 40]",296.0,152,4.0,0.37
07:32:26,"[294.0, 33]","[293.0, 42]","[298.0, 6]","[301.0, 18]",296.0,99,4.0,0.52
07:32:27,"[293.3, 70]","[290.55, 103]","[298.0, 14]","[301.0, 42]",295.65,229,4.7,0.51
07:32:28,"[294.0, 27]","[293.0, 180]","[298.0, 9]","[301.0, 27]",296.0,243,4.0,0.7
07:32:29,"[294.0, 32]","[293.0, 280]","[298.0, 14]","[301.0, 42]",296.0,368,4.0,0.7
07:32:30,"[294.0, 22]","[293.0, 220]","[298.0, 11]","[301.0, 33]",296.0,286,4.0,0.69
07:32:31,"[294.86, 57]","[293.15, 94]","[298.0, 11]","[301.0, 33]",296.43,195,3.14,0.55
07:32:32,"[295.0, 98]","[294.0, 28]","[297.08, 37]","[299.72, 29]",296.04,192,2.08,0.31
07:32:33,"[295.12, 34]","[293.23, 52]","[296.83, 24]","[299.89, 18]",295.98,128,1.72,0.34
07:32:34,"[294.0, 16]","[293.0, 160]","[302.5, 14]","[305.89, 27]",298.25,217,8.5,0.62
07:32:35,"[294.0, 18]","[293.0, 180]","[305.0, 27]","[307.0, 22]",299.5,247,11.0,0.6
07:32:36,"[294.0, 22]","[293.0, 220]","[298.49, 43]","[305.12, 33]",296.24,318,4.49,0.52
07:32:37,"[293.07, 116]","[292.19, 134]","[298.0, 40]","[305.0, 30]",295.53,320,4.93,0.56
07:32:38,"[293.0, 104]","[291.0, 54]","[298.0, 24]","[305.0, 18]",295.5,200,5.0,0.58
07:32:39,"[293.0, 70]","[291.0, 45]","[297.17, 24]","[299.11, 19]",295.08,158,4.17,0.46
07:32:40,"[293.09, 154]","[291.77, 146]","[296.89, 64]","[300.13, 46]",294.99,410,3.8,0.46
07:32:41,"[293.0, 140]","[291.0, 90]","[300.0, 40]","[305.0, 10]",296.5,280,7.0,0.64
07:32:42,"[293.0, 112]","[291.0, 72]","[300.0, 32]","[305.0, 8]",296.5,224,7.0,0.64
07:32:43,"[293.0, 168]","[291.0, 108]","[300.0, 48]","[305.0, 12]",296.5,336,7.0,0.64
07:32:44,"[293.0, 140]","[291.0, 90]","[298.92, 26]","[300.87, 31]",295.96,287,5.92,0.6
07:32:45,"[293.0, 299]","[291.0, 117]","[297.0, 26]","[298.0, 26]",295.0,468,4.0,0.78
07:32:46,"[293.04, 314]","[292.0, 216]","[296.88, 32]","[297.88, 32]",294.96,594,3.84,0.78
07:32:47,"[293.0, 261]","[291.0, 108]","[295.17, 24]","[296.67, 24]",294.08,417,2.17,0.77
07:32:48,"[293.0, 126]","[291.0, 54]","[294.0, 12]","[295.0, 12]",293.5,204,1.0,0.76
07:32:49,"[293.0, 133]","[291.0, 90]","[294.0, 20]","[300.6, 20]",293.5,263,1.0,0.7
07:32:50,"[293.0, 60]","[291.0, 81]","[294.0, 18]","[302.0, 18]",293.5,177,1.0,0.59
07:32:51,"[293.0, 28]","[291.0, 72]","[295.0, 16]","[303.05, 19]",294.0,135,2.0,0.48
07:32:52,"[293.0, 8]","[291.0, 36]","[302.0, 8]","[306.0, 20]",297.5,72,9.0,0.22
07:32:53,"[297.5, 32]","[292.57, 56]","[301.4, 20]","[304.86, 35]",299.45,143,3.9,0.23
07:32:54,"[295.41, 44]","[294.73, 83]","[304.4, 15]","[307.22, 36]",299.9,178,8.99,0.43
07:32:55,"[292.36, 22]","[291.0, 99]","[306.71, 17]","[307.84, 19]",299.53,157,14.34,0.54
07:32:56,"[293.83, 24]","[291.0, 108]","[307.0, 24]","[308.0, 24]",300.42,180,13.17,0.47
07:32:57,"[295.4, 20]","[291.0, 90]","[307.0, 20]","[308.0, 20]",301.2,150,11.6,0.47
07:32:58,"[297.0, 18]","[290.89, 81]","[307.0, 11]","[308.0, 18]",302.0,128,10.0,0.55
07:32:59,"[297.0, 24]","[290.0, 132]","[306.26, 19]","[307.59, 17]",301.63,192,9.26,0.62
07:33:00,"[297.0, 26]","[291.43, 106]","[305.6, 30]","[307.0, 17]",301.3,179,8.6,0.47
07:33:01,"[297.29, 14]","[293.05, 38]","[304.32, 37]","[305.35, 23]",300.81,112,7.04,-0.07
07:33:02,"[298.0, 10]","[297.0, 20]","[304.0, 50]","[305.0, 50]",301.0,130,6.0,-0.54
07:33:03,"[298.0, 11]","[297.0, 22]","[302.39, 51]","[304.04, 49]",300.2,133,4.39,-0.5
07:33:04,"[298.0, 8]","[297.0, 16]","[299.73, 26]","[301.08, 38]",298.87,88,1.73,-0.45
07:33:05,"[297.09, 22]","[292.31, 64]","[299.0, 36]","[307.67, 30]",298.05,152,1.91,0.13
07:33:06,"[292.74, 78]","[290.53, 143]","[296.45, 55]","[298.27, 52]",294.6,328,3.71,0.35
07:33:07,"[292.0, 41]","[290.0, 255]","[294.14, 51]","[296.24, 68]",293.07,415,2.14,0.43
07:33:08,"[292.0, 11]","[290.0, 165]","[293.55, 44]","[298.0, 44]",292.77,264,1.55,0.33
07:33:09,"[290.05, 212]","[287.2, 100]","[300.51, 37]","[303.15, 26]",295.28,375,10.47,0.66
07:33:10,"[295.0, 12]","[290.0, 180]","[299.69, 32]","[301.55, 20]",297.34,244,4.69,0.57
07:33:11,"[295.0, 7]","[290.0, 105]","[298.29, 21]","[301.0, 14]",296.64,147,3.29,0.52
07:33:12,"[290.51, 98]","[289.65, 230]","[297.22, 54]","[301.0, 36]",293.87,418,6.71,0.57
07:33:13,"[291.87, 23]","[290.47, 85]","[296.46, 37]","[302.25, 32]",294.16,177,4.59,0.22
07:33:14,"[290.83, 82]","[289.94, 257]","[299.89, 36]","[302.11, 47]",295.36,422,9.06,0.61
07:33:15,"[290.0, 170]","[282.0, 26]","[297.36, 44]","[298.79, 28]",293.68,268,7.36,0.46
07:33:16,"[290.05, 146]","[285.44, 64]","[296.7, 54]","[297.68, 76]",293.38,340,6.65,0.24
07:33:17,"[290.79, 58]","[289.85, 54]","[294.75, 64]","[296.37, 38]",292.77,214,3.96,0.05
07:33:18,"[292.33, 24]","[290.65, 20]","[294.0, 50]","[296.0, 20]",293.17,114,1.67,-0.23
07:33:19,"[293.0, 26]","[292.0, 13]","[294.0, 65]","[296.0, 26]",293.5,130,1.0,-0.4
07:33:20,"[292.13, 15]","[290.02, 104]","[293.66, 44]","[296.0, 28]",292.9,191,1.53,0.25
07:33:21,"[290.34, 35]","[289.18, 61]","[292.89, 27]","[295.4, 25]",291.62,148,2.55,0.3
07:33:22,"[290.0, 61]","[288.0, 70]","[294.62, 21]","[294.37, 41]",292.31,193,4.62,0.36
07:33:23,"[290.41, 37]","[288.2, 61]","[297.62, 26]","[298.4, 40]",294.01,164,7.21,0.2
07:33:24,"[291.0, 55]","[290.0, 22]","[296.09, 11]","[299.62, 32]",293.55,120,5.09,0.28
07:33:25,"[291.0, 50]","[290.0, 20]","[295.0, 13]","[301.0, 40]",293.0,123,4.0,0.14
07:33:26,"[291.0, 51]","[290.0, 26]","[293.08, 13]","[294.47, 15]",292.04,105,2.08,0.47
07:33:27,"[291.0, 42]","[290.0, 28]","[292.0, 14]","[293.0, 14]",291.5,98,1.0,0.43
07:33:28,"[291.0, 30]","[290.0, 55]","[292.0, 10]","[293.0, 10]",291.5,105,1.0,0.62
07:33:29,"[291.0, 24]","[290.0, 30]","[293.87, 15]","[298.86, 21]",292.43,90,2.87,0.2
07:33:30,"[291.23, 13]","[290.05, 21]","[297.0, 11]","[301.0, 22]",294.12,67,5.77,0.01
07:33:31,"[293.23, 39]","[291.0, 13]","[297.0, 13]","[301.0, 26]",295.12,91,3.77,0.14
07:33:32,"[295.0, 21]","[291.0, 7]","[297.0, 7]","[301.0, 14]",296.0,49,2.0,0.14
07:33:33,"[295.0, 30]","[291.0, 10]","[297.0, 10]","[301.0, 20]",296.0,70,2.0,0.14
07:33:34,"[295.0, 24]","[291.0, 8]","[297.0, 8]","[301.0, 16]",296.0,56,2.0,0.14
07:33:35,"[295.32, 25]","[292.59, 61]","[299.42, 12]","[301.33, 24]",297.37,122,4.1,0.41
07:33:36,"[297.0, 15]","[295.0, 45]","[300.0, 15]","[301.0, 30]",298.5,105,3.0,0.14
07:33:37,"[297.0, 8]","[295.0, 36]","[300.0, 8]","[301.0, 16]",298.5,68,3.0,0.29
07:33:38,"[296.29, 14]","[294.76, 88]","[298.5, 10]","[307.38, 26]",297.39,138,2.21,0.48
07:33:39,"[295.0, 59]","[293.07, 45]","[296.83, 36]","[299.66, 29]",295.92,169,1.83,0.23
07:33:40,"[294.2, 20]","[292.25, 64]","[302.4, 20]","[310.22, 72]",298.3,176,8.2,-0.05
07:33:41,"[294.0, 28]","[292.0, 98]","[304.0, 28]","[310.78, 92]",299.0,246,10.0,0.02
07:33:42,"[294.0, 24]","[292.0, 84]","[302.0, 13]","[307.0, 32]",298.0,153,8.0,0.41
07:33:43,"[292.0, 60]","[291.0, 20]","[300.0, 10]","[309.0, 40]",296.0,130,8.0,0.23
07:33:44,"[292.7, 47]","[291.36, 22]","[299.36, 11]","[306.0, 44]",296.03,124,6.66,0.11
07:33:45,"[293.0, 42]","[292.0, 14]","[297.86, 7]","[304.86, 28]",295.43,91,4.86,0.23
07:33:46,"[293.73, 66]","[292.0, 22]","[297.0, 19]","[304.0, 44]",295.36,151,3.27,0.17
07:33:47,"[294.0, 45]","[292.0, 24]","[296.78, 32]","[302.92, 48]",295.39,149,2.78,-0.07
07:33:48,"[294.0, 18]","[292.0, 12]","[295.17, 6]","[305.0, 24]",294.58,60,1.17,0.0
07:33:49,"[291.67, 9]","[289.26, 23]","[305.0, 32]","[306.92, 26]",298.33,90,13.33,-0.29
07:33:50,"[289.85, 52]","[288.67, 12]","[304.75, 32]","[307.0, 32]",297.3,128,14.9,0.0
07:33:51,"[290.0, 77]","[289.0, 14]","[303.0, 48]","[305.8, 25]",296.5,164,13.0,0.11
07:33:52,"[290.0, 99]","[289.0, 18]","[303.0, 52]","[304.78, 27]",296.5,196,13.0,0.19
07:33:53,"[292.31, 143]","[289.0, 26]","[302.69, 49]","[303.17, 46]",297.5,264,10.39,0.28
07:33:54,"[293.01, 104]","[289.43, 23]","[297.93, 15]","[300.6, 25]",295.47,167,4.92,0.52
07:33:55,"[294.01, 69]","[291.87, 76]","[298.26, 27]","[299.74, 19]",296.14,191,4.24,0.52
07:33:56,"[292.54, 112]","[291.75, 40]","[297.84, 31]","[298.44, 18]",295.19,201,5.3,0.51
07:33:57,"[292.0, 107]","[291.0, 9]","[295.81, 21]","[296.36, 22]",293.9,159,3.81,0.46
07:33:58,"[292.0, 110]","[291.0, 10]","[293.3, 10]","[296.0, 40]",292.65,170,1.3,0.41
07:33:59,"[292.05, 75]","[291.46, 13]","[294.52, 29]","[302.28, 39]",293.29,156,2.46,0.13
07:34:00,"[293.0, 66]","[292.0, 102]","[294.0, 68]","[302.78, 64]",293.5,300,1.0,0.12
07:34:01,"[292.23, 26]","[291.34, 53]","[293.62, 32]","[302.0, 16]",292.93,127,1.39,0.24
07:34:02,"[292.0, 44]","[291.0, 77]","[293.0, 38]","[301.73, 22]",292.5,181,1.0,0.34
07:34:03,"[292.0, 13]","[291.0, 28]","[294.45, 11]","[302.6, 10]",293.23,62,2.45,0.32
07:34:04,"[292.0, 9]","[291.0, 63]","[301.0, 18]","[305.0, 36]",296.5,126,9.0,0.14
07:34:05,"[292.0, 6]","[291.0, 42]","[301.0, 12]","[305.0, 24]",296.5,84,9.0,0.14
07:34:06,"[292.82, 11]","[291.02, 57]","[305.2, 25]","[310.2, 20]",299.01,113,12.38,0.2
07:34:07,"[292.05, 20]","[290.9, 68]","[305.46, 46]","[308.9, 29]",298.75,163,13.41,0.08
07:34:08,"[291.0, 40]","[289.0, 20]","[305.0, 50]","[307.0, 30]",298.0,140,14.0,-0.14
07:34:09,"[291.0, 24]","[289.0, 12]","[305.0, 30]","[308.0, 18]",298.0,84,14.0,-0.14
07:34:10,"[291.0, 40]","[289.0, 20]","[302.18, 34]","[305.83, 46]",296.59,140,11.18,-0.14
07:34:11,"[291.0, 40]","[288.3, 20]","[300.69, 48]","[304.5, 50]",295.84,158,9.69,-0.24
07:34:12,"[291.0, 78]","[288.8, 60]","[299.09, 57]","[300.11, 75]",295.04,270,8.09,0.02
07:34:13,"[291.45, 62]","[290.75, 126]","[297.33, 75]","[300.0, 30]",294.39,293,5.88,0.28
07:34:14,"[293.04, 23]","[291.17, 58]","[296.17, 60]","[300.72, 39]",294.61,180,3.12,-0.1
07:34:15,"[291.35, 89]","[290.23, 52]","[295.95, 79]","[302.78, 100]",293.65,320,4.6,-0.12
07:34:16,"[291.0, 102]","[289.0, 52]","[293.34, 35]","[297.59, 58]",292.17,247,2.34,0.25
07:34:17,"[291.0, 44]","[289.0, 44]","[292.0, 22]","[302.82, 55]",291.5,165,1.0,0.07
07:34:18,"[291.0, 48]","[289.0, 48]","[292.0, 24]","[301.0, 60]",291.5,180,1.0,0.07
07:34:19,"[291.0, 24]","[289.0, 40]","[299.16, 44]","[301.59, 41]",295.08,149,8.16,-0.14
07:34:20,"[291.0, 53]","[289.0, 64]","[297.62, 80]","[301.94, 80]",294.31,277,6.62,-0.16
07:34:21,"[291.0, 90]","[289.0, 48]","[295.65, 52]","[299.19, 36]",293.33,226,4.65,0.22
07:34:22,"[289.74, 46]","[288.63, 38]","[291.69, 13]","[298.31, 65]",290.72,162,1.95,0.04
07:34:23,"[289.0, 64]","[288.0, 32]","[299.25, 60]","[301.87, 47]",294.12,203,10.25,-0.05
07:34:24,"[291.86, 14]","[288.22, 23]","[300.0, 70]","[304.0, 28]",295.93,135,8.14,-0.45
07:34:25,"[297.0, 10]","[289.0, 10]","[300.0, 50]","[304.0, 20]",298.5,90,3.0,-0.56
07:34:26,"[297.0, 13]","[289.0, 13]","[299.23, 65]","[305.71, 38]",298.12,129,2.23,-0.6
07:34:27,"[297.0, 13]","[290.38, 29]","[299.0, 65]","[308.0, 35]",298.0,142,2.0,-0.41
07:34:28,"[294.14, 14]","[290.95, 41]","[299.0, 45]","[308.0, 18]",296.57,118,4.86,-0.07
07:34:29,"[292.0, 24]","[291.0, 60]","[299.0, 60]","[308.0, 24]",295.5,168,7.0,0.0
07:34:30,"[292.0, 20]","[291.0, 50]","[299.0, 50]","[308.34, 47]",295.5,167,7.0,-0.16
07:34:31,"[292.0, 24]","[291.0, 60]","[308.0, 60]","[309.0, 96]",300.0,240,16.0,-0.3
07:34:32,"[292.0, 16]","[291.0, 40]","[307.04, 28]","[308.55, 51]",299.52,135,15.04,-0.17
07:34:33,"[292.0, 24]","[291.0, 60]","[298.22, 32]","[304.65, 26]",295.11,142,6.22,0.18
07:34:34,"[292.72, 29]","[291.38, 37]","[297.94, 53]","[298.67, 15]",295.33,134,5.22,-0.01
07:34:35,"[292.85, 39]","[291.55, 40]","[294.93, 42]","[298.0, 70]",293.89,191,2.08,-0.17
07:34:36,"[292.0, 28]","[291.0, 84]","[293.6, 50]","[297.23, 62]",292.8,224,1.6,0.0
07:34:37,"[291.05, 44]","[289.44, 27]","[293.23, 26]","[300.0, 10]",292.14,107,2.19,0.33
07:34:38,"[291.0, 84]","[289.0, 42]","[292.5, 42]","[298.87, 60]",291.75,228,1.5,0.11
07:34:39,"[289.12, 51]","[287.97, 63]","[291.27, 44]","[292.43, 40]",290.2,198,2.16,0.15
07:34:40,"[288.0, 32]","[282.25, 24]","[289.52, 29]","[290.32, 31]",288.76,116,1.52,-0.03
07:34:41,"[281.09, 81]","[278.1, 124]","[291.48, 64]","[292.79, 62]",286.29,331,10.4,0.24
07:34:42,"[282.09, 44]","[279.08, 48]","[287.05, 21]","[288.46, 26]",284.57,139,4.96,0.32
07:34:43,"[284.0, 59]","[280.0, 60]","[285.33, 27]","[286.91, 32]",284.67,178,1.33,0.34
07:34:44,"[284.25, 40]","[279.56, 55]","[286.61, 46]","[289.0, 45]",285.43,186,2.36,0.02
07:34:45,"[283.19, 32]","[277.77, 26]","[284.32, 37]","[289.0, 42]",283.76,137,1.14,-0.15
07:34:46,"[279.31, 13]","[277.0, 20]","[284.0, 9]","[289.0, 27]",281.65,69,4.69,-0.04
07:34:47,"[277.36, 42]","[275.91, 33]","[288.21, 14]","[293.63, 68]",282.79,157,10.86,-0.04
07:34:48,"[280.55, 44]","[276.13, 38]","[286.94, 16]","[292.0, 80]",283.74,178,6.39,-0.08
07:34:49,"[284.8, 45]","[280.67, 27]","[291.14, 35]","[292.6, 48]",287.97,155,6.34,-0.07
07:34:50,"[288.0, 33]","[284.0, 33]","[290.27, 22]","[295.0, 11]",289.14,99,2.27,0.33
07:34:51,"[283.25, 32]","[277.27, 33]","[292.0, 16]","[295.67, 12]",287.62,93,8.75,0.4
07:34:52,"[275.67, 12]","[273.25, 36]","[287.0, 12]","[295.5, 12]",281.33,72,11.33,0.33
07:34:53,"[277.0, 11]","[271.67, 27]","[279.0, 11]","[295.36, 11]",278.0,60,2.0,0.27
07:34:54,"[277.62, 8]","[269.21, 19]","[279.0, 8]","[294.0, 8]",278.31,43,1.38,0.26
07:34:55,"[278.0, 14]","[267.0, 70]","[288.65, 26]","[294.24, 46]",283.33,156,10.65,0.08
07:34:56,"[281.09, 11]","[268.43, 28]","[296.69, 39]","[299.56, 41]",288.89,119,15.6,-0.34
07:34:57,"[292.0, 5]","[291.0, 5]","[297.0, 30]","[302.0, 15]",294.5,55,5.0,-0.64
07:34:58,"[292.0, 6]","[291.0, 6]","[297.0, 42]","[302.0, 18]",294.5,72,5.0,-0.67
07:34:59,"[274.82, 22]","[274.5, 16]","[294.3, 50]","[297.95, 41]",284.56,129,19.48,-0.41
07:35:00,"[269.38, 26]","[233.0, 28]","[291.0, 42]","[294.2, 46]",280.19,142,21.62,-0.24
07:35:01,"[279.81, 47]","[257.29, 28]","[292.53, 55]","[293.39, 54]",286.17,184,12.72,-0.18
07:35:02,"[286.51, 87]","[284.85, 33]","[291.0, 36]","[292.0, 72]",288.75,228,4.49,0.05
07:35:03,"[289.58, 31]","[283.35, 104]","[291.36, 42]","[352.92, 52]",290.47,229,1.78,0.18
07:35:04,"[289.0, 6]","[283.0, 84]","[589.0, 24]","[0, 0]",439.0,114,300.0,0.58
07:35:05,"[289.0, 10]","[283.71, 49]","[411.13, 23]","[461.93, 30]",350.07,112,122.13,0.05
07:35:06,"[290.32, 108]","[288.67, 12]","[389.43, 28]","[583.91, 44]",339.88,192,99.1,0.25
07:35:07,"[291.98, 192]","[289.0, 15]","[564.42, 43]","[675.38, 52]",428.2,302,272.43,0.37
07:35:08,"[293.88, 192]","[289.0, 16]","[389.05, 21]","[407.59, 34]",341.46,263,95.17,0.58
07:35:09,"[294.89, 108]","[289.0, 9]","[371.56, 9]","[373.0, 18]",333.22,144,76.67,0.62
07:35:10,"[295.0, 108]","[289.0, 9]","[354.7, 10]","[366.29, 17]",324.85,144,59.7,0.62
07:35:11,"[295.0, 84]","[289.0, 7]","[314.8, 10]","[316.85, 13]",304.9,114,19.8,0.6
07:35:12,"[295.0, 120]","[288.2, 10]","[312.67, 21]","[312.52, 25]",303.83,176,17.67,0.48
07:35:13,"[295.91, 132]","[294.46, 78]","[309.38, 16]","[310.06, 32]",302.64,258,13.47,0.63
07:35:14,"[297.0, 130]","[295.0, 156]","[305.49, 43]","[306.91, 33]",301.24,362,8.49,0.58
07:35:15,"[297.0, 115]","[295.0, 144]","[303.14, 37]","[305.06, 47]",300.07,343,6.14,0.51
07:35:16,"[297.0, 55]","[295.0, 132]","[301.0, 33]","[305.0, 44]",299.0,264,4.0,0.42
07:35:17,"[296.23, 62]","[294.58, 134]","[298.86, 36]","[300.8, 40]",297.54,272,2.64,0.44
07:35:18,"[295.0, 130]","[291.0, 124]","[296.6, 40]","[300.44, 27]",295.8,321,1.6,0.58
07:35:19,"[295.0, 40]","[291.0, 77]","[299.0, 16]","[378.93, 14]",297.0,147,4.0,0.59
07:35:20,"[295.0, 44]","[291.0, 121]","[307.45, 11]","[466.0, 22]",301.23,198,12.45,0.67
07:35:21,"[295.0, 52]","[291.0, 143]","[306.15, 13]","[406.59, 34]",300.58,242,11.15,0.61
07:35:22,"[292.79, 29]","[290.87, 153]","[305.53, 15]","[308.55, 47]",299.16,244,12.74,0.49
07:35:23,"[291.0, 45]","[289.0, 55]","[305.0, 11]","[306.0, 11]",298.0,122,14.0,0.64
07:35:24,"[291.0, 28]","[289.0, 35]","[304.0, 7]","[305.14, 7]",297.5,77,13.0,0.64
07:35:25,"[291.0, 60]","[289.0, 75]","[301.47, 15]","[303.91, 43]",296.23,193,10.47,0.4
07:35:26,"[291.0, 40]","[289.0, 55]","[293.45, 11]","[301.09, 11]",292.23,117,2.45,0.62
07:35:27,"[291.0, 24]","[288.62, 16]","[292.0, 8]","[302.0, 8]",291.5,56,1.0,0.43
07:35:28,"[291.0, 25]","[289.81, 54]","[292.0, 12]","[303.98, 100]",291.5,191,1.0,-0.17
07:35:29,"[291.78, 18]","[290.67, 42]","[303.88, 104]","[368.7, 57]",297.83,221,12.11,-0.46
07:35:30,"[290.25, 8]","[290.33, 3]","[304.0, 10]","[363.0, 2]",297.12,23,13.75,-0.04
07:35:31,"[290.0, 61]","[289.0, 10]","[315.81, 43]","[432.29, 28]",302.91,142,25.81,0.0
07:35:32,"[290.0, 60]","[289.0, 10]","[291.0, 20]","[335.17, 48]",290.5,138,1.0,0.01
07:35:33,"[292.5, 96]","[289.99, 100]","[305.0, 80]","[517.85, 59]",298.75,335,12.5,0.17
07:35:34,"[294.89, 54]","[290.0, 63]","[305.0, 45]","[470.6, 20]",299.94,182,10.11,0.29
07:35:35,"[295.0, 42]","[290.0, 49]","[305.0, 35]","[495.33, 18]",300.0,144,10.0,0.26
07:35:36,"[295.5, 36]","[290.43, 46]","[305.0, 35]","[535.0, 21]",300.25,138,9.5,0.19
07:35:37,"[298.0, 30]","[295.0, 28]","[305.0, 35]","[535.0, 21]",301.5,114,7.0,0.02
07:35:38,"[298.0, 12]","[295.0, 24]","[305.0, 30]","[483.58, 12]",301.5,78,7.0,-0.08
07:35:39,"[298.0, 14]","[295.0, 28]","[305.0, 35]","[311.0, 7]",301.5,84,7.0,0.0
07:35:40,"[298.0, 18]","[295.0, 36]","[303.59, 37]","[304.65, 37]",300.8,128,5.59,-0.16
07:35:41,"[295.39, 46]","[293.57, 42]","[303.33, 52]","[308.74, 65]",299.36,205,7.94,-0.14
07:35:42,"[297.86, 85]","[294.85, 39]","[300.7, 10]","[303.94, 18]",299.28,152,2.84,0.63
07:35:43,"[298.0, 117]","[293.74, 43]","[299.0, 13]","[300.0, 13]",298.5,186,1.0,0.72
07:35:44,"[298.0, 81]","[293.0, 27]","[299.0, 9]","[306.62, 37]",298.5,154,1.0,0.4
07:35:45,"[298.0, 99]","[294.79, 56]","[299.0, 12]","[360.91, 44]",298.5,211,1.0,0.47
07:35:46,"[296.2, 50]","[294.05, 38]","[299.0, 10]","[400.25, 24]",297.6,122,2.8,0.44
07:35:47,"[295.0, 50]","[293.0, 30]","[297.3, 10]","[307.0, 40]",296.15,130,2.3,0.23
07:35:48,"[295.0, 45]","[293.0, 27]","[296.56, 9]","[307.53, 38]",295.78,119,1.56,0.21
07:35:49,"[295.0, 31]","[293.0, 21]","[306.11, 19]","[319.97, 33]",300.55,104,11.11,0.0
07:35:50,"[293.94, 34]","[292.11, 114]","[308.0, 40]","[328.0, 50]",300.97,238,14.06,0.24
07:35:51,"[292.03, 108]","[290.58, 59]","[307.38, 32]","[328.0, 40]",299.7,239,15.35,0.4
07:35:52,"[292.0, 152]","[290.0, 72]","[307.0, 48]","[365.6, 40]",299.5,312,15.0,0.44
07:35:53,"[292.0, 110]","[290.0, 60]","[306.5, 40]","[312.0, 25]",299.25,235,14.5,0.45
07:35:54,"[292.0, 153]","[289.79, 76]","[301.27, 60]","[306.14, 56]",296.63,345,9.27,0.33
07:35:55,"[292.0, 90]","[289.86, 28]","[293.0, 45]","[303.0, 36]",292.5,199,1.0,0.19
07:35:56,"[292.0, 99]","[290.0, 33]","[293.0, 55]","[303.0, 44]",292.5,231,1.0,0.14
07:35:57,"[292.0, 73]","[290.0, 27]","[293.0, 33]","[303.0, 36]",292.5,169,1.0,0.18
07:35:58,"[292.0, 104]","[290.0, 39]","[296.5, 32]","[303.15, 52]",294.25,227,4.5,0.26
07:35:59,"[292.18, 49]","[291.23, 39]","[302.0, 32]","[305.0, 32]",297.09,152,9.82,0.16
07:36:00,"[292.03, 99]","[290.36, 44]","[301.85, 52]","[305.0, 52]",296.94,247,9.82,0.16
07:36:01,"[292.0, 64]","[290.0, 24]","[300.62, 32]","[305.0, 32]",296.31,152,8.62,0.16
07:36:02,"[292.0, 88]","[290.0, 33]","[299.27, 44]","[304.0, 44]",295.64,209,7.27,0.16
07:36:03,"[292.0, 112]","[290.0, 42]","[296.57, 56]","[297.57, 56]",294.29,266,4.57,0.16
07:36:04,"[292.0, 85]","[290.0, 39]","[293.54, 52]","[299.46, 52]",292.77,228,1.54,0.09
07:36:05,"[292.0, 36]","[290.0, 36]","[293.0, 69]","[300.0, 32]",292.5,173,1.0,-0.17
07:36:06,"[291.52, 25]","[289.92, 26]","[293.0, 65]","[295.0, 20]",292.26,136,1.48,-0.25
07:36:07,"[290.0, 24]","[289.0, 8]","[293.0, 48]","[303.57, 28]",291.5,108,3.0,-0.41
07:36:08,"[290.0, 24]","[289.0, 8]","[292.67, 36]","[300.5, 28]",291.33,96,2.67,-0.33
07:36:09,"[289.19, 32]","[287.36, 28]","[291.91, 43]","[294.79, 42]",290.55,145,2.72,-0.17
07:36:10,"[288.0, 22]","[286.18, 34]","[289.23, 31]","[294.54, 35]",288.61,122,1.23,-0.08
07:36:11,"[288.0, 3]","[287.0, 18]","[289.0, 3]","[296.0, 9]",288.5,33,1.0,0.27
07:36:12,"[287.38, 29]","[286.89, 54]","[288.82, 11]","[296.0, 33]",288.1,127,1.44,0.31
07:36:13,"[287.29, 21]","[286.81, 31]","[294.68, 22]","[301.32, 31]",290.98,105,7.4,-0.01
07:36:14,"[289.73, 15]","[287.0, 75]","[295.0, 45]","[303.2, 60]",292.37,195,5.27,-0.08
07:36:15,"[292.86, 73]","[290.33, 60]","[295.0, 38]","[304.0, 56]",293.93,227,2.14,0.17
07:36:16,"[293.0, 54]","[292.0, 36]","[295.0, 9]","[304.0, 36]",294.0,135,2.0,0.33
07:36:17,"[293.0, 18]","[292.0, 52]","[295.0, 13]","[521.28, 50]",294.0,133,2.0,0.05
07:36:18,"[292.54, 13]","[291.65, 34]","[295.0, 10]","[304.0, 50]",293.77,107,2.46,-0.12
07:36:19,"[291.36, 11]","[287.1, 30]","[295.0, 11]","[304.0, 55]",293.18,107,3.64,-0.23
07:36:20,"[292.14, 7]","[290.0, 7]","[295.0, 7]","[304.0, 35]",293.57,56,2.86,-0.5
07:36:21,"[292.25, 12]","[281.59, 34]","[295.0, 16]","[304.0, 60]",293.62,122,2.75,-0.25
07:36:22,"[290.0, 6]","[281.0, 30]","[295.0, 6]","[304.0, 30]",292.5,72,5.0,0.0
07:36:23,"[281.2, 46]","[279.43, 23]","[285.97, 31]","[301.14, 22]",283.58,122,4.77,0.13
07:36:24,"[281.0, 70]","[279.0, 28]","[285.0, 56]","[293.14, 14]",283.0,168,4.0,0.17
07:36:25,"[281.0, 40]","[279.0, 16]","[285.0, 29]","[293.0, 8]",283.0,93,4.0,0.2
07:36:26,"[281.0, 20]","[279.0, 8]","[303.0, 20]","[596.5, 4]",292.0,52,22.0,0.08
07:36:27,"[281.0, 35]","[279.0, 14]","[303.0, 35]","[394.57, 7]",292.0,91,22.0,0.08
07:36:28,"[281.0, 45]","[279.0, 18]","[303.0, 45]","[457.33, 9]",292.0,117,22.0,0.08
07:36:29,"[282.54, 35]","[280.85, 27]","[303.0, 30]","[505.0, 6]",292.77,98,20.46,0.27
07:36:30,"[283.07, 45]","[281.0, 55]","[302.67, 45]","[342.1, 31]",292.87,176,19.6,0.14
07:36:31,"[284.0, 39]","[281.37, 54]","[301.38, 39]","[303.0, 65]",292.69,197,17.38,-0.06
07:36:32,"[284.5, 30]","[281.0, 160]","[295.5, 18]","[300.69, 26]",290.0,234,11.0,0.62
07:36:33,"[286.76, 51]","[281.45, 62]","[292.82, 51]","[302.43, 53]",289.79,217,6.06,0.04
07:36:34,"[288.93, 42]","[283.0, 14]","[291.79, 38]","[293.25, 32]",290.36,126,2.86,-0.11
07:36:35,"[289.05, 41]","[282.43, 81]","[292.46, 26]","[342.56, 57]",290.76,205,3.41,0.19
07:36:36,"[281.32, 75]","[278.55, 44]","[293.07, 43]","[370.8, 55]",287.19,217,11.75,0.1
07:36:37,"[281.0, 88]","[278.0, 44]","[291.82, 44]","[294.0, 55]",286.41,231,10.82,0.14
07:36:38,"[280.85, 115]","[278.31, 88]","[289.18, 62]","[291.04, 27]",285.01,292,8.33,0.39
07:36:39,"[279.0, 88]","[277.0, 55]","[288.87, 23]","[292.0, 18]",283.93,184,9.87,0.55
07:36:40,"[281.62, 42]","[280.36, 44]","[289.0, 16]","[293.84, 38]",285.31,140,7.38,0.23
07:36:41,"[281.37, 43]","[279.97, 35]","[288.22, 32]","[293.24, 33]",284.8,143,6.85,0.09
07:36:42,"[282.08, 37]","[276.44, 77]","[288.0, 65]","[289.0, 13]",285.04,192,5.92,0.19
07:36:43,"[285.06, 51]","[277.77, 86]","[288.0, 61]","[292.1, 29]",286.53,227,2.94,0.21
07:36:44,"[284.23, 39]","[276.15, 104]","[287.92, 39]","[294.0, 39]",286.08,221,3.69,0.29
07:36:45,"[277.88, 90]","[276.75, 85]","[285.93, 45]","[294.72, 105]",281.91,325,8.06,0.08
07:36:46,"[278.69, 80]","[273.17, 53]","[283.69, 48]","[292.32, 74]",281.19,255,5.0,0.04
07:36:47,"[277.6, 84]","[271.73, 120]","[281.9, 60]","[287.57, 65]",279.75,329,4.3,0.24
07:36:48,"[272.0, 24]","[270.12, 64]","[280.38, 24]","[284.0, 32]",276.19,144,8.38,0.22
07:36:49,"[270.79, 53]","[269.93, 60]","[280.0, 33]","[284.0, 50]",275.4,196,9.21,0.15
07:36:50,"[270.0, 64]","[269.0, 8]","[282.65, 34]","[284.52, 52]",276.32,158,12.65,-0.09
07:36:51,"[270.0, 72]","[269.0, 9]","[285.0, 63]","[286.0, 45]",277.5,189,15.0,-0.14
07:36:52,"[270.08, 59]","[269.83, 41]","[285.0, 70]","[286.0, 50]",277.54,220,14.92,-0.09
07:36:53,"[272.0, 6]","[270.0, 68]","[285.0, 42]","[286.0, 30]",278.5,146,13.0,0.01
07:36:54,"[272.0, 8]","[270.0, 80]","[285.0, 50]","[286.0, 40]",278.5,178,13.0,-0.01
07:36:55,"[273.75, 24]","[270.22, 45]","[285.0, 22]","[286.0, 45]",279.38,136,11.25,0.01
07:36:56,"[275.0, 12]","[269.29, 102]","[285.0, 24]","[286.0, 60]",280.0,198,10.0,0.15
07:36:57,"[277.67, 9]","[270.46, 63]","[285.0, 18]","[286.0, 45]",281.33,135,7.33,0.07
07:36:58,"[278.88, 8]","[273.0, 40]","[285.0, 16]","[286.0, 40]",281.94,104,6.12,-0.08
07:36:59,"[279.1, 10]","[271.31, 124]","[284.17, 24]","[285.38, 26]",281.63,184,5.07,0.46
07:37:00,"[280.85, 20]","[279.85, 20]","[283.9, 51]","[285.22, 91]",282.38,182,3.05,-0.56
07:37:01,"[271.51, 59]","[269.51, 94]","[284.03, 34]","[287.17, 53]",277.77,240,12.52,0.28
07:37:02,"[273.08, 113]","[269.59, 162]","[282.74, 23]","[283.89, 56]",277.91,354,9.66,0.55
07:37:03,"[274.76, 51]","[273.0, 136]","[279.35, 49]","[281.59, 17]",277.06,253,4.58,0.48
07:37:04,"[276.87, 45]","[273.0, 120]","[279.0, 78]","[281.8, 30]",277.93,273,2.13,0.21
07:37:05,"[277.44, 27]","[273.0, 72]","[279.0, 54]","[283.0, 54]",278.22,207,1.56,-0.04
07:37:06,"[273.95, 79]","[271.0, 168]","[279.67, 72]","[283.14, 84]",276.81,403,5.72,0.23
07:37:07,"[270.52, 42]","[269.92, 142]","[283.0, 62]","[285.0, 36]",276.76,282,12.48,0.3
07:37:08,"[271.0, 24]","[270.0, 110]","[282.21, 57]","[283.4, 45]",276.61,236,11.21,0.14
07:37:09,"[271.88, 32]","[269.38, 123]","[280.38, 80]","[283.0, 54]",276.12,289,8.5,0.07
07:37:10,"[273.36, 28]","[266.0, 42]","[279.71, 70]","[283.0, 94]",276.54,234,6.36,-0.4
07:37:11,"[275.0, 18]","[268.06, 17]","[279.0, 45]","[283.0, 63]",277.0,143,4.0,-0.51
07:37:12,"[276.71, 35]","[274.91, 23]","[279.0, 60]","[283.0, 102]",277.86,220,2.29,-0.47
07:37:13,"[277.52, 31]","[276.41, 34]","[279.0, 65]","[282.0, 60]",278.26,190,1.48,-0.32
07:37:14,"[275.29, 21]","[272.92, 26]","[281.61, 46]","[283.11, 56]",278.45,149,6.32,-0.37
07:37:15,"[267.0, 27]","[266.0, 18]","[283.0, 78]","[284.0, 18]",275.0,141,16.0,-0.36
07:37:16,"[267.0, 24]","[266.0, 16]","[283.0, 59]","[284.0, 16]",275.0,115,16.0,-0.3
07:37:17,"[267.0, 36]","[266.0, 24]","[283.0, 60]","[284.0, 24]",275.0,144,16.0,-0.17
07:37:18,"[271.62, 26]","[266.52, 29]","[283.0, 34]","[284.0, 24]",277.31,113,11.38,-0.03
07:37:19,"[273.0, 14]","[265.35, 23]","[283.0, 14]","[284.0, 14]",278.0,65,10.0,0.14
07:37:20,"[272.36, 11]","[265.38, 37]","[283.0, 18]","[284.0, 26]",277.68,92,10.64,0.04
07:37:21,"[265.19, 91]","[263.38, 53]","[283.0, 20]","[284.0, 60]",274.09,224,17.81,0.29
07:37:22,"[265.83, 142]","[264.89, 74]","[276.82, 34]","[282.16, 50]",271.33,300,10.99,0.44
07:37:23,"[269.72, 122]","[267.39, 94]","[276.0, 40]","[281.8, 80]",272.86,336,6.28,0.29
07:37:24,"[269.84, 79]","[267.14, 73]","[281.6, 70]","[283.53, 119]",275.72,341,11.76,-0.11
07:37:25,"[268.1, 42]","[266.95, 81]","[283.0, 94]","[284.0, 122]",275.55,339,14.9,-0.27
07:37:26,"[269.48, 46]","[267.97, 78]","[281.68, 87]","[283.12, 116]",275.58,327,12.2,-0.24
07:37:27,"[271.15, 26]","[269.77, 26]","[280.31, 32]","[281.45, 71]",275.73,155,9.16,-0.33
07:37:28,"[275.21, 38]","[272.58, 38]","[279.16, 77]","[280.82, 56]",277.18,209,3.95,-0.27
07:37:29,"[277.86, 28]","[269.71, 28]","[279.0, 51]","[281.0, 28]",278.43,135,1.14,-0.17
07:37:30,"[278.0, 22]","[265.45, 22]","[279.0, 22]","[281.0, 22]",278.5,88,1.0,0.0
07:37:31,"[266.0, 20]","[263.0, 70]","[282.05, 21]","[283.74, 95]",274.02,206,16.05,-0.13
07:37:32,"[271.8, 25]","[265.56, 34]","[283.0, 11]","[284.0, 154]",277.4,224,11.2,-0.47
07:37:33,"[266.0, 26]","[264.0, 91]","[282.08, 52]","[283.99, 176]",274.04,345,16.08,-0.32
07:37:34,"[266.84, 37]","[264.3, 66]","[282.0, 78]","[283.0, 26]",274.42,207,15.16,-0.0
07:37:35,"[267.51, 35]","[265.7, 54]","[282.0, 60]","[283.0, 48]",274.76,197,14.49,-0.1
07:37:36,"[269.85, 39]","[267.0, 102]","[282.0, 78]","[283.0, 78]",275.92,297,12.15,-0.05
07:37:37,"[271.9, 30]","[265.49, 92]","[282.0, 60]","[283.0, 60]",276.95,242,10.1,0.01
07:37:38,"[272.0, 24]","[265.0, 136]","[276.0, 16]","[279.86, 42]",274.0,218,4.0,0.47
07:37:39,"[272.0, 27]","[265.27, 73]","[276.0, 18]","[279.0, 45]",274.0,163,4.0,0.23
07:37:40,"[272.0, 30]","[269.0, 10]","[277.73, 26]","[279.44, 41]",274.87,107,5.73,-0.25
07:37:41,"[272.94, 48]","[265.39, 185]","[279.0, 64]","[282.0, 30]",275.97,327,6.06,0.43
07:37:42,"[276.82, 38]","[272.14, 36]","[279.67, 36]","[282.67, 42]",278.24,152,2.85,-0.03
07:37:43,"[278.27, 33]","[276.0, 11]","[282.89, 54]","[283.81, 109]",280.58,207,4.62,-0.57
07:37:44,"[279.3, 30]","[270.68, 22]","[283.0, 60]","[284.0, 140]",281.15,252,3.7,-0.59
07:37:45,"[275.67, 45]","[266.4, 115]","[282.99, 96]","[283.97, 203]",279.33,459,7.32,-0.3
07:37:46,"[268.94, 152]","[266.54, 72]","[283.0, 88]","[284.0, 198]",275.97,510,14.06,-0.12
07:37:47,"[272.06, 36]","[270.92, 136]","[283.0, 72]","[284.0, 132]",277.53,376,10.94,-0.09
07:37:48,"[281.7, 53]","[277.54, 35]","[283.7, 122]","[284.67, 90]",282.7,300,2.01,-0.41
07:37:49,"[273.25, 96]","[271.09, 99]","[284.0, 87]","[286.0, 45]",278.62,327,10.75,0.19
07:37:50,"[272.0, 40]","[270.45, 145]","[284.0, 30]","[286.0, 30]",278.0,245,12.0,0.51
07:37:51,"[273.89, 72]","[270.0, 266]","[283.1, 94]","[284.44, 41]",278.49,473,9.21,0.43
07:37:52,"[275.88, 64]","[269.89, 142]","[282.84, 94]","[283.55, 47]",279.36,347,6.97,0.19
07:37:53,"[273.67, 60]","[264.9, 105]","[281.89, 45]","[283.12, 80]",277.78,290,8.22,0.14
07:37:54,"[269.64, 22]","[264.11, 76]","[279.25, 12]","[287.12, 34]",274.44,144,9.61,0.36
07:37:55,"[280.6, 15]","[266.0, 27]","[286.0, 37]","[314.89, 18]",283.3,97,5.4,-0.13
07:37:56,"[269.33, 18]","[264.34, 59]","[286.0, 32]","[351.29, 14]",277.67,123,16.67,0.25
07:37:57,"[272.53, 34]","[268.92, 141]","[285.4, 20]","[293.72, 50]",278.96,245,12.87,0.43
07:37:58,"[273.0, 33]","[272.0, 143]","[285.0, 11]","[286.0, 42]",279.0,229,12.0,0.54
07:37:59,"[273.67, 36]","[272.0, 156]","[284.87, 38]","[285.41, 51]",279.27,281,11.2,0.37
07:38:00,"[274.71, 42]","[272.51, 70]","[284.0, 22]","[285.0, 40]",279.36,174,9.29,0.29
07:38:01,"[276.92, 146]","[275.95, 56]","[284.0, 32]","[285.0, 56]",280.46,290,7.08,0.39
07:38:02,"[278.29, 122]","[277.56, 142]","[283.48, 50]","[284.72, 50]",280.88,364,5.19,0.45
07:38:03,"[280.23, 100]","[278.31, 196]","[283.0, 126]","[284.0, 20]",281.62,442,2.77,0.34
07:38:04,"[278.73, 173]","[275.48, 99]","[284.59, 58]","[285.31, 29]",281.66,359,5.86,0.52
07:38:05,"[270.79, 38]","[269.37, 57]","[285.62, 37]","[370.75, 16]",278.21,148,14.83,0.28
07:38:06,"[275.26, 31]","[271.68, 31]","[286.77, 35]","[287.21, 38]",281.01,135,11.51,-0.08
07:38:07,"[273.96, 25]","[272.86, 14]","[284.95, 19]","[287.0, 16]",279.45,74,10.99,0.05
07:38:08,"[275.65, 40]","[275.14, 44]","[283.0, 51]","[285.0, 17]",279.32,152,7.35,0.11
07:38:09,"[280.48, 58]","[278.45, 58]","[283.0, 42]","[285.0, 62]",281.74,220,2.52,0.05
07:38:10,"[282.12, 98]","[275.22, 54]","[284.67, 60]","[285.67, 30]",283.39,242,2.54,0.26
07:38:11,"[283.73, 88]","[270.45, 33]","[285.0, 48]","[287.0, 12]",284.36,181,1.27,0.34
07:38:12,"[283.65, 62]","[271.67, 18]","[285.1, 42]","[328.8, 20]",284.37,142,1.45,0.13
07:38:13,"[273.0, 12]","[270.0, 48]","[286.0, 12]","[287.0, 12]",279.5,84,13.0,0.43
07:38:14,"[273.0, 10]","[270.0, 40]","[284.4, 10]","[300.3, 10]",278.7,70,11.4,0.43
07:38:15,"[273.0, 15]","[269.07, 60]","[285.17, 18]","[343.48, 27]",279.08,120,12.17,0.25
07:38:16,"[273.0, 12]","[268.0, 48]","[285.14, 28]","[291.18, 44]",279.07,132,12.14,-0.09
07:38:17,"[271.9, 31]","[269.11, 35]","[283.0, 52]","[286.0, 26]",277.45,144,11.1,-0.08
07:38:18,"[275.94, 32]","[272.29, 34]","[283.0, 64]","[286.0, 32]",279.47,162,7.06,-0.19
07:38:19,"[276.8, 20]","[274.44, 34]","[283.0, 64]","[286.0, 32]",279.9,150,6.2,-0.28
07:38:20,"[281.08, 25]","[278.78, 18]","[283.0, 38]","[286.0, 26]",282.04,107,1.92,-0.2
07:38:21,"[277.42, 24]","[272.92, 24]","[284.94, 16]","[289.0, 32]",281.18,96,7.52,0.0
07:38:22,"[272.32, 25]","[269.36, 28]","[283.68, 19]","[289.16, 38]",278.0,110,11.36,-0.04
07:38:23,"[271.0, 22]","[269.27, 22]","[283.3, 20]","[291.95, 37]",277.15,101,12.3,-0.13
07:38:24,"[272.6, 50]","[270.79, 28]","[283.0, 51]","[303.37, 41]",277.8,170,10.4,-0.08
07:38:25,"[273.0, 44]","[270.22, 36]","[283.0, 55]","[453.92, 26]",278.0,161,10.0,-0.01
07:38:26,"[274.25, 59]","[270.48, 42]","[283.0, 75]","[291.78, 46]",278.63,222,8.75,-0.09
07:38:27,"[275.91, 35]","[271.0, 20]","[283.0, 45]","[287.0, 27]",279.46,127,7.09,-0.13
07:38:28,"[277.0, 36]","[270.0, 18]","[282.64, 44]","[286.31, 29]",279.82,127,5.64,-0.15
07:38:29,"[275.0, 48]","[268.57, 56]","[279.0, 52]","[283.0, 44]",277.0,200,4.0,0.04
07:38:30,"[269.0, 23]","[268.0, 28]","[279.0, 14]","[283.0, 14]",274.0,79,10.0,0.29
07:38:31,"[269.0, 50]","[268.0, 40]","[277.67, 12]","[279.8, 20]",273.33,122,8.67,0.48
07:38:32,"[269.0, 45]","[268.0, 36]","[277.0, 9]","[279.0, 18]",273.0,108,8.0,0.5
07:38:33,"[269.0, 43]","[268.0, 36]","[277.0, 9]","[279.0, 18]",273.0,106,8.0,0.49
07:38:34,"[269.0, 35]","[268.0, 28]","[277.0, 7]","[279.0, 14]",273.0,84,8.0,0.5
07:38:35,"[269.0, 60]","[268.0, 48]","[279.0, 12]","[283.0, 24]",274.0,144,10.0,0.5
07:38:36,"[269.0, 55]","[268.0, 44]","[281.82, 17]","[283.78, 46]",275.41,162,12.82,0.22
07:38:37,"[270.39, 56]","[269.11, 73]","[283.0, 32]","[284.0, 96]",276.7,257,12.61,0.0
07:38:38,"[272.89, 27]","[271.0, 36]","[283.0, 53]","[284.0, 54]",277.94,170,10.11,-0.26
07:38:39,"[275.67, 54]","[274.49, 61]","[283.0, 91]","[284.0, 78]",279.33,284,7.33,-0.19
07:38:40,"[280.47, 45]","[278.96, 81]","[283.0, 98]","[284.0, 84]",281.73,308,2.53,-0.18
07:38:41,"[282.0, 48]","[273.21, 56]","[283.71, 84]","[284.78, 166]",282.86,354,1.71,-0.41
07:38:42,"[270.76, 71]","[267.74, 43]","[283.76, 71]","[284.74, 159]",277.26,344,13.0,-0.34
07:38:43,"[273.19, 80]","[272.12, 80]","[283.22, 64]","[284.84, 214]",278.2,438,10.03,-0.27
07:38:44,"[276.0, 45]","[271.5, 40]","[279.31, 13]","[283.98, 41]",277.65,139,3.31,0.22
07:38:45,"[277.78, 58]","[273.45, 42]","[283.0, 12]","[284.0, 60]",280.39,172,5.22,0.16
07:38:46,"[281.92, 61]","[279.67, 43]","[284.46, 61]","[285.04, 99]",283.19,264,2.54,-0.21
07:38:47,"[283.92, 65]","[275.07, 45]","[285.0, 86]","[286.0, 78]",284.46,274,1.08,-0.2
07:38:48,"[279.0, 60]","[268.52, 42]","[285.39, 66]","[287.19, 63]",282.2,231,6.39,-0.12
07:38:49,"[269.0, 32]","[267.0, 16]","[285.45, 55]","[287.92, 39]",277.23,142,16.45,-0.32
07:38:50,"[269.0, 44]","[267.0, 22]","[284.0, 55]","[285.12, 68]",276.5,189,15.0,-0.3
07:38:51,"[269.0, 32]","[267.0, 16]","[284.0, 40]","[285.0, 64]",276.5,152,15.0,-0.37
07:38:52,"[268.7, 40]","[266.63, 41]","[284.0, 65]","[285.0, 104]",276.35,250,15.3,-0.35
07:38:53,"[269.0, 24]","[267.0, 60]","[284.76, 84]","[285.43, 56]",276.88,224,15.76,-0.25
07:38:54,"[269.0, 22]","[267.0, 43]","[285.0, 98]","[286.0, 33]",277.0,196,16.0,-0.34
07:38:55,"[269.0, 12]","[267.0, 18]","[285.0, 54]","[286.0, 18]",277.0,102,16.0,-0.41
07:38:56,"[269.0, 18]","[266.21, 57]","[284.25, 71]","[285.15, 39]",276.63,185,15.25,-0.19
07:38:57,"[269.71, 42]","[266.81, 74]","[284.0, 227]","[285.0, 91]",276.86,434,14.29,-0.47
07:38:58,"[271.0, 55]","[269.91, 47]","[283.93, 95]","[284.3, 140]",277.46,337,12.93,-0.39
07:38:59,"[273.24, 74]","[272.57, 74]","[283.76, 126]","[284.56, 113]",278.5,387,10.52,-0.24
07:39:00,"[275.76, 51]","[271.24, 119]","[284.0, 126]","[285.0, 119]",279.88,415,8.24,-0.18
07:39:01,"[277.71, 42]","[271.4, 70]","[282.64, 70]","[284.76, 87]",280.18,269,4.93,-0.17
07:39:02,"[279.55, 33]","[273.2, 45]","[284.0, 42]","[285.0, 110]",281.77,230,4.45,-0.32
07:39:03,"[270.15, 41]","[266.39, 59]","[284.0, 64]","[285.0, 115]",277.07,279,13.85,-0.28
07:39:04,"[270.32, 37]","[269.12, 40]","[284.0, 114]","[285.0, 117]",277.16,308,13.68,-0.5
07:39:05,"[274.64, 14]","[273.0, 31]","[284.0, 98]","[285.0, 84]",279.32,227,9.36,-0.6
07:39:06,"[276.77, 13]","[275.77, 13]","[284.0, 91]","[285.0, 78]",280.38,195,7.23,-0.73
07:39:07,"[277.92, 12]","[276.0, 12]","[284.03, 69]","[285.08, 72]",280.97,165,6.11,-0.71
07:39:08,"[270.25, 165]","[269.32, 115]","[283.14, 42]","[285.52, 75]",276.7,397,12.89,0.41
07:39:09,"[270.03, 182]","[269.28, 169]","[278.0, 32]","[283.43, 70]",274.02,453,7.97,0.55
07:39:10,"[272.15, 27]","[270.04, 101]","[278.0, 17]","[280.0, 85]",275.07,230,5.85,0.11
07:39:11,"[276.0, 9]","[273.0, 18]","[278.0, 9]","[280.0, 53]",277.0,89,2.0,-0.39
07:39:12,"[277.0, 18]","[267.02, 49]","[279.76, 41]","[281.05, 61]",278.38,169,2.76,-0.21
07:39:13,"[277.0, 30]","[265.4, 83]","[280.0, 129]","[284.0, 60]",278.5,302,3.0,-0.25
07:39:14,"[277.71, 14]","[265.83, 53]","[280.0, 42]","[284.0, 28]",278.86,137,2.29,-0.02
07:39:15,"[278.0, 14]","[266.0, 77]","[280.0, 42]","[284.0, 28]",279.0,161,2.0,0.13
07:39:16,"[271.71, 38]","[265.71, 124]","[280.0, 56]","[284.0, 40]",275.86,258,8.29,0.26
07:39:17,"[267.0, 195]","[265.0, 66]","[280.0, 36]","[283.18, 33]",273.5,330,13.0,0.58
07:39:18,"[267.0, 216]","[265.0, 25]","[280.0, 27]","[283.71, 31]",273.5,299,13.0,0.61
07:39:19,"[267.0, 226]","[265.0, 30]","[280.0, 24]","[284.0, 32]",273.5,312,13.0,0.64
07:39:20,"[267.0, 232]","[265.0, 24]","[280.0, 24]","[284.0, 32]",273.5,312,13.0,0.64
07:39:21,"[267.0, 145]","[265.0, 15]","[280.0, 15]","[284.0, 45]",273.5,220,13.0,0.45
07:39:22,"[267.69, 49]","[267.08, 104]","[280.0, 33]","[284.0, 99]",273.85,285,12.31,0.07
07:39:23,"[269.58, 24]","[268.0, 30]","[284.0, 84]","[285.0, 60]",276.79,198,14.42,-0.45
07:39:24,"[270.92, 72]","[267.23, 121]","[284.0, 77]","[285.0, 55]",277.46,325,13.08,0.19
07:39:25,"[274.17, 12]","[272.33, 48]","[284.0, 70]","[285.0, 50]",279.08,180,9.83,-0.33
07:39:26,"[275.0, 37]","[273.0, 18]","[284.0, 63]","[285.0, 45]",279.5,163,9.0,-0.33
07:39:27,"[276.33, 9]","[273.0, 18]","[284.0, 63]","[285.0, 45]",280.17,135,7.67,-0.6
07:39:28,"[280.33, 24]","[278.37, 27]","[284.0, 115]","[285.0, 85]",282.17,251,3.67,-0.59
07:39:29,"[271.17, 132]","[272.3, 64]","[284.29, 48]","[285.74, 94]",277.73,338,13.12,0.16
07:39:30,"[269.0, 153]","[266.0, 27]","[283.0, 36]","[284.0, 45]",276.0,261,14.0,0.38
07:39:31,"[268.79, 67]","[266.07, 29]","[282.09, 44]","[283.74, 61]",275.44,201,13.3,-0.04
07:39:32,"[269.0, 144]","[266.32, 19]","[279.0, 24]","[283.18, 44]",274.0,231,10.0,0.41
07:39:33,"[269.0, 108]","[266.0, 18]","[285.7, 20]","[286.88, 32]",277.35,178,16.7,0.42
07:39:34,"[269.62, 32]","[268.66, 122]","[285.0, 27]","[286.0, 22]",277.31,203,15.38,0.52
07:39:35,"[271.0, 13]","[268.64, 53]","[285.0, 20]","[286.0, 20]",278.0,106,14.0,0.25
07:39:36,"[273.25, 12]","[270.0, 26]","[284.83, 24]","[285.83, 24]",279.04,86,11.58,-0.12
07:39:37,"[274.4, 15]","[270.57, 21]","[284.0, 26]","[285.0, 72]",279.2,134,9.6,-0.46
07:39:38,"[275.82, 22]","[274.0, 11]","[284.0, 33]","[285.0, 66]",279.91,132,8.18,-0.5
07:39:39,"[279.67, 24]","[274.0, 12]","[284.5, 32]","[297.38, 52]",282.08,120,4.83,-0.4
07:39:40,"[280.0, 8]","[274.0, 4]","[285.75, 8]","[347.8, 5]",282.88,25,5.75,-0.04
07:39:41,"[272.71, 49]","[275.5, 14]","[283.91, 22]","[286.0, 22]",278.31,107,11.19,0.18
07:39:42,"[269.25, 146]","[267.07, 14]","[301.43, 23]","[412.76, 17]",285.34,200,32.19,0.6
07:39:43,"[274.35, 34]","[269.26, 100]","[364.64, 22]","[379.75, 20]",319.49,176,90.28,0.52
07:39:44,"[273.47, 19]","[270.7, 30]","[284.0, 32]","[330.0, 16]",278.74,97,10.53,0.01
07:39:45,"[282.0, 13]","[281.0, 13]","[284.0, 72]","[330.0, 26]",283.0,124,2.0,-0.58
07:39:46,"[282.0, 5]","[281.0, 5]","[284.0, 28]","[391.4, 10]",283.0,48,2.0,-0.58
07:39:47,"[282.55, 11]","[280.8, 10]","[284.0, 30]","[375.25, 16]",283.27,67,1.45,-0.37
07:39:48,"[281.0, 10]","[279.0, 9]","[284.0, 27]","[343.15, 27]",282.5,73,3.0,-0.48
07:39:49,"[287.0, 8]","[282.75, 8]","[376.52, 31]","[588.33, 18]",331.76,65,89.52,-0.51
07:39:50,"[289.0, 7]","[285.89, 9]","[473.33, 18]","[566.14, 14]",381.17,48,184.33,-0.33
07:39:51,"[289.0, 7]","[287.0, 14]","[389.0, 14]","[490.71, 14]",339.0,49,100.0,-0.14
07:39:52,"[288.2, 5]","[286.5, 8]","[322.0, 10]","[417.0, 10]",305.1,33,33.8,-0.21
07:39:53,"[290.43, 7]","[286.14, 7]","[379.71, 14]","[465.57, 14]",335.07,42,89.29,-0.33
07:39:54,"[137.59, 46]","[139.32, 53]","[348.59, 22]","[456.44, 27]",243.09,148,211.0,0.34
07:39:55,"[165.0, 7]","[0, 0]","[282.2, 20]","[385.68, 22]",223.6,49,117.2,-0.71
07:39:56,"[276.84, 25]","[266.9, 40]","[280.89, 19]","[383.0, 18]",278.87,102,4.05,0.27
07:39:57,"[278.81, 27]","[212.18, 34]","[283.0, 12]","[333.11, 36]",280.91,109,4.19,0.12
07:39:58,"[284.95, 21]","[284.24, 33]","[325.55, 29]","[471.54, 26]",305.25,109,40.6,-0.01
07:39:59,"[289.62, 16]","[288.38, 16]","[491.83, 18]","[595.19, 27]",390.73,77,202.21,-0.17
07:40:00,"[292.11, 37]","[290.96, 25]","[340.12, 50]","[400.62, 24]",316.11,136,48.01,-0.09
07:40:01,"[292.71, 14]","[290.49, 37]","[315.17, 24]","[442.27, 11]",303.94,86,22.45,0.19
07:40:02,"[292.0, 6]","[290.0, 42]","[421.33, 9]","[523.38, 8]",356.67,65,129.33,0.48
07:40:03,"[291.08, 24]","[289.91, 77]","[452.91, 11]","[455.0, 22]",372.0,134,161.83,0.51
07:40:04,"[291.88, 65]","[290.0, 63]","[425.0, 9]","[442.77, 13]",358.44,150,133.12,0.71
07:40:05,"[292.0, 78]","[290.0, 84]","[401.67, 12]","[534.25, 16]",346.83,190,109.67,0.71
07:40:06,"[292.0, 51]","[290.0, 98]","[398.91, 46]","[483.8, 15]",345.46,210,106.91,0.42
07:40:07,"[293.0, 42]","[292.0, 36]","[325.59, 54]","[337.62, 42]",309.3,174,32.59,-0.1
07:40:08,"[293.0, 33]","[292.0, 33]","[323.55, 55]","[400.0, 11]",308.27,132,30.55,0.0
07:40:09,"[293.0, 24]","[292.0, 24]","[321.18, 28]","[333.6, 20]",307.09,96,28.18,0.0
07:40:10,"[293.55, 33]","[292.0, 33]","[317.83, 23]","[318.14, 43]",305.69,132,24.28,0.0
07:40:11,"[297.43, 49]","[292.88, 16]","[314.5, 10]","[317.0, 50]",305.96,125,17.07,0.04
07:40:12,"[298.0, 72]","[295.67, 12]","[313.03, 34]","[316.5, 36]",305.51,154,15.03,0.09
07:40:13,"[298.0, 63]","[296.0, 12]","[311.58, 36]","[317.0, 60]",304.79,171,13.58,-0.12
07:40:14,"[298.0, 60]","[296.0, 12]","[307.74, 50]","[308.93, 42]",302.87,164,9.74,-0.12
07:40:15,"[297.9, 58]","[295.65, 17]","[303.82, 44]","[305.02, 52]",300.86,171,5.92,-0.12
07:40:16,"[294.11, 27]","[294.31, 26]","[301.23, 52]","[302.33, 36]",297.67,141,7.12,-0.25
07:40:17,"[293.0, 21]","[292.0, 21]","[299.32, 31]","[300.24, 25]",296.16,98,6.32,-0.14
07:40:18,"[292.3, 50]","[290.5, 80]","[295.5, 46]","[296.74, 34]",293.9,210,3.2,0.24
07:40:19,"[292.0, 62]","[290.0, 132]","[293.0, 55]","[295.36, 33]",292.5,282,1.0,0.38
07:40:20,"[290.18, 66]","[289.51, 71]","[297.4, 30]","[387.0, 29]",293.79,196,7.22,0.4
07:40:21,"[290.0, 96]","[289.0, 56]","[300.44, 25]","[378.67, 27]",295.22,204,10.44,0.49
07:40:22,"[291.36, 44]","[289.9, 134]","[297.78, 46]","[298.68, 44]",294.57,268,6.42,0.33
07:40:23,"[290.0, 168]","[289.0, 112]","[294.28, 53]","[295.55, 65]",292.14,398,4.28,0.41
07:40:24,"[290.0, 87]","[289.0, 84]","[291.14, 56]","[293.0, 50]",290.57,277,1.14,0.23
07:40:25,"[289.9, 77]","[288.43, 77]","[291.0, 75]","[317.0, 57]",290.45,286,1.1,0.08
07:40:26,"[289.83, 24]","[285.94, 18]","[291.0, 81]","[400.67, 54]",290.42,177,1.17,-0.53
07:40:27,"[289.14, 35]","[287.69, 32]","[290.43, 14]","[400.21, 42]",289.79,123,1.29,0.09
07:40:28,"[287.5, 12]","[284.25, 8]","[305.27, 11]","[334.8, 30]",296.39,61,17.77,-0.34
07:40:29,"[284.0, 8]","[283.0, 8]","[319.14, 28]","[382.25, 28]",301.57,72,35.14,-0.56
07:40:30,"[288.91, 11]","[283.5, 8]","[337.0, 24]","[421.04, 27]",312.95,70,48.09,-0.46
07:40:31,"[293.0, 14]","[285.0, 7]","[408.57, 21]","[465.0, 21]",350.79,63,115.57,-0.33
07:40:32,"[293.0, 20]","[285.0, 10]","[405.38, 24]","[654.68, 31]",349.19,85,112.38,-0.29
07:40:33,"[293.0, 12]","[285.0, 6]","[538.0, 24]","[589.67, 6]",415.5,48,245.0,-0.25
07:40:34,"[290.39, 23]","[286.09, 11]","[383.82, 17]","[525.83, 24]",337.11,75,93.43,-0.09
07:40:35,"[289.04, 25]","[286.09, 11]","[436.42, 19]","[483.83, 18]",362.73,73,147.38,-0.01
07:40:36,"[295.0, 26]","[288.6, 20]","[456.0, 24]","[556.6, 30]",375.5,100,161.0,-0.08
07:40:37,"[298.0, 45]","[289.0, 27]","[452.43, 28]","[564.62, 34]",375.21,134,154.43,0.07
07:40:38,"[298.0, 55]","[289.0, 33]","[398.69, 32]","[579.4, 20]",348.34,140,100.69,0.26
07:40:39,"[294.23, 39]","[288.83, 23]","[350.0, 40]","[567.0, 10]",322.12,112,55.77,0.11
07:40:40,"[294.54, 117]","[293.0, 26]","[492.12, 16]","[600.14, 21]",393.33,180,197.59,0.59
07:40:41,"[295.0, 90]","[293.0, 20]","[410.7, 10]","[569.57, 14]",352.85,134,115.7,0.64
07:40:42,"[295.0, 103]","[293.0, 26]","[397.88, 33]","[430.53, 15]",346.44,177,102.88,0.46
07:40:43,"[295.0, 70]","[293.0, 20]","[331.9, 30]","[391.3, 10]",313.45,130,36.9,0.38
07:40:44,"[295.0, 52]","[293.0, 16]","[330.75, 24]","[437.38, 8]",312.88,100,35.75,0.36
07:40:45,"[295.0, 72]","[293.0, 24]","[328.08, 36]","[356.0, 12]",311.54,144,33.08,0.33
07:40:46,"[295.0, 70]","[293.0, 26]","[326.0, 39]","[438.39, 18]",310.5,153,31.0,0.25
07:40:47,"[294.67, 18]","[291.85, 26]","[325.56, 27]","[340.35, 17]",310.11,88,30.89,0.0
07:40:48,"[292.0, 9]","[290.0, 45]","[323.78, 27]","[325.0, 18]",307.89,99,31.78,0.09
07:40:49,"[292.0, 14]","[290.0, 70]","[321.61, 41]","[322.73, 37]",306.8,162,29.61,0.04
07:40:50,"[293.0, 10]","[292.0, 10]","[317.29, 24]","[318.73, 26]",305.15,70,24.29,-0.43
07:40:51,"[294.4, 10]","[291.29, 14]","[312.5, 26]","[313.85, 26]",303.45,76,18.1,-0.37
07:40:52,"[291.04, 27]","[288.87, 83]","[308.52, 46]","[309.9, 51]",299.78,207,17.48,0.06
07:40:53,"[290.84, 75]","[289.38, 116]","[306.5, 36]","[307.87, 47]",298.67,274,15.66,0.39
07:40:54,"[291.47, 118]","[290.23, 149]","[304.36, 42]","[305.36, 42]",297.91,351,12.89,0.52
07:40:55,"[293.07, 124]","[291.87, 164]","[301.75, 52]","[302.81, 48]",297.41,388,8.68,0.48
07:40:56,"[294.29, 119]","[292.0, 187]","[299.6, 60]","[300.57, 51]",296.95,417,5.31,0.47
07:40:57,"[295.0, 41]","[292.88, 91]","[296.62, 52]","[346.77, 43]",295.81,227,1.62,0.16
07:40:58,"[295.88, 56]","[293.33, 42]","[300.0, 26]","[457.0, 24]",297.94,148,4.12,0.32
07:40:59,"[295.93, 43]","[293.7, 23]","[382.44, 25]","[425.45, 22]",339.19,113,86.51,0.17
07:41:00,"[296.0, 50]","[295.0, 10]","[414.58, 12]","[652.58, 19]",355.29,91,118.58,0.32
07:41:01,"[296.0, 40]","[295.0, 8]","[415.13, 23]","[535.47, 15]",355.57,86,119.13,0.12
07:41:02,"[296.52, 21]","[295.0, 37]","[401.76, 68]","[478.7, 40]",349.14,166,105.24,-0.3
07:41:03,"[297.0, 7]","[295.0, 35]","[398.72, 25]","[470.92, 26]",347.86,93,101.72,-0.1
07:41:04,"[297.0, 10]","[295.0, 10]","[372.93, 28]","[436.12, 42]",334.96,90,75.93,-0.56
07:41:05,"[293.31, 65]","[291.5, 40]","[306.2, 10]","[308.0, 40]",299.75,155,12.89,0.35
07:41:06,"[293.0, 198]","[291.0, 119]","[303.53, 57]","[304.27, 37]",298.26,411,10.53,0.54
07:41:07,"[293.35, 86]","[291.83, 108]","[300.71, 34]","[339.11, 38]",297.03,266,7.36,0.46
07:41:08,"[299.0, 15]","[293.8, 147]","[300.8, 45]","[318.0, 45]",299.9,252,1.8,0.29
07:41:09,"[296.04, 84]","[293.51, 76]","[310.5, 28]","[326.25, 24]",303.27,212,14.46,0.51
07:41:10,"[296.0, 56]","[293.0, 54]","[308.33, 12]","[310.0, 30]",302.17,152,12.33,0.45
07:41:11,"[296.0, 55]","[293.0, 50]","[302.0, 50]","[307.0, 20]",299.0,175,6.0,0.2
07:41:12,"[296.0, 9]","[293.0, 63]","[301.93, 43]","[305.81, 21]",298.97,136,5.93,0.06
07:41:13,"[296.0, 8]","[293.0, 56]","[299.63, 19]","[301.0, 30]",297.82,113,3.63,0.13
07:41:14,"[296.0, 8]","[293.0, 56]","[298.0, 21]","[299.47, 19]",297.0,104,2.0,0.23
07:41:15,"[294.45, 62]","[293.33, 146]","[297.12, 50]","[300.82, 34]",295.79,292,2.67,0.42
07:41:16,"[294.0, 180]","[293.0, 105]","[295.6, 30]","[296.6, 30]",294.8,345,1.6,0.65
07:41:17,"[294.0, 86]","[293.0, 70]","[295.0, 20]","[360.0, 12]",294.5,188,1.0,0.66
07:41:18,"[294.0, 96]","[293.0, 84]","[295.0, 24]","[416.0, 12]",294.5,216,1.0,0.67
07:41:19,"[294.0, 82]","[293.0, 91]","[399.67, 18]","[452.61, 36]",346.83,227,105.67,0.52
07:41:20,"[294.0, 54]","[293.0, 63]","[496.28, 36]","[567.43, 14]",395.14,167,202.28,0.4
07:41:21,"[293.33, 30]","[291.48, 71]","[465.43, 37]","[508.37, 19]",379.38,157,172.1,0.29
07:41:22,"[293.24, 17]","[290.05, 65]","[403.0, 9]","[469.0, 45]",348.12,136,109.76,0.21
07:41:23,"[294.4, 20]","[293.0, 5]","[403.0, 5]","[469.0, 25]",348.7,55,108.6,-0.09
07:41:24,"[296.0, 30]","[293.0, 9]","[451.05, 21]","[492.0, 33]",373.52,93,155.05,-0.16
07:41:25,"[295.75, 8]","[292.2, 10]","[398.67, 15]","[481.83, 12]",347.21,45,102.92,-0.2
07:41:26,"[293.0, 6]","[291.0, 12]","[397.0, 12]","[401.0, 6]",345.0,36,104.0,0.0
07:41:27,"[290.42, 64]","[290.14, 21]","[304.68, 47]","[304.29, 56]",297.55,188,14.26,-0.1
07:41:28,"[290.07, 67]","[289.58, 48]","[294.7, 43]","[295.86, 42]",292.39,200,4.62,0.15
07:41:29,"[289.79, 28]","[288.38, 16]","[293.0, 26]","[294.0, 39]",291.39,109,3.21,-0.19
07:41:30,"[289.0, 11]","[286.0, 88]","[291.45, 22]","[294.0, 33]",290.23,154,2.45,0.29
07:41:31,"[286.13, 76]","[285.5, 64]","[292.64, 39]","[394.67, 54]",289.39,233,6.51,0.2
07:41:32,"[285.0, 104]","[283.0, 104]","[288.47, 47]","[355.72, 39]",286.73,294,3.47,0.41
07:41:33,"[285.0, 120]","[273.31, 26]","[286.2, 49]","[292.97, 69]",285.6,264,1.2,0.11
07:41:34,"[285.0, 88]","[262.08, 24]","[286.48, 42]","[304.17, 48]",285.74,202,1.48,0.11
07:41:35,"[285.07, 58]","[275.92, 76]","[287.0, 65]","[455.3, 40]",286.03,239,1.93,0.12
07:41:36,"[283.91, 66]","[281.19, 125]","[293.74, 61]","[573.47, 34]",288.82,286,9.83,0.34
07:41:37,"[289.0, 18]","[279.89, 57]","[409.37, 35]","[444.64, 25]",349.19,135,120.37,0.11
07:41:38,"[289.0, 14]","[287.0, 14]","[403.54, 26]","[445.22, 18]",346.27,72,114.54,-0.22
07:41:39,"[289.0, 30]","[278.94, 134]","[403.91, 46]","[644.88, 50]",346.46,260,114.91,0.26
07:41:40,"[289.0, 12]","[278.0, 90]","[466.35, 17]","[489.43, 14]",377.68,133,177.35,0.53
07:41:41,"[289.0, 28]","[278.0, 204]","[401.26, 46]","[508.64, 44]",345.13,322,112.26,0.44
07:41:42,"[290.91, 65]","[289.37, 60]","[364.86, 42]","[405.96, 46]",327.88,213,73.95,0.17
07:41:43,"[292.0, 16]","[291.0, 72]","[307.38, 16]","[340.0, 24]",299.69,128,15.38,0.38
07:41:44,"[291.04, 97]","[290.0, 36]","[306.0, 22]","[401.07, 41]",298.52,196,14.96,0.36
07:41:45,"[291.0, 105]","[289.0, 14]","[304.43, 14]","[395.91, 22]",297.71,155,13.43,0.54
07:41:46,"[291.0, 172]","[289.0, 24]","[301.5, 24]","[303.0, 24]",296.25,244,10.5,0.61
07:41:47,"[291.21, 113]","[290.8, 128]","[299.37, 38]","[300.49, 35]",295.29,314,8.16,0.54
07:41:48,"[291.0, 121]","[287.91, 22]","[297.27, 22]","[298.36, 25]",294.14,190,6.27,0.51
07:41:49,"[291.0, 103]","[286.74, 46]","[295.69, 26]","[297.08, 26]",293.35,201,4.69,0.48
07:41:50,"[291.0, 77]","[287.0, 44]","[294.28, 29]","[295.36, 22]",292.64,172,3.28,0.41
07:41:51,"[291.0, 76]","[287.0, 56]","[292.46, 26]","[312.65, 43]",291.73,201,1.46,0.31
07:41:52,"[295.5, 70]","[287.47, 17]","[382.67, 36]","[446.86, 56]",339.08,179,87.17,-0.03
07:41:53,"[294.91, 23]","[288.5, 12]","[360.47, 34]","[410.55, 29]",327.69,98,65.56,-0.29
07:41:54,"[291.0, 5]","[288.0, 10]","[331.6, 25]","[502.0, 20]",311.3,60,40.6,-0.5
07:41:55,"[291.97, 38]","[290.4, 10]","[295.0, 45]","[502.0, 36]",293.49,129,3.03,-0.26
07:41:56,"[298.81, 21]","[295.44, 18]","[496.25, 32]","[534.0, 32]",397.53,103,197.44,-0.24
07:41:57,"[300.0, 24]","[298.0, 40]","[301.31, 13]","[325.2, 40]",300.65,117,1.31,0.09
07:41:58,"[300.0, 5]","[298.0, 12]","[301.8, 10]","[336.71, 17]",300.9,44,1.8,-0.23
07:41:59,"[300.0, 7]","[298.0, 28]","[308.88, 25]","[448.57, 23]",304.44,83,8.88,-0.16
07:42:00,"[298.32, 25]","[295.34, 142]","[371.38, 29]","[444.48, 42]",334.85,238,73.06,0.4
07:42:01,"[298.0, 36]","[295.0, 216]","[350.0, 48]","[387.64, 44]",324.0,344,52.0,0.47
07:42:02,"[298.0, 24]","[295.0, 198]","[462.04, 54]","[508.33, 15]",380.02,291,164.04,0.53
07:42:03,"[298.0, 14]","[295.0, 126]","[375.53, 19]","[505.12, 17]",336.76,176,77.53,0.59
07:42:04,"[298.0, 14]","[295.0, 126]","[360.57, 28]","[442.0, 7]",329.29,175,62.57,0.6
07:42:05,"[295.0, 213]","[291.98, 98]","[358.39, 57]","[381.04, 25]",326.69,393,63.39,0.58
07:42:06,"[295.0, 156]","[292.0, 104]","[364.0, 52]","[389.0, 71]",329.5,383,69.0,0.36
07:42:07,"[295.0, 144]","[293.64, 132]","[361.86, 49]","[387.31, 59]",328.43,384,66.86,0.44
07:42:08,"[296.12, 67]","[294.5, 120]","[381.05, 44]","[515.15, 34]",338.58,265,84.93,0.41
07:42:09,"[295.0, 90]","[294.0, 108]","[503.89, 27]","[584.67, 27]",399.44,252,208.89,0.57
07:42:10,"[295.0, 54]","[294.0, 108]","[349.67, 27]","[504.7, 30]",322.33,219,54.67,0.48
07:42:11,"[295.98, 52]","[294.43, 21]","[328.1, 30]","[383.56, 32]",312.04,135,32.12,0.08
07:42:12,"[296.0, 24]","[295.0, 6]","[326.33, 18]","[439.0, 18]",311.17,66,30.33,-0.09
07:42:13,"[295.95, 21]","[294.29, 17]","[325.0, 6]","[326.0, 18]",310.48,62,29.05,0.23
07:42:14,"[295.0, 9]","[294.0, 108]","[323.27, 11]","[325.88, 25]",309.14,153,28.27,0.53
07:42:15,"[294.0, 112]","[292.0, 182]","[321.79, 42]","[323.0, 14]",307.89,350,27.79,0.68
07:42:16,"[294.0, 112]","[292.0, 182]","[317.32, 31]","[318.62, 53]",305.66,378,23.32,0.56
07:42:17,"[294.0, 111]","[292.0, 156]","[312.29, 48]","[313.78, 18]",303.15,333,18.29,0.6
07:42:18,"[294.01, 146]","[292.22, 169]","[310.02, 47]","[311.38, 45]",302.02,407,16.01,0.55
07:42:19,"[294.0, 114]","[293.0, 42]","[303.34, 56]","[303.94, 33]",298.67,245,9.34,0.27
07:42:20,"[294.0, 87]","[293.0, 36]","[297.91, 34]","[298.25, 52]",295.96,209,3.91,0.18
07:42:21,"[294.88, 57]","[293.84, 61]","[296.0, 9]","[297.07, 43]",295.44,170,1.12,0.39
07:42:22,"[293.76, 59]","[292.22, 65]","[385.16, 49]","[503.32, 41]",339.46,214,91.4,0.16
07:42:23,"[293.89, 36]","[292.56, 25]","[431.52, 29]","[432.26, 47]",362.7,137,137.63,-0.11
07:42:24,"[293.95, 74]","[292.82, 34]","[427.61, 59]","[429.09, 53]",360.78,220,133.66,-0.02
07:42:25,"[294.92, 60]","[293.0, 24]","[381.92, 26]","[408.4, 50]",338.42,160,87.01,0.05
07:42:26,"[295.67, 9]","[293.0, 18]","[328.33, 24]","[329.69, 29]",312.0,80,32.67,-0.33
07:42:27,"[296.5, 10]","[293.0, 29]","[325.0, 34]","[325.75, 32]",310.75,105,28.5,-0.26
07:42:28,"[293.1, 41]","[292.54, 35]","[318.68, 38]","[323.62, 53]",305.89,167,25.59,-0.09
07:42:29,"[292.0, 32]","[291.0, 8]","[304.08, 24]","[318.05, 37]",298.04,101,12.08,-0.21
07:42:30,"[292.0, 32]","[291.0, 8]","[315.75, 16]","[318.0, 40]",303.88,96,23.75,-0.17
07:42:31,"[295.06, 64]","[291.76, 37]","[315.43, 77]","[323.97, 74]",305.25,252,20.37,-0.2
07:42:32,"[299.0, 56]","[292.0, 70]","[311.73, 75]","[313.13, 75]",305.37,276,12.73,-0.09
07:42:33,"[299.0, 22]","[292.0, 44]","[309.55, 55]","[311.18, 55]",304.27,176,10.55,-0.25
07:42:34,"[293.47, 38]","[291.12, 131]","[306.93, 70]","[307.93, 70]",300.2,309,13.45,0.09
07:42:35,"[291.62, 63]","[290.91, 129]","[305.31, 80]","[307.0, 80]",298.47,352,13.69,0.09
07:42:36,"[291.0, 48]","[290.0, 28]","[303.57, 35]","[307.0, 35]",297.29,146,12.57,0.04
07:42:37,"[291.36, 53]","[290.39, 76]","[300.07, 70]","[301.07, 70]",295.71,269,8.71,-0.04
07:42:38,"[290.0, 36]","[289.0, 54]","[296.89, 45]","[298.22, 45]",293.44,180,6.89,0.0
07:42:39,"[289.2, 60]","[288.43, 42]","[293.36, 55]","[295.0, 55]",291.28,212,4.16,-0.04
07:42:40,"[288.86, 43]","[287.75, 48]","[290.29, 70]","[292.43, 70]",289.57,231,1.43,-0.21
07:42:41,"[278.86, 14]","[212.0, 50]","[288.71, 35]","[308.68, 40]",283.79,139,9.86,-0.08
07:42:42,"[272.0, 8]","[205.0, 48]","[284.92, 25]","[286.78, 37]",278.46,118,12.92,-0.05
07:42:43,"[272.0, 10]","[167.27, 15]","[284.11, 28]","[304.4, 50]",278.05,103,12.11,-0.51
07:42:44,"[199.11, 9]","[66.22, 9]","[286.0, 35]","[287.0, 9]",242.56,62,86.89,-0.42
07:42:45,"[159.61, 46]","[136.97, 29]","[290.31, 35]","[350.12, 17]",224.96,127,130.71,0.18
07:42:46,"[214.04, 26]","[209.33, 15]","[300.0, 12]","[377.7, 10]",257.02,63,85.96,0.3
07:42:47,"[289.2, 51]","[272.56, 27]","[299.36, 33]","[322.5, 32]",294.28,143,10.17,0.09
07:42:48,"[292.67, 60]","[290.0, 12]","[298.25, 36]","[428.87, 23]",295.46,131,5.58,0.1
07:42:49,"[293.0, 52]","[287.07, 41]","[296.78, 27]","[362.82, 22]",294.89,142,3.78,0.31
07:42:50,"[293.0, 35]","[287.0, 35]","[295.43, 21]","[296.43, 21]",294.21,112,2.43,0.25
07:42:51,"[293.0, 22]","[287.0, 60]","[294.0, 28]","[386.96, 56]",293.5,166,1.0,-0.01
07:42:52,"[292.14, 7]","[287.3, 27]","[293.8, 15]","[384.81, 26]",292.97,75,1.66,-0.09
07:42:53,"[288.12, 24]","[285.86, 37]","[293.0, 33]","[294.0, 22]",290.56,116,4.88,0.05
07:42:54,"[284.82, 39]","[253.9, 58]","[290.88, 32]","[291.67, 33]",287.85,162,6.05,0.2
07:42:55,"[288.61, 46]","[268.64, 28]","[290.83, 35]","[498.82, 33]",289.72,142,2.22,0.04
07:42:56,"[290.0, 77]","[278.29, 14]","[291.0, 14]","[387.22, 9]",290.5,114,1.0,0.6
07:42:57,"[294.7, 46]","[289.38, 78]","[393.27, 15]","[495.32, 22]",343.98,161,98.57,0.54
07:42:58,"[291.2, 30]","[254.57, 21]","[400.0, 3]","[507.0, 15]",345.6,69,108.8,0.48
07:42:59,"[290.0, 78]","[236.89, 18]","[352.0, 6]","[473.05, 22]",321.0,124,62.0,0.55
07:43:00,"[290.0, 78]","[280.0, 6]","[411.14, 14]","[592.74, 19]",350.57,117,121.14,0.44
07:43:01,"[290.0, 169]","[251.82, 57]","[394.42, 48]","[430.67, 43]",342.21,317,104.42,0.43
07:43:02,"[290.17, 70]","[285.22, 69]","[393.16, 32]","[414.1, 29]",341.66,200,102.98,0.39
07:43:03,"[290.0, 63]","[279.0, 35]","[362.64, 25]","[379.0, 24]",326.32,147,72.64,0.33
07:43:04,"[290.0, 117]","[269.39, 51]","[360.54, 39]","[439.0, 48]",325.27,255,70.54,0.32
07:43:05,"[291.0, 18]","[290.0, 54]","[349.38, 24]","[498.76, 21]",320.19,117,58.38,0.23
07:43:06,"[292.62, 37]","[290.31, 58]","[341.46, 41]","[355.31, 64]",317.04,200,48.84,-0.05
07:43:07,"[294.0, 20]","[293.0, 30]","[338.45, 31]","[342.17, 47]",316.23,128,44.45,-0.22
07:43:08,"[291.54, 13]","[286.54, 41]","[334.86, 35]","[336.14, 28]",313.2,117,43.32,-0.08
07:43:09,"[294.0, 7]","[288.0, 7]","[331.62, 29]","[334.5, 26]",312.81,69,37.62,-0.59
07:43:10,"[294.0, 10]","[288.0, 10]","[332.71, 35]","[334.17, 35]",313.36,90,38.71,-0.56
07:43:11,"[291.69, 13]","[287.19, 43]","[319.42, 31]","[324.56, 36]",305.56,123,27.73,-0.09
07:43:12,"[288.0, 6]","[287.0, 42]","[299.0, 12]","[301.0, 18]",293.5,78,11.0,0.23
07:43:13,"[283.26, 27]","[264.53, 57]","[289.08, 36]","[291.26, 38]",286.17,158,5.82,0.06
07:43:14,"[266.33, 30]","[253.27, 44]","[286.44, 36]","[288.0, 27]",276.39,137,20.11,0.08
07:43:15,"[267.3, 20]","[266.0, 50]","[283.82, 34]","[286.0, 45]",275.56,149,16.52,-0.06
07:43:16,"[269.0, 16]","[266.0, 40]","[281.0, 36]","[284.71, 31]",275.0,123,12.0,-0.09
07:43:17,"[270.75, 16]","[269.75, 16]","[283.57, 21]","[385.14, 22]",277.16,75,12.82,-0.15
07:43:18,"[272.75, 16]","[271.0, 16]","[287.0, 8]","[449.88, 24]",279.88,64,14.25,0.0
07:43:19,"[274.5, 24]","[271.0, 24]","[287.0, 12]","[327.0, 48]",280.75,108,12.5,-0.11
07:43:20,"[275.5, 12]","[271.0, 12]","[287.0, 6]","[327.0, 24]",281.25,54,11.5,-0.11
07:43:21,"[278.85, 26]","[277.31, 26]","[285.59, 17]","[323.0, 40]",282.22,109,6.74,-0.05
07:43:22,"[271.6, 30]","[258.1, 60]","[371.11, 54]","[504.63, 35]",321.36,179,99.51,0.01
07:43:23,"[274.68, 19]","[250.83, 24]","[513.85, 26]","[569.55, 22]",394.27,91,239.16,-0.05
07:43:24,"[299.0, 27]","[291.22, 36]","[406.14, 42]","[488.96, 28]",352.57,133,107.14,-0.05
07:43:25,"[299.0, 29]","[296.32, 59]","[352.77, 52]","[489.53, 45]",325.88,185,53.77,-0.05
07:43:26,"[297.25, 32]","[294.82, 22]","[350.0, 24]","[473.0, 30]",323.62,108,52.75,0.0
07:43:27,"[297.0, 63]","[291.0, 18]","[348.38, 40]","[424.61, 41]",322.69,162,51.38,0.0
07:43:28,"[297.0, 63]","[291.0, 18]","[344.06, 36]","[345.25, 36]",320.53,153,47.06,0.06
07:43:29,"[297.0, 63]","[291.0, 18]","[308.27, 37]","[338.44, 45]",302.64,163,11.27,-0.01
07:43:30,"[297.0, 56]","[291.0, 16]","[305.39, 33]","[310.72, 39]",301.2,144,8.39,0.0
07:43:31,"[297.0, 34]","[291.0, 24]","[303.73, 59]","[305.1, 49]",300.36,166,6.73,-0.3
07:43:32,"[246.46, 52]","[178.22, 49]","[292.06, 62]","[296.26, 61]",269.26,224,45.6,-0.1
07:43:33,"[203.75, 48]","[152.29, 42]","[284.0, 48]","[286.0, 48]",243.88,186,80.25,-0.03
07:43:34,"[212.71, 34]","[177.11, 19]","[284.0, 40]","[286.0, 40]",248.35,133,71.29,-0.2
07:43:35,"[256.0, 8]","[161.35, 23]","[284.0, 14]","[286.0, 32]",270.0,77,28.0,-0.19
07:43:36,"[240.17, 12]","[142.0, 12]","[285.3, 23]","[286.15, 33]",262.74,80,45.14,-0.4
07:43:37,"[225.71, 41]","[183.71, 58]","[365.69, 32]","[366.89, 79]",295.7,210,139.98,-0.06
07:43:38,"[261.5, 30]","[226.66, 29]","[285.0, 30]","[524.8, 40]",273.25,129,23.5,-0.09
07:43:39,"[279.6, 40]","[260.55, 31]","[497.08, 39]","[668.45, 44]",388.34,154,217.48,-0.08
07:43:40,"[292.92, 12]","[291.55, 11]","[364.0, 15]","[774.0, 20]",328.46,58,71.08,-0.21
07:43:41,"[293.0, 24]","[291.0, 24]","[336.68, 28]","[539.62, 40]",314.84,116,43.68,-0.17
07:43:42,"[294.92, 50]","[293.46, 26]","[317.55, 31]","[510.13, 30]",306.23,137,22.63,0.11
07:43:43,"[295.0, 40]","[294.0, 20]","[314.8, 25]","[315.2, 25]",304.9,110,19.8,0.09
07:43:44,"[295.0, 30]","[294.0, 42]","[313.08, 12]","[315.0, 48]",304.04,132,18.08,0.09
07:43:45,"[294.33, 18]","[293.4, 30]","[300.57, 14]","[314.8, 30]",297.45,92,6.24,0.04
07:43:46,"[294.0, 37]","[291.0, 28]","[313.93, 56]","[372.88, 68]",303.96,189,19.93,-0.31
07:43:47,"[294.0, 33]","[291.0, 22]","[313.0, 44]","[414.42, 38]",303.5,137,19.0,-0.2
07:43:48,"[294.0, 27]","[291.0, 18]","[387.54, 35]","[493.25, 28]",340.77,108,93.54,-0.17
07:43:49,"[294.0, 36]","[291.0, 24]","[409.23, 40]","[560.77, 22]",351.61,122,115.23,-0.02
07:43:50,"[294.0, 26]","[291.0, 24]","[399.56, 32]","[406.7, 20]",346.78,102,105.56,-0.02
07:43:51,"[294.66, 53]","[292.07, 28]","[355.23, 56]","[377.44, 54]",324.95,191,60.57,-0.15
07:43:52,"[295.0, 70]","[294.0, 20]","[358.3, 27]","[390.59, 29]",326.65,146,63.3,0.23
07:43:53,"[295.83, 82]","[292.8, 40]","[347.0, 12]","[348.0, 36]",321.41,170,51.17,0.44
07:43:54,"[296.92, 78]","[294.0, 52]","[344.05, 60]","[346.05, 21]",320.49,211,47.13,0.23
07:43:55,"[297.0, 92]","[294.0, 52]","[342.53, 19]","[343.94, 53]",319.76,216,45.53,0.33
07:43:56,"[298.53, 68]","[296.29, 68]","[328.16, 45]","[325.46, 41]",313.34,222,29.63,0.23
07:43:57,"[297.0, 64]","[294.0, 64]","[304.71, 38]","[306.25, 36]",300.86,202,7.71,0.27
07:43:58,"[297.14, 44]","[294.25, 48]","[302.08, 36]","[303.5, 30]",299.61,158,4.95,0.16
07:43:59,"[296.6, 30]","[293.68, 62]","[299.96, 27]","[301.64, 39]",298.28,158,3.36,0.16
07:44:00,"[294.0, 88]","[292.0, 72]","[296.58, 36]","[298.08, 36]",295.29,232,2.58,0.38
07:44:01,"[293.66, 41]","[291.95, 74]","[295.0, 17]","[296.27, 33]",294.33,165,1.34,0.39
07:44:02,"[292.0, 63]","[291.0, 36]","[295.0, 9]","[297.0, 27]",293.5,135,3.0,0.47
07:44:03,"[292.0, 77]","[291.0, 44]","[294.07, 14]","[397.52, 25]",293.04,160,2.07,0.51
07:44:04,"[292.0, 57]","[291.0, 36]","[293.0, 36]","[297.56, 27]",292.5,156,1.0,0.19
07:44:05,"[291.34, 38]","[289.29, 84]","[295.65, 43]","[302.26, 38]",293.5,203,4.31,0.2
07:44:06,"[289.91, 66]","[288.76, 98]","[293.29, 34]","[321.12, 32]",291.6,230,3.39,0.43
07:44:07,"[289.0, 72]","[286.0, 16]","[293.5, 8]","[382.0, 32]",291.25,128,4.5,0.38
07:44:08,"[289.18, 67]","[286.75, 40]","[368.57, 44]","[395.17, 41]",328.87,192,79.39,0.11
07:44:09,"[288.4, 20]","[280.89, 18]","[370.2, 40]","[464.9, 30]",329.3,108,81.8,-0.3
07:44:10,"[247.68, 100]","[240.38, 21]","[422.64, 42]","[527.31, 51]",335.16,214,174.96,0.13
07:44:11,"[246.0, 64]","[161.57, 46]","[282.0, 16]","[287.0, 8]",264.0,134,36.0,0.64
07:44:12,"[251.82, 44]","[184.62, 64]","[342.5, 28]","[603.06, 36]",297.16,172,90.68,0.26
07:44:13,"[235.0, 72]","[118.0, 72]","[284.0, 41]","[415.08, 26]",259.5,211,49.0,0.36
07:44:14,"[235.0, 64]","[106.75, 36]","[284.0, 23]","[332.25, 24]",259.5,147,49.0,0.36
07:44:15,"[237.67, 36]","[235.0, 48]","[296.75, 16]","[515.62, 26]",267.21,126,59.08,0.33
07:44:16,"[258.73, 30]","[216.28, 50]","[301.0, 27]","[439.44, 45]",279.87,152,42.27,0.05
07:44:17,"[247.67, 36]","[230.81, 63]","[395.5, 24]","[549.62, 40]",321.58,163,147.83,0.21
07:44:18,"[265.66, 88]","[240.2, 82]","[394.09, 33]","[560.3, 37]",329.88,240,128.43,0.42
07:44:19,"[276.65, 52]","[262.85, 67]","[392.29, 42]","[485.34, 32]",334.47,193,115.63,0.23
07:44:20,"[293.23, 39]","[292.0, 55]","[373.82, 33]","[450.67, 45]",333.52,172,80.59,0.09
07:44:21,"[296.24, 51]","[294.4, 25]","[442.0, 24]","[572.64, 22]",369.12,122,145.76,0.25
07:44:22,"[297.38, 72]","[295.0, 16]","[374.88, 24]","[550.24, 25]",336.12,137,77.5,0.28
07:44:23,"[298.0, 90]","[295.6, 20]","[338.2, 30]","[369.2, 30]",318.1,170,40.2,0.29
07:44:24,"[298.0, 63]","[297.0, 14]","[322.0, 21]","[436.0, 24]",310.0,122,24.0,0.26
07:44:25,"[298.12, 102]","[294.04, 51]","[417.62, 39]","[542.62, 48]",357.87,240,119.5,0.28
07:44:26,"[299.0, 54]","[298.0, 9]","[393.08, 26]","[424.71, 28]",346.04,117,94.08,0.08
07:44:27,"[299.0, 66]","[298.0, 11]","[389.9, 31]","[418.62, 26]",344.45,134,90.9,0.15
07:44:28,"[299.0, 48]","[298.0, 8]","[407.53, 17]","[410.47, 17]",353.26,90,108.53,0.24
07:44:29,"[299.0, 59]","[298.0, 10]","[317.64, 28]","[406.57, 14]",308.32,111,18.64,0.24
07:44:30,"[299.0, 34]","[298.0, 10]","[300.0, 30]","[457.91, 44]",299.5,118,1.0,-0.25
07:44:31,"[299.38, 26]","[298.68, 22]","[358.59, 37]","[461.14, 42]",328.99,127,59.21,-0.24
07:44:32,"[301.0, 6]","[299.0, 18]","[338.0, 30]","[462.0, 12]",319.5,66,37.0,-0.27
07:44:33,"[301.0, 8]","[299.0, 24]","[411.19, 37]","[471.0, 16]",356.09,85,110.19,-0.25
07:44:34,"[301.0, 9]","[299.0, 27]","[461.0, 45]","[490.79, 33]",381.0,114,160.0,-0.37
07:44:35,"[299.07, 29]","[298.18, 17]","[364.33, 75]","[378.2, 75]",331.7,196,65.26,-0.53
07:44:36,"[299.0, 20]","[298.0, 10]","[347.0, 50]","[507.86, 35]",323.0,115,48.0,-0.48
07:44:37,"[299.0, 12]","[298.0, 6]","[347.0, 30]","[463.5, 30]",323.0,78,48.0,-0.54
07:44:38,"[296.14, 51]","[295.03, 233]","[345.5, 62]","[369.57, 70]",320.82,416,49.36,0.37
07:44:39,"[296.07, 15]","[295.03, 137]","[344.0, 32]","[346.0, 40]",320.03,224,47.93,0.36
07:44:40,"[295.05, 113]","[293.95, 120]","[341.27, 49]","[343.37, 41]",318.16,323,46.21,0.44
07:44:41,"[295.0, 167]","[293.0, 117]","[331.49, 59]","[339.57, 46]",313.25,389,36.49,0.46
07:44:42,"[295.0, 77]","[292.99, 104]","[321.92, 65]","[343.0, 52]",308.46,298,26.92,0.21
07:44:43,"[295.23, 26]","[293.55, 44]","[320.45, 55]","[342.78, 46]",307.84,171,25.22,-0.18
07:44:44,"[295.0, 22]","[293.0, 77]","[318.1, 49]","[329.13, 53]",306.55,201,23.1,-0.01
07:44:45,"[293.09, 46]","[292.44, 16]","[315.49, 41]","[318.76, 49]",304.29,152,22.4,-0.18
07:44:46,"[294.82, 44]","[294.2, 64]","[304.38, 65]","[306.51, 72]",299.6,245,9.57,-0.12
07:44:47,"[295.43, 42]","[294.91, 141]","[300.18, 39]","[300.92, 48]",297.8,270,4.75,0.36
07:44:48,"[295.0, 132]","[293.0, 33]","[298.91, 22]","[300.0, 44]",296.95,231,3.91,0.43
07:44:49,"[295.0, 132]","[293.0, 36]","[296.29, 45]","[307.15, 52]",295.64,265,1.29,0.27
07:44:50,"[294.7, 40]","[292.88, 34]","[316.0, 48]","[428.85, 55]",305.35,177,21.3,-0.16
07:44:51,"[293.0, 21]","[292.0, 14]","[506.67, 15]","[514.29, 31]",399.83,81,213.67,-0.14
07:44:52,"[297.76, 191]","[292.9, 60]","[344.54, 41]","[417.86, 70]",321.15,362,46.77,0.39
07:44:53,"[298.0, 160]","[293.0, 40]","[359.8, 10]","[477.78, 41]",328.9,251,61.8,0.59
07:44:54,"[298.0, 54]","[293.0, 36]","[357.56, 9]","[484.44, 39]",327.78,138,59.56,0.3
07:44:55,"[293.57, 37]","[290.18, 44]","[317.97, 32]","[432.75, 40]",305.77,153,24.4,0.06
07:44:56,"[290.62, 48]","[287.55, 85]","[306.8, 15]","[371.4, 75]",298.71,223,16.18,0.19
07:44:57,"[291.04, 28]","[267.91, 76]","[296.8, 30]","[459.67, 30]",293.92,164,5.76,0.27
07:44:58,"[292.0, 11]","[287.8, 30]","[294.9, 39]","[297.59, 27]",293.45,107,2.9,-0.23
07:44:59,"[292.0, 10]","[291.0, 20]","[454.81, 26]","[465.49, 45]",373.4,101,162.81,-0.41
07:45:00,"[292.0, 8]","[291.0, 16]","[479.57, 37]","[537.11, 28]",385.78,89,187.57,-0.46
07:45:01,"[291.52, 25]","[288.75, 32]","[418.03, 61]","[481.81, 47]",354.78,165,126.51,-0.31
07:45:02,"[295.29, 51]","[291.31, 29]","[391.76, 29]","[413.74, 57]",343.53,166,96.46,-0.04
07:45:03,"[300.0, 63]","[292.0, 27]","[346.56, 36]","[354.97, 30]",323.28,156,46.56,0.15
07:45:04,"[300.0, 66]","[292.0, 39]","[318.64, 45]","[323.66, 41]",309.32,191,18.64,0.1
07:45:05,"[299.28, 25]","[293.14, 49]","[315.12, 32]","[315.22, 36]",307.2,142,15.85,0.04
07:45:06,"[295.98, 66]","[294.98, 58]","[309.37, 65]","[310.22, 41]",302.68,230,13.38,0.08
07:45:07,"[296.28, 75]","[294.72, 50]","[304.67, 43]","[306.62, 21]",300.48,189,8.39,0.32
07:45:08,"[294.0, 26]","[292.0, 48]","[303.42, 24]","[303.9, 20]",298.71,118,9.42,0.25
07:45:09,"[294.0, 32]","[292.0, 48]","[300.17, 36]","[301.1, 20]",297.08,136,6.17,0.18
07:45:10,"[294.0, 35]","[292.0, 84]","[299.06, 34]","[300.04, 68]",296.53,221,5.06,0.08
07:45:11,"[292.57, 35]","[291.81, 31]","[297.09, 11]","[298.67, 15]",294.83,92,4.52,0.43
07:45:12,"[292.0, 55]","[291.0, 11]","[296.09, 35]","[297.27, 11]",294.04,112,4.09,0.18
07:45:13,"[292.0, 55]","[291.0, 11]","[295.72, 39]","[296.33, 18]",293.86,123,3.72,0.07
07:45:14,"[292.0, 55]","[291.0, 11]","[293.36, 44]","[295.0, 22]",292.68,132,1.36,0.0
07:45:15,"[292.0, 17]","[291.0, 9]","[294.27, 22]","[296.27, 11]",293.14,59,2.27,-0.12
07:45:16,"[291.56, 18]","[290.11, 18]","[293.89, 36]","[294.36, 53]",292.72,125,2.33,-0.42
07:45:17,"[291.9, 39]","[290.06, 17]","[293.55, 22]","[349.08, 52]",292.72,130,1.65,-0.14
07:45:18,"[292.0, 27]","[291.0, 9]","[293.89, 36]","[421.55, 38]",292.94,110,1.89,-0.35
07:45:19,"[292.0, 27]","[291.0, 43]","[293.0, 36]","[373.0, 36]",292.5,142,1.0,-0.01
07:45:20,"[291.67, 46]","[290.96, 146]","[488.33, 30]","[578.1, 40]",390.0,262,196.66,0.47
07:45:21,"[271.93, 15]","[254.47, 15]","[549.79, 58]","[614.0, 50]",410.86,138,277.86,-0.57
07:45:22,"[208.78, 9]","[188.56, 9]","[282.0, 50]","[394.12, 32]",245.39,100,73.22,-0.64
07:45:23,"[261.0, 38]","[163.93, 14]","[281.25, 67]","[314.85, 68]",271.13,187,20.25,-0.44
07:45:24,"[281.0, 72]","[243.67, 12]","[282.0, 54]","[429.43, 14]",281.5,152,1.0,0.11
07:45:25,"[281.05, 57]","[268.27, 33]","[283.07, 15]","[285.6, 10]",282.06,115,2.01,0.57
07:45:26,"[281.89, 18]","[280.73, 83]","[284.2, 10]","[286.36, 11]",283.04,122,2.31,0.66
07:45:27,"[281.5, 36]","[280.48, 85]","[286.0, 11]","[288.0, 22]",283.75,154,4.5,0.57
07:45:28,"[283.33, 9]","[280.86, 28]","[286.0, 6]","[288.0, 12]",284.67,55,2.67,0.35
07:45:29,"[283.11, 19]","[271.61, 83]","[287.73, 22]","[343.0, 19]",285.42,143,4.62,0.43
07:45:30,"[284.38, 29]","[270.27, 135]","[287.33, 36]","[299.41, 51]",285.86,251,2.95,0.31
07:45:31,"[285.0, 4]","[271.0, 36]","[288.0, 12]","[385.0, 4]",286.5,56,3.0,0.43
07:45:32,"[286.22, 23]","[273.19, 32]","[301.86, 14]","[426.75, 8]",294.04,77,15.64,0.43
07:45:33,"[286.94, 68]","[286.12, 56]","[571.23, 13]","[743.59, 17]",429.09,154,284.29,0.61
07:45:34,"[291.69, 26]","[290.2, 15]","[627.3, 10]","[701.0, 50]",459.5,101,335.61,-0.19
07:45:35,"[292.16, 19]","[291.53, 17]","[419.2, 25]","[542.76, 29]",355.68,90,127.04,-0.2
07:45:36,"[296.0, 12]","[291.14, 21]","[431.89, 45]","[433.0, 9]",363.94,87,135.89,-0.24
07:45:37,"[300.0, 22]","[294.0, 11]","[423.36, 55]","[439.32, 19]",361.68,107,123.36,-0.38
07:45:38,"[300.0, 16]","[294.0, 8]","[374.5, 24]","[394.0, 40]",337.25,88,74.5,-0.45
07:45:39,"[296.4, 10]","[291.3, 20]","[300.83, 18]","[388.38, 24]",298.62,72,4.43,-0.17
07:45:40,"[293.98, 48]","[290.08, 26]","[299.0, 30]","[300.0, 10]",296.49,114,5.02,0.3
07:45:41,"[293.29, 56]","[290.75, 40]","[299.0, 33]","[300.0, 11]",296.14,140,5.71,0.37
07:45:42,"[291.0, 81]","[290.0, 18]","[298.44, 27]","[432.78, 9]",294.72,135,7.44,0.47
07:45:43,"[291.68, 44]","[290.51, 65]","[316.56, 39]","[430.0, 20]",304.12,168,24.88,0.3
07:45:44,"[295.0, 182]","[292.0, 16]","[343.2, 25]","[354.84, 31]",319.1,254,48.2,0.56
07:45:45,"[294.04, 25]","[291.25, 8]","[322.25, 32]","[324.0, 8]",308.14,73,28.21,-0.1
07:45:46,"[291.0, 36]","[285.25, 81]","[321.1, 51]","[322.5, 24]",306.05,192,30.1,0.22
07:45:47,"[292.46, 82]","[289.69, 26]","[319.09, 35]","[320.6, 20]",305.77,163,26.62,0.33
07:45:48,"[293.79, 75]","[292.97, 116]","[316.88, 64]","[317.88, 34]",305.33,289,23.09,0.32
07:45:49,"[296.0, 60]","[295.18, 51]","[311.42, 48]","[312.92, 48]",303.71,207,15.42,0.07
07:45:50,"[297.92, 48]","[296.16, 38]","[307.53, 19]","[308.24, 34]",302.72,139,9.61,0.24
07:45:51,"[298.0, 36]","[297.0, 9]","[304.56, 9]","[306.0, 36]",301.28,90,6.56,0.0
07:45:52,"[298.0, 36]","[297.0, 9]","[301.7, 33]","[302.33, 12]",299.85,90,3.7,0.0
07:45:53,"[297.07, 27]","[294.82, 11]","[299.0, 8]","[301.0, 32]",298.04,78,1.93,-0.03
07:45:54,"[294.0, 33]","[292.0, 22]","[298.0, 11]","[301.0, 44]",296.0,110,4.0,0.0
07:45:55,"[294.0, 34]","[292.0, 24]","[296.33, 30]","[364.68, 38]",295.17,126,2.33,-0.08
07:45:56,"[294.0, 20]","[292.0, 20]","[295.0, 40]","[395.15, 46]",294.5,126,1.0,-0.37
07:45:57,"[294.0, 28]","[292.0, 28]","[324.12, 48]","[374.7, 54]",309.06,158,30.12,-0.29
07:45:58,"[299.08, 13]","[293.83, 24]","[369.0, 24]","[457.32, 47]",334.04,108,69.92,-0.31
07:45:59,"[300.0, 10]","[294.0, 20]","[357.5, 28]","[418.65, 34]",328.75,92,57.5,-0.35
07:46:00,"[300.0, 9]","[294.0, 18]","[316.38, 29]","[321.03, 33]",308.19,89,16.38,-0.39
07:46:01,"[300.0, 10]","[294.0, 20]","[309.0, 24]","[380.47, 30]",304.5,84,9.0,-0.29
07:46:02,"[300.0, 14]","[294.0, 28]","[310.43, 28]","[406.0, 50]",305.21,120,10.43,-0.3
07:46:03,"[300.0, 12]","[294.0, 24]","[308.53, 34]","[441.14, 44]",304.26,114,8.53,-0.37
07:46:04,"[298.61, 51]","[293.46, 26]","[307.38, 32]","[308.13, 46]",302.99,155,8.77,-0.01
07:46:05,"[299.0, 98]","[296.57, 14]","[304.76, 34]","[306.59, 44]",301.88,190,5.76,0.18
07:46:06,"[297.83, 65]","[294.18, 40]","[301.57, 28]","[304.0, 56]",299.7,189,3.74,0.11
07:46:07,"[294.0, 23]","[292.0, 45]","[300.0, 36]","[301.0, 18]",297.0,122,6.0,0.11
07:46:08,"[294.0, 24]","[292.0, 60]","[297.56, 32]","[299.25, 32]",295.78,148,3.56,0.14
07:46:09,"[294.62, 37]","[293.04, 25]","[296.3, 46]","[297.93, 30]",295.46,138,1.68,-0.1
07:46:10,"[292.12, 43]","[289.87, 39]","[295.49, 45]","[297.47, 34]",293.8,161,3.37,0.02
07:46:11,"[291.0, 15]","[289.0, 15]","[294.69, 13]","[296.0, 12]",292.85,55,3.69,0.09
07:46:12,"[290.5, 48]","[288.8, 40]","[292.8, 35]","[294.73, 45]",291.65,168,2.3,0.05
07:46:13,"[288.86, 21]","[255.44, 25]","[290.44, 27]","[300.22, 27]",289.65,100,1.59,-0.08
07:46:14,"[287.0, 21]","[201.76, 75]","[290.0, 33]","[306.0, 55]",288.5,184,3.0,0.04
07:46:15,"[286.0, 14]","[212.92, 78]","[291.13, 45]","[352.42, 53]",288.57,190,5.13,-0.03
07:46:16,"[184.35, 123]","[180.44, 75]","[289.86, 14]","[309.33, 42]",237.1,254,105.51,0.56
07:46:17,"[229.0, 102]","[175.0, 6]","[287.0, 6]","[297.0, 24]",258.0,138,58.0,0.57
07:46:18,"[277.0, 153]","[175.0, 9]","[283.0, 36]","[287.0, 9]",280.0,207,6.0,0.57
07:46:19,"[277.0, 136]","[180.88, 8]","[282.33, 24]","[283.8, 20]",279.67,188,5.33,0.53
07:46:20,"[246.39, 155]","[157.69, 68]","[281.0, 13]","[283.0, 52]",263.69,288,34.61,0.55
07:46:21,"[206.64, 77]","[204.0, 66]","[281.0, 11]","[283.0, 44]",243.82,198,74.36,0.44
07:46:22,"[235.92, 53]","[213.4, 35]","[283.18, 11]","[298.83, 48]",259.55,147,47.26,0.2
07:46:23,"[237.33, 54]","[213.28, 46]","[287.0, 12]","[288.0, 60]",262.17,172,49.67,0.16
07:46:24,"[239.0, 52]","[175.56, 157]","[287.64, 25]","[316.21, 57]",263.32,291,48.64,0.44
07:46:25,"[273.68, 114]","[212.36, 132]","[285.98, 49]","[338.34, 59]",279.83,354,12.3,0.39
07:46:26,"[285.11, 63]","[283.16, 142]","[454.2, 81]","[572.39, 74]",369.65,360,169.09,0.14
07:46:27,"[287.37, 57]","[284.96, 56]","[356.71, 35]","[404.08, 48]",322.04,196,69.35,0.15
07:46:28,"[289.14, 14]","[287.65, 51]","[354.7, 30]","[461.42, 43]",321.92,138,65.56,-0.06
07:46:29,"[289.88, 34]","[285.09, 96]","[327.76, 63]","[417.97, 62]",308.82,255,37.88,0.02
07:46:30,"[263.65, 43]","[156.66, 131]","[338.05, 43]","[378.24, 55]",300.85,272,74.4,0.28
07:46:31,"[251.34, 44]","[115.77, 118]","[282.0, 36]","[308.4, 40]",266.67,238,30.66,0.36
07:46:32,"[241.0, 8]","[201.14, 37]","[280.67, 18]","[283.5, 24]",260.83,87,39.67,0.03
07:46:33,"[257.15, 20]","[181.0, 7]","[280.0, 8]","[282.0, 12]",268.57,47,22.85,0.15
07:46:34,"[172.68, 37]","[140.12, 93]","[280.31, 26]","[284.53, 57]",226.49,213,107.63,0.22
07:46:35,"[233.0, 32]","[92.5, 40]","[282.0, 8]","[288.0, 48]",257.5,128,49.0,0.12
07:46:36,"[188.53, 19]","[137.44, 32]","[287.86, 42]","[422.02, 41]",238.19,134,99.33,-0.24
07:46:37,"[267.0, 24]","[266.0, 40]","[288.0, 32]","[445.0, 40]",277.5,136,21.0,-0.06
07:46:38,"[266.75, 20]","[259.25, 28]","[288.0, 18]","[348.0, 18]",277.38,84,21.25,0.14
07:46:39,"[240.0, 23]","[99.31, 29]","[287.26, 47]","[297.09, 33]",263.63,132,47.26,-0.21
07:46:40,"[220.57, 14]","[150.31, 55]","[287.0, 70]","[288.0, 42]",253.79,181,66.43,-0.24
07:46:41,"[216.44, 25]","[192.44, 25]","[286.15, 33]","[287.04, 73]",251.3,156,69.71,-0.36
07:46:42,"[221.79, 14]","[209.16, 38]","[285.17, 46]","[286.5, 40]",253.48,138,63.39,-0.25
07:46:43,"[229.29, 21]","[196.22, 27]","[285.55, 22]","[286.75, 40]",257.42,110,56.26,-0.13
07:46:44,"[203.07, 41]","[181.06, 31]","[284.55, 49]","[287.47, 19]",243.81,140,81.48,0.03
07:46:45,"[195.5, 26]","[162.36, 14]","[285.2, 10]","[312.21, 19]",240.35,69,89.7,0.16
07:46:46,"[243.57, 35]","[198.09, 11]","[284.62, 13]","[286.2, 20]",264.09,79,41.04,0.16
07:46:47,"[255.59, 17]","[249.19, 21]","[286.0, 30]","[288.0, 15]",270.79,83,30.41,-0.08
07:46:48,"[258.6, 10]","[257.0, 10]","[282.08, 49]","[283.16, 38]",270.34,107,23.48,-0.63
07:46:49,"[259.53, 17]","[257.32, 19]","[281.83, 66]","[283.36, 56]",270.68,158,22.3,-0.54
07:46:50,"[260.0, 8]","[257.0, 8]","[286.0, 8]","[288.0, 8]",273.0,32,26.0,0.0
07:46:51,"[260.29, 7]","[257.0, 7]","[282.3, 27]","[286.57, 7]",271.29,48,22.01,-0.42
07:46:52,"[262.36, 11]","[261.36, 11]","[281.58, 43]","[282.57, 35]",271.97,100,19.22,-0.56
07:46:53,"[263.88, 8]","[262.75, 8]","[281.0, 24]","[282.0, 40]",272.44,80,17.12,-0.6
07:46:54,"[265.8, 5]","[264.4, 5]","[281.0, 15]","[282.0, 25]",273.4,50,15.2,-0.6
07:46:55,"[270.62, 16]","[268.94, 16]","[281.0, 48]","[282.0, 80]",275.81,160,10.38,-0.6
07:46:56,"[275.15, 13]","[273.85, 13]","[281.23, 31]","[284.14, 56]",278.19,113,6.07,-0.54
07:46:57,"[278.4, 10]","[277.3, 10]","[280.0, 30]","[282.84, 25]",279.2,75,1.6,-0.47
07:46:58,"[279.4, 10]","[262.66, 73]","[283.9, 48]","[285.12, 40]",281.65,171,4.5,-0.03
07:46:59,"[270.78, 23]","[252.19, 72]","[283.0, 58]","[285.0, 79]",276.89,232,12.22,-0.18
07:47:00,"[82.53, 15]","[42.75, 24]","[283.0, 24]","[285.0, 40]",182.77,103,200.47,-0.24
07:47:01,"[48.92, 13]","[45.14, 14]","[283.0, 27]","[284.78, 45]",165.96,99,234.08,-0.45
07:47:02,"[176.46, 13]","[52.65, 34]","[283.0, 23]","[285.0, 55]",229.73,125,106.54,-0.25
07:47:03,"[270.8, 25]","[195.76, 17]","[284.76, 51]","[286.52, 66]",277.78,159,13.96,-0.47
07:47:04,"[284.0, 70]","[254.53, 87]","[286.24, 68]","[287.43, 98]",285.12,323,2.24,-0.03
07:47:05,"[284.85, 53]","[270.11, 95]","[287.0, 96]","[288.0, 121]",285.92,365,2.15,-0.19
07:47:06,"[281.42, 71]","[256.87, 23]","[287.34, 29]","[291.46, 123]",284.38,246,5.92,-0.24
07:47:07,"[281.0, 40]","[267.5, 8]","[286.42, 60]","[297.92, 36]",283.71,144,5.42,-0.33
07:47:08,"[281.0, 50]","[229.88, 50]","[285.48, 46]","[286.5, 80]",283.24,226,4.48,-0.12
07:47:09,"[281.0, 29]","[235.26, 114]","[282.0, 10]","[286.0, 80]",281.5,233,1.0,0.23
07:47:10,"[281.0, 18]","[219.11, 27]","[283.54, 13]","[286.2, 50]",282.27,108,2.54,-0.17
07:47:11,"[281.0, 20]","[266.0, 30]","[286.0, 50]","[287.0, 100]",283.5,200,5.0,-0.5
07:47:12,"[281.0, 24]","[260.29, 42]","[286.0, 60]","[287.0, 120]",283.5,246,5.0,-0.46
07:47:13,"[281.0, 30]","[240.6, 45]","[286.0, 75]","[287.0, 150]",283.5,300,5.0,-0.5
07:47:14,"[281.0, 12]","[265.29, 42]","[286.0, 21]","[287.0, 60]",283.5,135,5.0,-0.2
07:47:15,"[281.0, 12]","[271.0, 90]","[286.0, 12]","[287.0, 60]",283.5,174,5.0,0.17
07:47:16,"[281.0, 14]","[271.0, 105]","[286.43, 21]","[287.08, 65]",283.71,205,5.43,0.16
07:47:17,"[281.0, 18]","[271.0, 135]","[286.93, 60]","[287.69, 51]",283.97,264,5.93,0.16
07:47:18,"[281.0, 20]","[271.0, 150]","[286.87, 46]","[287.91, 44]",283.93,260,5.87,0.31
07:47:19,"[233.69, 137]","[135.59, 17]","[286.0, 30]","[287.0, 20]",259.85,204,52.31,0.51
07:47:20,"[281.0, 60]","[157.39, 128]","[286.0, 33]","[287.0, 25]",283.5,246,5.0,0.53
07:47:21,"[281.0, 35]","[120.86, 79]","[286.0, 14]","[287.0, 21]",283.5,149,5.0,0.53
07:47:22,"[281.86, 37]","[245.27, 55]","[286.0, 18]","[287.0, 27]",283.93,137,4.14,0.34
07:47:23,"[282.0, 48]","[278.25, 60]","[288.0, 26]","[299.38, 37]",285.0,171,6.0,0.26
07:47:24,"[289.0, 54]","[281.91, 43]","[295.41, 34]","[341.75, 32]",292.21,163,6.41,0.19
07:47:25,"[291.57, 70]","[290.5, 80]","[293.92, 39]","[296.53, 57]",292.75,246,2.35,0.22
07:47:26,"[292.91, 33]","[291.0, 66]","[294.0, 33]","[300.0, 44]",293.45,176,1.09,0.12
07:47:27,"[291.33, 58]","[289.86, 56]","[296.7, 30]","[300.0, 48]",294.01,192,5.37,0.19
07:47:28,"[292.0, 7]","[291.0, 42]","[297.0, 14]","[300.0, 28]",294.5,91,5.0,0.08
07:47:29,"[294.75, 88]","[293.17, 46]","[296.71, 34]","[299.64, 44]",295.73,212,1.96,0.26
07:47:30,"[295.37, 68]","[294.32, 57]","[299.0, 34]","[300.0, 68]",297.18,227,3.63,0.1
07:47:31,"[295.14, 7]","[294.0, 28]","[299.0, 14]","[300.0, 28]",297.07,77,3.86,-0.09
07:47:32,"[296.1, 10]","[294.0, 40]","[299.0, 20]","[300.0, 40]",297.55,110,2.9,-0.09
07:47:33,"[293.46, 13]","[286.57, 42]","[299.0, 26]","[300.0, 52]",296.23,133,5.54,-0.17
07:47:34,"[289.0, 7]","[281.49, 43]","[299.0, 14]","[300.0, 28]",294.0,92,10.0,0.09
07:47:35,"[295.0, 48]","[290.67, 18]","[299.0, 16]","[323.29, 28]",297.0,110,4.0,0.2
07:47:36,"[295.0, 36]","[291.0, 18]","[299.0, 12]","[317.43, 7]",297.0,73,4.0,0.48
07:47:37,"[295.0, 48]","[289.07, 14]","[299.0, 16]","[300.0, 8]",297.0,86,4.0,0.44
07:47:38,"[295.0, 54]","[294.0, 21]","[299.0, 18]","[300.0, 9]",297.0,102,4.0,0.47
07:47:39,"[295.0, 57]","[294.0, 73]","[299.0, 26]","[300.0, 13]",297.0,169,4.0,0.54
07:47:40,"[294.67, 18]","[292.36, 22]","[299.0, 20]","[300.0, 10]",296.83,70,4.33,0.14
07:47:41,"[294.0, 7]","[292.0, 21]","[299.0, 14]","[300.0, 7]",296.5,49,5.0,0.14
07:47:42,"[294.0, 7]","[292.0, 21]","[298.17, 24]","[299.17, 12]",296.08,64,4.17,-0.12
07:47:43,"[294.0, 16]","[292.0, 48]","[297.69, 64]","[299.0, 32]",295.84,160,3.69,-0.2
07:47:44,"[294.0, 12]","[292.0, 36]","[295.08, 48]","[302.44, 18]",294.54,114,1.08,-0.16
07:47:45,"[294.0, 13]","[292.0, 39]","[295.0, 52]","[304.0, 33]",294.5,137,1.0,-0.24
07:47:46,"[293.45, 11]","[290.0, 36]","[295.53, 34]","[323.56, 18]",294.49,99,2.07,-0.05
07:47:47,"[295.0, 72]","[291.64, 89]","[303.1, 20]","[340.58, 38]",299.05,219,8.1,0.47
07:47:48,"[296.67, 90]","[295.29, 112]","[300.78, 41]","[302.31, 39]",298.72,282,4.11,0.43
07:47:49,"[297.0, 70]","[296.0, 84]","[299.38, 53]","[300.33, 45]",298.19,252,2.38,0.22
07:47:50,"[296.38, 29]","[295.27, 66]","[298.19, 31]","[300.25, 24]",297.29,150,1.81,0.27
07:47:51,"[294.11, 220]","[292.29, 147]","[297.4, 50]","[306.78, 18]",295.75,435,3.29,0.69
07:47:52,"[294.41, 135]","[293.62, 127]","[305.42, 33]","[308.05, 19]",299.92,314,11.01,0.67
07:47:53,"[295.0, 60]","[294.0, 108]","[304.0, 24]","[309.67, 12]",299.5,204,9.0,0.65
07:47:54,"[295.38, 64]","[294.0, 126]","[303.07, 28]","[309.8, 20]",299.22,238,7.7,0.6
07:47:55,"[294.45, 71]","[293.63, 82]","[303.0, 24]","[311.92, 12]",298.73,189,8.55,0.62
07:47:56,"[294.0, 103]","[292.0, 36]","[296.13, 45]","[299.26, 35]",295.07,219,2.13,0.27
07:47:57,"[292.22, 37]","[287.6, 50]","[295.68, 44]","[300.65, 31]",293.95,162,3.47,0.07
07:47:58,"[292.0, 27]","[287.0, 36]","[295.0, 18]","[306.56, 27]",293.5,108,3.0,0.17
07:47:59,"[292.0, 30]","[289.0, 16]","[295.0, 20]","[306.0, 40]",293.5,106,3.0,-0.13
07:48:00,"[292.0, 27]","[291.0, 9]","[294.89, 18]","[306.0, 36]",293.44,90,2.89,-0.2
07:48:01,"[292.0, 22]","[291.0, 10]","[293.2, 20]","[306.0, 40]",292.6,92,1.2,-0.3
07:48:02,"[287.0, 32]","[283.0, 110]","[292.13, 15]","[306.0, 43]",289.57,200,5.13,0.42
07:48:03,"[287.0, 7]","[283.0, 55]","[302.62, 13]","[340.4, 25]",294.81,100,15.62,0.24
07:48:04,"[291.0, 16]","[287.0, 8]","[306.0, 59]","[590.0, 40]",298.5,123,15.0,-0.61
07:48:05,"[291.95, 42]","[290.79, 19]","[306.0, 90]","[636.4, 30]",298.98,181,14.05,-0.33
07:48:06,"[291.52, 23]","[287.42, 19]","[306.0, 72]","[568.0, 24]",298.76,138,14.48,-0.39
07:48:07,"[286.73, 11]","[283.0, 44]","[288.0, 40]","[306.0, 99]",287.36,194,1.27,-0.43
07:48:08,"[286.0, 3]","[283.33, 6]","[288.0, 15]","[306.0, 15]",287.0,39,2.0,-0.54
07:48:09,"[284.86, 7]","[283.16, 19]","[287.58, 12]","[295.83, 18]",286.22,56,2.73,-0.07
07:48:10,"[284.67, 12]","[283.33, 24]","[286.0, 69]","[287.91, 22]",285.33,127,1.33,-0.43
07:48:11,"[284.04, 23]","[283.06, 17]","[285.89, 71]","[287.17, 24]",284.97,135,1.84,-0.41
07:48:12,"[282.9, 63]","[281.1, 29]","[288.3, 53]","[291.38, 32]",285.6,177,5.4,0.04
07:48:13,"[281.0, 63]","[280.0, 27]","[294.67, 36]","[296.38, 39]",287.83,165,13.67,0.09
07:48:14,"[280.7, 60]","[279.25, 24]","[292.33, 48]","[294.17, 48]",286.52,180,11.63,-0.07
07:48:15,"[281.0, 30]","[280.0, 30]","[292.0, 40]","[296.5, 48]",286.5,148,11.0,-0.19
07:48:16,"[281.45, 33]","[277.43, 42]","[291.27, 44]","[295.0, 55]",286.36,174,9.82,-0.14
07:48:17,"[284.46, 39]","[277.0, 41]","[292.59, 58]","[314.12, 41]",288.52,179,8.12,-0.11
07:48:18,"[286.91, 33]","[276.09, 33]","[295.0, 66]","[557.62, 26]",290.95,158,8.09,-0.16
07:48:19,"[278.0, 30]","[271.5, 30]","[293.0, 48]","[337.0, 30]",285.5,138,15.0,-0.13
07:48:20,"[278.0, 48]","[277.0, 24]","[287.0, 12]","[291.87, 39]",282.5,123,9.0,0.17
07:48:21,"[279.33, 72]","[274.27, 66]","[286.23, 13]","[288.96, 56]",282.78,207,6.9,0.33
07:48:22,"[281.0, 60]","[274.0, 60]","[287.4, 10]","[289.0, 50]",284.2,180,6.4,0.33
07:48:23,"[283.15, 87]","[281.57, 70]","[287.08, 13]","[288.29, 17]",285.11,187,3.93,0.68
07:48:24,"[285.54, 107]","[283.0, 108]","[287.59, 17]","[291.28, 29]",286.57,261,2.05,0.65
07:48:25,"[288.63, 120]","[285.55, 101]","[294.07, 43]","[297.98, 47]",291.35,311,5.44,0.42
07:48:26,"[289.8, 56]","[288.62, 94]","[295.0, 45]","[341.46, 13]",292.4,208,5.2,0.44
07:48:27,"[292.61, 61]","[289.49, 135]","[297.41, 83]","[382.47, 34]",295.01,313,4.8,0.25
07:48:28,"[294.0, 30]","[286.91, 11]","[309.75, 16]","[333.1, 20]",301.88,77,15.75,0.06
07:48:29,"[294.36, 33]","[291.0, 22]","[303.0, 11]","[320.0, 22]",298.68,88,8.64,0.25
07:48:30,"[292.47, 30]","[288.94, 34]","[303.0, 14]","[418.28, 50]",297.73,128,10.53,0.0
07:48:31,"[292.0, 16]","[291.0, 16]","[303.0, 8]","[420.39, 28]",297.5,68,11.0,-0.06
07:48:32,"[293.27, 30]","[291.0, 30]","[303.0, 15]","[439.06, 51]",298.13,126,9.73,-0.05
07:48:33,"[295.52, 21]","[292.54, 26]","[301.38, 13]","[442.64, 47]",298.45,107,5.86,-0.12
07:48:34,"[295.0, 40]","[294.0, 40]","[300.05, 20]","[403.64, 28]",297.52,128,5.05,0.25
07:48:35,"[291.46, 26]","[289.31, 26]","[298.0, 13]","[300.0, 13]",294.73,78,6.54,0.33
07:48:36,"[291.85, 41]","[290.4, 20]","[296.9, 10]","[300.0, 10]",294.38,81,5.05,0.51
07:48:37,"[291.96, 52]","[290.87, 30]","[295.27, 15]","[298.6, 15]",293.61,112,3.31,0.46
07:48:38,"[287.0, 24]","[284.56, 18]","[292.92, 13]","[388.17, 23]",289.96,78,5.92,0.08
07:48:39,"[285.0, 28]","[284.0, 14]","[311.5, 16]","[409.26, 38]",298.25,96,26.5,-0.12
07:48:40,"[289.79, 19]","[284.7, 20]","[300.06, 18]","[484.57, 21]",294.92,78,10.27,0.0
07:48:41,"[285.42, 31]","[284.12, 17]","[289.76, 34]","[348.56, 18]",287.59,100,4.35,-0.04
07:48:42,"[284.08, 25]","[281.04, 68]","[286.0, 30]","[288.0, 10]",285.04,133,1.92,0.4
07:48:43,"[284.36, 25]","[281.26, 70]","[286.91, 33]","[290.8, 15]",285.63,143,2.55,0.33
07:48:44,"[284.0, 12]","[280.97, 39]","[291.0, 18]","[300.0, 6]",287.5,75,7.0,0.36
07:48:45,"[284.8, 50]","[282.86, 21]","[290.48, 29]","[296.54, 13]",287.64,113,5.68,0.26
07:48:46,"[285.0, 50]","[282.0, 20]","[290.0, 30]","[291.0, 10]",287.5,110,5.0,0.27
07:48:47,"[285.0, 45]","[282.0, 18]","[290.36, 25]","[321.0, 11]",287.68,99,5.36,0.27
07:48:48,"[286.0, 45]","[281.85, 13]","[299.0, 9]","[401.0, 27]",292.5,94,13.0,0.23
07:48:49,"[287.0, 30]","[284.0, 6]","[299.0, 6]","[395.8, 20]",293.0,62,12.0,0.16
07:48:50,"[288.0, 65]","[284.0, 13]","[299.0, 13]","[346.4, 25]",293.5,116,11.0,0.34
07:48:51,"[289.0, 60]","[281.1, 92]","[297.6, 20]","[310.5, 16]",293.3,188,8.6,0.62
07:48:52,"[290.06, 85]","[283.0, 39]","[295.08, 79]","[296.19, 32]",292.57,235,5.02,0.06
07:48:53,"[290.15, 66]","[282.21, 34]","[294.48, 66]","[298.0, 28]",292.32,194,4.33,0.03
07:48:54,"[281.0, 26]","[280.0, 13]","[294.54, 26]","[304.12, 25]",287.77,90,13.54,-0.13
07:48:55,"[281.0, 22]","[280.0, 11]","[290.29, 17]","[305.18, 22]",285.65,72,9.29,-0.08
