Time,Bid1,Bid2,Ask1,Ask2,Mid-Price,Total_volume,Bid_ask_spread,Order_imbalance
07:30:00,"[0, 0]","[0, 0]","[516.5, 10]","[0, 0]",258.25,10,516.5,-1.0
07:30:01,"[0, 0]","[0, 0]","[304.0, 8]","[541.0, 10]",152.0,18,304.0,-1.0
07:30:02,"[0, 0]","[0, 0]","[304.0, 4]","[765.0, 5]",152.0,9,304.0,-1.0
07:30:03,"[211.0, 1]","[0, 0]","[304.0, 8]","[394.0, 8]",257.5,17,93.0,-0.88
07:30:04,"[211.0, 2]","[0, 0]","[304.0, 8]","[329.0, 2]",257.5,12,93.0,-0.67
07:30:05,"[211.0, 1]","[0, 0]","[304.0, 4]","[329.0, 1]",257.5,6,93.0,-0.67
07:30:06,"[211.0, 3]","[0, 0]","[304.0, 12]","[311.86, 7]",257.5,22,93.0,-0.73
07:30:07,"[230.67, 6]","[211.0, 1]","[303.14, 14]","[307.57, 14]",266.9,35,72.48,-0.6
07:30:08,"[271.52, 66]","[268.17, 36]","[302.0, 20]","[304.0, 40]",286.76,162,30.48,0.26
07:30:09,"[274.0, 22]","[272.0, 88]","[301.06, 32]","[302.33, 24]",287.53,166,27.06,0.33
07:30:10,"[274.0, 4]","[272.0, 16]","[300.0, 4]","[301.4, 5]",287.0,29,26.0,0.38
07:30:11,"[275.29, 68]","[273.0, 32]","[297.0, 10]","[301.0, 30]",286.15,140,21.71,0.43
07:30:12,"[276.89, 72]","[274.0, 18]","[300.84, 25]","[301.89, 27]",288.86,142,23.95,0.27
07:30:13,"[279.59, 68]","[279.12, 82]","[300.85, 39]","[301.92, 39]",290.22,228,21.26,0.32
07:30:14,"[285.13, 53]","[283.48, 73]","[299.0, 36]","[301.0, 36]",292.07,198,13.87,0.27
07:30:15,"[287.75, 96]","[286.11, 19]","[299.0, 27]","[301.0, 27]",293.38,169,11.25,0.36
07:30:16,"[289.41, 78]","[288.52, 105]","[299.0, 31]","[301.0, 33]",294.21,247,9.59,0.48
07:30:17,"[293.63, 86]","[292.41, 74]","[299.0, 28]","[301.0, 42]",296.31,230,5.37,0.39
07:30:18,"[294.0, 49]","[293.0, 28]","[299.0, 14]","[301.0, 41]",296.5,132,5.0,0.17
07:30:19,"[295.05, 110]","[294.0, 83]","[301.69, 26]","[303.38, 52]",298.37,271,6.64,0.42
07:30:20,"[297.76, 68]","[297.09, 132]","[300.68, 22]","[302.18, 44]",299.22,266,2.92,0.5
07:30:21,"[301.89, 44]","[299.29, 94]","[306.77, 52]","[314.5, 64]",304.33,254,4.88,0.09
07:30:22,"[306.38, 76]","[304.72, 43]","[308.78, 67]","[323.53, 55]",307.58,241,2.39,-0.01
07:30:23,"[307.0, 98]","[306.0, 13]","[308.48, 58]","[319.73, 45]",307.74,214,1.48,0.04
07:30:24,"[306.65, 23]","[305.14, 28]","[307.5, 60]","[311.25, 48]",307.08,159,0.85,-0.36
07:30:25,"[305.25, 24]","[304.33, 54]","[311.89, 54]","[318.5, 48]",308.57,180,6.64,-0.13
07:30:26,"[305.0, 42]","[302.85, 39]","[316.86, 88]","[319.29, 76]",310.93,245,11.86,-0.34
07:30:27,"[303.12, 16]","[293.56, 43]","[313.86, 42]","[316.86, 84]",308.49,185,10.73,-0.36
07:30:28,"[297.97, 37]","[294.2, 15]","[301.0, 20]","[305.08, 50]",299.49,122,3.03,-0.15
07:30:29,"[298.0, 32]","[297.0, 8]","[301.0, 16]","[303.0, 48]",299.5,104,3.0,-0.23
07:30:30,"[298.65, 57]","[290.67, 48]","[301.0, 30]","[302.51, 82]",299.82,217,2.35,-0.03
07:30:31,"[290.68, 31]","[288.15, 47]","[301.0, 15]","[303.0, 60]",295.84,153,10.32,0.02
07:30:32,"[289.0, 8]","[287.0, 20]","[301.0, 4]","[303.0, 24]",295.0,56,12.0,0.0
07:30:33,"[289.0, 6]","[287.0, 30]","[301.0, 6]","[303.0, 36]",295.0,78,12.0,-0.08
07:30:34,"[289.07, 15]","[287.03, 71]","[301.0, 15]","[303.0, 90]",295.03,191,11.93,-0.1
07:30:35,"[290.63, 19]","[287.31, 51]","[301.0, 15]","[303.0, 90]",295.82,175,10.37,-0.2
07:30:36,"[293.42, 74]","[293.27, 55]","[310.63, 49]","[312.69, 52]",302.03,230,17.21,0.12
07:30:37,"[309.98, 48]","[308.86, 147]","[313.55, 58]","[318.77, 26]",311.77,279,3.57,0.4
07:30:38,"[311.85, 26]","[310.0, 130]","[322.0, 13]","[514.55, 55]",316.92,224,10.15,0.39
07:30:39,"[312.0, 13]","[310.0, 82]","[322.0, 7]","[540.83, 29]",317.0,131,10.0,0.45
07:30:40,"[312.0, 11]","[310.0, 132]","[321.37, 19]","[497.03, 29]",316.68,191,9.37,0.5
07:30:41,"[310.71, 28]","[309.85, 122]","[320.5, 36]","[322.0, 12]",315.61,198,9.79,0.52
07:30:42,"[310.0, 80]","[301.0, 11]","[311.62, 39]","[314.64, 28]",310.81,158,1.62,0.15
07:30:43,"[310.09, 35]","[306.1, 40]","[312.0, 44]","[322.0, 11]",311.04,130,1.91,0.15
07:30:44,"[310.0, 44]","[306.87, 45]","[312.0, 33]","[322.0, 11]",311.0,133,2.0,0.34
07:30:45,"[310.0, 28]","[309.0, 21]","[311.71, 21]","[316.55, 11]",310.86,81,1.71,0.21
07:30:46,"[310.0, 22]","[309.0, 21]","[311.86, 21]","[313.65, 17]",310.93,81,1.86,0.06
07:30:47,"[305.59, 17]","[306.0, 9]","[314.0, 15]","[323.0, 5]",309.79,46,8.41,0.13
07:30:48,"[305.0, 35]","[300.0, 7]","[314.0, 21]","[323.0, 7]",309.5,70,9.0,0.2
07:30:49,"[305.0, 65]","[300.0, 13]","[314.0, 39]","[328.65, 17]",309.5,134,9.0,0.16
07:30:50,"[305.0, 35]","[300.0, 7]","[314.0, 21]","[317.4, 15]",309.5,78,9.0,0.08
07:30:51,"[310.75, 16]","[307.33, 24]","[313.98, 46]","[317.26, 34]",312.36,120,3.23,-0.33
07:30:52,"[311.0, 13]","[309.0, 13]","[312.77, 13]","[314.0, 39]",311.88,78,1.77,-0.33
07:30:53,"[308.76, 17]","[306.03, 29]","[313.3, 23]","[315.9, 29]",311.03,98,4.54,-0.06
07:30:54,"[305.0, 50]","[301.33, 30]","[315.2, 30]","[325.0, 10]",310.1,120,10.2,0.33
07:30:55,"[305.0, 90]","[300.89, 76]","[317.0, 54]","[325.0, 18]",311.0,238,12.0,0.39
07:30:56,"[305.0, 40]","[302.0, 16]","[317.0, 24]","[325.0, 8]",311.0,88,12.0,0.27
07:30:57,"[305.85, 66]","[304.86, 86]","[316.04, 78]","[317.17, 46]",310.94,276,10.19,0.1
07:30:58,"[307.31, 64]","[305.0, 96]","[314.57, 40]","[315.53, 68]",310.94,268,7.26,0.19
07:30:59,"[308.84, 76]","[305.0, 114]","[311.13, 63]","[314.35, 51]",309.98,304,2.28,0.25
07:31:00,"[306.77, 78]","[305.05, 114]","[310.14, 35]","[310.58, 19]",308.46,246,3.37,0.56
07:31:01,"[305.36, 28]","[301.23, 78]","[307.18, 40]","[312.31, 16]",306.27,162,1.82,0.31
07:31:02,"[305.0, 33]","[298.0, 77]","[309.0, 11]","[312.0, 55]",307.0,176,4.0,0.25
07:31:03,"[305.48, 23]","[300.74, 46]","[308.6, 10]","[312.0, 50]",307.04,129,3.12,0.07
07:31:04,"[305.47, 43]","[299.35, 78]","[309.12, 24]","[312.31, 68]",307.3,213,3.66,0.14
07:31:05,"[308.59, 39]","[302.77, 44]","[310.0, 51]","[314.12, 85]",309.29,219,1.41,-0.24
07:31:06,"[309.0, 22]","[305.0, 22]","[315.0, 55]","[319.27, 33]",312.0,132,6.0,-0.33
07:31:07,"[309.0, 22]","[305.0, 22]","[315.0, 55]","[320.0, 33]",312.0,132,6.0,-0.33
07:31:08,"[309.0, 30]","[302.22, 41]","[315.0, 75]","[320.0, 45]",312.0,191,6.0,-0.26
07:31:09,"[309.0, 39]","[305.0, 26]","[313.52, 46]","[315.31, 96]",311.26,207,4.52,-0.37
07:31:10,"[309.0, 9]","[305.0, 9]","[312.56, 18]","[315.0, 45]",310.78,81,3.56,-0.56
07:31:11,"[309.0, 10]","[305.0, 10]","[311.3, 20]","[314.2, 50]",310.15,90,2.3,-0.56
07:31:12,"[309.0, 7]","[305.0, 7]","[311.0, 14]","[314.0, 35]",310.0,63,2.0,-0.56
07:31:13,"[307.91, 11]","[298.48, 29]","[311.84, 31]","[313.79, 43]",309.87,114,3.93,-0.3
07:31:14,"[305.0, 12]","[296.0, 84]","[313.58, 60]","[319.0, 12]",309.29,168,8.58,0.14
07:31:15,"[306.55, 185]","[302.72, 83]","[313.9, 61]","[315.34, 41]",310.22,370,7.36,0.45
07:31:16,"[307.92, 166]","[305.0, 234]","[311.17, 18]","[316.03, 75]",309.54,493,3.24,0.62
07:31:17,"[308.29, 85]","[305.0, 221]","[310.53, 17]","[320.0, 80]",309.41,403,2.24,0.52
07:31:18,"[309.0, 55]","[305.0, 169]","[318.23, 35]","[320.94, 34]",313.61,293,9.23,0.53
07:31:19,"[309.43, 56]","[305.94, 136]","[316.19, 64]","[319.47, 60]",312.81,316,6.76,0.22
07:31:20,"[309.73, 37]","[306.43, 101]","[314.74, 47]","[316.71, 35]",312.24,220,5.01,0.25
07:31:21,"[309.23, 26]","[305.85, 130]","[312.05, 22]","[314.02, 61]",310.64,239,2.81,0.31
07:31:22,"[305.53, 104]","[302.54, 105]","[311.0, 18]","[314.0, 60]",308.26,287,5.47,0.46
07:31:23,"[305.39, 38]","[304.43, 168]","[310.04, 27]","[313.25, 32]",307.72,265,4.64,0.55
07:31:24,"[307.0, 11]","[305.0, 23]","[309.54, 26]","[313.1, 40]",308.27,100,2.54,-0.32
07:31:25,"[305.91, 11]","[295.53, 95]","[307.46, 26]","[308.88, 32]",306.69,164,1.55,0.29
07:31:26,"[295.17, 229]","[294.14, 105]","[305.1, 51]","[306.34, 32]",300.14,417,9.92,0.6
07:31:27,"[295.0, 165]","[293.0, 33]","[299.36, 22]","[300.21, 38]",297.18,258,4.36,0.53
07:31:28,"[295.0, 150]","[293.0, 30]","[299.53, 19]","[300.11, 38]",297.26,237,4.53,0.52
07:31:29,"[295.07, 145]","[259.75, 40]","[300.0, 33]","[301.0, 22]",297.53,240,4.93,0.54
07:31:30,"[296.0, 110]","[295.0, 110]","[298.0, 55]","[300.0, 33]",297.0,308,2.0,0.43
07:31:31,"[296.67, 60]","[295.0, 60]","[298.0, 28]","[300.0, 18]",297.33,166,1.33,0.45
07:31:32,"[295.0, 73]","[291.0, 16]","[300.0, 24]","[301.0, 16]",297.5,129,5.0,0.38
07:31:33,"[295.16, 75]","[293.25, 32]","[301.88, 32]","[303.27, 33]",298.52,172,6.71,0.24
07:31:34,"[296.89, 54]","[294.4, 53]","[303.0, 36]","[304.0, 45]",299.94,188,6.11,0.14
07:31:35,"[298.0, 78]","[290.23, 35]","[303.0, 16]","[304.0, 65]",300.5,194,5.0,0.16
07:31:36,"[298.23, 39]","[289.8, 30]","[303.0, 10]","[304.0, 50]",300.62,129,4.77,0.07
07:31:37,"[300.0, 21]","[297.43, 21]","[303.0, 7]","[304.0, 35]",301.5,84,3.0,0.0
07:31:38,"[301.21, 34]","[295.07, 42]","[303.94, 53]","[306.62, 34]",302.57,163,2.74,-0.07
07:31:39,"[302.25, 24]","[292.0, 16]","[304.0, 24]","[305.0, 8]",303.12,72,1.75,0.11
07:31:40,"[303.0, 33]","[292.91, 22]","[310.96, 71]","[357.57, 35]",306.98,161,7.96,-0.32
07:31:41,"[304.0, 33]","[303.0, 27]","[306.26, 19]","[311.89, 45]",305.13,124,2.26,-0.03
07:31:42,"[304.0, 39]","[297.0, 26]","[310.71, 17]","[312.08, 65]",307.35,147,6.71,-0.12
07:31:43,"[305.0, 27]","[297.0, 18]","[310.59, 37]","[312.22, 45]",307.8,127,5.59,-0.29
07:31:44,"[307.18, 33]","[292.91, 22]","[312.78, 54]","[316.3, 46]",309.98,155,5.6,-0.29
07:31:45,"[309.24, 17]","[292.58, 24]","[313.0, 55]","[316.63, 43]",311.12,139,3.76,-0.41
07:31:46,"[310.75, 16]","[293.56, 36]","[312.8, 44]","[315.62, 80]",311.77,176,2.05,-0.41
07:31:47,"[295.79, 24]","[291.73, 22]","[311.64, 11]","[314.76, 46]",303.71,103,15.84,-0.11
07:31:48,"[297.0, 54]","[296.0, 62]","[310.52, 31]","[312.56, 77]",303.76,224,13.52,0.04
07:31:49,"[298.0, 89]","[296.82, 34]","[307.3, 20]","[310.45, 44]",302.65,187,9.3,0.32
07:31:50,"[298.03, 113]","[297.52, 46]","[300.29, 28]","[308.69, 52]",299.16,239,2.26,0.33
07:31:51,"[297.36, 22]","[296.12, 32]","[301.0, 18]","[310.11, 45]",299.18,117,3.64,-0.08
07:31:52,"[297.0, 18]","[296.0, 36]","[303.14, 21]","[320.33, 43]",300.07,118,6.14,-0.08
07:31:53,"[304.84, 80]","[305.4, 130]","[310.0, 70]","[323.36, 42]",307.42,322,5.16,0.3
07:31:54,"[309.0, 11]","[307.0, 198]","[310.0, 55]","[313.0, 33]",309.5,297,1.0,0.41
07:31:55,"[307.26, 62]","[306.96, 150]","[310.0, 52]","[311.5, 24]",308.63,288,2.74,0.47
07:31:56,"[307.0, 162]","[306.0, 18]","[310.0, 36]","[311.0, 18]",308.5,234,3.0,0.54
07:31:57,"[307.0, 126]","[306.0, 42]","[310.59, 29]","[312.33, 18]",308.79,215,3.59,0.56
07:31:58,"[307.71, 118]","[306.71, 102]","[311.0, 39]","[313.0, 27]",309.36,286,3.29,0.54
07:31:59,"[310.0, 33]","[307.0, 126]","[311.0, 14]","[313.0, 21]",310.5,194,1.0,0.64
07:32:00,"[310.0, 27]","[307.0, 162]","[311.0, 18]","[313.0, 27]",310.5,234,1.0,0.62
07:32:01,"[307.0, 122]","[306.0, 54]","[311.0, 18]","[313.0, 27]",309.0,221,4.0,0.59
07:32:02,"[308.21, 33]","[306.9, 58]","[311.0, 10]","[313.0, 15]",309.61,116,2.79,0.57
07:32:03,"[309.09, 53]","[307.01, 157]","[311.0, 26]","[313.0, 39]",310.05,275,1.91,0.53
07:32:04,"[310.0, 20]","[309.0, 4]","[311.0, 8]","[313.0, 12]",310.5,44,1.0,0.09
07:32:05,"[309.89, 46]","[307.24, 74]","[311.0, 28]","[313.0, 42]",310.45,190,1.11,0.26
07:32:06,"[310.0, 12]","[309.0, 12]","[311.0, 24]","[313.0, 36]",310.5,84,1.0,-0.43
07:32:07,"[309.5, 10]","[307.14, 70]","[311.35, 17]","[323.19, 31]",310.43,128,1.85,0.25
07:32:08,"[309.0, 9]","[307.0, 117]","[356.36, 33]","[490.12, 32]",332.68,191,47.36,0.32
07:32:09,"[309.0, 9]","[307.0, 117]","[311.56, 45]","[356.23, 39]",310.28,210,2.56,0.2
07:32:10,"[307.95, 21]","[306.97, 134]","[311.0, 55]","[313.45, 55]",309.48,265,3.05,0.17
07:32:11,"[307.0, 65]","[306.0, 40]","[311.0, 50]","[316.0, 50]",309.0,205,4.0,0.02
07:32:12,"[307.0, 54]","[306.0, 36]","[310.17, 29]","[311.56, 45]",308.59,164,3.17,0.1
07:32:13,"[307.0, 66]","[305.0, 11]","[309.91, 33]","[311.0, 55]",308.45,165,2.91,-0.07
07:32:14,"[307.04, 81]","[305.65, 55]","[310.36, 66]","[316.06, 80]",308.7,282,3.33,-0.04
07:32:15,"[307.0, 78]","[305.0, 51]","[313.64, 55]","[317.71, 85]",310.32,269,6.64,-0.04
07:32:16,"[305.67, 27]","[298.14, 21]","[313.0, 18]","[317.0, 45]",309.33,111,7.33,-0.14
07:32:17,"[305.0, 27]","[293.0, 18]","[310.92, 26]","[314.16, 31]",307.96,102,5.92,-0.12
07:32:18,"[305.5, 18]","[302.82, 33]","[307.75, 48]","[309.0, 24]",306.62,123,2.25,-0.17
07:32:19,"[305.5, 36]","[301.31, 39]","[308.17, 36]","[316.89, 57]",306.83,168,2.67,-0.11
07:32:20,"[299.62, 39]","[292.88, 99]","[305.55, 51]","[312.92, 50]",302.58,239,5.93,0.15
07:32:21,"[293.0, 42]","[291.0, 72]","[303.0, 35]","[308.0, 30]",298.0,179,10.0,0.27
07:32:22,"[293.0, 110]","[291.0, 88]","[300.64, 33]","[305.98, 45]",296.82,276,7.64,0.43
07:32:23,"[293.74, 38]","[292.81, 115]","[298.58, 52]","[300.87, 53]",296.16,258,4.84,0.19
07:32:24,"[294.0, 22]","[291.0, 33]","[302.0, 41]","[306.0, 55]",298.0,151,8.0,-0.27
07:32:25,"[293.88, 25]","[290.68, 25]","[301.0, 39]","[303.33, 45]",297.44,134,7.12,-0.25
07:32:26,"[293.75, 12]","[290.58, 19]","[301.0, 18]","[302.83, 54]",297.38,103,7.25,-0.4
07:32:27,"[294.0, 13]","[290.89, 84]","[301.36, 25]","[302.92, 49]",297.68,171,7.36,0.13
07:32:28,"[294.0, 6]","[291.0, 48]","[301.0, 22]","[302.0, 6]",297.5,82,7.0,0.32
07:32:29,"[294.4, 10]","[291.23, 52]","[301.0, 30]","[302.0, 10]",297.7,102,6.6,0.22
07:32:30,"[296.09, 11]","[294.0, 11]","[301.0, 33]","[302.0, 11]",298.55,66,4.91,-0.33
07:32:31,"[297.7, 10]","[291.23, 13]","[301.0, 30]","[302.0, 10]",299.35,63,3.3,-0.27
07:32:32,"[299.59, 17]","[290.75, 12]","[301.0, 34]","[302.0, 52]",300.29,115,1.41,-0.5
07:32:33,"[288.0, 8]","[286.22, 9]","[297.38, 26]","[302.62, 16]",292.69,59,9.38,-0.42
07:32:34,"[288.0, 6]","[286.0, 6]","[299.67, 18]","[304.81, 21]",293.83,51,11.67,-0.53
07:32:35,"[288.92, 49]","[286.67, 9]","[305.0, 18]","[307.0, 45]",296.96,121,16.08,-0.04
07:32:36,"[289.8, 45]","[286.0, 5]","[304.45, 11]","[306.82, 22]",297.13,83,14.65,0.2
07:32:37,"[290.38, 117]","[286.88, 33]","[303.11, 35]","[305.58, 48]",296.75,233,12.73,0.29
07:32:38,"[291.66, 29]","[290.85, 103]","[304.21, 29]","[306.71, 49]",297.93,210,12.55,0.26
07:32:39,"[294.92, 12]","[292.0, 60]","[304.1, 30]","[305.4, 15]",299.51,117,9.18,0.23
07:32:40,"[296.36, 11]","[291.08, 39]","[299.0, 25]","[305.67, 21]",297.68,96,2.64,0.04
07:32:41,"[298.58, 24]","[293.67, 9]","[300.0, 27]","[305.0, 9]",299.29,69,1.42,-0.04
07:32:42,"[298.95, 39]","[295.67, 9]","[300.88, 17]","[306.17, 12]",299.92,77,1.93,0.25
07:32:43,"[299.62, 32]","[293.12, 17]","[303.08, 25]","[306.79, 28]",301.35,102,3.45,-0.04
07:32:44,"[299.44, 16]","[292.44, 16]","[304.56, 16]","[306.52, 29]",302.0,77,5.12,-0.17
07:32:45,"[301.0, 11]","[300.0, 11]","[306.56, 18]","[307.93, 15]",303.78,55,5.56,-0.2
07:32:46,"[301.86, 7]","[300.0, 7]","[307.0, 14]","[309.0, 7]",304.43,35,5.14,-0.2
07:32:47,"[304.21, 14]","[301.29, 14]","[306.67, 24]","[308.11, 18]",305.44,70,2.45,-0.2
07:32:48,"[304.68, 31]","[299.07, 15]","[306.18, 17]","[309.96, 23]",305.43,86,1.5,0.07
07:32:49,"[305.04, 100]","[296.59, 39]","[306.43, 28]","[312.48, 21]",305.73,188,1.39,0.48
07:32:50,"[307.45, 44]","[305.48, 67]","[312.0, 15]","[313.0, 30]",309.73,156,4.55,0.42
07:32:51,"[310.6, 40]","[306.15, 52]","[312.73, 22]","[468.62, 26]",311.66,140,2.13,0.31
07:32:52,"[310.0, 18]","[307.18, 33]","[313.0, 18]","[659.63, 30]",311.5,99,3.0,0.03
07:32:53,"[310.36, 25]","[309.2, 30]","[313.0, 22]","[416.3, 43]",311.68,120,2.64,-0.08
07:32:54,"[309.43, 14]","[306.48, 23]","[313.0, 12]","[317.0, 12]",311.21,61,3.57,0.21
07:32:55,"[308.27, 33]","[304.06, 51]","[311.54, 26]","[313.09, 22]",309.91,132,3.27,0.27
07:32:56,"[305.0, 45]","[297.0, 45]","[310.0, 45]","[310.86, 37]",307.5,172,5.0,0.05
07:32:57,"[303.15, 39]","[299.11, 44]","[306.94, 34]","[308.27, 33]",305.05,150,3.79,0.11
07:32:58,"[297.0, 30]","[294.0, 30]","[303.38, 37]","[305.12, 42]",300.19,139,6.38,-0.14
07:32:59,"[297.0, 30]","[294.0, 30]","[301.1, 20]","[303.0, 70]",299.05,150,4.1,-0.2
07:33:00,"[297.06, 35]","[294.46, 39]","[301.4, 40]","[303.8, 79]",299.23,193,4.34,-0.23
07:33:01,"[295.0, 45]","[293.83, 29]","[303.0, 70]","[309.0, 30]",299.0,174,8.0,-0.15
07:33:02,"[294.11, 81]","[291.26, 19]","[302.53, 58]","[305.35, 52]",298.32,210,8.42,-0.05
07:33:03,"[295.88, 16]","[293.69, 39]","[298.0, 24]","[301.0, 8]",296.94,87,2.12,0.26
07:33:04,"[296.0, 24]","[290.0, 36]","[299.0, 24]","[302.75, 48]",297.5,132,3.0,-0.09
07:33:05,"[297.86, 102]","[295.22, 23]","[302.0, 11]","[303.0, 77]",299.93,213,4.14,0.17
07:33:06,"[298.57, 70]","[296.0, 14]","[302.0, 7]","[303.0, 49]",300.29,140,3.43,0.2
07:33:07,"[300.81, 64]","[298.5, 88]","[302.25, 28]","[303.25, 112]",301.53,292,1.44,0.04
07:33:08,"[301.33, 150]","[294.0, 90]","[303.13, 75]","[306.58, 90]",302.23,405,1.8,0.19
07:33:09,"[303.0, 80]","[293.0, 48]","[306.0, 8]","[309.0, 24]",304.5,160,3.0,0.6
07:33:10,"[303.4, 50]","[290.11, 27]","[305.0, 5]","[309.0, 15]",304.2,97,1.6,0.59
07:33:11,"[304.0, 76]","[291.0, 24]","[305.0, 8]","[309.0, 24]",304.5,132,1.0,0.52
07:33:12,"[304.0, 48]","[291.0, 18]","[305.0, 6]","[309.0, 18]",304.5,90,1.0,0.47
07:33:13,"[303.17, 94]","[292.59, 49]","[306.41, 17]","[310.08, 39]",304.79,199,3.24,0.44
07:33:14,"[292.0, 56]","[291.0, 24]","[307.15, 26]","[314.25, 24]",299.58,130,15.15,0.23
07:33:15,"[292.0, 103]","[290.67, 36]","[302.05, 60]","[304.07, 60]",297.02,259,10.05,0.07
07:33:16,"[292.0, 40]","[290.0, 10]","[300.5, 16]","[302.45, 22]",296.25,88,8.5,0.14
07:33:17,"[292.3, 70]","[290.0, 29]","[302.0, 20]","[303.0, 50]",297.15,169,9.7,0.17
07:33:18,"[294.33, 63]","[290.0, 81]","[302.0, 18]","[303.0, 45]",298.17,207,7.67,0.39
07:33:19,"[296.0, 91]","[288.41, 68]","[302.0, 26]","[303.0, 65]",299.0,250,6.0,0.27
07:33:20,"[298.14, 98]","[288.62, 96]","[302.0, 28]","[303.0, 70]",300.07,292,3.86,0.33
07:33:21,"[299.71, 95]","[288.51, 129]","[302.0, 28]","[303.0, 70]",300.85,322,2.29,0.39
07:33:22,"[300.0, 44]","[287.0, 165]","[301.53, 15]","[302.59, 34]",300.77,258,1.53,0.62
07:33:23,"[294.99, 67]","[287.6, 165]","[303.87, 46]","[305.48, 61]",299.43,339,8.88,0.37
07:33:24,"[293.59, 34]","[290.9, 50]","[305.68, 66]","[308.26, 77]",299.64,227,12.09,-0.26
07:33:25,"[305.0, 22]","[294.0, 88]","[306.0, 50]","[311.24, 34]",305.5,194,1.0,0.13
07:33:26,"[305.67, 36]","[301.0, 18]","[312.04, 46]","[321.96, 23]",308.86,123,6.38,-0.12
07:33:27,"[307.24, 68]","[305.0, 50]","[312.0, 68]","[317.0, 34]",309.62,220,4.76,0.07
07:33:28,"[308.0, 36]","[305.0, 36]","[311.5, 48]","[319.08, 24]",309.75,144,3.5,0.0
07:33:29,"[308.16, 32]","[306.07, 42]","[310.43, 56]","[322.0, 28]",309.29,158,2.27,-0.06
07:33:30,"[307.67, 45]","[301.62, 64]","[309.13, 60]","[324.93, 30]",308.4,199,1.47,0.1
07:33:31,"[305.0, 31]","[297.0, 297]","[306.81, 43]","[310.81, 31]",305.91,402,1.81,0.63
07:33:32,"[298.03, 31]","[296.91, 110]","[306.16, 19]","[308.57, 14]",302.1,174,8.13,0.62
07:33:33,"[297.0, 216]","[292.0, 16]","[305.52, 21]","[312.32, 19]",301.26,272,8.52,0.71
07:33:34,"[297.0, 270]","[292.0, 20]","[303.1, 41]","[313.3, 23]",300.05,354,6.1,0.64
07:33:35,"[297.0, 270]","[292.0, 20]","[302.87, 46]","[311.08, 26]",299.93,362,5.87,0.6
07:33:36,"[297.0, 405]","[292.0, 30]","[300.32, 25]","[301.52, 23]",298.66,483,3.32,0.8
07:33:37,"[297.0, 192]","[292.0, 16]","[301.0, 12]","[304.0, 16]",299.0,236,4.0,0.76
07:33:38,"[297.0, 218]","[292.0, 16]","[302.42, 26]","[313.71, 17]",299.71,277,5.42,0.69
07:33:39,"[297.0, 92]","[292.0, 8]","[303.0, 12]","[316.0, 8]",300.0,120,6.0,0.67
07:33:40,"[297.0, 276]","[291.48, 29]","[303.0, 36]","[309.17, 35]",300.0,376,6.0,0.62
07:33:41,"[297.0, 230]","[291.92, 39]","[304.74, 19]","[348.77, 22]",300.87,310,7.74,0.74
07:33:42,"[297.0, 161]","[292.0, 28]","[304.0, 21]","[305.0, 7]",300.5,217,7.0,0.74
07:33:43,"[297.29, 217]","[294.75, 80]","[306.25, 32]","[352.14, 28]",301.77,357,8.96,0.66
07:33:44,"[305.0, 37]","[298.0, 160]","[313.0, 16]","[443.8, 25]",309.0,238,8.0,0.66
07:33:45,"[305.0, 123]","[298.0, 300]","[308.14, 44]","[354.67, 30]",306.57,497,3.14,0.7
07:33:46,"[305.85, 33]","[302.45, 55]","[307.0, 32]","[310.0, 16]",306.42,136,1.15,0.29
07:33:47,"[305.0, 30]","[298.0, 120]","[310.0, 12]","[359.0, 6]",307.5,168,5.0,0.79
07:33:48,"[305.83, 145]","[299.62, 130]","[309.1, 40]","[347.1, 21]",307.46,336,3.27,0.64
07:33:49,"[305.9, 100]","[300.69, 65]","[309.0, 28]","[311.0, 14]",307.45,207,3.1,0.59
07:33:50,"[305.75, 59]","[301.35, 115]","[308.83, 48]","[310.11, 36]",307.29,258,3.09,0.35
07:33:51,"[305.78, 49]","[298.75, 128]","[311.22, 54]","[497.44, 54]",308.5,285,5.45,0.24
07:33:52,"[307.94, 34]","[307.3, 30]","[312.0, 72]","[660.0, 40]",309.97,176,4.06,-0.27
07:33:53,"[309.94, 35]","[306.33, 42]","[312.0, 63]","[447.29, 56]",310.97,196,2.06,-0.21
07:33:54,"[309.0, 16]","[305.0, 32]","[312.0, 24]","[590.95, 19]",310.5,91,3.0,0.05
07:33:55,"[309.0, 22]","[305.0, 44]","[312.0, 33]","[346.88, 25]",310.5,124,3.0,0.06
07:33:56,"[309.0, 12]","[305.0, 24]","[312.0, 18]","[318.71, 14]",310.5,68,3.0,0.06
07:33:57,"[309.0, 24]","[305.0, 48]","[311.6, 30]","[313.0, 46]",310.3,148,2.6,-0.03
07:33:58,"[309.13, 30]","[305.15, 54]","[312.25, 40]","[315.53, 51]",310.69,175,3.12,-0.04
07:33:59,"[310.0, 72]","[309.0, 28]","[314.78, 69]","[317.31, 26]",312.39,195,4.78,0.03
07:34:00,"[310.69, 58]","[309.77, 26]","[314.0, 39]","[316.0, 39]",312.34,162,3.31,0.04
07:34:01,"[311.0, 40]","[310.0, 20]","[314.0, 30]","[316.55, 29]",312.5,119,3.0,0.01
07:34:02,"[310.96, 46]","[309.64, 28]","[313.23, 39]","[316.08, 36]",312.09,149,2.27,-0.01
07:34:03,"[310.0, 6]","[309.0, 24]","[313.0, 18]","[315.0, 18]",311.5,66,3.0,-0.09
07:34:04,"[309.75, 16]","[308.69, 52]","[313.0, 39]","[315.0, 39]",311.38,146,3.25,-0.07
07:34:05,"[309.0, 48]","[305.07, 117]","[312.06, 35]","[314.67, 36]",310.53,236,3.06,0.4
07:34:06,"[308.73, 22]","[305.65, 43]","[310.0, 30]","[314.47, 45]",309.36,140,1.27,-0.07
07:34:07,"[306.0, 30]","[305.0, 225]","[309.42, 19]","[311.76, 34]",307.71,308,3.42,0.66
07:34:08,"[305.13, 138]","[304.45, 148]","[307.82, 17]","[313.49, 35]",306.48,338,2.69,0.69
07:34:09,"[305.05, 140]","[303.44, 98]","[315.7, 46]","[318.05, 38]",310.37,322,10.65,0.48
07:34:10,"[305.0, 135]","[297.16, 19]","[317.0, 45]","[322.0, 9]",311.0,208,12.0,0.48
07:34:11,"[305.0, 105]","[297.0, 14]","[317.0, 35]","[322.0, 7]",311.0,161,12.0,0.48
07:34:12,"[305.57, 84]","[303.4, 60]","[317.0, 50]","[322.0, 10]",311.29,204,11.43,0.41
07:34:13,"[309.0, 30]","[305.0, 120]","[317.0, 50]","[322.0, 10]",313.0,210,8.0,0.43
07:34:14,"[309.0, 35]","[305.0, 144]","[316.13, 38]","[317.16, 32]",312.57,249,7.13,0.44
07:34:15,"[309.0, 34]","[305.0, 196]","[314.68, 37]","[315.54, 35]",311.84,302,5.68,0.52
07:34:16,"[309.72, 58]","[305.72, 78]","[311.93, 15]","[314.0, 45]",310.83,196,2.21,0.39
07:34:17,"[309.6, 60]","[305.21, 228]","[313.57, 42]","[318.84, 64]",311.59,394,3.97,0.46
07:34:18,"[309.38, 39]","[305.09, 282]","[312.85, 53]","[318.41, 41]",311.12,415,3.46,0.55
07:34:19,"[309.82, 56]","[305.54, 133]","[311.81, 62]","[313.42, 38]",310.81,289,1.99,0.31
07:34:20,"[310.28, 50]","[309.78, 54]","[313.02, 41]","[320.48, 27]",311.65,172,2.74,0.21
07:34:21,"[310.81, 21]","[309.96, 56]","[319.0, 10]","[321.0, 30]",314.9,117,8.19,0.32
07:34:22,"[310.0, 24]","[309.0, 12]","[319.0, 6]","[321.0, 18]",314.5,60,9.0,0.2
07:34:23,"[310.0, 16]","[309.0, 8]","[319.0, 4]","[321.18, 11]",314.5,39,9.0,0.23
07:34:24,"[310.0, 24]","[309.0, 12]","[319.0, 6]","[322.0, 12]",314.5,54,9.0,0.33
07:34:25,"[311.0, 30]","[309.62, 26]","[319.0, 9]","[322.0, 28]",315.0,93,8.0,0.2
07:34:26,"[310.5, 36]","[309.92, 50]","[319.0, 8]","[322.0, 56]",314.75,150,8.5,0.15
07:34:27,"[310.0, 150]","[309.0, 20]","[318.3, 10]","[321.54, 28]",314.15,208,8.3,0.63
07:34:28,"[310.4, 58]","[310.07, 61]","[318.0, 16]","[321.0, 16]",314.2,151,7.6,0.58
07:34:29,"[313.59, 17]","[312.41, 17]","[316.95, 57]","[319.24, 17]",315.27,108,3.36,-0.37
07:34:30,"[313.45, 11]","[310.16, 95]","[315.27, 22]","[317.0, 23]",314.36,151,1.82,0.4
07:34:31,"[310.02, 183]","[309.37, 41]","[313.0, 26]","[314.0, 44]",311.51,294,2.98,0.52
07:34:32,"[310.0, 182]","[309.0, 26]","[311.41, 59]","[312.18, 34]",310.7,301,1.41,0.38
07:34:33,"[310.0, 91]","[307.07, 58]","[311.0, 40]","[315.29, 21]",310.5,210,1.0,0.42
07:34:34,"[310.0, 45]","[308.06, 17]","[320.6, 50]","[325.17, 30]",315.3,142,10.6,-0.13
07:34:35,"[308.47, 47]","[305.6, 126]","[323.94, 90]","[325.15, 46]",316.21,309,15.48,0.12
07:34:36,"[310.0, 45]","[307.0, 90]","[321.89, 95]","[322.68, 69]",315.95,299,11.89,-0.1
07:34:37,"[310.0, 36]","[307.0, 72]","[319.07, 70]","[321.41, 58]",314.54,236,9.07,-0.08
07:34:38,"[310.0, 39]","[307.0, 78]","[318.18, 85]","[320.31, 61]",314.09,263,8.18,-0.11
07:34:39,"[310.0, 33]","[307.0, 66]","[315.73, 55]","[321.45, 55]",312.86,209,5.73,-0.05
07:34:40,"[310.0, 45]","[307.0, 90]","[313.2, 75]","[322.0, 75]",311.6,285,3.2,-0.05
07:34:41,"[310.67, 54]","[308.0, 54]","[320.25, 60]","[323.09, 33]",315.46,201,9.58,0.07
07:34:42,"[307.97, 37]","[305.42, 114]","[322.98, 41]","[323.76, 21]",315.47,213,15.0,0.42
07:34:43,"[306.35, 74]","[304.85, 156]","[320.08, 25]","[322.08, 61]",313.22,316,13.73,0.46
07:34:44,"[307.15, 82]","[304.37, 73]","[320.0, 28]","[322.0, 70]",313.57,253,12.85,0.23
07:34:45,"[305.31, 175]","[304.61, 66]","[318.15, 61]","[320.33, 24]",311.73,326,12.84,0.48
07:34:46,"[306.0, 197]","[305.0, 187]","[317.31, 36]","[317.8, 55]",311.65,475,11.31,0.62
07:34:47,"[306.0, 121]","[305.0, 121]","[315.33, 15]","[317.0, 50]",310.67,307,9.33,0.58
07:34:48,"[306.05, 104]","[305.13, 82]","[315.0, 50]","[317.0, 20]",310.52,256,8.95,0.45
07:34:49,"[307.0, 50]","[306.0, 110]","[314.59, 22]","[315.88, 32]",310.8,214,7.59,0.5
07:34:50,"[307.92, 65]","[306.13, 63]","[312.15, 13]","[318.44, 36]",310.04,177,4.23,0.45
07:34:51,"[308.75, 60]","[307.0, 12]","[312.0, 12]","[320.0, 48]",310.38,132,3.25,0.09
07:34:52,"[309.31, 65]","[306.14, 58]","[312.0, 13]","[320.0, 52]",310.65,188,2.69,0.31
07:34:53,"[310.41, 85]","[306.0, 170]","[312.0, 17]","[320.0, 68]",311.21,340,1.59,0.5
07:34:54,"[310.81, 36]","[306.07, 112]","[319.83, 46]","[328.24, 75]",315.32,269,9.02,0.1
07:34:55,"[306.41, 61]","[305.66, 143]","[320.59, 51]","[321.85, 119]",313.5,374,14.18,0.09
07:34:56,"[310.06, 54]","[307.44, 18]","[316.72, 54]","[319.0, 54]",313.39,180,6.67,-0.2
07:34:57,"[311.43, 37]","[306.41, 73]","[315.35, 51]","[319.0, 61]",313.39,222,3.92,-0.01
07:34:58,"[310.46, 123]","[306.98, 40]","[314.44, 48]","[319.0, 86]",312.45,297,3.97,0.1
07:34:59,"[310.54, 39]","[306.21, 87]","[317.43, 63]","[319.81, 63]",313.98,252,6.89,0.0
07:35:00,"[309.0, 14]","[306.0, 126]","[317.96, 68]","[320.66, 44]",313.48,252,8.96,0.11
07:35:01,"[309.77, 13]","[306.47, 32]","[317.0, 24]","[318.0, 61]",313.38,130,7.23,-0.31
07:35:02,"[306.22, 41]","[303.73, 63]","[316.04, 69]","[319.22, 74]",311.13,247,9.82,-0.16
07:35:03,"[305.0, 63]","[300.3, 60]","[316.0, 54]","[321.0, 45]",310.5,222,11.0,0.11
07:35:04,"[305.0, 41]","[300.0, 56]","[314.75, 24]","[316.88, 24]",309.88,145,9.75,0.34
07:35:05,"[305.0, 30]","[300.0, 105]","[313.2, 45]","[320.42, 52]",309.1,232,8.2,0.16
07:35:06,"[301.19, 42]","[299.69, 51]","[308.0, 37]","[313.36, 28]",304.6,158,6.81,0.18
07:35:07,"[300.0, 40]","[296.6, 20]","[310.0, 25]","[319.61, 23]",305.0,108,10.0,0.11
07:35:08,"[300.52, 42]","[299.26, 68]","[317.66, 38]","[320.6, 75]",309.09,223,17.13,-0.01
07:35:09,"[301.0, 14]","[300.0, 30]","[312.8, 15]","[314.88, 32]",306.9,91,11.8,-0.03
07:35:10,"[301.0, 26]","[299.77, 26]","[310.23, 39]","[311.18, 38]",305.62,129,9.23,-0.19
07:35:11,"[300.0, 80]","[299.0, 20]","[309.93, 29]","[310.9, 30]",304.97,159,9.93,0.26
07:35:12,"[300.0, 106]","[296.21, 28]","[305.85, 39]","[307.07, 45]",302.92,218,5.85,0.23
07:35:13,"[300.0, 60]","[297.0, 20]","[303.84, 57]","[304.58, 36]",301.92,173,3.84,-0.08
07:35:14,"[300.0, 48]","[297.0, 16]","[303.0, 48]","[304.0, 40]",301.5,152,3.0,-0.16
07:35:15,"[300.0, 54]","[297.0, 18]","[302.1, 30]","[303.17, 29]",301.05,131,2.1,0.1
07:35:16,"[300.0, 33]","[297.0, 20]","[303.16, 25]","[304.93, 40]",301.58,118,3.16,-0.1
07:35:17,"[300.0, 27]","[297.0, 18]","[301.55, 22]","[304.0, 18]",300.77,85,1.55,0.06
07:35:18,"[300.0, 30]","[297.0, 20]","[303.42, 24]","[307.47, 30]",301.71,104,3.42,-0.04
07:35:19,"[300.25, 20]","[298.8, 25]","[306.0, 34]","[314.0, 40]",303.12,119,5.75,-0.24
07:35:20,"[302.55, 11]","[300.0, 57]","[312.86, 42]","[314.85, 53]",307.7,163,10.31,-0.17
07:35:21,"[304.1, 10]","[300.0, 55]","[314.0, 40]","[315.0, 50]",309.05,155,9.9,-0.16
07:35:22,"[305.43, 14]","[296.29, 56]","[314.56, 63]","[381.75, 52]",309.99,185,9.13,-0.24
07:35:23,"[306.0, 7]","[296.0, 28]","[315.0, 35]","[451.64, 11]",310.5,81,9.0,-0.14
07:35:24,"[306.83, 12]","[296.41, 78]","[313.8, 45]","[336.68, 37]",310.32,172,6.97,0.05
07:35:25,"[304.04, 25]","[299.79, 58]","[313.0, 96]","[317.0, 32]",308.52,211,8.96,-0.21
07:35:26,"[306.65, 40]","[297.3, 40]","[312.72, 58]","[314.93, 29]",309.69,167,6.07,-0.04
07:35:27,"[304.83, 29]","[297.83, 24]","[312.69, 39]","[314.5, 36]",308.76,128,7.86,-0.17
07:35:28,"[303.95, 41]","[299.56, 32]","[312.42, 24]","[313.5, 48]",308.18,145,8.47,0.01
07:35:29,"[300.0, 22]","[299.0, 22]","[310.64, 11]","[313.0, 33]",305.32,88,10.64,0.0
07:35:30,"[306.0, 17]","[300.0, 28]","[308.45, 22]","[311.77, 26]",307.23,93,2.45,-0.03
07:35:31,"[305.33, 21]","[299.22, 23]","[307.04, 52]","[309.65, 26]",306.19,122,1.71,-0.28
07:35:32,"[299.0, 22]","[298.0, 33]","[305.85, 34]","[310.14, 59]",302.43,148,6.85,-0.26
07:35:33,"[299.0, 15]","[298.0, 27]","[300.69, 35]","[303.86, 42]",299.84,119,1.69,-0.29
07:35:34,"[298.33, 18]","[297.6, 30]","[300.0, 60]","[301.0, 48]",299.17,156,1.67,-0.38
07:35:35,"[298.53, 17]","[297.04, 27]","[300.0, 42]","[301.0, 48]",299.26,134,1.47,-0.34
07:35:36,"[299.5, 6]","[296.29, 14]","[300.73, 22]","[302.5, 16]",300.11,58,1.23,-0.31
07:35:37,"[300.0, 8]","[292.0, 18]","[301.0, 29]","[304.0, 16]",300.5,71,1.0,-0.27
07:35:38,"[294.14, 14]","[290.44, 18]","[301.0, 22]","[304.0, 18]",297.57,72,6.86,-0.11
07:35:39,"[290.89, 36]","[259.79, 47]","[301.0, 24]","[304.0, 24]",295.94,131,10.11,0.27
07:35:40,"[291.81, 27]","[235.36, 66]","[301.0, 22]","[304.0, 22]",296.41,137,9.19,0.36
07:35:41,"[297.09, 11]","[291.85, 33]","[301.0, 28]","[304.0, 22]",299.05,94,3.91,-0.06
07:35:42,"[298.4, 15]","[292.2, 25]","[302.43, 42]","[305.0, 20]",300.41,102,4.03,-0.22
07:35:43,"[292.0, 14]","[291.0, 28]","[301.56, 18]","[305.33, 24]",296.78,84,9.56,0.0
07:35:44,"[292.0, 11]","[291.0, 22]","[306.0, 11]","[310.0, 54]",299.0,98,14.0,-0.33
07:35:45,"[292.0, 5]","[291.0, 10]","[299.6, 20]","[301.64, 11]",295.8,46,7.6,-0.35
07:35:46,"[292.0, 10]","[291.0, 20]","[299.0, 40]","[300.9, 40]",295.5,110,7.0,-0.45
07:35:47,"[294.13, 105]","[291.87, 15]","[299.0, 56]","[301.0, 56]",296.57,232,4.87,0.03
07:35:48,"[295.0, 120]","[289.19, 48]","[299.0, 60]","[301.0, 60]",297.0,288,4.0,0.17
07:35:49,"[295.0, 72]","[289.0, 18]","[299.0, 36]","[301.0, 36]",297.0,162,4.0,0.11
07:35:50,"[295.0, 112]","[289.0, 28]","[299.0, 56]","[301.0, 56]",297.0,252,4.0,0.11
07:35:51,"[295.94, 64]","[294.65, 68]","[299.24, 37]","[302.47, 43]",297.59,212,3.31,0.25
07:35:52,"[297.29, 84]","[294.89, 111]","[300.5, 32]","[309.73, 44]",298.89,271,3.21,0.44
07:35:53,"[299.28, 76]","[298.09, 112]","[307.0, 19]","[309.06, 69]",303.14,276,7.72,0.36
07:35:54,"[303.55, 53]","[301.38, 39]","[305.5, 14]","[306.8, 35]",304.52,141,1.95,0.3
07:35:55,"[303.63, 30]","[300.51, 35]","[307.07, 42]","[309.27, 26]",305.35,133,3.44,-0.02
07:35:56,"[303.41, 51]","[302.91, 66]","[309.03, 89]","[358.97, 39]",306.22,245,5.62,-0.04
07:35:57,"[305.56, 48]","[305.04, 28]","[312.0, 98]","[552.5, 56]",308.78,230,6.44,-0.34
07:35:58,"[309.25, 36]","[306.75, 44]","[312.0, 42]","[319.0, 56]",310.62,178,2.75,-0.1
07:35:59,"[310.23, 52]","[309.0, 32]","[313.58, 53]","[327.74, 39]",311.91,176,3.35,-0.05
07:36:00,"[310.0, 25]","[306.0, 5]","[312.0, 25]","[320.0, 20]",311.0,75,2.0,-0.2
07:36:01,"[310.0, 44]","[306.0, 10]","[312.0, 50]","[320.0, 40]",311.0,144,2.0,-0.25
07:36:02,"[310.0, 18]","[306.0, 9]","[311.22, 45]","[313.49, 43]",310.61,115,1.22,-0.53
07:36:03,"[302.0, 28]","[298.0, 18]","[310.0, 50]","[311.6, 50]",306.0,146,8.0,-0.37
07:36:04,"[296.8, 40]","[293.66, 82]","[305.7, 74]","[307.33, 90]",301.25,286,8.9,-0.15
07:36:05,"[297.42, 24]","[293.0, 65]","[307.07, 15]","[322.0, 59]",302.24,163,9.65,0.09
07:36:06,"[310.0, 12]","[303.33, 12]","[319.96, 23]","[495.56, 18]",314.98,65,9.96,-0.26
07:36:07,"[310.0, 14]","[306.0, 14]","[312.86, 21]","[320.11, 27]",311.43,76,2.86,-0.26
07:36:08,"[310.0, 16]","[306.0, 32]","[312.0, 24]","[313.0, 24]",311.0,96,2.0,0.0
07:36:09,"[308.17, 41]","[305.18, 78]","[311.93, 45]","[315.4, 50]",310.05,214,3.76,0.11
07:36:10,"[305.81, 47]","[300.38, 42]","[309.88, 16]","[317.65, 74]",307.84,179,4.07,-0.01
07:36:11,"[303.0, 36]","[296.0, 18]","[304.0, 10]","[312.0, 12]",303.5,76,1.0,0.42
07:36:12,"[303.0, 50]","[296.0, 22]","[314.89, 36]","[320.27, 37]",308.94,145,11.89,-0.01
07:36:13,"[303.0, 20]","[296.0, 10]","[321.0, 16]","[464.32, 19]",312.0,65,18.0,-0.08
07:36:14,"[303.0, 40]","[295.25, 24]","[316.2, 35]","[318.43, 35]",309.6,134,13.2,-0.04
07:36:15,"[303.92, 48]","[297.04, 54]","[313.66, 47]","[316.11, 57]",308.79,206,9.74,-0.01
07:36:16,"[306.0, 39]","[302.92, 52]","[314.77, 26]","[318.08, 52]",310.38,169,8.77,0.08
07:36:17,"[306.0, 27]","[302.0, 36]","[313.44, 18]","[320.0, 32]",309.72,113,7.44,0.12
07:36:18,"[306.0, 39]","[302.0, 52]","[310.31, 26]","[312.19, 27]",308.15,144,4.31,0.26
07:36:19,"[306.0, 27]","[302.47, 15]","[309.0, 18]","[310.0, 18]",307.5,78,3.0,0.08
07:36:20,"[306.06, 34]","[302.09, 54]","[307.77, 26]","[311.46, 26]",306.91,140,1.71,0.26
07:36:21,"[307.24, 42]","[306.56, 25]","[311.79, 19]","[318.84, 57]",309.51,143,4.55,-0.06
07:36:22,"[308.0, 45]","[307.0, 63]","[315.79, 19]","[321.76, 75]",311.89,202,7.79,0.07
07:36:23,"[308.17, 48]","[307.24, 41]","[315.0, 10]","[322.3, 50]",311.58,149,6.83,0.19
07:36:24,"[309.43, 97]","[308.07, 89]","[314.4, 20]","[319.14, 70]",311.92,276,4.97,0.35
07:36:25,"[310.79, 57]","[309.61, 46]","[316.28, 29]","[321.36, 55]",313.53,187,5.49,0.1
07:36:26,"[311.0, 48]","[310.0, 52]","[317.0, 39]","[318.38, 65]",314.0,204,6.0,-0.02
07:36:27,"[311.67, 45]","[310.0, 60]","[316.16, 57]","[317.29, 51]",313.91,213,4.49,-0.01
07:36:28,"[312.67, 36]","[310.0, 48]","[315.42, 48]","[317.0, 36]",314.04,168,2.75,0.0
07:36:29,"[313.0, 29]","[310.0, 52]","[315.0, 52]","[318.16, 43]",314.0,176,2.0,-0.08
07:36:30,"[310.6, 40]","[308.5, 32]","[314.12, 32]","[322.0, 60]",312.36,164,3.52,-0.12
07:36:31,"[310.0, 47]","[307.0, 26]","[313.1, 41]","[317.58, 48]",311.55,162,3.1,-0.1
07:36:32,"[309.17, 36]","[306.36, 55]","[311.85, 66]","[315.8, 50]",310.51,207,2.68,-0.12
07:36:33,"[307.4, 50]","[306.04, 109]","[310.78, 77]","[313.54, 71]",309.09,307,3.38,0.04
07:36:34,"[307.51, 89]","[305.62, 127]","[313.83, 84]","[320.49, 90]",310.67,390,6.33,0.11
07:36:35,"[308.73, 11]","[307.0, 22]","[321.0, 33]","[326.2, 30]",314.86,96,12.27,-0.31
07:36:36,"[310.5, 30]","[307.46, 26]","[321.0, 45]","[323.0, 30]",315.75,131,10.5,-0.15
07:36:37,"[311.48, 48]","[310.65, 20]","[321.0, 48]","[323.0, 32]",316.24,148,9.52,-0.08
07:36:38,"[312.25, 24]","[311.0, 8]","[320.0, 29]","[322.41, 17]",316.12,78,7.75,-0.18
07:36:39,"[313.0, 48]","[311.0, 16]","[319.87, 46]","[320.53, 38]",316.43,148,6.87,-0.14
07:36:40,"[313.56, 48]","[311.0, 16]","[317.56, 16]","[320.67, 36]",315.56,116,4.0,0.1
07:36:41,"[308.6, 121]","[307.62, 26]","[314.47, 15]","[321.0, 30]",311.53,192,5.87,0.53
07:36:42,"[308.0, 118]","[307.0, 28]","[311.57, 14]","[314.93, 15]",309.79,175,3.57,0.67
07:36:43,"[308.0, 87]","[307.0, 28]","[312.29, 14]","[319.59, 34]",310.14,163,4.29,0.41
07:36:44,"[308.28, 50]","[307.08, 96]","[317.72, 36]","[321.1, 42]",313.0,224,9.44,0.3
07:36:45,"[307.05, 40]","[305.96, 139]","[315.82, 68]","[322.85, 62]",311.44,309,8.77,0.16
07:36:46,"[311.67, 24]","[308.63, 54]","[317.0, 45]","[329.0, 27]",314.33,150,5.33,0.04
07:36:47,"[315.83, 24]","[314.0, 96]","[317.0, 60]","[393.92, 39]",316.42,219,1.17,0.1
07:36:48,"[316.0, 10]","[312.0, 35]","[317.0, 25]","[493.0, 25]",316.5,95,1.0,-0.05
07:36:49,"[316.0, 10]","[312.0, 35]","[317.0, 22]","[331.0, 25]",316.5,92,1.0,-0.02
07:36:50,"[312.22, 74]","[310.33, 69]","[317.0, 24]","[328.0, 52]",314.61,219,4.78,0.31
07:36:51,"[312.0, 63]","[311.0, 72]","[317.0, 18]","[318.0, 27]",314.5,180,5.0,0.5
07:36:52,"[312.0, 35]","[311.0, 40]","[317.0, 10]","[318.0, 15]",314.5,100,5.0,0.5
07:36:53,"[312.0, 49]","[311.0, 62]","[317.0, 14]","[318.0, 21]",314.5,146,5.0,0.52
07:36:54,"[312.0, 63]","[311.0, 90]","[315.78, 45]","[317.0, 18]",313.89,216,3.78,0.42
07:36:55,"[312.0, 56]","[311.0, 80]","[314.12, 40]","[317.0, 16]",313.06,192,2.12,0.42
07:36:56,"[312.0, 72]","[311.0, 160]","[314.21, 70]","[319.4, 43]",313.11,345,2.21,0.34
07:36:57,"[311.63, 19]","[310.98, 121]","[318.0, 39]","[324.0, 26]",314.82,205,6.37,0.37
07:36:58,"[311.0, 56]","[308.0, 8]","[318.75, 24]","[324.0, 16]",314.88,104,7.75,0.23
07:36:59,"[311.0, 28]","[308.0, 4]","[320.0, 12]","[324.0, 8]",315.5,52,9.0,0.23
07:37:00,"[311.0, 98]","[308.0, 14]","[320.0, 42]","[329.37, 38]",315.5,192,9.0,0.17
07:37:01,"[311.0, 67]","[308.0, 10]","[320.0, 30]","[326.0, 10]",315.5,117,9.0,0.32
07:37:02,"[311.0, 40]","[308.0, 10]","[319.78, 27]","[322.62, 16]",315.39,93,8.78,0.08
07:37:03,"[311.0, 24]","[308.0, 14]","[318.64, 28]","[320.0, 42]",314.82,108,7.64,-0.3
07:37:04,"[311.0, 10]","[308.0, 10]","[314.64, 22]","[316.21, 28]",312.82,70,3.64,-0.43
07:37:05,"[307.47, 45]","[306.62, 111]","[310.8, 30]","[316.15, 48]",309.13,234,3.33,0.33
07:37:06,"[307.12, 100]","[304.89, 57]","[309.36, 22]","[311.74, 23]",308.24,202,2.24,0.55
07:37:07,"[307.03, 158]","[303.72, 64]","[311.52, 25]","[318.44, 16]",309.27,263,4.49,0.69
07:37:08,"[307.0, 129]","[302.0, 39]","[316.38, 37]","[318.18, 17]",311.69,222,9.38,0.51
07:37:09,"[307.75, 24]","[306.5, 60]","[316.0, 24]","[317.0, 8]",311.88,116,8.25,0.45
07:37:10,"[310.0, 15]","[307.0, 135]","[314.73, 45]","[316.4, 15]",312.37,210,4.73,0.43
07:37:11,"[310.0, 10]","[307.0, 42]","[312.2, 30]","[316.1, 10]",311.1,92,2.2,0.13
07:37:12,"[310.0, 10]","[307.0, 30]","[311.4, 30]","[317.0, 10]",310.7,80,1.4,0.0
07:37:13,"[306.23, 109]","[303.21, 57]","[309.96, 46]","[311.36, 44]",308.09,256,3.73,0.3
07:37:14,"[306.0, 116]","[301.0, 36]","[307.0, 36]","[314.0, 15]",306.5,203,1.0,0.5
07:37:15,"[306.0, 65]","[301.0, 30]","[311.41, 29]","[317.2, 25]",308.71,149,5.41,0.28
07:37:16,"[306.0, 80]","[301.0, 48]","[314.94, 68]","[317.43, 28]",310.47,224,8.94,0.14
07:37:17,"[306.19, 43]","[303.44, 41]","[317.0, 44]","[320.0, 31]",311.59,159,10.81,0.06
07:37:18,"[311.15, 53]","[309.77, 43]","[317.0, 56]","[320.0, 14]",314.08,166,5.85,0.16
07:37:19,"[312.0, 32]","[311.0, 24]","[317.0, 32]","[320.0, 8]",314.5,96,5.0,0.17
07:37:20,"[313.36, 28]","[312.27, 41]","[317.0, 44]","[320.0, 11]",315.18,124,3.64,0.11
07:37:21,"[315.0, 20]","[313.0, 40]","[317.0, 40]","[320.0, 10]",316.0,110,2.0,0.09
07:37:22,"[315.0, 17]","[311.0, 39]","[317.0, 52]","[320.0, 13]",316.0,121,2.0,-0.07
07:37:23,"[312.21, 107]","[310.57, 37]","[317.0, 52]","[320.0, 13]",314.6,209,4.79,0.38
07:37:24,"[313.0, 165]","[311.0, 45]","[317.0, 60]","[320.0, 15]",315.0,285,4.0,0.47
07:37:25,"[313.0, 143]","[311.0, 39]","[318.17, 46]","[321.69, 13]",315.59,241,5.17,0.51
07:37:26,"[313.0, 154]","[311.0, 42]","[318.41, 51]","[319.93, 29]",315.71,276,5.41,0.42
07:37:27,"[313.0, 103]","[311.0, 33]","[315.65, 40]","[317.0, 37]",314.32,213,2.65,0.28
07:37:28,"[313.0, 38]","[311.0, 45]","[318.9, 60]","[320.67, 73]",315.95,216,5.9,-0.23
07:37:29,"[313.0, 10]","[310.25, 20]","[320.0, 30]","[321.0, 50]",316.5,110,7.0,-0.45
07:37:30,"[313.0, 10]","[308.0, 10]","[319.0, 30]","[321.8, 50]",316.0,100,6.0,-0.6
07:37:31,"[307.64, 28]","[306.21, 28]","[319.0, 24]","[323.0, 40]",313.32,120,11.36,-0.07
07:37:32,"[307.0, 40]","[306.0, 40]","[318.88, 24]","[323.0, 40]",312.94,144,11.88,0.11
07:37:33,"[310.74, 39]","[309.23, 71]","[316.71, 51]","[323.06, 85]",313.72,246,5.96,-0.11
07:37:34,"[313.0, 14]","[311.0, 56]","[314.79, 42]","[321.38, 56]",313.89,168,1.79,-0.17
07:37:35,"[311.0, 52]","[307.0, 80]","[319.94, 50]","[323.56, 62]",315.47,244,8.94,0.08
07:37:36,"[311.0, 24]","[307.0, 105]","[325.0, 60]","[327.0, 36]",318.0,225,14.0,0.15
07:37:37,"[311.0, 16]","[307.0, 112]","[325.0, 40]","[327.0, 24]",318.0,192,14.0,0.33
07:37:38,"[311.0, 24]","[307.0, 168]","[325.0, 60]","[327.0, 36]",318.0,288,14.0,0.33
07:37:39,"[307.44, 73]","[306.59, 61]","[325.0, 45]","[327.0, 27]",316.22,206,17.56,0.3
07:37:40,"[308.15, 146]","[306.6, 99]","[322.04, 85]","[325.81, 67]",315.09,397,13.88,0.23
07:37:41,"[307.65, 118]","[306.28, 133]","[323.93, 56]","[325.03, 99]",315.79,406,16.28,0.24
07:37:42,"[310.0, 23]","[307.0, 169]","[320.69, 26]","[323.31, 35]",315.35,253,10.69,0.52
07:37:43,"[310.0, 8]","[307.0, 76]","[320.2, 10]","[321.58, 19]",315.1,113,10.2,0.49
07:37:44,"[310.0, 11]","[307.0, 99]","[319.64, 11]","[321.0, 33]",314.82,154,9.64,0.43
07:37:45,"[310.0, 48]","[307.0, 162]","[317.78, 18]","[320.35, 62]",313.89,290,7.78,0.45
07:37:46,"[310.56, 63]","[308.73, 85]","[317.0, 11]","[319.0, 66]",313.78,225,6.44,0.32
07:37:47,"[311.0, 60]","[310.0, 84]","[315.25, 12]","[320.19, 63]",313.12,219,4.25,0.32
07:37:48,"[311.0, 70]","[310.0, 98]","[313.15, 27]","[316.39, 18]",312.07,213,2.15,0.58
07:37:49,"[311.0, 60]","[310.0, 84]","[312.33, 24]","[315.0, 12]",311.67,180,1.33,0.6
07:37:50,"[311.0, 50]","[310.0, 77]","[312.0, 22]","[322.68, 41]",311.5,190,1.0,0.34
07:37:51,"[310.2, 61]","[308.0, 56]","[323.16, 57]","[325.28, 36]",316.68,210,12.96,0.11
07:37:52,"[310.0, 98]","[306.0, 56]","[324.0, 70]","[325.0, 28]",317.0,252,14.0,0.22
07:37:53,"[310.0, 56]","[306.0, 32]","[324.0, 40]","[325.0, 16]",317.0,144,14.0,0.22
07:37:54,"[310.0, 56]","[306.0, 32]","[319.96, 24]","[322.69, 39]",314.98,151,9.96,0.17
07:37:55,"[307.12, 16]","[304.33, 24]","[311.0, 13]","[322.89, 38]",309.06,91,3.88,-0.12
07:37:56,"[303.86, 43]","[301.72, 25]","[313.8, 20]","[325.67, 48]",308.83,136,9.94,0.0
07:37:57,"[302.2, 10]","[300.25, 16]","[322.78, 18]","[326.38, 53]",312.49,97,20.58,-0.46
07:37:58,"[301.0, 8]","[300.0, 16]","[322.75, 16]","[326.0, 40]",311.88,80,21.75,-0.4
07:37:59,"[301.43, 7]","[300.47, 15]","[322.0, 31]","[325.71, 35]",311.71,88,20.57,-0.5
07:38:00,"[304.8, 10]","[301.62, 16]","[322.0, 24]","[325.0, 40]",313.4,90,17.2,-0.42
07:38:01,"[307.78, 63]","[306.0, 21]","[321.05, 58]","[323.09, 65]",314.41,207,13.27,-0.19
07:38:02,"[308.62, 61]","[308.37, 51]","[320.0, 39]","[322.0, 88]",314.31,239,11.38,-0.06
07:38:03,"[311.45, 92]","[309.65, 20]","[320.0, 42]","[322.0, 56]",315.72,210,8.55,0.07
07:38:04,"[313.26, 104]","[310.0, 16]","[320.0, 48]","[322.0, 64]",316.63,232,6.74,0.03
07:38:05,"[314.36, 33]","[310.0, 11]","[318.27, 33]","[320.0, 33]",316.32,110,3.91,-0.2
07:38:06,"[315.0, 42]","[310.0, 14]","[317.64, 42]","[319.85, 62]",316.32,160,2.64,-0.3
07:38:07,"[312.86, 21]","[307.55, 22]","[315.46, 39]","[318.8, 30]",314.16,112,2.6,-0.23
07:38:08,"[310.0, 10]","[307.0, 20]","[314.8, 30]","[320.8, 20]",312.4,80,4.8,-0.25
07:38:09,"[310.0, 8]","[307.0, 44]","[314.0, 24]","[319.0, 16]",312.0,92,4.0,0.13
07:38:10,"[307.36, 25]","[306.66, 41]","[314.0, 30]","[319.0, 20]",310.68,116,6.64,0.14
07:38:11,"[307.43, 14]","[306.25, 16]","[314.0, 24]","[319.0, 16]",310.71,70,6.57,-0.14
07:38:12,"[308.31, 16]","[303.87, 47]","[312.88, 48]","[319.5, 32]",310.59,143,4.56,-0.12
07:38:13,"[303.37, 63]","[300.54, 48]","[316.04, 55]","[323.35, 34]",309.7,200,12.67,0.11
07:38:14,"[305.58, 55]","[303.56, 72]","[319.41, 64]","[320.33, 45]",312.49,236,13.82,0.08
07:38:15,"[306.94, 48]","[302.55, 88]","[314.92, 50]","[316.1, 62]",310.93,248,7.98,0.1
07:38:16,"[309.14, 58]","[306.23, 167]","[313.18, 66]","[315.08, 74]",311.16,365,4.04,0.23
07:38:17,"[308.8, 50]","[303.52, 56]","[317.78, 60]","[318.78, 36]",313.29,202,8.98,0.05
07:38:18,"[307.29, 21]","[304.88, 85]","[319.35, 46]","[320.18, 44]",313.32,196,12.06,0.08
07:38:19,"[308.58, 72]","[307.0, 12]","[316.58, 24]","[318.25, 24]",312.58,132,8.0,0.27
07:38:20,"[309.0, 84]","[307.0, 14]","[315.0, 28]","[316.0, 28]",312.0,154,6.0,0.27
07:38:21,"[309.12, 68]","[307.0, 13]","[315.0, 26]","[316.0, 26]",312.06,133,5.88,0.22
07:38:22,"[310.73, 15]","[307.0, 15]","[314.4, 30]","[315.4, 30]",312.57,90,3.67,-0.33
07:38:23,"[311.18, 11]","[307.0, 11]","[313.27, 22]","[315.0, 22]",312.23,66,2.09,-0.33
07:38:24,"[309.5, 14]","[306.17, 42]","[313.0, 28]","[316.07, 28]",311.25,112,3.5,0.0
07:38:25,"[307.0, 8]","[306.0, 40]","[311.55, 29]","[314.06, 17]",309.28,94,4.55,0.02
07:38:26,"[307.0, 12]","[306.0, 60]","[310.67, 36]","[311.33, 36]",308.83,144,3.67,0.0
07:38:27,"[306.09, 44]","[301.69, 52]","[308.79, 28]","[318.26, 46]",307.44,170,2.69,0.13
07:38:28,"[306.0, 64]","[299.0, 80]","[308.13, 47]","[317.3, 54]",307.06,245,2.13,0.18
07:38:29,"[306.0, 20]","[299.0, 40]","[307.1, 20]","[316.5, 20]",306.55,100,1.1,0.2
07:38:30,"[299.0, 44]","[298.0, 88]","[306.37, 19]","[312.27, 22]",302.68,173,7.37,0.53
07:38:31,"[300.03, 32]","[298.44, 55]","[302.33, 18]","[303.75, 16]",301.18,121,2.3,0.44
07:38:32,"[298.73, 64]","[297.59, 61]","[302.41, 22]","[303.82, 22]",300.57,169,3.67,0.48
07:38:33,"[299.0, 68]","[297.55, 77]","[302.0, 68]","[303.0, 17]",300.5,230,3.0,0.26
07:38:34,"[299.67, 48]","[293.0, 12]","[302.0, 32]","[303.0, 12]",300.83,104,2.33,0.15
07:38:35,"[300.92, 48]","[293.0, 12]","[302.0, 23]","[303.0, 12]",301.46,95,1.08,0.26
07:38:36,"[300.24, 42]","[288.88, 51]","[304.3, 27]","[309.59, 27]",302.27,147,4.06,0.27
07:38:37,"[293.98, 86]","[289.67, 21]","[303.76, 34]","[310.07, 29]",298.87,170,9.79,0.26
07:38:38,"[294.95, 117]","[295.4, 45]","[301.41, 41]","[307.44, 43]",298.18,246,6.47,0.32
07:38:39,"[298.48, 69]","[296.13, 141]","[305.16, 38]","[311.5, 36]",301.82,284,6.68,0.48
07:38:40,"[299.84, 93]","[299.8, 147]","[306.0, 16]","[312.0, 48]",302.92,304,6.16,0.58
07:38:41,"[302.55, 80]","[298.83, 121]","[305.79, 19]","[311.27, 49]",304.17,269,3.24,0.49
07:38:42,"[301.13, 94]","[297.48, 92]","[306.0, 12]","[310.0, 36]",303.56,234,4.87,0.59
07:38:43,"[302.0, 180]","[301.0, 30]","[306.5, 24]","[310.61, 46]",304.25,280,4.5,0.5
07:38:44,"[302.5, 168]","[301.0, 28]","[306.0, 28]","[309.14, 42]",304.25,266,3.5,0.47
07:38:45,"[304.08, 144]","[303.3, 94]","[306.95, 38]","[311.04, 55]",305.52,331,2.86,0.44
07:38:46,"[305.96, 92]","[304.61, 62]","[309.0, 33]","[316.0, 44]",307.48,231,3.04,0.33
07:38:47,"[307.27, 30]","[306.0, 180]","[309.0, 45]","[316.0, 81]",308.13,336,1.73,0.25
07:38:48,"[306.1, 164]","[301.68, 74]","[307.86, 49]","[315.21, 71]",306.98,358,1.76,0.33
07:38:49,"[306.0, 128]","[292.0, 28]","[310.91, 46]","[316.29, 49]",308.46,251,4.91,0.24
07:38:50,"[299.09, 99]","[296.74, 151]","[312.84, 77]","[317.61, 103]",305.97,430,13.75,0.16
07:38:51,"[299.0, 48]","[295.0, 12]","[304.0, 75]","[317.0, 60]",301.5,195,5.0,-0.38
07:38:52,"[299.53, 76]","[295.0, 19]","[304.0, 19]","[316.0, 113]",301.76,227,4.47,-0.16
07:38:53,"[302.44, 135]","[301.38, 99]","[314.32, 57]","[316.66, 91]",308.38,382,11.88,0.23
07:38:54,"[303.37, 107]","[302.0, 63]","[316.0, 77]","[318.0, 55]",309.69,302,12.63,0.13
07:38:55,"[305.0, 18]","[304.0, 84]","[316.0, 42]","[318.0, 30]",310.5,174,11.0,0.17
07:38:56,"[305.93, 121]","[304.36, 66]","[316.0, 77]","[318.0, 55]",310.96,319,10.07,0.17
07:38:57,"[306.54, 80]","[305.21, 170]","[316.0, 98]","[318.0, 70]",311.27,418,9.46,0.2
07:38:58,"[306.0, 38]","[300.0, 63]","[316.0, 21]","[318.0, 15]",311.0,137,10.0,0.47
07:38:59,"[306.61, 132]","[303.78, 72]","[315.84, 57]","[317.15, 60]",311.22,321,9.24,0.27
07:39:00,"[310.0, 45]","[306.0, 126]","[316.33, 42]","[317.32, 31]",313.17,244,6.33,0.4
07:39:01,"[310.21, 38]","[307.29, 124]","[317.0, 98]","[318.36, 70]",313.61,330,6.79,-0.02
07:39:02,"[311.0, 10]","[310.0, 50]","[317.0, 70]","[319.0, 50]",314.0,180,6.0,-0.33
07:39:03,"[311.0, 7]","[310.0, 35]","[317.0, 49]","[319.0, 35]",314.0,126,6.0,-0.33
07:39:04,"[311.0, 2]","[310.0, 10]","[317.0, 14]","[319.0, 10]",314.0,36,6.0,-0.33
07:39:05,"[311.0, 4]","[310.0, 20]","[317.0, 28]","[319.0, 20]",314.0,72,6.0,-0.33
07:39:06,"[311.5, 10]","[310.17, 30]","[317.0, 70]","[319.0, 50]",314.25,160,5.5,-0.5
07:39:07,"[312.0, 13]","[311.0, 13]","[316.95, 88]","[318.79, 67]",314.48,181,4.95,-0.71
07:39:08,"[311.53, 17]","[307.22, 37]","[315.57, 47]","[316.72, 54]",313.55,155,4.05,-0.3
07:39:09,"[306.43, 112]","[305.11, 72]","[315.0, 48]","[316.0, 36]",310.71,268,8.57,0.37
07:39:10,"[306.0, 88]","[302.0, 16]","[314.0, 32]","[316.31, 26]",310.0,162,8.0,0.28
07:39:11,"[307.4, 43]","[303.41, 34]","[313.28, 67]","[318.49, 55]",310.34,199,5.89,-0.23
07:39:12,"[308.8, 71]","[306.45, 22]","[318.4, 45]","[325.0, 75]",313.6,213,9.6,-0.13
07:39:13,"[309.0, 90]","[307.0, 15]","[319.07, 86]","[337.95, 44]",314.03,235,10.07,-0.11
07:39:14,"[311.5, 30]","[309.79, 28]","[319.0, 80]","[394.0, 20]",315.25,158,7.5,-0.27
07:39:15,"[314.3, 30]","[310.0, 30]","[319.0, 77]","[438.7, 40]",316.65,177,4.7,-0.32
07:39:16,"[315.0, 18]","[310.0, 18]","[319.0, 30]","[481.91, 22]",317.0,88,4.0,-0.18
07:39:17,"[315.0, 39]","[310.0, 40]","[318.0, 26]","[319.0, 65]",316.5,170,3.0,-0.07
07:39:18,"[315.0, 20]","[310.0, 32]","[317.12, 16]","[319.0, 40]",316.06,108,2.12,-0.04
07:39:19,"[311.52, 23]","[309.62, 32]","[316.46, 26]","[320.95, 43]",313.99,124,4.94,-0.11
07:39:20,"[310.0, 48]","[307.0, 12]","[313.92, 24]","[320.87, 46]",311.96,130,3.92,-0.08
07:39:21,"[310.0, 40]","[307.0, 12]","[311.25, 24]","[312.64, 22]",310.62,98,1.25,0.06
07:39:22,"[307.95, 19]","[306.07, 84]","[312.28, 25]","[315.68, 25]",310.11,153,4.33,0.35
07:39:23,"[307.69, 29]","[306.09, 46]","[313.0, 11]","[316.0, 11]",310.34,97,5.31,0.55
07:39:24,"[306.26, 61]","[305.19, 67]","[310.53, 17]","[311.65, 17]",308.4,162,4.27,0.58
07:39:25,"[306.09, 65]","[303.77, 30]","[310.06, 18]","[312.33, 18]",308.07,131,3.96,0.45
07:39:26,"[307.11, 27]","[307.0, 29]","[318.0, 13]","[323.0, 13]",312.56,82,10.89,0.37
07:39:27,"[311.0, 12]","[310.0, 48]","[318.0, 12]","[323.0, 32]",314.5,104,7.0,0.15
07:39:28,"[311.0, 8]","[310.0, 32]","[318.0, 8]","[323.0, 24]",314.5,72,7.0,0.11
07:39:29,"[311.0, 12]","[310.0, 48]","[318.0, 12]","[323.0, 36]",314.5,108,7.0,0.11
07:39:30,"[312.5, 36]","[310.48, 23]","[318.0, 14]","[323.0, 42]",315.25,115,5.5,0.03
07:39:31,"[313.93, 41]","[310.19, 54]","[318.76, 67]","[323.11, 45]",316.34,207,4.83,-0.08
07:39:32,"[311.0, 15]","[310.0, 60]","[321.27, 30]","[323.1, 20]",316.13,125,10.27,0.2
07:39:33,"[311.0, 11]","[310.0, 44]","[320.84, 19]","[323.18, 22]",315.92,96,9.84,0.15
07:39:34,"[311.0, 16]","[310.0, 64]","[318.48, 25]","[319.19, 37]",314.74,142,7.48,0.13
07:39:35,"[311.0, 10]","[310.0, 40]","[316.0, 12]","[316.86, 14]",313.5,76,5.0,0.32
07:39:36,"[311.0, 14]","[310.0, 56]","[313.41, 27]","[314.73, 15]",312.2,112,2.41,0.25
07:39:37,"[310.0, 48]","[307.0, 42]","[312.21, 14]","[316.11, 18]",311.11,122,2.21,0.48
07:39:38,"[310.0, 26]","[307.0, 39]","[314.15, 39]","[316.0, 13]",312.08,117,4.15,0.11
07:39:39,"[310.0, 22]","[307.0, 33]","[313.3, 27]","[314.41, 17]",311.65,99,3.3,0.11
07:39:40,"[308.11, 38]","[306.27, 77]","[310.6, 15]","[317.05, 42]",309.35,172,2.49,0.34
07:39:41,"[307.0, 45]","[306.0, 78]","[316.19, 32]","[320.69, 58]",311.59,213,9.19,0.15
07:39:42,"[307.0, 29]","[306.0, 63]","[317.67, 43]","[319.29, 49]",312.34,184,10.67,0.0
07:39:43,"[306.57, 14]","[305.86, 42]","[314.76, 42]","[315.89, 18]",310.67,116,8.19,-0.03
07:39:44,"[306.75, 53]","[304.33, 27]","[312.57, 51]","[314.08, 39]",309.66,170,5.81,-0.06
07:39:45,"[305.5, 16]","[301.67, 12]","[308.68, 28]","[311.0, 20]",307.09,76,3.18,-0.26
07:39:46,"[302.0, 9]","[300.0, 9]","[306.0, 27]","[323.24, 33]",304.0,78,4.0,-0.54
07:39:47,"[302.0, 12]","[300.0, 12]","[304.08, 38]","[313.61, 51]",303.04,113,2.08,-0.58
07:39:48,"[302.0, 6]","[300.0, 6]","[303.0, 18]","[304.0, 12]",302.5,42,1.0,-0.43
07:39:49,"[302.0, 9]","[300.0, 11]","[303.0, 27]","[304.0, 18]",302.5,65,1.0,-0.38
07:39:50,"[300.74, 19]","[298.15, 39]","[302.5, 32]","[303.91, 53]",301.62,143,1.76,-0.19
07:39:51,"[300.0, 6]","[296.0, 10]","[302.0, 12]","[303.0, 6]",301.0,34,2.0,-0.06
07:39:52,"[298.59, 71]","[295.86, 57]","[302.22, 23]","[303.75, 40]",300.4,191,3.63,0.34
07:39:53,"[295.03, 74]","[289.0, 32]","[302.23, 26]","[303.9, 40]",298.63,172,7.2,0.23
07:39:54,"[296.5, 154]","[295.0, 70]","[301.5, 110]","[303.0, 22]",299.0,356,5.0,0.26
07:39:55,"[297.0, 84]","[295.0, 12]","[312.38, 63]","[314.94, 72]",304.69,231,15.38,-0.17
07:39:56,"[308.35, 103]","[300.46, 82]","[312.0, 125]","[314.5, 80]",310.17,390,3.65,-0.05
07:39:57,"[310.79, 34]","[308.55, 62]","[315.0, 40]","[330.57, 21]",312.9,157,4.21,0.22
07:39:58,"[312.0, 27]","[310.0, 63]","[316.0, 45]","[367.0, 9]",314.0,144,4.0,0.25
07:39:59,"[313.15, 39]","[310.0, 91]","[316.0, 65]","[367.0, 13]",314.58,208,2.85,0.25
07:40:00,"[315.0, 27]","[310.0, 63]","[316.0, 45]","[623.19, 21]",315.5,156,1.0,0.15
07:40:01,"[312.81, 48]","[309.62, 72]","[316.0, 60]","[321.0, 12]",314.41,192,3.19,0.25
07:40:02,"[310.0, 55]","[307.0, 33]","[316.0, 55]","[408.45, 11]",313.0,154,6.0,0.14
07:40:03,"[310.0, 75]","[307.0, 39]","[314.04, 49]","[378.75, 51]",312.02,214,4.04,0.07
07:40:04,"[310.0, 80]","[307.0, 30]","[312.0, 30]","[318.0, 50]",311.0,190,2.0,0.16
07:40:05,"[310.0, 95]","[307.0, 27]","[312.0, 27]","[318.0, 45]",311.0,194,2.0,0.26
07:40:06,"[310.0, 120]","[307.0, 42]","[312.0, 36]","[318.0, 60]",311.0,258,2.0,0.26
07:40:07,"[310.0, 90]","[307.0, 28]","[312.0, 27]","[318.0, 45]",311.0,190,2.0,0.24
07:40:08,"[310.0, 98]","[307.0, 33]","[311.71, 21]","[315.49, 43]",310.86,195,1.71,0.34
07:40:09,"[310.0, 42]","[307.0, 24]","[311.9, 20]","[317.83, 36]",310.95,122,1.9,0.08
07:40:10,"[310.0, 55]","[307.0, 33]","[314.1, 31]","[318.77, 53]",312.05,172,4.1,0.02
07:40:11,"[310.0, 55]","[307.0, 33]","[313.73, 11]","[315.0, 33]",311.86,132,3.73,0.33
07:40:12,"[310.0, 54]","[307.0, 36]","[314.17, 24]","[322.53, 73]",312.08,187,4.17,-0.04
07:40:13,"[308.2, 30]","[306.2, 45]","[314.58, 36]","[325.17, 60]",311.39,171,6.38,-0.12
07:40:14,"[308.08, 72]","[307.0, 24]","[314.0, 36]","[326.0, 60]",311.04,192,5.92,0.0
07:40:15,"[309.37, 67]","[308.0, 48]","[314.0, 36]","[383.33, 58]",311.69,209,4.63,0.1
07:40:16,"[310.86, 35]","[309.91, 55]","[314.0, 30]","[326.0, 30]",312.43,150,3.14,0.2
07:40:17,"[308.14, 14]","[303.0, 18]","[314.0, 24]","[326.0, 24]",311.07,80,5.86,-0.2
07:40:18,"[306.0, 32]","[302.4, 20]","[314.0, 24]","[326.0, 24]",310.0,100,8.0,0.04
07:40:19,"[306.0, 44]","[303.0, 22]","[314.0, 33]","[326.0, 33]",310.0,132,8.0,0.0
07:40:20,"[306.0, 32]","[303.0, 20]","[314.0, 30]","[316.1, 30]",310.0,112,8.0,-0.07
07:40:21,"[307.54, 13]","[304.29, 14]","[314.0, 18]","[315.0, 18]",310.77,63,6.46,-0.14
07:40:22,"[311.0, 16]","[306.0, 24]","[314.0, 24]","[315.0, 24]",312.5,88,3.0,-0.09
07:40:23,"[306.75, 53]","[303.86, 42]","[312.27, 88]","[313.3, 71]",309.51,254,5.52,-0.25
07:40:24,"[306.0, 12]","[303.0, 12]","[311.0, 30]","[313.0, 24]",308.5,78,5.0,-0.38
07:40:25,"[306.0, 8]","[303.0, 16]","[310.03, 36]","[313.0, 32]",308.01,92,4.03,-0.48
07:40:26,"[303.35, 34]","[301.87, 31]","[305.58, 48]","[307.82, 45]",304.47,158,2.23,-0.18
07:40:27,"[302.64, 14]","[301.32, 22]","[303.9, 62]","[305.43, 28]",303.27,126,1.26,-0.43
07:40:28,"[283.9, 145]","[237.21, 61]","[303.0, 45]","[304.0, 71]",293.45,322,19.1,0.28
07:40:29,"[220.0, 56]","[179.0, 56]","[302.18, 17]","[303.54, 39]",261.09,168,82.18,0.33
07:40:30,"[243.62, 64]","[179.0, 64]","[300.38, 16]","[303.0, 35]",272.0,179,56.75,0.43
07:40:31,"[294.27, 45]","[255.97, 74]","[300.0, 16]","[303.0, 56]",297.13,191,5.73,0.25
07:40:32,"[298.0, 72]","[284.0, 27]","[300.0, 17]","[303.0, 63]",299.0,179,2.0,0.11
07:40:33,"[298.85, 55]","[295.87, 61]","[302.62, 48]","[303.5, 84]",300.74,248,3.77,-0.06
07:40:34,"[299.0, 52]","[275.83, 48]","[303.31, 67]","[304.22, 55]",301.16,222,4.31,-0.1
07:40:35,"[294.0, 72]","[280.0, 64]","[304.0, 63]","[306.0, 18]",299.0,217,10.0,0.25
07:40:36,"[293.0, 88]","[272.64, 83]","[299.7, 46]","[304.35, 34]",296.35,251,6.7,0.36
07:40:37,"[293.43, 23]","[289.86, 70]","[301.33, 36]","[305.22, 41]",297.38,170,7.9,0.09
07:40:38,"[300.33, 9]","[291.0, 30]","[304.0, 34]","[306.0, 45]",302.17,118,3.67,-0.34
07:40:39,"[303.0, 12]","[290.47, 57]","[307.27, 15]","[339.81, 53]",305.13,137,4.27,0.01
07:40:40,"[303.0, 7]","[300.0, 14]","[311.0, 7]","[370.0, 28]",307.0,56,8.0,-0.25
07:40:41,"[303.0, 9]","[289.4, 60]","[311.0, 9]","[351.79, 39]",307.0,117,8.0,0.18
07:40:42,"[289.07, 121]","[248.11, 90]","[301.38, 26]","[315.94, 18]",295.23,255,12.31,0.65
07:40:43,"[290.79, 56]","[289.55, 66]","[388.0, 20]","[385.06, 17]",339.39,159,97.21,0.53
07:40:44,"[304.6, 80]","[304.06, 47]","[417.0, 55]","[501.28, 29]",360.8,211,112.4,0.2
07:40:45,"[305.0, 66]","[304.0, 88]","[396.38, 47]","[399.67, 43]",350.69,244,91.38,0.26
07:40:46,"[305.25, 72]","[304.0, 96]","[390.0, 48]","[413.44, 48]",347.62,264,84.75,0.27
07:40:47,"[309.01, 97]","[304.44, 82]","[385.97, 35]","[414.09, 22]",347.49,236,76.96,0.52
07:40:48,"[310.0, 78]","[307.98, 41]","[388.0, 24]","[415.67, 6]",349.0,149,78.0,0.6
07:40:49,"[310.0, 130]","[309.0, 80]","[367.0, 36]","[417.59, 22]",338.5,268,57.0,0.57
07:40:50,"[310.17, 94]","[309.52, 100]","[387.0, 40]","[422.88, 34]",348.59,268,76.83,0.45
07:40:51,"[310.0, 132]","[309.0, 88]","[384.05, 40]","[391.38, 39]",347.02,299,74.05,0.47
07:40:52,"[310.0, 96]","[309.0, 64]","[383.0, 32]","[384.0, 24]",346.5,216,73.0,0.48
07:40:53,"[310.0, 96]","[309.0, 76]","[381.9, 30]","[383.27, 33]",345.95,235,71.9,0.46
07:40:54,"[310.0, 104]","[309.0, 117]","[352.39, 33]","[362.33, 43]",331.2,297,42.39,0.49
07:40:55,"[310.0, 68]","[309.0, 144]","[316.17, 46]","[317.1, 50]",313.09,308,6.17,0.38
07:40:56,"[309.78, 18]","[308.12, 26]","[312.2, 30]","[313.32, 38]",310.99,112,2.42,-0.21
07:40:57,"[306.44, 16]","[305.83, 52]","[309.36, 36]","[310.94, 34]",307.9,138,2.92,-0.01
07:40:58,"[304.12, 16]","[250.73, 30]","[306.85, 27]","[309.3, 43]",305.49,116,2.73,-0.21
07:40:59,"[289.48, 21]","[269.5, 24]","[332.17, 18]","[425.89, 27]",310.82,90,42.69,0.0
07:41:00,"[278.74, 53]","[217.0, 23]","[527.08, 12]","[665.36, 28]",402.91,116,248.35,0.31
07:41:01,"[289.0, 30]","[240.0, 10]","[304.94, 17]","[454.33, 9]",296.97,66,15.94,0.21
07:41:02,"[289.85, 78]","[282.0, 13]","[300.39, 66]","[308.82, 44]",295.12,201,10.55,-0.09
07:41:03,"[290.42, 72]","[271.08, 13]","[298.74, 54]","[300.0, 60]",294.58,199,8.32,-0.15
07:41:04,"[290.86, 43]","[235.0, 9]","[298.0, 32]","[300.5, 40]",294.43,124,7.14,-0.16
07:41:05,"[251.83, 23]","[245.45, 22]","[298.0, 28]","[301.0, 35]",274.91,108,46.17,-0.17
07:41:06,"[256.35, 51]","[255.03, 38]","[298.0, 28]","[300.8, 50]",277.18,167,41.65,0.07
07:41:07,"[280.84, 38]","[270.0, 39]","[298.5, 12]","[299.67, 45]",289.67,134,17.66,0.15
07:41:08,"[286.14, 42]","[285.4, 30]","[299.0, 16]","[301.0, 40]",292.57,128,12.86,0.12
07:41:09,"[288.67, 54]","[287.0, 27]","[299.0, 18]","[301.0, 45]",293.83,144,10.33,0.12
07:41:10,"[290.22, 54]","[287.0, 27]","[299.0, 18]","[301.0, 45]",294.61,144,8.78,0.12
07:41:11,"[292.88, 51]","[288.0, 30]","[307.0, 26]","[311.48, 29]",299.94,136,14.12,0.19
07:41:12,"[307.4, 30]","[294.82, 51]","[312.0, 19]","[479.22, 18]",309.7,118,4.6,0.37
07:41:13,"[306.53, 45]","[295.11, 54]","[312.0, 11]","[529.77, 26]",309.27,136,5.47,0.46
07:41:14,"[307.45, 66]","[304.55, 33]","[312.0, 11]","[524.08, 24]",309.73,134,4.55,0.48
07:41:15,"[309.54, 48]","[305.67, 36]","[312.0, 12]","[407.71, 28]",310.77,124,2.46,0.35
07:41:16,"[310.0, 16]","[305.77, 52]","[312.0, 8]","[412.5, 18]",311.0,94,2.0,0.45
07:41:17,"[310.0, 18]","[306.23, 78]","[319.0, 9]","[406.91, 11]",314.5,116,9.0,0.66
07:41:18,"[310.0, 18]","[307.0, 54]","[438.8, 15]","[486.14, 21]",374.4,108,128.8,0.33
07:41:19,"[308.04, 23]","[306.35, 69]","[440.87, 15]","[470.08, 13]",374.46,120,132.82,0.53
07:41:20,"[309.32, 38]","[306.72, 106]","[320.3, 61]","[360.4, 15]",314.81,220,10.98,0.31
07:41:21,"[307.0, 80]","[306.0, 150]","[319.13, 23]","[322.87, 46]",313.07,299,12.13,0.54
07:41:22,"[308.04, 49]","[306.8, 75]","[313.33, 18]","[317.62, 42]",310.69,184,5.29,0.35
07:41:23,"[309.56, 34]","[307.72, 50]","[311.08, 26]","[313.0, 18]",310.32,128,1.52,0.31
07:41:24,"[311.91, 22]","[307.82, 22]","[419.43, 7]","[530.86, 7]",365.67,58,107.52,0.52
07:41:25,"[313.0, 48]","[310.0, 16]","[497.75, 8]","[558.33, 18]",405.38,90,184.75,0.42
07:41:26,"[313.0, 35]","[310.0, 14]","[556.76, 17]","[672.73, 11]",434.88,77,243.76,0.27
07:41:27,"[313.0, 17]","[310.0, 14]","[553.06, 17]","[691.91, 11]",433.03,59,240.06,0.05
07:41:28,"[308.66, 29]","[306.4, 101]","[345.7, 20]","[643.5, 24]",327.18,174,37.04,0.49
07:41:29,"[307.0, 10]","[306.0, 78]","[449.18, 28]","[734.0, 15]",378.09,131,142.18,0.34
07:41:30,"[306.06, 69]","[303.11, 36]","[412.43, 35]","[751.57, 21]",359.24,161,106.37,0.3
07:41:31,"[307.0, 21]","[306.0, 91]","[482.56, 32]","[661.08, 24]",394.78,168,175.56,0.33
07:41:32,"[310.65, 108]","[309.0, 78]","[471.38, 40]","[508.73, 44]",391.01,270,160.73,0.38
07:41:33,"[314.5, 100]","[310.0, 60]","[409.74, 35]","[458.43, 35]",362.12,230,95.24,0.39
07:41:34,"[315.0, 60]","[310.0, 36]","[402.17, 24]","[515.0, 18]",358.58,138,87.17,0.39
07:41:35,"[315.0, 64]","[309.31, 39]","[400.0, 40]","[632.5, 40]",357.5,183,85.0,0.13
07:41:36,"[315.0, 51]","[310.0, 33]","[349.53, 47]","[455.96, 52]",332.27,183,34.53,-0.08
07:41:37,"[315.0, 8]","[310.0, 24]","[319.31, 26]","[322.11, 18]",317.15,76,4.31,-0.16
07:41:38,"[315.0, 6]","[310.0, 18]","[316.0, 24]","[320.0, 6]",315.5,54,1.0,-0.11
07:41:39,"[310.73, 40]","[308.5, 30]","[318.68, 19]","[632.35, 34]",314.7,123,7.96,0.14
07:41:40,"[311.0, 16]","[310.0, 18]","[317.67, 18]","[320.0, 6]",314.33,58,6.67,0.17
07:41:41,"[311.0, 11]","[310.0, 33]","[315.8, 15]","[317.21, 29]",313.4,88,4.8,0.0
07:41:42,"[310.03, 34]","[309.08, 36]","[314.0, 12]","[317.0, 36]",312.01,118,3.97,0.19
07:41:43,"[310.0, 22]","[309.0, 30]","[312.5, 24]","[315.69, 16]",311.25,92,2.5,0.13
07:41:44,"[309.18, 22]","[307.57, 42]","[311.25, 12]","[407.67, 18]",310.22,94,2.07,0.36
07:41:45,"[309.0, 18]","[307.0, 30]","[311.0, 6]","[515.5, 12]",310.0,66,2.0,0.45
07:41:46,"[309.5, 24]","[307.75, 32]","[718.14, 14]","[786.0, 4]",513.82,74,408.64,0.51
07:41:47,"[310.0, 9]","[309.0, 27]","[767.44, 18]","[785.43, 14]",538.72,68,457.44,0.06
07:41:48,"[311.31, 59]","[309.47, 17]","[420.32, 25]","[487.1, 29]",365.81,130,109.01,0.17
07:41:49,"[313.12, 112]","[310.74, 38]","[353.68, 47]","[367.89, 55]",333.4,252,40.56,0.19
07:41:50,"[314.08, 39]","[310.29, 35]","[319.75, 44]","[355.45, 38]",316.91,156,5.67,-0.05
07:41:51,"[311.61, 23]","[310.73, 26]","[322.53, 38]","[443.79, 38]",317.07,125,10.92,-0.22
07:41:52,"[311.0, 28]","[310.0, 7]","[321.29, 14]","[325.0, 35]",316.14,84,10.29,-0.17
07:41:53,"[311.36, 50]","[310.44, 18]","[319.92, 24]","[323.06, 34]",315.64,126,8.56,0.08
07:41:54,"[313.0, 72]","[311.0, 11]","[317.75, 24]","[319.0, 16]",315.38,123,4.75,0.35
07:41:55,"[313.0, 63]","[311.0, 7]","[316.29, 21]","[319.0, 14]",314.64,105,3.29,0.33
07:41:56,"[312.97, 97]","[310.47, 17]","[316.0, 37]","[320.27, 45]",314.48,196,3.03,0.16
07:41:57,"[310.0, 10]","[308.0, 30]","[320.18, 34]","[322.03, 29]",315.09,103,10.18,-0.22
07:41:58,"[310.52, 44]","[307.61, 38]","[318.46, 52]","[329.0, 65]",314.49,199,7.94,-0.18
07:41:59,"[310.27, 33]","[307.15, 39]","[318.0, 40]","[328.1, 50]",314.14,162,7.73,-0.11
07:42:00,"[307.0, 24]","[306.0, 24]","[318.0, 16]","[328.0, 20]",312.5,84,11.0,0.14
07:42:01,"[307.0, 30]","[306.0, 30]","[318.0, 20]","[328.0, 25]",312.5,105,11.0,0.14
07:42:02,"[307.56, 36]","[306.4, 40]","[318.0, 32]","[327.86, 36]",312.78,144,10.44,0.06
07:42:03,"[308.25, 20]","[307.04, 68]","[317.5, 48]","[327.83, 60]",312.88,196,9.25,-0.1
07:42:04,"[309.27, 15]","[307.0, 120]","[315.2, 60]","[330.21, 57]",312.23,252,5.93,0.07
07:42:05,"[310.0, 10]","[307.0, 80]","[314.17, 41]","[324.0, 22]",312.09,153,4.17,0.18
07:42:06,"[307.63, 38]","[306.44, 89]","[313.0, 65]","[314.0, 63]",310.32,255,5.37,-0.0
07:42:07,"[307.0, 54]","[305.0, 45]","[313.0, 45]","[314.0, 41]",310.0,185,6.0,0.07
07:42:08,"[307.0, 72]","[305.0, 60]","[310.5, 60]","[314.0, 48]",308.75,240,3.5,0.1
07:42:09,"[307.0, 58]","[305.0, 50]","[311.38, 16]","[314.89, 36]",309.19,160,4.38,0.35
07:42:10,"[307.0, 43]","[305.0, 45]","[313.44, 36]","[322.0, 18]",310.22,142,6.44,0.24
07:42:11,"[307.0, 36]","[305.0, 45]","[313.0, 36]","[322.0, 18]",310.0,135,6.0,0.2
07:42:12,"[307.0, 57]","[305.12, 68]","[311.35, 43]","[312.75, 48]",309.17,216,4.35,0.16
07:42:13,"[307.0, 40]","[305.0, 50]","[308.65, 37]","[311.28, 39]",307.82,166,1.65,0.08
07:42:14,"[306.27, 44]","[303.1, 59]","[307.91, 44]","[311.67, 36]",307.09,183,1.64,0.13
07:42:15,"[304.52, 46]","[301.38, 85]","[307.0, 30]","[318.0, 26]",305.76,187,2.48,0.4
07:42:16,"[304.0, 44]","[301.03, 72]","[306.44, 18]","[317.0, 22]",305.22,156,2.44,0.49
07:42:17,"[304.0, 24]","[302.0, 16]","[317.0, 16]","[426.0, 16]",310.5,72,13.0,0.11
07:42:18,"[306.91, 35]","[302.96, 56]","[317.0, 26]","[416.22, 18]",311.96,135,10.09,0.35
07:42:19,"[304.0, 6]","[302.0, 54]","[318.0, 12]","[394.67, 6]",311.0,78,14.0,0.54
07:42:20,"[310.81, 36]","[302.23, 60]","[317.91, 22]","[358.73, 11]",314.36,129,7.1,0.49
07:42:21,"[307.09, 58]","[305.58, 69]","[316.43, 42]","[320.43, 28]",311.76,197,9.34,0.29
07:42:22,"[304.0, 63]","[301.24, 29]","[305.0, 9]","[313.0, 36]",304.5,137,1.0,0.34
07:42:23,"[304.0, 42]","[301.0, 18]","[305.0, 6]","[307.0, 24]",304.5,90,1.0,0.33
07:42:24,"[304.0, 42]","[301.0, 18]","[305.0, 6]","[307.0, 24]",304.5,90,1.0,0.33
07:42:25,"[304.0, 56]","[301.0, 24]","[306.6, 20]","[311.5, 32]",305.3,132,2.6,0.21
07:42:26,"[304.0, 70]","[301.0, 30]","[307.0, 35]","[318.38, 21]",305.5,156,3.0,0.28
07:42:27,"[304.59, 51]","[303.47, 51]","[307.0, 27]","[316.0, 9]",305.79,138,2.41,0.48
07:42:28,"[305.0, 42]","[304.0, 63]","[306.07, 43]","[307.36, 25]",305.53,173,1.07,0.21
07:42:29,"[302.86, 57]","[302.96, 57]","[306.13, 46]","[308.29, 28]",304.5,188,3.27,0.21
07:42:30,"[303.18, 49]","[302.21, 58]","[306.6, 15]","[313.73, 15]",304.89,137,3.42,0.56
07:42:31,"[304.0, 36]","[302.48, 67]","[305.77, 13]","[310.08, 13]",304.88,129,1.77,0.6
07:42:32,"[295.49, 150]","[266.73, 33]","[307.0, 19]","[314.32, 22]",301.25,224,11.51,0.63
07:42:33,"[294.1, 93]","[293.67, 43]","[302.81, 26]","[306.59, 17]",298.45,179,8.71,0.52
07:42:34,"[295.0, 21]","[294.0, 24]","[302.0, 21]","[306.0, 14]",298.5,80,7.0,0.12
07:42:35,"[296.11, 54]","[295.11, 54]","[300.85, 40]","[302.64, 50]",298.48,198,4.74,0.09
07:42:36,"[297.69, 39]","[296.0, 39]","[300.0, 34]","[302.0, 39]",298.85,151,2.31,0.03
07:42:37,"[298.0, 21]","[296.0, 21]","[300.0, 28]","[302.0, 21]",299.0,91,2.0,-0.08
07:42:38,"[298.33, 27]","[295.86, 21]","[300.0, 27]","[302.0, 27]",299.17,102,1.67,-0.06
07:42:39,"[298.0, 33]","[290.74, 70]","[300.0, 11]","[302.0, 33]",299.0,147,2.0,0.4
07:42:40,"[298.83, 36]","[293.25, 96]","[306.7, 23]","[310.04, 27]",302.76,182,7.86,0.45
07:42:41,"[299.0, 30]","[294.0, 80]","[307.0, 14]","[311.0, 50]",303.0,174,8.0,0.26
07:42:42,"[297.97, 34]","[293.92, 74]","[310.2, 25]","[311.17, 30]",304.09,163,12.23,0.33
07:42:43,"[297.0, 30]","[292.69, 128]","[306.89, 38]","[311.06, 51]",301.95,247,9.89,0.28
07:42:44,"[298.0, 24]","[292.19, 104]","[305.0, 48]","[311.0, 57]",301.5,233,7.0,0.1
07:42:45,"[294.71, 28]","[291.07, 90]","[305.0, 36]","[311.0, 39]",299.86,193,10.29,0.22
07:42:46,"[295.29, 56]","[291.0, 86]","[308.75, 72]","[315.31, 81]",302.02,295,13.46,-0.04
07:42:47,"[297.29, 75]","[295.0, 76]","[309.57, 92]","[318.62, 37]",303.43,280,12.27,0.08
07:42:48,"[307.83, 29]","[298.3, 46]","[310.53, 60]","[326.0, 38]",309.18,173,2.71,-0.13
07:42:49,"[308.77, 52]","[307.87, 23]","[310.0, 32]","[311.0, 32]",309.38,139,1.23,0.08
07:42:50,"[309.0, 112]","[307.24, 17]","[310.88, 32]","[417.5, 56]",309.94,217,1.88,0.19
07:42:51,"[309.0, 56]","[307.0, 7]","[311.0, 7]","[338.71, 28]",310.0,98,2.0,0.29
07:42:52,"[309.79, 43]","[304.75, 8]","[367.33, 18]","[394.06, 34]",338.56,103,57.54,-0.01
07:42:53,"[307.0, 9]","[301.0, 9]","[492.59, 39]","[515.42, 38]",399.79,95,185.59,-0.62
07:42:54,"[307.0, 11]","[296.33, 18]","[432.04, 25]","[511.7, 33]",369.52,87,125.04,-0.33
07:42:55,"[308.31, 32]","[299.0, 12]","[412.06, 17]","[493.0, 23]",360.19,84,103.75,0.05
07:42:56,"[308.78, 27]","[303.29, 41]","[320.6, 40]","[360.24, 37]",314.69,145,11.82,-0.06
07:42:57,"[311.17, 30]","[303.24, 85]","[313.18, 22]","[319.84, 38]",312.17,175,2.02,0.31
07:42:58,"[312.0, 38]","[307.98, 114]","[315.82, 34]","[380.67, 12]",313.91,198,3.82,0.54
07:42:59,"[308.94, 77]","[307.93, 86]","[316.0, 32]","[509.88, 16]",312.47,211,7.06,0.55
07:43:00,"[308.0, 162]","[307.0, 12]","[316.0, 24]","[565.72, 18]",312.0,216,8.0,0.61
07:43:01,"[308.0, 234]","[307.0, 18]","[315.53, 15]","[330.33, 30]",311.77,297,7.53,0.7
07:43:02,"[308.16, 144]","[308.22, 90]","[314.38, 13]","[316.92, 52]",311.27,299,6.22,0.57
07:43:03,"[311.0, 9]","[308.41, 85]","[319.13, 15]","[334.42, 38]",315.07,147,8.13,0.28
07:43:04,"[312.11, 54]","[308.31, 118]","[325.0, 72]","[378.71, 86]",318.56,330,12.89,0.04
07:43:05,"[313.29, 62]","[311.0, 18]","[324.2, 40]","[335.51, 74]",318.75,194,10.91,-0.18
07:43:06,"[312.35, 63]","[309.76, 102]","[323.57, 28]","[328.0, 56]",317.96,249,11.22,0.33
07:43:07,"[313.85, 52]","[311.0, 104]","[321.08, 26]","[328.46, 52]",317.46,234,7.23,0.33
07:43:08,"[314.83, 48]","[311.0, 96]","[320.0, 24]","[330.67, 48]",317.42,216,5.17,0.33
07:43:09,"[315.1, 58]","[311.0, 120]","[319.62, 32]","[332.61, 61]",317.36,271,4.52,0.31
07:43:10,"[316.0, 14]","[311.0, 80]","[330.5, 40]","[457.6, 50]",323.25,184,14.5,0.02
07:43:11,"[316.0, 14]","[311.0, 112]","[332.0, 56]","[469.71, 70]",324.0,252,16.0,0.0
07:43:12,"[316.0, 5]","[311.0, 40]","[331.0, 31]","[482.0, 24]",323.5,100,15.0,-0.1
07:43:13,"[316.0, 8]","[311.0, 64]","[330.88, 48]","[473.89, 38]",323.44,158,14.88,-0.09
07:43:14,"[316.0, 3]","[311.0, 24]","[330.0, 9]","[331.0, 12]",323.0,48,14.0,0.12
07:43:15,"[316.0, 12]","[311.0, 96]","[328.75, 36]","[331.0, 48]",322.38,192,12.75,0.12
07:43:16,"[311.75, 113]","[309.69, 128]","[325.22, 45]","[331.28, 53]",318.49,339,13.47,0.42
07:43:17,"[312.0, 70]","[311.0, 56]","[314.39, 33]","[317.6, 25]",313.2,184,2.39,0.37
07:43:18,"[312.0, 110]","[311.0, 88]","[313.64, 55]","[315.0, 33]",312.82,286,1.64,0.38
07:43:19,"[311.47, 62]","[308.53, 182]","[315.1, 50]","[327.25, 32]",313.28,326,3.63,0.5
07:43:20,"[308.63, 154]","[307.65, 230]","[333.0, 30]","[421.45, 44]",320.81,458,24.37,0.68
07:43:21,"[310.0, 78]","[308.02, 127]","[332.6, 10]","[356.2, 20]",321.3,235,22.6,0.74
07:43:22,"[310.14, 132]","[309.0, 24]","[332.0, 12]","[333.0, 36]",321.07,204,21.86,0.53
07:43:23,"[311.0, 126]","[309.0, 28]","[329.31, 26]","[331.68, 40]",320.15,220,18.31,0.4
07:43:24,"[311.81, 144]","[308.55, 62]","[325.4, 40]","[329.3, 40]",318.61,286,13.59,0.44
07:43:25,"[312.0, 34]","[311.0, 16]","[325.75, 16]","[330.06, 16]",318.88,82,13.75,0.22
07:43:26,"[312.66, 35]","[311.0, 24]","[322.83, 18]","[323.2, 30]",317.75,107,10.18,0.1
07:43:27,"[310.3, 92]","[308.89, 81]","[321.14, 14]","[323.0, 42]",315.72,229,10.84,0.51
07:43:28,"[310.0, 80]","[308.0, 64]","[319.32, 25]","[320.4, 10]",314.66,179,9.32,0.61
07:43:29,"[310.35, 68]","[309.38, 130]","[315.81, 37]","[317.0, 47]",313.08,282,5.46,0.4
07:43:30,"[310.93, 28]","[309.36, 91]","[314.19, 54]","[316.0, 46]",312.56,219,3.26,0.09
07:43:31,"[308.0, 50]","[306.4, 50]","[309.84, 38]","[314.5, 32]",308.92,170,1.84,0.18
07:43:32,"[308.0, 29]","[307.0, 16]","[309.5, 64]","[312.4, 40]",308.75,149,1.5,-0.4
07:43:33,"[308.0, 11]","[307.0, 36]","[309.0, 55]","[310.18, 44]",308.5,146,1.0,-0.36
07:43:34,"[311.23, 31]","[307.06, 51]","[317.67, 15]","[339.14, 14]",314.45,111,6.44,0.48
07:43:35,"[312.0, 45]","[307.57, 14]","[322.0, 9]","[528.57, 21]",317.0,89,10.0,0.33
07:43:36,"[312.0, 40]","[308.0, 8]","[322.0, 8]","[510.0, 40]",317.0,96,10.0,0.0
07:43:37,"[311.7, 54]","[307.14, 74]","[321.31, 26]","[340.26, 46]",316.51,200,9.6,0.28
07:43:38,"[310.0, 15]","[307.11, 90]","[321.0, 59]","[524.98, 63]",315.5,227,11.0,-0.07
07:43:39,"[311.0, 10]","[308.0, 10]","[319.35, 31]","[351.43, 14]",315.18,65,8.35,-0.38
07:43:40,"[309.8, 5]","[307.09, 35]","[318.0, 15]","[320.0, 5]",313.9,60,8.2,0.33
07:43:41,"[307.0, 122]","[303.0, 36]","[317.33, 36]","[321.83, 12]",312.17,206,10.33,0.53
07:43:42,"[307.0, 58]","[305.0, 12]","[317.0, 36]","[321.0, 12]",312.0,118,10.0,0.19
07:43:43,"[307.0, 38]","[305.0, 10]","[313.75, 16]","[316.5, 24]",310.38,88,6.75,0.09
07:43:44,"[307.0, 75]","[305.0, 13]","[309.2, 25]","[314.11, 19]",308.1,132,2.2,0.33
07:43:45,"[307.0, 63]","[305.0, 7]","[308.71, 7]","[310.0, 7]",307.86,84,1.71,0.67
07:43:46,"[307.0, 63]","[305.0, 7]","[310.0, 7]","[325.14, 7]",308.5,84,3.0,0.67
07:43:47,"[307.0, 68]","[305.0, 12]","[321.73, 15]","[327.73, 44]",314.37,139,14.73,0.15
07:43:48,"[310.09, 133]","[309.69, 87]","[324.0, 92]","[347.87, 23]",317.05,335,13.91,0.31
07:43:49,"[314.64, 50]","[312.5, 32]","[323.85, 33]","[324.52, 27]",319.24,142,9.21,0.15
07:43:50,"[315.71, 108]","[314.0, 30]","[319.07, 29]","[322.2, 25]",317.39,192,3.36,0.44
07:43:51,"[316.0, 33]","[314.0, 22]","[317.0, 13]","[319.95, 19]",316.5,87,1.0,0.26
07:43:52,"[316.0, 29]","[314.0, 20]","[317.8, 10]","[327.91, 11]",316.9,70,1.8,0.4
07:43:53,"[316.0, 26]","[314.0, 26]","[325.0, 13]","[423.1, 41]",320.5,106,9.0,-0.02
07:43:54,"[316.0, 26]","[314.0, 26]","[321.62, 13]","[422.86, 21]",318.81,86,5.62,0.21
07:43:55,"[316.0, 16]","[314.0, 16]","[321.0, 8]","[325.0, 8]",318.5,48,5.0,0.33
07:43:56,"[312.4, 20]","[308.34, 35]","[321.0, 12]","[326.25, 12]",316.7,79,8.6,0.39
07:43:57,"[312.0, 7]","[308.0, 21]","[321.0, 7]","[328.0, 7]",316.5,42,9.0,0.33
07:43:58,"[312.0, 11]","[309.29, 42]","[321.0, 11]","[328.0, 11]",316.5,75,9.0,0.41
07:43:59,"[311.0, 47]","[308.0, 15]","[320.25, 8]","[323.8, 5]",315.62,75,9.25,0.65
07:44:00,"[311.0, 143]","[308.0, 39]","[319.38, 26]","[321.0, 13]",315.19,221,8.38,0.65
07:44:01,"[311.0, 88]","[308.0, 24]","[319.0, 16]","[321.0, 8]",315.0,136,8.0,0.65
07:44:02,"[311.0, 116]","[308.0, 24]","[318.91, 22]","[321.0, 11]",314.95,173,7.91,0.62
07:44:03,"[311.0, 31]","[308.0, 18]","[317.57, 14]","[321.0, 7]",314.29,70,6.57,0.4
07:44:04,"[311.0, 42]","[308.0, 27]","[315.33, 18]","[316.65, 17]",313.17,104,4.33,0.33
07:44:05,"[311.0, 45]","[308.0, 27]","[313.89, 18]","[316.0, 18]",312.44,108,2.89,0.33
07:44:06,"[311.0, 28]","[308.0, 24]","[315.0, 16]","[319.6, 10]",313.0,78,4.0,0.33
07:44:07,"[310.57, 14]","[307.75, 16]","[315.33, 12]","[322.0, 6]",312.95,48,4.76,0.25
07:44:08,"[308.0, 10]","[307.0, 20]","[314.3, 20]","[322.36, 11]",311.15,61,6.3,-0.02
07:44:09,"[306.18, 33]","[303.72, 72]","[313.08, 24]","[316.0, 24]",309.63,153,6.9,0.37
07:44:10,"[306.0, 24]","[304.0, 60]","[312.0, 24]","[316.0, 24]",309.0,132,6.0,0.27
07:44:11,"[307.0, 20]","[303.0, 50]","[313.6, 20]","[317.67, 15]",310.3,105,6.6,0.33
07:44:12,"[307.0, 18]","[300.38, 80]","[316.0, 18]","[321.0, 9]",311.5,125,9.0,0.57
07:44:13,"[312.0, 74]","[307.0, 24]","[316.0, 24]","[321.71, 28]",314.0,150,4.0,0.31
07:44:14,"[312.33, 49]","[311.0, 60]","[316.0, 28]","[321.0, 70]",314.16,207,3.67,0.05
07:44:15,"[312.0, 45]","[307.0, 18]","[320.5, 36]","[394.49, 35]",316.25,134,8.5,-0.06
07:44:16,"[312.0, 36]","[307.0, 30]","[317.5, 20]","[320.43, 35]",314.75,121,5.5,0.09
07:44:17,"[312.0, 12]","[307.0, 28]","[319.0, 8]","[321.0, 20]",315.5,68,7.0,0.18
07:44:18,"[312.0, 18]","[307.0, 42]","[319.83, 12]","[321.0, 30]",315.92,102,7.83,0.18
07:44:19,"[308.82, 33]","[305.71, 49]","[319.33, 18]","[325.17, 29]",314.08,129,10.52,0.27
07:44:20,"[307.0, 70]","[304.0, 50]","[317.3, 40]","[321.3, 20]",312.15,180,10.3,0.33
07:44:21,"[307.0, 56]","[302.77, 44]","[317.0, 32]","[322.0, 16]",312.0,148,10.0,0.35
07:44:22,"[308.54, 48]","[306.22, 97]","[316.73, 60]","[320.82, 34]",312.64,239,8.19,0.21
07:44:23,"[310.98, 43]","[309.7, 20]","[314.2, 60]","[315.4, 60]",312.59,183,3.22,-0.31
07:44:24,"[308.75, 96]","[307.41, 87]","[312.19, 62]","[313.71, 63]",310.47,308,3.44,0.19
07:44:25,"[308.0, 100]","[307.0, 92]","[309.33, 60]","[310.42, 52]",308.67,304,1.33,0.26
07:44:26,"[307.53, 34]","[305.8, 20]","[309.0, 56]","[318.53, 60]",308.26,170,1.47,-0.36
07:44:27,"[306.25, 20]","[302.29, 41]","[313.44, 39]","[323.81, 42]",309.84,142,7.19,-0.14
07:44:28,"[303.5, 48]","[301.55, 71]","[322.98, 55]","[323.92, 39]",313.24,213,19.48,0.12
07:44:29,"[309.41, 73]","[303.54, 37]","[322.0, 48]","[324.0, 32]",315.71,190,12.59,0.16
07:44:30,"[312.0, 40]","[311.0, 33]","[321.89, 37]","[323.68, 28]",316.95,138,9.89,0.06
07:44:31,"[312.0, 4]","[311.0, 6]","[321.0, 4]","[323.0, 6]",316.5,20,9.0,0.0
07:44:32,"[312.0, 16]","[311.0, 24]","[321.0, 16]","[322.47, 19]",316.5,75,9.0,0.07
07:44:33,"[311.6, 10]","[304.36, 53]","[320.71, 14]","[322.0, 14]",316.16,91,9.11,0.38
07:44:34,"[311.0, 13]","[303.0, 143]","[319.92, 26]","[322.0, 26]",315.46,208,8.92,0.5
07:44:35,"[303.49, 65]","[302.59, 117]","[317.88, 24]","[321.61, 41]",310.68,247,14.38,0.47
07:44:36,"[305.67, 36]","[303.0, 162]","[314.53, 32]","[315.82, 38]",310.1,268,8.86,0.48
07:44:37,"[301.43, 84]","[297.64, 200]","[311.92, 25]","[314.04, 45]",306.67,354,10.49,0.6
07:44:38,"[300.25, 56]","[296.35, 138]","[306.58, 31]","[309.14, 22]",303.42,247,6.33,0.57
07:44:39,"[300.11, 61]","[296.16, 146]","[308.78, 18]","[311.7, 30]",304.45,255,8.66,0.62
07:44:40,"[299.57, 56]","[297.04, 121]","[308.39, 28]","[313.3, 30]",303.98,235,8.82,0.51
07:44:41,"[303.0, 12]","[299.0, 36]","[316.33, 18]","[493.65, 23]",309.67,89,13.33,0.08
07:44:42,"[303.0, 18]","[299.0, 54]","[316.0, 27]","[572.62, 26]",309.5,125,13.0,0.15
07:44:43,"[310.11, 54]","[299.23, 70]","[316.0, 39]","[453.81, 27]",313.06,190,5.89,0.31
07:44:44,"[315.0, 147]","[304.46, 26]","[316.0, 42]","[425.0, 28]",315.5,243,1.0,0.42
07:44:45,"[315.0, 56]","[313.0, 8]","[316.0, 24]","[448.35, 20]",315.5,108,1.0,0.19
07:44:46,"[314.08, 13]","[304.69, 13]","[316.0, 21]","[332.29, 21]",315.04,68,1.92,-0.24
07:44:47,"[307.8, 10]","[299.91, 22]","[316.0, 24]","[379.33, 18]",311.9,74,8.2,-0.14
07:44:48,"[308.31, 26]","[298.81, 21]","[316.0, 27]","[397.78, 18]",312.15,92,7.69,0.02
07:44:49,"[303.73, 11]","[295.51, 43]","[316.0, 27]","[489.38, 21]",309.86,102,12.27,0.06
07:44:50,"[302.27, 11]","[297.79, 19]","[316.0, 33]","[383.62, 37]",309.14,100,13.73,-0.4
07:44:51,"[305.8, 25]","[303.22, 18]","[316.0, 48]","[358.24, 68]",310.9,159,10.2,-0.46
07:44:52,"[308.93, 42]","[304.22, 36]","[315.38, 40]","[390.71, 34]",312.15,152,6.45,0.03
07:44:53,"[312.0, 48]","[307.59, 51]","[314.42, 60]","[316.0, 36]",313.21,195,2.42,0.02
07:44:54,"[312.0, 24]","[310.0, 12]","[313.5, 30]","[322.83, 18]",312.75,84,1.5,-0.14
07:44:55,"[311.47, 38]","[307.86, 49]","[312.79, 56]","[320.68, 38]",312.13,181,1.31,-0.04
07:44:56,"[307.0, 84]","[301.0, 60]","[310.19, 26]","[318.5, 22]",308.6,192,3.19,0.5
07:44:57,"[307.0, 90]","[300.53, 57]","[309.0, 21]","[315.16, 49]",308.0,217,2.0,0.35
07:44:58,"[303.03, 37]","[298.92, 26]","[306.91, 11]","[317.68, 31]",304.97,105,3.88,0.2
07:44:59,"[300.0, 30]","[298.0, 20]","[304.0, 10]","[306.2, 10]",302.0,70,4.0,0.43
07:45:00,"[300.0, 99]","[298.0, 18]","[302.0, 9]","[304.0, 27]",301.0,153,2.0,0.53
07:45:01,"[300.0, 96]","[298.0, 16]","[302.0, 8]","[304.0, 32]",301.0,152,2.0,0.47
07:45:02,"[300.0, 108]","[298.0, 18]","[302.0, 9]","[304.0, 36]",301.0,171,2.0,0.47
07:45:03,"[300.0, 108]","[298.0, 18]","[302.9, 20]","[304.38, 21]",301.45,167,2.9,0.51
07:45:04,"[300.0, 132]","[298.0, 22]","[301.0, 11]","[303.07, 43]",300.5,208,1.0,0.48
07:45:05,"[300.0, 132]","[298.0, 22]","[302.93, 29]","[303.94, 32]",301.47,215,2.93,0.43
07:45:06,"[300.0, 132]","[298.0, 22]","[303.0, 20]","[303.79, 19]",301.5,193,3.0,0.6
07:45:07,"[301.62, 77]","[301.19, 36]","[308.5, 36]","[503.14, 21]",305.06,170,6.88,0.33
07:45:08,"[308.14, 28]","[307.0, 21]","[310.0, 21]","[467.83, 23]",309.07,93,1.86,0.05
07:45:09,"[308.62, 58]","[306.74, 19]","[345.89, 65]","[441.55, 44]",327.26,186,37.27,-0.17
07:45:10,"[311.08, 38]","[309.1, 30]","[313.0, 46]","[454.7, 30]",312.04,144,1.92,-0.06
07:45:11,"[311.88, 40]","[307.0, 24]","[313.0, 32]","[527.38, 24]",312.44,120,1.12,0.07
07:45:12,"[312.0, 45]","[307.0, 27]","[313.0, 36]","[570.28, 25]",312.5,133,1.0,0.08
07:45:13,"[310.78, 64]","[308.15, 34]","[312.93, 30]","[518.33, 18]",311.86,146,2.15,0.34
07:45:14,"[310.0, 104]","[307.0, 24]","[312.0, 16]","[313.0, 32]",311.0,176,2.0,0.45
07:45:15,"[310.0, 98]","[307.0, 24]","[311.75, 16]","[313.0, 32]",310.88,170,1.75,0.44
07:45:16,"[310.0, 75]","[307.0, 27]","[311.0, 18]","[316.11, 36]",310.5,156,1.0,0.31
07:45:17,"[309.23, 35]","[306.54, 39]","[313.77, 26]","[321.14, 37]",311.5,137,4.54,0.08
07:45:18,"[307.0, 18]","[306.0, 36]","[314.0, 18]","[330.0, 18]",310.5,90,7.0,0.2
07:45:19,"[307.0, 18]","[306.0, 36]","[308.0, 12]","[312.0, 12]",307.5,78,1.0,0.38
07:45:20,"[306.1, 31]","[300.88, 41]","[310.5, 16]","[316.62, 26]",308.3,114,4.4,0.26
07:45:21,"[306.0, 24]","[300.0, 30]","[312.0, 12]","[318.0, 24]",309.0,90,6.0,0.2
07:45:22,"[306.0, 26]","[300.0, 40]","[312.0, 16]","[318.0, 32]",309.0,114,6.0,0.16
07:45:23,"[301.0, 24]","[298.12, 32]","[308.94, 17]","[315.93, 29]",304.97,102,7.94,0.1
07:45:24,"[300.0, 46]","[295.0, 36]","[301.68, 31]","[307.31, 29]",300.84,142,1.68,0.15
07:45:25,"[300.0, 30]","[295.0, 30]","[302.0, 10]","[313.0, 20]",301.0,90,2.0,0.33
07:45:26,"[300.0, 21]","[295.0, 21]","[302.0, 7]","[313.5, 16]",301.0,65,2.0,0.29
07:45:27,"[300.0, 45]","[295.0, 45]","[415.31, 35]","[448.2, 61]",357.66,186,115.31,-0.03
07:45:28,"[300.0, 24]","[295.0, 24]","[313.0, 40]","[398.93, 30]",306.5,118,13.0,-0.19
07:45:29,"[311.0, 32]","[302.5, 28]","[313.0, 80]","[316.0, 48]",312.0,188,2.0,-0.36
07:45:30,"[305.0, 24]","[297.6, 20]","[312.12, 41]","[313.81, 48]",308.56,133,7.12,-0.34
07:45:31,"[299.45, 33]","[297.06, 95]","[307.0, 22]","[312.0, 55]",303.23,205,7.55,0.25
07:45:32,"[300.67, 27]","[295.11, 27]","[307.0, 18]","[312.0, 45]",303.83,117,6.33,-0.08
07:45:33,"[296.74, 23]","[293.29, 21]","[307.0, 14]","[312.0, 35]",301.87,93,10.26,-0.05
07:45:34,"[294.0, 64]","[292.0, 48]","[302.18, 34]","[305.81, 43]",298.09,189,8.18,0.19
07:45:35,"[294.0, 44]","[292.0, 33]","[298.0, 28]","[305.0, 33]",296.0,138,4.0,0.12
07:45:36,"[294.17, 48]","[282.68, 47]","[298.0, 24]","[305.0, 36]",296.08,155,3.83,0.23
07:45:37,"[295.44, 50]","[292.31, 35]","[299.66, 29]","[305.56, 50]",297.55,164,4.22,0.04
07:45:38,"[290.0, 20]","[288.04, 25]","[304.0, 63]","[305.0, 39]",297.0,147,14.0,-0.39
07:45:39,"[290.0, 11]","[287.0, 11]","[304.0, 66]","[305.0, 33]",297.0,121,14.0,-0.64
07:45:40,"[290.0, 8]","[287.0, 8]","[304.0, 48]","[305.0, 24]",297.0,88,14.0,-0.64
07:45:41,"[290.54, 13]","[288.62, 13]","[304.0, 78]","[305.0, 39]",297.27,143,13.46,-0.64
07:45:42,"[291.55, 11]","[289.64, 11]","[303.06, 53]","[303.94, 51]",297.3,126,11.51,-0.65
07:45:43,"[291.79, 14]","[282.26, 70]","[302.0, 70]","[303.0, 56]",296.89,210,10.21,-0.2
07:45:44,"[294.0, 13]","[283.43, 46]","[301.64, 39]","[302.36, 55]",297.82,153,7.64,-0.23
07:45:45,"[298.04, 24]","[296.96, 23]","[301.89, 54]","[302.76, 63]",299.97,164,3.85,-0.43
07:45:46,"[299.6, 10]","[298.0, 10]","[302.55, 53]","[303.14, 28]",301.07,101,2.95,-0.6
07:45:47,"[300.76, 29]","[299.42, 24]","[303.0, 145]","[304.0, 21]",301.88,219,2.24,-0.52
07:45:48,"[301.17, 24]","[300.0, 12]","[303.0, 51]","[304.0, 12]",302.08,99,1.83,-0.27
07:45:49,"[301.79, 38]","[295.71, 14]","[303.5, 20]","[304.88, 34]",302.64,106,1.71,-0.02
07:45:50,"[301.71, 31]","[293.71, 17]","[303.72, 18]","[304.98, 40]",302.72,106,2.01,-0.09
07:45:51,"[301.0, 10]","[289.74, 19]","[303.0, 50]","[304.0, 10]",302.0,89,2.0,-0.35
07:45:52,"[301.0, 12]","[290.0, 24]","[303.0, 60]","[304.86, 29]",302.0,125,2.0,-0.42
07:45:53,"[301.0, 7]","[290.0, 14]","[303.0, 35]","[305.0, 28]",302.0,84,2.0,-0.5
07:45:54,"[301.0, 9]","[289.84, 19]","[303.0, 45]","[305.0, 36]",302.0,109,2.0,-0.49
07:45:55,"[301.89, 28]","[293.55, 29]","[303.0, 77]","[305.0, 68]",302.45,202,1.11,-0.44
07:45:56,"[289.42, 31]","[288.23, 13]","[302.73, 33]","[304.71, 42]",296.07,119,13.31,-0.26
07:45:57,"[290.1, 20]","[288.92, 36]","[301.0, 42]","[303.0, 42]",295.55,140,10.9,-0.2
07:45:58,"[291.0, 12]","[289.0, 36]","[301.0, 36]","[303.0, 36]",296.0,120,10.0,-0.2
07:45:59,"[293.84, 19]","[290.73, 22]","[301.89, 45]","[305.58, 52]",297.87,138,8.05,-0.41
07:46:00,"[293.79, 33]","[289.71, 28]","[298.61, 57]","[305.07, 88]",296.2,206,4.83,-0.41
07:46:01,"[291.0, 14]","[289.0, 14]","[303.12, 64]","[305.65, 46]",297.06,138,12.12,-0.59
07:46:02,"[291.0, 10]","[289.0, 10]","[304.86, 21]","[306.86, 29]",297.93,70,13.86,-0.43
07:46:03,"[292.53, 87]","[290.6, 15]","[303.27, 45]","[305.0, 30]",297.9,177,10.74,0.15
07:46:04,"[294.0, 92]","[289.67, 12]","[302.94, 32]","[305.86, 42]",298.47,178,8.94,0.17
07:46:05,"[294.0, 104]","[289.0, 13]","[303.27, 44]","[305.95, 38]",298.64,199,9.27,0.18
07:46:06,"[294.0, 88]","[289.0, 11]","[303.0, 22]","[304.45, 22]",298.5,143,9.0,0.38
07:46:07,"[294.0, 64]","[289.0, 8]","[303.0, 16]","[304.0, 16]",298.5,104,9.0,0.38
07:46:08,"[297.32, 37]","[294.03, 91]","[303.0, 26]","[304.0, 26]",300.16,180,5.68,0.42
07:46:09,"[299.36, 77]","[298.0, 22]","[303.0, 22]","[304.0, 22]",301.18,143,3.64,0.38
07:46:10,"[301.0, 91]","[296.18, 17]","[303.31, 26]","[304.18, 22]",302.15,156,2.31,0.38
07:46:11,"[302.8, 210]","[301.32, 62]","[304.0, 27]","[305.0, 79]",303.4,378,1.2,0.44
07:46:12,"[303.01, 201]","[302.37, 135]","[305.0, 81]","[307.0, 68]",304.01,485,1.99,0.39
07:46:13,"[303.0, 180]","[293.29, 21]","[305.0, 25]","[307.0, 36]",304.0,262,2.0,0.53
07:46:14,"[302.56, 126]","[288.0, 9]","[306.13, 15]","[307.07, 30]",304.34,180,3.58,0.5
07:46:15,"[289.34, 145]","[289.08, 110]","[305.43, 14]","[306.75, 32]",297.38,301,16.09,0.69
07:46:16,"[292.43, 266]","[291.36, 14]","[303.04, 54]","[305.0, 14]",297.73,348,10.61,0.61
07:46:17,"[294.9, 69]","[293.43, 159]","[303.0, 64]","[305.0, 12]",298.95,304,8.1,0.5
07:46:18,"[297.91, 44]","[296.0, 209]","[303.0, 55]","[305.0, 11]",300.45,319,5.09,0.59
07:46:19,"[299.59, 39]","[296.52, 132]","[303.0, 27]","[305.0, 9]",301.29,207,3.41,0.65
07:46:20,"[301.96, 179]","[300.72, 50]","[303.0, 22]","[305.0, 11]",302.48,262,1.04,0.75
07:46:21,"[301.85, 106]","[300.46, 52]","[303.86, 14]","[305.88, 34]",302.85,206,2.01,0.53
07:46:22,"[304.31, 272]","[302.0, 112]","[305.87, 52]","[306.51, 71]",305.09,507,1.55,0.51
07:46:23,"[302.99, 172]","[295.75, 132]","[308.38, 48]","[316.91, 54]",305.68,406,5.38,0.5
07:46:24,"[303.26, 129]","[295.67, 135]","[305.47, 30]","[344.61, 41]",304.36,335,2.21,0.58
07:46:25,"[305.04, 81]","[297.24, 119]","[442.22, 41]","[511.71, 41]",373.63,282,137.18,0.42
07:46:26,"[308.45, 55]","[304.33, 105]","[488.6, 75]","[584.09, 43]",398.53,278,180.15,0.15
07:46:27,"[309.52, 29]","[307.34, 59]","[491.86, 42]","[502.0, 48]",400.69,178,182.34,-0.01
07:46:28,"[307.77, 43]","[296.19, 64]","[478.34, 29]","[502.81, 43]",393.06,179,170.58,0.2
07:46:29,"[309.3, 30]","[307.0, 70]","[429.0, 50]","[485.62, 24]",369.15,174,119.7,0.15
07:46:30,"[312.54, 100]","[308.85, 52]","[428.89, 56]","[472.5, 40]",370.72,248,116.35,0.23
07:46:31,"[313.54, 83]","[312.53, 43]","[417.05, 19]","[450.84, 37]",365.3,182,103.51,0.38
07:46:32,"[314.77, 56]","[312.88, 131]","[373.77, 39]","[376.0, 13]",344.27,239,59.0,0.56
07:46:33,"[314.0, 120]","[307.28, 85]","[370.67, 36]","[472.0, 22]",342.33,263,56.67,0.56
07:46:34,"[314.0, 70]","[310.0, 56]","[369.86, 21]","[557.64, 25]",341.93,172,55.86,0.47
07:46:35,"[314.53, 85]","[312.95, 122]","[366.55, 33]","[368.56, 32]",340.54,272,52.02,0.52
07:46:36,"[315.0, 39]","[314.0, 60]","[363.88, 16]","[365.43, 14]",339.44,129,48.88,0.53
07:46:37,"[315.0, 96]","[314.0, 120]","[362.0, 36]","[365.0, 24]",338.5,276,47.0,0.57
07:46:38,"[315.0, 88]","[314.0, 110]","[349.52, 33]","[351.26, 43]",332.26,274,34.52,0.45
07:46:39,"[315.0, 128]","[314.0, 160]","[330.79, 42]","[336.82, 39]",322.89,369,15.79,0.56
07:46:40,"[314.83, 60]","[313.27, 147]","[316.0, 39]","[342.61, 36]",315.42,282,1.17,0.47
07:46:41,"[314.0, 90]","[310.0, 243]","[315.11, 27]","[387.13, 39]",314.56,399,1.11,0.67
07:46:42,"[314.0, 77]","[310.0, 324]","[346.17, 36]","[393.3, 50]",330.08,487,32.17,0.65
07:46:43,"[314.0, 30]","[310.0, 270]","[354.5, 20]","[452.1, 30]",334.25,350,40.5,0.71
07:46:44,"[314.0, 30]","[310.0, 270]","[333.8, 20]","[351.9, 21]",323.9,341,19.8,0.76
07:46:45,"[310.0, 275]","[306.0, 231]","[329.45, 22]","[370.25, 24]",319.73,552,19.45,0.83
07:46:46,"[310.0, 300]","[306.0, 252]","[328.0, 24]","[429.29, 28]",319.0,604,18.0,0.83
07:46:47,"[310.0, 225]","[306.0, 189]","[328.0, 18]","[519.11, 27]",319.0,459,18.0,0.8
07:46:48,"[310.0, 317]","[306.32, 297]","[419.97, 31]","[598.43, 42]",364.99,687,109.96,0.79
07:46:49,"[312.5, 14]","[310.0, 286]","[359.41, 37]","[400.08, 64]",335.95,401,46.91,0.5
07:46:50,"[314.0, 16]","[310.12, 274]","[357.69, 32]","[472.6, 58]",335.84,380,43.69,0.53
07:46:51,"[310.05, 187]","[306.71, 90]","[357.0, 24]","[488.0, 36]",333.53,337,46.95,0.64
07:46:52,"[310.0, 153]","[307.76, 109]","[357.0, 18]","[475.33, 27]",333.5,307,47.0,0.71
07:46:53,"[310.85, 99]","[309.33, 179]","[357.0, 24]","[502.25, 36]",333.92,338,46.15,0.64
07:46:54,"[316.0, 14]","[310.0, 153]","[357.0, 18]","[404.56, 27]",336.5,212,41.0,0.58
07:46:55,"[316.0, 15]","[310.0, 255]","[356.27, 30]","[408.0, 45]",336.13,345,40.27,0.57
07:46:56,"[312.0, 24]","[309.84, 148]","[354.78, 18]","[408.0, 27]",333.39,217,42.78,0.59
07:46:57,"[310.0, 120]","[308.0, 108]","[353.0, 18]","[411.11, 27]",331.5,273,43.0,0.67
07:46:58,"[310.38, 95]","[309.61, 108]","[352.0, 27]","[443.11, 38]",331.19,268,41.62,0.51
07:46:59,"[310.1, 58]","[309.27, 41]","[348.83, 12]","[537.17, 18]",329.47,129,38.73,0.53
07:47:00,"[310.0, 77]","[309.0, 66]","[347.12, 25]","[525.59, 32]",328.56,200,37.12,0.43
07:47:01,"[310.06, 52]","[309.33, 63]","[345.36, 25]","[346.1, 29]",327.71,169,35.3,0.36
07:47:02,"[312.72, 75]","[309.46, 100]","[343.04, 23]","[343.59, 17]",327.88,215,30.32,0.63
07:47:03,"[313.0, 65]","[308.53, 131]","[332.98, 50]","[334.86, 42]",322.99,288,19.98,0.36
07:47:04,"[313.0, 45]","[310.0, 81]","[329.0, 24]","[330.72, 39]",321.0,189,16.0,0.33
07:47:05,"[310.36, 66]","[308.38, 148]","[324.58, 45]","[326.15, 40]",317.47,299,14.21,0.43
07:47:06,"[310.0, 28]","[308.0, 168]","[319.87, 31]","[321.6, 40]",314.94,267,9.87,0.47
07:47:07,"[313.11, 54]","[308.33, 86]","[316.39, 18]","[318.16, 25]",314.75,183,3.28,0.53
07:47:08,"[314.0, 19]","[310.0, 16]","[315.0, 40]","[416.29, 14]",314.5,89,1.0,-0.21
07:47:09,"[314.0, 10]","[310.22, 18]","[315.0, 41]","[381.05, 38]",314.5,107,1.0,-0.48
07:47:10,"[313.0, 10]","[310.67, 15]","[397.14, 21]","[519.1, 30]",355.07,76,84.14,-0.34
07:47:11,"[312.0, 11]","[310.0, 22]","[390.95, 19]","[408.32, 25]",351.47,77,78.95,-0.14
07:47:12,"[308.94, 17]","[307.92, 59]","[338.0, 6]","[340.0, 18]",323.47,100,29.06,0.52
07:47:13,"[311.83, 12]","[308.88, 34]","[336.84, 56]","[470.92, 39]",324.34,141,25.01,-0.35
07:47:14,"[308.1, 92]","[307.08, 100]","[335.4, 42]","[397.02, 47]",321.75,281,27.31,0.37
07:47:15,"[308.0, 135]","[307.0, 150]","[328.54, 37]","[332.33, 39]",318.27,361,20.54,0.58
07:47:16,"[308.0, 144]","[307.0, 160]","[311.95, 56]","[312.67, 49]",309.97,409,3.95,0.49
07:47:17,"[308.0, 63]","[307.0, 120]","[309.0, 24]","[312.19, 48]",308.5,255,1.0,0.44
07:47:18,"[307.38, 73]","[306.78, 90]","[308.57, 28]","[312.2, 40]",307.98,231,1.19,0.41
07:47:19,"[307.0, 115]","[250.62, 48]","[308.52, 31]","[312.81, 42]",307.76,236,1.52,0.38
07:47:20,"[307.0, 99]","[257.58, 64]","[308.58, 24]","[314.0, 48]",307.79,235,1.58,0.39
07:47:21,"[307.0, 73]","[303.0, 99]","[312.5, 40]","[423.63, 49]",309.75,261,5.5,0.32
07:47:22,"[307.9, 87]","[306.05, 128]","[310.55, 65]","[336.26, 85]",309.23,365,2.66,0.18
07:47:23,"[308.0, 9]","[307.0, 45]","[316.0, 36]","[481.08, 24]",312.0,114,8.0,-0.05
07:47:24,"[307.0, 35]","[283.55, 31]","[316.0, 28]","[536.25, 16]",311.5,110,9.0,0.2
07:47:25,"[307.06, 51]","[300.84, 50]","[316.0, 48]","[408.6, 52]",311.53,201,8.94,0.0
07:47:26,"[307.92, 78]","[306.63, 76]","[315.16, 50]","[438.22, 63]",311.54,267,7.24,0.15
07:47:27,"[309.61, 28]","[307.56, 54]","[316.0, 76]","[466.08, 53]",312.8,211,6.39,-0.22
07:47:28,"[307.5, 16]","[304.47, 38]","[318.67, 36]","[386.44, 18]",313.08,108,11.17,0.0
07:47:29,"[307.56, 27]","[304.18, 34]","[320.0, 28]","[452.0, 14]",313.78,103,12.44,0.18
07:47:30,"[312.0, 8]","[307.0, 48]","[319.75, 32]","[375.67, 24]",315.88,112,7.75,0.0
07:47:31,"[313.36, 11]","[307.61, 41]","[317.73, 44]","[321.64, 44]",315.55,140,4.36,-0.26
07:47:32,"[315.0, 9]","[313.43, 21]","[317.0, 36]","[324.0, 36]",316.0,102,2.0,-0.41
07:47:33,"[315.0, 11]","[314.0, 55]","[316.45, 44]","[324.0, 44]",315.73,154,1.45,-0.14
07:47:34,"[314.04, 26]","[313.0, 40]","[316.64, 44]","[327.13, 30]",315.34,140,2.6,-0.06
07:47:35,"[312.0, 11]","[311.0, 67]","[326.71, 17]","[328.41, 34]",319.35,129,14.71,0.21
07:47:36,"[311.23, 26]","[309.46, 78]","[325.36, 11]","[327.0, 22]",318.3,137,14.13,0.52
07:47:37,"[311.0, 18]","[307.0, 54]","[324.0, 9]","[328.88, 34]",317.5,115,13.0,0.25
07:47:38,"[311.0, 32]","[307.0, 96]","[322.61, 49]","[327.87, 31]",316.81,208,11.61,0.23
07:47:39,"[311.0, 20]","[307.0, 60]","[321.14, 22]","[321.43, 28]",316.07,130,10.14,0.23
07:47:40,"[311.0, 24]","[307.0, 72]","[315.82, 33]","[319.96, 27]",313.41,156,4.82,0.23
07:47:41,"[307.31, 26]","[303.67, 18]","[315.0, 20]","[317.0, 5]",311.15,69,7.69,0.28
07:47:42,"[307.0, 84]","[302.0, 42]","[313.26, 39]","[314.81, 26]",310.13,191,6.26,0.32
07:47:43,"[302.43, 63]","[271.21, 38]","[308.6, 47]","[309.86, 36]",305.51,184,6.17,0.1
07:47:44,"[301.0, 33]","[248.62, 32]","[306.84, 25]","[308.08, 39]",303.92,129,5.84,0.01
07:47:45,"[301.0, 30]","[263.72, 18]","[306.88, 34]","[307.95, 38]",303.94,120,5.88,-0.2
07:47:46,"[301.0, 42]","[294.09, 22]","[304.94, 63]","[306.18, 56]",302.97,183,3.94,-0.3
07:47:47,"[284.43, 21]","[82.75, 24]","[302.64, 33]","[307.05, 37]",293.53,115,18.21,-0.22
07:47:48,"[129.0, 29]","[44.91, 46]","[301.0, 22]","[303.0, 33]",215.0,130,172.0,0.15
07:47:49,"[253.0, 16]","[252.0, 32]","[300.19, 31]","[301.95, 19]",276.6,98,47.19,-0.02
07:47:50,"[257.86, 14]","[254.0, 16]","[300.0, 63]","[303.32, 25]",278.93,118,42.14,-0.49
07:47:51,"[261.08, 24]","[258.0, 12]","[300.0, 64]","[303.76, 17]",280.54,117,38.92,-0.38
07:47:52,"[262.46, 26]","[258.0, 13]","[300.0, 65]","[302.0, 13]",281.23,117,37.54,-0.33
07:47:53,"[275.5, 36]","[261.85, 13]","[300.0, 40]","[302.0, 8]",287.75,97,24.5,0.01
07:47:54,"[263.78, 18]","[258.0, 9]","[300.0, 45]","[302.0, 9]",281.89,81,36.22,-0.33
07:47:55,"[265.0, 10]","[206.88, 17]","[300.0, 19]","[302.0, 5]",282.5,51,35.0,0.06
07:47:56,"[265.7, 20]","[153.97, 35]","[300.0, 20]","[302.0, 10]",282.85,85,34.3,0.29
07:47:57,"[267.27, 15]","[114.32, 34]","[300.0, 16]","[302.0, 8]",283.63,73,32.73,0.34
07:47:58,"[266.0, 14]","[198.0, 7]","[300.0, 14]","[301.14, 7]",283.0,42,34.0,0.0
07:47:59,"[267.34, 47]","[266.93, 83]","[300.0, 20]","[301.0, 10]",283.67,160,32.66,0.62
07:48:00,"[272.41, 82]","[272.11, 92]","[300.0, 34]","[301.0, 17]",286.21,225,27.59,0.55
07:48:01,"[292.67, 43]","[278.06, 32]","[301.72, 25]","[304.33, 49]",297.2,149,9.05,0.01
07:48:02,"[301.72, 67]","[292.76, 25]","[304.82, 34]","[306.06, 51]",303.27,177,3.11,0.04
07:48:03,"[303.84, 50]","[292.85, 26]","[307.56, 34]","[325.57, 49]",305.7,159,3.72,-0.04
07:48:04,"[313.5, 48]","[309.65, 51]","[419.73, 49]","[455.52, 29]",366.62,177,106.23,0.12
07:48:05,"[316.0, 36]","[312.67, 54]","[429.06, 34]","[501.5, 14]",372.53,138,113.06,0.3
07:48:06,"[316.0, 21]","[314.0, 21]","[361.43, 7]","[623.67, 9]",338.71,58,45.43,0.45
07:48:07,"[313.75, 32]","[313.14, 21]","[338.5, 16]","[418.75, 32]",326.12,101,24.75,0.05
07:48:08,"[312.0, 42]","[311.0, 14]","[341.77, 31]","[386.0, 21]",326.89,108,29.77,0.04
07:48:09,"[312.0, 30]","[311.0, 10]","[345.0, 15]","[421.38, 13]",328.5,68,33.0,0.18
07:48:10,"[307.13, 76]","[295.73, 11]","[343.74, 38]","[402.07, 30]",325.43,155,36.61,0.12
07:48:11,"[307.0, 42]","[253.0, 7]","[342.0, 24]","[399.48, 27]",324.5,100,35.0,-0.02
07:48:12,"[307.0, 46]","[261.0, 27]","[321.44, 32]","[329.19, 43]",314.22,148,14.44,-0.01
07:48:13,"[308.8, 10]","[297.0, 12]","[339.3, 40]","[370.6, 30]",324.05,92,30.5,-0.52
07:48:14,"[315.25, 16]","[309.33, 9]","[338.59, 27]","[417.45, 20]",326.92,72,23.34,-0.31
07:48:15,"[314.62, 13]","[309.22, 9]","[336.67, 30]","[337.33, 15]",325.64,67,22.05,-0.34
07:48:16,"[310.04, 23]","[303.73, 11]","[334.09, 32]","[334.61, 23]",322.07,89,24.05,-0.24
07:48:17,"[312.0, 79]","[307.0, 12]","[331.07, 30]","[332.8, 30]",321.53,151,19.07,0.21
07:48:18,"[312.83, 36]","[311.63, 51]","[329.78, 9]","[331.0, 36]",321.31,132,16.94,0.32
07:48:19,"[314.89, 47]","[312.86, 42]","[328.07, 43]","[330.09, 22]",321.48,154,13.18,0.16
07:48:20,"[314.86, 28]","[312.29, 56]","[326.0, 48]","[329.0, 12]",320.43,144,11.14,0.17
07:48:21,"[314.0, 39]","[312.0, 85]","[323.72, 50]","[324.75, 32]",318.86,206,9.72,0.2
07:48:22,"[314.0, 33]","[312.0, 66]","[318.09, 23]","[319.84, 32]",316.04,154,4.09,0.29
07:48:23,"[313.33, 36]","[311.77, 62]","[315.87, 31]","[317.07, 28]",314.6,157,2.54,0.25
07:48:24,"[312.36, 28]","[311.74, 81]","[314.0, 52]","[325.78, 46]",313.18,207,1.64,0.05
07:48:25,"[312.0, 26]","[311.0, 84]","[362.7, 33]","[652.1, 21]",337.35,164,50.7,0.34
07:48:26,"[312.0, 9]","[310.8, 60]","[376.0, 27]","[540.0, 9]",344.0,105,64.0,0.31
07:48:27,"[312.53, 15]","[310.48, 31]","[361.9, 49]","[390.3, 47]",337.22,142,49.36,-0.35
07:48:28,"[313.57, 21]","[312.31, 13]","[366.59, 41]","[422.52, 50]",340.08,125,53.01,-0.46
07:48:29,"[314.0, 27]","[313.0, 9]","[373.44, 27]","[429.0, 36]",343.72,99,59.44,-0.27
07:48:30,"[313.81, 21]","[312.0, 16]","[372.15, 39]","[566.32, 28]",342.98,104,58.34,-0.29
07:48:31,"[311.0, 11]","[308.0, 8]","[368.85, 13]","[586.2, 15]",339.92,47,57.85,-0.19
07:48:32,"[311.6, 15]","[310.08, 13]","[363.94, 17]","[369.25, 16]",337.77,61,52.34,-0.08
07:48:33,"[312.0, 36]","[311.0, 36]","[347.85, 26]","[361.03, 31]",329.92,129,35.85,0.12
07:48:34,"[315.2, 30]","[311.75, 24]","[336.25, 28]","[337.03, 29]",325.73,111,21.05,-0.03
07:48:35,"[316.0, 40]","[312.0, 30]","[334.64, 14]","[397.35, 34]",325.32,118,18.64,0.19
07:48:36,"[313.23, 26]","[311.25, 24]","[332.88, 24]","[334.0, 8]",323.05,82,19.64,0.22
07:48:37,"[312.0, 23]","[311.0, 33]","[332.0, 33]","[334.0, 11]",322.0,100,20.0,0.12
07:48:38,"[309.0, 8]","[308.2, 20]","[331.0, 5]","[332.0, 15]",320.0,48,22.0,0.17
07:48:39,"[311.36, 50]","[307.41, 34]","[330.29, 21]","[331.78, 23]",320.82,128,18.93,0.31
07:48:40,"[312.0, 60]","[308.0, 20]","[328.64, 14]","[329.15, 26]",320.32,120,16.64,0.33
07:48:41,"[312.0, 62]","[308.0, 22]","[326.07, 29]","[327.8, 15]",319.03,128,14.07,0.31
07:48:42,"[311.6, 20]","[307.64, 28]","[325.15, 13]","[326.03, 31]",318.38,92,13.55,0.04
07:48:43,"[307.08, 39]","[203.38, 63]","[315.58, 26]","[329.91, 35]",311.33,163,8.5,0.25
07:48:44,"[308.0, 116]","[307.0, 33]","[319.65, 40]","[340.76, 29]",313.82,218,11.65,0.37
07:48:45,"[311.5, 24]","[307.9, 60]","[317.0, 22]","[320.0, 55]",314.25,161,5.5,0.04
07:48:46,"[315.0, 9]","[308.0, 54]","[318.52, 33]","[348.8, 25]",316.76,121,3.52,0.04
07:48:47,"[315.0, 9]","[308.21, 38]","[316.78, 45]","[464.0, 9]",315.89,101,1.78,-0.07
07:48:48,"[310.8, 10]","[308.2, 30]","[333.74, 19]","[497.82, 11]",322.27,70,22.94,0.14
07:48:49,"[308.33, 9]","[307.75, 24]","[316.71, 7]","[495.0, 12]",312.52,52,8.38,0.27
07:48:50,"[308.0, 16]","[307.0, 16]","[315.88, 16]","[317.0, 8]",311.94,56,7.88,0.14
07:48:51,"[308.83, 36]","[307.67, 18]","[314.08, 24]","[314.7, 23]",311.46,101,5.25,0.07
07:48:52,"[309.4, 48]","[307.91, 22]","[311.54, 39]","[324.24, 34]",310.47,143,2.14,-0.02
07:48:53,"[308.0, 22]","[307.0, 22]","[317.0, 22]","[318.91, 11]",312.5,77,9.0,0.14
07:48:54,"[307.27, 11]","[297.86, 7]","[315.83, 12]","[319.0, 6]",311.55,36,8.56,0.0
07:48:55,"[300.0, 11]","[170.67, 24]","[311.91, 22]","[317.71, 14]",305.95,71,11.91,-0.01
07:48:56,"[300.0, 8]","[193.4, 80]","[303.25, 16]","[306.25, 16]",301.62,120,3.25,0.47
07:48:57,"[302.77, 44]","[213.79, 53]","[304.62, 26]","[308.46, 26]",303.69,149,1.84,0.3
07:48:58,"[304.0, 56]","[303.0, 39]","[305.57, 14]","[308.0, 14]",304.79,123,1.57,0.54
