Time,Bid1,Bid2,Ask1,Ask2,Mid-Price,Total_volume,Bid_ask_spread,Order_imbalance
07:30:00,"[0, 0]","[0, 0]","[278.0, 3]","[0, 0]",139.0,3,278.0,-1.0
07:30:01,"[271.0, 1]","[0, 0]","[278.0, 3]","[0, 0]",274.5,4,7.0,-0.5
07:30:02,"[272.0, 8]","[271.0, 1]","[278.0, 3]","[0, 0]",275.0,12,6.0,0.5
07:30:03,"[273.77, 26]","[273.53, 19]","[278.0, 15]","[331.46, 13]",275.88,73,4.23,0.23
07:30:04,"[276.81, 31]","[275.0, 21]","[291.24, 17]","[323.56, 27]",284.02,96,14.43,0.08
07:30:05,"[278.0, 18]","[277.0, 3]","[303.0, 9]","[340.0, 15]",290.5,45,25.0,-0.07
07:30:06,"[278.21, 14]","[277.86, 14]","[303.0, 12]","[340.0, 20]",290.61,60,24.79,-0.07
07:30:07,"[287.5, 12]","[282.4, 15]","[303.0, 18]","[340.0, 30]",295.25,75,15.5,-0.28
07:30:08,"[289.57, 7]","[288.24, 25]","[303.0, 21]","[340.0, 35]",296.29,88,13.43,-0.27
07:30:09,"[290.0, 6]","[289.0, 36]","[303.0, 18]","[340.0, 30]",296.5,90,13.0,-0.07
07:30:10,"[290.0, 6]","[289.0, 36]","[302.0, 16]","[331.46, 26]",296.0,84,12.0,0.0
07:30:11,"[290.0, 7]","[289.0, 42]","[303.0, 21]","[337.43, 35]",296.5,105,13.0,-0.07
07:30:12,"[290.0, 6]","[289.0, 36]","[303.0, 18]","[334.0, 30]",296.5,90,13.0,-0.07
07:30:13,"[289.65, 17]","[288.85, 78]","[301.14, 42]","[302.57, 42]",295.39,179,11.5,0.06
07:30:14,"[294.0, 11]","[289.0, 22]","[300.36, 33]","[302.27, 33]",297.18,99,6.36,-0.33
07:30:15,"[294.0, 16]","[289.0, 32]","[299.25, 48]","[305.0, 48]",296.62,144,5.25,-0.33
07:30:16,"[294.0, 14]","[289.6, 30]","[298.43, 42]","[301.64, 42]",296.21,128,4.43,-0.31
07:30:17,"[294.0, 13]","[292.0, 39]","[297.15, 39]","[298.15, 39]",295.58,130,3.15,-0.2
07:30:18,"[292.34, 29]","[290.45, 31]","[295.0, 39]","[296.62, 39]",293.67,138,2.66,-0.13
07:30:19,"[292.0, 43]","[289.0, 30]","[294.35, 34]","[295.53, 45]",293.18,152,2.35,-0.04
07:30:20,"[288.26, 62]","[284.41, 98]","[291.74, 46]","[293.01, 67]",290.0,273,3.48,0.17
07:30:21,"[288.0, 24]","[284.0, 84]","[289.55, 44]","[292.18, 68]",288.77,220,1.55,-0.02
07:30:22,"[288.0, 54]","[283.89, 72]","[289.63, 62]","[294.69, 70]",288.81,258,1.63,-0.02
07:30:23,"[280.64, 50]","[276.0, 25]","[295.33, 21]","[298.75, 48]",287.99,144,14.69,0.04
07:30:24,"[280.42, 38]","[273.15, 33]","[297.17, 29]","[299.11, 38]",288.8,138,16.75,0.03
07:30:25,"[284.4, 20]","[275.44, 18]","[296.63, 38]","[298.14, 29]",290.52,105,12.23,-0.28
07:30:26,"[278.0, 26]","[273.0, 13]","[290.85, 52]","[294.71, 62]",284.42,153,12.85,-0.49
07:30:27,"[276.33, 21]","[258.35, 43]","[284.66, 58]","[293.29, 51]",280.49,173,8.32,-0.26
07:30:28,"[279.0, 22]","[267.63, 92]","[290.66, 82]","[292.16, 49]",284.83,245,11.66,-0.07
07:30:29,"[288.62, 8]","[278.5, 18]","[290.59, 29]","[292.43, 42]",289.61,97,1.96,-0.46
07:30:30,"[276.33, 49]","[272.24, 89]","[289.68, 44]","[292.03, 62]",283.0,244,13.36,0.13
07:30:31,"[275.0, 84]","[266.0, 120]","[288.08, 36]","[291.4, 50]",281.54,290,13.08,0.41
07:30:32,"[280.57, 14]","[275.54, 37]","[287.4, 30]","[290.12, 41]",283.99,122,6.83,-0.16
07:30:33,"[279.64, 11]","[277.0, 22]","[284.34, 29]","[285.92, 26]",281.99,88,4.71,-0.25
07:30:34,"[278.0, 12]","[277.0, 24]","[282.21, 29]","[283.26, 31]",280.1,96,4.21,-0.25
07:30:35,"[277.16, 19]","[275.22, 54]","[280.87, 31]","[281.81, 32]",279.01,136,3.71,0.07
07:30:36,"[277.0, 16]","[275.0, 48]","[280.0, 16]","[281.0, 24]",278.5,104,3.0,0.23
07:30:37,"[277.0, 26]","[275.0, 78]","[279.46, 26]","[281.0, 39]",278.23,169,2.46,0.23
07:30:38,"[277.0, 22]","[275.0, 66]","[278.0, 22]","[281.0, 33]",277.5,143,1.0,0.23
07:30:39,"[277.0, 28]","[275.04, 69]","[278.0, 28]","[281.0, 42]",277.5,167,1.0,0.16
07:30:40,"[277.0, 22]","[275.0, 66]","[278.0, 22]","[280.89, 27]",277.5,137,1.0,0.28
07:30:41,"[277.0, 22]","[275.0, 66]","[280.08, 49]","[283.98, 49]",278.54,186,3.08,-0.05
07:30:42,"[277.0, 16]","[275.0, 48]","[280.5, 40]","[284.78, 36]",278.75,140,3.5,-0.09
07:30:43,"[277.0, 12]","[275.0, 36]","[283.0, 30]","[287.0, 24]",280.0,102,6.0,-0.06
07:30:44,"[278.4, 15]","[275.74, 38]","[283.0, 55]","[287.0, 44]",280.7,152,4.6,-0.3
07:30:45,"[280.0, 5]","[279.0, 50]","[283.0, 25]","[288.25, 24]",281.5,104,3.0,0.06
07:30:46,"[280.0, 6]","[278.81, 52]","[283.0, 15]","[288.0, 30]",281.5,103,3.0,0.13
07:30:47,"[280.0, 8]","[274.0, 16]","[282.0, 24]","[286.57, 28]",281.0,76,2.0,-0.37
07:30:48,"[280.0, 8]","[274.0, 16]","[287.38, 29]","[288.85, 34]",283.69,87,7.38,-0.45
07:30:49,"[281.04, 23]","[279.08, 13]","[289.0, 66]","[290.0, 42]",285.02,144,7.96,-0.5
07:30:50,"[275.09, 46]","[274.89, 19]","[289.0, 72]","[290.0, 36]",282.04,173,13.91,-0.25
07:30:51,"[275.38, 26]","[274.71, 55]","[286.45, 29]","[288.55, 51]",280.92,161,11.06,0.01
07:30:52,"[277.71, 34]","[275.12, 64]","[286.22, 103]","[290.86, 42]",281.96,243,8.52,-0.19
07:30:53,"[279.33, 72]","[274.67, 12]","[285.84, 92]","[289.13, 47]",282.59,223,6.5,-0.25
07:30:54,"[280.68, 75]","[272.33, 18]","[284.89, 57]","[286.18, 103]",282.79,253,4.21,-0.26
07:30:55,"[285.48, 31]","[280.43, 14]","[286.77, 43]","[288.8, 61]",286.13,149,1.28,-0.4
07:30:56,"[285.0, 6]","[281.93, 29]","[289.0, 30]","[295.0, 12]",287.0,77,4.0,-0.09
07:30:57,"[284.0, 45]","[269.59, 17]","[289.0, 45]","[295.0, 18]",286.5,125,5.0,-0.01
07:30:58,"[284.0, 27]","[269.0, 14]","[289.0, 35]","[295.0, 14]",286.5,90,5.0,-0.09
07:30:59,"[284.0, 33]","[269.0, 22]","[289.0, 55]","[295.0, 22]",286.5,132,5.0,-0.17
07:31:00,"[284.0, 30]","[269.0, 20]","[289.0, 50]","[295.0, 20]",286.5,120,5.0,-0.17
07:31:01,"[284.0, 39]","[269.0, 26]","[288.48, 21]","[289.49, 59]",286.24,145,4.48,-0.1
07:31:02,"[284.0, 33]","[269.0, 22]","[286.64, 11]","[290.0, 55]",285.32,121,2.64,-0.09
07:31:03,"[285.05, 76]","[279.53, 47]","[288.74, 77]","[290.51, 71]",286.9,271,3.69,-0.09
07:31:04,"[288.0, 100]","[284.99, 76]","[292.45, 62]","[295.89, 76]",290.23,314,4.45,0.12
07:31:05,"[288.63, 95]","[284.0, 57]","[291.83, 69]","[292.83, 60]",290.23,281,3.19,0.08
07:31:06,"[288.1, 67]","[283.14, 37]","[290.4, 60]","[292.0, 45]",289.25,209,2.3,-0.0
07:31:07,"[284.7, 30]","[283.0, 24]","[288.89, 36]","[290.06, 34]",286.79,124,4.19,-0.13
07:31:08,"[278.38, 45]","[275.02, 49]","[284.83, 58]","[286.87, 54]",281.6,206,6.45,-0.09
07:31:09,"[276.0, 40]","[273.0, 30]","[283.0, 40]","[285.0, 30]",279.5,140,7.0,0.0
07:31:10,"[276.0, 52]","[273.0, 39]","[282.54, 26]","[286.14, 35]",279.27,152,6.54,0.2
07:31:11,"[276.0, 44]","[273.0, 33]","[284.0, 22]","[291.26, 38]",280.0,137,8.0,0.12
07:31:12,"[276.0, 44]","[273.0, 33]","[283.64, 22]","[292.0, 66]",279.82,165,7.64,-0.07
07:31:13,"[280.09, 22]","[274.56, 25]","[290.2, 30]","[307.0, 23]",285.15,100,10.11,-0.06
07:31:14,"[282.0, 10]","[275.18, 22]","[291.63, 65]","[313.95, 22]",286.82,119,9.63,-0.46
07:31:15,"[280.65, 43]","[275.24, 33]","[290.0, 52]","[292.0, 65]",285.33,193,9.35,-0.21
07:31:16,"[275.46, 104]","[274.14, 28]","[286.0, 40]","[290.97, 62]",280.73,234,10.54,0.13
07:31:17,"[275.0, 93]","[273.0, 42]","[280.0, 30]","[289.07, 60]",277.5,225,5.0,0.2
07:31:18,"[275.0, 25]","[273.0, 20]","[280.0, 10]","[288.0, 20]",277.5,75,5.0,0.2
07:31:19,"[275.0, 50]","[273.0, 32]","[280.0, 16]","[288.0, 32]",277.5,130,5.0,0.26
07:31:20,"[275.57, 35]","[274.17, 36]","[280.0, 26]","[288.0, 52]",277.79,149,4.43,-0.05
07:31:21,"[276.86, 28]","[274.41, 34]","[280.0, 28]","[288.0, 56]",278.43,146,3.14,-0.15
07:31:22,"[278.38, 16]","[276.0, 16]","[280.0, 8]","[288.0, 32]",279.19,72,1.62,-0.11
07:31:23,"[276.9, 21]","[275.16, 25]","[288.0, 38]","[290.0, 42]",282.45,126,11.1,-0.27
07:31:24,"[278.92, 25]","[277.4, 15]","[289.38, 26]","[292.14, 84]",284.15,150,10.46,-0.47
07:31:25,"[286.33, 21]","[282.33, 15]","[290.0, 39]","[293.0, 130]",288.17,205,3.67,-0.65
07:31:26,"[286.38, 16]","[285.0, 8]","[291.19, 42]","[296.55, 62]",288.78,128,4.82,-0.62
07:31:27,"[285.0, 27]","[280.5, 18]","[288.97, 77]","[293.65, 85]",286.99,207,3.97,-0.57
07:31:28,"[274.41, 34]","[268.91, 47]","[287.82, 56]","[293.62, 65]",281.12,202,13.41,-0.2
07:31:29,"[277.0, 16]","[275.0, 24]","[278.0, 16]","[289.0, 40]",277.5,96,1.0,-0.17
07:31:30,"[277.0, 16]","[275.0, 24]","[278.0, 16]","[289.0, 40]",277.5,96,1.0,-0.17
07:31:31,"[277.0, 16]","[275.0, 24]","[289.0, 40]","[295.0, 48]",283.0,128,12.0,-0.38
07:31:32,"[277.0, 22]","[275.0, 33]","[289.0, 55]","[295.0, 55]",283.0,165,12.0,-0.33
07:31:33,"[277.45, 33]","[275.3, 33]","[288.79, 38]","[289.52, 46]",283.12,150,11.33,-0.12
07:31:34,"[287.1, 30]","[283.33, 36]","[294.38, 45]","[308.88, 81]",290.74,192,7.28,-0.31
07:31:35,"[290.78, 18]","[284.2, 40]","[295.0, 90]","[472.07, 15]",292.89,163,4.22,-0.29
07:31:36,"[289.0, 11]","[277.49, 73]","[295.0, 99]","[464.73, 15]",292.0,198,6.0,-0.15
07:31:37,"[289.0, 9]","[281.0, 27]","[294.27, 66]","[335.23, 35]",291.64,137,5.27,-0.47
07:31:38,"[278.48, 73]","[276.75, 96]","[293.79, 92]","[296.77, 115]",286.14,376,15.31,-0.1
07:31:39,"[278.0, 100]","[276.81, 69]","[292.08, 72]","[294.32, 69]",285.04,310,14.08,0.09
07:31:40,"[279.17, 82]","[278.4, 50]","[289.0, 90]","[291.09, 110]",284.09,332,9.83,-0.2
07:31:41,"[280.06, 66]","[277.33, 30]","[283.67, 75]","[285.8, 75]",281.86,246,3.61,-0.22
07:31:42,"[281.97, 79]","[278.7, 20]","[283.0, 32]","[285.0, 40]",282.49,171,1.03,0.16
07:31:43,"[282.0, 121]","[278.6, 30]","[284.67, 54]","[289.71, 70]",283.33,275,2.67,0.1
07:31:44,"[282.0, 80]","[279.31, 16]","[289.05, 39]","[293.55, 58]",285.53,193,7.05,-0.01
07:31:45,"[282.0, 128]","[278.0, 48]","[290.84, 74]","[294.33, 98]",286.42,348,8.84,0.01
07:31:46,"[282.0, 56]","[278.0, 21]","[291.0, 28]","[294.0, 56]",286.5,161,9.0,-0.04
07:31:47,"[283.46, 104]","[278.0, 39]","[290.69, 52]","[294.0, 104]",287.08,299,7.23,-0.04
07:31:48,"[285.0, 120]","[277.72, 43]","[289.97, 58]","[293.86, 116]",287.48,337,4.97,-0.03
07:31:49,"[286.41, 74]","[283.57, 84]","[291.67, 48]","[293.92, 79]",289.04,285,5.26,0.11
07:31:50,"[289.97, 107]","[288.24, 42]","[293.0, 28]","[294.0, 56]",291.49,233,3.03,0.28
07:31:51,"[290.0, 18]","[289.0, 26]","[292.96, 25]","[293.96, 50]",291.48,119,2.96,-0.26
07:31:52,"[289.57, 14]","[283.19, 31]","[291.47, 15]","[293.33, 24]",290.52,84,1.9,0.07
07:31:53,"[289.0, 72]","[277.0, 60]","[291.58, 12]","[293.86, 42]",290.29,186,2.58,0.42
07:31:54,"[289.0, 64]","[277.0, 60]","[290.0, 12]","[294.0, 36]",289.5,172,1.0,0.44
07:31:55,"[289.39, 41]","[284.38, 65]","[294.78, 46]","[295.8, 41]",292.09,193,5.39,0.1
07:31:56,"[290.82, 22]","[289.0, 55]","[295.0, 44]","[296.0, 33]",292.91,154,4.18,0.0
07:31:57,"[291.0, 16]","[289.0, 40]","[294.71, 17]","[295.77, 35]",292.85,108,3.71,0.04
07:31:58,"[291.0, 28]","[289.0, 70]","[293.5, 14]","[296.4, 30]",292.25,142,2.5,0.38
07:31:59,"[291.0, 16]","[289.0, 45]","[293.45, 11]","[297.8, 20]",292.23,92,2.45,0.33
07:32:00,"[291.71, 17]","[289.2, 61]","[296.0, 34]","[302.0, 51]",293.85,163,4.29,-0.04
07:32:01,"[290.19, 79]","[289.25, 40]","[300.0, 24]","[302.0, 36]",295.09,179,9.81,0.33
07:32:02,"[290.0, 50]","[289.0, 25]","[300.0, 10]","[302.0, 15]",295.0,100,10.0,0.5
07:32:03,"[290.0, 84]","[289.0, 92]","[300.0, 24]","[302.0, 36]",295.0,236,10.0,0.49
07:32:04,"[292.51, 43]","[289.87, 97]","[299.11, 56]","[300.62, 29]",295.81,225,6.6,0.24
07:32:05,"[291.57, 63]","[289.54, 142]","[296.19, 64]","[297.45, 33]",293.88,302,4.62,0.36
07:32:06,"[290.0, 84]","[289.0, 182]","[294.38, 26]","[295.05, 58]",292.19,350,4.38,0.52
07:32:07,"[289.51, 106]","[288.14, 149]","[293.0, 13]","[295.0, 65]",291.25,333,3.49,0.53
07:32:08,"[289.17, 94]","[287.74, 152]","[291.07, 58]","[294.09, 23]",290.12,327,1.9,0.5
07:32:09,"[289.0, 272]","[285.0, 133]","[290.91, 33]","[294.37, 49]",289.95,487,1.91,0.66
07:32:10,"[289.0, 110]","[285.0, 33]","[291.0, 33]","[299.0, 55]",290.0,231,2.0,0.24
07:32:11,"[289.0, 170]","[285.0, 51]","[290.68, 38]","[299.29, 85]",289.84,344,1.68,0.28
07:32:12,"[289.0, 92]","[285.0, 33]","[299.18, 49]","[300.64, 28]",294.09,202,10.18,0.24
07:32:13,"[289.0, 72]","[285.0, 27]","[300.0, 45]","[301.0, 18]",294.5,162,11.0,0.22
07:32:14,"[289.0, 96]","[285.0, 36]","[301.0, 24]","[302.0, 58]",295.0,214,12.0,0.23
07:32:15,"[289.63, 43]","[288.69, 78]","[301.0, 22]","[302.0, 66]",295.31,209,11.37,0.16
07:32:16,"[290.0, 17]","[289.0, 88]","[299.97, 34]","[301.84, 50]",294.99,189,9.97,0.11
07:32:17,"[289.07, 95]","[287.2, 98]","[295.19, 77]","[297.7, 81]",292.13,351,6.12,0.1
07:32:18,"[289.0, 72]","[285.0, 36]","[292.56, 45]","[299.2, 20]",290.78,173,3.56,0.25
07:32:19,"[289.0, 120]","[285.12, 51]","[291.54, 39]","[293.82, 57]",290.27,267,2.54,0.28
07:32:20,"[289.0, 96]","[285.0, 48]","[292.0, 60]","[299.0, 24]",290.5,228,3.0,0.26
07:32:21,"[289.0, 114]","[285.0, 60]","[290.27, 75]","[291.36, 73]",289.63,322,1.27,0.08
07:32:22,"[289.92, 26]","[287.18, 44]","[294.29, 34]","[296.27, 30]",292.11,134,4.37,0.04
07:32:23,"[289.8, 25]","[286.33, 42]","[299.0, 22]","[300.0, 22]",294.4,111,9.2,0.21
07:32:24,"[295.0, 11]","[290.0, 44]","[299.73, 22]","[301.68, 38]",297.36,115,4.73,-0.04
07:32:25,"[295.0, 7]","[290.0, 28]","[299.5, 20]","[301.67, 24]",297.25,79,4.5,-0.11
07:32:26,"[295.0, 10]","[290.0, 40]","[299.0, 50]","[300.4, 20]",297.0,120,4.0,-0.17
07:32:27,"[295.0, 8]","[290.0, 32]","[299.0, 40]","[301.0, 16]",297.0,96,4.0,-0.17
07:32:28,"[295.0, 8]","[290.0, 32]","[299.0, 40]","[301.0, 16]",297.0,96,4.0,-0.17
07:32:29,"[295.0, 11]","[290.0, 44]","[299.0, 55]","[301.0, 22]",297.0,132,4.0,-0.17
07:32:30,"[295.0, 11]","[290.0, 44]","[298.69, 51]","[299.82, 34]",296.84,140,3.69,-0.21
07:32:31,"[294.0, 20]","[289.96, 67]","[296.82, 68]","[299.0, 85]",295.41,240,2.82,-0.28
07:32:32,"[290.0, 68]","[289.0, 51]","[294.94, 68]","[301.47, 34]",292.47,221,4.94,0.08
07:32:33,"[290.0, 43]","[289.0, 46]","[294.0, 56]","[304.0, 98]",292.0,243,4.0,-0.27
07:32:34,"[290.0, 45]","[289.0, 75]","[292.47, 45]","[294.0, 60]",291.23,225,2.47,0.07
07:32:35,"[290.0, 33]","[289.0, 55]","[291.73, 33]","[294.0, 44]",290.86,165,1.73,0.07
07:32:36,"[289.16, 58]","[285.85, 71]","[292.62, 58]","[294.69, 58]",290.89,245,3.47,0.05
07:32:37,"[289.0, 53]","[285.0, 52]","[290.74, 46]","[292.67, 46]",289.87,197,1.74,0.07
07:32:38,"[290.0, 12]","[289.0, 60]","[291.0, 36]","[300.0, 60]",290.5,168,1.0,-0.14
07:32:39,"[290.24, 41]","[288.47, 68]","[302.13, 77]","[304.83, 71]",296.19,257,11.89,-0.15
07:32:40,"[290.09, 22]","[287.64, 59]","[299.03, 33]","[302.23, 66]",294.56,180,8.94,-0.1
07:32:41,"[289.0, 48]","[285.0, 60]","[297.41, 34]","[298.74, 38]",293.21,180,8.41,0.2
07:32:42,"[289.0, 44]","[285.0, 55]","[297.0, 44]","[298.0, 22]",293.0,165,8.0,0.2
07:32:43,"[289.0, 29]","[285.0, 70]","[295.87, 30]","[297.04, 54]",292.43,183,6.87,0.08
07:32:44,"[289.0, 7]","[285.0, 35]","[291.7, 20]","[292.64, 22]",290.35,84,2.7,0.0
07:32:45,"[285.68, 41]","[284.63, 43]","[290.0, 30]","[291.36, 44]",287.84,158,4.32,0.06
07:32:46,"[285.0, 60]","[282.0, 90]","[289.2, 30]","[290.4, 30]",287.1,210,4.2,0.43
07:32:47,"[284.27, 49]","[281.94, 64]","[287.66, 29]","[290.36, 28]",285.96,170,3.39,0.33
07:32:48,"[286.83, 84]","[282.23, 93]","[298.0, 26]","[300.27, 44]",292.42,247,11.17,0.43
07:32:49,"[295.0, 99]","[291.0, 11]","[298.0, 11]","[299.0, 78]",296.5,199,3.0,0.11
07:32:50,"[295.0, 112]","[291.0, 33]","[298.9, 62]","[299.23, 62]",296.95,269,3.9,0.08
07:32:51,"[295.0, 28]","[291.0, 21]","[297.15, 33]","[298.37, 41]",296.08,123,2.15,-0.2
07:32:52,"[295.0, 40]","[291.0, 30]","[296.0, 50]","[297.0, 40]",295.5,160,1.0,-0.12
07:32:53,"[292.23, 26]","[288.0, 12]","[296.0, 40]","[299.4, 20]",294.12,98,3.77,-0.22
07:32:54,"[292.83, 108]","[290.5, 36]","[296.0, 70]","[301.0, 28]",294.42,242,3.17,0.19
07:32:55,"[293.0, 126]","[291.0, 42]","[295.14, 70]","[301.0, 28]",294.07,266,2.14,0.26
07:32:56,"[293.0, 90]","[291.0, 30]","[294.1, 50]","[300.6, 20]",293.55,190,1.1,0.26
07:32:57,"[293.0, 81]","[291.0, 27]","[294.0, 45]","[299.0, 18]",293.5,171,1.0,0.26
07:32:58,"[293.0, 91]","[291.0, 39]","[294.0, 65]","[299.0, 26]",293.5,221,1.0,0.18
07:32:59,"[293.0, 61]","[291.0, 54]","[296.78, 72]","[301.22, 54]",294.89,241,3.78,-0.05
07:33:00,"[293.0, 32]","[291.0, 48]","[296.19, 80]","[299.0, 32]",294.59,192,3.19,-0.17
07:33:01,"[291.41, 29]","[290.33, 27]","[298.8, 51]","[303.0, 39]",295.11,146,7.39,-0.23
07:33:02,"[290.86, 7]","[289.71, 17]","[300.69, 29]","[303.22, 27]",295.77,80,9.83,-0.4
07:33:03,"[290.0, 10]","[289.0, 50]","[298.89, 35]","[301.1, 48]",294.44,143,8.89,-0.16
07:33:04,"[291.42, 19]","[289.95, 40]","[298.0, 27]","[301.0, 45]",294.71,131,6.58,-0.1
07:33:05,"[291.55, 33]","[290.89, 46]","[297.69, 39]","[301.0, 65]",294.62,183,6.15,-0.14
07:33:06,"[293.0, 10]","[291.0, 50]","[297.0, 30]","[301.0, 50]",295.0,140,4.0,-0.14
07:33:07,"[291.04, 57]","[290.26, 19]","[296.53, 45]","[301.62, 39]",293.78,160,5.5,-0.05
07:33:08,"[291.0, 44]","[290.0, 11]","[294.27, 33]","[301.18, 22]",292.64,110,3.27,0.0
07:33:09,"[291.0, 56]","[290.0, 14]","[292.93, 42]","[297.86, 28]",291.96,140,1.93,0.0
07:33:10,"[290.9, 29]","[289.25, 44]","[292.0, 42]","[299.0, 28]",291.45,143,1.1,0.02
07:33:11,"[289.11, 74]","[288.14, 112]","[291.0, 42]","[299.71, 42]",290.05,270,1.89,0.38
07:33:12,"[289.0, 99]","[285.0, 36]","[290.44, 27]","[297.11, 27]",289.72,189,1.44,0.43
07:33:13,"[289.0, 49]","[285.0, 32]","[295.0, 24]","[300.94, 34]",292.0,139,6.0,0.17
07:33:14,"[289.0, 110]","[285.0, 52]","[297.05, 63]","[298.49, 41]",293.02,266,8.05,0.22
07:33:15,"[289.0, 80]","[285.0, 32]","[297.0, 40]","[298.0, 24]",293.0,176,8.0,0.27
07:33:16,"[289.0, 50]","[285.0, 20]","[296.8, 25]","[298.0, 15]",292.9,110,7.8,0.27
07:33:17,"[289.0, 120]","[285.0, 48]","[295.58, 60]","[298.0, 36]",292.29,264,6.58,0.27
07:33:18,"[289.05, 116]","[286.62, 74]","[292.96, 26]","[293.7, 64]",291.01,280,3.91,0.36
07:33:19,"[289.41, 51]","[288.25, 153]","[291.14, 35]","[292.86, 64]",290.28,303,1.73,0.35
07:33:20,"[289.0, 45]","[288.0, 18]","[290.67, 18]","[293.0, 45]",289.83,126,1.67,0.0
07:33:21,"[288.36, 28]","[285.14, 85]","[289.64, 22]","[292.96, 25]",289.0,160,1.28,0.41
07:33:22,"[286.41, 34]","[284.51, 82]","[290.0, 24]","[292.12, 34]",288.21,174,3.59,0.33
07:33:23,"[285.0, 81]","[281.0, 45]","[292.0, 36]","[297.47, 19]",288.5,181,7.0,0.39
07:33:24,"[285.0, 54]","[281.0, 30]","[292.0, 24]","[300.0, 30]",288.5,138,7.0,0.22
07:33:25,"[285.54, 79]","[283.99, 79]","[298.72, 75]","[300.71, 51]",292.13,284,13.18,0.11
07:33:26,"[285.75, 16]","[284.62, 26]","[300.0, 36]","[301.0, 18]",292.88,96,14.25,-0.12
07:33:27,"[285.0, 18]","[284.0, 90]","[298.86, 43]","[300.2, 30]",291.93,181,13.86,0.19
07:33:28,"[284.14, 73]","[282.52, 99]","[296.56, 36]","[297.33, 48]",290.35,256,12.42,0.34
07:33:29,"[284.0, 84]","[281.0, 84]","[296.0, 24]","[297.0, 60]",290.0,252,12.0,0.33
07:33:30,"[284.0, 55]","[281.0, 77]","[294.49, 37]","[295.89, 46]",289.24,215,10.49,0.23
07:33:31,"[284.0, 50]","[281.0, 70]","[290.76, 34]","[292.21, 29]",287.38,183,6.76,0.31
07:33:32,"[282.14, 79]","[280.2, 70]","[286.78, 49]","[288.28, 32]",284.46,230,4.64,0.3
07:33:33,"[281.03, 114]","[279.36, 78]","[284.53, 30]","[286.59, 34]",282.78,256,3.51,0.5
07:33:34,"[281.01, 86]","[280.27, 105]","[283.46, 35]","[292.19, 26]",282.23,252,2.45,0.52
07:33:35,"[282.38, 90]","[276.48, 83]","[293.05, 37]","[295.79, 42]",287.72,252,10.68,0.37
07:33:36,"[284.27, 45]","[278.42, 55]","[295.0, 20]","[296.0, 30]",289.63,150,10.73,0.33
07:33:37,"[292.0, 11]","[289.0, 66]","[295.0, 22]","[296.0, 33]",293.5,132,3.0,0.17
07:33:38,"[292.0, 6]","[289.0, 36]","[295.0, 12]","[296.0, 18]",293.5,72,3.0,0.17
07:33:39,"[292.0, 6]","[289.0, 36]","[295.0, 12]","[296.0, 18]",293.5,72,3.0,0.17
07:33:40,"[292.8, 15]","[289.11, 56]","[295.0, 22]","[296.12, 26]",293.9,119,2.2,0.19
07:33:41,"[294.0, 33]","[292.0, 11]","[295.0, 22]","[296.0, 22]",294.5,88,1.0,0.0
07:33:42,"[294.0, 12]","[292.0, 8]","[295.0, 16]","[296.0, 16]",294.5,52,1.0,-0.23
07:33:43,"[289.59, 17]","[285.68, 19]","[295.0, 14]","[296.0, 14]",292.29,64,5.41,0.12
07:33:44,"[289.0, 24]","[284.0, 8]","[295.0, 16]","[296.0, 16]",292.0,64,6.0,0.0
07:33:45,"[289.0, 6]","[284.0, 2]","[295.0, 4]","[296.0, 4]",292.0,16,6.0,0.0
07:33:46,"[289.0, 24]","[284.0, 8]","[295.0, 16]","[296.5, 24]",292.0,72,6.0,-0.11
07:33:47,"[291.7, 30]","[288.82, 28]","[295.0, 20]","[296.6, 50]",293.35,128,3.3,-0.09
07:33:48,"[292.0, 18]","[289.0, 18]","[295.0, 12]","[296.0, 24]",293.5,72,3.0,0.0
07:33:49,"[292.0, 33]","[289.36, 33]","[295.0, 22]","[296.0, 44]",293.5,132,3.0,0.0
07:33:50,"[291.89, 35]","[289.66, 35]","[295.27, 33]","[296.1, 98]",293.58,201,3.39,-0.3
07:33:51,"[290.0, 8]","[287.33, 12]","[295.0, 16]","[296.0, 32]",292.5,68,5.0,-0.41
07:33:52,"[290.0, 8]","[289.0, 16]","[295.0, 16]","[296.0, 32]",292.5,72,5.0,-0.33
07:33:53,"[289.17, 12]","[286.22, 9]","[295.0, 14]","[296.0, 28]",292.08,63,5.83,-0.33
07:33:54,"[289.0, 24]","[284.74, 19]","[295.0, 24]","[296.0, 48]",292.0,115,6.0,-0.25
07:33:55,"[289.0, 20]","[285.0, 20]","[295.0, 20]","[296.0, 40]",292.0,100,6.0,-0.2
07:33:56,"[289.0, 22]","[285.0, 22]","[295.0, 22]","[296.0, 44]",292.0,110,6.0,-0.2
07:33:57,"[288.4, 25]","[282.52, 58]","[294.5, 24]","[295.6, 40]",291.45,147,6.1,0.13
07:33:58,"[281.7, 40]","[280.99, 169]","[294.0, 45]","[295.73, 90]",287.85,344,12.3,0.22
07:33:59,"[285.03, 62]","[282.11, 53]","[293.44, 43]","[294.32, 65]",289.24,223,8.41,0.03
07:34:00,"[285.89, 38]","[278.75, 96]","[289.75, 48]","[291.46, 28]",287.82,210,3.86,0.28
07:34:01,"[287.97, 59]","[283.68, 25]","[294.0, 25]","[296.16, 62]",290.98,171,6.03,-0.02
07:34:02,"[288.0, 44]","[284.0, 11]","[293.16, 19]","[294.69, 26]",290.58,100,5.16,0.1
07:34:03,"[288.0, 20]","[284.0, 5]","[293.0, 10]","[295.9, 21]",290.5,56,5.0,-0.11
07:34:04,"[288.0, 36]","[284.0, 9]","[294.81, 26]","[296.33, 36]",291.4,107,6.81,-0.16
07:34:05,"[288.0, 36]","[282.29, 14]","[293.05, 41]","[295.38, 13]",290.52,104,5.05,-0.04
07:34:06,"[288.0, 32]","[280.0, 48]","[293.0, 40]","[295.0, 8]",290.5,128,5.0,0.25
07:34:07,"[288.0, 40]","[284.0, 50]","[292.83, 30]","[293.33, 30]",290.42,150,4.83,0.2
07:34:08,"[288.0, 69]","[284.0, 66]","[291.75, 12]","[293.83, 60]",289.88,207,3.75,0.3
07:34:09,"[288.0, 67]","[284.0, 80]","[289.15, 13]","[294.0, 65]",288.58,225,1.15,0.31
07:34:10,"[286.33, 48]","[282.37, 59]","[288.91, 11]","[299.0, 99]",287.62,217,2.58,-0.01
07:34:11,"[284.0, 50]","[280.0, 60]","[288.0, 10]","[298.22, 46]",286.0,166,4.0,0.33
07:34:12,"[284.0, 23]","[280.0, 30]","[287.4, 5]","[298.0, 20]",285.7,78,3.4,0.36
07:34:13,"[284.0, 60]","[280.0, 90]","[286.27, 15]","[297.0, 60]",285.13,225,2.27,0.33
07:34:14,"[284.0, 44]","[280.0, 66]","[285.0, 22]","[286.0, 11]",284.5,143,1.0,0.54
07:34:15,"[284.0, 26]","[280.0, 72]","[285.77, 13]","[296.04, 57]",284.88,168,1.77,0.17
07:34:16,"[284.0, 22]","[280.0, 102]","[293.7, 61]","[296.24, 25]",288.85,210,9.7,0.18
07:34:17,"[287.52, 21]","[282.92, 26]","[294.0, 45]","[297.0, 15]",290.76,107,6.48,-0.12
07:34:18,"[290.0, 14]","[285.9, 21]","[294.0, 42]","[297.0, 14]",292.0,91,4.0,-0.23
07:34:19,"[288.47, 17]","[286.18, 11]","[294.0, 24]","[297.0, 8]",291.24,60,5.53,-0.07
07:34:20,"[289.0, 21]","[288.0, 14]","[294.0, 21]","[297.0, 7]",291.5,63,5.0,0.11
07:34:21,"[289.0, 36]","[288.0, 24]","[294.0, 36]","[297.0, 12]",291.5,108,5.0,0.11
07:34:22,"[289.0, 21]","[288.0, 14]","[294.0, 21]","[297.0, 7]",291.5,63,5.0,0.11
07:34:23,"[289.0, 48]","[288.0, 32]","[292.14, 29]","[298.61, 31]",290.57,140,3.14,0.14
07:34:24,"[285.07, 14]","[282.08, 13]","[297.31, 13]","[301.28, 25]",291.19,65,12.24,-0.17
07:34:25,"[289.18, 44]","[282.93, 14]","[296.09, 23]","[297.84, 19]",292.63,100,6.91,0.16
07:34:26,"[288.0, 60]","[284.0, 16]","[293.09, 22]","[294.9, 20]",290.55,118,5.09,0.29
07:34:27,"[288.0, 55]","[284.0, 22]","[291.91, 22]","[293.0, 17]",289.95,116,3.91,0.33
07:34:28,"[289.0, 54]","[288.0, 90]","[290.29, 28]","[291.62, 26]",289.64,198,1.29,0.45
07:34:29,"[288.4, 15]","[287.85, 47]","[295.05, 19]","[299.15, 53]",291.73,134,6.65,-0.07
07:34:30,"[285.2, 10]","[284.2, 10]","[300.73, 49]","[316.49, 91]",292.97,160,15.53,-0.75
07:34:31,"[277.24, 113]","[252.06, 16]","[299.98, 41]","[300.97, 123]",288.61,293,22.74,-0.12
07:34:32,"[277.0, 100]","[259.0, 20]","[279.68, 28]","[295.16, 25]",278.34,173,2.68,0.39
07:34:33,"[277.0, 80]","[256.5, 16]","[279.0, 24]","[282.0, 28]",278.0,148,2.0,0.3
07:34:34,"[277.08, 98]","[253.52, 46]","[280.5, 36]","[283.71, 63]",278.79,243,3.42,0.19
07:34:35,"[278.0, 44]","[276.5, 72]","[282.0, 66]","[294.0, 33]",280.0,215,4.0,0.08
07:34:36,"[278.33, 36]","[275.0, 54]","[282.0, 54]","[294.0, 27]",280.17,171,3.67,0.05
07:34:37,"[279.0, 32]","[273.5, 48]","[282.0, 48]","[294.0, 24]",280.5,152,3.0,0.05
07:34:38,"[279.02, 41]","[273.38, 64]","[282.0, 62]","[294.0, 33]",280.51,200,2.98,0.05
07:34:39,"[280.0, 6]","[279.0, 24]","[282.0, 24]","[294.0, 18]",281.0,72,2.0,-0.17
07:34:40,"[280.4, 10]","[273.81, 31]","[286.32, 25]","[295.29, 21]",283.36,87,5.92,-0.06
07:34:41,"[292.0, 120]","[288.4, 20]","[293.82, 33]","[296.25, 36]",292.91,209,1.82,0.34
07:34:42,"[292.0, 146]","[290.0, 30]","[293.19, 32]","[294.53, 45]",292.59,253,1.19,0.39
07:34:43,"[292.0, 64]","[290.0, 16]","[294.0, 24]","[298.0, 24]",293.0,128,2.0,0.25
07:34:44,"[292.0, 40]","[290.0, 10]","[294.8, 15]","[298.0, 15]",293.4,80,2.8,0.25
07:34:45,"[292.0, 64]","[290.0, 16]","[296.0, 24]","[298.0, 24]",294.0,128,4.0,0.25
07:34:46,"[292.0, 80]","[290.0, 20]","[296.0, 30]","[298.0, 30]",294.0,160,4.0,0.25
07:34:47,"[292.0, 88]","[289.67, 24]","[296.0, 33]","[298.0, 33]",294.0,178,4.0,0.26
07:34:48,"[292.0, 48]","[288.22, 18]","[296.0, 18]","[298.0, 18]",294.0,102,4.0,0.29
07:34:49,"[292.0, 120]","[290.0, 15]","[296.0, 45]","[298.0, 45]",294.0,225,4.0,0.2
07:34:50,"[291.71, 14]","[288.22, 18]","[296.0, 18]","[298.0, 18]",293.86,68,4.29,-0.06
07:34:51,"[294.0, 16]","[292.0, 48]","[296.0, 24]","[298.0, 24]",295.0,112,2.0,0.14
07:34:52,"[294.0, 15]","[292.0, 60]","[296.0, 30]","[298.0, 30]",295.0,135,2.0,0.11
07:34:53,"[292.8, 10]","[291.78, 27]","[296.0, 21]","[298.0, 21]",294.4,79,3.2,-0.06
07:34:54,"[292.0, 10]","[290.0, 5]","[295.13, 23]","[296.4, 15]",293.57,53,3.13,-0.43
07:34:55,"[290.67, 36]","[287.43, 21]","[294.33, 75]","[295.23, 65]",292.5,197,3.67,-0.42
07:34:56,"[287.2, 30]","[282.6, 20]","[293.0, 40]","[295.0, 40]",290.1,130,5.8,-0.23
07:34:57,"[287.72, 86]","[282.92, 26]","[293.0, 50]","[295.0, 50]",290.36,212,5.28,0.06
07:34:58,"[288.0, 70]","[284.0, 42]","[291.36, 70]","[293.07, 70]",289.68,252,3.36,-0.11
07:34:59,"[285.91, 46]","[280.27, 26]","[291.54, 52]","[295.84, 37]",288.73,161,5.63,-0.11
07:35:00,"[284.0, 33]","[272.9, 29]","[301.0, 11]","[302.0, 22]",292.5,95,17.0,0.31
07:35:01,"[284.52, 25]","[281.38, 55]","[298.96, 49]","[300.21, 28]",291.74,157,14.44,0.02
07:35:02,"[287.59, 29]","[284.02, 43]","[294.56, 45]","[296.64, 55]",291.07,172,6.97,-0.16
07:35:03,"[290.0, 240]","[287.5, 16]","[292.67, 58]","[294.56, 63]",291.34,377,2.67,0.36
07:35:04,"[290.0, 151]","[289.0, 13]","[291.37, 43]","[292.25, 48]",290.69,255,1.37,0.29
07:35:05,"[290.0, 52]","[289.0, 10]","[291.0, 29]","[293.11, 19]",290.5,110,1.0,0.13
07:35:06,"[290.0, 28]","[289.0, 8]","[292.82, 11]","[298.12, 8]",291.41,55,2.82,0.31
07:35:07,"[290.0, 16]","[289.0, 7]","[295.0, 7]","[300.0, 7]",292.5,37,5.0,0.24
07:35:08,"[290.0, 10]","[289.0, 5]","[295.0, 5]","[300.0, 5]",292.5,25,5.0,0.2
07:35:09,"[291.8, 20]","[289.92, 13]","[295.0, 7]","[300.0, 7]",293.4,47,3.2,0.4
07:35:10,"[292.0, 39]","[290.0, 26]","[295.0, 13]","[303.03, 33]",293.5,111,3.0,0.17
07:35:11,"[292.0, 27]","[290.0, 18]","[295.0, 9]","[300.0, 9]",293.5,63,3.0,0.43
07:35:12,"[292.0, 27]","[290.0, 18]","[295.0, 9]","[300.0, 9]",293.5,63,3.0,0.43
07:35:13,"[292.0, 21]","[290.0, 14]","[295.0, 7]","[300.0, 7]",293.5,49,3.0,0.43
07:35:14,"[289.82, 11]","[288.22, 18]","[295.0, 9]","[300.0, 9]",292.41,47,5.18,0.23
07:35:15,"[288.38, 16]","[285.57, 46]","[295.0, 8]","[300.0, 40]",291.69,110,6.62,0.13
07:35:16,"[288.0, 49]","[284.0, 168]","[294.2, 25]","[299.79, 24]",291.1,266,6.2,0.63
07:35:17,"[288.0, 48]","[284.04, 149]","[293.23, 26]","[296.5, 12]",290.62,235,5.23,0.68
07:35:18,"[288.0, 56]","[284.0, 210]","[292.07, 28]","[296.29, 14]",290.04,308,4.07,0.73
07:35:19,"[288.0, 32]","[284.0, 120]","[290.5, 16]","[297.5, 18]",289.25,186,2.5,0.63
07:35:20,"[288.0, 44]","[284.0, 165]","[289.73, 22]","[296.55, 33]",288.86,264,1.73,0.58
07:35:21,"[285.07, 43]","[283.96, 146]","[288.11, 47]","[293.1, 30]",286.59,266,3.04,0.42
07:35:22,"[286.97, 95]","[284.53, 45]","[288.07, 30]","[292.89, 18]",287.52,188,1.1,0.49
07:35:23,"[288.29, 147]","[287.38, 151]","[298.65, 34]","[299.8, 41]",293.47,373,10.36,0.6
07:35:24,"[289.93, 43]","[288.46, 121]","[296.44, 27]","[297.85, 26]",293.19,217,6.51,0.51
07:35:25,"[294.0, 14]","[289.79, 38]","[296.0, 42]","[300.0, 14]",295.0,108,2.0,-0.04
07:35:26,"[294.0, 9]","[292.0, 9]","[296.0, 27]","[300.0, 9]",295.0,54,2.0,-0.33
07:35:27,"[288.32, 31]","[285.67, 36]","[296.0, 12]","[300.0, 4]",292.16,83,7.68,0.61
07:35:28,"[288.47, 68]","[286.17, 96]","[296.0, 24]","[300.0, 8]",292.24,196,7.53,0.67
07:35:29,"[290.0, 47]","[288.0, 156]","[293.92, 24]","[295.2, 30]",291.96,257,3.92,0.58
07:35:30,"[290.0, 39]","[288.0, 169]","[292.46, 26]","[293.69, 26]",291.23,260,2.46,0.6
07:35:31,"[288.24, 118]","[285.92, 180]","[291.25, 32]","[294.4, 40]",289.74,370,3.01,0.61
07:35:32,"[288.0, 130]","[284.0, 50]","[290.2, 10]","[292.0, 20]",289.1,210,2.2,0.71
07:35:33,"[288.0, 182]","[284.0, 70]","[290.0, 14]","[292.0, 28]",289.0,294,2.0,0.71
07:35:34,"[288.0, 285]","[284.0, 110]","[289.05, 42]","[291.12, 26]",288.52,463,1.05,0.71
07:35:35,"[288.0, 102]","[284.0, 50]","[296.45, 29]","[298.5, 12]",292.22,193,8.45,0.58
07:35:36,"[288.0, 50]","[284.0, 40]","[297.0, 24]","[299.0, 8]",292.5,122,9.0,0.48
07:35:37,"[288.0, 60]","[284.0, 60]","[297.0, 36]","[299.0, 12]",292.5,168,9.0,0.43
07:35:38,"[288.0, 55]","[284.0, 55]","[297.0, 33]","[303.21, 19]",292.5,162,9.0,0.36
07:35:39,"[288.0, 60]","[284.0, 60]","[297.0, 36]","[299.74, 54]",292.5,210,9.0,0.14
07:35:40,"[288.0, 65]","[284.0, 65]","[297.23, 43]","[298.31, 65]",292.62,238,9.23,0.09
07:35:41,"[287.6, 50]","[283.89, 46]","[297.67, 30]","[299.0, 50]",292.63,176,10.07,0.09
07:35:42,"[285.47, 43]","[281.17, 12]","[296.0, 9]","[298.0, 45]",290.73,109,10.53,0.01
07:35:43,"[293.0, 105]","[284.0, 60]","[295.07, 59]","[297.87, 55]",294.03,279,2.07,0.18
07:35:44,"[293.0, 77]","[284.0, 44]","[294.55, 55]","[299.0, 11]",293.77,187,1.55,0.29
07:35:45,"[293.0, 87]","[284.94, 64]","[294.5, 60]","[301.29, 31]",293.75,242,1.5,0.25
07:35:46,"[293.0, 22]","[284.0, 44]","[300.0, 38]","[304.0, 22]",296.5,126,7.0,0.05
07:35:47,"[293.0, 14]","[283.44, 18]","[300.0, 28]","[304.0, 14]",296.5,74,7.0,-0.14
07:35:48,"[293.0, 20]","[283.0, 26]","[300.0, 40]","[304.0, 20]",296.5,106,7.0,-0.13
07:35:49,"[283.43, 68]","[283.13, 98]","[300.0, 44]","[304.0, 22]",291.71,232,16.57,0.43
07:35:50,"[288.0, 36]","[285.48, 207]","[296.69, 29]","[300.71, 38]",292.34,310,8.69,0.57
07:35:51,"[288.22, 18]","[280.8, 65]","[300.8, 35]","[302.2, 35]",294.51,153,12.58,0.08
07:35:52,"[289.0, 78]","[288.0, 14]","[301.0, 56]","[303.12, 50]",295.0,198,12.0,-0.07
07:35:53,"[289.0, 56]","[288.0, 8]","[300.17, 12]","[301.77, 26]",294.58,102,11.17,0.25
07:35:54,"[289.0, 63]","[288.0, 9]","[299.0, 9]","[300.86, 29]",294.0,110,10.0,0.31
07:35:55,"[290.07, 60]","[288.93, 60]","[298.0, 12]","[300.25, 24]",294.03,156,7.93,0.54
07:35:56,"[291.0, 64]","[289.0, 112]","[294.75, 16]","[296.25, 16]",292.88,208,3.75,0.69
07:35:57,"[291.0, 52]","[289.0, 91]","[294.0, 13]","[296.0, 13]",292.5,169,3.0,0.69
07:35:58,"[291.0, 42]","[289.0, 105]","[293.29, 17]","[294.53, 19]",292.15,183,2.29,0.61
07:35:59,"[289.25, 64]","[288.78, 36]","[291.17, 12]","[301.33, 48]",290.21,160,1.92,0.25
07:36:00,"[289.0, 86]","[288.0, 14]","[301.79, 75]","[303.19, 37]",295.39,212,12.79,-0.06
07:36:01,"[289.0, 24]","[288.0, 8]","[302.0, 56]","[304.0, 8]",295.5,96,13.0,-0.33
07:36:02,"[289.0, 30]","[288.0, 10]","[301.95, 66]","[303.12, 16]",295.48,122,12.95,-0.34
07:36:03,"[289.0, 48]","[288.0, 16]","[299.38, 48]","[301.62, 72]",294.19,184,10.38,-0.3
07:36:04,"[288.92, 36]","[287.65, 17]","[297.21, 42]","[300.9, 41]",293.07,136,8.3,-0.22
07:36:05,"[288.0, 17]","[287.0, 17]","[294.65, 51]","[299.0, 34]",291.32,119,6.65,-0.43
07:36:06,"[288.0, 14]","[287.0, 14]","[293.5, 42]","[299.0, 40]",290.75,110,5.5,-0.49
07:36:07,"[287.01, 92]","[285.03, 66]","[293.0, 42]","[298.43, 28]",290.01,228,5.99,0.39
07:36:08,"[287.75, 80]","[286.82, 110]","[294.6, 30]","[300.0, 30]",291.18,250,6.85,0.52
07:36:09,"[292.11, 38]","[288.77, 26]","[297.0, 14]","[302.0, 21]",294.55,99,4.89,0.29
07:36:10,"[293.0, 54]","[291.0, 18]","[297.0, 18]","[302.0, 27]",295.0,117,4.0,0.23
07:36:11,"[293.0, 54]","[291.0, 18]","[297.0, 18]","[302.0, 27]",295.0,117,4.0,0.23
07:36:12,"[291.97, 31]","[290.18, 22]","[297.0, 18]","[302.0, 27]",294.48,98,5.03,0.08
07:36:13,"[289.0, 32]","[288.0, 24]","[297.0, 8]","[302.0, 12]",293.0,76,8.0,0.47
07:36:14,"[289.0, 120]","[288.0, 90]","[295.61, 36]","[296.77, 39]",292.31,285,6.61,0.47
07:36:15,"[289.0, 88]","[288.0, 66]","[294.64, 25]","[295.8, 30]",291.82,209,5.64,0.47
07:36:16,"[289.0, 88]","[288.0, 66]","[292.45, 33]","[295.0, 22]",290.73,209,3.45,0.47
07:36:17,"[289.0, 66]","[288.0, 66]","[291.18, 33]","[295.0, 22]",290.09,187,2.18,0.41
07:36:18,"[289.0, 54]","[288.0, 54]","[291.0, 27]","[295.0, 18]",290.0,153,2.0,0.41
07:36:19,"[289.0, 30]","[288.0, 36]","[291.81, 16]","[298.89, 18]",290.41,100,2.81,0.32
07:36:20,"[289.0, 45]","[288.0, 90]","[293.88, 40]","[298.89, 45]",291.44,220,4.88,0.23
07:36:21,"[289.0, 33]","[288.0, 72]","[293.0, 36]","[295.08, 24]",291.0,165,4.0,0.27
07:36:22,"[289.0, 42]","[288.0, 42]","[291.18, 22]","[292.11, 27]",290.09,133,2.18,0.26
07:36:23,"[288.86, 86]","[287.84, 86]","[290.67, 49]","[294.07, 43]",289.77,264,1.81,0.3
07:36:24,"[288.0, 48]","[287.0, 56]","[295.0, 16]","[296.0, 16]",291.5,136,7.0,0.53
07:36:25,"[288.0, 54]","[287.0, 63]","[295.0, 18]","[298.37, 38]",291.5,173,7.0,0.35
07:36:26,"[288.0, 84]","[287.0, 98]","[293.34, 29]","[297.53, 68]",290.67,279,5.34,0.3
07:36:27,"[288.0, 78]","[287.0, 105]","[291.15, 40]","[292.26, 35]",289.57,258,3.15,0.42
07:36:28,"[287.89, 44]","[286.93, 107]","[289.74, 35]","[295.47, 19]",288.81,205,1.86,0.47
07:36:29,"[287.0, 35]","[283.0, 14]","[289.29, 14]","[298.0, 7]",288.14,70,2.29,0.4
07:36:30,"[287.0, 40]","[283.17, 36]","[289.0, 16]","[299.6, 20]",288.0,112,2.0,0.36
07:36:31,"[287.0, 50]","[281.4, 30]","[292.14, 14]","[300.16, 43]",289.57,137,5.14,0.17
07:36:32,"[287.93, 28]","[286.33, 18]","[300.0, 40]","[301.0, 70]",293.96,156,12.07,-0.41
07:36:33,"[287.35, 17]","[284.85, 13]","[299.25, 32]","[300.24, 59]",293.3,121,11.9,-0.5
07:36:34,"[287.0, 22]","[283.0, 11]","[298.64, 33]","[300.0, 75]",292.82,141,11.64,-0.53
07:36:35,"[290.64, 22]","[286.81, 21]","[297.0, 36]","[300.0, 42]",293.82,121,6.36,-0.29
07:36:36,"[291.0, 22]","[287.0, 22]","[296.51, 39]","[299.12, 17]",293.76,100,5.51,-0.12
07:36:37,"[291.0, 16]","[287.0, 16]","[295.77, 31]","[299.73, 15]",293.39,78,4.77,-0.18
07:36:38,"[291.0, 12]","[287.0, 12]","[295.0, 24]","[302.0, 24]",293.0,72,4.0,-0.33
07:36:39,"[291.0, 34]","[287.0, 34]","[294.22, 54]","[298.79, 38]",292.61,160,3.22,-0.15
07:36:40,"[291.0, 22]","[287.0, 22]","[293.45, 33]","[298.2, 15]",292.23,92,2.45,-0.04
07:36:41,"[289.8, 30]","[284.33, 42]","[292.29, 51]","[300.25, 73]",291.05,196,2.49,-0.27
07:36:42,"[282.43, 14]","[280.17, 35]","[289.91, 33]","[300.82, 39]",286.17,121,7.48,-0.19
07:36:43,"[283.64, 25]","[282.0, 18]","[287.83, 54]","[292.23, 62]",285.74,159,4.19,-0.46
07:36:44,"[283.6, 15]","[280.44, 36]","[285.53, 45]","[292.07, 41]",284.57,137,1.93,-0.26
07:36:45,"[282.0, 10]","[279.2, 40]","[284.0, 24]","[296.96, 55]",283.0,129,2.0,-0.22
07:36:46,"[279.38, 32]","[276.43, 122]","[294.81, 32]","[297.07, 58]",287.09,244,15.44,0.26
07:36:47,"[279.0, 24]","[276.0, 108]","[295.5, 20]","[296.02, 41]",287.25,193,16.5,0.37
07:36:48,"[284.0, 27]","[276.78, 77]","[294.12, 16]","[295.36, 22]",289.06,142,10.12,0.46
07:36:49,"[288.0, 39]","[281.8, 80]","[292.08, 53]","[295.0, 26]",290.04,198,4.08,0.2
07:36:50,"[289.33, 45]","[284.0, 35]","[291.85, 41]","[293.83, 23]",290.59,144,2.52,0.11
07:36:51,"[290.0, 66]","[288.0, 45]","[291.0, 30]","[292.0, 45]",290.5,186,1.0,0.19
07:36:52,"[288.0, 18]","[279.0, 24]","[293.33, 18]","[299.0, 42]",290.67,102,5.33,-0.18
07:36:53,"[288.0, 24]","[281.0, 32]","[294.0, 24]","[297.53, 19]",291.0,99,6.0,0.13
07:36:54,"[288.0, 25]","[287.0, 36]","[294.0, 27]","[299.0, 45]",291.0,133,6.0,-0.08
07:36:55,"[287.97, 76]","[286.06, 34]","[292.49, 59]","[294.67, 45]",290.23,214,4.52,0.03
07:36:56,"[288.0, 44]","[287.0, 22]","[293.73, 33]","[295.09, 33]",290.86,132,5.73,0.0
07:36:57,"[288.0, 36]","[287.0, 18]","[292.33, 27]","[295.0, 27]",290.17,108,4.33,0.0
07:36:58,"[288.0, 32]","[287.0, 28]","[291.43, 42]","[295.43, 42]",289.71,144,3.43,-0.17
07:36:59,"[288.0, 18]","[287.0, 18]","[290.33, 27]","[298.45, 33]",289.17,96,2.33,-0.25
07:37:00,"[288.0, 18]","[287.0, 18]","[289.11, 27]","[298.67, 27]",288.56,90,1.11,-0.2
07:37:01,"[283.67, 30]","[277.82, 55]","[298.0, 45]","[299.0, 15]",290.83,145,14.33,0.17
07:37:02,"[277.0, 26]","[276.0, 117]","[288.23, 26]","[296.91, 32]",282.62,201,11.23,0.42
07:37:03,"[281.85, 39]","[276.15, 95]","[294.72, 58]","[295.64, 44]",288.29,236,12.88,0.14
07:37:04,"[286.0, 27]","[277.0, 18]","[293.73, 30]","[294.56, 36]",289.87,111,7.73,-0.19
07:37:05,"[286.0, 42]","[278.61, 23]","[290.44, 32]","[290.89, 38]",288.22,135,4.44,-0.04
07:37:06,"[286.0, 24]","[279.0, 16]","[288.0, 8]","[289.0, 40]",287.0,88,2.0,-0.09
07:37:07,"[284.72, 36]","[279.5, 40]","[288.68, 47]","[293.05, 80]",286.7,203,3.96,-0.25
07:37:08,"[281.44, 16]","[278.05, 19]","[288.0, 64]","[296.15, 26]",284.72,125,6.56,-0.44
07:37:09,"[282.93, 14]","[277.37, 19]","[288.0, 56]","[296.0, 17]",285.46,106,5.07,-0.38
07:37:10,"[283.24, 17]","[277.43, 28]","[287.25, 48]","[290.03, 33]",285.24,126,4.01,-0.29
07:37:11,"[284.71, 34]","[278.85, 26]","[286.14, 59]","[295.0, 17]",285.42,136,1.43,-0.12
07:37:12,"[281.04, 57]","[277.5, 18]","[290.38, 16]","[295.88, 32]",285.71,123,9.34,0.22
07:37:13,"[275.06, 64]","[271.75, 16]","[292.5, 8]","[294.64, 22]",283.78,110,17.44,0.45
07:37:14,"[275.26, 152]","[269.39, 132]","[282.45, 33]","[291.94, 49]",278.86,366,7.19,0.55
07:37:15,"[278.61, 66]","[275.21, 139]","[282.45, 22]","[289.57, 23]",280.53,250,3.85,0.64
07:37:16,"[280.64, 125]","[278.42, 187]","[289.65, 20]","[290.89, 36]",285.14,368,9.01,0.7
07:37:17,"[282.0, 210]","[277.65, 69]","[287.62, 16]","[289.12, 16]",284.81,311,5.62,0.79
07:37:18,"[287.5, 84]","[282.59, 123]","[288.54, 13]","[290.82, 33]",288.02,253,1.04,0.64
07:37:19,"[288.0, 88]","[287.0, 55]","[289.0, 11]","[290.64, 25]",288.5,179,1.0,0.6
07:37:20,"[288.0, 80]","[287.0, 50]","[289.86, 35]","[346.32, 22]",288.93,187,1.86,0.39
07:37:21,"[287.94, 77]","[286.94, 53]","[289.22, 41]","[290.11, 28]",288.58,199,1.28,0.31
07:37:22,"[287.0, 60]","[286.0, 36]","[288.5, 24]","[290.0, 36]",287.75,156,1.5,0.23
07:37:23,"[287.0, 25]","[286.0, 15]","[288.0, 10]","[289.0, 5]",287.5,55,1.0,0.45
07:37:24,"[287.36, 55]","[286.05, 41]","[288.33, 21]","[291.56, 34]",287.85,151,0.97,0.27
07:37:25,"[288.0, 215]","[287.0, 24]","[289.0, 12]","[292.0, 60]",288.5,311,1.0,0.54
07:37:26,"[288.0, 180]","[287.0, 24]","[289.0, 12]","[292.0, 60]",288.5,276,1.0,0.48
07:37:27,"[288.0, 203]","[286.04, 45]","[289.0, 14]","[292.0, 70]",288.5,332,1.0,0.49
07:37:28,"[288.0, 168]","[286.0, 48]","[289.0, 12]","[292.0, 60]",288.5,288,1.0,0.5
07:37:29,"[288.0, 154]","[286.85, 53]","[289.0, 11]","[292.0, 55]",288.5,273,1.0,0.52
07:37:30,"[288.0, 181]","[287.0, 50]","[289.0, 10]","[292.0, 50]",288.5,291,1.0,0.59
07:37:31,"[288.0, 150]","[287.0, 50]","[289.0, 10]","[292.0, 50]",288.5,260,1.0,0.54
07:37:32,"[288.0, 135]","[287.0, 45]","[291.59, 29]","[293.5, 40]",289.79,249,3.59,0.45
07:37:33,"[288.0, 150]","[287.0, 50]","[291.83, 48]","[294.29, 42]",289.92,290,3.83,0.38
07:37:34,"[288.0, 180]","[287.0, 60]","[290.33, 36]","[291.56, 54]",289.17,330,2.33,0.45
07:37:35,"[288.8, 50]","[287.88, 85]","[291.0, 28]","[296.29, 35]",289.9,198,2.2,0.36
07:37:36,"[288.16, 98]","[287.5, 60]","[295.74, 38]","[298.69, 64]",291.95,260,7.57,0.22
07:37:37,"[288.0, 240]","[287.0, 80]","[296.05, 95]","[298.15, 111]",292.03,526,8.05,0.22
07:37:38,"[288.0, 105]","[287.0, 50]","[293.5, 50]","[296.0, 50]",290.75,255,5.5,0.22
07:37:39,"[288.0, 62]","[287.0, 40]","[293.0, 40]","[296.0, 40]",290.5,182,5.0,0.12
07:37:40,"[288.0, 30]","[287.0, 25]","[293.0, 25]","[295.0, 25]",290.5,105,5.0,0.05
07:37:41,"[288.16, 49]","[287.11, 45]","[293.0, 45]","[295.0, 45]",290.58,184,4.84,0.02
07:37:42,"[292.0, 22]","[288.11, 53]","[293.0, 55]","[295.0, 55]",292.5,185,1.0,-0.19
07:37:43,"[290.11, 35]","[288.1, 58]","[294.44, 50]","[298.11, 54]",292.28,197,4.33,-0.06
07:37:44,"[290.0, 42]","[288.0, 70]","[293.0, 42]","[295.0, 70]",291.5,224,3.0,0.0
07:37:45,"[287.21, 14]","[286.06, 77]","[293.0, 30]","[295.6, 50]",290.11,171,5.79,0.06
07:37:46,"[287.0, 7]","[286.0, 56]","[292.14, 21]","[294.67, 27]",289.57,111,5.14,0.14
07:37:47,"[286.35, 34]","[285.66, 105]","[288.67, 45]","[289.93, 45]",287.51,229,2.31,0.21
07:37:48,"[286.0, 72]","[282.0, 36]","[287.0, 36]","[288.0, 36]",286.5,180,1.0,0.2
07:37:49,"[283.6, 20]","[279.14, 28]","[287.5, 24]","[293.0, 32]",285.55,104,3.9,-0.08
07:37:50,"[286.5, 12]","[281.35, 31]","[295.56, 18]","[296.6, 50]",291.03,111,9.06,-0.23
07:37:51,"[288.0, 8]","[282.0, 24]","[295.0, 8]","[297.75, 40]",291.5,80,7.0,-0.2
07:37:52,"[288.0, 10]","[282.0, 30]","[294.1, 10]","[299.19, 58]",291.05,108,6.1,-0.26
07:37:53,"[288.0, 10]","[282.0, 30]","[294.0, 10]","[301.0, 160]",291.0,210,6.0,-0.62
07:37:54,"[288.0, 12]","[282.0, 36]","[294.0, 12]","[301.0, 166]",291.0,226,6.0,-0.58
07:37:55,"[288.0, 12]","[283.43, 14]","[297.62, 16]","[300.95, 92]",292.81,134,9.62,-0.61
07:37:56,"[288.38, 32]","[286.29, 14]","[298.8, 51]","[300.06, 63]",293.59,160,10.43,-0.42
07:37:57,"[289.08, 37]","[282.7, 74]","[298.0, 75]","[299.0, 45]",293.54,231,8.92,-0.04
07:37:58,"[286.0, 9]","[282.0, 62]","[298.0, 45]","[299.0, 27]",292.0,143,12.0,-0.01
07:37:59,"[286.0, 8]","[282.0, 52]","[298.0, 40]","[299.0, 24]",292.0,124,12.0,-0.03
07:38:00,"[286.0, 82]","[282.0, 112]","[296.75, 60]","[297.53, 68]",291.38,322,10.75,0.2
07:38:01,"[286.0, 192]","[282.0, 112]","[296.0, 48]","[297.04, 68]",291.0,420,10.0,0.45
07:38:02,"[286.0, 67]","[282.0, 70]","[295.86, 28]","[297.29, 17]",290.93,182,9.86,0.51
07:38:03,"[286.61, 36]","[284.05, 43]","[294.07, 28]","[297.86, 42]",290.34,149,7.46,0.06
07:38:04,"[283.09, 46]","[279.58, 76]","[293.0, 26]","[301.32, 47]",288.04,195,9.91,0.25
07:38:05,"[282.62, 64]","[280.29, 70]","[292.0, 34]","[301.63, 163]",287.31,331,9.38,-0.19
07:38:06,"[283.62, 105]","[282.91, 114]","[289.78, 36]","[294.33, 54]",286.7,309,6.16,0.42
07:38:07,"[284.0, 65]","[283.0, 104]","[289.0, 26]","[295.0, 39]",286.5,234,5.0,0.44
07:38:08,"[286.62, 138]","[285.03, 96]","[288.17, 36]","[294.72, 64]",287.39,334,1.54,0.4
07:38:09,"[287.0, 48]","[286.0, 30]","[292.5, 16]","[294.86, 42]",289.75,136,5.5,0.15
07:38:10,"[287.09, 35]","[286.55, 44]","[294.0, 21]","[295.0, 63]",290.54,163,6.91,-0.03
07:38:11,"[288.0, 16]","[287.0, 96]","[294.0, 36]","[295.0, 108]",291.0,256,6.0,-0.12
07:38:12,"[288.0, 33]","[287.0, 88]","[293.82, 33]","[294.93, 87]",290.91,241,5.82,0.0
07:38:13,"[288.0, 48]","[287.0, 128]","[291.56, 48]","[294.88, 125]",289.78,349,3.56,0.01
07:38:14,"[288.0, 30]","[287.0, 80]","[291.0, 30]","[295.0, 50]",289.5,190,3.0,0.16
07:38:15,"[288.0, 30]","[287.0, 80]","[291.0, 30]","[295.13, 52]",289.5,192,3.0,0.15
07:38:16,"[287.63, 43]","[286.88, 82]","[291.11, 35]","[296.12, 51]",289.37,211,3.49,0.18
07:38:17,"[287.0, 80]","[286.0, 50]","[296.22, 36]","[297.52, 46]",291.61,212,9.22,0.23
07:38:18,"[287.0, 128]","[286.0, 80]","[294.14, 78]","[295.84, 49]",290.57,335,7.14,0.24
07:38:19,"[287.0, 84]","[286.0, 75]","[291.96, 70]","[294.1, 49]",289.48,278,4.96,0.14
07:38:20,"[287.0, 60]","[286.0, 75]","[289.17, 72]","[291.58, 57]",288.08,264,2.17,0.02
07:38:21,"[286.64, 69]","[285.67, 60]","[289.81, 64]","[300.35, 40]",288.23,233,3.17,0.11
07:38:22,"[286.0, 35]","[282.0, 11]","[288.82, 44]","[299.0, 35]",287.41,125,2.82,-0.26
07:38:23,"[286.0, 30]","[282.0, 10]","[288.0, 25]","[299.0, 40]",287.0,105,2.0,-0.24
07:38:24,"[288.5, 44]","[285.43, 28]","[296.8, 30]","[301.08, 78]",292.65,180,8.3,-0.2
07:38:25,"[290.0, 111]","[283.0, 18]","[299.0, 45]","[301.96, 84]",294.5,258,9.0,0.0
07:38:26,"[290.0, 48]","[285.1, 31]","[299.0, 18]","[301.0, 6]",294.5,103,9.0,0.53
07:38:27,"[290.0, 64]","[286.0, 64]","[299.0, 24]","[301.0, 8]",294.5,160,9.0,0.6
07:38:28,"[290.0, 72]","[286.0, 72]","[296.16, 25]","[297.48, 25]",293.08,194,6.16,0.48
07:38:29,"[290.0, 65]","[286.12, 51]","[294.8, 25]","[295.14, 29]",292.4,170,4.8,0.36
07:38:30,"[290.0, 49]","[286.0, 56]","[294.0, 7]","[295.0, 35]",292.0,147,4.0,0.43
07:38:31,"[290.0, 44]","[286.0, 96]","[292.15, 20]","[293.48, 52]",291.07,212,2.15,0.32
07:38:32,"[290.0, 14]","[286.0, 88]","[291.35, 43]","[294.06, 31]",290.67,176,1.35,0.16
07:38:33,"[286.47, 34]","[285.71, 41]","[295.63, 38]","[299.73, 22]",291.05,135,9.16,0.11
07:38:34,"[286.56, 45]","[285.7, 54]","[300.0, 36]","[301.0, 63]",293.28,198,13.44,0.0
07:38:35,"[286.42, 59]","[285.42, 62]","[299.58, 48]","[300.75, 65]",293.0,234,13.16,0.03
07:38:36,"[286.17, 87]","[285.21, 61]","[298.81, 62]","[299.73, 55]",292.49,265,12.63,0.12
07:38:37,"[287.0, 36]","[286.0, 108]","[297.56, 27]","[298.41, 61]",292.28,232,10.56,0.24
07:38:38,"[287.0, 36]","[286.0, 108]","[293.36, 55]","[294.15, 33]",290.18,232,6.36,0.24
07:38:39,"[287.0, 36]","[286.0, 108]","[291.92, 60]","[294.0, 48]",289.46,252,4.92,0.14
07:38:40,"[286.86, 44]","[285.97, 136]","[289.84, 49]","[290.73, 75]",288.35,304,2.97,0.18
07:38:41,"[286.0, 78]","[282.0, 13]","[288.75, 53]","[290.64, 64]",287.38,208,2.75,-0.12
07:38:42,"[284.93, 30]","[281.47, 15]","[291.86, 65]","[296.68, 82]",288.4,192,6.93,-0.53
07:38:43,"[282.0, 8]","[281.0, 8]","[296.0, 32]","[297.0, 24]",289.0,72,14.0,-0.56
07:38:44,"[282.0, 7]","[281.0, 7]","[296.0, 38]","[297.0, 21]",289.0,73,14.0,-0.62
07:38:45,"[284.8, 10]","[281.7, 10]","[295.67, 54]","[296.18, 66]",290.23,140,10.87,-0.71
07:38:46,"[286.57, 21]","[283.6, 15]","[294.27, 45]","[295.66, 95]",290.42,176,7.7,-0.59
07:38:47,"[287.0, 30]","[286.0, 15]","[292.6, 45]","[295.13, 63]",289.8,153,5.6,-0.41
07:38:48,"[288.71, 35]","[286.5, 20]","[292.0, 45]","[295.53, 45]",290.36,145,3.29,-0.24
07:38:49,"[287.71, 34]","[286.22, 18]","[294.32, 38]","[296.71, 56]",291.01,146,6.61,-0.29
07:38:50,"[286.23, 26]","[281.56, 45]","[293.85, 80]","[296.48, 50]",290.04,201,7.62,-0.29
07:38:51,"[284.08, 12]","[277.12, 41]","[293.0, 48]","[294.0, 24]",288.54,125,8.92,-0.15
07:38:52,"[287.0, 11]","[279.45, 11]","[293.0, 44]","[294.0, 22]",290.0,88,6.0,-0.5
07:38:53,"[287.0, 11]","[277.0, 11]","[292.45, 44]","[294.43, 28]",289.73,94,5.45,-0.53
07:38:54,"[287.0, 14]","[281.41, 34]","[291.57, 56]","[295.0, 80]",289.29,184,4.57,-0.48
07:38:55,"[282.38, 13]","[277.29, 51]","[291.0, 52]","[294.69, 65]",286.69,181,8.62,-0.29
07:38:56,"[282.0, 7]","[277.77, 26]","[291.0, 28]","[293.0, 35]",286.5,96,9.0,-0.31
07:38:57,"[282.0, 13]","[281.0, 65]","[289.69, 52]","[293.84, 67]",285.85,197,7.69,-0.21
07:38:58,"[282.98, 41]","[281.78, 23]","[287.84, 76]","[295.43, 106]",285.41,246,4.87,-0.48
07:38:59,"[283.0, 16]","[282.0, 8]","[286.0, 32]","[296.0, 71]",284.5,127,3.0,-0.62
07:39:00,"[283.0, 22]","[282.0, 11]","[285.36, 44]","[296.0, 77]",284.18,154,2.36,-0.57
07:39:01,"[282.67, 27]","[279.55, 55]","[283.76, 67]","[287.42, 74]",283.21,223,1.09,-0.26
07:39:02,"[278.76, 25]","[275.23, 26]","[281.0, 42]","[282.13, 38]",279.88,131,2.24,-0.22
07:39:03,"[278.0, 38]","[274.0, 21]","[280.14, 14]","[283.17, 12]",279.07,85,2.14,0.39
07:39:04,"[278.0, 35]","[274.89, 112]","[281.56, 18]","[290.11, 18]",279.78,183,3.56,0.61
07:39:05,"[278.0, 6]","[274.0, 18]","[287.93, 14]","[294.21, 28]",282.96,66,9.93,-0.27
07:39:06,"[278.0, 11]","[274.0, 33]","[287.0, 55]","[291.45, 11]",282.5,110,9.0,-0.2
07:39:07,"[278.0, 8]","[275.5, 24]","[286.88, 40]","[292.0, 8]",282.44,80,8.88,-0.2
07:39:08,"[278.0, 9]","[274.67, 27]","[286.0, 45]","[292.0, 9]",282.0,90,8.0,-0.2
07:39:09,"[278.0, 9]","[269.37, 19]","[285.33, 45]","[292.0, 15]",281.67,88,7.33,-0.36
07:39:10,"[279.45, 22]","[269.46, 13]","[283.32, 62]","[291.47, 34]",281.39,131,3.87,-0.47
07:39:11,"[278.04, 23]","[267.8, 50]","[282.0, 46]","[290.48, 23]",280.02,142,3.96,0.03
07:39:12,"[271.0, 14]","[267.0, 112]","[289.79, 48]","[292.13, 61]",280.4,235,18.79,0.07
07:39:13,"[279.0, 36]","[271.0, 12]","[286.97, 35]","[288.26, 53]",282.99,136,7.97,-0.29
07:39:14,"[279.0, 33]","[271.0, 11]","[284.59, 59]","[286.84, 68]",281.8,171,5.59,-0.49
07:39:15,"[279.0, 42]","[271.0, 14]","[284.44, 36]","[286.65, 85]",281.72,177,5.44,-0.37
07:39:16,"[279.49, 41]","[276.29, 21]","[282.0, 11]","[286.68, 37]",280.74,110,2.51,0.13
07:39:17,"[282.87, 60]","[280.53, 30]","[286.0, 20]","[293.0, 20]",284.43,130,3.13,0.38
07:39:18,"[284.0, 55]","[281.0, 22]","[286.0, 22]","[292.08, 26]",285.0,125,2.0,0.23
07:39:19,"[284.17, 6]","[281.0, 12]","[286.0, 12]","[289.62, 26]",285.08,56,1.83,-0.36
07:39:20,"[284.1, 10]","[277.0, 26]","[286.0, 20]","[289.0, 50]",285.05,106,1.9,-0.32
07:39:21,"[276.0, 11]","[268.0, 88]","[286.0, 22]","[288.54, 52]",281.0,173,10.0,0.14
07:39:22,"[277.62, 34]","[269.26, 38]","[286.0, 18]","[288.84, 49]",281.81,139,8.38,0.04
07:39:23,"[280.44, 36]","[276.0, 12]","[286.0, 12]","[289.0, 60]",283.22,120,5.56,-0.2
07:39:24,"[281.62, 8]","[275.12, 8]","[286.0, 8]","[289.0, 40]",283.81,64,4.38,-0.5
07:39:25,"[283.38, 8]","[273.82, 34]","[286.0, 8]","[289.0, 40]",284.69,90,2.62,-0.07
07:39:26,"[284.0, 9]","[276.0, 36]","[286.0, 9]","[289.62, 39]",285.0,93,2.0,-0.03
07:39:27,"[284.5, 10]","[277.6, 25]","[286.0, 10]","[290.0, 40]",285.25,85,1.5,-0.18
07:39:28,"[284.0, 11]","[275.98, 41]","[286.0, 11]","[289.12, 34]",285.0,97,2.0,0.07
07:39:29,"[281.46, 46]","[273.41, 46]","[287.92, 37]","[289.57, 37]",284.69,166,6.46,0.11
07:39:30,"[277.73, 11]","[272.75, 106]","[291.12, 32]","[431.48, 40]",284.43,189,13.4,0.24
07:39:31,"[279.85, 34]","[276.0, 27]","[292.17, 48]","[560.68, 38]",286.01,147,12.31,-0.17
07:39:32,"[287.0, 16]","[280.0, 40]","[289.0, 40]","[293.0, 16]",288.0,112,2.0,0.0
07:39:33,"[281.91, 55]","[279.47, 34]","[288.0, 67]","[290.09, 55]",284.95,211,6.09,-0.16
07:39:34,"[281.27, 75]","[278.0, 60]","[286.2, 54]","[287.89, 54]",283.74,243,4.94,0.11
07:39:35,"[282.0, 46]","[278.0, 38]","[283.2, 30]","[286.0, 20]",282.6,134,1.2,0.25
07:39:36,"[282.0, 32]","[278.0, 27]","[283.0, 27]","[286.0, 18]",282.5,104,1.0,0.13
07:39:37,"[278.0, 30]","[271.0, 10]","[285.2, 20]","[292.0, 50]",281.6,110,7.2,-0.27
07:39:38,"[278.73, 45]","[276.85, 40]","[289.68, 57]","[292.07, 75]",284.21,217,10.95,-0.22
07:39:39,"[281.0, 39]","[275.43, 42]","[291.0, 65]","[292.0, 39]",286.0,185,10.0,-0.12
07:39:40,"[286.23, 35]","[280.92, 39]","[291.0, 65]","[293.2, 30]",288.61,169,4.77,-0.12
07:39:41,"[286.0, 24]","[280.33, 18]","[291.0, 40]","[294.0, 16]",288.5,98,5.0,-0.14
07:39:42,"[282.13, 47]","[279.0, 30]","[289.61, 66]","[290.84, 50]",285.87,193,7.48,-0.2
07:39:43,"[282.73, 44]","[281.06, 36]","[287.82, 44]","[289.0, 55]",285.27,179,5.09,-0.11
07:39:44,"[286.0, 173]","[282.25, 16]","[289.0, 39]","[291.25, 56]",287.5,284,3.0,0.33
07:39:45,"[286.0, 156]","[282.0, 12]","[289.25, 24]","[293.0, 54]",287.62,246,3.25,0.37
07:39:46,"[288.0, 36]","[286.13, 90]","[289.0, 24]","[294.0, 60]",288.5,210,1.0,0.2
07:39:47,"[288.0, 36]","[287.0, 24]","[291.78, 36]","[294.33, 48]",289.89,144,3.78,-0.17
07:39:48,"[288.0, 15]","[287.0, 10]","[289.0, 10]","[292.86, 21]",288.5,56,1.0,-0.11
07:39:49,"[287.43, 21]","[286.07, 84]","[288.88, 16]","[289.84, 25]",288.15,146,1.45,0.44
07:39:50,"[287.0, 26]","[286.0, 169]","[288.0, 13]","[289.0, 26]",287.5,234,1.0,0.67
07:39:51,"[286.14, 56]","[285.83, 95]","[289.79, 29]","[291.25, 24]",287.97,204,3.65,0.48
07:39:52,"[286.0, 105]","[282.0, 9]","[290.0, 17]","[292.0, 18]",288.0,149,4.0,0.53
07:39:53,"[286.0, 97]","[282.0, 13]","[290.0, 13]","[292.0, 26]",288.0,149,4.0,0.48
07:39:54,"[286.0, 91]","[282.0, 13]","[290.0, 13]","[292.0, 26]",288.0,143,4.0,0.45
07:39:55,"[286.0, 84]","[282.0, 12]","[290.0, 12]","[292.0, 24]",288.0,132,4.0,0.45
07:39:56,"[286.0, 39]","[282.0, 7]","[290.0, 7]","[292.0, 14]",288.0,67,4.0,0.37
07:39:57,"[286.0, 24]","[282.0, 12]","[290.8, 15]","[293.6, 30]",288.4,81,4.8,-0.11
07:39:58,"[288.5, 24]","[281.14, 21]","[292.0, 24]","[296.0, 48]",290.25,117,3.5,-0.23
07:39:59,"[290.0, 40]","[287.29, 14]","[292.0, 16]","[296.0, 32]",291.0,102,2.0,0.06
07:40:00,"[290.0, 30]","[288.0, 18]","[292.0, 12]","[296.0, 24]",291.0,84,2.0,0.14
07:40:01,"[290.0, 35]","[288.0, 21]","[292.0, 14]","[296.0, 28]",291.0,98,2.0,0.14
07:40:02,"[290.0, 75]","[288.0, 45]","[292.0, 30]","[296.0, 60]",291.0,210,2.0,0.14
07:40:03,"[287.91, 68]","[283.92, 60]","[291.0, 84]","[292.57, 42]",289.46,254,3.09,0.01
07:40:04,"[289.46, 57]","[283.76, 17]","[291.0, 52]","[293.0, 26]",290.23,152,1.54,-0.03
07:40:05,"[290.0, 19]","[286.0, 9]","[291.0, 36]","[293.0, 18]",290.5,82,1.0,-0.32
07:40:06,"[290.0, 6]","[286.57, 7]","[291.0, 24]","[293.0, 12]",290.5,49,1.0,-0.47
07:40:07,"[288.0, 16]","[286.0, 26]","[291.0, 32]","[293.0, 16]",289.5,90,3.0,-0.07
07:40:08,"[288.0, 26]","[286.0, 28]","[291.0, 28]","[293.0, 14]",289.5,96,3.0,0.12
07:40:09,"[288.0, 60]","[286.0, 56]","[290.27, 44]","[293.6, 40]",289.14,200,2.27,0.16
07:40:10,"[286.92, 13]","[284.53, 19]","[293.0, 24]","[294.37, 38]",289.96,94,6.08,-0.32
07:40:11,"[286.0, 10]","[282.0, 10]","[293.0, 60]","[301.0, 20]",289.5,100,7.0,-0.6
07:40:12,"[286.0, 4]","[282.0, 4]","[293.0, 18]","[296.5, 8]",289.5,34,7.0,-0.53
07:40:13,"[286.0, 10]","[282.0, 10]","[293.0, 40]","[295.0, 20]",289.5,80,7.0,-0.5
07:40:14,"[286.0, 9]","[282.0, 9]","[293.0, 36]","[296.24, 42]",289.5,96,7.0,-0.62
07:40:15,"[286.0, 9]","[282.0, 9]","[293.0, 36]","[296.0, 45]",289.5,99,7.0,-0.64
07:40:16,"[286.0, 16]","[282.0, 16]","[293.0, 64]","[296.0, 80]",289.5,176,7.0,-0.64
07:40:17,"[286.0, 3]","[282.0, 5]","[293.0, 12]","[296.0, 15]",289.5,35,7.0,-0.54
07:40:18,"[286.0, 11]","[282.0, 22]","[293.28, 54]","[296.19, 52]",289.64,139,7.28,-0.53
07:40:19,"[286.0, 5]","[282.0, 10]","[296.0, 25]","[301.0, 10]",291.0,50,10.0,-0.4
07:40:20,"[289.0, 7]","[283.33, 9]","[296.0, 35]","[301.0, 14]",292.5,65,7.0,-0.51
07:40:21,"[283.0, 11]","[279.16, 44]","[296.0, 55]","[343.43, 21]",289.5,131,13.0,-0.16
07:40:22,"[282.88, 16]","[279.37, 41]","[294.91, 55]","[296.0, 55]",288.89,167,12.03,-0.32
07:40:23,"[284.8, 20]","[282.0, 10]","[292.31, 49]","[294.34, 47]",288.55,126,7.51,-0.52
07:40:24,"[286.11, 36]","[282.0, 18]","[290.26, 76]","[291.19, 86]",288.19,216,4.15,-0.5
07:40:25,"[287.0, 24]","[282.0, 14]","[289.18, 67]","[290.25, 59]",288.09,164,2.18,-0.54
07:40:26,"[281.7, 30]","[279.87, 45]","[288.22, 67]","[289.41, 68]",284.96,210,6.52,-0.29
07:40:27,"[283.81, 136]","[280.53, 34]","[287.0, 64]","[289.0, 80]",285.4,314,3.19,0.08
07:40:28,"[283.58, 52]","[275.35, 92]","[285.85, 61]","[287.71, 56]",284.71,261,2.28,0.1
07:40:29,"[283.24, 25]","[275.69, 70]","[294.0, 55]","[295.0, 55]",288.62,205,10.76,-0.07
07:40:30,"[287.73, 33]","[286.57, 42]","[293.77, 71]","[294.8, 75]",290.75,221,6.05,-0.32
07:40:31,"[288.0, 30]","[287.0, 45]","[292.33, 60]","[295.87, 75]",290.17,210,4.33,-0.29
07:40:32,"[288.0, 19]","[287.0, 36]","[291.2, 50]","[296.13, 53]",289.6,158,3.2,-0.3
07:40:33,"[292.36, 55]","[288.45, 20]","[296.0, 55]","[297.0, 11]",294.18,141,3.64,0.06
07:40:34,"[293.0, 92]","[291.0, 16]","[296.0, 40]","[297.0, 8]",294.5,156,3.0,0.38
07:40:35,"[293.0, 60]","[291.0, 12]","[296.0, 30]","[297.0, 6]",294.5,108,3.0,0.33
07:40:36,"[293.0, 90]","[291.0, 18]","[295.68, 37]","[296.2, 25]",294.34,170,2.68,0.27
07:40:37,"[293.0, 122]","[291.0, 28]","[295.22, 54]","[296.52, 46]",294.11,250,2.22,0.2
07:40:38,"[293.0, 60]","[291.0, 18]","[297.0, 45]","[299.41, 17]",295.0,140,4.0,0.11
07:40:39,"[293.0, 27]","[291.0, 24]","[299.06, 48]","[300.77, 39]",296.03,138,6.06,-0.26
07:40:40,"[293.0, 13]","[291.0, 26]","[300.0, 13]","[301.0, 130]",296.5,182,7.0,-0.57
07:40:41,"[293.0, 11]","[291.0, 22]","[300.0, 11]","[301.0, 100]",296.5,144,7.0,-0.54
07:40:42,"[293.0, 10]","[291.0, 20]","[300.0, 10]","[301.0, 50]",296.5,90,7.0,-0.33
07:40:43,"[293.0, 14]","[289.12, 163]","[299.16, 32]","[300.89, 46]",296.08,255,6.16,0.39
07:40:44,"[293.0, 10]","[289.42, 86]","[299.0, 30]","[301.0, 40]",296.0,166,6.0,0.16
07:40:45,"[290.22, 23]","[290.86, 22]","[299.0, 24]","[301.0, 32]",294.61,101,8.78,-0.11
07:40:46,"[289.0, 132]","[288.0, 9]","[299.0, 27]","[301.0, 36]",294.0,204,10.0,0.38
07:40:47,"[289.0, 143]","[287.62, 16]","[298.0, 33]","[300.73, 26]",293.5,218,9.0,0.46
07:40:48,"[289.0, 182]","[287.14, 49]","[296.12, 40]","[298.44, 16]",292.56,287,7.12,0.61
07:40:49,"[289.0, 156]","[288.0, 12]","[294.1, 30]","[295.5, 18]",291.55,216,5.1,0.56
07:40:50,"[289.0, 117]","[288.0, 9]","[294.0, 27]","[295.0, 9]",291.5,162,5.0,0.56
07:40:51,"[289.0, 156]","[288.0, 15]","[293.31, 39]","[294.14, 21]",291.15,231,4.31,0.48
07:40:52,"[289.0, 110]","[288.0, 11]","[291.45, 11]","[292.74, 23]",290.23,155,2.45,0.56
07:40:53,"[289.0, 66]","[288.0, 9]","[290.0, 9]","[291.0, 9]",289.5,93,1.0,0.61
07:40:54,"[289.0, 70]","[288.0, 45]","[290.0, 10]","[291.0, 10]",289.5,135,1.0,0.7
07:40:55,"[289.0, 72]","[288.0, 96]","[290.17, 12]","[299.14, 56]",289.58,236,1.17,0.42
07:40:56,"[289.0, 48]","[288.0, 72]","[290.86, 21]","[299.47, 51]",289.93,192,1.86,0.25
07:40:57,"[289.0, 35]","[288.0, 56]","[291.0, 21]","[300.0, 42]",290.0,154,2.0,0.18
07:40:58,"[289.0, 38]","[288.0, 64]","[297.14, 29]","[300.29, 42]",293.07,173,8.14,0.18
07:40:59,"[289.0, 30]","[288.0, 80]","[298.7, 10]","[299.89, 54]",293.85,174,9.7,0.26
07:41:00,"[289.0, 23]","[288.0, 64]","[298.0, 13]","[299.4, 20]",293.5,120,9.0,0.45
07:41:01,"[289.0, 26]","[288.0, 104]","[296.07, 15]","[298.84, 45]",292.53,190,7.07,0.37
07:41:02,"[289.48, 31]","[288.09, 70]","[293.09, 11]","[301.64, 59]",291.29,171,3.61,0.18
07:41:03,"[290.0, 55]","[289.0, 22]","[292.0, 11]","[301.0, 44]",291.0,132,2.0,0.17
07:41:04,"[290.0, 49]","[289.0, 20]","[295.71, 17]","[301.14, 69]",292.85,155,5.71,-0.11
07:41:05,"[290.0, 32]","[289.0, 16]","[301.0, 64]","[303.0, 40]",295.5,152,11.0,-0.37
07:41:06,"[291.52, 58]","[289.71, 62]","[301.0, 172]","[303.0, 68]",296.26,360,9.48,-0.33
07:41:07,"[294.0, 24]","[290.0, 48]","[301.0, 65]","[303.0, 12]",297.5,149,7.0,-0.03
07:41:08,"[290.33, 48]","[289.27, 30]","[300.83, 87]","[301.3, 53]",295.58,218,10.49,-0.28
07:41:09,"[290.0, 52]","[289.0, 26]","[299.54, 39]","[302.11, 90]",294.77,207,9.54,-0.25
07:41:10,"[290.0, 76]","[289.0, 38]","[297.89, 57]","[302.18, 51]",293.95,222,7.89,0.03
07:41:11,"[290.0, 40]","[289.0, 20]","[297.0, 30]","[300.72, 25]",293.5,115,7.0,0.04
07:41:12,"[290.0, 36]","[289.0, 18]","[296.44, 27]","[300.0, 9]",293.22,90,6.44,0.2
07:41:13,"[290.0, 19]","[289.0, 20]","[295.62, 24]","[297.75, 16]",292.81,79,5.62,-0.01
07:41:14,"[289.57, 23]","[288.39, 66]","[292.06, 35]","[296.53, 38]",290.81,162,2.49,0.1
07:41:15,"[288.05, 81]","[287.17, 93]","[291.23, 26]","[294.76, 17]",289.64,217,3.18,0.6
07:41:16,"[288.11, 71]","[287.1, 70]","[290.6, 20]","[298.3, 30]",289.36,191,2.49,0.48
07:41:17,"[289.0, 91]","[287.31, 112]","[290.0, 32]","[299.0, 48]",289.5,283,1.0,0.43
07:41:18,"[288.62, 26]","[286.78, 90]","[296.1, 31]","[300.4, 50]",292.36,197,7.48,0.18
07:41:19,"[287.0, 41]","[283.0, 65]","[295.14, 21]","[299.85, 47]",291.07,174,8.14,0.22
07:41:20,"[287.0, 10]","[283.0, 25]","[297.36, 11]","[301.41, 17]",292.18,63,10.36,0.11
07:41:21,"[287.0, 18]","[283.0, 45]","[298.22, 27]","[300.0, 9]",292.61,99,11.22,0.27
07:41:22,"[290.67, 36]","[283.67, 18]","[298.0, 18]","[300.0, 6]",294.33,78,7.33,0.38
07:41:23,"[291.0, 176]","[287.0, 16]","[297.5, 40]","[299.0, 24]",294.25,256,6.5,0.5
07:41:24,"[291.0, 132]","[288.92, 52]","[296.43, 28]","[298.2, 20]",293.71,232,5.43,0.59
07:41:25,"[291.0, 165]","[289.0, 75]","[297.0, 45]","[300.74, 23]",294.0,308,6.0,0.56
07:41:26,"[291.0, 109]","[289.0, 55]","[297.0, 33]","[299.0, 11]",294.0,208,6.0,0.58
07:41:27,"[291.0, 64]","[289.0, 40]","[297.0, 24]","[299.0, 8]",294.0,136,6.0,0.53
07:41:28,"[291.0, 72]","[289.0, 45]","[297.0, 27]","[299.0, 9]",294.0,153,6.0,0.53
07:41:29,"[291.0, 88]","[289.0, 55]","[296.84, 25]","[297.74, 19]",293.92,187,5.84,0.53
07:41:30,"[291.0, 120]","[287.59, 102]","[295.93, 15]","[297.48, 23]",293.47,260,4.93,0.71
07:41:31,"[291.0, 88]","[287.11, 93]","[293.06, 16]","[299.42, 38]",292.03,235,2.06,0.54
07:41:32,"[290.41, 34]","[287.18, 88]","[292.0, 18]","[300.0, 68]",291.21,208,1.59,0.17
07:41:33,"[287.11, 76]","[284.65, 74]","[291.23, 13]","[300.0, 19]",289.17,182,4.13,0.65
07:41:34,"[287.0, 72]","[282.0, 18]","[289.22, 9]","[299.2, 10]",288.11,109,2.22,0.65
07:41:35,"[287.56, 86]","[286.39, 66]","[295.69, 13]","[298.87, 15]",291.63,180,8.13,0.69
07:41:36,"[288.0, 90]","[287.0, 105]","[298.0, 15]","[299.0, 30]",293.0,240,10.0,0.62
07:41:37,"[288.0, 78]","[287.0, 91]","[295.68, 28]","[298.16, 19]",291.84,216,7.68,0.56
07:41:38,"[288.0, 66]","[287.0, 77]","[297.0, 22]","[298.0, 11]",292.5,176,9.0,0.62
07:41:39,"[288.0, 32]","[287.0, 56]","[297.0, 20]","[299.5, 16]",292.5,124,9.0,0.42
07:41:40,"[288.0, 44]","[287.0, 77]","[296.13, 23]","[297.32, 28]",292.07,172,8.13,0.41
07:41:41,"[287.39, 92]","[286.19, 79]","[294.1, 39]","[294.98, 41]",290.75,251,6.71,0.36
07:41:42,"[287.09, 92]","[284.47, 38]","[291.68, 31]","[293.29, 31]",289.38,192,4.59,0.35
07:41:43,"[288.88, 64]","[287.0, 118]","[292.75, 32]","[296.0, 16]",290.81,230,3.88,0.58
07:41:44,"[289.0, 26]","[287.0, 96]","[292.0, 24]","[295.5, 12]",290.5,158,3.0,0.54
07:41:45,"[288.88, 34]","[287.05, 88]","[291.07, 28]","[295.0, 14]",289.98,164,2.19,0.49
07:41:46,"[287.0, 94]","[283.0, 24]","[289.17, 24]","[292.35, 17]",288.08,159,2.17,0.48
07:41:47,"[284.87, 45]","[279.8, 30]","[289.2, 30]","[295.87, 15]",287.03,120,4.33,0.25
07:41:48,"[284.69, 26]","[283.0, 21]","[291.57, 21]","[296.88, 69]",288.13,137,6.88,-0.31
07:41:49,"[291.0, 10]","[287.0, 10]","[294.0, 10]","[297.1, 31]",292.5,61,3.0,-0.34
07:41:50,"[291.0, 7]","[287.0, 7]","[294.0, 7]","[297.0, 28]",292.5,49,3.0,-0.43
07:41:51,"[291.0, 10]","[287.0, 20]","[293.05, 19]","[294.92, 13]",292.03,62,2.05,-0.03
07:41:52,"[291.0, 8]","[287.0, 33]","[292.12, 16]","[295.25, 8]",291.56,65,1.12,0.26
07:41:53,"[290.73, 15]","[285.94, 17]","[292.0, 30]","[296.0, 15]",291.37,77,1.27,-0.17
07:41:54,"[287.0, 15]","[281.0, 45]","[290.0, 34]","[293.47, 19]",288.5,113,3.0,0.06
07:41:55,"[287.95, 118]","[282.85, 26]","[289.33, 30]","[293.43, 28]",288.64,202,1.38,0.43
07:41:56,"[288.61, 82]","[287.84, 43]","[293.74, 19]","[298.2, 25]",291.17,169,5.13,0.48
07:41:57,"[289.0, 110]","[287.0, 11]","[299.0, 11]","[300.0, 55]",294.0,187,10.0,0.29
07:41:58,"[289.0, 70]","[287.0, 10]","[299.0, 50]","[300.71, 34]",294.0,164,10.0,-0.02
07:41:59,"[289.0, 45]","[287.0, 9]","[299.0, 54]","[301.0, 27]",294.0,135,10.0,-0.2
07:42:00,"[289.0, 38]","[287.0, 8]","[299.0, 43]","[301.0, 24]",294.0,113,10.0,-0.19
07:42:01,"[289.0, 36]","[287.0, 9]","[299.0, 47]","[301.0, 27]",294.0,119,10.0,-0.24
07:42:02,"[289.0, 52]","[287.0, 13]","[298.23, 75]","[299.31, 52]",293.61,192,9.23,-0.32
07:42:03,"[289.0, 44]","[287.18, 11]","[297.0, 55]","[298.0, 44]",293.0,154,8.0,-0.29
07:42:04,"[289.0, 36]","[288.0, 11]","[296.64, 50]","[297.68, 41]",292.82,138,7.64,-0.32
07:42:05,"[289.0, 51]","[288.0, 17]","[293.11, 38]","[294.5, 64]",291.05,170,4.11,-0.2
07:42:06,"[289.0, 25]","[288.0, 11]","[290.29, 34]","[294.18, 44]",289.65,114,1.29,-0.37
07:42:07,"[288.0, 12]","[287.0, 12]","[295.86, 42]","[297.71, 51]",291.93,117,7.86,-0.59
07:42:08,"[289.88, 51]","[287.8, 15]","[294.0, 45]","[302.03, 72]",291.94,183,4.12,-0.28
07:42:09,"[290.0, 44]","[288.0, 11]","[294.0, 33]","[302.0, 55]",292.0,143,4.0,-0.23
07:42:10,"[290.0, 48]","[288.0, 17]","[293.18, 51]","[301.92, 129]",291.59,245,3.18,-0.47
07:42:11,"[290.0, 24]","[288.0, 68]","[291.75, 36]","[300.67, 60]",290.88,188,1.75,-0.02
07:42:12,"[288.0, 171]","[283.0, 152]","[290.42, 57]","[300.0, 95]",289.21,475,2.42,0.36
07:42:13,"[288.0, 93]","[286.33, 144]","[300.84, 103]","[302.2, 69]",294.42,409,12.84,0.16
07:42:14,"[288.0, 78]","[287.0, 130]","[301.81, 93]","[302.37, 82]",294.9,383,13.81,0.09
07:42:15,"[288.0, 72]","[287.0, 120]","[297.42, 72]","[298.5, 60]",292.71,324,9.42,0.19
07:42:16,"[290.32, 159]","[287.83, 148]","[295.17, 70]","[295.88, 112]",292.75,489,4.85,0.26
07:42:17,"[292.0, 132]","[290.0, 39]","[295.05, 44]","[296.15, 59]",293.52,274,3.05,0.25
07:42:18,"[292.0, 72]","[290.0, 24]","[296.0, 40]","[297.0, 32]",294.0,168,4.0,0.14
07:42:19,"[292.08, 75]","[290.55, 33]","[295.95, 37]","[296.74, 38]",294.01,183,3.87,0.18
07:42:20,"[294.0, 36]","[292.0, 144]","[296.67, 54]","[299.19, 128]",295.33,362,2.67,-0.01
07:42:21,"[292.36, 55]","[291.5, 60]","[297.0, 40]","[299.0, 50]",294.68,205,4.64,0.12
07:42:22,"[292.0, 85]","[290.0, 30]","[297.0, 40]","[299.0, 50]",294.5,205,5.0,0.12
07:42:23,"[291.54, 26]","[289.43, 21]","[297.0, 20]","[299.0, 25]",294.27,92,5.46,0.02
07:42:24,"[289.56, 54]","[288.6, 60]","[297.0, 40]","[299.0, 50]",293.28,204,7.44,0.12
07:42:25,"[290.0, 35]","[289.0, 66]","[297.0, 44]","[299.0, 55]",293.5,200,7.0,0.01
07:42:26,"[293.69, 39]","[289.25, 24]","[297.0, 36]","[299.0, 45]",295.35,144,3.31,-0.12
07:42:27,"[294.0, 96]","[291.54, 26]","[296.19, 64]","[297.45, 67]",295.09,253,2.19,-0.04
07:42:28,"[293.47, 53]","[291.39, 23]","[297.0, 60]","[300.2, 75]",295.24,211,3.53,-0.28
07:42:29,"[292.0, 18]","[290.0, 9]","[297.0, 36]","[301.0, 45]",294.5,108,5.0,-0.5
07:42:30,"[292.0, 24]","[290.0, 12]","[295.77, 39]","[298.65, 51]",293.88,126,3.77,-0.43
07:42:31,"[291.33, 15]","[289.14, 35]","[292.58, 38]","[293.62, 42]",291.96,130,1.25,-0.23
07:42:32,"[288.46, 78]","[287.81, 161]","[290.42, 43]","[295.54, 54]",289.44,336,1.96,0.42
07:42:33,"[288.0, 196]","[282.57, 14]","[290.43, 42]","[303.0, 70]",289.21,322,2.43,0.3
07:42:34,"[288.0, 192]","[284.0, 14]","[289.56, 32]","[296.47, 36]",288.78,274,1.56,0.5
07:42:35,"[288.09, 65]","[286.61, 23]","[297.94, 47]","[301.64, 55]",293.01,190,9.84,-0.07
07:42:36,"[290.0, 10]","[288.0, 50]","[300.25, 32]","[301.53, 38]",295.12,130,10.25,-0.08
07:42:37,"[290.0, 5]","[288.0, 25]","[299.0, 10]","[301.4, 20]",294.5,60,9.0,0.0
07:42:38,"[290.0, 4]","[288.0, 20]","[299.0, 8]","[302.0, 32]",294.5,64,9.0,-0.25
07:42:39,"[290.0, 7]","[288.0, 35]","[299.0, 14]","[302.0, 56]",294.5,112,9.0,-0.25
07:42:40,"[290.0, 4]","[288.0, 20]","[299.0, 8]","[302.0, 32]",294.5,64,9.0,-0.25
07:42:41,"[290.0, 11]","[288.0, 55]","[299.0, 22]","[302.0, 48]",294.5,136,9.0,-0.03
07:42:42,"[290.0, 9]","[288.68, 31]","[299.0, 18]","[302.0, 27]",294.5,85,9.0,-0.06
07:42:43,"[289.5, 12]","[288.64, 28]","[299.0, 16]","[302.0, 24]",294.25,80,9.5,0.0
07:42:44,"[290.0, 9]","[289.0, 27]","[299.0, 18]","[302.0, 27]",294.5,81,9.0,-0.11
07:42:45,"[289.25, 12]","[288.3, 30]","[299.0, 12]","[302.0, 18]",294.12,72,9.75,0.17
07:42:46,"[289.0, 30]","[288.0, 70]","[299.0, 20]","[302.0, 30]",294.0,150,10.0,0.33
07:42:47,"[290.67, 36]","[288.26, 68]","[299.0, 24]","[302.0, 36]",294.83,164,8.33,0.27
07:42:48,"[288.71, 31]","[287.09, 23]","[299.47, 19]","[302.27, 33]",294.09,106,10.76,0.02
07:42:49,"[288.0, 56]","[284.0, 14]","[299.0, 42]","[301.14, 42]",293.5,154,11.0,-0.09
07:42:50,"[288.9, 29]","[287.84, 50]","[299.0, 42]","[301.0, 42]",293.95,163,10.1,-0.03
07:42:51,"[290.0, 13]","[285.71, 101]","[298.83, 29]","[300.75, 48]",294.41,191,8.83,0.19
07:42:52,"[290.0, 6]","[288.0, 30]","[298.0, 6]","[299.57, 21]",294.0,63,8.0,0.14
07:42:53,"[290.0, 12]","[288.0, 60]","[296.75, 12]","[299.0, 36]",293.38,120,6.75,0.2
07:42:54,"[290.0, 8]","[288.0, 40]","[293.88, 8]","[299.0, 45]",291.94,101,3.88,-0.05
07:42:55,"[290.0, 15]","[288.0, 75]","[292.87, 15]","[299.12, 48]",291.43,153,2.87,0.18
07:42:56,"[290.0, 9]","[288.0, 45]","[292.0, 9]","[300.0, 18]",291.0,81,2.0,0.33
07:42:57,"[289.13, 23]","[287.24, 87]","[292.88, 17]","[299.69, 32]",291.01,159,3.75,0.38
07:42:58,"[288.62, 26]","[287.35, 102]","[298.3, 40]","[300.23, 44]",293.46,212,9.68,0.21
07:42:59,"[289.15, 13]","[287.58, 48]","[298.0, 40]","[302.0, 30]",293.58,131,8.85,-0.07
07:43:00,"[288.0, 52]","[285.75, 63]","[297.92, 48]","[301.57, 37]",292.96,200,9.92,0.15
07:43:01,"[288.1, 62]","[285.77, 93]","[295.16, 58]","[296.37, 51]",291.63,264,7.06,0.17
07:43:02,"[289.0, 14]","[288.0, 56]","[291.0, 44]","[292.23, 52]",290.0,166,2.0,-0.16
07:43:03,"[288.03, 33]","[285.39, 31]","[289.3, 40]","[292.4, 20]",288.67,124,1.27,0.03
07:43:04,"[284.5, 32]","[281.5, 32]","[285.88, 64]","[287.29, 62]",285.19,190,1.38,-0.33
07:43:05,"[281.8, 20]","[280.25, 32]","[283.83, 48]","[289.85, 52]",282.82,152,2.03,-0.32
07:43:06,"[280.81, 32]","[277.35, 23]","[282.82, 44]","[294.18, 55]",281.82,154,2.01,-0.29
07:43:07,"[278.0, 26]","[273.0, 39]","[281.76, 37]","[288.0, 60]",279.88,162,3.76,-0.2
07:43:08,"[278.77, 26]","[275.76, 29]","[280.0, 13]","[282.0, 52]",279.38,120,1.23,-0.08
07:43:09,"[276.75, 16]","[224.6, 10]","[281.85, 26]","[289.42, 36]",279.3,88,5.1,-0.41
07:43:10,"[277.33, 24]","[272.2, 30]","[281.53, 75]","[290.78, 54]",279.43,183,4.2,-0.41
07:43:11,"[278.0, 22]","[277.0, 11]","[281.0, 77]","[290.0, 33]",279.5,143,3.0,-0.54
07:43:12,"[279.64, 22]","[273.8, 15]","[281.98, 55]","[290.54, 37]",280.81,129,2.35,-0.43
07:43:13,"[287.83, 95]","[275.36, 28]","[289.0, 42]","[290.0, 42]",288.42,207,1.17,0.19
07:43:14,"[288.0, 63]","[272.0, 26]","[289.38, 39]","[291.67, 54]",288.69,182,1.38,-0.02
07:43:15,"[288.0, 24]","[272.0, 16]","[290.88, 24]","[293.0, 48]",289.44,112,2.88,-0.29
07:43:16,"[288.0, 15]","[272.0, 14]","[292.45, 33]","[294.2, 30]",290.23,92,4.45,-0.37
07:43:17,"[288.0, 10]","[272.0, 20]","[292.0, 40]","[293.0, 60]",290.0,130,4.0,-0.54
07:43:18,"[288.0, 9]","[272.0, 18]","[291.67, 36]","[293.0, 54]",289.83,117,3.67,-0.54
07:43:19,"[288.0, 12]","[273.24, 17]","[291.0, 42]","[293.0, 67]",289.5,138,3.0,-0.58
07:43:20,"[288.0, 12]","[283.0, 138]","[291.0, 24]","[293.75, 24]",289.5,198,3.0,0.52
07:43:21,"[288.0, 12]","[283.0, 144]","[290.17, 24]","[294.92, 12]",289.08,192,2.17,0.62
07:43:22,"[288.0, 9]","[283.0, 108]","[289.78, 18]","[294.0, 9]",288.89,144,1.78,0.62
07:43:23,"[283.11, 92]","[280.65, 34]","[290.32, 19]","[295.36, 22]",286.71,167,7.21,0.51
07:43:24,"[283.0, 63]","[275.0, 7]","[294.0, 7]","[296.0, 21]",288.5,98,11.0,0.43
07:43:25,"[283.88, 74]","[282.93, 118]","[293.48, 23]","[295.86, 36]",288.68,251,9.6,0.53
07:43:26,"[288.46, 93]","[283.83, 103]","[290.83, 60]","[293.55, 62]",289.65,318,2.37,0.23
07:43:27,"[285.27, 45]","[282.84, 114]","[290.0, 26]","[295.0, 33]",287.63,218,4.73,0.46
07:43:28,"[283.0, 196]","[274.0, 14]","[286.95, 21]","[290.11, 27]",284.98,258,3.95,0.63
07:43:29,"[283.0, 132]","[274.0, 10]","[284.0, 20]","[295.62, 26]",283.5,188,1.0,0.51
07:43:30,"[283.0, 110]","[273.52, 23]","[297.2, 35]","[298.92, 36]",290.1,204,14.2,0.3
07:43:31,"[283.0, 90]","[275.0, 30]","[298.0, 30]","[299.0, 30]",290.5,180,15.0,0.33
07:43:32,"[283.0, 117]","[275.0, 39]","[298.0, 39]","[299.0, 39]",290.5,234,15.0,0.33
07:43:33,"[283.0, 63]","[275.0, 21]","[298.0, 21]","[299.0, 21]",290.5,126,15.0,0.33
07:43:34,"[283.13, 31]","[281.4, 45]","[298.0, 21]","[299.0, 21]",290.56,118,14.87,0.29
07:43:35,"[285.26, 31]","[283.02, 83]","[298.0, 33]","[299.0, 33]",291.63,180,12.74,0.27
07:43:36,"[287.92, 24]","[283.0, 103]","[298.0, 36]","[299.25, 40]",292.96,203,10.08,0.25
07:43:37,"[289.71, 34]","[282.9, 40]","[298.0, 39]","[300.0, 65]",293.85,178,8.29,-0.17
07:43:38,"[292.0, 18]","[290.0, 18]","[298.0, 27]","[300.0, 45]",295.0,108,6.0,-0.33
07:43:39,"[291.6, 15]","[289.6, 15]","[298.0, 27]","[299.24, 21]",294.8,78,6.4,-0.23
07:43:40,"[290.0, 8]","[288.0, 8]","[298.0, 24]","[299.0, 16]",294.0,56,8.0,-0.43
07:43:41,"[290.0, 9]","[288.0, 27]","[298.0, 27]","[299.0, 18]",294.0,81,8.0,-0.11
07:43:42,"[290.0, 30]","[288.0, 63]","[298.0, 27]","[299.0, 18]",294.0,138,8.0,0.35
07:43:43,"[290.0, 96]","[288.0, 84]","[297.17, 36]","[298.4, 30]",293.58,246,7.17,0.46
07:43:44,"[290.0, 104]","[288.0, 91]","[295.31, 39]","[298.0, 39]",292.65,273,5.31,0.43
07:43:45,"[290.0, 80]","[288.0, 70]","[294.2, 30]","[298.0, 30]",292.1,210,4.2,0.43
07:43:46,"[290.0, 72]","[288.0, 60]","[294.0, 27]","[300.05, 38]",292.0,197,4.0,0.34
07:43:47,"[290.0, 96]","[285.8, 80]","[294.0, 36]","[296.66, 35]",292.0,247,4.0,0.43
07:43:48,"[290.0, 104]","[288.0, 56]","[294.0, 39]","[295.83, 36]",292.0,235,4.0,0.36
07:43:49,"[290.0, 80]","[288.0, 50]","[293.74, 35]","[296.9, 29]",291.87,194,3.74,0.34
07:43:50,"[290.0, 58]","[288.0, 40]","[292.25, 24]","[294.0, 40]",291.12,162,2.25,0.21
07:43:51,"[290.0, 54]","[288.0, 45]","[300.0, 18]","[302.28, 36]",295.0,153,10.0,0.29
07:43:52,"[290.0, 65]","[288.0, 75]","[299.5, 36]","[301.5, 48]",294.75,224,9.5,0.25
07:43:53,"[290.0, 9]","[288.0, 45]","[299.0, 27]","[300.24, 21]",294.5,102,9.0,0.06
07:43:54,"[291.42, 24]","[287.0, 36]","[297.8, 30]","[301.0, 50]",294.61,140,6.38,-0.14
07:43:55,"[294.0, 42]","[289.0, 28]","[296.93, 42]","[301.29, 51]",295.46,163,2.93,-0.14
07:43:56,"[294.0, 33]","[289.0, 22]","[295.45, 33]","[302.13, 30]",294.73,118,1.45,-0.07
07:43:57,"[289.92, 26]","[287.11, 45]","[301.89, 35]","[304.29, 56]",295.9,162,11.96,-0.12
07:43:58,"[289.0, 9]","[284.41, 49]","[303.0, 31]","[304.92, 61]",296.0,150,14.0,-0.23
07:43:59,"[290.0, 16]","[288.0, 16]","[302.21, 78]","[303.77, 80]",296.1,190,12.21,-0.66
07:44:00,"[286.96, 79]","[284.08, 74]","[300.68, 37]","[301.29, 85]",293.82,275,13.71,0.11
07:44:01,"[290.12, 32]","[286.36, 33]","[299.24, 17]","[300.62, 39]",294.68,121,9.11,0.07
07:44:02,"[292.0, 28]","[290.0, 42]","[296.15, 34]","[297.36, 22]",294.07,126,4.15,0.11
07:44:03,"[289.25, 24]","[285.92, 39]","[293.11, 27]","[297.21, 19]",291.18,109,3.86,0.16
07:44:04,"[288.86, 42]","[284.0, 50]","[292.57, 42]","[300.44, 50]",290.71,184,3.71,0.0
07:44:05,"[290.0, 30]","[285.9, 30]","[291.0, 30]","[299.2, 40]",290.5,130,1.0,-0.08
07:44:06,"[279.74, 35]","[277.6, 60]","[298.23, 31]","[303.89, 37]",288.98,163,18.48,0.17
07:44:07,"[279.88, 32]","[278.0, 76]","[299.0, 32]","[303.95, 37]",289.44,177,19.12,0.22
07:44:08,"[280.2, 60]","[271.06, 119]","[294.12, 43]","[301.15, 26]",287.16,248,13.92,0.44
07:44:09,"[287.02, 45]","[283.98, 83]","[299.0, 40]","[303.0, 44]",293.01,212,11.98,0.21
07:44:10,"[288.0, 45]","[286.0, 66]","[297.91, 44]","[302.83, 60]",292.95,215,9.91,0.03
07:44:11,"[290.86, 42]","[287.26, 38]","[296.0, 36]","[302.0, 59]",293.43,175,5.14,-0.09
07:44:12,"[292.0, 40]","[290.0, 16]","[296.0, 32]","[302.0, 56]",294.0,144,4.0,-0.22
07:44:13,"[292.0, 60]","[290.0, 24]","[294.38, 26]","[297.1, 52]",293.19,162,2.38,0.04
07:44:14,"[292.0, 30]","[290.0, 12]","[294.0, 12]","[299.0, 30]",293.0,84,2.0,0.0
07:44:15,"[292.0, 45]","[290.0, 18]","[293.33, 18]","[298.67, 45]",292.67,126,1.33,0.0
07:44:16,"[292.0, 30]","[290.0, 12]","[293.0, 12]","[298.0, 30]",292.5,84,1.0,0.0
07:44:17,"[292.0, 19]","[290.0, 10]","[296.95, 19]","[300.9, 20]",294.47,68,4.95,-0.15
07:44:18,"[292.0, 27]","[290.0, 18]","[297.83, 36]","[300.22, 27]",294.92,108,5.83,-0.17
07:44:19,"[292.0, 30]","[290.0, 20]","[294.88, 32]","[298.95, 38]",293.44,120,2.88,-0.17
07:44:20,"[291.57, 28]","[289.77, 26]","[293.0, 65]","[297.06, 32]",292.29,151,1.43,-0.28
07:44:21,"[289.95, 19]","[288.72, 25]","[292.09, 56]","[298.17, 23]",291.02,123,2.14,-0.28
07:44:22,"[289.0, 11]","[288.0, 77]","[291.0, 55]","[295.72, 29]",290.0,172,2.0,0.02
07:44:23,"[288.17, 24]","[287.44, 64]","[291.0, 50]","[299.2, 25]",289.58,163,2.83,0.08
07:44:24,"[287.36, 25]","[285.17, 46]","[290.86, 35]","[301.0, 14]",289.11,120,3.5,0.18
07:44:25,"[285.3, 37]","[283.9, 31]","[291.19, 26]","[303.0, 24]",288.24,118,5.9,0.15
07:44:26,"[284.0, 91]","[282.26, 57]","[300.82, 22]","[302.69, 26]",292.41,196,16.82,0.51
07:44:27,"[284.0, 75]","[283.0, 78]","[299.46, 13]","[301.0, 26]",291.73,192,15.46,0.59
07:44:28,"[284.0, 33]","[283.0, 66]","[297.0, 22]","[299.0, 21]",290.5,142,13.0,0.39
07:44:29,"[284.88, 25]","[283.85, 39]","[296.56, 18]","[298.2, 30]",290.72,112,11.68,0.14
07:44:30,"[286.12, 34]","[284.94, 51]","[295.0, 17]","[298.17, 48]",290.56,150,8.88,0.13
07:44:31,"[287.5, 40]","[285.14, 116]","[293.35, 17]","[299.0, 56]",290.43,229,5.85,0.36
07:44:32,"[288.0, 60]","[284.0, 135]","[298.4, 30]","[299.1, 40]",293.2,265,10.4,0.47
07:44:33,"[288.0, 56]","[284.0, 153]","[293.81, 53]","[295.05, 21]",290.91,283,5.81,0.48
07:44:34,"[284.7, 160]","[254.84, 100]","[288.9, 42]","[289.97, 63]",286.8,365,4.2,0.42
07:44:35,"[284.0, 112]","[211.4, 50]","[285.73, 33]","[290.74, 31]",284.86,226,1.73,0.43
07:44:36,"[284.0, 55]","[283.0, 66]","[290.33, 15]","[296.85, 26]",287.17,162,6.33,0.49
07:44:37,"[284.0, 45]","[283.0, 54]","[295.0, 18]","[296.44, 27]",289.5,144,11.0,0.38
07:44:38,"[288.36, 55]","[283.74, 68]","[292.39, 46]","[295.39, 49]",290.38,218,4.03,0.13
07:44:39,"[286.8, 30]","[282.04, 49]","[291.44, 36]","[296.0, 18]",289.12,133,4.64,0.19
07:44:40,"[284.25, 61]","[282.61, 36]","[289.69, 64]","[293.05, 38]",286.97,199,5.44,-0.03
07:44:41,"[288.0, 18]","[284.05, 61]","[289.74, 54]","[293.16, 50]",288.87,183,1.74,-0.14
07:44:42,"[293.0, 33]","[291.38, 32]","[295.0, 55]","[296.4, 25]",294.0,145,2.0,-0.1
07:44:43,"[293.0, 45]","[291.22, 54]","[295.0, 63]","[296.0, 75]",294.0,237,2.0,-0.16
07:44:44,"[293.0, 45]","[292.0, 61]","[294.54, 61]","[295.82, 67]",293.77,234,1.54,-0.09
07:44:45,"[292.27, 33]","[290.31, 78]","[294.0, 48]","[295.78, 27]",293.14,186,1.73,0.19
07:44:46,"[292.0, 32]","[290.0, 88]","[293.92, 26]","[295.38, 26]",292.96,172,1.92,0.4
07:44:47,"[292.0, 14]","[290.0, 66]","[294.0, 24]","[297.0, 30]",293.0,134,2.0,0.19
07:44:48,"[292.0, 12]","[290.0, 132]","[294.93, 58]","[297.11, 56]",293.47,258,2.93,0.12
07:44:49,"[292.0, 4]","[290.0, 44]","[297.0, 36]","[298.0, 12]",294.5,96,5.0,0.0
07:44:50,"[292.0, 7]","[290.0, 77]","[297.0, 63]","[298.0, 21]",294.5,168,5.0,0.0
07:44:51,"[290.92, 13]","[289.94, 70]","[297.0, 63]","[298.0, 21]",293.96,167,6.08,-0.01
07:44:52,"[290.0, 49]","[289.0, 28]","[297.0, 63]","[298.0, 21]",293.5,161,7.0,-0.04
07:44:53,"[290.0, 56]","[289.0, 32]","[297.0, 72]","[298.0, 24]",293.5,184,7.0,-0.04
07:44:54,"[290.0, 56]","[289.0, 32]","[297.0, 72]","[298.0, 24]",293.5,184,7.0,-0.04
07:44:55,"[289.42, 50]","[288.33, 36]","[297.0, 81]","[298.0, 27]",293.21,194,7.58,-0.11
07:44:56,"[289.0, 30]","[288.0, 24]","[297.0, 54]","[298.0, 18]",293.0,126,8.0,-0.14
07:44:57,"[289.0, 40]","[288.0, 32]","[297.0, 72]","[298.0, 24]",293.0,168,8.0,-0.14
07:44:58,"[288.67, 49]","[287.93, 56]","[293.64, 64]","[295.66, 67]",291.16,236,4.97,-0.11
07:44:59,"[288.98, 176]","[287.99, 69]","[296.93, 99]","[298.81, 77]",292.95,421,7.95,0.16
07:45:00,"[289.0, 83]","[288.0, 44]","[297.0, 77]","[300.0, 33]",293.0,237,8.0,0.07
07:45:01,"[289.36, 77]","[288.64, 77]","[296.95, 74]","[297.72, 58]",293.15,286,7.58,0.08
07:45:02,"[291.71, 14]","[289.3, 80]","[295.14, 14]","[296.32, 65]",293.43,173,3.43,0.09
07:45:03,"[289.72, 18]","[288.96, 95]","[294.14, 14]","[295.75, 32]",291.93,159,4.42,0.42
07:45:04,"[289.0, 45]","[288.0, 36]","[292.22, 9]","[295.0, 9]",290.61,99,3.22,0.64
07:45:05,"[289.0, 54]","[288.0, 60]","[291.53, 15]","[295.0, 15]",290.27,144,2.53,0.58
07:45:06,"[289.0, 17]","[288.0, 48]","[290.0, 12]","[298.39, 33]",289.5,110,1.0,0.18
07:45:07,"[289.0, 6]","[288.0, 24]","[290.0, 6]","[299.0, 24]",289.5,60,1.0,0.0
07:45:08,"[288.13, 23]","[287.55, 22]","[294.17, 12]","[299.19, 31]",291.15,88,6.04,0.02
07:45:09,"[288.81, 86]","[287.83, 48]","[297.43, 28]","[299.0, 56]",293.12,218,8.61,0.23
07:45:10,"[290.58, 67]","[288.91, 92]","[296.07, 28]","[300.32, 50]",293.33,237,5.49,0.34
07:45:11,"[291.0, 36]","[289.0, 56]","[295.88, 16]","[301.0, 24]",293.44,132,4.88,0.39
07:45:12,"[291.0, 55]","[289.0, 77]","[295.0, 22]","[301.0, 33]",293.0,187,4.0,0.41
07:45:13,"[291.0, 22]","[289.0, 90]","[293.2, 20]","[301.0, 30]",292.1,162,2.2,0.38
07:45:14,"[289.14, 83]","[288.57, 115]","[292.1, 40]","[298.05, 40]",290.62,278,2.96,0.42
07:45:15,"[289.0, 91]","[288.0, 84]","[290.6, 40]","[297.0, 36]",289.8,251,1.6,0.39
07:45:16,"[288.58, 66]","[287.86, 57]","[293.64, 33]","[300.36, 33]",291.11,189,5.06,0.3
07:45:17,"[293.0, 49]","[288.0, 49]","[300.0, 21]","[303.0, 24]",296.5,143,7.0,0.37
07:45:18,"[293.0, 32]","[288.0, 77]","[299.36, 25]","[302.33, 36]",296.18,170,6.36,0.28
07:45:19,"[293.0, 26]","[288.0, 87]","[299.0, 26]","[302.0, 39]",296.0,178,6.0,0.27
07:45:20,"[293.0, 24]","[288.0, 84]","[298.0, 24]","[302.0, 36]",295.5,168,5.0,0.29
07:45:21,"[293.0, 16]","[288.0, 84]","[297.4, 20]","[300.19, 32]",295.2,152,4.4,0.32
07:45:22,"[293.0, 17]","[288.0, 119]","[294.69, 29]","[296.45, 22]",293.84,187,1.69,0.45
07:45:23,"[288.0, 77]","[287.0, 22]","[294.0, 22]","[300.73, 33]",291.0,154,6.0,0.29
07:45:24,"[288.0, 102]","[287.0, 32]","[290.71, 21]","[296.03, 34]",289.36,189,2.71,0.42
07:45:25,"[288.0, 48]","[287.0, 24]","[300.0, 36]","[302.0, 84]",294.0,192,12.0,-0.25
07:45:26,"[290.73, 79]","[287.46, 26]","[301.0, 57]","[302.0, 103]",295.87,265,10.27,-0.21
07:45:27,"[291.0, 78]","[288.0, 13]","[300.8, 41]","[301.88, 50]",295.9,182,9.8,0.0
07:45:28,"[291.0, 90]","[288.0, 15]","[299.59, 78]","[301.28, 50]",295.29,233,8.59,-0.1
07:45:29,"[291.0, 54]","[288.0, 9]","[298.78, 36]","[302.0, 27]",294.89,126,7.78,0.0
07:45:30,"[291.0, 60]","[288.0, 10]","[297.51, 37]","[302.41, 41]",294.26,148,6.51,-0.05
07:45:31,"[291.0, 54]","[288.0, 9]","[294.78, 36]","[296.0, 9]",292.89,108,3.78,0.17
07:45:32,"[291.0, 72]","[288.0, 12]","[292.92, 48]","[296.0, 12]",291.96,144,1.92,0.17
07:45:33,"[292.25, 80]","[290.22, 27]","[293.48, 29]","[300.53, 43]",292.87,179,1.23,0.2
07:45:34,"[293.0, 47]","[291.0, 26]","[294.85, 13]","[301.0, 39]",293.92,125,1.85,0.17
07:45:35,"[293.0, 26]","[291.0, 28]","[296.73, 22]","[301.45, 62]",294.86,138,3.73,-0.22
07:45:36,"[291.59, 17]","[289.26, 31]","[299.0, 33]","[301.28, 58]",295.29,139,7.41,-0.31
07:45:37,"[291.0, 18]","[289.0, 45]","[295.36, 11]","[299.97, 29]",293.18,103,4.36,0.22
07:45:38,"[291.0, 26]","[289.0, 80]","[292.11, 61]","[299.69, 39]",291.56,206,1.11,0.03
07:45:39,"[290.0, 40]","[288.89, 106]","[293.1, 58]","[300.26, 46]",291.55,250,3.1,0.17
07:45:40,"[289.0, 130]","[287.27, 45]","[299.37, 43]","[301.14, 21]",294.19,239,10.37,0.46
07:45:41,"[289.0, 120]","[288.0, 72]","[299.0, 36]","[301.83, 12]",294.0,240,10.0,0.6
07:45:42,"[289.0, 140]","[288.0, 84]","[297.64, 42]","[299.25, 36]",293.32,302,8.64,0.48
07:45:43,"[289.0, 106]","[288.0, 66]","[297.0, 33]","[299.0, 33]",293.0,238,8.0,0.45
07:45:44,"[289.0, 77]","[288.0, 66]","[297.0, 36]","[298.91, 33]",293.0,212,8.0,0.35
07:45:45,"[290.62, 37]","[288.95, 111]","[295.94, 54]","[298.36, 28]",293.28,230,5.32,0.29
07:45:46,"[291.0, 22]","[289.0, 77]","[294.09, 33]","[301.0, 20]",292.55,152,3.09,0.3
07:45:47,"[289.8, 35]","[288.73, 67]","[294.0, 27]","[300.35, 17]",291.9,146,4.2,0.4
07:45:48,"[289.0, 91]","[288.0, 78]","[298.69, 16]","[301.47, 32]",293.84,217,9.69,0.56
07:45:49,"[289.0, 70]","[288.0, 60]","[297.0, 20]","[298.0, 10]",293.0,160,8.0,0.62
07:45:50,"[289.0, 87]","[288.0, 96]","[295.55, 22]","[296.46, 26]",292.27,231,6.55,0.58
07:45:51,"[289.0, 20]","[288.0, 60]","[293.1, 10]","[296.0, 20]",291.05,110,4.1,0.45
07:45:52,"[288.37, 38]","[287.48, 87]","[291.05, 22]","[293.75, 24]",289.71,171,2.68,0.46
07:45:53,"[287.87, 70]","[286.99, 109]","[289.31, 13]","[299.06, 34]",288.59,226,1.44,0.58
07:45:54,"[288.0, 39]","[287.0, 81]","[297.89, 27]","[299.33, 18]",292.94,165,9.89,0.45
07:45:55,"[288.0, 20]","[287.0, 45]","[299.0, 20]","[300.0, 5]",293.5,90,11.0,0.44
07:45:56,"[288.0, 16]","[287.0, 36]","[299.0, 16]","[300.0, 4]",293.5,72,11.0,0.44
07:45:57,"[288.0, 24]","[287.0, 54]","[299.0, 24]","[300.0, 6]",293.5,108,11.0,0.44
07:45:58,"[288.0, 44]","[287.0, 99]","[299.0, 44]","[300.27, 11]",293.5,198,11.0,0.44
07:45:59,"[288.69, 29]","[287.27, 74]","[299.0, 53]","[301.0, 11]",293.84,167,10.31,0.23
07:46:00,"[292.0, 8]","[288.0, 32]","[299.0, 40]","[301.0, 8]",295.5,88,7.0,-0.09
07:46:01,"[292.0, 12]","[288.0, 58]","[299.0, 60]","[301.62, 13]",295.5,143,7.0,-0.02
07:46:02,"[292.0, 17]","[288.0, 85]","[296.17, 36]","[297.91, 65]",294.08,203,4.17,0.0
07:46:03,"[288.24, 45]","[287.22, 107]","[293.0, 30]","[296.0, 45]",290.62,227,4.76,0.34
07:46:04,"[287.05, 117]","[286.36, 22]","[291.45, 40]","[293.71, 35]",289.25,214,4.4,0.3
07:46:05,"[289.0, 45]","[287.0, 120]","[290.63, 38]","[291.43, 37]",289.82,240,1.63,0.38
07:46:06,"[287.0, 72]","[286.0, 9]","[290.0, 18]","[300.67, 36]",288.5,135,3.0,0.2
07:46:07,"[287.22, 54]","[286.84, 38]","[290.0, 20]","[300.0, 40]",288.61,152,2.78,0.21
07:46:08,"[289.0, 16]","[287.0, 96]","[290.0, 24]","[300.0, 48]",289.5,184,1.0,0.22
07:46:09,"[292.17, 58]","[286.99, 81]","[299.88, 32]","[301.81, 37]",296.02,208,7.7,0.34
07:46:10,"[293.0, 85]","[287.0, 136]","[298.35, 17]","[301.06, 68]",295.68,306,5.35,0.44
07:46:11,"[293.0, 70]","[287.0, 112]","[296.86, 14]","[302.0, 56]",294.93,252,3.86,0.44
07:46:12,"[293.0, 77]","[287.0, 136]","[299.31, 32]","[302.34, 73]",296.16,318,6.31,0.34
07:46:13,"[293.0, 12]","[287.0, 96]","[302.79, 57]","[303.8, 74]",297.89,239,9.79,-0.1
07:46:14,"[293.0, 6]","[286.94, 34]","[303.0, 30]","[304.0, 42]",298.0,112,10.0,-0.29
07:46:15,"[293.0, 16]","[288.46, 65]","[303.0, 80]","[304.0, 112]",298.0,273,10.0,-0.41
07:46:16,"[293.0, 11]","[289.0, 55]","[303.71, 69]","[304.56, 63]",298.36,198,10.71,-0.33
07:46:17,"[293.0, 10]","[289.0, 50]","[304.0, 70]","[305.0, 50]",298.5,180,11.0,-0.33
07:46:18,"[291.33, 12]","[289.07, 57]","[303.38, 55]","[304.73, 75]",297.36,199,12.05,-0.31
07:46:19,"[291.0, 17]","[289.0, 85]","[300.73, 60]","[304.6, 100]",295.87,262,9.73,-0.22
07:46:20,"[291.0, 11]","[289.0, 55]","[301.0, 22]","[303.0, 22]",296.0,110,10.0,0.2
07:46:21,"[291.0, 14]","[289.0, 70]","[300.07, 28]","[301.43, 28]",295.54,140,9.07,0.2
07:46:22,"[291.0, 15]","[289.0, 75]","[297.12, 48]","[298.57, 42]",294.06,180,6.12,0.0
07:46:23,"[291.0, 10]","[289.0, 50]","[294.0, 30]","[295.0, 20]",292.5,110,3.0,0.09
07:46:24,"[289.09, 46]","[288.31, 32]","[292.97, 36]","[294.33, 27]",291.03,141,3.89,0.11
07:46:25,"[289.0, 72]","[288.0, 36]","[290.57, 42]","[291.67, 36]",289.79,186,1.57,0.16
07:46:26,"[288.29, 28]","[287.04, 146]","[289.34, 53]","[293.1, 42]",288.81,269,1.05,0.29
07:46:27,"[287.05, 148]","[285.75, 96]","[296.0, 70]","[298.98, 64]",291.53,378,8.95,0.29
07:46:28,"[287.07, 145]","[285.91, 110]","[297.29, 51]","[298.6, 75]",292.18,381,10.23,0.34
07:46:29,"[289.0, 10]","[287.0, 140]","[297.1, 50]","[298.9, 50]",293.05,250,8.1,0.2
07:46:30,"[287.05, 133]","[285.33, 72]","[296.0, 65]","[297.0, 65]",291.52,335,8.95,0.22
07:46:31,"[287.0, 143]","[283.0, 33]","[294.45, 55]","[296.09, 55]",290.73,286,7.45,0.23
07:46:32,"[287.0, 130]","[283.0, 30]","[290.9, 50]","[292.5, 50]",288.95,260,3.9,0.23
07:46:33,"[287.0, 156]","[283.0, 36]","[288.3, 50]","[289.25, 60]",287.65,302,1.3,0.27
07:46:34,"[286.56, 55]","[282.75, 32]","[294.7, 23]","[299.85, 41]",290.63,151,8.13,0.15
07:46:35,"[283.0, 30]","[282.0, 40]","[299.0, 20]","[300.0, 50]",291.0,140,16.0,0.0
07:46:36,"[283.0, 24]","[282.0, 32]","[299.0, 16]","[300.0, 40]",291.0,112,16.0,0.0
07:46:37,"[283.89, 27]","[282.47, 38]","[299.79, 38]","[300.55, 55]",291.84,158,15.9,-0.18
07:46:38,"[285.0, 26]","[283.0, 47]","[299.0, 13]","[300.0, 65]",292.0,151,14.0,-0.03
07:46:39,"[285.0, 20]","[283.0, 70]","[299.0, 10]","[301.0, 80]",292.0,180,14.0,0.0
07:46:40,"[285.0, 18]","[283.0, 63]","[299.0, 9]","[300.17, 48]",292.0,138,14.0,0.17
07:46:41,"[289.44, 18]","[283.53, 76]","[299.0, 14]","[300.0, 70]",294.22,178,9.56,0.06
07:46:42,"[293.0, 18]","[286.29, 79]","[296.94, 18]","[300.38, 112]",294.97,227,3.94,-0.15
07:46:43,"[287.31, 77]","[285.79, 73]","[300.59, 68]","[302.43, 126]",293.95,344,13.28,-0.13
07:46:44,"[288.88, 17]","[287.0, 57]","[301.0, 62]","[302.96, 156]",294.94,292,12.12,-0.49
07:46:45,"[289.0, 16]","[287.83, 18]","[301.87, 38]","[302.88, 125]",295.43,197,12.87,-0.65
07:46:46,"[288.08, 12]","[287.03, 34]","[301.17, 54]","[302.39, 77]",294.62,177,13.08,-0.48
07:46:47,"[288.0, 11]","[287.0, 33]","[299.91, 55]","[302.17, 58]",293.95,157,11.91,-0.44
07:46:48,"[288.88, 17]","[287.71, 21]","[298.0, 85]","[302.76, 85]",293.44,208,9.12,-0.63
07:46:49,"[291.21, 19]","[288.58, 12]","[298.0, 60]","[301.0, 60]",294.61,151,6.79,-0.59
07:46:50,"[289.0, 11]","[288.0, 11]","[297.27, 55]","[300.45, 55]",293.14,132,8.27,-0.67
07:46:51,"[287.93, 15]","[286.15, 13]","[296.33, 45]","[300.0, 45]",292.13,118,8.4,-0.53
07:46:52,"[287.0, 68]","[284.0, 51]","[295.03, 29]","[296.88, 86]",291.02,234,8.03,0.02
07:46:53,"[287.0, 16]","[284.0, 30]","[291.08, 26]","[294.06, 34]",289.04,106,4.08,-0.13
07:46:54,"[287.0, 10]","[284.0, 30]","[288.5, 18]","[290.9, 42]",287.75,100,1.5,-0.2
07:46:55,"[284.0, 39]","[283.0, 143]","[288.0, 63]","[298.23, 13]",286.0,258,4.0,0.41
07:46:56,"[284.0, 21]","[283.0, 77]","[288.0, 28]","[297.0, 7]",286.0,133,4.0,0.47
07:46:57,"[284.0, 21]","[283.0, 77]","[287.43, 28]","[297.0, 7]",285.71,133,3.43,0.47
07:46:58,"[284.0, 36]","[283.0, 132]","[286.0, 55]","[288.52, 33]",285.0,256,2.0,0.31
07:46:59,"[284.0, 30]","[283.0, 96]","[285.0, 50]","[287.0, 40]",284.5,216,1.0,0.17
07:47:00,"[284.0, 18]","[283.0, 81]","[285.0, 42]","[287.0, 36]",284.5,177,1.0,0.12
07:47:01,"[283.02, 101]","[281.43, 42]","[285.5, 48]","[292.76, 99]",284.26,290,2.48,-0.01
07:47:02,"[283.0, 72]","[281.0, 24]","[285.0, 32]","[293.0, 70]",284.0,198,2.0,-0.03
07:47:03,"[283.0, 78]","[281.0, 42]","[284.0, 28]","[292.57, 68]",283.5,216,1.0,0.11
07:47:04,"[281.36, 25]","[256.42, 19]","[293.0, 55]","[295.0, 55]",287.18,154,11.64,-0.43
07:47:05,"[136.95, 19]","[114.54, 13]","[292.3, 37]","[294.56, 45]",214.62,114,155.35,-0.44
07:47:06,"[187.8, 15]","[109.0, 15]","[275.83, 24]","[290.4, 25]",231.82,79,88.03,-0.24
07:47:07,"[233.0, 30]","[203.35, 20]","[286.25, 32]","[291.31, 26]",259.62,108,53.25,-0.07
07:47:08,"[242.72, 29]","[208.35, 31]","[286.15, 46]","[320.02, 60]",264.44,166,43.43,-0.28
07:47:09,"[284.0, 10]","[226.0, 30]","[312.92, 26]","[448.67, 43]",298.46,109,28.92,-0.27
07:47:10,"[245.52, 31]","[208.11, 54]","[292.96, 47]","[380.05, 64]",269.24,196,47.44,-0.13
07:47:11,"[272.09, 11]","[248.84, 25]","[277.0, 27]","[287.0, 27]",274.55,90,4.91,-0.2
07:47:12,"[274.0, 12]","[229.75, 24]","[276.41, 27]","[281.29, 28]",275.2,91,2.41,-0.21
07:47:13,"[274.0, 6]","[172.9, 10]","[277.0, 12]","[284.0, 18]",275.5,46,3.0,-0.3
07:47:14,"[272.07, 14]","[197.43, 14]","[280.0, 21]","[318.91, 33]",276.04,82,7.93,-0.32
07:47:15,"[277.21, 29]","[211.83, 18]","[281.91, 46]","[294.58, 33]",279.56,126,4.71,-0.25
07:47:16,"[275.5, 32]","[191.75, 24]","[279.47, 59]","[352.93, 44]",277.49,159,3.97,-0.3
07:47:17,"[274.0, 33]","[231.64, 11]","[275.0, 55]","[278.14, 43]",274.5,142,1.0,-0.38
07:47:18,"[274.0, 27]","[220.0, 63]","[275.0, 60]","[276.0, 45]",274.5,195,1.0,-0.08
07:47:19,"[274.0, 12]","[220.0, 28]","[275.0, 32]","[276.0, 20]",274.5,92,1.0,-0.13
07:47:20,"[274.0, 21]","[227.74, 19]","[275.0, 54]","[276.0, 35]",274.5,129,1.0,-0.38
07:47:21,"[274.08, 26]","[267.71, 14]","[275.6, 50]","[278.4, 50]",274.84,140,1.52,-0.43
07:47:22,"[274.04, 28]","[250.5, 18]","[276.0, 41]","[280.0, 50]",275.02,137,1.96,-0.33
07:47:23,"[274.0, 18]","[162.0, 6]","[277.33, 18]","[280.29, 21]",275.67,63,3.33,-0.24
07:47:24,"[273.25, 24]","[154.0, 8]","[279.33, 18]","[280.88, 16]",276.29,66,6.08,-0.03
07:47:25,"[273.86, 63]","[261.1, 30]","[281.0, 12]","[282.0, 36]",277.43,141,7.14,0.32
07:47:26,"[274.0, 42]","[273.0, 21]","[281.0, 7]","[283.71, 21]",277.5,91,7.0,0.38
07:47:27,"[274.78, 54]","[273.92, 39]","[283.67, 18]","[284.8, 30]",279.22,141,8.89,0.32
07:47:28,"[276.86, 56]","[275.44, 54]","[284.0, 22]","[285.0, 33]",280.43,165,7.14,0.33
07:47:29,"[279.62, 32]","[278.37, 38]","[284.0, 14]","[409.63, 19]",281.81,103,4.38,0.36
07:47:30,"[281.8, 70]","[279.6, 60]","[284.0, 13]","[418.0, 13]",282.9,156,2.2,0.67
07:47:31,"[283.0, 36]","[280.0, 24]","[284.0, 6]","[312.0, 18]",283.5,84,1.0,0.43
07:47:32,"[283.91, 53]","[280.78, 27]","[300.96, 26]","[308.47, 34]",292.43,140,17.06,0.14
07:47:33,"[285.21, 56]","[283.0, 14]","[298.0, 64]","[298.94, 32]",291.61,166,12.79,-0.16
07:47:34,"[288.28, 25]","[285.4, 20]","[295.02, 55]","[296.79, 43]",291.65,143,6.74,-0.37
07:47:35,"[283.24, 17]","[277.56, 18]","[294.0, 35]","[295.0, 14]",288.62,84,10.76,-0.17
07:47:36,"[283.0, 42]","[277.0, 42]","[289.56, 52]","[294.12, 50]",286.28,186,6.56,-0.1
07:47:37,"[283.6, 25]","[277.67, 27]","[291.65, 31]","[292.14, 35]",287.62,118,8.05,-0.12
07:47:38,"[284.23, 65]","[283.0, 13]","[291.21, 33]","[292.49, 37]",287.72,148,6.98,0.05
07:47:39,"[285.17, 60]","[283.0, 12]","[288.24, 42]","[289.27, 30]",286.7,144,3.07,0.0
07:47:40,"[285.12, 24]","[279.75, 16]","[287.77, 26]","[310.78, 27]",286.45,93,2.64,-0.14
07:47:41,"[283.86, 28]","[279.0, 16]","[287.7, 40]","[450.3, 37]",285.78,121,3.84,-0.27
07:47:42,"[277.82, 33]","[275.14, 42]","[286.42, 48]","[525.76, 29]",282.12,152,8.6,-0.01
07:47:43,"[278.32, 31]","[274.0, 66]","[285.0, 43]","[481.34, 32]",281.66,172,6.68,0.13
07:47:44,"[272.44, 32]","[271.0, 22]","[278.7, 20]","[323.0, 25]",275.57,99,6.26,0.09
07:47:45,"[271.0, 26]","[270.0, 52]","[276.0, 26]","[278.0, 39]",273.5,143,5.0,0.09
07:47:46,"[271.0, 16]","[270.0, 32]","[276.0, 16]","[278.0, 24]",273.5,88,5.0,0.09
07:47:47,"[271.0, 24]","[270.0, 48]","[276.0, 24]","[278.0, 36]",273.5,132,5.0,0.09
07:47:48,"[271.0, 16]","[270.0, 32]","[276.0, 16]","[278.0, 24]",273.5,88,5.0,0.09
07:47:49,"[270.75, 16]","[260.15, 26]","[276.0, 14]","[278.0, 21]",273.38,77,5.25,0.09
07:47:50,"[270.0, 48]","[213.13, 15]","[276.72, 25]","[278.2, 30]",273.36,118,6.72,0.07
07:47:51,"[270.11, 27]","[265.74, 19]","[278.0, 18]","[279.0, 12]",274.06,76,7.89,0.21
07:47:52,"[271.0, 10]","[270.0, 40]","[277.0, 10]","[278.0, 30]",274.0,90,6.0,0.11
07:47:53,"[271.33, 12]","[270.13, 39]","[277.93, 15]","[278.87, 23]",274.63,89,6.6,0.15
07:47:54,"[274.96, 23]","[273.86, 35]","[278.0, 11]","[279.0, 22]",276.48,91,3.04,0.27
07:47:55,"[277.0, 14]","[276.0, 42]","[278.13, 15]","[279.42, 33]",277.57,104,1.13,0.08
07:47:56,"[276.44, 16]","[274.67, 27]","[278.37, 19]","[280.93, 58]",277.4,120,1.93,-0.28
07:47:57,"[275.14, 28]","[269.0, 24]","[277.22, 18]","[280.43, 28]",276.18,98,2.08,0.06
07:47:58,"[270.09, 11]","[267.27, 22]","[278.19, 16]","[280.82, 33]",274.14,82,8.1,-0.2
07:47:59,"[271.18, 11]","[270.0, 22]","[276.94, 17]","[278.05, 38]",274.06,88,5.76,-0.25
07:48:00,"[273.0, 12]","[267.56, 32]","[276.0, 60]","[279.0, 12]",274.5,116,3.0,-0.24
07:48:01,"[266.69, 48]","[264.8, 60]","[276.0, 52]","[279.0, 12]",271.34,172,9.31,0.26
07:48:02,"[266.83, 12]","[265.74, 23]","[276.16, 38]","[279.4, 15]",271.5,88,9.32,-0.2
07:48:03,"[267.97, 78]","[266.67, 12]","[279.52, 40]","[280.84, 58]",273.75,188,11.55,-0.04
07:48:04,"[268.0, 88]","[267.0, 8]","[279.0, 56]","[280.0, 24]",273.5,176,11.0,0.09
07:48:05,"[268.0, 110]","[267.0, 10]","[279.0, 70]","[280.0, 60]",273.5,250,11.0,-0.04
07:48:06,"[269.28, 75]","[267.96, 25]","[279.0, 49]","[280.0, 72]",274.14,221,9.72,-0.1
07:48:07,"[270.33, 48]","[269.67, 48]","[279.0, 40]","[280.0, 64]",274.67,200,8.67,-0.04
07:48:08,"[272.31, 64]","[270.26, 92]","[279.0, 37]","[280.0, 104]",275.66,297,6.69,0.05
07:48:09,"[274.33, 96]","[272.0, 48]","[276.27, 44]","[279.8, 40]",275.3,228,1.94,0.26
07:48:10,"[273.3, 57]","[271.07, 60]","[278.21, 19]","[280.97, 201]",275.75,337,4.91,-0.31
07:48:11,"[275.86, 50]","[274.32, 62]","[279.0, 16]","[281.0, 240]",277.43,368,3.14,-0.39
07:48:12,"[277.9, 39]","[272.09, 44]","[280.89, 95]","[281.07, 81]",279.4,259,3.0,-0.36
07:48:13,"[279.0, 52]","[267.77, 52]","[281.0, 195]","[282.0, 13]",280.0,312,2.0,-0.33
07:48:14,"[280.0, 30]","[279.0, 60]","[281.0, 195]","[282.0, 23]",280.5,308,1.0,-0.42
07:48:15,"[279.46, 13]","[272.12, 32]","[280.99, 78]","[281.56, 25]",280.22,148,1.53,-0.39
07:48:16,"[280.0, 9]","[268.0, 36]","[281.0, 84]","[282.0, 18]",280.5,147,1.0,-0.39
07:48:17,"[268.54, 67]","[264.79, 47]","[281.0, 92]","[282.0, 153]",274.77,359,12.46,-0.36
07:48:18,"[269.0, 9]","[268.0, 36]","[281.81, 62]","[286.0, 60]",275.4,167,12.81,-0.46
07:48:19,"[271.24, 17]","[268.2, 30]","[282.0, 90]","[303.0, 45]",276.62,182,10.76,-0.48
07:48:20,"[272.72, 43]","[272.3, 23]","[281.4, 47]","[287.38, 78]",277.06,191,8.68,-0.31
07:48:21,"[275.4, 10]","[273.0, 50]","[278.0, 10]","[281.0, 10]",276.7,80,2.6,0.5
07:48:22,"[274.9, 21]","[272.51, 61]","[278.11, 36]","[279.17, 24]",276.51,142,3.21,0.15
07:48:23,"[274.38, 65]","[269.71, 21]","[279.0, 26]","[281.0, 13]",276.69,125,4.62,0.38
07:48:24,"[275.0, 70]","[269.91, 23]","[279.0, 28]","[281.0, 14]",277.0,135,4.0,0.38
07:48:25,"[275.83, 60]","[268.0, 33]","[279.0, 20]","[281.0, 12]",277.42,125,3.17,0.49
07:48:26,"[276.77, 65]","[268.0, 13]","[279.62, 13]","[281.83, 53]",278.19,144,2.85,0.08
07:48:27,"[268.67, 12]","[266.5, 26]","[281.0, 12]","[282.0, 132]",274.83,182,12.33,-0.58
07:48:28,"[269.0, 8]","[267.0, 24]","[281.79, 28]","[282.46, 78]",275.39,138,12.79,-0.54
07:48:29,"[269.4, 10]","[267.0, 30]","[282.0, 74]","[285.0, 60]",275.7,174,12.6,-0.54
07:48:30,"[271.33, 27]","[268.71, 21]","[281.0, 45]","[282.0, 105]",276.17,198,9.67,-0.52
07:48:31,"[272.0, 42]","[270.0, 11]","[280.69, 29]","[281.9, 62]",276.34,144,8.69,-0.26
07:48:32,"[272.25, 57]","[270.69, 54]","[280.0, 36]","[281.0, 24]",276.12,171,7.75,0.3
07:48:33,"[275.68, 44]","[274.38, 16]","[279.93, 42]","[281.0, 28]",277.81,130,4.25,-0.08
07:48:34,"[277.7, 27]","[276.04, 54]","[280.41, 39]","[281.81, 47]",279.06,167,2.71,-0.03
07:48:35,"[277.88, 34]","[274.26, 62]","[281.33, 33]","[282.21, 73]",279.61,202,3.45,-0.05
07:48:36,"[276.0, 52]","[270.0, 45]","[282.0, 69]","[283.0, 61]",279.0,227,6.0,-0.15
07:48:37,"[274.57, 51]","[268.6, 45]","[282.0, 96]","[283.0, 12]",278.28,204,7.43,-0.06
07:48:38,"[272.26, 69]","[268.11, 81]","[281.86, 65]","[282.68, 19]",277.06,234,9.6,0.28
07:48:39,"[273.83, 54]","[267.72, 108]","[280.06, 17]","[282.12, 25]",276.95,204,6.23,0.59
07:48:40,"[267.73, 44]","[267.05, 114]","[282.0, 24]","[283.92, 12]",274.86,194,14.27,0.63
07:48:41,"[269.82, 22]","[268.26, 57]","[281.35, 23]","[283.67, 12]",275.58,114,11.53,0.39
07:48:42,"[270.16, 62]","[269.65, 69]","[277.0, 39]","[278.0, 39]",273.58,209,6.84,0.25
07:48:43,"[271.38, 26]","[269.54, 117]","[277.0, 39]","[278.0, 39]",274.19,221,5.62,0.29
07:48:44,"[272.44, 32]","[267.0, 144]","[277.69, 48]","[280.38, 37]",275.06,261,5.25,0.35
07:48:45,"[273.0, 24]","[267.0, 74]","[277.74, 38]","[281.52, 25]",275.37,161,4.74,0.22
07:48:46,"[273.89, 18]","[270.89, 27]","[276.0, 45]","[278.0, 27]",274.94,117,2.11,-0.23
07:48:47,"[270.71, 42]","[269.81, 70]","[276.0, 78]","[278.0, 54]",273.36,244,5.29,-0.08
07:48:48,"[265.0, 36]","[264.0, 12]","[276.0, 36]","[278.0, 36]",270.5,120,11.0,-0.2
07:48:49,"[265.0, 36]","[264.0, 12]","[276.0, 36]","[278.31, 36]",270.5,120,11.0,-0.2
07:48:50,"[265.12, 48]","[263.16, 69]","[276.0, 45]","[277.0, 91]",270.56,253,10.88,-0.08
07:48:51,"[265.0, 48]","[262.49, 137]","[276.0, 48]","[277.0, 144]",270.5,377,11.0,-0.02
07:48:52,"[265.0, 27]","[261.0, 45]","[276.84, 19]","[279.08, 25]",270.92,116,11.84,0.24
07:48:53,"[265.0, 33]","[262.84, 127]","[280.0, 36]","[281.17, 36]",272.5,232,15.0,0.38
07:48:54,"[265.0, 30]","[262.05, 74]","[275.5, 40]","[279.88, 32]",270.25,176,10.5,0.18
07:48:55,"[265.31, 35]","[261.28, 43]","[275.0, 36]","[279.0, 18]",270.16,132,9.69,0.18
07:48:56,"[268.63, 63]","[266.77, 44]","[277.37, 38]","[280.09, 22]",273.0,167,8.73,0.28
07:48:57,"[269.39, 54]","[268.9, 86]","[280.0, 30]","[281.0, 20]",274.69,190,10.61,0.47
07:48:58,"[273.12, 98]","[269.64, 98]","[280.0, 42]","[281.0, 28]",276.56,266,6.88,0.47
07:48:59,"[275.95, 41]","[274.62, 91]","[279.86, 42]","[280.73, 33]",277.9,207,3.91,0.28
07:49:00,"[278.0, 24]","[274.0, 132]","[280.0, 36]","[281.0, 24]",279.0,216,2.0,0.44
07:49:01,"[278.8, 60]","[274.78, 82]","[280.0, 33]","[281.0, 28]",279.4,203,1.2,0.4
07:49:02,"[279.02, 123]","[276.16, 45]","[280.75, 24]","[283.18, 34]",279.88,226,1.73,0.49
07:49:03,"[285.27, 132]","[280.49, 47]","[291.91, 47]","[394.94, 50]",288.59,276,6.64,0.3
07:49:04,"[291.0, 73]","[283.0, 10]","[348.2, 20]","[492.79, 28]",319.6,131,57.2,0.27
