Time,Bid1,Bid2,Ask1,Ask2,Mid-Price,Total_volume,Bid_ask_spread,Order_imbalance
07:30:00,"[1.0, 5]","[0, 0]","[0, 0]","[0, 0]",0.5,5,-1.0,1.0
07:30:01,"[181.97, 31]","[39.43, 23]","[0, 0]","[0, 0]",90.98,54,-181.97,1.0
07:30:02,"[227.28, 18]","[183.39, 18]","[0, 0]","[0, 0]",113.64,36,-227.28,1.0
07:30:03,"[232.04, 56]","[230.44, 48]","[0, 0]","[0, 0]",116.02,104,-232.04,1.0
07:30:04,"[296.91, 53]","[243.53, 49]","[0, 0]","[0, 0]",148.45,102,-296.91,1.0
07:30:05,"[353.22, 50]","[335.88, 33]","[466.0, 36]","[0, 0]",409.61,119,112.78,0.39
07:30:06,"[355.55, 40]","[354.0, 13]","[466.0, 28]","[0, 0]",410.77,81,110.45,0.31
07:30:07,"[356.0, 12]","[354.8, 10]","[466.0, 12]","[0, 0]",411.0,34,110.0,0.29
07:30:08,"[356.83, 24]","[355.56, 18]","[466.0, 28]","[0, 0]",411.42,70,109.17,0.2
07:30:09,"[357.0, 6]","[356.0, 6]","[466.0, 12]","[0, 0]",411.5,24,109.0,0.0
07:30:10,"[357.0, 8]","[356.0, 8]","[465.12, 16]","[465.62, 13]",411.06,45,108.12,-0.29
07:30:11,"[357.0, 16]","[356.0, 16]","[458.73, 22]","[464.61, 31]",407.86,85,101.73,-0.25
07:30:12,"[356.0, 12]","[354.6, 20]","[416.0, 5]","[455.0, 20]",386.0,57,60.0,0.12
07:30:13,"[354.29, 42]","[350.15, 122]","[415.23, 22]","[445.09, 32]",384.76,218,60.94,0.5
07:30:14,"[354.0, 50]","[348.83, 124]","[410.5, 24]","[412.52, 33]",382.25,231,56.5,0.51
07:30:15,"[356.0, 12]","[354.0, 60]","[381.71, 28]","[409.0, 28]",368.86,128,25.71,0.12
07:30:16,"[356.0, 11]","[354.0, 55]","[376.91, 34]","[379.09, 43]",366.46,143,20.91,-0.08
07:30:17,"[356.0, 17]","[354.0, 85]","[372.02, 41]","[374.56, 55]",364.01,198,16.02,0.03
07:30:18,"[356.0, 12]","[354.0, 60]","[369.67, 30]","[370.71, 14]",362.83,116,13.67,0.24
07:30:19,"[356.0, 17]","[354.0, 85]","[363.57, 47]","[366.7, 63]",359.79,212,7.57,-0.04
07:30:20,"[356.0, 11]","[354.0, 55]","[359.4, 30]","[363.6, 35]",357.7,131,3.4,0.01
07:30:21,"[354.34, 53]","[349.91, 141]","[356.19, 42]","[357.67, 42]",355.27,278,1.85,0.4
07:30:22,"[348.07, 81]","[346.17, 92]","[354.37, 19]","[359.89, 19]",351.22,211,6.29,0.64
07:30:23,"[348.0, 52]","[346.0, 91]","[351.92, 26]","[353.0, 13]",349.96,182,3.92,0.57
07:30:24,"[348.0, 57]","[346.0, 126]","[349.53, 19]","[351.29, 34]",348.76,236,1.53,0.55
07:30:25,"[348.0, 42]","[346.0, 147]","[349.88, 68]","[350.96, 52]",348.94,309,1.88,0.22
07:30:26,"[346.15, 106]","[340.49, 67]","[354.13, 45]","[357.56, 54]",350.14,272,7.98,0.27
07:30:27,"[353.61, 138]","[350.66, 114]","[361.12, 68]","[364.75, 32]",357.36,352,7.51,0.43
07:30:28,"[356.0, 42]","[355.0, 238]","[359.29, 34]","[361.02, 64]",357.65,378,3.29,0.48
07:30:29,"[355.11, 171]","[354.74, 138]","[358.87, 30]","[362.77, 69]",356.99,408,3.76,0.51
07:30:30,"[355.0, 213]","[354.0, 52]","[357.62, 26]","[361.52, 29]",356.31,320,2.62,0.66
07:30:31,"[355.0, 195]","[354.0, 60]","[366.0, 30]","[367.4, 75]",360.5,360,11.0,0.42
07:30:32,"[355.0, 91]","[354.0, 28]","[364.35, 20]","[366.29, 17]",359.68,156,9.35,0.53
07:30:33,"[355.2, 49]","[354.92, 142]","[364.0, 39]","[366.0, 26]",359.6,256,8.8,0.49
07:30:34,"[356.4, 10]","[355.0, 130]","[364.0, 30]","[366.0, 20]",360.2,190,7.6,0.47
07:30:35,"[358.0, 18]","[355.0, 234]","[363.33, 54]","[366.11, 36]",360.67,342,5.33,0.47
07:30:36,"[358.0, 16]","[355.0, 208]","[362.62, 48]","[368.0, 32]",360.31,304,4.62,0.47
07:30:37,"[358.0, 10]","[355.0, 130]","[362.0, 30]","[368.4, 20]",360.0,190,4.0,0.47
07:30:38,"[355.11, 112]","[354.52, 100]","[361.06, 48]","[369.0, 32]",358.08,292,5.96,0.45
07:30:39,"[355.0, 112]","[354.0, 80]","[360.29, 42]","[369.0, 28]",357.64,262,5.29,0.47
07:30:40,"[355.86, 98]","[354.88, 96]","[358.71, 42]","[361.21, 38]",357.29,274,2.86,0.42
07:30:41,"[356.0, 112]","[354.28, 100]","[357.19, 48]","[359.0, 48]",356.59,308,1.19,0.38
07:30:42,"[356.0, 51]","[354.71, 42]","[359.88, 32]","[364.45, 29]",357.94,154,3.88,0.21
07:30:43,"[356.0, 7]","[355.0, 21]","[370.0, 14]","[372.0, 14]",363.0,56,14.0,0.0
07:30:44,"[356.0, 9]","[355.0, 27]","[370.0, 18]","[372.0, 18]",363.0,72,14.0,0.0
07:30:45,"[356.0, 9]","[355.0, 27]","[370.0, 18]","[372.0, 18]",363.0,72,14.0,0.0
07:30:46,"[356.0, 12]","[355.0, 36]","[370.0, 24]","[372.0, 24]",363.0,96,14.0,0.0
07:30:47,"[354.53, 38]","[354.13, 117]","[368.59, 34]","[370.76, 76]",361.56,265,14.06,0.17
07:30:48,"[354.0, 75]","[353.0, 15]","[367.8, 30]","[370.0, 75]",360.9,195,13.8,-0.08
07:30:49,"[354.0, 36]","[353.0, 12]","[366.52, 23]","[369.89, 57]",360.26,128,12.52,-0.25
07:30:50,"[354.0, 35]","[353.0, 13]","[355.67, 15]","[366.26, 23]",354.83,86,1.67,0.12
07:30:51,"[354.79, 19]","[353.22, 9]","[366.11, 18]","[371.48, 25]",360.45,71,11.32,-0.21
07:30:52,"[357.0, 65]","[354.0, 26]","[368.26, 19]","[369.77, 52]",362.63,162,11.26,0.12
07:30:53,"[357.0, 65]","[354.0, 26]","[366.23, 13]","[369.0, 26]",361.62,130,9.23,0.4
07:30:54,"[357.0, 60]","[354.0, 24]","[366.0, 12]","[369.33, 30]",361.5,126,9.0,0.33
07:30:55,"[357.0, 60]","[354.0, 24]","[364.5, 12]","[370.57, 56]",360.75,152,7.5,0.11
07:30:56,"[357.0, 65]","[354.0, 26]","[362.18, 17]","[369.35, 52]",359.59,160,5.18,0.14
07:30:57,"[357.0, 60]","[354.0, 24]","[361.0, 12]","[362.0, 36]",359.0,132,4.0,0.27
07:30:58,"[357.0, 215]","[354.0, 32]","[361.0, 16]","[362.0, 48]",359.0,311,4.0,0.59
07:30:59,"[357.0, 210]","[354.0, 30]","[359.97, 39]","[360.86, 21]",358.49,300,2.97,0.6
07:31:00,"[357.0, 186]","[354.0, 28]","[359.06, 18]","[361.82, 44]",358.03,276,2.06,0.55
07:31:01,"[357.46, 101]","[356.69, 98]","[361.85, 41]","[371.16, 50]",359.65,290,4.4,0.37
07:31:02,"[358.0, 12]","[357.0, 117]","[371.0, 48]","[373.0, 36]",364.5,213,13.0,0.21
07:31:03,"[358.0, 6]","[357.0, 36]","[371.0, 24]","[373.0, 18]",364.5,84,13.0,0.0
07:31:04,"[358.0, 4]","[357.0, 24]","[371.0, 16]","[372.6, 10]",364.5,54,13.0,0.04
07:31:05,"[358.0, 8]","[357.0, 48]","[371.0, 32]","[372.0, 16]",364.5,104,13.0,0.08
07:31:06,"[357.33, 15]","[356.46, 65]","[370.86, 28]","[371.4, 30]",364.1,138,13.52,0.16
07:31:07,"[357.0, 22]","[356.0, 77]","[370.0, 11]","[371.0, 51]",363.5,161,13.0,0.23
07:31:08,"[356.19, 62]","[355.2, 212]","[368.75, 16]","[369.94, 16]",362.47,306,12.56,0.79
07:31:09,"[356.0, 50]","[355.0, 170]","[367.0, 10]","[368.0, 10]",361.5,240,11.0,0.83
07:31:10,"[356.0, 71]","[355.0, 221]","[366.03, 37]","[367.08, 13]",361.01,342,10.03,0.71
07:31:11,"[356.0, 63]","[355.0, 153]","[364.83, 23]","[365.62, 13]",360.41,252,8.83,0.71
07:31:12,"[356.0, 84]","[355.0, 204]","[363.0, 12]","[364.0, 36]",359.5,336,7.0,0.71
07:31:13,"[356.0, 87]","[355.0, 221]","[361.31, 13]","[364.0, 39]",358.65,360,5.31,0.71
07:31:14,"[356.0, 45]","[355.0, 255]","[358.65, 37]","[361.14, 43]",357.32,380,2.65,0.58
07:31:15,"[355.44, 61]","[354.91, 169]","[357.55, 33]","[359.45, 29]",356.49,292,2.1,0.58
07:31:16,"[355.0, 182]","[354.0, 88]","[356.52, 29]","[362.07, 15]",355.76,314,1.52,0.72
07:31:17,"[355.0, 190]","[354.0, 104]","[358.78, 27]","[369.72, 25]",356.89,346,3.78,0.7
07:31:18,"[355.0, 169]","[354.0, 82]","[366.0, 13]","[369.69, 49]",360.5,313,11.0,0.6
07:31:19,"[355.0, 79]","[354.0, 42]","[366.0, 7]","[369.0, 21]",360.5,149,11.0,0.62
07:31:20,"[355.0, 110]","[354.0, 186]","[366.0, 10]","[369.0, 30]",360.5,336,11.0,0.76
07:31:21,"[355.31, 96]","[354.19, 177]","[366.0, 9]","[369.0, 27]",360.66,309,10.69,0.77
07:31:22,"[356.0, 52]","[355.0, 132]","[365.02, 45]","[366.64, 14]",360.51,243,9.02,0.51
07:31:23,"[356.0, 12]","[355.0, 66]","[364.83, 24]","[366.0, 6]",360.42,108,8.83,0.44
07:31:24,"[356.0, 26]","[355.0, 143]","[363.46, 52]","[367.4, 25]",359.73,246,7.46,0.37
07:31:25,"[356.0, 26]","[355.0, 143]","[362.46, 52]","[367.0, 65]",359.23,286,6.46,0.18
07:31:26,"[356.0, 18]","[355.0, 99]","[361.56, 36]","[365.05, 41]",358.78,194,5.56,0.21
07:31:27,"[356.0, 28]","[355.0, 154]","[359.29, 56]","[360.36, 56]",357.64,294,3.29,0.24
07:31:28,"[356.0, 16]","[355.0, 88]","[357.88, 32]","[359.0, 32]",356.94,168,1.88,0.24
07:31:29,"[355.11, 74]","[354.23, 188]","[356.8, 40]","[364.57, 28]",355.95,330,1.69,0.59
07:31:30,"[355.0, 112]","[354.0, 288]","[370.4, 80]","[373.86, 116]",362.7,596,15.4,0.34
07:31:31,"[356.2, 60]","[354.33, 108]","[372.0, 105]","[374.0, 45]",364.1,318,15.8,0.06
07:31:32,"[357.0, 54]","[355.0, 54]","[371.46, 57]","[372.59, 44]",364.23,209,14.46,0.03
07:31:33,"[357.0, 72]","[355.0, 78]","[366.95, 37]","[368.43, 28]",361.97,215,9.95,0.4
07:31:34,"[357.0, 55]","[355.0, 66]","[366.0, 33]","[368.0, 22]",361.5,176,9.0,0.38
07:31:35,"[357.0, 30]","[355.0, 36]","[365.43, 14]","[366.5, 16]",361.21,96,8.43,0.38
07:31:36,"[357.0, 75]","[355.0, 70]","[362.73, 40]","[364.14, 35]",359.86,220,5.73,0.32
07:31:37,"[357.0, 96]","[355.0, 64]","[359.13, 45]","[360.26, 35]",358.07,240,2.13,0.33
07:31:38,"[357.0, 56]","[355.0, 75]","[358.12, 25]","[359.06, 35]",357.56,191,1.12,0.37
07:31:39,"[355.16, 74]","[354.02, 155]","[357.22, 23]","[358.46, 37]",356.19,289,2.06,0.58
07:31:40,"[355.0, 45]","[353.0, 90]","[358.91, 35]","[367.06, 62]",356.96,232,3.91,0.16
07:31:41,"[353.44, 18]","[351.87, 31]","[369.78, 41]","[372.35, 46]",361.61,136,16.34,-0.28
07:31:42,"[349.64, 22]","[343.17, 36]","[369.0, 36]","[370.96, 103]",359.32,197,19.36,-0.41
07:31:43,"[344.67, 18]","[342.38, 48]","[369.0, 36]","[371.0, 108]",356.83,210,24.33,-0.37
07:31:44,"[346.6, 15]","[345.6, 15]","[368.21, 47]","[370.81, 119]",357.41,196,21.61,-0.69
07:31:45,"[350.6, 15]","[349.94, 96]","[367.0, 60]","[368.0, 45]",358.8,216,16.4,0.03
07:31:46,"[351.53, 17]","[350.1, 89]","[366.76, 63]","[367.64, 56]",359.15,225,15.23,-0.06
07:31:47,"[352.46, 13]","[351.46, 13]","[365.77, 39]","[366.92, 52]",359.12,117,13.31,-0.56
07:31:48,"[353.0, 16]","[352.0, 16]","[363.44, 48]","[364.53, 51]",358.22,131,10.44,-0.51
07:31:49,"[348.55, 89]","[347.2, 45]","[360.54, 46]","[361.79, 39]",354.55,219,11.99,0.22
07:31:50,"[347.63, 118]","[346.81, 81]","[357.82, 33]","[360.0, 33]",352.72,265,10.19,0.5
07:31:51,"[349.48, 146]","[347.96, 157]","[356.33, 45]","[358.27, 45]",352.91,393,6.85,0.54
07:31:52,"[352.93, 120]","[348.0, 176]","[354.12, 48]","[357.93, 56]",353.52,400,1.2,0.48
07:31:53,"[353.0, 91]","[346.6, 163]","[355.79, 56]","[361.06, 68]",354.39,378,2.79,0.34
07:31:54,"[354.86, 70]","[352.64, 67]","[359.0, 56]","[366.0, 56]",356.93,249,4.14,0.1
07:31:55,"[354.8, 54]","[341.97, 29]","[359.0, 52]","[366.0, 52]",356.9,187,4.2,-0.11
07:31:56,"[356.0, 64]","[347.44, 81]","[359.0, 64]","[366.0, 64]",357.5,273,3.0,0.06
07:31:57,"[355.4, 20]","[348.6, 30]","[359.0, 24]","[366.0, 24]",357.2,98,3.6,0.02
07:31:58,"[355.0, 27]","[347.0, 54]","[359.0, 36]","[366.0, 36]",357.0,153,4.0,0.06
07:31:59,"[355.0, 27]","[349.8, 30]","[362.89, 36]","[366.38, 26]",358.94,119,7.89,-0.04
07:32:00,"[355.0, 33]","[354.0, 22]","[366.0, 44]","[367.0, 22]",360.5,121,11.0,-0.09
07:32:01,"[355.0, 45]","[354.0, 30]","[359.0, 40]","[363.28, 64]",357.0,179,4.0,-0.16
07:32:02,"[355.0, 33]","[354.0, 22]","[357.0, 22]","[362.0, 55]",356.0,132,2.0,-0.17
07:32:03,"[354.94, 32]","[353.45, 22]","[356.71, 28]","[361.17, 54]",355.83,136,1.78,-0.21
07:32:04,"[354.0, 15]","[353.0, 45]","[356.0, 30]","[367.62, 145]",355.0,235,2.0,-0.49
07:32:05,"[353.06, 35]","[347.5, 28]","[368.41, 97]","[373.1, 84]",360.73,244,15.36,-0.48
07:32:06,"[353.0, 42]","[346.0, 55]","[367.79, 14]","[369.0, 196]",360.39,307,14.79,-0.37
07:32:07,"[353.02, 50]","[346.24, 88]","[364.0, 40]","[365.57, 21]",358.51,199,10.98,0.39
07:32:08,"[354.66, 130]","[348.2, 51]","[361.31, 64]","[362.14, 42]",357.99,287,6.65,0.26
07:32:09,"[355.0, 176]","[353.0, 30]","[356.8, 45]","[358.3, 33]",355.9,284,1.8,0.45
07:32:10,"[355.0, 116]","[353.0, 24]","[356.0, 48]","[370.29, 76]",355.5,264,1.0,0.06
07:32:11,"[355.0, 55]","[353.0, 14]","[360.67, 30]","[370.84, 43]",357.83,142,5.67,-0.03
07:32:12,"[355.0, 20]","[353.0, 8]","[370.0, 20]","[372.0, 36]",362.5,84,15.0,-0.33
07:32:13,"[355.0, 40]","[353.0, 16]","[370.0, 40]","[372.0, 72]",362.5,168,15.0,-0.33
07:32:14,"[355.0, 60]","[353.0, 24]","[369.96, 57]","[371.9, 104]",362.48,245,14.96,-0.31
07:32:15,"[355.0, 55]","[353.0, 22]","[369.0, 32]","[370.3, 53]",362.0,162,14.0,-0.05
07:32:16,"[355.0, 75]","[353.0, 100]","[367.17, 71]","[369.11, 65]",361.08,311,12.17,0.13
07:32:17,"[355.0, 55]","[353.0, 77]","[365.77, 53]","[367.6, 25]",360.39,210,10.77,0.26
07:32:18,"[355.0, 87]","[353.0, 105]","[364.7, 43]","[368.98, 102]",359.85,337,9.7,0.14
07:32:19,"[355.0, 60]","[353.0, 70]","[364.0, 70]","[370.45, 55]",359.5,255,9.0,0.02
07:32:20,"[354.35, 62]","[352.67, 135]","[361.88, 34]","[364.0, 85]",358.12,316,7.53,0.25
07:32:21,"[352.05, 116]","[348.54, 52]","[360.33, 24]","[364.0, 60]",356.19,252,8.28,0.33
07:32:22,"[351.39, 75]","[345.25, 48]","[357.0, 26]","[364.0, 65]",354.19,214,5.61,0.15
07:32:23,"[353.0, 26]","[346.0, 39]","[355.54, 26]","[367.71, 97]",354.27,188,2.54,-0.31
07:32:24,"[348.59, 22]","[344.88, 48]","[362.38, 16]","[368.25, 61]",355.48,147,13.78,-0.05
07:32:25,"[350.62, 13]","[346.0, 135]","[367.0, 13]","[368.0, 65]",358.81,226,16.38,0.31
07:32:26,"[351.0, 17]","[350.0, 102]","[364.67, 45]","[367.52, 29]",357.83,193,13.67,0.23
07:32:27,"[352.25, 12]","[350.11, 47]","[361.75, 36]","[365.51, 71]",357.0,166,9.5,-0.29
07:32:28,"[350.0, 30]","[346.0, 30]","[361.0, 30]","[365.0, 48]",355.5,138,11.0,-0.13
07:32:29,"[350.0, 21]","[346.6, 30]","[361.0, 21]","[365.0, 35]",355.5,107,11.0,-0.05
07:32:30,"[350.0, 45]","[347.0, 90]","[357.69, 59]","[359.74, 61]",353.85,255,7.69,0.06
07:32:31,"[350.0, 48]","[347.0, 96]","[355.46, 72]","[356.93, 56]",352.73,272,5.46,0.06
07:32:32,"[350.0, 33]","[347.0, 66]","[352.27, 55]","[354.0, 33]",351.14,187,2.27,0.06
07:32:33,"[347.2, 60]","[346.17, 47]","[352.25, 51]","[354.71, 38]",349.73,196,5.05,0.09
07:32:34,"[345.29, 14]","[305.26, 43]","[350.9, 29]","[352.73, 15]",348.09,101,5.61,0.13
07:32:35,"[344.61, 28]","[269.76, 49]","[352.02, 46]","[354.92, 49]",348.31,172,7.41,-0.1
07:32:36,"[347.05, 22]","[259.26, 35]","[360.98, 55]","[361.52, 61]",354.01,173,13.94,-0.34
07:32:37,"[355.0, 11]","[354.0, 22]","[358.0, 22]","[360.2, 50]",356.5,105,3.0,-0.37
07:32:38,"[355.0, 9]","[354.0, 18]","[357.0, 18]","[358.0, 18]",356.0,63,2.0,-0.14
07:32:39,"[354.11, 18]","[348.58, 78]","[356.79, 28]","[360.73, 52]",355.45,176,2.67,0.09
07:32:40,"[353.65, 17]","[352.51, 43]","[355.6, 20]","[360.88, 42]",354.62,122,1.95,-0.02
07:32:41,"[352.29, 28]","[350.75, 48]","[355.0, 9]","[364.3, 23]",353.64,108,2.71,0.41
07:32:42,"[352.0, 52]","[349.0, 52]","[354.15, 13]","[360.86, 21]",353.08,138,2.15,0.51
07:32:43,"[351.31, 35]","[348.46, 52]","[356.83, 18]","[364.21, 38]",354.07,143,5.52,0.22
07:32:44,"[349.0, 48]","[346.0, 48]","[363.68, 22]","[365.0, 26]",356.34,144,14.68,0.33
07:32:45,"[349.0, 21]","[346.0, 36]","[363.0, 9]","[365.0, 27]",356.0,93,14.0,0.23
07:32:46,"[349.0, 10]","[346.0, 40]","[363.0, 10]","[365.0, 34]",356.0,94,14.0,0.06
07:32:47,"[349.0, 11]","[346.12, 32]","[363.0, 11]","[365.0, 34]",356.0,88,14.0,-0.02
07:32:48,"[349.0, 10]","[346.69, 13]","[363.0, 10]","[365.0, 30]",356.0,63,14.0,-0.27
07:32:49,"[348.64, 33]","[345.91, 33]","[362.0, 38]","[363.22, 9]",355.32,113,13.36,0.17
07:32:50,"[349.0, 58]","[346.0, 64]","[361.42, 55]","[362.31, 26]",355.21,203,12.42,0.2
07:32:51,"[352.89, 18]","[347.4, 30]","[358.26, 54]","[359.33, 54]",355.57,156,5.37,-0.38
07:32:52,"[350.0, 12]","[345.67, 18]","[355.0, 44]","[356.29, 28]",352.5,102,5.0,-0.41
07:32:53,"[346.0, 11]","[345.0, 22]","[353.45, 22]","[355.0, 44]",349.73,99,7.45,-0.33
07:32:54,"[346.0, 13]","[345.0, 26]","[351.06, 34]","[352.18, 44]",348.53,117,5.06,-0.33
07:32:55,"[345.71, 14]","[344.91, 22]","[348.5, 28]","[352.96, 46]",347.11,110,2.79,-0.35
07:32:56,"[340.98, 43]","[335.66, 47]","[346.19, 42]","[357.29, 38]",343.58,170,5.21,0.06
07:32:57,"[336.0, 168]","[335.0, 84]","[353.72, 18]","[361.44, 50]",344.86,320,17.72,0.57
07:32:58,"[336.88, 192]","[333.0, 96]","[357.67, 36]","[360.04, 68]",347.27,392,20.79,0.47
07:32:59,"[345.0, 48]","[341.07, 58]","[356.0, 30]","[360.0, 36]",350.5,172,11.0,0.23
07:33:00,"[353.0, 90]","[351.88, 178]","[355.97, 67]","[358.0, 80]",354.49,415,2.97,0.29
07:33:01,"[353.27, 74]","[352.15, 156]","[355.83, 41]","[356.82, 66]",354.55,337,2.56,0.36
07:33:02,"[355.0, 40]","[353.0, 48]","[358.28, 58]","[360.67, 45]",356.64,191,3.28,-0.08
07:33:03,"[355.0, 65]","[353.0, 78]","[360.0, 143]","[362.0, 65]",357.5,351,5.0,-0.19
07:33:04,"[355.0, 65]","[353.67, 18]","[359.97, 136]","[361.69, 71]",357.49,290,4.97,-0.43
07:33:05,"[355.0, 50]","[354.0, 10]","[359.0, 40]","[360.07, 15]",357.0,115,4.0,0.04
07:33:06,"[355.0, 79]","[354.0, 16]","[357.69, 64]","[361.0, 16]",356.34,175,2.69,0.09
07:33:07,"[354.5, 16]","[353.04, 50]","[357.0, 40]","[361.0, 10]",355.75,116,2.5,0.14
07:33:08,"[354.0, 17]","[353.0, 84]","[356.14, 56]","[362.8, 49]",355.07,206,2.14,-0.02
07:33:09,"[354.0, 40]","[353.0, 60]","[355.5, 40]","[363.0, 10]",354.75,150,1.5,0.33
07:33:10,"[352.77, 47]","[351.96, 69]","[355.0, 28]","[363.0, 7]",353.88,151,2.23,0.54
07:33:11,"[352.0, 121]","[351.0, 33]","[360.43, 37]","[367.13, 45]",356.22,236,8.43,0.31
07:33:12,"[352.0, 124]","[351.0, 36]","[364.0, 60]","[365.04, 52]",358.0,272,12.0,0.18
07:33:13,"[352.0, 70]","[351.0, 30]","[364.0, 50]","[365.0, 50]",358.0,200,12.0,0.0
07:33:14,"[352.0, 56]","[351.0, 24]","[364.0, 40]","[365.0, 40]",358.0,160,12.0,0.0
07:33:15,"[352.0, 48]","[351.0, 27]","[364.0, 45]","[365.0, 45]",358.0,165,12.0,-0.09
07:33:16,"[352.0, 30]","[351.0, 45]","[364.42, 69]","[365.73, 110]",358.21,254,12.42,-0.41
07:33:17,"[352.25, 24]","[351.13, 31]","[362.73, 44]","[364.5, 56]",357.49,155,10.48,-0.29
07:33:18,"[352.58, 26]","[351.16, 25]","[361.12, 32]","[362.93, 30]",356.85,113,8.55,-0.1
07:33:19,"[353.0, 90]","[352.0, 15]","[360.0, 60]","[361.0, 60]",356.5,225,7.0,-0.07
07:33:20,"[354.8, 122]","[352.97, 62]","[358.5, 48]","[361.0, 48]",356.65,280,3.7,0.31
07:33:21,"[355.0, 99]","[353.0, 54]","[357.44, 36]","[359.56, 36]",356.22,225,2.44,0.36
07:33:22,"[355.0, 84]","[353.0, 72]","[357.43, 42]","[363.27, 33]",356.21,231,2.43,0.35
07:33:23,"[355.53, 57]","[353.29, 63]","[366.0, 24]","[368.0, 36]",360.76,180,10.47,0.33
07:33:24,"[356.0, 118]","[355.0, 42]","[365.14, 58]","[366.75, 32]",360.57,250,9.14,0.28
07:33:25,"[356.0, 56]","[355.0, 21]","[364.86, 35]","[366.0, 14]",360.43,126,8.86,0.22
07:33:26,"[355.93, 86]","[354.0, 66]","[363.21, 70]","[366.0, 28]",359.57,250,7.28,0.22
07:33:27,"[355.0, 22]","[353.0, 121]","[362.45, 55]","[366.0, 22]",358.73,220,7.45,0.3
07:33:28,"[355.0, 34]","[353.0, 187]","[360.94, 85]","[368.56, 55]",357.97,361,5.94,0.22
07:33:29,"[355.0, 28]","[353.0, 154]","[359.71, 70]","[368.29, 28]",357.36,280,4.71,0.3
07:33:30,"[355.0, 24]","[353.0, 132]","[359.0, 60]","[366.33, 24]",357.0,240,4.0,0.3
07:33:31,"[355.0, 20]","[353.0, 110]","[357.1, 50]","[366.4, 20]",356.05,200,2.1,0.3
07:33:32,"[353.71, 34]","[352.97, 68]","[358.0, 36]","[368.78, 18]",355.85,156,4.29,0.31
07:33:33,"[353.0, 165]","[352.0, 15]","[366.94, 51]","[368.0, 63]",359.97,294,13.94,0.22
07:33:34,"[353.0, 132]","[352.0, 12]","[364.91, 22]","[366.15, 40]",358.95,206,11.91,0.4
07:33:35,"[353.0, 165]","[352.0, 15]","[362.43, 23]","[363.81, 37]",357.72,240,9.43,0.5
07:33:36,"[353.0, 158]","[352.0, 14]","[360.54, 28]","[361.18, 28]",356.77,228,7.54,0.51
07:33:37,"[354.96, 69]","[353.97, 122]","[358.81, 37]","[359.32, 31]",356.88,259,3.85,0.47
07:33:38,"[356.0, 39]","[355.0, 78]","[358.0, 13]","[359.0, 39]",357.0,169,2.0,0.38
07:33:39,"[355.16, 73]","[354.65, 37]","[356.28, 39]","[358.87, 45]",355.72,194,1.12,0.13
07:33:40,"[355.0, 13]","[354.0, 13]","[365.37, 19]","[371.84, 49]",360.18,94,10.37,-0.45
07:33:41,"[355.0, 41]","[354.0, 17]","[367.33, 52]","[371.14, 63]",361.16,173,12.33,-0.33
07:33:42,"[355.0, 48]","[354.0, 12]","[365.42, 60]","[368.0, 24]",360.21,144,10.42,-0.17
07:33:43,"[355.0, 68]","[354.0, 17]","[364.42, 67]","[365.69, 52]",359.71,204,9.42,-0.17
07:33:44,"[355.0, 64]","[354.0, 16]","[362.56, 32]","[364.0, 80]",358.78,192,7.56,-0.17
07:33:45,"[355.0, 40]","[354.0, 10]","[362.0, 20]","[364.0, 50]",358.5,120,7.0,-0.17
07:33:46,"[355.78, 49]","[354.93, 42]","[360.48, 27]","[362.78, 45]",358.13,163,4.71,0.12
07:33:47,"[356.0, 78]","[355.0, 39]","[357.87, 23]","[362.31, 36]",356.93,176,1.87,0.33
07:33:48,"[356.26, 78]","[355.17, 47]","[362.71, 66]","[367.35, 51]",359.48,242,6.46,0.03
07:33:49,"[357.0, 140]","[356.0, 56]","[360.71, 70]","[368.0, 42]",358.86,308,3.71,0.27
07:33:50,"[357.0, 125]","[356.0, 52]","[359.16, 63]","[368.85, 40]",358.08,280,2.16,0.26
07:33:51,"[357.0, 50]","[356.0, 40]","[369.0, 30]","[372.0, 40]",363.0,160,12.0,0.12
07:33:52,"[357.0, 55]","[356.0, 44]","[369.0, 45]","[370.36, 44]",363.0,188,12.0,0.05
07:33:53,"[357.0, 24]","[356.0, 24]","[369.0, 30]","[370.0, 24]",363.0,102,12.0,-0.06
07:33:54,"[356.71, 14]","[355.48, 29]","[369.0, 45]","[370.0, 36]",362.86,124,12.29,-0.31
07:33:55,"[356.0, 11]","[355.0, 11]","[369.0, 55]","[370.0, 44]",362.5,121,13.0,-0.64
07:33:56,"[356.0, 10]","[355.0, 10]","[369.0, 50]","[370.0, 40]",362.5,110,13.0,-0.64
07:33:57,"[356.0, 12]","[355.0, 12]","[368.78, 45]","[369.57, 49]",362.39,118,12.78,-0.59
07:33:58,"[353.62, 16]","[351.7, 23]","[368.0, 22]","[369.0, 33]",360.81,94,14.38,-0.17
07:33:59,"[339.53, 34]","[340.14, 14]","[367.4, 20]","[368.93, 29]",353.46,97,27.87,-0.01
07:34:00,"[338.9, 40]","[334.31, 13]","[357.92, 53]","[363.39, 38]",348.41,144,19.02,-0.26
07:34:01,"[338.0, 15]","[241.12, 41]","[340.0, 46]","[346.27, 33]",339.0,135,2.0,-0.17
07:34:02,"[338.0, 9]","[292.0, 18]","[340.0, 25]","[344.0, 18]",339.0,70,2.0,-0.23
07:34:03,"[338.0, 7]","[232.0, 29]","[340.0, 14]","[344.0, 14]",339.0,64,2.0,0.12
07:34:04,"[270.44, 36]","[210.28, 71]","[338.28, 43]","[341.54, 35]",304.36,185,67.83,0.16
07:34:05,"[283.54, 65]","[277.57, 47]","[342.29, 21]","[345.54, 39]",312.91,172,58.75,0.3
07:34:06,"[284.15, 52]","[270.55, 44]","[343.0, 18]","[344.33, 36]",313.58,150,58.85,0.28
07:34:07,"[284.0, 36]","[84.0, 12]","[343.0, 12]","[344.0, 24]",313.5,84,59.0,0.14
07:34:08,"[285.22, 54]","[217.27, 44]","[343.0, 14]","[344.0, 44]",314.11,156,57.78,0.26
07:34:09,"[289.71, 41]","[286.73, 66]","[343.0, 12]","[344.0, 48]",316.35,167,53.29,0.28
07:34:10,"[328.3, 30]","[297.03, 32]","[353.65, 31]","[428.21, 28]",340.97,121,25.35,0.02
07:34:11,"[347.65, 43]","[346.6, 47]","[360.8, 50]","[399.12, 48]",354.23,188,13.15,-0.04
07:34:12,"[349.27, 44]","[348.6, 70]","[410.33, 33]","[587.94, 31]",379.8,178,61.06,0.28
07:34:13,"[349.12, 51]","[347.25, 48]","[431.92, 26]","[526.72, 32]",390.52,157,82.81,0.26
07:34:14,"[350.5, 48]","[349.5, 48]","[418.0, 24]","[549.75, 40]",384.25,160,67.5,0.2
07:34:15,"[352.19, 96]","[350.59, 102]","[398.35, 51]","[506.82, 85]",375.27,334,46.17,0.19
07:34:16,"[353.67, 27]","[352.57, 42]","[388.0, 21]","[527.21, 29]",370.83,119,34.33,0.16
07:34:17,"[354.0, 60]","[353.0, 66]","[414.34, 41]","[682.15, 41]",384.17,208,60.34,0.21
07:34:18,"[354.0, 60]","[353.0, 60]","[528.57, 46]","[614.62, 34]",441.28,200,174.57,0.2
07:34:19,"[354.0, 66]","[353.0, 66]","[480.45, 55]","[551.09, 33]",417.23,220,126.45,0.2
07:34:20,"[354.0, 46]","[353.0, 60]","[367.0, 50]","[545.2, 30]",360.5,186,13.0,0.14
07:34:21,"[354.0, 48]","[353.0, 72]","[366.52, 33]","[437.28, 46]",360.26,199,12.52,0.21
07:34:22,"[354.0, 36]","[352.69, 26]","[357.8, 25]","[361.71, 14]",355.9,101,3.8,0.23
07:34:23,"[354.0, 68]","[353.0, 34]","[359.64, 77]","[373.57, 21]",356.82,200,5.64,0.02
07:34:24,"[353.85, 39]","[352.5, 24]","[358.89, 56]","[360.0, 20]",356.37,139,5.05,-0.09
07:34:25,"[355.84, 37]","[352.85, 26]","[358.38, 29]","[404.15, 61]",357.11,153,2.54,-0.18
07:34:26,"[356.0, 24]","[353.0, 24]","[358.17, 60]","[422.88, 34]",357.08,142,2.17,-0.32
07:34:27,"[356.0, 16]","[353.0, 16]","[358.0, 40]","[374.0, 24]",357.0,96,2.0,-0.33
07:34:28,"[354.15, 26]","[349.0, 50]","[408.14, 49]","[500.14, 43]",381.15,168,53.99,-0.1
07:34:29,"[353.0, 22]","[349.71, 35]","[406.0, 28]","[443.45, 31]",379.5,116,53.0,-0.02
07:34:30,"[353.0, 10]","[350.0, 15]","[359.75, 16]","[464.36, 11]",356.38,52,6.75,-0.04
07:34:31,"[355.55, 53]","[351.8, 30]","[358.29, 42]","[359.18, 49]",356.92,174,2.74,-0.05
07:34:32,"[355.38, 39]","[351.27, 26]","[357.67, 36]","[409.08, 36]",356.53,137,2.28,-0.05
07:34:33,"[352.37, 19]","[348.83, 29]","[357.22, 27]","[518.0, 18]",354.8,93,4.85,0.03
07:34:34,"[349.0, 33]","[348.0, 55]","[355.72, 29]","[462.24, 29]",352.36,146,6.72,0.21
07:34:35,"[348.81, 32]","[347.33, 60]","[350.93, 28]","[413.5, 32]",349.87,152,2.12,0.21
07:34:36,"[348.29, 17]","[342.15, 41]","[410.93, 29]","[560.12, 26]",379.61,113,62.64,0.03
07:34:37,"[349.0, 12]","[339.82, 33]","[652.8, 15]","[634.4, 15]",500.9,75,303.8,0.2
07:34:38,"[339.56, 16]","[336.43, 14]","[353.0, 4]","[458.0, 12]",346.28,46,13.44,0.3
07:34:39,"[339.0, 30]","[335.0, 18]","[343.17, 12]","[413.8, 10]",341.08,70,4.17,0.37
07:34:40,"[340.93, 40]","[292.51, 69]","[344.58, 43]","[480.46, 35]",342.75,187,3.66,0.17
07:34:41,"[349.0, 20]","[343.85, 39]","[352.92, 25]","[413.47, 17]",350.96,101,3.92,0.17
07:34:42,"[340.03, 35]","[309.33, 43]","[359.46, 24]","[379.16, 25]",349.74,127,19.43,0.23
07:34:43,"[339.0, 120]","[268.0, 45]","[345.03, 31]","[352.36, 55]",342.02,251,6.03,0.31
07:34:44,"[339.0, 96]","[147.07, 56]","[346.0, 34]","[347.5, 30]",342.5,216,7.0,0.41
07:34:45,"[339.0, 31]","[250.29, 35]","[342.0, 21]","[348.05, 21]",340.5,108,3.0,0.22
07:34:46,"[270.07, 14]","[255.0, 20]","[341.0, 12]","[348.0, 16]",305.54,62,70.93,0.1
07:34:47,"[223.23, 22]","[224.75, 44]","[341.0, 30]","[348.0, 40]",282.11,136,117.77,-0.03
07:34:48,"[338.0, 9]","[275.54, 41]","[341.0, 27]","[348.0, 36]",339.5,113,3.0,-0.12
07:34:49,"[338.0, 3]","[284.31, 13]","[341.0, 9]","[348.0, 12]",339.5,37,3.0,-0.14
07:34:50,"[337.62, 21]","[313.62, 48]","[345.52, 31]","[351.77, 53]",341.57,153,7.9,-0.1
07:34:51,"[331.93, 30]","[276.19, 27]","[345.08, 52]","[351.55, 53]",338.51,162,13.14,-0.3
07:34:52,"[334.0, 14]","[333.0, 26]","[341.0, 50]","[347.0, 32]",337.5,122,7.0,-0.34
07:34:53,"[335.0, 5]","[334.0, 15]","[341.0, 23]","[346.71, 17]",338.0,60,6.0,-0.33
07:34:54,"[335.0, 10]","[334.0, 30]","[341.0, 31]","[342.0, 10]",338.0,81,6.0,-0.01
07:34:55,"[337.03, 36]","[333.4, 20]","[342.67, 43]","[344.7, 20]",339.85,119,5.65,-0.06
07:34:56,"[337.62, 24]","[323.0, 8]","[347.0, 32]","[348.0, 24]",342.31,88,9.38,-0.27
07:34:57,"[339.05, 38]","[337.32, 22]","[347.0, 28]","[348.0, 24]",343.03,112,7.95,0.07
07:34:58,"[343.81, 59]","[338.98, 41]","[350.7, 54]","[352.38, 16]",347.26,170,6.89,0.18
07:34:59,"[349.19, 43]","[342.09, 33]","[351.0, 17]","[354.27, 11]",350.09,104,1.81,0.46
07:35:00,"[349.1, 39]","[344.33, 45]","[356.0, 21]","[414.02, 41]",352.55,146,6.9,0.15
07:35:01,"[349.25, 20]","[346.75, 40]","[358.0, 40]","[455.67, 36]",353.62,136,8.75,-0.12
07:35:02,"[349.0, 55]","[338.26, 39]","[355.15, 27]","[376.96, 25]",352.07,146,6.15,0.29
07:35:03,"[349.0, 65]","[218.95, 21]","[350.0, 59]","[351.92, 13]",349.5,158,1.0,0.09
07:35:04,"[349.0, 34]","[294.86, 29]","[350.0, 30]","[353.0, 10]",349.5,103,1.0,0.22
07:35:05,"[337.92, 39]","[331.46, 13]","[355.12, 16]","[377.21, 14]",346.52,82,17.2,0.27
07:35:06,"[329.0, 5]","[188.27, 22]","[362.0, 25]","[404.0, 25]",345.5,77,33.0,-0.3
07:35:07,"[329.0, 7]","[194.0, 32]","[362.0, 35]","[418.86, 35]",345.5,109,33.0,-0.28
07:35:08,"[341.29, 24]","[284.57, 42]","[361.8, 46]","[546.71, 34]",351.55,146,20.51,-0.1
07:35:09,"[345.0, 24]","[342.61, 36]","[362.0, 40]","[588.0, 16]",353.5,116,17.0,0.03
07:35:10,"[346.0, 33]","[341.0, 13]","[362.0, 65]","[440.96, 56]",354.0,167,16.0,-0.45
07:35:11,"[346.18, 22]","[342.0, 11]","[362.0, 55]","[442.14, 37]",354.09,125,15.82,-0.47
07:35:12,"[349.46, 24]","[235.07, 43]","[362.0, 75]","[432.0, 30]",355.73,172,12.54,-0.22
07:35:13,"[239.88, 50]","[137.3, 40]","[352.21, 38]","[359.74, 53]",296.05,181,112.33,-0.01
07:35:14,"[283.4, 50]","[182.55, 33]","[341.71, 14]","[348.64, 55]",312.56,152,58.31,0.09
07:35:15,"[266.0, 13]","[206.0, 21]","[342.0, 5]","[349.0, 25]",304.0,64,76.0,0.06
07:35:16,"[255.52, 31]","[130.95, 19]","[342.0, 7]","[349.0, 35]",298.76,92,86.48,0.09
07:35:17,"[101.85, 26]","[29.0, 21]","[348.56, 32]","[349.75, 40]",225.2,119,246.72,-0.21
07:35:18,"[211.0, 24]","[153.65, 49]","[348.22, 45]","[349.22, 45]",279.61,163,137.22,-0.1
07:35:19,"[210.09, 43]","[196.79, 28]","[348.21, 57]","[349.25, 60]",279.15,188,138.12,-0.24
07:35:20,"[314.81, 42]","[244.11, 37]","[349.0, 30]","[351.65, 51]",331.9,160,34.19,-0.01
07:35:21,"[345.26, 47]","[344.52, 42]","[349.0, 21]","[421.14, 28]",347.13,138,3.74,0.29
07:35:22,"[347.61, 99]","[346.38, 128]","[376.88, 59]","[392.19, 54]",362.24,340,29.28,0.34
07:35:23,"[351.66, 67]","[350.48, 84]","[401.0, 50]","[467.0, 20]",376.33,221,49.34,0.37
07:35:24,"[354.42, 38]","[352.97, 59]","[412.0, 24]","[540.33, 18]",383.21,139,57.58,0.4
07:35:25,"[356.0, 50]","[354.0, 106]","[588.05, 38]","[632.7, 50]",472.03,244,232.05,0.28
07:35:26,"[356.0, 35]","[354.0, 70]","[485.0, 35]","[566.43, 35]",420.5,175,129.0,0.2
07:35:27,"[356.0, 55]","[354.0, 110]","[466.44, 25]","[506.55, 31]",411.22,221,110.44,0.49
07:35:28,"[354.57, 35]","[353.17, 24]","[402.04, 24]","[461.67, 12]",378.31,95,47.47,0.24
07:35:29,"[354.21, 38]","[353.03, 31]","[443.75, 24]","[480.0, 35]",398.98,128,89.54,0.08
07:35:30,"[354.0, 75]","[349.0, 15]","[424.12, 33]","[426.5, 52]",389.06,175,70.12,0.03
07:35:31,"[354.0, 38]","[349.0, 10]","[415.5, 20]","[425.6, 25]",384.75,93,61.5,0.03
07:35:32,"[354.0, 20]","[349.82, 17]","[373.1, 20]","[396.7, 20]",363.55,77,19.1,-0.04
07:35:33,"[354.18, 22]","[350.67, 24]","[364.67, 24]","[366.33, 24]",359.42,94,10.48,-0.02
07:35:34,"[356.0, 10]","[354.0, 20]","[361.44, 18]","[363.12, 17]",358.72,65,5.44,-0.08
07:35:35,"[350.74, 19]","[350.13, 23]","[358.15, 27]","[359.16, 25]",354.44,94,7.41,-0.11
07:35:36,"[355.14, 29]","[350.71, 24]","[358.45, 31]","[370.0, 43]",356.79,127,3.31,-0.17
07:35:37,"[357.0, 34]","[355.0, 20]","[361.0, 30]","[626.1, 50]",359.0,134,4.0,-0.19
07:35:38,"[357.0, 12]","[355.0, 12]","[361.0, 18]","[395.67, 18]",359.0,60,4.0,-0.2
07:35:39,"[357.0, 10]","[355.0, 10]","[361.0, 15]","[455.6, 5]",359.0,40,4.0,0.0
07:35:40,"[357.0, 57]","[355.0, 30]","[361.0, 45]","[511.07, 15]",359.0,147,4.0,0.18
07:35:41,"[355.32, 31]","[354.13, 15]","[360.45, 20]","[446.95, 22]",357.89,88,5.13,0.05
07:35:42,"[355.27, 22]","[354.6, 20]","[359.93, 14]","[382.36, 14]",357.6,70,4.66,0.2
07:35:43,"[355.53, 17]","[354.82, 22]","[358.92, 13]","[527.92, 25]",357.23,77,3.39,0.01
07:35:44,"[349.43, 83]","[346.65, 37]","[358.0, 10]","[495.0, 10]",353.72,140,8.57,0.71
07:35:45,"[349.0, 120]","[346.0, 48]","[356.58, 12]","[479.83, 12]",352.79,192,7.58,0.75
07:35:46,"[351.39, 61]","[348.42, 31]","[516.5, 10]","[684.6, 10]",433.95,112,165.11,0.64
07:35:47,"[356.0, 48]","[355.0, 12]","[560.08, 39]","[611.25, 16]",458.04,115,204.08,0.04
07:35:48,"[355.4, 10]","[354.05, 19]","[557.73, 22]","[559.77, 13]",456.56,64,202.33,-0.09
07:35:49,"[355.88, 16]","[354.54, 13]","[441.44, 9]","[529.0, 18]",398.66,56,85.57,0.04
07:35:50,"[356.0, 13]","[355.0, 8]","[474.81, 16]","[547.57, 21]",415.41,58,118.81,-0.28
07:35:51,"[356.0, 6]","[355.0, 6]","[458.83, 18]","[555.44, 18]",407.42,48,102.83,-0.5
07:35:52,"[354.8, 20]","[349.71, 68]","[478.43, 44]","[557.72, 47]",416.62,179,123.63,-0.02
07:35:53,"[349.62, 64]","[346.25, 128]","[439.18, 50]","[512.89, 37]",394.4,279,89.56,0.38
07:35:54,"[349.0, 77]","[345.0, 121]","[558.13, 46]","[625.35, 49]",453.57,293,209.13,0.35
07:35:55,"[349.0, 101]","[345.0, 165]","[435.05, 63]","[538.25, 67]",392.02,396,86.05,0.34
07:35:56,"[349.0, 66]","[345.0, 121]","[358.25, 53]","[362.4, 63]",353.62,303,9.25,0.23
07:35:57,"[349.93, 60]","[347.4, 110]","[355.38, 52]","[357.0, 65]",352.66,287,5.45,0.18
07:35:58,"[350.16, 76]","[348.29, 112]","[353.3, 71]","[354.69, 64]",351.73,323,3.14,0.16
07:35:59,"[347.55, 66]","[344.0, 45]","[349.66, 56]","[351.77, 52]",348.6,219,2.12,0.01
07:36:00,"[347.0, 24]","[345.43, 84]","[371.66, 44]","[435.89, 37]",359.33,189,24.66,0.14
07:36:01,"[346.04, 52]","[343.5, 48]","[473.5, 18]","[488.25, 20]",409.77,138,127.46,0.45
07:36:02,"[346.18, 49]","[344.61, 69]","[358.77, 73]","[500.33, 21]",352.48,212,12.58,0.11
07:36:03,"[344.29, 17]","[341.71, 41]","[469.56, 9]","[546.0, 9]",406.92,76,125.26,0.53
07:36:04,"[355.7, 74]","[347.45, 66]","[394.47, 17]","[410.44, 43]",375.09,200,38.77,0.4
07:36:05,"[357.0, 117]","[356.0, 54]","[392.62, 21]","[480.4, 25]",374.81,217,35.62,0.58
07:36:06,"[357.0, 49]","[356.0, 24]","[389.75, 4]","[391.0, 20]",373.38,97,32.75,0.51
07:36:07,"[357.07, 86]","[356.43, 84]","[387.41, 27]","[390.69, 39]",372.24,236,30.34,0.44
07:36:08,"[357.27, 110]","[356.0, 66]","[384.73, 51]","[386.6, 15]",371.0,242,27.45,0.45
07:36:09,"[358.0, 87]","[356.0, 54]","[382.67, 33]","[383.58, 31]",370.33,205,24.67,0.38
07:36:10,"[358.0, 77]","[356.6, 30]","[379.13, 23]","[381.86, 43]",368.57,173,21.13,0.24
07:36:11,"[358.0, 42]","[357.0, 12]","[376.58, 26]","[377.7, 10]",367.29,90,18.58,0.2
07:36:12,"[358.0, 26]","[357.0, 26]","[373.64, 25]","[374.11, 53]",365.82,130,15.64,-0.2
07:36:13,"[358.0, 18]","[357.0, 18]","[367.88, 17]","[369.69, 13]",362.94,66,9.88,0.09
07:36:14,"[356.36, 44]","[355.55, 29]","[362.49, 43]","[364.65, 23]",359.43,139,6.12,0.05
07:36:15,"[356.0, 33]","[355.0, 33]","[360.55, 55]","[361.1, 31]",358.27,152,4.55,-0.13
07:36:16,"[355.75, 36]","[353.5, 30]","[357.53, 38]","[358.8, 50]",356.64,154,1.78,-0.14
07:36:17,"[355.0, 17]","[350.0, 24]","[356.0, 32]","[358.0, 40]",355.5,113,1.0,-0.27
07:36:18,"[350.0, 18]","[349.0, 72]","[358.0, 30]","[360.0, 30]",354.0,150,8.0,0.2
07:36:19,"[349.32, 28]","[348.95, 38]","[358.0, 25]","[360.0, 25]",353.66,116,8.68,0.14
07:36:20,"[349.0, 81]","[348.0, 9]","[356.89, 45]","[359.33, 45]",352.94,180,7.89,0.0
07:36:21,"[349.0, 99]","[348.0, 11]","[353.16, 43]","[354.14, 49]",351.08,202,4.16,0.09
07:36:22,"[349.0, 63]","[348.0, 7]","[350.19, 27]","[352.0, 14]",349.59,111,1.19,0.26
07:36:23,"[349.0, 81]","[348.0, 11]","[350.0, 33]","[352.92, 49]",349.5,174,1.0,0.06
07:36:24,"[349.0, 62]","[348.0, 14]","[350.83, 60]","[362.33, 54]",349.92,190,1.83,-0.2
07:36:25,"[348.0, 8]","[347.0, 32]","[349.36, 11]","[364.12, 32]",348.68,83,1.36,-0.04
07:36:26,"[353.87, 23]","[347.09, 35]","[414.82, 33]","[419.54, 46]",384.34,137,60.95,-0.15
07:36:27,"[357.44, 36]","[354.86, 14]","[412.0, 24]","[599.67, 30]",384.72,104,54.56,-0.04
07:36:28,"[358.0, 84]","[357.0, 65]","[433.46, 52]","[481.21, 53]",395.73,254,75.46,0.17
07:36:29,"[358.8, 60]","[357.55, 44]","[430.58, 38]","[497.78, 54]",394.69,196,71.78,0.06
07:36:30,"[359.0, 64]","[358.0, 33]","[427.56, 32]","[429.41, 34]",393.28,163,68.56,0.19
07:36:31,"[359.0, 70]","[358.0, 42]","[424.0, 27]","[424.98, 45]",391.5,184,65.0,0.22
07:36:32,"[359.0, 78]","[358.0, 54]","[418.65, 34]","[421.33, 24]",388.82,190,59.65,0.39
07:36:33,"[357.11, 36]","[356.17, 72]","[414.82, 44]","[415.97, 31]",385.96,183,57.71,0.18
07:36:34,"[356.9, 31]","[355.82, 88]","[391.0, 30]","[394.4, 45]",373.95,194,34.1,0.23
07:36:35,"[356.0, 42]","[353.8, 20]","[368.1, 21]","[370.3, 33]",362.05,116,12.1,0.07
07:36:36,"[356.0, 48]","[355.0, 16]","[363.7, 37]","[364.18, 45]",359.85,146,7.7,-0.12
07:36:37,"[358.71, 93]","[355.92, 36]","[360.11, 63]","[363.83, 42]",359.41,234,1.4,0.1
07:36:38,"[356.0, 86]","[355.0, 14]","[363.36, 14]","[367.0, 14]",359.68,128,7.36,0.56
07:36:39,"[356.0, 98]","[355.0, 7]","[363.0, 7]","[364.0, 7]",359.5,119,7.0,0.76
07:36:40,"[356.0, 234]","[355.0, 17]","[361.06, 17]","[362.29, 17]",358.53,285,5.06,0.76
07:36:41,"[356.0, 96]","[355.0, 12]","[360.0, 12]","[362.0, 12]",358.0,132,4.0,0.64
07:36:42,"[356.0, 24]","[355.0, 8]","[358.38, 8]","[360.0, 8]",357.19,48,2.38,0.33
07:36:43,"[355.86, 21]","[353.74, 19]","[357.0, 10]","[405.75, 16]",356.43,66,1.14,0.21
07:36:44,"[354.0, 16]","[351.78, 54]","[356.2, 10]","[452.5, 20]",355.1,100,2.2,0.4
07:36:45,"[354.67, 48]","[350.11, 114]","[480.08, 25]","[470.92, 25]",417.37,212,125.41,0.53
07:36:46,"[357.0, 40]","[350.8, 30]","[435.1, 10]","[550.0, 50]",396.05,130,78.1,0.08
07:36:47,"[357.0, 30]","[350.31, 65]","[526.61, 36]","[607.73, 30]",441.81,161,169.61,0.18
07:36:48,"[358.0, 81]","[357.0, 27]","[549.67, 45]","[685.14, 14]",453.83,167,191.67,0.29
07:36:49,"[358.0, 94]","[357.0, 33]","[479.71, 31]","[552.73, 52]",418.85,210,121.71,0.21
07:36:50,"[358.0, 28]","[357.0, 21]","[408.06, 17]","[477.41, 32]",383.03,98,50.06,0.0
07:36:51,"[358.0, 24]","[357.0, 18]","[465.0, 30]","[487.0, 18]",411.5,90,107.0,-0.07
07:36:52,"[358.0, 56]","[357.0, 42]","[438.27, 30]","[463.67, 60]",398.13,188,80.27,0.04
07:36:53,"[358.0, 88]","[357.0, 45]","[359.9, 71]","[374.74, 43]",358.95,247,1.9,0.08
07:36:54,"[357.92, 38]","[356.46, 41]","[359.64, 55]","[374.74, 53]",358.78,187,1.72,-0.16
07:36:55,"[357.0, 30]","[356.0, 20]","[365.56, 32]","[380.12, 48]",361.28,130,8.56,-0.23
07:36:56,"[355.0, 121]","[354.0, 22]","[363.46, 28]","[447.43, 47]",359.23,218,8.46,0.31
07:36:57,"[355.0, 99]","[354.0, 28]","[361.71, 70]","[364.0, 28]",358.36,225,6.71,0.13
07:36:58,"[355.0, 60]","[354.0, 20]","[359.3, 50]","[364.0, 20]",357.15,150,4.3,0.07
07:36:59,"[355.0, 50]","[354.0, 22]","[356.33, 46]","[424.07, 43]",355.66,161,1.33,-0.11
07:37:00,"[354.79, 28]","[353.33, 18]","[377.78, 45]","[471.23, 39]",366.28,130,22.99,-0.29
07:37:01,"[354.5, 40]","[352.67, 30]","[513.32, 71]","[711.85, 48]",433.91,189,158.82,-0.26
07:37:02,"[353.0, 41]","[351.86, 29]","[475.6, 30]","[516.43, 47]",414.3,147,122.6,-0.05
07:37:03,"[354.0, 22]","[351.02, 56]","[447.44, 25]","[507.56, 34]",400.72,137,93.44,0.14
07:37:04,"[355.02, 83]","[351.6, 122]","[373.04, 47]","[380.19, 32]",364.03,284,18.02,0.44
07:37:05,"[355.25, 56]","[353.52, 97]","[373.0, 39]","[534.43, 28]",364.12,220,17.75,0.39
07:37:06,"[355.0, 49]","[352.0, 56]","[372.44, 27]","[480.68, 19]",363.72,151,17.44,0.39
07:37:07,"[355.43, 49]","[353.1, 97]","[372.0, 65]","[373.0, 39]",363.71,250,16.57,0.17
07:37:08,"[355.0, 98]","[351.0, 112]","[371.14, 70]","[373.0, 42]",363.07,322,16.14,0.3
07:37:09,"[355.89, 45]","[353.55, 110]","[369.14, 49]","[370.25, 71]",362.52,275,13.25,0.13
07:37:10,"[359.0, 33]","[358.0, 26]","[365.87, 55]","[368.51, 49]",362.44,163,6.87,-0.28
07:37:11,"[359.0, 30]","[358.0, 20]","[363.07, 40]","[364.12, 40]",361.04,130,4.07,-0.23
07:37:12,"[358.67, 18]","[355.83, 29]","[360.41, 29]","[396.15, 26]",359.54,102,1.75,-0.08
07:37:13,"[358.0, 18]","[355.0, 63]","[359.78, 45]","[464.67, 27]",358.89,153,1.78,0.06
07:37:14,"[355.0, 30]","[350.0, 12]","[358.33, 30]","[426.8, 15]",356.67,87,3.33,-0.03
07:37:15,"[352.5, 60]","[348.43, 46]","[356.25, 68]","[383.53, 34]",354.38,208,3.75,0.02
07:37:16,"[347.22, 54]","[327.33, 36]","[350.0, 36]","[394.89, 19]",348.61,145,2.78,0.24
07:37:17,"[347.0, 80]","[306.0, 60]","[350.0, 40]","[501.33, 27]",348.5,207,3.0,0.35
07:37:18,"[347.0, 64]","[302.14, 28]","[349.85, 26]","[453.43, 21]",348.42,139,2.85,0.32
07:37:19,"[347.0, 56]","[267.57, 7]","[348.0, 21]","[349.0, 14]",347.5,98,1.0,0.29
07:37:20,"[347.0, 28]","[245.2, 5]","[348.4, 10]","[349.4, 10]",347.7,53,1.4,0.25
07:37:21,"[347.0, 16]","[252.75, 4]","[348.29, 14]","[349.5, 8]",347.64,42,1.29,-0.05
07:37:22,"[304.0, 8]","[131.0, 8]","[348.67, 9]","[349.62, 16]",326.33,41,44.67,-0.22
07:37:23,"[304.0, 5]","[233.0, 30]","[349.0, 5]","[386.36, 11]",326.5,51,45.0,0.37
07:37:24,"[353.02, 40]","[273.0, 16]","[398.68, 34]","[516.79, 28]",375.85,118,45.65,-0.05
07:37:25,"[357.0, 31]","[352.0, 9]","[458.33, 27]","[459.67, 27]",407.67,94,101.33,-0.15
07:37:26,"[357.0, 27]","[352.0, 9]","[456.0, 27]","[459.0, 27]",406.5,90,99.0,-0.2
07:37:27,"[213.55, 29]","[169.34, 53]","[440.86, 22]","[459.1, 30]",327.21,134,227.31,0.22
07:37:28,"[268.5, 60]","[189.33, 61]","[351.35, 17]","[438.78, 27]",309.93,165,82.85,0.47
07:37:29,"[259.48, 33]","[214.33, 36]","[344.85, 13]","[373.7, 23]",302.17,105,85.36,0.31
07:37:30,"[278.07, 41]","[219.8, 20]","[343.0, 7]","[346.12, 25]",310.54,93,64.93,0.31
07:37:31,"[302.33, 36]","[199.0, 30]","[343.0, 6]","[345.0, 18]",322.67,90,40.67,0.47
07:37:32,"[302.85, 41]","[270.48, 27]","[343.0, 8]","[345.0, 28]",322.93,104,40.15,0.31
07:37:33,"[308.33, 84]","[292.65, 49]","[343.0, 12]","[345.0, 60]",325.67,205,34.67,0.3
07:37:34,"[324.01, 81]","[305.9, 58]","[342.54, 13]","[352.29, 41]",333.28,193,18.53,0.44
07:37:35,"[326.69, 16]","[325.71, 59]","[566.86, 14]","[620.18, 34]",446.77,123,240.17,0.22
07:37:36,"[337.5, 26]","[330.63, 90]","[445.54, 69]","[584.38, 29]",391.52,214,108.04,0.08
07:37:37,"[349.95, 63]","[348.44, 27]","[413.41, 69]","[461.35, 31]",381.68,190,63.45,-0.05
07:37:38,"[351.21, 29]","[350.35, 43]","[357.8, 56]","[393.89, 56]",354.51,184,6.6,-0.22
07:37:39,"[354.76, 45]","[353.33, 24]","[433.14, 28]","[542.25, 16]",393.95,113,78.39,0.22
07:37:40,"[354.2, 20]","[350.82, 11]","[400.38, 21]","[423.46, 13]",377.29,65,46.18,-0.05
07:37:41,"[353.56, 25]","[351.17, 18]","[399.06, 36]","[430.27, 30]",376.31,109,45.5,-0.21
07:37:42,"[354.24, 34]","[353.0, 17]","[356.24, 37]","[501.36, 42]",355.24,130,2.01,-0.22
07:37:43,"[356.34, 58]","[353.71, 17]","[480.93, 27]","[558.13, 31]",418.64,133,124.58,0.13
07:37:44,"[358.0, 78]","[356.0, 10]","[551.9, 21]","[553.79, 19]",454.95,128,193.9,0.38
07:37:45,"[358.0, 117]","[356.0, 27]","[543.46, 26]","[553.31, 29]",450.73,199,185.46,0.45
07:37:46,"[358.0, 117]","[356.0, 45]","[436.44, 9]","[552.0, 27]",397.22,198,78.44,0.64
07:37:47,"[358.0, 169]","[356.0, 78]","[389.39, 46]","[390.2, 30]",373.7,323,31.39,0.53
07:37:48,"[358.0, 189]","[356.0, 72]","[386.41, 39]","[387.42, 45]",372.21,345,28.41,0.51
07:37:49,"[358.0, 406]","[356.0, 96]","[383.78, 54]","[384.86, 65]",370.89,621,25.78,0.62
07:37:50,"[358.0, 207]","[356.0, 41]","[382.11, 36]","[384.0, 27]",370.06,311,24.11,0.59
07:37:51,"[358.0, 272]","[356.0, 41]","[380.41, 44]","[381.48, 40]",369.2,397,22.41,0.58
07:37:52,"[358.0, 237]","[356.0, 48]","[377.48, 42]","[378.52, 42]",367.74,369,19.48,0.54
07:37:53,"[358.0, 148]","[356.0, 40]","[360.92, 24]","[368.64, 22]",359.46,234,2.92,0.61
07:37:54,"[358.0, 78]","[356.0, 36]","[359.48, 31]","[362.27, 22]",358.74,167,1.48,0.37
07:37:55,"[356.67, 24]","[355.57, 28]","[361.55, 20]","[380.0, 12]",359.11,84,4.88,0.24
07:37:56,"[356.0, 56]","[355.0, 42]","[363.29, 14]","[396.0, 21]",359.64,133,7.29,0.47
07:37:57,"[355.43, 28]","[350.43, 105]","[362.55, 11]","[532.45, 11]",358.99,155,7.12,0.72
07:37:58,"[355.0, 24]","[350.0, 144]","[362.0, 12]","[445.58, 12]",358.5,192,7.0,0.75
07:37:59,"[352.57, 35]","[349.89, 122]","[360.09, 11]","[429.15, 13]",356.33,181,7.52,0.73
07:38:00,"[350.0, 72]","[349.0, 84]","[357.67, 12]","[358.67, 12]",353.83,180,7.67,0.73
07:38:01,"[350.0, 66]","[349.0, 77]","[438.25, 24]","[555.0, 25]",394.12,192,88.25,0.49
07:38:02,"[350.24, 21]","[349.35, 86]","[367.77, 26]","[500.14, 44]",359.0,177,17.53,0.21
07:38:03,"[350.0, 26]","[349.0, 91]","[364.62, 26]","[376.57, 28]",357.31,171,14.62,0.37
07:38:04,"[356.1, 20]","[350.68, 31]","[361.38, 26]","[364.0, 26]",358.74,103,5.28,-0.01
07:38:05,"[358.18, 22]","[357.31, 13]","[362.09, 22]","[369.91, 22]",360.14,79,3.91,-0.11
07:38:06,"[358.0, 18]","[357.0, 9]","[364.0, 18]","[400.61, 28]",361.0,73,6.0,-0.26
07:38:07,"[358.0, 10]","[357.0, 5]","[363.6, 10]","[490.92, 13]",360.8,38,5.6,-0.21
07:38:08,"[356.67, 18]","[349.53, 45]","[363.0, 18]","[493.55, 22]",359.83,103,6.33,0.22
07:38:09,"[356.0, 20]","[349.0, 70]","[363.0, 20]","[412.0, 20]",359.5,130,7.0,0.38
07:38:10,"[352.23, 26]","[348.65, 46]","[363.0, 16]","[412.0, 16]",357.62,104,10.77,0.38
07:38:11,"[349.0, 84]","[345.0, 24]","[361.0, 40]","[369.14, 28]",355.0,176,12.0,0.23
07:38:12,"[349.13, 47]","[347.15, 26]","[357.92, 26]","[359.55, 22]",353.53,121,8.8,0.21
07:38:13,"[349.0, 54]","[344.22, 18]","[356.12, 32]","[357.45, 22]",352.56,126,7.12,0.14
07:38:14,"[349.0, 65]","[344.0, 22]","[353.56, 36]","[354.24, 34]",351.28,157,4.56,0.11
07:38:15,"[349.0, 40]","[344.0, 16]","[352.22, 18]","[360.84, 31]",350.61,105,3.22,0.07
07:38:16,"[349.0, 60]","[344.0, 24]","[351.0, 48]","[357.64, 44]",350.0,176,2.0,-0.05
07:38:17,"[347.38, 37]","[341.88, 34]","[349.88, 32]","[351.91, 44]",348.63,147,2.5,-0.03
07:38:18,"[343.08, 26]","[324.2, 50]","[349.36, 44]","[351.64, 44]",346.22,164,6.29,-0.07
07:38:19,"[342.0, 40]","[298.27, 49]","[346.86, 28]","[348.89, 38]",344.43,155,4.86,0.15
07:38:20,"[341.33, 48]","[318.24, 50]","[345.93, 42]","[347.0, 24]",343.63,164,4.6,0.2
07:38:21,"[338.16, 74]","[288.42, 100]","[342.25, 32]","[345.0, 32]",340.21,238,4.09,0.46
07:38:22,"[339.39, 88]","[338.26, 92]","[341.93, 58]","[344.85, 34]",340.66,272,2.54,0.32
07:38:23,"[342.86, 42]","[339.29, 56]","[346.74, 43]","[403.91, 46]",344.8,187,3.89,0.05
07:38:24,"[346.73, 45]","[340.8, 46]","[350.0, 60]","[502.93, 75]",348.37,226,3.27,-0.19
07:38:25,"[348.12, 17]","[340.0, 39]","[362.33, 58]","[377.11, 45]",355.22,159,14.21,-0.3
07:38:26,"[355.73, 51]","[343.92, 13]","[376.09, 33]","[407.0, 45]",365.91,142,20.37,-0.1
07:38:27,"[356.0, 56]","[349.0, 9]","[375.32, 19]","[382.0, 45]",365.66,129,19.32,0.01
07:38:28,"[356.0, 54]","[349.0, 9]","[375.56, 18]","[377.0, 45]",365.78,126,19.56,0.0
07:38:29,"[356.0, 84]","[349.0, 14]","[373.77, 26]","[376.19, 36]",364.88,160,17.77,0.23
07:38:30,"[340.34, 38]","[291.0, 32]","[372.0, 16]","[374.0, 8]",356.17,94,31.66,0.49
07:38:31,"[353.67, 27]","[338.75, 52]","[372.0, 24]","[374.0, 12]",362.83,115,18.33,0.37
07:38:32,"[355.91, 22]","[341.0, 30]","[370.75, 52]","[372.1, 21]",363.33,125,14.84,-0.17
07:38:33,"[340.47, 43]","[339.19, 32]","[363.42, 55]","[360.87, 39]",351.94,169,22.95,-0.11
07:38:34,"[340.0, 21]","[339.0, 14]","[346.27, 11]","[348.0, 18]",343.14,64,6.27,0.09
07:38:35,"[340.0, 42]","[339.0, 28]","[344.06, 16]","[345.35, 46]",342.03,132,4.06,0.06
07:38:36,"[340.0, 48]","[339.0, 32]","[342.59, 27]","[344.43, 56]",341.3,163,2.59,-0.02
07:38:37,"[341.52, 75]","[339.75, 40]","[343.0, 30]","[345.0, 75]",342.26,220,1.48,0.05
07:38:38,"[342.12, 48]","[340.65, 37]","[344.58, 38]","[346.89, 38]",343.35,161,2.45,0.06
07:38:39,"[343.29, 14]","[342.0, 72]","[345.0, 60]","[349.0, 36]",344.14,182,1.71,-0.05
07:38:40,"[345.07, 14]","[340.12, 17]","[347.31, 67]","[349.11, 44]",346.19,142,2.24,-0.56
07:38:41,"[346.0, 11]","[334.0, 22]","[347.0, 42]","[349.0, 33]",346.5,108,1.0,-0.39
07:38:42,"[346.0, 7]","[333.09, 43]","[347.0, 21]","[349.0, 21]",346.5,92,1.0,0.09
07:38:43,"[336.51, 37]","[332.14, 105]","[347.0, 36]","[349.0, 39]",341.76,217,10.49,0.31
07:38:44,"[333.0, 81]","[327.0, 45]","[353.04, 23]","[383.57, 40]",343.02,189,20.04,0.33
07:38:45,"[350.83, 35]","[340.67, 86]","[360.0, 43]","[523.25, 65]",355.41,229,9.17,0.06
07:38:46,"[357.0, 30]","[356.0, 75]","[360.0, 30]","[519.32, 47]",358.5,182,3.0,0.15
07:38:47,"[357.0, 10]","[356.0, 25]","[360.0, 10]","[546.14, 21]",358.5,66,3.0,0.06
07:38:48,"[357.0, 12]","[356.0, 30]","[360.0, 12]","[542.93, 28]",358.5,82,3.0,0.02
07:38:49,"[357.0, 21]","[356.0, 35]","[360.0, 14]","[591.41, 29]",358.5,99,3.0,0.13
07:38:50,"[357.0, 18]","[356.0, 30]","[381.83, 12]","[409.47, 17]",369.42,77,24.83,0.25
07:38:51,"[356.85, 27]","[355.67, 66]","[367.0, 20]","[401.0, 20]",361.93,133,10.15,0.4
07:38:52,"[354.06, 125]","[340.46, 46]","[359.36, 39]","[374.41, 17]",356.71,227,5.29,0.51
07:38:53,"[354.0, 131]","[353.0, 14]","[357.14, 70]","[362.86, 28]",355.57,243,3.14,0.19
07:38:54,"[353.0, 10]","[348.0, 90]","[356.2, 50]","[365.8, 20]",354.6,170,3.2,0.18
07:38:55,"[353.0, 11]","[348.0, 89]","[354.0, 11]","[356.0, 55]",353.5,166,1.0,0.2
07:38:56,"[353.0, 8]","[348.0, 56]","[354.0, 8]","[356.0, 40]",353.5,112,1.0,0.14
07:38:57,"[353.0, 6]","[348.0, 42]","[355.43, 14]","[358.17, 24]",354.21,86,2.43,0.12
07:38:58,"[353.0, 11]","[348.0, 77]","[354.45, 55]","[369.0, 22]",353.73,165,1.45,0.07
07:38:59,"[350.85, 59]","[341.85, 91]","[368.73, 30]","[518.77, 26]",359.79,206,17.89,0.46
07:39:00,"[355.0, 39]","[348.0, 91]","[365.62, 42]","[366.93, 30]",360.31,202,10.62,0.29
07:39:01,"[349.45, 106]","[341.05, 107]","[358.4, 40]","[361.9, 40]",353.93,293,8.95,0.45
07:39:02,"[348.0, 91]","[333.0, 52]","[353.65, 34]","[354.4, 30]",350.82,207,5.65,0.38
07:39:03,"[348.01, 113]","[334.48, 71]","[350.24, 29]","[351.76, 34]",349.13,247,2.23,0.49
07:39:04,"[348.01, 97]","[334.84, 57]","[351.28, 25]","[355.95, 41]",349.65,220,3.27,0.4
07:39:05,"[348.0, 42]","[333.14, 14]","[351.57, 14]","[358.0, 21]",349.79,91,3.57,0.23
07:39:06,"[348.0, 78]","[334.0, 26]","[350.54, 24]","[360.89, 38]",349.27,166,2.54,0.25
07:39:07,"[348.0, 60]","[334.78, 18]","[349.11, 18]","[356.69, 16]",348.56,112,1.11,0.39
07:39:08,"[348.0, 43]","[337.27, 15]","[359.39, 23]","[362.67, 45]",353.7,126,11.39,-0.08
07:39:09,"[348.0, 24]","[334.0, 16]","[360.0, 30]","[362.74, 34]",354.0,104,12.0,-0.23
07:39:10,"[348.0, 42]","[333.86, 28]","[358.0, 70]","[361.25, 60]",353.0,200,10.0,-0.3
07:39:11,"[333.64, 44]","[328.97, 31]","[358.0, 65]","[360.89, 45]",345.82,185,24.36,-0.19
07:39:12,"[334.0, 88]","[331.07, 112]","[351.36, 28]","[358.14, 72]",342.68,300,17.36,0.33
07:39:13,"[334.0, 66]","[331.0, 55]","[346.73, 33]","[348.0, 11]",340.36,165,12.73,0.47
07:39:14,"[337.59, 85]","[334.15, 78]","[345.88, 51]","[348.0, 17]",341.74,231,8.29,0.41
07:39:15,"[337.84, 62]","[336.88, 69]","[344.4, 47]","[346.33, 27]",341.12,205,6.57,0.28
07:39:16,"[338.0, 40]","[337.0, 50]","[343.9, 20]","[348.0, 10]",340.95,120,5.9,0.5
07:39:17,"[339.44, 64]","[334.66, 41]","[356.51, 77]","[359.9, 71]",347.97,253,17.07,-0.17
07:39:18,"[348.23, 30]","[339.76, 37]","[359.0, 36]","[361.0, 120]",353.62,223,10.77,-0.4
07:39:19,"[349.44, 25]","[347.81, 27]","[359.0, 33]","[361.0, 110]",354.22,195,9.56,-0.47
07:39:20,"[350.58, 77]","[349.0, 13]","[359.0, 39]","[361.0, 130]",354.79,259,8.42,-0.31
07:39:21,"[354.0, 70]","[353.25, 55]","[359.0, 42]","[361.0, 140]",356.5,307,5.0,-0.19
07:39:22,"[355.0, 30]","[354.0, 30]","[359.0, 18]","[361.0, 60]",357.0,138,4.0,-0.13
07:39:23,"[355.0, 35]","[354.0, 35]","[359.0, 21]","[361.0, 35]",357.0,126,4.0,0.11
07:39:24,"[355.0, 30]","[354.0, 30]","[358.75, 20]","[360.79, 28]",356.88,108,3.75,0.11
07:39:25,"[354.73, 56]","[353.92, 60]","[357.78, 92]","[359.89, 76]",356.26,284,3.05,-0.18
07:39:26,"[354.0, 24]","[353.0, 8]","[357.0, 58]","[360.5, 36]",355.5,126,3.0,-0.49
07:39:27,"[354.0, 33]","[353.0, 11]","[356.14, 58]","[357.57, 35]",355.07,137,2.14,-0.36
07:39:28,"[354.0, 28]","[353.0, 10]","[355.5, 50]","[357.0, 30]",354.75,118,1.5,-0.36
07:39:29,"[353.08, 12]","[345.18, 45]","[356.38, 42]","[363.59, 85]",354.73,184,3.3,-0.38
07:39:30,"[350.33, 12]","[344.19, 37]","[355.17, 35]","[358.38, 29]",352.75,113,4.84,-0.13
07:39:31,"[345.47, 15]","[341.5, 48]","[355.44, 27]","[357.0, 27]",350.46,117,9.98,0.08
07:39:32,"[346.27, 11]","[339.0, 91]","[355.18, 33]","[358.14, 35]",350.73,170,8.91,0.2
07:39:33,"[347.0, 11]","[339.32, 44]","[359.44, 41]","[363.94, 71]",353.22,167,12.44,-0.34
07:39:34,"[347.33, 12]","[337.85, 47]","[363.5, 28]","[365.25, 80]",355.42,167,16.17,-0.29
07:39:35,"[351.42, 19]","[338.17, 52]","[362.0, 13]","[365.0, 91]",356.71,175,10.58,-0.19
07:39:36,"[356.0, 39]","[354.0, 13]","[362.0, 13]","[365.0, 91]",359.0,156,6.0,-0.33
07:39:37,"[356.0, 19]","[354.0, 9]","[362.0, 9]","[365.0, 63]",359.0,100,6.0,-0.44
07:39:38,"[342.09, 46]","[340.67, 30]","[359.55, 53]","[361.27, 66]",350.82,195,17.46,-0.22
07:39:39,"[356.92, 86]","[343.83, 46]","[358.95, 73]","[360.61, 129]",357.93,334,2.03,-0.21
07:39:40,"[356.84, 43]","[355.06, 141]","[358.41, 41]","[362.32, 37]",357.63,262,1.58,0.4
07:39:41,"[356.0, 18]","[355.0, 342]","[362.56, 18]","[365.04, 54]",359.28,432,6.56,0.67
07:39:42,"[356.0, 14]","[355.0, 266]","[360.64, 14]","[362.64, 14]",358.32,308,4.64,0.82
07:39:43,"[356.0, 16]","[355.0, 304]","[357.44, 16]","[365.0, 19]",356.72,355,1.44,0.8
07:39:44,"[355.01, 258]","[354.5, 113]","[363.59, 17]","[367.14, 22]",359.3,410,8.58,0.81
07:39:45,"[355.54, 97]","[354.92, 147]","[365.0, 12]","[368.0, 12]",360.27,268,9.46,0.82
07:39:46,"[356.0, 44]","[355.0, 165]","[365.27, 11]","[368.29, 14]",360.64,234,9.27,0.79
07:39:47,"[356.0, 44]","[355.0, 165]","[367.69, 13]","[368.95, 38]",361.85,260,11.69,0.61
07:39:48,"[357.01, 206]","[355.71, 102]","[365.45, 40]","[368.0, 54]",361.23,402,8.44,0.53
07:39:49,"[358.0, 110]","[356.69, 65]","[363.7, 20]","[368.2, 40]",360.85,235,5.7,0.49
07:39:50,"[358.0, 77]","[357.0, 63]","[361.8, 20]","[368.0, 24]",359.9,184,3.8,0.52
07:39:51,"[358.0, 143]","[357.0, 117]","[361.0, 65]","[362.0, 26]",359.5,351,3.0,0.48
07:39:52,"[358.0, 86]","[357.0, 72]","[359.38, 40]","[364.37, 19]",358.69,217,1.38,0.46
07:39:53,"[358.0, 25]","[357.0, 45]","[368.6, 25]","[371.76, 21]",363.3,116,10.6,0.21
07:39:54,"[358.0, 32]","[357.0, 90]","[370.56, 45]","[371.44, 45]",364.28,212,12.56,0.15
07:39:55,"[357.25, 65]","[356.72, 100]","[369.07, 120]","[371.52, 63]",363.16,348,11.83,-0.05
07:39:56,"[357.0, 98]","[356.0, 86]","[367.81, 74]","[371.53, 57]",362.41,315,10.81,0.17
07:39:57,"[357.0, 70]","[356.0, 70]","[363.16, 45]","[367.56, 41]",360.08,226,6.16,0.24
07:39:58,"[356.89, 66]","[355.92, 91]","[359.43, 56]","[363.27, 55]",358.16,268,2.53,0.17
07:39:59,"[356.0, 63]","[355.0, 63]","[367.67, 36]","[371.67, 36]",361.83,198,11.67,0.27
07:40:00,"[356.0, 63]","[355.0, 63]","[368.57, 28]","[371.78, 36]",362.29,190,12.57,0.33
07:40:01,"[356.0, 72]","[355.0, 98]","[366.71, 28]","[369.14, 56]",361.36,254,10.71,0.34
07:40:02,"[356.0, 35]","[355.0, 49]","[366.0, 14]","[371.0, 28]",361.0,126,10.0,0.33
07:40:03,"[356.0, 40]","[355.0, 56]","[365.38, 16]","[368.86, 35]",360.69,147,9.38,0.31
07:40:04,"[356.0, 41]","[355.0, 77]","[365.0, 22]","[366.0, 55]",360.5,195,9.0,0.21
07:40:05,"[356.0, 7]","[355.0, 49]","[364.14, 14]","[367.71, 35]",360.07,105,8.14,0.07
07:40:06,"[356.0, 17]","[355.0, 63]","[363.67, 18]","[370.0, 45]",359.83,143,7.67,0.12
07:40:07,"[356.0, 36]","[355.0, 84]","[363.0, 24]","[370.0, 60]",359.5,204,7.0,0.18
07:40:08,"[356.0, 27]","[355.0, 63]","[363.0, 18]","[369.33, 45]",359.5,153,7.0,0.18
07:40:09,"[356.0, 22]","[355.0, 56]","[360.27, 11]","[367.29, 28]",358.14,117,4.27,0.33
07:40:10,"[355.26, 38]","[354.95, 74]","[368.94, 62]","[370.41, 34]",362.1,208,13.67,0.08
07:40:11,"[355.0, 67]","[354.0, 37]","[365.4, 72]","[368.79, 82]",360.2,258,10.4,-0.19
07:40:12,"[355.0, 22]","[354.0, 44]","[364.91, 55]","[366.0, 55]",359.95,176,9.91,-0.25
07:40:13,"[355.0, 14]","[354.0, 28]","[363.43, 35]","[365.29, 35]",359.21,112,8.43,-0.25
07:40:14,"[355.0, 20]","[354.0, 40]","[363.0, 50]","[369.0, 90]",359.0,200,8.0,-0.4
07:40:15,"[354.28, 29]","[353.53, 30]","[363.0, 55]","[369.0, 99]",358.64,213,8.72,-0.45
07:40:16,"[354.0, 48]","[353.0, 32]","[360.69, 59]","[366.28, 116]",357.35,255,6.69,-0.37
07:40:17,"[353.43, 14]","[348.2, 100]","[358.4, 20]","[360.0, 50]",355.91,184,4.97,0.24
07:40:18,"[348.1, 49]","[347.75, 16]","[358.0, 10]","[360.0, 25]",353.05,100,9.9,0.3
07:40:19,"[348.34, 139]","[347.92, 118]","[356.32, 44]","[362.85, 71]",352.33,372,7.98,0.38
07:40:20,"[349.0, 42]","[348.0, 168]","[366.92, 65]","[368.32, 90]",357.96,365,17.92,0.15
07:40:21,"[349.27, 45]","[348.1, 147]","[363.68, 60]","[365.32, 60]",356.48,312,14.42,0.23
07:40:22,"[350.0, 30]","[349.0, 45]","[359.79, 52]","[360.86, 36]",354.89,163,9.79,-0.08
07:40:23,"[351.71, 34]","[348.15, 141]","[358.92, 59]","[359.55, 66]",355.31,300,7.21,0.17
07:40:24,"[355.97, 225]","[352.33, 72]","[358.7, 47]","[362.35, 97]",357.34,441,2.73,0.35
07:40:25,"[356.04, 122]","[355.64, 101]","[361.91, 92]","[364.55, 110]",358.98,425,5.87,0.05
07:40:26,"[356.0, 169]","[355.0, 52]","[362.31, 39]","[364.05, 105]",359.15,365,6.31,0.21
07:40:27,"[356.0, 145]","[355.0, 48]","[360.25, 36]","[365.0, 60]",358.12,289,4.25,0.34
07:40:28,"[356.0, 134]","[355.0, 44]","[358.0, 33]","[365.0, 55]",357.0,266,2.0,0.34
07:40:29,"[356.0, 143]","[355.0, 44]","[357.73, 33]","[365.0, 55]",356.86,275,1.73,0.36
07:40:30,"[356.0, 40]","[355.0, 20]","[357.0, 15]","[364.2, 25]",356.5,100,1.0,0.2
07:40:31,"[356.0, 68]","[355.0, 52]","[359.0, 45]","[364.07, 59]",357.5,224,3.0,0.07
07:40:32,"[356.0, 14]","[355.0, 28]","[363.0, 35]","[370.0, 21]",359.5,98,7.0,-0.14
07:40:33,"[356.0, 10]","[355.0, 20]","[363.0, 25]","[370.0, 15]",359.5,70,7.0,-0.14
07:40:34,"[356.0, 69]","[355.0, 40]","[363.0, 50]","[370.0, 30]",359.5,189,7.0,0.15
07:40:35,"[356.0, 88]","[355.0, 40]","[363.0, 50]","[370.0, 30]",359.5,208,7.0,0.23
07:40:36,"[356.0, 92]","[355.0, 56]","[364.66, 58]","[370.4, 30]",360.33,236,8.66,0.25
07:40:37,"[356.0, 33]","[355.0, 44]","[361.0, 55]","[370.0, 33]",358.5,165,5.0,-0.07
07:40:38,"[356.0, 39]","[355.0, 52]","[361.0, 65]","[368.46, 39]",358.5,195,5.0,-0.07
07:40:39,"[356.0, 45]","[355.0, 60]","[361.0, 75]","[368.0, 45]",358.5,225,5.0,-0.07
07:40:40,"[356.0, 45]","[355.0, 60]","[360.26, 19]","[361.36, 73]",358.13,197,4.26,0.07
07:40:41,"[356.0, 48]","[355.0, 64]","[358.67, 27]","[360.97, 33]",357.33,172,2.67,0.3
07:40:42,"[356.0, 14]","[355.0, 40]","[357.07, 30]","[360.22, 18]",356.53,102,1.07,0.06
07:40:43,"[354.0, 47]","[353.0, 15]","[356.32, 56]","[365.14, 58]",355.16,176,2.32,-0.3
07:40:44,"[354.0, 7]","[353.0, 7]","[367.62, 32]","[368.42, 19]",360.81,65,13.62,-0.57
07:40:45,"[354.0, 9]","[353.0, 9]","[365.11, 36]","[368.0, 54]",359.56,108,11.11,-0.67
07:40:46,"[349.22, 49]","[351.62, 13]","[363.98, 49]","[367.77, 71]",356.6,182,14.76,-0.32
07:40:47,"[348.57, 90]","[347.99, 224]","[361.52, 21]","[363.96, 77]",355.05,412,12.96,0.52
07:40:48,"[355.25, 56]","[349.06, 68]","[358.67, 36]","[359.0, 32]",356.96,192,3.42,0.29
07:40:49,"[354.85, 52]","[352.53, 49]","[356.55, 22]","[361.82, 76]",355.7,199,1.7,0.02
07:40:50,"[354.0, 45]","[352.0, 60]","[355.0, 30]","[356.0, 15]",354.5,150,1.0,0.4
07:40:51,"[352.97, 31]","[351.38, 32]","[362.06, 34]","[367.57, 51]",357.51,148,9.09,-0.15
07:40:52,"[352.0, 20]","[347.0, 5]","[367.0, 25]","[369.0, 25]",359.5,75,15.0,-0.33
07:40:53,"[353.0, 18]","[352.0, 36]","[367.0, 45]","[369.0, 45]",360.0,144,14.0,-0.25
07:40:54,"[352.28, 29]","[350.48, 23]","[367.0, 55]","[369.0, 55]",359.64,162,14.72,-0.36
07:40:55,"[352.0, 22]","[347.0, 8]","[367.0, 40]","[369.0, 40]",359.5,110,15.0,-0.45
07:40:56,"[345.0, 120]","[342.0, 60]","[366.43, 35]","[367.94, 49]",355.71,264,21.43,0.36
07:40:57,"[345.0, 108]","[342.0, 54]","[363.89, 18]","[366.0, 36]",354.44,216,18.89,0.5
07:40:58,"[346.47, 90]","[344.75, 144]","[363.0, 74]","[366.95, 76]",354.73,384,16.53,0.22
07:40:59,"[348.07, 82]","[345.97, 70]","[362.5, 36]","[364.48, 54]",355.29,242,14.43,0.26
07:41:00,"[348.0, 60]","[347.0, 90]","[360.27, 30]","[362.95, 66]",354.13,246,12.27,0.22
07:41:01,"[348.0, 48]","[347.0, 72]","[358.0, 24]","[361.5, 60]",353.0,204,10.0,0.18
07:41:02,"[354.0, 80]","[348.56, 91]","[355.88, 32]","[362.81, 80]",354.94,283,1.88,0.21
07:41:03,"[354.09, 46]","[353.03, 109]","[361.11, 37]","[364.07, 61]",357.6,253,7.02,0.23
07:41:04,"[355.0, 52]","[354.0, 39]","[364.0, 26]","[365.0, 67]",359.5,184,9.0,-0.01
07:41:05,"[355.0, 54]","[354.0, 33]","[364.0, 22]","[367.0, 55]",359.5,164,9.0,0.06
07:41:06,"[355.0, 117]","[354.0, 39]","[364.0, 26]","[367.0, 65]",359.5,247,9.0,0.26
07:41:07,"[355.0, 48]","[354.0, 21]","[364.0, 14]","[367.0, 35]",359.5,118,9.0,0.17
07:41:08,"[355.0, 35]","[354.0, 30]","[364.0, 20]","[367.0, 50]",359.5,135,9.0,-0.04
07:41:09,"[355.0, 33]","[354.0, 33]","[364.0, 22]","[367.0, 56]",359.5,144,9.0,-0.08
07:41:10,"[355.0, 36]","[353.13, 70]","[364.0, 24]","[366.22, 23]",359.5,153,9.0,0.39
07:41:11,"[355.0, 15]","[353.0, 35]","[364.0, 10]","[365.0, 15]",359.5,75,9.0,0.33
07:41:12,"[355.0, 27]","[353.0, 63]","[364.0, 18]","[365.0, 27]",359.5,135,9.0,0.33
07:41:13,"[355.0, 42]","[353.0, 98]","[364.45, 33]","[366.92, 52]",359.73,225,9.45,0.24
07:41:14,"[355.0, 36]","[353.0, 84]","[364.0, 24]","[365.0, 36]",359.5,180,9.0,0.33
07:41:15,"[355.0, 36]","[353.0, 84]","[361.63, 41]","[362.43, 49]",358.32,210,6.63,0.14
07:41:16,"[353.68, 53]","[352.47, 57]","[360.0, 33]","[362.0, 55]",356.84,198,6.32,0.11
07:41:17,"[353.79, 68]","[352.83, 69]","[358.07, 45]","[359.81, 43]",355.93,225,4.27,0.22
07:41:18,"[354.0, 72]","[353.0, 84]","[355.62, 48]","[357.25, 48]",354.81,252,1.62,0.24
07:41:19,"[354.04, 23]","[353.0, 56]","[355.5, 30]","[363.58, 38]",354.77,147,1.46,0.07
07:41:20,"[353.92, 26]","[352.87, 90]","[358.72, 47]","[364.2, 66]",356.32,229,4.8,0.01
07:41:21,"[353.0, 84]","[351.0, 39]","[367.0, 52]","[368.0, 91]",360.0,266,14.0,-0.08
07:41:22,"[353.0, 64]","[347.92, 78]","[364.96, 46]","[366.63, 70]",358.98,258,11.96,0.1
07:41:23,"[353.0, 44]","[349.14, 21]","[361.93, 43]","[362.41, 34]",357.47,142,8.93,-0.08
07:41:24,"[353.0, 48]","[352.0, 12]","[359.44, 36]","[361.0, 46]",356.22,142,6.44,-0.15
07:41:25,"[353.0, 60]","[352.0, 15]","[359.5, 40]","[361.6, 50]",356.25,165,6.5,-0.09
07:41:26,"[353.0, 43]","[352.0, 13]","[357.66, 53]","[359.07, 28]",355.33,137,4.66,-0.18
07:41:27,"[352.54, 13]","[347.35, 37]","[354.0, 44]","[364.21, 73]",353.27,167,1.46,-0.4
07:41:28,"[350.73, 11]","[342.5, 16]","[352.91, 44]","[354.71, 42]",351.82,113,2.18,-0.52
07:41:29,"[345.0, 15]","[341.0, 30]","[350.19, 48]","[351.68, 57]",347.59,150,5.19,-0.4
07:41:30,"[349.31, 72]","[344.31, 29]","[353.31, 65]","[362.46, 84]",351.31,250,4.0,-0.19
07:41:31,"[355.0, 45]","[352.33, 18]","[362.0, 27]","[364.0, 45]",358.5,135,7.0,-0.07
07:41:32,"[355.0, 65]","[353.0, 26]","[362.0, 39]","[364.0, 65]",358.5,195,7.0,-0.07
07:41:33,"[354.3, 37]","[350.0, 36]","[362.0, 33]","[364.26, 27]",358.15,133,7.7,0.1
07:41:34,"[354.0, 21]","[353.0, 14]","[362.0, 21]","[365.0, 7]",358.0,63,8.0,0.11
07:41:35,"[353.4, 30]","[347.54, 89]","[362.0, 39]","[364.02, 61]",357.7,219,8.6,0.09
07:41:36,"[347.77, 62]","[344.73, 66]","[362.0, 30]","[364.0, 50]",354.89,208,14.23,0.23
07:41:37,"[347.2, 44]","[345.91, 92]","[362.0, 36]","[364.0, 60]",354.6,232,14.8,0.17
07:41:38,"[349.0, 11]","[347.0, 99]","[362.0, 33]","[364.0, 55]",355.5,198,13.0,0.11
07:41:39,"[347.31, 108]","[345.81, 116]","[361.82, 51]","[363.75, 85]",354.56,360,14.52,0.24
07:41:40,"[348.88, 98]","[346.92, 123]","[359.3, 20]","[360.05, 44]",354.09,285,10.42,0.55
07:41:41,"[354.38, 32]","[349.77, 91]","[357.67, 27]","[358.18, 33]",356.02,183,3.29,0.34
07:41:42,"[350.0, 72]","[347.89, 126]","[355.23, 30]","[356.28, 36]",352.62,264,5.23,0.5
07:41:43,"[349.24, 37]","[348.2, 70]","[351.5, 14]","[357.21, 14]",350.37,135,2.26,0.59
07:41:44,"[349.0, 28]","[347.0, 56]","[352.62, 8]","[361.33, 18]",350.81,110,3.62,0.53
07:41:45,"[348.05, 44]","[346.71, 62]","[352.0, 11]","[353.0, 11]",350.02,128,3.95,0.66
07:41:46,"[347.09, 92]","[345.11, 38]","[350.07, 14]","[352.0, 14]",348.58,158,2.98,0.65
07:41:47,"[351.46, 121]","[344.95, 38]","[359.03, 67]","[359.0, 45]",355.25,271,7.57,0.17
07:41:48,"[356.0, 65]","[347.0, 18]","[364.0, 45]","[365.0, 27]",360.0,155,8.0,0.07
07:41:49,"[356.0, 75]","[347.0, 30]","[364.0, 75]","[365.0, 45]",360.0,225,8.0,-0.07
07:41:50,"[356.0, 115]","[351.22, 74]","[362.7, 92]","[364.38, 71]",359.35,352,6.7,0.07
07:41:51,"[356.0, 40]","[355.0, 64]","[362.0, 32]","[364.0, 24]",359.0,160,6.0,0.3
07:41:52,"[356.0, 28]","[355.0, 56]","[360.43, 28]","[363.57, 21]",358.21,133,4.43,0.26
07:41:53,"[356.0, 28]","[355.0, 56]","[359.29, 28]","[360.5, 24]",357.64,136,3.29,0.24
07:41:54,"[356.0, 60]","[355.0, 120]","[358.0, 60]","[360.0, 60]",357.0,300,2.0,0.2
07:41:55,"[356.0, 82]","[355.0, 112]","[357.73, 60]","[359.43, 56]",356.87,310,1.73,0.25
07:41:56,"[356.0, 22]","[355.0, 88]","[359.09, 44]","[362.37, 38]",357.55,192,3.09,0.15
07:41:57,"[356.0, 14]","[355.0, 56]","[360.0, 28]","[365.0, 21]",358.0,119,4.0,0.18
07:41:58,"[356.0, 26]","[355.0, 104]","[359.92, 52]","[365.0, 39]",357.96,221,3.92,0.18
07:41:59,"[356.0, 22]","[355.0, 88]","[357.73, 44]","[365.0, 33]",356.86,187,1.73,0.18
07:42:00,"[355.05, 76]","[353.62, 52]","[363.17, 35]","[369.5, 24]",359.11,187,8.12,0.37
07:42:01,"[355.0, 107]","[353.0, 52]","[363.57, 28]","[365.76, 37]",359.29,224,8.57,0.42
07:42:02,"[355.0, 72]","[353.0, 32]","[361.0, 16]","[365.0, 24]",358.0,144,6.0,0.44
07:42:03,"[355.0, 114]","[353.0, 56]","[360.43, 28]","[365.0, 42]",357.71,240,5.43,0.42
07:42:04,"[355.19, 129]","[354.02, 106]","[358.77, 44]","[364.92, 53]",356.98,332,3.59,0.42
07:42:05,"[355.11, 114]","[353.72, 75]","[358.0, 30]","[370.32, 44]",356.55,263,2.89,0.44
07:42:06,"[355.0, 108]","[353.0, 48]","[356.62, 34]","[360.1, 20]",355.81,210,1.62,0.49
07:42:07,"[355.1, 115]","[353.58, 73]","[358.33, 30]","[367.9, 30]",356.72,248,3.23,0.52
07:42:08,"[357.12, 34]","[355.14, 113]","[363.0, 19]","[364.0, 19]",360.06,185,5.88,0.59
07:42:09,"[358.0, 9]","[357.0, 18]","[363.0, 9]","[364.0, 9]",360.5,45,5.0,0.2
07:42:10,"[358.0, 13]","[357.0, 26]","[362.54, 13]","[364.0, 13]",360.27,65,4.54,0.2
07:42:11,"[358.0, 19]","[357.0, 38]","[359.95, 37]","[360.81, 31]",358.97,125,1.95,-0.09
07:42:12,"[357.05, 22]","[355.04, 106]","[359.98, 40]","[366.25, 16]",358.51,184,2.93,0.39
07:42:13,"[355.59, 34]","[354.66, 122]","[358.46, 39]","[370.31, 13]",357.02,208,2.87,0.5
07:42:14,"[355.0, 64]","[354.0, 224]","[357.44, 48]","[371.0, 22]",356.22,358,2.44,0.61
07:42:15,"[354.07, 121]","[353.34, 142]","[356.5, 48]","[365.0, 45]",355.29,356,2.43,0.48
07:42:16,"[354.0, 98]","[349.0, 16]","[355.65, 23]","[366.0, 18]",354.83,155,1.65,0.47
07:42:17,"[354.0, 63]","[349.0, 14]","[364.0, 20]","[369.26, 19]",359.0,116,10.0,0.33
07:42:18,"[354.0, 49]","[349.0, 14]","[367.0, 14]","[368.0, 7]",360.5,84,13.0,0.5
07:42:19,"[354.0, 70]","[349.0, 20]","[360.12, 32]","[367.43, 14]",357.06,136,6.12,0.32
07:42:20,"[354.0, 63]","[349.0, 18]","[367.0, 18]","[368.0, 9]",360.5,108,13.0,0.5
07:42:21,"[354.88, 25]","[353.75, 81]","[367.0, 62]","[369.08, 13]",360.94,181,12.12,0.17
07:42:22,"[356.0, 13]","[354.39, 46]","[366.8, 59]","[368.94, 17]",361.4,135,10.8,-0.13
07:42:23,"[356.0, 9]","[355.0, 18]","[364.0, 18]","[367.0, 27]",360.0,72,8.0,-0.25
07:42:24,"[355.76, 41]","[354.36, 55]","[364.0, 24]","[367.83, 36]",359.88,156,8.24,0.23
07:42:25,"[356.0, 72]","[355.0, 40]","[364.0, 16]","[368.0, 24]",360.0,152,8.0,0.47
07:42:26,"[356.0, 81]","[355.0, 45]","[364.0, 18]","[368.0, 27]",360.0,171,8.0,0.47
07:42:27,"[356.0, 90]","[355.0, 55]","[364.0, 22]","[368.0, 33]",360.0,200,8.0,0.45
07:42:28,"[356.0, 56]","[355.0, 35]","[364.0, 14]","[368.0, 21]",360.0,126,8.0,0.44
07:42:29,"[356.0, 88]","[355.0, 55]","[363.41, 34]","[366.9, 29]",359.71,206,7.41,0.39
07:42:30,"[356.0, 88]","[355.0, 55]","[361.55, 55]","[364.36, 22]",358.77,220,5.55,0.3
07:42:31,"[356.0, 96]","[355.0, 60]","[360.0, 60]","[365.25, 24]",358.0,240,4.0,0.3
07:42:32,"[356.0, 104]","[355.0, 65]","[359.15, 65]","[365.85, 26]",357.58,260,3.15,0.3
07:42:33,"[356.0, 86]","[355.0, 65]","[357.82, 61]","[362.81, 32]",356.91,244,1.82,0.24
07:42:34,"[355.56, 45]","[354.47, 53]","[361.79, 38]","[370.6, 40]",358.67,176,6.23,0.11
07:42:35,"[355.95, 93]","[354.88, 57]","[368.86, 28]","[371.92, 49]",362.4,227,12.91,0.32
07:42:36,"[357.0, 105]","[355.0, 75]","[369.31, 91]","[372.45, 62]",363.15,333,12.31,0.08
07:42:37,"[357.33, 84]","[355.0, 60]","[371.32, 66]","[372.39, 46]",364.33,256,13.98,0.12
07:42:38,"[358.0, 77]","[355.0, 55]","[371.0, 55]","[372.0, 44]",364.5,231,13.0,0.14
07:42:39,"[358.0, 79]","[355.43, 70]","[371.0, 80]","[372.0, 32]",364.5,261,13.0,0.14
07:42:40,"[358.0, 48]","[357.0, 36]","[370.96, 52]","[371.67, 30]",364.48,166,12.96,0.01
07:42:41,"[358.0, 76]","[357.0, 93]","[369.53, 19]","[371.0, 95]",363.76,283,11.53,0.19
07:42:42,"[357.44, 64]","[355.84, 100]","[367.0, 22]","[369.35, 34]",362.22,220,9.56,0.49
07:42:43,"[357.0, 114]","[355.0, 209]","[363.84, 38]","[366.0, 19]",360.42,380,6.84,0.7
07:42:44,"[357.0, 90]","[355.0, 165]","[359.36, 25]","[360.8, 20]",358.18,300,2.36,0.7
07:42:45,"[357.0, 45]","[355.0, 154]","[358.13, 15]","[370.44, 63]",357.57,277,1.13,0.44
07:42:46,"[355.07, 57]","[354.69, 32]","[371.72, 39]","[372.19, 21]",363.39,149,16.65,0.19
07:42:47,"[355.02, 59]","[354.15, 26]","[372.9, 100]","[373.36, 28]",363.96,213,17.88,-0.2
07:42:48,"[356.0, 11]","[355.0, 44]","[372.0, 85]","[373.0, 59]",364.0,199,16.0,-0.45
07:42:49,"[356.42, 24]","[355.03, 58]","[371.57, 70]","[372.67, 70]",363.99,222,15.15,-0.26
07:42:50,"[356.84, 37]","[355.31, 35]","[370.28, 47]","[371.11, 63]",363.56,182,13.44,-0.21
07:42:51,"[355.02, 45]","[354.15, 26]","[368.79, 48]","[369.24, 50]",361.91,169,13.77,-0.16
07:42:52,"[354.41, 27]","[352.44, 25]","[366.69, 13]","[368.91, 47]",360.55,112,12.28,-0.07
07:42:53,"[353.0, 7]","[349.0, 41]","[364.22, 9]","[365.33, 12]",358.61,69,11.22,0.39
07:42:54,"[349.44, 36]","[348.7, 40]","[362.43, 14]","[364.5, 16]",355.94,106,12.98,0.43
07:42:55,"[349.74, 19]","[348.97, 72]","[361.13, 30]","[363.0, 27]",355.44,148,11.4,0.23
07:42:56,"[352.0, 35]","[349.86, 58]","[359.21, 19]","[360.75, 40]",355.61,152,7.21,0.22
07:42:57,"[350.81, 62]","[349.41, 29]","[356.91, 22]","[357.96, 23]",353.86,136,6.1,0.34
07:42:58,"[349.0, 65]","[346.0, 26]","[353.72, 25]","[355.14, 14]",351.36,130,4.72,0.4
07:42:59,"[349.0, 50]","[346.0, 20]","[352.82, 17]","[361.17, 41]",350.91,128,3.82,0.09
07:43:00,"[349.0, 30]","[346.0, 12]","[352.5, 12]","[360.0, 30]",350.75,84,3.5,0.0
07:43:01,"[349.0, 35]","[346.0, 14]","[351.71, 14]","[360.0, 35]",350.36,98,2.71,0.0
07:43:02,"[349.0, 65]","[346.0, 26]","[351.0, 19]","[360.0, 65]",350.0,175,2.0,0.04
07:43:03,"[349.0, 34]","[346.0, 16]","[351.0, 8]","[360.5, 40]",350.0,98,2.0,0.02
07:43:04,"[349.0, 24]","[346.0, 16]","[351.0, 8]","[362.0, 40]",350.0,88,2.0,-0.09
07:43:05,"[349.0, 27]","[346.0, 26]","[360.23, 53]","[363.54, 65]",354.61,171,11.23,-0.38
07:43:06,"[349.0, 6]","[346.0, 12]","[360.0, 30]","[366.0, 30]",354.5,78,11.0,-0.54
07:43:07,"[347.86, 14]","[344.4, 20]","[360.0, 50]","[367.0, 50]",353.93,134,12.14,-0.49
07:43:08,"[357.0, 5]","[346.0, 10]","[360.0, 25]","[367.0, 25]",358.5,65,3.0,-0.54
07:43:09,"[349.17, 12]","[345.0, 12]","[360.0, 40]","[367.0, 40]",354.58,104,10.83,-0.54
07:43:10,"[345.0, 18]","[343.0, 9]","[360.0, 45]","[367.0, 45]",352.5,117,15.0,-0.54
07:43:11,"[345.0, 14]","[343.25, 8]","[360.0, 35]","[367.0, 35]",352.5,92,15.0,-0.52
07:43:12,"[345.0, 10]","[343.0, 5]","[360.0, 25]","[367.0, 25]",352.5,65,15.0,-0.54
07:43:13,"[349.81, 32]","[343.36, 11]","[360.0, 50]","[364.08, 36]",354.91,129,10.19,-0.33
07:43:14,"[356.0, 156]","[345.0, 26]","[361.07, 59]","[366.62, 53]",358.53,294,5.07,0.24
07:43:15,"[356.0, 112]","[345.0, 14]","[360.0, 42]","[368.85, 80]",358.0,248,4.0,0.02
07:43:16,"[356.0, 104]","[345.0, 13]","[358.69, 29]","[361.0, 39]",357.34,185,2.69,0.26
07:43:17,"[356.0, 75]","[345.0, 10]","[358.35, 20]","[362.5, 30]",357.18,135,2.35,0.26
07:43:18,"[357.0, 196]","[356.0, 112]","[360.5, 48]","[368.66, 61]",358.75,417,3.5,0.48
07:43:19,"[357.47, 19]","[356.93, 97]","[367.38, 40]","[369.32, 44]",362.42,200,9.9,0.16
07:43:20,"[358.0, 14]","[357.0, 140]","[365.86, 70]","[369.0, 87]",361.93,311,7.86,-0.01
07:43:21,"[358.0, 8]","[357.0, 80]","[363.79, 28]","[366.0, 30]",360.89,146,5.79,0.21
07:43:22,"[357.52, 21]","[356.94, 117]","[361.0, 20]","[362.72, 50]",359.26,208,3.48,0.33
07:43:23,"[357.0, 134]","[356.0, 98]","[365.58, 31]","[369.05, 40]",361.29,303,8.58,0.53
07:43:24,"[356.62, 91]","[355.58, 96]","[366.76, 34]","[367.93, 45]",361.69,266,10.15,0.41
07:43:25,"[356.0, 171]","[355.0, 126]","[364.53, 60]","[365.75, 48]",360.27,405,8.53,0.47
07:43:26,"[356.0, 168]","[355.0, 46]","[359.3, 60]","[361.33, 42]",357.65,316,3.3,0.35
07:43:27,"[356.0, 90]","[355.0, 50]","[357.57, 28]","[358.5, 32]",356.79,200,1.57,0.4
07:43:28,"[356.0, 40]","[355.0, 50]","[357.67, 30]","[366.27, 55]",356.83,175,1.67,0.03
07:43:29,"[356.0, 30]","[355.0, 50]","[358.0, 40]","[371.0, 70]",357.0,190,2.0,-0.16
07:43:30,"[356.0, 53]","[355.0, 109]","[358.0, 36]","[371.0, 38]",357.0,236,2.0,0.37
07:43:31,"[356.0, 64]","[355.0, 52]","[358.0, 16]","[370.5, 8]",357.0,140,2.0,0.66
07:43:32,"[356.0, 172]","[355.0, 169]","[361.89, 38]","[370.54, 26]",358.95,405,5.89,0.68
07:43:33,"[356.0, 44]","[355.0, 52]","[370.0, 8]","[371.0, 8]",363.0,112,14.0,0.71
07:43:34,"[356.0, 99]","[355.0, 117]","[370.0, 28]","[372.87, 15]",363.0,259,14.0,0.67
07:43:35,"[356.0, 143]","[355.0, 169]","[369.32, 74]","[417.85, 41]",362.66,427,13.32,0.46
07:43:36,"[356.0, 97]","[355.0, 117]","[369.0, 72]","[371.0, 36]",362.5,322,13.0,0.33
07:43:37,"[356.02, 94]","[355.06, 143]","[367.4, 30]","[368.25, 48]",361.71,315,11.38,0.5
07:43:38,"[356.03, 79]","[355.06, 129]","[367.0, 24]","[368.0, 48]",361.51,280,10.97,0.49
07:43:39,"[356.0, 56]","[355.0, 88]","[367.0, 16]","[368.0, 32]",361.5,192,11.0,0.5
07:43:40,"[356.0, 105]","[355.0, 165]","[365.91, 44]","[367.7, 46]",360.95,360,9.91,0.5
07:43:41,"[356.0, 55]","[355.0, 143]","[363.85, 52]","[364.81, 42]",359.92,292,7.85,0.36
07:43:42,"[356.0, 39]","[355.0, 143]","[360.69, 52]","[362.08, 52]",358.35,286,4.69,0.27
07:43:43,"[355.39, 76]","[354.88, 125]","[357.51, 63]","[362.4, 50]",356.45,314,2.11,0.28
07:43:44,"[355.0, 85]","[354.0, 33]","[356.6, 20]","[362.13, 30]",355.8,168,1.6,0.4
07:43:45,"[355.64, 66]","[354.57, 42]","[367.06, 36]","[370.23, 44]",361.35,188,11.42,0.15
07:43:46,"[356.0, 105]","[355.0, 60]","[364.87, 30]","[367.0, 30]",360.43,225,8.87,0.47
07:43:47,"[356.0, 90]","[355.0, 56]","[362.07, 28]","[368.5, 40]",359.04,214,6.07,0.36
07:43:48,"[356.0, 36]","[355.0, 48]","[360.0, 24]","[370.0, 60]",358.0,168,4.0,0.0
07:43:49,"[356.0, 33]","[355.0, 44]","[360.0, 22]","[372.0, 11]",358.0,110,4.0,0.4
07:43:50,"[355.87, 38]","[354.88, 50]","[358.54, 35]","[360.97, 36]",357.21,159,2.67,0.11
07:43:51,"[354.14, 35]","[353.2, 75]","[356.0, 27]","[361.47, 19]",355.07,156,1.86,0.41
07:43:52,"[354.0, 15]","[353.0, 54]","[356.0, 9]","[370.0, 18]",355.0,96,2.0,0.44
07:43:53,"[354.0, 12]","[353.0, 72]","[356.0, 12]","[366.86, 28]",355.0,124,2.0,0.35
07:43:54,"[353.06, 69]","[351.32, 62]","[369.12, 32]","[372.48, 23]",361.09,186,16.07,0.41
07:43:55,"[354.0, 30]","[353.0, 75]","[370.86, 42]","[373.91, 33]",362.43,180,16.86,0.17
07:43:56,"[354.0, 22]","[353.0, 55]","[370.0, 29]","[371.0, 26]",362.0,132,16.0,0.17
07:43:57,"[353.74, 19]","[351.38, 37]","[370.0, 24]","[371.0, 16]",361.87,96,16.26,0.17
07:43:58,"[353.1, 115]","[350.87, 45]","[370.0, 30]","[371.0, 20]",361.55,210,16.9,0.52
07:43:59,"[353.0, 85]","[350.0, 15]","[370.0, 15]","[371.0, 10]",361.5,125,17.0,0.6
07:44:00,"[353.0, 136]","[350.0, 24]","[361.87, 31]","[369.64, 11]",357.44,202,8.87,0.58
07:44:01,"[353.0, 183]","[350.31, 39]","[360.64, 44]","[363.43, 23]",356.82,289,7.64,0.54
07:44:02,"[353.0, 169]","[351.0, 78]","[359.0, 52]","[361.59, 44]",356.0,343,6.0,0.44
07:44:03,"[353.0, 156]","[351.0, 72]","[357.67, 48]","[367.04, 23]",355.33,299,4.67,0.53
07:44:04,"[353.0, 195]","[351.0, 90]","[356.07, 60]","[366.11, 19]",354.53,364,3.07,0.57
07:44:05,"[353.0, 131]","[351.0, 84]","[361.63, 19]","[438.89, 18]",357.32,252,8.63,0.71
07:44:06,"[353.0, 70]","[350.18, 33]","[369.13, 15]","[412.75, 16]",361.07,134,16.13,0.54
07:44:07,"[353.0, 70]","[350.0, 30]","[368.0, 20]","[370.65, 17]",360.5,137,15.0,0.46
07:44:08,"[353.0, 7]","[350.0, 3]","[368.0, 2]","[369.0, 1]",360.5,13,15.0,0.54
07:44:09,"[353.85, 85]","[351.89, 57]","[368.0, 26]","[369.0, 13]",360.92,181,14.15,0.57
07:44:10,"[355.0, 72]","[354.0, 153]","[363.1, 31]","[368.0, 14]",359.05,270,8.1,0.67
07:44:11,"[355.0, 104]","[354.0, 221]","[367.0, 13]","[368.31, 26]",361.0,364,12.0,0.79
07:44:12,"[355.0, 88]","[354.0, 187]","[367.0, 11]","[370.0, 22]",361.0,308,12.0,0.79
07:44:13,"[355.0, 112]","[354.0, 238]","[365.68, 34]","[369.35, 23]",360.34,407,10.68,0.72
07:44:14,"[355.0, 112]","[354.0, 238]","[362.71, 68]","[363.57, 46]",358.85,464,7.71,0.51
07:44:15,"[355.0, 50]","[354.0, 323]","[359.49, 88]","[360.66, 83]",357.24,544,4.49,0.37
07:44:16,"[354.01, 270]","[353.06, 289]","[356.29, 48]","[357.52, 69]",355.15,676,2.28,0.65
07:44:17,"[354.0, 150]","[353.0, 170]","[356.4, 50]","[366.0, 10]",355.2,380,2.4,0.68
07:44:18,"[354.0, 162]","[353.0, 187]","[358.79, 34]","[369.88, 17]",356.4,400,4.79,0.74
07:44:19,"[354.0, 168]","[353.0, 238]","[368.75, 16]","[371.12, 48]",361.38,470,14.75,0.73
07:44:20,"[354.0, 156]","[353.0, 221]","[366.3, 40]","[369.92, 25]",360.15,442,12.3,0.71
07:44:21,"[354.0, 192]","[353.0, 272]","[364.62, 64]","[367.44, 18]",359.31,546,10.62,0.7
07:44:22,"[354.0, 168]","[353.0, 238]","[362.93, 56]","[368.0, 28]",358.46,490,8.93,0.66
07:44:23,"[354.62, 103]","[353.97, 369]","[359.24, 84]","[360.9, 80]",356.93,636,4.62,0.48
07:44:24,"[354.0, 182]","[353.0, 153]","[358.86, 28]","[369.0, 20]",356.43,383,4.86,0.75
07:44:25,"[354.0, 198]","[353.0, 187]","[367.04, 28]","[369.12, 17]",360.52,430,13.04,0.79
07:44:26,"[354.0, 362]","[353.0, 357]","[365.56, 64]","[367.41, 51]",359.78,834,11.56,0.72
07:44:27,"[354.0, 192]","[353.0, 255]","[361.75, 48]","[363.3, 57]",357.88,552,7.75,0.62
07:44:28,"[354.0, 144]","[353.0, 164]","[360.29, 42]","[361.86, 42]",357.14,392,6.29,0.57
07:44:29,"[354.0, 159]","[353.0, 204]","[358.53, 51]","[360.0, 68]",356.26,482,4.53,0.51
07:44:30,"[354.0, 119]","[353.0, 204]","[355.61, 66]","[357.45, 53]",354.8,442,1.61,0.46
07:44:31,"[353.64, 67]","[352.92, 118]","[356.14, 37]","[364.45, 47]",354.89,269,2.49,0.38
07:44:32,"[353.0, 165]","[352.0, 70]","[356.71, 42]","[367.0, 70]",354.86,347,3.71,0.35
07:44:33,"[353.0, 81]","[352.0, 45]","[356.0, 27]","[367.0, 45]",354.5,198,3.0,0.27
07:44:34,"[353.0, 63]","[352.0, 35]","[355.86, 21]","[367.0, 35]",354.43,154,2.86,0.27
07:44:35,"[353.0, 126]","[352.0, 70]","[360.1, 50]","[367.55, 58]",356.55,304,7.1,0.29
07:44:36,"[353.0, 135]","[352.0, 75]","[364.02, 57]","[368.52, 31]",358.51,298,11.02,0.41
07:44:37,"[353.0, 90]","[352.0, 50]","[363.17, 48]","[366.0, 49]",358.08,237,10.17,0.18
07:44:38,"[353.1, 144]","[352.42, 120]","[359.38, 92]","[361.33, 83]",356.24,439,6.28,0.2
07:44:39,"[354.0, 53]","[353.0, 54]","[358.0, 45]","[360.0, 36]",356.0,188,4.0,0.14
07:44:40,"[354.0, 177]","[353.0, 16]","[355.44, 64]","[361.77, 60]",354.72,317,1.44,0.22
07:44:41,"[354.0, 59]","[353.0, 5]","[359.5, 8]","[366.86, 21]",356.75,93,5.5,0.38
07:44:42,"[354.0, 132]","[353.0, 12]","[361.4, 52]","[365.79, 28]",357.7,224,7.4,0.29
07:44:43,"[354.0, 112]","[353.0, 12]","[360.75, 60]","[366.0, 60]",357.38,244,6.75,0.02
07:44:44,"[354.0, 135]","[352.11, 71]","[359.4, 75]","[366.27, 88]",356.7,369,5.4,0.12
07:44:45,"[354.0, 90]","[352.13, 91]","[359.0, 50]","[367.0, 60]",356.5,291,5.0,0.24
07:44:46,"[354.0, 144]","[353.0, 144]","[358.17, 60]","[362.54, 65]",356.08,413,4.17,0.39
07:44:47,"[354.0, 150]","[353.0, 120]","[355.1, 50]","[361.17, 18]",354.55,338,1.1,0.6
07:44:48,"[354.01, 247]","[353.13, 165]","[359.29, 41]","[367.26, 23]",356.65,476,5.28,0.73
07:44:49,"[354.11, 162]","[353.49, 188]","[365.43, 28]","[368.17, 58]",359.77,436,11.32,0.61
07:44:50,"[355.0, 27]","[354.0, 18]","[365.0, 18]","[366.11, 18]",360.0,81,10.0,0.11
07:44:51,"[355.0, 36]","[354.0, 24]","[364.17, 24]","[367.0, 32]",359.58,116,9.17,0.03
07:44:52,"[355.0, 39]","[354.0, 26]","[363.0, 26]","[369.99, 76]",359.0,167,8.0,-0.22
07:44:53,"[355.62, 39]","[353.46, 52]","[362.92, 26]","[370.0, 130]",359.27,247,7.31,-0.26
07:44:54,"[356.0, 48]","[353.13, 134]","[360.12, 32]","[369.93, 136]",358.06,350,4.12,0.04
07:44:55,"[356.0, 18]","[354.0, 12]","[357.5, 12]","[369.0, 30]",356.75,72,1.5,-0.17
07:44:56,"[356.0, 12]","[354.0, 16]","[368.18, 34]","[371.95, 38]",362.09,100,12.18,-0.44
07:44:57,"[356.0, 9]","[354.0, 18]","[365.0, 36]","[368.67, 45]",360.5,108,9.0,-0.5
07:44:58,"[356.0, 6]","[354.0, 12]","[365.0, 24]","[368.0, 30]",360.5,72,9.0,-0.5
07:44:59,"[353.09, 69]","[352.11, 76]","[366.7, 53]","[369.15, 52]",359.89,250,13.61,0.16
07:45:00,"[353.0, 49]","[352.0, 56]","[366.0, 35]","[368.0, 35]",359.5,175,13.0,0.2
07:45:01,"[353.0, 63]","[351.33, 24]","[365.33, 45]","[367.56, 45]",359.17,177,12.33,-0.02
07:45:02,"[353.0, 18]","[351.5, 24]","[365.0, 45]","[369.36, 61]",359.0,148,12.0,-0.43
07:45:03,"[352.65, 34]","[351.88, 50]","[361.57, 65]","[364.99, 71]",357.11,220,8.92,-0.24
07:45:04,"[352.0, 36]","[351.0, 18]","[359.91, 44]","[361.73, 37]",355.95,135,7.91,-0.2
07:45:05,"[352.0, 48]","[351.0, 24]","[358.53, 53]","[359.64, 55]",355.26,180,6.53,-0.2
07:45:06,"[348.38, 45]","[344.33, 96]","[356.83, 58]","[358.11, 72]",352.6,271,8.45,0.04
07:45:07,"[348.24, 89]","[346.62, 64]","[355.23, 52]","[358.0, 70]",351.73,275,6.99,0.11
07:45:08,"[349.57, 46]","[346.14, 63]","[357.69, 78]","[365.78, 74]",353.63,261,8.13,-0.16
07:45:09,"[351.62, 48]","[349.67, 49]","[356.47, 64]","[364.33, 70]",354.05,231,4.84,-0.16
07:45:10,"[352.62, 71]","[349.69, 52]","[354.55, 75]","[359.49, 72]",353.58,270,1.93,-0.09
07:45:11,"[352.23, 47]","[348.27, 37]","[355.82, 55]","[359.75, 40]",354.03,179,3.58,-0.06
07:45:12,"[351.0, 21]","[346.0, 28]","[360.55, 11]","[365.7, 27]",355.77,87,9.55,0.13
07:45:13,"[353.0, 54]","[348.65, 51]","[359.67, 15]","[363.33, 15]",356.33,135,6.67,0.56
07:45:14,"[354.42, 48]","[352.46, 41]","[358.17, 24]","[360.22, 18]",356.29,131,3.75,0.36
07:45:15,"[355.0, 44]","[354.0, 44]","[357.0, 11]","[358.0, 44]",356.0,143,2.0,0.23
07:45:16,"[354.64, 56]","[353.12, 51]","[356.76, 17]","[359.1, 40]",355.7,164,2.12,0.3
07:45:17,"[354.0, 36]","[351.0, 27]","[357.0, 9]","[365.0, 27]",355.5,99,3.0,0.27
07:45:18,"[354.0, 44]","[351.47, 17]","[356.55, 11]","[365.0, 33]",355.27,105,2.55,0.16
07:45:19,"[354.0, 38]","[352.0, 10]","[359.43, 14]","[366.25, 32]",356.71,94,5.43,0.02
07:45:20,"[350.69, 29]","[347.11, 19]","[365.0, 33]","[370.0, 44]",357.84,125,14.31,-0.23
07:45:21,"[346.0, 39]","[339.75, 48]","[361.23, 39]","[367.61, 49]",353.62,175,15.23,-0.01
07:45:22,"[346.0, 54]","[342.93, 129]","[362.75, 60]","[366.17, 53]",354.38,296,16.75,0.24
07:45:23,"[346.0, 45]","[343.02, 129]","[360.62, 65]","[361.89, 55]",353.31,294,14.62,0.18
07:45:24,"[346.0, 48]","[343.0, 144]","[352.08, 65]","[358.75, 64]",349.04,321,6.08,0.2
07:45:25,"[343.45, 53]","[341.57, 84]","[347.0, 46]","[360.73, 33]",345.23,216,3.55,0.27
07:45:26,"[343.0, 126]","[339.0, 84]","[346.57, 56]","[361.07, 42]",344.79,308,3.57,0.36
07:45:27,"[342.8, 123]","[339.38, 96]","[354.63, 62]","[361.38, 37]",348.72,318,11.82,0.38
07:45:28,"[339.0, 126]","[337.0, 84]","[359.19, 68]","[360.04, 28]",349.1,306,20.19,0.37
07:45:29,"[339.0, 90]","[335.93, 56]","[352.86, 14]","[358.25, 32]",345.93,192,13.86,0.52
07:45:30,"[339.92, 117]","[338.18, 102]","[358.0, 36]","[359.0, 48]",348.96,303,18.08,0.45
07:45:31,"[341.0, 40]","[340.0, 120]","[351.68, 38]","[358.67, 36]",346.34,234,10.68,0.37
07:45:32,"[341.0, 34]","[339.27, 180]","[344.93, 27]","[347.57, 69]",342.96,310,3.93,0.38
07:45:33,"[341.93, 29]","[339.41, 88]","[345.81, 58]","[355.43, 70]",343.87,245,3.88,-0.04
07:45:34,"[344.14, 42]","[343.27, 33]","[346.0, 75]","[358.0, 75]",345.07,225,1.86,-0.33
07:45:35,"[345.0, 24]","[336.55, 29]","[346.0, 33]","[358.0, 60]",345.5,146,1.0,-0.27
07:45:36,"[340.67, 9]","[331.05, 57]","[346.0, 12]","[358.0, 30]",343.33,108,5.33,0.22
07:45:37,"[336.85, 26]","[331.98, 154]","[345.68, 25]","[356.0, 60]",341.26,265,8.83,0.36
07:45:38,"[332.0, 120]","[329.0, 10]","[343.1, 10]","[346.0, 20]",337.55,160,11.1,0.62
07:45:39,"[332.02, 160]","[330.44, 25]","[339.58, 19]","[344.91, 23]",335.8,227,7.55,0.63
07:45:40,"[334.06, 64]","[332.0, 192]","[349.57, 44]","[365.3, 37]",341.82,337,15.51,0.52
07:45:41,"[353.0, 70]","[331.62, 133]","[354.0, 32]","[367.0, 32]",353.5,267,1.0,0.52
07:45:42,"[353.0, 39]","[330.0, 156]","[354.0, 13]","[385.56, 32]",353.5,240,1.0,0.62
07:45:43,"[353.0, 44]","[345.4, 120]","[354.0, 15]","[398.27, 45]",353.5,224,1.0,0.46
07:45:44,"[352.65, 20]","[347.67, 61]","[354.0, 8]","[378.12, 24]",353.32,113,1.35,0.43
07:45:45,"[352.0, 66]","[329.77, 179]","[353.0, 72]","[354.89, 18]",352.5,335,1.0,0.46
07:45:46,"[333.85, 79]","[330.16, 129]","[353.3, 40]","[381.62, 21]",343.57,269,19.45,0.55
07:45:47,"[335.47, 99]","[333.84, 140]","[352.79, 42]","[353.87, 38]",344.13,319,17.31,0.5
07:45:48,"[337.56, 80]","[336.0, 192]","[345.0, 19]","[349.92, 37]",341.28,328,7.44,0.66
07:45:49,"[340.26, 46]","[337.1, 93]","[348.0, 16]","[391.95, 21]",344.13,176,7.74,0.58
07:45:50,"[342.27, 45]","[339.47, 38]","[352.57, 14]","[378.67, 12]",347.42,109,10.3,0.52
07:45:51,"[344.05, 66]","[342.97, 68]","[350.0, 32]","[356.75, 16]",347.02,182,5.95,0.47
07:45:52,"[347.78, 82]","[345.09, 68]","[352.11, 38]","[461.8, 25]",349.94,213,4.32,0.41
07:45:53,"[349.18, 40]","[349.5, 32]","[354.43, 28]","[355.29, 28]",351.8,128,5.25,0.12
07:45:54,"[352.0, 74]","[351.0, 70]","[355.06, 34]","[374.59, 34]",353.53,212,3.06,0.36
07:45:55,"[352.0, 84]","[351.0, 60]","[356.0, 36]","[497.33, 24]",354.0,204,4.0,0.41
07:45:56,"[352.0, 63]","[351.0, 45]","[356.0, 34]","[421.0, 18]",354.0,160,4.0,0.35
07:45:57,"[352.0, 49]","[351.0, 35]","[356.0, 28]","[489.0, 14]",354.0,126,4.0,0.33
07:45:58,"[352.0, 49]","[351.0, 35]","[356.0, 28]","[489.0, 14]",354.0,126,4.0,0.33
07:45:59,"[352.0, 67]","[351.0, 59]","[356.0, 40]","[489.0, 20]",354.0,186,4.0,0.35
07:46:00,"[352.0, 28]","[351.0, 42]","[356.0, 28]","[423.29, 14]",354.0,112,4.0,0.25
07:46:01,"[352.0, 52]","[351.0, 78]","[355.19, 85]","[404.0, 17]",353.59,232,3.19,0.12
07:46:02,"[352.0, 56]","[351.0, 90]","[353.2, 75]","[355.0, 45]",352.6,266,1.2,0.1
07:46:03,"[351.04, 81]","[334.38, 266]","[353.94, 36]","[355.25, 32]",352.49,415,2.91,0.67
07:46:04,"[351.08, 52]","[340.37, 119]","[353.73, 22]","[360.67, 18]",352.4,211,2.65,0.62
07:46:05,"[351.0, 84]","[344.0, 98]","[359.36, 14]","[360.43, 14]",355.18,210,8.36,0.73
07:46:06,"[351.0, 84]","[344.23, 80]","[356.29, 14]","[357.64, 14]",353.64,192,5.29,0.71
07:46:07,"[351.0, 48]","[350.0, 13]","[353.62, 13]","[355.0, 13]",352.31,87,2.62,0.4
07:46:08,"[350.71, 17]","[344.62, 39]","[355.0, 9]","[365.0, 27]",352.85,92,4.29,0.22
07:46:09,"[351.0, 33]","[350.0, 51]","[354.36, 11]","[364.64, 33]",352.68,128,3.36,0.31
07:46:10,"[351.57, 35]","[350.0, 78]","[360.57, 23]","[384.36, 33]",356.07,169,8.99,0.34
07:46:11,"[352.0, 20]","[350.0, 60]","[365.0, 36]","[540.62, 29]",358.5,145,13.0,0.1
07:46:12,"[351.86, 37]","[349.96, 94]","[363.0, 68]","[366.0, 51]",357.43,250,11.14,0.05
07:46:13,"[350.0, 60]","[349.0, 20]","[363.0, 40]","[367.8, 30]",356.5,150,13.0,0.07
07:46:14,"[352.0, 11]","[350.0, 66]","[363.0, 44]","[369.0, 33]",357.5,154,11.0,0.0
07:46:15,"[352.0, 12]","[350.5, 36]","[363.0, 48]","[369.0, 36]",357.5,132,11.0,-0.27
07:46:16,"[352.0, 9]","[351.0, 18]","[363.0, 36]","[369.0, 27]",357.5,90,11.0,-0.4
07:46:17,"[350.1, 58]","[349.43, 28]","[361.79, 48]","[364.56, 41]",355.95,175,11.69,-0.02
07:46:18,"[350.0, 25]","[349.0, 10]","[358.0, 10]","[361.0, 20]",354.0,65,8.0,0.08
07:46:19,"[350.0, 60]","[349.0, 24]","[356.43, 51]","[358.15, 39]",353.22,174,6.43,-0.03
07:46:20,"[347.04, 46]","[344.15, 65]","[354.91, 66]","[355.8, 75]",350.98,252,7.87,-0.12
07:46:21,"[344.0, 32]","[342.0, 8]","[352.58, 19]","[354.84, 37]",348.29,96,8.58,-0.17
07:46:22,"[343.87, 60]","[339.68, 62]","[349.71, 63]","[350.44, 81]",346.79,266,5.85,-0.08
07:46:23,"[344.14, 84]","[340.82, 80]","[346.3, 70]","[348.81, 70]",345.22,304,2.16,0.08
07:46:24,"[343.93, 41]","[339.25, 48]","[346.7, 69]","[358.0, 47]",345.31,205,2.77,-0.13
07:46:25,"[343.0, 13]","[338.0, 156]","[357.23, 39]","[359.57, 51]",350.12,259,14.23,0.31
07:46:26,"[343.0, 12]","[338.0, 144]","[347.0, 28]","[353.0, 36]",345.0,220,4.0,0.42
07:46:27,"[343.0, 17]","[338.0, 204]","[344.59, 34]","[354.0, 59]",343.79,314,1.59,0.41
07:46:28,"[338.0, 204]","[333.87, 45]","[352.51, 39]","[355.49, 45]",345.26,333,14.51,0.5
07:46:29,"[341.28, 242]","[338.26, 204]","[353.26, 35]","[355.06, 51]",347.27,532,11.98,0.68
07:46:30,"[341.0, 135]","[336.0, 9]","[355.0, 27]","[357.0, 54]",348.0,225,14.0,0.28
07:46:31,"[341.0, 135]","[336.0, 9]","[351.48, 25]","[357.0, 49]",346.24,218,10.48,0.32
07:46:32,"[341.0, 75]","[336.0, 5]","[354.33, 9]","[357.05, 21]",347.67,110,13.33,0.45
07:46:33,"[341.0, 90]","[336.0, 17]","[357.32, 37]","[402.44, 9]",349.16,153,16.32,0.4
07:46:34,"[341.0, 68]","[336.0, 49]","[354.8, 50]","[407.38, 32]",347.9,199,13.8,0.18
07:46:35,"[341.0, 63]","[336.0, 9]","[349.68, 37]","[353.33, 45]",345.34,154,8.68,-0.06
07:46:36,"[344.26, 53]","[341.24, 59]","[347.76, 51]","[351.06, 85]",346.01,248,3.5,-0.1
07:46:37,"[345.81, 31]","[338.75, 28]","[349.08, 36]","[352.39, 38]",347.44,133,3.28,-0.11
07:46:38,"[344.0, 5]","[337.0, 35]","[352.0, 25]","[357.0, 5]",348.0,70,8.0,0.14
07:46:39,"[344.33, 12]","[337.47, 60]","[351.96, 52]","[355.08, 26]",348.15,150,7.63,-0.04
07:46:40,"[345.75, 12]","[344.0, 12]","[351.0, 12]","[352.0, 60]",348.38,96,5.25,-0.5
07:46:41,"[346.67, 6]","[344.0, 6]","[351.0, 6]","[352.0, 30]",348.83,48,4.33,-0.5
07:46:42,"[340.64, 44]","[335.25, 64]","[351.0, 10]","[352.0, 50]",345.82,168,10.36,0.29
07:46:43,"[340.05, 58]","[335.22, 115]","[350.5, 12]","[352.0, 60]",345.28,245,10.45,0.41
07:46:44,"[341.35, 51]","[340.0, 95]","[349.47, 17]","[352.0, 85]",345.41,248,8.12,0.18
07:46:45,"[342.5, 54]","[340.0, 230]","[345.91, 66]","[347.5, 24]",344.2,374,3.41,0.52
07:46:46,"[344.0, 40]","[340.0, 85]","[345.0, 68]","[351.51, 61]",344.5,254,1.0,-0.02
07:46:47,"[336.66, 83]","[331.14, 145]","[350.36, 39]","[351.42, 36]",343.51,303,13.7,0.5
07:46:48,"[339.82, 195]","[335.81, 124]","[347.67, 54]","[348.34, 58]",343.74,431,7.85,0.48
07:46:49,"[342.0, 115]","[333.92, 65]","[347.38, 26]","[348.89, 36]",344.69,242,5.38,0.49
07:46:50,"[342.89, 44]","[340.37, 76]","[347.58, 24]","[349.17, 24]",345.23,168,4.7,0.43
07:46:51,"[339.24, 84]","[334.62, 95]","[345.0, 28]","[346.6, 25]",342.12,232,5.76,0.54
07:46:52,"[332.79, 87]","[331.89, 81]","[354.94, 51]","[358.62, 39]",343.87,258,22.15,0.3
07:46:53,"[337.0, 53]","[334.79, 112]","[358.0, 17]","[360.0, 119]",347.5,301,21.0,0.1
07:46:54,"[341.47, 66]","[337.86, 97]","[358.0, 14]","[360.0, 98]",349.73,275,16.53,0.19
07:46:55,"[352.0, 20]","[348.68, 41]","[357.27, 11]","[359.97, 64]",354.64,136,5.27,-0.1
07:46:56,"[352.0, 20]","[350.0, 58]","[354.0, 20]","[359.2, 20]",353.0,118,2.0,0.32
07:46:57,"[352.77, 52]","[350.36, 44]","[354.0, 20]","[360.0, 60]",353.38,176,1.23,0.09
07:46:58,"[353.0, 130]","[352.0, 26]","[354.0, 26]","[359.26, 68]",353.5,250,1.0,0.25
07:46:59,"[353.0, 73]","[352.0, 20]","[358.55, 44]","[359.44, 18]",355.77,155,5.55,0.2
07:47:00,"[353.0, 49]","[352.0, 14]","[359.0, 35]","[360.0, 7]",356.0,105,6.0,0.2
07:47:01,"[353.0, 77]","[352.0, 22]","[359.0, 55]","[360.1, 20]",356.0,174,6.0,0.14
07:47:02,"[353.0, 77]","[352.0, 22]","[358.24, 33]","[359.26, 23]",355.62,155,5.24,0.28
07:47:03,"[353.0, 60]","[352.0, 21]","[357.0, 18]","[358.0, 9]",355.0,108,4.0,0.5
07:47:04,"[353.0, 44]","[352.0, 33]","[357.0, 22]","[360.53, 19]",355.0,118,4.0,0.31
07:47:05,"[353.0, 52]","[352.0, 29]","[356.0, 26]","[362.0, 39]",354.5,146,3.0,0.11
07:47:06,"[353.0, 52]","[352.0, 205]","[354.46, 26]","[361.15, 39]",353.73,322,1.46,0.6
07:47:07,"[353.0, 30]","[352.0, 238]","[360.15, 41]","[361.9, 29]",356.57,338,7.15,0.59
07:47:08,"[353.0, 12]","[352.0, 170]","[360.0, 30]","[362.6, 20]",356.5,232,7.0,0.57
07:47:09,"[353.0, 8]","[352.0, 136]","[360.0, 24]","[364.0, 16]",356.5,184,7.0,0.57
07:47:10,"[353.0, 11]","[352.0, 187]","[360.0, 33]","[364.0, 22]",356.5,253,7.0,0.57
07:47:11,"[353.0, 6]","[352.0, 102]","[360.0, 18]","[364.0, 12]",356.5,138,7.0,0.57
07:47:12,"[353.0, 10]","[352.0, 170]","[360.0, 30]","[364.0, 20]",356.5,230,7.0,0.57
07:47:13,"[352.39, 23]","[351.97, 157]","[360.0, 30]","[364.0, 20]",356.2,230,7.61,0.57
07:47:14,"[352.0, 112]","[351.0, 32]","[359.03, 30]","[359.93, 27]",355.52,201,7.03,0.43
07:47:15,"[352.0, 196]","[351.0, 56]","[356.3, 57]","[357.55, 22]",354.15,331,4.3,0.52
07:47:16,"[352.0, 128]","[351.0, 40]","[353.67, 49]","[354.54, 41]",352.84,258,1.67,0.3
07:47:17,"[352.0, 120]","[350.64, 75]","[353.4, 75]","[354.24, 51]",352.7,321,1.4,0.21
07:47:18,"[352.0, 71]","[350.43, 111]","[353.6, 75]","[359.65, 23]",352.8,280,1.6,0.3
07:47:19,"[352.0, 56]","[351.0, 84]","[353.0, 70]","[363.0, 42]",352.5,252,1.0,0.11
07:47:20,"[351.28, 58]","[350.4, 105]","[358.06, 32]","[363.33, 36]",354.67,231,6.79,0.41
07:47:21,"[351.05, 58]","[350.15, 117]","[362.0, 14]","[363.77, 26]",356.53,215,10.95,0.63
07:47:22,"[351.0, 65]","[350.0, 117]","[362.0, 13]","[364.41, 17]",356.5,212,11.0,0.72
07:47:23,"[350.56, 62]","[349.95, 66]","[362.0, 10]","[363.0, 50]",356.28,188,11.44,0.36
07:47:24,"[350.84, 57]","[349.99, 109]","[360.48, 21]","[362.4, 57]",355.66,244,9.63,0.36
07:47:25,"[351.0, 52]","[350.0, 117]","[358.08, 49]","[359.69, 29]",354.54,247,7.08,0.37
07:47:26,"[351.0, 80]","[350.0, 180]","[357.0, 100]","[359.0, 20]",354.0,380,6.0,0.37
07:47:27,"[351.0, 52]","[350.0, 117]","[354.54, 65]","[359.0, 28]",352.77,262,3.54,0.29
07:47:28,"[351.0, 52]","[350.0, 117]","[353.51, 53]","[357.8, 75]",352.25,297,2.51,0.14
07:47:29,"[351.0, 30]","[350.0, 81]","[352.91, 33]","[357.0, 45]",351.95,189,1.91,0.17
07:47:30,"[351.0, 27]","[350.0, 81]","[352.33, 45]","[359.0, 45]",351.67,198,1.33,0.09
07:47:31,"[351.0, 22]","[350.0, 99]","[352.0, 55]","[358.55, 55]",351.5,231,1.0,0.05
07:47:32,"[351.0, 24]","[350.0, 108]","[354.5, 60]","[361.75, 60]",352.75,252,3.5,0.05
07:47:33,"[351.0, 22]","[350.0, 99]","[358.0, 55]","[367.0, 55]",354.5,231,7.0,0.05
07:47:34,"[351.0, 22]","[350.0, 99]","[358.0, 55]","[367.0, 55]",354.5,231,7.0,0.05
07:47:35,"[351.0, 18]","[350.0, 81]","[358.0, 45]","[367.0, 45]",354.5,189,7.0,0.05
07:47:36,"[350.2, 80]","[349.82, 88]","[357.56, 62]","[362.38, 80]",353.88,310,7.36,0.08
07:47:37,"[350.0, 27]","[349.0, 18]","[355.57, 37]","[357.71, 35]",352.78,117,5.57,-0.23
07:47:38,"[350.78, 87]","[349.35, 49]","[353.24, 70]","[355.7, 84]",352.01,290,2.46,-0.06
07:47:39,"[352.0, 224]","[350.0, 112]","[353.71, 49]","[356.79, 70]",352.86,455,1.71,0.48
07:47:40,"[352.0, 165]","[350.0, 108]","[356.12, 32]","[362.51, 59]",354.06,364,4.12,0.5
07:47:41,"[352.0, 144]","[350.0, 81]","[363.0, 45]","[367.0, 18]",357.5,288,11.0,0.56
07:47:42,"[352.0, 129]","[350.0, 99]","[363.15, 52]","[367.17, 24]",357.58,304,11.15,0.5
07:47:43,"[352.0, 132]","[350.0, 108]","[364.6, 15]","[367.57, 28]",358.3,283,12.6,0.7
07:47:44,"[352.0, 76]","[350.0, 63]","[363.0, 7]","[367.0, 14]",357.5,160,11.0,0.74
07:47:45,"[352.0, 70]","[350.0, 63]","[362.09, 11]","[365.4, 10]",357.05,154,10.09,0.73
07:47:46,"[352.0, 100]","[350.0, 90]","[359.9, 20]","[363.55, 11]",355.95,221,7.9,0.72
07:47:47,"[352.0, 90]","[350.0, 81]","[358.44, 18]","[365.94, 17]",355.22,206,6.44,0.66
07:47:48,"[352.0, 120]","[350.0, 108]","[357.25, 24]","[364.53, 17]",354.62,269,5.25,0.7
07:47:49,"[352.53, 129]","[351.25, 144]","[357.0, 30]","[364.0, 45]",354.77,348,4.47,0.57
07:47:50,"[353.0, 50]","[352.0, 97]","[355.4, 20]","[363.93, 29]",354.2,196,2.4,0.5
07:47:51,"[353.0, 54]","[352.0, 135]","[359.11, 37]","[366.31, 32]",356.05,258,6.11,0.47
07:47:52,"[353.0, 18]","[352.0, 81]","[363.0, 45]","[366.0, 21]",358.0,165,10.0,0.2
07:47:53,"[353.0, 24]","[352.0, 114]","[363.0, 60]","[366.0, 12]",358.0,210,10.0,0.31
07:47:54,"[353.0, 28]","[352.0, 168]","[363.0, 70]","[366.0, 14]",358.0,280,10.0,0.4
07:47:55,"[353.0, 16]","[352.0, 96]","[362.15, 34]","[363.33, 27]",357.57,173,9.15,0.29
07:47:56,"[352.73, 33]","[351.98, 147]","[361.08, 86]","[363.66, 29]",356.9,295,8.35,0.22
07:47:57,"[352.0, 81]","[351.0, 27]","[361.0, 63]","[364.0, 18]",356.5,189,9.0,0.14
07:47:58,"[352.0, 99]","[351.0, 33]","[361.0, 77]","[364.0, 22]",356.5,231,9.0,0.14
07:47:59,"[352.0, 57]","[351.0, 27]","[361.0, 63]","[364.0, 18]",356.5,165,9.0,0.02
07:48:00,"[352.0, 45]","[351.0, 33]","[360.58, 62]","[362.23, 31]",356.29,171,8.58,-0.09
07:48:01,"[352.0, 72]","[351.0, 54]","[356.72, 36]","[359.5, 72]",354.36,234,4.72,0.08
07:48:02,"[352.0, 32]","[351.0, 24]","[355.0, 16]","[356.0, 16]",353.5,88,3.0,0.27
07:48:03,"[352.0, 60]","[350.33, 101]","[353.53, 30]","[355.07, 30]",352.77,221,1.53,0.46
07:48:04,"[352.0, 32]","[350.07, 165]","[353.5, 24]","[362.33, 48]",352.75,269,1.5,0.46
07:48:05,"[351.27, 37]","[350.12, 173]","[352.57, 28]","[361.0, 70]",351.92,308,1.3,0.36
07:48:06,"[351.0, 48]","[350.0, 272]","[352.0, 32]","[361.0, 80]",351.5,432,1.0,0.48
07:48:07,"[351.0, 26]","[350.0, 238]","[358.15, 52]","[361.61, 46]",354.58,362,7.15,0.46
07:48:08,"[351.0, 15]","[350.0, 255]","[359.14, 42]","[360.51, 63]",355.07,375,8.14,0.44
07:48:09,"[351.55, 29]","[350.01, 223]","[357.93, 30]","[360.0, 75]",354.74,357,6.38,0.41
07:48:10,"[352.0, 88]","[351.0, 11]","[357.0, 22]","[361.64, 55]",354.5,176,5.0,0.12
07:48:11,"[351.36, 107]","[350.6, 20]","[355.06, 36]","[363.3, 97]",353.21,260,3.69,-0.02
07:48:12,"[350.0, 252]","[349.0, 30]","[357.92, 39]","[364.51, 63]",353.96,384,7.92,0.47
07:48:13,"[350.41, 34]","[345.33, 15]","[364.08, 65]","[365.1, 61]",357.24,175,13.67,-0.44
07:48:14,"[352.0, 64]","[349.05, 63]","[362.44, 80]","[364.14, 35]",357.22,242,10.44,0.05
07:48:15,"[352.0, 36]","[350.0, 45]","[361.44, 45]","[364.95, 42]",356.72,168,9.44,-0.04
07:48:16,"[351.37, 73]","[349.97, 103]","[358.62, 105]","[365.33, 105]",354.99,386,7.25,-0.09
07:48:17,"[351.47, 19]","[350.0, 75]","[358.0, 75]","[366.0, 75]",354.74,244,6.53,-0.23
07:48:18,"[351.77, 26]","[349.93, 86]","[355.48, 84]","[357.86, 64]",353.62,260,3.71,-0.14
07:48:19,"[350.0, 33]","[349.0, 33]","[353.86, 37]","[356.83, 46]",351.93,149,3.86,-0.11
07:48:20,"[350.0, 25]","[349.0, 27]","[351.1, 39]","[354.59, 27]",350.55,118,1.1,-0.12
07:48:21,"[349.17, 18]","[346.37, 19]","[359.75, 40]","[366.0, 31]",354.46,108,10.58,-0.31
07:48:22,"[349.0, 27]","[344.0, 18]","[363.59, 39]","[365.34, 38]",356.29,122,14.59,-0.26
07:48:23,"[349.64, 50]","[347.33, 36]","[360.55, 62]","[362.0, 64]",355.09,212,10.91,-0.19
07:48:24,"[350.89, 76]","[349.0, 57]","[356.96, 82]","[358.54, 89]",353.93,304,6.07,-0.12
07:48:25,"[351.0, 48]","[349.0, 36]","[353.53, 51]","[355.33, 57]",352.26,192,2.53,-0.12
07:48:26,"[349.0, 33]","[344.0, 22]","[351.91, 55]","[365.65, 51]",350.45,161,2.91,-0.32
07:48:27,"[347.18, 33]","[343.7, 20]","[350.63, 41]","[366.0, 102]",348.91,196,3.45,-0.46
07:48:28,"[344.5, 40]","[343.44, 18]","[349.36, 42]","[366.0, 56]",346.93,156,4.86,-0.26
07:48:29,"[345.91, 55]","[344.0, 22]","[349.0, 33]","[365.37, 38]",347.45,148,3.09,0.04
07:48:30,"[347.89, 53]","[344.0, 24]","[360.61, 41]","[366.65, 43]",354.25,161,12.72,-0.04
07:48:31,"[347.2, 25]","[341.64, 14]","[365.9, 40]","[366.87, 31]",356.55,110,18.7,-0.29
07:48:32,"[345.21, 28]","[343.24, 29]","[362.94, 64]","[364.06, 64]",354.08,185,17.72,-0.38
07:48:33,"[349.0, 24]","[346.67, 18]","[360.57, 56]","[363.0, 61]",354.79,159,11.57,-0.47
07:48:34,"[350.0, 34]","[347.0, 17]","[359.41, 68]","[363.0, 33]",354.71,152,9.41,-0.33
07:48:35,"[350.0, 34]","[347.0, 17]","[356.06, 68]","[362.86, 59]",353.03,178,6.06,-0.43
07:48:36,"[345.67, 15]","[344.21, 14]","[352.42, 62]","[356.88, 58]",349.04,149,6.75,-0.61
07:48:37,"[343.89, 19]","[341.0, 19]","[345.79, 78]","[346.77, 78]",344.84,194,1.9,-0.61
07:48:38,"[339.07, 14]","[243.19, 53]","[343.96, 54]","[344.94, 71]",341.52,192,4.89,-0.3
07:48:39,"[338.0, 17]","[244.92, 48]","[340.7, 66]","[343.11, 36]",339.35,167,2.7,-0.22
07:48:40,"[337.16, 31]","[302.52, 23]","[339.57, 70]","[343.94, 64]",338.37,188,2.41,-0.43
07:48:41,"[337.24, 34]","[253.9, 69]","[338.9, 40]","[343.0, 68]",338.07,211,1.66,-0.02
07:48:42,"[337.0, 18]","[231.4, 15]","[338.0, 15]","[343.0, 36]",337.5,84,1.0,-0.21
07:48:43,"[331.32, 38]","[285.69, 71]","[337.34, 41]","[341.82, 66]",334.33,216,6.03,0.01
07:48:44,"[336.64, 33]","[308.15, 27]","[342.38, 24]","[343.96, 100]",339.51,184,5.74,-0.35
07:48:45,"[343.0, 84]","[337.0, 24]","[348.0, 36]","[351.0, 48]",345.5,192,5.0,0.12
07:48:46,"[343.0, 63]","[336.11, 18]","[347.33, 27]","[350.78, 36]",345.17,144,4.33,0.12
07:48:47,"[343.0, 47]","[335.0, 16]","[348.86, 14]","[351.29, 17]",345.93,94,5.86,0.34
07:48:48,"[348.4, 35]","[342.2, 40]","[353.27, 11]","[355.73, 11]",350.84,97,4.87,0.55
07:48:49,"[350.0, 32]","[343.0, 56]","[354.07, 14]","[359.43, 14]",352.04,116,4.07,0.52
07:48:50,"[342.62, 21]","[340.1, 31]","[355.2, 10]","[364.0, 10]",348.91,72,12.58,0.44
07:48:51,"[340.0, 28]","[333.0, 7]","[357.0, 7]","[364.0, 7]",348.5,49,17.0,0.43
07:48:52,"[344.62, 39]","[338.82, 22]","[357.0, 11]","[364.0, 11]",350.81,83,12.38,0.47
07:48:53,"[348.36, 22]","[338.29, 28]","[357.0, 9]","[364.0, 9]",352.68,68,8.64,0.47
07:48:54,"[344.27, 30]","[336.0, 54]","[356.1, 49]","[361.47, 15]",350.18,148,11.84,0.14
07:48:55,"[346.0, 22]","[344.0, 22]","[356.0, 55]","[365.0, 11]",351.0,110,10.0,-0.2
07:48:56,"[346.0, 30]","[344.0, 30]","[348.7, 57]","[352.06, 51]",347.35,168,2.7,-0.29
