Time,Bid1,Bid2,Ask1,Ask2,Mid-Price,Total_volume,Bid_ask_spread,Order_imbalance
07:30:00,"[0, 0]","[0, 0]","[0, 0]","[0, 0]",0.0,0,0.0,0.0
07:30:02,"[209.0, 6]","[0, 0]","[0, 0]","[0, 0]",104.5,6,-209.0,1.0
07:30:03,"[243.67, 18]","[150.33, 18]","[0, 0]","[0, 0]",121.83,36,-243.67,1.0
07:30:04,"[261.0, 30]","[175.0, 30]","[422.87, 15]","[566.4, 10]",341.93,85,161.87,0.41
07:30:05,"[187.86, 42]","[168.64, 44]","[308.25, 12]","[319.05, 21]",248.05,119,120.39,0.45
07:30:06,"[195.75, 48]","[177.5, 48]","[305.25, 40]","[306.4, 20]",250.5,156,109.5,0.23
07:30:07,"[257.91, 22]","[250.48, 42]","[304.16, 38]","[305.15, 41]",281.03,143,46.25,-0.1
07:30:08,"[262.62, 42]","[259.94, 66]","[303.0, 52]","[305.0, 65]",282.81,225,40.38,-0.04
07:30:09,"[267.48, 50]","[267.22, 54]","[303.0, 49]","[305.0, 65]",285.24,218,35.52,-0.05
07:30:10,"[276.61, 23]","[275.09, 22]","[303.0, 24]","[305.0, 40]",289.8,109,26.39,-0.17
07:30:11,"[290.95, 78]","[289.21, 66]","[303.0, 39]","[305.0, 65]",296.97,248,12.05,0.16
07:30:12,"[297.71, 56]","[295.81, 72]","[303.0, 54]","[305.0, 90]",300.36,272,5.29,-0.06
07:30:13,"[301.88, 86]","[300.63, 38]","[303.39, 31]","[305.29, 63]",302.64,218,1.5,0.14
07:30:14,"[303.13, 46]","[302.06, 64]","[305.0, 11]","[306.0, 33]",304.07,154,1.87,0.43
07:30:15,"[304.0, 72]","[301.5, 32]","[305.86, 28]","[306.57, 28]",304.93,160,1.86,0.3
07:30:16,"[304.86, 42]","[303.89, 74]","[306.0, 27]","[307.0, 26]",305.43,169,1.14,0.37
07:30:17,"[305.81, 62]","[300.2, 50]","[307.0, 28]","[308.16, 38]",306.4,178,1.19,0.26
07:30:18,"[305.9, 30]","[302.5, 26]","[307.77, 26]","[308.29, 17]",306.83,99,1.87,0.13
07:30:19,"[306.44, 27]","[305.0, 27]","[308.24, 21]","[310.43, 14]",307.34,89,1.79,0.21
07:30:20,"[308.42, 57]","[307.42, 57]","[312.82, 67]","[313.53, 38]",310.62,219,4.4,0.04
07:30:21,"[309.69, 39]","[308.31, 39]","[313.0, 52]","[314.0, 26]",311.35,156,3.31,0.0
07:30:22,"[312.0, 60]","[311.0, 60]","[313.0, 80]","[314.0, 40]",312.5,240,1.0,0.0
07:30:23,"[307.48, 25]","[303.88, 16]","[313.35, 23]","[324.0, 20]",310.41,84,5.87,-0.02
07:30:24,"[297.38, 16]","[293.97, 31]","[313.5, 24]","[335.15, 26]",305.44,97,16.12,-0.03
07:30:25,"[298.79, 14]","[295.39, 23]","[327.71, 21]","[323.67, 21]",313.25,79,28.93,-0.06
07:30:26,"[299.36, 11]","[298.0, 11]","[333.44, 18]","[337.0, 15]",316.4,55,34.08,-0.2
07:30:27,"[309.0, 15]","[309.47, 19]","[329.5, 12]","[332.19, 21]",319.25,67,20.5,0.01
07:30:28,"[320.03, 73]","[319.18, 67]","[328.71, 14]","[331.88, 25]",324.37,179,8.69,0.56
07:30:29,"[321.72, 25]","[320.12, 48]","[327.0, 26]","[329.89, 28]",324.36,127,5.28,0.15
07:30:30,"[322.79, 57]","[321.0, 19]","[326.43, 47]","[329.07, 58]",324.61,181,3.64,-0.16
07:30:31,"[322.81, 37]","[320.33, 52]","[326.23, 47]","[328.11, 38]",324.52,174,3.42,0.02
07:30:32,"[321.0, 16]","[319.83, 58]","[327.64, 14]","[329.86, 21]",324.32,109,6.64,0.36
07:30:33,"[320.0, 44]","[319.0, 55]","[326.0, 11]","[331.79, 28]",323.0,138,6.0,0.43
07:30:34,"[319.08, 48]","[316.17, 89]","[326.0, 13]","[335.0, 65]",322.54,215,6.92,0.27
07:30:35,"[319.0, 42]","[316.0, 98]","[324.21, 14]","[332.0, 48]",321.61,202,5.21,0.39
07:30:36,"[319.0, 24]","[316.0, 56]","[322.3, 20]","[332.23, 13]",320.65,113,3.3,0.42
07:30:37,"[319.0, 32]","[316.05, 79]","[321.88, 60]","[323.7, 56]",320.44,227,2.88,-0.02
07:30:38,"[319.0, 24]","[318.0, 24]","[321.66, 88]","[327.12, 41]",320.33,177,2.66,-0.46
07:30:39,"[318.25, 24]","[316.17, 69]","[329.74, 57]","[337.43, 70]",323.99,220,11.49,-0.15
07:30:40,"[318.0, 19]","[316.0, 98]","[330.6, 53]","[331.87, 46]",324.3,216,12.6,0.08
07:30:41,"[318.0, 13]","[316.0, 91]","[327.09, 47]","[328.23, 44]",322.54,195,9.09,0.07
07:30:42,"[318.0, 9]","[316.0, 63]","[325.73, 33]","[326.6, 30]",321.86,135,7.73,0.07
07:30:43,"[316.76, 17]","[310.21, 107]","[324.69, 65]","[331.69, 64]",320.73,253,7.93,-0.02
07:30:44,"[315.0, 14]","[314.0, 84]","[323.29, 56]","[329.94, 34]",319.14,188,8.29,0.04
07:30:45,"[314.62, 16]","[313.98, 61]","[324.02, 41]","[329.2, 30]",319.32,148,9.4,0.04
07:30:46,"[315.54, 39]","[313.82, 22]","[329.1, 20]","[330.2, 15]",322.32,96,13.56,0.27
07:30:47,"[318.0, 57]","[314.0, 72]","[319.91, 43]","[323.31, 29]",318.95,201,1.91,0.28
07:30:48,"[317.48, 40]","[314.25, 72]","[320.08, 52]","[323.69, 52]",318.78,216,2.6,0.04
07:30:49,"[314.27, 66]","[313.48, 25]","[319.68, 41]","[323.27, 33]",316.98,165,5.41,0.1
07:30:50,"[314.0, 60]","[313.0, 28]","[317.9, 50]","[320.0, 10]",315.95,148,3.9,0.19
07:30:51,"[314.0, 81]","[313.0, 16]","[316.87, 52]","[317.61, 44]",315.43,193,2.87,0.01
07:30:52,"[311.49, 43]","[307.09, 64]","[314.52, 64]","[321.05, 56]",313.0,227,3.03,-0.06
07:30:53,"[308.13, 31]","[306.22, 55]","[310.0, 75]","[311.0, 11]",309.06,172,1.87,0.0
07:30:54,"[308.1, 40]","[301.89, 53]","[309.67, 46]","[311.0, 14]",308.89,153,1.57,0.22
07:30:55,"[309.59, 58]","[308.09, 33]","[316.89, 37]","[320.59, 39]",313.24,167,7.31,0.09
07:30:56,"[312.32, 44]","[311.81, 52]","[319.0, 48]","[324.0, 24]",315.66,168,6.68,0.14
07:30:57,"[313.0, 26]","[312.0, 90]","[319.0, 52]","[324.0, 26]",316.0,194,6.0,0.2
07:30:58,"[313.2, 20]","[312.0, 60]","[319.0, 40]","[324.0, 20]",316.1,140,5.8,0.14
07:30:59,"[311.35, 31]","[307.47, 45]","[319.0, 60]","[323.86, 29]",315.18,165,7.65,-0.08
07:31:00,"[310.78, 51]","[309.05, 42]","[319.0, 64]","[323.59, 29]",314.89,186,8.22,0.0
07:31:01,"[316.77, 26]","[315.0, 52]","[319.0, 52]","[324.0, 26]",317.88,156,2.23,0.0
07:31:02,"[317.74, 43]","[315.34, 47]","[319.17, 58]","[324.75, 32]",318.46,180,1.43,0.0
07:31:03,"[317.14, 7]","[315.0, 21]","[324.0, 14]","[330.0, 28]",320.57,70,6.86,-0.2
07:31:04,"[318.88, 8]","[315.0, 24]","[324.0, 16]","[330.0, 32]",321.44,80,5.12,-0.2
07:31:05,"[319.0, 11]","[315.0, 33]","[324.0, 22]","[331.7, 46]",321.5,112,5.0,-0.21
07:31:06,"[319.0, 11]","[315.0, 33]","[324.0, 22]","[330.0, 55]",321.5,121,5.0,-0.27
07:31:07,"[319.0, 9]","[315.0, 27]","[323.7, 20]","[329.38, 39]",321.35,95,4.7,-0.24
07:31:08,"[319.0, 8]","[315.0, 24]","[323.0, 24]","[324.0, 16]",321.0,72,4.0,-0.11
07:31:09,"[315.36, 11]","[311.36, 33]","[321.16, 31]","[323.92, 24]",318.26,99,5.8,-0.11
07:31:10,"[314.0, 9]","[310.0, 27]","[319.7, 20]","[320.84, 25]",316.85,81,5.7,-0.11
07:31:11,"[314.61, 23]","[310.84, 37]","[317.77, 35]","[320.06, 36]",316.19,131,3.16,-0.08
07:31:12,"[315.0, 21]","[314.0, 7]","[319.0, 21]","[326.57, 14]",317.0,63,4.0,-0.11
07:31:13,"[315.0, 30]","[314.0, 10]","[319.0, 30]","[326.0, 20]",317.0,90,4.0,-0.11
07:31:14,"[309.38, 24]","[307.89, 9]","[319.0, 27]","[326.0, 18]",314.19,78,9.62,-0.15
07:31:15,"[312.46, 39]","[304.14, 14]","[319.0, 36]","[326.0, 24]",315.73,113,6.54,-0.06
07:31:16,"[308.91, 11]","[302.12, 32]","[319.0, 21]","[326.0, 14]",313.95,78,10.09,0.1
07:31:17,"[304.0, 11]","[302.0, 88]","[318.68, 40]","[325.09, 23]",311.34,162,14.68,0.22
07:31:18,"[304.88, 25]","[302.12, 83]","[315.0, 55]","[318.08, 50]",309.94,213,10.12,0.01
07:31:19,"[305.79, 38]","[302.77, 116]","[309.78, 59]","[313.43, 42]",307.78,255,3.99,0.21
07:31:20,"[309.23, 52]","[304.55, 58]","[311.0, 85]","[312.0, 34]",310.12,229,1.77,-0.04
07:31:21,"[301.25, 64]","[296.98, 50]","[311.75, 24]","[319.84, 31]",306.5,169,10.5,0.35
07:31:22,"[300.44, 16]","[299.27, 33]","[311.5, 24]","[318.23, 26]",305.97,99,11.06,-0.01
07:31:23,"[302.57, 21]","[300.14, 29]","[311.0, 33]","[312.0, 22]",306.79,105,8.43,-0.05
07:31:24,"[303.31, 62]","[302.84, 57]","[309.82, 17]","[311.0, 51]",306.56,187,6.52,0.27
07:31:25,"[306.43, 14]","[302.5, 72]","[312.64, 22]","[313.91, 47]",309.53,155,6.21,0.11
07:31:26,"[307.42, 12]","[297.82, 44]","[319.25, 48]","[320.39, 36]",313.33,140,11.83,-0.2
07:31:27,"[308.43, 28]","[301.46, 35]","[319.29, 17]","[320.02, 61]",313.86,141,10.87,-0.11
07:31:28,"[314.0, 80]","[313.0, 64]","[318.47, 30]","[319.74, 62]",316.23,236,4.47,0.22
07:31:29,"[314.0, 62]","[313.0, 56]","[316.14, 37]","[318.05, 42]",315.07,197,2.14,0.2
07:31:30,"[314.0, 45]","[313.0, 60]","[317.73, 15]","[322.74, 43]",315.87,163,3.73,0.29
07:31:31,"[314.08, 26]","[313.0, 48]","[321.83, 12]","[325.09, 22]",317.96,108,7.76,0.37
07:31:32,"[315.88, 33]","[314.42, 43]","[325.29, 14]","[378.57, 28]",320.58,118,9.41,0.29
07:31:33,"[319.78, 54]","[317.67, 36]","[325.07, 30]","[350.88, 32]",322.42,152,5.29,0.18
07:31:34,"[320.0, 70]","[319.0, 28]","[325.0, 28]","[329.0, 28]",322.5,154,5.0,0.27
07:31:35,"[320.47, 51]","[318.86, 21]","[323.65, 48]","[326.33, 24]",322.06,144,3.18,0.0
07:31:36,"[314.15, 27]","[310.0, 32]","[322.82, 55]","[330.27, 22]",318.48,136,8.67,-0.13
07:31:37,"[314.86, 56]","[313.0, 28]","[321.71, 70]","[330.0, 44]",318.29,198,6.86,-0.15
07:31:38,"[316.0, 44]","[313.0, 28]","[320.79, 70]","[330.0, 56]",318.39,198,4.79,-0.27
07:31:39,"[316.0, 16]","[313.0, 16]","[320.0, 40]","[328.8, 20]",318.0,92,4.0,-0.3
07:31:40,"[316.4, 30]","[313.0, 100]","[319.33, 75]","[328.0, 30]",317.87,235,2.93,0.11
07:31:41,"[317.0, 26]","[313.0, 91]","[318.77, 65]","[328.0, 26]",317.88,208,1.77,0.12
07:31:42,"[313.0, 91]","[306.0, 39]","[316.85, 53]","[322.0, 50]",314.92,233,3.85,0.12
07:31:43,"[313.07, 83]","[308.09, 47]","[315.09, 46]","[316.98, 51]",314.08,227,2.01,0.15
07:31:44,"[313.0, 87]","[304.46, 91]","[322.43, 28]","[326.0, 28]",317.71,234,9.43,0.52
07:31:45,"[313.0, 56]","[304.0, 100]","[322.0, 36]","[329.4, 20]",317.5,212,9.0,0.47
07:31:46,"[313.0, 52]","[304.0, 130]","[320.54, 37]","[322.46, 26]",316.77,245,7.54,0.49
07:31:47,"[313.0, 199]","[304.0, 140]","[318.68, 38]","[323.43, 28]",315.84,405,5.68,0.67
07:31:48,"[313.0, 202]","[304.0, 140]","[315.45, 40]","[317.85, 40]",314.23,422,2.45,0.62
07:31:49,"[313.0, 88]","[305.0, 8]","[314.0, 16]","[325.5, 16]",313.5,128,1.0,0.5
07:31:50,"[313.1, 72]","[308.26, 133]","[324.21, 28]","[330.95, 37]",318.66,270,11.12,0.52
07:31:51,"[315.77, 22]","[313.11, 112]","[325.0, 28]","[333.0, 28]",320.39,190,9.23,0.41
07:31:52,"[317.88, 16]","[316.28, 25]","[325.0, 32]","[333.0, 32]",321.44,105,7.12,-0.22
07:31:53,"[319.0, 12]","[317.0, 12]","[325.0, 24]","[333.0, 24]",322.0,72,6.0,-0.33
07:31:54,"[319.0, 8]","[317.0, 8]","[325.0, 16]","[333.0, 16]",322.0,48,6.0,-0.33
07:31:55,"[313.0, 72]","[309.0, 45]","[325.0, 18]","[339.32, 25]",319.0,160,12.0,0.46
07:31:56,"[313.0, 88]","[309.0, 55]","[325.0, 22]","[340.56, 27]",319.0,192,12.0,0.49
07:31:57,"[313.32, 150]","[309.88, 101]","[325.0, 36]","[334.84, 51]",319.16,338,11.68,0.49
07:31:58,"[313.0, 68]","[308.0, 70]","[325.0, 20]","[327.0, 20]",319.0,178,12.0,0.55
07:31:59,"[313.0, 36]","[308.0, 42]","[325.0, 12]","[327.0, 12]",319.0,102,12.0,0.53
07:32:00,"[313.45, 80]","[310.23, 101]","[324.41, 27]","[325.65, 34]",318.93,242,10.96,0.5
07:32:01,"[314.71, 84]","[313.62, 78]","[321.65, 20]","[323.82, 34]",318.18,216,6.94,0.5
07:32:02,"[315.0, 44]","[314.0, 56]","[319.35, 17]","[320.12, 25]",317.18,142,4.35,0.41
07:32:03,"[315.0, 13]","[314.0, 44]","[317.8, 20]","[319.31, 13]",316.4,90,2.8,0.27
07:32:04,"[314.12, 32]","[313.06, 64]","[316.07, 28]","[327.4, 50]",315.1,174,1.95,0.1
07:32:05,"[313.0, 40]","[309.0, 70]","[314.7, 20]","[328.86, 43]",313.85,173,1.7,0.27
07:32:06,"[313.0, 44]","[309.0, 77]","[314.0, 22]","[326.0, 11]",313.5,154,1.0,0.57
07:32:07,"[313.44, 36]","[310.91, 67]","[327.71, 49]","[328.76, 79]",320.58,231,14.27,-0.11
07:32:08,"[314.41, 22]","[313.0, 60]","[328.0, 105]","[330.0, 75]",321.2,262,13.59,-0.37
07:32:09,"[310.23, 43]","[311.03, 30]","[328.0, 70]","[330.0, 50]",319.12,193,17.77,-0.24
07:32:10,"[311.0, 22]","[309.72, 29]","[325.53, 45]","[328.0, 52]",318.27,148,14.53,-0.31
07:32:11,"[310.66, 29]","[308.26, 47]","[323.18, 51]","[325.6, 77]",316.92,204,12.52,-0.25
07:32:12,"[309.0, 16]","[308.0, 112]","[319.95, 57]","[321.88, 48]",314.47,233,10.95,0.1
07:32:13,"[309.11, 19]","[308.02, 121]","[314.67, 60]","[316.27, 63]",311.89,263,5.56,0.06
07:32:14,"[308.15, 68]","[306.6, 62]","[310.36, 42]","[312.14, 42]",309.25,214,2.21,0.21
07:32:15,"[307.9, 40]","[305.25, 80]","[311.12, 34]","[319.07, 45]",309.51,199,3.22,0.21
07:32:16,"[304.56, 41]","[302.89, 45]","[312.0, 13]","[319.95, 63]",308.28,162,7.44,0.06
07:32:17,"[303.48, 33]","[301.59, 37]","[312.0, 13]","[320.0, 65]",307.74,148,8.52,-0.05
07:32:18,"[300.67, 51]","[299.84, 62]","[310.21, 29]","[314.11, 19]",305.44,161,9.54,0.4
07:32:19,"[304.49, 55]","[300.41, 59]","[308.56, 25]","[314.65, 17]",306.53,156,4.07,0.46
07:32:20,"[307.95, 99]","[304.9, 73]","[318.79, 33]","[320.96, 89]",313.37,294,10.84,0.17
07:32:21,"[314.35, 51]","[309.5, 72]","[316.87, 55]","[320.58, 52]",315.61,230,2.52,0.07
07:32:22,"[314.94, 51]","[313.24, 55]","[316.0, 34]","[320.43, 49]",315.47,189,1.06,0.12
07:32:23,"[314.0, 36]","[308.0, 85]","[316.0, 24]","[321.0, 84]",315.0,229,2.0,0.06
07:32:24,"[314.0, 27]","[308.52, 67]","[315.2, 10]","[317.52, 23]",314.6,127,1.2,0.48
07:32:25,"[310.15, 39]","[308.78, 27]","[314.56, 9]","[316.0, 18]",312.35,93,4.4,0.42
07:32:26,"[309.0, 45]","[308.0, 9]","[313.22, 9]","[316.0, 18]",311.11,81,4.22,0.33
07:32:27,"[309.0, 65]","[308.0, 13]","[310.9, 29]","[315.81, 21]",309.95,128,1.9,0.22
07:32:28,"[309.0, 40]","[308.0, 8]","[316.88, 16]","[324.0, 16]",312.94,80,7.88,0.2
07:32:29,"[310.75, 48]","[308.9, 39]","[317.0, 22]","[324.0, 22]",313.88,131,6.25,0.33
07:32:30,"[312.33, 36]","[310.73, 30]","[317.0, 20]","[324.0, 20]",314.67,106,4.67,0.25
07:32:31,"[317.25, 24]","[313.4, 30]","[323.42, 24]","[324.96, 57]",320.33,135,6.17,-0.2
07:32:32,"[318.0, 15]","[312.0, 60]","[322.29, 56]","[324.44, 36]",320.14,167,4.29,-0.1
07:32:33,"[312.53, 38]","[310.14, 56]","[321.47, 34]","[322.55, 44]",317.0,172,8.94,0.09
07:32:34,"[315.99, 89]","[314.69, 16]","[320.16, 38]","[321.35, 34]",318.07,177,4.17,0.19
07:32:35,"[316.08, 74]","[315.29, 79]","[318.25, 40]","[319.81, 62]",317.17,255,2.17,0.2
07:32:36,"[314.22, 73]","[312.32, 62]","[316.24, 34]","[325.38, 32]",315.23,201,2.02,0.34
07:32:37,"[314.0, 41]","[312.0, 44]","[325.89, 36]","[386.17, 29]",319.94,150,11.89,0.13
07:32:38,"[314.0, 21]","[312.0, 28]","[329.0, 28]","[347.75, 8]",321.5,85,15.0,0.15
07:32:39,"[314.0, 24]","[312.0, 32]","[329.0, 32]","[332.0, 16]",321.5,104,15.0,0.08
07:32:40,"[313.65, 23]","[311.78, 27]","[329.0, 28]","[331.57, 14]",321.33,92,15.35,0.09
07:32:41,"[314.0, 64]","[312.0, 64]","[328.67, 48]","[329.96, 46]",321.33,222,14.67,0.15
07:32:42,"[314.64, 66]","[313.08, 52]","[328.86, 21]","[339.92, 26]",321.75,165,14.22,0.43
07:32:43,"[315.0, 75]","[314.0, 52]","[320.2, 20]","[330.95, 19]",317.6,166,5.2,0.53
07:32:44,"[315.0, 39]","[314.0, 52]","[328.0, 13]","[331.23, 26]",321.5,130,13.0,0.4
07:32:45,"[314.81, 32]","[313.57, 42]","[327.17, 12]","[330.86, 21]",320.99,107,12.35,0.38
07:32:46,"[317.43, 84]","[313.0, 36]","[322.5, 24]","[324.67, 18]",319.96,162,5.07,0.48
07:32:47,"[318.32, 66]","[317.23, 78]","[322.0, 24]","[323.85, 20]",320.16,188,3.68,0.53
07:32:48,"[318.65, 51]","[317.77, 105]","[321.0, 26]","[326.23, 13]",319.82,195,2.35,0.6
07:32:49,"[318.0, 117]","[314.0, 39]","[320.08, 26]","[326.38, 13]",319.04,195,2.08,0.6
07:32:50,"[318.0, 70]","[314.0, 30]","[329.22, 18]","[333.88, 34]",323.61,152,11.22,0.32
07:32:51,"[318.04, 76]","[315.33, 54]","[322.43, 68]","[323.37, 46]",320.23,244,4.39,0.07
07:32:52,"[318.33, 36]","[317.43, 84]","[320.58, 73]","[322.24, 51]",319.45,244,2.24,-0.02
07:32:53,"[319.33, 243]","[317.0, 72]","[321.21, 56]","[322.33, 49]",320.27,420,1.89,0.5
07:32:54,"[318.97, 234]","[317.84, 75]","[320.69, 39]","[323.17, 46]",319.83,394,1.72,0.57
07:32:55,"[318.0, 54]","[314.0, 27]","[327.0, 9]","[330.0, 36]",322.5,126,9.0,0.29
07:32:56,"[318.96, 134]","[317.76, 51]","[327.22, 9]","[330.0, 36]",323.09,230,8.27,0.61
07:32:57,"[319.0, 112]","[318.0, 42]","[328.0, 7]","[330.0, 28]",323.5,189,9.0,0.63
07:32:58,"[319.75, 128]","[318.0, 60]","[328.0, 10]","[330.0, 40]",323.88,238,8.25,0.58
07:32:59,"[321.0, 72]","[318.0, 36]","[328.0, 6]","[330.0, 24]",324.5,138,7.0,0.57
07:33:00,"[321.0, 56]","[318.0, 48]","[328.0, 8]","[330.0, 32]",324.5,144,7.0,0.44
07:33:01,"[321.0, 69]","[317.95, 41]","[328.0, 10]","[330.0, 40]",324.5,160,7.0,0.38
07:33:02,"[321.0, 5]","[318.0, 5]","[328.0, 5]","[330.0, 20]",324.5,35,7.0,-0.43
07:33:03,"[317.57, 7]","[315.04, 79]","[328.0, 7]","[330.0, 28]",322.79,121,10.43,0.42
07:33:04,"[317.0, 12]","[315.0, 156]","[328.0, 12]","[330.0, 48]",322.5,228,11.0,0.47
07:33:05,"[317.0, 10]","[315.0, 130]","[326.0, 14]","[327.08, 26]",321.5,180,9.0,0.56
07:33:06,"[317.0, 18]","[315.0, 234]","[324.44, 18]","[327.0, 54]",320.72,324,7.44,0.56
07:33:07,"[317.0, 16]","[315.0, 208]","[323.62, 16]","[327.0, 48]",320.31,288,6.62,0.56
07:33:08,"[317.43, 23]","[314.76, 187]","[321.2, 50]","[323.56, 43]",319.32,303,3.77,0.39
07:33:09,"[317.0, 16]","[315.0, 176]","[320.7, 30]","[322.02, 55]",318.85,277,3.7,0.39
07:33:10,"[315.24, 91]","[314.41, 213]","[318.1, 30]","[318.94, 34]",316.67,368,2.86,0.65
07:33:11,"[316.0, 33]","[315.0, 88]","[317.0, 11]","[318.0, 33]",316.5,165,1.0,0.47
07:33:12,"[316.0, 29]","[315.0, 64]","[317.64, 14]","[325.0, 36]",316.82,143,1.64,0.3
07:33:13,"[316.0, 80]","[315.0, 64]","[317.38, 24]","[330.0, 53]",316.69,221,1.38,0.3
07:33:14,"[316.0, 78]","[315.0, 64]","[317.0, 19]","[330.0, 32]",316.5,193,1.0,0.47
07:33:15,"[316.0, 50]","[315.0, 88]","[327.43, 35]","[330.14, 42]",321.71,215,11.43,0.28
07:33:16,"[316.0, 14]","[315.0, 56]","[328.14, 28]","[330.5, 24]",322.07,122,12.14,0.15
07:33:17,"[316.0, 18]","[315.0, 72]","[328.0, 36]","[330.56, 27]",322.0,153,12.0,0.18
07:33:18,"[315.12, 48]","[314.16, 150]","[328.0, 40]","[329.0, 30]",321.56,268,12.88,0.48
07:33:19,"[315.0, 76]","[314.0, 234]","[325.0, 48]","[328.63, 43]",320.0,401,10.0,0.55
07:33:20,"[315.0, 52]","[314.0, 234]","[326.69, 64]","[329.64, 47]",320.84,397,11.69,0.44
07:33:21,"[315.88, 65]","[314.53, 76]","[324.08, 48]","[327.0, 36]",319.98,225,8.21,0.25
07:33:22,"[316.8, 45]","[315.0, 60]","[321.47, 60]","[327.0, 45]",319.13,210,4.67,0.0
07:33:23,"[317.0, 16]","[315.0, 40]","[320.4, 40]","[327.0, 30]",318.7,126,3.4,-0.11
07:33:24,"[316.38, 13]","[314.67, 54]","[319.23, 39]","[329.35, 31]",317.81,137,2.85,-0.02
07:33:25,"[316.36, 25]","[314.65, 104]","[326.55, 71]","[328.15, 79]",321.45,279,10.19,-0.08
07:33:26,"[317.0, 10]","[315.0, 40]","[322.37, 35]","[323.14, 42]",319.69,127,5.37,-0.21
07:33:27,"[315.29, 35]","[314.11, 182]","[317.56, 39]","[319.28, 43]",316.42,299,2.28,0.45
07:33:28,"[315.0, 8]","[314.0, 144]","[317.74, 19]","[319.89, 37]",316.37,208,2.74,0.46
07:33:29,"[314.04, 56]","[313.5, 48]","[315.95, 21]","[320.71, 17]",314.99,142,1.92,0.46
07:33:30,"[314.0, 229]","[312.0, 52]","[315.3, 33]","[319.0, 60]",314.65,374,1.3,0.5
07:33:31,"[314.0, 165]","[312.0, 40]","[315.9, 49]","[325.35, 37]",314.95,291,1.9,0.41
07:33:32,"[314.0, 72]","[312.0, 24]","[326.19, 21]","[330.75, 8]",320.1,125,12.19,0.54
07:33:33,"[314.09, 92]","[313.26, 76]","[328.46, 13]","[331.86, 29]",321.27,210,14.37,0.6
07:33:34,"[316.44, 50]","[314.6, 84]","[325.0, 30]","[331.93, 54]",320.72,218,8.56,0.23
07:33:35,"[319.86, 28]","[317.32, 65]","[324.6, 20]","[329.2, 40]",322.23,153,4.74,0.22
07:33:36,"[321.0, 44]","[320.0, 22]","[323.83, 12]","[324.95, 21]",322.42,99,2.83,0.33
07:33:37,"[320.92, 39]","[318.92, 39]","[322.36, 22]","[323.43, 14]",321.64,114,1.44,0.37
07:33:38,"[318.28, 57]","[317.14, 98]","[321.0, 15]","[323.67, 30]",319.64,200,2.72,0.55
07:33:39,"[318.0, 38]","[316.0, 40]","[321.0, 8]","[329.0, 16]",319.5,102,3.0,0.53
07:33:40,"[318.0, 50]","[316.0, 28]","[320.07, 14]","[322.07, 15]",319.04,107,2.07,0.46
07:33:41,"[318.0, 22]","[316.0, 24]","[319.33, 12]","[325.36, 22]",318.67,80,1.33,0.15
07:33:42,"[317.58, 19]","[315.25, 48]","[319.76, 17]","[327.41, 34]",318.67,118,2.19,0.14
07:33:43,"[314.17, 69]","[313.75, 36]","[316.58, 12]","[329.56, 54]",315.38,171,2.41,0.23
07:33:44,"[314.25, 57]","[313.88, 56]","[329.44, 80]","[333.09, 32]",321.84,225,15.19,0.0
07:33:45,"[314.0, 40]","[313.0, 8]","[330.0, 56]","[339.0, 8]",322.0,112,16.0,-0.14
07:33:46,"[314.0, 55]","[313.0, 11]","[330.0, 77]","[339.0, 11]",322.0,154,16.0,-0.14
07:33:47,"[317.15, 41]","[315.88, 67]","[330.16, 57]","[349.15, 13]",323.65,178,13.01,0.21
07:33:48,"[318.73, 15]","[317.18, 51]","[339.0, 15]","[419.62, 52]",328.87,133,20.27,-0.01
07:33:49,"[319.09, 11]","[318.0, 11]","[331.16, 31]","[423.0, 19]",325.13,72,12.07,-0.39
07:33:50,"[320.0, 12]","[318.0, 12]","[330.0, 48]","[337.0, 12]",325.0,84,10.0,-0.43
07:33:51,"[320.0, 19]","[318.21, 19]","[329.67, 78]","[332.6, 35]",324.83,151,9.67,-0.5
07:33:52,"[317.5, 20]","[316.1, 50]","[329.0, 40]","[330.0, 24]",323.25,134,11.5,0.04
07:33:53,"[317.0, 60]","[314.0, 60]","[328.83, 71]","[330.15, 26]",322.92,217,11.83,0.11
07:33:54,"[317.0, 93]","[314.0, 95]","[327.0, 19]","[328.0, 76]",322.0,283,10.0,0.33
07:33:55,"[317.0, 51]","[314.0, 45]","[325.83, 24]","[327.96, 23]",321.42,143,8.83,0.34
07:33:56,"[317.0, 66]","[314.0, 55]","[323.47, 30]","[325.5, 40]",320.23,191,6.47,0.27
07:33:57,"[317.0, 54]","[314.0, 45]","[319.83, 24]","[323.2, 30]",318.42,153,2.83,0.29
07:33:58,"[317.0, 22]","[314.0, 55]","[319.36, 28]","[323.82, 17]",318.18,122,2.36,0.26
07:33:59,"[314.32, 38]","[313.56, 18]","[317.6, 30]","[328.67, 12]",315.96,98,3.28,0.14
07:34:00,"[314.29, 28]","[313.08, 36]","[317.0, 39]","[330.69, 13]",315.64,116,2.71,0.1
07:34:01,"[314.05, 81]","[312.29, 49]","[315.42, 55]","[321.09, 22]",314.73,207,1.37,0.26
07:34:02,"[312.53, 45]","[311.06, 94]","[326.09, 33]","[329.57, 42]",319.31,214,13.56,0.3
07:34:03,"[312.0, 30]","[311.0, 80]","[329.38, 53]","[330.64, 22]",320.69,185,17.38,0.19
07:34:04,"[311.16, 37]","[307.69, 93]","[329.0, 72]","[332.0, 9]",320.08,211,17.84,0.23
07:34:05,"[311.9, 30]","[308.68, 57]","[329.0, 72]","[332.0, 9]",320.45,168,17.1,0.04
07:34:06,"[313.54, 26]","[310.45, 22]","[329.0, 48]","[332.0, 6]",321.27,102,15.46,-0.06
07:34:07,"[314.46, 110]","[310.7, 129]","[326.87, 115]","[328.85, 62]",320.67,416,12.41,0.15
07:34:08,"[315.23, 70]","[308.89, 149]","[325.54, 65]","[328.0, 13]",320.38,297,10.31,0.47
07:34:09,"[316.18, 22]","[315.0, 11]","[324.54, 65]","[325.43, 35]",320.36,133,8.36,-0.5
07:34:10,"[317.0, 16]","[311.57, 28]","[323.5, 40]","[324.5, 40]",320.25,124,6.5,-0.29
07:34:11,"[317.64, 22]","[312.67, 36]","[321.27, 55]","[323.0, 55]",319.45,168,3.64,-0.31
07:34:12,"[313.0, 45]","[310.0, 90]","[319.0, 45]","[323.54, 48]",316.0,228,6.0,0.18
07:34:13,"[313.0, 39]","[310.0, 78]","[318.31, 39]","[328.7, 69]",315.65,225,5.31,0.04
07:34:14,"[313.5, 36]","[310.6, 45]","[317.56, 27]","[330.0, 81]",315.53,189,4.06,-0.14
07:34:15,"[314.91, 66]","[313.0, 33]","[317.0, 33]","[330.0, 59]",315.95,191,2.09,0.04
07:34:16,"[315.0, 88]","[313.0, 39]","[316.92, 39]","[328.61, 51]",315.96,217,1.92,0.17
07:34:17,"[315.0, 28]","[313.0, 33]","[316.96, 24]","[327.54, 37]",315.98,122,1.96,0.0
07:34:18,"[316.0, 45]","[315.0, 26]","[321.62, 48]","[328.37, 43]",318.81,162,5.62,-0.12
07:34:19,"[316.5, 30]","[315.0, 20]","[327.0, 30]","[328.2, 40]",321.75,120,10.5,-0.17
07:34:20,"[317.83, 36]","[315.0, 24]","[327.0, 36]","[328.0, 48]",322.42,144,9.17,-0.17
07:34:21,"[318.0, 30]","[315.0, 20]","[327.0, 30]","[328.0, 40]",322.5,120,9.0,-0.17
07:34:22,"[318.15, 26]","[315.0, 24]","[327.0, 36]","[328.0, 48]",322.58,134,8.85,-0.25
07:34:23,"[319.71, 7]","[316.64, 44]","[327.0, 21]","[328.0, 28]",323.36,100,7.29,0.02
07:34:24,"[320.0, 8]","[317.0, 96]","[327.0, 24]","[328.0, 32]",323.5,160,7.0,0.3
07:34:25,"[320.73, 11]","[317.0, 132]","[326.06, 53]","[327.86, 42]",323.39,238,5.33,0.2
07:34:26,"[322.0, 14]","[317.0, 168]","[325.36, 70]","[329.0, 56]",323.68,308,3.36,0.18
07:34:27,"[317.43, 81]","[316.75, 96]","[323.92, 65]","[329.0, 52]",320.68,294,6.49,0.2
07:34:28,"[317.0, 130]","[315.0, 20]","[322.0, 50]","[329.0, 40]",319.5,240,5.0,0.25
07:34:29,"[317.0, 70]","[315.0, 12]","[321.5, 30]","[326.14, 14]",319.25,126,4.5,0.3
07:34:30,"[317.0, 40]","[315.0, 8]","[321.0, 20]","[325.0, 8]",319.0,76,4.0,0.26
07:34:31,"[316.97, 151]","[314.94, 33]","[318.83, 78]","[323.14, 58]",317.9,320,1.86,0.15
07:34:32,"[315.0, 22]","[313.0, 11]","[318.0, 44]","[331.0, 47]",316.5,124,3.0,-0.47
07:34:33,"[314.4, 20]","[310.23, 13]","[316.68, 25]","[327.03, 58]",315.54,116,2.28,-0.43
07:34:34,"[309.4, 15]","[304.55, 33]","[317.68, 25]","[326.36, 36]",313.54,109,8.28,-0.12
07:34:35,"[304.0, 30]","[303.0, 60]","[324.9, 41]","[331.3, 27]",314.45,158,20.9,0.14
07:34:36,"[304.0, 24]","[303.0, 48]","[306.0, 8]","[322.43, 28]",305.0,108,2.0,0.33
07:34:37,"[308.58, 55]","[303.33, 81]","[315.21, 42]","[319.65, 49]",311.9,227,6.63,0.2
07:34:38,"[303.33, 36]","[302.67, 36]","[316.0, 22]","[323.0, 40]",309.67,134,12.67,0.07
07:34:39,"[309.86, 56]","[301.33, 72]","[319.18, 33]","[323.71, 51]",314.52,212,9.32,0.21
07:34:40,"[315.62, 52]","[303.93, 61]","[321.8, 25]","[325.36, 33]",318.71,171,6.18,0.32
07:34:41,"[316.0, 48]","[315.0, 24]","[317.0, 6]","[325.0, 33]",316.5,111,1.0,0.3
07:34:42,"[320.39, 79]","[318.77, 71]","[324.87, 61]","[326.66, 29]",322.63,240,4.48,0.25
07:34:43,"[322.0, 128]","[319.0, 42]","[325.0, 70]","[327.0, 28]",323.5,268,3.0,0.27
07:34:44,"[322.0, 70]","[319.0, 30]","[325.0, 50]","[327.0, 20]",323.5,170,3.0,0.18
07:34:45,"[322.0, 105]","[319.75, 85]","[325.0, 75]","[327.0, 30]",323.5,295,3.0,0.29
07:34:46,"[322.0, 56]","[320.0, 64]","[325.0, 40]","[327.0, 16]",323.5,176,3.0,0.36
07:34:47,"[322.0, 56]","[320.0, 64]","[325.0, 40]","[327.0, 16]",323.5,176,3.0,0.36
07:34:48,"[320.96, 77]","[319.76, 63]","[324.81, 43]","[325.82, 34]",322.89,217,3.85,0.29
07:34:49,"[320.6, 80]","[319.84, 76]","[323.25, 24]","[325.0, 60]",321.93,240,2.65,0.3
07:34:50,"[321.0, 68]","[320.0, 96]","[322.67, 24]","[325.0, 60]",321.83,248,1.67,0.32
07:34:51,"[320.08, 78]","[319.47, 51]","[324.29, 48]","[325.86, 42]",322.18,219,4.21,0.18
07:34:52,"[320.0, 96]","[319.0, 36]","[322.25, 48]","[327.5, 70]",321.12,250,2.25,0.06
07:34:53,"[320.0, 104]","[319.0, 39]","[324.16, 38]","[329.97, 72]",322.08,253,4.16,0.13
07:34:54,"[320.0, 35]","[319.0, 21]","[329.0, 14]","[331.0, 35]",324.5,105,9.0,0.07
07:34:55,"[320.44, 27]","[319.69, 29]","[330.45, 29]","[354.62, 32]",325.45,117,10.0,-0.04
07:34:56,"[322.1, 30]","[320.0, 50]","[331.0, 70]","[395.2, 40]",326.55,190,8.9,-0.16
07:34:57,"[323.0, 21]","[320.0, 35]","[331.0, 49]","[385.75, 16]",327.0,121,8.0,-0.07
07:34:58,"[323.0, 42]","[320.0, 70]","[331.0, 53]","[416.08, 38]",327.0,203,8.0,0.1
07:34:59,"[321.5, 24]","[319.69, 29]","[330.29, 14]","[384.78, 18]",325.89,85,8.79,0.25
07:35:00,"[320.0, 60]","[319.0, 51]","[328.76, 34]","[331.17, 29]",324.38,174,8.76,0.28
07:35:01,"[320.0, 48]","[319.0, 48]","[321.53, 34]","[323.67, 49]",320.76,179,1.53,0.07
07:35:02,"[319.86, 21]","[318.6, 60]","[322.33, 27]","[345.69, 26]",321.1,134,2.48,0.21
07:35:03,"[318.05, 193]","[317.38, 104]","[332.4, 15]","[358.1, 29]",325.22,341,14.35,0.74
07:35:04,"[318.0, 327]","[316.0, 60]","[331.27, 15]","[333.0, 45]",324.63,447,13.27,0.73
07:35:05,"[318.0, 63]","[316.0, 12]","[331.0, 3]","[333.0, 9]",324.5,87,13.0,0.72
07:35:06,"[319.8, 70]","[318.0, 210]","[330.2, 10]","[333.0, 18]",325.0,308,10.4,0.82
07:35:07,"[321.75, 84]","[318.0, 252]","[327.58, 12]","[330.67, 12]",324.67,360,5.83,0.87
07:35:08,"[322.0, 101]","[318.0, 357]","[323.94, 17]","[327.35, 17]",322.97,492,1.94,0.86
07:35:09,"[322.0, 40]","[318.0, 210]","[323.0, 10]","[328.29, 31]",322.5,291,1.0,0.72
07:35:10,"[322.0, 24]","[318.0, 210]","[327.5, 16]","[330.7, 33]",324.75,283,5.5,0.65
07:35:11,"[322.0, 8]","[318.0, 168]","[330.0, 32]","[331.0, 8]",326.0,216,8.0,0.63
07:35:12,"[322.0, 8]","[318.0, 168]","[330.0, 32]","[331.0, 8]",326.0,216,8.0,0.63
07:35:13,"[322.0, 8]","[318.0, 168]","[328.88, 32]","[331.0, 8]",325.44,216,6.88,0.63
07:35:14,"[322.0, 15]","[317.66, 203]","[327.4, 60]","[330.07, 15]",324.7,293,5.4,0.49
07:35:15,"[322.0, 15]","[317.7, 33]","[327.0, 60]","[333.44, 27]",324.5,135,5.0,-0.29
07:35:16,"[316.75, 40]","[315.41, 73]","[326.67, 48]","[329.0, 36]",321.71,197,9.92,0.15
07:35:17,"[319.42, 24]","[316.75, 40]","[324.27, 45]","[325.75, 53]",321.84,162,4.85,-0.21
07:35:18,"[320.0, 12]","[319.0, 12]","[321.25, 36]","[323.0, 48]",320.62,108,1.25,-0.56
07:35:19,"[319.18, 17]","[316.12, 73]","[322.21, 63]","[325.38, 48]",320.69,201,3.03,-0.1
07:35:20,"[316.38, 32]","[315.26, 76]","[321.45, 44]","[328.0, 33]",318.91,185,5.08,0.17
07:35:21,"[316.19, 32]","[315.06, 102]","[322.42, 43]","[326.19, 59]",319.3,236,6.23,0.14
07:35:22,"[316.0, 24]","[315.0, 56]","[328.0, 36]","[333.0, 60]",322.0,176,12.0,-0.09
07:35:23,"[316.0, 22]","[315.0, 44]","[328.72, 25]","[331.98, 47]",322.36,138,12.72,-0.04
07:35:24,"[318.3, 46]","[315.37, 27]","[327.0, 12]","[329.0, 36]",322.65,121,8.7,0.21
07:35:25,"[320.77, 62]","[319.57, 42]","[325.07, 15]","[329.0, 45]",322.92,164,4.29,0.27
07:35:26,"[321.85, 52]","[320.0, 26]","[324.58, 19]","[329.54, 35]",323.21,132,2.73,0.18
07:35:27,"[323.0, 32]","[320.0, 16]","[324.25, 8]","[329.38, 24]",323.62,80,1.25,0.2
07:35:28,"[322.79, 29]","[319.75, 24]","[340.31, 13]","[411.67, 33]",331.55,99,17.51,0.07
07:35:29,"[320.0, 26]","[319.0, 78]","[420.83, 47]","[682.43, 37]",370.41,188,100.83,0.11
07:35:30,"[319.25, 40]","[318.57, 35]","[329.0, 30]","[336.0, 30]",324.12,135,9.75,0.11
07:35:31,"[319.0, 66]","[316.78, 23]","[329.0, 33]","[336.0, 33]",324.0,155,10.0,0.15
07:35:32,"[319.0, 48]","[317.0, 24]","[329.0, 24]","[336.0, 24]",324.0,120,10.0,0.2
07:35:33,"[319.23, 31]","[318.74, 46]","[329.0, 33]","[336.0, 33]",324.11,143,9.77,0.08
07:35:34,"[320.92, 13]","[319.0, 78]","[329.0, 39]","[336.0, 39]",324.96,169,8.08,0.08
07:35:35,"[322.0, 19]","[319.0, 114]","[327.19, 75]","[330.21, 57]",324.59,265,5.19,0.0
07:35:36,"[319.1, 62]","[316.9, 40]","[325.27, 44]","[326.4, 40]",322.18,186,6.18,0.1
07:35:37,"[319.0, 48]","[316.0, 32]","[324.8, 30]","[325.69, 26]",321.9,136,5.8,0.18
07:35:38,"[316.91, 46]","[315.5, 32]","[323.5, 36]","[325.0, 48]",320.21,162,6.59,-0.04
07:35:39,"[316.0, 40]","[315.0, 20]","[321.92, 26]","[324.53, 38]",318.96,124,5.92,-0.03
07:35:40,"[316.0, 36]","[315.0, 18]","[320.11, 9]","[322.0, 27]",318.06,90,4.11,0.2
07:35:41,"[315.62, 29]","[313.64, 66]","[317.15, 40]","[326.28, 43]",316.39,178,1.53,0.07
07:35:42,"[315.0, 15]","[314.0, 18]","[317.0, 27]","[328.0, 9]",316.0,69,2.0,-0.04
07:35:43,"[315.0, 9]","[314.0, 18]","[322.09, 11]","[329.74, 39]",318.55,77,7.09,-0.3
07:35:44,"[311.67, 12]","[311.0, 16]","[326.12, 17]","[331.4, 67]",318.89,112,14.45,-0.5
07:35:45,"[310.97, 66]","[308.67, 18]","[326.71, 72]","[329.11, 57]",318.84,213,15.74,-0.21
07:35:46,"[316.26, 130]","[310.7, 40]","[325.38, 39]","[326.38, 39]",320.82,248,9.12,0.37
07:35:47,"[318.17, 48]","[316.79, 112]","[324.0, 30]","[325.4, 30]",321.08,220,5.83,0.45
07:35:48,"[320.0, 55]","[319.0, 56]","[323.0, 42]","[325.86, 42]",321.5,195,3.0,0.14
07:35:49,"[320.0, 24]","[318.08, 52]","[323.22, 27]","[328.89, 27]",321.61,130,3.22,0.17
07:35:50,"[321.15, 26]","[317.0, 156]","[328.0, 39]","[331.54, 39]",324.58,260,6.85,0.4
07:35:51,"[323.25, 16]","[319.5, 48]","[330.5, 72]","[337.9, 40]",326.88,176,7.25,-0.27
07:35:52,"[324.0, 9]","[322.0, 18]","[330.0, 36]","[331.0, 33]",327.0,96,6.0,-0.44
07:35:53,"[324.0, 11]","[322.64, 22]","[329.27, 44]","[331.55, 33]",326.64,110,5.27,-0.4
07:35:54,"[324.0, 11]","[323.0, 22]","[327.45, 44]","[332.55, 33]",325.73,110,3.45,-0.4
07:35:55,"[323.29, 17]","[317.73, 82]","[328.12, 34]","[343.14, 29]",325.71,162,4.82,0.22
07:35:56,"[323.0, 22]","[318.28, 100]","[331.39, 31]","[332.67, 27]",327.19,180,8.39,0.36
07:35:57,"[321.95, 19]","[318.65, 68]","[328.59, 22]","[329.7, 10]",325.27,119,6.64,0.46
07:35:58,"[319.0, 50]","[317.0, 120]","[327.3, 30]","[329.0, 10]",323.15,210,8.3,0.62
07:35:59,"[319.0, 75]","[317.0, 180]","[326.18, 17]","[327.05, 43]",322.59,315,7.18,0.62
07:36:00,"[319.0, 64]","[317.0, 168]","[324.88, 24]","[325.72, 32]",321.94,288,5.88,0.61
07:36:01,"[319.0, 139]","[317.0, 180]","[321.66, 35]","[323.82, 33]",320.33,387,2.66,0.65
07:36:02,"[319.0, 55]","[317.0, 120]","[320.0, 10]","[332.0, 20]",319.5,205,1.0,0.71
07:36:03,"[319.0, 27]","[317.0, 108]","[320.0, 9]","[332.0, 18]",319.5,162,1.0,0.67
07:36:04,"[319.36, 33]","[317.22, 108]","[329.39, 23]","[333.46, 37]",324.38,201,10.03,0.4
07:36:05,"[320.0, 12]","[319.0, 12]","[332.0, 12]","[334.0, 18]",326.0,54,12.0,-0.11
07:36:06,"[320.0, 24]","[319.0, 16]","[332.0, 16]","[334.0, 24]",326.0,80,12.0,0.0
07:36:07,"[320.75, 24]","[319.0, 24]","[331.55, 33]","[333.64, 33]",326.15,114,10.8,-0.16
07:36:08,"[322.18, 34]","[319.0, 38]","[331.03, 60]","[332.17, 35]",326.6,167,8.86,-0.14
07:36:09,"[319.0, 9]","[317.0, 108]","[330.78, 27]","[332.0, 18]",324.89,162,11.78,0.44
07:36:10,"[317.77, 26]","[316.9, 134]","[328.25, 36]","[332.0, 36]",323.01,232,10.48,0.38
07:36:11,"[317.0, 80]","[316.0, 70]","[327.69, 26]","[330.86, 42]",322.35,218,10.69,0.38
07:36:12,"[317.0, 104]","[316.0, 64]","[326.06, 63]","[327.4, 30]",321.53,261,9.06,0.29
07:36:13,"[317.03, 58]","[316.19, 43]","[324.73, 26]","[326.16, 38]",320.88,165,7.7,0.22
07:36:14,"[317.81, 72]","[316.88, 129]","[321.88, 59]","[324.52, 67]",319.84,327,4.08,0.23
07:36:15,"[317.0, 84]","[316.0, 42]","[319.64, 42]","[324.43, 46]",318.32,214,2.64,0.18
07:36:16,"[318.71, 34]","[316.78, 32]","[321.0, 41]","[331.0, 56]",319.85,163,2.29,-0.19
07:36:17,"[320.0, 42]","[317.0, 42]","[321.0, 28]","[331.0, 111]",320.5,223,1.0,-0.25
07:36:18,"[320.0, 29]","[317.19, 26]","[321.0, 24]","[331.0, 108]",320.5,187,1.0,-0.41
07:36:19,"[315.79, 42]","[314.61, 36]","[330.18, 40]","[335.54, 117]",322.98,235,14.39,-0.34
07:36:20,"[314.57, 28]","[311.5, 24]","[324.32, 28]","[321.71, 24]",319.45,104,9.75,0.0
07:36:21,"[311.57, 28]","[310.89, 54]","[314.0, 28]","[316.14, 22]",312.79,132,2.43,0.24
07:36:22,"[311.0, 48]","[310.0, 27]","[312.96, 25]","[315.91, 11]",311.98,111,1.96,0.35
07:36:23,"[312.71, 14]","[310.35, 23]","[325.47, 34]","[329.3, 37]",319.09,108,12.76,-0.31
07:36:24,"[318.8, 25]","[312.3, 30]","[327.48, 46]","[331.55, 62]",323.14,163,8.68,-0.33
07:36:25,"[320.0, 50]","[317.0, 10]","[328.0, 40]","[450.1, 29]",324.0,129,8.0,-0.07
07:36:26,"[320.0, 40]","[317.0, 8]","[329.25, 32]","[369.6, 20]",324.62,100,9.25,-0.04
07:36:27,"[320.0, 50]","[319.0, 40]","[328.0, 40]","[330.1, 40]",324.0,170,8.0,0.06
07:36:28,"[320.0, 40]","[319.0, 32]","[328.0, 32]","[331.0, 32]",324.0,136,8.0,0.06
07:36:29,"[320.0, 45]","[319.0, 36]","[327.76, 21]","[330.0, 36]",323.88,138,7.76,0.17
07:36:30,"[320.0, 30]","[319.0, 24]","[326.5, 6]","[331.0, 32]",323.25,92,6.5,0.17
07:36:31,"[320.0, 40]","[319.0, 32]","[325.25, 8]","[329.67, 36]",322.62,116,5.25,0.24
07:36:32,"[320.0, 21]","[319.0, 20]","[325.0, 5]","[330.0, 36]",322.5,82,5.0,0.0
07:36:33,"[320.0, 33]","[319.0, 44]","[323.67, 15]","[329.92, 65]",321.83,157,3.67,-0.02
07:36:34,"[320.0, 21]","[319.0, 36]","[321.0, 45]","[329.1, 21]",320.5,123,1.0,-0.07
07:36:35,"[320.0, 34]","[319.0, 68]","[324.38, 29]","[329.9, 59]",322.19,190,4.38,0.07
07:36:36,"[320.0, 32]","[319.0, 64]","[326.5, 46]","[328.79, 19]",323.25,161,6.5,0.19
07:36:37,"[320.0, 22]","[319.0, 44]","[324.0, 33]","[327.0, 15]",322.0,114,4.0,0.16
07:36:38,"[319.92, 26]","[318.92, 52]","[323.0, 42]","[324.0, 42]",321.46,162,3.08,-0.04
07:36:39,"[320.0, 34]","[318.33, 36]","[323.08, 36]","[327.5, 50]",321.54,156,3.08,-0.1
07:36:40,"[320.0, 201]","[319.0, 32]","[322.25, 48]","[329.0, 35]",321.12,316,2.25,0.47
07:36:41,"[319.73, 44]","[318.2, 40]","[326.73, 44]","[329.5, 32]",323.23,160,7.0,0.05
07:36:42,"[319.0, 4]","[318.0, 16]","[328.0, 16]","[331.5, 4]",323.5,40,9.0,0.0
07:36:43,"[319.0, 13]","[316.31, 52]","[329.23, 26]","[331.12, 17]",324.12,108,10.23,0.2
07:36:44,"[319.78, 51]","[316.46, 52]","[327.79, 28]","[329.75, 40]",323.79,171,8.0,0.2
07:36:45,"[320.0, 65]","[319.0, 13]","[325.0, 33]","[326.14, 21]",322.5,132,5.0,0.18
07:36:46,"[321.65, 72]","[320.89, 74]","[323.25, 44]","[325.0, 33]",322.45,223,1.6,0.31
07:36:47,"[322.29, 42]","[321.29, 28]","[324.56, 32]","[330.0, 32]",323.42,134,2.28,0.04
07:36:48,"[322.0, 45]","[319.87, 15]","[323.93, 15]","[329.18, 33]",322.97,108,1.93,0.11
07:36:49,"[322.0, 19]","[321.0, 42]","[325.18, 11]","[327.63, 19]",323.59,91,3.18,0.34
07:36:50,"[321.2, 40]","[319.29, 56]","[327.0, 42]","[330.0, 19]",324.1,157,5.8,0.22
07:36:51,"[321.0, 52]","[318.88, 57]","[326.12, 50]","[328.12, 32]",323.56,191,5.12,0.14
07:36:52,"[321.0, 48]","[320.0, 60]","[325.67, 48]","[332.0, 24]",323.33,180,4.67,0.2
07:36:53,"[321.0, 47]","[320.0, 60]","[323.38, 21]","[325.45, 40]",322.19,168,2.38,0.27
07:36:54,"[321.0, 19]","[320.0, 40]","[322.0, 32]","[331.0, 8]",321.5,99,1.0,0.19
07:36:55,"[319.78, 36]","[317.93, 56]","[331.0, 14]","[335.0, 28]",325.39,134,11.22,0.37
07:36:56,"[322.06, 32]","[318.0, 64]","[328.38, 16]","[335.0, 31]",325.22,143,6.31,0.34
07:36:57,"[324.24, 34]","[322.47, 38]","[327.21, 43]","[331.94, 18]",325.72,133,2.97,0.08
07:36:58,"[324.69, 13]","[322.23, 26]","[326.9, 58]","[327.86, 21]",325.79,118,2.2,-0.34
07:36:59,"[323.0, 20]","[318.0, 40]","[328.43, 42]","[332.21, 14]",325.71,116,5.43,0.03
07:37:00,"[323.87, 30]","[318.0, 60]","[332.35, 31]","[333.44, 27]",328.11,148,8.49,0.22
07:37:01,"[321.3, 20]","[317.91, 44]","[330.91, 11]","[334.0, 11]",326.1,86,9.61,0.49
07:37:02,"[318.25, 24]","[317.0, 76]","[330.0, 13]","[334.0, 13]",324.12,126,11.75,0.59
07:37:03,"[317.0, 48]","[316.0, 144]","[329.42, 12]","[333.75, 12]",323.21,216,12.42,0.78
07:37:04,"[317.0, 32]","[316.0, 68]","[328.0, 8]","[331.0, 8]",322.5,116,11.0,0.72
07:37:05,"[317.0, 36]","[316.0, 72]","[328.0, 9]","[331.0, 9]",322.5,126,11.0,0.71
07:37:06,"[317.0, 44]","[316.0, 88]","[328.0, 11]","[331.0, 11]",322.5,154,11.0,0.71
07:37:07,"[316.05, 81]","[315.11, 74]","[326.36, 39]","[327.54, 24]",321.2,218,10.31,0.42
07:37:08,"[316.0, 84]","[315.0, 72]","[319.38, 24]","[322.15, 39]",317.69,219,3.38,0.42
07:37:09,"[316.0, 56]","[315.0, 48]","[318.97, 36]","[319.58, 12]",317.49,152,2.97,0.37
07:37:10,"[315.92, 78]","[314.96, 69]","[317.09, 44]","[321.04, 28]",316.51,219,1.17,0.34
07:37:11,"[315.0, 72]","[314.0, 36]","[317.83, 12]","[330.63, 46]",316.42,166,2.83,0.3
07:37:12,"[315.0, 48]","[314.0, 27]","[327.19, 21]","[331.54, 39]",321.1,135,12.19,0.11
07:37:13,"[315.0, 60]","[313.05, 44]","[328.0, 36]","[329.0, 60]",321.5,200,13.0,0.04
07:37:14,"[318.0, 26]","[315.0, 98]","[327.23, 39]","[328.59, 51]",322.62,214,9.23,0.16
07:37:15,"[318.53, 17]","[316.08, 50]","[324.85, 39]","[328.0, 39]",321.69,145,6.32,-0.08
07:37:16,"[320.06, 18]","[318.13, 30]","[323.69, 48]","[328.28, 54]",321.87,150,3.63,-0.36
07:37:17,"[320.0, 14]","[318.0, 28]","[327.62, 24]","[328.48, 52]",323.81,118,7.62,-0.29
07:37:18,"[314.81, 16]","[313.2, 25]","[327.0, 8]","[328.0, 24]",320.91,73,12.19,0.12
07:37:19,"[317.0, 17]","[311.0, 82]","[325.97, 29]","[326.92, 39]",321.48,167,8.97,0.19
07:37:20,"[317.0, 17]","[316.0, 34]","[323.53, 17]","[326.0, 51]",320.26,119,6.53,-0.14
07:37:21,"[318.6, 30]","[317.17, 36]","[323.6, 30]","[326.43, 54]",321.1,150,5.0,-0.12
07:37:22,"[319.9, 40]","[318.85, 40]","[324.6, 40]","[326.0, 60]",322.25,180,4.7,-0.11
07:37:23,"[321.77, 26]","[320.77, 26]","[323.11, 37]","[324.43, 28]",322.44,117,1.34,-0.11
07:37:24,"[319.89, 54]","[309.4, 45]","[322.33, 15]","[332.4, 75]",321.11,189,2.44,0.05
07:37:25,"[321.0, 120]","[316.0, 24]","[325.75, 16]","[334.06, 67]",323.38,227,4.75,0.27
07:37:26,"[321.0, 110]","[316.0, 22]","[334.0, 55]","[336.0, 22]",327.5,209,13.0,0.26
07:37:27,"[321.13, 76]","[319.73, 98]","[334.0, 60]","[336.0, 24]",327.57,258,12.87,0.35
07:37:28,"[322.0, 16]","[321.0, 72]","[334.0, 40]","[336.0, 16]",328.0,144,12.0,0.22
07:37:29,"[322.0, 18]","[321.0, 81]","[332.48, 29]","[334.03, 30]",327.24,158,10.48,0.25
07:37:30,"[321.07, 114]","[320.18, 147]","[330.49, 72]","[332.88, 69]",325.78,402,9.42,0.3
07:37:31,"[321.0, 144]","[320.0, 160]","[328.27, 71]","[329.27, 41]",324.63,416,7.27,0.46
07:37:32,"[321.0, 135]","[320.0, 150]","[325.41, 66]","[327.38, 39]",323.2,390,4.41,0.46
07:37:33,"[321.0, 130]","[320.0, 150]","[324.03, 69]","[327.28, 36]",322.51,385,3.03,0.45
07:37:34,"[320.31, 90]","[318.94, 51]","[322.0, 26]","[333.11, 45]",321.16,212,1.69,0.33
07:37:35,"[321.75, 76]","[320.0, 102]","[326.56, 25]","[334.58, 53]",324.15,256,4.81,0.39
07:37:36,"[322.0, 36]","[320.0, 54]","[324.0, 18]","[331.0, 9]",323.0,117,2.0,0.54
07:37:37,"[322.0, 32]","[320.0, 48]","[327.67, 15]","[332.67, 12]",324.83,107,5.67,0.5
07:37:38,"[322.0, 36]","[320.0, 54]","[330.0, 18]","[331.0, 9]",326.0,117,8.0,0.54
07:37:39,"[322.0, 20]","[320.0, 36]","[330.0, 12]","[331.0, 6]",326.0,74,8.0,0.51
07:37:40,"[322.0, 8]","[320.0, 24]","[329.25, 8]","[331.0, 4]",325.62,44,7.25,0.45
07:37:41,"[320.1, 41]","[318.27, 45]","[327.86, 28]","[329.24, 25]",323.98,139,7.76,0.24
07:37:42,"[320.0, 30]","[318.0, 30]","[325.5, 20]","[327.8, 20]",322.75,100,5.5,0.2
07:37:43,"[320.0, 24]","[318.0, 27]","[323.89, 18]","[325.78, 18]",321.94,87,3.89,0.17
07:37:44,"[319.09, 33]","[317.27, 86]","[322.06, 36]","[327.04, 25]",320.57,180,2.96,0.32
07:37:45,"[319.69, 26]","[317.11, 47]","[325.0, 16]","[337.25, 53]",322.35,142,5.31,0.03
07:37:46,"[319.67, 18]","[318.31, 13]","[330.0, 12]","[338.0, 96]",324.83,139,10.33,-0.55
07:37:47,"[320.0, 10]","[318.0, 10]","[330.0, 10]","[335.0, 40]",325.0,70,10.0,-0.43
07:37:48,"[321.0, 9]","[318.0, 9]","[330.0, 9]","[335.0, 36]",325.5,63,9.0,-0.43
07:37:49,"[321.1, 10]","[318.0, 10]","[330.0, 10]","[335.0, 40]",325.55,70,8.9,-0.43
07:37:50,"[322.0, 6]","[319.67, 6]","[330.0, 6]","[335.0, 24]",326.0,42,8.0,-0.43
07:37:51,"[322.0, 11]","[320.0, 11]","[325.09, 11]","[331.29, 14]",323.55,47,3.09,-0.06
07:37:52,"[322.0, 11]","[320.0, 11]","[327.55, 11]","[332.88, 41]",324.77,74,5.55,-0.41
07:37:53,"[322.0, 12]","[320.0, 12]","[327.75, 24]","[329.92, 48]",324.88,96,5.75,-0.5
07:37:54,"[322.0, 10]","[320.0, 10]","[325.1, 10]","[327.0, 40]",323.55,70,3.1,-0.43
07:37:55,"[320.91, 11]","[318.91, 11]","[323.91, 11]","[329.91, 44]",322.41,77,3.0,-0.43
07:37:56,"[321.17, 24]","[317.62, 52]","[328.65, 34]","[332.85, 52]",324.91,162,7.48,-0.06
07:37:57,"[321.08, 12]","[318.1, 30]","[331.0, 48]","[333.55, 44]",326.04,134,9.92,-0.37
07:37:58,"[320.0, 13]","[317.0, 130]","[330.32, 37]","[332.23, 52]",325.16,232,10.32,0.23
07:37:59,"[320.0, 12]","[317.52, 108]","[330.53, 30]","[332.5, 48]",325.27,198,10.53,0.21
07:38:00,"[320.0, 9]","[317.37, 38]","[331.91, 33]","[334.18, 34]",325.95,114,11.91,-0.18
07:38:01,"[320.0, 9]","[318.0, 117]","[333.0, 51]","[335.5, 24]",326.5,201,13.0,0.25
07:38:02,"[320.0, 13]","[318.0, 169]","[331.65, 46]","[332.87, 31]",325.83,259,11.65,0.41
07:38:03,"[320.0, 11]","[318.0, 143]","[331.0, 33]","[332.0, 22]",325.5,209,11.0,0.47
07:38:04,"[320.0, 13]","[318.0, 169]","[327.0, 38]","[328.17, 36]",323.5,256,7.0,0.42
07:38:05,"[318.17, 71]","[317.84, 93]","[324.27, 33]","[326.0, 33]",321.22,230,6.1,0.43
07:38:06,"[318.0, 156]","[317.0, 36]","[323.6, 30]","[325.0, 36]",320.8,258,5.6,0.49
07:38:07,"[318.0, 156]","[317.0, 36]","[321.78, 27]","[323.5, 34]",319.89,253,3.78,0.52
07:38:08,"[318.0, 152]","[317.0, 36]","[319.33, 36]","[321.0, 36]",318.67,260,1.33,0.45
07:38:09,"[318.0, 84]","[317.0, 45]","[328.09, 33]","[333.56, 54]",323.05,216,10.09,0.19
07:38:10,"[318.0, 50]","[317.0, 30]","[333.0, 20]","[334.0, 40]",325.5,140,15.0,0.14
07:38:11,"[318.0, 80]","[317.0, 48]","[331.41, 95]","[333.33, 36]",324.71,259,13.41,-0.01
07:38:12,"[318.0, 95]","[317.0, 57]","[330.16, 131]","[331.94, 98]",324.08,381,12.16,-0.2
07:38:13,"[318.88, 52]","[318.35, 68]","[326.74, 68]","[328.25, 51]",322.81,239,7.85,0.0
07:38:14,"[323.57, 98]","[320.14, 28]","[326.0, 72]","[327.0, 90]",324.79,288,2.43,-0.12
07:38:15,"[324.0, 78]","[321.0, 13]","[326.0, 52]","[327.0, 65]",325.0,208,2.0,-0.12
07:38:16,"[322.28, 65]","[318.18, 17]","[325.07, 81]","[326.28, 72]",323.68,235,2.8,-0.3
07:38:17,"[317.0, 28]","[315.47, 30]","[322.54, 65]","[324.77, 61]",319.77,184,5.54,-0.37
07:38:18,"[317.47, 32]","[316.01, 258]","[319.44, 85]","[321.13, 77]",318.45,452,1.97,0.28
07:38:19,"[316.0, 306]","[310.01, 150]","[323.82, 78]","[324.57, 51]",319.91,585,7.82,0.56
07:38:20,"[318.58, 83]","[316.39, 172]","[328.33, 64]","[329.9, 58]",323.45,377,9.75,0.35
07:38:21,"[321.09, 70]","[317.46, 127]","[325.28, 54]","[330.5, 72]",323.18,323,4.19,0.22
07:38:22,"[320.1, 86]","[316.08, 243]","[322.13, 45]","[333.19, 42]",321.12,416,2.03,0.58
07:38:23,"[321.25, 110]","[320.47, 95]","[333.14, 84]","[336.74, 38]",327.2,327,11.89,0.25
07:38:24,"[323.0, 60]","[321.0, 135]","[332.95, 81]","[335.02, 59]",327.98,335,9.95,0.16
07:38:25,"[323.0, 44]","[321.0, 99]","[329.27, 55]","[334.0, 11]",326.14,209,6.27,0.37
07:38:26,"[321.0, 117]","[319.0, 13]","[327.84, 62]","[328.91, 43]",324.42,235,6.84,0.11
07:38:27,"[321.0, 116]","[319.0, 14]","[324.09, 57]","[325.49, 69]",322.54,256,3.09,0.02
07:38:28,"[321.0, 77]","[319.0, 11]","[322.0, 55]","[323.0, 44]",321.5,187,1.0,-0.06
07:38:29,"[321.0, 65]","[319.0, 11]","[322.0, 55]","[325.87, 47]",321.5,178,1.0,-0.15
07:38:30,"[319.75, 16]","[317.1, 42]","[330.33, 60]","[336.0, 50]",325.04,168,10.58,-0.31
07:38:31,"[318.75, 8]","[316.73, 30]","[332.0, 40]","[337.0, 32]",325.38,110,13.25,-0.31
07:38:32,"[317.0, 12]","[315.2, 45]","[329.93, 27]","[331.94, 32]",323.46,116,12.93,-0.02
07:38:33,"[317.47, 15]","[316.04, 25]","[327.56, 18]","[328.56, 18]",322.51,76,10.09,0.05
07:38:34,"[320.11, 46]","[317.0, 13]","[326.77, 26]","[328.0, 26]",323.44,111,6.66,0.06
07:38:35,"[321.0, 32]","[317.0, 16]","[324.38, 32]","[325.75, 32]",322.69,112,3.38,-0.14
07:38:36,"[321.0, 34]","[317.0, 17]","[322.0, 34]","[323.0, 34]",321.5,119,1.0,-0.14
07:38:37,"[319.67, 12]","[315.5, 16]","[322.0, 16]","[330.14, 28]",320.83,72,2.33,-0.22
07:38:38,"[317.0, 13]","[315.0, 39]","[320.98, 44]","[330.19, 47]",318.99,143,3.98,-0.27
07:38:39,"[315.8, 25]","[313.29, 70]","[319.05, 62]","[322.48, 46]",317.42,203,3.25,-0.06
07:38:40,"[315.0, 54]","[312.0, 144]","[317.0, 90]","[318.0, 18]",316.0,306,2.0,0.29
07:38:41,"[315.0, 39]","[312.0, 104]","[316.81, 37]","[320.06, 53]",315.91,233,1.81,0.23
07:38:42,"[312.13, 69]","[310.22, 74]","[317.0, 55]","[327.0, 48]",314.57,246,4.87,0.16
07:38:43,"[312.0, 50]","[310.0, 54]","[317.0, 36]","[327.0, 36]",314.5,176,5.0,0.18
07:38:44,"[312.0, 55]","[310.0, 66]","[316.45, 44]","[329.0, 55]",314.23,220,4.45,0.1
07:38:45,"[312.0, 53]","[310.1, 60]","[325.72, 25]","[327.34, 47]",318.86,185,13.72,0.22
07:38:46,"[313.8, 30]","[311.96, 28]","[324.0, 30]","[329.0, 10]",318.9,98,10.2,0.18
07:38:47,"[314.0, 48]","[311.65, 51]","[322.97, 35]","[324.21, 28]",318.49,162,8.97,0.22
07:38:48,"[310.88, 48]","[308.71, 51]","[316.33, 18]","[321.7, 23]",313.6,140,5.46,0.41
07:38:49,"[309.71, 84]","[306.48, 99]","[313.65, 62]","[316.35, 31]",311.68,276,3.93,0.33
07:38:50,"[306.98, 80]","[306.18, 88]","[311.27, 26]","[312.75, 40]",309.12,234,4.29,0.44
07:38:51,"[308.0, 22]","[304.18, 66]","[309.6, 15]","[311.93, 28]",308.8,131,1.6,0.34
07:38:52,"[304.83, 36]","[300.72, 75]","[311.2, 15]","[313.5, 24]",308.02,150,6.37,0.48
07:38:53,"[302.41, 41]","[299.61, 51]","[313.0, 15]","[315.0, 22]",307.71,129,10.59,0.43
07:38:54,"[309.43, 37]","[308.65, 40]","[314.68, 19]","[320.29, 51]",312.06,147,5.25,0.05
07:38:55,"[311.0, 8]","[310.0, 16]","[315.0, 16]","[321.0, 40]",313.0,80,4.0,-0.4
07:38:56,"[312.74, 23]","[311.58, 24]","[315.0, 21]","[321.0, 55]",313.87,123,2.26,-0.24
07:38:57,"[313.79, 19]","[312.71, 14]","[320.85, 41]","[323.46, 13]",317.32,87,7.06,-0.24
07:38:58,"[315.0, 24]","[314.0, 24]","[320.8, 40]","[321.88, 32]",317.9,120,5.8,-0.2
07:38:59,"[316.77, 26]","[315.0, 29]","[319.73, 22]","[320.59, 39]",318.25,116,2.96,-0.05
07:39:00,"[320.22, 9]","[316.33, 9]","[323.29, 21]","[325.6, 10]",321.75,49,3.06,-0.27
07:39:01,"[321.0, 9]","[319.0, 9]","[323.78, 18]","[325.6, 10]",322.39,46,2.78,-0.22
07:39:02,"[309.26, 132]","[307.33, 60]","[322.02, 41]","[324.21, 29]",315.64,262,12.77,0.47
07:39:03,"[309.34, 219]","[305.23, 91]","[312.0, 20]","[320.42, 36]",310.67,366,2.66,0.69
07:39:04,"[311.44, 135]","[304.22, 51]","[314.0, 18]","[325.0, 18]",312.72,222,2.56,0.68
07:39:05,"[312.8, 75]","[306.0, 5]","[318.4, 10]","[325.25, 8]",315.6,98,5.6,0.63
07:39:06,"[314.32, 102]","[313.58, 74]","[325.0, 16]","[326.0, 8]",319.66,200,10.68,0.76
07:39:07,"[316.0, 108]","[315.0, 216]","[323.12, 24]","[324.83, 18]",319.56,366,7.12,0.77
07:39:08,"[315.75, 188]","[314.0, 104]","[321.82, 68]","[323.0, 17]",318.79,377,6.07,0.55
07:39:09,"[318.25, 51]","[317.34, 73]","[320.67, 24]","[321.78, 37]",319.46,185,2.41,0.34
07:39:10,"[315.87, 138]","[308.27, 82]","[320.61, 31]","[325.25, 69]",318.24,320,4.74,0.38
07:39:11,"[317.41, 136]","[316.5, 124]","[319.97, 29]","[325.83, 72]",318.69,361,2.55,0.44
07:39:12,"[319.0, 64]","[317.32, 56]","[324.29, 28]","[326.5, 40]",321.64,188,5.29,0.28
07:39:13,"[320.29, 56]","[316.0, 35]","[326.0, 35]","[327.0, 35]",323.14,161,5.71,0.13
07:39:14,"[321.48, 62]","[319.08, 52]","[326.0, 40]","[327.0, 40]",323.74,194,4.52,0.18
07:39:15,"[322.0, 35]","[321.0, 40]","[326.0, 25]","[327.0, 25]",324.0,125,4.0,0.2
07:39:16,"[322.7, 70]","[321.0, 80]","[326.0, 50]","[327.0, 50]",324.35,250,3.3,0.2
07:39:17,"[323.0, 27]","[321.0, 56]","[326.0, 35]","[327.0, 35]",324.5,153,3.0,0.08
07:39:18,"[323.0, 18]","[321.0, 48]","[326.0, 30]","[327.0, 30]",324.5,126,3.0,0.05
07:39:19,"[323.0, 15]","[321.0, 40]","[326.0, 29]","[328.12, 16]",324.5,100,3.0,0.1
07:39:20,"[323.0, 21]","[321.0, 56]","[325.8, 45]","[327.03, 31]",324.4,153,2.8,0.01
07:39:21,"[323.0, 24]","[321.0, 64]","[324.25, 24]","[326.54, 37]",323.62,149,1.25,0.18
07:39:22,"[321.22, 54]","[320.45, 22]","[327.37, 38]","[329.58, 38]",324.3,152,6.15,0.0
07:39:23,"[321.0, 64]","[319.0, 8]","[328.0, 52]","[330.0, 40]",324.5,164,7.0,-0.12
07:39:24,"[321.0, 72]","[319.0, 9]","[328.0, 44]","[330.0, 45]",324.5,170,7.0,-0.05
07:39:25,"[321.0, 67]","[317.4, 45]","[327.43, 42]","[328.53, 57]",324.21,211,6.43,0.06
07:39:26,"[321.0, 50]","[317.0, 180]","[325.3, 30]","[328.0, 40]",323.15,300,4.3,0.53
07:39:27,"[319.84, 83]","[317.17, 207]","[324.8, 45]","[328.8, 60]",322.32,395,4.96,0.47
07:39:28,"[319.0, 54]","[317.0, 45]","[324.0, 27]","[329.0, 36]",321.5,162,5.0,0.22
07:39:29,"[319.0, 72]","[317.0, 60]","[322.33, 36]","[329.0, 48]",320.67,216,3.33,0.22
07:39:30,"[319.72, 65]","[318.68, 93]","[322.0, 48]","[330.17, 72]",320.86,278,2.28,0.14
07:39:31,"[320.2, 30]","[319.0, 60]","[322.0, 30]","[329.0, 20]",321.1,140,1.8,0.29
07:39:32,"[319.0, 60]","[317.0, 60]","[321.92, 36]","[328.16, 25]",320.46,181,2.92,0.33
07:39:33,"[319.0, 56]","[317.0, 37]","[320.38, 39]","[326.83, 52]",319.69,184,1.38,0.01
07:39:34,"[319.0, 34]","[317.0, 30]","[320.18, 51]","[333.0, 136]",319.59,251,1.18,-0.49
07:39:35,"[317.33, 12]","[316.05, 42]","[319.26, 34]","[333.63, 43]",318.3,131,1.93,-0.18
07:39:36,"[317.0, 8]","[316.0, 32]","[318.16, 25]","[332.33, 30]",317.58,95,1.16,-0.16
07:39:37,"[316.08, 25]","[315.16, 50]","[317.38, 24]","[330.0, 16]",316.73,115,1.3,0.3
07:39:38,"[316.0, 21]","[315.0, 49]","[317.0, 21]","[327.0, 14]",316.5,105,1.0,0.33
07:39:39,"[316.0, 15]","[315.0, 35]","[317.0, 15]","[327.0, 10]",316.5,75,1.0,0.33
07:39:40,"[316.0, 15]","[315.0, 35]","[317.0, 15]","[327.0, 10]",316.5,75,1.0,0.33
07:39:41,"[314.61, 31]","[312.78, 36]","[324.69, 26]","[330.57, 14]",319.65,107,10.08,0.25
07:39:42,"[315.69, 45]","[308.73, 11]","[327.0, 22]","[332.0, 11]",321.34,89,11.31,0.26
07:39:43,"[316.0, 28]","[312.0, 7]","[327.0, 14]","[332.0, 7]",321.5,56,11.0,0.25
07:39:44,"[316.0, 16]","[312.0, 12]","[327.0, 8]","[332.0, 4]",321.5,40,11.0,0.4
07:39:45,"[317.56, 50]","[314.62, 61]","[327.0, 32]","[332.0, 16]",322.28,159,9.44,0.4
07:39:46,"[318.85, 39]","[309.67, 27]","[327.0, 26]","[332.0, 13]",322.92,105,8.15,0.26
07:39:47,"[320.0, 27]","[313.14, 14]","[327.0, 18]","[332.0, 9]",323.5,68,7.0,0.21
07:39:48,"[320.83, 18]","[316.0, 12]","[327.0, 12]","[332.0, 6]",323.92,48,6.17,0.25
07:39:49,"[321.91, 33]","[316.0, 22]","[327.0, 22]","[332.0, 11]",324.45,88,5.09,0.25
07:39:50,"[322.4, 30]","[316.79, 38]","[327.0, 20]","[332.0, 10]",324.7,98,4.6,0.39
07:39:51,"[323.0, 27]","[317.6, 50]","[325.3, 10]","[328.0, 17]",324.15,104,2.3,0.48
07:39:52,"[321.38, 37]","[319.57, 70]","[326.4, 10]","[331.6, 20]",323.89,137,5.02,0.56
07:39:53,"[320.17, 36]","[318.71, 35]","[329.09, 22]","[331.33, 12]",324.63,105,8.92,0.35
07:39:54,"[321.33, 36]","[320.0, 120]","[329.0, 60]","[330.0, 24]",325.17,240,7.67,0.3
07:39:55,"[320.75, 152]","[319.56, 144]","[328.57, 102]","[330.1, 39]",324.66,437,7.82,0.35
07:39:56,"[321.0, 162]","[320.0, 180]","[324.35, 66]","[326.06, 52]",322.67,460,3.35,0.49
07:39:57,"[320.1, 144]","[317.44, 137]","[321.35, 31]","[322.93, 59]",320.73,371,1.26,0.51
07:39:58,"[319.5, 54]","[316.97, 65]","[321.38, 16]","[333.08, 26]",320.44,161,1.88,0.48
07:39:59,"[317.0, 45]","[316.0, 10]","[322.0, 5]","[334.0, 20]",319.5,80,5.0,0.38
07:40:00,"[318.91, 110]","[316.85, 66]","[330.22, 27]","[334.83, 48]",324.57,251,11.31,0.4
07:40:01,"[320.0, 80]","[317.0, 64]","[331.0, 32]","[336.0, 48]",325.5,224,11.0,0.29
07:40:02,"[320.0, 70]","[317.0, 56]","[331.0, 28]","[336.0, 42]",325.5,196,11.0,0.29
07:40:03,"[320.29, 28]","[319.14, 56]","[331.0, 24]","[336.0, 36]",325.64,144,10.71,0.17
07:40:04,"[321.67, 30]","[320.0, 150]","[330.5, 44]","[333.84, 74]",326.08,298,8.83,0.21
07:40:05,"[320.67, 90]","[319.26, 133]","[329.0, 26]","[335.84, 124]",324.83,373,8.33,0.2
07:40:06,"[321.75, 48]","[320.78, 92]","[328.71, 28]","[335.48, 108]",325.23,276,6.96,0.01
07:40:07,"[322.84, 43]","[320.08, 142]","[327.33, 30]","[328.6, 30]",325.09,245,4.5,0.51
07:40:08,"[324.0, 14]","[320.0, 100]","[325.9, 20]","[327.8, 20]",324.95,154,1.9,0.48
07:40:09,"[320.82, 107]","[319.14, 154]","[324.86, 29]","[333.09, 55]",322.84,345,4.04,0.51
07:40:10,"[321.0, 135]","[320.0, 120]","[322.71, 14]","[323.94, 32]",321.86,301,1.71,0.69
07:40:11,"[321.0, 74]","[320.0, 100]","[326.0, 24]","[333.45, 31]",323.5,229,5.0,0.52
07:40:12,"[321.0, 48]","[320.0, 120]","[333.83, 48]","[336.0, 48]",327.42,264,12.83,0.27
07:40:13,"[321.0, 32]","[320.0, 80]","[333.0, 32]","[334.0, 32]",327.0,176,12.0,0.27
07:40:14,"[321.0, 36]","[320.0, 90]","[333.0, 36]","[334.0, 36]",327.0,198,12.0,0.27
07:40:15,"[321.0, 27]","[320.0, 90]","[333.11, 37]","[334.47, 34]",327.05,188,12.11,0.24
07:40:16,"[321.0, 21]","[320.0, 70]","[333.0, 35]","[334.0, 28]",327.0,154,12.0,0.18
07:40:17,"[321.0, 21]","[320.0, 70]","[333.0, 35]","[334.0, 28]",327.0,154,12.0,0.18
07:40:18,"[321.0, 33]","[319.74, 68]","[333.0, 55]","[334.0, 44]",327.0,200,12.0,0.01
07:40:19,"[320.5, 54]","[319.91, 99]","[333.0, 60]","[334.0, 48]",326.75,261,12.5,0.17
07:40:20,"[320.0, 90]","[319.0, 30]","[332.47, 53]","[333.44, 45]",326.24,218,12.47,0.1
07:40:21,"[320.0, 72]","[319.0, 24]","[332.0, 53]","[333.0, 40]",326.0,189,12.0,0.02
07:40:22,"[320.0, 72]","[319.0, 24]","[331.51, 41]","[332.67, 30]",325.76,167,11.51,0.15
07:40:23,"[320.37, 71]","[319.78, 69]","[331.0, 44]","[332.0, 33]",325.68,217,10.63,0.29
07:40:24,"[321.43, 56]","[320.0, 126]","[330.29, 56]","[332.0, 42]",325.86,280,8.86,0.3
07:40:25,"[323.0, 62]","[320.0, 162]","[329.11, 72]","[332.0, 54]",326.06,350,6.11,0.28
07:40:26,"[323.83, 23]","[320.0, 135]","[327.2, 60]","[334.62, 61]",325.51,279,3.37,0.13
07:40:27,"[324.0, 12]","[320.0, 108]","[326.83, 48]","[336.0, 60]",325.42,228,2.83,0.05
07:40:28,"[324.0, 12]","[320.0, 108]","[328.0, 50]","[336.11, 56]",326.0,226,4.0,0.06
07:40:29,"[324.0, 11]","[320.0, 99]","[335.27, 55]","[336.42, 43]",329.64,208,11.27,0.06
07:40:30,"[324.0, 10]","[320.0, 90]","[334.0, 50]","[336.0, 50]",329.0,200,10.0,0.0
07:40:31,"[321.9, 20]","[319.48, 75]","[333.47, 75]","[334.93, 75]",327.68,245,11.57,-0.22
07:40:32,"[317.0, 96]","[316.0, 48]","[332.08, 60]","[333.38, 80]",324.54,284,15.08,0.01
07:40:33,"[318.88, 112]","[316.74, 81]","[328.04, 45]","[330.09, 57]",323.46,295,9.17,0.31
07:40:34,"[320.0, 98]","[316.6, 35]","[322.63, 46]","[324.98, 46]",321.32,225,2.63,0.18
07:40:35,"[319.8, 41]","[317.3, 30]","[320.93, 54]","[323.42, 62]",320.37,187,1.12,-0.24
07:40:36,"[317.25, 24]","[315.9, 30]","[320.0, 10]","[326.92, 38]",318.62,102,2.75,0.06
07:40:37,"[317.0, 33]","[315.0, 33]","[318.84, 38]","[325.26, 19]",317.92,123,1.84,0.07
07:40:38,"[315.0, 30]","[310.0, 30]","[320.0, 10]","[330.24, 37]",317.5,107,5.0,0.12
07:40:39,"[315.86, 42]","[312.71, 51]","[319.28, 18]","[328.89, 54]",317.57,165,3.42,0.13
07:40:40,"[315.0, 16]","[308.0, 48]","[318.12, 16]","[324.0, 28]",316.56,108,3.12,0.19
07:40:41,"[308.42, 38]","[306.57, 46]","[313.17, 29]","[315.26, 23]",310.8,136,4.75,0.24
07:40:42,"[308.39, 46]","[307.5, 40]","[312.91, 33]","[317.41, 17]",310.65,136,4.52,0.26
07:40:43,"[309.82, 34]","[308.91, 44]","[311.48, 44]","[313.0, 32]",310.65,154,1.65,0.01
07:40:44,"[309.33, 27]","[303.73, 22]","[310.0, 14]","[312.43, 21]",309.67,84,0.67,0.17
07:40:45,"[303.0, 9]","[300.09, 33]","[309.71, 14]","[316.6, 15]",306.36,71,6.71,0.18
07:40:46,"[302.58, 57]","[300.6, 45]","[312.15, 13]","[313.08, 24]",307.37,139,9.57,0.47
07:40:47,"[303.65, 92]","[302.89, 146]","[312.0, 14]","[313.0, 28]",307.83,280,8.35,0.7
07:40:48,"[306.17, 141]","[305.68, 114]","[316.09, 22]","[315.62, 32]",311.13,309,9.92,0.65
07:40:49,"[309.69, 115]","[307.28, 106]","[322.0, 52]","[323.0, 26]",315.84,299,12.31,0.48
07:40:50,"[312.69, 64]","[310.0, 208]","[321.69, 58]","[322.81, 64]",317.19,394,9.0,0.38
07:40:51,"[313.0, 48]","[312.0, 36]","[321.0, 60]","[322.59, 34]",317.0,178,8.0,-0.06
07:40:52,"[314.0, 50]","[310.03, 185]","[320.75, 67]","[321.57, 30]",317.37,332,6.75,0.42
07:40:53,"[314.29, 34]","[310.0, 182]","[318.0, 14]","[320.86, 70]",316.15,300,3.71,0.44
07:40:54,"[316.01, 146]","[310.87, 70]","[320.21, 34]","[321.3, 50]",318.11,300,4.2,0.44
07:40:55,"[316.75, 156]","[305.0, 60]","[321.0, 60]","[327.33, 36]",318.88,312,4.25,0.38
07:40:56,"[318.57, 182]","[305.03, 62]","[321.0, 70]","[327.82, 67]",319.79,381,2.43,0.28
07:40:57,"[319.0, 143]","[315.0, 22]","[321.0, 55]","[328.0, 55]",320.0,275,2.0,0.2
07:40:58,"[319.0, 156]","[313.0, 56]","[321.0, 60]","[328.0, 60]",320.0,332,2.0,0.28
07:40:59,"[319.0, 115]","[316.0, 80]","[321.0, 50]","[328.0, 50]",320.0,295,2.0,0.32
07:41:00,"[319.0, 80]","[316.0, 80]","[321.0, 50]","[328.0, 50]",320.0,260,2.0,0.23
07:41:01,"[319.16, 88]","[316.64, 132]","[320.89, 61]","[327.51, 86]",320.02,367,1.73,0.2
07:41:02,"[320.0, 56]","[319.0, 28]","[321.0, 42]","[328.0, 70]",320.5,196,1.0,-0.14
07:41:03,"[320.0, 29]","[319.0, 18]","[321.0, 27]","[328.0, 45]",320.5,119,1.0,-0.21
07:41:04,"[317.33, 36]","[315.18, 11]","[321.0, 21]","[328.0, 35]",319.17,103,3.67,-0.09
07:41:05,"[316.18, 44]","[314.51, 37]","[321.67, 27]","[328.67, 36]",318.92,144,5.48,0.12
07:41:06,"[316.02, 105]","[309.19, 21]","[322.6, 30]","[328.16, 38]",319.31,194,6.58,0.3
07:41:07,"[316.0, 112]","[303.55, 22]","[321.91, 22]","[326.35, 46]",318.95,202,5.91,0.33
07:41:08,"[316.16, 45]","[313.62, 78]","[326.0, 39]","[327.0, 52]",321.08,214,9.84,0.15
07:41:09,"[316.72, 54]","[313.65, 68]","[324.0, 13]","[326.0, 39]",320.36,174,7.28,0.4
07:41:10,"[318.83, 36]","[316.25, 32]","[325.36, 22]","[326.49, 41]",322.1,131,6.53,0.04
07:41:11,"[319.4, 20]","[317.0, 10]","[325.87, 31]","[326.92, 39]",322.64,100,6.47,-0.4
07:41:12,"[320.62, 13]","[317.0, 13]","[325.0, 52]","[326.0, 39]",322.81,117,4.38,-0.56
07:41:13,"[322.33, 9]","[317.0, 9]","[325.0, 36]","[326.0, 27]",323.67,81,2.67,-0.56
07:41:14,"[323.0, 15]","[317.0, 15]","[325.33, 51]","[327.31, 52]",324.17,133,2.33,-0.55
07:41:15,"[323.0, 11]","[319.31, 26]","[325.53, 17]","[327.0, 36]",324.26,90,2.53,-0.18
07:41:16,"[321.88, 16]","[319.86, 42]","[325.0, 12]","[328.84, 45]",323.44,115,3.12,0.01
07:41:17,"[320.0, 45]","[317.0, 15]","[323.7, 23]","[327.64, 44]",321.85,127,3.7,-0.06
07:41:18,"[320.0, 35]","[317.0, 13]","[322.33, 21]","[325.98, 47]",321.17,116,2.33,-0.17
07:41:19,"[320.0, 12]","[317.0, 6]","[322.0, 18]","[330.0, 30]",321.0,66,2.0,-0.45
07:41:20,"[318.67, 18]","[316.38, 13]","[325.22, 23]","[334.83, 53]",321.94,107,6.55,-0.42
07:41:21,"[314.5, 8]","[312.5, 8]","[334.0, 6]","[338.0, 24]",324.25,46,19.5,-0.3
07:41:22,"[312.82, 11]","[311.7, 20]","[334.0, 10]","[338.0, 40]",323.41,81,21.18,-0.23
07:41:23,"[310.69, 26]","[308.71, 35]","[333.56, 16]","[337.35, 43]",322.13,120,22.87,0.02
07:41:24,"[311.9, 42]","[309.17, 24]","[332.75, 12]","[334.0, 12]",322.33,90,20.85,0.47
07:41:25,"[314.85, 68]","[312.82, 110]","[330.68, 19]","[335.13, 31]",322.77,228,15.83,0.56
07:41:26,"[320.0, 26]","[317.24, 34]","[330.67, 15]","[335.65, 43]",325.33,118,10.67,0.02
07:41:27,"[320.52, 21]","[319.69, 32]","[328.1, 63]","[330.02, 46]",324.31,162,7.57,-0.35
07:41:28,"[321.0, 12]","[320.0, 24]","[326.49, 41]","[328.05, 43]",323.74,120,5.49,-0.4
07:41:29,"[321.81, 37]","[320.64, 56]","[324.55, 60]","[326.21, 68]",323.18,221,2.74,-0.16
07:41:30,"[322.0, 46]","[321.0, 52]","[324.49, 43]","[327.53, 60]",323.24,201,2.49,-0.02
07:41:31,"[321.07, 54]","[320.24, 34]","[327.95, 74]","[331.39, 33]",324.51,195,6.87,-0.1
07:41:32,"[320.75, 32]","[319.69, 26]","[331.31, 29]","[334.88, 50]",326.03,137,10.56,-0.15
07:41:33,"[320.0, 22]","[319.0, 22]","[332.0, 22]","[335.0, 44]",326.0,110,12.0,-0.2
07:41:34,"[320.0, 18]","[319.0, 18]","[331.38, 24]","[334.26, 35]",325.69,95,11.38,-0.24
07:41:35,"[320.0, 30]","[319.0, 30]","[329.13, 75]","[334.65, 51]",324.57,186,9.13,-0.35
07:41:36,"[320.0, 30]","[319.0, 30]","[324.93, 75]","[336.81, 64]",322.47,199,4.93,-0.4
07:41:37,"[319.46, 13]","[317.6, 20]","[322.4, 50]","[334.27, 44]",320.93,127,2.94,-0.48
07:41:38,"[319.0, 11]","[317.0, 22]","[320.91, 55]","[333.33, 90]",319.95,178,1.91,-0.63
07:41:39,"[317.5, 28]","[316.14, 28]","[330.88, 68]","[332.66, 79]",324.19,203,13.38,-0.45
07:41:40,"[321.0, 21]","[317.0, 14]","[330.43, 28]","[331.48, 31]",325.71,94,9.43,-0.26
07:41:41,"[321.0, 42]","[317.0, 28]","[328.93, 56]","[331.0, 56]",324.96,182,7.93,-0.23
07:41:42,"[319.61, 46]","[316.56, 36]","[327.19, 86]","[328.67, 72]",323.4,240,7.58,-0.32
07:41:43,"[321.0, 16]","[317.0, 32]","[326.33, 75]","[327.28, 69]",323.67,192,5.33,-0.5
07:41:44,"[321.0, 18]","[317.0, 36]","[323.94, 72]","[326.1, 77]",322.47,203,2.94,-0.47
07:41:45,"[321.0, 12]","[317.0, 24]","[323.0, 48]","[324.0, 48]",322.0,132,2.0,-0.45
07:41:46,"[321.6, 25]","[318.0, 36]","[323.27, 74]","[329.15, 78]",322.44,213,1.67,-0.43
07:41:47,"[318.52, 29]","[315.0, 59]","[326.06, 69]","[333.51, 83]",322.29,240,7.54,-0.27
07:41:48,"[308.8, 120]","[305.7, 37]","[329.89, 72]","[332.1, 49]",319.34,278,21.09,0.13
07:41:49,"[310.0, 180]","[308.0, 64]","[327.09, 55]","[328.89, 61]",318.55,360,17.09,0.36
07:41:50,"[310.5, 144]","[309.36, 118]","[323.73, 59]","[325.26, 46]",317.11,367,13.23,0.43
07:41:51,"[310.0, 108]","[309.0, 36]","[321.22, 36]","[324.0, 27]",315.61,207,11.22,0.39
07:41:52,"[310.0, 218]","[309.0, 56]","[319.93, 55]","[321.77, 43]",314.96,372,9.93,0.47
07:41:53,"[310.0, 213]","[309.0, 56]","[318.17, 46]","[319.12, 52]",314.09,367,8.17,0.47
07:41:54,"[312.45, 115]","[309.79, 112]","[317.0, 45]","[319.33, 45]",314.73,317,4.55,0.43
07:41:55,"[316.0, 18]","[310.0, 168]","[322.22, 46]","[324.72, 58]",319.11,290,6.22,0.28
07:41:56,"[316.38, 21]","[310.19, 126]","[323.0, 68]","[325.0, 85]",319.69,300,6.62,-0.02
07:41:57,"[317.08, 65]","[308.25, 130]","[323.0, 52]","[325.0, 65]",320.04,312,5.92,0.25
07:41:58,"[318.0, 140]","[316.0, 10]","[323.0, 40]","[325.0, 50]",320.5,240,5.0,0.25
07:41:59,"[318.67, 210]","[316.0, 15]","[322.8, 50]","[324.43, 70]",320.73,345,4.13,0.3
07:42:00,"[321.0, 224]","[316.0, 16]","[322.0, 32]","[323.69, 72]",321.5,344,1.0,0.4
07:42:01,"[317.71, 62]","[308.13, 244]","[323.95, 77]","[325.81, 80]",320.83,463,6.24,0.32
07:42:02,"[317.98, 90]","[317.35, 31]","[324.0, 65]","[326.0, 65]",320.99,251,6.02,-0.04
07:42:03,"[321.58, 84]","[319.25, 84]","[324.43, 70]","[326.49, 61]",323.01,299,2.85,0.12
07:42:04,"[322.44, 112]","[321.0, 80]","[324.0, 16]","[325.19, 80]",323.22,288,1.56,0.33
07:42:05,"[323.0, 63]","[321.0, 45]","[324.71, 21]","[325.83, 36]",323.86,165,1.71,0.31
07:42:06,"[323.29, 69]","[321.46, 91]","[325.0, 85]","[330.0, 34]",324.14,279,1.71,0.15
07:42:07,"[324.0, 54]","[321.0, 40]","[325.0, 36]","[330.0, 16]",324.5,146,1.0,0.29
07:42:08,"[324.0, 88]","[321.0, 70]","[325.0, 42]","[333.73, 30]",324.5,230,1.0,0.37
07:42:09,"[324.0, 26]","[321.0, 65]","[325.0, 39]","[338.31, 52]",324.5,182,1.0,0.0
07:42:10,"[324.0, 18]","[321.0, 45]","[325.0, 27]","[336.66, 38]",324.5,128,1.0,-0.02
07:42:11,"[321.58, 31]","[319.29, 35]","[325.0, 24]","[329.0, 40]",323.29,130,3.42,0.02
07:42:12,"[321.69, 64]","[320.32, 71]","[324.38, 29]","[327.72, 50]",323.03,214,2.69,0.26
07:42:13,"[322.0, 42]","[321.0, 65]","[323.78, 23]","[326.03, 38]",322.89,168,1.78,0.27
07:42:14,"[321.14, 51]","[318.82, 55]","[324.76, 29]","[330.67, 45]",322.95,180,3.62,0.18
07:42:15,"[321.0, 42]","[318.0, 56]","[332.0, 42]","[334.43, 70]",326.5,210,11.0,-0.07
07:42:16,"[319.25, 24]","[318.1, 31]","[332.0, 24]","[336.0, 40]",325.62,119,12.75,-0.08
07:42:17,"[319.0, 24]","[318.0, 32]","[331.95, 22]","[335.03, 38]",325.48,116,12.95,-0.03
07:42:18,"[320.2, 10]","[318.6, 20]","[331.0, 6]","[332.0, 18]",325.6,54,10.8,0.11
07:42:19,"[319.95, 22]","[318.51, 41]","[330.75, 12]","[332.0, 36]",325.35,111,10.8,0.14
07:42:20,"[319.0, 30]","[318.0, 40]","[327.04, 28]","[328.27, 22]",323.02,120,8.04,0.17
07:42:21,"[319.0, 39]","[318.0, 52]","[324.31, 13]","[326.0, 52]",321.65,156,5.31,0.17
07:42:22,"[317.65, 69]","[316.52, 133]","[322.18, 34]","[325.32, 31]",319.91,267,4.52,0.51
07:42:23,"[318.0, 42]","[317.0, 126]","[321.71, 56]","[323.0, 14]",319.86,238,3.71,0.41
07:42:24,"[317.23, 94]","[316.43, 168]","[319.0, 48]","[330.62, 39]",318.12,349,1.77,0.5
07:42:25,"[317.0, 54]","[316.0, 72]","[319.0, 12]","[330.0, 18]",318.0,156,2.0,0.62
07:42:26,"[317.0, 108]","[316.0, 168]","[319.0, 28]","[330.0, 42]",318.0,346,2.0,0.6
07:42:27,"[317.0, 24]","[316.0, 84]","[326.11, 18]","[331.14, 21]",321.56,147,9.11,0.47
07:42:28,"[317.0, 22]","[316.0, 132]","[330.0, 33]","[332.0, 33]",323.5,220,13.0,0.4
07:42:29,"[317.0, 16]","[316.0, 96]","[330.0, 24]","[332.0, 24]",323.5,160,13.0,0.4
07:42:30,"[316.06, 104]","[315.3, 54]","[330.0, 36]","[332.0, 36]",323.03,230,13.94,0.37
07:42:31,"[316.08, 98]","[313.86, 70]","[330.0, 33]","[332.0, 33]",323.04,234,13.92,0.44
07:42:32,"[317.38, 52]","[316.0, 130]","[331.42, 31]","[332.83, 24]",324.4,237,14.03,0.54
07:42:33,"[318.55, 44]","[316.8, 100]","[329.0, 25]","[333.6, 20]",323.77,189,10.45,0.52
07:42:34,"[319.0, 16]","[318.0, 56]","[329.0, 21]","[336.0, 28]",324.0,121,10.0,0.19
07:42:35,"[319.45, 29]","[318.0, 120]","[327.79, 33]","[333.25, 24]",323.62,206,8.34,0.45
07:42:36,"[320.67, 12]","[317.41, 102]","[326.25, 24]","[331.0, 12]",323.46,150,5.58,0.52
07:42:37,"[321.0, 8]","[316.0, 80]","[324.88, 16]","[331.0, 8]",322.94,112,3.88,0.57
07:42:38,"[316.5, 50]","[315.67, 60]","[323.0, 20]","[333.45, 22]",319.75,152,6.5,0.45
07:42:39,"[316.0, 55]","[313.07, 56]","[322.0, 14]","[332.67, 9]",319.0,134,6.0,0.66
07:42:40,"[316.0, 35]","[313.0, 77]","[321.0, 14]","[332.0, 7]",318.5,133,5.0,0.68
07:42:41,"[313.39, 114]","[312.48, 69]","[318.5, 24]","[325.14, 14]",315.95,221,5.11,0.66
07:42:42,"[314.72, 79]","[312.98, 173]","[316.79, 29]","[318.91, 33]",315.76,314,2.07,0.61
07:42:43,"[315.82, 33]","[314.03, 38]","[317.09, 46]","[319.82, 22]",316.45,139,1.27,0.02
07:42:44,"[315.0, 42]","[308.0, 42]","[316.46, 26]","[317.43, 28]",315.73,138,1.46,0.22
07:42:45,"[314.54, 50]","[306.94, 51]","[322.64, 14]","[329.35, 17]",318.59,132,8.1,0.53
07:42:46,"[316.12, 34]","[308.32, 68]","[321.0, 8]","[327.0, 8]",318.56,118,4.88,0.73
07:42:47,"[318.25, 24]","[316.0, 60]","[320.85, 13]","[326.5, 12]",319.55,109,2.6,0.54
07:42:48,"[316.31, 39]","[314.36, 97]","[322.55, 11]","[327.22, 9]",319.43,156,6.24,0.74
07:42:49,"[316.0, 50]","[315.0, 130]","[324.0, 10]","[331.0, 10]",320.0,200,8.0,0.8
07:42:50,"[316.0, 35]","[315.0, 91]","[324.0, 7]","[331.0, 7]",320.0,140,8.0,0.8
07:42:51,"[316.0, 70]","[315.0, 182]","[322.77, 26]","[325.0, 14]",319.38,292,6.77,0.73
07:42:52,"[315.02, 111]","[308.11, 47]","[322.0, 20]","[325.2, 10]",318.51,188,6.98,0.68
07:42:53,"[316.0, 20]","[315.0, 110]","[321.0, 20]","[326.0, 10]",318.5,160,5.0,0.62
07:42:54,"[316.48, 31]","[315.1, 98]","[319.4, 15]","[326.62, 13]",317.94,157,2.92,0.64
07:42:55,"[317.0, 47]","[316.0, 32]","[319.44, 16]","[328.06, 16]",318.22,111,2.44,0.42
07:42:56,"[317.82, 34]","[316.0, 34]","[325.35, 17]","[328.74, 19]",321.59,104,7.53,0.31
07:42:57,"[318.0, 28]","[316.0, 28]","[322.2, 30]","[325.14, 14]",320.1,100,4.2,0.12
07:42:58,"[319.62, 52]","[317.73, 22]","[321.82, 33]","[329.0, 11]",320.72,118,2.2,0.25
07:42:59,"[318.07, 73]","[314.67, 36]","[321.0, 17]","[329.0, 15]",319.53,141,2.93,0.55
07:43:00,"[315.73, 107]","[313.0, 108]","[320.06, 17]","[330.03, 35]",317.89,267,4.33,0.61
07:43:01,"[318.0, 31]","[315.0, 117]","[326.62, 21]","[330.68, 34]",322.31,203,8.62,0.46
07:43:02,"[316.65, 34]","[312.84, 116]","[329.0, 28]","[331.0, 82]",322.82,260,12.35,0.15
07:43:03,"[315.0, 21]","[307.0, 46]","[329.0, 6]","[331.0, 24]",322.0,97,14.0,0.38
07:43:04,"[317.79, 73]","[313.05, 44]","[329.0, 18]","[331.0, 72]",323.4,207,11.21,0.13
07:43:05,"[319.18, 99]","[317.0, 38]","[329.0, 22]","[331.0, 88]",324.09,247,9.82,0.11
07:43:06,"[320.0, 103]","[317.22, 37]","[328.12, 51]","[330.43, 42]",324.06,233,8.12,0.2
07:43:07,"[320.71, 56]","[319.0, 32]","[327.62, 40]","[330.0, 16]",324.17,144,6.91,0.22
07:43:08,"[321.4, 60]","[319.7, 77]","[325.94, 85]","[330.46, 52]",323.67,274,4.54,0.0
07:43:09,"[320.24, 58]","[315.83, 72]","[326.32, 76]","[331.15, 65]",323.28,271,6.07,-0.04
07:43:10,"[317.0, 33]","[315.0, 77]","[329.18, 11]","[331.18, 55]",323.09,176,12.18,0.25
07:43:11,"[316.53, 45]","[314.87, 92]","[329.0, 14]","[333.0, 70]",322.77,221,12.47,0.24
07:43:12,"[315.78, 27]","[314.74, 46]","[328.38, 8]","[333.0, 40]",322.08,121,12.6,0.21
07:43:13,"[315.0, 84]","[312.0, 56]","[328.0, 14]","[332.31, 48]",321.5,202,13.0,0.39
07:43:14,"[315.0, 78]","[312.0, 52]","[327.0, 16]","[331.23, 39]",321.0,185,12.0,0.41
07:43:15,"[315.0, 78]","[311.82, 44]","[325.77, 22]","[326.53, 17]",320.39,161,10.77,0.52
07:43:16,"[315.0, 66]","[313.0, 77]","[323.73, 11]","[326.0, 22]",319.36,176,8.73,0.62
07:43:17,"[315.0, 78]","[313.0, 91]","[321.75, 16]","[323.17, 23]",318.38,208,6.75,0.62
07:43:18,"[315.0, 96]","[313.0, 112]","[320.23, 26]","[321.55, 22]",317.62,256,5.23,0.62
07:43:19,"[315.4, 30]","[313.73, 99]","[319.24, 17]","[320.07, 28]",317.32,174,3.84,0.48
07:43:20,"[313.85, 39]","[312.81, 85]","[319.81, 27]","[320.87, 30]",316.83,181,5.97,0.37
07:43:21,"[313.07, 83]","[310.59, 58]","[325.0, 68]","[326.0, 85]",319.04,294,11.93,-0.04
07:43:22,"[316.58, 33]","[315.59, 78]","[325.0, 56]","[328.62, 56]",320.79,223,8.42,-0.0
07:43:23,"[321.9, 78]","[318.76, 33]","[330.53, 66]","[337.4, 60]",326.21,237,8.63,-0.06
07:43:24,"[322.0, 48]","[320.0, 24]","[329.47, 75]","[334.67, 54]",325.73,201,7.47,-0.28
07:43:25,"[322.32, 25]","[320.71, 31]","[328.61, 92]","[334.56, 54]",325.46,202,6.29,-0.45
07:43:26,"[322.82, 11]","[320.75, 16]","[325.48, 48]","[328.23, 62]",324.15,137,2.66,-0.61
07:43:27,"[320.24, 25]","[319.41, 69]","[325.0, 52]","[327.3, 47]",322.62,193,4.76,-0.03
07:43:28,"[319.0, 70]","[317.07, 68]","[325.0, 40]","[330.0, 40]",322.0,218,6.0,0.27
07:43:29,"[319.0, 63]","[317.0, 63]","[325.0, 36]","[330.0, 36]",322.0,198,6.0,0.27
07:43:30,"[319.0, 56]","[317.0, 56]","[324.38, 32]","[330.0, 32]",321.69,176,5.38,0.27
07:43:31,"[318.52, 87]","[316.88, 96]","[321.6, 60]","[327.27, 60]",320.06,303,3.08,0.21
07:43:32,"[317.0, 63]","[316.0, 36]","[320.33, 36]","[330.0, 36]",318.67,171,3.33,0.16
07:43:33,"[317.0, 49]","[316.0, 28]","[324.42, 31]","[331.41, 29]",320.71,137,7.42,0.12
07:43:34,"[318.38, 74]","[316.57, 79]","[331.0, 60]","[333.0, 48]",324.69,261,12.62,0.17
07:43:35,"[319.6, 60]","[317.0, 120]","[330.29, 34]","[331.33, 48]",324.95,262,10.69,0.37
07:43:36,"[320.87, 90]","[317.0, 180]","[329.2, 45]","[331.0, 75]",325.03,390,8.33,0.38
07:43:37,"[321.09, 69]","[317.0, 168]","[326.36, 42]","[331.0, 70]",323.72,349,5.27,0.36
07:43:38,"[322.75, 36]","[317.0, 144]","[324.83, 36]","[331.83, 60]",323.79,276,2.08,0.3
07:43:39,"[317.0, 96]","[313.0, 20]","[326.38, 34]","[329.41, 32]",321.69,182,9.38,0.27
07:43:40,"[317.0, 41]","[313.0, 18]","[318.0, 9]","[322.44, 45]",317.5,113,1.0,0.04
07:43:41,"[317.0, 56]","[312.17, 24]","[318.0, 6]","[331.0, 30]",317.5,116,1.0,0.38
07:43:42,"[317.0, 62]","[312.0, 115]","[329.71, 34]","[332.65, 85]",323.35,296,12.71,0.2
07:43:43,"[317.0, 40]","[312.0, 80]","[328.0, 16]","[332.55, 55]",322.5,191,11.0,0.26
07:43:44,"[317.0, 55]","[312.0, 110]","[327.11, 18]","[331.26, 43]",322.06,226,10.11,0.46
07:43:45,"[317.64, 28]","[315.46, 65]","[322.7, 20]","[325.75, 16]",320.17,129,5.06,0.44
07:43:46,"[317.33, 49]","[314.5, 70]","[319.9, 42]","[321.79, 28]",318.62,189,2.58,0.26
07:43:47,"[312.29, 80]","[309.74, 94]","[318.87, 30]","[328.18, 17]",315.58,221,6.58,0.57
07:43:48,"[308.36, 70]","[307.36, 70]","[316.78, 23]","[325.17, 24]",312.57,187,8.43,0.5
07:43:49,"[311.38, 13]","[307.91, 34]","[313.04, 23]","[314.46, 13]",312.21,83,1.66,0.13
07:43:50,"[310.62, 111]","[309.71, 73]","[313.11, 27]","[322.52, 42]",311.87,253,2.49,0.45
07:43:51,"[316.71, 56]","[312.08, 52]","[326.64, 72]","[327.58, 24]",321.68,204,9.92,0.06
07:43:52,"[322.0, 50]","[321.0, 10]","[326.96, 46]","[327.64, 14]",324.48,120,4.96,0.0
07:43:53,"[321.62, 16]","[319.5, 8]","[325.0, 8]","[327.0, 40]",323.31,72,3.38,-0.33
07:43:54,"[313.67, 9]","[310.54, 13]","[325.0, 5]","[327.0, 25]",319.33,52,11.33,-0.15
07:43:55,"[309.5, 36]","[306.35, 31]","[324.06, 53]","[326.2, 25]",316.78,145,14.56,-0.08
07:43:56,"[313.34, 77]","[308.3, 54]","[322.83, 72]","[323.46, 56]",318.09,259,9.5,0.01
07:43:57,"[315.58, 12]","[309.0, 24]","[319.89, 56]","[320.57, 28]",317.74,120,4.31,-0.4
07:43:58,"[317.67, 18]","[309.0, 22]","[319.0, 44]","[320.0, 55]",318.33,139,1.33,-0.42
07:43:59,"[313.0, 14]","[307.86, 14]","[319.43, 30]","[320.43, 23]",316.22,81,6.43,-0.31
07:44:00,"[311.0, 22]","[307.0, 22]","[317.13, 46]","[318.48, 31]",314.07,121,6.13,-0.27
07:44:01,"[311.0, 32]","[307.0, 32]","[316.32, 68]","[316.46, 65]",313.66,197,5.32,-0.35
07:44:02,"[311.0, 24]","[307.0, 24]","[316.16, 38]","[317.09, 32]",313.58,118,5.16,-0.19
07:44:03,"[313.88, 64]","[309.44, 36]","[317.0, 72]","[323.63, 38]",315.44,210,3.12,-0.05
07:44:04,"[315.25, 24]","[306.62, 16]","[317.0, 48]","[325.0, 60]",316.12,148,1.75,-0.46
07:44:05,"[316.0, 24]","[306.0, 14]","[317.0, 48]","[325.0, 60]",316.5,146,1.0,-0.48
07:44:06,"[310.0, 15]","[304.29, 21]","[317.0, 48]","[325.0, 60]",313.5,144,7.0,-0.5
07:44:07,"[306.92, 53]","[304.93, 15]","[317.0, 44]","[325.0, 55]",311.96,167,10.08,-0.19
07:44:08,"[308.0, 34]","[307.0, 152]","[314.85, 52]","[321.68, 77]",311.42,315,6.85,0.18
07:44:09,"[308.15, 91]","[306.73, 73]","[315.7, 54]","[320.67, 42]",311.93,260,7.55,0.26
07:44:10,"[311.0, 85]","[309.24, 50]","[324.0, 30]","[325.0, 90]",317.5,255,13.0,0.06
07:44:11,"[318.0, 22]","[311.0, 77]","[323.0, 55]","[324.06, 17]",320.5,171,5.0,0.16
07:44:12,"[319.35, 93]","[316.52, 33]","[323.0, 70]","[324.0, 14]",321.18,210,3.65,0.2
07:44:13,"[320.0, 91]","[318.0, 26]","[323.0, 65]","[324.0, 13]",321.5,195,3.0,0.2
07:44:14,"[320.73, 22]","[319.2, 35]","[323.2, 25]","[326.67, 15]",321.96,97,2.47,0.18
07:44:15,"[319.43, 35]","[312.78, 46]","[322.82, 22]","[325.87, 23]",321.12,126,3.39,0.29
07:44:16,"[320.31, 26]","[318.0, 24]","[322.26, 19]","[323.5, 12]",321.29,81,1.96,0.23
07:44:17,"[318.0, 20]","[317.0, 30]","[321.88, 16]","[324.4, 10]",319.94,76,3.88,0.32
07:44:18,"[318.0, 13]","[317.0, 39]","[320.0, 13]","[321.0, 52]",319.0,117,2.0,-0.11
07:44:19,"[317.82, 11]","[316.2, 30]","[320.0, 10]","[321.0, 40]",318.91,91,2.18,-0.1
07:44:20,"[311.98, 43]","[303.46, 78]","[318.06, 68]","[320.0, 17]",315.02,206,6.08,0.17
07:44:21,"[309.24, 51]","[302.07, 90]","[314.17, 54]","[315.25, 59]",311.7,254,4.93,0.11
07:44:22,"[310.49, 41]","[309.59, 51]","[312.06, 51]","[315.59, 68]",311.27,211,1.57,-0.13
07:44:23,"[310.0, 60]","[308.45, 60]","[315.52, 44]","[319.8, 61]",312.76,225,5.52,0.07
07:44:24,"[311.0, 27]","[306.44, 27]","[312.44, 18]","[316.0, 27]",311.72,99,1.44,0.09
07:44:25,"[308.67, 45]","[303.0, 66]","[312.0, 30]","[316.0, 45]",310.33,186,3.33,0.19
07:44:26,"[306.0, 36]","[301.0, 72]","[315.21, 33]","[318.91, 35]",310.61,176,9.21,0.23
07:44:27,"[306.0, 18]","[301.0, 36]","[316.0, 18]","[319.0, 12]",311.0,84,10.0,0.29
07:44:28,"[306.0, 24]","[301.0, 48]","[316.0, 24]","[319.0, 16]",311.0,112,10.0,0.29
07:44:29,"[306.0, 24]","[301.0, 48]","[316.0, 24]","[319.0, 16]",311.0,112,10.0,0.29
07:44:30,"[306.0, 33]","[301.0, 66]","[316.0, 27]","[319.0, 22]",311.0,148,10.0,0.34
07:44:31,"[306.0, 36]","[303.0, 96]","[315.33, 12]","[318.0, 18]",310.67,162,9.33,0.63
07:44:32,"[305.23, 44]","[302.12, 102]","[312.23, 39]","[313.1, 60]",308.73,245,7.0,0.19
07:44:33,"[304.73, 44]","[302.0, 48]","[310.17, 12]","[312.0, 60]",307.45,164,5.44,0.12
07:44:34,"[305.71, 56]","[303.64, 42]","[312.06, 32]","[312.81, 37]",308.89,167,6.35,0.17
07:44:35,"[307.73, 44]","[306.2, 35]","[312.0, 65]","[313.0, 26]",309.86,170,4.27,-0.07
07:44:36,"[308.52, 42]","[306.48, 27]","[312.08, 52]","[313.27, 22]",310.3,143,3.55,-0.03
07:44:37,"[298.5, 48]","[296.38, 26]","[313.21, 28]","[315.2, 20]",305.86,122,14.71,0.21
07:44:38,"[300.08, 12]","[299.02, 45]","[312.33, 48]","[314.8, 20]",306.21,125,12.25,-0.09
07:44:39,"[301.77, 13]","[299.35, 31]","[312.0, 65]","[314.82, 22]",306.88,131,10.23,-0.33
07:44:40,"[304.38, 34]","[300.21, 33]","[312.0, 65]","[314.0, 13]",308.19,145,7.62,-0.08
07:44:41,"[305.59, 49]","[304.58, 31]","[312.75, 32]","[314.86, 28]",309.17,140,7.16,0.14
07:44:42,"[309.38, 45]","[307.84, 25]","[314.0, 18]","[316.0, 13]",311.69,101,4.62,0.39
07:44:43,"[311.91, 66]","[310.0, 44]","[313.32, 37]","[314.95, 19]",312.62,166,1.42,0.33
07:44:44,"[311.13, 30]","[309.5, 56]","[313.63, 35]","[315.63, 54]",312.38,175,2.5,-0.02
07:44:45,"[307.91, 64]","[297.85, 33]","[311.53, 15]","[314.17, 23]",309.72,135,3.63,0.44
07:44:46,"[300.1, 123]","[298.23, 88]","[315.73, 15]","[316.95, 41]",307.92,267,15.64,0.58
07:44:47,"[305.79, 110]","[304.13, 52]","[313.0, 42]","[316.0, 14]",309.4,218,7.21,0.49
07:44:48,"[310.28, 125]","[308.62, 76]","[312.7, 43]","[314.36, 22]",311.49,266,2.42,0.51
07:44:49,"[301.49, 145]","[295.63, 54]","[312.47, 51]","[314.14, 29]",306.98,279,10.98,0.43
07:44:50,"[302.0, 99]","[298.0, 44]","[309.0, 11]","[311.0, 63]",305.5,217,7.0,0.32
07:44:51,"[302.3, 90]","[298.0, 40]","[309.0, 10]","[311.0, 60]",305.65,200,6.7,0.3
07:44:52,"[303.0, 144]","[298.06, 64]","[313.86, 28]","[314.67, 64]",308.43,300,10.86,0.39
07:44:53,"[303.27, 99]","[299.0, 44]","[316.45, 44]","[359.71, 41]",309.86,228,13.18,0.25
07:44:54,"[305.09, 92]","[301.65, 68]","[317.0, 48]","[347.86, 58]",311.04,266,11.91,0.2
07:44:55,"[309.0, 40]","[304.0, 72]","[316.8, 20]","[394.59, 34]",312.9,166,7.8,0.35
07:44:56,"[304.58, 59]","[299.64, 33]","[316.0, 7]","[317.0, 22]",310.29,121,11.42,0.52
07:44:57,"[308.86, 69]","[303.72, 53]","[316.09, 11]","[350.82, 11]",312.47,144,7.24,0.69
07:44:58,"[308.43, 72]","[304.81, 107]","[317.0, 15]","[366.94, 31]",312.72,225,8.57,0.59
07:44:59,"[308.0, 10]","[307.0, 90]","[316.23, 26]","[381.2, 10]",312.12,136,8.23,0.47
07:45:00,"[311.64, 22]","[307.22, 23]","[316.0, 33]","[317.0, 7]",313.82,85,4.36,0.06
07:45:01,"[313.11, 38]","[308.64, 56]","[316.0, 46]","[317.0, 18]",314.55,158,2.89,0.19
07:45:02,"[313.89, 35]","[308.41, 85]","[316.18, 11]","[456.29, 17]",315.03,148,2.3,0.62
07:45:03,"[314.32, 93]","[308.0, 96]","[317.0, 13]","[374.49, 59]",315.66,261,2.68,0.45
07:45:04,"[315.32, 74]","[314.18, 110]","[317.0, 14]","[319.0, 56]",316.16,254,1.68,0.45
07:45:05,"[318.0, 40]","[315.0, 40]","[320.0, 40]","[649.0, 40]",319.0,160,2.0,0.0
07:45:06,"[319.0, 23]","[315.0, 50]","[320.0, 50]","[587.5, 50]",319.5,173,1.0,-0.16
07:45:07,"[318.37, 19]","[313.83, 46]","[320.0, 45]","[740.89, 45]",319.18,155,1.63,-0.16
07:45:08,"[315.0, 39]","[306.0, 78]","[318.69, 65]","[340.0, 65]",316.85,247,3.69,-0.05
07:45:09,"[316.28, 75]","[313.36, 33]","[319.0, 50]","[336.17, 30]",317.64,188,2.72,0.15
07:45:10,"[318.02, 104]","[312.11, 70]","[339.22, 45]","[474.65, 49]",328.62,268,21.2,0.3
07:45:11,"[318.98, 82]","[309.2, 30]","[533.15, 26]","[581.88, 34]",426.06,172,214.18,0.3
07:45:12,"[321.31, 52]","[320.0, 38]","[568.0, 50]","[732.05, 38]",444.65,178,246.69,0.01
07:45:13,"[321.82, 49]","[320.0, 9]","[447.23, 39]","[658.67, 45]",384.52,142,125.41,-0.18
07:45:14,"[321.29, 49]","[319.4, 15]","[549.43, 35]","[692.29, 35]",435.36,134,228.14,-0.04
07:45:15,"[323.0, 45]","[321.0, 63]","[526.41, 39]","[646.0, 30]",424.71,177,203.41,0.22
07:45:16,"[323.0, 48]","[321.0, 84]","[325.0, 24]","[632.17, 60]",324.0,216,2.0,0.22
07:45:17,"[323.0, 23]","[321.0, 42]","[324.8, 10]","[543.12, 24]",323.9,99,1.8,0.31
07:45:18,"[323.0, 21]","[321.0, 49]","[324.55, 11]","[354.35, 23]",323.77,104,1.55,0.35
07:45:19,"[321.63, 41]","[320.73, 45]","[323.58, 12]","[332.33, 24]",322.61,122,1.95,0.41
07:45:20,"[320.5, 12]","[318.43, 21]","[323.0, 9]","[336.0, 18]",321.75,60,2.5,0.1
07:45:21,"[319.0, 10]","[318.0, 30]","[322.4, 10]","[336.0, 20]",320.7,70,3.4,0.14
07:45:22,"[318.92, 12]","[317.94, 35]","[333.76, 21]","[514.82, 51]",326.34,119,14.85,-0.21
07:45:23,"[314.43, 28]","[313.43, 21]","[336.5, 16]","[563.0, 40]",325.46,105,22.07,-0.07
07:45:24,"[316.0, 45]","[315.21, 63]","[335.93, 42]","[469.73, 66]",325.96,216,19.93,0.0
07:45:25,"[318.91, 46]","[308.97, 62]","[333.56, 50]","[346.5, 52]",326.24,210,14.65,0.03
07:45:26,"[265.17, 65]","[221.57, 69]","[331.0, 27]","[333.0, 27]",298.08,188,65.83,0.43
07:45:27,"[281.0, 78]","[231.69, 143]","[327.23, 43]","[328.47, 51]",304.12,315,46.23,0.4
07:45:28,"[248.99, 89]","[195.28, 58]","[320.1, 30]","[322.6, 30]",284.54,207,71.11,0.42
07:45:29,"[245.81, 176]","[241.04, 166]","[315.33, 39]","[343.7, 50]",280.57,431,69.52,0.59
07:45:30,"[261.18, 121]","[214.03, 73]","[316.55, 11]","[403.27, 55]",288.86,260,55.36,0.49
07:45:31,"[250.93, 115]","[172.3, 70]","[315.0, 11]","[467.73, 55]",282.97,251,64.07,0.47
07:45:32,"[263.66, 98]","[221.9, 111]","[322.54, 35]","[427.69, 64]",293.1,308,58.88,0.36
07:45:33,"[252.73, 121]","[155.98, 47]","[313.36, 44]","[388.43, 46]",283.05,258,60.64,0.3
07:45:34,"[254.33, 82]","[249.27, 92]","[309.0, 40]","[349.36, 22]",281.66,236,54.67,0.47
07:45:35,"[255.27, 77]","[254.0, 121]","[309.0, 44]","[343.93, 30]",282.14,272,53.73,0.46
07:45:36,"[257.0, 110]","[256.0, 70]","[309.0, 22]","[335.0, 40]",283.0,242,52.0,0.49
07:45:37,"[261.59, 93]","[257.35, 108]","[396.45, 31]","[477.2, 54]",329.02,286,134.86,0.41
07:45:38,"[323.12, 86]","[301.51, 35]","[488.77, 26]","[525.0, 65]",405.94,212,165.65,0.14
07:45:39,"[325.0, 77]","[321.66, 67]","[500.91, 22]","[568.39, 33]",412.95,199,175.91,0.45
07:45:40,"[326.0, 63]","[323.0, 132]","[444.96, 23]","[591.92, 13]",385.48,231,118.96,0.69
07:45:41,"[326.0, 44]","[323.0, 121]","[394.73, 30]","[549.73, 15]",360.37,210,68.73,0.57
07:45:42,"[326.0, 32]","[323.08, 72]","[514.13, 15]","[628.07, 27]",420.07,146,188.13,0.42
07:45:43,"[326.0, 20]","[324.0, 30]","[459.0, 26]","[571.62, 16]",392.5,92,133.0,0.09
07:45:44,"[323.13, 69]","[321.36, 75]","[497.0, 18]","[589.67, 24]",410.07,186,173.87,0.55
07:45:45,"[323.0, 110]","[321.0, 110]","[495.9, 20]","[641.45, 31]",409.45,271,172.9,0.62
07:45:46,"[323.0, 95]","[321.0, 110]","[475.0, 22]","[555.73, 22]",399.0,249,152.0,0.65
07:45:47,"[323.0, 99]","[321.0, 58]","[387.57, 28]","[391.67, 24]",355.29,209,64.57,0.5
07:45:48,"[323.0, 42]","[321.0, 18]","[381.17, 12]","[383.0, 24]",352.08,96,58.17,0.25
07:45:49,"[323.0, 52]","[321.0, 44]","[326.71, 42]","[408.82, 22]",324.86,160,3.71,0.2
07:45:50,"[321.0, 9]","[320.0, 12]","[324.0, 12]","[683.0, 3]",322.5,36,3.0,0.17
07:45:51,"[321.0, 15]","[320.0, 20]","[324.0, 20]","[484.2, 5]",322.5,60,3.0,0.17
07:45:52,"[321.0, 27]","[320.0, 36]","[343.26, 23]","[566.08, 25]",332.13,111,22.26,0.14
07:45:53,"[321.0, 12]","[320.0, 16]","[338.6, 15]","[365.5, 10]",329.8,53,17.6,0.06
07:45:54,"[321.0, 86]","[319.0, 36]","[364.22, 32]","[385.0, 16]",342.61,170,43.22,0.44
07:45:55,"[321.35, 111]","[319.94, 51]","[361.6, 20]","[362.14, 28]",341.48,210,40.25,0.54
07:45:56,"[322.89, 89]","[321.93, 126]","[357.85, 34]","[358.72, 18]",340.37,267,34.97,0.61
07:45:57,"[323.29, 126]","[322.21, 109]","[355.24, 51]","[356.24, 51]",339.26,337,31.94,0.39
07:45:58,"[325.6, 165]","[322.85, 155]","[351.31, 29]","[352.86, 37]",338.46,386,25.71,0.66
07:45:59,"[326.0, 143]","[323.0, 143]","[348.26, 31]","[349.27, 37]",337.13,354,22.26,0.62
07:46:00,"[326.0, 88]","[323.0, 88]","[345.0, 24]","[346.0, 12]",335.5,212,19.0,0.66
07:46:01,"[326.0, 84]","[323.0, 132]","[343.33, 36]","[344.33, 36]",334.67,288,17.33,0.5
07:46:02,"[326.0, 68]","[323.0, 121]","[340.67, 21]","[341.67, 27]",333.33,237,14.67,0.59
07:46:03,"[323.8, 75]","[322.51, 194]","[337.38, 26]","[337.94, 34]",330.59,329,13.58,0.64
07:46:04,"[323.0, 145]","[322.0, 266]","[333.73, 26]","[335.19, 36]",328.37,473,10.73,0.74
07:46:05,"[323.06, 68]","[322.19, 165]","[331.45, 33]","[332.45, 33]",327.26,299,8.4,0.56
07:46:06,"[325.0, 15]","[323.0, 117]","[329.53, 45]","[331.6, 45]",327.27,222,4.53,0.19
07:46:07,"[323.06, 62]","[322.07, 204]","[327.5, 34]","[328.67, 36]",325.28,336,4.44,0.58
07:46:08,"[322.56, 43]","[321.96, 99]","[324.54, 13]","[390.59, 17]",323.55,172,1.98,0.65
07:46:09,"[322.21, 68]","[321.87, 204]","[324.0, 25]","[724.57, 70]",323.1,367,1.79,0.48
07:46:10,"[321.78, 74]","[319.73, 33]","[362.0, 19]","[558.28, 58]",341.89,184,40.22,0.16
07:46:11,"[322.0, 40]","[321.0, 14]","[507.42, 31]","[631.12, 32]",414.71,117,185.42,-0.08
07:46:12,"[322.0, 24]","[321.0, 12]","[464.67, 30]","[673.0, 24]",393.33,90,142.67,-0.2
07:46:13,"[322.0, 20]","[321.0, 10]","[543.0, 25]","[673.0, 20]",432.5,75,221.0,-0.2
07:46:14,"[321.73, 11]","[319.62, 13]","[543.0, 25]","[671.0, 20]",432.36,69,221.27,-0.3
07:46:15,"[321.0, 9]","[319.0, 27]","[504.95, 38]","[587.56, 39]",412.97,113,183.95,-0.36
07:46:16,"[325.0, 20]","[319.5, 16]","[472.04, 23]","[582.52, 31]",398.52,90,147.04,-0.2
07:46:17,"[326.0, 48]","[321.0, 12]","[577.0, 60]","[634.0, 24]",451.5,144,251.0,-0.17
07:46:18,"[326.0, 28]","[321.0, 7]","[467.12, 32]","[554.38, 26]",396.56,93,141.12,-0.25
07:46:19,"[326.0, 28]","[322.74, 31]","[497.08, 26]","[544.79, 28]",411.54,113,171.08,0.04
07:46:20,"[326.0, 24]","[323.0, 54]","[353.67, 12]","[440.2, 20]",339.83,110,27.67,0.42
07:46:21,"[326.0, 28]","[323.0, 63]","[353.0, 14]","[355.0, 14]",339.5,119,27.0,0.53
07:46:22,"[324.53, 55]","[322.91, 66]","[350.25, 12]","[352.84, 19]",337.39,152,25.72,0.59
07:46:23,"[323.0, 71]","[321.0, 9]","[348.56, 18]","[349.33, 12]",335.78,110,25.56,0.45
07:46:24,"[323.0, 68]","[319.35, 17]","[345.8, 20]","[347.2, 20]",334.4,125,22.8,0.36
07:46:25,"[323.0, 38]","[319.0, 18]","[341.27, 22]","[342.3, 20]",332.14,98,18.27,0.14
07:46:26,"[323.0, 36]","[321.27, 33]","[336.89, 18]","[338.44, 18]",329.94,105,13.89,0.31
07:46:27,"[323.0, 48]","[322.0, 60]","[332.08, 25]","[333.33, 30]",327.54,163,9.08,0.33
07:46:28,"[323.0, 64]","[322.0, 80]","[327.28, 50]","[328.15, 40]",325.14,234,4.28,0.23
07:46:29,"[323.0, 32]","[322.0, 40]","[324.29, 21]","[325.53, 19]",323.64,112,1.29,0.29
07:46:30,"[322.7, 20]","[321.9, 61]","[325.79, 29]","[374.07, 57]",324.25,167,3.09,-0.03
07:46:31,"[322.33, 24]","[321.5, 32]","[325.31, 32]","[593.31, 61]",323.82,149,2.98,-0.25
07:46:32,"[322.0, 10]","[321.0, 20]","[325.0, 20]","[517.4, 40]",323.5,90,3.0,-0.33
07:46:33,"[320.04, 24]","[319.57, 23]","[322.21, 39]","[460.88, 50]",321.12,136,2.16,-0.31
07:46:34,"[318.88, 16]","[317.41, 17]","[320.11, 27]","[528.94, 34]",319.49,94,1.24,-0.3
07:46:35,"[318.71, 17]","[317.11, 28]","[319.83, 18]","[391.25, 24]",319.27,87,1.13,0.03
07:46:36,"[319.0, 24]","[318.0, 10]","[445.78, 27]","[680.61, 31]",382.39,92,126.78,-0.26
07:46:37,"[319.0, 9]","[318.0, 18]","[603.0, 27]","[795.0, 36]",461.0,90,284.0,-0.4
07:46:38,"[319.78, 9]","[318.64, 11]","[565.83, 29]","[763.06, 34]",442.8,83,246.05,-0.52
07:46:39,"[319.89, 9]","[318.38, 13]","[483.03, 35]","[624.96, 28]",401.46,85,163.14,-0.48
07:46:40,"[319.0, 9]","[318.0, 18]","[590.27, 30]","[703.39, 33]",454.63,90,271.27,-0.4
07:46:41,"[325.36, 33]","[318.5, 12]","[522.23, 31]","[544.95, 19]",423.79,95,196.86,-0.05
07:46:42,"[326.0, 29]","[319.0, 6]","[514.67, 24]","[545.09, 22]",420.33,81,188.67,-0.14
07:46:43,"[326.0, 40]","[319.0, 19]","[542.89, 44]","[545.12, 34]",434.44,137,216.89,-0.14
07:46:44,"[326.0, 26]","[319.0, 14]","[540.65, 23]","[542.77, 26]",433.33,89,214.65,-0.1
07:46:45,"[321.59, 64]","[319.23, 88]","[463.75, 48]","[544.79, 52]",392.67,252,142.16,0.21
07:46:46,"[323.41, 41]","[321.21, 106]","[330.73, 45]","[333.24, 45]",327.07,237,7.32,0.24
07:46:47,"[325.0, 22]","[324.0, 22]","[329.0, 55]","[332.0, 11]",327.0,110,4.0,-0.2
07:46:48,"[319.35, 51]","[318.73, 33]","[326.6, 53]","[326.87, 23]",322.98,160,7.25,0.05
07:46:49,"[318.89, 28]","[317.11, 44]","[320.71, 24]","[322.0, 16]",319.8,112,1.82,0.29
07:46:50,"[317.03, 70]","[307.17, 36]","[387.87, 15]","[455.12, 16]",352.45,137,70.84,0.55
07:46:51,"[317.0, 64]","[172.62, 32]","[510.12, 16]","[612.57, 21]",413.56,133,193.12,0.44
07:46:52,"[317.02, 55]","[302.8, 60]","[429.0, 16]","[557.44, 18]",373.01,149,111.98,0.54
07:46:53,"[317.0, 14]","[307.0, 16]","[388.0, 4]","[568.0, 4]",352.5,38,71.0,0.58
07:46:54,"[317.0, 27]","[258.8, 10]","[347.0, 6]","[568.0, 6]",332.0,49,30.0,0.51
07:46:55,"[317.0, 68]","[220.48, 23]","[346.86, 14]","[484.48, 21]",331.93,126,29.86,0.44
07:46:56,"[318.33, 27]","[301.25, 24]","[345.17, 6]","[493.67, 12]",331.75,69,26.83,0.48
07:46:57,"[323.0, 16]","[317.0, 56]","[344.38, 8]","[452.67, 18]",333.69,98,21.38,0.47
07:46:58,"[323.0, 14]","[322.0, 7]","[343.86, 7]","[529.0, 14]",333.43,42,20.86,0.0
07:46:59,"[317.75, 48]","[272.44, 9]","[340.43, 21]","[368.96, 27]",329.09,105,22.68,0.09
07:47:00,"[317.0, 70]","[300.68, 25]","[338.17, 30]","[339.03, 30]",327.58,155,21.17,0.23
07:47:01,"[317.0, 91]","[303.0, 78]","[334.89, 45]","[336.03, 33]",325.94,247,17.89,0.37
07:47:02,"[318.46, 48]","[316.23, 109]","[334.0, 60]","[335.0, 12]",326.23,229,15.54,0.37
07:47:03,"[325.69, 13]","[322.11, 19]","[332.92, 65]","[333.38, 37]",329.31,134,7.23,-0.52
07:47:04,"[327.0, 11]","[326.0, 11]","[330.06, 47]","[331.43, 35]",328.53,104,3.06,-0.58
07:47:05,"[325.75, 16]","[321.05, 38]","[328.22, 18]","[332.45, 22]",326.99,94,2.47,0.15
07:47:06,"[322.0, 19]","[319.0, 140]","[327.5, 14]","[335.0, 14]",324.75,187,5.5,0.7
07:47:07,"[319.16, 95]","[317.01, 89]","[323.06, 18]","[333.43, 14]",321.11,216,3.9,0.7
07:47:08,"[319.0, 56]","[314.22, 27]","[320.0, 18]","[324.0, 6]",319.5,107,1.0,0.55
07:47:09,"[320.47, 86]","[315.77, 91]","[321.62, 21]","[417.35, 17]",321.04,215,1.15,0.65
07:47:10,"[322.0, 48]","[319.0, 56]","[323.0, 8]","[430.75, 16]",322.5,128,1.0,0.62
07:47:11,"[322.42, 85]","[319.41, 73]","[534.64, 25]","[577.76, 25]",428.53,208,212.22,0.52
07:47:12,"[323.32, 142]","[322.0, 55]","[340.0, 33]","[575.68, 25]",331.66,255,16.68,0.55
07:47:13,"[324.07, 88]","[322.57, 56]","[340.0, 30]","[418.75, 12]",332.03,186,15.93,0.55
07:47:14,"[325.0, 27]","[324.0, 97]","[340.0, 27]","[568.0, 9]",332.5,160,15.0,0.55
07:47:15,"[326.81, 31]","[324.51, 79]","[346.55, 33]","[572.36, 11]",336.68,154,19.74,0.43
07:47:16,"[327.0, 8]","[325.0, 40]","[386.8, 20]","[605.0, 12]",356.9,80,59.8,0.2
07:47:17,"[327.0, 10]","[325.29, 42]","[424.12, 26]","[603.14, 14]",375.56,92,97.12,0.13
07:47:18,"[327.0, 11]","[326.0, 33]","[426.0, 15]","[474.48, 29]",376.5,88,99.0,0.0
07:47:19,"[327.0, 5]","[326.0, 15]","[493.0, 9]","[672.0, 15]",410.0,44,166.0,-0.09
07:47:20,"[325.4, 30]","[324.55, 66]","[508.12, 16]","[588.56, 32]",416.76,144,182.73,0.33
07:47:21,"[324.0, 64]","[323.0, 99]","[528.67, 27]","[567.6, 15]",426.33,205,204.67,0.59
07:47:22,"[324.0, 56]","[323.0, 88]","[543.25, 24]","[588.88, 24]",433.62,192,219.25,0.5
07:47:23,"[325.17, 144]","[323.89, 102]","[498.26, 34]","[520.5, 28]",411.72,308,173.09,0.6
07:47:24,"[326.0, 120]","[324.0, 105]","[489.6, 45]","[492.0, 15]",407.8,285,163.6,0.58
07:47:25,"[326.82, 88]","[324.0, 77]","[422.53, 34]","[473.39, 33]",374.67,232,95.71,0.42
07:47:26,"[328.0, 18]","[327.0, 72]","[352.0, 36]","[448.33, 9]",340.0,135,24.0,0.33
07:47:27,"[328.0, 14]","[327.0, 56]","[463.0, 7]","[464.0, 21]",395.5,98,135.0,0.43
07:47:28,"[327.09, 66]","[324.67, 108]","[453.17, 46]","[460.63, 43]",390.13,263,126.08,0.32
07:47:29,"[327.0, 45]","[324.0, 63]","[450.0, 27]","[452.0, 27]",388.5,162,123.0,0.33
07:47:30,"[327.0, 35]","[324.0, 105]","[449.57, 21]","[452.0, 29]",388.29,190,122.57,0.47
07:47:31,"[327.0, 70]","[324.0, 210]","[448.21, 42]","[450.86, 50]",387.61,372,121.21,0.51
07:47:32,"[327.0, 45]","[324.17, 48]","[430.65, 26]","[443.58, 26]",378.83,145,103.65,0.28
07:47:33,"[327.0, 70]","[325.0, 28]","[364.0, 42]","[388.0, 42]",345.5,182,37.0,0.08
07:47:34,"[327.0, 36]","[325.0, 18]","[330.56, 27]","[353.29, 28]",328.78,109,3.56,-0.01
07:47:35,"[327.0, 64]","[325.0, 32]","[329.06, 54]","[330.19, 48]",328.03,198,2.06,-0.03
07:47:36,"[326.02, 41]","[324.11, 36]","[328.0, 55]","[329.73, 33]",327.01,165,1.98,-0.07
07:47:37,"[324.0, 63]","[323.0, 36]","[327.17, 30]","[374.14, 14]",325.58,143,3.17,0.38
07:47:38,"[324.0, 120]","[323.0, 54]","[325.71, 35]","[334.67, 27]",324.86,236,1.71,0.47
07:47:39,"[324.0, 112]","[323.0, 84]","[325.64, 42]","[383.09, 44]",324.82,282,1.64,0.39
07:47:40,"[324.74, 114]","[323.47, 102]","[390.49, 59]","[515.07, 30]",357.61,305,65.75,0.42
07:47:41,"[326.0, 43]","[324.0, 72]","[484.21, 19]","[520.3, 20]",405.11,154,158.21,0.49
07:47:42,"[324.44, 36]","[323.57, 56]","[480.0, 8]","[692.13, 30]",402.22,130,155.56,0.42
07:47:43,"[323.86, 71]","[322.85, 78]","[530.25, 16]","[624.2, 30]",427.05,195,206.39,0.53
07:47:44,"[323.0, 30]","[322.0, 36]","[385.33, 18]","[456.5, 12]",354.17,96,62.33,0.38
07:47:45,"[323.0, 35]","[322.0, 42]","[342.0, 7]","[392.8, 20]",332.5,104,19.0,0.48
07:47:46,"[323.0, 55]","[322.0, 66]","[342.0, 11]","[419.45, 22]",332.5,154,19.0,0.57
07:47:47,"[323.0, 50]","[322.0, 60]","[376.5, 16]","[495.2, 20]",349.75,146,53.5,0.51
07:47:48,"[323.0, 53]","[322.0, 66]","[388.0, 22]","[466.65, 17]",355.5,158,65.0,0.51
07:47:49,"[325.08, 13]","[322.86, 42]","[388.0, 20]","[404.3, 20]",356.54,95,62.92,0.16
07:47:50,"[322.29, 42]","[321.8, 30]","[433.2, 20]","[478.9, 20]",377.74,112,110.91,0.29
07:47:51,"[321.67, 21]","[319.24, 34]","[528.0, 16]","[545.0, 16]",424.83,87,206.33,0.26
07:47:52,"[322.0, 54]","[320.0, 9]","[543.08, 24]","[650.22, 18]",432.54,105,221.08,0.2
07:47:53,"[322.0, 25]","[320.0, 5]","[502.25, 16]","[544.43, 14]",412.12,60,180.25,0.0
07:47:54,"[322.98, 43]","[321.75, 8]","[376.23, 26]","[518.09, 22]",349.6,99,53.25,0.03
07:47:55,"[323.04, 72]","[322.33, 18]","[370.44, 54]","[428.33, 48]",346.74,192,47.4,-0.06
07:47:56,"[323.12, 26]","[322.5, 10]","[366.5, 24]","[468.83, 18]",344.81,78,43.38,-0.08
07:47:57,"[326.0, 11]","[323.83, 87]","[365.82, 44]","[553.0, 22]",345.91,164,39.82,0.2
07:47:58,"[326.0, 5]","[324.0, 45]","[364.8, 20]","[561.64, 22]",345.4,92,38.8,0.09
07:47:59,"[326.29, 7]","[324.09, 47]","[363.14, 28]","[600.13, 23]",344.71,105,36.86,0.03
07:48:00,"[327.0, 13]","[326.0, 13]","[361.96, 52]","[502.03, 33]",344.48,111,34.96,-0.53
07:48:01,"[327.0, 11]","[326.0, 11]","[358.37, 43]","[359.23, 44]",342.69,109,31.37,-0.6
07:48:02,"[327.33, 12]","[326.11, 9]","[357.0, 18]","[358.0, 36]",342.17,75,29.67,-0.44
07:48:03,"[328.0, 24]","[327.0, 14]","[354.87, 60]","[356.11, 36]",341.43,134,26.87,-0.43
07:48:04,"[328.0, 17]","[327.0, 17]","[349.85, 60]","[351.57, 40]",338.93,134,21.85,-0.49
07:48:05,"[328.0, 14]","[327.0, 14]","[345.35, 43]","[346.22, 63]",336.67,134,17.35,-0.58
07:48:06,"[328.0, 12]","[327.0, 12]","[342.2, 41]","[343.1, 41]",335.1,106,14.2,-0.55
07:48:07,"[328.0, 12]","[327.0, 12]","[337.0, 24]","[338.38, 26]",332.5,74,9.0,-0.35
07:48:08,"[326.14, 14]","[325.05, 40]","[332.03, 36]","[332.54, 35]",329.09,125,5.88,-0.14
07:48:09,"[326.04, 27]","[324.88, 33]","[328.53, 53]","[329.65, 49]",327.28,162,2.49,-0.26
07:48:10,"[323.0, 78]","[321.0, 16]","[326.27, 64]","[327.82, 68]",324.63,226,3.27,-0.17
07:48:11,"[321.44, 16]","[319.67, 18]","[323.19, 16]","[344.46, 54]",322.31,104,1.75,-0.35
07:48:12,"[324.08, 39]","[320.46, 13]","[611.57, 46]","[679.76, 50]",467.82,148,287.49,-0.3
07:48:13,"[325.0, 43]","[321.0, 9]","[586.74, 38]","[617.25, 32]",455.87,122,261.74,-0.15
07:48:14,"[326.57, 54]","[324.7, 23]","[482.89, 57]","[497.78, 55]",404.73,189,156.32,-0.19
07:48:15,"[327.0, 61]","[326.0, 10]","[458.3, 30]","[460.0, 50]",392.65,151,131.3,-0.06
07:48:16,"[325.24, 17]","[321.2, 10]","[415.06, 36]","[439.39, 44]",370.15,107,89.82,-0.5
07:48:17,"[325.0, 13]","[320.0, 13]","[406.27, 45]","[407.34, 59]",365.63,130,81.27,-0.6
07:48:18,"[325.0, 23]","[320.0, 11]","[394.92, 39]","[403.13, 46]",359.96,119,69.92,-0.43
07:48:19,"[325.0, 36]","[320.0, 12]","[379.71, 56]","[381.21, 48]",352.36,152,54.71,-0.37
07:48:20,"[323.29, 42]","[316.62, 16]","[377.25, 40]","[378.11, 56]",350.27,154,53.96,-0.25
07:48:21,"[320.07, 30]","[318.68, 75]","[351.3, 57]","[354.64, 55]",335.68,217,31.23,-0.03
07:48:22,"[322.17, 69]","[320.12, 96]","[338.62, 56]","[339.56, 72]",330.4,293,16.45,0.13
07:48:23,"[324.0, 30]","[322.5, 24]","[334.64, 44]","[337.25, 36]",329.32,134,10.64,-0.19
07:48:24,"[325.0, 14]","[324.0, 42]","[332.4, 50]","[356.32, 62]",328.7,168,7.4,-0.33
07:48:25,"[325.0, 14]","[324.0, 42]","[330.46, 39]","[369.89, 37]",327.73,132,5.46,-0.15
07:48:26,"[325.0, 17]","[323.63, 43]","[329.83, 47]","[330.68, 38]",327.41,145,4.83,-0.17
07:48:27,"[325.95, 38]","[324.4, 15]","[327.49, 41]","[328.25, 40]",326.72,134,1.54,-0.21
07:48:28,"[322.29, 49]","[319.84, 67]","[325.42, 36]","[327.97, 30]",323.85,182,3.13,0.27
07:48:29,"[321.61, 114]","[320.0, 225]","[325.4, 30]","[347.57, 42]",323.51,411,3.79,0.65
07:48:30,"[322.62, 85]","[320.0, 220]","[328.64, 22]","[388.78, 45]",325.63,372,6.01,0.64
07:48:31,"[323.0, 57]","[320.0, 220]","[326.62, 32]","[443.59, 51]",324.81,360,3.62,0.54
07:48:32,"[323.0, 21]","[320.0, 140]","[325.52, 29]","[364.88, 32]",324.26,222,2.52,0.45
07:48:33,"[323.0, 27]","[320.01, 162]","[324.0, 18]","[326.0, 45]",323.5,252,1.0,0.5
07:48:34,"[320.03, 144]","[315.98, 82]","[323.56, 18]","[326.0, 45]",321.79,289,3.53,0.56
07:48:35,"[320.01, 172]","[313.08, 130]","[322.67, 24]","[326.0, 60]",321.34,386,2.66,0.56
07:48:36,"[320.01, 167]","[315.35, 74]","[325.56, 50]","[472.25, 57]",322.79,348,5.55,0.39
07:48:37,"[320.17, 36]","[319.96, 94]","[324.12, 16]","[326.0, 40]",322.15,186,3.96,0.4
07:48:38,"[320.1, 114]","[319.95, 142]","[323.72, 25]","[325.53, 59]",321.91,340,3.62,0.51
07:48:39,"[320.0, 165]","[319.0, 11]","[324.0, 22]","[396.67, 27]",322.0,225,4.0,0.56
07:48:40,"[320.0, 90]","[319.0, 6]","[415.67, 15]","[581.06, 17]",367.83,128,95.67,0.5
07:48:41,"[320.0, 164]","[319.0, 11]","[524.06, 53]","[612.22, 46]",422.03,274,204.06,0.28
07:48:42,"[320.16, 111]","[319.79, 34]","[474.6, 43]","[524.28, 47]",397.38,235,154.44,0.23
07:48:43,"[322.36, 84]","[320.46, 117]","[468.84, 62]","[557.0, 60]",395.6,323,146.48,0.24
07:48:44,"[324.0, 47]","[320.0, 88]","[381.59, 34]","[516.68, 22]",352.79,191,57.59,0.41
07:48:45,"[320.0, 99]","[319.0, 9]","[425.44, 27]","[562.67, 36]",372.72,171,105.44,0.26
07:48:46,"[320.0, 110]","[319.0, 10]","[450.34, 29]","[535.47, 30]",385.17,179,130.34,0.34
07:48:47,"[320.54, 67]","[320.01, 95]","[390.17, 24]","[392.0, 12]",355.35,198,69.63,0.64
07:48:48,"[321.18, 33]","[320.24, 101]","[389.2, 20]","[459.94, 34]",355.19,188,68.02,0.43
07:48:49,"[321.0, 5]","[320.0, 55]","[370.17, 12]","[461.55, 22]",345.58,94,49.17,0.28
07:48:50,"[321.43, 149]","[319.75, 104]","[357.0, 68]","[433.96, 46]",339.21,367,35.57,0.38
07:48:51,"[322.48, 50]","[321.95, 110]","[410.82, 40]","[476.44, 36]",366.65,236,88.34,0.36
07:48:52,"[324.54, 169]","[322.27, 88]","[536.89, 79]","[576.84, 37]",430.71,373,212.35,0.38
07:48:53,"[325.31, 96]","[325.48, 123]","[488.11, 27]","[530.92, 37]",406.71,283,162.8,0.55
07:48:54,"[327.0, 24]","[326.0, 156]","[485.86, 28]","[515.91, 34]",406.43,242,158.86,0.49
07:48:55,"[327.0, 20]","[326.0, 130]","[480.34, 32]","[483.86, 21]",403.67,203,153.34,0.48
07:48:56,"[327.0, 13]","[326.0, 91]","[465.69, 29]","[472.36, 25]",396.34,158,138.69,0.32
