Time,Bid1_Price,Bid1_Volume,Ask1_Price,Ask1_Volume,Bid2_Price,Bid2_Volume,Ask2_Price,Ask2_Volume,Mid-Price,Bid_Ask_Spread,Market_Depth_Bid,Market_Depth_Ask,Historical_Volatility,Total_volume,Cumulative_Volume_Difference,Total_Volume_Change_Corrected,Order_imbalance
07:30:08,311.27,45.0,339.0,28.0,303.47,51.0,482.5,24.0,325.13,27.730000000000018,96.0,52.0,17.887771521349304,148,44.0,-5.0,0.3
07:30:09,314.38,13.0,339.0,28.0,313.53,38.0,350.0,21.0,326.69,24.620000000000005,51.0,49.0,17.976440971449108,100,2.0,-48.0,0.02
07:30:10,315.0,4.0,338.0,16.0,314.0,16.0,339.0,16.0,326.5,23.0,20.0,32.0,13.136949036971748,52,-12.0,-48.0,-0.23
07:30:11,315.0,9.0,338.0,36.0,314.0,36.0,339.0,36.0,326.5,23.0,45.0,72.0,13.585103238473847,117,-27.0,65.0,-0.23
07:30:12,313.11,76.0,336.08,48.0,311.57,84.0,338.5,48.0,324.59,22.96999999999997,160.0,96.0,0.9554423059461274,256,64.0,139.0,0.25
07:30:13,313.0,127.0,332.09,44.0,311.0,121.0,334.73,44.0,322.55,19.089999999999975,248.0,88.0,1.7928273759600175,336,160.0,80.0,0.48
07:30:14,313.0,117.0,324.69,52.0,311.0,99.0,328.36,28.0,318.85,11.689999999999998,216.0,80.0,3.212050746795862,296,136.0,-40.0,0.46
07:30:15,313.0,73.0,324.0,56.0,311.0,77.0,329.0,7.0,318.5,11.0,150.0,63.0,3.50845692577122,213,87.0,-83.0,0.41
07:30:16,313.0,80.0,324.0,64.0,311.0,88.0,329.0,8.0,318.5,11.0,168.0,72.0,2.810919778291837,240,96.0,27.0,0.4
07:30:17,313.0,140.0,323.73,88.0,311.0,154.0,325.75,32.0,318.36,10.730000000000018,294.0,120.0,1.7968778478217409,414,174.0,174.0,0.42
07:30:18,313.0,152.0,321.81,54.0,311.0,176.0,324.44,64.0,317.41,8.810000000000002,328.0,118.0,0.542060882182721,446,210.0,32.0,0.47
07:30:19,313.0,66.0,317.91,22.0,311.0,121.0,321.0,44.0,315.45,4.910000000000025,187.0,66.0,1.3082927806851692,253,121.0,-178.5,0.48
07:30:20,312.21,112.0,314.27,45.0,310.65,160.0,320.9,51.0,313.24,2.0600000000000023,272.0,96.0,2.2346968474478355,368,176.0,115.0,0.48
07:30:21,310.71,98.0,312.36,33.0,308.94,65.0,327.0,55.0,311.54,1.650000000000034,163.0,88.0,2.8359037360238055,251,75.0,-117.0,0.3
07:30:22,309.0,66.0,314.45,60.0,307.0,18.0,324.58,33.0,311.73,5.449999999999989,84.0,93.0,2.5215729218077834,177,-9.0,-74.0,-0.05
07:30:23,309.0,9.0,321.0,36.0,307.0,9.0,323.0,9.0,315.0,12.0,18.0,45.0,1.8052894504744512,63,-27.0,-114.0,-0.43
07:30:24,296.55,22.0,321.0,56.0,287.16,43.0,323.84,19.0,308.77,24.44999999999999,65.0,75.0,2.3043068372061386,140,-10.0,77.0,-0.07
07:30:25,297.0,20.0,313.0,33.0,290.2,70.0,321.33,55.0,305.0,16.0,90.0,88.0,3.743163100907531,178,2.0,38.0,0.01
07:30:32,297.2,25.0,302.0,13.0,291.36,78.0,312.71,34.0,299.6,4.800000000000011,103.0,47.0,0.92718930106056,150,56.0,58.0,0.37
07:30:33,295.33,18.0,312.0,27.0,291.22,72.0,318.0,36.0,303.67,16.670000000000016,90.0,63.0,2.6652804730460655,153,27.0,3.0,0.18
07:30:34,296.44,18.0,312.0,27.0,293.0,18.0,318.0,36.0,304.22,15.560000000000002,36.0,63.0,3.239956789835349,99,-27.0,-54.0,-0.27
07:30:35,297.22,18.0,310.33,27.0,291.17,46.0,316.36,33.0,303.78,13.109999999999957,64.0,60.0,2.982602890094432,124,4.0,25.0,0.03
07:30:36,298.07,30.0,310.4,45.0,291.0,42.0,317.05,57.0,304.23,12.329999999999984,72.0,102.0,1.9728532636765566,174,-30.0,50.0,-0.17
07:30:37,299.88,32.0,315.39,54.0,291.0,32.0,318.06,49.0,307.63,15.509999999999991,64.0,103.0,1.6540344615511462,167,-39.0,-7.0,-0.23
07:30:38,301.91,22.0,315.37,95.0,299.42,38.0,340.27,51.0,308.64,13.45999999999998,60.0,146.0,2.2586611078243886,206,-86.0,39.0,-0.42
07:30:39,304.93,43.0,309.88,81.0,303.18,22.0,313.18,51.0,307.4,4.949999999999989,65.0,132.0,2.184222973965425,197,-67.0,-9.0,-0.34
07:30:40,306.13,23.0,309.22,41.0,296.7,79.0,312.52,46.0,307.67,3.090000000000032,102.0,87.0,1.681020523372097,189,15.0,-8.0,0.08
07:30:41,294.66,68.0,311.53,45.0,291.94,176.0,313.0,45.0,303.1,16.869999999999948,244.0,90.0,2.1704077957836003,334,154.0,145.0,0.46
07:30:42,294.04,104.0,310.62,48.0,292.62,143.0,313.0,48.0,302.33,16.579999999999984,247.0,96.0,2.891776270737154,343,151.0,9.0,0.44
07:30:43,295.0,136.0,308.41,51.0,293.0,102.0,312.73,66.0,301.71,13.410000000000025,238.0,117.0,2.867711631248656,355,121.0,12.0,0.34
07:30:44,295.63,134.0,305.09,67.0,292.33,108.0,306.77,71.0,300.36,9.45999999999998,242.0,138.0,2.7791959268822937,380,104.0,25.0,0.27
07:30:45,297.71,84.0,304.0,57.0,292.0,84.0,305.56,64.0,300.86,6.2900000000000205,168.0,121.0,1.101621532105928,289,47.0,-91.0,0.16
07:30:46,299.45,66.0,304.0,96.0,291.24,102.0,308.67,36.0,301.73,4.550000000000011,168.0,132.0,0.7815177541166008,300,36.0,11.0,0.12
07:30:47,301.36,33.0,304.0,88.0,293.0,22.0,309.0,33.0,302.68,2.6399999999999864,55.0,121.0,0.8935155286840061,176,-66.0,-124.0,-0.38
07:30:48,297.79,19.0,304.0,58.0,293.28,36.0,309.0,30.0,300.89,6.2099999999999795,55.0,88.0,0.9130334057412662,143,-33.0,-33.0,-0.23
07:30:51,293.64,70.0,306.68,38.0,291.65,51.0,308.23,44.0,300.16,13.04000000000002,121.0,82.0,2.124735277628681,203,39.0,35.0,0.19
07:30:52,294.92,65.0,306.35,17.0,292.0,78.0,308.29,51.0,300.64,11.430000000000007,143.0,68.0,1.5685088460062784,211,75.0,8.0,0.36
07:30:53,295.43,70.0,307.8,35.0,292.0,84.0,309.83,72.0,301.61,12.370000000000005,154.0,107.0,1.756468046962405,261,47.0,50.0,0.18
07:30:54,296.0,60.0,308.58,24.0,291.32,57.0,310.0,72.0,302.29,12.579999999999984,117.0,96.0,1.636468759249501,213,21.0,-48.0,0.1
07:30:55,296.5,70.0,305.38,56.0,291.0,70.0,306.57,53.0,300.94,8.879999999999995,140.0,109.0,0.8356255142103775,249,31.0,36.0,0.12
07:30:56,298.12,80.0,304.0,64.0,291.21,67.0,305.0,41.0,301.06,5.8799999999999955,147.0,105.0,0.6516670929234534,252,42.0,3.0,0.17
07:30:57,299.0,65.0,302.33,46.0,293.0,13.0,305.0,26.0,300.66,3.329999999999984,78.0,72.0,0.6465833279626786,150,6.0,-102.0,0.04
07:30:58,297.27,37.0,303.06,31.0,291.32,25.0,306.41,34.0,300.17,5.7900000000000205,62.0,65.0,0.786276032954976,127,-3.0,-23.0,-0.02
07:31:00,295.44,41.0,303.93,56.0,292.81,32.0,366.81,32.0,299.68,8.490000000000009,73.0,88.0,0.5211237856782915,161,-15.0,10.0,-0.09
07:31:01,299.44,36.0,303.0,64.0,297.95,44.0,314.97,31.0,301.22,3.5600000000000023,80.0,95.0,0.5762377981351638,175,-15.0,14.0,-0.09
07:31:02,301.59,17.0,302.86,28.0,300.45,11.0,303.43,14.0,302.22,1.2700000000000387,28.0,42.0,1.0107274607922325,70,-14.0,-105.0,-0.2
07:31:03,308.26,23.0,311.96,25.0,306.77,22.0,358.89,37.0,310.11,3.6999999999999886,45.0,62.0,4.2530636016874395,107,-17.0,37.0,-0.16
07:31:04,315.0,20.0,316.0,20.0,312.0,30.0,352.14,35.0,315.5,1.0,50.0,55.0,6.780463111026918,105,-5.0,-2.0,-0.05
07:31:05,315.0,14.0,316.0,20.0,312.0,30.0,447.0,14.0,315.5,1.0,44.0,34.0,6.931601546539961,78,10.0,-27.0,0.13
07:31:06,315.0,8.0,316.0,16.0,312.0,24.0,519.21,14.0,315.5,1.0,32.0,30.0,5.824446754842388,62,2.0,-16.0,0.03
07:31:07,305.6,10.0,316.0,16.0,297.69,26.0,477.0,32.0,310.8,10.399999999999977,36.0,48.0,2.7740079307733247,84,-12.0,22.0,-0.14
07:31:08,298.0,11.0,323.8,40.0,293.31,52.0,397.15,41.0,310.9,25.80000000000001,63.0,81.0,2.5471552759879588,144,-18.0,60.0,-0.12
07:31:09,298.0,9.0,317.0,36.0,294.0,72.0,497.67,9.0,307.5,19.0,81.0,45.0,3.4420923869057094,126,36.0,-18.0,0.29
07:31:10,294.24,68.0,315.67,30.0,293.5,64.0,331.1,39.0,304.95,21.430000000000007,132.0,69.0,3.9820848810636282,201,63.0,75.0,0.31
07:31:12,309.0,20.0,310.0,10.0,293.0,98.0,480.77,26.0,309.5,1.0,118.0,36.0,20.56759417141419,154,82.0,-128.0,0.53
07:31:13,297.79,33.0,302.94,17.0,292.82,44.0,488.45,29.0,300.36,5.149999999999977,77.0,46.0,21.892175999657784,123,31.0,-31.0,0.25
07:31:14,301.2,49.0,305.0,16.0,297.0,42.0,527.74,31.0,303.1,3.8000000000000114,91.0,47.0,22.364815447483412,138,44.0,15.0,0.32
07:31:15,308.0,33.0,309.18,11.0,299.18,33.0,515.0,11.0,308.59,1.1800000000000068,66.0,22.0,22.03846932071264,88,44.0,-50.0,0.5
07:31:16,307.22,27.0,309.0,10.0,300.8,30.0,364.77,22.0,308.11,1.7799999999999727,57.0,32.0,3.987689807394619,89,25.0,1.0,0.28
07:31:17,301.19,32.0,309.0,12.0,299.33,36.0,406.06,16.0,305.09,7.810000000000002,68.0,28.0,3.453092816592045,96,40.0,7.0,0.42
07:31:18,301.5,18.0,308.41,17.0,299.68,34.0,311.92,12.0,304.96,6.910000000000025,52.0,29.0,2.317077901150274,81,23.0,-15.0,0.28
07:31:19,298.0,33.0,308.88,25.0,292.0,22.0,310.55,11.0,303.44,10.879999999999995,55.0,36.0,2.214513490588606,91,19.0,10.0,0.21
07:31:20,296.17,23.0,314.0,16.0,291.58,24.0,318.0,8.0,305.09,17.829999999999984,47.0,24.0,1.6994322581378443,71,23.0,-20.0,0.32
07:31:21,294.04,23.0,314.0,14.0,292.59,54.0,318.0,7.0,304.02,19.95999999999998,77.0,21.0,0.7516315586775895,98,56.0,27.0,0.57
07:31:22,295.0,59.0,314.0,18.0,293.0,76.0,318.0,9.0,304.5,19.0,135.0,27.0,0.682949485687049,162,108.0,64.0,0.67
07:31:23,295.03,113.0,314.0,32.0,293.33,48.0,434.0,17.0,304.51,18.970000000000027,161.0,49.0,0.6175516172760653,210,112.0,48.0,0.53
07:31:24,297.68,62.0,319.41,22.0,295.66,65.0,492.0,36.0,308.54,21.730000000000018,127.0,58.0,1.8329675392651072,185,69.0,-25.0,0.37
07:31:25,313.14,29.0,331.0,13.0,303.65,23.0,498.38,65.0,322.07,17.860000000000014,52.0,78.0,7.679145134713694,130,-26.0,-55.0,-0.2
07:31:26,313.89,35.0,328.03,37.0,312.23,13.0,350.15,59.0,320.96,14.139999999999986,48.0,96.0,8.745583456808037,144,-48.0,14.0,-0.33
07:31:27,312.0,7.0,324.43,21.0,308.0,7.0,327.0,35.0,318.21,12.430000000000007,14.0,56.0,7.865772053650716,70,-42.0,-74.0,-0.6
07:31:28,309.32,62.0,323.64,42.0,307.62,21.0,477.97,58.0,316.48,14.319999999999993,83.0,100.0,5.347314279149036,183,-17.0,113.0,-0.09
07:31:29,309.0,108.0,322.75,36.0,308.0,12.0,411.57,56.0,315.88,13.75,120.0,92.0,2.7195312096003676,212,28.0,29.0,0.13
07:31:30,310.0,15.0,318.59,51.0,309.0,135.0,319.81,52.0,314.29,8.589999999999975,150.0,103.0,2.543625365495369,253,47.0,41.0,0.19
07:31:31,310.14,7.0,317.0,21.0,309.0,63.0,319.0,28.0,313.57,6.860000000000014,70.0,49.0,1.8347288628003284,119,21.0,-134.0,0.18
07:31:32,311.38,13.0,315.39,44.0,309.0,117.0,316.26,46.0,313.39,4.009999999999991,130.0,90.0,1.3891976101308992,220,40.0,101.0,0.18
07:31:33,309.36,80.0,313.8,41.0,308.9,80.0,314.91,47.0,311.58,4.439999999999998,160.0,88.0,1.5571672999373396,248,72.0,28.0,0.29
07:31:34,309.0,81.0,310.67,33.0,308.0,9.0,312.28,25.0,309.83,1.670000000000016,90.0,58.0,1.810475075772961,148,32.0,-100.0,0.22
07:31:35,309.0,37.0,311.08,26.0,308.0,9.0,314.38,16.0,310.04,2.079999999999984,46.0,42.0,1.7761109199584901,88,4.0,-60.0,0.05
07:31:36,309.0,22.0,312.0,22.0,308.0,11.0,318.91,11.0,310.5,3.0,33.0,33.0,1.4633762332347537,66,0.0,-22.0,0.0
07:31:37,309.0,14.0,312.0,14.0,308.0,7.0,314.19,31.0,310.5,3.0,21.0,45.0,0.6757218362586971,66,-24.0,0.0,-0.36
07:31:38,309.87,109.0,312.92,39.0,308.59,17.0,314.75,40.0,311.4,3.0500000000000114,126.0,79.0,0.6041357463326059,205,47.0,139.0,0.23
07:31:39,304.71,14.0,313.97,62.0,300.97,33.0,318.82,17.0,309.34,9.260000000000048,47.0,79.0,0.7522499584559417,126,-32.0,-79.0,-0.25
07:31:40,301.36,84.0,308.89,18.0,298.89,61.0,313.25,36.0,305.12,7.529999999999973,145.0,54.0,2.4868695180885494,199,91.0,73.0,0.46
07:31:41,302.84,186.0,305.93,28.0,301.24,58.0,310.72,29.0,304.38,3.090000000000032,244.0,57.0,3.19745523815411,301,187.0,102.0,0.62
07:31:42,302.93,114.0,311.68,19.0,301.92,51.0,315.55,55.0,307.31,8.75,165.0,74.0,2.916761903207003,239,91.0,-62.0,0.38
07:31:43,306.3,114.0,315.0,80.0,304.82,174.0,318.0,80.0,310.65,8.699999999999989,288.0,160.0,2.6760511953249186,448,128.0,177.5,0.29
07:31:44,309.34,107.0,314.0,80.0,308.82,154.0,318.0,80.0,311.67,4.660000000000025,261.0,160.0,3.2486504890491923,421,101.0,-27.0,0.24
07:31:45,313.0,12.0,317.91,69.0,309.71,62.0,497.76,50.0,315.46,4.910000000000025,74.0,119.0,4.236369908305654,193,-45.0,-178.5,-0.23
07:31:46,313.0,7.0,318.82,22.0,312.0,14.0,328.0,17.0,315.91,5.819999999999993,21.0,39.0,3.570266096524979,60,-18.0,-133.0,-0.3
07:31:47,311.1,21.0,316.64,11.0,299.81,32.0,319.0,11.0,313.87,5.539999999999964,53.0,22.0,2.30528089394647,75,31.0,15.0,0.41
07:31:48,303.54,28.0,315.0,8.0,298.86,29.0,321.25,8.0,309.27,11.45999999999998,57.0,16.0,2.7694728740312407,73,41.0,-2.0,0.56
07:31:49,308.89,76.0,312.38,42.0,301.51,71.0,316.67,18.0,310.64,3.490000000000009,147.0,60.0,2.947651607635313,207,87.0,134.0,0.42
07:31:50,307.92,39.0,312.0,30.0,299.78,46.0,319.4,10.0,309.96,4.079999999999984,85.0,40.0,2.8383357799943267,125,45.0,-82.0,0.36
07:31:51,299.47,64.0,315.2,20.0,298.45,77.0,322.73,44.0,307.33,15.729999999999961,141.0,64.0,2.3885623291003726,205,77.0,80.0,0.38
07:31:52,307.21,19.0,320.0,7.0,299.5,38.0,323.0,35.0,313.61,12.79000000000002,57.0,42.0,2.2898624412827684,99,15.0,-106.0,0.15
07:31:53,312.0,16.0,320.0,8.0,300.0,61.0,323.0,40.0,316.0,8.0,77.0,48.0,3.361617170350664,125,29.0,26.0,0.23
07:31:54,312.0,20.0,320.0,10.0,302.08,26.0,323.0,50.0,316.0,8.0,46.0,60.0,3.836684766826109,106,-14.0,-19.0,-0.13
07:31:55,308.33,24.0,320.0,12.0,302.33,48.0,322.89,56.0,314.17,11.670000000000016,72.0,68.0,3.5706960105832035,140,4.0,34.0,0.03
07:31:56,311.77,64.0,315.2,50.0,300.41,78.0,320.67,18.0,313.48,3.430000000000007,142.0,68.0,1.2575651076559768,210,74.0,70.0,0.35
07:31:57,308.71,21.0,315.0,68.0,306.0,21.0,432.08,25.0,311.86,6.2900000000000205,42.0,93.0,1.76230530839412,135,-51.0,-75.0,-0.38
07:31:58,312.88,48.0,315.0,51.0,311.0,16.0,327.37,27.0,313.94,2.1200000000000045,64.0,78.0,1.485092589704247,142,-14.0,7.0,-0.1
07:31:59,312.62,24.0,314.55,44.0,309.06,17.0,316.95,41.0,313.59,1.9300000000000068,41.0,85.0,0.908058368165242,126,-44.0,-16.0,-0.35
07:32:00,309.71,14.0,317.18,34.0,305.0,14.0,321.67,48.0,313.45,7.470000000000027,28.0,82.0,0.8086593844104205,110,-54.0,-16.0,-0.49
07:32:01,309.02,43.0,320.17,18.0,307.12,16.0,321.08,49.0,314.59,11.150000000000034,59.0,67.0,1.010064354382846,126,-8.0,16.0,-0.06
07:32:02,309.81,48.0,320.0,15.0,308.75,101.0,321.13,45.0,314.91,10.189999999999998,149.0,60.0,0.633308771449113,209,89.0,83.0,0.43
07:32:03,310.74,57.0,319.08,12.0,309.05,147.0,324.18,34.0,314.91,8.339999999999975,204.0,46.0,0.7166589146827569,250,158.0,41.0,0.63
07:32:04,312.27,286.0,318.14,22.0,311.0,88.0,323.73,66.0,315.2,5.8700000000000045,374.0,88.0,0.6844852080169822,462,286.0,177.5,0.62
07:32:05,313.0,195.0,316.0,15.0,311.0,60.0,320.4,45.0,314.5,3.0,255.0,60.0,0.2810160137677384,315,195.0,-147.0,0.62
07:32:06,313.0,195.0,315.2,20.0,311.0,60.0,319.69,39.0,314.1,2.1999999999999886,255.0,59.0,0.4287540087205617,314,196.0,-1.0,0.62
07:32:07,313.0,193.0,314.76,21.0,311.0,64.0,318.61,38.0,313.88,1.759999999999991,257.0,59.0,0.5479233522985233,316,198.0,2.0,0.63
07:32:08,313.0,132.0,314.36,11.0,311.0,44.0,318.86,28.0,313.68,1.3600000000000136,176.0,39.0,0.6014316253691425,215,137.0,-101.0,0.64
07:32:09,313.77,43.0,323.75,55.0,310.61,46.0,325.46,41.0,318.76,9.980000000000018,89.0,96.0,2.1326696884406853,185,-7.0,-30.0,-0.04
07:32:10,316.0,8.0,323.0,16.0,313.68,74.0,324.0,24.0,319.5,7.0,82.0,40.0,2.887608006636808,122,42.0,-63.0,0.34
07:32:11,316.0,15.0,322.88,32.0,314.0,165.0,323.95,44.0,319.44,6.8799999999999955,180.0,76.0,3.0018527612113712,256,104.0,134.0,0.41
07:32:12,316.0,12.0,322.0,48.0,314.0,132.0,323.58,36.0,319.0,6.0,144.0,84.0,2.4766267381241946,228,60.0,-28.0,0.26
07:32:13,315.0,18.0,320.62,52.0,313.88,103.0,322.21,43.0,317.81,5.6200000000000045,121.0,95.0,0.6836080748434663,216,26.0,-12.0,0.12
07:32:14,314.0,63.0,319.0,28.0,311.91,46.0,322.0,49.0,316.5,5.0,109.0,77.0,1.2842507543277677,186,32.0,-30.0,0.17
07:32:15,314.0,108.0,318.42,48.0,312.0,84.0,322.0,84.0,316.21,4.420000000000016,192.0,132.0,1.4446002907350586,324,60.0,138.0,0.19
07:32:16,314.0,62.0,318.0,28.0,312.0,49.0,322.0,49.0,316.0,4.0,111.0,77.0,1.27241109708778,188,34.0,-136.0,0.18
07:32:17,314.0,96.0,316.92,26.0,312.0,84.0,318.55,51.0,315.46,2.920000000000016,180.0,77.0,0.8771715909629328,257,103.0,69.0,0.4
07:32:18,314.0,48.0,315.0,18.0,312.0,63.0,322.2,30.0,314.5,1.0,111.0,48.0,0.7877055287306073,159,63.0,-98.0,0.4
07:32:19,314.0,24.0,323.69,26.0,312.0,84.0,324.82,44.0,318.85,9.689999999999998,108.0,70.0,1.620194432774223,178,38.0,19.0,0.21
07:32:20,313.51,43.0,320.37,54.0,312.12,120.0,321.78,36.0,316.94,6.860000000000014,163.0,90.0,1.6534206966143006,253,73.0,75.0,0.29
07:32:21,312.13,68.0,319.0,56.0,311.32,65.0,320.0,14.0,315.57,6.8700000000000045,133.0,70.0,1.6870180793318605,203,63.0,-50.0,0.31
07:32:22,312.0,75.0,316.87,60.0,311.0,60.0,320.0,15.0,314.43,4.8700000000000045,135.0,75.0,1.8634028013268265,210,60.0,7.0,0.29
07:32:23,312.0,65.0,314.44,25.0,311.0,52.0,315.42,48.0,313.22,2.4399999999999977,117.0,73.0,2.1902214499891985,190,44.0,-20.0,0.23
07:32:24,312.0,80.0,314.48,42.0,310.95,76.0,316.0,100.0,313.24,2.480000000000018,156.0,142.0,1.5943180360246274,298,14.0,108.0,0.05
07:32:25,312.0,44.0,314.53,30.0,311.0,36.0,317.39,56.0,313.27,2.5299999999999727,80.0,86.0,1.0433264110497102,166,-6.0,-132.0,-0.04
07:32:26,313.0,32.0,322.13,52.0,312.0,32.0,329.34,58.0,317.57,9.129999999999995,64.0,110.0,1.874174484938272,174,-46.0,8.0,-0.26
07:32:27,313.0,34.0,325.94,67.0,312.0,34.0,327.5,40.0,319.47,12.939999999999998,68.0,107.0,2.9672428279453564,175,-39.0,1.0,-0.22
07:32:28,313.89,71.0,325.0,26.0,312.69,26.0,326.0,65.0,319.44,11.110000000000014,97.0,91.0,3.147295664533679,188,6.0,13.0,0.03
07:32:29,314.0,84.0,324.17,24.0,313.0,24.0,325.84,51.0,319.08,10.170000000000016,108.0,75.0,2.6308230651246407,183,33.0,-5.0,0.18
07:32:30,314.2,20.0,320.4,20.0,313.2,20.0,325.2,25.0,317.3,6.199999999999989,40.0,45.0,1.0535511378149895,85,-5.0,-98.0,-0.06
07:32:31,314.25,16.0,324.0,16.0,313.25,16.0,404.59,29.0,319.12,9.75,32.0,45.0,0.9021751492870116,77,-13.0,-8.0,-0.17
07:32:32,315.29,28.0,322.0,33.0,313.55,22.0,323.78,18.0,318.64,6.7099999999999795,50.0,51.0,0.8412371841467494,101,-1.0,24.0,-0.01
07:32:33,314.43,28.0,320.36,28.0,313.15,26.0,322.6,35.0,317.39,5.930000000000007,54.0,63.0,0.8978195809801949,117,-9.0,16.0,-0.08
07:32:34,314.0,26.0,316.62,52.0,313.0,26.0,317.36,44.0,315.31,2.6200000000000045,52.0,96.0,1.4797533578242021,148,-44.0,31.0,-0.3
07:32:35,311.43,23.0,313.38,52.0,309.47,19.0,314.46,52.0,312.41,1.9499999999999886,42.0,104.0,2.7546742094107333,146,-62.0,-2.0,-0.42
07:32:36,307.11,18.0,310.0,56.0,304.5,32.0,311.36,56.0,308.56,2.8899999999999864,50.0,112.0,4.055622023807704,162,-62.0,16.0,-0.38
07:32:37,306.0,26.0,308.85,52.0,302.0,39.0,309.85,52.0,307.42,2.8500000000000227,65.0,104.0,4.264641837246793,169,-39.0,7.0,-0.23
07:32:38,303.31,49.0,306.92,51.0,301.37,35.0,308.11,63.0,305.11,3.6100000000000136,84.0,114.0,4.073176892794824,198,-30.0,29.0,-0.15
07:32:39,302.0,27.0,305.44,9.0,300.0,9.0,317.21,19.0,303.72,3.4399999999999977,36.0,28.0,3.3623994408754734,64,8.0,-134.0,0.12
07:32:45,305.88,48.0,315.7,40.0,299.28,36.0,317.0,90.0,310.79,9.819999999999993,84.0,130.0,21.85481708914585,214,-46.0,-99.0,-0.21
07:32:46,311.34,68.0,315.55,80.0,307.37,65.0,322.81,93.0,313.44,4.210000000000036,133.0,173.0,17.736136839797098,306,-40.0,92.0,-0.13
07:32:47,312.37,57.0,315.79,61.0,309.8,81.0,318.31,58.0,314.08,3.420000000000016,138.0,119.0,16.19258472264388,257,19.0,-49.0,0.07
07:32:48,310.62,94.0,314.06,33.0,308.38,56.0,315.91,57.0,312.34,3.4399999999999977,150.0,90.0,10.344626624484473,240,60.0,-17.0,0.25
07:32:49,309.0,70.0,312.26,19.0,307.0,30.0,312.68,31.0,310.63,3.259999999999991,100.0,50.0,1.543447439982604,150,50.0,-90.0,0.33
07:32:50,309.0,48.0,310.0,8.0,307.0,24.0,314.06,31.0,309.5,1.0,72.0,39.0,1.9132746797020868,111,33.0,-39.0,0.3
07:32:51,309.0,21.0,310.0,7.0,307.0,21.0,321.43,28.0,309.5,1.0,42.0,35.0,1.9810603221481913,77,7.0,-34.0,0.09
07:32:52,308.75,24.0,310.0,8.0,306.77,22.0,321.75,32.0,309.38,1.25,46.0,40.0,1.2641598000216592,86,6.0,9.0,0.07
07:32:53,307.62,71.0,309.31,13.0,304.86,21.0,322.0,16.0,308.46,1.6899999999999977,92.0,29.0,0.7701817967153085,121,63.0,35.0,0.52
07:32:54,308.0,101.0,311.4,10.0,307.0,30.0,322.11,18.0,309.7,3.3999999999999773,131.0,28.0,0.4877704378002212,159,103.0,38.0,0.65
07:32:55,312.68,77.0,321.0,9.0,307.84,38.0,323.0,45.0,316.84,8.319999999999993,115.0,54.0,3.4231096973351667,169,61.0,10.0,0.36
07:32:56,314.65,80.0,321.0,14.0,312.9,84.0,323.0,70.0,317.82,6.350000000000023,164.0,84.0,4.500444422497416,248,80.0,79.0,0.32
07:32:57,315.0,20.0,320.06,34.0,313.0,80.0,322.22,18.0,317.53,5.060000000000002,100.0,52.0,4.5900980381671825,152,48.0,-96.0,0.32
07:32:58,315.0,14.0,320.0,28.0,313.0,56.0,323.36,11.0,317.5,5.0,70.0,39.0,3.4721923909806867,109,31.0,-43.0,0.28
07:32:59,315.0,14.0,319.8,40.0,313.0,56.0,323.79,33.0,317.4,4.800000000000011,70.0,73.0,0.35891503170303934,143,-3.0,34.0,-0.02
07:33:00,315.0,16.0,317.88,32.0,313.0,64.0,321.38,32.0,316.44,2.8799999999999955,80.0,64.0,0.5257565976594899,144,16.0,1.0,0.11
07:33:01,315.0,14.0,317.0,52.0,313.0,104.0,322.0,52.0,316.0,2.0,118.0,104.0,0.7073047433623831,222,14.0,78.0,0.06
07:33:02,313.08,75.0,322.26,50.0,312.45,33.0,327.0,57.0,317.67,9.180000000000007,108.0,107.0,0.7369667563621269,215,1.0,-7.0,0.0
07:33:03,313.0,96.0,321.33,36.0,311.0,12.0,324.75,40.0,317.17,8.329999999999984,108.0,76.0,0.6947877373579606,184,32.0,-31.0,0.17
07:33:04,313.0,72.0,319.22,27.0,311.0,9.0,327.46,39.0,316.11,6.220000000000027,81.0,66.0,0.718519310793582,147,15.0,-37.0,0.1
07:33:05,313.0,88.0,317.82,33.0,311.0,11.0,328.19,37.0,315.41,4.819999999999993,99.0,70.0,0.9225074525354892,169,29.0,22.0,0.17
07:33:06,313.0,48.0,317.0,18.0,311.0,6.0,326.0,30.0,315.0,4.0,54.0,48.0,1.1344690387946976,102,6.0,-67.0,0.06
07:33:07,313.0,33.0,315.52,31.0,311.8,10.0,322.11,37.0,314.26,2.519999999999982,43.0,68.0,1.1086252748267185,111,-25.0,9.0,-0.23
07:33:08,308.25,16.0,313.73,44.0,305.41,17.0,327.0,55.0,310.99,5.480000000000018,33.0,99.0,1.9963291311770492,132,-66.0,21.0,-0.5
07:33:09,302.14,28.0,321.22,49.0,282.4,20.0,359.13,60.0,311.68,19.08000000000004,48.0,109.0,2.005185776926226,157,-61.0,25.0,-0.39
07:33:10,297.0,30.0,322.0,100.0,272.85,13.0,326.8,30.0,309.5,25.0,43.0,130.0,2.2951644821207764,173,-87.0,16.0,-0.5
07:33:17,299.19,16.0,309.45,22.0,293.78,18.0,319.94,31.0,304.32,10.259999999999991,34.0,53.0,4.9569466408274625,87,-19.0,-33.0,-0.22
07:33:18,304.12,17.0,310.0,18.0,302.75,8.0,321.0,24.0,307.06,5.8799999999999955,25.0,42.0,6.469426558823204,67,-17.0,-20.0,-0.25
07:33:19,307.95,40.0,310.0,45.0,306.7,46.0,321.0,60.0,308.98,2.0500000000000114,86.0,105.0,7.040065340606113,191,-19.0,124.0,-0.1
07:33:20,308.67,24.0,319.26,38.0,304.75,16.0,321.83,48.0,313.96,10.589999999999975,40.0,86.0,7.174864458649986,126,-46.0,-65.0,-0.37
07:33:21,307.11,9.0,321.0,36.0,304.0,15.0,322.0,45.0,314.06,13.889999999999986,24.0,81.0,4.289135110951226,105,-57.0,-21.0,-0.54
07:33:22,310.0,11.0,319.57,49.0,307.0,11.0,335.71,51.0,314.79,9.569999999999993,22.0,100.0,3.50459698110814,122,-78.0,17.0,-0.64
07:33:23,311.0,6.0,317.5,24.0,307.0,6.0,319.07,28.0,314.25,6.5,12.0,52.0,2.385156179370799,64,-40.0,-58.0,-0.62
07:33:24,311.0,2.0,316.0,8.0,307.0,2.0,318.0,8.0,313.5,5.0,4.0,16.0,0.46879633103275115,20,-12.0,-44.0,-0.6
07:33:25,301.12,85.0,311.4,57.0,295.41,29.0,314.36,56.0,306.26,10.279999999999973,114.0,113.0,3.558506709280105,227,1.0,177.5,0.0
07:33:26,301.0,48.0,302.04,25.0,296.88,16.0,303.3,10.0,301.52,1.0400000000000205,64.0,35.0,5.897756353054468,99,29.0,-128.0,0.29
07:33:27,301.33,36.0,303.67,24.0,299.57,28.0,305.71,42.0,302.5,2.340000000000032,64.0,66.0,5.995921947457019,130,-2.0,31.0,-0.02
07:33:28,302.3,20.0,304.0,48.0,300.04,27.0,313.0,36.0,303.15,1.6999999999999886,47.0,84.0,4.870203281178212,131,-37.0,1.0,-0.28
07:33:29,295.73,22.0,300.72,50.0,291.22,54.0,312.45,44.0,298.22,4.990000000000009,76.0,94.0,2.9023438803839565,170,-18.0,39.0,-0.11
07:33:39,295.82,11.0,300.85,13.0,289.86,29.0,308.83,41.0,298.33,5.03000000000003,40.0,54.0,0.2835842026745193,94,-14.0,40.0,-0.15
07:33:49,293.74,38.0,300.63,41.0,292.03,58.0,302.62,32.0,297.19,6.889999999999986,96.0,73.0,2.198551796071724,169,23.0,77.0,0.14
07:33:52,297.69,26.0,303.0,52.0,287.0,25.0,304.0,26.0,300.35,5.310000000000002,51.0,78.0,1.6372629599447464,129,-27.0,-49.0,-0.21
07:33:53,299.53,34.0,302.81,27.0,288.13,85.0,303.79,48.0,301.17,3.2800000000000296,119.0,75.0,1.848978096140084,194,44.0,65.0,0.23
07:33:54,300.27,30.0,303.0,30.0,289.6,70.0,304.0,50.0,301.63,2.730000000000018,100.0,80.0,1.9642504931919336,180,20.0,-14.0,0.11
07:33:55,302.21,28.0,304.86,28.0,300.0,28.0,308.81,54.0,303.54,2.650000000000034,56.0,82.0,2.143070227501527,138,-26.0,-42.0,-0.19
07:33:56,300.5,16.0,308.73,30.0,287.7,37.0,310.91,11.0,304.62,8.230000000000018,53.0,41.0,1.7635957586708728,94,12.0,-44.0,0.13
07:33:57,300.12,16.0,312.61,36.0,287.78,46.0,372.0,24.0,306.37,12.490000000000009,62.0,60.0,2.145513924448065,122,2.0,28.0,0.02
07:34:00,293.25,16.0,309.0,16.0,290.86,28.0,319.0,40.0,301.12,15.75,44.0,56.0,2.7961705956542775,100,-12.0,-117.0,-0.12
07:34:01,294.43,28.0,309.0,24.0,290.73,30.0,318.48,54.0,301.71,14.569999999999993,58.0,78.0,2.5529982373676394,136,-20.0,36.0,-0.15
07:34:02,295.47,19.0,309.0,22.0,292.0,11.0,319.0,55.0,302.24,13.529999999999973,30.0,77.0,0.9294245531527857,107,-47.0,-29.0,-0.44
07:34:04,305.57,140.0,312.76,50.0,293.62,42.0,330.59,63.0,309.17,7.189999999999998,182.0,113.0,4.552982538952036,295,69.0,137.0,0.23
07:34:05,312.08,72.0,314.0,9.0,302.5,16.0,336.67,45.0,313.04,1.920000000000016,88.0,54.0,6.562600856367791,142,34.0,-153.0,0.24
07:34:07,313.12,94.0,316.36,56.0,310.81,86.0,332.55,53.0,314.74,3.240000000000009,180.0,109.0,18.488021257018964,289,71.0,68.0,0.25
07:34:08,313.61,83.0,316.33,54.0,310.67,96.0,368.23,65.0,314.97,2.7199999999999704,179.0,119.0,15.15619906176941,298,60.0,9.0,0.2
07:34:09,312.0,68.0,318.0,12.0,296.0,48.0,319.0,60.0,315.0,6.0,116.0,72.0,14.348426046085283,188,44.0,-110.0,0.23
07:34:10,308.0,32.0,317.62,8.0,295.92,26.0,321.0,60.0,312.81,9.620000000000005,58.0,68.0,14.380033727358875,126,-10.0,-62.0,-0.08
07:34:11,296.0,52.0,315.63,19.0,295.0,13.0,322.06,51.0,305.82,19.629999999999995,65.0,70.0,3.935285250142439,135,-5.0,9.0,-0.04
07:34:12,296.71,42.0,312.5,6.0,295.8,15.0,314.0,18.0,304.61,15.79000000000002,57.0,24.0,5.051254299675597,81,33.0,-54.0,0.41
07:34:13,296.14,70.0,301.36,36.0,295.21,19.0,309.67,27.0,298.75,5.220000000000027,89.0,63.0,6.559936737499468,152,26.0,71.0,0.17
07:34:14,296.31,64.0,304.39,18.0,295.55,31.0,306.85,27.0,300.35,8.079999999999984,95.0,45.0,5.502055979358877,140,50.0,-12.0,0.36
07:34:15,297.44,64.0,305.55,20.0,293.17,70.0,316.41,17.0,301.49,8.110000000000014,134.0,37.0,2.9470968765891934,171,97.0,31.0,0.57
07:34:16,306.21,42.0,309.0,49.0,300.95,44.0,452.54,37.0,307.61,2.7900000000000205,86.0,86.0,3.544364541070989,172,0.0,1.0,0.0
07:34:28,316.17,29.0,359.09,44.0,313.64,11.0,421.27,44.0,337.63,42.91999999999996,40.0,88.0,18.191585142585357,128,-48.0,24.0,-0.38
07:34:29,310.55,11.0,348.0,32.0,309.04,83.0,392.33,24.0,329.27,37.44999999999999,94.0,56.0,9.246070516708409,150,38.0,22.0,0.25
07:34:30,309.09,82.0,346.5,48.0,308.79,125.0,402.0,24.0,327.79,37.410000000000025,207.0,72.0,10.332811814794129,279,135.0,129.0,0.48
07:34:31,309.0,210.0,345.5,56.0,307.86,64.0,402.0,28.0,327.25,36.5,274.0,84.0,9.140969314025396,358,190.0,79.0,0.53
07:34:32,309.27,66.0,342.75,32.0,308.51,89.0,359.09,22.0,326.01,33.48000000000002,155.0,54.0,4.644243748982105,209,101.0,-149.0,0.48
07:34:33,309.28,65.0,340.79,38.0,308.45,100.0,342.41,34.0,325.03,31.510000000000048,165.0,72.0,1.6337074401380705,237,93.0,28.0,0.39
07:34:34,309.0,99.0,324.39,28.0,308.0,99.0,337.22,32.0,316.7,15.389999999999986,198.0,60.0,4.521391378764498,258,138.0,21.0,0.53
07:34:35,309.0,75.0,310.75,40.0,308.0,110.0,312.44,16.0,309.88,1.75,185.0,56.0,7.458963064660588,241,129.0,-17.0,0.54
07:34:36,309.0,44.0,310.62,13.0,308.0,88.0,315.0,8.0,309.81,1.6200000000000045,132.0,21.0,7.857488784591154,153,111.0,-88.0,0.73
07:34:37,309.0,32.0,310.0,8.0,308.0,88.0,315.0,8.0,309.5,1.0,120.0,16.0,6.77425494058058,136,104.0,-17.0,0.76
07:34:38,309.0,15.0,312.0,4.0,308.0,44.0,324.0,6.0,310.5,3.0,59.0,10.0,3.052625099809081,69,49.0,-67.0,0.71
07:34:39,313.94,17.0,316.33,24.0,308.66,32.0,327.75,16.0,315.14,2.3899999999999864,49.0,40.0,2.3613724822621207,89,9.0,20.0,0.1
07:34:40,315.0,12.0,316.0,30.0,308.0,66.0,318.0,6.0,315.5,1.0,78.0,36.0,2.9734323600820467,114,42.0,25.0,0.37
07:34:41,308.0,44.0,316.0,20.0,307.0,4.0,320.25,4.0,312.0,8.0,48.0,24.0,2.7025765484038424,72,24.0,-42.0,0.33
07:34:42,308.23,40.0,315.29,34.0,307.96,80.0,316.24,42.0,311.76,7.060000000000002,120.0,76.0,2.214452528274597,196,44.0,124.0,0.22
07:34:43,308.73,22.0,313.8,30.0,307.96,92.0,317.2,50.0,311.26,5.069999999999993,114.0,80.0,2.019138430118534,194,34.0,-2.0,0.18
07:34:44,308.0,91.0,312.0,45.0,307.0,26.0,315.2,45.0,310.0,4.0,117.0,90.0,2.0494584650543834,207,27.0,13.0,0.13
07:34:45,308.0,63.0,310.0,27.0,307.0,18.0,311.0,27.0,309.0,2.0,81.0,54.0,1.2701495974825623,135,27.0,-72.0,0.2
07:34:46,308.0,97.0,310.09,33.0,307.0,22.0,314.26,43.0,309.05,2.089999999999975,119.0,76.0,1.2608251266476436,195,43.0,60.0,0.22
07:34:47,308.0,36.0,311.0,27.0,307.0,18.0,316.0,45.0,309.5,3.0,54.0,72.0,0.9296343367081276,126,-18.0,-69.0,-0.14
07:34:48,307.64,25.0,310.38,39.0,302.15,26.0,316.54,65.0,309.01,2.740000000000009,51.0,104.0,0.4375728510630836,155,-53.0,29.0,-0.34
07:34:49,307.0,6.0,310.0,16.0,300.0,12.0,317.0,30.0,308.5,3.0,18.0,46.0,0.3542174473228941,64,-28.0,-91.0,-0.44
07:34:50,307.38,8.0,309.4,20.0,301.62,13.0,315.0,28.0,308.39,2.019999999999982,21.0,48.0,0.4511651582160792,69,-27.0,5.0,-0.39
07:34:51,306.12,16.0,309.77,26.0,299.85,26.0,319.4,25.0,307.95,3.6499999999999773,42.0,51.0,0.5979548477840723,93,-9.0,24.0,-0.1
07:34:52,300.0,8.0,308.12,16.0,299.0,16.0,311.77,13.0,304.06,8.120000000000005,24.0,29.0,2.004662066282,53,-5.0,-40.0,-0.09
07:34:53,300.0,6.0,307.0,12.0,299.0,12.0,308.0,12.0,303.5,7.0,18.0,24.0,2.48123960954834,42,-6.0,-11.0,-0.14
07:34:54,301.0,16.0,305.82,22.0,299.29,17.0,307.27,22.0,303.41,4.819999999999993,33.0,44.0,2.4894316620451775,77,-11.0,35.0,-0.14
07:34:55,301.22,18.0,305.84,19.0,205.38,29.0,309.45,20.0,303.53,4.619999999999948,47.0,39.0,1.9509356729514218,86,8.0,9.0,0.09
07:34:56,301.18,33.0,313.79,14.0,251.76,94.0,317.39,56.0,307.48,12.610000000000014,127.0,70.0,1.7427650444034624,197,57.0,111.0,0.29
07:34:57,312.61,31.0,314.0,8.0,306.88,16.0,317.0,40.0,313.31,1.3899999999999864,47.0,48.0,4.312276660882514,95,-1.0,-102.0,-0.01
07:34:58,313.0,40.0,315.88,16.0,311.0,16.0,335.17,36.0,314.44,2.8799999999999955,56.0,52.0,5.245172065813385,108,4.0,13.0,0.04
07:34:59,313.0,60.0,316.79,57.0,311.0,80.0,380.64,42.0,314.89,3.7900000000000205,140.0,99.0,5.003213967040186,239,41.0,131.0,0.17
07:35:00,311.51,51.0,315.31,64.0,310.74,123.0,321.5,80.0,313.41,3.8000000000000114,174.0,144.0,2.9978375539684095,318,30.0,79.0,0.09
07:35:01,311.14,147.0,313.12,51.0,308.14,42.0,314.87,91.0,312.13,1.9800000000000182,189.0,142.0,1.0775342221860602,331,47.0,13.0,0.14
07:35:02,311.0,77.0,312.14,37.0,303.0,9.0,313.43,42.0,311.57,1.1399999999999864,86.0,79.0,1.431858931592976,165,7.0,-166.0,0.04
07:35:03,311.0,34.0,315.0,50.0,303.0,10.0,322.0,20.0,313.0,4.0,44.0,70.0,1.2788666857741524,114,-26.0,-51.0,-0.23
07:35:04,311.0,21.0,314.86,29.0,303.0,7.0,322.0,14.0,312.93,3.8600000000000136,28.0,43.0,0.7427112493988081,71,-15.0,-43.0,-0.21
07:35:05,304.33,27.0,312.33,24.0,298.5,12.0,318.04,50.0,308.33,8.0,39.0,74.0,1.9172428119528795,113,-35.0,42.0,-0.31
07:35:06,301.0,18.0,310.89,18.0,297.0,9.0,317.86,73.0,305.94,9.889999999999986,27.0,91.0,3.1102941983012906,118,-64.0,5.0,-0.54
07:35:07,301.0,22.0,309.09,22.0,297.0,11.0,314.37,67.0,305.05,8.089999999999975,33.0,89.0,3.7698607401319864,122,-56.0,4.0,-0.46
07:35:08,302.62,52.0,308.67,24.0,299.95,19.0,313.61,93.0,305.64,6.050000000000011,71.0,117.0,3.2418775424112907,188,-46.0,66.0,-0.24
07:35:09,302.93,81.0,306.55,33.0,286.63,52.0,312.62,90.0,304.74,3.6200000000000045,133.0,123.0,1.417233220042878,256,10.0,68.0,0.04
07:35:10,299.17,47.0,312.42,53.0,277.0,44.0,316.0,67.0,305.79,13.25,91.0,120.0,0.5133906894304906,211,-29.0,-45.0,-0.14
07:35:11,310.58,124.0,318.0,80.0,303.75,59.0,319.65,46.0,314.29,7.420000000000016,183.0,126.0,4.040912025767361,309,57.0,98.0,0.18
07:35:12,313.96,94.0,317.56,45.0,312.74,69.0,318.76,63.0,315.76,3.6000000000000227,163.0,108.0,5.31801936814711,271,55.0,-38.0,0.2
07:35:13,316.0,48.0,317.0,22.0,314.0,55.0,318.18,44.0,316.5,1.0,103.0,66.0,5.6832675460499065,169,37.0,-102.0,0.22
07:35:14,316.0,12.0,318.0,24.0,314.0,30.0,321.0,24.0,317.0,2.0,42.0,48.0,4.630029157573421,90,-6.0,-79.0,-0.07
07:35:15,316.0,10.0,318.0,24.0,314.0,30.0,321.0,24.0,317.0,2.0,40.0,48.0,1.137013632273752,88,-8.0,-2.0,-0.09
07:35:16,316.0,8.0,318.0,32.0,314.0,40.0,321.0,32.0,317.0,2.0,48.0,64.0,0.5436175125724358,112,-16.0,24.0,-0.14
07:35:17,316.0,9.0,318.0,36.0,314.0,45.0,321.0,36.0,317.0,2.0,54.0,72.0,0.2236067976941205,126,-18.0,14.0,-0.14
07:35:18,314.0,7.0,318.0,28.0,313.0,63.0,321.0,28.0,316.0,4.0,70.0,56.0,0.44721359547220346,126,14.0,0.0,0.11
07:35:19,314.0,6.0,318.0,24.0,313.0,54.0,321.0,24.0,316.0,4.0,60.0,48.0,0.5477225574827972,108,12.0,-18.0,0.11
07:35:20,313.05,42.0,318.0,40.0,311.33,36.0,321.0,40.0,315.52,4.949999999999989,78.0,80.0,0.6648909684873012,158,-2.0,50.0,-0.01
07:35:21,313.0,60.0,317.31,39.0,312.0,48.0,318.75,48.0,315.15,4.310000000000002,108.0,87.0,0.6948237186341485,195,21.0,37.0,0.11
07:35:22,313.0,70.0,315.84,32.0,311.9,124.0,317.41,51.0,314.42,2.839999999999975,194.0,83.0,0.6625103772601689,277,111.0,82.0,0.4
07:35:23,312.23,78.0,314.09,11.0,311.63,82.0,323.57,14.0,313.16,1.8599999999999568,160.0,25.0,1.1070682002380365,185,135.0,-92.0,0.73
07:35:24,312.16,43.0,318.57,14.0,311.8,90.0,325.03,37.0,315.37,6.409999999999968,133.0,51.0,0.9709428407370312,184,82.0,-1.0,0.45
07:35:25,312.0,132.0,322.67,30.0,309.0,22.0,323.44,36.0,317.33,10.670000000000016,154.0,66.0,1.5226063181196607,220,88.0,36.0,0.4
07:35:26,312.0,136.0,321.12,16.0,309.0,16.0,324.5,32.0,316.56,9.120000000000005,152.0,48.0,1.661646773528439,200,104.0,-20.0,0.52
07:35:27,312.1,196.0,320.27,30.0,311.62,126.0,324.58,48.0,316.18,8.169999999999959,322.0,78.0,1.5957286736713563,400,244.0,177.5,0.61
07:35:28,312.0,220.0,317.87,30.0,309.0,20.0,318.93,30.0,314.93,5.8700000000000045,240.0,60.0,0.9525387131116729,300,180.0,-100.0,0.6
07:35:29,312.41,138.0,317.17,24.0,311.82,164.0,325.0,60.0,314.79,4.759999999999991,302.0,84.0,1.0857117481065615,386,218.0,86.0,0.56
07:35:30,315.55,29.0,322.33,36.0,312.12,164.0,326.09,55.0,318.94,6.779999999999973,193.0,91.0,1.6738130122496155,284,102.0,-102.0,0.36
07:35:31,317.0,21.0,325.0,28.0,314.0,14.0,327.0,35.0,321.0,8.0,35.0,63.0,2.7140320558119533,98,-28.0,-178.5,-0.29
07:35:32,317.0,9.0,325.0,12.0,314.0,6.0,327.0,15.0,321.0,8.0,15.0,27.0,3.1034448601471065,42,-12.0,-56.0,-0.29
07:35:33,317.0,12.0,325.0,16.0,314.0,8.0,327.0,20.0,321.0,8.0,20.0,36.0,2.6985699916755546,56,-16.0,14.0,-0.29
07:35:34,317.0,24.0,325.0,32.0,314.0,16.0,327.0,40.0,321.0,8.0,40.0,72.0,0.9212600067136901,112,-32.0,56.0,-0.29
07:35:35,312.0,161.0,325.0,32.0,309.0,16.0,327.0,40.0,318.5,13.0,177.0,72.0,1.1180339887365887,249,105.0,137.0,0.42
07:35:36,312.04,53.0,325.0,20.0,311.55,40.0,327.0,25.0,318.52,12.95999999999998,93.0,45.0,1.3638474987955709,138,48.0,-111.0,0.35
07:35:37,315.4,35.0,326.54,52.0,312.01,171.0,454.37,38.0,320.97,11.140000000000043,206.0,90.0,1.358425559230593,296,116.0,158.0,0.39
07:35:38,316.0,56.0,324.0,30.0,312.0,136.0,327.0,33.0,320.0,8.0,192.0,63.0,1.2427067232340963,255,129.0,-41.0,0.51
07:35:39,316.0,84.0,324.0,48.0,312.23,92.0,327.5,24.0,320.0,8.0,176.0,72.0,1.0692614273280012,248,104.0,-7.0,0.42
07:35:40,316.0,55.0,324.0,32.0,315.0,8.0,327.8,20.0,320.0,8.0,63.0,52.0,0.8773938682091832,115,11.0,-133.0,0.1
07:35:41,316.0,18.0,324.0,29.0,315.0,7.0,328.0,28.0,320.0,8.0,25.0,57.0,0.43379718760109415,82,-32.0,-33.0,-0.39
07:35:42,315.99,172.0,323.96,68.0,313.3,30.0,327.65,57.0,319.98,7.96999999999997,202.0,125.0,0.008944270283150622,327,77.0,177.5,0.24
07:35:43,316.0,247.0,321.67,27.0,315.0,13.0,323.15,33.0,318.83,5.670000000000016,260.0,60.0,0.5210758101958359,320,200.0,-7.0,0.62
07:35:44,316.0,239.0,320.25,48.0,315.0,16.0,323.96,46.0,318.12,4.25,255.0,94.0,0.8687232010092703,349,161.0,29.0,0.46
07:35:45,316.0,114.0,317.94,51.0,315.0,17.0,324.53,49.0,316.97,1.9399999999999977,131.0,100.0,1.2886620968945564,231,31.0,-118.0,0.13
07:35:46,316.0,66.0,317.0,33.0,315.0,11.0,331.0,33.0,316.5,1.0,77.0,66.0,1.4055781728433807,143,11.0,-88.0,0.08
07:35:47,315.56,16.0,325.35,34.0,312.07,122.0,331.06,18.0,320.46,9.79000000000002,138.0,52.0,1.574080684073578,190,86.0,47.0,0.45
07:35:48,315.0,3.0,328.0,12.0,312.0,51.0,333.0,3.0,321.5,13.0,54.0,15.0,2.1855434106813636,69,39.0,-121.0,0.57
07:35:49,315.0,7.0,328.0,14.0,312.05,87.0,332.0,14.0,321.5,13.0,94.0,28.0,2.4625961910089353,122,66.0,53.0,0.54
07:35:50,315.0,8.0,328.0,16.0,314.0,8.0,332.45,11.0,321.5,13.0,16.0,27.0,2.1670994439504625,43,-11.0,-79.0,-0.26
07:35:51,315.0,8.0,324.62,16.0,314.0,8.0,330.18,11.0,319.81,9.620000000000005,16.0,27.0,0.7821636657179897,43,-11.0,0.0,-0.26
07:35:52,315.0,11.0,327.73,22.0,314.0,11.0,331.56,41.0,321.36,12.730000000000018,22.0,63.0,0.7426169941289644,85,-41.0,42.0,-0.48
07:35:53,315.0,15.0,323.44,36.0,314.0,15.0,326.24,37.0,319.22,8.439999999999998,30.0,73.0,1.0834758880426272,103,-43.0,18.0,-0.42
07:35:54,315.0,11.0,322.15,26.0,314.0,11.0,324.78,27.0,318.58,7.149999999999977,22.0,53.0,1.29579319336482,75,-31.0,-28.0,-0.41
07:35:55,315.0,15.0,320.4,30.0,314.0,15.0,323.94,17.0,317.7,5.399999999999977,30.0,47.0,1.3768369547523305,77,-17.0,2.0,-0.22
07:35:56,315.0,13.0,319.15,26.0,314.0,13.0,328.3,40.0,317.08,4.149999999999977,26.0,66.0,1.6542430292954144,92,-40.0,15.0,-0.43
07:35:57,315.0,8.0,318.0,16.0,314.0,8.0,329.0,16.0,316.5,3.0,16.0,32.0,1.100218160172728,48,-16.0,-44.0,-0.33
07:35:58,315.0,11.0,316.65,23.0,314.0,11.0,319.55,29.0,315.83,1.6499999999999773,22.0,52.0,1.0626005834624892,74,-30.0,26.0,-0.41
07:35:59,312.18,76.0,315.71,28.0,311.46,152.0,322.58,48.0,313.95,3.5299999999999727,228.0,76.0,1.4416206158265603,304,152.0,177.5,0.5
07:36:00,312.0,108.0,314.94,17.0,311.0,95.0,319.71,34.0,313.47,2.9399999999999977,203.0,51.0,1.5842127382322497,254,152.0,-50.0,0.6
07:36:01,312.0,83.0,313.02,49.0,311.0,91.0,314.14,14.0,312.51,1.0199999999999818,174.0,63.0,1.6643977889851367,237,111.0,-17.0,0.47
07:36:02,311.09,85.0,312.62,52.0,309.23,124.0,322.55,31.0,311.85,1.5300000000000296,209.0,83.0,1.5274554003243304,292,126.0,55.0,0.43
07:36:03,311.38,106.0,315.97,39.0,310.09,88.0,325.44,36.0,313.68,4.590000000000032,194.0,75.0,0.8812037221781667,269,119.0,-23.0,0.44
07:36:04,312.0,40.0,323.0,16.0,311.0,48.0,328.0,32.0,317.5,11.0,88.0,48.0,2.195443007681962,136,40.0,-133.0,0.29
07:36:05,312.0,38.0,323.0,20.0,311.0,60.0,328.0,40.0,317.5,11.0,98.0,60.0,2.720141540431023,158,38.0,22.0,0.24
07:36:06,312.75,16.0,323.0,14.0,311.05,38.0,328.0,28.0,317.88,10.25,54.0,42.0,2.7447076346993464,96,12.0,-62.0,0.12
07:36:07,315.0,36.0,323.0,18.0,312.0,18.0,328.0,36.0,319.0,8.0,54.0,54.0,2.014576878645946,108,0.0,12.0,0.0
07:36:08,315.0,48.0,323.0,24.0,312.0,24.0,328.0,48.0,319.0,8.0,72.0,72.0,0.7680364574506368,144,0.0,36.0,0.0
07:36:09,315.0,40.0,328.0,40.0,313.67,60.0,330.0,10.0,321.5,13.0,100.0,50.0,1.5613711922448776,150,50.0,6.0,0.33
07:36:10,313.58,62.0,322.71,68.0,311.76,42.0,328.07,55.0,318.14,9.129999999999995,104.0,123.0,1.4309018135329945,227,-19.0,77.0,-0.08
07:36:11,311.0,60.0,321.44,39.0,309.0,60.0,323.18,49.0,316.22,10.439999999999998,120.0,88.0,1.9011891015815443,208,32.0,-19.0,0.15
07:36:12,311.0,45.0,318.33,18.0,309.0,45.0,322.29,21.0,314.67,7.329999999999984,90.0,39.0,2.6211981992923867,129,51.0,-79.0,0.4
07:36:13,311.0,50.0,316.4,20.0,309.0,50.0,324.83,42.0,313.7,5.399999999999977,100.0,62.0,3.0967047001571206,162,38.0,33.0,0.23
07:36:14,310.03,34.0,314.25,24.0,308.79,38.0,324.0,12.0,312.14,4.220000000000027,72.0,36.0,2.3088481976903195,108,36.0,-54.0,0.33
07:36:15,310.0,24.0,312.0,16.0,308.08,13.0,324.62,8.0,311.0,2.0,37.0,24.0,2.055256674962969,61,13.0,-47.0,0.21
07:36:16,310.0,21.0,311.29,14.0,308.0,14.0,325.0,12.0,310.64,1.2900000000000205,35.0,26.0,1.729421868712585,61,9.0,0.0,0.15
07:36:17,310.0,24.0,321.8,20.0,308.0,16.0,325.07,41.0,315.9,11.800000000000011,40.0,61.0,2.1612681462467753,101,-21.0,40.0,-0.21
07:36:18,310.0,36.0,320.78,45.0,308.0,24.0,322.82,74.0,315.39,10.779999999999973,60.0,119.0,2.4713518567740445,179,-59.0,78.0,-0.33
07:36:19,310.0,39.0,317.69,32.0,308.0,26.0,319.07,59.0,313.84,7.689999999999998,65.0,91.0,2.4377612680449388,156,-26.0,-23.0,-0.17
07:36:20,310.0,21.0,315.0,35.0,308.0,14.0,316.0,14.0,312.5,5.0,35.0,49.0,2.1510880967500374,84,-14.0,-72.0,-0.17
07:36:21,311.6,40.0,314.61,41.0,310.29,34.0,315.2,50.0,313.1,3.009999999999991,74.0,91.0,1.459547875192532,165,-17.0,81.0,-0.1
07:36:22,311.38,42.0,313.62,40.0,309.82,33.0,316.71,70.0,312.5,2.240000000000009,75.0,110.0,1.208503206441735,185,-35.0,20.0,-0.19
07:36:23,309.74,35.0,313.55,47.0,305.43,42.0,315.57,51.0,311.65,3.8100000000000023,77.0,98.0,0.8124776919897246,175,-21.0,-10.0,-0.12
07:36:24,307.0,13.0,311.21,58.0,301.19,74.0,312.85,55.0,309.1,4.2099999999999795,87.0,113.0,1.57939861972278,200,-26.0,25.0,-0.13
07:36:25,307.56,18.0,309.23,65.0,300.84,51.0,315.15,52.0,308.39,1.670000000000016,69.0,117.0,2.0911169264255283,186,-48.0,-14.0,-0.26
07:36:26,304.83,30.0,308.3,50.0,303.32,77.0,320.0,50.0,306.57,3.4700000000000273,107.0,100.0,2.423771853946868,207,7.0,21.0,0.03
07:36:27,300.0,126.0,315.57,75.0,296.0,144.0,321.2,83.0,307.79,15.569999999999993,270.0,158.0,1.8923266102832825,428,112.0,177.5,0.26
07:36:28,300.0,105.0,314.59,37.0,296.0,120.0,316.3,27.0,307.3,14.589999999999975,225.0,64.0,0.9742432960956822,289,161.0,-139.0,0.56
07:36:29,302.67,45.0,309.7,20.0,297.33,60.0,313.84,31.0,306.18,7.029999999999973,105.0,51.0,0.8945557556620787,156,54.0,-133.0,0.35
07:36:30,306.6,15.0,313.77,13.0,298.75,24.0,315.83,24.0,310.18,7.169999999999959,39.0,37.0,1.5700095541071286,76,2.0,-80.0,0.03
07:36:31,301.0,8.0,312.38,8.0,300.0,16.0,316.0,32.0,306.69,11.379999999999995,24.0,40.0,1.5510544800191994,64,-16.0,-12.0,-0.25
07:36:32,303.6,10.0,312.0,8.0,300.2,15.0,314.5,32.0,307.8,8.399999999999977,25.0,40.0,1.55132201685776,65,-15.0,1.0,-0.23
07:36:33,307.19,26.0,312.0,12.0,305.73,22.0,314.0,48.0,309.6,4.810000000000002,48.0,60.0,1.7564452738377696,108,-12.0,43.0,-0.11
07:36:34,303.89,38.0,312.0,15.0,296.78,69.0,314.0,60.0,307.95,8.110000000000014,107.0,75.0,1.4217348557261178,182,32.0,74.0,0.18
07:36:35,311.0,120.0,312.0,10.0,306.4,60.0,314.0,40.0,311.5,1.0,180.0,50.0,1.8749853332722894,230,130.0,48.0,0.57
07:36:36,311.0,108.0,312.0,9.0,303.81,84.0,314.0,36.0,311.5,1.0,192.0,45.0,1.8136978800188635,237,147.0,7.0,0.62
07:36:37,311.0,168.0,315.14,35.0,308.17,36.0,316.03,35.0,313.07,4.139999999999986,204.0,70.0,1.9790477508093376,274,134.0,37.0,0.49
07:36:38,311.0,72.0,312.54,37.0,310.0,13.0,317.23,52.0,311.77,1.5400000000000205,85.0,89.0,1.907582239376042,174,-4.0,-100.0,-0.02
07:36:39,311.0,24.0,312.0,16.0,310.0,8.0,317.25,32.0,311.5,1.0,32.0,48.0,0.6820337234931678,80,-16.0,-94.0,-0.2
07:36:40,310.95,19.0,312.0,14.0,309.33,9.0,318.0,28.0,311.47,1.0500000000000114,28.0,42.0,0.6861996793805378,70,-14.0,-10.0,-0.2
07:36:41,310.0,11.0,317.0,23.0,308.0,33.0,316.44,25.0,313.5,7.0,44.0,48.0,0.9533467364927914,92,-4.0,22.0,-0.04
07:36:42,310.0,7.0,322.0,28.0,308.0,21.0,324.29,7.0,316.0,12.0,28.0,35.0,1.9518119786446397,63,-7.0,-29.0,-0.11
07:36:43,310.51,41.0,315.17,48.0,308.05,40.0,322.06,54.0,312.84,4.660000000000025,81.0,102.0,1.860596678482583,183,-21.0,120.0,-0.11
07:36:44,308.0,24.0,317.73,22.0,307.0,48.0,321.83,41.0,312.86,9.730000000000018,72.0,63.0,1.6642055161487885,135,9.0,-48.0,0.07
07:36:45,308.0,12.0,311.6,50.0,304.13,92.0,316.22,18.0,309.8,3.6000000000000227,104.0,68.0,2.2099321256501265,172,36.0,37.0,0.21
07:36:46,308.0,15.0,310.56,27.0,304.6,50.0,311.98,63.0,309.28,2.5600000000000023,65.0,90.0,2.718543727803841,155,-25.0,-17.0,-0.16
07:36:47,308.0,10.0,310.0,10.0,307.0,10.0,312.0,50.0,309.0,2.0,20.0,60.0,1.932997672006709,80,-40.0,-75.0,-0.5
07:36:48,307.29,14.0,311.29,14.0,298.56,59.0,314.51,67.0,309.29,4.0,73.0,81.0,1.5993373627800394,154,-8.0,74.0,-0.05
07:36:49,301.13,31.0,312.67,18.0,298.24,58.0,325.11,54.0,306.9,11.54000000000002,89.0,72.0,1.129814144001358,161,17.0,7.0,0.11
07:36:50,304.15,26.0,323.03,71.0,302.64,22.0,478.25,71.0,313.59,18.879999999999995,48.0,142.0,2.437615638279479,190,-94.0,29.0,-0.49
07:36:51,315.0,20.0,323.0,50.0,308.0,10.0,468.89,45.0,319.0,8.0,30.0,95.0,4.819142039822312,125,-65.0,-65.0,-0.52
07:36:52,315.0,14.0,323.0,35.0,308.5,8.0,461.55,22.0,319.0,8.0,22.0,57.0,5.5176199579148975,79,-35.0,-46.0,-0.44
07:36:53,315.0,16.0,323.0,40.0,310.0,16.0,528.78,18.0,319.0,8.0,32.0,58.0,5.346916868624294,90,-26.0,11.0,-0.29
07:36:54,315.0,14.0,323.0,35.0,310.0,14.0,493.44,18.0,319.0,8.0,28.0,53.0,2.4194255516499257,81,-25.0,-9.0,-0.31
07:36:55,315.0,70.0,322.06,77.0,310.0,22.0,326.9,20.0,318.53,7.060000000000002,92.0,97.0,0.21019038982666724,189,-5.0,108.0,-0.03
07:36:56,315.0,97.0,321.71,68.0,310.0,22.0,322.23,26.0,318.35,6.7099999999999795,119.0,94.0,0.3132570828817965,213,25.0,24.0,0.12
07:36:57,315.0,70.0,319.9,40.0,311.62,32.0,322.0,40.0,317.45,4.899999999999977,102.0,80.0,0.6364196728385494,182,22.0,-31.0,0.12
07:36:58,315.0,111.0,317.43,56.0,312.0,112.0,323.82,39.0,316.21,2.430000000000007,223.0,95.0,1.1031409701287085,318,128.0,136.0,0.4
07:36:59,315.0,32.0,325.4,20.0,312.0,56.0,328.31,13.0,320.2,10.399999999999977,88.0,33.0,1.4697346699238758,121,55.0,-178.5,0.45
07:37:00,315.0,52.0,326.54,26.0,312.0,104.0,329.0,31.0,320.77,11.54000000000002,156.0,57.0,1.8951200489614826,213,99.0,92.0,0.46
07:37:01,315.0,32.0,325.79,14.0,312.0,64.0,329.6,40.0,320.39,10.79000000000002,96.0,54.0,2.0427628349799645,150,42.0,-63.0,0.28
07:37:02,315.0,70.0,322.0,25.0,312.12,127.0,323.69,32.0,318.5,7.0,197.0,57.0,1.891435962430444,254,140.0,104.0,0.55
07:37:03,315.0,12.0,319.04,23.0,313.25,24.0,320.31,13.0,317.02,4.0400000000000205,36.0,36.0,1.5786481558520298,72,0.0,-178.5,0.0
07:37:04,315.0,11.0,317.92,12.0,314.0,11.0,319.05,21.0,316.46,2.920000000000016,22.0,33.0,1.9361740624168216,55,-11.0,-17.0,-0.2
07:37:05,314.17,12.0,315.11,36.0,313.06,32.0,317.5,16.0,314.64,0.9399999999999977,44.0,52.0,2.1676992411256517,96,-8.0,41.0,-0.08
07:37:06,314.0,14.0,315.0,70.0,313.0,42.0,316.0,14.0,314.5,1.0,56.0,84.0,1.684541480634341,140,-28.0,44.0,-0.2
07:37:07,312.83,47.0,314.59,59.0,311.96,106.0,319.14,28.0,313.71,1.759999999999991,153.0,87.0,1.4055176982089468,240,66.0,100.0,0.28
07:37:08,312.0,82.0,317.31,26.0,310.0,28.0,319.63,35.0,314.65,5.310000000000002,110.0,61.0,1.010133654512619,171,49.0,-69.0,0.29
07:37:09,312.0,27.0,313.45,22.0,310.0,28.0,314.88,25.0,312.73,1.4499999999999886,55.0,47.0,0.8319435076852982,102,8.0,-69.0,0.08
07:37:10,310.12,16.0,311.77,52.0,308.24,17.0,315.71,34.0,310.95,1.6499999999999773,33.0,86.0,1.5229642149375868,119,-53.0,17.0,-0.45
07:37:11,307.57,21.0,310.62,37.0,304.3,23.0,311.47,30.0,309.1,3.0500000000000114,44.0,67.0,2.221040296793713,111,-23.0,-8.0,-0.21
07:37:12,304.0,40.0,307.87,15.0,302.85,65.0,313.07,28.0,305.93,3.8700000000000045,105.0,43.0,3.3576360731894606,148,62.0,37.0,0.42
07:37:13,302.69,45.0,313.36,14.0,300.21,34.0,320.34,32.0,308.02,10.670000000000016,79.0,46.0,2.622599855102678,125,33.0,-23.0,0.26
07:37:14,301.0,16.0,318.4,10.0,286.86,14.0,325.0,40.0,309.7,17.399999999999977,30.0,50.0,1.8940564933457398,80,-20.0,-45.0,-0.25
07:37:15,301.0,116.0,315.61,18.0,277.0,30.0,319.48,56.0,308.31,14.610000000000014,146.0,74.0,1.4367219633546757,220,72.0,140.0,0.33
07:37:16,303.17,48.0,314.0,12.0,294.11,63.0,316.0,68.0,308.58,10.829999999999984,111.0,80.0,1.3738158537394316,191,31.0,-29.0,0.16
07:37:17,312.0,87.0,314.0,11.0,309.0,22.0,316.0,55.0,313.0,2.0,109.0,66.0,2.045756583756877,175,43.0,-16.0,0.25
07:37:18,312.0,104.0,315.29,14.0,309.0,16.0,317.12,40.0,313.64,3.2900000000000205,120.0,54.0,2.5062681420757023,174,66.0,-1.0,0.38
07:37:19,312.0,116.0,316.0,24.0,309.0,16.0,319.0,40.0,314.0,4.0,132.0,64.0,2.81877278260998,196,68.0,22.0,0.35
07:37:20,312.5,16.0,316.0,18.0,311.89,57.0,319.0,30.0,314.25,3.5,73.0,48.0,2.347355959368268,121,25.0,-75.0,0.21
07:37:21,314.0,8.0,316.0,24.0,312.0,88.0,319.0,40.0,315.0,2.0,96.0,64.0,0.7398783683691325,160,32.0,39.0,0.2
07:37:22,314.0,6.0,316.0,18.0,312.0,66.0,319.0,30.0,315.0,2.0,72.0,48.0,0.6077993089665618,120,24.0,-40.0,0.2
07:37:23,313.2,20.0,315.04,75.0,311.99,133.0,318.37,57.0,314.12,1.8400000000000318,153.0,132.0,0.48824174338143855,285,21.0,165.0,0.07
07:37:24,312.0,56.0,315.0,49.0,311.0,7.0,319.0,35.0,313.5,3.0,63.0,84.0,0.6378714603901321,147,-21.0,-138.0,-0.14
07:37:25,312.2,50.0,314.84,92.0,311.94,85.0,322.01,67.0,313.52,2.6399999999999864,135.0,159.0,0.7474757521019479,294,-24.0,147.0,-0.08
07:37:26,312.0,64.0,313.38,24.0,311.0,8.0,317.62,24.0,312.69,1.3799999999999955,72.0,48.0,0.85690139454944,120,24.0,-174.0,0.2
07:37:27,311.87,23.0,316.0,30.0,308.12,16.0,322.29,42.0,313.93,4.1299999999999955,39.0,72.0,0.550517937928426,111,-33.0,-9.0,-0.3
07:37:28,313.0,7.0,318.24,17.0,311.0,7.0,321.09,11.0,315.62,5.240000000000009,14.0,28.0,1.0858498975368243,42,-14.0,-69.0,-0.33
07:37:29,310.6,25.0,319.65,17.0,307.16,25.0,321.69,39.0,315.12,9.049999999999955,50.0,56.0,1.1911465065139863,106,-6.0,64.0,-0.06
07:37:30,308.73,33.0,319.0,15.0,305.0,45.0,322.0,30.0,313.86,10.269999999999982,78.0,45.0,1.1534426730359912,123,33.0,17.0,0.27
07:37:31,308.35,23.0,318.64,11.0,304.67,27.0,321.33,9.0,313.49,10.289999999999964,50.0,20.0,0.9147841275296874,70,30.0,-53.0,0.43
07:37:32,312.9,31.0,317.23,26.0,306.86,42.0,319.14,14.0,315.07,4.330000000000041,73.0,40.0,0.9091589519880752,113,33.0,43.0,0.29
07:37:33,310.94,156.0,317.0,15.0,307.73,45.0,318.4,15.0,313.97,6.060000000000002,201.0,30.0,0.7456339584409625,231,171.0,118.0,0.74
07:37:34,311.0,63.0,315.89,9.0,308.0,27.0,318.0,9.0,313.44,4.889999999999986,90.0,18.0,0.6582780567363836,108,72.0,-123.0,0.67
07:37:35,311.0,84.0,314.17,12.0,308.0,36.0,317.53,30.0,312.58,3.170000000000016,120.0,42.0,0.9104119946380571,162,78.0,54.0,0.48
07:37:36,311.0,25.0,312.1,10.0,308.0,30.0,317.36,22.0,311.55,1.1000000000000227,55.0,32.0,1.339764904743038,87,23.0,-75.0,0.26
07:37:37,311.0,18.0,312.0,9.0,308.0,27.0,319.0,27.0,311.5,1.0,45.0,36.0,1.1062413841389327,81,9.0,-6.0,0.11
07:37:38,308.5,36.0,311.38,13.0,303.76,59.0,318.69,39.0,309.94,2.8799999999999955,95.0,52.0,1.3143515511392723,147,43.0,66.0,0.29
07:37:39,308.0,33.0,310.0,11.0,303.0,55.0,318.0,33.0,309.0,2.0,88.0,44.0,1.4261416479378566,132,44.0,-15.0,0.33
07:37:40,308.0,33.0,310.0,11.0,303.0,55.0,318.0,33.0,309.0,2.0,88.0,44.0,1.2708343715777826,132,44.0,0.0,0.33
07:37:41,308.0,15.0,309.45,11.0,303.0,55.0,317.58,24.0,308.73,1.4499999999999886,70.0,35.0,1.139815774581115,105,35.0,-27.0,0.33
07:37:42,304.21,33.0,312.89,18.0,302.56,45.0,316.24,21.0,308.55,8.680000000000007,78.0,39.0,0.5360317154651293,117,39.0,12.0,0.33
07:37:43,303.0,30.0,316.0,12.0,299.0,6.0,317.0,6.0,309.5,13.0,36.0,18.0,0.35906823861847054,54,18.0,-63.0,0.33
07:37:44,303.0,60.0,315.14,29.0,299.0,12.0,315.72,25.0,309.07,12.139999999999986,72.0,54.0,0.3625603397843673,126,18.0,72.0,0.14
07:37:45,303.0,80.0,312.76,45.0,299.0,16.0,314.37,35.0,307.88,9.759999999999991,96.0,80.0,0.6045907706745135,176,16.0,50.0,0.09
07:37:46,307.33,49.0,311.74,34.0,303.24,54.0,312.36,36.0,309.53,4.410000000000025,103.0,70.0,0.6979469893800029,173,33.0,-3.0,0.19
07:37:47,314.76,97.0,318.0,26.0,306.0,44.0,319.0,13.0,316.38,3.240000000000009,141.0,39.0,3.369743313663942,180,102.0,7.0,0.57
07:37:48,316.0,99.0,318.0,22.0,313.0,22.0,321.9,29.0,317.0,2.0,121.0,51.0,4.354327732266052,172,70.0,-8.0,0.41
07:37:49,316.0,55.0,318.0,18.0,313.0,18.0,322.0,9.0,317.0,2.0,73.0,27.0,4.475569237536098,100,46.0,-72.0,0.46
07:37:50,316.0,27.0,318.0,18.0,313.0,18.0,322.0,9.0,317.0,2.0,45.0,27.0,3.2823650010285967,72,18.0,-28.0,0.25
07:37:51,313.65,34.0,318.0,20.0,309.94,32.0,322.0,10.0,315.82,4.350000000000023,66.0,30.0,0.531224999389269,96,36.0,24.0,0.38
07:37:52,311.0,36.0,318.0,18.0,309.0,9.0,322.0,9.0,314.5,7.0,45.0,27.0,1.1106214476483462,72,18.0,-24.0,0.25
07:37:53,311.0,48.0,318.0,24.0,309.0,12.0,322.0,12.0,314.5,7.0,60.0,36.0,1.2503919385444753,96,24.0,24.0,0.25
07:37:54,311.0,36.0,318.0,18.0,309.0,9.0,322.0,9.0,314.5,7.0,45.0,27.0,1.1262681740942135,72,18.0,-24.0,0.25
07:37:55,311.0,44.0,318.0,22.0,309.0,11.0,322.31,13.0,314.5,7.0,55.0,35.0,0.5903219460413246,90,20.0,18.0,0.22
07:37:56,311.0,72.0,318.0,36.0,309.0,18.0,322.71,42.0,314.5,7.0,90.0,78.0,0.0,168,12.0,78.0,0.07
07:37:57,311.0,48.0,316.58,48.0,309.0,12.0,319.28,36.0,313.79,5.579999999999984,60.0,84.0,0.31752165277100036,144,-24.0,-24.0,-0.17
07:37:58,311.76,83.0,314.71,56.0,310.76,41.0,322.67,30.0,313.24,2.9499999999999886,124.0,86.0,0.5734806012226342,210,38.0,66.0,0.18
07:37:59,312.0,89.0,315.77,26.0,311.0,56.0,323.79,48.0,313.88,3.769999999999982,145.0,74.0,0.5325598557709722,219,71.0,9.0,0.32
07:38:00,312.0,90.0,323.4,30.0,311.0,148.0,324.72,50.0,317.7,11.399999999999977,238.0,80.0,1.7777570137614733,318,158.0,99.0,0.5
07:38:01,311.36,28.0,315.79,42.0,310.38,29.0,322.04,26.0,313.57,4.430000000000007,57.0,68.0,1.8412305667618847,125,-11.0,-178.5,-0.09
07:38:02,311.47,19.0,314.64,70.0,310.57,23.0,316.0,14.0,313.06,3.169999999999959,42.0,84.0,1.9319679086305834,126,-42.0,1.0,-0.33
07:38:03,311.31,16.0,313.62,32.0,310.06,81.0,314.12,64.0,312.47,2.3100000000000023,97.0,96.0,2.0628451226348896,193,1.0,67.0,0.01
07:38:04,310.01,141.0,311.11,55.0,309.46,24.0,314.59,29.0,310.56,1.1000000000000227,165.0,84.0,2.62388452489418,249,81.0,56.0,0.33
07:38:05,309.24,34.0,311.21,42.0,307.95,63.0,323.06,32.0,310.22,1.9699999999999704,97.0,74.0,1.5040378984522251,171,23.0,-78.0,0.13
07:38:06,308.32,74.0,322.62,32.0,307.71,85.0,323.77,26.0,315.47,14.300000000000011,159.0,58.0,2.1209502587237323,217,101.0,46.0,0.47
07:38:07,311.31,39.0,321.48,100.0,310.18,102.0,322.31,52.0,316.39,10.170000000000016,141.0,152.0,2.808624218363783,293,-11.0,76.0,-0.04
07:38:08,315.0,12.0,318.92,48.0,314.0,36.0,322.0,48.0,316.96,3.920000000000016,48.0,96.0,3.2682028700768724,144,-48.0,-149.0,-0.33
07:38:09,315.0,11.0,318.0,44.0,314.0,33.0,325.27,30.0,316.5,3.0,44.0,74.0,2.78543892411549,118,-30.0,-26.0,-0.25
07:38:10,314.53,19.0,318.22,46.0,313.67,36.0,329.46,26.0,316.37,3.6900000000000546,55.0,72.0,0.5408974024495418,127,-17.0,9.0,-0.13
07:38:11,314.0,30.0,329.92,26.0,312.0,22.0,332.33,24.0,321.96,15.920000000000016,52.0,50.0,2.4289771509784592,102,2.0,-25.0,0.02
07:38:12,312.22,27.0,328.1,29.0,308.21,116.0,330.07,30.0,320.16,15.879999999999995,143.0,59.0,2.5285964486202137,202,84.0,100.0,0.42
07:38:13,309.09,77.0,323.81,32.0,307.6,77.0,324.89,38.0,316.45,14.720000000000027,154.0,70.0,2.609687720777118,224,84.0,22.0,0.38
07:38:14,308.0,152.0,313.66,61.0,303.0,19.0,318.8,44.0,310.83,5.660000000000025,171.0,105.0,4.278928604215788,276,66.0,52.0,0.24
07:38:15,308.0,88.0,309.0,22.0,303.0,11.0,320.18,11.0,308.5,1.0,99.0,33.0,5.812198379269033,132,66.0,-144.0,0.5
07:38:16,308.0,40.0,314.7,20.0,303.0,15.0,321.8,15.0,311.35,6.699999999999989,55.0,35.0,4.7381610356740325,90,20.0,-42.0,0.22
07:38:17,308.0,26.0,319.08,13.0,303.0,13.0,321.0,13.0,313.54,11.079999999999984,39.0,26.0,3.0052337679423156,65,13.0,-25.0,0.2
07:38:18,308.0,36.0,312.27,62.0,303.0,18.0,315.33,30.0,310.14,4.269999999999982,54.0,92.0,1.83784384537482,146,-38.0,81.0,-0.26
07:38:19,307.21,19.0,309.36,11.0,301.94,17.0,311.63,19.0,308.29,2.150000000000034,36.0,30.0,2.1728621677369717,66,6.0,-80.0,0.09
07:38:20,303.0,10.0,307.6,10.0,301.0,30.0,315.0,10.0,305.3,4.600000000000023,40.0,20.0,3.1227760086152996,60,20.0,-6.0,0.33
07:38:21,301.46,48.0,307.0,13.0,299.24,102.0,315.77,13.0,304.23,5.5400000000000205,150.0,26.0,3.7552696307968167,176,124.0,116.0,0.7
07:38:22,302.0,98.0,313.21,14.0,299.57,84.0,321.25,24.0,307.61,11.20999999999998,182.0,38.0,2.366100166938453,220,144.0,44.0,0.65
07:38:23,302.0,49.0,320.0,7.0,299.57,70.0,322.38,16.0,311.0,18.0,119.0,23.0,2.6547184408117475,142,96.0,-78.0,0.68
07:38:24,302.0,63.0,319.14,14.0,300.0,90.0,322.11,18.0,310.57,17.139999999999986,153.0,32.0,3.0383827935244314,185,121.0,43.0,0.65
07:38:25,302.0,79.0,318.07,29.0,300.0,110.0,319.75,16.0,310.03,16.069999999999993,189.0,45.0,2.816206668549753,234,144.0,49.0,0.62
07:38:26,302.46,91.0,317.12,48.0,300.11,87.0,318.65,34.0,309.79,14.660000000000025,178.0,82.0,1.3116783142153199,260,96.0,26.0,0.37
07:38:27,301.0,12.0,316.0,24.0,300.0,120.0,318.0,12.0,308.5,15.0,132.0,36.0,0.9509837012181264,168,96.0,-92.0,0.57
07:38:28,303.22,67.0,315.8,25.0,299.71,49.0,317.25,16.0,309.51,12.579999999999984,116.0,41.0,0.7661592523639683,157,75.0,-11.0,0.48
07:38:29,312.0,42.0,313.4,47.0,300.0,98.0,314.48,25.0,312.7,1.3999999999999773,140.0,72.0,1.562763577762917,212,68.0,55.0,0.32
07:38:30,308.43,47.0,313.0,52.0,299.95,79.0,314.0,26.0,310.71,4.569999999999993,126.0,78.0,1.5839412867850184,204,48.0,-8.0,0.24
07:38:31,299.0,98.0,312.33,36.0,298.0,14.0,313.0,48.0,305.67,13.329999999999984,112.0,84.0,2.6143584298988363,196,28.0,-8.0,0.14
07:38:32,299.59,46.0,310.29,28.0,298.63,19.0,311.6,30.0,304.94,10.700000000000045,65.0,58.0,3.3171719883032846,123,7.0,-73.0,0.06
07:38:33,300.19,54.0,310.5,32.0,299.05,41.0,311.92,52.0,305.34,10.310000000000002,95.0,84.0,3.578417247888369,179,11.0,56.0,0.06
07:38:34,302.33,36.0,310.48,33.0,299.25,96.0,311.65,37.0,306.41,8.150000000000034,132.0,70.0,2.3524094031410594,202,62.0,23.0,0.31
07:38:35,305.22,98.0,308.04,56.0,304.22,92.0,310.86,44.0,306.63,2.819999999999993,190.0,100.0,0.7122288957824687,290,90.0,88.0,0.31
07:38:36,302.38,104.0,307.07,45.0,296.28,36.0,314.0,30.0,304.73,4.689999999999998,140.0,75.0,0.8626412927675798,215,65.0,-75.0,0.3
07:38:37,299.57,115.0,316.68,50.0,297.66,70.0,318.58,48.0,308.12,17.110000000000014,185.0,98.0,1.3043504130359131,283,87.0,68.0,0.31
07:38:38,314.0,70.0,318.0,40.0,300.0,100.0,319.0,40.0,316.0,4.0,170.0,80.0,4.42712886643073,250,90.0,-33.0,0.36
07:38:39,314.0,27.0,318.0,20.0,304.88,32.0,319.0,20.0,316.0,4.0,59.0,40.0,5.343831022775874,99,19.0,-151.0,0.19
07:38:40,314.0,110.0,318.0,40.0,313.0,40.0,319.0,40.0,316.0,4.0,150.0,80.0,5.379656122837165,230,70.0,131.0,0.3
07:38:41,314.0,91.0,317.6,20.0,313.0,28.0,318.48,25.0,315.8,3.6000000000000227,119.0,45.0,3.502753202835817,164,74.0,-66.0,0.45
07:38:42,314.0,143.0,317.0,22.0,313.0,44.0,318.45,11.0,315.5,3.0,187.0,33.0,0.21908902294416538,220,154.0,56.0,0.7
07:38:43,314.0,170.0,318.59,34.0,313.0,56.0,321.19,26.0,316.29,4.589999999999975,226.0,60.0,0.2917533204173642,286,166.0,66.0,0.58
07:38:44,314.0,44.0,321.0,16.0,313.0,16.0,324.0,4.0,317.5,7.0,60.0,20.0,0.7724118072467302,80,40.0,-178.5,0.5
07:38:45,314.0,88.0,321.0,52.0,313.0,52.0,324.0,13.0,317.5,7.0,140.0,65.0,0.9397446461532831,205,75.0,125.0,0.37
07:38:46,314.0,48.0,318.19,42.0,313.0,60.0,318.69,35.0,316.1,4.189999999999998,108.0,77.0,0.8907412643263346,185,31.0,-20.0,0.17
07:38:47,314.0,36.0,315.75,24.0,313.0,48.0,317.0,24.0,314.88,1.75,84.0,48.0,1.0974880409252004,132,36.0,-53.0,0.27
07:38:48,313.41,17.0,316.4,20.0,312.0,40.0,322.73,11.0,314.91,2.9899999999999523,57.0,31.0,1.3032728033585936,88,26.0,-44.0,0.3
07:38:49,313.0,30.0,315.0,30.0,311.0,60.0,324.98,43.0,314.0,2.0,90.0,73.0,1.3546291005197966,163,17.0,75.0,0.1
07:38:50,313.0,16.0,314.0,16.0,311.0,32.0,325.2,20.0,313.5,1.0,48.0,36.0,0.99549987442295,84,12.0,-79.0,0.14
07:38:51,313.0,16.0,314.0,16.0,311.0,32.0,325.2,20.0,313.5,1.0,48.0,36.0,0.7031500550926055,84,12.0,0.0,0.14
07:38:52,313.0,18.0,314.0,18.0,311.0,36.0,325.0,27.0,313.5,1.0,54.0,45.0,0.6141009688781313,99,9.0,15.0,0.09
07:38:53,311.32,38.0,313.36,22.0,306.6,20.0,323.36,33.0,312.34,2.0400000000000205,58.0,55.0,0.614100968878607,113,3.0,14.0,0.03
07:38:54,300.0,8.0,312.25,16.0,297.0,48.0,322.0,24.0,306.12,12.25,56.0,40.0,3.2102834765763815,96,16.0,-17.0,0.17
07:38:55,301.75,16.0,311.94,32.0,298.62,26.0,322.84,55.0,306.84,10.189999999999998,42.0,87.0,3.672791853615013,129,-45.0,33.0,-0.35
07:38:56,305.04,93.0,310.1,42.0,302.57,21.0,312.64,44.0,307.57,5.060000000000002,114.0,86.0,3.39245928494096,200,28.0,71.0,0.14
07:38:57,308.37,102.0,310.94,36.0,308.0,88.0,322.8,121.0,309.66,2.569999999999993,190.0,157.0,2.518725868367379,347,33.0,147.0,0.1
07:38:58,310.82,40.0,321.0,30.0,309.75,60.0,323.04,100.0,315.91,10.180000000000007,100.0,130.0,3.966944668127147,230,-30.0,-117.0,-0.13
07:38:59,313.56,18.0,320.2,30.0,311.0,90.0,322.93,90.0,316.88,6.639999999999986,108.0,120.0,4.7131910633858425,228,-12.0,-2.0,-0.05
07:39:00,314.0,12.0,319.0,76.0,311.83,60.0,322.0,12.0,316.5,5.0,72.0,88.0,4.357491250705859,160,-16.0,-68.0,-0.1
07:39:01,314.0,33.0,319.0,64.0,312.0,65.0,327.6,15.0,316.5,5.0,98.0,79.0,3.055225032624634,177,19.0,17.0,0.11
07:39:02,314.0,36.0,318.32,28.0,312.0,30.0,319.62,24.0,316.16,4.319999999999993,66.0,52.0,0.36999999996600813,118,14.0,-59.0,0.12
07:39:03,314.0,52.0,318.0,70.0,312.0,50.0,319.82,51.0,316.0,4.0,102.0,121.0,0.34193566642694134,223,-19.0,105.0,-0.09
07:39:04,312.48,33.0,318.0,70.0,311.67,30.0,320.0,60.0,315.24,5.519999999999982,63.0,130.0,0.517493961293488,193,-67.0,-30.0,-0.35
07:39:05,312.0,55.0,318.0,77.0,310.96,83.0,320.0,66.0,315.0,6.0,138.0,143.0,0.6346652660856639,281,-5.0,88.0,-0.02
07:39:06,312.76,21.0,318.0,63.0,311.8,50.0,320.0,54.0,315.38,5.240000000000009,71.0,117.0,0.5004797697967978,188,-46.0,-93.0,-0.24
07:39:07,313.08,26.0,318.0,91.0,312.0,65.0,320.0,66.0,315.54,4.920000000000016,91.0,157.0,0.37432606104304306,248,-66.0,60.0,-0.27
07:39:08,314.0,24.0,318.0,84.0,312.0,60.0,320.0,36.0,316.0,4.0,84.0,120.0,0.37432606104304306,204,-36.0,-44.0,-0.18
07:39:09,314.0,20.0,316.12,56.0,312.0,50.0,318.15,52.0,315.06,2.1200000000000045,70.0,108.0,0.40482094804498786,178,-38.0,-26.0,-0.21
07:39:10,314.0,32.0,317.27,62.0,311.52,105.0,319.59,32.0,315.64,3.269999999999982,137.0,94.0,0.34507970090385476,231,43.0,53.0,0.19
07:39:11,314.0,22.0,315.91,33.0,311.0,118.0,321.0,23.0,314.95,1.910000000000025,140.0,56.0,0.43245809042726063,196,84.0,-35.0,0.43
07:39:12,311.96,127.0,317.06,32.0,310.86,177.0,322.49,59.0,314.51,5.100000000000023,304.0,91.0,0.5887868884207728,395,213.0,177.5,0.54
07:39:13,312.56,160.0,320.07,42.0,311.0,176.0,321.96,25.0,316.32,7.509999999999991,336.0,67.0,0.7000214282264056,403,269.0,8.0,0.67
07:39:14,313.0,130.0,316.24,41.0,311.0,187.0,317.74,27.0,314.62,3.240000000000009,317.0,68.0,0.7620170601608881,385,249.0,-18.0,0.65
07:39:15,313.0,39.0,314.29,21.0,311.0,99.0,322.94,34.0,313.64,1.2900000000000205,138.0,55.0,0.9739969199010434,193,83.0,-178.5,0.43
07:39:16,313.22,37.0,320.82,44.0,311.08,103.0,329.43,58.0,317.02,7.599999999999966,140.0,102.0,1.3973617999559924,242,38.0,49.0,0.16
07:39:17,315.0,10.0,328.76,42.0,313.0,10.0,329.83,48.0,321.88,13.759999999999991,20.0,90.0,3.192535042873397,110,-70.0,-132.0,-0.64
07:39:18,315.0,10.0,326.95,42.0,313.0,10.0,329.21,48.0,320.98,11.949999999999989,20.0,90.0,3.6958517286240893,110,-70.0,0.0,-0.64
07:39:19,311.61,59.0,325.07,54.0,310.93,29.0,326.67,30.0,318.34,13.45999999999998,88.0,84.0,3.291218619291773,172,4.0,62.0,0.02
07:39:20,311.0,100.0,324.7,50.0,310.0,40.0,326.8,10.0,317.85,13.699999999999989,140.0,60.0,2.1014471204319674,200,80.0,28.0,0.4
07:39:21,311.0,150.0,323.36,55.0,310.0,60.0,324.44,45.0,317.18,12.360000000000014,210.0,100.0,2.0605047925136524,310,110.0,110.0,0.35
07:39:22,311.0,86.0,320.54,65.0,310.0,52.0,322.75,72.0,315.77,9.54000000000002,138.0,137.0,1.914479041403459,275,1.0,-35.0,0.0
07:39:23,311.0,37.0,319.0,60.0,310.0,48.0,321.0,60.0,315.0,8.0,85.0,120.0,1.4067231426170481,205,-35.0,-70.0,-0.17
07:39:24,311.0,13.0,318.54,65.0,310.0,52.0,321.0,65.0,314.77,7.5400000000000205,65.0,130.0,1.352379384631103,195,-65.0,-10.0,-0.33
07:39:25,311.4,25.0,316.22,82.0,310.08,65.0,317.2,64.0,313.81,4.82000000000005,90.0,146.0,1.259575325248964,236,-56.0,41.0,-0.24
07:39:26,310.09,11.0,314.06,49.0,308.1,84.0,315.13,39.0,312.08,3.9700000000000273,95.0,88.0,1.4176847322226385,183,7.0,-53.0,0.04
07:39:27,308.75,32.0,311.25,48.0,307.86,112.0,314.0,80.0,310.0,2.5,144.0,128.0,2.0945333609132444,272,16.0,89.0,0.06
07:39:28,308.0,65.0,309.39,38.0,307.0,52.0,311.33,45.0,308.7,1.3899999999999864,117.0,83.0,2.5378869163105016,200,34.0,-72.0,0.17
07:39:29,307.56,18.0,311.5,12.0,306.67,24.0,325.09,11.0,309.53,3.9399999999999977,42.0,23.0,2.0831778608609786,65,19.0,-135.0,0.29
07:39:30,307.0,24.0,324.0,6.0,305.0,12.0,325.6,15.0,315.5,17.0,36.0,21.0,2.726539931851536,57,15.0,-8.0,0.26
07:39:31,309.2,40.0,324.0,10.0,307.0,40.0,325.0,20.0,316.6,14.800000000000011,80.0,30.0,3.687109979371373,110,50.0,53.0,0.45
07:39:32,311.85,52.0,323.09,33.0,307.0,52.0,324.62,16.0,317.47,11.239999999999952,104.0,49.0,4.127765739474344,153,55.0,43.0,0.36
07:39:33,314.0,88.0,319.55,66.0,306.77,91.0,324.42,36.0,316.77,5.550000000000011,179.0,102.0,3.233160991966842,281,77.0,128.0,0.27
07:39:34,314.0,48.0,316.58,36.0,306.09,34.0,325.0,12.0,315.29,2.579999999999984,82.0,48.0,0.9133071772269786,130,34.0,-151.0,0.26
07:39:35,314.0,28.0,315.0,21.0,311.0,24.0,325.29,7.0,314.5,1.0,52.0,28.0,1.2029671649611131,80,24.0,-50.0,0.3
07:39:36,311.32,37.0,313.6,47.0,308.07,15.0,316.24,34.0,312.46,2.2800000000000296,52.0,81.0,1.9732891323816943,133,-29.0,53.0,-0.22
07:39:37,307.0,7.0,311.43,35.0,304.0,63.0,317.59,29.0,309.21,4.430000000000007,70.0,64.0,2.9272905561248517,134,6.0,1.0,0.04
07:39:38,307.0,11.0,309.81,37.0,304.0,99.0,314.13,45.0,308.41,2.8100000000000023,110.0,82.0,3.0803619917113063,192,28.0,58.0,0.15
07:39:39,307.0,3.0,309.0,6.0,304.0,27.0,310.0,15.0,308.0,2.0,30.0,21.0,2.8338366219634463,51,9.0,-141.0,0.18
07:39:40,305.69,36.0,310.12,56.0,303.99,89.0,318.8,44.0,307.91,4.430000000000007,125.0,100.0,1.8944577060421801,225,25.0,174.0,0.11
07:39:41,314.69,29.0,321.0,45.0,306.63,43.0,323.0,75.0,317.84,6.310000000000002,72.0,120.0,4.260590334681485,192,-48.0,-33.0,-0.25
07:39:42,306.55,11.0,321.98,41.0,302.26,105.0,323.19,43.0,314.26,15.430000000000007,116.0,84.0,4.535033627216021,200,32.0,8.0,0.16
07:39:43,308.73,15.0,320.59,61.0,304.57,93.0,323.47,66.0,314.66,11.859999999999957,108.0,127.0,4.40429108937849,235,-19.0,35.0,-0.08
07:39:44,314.74,23.0,322.03,36.0,310.93,27.0,326.77,35.0,318.38,7.289999999999964,50.0,71.0,4.173152285739924,121,-21.0,-114.0,-0.17
07:39:45,312.5,36.0,315.86,44.0,310.95,19.0,322.69,35.0,314.18,3.3600000000000136,55.0,79.0,2.067191331245121,134,-24.0,13.0,-0.18
07:39:46,309.77,53.0,314.47,58.0,305.17,41.0,321.63,43.0,312.12,4.7000000000000455,94.0,101.0,2.2727956353302883,195,-7.0,61.0,-0.04
07:39:47,307.55,31.0,320.31,13.0,303.65,82.0,322.92,26.0,313.93,12.759999999999991,113.0,39.0,2.2941839507712736,152,74.0,-43.0,0.49
07:39:48,311.25,16.0,319.0,11.0,306.33,24.0,326.0,22.0,315.12,7.75,40.0,33.0,2.3036883469723892,73,7.0,-79.0,0.1
07:39:49,305.0,42.0,318.08,12.0,301.0,24.0,325.33,24.0,311.54,13.079999999999984,66.0,36.0,1.4952658626404993,102,30.0,29.0,0.29
07:39:50,305.0,15.0,318.0,5.0,301.0,10.0,325.0,10.0,311.5,13.0,25.0,15.0,1.611713374014966,40,10.0,-62.0,0.25
07:39:51,305.0,24.0,317.12,8.0,301.0,16.0,324.67,18.0,311.06,12.120000000000005,40.0,26.0,1.7902513789909424,66,14.0,26.0,0.21
07:39:52,305.0,27.0,316.67,9.0,301.0,18.0,323.78,27.0,310.83,11.670000000000016,45.0,36.0,1.764086165690259,81,9.0,15.0,0.11
07:39:53,306.42,186.0,315.24,17.0,304.53,51.0,322.0,106.0,310.83,8.819999999999993,237.0,123.0,0.3490988398445964,360,114.0,177.5,0.32
07:39:54,307.87,180.0,313.78,27.0,305.0,45.0,320.06,54.0,310.82,5.909999999999968,225.0,81.0,0.2930358339538355,306,144.0,-54.0,0.47
07:39:55,308.0,166.0,312.55,55.0,305.0,45.0,312.57,35.0,310.27,4.550000000000011,211.0,90.0,0.2930358339543664,301,121.0,-5.0,0.4
07:39:56,308.68,94.0,311.8,41.0,305.99,67.0,312.38,37.0,310.24,3.1200000000000045,161.0,78.0,0.3133209217105326,239,83.0,-62.0,0.35
07:39:57,309.65,114.0,311.21,47.0,303.3,47.0,314.0,13.0,310.43,1.5600000000000023,161.0,60.0,0.2894304752123453,221,101.0,-18.0,0.46
07:39:58,304.33,64.0,312.27,22.0,299.0,34.0,317.67,52.0,308.3,7.939999999999998,98.0,74.0,0.9845151090675739,172,24.0,-49.0,0.14
07:39:59,302.0,65.0,311.46,41.0,300.89,37.0,311.38,37.0,306.73,9.45999999999998,102.0,78.0,1.6317260799483213,180,24.0,8.0,0.13
07:40:00,302.0,61.0,308.05,19.0,300.56,27.0,310.44,32.0,305.03,6.050000000000011,88.0,51.0,2.3097467393602105,139,37.0,-41.0,0.27
07:40:01,302.0,91.0,305.69,26.0,295.26,38.0,308.65,17.0,303.85,3.6899999999999977,129.0,43.0,2.609793095244715,172,86.0,33.0,0.5
07:40:02,302.0,83.0,311.1,49.0,295.0,39.0,315.56,36.0,306.55,9.100000000000023,122.0,85.0,1.7063469752627016,207,37.0,35.0,0.18
07:40:03,302.0,24.0,312.0,40.0,295.0,24.0,317.0,48.0,307.0,10.0,48.0,88.0,1.3470040831372967,136,-40.0,-71.0,-0.29
07:40:04,302.0,21.0,312.0,35.0,295.0,21.0,317.0,42.0,307.0,10.0,42.0,77.0,1.3965063551550585,119,-35.0,-17.0,-0.29
07:40:05,302.0,34.0,312.0,36.0,295.0,36.0,317.0,72.0,307.0,10.0,70.0,108.0,1.3723155613734985,178,-38.0,59.0,-0.21
07:40:06,302.38,13.0,314.14,14.0,298.18,22.0,317.04,50.0,308.26,11.759999999999991,35.0,64.0,0.6439875775095223,99,-29.0,-79.0,-0.29
07:40:07,310.82,34.0,317.0,66.0,305.44,25.0,318.0,22.0,313.91,6.180000000000007,59.0,88.0,2.999413275956566,147,-29.0,48.0,-0.2
07:40:08,314.5,14.0,316.85,78.0,313.0,70.0,317.65,34.0,315.67,2.3500000000000227,84.0,112.0,4.116657624819206,196,-28.0,49.0,-0.14
07:40:09,313.21,38.0,315.93,56.0,312.33,30.0,317.67,36.0,314.57,2.7200000000000273,68.0,92.0,3.957267996987307,160,-24.0,-36.0,-0.15
07:40:10,313.0,42.0,314.87,46.0,311.0,14.0,319.2,30.0,313.93,1.8700000000000045,56.0,76.0,2.8894324702228245,132,-20.0,-28.0,-0.15
07:40:11,314.0,15.0,317.2,15.0,313.0,45.0,319.0,30.0,315.6,3.1999999999999886,60.0,45.0,0.8628904913000182,105,15.0,-27.0,0.14
07:40:12,313.37,19.0,315.14,35.0,312.68,25.0,320.75,24.0,314.26,1.7699999999999818,44.0,59.0,0.7902721050220005,103,-15.0,-2.0,-0.15
07:40:13,312.73,37.0,314.4,75.0,310.12,17.0,325.88,34.0,313.56,1.669999999999959,54.0,109.0,0.7768075694639537,163,-55.0,60.0,-0.34
07:40:14,309.0,12.0,312.33,60.0,308.0,36.0,327.0,24.0,310.67,3.329999999999984,48.0,84.0,1.8118305660236471,132,-36.0,-31.0,-0.27
07:40:15,309.0,12.0,312.0,60.0,308.0,36.0,326.0,32.0,310.5,3.0,48.0,92.0,2.2531355928968306,140,-44.0,8.0,-0.31
07:40:16,309.0,9.0,311.33,45.0,308.0,27.0,322.67,18.0,310.17,2.329999999999984,36.0,63.0,1.9214499733222594,99,-27.0,-41.0,-0.27
07:40:17,309.0,4.0,311.0,20.0,308.0,12.0,322.0,8.0,310.0,2.0,16.0,28.0,1.4662366793875476,44,-12.0,-55.0,-0.27
07:40:18,309.0,9.0,311.0,45.0,308.0,27.0,322.97,69.0,310.0,2.0,36.0,114.0,0.30359512509665515,150,-78.0,106.0,-0.52
07:40:19,309.0,12.0,310.17,60.0,308.0,36.0,321.86,63.0,309.58,1.170000000000016,48.0,123.0,0.33271609516640394,171,-75.0,21.0,-0.44
07:40:20,307.79,34.0,310.94,78.0,302.0,54.0,321.3,66.0,309.37,3.1499999999999773,88.0,144.0,0.334409928057032,232,-56.0,61.0,-0.24
07:40:21,309.02,57.0,320.04,54.0,299.61,84.0,323.94,64.0,314.53,11.020000000000039,141.0,118.0,2.1605624267726546,259,23.0,27.0,0.09
07:40:22,306.17,115.0,317.52,66.0,304.16,37.0,319.11,84.0,311.84,11.349999999999966,152.0,150.0,2.169062009252199,302,2.0,43.0,0.01
07:40:23,301.21,196.0,312.6,60.0,300.0,14.0,315.0,44.0,306.91,11.390000000000043,210.0,104.0,2.8737310242926433,314,106.0,12.0,0.34
07:40:24,301.2,180.0,311.58,48.0,300.78,54.0,314.33,60.0,306.39,10.379999999999995,234.0,108.0,3.4168435726534288,342,126.0,28.0,0.37
07:40:25,302.15,59.0,312.62,32.0,300.97,98.0,314.22,72.0,307.39,10.470000000000027,157.0,104.0,3.590615546112346,261,53.0,-81.0,0.2
07:40:26,305.0,8.0,312.0,8.0,301.0,8.0,313.24,37.0,308.5,7.0,16.0,45.0,2.1757596374566592,61,-29.0,-178.5,-0.48
07:40:27,305.0,2.0,312.0,2.0,301.0,2.0,314.0,18.0,308.5,7.0,4.0,20.0,0.9467153743267175,24,-16.0,-37.0,-0.67
07:40:28,305.0,10.0,311.3,10.0,301.0,10.0,313.9,80.0,308.15,6.300000000000011,20.0,90.0,0.902457755236344,110,-70.0,86.0,-0.64
07:40:29,305.0,10.0,310.7,10.0,301.0,10.0,313.0,40.0,307.85,5.699999999999989,20.0,50.0,0.470818436327411,70,-30.0,-40.0,-0.43
07:40:30,305.0,13.0,307.38,13.0,301.0,13.0,313.58,77.0,306.19,2.3799999999999955,26.0,90.0,0.9604530181045493,116,-64.0,46.0,-0.55
07:40:31,305.0,8.0,307.0,8.0,301.0,8.0,313.0,32.0,306.0,2.0,16.0,40.0,1.1597284164781354,56,-24.0,-60.0,-0.43
07:40:32,302.09,11.0,313.91,32.0,300.03,115.0,315.78,51.0,308.0,11.82000000000005,126.0,83.0,1.0509376765474843,209,43.0,153.0,0.21
07:40:33,305.88,16.0,315.07,45.0,300.0,211.0,316.72,75.0,310.47,9.189999999999998,227.0,120.0,1.7996860837341473,347,107.0,138.0,0.31
07:40:34,307.0,15.0,314.14,58.0,300.0,125.0,315.95,44.0,310.57,7.139999999999986,140.0,102.0,2.218068979988115,242,38.0,-105.0,0.16
07:40:35,307.75,16.0,314.35,68.0,300.75,68.0,316.56,68.0,311.05,6.600000000000023,84.0,136.0,2.155845541773344,220,-52.0,-22.0,-0.24
07:40:36,307.96,52.0,317.0,96.0,304.0,20.0,318.0,36.0,312.48,9.04000000000002,72.0,132.0,1.618465322452685,204,-60.0,-16.0,-0.29
07:40:37,309.33,30.0,317.0,72.0,307.86,29.0,318.0,27.0,313.17,7.670000000000016,59.0,99.0,1.210999587109811,158,-40.0,-46.0,-0.25
07:40:38,312.0,26.0,316.5,80.0,309.67,90.0,317.2,75.0,314.25,4.5,116.0,155.0,1.5122103028279097,271,-39.0,113.0,-0.14
07:40:39,312.84,76.0,315.0,70.0,311.21,76.0,321.56,54.0,313.92,2.160000000000025,152.0,124.0,1.2754724614737025,276,28.0,5.0,0.1
07:40:40,312.12,80.0,314.19,79.0,311.16,74.0,321.34,70.0,313.16,2.069999999999993,154.0,149.0,0.6981618723312589,303,5.0,27.0,0.02
07:40:41,311.0,72.0,312.29,17.0,310.0,26.0,320.27,55.0,311.65,1.2900000000000205,98.0,72.0,1.0026714317149994,170,26.0,-133.0,0.15
07:40:42,308.55,49.0,322.44,36.0,308.29,14.0,323.44,36.0,315.5,13.889999999999986,63.0,72.0,1.4216996869861773,135,-9.0,-35.0,-0.07
07:40:43,308.74,38.0,319.08,24.0,307.95,37.0,320.95,38.0,313.91,10.339999999999975,75.0,62.0,1.3964848728062613,137,13.0,2.0,0.09
07:40:44,309.0,56.0,316.93,28.0,308.0,70.0,323.39,62.0,312.96,7.930000000000007,126.0,90.0,1.412207491828687,216,36.0,79.0,0.17
07:40:45,310.44,54.0,316.0,24.0,308.91,46.0,324.32,44.0,313.22,5.560000000000002,100.0,68.0,1.4095282898817783,168,32.0,-48.0,0.19
07:40:46,311.14,28.0,316.0,14.0,310.0,21.0,324.0,21.0,313.57,4.860000000000014,49.0,35.0,0.9989844843521563,84,14.0,-84.0,0.17
07:40:47,310.86,28.0,316.0,22.0,308.38,45.0,324.0,33.0,313.43,5.139999999999986,73.0,55.0,0.3585665907151804,128,18.0,44.0,0.14
07:40:48,311.0,39.0,315.85,26.0,310.0,26.0,324.0,39.0,313.42,4.850000000000023,65.0,65.0,0.2367488119870595,130,0.0,2.0,0.0
07:40:49,311.9,91.0,317.81,32.0,311.04,47.0,324.52,46.0,314.86,5.910000000000025,138.0,78.0,0.6603408210739266,216,60.0,86.0,0.28
07:40:50,312.06,85.0,324.0,39.0,311.52,66.0,327.0,100.0,318.03,11.939999999999998,151.0,139.0,1.9770862398931441,290,12.0,74.0,0.04
07:40:51,313.29,7.0,324.0,21.0,312.0,70.0,327.0,56.0,318.64,10.70999999999998,77.0,77.0,2.5063180165280188,154,0.0,-136.0,0.0
07:40:52,314.0,8.0,323.5,24.0,312.0,80.0,326.18,44.0,318.75,9.5,88.0,68.0,2.442897869328759,156,20.0,2.0,0.13
07:40:53,312.6,20.0,322.12,24.0,311.88,64.0,324.48,25.0,317.36,9.519999999999982,84.0,49.0,1.5912479379309583,133,35.0,-23.0,0.26
07:40:54,312.0,56.0,320.5,24.0,310.0,16.0,327.25,32.0,316.25,8.5,72.0,56.0,1.031615238336962,128,16.0,-5.0,0.12
07:40:55,312.0,50.0,319.25,24.0,310.0,16.0,327.14,28.0,315.62,7.25,66.0,52.0,1.398545673179802,118,14.0,-10.0,0.12
07:40:56,312.0,60.0,319.0,36.0,310.0,24.0,326.0,84.0,315.5,7.0,84.0,120.0,1.364452271049121,204,-36.0,86.0,-0.18
07:40:57,312.0,55.0,317.73,33.0,310.0,22.0,324.36,44.0,314.86,5.730000000000018,77.0,77.0,0.9450502631990046,154,0.0,-50.0,0.0
07:40:58,312.0,45.0,317.0,27.0,310.12,16.0,323.09,35.0,314.5,5.0,61.0,62.0,0.6833593490789102,123,-1.0,-31.0,-0.01
07:40:59,312.0,22.0,317.0,24.0,311.0,8.0,322.0,24.0,314.5,5.0,30.0,48.0,0.537103341987548,78,-18.0,-45.0,-0.23
07:41:00,312.0,30.0,315.43,44.0,311.0,15.0,319.38,48.0,313.72,3.430000000000007,45.0,92.0,0.6462816723185464,137,-47.0,59.0,-0.34
07:41:01,311.14,36.0,312.76,68.0,308.96,50.0,314.29,42.0,311.95,1.6200000000000045,86.0,110.0,1.1700769205381853,196,-24.0,59.0,-0.12
07:41:02,310.73,60.0,312.86,37.0,308.5,64.0,318.09,44.0,311.8,2.1299999999999955,124.0,81.0,1.3349831459524801,205,43.0,9.0,0.21
07:41:03,310.16,61.0,316.27,44.0,307.84,79.0,321.0,60.0,313.22,6.109999999999957,140.0,104.0,1.1567281443699933,244,36.0,39.0,0.15
07:41:04,309.53,45.0,317.27,60.0,307.68,57.0,319.0,45.0,313.4,7.740000000000009,102.0,105.0,0.8808632129780735,207,-3.0,-37.0,-0.01
07:41:05,310.93,42.0,316.64,56.0,308.0,42.0,319.0,42.0,313.79,5.7099999999999795,84.0,98.0,0.8991495982193529,182,-14.0,-25.0,-0.08
07:41:06,308.0,31.0,316.0,52.0,304.15,39.0,319.0,39.0,312.0,8.0,70.0,91.0,0.8870851142804717,161,-21.0,-21.0,-0.13
07:41:07,306.53,38.0,314.57,56.0,302.29,49.0,318.45,44.0,310.55,8.04000000000002,87.0,100.0,1.3231288674873796,187,-13.0,26.0,-0.07
07:41:08,304.0,26.0,313.69,52.0,301.0,52.0,318.37,57.0,308.85,9.689999999999998,78.0,109.0,2.048870420495158,187,-31.0,0.0,-0.17
07:41:09,301.9,40.0,312.68,50.0,299.89,38.0,314.47,47.0,307.29,10.78000000000003,78.0,97.0,2.5545606275800616,175,-19.0,-12.0,-0.11
07:41:10,301.0,64.0,308.72,36.0,298.0,32.0,310.16,62.0,304.86,7.720000000000027,96.0,98.0,2.7869427694133626,194,-2.0,19.0,-0.01
07:41:11,301.0,44.0,308.0,44.0,298.0,22.0,309.64,44.0,304.5,7.0,66.0,88.0,2.5844825400818863,154,-22.0,-40.0,-0.14
07:41:12,301.0,36.0,305.67,36.0,296.33,48.0,307.11,36.0,303.33,4.670000000000016,84.0,72.0,2.2467376348810104,156,12.0,2.0,0.08
07:41:13,301.0,48.0,305.6,50.0,297.2,80.0,307.92,48.0,303.3,4.600000000000023,128.0,98.0,1.6279527020133564,226,30.0,70.0,0.13
07:41:14,302.07,30.0,314.0,36.0,299.36,50.0,315.63,38.0,308.03,11.930000000000007,80.0,74.0,1.9324414609483744,154,6.0,-72.0,0.04
07:41:15,312.0,9.0,314.0,27.0,303.0,74.0,315.0,47.0,313.0,2.0,83.0,74.0,4.148996264157109,157,9.0,3.0,0.06
07:41:16,304.0,29.0,314.0,35.0,302.77,60.0,315.0,51.0,309.0,10.0,89.0,86.0,4.1130487475822815,175,3.0,18.0,0.02
07:41:17,311.33,18.0,314.9,31.0,310.93,28.0,317.94,139.0,313.12,3.569999999999993,46.0,170.0,4.061551427716372,216,-124.0,41.0,-0.57
07:41:18,314.0,5.0,315.0,10.0,312.0,10.0,318.0,40.0,314.5,1.0,15.0,50.0,2.8355246428097374,65,-35.0,-151.0,-0.54
07:41:19,314.0,9.0,315.0,18.0,312.0,18.0,317.0,36.0,314.5,1.0,27.0,54.0,2.2560762398418888,81,-27.0,16.0,-0.33
07:41:20,314.0,6.0,315.0,12.0,312.83,12.0,317.0,24.0,314.5,1.0,18.0,36.0,2.3815709101302582,54,-18.0,-27.0,-0.33
07:41:21,313.23,13.0,315.0,16.0,312.38,16.0,317.0,32.0,314.12,1.7699999999999818,29.0,48.0,0.5977624946223385,77,-19.0,23.0,-0.25
07:41:22,313.0,14.0,315.0,14.0,312.0,14.0,317.83,48.0,314.0,2.0,28.0,62.0,0.24470390265964845,90,-34.0,13.0,-0.38
07:41:23,312.93,30.0,314.06,69.0,311.73,30.0,315.84,38.0,313.5,1.1299999999999955,60.0,107.0,0.4145841289499237,167,-47.0,77.0,-0.28
07:41:24,310.93,118.0,312.7,54.0,305.2,40.0,314.2,40.0,311.82,1.7699999999999818,158.0,94.0,1.0509614645542344,252,64.0,85.0,0.25
07:41:25,311.0,88.0,313.25,32.0,308.0,16.0,316.27,30.0,312.12,2.25,104.0,62.0,1.0733685294337119,166,42.0,-86.0,0.25
07:41:26,311.0,132.0,318.6,30.0,308.0,24.0,322.15,26.0,314.8,7.600000000000023,156.0,56.0,1.2598888839808382,212,100.0,46.0,0.47
07:41:27,311.0,132.0,317.58,12.0,308.0,24.0,319.0,24.0,314.29,6.579999999999984,156.0,36.0,1.3088850216800587,192,120.0,-20.0,0.62
07:41:28,311.0,121.0,317.0,11.0,308.0,22.0,319.0,22.0,314.0,6.0,143.0,33.0,1.3459866269685834,176,110.0,-16.0,0.62
07:41:29,311.0,139.0,316.31,13.0,309.83,48.0,319.46,26.0,313.65,5.310000000000002,187.0,39.0,1.0150221672346589,226,148.0,50.0,0.65
07:41:30,311.29,68.0,316.0,12.0,310.62,73.0,320.0,24.0,313.65,4.7099999999999795,141.0,36.0,0.48442749713174593,177,105.0,-49.0,0.59
07:41:31,311.35,69.0,316.47,34.0,310.66,82.0,320.15,26.0,313.91,5.1200000000000045,151.0,60.0,0.26795522009761596,211,91.0,34.0,0.43
07:41:32,311.0,49.0,318.67,45.0,310.0,36.0,320.0,18.0,314.83,7.670000000000016,85.0,63.0,0.48520098925847277,148,22.0,-63.0,0.15
07:41:33,311.04,47.0,316.91,55.0,310.22,46.0,321.09,22.0,313.98,5.8700000000000045,93.0,77.0,0.4853658413788569,170,16.0,22.0,0.09
07:41:34,312.0,8.0,316.0,40.0,311.0,40.0,321.75,16.0,314.0,4.0,48.0,56.0,0.4451179618677601,104,-8.0,-66.0,-0.08
07:41:35,311.14,29.0,316.0,45.0,310.5,40.0,321.0,18.0,313.57,4.860000000000014,69.0,63.0,0.46515588782398826,132,6.0,28.0,0.05
07:41:36,311.0,31.0,315.57,35.0,310.0,28.0,321.0,14.0,313.29,4.569999999999993,59.0,49.0,0.5823486927756125,108,10.0,-24.0,0.09
07:41:37,311.0,42.0,312.18,39.0,310.0,44.0,314.48,27.0,311.59,1.1800000000000068,86.0,66.0,0.9935441610609288,152,20.0,44.0,0.13
07:41:38,310.12,50.0,312.05,40.0,308.71,34.0,316.0,19.0,311.09,1.9300000000000068,84.0,59.0,1.2863592033250113,143,25.0,-9.0,0.17
07:41:39,310.0,55.0,311.91,43.0,308.0,34.0,321.26,76.0,310.95,1.910000000000025,89.0,119.0,1.2429481083213827,208,-30.0,65.0,-0.14
07:41:40,308.58,31.0,320.78,49.0,300.79,61.0,325.43,74.0,314.68,12.199999999999989,92.0,123.0,1.6150232196409664,215,-31.0,7.0,-0.14
07:41:41,309.25,64.0,320.53,68.0,302.91,55.0,323.0,34.0,314.89,11.279999999999973,119.0,102.0,1.9739047596019148,221,17.0,6.0,0.08
07:41:42,311.07,112.0,317.3,80.0,309.58,76.0,322.6,50.0,314.19,6.230000000000018,188.0,130.0,1.9706090429048866,318,58.0,97.0,0.18
07:41:43,312.48,115.0,315.0,84.0,311.14,116.0,322.32,75.0,313.74,2.519999999999982,231.0,159.0,1.5953212842490159,390,72.0,72.0,0.18
07:41:44,312.33,72.0,320.89,61.0,309.84,57.0,326.68,50.0,316.61,8.560000000000002,129.0,111.0,1.0945181588154596,240,18.0,-150.0,0.07
07:41:45,312.71,51.0,323.78,64.0,310.47,113.0,327.16,95.0,318.24,11.069999999999993,164.0,159.0,1.8654570485476278,323,5.0,83.0,0.02
07:41:46,313.0,33.0,323.0,22.0,311.0,77.0,326.03,62.0,318.0,10.0,110.0,84.0,2.100697503205856,194,26.0,-129.0,0.13
07:41:47,311.12,52.0,323.0,16.0,309.0,21.0,327.0,48.0,317.06,11.879999999999995,73.0,64.0,1.7997499826294308,137,9.0,-57.0,0.07
07:41:48,311.0,56.0,321.61,36.0,308.0,28.0,325.31,51.0,316.31,10.610000000000014,84.0,87.0,0.8473075002465436,171,-3.0,34.0,-0.02
07:41:49,311.0,44.0,321.0,44.0,308.0,22.0,325.0,55.0,316.0,10.0,66.0,99.0,0.9928343265490941,165,-33.0,-6.0,-0.2
07:41:50,311.0,40.0,320.67,30.0,308.0,20.0,323.86,35.0,315.83,9.670000000000016,60.0,65.0,0.8945110396047513,125,-5.0,-40.0,-0.04
07:41:51,312.53,106.0,318.72,36.0,310.13,30.0,319.83,36.0,315.63,6.190000000000055,136.0,72.0,0.5585069381622513,208,64.0,83.0,0.31
07:41:52,313.0,96.0,316.0,24.0,312.0,12.0,318.0,24.0,314.5,3.0,108.0,48.0,0.6916140542065456,156,60.0,-52.0,0.38
07:41:53,313.05,84.0,316.0,28.0,312.76,42.0,318.0,28.0,314.52,2.9499999999999886,126.0,56.0,0.7294038661650177,182,70.0,26.0,0.38
07:41:54,313.37,19.0,315.5,20.0,312.65,68.0,317.2,20.0,314.43,2.1299999999999955,87.0,40.0,0.6872917866356798,127,47.0,-55.0,0.37
07:41:55,313.5,24.0,321.07,30.0,311.5,48.0,326.46,70.0,317.28,7.569999999999993,72.0,100.0,1.2278721431714614,172,-28.0,45.0,-0.16
07:41:56,315.0,9.0,326.24,21.0,313.0,18.0,327.18,44.0,320.62,11.240000000000009,27.0,65.0,2.7167811836758675,92,-38.0,-80.0,-0.41
07:41:57,315.0,11.0,327.0,55.0,313.0,22.0,329.0,44.0,321.0,12.0,33.0,99.0,3.1746495869581652,132,-66.0,40.0,-0.5
07:41:58,315.0,9.0,327.0,45.0,313.0,18.0,329.0,36.0,321.0,12.0,27.0,81.0,2.931634356459193,108,-54.0,-24.0,-0.5
07:41:59,314.0,6.0,327.0,50.0,311.9,20.0,329.0,24.0,320.5,13.0,26.0,74.0,1.5812020743631183,100,-48.0,-8.0,-0.48
07:42:00,313.0,5.0,327.0,50.0,312.0,30.0,329.0,22.0,320.0,14.0,35.0,72.0,0.41458412894059277,107,-37.0,7.0,-0.35
07:42:01,313.0,3.0,327.0,30.0,312.0,18.0,329.67,9.0,320.0,14.0,21.0,39.0,0.49999999996960975,60,-18.0,-47.0,-0.3
07:42:02,313.0,11.0,326.09,58.0,312.0,66.0,327.5,50.0,319.54,13.089999999999975,77.0,108.0,0.5579605720568457,185,-31.0,125.0,-0.17
07:42:03,312.08,24.0,325.05,37.0,311.21,56.0,327.71,41.0,318.57,12.970000000000027,80.0,78.0,0.7280247248347165,158,2.0,-27.0,0.01
07:42:04,312.0,26.0,323.83,36.0,311.0,52.0,326.29,35.0,317.92,11.829999999999984,78.0,71.0,0.9261101446217886,149,7.0,-9.0,0.05
07:42:05,312.0,24.0,321.42,26.0,311.0,48.0,322.95,22.0,316.71,9.420000000000016,72.0,48.0,1.3101030493714478,120,24.0,-29.0,0.2
07:42:06,309.83,24.0,319.14,22.0,308.94,36.0,320.15,26.0,314.48,9.310000000000002,60.0,48.0,1.9501102532867096,108,12.0,-12.0,0.11
07:42:07,309.29,28.0,316.31,26.0,307.25,32.0,315.9,30.0,312.8,7.019999999999982,60.0,56.0,2.4134891754420527,116,4.0,8.0,0.03
07:42:08,309.55,99.0,312.87,15.0,308.48,50.0,317.69,39.0,311.21,3.319999999999993,149.0,54.0,2.748550527092097,203,95.0,87.0,0.47
07:42:09,309.0,168.0,311.57,14.0,308.0,28.0,318.0,42.0,310.29,2.569999999999993,196.0,56.0,2.573649160235413,252,140.0,49.0,0.56
07:42:10,309.0,168.0,317.39,36.0,308.0,28.0,319.85,119.0,313.19,8.389999999999986,196.0,155.0,1.6566924880561016,351,41.0,99.0,0.12
07:42:11,309.0,156.0,316.31,39.0,308.0,26.0,320.0,100.0,312.65,7.310000000000002,182.0,139.0,1.2270778296351124,321,43.0,-30.0,0.13
07:42:12,312.0,42.0,316.0,42.0,309.0,168.0,320.15,67.0,314.0,4.0,210.0,109.0,1.5023048958123177,319,101.0,-2.0,0.32
07:42:13,312.0,15.0,316.0,21.0,309.0,84.0,322.0,35.0,314.0,4.0,99.0,56.0,1.5289964028671896,155,43.0,-164.0,0.28
07:42:14,312.0,10.0,316.0,15.0,309.0,60.0,322.8,25.0,314.0,4.0,70.0,40.0,0.6215866793776708,110,30.0,-45.0,0.27
07:42:15,312.0,16.0,314.62,24.0,309.0,96.0,322.5,40.0,313.31,2.6200000000000045,112.0,64.0,0.6054502456682341,176,48.0,66.0,0.27
07:42:16,312.0,30.0,314.0,39.0,309.0,180.0,322.79,87.0,313.0,2.0,210.0,126.0,0.47562590339427097,336,84.0,160.0,0.25
07:42:17,310.29,42.0,313.08,49.0,308.96,112.0,315.82,22.0,311.68,2.7899999999999636,154.0,71.0,0.9542641143730798,225,83.0,-111.0,0.37
07:42:18,309.0,168.0,322.73,37.0,308.0,28.0,323.76,50.0,315.86,13.730000000000018,196.0,87.0,1.5324490203526304,283,109.0,58.0,0.39
07:42:19,309.42,86.0,322.0,20.0,309.0,42.0,323.0,50.0,315.71,12.579999999999984,128.0,70.0,1.816829656291211,198,58.0,-85.0,0.29
07:42:20,312.1,80.0,319.05,40.0,311.0,60.0,323.0,70.0,315.58,6.949999999999989,140.0,110.0,1.9100209422879653,250,30.0,52.0,0.12
07:42:21,313.0,61.0,317.84,38.0,311.0,54.0,322.62,52.0,315.42,4.839999999999975,115.0,90.0,1.7794943101842047,205,25.0,-45.0,0.12
07:42:22,312.03,35.0,314.75,36.0,309.35,102.0,316.03,29.0,313.39,2.7200000000000273,137.0,65.0,1.0203283785024897,202,72.0,-3.0,0.36
07:42:23,309.87,87.0,321.03,74.0,308.97,194.0,323.21,96.0,315.45,11.159999999999968,281.0,170.0,0.9683749273796897,451,111.0,177.5,0.25
07:42:24,313.0,83.0,322.05,81.0,309.15,139.0,323.47,86.0,317.52,9.050000000000011,222.0,167.0,1.4614958090864008,389,55.0,-62.0,0.14
07:42:25,313.0,62.0,321.0,56.0,309.0,168.0,323.14,70.0,317.0,8.0,230.0,126.0,1.617383689783204,356,104.0,-33.0,0.29
07:42:26,313.03,91.0,321.0,48.0,310.16,95.0,324.0,60.0,317.02,7.970000000000027,186.0,108.0,1.690896212065158,294,78.0,-62.0,0.27
07:42:27,314.35,37.0,319.75,104.0,313.49,79.0,321.18,85.0,317.05,5.399999999999977,116.0,189.0,0.789221135028257,305,-73.0,11.0,-0.24
07:42:28,314.74,23.0,317.56,93.0,313.84,61.0,322.08,83.0,316.15,2.819999999999993,84.0,176.0,0.49555019924836025,260,-92.0,-45.0,-0.35
07:42:29,314.0,39.0,318.46,52.0,313.0,65.0,322.43,70.0,316.23,4.4599999999999795,104.0,122.0,0.4576570768331324,226,-18.0,-34.0,-0.08
07:42:30,314.0,48.0,316.56,64.0,313.0,80.0,318.12,64.0,315.28,2.5600000000000023,128.0,128.0,0.7311155859205493,256,0.0,30.0,0.0
07:42:31,313.58,36.0,314.92,48.0,312.77,65.0,317.26,53.0,314.25,1.3400000000000318,101.0,101.0,1.0656547283134061,202,0.0,-54.0,0.0
07:42:32,312.86,35.0,315.36,45.0,311.94,53.0,323.36,55.0,314.11,2.5,88.0,100.0,1.0075117865203727,188,-12.0,-14.0,-0.06
07:42:33,312.0,55.0,323.0,55.0,311.0,33.0,327.0,35.0,317.5,11.0,88.0,90.0,1.4206090243191984,178,-2.0,-10.0,-0.01
07:42:34,312.0,65.0,322.19,21.0,311.0,39.0,325.6,57.0,317.1,10.189999999999998,104.0,78.0,1.5806232947723242,182,26.0,4.0,0.14
07:42:35,312.0,65.0,319.38,13.0,311.0,39.0,323.85,52.0,315.69,7.3799999999999955,104.0,65.0,1.5673385084201819,169,39.0,-13.0,0.23
07:42:36,312.0,60.0,318.5,12.0,311.0,36.0,323.0,48.0,315.25,6.5,96.0,60.0,1.3843951747880863,156,36.0,-13.0,0.23
07:42:37,312.0,36.0,318.0,8.0,311.0,24.0,324.58,57.0,315.0,6.0,60.0,65.0,1.1247533062748976,125,-5.0,-31.0,-0.04
07:42:38,312.0,33.0,316.6,15.0,311.0,33.0,324.28,43.0,314.3,4.600000000000023,66.0,58.0,1.0420508624712876,124,8.0,-1.0,0.06
07:42:39,312.0,33.0,316.0,33.0,311.0,33.0,317.0,11.0,314.0,4.0,66.0,44.0,0.691570676054105,110,22.0,-14.0,0.2
07:42:40,311.92,39.0,313.78,23.0,310.9,40.0,314.93,27.0,312.85,1.8599999999999568,79.0,50.0,0.9464407007196359,129,29.0,19.0,0.22
07:42:41,311.0,33.0,312.91,11.0,310.0,44.0,324.0,11.0,311.95,1.910000000000025,77.0,22.0,1.2137751027186274,99,55.0,-30.0,0.56
07:42:42,311.0,27.0,322.76,29.0,310.0,48.0,326.12,40.0,316.88,11.759999999999991,75.0,69.0,1.8647600381762501,144,6.0,45.0,0.04
07:42:43,310.75,16.0,324.0,20.0,309.71,28.0,325.0,10.0,317.38,13.25,44.0,30.0,2.4171822438488664,74,14.0,-70.0,0.19
07:42:44,309.14,7.0,324.0,14.0,307.57,7.0,325.0,7.0,316.57,14.860000000000014,14.0,21.0,2.525337601188709,35,-7.0,-39.0,-0.2
07:42:45,304.25,24.0,324.0,18.0,304.5,12.0,325.0,9.0,314.12,19.75,36.0,27.0,2.2923023360755086,63,9.0,28.0,0.14
07:42:46,303.0,21.0,324.0,12.0,300.8,25.0,325.0,6.0,313.5,21.0,46.0,18.0,1.7541094606599612,64,28.0,1.0,0.44
07:42:47,304.68,19.0,324.0,16.0,302.13,23.0,325.0,8.0,314.34,19.319999999999993,42.0,24.0,1.6899467447163907,66,18.0,2.0,0.27
07:42:48,309.17,36.0,323.81,21.0,303.21,39.0,324.6,15.0,316.49,14.639999999999986,75.0,36.0,1.4269653114136303,111,39.0,45.0,0.35
07:42:49,315.0,51.0,321.94,17.0,313.94,33.0,325.39,31.0,318.47,6.939999999999998,84.0,48.0,2.0605654563680553,132,36.0,21.0,0.27
07:42:50,315.0,48.0,321.0,16.0,314.0,32.0,327.69,91.0,318.0,6.0,80.0,107.0,2.191951185582416,187,-27.0,55.0,-0.14
07:42:51,314.5,18.0,319.75,12.0,313.25,24.0,325.6,30.0,317.12,5.25,42.0,42.0,1.6158372442715563,84,0.0,-103.0,0.0
07:42:52,314.0,11.0,318.0,11.0,313.0,22.0,320.0,11.0,316.0,4.0,33.0,22.0,1.0249536574765599,55,11.0,-29.0,0.2
07:42:53,314.0,8.0,315.75,8.0,313.0,16.0,316.75,8.0,314.88,1.75,24.0,16.0,1.467439947655456,40,8.0,-15.0,0.2
07:42:54,313.03,31.0,315.25,16.0,312.12,17.0,323.74,61.0,314.14,2.2200000000000273,48.0,77.0,1.5783282294808723,125,-29.0,85.0,-0.23
07:42:55,313.0,18.0,314.78,9.0,312.0,9.0,322.47,30.0,313.89,1.7799999999999727,27.0,39.0,1.3479910978850398,66,-12.0,-59.0,-0.18
07:42:56,313.0,18.0,314.0,11.0,312.0,11.0,315.0,11.0,313.5,1.0,29.0,22.0,0.9867218452929171,51,7.0,-15.0,0.14
07:42:57,313.0,12.0,314.0,12.0,312.0,12.0,315.0,12.0,313.5,1.0,24.0,24.0,0.5710691726743087,48,0.0,-3.0,0.0
07:42:58,312.54,13.0,313.84,19.0,311.16,43.0,320.45,22.0,313.19,1.2999999999999545,56.0,41.0,0.37219618479959626,97,15.0,49.0,0.15
07:42:59,311.06,64.0,312.64,42.0,310.41,34.0,324.11,45.0,311.85,1.579999999999984,98.0,87.0,0.7870387537980417,185,11.0,88.0,0.06
07:43:00,311.0,54.0,312.0,27.0,309.0,9.0,325.0,43.0,311.5,1.0,63.0,70.0,0.9594633916834061,133,-7.0,-52.0,-0.05
07:43:01,311.0,54.0,312.0,27.0,309.76,21.0,325.0,72.0,311.5,1.0,75.0,99.0,0.963623370400059,174,-24.0,41.0,-0.14
07:43:02,311.0,87.0,316.55,60.0,310.0,64.0,325.37,97.0,313.77,5.550000000000011,151.0,157.0,1.0507473530688012,308,-6.0,134.0,-0.02
07:43:03,311.0,27.0,325.0,63.0,310.0,36.0,329.0,27.0,318.0,14.0,63.0,90.0,2.7789620364409147,153,-27.0,-155.0,-0.18
07:43:04,310.56,27.0,325.0,56.0,309.87,23.0,329.0,24.0,317.78,14.439999999999998,50.0,80.0,3.2226076397815153,130,-30.0,-23.0,-0.23
07:43:05,310.0,36.0,325.0,63.0,309.0,9.0,329.0,27.0,317.5,15.0,45.0,90.0,2.924927349521087,135,-45.0,5.0,-0.33
07:43:06,310.0,29.0,325.0,49.0,309.0,7.0,329.8,25.0,317.5,15.0,36.0,74.0,1.7678235205966322,110,-38.0,-25.0,-0.35
07:43:07,310.11,38.0,325.0,70.0,309.31,13.0,329.0,40.0,317.55,14.889999999999986,51.0,110.0,0.2197271034113064,161,-59.0,51.0,-0.37
07:43:08,310.42,19.0,324.91,43.0,309.62,13.0,328.1,31.0,317.66,14.490000000000009,32.0,74.0,0.12091319189245053,106,-42.0,-55.0,-0.4
07:43:09,310.0,18.0,323.5,24.0,309.0,9.0,324.95,38.0,316.75,13.5,27.0,62.0,0.3647876094029719,89,-35.0,-17.0,-0.39
07:43:10,310.45,22.0,323.53,30.0,309.62,16.0,325.48,50.0,316.99,13.079999999999984,38.0,80.0,0.3969256857071576,118,-42.0,29.0,-0.36
07:43:11,310.84,19.0,322.91,22.0,309.84,19.0,324.38,39.0,316.88,12.07000000000005,38.0,61.0,0.4114972660593215,99,-23.0,-19.0,-0.23
07:43:12,310.0,11.0,321.27,22.0,309.0,11.0,324.0,44.0,315.64,11.269999999999982,22.0,66.0,0.7295409515406925,88,-44.0,-11.0,-0.5
07:43:13,310.0,10.0,319.6,20.0,309.0,10.0,321.92,26.0,314.8,9.600000000000023,20.0,46.0,0.9568019648682474,66,-26.0,-22.0,-0.39
07:43:14,310.0,11.0,315.27,26.0,309.0,11.0,316.59,27.0,312.63,5.269999999999982,22.0,53.0,1.7894328710451848,75,-31.0,9.0,-0.41
07:43:15,309.33,12.0,313.25,28.0,307.4,20.0,318.33,24.0,311.29,3.920000000000016,32.0,52.0,2.2659148262851136,84,-20.0,9.0,-0.24
07:43:16,309.0,10.0,311.3,20.0,307.0,20.0,314.4,20.0,310.15,2.3000000000000114,30.0,40.0,2.310036796239577,70,-10.0,-14.0,-0.14
07:43:17,306.57,28.0,308.96,25.0,304.65,17.0,313.25,28.0,307.77,2.3899999999999864,45.0,53.0,2.6362131931964963,98,-8.0,28.0,-0.08
07:43:18,305.4,15.0,307.13,15.0,304.25,12.0,308.5,16.0,306.27,1.7300000000000182,27.0,31.0,2.5872224488794475,58,-4.0,-40.0,-0.07
07:43:19,305.26,23.0,308.58,26.0,300.12,17.0,314.91,44.0,306.92,3.319999999999993,40.0,70.0,2.1509765224166078,110,-30.0,52.0,-0.27
07:43:20,300.92,13.0,308.38,26.0,298.94,49.0,317.0,52.0,304.65,7.4599999999999795,62.0,78.0,2.028649797276341,140,-16.0,30.0,-0.11
07:43:21,300.0,13.0,307.23,26.0,299.0,52.0,316.68,47.0,303.62,7.230000000000018,65.0,73.0,1.6897129933782313,138,-8.0,-2.0,-0.06
07:43:22,302.11,125.0,308.5,28.0,301.62,64.0,315.14,42.0,305.31,6.389999999999986,189.0,70.0,1.3034300901820295,259,119.0,121.0,0.46
07:43:23,304.19,148.0,313.66,53.0,301.01,85.0,316.51,47.0,308.92,9.470000000000027,233.0,100.0,2.0777704396759686,333,133.0,74.0,0.4
07:43:24,304.73,180.0,313.87,60.0,295.26,27.0,315.47,45.0,309.3,9.139999999999986,207.0,105.0,2.5851208869201145,312,102.0,-21.0,0.33
07:43:25,309.39,115.0,313.0,60.0,306.94,158.0,315.0,45.0,311.2,3.6100000000000136,273.0,105.0,3.1085527179040864,378,168.0,66.0,0.44
07:43:26,307.6,149.0,311.25,16.0,295.82,33.0,313.07,81.0,309.42,3.6499999999999773,182.0,97.0,2.155481384746185,279,85.0,-99.0,0.3
07:43:27,296.44,54.0,309.33,24.0,295.0,36.0,312.75,48.0,302.89,12.889999999999986,90.0,72.0,3.1743629282090753,162,18.0,-117.0,0.11
07:43:28,297.59,68.0,306.29,35.0,296.83,48.0,308.6,35.0,301.94,8.700000000000045,116.0,70.0,4.221066216015816,186,46.0,24.0,0.25
07:43:29,299.44,232.0,305.35,80.0,299.36,270.0,307.0,20.0,302.39,5.910000000000025,502.0,100.0,4.38722805424929,602,402.0,177.5,0.67
07:43:30,302.98,221.0,307.15,41.0,301.66,67.0,309.27,48.0,305.06,4.169999999999959,288.0,89.0,3.0817933090967933,377,199.0,-178.5,0.53
07:43:31,303.11,187.0,308.25,59.0,302.7,121.0,309.58,26.0,305.68,5.139999999999986,308.0,85.0,1.67193600355837,393,223.0,16.0,0.57
07:43:32,305.83,126.0,309.71,70.0,301.29,132.0,312.41,80.0,307.77,3.8799999999999955,258.0,150.0,2.417720000329508,408,108.0,15.0,0.26
07:43:33,294.73,132.0,312.0,70.0,293.29,109.0,313.0,98.0,303.37,17.269999999999982,241.0,168.0,2.091728949934219,409,73.0,1.0,0.18
07:43:34,307.81,32.0,312.0,25.0,299.38,13.0,313.0,35.0,309.91,4.189999999999998,45.0,60.0,2.5339238346861994,105,-15.0,-178.5,-0.14
07:43:35,309.36,182.0,312.0,56.0,307.0,28.0,313.0,98.0,310.68,2.6399999999999864,210.0,154.0,3.015007462675554,364,56.0,177.5,0.15
07:43:36,310.26,93.0,312.0,44.0,307.0,22.0,313.0,77.0,311.13,1.740000000000009,115.0,121.0,3.181245039286942,236,-6.0,-128.0,-0.03
07:43:37,310.2,50.0,312.64,55.0,304.0,15.0,313.73,55.0,311.42,2.4399999999999977,65.0,110.0,3.3646946369599022,175,-45.0,-61.0,-0.26
07:43:38,307.82,34.0,312.71,68.0,305.41,17.0,314.49,43.0,310.26,4.889999999999986,51.0,111.0,0.6163197222097339,162,-60.0,-13.0,-0.37
07:43:39,309.0,36.0,312.72,57.0,307.0,18.0,313.91,35.0,310.86,3.7200000000000273,54.0,92.0,0.44113489998456534,146,-38.0,-16.0,-0.26
07:43:40,309.0,32.0,311.0,32.0,307.0,16.0,314.0,32.0,310.0,2.0,48.0,64.0,0.5930261376909272,112,-16.0,-34.0,-0.14
07:43:41,309.33,48.0,311.0,42.0,307.0,24.0,314.0,48.0,310.17,1.670000000000016,72.0,90.0,0.5881496408100036,162,-18.0,50.0,-0.11
07:43:42,310.58,52.0,314.0,52.0,307.75,24.0,406.67,24.0,312.29,3.420000000000016,76.0,76.0,0.9376726507607428,152,0.0,-10.0,0.0
07:43:43,312.25,24.0,314.0,56.0,311.23,60.0,333.12,34.0,313.12,1.75,84.0,90.0,1.364943222256435,174,-6.0,22.0,-0.03
07:43:44,311.5,20.0,314.0,16.0,310.62,48.0,315.0,24.0,312.75,2.5,68.0,40.0,1.4741200765145264,108,28.0,-66.0,0.26
07:43:45,311.0,27.0,313.64,25.0,310.0,66.0,314.8,30.0,312.32,2.6399999999999864,93.0,55.0,1.1475844195450158,148,38.0,40.0,0.26
07:43:46,311.0,9.0,312.33,27.0,310.0,54.0,314.0,18.0,311.67,1.329999999999984,63.0,45.0,0.5449311882999647,108,18.0,-40.0,0.17
07:43:47,311.0,9.0,313.74,23.0,310.0,54.0,318.64,22.0,312.37,2.740000000000009,63.0,45.0,0.5409528629945377,108,18.0,0.0,0.17
07:43:48,310.1,31.0,317.0,20.0,301.08,95.0,320.0,30.0,313.55,6.899999999999977,126.0,50.0,0.6888541209732875,176,76.0,68.0,0.43
07:43:49,310.0,20.0,317.0,12.0,302.56,18.0,320.0,18.0,313.5,7.0,38.0,30.0,0.8177835899439797,68,8.0,-108.0,0.12
07:43:50,311.68,38.0,317.0,18.0,310.27,22.0,320.0,27.0,314.34,5.319999999999993,60.0,45.0,1.057936671063566,105,15.0,37.0,0.14
07:43:51,312.35,23.0,317.0,18.0,311.55,22.0,320.0,27.0,314.67,4.649999999999977,45.0,45.0,0.891756693263469,90,0.0,-15.0,0.0
07:43:52,313.0,8.0,317.0,8.0,312.0,12.0,320.0,12.0,315.0,4.0,20.0,20.0,0.6693803104210557,40,0.0,-50.0,0.0
07:43:53,313.0,14.0,316.75,16.0,312.0,21.0,319.7,20.0,314.88,3.75,35.0,36.0,0.6013484846401432,71,-1.0,31.0,-0.01
07:43:54,312.8,15.0,315.07,30.0,311.8,20.0,317.91,22.0,313.93,2.269999999999982,35.0,52.0,0.433970045024854,87,-17.0,16.0,-0.2
07:43:55,311.11,27.0,313.72,39.0,308.36,22.0,315.69,36.0,312.41,2.6100000000000136,49.0,75.0,1.0721333872142196,124,-26.0,37.0,-0.21
07:43:56,310.0,28.0,311.78,32.0,307.0,28.0,312.44,55.0,310.89,1.7799999999999727,56.0,87.0,1.7542149241129437,143,-31.0,19.0,-0.22
07:43:57,310.0,10.0,311.0,5.0,307.5,8.0,312.0,30.0,310.5,1.0,18.0,35.0,1.8912350462017855,53,-17.0,-90.0,-0.32
07:43:58,310.27,11.0,319.31,26.0,307.2,20.0,315.24,17.0,314.79,9.04000000000002,31.0,43.0,1.8634054845851311,74,-12.0,21.0,-0.16
07:43:59,316.0,10.0,321.89,36.0,313.8,10.0,323.5,16.0,318.94,5.889999999999986,20.0,52.0,3.47338883512638,72,-32.0,-2.0,-0.44
07:44:00,316.0,10.0,320.1,20.0,315.0,10.0,322.0,40.0,318.05,4.100000000000023,20.0,60.0,3.9160732883820164,80,-40.0,8.0,-0.5
07:44:01,316.0,13.0,319.08,26.0,315.0,13.0,321.23,52.0,317.54,3.079999999999984,26.0,78.0,3.4251029181584216,104,-52.0,24.0,-0.5
07:44:02,316.0,12.0,319.0,24.0,315.0,12.0,320.0,48.0,317.5,3.0,24.0,72.0,1.5515572822088555,96,-48.0,-8.0,-0.5
07:44:03,315.08,12.0,317.79,28.0,311.15,79.0,318.91,35.0,316.43,2.7100000000000364,91.0,63.0,0.9135480282803187,154,28.0,58.0,0.18
07:44:04,311.0,151.0,313.56,36.0,307.72,25.0,316.67,52.0,312.28,2.5600000000000023,176.0,88.0,2.3558119619309323,264,88.0,110.0,0.33
07:44:05,311.0,28.0,314.0,12.0,307.67,6.0,327.0,20.0,312.5,3.0,34.0,32.0,2.6496414851784142,66,2.0,-178.5,0.03
07:44:06,311.0,98.0,316.51,41.0,309.0,14.0,327.06,62.0,313.76,5.509999999999991,112.0,103.0,2.355882000436249,215,9.0,149.0,0.04
07:44:07,311.35,37.0,326.81,37.0,310.88,67.0,327.35,34.0,319.08,15.45999999999998,104.0,71.0,2.902447243272303,175,33.0,-40.0,0.19
07:44:08,311.41,29.0,326.0,11.0,310.71,41.0,327.0,44.0,318.71,14.589999999999975,70.0,55.0,3.363135441812934,125,15.0,-50.0,0.12
07:44:09,309.57,14.0,324.52,31.0,307.08,25.0,325.85,33.0,317.04,14.949999999999989,39.0,64.0,2.955591311392164,103,-25.0,-22.0,-0.24
07:44:10,309.0,11.0,319.23,47.0,307.0,30.0,320.44,32.0,314.12,10.230000000000018,41.0,79.0,2.4997639888550247,120,-38.0,17.0,-0.32
07:44:11,309.0,15.0,315.43,42.0,307.0,30.0,317.3,40.0,312.21,6.430000000000007,45.0,82.0,2.9808337759722323,127,-37.0,7.0,-0.29
07:44:12,309.0,15.0,311.0,42.0,307.0,30.0,311.76,51.0,310.0,2.0,45.0,93.0,3.527708888213383,138,-48.0,11.0,-0.35
07:44:13,307.19,31.0,309.43,61.0,306.21,28.0,310.76,58.0,308.31,2.240000000000009,59.0,119.0,3.4275253463662354,178,-60.0,40.0,-0.34
07:44:14,307.0,22.0,308.81,31.0,306.0,33.0,309.25,40.0,307.9,1.8100000000000023,55.0,71.0,2.6379101576789514,126,-16.0,-52.0,-0.13
07:44:15,307.0,26.0,309.11,18.0,306.0,39.0,312.32,22.0,308.06,2.1100000000000136,65.0,40.0,1.8327383883106778,105,25.0,-21.0,0.24
07:44:16,308.24,108.0,315.68,19.0,307.69,78.0,322.64,33.0,311.96,7.439999999999998,186.0,52.0,1.7341222563555636,238,134.0,133.0,0.56
