Time,Bid1_Price,Bid1_Volume,Ask1_Price,Ask1_Volume,Bid2_Price,Bid2_Volume,Ask2_Price,Ask2_Volume,Mid-Price,Bid_Ask_Spread,Market_Depth_Bid,Market_Depth_Ask,Historical_Volatility,Total_volume,Cumulative_Volume_Difference,Total_Volume_Change_Corrected,Order_imbalance
07:30:03,100.1,41.0,380.5,12.0,61.66,32.0,0.0,0.0,240.3,280.4,73.0,12.0,,85,61.0,61.0,0.72
07:30:04,101.65,23.0,381.55,11.0,75.73,22.0,382.0,3.0,241.6,279.9,45.0,14.0,,59,31.0,-26.0,0.53
07:30:06,97.03,31.0,381.0,20.0,91.31,35.0,382.0,12.0,239.02,283.97,66.0,32.0,93.04937705326137,98,34.0,-64.0,0.35
07:30:07,131.68,22.0,380.4,25.0,130.31,26.0,382.0,15.0,256.04,248.71999999999997,48.0,40.0,7.630663142873205,88,8.0,-10.0,0.09
07:30:08,133.38,40.0,372.05,38.0,131.0,32.0,598.62,26.0,252.71,238.67000000000002,72.0,64.0,8.58933932267224,136,8.0,48.0,0.06
07:30:09,134.0,30.0,272.67,18.0,131.0,24.0,370.41,29.0,203.33,138.67000000000002,54.0,47.0,20.88891404549321,101,7.0,-35.0,0.07
07:30:10,134.0,45.0,289.95,38.0,132.72,57.0,453.26,35.0,211.97,155.95,102.0,73.0,23.861008570469178,175,29.0,74.0,0.17
07:30:11,134.29,35.0,201.31,49.0,133.42,60.0,202.79,43.0,167.8,67.02000000000001,95.0,92.0,36.81966526192224,187,3.0,12.0,0.02
07:30:12,136.52,66.0,183.08,51.0,134.41,41.0,194.53,72.0,159.8,46.56,107.0,123.0,37.35551994016416,230,-16.0,43.0,-0.07
07:30:13,135.0,32.0,142.24,63.0,133.0,112.0,153.18,51.0,138.62,7.240000000000009,144.0,114.0,30.688972449399483,258,30.0,28.0,0.12
07:30:14,133.89,63.0,136.48,67.0,132.95,103.0,138.2,83.0,135.18,2.5900000000000034,166.0,150.0,30.81860769080912,316,16.0,58.0,0.05
07:30:15,132.53,34.0,134.44,45.0,130.95,38.0,136.38,29.0,133.49,1.9099999999999966,72.0,74.0,15.723664331191955,146,-2.0,-170.0,-0.01
07:30:16,131.0,52.0,133.5,50.0,130.0,60.0,137.0,30.0,132.25,2.5,112.0,80.0,11.396625377715885,192,32.0,46.0,0.17
07:30:17,131.0,30.0,132.0,40.0,130.0,48.0,137.0,36.0,131.5,1.0,78.0,76.0,2.8325377314340425,154,2.0,-38.0,0.01
07:30:18,130.76,50.0,133.43,35.0,129.65,34.0,137.97,31.0,132.09,2.670000000000016,84.0,66.0,1.465015358280411,150,18.0,-4.0,0.12
07:30:19,130.0,39.0,135.5,32.0,127.0,20.0,137.71,21.0,132.75,5.5,59.0,53.0,0.7479839570455067,112,6.0,-38.0,0.05
07:30:20,130.0,42.0,133.0,14.0,127.12,25.0,134.0,42.0,131.5,3.0,67.0,56.0,0.5318552434614472,123,11.0,11.0,0.09
07:30:21,130.0,15.0,132.08,13.0,127.43,7.0,133.43,7.0,131.04,2.0800000000000125,22.0,20.0,0.6597954228375849,42,2.0,-81.0,0.05
07:30:22,130.0,48.0,132.72,18.0,127.0,32.0,133.98,46.0,131.36,2.719999999999999,80.0,64.0,0.677177967743653,144,16.0,102.0,0.11
07:30:23,126.86,49.0,130.62,29.0,123.29,84.0,134.58,24.0,128.74,3.760000000000005,133.0,53.0,1.459527320743743,186,80.0,42.0,0.43
07:30:24,126.0,104.0,135.71,42.0,122.38,104.0,138.07,14.0,130.86,9.710000000000008,208.0,56.0,1.124544352169985,264,152.0,78.0,0.58
07:30:25,126.13,94.0,134.22,72.0,124.71,136.0,135.83,42.0,130.17,8.090000000000003,230.0,114.0,1.0422955434987764,344,116.0,80.0,0.34
07:30:26,126.14,102.0,133.0,18.0,124.82,137.0,134.0,108.0,129.57,6.859999999999999,239.0,126.0,1.0359295342818504,365,113.0,21.0,0.31
07:30:27,127.54,13.0,133.62,21.0,126.37,38.0,143.51,53.0,130.58,6.079999999999998,51.0,74.0,0.8479563668004395,125,-23.0,-170.5,-0.18
07:30:28,132.6,68.0,134.0,93.0,127.64,28.0,283.43,56.0,133.3,1.4000000000000057,96.0,149.0,1.4287861981407504,245,-53.0,120.0,-0.22
07:30:29,133.0,90.0,134.0,54.0,132.0,27.0,169.8,20.0,133.5,1.0,117.0,74.0,1.840605878507825,191,43.0,-54.0,0.23
07:30:30,133.0,108.0,134.0,66.0,127.0,22.0,138.0,22.0,133.5,1.0,130.0,88.0,1.875553251709376,218,42.0,27.0,0.19
07:30:31,133.0,66.0,134.0,54.0,127.88,48.0,160.31,39.0,133.5,1.0,114.0,93.0,1.2864213928560315,207,21.0,-11.0,0.1
07:30:32,133.0,61.0,134.0,66.0,128.0,77.0,266.68,38.0,133.5,1.0,138.0,104.0,0.08944271908718447,242,34.0,35.0,0.14
07:30:33,133.0,24.0,134.0,48.0,128.0,56.0,459.35,34.0,133.5,1.0,80.0,82.0,0.0,162,-2.0,-80.0,-0.01
07:30:34,133.0,13.0,134.0,78.0,129.89,19.0,420.04,51.0,133.5,1.0,32.0,129.0,0.0,161,-97.0,-1.0,-0.6
07:30:35,130.75,20.0,133.82,51.0,128.38,40.0,213.24,50.0,132.29,3.069999999999993,60.0,101.0,0.5411284505528275,161,-41.0,0.0,-0.25
07:30:36,128.13,45.0,133.0,40.0,127.33,21.0,134.0,32.0,130.57,4.8700000000000045,66.0,72.0,1.2865729672263846,138,-6.0,-23.0,-0.04
07:30:37,129.3,30.0,133.0,50.0,128.18,51.0,134.0,40.0,131.15,3.6999999999999886,81.0,90.0,1.3367385683063464,171,-9.0,33.0,-0.05
07:30:38,130.8,30.0,132.87,46.0,129.0,30.0,133.89,35.0,131.83,2.069999999999993,60.0,81.0,1.1228624136543615,141,-21.0,-30.0,-0.15
07:30:39,128.72,43.0,132.29,17.0,126.85,85.0,133.75,48.0,130.51,3.569999999999993,128.0,65.0,0.7803845206035825,193,63.0,52.0,0.33
07:30:40,127.0,92.0,130.17,12.0,125.73,44.0,133.47,47.0,128.58,3.1699999999999875,136.0,59.0,1.2123200897443105,195,77.0,2.0,0.39
07:30:41,127.0,81.0,132.11,19.0,124.0,9.0,133.33,27.0,129.55,5.110000000000014,90.0,46.0,1.287004273496262,136,44.0,-59.0,0.32
07:30:42,127.03,65.0,130.44,18.0,126.16,25.0,132.0,54.0,128.74,3.4099999999999966,90.0,72.0,1.3500629614938753,162,18.0,26.0,0.11
07:30:43,127.0,99.0,130.87,52.0,123.91,11.0,159.55,55.0,128.93,3.8700000000000045,110.0,107.0,0.788714143398968,217,3.0,55.0,0.01
07:30:44,127.0,105.0,129.23,65.0,124.64,22.0,132.57,49.0,128.12,2.2299999999999898,127.0,114.0,0.522618407633653,241,13.0,24.0,0.05
07:30:45,127.0,35.0,129.77,31.0,126.0,28.0,133.18,17.0,128.39,2.7700000000000102,63.0,48.0,0.5474760268701585,111,15.0,-130.0,0.14
07:30:46,128.21,28.0,133.0,45.0,126.94,138.0,134.0,15.0,130.61,4.789999999999992,166.0,60.0,0.9749717944625758,226,106.0,115.0,0.47
07:30:47,130.71,7.0,133.0,21.0,127.0,70.0,134.0,7.0,131.86,2.289999999999992,77.0,28.0,1.599177913803741,105,49.0,-121.0,0.47
07:30:48,131.0,9.0,133.0,27.0,127.0,75.0,134.0,9.0,132.0,2.0,84.0,36.0,1.855136113604008,120,48.0,15.0,0.4
07:30:49,126.76,38.0,133.0,17.0,125.12,51.0,134.0,8.0,129.88,6.239999999999995,89.0,25.0,1.4947140194692248,114,64.0,-6.0,0.56
07:30:50,125.0,35.0,133.33,15.0,124.0,75.0,134.8,25.0,129.17,8.330000000000013,110.0,40.0,1.23054053163553,150,70.0,36.0,0.47
07:30:51,125.0,10.0,133.56,9.0,124.0,59.0,134.95,21.0,129.28,8.560000000000002,69.0,30.0,1.3894315384349836,99,39.0,-51.0,0.39
07:30:52,125.0,13.0,133.0,40.0,124.0,100.0,134.0,10.0,129.0,8.0,113.0,50.0,1.2381356953087579,163,63.0,64.0,0.39
07:30:53,125.69,62.0,133.0,60.0,123.87,98.0,134.0,59.0,129.35,7.310000000000002,160.0,119.0,0.3315569332672967,279,41.0,116.0,0.15
07:30:54,125.0,42.0,133.0,24.0,124.0,12.0,134.0,30.0,129.0,8.0,54.0,54.0,0.15953056132786045,108,0.0,-170.5,0.0
07:30:55,125.0,42.0,131.87,30.0,124.0,13.0,132.97,35.0,128.43,6.8700000000000045,55.0,65.0,0.3623120202222766,120,-10.0,12.0,-0.08
07:30:56,125.0,54.0,129.14,56.0,124.0,14.0,132.0,92.0,127.07,4.139999999999986,68.0,148.0,0.9010826821093886,216,-80.0,96.0,-0.37
07:30:57,125.0,68.0,126.7,40.0,124.0,10.0,131.47,17.0,125.85,1.7000000000000028,78.0,57.0,1.4557472308053068,135,21.0,-81.0,0.16
07:30:58,124.24,17.0,128.53,30.0,122.14,14.0,131.72,68.0,126.38,4.290000000000006,31.0,98.0,1.3377331572466904,129,-67.0,-6.0,-0.52
07:30:59,124.0,9.0,130.86,43.0,122.0,9.0,131.86,37.0,127.43,6.860000000000014,18.0,80.0,0.9920282254034583,98,-62.0,-31.0,-0.63
07:31:00,125.2,45.0,130.37,59.0,124.05,21.0,131.62,42.0,127.79,5.170000000000002,66.0,101.0,0.786562139946428,167,-35.0,69.0,-0.21
07:31:01,125.82,38.0,128.39,46.0,124.7,30.0,129.39,23.0,127.1,2.569999999999993,68.0,69.0,0.7882575721152988,137,-1.0,-30.0,-0.01
07:31:02,126.69,39.0,129.47,34.0,124.09,35.0,146.0,15.0,128.08,2.780000000000001,74.0,49.0,0.6588095324122136,123,25.0,-14.0,0.2
07:31:03,124.5,18.0,130.13,46.0,108.93,27.0,158.5,40.0,127.32,5.6299999999999955,45.0,86.0,0.3899102460788035,131,-41.0,8.0,-0.31
07:31:04,123.0,32.0,127.16,38.0,114.47,17.0,129.0,64.0,125.08,4.159999999999997,49.0,102.0,1.1791861600261209,151,-53.0,20.0,-0.35
07:31:05,124.0,10.0,127.0,10.0,120.0,5.0,129.0,30.0,125.5,3.0,15.0,40.0,1.2725879144471959,55,-25.0,-96.0,-0.45
07:31:06,121.62,16.0,128.71,41.0,89.22,18.0,194.89,28.0,125.17,7.090000000000003,34.0,69.0,1.3774614332158268,103,-35.0,48.0,-0.34
07:31:07,119.0,12.0,129.0,78.0,84.0,36.0,277.36,25.0,124.0,10.0,48.0,103.0,1.2052717535878978,151,-55.0,48.0,-0.36
07:31:08,126.0,5.0,129.0,40.0,107.33,9.0,184.4,20.0,127.5,3.0,14.0,60.0,1.2769886452106218,74,-46.0,-77.0,-0.62
07:31:09,121.2,10.0,129.0,62.0,111.0,18.0,154.0,32.0,125.1,7.799999999999997,28.0,94.0,1.2755704606162928,122,-66.0,48.0,-0.54
07:31:10,119.83,12.0,129.0,36.0,99.93,14.0,154.56,9.0,124.42,9.170000000000002,26.0,45.0,1.3548136403198887,71,-19.0,-51.0,-0.27
07:31:11,120.43,21.0,129.0,42.0,119.0,26.0,177.77,13.0,124.71,8.569999999999993,47.0,55.0,1.3760377901775869,102,-8.0,31.0,-0.08
07:31:12,121.0,24.0,129.0,36.0,119.0,24.0,310.67,12.0,125.0,8.0,48.0,48.0,1.2330774509319538,96,0.0,-6.0,0.0
07:31:13,122.0,42.0,127.73,44.0,120.33,27.0,179.6,50.0,124.86,5.730000000000004,69.0,94.0,0.2666833328064848,163,-25.0,67.0,-0.15
07:31:14,122.65,20.0,127.25,24.0,119.5,24.0,128.67,27.0,124.95,4.599999999999994,44.0,51.0,0.233388088806544,95,-7.0,-68.0,-0.07
07:31:15,123.0,6.0,128.0,9.0,119.0,9.0,129.0,9.0,125.5,5.0,15.0,18.0,0.29837895367603445,33,-3.0,-62.0,-0.09
07:31:16,123.0,19.0,128.25,36.0,119.0,30.0,173.67,27.0,125.62,5.25,49.0,63.0,0.34767801195479037,112,-14.0,79.0,-0.12
07:31:17,126.08,13.0,129.0,27.0,121.13,15.0,323.0,24.0,127.54,2.9200000000000017,28.0,51.0,1.0839649440811854,79,-23.0,-33.0,-0.29
07:31:18,123.96,53.0,127.0,26.0,121.44,18.0,128.25,36.0,125.48,3.0400000000000063,71.0,62.0,0.9966544034904719,133,9.0,54.0,0.07
07:31:19,124.84,55.0,127.0,26.0,122.94,33.0,128.0,39.0,125.92,2.1599999999999966,88.0,65.0,0.8720779781630645,153,23.0,20.0,0.15
07:31:20,125.33,21.0,127.0,20.0,124.0,38.0,128.0,36.0,126.17,1.6700000000000017,59.0,56.0,0.8238810593750759,115,3.0,-38.0,0.03
07:31:21,125.6,40.0,243.56,18.0,123.8,10.0,371.35,31.0,184.58,117.96000000000001,50.0,49.0,26.085026739491735,99,1.0,-16.0,0.01
07:31:22,128.61,76.0,249.23,65.0,127.64,61.0,251.0,13.0,188.92,120.61999999999998,137.0,78.0,33.388843645744906,215,59.0,116.0,0.27
07:31:23,132.0,18.0,222.04,28.0,128.0,72.0,190.24,25.0,177.02,90.03999999999999,90.0,53.0,31.75994363974851,143,37.0,-72.0,0.26
07:31:24,132.0,24.0,155.33,12.0,127.66,71.0,164.33,48.0,143.67,23.330000000000013,95.0,60.0,27.651650402824107,155,35.0,12.0,0.23
07:31:25,132.0,14.0,154.0,11.0,125.0,14.0,175.12,25.0,143.0,22.0,28.0,36.0,22.41245680419715,64,-8.0,-91.0,-0.12
07:31:26,132.0,26.0,150.59,41.0,118.79,53.0,150.76,37.0,141.29,18.590000000000003,79.0,78.0,22.49632081030144,157,1.0,93.0,0.01
07:31:27,117.38,104.0,139.0,29.0,99.34,44.0,139.12,41.0,128.19,21.620000000000005,148.0,70.0,18.124842895870863,218,78.0,61.0,0.36
07:31:28,122.0,80.0,123.67,30.0,119.25,64.0,125.75,20.0,122.83,1.6700000000000017,144.0,50.0,9.61834081325875,194,94.0,-24.0,0.48
07:31:29,122.0,60.0,123.0,34.0,120.0,42.0,125.0,7.0,122.5,1.0,102.0,41.0,9.939817402749332,143,61.0,-51.0,0.43
07:31:30,122.0,76.0,123.0,24.0,120.0,60.0,125.25,16.0,122.5,1.0,136.0,40.0,8.100029012293593,176,96.0,33.0,0.55
07:31:31,122.0,25.0,236.08,26.0,120.0,60.0,474.64,25.0,179.04,114.08000000000001,85.0,51.0,24.731083073735345,136,34.0,-40.0,0.25
07:31:32,122.0,13.0,267.39,46.0,120.0,78.0,404.45,62.0,194.7,145.39,91.0,108.0,35.62971905586684,199,-17.0,63.0,-0.09
07:31:33,120.06,33.0,215.86,35.0,79.27,22.0,278.48,33.0,167.96,95.80000000000001,55.0,68.0,33.19297817310164,123,-13.0,-76.0,-0.11
07:31:34,120.0,40.0,127.57,28.0,64.0,20.0,178.4,40.0,123.79,7.569999999999993,60.0,68.0,32.857796943800146,128,-8.0,5.0,-0.06
07:31:35,121.0,24.0,128.0,40.0,112.47,30.0,251.42,19.0,124.5,7.0,54.0,59.0,32.33166899496533,113,-5.0,-15.0,-0.04
07:31:36,122.19,32.0,128.0,64.0,119.0,64.0,325.42,43.0,125.09,5.810000000000002,96.0,107.0,32.555327828175855,203,-11.0,90.0,-0.05
07:31:37,123.0,14.0,128.0,28.0,119.0,28.0,206.56,25.0,125.5,5.0,42.0,53.0,19.34823428636321,95,-11.0,-108.0,-0.12
07:31:38,123.0,18.0,128.0,36.0,116.67,36.0,234.22,27.0,125.5,5.0,54.0,63.0,0.73234554685655,117,-9.0,22.0,-0.08
07:31:39,123.73,22.0,222.67,21.0,99.14,28.0,388.74,38.0,173.2,98.93999999999998,50.0,59.0,21.493634406493477,109,-9.0,-8.0,-0.08
07:31:40,122.12,25.0,352.0,31.0,115.6,30.0,546.21,14.0,237.06,229.88,55.0,45.0,49.17933305769812,100,10.0,-9.0,0.1
07:31:41,118.14,49.0,370.55,11.0,117.52,61.0,656.84,19.0,244.34,252.41000000000003,110.0,30.0,57.82721504620467,140,80.0,40.0,0.57
07:31:43,126.2,99.0,274.23,22.0,117.66,53.0,456.98,63.0,200.21,148.03000000000003,152.0,85.0,57.396206494854674,237,67.0,96.0,0.28
07:31:44,135.0,53.0,172.0,19.0,122.88,25.0,224.23,39.0,153.5,37.0,78.0,58.0,63.16418937974267,136,20.0,-101.0,0.15
07:31:45,135.0,20.0,170.0,5.0,132.0,5.0,482.83,24.0,152.5,35.0,25.0,29.0,72.14517710838332,54,-4.0,-82.0,-0.07
07:31:46,135.0,52.0,167.97,34.0,132.0,13.0,464.14,37.0,151.49,32.97,65.0,71.0,74.63314029303602,136,-6.0,82.0,-0.04
07:31:47,135.0,24.0,167.0,24.0,133.0,60.0,169.0,6.0,151.0,32.0,84.0,30.0,21.526879708866307,114,54.0,-22.0,0.47
07:31:48,135.0,70.0,165.52,25.0,133.0,130.0,165.85,40.0,150.26,30.52000000000001,200.0,65.0,1.2723207142854696,265,135.0,151.0,0.51
07:31:49,135.0,32.0,162.44,18.0,133.0,90.0,164.78,27.0,148.72,27.439999999999998,122.0,45.0,1.4163262336057663,167,77.0,-98.0,0.46
07:31:50,135.0,8.0,162.0,16.0,133.0,40.0,163.0,4.0,148.5,27.0,48.0,20.0,1.3393953859857466,68,28.0,-99.0,0.41
07:31:51,135.0,22.0,159.35,20.0,133.0,110.0,161.4,35.0,147.18,24.349999999999994,132.0,55.0,1.5117274886697996,187,77.0,119.0,0.41
07:31:52,133.62,58.0,155.51,51.0,132.95,95.0,156.63,38.0,144.57,21.889999999999986,153.0,89.0,2.1327634655535395,242,64.0,55.0,0.26
07:31:53,133.0,64.0,152.37,52.0,132.0,11.0,154.32,47.0,142.68,19.370000000000005,75.0,99.0,2.625052380429764,174,-24.0,-68.0,-0.14
07:31:54,133.0,36.0,149.18,40.0,132.0,9.0,150.71,41.0,141.09,16.180000000000007,45.0,81.0,3.0686202111046583,126,-36.0,-48.0,-0.29
07:31:55,133.0,32.0,146.38,40.0,132.0,8.0,147.61,36.0,139.69,13.379999999999995,40.0,76.0,2.942578800983926,116,-36.0,-10.0,-0.31
07:31:56,133.0,48.0,144.12,59.0,132.0,12.0,145.25,60.0,138.56,11.120000000000005,60.0,119.0,2.3842965419594844,179,-59.0,63.0,-0.33
07:31:57,133.52,67.0,139.54,57.0,132.71,28.0,140.76,58.0,136.53,6.019999999999982,95.0,115.0,2.353752323418917,210,-20.0,31.0,-0.1
07:31:58,134.93,101.0,136.78,67.0,133.0,64.0,137.91,77.0,135.85,1.8499999999999943,165.0,144.0,2.1742538950177717,309,21.0,99.0,0.07
07:31:59,135.0,9.0,136.0,36.0,133.0,36.0,137.0,36.0,135.5,1.0,45.0,72.0,1.8171213498277814,117,-27.0,-170.5,-0.23
07:32:00,133.19,37.0,135.54,52.0,132.29,31.0,136.54,52.0,134.36,2.3499999999999943,68.0,104.0,1.554718624060301,172,-36.0,55.0,-0.21
07:32:01,131.23,26.0,133.71,56.0,130.84,50.0,140.83,47.0,132.47,2.480000000000018,76.0,103.0,1.5895817059843251,179,-27.0,7.0,-0.15
07:32:02,129.0,24.0,136.0,36.0,127.13,141.0,347.33,9.0,132.5,7.0,165.0,45.0,1.6047211595788542,210,120.0,31.0,0.57
07:32:03,135.0,9.0,136.0,36.0,131.0,18.0,195.48,23.0,135.5,1.0,27.0,59.0,1.5164695842647522,86,-32.0,-124.0,-0.37
07:32:04,129.47,17.0,289.11,28.0,127.14,146.0,318.0,21.0,209.29,159.64000000000001,163.0,49.0,33.82602444864011,212,114.0,126.0,0.54
07:32:05,127.06,187.0,304.22,37.0,126.92,169.0,307.81,47.0,215.64,177.16000000000003,356.0,84.0,43.33209722595938,440,272.0,169.5,0.62
07:32:06,127.0,303.0,185.08,37.0,125.0,13.0,196.56,27.0,156.04,58.08000000000001,316.0,64.0,40.055845765630714,380,252.0,-60.0,0.66
07:32:07,127.0,253.0,133.26,35.0,125.0,11.0,133.95,39.0,130.13,6.259999999999991,264.0,74.0,40.61757686027068,338,190.0,-42.0,0.56
07:32:08,127.38,160.0,131.08,39.0,127.04,154.0,132.43,47.0,129.23,3.700000000000017,314.0,86.0,41.99614065601739,400,228.0,62.0,0.57
07:32:09,127.6,67.0,129.64,56.0,126.99,316.0,141.87,69.0,128.62,2.039999999999992,383.0,125.0,37.449106397883504,508,258.0,108.0,0.51
07:32:10,127.04,135.0,129.04,45.0,126.74,125.0,209.31,26.0,128.04,1.9999999999999858,260.0,71.0,12.115162813598634,331,189.0,-170.5,0.57
07:32:11,127.3,37.0,143.04,25.0,126.91,115.0,259.36,11.0,135.17,15.739999999999995,152.0,36.0,2.8636288167295953,188,116.0,-143.0,0.62
07:32:12,127.0,165.0,249.95,19.0,126.0,11.0,341.47,17.0,188.47,122.94999999999999,176.0,36.0,26.18704126089852,212,140.0,24.0,0.66
07:32:13,127.57,35.0,254.0,15.0,126.98,61.0,359.8,5.0,190.79,126.43,96.0,20.0,32.457981606994586,116,76.0,-96.0,0.66
07:32:14,128.0,30.0,245.84,25.0,126.98,81.0,306.27,11.0,186.92,117.84,111.0,36.0,31.418416096296077,147,75.0,31.0,0.51
07:32:15,128.0,68.0,200.0,25.0,127.0,11.0,320.55,11.0,164.0,72.0,79.0,36.0,23.778434557388238,115,43.0,-32.0,0.37
07:32:16,129.71,49.0,190.37,27.0,128.0,21.0,196.16,19.0,160.04,60.66,70.0,46.0,14.759093129321796,116,24.0,1.0,0.21
07:32:17,130.0,49.0,188.83,29.0,128.0,21.0,192.55,22.0,159.41,58.83000000000001,70.0,51.0,15.33746295839031,121,19.0,5.0,0.16
07:32:18,130.0,63.0,187.95,37.0,128.0,27.0,188.74,38.0,158.97,57.94999999999999,90.0,75.0,11.936602112829092,165,15.0,44.0,0.09
07:32:19,130.0,77.0,187.65,23.0,128.0,33.0,188.23,52.0,158.83,57.650000000000006,110.0,75.0,2.1486623745943088,185,35.0,20.0,0.19
07:32:20,130.0,84.0,185.24,58.0,128.0,36.0,186.9,50.0,157.62,55.24000000000001,120.0,108.0,0.8917006224050419,228,12.0,43.0,0.05
07:32:21,130.0,91.0,181.36,53.0,128.52,31.0,184.88,64.0,155.68,51.360000000000014,122.0,117.0,1.5077035517626614,239,5.0,11.0,0.02
07:32:22,135.0,40.0,160.39,38.0,130.0,56.0,165.06,34.0,147.7,25.389999999999986,96.0,72.0,4.6946405613207896,168,24.0,-71.0,0.14
07:32:23,133.02,41.0,159.77,47.0,129.6,52.0,170.02,43.0,146.4,26.75,93.0,90.0,5.784961538333594,183,3.0,15.0,0.02
07:32:24,133.0,150.0,160.83,47.0,128.0,30.0,169.07,46.0,146.91,27.830000000000013,180.0,93.0,5.3481230352339,273,87.0,90.0,0.32
07:32:25,133.0,165.0,158.51,49.0,128.0,33.0,159.45,55.0,145.76,25.50999999999999,198.0,104.0,4.081592826336298,302,94.0,29.0,0.31
07:32:26,133.07,126.0,156.13,61.0,131.95,114.0,157.02,66.0,144.6,23.060000000000002,240.0,127.0,1.1747680622149475,367,113.0,65.0,0.31
07:32:27,134.0,46.0,153.23,69.0,132.97,186.0,154.91,66.0,143.62,19.22999999999999,232.0,135.0,1.3417600381589794,367,97.0,0.0,0.26
07:32:28,133.08,75.0,151.45,33.0,132.4,30.0,152.93,30.0,142.27,18.369999999999976,105.0,63.0,1.8073378212167472,168,42.0,-170.5,0.25
07:32:29,133.01,158.0,147.57,70.0,131.47,49.0,149.27,74.0,140.29,14.560000000000002,207.0,144.0,2.1192380706283913,351,63.0,169.5,0.18
07:32:30,133.41,27.0,145.15,65.0,132.96,134.0,146.15,65.0,139.28,11.740000000000009,161.0,130.0,2.2236838804112935,291,31.0,-60.0,0.11
07:32:31,133.0,96.0,142.7,50.0,130.0,12.0,143.9,50.0,137.85,9.699999999999989,108.0,100.0,2.307112914445533,208,8.0,-83.0,0.04
07:32:32,133.0,80.0,139.22,37.0,130.0,10.0,142.48,31.0,136.11,6.219999999999999,90.0,68.0,2.3442482803665894,158,22.0,-50.0,0.14
07:32:33,132.72,43.0,134.47,38.0,128.86,14.0,180.42,36.0,133.6,1.75,57.0,74.0,2.6546996063589128,131,-17.0,-27.0,-0.13
07:32:34,130.0,10.0,134.1,30.0,128.0,28.0,304.62,47.0,132.05,4.099999999999994,38.0,77.0,2.9710721970363783,115,-39.0,-16.0,-0.34
07:32:35,130.0,9.0,133.33,27.0,128.0,27.0,399.67,21.0,131.67,3.3300000000000125,36.0,48.0,2.6616874346930772,84,-12.0,-31.0,-0.14
07:32:36,130.0,15.0,131.83,29.0,128.0,45.0,186.74,38.0,130.91,1.8300000000000125,60.0,67.0,2.0606115597082835,127,-7.0,43.0,-0.06
07:32:37,130.31,16.0,186.45,49.0,128.38,26.0,278.0,32.0,158.38,56.139999999999986,42.0,81.0,11.812551375549752,123,-39.0,-4.0,-0.32
07:32:38,127.27,45.0,183.15,47.0,126.08,25.0,249.66,53.0,155.21,55.88000000000001,70.0,100.0,13.882311767137395,170,-30.0,47.0,-0.18
07:32:39,127.0,39.0,130.69,26.0,125.0,13.0,176.0,26.0,128.85,3.6899999999999977,52.0,52.0,14.495412377714597,104,0.0,-66.0,0.0
07:32:40,126.2,15.0,310.0,18.0,100.23,13.0,398.49,43.0,218.1,183.8,28.0,61.0,36.06628827589551,89,-33.0,-15.0,-0.37
07:32:41,119.0,10.0,209.36,28.0,72.94,16.0,419.62,39.0,164.18,90.36000000000001,26.0,67.0,32.66021172619671,93,-41.0,4.0,-0.44
07:32:42,115.0,10.0,124.06,52.0,99.67,55.0,149.46,13.0,119.53,9.060000000000002,65.0,65.0,38.678930052419986,130,0.0,37.0,0.0
07:32:43,115.0,6.0,124.09,11.0,101.69,26.0,140.14,7.0,119.55,9.090000000000003,32.0,18.0,42.254051521718,50,14.0,-80.0,0.28
07:32:48,103.89,9.0,379.0,8.0,80.14,14.0,553.5,16.0,241.44,275.11,23.0,24.0,58.98674961379039,47,-1.0,-70.0,-0.02
07:32:50,121.2,44.0,188.0,20.0,109.45,38.0,364.4,20.0,154.6,66.8,82.0,40.0,72.98315470024566,122,42.0,26.0,0.34
07:32:51,127.0,68.0,188.0,22.0,111.44,27.0,320.0,22.0,157.5,61.0,95.0,44.0,71.44224681517225,139,51.0,17.0,0.37
07:32:52,127.7,50.0,240.8,20.0,122.71,62.0,369.6,20.0,184.25,113.10000000000001,112.0,40.0,57.095014055519655,152,72.0,13.0,0.47
07:32:53,128.17,72.0,243.0,13.0,127.86,106.0,377.0,27.0,185.58,114.83000000000001,178.0,40.0,53.44861897186857,218,138.0,66.0,0.63
07:32:54,130.8,49.0,168.89,27.0,128.05,133.0,228.46,13.0,149.84,38.089999999999975,182.0,40.0,17.169507273069765,222,142.0,4.0,0.64
07:32:55,133.76,68.0,157.25,36.0,131.14,112.0,228.0,12.0,145.51,23.49000000000001,180.0,48.0,19.098155146505533,228,132.0,6.0,0.58
07:32:56,134.0,91.0,219.33,9.0,133.0,14.0,446.12,17.0,176.67,85.33000000000001,105.0,26.0,19.256096437232422,131,79.0,-97.0,0.6
07:32:57,135.0,78.0,201.38,8.0,133.0,12.0,203.62,16.0,168.19,66.38,90.0,24.0,17.17165018278662,114,66.0,-17.0,0.58
07:32:58,135.0,303.0,196.48,29.0,133.0,96.0,198.59,29.0,165.74,61.47999999999999,399.0,58.0,13.076866979517547,457,341.0,169.5,0.75
07:32:59,135.0,105.0,189.29,21.0,133.0,50.0,193.67,18.0,162.14,54.28999999999999,155.0,39.0,11.465598545213238,194,116.0,-170.5,0.6
07:33:00,135.85,142.0,189.47,43.0,134.64,55.0,190.39,23.0,162.66,53.620000000000005,197.0,66.0,5.8935515608158795,263,131.0,69.0,0.5
07:33:01,136.64,88.0,184.71,21.0,135.0,33.0,186.39,23.0,160.68,48.07000000000002,121.0,44.0,3.0328072803915354,165,77.0,-98.0,0.47
07:33:02,137.0,112.0,181.27,30.0,135.0,42.0,182.89,18.0,159.13,44.27000000000001,154.0,48.0,2.469696337608362,202,106.0,37.0,0.52
07:33:03,137.0,44.0,178.86,21.0,135.0,33.0,179.3,23.0,157.93,41.860000000000014,77.0,44.0,1.9918006928396,121,33.0,-81.0,0.27
07:33:04,137.0,32.0,172.83,18.0,135.0,24.0,174.21,14.0,154.92,35.83000000000001,56.0,32.0,2.915721180085042,88,24.0,-33.0,0.27
07:33:05,137.0,56.0,169.37,30.0,135.0,42.0,169.62,24.0,153.18,32.370000000000005,98.0,54.0,3.0709070321318395,152,44.0,64.0,0.29
07:33:06,136.64,44.0,153.51,39.0,134.15,47.0,160.6,35.0,145.07,16.870000000000005,91.0,74.0,5.545604565779754,165,17.0,13.0,0.1
07:33:07,135.0,40.0,144.73,55.0,133.0,100.0,146.23,53.0,139.86,9.72999999999999,140.0,108.0,7.485717734459249,248,32.0,83.0,0.13
07:33:08,135.0,18.0,139.88,26.0,133.0,45.0,140.71,17.0,137.44,4.8799999999999955,63.0,43.0,7.792828754694813,106,20.0,-142.0,0.19
07:33:09,133.41,44.0,137.48,33.0,132.56,63.0,138.18,28.0,135.45,4.069999999999993,107.0,61.0,7.11500175685143,168,46.0,62.0,0.27
07:33:10,132.75,57.0,135.71,24.0,131.86,42.0,136.34,32.0,134.23,2.960000000000008,99.0,56.0,4.290483655719861,155,43.0,-13.0,0.28
07:33:11,131.22,27.0,135.15,26.0,128.73,26.0,137.88,48.0,133.19,3.930000000000007,53.0,74.0,2.6598364611380605,127,-21.0,-28.0,-0.17
07:33:12,130.79,58.0,134.89,57.0,128.81,31.0,141.42,52.0,132.84,4.099999999999994,89.0,109.0,1.8712429024580073,198,-20.0,71.0,-0.1
07:33:13,131.0,42.0,135.34,41.0,130.0,15.0,144.83,36.0,133.17,4.340000000000003,57.0,77.0,1.0718115505999808,134,-20.0,-64.0,-0.15
07:33:14,132.0,71.0,139.31,39.0,131.0,13.0,165.17,36.0,135.65,7.310000000000002,84.0,75.0,1.15073020295791,159,9.0,25.0,0.06
07:33:15,132.0,26.0,139.0,39.0,131.0,23.0,264.67,27.0,135.5,7.0,49.0,66.0,1.3819008647509925,115,-17.0,-44.0,-0.15
07:33:16,131.42,62.0,139.0,39.0,130.88,48.0,266.0,26.0,135.21,7.5800000000000125,110.0,65.0,1.3553339071976045,175,45.0,60.0,0.26
07:33:17,131.0,68.0,139.0,36.0,130.0,12.0,266.0,24.0,135.0,8.0,80.0,60.0,1.0026614583195612,140,20.0,-35.0,0.14
07:33:18,134.5,24.0,138.62,24.0,130.97,29.0,266.0,16.0,136.56,4.1200000000000045,53.0,40.0,0.6010241259712391,93,13.0,-47.0,0.14
07:33:19,130.89,37.0,247.35,31.0,128.82,17.0,420.53,34.0,189.12,116.46000000000001,54.0,65.0,23.956917998774376,119,-11.0,26.0,-0.09
07:33:20,130.14,56.0,181.76,46.0,127.96,100.0,340.33,42.0,155.95,51.620000000000005,156.0,88.0,23.395926354816552,244,68.0,125.0,0.28
07:33:21,133.36,25.0,179.95,21.0,128.43,70.0,198.49,37.0,156.66,46.589999999999975,95.0,58.0,21.83621578937156,153,37.0,-91.0,0.24
07:33:22,133.77,35.0,149.27,37.0,129.8,50.0,178.22,27.0,141.52,15.5,85.0,64.0,20.524066848458663,149,21.0,-4.0,0.14
07:33:23,128.0,56.0,139.86,29.0,127.0,14.0,152.33,15.0,133.93,11.860000000000014,70.0,44.0,21.169183498661443,114,26.0,-35.0,0.23
07:33:24,128.02,95.0,139.0,22.0,127.65,34.0,140.0,55.0,133.51,10.97999999999999,129.0,77.0,11.403733160680332,206,52.0,92.0,0.25
07:33:25,128.0,87.0,139.0,18.0,127.0,33.0,158.0,33.0,133.5,11.0,120.0,51.0,10.011569806978352,171,69.0,-35.0,0.4
07:33:26,128.0,72.0,138.18,22.0,127.0,36.0,150.35,17.0,133.09,10.180000000000007,108.0,39.0,3.5955875736798144,147,69.0,-24.0,0.47
07:33:27,128.0,112.0,136.07,28.0,127.0,56.0,136.96,50.0,132.04,8.069999999999993,168.0,78.0,0.7203679615312872,246,90.0,99.0,0.37
07:33:28,128.0,19.0,135.3,20.0,127.0,36.0,136.47,34.0,131.65,7.300000000000011,55.0,54.0,0.8616089600281306,109,1.0,-137.0,0.01
07:33:29,129.71,28.0,218.35,48.0,128.59,17.0,224.79,42.0,174.03,88.63999999999999,45.0,90.0,18.556723040450873,135,-45.0,26.0,-0.33
07:33:30,133.0,16.0,341.58,24.0,131.0,8.0,337.38,24.0,237.29,208.57999999999998,24.0,48.0,46.00841010076308,72,-24.0,-63.0,-0.33
07:33:31,133.0,24.0,229.3,37.0,131.0,38.0,287.17,24.0,181.15,96.30000000000001,62.0,61.0,43.51035072255793,123,1.0,51.0,0.01
07:33:32,132.07,30.0,329.62,26.0,130.99,170.0,466.12,25.0,230.84,197.55,200.0,51.0,43.6961533776143,251,149.0,128.0,0.59
07:33:33,131.0,126.0,217.0,27.0,130.0,18.0,329.0,18.0,174.0,86.0,144.0,45.0,31.803953685037218,189,99.0,-62.0,0.52
07:33:34,131.0,84.0,234.33,18.0,130.0,12.0,329.0,12.0,182.67,103.33000000000001,96.0,30.0,30.274661847822387,126,66.0,-63.0,0.52
07:33:35,131.0,98.0,255.57,14.0,130.0,14.0,272.07,15.0,193.29,124.57,112.0,29.0,22.57332828804814,141,83.0,15.0,0.59
07:33:36,131.3,40.0,233.0,16.0,130.95,88.0,260.5,16.0,182.15,101.69999999999999,128.0,32.0,22.45295414861916,160,96.0,19.0,0.6
07:33:37,131.16,62.0,192.58,24.0,130.9,78.0,262.88,25.0,161.87,61.420000000000016,140.0,49.0,11.681441691845976,189,91.0,29.0,0.48
07:33:38,131.0,221.0,229.33,30.0,130.0,34.0,268.51,41.0,180.17,98.33000000000001,255.0,71.0,11.369881265870681,326,184.0,137.0,0.56
07:33:39,131.0,117.0,229.56,18.0,130.0,18.0,262.06,17.0,180.28,98.56,135.0,35.0,11.281038072801511,170,100.0,-156.0,0.59
07:33:40,131.0,130.0,226.64,22.0,130.0,22.0,254.0,11.0,178.82,95.63999999999999,152.0,33.0,8.351261581341948,185,119.0,15.0,0.64
07:33:41,131.0,88.0,186.86,21.0,130.0,22.0,192.67,18.0,158.93,55.860000000000014,110.0,39.0,10.668417408406894,149,71.0,-36.0,0.48
07:33:42,131.0,80.0,175.5,20.0,130.0,20.0,178.1,20.0,153.25,44.5,100.0,40.0,13.129990479813756,140,60.0,-9.0,0.43
07:33:43,131.0,64.0,173.38,16.0,130.0,16.0,175.62,16.0,152.19,42.379999999999995,80.0,32.0,13.81128270654112,112,48.0,-28.0,0.43
07:33:44,131.0,112.0,169.43,28.0,130.0,28.0,171.86,28.0,150.21,38.43000000000001,140.0,56.0,11.715673262770844,196,84.0,84.0,0.43
07:33:45,131.0,47.0,164.57,28.0,130.0,28.0,166.79,28.0,147.79,33.56999999999999,75.0,56.0,4.166182905250998,131,19.0,-65.0,0.15
07:33:46,135.2,45.0,160.12,34.0,134.2,74.0,162.06,34.0,147.66,24.920000000000016,119.0,68.0,2.525885983176266,187,51.0,56.0,0.27
07:33:47,137.0,30.0,151.1,20.0,135.0,60.0,157.29,28.0,144.05,14.099999999999994,90.0,48.0,3.061061907248338,138,42.0,-49.0,0.3
07:33:48,137.0,24.0,149.45,22.0,135.0,66.0,152.09,22.0,143.23,12.449999999999989,90.0,44.0,2.890954859558917,134,46.0,-4.0,0.34
07:33:49,135.38,42.0,147.07,28.0,133.77,39.0,148.29,28.0,141.23,11.689999999999998,81.0,56.0,2.8675634256294584,137,25.0,3.0,0.18
07:33:50,135.0,20.0,145.0,10.0,132.0,10.0,147.0,10.0,140.0,10.0,30.0,20.0,2.9466133102272014,50,10.0,-87.0,0.2
07:33:51,135.0,44.0,144.36,22.0,132.0,22.0,147.0,22.0,139.68,9.360000000000014,66.0,44.0,1.938780544571373,110,22.0,60.0,0.2
07:33:52,135.0,52.0,141.17,48.0,132.0,26.0,142.93,30.0,138.08,6.1699999999999875,78.0,78.0,1.9202161336705599,156,0.0,46.0,0.0
07:33:53,135.0,36.0,138.11,18.0,132.0,18.0,139.27,22.0,136.56,3.1100000000000136,54.0,40.0,1.8148553661405222,94,14.0,-62.0,0.15
07:33:54,131.92,25.0,134.7,20.0,130.96,55.0,135.7,20.0,133.31,2.780000000000001,80.0,40.0,2.7283291590292853,120,40.0,26.0,0.33
07:33:55,131.0,98.0,132.38,32.0,127.12,136.0,136.74,38.0,131.69,1.3799999999999955,234.0,70.0,3.3129337451886705,304,164.0,169.5,0.54
07:33:56,131.0,87.0,132.04,50.0,127.62,121.0,134.0,28.0,131.52,1.039999999999992,208.0,78.0,2.953535169929445,286,130.0,-18.0,0.45
07:33:57,131.0,112.0,132.71,28.0,130.0,70.0,138.83,48.0,131.86,1.710000000000008,182.0,76.0,2.119851409889469,258,106.0,-28.0,0.41
07:33:58,131.0,44.0,132.1,10.0,130.0,50.0,140.0,40.0,131.55,1.0999999999999943,94.0,50.0,0.7522831913651835,144,44.0,-114.0,0.31
07:33:59,129.83,42.0,136.0,22.0,128.49,74.0,154.52,42.0,132.92,6.1699999999999875,116.0,64.0,0.5815238602246675,180,52.0,36.0,0.29
07:34:00,128.0,54.0,243.21,42.0,127.0,112.0,347.9,48.0,185.61,115.21000000000001,166.0,90.0,23.998628502479228,256,76.0,76.0,0.3
07:34:01,129.27,52.0,334.75,80.0,125.13,62.0,579.29,56.0,232.01,205.48,114.0,136.0,45.102605800552176,250,-22.0,-6.0,-0.09
07:34:02,127.33,46.0,279.33,39.0,125.33,24.0,351.46,48.0,203.33,152.0,70.0,87.0,44.1650730781689,157,-17.0,-93.0,-0.11
07:34:03,127.88,17.0,317.75,24.0,125.44,18.0,629.29,28.0,222.82,189.87,35.0,52.0,39.22565703719946,87,-17.0,-70.0,-0.2
07:34:05,130.92,38.0,290.57,56.0,129.06,51.0,582.39,41.0,210.75,159.65,89.0,97.0,58.26293101106386,186,-8.0,95.0,-0.04
07:34:06,133.0,30.0,258.0,29.0,130.0,24.0,423.68,31.0,195.5,125.0,54.0,60.0,62.11595745056168,114,-6.0,-72.0,-0.05
07:34:07,133.0,28.0,170.73,33.0,130.0,33.0,399.42,38.0,151.86,37.72999999999999,61.0,71.0,72.22484420197797,132,-10.0,18.0,-0.08
07:34:08,134.83,48.0,258.0,24.0,133.5,16.0,524.0,32.0,196.42,123.16999999999999,64.0,56.0,73.3994122592272,120,8.0,-12.0,0.07
07:34:09,136.43,21.0,256.57,7.0,135.0,14.0,258.0,21.0,196.5,120.13999999999999,35.0,28.0,22.353558553393643,63,7.0,-57.0,0.11
07:34:10,137.0,30.0,236.6,25.0,135.0,20.0,340.55,22.0,186.8,99.6,50.0,47.0,19.19342804191057,97,3.0,34.0,0.03
07:34:11,137.0,15.0,243.5,8.0,135.0,10.0,363.75,16.0,190.25,106.5,25.0,24.0,18.639465657577183,49,1.0,-48.0,0.02
07:34:12,137.0,21.0,255.0,7.0,135.0,14.0,447.71,28.0,196.0,118.0,35.0,35.0,4.437361828834538,70,0.0,21.0,0.0
07:34:13,136.5,24.0,161.91,33.0,134.33,18.0,302.33,18.0,149.2,25.409999999999997,42.0,51.0,19.73499429946713,93,-9.0,23.0,-0.1
07:34:14,135.0,20.0,158.8,25.0,133.0,20.0,178.73,41.0,146.9,23.80000000000001,40.0,66.0,23.776080417091507,106,-26.0,13.0,-0.25
07:34:15,135.0,22.0,156.66,29.0,133.0,22.0,158.47,17.0,145.83,21.659999999999997,44.0,46.0,25.205549587342944,90,-2.0,-16.0,-0.02
07:34:16,135.0,18.0,154.09,22.0,133.0,18.0,155.63,19.0,144.55,19.090000000000003,36.0,41.0,22.149217367663496,77,-5.0,-13.0,-0.06
07:34:17,135.0,22.0,148.07,28.0,133.0,22.0,149.09,23.0,141.54,13.069999999999993,44.0,51.0,2.8411670137478575,95,-7.0,18.0,-0.07
07:34:18,135.0,18.0,143.95,19.0,133.0,18.0,145.36,22.0,139.47,8.949999999999989,36.0,41.0,3.0841968160299746,77,-5.0,-18.0,-0.06
07:34:19,135.0,28.0,140.7,33.0,133.0,28.0,141.85,40.0,137.85,5.699999999999989,56.0,73.0,3.350032835661452,129,-17.0,52.0,-0.13
07:34:20,134.71,14.0,136.05,21.0,132.73,22.0,139.95,21.0,135.38,1.3400000000000034,36.0,42.0,3.50103841738568,78,-6.0,-51.0,-0.08
07:34:21,131.13,54.0,133.83,24.0,130.58,36.0,134.7,30.0,132.48,2.700000000000017,90.0,54.0,3.5319300672593967,144,36.0,66.0,0.25
07:34:22,131.0,30.0,132.0,9.0,130.0,27.0,274.21,34.0,131.5,1.0,57.0,43.0,3.4016069731836125,100,14.0,-44.0,0.14
07:34:23,131.62,13.0,164.5,30.0,129.5,22.0,206.43,30.0,148.06,32.879999999999995,35.0,60.0,6.639584324339213,95,-25.0,-5.0,-0.26
07:34:24,134.28,78.0,183.8,50.0,132.14,21.0,513.11,19.0,159.04,49.52000000000001,99.0,69.0,11.929833192463759,168,30.0,73.0,0.18
07:34:25,135.0,109.0,187.0,30.0,133.0,24.0,266.0,6.0,161.0,52.0,133.0,36.0,14.066452289046056,169,97.0,1.0,0.57
07:34:26,135.0,142.0,187.0,40.0,133.0,32.0,498.38,8.0,161.0,52.0,174.0,48.0,12.720683943876914,222,126.0,53.0,0.57
07:34:27,135.0,208.0,203.91,55.0,133.0,52.0,310.95,20.0,169.45,68.91,260.0,75.0,7.6545280716714705,335,185.0,113.0,0.55
07:34:28,135.0,144.0,345.22,36.0,133.0,36.0,558.54,26.0,240.11,210.22000000000003,180.0,62.0,34.88611543293412,242,118.0,-93.0,0.49
07:34:29,136.75,40.0,349.5,32.0,135.0,128.0,529.74,23.0,243.12,212.75,168.0,55.0,42.76455459840546,223,113.0,-19.0,0.51
07:34:30,137.0,40.0,201.75,32.0,135.0,128.0,249.86,28.0,169.38,64.75,168.0,60.0,41.239061216278934,228,108.0,5.0,0.47
07:34:31,137.0,40.0,304.0,24.0,135.0,128.0,540.0,24.0,220.5,167.0,168.0,48.0,36.73218166676191,216,120.0,-12.0,0.56
07:34:32,137.0,60.0,223.35,23.0,135.0,192.0,477.31,32.0,180.17,86.35,252.0,55.0,34.100799550743666,307,197.0,91.0,0.64
07:34:33,137.0,50.0,234.62,13.0,135.0,160.0,236.03,37.0,185.81,97.62,210.0,50.0,30.86885857948105,260,160.0,-47.0,0.62
07:34:34,137.0,55.0,230.82,11.0,135.0,176.0,236.0,44.0,183.91,93.82,231.0,55.0,19.272888470595216,286,176.0,26.0,0.62
07:34:35,137.0,17.0,228.0,36.0,135.0,144.0,229.0,9.0,182.5,91.0,161.0,45.0,16.85306114627256,206,116.0,-80.0,0.56
07:34:36,137.0,11.0,192.36,14.0,135.0,176.0,217.22,23.0,164.68,55.360000000000014,187.0,37.0,8.489825086537548,224,150.0,18.0,0.67
07:34:37,137.0,9.0,143.73,15.0,135.0,144.0,145.56,9.0,140.37,6.72999999999999,153.0,24.0,19.334961339501106,177,129.0,-47.0,0.73
07:34:38,135.04,103.0,141.88,26.0,133.94,68.0,142.34,29.0,138.46,6.840000000000003,171.0,55.0,21.962853412068355,226,116.0,49.0,0.51
07:34:39,135.0,167.0,137.03,34.0,133.0,64.0,138.58,43.0,136.01,2.030000000000001,231.0,77.0,20.39904973276948,308,154.0,82.0,0.5
07:34:40,134.26,43.0,135.85,13.0,132.75,48.0,264.62,52.0,135.05,1.5900000000000034,91.0,65.0,12.344801740003865,156,26.0,-152.0,0.17
07:34:41,133.0,36.0,207.53,34.0,132.0,36.0,254.68,37.0,170.26,74.53,72.0,71.0,14.810420318140956,143,1.0,-13.0,0.01
07:34:42,132.07,14.0,157.69,26.0,131.19,37.0,312.45,22.0,144.88,25.620000000000005,51.0,48.0,14.668444702830717,99,3.0,-44.0,0.03
07:34:43,130.13,78.0,157.0,52.0,128.68,146.0,158.0,26.0,143.56,26.870000000000005,224.0,78.0,14.278013517293036,302,146.0,169.5,0.48
07:34:44,128.91,66.0,156.5,32.0,127.66,91.0,158.0,16.0,142.7,27.590000000000003,157.0,48.0,13.399884327859056,205,109.0,-97.0,0.53
07:34:45,129.46,338.0,156.0,52.0,127.92,157.0,158.0,26.0,142.73,26.539999999999992,495.0,78.0,12.014648559154901,573,417.0,169.5,0.73
07:34:46,131.0,338.0,155.0,26.0,127.0,129.0,156.0,52.0,143.0,24.0,467.0,78.0,0.9098791128510739,545,389.0,-28.0,0.71
07:34:47,132.0,390.0,153.45,44.0,127.02,143.0,155.39,46.0,142.73,21.44999999999999,533.0,90.0,0.3652807139757321,623,443.0,78.0,0.71
07:34:48,132.0,364.0,151.64,56.0,128.0,42.0,154.0,28.0,141.82,19.639999999999986,406.0,84.0,0.4505885040728363,490,322.0,-133.0,0.66
07:34:49,132.21,364.0,150.26,38.0,128.0,42.0,151.65,46.0,141.24,18.049999999999983,406.0,84.0,0.7439287600318809,490,322.0,0.0,0.66
07:34:50,133.0,388.0,146.33,60.0,128.0,45.0,149.5,40.0,139.67,13.330000000000013,433.0,100.0,1.3320548036783428,533,333.0,43.0,0.62
07:34:51,134.47,375.0,141.87,75.0,128.0,45.0,148.0,30.0,138.17,7.400000000000006,420.0,105.0,1.8114441752376793,525,315.0,-8.0,0.6
07:34:52,135.0,338.0,138.72,39.0,132.48,29.0,140.42,48.0,136.86,3.719999999999999,367.0,87.0,2.071465664693098,454,280.0,-71.0,0.62
07:34:53,135.05,230.0,138.55,47.0,134.33,72.0,144.08,63.0,136.8,3.5,302.0,110.0,1.9074511789302322,412,192.0,-42.0,0.47
07:34:54,136.82,33.0,140.0,55.0,135.0,132.0,217.45,11.0,138.41,3.180000000000007,165.0,66.0,1.196231582931283,231,99.0,-170.5,0.43
07:34:55,137.0,17.0,140.0,55.0,135.0,132.0,254.0,25.0,138.5,3.0,149.0,80.0,0.8469179417170686,229,69.0,-2.0,0.3
07:34:56,137.0,11.0,138.91,55.0,135.0,132.0,224.21,29.0,137.95,1.9099999999999966,143.0,84.0,0.8249424222345928,227,59.0,-2.0,0.26
07:34:57,135.12,51.0,170.0,19.0,134.8,40.0,304.86,7.0,152.56,34.879999999999995,91.0,26.0,6.5843093791226535,117,65.0,-110.0,0.56
07:34:58,135.0,78.0,282.27,15.0,133.0,7.0,333.45,11.0,208.63,147.26999999999998,85.0,26.0,30.496272723072295,111,59.0,-6.0,0.53
07:34:59,135.0,72.0,248.48,27.0,133.77,13.0,275.95,21.0,191.74,113.47999999999999,85.0,48.0,32.417100888265814,133,37.0,22.0,0.28
07:35:00,135.0,141.0,205.5,56.0,134.0,28.0,245.86,14.0,170.25,70.5,169.0,70.0,28.59872252391712,239,99.0,106.0,0.41
07:35:01,135.0,120.0,204.1,40.0,133.57,14.0,275.0,10.0,169.55,69.1,134.0,50.0,21.818298054614722,184,84.0,-55.0,0.46
07:35:02,134.97,124.0,202.57,46.0,132.27,41.0,205.23,43.0,168.77,67.6,165.0,89.0,17.83183725811799,254,76.0,70.0,0.3
07:35:03,133.14,14.0,202.0,52.0,132.01,181.0,203.0,39.0,167.57,68.86000000000001,195.0,91.0,10.202591827570322,286,104.0,32.0,0.36
07:35:04,135.44,34.0,202.0,28.0,133.73,11.0,203.0,21.0,168.72,66.56,45.0,49.0,1.004649192506798,94,-4.0,-170.5,-0.04
07:35:05,136.0,84.0,201.11,37.0,134.0,24.0,202.06,47.0,168.55,65.11000000000001,108.0,84.0,0.7078276626443509,192,24.0,98.0,0.12
07:35:06,136.0,49.0,199.25,36.0,134.0,24.0,202.0,48.0,167.62,63.25,73.0,84.0,0.6001083235588074,157,-11.0,-35.0,-0.07
07:35:07,136.24,25.0,198.0,52.0,133.92,26.0,199.0,39.0,167.12,61.75999999999999,51.0,91.0,0.6872626863176561,142,-40.0,-15.0,-0.28
07:35:08,135.0,9.0,196.44,36.0,133.0,18.0,199.0,27.0,165.72,61.44,27.0,63.0,1.2152695174341188,90,-36.0,-52.0,-0.4
07:35:09,135.0,10.0,193.85,39.0,133.0,20.0,198.23,31.0,164.42,58.849999999999994,30.0,70.0,1.6281216170804234,100,-40.0,10.0,-0.4
07:35:10,135.0,8.0,191.75,24.0,133.0,16.0,193.0,32.0,163.38,56.75,24.0,56.0,1.782728246257561,80,-32.0,-20.0,-0.4
07:35:11,135.0,15.0,188.75,52.0,133.0,30.0,191.42,53.0,161.88,53.75,45.0,105.0,2.0296502161713694,150,-60.0,70.0,-0.4
07:35:12,134.54,13.0,186.79,47.0,132.31,65.0,188.09,44.0,160.66,52.25,78.0,91.0,2.004025947936897,169,-13.0,19.0,-0.08
07:35:13,132.0,233.0,183.0,58.0,131.0,85.0,184.67,61.0,157.5,51.0,318.0,119.0,2.6873630197656984,437,199.0,169.5,0.46
07:35:14,132.0,117.0,180.89,27.0,131.0,45.0,182.0,36.0,156.44,48.889999999999986,162.0,63.0,2.928911060446205,225,99.0,-170.5,0.44
07:35:15,131.51,157.0,179.12,50.0,130.04,127.0,181.09,69.0,155.31,47.610000000000014,284.0,119.0,2.802181293207853,403,165.0,169.5,0.41
07:35:16,130.08,92.0,174.56,39.0,129.29,68.0,175.33,39.0,152.32,44.47999999999999,160.0,78.0,3.0488981616321533,238,82.0,-165.0,0.34
07:35:17,133.83,23.0,147.76,25.0,130.04,101.0,165.0,26.0,140.79,13.929999999999978,124.0,51.0,6.811245847860991,175,73.0,-63.0,0.42
07:35:18,135.0,77.0,145.13,23.0,132.0,11.0,146.09,33.0,140.07,10.129999999999995,88.0,56.0,7.958330855148161,144,32.0,-31.0,0.22
07:35:19,135.0,49.0,143.67,15.0,132.0,7.0,144.9,20.0,139.33,8.669999999999987,56.0,35.0,7.623416556899071,91,21.0,-53.0,0.23
07:35:20,135.0,70.0,141.1,20.0,132.0,10.0,142.28,25.0,138.05,6.099999999999994,80.0,45.0,5.795689777757475,125,35.0,34.0,0.28
07:35:21,131.89,140.0,137.17,42.0,130.05,84.0,137.95,38.0,134.53,5.280000000000001,224.0,80.0,2.46711977820335,304,144.0,169.5,0.47
07:35:22,131.0,131.0,132.65,34.0,130.0,140.0,135.53,36.0,131.82,1.6500000000000057,271.0,70.0,3.4857423886457792,341,201.0,37.0,0.59
07:35:23,130.26,116.0,132.51,35.0,129.29,93.0,253.23,35.0,131.39,2.25,209.0,70.0,3.585175030594996,279,139.0,-62.0,0.5
07:35:24,131.0,20.0,186.88,17.0,130.0,60.0,324.5,18.0,158.94,55.879999999999995,80.0,35.0,11.488438971418281,115,45.0,-164.0,0.39
07:35:25,131.26,19.0,246.65,23.0,130.19,52.0,363.8,15.0,188.96,115.39000000000001,71.0,38.0,25.050791803853304,109,33.0,-6.0,0.3
07:35:26,131.7,10.0,207.0,7.0,130.4,15.0,266.0,14.0,169.35,75.30000000000001,25.0,21.0,24.81687873202439,46,4.0,-63.0,0.09
07:35:27,130.0,26.0,163.0,15.0,128.0,30.0,323.53,19.0,146.5,33.0,56.0,34.0,21.92764168806132,90,22.0,44.0,0.24
07:35:28,130.0,22.0,288.24,21.0,128.0,33.0,393.89,18.0,209.12,158.24,55.0,39.0,24.800427012452957,94,16.0,4.0,0.17
07:35:29,133.0,36.0,272.05,21.0,130.21,38.0,406.29,17.0,202.52,139.05,74.0,38.0,25.578107826811724,112,36.0,18.0,0.32
07:35:30,133.0,24.0,248.0,16.0,132.0,40.0,283.73,11.0,190.5,115.0,64.0,27.0,25.672549931785255,91,37.0,-21.0,0.41
07:35:31,133.0,13.0,193.0,22.0,132.0,52.0,277.68,19.0,163.0,60.0,65.0,41.0,26.690479950724132,106,24.0,15.0,0.23
07:35:32,133.0,9.0,193.0,18.0,132.0,36.0,484.2,10.0,163.0,60.0,45.0,28.0,21.708309929610074,73,17.0,-33.0,0.23
07:35:33,133.91,33.0,192.8,20.0,132.33,18.0,466.6,10.0,163.35,58.890000000000015,51.0,30.0,18.778042496490585,81,21.0,8.0,0.26
07:35:34,133.0,9.0,190.4,30.0,132.0,36.0,297.5,16.0,161.7,57.400000000000006,45.0,46.0,12.420567619879751,91,-1.0,10.0,-0.01
07:35:35,133.0,19.0,189.63,76.0,132.0,76.0,406.71,34.0,161.32,56.629999999999995,95.0,110.0,0.9015985803031104,205,-15.0,114.0,-0.07
07:35:36,132.33,18.0,166.76,17.0,131.71,28.0,201.19,31.0,149.55,34.42999999999998,46.0,48.0,5.7841187747144405,94,-2.0,-111.0,-0.02
07:35:37,128.44,27.0,143.31,26.0,127.82,11.0,143.95,19.0,135.88,14.870000000000005,38.0,45.0,11.702390781374682,83,-7.0,-11.0,-0.08
07:35:38,128.0,12.0,141.0,8.0,127.0,4.0,143.0,16.0,134.5,13.0,16.0,24.0,13.180656281081076,40,-8.0,-43.0,-0.2
07:35:39,128.0,30.0,140.33,30.0,127.0,10.0,142.33,30.0,134.17,12.330000000000013,40.0,60.0,12.035394883426177,100,-20.0,60.0,-0.2
07:35:40,128.0,33.0,140.0,44.0,127.0,11.0,141.0,22.0,134.0,12.0,44.0,66.0,6.709951564653795,110,-22.0,10.0,-0.2
07:35:41,128.39,38.0,136.18,61.0,127.58,26.0,137.0,45.0,132.29,7.7900000000000205,64.0,106.0,1.2841612048333961,170,-42.0,60.0,-0.25
07:35:42,129.12,24.0,132.15,59.0,127.14,50.0,133.69,52.0,130.64,3.030000000000001,74.0,111.0,1.629463101760506,185,-37.0,15.0,-0.2
07:35:43,127.44,27.0,129.28,29.0,126.32,37.0,130.42,24.0,128.36,1.8400000000000034,64.0,53.0,2.4409977468237605,117,11.0,-68.0,0.09
07:35:44,126.18,67.0,128.12,41.0,115.77,47.0,129.14,42.0,127.15,1.9399999999999977,114.0,83.0,2.7962063586220447,197,31.0,80.0,0.16
07:35:45,126.0,27.0,127.86,21.0,89.5,12.0,134.14,21.0,126.93,1.8599999999999994,39.0,42.0,2.3239685884275763,81,-3.0,-116.0,-0.04
07:35:46,123.89,19.0,127.53,45.0,78.21,28.0,136.47,38.0,125.71,3.6400000000000006,47.0,83.0,1.8653337502972147,130,-36.0,49.0,-0.28
07:35:50,107.85,13.0,221.0,32.0,73.48,23.0,307.29,28.0,164.42,113.15,36.0,60.0,27.607656003362475,96,-24.0,46.0,-0.25
07:35:51,130.45,11.0,261.0,12.0,123.78,18.0,291.7,33.0,195.73,130.55,29.0,45.0,44.3218464191193,74,-16.0,-22.0,-0.22
07:35:54,115.0,14.0,125.0,16.0,94.55,11.0,325.25,32.0,120.0,10.0,25.0,48.0,77.93658819835528,73,-23.0,-36.0,-0.32
07:35:55,126.15,39.0,348.0,40.0,119.78,18.0,377.81,31.0,237.08,221.85,57.0,71.0,73.14108913599806,128,-14.0,55.0,-0.11
07:35:56,128.62,21.0,231.0,17.0,119.3,23.0,299.05,22.0,179.81,102.38,44.0,39.0,75.21198760835944,83,5.0,-45.0,0.06
07:35:57,128.0,2.0,211.0,2.0,59.0,2.0,289.0,6.0,169.5,83.0,4.0,8.0,68.23447647633863,12,-4.0,-71.0,-0.33
07:35:58,109.5,12.0,157.62,34.0,80.8,15.0,275.51,35.0,133.56,48.120000000000005,27.0,69.0,45.836354567090105,96,-42.0,84.0,-0.44
07:36:05,122.24,34.0,125.0,10.0,121.46,26.0,126.0,10.0,123.62,2.760000000000005,60.0,20.0,11.158228802098876,80,40.0,-80.0,0.5
07:36:06,125.0,48.0,304.81,27.0,117.59,27.0,381.43,35.0,214.91,179.81,75.0,62.0,44.39311748458306,137,13.0,57.0,0.09
07:36:07,127.41,37.0,260.23,44.0,126.44,41.0,441.3,44.0,193.82,132.82000000000002,78.0,88.0,46.87148674834198,166,-10.0,29.0,-0.06
07:36:08,134.69,45.0,318.81,26.0,132.44,34.0,411.42,43.0,226.75,184.12,79.0,69.0,50.857642788473825,148,10.0,-18.0,0.07
07:36:09,136.43,28.0,214.08,13.0,133.0,21.0,372.0,15.0,175.25,77.65,49.0,28.0,40.49859688927515,77,21.0,-71.0,0.27
07:36:10,137.0,22.0,180.67,15.0,133.0,30.0,182.75,20.0,158.83,43.66999999999999,52.0,35.0,27.831078311844273,87,17.0,10.0,0.2
07:36:11,136.33,15.0,176.4,20.0,132.85,41.0,178.68,22.0,156.37,40.06999999999999,56.0,42.0,29.074796301952063,98,14.0,11.0,0.14
07:36:12,132.0,20.0,172.56,16.0,130.0,20.0,174.0,14.0,152.28,40.56,40.0,30.0,30.808988623452137,70,10.0,-28.0,0.14
07:36:13,133.75,24.0,169.0,20.0,131.0,20.0,170.0,10.0,151.38,35.25,44.0,30.0,9.670479305598025,74,14.0,4.0,0.19
07:36:14,135.0,16.0,167.88,16.0,132.0,16.0,170.0,8.0,151.44,32.879999999999995,32.0,24.0,3.3654197360802773,56,8.0,-18.0,0.14
07:36:15,135.0,26.0,166.58,24.0,131.89,35.0,168.93,15.0,150.79,31.580000000000013,61.0,39.0,2.2536570280320554,100,22.0,44.0,0.22
07:36:16,135.0,20.0,164.7,10.0,132.0,110.0,165.82,17.0,149.85,29.69999999999999,130.0,27.0,0.8990939884116534,157,103.0,57.0,0.66
07:36:17,135.0,12.0,163.09,22.0,132.0,132.0,164.17,12.0,149.05,28.090000000000003,144.0,34.0,1.0328455838109736,178,110.0,21.0,0.62
07:36:18,135.0,15.0,161.75,24.0,132.0,165.0,162.82,17.0,148.38,26.75,180.0,41.0,1.2448975861482465,221,139.0,43.0,0.63
07:36:19,135.0,16.0,159.06,18.0,132.0,176.0,160.11,28.0,147.03,24.060000000000002,192.0,46.0,1.4311184437346913,238,146.0,17.0,0.61
07:36:20,135.0,9.0,156.86,14.0,132.0,99.0,157.36,11.0,145.93,21.860000000000014,108.0,25.0,1.5719160282907843,133,83.0,-105.0,0.62
07:36:21,132.43,28.0,154.14,7.0,131.65,68.0,155.25,8.0,143.29,21.70999999999998,96.0,15.0,2.2731212022233533,111,81.0,-22.0,0.73
07:36:22,132.0,68.0,153.51,35.0,131.0,104.0,154.9,20.0,142.76,21.50999999999999,172.0,55.0,2.408810909971391,227,117.0,116.0,0.52
07:36:23,132.07,46.0,151.43,44.0,131.06,77.0,152.85,26.0,141.75,19.360000000000014,123.0,70.0,2.230161429134011,193,53.0,-34.0,0.27
07:36:24,132.0,48.0,149.78,58.0,131.0,128.0,150.68,53.0,140.89,17.78,176.0,111.0,1.9178321094394406,287,65.0,94.0,0.23
07:36:25,132.0,24.0,147.0,34.0,131.0,76.0,147.84,19.0,139.5,15.0,100.0,53.0,1.510883847288318,153,47.0,-134.0,0.31
07:36:26,132.0,30.0,145.09,23.0,131.0,83.0,146.76,41.0,138.54,13.090000000000003,113.0,64.0,1.6946297530719368,177,49.0,24.0,0.28
07:36:27,132.0,30.0,142.1,50.0,131.0,80.0,144.0,20.0,137.05,10.099999999999994,110.0,70.0,1.8646795971417038,180,40.0,3.0,0.22
07:36:28,132.0,42.0,138.23,43.0,131.0,112.0,139.55,55.0,135.12,6.22999999999999,154.0,98.0,2.22758838208418,252,56.0,72.0,0.22
07:36:29,132.0,37.0,134.69,29.0,131.0,104.0,135.71,41.0,133.34,2.6899999999999977,141.0,70.0,2.5066710992861196,211,71.0,-41.0,0.34
07:36:30,131.53,17.0,133.68,37.0,130.79,66.0,147.0,33.0,132.6,2.1500000000000057,83.0,70.0,2.485940465899398,153,13.0,-58.0,0.08
07:36:31,131.35,110.0,139.11,79.0,130.43,148.0,210.44,41.0,135.23,7.760000000000019,258.0,120.0,1.7488767823937903,378,138.0,169.5,0.37
07:36:32,132.38,21.0,237.43,14.0,130.87,55.0,328.44,9.0,184.9,105.05000000000001,76.0,23.0,22.759007447601874,99,53.0,-170.5,0.54
07:36:33,131.0,48.0,194.33,33.0,130.0,84.0,349.17,12.0,162.67,63.33000000000001,132.0,45.0,23.32750458150203,177,87.0,78.0,0.49
07:36:34,131.0,32.0,172.0,32.0,130.0,56.0,344.5,8.0,151.5,41.0,88.0,40.0,21.474285785562202,128,48.0,-49.0,0.38
07:36:35,131.33,12.0,181.67,24.0,130.07,30.0,373.0,6.0,156.5,50.339999999999975,42.0,30.0,18.084964749758278,72,12.0,-56.0,0.17
07:36:36,133.0,6.0,230.0,24.0,131.0,6.0,314.8,10.0,181.5,97.0,12.0,34.0,14.99209725155226,46,-22.0,-26.0,-0.48
07:36:37,133.0,5.0,229.86,14.0,131.0,5.0,265.65,17.0,181.43,96.86000000000001,10.0,31.0,14.029716675685249,41,-21.0,-5.0,-0.51
07:36:38,133.46,13.0,208.23,13.0,131.96,25.0,246.55,29.0,170.85,74.76999999999998,38.0,42.0,13.915851752587804,80,-4.0,39.0,-0.05
07:36:39,135.0,5.0,203.6,5.0,133.0,5.0,264.0,15.0,169.3,68.6,10.0,20.0,10.344106051273927,30,-10.0,-50.0,-0.33
07:36:40,132.0,7.0,164.82,22.0,131.0,7.0,236.27,11.0,148.41,32.81999999999999,14.0,33.0,13.507326530442715,47,-19.0,17.0,-0.4
07:36:41,130.35,34.0,158.6,10.0,128.69,26.0,198.36,33.0,144.48,28.25,60.0,43.0,15.785909223101473,103,17.0,56.0,0.17
07:36:42,130.0,105.0,155.74,19.0,128.0,75.0,156.61,23.0,142.87,25.74000000000001,180.0,42.0,13.754838057934329,222,138.0,119.0,0.62
07:36:43,131.68,50.0,153.0,55.0,130.07,55.0,154.0,11.0,142.34,21.319999999999993,105.0,66.0,11.331912901183001,171,39.0,-51.0,0.23
07:36:44,133.0,56.0,152.43,70.0,131.0,56.0,154.0,14.0,142.71,19.430000000000007,112.0,84.0,2.5121644054473737,196,28.0,25.0,0.14
07:36:45,132.14,42.0,150.0,36.0,130.36,66.0,149.89,36.0,141.07,17.860000000000014,108.0,72.0,1.2230821722176282,180,36.0,-16.0,0.2
07:36:46,131.0,24.0,147.0,8.0,130.0,56.0,149.0,40.0,139.0,16.0,80.0,48.0,1.6150448910158766,128,32.0,-52.0,0.25
07:36:47,131.0,39.0,144.29,17.0,130.0,91.0,147.53,49.0,137.65,13.289999999999992,130.0,66.0,2.176724603618094,196,64.0,68.0,0.33
07:36:48,131.71,51.0,138.73,15.0,129.87,93.0,140.8,15.0,135.22,7.019999999999982,144.0,30.0,2.918706905462784,174,114.0,-22.0,0.66
07:36:49,132.3,37.0,136.5,10.0,129.5,48.0,142.83,30.0,134.4,4.199999999999989,85.0,40.0,2.73041571926252,125,45.0,-49.0,0.36
07:36:50,130.0,60.0,134.71,52.0,128.0,36.0,138.0,20.0,132.36,4.710000000000008,96.0,72.0,2.6346309039399727,168,24.0,43.0,0.14
07:36:51,130.0,42.0,132.5,30.0,128.0,30.0,247.0,20.0,131.25,2.5,72.0,50.0,2.5034036829874844,122,22.0,-46.0,0.18
07:36:52,129.83,23.0,131.0,18.0,127.64,33.0,206.71,21.0,130.41,1.1699999999999875,56.0,39.0,2.0432009201238746,95,17.0,-27.0,0.18
07:36:53,128.4,10.0,244.76,21.0,127.05,38.0,342.56,18.0,186.58,116.35999999999999,48.0,39.0,24.407768230626854,87,9.0,-8.0,0.1
07:36:54,128.0,11.0,305.65,51.0,127.0,66.0,454.32,25.0,216.82,177.64999999999998,77.0,76.0,39.9993053689686,153,1.0,66.0,0.01
07:36:55,127.14,29.0,265.14,35.0,126.49,49.0,274.0,31.0,196.14,138.0,78.0,66.0,39.35146439460676,144,12.0,-9.0,0.08
07:36:56,127.14,29.0,203.67,12.0,126.0,30.0,204.77,26.0,165.4,76.52999999999999,59.0,38.0,32.891913899923864,97,21.0,-47.0,0.22
07:36:57,128.0,40.0,202.14,28.0,127.0,50.0,203.73,22.0,165.07,74.13999999999999,90.0,50.0,21.882945871157432,140,40.0,43.0,0.29
07:36:58,129.49,63.0,199.37,49.0,128.04,81.0,200.13,31.0,164.43,69.88,144.0,80.0,23.886951877541954,224,64.0,84.0,0.29
07:36:59,132.78,54.0,196.05,40.0,130.36,33.0,196.02,42.0,164.41,63.27000000000001,87.0,82.0,14.009791219001201,169,5.0,-55.0,0.03
07:37:00,133.67,60.0,190.24,33.0,132.52,42.0,192.43,42.0,161.95,56.57000000000002,102.0,75.0,1.3548874492008494,177,27.0,8.0,0.15
07:37:01,135.0,60.0,185.28,47.0,134.0,80.0,187.79,56.0,160.14,50.28,140.0,103.0,2.0856653614618588,243,37.0,66.0,0.15
07:37:02,135.0,25.0,170.47,64.0,134.0,60.0,181.85,55.0,152.73,35.47,85.0,119.0,4.823610680807623,204,-34.0,-39.0,-0.17
07:37:03,133.18,79.0,135.64,77.0,132.75,48.0,142.52,69.0,134.41,2.4599999999999795,127.0,146.0,12.165538212508322,273,-19.0,69.0,-0.07
07:37:04,133.0,54.0,134.84,43.0,131.0,22.0,188.18,34.0,133.92,1.8400000000000034,76.0,77.0,13.650137361946179,153,-1.0,-120.0,-0.01
07:37:05,128.94,80.0,133.08,48.0,121.0,60.0,134.57,42.0,131.01,4.140000000000015,140.0,90.0,13.104295860518329,230,50.0,77.0,0.22
07:37:06,128.1,51.0,175.12,24.0,124.64,25.0,311.58,24.0,151.61,47.02000000000001,76.0,48.0,10.525814932821005,124,28.0,-106.0,0.23
07:37:07,133.0,5.0,303.0,10.0,128.0,15.0,472.33,24.0,218.0,170.0,20.0,34.0,36.80015692901322,54,-14.0,-70.0,-0.26
07:37:08,129.31,13.0,258.2,30.0,114.11,57.0,458.27,33.0,193.75,128.89,70.0,63.0,38.516153364530076,133,7.0,79.0,0.05
07:37:09,128.0,63.0,259.95,37.0,125.0,18.0,422.0,23.0,193.97,131.95,81.0,60.0,35.3802362909012,141,21.0,8.0,0.15
07:37:10,129.89,38.0,324.24,25.0,127.62,32.0,549.42,24.0,227.07,194.35000000000002,70.0,49.0,29.262298269274837,119,21.0,-22.0,0.18
07:37:11,131.45,66.0,383.0,55.0,128.99,73.0,476.27,22.0,257.23,251.55,139.0,77.0,26.394891172346373,216,62.0,97.0,0.29
07:37:12,133.88,48.0,382.82,34.0,131.0,48.0,468.36,22.0,258.35,248.94,96.0,56.0,31.972395593699417,152,40.0,-64.0,0.26
07:37:13,134.67,54.0,241.81,32.0,131.0,54.0,356.9,21.0,188.24,107.14000000000001,108.0,53.0,33.426916100651724,161,55.0,9.0,0.34
07:37:14,133.4,30.0,323.36,28.0,129.6,90.0,346.36,28.0,228.38,189.96,120.0,56.0,28.649239605965292,176,64.0,15.0,0.36
07:37:15,131.0,20.0,220.53,19.0,128.0,70.0,274.84,19.0,175.76,89.53,90.0,38.0,38.341305011697365,128,52.0,-48.0,0.41
07:37:16,128.0,24.0,170.89,36.0,125.0,16.0,207.21,14.0,149.44,42.889999999999986,40.0,50.0,43.279122911630346,90,-10.0,-38.0,-0.11
07:37:17,128.0,24.0,198.33,33.0,125.0,24.0,246.45,51.0,163.17,70.33000000000001,48.0,84.0,30.160744685766705,132,-36.0,42.0,-0.27
07:37:18,132.63,27.0,183.73,22.0,127.73,22.0,336.71,28.0,158.18,51.099999999999994,49.0,50.0,31.329602295592643,99,-1.0,-33.0,-0.01
07:37:19,133.0,22.0,179.36,22.0,129.11,27.0,180.36,22.0,156.18,46.360000000000014,49.0,44.0,9.827948921316326,93,5.0,-6.0,0.05
07:37:20,131.71,28.0,176.92,24.0,129.5,32.0,177.92,24.0,154.32,45.20999999999998,60.0,48.0,5.042739334925256,108,12.0,15.0,0.11
07:37:21,131.77,77.0,162.6,30.0,130.8,45.0,247.11,27.0,147.18,30.829999999999984,122.0,57.0,5.844234765989668,179,65.0,71.0,0.36
07:37:22,133.76,63.0,161.59,70.0,132.0,48.0,237.23,35.0,147.67,27.830000000000013,111.0,105.0,5.013390070601137,216,6.0,37.0,0.03
07:37:23,135.0,45.0,157.5,54.0,132.0,45.0,159.0,66.0,146.25,22.5,90.0,120.0,4.576751031026466,210,-30.0,-6.0,-0.14
07:37:24,136.31,48.0,155.5,80.0,132.56,48.0,158.5,80.0,145.91,19.189999999999998,96.0,160.0,3.4568960065355774,256,-64.0,46.0,-0.25
07:37:25,137.0,36.0,153.58,60.0,132.75,36.0,154.58,60.0,145.29,16.580000000000013,72.0,120.0,0.9615092303256668,192,-48.0,-64.0,-0.25
07:37:26,137.0,33.0,150.91,55.0,132.0,33.0,151.91,55.0,143.95,13.909999999999997,66.0,110.0,1.3595146192672583,176,-44.0,-16.0,-0.25
07:37:27,135.21,42.0,148.57,70.0,131.29,42.0,151.0,70.0,141.89,13.359999999999985,84.0,140.0,1.7793594353028666,224,-56.0,48.0,-0.25
07:37:28,132.0,27.0,146.44,45.0,130.56,27.0,147.67,45.0,139.22,14.439999999999998,54.0,90.0,2.730278374085904,144,-36.0,-80.0,-0.25
07:37:29,132.0,57.0,142.53,95.0,130.0,57.0,143.79,95.0,137.26,10.530000000000001,114.0,190.0,3.30500680786001,304,-76.0,160.0,-0.25
07:37:30,130.67,18.0,135.8,79.0,129.0,18.0,136.94,80.0,133.23,5.130000000000024,36.0,159.0,4.158214761168647,195,-123.0,-109.0,-0.63
07:37:31,125.62,40.0,130.59,46.0,92.0,20.0,132.45,44.0,128.11,4.969999999999999,60.0,90.0,5.398061689162181,150,-30.0,-45.0,-0.2
07:37:32,125.0,28.0,128.79,19.0,93.38,16.0,131.12,17.0,126.89,3.789999999999992,44.0,36.0,5.434065697063304,80,8.0,-70.0,0.1
07:37:33,125.0,60.0,126.6,50.0,119.9,30.0,127.55,44.0,125.8,1.5999999999999943,90.0,94.0,4.839728298158875,184,-4.0,104.0,-0.02
07:37:34,115.53,19.0,126.71,42.0,95.25,36.0,147.44,36.0,121.12,11.179999999999993,55.0,78.0,4.360819877041405,133,-23.0,-51.0,-0.17
07:37:40,114.14,28.0,233.14,7.0,113.0,28.0,439.67,9.0,173.64,118.99999999999999,56.0,16.0,26.143608587951267,72,40.0,-62.0,0.56
07:37:41,124.55,44.0,139.0,10.0,117.6,42.0,361.33,12.0,131.77,14.450000000000003,86.0,22.0,25.168627892676227,108,64.0,36.0,0.59
07:37:42,135.0,71.0,145.0,7.0,128.93,40.0,284.29,7.0,140.0,10.0,111.0,14.0,23.491150461397176,125,97.0,17.0,0.78
07:37:43,135.0,104.0,144.5,8.0,133.0,32.0,430.0,8.0,139.75,9.5,136.0,16.0,20.838166186111522,152,120.0,27.0,0.79
07:37:44,135.14,58.0,143.31,13.0,134.52,85.0,151.15,13.0,139.22,8.170000000000016,143.0,26.0,16.4406243798708,169,117.0,17.0,0.69
07:37:45,135.0,12.0,151.83,6.0,134.0,54.0,192.83,6.0,143.42,16.830000000000013,66.0,12.0,4.280160043736875,78,54.0,-91.0,0.69
07:37:46,135.0,12.0,208.5,6.0,134.0,54.0,396.12,8.0,171.75,73.5,66.0,14.0,14.029628291583574,80,52.0,2.0,0.65
07:37:47,135.0,6.0,231.0,3.0,134.0,27.0,522.0,9.0,183.0,96.0,33.0,12.0,20.489716201060542,45,21.0,-35.0,0.47
07:37:48,135.0,28.0,253.91,22.0,134.0,126.0,305.82,34.0,194.45,118.91,154.0,56.0,24.278656676183783,210,98.0,165.0,0.47
07:37:49,135.0,20.0,304.33,27.0,134.0,90.0,581.19,16.0,219.67,169.32999999999998,110.0,43.0,28.140102522912105,153,67.0,-57.0,0.44
07:37:50,134.03,74.0,227.0,25.0,133.2,45.0,470.91,22.0,180.51,92.97,119.0,47.0,18.521319607414707,166,72.0,13.0,0.43
07:37:51,134.0,88.0,302.0,33.0,133.0,44.0,513.64,11.0,218.0,168.0,132.0,44.0,18.75334716790592,176,88.0,10.0,0.5
07:37:52,133.23,52.0,293.14,14.0,132.18,61.0,385.12,25.0,213.19,159.91,113.0,39.0,17.04562348522357,152,74.0,-24.0,0.49
07:37:53,132.72,127.0,202.0,26.0,131.87,62.0,244.77,31.0,167.36,69.28,189.0,57.0,24.13396009775446,246,132.0,94.0,0.54
07:37:54,134.0,69.0,202.0,10.0,132.0,50.0,284.0,5.0,168.0,68.0,119.0,15.0,24.528947592589542,134,104.0,-112.0,0.78
07:37:55,134.0,78.0,202.0,16.0,132.0,80.0,271.64,11.0,168.0,68.0,158.0,27.0,26.242166450200035,185,131.0,51.0,0.71
07:37:56,134.0,106.0,184.08,24.0,132.02,123.0,204.73,15.0,159.04,50.08000000000001,229.0,39.0,21.61884409490952,268,190.0,83.0,0.71
07:37:57,134.0,26.0,135.0,4.0,133.0,12.0,174.0,8.0,134.5,1.0,38.0,12.0,14.417170318755483,50,26.0,-170.5,0.52
07:37:58,134.0,40.0,170.14,14.0,133.0,24.0,197.07,28.0,152.07,36.139999999999986,64.0,42.0,13.914184129872796,106,22.0,56.0,0.21
07:37:59,134.0,40.0,161.38,16.0,133.0,24.0,229.9,29.0,147.69,27.379999999999995,64.0,45.0,12.550444215246088,109,19.0,3.0,0.17
07:38:00,134.0,40.0,158.62,26.0,133.0,30.0,296.84,31.0,146.31,24.620000000000005,70.0,57.0,8.994696770875821,127,13.0,18.0,0.1
07:38:01,134.0,24.0,155.0,18.0,133.0,18.0,156.0,18.0,144.5,21.0,42.0,36.0,6.508381519241471,78,6.0,-49.0,0.08
07:38:02,134.0,48.0,153.0,31.0,133.0,36.0,153.92,37.0,143.5,19.0,84.0,68.0,3.353510101371994,152,16.0,74.0,0.11
07:38:03,134.0,52.0,148.55,31.0,133.0,39.0,150.43,35.0,141.27,14.550000000000011,91.0,66.0,2.4882986155210527,157,25.0,5.0,0.16
07:38:04,134.0,60.0,141.02,48.0,133.0,45.0,142.35,52.0,137.51,7.02000000000001,105.0,100.0,3.385981393924658,205,5.0,48.0,0.02
07:38:05,133.48,46.0,135.32,40.0,132.26,81.0,140.23,44.0,134.4,1.8400000000000034,127.0,84.0,4.224763898729005,211,43.0,6.0,0.2
07:38:06,132.08,89.0,139.14,49.0,131.67,60.0,173.72,47.0,135.61,7.059999999999974,149.0,96.0,3.834262640978556,245,53.0,34.0,0.22
07:38:07,132.06,32.0,137.29,28.0,131.29,17.0,140.0,28.0,134.67,5.22999999999999,49.0,56.0,2.834593445276383,105,-7.0,-140.0,-0.07
07:38:08,132.67,24.0,134.58,48.0,131.46,41.0,153.24,45.0,133.62,1.910000000000025,65.0,93.0,1.4928395761111424,158,-28.0,53.0,-0.18
07:38:09,131.82,34.0,133.33,24.0,130.61,23.0,186.91,33.0,132.58,1.5100000000000193,57.0,57.0,1.1409338280565013,114,0.0,-44.0,0.0
07:38:10,129.59,32.0,132.2,20.0,128.5,30.0,236.0,20.0,130.9,2.609999999999985,62.0,40.0,1.8329566279657608,102,22.0,-12.0,0.22
07:38:11,128.57,42.0,131.08,24.0,127.17,36.0,285.72,25.0,129.83,2.5100000000000193,78.0,49.0,1.968286056446952,127,29.0,25.0,0.23
07:38:12,128.0,12.0,130.0,8.0,127.0,12.0,236.0,10.0,129.0,2.0,24.0,18.0,1.9083186316764356,42,6.0,-85.0,0.14
07:38:13,127.46,39.0,129.23,26.0,118.12,32.0,248.15,26.0,128.35,1.769999999999996,71.0,52.0,1.6681336876891428,123,19.0,81.0,0.15
07:38:14,127.0,24.0,129.0,16.0,117.5,16.0,271.47,19.0,128.0,2.0,40.0,35.0,1.171336843099934,75,5.0,-48.0,0.07
07:38:15,129.55,29.0,231.0,20.0,119.62,13.0,324.11,19.0,180.28,101.44999999999999,42.0,39.0,23.035339589422254,81,3.0,6.0,0.04
07:38:16,133.76,46.0,253.0,56.0,132.94,158.0,443.71,14.0,193.38,119.24000000000001,204.0,70.0,32.31172109312665,274,134.0,169.5,0.49
07:38:17,134.29,14.0,241.48,23.0,132.68,157.0,430.7,20.0,187.88,107.19,171.0,43.0,32.651605167280934,214,128.0,-60.0,0.6
07:38:18,132.07,84.0,237.85,26.0,131.06,48.0,442.55,33.0,184.96,105.78,132.0,59.0,26.644646741888103,191,73.0,-23.0,0.38
07:38:19,132.0,108.0,153.25,48.0,127.0,12.0,264.17,24.0,142.62,21.25,120.0,72.0,20.24468028890574,192,48.0,1.0,0.25
07:38:20,132.0,126.0,155.29,56.0,127.0,14.0,454.21,28.0,143.64,23.289999999999992,140.0,84.0,25.166467372279488,224,56.0,32.0,0.25
07:38:21,132.0,99.0,155.73,44.0,127.55,11.0,173.4,40.0,143.86,23.72999999999999,110.0,84.0,23.604857974578177,194,26.0,-30.0,0.13
07:38:22,132.0,108.0,153.11,36.0,128.0,12.0,154.67,36.0,142.56,21.110000000000014,120.0,72.0,18.698227723503802,192,48.0,-2.0,0.25
07:38:23,132.0,90.0,150.6,40.0,128.0,10.0,154.0,20.0,141.3,18.599999999999994,100.0,60.0,1.0209211526877517,160,40.0,-32.0,0.25
07:38:24,132.0,75.0,148.38,52.0,128.0,15.0,150.32,38.0,140.19,16.379999999999995,90.0,90.0,1.5611213918223112,180,0.0,20.0,0.0
07:38:25,132.73,52.0,146.14,28.0,130.17,59.0,147.04,50.0,139.44,13.409999999999997,111.0,78.0,1.7810390225947128,189,33.0,9.0,0.17
07:38:26,129.17,36.0,144.0,46.0,125.28,109.0,146.15,26.0,136.58,14.830000000000013,145.0,72.0,2.2521500838098785,217,73.0,28.0,0.34
07:38:27,133.0,6.0,142.0,24.0,128.56,54.0,146.0,12.0,137.5,9.0,60.0,36.0,1.9368840956558693,96,24.0,-121.0,0.25
07:38:28,133.0,11.0,140.0,44.0,131.0,77.0,146.0,22.0,136.5,7.0,88.0,66.0,1.686511191781556,154,22.0,58.0,0.14
07:38:29,133.0,12.0,137.38,42.0,131.0,84.0,140.33,30.0,135.19,4.3799999999999955,96.0,72.0,1.572997139223154,168,24.0,14.0,0.14
07:38:30,132.0,14.0,134.0,32.0,130.27,60.0,163.89,18.0,133.0,2.0,74.0,50.0,1.745703296669836,124,24.0,-44.0,0.19
07:38:31,129.89,119.0,133.09,23.0,126.76,202.0,149.41,68.0,131.49,3.200000000000017,321.0,91.0,2.4752636223246323,412,230.0,169.5,0.56
07:38:32,127.0,142.0,129.36,25.0,126.0,208.0,131.88,34.0,128.18,2.3600000000000136,350.0,59.0,3.258706798716813,409,291.0,-3.0,0.71
07:38:33,127.0,101.0,146.19,42.0,126.0,176.0,304.54,26.0,136.6,19.189999999999998,277.0,68.0,3.2867263348205906,345,209.0,-64.0,0.61
07:38:34,131.3,64.0,220.6,30.0,126.86,115.0,342.46,39.0,175.95,89.29999999999998,179.0,69.0,19.74617254052049,248,110.0,-97.0,0.44
07:38:35,132.0,87.0,155.0,24.0,127.0,108.0,282.97,33.0,143.5,23.0,195.0,57.0,19.22837304610055,252,138.0,4.0,0.55
07:38:36,132.0,48.0,155.0,12.0,127.0,84.0,277.33,9.0,143.5,23.0,132.0,21.0,18.1272193124044,153,111.0,-99.0,0.73
07:38:37,132.0,104.0,153.15,27.0,127.0,182.0,255.25,24.0,142.57,21.150000000000006,286.0,51.0,15.654460386739876,337,235.0,169.5,0.7
07:38:38,132.04,67.0,150.0,55.0,127.88,136.0,152.0,11.0,141.02,17.960000000000008,203.0,66.0,14.927771769423867,269,137.0,-68.0,0.51
07:38:39,132.29,38.0,149.64,42.0,128.56,122.0,150.1,30.0,140.97,17.349999999999994,160.0,72.0,1.260900471887337,232,88.0,-37.0,0.38
07:38:40,132.67,27.0,144.03,29.0,128.96,69.0,147.6,30.0,138.35,11.360000000000014,96.0,59.0,1.9583845383390166,155,37.0,-77.0,0.24
07:38:41,132.0,42.0,140.34,68.0,127.11,131.0,141.4,42.0,136.17,8.340000000000003,173.0,110.0,2.5400944864324915,283,63.0,128.0,0.22
07:38:42,127.15,97.0,138.34,35.0,126.02,161.0,139.72,25.0,132.75,11.189999999999998,258.0,60.0,3.495199565118414,318,198.0,35.0,0.62
07:38:43,127.0,117.0,132.72,43.0,126.0,208.0,133.47,45.0,129.86,5.719999999999999,325.0,88.0,4.4100000000003305,413,237.0,95.0,0.57
07:38:44,127.0,108.0,129.45,40.0,126.0,192.0,131.48,44.0,128.22,2.4499999999999886,300.0,84.0,4.225440805407397,384,216.0,-29.0,0.56
07:38:45,127.0,60.0,245.56,18.0,126.0,176.0,290.74,34.0,186.28,118.56,236.0,52.0,24.57328895365871,288,184.0,-96.0,0.64
07:38:46,132.0,35.0,270.89,19.0,126.44,57.0,302.0,11.0,201.45,138.89,92.0,30.0,35.27660938922573,122,62.0,-166.0,0.51
07:38:47,134.0,65.0,348.03,29.0,129.0,45.0,446.57,28.0,241.02,214.02999999999997,110.0,57.0,48.43418090563746,167,53.0,45.0,0.32
07:38:48,134.39,31.0,350.9,29.0,132.29,28.0,405.0,26.0,242.64,216.51,59.0,55.0,47.019913015657785,114,4.0,-53.0,0.04
07:38:49,133.29,17.0,367.2,40.0,128.75,36.0,434.0,32.0,250.25,233.91,53.0,72.0,28.534871122891598,125,-19.0,11.0,-0.15
07:38:50,130.79,19.0,282.75,32.0,127.6,25.0,316.73,22.0,206.77,151.96,44.0,54.0,22.54784091659408,98,-10.0,-27.0,-0.1
07:38:51,130.0,12.0,280.42,48.0,127.0,60.0,375.76,34.0,205.21,150.42000000000002,72.0,82.0,21.459677770181784,154,-10.0,56.0,-0.06
07:38:52,130.0,8.0,229.0,32.0,127.0,40.0,360.0,20.0,179.5,99.0,48.0,52.0,29.209586268895194,100,-4.0,-54.0,-0.04
07:38:53,131.27,44.0,278.38,32.0,128.12,16.0,492.75,8.0,204.82,147.10999999999999,60.0,40.0,25.534982866648427,100,20.0,0.0,0.2
07:38:54,133.7,93.0,277.86,56.0,130.0,14.0,319.94,35.0,205.78,144.16000000000003,107.0,91.0,11.715401401575035,198,16.0,98.0,0.08
07:38:55,134.0,14.0,276.43,28.0,132.9,31.0,277.71,28.0,205.21,142.43,45.0,56.0,11.523073808668684,101,-11.0,-97.0,-0.11
07:38:56,131.9,21.0,273.43,65.0,128.19,81.0,275.0,68.0,202.67,141.53,102.0,133.0,11.295438459839708,235,-31.0,134.0,-0.13
07:38:57,127.18,17.0,270.89,36.0,126.43,14.0,273.0,45.0,199.03,143.70999999999998,31.0,81.0,2.7629096981311436,112,-50.0,-123.0,-0.45
07:38:58,129.93,14.0,230.18,49.0,116.29,28.0,258.24,29.0,180.06,100.25,42.0,78.0,10.673722405984982,120,-36.0,8.0,-0.3
07:38:59,131.59,17.0,204.08,66.0,130.86,28.0,205.3,66.0,167.83,72.49000000000001,45.0,132.0,16.272049655775504,177,-87.0,57.0,-0.49
07:39:00,132.0,8.0,201.0,20.0,129.14,14.0,203.0,16.0,166.5,69.0,22.0,36.0,16.990105061476857,58,-14.0,-119.0,-0.24
07:39:01,132.25,16.0,200.0,32.0,128.67,18.0,201.0,40.0,166.12,67.75,34.0,72.0,14.154817907695595,106,-38.0,48.0,-0.36
07:39:02,133.28,29.0,196.31,45.0,132.31,26.0,198.3,46.0,164.79,63.03,55.0,91.0,6.243856981066934,146,-36.0,40.0,-0.25
07:39:03,133.2,20.0,191.84,38.0,131.25,24.0,192.83,46.0,162.52,58.640000000000015,44.0,84.0,2.0114845264176155,128,-40.0,-18.0,-0.31
07:39:04,128.0,6.0,189.5,30.0,127.0,6.0,191.0,18.0,158.75,61.5,12.0,48.0,3.1926838239977724,60,-36.0,-68.0,-0.6
07:39:05,128.0,8.0,187.25,32.0,127.0,8.0,188.31,35.0,157.62,59.25,16.0,67.0,3.7002635041327228,83,-51.0,23.0,-0.61
07:39:06,132.76,41.0,183.55,42.0,127.82,11.0,184.54,41.0,158.15,50.79000000000002,52.0,83.0,3.133453366497761,135,-31.0,52.0,-0.23
07:39:07,133.0,33.0,180.24,41.0,128.0,11.0,181.41,49.0,156.62,47.24000000000001,44.0,90.0,2.2574919711963033,134,-46.0,-1.0,-0.34
07:39:08,100.33,80.0,141.56,57.0,63.37,104.0,172.6,52.0,120.94,41.230000000000004,184.0,109.0,16.496151975537018,293,75.0,159.0,0.26
07:39:12,97.77,13.0,123.0,15.0,30.39,38.0,124.0,15.0,110.38,25.230000000000004,51.0,30.0,5.396273714333431,81,21.0,-87.0,0.26
07:39:13,109.44,25.0,293.69,36.0,103.83,29.0,454.55,44.0,201.57,184.25,54.0,80.0,40.73645013989326,134,-26.0,53.0,-0.19
07:39:14,113.57,44.0,146.0,81.0,112.54,41.0,233.02,57.0,129.78,32.43000000000001,85.0,138.0,39.9808282805648,223,-53.0,89.0,-0.24
07:39:15,115.74,31.0,124.61,33.0,114.65,34.0,125.11,45.0,120.17,8.870000000000005,65.0,78.0,38.98116558031597,143,-13.0,-80.0,-0.09
07:39:16,118.39,28.0,221.1,30.0,116.44,27.0,282.83,29.0,169.75,102.71,55.0,59.0,38.24462249781024,114,-4.0,-29.0,-0.04
07:39:17,121.0,16.0,262.12,17.0,120.0,24.0,313.47,30.0,191.56,141.12,40.0,47.0,36.35215440658252,87,-7.0,-27.0,-0.08
07:39:18,122.6,20.0,244.13,15.0,120.0,30.0,263.71,42.0,183.37,121.53,50.0,57.0,32.13706162672649,107,-7.0,20.0,-0.07
07:39:19,124.64,28.0,155.38,13.0,121.78,27.0,234.51,35.0,140.01,30.739999999999995,55.0,48.0,30.077225935913987,103,7.0,-4.0,0.07
07:39:20,125.07,29.0,158.78,18.0,124.14,21.0,235.33,12.0,141.92,33.71000000000001,50.0,30.0,23.569689645814563,80,20.0,-23.0,0.25
07:39:21,127.28,29.0,157.55,22.0,114.86,28.0,160.0,11.0,142.41,30.27000000000001,57.0,33.0,25.386898786579206,90,24.0,10.0,0.27
07:39:22,128.88,80.0,157.0,36.0,105.35,65.0,175.5,18.0,142.94,28.120000000000005,145.0,54.0,18.61458164987906,199,91.0,109.0,0.46
07:39:23,133.35,43.0,157.0,14.0,130.0,35.0,342.0,7.0,145.17,23.650000000000006,78.0,21.0,1.8618941967823488,99,57.0,-100.0,0.58
07:39:24,133.79,53.0,156.75,16.0,132.79,56.0,399.39,23.0,145.27,22.960000000000008,109.0,39.0,1.5740933898635472,148,70.0,49.0,0.47
07:39:25,133.0,110.0,259.3,23.0,132.0,30.0,432.35,31.0,196.15,126.30000000000001,140.0,54.0,23.38109963196802,194,86.0,46.0,0.44
07:39:26,133.0,91.0,260.63,35.0,132.0,33.0,493.53,17.0,196.81,127.63,124.0,52.0,28.508704284832337,176,72.0,-18.0,0.41
07:39:27,133.04,56.0,176.74,47.0,132.31,39.0,223.06,36.0,154.89,43.70000000000002,95.0,83.0,26.60633232897797,178,12.0,2.0,0.07
07:39:28,133.0,42.0,169.04,25.0,132.0,21.0,198.44,25.0,151.02,36.03999999999999,63.0,50.0,25.474772226656285,113,13.0,-65.0,0.12
07:39:29,133.0,44.0,161.13,38.0,132.0,30.0,162.35,46.0,147.07,28.129999999999995,74.0,84.0,25.06810363789049,158,-10.0,45.0,-0.06
07:39:30,133.0,24.0,160.0,18.0,132.0,18.0,162.0,30.0,146.5,27.0,42.0,48.0,21.262706083657758,90,-6.0,-68.0,-0.07
07:39:31,133.0,56.0,159.71,42.0,132.0,42.0,162.0,70.0,146.36,26.710000000000008,98.0,112.0,3.7274616027552128,210,-14.0,120.0,-0.07
07:39:32,133.0,48.0,158.46,46.0,132.0,36.0,161.1,50.0,145.73,25.460000000000008,84.0,96.0,2.1138424728475274,180,-12.0,-30.0,-0.07
07:39:33,133.0,30.0,157.86,35.0,132.0,21.0,159.0,21.0,145.43,24.860000000000014,51.0,56.0,0.6489761166745042,107,-5.0,-73.0,-0.05
07:39:34,133.0,65.0,156.23,65.0,132.0,39.0,159.0,39.0,144.62,23.22999999999999,104.0,104.0,0.7602433820914403,208,0.0,101.0,0.0
07:39:35,133.0,54.0,153.69,55.0,132.0,39.0,154.83,53.0,143.35,20.689999999999998,93.0,108.0,1.1604180281319847,201,-15.0,-7.0,-0.07
07:39:36,131.64,22.0,136.96,27.0,130.73,11.0,147.65,37.0,134.3,5.320000000000022,33.0,64.0,4.777596676155619,97,-31.0,-104.0,-0.32
07:39:37,128.38,52.0,134.32,76.0,108.85,26.0,135.16,76.0,131.35,5.939999999999998,78.0,152.0,6.503533654868918,230,-74.0,133.0,-0.32
07:39:38,127.62,50.0,130.81,74.0,122.95,64.0,132.11,84.0,129.22,3.1899999999999977,114.0,158.0,7.021301161466578,272,-44.0,42.0,-0.16
07:39:39,127.85,33.0,129.8,60.0,126.95,38.0,133.0,45.0,128.82,1.950000000000017,71.0,105.0,5.967903316912154,176,-34.0,-96.0,-0.19
07:39:40,127.0,24.0,128.08,52.0,126.0,24.0,129.51,49.0,127.54,1.0800000000000125,48.0,101.0,2.648694017815253,149,-53.0,-27.0,-0.36
07:39:41,126.0,20.0,128.35,17.0,119.0,10.0,182.18,33.0,127.18,2.3499999999999943,30.0,50.0,1.649915149336446,80,-20.0,-69.0,-0.25
07:39:42,119.62,16.0,126.62,29.0,117.43,14.0,290.0,23.0,123.12,7.0,30.0,52.0,2.421999174237976,82,-22.0,2.0,-0.27
07:39:46,116.0,10.0,128.54,26.0,105.14,70.0,178.5,28.0,122.27,12.539999999999992,80.0,54.0,33.41744933414293,134,26.0,19.0,0.19
07:39:47,129.15,20.0,266.33,18.0,124.81,70.0,380.11,18.0,197.74,137.17999999999998,90.0,36.0,43.97940449801493,126,54.0,-8.0,0.43
07:39:48,128.0,120.0,258.1,20.0,127.0,70.0,427.9,20.0,193.05,130.10000000000002,190.0,40.0,44.843623069506954,230,150.0,104.0,0.65
07:39:49,128.0,84.0,248.57,14.0,127.0,49.0,512.71,14.0,188.29,120.57,133.0,28.0,41.49815236850939,161,105.0,-69.0,0.65
07:39:50,128.0,91.0,216.62,8.0,127.0,49.0,273.71,14.0,172.31,88.62,140.0,22.0,30.84989497551047,162,118.0,1.0,0.73
07:39:51,131.04,79.0,214.59,37.0,130.01,157.0,221.44,18.0,172.82,83.55000000000001,236.0,55.0,11.696130556728138,291,181.0,129.0,0.62
07:39:52,134.0,40.0,213.3,40.0,132.0,140.0,216.0,10.0,173.65,79.30000000000001,180.0,50.0,9.874648348170581,230,130.0,-61.0,0.57
07:39:53,134.0,20.0,211.41,17.0,132.0,112.0,212.0,23.0,172.71,77.41,132.0,40.0,6.9121183438962035,172,92.0,-58.0,0.53
07:39:54,132.11,110.0,207.78,49.0,131.56,108.0,209.35,23.0,169.94,75.66999999999999,218.0,72.0,1.3990818417894701,290,146.0,118.0,0.5
07:39:55,132.0,182.0,200.2,41.0,130.0,42.0,205.47,51.0,166.1,68.19999999999999,224.0,92.0,3.0976975320428783,316,132.0,26.0,0.42
07:39:56,132.04,81.0,155.48,25.0,131.37,57.0,168.87,30.0,143.76,23.439999999999998,138.0,55.0,12.356665003147986,193,83.0,-123.0,0.43
07:39:57,133.75,16.0,152.74,31.0,132.04,108.0,154.52,29.0,143.25,18.99000000000001,124.0,60.0,14.476379726990428,184,64.0,-9.0,0.35
07:39:58,136.07,30.0,149.03,37.0,132.02,159.0,150.32,28.0,142.55,12.960000000000008,189.0,65.0,13.676112386201586,254,124.0,70.0,0.49
07:39:59,137.0,32.0,143.64,50.0,132.0,208.0,145.09,46.0,140.32,6.639999999999986,240.0,96.0,10.648977885225118,336,144.0,82.0,0.43
07:40:00,132.79,76.0,138.67,27.0,131.74,106.0,139.41,34.0,135.73,5.8799999999999955,182.0,61.0,3.2879887469409996,243,121.0,-93.0,0.5
07:40:01,132.0,77.0,134.27,37.0,131.0,44.0,135.12,32.0,133.14,2.2700000000000102,121.0,69.0,4.399996590908863,190,52.0,-53.0,0.27
07:40:02,131.44,36.0,132.58,36.0,130.57,42.0,182.63,19.0,132.01,1.1400000000000148,78.0,55.0,4.553158244560417,133,23.0,-57.0,0.17
07:40:03,131.0,24.0,132.0,24.0,130.0,64.0,224.57,14.0,131.5,1.0,88.0,38.0,3.62032457108577,126,50.0,-7.0,0.4
07:40:04,130.0,31.0,255.14,14.0,128.03,62.0,328.77,13.0,192.57,125.13999999999999,93.0,27.0,26.648109689056984,120,66.0,-6.0,0.55
07:40:05,130.29,21.0,258.75,16.0,129.38,24.0,511.5,8.0,194.52,128.46,45.0,24.0,33.603227077172505,69,21.0,-51.0,0.3
07:40:06,132.14,14.0,255.29,14.0,130.21,19.0,447.77,13.0,193.71,123.15,33.0,27.0,33.8814635162064,60,6.0,-9.0,0.1
07:40:07,132.0,23.0,197.0,20.0,130.25,20.0,296.3,20.0,164.5,65.0,43.0,40.0,27.57558430931299,83,3.0,23.0,0.04
07:40:08,131.33,54.0,197.0,16.0,129.5,12.0,284.0,8.0,164.17,65.66999999999999,66.0,24.0,16.044485968706876,90,42.0,7.0,0.47
07:40:09,132.0,150.0,193.8,20.0,130.0,30.0,442.21,19.0,162.9,61.80000000000001,180.0,39.0,16.586405578063893,219,141.0,129.0,0.64
07:40:10,132.0,104.0,189.0,16.0,130.0,24.0,454.38,16.0,160.5,57.0,128.0,32.0,13.815763822533508,160,96.0,-59.0,0.6
07:40:14,134.0,25.0,346.78,18.0,132.1,62.0,456.14,42.0,240.39,212.77999999999997,87.0,60.0,65.09479917781505,147,27.0,-12.0,0.18
07:40:15,134.0,6.0,420.4,15.0,133.0,6.0,456.33,18.0,277.2,286.4,12.0,33.0,29.999104653307267,45,-21.0,-102.0,-0.47
07:40:16,134.0,6.0,404.0,14.0,133.0,6.0,432.11,18.0,269.0,270.0,12.0,32.0,26.656115058276526,44,-20.0,-1.0,-0.45
07:40:17,132.55,33.0,301.86,14.0,131.38,48.0,383.19,21.0,217.2,169.31,81.0,35.0,31.787832106012942,116,46.0,72.0,0.4
07:40:18,132.0,32.0,236.37,19.0,131.0,143.0,369.4,20.0,184.18,104.37,175.0,39.0,38.18298154937688,214,136.0,98.0,0.64
07:40:19,132.22,27.0,233.76,21.0,131.01,161.0,234.9,31.0,182.99,101.53999999999999,188.0,52.0,45.12922423441433,240,136.0,26.0,0.57
07:40:20,134.0,39.0,192.57,21.0,132.0,26.0,196.65,23.0,163.29,58.56999999999999,65.0,44.0,41.498691184181205,109,21.0,-131.0,0.19
07:40:21,134.25,48.0,190.3,20.0,132.86,42.0,191.96,52.0,162.28,56.05000000000001,90.0,72.0,22.2694537427398,162,18.0,53.0,0.11
07:40:22,136.21,38.0,185.9,60.0,134.27,45.0,187.35,34.0,161.06,49.69,83.0,94.0,11.741705583092356,177,-11.0,15.0,-0.06
07:40:23,136.0,18.0,161.22,36.0,132.55,22.0,178.0,22.0,148.61,25.22,40.0,58.0,12.338473568477518,98,-18.0,-79.0,-0.18
07:40:28,135.23,13.0,138.81,37.0,132.73,22.0,139.29,28.0,137.02,3.5800000000000125,35.0,65.0,2.480278210202417,100,-30.0,-64.0,-0.3
07:40:29,134.0,26.0,136.0,40.0,132.0,20.0,137.0,10.0,135.0,2.0,46.0,50.0,2.584515428470869,96,-4.0,-4.0,-0.04
07:40:30,132.96,23.0,134.68,38.0,131.4,40.0,135.94,32.0,133.82,1.7199999999999989,63.0,70.0,2.5210751674639016,133,-7.0,37.0,-0.05
07:40:31,131.0,52.0,176.86,29.0,129.0,126.0,325.32,25.0,153.93,45.860000000000014,178.0,54.0,8.172342381472074,232,124.0,99.0,0.53
07:40:32,129.57,56.0,178.07,30.0,128.88,41.0,180.13,30.0,153.82,48.5,97.0,60.0,10.249054590546688,157,37.0,-75.0,0.24
07:40:33,129.01,73.0,173.61,31.0,128.47,17.0,174.32,44.0,151.31,44.60000000000002,90.0,75.0,10.255326908490423,165,15.0,8.0,0.09
07:40:34,129.02,61.0,170.1,51.0,128.42,19.0,171.52,42.0,149.56,41.079999999999984,80.0,93.0,8.401021961643071,173,-13.0,8.0,-0.08
07:40:35,129.0,189.0,165.73,49.0,128.0,13.0,167.05,60.0,147.37,36.72999999999999,202.0,109.0,2.8145994386431825,311,93.0,138.0,0.3
07:40:36,129.0,133.0,163.1,49.0,128.0,11.0,164.32,38.0,146.05,34.099999999999994,144.0,87.0,3.0946356813055935,231,57.0,-80.0,0.25
07:40:37,131.43,101.0,160.31,45.0,128.9,61.0,162.04,52.0,145.87,28.879999999999995,162.0,97.0,2.3516419795557737,259,65.0,28.0,0.25
07:40:38,136.0,98.0,155.53,45.0,129.0,154.0,156.69,51.0,145.77,19.53,252.0,96.0,1.6088753836169065,348,156.0,89.0,0.45
07:40:39,136.0,70.0,151.27,30.0,129.0,110.0,152.93,30.0,143.63,15.27000000000001,180.0,60.0,1.3437708137952227,240,120.0,-108.0,0.5
07:40:40,136.0,84.0,148.32,37.0,129.0,132.0,149.45,47.0,142.16,12.319999999999993,216.0,84.0,1.7271884668464415,300,132.0,60.0,0.44
07:40:41,136.0,134.0,144.27,74.0,129.66,169.0,145.83,46.0,140.14,8.27000000000001,303.0,120.0,2.4428937758336415,423,183.0,123.0,0.43
07:40:42,136.0,64.0,143.14,51.0,133.29,42.0,144.44,32.0,139.57,7.139999999999986,106.0,83.0,2.546434762566297,189,23.0,-170.5,0.12
07:40:43,136.0,21.0,139.29,34.0,134.0,27.0,140.22,37.0,137.65,3.289999999999992,48.0,71.0,2.322982996064588,119,-23.0,-70.0,-0.19
07:40:44,136.0,68.0,137.3,40.0,134.0,51.0,138.14,65.0,136.65,1.3000000000000114,119.0,105.0,2.161094630043876,224,14.0,105.0,0.06
07:40:45,134.11,18.0,135.77,26.0,129.19,80.0,169.18,22.0,134.94,1.6599999999999966,98.0,48.0,2.12911953633507,146,50.0,-78.0,0.34
07:40:46,131.5,98.0,162.16,38.0,128.97,61.0,467.43,28.0,146.83,30.659999999999997,159.0,66.0,4.620077921421298,225,93.0,79.0,0.41
07:40:47,132.0,66.0,250.76,42.0,129.0,66.0,649.54,35.0,191.38,118.75999999999999,132.0,77.0,23.867349035869292,209,55.0,-16.0,0.26
07:40:48,132.05,40.0,306.71,70.0,129.07,85.0,542.69,65.0,219.38,174.65999999999997,125.0,135.0,37.70633010516962,260,-10.0,51.0,-0.04
07:40:49,133.67,12.0,351.67,45.0,132.0,12.0,451.13,46.0,242.67,218.00000000000003,24.0,91.0,46.072394663182344,115,-67.0,-145.0,-0.58
07:40:50,134.0,26.0,222.32,38.0,132.0,10.0,223.38,32.0,178.16,88.32,36.0,70.0,37.01862004451325,106,-34.0,-9.0,-0.32
07:40:51,134.0,108.0,200.55,44.0,132.0,12.0,220.7,40.0,167.27,66.55000000000001,120.0,84.0,30.897395844958204,204,36.0,98.0,0.18
07:40:52,134.1,50.0,182.61,46.0,133.78,45.0,192.11,37.0,158.35,48.51000000000002,95.0,83.0,36.213797508684955,178,12.0,-26.0,0.07
07:40:53,136.0,10.0,180.19,43.0,134.0,80.0,181.02,47.0,158.09,44.19,90.0,90.0,35.488081379528396,180,0.0,2.0,0.0
07:40:54,136.0,17.0,176.19,81.0,134.0,136.0,177.52,81.0,156.09,40.19,153.0,162.0,9.216627365800449,315,-9.0,135.0,-0.03
07:40:57,135.11,18.0,170.38,65.0,133.9,89.0,172.0,52.0,152.75,35.26999999999998,107.0,117.0,2.0474178860255425,224,-10.0,110.0,-0.04
07:40:58,134.0,12.0,154.28,50.0,133.0,36.0,162.19,36.0,144.14,20.28,48.0,86.0,4.7192287505498225,134,-38.0,-90.0,-0.28
07:40:59,129.78,45.0,149.79,71.0,129.28,121.0,154.81,64.0,139.78,20.00999999999999,166.0,135.0,6.683169158416876,301,31.0,167.0,0.1
07:41:00,130.44,32.0,145.0,72.0,129.0,176.0,145.96,76.0,137.72,14.560000000000002,208.0,148.0,7.516952174918566,356,60.0,55.0,0.17
07:41:01,131.0,28.0,141.0,69.0,129.0,142.0,142.56,57.0,136.0,10.0,170.0,126.0,6.6962392430386775,296,44.0,-60.0,0.15
07:41:02,128.88,24.0,138.98,58.0,127.29,52.0,141.1,40.0,133.93,10.099999999999994,76.0,98.0,3.9057112028424825,174,-22.0,-122.0,-0.13
07:41:03,129.0,39.0,135.6,53.0,128.0,13.0,136.68,50.0,132.3,6.599999999999994,52.0,103.0,2.9667793986085407,155,-51.0,-19.0,-0.33
07:41:04,129.0,41.0,130.15,26.0,128.0,13.0,132.0,39.0,129.58,1.1500000000000057,54.0,65.0,3.1711795912573324,119,-11.0,-36.0,-0.09
07:41:05,127.24,29.0,160.36,28.0,96.82,66.0,210.5,40.0,143.8,33.12000000000002,95.0,68.0,5.389268967124172,163,27.0,44.0,0.17
07:41:06,121.05,21.0,149.0,8.0,87.94,32.0,239.12,32.0,135.02,27.950000000000003,53.0,40.0,5.367129586660597,93,13.0,-70.0,0.14
07:41:07,111.29,28.0,245.88,34.0,77.23,57.0,455.75,40.0,178.58,134.58999999999997,85.0,74.0,20.131936816908894,159,11.0,66.0,0.07
07:41:08,126.36,11.0,206.0,12.0,120.1,20.0,351.44,25.0,166.18,79.64,31.0,37.0,20.95488296316672,68,-6.0,-91.0,-0.09
07:41:09,130.38,8.0,212.4,20.0,129.13,15.0,322.25,16.0,171.39,82.02000000000001,23.0,36.0,18.671643741246204,59,-13.0,-9.0,-0.22
07:41:10,131.8,10.0,330.46,24.0,73.0,18.0,533.23,30.0,231.13,198.65999999999997,28.0,54.0,34.79209752228264,82,-26.0,23.0,-0.32
07:41:12,130.38,52.0,161.69,13.0,116.0,16.0,318.43,21.0,146.04,31.310000000000002,68.0,34.0,56.416002782898715,102,34.0,60.0,0.33
07:41:13,131.0,36.0,159.0,9.0,123.0,41.0,363.78,9.0,145.0,28.0,77.0,18.0,60.215039400469,95,59.0,-7.0,0.62
07:41:14,131.91,35.0,158.3,10.0,128.92,48.0,202.0,10.0,145.11,26.390000000000015,83.0,20.0,63.86167653608877,103,63.0,8.0,0.61
07:41:15,131.0,15.0,157.2,5.0,127.0,30.0,202.0,5.0,144.1,26.19999999999999,45.0,10.0,61.69135109559544,55,35.0,-48.0,0.64
07:41:16,128.6,45.0,153.92,12.0,122.14,42.0,202.0,12.0,141.26,25.319999999999993,87.0,24.0,1.8340719724190482,111,63.0,56.0,0.57
07:41:17,127.0,24.0,152.0,6.0,95.5,6.0,362.55,22.0,139.5,25.0,30.0,28.0,2.4969741688717204,58,2.0,-53.0,0.03
07:41:18,127.0,36.0,151.78,9.0,98.0,9.0,623.86,28.0,139.39,24.78,45.0,37.0,2.6272552217118657,82,8.0,24.0,0.1
07:41:19,129.5,20.0,150.5,16.0,127.43,35.0,518.93,27.0,140.0,21.0,55.0,43.0,1.9626003159104752,98,12.0,16.0,0.12
07:41:20,133.22,23.0,147.66,35.0,127.88,34.0,148.9,20.0,140.44,14.439999999999998,57.0,55.0,0.7638193503778513,112,2.0,14.0,0.02
07:41:21,128.0,21.0,146.17,24.0,127.0,28.0,147.38,13.0,137.08,18.169999999999987,49.0,37.0,1.3004306978887081,86,12.0,-26.0,0.14
07:41:22,128.0,29.0,140.0,38.0,126.08,37.0,142.91,22.0,134.0,12.0,66.0,60.0,2.6723809608682054,126,6.0,40.0,0.05
07:41:23,129.0,16.0,135.7,37.0,111.2,20.0,137.31,13.0,132.35,6.699999999999989,36.0,50.0,3.5779575179158285,86,-14.0,-40.0,-0.16
07:41:24,109.45,33.0,133.08,50.0,61.3,60.0,134.33,51.0,121.27,23.63000000000001,93.0,101.0,7.263117099428391,194,-8.0,108.0,-0.04
07:41:25,132.5,26.0,134.25,12.0,123.27,22.0,142.83,24.0,133.38,1.75,48.0,36.0,6.046257520153154,84,12.0,-110.0,0.14
07:41:26,133.0,6.0,134.0,6.0,132.0,18.0,197.0,6.0,133.5,1.0,24.0,12.0,5.41663641017267,36,12.0,-48.0,0.33
07:41:27,132.12,17.0,209.82,11.0,130.12,16.0,421.45,11.0,170.97,77.69999999999999,33.0,22.0,18.973656210651946,55,11.0,19.0,0.2
07:41:28,132.0,12.0,240.4,5.0,130.33,12.0,467.0,5.0,186.2,108.4,24.0,10.0,27.927082375357706,34,14.0,-21.0,0.41
07:41:29,132.33,12.0,150.0,12.0,130.95,19.0,187.0,6.0,141.17,17.669999999999987,31.0,18.0,24.136562099852096,49,13.0,15.0,0.27
07:41:30,129.0,18.0,228.5,12.0,127.0,36.0,400.44,9.0,178.75,99.5,54.0,21.0,23.413311811873605,75,33.0,26.0,0.44
07:41:31,127.35,20.0,233.11,9.0,122.39,23.0,347.89,9.0,180.23,105.76000000000002,43.0,18.0,17.783761694310442,61,25.0,-14.0,0.41
07:41:32,129.74,19.0,138.0,7.0,127.67,9.0,266.14,7.0,133.87,8.259999999999991,28.0,14.0,24.509342708445292,42,14.0,-19.0,0.33
07:41:33,128.25,8.0,337.78,9.0,119.41,17.0,598.36,14.0,233.01,209.52999999999997,25.0,23.0,39.465228746328386,48,2.0,6.0,0.04
07:41:36,131.55,20.0,400.38,16.0,94.25,16.0,438.0,14.0,265.96,268.83,36.0,30.0,76.75072879132846,66,6.0,6.0,0.09
07:41:40,118.83,36.0,123.5,12.0,117.0,36.0,125.33,36.0,121.17,4.670000000000002,72.0,48.0,65.5301294825519,120,24.0,46.0,0.2
07:41:41,122.25,12.0,125.0,4.0,119.25,12.0,126.0,8.0,123.62,2.75,24.0,12.0,2.153980037049966,36,12.0,-84.0,0.33
07:41:42,123.0,24.0,125.12,8.0,120.0,24.0,135.75,16.0,124.06,2.1200000000000045,48.0,24.0,2.44186813731006,72,24.0,36.0,0.33
07:41:43,121.04,28.0,126.0,8.0,92.5,24.0,311.75,16.0,123.52,4.959999999999994,52.0,24.0,1.941386102765342,76,28.0,4.0,0.37
07:41:44,122.09,34.0,126.0,9.0,121.08,26.0,316.89,18.0,124.04,3.9099999999999966,60.0,27.0,1.2053298303828162,87,33.0,11.0,0.38
07:41:45,132.05,39.0,263.68,19.0,117.95,22.0,340.82,22.0,197.87,131.63,61.0,41.0,33.12152804446097,102,20.0,15.0,0.2
07:41:46,137.0,70.0,296.72,61.0,134.0,14.0,472.62,58.0,216.86,159.72000000000003,84.0,119.0,46.221011455830556,203,-35.0,101.0,-0.17
07:41:47,137.0,55.0,148.0,55.0,134.0,11.0,217.38,52.0,142.5,11.0,66.0,107.0,43.56825013699793,173,-41.0,-30.0,-0.24
07:41:48,136.96,27.0,148.0,35.0,133.71,7.0,229.14,14.0,142.48,11.039999999999992,34.0,49.0,40.189258515180654,83,-15.0,-90.0,-0.18
07:41:49,133.14,14.0,149.75,64.0,113.62,52.0,264.74,31.0,141.45,16.610000000000014,66.0,95.0,36.35130767936722,161,-29.0,78.0,-0.18
07:41:50,132.09,11.0,310.0,18.0,129.12,64.0,519.67,45.0,221.05,177.91,75.0,63.0,42.09969679225758,138,12.0,-23.0,0.09
07:41:51,133.71,7.0,310.0,14.0,132.0,21.0,535.12,24.0,221.86,176.29,28.0,38.0,43.44380818943044,66,-10.0,-72.0,-0.15
07:41:52,134.0,32.0,309.05,37.0,132.0,36.0,382.33,54.0,221.53,175.05,68.0,91.0,43.55463385220942,159,-23.0,93.0,-0.14
07:41:53,132.67,27.0,302.56,27.0,131.6,15.0,342.0,27.0,217.61,169.89000000000001,42.0,54.0,35.398685003825065,96,-12.0,-63.0,-0.12
07:41:54,129.15,177.0,298.4,53.0,71.61,61.0,403.56,59.0,213.77,169.24999999999997,238.0,112.0,3.461701893582324,350,126.0,169.5,0.36
07:41:55,129.0,120.0,296.47,34.0,76.69,52.0,297.71,31.0,212.74,167.47000000000003,172.0,65.0,4.2377199058020825,237,107.0,-113.0,0.45
07:41:56,129.0,110.0,293.06,32.0,54.6,60.0,294.29,28.0,211.03,164.06,170.0,60.0,4.221075692288746,230,110.0,-7.0,0.48
07:41:57,129.0,88.0,279.67,43.0,98.0,27.0,289.55,40.0,204.34,150.67000000000002,115.0,83.0,4.866135016625664,198,32.0,-32.0,0.16
07:41:58,133.32,50.0,228.33,27.0,128.23,44.0,231.23,22.0,180.83,95.01000000000002,94.0,49.0,13.754609045699159,143,45.0,-55.0,0.31
07:41:59,135.0,90.0,151.84,43.0,129.78,51.0,152.7,53.0,143.42,16.840000000000003,141.0,96.0,29.230444231999407,237,45.0,94.0,0.19
07:42:00,135.0,60.0,149.86,29.0,130.0,22.0,151.0,30.0,142.43,14.860000000000014,82.0,59.0,32.56204155147564,141,23.0,-96.0,0.16
07:42:01,135.0,54.0,147.0,18.0,130.0,27.0,148.0,27.0,141.0,12.0,81.0,45.0,28.790752508401454,126,36.0,-15.0,0.29
07:42:02,135.0,56.0,145.21,33.0,130.0,33.0,146.07,30.0,140.11,10.210000000000008,89.0,63.0,17.528016716104062,152,26.0,26.0,0.17
07:42:03,132.86,14.0,142.44,27.0,129.56,27.0,143.57,23.0,137.65,9.579999999999984,41.0,50.0,2.2296569242873243,91,-9.0,-61.0,-0.1
07:42:04,129.24,33.0,139.69,29.0,128.4,50.0,140.52,27.0,134.47,10.449999999999989,83.0,56.0,3.132621905053704,139,27.0,48.0,0.19
07:42:05,133.04,27.0,135.97,40.0,131.67,57.0,137.5,28.0,134.51,2.930000000000007,84.0,68.0,3.0493474711849764,152,16.0,13.0,0.11
07:42:06,130.84,45.0,134.2,20.0,129.78,46.0,135.0,16.0,132.52,3.359999999999985,91.0,36.0,3.0073443434402543,127,55.0,-25.0,0.43
07:42:07,130.0,106.0,131.72,36.0,129.0,90.0,133.22,36.0,130.86,1.7199999999999989,196.0,72.0,2.542315873376462,268,124.0,141.0,0.46
07:42:08,129.0,27.0,131.56,18.0,128.0,54.0,315.67,30.0,130.28,2.5600000000000023,81.0,48.0,1.9707536629477176,129,33.0,-139.0,0.26
07:42:09,128.89,37.0,350.85,33.0,127.99,67.0,576.5,20.0,239.87,221.96000000000004,104.0,53.0,48.24996652848603,157,51.0,28.0,0.32
07:42:10,128.0,44.0,332.64,55.0,127.0,11.0,492.73,33.0,230.32,204.64,55.0,88.0,57.00070876752343,143,-33.0,-14.0,-0.23
07:42:11,126.73,15.0,414.22,32.0,104.13,23.0,470.3,50.0,270.48,287.49,38.0,82.0,65.41580940414957,120,-44.0,-23.0,-0.37
07:42:12,115.83,12.0,202.0,8.0,99.75,12.0,449.0,40.0,158.92,86.17,24.0,48.0,58.83525966629215,72,-24.0,-48.0,-0.33
07:42:14,125.0,20.0,339.27,30.0,64.3,10.0,370.45,38.0,232.13,214.26999999999998,30.0,68.0,45.785776393985344,98,-38.0,11.0,-0.39
07:42:15,101.0,14.0,225.2,25.0,52.4,10.0,223.91,32.0,163.1,124.19999999999999,24.0,57.0,55.49139915338255,81,-33.0,-17.0,-0.41
07:42:19,104.67,9.0,278.67,3.0,0.0,0.0,329.2,10.0,191.67,174.0,9.0,13.0,37.302854716496114,22,-4.0,-22.0,-0.18
07:42:22,130.55,20.0,300.0,32.0,129.78,32.0,480.16,31.0,215.28,169.45,52.0,63.0,90.96249485364852,115,-11.0,98.0,-0.1
07:42:23,135.0,22.0,286.44,18.0,132.0,8.0,527.67,18.0,210.72,151.44,30.0,36.0,65.77029321813943,66,-6.0,-49.0,-0.09
07:42:24,131.92,26.0,270.38,16.0,129.5,8.0,509.26,19.0,201.15,138.46,34.0,35.0,63.7066532632192,69,-1.0,3.0,-0.01
07:42:25,131.0,24.0,268.0,12.0,128.0,18.0,520.67,18.0,199.5,137.0,42.0,30.0,40.78447535521368,72,12.0,3.0,0.17
07:42:26,132.25,32.0,238.9,20.0,131.38,26.0,292.71,17.0,185.57,106.65,58.0,37.0,11.49269898674927,95,21.0,23.0,0.22
07:42:27,134.29,34.0,222.89,18.0,133.33,36.0,333.32,19.0,178.59,88.6,70.0,37.0,12.877768828489902,107,33.0,12.0,0.31
07:42:28,135.44,18.0,224.43,14.0,134.17,24.0,434.7,20.0,179.94,88.99000000000001,42.0,34.0,10.72469813095104,76,8.0,-31.0,0.11
07:42:29,136.0,24.0,209.83,12.0,135.0,12.0,214.83,12.0,172.92,73.83000000000001,36.0,24.0,10.109536586808678,60,12.0,-16.0,0.2
07:42:30,136.38,32.0,209.0,16.0,135.0,16.0,211.0,16.0,172.69,72.62,48.0,32.0,5.371272661113168,80,16.0,20.0,0.2
07:42:31,137.0,20.0,207.8,10.0,135.0,10.0,426.6,10.0,172.4,70.80000000000001,30.0,20.0,3.6482831578731663,50,10.0,-30.0,0.2
07:42:32,137.0,44.0,205.64,22.0,135.0,22.0,500.9,21.0,171.32,68.63999999999999,66.0,43.0,3.456946629617031,109,23.0,59.0,0.21
07:42:33,137.0,36.0,205.0,18.0,135.0,18.0,487.11,19.0,171.0,68.0,54.0,37.0,0.854856713151379,91,17.0,-18.0,0.19
07:42:34,137.0,32.0,196.0,16.0,135.0,16.0,282.75,16.0,166.5,59.0,48.0,32.0,2.4965416079087372,80,16.0,-11.0,0.2
07:42:35,137.0,32.0,191.31,26.0,135.0,26.0,195.0,26.0,164.15,54.31,58.0,52.0,3.5597584187721183,110,6.0,30.0,0.05
07:42:36,137.0,20.0,188.9,20.0,135.0,20.0,191.0,20.0,162.95,51.900000000000006,40.0,40.0,3.849289544840496,80,0.0,-30.0,0.0
07:42:37,137.0,18.0,186.5,24.0,135.0,24.0,188.0,24.0,161.75,49.5,42.0,48.0,3.6528413598208225,90,-6.0,10.0,-0.07
07:42:38,130.21,33.0,183.5,20.0,128.54,26.0,184.52,23.0,156.86,53.28999999999999,59.0,43.0,3.5805125331461243,102,16.0,12.0,0.16
07:42:39,129.14,28.0,170.4,20.0,127.67,18.0,183.38,26.0,149.77,41.26000000000002,46.0,46.0,5.903683595859029,92,0.0,-10.0,0.0
07:42:40,131.08,24.0,149.9,31.0,127.68,22.0,152.53,43.0,140.49,18.819999999999993,46.0,74.0,9.328653707797974,120,-28.0,28.0,-0.23
07:42:41,136.0,59.0,146.13,45.0,128.0,17.0,147.82,39.0,141.07,10.129999999999995,76.0,84.0,9.425487785786537,160,-8.0,40.0,-0.05
07:42:42,132.59,17.0,138.09,35.0,115.29,17.0,139.4,30.0,135.34,5.5,34.0,65.0,8.545187534513733,99,-31.0,-61.0,-0.31
07:42:43,129.41,34.0,133.7,44.0,127.5,24.0,134.94,32.0,131.56,4.289999999999992,58.0,76.0,6.8767819508841805,134,-18.0,35.0,-0.13
07:42:44,127.6,60.0,131.17,36.0,118.95,40.0,132.45,22.0,129.38,3.569999999999993,100.0,58.0,5.217889420062921,158,42.0,24.0,0.27
07:42:45,128.12,108.0,130.77,31.0,126.21,86.0,296.09,34.0,129.45,2.6500000000000057,194.0,65.0,4.943000101153495,259,129.0,101.0,0.5
07:42:46,128.93,61.0,130.0,15.0,127.76,34.0,133.13,30.0,129.47,1.0699999999999932,95.0,45.0,2.5743445767810913,140,50.0,-119.0,0.36
07:42:47,130.07,28.0,136.43,47.0,127.0,32.0,276.11,35.0,133.25,6.360000000000014,60.0,82.0,1.7341770382524277,142,-22.0,2.0,-0.15
07:42:48,130.96,57.0,136.0,30.0,128.11,35.0,433.59,34.0,133.48,5.039999999999992,92.0,64.0,2.155256365261953,156,28.0,14.0,0.18
07:42:49,131.73,37.0,137.86,28.0,129.79,28.0,576.29,28.0,134.79,6.130000000000024,65.0,56.0,2.4699028320974037,121,9.0,-35.0,0.07
07:42:50,132.71,14.0,136.89,27.0,131.71,14.0,137.82,22.0,134.8,4.179999999999978,28.0,49.0,2.1836368745749306,77,-21.0,-44.0,-0.27
07:42:51,131.89,18.0,134.23,31.0,129.92,25.0,135.68,31.0,133.06,2.3400000000000034,43.0,62.0,0.8520152580815384,105,-19.0,28.0,-0.18
07:42:52,131.69,13.0,134.2,20.0,128.75,24.0,141.0,10.0,132.95,2.509999999999991,37.0,30.0,0.9153305413913171,67,7.0,-38.0,0.1
07:42:53,131.14,21.0,138.36,11.0,128.07,83.0,157.29,21.0,134.75,7.220000000000027,104.0,32.0,0.9731649397732451,136,72.0,69.0,0.53
07:42:54,134.89,36.0,138.0,10.0,128.93,41.0,237.3,20.0,136.44,3.1100000000000136,77.0,30.0,1.4441433446871088,107,47.0,-29.0,0.44
07:42:55,131.0,20.0,137.0,10.0,129.0,20.0,462.0,20.0,134.0,6.0,40.0,30.0,1.4330212838628609,70,10.0,-37.0,0.14
07:42:56,128.58,24.0,134.29,7.0,127.84,38.0,452.5,12.0,131.43,5.7099999999999795,62.0,19.0,1.8832498506580944,81,43.0,11.0,0.53
07:42:57,128.17,36.0,132.44,9.0,127.17,48.0,458.65,17.0,130.31,4.27000000000001,84.0,26.0,2.4925950332942928,110,58.0,29.0,0.53
07:42:58,128.0,12.0,131.0,2.0,126.0,8.0,462.0,4.0,129.5,3.0,20.0,6.0,2.85394989444501,26,14.0,-84.0,0.54
07:42:59,128.15,39.0,174.33,18.0,126.86,42.0,218.52,27.0,151.24,46.18000000000001,81.0,45.0,9.073181911545957,126,36.0,100.0,0.29
07:43:00,128.0,18.0,196.0,12.0,124.0,12.0,304.0,5.0,162.0,68.0,30.0,17.0,14.865349979062334,47,13.0,-79.0,0.28
07:43:01,128.0,42.0,182.57,23.0,124.0,36.0,213.29,17.0,155.28,54.56999999999999,78.0,40.0,14.895001846257419,118,38.0,71.0,0.32
07:43:02,128.0,28.0,173.0,14.0,124.0,28.0,195.0,7.0,150.5,45.0,56.0,21.0,12.180701129246,77,35.0,-41.0,0.45
07:43:03,125.54,26.0,171.46,13.0,109.6,40.0,175.2,20.0,148.5,45.92,66.0,33.0,5.350839186521812,99,33.0,22.0,0.33
07:43:04,130.67,36.0,151.86,14.0,106.0,44.0,162.81,16.0,141.26,21.190000000000026,80.0,30.0,7.736208373616631,110,50.0,11.0,0.45
07:43:05,114.31,39.0,135.07,15.0,99.53,45.0,143.11,9.0,124.69,20.75999999999999,84.0,24.0,11.938504093897645,108,60.0,-2.0,0.56
07:43:06,111.8,60.0,125.25,16.0,49.5,36.0,128.25,16.0,118.53,13.450000000000003,96.0,32.0,14.360209956682581,128,64.0,20.0,0.5
07:43:12,111.43,74.0,126.0,20.0,107.48,46.0,295.5,48.0,118.72,14.569999999999993,120.0,68.0,7.312525555509942,188,52.0,136.0,0.28
07:43:13,116.6,20.0,125.47,17.0,116.04,45.0,249.27,22.0,121.04,8.870000000000005,65.0,39.0,8.59417418953018,104,26.0,-84.0,0.25
07:43:14,119.0,16.0,125.0,24.0,118.0,8.0,126.0,16.0,122.0,6.0,24.0,40.0,8.874831266001017,64,-16.0,-40.0,-0.25
07:43:15,121.1,10.0,125.67,18.0,119.29,14.0,275.41,34.0,123.38,4.570000000000007,24.0,52.0,5.840366426859894,76,-28.0,12.0,-0.37
07:43:16,123.11,18.0,126.0,18.0,122.11,18.0,304.0,45.0,124.56,2.8900000000000006,36.0,63.0,2.242766149199352,99,-27.0,23.0,-0.27
07:43:17,124.75,40.0,137.33,18.0,123.38,16.0,290.97,39.0,131.04,12.580000000000013,56.0,57.0,3.943511125887214,113,-1.0,14.0,-0.01
07:43:18,127.89,38.0,177.0,40.0,128.42,38.0,352.4,50.0,152.45,49.11,76.0,90.0,12.650584176234739,166,-14.0,53.0,-0.08
07:43:19,134.85,26.0,315.7,63.0,133.45,44.0,392.8,49.0,225.27,180.85,70.0,112.0,42.94734275831296,182,-42.0,16.0,-0.23
07:43:20,134.33,15.0,264.0,35.0,133.31,32.0,436.11,27.0,199.17,129.67,47.0,62.0,43.97447975815096,109,-15.0,-73.0,-0.14
07:43:21,133.5,30.0,336.62,40.0,132.43,35.0,372.9,41.0,235.06,203.12,65.0,81.0,45.37323407031999,146,-16.0,37.0,-0.11
07:43:22,136.0,7.0,314.41,29.0,133.06,32.0,315.6,30.0,225.21,178.41000000000003,39.0,59.0,33.49939880057644,98,-20.0,-48.0,-0.2
07:43:23,133.17,35.0,310.64,47.0,131.46,26.0,312.06,48.0,221.9,177.47,61.0,95.0,13.327425482818226,156,-34.0,58.0,-0.22
07:43:24,133.84,172.0,304.51,55.0,131.91,33.0,307.28,53.0,219.18,170.67,205.0,108.0,13.153563395524106,313,97.0,157.0,0.31
07:43:25,134.0,296.0,300.82,33.0,133.0,30.0,302.3,40.0,217.41,166.82,326.0,73.0,6.974071264338655,399,253.0,86.0,0.63
07:43:26,134.32,488.0,263.1,59.0,133.15,39.0,266.88,66.0,198.71,128.78000000000003,527.0,125.0,10.362396923495474,652,402.0,169.5,0.62
07:43:27,135.0,300.0,206.02,43.0,134.0,12.0,217.49,41.0,170.51,71.02000000000001,312.0,84.0,21.612183369573287,396,228.0,-170.5,0.58
07:43:28,135.42,300.0,168.76,42.0,134.0,24.0,170.0,48.0,152.09,33.34,324.0,90.0,29.509281590713954,414,234.0,18.0,0.57
07:43:29,136.0,400.0,165.23,56.0,134.0,80.0,166.39,57.0,150.62,29.22999999999999,480.0,113.0,29.406877086831894,593,367.0,169.5,0.62
07:43:30,136.0,354.0,161.8,60.0,134.0,75.0,162.93,56.0,148.9,25.80000000000001,429.0,116.0,21.189082802236342,545,313.0,-48.0,0.57
07:43:31,136.18,374.0,158.48,66.0,134.0,85.0,159.87,62.0,147.33,22.299999999999983,459.0,128.0,9.461646262676469,587,331.0,42.0,0.56
07:43:38,136.0,63.0,388.53,38.0,134.0,45.0,582.38,37.0,262.26,252.52999999999997,108.0,75.0,54.070404751583176,183,33.0,-7.0,0.18
07:43:39,136.0,77.0,242.02,53.0,134.0,55.0,414.0,46.0,189.01,106.02000000000001,132.0,99.0,53.240327102676936,231,33.0,48.0,0.14
07:43:40,136.0,70.0,250.53,38.0,134.0,50.0,283.89,36.0,193.26,114.53,120.0,74.0,49.926920894443754,194,46.0,-37.0,0.24
07:43:41,136.0,32.0,248.53,19.0,134.0,40.0,249.68,37.0,192.26,112.53,72.0,56.0,42.640685618315906,128,16.0,-66.0,0.12
07:43:42,135.38,64.0,204.56,39.0,133.75,63.0,247.38,48.0,169.97,69.18,127.0,87.0,35.33795509080933,214,40.0,86.0,0.19
07:43:43,134.0,60.0,214.33,36.0,132.0,24.0,245.0,30.0,174.17,80.33000000000001,84.0,66.0,10.864981822352146,150,18.0,-64.0,0.12
07:43:44,134.0,25.0,242.0,10.0,132.0,10.0,243.0,25.0,188.0,108.0,35.0,35.0,10.75116133262088,70,0.0,-80.0,0.0
07:43:45,134.0,65.0,239.21,38.0,132.92,26.0,240.84,38.0,186.61,105.21000000000001,91.0,76.0,9.596164337903003,167,15.0,97.0,0.09
07:43:46,134.0,28.0,236.26,19.0,133.0,16.0,237.05,37.0,185.13,102.25999999999999,44.0,56.0,8.148434205418875,100,-12.0,-67.0,-0.12
07:43:47,134.0,42.0,235.71,48.0,133.0,36.0,237.0,78.0,184.85,101.71000000000001,78.0,126.0,5.503019171331565,204,-48.0,104.0,-0.24
07:43:48,133.13,46.0,230.97,37.0,131.92,24.0,233.9,61.0,182.05,97.84,70.0,98.0,2.224639296615063,168,-28.0,-36.0,-0.17
07:43:49,134.43,56.0,217.84,68.0,132.0,28.0,228.41,34.0,176.13,83.41,84.0,102.0,4.155728576319917,186,-18.0,18.0,-0.1
07:43:50,135.88,64.0,157.42,53.0,132.38,32.0,227.06,62.0,146.65,21.539999999999992,96.0,115.0,16.23525546457569,211,-19.0,25.0,-0.09
07:43:51,135.71,28.0,161.02,43.0,131.89,18.0,170.36,33.0,148.37,25.310000000000002,46.0,76.0,18.626733476378202,122,-30.0,-89.0,-0.25
07:43:52,132.0,12.0,144.0,54.0,131.0,12.0,145.25,40.0,138.0,12.0,24.0,94.0,19.54719161414294,118,-70.0,-4.0,-0.59
07:43:53,133.84,25.0,141.32,47.0,131.85,13.0,142.36,59.0,137.58,7.47999999999999,38.0,106.0,15.7541591333848,144,-68.0,26.0,-0.47
07:43:54,134.99,74.0,137.36,110.0,133.33,33.0,139.59,110.0,136.18,2.3700000000000045,107.0,220.0,5.690661648701714,327,-113.0,169.5,-0.35
07:43:55,132.95,22.0,134.88,40.0,131.88,8.0,177.72,39.0,133.91,1.9300000000000068,30.0,79.0,5.578742689890108,109,-49.0,-170.5,-0.45
07:43:56,132.0,6.0,133.33,15.0,131.0,6.0,187.79,29.0,132.67,1.3300000000000125,12.0,44.0,2.3148801264859387,56,-32.0,-53.0,-0.57
07:43:57,129.36,39.0,172.08,24.0,128.74,76.0,194.0,47.0,150.72,42.72,115.0,71.0,7.249128913186866,186,44.0,130.0,0.24
07:43:58,129.0,64.0,234.38,26.0,128.0,40.0,242.82,22.0,181.69,105.38,104.0,48.0,20.682106517470835,152,56.0,-34.0,0.37
07:43:59,129.33,54.0,150.8,40.0,128.62,78.0,156.33,24.0,140.07,21.47,132.0,64.0,20.240180829231992,196,68.0,44.0,0.35
07:44:00,129.14,63.0,149.82,44.0,128.32,74.0,152.0,40.0,139.48,20.680000000000007,137.0,84.0,19.420423012900912,221,53.0,25.0,0.24
07:44:01,129.0,44.0,147.95,42.0,127.65,69.0,151.47,30.0,138.48,18.94999999999999,113.0,72.0,18.348852007687356,185,41.0,-36.0,0.22
07:44:02,130.2,40.0,147.0,20.0,127.42,52.0,148.0,40.0,138.6,16.80000000000001,92.0,60.0,19.032323294858415,152,32.0,-33.0,0.21
07:44:03,132.0,45.0,147.0,18.0,128.47,17.0,148.0,36.0,139.5,15.0,62.0,54.0,0.6708800190816137,116,8.0,-36.0,0.07
07:44:04,131.86,42.0,143.14,56.0,128.38,29.0,144.15,59.0,137.5,11.279999999999973,71.0,115.0,0.8285650246073178,186,-44.0,70.0,-0.24
07:44:05,132.0,28.0,136.67,60.0,129.0,14.0,137.71,49.0,134.33,4.6699999999999875,42.0,109.0,2.0033521907047844,151,-67.0,-35.0,-0.44
07:44:06,128.36,132.0,133.38,69.0,126.82,22.0,134.6,35.0,130.87,5.019999999999982,154.0,104.0,3.543931432745338,258,50.0,107.0,0.19
07:44:07,128.0,120.0,145.52,27.0,126.0,16.0,343.41,39.0,136.76,17.52000000000001,136.0,66.0,3.315383839014743,202,70.0,-56.0,0.35
07:44:08,128.0,154.0,241.46,61.0,126.0,28.0,364.55,64.0,184.73,113.46000000000001,182.0,125.0,22.449916926349793,307,57.0,105.0,0.19
07:44:09,129.05,22.0,161.25,40.0,128.09,23.0,239.0,40.0,145.15,32.19999999999999,45.0,80.0,22.082468612000973,125,-35.0,-170.5,-0.28
07:44:10,130.23,13.0,134.89,27.0,128.5,20.0,277.08,25.0,132.56,4.659999999999997,33.0,52.0,22.336419363900024,85,-19.0,-40.0,-0.22
07:44:11,128.67,30.0,261.07,29.0,127.33,30.0,279.89,37.0,194.87,132.4,60.0,66.0,28.870532208465065,126,-6.0,41.0,-0.05
07:44:12,126.78,23.0,358.81,16.0,77.53,43.0,371.18,33.0,242.8,232.03,66.0,49.0,43.73900856215234,115,17.0,-11.0,0.15
07:44:13,126.0,26.0,265.6,25.0,100.67,48.0,221.27,55.0,195.8,139.60000000000002,74.0,80.0,44.31330082492206,154,-6.0,39.0,-0.04
07:44:14,126.0,26.0,284.0,28.0,108.68,68.0,339.04,48.0,205.0,158.0,94.0,76.0,39.62669024786259,170,18.0,16.0,0.11
07:44:15,122.86,21.0,171.09,23.0,71.36,56.0,335.0,38.0,146.97,48.230000000000004,77.0,61.0,34.170817520218186,138,16.0,-32.0,0.12
07:44:17,104.0,55.0,157.33,39.0,90.93,95.0,239.75,16.0,130.67,53.33000000000001,150.0,55.0,40.23142341503737,205,95.0,76.0,0.46
07:44:18,112.49,53.0,293.92,25.0,66.62,39.0,579.59,17.0,203.21,181.43,92.0,42.0,42.04835525915394,134,50.0,-71.0,0.37
07:44:19,118.15,41.0,191.0,22.0,92.05,56.0,544.0,11.0,154.57,72.85,97.0,33.0,33.75505591759566,130,64.0,-4.0,0.49
07:44:20,135.11,45.0,393.74,38.0,107.68,57.0,567.5,46.0,264.42,258.63,102.0,84.0,61.0862120285751,186,18.0,56.0,0.1
07:44:21,136.73,55.0,341.4,20.0,134.0,11.0,389.82,22.0,239.06,204.67,66.0,42.0,55.998734182122874,108,24.0,-78.0,0.22
07:44:22,137.0,61.0,173.2,30.0,134.0,15.0,310.14,35.0,155.1,36.19999999999999,76.0,65.0,49.2754733107665,141,11.0,33.0,0.08
07:44:26,132.91,99.0,168.47,34.0,124.53,51.0,210.59,34.0,150.69,35.56,150.0,68.0,2.0361286796306364,218,82.0,114.0,0.38
