Time,Bid1_Price,Bid1_Volume,Ask1_Price,Ask1_Volume,Bid2_Price,Bid2_Volume,Ask2_Price,Ask2_Volume,Mid-Price,Bid_Ask_Spread,Market_Depth_Bid,Market_Depth_Ask,Historical_Volatility,Total_volume,Cumulative_Volume_Difference,Total_Volume_Change_Corrected,Order_imbalance
07:30:07,304.0,24.0,346.0,4.0,300.0,28.0,592.5,20.0,325.0,42.0,52.0,24.0,49.988933075231806,76,28.0,-19.0,0.37
07:30:08,304.0,60.0,346.0,16.0,301.59,34.0,552.0,50.0,325.0,42.0,94.0,66.0,56.05132023422822,160,28.0,84.0,0.17
07:30:09,304.0,25.0,346.0,5.0,302.0,15.0,475.79,19.0,325.0,42.0,40.0,24.0,53.80360582711906,64,16.0,-96.0,0.25
07:30:10,304.0,7.0,344.74,19.0,302.0,21.0,365.76,17.0,324.37,40.74000000000001,28.0,36.0,43.607532950168114,64,-8.0,0.0,-0.12
07:30:11,300.08,49.0,321.56,27.0,299.82,11.0,330.78,27.0,310.82,21.480000000000018,60.0,54.0,6.276983351897284,114,6.0,50.0,0.05
07:30:12,300.0,54.0,302.0,35.0,299.0,9.0,302.65,37.0,301.0,2.0,63.0,72.0,10.911302397055776,135,-9.0,21.0,-0.07
07:30:13,299.82,17.0,300.86,21.0,298.18,22.0,304.64,25.0,300.34,1.0400000000000205,39.0,46.0,12.040522413915204,85,-7.0,-50.0,-0.08
07:30:14,298.04,47.0,302.0,32.0,296.46,52.0,307.92,36.0,300.02,3.9599999999999795,99.0,68.0,10.546383266314274,167,31.0,82.0,0.19
07:30:15,298.0,7.0,308.0,21.0,296.0,28.0,313.0,21.0,303.0,10.0,35.0,42.0,4.502830221093533,77,-7.0,-90.0,-0.09
07:30:16,298.0,7.0,308.0,21.0,296.0,28.0,313.0,21.0,303.0,10.0,35.0,42.0,1.4389301581359124,77,-7.0,0.0,-0.09
07:30:17,298.0,6.0,310.0,18.0,296.0,24.0,313.0,18.0,304.0,12.0,30.0,36.0,1.7783475475826245,66,-6.0,-11.0,-0.09
07:30:18,298.0,6.0,312.0,18.0,296.0,24.0,313.0,18.0,305.0,14.0,30.0,36.0,1.8628150740192169,66,-6.0,0.0,-0.09
07:30:19,294.18,22.0,312.0,24.0,291.55,11.0,313.0,24.0,303.09,17.819999999999993,33.0,48.0,0.8801249911195896,81,-15.0,15.0,-0.19
07:30:20,293.19,16.0,312.0,33.0,290.43,21.0,346.53,51.0,302.59,18.810000000000002,37.0,84.0,0.9669177834714078,121,-47.0,40.0,-0.39
07:30:25,296.0,39.0,303.0,52.0,278.0,48.0,311.0,39.0,299.5,7.0,87.0,91.0,5.174569547314279,178,-4.0,10.0,-0.02
07:30:26,296.5,18.0,302.03,37.0,292.73,33.0,303.62,39.0,299.26,5.529999999999973,51.0,76.0,6.440798087193269,127,-25.0,-51.0,-0.2
07:30:27,278.12,32.0,302.0,30.0,279.82,44.0,303.5,20.0,290.06,23.879999999999995,76.0,50.0,6.317418776683439,126,26.0,-1.0,0.21
07:30:35,286.35,78.0,296.44,25.0,276.38,92.0,301.3,30.0,291.39,10.089999999999975,170.0,55.0,2.044803169009757,225,115.0,133.0,0.51
07:30:36,286.0,60.0,295.83,12.0,273.75,48.0,296.83,12.0,290.92,9.829999999999984,108.0,24.0,2.431361758355257,132,84.0,-93.0,0.64
07:30:44,280.0,55.0,296.71,21.0,277.0,11.0,298.88,32.0,288.36,16.70999999999998,66.0,53.0,0.9916400556613924,119,13.0,-7.0,0.11
07:30:45,280.67,30.0,295.8,44.0,279.6,52.0,301.3,46.0,288.23,15.129999999999995,82.0,90.0,1.055258262224064,172,-8.0,53.0,-0.05
07:30:54,294.39,56.0,296.86,49.0,277.12,32.0,407.6,40.0,295.62,2.4700000000000273,88.0,89.0,4.202336254988725,177,-1.0,89.0,-0.01
07:30:55,289.56,75.0,317.77,40.0,277.72,128.0,357.4,35.0,303.67,28.20999999999998,203.0,75.0,7.597547630649886,278,128.0,101.0,0.46
07:30:56,278.0,84.0,295.71,14.0,276.0,28.0,340.76,17.0,286.86,17.70999999999998,112.0,31.0,7.99361807944271,143,81.0,-135.0,0.57
07:31:08,292.5,30.0,299.0,20.0,285.79,43.0,302.0,50.0,295.75,6.5,73.0,70.0,2.908117948088449,143,3.0,77.0,0.02
07:31:09,293.76,29.0,299.0,20.0,284.15,39.0,302.0,50.0,296.38,5.240000000000009,68.0,70.0,2.7866592902604084,138,-2.0,-5.0,-0.01
07:31:10,295.44,18.0,299.0,18.0,294.0,27.0,302.0,45.0,297.22,3.5600000000000023,45.0,63.0,2.102396251898088,108,-18.0,-30.0,-0.17
07:31:11,296.0,24.0,298.07,54.0,294.0,36.0,300.0,30.0,297.04,2.069999999999993,60.0,84.0,1.9222694920315826,144,-24.0,36.0,-0.17
07:31:12,296.9,42.0,298.09,66.0,293.31,39.0,300.54,39.0,297.5,1.1899999999999977,81.0,105.0,0.7071916289066359,186,-24.0,42.0,-0.13
07:31:15,290.5,24.0,300.29,68.0,283.67,72.0,354.83,71.0,295.4,9.79000000000002,96.0,139.0,3.3655712739436776,235,-43.0,44.0,-0.18
07:31:16,296.0,15.0,297.87,60.0,286.0,60.0,304.6,75.0,296.93,1.8700000000000045,75.0,135.0,3.3438974266557326,210,-60.0,-25.0,-0.29
07:31:17,283.89,74.0,296.74,27.0,280.25,178.0,299.5,48.0,290.32,12.850000000000023,252.0,75.0,3.179910376094649,327,177.0,117.0,0.54
07:31:22,280.74,93.0,296.65,23.0,278.82,102.0,300.05,59.0,288.7,15.909999999999968,195.0,82.0,1.6658181173204263,277,113.0,14.0,0.41
07:31:23,291.35,23.0,299.3,40.0,282.86,56.0,300.21,71.0,295.32,7.949999999999989,79.0,111.0,4.406977422224135,190,-32.0,-87.0,-0.17
07:31:24,295.0,14.0,299.0,28.0,294.0,14.0,300.0,71.0,297.0,4.0,28.0,99.0,5.4207425690576425,127,-71.0,-63.0,-0.56
07:31:25,296.64,11.0,299.88,51.0,294.38,8.0,316.88,32.0,298.26,3.240000000000009,19.0,83.0,5.22660692993017,102,-64.0,-25.0,-0.63
07:31:26,296.0,10.0,300.0,90.0,295.0,10.0,597.9,10.0,298.0,4.0,20.0,100.0,3.949060647798956,120,-80.0,18.0,-0.67
07:31:27,294.36,11.0,300.0,99.0,288.9,20.0,556.11,37.0,297.18,5.639999999999986,31.0,136.0,1.1540017330985177,167,-105.0,47.0,-0.63
07:31:28,294.0,14.0,300.0,114.0,288.0,28.0,350.5,64.0,297.0,6.0,42.0,178.0,0.5977624946367736,220,-136.0,53.0,-0.62
07:31:29,294.0,14.0,300.0,115.0,288.0,28.0,430.38,21.0,297.0,6.0,42.0,136.0,0.5977624946367736,178,-94.0,-42.0,-0.53
07:31:30,294.0,9.0,300.0,90.0,288.0,18.0,395.0,18.0,297.0,6.0,27.0,108.0,0.4341428336324185,135,-81.0,-43.0,-0.6
07:31:31,289.56,18.0,299.68,28.0,285.0,32.0,304.52,84.0,294.62,10.120000000000005,50.0,112.0,1.0872902096470463,162,-62.0,27.0,-0.38
07:32:03,290.43,14.0,296.56,62.0,279.0,90.0,345.4,42.0,293.5,6.1299999999999955,104.0,104.0,3.0834120710658506,208,0.0,75.0,0.0
07:32:05,282.53,34.0,295.68,25.0,281.12,72.0,301.85,46.0,289.1,13.150000000000034,106.0,71.0,1.881812955634715,177,35.0,24.0,0.2
07:33:07,291.6,20.0,300.0,38.0,280.75,208.0,358.03,64.0,295.8,8.399999999999977,228.0,102.0,3.0136141093363604,330,126.0,122.0,0.38
07:33:08,294.9,29.0,300.0,32.0,293.37,19.0,316.74,68.0,297.45,5.100000000000023,48.0,100.0,3.8624953074392487,148,-52.0,-172.0,-0.35
07:33:09,294.77,13.0,300.0,26.0,287.0,91.0,302.0,65.0,297.38,5.230000000000018,104.0,91.0,3.735046184451979,195,13.0,47.0,0.07
07:33:10,296.86,42.0,300.0,24.0,290.76,90.0,302.0,60.0,298.43,3.1399999999999864,132.0,84.0,2.8333460784006688,216,48.0,21.0,0.22
07:33:11,297.39,18.0,300.0,14.0,296.29,99.0,302.0,35.0,298.69,2.6100000000000136,117.0,49.0,1.1374752744511363,166,68.0,-50.0,0.41
07:33:12,299.0,8.0,300.0,16.0,297.0,96.0,302.0,40.0,299.5,1.0,104.0,56.0,0.891263148563462,160,48.0,-6.0,0.3
07:33:13,299.0,10.0,300.0,20.0,297.0,120.0,302.0,50.0,299.5,1.0,130.0,70.0,0.8796874444863796,200,60.0,40.0,0.3
07:33:14,297.25,55.0,300.0,22.0,296.91,88.0,302.0,55.0,298.63,2.75,143.0,77.0,0.5112240213319509,220,66.0,20.0,0.3
07:33:15,297.0,120.0,300.0,24.0,295.0,12.0,302.0,60.0,298.5,3.0,132.0,84.0,0.49409513252693055,216,48.0,-4.0,0.22
07:33:16,297.0,56.0,300.0,22.0,295.0,11.0,302.0,55.0,298.5,3.0,67.0,77.0,0.5266687763545801,144,-10.0,-72.0,-0.07
07:33:17,297.0,82.0,299.06,32.0,295.0,11.0,300.18,56.0,298.03,2.0600000000000023,93.0,88.0,0.5363487671161848,181,5.0,37.0,0.03
07:33:18,297.0,128.0,299.0,30.0,295.0,10.0,300.0,50.0,298.0,2.0,138.0,80.0,0.2943976901867051,218,58.0,37.0,0.27
07:33:19,297.0,147.0,299.2,45.0,295.0,13.0,300.54,56.0,298.1,2.1999999999999886,160.0,101.0,0.25274493068573856,261,59.0,43.0,0.23
07:33:20,297.0,126.0,298.89,61.0,295.0,14.0,301.27,55.0,297.94,1.8899999999999864,140.0,116.0,0.22333830837413846,256,24.0,-5.0,0.09
07:33:21,296.85,54.0,298.0,40.0,293.55,22.0,307.0,70.0,297.43,1.1499999999999773,76.0,110.0,0.2689795531031805,186,-34.0,-70.0,-0.18
07:33:22,295.31,13.0,297.46,52.0,293.09,46.0,307.0,83.0,296.38,2.1499999999999773,59.0,135.0,0.7138627318944886,194,-76.0,8.0,-0.39
07:33:23,293.86,21.0,299.72,50.0,292.57,42.0,307.37,60.0,296.79,5.860000000000014,63.0,110.0,0.7363898423987586,173,-47.0,-21.0,-0.27
07:33:24,287.75,96.0,307.05,82.0,285.47,47.0,309.25,48.0,297.4,19.30000000000001,143.0,130.0,0.6083337899444566,273,13.0,100.0,0.05
07:33:25,292.35,46.0,307.0,77.0,287.88,59.0,311.0,99.0,299.67,14.649999999999977,105.0,176.0,1.2724503919555858,281,-71.0,8.0,-0.25
07:33:26,296.61,75.0,306.56,62.0,290.36,44.0,309.22,81.0,301.59,9.949999999999989,119.0,143.0,2.205431930481466,262,-24.0,-19.0,-0.09
07:33:27,300.0,86.0,305.12,58.0,296.0,84.0,307.94,64.0,302.56,5.1200000000000045,170.0,122.0,2.523027942767619,292,48.0,30.0,0.16
07:33:28,300.0,52.0,303.08,39.0,296.05,74.0,306.47,60.0,301.54,3.079999999999984,126.0,99.0,2.0493096398508186,225,27.0,-67.0,0.12
07:33:29,300.0,32.0,302.38,24.0,298.25,16.0,306.77,52.0,301.19,2.3799999999999955,48.0,76.0,1.0485466131674255,124,-28.0,-101.0,-0.23
07:33:30,299.44,18.0,301.89,19.0,298.29,14.0,305.56,27.0,300.67,2.4499999999999886,32.0,46.0,0.6924232809378505,78,-14.0,-46.0,-0.18
07:33:31,299.0,18.0,302.0,27.0,298.0,18.0,305.11,36.0,300.5,3.0,36.0,63.0,0.8206521796625447,99,-27.0,21.0,-0.27
07:33:32,299.0,24.0,302.71,35.0,298.0,24.0,305.59,51.0,300.86,3.7099999999999795,48.0,86.0,0.4167373273239343,134,-38.0,35.0,-0.28
07:33:33,298.29,14.0,304.0,12.0,296.12,64.0,306.43,56.0,301.14,5.7099999999999795,78.0,68.0,0.29676590098111283,146,10.0,12.0,0.07
07:33:34,298.0,9.0,303.0,14.0,296.0,54.0,305.5,18.0,300.5,5.0,63.0,32.0,0.27125633630427354,95,31.0,-51.0,0.33
07:33:35,298.53,15.0,301.36,11.0,296.17,46.0,303.0,22.0,299.95,2.830000000000041,61.0,33.0,0.44754887999560167,94,28.0,-1.0,0.3
07:33:36,299.05,21.0,302.0,24.0,296.2,60.0,309.33,63.0,300.52,2.9499999999999886,81.0,87.0,0.446631839421816,168,-6.0,74.0,-0.04
07:33:37,298.64,14.0,301.43,28.0,296.22,54.0,308.0,56.0,300.04,2.7900000000000205,68.0,84.0,0.47423622803977955,152,-16.0,-16.0,-0.11
07:33:38,296.0,30.0,301.0,20.0,294.0,40.0,306.6,40.0,298.5,5.0,70.0,60.0,0.8256028100640754,130,10.0,-22.0,0.08
07:33:39,296.0,14.0,300.09,23.0,294.0,28.0,306.0,28.0,298.04,4.089999999999975,42.0,51.0,1.0753604046950813,93,-9.0,-37.0,-0.1
07:33:40,296.0,15.0,299.45,22.0,294.0,32.0,301.85,26.0,297.73,3.4499999999999886,47.0,48.0,1.2420466979893448,95,-1.0,2.0,-0.01
07:33:41,296.0,9.0,299.27,30.0,294.0,36.0,304.15,27.0,297.63,3.269999999999982,45.0,57.0,0.9836513609946451,102,-12.0,7.0,-0.12
07:33:42,296.0,10.0,299.0,50.0,294.0,40.0,307.67,36.0,297.5,3.0,50.0,86.0,0.3998124560177132,136,-36.0,34.0,-0.26
07:33:43,296.0,10.0,299.0,50.0,294.0,40.0,309.0,40.0,297.5,3.0,50.0,90.0,0.22327113558859113,140,-40.0,4.0,-0.29
07:33:44,294.67,21.0,297.5,70.0,290.11,63.0,309.0,56.0,296.08,2.829999999999984,84.0,126.0,0.682180328056441,210,-42.0,70.0,-0.2
07:33:45,294.0,22.0,296.0,55.0,287.0,55.0,310.09,44.0,295.0,2.0,77.0,99.0,1.163021925841231,176,-22.0,-34.0,-0.12
07:33:46,294.0,24.0,295.58,60.0,287.0,60.0,310.29,83.0,294.79,1.579999999999984,84.0,143.0,1.305672240643749,227,-59.0,51.0,-0.26
07:33:48,294.0,22.0,296.81,53.0,287.0,55.0,307.65,46.0,295.41,2.8100000000000023,77.0,99.0,0.6137833493897458,176,-22.0,-47.0,-0.12
07:33:49,303.13,23.0,307.0,32.0,292.16,19.0,310.0,40.0,305.07,3.8700000000000045,42.0,72.0,4.549080126793464,114,-30.0,-62.0,-0.26
07:33:50,304.0,37.0,307.0,52.0,296.0,40.0,310.0,65.0,305.5,3.0,77.0,117.0,5.699616653774731,194,-40.0,80.0,-0.21
07:33:51,299.2,25.0,306.2,40.0,296.67,30.0,309.76,49.0,302.7,7.0,55.0,89.0,5.304255838474002,144,-34.0,-50.0,-0.24
07:33:52,298.0,46.0,299.0,56.0,294.0,28.0,306.86,56.0,298.5,1.0,74.0,112.0,4.366134445935575,186,-38.0,42.0,-0.2
07:33:53,298.14,14.0,302.0,28.0,296.0,19.0,307.71,28.0,300.07,3.8600000000000136,33.0,56.0,3.060338216600376,89,-23.0,-97.0,-0.26
07:33:54,298.56,16.0,305.83,58.0,296.8,35.0,309.43,56.0,302.2,7.269999999999982,51.0,114.0,2.671269361181127,165,-63.0,76.0,-0.38
07:33:55,298.0,9.0,305.62,32.0,296.0,27.0,309.11,36.0,301.81,7.6200000000000045,36.0,68.0,1.7381973420717511,104,-32.0,-61.0,-0.31
07:33:56,298.0,13.0,303.8,45.0,296.0,39.0,308.86,50.0,300.9,5.800000000000011,52.0,95.0,1.4797736313319865,147,-43.0,43.0,-0.29
07:33:57,298.0,16.0,301.25,48.0,296.0,48.0,311.8,50.0,299.62,3.25,64.0,98.0,1.1003862958004194,162,-34.0,15.0,-0.21
07:33:58,298.0,12.0,300.05,58.0,296.0,36.0,301.57,35.0,299.03,2.0500000000000114,48.0,93.0,1.3671759213742187,141,-45.0,-21.0,-0.32
07:33:59,298.0,11.0,299.18,55.0,296.0,33.0,301.0,33.0,298.59,1.1800000000000068,44.0,88.0,1.337815383371592,132,-44.0,-9.0,-0.33
07:34:00,295.66,29.0,297.7,61.0,287.02,63.0,307.3,57.0,296.68,2.0399999999999636,92.0,118.0,1.5442894806304812,210,-26.0,78.0,-0.12
07:34:01,294.0,12.0,304.0,51.0,287.0,22.0,310.18,33.0,299.0,10.0,34.0,84.0,1.125890758460202,118,-50.0,-92.0,-0.42
07:34:02,286.92,50.0,298.0,75.0,283.62,55.0,309.0,30.0,292.46,11.079999999999984,105.0,105.0,2.794972271774186,210,0.0,92.0,0.0
07:34:05,288.0,104.0,295.5,32.0,287.0,52.0,303.22,73.0,291.75,7.5,156.0,105.0,4.027846819330174,261,51.0,136.0,0.2
07:34:06,292.16,100.0,301.0,50.0,286.71,56.0,310.0,90.0,296.58,8.839999999999975,156.0,140.0,3.051561895159317,296,16.0,35.0,0.05
07:34:07,296.0,169.0,301.0,65.0,290.45,44.0,310.0,117.0,298.5,5.0,213.0,182.0,4.300329057175476,395,31.0,99.0,0.08
07:34:08,296.0,65.0,301.0,25.0,291.0,15.0,310.0,45.0,298.5,5.0,80.0,70.0,4.3718451482168,150,10.0,-172.0,0.07
07:34:09,296.0,98.0,301.0,50.0,287.0,60.0,310.0,90.0,298.5,5.0,158.0,140.0,2.9246845983773646,298,18.0,148.0,0.06
07:34:10,296.08,78.0,301.0,55.0,288.97,91.0,310.0,99.0,298.54,4.920000000000016,169.0,154.0,0.8632960094806216,323,15.0,25.0,0.05
07:34:11,297.0,24.0,301.0,60.0,296.0,108.0,310.0,108.0,299.0,4.0,132.0,168.0,0.219818106590269,300,-36.0,-23.0,-0.12
07:34:12,297.0,18.0,300.85,41.0,296.0,81.0,308.77,73.0,298.93,3.8500000000000227,99.0,114.0,0.24915858400804353,213,-15.0,-87.0,-0.07
07:34:13,297.0,26.0,299.67,27.0,296.0,117.0,302.55,53.0,298.33,2.670000000000016,143.0,80.0,0.29043071460317865,223,63.0,10.0,0.28
07:34:14,297.74,27.0,302.47,53.0,296.11,71.0,306.65,63.0,300.11,4.730000000000018,98.0,116.0,0.6884547915330056,214,-18.0,-9.0,-0.08
07:34:15,298.0,15.0,306.91,55.0,297.0,15.0,308.17,63.0,302.45,8.910000000000025,30.0,118.0,1.6332421743220942,148,-88.0,-66.0,-0.59
07:34:16,298.0,13.0,305.31,13.0,297.0,13.0,307.0,69.0,301.65,7.310000000000002,26.0,82.0,1.7491941001455855,108,-56.0,-40.0,-0.52
07:34:17,298.0,14.0,304.43,14.0,297.0,14.0,307.0,74.0,301.21,6.430000000000007,28.0,88.0,1.5951175505221973,116,-60.0,8.0,-0.52
07:34:18,296.27,60.0,306.67,18.0,293.6,40.0,308.26,43.0,301.47,10.400000000000034,100.0,61.0,0.846711284903907,161,39.0,45.0,0.24
07:34:19,303.84,50.0,308.0,110.0,300.52,46.0,312.09,44.0,305.92,4.160000000000025,96.0,154.0,1.945404842181441,250,-58.0,89.0,-0.23
07:34:20,304.0,48.0,308.0,72.0,302.0,48.0,312.05,38.0,306.0,4.0,96.0,110.0,2.478981645753454,206,-14.0,-44.0,-0.07
07:34:21,304.0,32.0,308.0,48.0,302.0,32.0,312.0,16.0,306.0,4.0,64.0,64.0,2.5396554884436284,128,0.0,-78.0,0.0
07:34:22,304.0,48.0,307.33,54.0,302.0,48.0,308.96,25.0,305.67,3.329999999999984,96.0,79.0,1.9846586608233592,175,17.0,47.0,0.1
07:34:23,304.0,50.0,305.57,56.0,302.0,56.0,308.95,58.0,304.79,1.5699999999999932,106.0,114.0,0.5134491211217906,220,-8.0,45.0,-0.04
07:34:24,304.0,12.0,305.0,48.0,302.0,48.0,309.0,60.0,304.5,1.0,60.0,108.0,0.7026165383628339,168,-48.0,-52.0,-0.29
07:34:25,301.78,27.0,304.08,48.0,300.07,45.0,309.0,60.0,302.93,2.3000000000000114,72.0,108.0,1.2022354178701666,180,-36.0,12.0,-0.2
07:34:26,299.1,78.0,301.14,44.0,297.82,68.0,303.9,20.0,300.12,2.0399999999999636,146.0,64.0,2.183476585627228,210,82.0,30.0,0.39
07:34:27,299.0,61.0,300.36,14.0,297.0,52.0,312.03,37.0,299.68,1.3600000000000136,113.0,51.0,2.3979011655994507,164,62.0,-46.0,0.38
07:34:28,299.0,37.0,311.82,33.0,297.0,44.0,314.23,52.0,305.41,12.819999999999993,81.0,85.0,2.5625124389909035,166,-4.0,2.0,-0.02
07:34:29,299.0,33.0,311.33,49.0,297.0,44.0,314.53,53.0,305.16,12.329999999999984,77.0,102.0,2.702656100946445,179,-25.0,13.0,-0.14
07:34:30,299.26,38.0,307.42,60.0,297.18,44.0,310.0,48.0,303.34,8.160000000000025,82.0,108.0,2.719066016113432,190,-26.0,11.0,-0.14
07:34:31,300.39,90.0,306.11,90.0,298.79,38.0,310.0,72.0,303.25,5.720000000000027,128.0,162.0,2.2911285428763057,290,-34.0,100.0,-0.12
07:34:32,301.0,46.0,305.18,55.0,298.56,72.0,311.82,44.0,303.09,4.180000000000007,118.0,99.0,1.1343941114013474,217,19.0,-73.0,0.09
07:34:33,302.0,26.0,304.77,65.0,299.0,104.0,312.46,52.0,303.38,2.769999999999982,130.0,117.0,0.8547689746255047,247,13.0,30.0,0.05
07:34:34,302.0,24.0,303.25,60.0,299.0,96.0,311.25,48.0,302.62,1.25,120.0,108.0,0.3092410063084427,228,12.0,-19.0,0.05
07:34:35,299.13,93.0,308.22,41.0,297.67,48.0,312.1,40.0,303.67,9.090000000000032,141.0,81.0,0.38867724397322123,222,60.0,-6.0,0.27
07:34:36,299.0,130.0,308.1,30.0,297.0,40.0,310.0,40.0,303.55,9.100000000000023,170.0,70.0,0.4198452095505903,240,100.0,18.0,0.42
07:34:37,299.0,91.0,308.0,21.0,297.0,28.0,310.86,28.0,303.5,9.0,119.0,49.0,0.41788754466066497,168,70.0,-72.0,0.42
07:34:38,299.0,89.0,308.0,27.0,297.0,36.0,311.09,44.0,303.5,9.0,125.0,71.0,0.42387498154821773,196,54.0,28.0,0.28
07:34:39,299.36,44.0,306.52,46.0,298.86,84.0,308.84,38.0,302.94,7.159999999999968,128.0,84.0,0.2836723461715349,212,44.0,16.0,0.21
07:34:40,299.0,99.0,305.3,40.0,298.0,33.0,306.65,37.0,302.15,6.300000000000011,132.0,77.0,0.6013900564381801,209,55.0,-3.0,0.26
07:34:41,299.0,117.0,304.0,52.0,298.0,39.0,305.0,39.0,301.5,5.0,156.0,91.0,0.8772798869135366,247,65.0,38.0,0.26
07:34:42,299.0,107.0,302.2,60.0,298.0,45.0,304.06,51.0,300.6,3.1999999999999886,152.0,111.0,1.1479198578225978,263,41.0,16.0,0.16
07:34:43,299.0,45.0,302.0,36.0,298.0,27.0,305.0,27.0,300.5,3.0,72.0,63.0,1.0366870308747715,135,9.0,-128.0,0.07
07:34:44,299.0,71.0,300.68,63.0,298.0,48.0,305.98,55.0,299.84,1.6800000000000068,119.0,118.0,0.907535123278719,237,1.0,102.0,0.0
07:34:45,298.05,38.0,308.51,45.0,297.06,51.0,310.5,40.0,303.28,10.45999999999998,89.0,85.0,1.3323212825682471,174,4.0,-63.0,0.02
07:34:46,298.0,29.0,309.0,55.0,297.0,44.0,310.53,17.0,303.5,11.0,73.0,72.0,1.7120397191607377,145,1.0,-29.0,0.01
07:34:47,303.45,22.0,309.0,55.0,297.83,24.0,311.0,11.0,306.23,5.550000000000011,46.0,66.0,2.5715948358913487,112,-20.0,-33.0,-0.18
07:34:48,304.0,28.0,308.57,70.0,298.88,50.0,312.55,38.0,306.29,4.569999999999993,78.0,108.0,2.6525025918897898,186,-30.0,74.0,-0.16
07:34:49,301.37,38.0,307.31,65.0,298.78,46.0,312.25,55.0,304.34,5.939999999999998,84.0,120.0,1.4535370652243917,204,-36.0,18.0,-0.18
07:34:50,299.0,44.0,310.78,41.0,298.0,22.0,313.13,45.0,304.89,11.779999999999973,66.0,86.0,1.2105990252683985,152,-20.0,-52.0,-0.13
07:34:51,299.0,48.0,307.26,46.0,298.0,24.0,309.42,38.0,303.13,8.259999999999991,72.0,84.0,1.3340464759448487,156,-12.0,4.0,-0.08
07:34:52,299.0,17.0,305.95,38.0,298.0,28.0,306.93,46.0,302.47,6.949999999999989,45.0,84.0,1.4998933295343229,129,-39.0,-27.0,-0.3
07:34:53,299.0,18.0,303.15,39.0,297.59,58.0,305.0,26.0,301.08,4.149999999999977,76.0,65.0,1.5154438293723025,141,11.0,12.0,0.08
07:34:54,299.0,24.0,303.0,36.0,298.0,144.0,305.0,24.0,301.0,4.0,168.0,60.0,1.6105371774607622,228,108.0,87.0,0.47
07:34:55,298.52,50.0,301.73,33.0,297.95,164.0,304.65,46.0,300.12,3.2100000000000364,214.0,79.0,1.2155862782971347,293,135.0,65.0,0.46
07:34:56,298.0,132.0,302.45,33.0,295.88,64.0,308.82,44.0,300.23,4.449999999999989,196.0,77.0,0.9397606078064936,273,119.0,-20.0,0.44
07:34:57,298.0,136.0,301.0,51.0,296.0,136.0,311.8,98.0,299.5,3.0,272.0,149.0,0.659302661897634,421,123.0,148.0,0.29
07:34:58,298.36,123.0,302.38,48.0,296.82,136.0,307.76,63.0,300.37,4.019999999999982,259.0,111.0,0.5377080992373281,370,148.0,-51.0,0.4
07:34:59,298.0,80.0,307.92,36.0,296.0,80.0,312.44,62.0,302.96,9.920000000000016,160.0,98.0,1.3410182698177846,258,62.0,-112.0,0.24
07:35:00,298.87,63.0,311.93,54.0,297.83,96.0,312.9,100.0,305.4,13.060000000000002,159.0,154.0,2.4518911068773517,313,5.0,55.0,0.02
07:35:01,298.25,119.0,310.25,32.0,296.38,128.0,312.05,56.0,304.25,12.0,247.0,88.0,2.5110217044031504,335,159.0,22.0,0.47
07:35:02,299.43,56.0,309.15,40.0,297.6,80.0,310.3,20.0,304.29,9.71999999999997,136.0,60.0,1.9283749635335596,196,76.0,-139.0,0.39
07:35:03,300.0,85.0,308.15,54.0,298.0,136.0,309.11,73.0,304.07,8.149999999999977,221.0,127.0,0.8667352536862263,348,94.0,152.0,0.27
07:35:04,300.0,85.0,304.76,34.0,298.0,136.0,307.76,58.0,302.38,4.759999999999991,221.0,92.0,1.08460591920873,313,129.0,-35.0,0.41
07:35:05,300.0,86.0,302.72,36.0,298.0,144.0,305.3,40.0,301.36,2.7200000000000273,230.0,76.0,1.3305074219948054,306,154.0,-7.0,0.5
07:35:06,299.67,36.0,304.0,22.0,297.82,88.0,310.55,44.0,301.83,4.329999999999984,124.0,66.0,1.3250396220429341,190,58.0,-116.0,0.31
07:35:07,298.0,42.0,303.43,14.0,296.0,56.0,312.54,26.0,300.71,5.430000000000007,98.0,40.0,1.2754803016841483,138,58.0,-52.0,0.42
07:35:08,298.0,66.0,301.36,22.0,296.0,88.0,312.75,71.0,299.68,3.3600000000000136,154.0,93.0,1.044638693513206,247,61.0,109.0,0.25
07:35:09,298.0,60.0,309.0,36.0,296.0,80.0,313.88,68.0,303.5,11.0,140.0,104.0,1.4168380288462126,244,36.0,-3.0,0.15
07:35:10,298.0,66.0,311.93,15.0,296.0,88.0,313.14,51.0,304.97,13.930000000000007,154.0,66.0,2.1243281290761975,220,88.0,-24.0,0.4
07:35:11,300.27,99.0,310.74,38.0,297.7,69.0,311.67,60.0,305.5,10.470000000000027,168.0,98.0,2.5770855631864302,266,70.0,46.0,0.26
07:35:12,301.0,76.0,308.51,37.0,299.0,47.0,309.38,58.0,304.76,7.509999999999991,123.0,95.0,2.3545318005886853,218,28.0,-48.0,0.13
07:35:13,301.0,75.0,306.67,30.0,299.0,60.0,310.83,120.0,303.83,5.670000000000016,135.0,150.0,0.8271456945320589,285,-15.0,67.0,-0.05
07:35:14,301.0,63.0,304.86,14.0,299.0,44.0,307.0,23.0,302.93,3.8600000000000136,107.0,37.0,1.0186118004337887,144,70.0,-141.0,0.49
07:35:15,301.0,77.0,303.12,16.0,299.0,48.0,305.96,25.0,302.06,2.1200000000000045,125.0,41.0,1.3780166907491465,166,84.0,22.0,0.51
07:35:16,301.11,45.0,304.0,20.0,299.68,53.0,310.0,40.0,302.56,2.8899999999999864,98.0,60.0,1.073391820344994,158,38.0,-8.0,0.24
07:35:17,301.38,37.0,304.0,19.0,300.25,67.0,310.0,48.0,302.69,2.6200000000000045,104.0,67.0,0.6507918253818183,171,37.0,13.0,0.22
07:35:18,301.0,72.0,303.08,12.0,299.0,51.0,310.0,48.0,302.04,2.079999999999984,123.0,60.0,0.39373849187502197,183,63.0,12.0,0.34
07:35:19,301.0,108.0,302.78,18.0,299.0,72.0,310.0,72.0,301.89,1.7799999999999727,180.0,90.0,0.35336949498244874,270,90.0,87.0,0.33
07:35:20,301.0,48.0,309.11,27.0,299.0,36.0,311.5,48.0,305.06,8.110000000000014,84.0,75.0,1.2817449044110603,159,9.0,-111.0,0.06
07:35:21,300.66,41.0,309.06,68.0,298.97,60.0,311.79,103.0,304.86,8.399999999999977,101.0,171.0,1.539373249080094,272,-70.0,113.0,-0.26
07:35:22,305.3,40.0,308.0,52.0,299.93,56.0,310.77,31.0,306.65,2.6999999999999886,96.0,83.0,2.0693839663008085,179,13.0,-93.0,0.07
07:35:23,302.92,26.0,308.0,28.0,300.12,32.0,311.0,28.0,305.46,5.079999999999984,58.0,56.0,1.7604062031197443,114,2.0,-65.0,0.02
07:35:24,302.0,28.0,308.0,28.0,299.0,28.0,311.0,28.0,305.0,6.0,56.0,56.0,0.7302602275778891,112,0.0,-2.0,0.0
07:35:25,302.0,45.0,308.0,52.0,299.0,52.0,311.0,52.0,305.0,6.0,97.0,104.0,0.7378211165195245,201,-7.0,89.0,-0.03
07:35:26,302.0,45.0,307.29,70.0,299.0,60.0,309.0,60.0,304.64,5.2900000000000205,105.0,130.0,0.7828154316198312,235,-25.0,34.0,-0.11
07:35:27,302.0,45.0,305.73,74.0,299.0,45.0,308.52,52.0,303.86,3.730000000000018,90.0,126.0,0.5967579073480594,216,-36.0,-19.0,-0.17
07:35:28,299.9,20.0,304.44,45.0,298.17,42.0,311.78,37.0,302.17,4.5400000000000205,62.0,82.0,1.1925099580224603,144,-20.0,-72.0,-0.14
07:35:29,300.6,30.0,303.0,65.0,298.26,47.0,309.19,59.0,301.8,2.3999999999999773,77.0,124.0,1.44377283531137,201,-47.0,57.0,-0.23
07:35:30,299.0,30.0,301.74,54.0,298.0,75.0,307.87,75.0,300.37,2.740000000000009,105.0,129.0,1.6986671245372007,234,-24.0,33.0,-0.1
07:35:31,298.47,38.0,301.37,38.0,296.75,77.0,304.47,60.0,299.92,2.8999999999999773,115.0,98.0,1.5656404440305034,213,17.0,-21.0,0.08
07:35:32,299.8,45.0,301.07,67.0,298.0,75.0,309.95,57.0,300.44,1.2699999999999818,120.0,124.0,0.9833361581801104,244,-4.0,31.0,-0.02
07:35:33,299.49,67.0,308.3,46.0,297.25,72.0,310.95,77.0,303.9,8.810000000000002,139.0,123.0,1.6215671432241647,262,16.0,18.0,0.06
07:35:34,300.0,40.0,309.0,30.0,299.0,20.0,312.0,52.0,304.5,9.0,60.0,82.0,2.1866366867826748,142,-22.0,-120.0,-0.15
07:35:35,300.0,23.0,309.0,24.0,299.0,16.0,312.0,48.0,304.5,9.0,39.0,72.0,2.2773054252742546,111,-33.0,-31.0,-0.3
07:35:36,300.0,8.0,309.0,24.0,299.0,16.0,312.0,48.0,304.5,9.0,24.0,72.0,1.7678008937612881,96,-48.0,-15.0,-0.5
07:35:37,300.67,21.0,309.4,45.0,299.33,21.0,312.03,79.0,305.03,8.729999999999961,42.0,124.0,0.39997499919725105,166,-82.0,70.0,-0.49
07:35:38,298.94,32.0,312.0,60.0,295.56,45.0,314.0,10.0,305.47,13.060000000000002,77.0,70.0,0.4392607425922638,147,7.0,-19.0,0.05
07:35:39,298.0,36.0,311.5,48.0,295.0,72.0,312.5,24.0,304.75,13.5,108.0,72.0,0.4098170323237977,180,36.0,33.0,0.2
07:35:40,298.0,40.0,310.0,40.0,294.92,74.0,312.0,60.0,304.0,12.0,114.0,100.0,0.5526753115371865,214,14.0,34.0,0.07
07:35:41,298.0,48.0,307.64,50.0,292.0,24.0,309.44,59.0,302.82,9.639999999999986,72.0,109.0,1.0391968052216451,181,-37.0,-33.0,-0.2
07:35:42,296.7,46.0,306.76,42.0,292.87,23.0,308.67,48.0,301.73,10.060000000000002,69.0,90.0,1.4971740045776767,159,-21.0,-22.0,-0.13
07:35:43,297.0,42.0,304.41,73.0,294.98,47.0,307.72,58.0,300.71,7.410000000000025,89.0,131.0,1.6398079155753542,220,-42.0,61.0,-0.19
07:35:44,296.0,24.0,303.33,52.0,292.0,16.0,307.07,41.0,299.66,7.329999999999984,40.0,93.0,1.7067307930614046,133,-53.0,-87.0,-0.4
07:35:45,296.06,32.0,300.83,60.0,292.92,26.0,306.18,55.0,298.45,4.769999999999982,58.0,115.0,1.7099795320366997,173,-57.0,40.0,-0.33
07:35:46,296.21,47.0,299.03,92.0,293.4,50.0,306.74,93.0,297.62,2.819999999999993,97.0,185.0,1.6590449059578827,282,-88.0,109.0,-0.31
07:35:47,296.0,36.0,298.0,48.0,291.92,24.0,306.75,24.0,297.0,2.0,60.0,72.0,1.5066419614444027,132,-12.0,-150.0,-0.09
07:35:48,294.07,29.0,299.95,38.0,289.67,45.0,304.84,38.0,297.01,5.8799999999999955,74.0,76.0,1.1257308736928395,150,-2.0,18.0,-0.01
07:35:49,292.0,22.0,295.36,14.0,289.0,55.0,299.55,22.0,293.68,3.3600000000000136,77.0,36.0,1.8167195710911015,113,41.0,-37.0,0.36
07:35:53,289.0,50.0,303.14,21.0,287.0,10.0,305.24,29.0,296.07,14.139999999999986,60.0,50.0,1.8970846053843138,110,10.0,29.0,0.09
07:35:54,288.47,72.0,303.0,24.0,286.2,15.0,305.0,12.0,295.74,14.529999999999973,87.0,36.0,2.2221453597787146,123,51.0,13.0,0.41
07:35:55,290.89,131.0,302.06,96.0,289.95,135.0,303.15,39.0,296.47,11.170000000000016,266.0,135.0,2.4888611853588607,401,131.0,172.0,0.33
07:35:56,301.0,88.0,302.0,50.0,296.0,50.0,303.0,20.0,301.5,1.0,138.0,70.0,3.7605092740193307,208,68.0,-172.0,0.33
07:35:57,301.0,84.0,302.0,55.0,296.0,55.0,303.0,22.0,301.5,1.0,139.0,77.0,2.9726133283669185,216,62.0,8.0,0.29
07:35:58,300.29,35.0,302.41,34.0,295.33,54.0,304.4,15.0,301.35,2.1200000000000045,89.0,49.0,2.9395696963984883,138,40.0,-78.0,0.29
07:35:59,296.0,75.0,304.02,50.0,287.0,60.0,306.77,52.0,300.01,8.019999999999982,135.0,102.0,2.159034506436628,237,33.0,99.0,0.14
07:36:00,296.06,32.0,301.5,24.0,289.65,34.0,303.69,29.0,298.78,5.439999999999998,66.0,53.0,1.208209418927034,119,13.0,-118.0,0.11
07:36:01,297.98,61.0,300.25,32.0,296.71,17.0,303.91,44.0,299.12,2.269999999999982,78.0,76.0,1.2469843623655128,154,2.0,35.0,0.01
07:36:02,299.0,24.0,303.57,112.0,297.54,69.0,306.72,94.0,301.29,4.569999999999993,93.0,206.0,1.1925812341237636,299,-113.0,145.0,-0.38
07:36:03,298.0,14.0,301.09,43.0,296.0,70.0,302.29,56.0,299.55,3.089999999999975,84.0,99.0,0.97685720552402,183,-15.0,-116.0,-0.08
07:36:04,298.0,13.0,299.18,49.0,296.0,65.0,300.57,42.0,298.59,1.1800000000000068,78.0,91.0,1.0830189287285104,169,-13.0,-14.0,-0.08
07:36:05,296.09,47.0,298.74,35.0,291.5,28.0,301.03,35.0,297.41,2.650000000000034,75.0,70.0,1.420640700523628,145,5.0,-24.0,0.03
07:36:06,294.73,44.0,301.74,47.0,287.86,28.0,306.9,60.0,298.24,7.009999999999991,72.0,107.0,1.4848501607853548,179,-35.0,34.0,-0.2
07:36:07,290.37,35.0,308.0,65.0,287.31,26.0,309.0,52.0,299.19,17.629999999999995,61.0,117.0,0.8361100405953475,178,-56.0,-1.0,-0.31
07:36:08,297.83,36.0,308.92,118.0,291.62,42.0,312.43,56.0,303.37,11.090000000000032,78.0,174.0,2.3323164450786327,252,-96.0,74.0,-0.38
07:36:09,304.87,46.0,309.0,81.0,292.7,20.0,313.0,36.0,306.93,4.1299999999999955,66.0,117.0,4.0174519287707575,183,-51.0,-69.0,-0.28
07:36:10,306.0,60.0,309.0,90.0,293.43,28.0,313.0,40.0,307.5,3.0,88.0,130.0,4.271853227813833,218,-42.0,35.0,-0.19
07:36:11,306.0,48.0,309.0,72.0,304.0,24.0,313.0,32.0,307.5,3.0,72.0,104.0,3.625806117263173,176,-32.0,-42.0,-0.18
07:36:12,306.0,10.0,309.0,45.0,304.0,15.0,313.0,20.0,307.5,3.0,25.0,65.0,1.800263869543214,90,-40.0,-86.0,-0.44
07:36:13,306.0,4.0,309.0,36.0,304.0,12.0,313.0,16.0,307.5,3.0,16.0,52.0,0.2549117494008317,68,-36.0,-22.0,-0.53
07:36:14,300.0,24.0,309.0,144.0,296.73,44.0,313.0,64.0,304.5,9.0,68.0,208.0,1.3416407864934288,276,-140.0,172.0,-0.51
07:36:15,302.0,5.0,309.0,45.0,298.0,15.0,313.0,20.0,305.5,7.0,20.0,65.0,1.4142135623670153,85,-45.0,-172.0,-0.53
07:36:16,299.71,21.0,307.15,73.0,296.84,31.0,308.86,95.0,303.43,7.439999999999998,52.0,168.0,1.810519262527463,220,-116.0,135.0,-0.53
07:36:17,298.0,51.0,303.0,67.0,289.0,17.0,304.57,67.0,300.5,5.0,68.0,134.0,2.594027756209127,202,-66.0,-18.0,-0.33
07:36:18,298.67,54.0,300.94,90.0,296.71,42.0,302.0,90.0,299.81,2.269999999999982,96.0,180.0,2.489652586202293,276,-84.0,74.0,-0.3
07:36:19,298.24,50.0,300.73,60.0,294.0,30.0,302.0,72.0,299.49,2.490000000000009,80.0,132.0,2.6133560798299174,212,-52.0,-64.0,-0.25
07:36:20,293.64,14.0,301.35,49.0,287.57,14.0,303.9,48.0,297.49,7.710000000000036,28.0,97.0,2.1510183634698192,125,-69.0,-87.0,-0.55
07:36:21,286.41,37.0,300.56,55.0,285.36,22.0,304.17,29.0,293.48,14.149999999999977,59.0,84.0,2.842451406793953,143,-25.0,18.0,-0.17
07:36:22,287.38,64.0,301.49,68.0,284.73,30.0,304.05,78.0,294.43,14.110000000000014,94.0,146.0,2.8858967410469165,240,-52.0,97.0,-0.22
07:36:23,297.0,20.0,301.0,50.0,288.78,36.0,303.6,40.0,299.0,4.0,56.0,90.0,2.7013459608101367,146,-34.0,-94.0,-0.23
07:36:24,294.06,34.0,302.79,94.0,289.96,27.0,304.45,22.0,298.42,8.730000000000018,61.0,116.0,2.464818451729317,177,-55.0,31.0,-0.31
07:36:25,287.0,130.0,299.93,41.0,265.54,71.0,302.46,52.0,293.46,12.930000000000007,201.0,93.0,2.7308643320358406,294,108.0,117.0,0.37
07:36:36,281.79,104.0,298.58,50.0,277.97,232.0,300.42,55.0,290.18,16.789999999999964,336.0,105.0,1.2816785868486478,441,231.0,112.0,0.52
07:36:46,289.6,30.0,296.0,20.0,283.3,67.0,341.11,19.0,292.8,6.399999999999977,97.0,39.0,1.725346342038879,136,58.0,-46.0,0.43
07:36:47,291.21,28.0,375.67,18.0,284.36,78.0,414.33,18.0,333.44,84.46000000000004,106.0,36.0,19.147805879525286,142,70.0,6.0,0.49
07:36:48,299.67,24.0,304.9,10.0,296.27,66.0,405.82,17.0,302.28,5.229999999999961,90.0,27.0,18.488652465768887,117,63.0,-25.0,0.54
07:36:49,295.77,52.0,370.08,12.0,289.83,87.0,489.77,13.0,332.93,74.31,139.0,25.0,21.30804660216366,164,114.0,47.0,0.7
07:36:50,290.04,69.0,311.45,20.0,288.4,91.0,385.58,12.0,300.75,21.409999999999968,160.0,32.0,19.277262513126118,192,128.0,28.0,0.67
07:36:51,289.0,72.0,298.0,24.0,288.0,88.0,427.0,16.0,293.5,9.0,160.0,40.0,19.100702866648064,200,120.0,8.0,0.6
07:36:52,289.0,72.0,297.45,20.0,288.0,88.0,338.89,9.0,293.23,8.449999999999989,160.0,29.0,16.395589955838133,189,131.0,-11.0,0.69
07:36:53,289.0,72.0,296.64,28.0,288.0,88.0,320.33,18.0,292.82,7.639999999999986,160.0,46.0,17.245116120223166,206,114.0,17.0,0.55
07:36:54,289.0,126.0,295.94,64.0,287.47,118.0,296.78,46.0,292.47,6.939999999999998,244.0,110.0,3.4858327555956268,354,134.0,148.0,0.38
07:37:05,294.73,120.0,299.0,15.0,293.0,30.0,320.3,46.0,296.87,4.269999999999982,150.0,61.0,2.466728602822934,211,89.0,16.0,0.42
07:37:06,295.22,69.0,299.0,33.0,293.67,24.0,361.0,27.0,297.11,3.7799999999999727,93.0,60.0,2.273660044946183,153,33.0,-58.0,0.22
07:37:07,298.29,70.0,324.2,46.0,294.18,110.0,464.28,47.0,311.24,25.909999999999968,180.0,93.0,7.353382215007219,273,87.0,120.0,0.32
07:37:08,298.38,79.0,306.87,45.0,293.22,162.0,533.92,74.0,302.62,8.490000000000009,241.0,119.0,6.776122047305842,360,122.0,87.0,0.34
07:37:09,298.0,40.0,305.0,8.0,291.0,112.0,307.0,24.0,301.5,7.0,152.0,32.0,5.834249737539884,184,120.0,-172.0,0.65
07:37:10,298.53,53.0,304.42,12.0,293.33,105.0,462.05,40.0,301.47,5.890000000000043,158.0,52.0,5.1744632571875595,210,106.0,26.0,0.5
07:37:11,299.0,44.0,301.64,11.0,298.0,55.0,360.09,44.0,300.32,2.6399999999999864,99.0,55.0,4.441024656538626,154,44.0,-56.0,0.29
07:37:12,295.2,85.0,299.88,16.0,292.21,140.0,356.78,54.0,297.54,4.680000000000007,225.0,70.0,1.9396391416921768,295,155.0,141.0,0.53
07:37:13,292.0,54.0,298.44,9.0,288.0,9.0,513.26,31.0,295.22,6.439999999999998,63.0,40.0,2.751944766884791,103,23.0,-172.0,0.22
07:37:14,292.0,54.0,297.0,9.0,288.0,9.0,476.56,27.0,294.5,5.0,63.0,36.0,3.059117519806138,99,27.0,-4.0,0.27
07:37:15,292.0,66.0,295.27,11.0,288.0,11.0,405.14,37.0,293.64,3.269999999999982,77.0,48.0,2.7001999925903837,125,29.0,26.0,0.23
07:37:17,293.5,40.0,300.5,10.0,288.64,81.0,437.7,40.0,297.0,7.0,121.0,50.0,1.4153515464312927,171,71.0,85.0,0.42
07:37:18,295.87,60.0,304.8,15.0,294.13,60.0,501.33,30.0,300.33,8.930000000000007,120.0,45.0,2.8887246320799016,165,75.0,-6.0,0.45
07:37:19,301.67,84.0,304.0,17.0,300.32,100.0,352.35,17.0,302.83,2.329999999999984,184.0,34.0,4.097724978568566,218,150.0,53.0,0.69
07:37:20,302.83,48.0,304.0,11.0,301.71,84.0,462.36,11.0,303.42,1.170000000000016,132.0,22.0,4.146363466941158,154,110.0,-64.0,0.71
07:37:21,302.0,120.0,303.93,15.0,296.0,100.0,377.1,41.0,302.97,1.9300000000000068,220.0,56.0,2.695115952975671,276,164.0,122.0,0.59
07:37:22,302.13,89.0,309.92,26.0,297.26,114.0,382.43,42.0,306.03,7.7900000000000205,203.0,68.0,2.027851079340817,271,135.0,-5.0,0.5
07:37:23,302.0,90.0,312.3,47.0,296.0,135.0,372.2,51.0,307.15,10.300000000000011,225.0,98.0,1.9784842683184336,323,127.0,52.0,0.39
07:37:24,302.0,60.0,310.32,22.0,297.54,65.0,311.92,38.0,306.16,8.319999999999993,125.0,60.0,1.8398179257696903,185,65.0,-138.0,0.35
07:37:25,302.0,54.0,308.8,50.0,301.0,52.0,309.48,33.0,305.4,6.800000000000011,106.0,83.0,1.5685247846251902,189,23.0,4.0,0.12
07:37:26,301.81,64.0,305.2,25.0,299.88,67.0,306.3,23.0,303.51,3.3899999999999864,131.0,48.0,1.3506109728502733,179,83.0,-10.0,0.46
07:37:27,297.54,52.0,301.92,53.0,293.81,74.0,304.38,16.0,299.73,4.3799999999999955,126.0,69.0,2.926627752206186,195,57.0,16.0,0.29
07:37:28,296.0,44.0,300.33,27.0,293.0,66.0,301.09,44.0,298.17,4.329999999999984,110.0,71.0,3.507253911535831,181,39.0,-14.0,0.22
07:37:29,293.59,82.0,297.04,24.0,292.06,35.0,297.96,28.0,295.31,3.4500000000000455,117.0,52.0,4.061992122097637,169,65.0,-12.0,0.38
07:37:36,294.69,29.0,295.95,42.0,293.2,20.0,448.81,42.0,295.32,1.259999999999991,49.0,84.0,1.2706297651097378,133,-35.0,-31.0,-0.26
07:37:37,294.08,39.0,330.14,28.0,287.08,13.0,465.73,22.0,312.11,36.06,52.0,50.0,8.386320408855328,102,2.0,-31.0,0.02
07:37:39,297.67,18.0,337.77,53.0,294.57,60.0,370.28,50.0,317.72,40.099999999999966,78.0,103.0,43.327188115546875,181,-25.0,-34.0,-0.14
07:37:40,302.07,58.0,334.0,39.0,300.52,33.0,335.38,52.0,318.03,31.930000000000007,91.0,91.0,40.31828902619736,182,0.0,1.0,0.0
07:37:41,302.39,36.0,329.74,34.0,301.61,79.0,355.36,44.0,316.06,27.350000000000023,115.0,78.0,37.00154496774408,193,37.0,11.0,0.19
07:37:42,302.0,105.0,304.4,43.0,301.0,45.0,311.06,32.0,303.2,2.3999999999999773,150.0,75.0,38.41617719138628,225,75.0,32.0,0.33
07:37:43,302.0,83.0,316.47,38.0,301.0,42.0,424.4,30.0,309.24,14.470000000000027,125.0,68.0,6.46157875445211,193,57.0,-32.0,0.3
07:37:45,302.0,11.0,469.27,55.0,301.0,33.0,589.0,44.0,385.64,167.26999999999998,44.0,99.0,49.43494229793319,143,-55.0,94.0,-0.38
07:37:46,302.0,7.0,435.35,26.0,301.0,21.0,502.59,17.0,368.67,133.35000000000002,28.0,43.0,47.32032575965623,71,-15.0,-72.0,-0.21
07:37:47,302.0,9.0,403.67,30.0,301.0,27.0,425.13,15.0,352.83,101.67000000000002,36.0,45.0,37.89984630575677,81,-9.0,10.0,-0.11
07:37:48,301.25,8.0,340.0,20.0,300.29,21.0,422.0,20.0,320.62,38.75,29.0,40.0,33.81045888478867,69,-11.0,-12.0,-0.16
07:37:49,301.0,16.0,340.0,32.0,300.0,40.0,422.0,32.0,320.5,39.0,56.0,64.0,28.981098495398435,120,-8.0,51.0,-0.07
07:37:50,301.0,22.0,338.91,44.0,300.0,55.0,360.31,45.0,319.95,37.910000000000025,77.0,89.0,22.823527991964454,166,-12.0,46.0,-0.07
07:37:51,301.0,26.0,337.46,52.0,300.0,65.0,485.71,14.0,319.23,36.45999999999998,91.0,66.0,14.658779962874917,157,25.0,-9.0,0.16
07:37:52,301.79,28.0,335.71,56.0,300.59,37.0,415.08,25.0,318.75,33.91999999999996,65.0,81.0,0.8080532160583465,146,-16.0,-11.0,-0.11
07:37:53,300.29,70.0,330.48,27.0,299.29,70.0,333.53,45.0,315.38,30.189999999999998,140.0,72.0,2.005559772228723,212,68.0,66.0,0.32
07:37:54,300.81,111.0,315.28,58.0,299.31,96.0,316.77,61.0,308.04,14.46999999999997,207.0,119.0,4.923905969855805,326,88.0,114.0,0.27
07:37:55,302.0,144.0,312.47,38.0,300.54,26.0,313.62,58.0,307.24,10.470000000000027,170.0,96.0,5.7591032288005755,266,74.0,-60.0,0.28
07:37:56,302.0,108.0,308.36,44.0,301.0,12.0,309.71,28.0,305.18,6.360000000000014,120.0,72.0,5.830627753508267,192,48.0,-74.0,0.25
07:37:57,302.0,108.0,306.34,29.0,301.0,12.0,312.35,46.0,304.17,4.339999999999975,120.0,75.0,4.406384005052263,195,45.0,3.0,0.23
07:37:58,302.0,72.0,304.75,8.0,301.0,8.0,306.0,24.0,303.38,2.75,80.0,32.0,1.9870128333707542,112,48.0,-83.0,0.43
07:37:59,302.0,81.0,310.89,18.0,301.0,92.0,372.1,41.0,306.44,8.889999999999986,173.0,59.0,1.5842411432543893,232,114.0,120.0,0.49
07:38:00,301.27,30.0,318.5,32.0,300.54,104.0,443.2,30.0,309.88,17.230000000000018,134.0,62.0,2.547214164529561,196,72.0,-36.0,0.37
07:38:01,301.06,114.0,314.0,28.0,300.21,33.0,320.93,56.0,307.53,12.939999999999998,147.0,84.0,2.6177375727868704,231,63.0,35.0,0.27
07:38:02,302.92,39.0,314.0,24.0,301.75,84.0,321.0,48.0,308.46,11.079999999999984,123.0,72.0,2.451003875961905,195,51.0,-36.0,0.26
07:38:03,304.0,30.0,313.67,24.0,302.0,105.0,319.25,48.0,308.83,9.670000000000016,135.0,72.0,1.3066636904653464,207,63.0,12.0,0.3
07:38:04,306.89,56.0,310.79,19.0,304.43,61.0,314.0,38.0,308.84,3.900000000000034,117.0,57.0,0.8448490989405476,174,60.0,-33.0,0.34
07:38:05,307.0,21.0,310.0,7.0,305.0,56.0,314.83,24.0,308.5,3.0,77.0,31.0,0.534761629121393,108,46.0,-66.0,0.43
07:38:06,307.0,24.0,310.0,8.0,305.0,64.0,315.0,32.0,308.5,3.0,88.0,40.0,0.1915202338673214,128,48.0,20.0,0.38
07:38:07,307.0,39.0,309.05,19.0,305.0,104.0,312.64,28.0,308.03,2.0500000000000114,143.0,47.0,0.3306811152463662,190,96.0,62.0,0.51
07:38:08,307.0,30.0,308.87,31.0,305.0,104.0,314.88,25.0,307.94,1.8700000000000045,134.0,56.0,0.37245133907738626,190,78.0,0.0,0.41
07:38:09,305.15,52.0,307.71,24.0,302.56,86.0,314.0,13.0,306.43,2.5600000000000023,138.0,37.0,0.8510875395518644,175,101.0,-15.0,0.58
07:38:10,303.8,30.0,312.33,24.0,301.75,56.0,317.33,12.0,308.07,8.529999999999973,86.0,36.0,0.7924834383004051,122,50.0,-53.0,0.41
07:38:11,302.0,60.0,309.9,50.0,301.0,70.0,316.7,10.0,305.95,7.899999999999977,130.0,60.0,1.0140907257145895,190,70.0,68.0,0.37
07:38:12,302.0,54.0,307.56,45.0,301.0,63.0,314.81,21.0,304.78,5.560000000000002,117.0,66.0,1.388751237616101,183,51.0,-7.0,0.28
07:38:13,302.0,78.0,305.0,65.0,300.97,66.0,307.0,65.0,303.5,3.0,144.0,130.0,1.7239576560867333,274,14.0,91.0,0.05
07:38:14,302.0,42.0,305.0,35.0,301.0,35.0,307.0,35.0,303.5,3.0,77.0,70.0,1.9201432238195117,147,7.0,-127.0,0.05
07:38:15,302.0,96.0,303.81,80.0,301.0,80.0,308.08,65.0,302.91,1.8100000000000023,176.0,145.0,1.226486852754604,321,31.0,172.0,0.1
07:38:16,301.43,63.0,306.6,45.0,300.53,57.0,343.18,22.0,304.01,5.170000000000016,120.0,67.0,0.6997499553268299,187,53.0,-134.0,0.28
07:38:17,303.0,58.0,320.44,9.0,299.0,64.0,486.25,8.0,311.72,17.439999999999998,122.0,17.0,3.705559336993527,139,105.0,-48.0,0.76
07:38:18,300.55,44.0,315.0,20.0,298.75,63.0,324.0,10.0,307.77,14.449999999999989,107.0,30.0,3.728534564675477,137,77.0,-2.0,0.56
07:38:19,300.0,45.0,315.0,18.0,298.09,55.0,324.0,9.0,307.5,15.0,100.0,27.0,3.4839589549791787,127,73.0,-10.0,0.57
07:38:20,304.0,90.0,315.0,18.0,300.0,45.0,324.0,9.0,309.5,11.0,135.0,27.0,2.839955985570821,162,108.0,35.0,0.67
07:38:21,304.0,80.0,315.0,16.0,300.0,44.0,324.0,8.0,309.5,11.0,124.0,24.0,1.693020968558693,148,100.0,-14.0,0.68
07:38:22,304.0,106.0,315.0,22.0,300.26,47.0,324.0,11.0,309.5,11.0,153.0,33.0,1.0259532152975708,186,120.0,38.0,0.65
07:38:23,304.0,77.0,314.65,34.0,301.0,22.0,317.82,17.0,309.32,10.649999999999977,99.0,51.0,0.8777699015000484,150,48.0,-36.0,0.32
07:38:24,304.0,24.0,316.6,10.0,301.0,12.0,318.33,9.0,310.3,12.600000000000023,36.0,19.0,0.3858497116486816,55,17.0,-95.0,0.31
07:38:25,304.0,40.0,314.18,11.0,301.0,20.0,316.18,11.0,309.09,10.180000000000007,60.0,22.0,0.4559824557802447,82,38.0,27.0,0.46
07:38:26,304.0,36.0,311.0,14.0,301.0,18.0,314.14,14.0,307.5,7.0,54.0,28.0,1.0246560398394107,82,26.0,0.0,0.32
07:38:27,306.0,45.0,310.62,13.0,304.0,36.0,313.46,13.0,308.31,4.6200000000000045,81.0,26.0,1.05836194186081,107,55.0,25.0,0.51
07:38:28,306.0,33.0,309.37,19.0,304.0,44.0,312.33,18.0,307.68,3.3700000000000045,77.0,37.0,1.1475757055547107,114,40.0,7.0,0.35
07:38:29,303.52,33.0,308.0,13.0,301.0,68.0,309.0,65.0,305.76,4.480000000000018,101.0,78.0,1.2352206280577738,179,23.0,65.0,0.13
07:38:30,300.59,74.0,308.0,49.0,299.94,107.0,310.83,42.0,304.3,7.410000000000025,181.0,91.0,1.6458736281924664,272,90.0,93.0,0.33
07:38:31,300.0,120.0,307.55,22.0,299.0,24.0,308.46,52.0,303.77,7.550000000000011,144.0,74.0,2.0045273757121507,218,70.0,-54.0,0.32
07:38:32,300.57,42.0,307.0,7.0,299.87,46.0,308.0,35.0,303.79,6.430000000000007,88.0,42.0,1.6739922341454938,130,46.0,-88.0,0.35
07:38:33,302.08,36.0,307.0,12.0,300.07,85.0,309.0,60.0,304.54,4.920000000000016,121.0,72.0,0.8128776045502786,193,49.0,63.0,0.25
07:38:34,303.0,42.0,305.2,20.0,302.0,42.0,309.44,48.0,304.1,2.1999999999999886,84.0,68.0,0.33113441376483016,152,16.0,-41.0,0.11
07:38:35,303.0,18.0,304.9,20.0,302.0,24.0,308.33,36.0,303.95,1.8999999999999773,42.0,56.0,0.3148809298439189,98,-14.0,-54.0,-0.14
07:38:36,303.0,22.0,304.62,39.0,302.0,33.0,308.27,49.0,303.81,1.6200000000000045,55.0,88.0,0.3070342000158406,143,-33.0,45.0,-0.23
07:38:37,302.15,39.0,304.31,48.0,300.9,20.0,306.92,52.0,303.23,2.160000000000025,59.0,100.0,0.4758466139202225,159,-41.0,16.0,-0.26
07:38:38,301.83,23.0,303.89,27.0,299.64,11.0,307.81,31.0,302.86,2.0600000000000023,34.0,58.0,0.5245474239563767,92,-24.0,-67.0,-0.26
07:38:39,299.36,14.0,303.82,33.0,297.5,40.0,313.0,55.0,301.59,4.4599999999999795,54.0,88.0,0.9461078162551881,142,-34.0,50.0,-0.24
07:38:40,299.0,12.0,301.67,36.0,297.0,60.0,310.25,60.0,300.33,2.670000000000016,72.0,96.0,1.398492045018143,168,-24.0,26.0,-0.14
07:38:41,297.18,55.0,299.46,37.0,296.13,195.0,303.94,53.0,298.32,2.2799999999999727,250.0,90.0,2.0036292072084563,340,160.0,172.0,0.47
07:38:42,296.33,67.0,298.2,15.0,295.88,100.0,303.04,26.0,297.26,1.8700000000000045,167.0,41.0,2.297862049814667,208,126.0,-132.0,0.61
07:38:43,296.0,158.0,301.0,11.0,295.0,44.0,314.0,55.0,298.5,5.0,202.0,66.0,1.7332772426759173,268,136.0,60.0,0.51
07:38:44,296.06,104.0,300.0,13.0,295.75,112.0,314.0,65.0,298.03,3.9399999999999977,216.0,78.0,1.1334769516748657,294,138.0,26.0,0.47
07:38:45,296.01,142.0,314.0,60.0,295.3,60.0,315.0,12.0,305.01,17.99000000000001,202.0,72.0,3.1584062436580758,274,130.0,-20.0,0.47
07:38:46,296.23,104.0,314.0,80.0,295.84,152.0,315.62,16.0,305.12,17.769999999999982,256.0,96.0,3.933183189221998,352,160.0,78.0,0.45
07:38:47,298.0,24.0,314.0,60.0,296.0,96.0,316.0,12.0,306.0,16.0,120.0,72.0,3.91759747804427,192,48.0,-160.0,0.25
07:38:48,299.14,28.0,313.9,50.0,296.0,28.0,314.53,34.0,306.52,14.759999999999991,56.0,84.0,3.470350126425158,140,-28.0,-52.0,-0.2
07:38:49,298.07,54.0,309.25,16.0,295.5,24.0,313.87,23.0,303.66,11.180000000000007,78.0,39.0,1.0928494864249343,117,39.0,-23.0,0.33
07:38:50,299.19,84.0,307.69,29.0,297.95,148.0,308.8,41.0,303.44,8.5,232.0,70.0,1.372996722493972,302,162.0,172.0,0.54
07:38:51,300.0,70.0,307.0,14.0,298.0,168.0,310.0,56.0,303.5,7.0,238.0,70.0,1.5068775663533935,308,168.0,6.0,0.55
07:38:52,300.0,25.0,305.6,5.0,298.0,60.0,310.0,20.0,302.8,5.600000000000023,85.0,25.0,1.4550189002136502,110,60.0,-172.0,0.55
07:38:53,300.0,48.0,305.0,12.0,298.0,144.0,310.0,55.0,302.5,5.0,192.0,67.0,0.5017967715905702,259,125.0,149.0,0.48
07:38:54,300.0,30.0,303.27,22.0,298.0,120.0,309.2,30.0,301.64,3.269999999999982,150.0,52.0,0.763596752205364,202,98.0,-57.0,0.49
07:38:55,298.62,87.0,301.97,38.0,297.83,118.0,306.0,27.0,300.3,3.3500000000000227,205.0,65.0,1.2298455187454713,270,140.0,68.0,0.52
07:38:56,298.0,138.0,299.08,12.0,295.87,23.0,309.17,36.0,298.54,1.079999999999984,161.0,48.0,1.754958688966202,209,113.0,-61.0,0.54
07:38:57,298.0,106.0,308.88,34.0,296.3,20.0,311.55,58.0,303.44,10.879999999999995,126.0,92.0,1.9203853779848354,218,34.0,9.0,0.16
07:38:58,299.57,42.0,311.0,91.0,297.4,75.0,313.0,52.0,305.29,11.430000000000007,117.0,143.0,2.6345815606995555,260,-26.0,42.0,-0.1
07:38:59,301.0,18.0,310.89,55.0,297.0,54.0,312.33,42.0,305.95,9.889999999999986,72.0,97.0,3.1970189239318247,169,-25.0,-91.0,-0.15
07:39:00,301.0,22.0,310.0,33.0,297.0,66.0,312.73,73.0,305.5,9.0,88.0,106.0,3.062438570808943,194,-18.0,25.0,-0.09
07:39:01,297.64,50.0,309.5,38.0,296.45,33.0,311.93,61.0,303.57,11.860000000000014,83.0,99.0,1.162174685655497,182,-16.0,-12.0,-0.09
07:39:02,297.43,28.0,301.29,62.0,296.66,29.0,307.43,46.0,299.36,3.8600000000000136,57.0,108.0,2.7115180250144637,165,-51.0,-17.0,-0.31
07:39:03,297.08,37.0,299.0,92.0,295.52,23.0,310.08,77.0,298.04,1.920000000000016,60.0,169.0,3.5985177504047674,229,-109.0,64.0,-0.48
07:39:04,297.0,30.0,298.86,35.0,295.0,15.0,307.0,55.0,297.93,1.8600000000000136,45.0,90.0,3.451774905751828,135,-45.0,-94.0,-0.33
07:39:05,294.73,15.0,296.61,28.0,293.65,34.0,298.44,27.0,295.67,1.8799999999999955,49.0,55.0,2.9211692864292678,104,-6.0,-31.0,-0.06
07:39:06,294.2,15.0,296.0,18.0,293.14,42.0,298.0,9.0,295.1,1.8000000000000114,57.0,27.0,1.778552782454689,84,30.0,-20.0,0.36
07:39:07,295.0,11.0,297.38,13.0,293.0,36.0,303.68,38.0,296.19,2.3799999999999955,47.0,51.0,1.3345898246192196,98,-4.0,14.0,-0.04
07:39:08,295.0,6.0,298.0,6.0,292.0,54.0,304.0,24.0,296.5,3.0,60.0,30.0,1.0657720206390568,90,30.0,-8.0,0.33
07:39:09,296.89,72.0,298.0,11.0,292.49,43.0,299.59,34.0,297.44,1.1100000000000136,115.0,45.0,0.8826947377077955,160,70.0,70.0,0.44
07:39:10,297.0,104.0,299.0,39.0,295.0,13.0,304.0,52.0,298.0,2.0,117.0,91.0,1.1272887828667275,208,26.0,48.0,0.12
07:39:11,297.0,72.0,299.0,27.0,295.0,9.0,304.0,36.0,298.0,2.0,81.0,63.0,0.8432555958766751,144,18.0,-64.0,0.12
07:39:12,297.0,80.0,299.0,30.0,295.0,10.0,304.0,40.0,298.0,2.0,90.0,70.0,0.6547671341610222,160,20.0,16.0,0.12
07:39:13,297.0,72.0,299.0,27.0,295.0,9.0,304.0,36.0,298.0,2.0,81.0,63.0,0.25043961343517385,144,18.0,-16.0,0.12
07:39:14,297.0,79.0,299.0,33.0,295.0,11.0,304.18,44.0,298.0,2.0,90.0,77.0,0.0,167,13.0,23.0,0.08
07:39:15,297.34,32.0,306.0,48.0,296.93,80.0,312.12,50.0,301.67,8.660000000000025,112.0,98.0,1.641273895478137,210,14.0,43.0,0.07
07:39:16,297.06,62.0,306.83,36.0,296.17,24.0,313.96,46.0,301.95,9.769999999999982,86.0,82.0,2.0891696915229985,168,4.0,-42.0,0.02
07:39:17,297.0,60.0,305.0,40.0,295.0,10.0,306.5,30.0,301.0,8.0,70.0,70.0,1.9694237735892548,140,0.0,-28.0,0.0
07:39:18,297.0,96.0,303.58,64.0,295.0,16.0,304.74,57.0,300.29,6.579999999999984,112.0,121.0,1.5797056687809627,233,-9.0,93.0,-0.04
07:39:19,297.0,54.0,302.22,27.0,295.0,9.0,303.28,29.0,299.61,5.220000000000027,63.0,56.0,0.9671504536414375,119,7.0,-114.0,0.06
07:39:20,297.0,78.0,302.0,39.0,295.0,13.0,303.0,39.0,299.5,5.0,91.0,78.0,1.022765857847543,169,13.0,50.0,0.08
07:39:21,297.0,96.0,299.81,48.0,295.0,16.0,301.12,48.0,298.41,2.8100000000000023,112.0,96.0,0.9658001863627059,208,16.0,39.0,0.08
07:39:22,294.78,54.0,297.12,26.0,290.33,18.0,303.63,38.0,295.95,2.340000000000032,72.0,64.0,1.7050865080627657,136,8.0,-72.0,0.06
07:39:28,293.21,28.0,305.06,68.0,290.86,14.0,309.13,46.0,299.14,11.850000000000023,42.0,114.0,2.7214738653852217,156,-72.0,27.0,-0.46
07:39:29,297.33,12.0,306.0,55.0,293.81,21.0,309.47,38.0,301.67,8.670000000000016,33.0,93.0,4.101709399747354,126,-60.0,-30.0,-0.48
07:39:30,298.57,14.0,306.0,50.0,295.0,16.0,310.0,30.0,302.29,7.430000000000007,30.0,80.0,4.477460217576139,110,-50.0,-16.0,-0.45
07:39:31,299.0,20.0,306.0,50.0,298.0,10.0,310.0,37.0,302.5,7.0,30.0,87.0,3.8623373752144103,117,-57.0,7.0,-0.49
07:39:32,297.0,15.0,305.3,63.0,295.4,20.0,307.5,56.0,301.15,8.300000000000011,35.0,119.0,1.3446746818391304,154,-84.0,37.0,-0.55
07:39:33,295.12,16.0,303.0,56.0,292.33,18.0,306.67,36.0,299.06,7.8799999999999955,34.0,92.0,1.377617508591976,126,-58.0,-28.0,-0.46
07:39:34,288.97,125.0,303.0,52.0,287.36,28.0,309.0,13.0,295.98,14.029999999999973,153.0,65.0,2.7234408383474213,218,88.0,92.0,0.4
07:39:35,289.0,54.0,297.89,9.0,288.0,12.0,306.08,13.0,293.44,8.889999999999986,66.0,22.0,3.7169449821025737,88,44.0,-130.0,0.5
07:39:36,289.0,91.0,305.11,18.0,287.15,26.0,306.07,41.0,297.06,16.110000000000014,117.0,59.0,2.9416186020585386,176,58.0,88.0,0.33
07:39:37,289.0,28.0,303.0,14.0,287.0,8.0,304.5,10.0,296.0,14.0,36.0,24.0,2.035121617981633,60,12.0,-116.0,0.2
07:39:38,292.43,35.0,302.0,40.0,289.14,29.0,303.0,14.0,297.21,9.569999999999993,64.0,54.0,1.5101721756064455,118,10.0,58.0,0.08
07:39:39,298.0,88.0,302.0,66.0,297.0,22.0,303.0,22.0,300.0,4.0,110.0,88.0,2.365823323914223,198,22.0,80.0,0.11
07:39:40,298.0,50.0,302.0,48.0,297.0,16.0,303.0,16.0,300.0,4.0,66.0,64.0,1.8366491227171253,130,2.0,-68.0,0.02
07:39:41,299.44,96.0,302.0,96.0,297.0,32.0,303.0,32.0,300.72,2.5600000000000023,128.0,128.0,2.057517922152361,256,0.0,126.0,0.0
07:39:42,297.39,46.0,301.95,88.0,294.75,24.0,302.82,34.0,299.67,4.560000000000002,70.0,122.0,1.347163687151161,192,-52.0,-64.0,-0.27
07:39:43,290.0,20.0,300.8,40.0,288.0,10.0,302.0,60.0,295.4,10.800000000000011,30.0,100.0,2.1355608162678097,130,-70.0,-62.0,-0.54
07:39:44,290.0,28.0,299.18,56.0,288.0,14.0,300.12,51.0,294.59,9.180000000000007,42.0,107.0,2.852477870199453,149,-65.0,19.0,-0.44
07:39:45,289.38,26.0,296.96,50.0,284.88,41.0,298.19,63.0,293.17,7.579999999999984,67.0,113.0,3.3009013920407257,180,-46.0,31.0,-0.26
07:40:05,293.03,31.0,295.55,33.0,288.54,26.0,297.16,111.0,294.29,2.5200000000000387,57.0,144.0,2.2151365646322403,201,-87.0,-19.0,-0.43
07:40:06,290.67,21.0,296.5,90.0,286.32,38.0,297.94,96.0,293.58,5.829999999999984,59.0,186.0,2.214102526978308,245,-127.0,44.0,-0.52
07:40:07,289.0,28.0,296.0,40.0,288.0,24.0,297.0,52.0,292.5,7.0,52.0,92.0,1.656028381390997,144,-40.0,-101.0,-0.28
07:40:08,289.94,18.0,296.0,79.0,288.55,29.0,298.2,50.0,292.97,6.060000000000002,47.0,129.0,0.9893179468568783,176,-82.0,32.0,-0.47
07:40:09,292.88,17.0,295.78,104.0,290.12,26.0,298.08,65.0,294.33,2.8999999999999773,43.0,169.0,0.8053756887152929,212,-126.0,36.0,-0.59
07:40:38,293.79,56.0,296.67,48.0,291.32,31.0,297.27,74.0,295.23,2.8799999999999955,87.0,122.0,1.797795872720829,209,-35.0,-19.0,-0.17
07:40:39,294.53,45.0,297.0,112.0,293.57,42.0,299.0,28.0,295.77,2.4700000000000273,87.0,140.0,1.065818933953191,227,-53.0,18.0,-0.23
07:40:40,294.88,48.0,297.0,89.0,288.5,24.0,299.0,32.0,295.94,2.1200000000000045,72.0,121.0,0.7348265101190424,193,-49.0,-34.0,-0.25
07:40:41,286.29,31.0,297.44,18.0,281.86,22.0,327.71,28.0,291.87,11.149999999999977,53.0,46.0,1.6586952703776565,99,7.0,-94.0,0.07
07:40:42,283.0,20.0,297.0,54.0,282.04,24.0,299.64,28.0,290.0,14.0,44.0,82.0,2.6768955900393814,126,-38.0,27.0,-0.3
07:40:43,284.92,13.0,297.0,73.0,282.68,19.0,300.0,26.0,290.96,12.079999999999984,32.0,99.0,2.77095110024906,131,-67.0,5.0,-0.51
07:40:44,281.24,34.0,297.0,60.0,205.6,40.0,300.0,20.0,289.12,15.759999999999991,74.0,80.0,2.646983188456297,154,-6.0,23.0,-0.04
07:40:45,281.88,34.0,296.12,48.0,270.5,40.0,297.51,41.0,289.0,14.240000000000009,74.0,89.0,1.226009787876519,163,-15.0,9.0,-0.09
07:40:54,290.78,54.0,298.44,45.0,284.49,39.0,298.08,12.0,294.61,7.660000000000025,93.0,57.0,2.4656905726325826,150,36.0,70.0,0.24
07:40:55,298.77,13.0,300.09,11.0,293.5,8.0,301.33,3.0,299.43,1.3199999999999932,21.0,14.0,4.55298253894864,35,7.0,-115.0,0.2
07:40:56,296.0,48.0,300.31,16.0,280.11,38.0,301.31,16.0,298.16,4.310000000000002,86.0,32.0,4.683884072004016,118,54.0,83.0,0.46
07:40:57,282.0,21.0,308.0,7.0,278.0,56.0,434.0,28.0,295.0,26.0,77.0,35.0,3.854691946183751,112,42.0,-6.0,0.38
07:40:59,282.0,21.0,382.4,15.0,278.0,56.0,463.45,22.0,332.2,100.39999999999998,77.0,37.0,17.75489087547371,114,40.0,13.0,0.35
07:41:00,293.32,34.0,405.62,26.0,280.12,33.0,455.32,19.0,349.47,112.30000000000001,67.0,45.0,27.40866049262511,112,22.0,-2.0,0.2
07:41:01,298.0,136.0,363.54,26.0,292.39,23.0,440.66,38.0,330.77,65.54000000000002,159.0,64.0,27.162462149076138,223,95.0,111.0,0.43
07:41:02,298.5,20.0,403.96,23.0,297.97,101.0,438.95,22.0,351.23,105.45999999999998,121.0,45.0,26.609278081150624,166,76.0,-57.0,0.46
07:41:03,298.0,64.0,333.88,26.0,295.0,16.0,367.53,17.0,315.94,35.879999999999995,80.0,43.0,14.64206167177312,123,37.0,-43.0,0.3
07:41:04,298.0,69.0,299.36,25.0,295.0,22.0,310.29,31.0,298.68,1.3600000000000136,91.0,56.0,22.393944940541452,147,35.0,24.0,0.24
07:41:05,298.0,24.0,300.62,24.0,295.0,16.0,343.0,20.0,299.31,2.6200000000000045,40.0,44.0,22.288421433560366,84,-4.0,-63.0,-0.05
07:41:06,298.0,18.0,301.0,18.0,295.0,12.0,308.0,24.0,299.5,3.0,30.0,42.0,22.610185094332774,72,-12.0,-12.0,-0.17
07:41:07,297.88,32.0,299.91,33.0,296.6,35.0,302.79,38.0,298.89,2.0300000000000296,67.0,71.0,7.540353439990685,138,-4.0,66.0,-0.03
07:41:08,297.38,52.0,299.0,33.0,296.67,36.0,301.7,40.0,298.19,1.6200000000000045,88.0,73.0,0.5195478803505861,161,15.0,23.0,0.09
07:41:09,297.56,54.0,299.0,31.0,296.81,58.0,302.39,46.0,298.28,1.4399999999999977,112.0,77.0,0.5905336569381456,189,35.0,28.0,0.19
07:41:10,297.0,138.0,299.0,11.0,294.0,11.0,303.0,33.0,298.0,2.0,149.0,44.0,0.6165792730675844,193,105.0,4.0,0.54
07:41:11,297.49,97.0,308.03,31.0,297.22,27.0,415.08,24.0,302.76,10.539999999999964,124.0,55.0,2.004577262162029,179,69.0,-14.0,0.39
07:41:12,301.73,11.0,309.0,44.0,297.28,58.0,387.84,43.0,305.36,7.269999999999982,69.0,87.0,3.363037317660615,156,-18.0,-23.0,-0.12
07:41:13,298.71,7.0,309.0,20.0,295.42,38.0,414.0,5.0,303.86,10.29000000000002,45.0,25.0,3.3376518692006556,70,20.0,-86.0,0.29
07:41:14,297.0,4.0,307.8,5.0,294.0,20.0,330.0,5.0,302.4,10.800000000000011,24.0,10.0,2.7547195864514156,34,14.0,-36.0,0.41
07:41:15,298.42,12.0,305.86,21.0,297.0,24.0,314.33,51.0,302.14,7.439999999999998,36.0,72.0,1.3232837941951656,108,-36.0,74.0,-0.33
07:41:16,299.0,2.0,308.0,8.0,297.0,4.0,329.0,10.0,303.5,9.0,6.0,18.0,1.2881459544553326,24,-12.0,-84.0,-0.5
07:41:17,299.15,13.0,307.49,41.0,297.09,23.0,442.63,52.0,303.32,8.340000000000032,36.0,93.0,0.7385661784697285,129,-57.0,105.0,-0.44
07:41:18,300.0,24.0,306.35,43.0,299.0,12.0,307.49,41.0,303.17,6.350000000000023,36.0,84.0,0.5993162770852201,120,-48.0,-9.0,-0.4
07:41:19,300.0,24.0,303.87,38.0,299.0,12.0,306.57,46.0,301.93,3.8700000000000045,36.0,84.0,0.7226825028871461,120,-48.0,0.0,-0.4
07:41:20,300.0,14.0,302.0,21.0,299.0,7.0,310.68,25.0,301.0,2.0,21.0,46.0,1.0794581974208628,67,-25.0,-53.0,-0.37
07:41:21,299.5,16.0,302.1,20.0,297.4,20.0,310.11,36.0,300.8,2.6000000000000227,36.0,56.0,1.1775525465892422,92,-20.0,25.0,-0.22
07:41:22,299.0,13.0,302.85,13.0,297.0,26.0,310.65,46.0,300.92,3.8500000000000227,39.0,59.0,1.0037081248941873,98,-20.0,6.0,-0.2
07:41:23,297.15,13.0,301.08,49.0,294.43,14.0,302.31,13.0,299.12,3.930000000000007,27.0,62.0,1.017732774346129,89,-35.0,-9.0,-0.39
07:41:24,297.0,8.0,300.88,40.0,294.0,8.0,302.0,11.0,298.94,3.8799999999999955,16.0,51.0,1.0323177805201427,67,-35.0,-22.0,-0.52
07:41:25,297.0,11.0,299.65,23.0,294.0,11.0,302.4,20.0,298.33,2.6499999999999773,22.0,43.0,1.168212309461702,65,-21.0,-2.0,-0.32
07:41:26,299.46,61.0,304.75,16.0,297.09,33.0,310.05,42.0,302.1,5.2900000000000205,94.0,58.0,1.5711206191689961,152,36.0,87.0,0.24
07:41:27,302.09,33.0,306.0,13.0,301.68,82.0,307.0,26.0,304.05,3.910000000000025,115.0,39.0,2.4601361750883384,154,76.0,2.0,0.49
07:41:28,303.02,111.0,306.06,33.0,301.26,76.0,327.93,27.0,304.54,3.0400000000000205,187.0,60.0,2.8576336364164665,247,127.0,93.0,0.51
07:41:29,303.0,109.0,306.0,33.0,301.0,66.0,308.45,22.0,304.5,3.0,175.0,55.0,2.641255383331816,230,120.0,-17.0,0.52
07:41:30,303.0,93.0,305.68,31.0,301.0,66.0,311.43,28.0,304.34,2.680000000000007,159.0,59.0,1.027803483152181,218,100.0,-12.0,0.46
07:41:31,301.46,39.0,311.0,14.0,299.89,27.0,318.0,35.0,306.23,9.54000000000002,66.0,49.0,0.8592845861413598,115,17.0,-103.0,0.15
07:41:32,301.0,40.0,311.0,16.0,299.0,24.0,318.0,40.0,306.0,10.0,64.0,56.0,0.9131922031972689,120,8.0,5.0,0.07
07:41:33,301.0,28.0,311.0,14.0,300.0,7.0,318.0,35.0,306.0,10.0,35.0,49.0,0.9139912472121353,84,-14.0,-36.0,-0.17
07:41:34,301.0,30.0,311.0,20.0,300.0,10.0,318.0,50.0,306.0,10.0,40.0,70.0,0.7745192056886014,110,-30.0,26.0,-0.27
07:41:35,301.0,12.0,311.0,12.0,300.0,6.0,318.0,30.0,306.0,10.0,18.0,42.0,0.10285912687082274,60,-24.0,-50.0,-0.4
07:41:36,299.29,14.0,311.0,14.0,298.11,19.0,318.0,35.0,305.14,11.70999999999998,33.0,49.0,0.38460369210465134,82,-16.0,22.0,-0.2
07:41:37,299.0,4.0,311.0,4.0,298.0,6.0,318.0,10.0,305.0,12.0,10.0,14.0,0.511781203230864,24,-4.0,-58.0,-0.17
07:41:38,299.0,22.0,308.98,52.0,298.0,33.0,312.4,25.0,303.99,9.980000000000018,55.0,77.0,0.8343140895251684,132,-22.0,108.0,-0.17
07:41:39,299.0,11.0,307.16,49.0,298.0,33.0,308.3,33.0,303.08,8.160000000000025,44.0,82.0,1.1275282701466396,126,-38.0,-6.0,-0.3
07:41:40,299.0,14.0,304.57,42.0,298.0,42.0,306.0,70.0,301.79,5.569999999999993,56.0,112.0,1.3991247263841007,168,-56.0,42.0,-0.33
07:41:41,298.28,25.0,301.4,47.0,297.3,69.0,306.62,39.0,299.84,3.1200000000000045,94.0,86.0,2.0061281115569067,180,8.0,12.0,0.04
07:41:42,297.21,71.0,299.89,54.0,294.41,102.0,307.78,37.0,298.55,2.680000000000007,173.0,91.0,2.2486773890396416,264,82.0,84.0,0.31
07:41:43,294.97,87.0,297.82,28.0,290.97,31.0,300.38,37.0,296.39,2.849999999999966,118.0,65.0,2.637527251039747,183,53.0,-81.0,0.29
07:41:44,295.0,97.0,296.75,36.0,292.0,18.0,300.66,44.0,295.88,1.75,115.0,80.0,2.446333991910445,195,35.0,12.0,0.18
07:41:45,295.0,44.0,299.76,29.0,292.0,11.0,310.53,34.0,297.38,4.759999999999991,55.0,63.0,1.6117288853823963,118,-8.0,-77.0,-0.07
07:41:46,295.19,27.0,307.0,22.0,294.14,21.0,313.0,55.0,301.09,11.810000000000002,48.0,77.0,2.074890358543339,125,-29.0,7.0,-0.23
07:41:47,295.91,22.0,306.14,42.0,294.83,36.0,310.84,50.0,301.03,10.229999999999961,58.0,92.0,2.528503509979046,150,-34.0,25.0,-0.23
07:41:48,296.09,22.0,310.0,22.0,294.71,17.0,317.5,42.0,303.05,13.910000000000025,39.0,64.0,2.9536976825628565,103,-25.0,-47.0,-0.24
07:41:49,303.67,12.0,310.0,22.0,296.82,22.0,312.0,22.0,306.83,6.329999999999984,34.0,44.0,3.444848327572415,78,-10.0,-25.0,-0.13
07:41:50,297.0,22.0,306.28,25.0,295.0,22.0,309.21,28.0,301.64,9.279999999999973,44.0,53.0,2.433109122086186,97,-9.0,19.0,-0.09
07:41:51,297.0,18.0,304.0,18.0,295.0,18.0,306.0,18.0,300.5,7.0,36.0,36.0,2.54417963201872,72,0.0,-25.0,0.0
07:41:52,297.93,91.0,302.95,20.0,296.25,16.0,304.17,18.0,300.44,5.019999999999982,107.0,38.0,2.6473703934241635,145,69.0,73.0,0.48
07:41:53,297.0,36.0,300.3,47.0,295.0,36.0,301.49,43.0,298.65,3.3000000000000114,72.0,90.0,3.106922915036399,162,-18.0,17.0,-0.11
07:41:54,296.54,26.0,299.3,37.0,293.45,29.0,301.21,28.0,297.92,2.759999999999991,55.0,65.0,1.5114231703851622,120,-10.0,-42.0,-0.08
07:41:55,290.5,92.0,299.93,29.0,290.56,25.0,300.75,24.0,295.22,9.430000000000007,117.0,53.0,2.171999079184047,170,64.0,50.0,0.38
07:41:56,290.0,95.0,297.92,12.0,289.0,20.0,299.93,28.0,293.96,7.920000000000016,115.0,40.0,2.623417618294053,155,75.0,-15.0,0.48
07:41:57,290.0,77.0,297.0,33.0,289.0,22.0,298.0,11.0,293.5,7.0,99.0,44.0,2.3246720198718087,143,55.0,-12.0,0.38
07:41:58,290.0,91.0,296.0,25.0,289.0,26.0,296.41,27.0,293.0,6.0,117.0,52.0,1.9694161571324484,169,65.0,26.0,0.38
07:42:12,287.0,48.0,296.12,16.0,275.45,22.0,298.46,28.0,291.56,9.120000000000005,70.0,44.0,0.5724683397115711,114,26.0,26.0,0.23
07:42:13,287.86,58.0,297.0,51.0,279.81,96.0,299.34,47.0,292.43,9.139999999999986,154.0,98.0,0.9821507012532796,252,56.0,138.0,0.22
07:42:14,290.0,26.0,297.0,39.0,286.06,64.0,300.0,104.0,293.5,7.0,90.0,143.0,1.4204295124970354,233,-53.0,-19.0,-0.23
07:42:15,290.0,26.0,296.85,39.0,284.0,52.0,300.0,104.0,293.42,6.850000000000023,78.0,143.0,1.4559601642808735,221,-65.0,-12.0,-0.29
07:42:16,290.0,20.0,295.9,30.0,284.0,40.0,298.36,44.0,292.95,5.899999999999977,60.0,74.0,0.8011678974927942,134,-14.0,-87.0,-0.1
07:42:22,288.0,24.0,296.5,36.0,283.0,24.0,304.38,24.0,292.25,8.5,48.0,60.0,0.9219164821025342,108,-12.0,-40.0,-0.11
07:42:23,285.08,24.0,299.96,23.0,280.79,38.0,304.56,18.0,292.52,14.879999999999995,62.0,41.0,0.9731135596488822,103,21.0,-5.0,0.2
07:42:24,284.29,58.0,301.0,28.0,282.25,64.0,304.29,28.0,292.65,16.70999999999998,122.0,56.0,1.0780677158567527,178,66.0,75.0,0.37
07:42:25,288.27,51.0,301.0,30.0,286.7,47.0,304.0,30.0,294.64,12.730000000000018,98.0,60.0,1.1740655858907927,158,38.0,-20.0,0.24
07:42:26,298.0,70.0,299.32,38.0,297.0,14.0,301.36,28.0,298.66,1.3199999999999932,84.0,66.0,2.6970780485506594,150,18.0,-8.0,0.12
07:42:27,297.93,28.0,300.54,26.0,290.24,21.0,303.5,24.0,299.23,2.6100000000000136,49.0,50.0,3.2261819539471808,99,-1.0,-51.0,-0.01
07:42:28,298.25,16.0,301.0,20.0,295.0,18.0,304.0,20.0,299.62,2.75,34.0,40.0,3.125579946181972,74,-6.0,-25.0,-0.08
07:42:29,297.0,17.0,299.71,34.0,294.0,51.0,302.95,43.0,298.35,2.7099999999999795,68.0,77.0,1.9959333656149953,145,-9.0,71.0,-0.06
07:42:30,295.67,9.0,303.0,14.0,292.86,21.0,307.0,14.0,299.33,7.329999999999984,30.0,28.0,0.5189123239771367,58,2.0,-87.0,0.03
07:42:31,294.0,30.0,303.04,27.0,288.55,73.0,306.62,32.0,298.52,9.04000000000002,103.0,59.0,0.5474029594141383,162,44.0,104.0,0.27
07:42:32,298.17,24.0,307.0,24.0,287.78,55.0,308.0,36.0,302.58,8.829999999999984,79.0,60.0,1.7066487629197222,139,19.0,-23.0,0.14
07:42:33,304.0,30.0,308.0,45.0,298.0,20.0,309.0,30.0,306.0,4.0,50.0,75.0,3.295774567529697,125,-25.0,-14.0,-0.2
07:42:34,304.0,18.0,307.84,25.0,302.0,9.0,308.86,22.0,305.92,3.839999999999975,27.0,47.0,3.529787529013008,74,-20.0,-51.0,-0.27
07:42:35,304.0,28.0,307.0,28.0,302.0,14.0,308.16,31.0,305.5,3.0,42.0,59.0,3.222775201588804,101,-17.0,27.0,-0.17
07:42:36,304.0,20.0,306.4,20.0,302.0,10.0,308.27,22.0,305.2,2.3999999999999773,30.0,42.0,1.4128694207093901,72,-12.0,-29.0,-0.17
07:42:37,304.0,22.0,305.64,22.0,302.0,11.0,309.0,33.0,304.82,1.6399999999999864,33.0,55.0,0.49448963586271366,88,-22.0,16.0,-0.25
07:42:38,302.08,26.0,307.12,34.0,297.7,40.0,309.67,36.0,304.6,5.0400000000000205,66.0,70.0,0.5273708372441921,136,-4.0,48.0,-0.03
07:42:39,297.0,57.0,310.37,57.0,294.0,38.0,406.42,48.0,303.68,13.370000000000005,95.0,105.0,0.6958448102671062,200,-10.0,64.0,-0.05
07:42:40,297.0,30.0,310.0,33.0,294.0,20.0,429.39,36.0,303.5,13.0,50.0,69.0,0.7376991256438481,119,-19.0,-81.0,-0.16
07:42:41,297.0,33.0,309.0,93.0,294.0,22.0,339.4,15.0,303.0,12.0,55.0,108.0,0.7669419795367355,163,-53.0,44.0,-0.33
07:42:42,297.4,25.0,308.25,36.0,295.8,25.0,309.3,71.0,302.82,10.850000000000023,50.0,107.0,0.6987131027651947,157,-57.0,-6.0,-0.36
07:42:43,298.0,30.0,308.0,45.0,297.0,45.0,309.0,87.0,303.0,10.0,75.0,132.0,0.3690528417121127,207,-57.0,50.0,-0.28
07:42:44,298.0,18.0,306.44,27.0,297.0,27.0,309.0,35.0,302.22,8.439999999999998,45.0,62.0,0.4605648705402915,107,-17.0,-100.0,-0.16
07:42:45,298.0,18.0,306.0,27.0,297.0,27.0,309.0,27.0,302.0,8.0,45.0,54.0,0.4670331893728714,99,-9.0,-8.0,-0.09
07:42:46,297.33,36.0,305.07,42.0,294.93,58.0,309.88,50.0,301.2,7.740000000000009,94.0,92.0,0.7164635370874063,186,2.0,87.0,0.01
07:42:47,297.0,36.0,304.67,36.0,294.0,60.0,309.85,54.0,300.83,7.670000000000016,96.0,90.0,0.8580209787504157,186,6.0,0.0,0.03
07:42:48,297.0,33.0,303.09,33.0,294.0,55.0,308.0,22.0,300.05,6.089999999999975,88.0,55.0,0.8834308122178094,143,33.0,-43.0,0.23
07:42:49,297.0,30.0,302.1,30.0,294.0,50.0,308.7,20.0,299.55,5.100000000000023,80.0,50.0,0.9615768299911261,130,30.0,-13.0,0.23
07:42:50,297.0,33.0,300.55,33.0,294.0,55.0,309.81,31.0,298.77,3.5500000000000114,88.0,64.0,0.9765756498990903,152,24.0,22.0,0.16
07:42:51,297.0,45.0,299.13,45.0,294.0,75.0,308.8,30.0,298.07,2.1299999999999955,120.0,75.0,1.0771629403093703,195,45.0,43.0,0.23
07:42:52,294.93,29.0,301.76,17.0,289.87,31.0,312.15,26.0,298.35,6.829999999999984,60.0,43.0,0.8271154695542884,103,17.0,-92.0,0.17
07:42:53,300.67,90.0,306.0,22.0,290.61,46.0,312.0,55.0,303.33,5.329999999999984,136.0,77.0,2.1509718733576735,213,59.0,110.0,0.28
07:42:54,304.0,156.0,305.05,38.0,297.67,73.0,307.03,29.0,304.53,1.0500000000000114,229.0,67.0,3.070407139122687,296,162.0,83.0,0.55
07:42:55,304.0,168.0,305.0,42.0,299.7,46.0,307.0,28.0,304.5,1.0,214.0,70.0,3.27450454267135,284,144.0,-12.0,0.51
07:42:56,304.0,75.0,306.65,17.0,300.0,24.0,312.68,37.0,305.32,2.6499999999999773,99.0,54.0,2.805909834612467,153,45.0,-131.0,0.29
07:42:57,304.0,46.0,307.0,12.0,300.0,18.0,313.0,30.0,305.5,3.0,64.0,42.0,0.858737445308392,106,22.0,-47.0,0.21
07:42:58,304.0,55.0,306.2,30.0,300.0,33.0,309.9,31.0,305.1,2.1999999999999886,88.0,61.0,0.45628938183427603,149,27.0,43.0,0.18
07:42:59,304.0,70.0,306.0,42.0,300.0,42.0,307.0,28.0,305.0,2.0,112.0,70.0,0.37984207241258006,182,42.0,33.0,0.23
07:43:00,300.0,33.0,304.73,33.0,298.07,75.0,307.0,22.0,302.36,4.730000000000018,108.0,55.0,1.2981063130478692,163,53.0,-19.0,0.33
07:43:01,300.96,134.0,303.69,48.0,299.81,52.0,307.0,32.0,302.32,2.730000000000018,186.0,80.0,1.5776818437108338,266,106.0,103.0,0.4
07:43:02,300.31,101.0,302.65,51.0,298.6,87.0,306.7,40.0,301.48,2.339999999999975,188.0,91.0,1.678904404656469,279,97.0,13.0,0.35
07:43:03,300.29,56.0,303.0,39.0,298.87,55.0,310.0,26.0,301.64,2.7099999999999795,111.0,65.0,1.4198591479350986,176,46.0,-103.0,0.26
07:43:04,298.74,43.0,308.56,27.0,298.0,40.0,310.52,29.0,303.65,9.819999999999993,83.0,56.0,0.8564461454026259,139,27.0,-37.0,0.19
07:43:05,298.0,49.0,309.0,21.0,297.0,28.0,312.84,38.0,303.5,11.0,77.0,59.0,1.0165234871733158,136,18.0,-3.0,0.13
07:43:06,298.0,77.0,310.54,39.0,297.0,44.0,313.15,65.0,304.27,12.54000000000002,121.0,104.0,1.265215396671632,225,17.0,89.0,0.08
07:43:07,300.81,32.0,312.0,44.0,297.89,71.0,313.0,66.0,306.41,11.189999999999998,103.0,110.0,1.7151472239941992,213,-7.0,-12.0,-0.03
07:43:08,303.0,16.0,312.0,32.0,298.0,56.0,313.0,48.0,307.5,9.0,72.0,80.0,1.7903714698282664,152,-8.0,-61.0,-0.05
07:43:09,303.0,22.0,311.18,44.0,298.0,77.0,312.63,54.0,307.09,8.180000000000007,99.0,98.0,1.771053358872918,197,1.0,45.0,0.01
07:43:10,298.44,41.0,311.0,40.0,296.89,38.0,312.0,50.0,304.72,12.560000000000002,79.0,90.0,1.4350505217500327,169,-11.0,-28.0,-0.07
07:43:11,298.0,35.0,311.0,30.0,296.0,16.0,312.0,35.0,304.5,13.0,51.0,65.0,1.3679290917204199,116,-14.0,-53.0,-0.12
07:43:12,298.0,45.0,311.0,54.0,296.0,18.0,312.0,45.0,304.5,13.0,63.0,99.0,1.5004399354772695,162,-36.0,46.0,-0.22
07:43:13,298.0,80.0,308.61,76.0,296.0,32.0,309.55,62.0,303.3,10.610000000000014,112.0,138.0,1.3854674301386518,250,-26.0,88.0,-0.1
07:43:14,298.0,75.0,303.67,60.0,296.0,30.0,306.0,30.0,300.83,5.670000000000016,105.0,90.0,1.630398724231299,195,15.0,-55.0,0.08
07:43:15,298.05,84.0,301.42,52.0,296.48,42.0,303.11,54.0,299.74,3.3700000000000045,126.0,106.0,2.1805458032279312,232,20.0,37.0,0.09
07:43:16,298.0,73.0,299.67,30.0,296.0,30.0,300.67,30.0,298.83,1.670000000000016,103.0,60.0,2.392561388966834,163,43.0,-69.0,0.26
07:43:17,298.0,52.0,299.58,24.0,296.0,24.0,308.65,46.0,298.79,1.579999999999984,76.0,70.0,1.873197800547209,146,6.0,-17.0,0.04
07:43:18,298.0,22.0,306.2,20.0,296.0,20.0,311.71,45.0,302.1,8.199999999999989,42.0,65.0,1.4126818466926363,107,-23.0,-39.0,-0.21
07:43:19,296.57,14.0,301.0,20.0,295.44,9.0,313.55,22.0,298.79,4.430000000000007,23.0,42.0,1.4284782112356231,65,-19.0,-42.0,-0.29
07:43:20,286.21,71.0,297.0,40.0,285.64,33.0,307.0,20.0,291.61,10.79000000000002,104.0,60.0,3.859284907852112,164,44.0,99.0,0.27
07:43:21,286.83,95.0,296.2,40.0,284.0,48.0,300.42,48.0,291.52,9.370000000000005,143.0,88.0,4.757664342928725,231,55.0,67.0,0.24
07:43:23,289.09,47.0,298.0,56.0,285.25,63.0,306.0,28.0,293.54,8.910000000000025,110.0,84.0,3.424028329318565,194,26.0,56.0,0.13
07:43:24,295.0,26.0,296.89,19.0,287.0,52.0,298.92,48.0,295.95,1.8899999999999864,78.0,67.0,2.2903995284613825,145,11.0,-49.0,0.08
07:43:25,295.0,18.0,299.5,12.0,287.0,36.0,300.0,27.0,297.25,4.5,54.0,39.0,3.0050574037738,93,15.0,-52.0,0.16
07:43:26,295.0,24.0,308.83,48.0,287.0,48.0,386.08,52.0,301.92,13.829999999999984,72.0,100.0,4.424473980031414,172,-28.0,79.0,-0.16
07:43:27,287.0,56.0,308.53,38.0,286.0,56.0,339.11,61.0,297.76,21.529999999999973,112.0,99.0,3.0625691828878656,211,13.0,39.0,0.06
07:43:28,286.31,64.0,295.64,44.0,281.02,53.0,305.04,50.0,290.97,9.329999999999984,117.0,94.0,3.9384451246620906,211,23.0,0.0,0.11
07:43:34,293.07,105.0,299.0,60.0,282.0,30.0,301.0,15.0,296.03,5.930000000000007,135.0,75.0,3.3548889698433957,210,60.0,-43.0,0.29
07:43:35,294.0,77.0,297.93,43.0,281.14,57.0,298.9,29.0,295.97,3.930000000000007,134.0,72.0,3.3311889769234977,206,62.0,-4.0,0.3
07:43:36,295.0,126.0,296.04,78.0,285.0,42.0,298.0,39.0,295.52,1.0400000000000205,168.0,117.0,2.70652914264308,285,51.0,79.0,0.18
07:43:37,295.95,40.0,299.0,23.0,294.06,17.0,300.36,14.0,297.48,3.0500000000000114,57.0,37.0,1.7869163382698956,94,20.0,-172.0,0.21
07:43:38,297.82,66.0,299.45,11.0,295.12,17.0,305.0,11.0,298.64,1.6299999999999955,83.0,22.0,1.2982950357971903,105,61.0,11.0,0.58
07:43:39,298.0,54.0,300.0,9.0,293.0,9.0,311.0,9.0,299.0,2.0,63.0,18.0,1.5534542156032531,81,45.0,-24.0,0.56
07:43:40,298.0,34.0,300.0,6.0,293.0,6.0,311.0,6.0,299.0,2.0,40.0,12.0,1.4836172012940019,52,28.0,-29.0,0.54
07:43:41,298.02,56.0,307.33,12.0,296.04,225.0,450.09,32.0,302.68,9.310000000000002,281.0,44.0,1.957958120076933,325,237.0,172.0,0.73
07:43:42,299.92,13.0,311.0,13.0,298.0,65.0,598.75,59.0,305.46,11.079999999999984,78.0,72.0,3.011391704839286,150,6.0,-172.0,0.04
07:43:43,299.06,31.0,309.32,19.0,296.81,135.0,498.48,61.0,304.19,10.259999999999991,166.0,80.0,2.966829958048597,246,86.0,96.0,0.35
07:43:44,296.06,165.0,304.86,29.0,295.14,28.0,306.0,25.0,300.46,8.800000000000011,193.0,54.0,2.643902418769381,247,139.0,1.0,0.56
07:43:45,295.97,186.0,304.0,10.0,294.87,45.0,305.0,50.0,299.98,8.029999999999973,231.0,60.0,2.3530575853502915,291,171.0,44.0,0.59
07:43:46,295.0,21.0,304.0,5.0,293.0,5.0,305.0,25.0,299.5,9.0,26.0,30.0,2.7127513708363793,56,-4.0,-172.0,-0.07
07:43:47,295.64,25.0,303.15,13.0,290.42,31.0,305.15,65.0,299.4,7.509999999999991,56.0,78.0,1.9928572452574003,134,-22.0,78.0,-0.16
07:43:48,296.31,26.0,301.74,27.0,294.92,25.0,305.69,65.0,299.02,5.430000000000007,51.0,92.0,0.5577813191342273,143,-41.0,9.0,-0.29
07:43:49,293.98,50.0,300.29,42.0,290.28,39.0,301.8,30.0,297.13,6.310000000000002,89.0,72.0,1.1031228399300297,161,17.0,18.0,0.11
07:43:51,291.0,9.0,295.91,46.0,289.07,45.0,304.97,31.0,293.46,4.910000000000025,54.0,77.0,2.8187089243084027,131,-23.0,-27.0,-0.18
07:43:52,291.13,30.0,300.97,65.0,289.5,28.0,303.29,89.0,296.05,9.840000000000032,58.0,154.0,2.330079397783682,212,-96.0,81.0,-0.45
07:43:53,289.75,53.0,296.53,57.0,287.46,48.0,297.18,66.0,293.14,6.779999999999973,101.0,123.0,1.7708952538126879,224,-22.0,12.0,-0.1
07:43:55,286.0,55.0,299.09,35.0,280.0,22.0,325.88,33.0,292.54,13.089999999999975,77.0,68.0,2.238823351668615,145,9.0,-81.0,0.06
07:43:56,286.62,58.0,301.5,60.0,281.11,27.0,315.58,43.0,294.06,14.879999999999995,85.0,103.0,2.285504320708379,188,-18.0,43.0,-0.1
07:43:57,287.06,53.0,299.0,55.0,281.68,25.0,307.0,22.0,293.03,11.939999999999998,78.0,77.0,1.6177978860094944,155,1.0,-33.0,0.01
07:43:58,287.06,36.0,299.0,45.0,283.0,20.0,307.0,18.0,293.03,11.939999999999998,56.0,63.0,1.607840166178463,119,-7.0,-36.0,-0.06
07:43:59,288.85,26.0,299.0,65.0,285.0,60.0,306.85,26.0,293.92,10.149999999999977,86.0,91.0,0.6488682454679745,177,-5.0,58.0,-0.03
07:44:00,292.6,30.0,299.0,50.0,290.02,40.0,305.0,20.0,295.8,6.399999999999977,70.0,70.0,1.132108652019132,140,0.0,-37.0,0.0
07:44:01,296.61,36.0,299.0,60.0,294.42,55.0,304.55,22.0,297.81,2.3899999999999864,91.0,82.0,2.0655919248429564,173,9.0,33.0,0.05
07:44:02,294.25,64.0,298.6,40.0,293.29,42.0,299.21,38.0,296.43,4.350000000000023,106.0,78.0,1.9258945973173804,184,28.0,11.0,0.15
07:44:03,294.0,78.0,296.0,13.0,293.0,39.0,299.23,65.0,295.0,2.0,117.0,78.0,1.4672320879725032,195,39.0,11.0,0.2
07:44:04,293.81,73.0,300.15,34.0,289.62,58.0,303.23,65.0,296.98,6.339999999999975,131.0,99.0,1.0776502215357444,230,32.0,35.0,0.14
07:44:05,293.31,29.0,302.0,50.0,286.47,60.0,306.0,40.0,297.66,8.689999999999998,89.0,90.0,1.1364550144972547,179,-1.0,-51.0,-0.01
07:44:06,294.62,24.0,302.0,40.0,286.89,36.0,306.0,32.0,298.31,7.3799999999999955,60.0,72.0,1.2649229225434706,132,-12.0,-47.0,-0.09
07:44:07,295.53,45.0,302.0,75.0,294.0,15.0,306.0,60.0,298.77,6.470000000000027,60.0,135.0,1.4742218286186524,195,-75.0,63.0,-0.38
07:44:08,296.22,27.0,300.77,13.0,294.0,9.0,303.93,29.0,298.5,4.5499999999999545,36.0,42.0,0.7220318552359422,78,-6.0,-117.0,-0.08
07:44:09,295.21,34.0,299.38,26.0,290.7,20.0,305.04,27.0,297.3,4.170000000000016,54.0,53.0,0.6095654189465065,107,1.0,29.0,0.01
07:44:10,291.0,36.0,295.87,46.0,289.11,18.0,297.64,36.0,293.43,4.8700000000000045,54.0,82.0,2.2130680061795798,136,-28.0,29.0,-0.21
07:44:17,289.62,8.0,300.0,8.0,286.0,32.0,303.0,40.0,294.81,10.379999999999995,40.0,48.0,2.4647575945671187,88,-8.0,3.0,-0.09
07:44:20,287.64,50.0,300.94,32.0,282.62,52.0,303.32,53.0,294.29,13.300000000000011,102.0,85.0,2.5876630383371486,187,17.0,-22.0,0.09
07:44:21,297.0,9.0,300.0,18.0,283.0,36.0,304.0,27.0,298.5,3.0,45.0,45.0,3.8155117612157983,90,0.0,-97.0,0.0
07:44:22,297.0,10.0,302.15,13.0,283.0,40.0,304.8,44.0,299.58,5.149999999999977,50.0,57.0,4.751975378721559,107,-7.0,17.0,-0.07
07:44:23,297.0,11.0,304.0,11.0,283.0,44.0,305.0,55.0,300.5,7.0,55.0,66.0,4.691936700337688,121,-11.0,14.0,-0.09
07:44:28,281.4,20.0,302.36,11.0,276.25,24.0,304.96,28.0,291.88,20.960000000000036,44.0,39.0,2.1928064209993656,83,5.0,12.0,0.06
07:44:29,276.55,40.0,304.0,9.0,275.62,32.0,305.0,27.0,290.27,27.44999999999999,72.0,36.0,2.1302934070160386,108,36.0,25.0,0.33
07:44:30,277.0,68.0,299.96,24.0,264.95,19.0,302.5,22.0,288.48,22.95999999999998,87.0,46.0,1.4426191458510187,133,41.0,25.0,0.31
07:44:45,294.4,43.0,369.75,32.0,279.9,20.0,440.17,41.0,332.07,75.35000000000002,63.0,73.0,18.377820055707723,136,-10.0,40.0,-0.07
07:44:46,282.8,10.0,447.25,16.0,277.62,13.0,470.71,21.0,365.02,164.45,23.0,37.0,33.670343479091045,60,-14.0,-76.0,-0.23
07:44:47,292.5,12.0,449.91,33.0,289.8,15.0,566.33,27.0,371.2,157.41000000000003,27.0,60.0,39.1592955758906,87,-33.0,27.0,-0.38
07:44:48,295.79,14.0,340.42,60.0,292.6,20.0,597.75,36.0,318.1,44.629999999999995,34.0,96.0,34.73309128194558,130,-62.0,43.0,-0.48
07:44:49,298.0,40.0,487.97,72.0,294.4,25.0,620.04,52.0,392.99,189.97000000000003,65.0,124.0,30.37119737514411,189,-59.0,59.0,-0.31
07:44:50,298.0,27.0,482.26,19.0,297.0,18.0,487.07,42.0,390.13,184.26,45.0,61.0,30.091762494077315,106,-16.0,-83.0,-0.15
07:44:51,298.0,24.0,404.41,17.0,297.0,16.0,427.81,27.0,351.21,106.41000000000003,40.0,44.0,30.995143651868414,84,-4.0,-22.0,-0.05
07:44:52,297.67,12.0,379.69,39.0,296.36,28.0,479.57,44.0,338.68,82.01999999999998,40.0,83.0,32.664074608045446,123,-43.0,39.0,-0.35
07:44:53,296.0,27.0,371.54,35.0,277.73,11.0,408.06,36.0,333.77,75.54000000000002,38.0,71.0,28.31423105083308,109,-33.0,-14.0,-0.3
07:44:54,301.6,10.0,364.38,40.0,284.77,22.0,371.85,33.0,332.99,62.77999999999997,32.0,73.0,23.93064311714086,105,-41.0,-4.0,-0.39
07:44:55,300.57,14.0,369.11,38.0,287.69,16.0,370.18,44.0,334.84,68.54000000000002,30.0,82.0,7.541569465301166,112,-52.0,7.0,-0.46
07:44:56,296.86,28.0,365.59,39.0,276.27,11.0,367.42,24.0,331.22,68.72999999999996,39.0,63.0,2.7820585903182407,102,-24.0,-10.0,-0.24
07:44:57,290.25,24.0,359.83,30.0,223.69,16.0,360.35,43.0,325.04,69.57999999999998,40.0,73.0,3.883061936148316,113,-33.0,11.0,-0.29
07:44:58,286.56,16.0,356.44,18.0,129.87,23.0,358.67,24.0,321.5,69.88,39.0,42.0,5.630632291311902,81,-3.0,-32.0,-0.04
07:44:59,290.0,20.0,355.23,44.0,289.0,30.0,356.15,26.0,322.61,65.23000000000002,50.0,70.0,5.758230631015454,120,-20.0,39.0,-0.17
07:45:00,290.57,28.0,351.83,46.0,194.04,53.0,353.07,43.0,321.2,61.25999999999999,81.0,89.0,4.145452930617509,170,-8.0,50.0,-0.05
07:45:01,291.0,32.0,346.12,58.0,180.36,66.0,347.16,45.0,318.56,55.120000000000005,98.0,103.0,2.350514837214537,201,-5.0,31.0,-0.02
07:45:02,283.26,31.0,337.65,57.0,203.45,33.0,340.96,47.0,310.45,54.389999999999986,64.0,104.0,4.932689935518579,168,-40.0,-33.0,-0.24
07:45:08,296.0,14.0,401.21,38.0,280.31,16.0,402.73,22.0,348.61,105.20999999999998,30.0,60.0,48.78751192672131,90,-30.0,-17.0,-0.33
07:45:09,296.0,11.0,362.07,15.0,293.0,11.0,400.84,38.0,329.03,66.07,22.0,53.0,47.961779366491086,75,-31.0,-15.0,-0.41
07:45:10,293.75,12.0,307.59,29.0,277.0,27.0,331.39,23.0,300.67,13.839999999999975,39.0,52.0,35.303385106813316,91,-13.0,16.0,-0.14
07:45:11,293.95,44.0,306.0,8.0,278.75,8.0,307.0,16.0,299.98,12.050000000000011,52.0,24.0,20.47331384998449,76,28.0,-15.0,0.37
07:45:12,294.8,89.0,302.43,44.0,293.0,14.0,303.36,28.0,298.61,7.6299999999999955,103.0,72.0,22.501846590890423,175,31.0,99.0,0.18
07:45:13,297.0,70.0,301.63,35.0,293.0,14.0,302.33,42.0,299.31,4.6299999999999955,84.0,77.0,13.16478636362808,161,7.0,-14.0,0.04
07:45:14,297.83,47.0,301.19,32.0,296.79,76.0,324.6,40.0,299.51,3.3600000000000136,123.0,72.0,0.7681666485657503,195,51.0,34.0,0.26
07:45:15,297.0,117.0,299.23,26.0,293.0,13.0,343.85,52.0,298.12,2.230000000000018,130.0,78.0,0.7394119284734283,208,52.0,13.0,0.25
07:45:16,297.0,90.0,298.2,20.0,293.0,10.0,302.67,24.0,297.6,1.1999999999999886,100.0,44.0,0.7997187005246437,144,56.0,-64.0,0.39
07:45:17,297.0,56.0,332.25,24.0,293.0,12.0,457.9,40.0,314.62,35.25,68.0,64.0,7.193293404273769,132,4.0,-12.0,0.03
07:45:18,297.0,16.0,478.08,26.0,295.25,16.0,517.75,32.0,387.54,181.07999999999998,32.0,58.0,38.69614993768717,90,-26.0,-42.0,-0.29
07:45:21,301.17,139.0,350.41,41.0,264.3,40.0,372.53,43.0,325.79,49.24000000000001,179.0,84.0,38.311505713035615,263,95.0,103.0,0.36
07:45:22,303.0,129.0,331.62,39.0,298.37,19.0,370.48,46.0,317.31,28.620000000000005,148.0,85.0,37.68202754629799,233,63.0,-30.0,0.27
07:45:23,303.0,144.0,330.56,48.0,301.81,16.0,452.38,32.0,316.78,27.560000000000002,160.0,80.0,34.0124906468192,240,80.0,7.0,0.33
07:45:24,303.0,81.0,329.78,27.0,302.0,9.0,359.12,34.0,316.39,26.779999999999973,90.0,61.0,6.531004516915283,151,29.0,-89.0,0.19
07:45:25,303.0,63.0,328.86,21.0,302.0,7.0,396.71,28.0,315.93,25.860000000000014,70.0,49.0,4.1399758453363456,119,21.0,-32.0,0.18
07:45:26,303.0,79.0,326.72,32.0,302.0,11.0,421.94,33.0,314.86,23.720000000000027,90.0,65.0,0.9298548273622621,155,25.0,36.0,0.16
07:45:27,302.44,18.0,356.03,30.0,299.5,12.0,421.48,25.0,329.24,53.589999999999975,30.0,55.0,5.968973948675606,85,-25.0,-70.0,-0.29
07:45:28,302.0,13.0,385.38,65.0,299.0,13.0,452.55,22.0,343.69,83.38,26.0,87.0,12.467235860445005,113,-61.0,28.0,-0.54
07:45:29,302.0,5.0,385.0,25.0,299.0,5.0,514.0,10.0,343.5,83.0,10.0,35.0,14.105694949202748,45,-25.0,-68.0,-0.56
07:45:30,302.0,9.0,371.38,37.0,299.0,9.0,439.12,17.0,336.69,69.38,18.0,54.0,12.037060687724502,72,-36.0,27.0,-0.5
07:45:31,302.0,14.0,320.81,53.0,299.0,14.0,379.91,53.0,311.41,18.810000000000002,28.0,106.0,13.401154054780607,134,-78.0,62.0,-0.58
07:45:32,298.09,85.0,304.7,46.0,296.82,11.0,335.19,53.0,301.39,6.610000000000014,96.0,99.0,19.64088796363252,195,-3.0,61.0,-0.02
07:45:33,298.0,66.0,302.28,36.0,297.0,10.0,303.17,48.0,300.14,4.279999999999973,76.0,84.0,20.22317062183791,160,-8.0,-35.0,-0.05
07:45:34,298.0,48.0,301.04,57.0,297.0,12.0,302.19,27.0,299.52,3.0400000000000205,60.0,84.0,15.774835973789756,144,-24.0,-16.0,-0.17
07:45:35,298.0,36.0,300.6,30.0,297.0,9.0,301.24,33.0,299.3,2.6000000000000227,45.0,63.0,5.128369136477422,108,-18.0,-36.0,-0.17
07:45:36,298.0,24.0,404.97,38.0,297.0,12.0,488.88,34.0,351.49,106.97000000000003,36.0,72.0,23.00225575894614,108,-36.0,0.0,-0.33
07:45:37,298.38,26.0,416.32,25.0,297.33,12.0,523.71,21.0,357.35,117.94,38.0,46.0,30.069979215156884,84,-8.0,-24.0,-0.1
07:45:38,299.0,52.0,406.0,11.0,298.0,22.0,511.42,43.0,352.5,107.0,74.0,54.0,29.86204899198919,128,20.0,44.0,0.16
07:45:39,299.0,24.0,383.93,29.0,298.0,24.0,420.47,36.0,341.47,84.93,48.0,65.0,23.701545730183067,113,-17.0,-15.0,-0.15
07:45:40,299.0,20.0,357.96,26.0,298.0,20.0,419.93,14.0,328.48,58.95999999999998,40.0,40.0,11.492944357298407,80,0.0,-33.0,0.0
07:45:41,299.0,18.0,349.33,36.0,298.0,18.0,390.38,32.0,324.17,50.329999999999984,36.0,68.0,14.487757935579925,104,-32.0,24.0,-0.31
07:45:42,299.48,42.0,345.9,60.0,297.41,17.0,391.5,48.0,322.69,46.41999999999996,59.0,108.0,12.776649404282859,167,-49.0,63.0,-0.29
07:45:43,300.0,96.0,335.81,64.0,298.0,16.0,353.56,18.0,317.91,35.81,112.0,82.0,8.955008654376813,194,30.0,27.0,0.15
07:45:44,300.84,93.0,332.47,57.0,299.33,27.0,357.02,47.0,316.66,31.630000000000052,120.0,104.0,4.806700531546043,224,16.0,30.0,0.07
07:45:45,302.0,234.0,330.34,83.0,299.95,39.0,380.41,73.0,316.17,28.339999999999975,273.0,156.0,3.662840427860027,429,117.0,172.0,0.27
07:45:46,302.0,169.0,328.23,53.0,300.0,26.0,345.32,60.0,315.11,26.230000000000018,195.0,113.0,2.9611855733753734,308,82.0,-121.0,0.27
07:45:47,302.0,143.0,326.58,48.0,300.0,22.0,327.61,51.0,314.29,24.579999999999984,165.0,99.0,1.3986493484669738,264,66.0,-44.0,0.25
07:45:48,302.0,104.0,324.39,36.0,300.0,16.0,326.11,36.0,313.19,22.389999999999986,120.0,72.0,1.403702247617884,192,48.0,-72.0,0.25
07:45:49,302.0,156.0,323.85,52.0,300.0,24.0,422.0,48.0,312.92,21.850000000000023,180.0,100.0,1.3493628125777735,280,80.0,88.0,0.29
07:45:50,302.0,132.0,323.0,47.0,300.0,24.0,418.58,57.0,312.5,21.0,156.0,104.0,1.0719934701144982,260,52.0,-20.0,0.2
07:45:51,302.0,99.0,322.08,26.0,300.0,22.0,347.78,37.0,312.04,20.079999999999984,121.0,63.0,0.8481568251027738,184,58.0,-76.0,0.32
07:45:52,302.0,81.0,316.37,27.0,300.0,18.0,317.7,27.0,309.19,14.370000000000005,99.0,54.0,1.612845311853842,153,45.0,-31.0,0.29
07:45:53,302.0,132.0,311.66,41.0,300.0,28.0,312.21,57.0,306.83,9.660000000000025,160.0,98.0,2.608683576053175,258,62.0,105.0,0.24
07:45:54,302.0,107.0,306.71,56.0,300.0,28.0,307.5,32.0,304.36,4.7099999999999795,135.0,88.0,3.455608484763609,223,47.0,-35.0,0.21
07:45:55,302.9,20.0,305.0,48.0,301.85,53.0,307.0,48.0,303.95,2.1000000000000227,73.0,96.0,3.3957075845795286,169,-23.0,-54.0,-0.14
07:45:56,302.0,28.0,304.0,32.0,301.0,28.0,305.45,47.0,303.0,2.0,56.0,79.0,2.516511474238028,135,-23.0,-34.0,-0.17
07:45:57,301.52,21.0,302.95,55.0,300.64,28.0,324.78,50.0,302.23,1.4300000000000068,49.0,105.0,1.7497514109073387,154,-56.0,19.0,-0.36
07:45:58,299.0,40.0,317.84,43.0,298.44,78.0,448.69,39.0,308.42,18.839999999999975,118.0,82.0,2.3996395562609316,200,36.0,46.0,0.18
07:45:59,298.0,190.0,390.46,28.0,296.08,26.0,468.31,16.0,344.23,92.45999999999998,216.0,44.0,17.973417315579397,260,172.0,60.0,0.66
07:46:00,298.0,99.0,384.08,13.0,296.0,18.0,385.09,23.0,341.04,86.07999999999998,117.0,36.0,21.02623670560109,153,81.0,-107.0,0.53
07:46:01,298.0,132.0,373.06,16.0,296.0,24.0,383.35,26.0,335.53,75.06,156.0,42.0,19.512843206461838,198,114.0,45.0,0.58
07:46:02,298.0,132.0,381.0,12.0,296.39,36.0,382.0,36.0,339.5,83.0,168.0,48.0,14.49839749765337,216,120.0,18.0,0.56
07:46:03,298.0,121.0,357.32,19.0,297.0,154.0,370.76,25.0,327.66,59.31999999999999,275.0,44.0,6.373552384656484,319,231.0,103.0,0.72
07:46:04,298.0,143.0,359.92,13.0,297.0,182.0,361.0,39.0,328.96,61.920000000000016,325.0,52.0,6.047778104391845,377,273.0,58.0,0.72
07:46:05,298.0,94.0,358.05,21.0,297.0,182.0,359.58,31.0,328.02,60.05000000000001,276.0,52.0,5.305815677156727,328,224.0,-49.0,0.68
07:46:06,298.44,54.0,354.37,35.0,297.05,177.0,421.68,31.0,326.41,55.93000000000001,231.0,66.0,5.328114112888577,297,165.0,-31.0,0.56
07:46:07,301.0,96.0,343.47,49.0,298.12,48.0,401.79,38.0,322.23,42.47000000000003,144.0,87.0,2.6375613736865016,231,57.0,-66.0,0.25
07:46:08,303.54,52.0,340.7,30.0,301.67,54.0,352.0,30.0,322.12,37.15999999999997,106.0,60.0,3.2115370151943106,166,46.0,-65.0,0.28
07:46:09,304.0,55.0,326.47,34.0,302.0,66.0,340.85,34.0,315.24,22.470000000000027,121.0,68.0,4.955333490287354,189,53.0,23.0,0.28
07:46:10,304.0,39.0,318.84,31.0,302.0,90.0,323.47,45.0,311.42,14.839999999999975,129.0,76.0,6.031130076524943,205,53.0,16.0,0.26
07:46:11,303.6,30.0,313.03,29.0,301.96,73.0,319.36,33.0,308.32,9.42999999999995,103.0,62.0,6.259271523105869,165,41.0,-40.0,0.25
07:46:12,302.0,63.0,303.62,39.0,299.0,13.0,331.73,40.0,302.81,1.6200000000000045,76.0,79.0,7.267139739950257,155,-3.0,-10.0,-0.02
07:46:13,302.0,12.0,303.33,18.0,299.0,6.0,522.78,27.0,302.67,1.329999999999984,18.0,45.0,5.466239109293021,63,-27.0,-92.0,-0.43
07:46:14,302.0,26.0,342.19,27.0,299.0,21.0,530.07,61.0,322.09,40.19,47.0,88.0,7.984119863827456,135,-41.0,72.0,-0.3
07:46:17,300.67,24.0,456.75,60.0,298.62,32.0,458.0,48.0,378.71,156.07999999999998,56.0,108.0,47.873911789198466,164,-52.0,50.0,-0.32
07:46:18,301.0,20.0,421.69,26.0,299.0,24.0,430.29,21.0,361.35,120.69,44.0,47.0,34.88736949097703,91,-3.0,-73.0,-0.03
07:46:19,300.83,12.0,411.0,38.0,298.79,28.0,420.64,39.0,355.92,110.17000000000002,40.0,77.0,23.650328327529685,117,-37.0,26.0,-0.32
07:46:20,299.0,11.0,395.71,45.0,298.0,66.0,397.85,39.0,347.36,96.70999999999998,77.0,84.0,21.08213153359866,161,-7.0,44.0,-0.04
07:46:21,299.0,12.0,356.75,44.0,298.0,72.0,385.38,29.0,327.88,57.75,84.0,73.0,18.670426615371074,157,11.0,-4.0,0.07
07:46:22,298.69,16.0,355.58,43.0,297.67,60.0,363.09,55.0,327.13,56.889999999999986,76.0,98.0,15.802087520323319,174,-22.0,17.0,-0.13
07:46:23,298.26,23.0,338.88,32.0,296.78,36.0,355.89,56.0,318.57,40.620000000000005,59.0,88.0,15.590864953554007,147,-29.0,-27.0,-0.2
07:46:29,292.82,68.0,352.68,38.0,233.32,69.0,437.0,26.0,322.75,59.860000000000014,137.0,64.0,24.763265132044996,201,73.0,57.0,0.36
07:46:30,293.76,100.0,461.43,28.0,153.2,88.0,635.28,50.0,377.59,167.67000000000002,188.0,78.0,47.29863824678207,266,110.0,65.0,0.41
07:46:31,297.83,71.0,381.72,36.0,207.18,88.0,412.86,42.0,339.78,83.89000000000004,159.0,78.0,44.09668774409203,237,81.0,-29.0,0.34
07:46:32,300.0,48.0,345.11,18.0,298.0,24.0,347.11,18.0,322.56,45.110000000000014,72.0,36.0,33.542208782367894,108,36.0,-129.0,0.33
07:46:33,300.0,87.0,342.46,26.0,298.0,44.0,343.7,40.0,321.23,42.45999999999998,131.0,66.0,24.05882312167324,197,65.0,89.0,0.33
07:46:34,300.03,73.0,341.0,18.0,298.55,44.0,343.0,36.0,320.51,40.97000000000003,117.0,54.0,24.40381793900206,171,63.0,-26.0,0.37
07:46:35,300.05,76.0,340.5,24.0,298.92,52.0,342.6,30.0,320.28,40.44999999999999,128.0,54.0,8.38110195618439,182,74.0,11.0,0.41
07:46:36,300.29,21.0,339.56,18.0,299.54,35.0,340.33,12.0,319.92,39.26999999999998,56.0,30.0,1.04419825701719,86,26.0,-96.0,0.3
07:46:37,302.0,8.0,336.62,16.0,300.0,72.0,339.0,32.0,319.31,34.620000000000005,80.0,48.0,0.7108797366345996,128,32.0,42.0,0.25
07:46:38,302.0,4.0,335.14,7.0,300.0,36.0,338.43,14.0,318.57,33.139999999999986,40.0,21.0,0.7855380321522364,61,19.0,-67.0,0.31
07:46:39,300.96,75.0,331.86,21.0,299.12,64.0,332.43,30.0,316.41,30.900000000000034,139.0,51.0,1.5347540519436746,190,88.0,129.0,0.46
07:46:40,306.0,36.0,322.09,23.0,300.0,120.0,327.21,14.0,314.04,16.089999999999975,156.0,37.0,2.4147774224465093,193,119.0,3.0,0.62
07:46:41,301.04,121.0,310.09,32.0,299.27,110.0,310.86,44.0,305.57,9.049999999999955,231.0,76.0,5.54332030465111,307,155.0,114.0,0.5
07:46:42,300.0,98.0,305.63,19.0,298.0,40.0,306.1,31.0,302.82,5.6299999999999955,138.0,50.0,6.911046953968488,188,88.0,-119.0,0.47
07:46:43,300.0,142.0,302.0,35.0,296.7,54.0,303.29,24.0,301.0,2.0,196.0,59.0,6.872806559183586,255,137.0,67.0,0.54
07:46:44,299.67,36.0,301.13,23.0,296.69,32.0,348.31,13.0,300.4,1.4599999999999795,68.0,36.0,5.560690604588299,104,32.0,-151.0,0.31
07:46:45,298.0,8.0,301.75,8.0,295.0,16.0,561.62,16.0,299.88,3.75,24.0,24.0,2.3157029170332195,48,0.0,-56.0,0.0
07:46:50,300.0,8.0,462.62,40.0,298.0,8.0,459.04,28.0,381.31,162.62,16.0,68.0,37.91551964565392,84,-52.0,13.0,-0.62
07:46:51,301.0,20.0,352.0,50.0,300.0,16.0,354.0,50.0,326.5,51.0,36.0,100.0,55.02284570975919,136,-64.0,52.0,-0.47
07:47:02,288.0,143.0,298.38,37.0,245.48,137.0,325.2,46.0,293.19,10.379999999999995,280.0,83.0,4.380106163091908,363,197.0,77.0,0.54
07:47:03,297.67,83.0,302.0,65.0,290.28,46.0,488.44,32.0,299.84,4.329999999999984,129.0,97.0,6.289568347665491,226,32.0,-137.0,0.14
07:47:04,299.0,44.0,301.43,28.0,297.0,8.0,347.58,31.0,300.21,2.430000000000007,52.0,59.0,6.1484770472008705,111,-7.0,-115.0,-0.06
07:47:05,297.93,61.0,299.24,21.0,289.42,50.0,302.88,33.0,298.59,1.3100000000000023,111.0,54.0,4.197383708925853,165,57.0,54.0,0.35
07:47:06,297.99,139.0,300.85,27.0,296.75,12.0,315.97,36.0,299.42,2.8600000000000136,151.0,63.0,2.8921358889160524,214,88.0,49.0,0.41
07:47:19,288.38,130.0,341.86,28.0,109.0,195.0,511.67,42.0,315.12,53.48000000000002,325.0,70.0,13.15515488316101,395,255.0,172.0,0.65
07:47:20,290.0,60.0,309.5,12.0,129.31,80.0,416.29,14.0,299.75,19.5,140.0,26.0,12.751361495932713,166,114.0,-172.0,0.69
07:47:21,291.21,94.0,378.0,24.0,167.57,108.0,435.76,42.0,334.61,86.79000000000002,202.0,66.0,20.34535745569384,268,136.0,102.0,0.51
07:47:22,302.67,156.0,331.52,46.0,301.0,24.0,443.73,41.0,317.09,28.849999999999966,180.0,87.0,18.076392615783657,267,93.0,-1.0,0.35
07:47:23,303.0,65.0,315.35,17.0,301.0,10.0,473.57,7.0,309.18,12.350000000000023,75.0,24.0,12.79899410109868,99,51.0,-168.0,0.52
07:47:29,303.0,48.0,314.55,22.0,301.0,48.0,394.88,25.0,308.77,11.550000000000011,96.0,47.0,51.48225684641234,143,49.0,-1.0,0.34
07:47:30,303.19,63.0,311.63,27.0,301.5,72.0,312.56,57.0,307.41,8.439999999999998,135.0,84.0,63.55043406618063,219,51.0,76.0,0.23
07:47:31,303.0,55.0,309.0,22.0,301.0,66.0,311.18,34.0,306.0,6.0,121.0,56.0,61.42749929795265,177,65.0,-42.0,0.37
07:47:32,302.8,61.0,304.75,51.0,300.71,77.0,305.96,45.0,303.77,1.9499999999999886,138.0,96.0,41.13717455052032,234,42.0,57.0,0.18
07:47:33,301.0,76.0,303.81,32.0,299.0,143.0,304.91,44.0,302.41,2.8100000000000023,219.0,76.0,2.5973101470519513,295,143.0,61.0,0.48
07:47:34,301.0,16.0,305.0,40.0,299.0,88.0,420.27,11.0,303.0,4.0,104.0,51.0,2.1134971019566806,155,53.0,-140.0,0.34
07:47:35,301.0,20.0,304.6,50.0,299.0,110.0,418.0,20.0,302.8,3.6000000000000227,130.0,70.0,1.4322115765414698,200,60.0,45.0,0.3
07:47:36,300.49,43.0,303.35,85.0,298.98,179.0,426.71,31.0,301.92,2.8600000000000136,222.0,116.0,0.6901811356299865,338,106.0,138.0,0.31
07:47:37,299.0,66.0,302.17,30.0,298.0,18.0,344.0,12.0,300.58,3.170000000000016,84.0,42.0,0.9656707513327442,126,42.0,-172.0,0.33
07:47:38,299.45,89.0,340.89,36.0,298.31,59.0,503.24,21.0,320.17,41.44,148.0,57.0,8.14836670750523,205,91.0,79.0,0.44
07:47:39,299.0,42.0,383.0,7.0,298.0,28.0,430.29,14.0,341.0,84.0,70.0,21.0,17.435879100291437,91,49.0,-114.0,0.54
07:47:40,299.0,36.0,383.0,6.0,298.0,24.0,384.0,12.0,341.0,84.0,60.0,18.0,19.885232711738134,78,42.0,-13.0,0.54
07:47:41,299.0,60.0,380.28,18.0,298.0,60.0,436.0,23.0,339.64,81.27999999999997,120.0,41.0,17.92702206168055,161,79.0,83.0,0.49
07:47:42,299.0,26.0,354.0,11.0,298.0,44.0,472.18,11.0,326.5,55.0,70.0,22.0,9.705118237300436,92,48.0,-69.0,0.52
07:47:43,299.69,26.0,452.33,9.0,298.0,12.0,558.67,9.0,376.01,152.64,38.0,18.0,18.46926636333949,56,20.0,-36.0,0.36
07:47:45,300.0,8.0,377.33,15.0,298.0,8.0,683.11,9.0,338.67,77.32999999999998,16.0,24.0,67.65267274838436,40,-8.0,6.0,-0.2
07:47:46,296.09,23.0,460.0,11.0,295.82,11.0,651.1,10.0,378.04,163.91000000000003,34.0,21.0,64.85558827117359,55,13.0,15.0,0.24
07:47:47,295.0,48.0,484.6,15.0,294.0,13.0,579.62,8.0,389.8,189.60000000000002,61.0,23.0,57.02242304567555,84,38.0,29.0,0.45
07:47:48,295.0,39.0,483.0,55.0,294.0,31.0,484.0,22.0,389.0,188.0,70.0,77.0,56.2519059232662,147,-7.0,63.0,-0.05
07:47:49,296.2,15.0,448.15,13.0,294.6,15.0,482.18,22.0,372.18,151.95,30.0,35.0,20.86513647211513,65,-5.0,-82.0,-0.08
07:47:50,297.0,27.0,425.61,36.0,295.0,29.0,457.56,27.0,361.31,128.61,56.0,63.0,11.965035729156426,119,-7.0,54.0,-0.06
07:47:51,297.0,39.0,425.0,65.0,295.0,52.0,469.83,23.0,361.0,128.0,91.0,88.0,14.193516829876586,179,3.0,60.0,0.02
07:47:52,300.71,207.0,422.56,61.0,296.09,44.0,455.75,20.0,361.63,121.85000000000002,251.0,81.0,12.11984447094887,332,170.0,153.0,0.51
07:47:53,298.85,47.0,419.64,55.0,295.79,33.0,421.0,11.0,359.24,120.78999999999996,80.0,66.0,5.174869080468577,146,14.0,-172.0,0.1
07:47:54,302.29,21.0,358.43,14.0,294.92,39.0,408.85,27.0,330.36,56.139999999999986,60.0,41.0,13.642341074756555,101,19.0,-45.0,0.19
07:47:55,295.0,26.0,303.85,39.0,294.0,24.0,305.07,30.0,299.42,8.850000000000023,50.0,69.0,27.3475593060878,119,-19.0,18.0,-0.16
07:47:56,295.0,13.0,302.59,34.0,294.0,21.0,304.24,29.0,298.79,7.589999999999975,34.0,63.0,30.678583246297215,97,-29.0,-22.0,-0.3
07:47:57,295.0,14.0,300.0,44.0,294.0,30.0,300.9,41.0,297.5,5.0,44.0,85.0,27.31116291921653,129,-41.0,32.0,-0.32
07:47:58,294.8,20.0,299.3,40.0,286.5,32.0,348.67,30.0,297.05,4.5,52.0,70.0,14.418527317309088,122,-18.0,-7.0,-0.15
07:47:59,291.25,48.0,299.29,56.0,280.14,174.0,454.36,28.0,295.27,8.04000000000002,222.0,84.0,1.6178473351923115,306,138.0,172.0,0.45
07:48:00,279.16,172.0,298.0,40.0,175.77,52.0,646.79,29.0,288.58,18.839999999999975,224.0,69.0,4.035674664785196,293,155.0,-13.0,0.53
07:48:04,298.71,82.0,408.0,28.0,289.21,47.0,519.19,32.0,353.35,109.29000000000002,129.0,60.0,41.13832191521658,189,69.0,-116.0,0.37
07:48:05,300.0,143.0,397.57,47.0,298.96,268.0,470.15,39.0,348.79,97.57,411.0,86.0,47.37284221998915,497,325.0,172.0,0.65
07:48:06,302.22,79.0,345.65,34.0,299.35,159.0,434.62,29.0,323.93,43.42999999999995,238.0,63.0,45.285829130093056,301,175.0,-172.0,0.58
07:48:07,305.0,49.0,336.5,24.0,300.0,77.0,342.76,25.0,320.75,31.5,126.0,49.0,19.156212569294098,175,77.0,-126.0,0.44
07:48:08,305.0,49.0,335.0,28.0,300.0,77.0,337.0,21.0,320.0,30.0,126.0,49.0,16.31036112414377,175,77.0,0.0,0.44
07:48:09,305.0,31.0,335.0,32.0,300.0,88.0,337.0,24.0,320.0,30.0,119.0,56.0,12.458163187243237,175,63.0,0.0,0.36
07:48:10,300.82,73.0,335.0,48.0,299.73,90.0,377.75,36.0,317.91,34.18000000000001,163.0,84.0,2.1813917575677344,247,79.0,72.0,0.32
07:48:11,300.89,54.0,332.56,18.0,299.55,44.0,335.0,36.0,316.72,31.670000000000016,98.0,54.0,1.6896834022931417,152,44.0,-95.0,0.29
07:48:12,302.0,66.0,330.29,42.0,300.0,66.0,332.5,24.0,316.14,28.29000000000002,132.0,66.0,1.8019100976422804,198,66.0,46.0,0.33
07:48:13,302.0,54.0,327.82,33.0,300.0,54.0,328.61,33.0,314.91,25.819999999999993,108.0,66.0,1.9314321111510528,174,42.0,-24.0,0.24
07:48:14,302.0,54.0,324.33,18.0,300.0,54.0,326.0,45.0,313.17,22.329999999999984,108.0,63.0,1.810980397460335,171,45.0,-3.0,0.26
07:48:15,302.0,78.0,321.2,45.0,300.0,78.0,322.89,61.0,311.6,19.19999999999999,156.0,106.0,2.1192380706248186,262,50.0,91.0,0.19
07:48:16,302.0,54.0,316.15,40.0,300.0,66.0,317.42,33.0,309.07,14.149999999999977,120.0,73.0,2.7811454474704633,193,47.0,-69.0,0.24
07:48:17,300.37,70.0,312.28,72.0,299.35,79.0,313.48,63.0,306.32,11.909999999999968,149.0,135.0,3.390550102857315,284,14.0,91.0,0.05
07:48:18,299.52,42.0,309.11,61.0,298.77,71.0,310.54,48.0,304.32,9.590000000000032,113.0,109.0,3.6463858819364945,222,4.0,-62.0,0.02
07:48:19,300.44,50.0,305.91,56.0,298.74,62.0,307.49,37.0,303.18,5.470000000000027,112.0,93.0,3.4507274595345385,205,19.0,-17.0,0.09
07:48:20,300.9,70.0,302.32,47.0,298.83,70.0,304.58,33.0,301.61,1.420000000000016,140.0,80.0,2.8950043177835623,220,60.0,15.0,0.27
07:48:21,300.08,52.0,302.5,32.0,298.5,32.0,447.82,34.0,301.29,2.420000000000016,84.0,66.0,2.0652917469416674,150,18.0,-70.0,0.12
07:48:22,298.0,80.0,303.7,10.0,297.0,40.0,393.86,28.0,300.85,5.699999999999989,120.0,38.0,1.4526699556283862,158,82.0,8.0,0.52
07:48:23,298.0,80.0,303.0,13.0,297.0,52.0,408.0,52.0,300.5,5.0,132.0,65.0,1.0368365348430748,197,67.0,39.0,0.34
07:48:24,298.0,30.0,301.7,10.0,297.0,40.0,458.2,30.0,299.85,3.6999999999999886,70.0,40.0,0.6872408602414211,110,30.0,-87.0,0.27
07:48:25,298.0,33.0,300.09,11.0,297.0,44.0,428.86,28.0,299.05,2.089999999999975,77.0,39.0,0.8785328679027046,116,38.0,6.0,0.33
07:48:26,298.0,36.0,461.18,17.0,297.0,48.0,606.38,26.0,379.59,163.18,84.0,43.0,35.572392666223394,127,41.0,11.0,0.32
07:48:27,296.57,28.0,461.0,24.0,295.0,35.0,457.31,26.0,378.79,164.43,63.0,50.0,43.487646291791705,113,13.0,-14.0,0.12
07:48:28,295.0,27.0,369.33,18.0,293.0,36.0,470.69,26.0,332.17,74.32999999999998,63.0,44.0,40.00001749999598,107,19.0,-6.0,0.18
07:48:29,294.81,43.0,405.14,42.0,292.78,55.0,420.62,32.0,349.98,110.32999999999998,98.0,74.0,33.89885219295759,172,24.0,65.0,0.14
07:48:30,293.0,46.0,348.31,42.0,289.0,36.0,375.56,45.0,320.65,55.31,82.0,87.0,26.733712424577067,169,-5.0,-3.0,-0.03
07:48:42,285.73,11.0,296.0,44.0,271.0,11.0,510.9,20.0,290.86,10.269999999999982,22.0,64.0,2.4420135134731975,86,-42.0,16.0,-0.49
07:48:45,297.59,29.0,336.42,57.0,277.43,14.0,357.27,30.0,317.0,38.83000000000004,43.0,87.0,12.417482434051811,130,-44.0,30.0,-0.34
07:48:46,302.0,26.0,382.0,19.0,297.75,8.0,473.33,18.0,342.0,80.0,34.0,37.0,23.720238616000145,71,-3.0,-59.0,-0.04
07:48:47,302.0,15.0,413.54,13.0,299.0,5.0,452.0,12.0,357.77,111.54000000000002,20.0,25.0,31.15874885164654,45,-5.0,-26.0,-0.11
07:48:48,302.0,20.0,488.0,6.0,299.0,3.0,596.0,13.0,395.0,186.0,23.0,19.0,40.69286399357983,42,4.0,-3.0,0.1
07:48:49,302.0,84.0,440.29,21.0,299.0,6.0,513.85,13.0,371.14,138.29000000000002,90.0,34.0,29.447660688074794,124,56.0,82.0,0.45
07:48:51,302.0,69.0,427.67,12.0,299.0,6.0,607.08,26.0,364.83,125.67000000000002,75.0,38.0,23.908867183536472,113,37.0,-37.0,0.33
07:48:53,302.0,16.0,434.0,8.0,299.0,4.0,784.0,12.0,368.0,132.0,20.0,20.0,54.3003197964799,40,0.0,10.0,0.0
07:48:56,302.0,8.0,379.78,27.0,300.0,32.0,562.06,16.0,340.89,77.77999999999997,40.0,43.0,66.51880839281465,83,-3.0,-20.0,-0.04
07:48:57,302.0,5.0,342.12,17.0,300.0,20.0,363.54,13.0,322.06,40.120000000000005,25.0,30.0,63.145526761600365,55,-5.0,-28.0,-0.09
07:48:58,302.0,6.0,337.86,14.0,300.0,24.0,338.55,22.0,319.93,35.860000000000014,30.0,36.0,69.68970820716635,66,-6.0,11.0,-0.09
07:48:59,300.0,22.0,334.5,16.0,298.33,27.0,336.2,56.0,317.25,34.5,49.0,72.0,69.59405276314915,121,-23.0,55.0,-0.19
07:49:00,300.0,24.0,332.38,8.0,298.0,72.0,336.0,40.0,316.19,32.379999999999995,96.0,48.0,10.117444341333968,144,48.0,23.0,0.33
07:49:01,298.08,73.0,329.4,35.0,296.26,69.0,332.0,31.0,313.74,31.319999999999993,142.0,66.0,3.242565342439683,208,76.0,64.0,0.37
07:49:02,298.0,43.0,327.29,35.0,296.0,42.0,329.0,7.0,312.64,29.29000000000002,85.0,42.0,2.8908562745302837,127,43.0,-81.0,0.34
07:49:03,298.43,42.0,325.23,48.0,296.8,60.0,326.08,24.0,311.83,26.80000000000001,102.0,72.0,2.3151781788862977,174,30.0,47.0,0.17
07:49:04,299.0,30.0,322.39,57.0,298.0,60.0,323.81,63.0,310.69,23.389999999999986,90.0,120.0,2.0950346059173737,210,-30.0,36.0,-0.14
07:49:05,300.0,14.0,320.11,46.0,298.33,24.0,321.09,44.0,310.05,20.110000000000014,38.0,90.0,1.4802195783029712,128,-52.0,-82.0,-0.41
07:49:06,302.0,16.0,316.07,43.0,299.0,16.0,317.16,37.0,309.03,14.069999999999993,32.0,80.0,1.4267515551039265,112,-48.0,-16.0,-0.43
07:49:07,303.92,75.0,311.74,61.0,301.4,15.0,312.79,58.0,307.83,7.819999999999993,90.0,119.0,1.5339752279589003,209,-29.0,97.0,-0.14
07:49:08,304.0,84.0,308.41,66.0,302.0,14.0,310.22,46.0,306.2,4.410000000000025,98.0,112.0,1.7944637081846166,210,-14.0,1.0,-0.07
07:49:09,303.78,36.0,305.29,35.0,300.91,11.0,306.69,39.0,304.53,1.5100000000000477,47.0,74.0,2.2056336957871814,121,-27.0,-89.0,-0.22
07:49:10,301.53,17.0,303.92,39.0,300.26,19.0,334.81,47.0,302.73,2.390000000000043,36.0,86.0,2.520075395695903,122,-50.0,1.0,-0.41
07:49:11,298.75,32.0,302.68,22.0,297.12,68.0,314.62,32.0,300.72,3.930000000000007,100.0,54.0,2.7996910543829654,154,46.0,32.0,0.3
07:49:12,297.35,43.0,300.27,11.0,296.91,44.0,301.04,25.0,298.81,2.919999999999959,87.0,36.0,2.9411001343021774,123,51.0,-31.0,0.41
07:49:13,297.0,83.0,298.2,45.0,296.0,17.0,321.86,51.0,297.6,1.1999999999999886,100.0,96.0,2.8201897099295694,196,4.0,73.0,0.02
07:49:14,297.0,15.0,463.56,36.0,296.0,27.0,524.24,42.0,380.28,166.56,42.0,78.0,35.970619538728926,120,-36.0,-76.0,-0.3
07:49:15,297.0,11.0,412.5,48.0,296.0,59.0,618.41,44.0,354.75,115.5,70.0,92.0,38.590420702552386,162,-22.0,42.0,-0.14
