Time,Bid1_Price,Bid1_Volume,Ask1_Price,Ask1_Volume,Bid2_Price,Bid2_Volume,Ask2_Price,Ask2_Volume,Mid-Price,Bid_Ask_Spread,Market_Depth_Bid,Market_Depth_Ask,Historical_Volatility,Total_volume,Cumulative_Volume_Difference,Total_Volume_Change_Corrected,Order_imbalance
07:30:41,272.0,33.0,287.0,33.0,269.0,43.0,289.0,55.0,279.5,15.0,76.0,88.0,3.0304405620307695,164,-12.0,60.0,-0.07
07:31:04,271.62,16.0,273.23,52.0,270.79,38.0,274.45,44.0,272.43,1.6100000000000136,54.0,96.0,1.9764058287717603,150,-42.0,40.0,-0.28
07:31:05,270.47,45.0,272.0,45.0,269.65,34.0,274.34,47.0,271.23,1.5299999999999727,79.0,92.0,2.490250991366823,171,-13.0,21.0,-0.08
07:31:06,269.62,21.0,270.89,36.0,265.71,21.0,276.57,35.0,270.25,1.2699999999999818,42.0,71.0,2.674668203722478,113,-29.0,-58.0,-0.26
07:31:07,268.0,9.0,270.53,19.0,265.0,36.0,273.44,45.0,269.26,2.5299999999999727,45.0,64.0,2.105381200639175,109,-19.0,-4.0,-0.17
07:31:08,268.0,6.0,271.0,18.0,265.0,24.0,281.89,45.0,269.5,3.0,30.0,63.0,1.3088277197574092,93,-33.0,-16.0,-0.35
07:31:09,265.08,37.0,277.25,40.0,207.79,34.0,282.09,55.0,271.17,12.170000000000016,71.0,95.0,0.9143686346356835,166,-24.0,73.0,-0.14
07:31:10,265.14,28.0,281.0,35.0,171.05,22.0,283.0,42.0,273.07,15.860000000000014,50.0,77.0,1.5444578336766992,127,-27.0,-39.0,-0.21
07:31:12,272.29,31.0,281.56,43.0,237.87,46.0,283.28,43.0,276.92,9.269999999999982,77.0,86.0,3.5950702357539224,163,-9.0,13.0,-0.06
07:31:17,269.94,31.0,278.75,32.0,267.23,47.0,282.11,27.0,274.34,8.810000000000002,78.0,59.0,2.44979182789096,137,19.0,11.0,0.14
07:31:18,268.62,32.0,279.57,56.0,267.6,89.0,283.0,42.0,274.1,10.949999999999989,121.0,98.0,2.821396817181529,219,23.0,82.0,0.11
07:31:19,271.0,9.0,279.0,36.0,268.64,78.0,283.0,51.0,275.0,8.0,87.0,87.0,2.4021407119489675,174,0.0,-45.0,0.0
07:31:20,271.4,10.0,277.2,40.0,268.93,97.0,279.0,40.0,274.3,5.800000000000011,107.0,80.0,1.4119206776598061,187,27.0,13.0,0.14
07:31:21,273.07,15.0,277.0,40.0,268.5,40.0,279.0,40.0,275.03,3.930000000000007,55.0,80.0,0.430673890552476,135,-25.0,-52.0,-0.19
07:31:24,271.89,37.0,277.95,42.0,268.83,63.0,281.11,57.0,274.92,6.060000000000002,100.0,99.0,0.6004831388168504,199,1.0,59.0,0.01
07:31:25,269.0,46.0,277.0,26.0,265.07,120.0,279.0,39.0,273.0,8.0,166.0,65.0,1.1115214797760242,231,101.0,32.0,0.44
07:31:26,269.0,40.0,275.92,24.0,264.53,60.0,278.57,28.0,272.46,6.920000000000016,100.0,52.0,1.5315743534036401,152,48.0,-79.0,0.32
07:31:27,269.0,60.0,273.52,42.0,265.0,60.0,274.17,48.0,271.26,4.519999999999982,120.0,90.0,1.756394033240912,210,30.0,58.0,0.14
07:31:28,269.0,48.0,270.76,34.0,265.0,52.0,273.33,48.0,269.88,1.759999999999991,100.0,82.0,1.8919513735836269,182,18.0,-28.0,0.1
07:31:29,269.0,18.0,275.89,36.0,266.0,9.0,280.0,36.0,272.44,6.889999999999986,27.0,72.0,1.2512873371073736,99,-45.0,-83.0,-0.45
07:31:30,269.0,10.0,276.0,20.0,266.0,5.0,280.0,20.0,272.5,7.0,15.0,40.0,1.147919857832129,55,-25.0,-44.0,-0.45
07:31:31,269.0,20.0,276.0,30.0,266.0,10.0,278.2,40.0,272.5,7.0,30.0,70.0,1.1545908366193383,100,-40.0,45.0,-0.4
07:31:32,269.0,29.0,276.0,8.0,266.0,8.0,278.0,32.0,272.5,7.0,37.0,40.0,1.1652810819734454,77,-3.0,-23.0,-0.04
07:31:33,269.78,51.0,276.0,10.0,268.82,84.0,278.0,40.0,272.89,6.220000000000027,135.0,50.0,0.1829754081969565,185,85.0,108.0,0.46
07:31:34,271.0,32.0,276.0,8.0,267.0,23.0,278.0,32.0,273.5,5.0,55.0,40.0,0.43751571400889266,95,15.0,-90.0,0.16
07:31:35,271.85,52.0,276.0,14.0,268.83,36.0,278.0,56.0,273.92,4.149999999999977,88.0,70.0,0.6303332452001444,158,18.0,63.0,0.11
07:31:36,266.0,12.0,271.06,17.0,264.57,21.0,277.67,24.0,268.53,5.060000000000002,33.0,41.0,2.159877311331623,74,-8.0,-84.0,-0.11
07:31:37,265.0,16.0,290.16,25.0,264.0,24.0,327.89,19.0,277.58,25.160000000000025,40.0,44.0,3.227325518134854,84,-4.0,10.0,-0.05
07:31:53,273.0,16.0,283.0,12.0,270.0,10.0,524.0,25.0,278.0,10.0,26.0,37.0,0.6708203932505775,63,-11.0,-3.0,-0.17
07:31:59,270.71,28.0,277.03,34.0,267.11,54.0,282.55,22.0,273.87,6.319999999999993,82.0,56.0,3.078627941145375,138,26.0,60.0,0.19
07:32:00,272.55,44.0,277.0,45.0,269.27,45.0,284.04,46.0,274.77,4.449999999999989,89.0,91.0,3.016890783572049,180,-2.0,42.0,-0.01
07:32:05,273.0,18.0,277.0,27.0,268.0,18.0,278.0,18.0,275.0,4.0,36.0,45.0,0.43579811840229493,81,-9.0,-25.0,-0.11
07:32:06,270.4,20.0,276.92,25.0,266.7,46.0,280.8,20.0,273.66,6.520000000000039,66.0,45.0,0.9832598842642064,111,21.0,30.0,0.19
07:32:07,267.57,84.0,274.19,32.0,266.2,60.0,282.91,67.0,270.88,6.6200000000000045,144.0,99.0,2.0773252032370757,243,45.0,132.0,0.19
07:32:08,267.0,195.0,273.38,26.0,265.0,117.0,277.46,26.0,270.19,6.3799999999999955,312.0,52.0,2.4376382012113273,364,260.0,121.0,0.71
07:32:09,267.0,135.0,269.0,18.0,265.0,81.0,270.0,18.0,268.0,2.0,216.0,36.0,2.7953318228800472,252,180.0,-112.0,0.71
07:32:10,267.0,159.0,268.62,37.0,265.0,99.0,269.15,52.0,267.81,1.6200000000000045,258.0,89.0,2.3949885177192156,347,169.0,95.0,0.49
07:32:11,267.0,130.0,269.0,70.0,265.0,90.0,270.0,20.0,268.0,2.0,220.0,90.0,1.446004840935071,310,130.0,-37.0,0.42
07:32:12,267.0,52.0,269.0,24.0,265.0,36.0,270.0,8.0,268.0,2.0,88.0,32.0,1.0040169321321541,120,56.0,-170.5,0.47
07:32:13,267.0,117.0,269.0,54.0,265.22,46.0,270.0,18.0,268.0,2.0,163.0,72.0,0.08497058319413354,235,91.0,115.0,0.39
07:32:14,267.0,169.0,269.0,78.0,266.0,26.0,270.0,26.0,268.0,2.0,195.0,104.0,0.08497058319413354,299,91.0,64.0,0.3
07:32:15,267.0,117.0,269.0,31.0,266.0,18.0,270.0,18.0,268.0,2.0,135.0,49.0,0.0,184,86.0,-115.0,0.47
07:32:16,267.0,91.0,269.0,7.0,266.0,14.0,270.0,14.0,268.0,2.0,105.0,21.0,0.0,126,84.0,-58.0,0.67
07:32:17,267.0,52.0,269.0,4.0,266.0,8.0,270.0,8.0,268.0,2.0,60.0,12.0,0.0,72,48.0,-54.0,0.67
07:32:18,267.33,126.0,269.57,21.0,266.81,93.0,273.5,36.0,268.45,2.240000000000009,219.0,57.0,0.20124611799551131,276,162.0,169.5,0.59
07:32:19,267.0,70.0,270.0,20.0,266.0,20.0,277.0,30.0,268.5,3.0,90.0,50.0,0.26076809622383756,140,40.0,-136.0,0.29
07:32:20,267.61,94.0,272.03,31.0,264.05,148.0,278.94,54.0,269.82,4.419999999999959,242.0,85.0,0.7467127961994335,327,157.0,169.5,0.48
07:32:21,265.0,36.0,275.41,22.0,264.0,162.0,279.8,56.0,270.2,10.410000000000025,198.0,78.0,0.9571729206406123,276,120.0,-51.0,0.43
07:32:22,265.59,37.0,281.63,59.0,264.18,109.0,286.22,51.0,273.61,16.04000000000002,146.0,110.0,2.102957441320929,256,36.0,-20.0,0.14
07:32:23,267.0,42.0,280.25,16.0,266.0,56.0,287.51,57.0,273.62,13.25,98.0,73.0,2.3370066324267316,171,25.0,-85.0,0.15
07:32:24,268.46,67.0,278.0,27.0,267.54,59.0,285.26,31.0,273.23,9.54000000000002,126.0,58.0,1.9154451179833103,184,68.0,13.0,0.37
07:32:25,270.61,70.0,276.0,19.0,269.26,62.0,278.0,87.0,273.31,5.389999999999986,132.0,106.0,1.4605923455933238,238,26.0,54.0,0.11
07:32:31,272.0,15.0,279.27,60.0,265.0,60.0,281.24,100.0,275.63,7.269999999999982,75.0,160.0,0.8806134225666852,235,-85.0,61.0,-0.36
07:32:34,264.0,10.0,281.0,20.0,263.0,100.0,284.0,5.0,272.5,17.0,110.0,25.0,2.073137718533122,135,85.0,-137.0,0.63
07:32:35,266.23,128.0,281.0,64.0,263.29,192.0,284.0,16.0,273.61,14.769999999999982,320.0,80.0,2.0981229706585496,400,240.0,169.5,0.6
07:32:36,270.45,33.0,281.0,28.0,267.25,59.0,283.6,10.0,275.73,10.550000000000011,92.0,38.0,2.1036206882432618,130,54.0,-170.5,0.42
07:32:50,268.37,30.0,285.96,25.0,266.12,26.0,523.36,47.0,277.16,17.589999999999975,56.0,72.0,1.2558980850383823,128,-16.0,7.0,-0.12
07:32:51,271.46,13.0,288.0,19.0,267.94,16.0,453.55,33.0,279.73,16.54000000000002,29.0,52.0,1.2293900926895038,81,-23.0,-47.0,-0.28
07:33:18,273.0,7.0,277.44,9.0,269.0,35.0,280.86,14.0,275.22,4.439999999999998,42.0,23.0,1.8925591140052984,65,19.0,6.0,0.29
07:33:19,269.07,61.0,276.62,26.0,268.12,41.0,280.15,26.0,272.84,7.550000000000011,102.0,52.0,2.3540773139397095,154,50.0,89.0,0.32
07:33:20,270.84,19.0,275.0,24.0,269.02,56.0,276.0,24.0,272.92,4.160000000000025,75.0,48.0,2.1384386827792303,123,27.0,-31.0,0.22
07:33:21,272.0,100.0,273.82,22.0,268.86,21.0,275.5,24.0,272.91,1.8199999999999932,121.0,46.0,1.5626835892167716,167,75.0,44.0,0.45
07:33:22,272.0,72.0,273.0,72.0,264.62,52.0,283.0,12.0,272.5,1.0,124.0,84.0,1.0990996315203239,208,40.0,41.0,0.19
07:33:23,271.49,59.0,273.0,56.0,261.69,239.0,283.0,17.0,272.25,1.509999999999991,298.0,73.0,0.2972036339088601,371,225.0,163.0,0.61
07:33:24,265.95,101.0,279.25,16.0,261.44,183.0,283.97,62.0,272.6,13.300000000000011,284.0,78.0,0.28483328458710094,362,206.0,-9.0,0.57
07:33:25,268.0,90.0,283.0,10.0,263.09,114.0,284.0,60.0,275.5,15.0,204.0,70.0,1.3337053647669677,274,134.0,-88.0,0.49
07:33:26,268.0,54.0,283.0,6.0,264.0,30.0,284.0,36.0,275.5,15.0,84.0,42.0,1.6754103974870382,126,42.0,-148.0,0.33
07:33:27,268.0,27.0,283.0,3.0,263.43,23.0,284.0,18.0,275.5,15.0,50.0,21.0,1.688786546608845,71,29.0,-55.0,0.41
07:33:28,268.55,99.0,283.0,11.0,263.0,153.0,284.0,66.0,275.77,14.449999999999989,252.0,77.0,1.3322462234910821,329,175.0,169.5,0.53
07:33:29,270.21,116.0,283.0,14.0,265.29,55.0,284.0,84.0,276.6,12.79000000000002,171.0,98.0,0.47631922069699517,269,73.0,-60.0,0.27
07:33:30,269.81,75.0,280.6,10.0,262.58,31.0,283.96,50.0,275.21,10.79000000000002,106.0,60.0,0.5323814422061077,166,46.0,-103.0,0.28
07:33:31,268.46,69.0,282.6,50.0,263.97,63.0,283.91,53.0,275.53,14.140000000000043,132.0,103.0,0.5294997639333284,235,29.0,69.0,0.12
07:33:43,269.65,17.0,285.0,32.0,263.31,39.0,286.0,80.0,277.32,15.350000000000023,56.0,112.0,1.5318844603955113,168,-56.0,31.0,-0.33
07:33:44,265.92,13.0,285.74,47.0,264.0,46.0,286.19,37.0,275.83,19.819999999999993,59.0,84.0,2.026733825642165,143,-25.0,-25.0,-0.17
07:33:45,266.0,19.0,274.05,39.0,264.0,56.0,277.0,47.0,270.03,8.050000000000011,75.0,86.0,4.1539884448567825,161,-11.0,18.0,-0.07
07:33:46,266.36,25.0,276.82,38.0,265.08,26.0,281.79,57.0,271.59,10.45999999999998,51.0,95.0,4.400772659432066,146,-44.0,-15.0,-0.3
07:33:48,270.42,19.0,278.9,113.0,265.45,33.0,282.62,94.0,274.66,8.479999999999961,52.0,207.0,2.8314519243677245,259,-155.0,134.0,-0.6
07:33:49,269.07,15.0,276.48,66.0,265.0,30.0,277.27,59.0,272.78,7.410000000000025,45.0,125.0,2.5901100362737632,170,-80.0,-89.0,-0.47
07:33:50,270.0,11.0,275.0,44.0,265.0,22.0,276.0,77.0,272.5,5.0,33.0,121.0,2.0212694031241236,154,-88.0,-16.0,-0.57
07:33:51,265.0,26.0,271.43,42.0,262.0,26.0,275.34,61.0,268.21,6.430000000000007,52.0,103.0,3.1349880382556847,155,-51.0,1.0,-0.33
07:33:52,265.0,30.0,268.21,58.0,262.0,30.0,270.0,57.0,266.6,3.2099999999999795,60.0,115.0,3.389159187764367,175,-55.0,20.0,-0.31
07:33:53,265.77,26.0,269.0,52.0,262.69,26.0,270.0,39.0,267.38,3.230000000000018,52.0,91.0,2.9294504604120766,143,-39.0,-32.0,-0.27
07:33:54,266.67,18.0,269.0,36.0,262.0,18.0,270.0,27.0,267.83,2.329999999999984,36.0,63.0,2.3128618635814076,99,-27.0,-44.0,-0.27
07:33:55,267.85,26.0,269.0,52.0,264.92,74.0,270.0,39.0,268.42,1.1499999999999773,100.0,91.0,0.7257892256088493,191,9.0,92.0,0.05
07:33:56,268.0,20.0,275.0,23.0,261.1,20.0,278.0,10.0,271.5,7.0,40.0,33.0,1.8842186709640016,73,7.0,-118.0,0.1
07:33:57,268.0,14.0,275.0,14.0,261.0,14.0,278.0,7.0,271.5,7.0,28.0,21.0,2.018558891885129,49,7.0,-24.0,0.14
07:33:58,269.56,32.0,275.0,20.0,263.53,15.0,278.0,10.0,272.28,5.439999999999998,47.0,30.0,2.0270372468229545,77,17.0,28.0,0.22
07:33:59,271.61,82.0,274.65,23.0,270.67,54.0,277.65,17.0,273.13,3.0399999999999636,136.0,40.0,1.779179586215668,176,96.0,99.0,0.55
07:34:00,272.36,44.0,274.0,48.0,270.18,66.0,275.0,12.0,273.18,1.6399999999999864,110.0,60.0,0.8279613517584484,170,50.0,-6.0,0.29
07:34:01,268.02,96.0,274.76,17.0,262.32,50.0,279.78,76.0,271.39,6.740000000000009,146.0,93.0,0.8561133102608017,239,53.0,69.0,0.22
07:34:02,259.15,39.0,269.44,32.0,258.3,47.0,274.27,15.0,264.3,10.29000000000002,86.0,47.0,3.7371820935040123,133,39.0,-106.0,0.29
07:34:03,261.69,13.0,269.0,52.0,260.0,13.0,270.0,13.0,265.35,7.310000000000002,26.0,65.0,4.317099720878408,91,-39.0,-42.0,-0.43
07:34:04,262.27,11.0,266.76,29.0,259.27,15.0,269.12,32.0,264.52,4.490000000000009,26.0,61.0,4.208024477116339,87,-35.0,-4.0,-0.4
07:34:05,263.0,12.0,268.73,45.0,257.0,60.0,269.43,21.0,265.87,5.730000000000018,72.0,66.0,2.9224527370022018,138,6.0,51.0,0.04
07:34:06,264.0,6.0,267.0,18.0,257.0,30.0,269.0,24.0,265.5,3.0,36.0,42.0,0.6692309018663727,78,-6.0,-60.0,-0.08
07:34:07,264.0,8.0,267.0,24.0,256.75,28.0,269.0,32.0,265.5,3.0,36.0,56.0,0.5010688575561639,92,-20.0,14.0,-0.22
07:34:08,264.0,8.0,267.0,24.0,256.0,8.0,269.0,32.0,265.5,3.0,16.0,56.0,0.5056876506427724,72,-40.0,-20.0,-0.56
07:34:09,264.8,10.0,267.0,14.0,256.0,10.0,269.0,90.0,265.9,2.1999999999999886,20.0,104.0,0.2111397641665174,124,-84.0,52.0,-0.68
07:34:10,257.25,24.0,271.0,45.0,254.67,9.0,273.58,36.0,264.12,13.75,33.0,81.0,0.6841637231048617,114,-48.0,-10.0,-0.42
07:34:11,256.38,39.0,271.0,47.0,255.48,23.0,274.0,83.0,263.69,14.620000000000005,62.0,130.0,0.9725841865942325,192,-68.0,78.0,-0.35
07:34:12,257.7,30.0,271.0,40.0,256.5,10.0,274.0,80.0,264.35,13.300000000000011,40.0,120.0,0.943170186134747,160,-80.0,-32.0,-0.5
07:34:13,259.25,24.0,271.0,32.0,257.0,8.0,274.0,64.0,265.12,11.75,32.0,96.0,0.8767724904520853,128,-64.0,-32.0,-0.5
07:34:14,261.0,27.0,271.0,36.0,258.56,9.0,274.0,72.0,266.0,10.0,36.0,108.0,0.9131976784976665,144,-72.0,16.0,-0.5
07:34:15,263.95,60.0,272.67,45.0,260.69,16.0,274.11,45.0,268.31,8.720000000000027,76.0,90.0,1.7950571021592683,166,-14.0,22.0,-0.08
07:34:16,265.8,82.0,274.0,70.0,264.71,144.0,275.0,14.0,269.9,8.199999999999989,226.0,84.0,2.3094653060850883,310,142.0,144.0,0.46
07:34:17,268.0,21.0,324.86,14.0,264.71,91.0,471.0,15.0,296.43,56.860000000000014,112.0,29.0,13.148667993374922,141,83.0,-169.0,0.59
07:34:18,269.33,27.0,418.0,22.0,263.67,101.0,492.05,38.0,343.67,148.67000000000002,128.0,60.0,33.03711806438298,188,68.0,47.0,0.36
07:34:19,271.14,28.0,339.05,42.0,269.8,20.0,401.84,38.0,305.1,67.91000000000003,48.0,80.0,30.826304838562287,128,-32.0,-60.0,-0.25
07:34:20,272.5,30.0,274.37,41.0,268.86,14.0,281.05,64.0,273.43,1.8700000000000045,44.0,105.0,29.7131558404685,149,-61.0,21.0,-0.41
07:34:21,273.0,13.0,274.0,79.0,268.0,13.0,342.24,45.0,273.5,1.0,26.0,124.0,28.903508956525773,150,-98.0,1.0,-0.65
07:34:22,273.0,10.0,274.0,40.0,268.0,10.0,402.65,34.0,273.5,1.0,20.0,74.0,31.03955460376279,94,-54.0,-56.0,-0.57
07:34:23,265.65,20.0,273.33,33.0,260.05,60.0,337.55,40.0,269.49,7.680000000000007,80.0,73.0,14.689919332657736,153,7.0,59.0,0.05
07:34:24,262.71,51.0,267.0,11.0,259.65,83.0,273.55,20.0,264.85,4.2900000000000205,134.0,31.0,3.8241639609202895,165,103.0,12.0,0.62
07:34:25,263.91,67.0,270.0,12.0,258.91,79.0,276.0,48.0,266.96,6.089999999999975,146.0,60.0,3.8712465692594793,206,86.0,41.0,0.42
07:34:26,267.63,27.0,316.9,42.0,265.2,60.0,356.77,44.0,292.27,49.26999999999998,87.0,86.0,11.022138177322853,173,1.0,-33.0,0.01
07:34:45,273.0,10.0,337.78,18.0,271.0,30.0,592.64,28.0,305.39,64.77999999999997,40.0,46.0,13.29525554474178,86,-6.0,-39.0,-0.07
07:34:52,268.0,11.0,274.09,11.0,266.16,64.0,298.71,14.0,271.05,6.089999999999975,75.0,25.0,15.226709427843153,100,50.0,-170.5,0.5
07:34:53,268.0,9.0,273.0,9.0,266.0,45.0,280.0,9.0,270.5,5.0,54.0,18.0,16.94394198526353,72,36.0,-28.0,0.5
07:34:54,268.0,17.0,277.25,12.0,266.0,33.0,487.16,32.0,272.62,9.25,50.0,44.0,14.631173227051342,94,6.0,22.0,0.06
07:34:55,268.0,13.0,272.18,49.0,266.0,39.0,338.75,16.0,270.09,4.180000000000007,52.0,65.0,7.527724091648944,117,-13.0,23.0,-0.11
07:34:56,268.67,18.0,271.44,63.0,266.8,20.0,273.86,35.0,270.06,2.769999999999982,38.0,98.0,1.060202810784797,136,-60.0,19.0,-0.44
07:34:57,268.92,13.0,271.69,52.0,267.0,13.0,282.92,52.0,270.31,2.769999999999982,26.0,104.0,1.0792265749119363,130,-78.0,-6.0,-0.6
07:34:58,271.73,11.0,280.0,40.0,270.67,24.0,443.8,40.0,275.86,8.269999999999982,35.0,80.0,2.516300856415021,115,-45.0,-15.0,-0.39
07:34:59,272.0,9.0,280.0,36.0,270.68,19.0,372.0,36.0,276.0,8.0,28.0,72.0,3.1658695487960506,100,-44.0,-15.0,-0.44
07:35:00,273.0,14.0,278.26,39.0,271.52,21.0,295.52,23.0,275.63,5.259999999999991,35.0,62.0,3.0959764210976584,97,-27.0,-3.0,-0.28
07:35:05,273.0,10.0,308.36,14.0,272.0,10.0,343.76,25.0,290.68,35.360000000000014,20.0,39.0,6.316557606797032,59,-19.0,-52.0,-0.32
07:35:19,270.56,129.0,277.89,18.0,270.67,18.0,280.67,18.0,274.22,7.329999999999984,147.0,36.0,2.5392754872181524,183,111.0,70.0,0.61
07:35:20,270.0,60.0,276.92,13.0,269.0,9.0,281.4,15.0,273.46,6.920000000000016,69.0,28.0,3.0599150314980146,97,41.0,-86.0,0.42
07:35:28,272.14,21.0,276.44,27.0,268.8,15.0,283.67,36.0,274.29,4.300000000000011,36.0,63.0,1.1102026841927992,99,-27.0,-58.0,-0.27
07:35:29,268.94,16.0,275.43,35.0,268.33,21.0,282.93,60.0,272.18,6.490000000000009,37.0,95.0,1.9571739830659414,132,-58.0,33.0,-0.44
07:35:30,267.0,11.0,272.21,29.0,266.0,11.0,279.15,26.0,269.6,5.2099999999999795,22.0,55.0,2.840903025446705,77,-33.0,-55.0,-0.43
07:35:31,266.33,15.0,270.33,15.0,263.33,27.0,272.0,60.0,268.33,4.0,42.0,75.0,3.2275145235915867,117,-33.0,40.0,-0.28
07:35:32,265.0,9.0,271.11,18.0,262.0,27.0,273.67,36.0,268.06,6.110000000000014,36.0,54.0,2.6766901202785873,90,-18.0,-27.0,-0.2
07:35:33,265.0,8.0,271.17,36.0,261.62,24.0,274.5,32.0,268.08,6.170000000000016,32.0,68.0,1.7563314038070204,100,-36.0,10.0,-0.36
07:35:34,265.0,10.0,268.88,43.0,259.0,30.0,270.51,47.0,266.94,3.8799999999999955,40.0,90.0,0.9484829993206157,130,-50.0,30.0,-0.38
07:35:35,265.0,10.0,267.0,40.0,259.0,30.0,268.2,50.0,266.0,2.0,40.0,90.0,0.9875322779541014,130,-50.0,0.0,-0.38
07:35:36,265.0,12.0,267.09,44.0,256.33,27.0,268.08,52.0,266.05,2.089999999999975,39.0,96.0,1.023806622366657,135,-57.0,5.0,-0.42
07:35:37,266.57,23.0,268.0,16.0,262.75,8.0,270.0,8.0,267.28,1.4300000000000068,31.0,24.0,0.8755569655950558,55,7.0,-80.0,0.13
07:35:38,267.0,40.0,268.0,20.0,260.5,16.0,269.25,20.0,267.5,1.0,56.0,40.0,0.6949676251467997,96,16.0,41.0,0.17
07:35:39,263.97,30.0,268.91,22.0,254.0,41.0,269.88,26.0,266.44,4.939999999999998,71.0,48.0,0.6974811825435252,119,23.0,23.0,0.19
07:35:40,267.71,14.0,269.0,12.0,266.31,26.0,270.0,24.0,268.36,1.2900000000000205,40.0,36.0,0.9103186255381898,76,4.0,-43.0,0.05
07:35:41,268.0,9.0,276.59,27.0,267.0,18.0,358.75,16.0,272.3,8.589999999999975,27.0,43.0,2.2975378125289363,70,-16.0,-6.0,-0.23
07:35:42,268.47,17.0,276.0,65.0,267.18,22.0,278.69,39.0,272.24,7.529999999999973,39.0,104.0,2.7351270537214587,143,-65.0,73.0,-0.45
07:35:43,269.64,28.0,276.0,80.0,268.8,20.0,279.0,48.0,272.82,6.360000000000014,48.0,128.0,2.8587619698040143,176,-80.0,33.0,-0.45
07:35:44,272.35,40.0,275.1,49.0,269.31,26.0,276.89,76.0,273.73,2.75,66.0,125.0,2.061674077053903,191,-59.0,15.0,-0.31
07:35:45,268.5,12.0,276.9,50.0,260.53,32.0,279.0,10.0,272.7,8.399999999999977,44.0,60.0,0.597929761757295,104,-16.0,-87.0,-0.15
07:35:46,261.94,192.0,274.19,80.0,259.73,71.0,277.27,52.0,268.06,12.25,263.0,132.0,2.2190087877239275,395,131.0,169.5,0.33
07:35:47,262.0,90.0,271.46,28.0,260.0,48.0,275.15,26.0,266.73,9.45999999999998,138.0,54.0,3.175983312298287,192,84.0,-170.5,0.44
07:35:48,261.52,99.0,273.0,34.0,259.72,43.0,277.5,20.0,267.26,11.480000000000018,142.0,54.0,3.267450076129474,196,88.0,4.0,0.45
07:35:49,261.16,124.0,276.0,55.0,259.89,74.0,279.0,11.0,268.58,14.839999999999975,198.0,66.0,2.3649904862387223,264,132.0,68.0,0.5
07:36:19,273.0,14.0,323.06,31.0,272.0,63.0,354.57,23.0,298.03,50.06,77.0,54.0,9.383835569741574,131,23.0,-73.0,0.18
07:36:20,273.0,22.0,285.78,51.0,272.0,99.0,287.33,15.0,279.39,12.779999999999973,121.0,66.0,17.57883329461753,187,55.0,56.0,0.29
07:36:33,270.44,27.0,287.24,25.0,268.0,31.0,287.76,17.0,278.84,16.80000000000001,58.0,42.0,1.9907661841543614,100,16.0,56.0,0.16
07:36:35,268.14,50.0,280.64,14.0,266.22,103.0,282.0,42.0,274.39,12.5,153.0,56.0,3.448459076163278,209,97.0,10.0,0.46
07:36:36,271.22,36.0,277.04,49.0,266.7,107.0,290.34,47.0,274.13,5.819999999999993,143.0,96.0,4.152653368627541,239,47.0,30.0,0.2
07:36:39,270.84,49.0,290.82,34.0,268.89,79.0,292.35,68.0,280.83,19.980000000000018,128.0,102.0,5.342992607141903,230,26.0,109.0,0.11
07:36:40,271.93,29.0,290.0,10.0,269.5,14.0,293.0,20.0,280.97,18.069999999999993,43.0,30.0,4.398719131744205,73,13.0,-157.0,0.18
07:36:58,271.0,30.0,274.34,47.0,267.77,57.0,275.42,48.0,272.67,3.339999999999975,87.0,95.0,4.103764125772019,182,-8.0,35.0,-0.04
07:36:59,269.0,22.0,271.38,39.0,267.0,77.0,272.36,28.0,270.19,2.3799999999999955,99.0,67.0,4.210299276770514,166,32.0,-16.0,0.19
07:37:00,269.0,24.0,270.36,44.0,267.0,117.0,271.88,34.0,269.68,1.3600000000000136,141.0,78.0,3.6641738495839737,219,63.0,53.0,0.29
07:37:01,267.14,134.0,272.9,40.0,265.39,145.0,283.31,64.0,270.02,5.759999999999991,279.0,104.0,2.942011216833757,383,175.0,164.0,0.46
07:37:02,266.88,32.0,271.83,24.0,264.58,57.0,276.21,29.0,269.35,4.949999999999989,89.0,53.0,1.3191550325781194,142,36.0,-170.5,0.25
07:37:03,266.35,46.0,271.17,23.0,265.71,68.0,274.5,26.0,268.76,4.819999999999993,114.0,49.0,0.5698684058416634,163,65.0,21.0,0.4
07:37:04,267.89,38.0,275.52,29.0,266.64,50.0,393.45,42.0,271.71,7.6299999999999955,88.0,71.0,1.1114090156087342,159,17.0,-4.0,0.11
07:37:05,271.26,62.0,278.0,33.0,269.54,26.0,392.0,55.0,274.63,6.740000000000009,88.0,88.0,2.3624838623736553,176,0.0,17.0,0.0
07:37:10,269.57,28.0,278.0,14.0,265.75,16.0,283.0,28.0,273.79,8.430000000000007,44.0,42.0,6.391355881186079,86,2.0,-40.0,0.02
07:37:11,267.0,36.0,276.43,42.0,263.07,15.0,277.44,27.0,271.71,9.430000000000007,51.0,69.0,7.227006987679767,120,-18.0,34.0,-0.15
07:37:12,267.0,40.0,276.09,22.0,264.0,40.0,277.5,24.0,271.55,9.089999999999975,80.0,46.0,6.620956879482974,126,34.0,6.0,0.27
07:37:13,267.0,40.0,270.83,12.0,264.0,40.0,275.12,17.0,268.92,3.829999999999984,80.0,29.0,2.8145923328208813,109,51.0,-17.0,0.47
07:37:14,265.87,67.0,268.42,19.0,263.71,115.0,269.79,24.0,267.14,2.5500000000000114,182.0,43.0,2.6029925086282577,225,139.0,116.0,0.62
07:37:15,264.0,40.0,269.0,11.0,239.78,72.0,272.0,10.0,266.5,5.0,112.0,21.0,2.4201301617837068,133,91.0,-92.0,0.68
07:37:16,267.0,14.0,277.07,15.0,263.14,28.0,279.64,28.0,272.03,10.069999999999993,42.0,43.0,2.506964299700971,85,-1.0,-48.0,-0.01
07:37:17,267.0,8.0,279.0,16.0,263.0,18.0,283.0,16.0,273.0,12.0,26.0,32.0,2.896345973804762,58,-6.0,-27.0,-0.1
07:37:18,267.0,2.0,279.0,4.0,263.0,5.0,283.0,4.0,273.0,12.0,7.0,8.0,3.240089504932655,15,-1.0,-43.0,-0.07
07:37:19,267.0,12.0,276.56,18.0,263.0,30.0,281.27,22.0,271.78,9.560000000000002,42.0,40.0,2.7191947337353937,82,2.0,67.0,0.02
07:37:20,268.7,37.0,279.0,12.0,265.67,15.0,280.0,12.0,273.85,10.300000000000011,52.0,24.0,0.8355656766368965,76,28.0,-6.0,0.37
07:37:21,270.81,58.0,280.0,16.0,268.33,21.0,283.0,32.0,275.41,9.189999999999998,79.0,48.0,1.3403991942601876,127,31.0,51.0,0.24
07:37:33,272.05,38.0,279.0,36.0,270.69,51.0,284.0,45.0,275.53,6.949999999999989,89.0,81.0,3.1070452201360412,170,8.0,47.0,0.05
07:37:34,271.06,72.0,277.0,48.0,270.26,54.0,287.72,78.0,274.03,5.939999999999998,126.0,126.0,3.738705658375827,252,0.0,82.0,0.0
07:37:35,270.92,89.0,275.94,68.0,268.8,105.0,287.31,104.0,273.43,5.019999999999982,194.0,172.0,3.5173029440144243,366,22.0,114.0,0.06
07:37:36,273.0,52.0,275.0,52.0,269.0,91.0,276.0,52.0,274.0,2.0,143.0,104.0,2.3180120793415897,247,39.0,-119.0,0.16
07:37:37,268.68,74.0,276.0,44.0,264.04,75.0,286.0,39.0,272.34,7.319999999999993,149.0,83.0,1.1546124890951426,232,66.0,-15.0,0.28
07:37:38,271.49,65.0,281.11,54.0,267.53,91.0,286.68,74.0,276.3,9.620000000000005,156.0,128.0,1.4464957656261634,284,28.0,52.0,0.1
07:37:39,270.12,8.0,286.0,24.0,267.0,48.0,287.0,40.0,278.06,15.879999999999995,56.0,64.0,2.3153142335272574,120,-8.0,-164.0,-0.07
07:37:40,272.0,13.0,285.31,39.0,268.04,46.0,287.0,65.0,278.65,13.310000000000002,59.0,104.0,2.6770879701596026,163,-45.0,43.0,-0.28
07:38:21,273.07,41.0,277.25,60.0,269.23,22.0,287.51,53.0,275.16,4.180000000000007,63.0,113.0,0.9486464040800623,176,-50.0,7.0,-0.28
07:38:22,270.3,46.0,277.0,75.0,268.62,52.0,289.76,51.0,273.65,6.699999999999989,98.0,126.0,1.6754014444230205,224,-28.0,48.0,-0.12
07:38:23,270.37,38.0,273.92,65.0,268.43,46.0,276.0,49.0,272.15,3.5500000000000114,84.0,114.0,2.3058035475676704,198,-30.0,-26.0,-0.15
07:38:24,267.82,44.0,273.21,57.0,263.39,131.0,276.8,44.0,270.51,5.389999999999986,175.0,101.0,2.6194503240139846,276,74.0,78.0,0.27
07:38:25,266.35,34.0,270.56,18.0,263.08,226.0,271.91,32.0,268.45,4.2099999999999795,260.0,50.0,2.624496142115444,310,210.0,34.0,0.68
07:38:26,266.62,37.0,270.14,35.0,263.74,91.0,274.23,31.0,268.38,3.519999999999982,128.0,66.0,2.305432714259994,194,62.0,-116.0,0.32
07:38:27,268.96,49.0,270.1,50.0,266.74,39.0,276.62,24.0,269.53,1.1400000000000432,88.0,74.0,1.5762550554973862,162,14.0,-32.0,0.09
07:38:34,265.85,27.0,279.0,24.0,262.98,165.0,283.0,40.0,272.43,13.149999999999977,192.0,64.0,2.9636717092102964,256,128.0,-28.0,0.5
07:38:35,263.0,180.0,279.0,27.0,262.0,36.0,283.0,45.0,271.0,16.0,216.0,72.0,3.145054848484434,288,144.0,32.0,0.5
07:38:36,263.0,135.0,279.0,29.0,262.0,44.0,283.0,55.0,271.0,16.0,179.0,84.0,2.812646440627954,263,95.0,-25.0,0.36
07:38:37,263.0,21.0,279.0,14.0,262.0,49.0,283.0,35.0,271.0,16.0,70.0,49.0,2.381696874074928,119,21.0,-144.0,0.18
07:38:38,262.22,54.0,279.0,20.0,260.83,46.0,283.0,50.0,270.61,16.779999999999973,100.0,70.0,0.7036831673271153,170,30.0,51.0,0.18
07:38:39,262.23,103.0,277.86,74.0,261.81,199.0,279.49,41.0,270.05,15.629999999999995,302.0,115.0,0.4169772175791184,417,187.0,169.5,0.45
07:38:40,265.18,34.0,275.37,54.0,264.55,22.0,276.87,30.0,270.27,10.189999999999998,56.0,84.0,0.4273523136478619,140,-28.0,-170.5,-0.2
07:38:41,267.24,17.0,272.18,68.0,263.09,133.0,277.0,54.0,269.71,4.939999999999998,150.0,122.0,0.49841749566047516,272,28.0,132.0,0.1
07:38:42,268.05,20.0,271.4,80.0,262.25,160.0,276.57,112.0,269.73,3.349999999999966,180.0,192.0,0.3798420724205348,372,-12.0,100.0,-0.03
07:38:43,259.32,62.0,270.0,45.0,258.48,97.0,271.0,52.0,264.66,10.680000000000007,159.0,97.0,2.3728000337116235,256,62.0,-116.0,0.24
07:38:44,258.0,72.0,270.64,25.0,257.0,63.0,275.8,30.0,264.32,12.639999999999986,135.0,55.0,2.975931786849817,190,80.0,-66.0,0.42
07:38:45,258.0,88.0,270.73,22.0,257.0,77.0,277.4,30.0,264.36,12.730000000000018,165.0,52.0,2.891319767854214,217,113.0,27.0,0.52
07:38:46,258.0,96.0,268.25,24.0,257.0,84.0,269.33,24.0,263.12,10.25,180.0,48.0,2.5793254932222505,228,132.0,11.0,0.58
07:38:47,258.0,152.0,268.18,22.0,257.0,43.0,270.09,22.0,263.09,10.180000000000007,195.0,44.0,0.7465922581890698,239,151.0,11.0,0.63
07:38:48,260.37,59.0,269.0,11.0,257.85,80.0,275.0,11.0,264.69,8.629999999999995,139.0,22.0,0.7542081940603952,161,117.0,-78.0,0.73
07:38:49,258.36,56.0,269.0,35.0,257.37,54.0,275.0,14.0,263.68,10.639999999999986,110.0,49.0,0.7221287973678858,159,61.0,-2.0,0.38
07:38:50,259.0,28.0,269.0,28.0,257.29,28.0,275.0,7.0,264.0,10.0,56.0,35.0,0.6666558332363608,91,21.0,-68.0,0.23
07:38:51,259.0,24.0,269.0,24.0,257.0,19.0,275.0,6.0,264.0,10.0,43.0,30.0,0.5805772988912543,73,13.0,-18.0,0.18
07:38:52,259.94,64.0,269.0,64.0,257.0,48.0,271.4,25.0,264.47,9.060000000000002,112.0,89.0,0.40567228151249424,201,23.0,128.0,0.11
07:38:53,261.58,62.0,269.0,48.0,260.52,58.0,270.0,24.0,265.29,7.420000000000016,120.0,72.0,0.627032694512354,192,48.0,-9.0,0.25
07:38:54,265.44,90.0,268.12,96.0,262.52,108.0,269.08,78.0,266.78,2.680000000000007,198.0,174.0,1.1716526789056056,372,24.0,169.5,0.06
07:38:55,267.0,78.0,268.98,49.0,257.35,49.0,269.86,28.0,267.99,1.9800000000000182,127.0,77.0,1.656903738901502,204,50.0,-168.0,0.25
07:38:56,267.75,48.0,269.0,32.0,258.0,24.0,270.0,16.0,268.38,1.25,72.0,48.0,1.687029934525376,120,24.0,-84.0,0.2
07:38:57,268.0,72.0,272.57,56.0,257.17,36.0,275.0,48.0,270.29,4.569999999999993,108.0,104.0,1.8640359438549698,212,4.0,92.0,0.02
07:38:58,270.74,68.0,274.0,70.0,269.23,57.0,276.0,85.0,272.37,3.259999999999991,125.0,155.0,2.1921838426513482,280,-30.0,68.0,-0.11
07:38:59,273.0,24.0,274.0,24.0,271.0,72.0,276.0,60.0,273.5,1.0,96.0,84.0,2.4153322752739315,180,12.0,-100.0,0.07
07:39:00,271.12,64.0,273.62,26.0,264.53,43.0,275.76,51.0,272.37,2.5,107.0,77.0,2.039772046082327,184,30.0,4.0,0.16
07:39:01,271.0,61.0,272.93,29.0,260.0,120.0,298.86,22.0,271.97,1.9300000000000068,181.0,51.0,1.1617658972348792,232,130.0,48.0,0.56
07:39:02,271.43,7.0,278.67,12.0,260.0,56.0,427.22,9.0,275.05,7.240000000000009,63.0,21.0,1.2543603947737192,84,42.0,-148.0,0.5
07:39:04,260.48,42.0,275.67,48.0,258.44,61.0,278.0,32.0,268.07,15.189999999999998,103.0,80.0,3.0392893906269194,183,23.0,49.0,0.13
07:39:05,262.0,112.0,274.21,56.0,261.0,28.0,276.55,44.0,268.11,12.20999999999998,140.0,100.0,3.6674814246262026,240,40.0,57.0,0.17
07:39:06,262.73,30.0,273.75,48.0,261.98,120.0,275.43,42.0,268.24,11.019999999999982,150.0,90.0,3.987609559620773,240,60.0,0.0,0.25
07:39:07,264.71,28.0,272.0,44.0,263.18,22.0,275.0,44.0,268.36,7.2900000000000205,50.0,88.0,3.385095271920749,138,-38.0,-102.0,-0.28
07:39:08,266.92,37.0,270.21,56.0,265.42,52.0,274.18,61.0,268.57,3.2899999999999636,89.0,117.0,0.20285462770552432,206,-28.0,68.0,-0.14
07:39:09,261.08,50.0,270.8,40.0,259.12,33.0,273.02,86.0,265.94,9.720000000000027,83.0,126.0,1.0777430120311489,209,-43.0,3.0,-0.21
07:39:10,261.44,59.0,270.03,32.0,259.86,21.0,272.38,52.0,265.74,8.589999999999975,80.0,84.0,1.4034600101115924,164,-4.0,-45.0,-0.02
07:39:11,264.67,45.0,271.77,39.0,260.29,21.0,278.54,52.0,268.22,7.099999999999966,66.0,91.0,1.4003856611599708,157,-25.0,-7.0,-0.16
07:39:12,264.08,36.0,270.8,20.0,259.48,27.0,271.83,48.0,267.44,6.720000000000027,63.0,68.0,1.2934913992688997,131,-5.0,-26.0,-0.04
07:39:13,265.0,48.0,270.8,20.0,259.0,64.0,272.5,64.0,267.9,5.800000000000011,112.0,84.0,1.139262919603167,196,28.0,65.0,0.14
07:39:14,265.0,30.0,272.0,20.0,258.0,80.0,274.0,40.0,268.5,7.0,110.0,60.0,1.09105453575075,170,50.0,-26.0,0.29
07:39:15,265.3,30.0,270.0,26.0,258.0,80.0,272.9,20.0,267.65,4.699999999999989,110.0,46.0,0.42652080838098083,156,64.0,-14.0,0.41
07:39:16,266.0,30.0,270.0,10.0,258.0,80.0,273.0,20.0,268.0,4.0,110.0,30.0,0.4012729743977273,140,80.0,-16.0,0.57
07:39:17,266.5,36.0,270.0,12.0,258.0,76.0,273.0,24.0,268.25,3.5,112.0,36.0,0.3267261850263531,148,76.0,8.0,0.51
07:39:18,264.58,36.0,269.67,15.0,257.64,50.0,272.86,21.0,267.12,5.090000000000032,86.0,36.0,0.539286565734751,122,50.0,-26.0,0.41
07:39:19,258.2,80.0,267.23,65.0,257.47,34.0,270.0,13.0,262.72,9.03000000000003,114.0,78.0,2.2913031226755454,192,36.0,70.0,0.19
07:39:20,259.0,20.0,267.0,22.0,258.0,20.0,270.0,5.0,263.0,8.0,40.0,27.0,2.734487154839721,67,13.0,-125.0,0.19
07:39:21,259.0,44.0,267.0,44.0,258.0,44.0,270.0,11.0,263.0,8.0,88.0,55.0,2.6499849056144105,143,33.0,76.0,0.23
07:39:22,259.36,56.0,267.0,96.0,257.86,49.0,270.0,13.0,263.18,7.639999999999986,105.0,109.0,1.8609889843803498,214,-4.0,71.0,-0.02
07:39:23,257.04,46.0,267.0,72.0,255.27,15.0,270.0,9.0,262.02,9.95999999999998,61.0,81.0,0.45768985130300627,142,-20.0,-72.0,-0.14
07:39:24,258.0,10.0,263.0,30.0,257.0,40.0,267.0,80.0,260.5,5.0,50.0,110.0,1.125255526529894,160,-60.0,18.0,-0.38
07:39:25,260.73,355.0,263.0,57.0,258.14,28.0,267.0,152.0,261.86,2.269999999999982,383.0,209.0,1.0723432286288788,592,174.0,169.5,0.29
07:39:26,261.1,98.0,265.98,63.0,257.26,156.0,267.26,70.0,263.54,4.8799999999999955,254.0,133.0,1.203328716513552,387,121.0,-170.5,0.31
07:39:27,262.96,146.0,267.0,91.0,253.27,55.0,269.37,19.0,264.98,4.0400000000000205,201.0,110.0,1.720465053404439,311,91.0,-76.0,0.29
07:39:28,264.0,6.0,267.0,42.0,263.0,120.0,269.5,8.0,265.5,3.0,126.0,50.0,2.0994475463762905,176,76.0,-135.0,0.43
07:39:29,263.98,160.0,267.0,42.0,261.17,96.0,270.0,12.0,265.49,3.019999999999982,256.0,54.0,1.5689423188838716,310,202.0,134.0,0.65
07:39:30,265.43,100.0,267.9,10.0,262.12,120.0,270.68,22.0,266.66,2.4699999999999704,220.0,32.0,1.1295928469958016,252,188.0,-58.0,0.75
07:39:31,266.33,228.0,270.78,32.0,252.0,12.0,271.22,45.0,268.56,4.449999999999989,240.0,77.0,1.4367045625261603,317,163.0,65.0,0.51
07:39:32,268.0,171.0,271.0,41.0,255.84,64.0,272.0,18.0,269.5,3.0,235.0,59.0,1.8185488720358822,294,176.0,-23.0,0.6
07:39:33,268.51,166.0,271.43,14.0,258.84,105.0,273.06,34.0,269.97,2.920000000000016,271.0,48.0,1.9061558173408844,319,223.0,25.0,0.7
07:39:34,271.0,180.0,272.0,20.0,264.45,58.0,274.0,60.0,271.5,1.0,238.0,80.0,1.7907316940239282,318,158.0,-1.0,0.5
07:39:35,271.0,162.0,272.0,18.0,260.44,63.0,274.0,54.0,271.5,1.0,225.0,72.0,1.2857215872735797,297,153.0,-21.0,0.52
07:39:36,271.0,216.0,272.0,24.0,261.0,84.0,274.0,72.0,271.5,1.0,300.0,96.0,0.9809077428489145,396,204.0,99.0,0.52
07:39:37,271.0,180.0,272.0,20.0,263.0,72.0,274.0,60.0,271.5,1.0,252.0,80.0,0.6842368011008523,332,172.0,-64.0,0.52
07:39:38,267.69,193.0,273.5,56.0,260.18,73.0,299.48,63.0,270.6,5.810000000000002,266.0,119.0,0.40249223592593353,385,147.0,53.0,0.38
07:39:39,264.5,277.0,272.69,107.0,262.61,160.0,318.62,78.0,268.6,8.189999999999998,437.0,185.0,1.2581732789965585,622,252.0,169.5,0.41
07:39:40,265.81,256.0,270.0,80.0,260.75,112.0,274.0,96.0,267.91,4.189999999999998,368.0,176.0,1.672249981307022,544,192.0,-78.0,0.35
07:39:41,265.52,174.0,271.78,45.0,258.88,86.0,303.63,46.0,268.65,6.259999999999991,260.0,91.0,1.521436820897158,351,169.0,-170.5,0.48
07:39:42,261.42,118.0,268.31,81.0,256.33,111.0,269.35,85.0,264.86,6.889999999999986,229.0,166.0,2.0816651988209824,395,63.0,44.0,0.16
07:39:43,262.8,118.0,266.51,74.0,258.8,138.0,268.07,76.0,264.66,3.7099999999999795,256.0,150.0,2.0090619701699395,406,106.0,11.0,0.26
07:39:44,265.49,61.0,267.46,92.0,263.71,49.0,269.38,65.0,266.47,1.9699999999999704,110.0,157.0,1.7808846116420272,267,-47.0,-139.0,-0.18
07:39:45,268.48,23.0,270.39,49.0,266.89,38.0,559.53,55.0,269.43,1.9099999999999682,61.0,104.0,2.1674016701994088,165,-43.0,-102.0,-0.26
07:39:46,262.29,28.0,354.29,34.0,256.38,32.0,514.75,36.0,308.29,92.0,60.0,70.0,18.850810857890934,130,-10.0,-35.0,-0.08
07:39:50,272.44,36.0,295.87,38.0,272.0,16.0,319.75,36.0,284.16,23.430000000000007,52.0,74.0,47.142130626435815,126,-22.0,27.0,-0.17
07:39:54,272.14,43.0,280.22,36.0,269.87,30.0,282.47,19.0,276.18,8.080000000000041,73.0,55.0,3.7102991793085867,128,18.0,-5.0,0.14
07:39:55,272.38,26.0,275.57,40.0,271.69,29.0,277.97,29.0,273.98,3.1899999999999977,55.0,69.0,4.475155863205121,124,-14.0,-4.0,-0.11
07:39:56,268.36,22.0,272.43,7.0,206.59,17.0,274.0,7.0,270.4,4.069999999999993,39.0,14.0,4.9290688775854035,53,25.0,-71.0,0.47
07:39:57,268.0,56.0,269.97,29.0,191.66,58.0,270.53,32.0,268.98,1.9700000000000273,114.0,61.0,3.9681481827148093,175,53.0,122.0,0.3
07:39:58,268.0,58.0,269.93,60.0,217.13,45.0,272.86,56.0,268.97,1.9300000000000068,103.0,116.0,3.23303572513263,219,-13.0,44.0,-0.06
07:39:59,267.14,28.0,271.06,16.0,206.75,28.0,275.33,36.0,269.1,3.920000000000016,56.0,52.0,2.1507394077350743,108,4.0,-111.0,0.04
07:40:00,265.0,22.0,273.0,11.0,150.78,51.0,274.36,11.0,269.0,8.0,73.0,22.0,0.622655603030408,95,51.0,-13.0,0.54
07:40:01,265.0,20.0,273.0,10.0,166.48,46.0,275.0,10.0,269.0,8.0,66.0,20.0,0.05196152408613842,86,46.0,-9.0,0.53
07:40:02,265.79,19.0,271.0,19.0,168.81,42.0,276.73,15.0,268.39,5.2099999999999795,61.0,34.0,0.28490349240653096,95,27.0,9.0,0.28
07:40:03,270.59,44.0,279.0,32.0,266.75,24.0,286.1,29.0,274.8,8.410000000000025,68.0,61.0,2.665768181966441,129,7.0,34.0,0.05
07:40:04,272.98,97.0,279.0,40.0,272.6,60.0,371.0,42.0,275.99,6.019999999999982,157.0,82.0,3.6469754591968058,239,75.0,110.0,0.31
07:40:34,272.0,14.0,275.43,28.0,270.0,7.0,280.0,35.0,273.71,3.430000000000007,21.0,63.0,2.1001190442404414,84,-42.0,-19.0,-0.5
07:40:35,271.71,21.0,274.18,17.0,269.17,12.0,279.77,52.0,272.95,2.4700000000000273,33.0,69.0,1.197405528625189,102,-36.0,18.0,-0.35
07:40:36,269.6,15.0,273.0,9.0,267.67,9.0,280.0,45.0,271.3,3.3999999999999773,24.0,54.0,1.614636181925436,78,-30.0,-24.0,-0.38
07:40:37,270.05,20.0,272.1,20.0,268.5,8.0,277.38,16.0,271.08,2.0500000000000114,28.0,36.0,1.5694489478741798,64,-8.0,-14.0,-0.12
07:40:38,264.67,24.0,275.12,16.0,264.38,34.0,279.39,56.0,269.9,10.449999999999989,58.0,72.0,1.5287478536318608,130,-14.0,66.0,-0.11
07:40:39,263.83,35.0,273.77,65.0,262.42,19.0,276.0,13.0,268.8,9.939999999999998,54.0,78.0,1.562107550709806,132,-24.0,2.0,-0.18
07:40:40,264.0,9.0,272.89,45.0,263.0,9.0,276.0,29.0,268.44,8.889999999999986,18.0,74.0,1.293630550035476,92,-56.0,-40.0,-0.61
07:40:41,264.0,11.0,270.27,55.0,262.29,21.0,276.0,31.0,267.14,6.269999999999982,32.0,86.0,1.4936264593215978,118,-54.0,26.0,-0.46
07:40:42,264.0,9.0,269.22,45.0,262.0,27.0,276.0,9.0,266.61,5.220000000000027,36.0,54.0,1.3187949044434775,90,-18.0,-28.0,-0.2
07:40:43,264.0,27.0,275.5,48.0,262.0,36.0,313.0,54.0,269.75,11.5,63.0,102.0,1.2706573102084238,165,-39.0,75.0,-0.24
07:40:44,270.73,15.0,276.17,60.0,263.92,37.0,305.63,57.0,273.45,5.439999999999998,52.0,117.0,2.7303790945554605,169,-65.0,4.0,-0.38
07:40:45,265.0,13.0,275.61,62.0,264.0,39.0,280.06,63.0,270.31,10.610000000000014,52.0,125.0,2.749148959220885,177,-73.0,8.0,-0.41
07:40:46,263.67,36.0,272.68,87.0,263.0,54.0,275.15,75.0,268.17,9.009999999999991,90.0,162.0,2.565018518448771,252,-72.0,75.0,-0.29
07:40:47,263.0,24.0,271.6,15.0,261.0,18.0,275.0,24.0,267.3,8.600000000000023,42.0,39.0,2.371282353492522,81,3.0,-170.5,0.04
07:40:48,263.0,40.0,270.8,20.0,261.0,30.0,275.0,40.0,266.9,7.800000000000011,70.0,60.0,2.7042614518543484,130,10.0,49.0,0.08
07:40:49,263.0,56.0,275.0,28.0,261.0,42.0,276.97,58.0,269.0,12.0,98.0,86.0,1.3693538622233232,184,12.0,54.0,0.07
07:40:50,263.08,52.0,274.4,40.0,261.36,44.0,275.73,44.0,268.74,11.319999999999993,96.0,84.0,0.9047209514464214,180,12.0,-4.0,0.07
07:40:51,264.0,20.0,275.96,56.0,263.0,40.0,277.84,49.0,269.98,11.95999999999998,60.0,105.0,1.2679432163886002,165,-45.0,-15.0,-0.27
07:40:52,264.71,28.0,273.94,68.0,263.17,46.0,275.58,48.0,269.33,9.230000000000018,74.0,116.0,1.1539497389338789,190,-42.0,25.0,-0.22
07:40:53,266.38,52.0,271.14,84.0,262.2,80.0,272.88,99.0,268.76,4.759999999999991,132.0,183.0,0.5155773462684932,315,-51.0,125.0,-0.16
07:40:54,265.41,34.0,270.0,68.0,260.76,75.0,271.0,34.0,267.71,4.589999999999975,109.0,102.0,0.8385284729724227,211,7.0,-104.0,0.03
07:40:55,264.93,28.0,268.67,48.0,258.89,37.0,271.0,26.0,266.8,3.740000000000009,65.0,74.0,1.2707989612781798,139,-9.0,-72.0,-0.06
07:40:56,258.86,35.0,268.0,38.0,257.83,24.0,271.0,22.0,263.43,9.139999999999986,59.0,60.0,2.3239685884250867,119,-1.0,-20.0,-0.01
07:40:57,258.75,56.0,268.0,66.0,257.57,37.0,271.0,22.0,263.38,9.25,93.0,88.0,2.4824242183775187,181,5.0,62.0,0.03
07:40:58,259.0,54.0,268.0,54.0,258.0,27.0,271.0,18.0,263.5,9.0,81.0,72.0,2.1164191456296955,153,9.0,-28.0,0.06
07:40:59,261.45,66.0,268.0,56.0,258.94,65.0,271.0,28.0,264.73,6.550000000000011,131.0,84.0,1.4709758665553965,215,47.0,62.0,0.22
07:41:00,265.0,84.0,268.0,52.0,259.69,35.0,271.0,28.0,266.5,3.0,119.0,80.0,1.3479502958152523,199,39.0,-16.0,0.2
07:41:01,266.0,48.0,269.5,20.0,259.2,25.0,273.25,16.0,267.75,3.5,73.0,36.0,1.9112744439215896,109,37.0,-90.0,0.34
07:41:02,266.34,58.0,272.41,17.0,265.3,46.0,274.94,34.0,269.38,6.07000000000005,104.0,51.0,2.3402927167315704,155,53.0,46.0,0.34
07:41:03,269.08,61.0,274.0,26.0,265.74,47.0,276.0,52.0,271.54,4.920000000000016,108.0,78.0,2.6191315354494265,186,30.0,31.0,0.16
07:41:04,270.6,60.0,275.0,40.0,268.74,73.0,276.38,65.0,272.8,4.399999999999977,133.0,105.0,2.602129896831547,238,28.0,52.0,0.12
07:41:05,271.0,42.0,275.96,46.0,260.0,24.0,276.93,59.0,273.48,4.9599999999999795,66.0,105.0,2.3910457962957548,171,-39.0,-67.0,-0.23
07:41:06,268.75,24.0,276.0,36.0,262.0,18.0,278.52,63.0,272.38,7.25,42.0,99.0,1.5823653181180806,141,-57.0,-30.0,-0.4
07:41:07,268.53,45.0,276.84,57.0,264.4,30.0,278.93,116.0,272.69,8.310000000000002,75.0,173.0,0.7057053209254291,248,-98.0,107.0,-0.4
07:41:08,269.49,35.0,277.0,64.0,264.3,33.0,278.56,68.0,273.24,7.509999999999991,68.0,132.0,0.4401363424920292,200,-64.0,-48.0,-0.32
07:41:09,267.0,20.0,274.43,42.0,261.34,32.0,277.36,50.0,270.71,7.430000000000007,52.0,92.0,1.091169097794891,144,-40.0,-56.0,-0.28
07:41:10,265.47,34.0,274.46,52.0,263.91,236.0,277.75,79.0,269.97,8.989999999999952,270.0,131.0,1.390960100068609,401,139.0,169.5,0.35
07:41:11,267.91,11.0,275.09,22.0,263.02,147.0,276.93,43.0,271.5,7.17999999999995,158.0,65.0,1.3540937929046757,223,93.0,-170.5,0.42
07:41:12,269.14,14.0,274.79,28.0,264.0,14.0,276.0,42.0,271.96,5.650000000000034,28.0,70.0,1.2451224839280022,98,-42.0,-125.0,-0.43
07:41:13,270.86,14.0,274.0,37.0,264.5,14.0,277.43,42.0,272.43,3.1399999999999864,28.0,79.0,0.9834276790812384,107,-51.0,9.0,-0.48
07:41:14,271.7,10.0,274.0,36.0,261.71,17.0,278.0,30.0,272.85,2.3000000000000114,27.0,66.0,1.1121016140546622,93,-39.0,-14.0,-0.42
07:41:15,273.0,6.0,274.0,18.0,260.07,84.0,278.0,18.0,273.5,1.0,90.0,36.0,0.7754804961975302,126,54.0,33.0,0.43
07:41:16,260.25,122.0,274.0,13.0,259.63,43.0,278.0,18.0,267.12,13.75,165.0,31.0,2.5523263897830595,196,134.0,70.0,0.68
07:41:17,262.0,24.0,273.08,26.0,261.0,136.0,275.89,19.0,267.54,11.079999999999984,160.0,45.0,3.0925992304181977,205,115.0,9.0,0.56
07:41:18,262.0,136.0,270.0,50.0,260.85,240.0,271.48,46.0,266.0,8.0,376.0,96.0,3.4975162615752806,472,280.0,169.5,0.59
07:41:19,262.0,264.0,269.47,34.0,260.0,108.0,271.47,32.0,265.74,7.470000000000027,372.0,66.0,3.1757518794741917,438,306.0,-34.0,0.7
07:41:20,262.0,132.0,272.0,12.0,260.0,54.0,273.0,18.0,267.0,10.0,186.0,30.0,0.771621668944214,216,156.0,-170.5,0.72
07:41:21,262.0,198.0,272.0,18.0,252.74,73.0,273.0,27.0,267.0,10.0,271.0,45.0,0.7562274789931007,316,226.0,100.0,0.72
07:41:22,262.92,167.0,272.0,20.0,259.04,186.0,273.0,30.0,267.46,9.079999999999984,353.0,50.0,0.7333484846812166,403,303.0,87.0,0.75
07:41:23,264.0,141.0,272.0,16.0,258.5,103.0,273.0,24.0,268.0,8.0,244.0,40.0,0.8353442404087624,284,204.0,-119.0,0.72
07:41:24,264.2,225.0,274.79,38.0,258.17,309.0,274.69,29.0,269.49,10.590000000000032,534.0,67.0,1.0357605900901266,601,467.0,169.5,0.78
07:41:25,265.88,75.0,277.0,55.0,264.89,83.0,278.0,22.0,271.44,11.120000000000005,158.0,77.0,1.8060232556596563,235,81.0,-170.5,0.34
07:41:42,272.85,102.0,280.0,50.0,271.84,38.0,548.18,11.0,276.43,7.149999999999977,140.0,61.0,1.7004911055278153,201,79.0,-15.0,0.39
07:41:43,273.0,168.0,279.33,60.0,272.0,58.0,597.12,34.0,276.17,6.329999999999984,226.0,94.0,1.7127550904841289,320,132.0,119.0,0.41
07:41:44,273.0,112.0,278.62,40.0,272.0,24.0,554.5,16.0,275.81,5.6200000000000045,136.0,56.0,0.5879880951000659,192,80.0,-128.0,0.42
07:41:45,273.0,140.0,277.7,50.0,272.0,30.0,358.0,20.0,275.35,4.699999999999989,170.0,70.0,0.5123475382779135,240,100.0,48.0,0.42
07:42:41,270.31,61.0,276.37,35.0,268.85,132.0,290.2,44.0,273.34,6.060000000000002,193.0,79.0,2.0629905477166526,272,114.0,169.5,0.42
07:42:42,270.56,52.0,273.44,50.0,267.8,55.0,276.5,16.0,272.0,2.8799999999999955,107.0,66.0,2.185836224415678,173,41.0,-99.0,0.24
07:42:43,271.84,19.0,274.17,24.0,268.67,12.0,274.78,18.0,273.0,2.330000000000041,31.0,42.0,2.0962156377547414,73,-11.0,-100.0,-0.15
07:42:44,267.7,27.0,272.47,15.0,262.3,27.0,274.0,48.0,270.09,4.770000000000039,54.0,63.0,2.336274812595267,117,-9.0,44.0,-0.08
07:42:45,266.43,14.0,271.07,14.0,258.0,50.0,275.36,14.0,268.75,4.639999999999986,64.0,28.0,1.9631428883212663,92,36.0,-25.0,0.39
07:42:46,266.0,6.0,269.67,6.0,257.0,24.0,271.5,6.0,267.83,3.670000000000016,30.0,12.0,2.163430146772909,42,18.0,-50.0,0.43
07:42:47,257.0,56.0,267.04,27.0,173.29,42.0,267.8,30.0,262.02,10.04000000000002,98.0,57.0,4.035736611817583,155,41.0,113.0,0.26
07:42:48,257.0,44.0,268.18,22.0,219.0,33.0,268.53,38.0,262.59,11.180000000000007,77.0,60.0,3.7006864228091283,137,17.0,-18.0,0.12
07:42:49,257.62,13.0,273.0,32.0,252.15,13.0,275.0,16.0,265.31,15.379999999999995,26.0,48.0,3.016869238128069,74,-22.0,-63.0,-0.3
07:42:50,266.33,21.0,273.0,88.0,264.29,24.0,275.0,44.0,269.67,6.670000000000016,45.0,132.0,3.295114565529337,177,-87.0,103.0,-0.49
07:42:51,270.17,24.0,273.0,104.0,267.76,34.0,275.0,52.0,271.58,2.829999999999984,58.0,156.0,4.2507681658688385,214,-98.0,37.0,-0.46
07:42:52,272.0,10.0,273.0,40.0,270.0,30.0,275.0,20.0,272.5,1.0,40.0,60.0,4.237186566575138,100,-20.0,-114.0,-0.2
07:42:53,272.0,20.0,273.0,70.0,270.0,54.0,275.0,40.0,272.5,1.0,74.0,110.0,3.0255032639158874,184,-36.0,84.0,-0.2
07:42:54,272.0,10.0,273.0,35.0,270.0,15.0,275.0,20.0,272.5,1.0,25.0,55.0,1.229105365689408,80,-30.0,-104.0,-0.38
07:42:55,272.0,18.0,273.0,50.0,270.0,27.0,275.0,36.0,272.5,1.0,45.0,86.0,0.41143650781967017,131,-41.0,51.0,-0.31
07:42:56,270.29,14.0,273.0,35.0,263.54,39.0,275.0,28.0,271.64,2.7099999999999795,53.0,63.0,0.3846036920868704,116,-10.0,-15.0,-0.09
07:42:57,267.93,28.0,273.0,38.0,262.96,50.0,275.0,40.0,270.46,5.069999999999993,78.0,78.0,0.897106459661619,156,0.0,40.0,0.0
07:42:58,263.0,72.0,273.0,9.0,262.0,9.0,275.0,36.0,268.0,10.0,81.0,45.0,1.8840912928958464,126,36.0,-30.0,0.29
07:42:59,264.0,100.0,272.04,47.0,262.92,63.0,273.7,23.0,268.02,8.04000000000002,163.0,70.0,2.0612326409130266,233,93.0,107.0,0.4
07:43:00,265.82,55.0,272.0,33.0,263.0,11.0,273.0,23.0,268.91,6.180000000000007,66.0,56.0,1.6004311918869674,122,10.0,-111.0,0.08
07:43:01,267.38,80.0,269.29,42.0,263.0,16.0,271.41,22.0,268.33,1.910000000000025,96.0,64.0,1.0272925581178316,160,32.0,38.0,0.2
07:43:02,266.33,15.0,311.15,20.0,260.0,10.0,400.6,15.0,288.74,44.81999999999999,25.0,35.0,9.14173123647634,60,-10.0,-100.0,-0.17
07:43:04,269.55,29.0,403.27,22.0,258.77,13.0,479.11,9.0,336.41,133.71999999999997,42.0,31.0,31.683001278287822,73,11.0,4.0,0.15
07:43:05,271.0,54.0,409.65,23.0,263.44,18.0,431.33,15.0,340.33,138.64999999999998,72.0,38.0,31.68300127828802,110,34.0,37.0,0.31
07:43:06,271.12,48.0,351.17,24.0,269.88,50.0,389.28,29.0,311.15,80.05000000000001,98.0,53.0,20.99152043087893,151,45.0,41.0,0.3
07:43:07,271.07,56.0,287.45,31.0,268.92,50.0,311.13,52.0,279.26,16.379999999999995,106.0,83.0,24.66446127528444,189,23.0,38.0,0.12
07:43:08,271.0,44.0,275.16,38.0,267.0,22.0,276.86,28.0,273.08,4.160000000000025,66.0,66.0,31.25565116902855,132,0.0,-57.0,0.0
07:43:09,271.0,40.0,274.04,25.0,267.0,20.0,275.22,27.0,272.52,3.0400000000000205,60.0,52.0,29.786140569063026,112,8.0,-20.0,0.07
07:43:16,272.0,13.0,276.0,26.0,268.0,39.0,278.0,39.0,274.0,4.0,52.0,65.0,2.298788811518766,117,-13.0,0.0,-0.11
07:43:17,272.0,8.0,274.38,16.0,268.0,24.0,278.0,24.0,273.19,2.3799999999999955,32.0,40.0,2.189833326982389,72,-8.0,-45.0,-0.11
07:43:18,269.67,12.0,274.0,24.0,266.55,29.0,279.0,36.0,271.83,4.329999999999984,41.0,60.0,1.7703474235193384,101,-19.0,29.0,-0.19
07:43:19,268.0,7.0,273.0,14.0,265.0,14.0,279.0,21.0,270.5,5.0,21.0,35.0,1.9014547062606184,56,-14.0,-45.0,-0.25
07:43:20,268.94,35.0,272.77,26.0,267.2,15.0,280.0,39.0,270.86,3.829999999999984,50.0,65.0,1.4971406079456844,115,-15.0,59.0,-0.13
07:43:21,266.42,31.0,271.5,28.0,265.14,14.0,280.29,42.0,268.96,5.079999999999984,45.0,70.0,1.572663346034161,115,-25.0,0.0,-0.22
07:43:22,265.36,28.0,270.43,28.0,264.53,19.0,281.22,37.0,267.89,5.069999999999993,47.0,65.0,1.570977402752414,112,-18.0,-3.0,-0.16
07:43:23,267.24,37.0,269.82,49.0,265.13,30.0,270.33,30.0,268.53,2.579999999999984,67.0,79.0,1.2804959976346357,146,-12.0,34.0,-0.08
07:43:24,264.04,52.0,267.1,20.0,258.97,39.0,271.15,55.0,265.57,3.0600000000000023,91.0,75.0,1.9133661437262008,166,16.0,20.0,0.1
07:43:25,263.0,44.0,264.27,11.0,255.0,22.0,265.27,11.0,263.64,1.2699999999999818,66.0,22.0,2.251415110537529,88,44.0,-78.0,0.5
07:43:26,263.0,48.0,264.17,12.0,255.0,24.0,267.46,26.0,263.58,1.170000000000016,72.0,38.0,2.3161973145559234,110,34.0,22.0,0.31
07:43:27,263.8,49.0,268.71,69.0,261.0,22.0,270.17,48.0,266.25,4.909999999999968,71.0,117.0,2.055074207895151,188,-46.0,78.0,-0.24
07:43:28,264.5,16.0,269.0,80.0,263.65,37.0,276.0,10.0,266.75,4.5,53.0,90.0,1.4740318856645351,143,-37.0,-45.0,-0.26
07:43:29,266.73,162.0,268.23,78.0,264.67,24.0,269.18,103.0,267.48,1.5,186.0,181.0,1.8154476031976166,367,5.0,169.5,0.01
07:43:30,267.0,90.0,269.0,37.0,265.0,9.0,271.0,27.0,268.0,2.0,99.0,64.0,1.7192352951112844,163,35.0,-170.5,0.21
07:43:31,267.0,110.0,268.88,32.0,265.0,11.0,270.14,37.0,267.94,1.8799999999999955,121.0,69.0,0.7641531259876914,190,52.0,27.0,0.27
07:43:32,266.91,87.0,268.6,53.0,259.57,28.0,270.69,48.0,267.76,1.6899999999999977,115.0,101.0,0.5091954437707481,216,14.0,26.0,0.06
07:43:33,267.3,27.0,269.0,59.0,264.4,70.0,272.0,45.0,268.15,1.6999999999999886,97.0,104.0,0.2570603041253205,201,-7.0,-15.0,-0.03
07:43:34,266.3,40.0,269.0,36.0,256.43,23.0,272.0,42.0,267.65,2.6999999999999886,63.0,78.0,0.1976107283449589,141,-15.0,-60.0,-0.11
07:43:35,257.0,15.0,285.2,15.0,256.0,45.0,319.07,15.0,271.1,28.19999999999999,60.0,30.0,1.4546649098528999,90,30.0,-51.0,0.33
07:43:36,256.2,20.0,296.0,8.0,252.8,20.0,357.0,8.0,276.1,39.80000000000001,40.0,16.0,3.614798749579045,56,24.0,-34.0,0.43
07:43:37,256.76,21.0,296.0,6.0,251.0,14.0,359.57,14.0,276.38,39.24000000000001,35.0,20.0,4.197395621091608,55,15.0,-1.0,0.27
07:43:38,272.0,10.0,337.2,10.0,257.71,41.0,409.0,18.0,304.6,65.19999999999999,51.0,28.0,14.677611522313926,79,23.0,24.0,0.29
07:43:39,272.0,9.0,413.0,9.0,270.0,45.0,506.0,9.0,342.5,141.0,54.0,18.0,30.08239485147365,72,36.0,-7.0,0.5
07:43:40,272.0,4.0,342.0,4.0,270.0,20.0,520.75,4.0,307.0,70.0,24.0,8.0,27.37181543120535,32,16.0,-40.0,0.5
07:43:41,272.0,6.0,342.0,6.0,270.0,30.0,520.0,6.0,307.0,70.0,36.0,12.0,23.46467728309882,48,24.0,16.0,0.5
07:43:47,272.36,66.0,280.57,14.0,271.71,42.0,346.29,17.0,276.47,8.20999999999998,108.0,31.0,1.3301879566319845,139,77.0,22.0,0.55
07:43:48,272.2,98.0,279.55,22.0,271.13,30.0,412.07,30.0,275.87,7.350000000000023,128.0,52.0,1.2232865567676976,180,76.0,41.0,0.42
07:43:53,272.9,10.0,276.0,18.0,270.25,40.0,284.0,18.0,274.45,3.1000000000000227,50.0,36.0,2.1730784615307455,86,14.0,29.0,0.16
07:43:54,272.0,6.0,276.0,12.0,270.0,42.0,284.0,12.0,274.0,4.0,48.0,24.0,2.64429007485339,72,24.0,-14.0,0.33
07:43:55,272.0,61.0,408.18,22.0,270.0,77.0,637.18,22.0,340.09,136.18,138.0,44.0,28.59970541806288,182,94.0,110.0,0.52
07:43:57,272.0,11.0,290.9,40.0,270.0,77.0,422.52,25.0,281.45,18.899999999999977,88.0,65.0,53.99071494247867,153,23.0,3.0,0.15
07:43:58,270.98,43.0,281.92,39.0,267.3,43.0,284.04,70.0,276.45,10.939999999999998,86.0,109.0,53.637741376758115,195,-23.0,42.0,-0.12
07:44:01,270.0,114.0,277.0,38.0,267.95,21.0,283.59,54.0,273.5,7.0,135.0,92.0,2.892882645386165,227,43.0,65.0,0.19
07:44:02,270.12,123.0,273.42,19.0,268.8,30.0,274.88,41.0,271.77,3.3000000000000114,153.0,60.0,2.231763876393665,213,93.0,-14.0,0.44
07:44:03,271.0,56.0,272.09,33.0,267.33,73.0,274.15,13.0,271.55,1.089999999999975,129.0,46.0,2.467421731276462,175,83.0,-38.0,0.47
07:44:04,271.0,14.0,273.0,7.0,266.0,42.0,278.0,7.0,272.0,2.0,56.0,14.0,1.82475477803869,70,42.0,-105.0,0.6
07:44:05,271.0,20.0,272.1,10.0,266.0,60.0,277.8,10.0,271.55,1.1000000000000227,80.0,20.0,0.8186146834589894,100,60.0,30.0,0.6
07:44:07,272.73,11.0,276.0,9.0,268.87,15.0,277.44,9.0,274.36,3.269999999999982,26.0,18.0,1.635930927629577,44,8.0,-55.0,0.18
07:44:09,272.3,20.0,277.64,11.0,271.31,13.0,281.79,38.0,274.97,5.339999999999975,33.0,49.0,1.509529728086025,82,-16.0,7.0,-0.2
07:44:10,272.0,14.0,278.0,9.0,271.0,9.0,282.0,36.0,275.0,6.0,23.0,45.0,0.30794480020892817,68,-22.0,-14.0,-0.32
07:44:11,267.67,9.0,277.24,21.0,260.67,27.0,281.33,24.0,272.45,9.569999999999993,36.0,45.0,1.1270980436393123,81,-9.0,13.0,-0.11
07:44:12,266.0,13.0,275.85,52.0,260.0,52.0,278.0,13.0,270.92,9.850000000000023,65.0,65.0,1.920591054851412,130,0.0,49.0,0.0
07:44:13,266.0,9.0,272.89,37.0,260.0,36.0,278.25,16.0,269.45,6.889999999999986,45.0,53.0,2.456393698081559,98,-8.0,-32.0,-0.08
07:44:14,268.32,72.0,275.42,48.0,267.23,30.0,281.0,30.0,271.87,7.100000000000023,102.0,78.0,2.0535992793080324,180,24.0,82.0,0.13
07:44:24,273.0,80.0,275.33,15.0,270.0,10.0,281.9,41.0,274.17,2.329999999999984,90.0,56.0,2.4397376908136836,146,34.0,-117.0,0.23
07:44:27,272.44,18.0,281.0,12.0,270.83,12.0,289.0,48.0,276.72,8.560000000000002,30.0,60.0,1.489338779450979,90,-30.0,17.0,-0.33
07:44:38,270.69,81.0,279.31,48.0,267.62,42.0,281.5,70.0,275.0,8.620000000000005,123.0,118.0,1.3723410654705723,241,5.0,21.0,0.02
07:44:39,271.09,44.0,277.63,35.0,268.29,28.0,279.65,51.0,274.36,6.5400000000000205,72.0,86.0,1.7167702234068773,158,-14.0,-83.0,-0.09
07:44:40,270.0,48.0,273.93,58.0,266.2,30.0,276.13,46.0,271.97,3.930000000000007,78.0,104.0,2.394458185054779,182,-26.0,24.0,-0.14
07:44:41,270.0,48.0,271.79,42.0,266.0,84.0,273.0,70.0,270.89,1.7900000000000205,132.0,112.0,2.5885961446264973,244,20.0,62.0,0.08
07:44:42,266.5,48.0,269.87,55.0,265.55,66.0,272.5,72.0,268.19,3.3700000000000045,114.0,127.0,2.751594083431307,241,-13.0,-3.0,-0.05
07:44:43,265.39,82.0,268.12,68.0,264.59,37.0,270.0,51.0,266.75,2.730000000000018,119.0,119.0,3.0244040735280864,238,0.0,-3.0,0.0
07:44:44,265.0,51.0,266.08,39.0,262.0,13.0,271.93,56.0,265.54,1.079999999999984,64.0,95.0,2.717171323264733,159,-31.0,-79.0,-0.19
07:44:45,263.0,18.0,266.0,16.0,261.5,8.0,279.0,40.0,264.5,3.0,26.0,56.0,2.4920333063527464,82,-30.0,-77.0,-0.37
07:44:46,263.89,27.0,269.1,21.0,260.0,9.0,279.07,41.0,266.49,5.210000000000036,36.0,62.0,1.3809525697760303,98,-26.0,16.0,-0.27
07:44:47,271.25,36.0,278.58,60.0,268.77,30.0,280.12,24.0,274.92,7.329999999999984,66.0,84.0,4.164810920074489,150,-18.0,52.0,-0.12
07:44:49,273.0,8.0,276.12,24.0,262.27,11.0,277.28,29.0,274.56,3.1200000000000045,19.0,53.0,5.368708410779378,72,-34.0,-35.0,-0.47
07:44:50,273.0,11.0,275.82,33.0,264.75,20.0,277.0,33.0,274.41,2.819999999999993,31.0,66.0,3.845838010105746,97,-35.0,25.0,-0.36
07:44:51,266.5,12.0,274.0,36.0,262.39,18.0,280.79,58.0,270.25,7.5,30.0,94.0,2.203758153694381,124,-64.0,27.0,-0.52
07:44:52,264.25,12.0,278.17,41.0,258.2,10.0,280.98,43.0,271.21,13.920000000000016,22.0,84.0,2.4409875050835916,106,-62.0,-18.0,-0.58
07:44:58,268.8,30.0,278.0,52.0,265.33,18.0,281.62,40.0,273.4,9.199999999999989,48.0,92.0,1.9181449371660109,140,-44.0,91.0,-0.31
07:44:59,272.55,29.0,277.06,78.0,270.71,42.0,283.02,81.0,274.81,4.509999999999991,71.0,159.0,1.8374520401837464,230,-88.0,90.0,-0.38
07:45:01,270.95,19.0,275.6,30.0,259.91,33.0,279.0,10.0,273.27,4.650000000000034,52.0,40.0,1.1946003515716943,92,12.0,-33.0,0.13
07:45:02,261.0,28.0,274.52,52.0,256.0,168.0,278.22,36.0,267.76,13.519999999999982,196.0,88.0,3.010905179505833,284,108.0,169.5,0.38
07:45:03,261.62,48.0,273.42,86.0,256.42,118.0,277.05,44.0,267.52,11.800000000000011,166.0,130.0,3.813112901551045,296,36.0,12.0,0.12
07:45:04,262.0,84.0,270.0,48.0,259.29,28.0,271.61,36.0,266.0,8.0,112.0,84.0,4.063652298114953,196,28.0,-100.0,0.14
07:45:05,263.94,108.0,267.68,87.0,259.0,36.0,268.75,72.0,265.81,3.740000000000009,144.0,159.0,3.0344307538605784,303,-15.0,107.0,-0.05
07:45:06,265.32,59.0,267.0,98.0,258.78,36.0,268.0,49.0,266.16,1.6800000000000068,95.0,147.0,0.9161331780778295,242,-52.0,-61.0,-0.21
07:45:07,261.0,26.0,267.0,91.0,257.0,52.0,268.0,26.0,264.0,6.0,78.0,117.0,1.2569884645353993,195,-39.0,-47.0,-0.2
07:45:08,261.0,30.0,266.82,51.0,257.0,60.0,267.16,75.0,263.91,5.819999999999993,90.0,126.0,1.1219313704390013,216,-36.0,21.0,-0.17
07:45:09,261.0,26.0,265.0,13.0,257.54,52.0,267.0,91.0,263.0,4.0,78.0,104.0,1.350085182488562,182,-26.0,-34.0,-0.14
07:45:10,261.0,34.0,265.0,17.0,258.0,68.0,267.0,119.0,263.0,4.0,102.0,136.0,1.291580427218997,238,-34.0,56.0,-0.14
07:45:11,263.42,38.0,265.0,14.0,261.2,30.0,267.0,98.0,264.21,1.579999999999984,68.0,112.0,0.579939652011466,180,-44.0,-58.0,-0.24
07:45:12,262.91,44.0,266.09,22.0,260.62,26.0,267.05,74.0,264.5,3.17999999999995,70.0,96.0,0.6930584390765102,166,-26.0,-14.0,-0.16
07:45:13,263.0,52.0,267.98,47.0,262.0,26.0,270.0,31.0,265.49,4.980000000000018,78.0,78.0,1.06139059727092,156,0.0,-10.0,0.0
07:45:14,264.43,56.0,275.0,70.0,262.0,28.0,276.0,14.0,269.71,10.569999999999993,84.0,84.0,2.577240772604467,168,0.0,12.0,0.0
07:45:15,266.82,39.0,275.0,70.0,265.33,36.0,276.0,14.0,270.91,8.180000000000007,75.0,84.0,3.1200929473294043,159,-9.0,-9.0,-0.06
07:45:16,268.61,23.0,274.5,42.0,267.56,27.0,275.23,26.0,271.55,5.889999999999986,50.0,68.0,3.225355794323229,118,-18.0,-41.0,-0.15
07:45:17,271.1,50.0,274.06,67.0,269.26,34.0,275.15,53.0,272.58,2.9599999999999795,84.0,120.0,2.752257255413117,204,-36.0,86.0,-0.18
07:45:19,272.91,11.0,275.25,12.0,262.59,51.0,277.0,9.0,274.08,2.339999999999975,62.0,21.0,1.4843416048786822,83,41.0,-77.0,0.49
07:45:20,272.0,6.0,276.0,6.0,262.0,48.0,279.0,6.0,274.0,4.0,54.0,12.0,1.1792370414695348,66,42.0,-17.0,0.64
07:45:21,272.0,8.0,276.0,8.0,262.0,64.0,279.0,8.0,274.0,4.0,72.0,16.0,0.6779380502478144,88,56.0,22.0,0.64
07:45:22,272.74,27.0,276.0,11.0,262.67,60.0,279.0,11.0,274.37,3.259999999999991,87.0,22.0,0.16254230210554346,109,65.0,21.0,0.6
07:45:23,272.65,26.0,277.85,13.0,262.53,76.0,295.8,25.0,275.25,5.2000000000000455,102.0,38.0,0.530989642058814,140,64.0,31.0,0.46
07:45:24,272.0,8.0,279.0,8.0,262.88,64.0,280.0,8.0,275.5,7.0,72.0,16.0,0.7075521182031241,88,56.0,-52.0,0.64
07:45:26,266.66,53.0,279.0,13.0,263.92,25.0,280.0,13.0,272.83,12.339999999999975,78.0,26.0,1.7049780057155395,104,52.0,49.0,0.5
07:45:27,261.01,100.0,272.6,10.0,259.47,47.0,279.2,10.0,266.81,11.590000000000032,147.0,20.0,4.130286914970175,167,127.0,63.0,0.76
07:45:28,262.38,16.0,272.12,16.0,261.0,143.0,277.94,16.0,267.25,9.740000000000009,159.0,32.0,4.813654536833104,191,127.0,24.0,0.66
07:45:29,264.81,16.0,274.69,26.0,260.4,160.0,277.44,16.0,269.75,9.879999999999995,176.0,42.0,4.433736573137151,218,134.0,27.0,0.61
07:45:30,266.0,11.0,273.0,21.0,260.37,76.0,275.0,11.0,269.5,7.0,87.0,32.0,2.4020865929383297,119,55.0,-99.0,0.46
07:45:31,268.64,14.0,287.23,26.0,261.0,56.0,339.93,14.0,277.94,18.590000000000032,70.0,40.0,4.493945927575689,110,30.0,-9.0,0.27
07:45:35,272.8,30.0,275.0,23.0,271.23,62.0,364.0,16.0,273.9,2.1999999999999886,92.0,39.0,58.0021475464484,131,53.0,-49.0,0.4
07:45:36,272.0,99.0,274.31,13.0,266.19,42.0,283.09,22.0,273.15,2.3100000000000023,141.0,35.0,58.81534153603098,176,106.0,45.0,0.6
07:45:37,272.0,98.0,275.0,14.0,270.0,22.0,279.77,39.0,273.5,3.0,120.0,53.0,60.66386140034255,173,67.0,-3.0,0.39
07:45:38,272.0,96.0,277.05,38.0,270.0,24.0,292.53,38.0,274.53,5.050000000000011,120.0,76.0,24.105795361281267,196,44.0,23.0,0.22
07:45:39,272.0,40.0,277.0,10.0,270.0,10.0,497.2,5.0,274.5,5.0,50.0,15.0,0.6078897926176026,65,35.0,-131.0,0.54
07:45:40,272.0,32.0,277.0,8.0,270.0,8.0,496.0,4.0,274.5,5.0,40.0,12.0,0.6608555061196582,52,28.0,-13.0,0.54
07:45:41,272.0,48.0,277.0,12.0,270.0,12.0,425.0,9.0,274.5,5.0,60.0,21.0,0.4507549222899965,81,39.0,29.0,0.48
07:45:42,272.0,136.0,277.34,35.0,270.0,34.0,321.58,26.0,274.67,5.339999999999975,170.0,61.0,0.07382411508895241,231,109.0,150.0,0.47
07:45:43,272.24,84.0,274.92,48.0,271.08,72.0,319.11,19.0,273.58,2.680000000000007,156.0,67.0,0.4366921111821033,223,89.0,-8.0,0.4
07:46:04,273.0,86.0,278.0,40.0,271.0,40.0,283.0,24.0,275.5,5.0,126.0,64.0,2.3063759450639965,190,62.0,-34.0,0.33
07:46:09,273.0,45.0,278.0,25.0,271.0,25.0,284.58,19.0,275.5,5.0,70.0,44.0,0.4491992875886071,114,26.0,-41.0,0.23
07:46:10,273.0,18.0,278.0,10.0,271.0,10.0,286.0,10.0,275.5,5.0,28.0,20.0,0.5009191551239861,48,8.0,-66.0,0.17
07:46:11,273.0,54.0,278.0,30.0,271.0,30.0,284.88,24.0,275.5,5.0,84.0,54.0,0.4861069840787936,138,30.0,90.0,0.22
07:46:12,273.0,81.0,277.5,40.0,271.0,45.0,279.62,37.0,275.25,4.5,126.0,77.0,0.2494393713314905,203,49.0,65.0,0.24
07:46:13,273.0,72.0,277.0,32.0,270.17,24.0,278.0,40.0,275.0,4.0,96.0,72.0,0.22360679768359534,168,24.0,-35.0,0.14
07:46:14,273.0,108.0,277.0,48.0,270.73,22.0,279.0,60.0,275.0,4.0,130.0,108.0,0.24999999994068933,238,22.0,70.0,0.09
07:46:15,273.0,72.0,277.0,32.0,271.0,16.0,279.0,40.0,275.0,4.0,88.0,72.0,0.22360679768372246,160,16.0,-78.0,0.1
07:46:16,273.0,72.0,276.62,32.0,271.0,16.0,280.12,32.0,274.81,3.6200000000000045,88.0,64.0,0.1564288974914858,152,24.0,-8.0,0.16
07:46:18,273.0,96.0,278.93,29.0,271.0,24.0,280.96,55.0,275.97,5.930000000000007,120.0,84.0,0.47681233202420553,204,36.0,25.0,0.18
07:46:19,273.0,80.0,278.0,20.0,271.0,20.0,280.0,60.0,275.5,5.0,100.0,80.0,0.4948232007195338,180,20.0,-24.0,0.11
07:46:22,273.0,54.0,277.74,19.0,271.0,18.0,281.06,48.0,275.37,4.740000000000009,72.0,67.0,0.3999124903903068,139,5.0,-27.0,0.04
07:46:32,272.33,30.0,274.53,72.0,269.95,19.0,280.95,38.0,273.43,2.1999999999999886,49.0,110.0,1.0008146681432553,159,-61.0,-11.0,-0.38
07:46:33,268.6,10.0,271.25,16.0,264.07,86.0,280.26,34.0,269.93,2.6499999999999773,96.0,50.0,2.2235894405152927,146,46.0,-13.0,0.32
07:46:34,264.28,74.0,269.08,26.0,263.42,45.0,273.55,22.0,266.68,4.800000000000011,119.0,48.0,3.5008756047554423,167,71.0,21.0,0.43
07:46:35,264.63,105.0,267.19,64.0,263.78,138.0,268.98,41.0,265.91,2.5600000000000023,243.0,105.0,3.7663244682279364,348,138.0,169.5,0.4
07:46:36,269.85,93.0,280.0,33.0,262.62,52.0,282.0,33.0,274.92,10.149999999999977,145.0,66.0,3.9867066608884696,211,79.0,-137.0,0.37
07:46:43,272.5,22.0,278.76,21.0,269.64,33.0,279.99,81.0,275.63,6.259999999999991,55.0,102.0,1.290414662025182,157,-47.0,-52.0,-0.3
07:46:44,269.33,30.0,277.96,53.0,263.63,38.0,280.82,33.0,273.65,8.629999999999995,68.0,86.0,2.254832588014043,154,-18.0,-3.0,-0.12
07:47:01,273.0,6.0,285.0,24.0,272.0,24.0,286.0,24.0,279.0,12.0,30.0,48.0,1.0886780974963919,78,-18.0,-73.0,-0.23
07:47:02,272.11,9.0,285.0,20.0,270.29,28.0,286.0,20.0,278.56,12.889999999999986,37.0,40.0,1.08531101531709,77,-3.0,-1.0,-0.04
07:47:03,272.0,24.0,279.28,58.0,270.0,72.0,282.04,52.0,275.64,7.279999999999973,96.0,110.0,1.727489507918693,206,-14.0,129.0,-0.07
07:47:04,272.0,10.0,276.0,25.0,270.0,30.0,278.0,15.0,274.0,4.0,40.0,40.0,2.241825149285685,80,0.0,-126.0,0.0
07:47:05,272.0,16.0,275.0,40.0,270.0,48.0,278.38,24.0,273.5,3.0,64.0,64.0,2.5414169276154386,128,0.0,48.0,0.0
07:47:06,272.0,18.0,273.78,45.0,270.0,54.0,280.33,27.0,272.89,1.7799999999999727,72.0,72.0,2.277700594891921,144,0.0,16.0,0.0
07:47:07,270.7,37.0,273.0,55.0,269.65,46.0,281.0,33.0,271.85,2.3000000000000114,83.0,88.0,1.404930603258309,171,-5.0,27.0,-0.03
07:47:08,270.28,81.0,272.48,62.0,266.01,70.0,280.2,50.0,271.38,2.2000000000000455,151.0,112.0,1.0986491705600434,263,39.0,92.0,0.15
07:47:09,270.12,48.0,273.78,27.0,262.44,75.0,281.29,31.0,271.95,3.659999999999968,123.0,58.0,0.8600174416676022,181,65.0,-82.0,0.36
07:47:10,270.85,39.0,280.0,33.0,267.13,77.0,284.0,55.0,275.42,9.149999999999977,116.0,88.0,1.6172414785591869,204,28.0,23.0,0.14
07:47:11,272.7,30.0,280.0,30.0,270.0,60.0,284.0,50.0,276.35,7.300000000000011,90.0,80.0,2.311265886905264,170,10.0,-34.0,0.06
07:47:12,273.0,30.0,280.0,30.0,270.0,60.0,284.0,50.0,276.5,7.0,90.0,80.0,2.4669718279647013,170,10.0,0.0,0.06
07:47:13,273.0,24.0,280.0,24.0,270.0,48.0,284.0,40.0,276.5,7.0,72.0,64.0,1.9499820511919876,136,8.0,-34.0,0.06
07:47:14,270.0,54.0,279.3,20.0,264.0,9.0,281.98,43.0,274.65,9.300000000000011,63.0,63.0,0.8237293244571379,126,0.0,-10.0,0.0
07:47:15,270.0,92.0,277.76,34.0,264.0,17.0,281.0,85.0,273.88,7.759999999999991,109.0,119.0,1.228873467843946,228,-10.0,102.0,-0.04
07:47:16,270.35,17.0,274.7,40.0,265.06,17.0,276.48,65.0,272.53,4.349999999999966,34.0,105.0,1.7176350019638265,139,-71.0,-89.0,-0.51
07:47:17,272.0,13.0,273.44,36.0,270.0,13.0,274.76,42.0,272.72,1.4399999999999977,26.0,78.0,1.617909144535545,104,-52.0,-35.0,-0.5
07:47:18,272.0,10.0,273.0,36.0,270.0,9.0,274.0,18.0,272.5,1.0,19.0,54.0,0.9641732209371254,73,-35.0,-31.0,-0.48
07:47:19,262.62,26.0,268.6,35.0,261.23,26.0,272.47,32.0,265.61,5.980000000000018,52.0,67.0,3.3125624522374517,119,-15.0,46.0,-0.13
07:47:20,262.0,22.0,266.78,18.0,261.0,22.0,269.33,15.0,264.39,4.779999999999973,44.0,33.0,4.176751129762776,77,11.0,-42.0,0.14
07:47:21,262.0,20.0,266.0,10.0,261.0,20.0,267.0,20.0,264.0,4.0,40.0,30.0,4.391779821436368,70,10.0,-7.0,0.14
07:47:22,262.0,25.0,264.64,66.0,261.0,28.0,266.13,15.0,263.32,2.6399999999999864,53.0,81.0,3.7473363873525756,134,-28.0,64.0,-0.21
07:47:23,262.1,10.0,264.0,43.0,261.05,19.0,266.0,10.0,263.05,1.8999999999999773,29.0,53.0,1.0101633531155687,82,-24.0,-52.0,-0.29
07:47:24,260.0,15.0,264.0,56.0,258.43,21.0,266.0,12.0,262.0,4.0,36.0,68.0,0.924321372671909,104,-32.0,22.0,-0.31
07:47:25,259.4,10.0,264.0,50.0,258.25,16.0,266.0,10.0,261.7,4.600000000000023,26.0,60.0,0.9515671284667035,86,-34.0,-18.0,-0.4
07:47:26,261.23,13.0,264.0,58.0,259.0,13.0,266.0,13.0,262.62,2.769999999999982,26.0,71.0,0.6841198725212616,97,-45.0,11.0,-0.46
07:47:27,263.33,15.0,271.0,60.0,257.02,127.0,275.0,30.0,267.17,7.670000000000016,142.0,90.0,2.222131859268938,232,52.0,135.0,0.22
07:47:28,266.29,42.0,271.0,48.0,265.0,12.0,275.0,24.0,268.64,4.7099999999999795,54.0,72.0,3.235178511299992,126,-18.0,-106.0,-0.14
07:47:29,267.5,30.0,271.0,40.0,265.0,10.0,275.0,20.0,269.25,3.5,40.0,60.0,3.490648936799024,100,-20.0,-26.0,-0.2
07:47:30,265.86,21.0,270.89,53.0,259.71,17.0,274.68,38.0,268.37,5.029999999999973,38.0,91.0,2.674967289514967,129,-53.0,29.0,-0.41
07:47:31,265.12,17.0,271.98,58.0,259.0,17.0,273.19,48.0,268.55,6.860000000000014,34.0,106.0,0.7609730612670168,140,-72.0,11.0,-0.51
07:47:32,266.45,11.0,269.09,33.0,259.0,11.0,270.27,33.0,267.77,2.6399999999999864,22.0,66.0,0.5322405470969008,88,-44.0,-52.0,-0.5
07:47:33,255.98,98.0,268.09,46.0,254.08,98.0,270.98,53.0,262.03,12.109999999999985,196.0,99.0,2.9346004838777118,295,97.0,169.5,0.33
07:47:34,260.0,72.0,266.0,24.0,255.0,110.0,267.08,36.0,263.0,6.0,182.0,60.0,3.1621796280376664,242,122.0,-53.0,0.5
07:47:35,260.0,30.0,267.0,8.0,255.0,45.0,270.16,19.0,263.5,7.0,75.0,27.0,2.972448485672593,102,48.0,-140.0,0.47
07:47:36,260.0,42.0,268.36,11.0,255.0,63.0,272.78,27.0,264.18,8.360000000000014,105.0,38.0,2.1983016171531284,143,67.0,41.0,0.47
07:47:37,260.0,42.0,266.23,26.0,254.89,47.0,267.35,17.0,263.12,6.230000000000018,89.0,43.0,0.7842066054165381,132,46.0,-11.0,0.35
07:47:38,260.0,60.0,266.0,40.0,256.5,56.0,267.0,30.0,263.0,6.0,116.0,70.0,0.5021951811584033,186,46.0,54.0,0.25
07:47:39,260.0,30.0,266.0,20.0,255.0,25.0,267.0,15.0,263.0,6.0,55.0,35.0,0.5021951811584033,90,20.0,-96.0,0.22
07:47:40,260.0,42.0,266.0,28.0,255.0,35.0,267.0,21.0,263.0,6.0,77.0,49.0,0.5169139193123176,126,28.0,36.0,0.22
07:47:41,260.0,36.0,264.33,18.0,255.0,30.0,266.43,21.0,262.17,4.329999999999984,66.0,39.0,0.3880979257599869,105,27.0,-21.0,0.26
07:47:42,260.0,54.0,261.0,18.0,255.0,45.0,265.87,30.0,260.5,1.0,99.0,48.0,1.086406921912648,147,51.0,42.0,0.35
07:47:43,260.02,61.0,262.85,13.0,255.54,56.0,265.83,35.0,261.43,2.830000000000041,117.0,48.0,1.0725903225276714,165,69.0,18.0,0.42
07:47:44,261.93,14.0,264.89,18.0,256.09,67.0,266.13,46.0,263.41,2.9599999999999795,81.0,64.0,1.176847483737785,145,17.0,-20.0,0.12
07:47:45,263.54,26.0,266.0,64.0,260.07,30.0,267.0,48.0,264.77,2.4599999999999795,56.0,112.0,1.675195510971665,168,-56.0,23.0,-0.33
07:47:46,265.0,14.0,266.0,13.0,255.0,35.0,267.0,36.0,265.5,1.0,49.0,49.0,2.132573562618424,98,0.0,-70.0,0.0
07:47:47,265.0,24.0,266.0,12.0,255.0,60.0,267.0,96.0,265.5,1.0,84.0,108.0,1.72999132945173,192,-24.0,94.0,-0.12
07:47:48,255.38,52.0,266.28,46.0,252.2,25.0,267.11,94.0,260.83,10.899999999999977,77.0,140.0,1.9678592429282897,217,-63.0,25.0,-0.29
07:47:49,256.15,26.0,266.11,45.0,254.33,61.0,267.05,64.0,261.13,9.960000000000036,87.0,109.0,2.363689911976336,196,-22.0,-21.0,-0.11
07:47:50,263.25,32.0,266.0,14.0,258.83,48.0,267.2,30.0,264.62,2.75,80.0,44.0,2.345150315007281,124,36.0,-72.0,0.29
07:47:51,259.16,19.0,270.09,11.0,253.65,69.0,282.73,11.0,264.62,10.92999999999995,88.0,22.0,2.1866984245613024,110,66.0,-14.0,0.6
07:47:52,253.08,129.0,266.83,24.0,252.46,52.0,277.67,9.0,259.96,13.749999999999972,181.0,33.0,2.221884335418879,214,148.0,104.0,0.69
07:47:53,253.51,73.0,262.25,16.0,252.93,129.0,264.95,41.0,257.88,8.740000000000009,202.0,57.0,2.9572318137035194,259,145.0,45.0,0.56
07:47:54,255.71,14.0,263.62,24.0,254.98,46.0,265.51,37.0,259.67,7.909999999999997,60.0,61.0,3.0895468923420424,121,-1.0,-138.0,-0.01
07:47:55,257.87,23.0,264.0,19.0,255.42,19.0,266.0,63.0,260.93,6.1299999999999955,42.0,82.0,2.4970722856939536,124,-40.0,3.0,-0.32
07:47:56,258.59,32.0,264.0,8.0,258.25,16.0,266.0,72.0,261.3,5.410000000000025,48.0,80.0,1.3366263501746571,128,-32.0,4.0,-0.25
07:47:57,262.08,12.0,264.0,12.0,259.0,60.0,266.0,108.0,263.04,1.920000000000016,72.0,120.0,1.924143965502804,192,-48.0,64.0,-0.25
07:47:58,259.1,41.0,261.84,37.0,253.76,21.0,265.6,40.0,260.47,2.7399999999999523,62.0,77.0,1.252265946187358,139,-15.0,-53.0,-0.11
07:47:59,255.0,25.0,263.64,55.0,250.19,42.0,265.82,55.0,259.32,8.639999999999986,67.0,110.0,1.3563812148435932,177,-43.0,38.0,-0.24
07:48:00,254.0,14.0,266.0,7.0,250.0,28.0,271.0,7.0,260.0,12.0,42.0,14.0,1.4320893826785648,56,28.0,-121.0,0.5
07:48:01,254.0,12.0,266.0,6.0,250.0,24.0,270.0,6.0,260.0,12.0,36.0,12.0,1.4424909011778129,48,24.0,-8.0,0.5
07:48:02,254.0,8.0,266.0,4.0,250.0,16.0,270.0,4.0,260.0,12.0,24.0,8.0,0.410633656658777,32,16.0,-16.0,0.5
07:48:03,254.0,16.0,264.33,24.0,250.0,32.0,268.0,8.0,259.17,10.329999999999984,48.0,32.0,0.4169172579553803,80,16.0,48.0,0.2
07:48:04,260.25,28.0,264.0,39.0,251.76,29.0,266.0,13.0,262.12,3.75,57.0,52.0,1.1011902651135383,109,5.0,29.0,0.05
07:48:05,256.27,22.0,264.0,24.0,248.89,54.0,266.0,24.0,260.14,7.730000000000018,76.0,48.0,1.0947511132585412,124,28.0,15.0,0.23
07:48:06,252.19,43.0,264.0,33.0,248.68,117.0,266.0,33.0,258.09,11.810000000000002,160.0,66.0,1.4836542723899633,226,94.0,102.0,0.42
07:48:07,252.62,26.0,264.0,24.0,250.02,66.0,266.0,24.0,258.31,11.379999999999995,92.0,48.0,1.6405273542313,140,44.0,-86.0,0.31
07:48:08,258.73,22.0,265.83,36.0,255.1,40.0,269.14,14.0,262.28,7.099999999999966,62.0,50.0,2.0024909487887332,112,12.0,-28.0,0.11
07:48:09,264.58,19.0,266.71,17.0,258.4,50.0,270.5,12.0,265.64,2.1299999999999955,69.0,29.0,3.1445778730984495,98,40.0,-14.0,0.41
07:48:10,256.6,20.0,270.0,8.0,253.01,83.0,271.0,16.0,263.3,13.399999999999977,103.0,24.0,3.2706772998845404,127,79.0,29.0,0.62
07:48:11,256.31,13.0,270.0,13.0,253.0,185.0,271.0,26.0,263.15,13.689999999999998,198.0,39.0,2.6702116020981186,237,159.0,110.0,0.67
07:48:12,257.07,14.0,353.41,41.0,252.37,98.0,388.15,33.0,305.24,96.34000000000003,112.0,74.0,18.666866903687232,186,38.0,-51.0,0.2
07:48:13,266.76,21.0,286.0,11.0,265.29,34.0,440.0,44.0,276.38,19.24000000000001,55.0,55.0,17.89518985649417,110,0.0,-76.0,0.0
07:48:20,271.0,62.0,288.0,13.0,268.27,55.0,289.0,26.0,279.5,17.0,117.0,39.0,9.751598330528642,156,78.0,21.0,0.5
07:48:21,271.0,55.0,285.0,12.0,270.0,33.0,286.53,19.0,278.0,14.0,88.0,31.0,2.3391088046462545,119,57.0,-37.0,0.48
07:48:22,271.0,20.0,282.6,5.0,270.0,12.0,284.71,7.0,276.8,11.600000000000023,32.0,12.0,2.4332241984607412,44,20.0,-75.0,0.45
07:48:23,271.0,34.0,280.69,16.0,270.0,42.0,282.0,25.0,275.84,9.689999999999998,76.0,41.0,2.201108811480316,117,35.0,73.0,0.3
07:48:24,270.04,26.0,277.24,21.0,267.18,51.0,278.69,13.0,273.64,7.199999999999989,77.0,34.0,2.2151478505909727,111,43.0,-6.0,0.39
07:48:25,270.0,14.0,275.92,13.0,267.0,28.0,277.5,8.0,272.96,5.920000000000016,42.0,21.0,2.1185655524384965,63,21.0,-48.0,0.33
07:48:26,269.29,31.0,273.62,16.0,265.36,50.0,274.77,13.0,271.46,4.329999999999984,81.0,29.0,2.167394749458502,110,52.0,47.0,0.47
07:48:27,269.33,75.0,272.5,20.0,268.67,75.0,274.0,10.0,270.92,3.170000000000016,150.0,30.0,1.9473263722297252,180,120.0,70.0,0.67
07:48:28,270.48,84.0,272.46,28.0,268.97,151.0,341.31,13.0,271.47,1.9799999999999613,235.0,41.0,1.152128465051664,276,194.0,96.0,0.7
07:48:29,271.0,88.0,285.66,35.0,270.0,198.0,383.41,17.0,278.33,14.660000000000025,286.0,52.0,3.0596355992145967,338,234.0,62.0,0.69
07:48:30,270.68,41.0,367.5,24.0,270.23,103.0,460.77,13.0,319.09,96.82,144.0,37.0,20.817980929955027,181,107.0,-157.0,0.59
07:48:31,270.06,157.0,336.31,13.0,268.72,106.0,498.0,13.0,303.18,66.25,263.0,26.0,21.527358639646526,289,237.0,108.0,0.82
07:48:32,270.0,106.0,276.0,11.0,269.0,77.0,374.18,17.0,273.0,6.0,183.0,28.0,21.116517942122076,211,155.0,-78.0,0.73
07:48:33,270.0,54.0,398.42,33.0,268.86,57.0,607.33,9.0,334.21,128.42000000000002,111.0,42.0,26.130701674466184,153,69.0,-58.0,0.45
07:48:59,273.0,8.0,286.0,24.0,271.44,36.0,375.67,18.0,279.5,13.0,44.0,42.0,1.6684034284237461,86,2.0,14.0,0.02
07:49:00,272.0,7.0,284.18,22.0,271.0,49.0,285.11,27.0,278.09,12.180000000000007,56.0,49.0,1.6136201535607426,105,7.0,19.0,0.07
07:49:02,272.0,33.0,276.43,21.0,270.0,11.0,277.8,35.0,274.21,4.430000000000007,44.0,56.0,2.4319601148003747,100,-12.0,-120.0,-0.12
07:49:03,270.25,60.0,273.74,42.0,238.32,91.0,275.15,46.0,271.99,3.490000000000009,151.0,88.0,3.0372388776619688,239,63.0,139.0,0.26
07:49:04,269.0,36.0,272.21,19.0,151.0,84.0,273.13,23.0,270.61,3.2099999999999795,120.0,42.0,3.1997312387109997,162,78.0,-77.0,0.48
07:49:05,268.09,66.0,270.74,23.0,205.0,37.0,272.15,27.0,269.42,2.650000000000034,103.0,50.0,3.0413648252034355,153,53.0,-9.0,0.35
07:49:06,268.0,52.0,269.33,36.0,177.0,10.0,270.6,25.0,268.67,1.329999999999984,62.0,61.0,2.199977272606755,123,1.0,-30.0,0.01
07:49:07,243.35,40.0,265.0,52.0,184.43,35.0,283.59,34.0,254.18,21.650000000000006,75.0,86.0,7.2616547700913205,161,-11.0,38.0,-0.07
07:49:08,243.0,20.0,260.44,27.0,214.88,96.0,269.2,30.0,251.72,17.439999999999998,116.0,57.0,9.168917602421455,173,59.0,12.0,0.34
07:49:09,244.14,14.0,264.0,21.0,208.17,87.0,266.0,28.0,254.07,19.860000000000014,101.0,49.0,8.67104780288965,150,52.0,-23.0,0.35
07:49:10,254.88,16.0,264.0,24.0,211.67,18.0,266.0,32.0,259.44,9.120000000000005,34.0,56.0,6.7944999816027245,90,-22.0,-60.0,-0.24
07:49:11,259.0,28.0,264.0,42.0,187.45,66.0,266.0,56.0,261.5,5.0,94.0,98.0,4.101026700717872,192,-4.0,102.0,-0.02
07:49:12,259.33,18.0,265.03,31.0,235.49,35.0,266.38,32.0,262.18,5.699999999999989,53.0,63.0,4.6487008937981,116,-10.0,-76.0,-0.09
07:49:13,261.25,16.0,266.0,27.0,259.88,16.0,267.0,24.0,263.62,4.75,32.0,51.0,3.7233748132570157,83,-19.0,-33.0,-0.23
07:49:14,263.28,36.0,266.0,15.0,260.0,22.0,267.0,33.0,264.64,2.7200000000000273,58.0,48.0,2.0030676473834985,106,10.0,23.0,0.09
07:49:15,265.0,14.0,266.0,7.0,264.0,98.0,267.0,21.0,265.5,1.0,112.0,28.0,1.662504135331161,140,84.0,34.0,0.6
07:49:16,264.0,154.0,266.57,37.0,260.0,22.0,269.23,47.0,265.28,2.569999999999993,176.0,84.0,1.365386392195438,260,92.0,120.0,0.35
07:49:17,264.11,79.0,271.94,32.0,249.25,112.0,276.75,36.0,268.03,7.829999999999984,191.0,68.0,1.634496864478918,259,123.0,-1.0,0.47
07:49:25,234.5,8.0,262.0,32.0,232.0,32.0,263.0,16.0,248.25,27.5,40.0,48.0,4.549080126796099,88,-8.0,-115.0,-0.09
07:49:26,240.17,23.0,262.0,30.0,233.6,30.0,263.0,18.0,251.09,21.830000000000013,53.0,48.0,5.708894814235965,101,5.0,13.0,0.05
07:49:27,246.45,33.0,262.0,14.0,240.58,24.0,263.0,14.0,254.23,15.550000000000011,57.0,28.0,6.115717455867925,85,29.0,-16.0,0.34
07:49:28,242.83,35.0,265.75,32.0,239.62,39.0,267.81,52.0,254.29,22.919999999999987,74.0,84.0,3.6044528017446478,158,-10.0,73.0,-0.06
07:49:29,257.4,20.0,272.47,34.0,249.2,20.0,288.5,50.0,264.94,15.07000000000005,40.0,84.0,6.320268981617915,124,-44.0,-34.0,-0.35
07:49:30,270.27,15.0,306.0,55.0,265.93,28.0,595.87,46.0,288.13,35.73000000000002,43.0,101.0,15.23834899193461,144,-58.0,20.0,-0.4
07:49:34,268.92,13.0,392.17,12.0,252.58,19.0,522.0,30.0,330.54,123.25,32.0,42.0,27.479742538822048,74,-10.0,0.0,-0.14
07:49:36,272.0,35.0,425.75,32.0,271.0,65.0,516.23,44.0,348.88,153.75,100.0,76.0,24.336003780405996,176,24.0,64.0,0.14
07:49:37,273.0,26.0,365.23,26.0,272.0,39.0,445.06,35.0,319.12,92.23000000000002,65.0,61.0,25.561254272823493,126,4.0,-50.0,0.03
07:49:40,272.0,20.0,290.77,26.0,271.0,55.0,330.8,45.0,281.38,18.769999999999982,75.0,71.0,28.55152325183295,146,4.0,35.0,0.03
07:49:42,271.58,36.0,278.13,68.0,270.92,63.0,282.48,48.0,274.86,6.550000000000011,99.0,116.0,7.084512686132609,215,-17.0,70.0,-0.08
07:49:43,271.0,78.0,279.71,21.0,270.0,26.0,281.62,29.0,275.36,8.70999999999998,104.0,50.0,3.823663165078345,154,54.0,-61.0,0.35
07:49:44,270.81,42.0,275.33,21.0,269.64,22.0,276.24,45.0,273.07,4.519999999999982,64.0,66.0,3.679086843223295,130,-2.0,-24.0,-0.02
07:49:45,269.43,93.0,273.96,27.0,267.31,81.0,280.92,87.0,271.7,4.529999999999973,174.0,114.0,3.352837604176569,288,60.0,158.0,0.21
07:49:46,271.94,52.0,273.44,18.0,269.32,34.0,281.62,42.0,272.69,1.5,86.0,60.0,1.5316429087688421,146,26.0,-142.0,0.18
07:49:47,268.34,35.0,420.59,29.0,262.23,26.0,541.11,28.0,344.46,152.25,61.0,57.0,31.894405935837227,118,4.0,-28.0,0.03
07:49:49,273.0,13.0,368.67,21.0,271.0,117.0,434.67,30.0,320.83,95.67000000000002,130.0,51.0,43.35508009449346,181,79.0,-30.0,0.44
07:49:50,273.0,17.0,302.33,30.0,271.0,153.0,324.52,21.0,287.67,29.329999999999984,170.0,51.0,39.72994802412834,221,119.0,40.0,0.54
07:49:51,273.0,15.0,298.07,15.0,271.0,135.0,300.2,15.0,285.53,25.069999999999993,150.0,30.0,36.25077723304616,180,120.0,-41.0,0.67
07:50:28,272.92,100.0,275.06,89.0,271.9,41.0,345.48,73.0,273.99,2.1399999999999864,141.0,162.0,3.5243893087986793,303,-21.0,120.0,-0.07
07:50:29,272.69,39.0,274.0,75.0,270.55,66.0,360.42,52.0,273.35,1.3100000000000023,105.0,127.0,2.476166391819511,232,-22.0,-71.0,-0.09
07:50:30,273.0,30.0,397.43,42.0,272.0,20.0,608.91,22.0,335.21,124.43,50.0,64.0,27.04882030699237,114,-14.0,-118.0,-0.12
07:50:33,273.0,30.0,343.64,22.0,271.07,43.0,359.89,38.0,308.32,70.63999999999999,73.0,60.0,21.985950059070476,133,13.0,73.0,0.1
07:50:36,273.0,27.0,415.24,34.0,271.0,54.0,662.62,42.0,344.12,142.24,81.0,76.0,45.716592939543204,157,5.0,44.0,0.03
07:50:39,270.48,23.0,392.21,47.0,268.69,49.0,483.81,42.0,331.35,121.72999999999996,72.0,89.0,31.851725541952483,161,-17.0,65.0,-0.11
07:50:40,271.12,16.0,340.67,18.0,269.89,71.0,361.23,30.0,305.9,69.55000000000001,87.0,48.0,28.936670160885775,135,39.0,-26.0,0.29
07:50:41,270.0,98.0,310.64,22.0,269.0,112.0,326.21,34.0,290.32,40.639999999999986,210.0,56.0,38.15303762480665,266,154.0,131.0,0.58
07:50:42,270.0,75.0,275.76,17.0,269.0,96.0,278.64,42.0,272.88,5.759999999999991,171.0,59.0,37.582525460643794,230,112.0,-36.0,0.49
07:50:43,270.44,96.0,273.09,23.0,269.4,120.0,279.67,45.0,271.76,2.6499999999999773,216.0,68.0,24.949298988147213,284,148.0,54.0,0.52
07:50:44,270.42,72.0,279.06,34.0,268.04,100.0,373.93,15.0,274.74,8.639999999999986,172.0,49.0,14.789354279344916,221,123.0,-63.0,0.56
07:50:45,270.69,55.0,274.5,24.0,268.59,58.0,340.75,12.0,272.6,3.8100000000000023,113.0,36.0,7.824065439398277,149,77.0,-72.0,0.52
07:50:46,273.0,56.0,277.76,42.0,272.0,48.0,318.15,26.0,275.38,4.759999999999991,104.0,68.0,1.5239816271826612,172,36.0,23.0,0.21
07:50:47,273.0,41.0,356.38,26.0,272.0,44.0,479.62,26.0,314.69,83.38,85.0,52.0,18.427207601803907,137,33.0,-35.0,0.24
07:50:58,271.36,50.0,284.72,47.0,269.94,81.0,295.82,44.0,278.04,13.360000000000014,131.0,91.0,10.78170116447128,222,40.0,118.0,0.18
07:50:59,271.33,42.0,283.7,30.0,269.52,67.0,285.0,50.0,277.52,12.370000000000005,109.0,80.0,13.374954205527903,189,29.0,-33.0,0.15
07:51:04,270.67,18.0,273.89,36.0,268.18,33.0,275.83,30.0,272.28,3.2199999999999704,51.0,66.0,2.501435587815734,117,-15.0,0.0,-0.13
07:51:05,271.45,22.0,272.81,26.0,267.65,34.0,275.0,20.0,272.13,1.3600000000000136,56.0,46.0,2.366945288762019,102,10.0,-15.0,0.1
07:51:06,266.21,58.0,269.26,38.0,265.15,26.0,291.15,26.0,267.74,3.0500000000000114,84.0,64.0,3.310931892986481,148,20.0,46.0,0.14
07:51:07,266.0,28.0,267.25,8.0,264.0,8.0,268.57,14.0,266.62,1.25,36.0,22.0,3.4977535647894555,58,14.0,-90.0,0.24
07:51:08,233.93,30.0,264.0,7.0,225.83,24.0,342.47,15.0,248.97,30.069999999999993,54.0,22.0,9.610237770211686,76,32.0,18.0,0.42
07:51:09,232.9,120.0,260.0,9.0,231.61,123.0,265.22,9.0,246.45,27.099999999999994,243.0,18.0,11.783491418081885,261,225.0,169.5,0.86
07:51:10,235.29,168.0,277.81,63.0,233.11,183.0,423.66,35.0,256.55,42.52000000000001,351.0,98.0,9.791885926623788,449,253.0,169.5,0.56
07:51:11,239.38,150.0,265.73,33.0,237.47,175.0,293.51,53.0,252.55,26.350000000000023,325.0,86.0,7.904316542245547,411,239.0,-38.0,0.58
07:51:12,253.26,153.0,266.46,28.0,248.71,157.0,270.52,60.0,259.86,13.199999999999989,310.0,88.0,5.452777274015353,398,222.0,-13.0,0.56
07:51:13,262.83,123.0,448.56,16.0,254.57,127.0,376.05,42.0,355.7,185.73000000000002,250.0,58.0,45.820821358853784,308,192.0,-90.0,0.62
07:51:31,273.0,52.0,380.59,59.0,272.0,13.0,390.12,25.0,326.8,107.58999999999997,65.0,84.0,22.171171146332764,149,-19.0,-24.0,-0.13
07:51:32,273.0,64.0,378.74,62.0,272.0,16.0,407.53,70.0,325.87,105.74000000000001,80.0,132.0,26.9952427290433,212,-52.0,63.0,-0.25
07:51:33,273.0,46.0,351.36,44.0,272.0,12.0,372.2,40.0,312.18,78.36000000000001,58.0,84.0,25.119477104429468,142,-26.0,-70.0,-0.18
07:51:42,272.44,16.0,274.24,34.0,271.31,16.0,276.45,33.0,273.34,1.8000000000000114,32.0,67.0,2.5005459403880983,99,-35.0,-8.0,-0.35
07:51:43,269.94,34.0,280.0,47.0,161.75,32.0,354.45,20.0,274.97,10.060000000000002,66.0,67.0,2.2450233851772046,133,-1.0,34.0,-0.01
07:51:45,270.0,20.0,315.31,16.0,201.46,26.0,316.0,24.0,292.66,45.31,46.0,40.0,11.373924124944011,86,6.0,9.0,0.07
07:51:46,270.0,22.0,290.65,23.0,197.0,18.0,312.15,13.0,280.33,20.649999999999977,40.0,36.0,10.82399510347183,76,4.0,-10.0,0.05
07:51:47,270.0,30.0,308.57,37.0,244.11,18.0,311.52,23.0,289.28,38.56999999999999,48.0,60.0,9.206131109210723,108,-12.0,32.0,-0.11
07:51:48,270.97,60.0,287.05,22.0,270.73,45.0,295.7,10.0,279.01,16.079999999999984,105.0,32.0,7.986060981483706,137,73.0,29.0,0.53
07:51:49,271.72,163.0,286.0,33.0,270.89,36.0,306.64,11.0,278.86,14.279999999999973,199.0,44.0,6.4741539987848515,243,155.0,106.0,0.64
07:51:50,273.0,33.0,286.0,33.0,272.0,176.0,311.0,11.0,279.5,13.0,209.0,44.0,4.444460597191255,253,165.0,10.0,0.65
07:51:51,272.07,86.0,284.2,15.0,271.52,84.0,287.43,21.0,278.13,12.129999999999995,170.0,36.0,4.679084312126282,206,134.0,-47.0,0.65
07:51:52,272.0,176.0,281.55,33.0,270.0,44.0,284.0,11.0,276.77,9.550000000000011,220.0,44.0,1.0617108834283002,264,176.0,58.0,0.67
07:51:53,272.0,176.0,279.36,33.0,270.0,44.0,284.0,11.0,275.68,7.360000000000014,220.0,44.0,1.555400270024108,264,176.0,0.0,0.67
07:51:54,272.0,112.0,278.63,19.0,270.0,28.0,281.67,9.0,275.32,6.6299999999999955,140.0,28.0,1.7401580387976476,168,112.0,-96.0,0.67
07:51:55,272.0,208.0,277.0,39.0,270.0,52.0,278.0,13.0,274.5,5.0,260.0,52.0,1.4064672054454277,312,208.0,144.0,0.67
07:51:56,272.0,176.0,276.26,23.0,270.0,44.0,312.87,15.0,274.13,4.259999999999991,220.0,38.0,1.0383400213776648,258,182.0,-54.0,0.71
07:51:57,272.0,151.0,392.1,10.0,270.0,40.0,560.1,20.0,332.05,120.10000000000002,191.0,30.0,25.562422224820146,221,161.0,-37.0,0.73
07:52:08,271.0,32.0,363.0,16.0,270.0,16.0,729.0,12.0,317.0,92.0,48.0,28.0,47.35731537999013,76,20.0,10.0,0.26
07:52:10,271.06,33.0,446.0,27.0,270.11,36.0,0.0,0.0,358.53,174.94,69.0,27.0,40.48214013611268,96,42.0,-30.0,0.44
07:52:11,271.0,32.0,411.36,22.0,270.0,32.0,667.57,7.0,341.18,140.36,64.0,29.0,42.067866953291976,93,35.0,-3.0,0.38
07:52:12,271.0,34.0,402.24,21.0,270.0,44.0,613.14,21.0,336.62,131.24,78.0,42.0,21.964774526498033,120,36.0,27.0,0.3
07:52:13,271.0,12.0,440.0,4.0,270.0,16.0,441.0,12.0,355.5,169.0,28.0,16.0,15.11257158791607,44,12.0,-76.0,0.27
07:52:14,270.78,27.0,409.76,21.0,269.59,44.0,439.29,31.0,340.27,138.98000000000002,71.0,52.0,9.879506566620393,123,19.0,79.0,0.15
07:52:15,271.0,119.0,365.18,55.0,270.0,107.0,392.22,27.0,318.09,94.18,226.0,82.0,13.409667035385478,308,144.0,169.5,0.47
07:52:25,273.0,30.0,303.24,41.0,271.53,75.0,305.89,56.0,288.12,30.24000000000001,105.0,97.0,8.147596578129031,202,8.0,21.0,0.04
07:52:26,272.0,52.0,285.66,38.0,271.0,91.0,288.18,38.0,278.83,13.660000000000025,143.0,76.0,9.440102224019919,219,67.0,17.0,0.31
07:52:27,272.51,79.0,279.78,74.0,271.22,108.0,281.11,66.0,276.15,7.269999999999982,187.0,140.0,9.803454493185088,327,47.0,108.0,0.14
07:52:28,272.82,50.0,275.18,28.0,271.56,48.0,289.6,35.0,274.0,2.3600000000000136,98.0,63.0,9.133609910651735,161,35.0,-166.0,0.22
07:52:29,272.94,49.0,274.06,51.0,271.84,43.0,278.9,40.0,273.5,1.1200000000000045,92.0,91.0,5.972934789528554,183,1.0,22.0,0.01
07:52:30,272.04,23.0,274.0,44.0,271.04,73.0,334.69,39.0,273.02,1.9599999999999795,96.0,83.0,2.4037366744225515,179,13.0,-4.0,0.07
07:52:31,271.2,64.0,330.39,57.0,270.21,61.0,410.65,52.0,300.79,59.19,125.0,109.0,11.965854336400685,234,16.0,55.0,0.07
07:52:33,271.58,73.0,445.25,32.0,270.02,83.0,509.19,42.0,358.41,173.67000000000002,156.0,74.0,36.21662256478271,230,82.0,44.0,0.36
07:52:34,271.0,49.0,443.33,27.0,268.0,52.0,446.0,9.0,357.17,172.32999999999998,101.0,36.0,36.78851831753908,137,65.0,-93.0,0.47
07:52:35,271.0,54.0,441.22,27.0,268.0,72.0,624.33,24.0,356.11,170.22000000000003,126.0,51.0,25.88557358838875,177,75.0,40.0,0.42
07:52:36,271.0,24.0,439.0,12.0,268.0,32.0,660.0,16.0,355.0,168.0,56.0,28.0,14.608144303773749,84,28.0,-93.0,0.33
07:52:37,271.0,52.0,348.72,32.0,268.0,72.0,518.64,25.0,309.86,77.72000000000003,124.0,57.0,20.973246053004775,181,67.0,97.0,0.37
07:52:46,271.0,24.0,327.0,16.0,269.0,16.0,446.75,16.0,299.0,56.0,40.0,32.0,49.502083592510736,72,8.0,-68.0,0.11
07:52:47,271.06,32.0,331.43,28.0,269.75,32.0,374.0,28.0,301.25,60.370000000000005,64.0,56.0,46.25696358387477,120,8.0,48.0,0.07
07:52:48,272.0,10.0,348.6,40.0,271.0,60.0,354.1,40.0,310.3,76.60000000000002,70.0,80.0,46.265816971063174,150,-10.0,30.0,-0.07
07:52:49,272.0,27.0,336.57,28.0,271.0,42.0,346.43,28.0,304.29,64.57,69.0,56.0,45.15812473962925,125,13.0,-25.0,0.1
07:52:50,272.0,48.0,300.0,32.0,271.0,48.0,337.25,32.0,286.0,28.0,96.0,64.0,8.984924596230101,160,32.0,35.0,0.2
07:52:51,272.0,28.0,298.76,42.0,271.0,60.0,299.8,40.0,285.38,26.75999999999999,88.0,82.0,11.21533904970973,170,6.0,10.0,0.04
07:52:52,272.0,20.0,297.43,49.0,271.0,60.0,298.76,41.0,284.71,25.430000000000007,80.0,90.0,12.207478445606528,170,-10.0,0.0,-0.06
07:52:53,272.0,34.0,294.11,74.0,271.0,102.0,295.8,79.0,283.05,22.110000000000014,136.0,153.0,8.79207199697286,289,-17.0,119.0,-0.06
07:52:54,272.75,16.0,291.0,42.0,271.52,25.0,292.0,48.0,281.88,18.25,41.0,90.0,1.7027419064437044,131,-49.0,-158.0,-0.37
07:52:58,271.43,63.0,282.15,53.0,269.91,22.0,283.39,46.0,276.79,10.71999999999997,85.0,99.0,2.1187921087177437,184,-14.0,-10.0,-0.08
07:53:00,269.87,30.0,275.73,82.0,267.56,50.0,276.91,74.0,272.8,5.860000000000014,80.0,156.0,2.8476446407456666,236,-76.0,79.0,-0.32
07:53:01,269.0,16.0,271.5,40.0,265.12,16.0,273.0,40.0,270.25,2.5,32.0,80.0,3.398011183026015,112,-48.0,-124.0,-0.43
07:53:02,264.42,55.0,268.56,61.0,251.14,111.0,270.9,60.0,266.49,4.139999999999986,166.0,121.0,4.360341729724027,287,45.0,169.5,0.16
07:53:03,263.0,120.0,266.07,27.0,233.0,24.0,266.25,65.0,264.54,3.069999999999993,144.0,92.0,4.818125154038194,236,52.0,-51.0,0.22
07:53:04,263.0,65.0,264.9,50.0,201.6,20.0,278.66,58.0,263.95,1.8999999999999773,85.0,108.0,3.807247036899318,193,-23.0,-43.0,-0.12
07:53:05,263.0,54.0,276.52,27.0,190.0,18.0,298.85,65.0,269.76,13.519999999999982,72.0,92.0,2.9066423928614546,164,-20.0,-29.0,-0.12
07:53:06,266.73,59.0,355.21,28.0,224.91,68.0,435.44,64.0,310.97,88.47999999999996,127.0,92.0,20.156462239191917,219,35.0,55.0,0.16
07:53:09,268.0,8.0,387.82,17.0,238.91,33.0,522.71,28.0,327.91,119.82,41.0,45.0,43.314073117174104,86,-4.0,-81.0,-0.05
07:53:10,268.0,9.0,371.97,35.0,262.0,9.0,380.07,28.0,319.99,103.97000000000003,18.0,63.0,30.75711332358569,81,-45.0,-5.0,-0.56
07:53:11,268.0,7.0,364.57,21.0,262.0,7.0,399.57,23.0,316.29,96.57,14.0,44.0,29.708611209544806,58,-30.0,-23.0,-0.52
07:53:12,268.0,9.0,362.88,24.0,262.0,9.0,409.86,21.0,315.44,94.88,18.0,45.0,31.417497990767767,63,-27.0,5.0,-0.43
07:53:15,244.12,16.0,260.0,31.0,234.16,31.0,269.0,16.0,252.06,15.879999999999995,47.0,47.0,35.675928158913614,94,0.0,31.0,0.0
07:53:16,259.58,12.0,326.15,52.0,258.0,48.0,484.0,24.0,292.87,66.57,60.0,76.0,30.46895682493857,136,-16.0,42.0,-0.12
07:53:17,232.31,16.0,346.0,35.0,153.06,34.0,594.0,14.0,289.16,113.69,50.0,49.0,22.506377984917464,99,1.0,-37.0,0.01
07:53:19,234.88,52.0,336.56,61.0,224.82,44.0,349.77,65.0,285.72,101.68,96.0,126.0,18.652579446284875,222,-30.0,60.0,-0.14
07:53:20,269.75,16.0,324.0,10.0,267.73,11.0,342.0,25.0,296.88,54.25,27.0,35.0,14.67908784631932,62,-8.0,-160.0,-0.13
07:53:21,270.0,20.0,324.67,24.0,267.06,32.0,340.12,51.0,297.33,54.670000000000016,52.0,75.0,15.404927133873711,127,-23.0,65.0,-0.18
07:53:22,272.1,31.0,305.58,24.0,270.4,15.0,340.36,39.0,288.84,33.47999999999996,46.0,63.0,15.387894592827132,109,-17.0,-18.0,-0.16
07:53:26,272.07,14.0,275.0,8.0,270.5,18.0,381.0,16.0,273.54,2.930000000000007,32.0,24.0,6.492349343647976,56,8.0,-25.0,0.14
07:53:27,271.0,10.0,274.82,11.0,268.0,10.0,421.67,15.0,272.91,3.819999999999993,20.0,26.0,0.8178508421279875,46,-6.0,-10.0,-0.13
07:53:28,270.18,11.0,272.5,28.0,266.94,17.0,273.34,29.0,271.34,2.319999999999993,28.0,57.0,1.3280060240714668,85,-29.0,39.0,-0.34
07:53:29,265.54,109.0,292.0,31.0,244.25,16.0,358.0,36.0,278.77,26.45999999999998,125.0,67.0,2.7952405978679797,192,58.0,107.0,0.3
07:53:30,232.18,22.0,346.97,37.0,154.6,20.0,428.82,34.0,289.58,114.79000000000002,42.0,71.0,7.447561345834392,113,-29.0,-79.0,-0.26
07:53:31,266.0,22.0,315.52,21.0,201.27,33.0,317.71,38.0,290.76,49.51999999999998,55.0,59.0,9.111430732874148,114,-4.0,1.0,-0.04
07:53:32,266.0,26.0,268.77,22.0,260.0,65.0,269.35,31.0,267.39,2.769999999999982,91.0,53.0,10.513580265540602,144,38.0,30.0,0.26
07:53:33,260.27,55.0,265.57,23.0,222.62,32.0,268.54,26.0,262.92,5.300000000000011,87.0,49.0,12.623570414108919,136,38.0,-8.0,0.28
07:53:34,261.36,55.0,263.41,41.0,258.18,55.0,265.4,35.0,262.39,2.0500000000000114,110.0,76.0,14.344304444620844,186,34.0,50.0,0.18
07:53:35,262.43,63.0,263.74,65.0,255.12,85.0,267.75,32.0,263.08,1.3100000000000023,148.0,97.0,12.158538974727799,245,51.0,59.0,0.21
07:53:36,263.0,12.0,264.0,16.0,253.0,20.0,274.0,4.0,263.5,1.0,32.0,20.0,2.015150118472675,52,12.0,-170.5,0.23
07:53:37,258.45,33.0,264.0,27.0,238.5,36.0,274.0,9.0,261.23,5.550000000000011,69.0,36.0,0.8747742565837385,105,33.0,53.0,0.31
07:53:38,253.0,55.0,264.0,11.0,155.91,22.0,268.12,25.0,258.5,11.0,77.0,36.0,2.004582250740146,113,41.0,8.0,0.36
07:53:39,253.0,50.0,269.44,16.0,184.5,16.0,304.56,27.0,261.22,16.439999999999998,66.0,43.0,1.9778473146283657,109,23.0,-4.0,0.21
07:53:40,262.02,57.0,327.0,15.0,253.08,24.0,504.62,32.0,294.51,64.98000000000002,81.0,47.0,15.040487691560292,128,34.0,19.0,0.27
07:54:03,272.0,6.0,413.38,8.0,271.0,120.0,471.33,12.0,342.69,141.38,126.0,20.0,42.7571085317978,146,106.0,-112.0,0.73
07:54:10,271.0,138.0,278.56,9.0,270.0,36.0,282.81,21.0,274.78,7.560000000000002,174.0,30.0,2.7150469609172156,204,144.0,146.0,0.71
07:54:11,271.0,167.0,277.91,35.0,270.0,68.0,278.67,12.0,274.46,6.910000000000025,235.0,47.0,2.5205951678101313,282,188.0,78.0,0.67
07:54:12,271.0,198.0,274.25,51.0,270.0,88.0,275.6,40.0,272.63,3.25,286.0,91.0,2.4822932945141,377,195.0,95.0,0.52
07:54:13,271.0,181.0,272.74,34.0,270.0,110.0,304.25,52.0,271.87,1.740000000000009,291.0,86.0,1.8553571084811609,377,205.0,0.0,0.54
07:54:14,271.0,88.0,272.5,40.0,270.0,56.0,568.05,22.0,271.75,1.5,144.0,62.0,1.4342489323659258,206,82.0,-170.5,0.4
07:54:15,271.0,72.0,306.89,35.0,270.0,63.0,625.27,15.0,288.94,35.889999999999986,135.0,50.0,7.353009587916283,185,85.0,-21.0,0.46
07:54:16,270.54,61.0,296.0,44.0,269.49,101.0,331.43,23.0,283.27,25.45999999999998,162.0,67.0,7.944471033365671,229,95.0,44.0,0.41
07:54:17,271.13,45.0,295.08,52.0,269.97,93.0,351.74,19.0,283.11,23.94999999999999,138.0,71.0,7.652177467883453,209,67.0,-20.0,0.32
07:54:18,270.0,63.0,293.86,28.0,269.0,77.0,375.4,10.0,281.93,23.860000000000014,140.0,38.0,6.242515518601481,178,102.0,-31.0,0.57
07:54:19,270.15,100.0,292.29,56.0,269.32,146.0,454.11,27.0,281.22,22.140000000000043,246.0,83.0,3.052610358361759,329,163.0,151.0,0.5
07:54:20,270.0,109.0,289.06,53.0,269.0,152.0,299.46,52.0,279.53,19.060000000000002,261.0,105.0,1.5315417069020025,366,156.0,37.0,0.43
07:54:21,270.0,36.0,285.83,30.0,269.0,78.0,289.0,24.0,277.92,15.829999999999984,114.0,54.0,2.0420504401169555,168,60.0,-170.5,0.36
07:54:22,270.38,24.0,284.0,36.0,269.4,60.0,285.0,45.0,277.19,13.620000000000005,84.0,81.0,2.0420504401173676,165,3.0,-3.0,0.02
07:54:23,272.0,13.0,281.23,52.0,271.0,13.0,285.0,65.0,276.62,9.230000000000018,26.0,117.0,1.8739076818202693,143,-91.0,-22.0,-0.64
07:54:24,271.08,13.0,280.0,36.0,268.78,27.0,285.0,45.0,275.54,8.920000000000016,40.0,81.0,1.4925984054615935,121,-41.0,-22.0,-0.34
07:54:25,270.0,30.0,280.0,40.0,268.0,100.0,285.0,50.0,275.0,10.0,130.0,90.0,1.1903696904691967,220,40.0,99.0,0.18
07:54:26,270.0,5.0,278.35,23.0,268.0,50.0,281.73,22.0,274.17,8.350000000000023,55.0,45.0,1.2168524972192338,100,10.0,-120.0,0.1
07:54:27,269.0,28.0,277.12,41.0,267.99,91.0,278.08,49.0,273.06,8.120000000000005,119.0,90.0,1.3503777249309874,209,29.0,109.0,0.14
07:54:28,270.0,24.0,276.17,48.0,268.0,102.0,278.0,60.0,273.08,6.170000000000016,126.0,108.0,1.116467643951564,234,18.0,25.0,0.08
07:54:29,271.0,168.0,273.92,51.0,270.0,24.0,275.61,57.0,272.46,2.920000000000016,192.0,108.0,1.0168480712434753,300,84.0,66.0,0.28
07:54:30,271.16,75.0,272.74,38.0,270.67,48.0,276.98,44.0,271.95,1.579999999999984,123.0,82.0,0.830258995731094,205,41.0,-95.0,0.2
07:54:31,271.0,40.0,272.0,16.0,270.0,16.0,299.0,14.0,271.5,1.0,56.0,30.0,0.6916646586266404,86,26.0,-119.0,0.3
07:54:32,271.0,19.0,299.4,25.0,270.0,22.0,419.53,38.0,285.2,28.399999999999977,41.0,63.0,5.8223551935612585,104,-22.0,18.0,-0.21
07:54:35,272.0,36.0,453.1,50.0,266.5,48.0,454.6,50.0,362.55,181.10000000000002,84.0,100.0,47.16740368093113,184,-16.0,20.0,-0.09
07:54:44,272.07,59.0,279.41,85.0,267.96,80.0,280.41,85.0,275.74,7.340000000000032,139.0,170.0,2.6977360879033774,309,-31.0,111.0,-0.1
07:54:45,268.0,64.0,276.67,30.0,267.0,18.0,278.0,30.0,272.33,8.670000000000016,82.0,60.0,3.6186212844091132,142,22.0,-167.0,0.15
07:54:46,268.0,81.0,274.0,45.0,267.0,29.0,275.89,45.0,271.0,6.0,110.0,90.0,3.723613836044384,200,20.0,58.0,0.1
07:54:47,267.96,90.0,270.92,60.0,266.89,62.0,272.0,60.0,269.44,2.9600000000000364,152.0,120.0,3.4529407756264314,272,32.0,72.0,0.12
07:54:48,266.09,43.0,267.62,40.0,263.5,14.0,313.85,34.0,266.86,1.5300000000000296,57.0,74.0,3.3084104944801602,131,-17.0,-141.0,-0.13
07:54:49,266.0,13.0,268.0,25.0,261.0,5.0,654.0,10.0,267.0,2.0,18.0,35.0,2.415094201058983,53,-17.0,-78.0,-0.32
07:54:50,262.0,30.0,266.96,71.0,242.18,85.0,316.05,63.0,264.48,4.9599999999999795,115.0,134.0,2.5231884590713447,249,-19.0,169.5,-0.08
07:54:51,265.25,24.0,275.33,60.0,241.86,42.0,436.17,24.0,270.29,10.079999999999984,66.0,84.0,2.305575849975673,150,-18.0,-99.0,-0.12
07:54:52,271.0,18.0,272.0,45.0,264.8,30.0,322.67,18.0,271.5,1.0,48.0,63.0,2.836402651245136,111,-15.0,-39.0,-0.14
07:54:53,271.0,10.0,272.0,40.0,269.0,64.0,448.38,16.0,271.5,1.0,74.0,56.0,3.1057978041059107,130,18.0,19.0,0.14
07:54:54,269.0,72.0,271.26,38.0,268.0,72.0,292.92,39.0,270.13,2.259999999999991,144.0,77.0,2.9235851278846288,221,67.0,91.0,0.3
07:54:55,269.17,48.0,271.0,50.0,268.44,72.0,272.0,45.0,270.08,1.829999999999984,120.0,95.0,0.7344045206740888,215,25.0,-6.0,0.12
07:54:56,270.0,20.0,271.0,20.0,269.0,80.0,272.6,50.0,270.5,1.0,100.0,70.0,0.7107179468582999,170,30.0,-45.0,0.18
07:54:57,270.0,8.0,275.0,30.0,269.0,48.0,417.5,6.0,272.5,5.0,56.0,36.0,1.041210833590482,92,20.0,-78.0,0.22
07:54:58,270.0,7.0,275.0,35.0,269.0,56.0,448.29,7.0,272.5,5.0,63.0,42.0,1.2502479753976445,105,21.0,13.0,0.2
07:54:59,270.0,11.0,275.0,55.0,269.0,88.0,477.36,11.0,272.5,5.0,99.0,66.0,1.219540897217159,165,33.0,60.0,0.2
07:55:00,269.74,47.0,275.0,60.0,267.34,62.0,461.14,21.0,272.37,5.259999999999991,109.0,81.0,0.8816915560356658,190,28.0,25.0,0.15
07:55:01,269.0,54.0,275.0,40.0,267.0,88.0,490.12,16.0,272.0,6.0,142.0,56.0,0.2165178976071078,198,86.0,8.0,0.43
07:55:02,269.0,38.0,275.0,45.0,267.0,99.0,417.6,20.0,272.0,6.0,137.0,65.0,0.25569513093591056,202,72.0,4.0,0.36
07:55:03,269.65,17.0,275.0,65.0,267.75,53.0,386.15,26.0,272.32,5.350000000000023,70.0,91.0,0.22698017531136683,161,-21.0,-41.0,-0.13
07:55:04,270.0,8.0,274.97,36.0,269.0,16.0,278.68,19.0,272.49,4.970000000000027,24.0,55.0,0.22412050326639782,79,-31.0,-82.0,-0.39
07:55:05,270.14,7.0,274.0,7.0,269.08,13.0,275.57,35.0,272.07,3.8600000000000136,20.0,42.0,0.21938550541104063,62,-22.0,-17.0,-0.35
07:55:06,271.71,14.0,276.11,47.0,269.04,27.0,294.33,58.0,273.91,4.400000000000034,41.0,105.0,0.7808136781486404,146,-64.0,84.0,-0.44
07:55:07,271.38,21.0,275.58,48.0,269.59,34.0,279.0,60.0,273.48,4.199999999999989,55.0,108.0,0.7967621978882078,163,-53.0,17.0,-0.33
07:55:08,270.83,48.0,273.67,48.0,269.91,44.0,280.25,60.0,272.25,2.840000000000032,92.0,108.0,0.8090117427971372,200,-16.0,37.0,-0.08
07:55:09,271.0,32.0,273.0,32.0,270.0,32.0,282.0,40.0,272.0,2.0,64.0,72.0,0.887845707307174,136,-8.0,-64.0,-0.06
07:55:10,271.0,36.0,272.62,32.0,270.0,36.0,278.49,41.0,271.81,1.6200000000000045,72.0,73.0,0.9429475064837004,145,-1.0,9.0,-0.01
07:55:11,270.0,16.0,273.0,16.0,269.0,8.0,282.0,20.0,271.5,3.0,24.0,36.0,0.762017060166206,60,-12.0,-85.0,-0.2
07:55:12,270.47,15.0,273.0,36.0,269.88,32.0,282.0,45.0,271.73,2.5299999999999727,47.0,81.0,0.28314307334758204,128,-34.0,68.0,-0.27
07:55:13,270.4,30.0,278.0,54.0,268.43,56.0,286.29,42.0,274.2,7.600000000000023,86.0,96.0,1.1058345264931224,182,-10.0,54.0,-0.05
07:55:14,270.0,32.0,282.0,40.0,269.0,8.0,307.38,16.0,276.0,12.0,40.0,56.0,1.981633164837366,96,-16.0,-86.0,-0.17
07:55:15,270.0,36.0,281.77,39.0,269.0,9.0,318.56,25.0,275.88,11.769999999999982,45.0,64.0,2.172675769640376,109,-19.0,13.0,-0.17
07:55:16,267.72,50.0,280.26,47.0,265.36,11.0,281.49,41.0,273.99,12.539999999999964,61.0,88.0,1.7377715615068035,149,-27.0,40.0,-0.18
07:55:17,267.0,44.0,279.4,67.0,264.0,12.0,314.0,18.0,273.2,12.399999999999977,56.0,85.0,1.232469066541427,141,-29.0,-8.0,-0.21
07:55:18,267.0,28.0,276.23,35.0,264.0,14.0,279.96,56.0,271.61,9.230000000000018,42.0,91.0,1.8570218092370632,133,-49.0,-8.0,-0.37
07:55:19,270.77,69.0,273.33,21.0,266.75,24.0,276.87,39.0,272.05,2.5600000000000023,93.0,60.0,1.699302798203726,153,33.0,20.0,0.22
07:55:20,271.0,44.0,272.0,11.0,267.0,22.0,279.82,55.0,271.5,1.0,66.0,66.0,1.0839972324614073,132,0.0,-21.0,0.0
07:55:21,271.0,29.0,280.06,31.0,267.0,22.0,340.18,55.0,275.53,9.060000000000002,51.0,86.0,1.6792170794699581,137,-35.0,5.0,-0.26
07:55:22,271.55,11.0,282.0,35.0,268.71,14.0,667.71,35.0,276.77,10.449999999999989,25.0,70.0,2.474271609986025,95,-45.0,-42.0,-0.47
07:55:23,262.0,33.0,270.92,59.0,259.07,30.0,390.65,43.0,266.46,8.920000000000016,63.0,102.0,4.033939761571071,165,-39.0,70.0,-0.24
07:55:24,256.39,36.0,263.29,48.0,220.92,37.0,264.3,44.0,259.84,6.900000000000034,73.0,92.0,6.971710693939253,165,-19.0,0.0,-0.12
07:55:25,245.61,36.0,258.0,11.0,160.33,45.0,263.0,35.0,251.81,12.389999999999986,81.0,46.0,10.562829639826218,127,35.0,-38.0,0.28
07:55:26,243.0,20.0,262.62,13.0,61.0,40.0,263.71,17.0,252.81,19.620000000000005,60.0,30.0,10.367437967019464,90,30.0,-37.0,0.33
07:55:30,236.35,63.0,260.0,30.0,234.76,29.0,263.0,20.0,248.17,23.650000000000006,92.0,50.0,7.403724062930523,142,42.0,38.0,0.3
07:55:31,240.0,13.0,261.68,25.0,238.62,13.0,265.7,46.0,250.84,21.680000000000007,26.0,71.0,6.918451416322653,97,-45.0,-45.0,-0.46
07:55:32,264.5,24.0,266.0,8.0,255.55,20.0,267.0,40.0,265.25,1.5,44.0,48.0,8.27986533706976,92,-4.0,-5.0,-0.04
07:55:33,265.6,30.0,266.95,39.0,259.4,30.0,327.79,34.0,266.27,1.349999999999966,60.0,73.0,9.600865585977349,133,-13.0,41.0,-0.1
07:55:34,266.0,24.0,267.0,32.0,255.0,49.0,353.0,30.0,266.5,1.0,73.0,62.0,9.099666477404526,135,11.0,2.0,0.08
07:55:35,266.36,33.0,356.84,25.0,255.0,88.0,432.08,37.0,311.6,90.47999999999996,121.0,62.0,23.046196432383038,183,59.0,48.0,0.32
07:55:36,267.0,8.0,359.55,11.0,255.0,64.0,452.21,14.0,313.27,92.55000000000001,72.0,25.0,25.441048917054687,97,47.0,-86.0,0.48
07:55:37,255.32,74.0,297.45,22.0,173.66,79.0,346.0,19.0,276.39,42.129999999999995,153.0,41.0,23.757313189836236,194,112.0,97.0,0.58
07:55:38,255.0,80.0,264.95,19.0,238.0,54.0,278.21,19.0,259.97,9.949999999999989,134.0,38.0,25.23957864149019,172,96.0,-22.0,0.56
07:55:39,255.0,48.0,265.33,12.0,169.5,42.0,347.82,22.0,260.17,10.329999999999984,90.0,34.0,26.558062805859336,124,56.0,-48.0,0.45
07:55:40,255.0,56.0,264.14,28.0,171.57,49.0,265.2,10.0,259.57,9.139999999999986,105.0,38.0,23.152215444746997,143,67.0,19.0,0.47
07:55:41,255.54,80.0,261.25,48.0,243.95,82.0,263.0,72.0,258.39,5.710000000000008,162.0,120.0,7.5737520424156335,282,42.0,139.0,0.15
07:55:42,256.0,33.0,261.27,44.0,253.18,55.0,262.79,56.0,258.64,5.269999999999982,88.0,100.0,0.7954369868187865,188,-12.0,-94.0,-0.06
07:55:43,256.0,24.0,262.0,32.0,253.0,40.0,263.0,24.0,259.0,6.0,64.0,56.0,0.7205761583618784,120,8.0,-68.0,0.07
07:55:44,256.83,24.0,264.0,11.0,252.84,49.0,266.0,11.0,260.42,7.170000000000016,73.0,22.0,0.8116218331215005,95,51.0,-25.0,0.54
07:55:45,253.67,30.0,259.06,17.0,243.0,42.0,265.4,15.0,256.36,5.390000000000015,72.0,32.0,1.4601780713324781,104,40.0,9.0,0.38
