Time,Bid1_Price,Bid1_Volume,Ask1_Price,Ask1_Volume,Bid2_Price,Bid2_Volume,Ask2_Price,Ask2_Volume,Mid-Price,Bid_Ask_Spread,Market_Depth_Bid,Market_Depth_Ask,Historical_Volatility,Total_volume,Cumulative_Volume_Difference,Total_Volume_Change_Corrected,Order_imbalance
07:30:12,322.0,6.0,329.0,12.0,321.0,18.0,331.0,30.0,325.5,7.0,24.0,42.0,7.474856520361186,66,-18.0,-29.0,-0.27
07:30:13,322.0,7.0,327.28,32.0,321.0,21.0,329.59,17.0,324.64,5.279999999999973,28.0,49.0,7.777732317326577,77,-21.0,11.0,-0.27
07:30:14,322.0,9.0,326.9,39.0,321.0,27.0,328.17,24.0,324.45,4.899999999999977,36.0,63.0,6.35024172768144,99,-27.0,22.0,-0.27
07:30:15,316.35,51.0,323.41,61.0,306.85,26.0,325.71,58.0,319.88,7.060000000000002,77.0,119.0,3.0858013545895133,196,-42.0,97.0,-0.21
07:30:16,316.0,51.0,320.86,58.0,299.0,17.0,321.52,61.0,318.43,4.860000000000014,68.0,119.0,3.1929375189605946,187,-51.0,-9.0,-0.27
07:30:17,316.0,36.0,319.36,39.0,299.0,12.0,320.78,45.0,317.68,3.3600000000000136,48.0,84.0,3.3178502075871537,132,-36.0,-55.0,-0.27
07:30:18,316.0,36.0,318.23,52.0,309.72,47.0,319.17,48.0,317.12,2.230000000000018,83.0,100.0,2.9482147140237243,183,-17.0,51.0,-0.09
07:30:19,311.24,25.0,317.03,29.0,287.14,42.0,318.55,31.0,314.14,5.789999999999964,67.0,60.0,2.1203301629665416,127,7.0,-56.0,0.06
07:30:20,299.0,15.0,312.15,48.0,265.0,45.0,316.5,32.0,305.57,13.149999999999977,60.0,80.0,5.297581523675234,140,-20.0,13.0,-0.14
07:30:21,299.0,14.0,310.95,38.0,282.86,42.0,312.62,52.0,304.97,11.949999999999989,56.0,90.0,6.2001637075148635,146,-34.0,6.0,-0.23
07:30:22,299.0,5.0,312.0,15.0,290.0,15.0,317.0,15.0,305.5,13.0,20.0,30.0,5.734801653063848,50,-10.0,-96.0,-0.2
07:30:23,299.9,29.0,311.54,39.0,295.32,22.0,314.19,48.0,305.72,11.640000000000043,51.0,87.0,3.9010190976183874,138,-36.0,88.0,-0.26
07:30:24,300.17,36.0,310.76,50.0,299.12,17.0,311.62,48.0,305.46,10.589999999999975,53.0,98.0,0.2828957404826396,151,-45.0,13.0,-0.3
07:30:25,301.83,36.0,309.06,32.0,300.48,42.0,311.0,48.0,305.45,7.230000000000018,78.0,80.0,0.27449954459565,158,-2.0,7.0,-0.01
07:30:26,302.0,20.0,308.0,20.0,300.0,10.0,311.0,30.0,305.0,6.0,30.0,50.0,0.2622594135264228,80,-20.0,-78.0,-0.25
07:30:27,302.95,38.0,307.58,24.0,301.47,19.0,311.0,36.0,305.27,4.6299999999999955,57.0,60.0,0.26617663305259665,117,-3.0,37.0,-0.03
07:30:28,304.28,50.0,307.97,31.0,302.0,28.0,311.21,42.0,306.12,3.6900000000000546,78.0,73.0,0.41334005368852217,151,5.0,34.0,0.03
07:30:29,306.77,52.0,313.9,49.0,303.67,36.0,315.55,80.0,310.33,7.1299999999999955,88.0,129.0,2.2168062612649257,217,-41.0,66.0,-0.19
07:30:30,308.76,42.0,316.87,45.0,308.08,74.0,320.86,65.0,312.81,8.110000000000014,116.0,110.0,3.4823885481065617,226,6.0,9.0,0.03
07:30:31,314.24,82.0,320.0,17.0,312.71,42.0,496.0,33.0,317.12,5.759999999999991,124.0,50.0,4.88830747805253,174,74.0,-52.0,0.43
07:30:32,317.38,16.0,320.0,8.0,315.38,32.0,559.0,40.0,318.69,2.6200000000000045,48.0,48.0,5.09531451433419,96,0.0,-78.0,0.0
07:30:33,317.46,26.0,319.38,24.0,315.33,60.0,494.6,50.0,318.42,1.920000000000016,86.0,74.0,3.7178125288918116,160,12.0,64.0,0.07
07:30:34,317.33,18.0,319.67,18.0,315.24,68.0,419.12,34.0,318.5,2.340000000000032,86.0,52.0,2.4816667785955695,138,34.0,-22.0,0.25
07:30:35,317.0,16.0,321.1,20.0,315.0,80.0,380.75,16.0,319.05,4.100000000000023,96.0,36.0,0.7324138174453778,132,60.0,-6.0,0.45
07:30:36,315.74,46.0,319.64,33.0,314.02,86.0,324.73,11.0,317.69,3.8999999999999773,132.0,44.0,0.4991492762540225,176,88.0,44.0,0.5
07:30:37,315.0,90.0,319.0,27.0,301.11,18.0,327.0,9.0,317.0,4.0,108.0,36.0,0.7965362515195916,144,72.0,-32.0,0.5
07:30:38,315.0,50.0,318.4,15.0,302.0,10.0,327.0,5.0,316.7,3.3999999999999773,60.0,20.0,0.9891764251056772,80,40.0,-64.0,0.5
07:30:39,315.0,84.0,318.16,25.0,302.29,17.0,413.09,33.0,316.58,3.160000000000025,101.0,58.0,1.0159872046363636,159,43.0,79.0,0.27
07:30:40,315.0,36.0,325.0,16.0,305.6,10.0,341.0,32.0,320.0,10.0,46.0,48.0,1.4122960029628446,94,-2.0,-65.0,-0.02
07:30:41,315.0,18.0,325.0,12.0,310.0,6.0,417.0,24.0,320.0,10.0,24.0,36.0,1.7812018414500081,60,-12.0,-34.0,-0.2
07:30:42,315.0,21.0,323.33,27.0,310.0,7.0,339.94,31.0,319.17,8.329999999999984,28.0,58.0,1.72299158442082,86,-30.0,26.0,-0.35
07:30:43,314.8,41.0,319.7,69.0,305.67,21.0,320.71,66.0,317.25,4.899999999999977,62.0,135.0,1.592780587521387,197,-73.0,111.0,-0.37
07:30:44,311.0,8.0,316.22,37.0,302.0,16.0,317.14,35.0,313.61,5.220000000000027,24.0,72.0,2.702004811243844,96,-48.0,-101.0,-0.5
07:30:45,309.71,14.0,315.0,52.0,301.32,31.0,316.0,65.0,312.36,5.2900000000000205,45.0,117.0,3.370114241384804,162,-72.0,66.0,-0.44
07:30:46,302.0,16.0,312.32,25.0,299.0,56.0,314.17,36.0,307.16,10.319999999999993,72.0,61.0,4.660423800469693,133,11.0,-29.0,0.08
07:30:47,305.89,72.0,308.0,11.0,301.22,27.0,309.0,55.0,306.94,2.1100000000000136,99.0,66.0,4.412395041242818,165,33.0,32.0,0.2
07:30:48,306.0,59.0,307.14,29.0,302.0,18.0,308.98,41.0,306.57,1.1399999999999864,77.0,70.0,3.3740880249312055,147,7.0,-18.0,0.05
07:30:49,301.62,32.0,308.2,25.0,298.4,10.0,309.6,25.0,304.91,6.579999999999984,42.0,50.0,2.8099412805224095,92,-8.0,-55.0,-0.09
07:30:50,299.53,38.0,309.0,57.0,296.3,33.0,310.0,70.0,304.26,9.470000000000027,71.0,127.0,1.3004499221361001,198,-56.0,106.0,-0.28
07:30:51,302.33,24.0,309.43,42.0,298.67,24.0,311.67,36.0,305.88,7.100000000000023,48.0,78.0,1.1207006736786354,126,-30.0,-72.0,-0.24
07:30:52,303.07,15.0,310.0,24.0,301.12,16.0,320.0,8.0,306.53,6.930000000000007,31.0,32.0,1.0187492331205603,63,-1.0,-63.0,-0.02
07:30:53,305.43,14.0,310.0,28.0,303.6,10.0,320.0,8.0,307.71,4.569999999999993,24.0,36.0,1.3540937929049497,60,-12.0,-3.0,-0.2
07:30:54,311.67,18.0,318.0,21.0,305.0,12.0,342.4,15.0,314.83,6.329999999999984,30.0,36.0,4.100337790961071,66,-6.0,6.0,-0.09
07:30:55,323.0,18.0,324.0,23.0,317.2,40.0,359.33,27.0,323.5,1.0,58.0,50.0,7.509290911929234,108,8.0,42.0,0.07
07:30:56,323.0,12.0,324.0,12.0,322.0,48.0,404.5,36.0,323.5,1.0,60.0,48.0,8.20342794202415,108,12.0,0.0,0.11
07:30:57,322.2,15.0,323.4,10.0,319.67,18.0,354.0,14.0,322.8,1.1999999999999886,33.0,24.0,7.04233413010075,57,9.0,-51.0,0.16
07:30:58,307.62,91.0,322.77,39.0,305.14,42.0,324.46,13.0,315.19,15.149999999999977,133.0,52.0,4.533169972544762,185,81.0,128.0,0.44
07:30:59,308.77,48.0,322.0,36.0,306.1,84.0,327.0,12.0,315.39,13.230000000000018,132.0,48.0,4.378907397968288,180,84.0,-5.0,0.47
07:31:00,309.28,61.0,319.72,50.0,308.37,75.0,324.65,20.0,314.5,10.440000000000055,136.0,70.0,4.468425897335827,206,66.0,26.0,0.32
07:31:01,306.2,15.0,311.52,21.0,303.0,18.0,313.0,36.0,308.86,5.319999999999993,33.0,57.0,4.95914004641748,90,-24.0,-116.0,-0.27
07:31:02,305.0,18.0,310.44,18.0,302.0,18.0,313.0,36.0,307.72,5.439999999999998,36.0,54.0,3.7264285851175933,90,-18.0,0.0,-0.2
07:31:03,305.0,20.0,308.9,20.0,303.2,20.0,313.0,40.0,306.95,3.8999999999999773,40.0,60.0,3.9611652326028475,100,-20.0,10.0,-0.2
07:31:04,305.0,18.0,307.44,18.0,304.0,18.0,313.0,36.0,306.22,2.4399999999999977,36.0,54.0,3.3062970223471626,90,-18.0,-10.0,-0.2
07:31:05,304.55,22.0,311.44,36.0,302.24,37.0,314.22,23.0,307.99,6.889999999999986,59.0,59.0,1.0083997223233234,118,0.0,28.0,0.0
07:31:06,305.33,42.0,313.0,56.0,302.55,55.0,317.0,20.0,309.17,7.670000000000016,97.0,76.0,1.1133058878770705,173,21.0,55.0,0.12
07:31:07,307.07,15.0,313.0,44.0,304.06,34.0,317.0,33.0,310.03,5.930000000000007,49.0,77.0,1.5600384610584854,126,-28.0,-47.0,-0.22
07:31:08,309.94,18.0,325.57,30.0,308.95,21.0,451.4,15.0,317.76,15.629999999999995,39.0,45.0,4.443031622662791,84,-6.0,-42.0,-0.07
07:31:09,319.89,18.0,350.0,9.0,312.93,15.0,640.67,9.0,334.94,30.110000000000014,33.0,18.0,11.272407462471394,51,15.0,-33.0,0.29
07:31:11,315.73,44.0,362.0,23.0,314.43,37.0,538.83,18.0,338.86,46.26999999999998,81.0,41.0,36.65999358974272,122,40.0,-13.0,0.33
07:31:13,310.0,52.0,382.44,25.0,309.0,14.0,478.83,12.0,346.22,72.44,66.0,37.0,37.66872933880266,103,29.0,-66.0,0.28
07:31:14,315.33,27.0,391.5,8.0,309.47,19.0,394.0,32.0,353.42,76.17000000000002,46.0,40.0,34.48034411081148,86,6.0,-17.0,0.07
07:31:15,322.0,40.0,388.38,13.0,310.0,39.0,396.94,51.0,355.19,66.38,79.0,64.0,29.677136485853417,143,15.0,57.0,0.1
07:31:16,322.0,41.0,356.24,17.0,310.43,23.0,431.33,15.0,339.12,34.24000000000001,64.0,32.0,29.62800820169949,96,32.0,-47.0,0.33
07:31:17,322.0,30.0,387.67,6.0,315.0,6.0,400.0,6.0,354.83,65.67000000000002,36.0,12.0,6.970052367089792,48,24.0,-48.0,0.5
07:31:18,322.0,65.0,371.31,13.0,313.0,29.0,431.92,13.0,346.65,49.31,94.0,26.0,6.9179744145215025,120,68.0,72.0,0.57
07:31:19,322.0,50.0,377.0,10.0,319.0,20.0,446.6,10.0,349.5,55.0,70.0,20.0,6.627123810520985,90,50.0,-30.0,0.56
07:31:20,322.0,42.0,356.89,35.0,319.0,118.0,401.39,28.0,339.44,34.889999999999986,160.0,63.0,6.726200264634909,223,97.0,133.0,0.43
07:31:21,321.38,48.0,379.17,36.0,318.88,253.0,379.92,24.0,350.27,57.79000000000002,301.0,60.0,5.680067781283457,361,241.0,138.0,0.67
07:31:22,319.0,120.0,358.58,12.0,314.0,72.0,370.5,12.0,338.79,39.579999999999984,192.0,24.0,5.481756105480665,216,168.0,-145.0,0.78
07:31:23,321.13,60.0,335.35,20.0,318.27,74.0,339.5,20.0,328.24,14.220000000000027,134.0,40.0,9.055532563023252,174,94.0,-42.0,0.54
07:31:27,319.69,70.0,324.0,13.0,318.16,97.0,355.47,19.0,321.84,4.310000000000002,167.0,32.0,2.59986153476949,199,135.0,98.0,0.68
07:31:28,319.02,93.0,321.88,8.0,316.66,64.0,332.29,7.0,320.45,2.8600000000000136,157.0,15.0,2.9374955319070604,172,142.0,-27.0,0.83
07:31:29,319.01,167.0,320.92,12.0,314.96,89.0,324.18,11.0,319.96,1.910000000000025,256.0,23.0,2.6508715547860686,279,233.0,107.0,0.84
07:31:30,319.0,94.0,398.29,7.0,314.0,42.0,598.63,19.0,358.64,79.29000000000002,136.0,26.0,16.640745776556237,162,110.0,-117.0,0.68
07:31:34,319.0,80.0,337.17,30.0,314.0,60.0,339.0,2.0,328.08,18.170000000000016,140.0,32.0,52.40711516578616,172,108.0,20.0,0.63
07:31:35,319.0,96.0,333.04,49.0,316.08,137.0,406.21,19.0,326.02,14.04000000000002,233.0,68.0,60.2071181838159,301,165.0,129.0,0.55
07:31:36,319.0,74.0,320.97,38.0,317.0,190.0,324.18,28.0,319.99,1.9700000000000273,264.0,66.0,62.18497583821977,330,198.0,29.0,0.6
07:31:37,319.0,42.0,320.5,30.0,317.0,114.0,331.0,12.0,319.75,1.5,156.0,42.0,52.92502687765003,198,114.0,-132.0,0.58
07:31:38,319.0,63.0,320.0,45.0,317.0,171.0,326.36,11.0,319.5,1.0,234.0,56.0,4.069652319299569,290,178.0,92.0,0.61
07:31:39,319.0,66.0,320.0,50.0,317.0,190.0,330.0,20.0,319.5,1.0,256.0,70.0,2.8403996197683896,326,186.0,36.0,0.57
07:31:40,318.02,59.0,325.16,31.0,316.8,183.0,353.76,29.0,321.59,7.140000000000043,242.0,60.0,0.8759166626914091,302,182.0,-24.0,0.6
07:31:41,322.0,9.0,330.0,18.0,317.0,171.0,331.0,27.0,326.0,8.0,180.0,45.0,2.786192742790872,225,135.0,-77.0,0.6
07:31:42,322.0,11.0,329.06,32.0,317.97,74.0,330.13,23.0,325.53,7.060000000000002,85.0,55.0,3.1713609066109987,140,30.0,-85.0,0.21
07:31:43,322.0,10.0,328.2,30.0,319.0,40.0,330.0,20.0,325.1,6.199999999999989,50.0,50.0,2.853476826606555,100,0.0,-40.0,0.0
07:31:44,321.2,15.0,328.0,36.0,318.4,63.0,333.76,50.0,324.6,6.800000000000011,78.0,86.0,1.7413012375751322,164,-8.0,64.0,-0.05
07:31:45,320.36,44.0,327.57,42.0,317.05,214.0,333.15,74.0,323.97,7.2099999999999795,258.0,116.0,0.7911700196422224,374,142.0,176.0,0.38
07:31:46,322.0,40.0,325.31,26.0,319.0,10.0,326.55,22.0,323.65,3.3100000000000023,50.0,48.0,0.7761765263009671,98,2.0,-176.0,0.02
07:31:47,322.0,50.0,324.42,24.0,319.0,14.0,326.5,30.0,323.21,2.420000000000016,64.0,54.0,0.7518842995970794,118,10.0,20.0,0.08
07:31:48,322.0,43.0,323.0,13.0,319.0,13.0,334.38,29.0,322.5,1.0,56.0,42.0,0.790651629973956,98,14.0,-20.0,0.14
07:31:49,319.43,7.0,323.0,7.0,317.02,115.0,334.0,14.0,321.21,3.569999999999993,122.0,21.0,1.0976429291806633,143,101.0,45.0,0.71
07:31:50,317.01,208.0,323.0,12.0,314.07,67.0,330.8,30.0,320.01,5.990000000000009,275.0,42.0,1.4961216528010284,317,233.0,174.0,0.74
07:31:51,317.0,126.0,322.4,10.0,314.0,42.0,331.0,11.0,319.7,5.399999999999977,168.0,21.0,1.5261815095131548,189,147.0,-128.0,0.78
07:31:52,317.0,180.0,320.1,10.0,314.0,60.0,322.0,20.0,318.55,3.1000000000000227,240.0,30.0,1.5108375160749365,270,210.0,81.0,0.78
07:31:53,317.0,90.0,320.0,5.0,314.0,30.0,322.0,10.0,318.5,3.0,120.0,15.0,1.1272222495937252,135,105.0,-135.0,0.78
07:31:54,316.83,210.0,319.62,16.0,313.92,72.0,321.74,23.0,318.23,2.7900000000000205,282.0,39.0,0.7992934379681096,321,243.0,176.0,0.76
07:31:55,316.0,12.0,318.25,24.0,314.0,72.0,320.0,12.0,317.12,2.25,84.0,36.0,0.9202988644883974,120,48.0,-176.0,0.4
07:31:56,315.22,181.0,320.66,29.0,312.15,119.0,328.64,44.0,317.94,5.439999999999998,300.0,73.0,0.5831552108817176,373,227.0,176.0,0.61
07:31:57,315.0,99.0,329.0,22.0,314.0,66.0,415.9,41.0,322.0,14.0,165.0,63.0,1.8846803442437723,228,102.0,-145.0,0.45
07:31:58,315.61,59.0,329.0,22.0,312.17,35.0,474.36,45.0,322.31,13.389999999999986,94.0,67.0,2.442079032295881,161,27.0,-67.0,0.17
07:31:59,317.0,24.0,329.0,12.0,314.0,6.0,423.0,24.0,323.0,12.0,30.0,36.0,2.7272110296014245,66,-6.0,-95.0,-0.09
07:32:00,312.96,49.0,329.0,18.0,310.19,27.0,459.0,36.0,320.98,16.04000000000002,76.0,54.0,1.9860463237246049,130,22.0,64.0,0.17
07:32:01,311.0,74.0,325.47,17.0,306.0,55.0,425.13,30.0,318.24,14.470000000000027,129.0,47.0,1.8618485437811607,176,82.0,46.0,0.47
07:32:02,311.0,24.0,317.0,6.0,306.0,22.0,329.83,12.0,314.0,6.0,46.0,18.0,3.6729388777897243,64,28.0,-112.0,0.44
07:32:03,311.0,40.0,326.9,21.0,306.0,12.0,355.78,23.0,318.95,15.899999999999977,52.0,44.0,3.372488695307795,96,8.0,32.0,0.08
07:32:04,311.44,36.0,322.07,41.0,309.84,49.0,354.38,32.0,316.76,10.629999999999995,85.0,73.0,2.6052408717771365,158,12.0,62.0,0.08
07:32:05,313.0,28.0,317.0,35.0,310.0,63.0,329.25,16.0,315.0,4.0,91.0,51.0,2.0950656314247444,142,40.0,-16.0,0.28
07:32:06,313.0,44.0,315.27,44.0,308.67,27.0,317.0,55.0,314.14,2.269999999999982,71.0,99.0,2.090167457400611,170,-28.0,28.0,-0.16
07:32:07,312.4,35.0,313.91,44.0,305.18,11.0,317.64,55.0,313.15,1.5100000000000477,46.0,99.0,2.2946786267310784,145,-53.0,-25.0,-0.37
07:32:08,306.0,5.0,312.18,11.0,303.0,5.0,315.27,22.0,309.09,6.180000000000007,10.0,33.0,2.8625111353451307,43,-23.0,-102.0,-0.53
07:32:09,306.8,15.0,309.25,16.0,304.71,7.0,312.11,19.0,308.02,2.4499999999999886,22.0,35.0,3.128042518888356,57,-13.0,14.0,-0.23
07:32:10,307.0,27.0,309.0,36.0,306.0,9.0,310.0,9.0,308.0,2.0,36.0,45.0,2.943577755041001,81,-9.0,24.0,-0.11
07:32:11,307.0,30.0,309.0,40.0,306.0,10.0,310.0,10.0,308.0,2.0,40.0,50.0,2.2289840735122484,90,-10.0,9.0,-0.11
07:32:12,307.29,28.0,309.0,35.0,303.24,38.0,310.0,14.0,308.14,1.7099999999999795,66.0,49.0,0.47318072654163323,115,17.0,25.0,0.15
07:32:13,306.64,11.0,309.0,11.0,303.82,11.0,310.0,11.0,307.82,2.3600000000000136,22.0,22.0,0.11436782751395046,44,0.0,-71.0,0.0
07:32:14,307.67,6.0,309.0,6.0,304.0,6.0,310.0,6.0,308.33,1.329999999999984,12.0,12.0,0.1897893568415075,24,0.0,-20.0,0.0
07:32:15,308.0,9.0,311.34,29.0,302.0,9.0,316.97,31.0,309.67,3.339999999999975,18.0,60.0,0.7384917060946747,78,-42.0,54.0,-0.54
07:32:16,305.88,17.0,309.66,79.0,300.54,41.0,311.43,70.0,307.77,3.7800000000000296,58.0,149.0,0.7752612462715974,207,-91.0,129.0,-0.44
07:32:17,303.86,98.0,314.72,39.0,302.0,14.0,313.82,57.0,309.29,10.860000000000014,112.0,96.0,0.8643378968729685,208,16.0,1.0,0.08
07:32:18,305.73,79.0,317.0,19.0,304.5,52.0,319.0,52.0,311.37,11.269999999999982,131.0,71.0,1.3876887258933026,202,60.0,-6.0,0.3
07:32:19,308.65,113.0,317.0,17.0,304.74,35.0,319.0,68.0,312.82,8.350000000000023,148.0,85.0,1.9523012062620095,233,63.0,31.0,0.27
07:32:20,312.42,43.0,318.12,16.0,311.46,61.0,319.02,49.0,315.27,5.699999999999989,104.0,65.0,2.940115643979492,169,39.0,-64.0,0.23
07:32:21,313.69,13.0,318.23,52.0,304.23,47.0,319.27,55.0,315.96,4.5400000000000205,60.0,107.0,2.7545907136949004,167,-47.0,-2.0,-0.28
07:32:22,314.69,77.0,318.0,56.0,307.0,14.0,320.53,60.0,316.34,3.3100000000000023,91.0,116.0,2.157537948675624,207,-25.0,40.0,-0.12
07:32:23,315.17,48.0,318.0,48.0,314.9,84.0,321.0,48.0,316.58,2.829999999999984,132.0,96.0,1.521735850920392,228,36.0,21.0,0.16
07:32:24,316.79,38.0,318.0,44.0,315.04,83.0,321.0,44.0,317.39,1.2099999999999795,121.0,88.0,0.7817096647587841,209,33.0,-19.0,0.16
07:32:25,317.0,111.0,319.92,52.0,316.0,12.0,331.0,52.0,318.46,2.920000000000016,123.0,104.0,0.9953290912948973,227,19.0,18.0,0.08
07:32:26,318.57,46.0,322.81,31.0,316.84,25.0,340.14,35.0,320.69,4.240000000000009,71.0,66.0,1.7701327633764883,137,5.0,-90.0,0.04
07:32:27,321.0,54.0,340.12,48.0,319.0,84.0,362.61,56.0,330.56,19.120000000000005,138.0,104.0,5.704413203825762,242,34.0,105.0,0.14
07:32:28,321.0,15.0,429.77,47.0,319.0,77.0,568.08,39.0,375.38,108.76999999999998,92.0,86.0,24.53246685516955,178,6.0,-64.0,0.03
07:32:29,321.0,7.0,324.95,19.0,319.0,49.0,477.57,21.0,322.97,3.9499999999999886,56.0,40.0,23.789146054450825,96,16.0,-82.0,0.17
07:32:30,321.0,14.0,323.07,14.0,319.0,98.0,325.64,42.0,322.04,2.069999999999993,112.0,56.0,23.267244572574413,168,56.0,72.0,0.33
07:32:31,318.94,65.0,320.8,15.0,318.17,36.0,326.67,45.0,319.87,1.8600000000000136,101.0,60.0,23.389970713961855,161,41.0,-7.0,0.25
07:32:32,308.4,50.0,318.33,21.0,306.9,29.0,323.29,21.0,313.37,9.930000000000007,79.0,42.0,25.242153830447798,121,37.0,-40.0,0.31
07:32:33,306.0,90.0,317.77,39.0,305.0,54.0,318.29,21.0,311.88,11.769999999999982,144.0,60.0,5.084469490515132,204,84.0,83.0,0.41
07:32:34,306.0,160.0,313.56,36.0,305.0,96.0,316.29,28.0,309.78,7.560000000000002,256.0,64.0,5.29541027683187,320,192.0,116.0,0.6
07:32:35,306.0,120.0,310.46,13.0,305.0,72.0,312.14,14.0,308.23,4.4599999999999795,192.0,27.0,4.500281102328331,219,165.0,-101.0,0.75
07:32:36,306.0,84.0,307.0,24.0,305.0,72.0,310.2,15.0,306.5,1.0,156.0,39.0,2.75277496355418,195,117.0,-24.0,0.6
07:32:37,306.0,56.0,308.15,13.0,305.0,48.0,313.74,19.0,307.08,2.1499999999999773,104.0,32.0,2.1773791585228084,136,72.0,-59.0,0.53
07:32:38,306.0,42.0,316.0,6.0,305.0,36.0,324.0,18.0,311.0,10.0,78.0,24.0,1.8692297878991024,102,54.0,-34.0,0.53
07:32:39,307.11,47.0,320.0,9.0,305.58,52.0,329.0,27.0,313.55,12.889999999999986,99.0,36.0,2.9521974866140046,135,63.0,33.0,0.47
07:32:40,320.43,42.0,328.74,34.0,313.0,30.0,390.26,35.0,324.58,8.310000000000002,72.0,69.0,7.325409203585343,141,3.0,6.0,0.02
07:32:41,321.0,52.0,329.0,39.0,307.3,66.0,410.14,42.0,325.0,8.0,118.0,81.0,8.137758905250033,199,37.0,58.0,0.19
07:32:42,321.21,56.0,329.0,42.0,308.68,100.0,439.52,54.0,325.11,7.7900000000000205,156.0,96.0,6.974515753798227,252,60.0,53.0,0.24
07:32:43,322.0,40.0,329.0,30.0,310.79,47.0,448.42,19.0,325.5,7.0,87.0,49.0,5.152268432446288,136,38.0,-116.0,0.28
07:32:44,322.0,44.0,328.97,31.0,321.0,11.0,386.14,37.0,325.48,6.970000000000027,55.0,68.0,0.38049967146502933,123,-13.0,-13.0,-0.11
07:32:45,322.92,48.0,328.0,12.0,321.0,12.0,329.58,36.0,325.46,5.079999999999984,60.0,48.0,0.23643180831934843,108,12.0,-15.0,0.11
07:32:46,322.14,37.0,328.0,16.0,314.73,37.0,330.0,48.0,325.07,5.860000000000014,74.0,64.0,0.21454603232213038,138,10.0,30.0,0.07
07:32:47,322.0,23.0,326.38,8.0,321.0,8.0,330.0,24.0,324.19,4.3799999999999955,31.0,32.0,0.5601339125467739,63,-1.0,-75.0,-0.02
07:32:48,322.0,18.0,323.64,14.0,321.0,10.0,329.54,26.0,322.82,1.6399999999999864,28.0,40.0,1.1259795735200173,68,-12.0,5.0,-0.18
07:32:49,315.88,32.0,320.48,23.0,308.89,18.0,328.67,27.0,318.18,4.600000000000023,50.0,50.0,2.9543916463432236,100,0.0,32.0,0.0
07:32:50,308.0,20.0,316.36,25.0,300.4,70.0,319.0,25.0,312.18,8.360000000000014,90.0,50.0,5.349941121169428,140,40.0,40.0,0.29
07:32:51,307.62,16.0,314.09,22.0,293.93,54.0,317.0,33.0,310.86,6.46999999999997,70.0,55.0,6.0375143892148335,125,15.0,-15.0,0.12
07:32:52,306.0,9.0,313.11,18.0,302.0,36.0,317.0,27.0,309.56,7.110000000000014,45.0,45.0,5.6026422338011646,90,0.0,-35.0,0.0
07:32:53,306.0,7.0,310.71,14.0,302.27,22.0,317.43,23.0,308.36,4.7099999999999795,29.0,37.0,3.8268681712294375,66,-8.0,-24.0,-0.12
07:32:54,306.0,10.0,309.96,49.0,302.18,34.0,318.1,50.0,307.98,3.9599999999999795,44.0,99.0,1.7486337523810986,143,-55.0,77.0,-0.38
07:32:55,306.0,10.0,310.0,38.0,302.0,40.0,317.4,50.0,308.0,4.0,50.0,88.0,1.246162108220813,138,-38.0,-5.0,-0.28
07:32:56,308.12,51.0,313.62,29.0,306.0,17.0,317.18,85.0,310.87,5.5,68.0,114.0,1.249991999960531,182,-46.0,44.0,-0.25
07:32:57,311.08,39.0,317.0,75.0,309.38,21.0,318.0,75.0,314.04,5.920000000000016,60.0,150.0,2.633248943789112,210,-90.0,28.0,-0.43
07:32:58,313.85,130.0,317.0,65.0,312.0,39.0,318.0,65.0,315.42,3.1499999999999773,169.0,130.0,3.41218698197625,299,39.0,89.0,0.13
07:32:59,315.1,73.0,317.12,40.0,312.77,22.0,318.55,38.0,316.11,2.019999999999982,95.0,78.0,3.3942701719176904,173,17.0,-126.0,0.1
07:33:00,314.23,30.0,318.0,75.0,312.91,22.0,325.0,45.0,316.12,3.769999999999982,52.0,120.0,2.2051462536467126,172,-68.0,-1.0,-0.4
07:33:01,314.89,18.0,317.04,28.0,309.0,36.0,319.43,47.0,315.96,2.150000000000034,54.0,75.0,0.8805679984949888,129,-21.0,-43.0,-0.16
07:33:02,314.0,22.0,315.36,11.0,304.0,44.0,318.21,19.0,314.68,1.3600000000000136,66.0,30.0,0.6168630317774494,96,36.0,-33.0,0.38
07:33:03,307.68,38.0,318.33,51.0,303.65,34.0,320.26,61.0,313.01,10.649999999999977,72.0,112.0,1.3523793846303314,184,-40.0,88.0,-0.22
07:33:04,304.5,48.0,312.05,42.0,303.6,30.0,320.2,51.0,308.27,7.550000000000011,78.0,93.0,3.2343113641038608,171,-15.0,-13.0,-0.09
07:33:05,305.0,44.0,308.0,43.0,304.0,44.0,316.4,50.0,306.5,3.0,88.0,93.0,4.109370998093171,181,-5.0,10.0,-0.03
07:33:06,305.4,40.0,308.0,33.0,304.36,44.0,309.63,51.0,306.7,2.6000000000000227,84.0,84.0,3.7734029734401906,168,0.0,-13.0,0.0
07:33:07,306.6,30.0,308.38,39.0,305.5,48.0,309.42,57.0,307.49,1.7799999999999727,78.0,96.0,2.673804405704653,174,-18.0,6.0,-0.1
07:33:08,306.5,56.0,309.0,70.0,303.76,50.0,310.43,47.0,307.75,2.5,106.0,117.0,0.7366613875889382,223,-11.0,49.0,-0.05
07:33:09,308.0,52.0,309.0,65.0,298.0,13.0,310.0,39.0,308.5,1.0,65.0,104.0,0.812385376508283,169,-39.0,-54.0,-0.23
07:33:10,304.86,56.0,309.34,35.0,296.92,26.0,310.35,46.0,307.1,4.479999999999961,82.0,81.0,0.6823269010999273,163,1.0,-6.0,0.01
07:33:11,297.91,22.0,310.5,30.0,296.95,37.0,316.0,45.0,304.2,12.589999999999975,59.0,75.0,1.6509300409054637,134,-16.0,-29.0,-0.12
07:33:12,300.0,20.0,311.0,20.0,297.0,40.0,320.0,50.0,305.5,11.0,60.0,70.0,1.7429859437080064,130,-10.0,-4.0,-0.08
07:33:13,300.0,28.0,311.0,14.0,297.0,56.0,320.0,70.0,305.5,11.0,84.0,84.0,1.663730747435777,168,0.0,38.0,0.0
07:33:14,300.5,24.0,309.18,28.0,297.0,48.0,317.43,28.0,304.84,8.680000000000007,72.0,56.0,1.0793145973081466,128,16.0,-40.0,0.12
07:33:15,302.92,24.0,307.17,36.0,297.0,48.0,311.0,12.0,305.04,4.25,72.0,48.0,0.5398888774201639,120,24.0,-8.0,0.2
07:33:16,299.77,26.0,305.58,36.0,296.75,48.0,311.0,12.0,302.68,5.810000000000002,74.0,48.0,1.1720580190253718,122,26.0,2.0,0.21
07:33:17,298.0,20.0,305.0,30.0,297.0,40.0,311.0,10.0,301.5,7.0,60.0,40.0,1.7313925031490813,100,20.0,-22.0,0.2
07:33:18,299.6,30.0,305.0,42.0,297.11,54.0,311.0,14.0,302.3,5.399999999999977,84.0,56.0,1.5826939059591298,140,28.0,40.0,0.2
07:33:19,302.18,34.0,305.0,39.0,301.26,38.0,311.0,13.0,303.59,2.819999999999993,72.0,52.0,1.355514662392084,124,20.0,-16.0,0.16
07:33:20,303.21,14.0,310.26,54.0,301.05,38.0,315.24,68.0,306.74,7.050000000000011,52.0,122.0,2.032417279979753,174,-70.0,50.0,-0.4
07:33:21,305.31,16.0,310.46,92.0,300.0,32.0,312.4,98.0,307.88,5.149999999999977,48.0,190.0,2.786668261555615,238,-142.0,64.0,-0.6
07:33:22,306.86,14.0,308.45,56.0,292.86,49.0,310.0,90.0,307.65,1.589999999999975,63.0,146.0,2.531080796806499,209,-83.0,-29.0,-0.4
07:33:23,291.34,38.0,308.83,42.0,288.83,36.0,310.86,43.0,300.09,17.49000000000001,74.0,85.0,3.3264169912929247,159,-11.0,-50.0,-0.07
07:33:24,290.47,34.0,309.0,35.0,288.11,19.0,314.0,28.0,299.74,18.529999999999973,53.0,63.0,4.136369180810811,116,-10.0,-43.0,-0.09
07:33:25,293.12,17.0,309.0,35.0,288.31,13.0,314.0,28.0,301.06,15.879999999999995,30.0,63.0,4.119858007257092,93,-33.0,-23.0,-0.35
07:33:26,294.0,27.0,309.0,45.0,288.68,19.0,314.0,36.0,301.5,15.0,46.0,81.0,3.233089853369231,127,-35.0,34.0,-0.28
07:33:27,294.0,12.0,309.0,20.0,289.0,12.0,314.0,16.0,301.5,15.0,24.0,36.0,0.8174472459785402,60,-12.0,-67.0,-0.2
07:33:28,294.0,9.0,309.0,15.0,289.0,9.0,314.0,12.0,301.5,15.0,18.0,27.0,0.762102355302854,45,-9.0,-15.0,-0.2
07:33:29,294.0,27.0,309.0,45.0,289.0,27.0,313.07,15.0,301.5,15.0,54.0,60.0,0.19677398191453635,114,-6.0,69.0,-0.05
07:33:30,294.0,18.0,308.93,27.0,289.0,18.0,310.5,10.0,301.46,14.930000000000007,36.0,37.0,0.017888542662152732,73,-1.0,-41.0,-0.01
07:33:31,294.0,30.0,307.4,20.0,289.0,30.0,308.85,41.0,300.7,13.399999999999977,60.0,61.0,0.3537230554521981,121,-1.0,48.0,-0.01
07:33:32,294.85,26.0,307.0,20.0,290.0,30.0,308.0,20.0,300.92,12.149999999999977,56.0,40.0,0.37905144764047105,96,16.0,-25.0,0.17
07:33:33,296.0,28.0,307.0,28.0,291.12,48.0,308.71,49.0,301.5,11.0,76.0,77.0,0.37905144764047105,153,-1.0,57.0,-0.01
07:33:34,293.92,72.0,307.76,21.0,292.54,39.0,308.8,50.0,300.84,13.839999999999975,111.0,71.0,0.3702431632835777,182,40.0,29.0,0.22
07:33:35,294.0,72.0,308.74,31.0,293.0,36.0,309.42,53.0,301.37,14.740000000000009,108.0,84.0,0.34896991268334615,192,24.0,10.0,0.12
07:33:36,294.22,54.0,307.0,28.0,293.6,60.0,309.71,56.0,300.61,12.779999999999973,114.0,84.0,0.37399197846772647,198,30.0,6.0,0.15
07:33:37,297.0,78.0,305.9,50.0,296.0,13.0,308.11,36.0,301.45,8.899999999999977,91.0,86.0,0.4026536973110926,177,5.0,-21.0,0.03
07:33:38,297.3,60.0,305.0,50.0,296.0,10.0,307.0,20.0,301.15,7.699999999999989,70.0,70.0,0.35507745627993736,140,0.0,-37.0,0.0
07:33:39,299.33,72.0,305.0,58.0,295.06,31.0,307.0,24.0,302.17,5.670000000000016,103.0,82.0,0.5635601121073835,185,21.0,45.0,0.11
07:33:40,302.4,30.0,305.31,42.0,301.54,89.0,307.2,30.0,303.85,2.910000000000025,119.0,72.0,1.2539856458345116,191,47.0,6.0,0.25
07:33:41,304.93,45.0,306.02,81.0,303.34,41.0,307.18,34.0,305.48,1.089999999999975,86.0,115.0,1.8182959055005299,201,-29.0,10.0,-0.14
07:33:42,305.19,57.0,307.12,34.0,304.2,99.0,308.24,34.0,306.16,1.9300000000000068,156.0,68.0,2.125245868119957,224,88.0,23.0,0.39
07:33:43,307.0,17.0,311.24,21.0,291.88,69.0,313.9,83.0,309.12,4.240000000000009,86.0,104.0,2.609986589996682,190,-18.0,-34.0,-0.09
07:33:44,308.0,80.0,310.02,46.0,307.0,16.0,311.42,45.0,309.01,2.019999999999982,96.0,91.0,2.2963079061754654,187,5.0,-3.0,0.03
07:33:45,308.46,37.0,310.0,36.0,307.0,9.0,312.0,9.0,309.23,1.5400000000000205,46.0,45.0,1.825061642785004,91,1.0,-96.0,0.01
07:33:46,309.0,13.0,310.0,41.0,292.53,57.0,312.0,13.0,309.5,1.0,70.0,54.0,1.3783069324232067,124,16.0,33.0,0.13
07:33:47,295.09,22.0,310.0,24.0,290.71,28.0,312.0,10.0,302.55,14.910000000000025,50.0,34.0,2.9862300648083493,84,16.0,-40.0,0.19
07:33:48,296.0,37.0,310.0,22.0,290.38,26.0,312.0,11.0,303.0,14.0,63.0,33.0,3.5524878606357366,96,30.0,12.0,0.31
07:33:49,292.2,20.0,310.0,24.0,291.0,36.0,312.0,12.0,301.1,17.80000000000001,56.0,36.0,3.9788980886626084,92,20.0,-4.0,0.22
07:33:50,294.0,8.0,309.0,8.0,292.0,40.0,310.0,16.0,301.5,15.0,48.0,24.0,3.4244707620246375,72,24.0,-20.0,0.33
07:33:51,294.0,8.0,309.0,8.0,292.0,40.0,310.0,16.0,301.5,15.0,48.0,24.0,0.8043631020628552,72,24.0,0.0,0.33
07:33:52,294.0,11.0,311.45,11.0,292.0,55.0,314.5,40.0,302.73,17.44999999999999,66.0,51.0,0.8421876275273894,117,15.0,45.0,0.13
07:33:53,294.75,16.0,312.0,10.0,292.38,34.0,315.0,40.0,303.38,17.25,50.0,50.0,0.9667574669793162,100,0.0,-17.0,0.0
07:33:54,296.77,30.0,311.09,22.0,295.72,29.0,324.5,36.0,303.93,14.319999999999993,59.0,58.0,1.0970278027291518,117,1.0,17.0,0.01
07:33:55,300.75,60.0,307.0,67.0,300.29,38.0,315.05,60.0,303.88,6.25,98.0,127.0,1.0088756117387034,225,-29.0,108.0,-0.13
07:33:56,306.23,35.0,357.37,19.0,304.38,48.0,430.6,45.0,331.8,51.139999999999986,83.0,64.0,12.674313788129378,147,19.0,-78.0,0.13
07:33:57,309.79,29.0,443.83,24.0,306.17,36.0,474.0,39.0,376.81,134.03999999999996,65.0,63.0,31.947346525180745,128,2.0,-19.0,0.02
07:33:58,309.27,41.0,441.69,49.0,308.08,36.0,476.72,43.0,375.48,132.42000000000002,77.0,92.0,36.30986023107207,169,-15.0,41.0,-0.09
07:33:59,314.76,49.0,331.47,66.0,312.96,49.0,407.75,28.0,323.11,16.710000000000036,98.0,94.0,32.58227938619384,192,4.0,23.0,0.02
07:34:00,317.4,45.0,320.0,74.0,313.24,51.0,322.0,15.0,318.7,2.6000000000000227,96.0,89.0,28.66115227969724,185,7.0,-7.0,0.04
07:34:01,315.0,58.0,318.19,37.0,308.92,100.0,319.31,26.0,316.59,3.1899999999999977,158.0,63.0,31.13656002194192,221,95.0,36.0,0.43
07:34:02,306.86,56.0,312.97,30.0,292.08,72.0,314.44,32.0,309.91,6.110000000000014,128.0,62.0,26.54861521812352,190,66.0,-31.0,0.35
07:34:03,304.05,63.0,308.45,22.0,290.18,76.0,312.0,11.0,306.25,4.399999999999977,139.0,33.0,6.7901045647299565,172,106.0,-18.0,0.62
07:34:04,305.93,45.0,308.33,24.0,301.8,90.0,318.33,27.0,307.13,2.3999999999999773,135.0,51.0,5.62810625343585,186,84.0,14.0,0.45
07:34:05,308.45,44.0,311.0,12.0,302.4,60.0,322.0,36.0,309.73,2.5500000000000114,104.0,48.0,4.0551843361260715,152,56.0,-34.0,0.37
07:34:06,309.67,52.0,319.8,30.0,302.52,69.0,364.68,40.0,314.74,10.129999999999995,121.0,70.0,3.3107582213085394,191,51.0,39.0,0.27
07:34:07,311.94,48.0,322.0,36.0,303.74,57.0,418.5,32.0,316.97,10.060000000000002,105.0,68.0,4.7110062619320905,173,37.0,-18.0,0.21
07:34:08,313.25,72.0,320.64,14.0,312.75,72.0,337.92,37.0,316.95,7.389999999999986,144.0,51.0,4.457766256766405,195,93.0,22.0,0.48
07:34:09,314.27,45.0,323.09,33.0,313.0,141.0,325.0,36.0,318.68,8.819999999999993,186.0,69.0,3.4716465833905357,255,117.0,60.0,0.46
07:34:10,316.05,66.0,324.0,36.0,314.7,81.0,327.0,24.0,320.02,7.949999999999989,147.0,60.0,1.9962389636436288,207,87.0,-48.0,0.42
07:34:11,317.33,36.0,324.0,36.0,316.0,108.0,327.0,24.0,320.67,6.670000000000016,144.0,60.0,1.7080895760966817,204,84.0,-3.0,0.41
07:34:12,318.0,39.0,323.85,39.0,316.0,117.0,326.36,28.0,320.92,5.850000000000023,156.0,67.0,1.644466478822515,223,89.0,19.0,0.4
07:34:13,318.0,38.0,320.67,36.0,316.0,126.0,322.68,22.0,319.33,2.670000000000016,164.0,58.0,0.9298010539740994,222,106.0,-1.0,0.48
07:34:14,316.24,42.0,319.45,20.0,313.75,48.0,323.0,24.0,317.84,3.2099999999999795,90.0,44.0,1.236175553864104,134,46.0,-88.0,0.34
07:34:15,317.4,15.0,320.38,24.0,316.04,84.0,327.14,35.0,318.89,2.980000000000018,99.0,59.0,1.2784169898632542,158,40.0,24.0,0.25
07:34:16,317.0,12.0,330.0,36.0,316.0,108.0,334.0,24.0,323.5,13.0,120.0,60.0,2.2020967281142525,180,60.0,22.0,0.33
07:34:17,316.34,38.0,332.5,32.0,311.57,122.0,373.86,56.0,324.42,16.160000000000025,160.0,88.0,2.956557119348807,248,72.0,68.0,0.29
07:34:18,316.41,29.0,325.43,23.0,307.49,67.0,333.37,19.0,320.92,9.019999999999982,96.0,42.0,2.842776811494771,138,54.0,-110.0,0.39
07:34:19,319.33,27.0,323.35,60.0,313.5,48.0,329.76,17.0,321.34,4.020000000000039,75.0,77.0,2.191319237348354,152,-2.0,14.0,-0.01
07:34:20,322.0,12.0,327.0,12.0,316.0,36.0,330.0,12.0,324.5,5.0,48.0,24.0,1.7013171368013822,72,24.0,-80.0,0.33
07:34:21,322.0,15.0,326.14,42.0,315.5,32.0,328.2,15.0,324.07,4.139999999999986,47.0,57.0,1.766408786202717,104,-10.0,32.0,-0.1
07:34:22,322.0,10.0,326.0,40.0,317.0,20.0,327.0,10.0,324.0,4.0,30.0,50.0,1.6934520955651695,80,-20.0,-24.0,-0.25
07:34:23,322.0,13.0,324.87,46.0,318.88,16.0,327.73,22.0,323.43,2.8700000000000045,29.0,68.0,1.24902762178207,97,-39.0,17.0,-0.4
07:34:24,319.28,18.0,321.71,34.0,315.04,25.0,327.18,44.0,320.49,2.430000000000007,43.0,78.0,1.6152306336787967,121,-35.0,24.0,-0.29
07:34:25,317.5,24.0,320.14,21.0,311.4,15.0,326.2,30.0,318.82,2.6399999999999864,39.0,51.0,2.376503734474979,90,-12.0,-31.0,-0.13
07:34:26,317.95,19.0,321.0,26.0,315.46,13.0,333.08,26.0,319.47,3.0500000000000114,32.0,52.0,2.3433672354056627,84,-20.0,-6.0,-0.24
07:34:27,318.8,20.0,322.7,20.0,315.2,10.0,332.2,20.0,320.75,3.8999999999999773,30.0,40.0,1.7669521781792121,70,-10.0,-14.0,-0.14
07:34:28,312.31,16.0,331.91,22.0,306.83,12.0,332.83,24.0,322.11,19.600000000000023,28.0,46.0,1.263930377818361,74,-18.0,4.0,-0.24
07:34:29,307.57,14.0,311.64,59.0,304.0,70.0,327.22,36.0,309.61,4.069999999999993,84.0,95.0,4.938736680566233,179,-11.0,105.0,-0.06
07:34:30,305.24,21.0,309.43,28.0,303.78,110.0,311.0,70.0,307.33,4.189999999999998,131.0,98.0,6.852552808987955,229,33.0,50.0,0.14
07:34:31,304.0,96.0,307.94,16.0,300.0,72.0,309.77,35.0,305.97,3.9399999999999977,168.0,51.0,7.6811118986749785,219,117.0,-10.0,0.53
07:34:32,304.0,88.0,305.31,16.0,300.0,66.0,308.0,28.0,304.66,1.3100000000000023,154.0,44.0,7.047501684991878,198,110.0,-21.0,0.56
07:34:33,304.0,104.0,305.0,14.0,300.0,78.0,308.0,26.0,304.5,1.0,182.0,40.0,2.1207616556228124,222,142.0,24.0,0.64
07:34:34,304.0,64.0,305.0,8.0,300.0,48.0,308.0,16.0,304.5,1.0,112.0,24.0,1.2467036536238603,136,88.0,-86.0,0.65
07:34:35,304.0,64.0,305.0,8.0,300.0,48.0,308.0,16.0,304.5,1.0,112.0,24.0,0.6432573357207951,136,88.0,0.0,0.65
07:34:36,304.0,88.0,307.12,17.0,300.0,66.0,308.55,22.0,305.56,3.1200000000000045,154.0,39.0,0.4613892065908499,193,115.0,57.0,0.6
07:34:37,304.5,32.0,308.0,20.0,303.35,74.0,309.0,20.0,306.25,3.5,106.0,40.0,0.8072917687916782,146,66.0,-47.0,0.45
07:34:38,305.2,10.0,308.0,10.0,304.0,35.0,309.0,10.0,306.6,2.8000000000000114,45.0,20.0,0.9714010500092899,65,25.0,-81.0,0.38
07:34:39,306.0,16.0,308.45,11.0,302.25,56.0,310.61,31.0,307.23,2.4499999999999886,72.0,42.0,1.045834594933437,114,30.0,49.0,0.26
07:34:40,306.0,14.0,312.67,24.0,302.0,49.0,315.73,22.0,309.33,6.670000000000016,63.0,46.0,1.4385513546482473,109,17.0,-5.0,0.16
07:34:41,306.27,22.0,313.69,35.0,302.0,77.0,320.68,38.0,309.98,7.420000000000016,99.0,73.0,1.6755804964134073,172,26.0,63.0,0.15
07:34:42,308.1,20.0,313.0,40.0,302.0,70.0,319.68,38.0,310.55,4.899999999999977,90.0,78.0,1.733600299942765,168,12.0,-4.0,0.07
07:34:43,309.45,22.0,312.81,32.0,302.0,77.0,315.84,37.0,311.13,3.3600000000000136,99.0,69.0,1.5056493615587647,168,30.0,0.0,0.18
07:34:44,310.15,13.0,312.88,34.0,298.0,84.0,316.5,40.0,311.52,2.730000000000018,97.0,74.0,0.8773653742671397,171,23.0,3.0,0.13
07:34:45,295.85,34.0,313.0,27.0,294.03,39.0,317.0,36.0,304.43,17.149999999999977,73.0,63.0,2.905713337540765,136,10.0,-35.0,0.07
07:34:46,304.0,8.0,313.0,12.0,294.05,22.0,317.0,19.0,308.5,9.0,30.0,31.0,2.9227264668391584,61,-1.0,-75.0,-0.02
07:34:47,298.14,29.0,310.79,19.0,293.94,49.0,312.11,27.0,304.46,12.650000000000034,78.0,46.0,3.453747240311805,124,32.0,63.0,0.26
07:34:48,294.0,10.0,311.0,30.0,293.0,10.0,313.0,30.0,302.5,17.0,20.0,60.0,3.654082648211495,80,-40.0,-44.0,-0.5
07:34:49,294.0,10.0,311.0,30.0,293.0,10.0,313.0,30.0,302.5,17.0,20.0,60.0,2.449697940554967,80,-40.0,0.0,-0.5
07:34:50,297.82,66.0,311.0,30.0,293.7,10.0,313.0,30.0,304.41,13.180000000000007,76.0,60.0,2.449812237694808,136,16.0,56.0,0.12
07:34:51,298.0,45.0,311.0,15.0,292.4,5.0,313.0,15.0,304.5,13.0,50.0,30.0,1.0721846855643662,80,20.0,-56.0,0.25
07:34:52,298.0,45.0,311.0,15.0,291.2,5.0,313.0,15.0,304.5,13.0,50.0,30.0,1.079638828478662,80,20.0,0.0,0.25
07:34:53,299.2,75.0,311.44,27.0,296.15,39.0,313.8,35.0,305.32,12.240000000000009,114.0,62.0,1.0437815863288333,176,52.0,96.0,0.3
07:34:54,299.0,108.0,314.65,68.0,292.17,24.0,315.44,36.0,306.82,15.649999999999977,132.0,104.0,1.0249878047858418,236,28.0,60.0,0.12
07:34:55,300.38,72.0,315.0,84.0,298.76,51.0,321.24,33.0,307.69,14.620000000000005,123.0,117.0,1.433275967830412,240,6.0,4.0,0.03
07:34:56,302.0,36.0,315.0,42.0,300.0,18.0,321.0,15.0,308.5,13.0,54.0,57.0,1.649933331974614,111,-3.0,-129.0,-0.03
07:34:57,302.9,60.0,314.23,31.0,301.89,57.0,315.76,55.0,308.56,11.330000000000041,117.0,86.0,1.3509330109081852,203,31.0,92.0,0.15
07:34:58,306.31,48.0,313.13,46.0,304.77,78.0,315.16,38.0,309.72,6.819999999999993,126.0,84.0,1.0813972442918993,210,42.0,7.0,0.2
07:34:59,308.0,30.0,310.27,30.0,305.0,84.0,312.76,41.0,309.13,2.269999999999982,114.0,71.0,0.7587819185790237,185,43.0,-25.0,0.23
07:35:00,306.07,41.0,312.61,23.0,303.78,111.0,314.47,57.0,309.34,6.5400000000000205,152.0,80.0,0.5200961449219885,232,72.0,47.0,0.31
07:35:01,306.0,72.0,313.33,30.0,302.0,108.0,316.25,40.0,309.67,7.329999999999984,180.0,70.0,0.4717308554280742,250,110.0,18.0,0.44
07:35:02,308.22,55.0,314.0,50.0,303.28,47.0,317.07,29.0,311.11,5.779999999999973,102.0,79.0,0.7745514830941133,181,23.0,-69.0,0.13
07:35:03,310.83,48.0,314.8,50.0,308.29,14.0,320.44,41.0,312.82,3.9700000000000273,62.0,91.0,1.5515250561830316,153,-29.0,-28.0,-0.19
07:35:04,314.0,11.0,318.0,12.0,308.0,6.0,322.0,30.0,316.0,4.0,17.0,42.0,2.7269158402790574,59,-25.0,-94.0,-0.42
07:35:05,314.22,9.0,318.0,18.0,309.33,9.0,322.0,45.0,316.11,3.7799999999999727,18.0,63.0,2.8837770371452036,81,-45.0,22.0,-0.56
07:35:06,314.7,10.0,317.86,21.0,304.13,15.0,321.79,39.0,316.28,3.160000000000025,25.0,60.0,2.362124044153309,85,-35.0,4.0,-0.41
07:35:07,302.0,21.0,314.93,28.0,296.38,146.0,319.18,17.0,308.46,12.930000000000007,167.0,45.0,3.380559125346973,212,122.0,127.0,0.58
07:35:08,301.33,18.0,311.76,29.0,296.24,133.0,318.85,26.0,306.55,10.430000000000007,151.0,55.0,4.7731698063200385,206,96.0,-6.0,0.47
07:35:09,300.32,19.0,322.0,10.0,297.07,83.0,325.0,40.0,311.16,21.680000000000007,102.0,50.0,4.408386326079442,152,52.0,-54.0,0.34
07:35:10,300.0,18.0,322.0,9.0,297.0,81.0,324.14,28.0,311.0,22.0,99.0,37.0,3.66324992321888,136,62.0,-16.0,0.46
07:35:11,301.83,70.0,321.1,20.0,299.34,41.0,323.42,52.0,311.46,19.27000000000004,111.0,72.0,2.143357179744486,183,39.0,47.0,0.21
07:35:12,313.21,76.0,320.78,36.0,302.12,34.0,330.03,39.0,316.99,7.569999999999993,110.0,75.0,3.707650199245327,185,35.0,2.0,0.19
07:35:13,319.5,30.0,321.0,32.0,315.9,31.0,433.3,20.0,320.25,1.5,61.0,52.0,4.224093985692855,113,9.0,-72.0,0.08
07:35:14,319.05,58.0,321.0,15.0,306.78,27.0,652.41,34.0,320.03,1.9499999999999886,85.0,49.0,4.496679886312602,134,36.0,21.0,0.27
07:35:15,314.71,49.0,318.33,58.0,303.33,21.0,321.93,56.0,316.52,3.6200000000000045,70.0,114.0,3.5585460514049174,184,-44.0,50.0,-0.24
07:35:16,304.0,20.0,318.83,46.0,302.0,10.0,320.44,18.0,311.41,14.829999999999984,30.0,64.0,3.5781978704327395,94,-34.0,-90.0,-0.36
07:35:17,304.0,14.0,320.0,35.0,302.0,7.0,322.29,7.0,312.0,16.0,21.0,42.0,4.23181639487919,63,-21.0,-31.0,-0.33
07:35:18,303.9,101.0,320.0,82.0,301.55,22.0,324.91,43.0,311.95,16.100000000000023,123.0,125.0,3.7713485651642555,248,-2.0,176.0,-0.01
07:35:19,304.0,64.0,318.33,33.0,301.5,8.0,324.2,25.0,311.17,14.329999999999984,72.0,58.0,2.214125109374945,130,14.0,-118.0,0.11
07:35:20,304.0,104.0,308.94,35.0,301.0,13.0,315.61,46.0,306.47,4.939999999999998,117.0,81.0,2.3356155505481744,198,36.0,68.0,0.18
07:35:21,306.18,11.0,309.0,21.0,304.56,25.0,310.0,14.0,307.59,2.819999999999993,36.0,35.0,2.612753336991773,71,1.0,-127.0,0.01
07:35:22,307.41,34.0,309.0,31.0,306.58,24.0,310.0,34.0,308.21,1.589999999999975,58.0,65.0,2.3661191854935844,123,-7.0,52.0,-0.06
07:35:23,306.96,23.0,310.27,22.0,302.38,56.0,313.23,31.0,308.61,3.3100000000000023,79.0,53.0,1.7416658692068692,132,26.0,9.0,0.2
07:35:24,299.15,78.0,314.0,11.0,296.85,79.0,316.0,44.0,306.58,14.850000000000023,157.0,55.0,0.9554161396789941,212,102.0,80.0,0.48
07:35:25,299.0,40.0,314.0,5.0,296.0,35.0,316.0,20.0,306.5,15.0,75.0,25.0,0.9474544843733258,100,50.0,-112.0,0.5
07:35:26,299.0,72.0,314.0,9.0,296.0,63.0,316.0,36.0,306.5,15.0,135.0,45.0,1.0417053325959746,180,90.0,80.0,0.5
07:35:27,299.0,88.0,314.0,11.0,296.0,77.0,316.0,44.0,306.5,15.0,165.0,55.0,0.9353181276755644,220,110.0,40.0,0.5
07:35:28,299.0,64.0,315.93,29.0,296.0,56.0,321.48,46.0,307.47,16.930000000000007,120.0,75.0,0.42626282966997925,195,45.0,-25.0,0.23
07:35:29,299.0,48.0,316.0,24.0,296.0,42.0,318.43,21.0,307.5,17.0,90.0,45.0,0.5396109709396998,135,45.0,-60.0,0.33
07:35:30,299.0,48.0,316.0,24.0,296.0,42.0,317.0,18.0,307.5,17.0,90.0,42.0,0.5423836280334586,132,48.0,-3.0,0.36
07:35:31,299.0,80.0,316.16,19.0,296.0,70.0,319.31,39.0,307.58,17.160000000000025,150.0,58.0,0.45464271682169,208,92.0,76.0,0.44
07:35:32,299.44,75.0,315.0,15.0,297.85,117.0,316.73,45.0,307.22,15.560000000000002,192.0,60.0,0.13704013995610043,252,132.0,44.0,0.52
07:35:33,301.0,45.0,313.81,54.0,298.0,179.0,317.59,46.0,307.41,12.810000000000002,224.0,100.0,0.13791301591645255,324,124.0,72.0,0.38
07:35:34,303.32,22.0,311.0,48.0,298.95,88.0,314.0,48.0,307.16,7.680000000000007,110.0,96.0,0.17966635733794184,206,14.0,-118.0,0.07
07:35:35,309.27,30.0,311.0,43.0,303.09,58.0,314.0,60.0,310.13,1.7300000000000182,88.0,103.0,1.257517395489902,191,-15.0,-15.0,-0.08
07:35:36,304.0,37.0,313.72,53.0,300.86,63.0,316.56,78.0,308.86,9.720000000000027,100.0,131.0,1.3054616041692009,231,-31.0,40.0,-0.13
07:35:37,304.0,28.0,312.5,22.0,301.15,47.0,313.73,44.0,308.25,8.5,75.0,66.0,1.1976518692676517,141,9.0,-90.0,0.06
07:35:38,304.64,22.0,309.83,12.0,297.0,88.0,312.42,19.0,307.23,5.189999999999998,110.0,31.0,1.2355282270997527,141,79.0,0.0,0.56
07:35:39,306.57,46.0,311.39,46.0,298.14,148.0,314.0,92.0,308.98,4.819999999999993,194.0,138.0,1.0620499046470122,332,56.0,176.0,0.17
07:35:40,307.0,18.0,310.38,16.0,301.0,81.0,313.5,32.0,308.69,3.3799999999999955,99.0,48.0,0.7112453866004068,147,51.0,-176.0,0.35
07:35:41,302.82,38.0,309.1,63.0,301.48,88.0,310.96,50.0,305.96,6.28000000000003,126.0,113.0,1.2344107906040138,239,13.0,92.0,0.05
07:35:42,305.0,17.0,308.12,51.0,302.0,123.0,310.0,34.0,306.56,3.1200000000000045,140.0,85.0,1.3165599112684483,225,55.0,-14.0,0.24
07:35:43,305.39,23.0,308.47,38.0,300.42,57.0,310.62,21.0,306.93,3.080000000000041,80.0,59.0,1.337695780048328,139,21.0,-86.0,0.15
07:35:44,299.94,32.0,306.63,19.0,296.65,69.0,311.0,14.0,303.28,6.689999999999998,101.0,33.0,1.962862705325474,134,68.0,-5.0,0.51
07:35:45,299.75,24.0,305.08,36.0,297.13,45.0,306.38,39.0,302.42,5.329999999999984,69.0,75.0,2.042694299193087,144,-6.0,10.0,-0.04
07:35:46,302.73,15.0,304.17,36.0,296.39,57.0,306.0,90.0,303.45,1.4399999999999977,72.0,126.0,2.0653014307735513,198,-54.0,54.0,-0.27
07:35:47,303.14,14.0,305.11,18.0,293.65,46.0,307.47,34.0,304.13,1.9700000000000273,60.0,52.0,1.7255636760069455,112,8.0,-86.0,0.07
07:35:48,296.32,31.0,308.69,13.0,291.83,72.0,312.08,13.0,302.51,12.370000000000005,103.0,26.0,0.7087806430436627,129,77.0,17.0,0.6
07:35:49,296.0,27.0,311.89,9.0,294.62,42.0,313.44,9.0,303.94,15.889999999999986,69.0,18.0,0.7935678924664037,87,51.0,-42.0,0.59
07:35:50,295.07,45.0,312.5,12.0,293.35,34.0,313.67,9.0,303.78,17.430000000000007,79.0,21.0,0.6388035691462192,100,58.0,13.0,0.58
07:35:51,295.0,72.0,310.82,33.0,293.0,48.0,312.33,27.0,302.91,15.819999999999993,120.0,60.0,0.7047198024419263,180,60.0,80.0,0.33
07:35:52,295.0,78.0,310.13,23.0,293.0,52.0,311.33,36.0,302.57,15.129999999999995,130.0,59.0,0.6753295491486716,189,71.0,9.0,0.38
07:35:53,293.88,68.0,308.65,60.0,289.94,48.0,310.28,39.0,301.27,14.769999999999982,116.0,99.0,1.0749092984773219,215,17.0,26.0,0.08
07:35:54,298.91,23.0,307.87,71.0,293.08,48.0,309.2,25.0,303.39,8.95999999999998,71.0,96.0,0.9634728849079535,167,-25.0,-48.0,-0.15
07:35:55,293.71,56.0,308.0,70.0,289.96,25.0,309.15,27.0,300.86,14.29000000000002,81.0,97.0,1.0860018415969745,178,-16.0,11.0,-0.09
07:35:56,294.29,41.0,308.0,55.0,291.69,52.0,309.0,22.0,301.15,13.70999999999998,93.0,77.0,1.0835681796506806,170,16.0,-8.0,0.09
07:35:57,296.07,90.0,308.0,70.0,293.24,29.0,309.0,28.0,302.03,11.930000000000007,119.0,98.0,1.0185774393492728,217,21.0,47.0,0.1
07:35:58,297.0,42.0,308.0,70.0,294.0,70.0,309.0,28.0,302.5,11.0,112.0,98.0,1.025197541916533,210,14.0,-7.0,0.07
07:35:59,297.0,36.0,308.0,60.0,294.0,60.0,309.0,22.0,302.5,11.0,96.0,82.0,0.7646371688267755,178,14.0,-32.0,0.08
07:36:00,297.64,33.0,308.0,55.0,293.62,39.0,309.0,31.0,302.82,10.360000000000014,72.0,86.0,0.6511144292304143,158,-14.0,-20.0,-0.09
07:36:01,298.0,33.0,308.0,55.0,293.77,13.0,309.0,33.0,303.0,10.0,46.0,88.0,0.37040518348510104,134,-42.0,-24.0,-0.31
07:36:02,300.6,35.0,308.0,65.0,299.85,39.0,309.0,39.0,304.3,7.399999999999977,74.0,104.0,0.7449026781756994,178,-30.0,44.0,-0.17
07:36:03,304.13,15.0,310.18,55.0,303.16,37.0,311.07,28.0,307.16,6.050000000000011,52.0,83.0,1.9175713806674315,135,-31.0,-43.0,-0.23
07:36:04,308.52,33.0,311.12,49.0,306.21,34.0,320.23,30.0,309.82,2.6000000000000227,67.0,79.0,3.0107474155028333,146,-12.0,11.0,-0.08
07:36:05,311.91,23.0,314.86,70.0,302.44,54.0,387.0,26.0,313.39,2.9499999999999886,77.0,96.0,4.203401003944314,173,-19.0,27.0,-0.11
07:36:06,305.26,23.0,313.91,44.0,299.8,98.0,325.64,44.0,309.58,8.650000000000034,121.0,88.0,3.378017169873765,209,33.0,36.0,0.16
07:36:07,301.98,84.0,390.94,33.0,298.2,50.0,409.78,23.0,346.46,88.95999999999998,134.0,56.0,16.46177754678923,190,78.0,-19.0,0.41
07:36:10,323.0,33.0,333.22,18.0,317.0,27.0,335.0,45.0,328.11,10.220000000000027,60.0,63.0,15.5122219556064,123,-3.0,33.0,-0.02
07:36:11,323.0,20.0,331.7,20.0,317.0,30.0,334.83,47.0,327.35,8.699999999999989,50.0,67.0,9.611135208704624,117,-17.0,-6.0,-0.15
07:36:12,320.27,22.0,329.0,22.0,315.84,43.0,330.18,22.0,324.64,8.730000000000018,65.0,44.0,9.143428241091824,109,21.0,-8.0,0.19
07:36:13,318.47,60.0,328.0,24.0,315.33,48.0,330.0,24.0,323.23,9.529999999999973,108.0,48.0,4.735026927060542,156,60.0,47.0,0.38
07:36:14,319.0,99.0,327.89,18.0,317.0,18.0,329.78,18.0,323.44,8.889999999999986,117.0,36.0,2.2507843077436025,153,81.0,-3.0,0.53
07:36:15,319.0,143.0,324.77,26.0,317.0,26.0,325.85,26.0,321.88,5.769999999999982,169.0,52.0,2.060016990217081,221,117.0,68.0,0.53
07:36:16,319.0,137.0,320.77,26.0,317.0,26.0,327.91,23.0,319.88,1.7699999999999818,163.0,49.0,1.815207977059611,212,114.0,-9.0,0.54
07:36:17,318.94,66.0,351.41,39.0,316.64,22.0,413.4,20.0,335.17,32.47000000000003,88.0,59.0,6.0114931589401355,147,29.0,-65.0,0.2
07:36:18,314.1,10.0,360.25,40.0,309.31,13.0,599.0,8.0,337.18,46.14999999999998,23.0,48.0,8.041504834294912,71,-25.0,-76.0,-0.35
07:36:19,311.22,9.0,334.0,45.0,260.22,18.0,592.22,9.0,322.61,22.779999999999973,27.0,54.0,8.154301318935188,81,-27.0,10.0,-0.33
07:36:21,322.0,18.0,435.2,20.0,315.0,72.0,675.31,26.0,378.6,113.19999999999999,90.0,46.0,43.22910674534044,136,44.0,22.0,0.32
07:36:22,322.0,32.0,329.0,32.0,315.0,64.0,331.0,16.0,325.5,7.0,96.0,48.0,44.81970861127987,144,48.0,8.0,0.33
07:36:23,322.0,32.0,327.38,32.0,315.0,72.0,404.71,28.0,324.69,5.3799999999999955,104.0,60.0,46.6059334205424,164,44.0,20.0,0.27
07:36:24,316.27,55.0,326.57,56.0,314.69,58.0,467.14,56.0,321.42,10.300000000000011,113.0,112.0,46.82056941131783,225,1.0,61.0,0.0
07:36:25,315.29,35.0,321.46,57.0,314.83,60.0,330.54,35.0,318.37,6.169999999999959,95.0,92.0,25.249931287035114,187,3.0,-38.0,0.02
07:36:26,307.65,23.0,316.85,33.0,281.21,38.0,318.2,45.0,312.25,9.200000000000045,61.0,78.0,5.384870471977184,139,-17.0,-48.0,-0.12
07:36:27,303.0,36.0,313.71,35.0,260.33,24.0,315.18,28.0,308.36,10.70999999999998,60.0,63.0,6.66633107488416,123,-3.0,-16.0,-0.02
07:36:28,304.33,27.0,309.38,26.0,244.44,39.0,310.04,27.0,306.86,5.050000000000011,66.0,53.0,6.294908259852579,119,13.0,-4.0,0.11
07:36:29,305.88,24.0,308.64,22.0,244.75,40.0,310.74,23.0,307.26,2.759999999999991,64.0,45.0,4.828410711606386,109,19.0,-10.0,0.17
07:36:30,289.47,17.0,307.89,36.0,266.83,23.0,311.58,31.0,298.68,18.41999999999996,40.0,67.0,4.955201307711786,107,-27.0,-2.0,-0.25
07:36:32,283.1,10.0,307.08,38.0,249.95,37.0,311.19,16.0,295.09,23.97999999999996,47.0,54.0,5.982397512698291,101,-7.0,20.0,-0.07
07:36:34,299.93,15.0,433.5,32.0,272.7,37.0,625.45,22.0,366.72,133.57,52.0,54.0,40.020860560462474,106,-2.0,-12.0,-0.02
07:36:35,320.11,57.0,399.0,20.0,308.06,16.0,421.0,40.0,359.55,78.88999999999999,73.0,60.0,39.02517610466352,133,13.0,27.0,0.1
07:36:36,322.0,25.0,418.56,18.0,314.0,5.0,576.6,20.0,370.28,96.56,30.0,38.0,32.578676001336,68,-8.0,-65.0,-0.12
07:36:37,322.0,25.0,421.0,20.0,314.0,5.0,518.25,16.0,371.5,99.0,30.0,36.0,5.167428761004064,66,-6.0,-2.0,-0.09
07:36:38,322.0,45.0,340.0,36.0,314.0,9.0,468.33,36.0,331.0,18.0,54.0,72.0,16.763865902590542,126,-18.0,60.0,-0.14
07:36:40,322.0,70.0,424.62,26.0,316.81,94.0,553.33,49.0,373.31,102.62,164.0,75.0,30.105693315385714,239,89.0,90.0,0.37
07:36:41,322.0,85.0,406.32,71.0,317.0,257.0,467.77,47.0,364.16,84.32,342.0,118.0,30.338367292919006,460,224.0,176.0,0.49
07:36:42,318.04,159.0,342.83,24.0,316.93,164.0,344.33,30.0,330.44,24.789999999999964,323.0,54.0,35.37689033818609,377,269.0,-83.0,0.71
07:36:43,318.41,152.0,339.21,38.0,316.96,236.0,341.75,24.0,328.81,20.799999999999955,388.0,62.0,35.88195688643588,450,326.0,73.0,0.72
07:36:44,319.6,30.0,333.67,15.0,317.0,110.0,337.0,20.0,326.63,14.069999999999993,140.0,35.0,22.246256988536594,175,105.0,-176.0,0.6
07:36:45,320.0,27.0,331.0,9.0,317.0,99.0,332.44,9.0,325.5,11.0,126.0,18.0,16.35285815996695,144,108.0,-31.0,0.75
07:36:46,318.25,20.0,330.0,6.0,316.9,52.0,332.0,6.0,324.12,11.75,72.0,12.0,2.536779454344608,84,60.0,-60.0,0.71
07:36:47,319.0,28.0,328.35,17.0,317.0,126.0,329.72,18.0,323.68,9.350000000000023,154.0,35.0,2.0701618294188746,189,119.0,105.0,0.63
07:36:48,318.2,30.0,321.9,21.0,316.58,90.0,324.07,15.0,320.05,3.6999999999999886,120.0,36.0,2.4942995008579723,156,84.0,-33.0,0.54
07:36:49,316.4,45.0,321.05,22.0,315.24,21.0,323.12,17.0,318.72,4.650000000000034,66.0,39.0,2.8840388346861783,105,27.0,-51.0,0.26
07:36:50,317.0,31.0,318.88,17.0,314.33,12.0,366.75,16.0,317.94,1.8799999999999955,43.0,33.0,2.8431180066919084,76,10.0,-29.0,0.13
07:36:51,317.0,9.0,318.44,9.0,314.0,9.0,423.4,20.0,317.72,1.4399999999999977,18.0,29.0,2.444937627010944,47,-11.0,-29.0,-0.23
07:36:52,315.5,8.0,419.33,12.0,311.0,16.0,536.88,16.0,367.42,103.82999999999998,24.0,28.0,21.848654420810146,52,-4.0,5.0,-0.08
07:37:00,310.18,34.0,325.44,18.0,308.43,61.0,333.0,18.0,317.81,15.259999999999991,95.0,36.0,43.257014228908716,131,59.0,52.0,0.45
07:37:01,314.25,72.0,322.62,26.0,309.43,88.0,325.77,26.0,318.43,8.370000000000005,160.0,52.0,11.0223463926688,212,108.0,81.0,0.51
07:37:02,318.0,58.0,447.73,22.0,315.0,22.0,665.59,29.0,382.86,129.73000000000002,80.0,51.0,27.032068363334524,131,29.0,-81.0,0.22
07:37:07,323.0,36.0,352.87,23.0,318.0,18.0,488.48,25.0,337.93,29.870000000000005,54.0,48.0,37.441453230344,102,6.0,-90.0,0.06
07:37:08,323.0,66.0,350.91,33.0,318.0,33.0,353.0,44.0,336.95,27.910000000000025,99.0,77.0,34.415362848588714,176,22.0,74.0,0.12
07:37:09,323.0,42.0,348.4,30.0,320.47,51.0,351.3,33.0,335.7,25.399999999999977,93.0,63.0,1.2765304540029119,156,30.0,-20.0,0.19
07:37:10,322.39,23.0,344.31,35.0,320.85,59.0,345.57,28.0,333.35,21.920000000000016,82.0,63.0,1.9907234865734493,145,19.0,-11.0,0.13
07:37:11,321.0,67.0,339.78,45.0,318.0,33.0,344.65,34.0,330.39,18.779999999999973,100.0,79.0,3.031481486005297,179,21.0,34.0,0.12
07:37:12,321.0,54.0,338.61,33.0,318.0,27.0,343.12,32.0,329.8,17.610000000000014,81.0,65.0,3.153723196475955,146,16.0,-33.0,0.11
07:37:13,321.0,84.0,338.36,44.0,318.0,42.0,340.41,54.0,329.68,17.360000000000014,126.0,98.0,2.650175465886819,224,28.0,78.0,0.12
07:37:14,321.0,72.0,333.42,48.0,318.0,36.0,336.0,36.0,327.21,12.420000000000016,108.0,84.0,2.1945455110309235,192,24.0,-32.0,0.12
07:37:15,321.0,72.0,330.18,40.0,318.64,22.0,331.23,39.0,325.59,9.180000000000007,94.0,79.0,2.0482260617382044,173,15.0,-19.0,0.09
07:37:16,321.0,72.0,327.23,39.0,320.0,12.0,328.14,44.0,324.12,6.230000000000018,84.0,83.0,2.497849074700387,167,1.0,-6.0,0.01
07:37:17,321.0,90.0,324.22,50.0,320.0,15.0,325.13,46.0,322.61,3.2200000000000273,105.0,96.0,2.7420922668610554,201,9.0,34.0,0.04
07:37:18,320.77,26.0,321.81,26.0,318.5,24.0,322.81,37.0,321.29,1.0400000000000205,50.0,63.0,2.344585251164151,113,-13.0,-88.0,-0.12
07:37:19,315.74,93.0,319.52,58.0,314.75,85.0,321.38,58.0,317.63,3.7799999999999727,178.0,116.0,3.0433566994313246,294,62.0,176.0,0.21
07:37:20,315.0,110.0,316.8,40.0,314.0,70.0,349.24,42.0,315.9,1.8000000000000114,180.0,82.0,3.442273957716121,262,98.0,-32.0,0.37
07:37:21,316.29,14.0,365.24,25.0,315.0,77.0,501.72,25.0,340.76,48.94999999999999,91.0,50.0,9.9461736361264,141,41.0,-121.0,0.29
07:37:23,318.17,12.0,394.0,18.0,316.39,36.0,548.12,24.0,356.08,75.82999999999998,48.0,42.0,33.46200382523453,90,6.0,-122.0,0.07
07:37:24,319.83,24.0,409.24,46.0,317.0,60.0,463.5,36.0,364.54,89.41000000000003,84.0,82.0,30.082415461528768,166,2.0,76.0,0.01
07:37:25,320.83,24.0,437.43,56.0,316.0,60.0,474.5,40.0,379.13,116.60000000000002,84.0,96.0,21.692432320974138,180,-12.0,14.0,-0.07
07:37:26,321.0,12.0,436.0,24.0,316.0,40.0,437.0,40.0,378.5,115.0,52.0,64.0,15.791373594467794,116,-12.0,-64.0,-0.1
07:37:27,321.0,10.0,433.02,44.0,316.0,50.0,434.33,36.0,377.01,112.01999999999998,60.0,80.0,10.280946940824503,140,-20.0,24.0,-0.14
07:37:28,322.09,11.0,406.12,51.0,316.0,55.0,416.19,37.0,364.1,84.03000000000003,66.0,88.0,7.65011307106313,154,-22.0,14.0,-0.14
07:37:29,314.29,42.0,380.92,38.0,216.57,40.0,381.81,26.0,347.6,66.63,82.0,64.0,13.588946611126474,146,18.0,-8.0,0.12
07:37:30,315.74,39.0,379.0,33.0,314.0,77.0,381.0,55.0,347.37,63.25999999999999,116.0,88.0,15.158839995198722,204,28.0,58.0,0.14
07:37:31,314.52,64.0,376.96,53.0,243.33,54.0,379.19,59.0,345.74,62.44,118.0,112.0,13.753836919202845,230,6.0,26.0,0.03
07:37:32,314.0,60.0,373.23,43.0,245.5,48.0,375.48,44.0,343.62,59.23000000000002,108.0,87.0,8.213493775490317,195,21.0,-35.0,0.11
07:37:33,314.0,84.0,352.25,65.0,227.29,17.0,353.12,51.0,333.12,38.25,101.0,116.0,6.011713566031686,217,-15.0,22.0,-0.07
07:37:34,318.76,102.0,348.61,75.0,290.11,72.0,349.61,75.0,333.69,29.850000000000023,174.0,150.0,6.8009756653002,324,24.0,107.0,0.07
07:37:35,323.0,78.0,341.3,50.0,314.0,78.0,342.89,56.0,332.15,18.30000000000001,156.0,106.0,6.471872217527283,262,50.0,-62.0,0.19
07:37:36,323.0,83.0,335.52,61.0,319.43,134.0,336.92,62.0,329.26,12.519999999999982,217.0,123.0,5.445821333829931,340,94.0,78.0,0.28
07:37:37,323.0,64.0,332.32,72.0,321.0,208.0,333.19,80.0,327.66,9.319999999999993,272.0,152.0,2.601985780128931,424,120.0,84.0,0.28
07:37:38,323.0,44.0,329.56,52.0,321.0,143.0,331.32,47.0,326.28,6.560000000000002,187.0,99.0,3.0787935948990857,286,88.0,-138.0,0.31
07:37:39,323.0,44.0,328.36,55.0,321.0,143.0,331.0,44.0,325.68,5.360000000000014,187.0,99.0,2.600688370410752,286,88.0,0.0,0.31
07:37:40,323.0,37.0,325.64,56.0,321.0,156.0,327.63,43.0,324.32,2.6399999999999864,193.0,99.0,1.8933039903797564,292,94.0,6.0,0.32
07:37:41,321.36,99.0,323.82,49.0,320.71,110.0,325.14,58.0,322.59,2.4599999999999795,209.0,107.0,1.9351175674843213,316,102.0,24.0,0.32
07:37:42,318.43,77.0,322.0,28.0,319.74,47.0,364.14,28.0,320.21,3.569999999999993,124.0,56.0,2.465061865346318,180,68.0,-136.0,0.38
07:37:43,318.31,32.0,321.36,22.0,317.99,169.0,358.0,55.0,319.84,3.0500000000000114,201.0,77.0,2.5371578587039503,278,124.0,98.0,0.45
07:37:44,318.15,27.0,320.91,22.0,317.67,43.0,380.65,34.0,319.53,2.7600000000000477,70.0,56.0,2.0758781274394953,126,14.0,-152.0,0.11
07:37:45,316.42,33.0,328.0,22.0,314.21,48.0,427.73,22.0,322.21,11.579999999999984,81.0,44.0,1.418266547578826,125,37.0,-1.0,0.3
07:37:46,314.0,61.0,413.0,10.0,312.0,10.0,642.0,10.0,363.5,99.0,71.0,20.0,19.282037496073716,91,51.0,-34.0,0.56
07:37:47,314.0,72.0,385.86,14.0,312.0,14.0,711.0,14.0,349.93,71.86000000000001,86.0,28.0,20.41987683606346,114,58.0,23.0,0.51
07:37:54,309.98,43.0,353.91,34.0,268.95,75.0,424.76,49.0,331.94,43.93000000000001,118.0,83.0,83.41301888794207,201,35.0,105.0,0.17
07:37:57,295.63,124.0,307.46,39.0,292.2,115.0,308.96,45.0,301.55,11.829999999999984,239.0,84.0,68.26635430429823,323,155.0,176.0,0.48
07:37:58,297.71,70.0,307.88,34.0,297.0,100.0,310.7,30.0,302.8,10.170000000000016,170.0,64.0,14.39817800973193,234,106.0,-89.0,0.45
07:37:59,299.87,126.0,308.56,32.0,298.52,84.0,310.2,45.0,304.22,8.689999999999998,210.0,77.0,3.3901991091851045,287,133.0,53.0,0.46
07:38:00,302.47,190.0,307.11,38.0,299.0,76.0,310.0,38.0,304.79,4.639999999999986,266.0,76.0,3.768536851341698,342,190.0,55.0,0.56
07:38:01,302.76,92.0,306.62,32.0,298.0,32.0,309.14,28.0,304.69,3.8600000000000136,124.0,60.0,1.3991604625357186,184,64.0,-158.0,0.35
07:38:02,301.96,55.0,307.0,26.0,297.0,16.0,310.0,26.0,304.48,5.0400000000000205,71.0,52.0,0.8103887955321818,123,19.0,-61.0,0.15
07:38:03,304.0,98.0,309.57,28.0,303.0,56.0,311.87,30.0,306.79,5.569999999999993,154.0,58.0,1.0274872261616934,212,96.0,89.0,0.45
07:38:04,306.94,108.0,311.46,54.0,304.68,126.0,312.98,43.0,309.2,4.519999999999982,234.0,97.0,2.0220163203908643,331,137.0,119.0,0.41
07:38:05,304.2,83.0,309.53,15.0,300.64,55.0,312.02,44.0,306.87,5.329999999999984,138.0,59.0,1.9250532459980605,197,79.0,-134.0,0.4
07:38:06,295.98,43.0,313.88,34.0,294.78,9.0,314.55,22.0,304.93,17.899999999999977,52.0,56.0,1.8738809994041072,108,-4.0,-89.0,-0.04
07:38:07,296.31,78.0,313.91,34.0,295.67,18.0,318.23,31.0,305.11,17.600000000000023,96.0,65.0,1.7230786400881222,161,31.0,53.0,0.19
07:38:08,298.86,84.0,319.12,16.0,297.0,72.0,506.14,28.0,308.99,20.25999999999999,156.0,44.0,2.0415680248105024,200,112.0,39.0,0.56
07:38:09,303.53,51.0,320.0,11.0,300.47,30.0,659.0,55.0,311.76,16.470000000000027,81.0,66.0,2.8756077618356533,147,15.0,-53.0,0.1
07:38:11,311.58,52.0,431.0,80.0,314.25,55.0,524.96,76.0,371.29,119.42000000000002,107.0,156.0,37.94605210031705,263,-49.0,105.0,-0.19
07:38:12,319.65,34.0,429.0,67.0,317.95,86.0,488.0,35.0,374.32,109.35000000000002,120.0,102.0,36.4064490166234,222,18.0,-41.0,0.08
07:38:13,322.21,38.0,363.0,18.0,317.93,60.0,417.6,25.0,342.61,40.79000000000002,98.0,43.0,29.377775102958534,141,55.0,-81.0,0.39
07:38:14,323.0,36.0,363.0,18.0,318.0,72.0,495.0,45.0,343.0,40.0,108.0,63.0,18.888574059468354,171,45.0,30.0,0.26
07:38:15,323.0,40.0,361.7,20.0,318.0,80.0,468.03,38.0,342.35,38.69999999999999,120.0,58.0,16.551073379089573,178,62.0,7.0,0.35
07:38:16,323.0,48.0,357.38,39.0,320.61,46.0,546.04,25.0,340.19,34.379999999999995,94.0,64.0,14.478371110038498,158,30.0,-20.0,0.19
07:38:17,323.0,32.0,358.12,16.0,322.0,24.0,615.81,32.0,340.56,35.120000000000005,56.0,48.0,1.2758800884042292,104,8.0,-54.0,0.08
07:38:18,323.0,64.0,355.88,32.0,322.0,48.0,519.23,62.0,339.44,32.879999999999995,112.0,94.0,1.5039514619778547,206,18.0,102.0,0.09
07:38:19,322.92,26.0,352.43,14.0,320.77,26.0,356.0,14.0,337.68,29.50999999999999,52.0,28.0,1.6998911729824009,80,24.0,-126.0,0.3
07:38:20,318.34,70.0,348.29,28.0,317.5,32.0,350.04,25.0,333.31,29.950000000000045,102.0,53.0,2.96830422968743,155,49.0,75.0,0.32
07:38:21,318.0,72.0,343.91,33.0,316.0,9.0,344.67,30.0,330.95,25.910000000000025,81.0,63.0,4.105955430831798,144,18.0,-11.0,0.12
07:38:22,318.1,67.0,340.25,89.0,317.49,47.0,341.89,44.0,329.18,22.149999999999977,114.0,133.0,4.361315168612912,247,-19.0,103.0,-0.08
07:38:23,321.47,64.0,337.35,46.0,317.91,53.0,338.55,66.0,329.41,15.879999999999995,117.0,112.0,3.5243907274831927,229,5.0,-18.0,0.02
07:38:24,318.0,28.0,333.77,26.0,317.0,70.0,334.46,35.0,325.88,15.769999999999982,98.0,61.0,2.7171179584194327,159,37.0,-70.0,0.23
07:38:25,318.0,69.0,331.0,24.0,316.95,66.0,333.42,48.0,324.5,13.0,135.0,72.0,2.684498090884452,207,63.0,48.0,0.3
07:38:26,318.0,165.0,328.6,30.0,316.0,15.0,329.73,30.0,323.3,10.600000000000023,180.0,60.0,2.750650832068595,240,120.0,33.0,0.5
07:38:27,318.0,121.0,324.79,34.0,316.0,11.0,325.56,25.0,321.4,6.7900000000000205,132.0,59.0,3.011248910328898,191,73.0,-49.0,0.38
07:38:28,318.0,123.0,320.71,34.0,316.0,14.0,415.42,43.0,319.35,2.7099999999999795,137.0,77.0,2.571571503954966,214,60.0,23.0,0.28
07:38:29,318.0,78.0,320.36,33.0,316.0,13.0,374.71,28.0,319.18,2.3600000000000136,91.0,61.0,2.3581942243909566,152,30.0,-62.0,0.2
07:38:30,318.0,54.0,319.1,30.0,316.0,10.0,321.0,20.0,318.55,1.1000000000000227,64.0,50.0,1.9630155373681635,114,14.0,-38.0,0.12
07:38:31,318.0,20.0,319.0,18.0,312.0,18.0,389.0,12.0,318.5,1.0,38.0,30.0,1.1814524958487191,68,8.0,-46.0,0.12
07:38:38,322.31,39.0,374.42,60.0,319.31,48.0,381.0,48.0,348.36,52.110000000000014,87.0,108.0,18.848519039967343,195,-21.0,85.0,-0.11
07:38:39,322.0,36.0,372.19,43.0,319.0,45.0,373.26,38.0,347.09,50.19,81.0,81.0,2.7082226644049165,162,0.0,-33.0,0.0
07:38:40,322.0,52.0,359.86,59.0,319.0,98.0,362.15,54.0,340.93,37.860000000000014,150.0,113.0,4.477484785009603,263,37.0,101.0,0.14
07:38:41,322.0,48.0,340.93,56.0,319.77,26.0,342.0,56.0,331.46,18.930000000000007,74.0,112.0,7.856364935514764,186,-38.0,-77.0,-0.2
07:38:42,322.0,30.0,339.44,45.0,321.0,9.0,341.0,45.0,330.72,17.439999999999998,39.0,90.0,8.361487307888448,129,-51.0,-57.0,-0.4
07:38:43,322.0,8.0,337.14,36.0,321.0,8.0,338.62,40.0,329.57,15.139999999999986,16.0,76.0,7.699307111680514,92,-60.0,-37.0,-0.65
07:38:45,320.88,48.0,332.77,39.0,320.18,11.0,334.41,49.0,326.82,11.889999999999986,59.0,88.0,1.7648314367002111,147,-29.0,1.0,-0.2
07:38:46,319.0,64.0,327.94,54.0,318.0,14.0,329.56,62.0,323.47,8.939999999999998,78.0,116.0,2.958981243597693,194,-38.0,47.0,-0.2
07:38:47,319.0,80.0,323.92,65.0,318.0,15.0,324.58,59.0,321.46,4.920000000000016,95.0,124.0,3.6976519576563858,219,-29.0,25.0,-0.13
07:38:48,318.81,27.0,320.0,45.0,316.57,14.0,395.23,26.0,319.41,1.1899999999999977,41.0,71.0,4.1629592839657645,112,-30.0,-107.0,-0.27
07:38:49,316.89,18.0,319.49,57.0,315.76,21.0,341.95,38.0,318.19,2.6000000000000227,39.0,95.0,3.421425141655575,134,-56.0,22.0,-0.42
07:38:50,300.9,40.0,318.52,23.0,231.07,29.0,330.88,66.0,309.71,17.620000000000005,69.0,89.0,5.282927218876584,158,-20.0,24.0,-0.13
07:38:58,300.42,19.0,385.4,25.0,293.44,36.0,502.33,15.0,342.91,84.97999999999996,55.0,40.0,36.62539733572767,95,15.0,-46.0,0.16
07:38:59,322.0,9.0,327.0,27.0,321.0,9.0,525.9,41.0,324.5,5.0,18.0,68.0,31.635324085584248,86,-50.0,-9.0,-0.58
07:39:00,322.0,10.0,428.55,38.0,321.0,10.0,465.47,34.0,375.28,106.55000000000001,20.0,72.0,30.552713954737072,92,-52.0,6.0,-0.57
07:39:03,320.47,17.0,407.0,18.0,318.67,6.0,466.17,18.0,363.74,86.52999999999997,23.0,36.0,19.82093136055997,59,-13.0,-51.0,-0.22
07:39:04,322.33,36.0,343.85,39.0,319.41,17.0,412.53,19.0,333.09,21.52000000000004,53.0,58.0,16.101833746503342,111,-5.0,52.0,-0.05
07:39:13,283.62,16.0,307.1,20.0,277.85,78.0,308.6,30.0,295.36,23.480000000000018,94.0,50.0,45.685417257588156,144,44.0,-34.0,0.31
07:39:14,298.6,10.0,307.0,7.0,275.67,18.0,308.0,21.0,302.8,8.399999999999977,28.0,28.0,15.548661357168124,56,0.0,-88.0,0.0
07:39:15,301.15,13.0,307.0,12.0,273.71,14.0,308.0,36.0,304.08,5.850000000000023,27.0,48.0,9.096520213789697,75,-21.0,19.0,-0.28
07:39:16,301.0,10.0,308.0,22.0,269.29,14.0,311.0,20.0,304.5,7.0,24.0,42.0,6.630285061737153,66,-18.0,-9.0,-0.27
07:39:17,301.0,7.0,403.83,18.0,216.78,9.0,517.94,17.0,352.42,102.82999999999998,16.0,35.0,22.989896041520584,51,-19.0,-15.0,-0.37
07:39:18,315.76,21.0,340.91,22.0,305.9,10.0,426.41,34.0,328.34,25.150000000000034,31.0,56.0,21.781830042490437,87,-25.0,36.0,-0.29
07:39:19,307.36,14.0,340.0,22.0,281.73,15.0,342.0,33.0,323.68,32.639999999999986,29.0,55.0,19.962131148751343,84,-26.0,-3.0,-0.31
07:39:31,322.28,75.0,363.83,41.0,321.9,125.0,378.0,33.0,343.05,41.55000000000001,200.0,74.0,27.4526204578002,274,126.0,41.0,0.46
07:39:32,322.0,99.0,372.8,20.0,320.0,9.0,386.44,27.0,347.4,50.80000000000001,108.0,47.0,16.65884239675755,155,61.0,-119.0,0.39
07:39:33,322.99,82.0,368.33,36.0,321.9,104.0,405.86,43.0,345.66,45.339999999999975,186.0,79.0,1.746673982170546,265,107.0,110.0,0.4
07:39:37,322.0,34.0,324.62,16.0,320.0,8.0,703.2,10.0,323.31,2.6200000000000045,42.0,26.0,34.5792285917427,68,16.0,-50.0,0.24
07:39:38,321.82,22.0,384.89,18.0,319.37,19.0,665.45,11.0,353.35,63.06999999999999,41.0,29.0,34.657864475469324,70,12.0,2.0,0.17
07:39:52,321.91,69.0,343.35,26.0,320.02,45.0,379.55,44.0,332.63,21.439999999999998,114.0,70.0,2.60563427977904,184,44.0,78.0,0.24
07:39:53,319.75,106.0,335.54,13.0,318.35,184.0,421.78,18.0,327.65,15.79000000000002,290.0,31.0,2.539330620450974,321,259.0,137.0,0.81
07:40:00,319.47,118.0,324.7,27.0,318.2,120.0,327.18,45.0,322.09,5.229999999999961,238.0,72.0,2.88660354048805,310,166.0,176.0,0.54
07:40:01,319.08,118.0,323.0,44.0,317.81,106.0,324.0,11.0,321.04,3.920000000000016,224.0,55.0,3.60704865505794,279,169.0,-31.0,0.61
07:40:02,318.58,65.0,322.07,41.0,316.13,163.0,339.91,32.0,320.33,3.490000000000009,228.0,73.0,3.545226367942172,301,155.0,22.0,0.51
07:40:03,316.0,122.0,320.19,16.0,313.77,52.0,356.52,64.0,318.09,4.189999999999998,174.0,80.0,3.3732966071707,254,94.0,-47.0,0.37
07:40:04,313.12,124.0,318.0,13.0,234.08,26.0,319.0,39.0,315.56,4.8799999999999955,150.0,52.0,2.6100708802531716,202,98.0,-52.0,0.49
07:40:05,313.7,43.0,317.65,17.0,312.14,186.0,386.56,54.0,315.67,3.9499999999999886,229.0,71.0,2.5478363369619146,300,158.0,98.0,0.53
07:40:06,315.0,12.0,379.2,30.0,312.0,144.0,560.45,44.0,347.1,64.19999999999999,156.0,74.0,13.421223863714978,230,82.0,-70.0,0.36
07:40:09,322.0,39.0,410.76,51.0,319.0,156.0,464.71,49.0,366.38,88.75999999999999,195.0,100.0,50.111957455282344,295,95.0,98.0,0.32
07:40:10,320.12,48.0,385.08,37.0,318.56,81.0,394.44,36.0,352.6,64.95999999999998,129.0,73.0,42.0356386890938,202,56.0,-93.0,0.28
07:40:11,318.48,69.0,330.44,36.0,314.0,24.0,332.0,45.0,324.46,11.95999999999998,93.0,81.0,47.125270078802025,174,12.0,-28.0,0.07
07:40:12,316.96,47.0,329.07,60.0,313.78,32.0,345.52,71.0,323.01,12.110000000000014,79.0,131.0,52.271937021694704,210,-52.0,36.0,-0.25
07:40:13,319.38,80.0,328.0,64.0,318.0,48.0,360.06,64.0,323.69,8.620000000000005,128.0,128.0,20.195223940327494,256,0.0,46.0,0.0
07:40:14,320.23,53.0,325.33,60.0,317.97,61.0,326.67,60.0,322.78,5.099999999999966,114.0,120.0,13.03708057810345,234,-6.0,-22.0,-0.03
07:40:15,320.69,32.0,324.5,64.0,315.0,112.0,325.56,64.0,322.59,3.8100000000000023,144.0,128.0,0.7674828988005588,272,16.0,38.0,0.06
07:40:16,315.62,58.0,320.93,30.0,313.04,53.0,341.91,44.0,318.28,5.310000000000002,111.0,74.0,2.1590854545268092,185,37.0,-87.0,0.2
07:40:17,315.0,70.0,316.0,14.0,311.0,70.0,325.0,56.0,315.5,1.0,140.0,70.0,3.5230625881392776,210,70.0,25.0,0.33
07:40:18,315.0,31.0,321.54,13.0,311.0,35.0,339.31,26.0,318.27,6.5400000000000205,66.0,39.0,3.1347456037045065,105,27.0,-105.0,0.26
07:40:19,315.0,30.0,323.67,36.0,311.0,45.0,387.0,27.0,319.33,8.670000000000016,75.0,63.0,2.5537286464978153,138,12.0,33.0,0.09
07:40:20,315.0,20.0,322.18,34.0,311.0,50.0,372.0,33.0,318.59,7.180000000000007,70.0,67.0,1.4592909236825276,137,3.0,-1.0,0.02
07:40:21,315.0,16.0,319.76,21.0,311.0,40.0,320.54,26.0,317.38,4.759999999999991,56.0,47.0,1.4706563160514043,103,9.0,-34.0,0.09
07:40:22,311.61,23.0,319.0,10.0,310.68,38.0,320.0,40.0,315.3,7.389999999999986,61.0,50.0,1.5499129007598555,111,11.0,8.0,0.1
07:40:23,312.29,28.0,317.16,56.0,310.53,77.0,318.09,44.0,314.72,4.8700000000000045,105.0,100.0,2.010554649826915,205,5.0,94.0,0.02
07:40:24,311.96,70.0,313.94,51.0,310.73,44.0,338.11,27.0,312.95,1.9800000000000182,114.0,78.0,2.2259088031495176,192,36.0,-13.0,0.19
07:40:25,312.0,36.0,313.44,36.0,311.0,27.0,435.0,27.0,312.72,1.4399999999999977,63.0,63.0,1.9032025640841794,126,0.0,-66.0,0.0
07:40:26,311.44,27.0,359.85,20.0,306.89,19.0,449.47,17.0,335.65,48.410000000000025,46.0,37.0,9.77998824129877,83,9.0,-43.0,0.11
07:40:27,311.93,43.0,408.84,25.0,310.56,32.0,510.68,31.0,360.39,96.90999999999997,75.0,56.0,20.865191827537945,131,19.0,48.0,0.15
07:40:28,312.0,12.0,406.36,11.0,309.67,18.0,417.18,17.0,359.18,94.36000000000001,30.0,28.0,23.480893722343076,58,2.0,-73.0,0.03
07:40:29,307.23,22.0,319.17,18.0,304.53,17.0,387.82,11.0,313.2,11.939999999999998,39.0,29.0,23.41925212298571,68,10.0,10.0,0.15
07:40:30,307.0,30.0,311.0,30.0,304.0,20.0,341.88,17.0,309.0,4.0,50.0,47.0,24.391677474088773,97,3.0,29.0,0.03
07:40:31,307.0,30.0,310.33,36.0,304.0,20.0,319.31,26.0,308.67,3.329999999999984,50.0,62.0,27.171651955668075,112,-12.0,15.0,-0.11
07:40:32,309.05,44.0,328.92,53.0,302.54,37.0,335.75,32.0,318.98,19.870000000000005,81.0,85.0,21.303834866050465,166,-4.0,54.0,-0.02
07:40:33,320.69,64.0,336.32,41.0,308.32,44.0,337.13,45.0,328.5,15.629999999999995,108.0,86.0,8.29389534536923,194,22.0,28.0,0.11
07:40:40,316.46,26.0,445.29,14.0,316.2,20.0,687.71,34.0,380.87,128.83000000000004,46.0,48.0,24.43465919549463,94,-2.0,-14.0,-0.02
07:40:46,315.95,19.0,362.3,86.0,312.92,72.0,452.19,84.0,339.12,46.35000000000002,91.0,170.0,50.87525203868873,261,-79.0,109.0,-0.3
07:40:47,315.38,16.0,332.0,60.0,313.93,59.0,333.0,48.0,323.69,16.620000000000005,75.0,108.0,62.97714561648583,183,-33.0,-78.0,-0.18
07:40:48,320.5,18.0,332.0,60.0,313.93,59.0,333.0,48.0,326.25,11.5,77.0,108.0,60.47520012368724,185,-31.0,2.0,-0.17
07:40:49,323.0,11.0,330.76,49.0,314.0,85.0,331.8,50.0,326.88,7.759999999999991,96.0,99.0,44.7659807219722,195,-3.0,10.0,-0.02
07:40:50,323.0,9.0,328.11,38.0,314.0,72.0,329.58,43.0,325.55,5.110000000000014,81.0,81.0,6.166560629715291,162,0.0,-33.0,0.0
07:40:51,314.66,71.0,324.41,64.0,313.71,83.0,325.45,62.0,319.53,9.75,154.0,126.0,2.962870230021663,280,28.0,118.0,0.1
07:40:52,315.73,60.0,319.78,63.0,313.32,95.0,320.62,64.0,317.76,4.0499999999999545,155.0,127.0,4.225805248700752,282,28.0,2.0,0.1
07:40:53,316.0,52.0,319.0,52.0,313.0,144.0,320.0,65.0,317.5,3.0,196.0,117.0,4.449711226579114,313,79.0,31.0,0.25
07:40:54,314.2,40.0,318.67,30.0,312.04,47.0,319.71,42.0,316.43,4.470000000000027,87.0,72.0,3.6383141700437385,159,15.0,-154.0,0.09
07:40:55,313.07,56.0,317.07,56.0,309.55,47.0,320.0,75.0,315.07,4.0,103.0,131.0,1.654197690706271,234,-28.0,75.0,-0.12
07:40:56,313.93,54.0,353.54,37.0,312.02,43.0,412.0,45.0,333.73,39.610000000000014,97.0,82.0,7.693865738362116,179,15.0,-55.0,0.08
07:40:57,316.2,71.0,404.29,42.0,314.25,87.0,405.94,34.0,360.24,88.09000000000003,158.0,76.0,19.246987556497146,234,82.0,55.0,0.35
07:40:58,317.0,25.0,319.0,5.0,315.0,55.0,324.0,15.0,318.0,2.0,80.0,20.0,19.176105704755493,100,60.0,-134.0,0.6
07:40:59,317.34,53.0,323.35,23.0,315.6,50.0,376.7,30.0,320.34,6.010000000000048,103.0,53.0,18.62268858140407,156,50.0,56.0,0.32
07:41:00,318.28,68.0,323.55,44.0,316.38,80.0,365.11,44.0,320.91,5.270000000000039,148.0,88.0,17.65106597347478,236,60.0,80.0,0.25
07:41:01,318.7,56.0,323.67,60.0,315.59,71.0,348.96,45.0,321.18,4.970000000000027,127.0,105.0,17.991553018012514,232,22.0,-4.0,0.09
07:41:02,320.0,82.0,326.79,28.0,312.0,64.0,376.98,45.0,323.39,6.7900000000000205,146.0,73.0,1.9306553291418134,219,73.0,-13.0,0.33
07:41:03,320.0,28.0,325.2,30.0,308.14,84.0,326.86,28.0,322.6,5.199999999999989,112.0,58.0,1.2657922420148942,170,54.0,-49.0,0.32
07:41:04,320.0,30.0,323.27,60.0,315.0,30.0,325.0,30.0,321.63,3.269999999999982,60.0,90.0,1.0335231008281631,150,-30.0,-20.0,-0.2
07:41:05,320.0,22.0,321.1,40.0,315.0,22.0,322.31,26.0,320.55,1.1000000000000227,44.0,66.0,1.1313045566713487,110,-22.0,-40.0,-0.2
07:41:06,315.31,26.0,320.5,48.0,308.5,40.0,328.92,24.0,317.9,5.189999999999998,66.0,72.0,2.1361484030713727,138,-6.0,28.0,-0.04
07:41:07,307.0,48.0,318.9,39.0,306.0,48.0,324.76,34.0,312.95,11.899999999999977,96.0,73.0,3.873387406384898,169,23.0,31.0,0.14
07:41:08,307.0,48.0,311.0,12.0,306.0,48.0,313.0,36.0,309.0,4.0,96.0,48.0,5.326530765886625,144,48.0,-25.0,0.33
07:41:09,307.0,40.0,310.27,22.0,306.0,40.0,312.64,22.0,308.64,3.269999999999982,80.0,44.0,5.309432173023097,124,36.0,-20.0,0.29
07:41:10,307.25,64.0,310.83,48.0,306.23,70.0,320.54,26.0,309.04,3.579999999999984,134.0,74.0,3.985709472594438,208,60.0,84.0,0.29
07:41:11,308.14,56.0,313.0,28.0,306.93,56.0,329.0,28.0,310.57,4.860000000000014,112.0,56.0,1.7881974163740166,168,56.0,-40.0,0.33
07:41:12,309.5,48.0,313.0,24.0,306.0,48.0,329.0,24.0,311.25,3.5,96.0,48.0,1.1411178729325744,144,48.0,-24.0,0.33
07:41:13,310.76,34.0,313.0,26.0,304.96,51.0,329.0,26.0,311.88,2.240000000000009,85.0,52.0,1.3975084972647087,137,33.0,-7.0,0.24
07:41:14,304.09,46.0,313.0,29.0,301.82,68.0,329.0,38.0,308.54,8.910000000000025,114.0,67.0,1.4271755322759048,181,47.0,44.0,0.26
07:41:15,304.5,34.0,312.73,11.0,302.72,53.0,328.24,21.0,308.61,8.230000000000018,87.0,32.0,1.5281524792791066,119,55.0,-62.0,0.46
07:41:16,311.94,77.0,313.0,13.0,304.98,53.0,329.0,53.0,312.47,1.0600000000000023,130.0,66.0,1.8539822005422508,196,64.0,77.0,0.33
07:41:17,312.0,72.0,313.0,8.0,309.0,8.0,329.0,34.0,312.5,1.0,80.0,42.0,2.046277107316572,122,38.0,-74.0,0.31
07:41:18,321.23,234.0,328.26,54.0,315.34,64.0,369.59,39.0,324.75,7.029999999999973,298.0,93.0,6.653151884628201,391,205.0,176.0,0.52
07:41:19,322.09,130.0,328.0,50.0,319.24,58.0,331.0,20.0,325.05,5.910000000000025,188.0,70.0,7.673055453985513,258,118.0,-133.0,0.46
07:41:20,323.0,72.0,325.96,50.0,322.0,156.0,327.03,58.0,324.48,2.9599999999999795,228.0,108.0,6.72632514824712,336,120.0,78.0,0.36
07:41:21,322.01,84.0,324.17,48.0,318.14,57.0,433.09,33.0,323.09,2.160000000000025,141.0,81.0,5.349068143139037,222,60.0,-114.0,0.27
07:41:22,322.0,105.0,323.17,24.0,317.0,60.0,337.0,30.0,322.58,1.170000000000016,165.0,54.0,1.0885081533676333,219,111.0,-3.0,0.51
07:41:23,322.0,62.0,334.56,18.0,317.0,40.0,355.33,12.0,328.28,12.560000000000002,102.0,30.0,2.2401852601847043,132,72.0,-87.0,0.55
07:41:24,322.0,60.0,334.05,41.0,317.0,40.0,344.78,18.0,328.02,12.050000000000011,100.0,59.0,2.703386764772969,159,41.0,27.0,0.26
07:41:25,323.0,84.0,332.58,60.0,322.0,72.0,339.0,24.0,327.79,9.579999999999984,156.0,84.0,2.8563910796581506,240,72.0,81.0,0.3
07:41:26,323.0,84.0,330.33,60.0,322.0,72.0,338.83,24.0,326.67,7.329999999999984,156.0,84.0,2.36627766755122,240,72.0,0.0,0.3
07:41:27,323.0,71.0,327.2,50.0,322.0,78.0,329.63,41.0,325.1,4.199999999999989,149.0,91.0,1.3109042680349656,240,58.0,0.0,0.24
07:41:28,322.29,34.0,327.0,45.0,320.26,46.0,335.0,18.0,324.65,4.7099999999999795,80.0,63.0,1.5306305889898217,143,17.0,-97.0,0.12
07:41:29,320.33,60.0,325.25,60.0,315.35,65.0,327.16,37.0,322.79,4.920000000000016,125.0,97.0,1.922862449565727,222,28.0,79.0,0.13
07:41:30,312.8,15.0,324.72,32.0,307.23,39.0,325.12,40.0,318.76,11.920000000000016,54.0,72.0,3.0355773750552806,126,-18.0,-96.0,-0.14
07:41:31,320.0,13.0,324.62,65.0,308.36,22.0,344.46,26.0,322.31,4.6200000000000045,35.0,91.0,2.512164405437343,126,-56.0,0.0,-0.44
07:41:32,311.3,40.0,325.69,32.0,309.03,29.0,336.77,26.0,318.49,14.389999999999986,69.0,58.0,2.681436182336721,127,11.0,1.0,0.09
07:41:33,310.0,36.0,324.8,15.0,309.0,18.0,342.11,18.0,317.4,14.800000000000011,54.0,33.0,2.4333824195844564,87,21.0,-40.0,0.24
07:41:34,310.0,20.0,326.6,10.0,309.0,10.0,352.2,10.0,318.3,16.600000000000023,30.0,20.0,1.8914465363687838,50,10.0,-37.0,0.2
07:41:35,310.0,44.0,324.14,29.0,309.0,22.0,324.93,30.0,317.07,14.139999999999986,66.0,59.0,2.096551931133832,125,7.0,75.0,0.06
07:41:36,310.62,52.0,322.0,39.0,309.63,38.0,323.0,34.0,316.31,11.379999999999995,90.0,73.0,0.8986267300382471,163,17.0,38.0,0.1
07:41:37,312.83,72.0,321.0,57.0,310.32,76.0,323.0,76.0,316.92,8.170000000000016,148.0,133.0,0.7309924759795746,281,15.0,118.0,0.05
07:41:38,313.0,34.0,320.09,33.0,310.0,44.0,323.0,44.0,316.55,7.089999999999975,78.0,77.0,0.7706166361677586,155,1.0,-126.0,0.01
07:41:39,314.48,42.0,319.0,39.0,310.0,52.0,323.0,52.0,316.74,4.519999999999982,94.0,91.0,0.2999499957294109,185,3.0,30.0,0.02
07:41:40,314.52,66.0,317.14,29.0,309.1,42.0,320.66,32.0,315.83,2.6200000000000045,108.0,61.0,0.4233792625268054,169,47.0,-16.0,0.28
07:41:41,314.04,50.0,321.61,23.0,304.69,26.0,340.71,28.0,317.82,7.569999999999993,76.0,51.0,0.7172656411247945,127,25.0,-42.0,0.2
07:41:42,319.0,83.0,325.77,26.0,312.62,32.0,350.0,26.0,322.38,6.769999999999982,115.0,52.0,2.6231336222045094,167,63.0,40.0,0.38
07:41:43,319.0,45.0,325.23,26.0,317.0,27.0,343.41,17.0,322.12,6.230000000000018,72.0,43.0,3.070231261638355,115,29.0,-52.0,0.25
07:41:44,318.64,61.0,322.93,28.0,316.65,34.0,327.86,28.0,320.78,4.2900000000000205,95.0,56.0,2.858300194161329,151,39.0,36.0,0.26
07:41:45,317.0,28.0,318.71,28.0,314.38,16.0,329.0,28.0,317.86,1.7099999999999795,44.0,56.0,2.231304551141163,100,-12.0,-51.0,-0.12
07:41:46,317.0,26.0,329.0,26.0,315.56,27.0,475.84,19.0,323.0,12.0,53.0,45.0,2.0498097472557926,98,8.0,-2.0,0.08
07:41:47,317.0,14.0,329.0,20.0,314.0,10.0,442.04,23.0,323.0,12.0,24.0,43.0,2.1530722235784463,67,-19.0,-31.0,-0.28
07:41:48,317.0,12.0,332.33,24.0,314.0,12.0,417.5,24.0,324.67,15.329999999999984,24.0,48.0,2.6297186161157544,72,-24.0,5.0,-0.33
07:41:49,319.0,20.0,333.0,18.0,316.5,12.0,414.16,25.0,326.0,14.0,32.0,43.0,3.088863868794996,75,-11.0,3.0,-0.15
07:41:50,320.0,36.0,366.52,23.0,318.0,18.0,438.5,24.0,343.26,46.51999999999998,54.0,47.0,8.630694062469974,101,7.0,26.0,0.07
07:41:51,320.83,24.0,333.33,21.0,319.9,42.0,361.27,33.0,327.08,12.5,66.0,54.0,8.224762610553308,120,12.0,19.0,0.1
07:41:52,321.0,14.0,331.0,7.0,320.0,28.0,333.43,21.0,326.0,10.0,42.0,28.0,7.793825761457371,70,14.0,-50.0,0.2
07:41:53,320.41,34.0,325.42,24.0,319.55,33.0,330.62,32.0,322.91,5.009999999999991,67.0,56.0,8.094899628775883,123,11.0,53.0,0.09
07:41:54,311.75,64.0,322.27,22.0,308.2,50.0,325.69,39.0,317.01,10.519999999999982,114.0,61.0,9.767352251247683,175,53.0,52.0,0.3
07:41:55,308.27,60.0,321.0,13.0,307.15,52.0,323.0,26.0,314.63,12.730000000000018,112.0,39.0,5.493817434165819,151,73.0,-24.0,0.48
07:41:56,310.12,128.0,319.75,16.0,308.0,64.0,326.32,38.0,314.94,9.629999999999995,192.0,54.0,5.093640152183964,246,138.0,95.0,0.56
07:41:57,311.0,96.0,317.92,12.0,308.17,48.0,330.0,36.0,314.46,6.920000000000016,144.0,48.0,3.571407285642068,192,96.0,-54.0,0.5
07:41:58,311.0,152.0,322.56,45.0,309.57,74.0,332.12,41.0,316.78,11.560000000000002,226.0,86.0,1.2298495842725221,312,140.0,120.0,0.45
07:41:59,311.09,53.0,323.37,35.0,310.25,64.0,324.5,20.0,317.23,12.28000000000003,117.0,55.0,1.296637960240018,172,62.0,-140.0,0.36
07:42:00,312.0,11.0,322.91,55.0,311.0,88.0,448.93,27.0,317.45,10.910000000000025,99.0,82.0,1.3757797788658803,181,17.0,9.0,0.09
07:42:01,313.62,104.0,419.65,40.0,312.0,14.0,593.67,36.0,366.63,106.02999999999997,118.0,76.0,22.459362190408534,194,42.0,13.0,0.22
07:42:08,323.0,65.0,327.66,38.0,320.0,13.0,329.0,35.0,325.33,4.660000000000025,78.0,73.0,42.058055470979895,151,5.0,66.0,0.03
07:42:09,322.5,24.0,324.38,32.0,318.24,68.0,325.29,28.0,323.44,1.8799999999999955,92.0,60.0,38.59646395720723,152,32.0,1.0,0.21
07:42:10,319.09,57.0,322.07,28.0,317.99,137.0,322.89,27.0,320.58,2.980000000000018,194.0,55.0,22.79039556479819,249,139.0,97.0,0.56
07:42:11,318.0,156.0,320.83,24.0,317.0,12.0,322.0,36.0,319.42,2.829999999999984,168.0,60.0,4.052854549568429,228,108.0,-21.0,0.47
07:42:12,318.0,91.0,319.79,19.0,317.0,9.0,322.4,25.0,318.89,1.7900000000000205,100.0,44.0,2.757366497213348,144,56.0,-84.0,0.39
07:42:13,318.0,62.0,321.09,33.0,317.0,11.0,331.31,13.0,319.55,3.089999999999975,73.0,46.0,1.8189365024522235,119,27.0,-25.0,0.23
07:42:14,318.0,29.0,319.36,25.0,317.0,11.0,326.55,33.0,318.68,1.3600000000000136,40.0,58.0,0.7400878325927647,98,-18.0,-21.0,-0.18
07:42:15,315.9,40.0,329.0,36.0,313.67,36.0,513.0,36.0,322.45,13.100000000000023,76.0,72.0,1.5257686587266055,148,4.0,50.0,0.03
07:42:16,318.1,40.0,327.89,9.0,315.28,29.0,329.0,27.0,322.99,9.789999999999964,69.0,36.0,2.0499317061681364,105,33.0,-43.0,0.31
07:42:17,323.0,30.0,327.0,5.0,316.0,20.0,329.0,15.0,325.0,4.0,50.0,20.0,2.59102875320888,70,30.0,-35.0,0.43
07:42:18,323.0,66.0,327.0,11.0,317.82,44.0,330.0,35.0,325.0,4.0,110.0,46.0,2.5889244871097974,156,64.0,86.0,0.41
07:42:19,323.0,54.0,326.0,9.0,318.0,36.0,332.81,37.0,324.5,3.0,90.0,46.0,1.1907854550498695,136,44.0,-20.0,0.32
07:42:27,323.0,33.0,334.71,34.0,319.0,36.0,338.91,22.0,328.85,11.70999999999998,69.0,56.0,1.8509943273715346,125,13.0,-80.0,0.1
07:42:28,319.63,38.0,333.3,37.0,318.2,40.0,339.08,26.0,326.46,13.670000000000016,78.0,63.0,1.7261141329475531,141,15.0,16.0,0.11
07:42:29,319.0,28.0,338.0,38.0,318.0,28.0,360.71,14.0,328.5,19.0,56.0,52.0,1.9959033042614431,108,4.0,-33.0,0.04
07:42:30,319.0,39.0,337.71,42.0,318.0,32.0,415.09,22.0,328.36,18.70999999999998,71.0,64.0,1.974064335314957,135,7.0,27.0,0.05
07:42:31,318.93,54.0,335.86,28.0,317.74,54.0,337.16,38.0,327.39,16.930000000000007,108.0,66.0,0.975587002764618,174,42.0,39.0,0.24
07:42:32,318.0,52.0,333.39,41.0,317.0,182.0,335.0,34.0,325.7,15.389999999999986,234.0,75.0,1.2078576074862828,309,159.0,135.0,0.51
07:42:33,323.0,154.0,330.58,60.0,318.0,56.0,331.71,52.0,326.79,7.579999999999984,210.0,112.0,1.1597715292084672,322,98.0,13.0,0.3
07:42:34,323.0,99.0,329.67,45.0,319.85,52.0,331.0,27.0,326.33,6.670000000000016,151.0,72.0,1.0182975989179224,223,79.0,-99.0,0.35
07:42:35,323.0,159.0,326.62,72.0,322.0,216.0,328.08,72.0,324.81,3.6200000000000045,375.0,144.0,0.9953793246602193,519,231.0,176.0,0.45
07:42:36,322.12,98.0,324.48,54.0,319.26,252.0,326.0,42.0,323.3,2.3600000000000136,350.0,96.0,1.3824000867910438,446,254.0,-73.0,0.57
07:42:37,322.0,58.0,323.0,24.0,317.0,184.0,331.94,34.0,322.5,1.0,242.0,58.0,1.859201441468629,300,184.0,-146.0,0.61
07:42:38,322.0,42.0,331.59,41.0,317.0,253.0,384.57,28.0,326.79,9.589999999999975,295.0,69.0,1.859201441468629,364,226.0,64.0,0.62
07:42:39,322.0,33.0,334.0,44.0,317.0,253.0,432.48,21.0,328.0,12.0,286.0,65.0,2.3102056185455617,351,221.0,-13.0,0.63
07:42:40,322.0,12.0,336.25,16.0,317.0,92.0,398.0,8.0,329.12,14.25,104.0,24.0,2.910398598123733,128,80.0,-176.0,0.62
07:42:41,322.0,30.0,337.77,31.0,317.0,230.0,344.47,38.0,329.89,15.769999999999982,260.0,69.0,2.907000171992114,329,191.0,176.0,0.58
07:42:42,322.0,15.0,337.0,15.0,317.0,115.0,343.0,20.0,329.5,15.0,130.0,35.0,1.2612097367067105,165,95.0,-164.0,0.58
07:42:43,322.0,33.0,339.0,36.0,317.0,253.0,359.36,44.0,330.5,17.0,286.0,80.0,0.9352112060731317,366,206.0,176.0,0.56
07:42:44,322.0,24.0,337.75,32.0,317.0,134.0,346.33,30.0,329.88,15.75,158.0,62.0,0.5134393829511354,220,96.0,-146.0,0.44
07:42:45,322.0,20.0,334.43,28.0,317.0,88.0,339.62,32.0,328.21,12.430000000000007,108.0,60.0,0.8535982661445762,168,48.0,-52.0,0.29
07:42:46,322.0,8.0,331.0,24.0,317.0,88.0,337.0,32.0,326.5,9.0,96.0,56.0,1.5901949565899656,152,40.0,-16.0,0.26
07:42:47,322.0,5.0,334.65,23.0,317.0,55.0,337.8,20.0,328.33,12.649999999999977,60.0,43.0,1.5690857210375293,103,17.0,-49.0,0.17
07:42:48,322.0,33.0,337.0,56.0,317.0,88.0,339.0,32.0,329.5,15.0,121.0,88.0,1.3243979764268712,209,33.0,106.0,0.16
07:42:49,322.0,30.0,337.0,26.0,317.0,55.0,339.0,20.0,329.5,15.0,85.0,46.0,1.2319374983997764,131,39.0,-78.0,0.3
07:42:50,322.0,48.0,336.27,30.0,317.0,88.0,337.88,32.0,329.13,14.269999999999982,136.0,62.0,1.2632774833597553,198,74.0,67.0,0.37
07:42:51,322.0,58.0,335.96,73.0,317.17,105.0,339.64,44.0,328.98,13.95999999999998,163.0,117.0,0.48152881530026725,280,46.0,82.0,0.16
07:42:52,322.0,40.0,334.1,30.0,320.0,30.0,336.0,40.0,328.05,12.100000000000023,70.0,70.0,0.5947016058195791,140,0.0,-140.0,0.0
07:42:53,322.0,52.0,333.38,39.0,320.0,39.0,339.2,60.0,327.69,11.379999999999995,91.0,99.0,0.7650816949606573,190,-8.0,50.0,-0.04
07:42:54,322.16,77.0,331.81,48.0,319.41,56.0,340.0,128.0,326.98,9.649999999999977,133.0,176.0,0.8997944209446677,309,-43.0,119.0,-0.14
07:42:55,323.0,85.0,330.6,30.0,320.0,30.0,340.0,72.0,326.8,7.600000000000023,115.0,102.0,0.8788344553796649,217,13.0,-92.0,0.06
07:42:56,323.0,104.0,329.77,35.0,320.0,39.0,337.53,45.0,326.39,6.769999999999982,143.0,80.0,0.675551626422213,223,63.0,6.0,0.28
07:42:57,323.0,104.0,328.69,26.0,320.0,39.0,329.85,39.0,325.85,5.689999999999998,143.0,65.0,0.6852517785172176,208,78.0,-15.0,0.38
07:42:58,323.0,112.0,327.14,28.0,320.0,42.0,329.0,42.0,325.07,4.139999999999986,154.0,70.0,0.7749645152910088,224,84.0,16.0,0.38
07:42:59,322.16,64.0,324.03,32.0,317.72,87.0,324.97,38.0,323.09,1.8699999999999477,151.0,70.0,1.4645477117386971,221,81.0,-3.0,0.37
07:43:00,318.72,54.0,321.02,40.0,316.94,146.0,322.2,30.0,319.87,2.2999999999999545,200.0,70.0,2.652824909404486,270,130.0,49.0,0.48
07:43:01,318.0,94.0,319.35,34.0,317.0,135.0,322.89,47.0,318.68,1.3500000000000227,229.0,81.0,3.1497650705972586,310,148.0,40.0,0.48
07:43:02,318.75,64.0,320.0,38.0,317.31,26.0,383.68,38.0,319.38,1.25,90.0,76.0,2.7376577580027233,166,14.0,-144.0,0.08
07:43:03,319.0,63.0,384.0,21.0,318.0,24.0,466.2,30.0,351.5,65.0,87.0,51.0,14.075081882531286,138,36.0,-28.0,0.26
07:43:04,319.59,49.0,342.0,28.0,319.07,42.0,384.5,28.0,330.8,22.410000000000025,91.0,56.0,14.029817532668153,147,35.0,9.0,0.24
07:43:05,320.62,26.0,337.11,18.0,319.49,49.0,351.38,32.0,328.86,16.49000000000001,75.0,50.0,13.27586833318127,125,25.0,-22.0,0.2
07:43:06,320.0,20.0,331.0,10.0,319.0,50.0,342.0,20.0,325.5,11.0,70.0,30.0,12.1442134368582,100,40.0,-25.0,0.4
07:43:07,320.0,20.0,331.0,10.0,319.0,50.0,341.1,20.0,325.5,11.0,70.0,30.0,10.898583394183339,100,40.0,0.0,0.4
07:43:08,320.33,24.0,329.82,17.0,319.12,51.0,336.89,19.0,325.08,9.490000000000009,75.0,36.0,2.5483563330039587,111,39.0,11.0,0.35
07:43:09,321.69,32.0,332.56,36.0,319.4,50.0,404.7,33.0,327.12,10.870000000000005,82.0,69.0,1.5757284029807437,151,13.0,40.0,0.09
07:43:10,319.89,27.0,332.0,52.0,318.69,71.0,337.0,31.0,325.94,12.110000000000014,98.0,83.0,0.7836580886836186,181,15.0,30.0,0.08
07:43:11,321.67,18.0,332.0,32.0,317.9,40.0,335.93,28.0,326.83,10.329999999999984,58.0,60.0,0.8658983773859961,118,-2.0,-63.0,-0.02
07:43:12,321.8,20.0,332.0,36.0,317.98,43.0,335.0,45.0,326.9,10.199999999999989,63.0,81.0,0.8520445997482566,144,-18.0,26.0,-0.12
07:43:13,319.0,34.0,332.0,52.0,317.0,143.0,335.0,65.0,325.5,13.0,177.0,117.0,0.6996570588226013,294,60.0,150.0,0.2
07:43:14,319.0,16.0,332.0,32.0,317.0,88.0,335.0,40.0,325.5,13.0,104.0,72.0,0.6915056037081356,176,32.0,-118.0,0.18
07:43:15,319.0,24.0,331.13,52.0,317.0,132.0,334.14,56.0,325.07,12.129999999999995,156.0,108.0,0.8449556201123547,264,48.0,88.0,0.18
07:43:16,319.0,24.0,328.17,60.0,317.0,132.0,332.0,48.0,323.58,9.170000000000016,156.0,108.0,1.1885705700371219,264,48.0,0.0,0.18
07:43:17,319.0,32.0,324.7,50.0,317.0,176.0,326.27,45.0,321.85,5.699999999999989,208.0,95.0,1.5806486010358747,303,113.0,39.0,0.37
07:43:18,317.62,64.0,320.5,52.0,316.62,126.0,322.39,18.0,319.06,2.8799999999999955,190.0,70.0,2.632331666024339,260,120.0,-43.0,0.46
07:43:19,317.0,77.0,319.29,21.0,314.0,28.0,321.0,7.0,318.14,2.2900000000000205,105.0,28.0,2.933811514046519,133,77.0,-127.0,0.58
07:43:20,317.0,130.0,318.35,26.0,314.0,56.0,329.73,22.0,317.67,1.3500000000000227,186.0,48.0,2.549166530446631,234,138.0,101.0,0.59
07:43:21,318.76,51.0,332.0,15.0,315.12,32.0,334.87,30.0,325.38,13.240000000000009,83.0,45.0,3.2115806077303937,128,38.0,-106.0,0.3
07:43:22,322.0,65.0,329.92,24.0,317.0,52.0,332.15,26.0,325.96,7.920000000000016,117.0,50.0,4.0781515420532415,167,67.0,39.0,0.4
07:43:23,322.0,70.0,325.38,32.0,318.8,80.0,327.68,38.0,323.69,3.3799999999999955,150.0,70.0,3.9833867499845876,220,80.0,53.0,0.36
07:43:24,322.0,51.0,324.77,26.0,319.0,66.0,325.17,29.0,323.38,2.769999999999982,117.0,55.0,3.287176600055816,172,62.0,-48.0,0.36
07:43:25,322.0,33.0,324.43,21.0,319.0,72.0,326.29,42.0,323.21,2.430000000000007,105.0,63.0,1.2575492037914193,168,42.0,-4.0,0.25
07:43:26,322.0,12.0,323.67,24.0,319.0,36.0,334.0,12.0,322.83,1.670000000000016,48.0,36.0,1.2391650414515358,84,12.0,-84.0,0.14
07:43:27,319.95,40.0,327.38,32.0,318.6,60.0,346.75,40.0,323.66,7.430000000000007,100.0,72.0,0.3544432252912387,172,28.0,88.0,0.16
07:43:28,320.18,34.0,333.92,39.0,319.05,88.0,336.14,42.0,327.05,13.740000000000009,122.0,81.0,1.716982818771344,203,41.0,31.0,0.2
07:43:29,320.0,20.0,331.44,34.0,319.0,60.0,334.0,24.0,325.72,11.439999999999998,80.0,58.0,1.8130995559970755,138,22.0,-65.0,0.16
07:43:30,320.0,22.0,331.0,33.0,319.0,66.0,336.0,22.0,325.5,11.0,88.0,55.0,1.6929175998723365,143,33.0,5.0,0.23
07:43:31,320.35,43.0,330.0,68.0,319.11,94.0,332.63,49.0,325.17,9.649999999999977,137.0,117.0,1.2158741711041585,254,20.0,111.0,0.08
07:43:32,321.0,42.0,326.78,49.0,320.0,28.0,328.37,49.0,323.89,5.779999999999973,70.0,98.0,1.1342530581657377,168,-28.0,-86.0,-0.17
07:43:33,320.56,32.0,324.08,52.0,318.8,40.0,325.61,41.0,322.32,3.519999999999982,72.0,93.0,1.4194893447845647,165,-21.0,-3.0,-0.13
07:43:34,319.0,20.0,323.22,36.0,316.18,22.0,324.86,35.0,321.11,4.220000000000027,42.0,71.0,1.8706603112151257,113,-29.0,-52.0,-0.26
07:43:35,316.19,128.0,319.39,38.0,315.17,48.0,324.13,46.0,317.79,3.1999999999999886,176.0,84.0,2.8383058327025195,260,92.0,147.0,0.35
07:43:36,316.0,135.0,317.0,42.0,314.0,28.0,327.77,52.0,316.5,1.0,163.0,94.0,3.096864543364865,257,69.0,-3.0,0.27
07:43:37,316.0,69.0,323.19,31.0,314.0,18.0,330.0,40.0,319.6,7.189999999999998,87.0,71.0,2.37023838462488,158,16.0,-99.0,0.1
07:43:38,317.65,34.0,329.0,32.0,316.4,20.0,331.0,40.0,323.32,11.350000000000023,54.0,72.0,2.6918450921160906,126,-18.0,-32.0,-0.14
07:43:39,319.24,63.0,328.74,65.0,318.24,42.0,330.8,89.0,323.99,9.5,105.0,154.0,3.314687013874821,259,-49.0,133.0,-0.19
07:43:40,319.65,23.0,330.0,27.0,318.38,26.0,332.33,36.0,324.83,10.350000000000023,49.0,63.0,3.503636682070865,112,-14.0,-147.0,-0.12
07:43:41,320.7,66.0,328.19,58.0,318.09,44.0,330.32,37.0,324.44,7.490000000000009,110.0,95.0,2.1087033930723615,205,15.0,93.0,0.07
07:43:42,321.0,128.0,325.29,52.0,318.0,64.0,326.32,76.0,323.14,4.2900000000000205,192.0,128.0,0.7191870410094702,320,64.0,115.0,0.2
07:43:43,322.0,154.0,324.05,58.0,321.0,112.0,325.17,65.0,323.03,2.0500000000000114,266.0,123.0,0.790272105009339,389,143.0,69.0,0.37
07:43:44,321.28,111.0,326.0,50.0,320.14,70.0,328.47,30.0,323.64,4.720000000000027,181.0,80.0,0.7942480720504134,261,101.0,-128.0,0.39
07:43:45,321.0,88.0,326.36,22.0,319.0,33.0,328.0,33.0,323.68,5.360000000000014,121.0,55.0,0.5588201857086921,176,66.0,-85.0,0.38
07:43:46,321.0,44.0,326.0,14.0,319.0,21.0,328.0,21.0,323.5,5.0,65.0,35.0,0.2960067566040333,100,30.0,-76.0,0.3
07:43:47,321.0,60.0,325.0,30.0,319.0,45.0,328.33,45.0,323.0,4.0,105.0,75.0,0.33105890707726976,180,30.0,80.0,0.17
07:43:48,321.0,36.0,324.0,18.0,319.0,27.0,329.0,27.0,322.5,3.0,63.0,45.0,0.5058458262702616,108,18.0,-72.0,0.17
07:43:49,321.0,48.0,323.33,24.0,319.0,36.0,329.0,36.0,322.17,2.329999999999984,84.0,60.0,0.6416385274861631,144,24.0,36.0,0.17
07:43:50,321.0,44.0,322.18,22.0,319.0,33.0,329.0,33.0,321.59,1.1800000000000068,77.0,55.0,0.7371363509921236,132,22.0,-12.0,0.17
07:43:51,321.0,28.0,327.6,30.0,319.0,33.0,330.88,17.0,324.3,6.600000000000023,61.0,47.0,1.0249731703582394,108,14.0,-24.0,0.13
07:43:52,319.2,20.0,329.6,30.0,316.99,74.0,398.79,14.0,324.4,10.400000000000034,94.0,44.0,1.2822519253074205,138,50.0,30.0,0.36
07:43:53,319.0,18.0,329.57,23.0,318.0,72.0,331.85,13.0,324.28,10.569999999999993,90.0,36.0,1.3564549384167017,126,54.0,-12.0,0.43
07:43:54,319.0,18.0,331.0,27.0,318.0,72.0,332.56,9.0,325.0,12.0,90.0,36.0,1.3322462234721724,126,54.0,0.0,0.43
07:43:55,319.0,22.0,330.24,37.0,318.0,88.0,331.13,23.0,324.62,11.240000000000009,110.0,60.0,0.3003331482815683,170,50.0,44.0,0.29
07:43:56,319.0,30.0,328.27,45.0,318.0,120.0,330.0,15.0,323.63,9.269999999999982,150.0,60.0,0.5036665563212626,210,90.0,40.0,0.43
07:43:57,319.11,27.0,324.71,42.0,318.02,106.0,326.68,40.0,321.91,5.599999999999966,133.0,82.0,1.2150185183591862,215,51.0,5.0,0.24
07:43:58,319.0,26.0,322.42,38.0,318.0,104.0,330.0,15.0,320.71,3.420000000000016,130.0,53.0,1.8236035753295579,183,77.0,-32.0,0.42
07:43:59,318.22,63.0,320.15,39.0,316.76,147.0,321.29,31.0,319.19,1.92999999999995,210.0,70.0,2.1845411417396305,280,140.0,97.0,0.5
07:44:00,318.46,26.0,320.0,18.0,317.04,54.0,321.0,12.0,319.23,1.5400000000000205,80.0,30.0,1.8852267767967599,110,50.0,-170.0,0.45
07:44:01,318.1,93.0,320.3,33.0,316.24,177.0,330.43,42.0,319.2,2.1999999999999886,270.0,75.0,1.227770336809853,345,195.0,176.0,0.57
07:44:02,316.37,62.0,328.69,26.0,315.11,84.0,333.0,18.0,322.53,12.319999999999993,146.0,44.0,1.47021086921242,190,102.0,-155.0,0.54
07:44:03,316.0,165.0,332.35,37.0,313.0,75.0,333.61,23.0,324.18,16.350000000000023,240.0,60.0,2.3458751032293867,300,180.0,110.0,0.6
07:44:04,316.0,121.0,330.0,33.0,313.0,55.0,331.0,11.0,323.0,14.0,176.0,44.0,2.2833243308721443,220,132.0,-80.0,0.6
07:44:05,316.73,103.0,329.72,25.0,314.74,95.0,330.22,27.0,323.22,12.990000000000009,198.0,52.0,1.900941871797784,250,146.0,30.0,0.58
07:44:06,316.0,110.0,328.4,10.0,313.0,50.0,330.0,30.0,322.2,12.399999999999977,160.0,40.0,0.758010553986552,200,120.0,-50.0,0.6
07:44:07,316.0,154.0,326.71,14.0,313.0,70.0,330.0,42.0,321.36,10.70999999999998,224.0,56.0,1.0670145265902575,280,168.0,80.0,0.6
07:44:08,316.31,118.0,324.33,18.0,314.57,126.0,330.0,72.0,320.32,8.019999999999982,244.0,90.0,1.1998333217382684,334,154.0,54.0,0.46
07:44:09,316.0,36.0,323.56,9.0,313.0,45.0,330.0,36.0,319.78,7.560000000000002,81.0,45.0,1.3912152960460804,126,36.0,-176.0,0.29
07:44:10,321.51,49.0,323.0,10.0,315.63,41.0,330.0,31.0,322.26,1.490000000000009,90.0,41.0,1.1111615543890419,131,49.0,5.0,0.37
07:44:11,322.0,22.0,323.0,8.0,316.0,32.0,328.79,14.0,322.5,1.0,54.0,22.0,1.1853607045757701,76,32.0,-55.0,0.42
07:44:12,322.0,9.0,325.0,6.0,317.15,26.0,328.6,15.0,323.5,3.0,35.0,21.0,1.5636879483941202,56,14.0,-20.0,0.25
07:44:13,321.25,12.0,327.0,10.0,318.76,49.0,329.0,40.0,324.12,5.75,61.0,50.0,1.6626244314198426,111,11.0,55.0,0.1
07:44:14,319.0,30.0,327.0,10.0,316.0,40.0,329.0,40.0,323.0,8.0,70.0,50.0,0.7538434850518372,120,20.0,9.0,0.17
07:44:15,319.81,32.0,327.0,15.0,318.49,47.0,329.0,60.0,323.41,7.189999999999998,79.0,75.0,0.6029759530490797,154,4.0,34.0,0.03
07:44:16,320.0,12.0,327.0,6.0,319.0,18.0,329.0,24.0,323.5,7.0,30.0,30.0,0.40072434410170465,60,0.0,-94.0,0.0
07:44:17,320.67,12.0,327.0,6.0,319.0,18.0,329.0,24.0,323.83,6.329999999999984,30.0,30.0,0.4258755686298987,60,0.0,0.0,0.0
07:44:18,321.0,22.0,327.0,7.0,319.0,21.0,329.0,28.0,324.0,6.0,43.0,35.0,0.3890629768505358,78,8.0,18.0,0.1
07:44:19,322.33,24.0,326.08,26.0,320.85,39.0,328.0,16.0,324.21,3.75,63.0,42.0,0.3356337288714908,105,21.0,27.0,0.2
07:44:20,322.76,25.0,325.2,45.0,320.87,47.0,326.1,30.0,323.98,2.4399999999999977,72.0,75.0,0.2633059056617849,147,-3.0,42.0,-0.02
07:44:21,319.92,39.0,322.58,55.0,318.16,25.0,323.47,60.0,321.25,2.659999999999968,64.0,115.0,1.239487797421042,179,-51.0,32.0,-0.28
07:44:22,317.57,23.0,320.13,69.0,311.81,67.0,321.95,59.0,318.85,2.5600000000000023,90.0,128.0,2.3580012722545542,218,-38.0,39.0,-0.17
07:44:23,314.4,20.0,320.0,40.0,311.08,48.0,322.0,32.0,317.2,5.600000000000023,68.0,72.0,3.092793235887597,140,-4.0,-78.0,-0.03
07:44:24,314.09,35.0,318.94,54.0,308.62,52.0,322.0,44.0,316.52,4.850000000000023,87.0,98.0,3.0703338580600326,185,-11.0,45.0,-0.06
07:44:25,314.09,35.0,321.55,44.0,308.51,49.0,335.15,54.0,317.82,7.460000000000036,84.0,98.0,1.8445785426345702,182,-14.0,-3.0,-0.08
07:44:26,314.0,40.0,320.39,36.0,307.0,50.0,328.48,46.0,317.19,6.389999999999986,90.0,82.0,0.8760878951033952,172,8.0,-10.0,0.05
07:44:27,314.0,20.0,318.0,15.0,307.0,25.0,320.0,20.0,316.0,4.0,45.0,35.0,0.700771003927749,80,10.0,-92.0,0.12
07:44:28,308.91,55.0,315.91,53.0,306.3,69.0,325.31,68.0,312.41,7.0,124.0,121.0,2.1146087108362432,245,3.0,165.0,0.01
07:44:29,307.0,80.0,310.56,66.0,304.18,34.0,312.32,38.0,308.78,3.5600000000000023,114.0,104.0,3.793975487525241,218,10.0,-27.0,0.05
07:44:30,307.0,65.0,308.89,45.0,304.15,26.0,309.24,33.0,307.94,1.8899999999999864,91.0,78.0,4.149690349886313,169,13.0,-49.0,0.08
07:44:31,305.79,28.0,308.26,27.0,304.0,18.0,308.96,27.0,307.02,2.4699999999999704,46.0,54.0,3.724781872799634,100,-8.0,-69.0,-0.08
07:44:32,303.83,24.0,305.35,20.0,298.67,21.0,306.31,16.0,304.59,1.5200000000000387,45.0,36.0,2.85215181922939,81,9.0,-19.0,0.11
07:44:33,302.0,7.0,305.0,7.0,295.0,35.0,306.0,7.0,303.5,3.0,42.0,14.0,2.2416913257473223,56,28.0,-25.0,0.5
07:44:34,303.0,49.0,308.7,27.0,302.0,7.0,312.36,22.0,305.85,5.699999999999989,56.0,49.0,1.7904329085251867,105,7.0,49.0,0.07
07:44:35,303.75,56.0,309.0,40.0,300.5,8.0,313.0,32.0,306.38,5.25,64.0,72.0,1.4168874337538262,136,-8.0,31.0,-0.06
07:44:36,304.27,77.0,308.49,47.0,296.0,11.0,311.33,48.0,306.38,4.220000000000027,88.0,95.0,1.2620816138147792,183,-7.0,47.0,-0.04
07:44:37,305.84,88.0,308.38,58.0,304.73,79.0,311.06,62.0,307.11,2.5400000000000205,167.0,120.0,1.384893497684963,287,47.0,104.0,0.16
07:44:38,308.0,42.0,309.0,17.0,307.0,49.0,313.0,28.0,308.5,1.0,91.0,45.0,1.0285572419324405,136,46.0,-151.0,0.34
07:44:39,307.64,78.0,311.67,36.0,306.54,78.0,316.33,54.0,309.65,4.03000000000003,156.0,90.0,1.4343395692557903,246,66.0,110.0,0.27
07:44:40,310.24,74.0,314.0,48.0,308.94,64.0,319.37,54.0,312.12,3.759999999999991,138.0,102.0,2.2658265599852947,240,36.0,-6.0,0.15
07:44:41,312.48,66.0,319.0,48.0,311.73,80.0,324.0,24.0,315.74,6.519999999999982,146.0,72.0,3.3992543299873743,218,74.0,-22.0,0.34
07:44:42,314.0,44.0,319.0,44.0,313.0,77.0,324.0,22.0,316.5,5.0,121.0,66.0,3.5624598243266,187,55.0,-31.0,0.29
07:44:43,315.0,48.0,318.31,26.0,313.85,47.0,319.5,40.0,316.65,3.3100000000000023,95.0,66.0,3.1092555378971096,161,29.0,-26.0,0.18
07:44:44,316.96,53.0,318.39,31.0,314.36,44.0,319.91,46.0,317.67,1.4300000000000068,97.0,77.0,2.135118263690923,174,20.0,13.0,0.11
07:44:45,314.36,22.0,319.0,32.0,302.22,55.0,326.0,16.0,316.68,4.639999999999986,77.0,48.0,0.6877281439261673,125,29.0,-49.0,0.23
07:44:46,314.44,9.0,319.0,28.0,303.57,46.0,326.0,14.0,316.72,4.560000000000002,55.0,42.0,0.46918013592700825,97,13.0,-28.0,0.13
07:44:47,303.26,121.0,319.0,48.0,282.82,61.0,326.0,24.0,311.13,15.740000000000009,182.0,72.0,2.6289066168174267,254,110.0,157.0,0.43
07:44:48,303.0,207.0,319.0,36.0,300.0,154.0,326.0,18.0,311.0,16.0,361.0,54.0,3.287803217947254,415,307.0,161.0,0.74
07:44:49,303.0,299.0,317.98,49.0,300.0,247.0,320.5,40.0,310.49,14.980000000000018,546.0,89.0,3.200379664968126,635,457.0,176.0,0.72
07:44:50,303.25,163.0,307.0,18.0,301.51,229.0,317.0,33.0,305.12,3.75,392.0,51.0,4.108268491705099,443,341.0,-176.0,0.77
07:44:51,303.32,200.0,316.14,44.0,301.04,200.0,317.75,59.0,309.73,12.819999999999993,400.0,103.0,2.506198316162146,503,297.0,60.0,0.59
07:44:52,305.0,56.0,313.64,56.0,298.41,390.0,315.46,52.0,309.32,8.639999999999986,446.0,108.0,2.3357375708613395,554,338.0,51.0,0.61
07:44:53,305.0,32.0,311.88,32.0,299.0,184.0,313.0,32.0,308.44,6.8799999999999955,216.0,64.0,2.0917337306483694,280,152.0,-176.0,0.54
07:44:54,305.93,56.0,309.55,62.0,299.0,441.0,311.71,56.0,307.74,3.6200000000000045,497.0,118.0,1.8211534806080936,615,379.0,176.0,0.62
07:44:55,306.96,114.0,308.4,50.0,299.3,179.0,310.67,48.0,307.68,1.4399999999999977,293.0,98.0,0.9226700384926774,391,195.0,-176.0,0.5
07:44:56,307.43,70.0,309.0,21.0,297.54,149.0,313.0,28.0,308.21,1.5699999999999932,219.0,49.0,0.6640180719915825,268,170.0,-123.0,0.63
07:44:57,301.84,126.0,311.29,42.0,295.71,212.0,316.0,42.0,306.56,9.450000000000045,338.0,84.0,0.7255894155307567,422,254.0,154.0,0.6
07:44:58,298.62,8.0,313.0,32.0,297.19,26.0,320.0,24.0,305.81,14.379999999999995,34.0,56.0,0.9853679515435528,90,-22.0,-176.0,-0.24
07:44:59,300.45,33.0,315.55,44.0,299.91,75.0,336.34,50.0,308.0,15.100000000000023,108.0,94.0,1.0269712751237214,202,14.0,112.0,0.07
07:45:00,304.11,18.0,320.0,36.0,300.77,247.0,325.0,90.0,312.06,15.889999999999986,265.0,126.0,2.4143052830847718,391,139.0,176.0,0.36
07:45:01,307.9,20.0,320.0,28.0,306.99,92.0,325.0,70.0,313.95,12.100000000000023,112.0,98.0,3.557208174950307,210,14.0,-176.0,0.07
07:45:02,311.26,88.0,324.1,78.0,311.01,92.0,353.08,60.0,317.68,12.840000000000032,180.0,138.0,4.7205561113006285,318,42.0,108.0,0.13
07:45:03,314.54,24.0,323.0,36.0,312.06,72.0,462.13,31.0,318.77,8.45999999999998,96.0,67.0,4.359446065722443,163,29.0,-155.0,0.18
07:45:04,315.05,101.0,320.81,42.0,314.6,35.0,322.04,45.0,317.93,5.759999999999991,136.0,87.0,2.9118670986064816,223,49.0,60.0,0.22
07:45:05,316.24,46.0,318.95,40.0,314.88,80.0,320.0,30.0,317.59,2.7099999999999795,126.0,70.0,1.8669172450725329,196,56.0,-27.0,0.29
07:45:06,316.71,49.0,318.76,33.0,315.0,15.0,320.94,33.0,317.74,2.0500000000000114,64.0,66.0,0.4793433007258475,130,-2.0,-66.0,-0.02
07:45:07,317.0,22.0,318.55,22.0,315.0,11.0,322.82,33.0,317.77,1.5500000000000114,33.0,55.0,0.4686149805018937,88,-22.0,-42.0,-0.25
07:45:08,317.2,20.0,319.0,20.0,315.0,10.0,325.87,31.0,318.1,1.8000000000000114,30.0,51.0,0.1950128199646005,81,-21.0,-7.0,-0.26
07:45:09,315.0,12.0,325.0,48.0,303.0,36.0,326.0,36.0,320.0,10.0,48.0,84.0,1.001324123324385,132,-36.0,51.0,-0.27
07:45:10,315.0,14.0,323.02,45.0,303.0,42.0,325.13,47.0,319.01,8.019999999999982,56.0,92.0,0.9718178841490305,148,-36.0,16.0,-0.24
07:45:11,315.0,10.0,317.32,44.0,303.0,30.0,321.18,34.0,316.16,2.319999999999993,40.0,78.0,1.4363390964362357,118,-38.0,-30.0,-0.32
07:45:12,303.0,30.0,312.27,45.0,300.0,30.0,316.32,37.0,307.63,9.269999999999982,60.0,82.0,4.984741718479234,142,-22.0,24.0,-0.15
07:45:13,303.26,38.0,307.17,47.0,300.31,39.0,308.64,56.0,305.22,3.910000000000025,77.0,103.0,6.75734637264823,180,-26.0,38.0,-0.14
07:45:14,304.0,33.0,308.16,31.0,300.0,39.0,311.07,58.0,306.08,4.160000000000025,72.0,89.0,6.316553648939987,161,-17.0,-19.0,-0.11
07:45:15,300.08,26.0,309.0,36.0,298.17,35.0,313.0,45.0,304.54,8.920000000000016,61.0,81.0,4.7455642446322095,142,-20.0,-19.0,-0.14
07:45:16,300.22,69.0,310.67,48.0,298.07,43.0,314.12,43.0,305.44,10.449999999999989,112.0,91.0,1.1703930963259672,203,21.0,61.0,0.1
07:45:17,302.0,98.0,311.67,30.0,298.0,56.0,313.74,58.0,306.83,9.670000000000016,154.0,88.0,0.8709879447657018,242,66.0,39.0,0.27
