Time,Bid1_Price,Bid1_Volume,Ask1_Price,Ask1_Volume,Bid2_Price,Bid2_Volume,Ask2_Price,Ask2_Volume,Mid-Price,Bid_Ask_Spread,Market_Depth_Bid,Market_Depth_Ask,Historical_Volatility,Total_volume,Cumulative_Volume_Difference,Total_Volume_Change_Corrected,Order_imbalance
07:30:08,139.5,36.0,146.33,6.0,135.0,18.0,147.95,21.0,142.92,6.8300000000000125,54.0,27.0,19.38022703685373,81,27.0,34.0,0.33
07:30:09,140.57,56.0,147.0,10.0,136.73,33.0,148.0,40.0,143.79,6.430000000000007,89.0,50.0,1.5943870295497682,139,39.0,58.0,0.28
07:30:10,141.5,36.0,147.5,8.0,136.0,18.0,149.33,24.0,144.5,6.0,54.0,32.0,1.9978538485075725,86,22.0,-53.0,0.26
07:30:11,142.5,36.0,148.0,12.0,136.0,18.0,151.8,25.0,145.25,5.5,54.0,37.0,1.8319852619484966,91,17.0,5.0,0.19
07:30:12,143.0,42.0,147.17,18.0,136.0,21.0,150.0,15.0,145.08,4.1699999999999875,63.0,33.0,0.9637271398048817,96,30.0,5.0,0.31
07:30:13,145.4,48.0,147.1,20.0,140.59,22.0,149.88,16.0,146.25,1.6999999999999886,70.0,36.0,0.9140733012162932,106,34.0,10.0,0.32
07:30:14,146.2,49.0,150.14,21.0,145.43,28.0,151.23,39.0,148.17,3.9399999999999977,77.0,60.0,1.4420298193852905,137,17.0,31.0,0.12
07:30:15,150.16,86.0,151.42,57.0,148.92,26.0,206.94,34.0,150.79,1.259999999999991,112.0,91.0,2.3971900216704296,203,21.0,66.0,0.1
07:30:16,152.08,49.0,286.31,16.0,150.6,15.0,699.76,17.0,219.2,134.23,64.0,33.0,32.10556758570069,97,31.0,-106.0,0.32
07:30:17,153.47,64.0,433.29,17.0,151.46,13.0,582.92,13.0,293.38,279.82000000000005,77.0,30.0,64.67063297973813,107,47.0,10.0,0.44
07:30:18,155.0,18.0,411.2,5.0,153.0,6.0,518.33,6.0,283.1,256.2,24.0,11.0,69.48147501312845,35,13.0,-72.0,0.37
07:30:19,155.71,42.0,164.0,7.0,153.0,14.0,432.86,14.0,159.86,8.289999999999992,56.0,21.0,66.64402508852532,77,35.0,42.0,0.45
07:30:20,156.0,48.0,161.92,36.0,153.0,16.0,290.86,14.0,158.96,5.9199999999999875,64.0,50.0,64.55138573260834,114,14.0,37.0,0.12
07:30:21,156.9,60.0,160.7,50.0,153.0,20.0,312.0,20.0,158.8,3.799999999999983,80.0,70.0,70.76901440602371,150,10.0,36.0,0.07
07:30:22,157.0,60.0,160.0,50.0,153.0,20.0,275.6,25.0,158.5,3.0,80.0,75.0,55.48810575249432,155,5.0,5.0,0.03
07:30:23,156.27,11.0,158.5,50.0,152.9,20.0,199.54,13.0,157.39,2.2299999999999898,31.0,63.0,0.8915267803008072,94,-32.0,-61.0,-0.34
07:30:24,152.89,18.0,217.79,33.0,151.59,27.0,326.77,26.0,185.34,64.9,45.0,59.0,12.05793597594519,104,-14.0,10.0,-0.13
07:30:25,152.0,18.0,237.77,13.0,151.0,126.0,284.7,20.0,194.88,85.77000000000001,144.0,33.0,17.791925696787086,177,111.0,73.0,0.63
07:30:26,152.9,70.0,203.59,34.0,151.03,126.0,225.0,36.0,178.24,50.69,196.0,70.0,16.544675880777856,266,126.0,89.0,0.47
07:30:27,151.12,95.0,157.28,29.0,150.85,82.0,158.22,18.0,154.2,6.159999999999997,177.0,47.0,17.681057660671563,224,130.0,-42.0,0.58
07:30:28,151.62,53.0,156.0,47.0,151.0,210.0,157.05,38.0,153.81,4.3799999999999955,263.0,85.0,18.572368723455618,348,178.0,124.0,0.51
07:30:29,151.0,215.0,153.03,35.0,149.03,69.0,181.06,34.0,152.01,2.030000000000001,284.0,69.0,19.140639226525135,353,215.0,5.0,0.61
07:30:31,151.0,99.0,432.58,19.0,149.0,54.0,595.84,31.0,291.79,281.58,153.0,50.0,107.69660287121407,203,103.0,47.0,0.51
07:30:32,151.0,88.0,366.0,32.0,149.0,48.0,483.25,16.0,258.5,215.0,136.0,48.0,99.63718166427628,184,88.0,-19.0,0.48
07:30:33,151.0,121.0,344.1,20.0,149.0,66.0,362.28,36.0,247.55,193.10000000000002,187.0,56.0,85.03994972952415,243,131.0,59.0,0.54
07:30:34,151.13,115.0,275.36,22.0,149.31,71.0,364.62,26.0,213.25,124.23000000000002,186.0,48.0,66.65893315977983,234,138.0,-9.0,0.59
07:30:35,154.0,15.0,364.0,6.0,151.0,33.0,366.0,12.0,259.0,210.0,48.0,18.0,28.175776298089705,66,30.0,-168.0,0.45
07:30:36,154.0,20.0,365.45,22.0,151.0,88.0,428.08,26.0,259.73,211.45,108.0,48.0,19.848373484998536,156,60.0,90.0,0.38
07:30:37,154.0,15.0,294.2,30.0,151.0,165.0,335.65,40.0,224.1,140.2,180.0,70.0,21.053577605718047,250,110.0,94.0,0.44
07:30:38,151.11,80.0,238.65,17.0,149.88,75.0,257.7,20.0,194.88,87.53999999999999,155.0,37.0,28.60714718387682,192,118.0,-58.0,0.61
07:30:39,151.0,100.0,152.33,15.0,149.0,60.0,232.6,15.0,151.67,1.3300000000000125,160.0,30.0,45.80864907416492,190,130.0,-2.0,0.68
07:30:40,151.0,68.0,153.0,41.0,149.0,66.0,331.67,21.0,152.0,2.0,134.0,62.0,46.77711331409825,196,72.0,6.0,0.37
07:30:41,151.0,42.0,152.65,46.0,149.0,54.0,175.76,29.0,151.83,1.6500000000000057,96.0,75.0,33.22690220288349,171,21.0,-25.0,0.12
07:30:42,149.69,51.0,153.12,76.0,148.76,118.0,204.43,21.0,151.4,3.430000000000007,169.0,97.0,19.30076760131527,266,72.0,95.0,0.27
07:30:43,152.0,14.0,153.9,40.0,151.0,70.0,155.33,18.0,152.95,1.9000000000000057,84.0,58.0,0.5907198997662811,142,26.0,-124.0,0.18
07:30:44,153.87,71.0,259.5,24.0,150.82,44.0,402.82,22.0,206.69,105.63,115.0,46.0,24.444550108357113,161,69.0,19.0,0.43
07:30:45,155.0,27.0,290.0,21.0,152.55,31.0,472.0,7.0,222.5,135.0,58.0,28.0,34.709545228942204,86,30.0,-75.0,0.35
07:30:46,151.63,30.0,290.0,30.0,152.46,26.0,419.2,10.0,220.82,138.37,56.0,40.0,35.85923549101384,96,16.0,10.0,0.17
07:30:47,151.35,17.0,290.0,15.0,150.54,13.0,478.0,5.0,220.68,138.65,30.0,20.0,29.639810559448414,50,10.0,-46.0,0.2
07:30:48,158.55,11.0,183.91,23.0,153.0,15.0,253.97,29.0,171.23,25.359999999999985,26.0,52.0,21.727842276673275,78,-26.0,28.0,-0.33
07:30:49,151.68,31.0,335.69,16.0,150.71,41.0,489.53,15.0,243.68,184.01,72.0,31.0,26.72864792689656,103,41.0,25.0,0.4
07:30:50,151.0,36.0,225.22,9.0,148.48,58.0,423.0,18.0,188.11,74.22,94.0,27.0,28.903962185139783,121,67.0,18.0,0.55
07:30:51,152.58,24.0,171.82,17.0,151.0,48.0,341.63,19.0,162.2,19.23999999999998,72.0,36.0,34.255538968172566,108,36.0,-13.0,0.33
07:30:52,153.0,16.0,164.0,16.0,151.0,32.0,269.36,11.0,158.5,11.0,48.0,27.0,34.87258851877772,75,21.0,-33.0,0.28
07:30:53,153.0,16.0,164.0,16.0,151.0,42.0,203.86,14.0,158.5,11.0,58.0,30.0,36.53114588950075,88,28.0,13.0,0.32
07:30:54,151.71,28.0,164.0,16.0,150.43,63.0,288.12,16.0,157.86,12.289999999999992,91.0,32.0,13.013319330593047,123,59.0,35.0,0.48
07:30:55,151.0,24.0,206.75,8.0,149.0,24.0,395.5,8.0,178.88,55.75,48.0,16.0,8.9380825684252,64,32.0,-59.0,0.5
07:30:56,151.0,14.0,324.29,7.0,149.0,30.0,431.8,10.0,237.64,173.29000000000002,44.0,17.0,34.36365347281901,61,27.0,-3.0,0.44
07:30:57,150.23,26.0,193.4,30.0,148.23,78.0,279.24,21.0,171.82,43.170000000000016,104.0,51.0,32.93382759413163,155,53.0,94.0,0.34
07:30:58,149.0,35.0,158.0,35.0,147.0,105.0,159.0,7.0,153.5,9.0,140.0,42.0,33.84873705177176,182,98.0,27.0,0.54
07:30:59,149.0,60.0,156.83,60.0,147.0,180.0,202.21,28.0,152.92,7.8300000000000125,240.0,88.0,34.71534703844953,328,152.0,146.0,0.46
07:31:00,147.62,120.0,154.67,60.0,144.08,128.0,244.05,42.0,151.15,7.049999999999983,248.0,102.0,36.87742100527078,350,146.0,22.0,0.42
07:31:01,148.43,98.0,153.44,45.0,147.41,68.0,315.44,18.0,150.94,5.009999999999991,166.0,63.0,8.875712929111037,229,103.0,-121.0,0.45
07:31:02,151.43,42.0,153.0,31.0,145.22,97.0,382.71,14.0,152.21,1.5699999999999932,139.0,45.0,1.1048665077688211,184,94.0,-45.0,0.51
07:31:03,147.9,87.0,152.91,11.0,142.85,120.0,428.06,34.0,150.4,5.009999999999991,207.0,45.0,1.0202597708374634,252,162.0,68.0,0.64
07:31:04,145.28,43.0,149.2,15.0,144.15,136.0,197.46,39.0,147.24,3.9199999999999875,179.0,54.0,1.8785020628121223,233,125.0,-19.0,0.54
07:31:05,148.43,23.0,150.0,33.0,144.06,87.0,548.67,15.0,149.22,1.5699999999999932,110.0,48.0,1.8810688450956368,158,62.0,-75.0,0.39
07:31:06,148.91,32.0,150.0,36.0,143.46,54.0,359.09,22.0,149.45,1.0900000000000034,86.0,58.0,1.8120789166008917,144,28.0,-14.0,0.19
07:31:07,142.2,35.0,150.0,10.0,141.0,40.0,152.0,10.0,146.1,7.800000000000011,75.0,20.0,1.7590395106391328,95,55.0,-49.0,0.58
07:31:08,142.0,42.0,149.0,12.0,141.0,48.0,152.0,17.0,145.5,7.0,90.0,29.0,1.7880492163219672,119,61.0,24.0,0.51
07:31:09,141.28,100.0,147.83,47.0,112.21,89.0,150.64,33.0,144.55,6.550000000000011,189.0,80.0,2.235336663679452,269,109.0,150.0,0.41
07:31:10,142.0,18.0,147.0,50.0,141.0,80.0,149.0,48.0,144.5,5.0,98.0,98.0,2.031809538315438,196,0.0,-73.0,0.0
07:31:11,142.0,36.0,147.0,30.0,106.53,45.0,148.0,12.0,144.5,5.0,81.0,42.0,0.7345066371311112,123,39.0,-73.0,0.32
07:31:12,142.34,29.0,146.18,55.0,138.52,93.0,148.0,22.0,144.26,3.8400000000000034,122.0,77.0,0.481892104095606,199,45.0,76.0,0.23
07:31:13,147.33,15.0,169.09,23.0,142.02,83.0,215.95,20.0,158.21,21.75999999999999,98.0,43.0,6.1535786336074,141,55.0,-58.0,0.39
07:31:14,154.06,34.0,334.77,13.0,149.57,35.0,543.19,16.0,244.41,180.70999999999998,69.0,29.0,43.586193112039375,98,40.0,-43.0,0.41
07:31:15,154.0,8.0,389.12,8.0,149.0,80.0,458.25,8.0,271.56,235.12,88.0,16.0,60.72889485245049,104,72.0,6.0,0.69
07:31:16,152.5,8.0,252.0,14.0,150.8,15.0,428.67,6.0,202.25,99.5,23.0,20.0,54.46531162125107,43,3.0,-61.0,0.07
07:31:17,153.91,45.0,234.9,30.0,151.13,31.0,394.09,22.0,194.41,80.99000000000001,76.0,52.0,44.36252720483794,128,24.0,85.0,0.19
07:31:18,158.02,61.0,191.0,10.0,153.76,37.0,302.1,30.0,174.51,32.97999999999999,98.0,40.0,39.56152322648847,138,58.0,10.0,0.42
07:31:19,159.0,57.0,244.22,27.0,154.0,60.0,322.73,37.0,201.61,85.22,117.0,64.0,36.79765372955165,181,53.0,43.0,0.29
07:31:20,157.42,19.0,221.95,19.0,153.87,60.0,286.76,17.0,189.68,64.53,79.0,36.0,11.32800600282266,115,43.0,-66.0,0.37
07:31:21,154.0,33.0,239.48,29.0,153.0,33.0,253.09,11.0,196.74,85.47999999999999,66.0,40.0,10.36882105159435,106,26.0,-9.0,0.25
07:31:22,154.0,27.0,245.0,9.0,153.0,27.0,398.27,11.0,199.5,91.0,54.0,20.0,10.971780621211227,74,34.0,-32.0,0.46
07:31:23,154.0,27.0,222.0,22.0,153.0,30.0,236.91,22.0,188.0,68.0,57.0,44.0,6.00449664834499,101,13.0,27.0,0.13
07:31:24,154.0,32.0,215.46,24.0,153.0,48.0,217.0,28.0,184.73,61.46000000000001,80.0,52.0,6.176333864031812,132,28.0,31.0,0.21
07:31:25,154.0,16.0,211.67,12.0,153.0,24.0,212.8,10.0,182.83,57.66999999999999,40.0,22.0,7.3859901164289425,62,18.0,-70.0,0.29
07:31:26,154.0,28.0,198.0,21.0,153.0,42.0,193.53,34.0,176.0,44.0,70.0,55.0,8.626805318307923,125,15.0,63.0,0.12
07:31:27,154.0,32.0,184.75,16.0,153.0,48.0,195.33,45.0,169.38,30.75,80.0,61.0,7.466416141629512,141,19.0,16.0,0.13
07:31:28,152.33,42.0,183.14,21.0,151.38,68.0,196.78,18.0,167.74,30.809999999999974,110.0,39.0,7.661940354765599,149,71.0,8.0,0.48
07:31:29,153.86,84.0,180.5,14.0,152.4,40.0,182.0,28.0,167.18,26.639999999999986,124.0,42.0,6.700259696458463,166,82.0,17.0,0.49
07:31:30,157.0,55.0,179.0,16.0,154.27,95.0,181.87,31.0,168.0,22.0,150.0,47.0,3.635464206946008,197,103.0,31.0,0.52
07:31:31,154.33,36.0,176.64,11.0,152.72,50.0,177.55,11.0,165.48,22.309999999999974,86.0,22.0,1.4150194344904026,108,64.0,-89.0,0.59
07:31:32,154.0,30.0,172.43,28.0,152.0,40.0,172.81,21.0,163.21,18.430000000000007,70.0,49.0,1.9972531136502085,119,21.0,11.0,0.18
07:31:33,154.0,30.0,167.07,15.0,152.0,40.0,168.59,17.0,160.53,13.069999999999993,70.0,32.0,3.0453160755470603,102,38.0,-17.0,0.37
07:31:34,152.08,73.0,163.75,24.0,151.04,92.0,165.25,24.0,157.92,11.669999999999987,165.0,48.0,3.971708700293263,213,117.0,111.0,0.55
07:31:35,151.0,216.0,162.62,21.0,150.0,60.0,166.5,20.0,156.81,11.620000000000005,276.0,41.0,3.6054611355532624,317,235.0,104.0,0.74
07:31:36,151.0,276.0,158.32,25.0,150.0,72.0,160.11,27.0,154.66,7.319999999999993,348.0,52.0,3.3227894907719975,400,296.0,83.0,0.74
07:31:37,151.05,257.0,155.09,32.0,150.58,158.0,155.89,35.0,153.07,4.039999999999992,415.0,67.0,2.8920529040777527,482,348.0,82.0,0.72
07:31:38,151.38,125.0,154.42,36.0,150.7,242.0,156.07,29.0,152.9,3.039999999999992,367.0,65.0,2.2375812834362936,432,302.0,-50.0,0.7
07:31:39,151.11,148.0,295.91,33.0,150.49,118.0,465.91,35.0,223.51,144.8,266.0,68.0,30.96476303800798,334,198.0,-98.0,0.59
07:31:40,153.2,30.0,349.49,41.0,151.08,144.0,567.71,41.0,251.34,196.29000000000002,174.0,82.0,46.990690886599936,256,92.0,-78.0,0.36
07:31:41,155.0,42.0,330.49,67.0,153.33,18.0,462.21,56.0,242.75,175.49,60.0,123.0,48.28510153246017,183,-63.0,-73.0,-0.34
07:31:42,154.83,18.0,380.67,24.0,151.21,71.0,491.33,24.0,267.75,225.84,89.0,48.0,44.72677665560069,137,41.0,-46.0,0.3
07:31:43,155.29,28.0,392.4,50.0,154.13,15.0,527.33,48.0,273.84,237.10999999999999,43.0,98.0,20.14072416771518,141,-55.0,4.0,-0.39
07:31:44,155.92,26.0,323.21,53.0,154.38,16.0,430.62,64.0,239.57,167.29,42.0,117.0,15.157824712008855,159,-75.0,18.0,-0.47
07:31:45,155.0,13.0,317.86,42.0,154.0,11.0,418.79,29.0,236.43,162.86,24.0,71.0,17.37467467321292,95,-47.0,-64.0,-0.49
07:31:46,155.0,9.0,208.78,27.0,154.0,9.0,335.0,36.0,181.89,53.78,18.0,63.0,36.41722092636926,81,-45.0,-14.0,-0.56
07:31:47,153.0,54.0,424.6,30.0,152.0,36.0,580.33,24.0,288.8,271.6,90.0,54.0,41.32793038612008,144,36.0,63.0,0.25
07:31:48,153.0,68.0,425.74,38.0,152.0,48.0,489.25,32.0,289.37,272.74,116.0,70.0,44.57710757776897,186,46.0,42.0,0.25
07:31:49,152.57,14.0,185.94,34.0,151.11,148.0,361.0,20.0,169.26,33.370000000000005,162.0,54.0,56.960269047819544,216,108.0,30.0,0.5
07:31:50,152.0,5.0,169.0,20.0,151.0,110.0,369.0,10.0,160.5,17.0,115.0,30.0,65.36834119051814,145,85.0,-71.0,0.59
07:31:51,151.05,129.0,225.77,52.0,150.5,140.0,552.31,26.0,188.41,74.72,269.0,78.0,64.52845008211486,347,191.0,176.0,0.55
07:31:53,151.97,74.0,284.4,30.0,150.92,238.0,538.81,42.0,218.19,132.42999999999998,312.0,72.0,72.7503438479846,384,240.0,116.0,0.62
07:31:54,151.0,190.0,192.0,20.0,149.0,50.0,439.0,20.0,171.5,41.0,240.0,40.0,72.40368201963206,280,200.0,-104.0,0.71
07:31:55,151.0,114.0,188.93,14.0,149.0,30.0,222.87,15.0,169.96,37.93000000000001,144.0,29.0,70.70990121616624,173,115.0,-107.0,0.66
07:31:56,151.23,123.0,186.0,18.0,150.5,101.0,189.0,27.0,168.61,34.77000000000001,224.0,45.0,73.24982409535185,269,179.0,96.0,0.67
07:31:57,152.0,91.0,184.41,32.0,151.0,174.0,187.55,33.0,168.2,32.41,265.0,65.0,21.782983496298048,330,200.0,61.0,0.61
07:31:58,152.77,90.0,181.23,35.0,151.0,156.0,182.67,30.0,167.0,28.45999999999998,246.0,65.0,1.728374959317011,311,181.0,-19.0,0.58
07:31:59,153.88,100.0,176.31,32.0,151.43,63.0,177.86,28.0,165.1,22.430000000000007,163.0,60.0,1.8308686462972168,223,103.0,-88.0,0.46
07:32:00,154.57,94.0,175.08,37.0,153.5,48.0,176.67,27.0,164.83,20.51000000000002,142.0,64.0,1.7344653354835986,206,78.0,-17.0,0.38
07:32:01,154.19,31.0,155.62,37.0,153.07,45.0,173.54,37.0,154.91,1.4300000000000068,76.0,74.0,5.27178053412643,150,2.0,-56.0,0.01
07:32:02,152.89,27.0,158.41,37.0,151.12,102.0,169.21,19.0,155.65,5.52000000000001,129.0,56.0,5.743463240936989,185,73.0,35.0,0.39
07:32:03,152.0,12.0,158.46,37.0,151.0,180.0,160.02,45.0,155.23,6.460000000000008,192.0,82.0,5.321154010174352,274,110.0,89.0,0.4
07:32:04,152.0,10.0,155.24,38.0,151.0,150.0,157.0,32.0,153.62,3.240000000000009,160.0,70.0,4.526071143938719,230,90.0,-44.0,0.39
07:32:05,151.01,135.0,153.3,40.0,149.46,65.0,163.51,35.0,152.15,2.2900000000000205,200.0,75.0,1.4268566851631501,275,125.0,45.0,0.45
07:32:06,151.0,99.0,152.0,36.0,149.0,45.0,224.08,24.0,151.5,1.0,144.0,60.0,1.828100106666702,204,84.0,-71.0,0.41
07:32:07,151.0,105.0,175.55,44.0,149.0,60.0,274.61,44.0,163.27,24.55000000000001,165.0,88.0,4.7593098239129965,253,77.0,49.0,0.3
07:32:08,152.2,30.0,326.45,38.0,151.3,61.0,458.6,30.0,239.32,174.25,91.0,68.0,37.94828151576818,159,23.0,-94.0,0.14
07:32:09,153.06,18.0,278.62,13.0,151.85,40.0,467.0,26.0,215.84,125.56,58.0,39.0,40.53895694267418,97,19.0,-62.0,0.2
07:32:10,153.0,21.0,278.67,9.0,152.0,18.0,440.0,12.0,215.83,125.67000000000002,39.0,21.0,37.77679274369371,60,18.0,-37.0,0.3
07:32:11,153.53,19.0,323.0,10.0,152.4,15.0,549.62,13.0,238.26,169.47,34.0,23.0,30.857119599858738,57,11.0,-3.0,0.19
07:32:12,154.0,40.0,264.82,22.0,153.0,24.0,453.97,31.0,209.41,110.82,64.0,53.0,13.999048896263808,117,11.0,60.0,0.09
07:32:13,153.58,38.0,342.71,35.0,152.12,102.0,531.32,38.0,248.15,189.12999999999997,140.0,73.0,16.744795310781942,213,67.0,96.0,0.31
07:32:14,154.83,12.0,272.11,28.0,152.02,121.0,265.43,49.0,213.47,117.28,133.0,77.0,17.115965646144097,210,56.0,-3.0,0.27
07:32:15,159.0,14.0,201.35,23.0,154.43,7.0,203.54,26.0,180.17,42.349999999999994,21.0,49.0,26.668566140683037,70,-28.0,-140.0,-0.4
07:32:16,159.0,16.0,200.12,40.0,157.0,8.0,202.0,16.0,179.56,41.120000000000005,24.0,56.0,28.32930673348691,80,-32.0,10.0,-0.4
07:32:17,159.0,18.0,198.0,39.0,157.0,9.0,199.0,24.0,178.5,39.0,27.0,63.0,30.712910151921253,90,-36.0,10.0,-0.4
07:32:18,152.95,83.0,193.91,33.0,151.73,86.0,197.27,55.0,173.43,40.96000000000001,169.0,88.0,16.121219866994853,257,81.0,167.0,0.32
07:32:19,152.0,126.0,189.62,55.0,151.0,112.0,190.9,41.0,170.81,37.620000000000005,238.0,96.0,4.142261459636622,334,142.0,77.0,0.43
07:32:20,152.54,74.0,188.58,43.0,151.48,93.0,189.25,40.0,170.56,36.04000000000002,167.0,83.0,4.2385811305189405,250,84.0,-84.0,0.34
07:32:21,154.0,38.0,186.92,26.0,152.0,99.0,188.09,34.0,170.46,32.91999999999999,137.0,60.0,3.4397921448819373,197,77.0,-53.0,0.39
07:32:22,154.0,10.0,178.36,39.0,152.0,90.0,179.54,35.0,166.18,24.360000000000014,100.0,74.0,2.6040295697230236,174,26.0,-23.0,0.15
07:32:23,154.0,10.0,173.4,35.0,152.0,60.0,174.59,37.0,163.7,19.400000000000006,70.0,72.0,3.2295077024203276,142,-2.0,-32.0,-0.01
07:32:24,156.0,15.0,169.26,42.0,152.36,33.0,170.92,64.0,162.63,13.259999999999991,48.0,106.0,3.7037926507827765,154,-58.0,12.0,-0.38
07:32:25,159.0,14.0,165.88,32.0,154.79,14.0,167.08,38.0,162.44,6.8799999999999955,28.0,70.0,3.355252598537524,98,-42.0,-56.0,-0.43
07:32:26,158.0,10.0,162.93,29.0,153.2,20.0,163.86,21.0,160.47,4.930000000000007,30.0,50.0,2.0867750238090315,80,-20.0,-18.0,-0.25
07:32:27,152.55,22.0,160.78,23.0,151.4,60.0,161.76,25.0,156.66,8.22999999999999,82.0,48.0,2.782759421867729,130,34.0,50.0,0.26
07:32:28,152.0,13.0,158.19,32.0,151.0,117.0,159.25,59.0,155.09,6.189999999999998,130.0,91.0,3.423677846993503,221,39.0,91.0,0.18
07:32:29,151.55,20.0,154.81,27.0,150.92,103.0,156.33,54.0,153.18,3.259999999999991,123.0,81.0,3.820257844700349,204,42.0,-17.0,0.21
07:32:30,151.0,64.0,209.24,21.0,149.0,60.0,425.37,38.0,180.12,58.24000000000001,124.0,59.0,10.96263335152616,183,65.0,-21.0,0.36
07:32:31,151.0,11.0,248.0,16.0,149.0,32.0,482.18,34.0,199.5,97.0,43.0,50.0,20.309480544809404,93,-7.0,-90.0,-0.08
07:32:32,153.75,48.0,246.19,16.0,149.81,27.0,317.55,33.0,199.97,92.44,75.0,49.0,22.855031612316555,124,26.0,31.0,0.21
07:32:33,154.47,15.0,244.0,9.0,153.8,30.0,248.0,18.0,199.23,89.53,45.0,27.0,20.392220330311915,72,18.0,-52.0,0.25
07:32:34,155.22,9.0,195.7,10.0,154.0,36.0,205.35,17.0,175.46,40.47999999999999,45.0,27.0,12.04373405551556,72,18.0,0.0,0.25
07:32:35,156.5,8.0,174.12,8.0,154.0,32.0,352.88,40.0,165.31,17.620000000000005,40.0,48.0,16.38349260688899,88,-8.0,16.0,-0.09
07:32:36,154.82,22.0,172.0,10.0,151.86,84.0,211.8,50.0,163.41,17.180000000000007,106.0,60.0,17.87417634465959,166,46.0,78.0,0.28
07:32:37,154.0,50.0,170.05,20.0,151.0,200.0,228.14,22.0,162.03,16.05000000000001,250.0,42.0,15.53601364571977,292,208.0,126.0,0.71
07:32:38,154.0,9.0,168.73,11.0,151.09,104.0,169.96,25.0,161.36,14.72999999999999,113.0,36.0,5.761625638653873,149,77.0,-143.0,0.52
07:32:39,151.1,87.0,166.89,27.0,149.69,39.0,168.2,25.0,159.0,15.789999999999992,126.0,52.0,2.3509721393489325,178,74.0,29.0,0.42
07:32:40,151.35,157.0,165.24,25.0,150.32,93.0,166.53,55.0,158.3,13.890000000000015,250.0,80.0,2.128767248901442,330,170.0,152.0,0.52
07:32:41,151.91,66.0,163.45,29.0,150.84,152.0,163.7,23.0,157.68,11.539999999999992,218.0,52.0,1.9177799665227235,270,166.0,-60.0,0.61
07:32:42,151.11,105.0,159.26,27.0,149.76,58.0,160.52,31.0,155.19,8.149999999999977,163.0,58.0,2.2310266694946663,221,105.0,-49.0,0.48
07:32:43,150.85,80.0,155.85,13.0,148.95,39.0,159.0,39.0,153.35,5.0,119.0,52.0,2.3618276821133795,171,67.0,-50.0,0.39
07:32:44,149.96,23.0,152.04,25.0,148.74,19.0,154.64,11.0,151.0,2.079999999999984,42.0,36.0,3.0321988721054685,78,6.0,-93.0,0.08
07:32:45,149.0,21.0,151.24,17.0,147.0,7.0,154.58,19.0,150.12,2.240000000000009,28.0,36.0,3.0830293543847795,64,-8.0,-14.0,-0.12
07:32:46,147.39,46.0,149.0,31.0,120.54,13.0,151.18,22.0,148.2,1.6100000000000136,59.0,53.0,2.74121688306468,112,6.0,48.0,0.05
07:32:47,147.0,32.0,148.13,15.0,113.29,14.0,164.0,16.0,147.57,1.1299999999999955,46.0,31.0,2.311400008652608,77,15.0,-35.0,0.19
07:32:48,147.33,3.0,169.0,12.0,128.6,5.0,421.67,15.0,158.17,21.669999999999987,8.0,27.0,4.236374629326232,35,-19.0,-42.0,-0.54
07:32:49,148.94,34.0,172.0,24.0,147.67,6.0,650.17,30.0,160.47,23.060000000000002,40.0,54.0,5.985501649820037,94,-14.0,59.0,-0.15
07:32:52,150.43,28.0,168.67,30.0,149.0,63.0,540.67,30.0,159.55,18.23999999999998,91.0,60.0,94.09796926607918,151,31.0,41.0,0.21
07:32:53,149.88,64.0,165.91,55.0,139.55,73.0,263.62,48.0,157.89,16.03,137.0,103.0,94.149574720229,240,34.0,89.0,0.14
07:32:54,149.0,104.0,161.0,65.0,99.33,49.0,162.08,65.0,155.0,12.0,153.0,130.0,95.14808600281974,283,23.0,43.0,0.08
07:32:55,149.0,68.0,157.33,30.0,73.25,24.0,159.0,30.0,153.17,8.330000000000013,92.0,60.0,85.72079251850154,152,32.0,-131.0,0.21
07:32:56,149.08,39.0,155.12,40.0,130.35,31.0,158.0,40.0,152.1,6.039999999999992,70.0,80.0,3.136266889153175,150,-10.0,-2.0,-0.07
07:32:57,150.11,18.0,153.42,48.0,146.12,43.0,154.33,60.0,151.76,3.309999999999974,61.0,108.0,2.522266837588533,169,-47.0,19.0,-0.28
07:32:58,148.1,30.0,151.5,48.0,105.09,33.0,152.57,47.0,149.8,3.4000000000000057,63.0,95.0,1.9109369429678311,158,-32.0,-11.0,-0.2
07:32:59,147.0,15.0,149.88,25.0,108.6,25.0,151.17,24.0,148.44,2.8799999999999955,40.0,49.0,1.9023354068091038,89,-9.0,-69.0,-0.1
07:33:00,128.35,40.0,147.52,23.0,97.0,40.0,149.28,50.0,137.94,19.170000000000016,80.0,73.0,5.822037444056875,153,7.0,64.0,0.05
07:33:11,142.88,52.0,147.18,55.0,140.22,65.0,187.37,38.0,145.03,4.300000000000011,117.0,93.0,15.490284697190221,210,24.0,70.0,0.11
07:33:12,147.0,18.0,148.0,54.0,146.0,81.0,352.59,41.0,147.5,1.0,99.0,95.0,14.082014415558728,194,4.0,-16.0,0.02
07:33:13,146.06,94.0,258.26,53.0,140.91,99.0,413.53,72.0,202.16,112.19999999999999,193.0,125.0,26.917660931069033,318,68.0,124.0,0.21
07:33:14,146.33,12.0,156.44,27.0,133.11,35.0,533.63,27.0,151.39,10.109999999999985,47.0,54.0,25.14349756895408,101,-7.0,-176.0,-0.07
07:33:17,154.45,51.0,329.86,65.0,150.08,37.0,438.19,59.0,242.16,175.41000000000003,88.0,124.0,78.45632447419382,212,-36.0,157.0,-0.17
07:33:18,160.0,28.0,180.53,34.0,158.0,14.0,239.24,29.0,170.26,20.53,42.0,63.0,84.4691887613465,105,-21.0,-107.0,-0.2
07:33:19,160.0,28.0,264.43,28.0,158.0,14.0,394.0,35.0,212.21,104.43,42.0,63.0,71.02962642447152,105,-21.0,0.0,-0.2
07:33:20,160.0,19.0,315.0,28.0,158.0,14.0,437.52,29.0,237.5,155.0,33.0,57.0,57.545226387598724,90,-24.0,-15.0,-0.27
07:33:21,153.44,32.0,287.92,48.0,151.31,90.0,361.0,48.0,220.68,134.48000000000002,122.0,96.0,28.606950554017363,218,26.0,128.0,0.12
07:33:22,151.32,66.0,375.26,31.0,150.51,53.0,392.33,27.0,263.29,223.94,119.0,58.0,34.32340120092986,177,61.0,-41.0,0.34
07:33:23,151.0,140.0,236.73,22.0,147.0,20.0,349.29,28.0,193.86,85.72999999999999,160.0,50.0,26.329782946313692,210,110.0,33.0,0.52
07:33:24,151.0,127.0,185.0,39.0,147.0,26.0,346.33,45.0,168.0,34.0,153.0,84.0,37.122965668168185,237,69.0,27.0,0.29
07:33:25,154.0,13.0,184.38,39.0,151.0,123.0,189.0,39.0,169.19,30.379999999999995,136.0,78.0,39.99725653091719,214,58.0,-23.0,0.27
07:33:26,154.0,13.0,182.54,39.0,151.07,107.0,297.83,46.0,168.27,28.539999999999992,120.0,85.0,41.06023100275985,205,35.0,-9.0,0.17
07:33:27,151.23,52.0,181.23,39.0,149.67,54.0,371.33,42.0,166.23,30.0,106.0,81.0,11.649045025237333,187,25.0,-18.0,0.13
07:33:28,151.0,20.0,181.0,15.0,148.14,14.0,295.0,20.0,166.0,30.0,34.0,35.0,1.3742889070382034,69,-1.0,-118.0,-0.01
07:33:29,150.65,46.0,180.18,33.0,148.38,52.0,322.56,36.0,165.42,29.53,98.0,69.0,1.619867278516495,167,29.0,98.0,0.17
07:33:30,151.0,60.0,179.5,30.0,147.86,56.0,269.0,36.0,165.25,28.5,116.0,66.0,1.2073648992780488,182,50.0,15.0,0.27
07:33:31,151.0,48.0,179.0,24.0,147.0,28.0,279.0,24.0,165.0,28.0,76.0,48.0,0.5171556825646086,124,28.0,-58.0,0.23
07:33:32,152.0,16.0,178.45,33.0,150.87,62.0,269.8,40.0,165.23,26.44999999999999,78.0,73.0,0.3774254893471322,151,5.0,27.0,0.03
07:33:33,154.19,16.0,176.17,36.0,151.0,160.0,215.24,34.0,165.18,21.97999999999999,176.0,70.0,0.15076471738761352,246,106.0,95.0,0.43
07:33:34,152.85,26.0,173.65,17.0,150.98,170.0,175.89,35.0,163.25,20.80000000000001,196.0,52.0,0.8620730827540704,248,144.0,2.0,0.58
07:33:35,151.36,132.0,171.36,42.0,150.81,124.0,174.0,14.0,161.36,20.0,256.0,56.0,1.6909553512761182,312,200.0,64.0,0.64
07:33:36,153.45,66.0,169.97,35.0,151.53,90.0,172.85,13.0,161.71,16.52000000000001,156.0,48.0,1.8400353257504483,204,108.0,-108.0,0.53
07:33:37,154.3,50.0,167.21,62.0,152.86,77.0,168.76,41.0,160.75,12.909999999999997,127.0,103.0,1.7831573121880966,230,24.0,26.0,0.1
07:33:38,154.0,62.0,156.98,44.0,153.0,104.0,159.91,46.0,155.49,2.9799999999999898,166.0,90.0,2.954999153977955,256,76.0,26.0,0.3
07:33:39,153.36,25.0,156.35,17.0,152.46,52.0,161.22,23.0,154.86,2.9899999999999807,77.0,40.0,3.3651939022901645,117,37.0,-139.0,0.32
07:33:40,153.0,88.0,156.51,51.0,152.0,154.0,161.6,43.0,154.75,3.509999999999991,242.0,94.0,3.422648097600933,336,148.0,176.0,0.44
07:33:41,153.0,125.0,154.75,80.0,152.0,128.0,242.5,64.0,153.88,1.75,253.0,144.0,2.7461117967067046,397,109.0,61.0,0.27
07:33:42,153.0,49.0,154.0,45.0,152.0,54.0,243.22,36.0,153.5,1.0,103.0,81.0,0.7994560650918496,184,22.0,-176.0,0.12
07:33:43,152.7,92.0,272.39,44.0,151.26,94.0,344.34,58.0,212.54,119.69,186.0,102.0,26.075534126840214,288,84.0,104.0,0.29
07:33:44,152.0,54.0,203.82,28.0,151.0,73.0,269.26,35.0,177.91,51.81999999999999,127.0,63.0,25.668829930481976,190,64.0,-98.0,0.34
07:33:45,152.0,62.0,195.0,33.0,151.0,99.0,249.78,32.0,173.5,43.0,161.0,65.0,24.112135533793072,226,96.0,36.0,0.42
07:33:46,152.0,22.0,195.0,18.0,151.0,54.0,249.83,18.0,173.5,43.0,76.0,36.0,21.410214851794585,112,40.0,-114.0,0.36
07:33:47,152.0,20.0,192.08,26.0,151.0,90.0,231.03,37.0,172.04,40.08000000000001,110.0,63.0,17.27041748192569,173,47.0,61.0,0.27
07:33:48,158.36,44.0,194.0,36.0,151.84,38.0,204.07,27.0,176.18,35.639999999999986,82.0,63.0,2.367631728121277,145,19.0,-28.0,0.13
07:33:49,159.0,40.0,190.2,30.0,154.0,20.0,191.89,28.0,174.6,31.19999999999999,60.0,58.0,1.5368409156469982,118,2.0,-27.0,0.02
07:33:50,153.68,50.0,188.5,30.0,152.89,55.0,190.4,30.0,171.09,34.81999999999999,105.0,60.0,2.020549430230995,165,45.0,47.0,0.27
07:33:51,153.0,130.0,185.93,45.0,152.0,30.0,188.6,45.0,169.47,32.93000000000001,160.0,90.0,2.7008387586094362,250,70.0,85.0,0.28
07:33:52,153.0,64.0,183.38,48.0,152.0,32.0,185.12,48.0,168.19,30.379999999999995,96.0,96.0,3.388706242802272,192,0.0,-58.0,0.0
07:33:53,153.0,44.0,180.73,33.0,152.0,22.0,182.91,33.0,166.86,27.72999999999999,66.0,66.0,2.98981103081907,132,0.0,-60.0,0.0
07:33:54,154.11,27.0,178.02,41.0,153.22,41.0,179.64,33.0,166.07,23.909999999999997,68.0,74.0,2.012779173185128,142,-6.0,10.0,-0.04
07:33:55,154.8,15.0,176.43,70.0,153.4,53.0,177.98,61.0,165.61,21.629999999999995,68.0,131.0,1.584739726266763,199,-63.0,57.0,-0.32
07:33:56,154.0,14.0,178.36,42.0,153.0,56.0,209.03,62.0,166.18,24.360000000000014,70.0,104.0,1.0039272882077726,174,-34.0,-25.0,-0.2
07:33:57,153.15,33.0,176.81,31.0,152.24,83.0,204.3,50.0,164.98,23.659999999999997,116.0,81.0,0.6984625974297949,197,35.0,23.0,0.18
07:33:58,153.0,52.0,171.75,32.0,152.0,117.0,173.73,33.0,162.38,18.75,169.0,65.0,1.562411597501932,234,104.0,37.0,0.44
07:33:59,153.0,48.0,168.92,36.0,152.0,108.0,169.97,29.0,160.96,15.919999999999987,156.0,65.0,2.2454665439522152,221,91.0,-13.0,0.41
07:34:00,152.0,99.0,166.91,33.0,151.0,55.0,167.91,33.0,159.45,14.909999999999997,154.0,66.0,2.782121492675857,220,88.0,-1.0,0.4
07:34:01,155.04,138.0,162.61,46.0,151.8,157.0,163.63,54.0,158.83,7.570000000000022,295.0,100.0,2.4670731647053383,395,195.0,175.0,0.49
07:34:02,157.0,62.0,158.04,53.0,151.67,85.0,237.42,59.0,157.52,1.039999999999992,147.0,112.0,1.8881128144285984,259,35.0,-136.0,0.14
07:34:03,151.66,59.0,157.58,36.0,149.46,65.0,223.5,60.0,154.62,5.920000000000016,124.0,96.0,2.3888763048784534,220,28.0,-39.0,0.13
07:34:04,152.0,152.0,157.0,45.0,151.0,63.0,216.42,69.0,154.5,5.0,215.0,114.0,2.3202866202281833,329,101.0,109.0,0.31
07:34:05,152.9,67.0,157.0,36.0,151.06,35.0,192.52,58.0,154.95,4.099999999999994,102.0,94.0,1.971098678405042,196,8.0,-133.0,0.04
07:34:06,151.15,40.0,156.45,33.0,149.67,24.0,175.0,55.0,153.8,5.299999999999983,64.0,88.0,1.4280126049899615,152,-24.0,-44.0,-0.16
07:34:07,151.0,44.0,153.83,41.0,147.0,33.0,181.8,41.0,152.41,2.8300000000000125,77.0,82.0,1.0111033577287607,159,-5.0,7.0,-0.03
07:34:08,148.27,22.0,151.68,37.0,132.83,41.0,153.29,35.0,149.97,3.4099999999999966,63.0,72.0,2.0088628624200604,135,-9.0,-24.0,-0.07
07:34:09,147.76,51.0,149.69,29.0,87.9,93.0,151.5,44.0,148.73,1.9300000000000068,144.0,73.0,2.594247482413875,217,71.0,82.0,0.33
07:34:10,149.0,18.0,171.82,22.0,147.0,18.0,350.33,30.0,160.41,22.819999999999993,36.0,52.0,4.563154610574859,88,-16.0,-129.0,-0.18
07:34:11,146.33,27.0,207.0,36.0,91.17,69.0,442.33,45.0,176.67,60.66999999999999,96.0,81.0,11.569179746205434,177,15.0,89.0,0.08
07:34:12,145.0,12.0,295.82,17.0,135.18,51.0,554.25,20.0,220.41,150.82,63.0,37.0,29.679857142513484,100,26.0,-77.0,0.26
07:34:13,146.73,26.0,157.0,29.0,136.25,108.0,346.38,40.0,151.87,10.27000000000001,134.0,69.0,29.349809539416242,203,65.0,103.0,0.32
07:34:14,154.0,45.0,183.0,45.0,144.67,27.0,332.89,36.0,168.5,29.0,72.0,81.0,26.708313686940407,153,-9.0,-50.0,-0.06
07:34:15,154.0,20.0,199.5,40.0,144.0,24.0,240.84,38.0,176.75,45.5,44.0,78.0,25.354676097319956,122,-34.0,-31.0,-0.28
07:34:16,154.0,10.0,198.4,25.0,144.0,15.0,238.0,25.0,176.2,44.400000000000006,25.0,50.0,25.365601313590183,75,-25.0,-47.0,-0.33
07:34:17,154.0,26.0,276.34,58.0,148.71,113.0,467.92,51.0,215.17,122.33999999999997,139.0,109.0,23.23242497028685,248,30.0,173.0,0.12
07:34:18,154.0,20.0,243.6,40.0,151.0,20.0,451.11,36.0,198.8,89.6,40.0,76.0,19.34364314186982,116,-36.0,-132.0,-0.31
07:34:19,155.31,65.0,172.4,40.0,151.9,20.0,231.64,44.0,163.85,17.090000000000003,85.0,84.0,20.535550394377246,169,1.0,53.0,0.01
07:34:20,156.6,255.0,170.47,60.0,154.0,30.0,182.84,61.0,163.53,13.870000000000005,285.0,121.0,22.77768535211617,406,164.0,176.0,0.4
07:34:21,157.0,221.0,166.54,46.0,154.0,26.0,167.48,42.0,161.77,9.539999999999992,247.0,88.0,24.763068872819613,335,159.0,-71.0,0.47
07:34:22,157.0,221.0,165.0,39.0,154.0,98.0,166.0,39.0,161.0,8.0,319.0,78.0,16.260656505812076,397,241.0,62.0,0.61
07:34:23,157.0,199.0,162.29,42.0,154.0,26.0,163.2,41.0,159.64,5.289999999999992,225.0,83.0,1.7590537228887653,308,142.0,-89.0,0.46
07:34:24,157.0,186.0,159.31,39.0,154.0,26.0,161.15,40.0,158.15,2.3100000000000023,212.0,79.0,2.0494072313742135,291,133.0,-17.0,0.46
07:34:25,157.13,91.0,162.53,53.0,155.47,43.0,393.33,67.0,159.83,5.400000000000006,134.0,120.0,1.3859545447124104,254,14.0,-37.0,0.06
07:34:26,157.5,40.0,160.77,39.0,156.78,45.0,162.13,31.0,159.13,3.2700000000000102,85.0,70.0,1.039879800750553,155,15.0,-99.0,0.1
07:34:27,157.0,60.0,159.76,37.0,156.0,20.0,161.27,33.0,158.38,2.759999999999991,80.0,70.0,0.7448019871140373,150,10.0,-5.0,0.07
07:34:28,156.81,43.0,158.57,42.0,155.43,28.0,190.12,57.0,157.69,1.759999999999991,71.0,99.0,0.8465104842877176,170,-28.0,20.0,-0.16
07:34:29,154.55,22.0,156.74,31.0,153.27,22.0,313.19,27.0,155.64,2.1899999999999977,44.0,58.0,1.6082692560666056,102,-14.0,-68.0,-0.14
07:34:30,153.83,12.0,336.0,30.0,152.82,17.0,410.92,25.0,244.92,182.17,29.0,55.0,39.02312737339243,84,-26.0,-18.0,-0.31
07:34:33,154.0,9.0,414.75,16.0,153.0,18.0,476.33,18.0,284.38,260.75,27.0,34.0,73.9037988198172,61,-7.0,27.0,-0.11
07:34:34,152.4,10.0,154.71,7.0,151.33,24.0,412.27,11.0,153.56,2.3100000000000023,34.0,18.0,74.70938441722038,52,16.0,-9.0,0.31
07:34:35,152.0,18.0,154.0,18.0,151.0,45.0,155.0,9.0,153.0,2.0,63.0,27.0,91.65922692233451,90,36.0,38.0,0.4
07:34:36,152.0,16.0,154.0,16.0,151.0,36.0,334.38,8.0,153.0,2.0,52.0,24.0,83.68226502670687,76,28.0,-14.0,0.37
07:34:37,151.16,25.0,297.5,8.0,149.26,46.0,720.4,10.0,224.33,146.34,71.0,18.0,59.340644418475996,89,53.0,13.0,0.6
07:34:41,152.11,19.0,290.33,9.0,149.25,59.0,392.73,11.0,221.22,138.21999999999997,78.0,20.0,85.25748958302731,98,58.0,-86.0,0.59
07:34:42,152.79,39.0,258.0,15.0,149.0,143.0,272.86,28.0,205.4,105.21000000000001,182.0,43.0,90.3251086354177,225,139.0,127.0,0.62
07:34:43,149.93,59.0,339.84,19.0,116.3,71.0,419.95,19.0,244.89,189.90999999999997,130.0,38.0,78.68493102240106,168,92.0,-57.0,0.55
07:34:44,149.0,120.0,198.73,45.0,80.0,135.0,377.03,29.0,173.87,49.72999999999999,255.0,74.0,56.12150149452539,329,181.0,161.0,0.55
07:34:45,149.0,67.0,179.05,22.0,78.29,126.0,238.2,30.0,164.02,30.05000000000001,193.0,52.0,33.36999325741643,245,141.0,-84.0,0.58
07:34:46,139.06,81.0,161.68,22.0,105.26,76.0,162.19,26.0,150.37,22.620000000000005,157.0,48.0,37.846815585991116,205,109.0,-40.0,0.53
07:34:47,145.64,53.0,159.41,58.0,144.7,81.0,192.11,19.0,152.53,13.77000000000001,134.0,77.0,39.03579997899392,211,57.0,6.0,0.27
07:34:48,150.45,38.0,158.0,52.0,146.91,23.0,161.0,13.0,154.22,7.550000000000011,61.0,65.0,9.817121268479124,126,-4.0,-85.0,-0.03
07:34:49,151.5,24.0,155.0,46.0,150.78,81.0,197.75,16.0,153.25,3.5,105.0,62.0,5.303175463816542,167,43.0,41.0,0.26
07:34:50,151.92,72.0,159.17,12.0,150.71,70.0,283.5,20.0,155.54,7.25,142.0,32.0,1.934856583839235,174,110.0,7.0,0.63
07:34:51,153.0,84.0,156.36,14.0,151.0,84.0,157.5,14.0,154.68,3.3600000000000136,168.0,28.0,1.1828059857922055,196,140.0,22.0,0.71
07:34:52,153.0,60.0,155.0,10.0,151.0,80.0,157.4,10.0,154.0,2.0,140.0,20.0,0.8475966021792443,160,120.0,-36.0,0.75
07:34:53,153.0,44.0,154.0,9.0,151.0,99.0,163.0,10.0,153.5,1.0,143.0,19.0,0.9298279410868634,162,124.0,2.0,0.77
07:34:54,156.84,25.0,304.7,20.0,151.05,79.0,559.75,16.0,230.77,147.85999999999999,104.0,36.0,34.14886850248515,140,68.0,-22.0,0.49
07:34:55,159.0,64.0,371.25,32.0,153.0,8.0,511.0,16.0,265.12,212.25,72.0,48.0,52.839224823988644,120,24.0,-20.0,0.2
07:34:56,159.0,64.0,329.55,22.0,153.0,14.0,448.69,26.0,244.27,170.55,78.0,48.0,52.371736366097444,126,30.0,6.0,0.24
07:34:57,159.0,76.0,331.11,36.0,153.0,11.0,371.13,30.0,245.06,172.11,87.0,66.0,43.27599253627823,153,21.0,27.0,0.14
07:34:58,159.0,70.0,292.82,34.0,153.77,35.0,490.88,34.0,225.91,133.82,105.0,68.0,15.279042182021914,173,37.0,20.0,0.21
07:34:59,157.33,36.0,240.53,30.0,153.93,43.0,425.75,32.0,198.93,83.19999999999999,79.0,62.0,24.871384561379102,141,17.0,-32.0,0.12
07:35:00,154.0,32.0,236.0,28.0,153.0,8.0,269.17,18.0,195.0,82.0,40.0,46.0,24.00047770357937,86,-6.0,-55.0,-0.07
07:35:01,155.58,24.0,306.39,23.0,153.96,25.0,379.94,32.0,230.99,150.80999999999997,49.0,55.0,21.501617846106633,104,-6.0,18.0,-0.06
07:35:02,157.0,10.0,317.0,9.0,154.0,10.0,485.5,16.0,237.0,160.0,20.0,25.0,19.26156353985864,45,-5.0,-59.0,-0.11
07:35:03,157.0,10.0,316.73,11.0,154.0,10.0,347.75,16.0,236.86,159.73000000000002,20.0,27.0,20.992182592575055,47,-7.0,2.0,-0.15
07:35:04,156.8,15.0,279.0,14.0,153.93,15.0,316.71,14.0,217.9,122.19999999999999,30.0,28.0,17.751318260906995,58,2.0,11.0,0.03
07:35:05,154.0,7.0,252.0,28.0,153.0,7.0,420.0,16.0,203.0,98.0,14.0,44.0,14.618799540318275,58,-30.0,0.0,-0.52
07:35:06,153.85,13.0,417.0,42.0,152.85,13.0,596.22,46.0,285.42,263.15,26.0,88.0,31.067183329037192,114,-62.0,56.0,-0.54
07:35:07,153.53,17.0,439.69,49.0,152.27,11.0,621.26,46.0,296.61,286.15999999999997,28.0,95.0,41.28646654776844,123,-67.0,9.0,-0.54
07:35:08,153.6,10.0,214.0,50.0,152.43,14.0,296.3,40.0,183.8,60.400000000000006,24.0,90.0,50.6169436058718,114,-66.0,-9.0,-0.58
07:35:09,153.0,5.0,214.0,25.0,152.0,10.0,352.6,20.0,183.5,61.0,15.0,45.0,55.9751568108568,60,-30.0,-54.0,-0.5
07:35:10,153.0,9.0,354.53,38.0,152.0,18.0,584.44,36.0,253.76,201.52999999999997,27.0,74.0,54.327218040315714,101,-47.0,41.0,-0.47
07:35:11,154.0,59.0,311.28,43.0,153.0,9.0,452.0,36.0,232.64,157.27999999999997,68.0,79.0,48.231395584204364,147,-11.0,46.0,-0.07
07:35:12,154.0,33.0,278.36,55.0,152.69,13.0,305.12,51.0,216.18,124.36000000000001,46.0,106.0,30.72192506989126,152,-60.0,5.0,-0.39
07:35:13,154.0,45.0,205.08,60.0,152.75,40.0,218.28,68.0,179.54,51.08000000000001,85.0,128.0,31.807877640609938,213,-43.0,61.0,-0.2
07:35:14,153.75,40.0,201.12,64.0,152.47,53.0,203.59,34.0,177.44,47.370000000000005,93.0,98.0,33.299347140747585,191,-5.0,-22.0,-0.03
07:35:15,153.46,70.0,199.89,56.0,150.38,81.0,201.71,35.0,176.68,46.42999999999998,151.0,91.0,26.158934993612014,242,60.0,51.0,0.25
07:35:16,159.0,35.0,197.14,14.0,151.0,42.0,200.0,35.0,178.07,38.139999999999986,77.0,49.0,17.137030664616983,126,28.0,-116.0,0.22
07:35:17,159.0,55.0,195.71,28.0,158.0,44.0,198.54,35.0,177.36,36.71000000000001,99.0,63.0,1.0812585259892962,162,36.0,36.0,0.22
07:35:18,159.0,85.0,193.13,46.0,158.0,68.0,194.23,39.0,176.07,34.129999999999995,153.0,85.0,0.7678736875455079,238,68.0,76.0,0.29
07:35:19,159.0,11.0,188.57,49.0,158.0,44.0,188.83,29.0,173.79,29.569999999999993,55.0,78.0,1.6362854274315735,133,-23.0,-105.0,-0.17
07:35:20,159.0,12.0,171.38,48.0,158.0,48.0,172.31,36.0,165.19,12.379999999999995,60.0,84.0,5.23816570948509,144,-24.0,11.0,-0.17
07:35:21,158.0,42.0,165.79,56.0,155.7,80.0,167.14,57.0,161.89,7.789999999999992,122.0,113.0,6.902695125820506,235,9.0,91.0,0.04
07:35:22,157.59,34.0,161.11,54.0,155.81,80.0,162.32,56.0,159.35,3.5200000000000102,114.0,110.0,7.347565583240935,224,4.0,-11.0,0.02
07:35:23,156.0,40.0,157.48,31.0,151.31,13.0,160.81,31.0,156.74,1.4799999999999898,53.0,62.0,6.599130245723857,115,-9.0,-109.0,-0.08
07:35:24,158.41,59.0,162.31,42.0,151.38,24.0,163.43,49.0,160.36,3.9000000000000057,83.0,91.0,3.130324264357929,174,-8.0,59.0,-0.05
07:35:25,159.0,30.0,161.43,21.0,152.0,25.0,162.83,36.0,160.21,2.430000000000007,55.0,57.0,1.8957452360557852,112,-2.0,-62.0,-0.02
07:35:26,159.0,6.0,161.67,15.0,152.0,30.0,167.0,6.0,160.33,2.6699999999999875,36.0,21.0,1.5427799583959734,57,15.0,-55.0,0.26
07:35:27,159.0,20.0,160.85,41.0,152.0,72.0,163.9,29.0,159.93,1.8499999999999943,92.0,70.0,1.5599775639502842,162,22.0,105.0,0.14
07:35:28,152.07,58.0,161.0,50.0,151.18,33.0,255.9,20.0,156.53,8.930000000000007,91.0,70.0,1.6533662631214785,161,21.0,-1.0,0.13
07:35:29,153.83,24.0,159.67,30.0,152.0,36.0,287.0,30.0,156.75,5.839999999999975,60.0,60.0,1.9331839022784123,120,0.0,-41.0,0.0
07:35:30,154.3,30.0,158.4,50.0,152.0,60.0,176.55,44.0,156.35,4.099999999999994,90.0,94.0,1.9746695926226512,184,-4.0,64.0,-0.02
07:35:31,155.0,30.0,157.6,50.0,152.0,60.0,256.69,26.0,156.3,2.5999999999999943,90.0,76.0,1.5518440643404237,166,14.0,-18.0,0.08
07:35:32,152.86,56.0,270.38,48.0,151.64,66.0,365.53,57.0,211.62,117.51999999999998,122.0,105.0,24.658871628686242,227,17.0,61.0,0.07
07:35:33,152.0,27.0,356.12,16.0,149.67,45.0,393.12,40.0,254.06,204.12,72.0,56.0,44.441426957288684,128,16.0,-99.0,0.12
07:35:34,152.7,23.0,269.56,18.0,150.2,60.0,364.5,24.0,211.13,116.86000000000001,83.0,42.0,41.75577528917435,125,41.0,-3.0,0.33
07:35:35,154.0,16.0,196.95,19.0,152.0,24.0,213.52,25.0,175.47,42.94999999999999,40.0,44.0,37.676493069286884,84,-4.0,-41.0,-0.05
07:35:36,154.0,18.0,178.11,18.0,152.0,27.0,289.0,18.0,166.06,24.110000000000014,45.0,36.0,34.88466095578432,81,9.0,-3.0,0.11
07:35:37,154.0,12.0,178.0,12.0,152.0,38.0,297.5,12.0,166.0,24.0,50.0,24.0,38.10237958448296,74,26.0,-7.0,0.35
07:35:38,154.0,22.0,177.18,22.0,152.0,45.0,299.0,22.0,165.59,23.180000000000007,67.0,44.0,19.6083974357933,111,23.0,37.0,0.21
07:35:39,153.0,16.0,175.62,16.0,151.25,48.0,263.75,16.0,164.31,22.620000000000005,64.0,32.0,4.518509710073279,96,32.0,-15.0,0.33
07:35:40,152.0,15.0,191.0,22.0,151.0,107.0,364.25,28.0,171.5,39.0,122.0,50.0,2.778645353409929,172,72.0,76.0,0.42
07:35:41,154.29,41.0,212.52,27.0,152.8,111.0,331.63,27.0,183.41,58.23000000000002,152.0,54.0,7.902073778447403,206,98.0,34.0,0.48
07:35:42,156.0,30.0,196.44,27.0,152.96,115.0,196.51,65.0,176.22,40.44,145.0,92.0,7.878110814149908,237,53.0,31.0,0.22
07:35:43,156.0,32.0,193.95,20.0,152.38,24.0,195.58,76.0,174.97,37.94999999999999,56.0,96.0,6.973698444873101,152,-40.0,-85.0,-0.26
07:35:44,153.58,52.0,185.67,15.0,152.78,54.0,192.89,44.0,169.62,32.089999999999975,106.0,59.0,5.322314346224337,165,47.0,13.0,0.28
07:35:45,153.0,66.0,166.5,22.0,152.0,11.0,167.26,34.0,159.75,13.5,77.0,56.0,8.794772879388395,133,21.0,-32.0,0.16
07:35:46,153.21,68.0,161.94,16.0,152.82,51.0,165.15,40.0,157.57,8.72999999999999,119.0,56.0,8.586642533611501,175,63.0,42.0,0.36
07:35:47,154.0,24.0,159.42,12.0,153.0,72.0,163.05,20.0,156.71,5.4199999999999875,96.0,32.0,8.125514137580865,128,64.0,-47.0,0.5
07:35:48,153.52,31.0,156.0,11.0,152.94,51.0,158.18,11.0,154.76,2.4799999999999898,82.0,22.0,5.837120009047866,104,60.0,-24.0,0.58
07:35:49,152.95,38.0,159.7,33.0,151.62,16.0,208.23,35.0,156.32,6.75,54.0,68.0,1.8336493667076101,122,-14.0,18.0,-0.11
07:35:50,152.0,8.0,215.0,8.0,151.0,24.0,297.56,18.0,183.5,63.0,32.0,26.0,12.188919968562704,58,6.0,-64.0,0.1
07:35:51,149.23,39.0,215.0,7.0,149.29,21.0,251.76,33.0,182.12,65.77000000000001,60.0,40.0,14.748922672521752,100,20.0,42.0,0.2
07:35:52,153.71,34.0,175.8,25.0,148.92,78.0,244.5,30.0,164.75,22.090000000000003,112.0,55.0,13.797521516563256,167,57.0,67.0,0.34
07:35:53,152.06,32.0,166.0,32.0,148.95,57.0,219.73,11.0,159.03,13.939999999999998,89.0,43.0,12.850355248008743,132,46.0,-35.0,0.35
07:35:54,151.11,47.0,166.41,44.0,149.83,72.0,214.82,55.0,158.76,15.299999999999983,119.0,99.0,12.2750588593304,218,20.0,86.0,0.09
07:35:55,151.24,37.0,165.45,22.0,149.52,63.0,184.36,44.0,158.35,14.20999999999998,100.0,66.0,10.138612824249012,166,34.0,-52.0,0.2
07:35:56,149.0,100.0,163.67,48.0,148.0,51.0,199.04,55.0,156.33,14.669999999999987,151.0,103.0,3.149869838584971,254,48.0,88.0,0.19
07:35:57,153.44,71.0,161.53,34.0,148.82,34.0,162.15,26.0,157.48,8.090000000000003,105.0,60.0,1.0977021454053837,165,45.0,-89.0,0.27
07:35:58,154.0,108.0,157.17,48.0,149.0,72.0,158.58,48.0,155.58,3.1699999999999875,180.0,96.0,1.338450596782593,276,84.0,111.0,0.3
07:35:59,154.0,54.0,155.3,40.0,149.0,70.0,158.25,32.0,154.65,1.3000000000000114,124.0,72.0,1.4729460275338746,196,52.0,-80.0,0.27
07:36:00,149.85,54.0,160.69,26.0,142.72,74.0,305.1,40.0,155.27,10.840000000000003,128.0,66.0,1.088103855350177,194,62.0,-2.0,0.32
07:36:01,148.97,65.0,159.21,28.0,140.88,16.0,316.5,28.0,154.09,10.240000000000009,81.0,56.0,1.289701515866352,137,25.0,-57.0,0.18
07:36:02,148.17,24.0,157.22,41.0,138.62,42.0,158.32,31.0,152.69,9.050000000000011,66.0,72.0,1.1419632218368927,138,-6.0,1.0,-0.04
07:36:03,147.74,27.0,154.92,24.0,128.12,25.0,158.0,45.0,151.33,7.179999999999978,52.0,69.0,1.5899937106882476,121,-17.0,-17.0,-0.14
07:36:04,149.0,54.0,151.69,16.0,147.0,14.0,156.89,36.0,150.34,2.6899999999999977,68.0,52.0,1.9983693352401808,120,16.0,-1.0,0.13
07:36:05,131.13,15.0,149.33,12.0,97.26,23.0,160.87,30.0,140.23,18.200000000000017,38.0,42.0,5.49893444223776,80,-4.0,-40.0,-0.05
07:36:07,142.0,6.0,171.17,12.0,96.5,24.0,346.48,21.0,156.58,29.169999999999987,30.0,33.0,14.1008840148421,63,-3.0,-26.0,-0.05
07:36:17,132.17,12.0,146.0,48.0,131.08,12.0,146.8,30.0,139.08,13.830000000000013,24.0,78.0,4.420755591528621,102,-54.0,-15.0,-0.53
07:36:19,141.55,51.0,149.29,34.0,141.64,56.0,160.82,56.0,145.42,7.739999999999981,107.0,90.0,5.993725886294021,197,17.0,112.0,0.09
07:36:20,150.0,26.0,191.75,24.0,142.61,41.0,260.94,35.0,170.88,41.75,67.0,59.0,14.231162285633255,126,8.0,-71.0,0.06
07:36:21,154.26,69.0,199.67,27.0,152.6,52.0,252.09,33.0,176.96,45.41,121.0,60.0,17.88106820075439,181,61.0,55.0,0.34
07:36:22,157.0,28.0,333.77,26.0,154.0,55.0,570.73,30.0,245.38,176.76999999999998,83.0,56.0,41.86474172857189,139,27.0,-42.0,0.19
07:36:23,157.0,7.0,382.0,14.0,154.0,42.0,549.0,24.0,269.5,225.0,49.0,38.0,52.99560094951304,87,11.0,-52.0,0.13
07:36:24,157.0,8.0,320.17,18.0,154.0,48.0,398.05,19.0,238.58,163.17000000000002,56.0,37.0,43.88760872957226,93,19.0,6.0,0.2
07:36:25,157.0,12.0,201.04,46.0,154.0,72.0,204.17,23.0,179.02,44.03999999999999,84.0,69.0,41.69409454587096,153,15.0,60.0,0.1
07:36:26,157.0,8.0,199.33,39.0,154.0,48.0,201.07,30.0,178.17,42.33000000000001,56.0,69.0,41.37038675187877,125,-13.0,-28.0,-0.1
07:36:27,154.08,36.0,193.81,32.0,153.46,13.0,195.06,32.0,173.95,39.72999999999999,49.0,64.0,43.607156866734925,113,-15.0,-12.0,-0.13
07:36:28,153.42,52.0,190.4,47.0,151.75,24.0,192.2,35.0,171.91,36.98000000000002,76.0,82.0,28.24608344532082,158,-6.0,45.0,-0.04
07:36:29,152.0,33.0,186.29,51.0,151.0,33.0,187.5,32.0,169.15,34.28999999999999,66.0,83.0,4.168764805074306,149,-17.0,-9.0,-0.11
07:36:30,155.83,35.0,182.38,42.0,148.0,22.0,184.0,53.0,169.1,26.549999999999983,57.0,95.0,3.7872258976757864,152,-38.0,3.0,-0.25
07:36:31,159.0,21.0,170.77,26.0,151.0,12.0,178.42,24.0,164.88,11.77000000000001,33.0,50.0,3.420287999573441,83,-17.0,-69.0,-0.2
07:36:32,159.0,36.0,176.79,52.0,151.25,24.0,178.42,38.0,167.89,17.789999999999992,60.0,90.0,2.542150664304937,150,-30.0,67.0,-0.2
07:36:33,159.0,26.0,172.59,32.0,156.09,11.0,174.24,42.0,165.8,13.590000000000003,37.0,74.0,1.9427120218977088,111,-37.0,-39.0,-0.33
07:36:34,159.0,9.0,168.8,40.0,157.0,9.0,169.79,34.0,163.9,9.800000000000011,18.0,74.0,2.144383361254634,92,-56.0,-19.0,-0.61
07:36:35,154.5,14.0,165.5,48.0,151.94,32.0,166.48,62.0,160.0,11.0,46.0,110.0,2.9127444103500486,156,-64.0,64.0,-0.41
07:36:36,151.61,18.0,163.51,61.0,149.92,24.0,164.22,65.0,157.56,11.899999999999977,42.0,126.0,4.217558535459257,168,-84.0,12.0,-0.5
07:36:37,151.71,14.0,157.58,50.0,149.15,13.0,158.24,51.0,154.65,5.8700000000000045,27.0,101.0,4.546880249140603,128,-74.0,-40.0,-0.58
07:36:38,151.0,15.0,155.15,46.0,149.0,15.0,156.72,60.0,153.08,4.150000000000006,30.0,106.0,4.309909511813961,136,-76.0,8.0,-0.56
07:36:39,148.2,10.0,149.76,17.0,128.0,12.0,151.15,13.0,148.98,1.5600000000000023,22.0,30.0,4.227774828443927,52,-8.0,-84.0,-0.15
07:36:42,132.4,10.0,181.95,39.0,45.61,23.0,265.87,39.0,157.17,49.54999999999998,33.0,78.0,12.40155756346849,111,-45.0,-63.0,-0.41
07:36:43,131.27,11.0,190.82,55.0,91.64,44.0,336.36,44.0,161.05,59.54999999999998,55.0,99.0,14.197002148341836,154,-44.0,43.0,-0.29
07:36:44,128.18,11.0,159.85,39.0,97.25,44.0,206.17,46.0,144.01,31.669999999999987,55.0,85.0,14.099169479087152,140,-30.0,-14.0,-0.21
07:37:00,147.59,51.0,155.0,9.0,129.2,25.0,218.0,27.0,151.29,7.409999999999997,76.0,36.0,20.38900806807477,112,40.0,70.0,0.36
07:37:01,149.43,28.0,244.47,17.0,145.8,46.0,332.0,33.0,196.95,95.03999999999999,74.0,50.0,33.227245296593914,124,24.0,12.0,0.19
07:37:02,150.7,20.0,239.82,17.0,149.0,10.0,514.08,24.0,195.26,89.12,30.0,41.0,34.17139051897107,71,-11.0,-53.0,-0.15
07:37:03,151.71,14.0,221.0,14.0,150.67,12.0,411.0,7.0,186.36,69.28999999999999,26.0,21.0,29.152903285951286,47,5.0,-24.0,0.11
07:37:04,152.08,38.0,228.6,25.0,151.04,50.0,472.4,15.0,190.34,76.51999999999998,88.0,40.0,18.776257614339226,128,48.0,81.0,0.38
07:37:05,151.09,23.0,405.4,5.0,150.38,13.0,718.0,15.0,278.24,254.30999999999997,36.0,20.0,38.691111382332224,56,16.0,-72.0,0.29
07:37:06,151.0,32.0,305.27,11.0,149.0,8.0,401.05,19.0,228.14,154.26999999999998,40.0,30.0,38.6903052456302,70,10.0,14.0,0.14
07:37:07,151.0,28.0,396.67,15.0,149.0,7.0,502.92,25.0,273.83,245.67000000000002,35.0,40.0,43.93017664430731,75,-5.0,5.0,-0.07
07:37:08,151.0,24.0,431.15,20.0,149.0,6.0,556.68,28.0,291.07,280.15,30.0,48.0,42.0186914360746,78,-18.0,3.0,-0.23
07:37:09,151.0,31.0,356.0,45.0,149.0,9.0,468.29,35.0,253.5,205.0,40.0,80.0,24.616109156405123,120,-40.0,42.0,-0.33
07:37:10,151.07,30.0,294.5,40.0,149.62,13.0,392.55,47.0,222.78,143.43,43.0,87.0,29.201880590127228,130,-44.0,10.0,-0.34
07:37:11,150.0,24.0,344.0,30.0,148.76,25.0,526.33,12.0,247.0,194.0,49.0,42.0,26.10196218677918,91,7.0,-39.0,0.08
07:37:12,150.36,33.0,277.0,35.0,148.6,30.0,381.76,17.0,213.68,126.63999999999999,63.0,52.0,30.296573733675654,115,11.0,24.0,0.1
07:37:13,154.0,35.0,256.95,41.0,149.0,22.0,268.47,45.0,205.48,102.94999999999999,57.0,86.0,20.91363478690492,143,-29.0,28.0,-0.2
07:37:14,156.0,114.0,196.68,53.0,154.0,38.0,211.69,61.0,176.34,40.68000000000001,152.0,114.0,25.75170440961207,266,38.0,123.0,0.14
07:37:15,156.0,60.0,161.96,46.0,154.0,24.0,162.85,26.0,158.98,5.960000000000008,84.0,72.0,34.162006381359234,156,12.0,-110.0,0.08
07:37:16,156.0,50.0,159.12,32.0,154.0,26.0,161.87,47.0,157.56,3.1200000000000045,76.0,79.0,26.045009502782335,155,-3.0,-1.0,-0.02
07:37:17,154.6,20.0,161.31,32.0,151.31,13.0,325.08,26.0,157.96,6.710000000000008,33.0,58.0,20.689327683615474,91,-25.0,-64.0,-0.27
07:37:18,154.0,36.0,162.33,12.0,149.0,6.0,164.0,18.0,158.17,8.330000000000013,42.0,30.0,8.143464864541027,72,12.0,-19.0,0.17
07:37:19,154.0,112.0,161.62,16.0,151.25,8.0,164.0,24.0,157.81,7.6200000000000045,120.0,40.0,0.5418763696756234,160,80.0,88.0,0.5
07:37:20,154.0,168.0,157.91,32.0,152.0,12.0,159.3,30.0,155.95,3.9099999999999966,180.0,62.0,0.8891287870790384,242,118.0,82.0,0.49
07:37:21,154.0,158.0,156.94,35.0,152.0,12.0,238.94,34.0,155.47,2.9399999999999977,170.0,69.0,1.2613564127606827,239,101.0,-3.0,0.42
07:37:22,154.39,102.0,156.81,48.0,153.91,138.0,323.08,60.0,155.6,2.420000000000016,240.0,108.0,1.287283962462179,348,132.0,109.0,0.38
07:37:23,154.0,92.0,155.14,21.0,152.0,7.0,338.29,35.0,154.57,1.1399999999999864,99.0,56.0,1.1929375507595006,155,43.0,-176.0,0.28
07:37:24,154.0,99.0,155.0,27.0,152.0,9.0,328.33,45.0,154.5,1.0,108.0,72.0,0.6482052144281351,180,36.0,25.0,0.2
07:37:25,154.0,110.0,155.0,30.0,152.0,10.0,301.39,41.0,154.5,1.0,120.0,71.0,0.5567494948463918,191,49.0,11.0,0.26
07:37:26,154.0,98.0,195.92,38.0,152.0,10.0,268.6,50.0,174.96,41.91999999999999,108.0,88.0,9.03126679929308,196,20.0,5.0,0.1
07:37:27,154.0,104.0,227.77,65.0,152.69,29.0,343.32,50.0,190.88,73.77000000000001,133.0,115.0,16.540641462773344,248,18.0,52.0,0.07
07:37:28,155.32,82.0,230.29,35.0,152.84,19.0,290.84,31.0,192.8,74.97,101.0,66.0,18.69947913713162,167,35.0,-81.0,0.21
07:37:29,160.0,211.0,211.0,60.0,154.0,96.0,294.14,29.0,185.5,51.0,307.0,89.0,15.714213947888831,396,218.0,176.0,0.55
07:37:30,160.0,100.0,334.77,44.0,154.0,80.0,465.4,20.0,247.39,174.76999999999998,180.0,64.0,28.300750520083973,244,116.0,-152.0,0.48
07:37:33,160.0,112.0,296.0,50.0,154.57,56.0,374.27,52.0,228.0,136.0,168.0,102.0,59.87577615363383,270,66.0,91.0,0.24
07:37:34,160.0,52.0,267.52,29.0,158.0,9.0,268.52,31.0,213.76,107.51999999999998,61.0,60.0,51.8167062828203,121,1.0,-149.0,0.01
07:37:35,160.0,60.0,264.84,19.0,158.0,15.0,265.84,43.0,212.42,104.83999999999997,75.0,62.0,57.07665617395666,137,13.0,16.0,0.09
07:37:36,160.0,49.0,181.73,48.0,158.0,16.0,192.25,36.0,170.86,21.72999999999999,65.0,84.0,59.745331365723025,149,-19.0,12.0,-0.13
07:37:37,160.0,11.0,172.64,55.0,158.0,11.0,174.0,11.0,166.32,12.639999999999986,22.0,66.0,27.821511820891942,88,-44.0,-61.0,-0.5
07:37:38,154.6,50.0,169.27,22.0,154.09,23.0,170.09,22.0,161.94,14.670000000000016,73.0,44.0,25.78575963589251,117,29.0,29.0,0.25
07:37:39,154.0,45.0,164.89,9.0,153.0,38.0,165.89,9.0,159.44,10.889999999999986,83.0,18.0,21.807014467827052,101,65.0,-16.0,0.64
07:37:40,153.66,61.0,161.29,17.0,152.82,68.0,162.29,17.0,157.47,7.6299999999999955,129.0,34.0,5.407585413103829,163,95.0,62.0,0.58
07:37:41,153.0,84.0,157.47,45.0,152.0,68.0,157.34,53.0,155.23,4.469999999999999,152.0,98.0,4.2761372756275975,250,54.0,87.0,0.22
07:37:42,151.67,36.0,156.5,50.0,151.11,36.0,157.53,34.0,154.08,4.8300000000000125,72.0,84.0,3.1717613403297906,156,-12.0,-94.0,-0.08
07:37:43,151.23,44.0,154.96,26.0,149.97,29.0,244.78,27.0,153.09,3.730000000000018,73.0,53.0,2.5810211157620837,126,20.0,-30.0,0.16
07:37:44,151.7,23.0,154.82,11.0,149.67,15.0,167.54,28.0,153.26,3.1200000000000045,38.0,39.0,1.8011468568690163,77,-1.0,-49.0,-0.01
07:37:45,152.25,16.0,287.38,24.0,149.88,17.0,478.0,16.0,219.81,135.13,33.0,40.0,29.481294578088235,73,-7.0,-4.0,-0.1
07:37:47,132.0,38.0,366.79,14.0,104.6,30.0,530.81,16.0,249.39,234.79000000000002,68.0,30.0,64.89758547126415,98,38.0,-20.0,0.39
07:37:50,152.0,40.0,200.25,16.0,103.1,20.0,374.0,16.0,176.12,48.25,60.0,32.0,50.65281601253815,92,28.0,-9.0,0.3
07:37:51,152.0,21.0,193.78,9.0,117.8,20.0,343.3,10.0,172.89,41.78,41.0,19.0,31.134526333317364,60,22.0,-32.0,0.37
07:37:52,153.0,28.0,181.0,4.0,152.0,12.0,182.0,4.0,167.0,28.0,40.0,8.0,18.538852985015723,48,32.0,-12.0,0.67
07:37:53,153.0,42.0,179.33,6.0,152.0,18.0,243.67,6.0,166.17,26.330000000000013,60.0,12.0,18.701739758643424,72,48.0,24.0,0.67
07:37:54,153.59,41.0,179.0,11.0,152.7,60.0,449.0,16.0,166.29,25.409999999999997,101.0,27.0,4.5489372385229405,128,74.0,56.0,0.58
07:37:55,157.0,10.0,179.0,10.0,153.0,70.0,521.77,13.0,168.0,22.0,80.0,23.0,2.7910840188034602,103,57.0,-25.0,0.55
07:37:56,157.0,10.0,177.0,10.0,153.0,70.0,622.5,16.0,167.0,20.0,80.0,26.0,0.7305272068990096,106,54.0,3.0,0.51
07:37:57,153.4,40.0,173.59,17.0,152.34,82.0,190.26,54.0,163.49,20.189999999999998,122.0,71.0,1.6757535618399844,193,51.0,87.0,0.26
07:37:58,152.07,59.0,171.2,20.0,144.69,29.0,173.07,28.0,161.63,19.129999999999995,88.0,48.0,2.6411872330486332,136,40.0,-57.0,0.29
07:37:59,152.73,33.0,168.75,24.0,151.18,51.0,169.25,24.0,160.74,16.02000000000001,84.0,48.0,3.215457976714778,132,36.0,-4.0,0.27
07:38:00,152.22,54.0,165.93,28.0,150.48,42.0,168.06,18.0,159.08,13.710000000000008,96.0,46.0,3.029780520106692,142,50.0,10.0,0.35
07:38:01,153.33,54.0,164.41,34.0,150.5,60.0,166.36,14.0,158.87,11.079999999999984,114.0,48.0,1.910803495919266,162,66.0,20.0,0.41
07:38:02,153.6,30.0,160.3,10.0,150.4,50.0,161.8,10.0,156.95,6.700000000000017,80.0,20.0,1.8124375851368613,100,60.0,-62.0,0.6
07:38:03,154.26,61.0,156.83,18.0,151.35,40.0,157.65,20.0,155.55,2.5700000000000216,101.0,38.0,2.015730636770753,139,63.0,39.0,0.45
07:38:04,152.0,25.0,153.56,9.0,150.0,18.0,262.22,9.0,152.78,1.5600000000000023,43.0,18.0,2.603368971163233,61,25.0,-78.0,0.41
07:38:05,152.0,13.0,179.0,7.0,150.0,14.0,511.0,11.0,165.5,27.0,27.0,18.0,4.778488254669682,45,9.0,-16.0,0.2
07:38:06,152.55,20.0,209.15,41.0,149.7,23.0,400.38,13.0,180.85,56.599999999999994,43.0,54.0,11.392481292502438,97,-11.0,52.0,-0.11
07:38:07,153.0,18.0,204.5,30.0,150.4,10.0,208.57,14.0,178.75,51.5,28.0,44.0,12.893340529126649,72,-16.0,-25.0,-0.22
07:38:08,151.64,11.0,203.0,35.0,149.35,17.0,242.33,15.0,177.32,51.360000000000014,28.0,50.0,11.824104617264751,78,-22.0,6.0,-0.28
07:38:12,118.0,40.0,170.5,50.0,68.64,33.0,300.11,47.0,144.25,52.5,73.0,97.0,23.300198926189665,170,-24.0,90.0,-0.14
07:38:13,135.26,114.0,364.54,41.0,86.94,33.0,428.42,24.0,249.9,229.28000000000003,147.0,65.0,54.468830811758906,212,82.0,42.0,0.39
07:38:14,143.12,81.0,257.94,31.0,138.98,168.0,438.56,45.0,200.53,114.82,249.0,76.0,56.26844879681705,325,173.0,113.0,0.53
07:38:15,142.0,85.0,311.17,12.0,66.65,17.0,394.09,22.0,226.58,169.17000000000002,102.0,34.0,52.97298434107741,136,68.0,-176.0,0.5
07:38:17,158.85,13.0,163.09,22.0,151.02,61.0,361.57,46.0,160.97,4.240000000000009,74.0,68.0,49.115199989412986,142,6.0,40.0,0.04
07:38:18,155.25,24.0,161.71,14.0,154.06,32.0,246.33,18.0,158.48,6.460000000000008,56.0,32.0,38.64624004997153,88,24.0,-54.0,0.27
07:38:19,155.0,16.0,158.73,11.0,154.0,33.0,377.26,47.0,156.86,3.7299999999999898,49.0,58.0,36.28171274898718,107,-9.0,19.0,-0.08
07:38:20,154.33,18.0,156.5,10.0,153.43,42.0,213.19,26.0,155.42,2.1699999999999875,60.0,36.0,13.464379673791521,96,24.0,-11.0,0.25
07:38:21,153.6,60.0,155.62,16.0,147.91,88.0,223.0,80.0,154.61,2.0200000000000102,148.0,96.0,2.5406829790458554,244,52.0,148.0,0.21
07:38:22,153.0,66.0,154.0,11.0,129.31,29.0,233.0,55.0,153.5,1.0,95.0,66.0,1.9463504309379847,161,29.0,-83.0,0.18
07:38:23,153.0,36.0,214.73,48.0,150.0,12.0,278.83,60.0,183.86,61.72999999999999,48.0,108.0,12.921157068932164,156,-60.0,-5.0,-0.38
07:38:24,154.75,24.0,169.0,40.0,152.86,22.0,235.12,34.0,161.88,14.25,46.0,74.0,12.727194506253774,120,-28.0,-36.0,-0.23
07:38:25,155.0,36.0,251.22,45.0,153.0,39.0,506.31,36.0,203.11,96.22,75.0,81.0,21.52742367307389,156,-6.0,36.0,-0.04
07:38:31,129.45,55.0,190.26,27.0,80.34,123.0,293.24,33.0,159.86,60.81,178.0,60.0,81.72788795753898,238,118.0,88.0,0.5
07:38:32,117.42,48.0,199.64,33.0,81.87,68.0,301.0,20.0,158.53,82.21999999999998,116.0,53.0,50.459968588971854,169,63.0,-69.0,0.37
07:38:40,142.93,29.0,146.0,39.0,138.69,64.0,148.0,26.0,144.47,3.069999999999993,93.0,65.0,1.1948974851475735,158,28.0,20.0,0.18
07:38:41,144.0,14.0,146.0,21.0,141.0,35.0,148.0,14.0,145.0,2.0,49.0,35.0,0.7794356933143208,84,14.0,-74.0,0.17
07:38:42,144.0,16.0,145.95,22.0,134.65,37.0,147.65,17.0,144.98,1.9499999999999886,53.0,39.0,0.7517978451768478,92,14.0,8.0,0.15
07:38:49,135.95,63.0,150.08,53.0,116.56,39.0,165.52,50.0,143.01,14.130000000000024,102.0,103.0,15.33264719479345,205,-1.0,58.0,-0.0
07:38:53,141.06,17.0,146.0,28.0,131.5,12.0,356.28,25.0,143.53,4.939999999999998,29.0,53.0,1.8434017467745858,82,-24.0,-25.0,-0.29
07:38:54,138.0,6.0,146.0,16.0,90.0,4.0,455.61,18.0,142.0,8.0,10.0,34.0,1.725679576286245,44,-24.0,-38.0,-0.55
07:38:59,119.67,18.0,404.11,27.0,55.0,15.0,488.06,17.0,261.89,284.44,33.0,44.0,71.26330030246996,77,-11.0,12.0,-0.14
07:39:00,158.6,25.0,384.94,34.0,152.25,20.0,482.08,24.0,271.77,226.34,45.0,58.0,90.66841660688705,103,-13.0,26.0,-0.13
07:39:02,155.6,15.0,299.08,26.0,153.87,23.0,652.5,16.0,227.34,143.48,38.0,42.0,86.37582503223969,80,-4.0,8.0,-0.05
07:39:04,155.5,18.0,311.0,12.0,153.75,12.0,491.0,30.0,233.25,155.5,30.0,42.0,53.34146670274557,72,-12.0,23.0,-0.17
07:39:08,154.0,6.0,375.75,28.0,153.0,6.0,420.4,20.0,264.88,221.75,12.0,48.0,40.553788725594075,60,-36.0,-42.0,-0.6
07:39:09,155.14,7.0,328.41,17.0,153.57,7.0,397.21,19.0,241.78,173.27000000000004,14.0,36.0,37.55020266257058,50,-22.0,-10.0,-0.44
07:39:10,157.0,9.0,281.67,24.0,154.0,9.0,294.0,27.0,219.33,124.67000000000002,18.0,51.0,45.12493346255604,69,-33.0,19.0,-0.48
07:39:11,157.0,12.0,214.08,51.0,154.0,12.0,264.75,24.0,185.54,57.08000000000001,24.0,75.0,48.983463332027625,99,-51.0,30.0,-0.52
07:39:12,154.0,9.0,205.81,21.0,153.0,9.0,235.73,22.0,179.9,51.81,18.0,43.0,36.29684669499651,61,-25.0,-38.0,-0.41
07:39:13,154.67,21.0,194.93,27.0,153.5,14.0,197.32,40.0,174.8,40.26000000000002,35.0,67.0,29.01290402562399,102,-32.0,41.0,-0.31
07:39:14,154.0,11.0,172.05,41.0,153.0,38.0,174.0,35.0,163.02,18.05000000000001,49.0,76.0,21.15921359597419,125,-27.0,23.0,-0.22
07:39:15,153.12,26.0,156.57,46.0,152.13,89.0,158.65,46.0,154.84,3.4499999999999886,115.0,92.0,12.529620904083705,207,23.0,82.0,0.11
07:39:16,152.01,166.0,153.47,36.0,151.24,142.0,154.22,58.0,152.74,1.460000000000008,308.0,94.0,11.994640469811833,402,214.0,176.0,0.53
07:39:17,152.0,85.0,154.14,28.0,151.0,96.0,208.45,40.0,153.07,2.1399999999999864,181.0,68.0,9.421389494126897,249,113.0,-153.0,0.45
07:39:18,152.0,18.0,175.0,6.0,151.0,54.0,473.86,14.0,163.5,23.0,72.0,20.0,5.380676537392229,92,52.0,-157.0,0.57
07:39:19,152.54,57.0,175.0,8.0,150.37,38.0,511.88,16.0,163.77,22.460000000000008,95.0,24.0,5.582018452141062,119,71.0,27.0,0.6
07:39:20,157.82,110.0,175.0,13.0,154.5,119.0,452.48,42.0,166.41,17.180000000000007,229.0,55.0,6.485203928948155,284,174.0,165.0,0.61
07:39:21,160.0,48.0,320.94,17.0,158.0,56.0,406.44,18.0,240.47,160.94,104.0,35.0,35.60031994238331,139,69.0,-145.0,0.5
07:39:22,160.0,36.0,284.0,18.0,156.24,34.0,334.0,24.0,222.0,124.0,70.0,42.0,37.11605919275459,112,28.0,-27.0,0.25
07:39:23,160.0,20.0,284.0,30.0,155.1,42.0,348.73,22.0,222.0,124.0,62.0,52.0,35.36876234758674,114,10.0,2.0,0.09
07:39:24,160.0,22.0,363.4,20.0,157.0,11.0,472.0,29.0,261.7,203.39999999999998,33.0,49.0,35.377067854756994,82,-16.0,-32.0,-0.2
07:39:25,155.71,28.0,265.0,18.0,153.25,8.0,343.16,19.0,210.36,109.28999999999999,36.0,37.0,20.122824851399102,73,-1.0,-9.0,-0.01
07:39:26,155.0,32.0,347.35,20.0,152.0,8.0,468.67,24.0,251.18,192.35000000000002,40.0,44.0,21.83900455607093,84,-4.0,11.0,-0.05
07:39:27,155.0,28.0,224.33,24.0,152.0,7.0,406.47,15.0,189.67,69.33000000000001,35.0,39.0,29.513468450862952,74,-4.0,-10.0,-0.05
07:39:28,155.0,16.0,196.0,16.0,152.0,4.0,274.0,8.0,175.5,41.0,20.0,24.0,37.67394749691193,44,-4.0,-30.0,-0.09
07:39:29,155.0,28.0,196.0,28.0,152.0,7.0,274.0,14.0,175.5,41.0,35.0,42.0,31.752771847510658,77,-7.0,33.0,-0.09
07:39:30,154.92,37.0,218.67,36.0,151.47,19.0,305.36,22.0,186.79,63.75,56.0,58.0,31.66170984012174,114,-2.0,37.0,-0.02
07:39:31,153.68,38.0,305.36,22.0,151.06,64.0,392.14,28.0,229.52,151.68,102.0,50.0,22.265440260638428,152,52.0,38.0,0.34
07:39:32,154.27,55.0,373.0,27.0,152.31,51.0,411.0,18.0,263.64,218.73,106.0,45.0,39.06694126752271,151,61.0,-1.0,0.4
07:39:33,154.0,13.0,378.27,22.0,152.11,36.0,416.29,14.0,266.14,224.26999999999998,49.0,36.0,42.17199331309918,85,13.0,-66.0,0.15
07:39:34,152.52,25.0,389.54,26.0,151.73,104.0,528.35,26.0,271.03,237.02,129.0,52.0,35.66344669265851,181,77.0,96.0,0.43
07:39:35,152.8,50.0,303.0,22.0,151.11,112.0,502.2,25.0,227.9,150.2,162.0,47.0,21.1134075885467,209,115.0,28.0,0.55
07:39:36,151.15,59.0,260.5,8.0,150.67,45.0,383.0,12.0,205.83,109.35,104.0,20.0,28.637417306735212,124,84.0,-85.0,0.68
07:39:37,151.0,66.0,200.31,13.0,150.0,27.0,204.36,22.0,175.65,49.31,93.0,35.0,40.40328390118907,128,58.0,4.0,0.45
07:39:38,151.0,84.0,188.94,16.0,150.0,36.0,225.5,16.0,169.97,37.94,120.0,32.0,41.366515202517,152,88.0,24.0,0.58
07:39:39,151.0,63.0,161.23,13.0,150.0,27.0,177.18,11.0,156.12,10.22999999999999,90.0,24.0,29.15369839317225,114,66.0,-38.0,0.58
07:39:40,152.23,52.0,157.27,33.0,150.91,66.0,158.92,12.0,154.75,5.0400000000000205,118.0,45.0,20.679535294586373,163,73.0,49.0,0.45
07:39:41,153.84,51.0,155.74,47.0,151.0,84.0,156.87,23.0,154.79,1.9000000000000057,135.0,70.0,9.856935629293512,205,65.0,42.0,0.32
07:39:42,154.0,24.0,155.0,40.0,151.8,60.0,158.4,10.0,154.5,1.0,84.0,50.0,6.7068718490838,134,34.0,-71.0,0.25
07:39:43,153.07,45.0,226.3,23.0,150.57,63.0,419.47,15.0,189.69,73.23000000000002,108.0,38.0,15.508889386414355,146,70.0,12.0,0.48
07:39:44,153.56,124.0,175.69,59.0,151.2,105.0,185.57,53.0,164.63,22.129999999999995,229.0,112.0,15.169638097200512,341,117.0,176.0,0.34
07:39:45,154.0,84.0,157.0,15.0,151.47,30.0,158.0,30.0,155.5,3.0,114.0,45.0,15.062691326586934,159,69.0,-176.0,0.43
07:39:46,154.0,161.0,155.85,39.0,152.0,24.0,163.6,35.0,154.92,1.8499999999999943,185.0,74.0,15.04330316120889,259,111.0,100.0,0.43
07:39:47,152.33,6.0,155.0,8.0,150.44,18.0,209.0,8.0,153.67,2.6699999999999875,24.0,16.0,15.176237017127708,40,8.0,-176.0,0.2
07:39:48,150.75,20.0,154.75,16.0,150.5,16.0,209.0,16.0,152.75,4.0,36.0,32.0,4.78154054673093,68,4.0,28.0,0.06
07:39:49,153.77,13.0,182.33,12.0,150.86,21.0,221.14,7.0,168.05,28.560000000000002,34.0,19.0,6.281478329185927,53,15.0,-15.0,0.28
07:39:50,153.0,32.0,227.67,12.0,150.0,50.0,475.78,18.0,190.33,74.66999999999999,82.0,30.0,16.010727029090134,112,52.0,59.0,0.46
07:39:51,151.15,40.0,311.38,13.0,149.74,46.0,584.85,26.0,231.27,160.23,86.0,39.0,32.828595461884255,125,47.0,13.0,0.38
07:39:52,153.5,42.0,239.05,19.0,148.67,36.0,479.68,19.0,196.28,85.55000000000001,78.0,38.0,29.94368347414948,116,40.0,-9.0,0.34
07:39:53,155.2,30.0,308.0,10.0,151.11,36.0,373.0,20.0,231.6,152.8,66.0,30.0,27.581980168219665,96,36.0,-20.0,0.38
07:39:54,156.0,24.0,261.5,8.0,155.0,32.0,366.27,11.0,208.75,105.5,56.0,19.0,19.24926050527834,75,37.0,-21.0,0.49
07:39:55,156.38,24.0,383.75,8.0,155.0,32.0,488.0,8.0,270.06,227.37,56.0,16.0,28.145093178031576,72,40.0,-3.0,0.56
07:39:56,158.0,33.0,409.36,11.0,155.0,44.0,421.09,11.0,283.68,251.36,77.0,22.0,37.919518456859215,99,55.0,27.0,0.56
07:39:57,158.0,37.0,263.62,13.0,155.0,52.0,543.54,13.0,210.81,105.62,89.0,26.0,34.2998637023544,115,63.0,16.0,0.55
07:39:58,158.0,22.0,260.0,11.0,155.0,44.0,482.0,11.0,209.0,102.0,66.0,22.0,37.21057175051313,88,44.0,-27.0,0.5
07:40:00,156.24,34.0,229.23,22.0,153.45,58.0,284.18,28.0,192.73,72.98999999999998,92.0,50.0,60.81244831447005,142,42.0,57.0,0.3
07:40:01,155.31,26.0,215.17,12.0,152.31,65.0,228.68,22.0,185.24,59.859999999999985,91.0,34.0,61.59573386201418,125,57.0,-17.0,0.46
07:40:02,154.25,8.0,204.8,15.0,151.26,19.0,207.0,13.0,179.53,50.55000000000001,27.0,28.0,65.08544130602539,55,-1.0,-70.0,-0.02
07:40:03,155.93,29.0,204.0,5.0,153.29,7.0,205.0,15.0,179.97,48.06999999999999,36.0,20.0,67.59288771757035,56,16.0,1.0,0.29
07:40:04,156.0,99.0,193.5,32.0,155.0,14.0,204.63,19.0,174.75,37.5,113.0,51.0,6.845237760666297,164,62.0,108.0,0.38
07:40:05,156.0,114.0,202.36,33.0,155.0,13.0,204.47,19.0,179.18,46.360000000000014,127.0,52.0,3.7269464713153893,179,75.0,15.0,0.42
07:40:06,156.03,74.0,201.9,39.0,154.29,17.0,203.14,21.0,178.96,45.870000000000005,91.0,60.0,2.1187189525865686,151,31.0,-28.0,0.21
07:40:07,152.89,70.0,198.29,14.0,150.73,44.0,201.88,34.0,175.59,45.400000000000006,114.0,48.0,2.3497340275122798,162,66.0,11.0,0.41
07:40:08,154.0,80.0,197.0,30.0,152.0,20.0,198.0,10.0,175.5,43.0,100.0,40.0,2.102767224408962,140,60.0,-22.0,0.43
07:40:09,154.0,96.0,196.86,14.0,152.0,24.0,262.8,15.0,175.43,42.860000000000014,120.0,29.0,1.9540905813315446,149,91.0,9.0,0.61
07:40:10,157.7,107.0,194.0,10.0,153.95,74.0,196.0,10.0,175.85,36.30000000000001,181.0,20.0,1.5143744583319814,201,161.0,52.0,0.8
07:40:11,158.0,172.0,192.07,14.0,154.09,70.0,193.21,14.0,175.04,34.06999999999999,242.0,28.0,0.2938877337484388,270,214.0,69.0,0.79
07:40:12,158.0,154.0,188.69,16.0,154.62,21.0,190.05,20.0,173.34,30.689999999999998,175.0,36.0,0.9886202506764105,211,139.0,-59.0,0.66
07:40:13,158.0,156.0,179.14,29.0,154.0,120.0,182.48,25.0,168.57,21.139999999999986,276.0,54.0,2.9934478448849844,330,222.0,119.0,0.67
07:40:14,158.0,120.0,172.75,16.0,154.0,96.0,174.63,30.0,165.38,14.75,216.0,46.0,4.494066087636578,262,170.0,-68.0,0.65
07:40:15,158.0,130.0,167.92,13.0,154.0,104.0,168.92,13.0,162.96,9.919999999999987,234.0,26.0,5.125214141871856,260,208.0,-2.0,0.8
07:40:16,158.0,105.0,164.53,17.0,154.0,112.0,165.52,23.0,161.26,6.530000000000001,217.0,40.0,4.798908209170216,257,177.0,-3.0,0.69
07:40:17,158.0,75.0,161.29,31.0,154.0,120.0,162.68,25.0,159.65,3.289999999999992,195.0,56.0,3.5124962633487926,251,139.0,-6.0,0.55
07:40:18,156.47,49.0,159.0,45.0,154.19,108.0,165.0,29.0,157.73,2.530000000000001,157.0,74.0,2.950632135668165,231,83.0,-20.0,0.36
07:40:19,155.0,35.0,157.33,18.0,154.0,48.0,167.0,18.0,156.17,2.3300000000000125,83.0,36.0,2.7064238396888927,119,47.0,-112.0,0.39
07:40:20,155.0,54.0,164.09,33.0,154.0,88.0,261.74,34.0,159.55,9.090000000000003,142.0,67.0,1.9603877167631596,209,75.0,90.0,0.36
07:40:21,155.0,12.0,168.0,12.0,154.0,32.0,181.5,12.0,161.5,13.0,44.0,24.0,2.034993857493412,68,20.0,-141.0,0.29
07:40:22,155.0,24.0,168.0,24.0,154.0,64.0,239.75,24.0,161.5,13.0,88.0,48.0,2.3454104118546413,136,40.0,68.0,0.29
07:40:23,155.0,18.0,168.0,18.0,154.0,48.0,339.67,18.0,161.5,13.0,66.0,36.0,2.3244203578605687,102,30.0,-34.0,0.29
07:40:24,155.0,12.0,213.0,18.0,154.0,48.0,342.0,18.0,184.0,58.0,60.0,36.0,10.314940620286695,96,24.0,-6.0,0.25
07:40:25,155.0,22.0,348.55,33.0,154.0,88.0,533.49,39.0,251.77,193.55,110.0,72.0,39.08806825618342,182,38.0,86.0,0.21
07:40:26,155.0,18.0,344.86,28.0,154.0,72.0,451.78,27.0,249.93,189.86,90.0,55.0,45.767072770716574,145,35.0,-37.0,0.24
07:40:27,155.0,22.0,173.0,44.0,154.0,88.0,377.45,33.0,164.0,18.0,110.0,77.0,45.22803278941133,187,33.0,42.0,0.18
07:40:28,155.0,22.0,171.8,54.0,154.0,88.0,492.76,34.0,163.4,16.80000000000001,110.0,88.0,44.80618205114186,198,22.0,11.0,0.11
07:40:29,155.0,26.0,170.0,65.0,154.0,104.0,394.21,42.0,162.5,15.0,130.0,107.0,47.96049363799402,237,23.0,39.0,0.1
07:40:30,154.62,32.0,166.58,60.0,153.75,106.0,244.0,48.0,160.6,11.960000000000008,138.0,108.0,39.065131255379825,246,30.0,9.0,0.12
07:40:31,154.0,42.0,166.0,35.0,153.0,91.0,244.0,28.0,160.0,12.0,133.0,63.0,1.740689518565043,196,70.0,-50.0,0.36
07:40:32,154.89,54.0,164.01,69.0,153.99,141.0,228.88,59.0,159.45,9.120000000000005,195.0,128.0,1.6876018487906412,323,67.0,127.0,0.21
07:40:33,155.41,37.0,161.0,27.0,154.62,64.0,163.54,39.0,158.2,5.590000000000003,101.0,66.0,1.5842979517883817,167,35.0,-156.0,0.21
07:40:34,155.0,96.0,160.17,36.0,153.05,96.0,164.0,60.0,157.58,5.1699999999999875,192.0,96.0,1.2531081358127807,288,96.0,121.0,0.33
07:40:35,155.38,84.0,158.21,42.0,154.82,44.0,160.56,48.0,156.8,2.8300000000000125,128.0,90.0,1.3166928267594022,218,38.0,-70.0,0.17
07:40:36,155.26,61.0,157.54,24.0,154.67,27.0,159.63,30.0,156.4,2.280000000000001,88.0,54.0,1.2068471320093364,142,34.0,-76.0,0.24
07:40:37,154.05,20.0,207.8,20.0,152.18,56.0,269.96,27.0,180.93,53.75,76.0,47.0,10.615079839550999,123,29.0,-19.0,0.24
07:40:38,153.0,26.0,363.07,28.0,152.0,156.0,525.31,26.0,258.04,210.07,182.0,54.0,43.78912650419115,236,128.0,113.0,0.54
07:40:39,155.0,24.0,203.0,12.0,153.0,12.0,512.23,13.0,179.0,48.0,36.0,25.0,41.81205783024867,61,11.0,-175.0,0.18
07:40:40,155.0,44.0,202.91,22.0,153.0,22.0,428.0,17.0,178.95,47.91,66.0,39.0,38.992193192997775,105,27.0,44.0,0.26
07:40:41,155.0,17.0,202.0,28.0,152.36,56.0,203.0,28.0,178.5,47.0,73.0,56.0,35.205907600856776,129,17.0,24.0,0.13
07:40:42,153.0,9.0,202.0,18.0,152.0,67.0,203.0,18.0,177.5,49.0,76.0,36.0,35.58206036755129,112,40.0,-17.0,0.36
07:40:43,152.53,15.0,201.67,18.0,151.54,83.0,205.0,18.0,177.1,49.139999999999986,98.0,36.0,0.8648699324488698,134,62.0,22.0,0.46
07:40:44,152.0,58.0,200.2,30.0,150.0,171.0,204.67,18.0,176.1,48.19999999999999,229.0,48.0,1.1333578428959556,277,181.0,143.0,0.65
07:40:45,152.0,66.0,198.43,28.0,150.0,209.0,199.63,38.0,175.21,46.43000000000001,275.0,66.0,1.2702834329602817,341,209.0,64.0,0.61
07:40:46,152.0,18.0,196.0,12.0,150.0,57.0,197.0,6.0,174.0,44.0,75.0,18.0,1.4223642290401166,93,57.0,-176.0,0.61
07:40:47,152.0,54.0,193.53,19.0,150.0,171.0,194.94,32.0,172.76,41.53,225.0,51.0,1.7085022680852386,276,174.0,176.0,0.63
07:40:48,152.0,72.0,187.89,28.0,150.0,209.0,190.3,20.0,169.95,35.889999999999986,281.0,48.0,2.3994853614997824,329,233.0,53.0,0.71
07:40:49,150.64,147.0,184.0,45.0,149.65,270.0,185.71,28.0,167.32,33.360000000000014,417.0,73.0,3.196524675338975,490,344.0,161.0,0.7
07:40:50,150.0,93.0,182.0,20.0,149.0,95.0,183.0,10.0,166.0,32.0,188.0,30.0,3.420611056529235,218,158.0,-176.0,0.72
07:40:51,150.03,134.0,180.73,22.0,149.03,294.0,182.07,60.0,165.38,30.69999999999999,428.0,82.0,3.0573387120254165,510,346.0,176.0,0.68
07:40:52,150.82,49.0,166.63,27.0,149.83,109.0,170.52,33.0,158.72,15.810000000000002,158.0,60.0,4.16366184986821,218,98.0,-176.0,0.45
07:40:53,150.13,77.0,158.5,28.0,149.06,161.0,160.86,14.0,154.31,8.370000000000005,238.0,42.0,5.5906779553151384,280,196.0,62.0,0.7
07:40:54,151.64,99.0,154.95,38.0,149.58,90.0,156.28,32.0,153.29,3.3100000000000023,189.0,70.0,5.977562212143468,259,119.0,-21.0,0.46
07:40:55,152.0,64.0,153.04,23.0,150.0,8.0,173.12,8.0,152.52,1.039999999999992,72.0,31.0,5.3416224127173475,103,41.0,-156.0,0.4
07:40:56,152.0,96.0,154.0,12.0,150.0,12.0,307.0,12.0,153.0,2.0,108.0,24.0,2.519517811019249,132,84.0,29.0,0.64
07:40:57,152.0,133.0,217.25,12.0,150.0,12.0,407.47,17.0,184.62,65.25,145.0,29.0,14.030978939476944,174,116.0,42.0,0.67
07:40:58,152.08,66.0,368.0,20.0,151.86,70.0,539.0,4.0,260.04,215.92,136.0,24.0,46.42981886675905,160,112.0,-14.0,0.7
07:40:59,152.0,84.0,325.0,18.0,150.0,7.0,398.2,20.0,238.5,173.0,91.0,38.0,49.399691092152196,129,53.0,-31.0,0.41
07:41:00,159.19,118.0,241.0,32.0,151.98,85.0,502.29,14.0,200.09,81.81,203.0,46.0,42.63153644897243,249,157.0,120.0,0.63
07:41:01,160.0,154.0,241.0,44.0,152.27,88.0,395.0,11.0,200.5,81.0,242.0,55.0,31.309110495190843,297,187.0,48.0,0.63
07:41:02,160.0,168.0,256.56,45.0,156.93,30.0,442.26,19.0,208.28,96.56,198.0,64.0,26.685606982043172,262,134.0,-35.0,0.51
07:41:03,160.0,120.0,244.1,40.0,158.0,40.0,546.43,14.0,202.05,84.1,160.0,54.0,16.330965372569548,214,106.0,-48.0,0.5
07:41:04,160.0,149.0,243.86,56.0,158.0,52.0,669.95,21.0,201.93,83.86000000000001,201.0,77.0,3.3060323652472348,278,124.0,64.0,0.45
07:41:05,160.0,138.0,225.11,38.0,158.0,52.0,229.44,36.0,192.55,65.11000000000001,190.0,74.0,5.625812830166097,264,116.0,-14.0,0.44
07:41:06,160.0,18.0,210.38,26.0,158.0,36.0,211.71,28.0,185.19,50.379999999999995,54.0,54.0,9.101159266822002,108,0.0,-156.0,0.0
07:41:07,158.0,15.0,209.86,42.0,155.0,96.0,210.6,30.0,183.93,51.860000000000014,111.0,72.0,8.732502505012954,183,39.0,75.0,0.21
07:41:08,158.0,13.0,195.17,47.0,155.0,124.0,201.97,37.0,176.59,37.16999999999999,137.0,84.0,9.60975129751311,221,53.0,38.0,0.24
07:41:09,158.0,6.0,188.8,20.0,155.0,60.0,201.86,28.0,173.4,30.80000000000001,66.0,48.0,7.547855324531083,114,18.0,-107.0,0.16
07:41:10,158.0,12.0,185.42,52.0,155.0,120.0,186.38,42.0,171.71,27.419999999999987,132.0,94.0,6.112256539122868,226,38.0,112.0,0.17
07:41:11,158.0,12.0,179.56,45.0,155.0,123.0,180.68,56.0,168.78,21.560000000000002,135.0,101.0,5.793873488440073,236,34.0,10.0,0.14
07:41:12,158.0,12.0,177.06,34.0,155.0,120.0,178.73,41.0,167.53,19.060000000000002,132.0,75.0,3.6286870904015793,207,57.0,-29.0,0.28
07:41:13,156.29,28.0,161.13,52.0,154.97,124.0,163.38,39.0,158.71,4.840000000000003,152.0,91.0,5.702063661521618,243,61.0,36.0,0.25
07:41:14,155.0,106.0,156.52,50.0,154.0,32.0,159.2,70.0,155.76,1.5200000000000102,138.0,120.0,6.881044252149797,258,18.0,15.0,0.07
07:41:15,155.0,45.0,158.49,37.0,154.0,18.0,160.14,42.0,156.74,3.490000000000009,63.0,79.0,6.179573609889466,142,-16.0,-116.0,-0.11
07:41:16,155.0,57.0,157.25,48.0,154.0,24.0,160.0,60.0,156.12,2.25,81.0,108.0,4.917842006413093,189,-27.0,47.0,-0.14
07:41:17,155.0,24.0,159.59,29.0,154.0,12.0,278.67,15.0,157.29,4.590000000000003,36.0,44.0,1.1574670621836989,80,-8.0,-109.0,-0.1
07:41:18,155.47,30.0,159.82,55.0,154.55,22.0,217.64,22.0,157.64,4.349999999999994,52.0,77.0,0.7830708780436452,129,-25.0,49.0,-0.19
07:41:19,153.94,32.0,207.0,32.0,152.88,41.0,379.2,20.0,180.47,53.06,73.0,52.0,10.5353106266518,125,21.0,-4.0,0.17
07:41:20,153.0,43.0,187.0,21.0,152.0,35.0,523.71,14.0,170.0,34.0,78.0,35.0,10.657942109058558,113,43.0,-12.0,0.38
07:41:21,153.58,48.0,163.31,32.0,152.64,55.0,313.7,23.0,158.45,9.72999999999999,103.0,55.0,10.253933391632884,158,48.0,45.0,0.3
07:41:22,154.0,15.0,157.0,27.0,152.77,52.0,368.0,18.0,155.5,3.0,67.0,45.0,10.605591449798716,112,22.0,-46.0,0.2
07:41:23,153.67,18.0,156.93,42.0,152.65,102.0,305.14,28.0,155.3,3.2600000000000193,120.0,70.0,11.02256458361861,190,50.0,78.0,0.26
07:41:24,152.17,87.0,235.78,27.0,151.0,120.0,494.73,22.0,193.98,83.61000000000001,207.0,49.0,16.42053835901992,256,158.0,66.0,0.62
07:41:26,152.0,84.0,399.31,26.0,150.0,70.0,448.18,22.0,275.65,247.31,154.0,48.0,79.94556604340278,202,106.0,-6.0,0.52
07:41:27,152.0,132.0,179.59,34.0,150.0,92.0,279.8,40.0,165.79,27.590000000000003,224.0,74.0,77.86858076271889,298,150.0,96.0,0.5
07:41:28,152.0,156.0,168.69,52.0,150.0,104.0,184.75,32.0,160.35,16.689999999999998,260.0,84.0,76.75714507457971,344,176.0,46.0,0.51
07:41:29,152.0,82.0,166.0,65.0,150.0,211.0,221.64,70.0,159.0,14.0,293.0,135.0,81.8734711612991,428,158.0,84.0,0.37
07:41:30,153.2,25.0,162.46,70.0,150.12,160.0,163.48,65.0,157.83,9.26000000000002,185.0,135.0,51.47848366065239,320,50.0,-108.0,0.16
07:41:31,158.0,8.0,160.32,37.0,152.0,16.0,161.43,35.0,159.16,2.319999999999993,24.0,72.0,3.128646672291949,96,-48.0,-176.0,-0.5
07:41:32,153.58,19.0,159.64,53.0,150.3,66.0,162.71,45.0,156.61,6.059999999999974,85.0,98.0,1.4220232065766596,183,-13.0,87.0,-0.07
07:41:33,152.0,22.0,157.45,44.0,150.0,88.0,160.0,44.0,154.73,5.449999999999989,110.0,88.0,1.8421264886109299,198,22.0,15.0,0.11
07:41:34,154.0,30.0,155.0,40.0,152.95,84.0,160.0,40.0,154.5,1.0,114.0,80.0,1.9979814814060703,194,34.0,-4.0,0.18
07:41:35,153.84,50.0,157.93,56.0,152.98,127.0,308.56,36.0,155.88,4.090000000000003,177.0,92.0,1.8761742989502308,269,85.0,75.0,0.32
07:41:36,152.33,54.0,157.9,40.0,151.11,18.0,236.12,34.0,155.12,5.569999999999993,72.0,74.0,0.8698678060722538,146,-2.0,-123.0,-0.01
07:41:37,152.0,8.0,156.25,32.0,150.0,16.0,157.5,32.0,154.12,4.25,24.0,64.0,0.6711184694527956,88,-40.0,-58.0,-0.45
07:41:38,149.42,50.0,155.5,56.0,124.88,42.0,271.43,56.0,152.46,6.0800000000000125,92.0,112.0,1.2805779945166924,204,-20.0,116.0,-0.1
07:41:39,149.0,24.0,155.52,23.0,97.33,12.0,500.22,18.0,152.26,6.52000000000001,36.0,41.0,1.5966590118244202,77,-5.0,-127.0,-0.06
07:41:40,149.0,16.0,254.5,20.0,114.0,12.0,431.5,22.0,201.75,105.5,28.0,42.0,21.615097038876453,70,-14.0,-7.0,-0.2
07:41:42,160.0,24.0,376.77,26.0,155.38,16.0,665.62,16.0,268.38,216.76999999999998,40.0,42.0,99.00151327126312,82,-2.0,-31.0,-0.02
07:41:43,159.29,14.0,209.0,10.0,156.6,10.0,210.0,20.0,184.14,49.71000000000001,24.0,30.0,93.45384031702547,54,-6.0,-28.0,-0.11
07:41:44,155.0,12.0,209.0,12.0,151.0,12.0,504.07,15.0,182.0,54.0,24.0,27.0,87.30746445751416,51,-3.0,-3.0,-0.06
07:41:45,155.0,10.0,208.0,10.0,151.0,10.0,219.0,5.0,181.5,53.0,20.0,15.0,90.22577015465201,35,5.0,-16.0,0.14
07:41:46,155.0,24.0,207.0,24.0,151.0,24.0,444.58,33.0,181.0,52.0,48.0,57.0,38.57731820642883,105,-9.0,70.0,-0.09
07:41:47,149.94,17.0,207.0,14.0,134.0,13.0,516.12,8.0,178.47,57.06,30.0,22.0,2.0383866169233085,52,8.0,-53.0,0.15
07:41:48,141.26,23.0,205.56,18.0,57.69,13.0,324.67,18.0,173.41,64.30000000000001,36.0,36.0,3.5495816654995425,72,0.0,20.0,0.0
07:41:54,141.0,8.0,145.67,12.0,125.55,11.0,147.33,12.0,143.33,4.6699999999999875,19.0,24.0,1.214401086964683,43,-5.0,-140.0,-0.12
07:41:57,144.33,61.0,148.33,27.0,143.18,17.0,369.55,20.0,146.33,4.0,78.0,47.0,1.7399195383759374,125,31.0,27.0,0.25
07:41:58,146.62,8.0,149.0,21.0,145.0,40.0,342.56,32.0,147.81,2.3799999999999955,48.0,53.0,2.44495807735493,101,-5.0,-24.0,-0.05
07:41:59,147.86,7.0,371.5,24.0,110.45,22.0,424.33,18.0,259.68,223.64,29.0,42.0,51.42644718430431,71,-13.0,-30.0,-0.18
07:42:00,150.0,19.0,201.45,44.0,149.31,13.0,417.88,32.0,175.73,51.44999999999999,32.0,76.0,49.37011869542189,108,-44.0,37.0,-0.41
07:42:02,154.0,11.0,354.04,27.0,152.0,25.0,538.46,37.0,254.02,200.04000000000002,36.0,64.0,66.5190937250357,100,-28.0,56.0,-0.28
07:42:03,152.67,9.0,296.9,21.0,150.67,27.0,408.33,42.0,224.79,144.23,36.0,63.0,49.60799381148257,99,-27.0,-1.0,-0.27
07:42:04,158.0,65.0,369.51,39.0,152.0,10.0,513.48,42.0,263.76,211.51,75.0,81.0,49.94185348983449,156,-6.0,57.0,-0.04
07:42:05,158.0,36.0,338.67,15.0,152.0,6.0,471.69,26.0,248.33,180.67000000000002,42.0,41.0,31.677956531318475,83,1.0,-73.0,0.01
07:42:06,158.0,52.0,438.63,57.0,152.0,14.0,616.9,69.0,298.32,280.63,66.0,126.0,26.79091133201895,192,-60.0,109.0,-0.31
07:42:07,158.0,12.0,409.0,24.0,152.0,6.0,559.0,30.0,283.5,251.0,18.0,54.0,28.899848615522274,72,-36.0,-120.0,-0.5
07:42:08,156.09,11.0,294.03,29.0,153.38,13.0,456.05,38.0,225.06,137.93999999999997,24.0,67.0,28.808984362523177,91,-43.0,19.0,-0.47
07:42:09,150.0,6.0,271.33,24.0,149.0,24.0,273.0,18.0,210.67,121.32999999999998,30.0,42.0,37.34393833007039,72,-12.0,-19.0,-0.17
07:42:10,150.93,29.0,266.89,38.0,149.53,17.0,272.33,36.0,208.91,115.95999999999998,46.0,74.0,42.436678357290134,120,-28.0,48.0,-0.23
07:42:11,151.21,33.0,269.02,47.0,150.23,22.0,270.27,44.0,210.12,117.80999999999997,55.0,91.0,31.909009229371062,146,-36.0,26.0,-0.25
07:42:12,152.0,28.0,264.13,39.0,150.0,14.0,263.47,49.0,208.06,112.13,42.0,88.0,7.059534687221235,130,-46.0,-16.0,-0.35
07:42:13,152.0,22.0,251.09,22.0,150.0,11.0,251.81,32.0,201.55,99.09,33.0,54.0,3.672951129552003,87,-21.0,-43.0,-0.24
07:42:14,152.0,8.0,248.69,13.0,150.0,4.0,249.5,6.0,200.35,96.69,12.0,19.0,4.505748550471534,31,-7.0,-56.0,-0.23
07:42:15,153.6,45.0,241.95,38.0,152.29,21.0,248.38,32.0,197.77,88.35,66.0,70.0,5.271418215250539,136,-4.0,105.0,-0.03
07:42:16,154.77,39.0,228.46,28.0,153.58,38.0,239.49,35.0,191.62,73.69,77.0,63.0,5.970791404836824,140,14.0,4.0,0.1
07:42:17,154.32,19.0,172.62,24.0,152.15,26.0,175.0,32.0,163.47,18.30000000000001,45.0,56.0,15.833758871476759,101,-11.0,-39.0,-0.11
07:42:18,160.0,11.0,169.85,13.0,154.0,22.0,171.47,34.0,164.92,9.849999999999994,33.0,47.0,18.02656179087031,80,-14.0,-21.0,-0.17
07:42:19,160.0,13.0,165.57,42.0,154.0,26.0,166.06,32.0,162.79,5.569999999999993,39.0,74.0,17.11814621973016,113,-35.0,33.0,-0.31
07:42:20,155.58,19.0,160.52,27.0,152.53,38.0,161.87,31.0,158.05,4.939999999999998,57.0,58.0,13.359582703065916,115,-1.0,2.0,-0.01
07:42:21,152.74,38.0,156.35,40.0,151.83,24.0,157.69,35.0,154.54,3.609999999999985,62.0,75.0,4.324434067025951,137,-13.0,22.0,-0.09
07:42:22,154.05,38.0,156.75,32.0,152.13,15.0,349.67,18.0,155.4,2.6999999999999886,53.0,50.0,4.557043998037965,103,3.0,-34.0,0.03
07:42:23,156.0,75.0,161.19,42.0,155.0,28.0,359.82,17.0,158.6,5.189999999999998,103.0,59.0,3.2388778921183947,162,44.0,59.0,0.27
07:42:24,156.79,29.0,228.43,14.0,154.57,28.0,463.93,41.0,192.61,71.64000000000001,57.0,55.0,16.174193952097166,112,2.0,-50.0,0.02
07:42:25,158.0,22.0,398.45,44.0,155.0,44.0,495.6,40.0,278.23,240.45,66.0,84.0,52.937037412383305,150,-18.0,38.0,-0.12
07:42:26,158.0,14.0,414.0,28.0,155.0,28.0,592.0,28.0,286.0,256.0,42.0,56.0,63.77696269030129,98,-14.0,-52.0,-0.14
07:42:27,155.33,36.0,374.76,34.0,153.0,24.0,468.28,25.0,265.05,219.42999999999998,60.0,59.0,57.010261093947754,119,1.0,21.0,0.01
07:42:28,155.64,42.0,339.0,40.0,153.98,41.0,414.0,40.0,247.32,183.36,83.0,80.0,37.23716248588366,163,3.0,44.0,0.02
07:42:29,158.0,33.0,338.08,26.0,155.0,99.0,427.15,26.0,248.04,180.07999999999998,132.0,52.0,17.437269568372997,184,80.0,21.0,0.43
07:42:30,158.0,36.0,189.33,12.0,155.0,108.0,299.92,12.0,173.67,31.330000000000013,144.0,24.0,42.36966520991282,168,120.0,-16.0,0.71
07:42:31,158.0,36.0,172.57,21.0,155.0,138.0,176.89,53.0,165.29,14.569999999999993,174.0,74.0,46.641451842755544,248,100.0,80.0,0.4
07:42:32,155.27,66.0,171.15,13.0,154.31,87.0,172.48,21.0,163.21,15.879999999999995,153.0,34.0,44.15133327545244,187,119.0,-61.0,0.64
07:42:33,155.29,41.0,167.42,26.0,154.26,57.0,169.8,10.0,161.36,12.129999999999995,98.0,36.0,37.04212237440054,134,62.0,-53.0,0.46
07:42:34,155.0,34.0,166.39,54.0,154.0,84.0,166.67,30.0,160.69,11.389999999999986,118.0,84.0,5.247883382856043,202,34.0,68.0,0.17
07:42:35,154.74,35.0,162.92,36.0,153.84,93.0,163.66,56.0,158.83,8.179999999999978,128.0,92.0,2.469105101054866,220,36.0,18.0,0.16
07:42:36,154.0,30.0,159.61,18.0,153.0,50.0,161.08,26.0,156.81,5.610000000000014,80.0,44.0,2.4501428529892584,124,36.0,-96.0,0.29
07:42:37,154.0,27.0,157.22,9.0,153.0,45.0,159.0,9.0,155.61,3.219999999999999,72.0,18.0,2.4578852699126466,90,54.0,-34.0,0.6
07:42:38,153.8,25.0,156.56,16.0,152.8,69.0,164.08,36.0,155.18,2.759999999999991,94.0,52.0,2.3101255377257908,146,42.0,56.0,0.29
07:42:39,153.0,45.0,159.22,45.0,152.0,158.0,311.8,15.0,156.11,6.219999999999999,203.0,60.0,1.432766554625134,263,143.0,117.0,0.54
07:42:40,153.0,12.0,159.0,38.0,152.0,146.0,335.96,26.0,156.0,6.0,158.0,64.0,0.6074290082405115,222,94.0,-41.0,0.42
07:42:41,152.06,52.0,157.7,30.0,151.65,40.0,475.5,30.0,154.88,5.639999999999986,92.0,60.0,0.525670999820083,152,32.0,-70.0,0.21
07:42:42,152.0,89.0,156.23,39.0,149.04,25.0,486.56,43.0,154.12,4.22999999999999,114.0,82.0,0.82469388263263,196,32.0,44.0,0.16
07:42:43,152.0,39.0,194.21,42.0,149.33,21.0,306.0,30.0,173.11,42.21000000000001,60.0,72.0,8.017345570701929,132,-12.0,-64.0,-0.09
07:42:44,150.73,11.0,313.33,33.0,149.22,18.0,407.02,41.0,232.03,162.6,29.0,74.0,33.365618082092574,103,-45.0,-29.0,-0.44
07:42:45,152.86,22.0,172.2,50.0,149.1,29.0,287.89,36.0,162.53,19.339999999999975,51.0,86.0,32.60262612122011,137,-35.0,34.0,-0.26
07:42:46,150.0,9.0,172.14,37.0,149.0,18.0,173.02,41.0,161.07,22.139999999999986,27.0,78.0,31.7378216013649,105,-51.0,-32.0,-0.49
07:42:47,151.92,25.0,170.72,58.0,149.86,14.0,172.19,59.0,161.32,18.80000000000001,39.0,117.0,30.607680735398187,156,-78.0,51.0,-0.5
07:42:48,155.0,18.0,169.0,45.0,152.0,18.0,171.0,36.0,162.0,14.0,36.0,81.0,31.44435004893668,117,-45.0,-39.0,-0.38
07:42:49,157.0,12.0,167.73,48.0,154.56,27.0,170.29,42.0,162.36,10.72999999999999,39.0,90.0,0.6391635158994449,129,-51.0,12.0,-0.4
07:42:50,155.03,100.0,159.69,52.0,152.87,31.0,162.04,50.0,157.36,4.659999999999997,131.0,102.0,2.0030027458933732,233,29.0,104.0,0.12
07:42:51,152.31,61.0,156.0,75.0,145.45,49.0,234.18,45.0,154.16,3.6899999999999977,110.0,120.0,3.5643793288671914,230,-10.0,-3.0,-0.04
07:42:52,150.41,37.0,154.61,41.0,146.47,60.0,233.9,31.0,152.51,4.200000000000017,97.0,72.0,4.466163902058999,169,25.0,-61.0,0.15
07:42:53,151.0,28.0,152.81,36.0,150.0,140.0,283.65,17.0,151.9,1.8100000000000023,168.0,53.0,4.303779734146929,221,115.0,52.0,0.52
07:42:54,150.03,58.0,153.0,10.0,132.18,55.0,321.89,19.0,151.52,2.969999999999999,113.0,29.0,2.3872159517003446,142,84.0,-79.0,0.59
07:42:55,150.0,84.0,151.78,36.0,123.82,34.0,191.67,12.0,150.89,1.7800000000000011,118.0,48.0,1.2456042710475297,166,70.0,24.0,0.42
07:42:56,150.0,52.0,276.6,10.0,96.3,20.0,445.18,22.0,213.3,126.60000000000002,72.0,32.0,27.552403343448265,104,40.0,-62.0,0.38
07:42:58,156.0,20.0,272.82,11.0,155.0,75.0,641.0,17.0,214.41,116.82,95.0,28.0,70.91171800203463,123,67.0,-53.0,0.54
07:42:59,156.25,16.0,165.0,16.0,155.0,60.0,172.0,16.0,160.62,8.75,76.0,32.0,69.09768990349883,108,44.0,-15.0,0.41
07:43:00,157.71,28.0,278.29,28.0,155.0,105.0,553.0,28.0,218.0,120.58000000000001,133.0,56.0,59.98208999359802,189,77.0,81.0,0.41
07:43:01,158.0,5.0,391.0,20.0,155.0,75.0,469.8,20.0,274.5,233.0,80.0,40.0,62.86116384541491,120,40.0,-69.0,0.33
07:43:02,155.06,99.0,295.0,36.0,153.08,76.0,362.67,36.0,225.03,139.94,175.0,72.0,40.45278939702537,247,103.0,127.0,0.42
07:43:03,155.0,143.0,220.56,57.0,152.0,136.0,317.62,52.0,187.78,65.56,279.0,109.0,42.81212071364937,388,170.0,141.0,0.44
07:43:04,155.0,182.0,220.0,85.0,152.05,109.0,560.44,59.0,187.5,65.0,291.0,144.0,35.64964964764855,435,147.0,47.0,0.34
07:43:05,155.0,46.0,219.78,45.0,152.18,51.0,291.22,36.0,187.39,64.78,97.0,81.0,38.3000437336576,178,16.0,-176.0,0.09
07:43:06,153.65,49.0,218.47,75.0,152.13,89.0,341.75,48.0,186.06,64.82,138.0,123.0,16.938915844884384,261,15.0,83.0,0.06
07:43:07,154.33,12.0,216.12,40.0,152.28,36.0,241.0,8.0,185.23,61.78999999999999,48.0,48.0,1.0966631205939357,96,0.0,-165.0,0.0
07:43:08,155.73,22.0,214.67,60.0,152.03,72.0,294.17,12.0,185.2,58.94,94.0,72.0,1.1222432891626282,166,22.0,70.0,0.13
07:43:09,158.0,84.0,210.64,69.0,153.0,14.0,220.83,42.0,184.32,52.639999999999986,98.0,111.0,1.1557465120303092,209,-13.0,43.0,-0.06
07:43:10,158.0,48.0,209.0,40.0,153.0,8.0,211.0,32.0,183.5,51.0,56.0,72.0,0.9789892747470864,128,-16.0,-81.0,-0.12
07:43:11,158.0,48.0,208.07,15.0,153.0,8.0,209.2,35.0,183.03,50.06999999999999,56.0,50.0,0.9897625978331956,106,6.0,-22.0,0.06
07:43:12,158.0,77.0,206.06,34.0,153.4,30.0,206.45,31.0,182.03,48.06,107.0,65.0,1.2121179810848512,172,42.0,66.0,0.24
07:43:13,158.0,43.0,203.67,24.0,155.0,18.0,205.76,21.0,180.83,45.66999999999999,61.0,45.0,1.3518764736723594,106,16.0,-66.0,0.15
07:43:14,158.0,36.0,177.91,33.0,155.0,18.0,187.0,12.0,167.95,19.909999999999997,54.0,45.0,6.519740792398682,99,9.0,-7.0,0.09
07:43:15,158.0,28.0,169.08,24.0,155.0,14.0,172.69,13.0,163.54,11.080000000000013,42.0,37.0,9.052512358459706,79,5.0,-20.0,0.06
07:43:16,158.0,36.0,165.23,26.0,155.0,18.0,166.2,40.0,161.62,7.22999999999999,54.0,66.0,9.631200859709228,120,-12.0,41.0,-0.1
07:43:17,158.0,28.0,162.5,22.0,155.0,14.0,163.11,19.0,160.25,4.5,42.0,41.0,8.344439465899544,83,1.0,-37.0,0.01
07:43:18,157.53,19.0,159.95,38.0,154.54,13.0,161.08,26.0,158.74,2.4199999999999875,32.0,64.0,3.56113043850682,96,-32.0,13.0,-0.33
07:43:19,154.0,8.0,157.55,38.0,152.12,32.0,159.82,22.0,155.78,3.5500000000000114,40.0,60.0,2.941662795097135,100,-20.0,4.0,-0.2
07:43:20,152.12,40.0,154.7,50.0,151.08,65.0,442.32,19.0,153.41,2.579999999999984,105.0,69.0,3.343015106166553,174,36.0,74.0,0.21
07:43:21,151.2,60.0,153.06,32.0,149.6,40.0,329.35,48.0,152.13,1.8600000000000136,100.0,80.0,3.4381782967229704,180,20.0,6.0,0.11
07:43:22,150.0,49.0,151.56,27.0,124.57,14.0,421.66,35.0,150.78,1.5600000000000023,63.0,62.0,3.1507253133296085,125,1.0,-55.0,0.01
07:43:23,130.24,17.0,151.25,24.0,119.89,19.0,582.59,51.0,140.74,21.00999999999999,36.0,75.0,5.794745033222267,111,-39.0,-14.0,-0.35
07:43:26,159.82,100.0,367.07,30.0,123.33,12.0,467.73,33.0,263.44,207.25,112.0,63.0,132.25752273500404,175,49.0,67.0,0.28
07:43:27,160.0,63.0,350.57,14.0,150.86,7.0,370.86,29.0,255.29,190.57,70.0,43.0,115.64349411013195,113,27.0,-62.0,0.24
07:43:28,160.0,81.0,321.08,24.0,150.78,9.0,369.47,36.0,240.54,161.07999999999998,90.0,60.0,88.33109378922087,150,30.0,37.0,0.2
07:43:29,160.0,48.0,199.83,36.0,150.0,12.0,330.71,45.0,179.92,39.83000000000001,60.0,81.0,62.04455415264186,141,-21.0,-9.0,-0.15
07:43:30,160.0,46.0,197.08,49.0,153.83,46.0,198.4,50.0,178.54,37.08000000000001,92.0,99.0,41.28188682703453,191,-7.0,50.0,-0.04
07:43:31,160.0,22.0,193.52,27.0,154.67,36.0,195.03,31.0,176.76,33.52000000000001,58.0,58.0,38.44310991582339,116,0.0,-75.0,0.0
07:43:32,160.0,24.0,188.83,18.0,155.0,36.0,190.57,23.0,174.42,28.830000000000013,60.0,41.0,28.307495120551902,101,19.0,-15.0,0.19
07:43:33,155.0,26.0,184.67,27.0,154.0,40.0,186.04,24.0,169.83,29.669999999999987,66.0,51.0,3.9656247931520063,117,15.0,16.0,0.13
07:43:34,155.0,34.0,179.06,35.0,154.0,52.0,180.54,28.0,167.03,24.060000000000002,86.0,63.0,4.796772873511994,149,23.0,32.0,0.15
07:43:35,157.0,35.0,172.64,42.0,154.35,43.0,173.59,41.0,164.82,15.639999999999986,78.0,83.0,4.981974508170327,161,-5.0,12.0,-0.03
07:43:36,160.0,20.0,167.06,17.0,155.0,20.0,168.72,18.0,163.53,7.060000000000002,40.0,35.0,4.3466113237851784,75,5.0,-86.0,0.07
07:43:37,157.86,28.0,164.12,40.0,154.58,38.0,165.59,17.0,160.99,6.259999999999991,66.0,57.0,3.3702818873287304,123,9.0,48.0,0.07
07:43:38,155.0,33.0,160.86,28.0,154.0,44.0,161.71,34.0,157.93,5.860000000000014,77.0,62.0,3.517143727523051,139,15.0,16.0,0.11
07:43:39,155.0,22.0,158.56,9.0,154.0,36.0,160.0,18.0,156.78,3.5600000000000023,58.0,27.0,3.465768313095045,85,31.0,-54.0,0.36
07:43:40,154.65,34.0,156.56,39.0,153.94,47.0,157.2,51.0,155.61,1.9099999999999966,81.0,90.0,3.241962368697813,171,-9.0,86.0,-0.05
07:43:41,153.16,51.0,156.91,54.0,152.44,32.0,157.43,21.0,155.03,3.75,83.0,75.0,2.3604702921349836,158,8.0,-13.0,0.05
07:43:42,153.0,37.0,154.0,49.0,152.0,20.0,155.0,10.0,153.5,1.0,57.0,59.0,1.6890677902473192,116,-2.0,-42.0,-0.02
07:43:43,152.2,15.0,173.93,14.0,150.5,8.0,195.11,9.0,163.06,21.730000000000018,23.0,23.0,3.6955013191786974,46,0.0,-70.0,0.0
07:43:44,152.82,22.0,224.52,33.0,150.86,14.0,310.0,35.0,188.67,71.70000000000002,36.0,68.0,14.723995042109149,104,-32.0,58.0,-0.31
07:43:45,152.0,10.0,260.0,9.0,150.0,5.0,382.15,13.0,206.0,108.0,15.0,22.0,23.109553652116702,37,-7.0,-67.0,-0.19
07:43:46,152.0,22.0,269.64,11.0,150.0,11.0,601.98,41.0,210.82,117.63999999999999,33.0,52.0,25.460824809893072,85,-19.0,48.0,-0.22
07:43:47,131.33,30.0,254.33,9.0,131.33,9.0,690.85,20.0,192.83,123.0,39.0,29.0,18.702358942124686,68,10.0,-17.0,0.15
07:43:50,124.43,14.0,358.75,24.0,111.98,128.0,411.11,36.0,241.59,234.32,142.0,60.0,48.28359214060265,202,82.0,39.0,0.41
07:43:51,129.22,18.0,259.0,18.0,119.15,52.0,300.53,62.0,194.11,129.78,70.0,80.0,46.346664173379985,150,-10.0,-52.0,-0.07
07:43:52,153.0,8.0,262.69,26.0,144.88,8.0,326.17,24.0,207.85,109.69,16.0,50.0,47.9382738529462,66,-34.0,-84.0,-0.52
07:43:53,153.0,11.0,261.0,44.0,150.0,71.0,263.0,33.0,207.0,108.0,82.0,77.0,39.71349921626243,159,5.0,93.0,0.03
07:43:54,153.0,10.0,259.4,25.0,150.0,64.0,260.67,30.0,206.2,106.39999999999998,74.0,55.0,17.814110979784722,129,19.0,-30.0,0.15
07:43:55,147.91,23.0,256.64,33.0,100.38,26.0,257.93,42.0,202.27,108.72999999999999,49.0,75.0,5.660090988675062,124,-26.0,-5.0,-0.21
07:43:56,124.0,88.0,253.68,31.0,88.39,87.0,254.56,32.0,188.84,129.68,175.0,63.0,7.892842960561164,238,112.0,114.0,0.47
07:43:57,136.0,160.0,250.94,32.0,117.53,68.0,251.56,27.0,193.47,114.94,228.0,59.0,8.043533427547741,287,169.0,49.0,0.59
07:43:58,154.43,112.0,244.89,37.0,150.88,111.0,247.2,40.0,199.66,90.45999999999998,223.0,77.0,6.939313366614661,300,146.0,13.0,0.49
07:43:59,154.13,110.0,230.37,38.0,153.9,118.0,236.34,35.0,192.25,76.24000000000001,228.0,73.0,5.522080223980354,301,155.0,1.0,0.51
07:44:00,155.0,52.0,182.21,29.0,154.0,176.0,221.54,39.0,168.6,27.210000000000008,228.0,68.0,11.82596845928781,296,160.0,-5.0,0.54
07:44:01,154.32,111.0,179.6,40.0,153.86,146.0,180.72,50.0,166.96,25.28,257.0,90.0,15.250605561749564,347,167.0,51.0,0.48
07:44:02,154.0,71.0,176.86,22.0,153.0,32.0,178.8,20.0,165.43,22.860000000000014,103.0,42.0,16.115075240285496,145,61.0,-176.0,0.42
07:44:03,154.42,38.0,173.62,21.0,153.2,30.0,176.11,19.0,164.02,19.200000000000017,68.0,40.0,11.751253975642657,108,28.0,-37.0,0.26
07:44:04,158.0,18.0,170.73,22.0,154.0,27.0,171.74,23.0,164.36,12.72999999999999,45.0,45.0,1.906378766156774,90,0.0,-18.0,0.0
07:44:05,158.0,16.0,167.32,31.0,154.0,24.0,169.09,23.0,162.66,9.319999999999993,40.0,54.0,1.6108320831336456,94,-14.0,4.0,-0.15
07:44:06,158.0,22.0,165.79,38.0,154.0,33.0,167.67,36.0,161.89,7.789999999999992,55.0,74.0,1.403983618156584,129,-19.0,35.0,-0.15
07:44:07,158.0,18.0,162.23,31.0,154.0,27.0,253.21,29.0,160.11,4.22999999999999,45.0,60.0,1.7191189604129617,105,-15.0,-24.0,-0.14
07:44:08,158.0,32.0,160.6,40.0,154.0,30.0,196.4,40.0,159.3,2.5999999999999943,62.0,80.0,2.0195865913722866,142,-18.0,37.0,-0.13
07:44:09,158.0,46.0,159.2,40.0,154.73,55.0,179.06,34.0,158.6,1.1999999999999886,101.0,74.0,1.7174894468525892,175,27.0,33.0,0.15
07:44:10,155.03,92.0,158.73,44.0,154.21,38.0,647.91,11.0,156.88,3.6999999999999886,130.0,55.0,1.8503324025831902,185,75.0,10.0,0.41
07:44:11,155.0,32.0,157.25,32.0,154.0,24.0,447.75,8.0,156.12,2.25,56.0,40.0,1.6648483414559285,96,16.0,-89.0,0.17
07:44:12,154.0,18.0,329.11,9.0,153.0,24.0,398.22,9.0,241.56,175.11,42.0,18.0,37.51393767654975,60,24.0,-36.0,0.4
07:44:13,154.0,20.0,251.55,31.0,153.0,40.0,347.11,19.0,202.77,97.55000000000001,60.0,50.0,38.14479754829045,110,10.0,50.0,0.09
07:44:14,153.2,15.0,324.0,32.0,152.5,12.0,514.6,10.0,238.6,170.8,27.0,42.0,41.85194834174479,69,-15.0,-41.0,-0.22
07:44:15,151.33,12.0,224.5,22.0,102.17,48.0,255.29,21.0,187.92,73.16999999999999,60.0,43.0,35.88443645927965,103,17.0,34.0,0.17
07:44:16,152.74,23.0,182.5,12.0,126.17,24.0,194.78,18.0,167.62,29.75999999999999,47.0,30.0,32.10634329848355,77,17.0,-26.0,0.22
07:44:17,153.0,18.0,154.5,16.0,152.0,12.0,166.71,14.0,153.75,1.5,30.0,30.0,32.955269229670535,60,0.0,-17.0,0.0
07:44:18,153.61,33.0,248.5,16.0,152.12,16.0,359.86,29.0,201.05,94.88999999999999,49.0,45.0,32.79897513642872,94,4.0,34.0,0.04
07:44:19,156.07,61.0,286.7,10.0,153.88,34.0,357.56,25.0,221.38,130.63,95.0,35.0,26.735877206481707,130,60.0,36.0,0.46
07:44:20,160.0,42.0,318.8,15.0,153.0,6.0,346.13,15.0,239.4,158.8,48.0,30.0,35.8526351890635,78,18.0,-52.0,0.23
07:44:21,160.0,77.0,317.54,26.0,153.9,20.0,349.58,26.0,238.77,157.54000000000002,97.0,52.0,35.57371852927499,149,45.0,71.0,0.3
07:44:22,160.0,39.0,327.91,22.0,154.0,14.0,428.77,13.0,243.95,167.91000000000003,53.0,35.0,17.792848282388466,88,18.0,-61.0,0.2
07:44:23,160.0,25.0,226.62,8.0,153.93,15.0,334.17,29.0,193.31,66.62,40.0,37.0,20.889834130506955,77,3.0,-11.0,0.04
07:44:24,154.47,17.0,225.2,10.0,151.23,13.0,573.2,40.0,189.84,70.72999999999999,30.0,50.0,27.012508769088612,80,-20.0,3.0,-0.25
07:44:25,154.0,18.0,223.11,9.0,152.0,9.0,405.53,15.0,188.56,69.11000000000001,27.0,24.0,27.933160043218933,51,3.0,-29.0,0.06
07:44:26,154.0,12.0,222.67,6.0,152.0,6.0,420.6,15.0,188.33,68.66999999999999,18.0,21.0,24.204662154223016,39,-3.0,-12.0,-0.08
07:44:27,154.0,22.0,221.55,11.0,152.0,11.0,479.82,11.0,187.77,67.55000000000001,33.0,22.0,2.228109063773379,55,11.0,16.0,0.2
07:44:28,154.0,24.0,221.0,12.0,152.0,12.0,353.15,40.0,187.5,67.0,36.0,52.0,0.9098076720210477,88,-16.0,33.0,-0.18
07:44:30,144.91,11.0,221.0,7.0,116.75,16.0,267.69,29.0,182.95,76.09,27.0,36.0,18.016164131136854,63,-9.0,-47.0,-0.14
07:44:31,138.58,36.0,207.67,12.0,90.92,24.0,304.21,43.0,173.12,69.08999999999997,60.0,55.0,17.237845863101917,115,5.0,52.0,0.04
07:44:32,153.42,59.0,187.7,23.0,122.56,16.0,234.62,21.0,170.56,34.28,75.0,44.0,15.862625255614448,119,31.0,4.0,0.26
07:44:33,155.08,38.0,171.0,40.0,154.42,26.0,219.0,8.0,163.04,15.919999999999987,64.0,48.0,13.549893726522505,112,16.0,-7.0,0.14
07:44:34,156.0,14.0,169.43,28.0,155.0,98.0,205.67,18.0,162.71,13.430000000000007,112.0,46.0,8.33971402387732,158,66.0,46.0,0.42
07:44:35,156.0,18.0,167.53,15.0,154.93,82.0,175.29,21.0,161.77,11.530000000000001,100.0,36.0,5.212451438627808,136,64.0,-22.0,0.47
07:44:36,155.0,29.0,164.05,21.0,152.0,13.0,166.25,24.0,159.52,9.050000000000011,42.0,45.0,4.168650860896262,87,-3.0,-49.0,-0.03
07:44:37,118.0,15.0,156.95,21.0,110.29,21.0,163.8,20.0,137.48,38.94999999999999,36.0,41.0,10.945013933296138,77,-5.0,-10.0,-0.06
07:44:41,152.14,63.0,296.57,28.0,133.15,89.0,419.56,18.0,224.36,144.43,152.0,46.0,43.55674941957952,198,106.0,82.0,0.54
07:44:42,153.0,60.0,292.27,15.0,150.0,66.0,482.33,18.0,222.63,139.26999999999998,126.0,33.0,54.09777047161975,159,93.0,-39.0,0.58
07:44:44,153.0,42.0,448.92,26.0,150.0,66.0,503.54,13.0,300.96,295.92,108.0,39.0,70.76642226367042,147,69.0,-107.0,0.47
07:44:45,153.0,137.0,305.91,35.0,150.0,121.0,366.64,28.0,229.46,152.91000000000003,258.0,63.0,41.991489613969684,321,195.0,174.0,0.61
07:44:46,153.0,170.0,270.81,36.0,150.0,132.0,295.42,36.0,211.9,117.81,302.0,72.0,44.631977549735815,374,230.0,53.0,0.61
07:44:47,153.0,156.0,276.68,38.0,150.0,143.0,282.76,51.0,214.84,123.68,299.0,89.0,46.09523402695902,388,210.0,14.0,0.54
07:44:48,153.0,68.0,275.0,35.0,150.0,77.0,276.0,14.0,214.0,122.0,145.0,49.0,37.94568381252477,194,96.0,-176.0,0.49
07:44:49,153.0,56.0,271.24,17.0,152.0,70.0,274.93,29.0,212.12,118.24000000000001,126.0,46.0,7.370636336171376,172,80.0,-22.0,0.47
07:44:50,153.0,120.0,204.68,47.0,152.0,150.0,243.55,42.0,178.84,51.68000000000001,270.0,89.0,15.42317736395718,359,181.0,176.0,0.5
07:44:51,153.0,96.0,185.17,60.0,152.0,120.0,187.0,24.0,169.08,32.16999999999999,216.0,84.0,22.03509201251662,300,132.0,-59.0,0.44
07:44:52,153.31,68.0,181.84,37.0,152.33,105.0,182.57,61.0,167.57,28.53,173.0,98.0,23.002787222422985,271,75.0,-29.0,0.28
07:44:53,153.93,42.0,178.45,22.0,152.86,76.0,179.92,24.0,166.19,24.519999999999982,118.0,46.0,19.299089356756138,164,72.0,-107.0,0.44
07:44:54,154.14,49.0,176.34,32.0,152.21,98.0,177.03,31.0,165.24,22.200000000000017,147.0,63.0,5.481179617568618,210,84.0,46.0,0.4
07:44:55,155.0,40.0,174.48,29.0,153.0,30.0,175.85,41.0,164.74,19.47999999999999,70.0,70.0,1.7721540565219294,140,0.0,-70.0,0.0
07:44:56,155.0,48.0,164.41,41.0,153.0,36.0,163.41,39.0,159.71,9.409999999999997,84.0,80.0,2.9853726735611064,164,4.0,24.0,0.02
07:44:57,155.0,32.0,156.14,29.0,153.0,27.0,157.94,17.0,155.57,1.1399999999999864,59.0,46.0,4.520226764228007,105,13.0,-59.0,0.12
07:44:58,152.7,43.0,156.0,55.0,151.78,55.0,197.35,31.0,154.35,3.3000000000000114,98.0,86.0,5.03801250495084,184,12.0,79.0,0.07
07:44:59,152.04,103.0,155.82,45.0,150.99,89.0,177.06,53.0,153.93,3.780000000000001,192.0,98.0,4.570722043620554,290,94.0,106.0,0.32
07:45:00,152.1,73.0,162.05,42.0,151.19,74.0,216.47,19.0,157.07,9.950000000000017,147.0,61.0,2.3463759289673463,208,86.0,-82.0,0.41
07:45:01,152.92,39.0,214.27,11.0,151.19,37.0,239.86,14.0,183.6,61.35000000000002,76.0,25.0,12.746088811868594,101,51.0,-107.0,0.5
07:45:02,158.43,28.0,237.32,25.0,154.91,65.0,300.4,40.0,197.87,78.88999999999999,93.0,65.0,20.18679469356266,158,28.0,57.0,0.18
07:45:03,158.0,11.0,307.08,13.0,155.0,55.0,599.84,45.0,232.54,149.07999999999998,66.0,58.0,32.29968374458276,124,8.0,-34.0,0.06
07:45:04,156.88,16.0,197.23,39.0,153.81,83.0,225.73,33.0,177.05,40.349999999999994,99.0,72.0,28.124440083316642,171,27.0,47.0,0.16
07:45:05,155.0,26.0,190.54,39.0,152.0,143.0,193.29,49.0,172.77,35.53999999999999,169.0,88.0,24.180933191257743,257,81.0,86.0,0.32
07:45:06,153.24,34.0,168.03,34.0,151.83,120.0,247.3,54.0,160.63,14.789999999999992,154.0,88.0,28.204843910223403,242,66.0,-15.0,0.27
07:45:07,152.11,84.0,167.83,36.0,150.8,75.0,269.33,36.0,159.97,15.719999999999999,159.0,72.0,29.983630867526024,231,87.0,-11.0,0.38
07:45:08,152.32,25.0,167.0,21.0,151.3,43.0,249.38,13.0,159.66,14.680000000000007,68.0,34.0,8.266309938542511,102,34.0,-129.0,0.33
07:45:09,152.0,49.0,179.27,11.0,150.0,35.0,249.71,21.0,165.64,27.27000000000001,84.0,32.0,5.605401858925427,116,52.0,14.0,0.45
07:45:10,152.0,70.0,193.08,38.0,150.0,50.0,239.38,40.0,172.54,41.08000000000001,120.0,78.0,5.512891255960392,198,42.0,82.0,0.21
07:45:11,152.76,86.0,192.06,80.0,151.72,106.0,508.47,66.0,172.41,39.30000000000001,192.0,146.0,6.335142460911733,338,46.0,140.0,0.14
07:45:12,154.43,14.0,190.31,58.0,153.0,70.0,278.67,60.0,172.37,35.879999999999995,84.0,118.0,5.764306549798439,202,-34.0,-136.0,-0.17
07:45:13,158.0,69.0,188.77,47.0,153.24,51.0,189.82,73.0,173.38,30.77000000000001,120.0,120.0,3.172990702799475,240,0.0,38.0,0.0
07:45:14,158.0,60.0,186.67,36.0,153.0,60.0,188.0,60.0,172.33,28.669999999999987,120.0,96.0,0.4398067758154648,216,24.0,-24.0,0.11
