Time,Bid1_Price,Bid1_Volume,Ask1_Price,Ask1_Volume,Bid2_Price,Bid2_Volume,Ask2_Price,Ask2_Volume,Mid-Price,Bid_Ask_Spread,Market_Depth_Bid,Market_Depth_Ask,Historical_Volatility,Total_volume,Cumulative_Volume_Difference,Total_Volume_Change_Corrected,Order_imbalance
07:30:21,146.12,25.0,148.0,14.0,143.73,22.0,157.0,14.0,147.06,1.8799999999999955,47.0,28.0,3.2357101229870757,75,19.0,-125.0,0.25
07:30:22,146.43,21.0,150.57,14.0,142.57,23.0,157.38,16.0,148.5,4.139999999999986,44.0,30.0,4.043552893187017,74,14.0,-1.0,0.19
07:30:23,145.7,40.0,157.0,22.0,141.97,37.0,158.0,33.0,151.35,11.300000000000011,77.0,55.0,4.536047839254026,132,22.0,58.0,0.17
07:30:24,150.0,37.0,157.56,27.0,148.29,17.0,247.0,33.0,153.78,7.560000000000002,54.0,60.0,4.728565321532643,114,-6.0,-18.0,-0.05
07:30:25,151.59,32.0,157.51,41.0,148.12,16.0,314.02,42.0,154.55,5.9199999999999875,48.0,83.0,3.2486720363867487,131,-35.0,17.0,-0.27
07:30:26,151.0,11.0,157.0,74.0,145.45,33.0,272.92,38.0,154.0,6.0,44.0,112.0,2.519569407657031,156,-68.0,25.0,-0.44
07:30:27,151.38,16.0,156.03,93.0,147.11,27.0,159.56,59.0,153.7,4.650000000000006,43.0,152.0,1.2339489454597286,195,-109.0,39.0,-0.56
07:30:28,152.0,13.0,153.77,52.0,151.0,13.0,156.0,95.0,152.88,1.7700000000000102,26.0,147.0,0.603672096424184,173,-121.0,-22.0,-0.7
07:30:29,145.43,56.0,154.44,36.0,144.76,68.0,156.38,32.0,149.94,9.009999999999991,124.0,68.0,1.8213676180280391,192,56.0,19.0,0.29
07:30:30,145.0,65.0,156.0,25.0,144.0,20.0,157.0,15.0,150.5,11.0,85.0,40.0,1.867479584895395,125,45.0,-67.0,0.36
07:30:31,145.26,53.0,155.71,42.0,144.88,103.0,156.47,38.0,150.49,10.450000000000017,156.0,80.0,1.673176619487922,236,76.0,111.0,0.32
07:30:32,145.02,93.0,153.75,32.0,144.32,41.0,155.0,44.0,149.39,8.72999999999999,134.0,76.0,1.3334354127594723,210,58.0,-26.0,0.28
07:30:33,145.0,52.0,153.0,16.0,144.0,16.0,155.0,32.0,149.0,8.0,68.0,48.0,0.6658303087131147,116,20.0,-94.0,0.17
07:30:34,145.4,47.0,152.03,59.0,144.81,52.0,154.02,93.0,148.72,6.6299999999999955,99.0,152.0,0.833456657541943,251,-53.0,135.0,-0.21
07:30:35,147.24,34.0,150.0,33.0,143.4,55.0,151.0,52.0,148.62,2.759999999999991,89.0,85.0,0.7578456307197168,174,4.0,-77.0,0.02
07:30:36,143.0,162.0,147.02,52.0,142.0,85.0,148.85,55.0,145.01,4.02000000000001,247.0,107.0,1.7794296839158537,354,140.0,177.5,0.4
07:30:40,120.49,41.0,146.72,47.0,108.89,53.0,148.58,48.0,133.61,26.230000000000004,94.0,95.0,4.581609979035827,189,-1.0,24.0,-0.01
07:30:42,140.53,76.0,148.0,65.0,120.95,74.0,149.0,52.0,144.26,7.469999999999999,150.0,117.0,6.946026202081361,267,33.0,177.5,0.12
07:30:43,145.0,127.0,147.38,58.0,142.0,70.0,148.67,60.0,146.19,2.3799999999999955,197.0,118.0,7.533045200979531,315,79.0,48.0,0.25
07:30:44,142.61,44.0,146.16,32.0,141.42,36.0,148.76,82.0,144.38,3.549999999999983,80.0,114.0,7.745499983861643,194,-34.0,-121.0,-0.18
07:30:45,142.0,30.0,147.0,30.0,141.0,18.0,149.0,54.0,144.5,5.0,48.0,84.0,7.2042695674163,132,-36.0,-62.0,-0.27
07:30:46,142.0,45.0,145.86,35.0,141.0,27.0,148.38,65.0,143.93,3.8600000000000136,72.0,100.0,0.885646656404454,172,-28.0,40.0,-0.16
07:30:50,145.0,10.0,146.0,50.0,140.9,30.0,148.0,40.0,145.5,1.0,40.0,90.0,1.2394353553132487,130,-50.0,10.0,-0.38
07:30:51,145.0,7.0,146.0,35.0,140.0,21.0,148.0,28.0,145.5,1.0,28.0,63.0,1.5152821519441297,91,-35.0,-39.0,-0.38
07:30:52,145.0,7.0,146.0,35.0,140.0,21.0,148.0,28.0,145.5,1.0,28.0,63.0,1.4107019529299458,91,-35.0,0.0,-0.38
07:30:53,145.0,12.0,146.0,60.0,141.68,22.0,148.6,50.0,145.5,1.0,34.0,110.0,0.8854829190900843,144,-76.0,53.0,-0.53
07:30:54,143.5,10.0,146.0,31.0,136.75,12.0,148.0,16.0,144.75,2.5,22.0,47.0,0.33541019662538685,69,-25.0,-75.0,-0.36
07:30:55,142.67,18.0,148.0,6.0,135.5,18.0,149.0,30.0,145.33,5.3300000000000125,36.0,36.0,0.32485381327650265,72,0.0,3.0,0.0
07:30:56,144.0,24.0,148.0,8.0,139.0,24.0,149.0,40.0,146.0,4.0,48.0,48.0,0.44892092844984605,96,0.0,24.0,0.0
07:30:57,140.08,39.0,174.95,20.0,130.54,41.0,287.69,58.0,157.51,34.869999999999976,80.0,78.0,5.436356316504644,158,2.0,62.0,0.01
07:30:58,147.86,63.0,149.0,36.0,145.2,30.0,199.62,37.0,148.43,1.1399999999999864,93.0,73.0,5.279685596699854,166,20.0,8.0,0.12
07:30:59,148.26,130.0,378.55,44.0,141.0,32.0,518.03,36.0,263.4,230.29000000000002,162.0,80.0,51.2510100388275,242,82.0,76.0,0.34
07:31:00,150.31,122.0,224.62,40.0,148.58,147.0,312.23,40.0,187.47,74.31,269.0,80.0,49.163621408517066,349,189.0,107.0,0.54
07:31:01,151.0,94.0,220.36,33.0,149.0,154.0,221.36,33.0,185.68,69.36000000000001,248.0,66.0,45.235517792990905,314,182.0,-35.0,0.58
07:31:02,151.0,120.0,218.92,36.0,149.0,96.0,220.0,36.0,184.96,67.91999999999999,216.0,72.0,42.09088107892251,288,144.0,-26.0,0.5
07:31:03,151.0,170.0,178.97,40.0,148.28,50.0,195.17,53.0,164.99,27.97,220.0,93.0,38.06926253554166,313,127.0,25.0,0.41
07:31:04,151.0,168.0,171.17,54.0,148.09,53.0,173.47,51.0,161.08,20.169999999999987,221.0,105.0,12.707054340011219,326,116.0,13.0,0.36
07:31:05,151.22,110.0,169.24,71.0,149.85,113.0,170.35,62.0,160.23,18.02000000000001,223.0,133.0,12.846698797745619,356,90.0,30.0,0.25
07:31:06,151.0,61.0,158.08,26.0,149.0,50.0,164.8,20.0,154.54,7.0800000000000125,111.0,46.0,11.681230671466071,157,65.0,-178.5,0.41
07:31:07,150.65,86.0,152.6,68.0,148.39,74.0,157.83,36.0,151.63,1.9499999999999886,160.0,104.0,5.353683778483791,264,56.0,107.0,0.21
07:31:08,149.0,40.0,150.83,30.0,144.0,34.0,153.24,34.0,149.92,1.8300000000000125,74.0,64.0,5.013536675840806,138,10.0,-126.0,0.07
07:31:09,146.66,32.0,174.95,38.0,143.16,44.0,421.5,18.0,160.8,28.289999999999992,76.0,56.0,4.936317453324988,132,20.0,-6.0,0.15
07:31:10,144.0,60.0,312.59,22.0,141.0,60.0,370.92,24.0,228.3,168.58999999999997,120.0,46.0,33.38629089911007,166,74.0,34.0,0.45
07:31:11,144.27,55.0,182.12,17.0,141.82,55.0,231.57,21.0,163.2,37.849999999999994,110.0,38.0,32.66293311997561,148,72.0,-18.0,0.49
07:31:12,144.69,68.0,147.31,48.0,143.21,72.0,148.62,34.0,146.0,2.6200000000000045,140.0,82.0,33.572096747150006,222,58.0,74.0,0.26
07:31:13,145.72,25.0,148.0,39.0,143.4,30.0,151.0,13.0,146.86,2.280000000000001,55.0,52.0,34.04608817470811,107,3.0,-115.0,0.03
07:31:14,145.71,28.0,147.91,35.0,141.85,65.0,151.0,15.0,146.81,2.1999999999999886,93.0,50.0,35.438157119127965,143,43.0,36.0,0.3
07:31:16,140.43,49.0,145.5,16.0,130.03,73.0,177.83,18.0,142.96,5.069999999999993,122.0,34.0,1.9621875547468746,156,88.0,49.0,0.56
07:31:17,144.0,9.0,148.0,7.0,140.45,31.0,261.59,17.0,146.0,4.0,40.0,24.0,1.9621875547468746,64,16.0,-92.0,0.25
07:31:18,146.48,23.0,264.83,29.0,146.12,17.0,327.57,21.0,205.65,118.35,40.0,50.0,27.303590056987034,90,-10.0,26.0,-0.11
07:31:19,150.6,15.0,264.0,65.0,147.71,31.0,265.0,39.0,207.3,113.4,46.0,104.0,34.23450043450319,150,-58.0,60.0,-0.39
07:31:20,149.0,10.0,253.71,34.0,145.0,30.0,262.7,46.0,201.35,104.71000000000001,40.0,80.0,33.10917954283973,120,-40.0,-30.0,-0.33
07:31:21,147.0,30.0,248.05,63.0,142.96,49.0,390.74,43.0,197.52,101.05000000000001,79.0,106.0,25.755363130812103,185,-27.0,65.0,-0.15
07:31:22,149.0,20.0,165.86,44.0,145.0,30.0,186.71,34.0,157.43,16.860000000000014,50.0,78.0,20.713991648158856,128,-28.0,-57.0,-0.22
07:31:23,146.68,40.0,151.05,81.0,144.52,69.0,152.08,59.0,148.86,4.3700000000000045,109.0,140.0,27.1850927899832,249,-31.0,121.0,-0.12
07:31:24,143.75,32.0,147.23,48.0,138.85,53.0,148.68,47.0,145.49,3.4799999999999898,85.0,95.0,27.137303661196672,180,-10.0,-69.0,-0.06
07:31:36,149.18,33.0,271.0,28.0,130.08,39.0,366.0,38.0,210.09,121.82,72.0,66.0,31.934842570459036,138,6.0,-109.0,0.04
07:31:37,155.0,26.0,334.2,20.0,152.0,20.0,375.72,36.0,244.6,179.2,46.0,56.0,49.966091201934155,102,-10.0,-36.0,-0.1
07:31:38,155.0,7.0,410.95,19.0,152.0,14.0,567.85,26.0,282.97,255.95,21.0,45.0,64.16777875226789,66,-24.0,-36.0,-0.36
07:31:39,154.0,12.0,294.0,36.0,151.14,112.0,408.69,32.0,224.0,140.0,124.0,68.0,53.881785697951784,192,56.0,126.0,0.29
07:31:40,151.21,28.0,334.83,18.0,150.96,145.0,517.35,17.0,243.02,183.61999999999998,173.0,35.0,27.490584388113685,208,138.0,16.0,0.66
07:31:41,151.0,152.0,348.62,24.0,147.82,17.0,403.0,16.0,249.81,197.62,169.0,40.0,21.416497145891988,209,129.0,1.0,0.62
07:31:42,151.0,114.0,411.54,13.0,149.0,24.0,548.94,17.0,281.27,260.54,138.0,30.0,25.478036227307623,168,108.0,-41.0,0.64
07:31:43,151.0,95.0,370.77,13.0,149.0,20.0,529.0,12.0,260.88,219.76999999999998,115.0,25.0,21.241561383288165,140,90.0,-28.0,0.64
07:31:47,151.62,39.0,393.29,21.0,150.93,118.0,581.0,14.0,272.45,241.67000000000002,157.0,35.0,39.12419162104186,192,122.0,118.0,0.64
07:31:48,151.76,29.0,214.0,12.0,150.87,61.0,581.0,8.0,182.88,62.24000000000001,90.0,20.0,68.03803620034901,110,70.0,-82.0,0.64
07:31:50,151.0,171.0,394.41,29.0,149.0,56.0,717.88,41.0,272.71,243.41000000000003,227.0,70.0,60.85683831748084,297,157.0,108.0,0.53
07:31:51,151.0,88.0,186.73,33.0,149.0,44.0,316.24,25.0,168.86,35.72999999999999,132.0,58.0,67.11333436806733,190,74.0,-107.0,0.39
07:31:52,151.0,106.0,184.17,36.0,149.0,48.0,307.38,29.0,167.58,33.16999999999999,154.0,65.0,72.52728783016782,219,89.0,29.0,0.41
07:31:53,151.0,100.0,180.54,24.0,149.1,40.0,190.26,23.0,165.77,29.539999999999992,140.0,47.0,75.29991719782971,187,93.0,-32.0,0.5
07:31:54,151.0,90.0,176.87,23.0,150.0,36.0,177.92,13.0,163.93,25.870000000000005,126.0,36.0,47.51939972263976,162,90.0,-25.0,0.56
07:31:55,151.0,70.0,174.88,17.0,149.14,28.0,175.91,11.0,162.94,23.879999999999995,98.0,28.0,2.460087396825567,126,70.0,-36.0,0.56
07:31:56,151.0,139.0,153.54,37.0,149.0,64.0,163.24,37.0,152.27,2.539999999999992,203.0,74.0,5.987292376360147,277,129.0,151.0,0.47
07:31:57,151.0,44.0,359.13,23.0,149.0,40.0,384.21,34.0,255.07,208.13,84.0,57.0,42.2972786358652,141,27.0,-136.0,0.19
07:31:58,151.0,20.0,252.67,18.0,149.0,24.0,640.0,24.0,201.83,101.66999999999999,44.0,42.0,42.33945819209332,86,2.0,-55.0,0.02
07:31:59,151.0,48.0,218.0,36.0,149.0,94.0,411.92,48.0,184.5,67.0,142.0,84.0,40.47024178331552,226,58.0,140.0,0.26
07:32:00,151.0,52.0,228.11,44.0,149.0,78.0,353.52,33.0,189.56,77.11000000000001,130.0,77.0,37.44063207265627,207,53.0,-19.0,0.26
07:32:01,151.0,46.0,154.64,56.0,149.0,84.0,160.14,42.0,152.82,3.6399999999999864,130.0,98.0,37.27811730761115,228,32.0,21.0,0.14
07:32:02,149.11,35.0,153.0,36.0,146.71,14.0,222.82,22.0,151.06,3.8899999999999864,49.0,58.0,22.81785441271858,107,-9.0,-121.0,-0.08
07:32:03,149.0,27.0,152.12,32.0,145.25,8.0,314.44,27.0,150.56,3.1200000000000045,35.0,59.0,19.571555891140136,94,-24.0,-13.0,-0.26
07:32:04,148.56,27.0,188.19,43.0,142.24,29.0,261.39,33.0,168.37,39.629999999999995,56.0,76.0,16.83624601863558,132,-20.0,38.0,-0.15
07:32:05,141.14,22.0,426.65,17.0,139.46,26.0,511.81,21.0,283.89,285.51,48.0,38.0,57.79792513576954,86,10.0,-46.0,0.12
07:32:06,143.19,32.0,422.67,27.0,141.91,44.0,423.63,43.0,282.93,279.48,76.0,70.0,69.79221998188636,146,6.0,60.0,0.04
07:32:07,147.68,71.0,417.71,17.0,146.12,32.0,421.78,27.0,282.69,270.03,103.0,44.0,68.04946157024328,147,59.0,1.0,0.4
07:32:08,154.13,174.0,415.14,29.0,152.39,115.0,416.43,37.0,284.63,261.01,289.0,66.0,51.50919063623516,355,223.0,177.5,0.63
07:32:09,155.0,132.0,411.44,18.0,153.0,112.0,412.22,18.0,283.22,256.44,244.0,36.0,0.7881116672245431,280,208.0,-75.0,0.74
07:32:10,155.0,108.0,277.59,27.0,153.0,96.0,332.56,16.0,216.3,122.58999999999997,204.0,43.0,30.0029403559054,247,161.0,-33.0,0.65
07:32:11,155.0,72.0,252.0,16.0,153.0,64.0,273.0,16.0,203.5,97.0,136.0,32.0,40.57905334036293,168,104.0,-79.0,0.62
07:32:12,155.0,81.0,247.48,23.0,153.0,72.0,248.54,35.0,201.24,92.47999999999999,153.0,58.0,42.51880901436472,211,95.0,43.0,0.45
07:32:13,155.0,99.0,245.69,45.0,153.0,88.0,247.23,43.0,200.34,90.69,187.0,88.0,35.41514365352803,275,99.0,64.0,0.36
07:32:14,155.0,99.0,233.57,21.0,153.0,88.0,242.35,17.0,194.29,78.57,187.0,38.0,8.109986436488642,225,149.0,-50.0,0.66
07:32:15,155.0,135.0,227.32,28.0,153.0,120.0,231.81,42.0,191.16,72.32,255.0,70.0,5.165189251134059,325,185.0,100.0,0.57
07:32:16,155.0,126.0,226.21,14.0,153.0,112.0,228.0,14.0,190.61,71.21000000000001,238.0,28.0,5.014505957722187,266,210.0,-59.0,0.79
07:32:17,155.0,86.0,220.68,28.0,153.0,112.0,222.67,18.0,187.84,65.68,198.0,46.0,4.773559468576015,244,152.0,-22.0,0.62
07:32:18,155.0,45.0,216.43,37.0,153.0,72.0,217.07,27.0,185.72,61.43000000000001,117.0,64.0,3.2816504993725633,181,53.0,-63.0,0.29
07:32:19,155.0,80.0,211.24,38.0,153.0,128.0,212.19,48.0,183.12,56.24000000000001,208.0,86.0,3.3673283178259616,294,122.0,113.0,0.41
07:32:20,152.29,82.0,206.41,34.0,150.03,60.0,207.06,16.0,179.35,54.120000000000005,142.0,50.0,4.329407580724313,192,92.0,-102.0,0.48
07:32:21,151.48,84.0,202.79,38.0,150.34,58.0,203.45,22.0,177.13,51.31,142.0,60.0,4.41420094694767,202,82.0,10.0,0.41
07:32:22,152.21,57.0,199.8,35.0,151.36,84.0,201.31,29.0,176.01,47.59,141.0,64.0,4.082845821242114,205,77.0,3.0,0.38
07:32:23,153.0,22.0,197.13,23.0,152.0,55.0,198.53,17.0,175.07,44.129999999999995,77.0,40.0,3.211164897671032,117,37.0,-88.0,0.32
07:32:24,153.0,18.0,194.36,11.0,152.0,45.0,195.3,20.0,173.68,41.360000000000014,63.0,31.0,2.147049137778398,94,32.0,-23.0,0.34
07:32:25,152.52,42.0,191.08,26.0,151.61,90.0,192.19,31.0,171.8,38.56,132.0,57.0,2.0737092371003225,189,75.0,95.0,0.4
07:32:26,155.0,99.0,185.94,17.0,152.0,44.0,186.57,21.0,170.47,30.939999999999998,143.0,38.0,2.281672632091511,181,105.0,-8.0,0.58
07:32:27,155.0,66.0,181.82,11.0,152.0,32.0,183.45,11.0,168.41,26.819999999999993,98.0,22.0,2.6197003645523385,120,76.0,-61.0,0.63
07:32:28,155.0,42.0,178.88,16.0,152.0,36.0,179.64,11.0,166.94,23.879999999999995,78.0,27.0,2.6719374992757357,105,51.0,-15.0,0.49
07:32:29,155.0,40.0,175.94,17.0,152.0,40.0,176.93,15.0,165.47,20.939999999999998,80.0,32.0,2.5653401334006487,112,48.0,7.0,0.43
07:32:30,155.0,38.0,171.26,27.0,152.0,56.0,172.24,29.0,163.13,16.25999999999999,94.0,56.0,2.7965657510661597,150,38.0,38.0,0.25
07:32:31,155.0,12.0,168.14,42.0,152.0,48.0,169.14,21.0,161.57,13.139999999999986,60.0,63.0,2.775802586647052,123,-3.0,-27.0,-0.02
07:32:32,155.0,13.0,167.59,34.0,152.0,52.0,168.12,32.0,161.29,12.590000000000003,65.0,66.0,2.4646703633623375,131,-1.0,8.0,-0.01
07:32:33,155.0,17.0,164.0,46.0,152.0,68.0,165.12,32.0,159.5,9.0,85.0,78.0,2.2401160684296615,163,7.0,32.0,0.04
07:32:34,155.0,11.0,159.78,27.0,152.0,44.0,160.97,30.0,157.39,4.780000000000001,55.0,57.0,2.198244754352202,112,-2.0,-51.0,-0.02
07:32:35,151.43,47.0,153.57,14.0,150.25,48.0,155.57,21.0,152.5,2.1399999999999864,95.0,35.0,3.7225193082155026,130,60.0,18.0,0.46
07:32:36,149.2,40.0,165.95,19.0,145.4,80.0,184.03,29.0,157.57,16.75,120.0,48.0,3.2889435994004734,168,72.0,38.0,0.43
07:32:37,149.0,36.0,178.89,45.0,145.0,72.0,209.77,13.0,163.94,29.889999999999986,108.0,58.0,4.128516682785389,166,50.0,-2.0,0.3
07:32:38,149.87,23.0,178.0,45.0,146.22,46.0,209.77,13.0,163.93,28.129999999999995,69.0,58.0,4.88809062927818,127,11.0,-39.0,0.09
07:32:39,149.0,35.0,177.73,55.0,145.0,88.0,528.58,38.0,163.36,28.72999999999999,123.0,93.0,5.100857771006462,216,30.0,89.0,0.14
07:32:40,147.03,59.0,173.5,56.0,144.36,91.0,184.69,65.0,160.27,26.47,150.0,121.0,2.8188171278103225,271,29.0,55.0,0.11
07:32:41,145.89,45.0,176.0,45.0,143.4,80.0,357.57,28.0,160.94,30.110000000000014,125.0,73.0,1.7509911479035933,198,52.0,-73.0,0.26
07:32:42,145.0,110.0,190.09,55.0,141.0,88.0,474.66,53.0,167.55,45.09,198.0,108.0,2.8798003403077628,306,90.0,108.0,0.29
07:32:43,145.04,68.0,279.68,22.0,141.26,77.0,357.62,39.0,212.36,134.64000000000001,145.0,61.0,22.244573046027128,206,84.0,-100.0,0.41
07:32:44,146.0,27.0,217.31,26.0,145.0,45.0,248.67,33.0,181.65,71.31,72.0,59.0,21.783460009833984,131,13.0,-75.0,0.1
07:32:45,145.38,32.0,179.75,16.0,142.54,52.0,181.0,32.0,162.56,34.370000000000005,84.0,48.0,21.375751916600183,132,36.0,1.0,0.27
07:32:46,145.0,41.0,176.83,24.0,141.0,72.0,180.2,30.0,160.92,31.830000000000013,113.0,54.0,21.37951285693938,167,59.0,35.0,0.35
07:32:47,146.31,48.0,175.02,47.0,142.09,77.0,176.29,34.0,160.67,28.710000000000008,125.0,81.0,22.340232093692237,206,44.0,39.0,0.21
07:32:48,149.0,20.0,167.97,34.0,145.0,40.0,170.08,25.0,158.49,18.97,60.0,59.0,9.498035059949832,119,1.0,-87.0,0.01
07:32:49,149.0,26.0,165.41,49.0,145.0,52.0,168.05,40.0,157.2,16.409999999999997,78.0,89.0,2.1191908833411324,167,-11.0,48.0,-0.07
07:32:50,146.12,25.0,160.47,34.0,142.82,44.0,162.16,19.0,153.3,14.349999999999994,69.0,53.0,3.104759249931642,122,16.0,-45.0,0.13
07:32:51,146.0,45.0,157.34,50.0,145.0,45.0,158.02,43.0,151.67,11.340000000000003,90.0,93.0,3.712617674907572,183,-3.0,61.0,-0.02
07:32:52,146.0,36.0,153.75,24.0,145.0,35.0,156.0,48.0,149.88,7.75,71.0,72.0,3.6481186932494567,143,-1.0,-40.0,-0.01
07:32:53,146.0,39.0,151.23,26.0,145.0,52.0,156.0,52.0,148.62,5.22999999999999,91.0,78.0,3.341703158575887,169,13.0,26.0,0.08
07:32:54,146.18,38.0,149.42,24.0,144.33,72.0,156.0,48.0,147.8,3.2399999999999807,110.0,72.0,2.242494147157581,182,38.0,13.0,0.21
07:32:55,145.8,35.0,161.24,42.0,144.49,61.0,201.38,32.0,153.52,15.439999999999998,96.0,74.0,2.318085416898183,170,22.0,-12.0,0.13
07:32:56,148.08,25.0,256.49,37.0,146.28,25.0,382.08,36.0,202.28,108.41,50.0,73.0,23.502476465258642,123,-23.0,-47.0,-0.19
07:32:57,147.67,15.0,285.71,21.0,145.11,19.0,455.0,35.0,216.69,138.04,34.0,56.0,33.060443433203325,90,-22.0,-33.0,-0.24
07:32:58,150.5,12.0,369.68,47.0,147.61,23.0,433.2,41.0,260.09,219.18,35.0,88.0,46.644410490433216,123,-53.0,33.0,-0.43
07:32:59,151.56,18.0,302.38,32.0,148.71,21.0,520.96,51.0,226.97,150.82,39.0,83.0,38.96502726805202,122,-44.0,-1.0,-0.36
07:33:00,144.09,35.0,380.29,28.0,126.55,58.0,406.39,46.0,262.19,236.20000000000002,93.0,74.0,26.59861800921314,167,19.0,45.0,0.11
07:33:01,142.58,67.0,320.6,20.0,133.75,32.0,425.59,29.0,231.59,178.02,99.0,49.0,20.485660350597374,148,50.0,-19.0,0.34
07:33:02,137.07,29.0,387.73,41.0,138.79,86.0,419.43,23.0,262.4,250.66000000000003,115.0,64.0,17.77873505061699,179,51.0,31.0,0.28
07:33:03,143.4,75.0,348.34,62.0,141.16,87.0,357.1,58.0,245.87,204.93999999999997,162.0,120.0,16.58832360427169,282,42.0,103.0,0.15
07:33:04,151.0,52.0,193.62,29.0,143.57,112.0,258.38,61.0,172.31,42.620000000000005,164.0,90.0,37.2484740627054,254,74.0,-28.0,0.29
07:33:05,145.0,84.0,167.0,48.0,143.5,36.0,206.94,32.0,156.0,22.0,120.0,80.0,46.821606444034316,200,40.0,-54.0,0.2
07:33:06,145.51,106.0,164.09,22.0,144.4,80.0,165.19,43.0,154.8,18.580000000000013,186.0,65.0,51.78979658195266,251,121.0,51.0,0.48
07:33:07,149.0,18.0,162.17,24.0,144.77,78.0,163.76,21.0,155.58,13.169999999999987,96.0,45.0,39.23547718583317,141,51.0,-110.0,0.36
07:33:08,149.0,20.0,159.33,48.0,144.15,39.0,161.12,34.0,154.17,10.330000000000013,59.0,82.0,7.712092452767508,141,-23.0,0.0,-0.16
07:33:09,149.67,12.0,160.95,21.0,148.2,10.0,162.11,9.0,155.31,11.280000000000001,22.0,30.0,0.7094857292668353,52,-8.0,-89.0,-0.15
07:33:10,150.0,20.0,158.21,28.0,149.0,20.0,160.45,22.0,154.11,8.210000000000008,40.0,50.0,0.6597954228647442,90,-10.0,38.0,-0.11
07:33:11,151.0,28.0,156.61,41.0,149.0,28.0,156.93,29.0,153.8,5.610000000000014,56.0,70.0,0.7951918007834621,126,-14.0,36.0,-0.11
07:33:12,149.13,30.0,223.16,25.0,145.06,128.0,233.0,38.0,186.15,74.03,158.0,63.0,14.234054938773903,221,95.0,95.0,0.43
07:33:13,151.05,43.0,226.86,22.0,149.6,20.0,294.62,29.0,188.96,75.81,63.0,51.0,18.19199356860139,114,12.0,-107.0,0.11
07:33:14,153.0,8.0,272.41,17.0,151.0,48.0,412.74,23.0,212.71,119.41000000000003,56.0,40.0,25.204829497539457,96,16.0,-18.0,0.17
07:33:15,151.86,7.0,385.73,11.0,150.64,22.0,420.29,14.0,268.79,233.87,29.0,25.0,42.778729177010824,54,4.0,-42.0,0.07
07:33:16,149.0,10.0,251.38,24.0,145.0,90.0,369.45,29.0,200.19,102.38,100.0,53.0,33.77166119692719,153,47.0,99.0,0.31
07:33:17,147.54,74.0,151.88,25.0,146.06,32.0,250.54,39.0,149.71,4.340000000000003,106.0,64.0,43.190577907687654,170,42.0,17.0,0.25
07:33:18,151.0,91.0,356.34,35.0,148.0,39.0,404.1,31.0,253.67,205.33999999999997,130.0,66.0,47.05267346283352,196,64.0,26.0,0.33
07:33:19,151.76,58.0,416.0,30.0,150.79,61.0,451.0,24.0,283.88,264.24,119.0,54.0,55.44213217400678,173,65.0,-23.0,0.38
07:33:20,152.69,52.0,256.82,33.0,151.21,71.0,434.31,29.0,204.76,104.13,123.0,62.0,51.88343733794087,185,61.0,12.0,0.33
07:33:21,155.0,54.0,164.25,48.0,152.13,119.0,246.44,48.0,159.62,9.25,173.0,96.0,58.23502270970654,269,77.0,84.0,0.29
07:33:22,155.0,22.0,161.55,33.0,153.0,55.0,189.25,24.0,158.27,6.550000000000011,77.0,57.0,56.093917228163306,134,20.0,-135.0,0.15
07:33:23,153.0,27.0,159.0,33.0,151.51,69.0,227.84,25.0,156.0,6.0,96.0,58.0,54.96737468717271,154,38.0,20.0,0.25
07:33:24,152.0,22.0,158.45,33.0,151.0,121.0,306.4,30.0,155.23,6.449999999999989,143.0,63.0,21.305967004574878,206,80.0,52.0,0.39
07:33:25,154.5,12.0,158.0,18.0,151.48,21.0,174.0,12.0,156.25,3.5,33.0,30.0,1.8128237641958365,63,3.0,-143.0,0.05
07:33:26,152.71,42.0,158.0,39.0,150.86,42.0,200.5,28.0,155.36,5.289999999999992,84.0,67.0,1.2218305938357845,151,17.0,88.0,0.11
07:33:27,151.38,34.0,240.1,31.0,147.57,42.0,395.87,31.0,195.74,88.72,76.0,62.0,17.907046936891454,138,14.0,-13.0,0.1
07:33:28,152.0,32.0,353.0,8.0,151.0,24.0,354.0,16.0,252.5,201.0,56.0,24.0,42.553675869424424,80,32.0,-58.0,0.4
07:33:29,152.0,40.0,281.8,15.0,151.0,30.0,276.0,11.0,216.9,129.8,70.0,26.0,41.408595726008805,96,44.0,16.0,0.46
07:33:30,152.0,28.0,181.78,9.0,151.0,34.0,307.67,45.0,166.89,29.78,62.0,54.0,39.10628747401158,116,8.0,20.0,0.07
07:33:31,152.0,6.0,181.0,3.0,151.0,12.0,370.0,15.0,166.5,29.0,18.0,18.0,36.32525815462342,36,0.0,-80.0,0.0
07:33:32,151.86,21.0,181.0,10.0,150.89,38.0,336.71,34.0,166.43,29.139999999999986,59.0,44.0,39.363197659743484,103,15.0,67.0,0.15
07:33:33,152.55,31.0,180.62,8.0,150.83,23.0,499.19,16.0,166.59,28.069999999999993,54.0,24.0,22.494409749980882,78,30.0,-25.0,0.38
07:33:34,153.0,40.0,177.53,19.0,151.0,30.0,276.88,34.0,165.26,24.53,70.0,53.0,0.6254838127682716,123,17.0,45.0,0.14
07:33:35,153.0,44.0,173.09,35.0,151.0,33.0,175.8,20.0,163.04,20.090000000000003,77.0,55.0,1.5117638704622953,132,22.0,9.0,0.17
07:33:36,153.0,40.0,170.4,10.0,151.0,30.0,173.0,40.0,161.7,17.400000000000006,70.0,50.0,2.1556971030353793,120,20.0,-12.0,0.17
07:33:37,152.52,42.0,169.46,13.0,150.23,39.0,172.32,31.0,160.99,16.939999999999998,81.0,44.0,2.3662269544646537,125,37.0,5.0,0.3
07:33:38,151.0,14.0,166.85,13.0,149.0,21.0,167.3,10.0,158.92,15.849999999999994,35.0,23.0,2.361359777762609,58,12.0,-67.0,0.21
07:33:39,152.33,18.0,160.41,27.0,150.45,33.0,161.9,30.0,156.37,8.079999999999984,51.0,57.0,2.609929117818161,108,-6.0,50.0,-0.06
07:33:40,151.56,18.0,154.38,42.0,148.6,50.0,155.12,33.0,152.97,2.819999999999993,68.0,75.0,3.5795879651204427,143,-7.0,35.0,-0.05
07:33:41,146.09,33.0,150.37,27.0,144.87,69.0,153.86,42.0,148.23,4.280000000000001,102.0,69.0,5.045966706195672,171,33.0,28.0,0.19
07:33:42,145.05,88.0,148.48,58.0,144.18,44.0,250.59,63.0,146.76,3.4299999999999784,132.0,121.0,5.183681124455403,253,11.0,82.0,0.04
07:33:43,146.0,18.0,147.89,36.0,145.0,26.0,508.0,17.0,146.94,1.8899999999999864,44.0,53.0,4.244682555861549,97,-9.0,-156.0,-0.09
07:33:44,144.33,12.0,225.36,42.0,139.9,30.0,349.85,26.0,184.85,81.03,42.0,68.0,16.350267581909325,110,-26.0,13.0,-0.24
07:33:45,151.0,8.0,278.62,32.0,143.0,24.0,310.42,24.0,214.81,127.62,32.0,56.0,30.65985600096704,88,-24.0,-22.0,-0.27
07:33:46,151.0,9.0,248.12,43.0,143.19,32.0,278.17,29.0,199.56,97.12,41.0,72.0,30.845129761439388,113,-31.0,25.0,-0.27
07:33:47,151.0,9.0,250.0,35.0,146.0,18.0,284.08,25.0,200.5,99.0,27.0,60.0,25.95975096182613,87,-33.0,-26.0,-0.38
07:33:48,144.32,44.0,179.33,27.0,143.04,23.0,181.0,45.0,161.83,35.01000000000002,67.0,72.0,20.065957490237842,139,-5.0,52.0,-0.04
07:33:49,144.0,66.0,177.91,33.0,143.0,11.0,606.13,47.0,160.95,33.91,77.0,80.0,24.61771008847153,157,-3.0,18.0,-0.02
07:33:50,144.0,54.0,169.45,33.0,143.0,9.0,261.68,25.0,156.73,25.44999999999999,63.0,58.0,22.10153229982108,121,5.0,-36.0,0.04
07:33:51,149.0,21.0,175.25,53.0,147.95,63.0,176.46,39.0,162.12,26.25,84.0,92.0,18.060324747911796,176,-8.0,55.0,-0.05
07:33:52,152.94,62.0,170.35,48.0,151.26,46.0,171.7,44.0,161.64,17.409999999999997,108.0,92.0,2.235493234173661,200,16.0,24.0,0.08
07:33:53,153.0,30.0,164.4,42.0,152.0,48.0,165.75,36.0,158.7,11.400000000000006,78.0,78.0,2.261939433326255,156,0.0,-44.0,0.0
07:33:54,153.0,10.0,162.0,19.0,152.0,20.0,163.14,21.0,157.5,9.0,30.0,40.0,2.4303127370847553,70,-10.0,-86.0,-0.14
07:33:55,153.0,14.0,161.0,35.0,152.0,28.0,162.0,21.0,157.0,8.0,42.0,56.0,2.35985592781347,98,-14.0,28.0,-0.14
07:33:56,153.0,14.0,161.0,35.0,152.0,28.0,162.0,21.0,157.0,8.0,42.0,56.0,1.9565582025680968,98,-14.0,0.0,-0.14
07:33:57,153.0,12.0,159.58,36.0,152.0,48.0,160.13,38.0,156.29,6.5800000000000125,60.0,74.0,0.8944383712904292,134,-14.0,36.0,-0.1
07:33:58,151.38,26.0,154.69,48.0,149.15,67.0,157.75,32.0,153.04,3.3100000000000023,93.0,80.0,1.7998555497697206,173,13.0,39.0,0.08
07:33:59,149.5,12.0,152.55,33.0,144.38,39.0,153.65,37.0,151.02,3.0500000000000114,51.0,70.0,2.70469961364234,121,-19.0,-52.0,-0.16
07:34:00,147.71,24.0,152.31,65.0,143.61,98.0,153.27,55.0,150.01,4.599999999999994,122.0,120.0,3.105329290113575,242,2.0,121.0,0.01
07:34:01,145.74,102.0,149.09,47.0,142.3,88.0,150.62,45.0,147.41,3.3499999999999943,190.0,92.0,3.334655904293216,282,98.0,40.0,0.35
07:34:02,143.0,10.0,147.2,10.0,142.0,60.0,252.28,36.0,145.1,4.199999999999989,70.0,46.0,3.108895302199471,116,24.0,-166.0,0.21
07:34:03,141.16,50.0,146.21,14.0,113.33,24.0,398.17,58.0,143.69,5.050000000000011,74.0,72.0,3.120902113177893,146,2.0,30.0,0.01
07:34:10,123.51,68.0,169.0,11.0,117.49,77.0,391.0,33.0,146.26,45.489999999999995,145.0,44.0,6.516818242059534,189,101.0,34.0,0.53
07:34:12,123.64,99.0,173.48,23.0,114.07,75.0,374.58,24.0,148.56,49.83999999999999,174.0,47.0,66.08850338750328,221,127.0,69.0,0.57
07:34:22,142.03,37.0,174.94,18.0,112.78,49.0,277.05,20.0,158.49,32.91,86.0,38.0,17.49844621673713,124,48.0,-36.0,0.39
07:34:23,148.86,35.0,229.43,14.0,125.65,37.0,386.89,18.0,189.14,80.57,72.0,32.0,29.30775665246384,104,40.0,-20.0,0.38
07:34:24,153.0,32.0,265.57,23.0,112.7,40.0,315.89,19.0,209.28,112.57,72.0,42.0,32.105240693694135,114,30.0,10.0,0.26
07:34:25,153.0,17.0,256.0,21.0,119.57,28.0,393.71,14.0,204.5,103.0,45.0,35.0,29.89352404786077,80,10.0,-34.0,0.12
07:34:26,153.0,30.0,232.29,21.0,144.41,68.0,262.92,24.0,192.64,79.28999999999999,98.0,45.0,19.870060392460505,143,53.0,63.0,0.37
07:34:27,153.86,14.0,254.46,26.0,150.71,42.0,364.29,21.0,204.16,100.6,56.0,47.0,8.598946447096013,103,9.0,-40.0,0.09
07:34:28,150.14,21.0,255.0,18.0,139.67,36.0,436.0,12.0,202.57,104.86000000000001,57.0,30.0,6.120947639052652,87,27.0,-16.0,0.31
07:34:29,149.41,29.0,254.0,21.0,139.94,33.0,383.2,10.0,201.71,104.59,62.0,31.0,4.874087606929593,93,31.0,6.0,0.33
07:34:30,152.0,12.0,249.41,17.0,149.0,30.0,272.73,11.0,200.71,97.41,42.0,28.0,4.496317382038871,70,14.0,-23.0,0.2
07:34:31,149.26,23.0,240.38,24.0,144.62,40.0,263.67,18.0,194.82,91.12,63.0,42.0,3.571376485337928,105,21.0,35.0,0.2
07:34:32,149.0,22.0,194.23,22.0,145.0,45.0,223.92,24.0,171.61,45.22999999999999,67.0,46.0,13.033555923078943,113,21.0,8.0,0.19
07:34:33,149.0,18.0,157.45,11.0,145.0,45.0,158.52,25.0,153.23,8.449999999999989,63.0,36.0,21.268405676026333,99,27.0,-14.0,0.27
07:34:34,150.33,12.0,156.0,8.0,146.14,28.0,158.0,24.0,153.17,5.6699999999999875,40.0,32.0,22.44651465150062,72,8.0,-27.0,0.11
07:34:35,153.0,9.0,155.36,11.0,149.0,18.0,157.88,25.0,154.18,2.3600000000000136,27.0,36.0,18.21860779532933,63,-9.0,-9.0,-0.14
07:34:36,152.13,23.0,154.0,42.0,150.37,73.0,155.0,14.0,153.07,1.8700000000000045,96.0,56.0,8.150424528822867,152,40.0,89.0,0.26
07:34:37,151.0,104.0,152.93,29.0,149.0,33.0,239.0,13.0,151.97,1.9300000000000068,137.0,42.0,0.7847165093450406,179,95.0,27.0,0.53
07:34:38,151.0,58.0,153.21,33.0,149.0,27.0,153.57,21.0,152.11,2.210000000000008,85.0,54.0,0.8984987479338734,139,31.0,-40.0,0.22
07:34:39,151.0,12.0,152.45,33.0,149.0,27.0,298.63,27.0,151.73,1.4499999999999886,39.0,60.0,1.0137159365615436,99,-21.0,-40.0,-0.21
07:34:40,151.0,11.0,167.98,49.0,149.14,35.0,296.1,29.0,159.49,16.97999999999999,46.0,78.0,3.290878302222446,124,-32.0,25.0,-0.26
07:34:41,145.91,33.0,163.82,11.0,144.71,55.0,233.15,26.0,154.86,17.909999999999997,88.0,37.0,3.3060731994374164,125,51.0,1.0,0.41
07:34:42,149.22,36.0,252.38,32.0,146.11,36.0,365.74,27.0,200.8,103.16,72.0,59.0,20.915548522571314,131,13.0,6.0,0.1
07:34:43,152.0,31.0,227.94,36.0,151.0,10.0,262.92,25.0,189.97,75.94,41.0,61.0,22.42503623185551,102,-20.0,-29.0,-0.2
07:34:44,152.0,11.0,225.53,38.0,151.0,11.0,226.38,39.0,188.76,73.53,22.0,77.0,20.334498518528296,99,-55.0,-3.0,-0.56
07:34:45,152.0,11.0,224.27,33.0,151.0,11.0,226.0,44.0,188.14,72.27000000000001,22.0,77.0,17.360425686025884,99,-55.0,0.0,-0.56
07:34:46,153.61,18.0,223.0,30.0,146.79,14.0,226.0,40.0,188.31,69.38999999999999,32.0,70.0,5.416228392527876,102,-38.0,3.0,-0.37
07:34:47,145.29,51.0,223.0,33.0,143.11,38.0,226.0,44.0,184.15,77.71000000000001,89.0,77.0,2.196982020870051,166,12.0,64.0,0.07
07:34:48,144.0,60.0,221.66,41.0,143.0,48.0,223.43,42.0,182.83,77.66,108.0,83.0,2.7406878698653006,191,25.0,25.0,0.13
07:34:49,144.0,35.0,195.18,17.0,143.0,28.0,220.0,24.0,169.59,51.18000000000001,63.0,41.0,7.6650362034388495,104,22.0,-87.0,0.21
07:34:50,144.0,12.0,165.96,26.0,143.0,32.0,167.14,28.0,154.98,21.960000000000008,44.0,54.0,13.670516449645602,98,-10.0,-6.0,-0.1
07:34:51,143.17,36.0,163.55,55.0,121.27,60.0,165.89,57.0,153.36,20.380000000000024,96.0,112.0,14.68253963046017,208,-16.0,110.0,-0.08
07:34:52,143.0,24.0,163.0,32.0,105.85,26.0,164.0,24.0,153.0,20.0,50.0,56.0,13.168138440950393,106,-6.0,-102.0,-0.06
07:34:53,143.28,29.0,161.5,46.0,122.0,38.0,163.05,59.0,152.39,18.22,67.0,105.0,7.28913094957398,172,-38.0,66.0,-0.22
07:34:54,144.58,12.0,158.5,48.0,125.29,42.0,160.0,36.0,151.54,13.919999999999987,54.0,84.0,1.2785851555678527,138,-30.0,-34.0,-0.22
07:34:55,144.67,6.0,156.67,18.0,81.0,36.0,158.0,24.0,150.67,12.0,42.0,42.0,1.0952031775149365,84,0.0,-54.0,0.0
07:34:56,145.94,104.0,154.89,47.0,131.21,38.0,156.91,44.0,150.42,8.949999999999989,142.0,91.0,1.1005589489159668,233,51.0,149.0,0.22
07:34:57,146.49,55.0,153.7,40.0,145.98,128.0,155.14,37.0,150.1,7.2099999999999795,183.0,77.0,0.932217785734221,260,106.0,27.0,0.41
07:34:58,149.14,42.0,153.36,44.0,147.03,116.0,168.0,47.0,151.25,4.220000000000027,158.0,91.0,0.5918868135372728,249,67.0,-11.0,0.27
07:34:59,150.89,18.0,179.94,52.0,146.3,179.0,290.38,16.0,165.42,29.05000000000001,197.0,68.0,6.636608320523234,265,129.0,16.0,0.49
07:35:00,152.0,202.0,200.9,40.0,151.0,13.0,456.04,27.0,176.45,48.900000000000006,215.0,67.0,11.813529108612556,282,148.0,17.0,0.52
07:35:01,152.0,170.0,197.98,54.0,151.0,15.0,199.59,51.0,174.99,45.97999999999999,185.0,105.0,12.579056800890694,290,80.0,8.0,0.28
07:35:02,154.27,45.0,194.13,60.0,151.99,188.0,195.47,68.0,174.2,39.859999999999985,233.0,128.0,10.545784465843814,361,105.0,71.0,0.29
07:35:03,152.6,100.0,188.28,72.0,151.82,134.0,189.56,72.0,170.44,35.68000000000001,234.0,144.0,4.440230849858085,378,90.0,17.0,0.24
07:35:04,152.0,110.0,185.09,44.0,151.0,33.0,186.55,44.0,168.55,33.09,143.0,88.0,3.302700410275081,231,55.0,-147.0,0.24
07:35:05,152.0,130.0,182.61,46.0,151.0,39.0,184.08,52.0,167.3,30.610000000000014,169.0,98.0,3.3955897867722125,267,71.0,36.0,0.27
07:35:06,152.01,135.0,181.28,40.0,151.11,47.0,183.33,55.0,166.64,29.27000000000001,182.0,95.0,3.0359644266743695,277,87.0,10.0,0.31
07:35:07,153.0,26.0,170.4,40.0,152.0,65.0,179.69,32.0,161.7,17.400000000000006,91.0,72.0,3.260303666843464,163,19.0,-114.0,0.12
07:35:08,153.0,26.0,175.38,37.0,152.0,65.0,176.5,32.0,164.19,22.379999999999995,91.0,69.0,2.7314519948249614,160,22.0,-3.0,0.14
07:35:09,152.14,29.0,174.79,19.0,151.4,25.0,175.62,16.0,163.46,22.650000000000006,54.0,35.0,2.3082720810237025,89,19.0,-71.0,0.21
07:35:10,152.32,37.0,171.76,37.0,151.67,45.0,173.0,30.0,162.04,19.439999999999998,82.0,67.0,1.9781759274730162,149,15.0,60.0,0.1
07:35:11,153.0,17.0,166.4,50.0,152.0,75.0,169.6,47.0,159.7,13.400000000000006,92.0,97.0,1.7372161638765784,189,-5.0,40.0,-0.03
07:35:12,153.0,12.0,161.32,41.0,152.0,60.0,163.05,38.0,157.16,8.319999999999993,72.0,79.0,2.883764900270859,151,-7.0,-38.0,-0.05
07:35:13,153.0,12.0,157.96,45.0,152.0,60.0,159.59,39.0,155.48,4.960000000000008,72.0,84.0,3.3085525536153297,156,-12.0,5.0,-0.08
07:35:14,152.0,21.0,155.2,25.0,151.0,21.0,156.5,24.0,153.6,3.1999999999999886,42.0,49.0,3.3470703607834182,91,-7.0,-65.0,-0.08
07:35:15,150.25,48.0,153.6,47.0,149.43,28.0,157.68,37.0,151.92,3.3499999999999943,76.0,84.0,3.033005110453192,160,-8.0,69.0,-0.05
07:35:16,149.0,70.0,151.26,38.0,145.0,10.0,152.64,22.0,150.13,2.259999999999991,80.0,60.0,2.786327331817911,140,20.0,-20.0,0.14
07:35:17,149.0,53.0,195.92,52.0,145.0,13.0,280.57,56.0,172.46,46.91999999999999,66.0,108.0,9.020638558330283,174,-42.0,34.0,-0.24
07:35:18,149.9,61.0,243.19,80.0,145.77,57.0,310.87,79.0,196.54,93.28999999999999,118.0,159.0,19.827770928675605,277,-41.0,103.0,-0.15
07:35:19,150.92,64.0,432.0,50.0,149.0,10.0,510.0,40.0,291.46,281.08000000000004,74.0,90.0,58.42293659171908,164,-16.0,-113.0,-0.1
07:35:21,151.48,48.0,311.48,71.0,149.31,109.0,342.96,47.0,231.48,160.00000000000003,157.0,118.0,63.97544310124017,275,39.0,123.0,0.14
07:35:22,145.4,20.0,232.91,45.0,144.16,75.0,263.8,45.0,189.16,87.50999999999999,95.0,90.0,59.63264642794262,185,5.0,-90.0,0.03
07:35:23,145.0,20.0,188.88,32.0,144.0,70.0,210.8,40.0,166.94,43.879999999999995,90.0,72.0,66.89289140110493,162,18.0,-23.0,0.11
07:35:24,146.0,58.0,192.55,44.0,145.0,22.0,266.45,40.0,169.27,46.55000000000001,80.0,84.0,66.0953704884088,164,-4.0,2.0,-0.02
07:35:25,148.0,60.0,192.0,48.0,145.0,24.0,239.85,47.0,170.0,44.0,84.0,95.0,27.27456690765273,179,-11.0,15.0,-0.06
07:35:26,149.62,61.0,183.91,44.0,145.0,26.0,225.36,44.0,166.77,34.28999999999999,87.0,88.0,9.459903276462597,175,-1.0,-4.0,-0.01
07:35:27,151.0,22.0,177.09,35.0,145.0,20.0,185.43,35.0,164.04,26.090000000000003,42.0,70.0,2.353450658082499,112,-28.0,-63.0,-0.25
07:35:28,151.0,20.0,175.1,40.0,145.0,20.0,297.07,43.0,163.05,24.099999999999994,40.0,83.0,3.0769514133357854,123,-43.0,11.0,-0.35
07:35:29,152.0,16.0,225.88,34.0,148.0,16.0,323.09,46.0,188.94,73.88,32.0,80.0,10.62323632421063,112,-48.0,-11.0,-0.43
07:35:30,155.0,9.0,231.22,18.0,151.0,18.0,703.33,36.0,193.11,76.22,27.0,54.0,14.601259192276103,81,-27.0,-31.0,-0.33
07:35:31,155.0,13.0,229.23,26.0,152.86,59.0,386.46,52.0,192.12,74.22999999999999,72.0,78.0,15.332943944331976,150,-6.0,69.0,-0.04
07:35:32,153.12,48.0,228.08,24.0,151.91,33.0,352.48,33.0,190.6,74.96000000000001,81.0,57.0,12.684263084626778,138,24.0,-12.0,0.17
07:35:33,153.0,55.0,225.45,22.0,151.0,22.0,226.64,22.0,189.23,72.44999999999999,77.0,44.0,1.8057546898803014,121,33.0,-17.0,0.27
07:35:34,153.0,45.0,193.27,22.0,151.0,18.0,204.55,22.0,173.14,40.27000000000001,63.0,44.0,8.239098858493302,107,19.0,-14.0,0.18
07:35:35,153.0,56.0,166.2,20.0,151.0,20.0,187.33,30.0,159.6,13.199999999999989,76.0,50.0,14.170988674049081,126,26.0,19.0,0.21
07:35:36,153.0,90.0,165.0,30.0,151.87,63.0,173.87,30.0,159.0,12.0,153.0,60.0,15.330684263920805,213,93.0,87.0,0.44
07:35:37,153.0,78.0,162.38,26.0,152.0,65.0,163.38,26.0,157.69,9.379999999999995,143.0,52.0,13.552024571997745,195,91.0,-18.0,0.47
07:35:38,153.0,66.0,159.65,54.0,152.0,75.0,160.86,37.0,156.32,6.650000000000006,141.0,91.0,6.820659792133909,232,50.0,37.0,0.22
07:35:39,153.0,33.0,158.29,28.0,152.0,55.0,159.12,51.0,155.64,5.289999999999992,88.0,79.0,1.6908281994434236,167,9.0,-65.0,0.05
07:35:40,153.0,42.0,155.0,46.0,152.0,70.0,157.29,52.0,154.0,2.0,112.0,98.0,1.9159592897640965,210,14.0,43.0,0.07
07:35:41,152.06,33.0,153.64,39.0,151.0,36.0,155.33,30.0,152.85,1.579999999999984,69.0,69.0,1.9079177131191016,138,0.0,-72.0,0.0
07:35:42,147.61,46.0,154.69,26.0,149.44,63.0,195.6,30.0,151.15,7.079999999999984,109.0,56.0,2.092646649588494,165,53.0,27.0,0.32
07:35:43,151.0,24.0,154.74,38.0,145.42,72.0,155.64,28.0,152.87,3.740000000000009,96.0,66.0,1.656463099508752,162,30.0,-3.0,0.19
07:35:44,145.41,54.0,151.44,36.0,144.77,31.0,153.0,18.0,148.43,6.030000000000001,85.0,54.0,2.170760235501509,139,31.0,-23.0,0.22
07:35:45,145.0,70.0,150.67,30.0,144.0,20.0,151.67,30.0,147.83,5.6699999999999875,90.0,60.0,2.3925049634295292,150,30.0,11.0,0.2
07:35:46,145.0,97.0,149.43,28.0,144.0,28.0,151.0,56.0,147.21,4.430000000000007,125.0,84.0,2.4112901111304073,209,41.0,59.0,0.2
07:35:47,145.0,28.0,148.91,22.0,144.0,20.0,155.51,41.0,146.95,3.9099999999999966,48.0,63.0,2.423452083296792,111,-15.0,-98.0,-0.14
07:35:48,146.29,51.0,149.06,31.0,142.6,30.0,150.72,58.0,147.68,2.7700000000000102,81.0,89.0,0.5746303159735691,170,-8.0,59.0,-0.05
07:35:49,138.0,15.0,145.21,14.0,128.0,44.0,147.97,39.0,141.61,7.210000000000008,59.0,53.0,2.621179123989091,112,6.0,-58.0,0.05
07:35:54,135.72,46.0,194.96,55.0,108.68,57.0,392.0,48.0,165.34,59.24000000000001,103.0,103.0,12.906528580529985,206,0.0,110.0,0.0
07:35:55,134.09,33.0,195.87,15.0,121.0,44.0,294.2,50.0,164.98,61.78,77.0,65.0,15.550783903071776,142,12.0,-64.0,0.08
07:35:56,145.3,43.0,194.93,15.0,135.95,38.0,318.07,60.0,170.12,49.629999999999995,81.0,75.0,16.25396628518821,156,6.0,14.0,0.04
07:35:57,152.14,42.0,193.0,14.0,147.57,56.0,235.85,65.0,172.57,40.860000000000014,98.0,79.0,13.992891766894848,177,19.0,21.0,0.11
07:35:58,153.0,33.0,179.1,31.0,149.0,76.0,250.29,34.0,166.05,26.099999999999994,109.0,65.0,3.361587422637238,174,44.0,-3.0,0.25
07:35:59,152.64,33.0,192.0,9.0,151.93,60.0,274.78,36.0,172.32,39.360000000000014,93.0,45.0,3.5237863158870177,138,48.0,-36.0,0.35
07:36:00,152.0,57.0,191.23,13.0,151.0,26.0,239.85,52.0,171.62,39.22999999999999,83.0,65.0,2.682914460066199,148,18.0,10.0,0.12
07:36:01,152.0,39.0,187.29,17.0,151.0,26.0,230.74,46.0,169.65,35.28999999999999,65.0,63.0,2.709237900228093,128,2.0,-20.0,0.02
07:36:02,151.75,24.0,179.68,22.0,149.53,53.0,185.1,31.0,165.72,27.930000000000007,77.0,53.0,3.0718186795500544,130,24.0,2.0,0.18
07:36:03,151.0,10.0,153.0,40.0,149.0,80.0,160.0,40.0,152.0,2.0,90.0,80.0,8.375328053278464,170,10.0,40.0,0.06
07:36:04,150.16,19.0,152.89,36.0,146.13,94.0,163.28,29.0,151.52,2.7299999999999898,113.0,65.0,9.678373830351571,178,48.0,8.0,0.27
07:36:05,149.51,82.0,181.65,40.0,128.8,90.0,267.07,40.0,165.58,32.140000000000015,172.0,80.0,8.498404556152549,252,92.0,74.0,0.37
07:36:06,151.25,28.0,190.77,39.0,149.0,104.0,284.2,40.0,171.01,39.52000000000001,132.0,79.0,8.862667769923133,211,53.0,-41.0,0.25
07:36:07,150.0,24.0,236.0,33.0,148.66,70.0,338.05,37.0,193.0,86.0,94.0,70.0,17.01479121235501,164,24.0,-47.0,0.15
07:36:08,149.0,72.0,248.13,31.0,145.0,27.0,324.85,33.0,198.56,99.13,99.0,64.0,19.56194468860475,163,35.0,-1.0,0.21
07:36:09,149.0,64.0,166.88,26.0,145.0,24.0,207.71,14.0,157.94,17.879999999999995,88.0,40.0,17.678914559441466,128,48.0,-35.0,0.38
07:36:10,149.0,96.0,165.0,12.0,145.0,36.0,220.42,33.0,157.0,16.0,132.0,45.0,19.421491188887423,177,87.0,49.0,0.49
07:36:11,150.29,51.0,165.0,15.0,147.52,65.0,262.0,15.0,157.65,14.710000000000008,116.0,30.0,21.045160963984863,146,86.0,-31.0,0.59
07:36:12,151.88,25.0,164.29,7.0,149.54,37.0,262.0,7.0,158.08,12.409999999999997,62.0,14.0,18.292399514553395,76,48.0,-70.0,0.63
07:36:13,156.0,24.0,163.08,12.0,150.0,96.0,350.17,48.0,159.54,7.0800000000000125,120.0,60.0,0.9347833973891619,180,60.0,104.0,0.33
07:36:14,156.0,20.0,161.7,10.0,150.0,80.0,264.26,38.0,158.85,5.699999999999989,100.0,48.0,0.9965089061490573,148,52.0,-32.0,0.35
07:36:15,156.0,16.0,160.88,8.0,150.0,64.0,190.5,24.0,158.44,4.8799999999999955,80.0,32.0,0.7255825246202796,112,48.0,-36.0,0.43
07:36:16,156.0,18.0,157.6,15.0,150.0,72.0,211.64,25.0,156.8,1.5999999999999943,90.0,40.0,1.018489077032426,130,50.0,18.0,0.38
07:36:17,150.51,70.0,157.4,20.0,149.75,32.0,304.06,35.0,153.96,6.890000000000015,102.0,55.0,2.2297802582394697,157,47.0,27.0,0.3
07:36:18,152.05,38.0,157.45,22.0,150.12,86.0,250.32,41.0,154.75,5.399999999999977,124.0,63.0,2.17210727176045,187,61.0,30.0,0.33
07:36:19,151.19,58.0,155.52,21.0,150.29,34.0,228.0,13.0,153.36,4.3300000000000125,92.0,34.0,2.1118759433344483,126,58.0,-61.0,0.46
07:36:20,150.0,129.0,153.48,29.0,149.0,17.0,185.11,18.0,151.74,3.4799999999999898,146.0,47.0,1.8605698052034783,193,99.0,67.0,0.51
07:36:21,150.0,20.0,151.76,17.0,149.0,14.0,237.48,27.0,150.88,1.759999999999991,34.0,44.0,1.5950297802972246,78,-10.0,-115.0,-0.13
07:36:22,149.75,8.0,191.55,11.0,146.71,14.0,296.5,30.0,170.65,41.80000000000001,22.0,41.0,8.172143537654897,63,-19.0,-15.0,-0.3
07:36:23,145.94,17.0,331.0,11.0,139.75,32.0,700.0,55.0,238.47,185.06,49.0,66.0,37.47950439907167,115,-17.0,52.0,-0.15
07:36:25,150.5,8.0,311.41,17.0,145.2,5.0,388.94,17.0,230.96,160.91000000000003,13.0,34.0,86.2596752254495,47,-21.0,-39.0,-0.45
07:36:26,148.8,20.0,232.29,28.0,124.43,30.0,244.29,34.0,190.54,83.48999999999998,50.0,62.0,78.3462732361918,112,-12.0,65.0,-0.11
07:36:27,119.72,32.0,229.71,17.0,99.0,36.0,231.67,24.0,174.71,109.99000000000001,68.0,41.0,77.45912360722927,109,27.0,-3.0,0.25
07:36:29,156.0,117.0,226.76,17.0,130.09,87.0,227.64,22.0,191.38,70.75999999999999,204.0,39.0,30.7589772261697,243,165.0,151.0,0.68
07:36:30,156.0,52.0,224.6,10.0,154.0,64.0,225.86,14.0,190.3,68.6,116.0,24.0,19.4394233453574,140,92.0,-103.0,0.66
07:36:31,156.0,35.0,222.19,42.0,154.0,108.0,223.0,27.0,189.1,66.19,143.0,69.0,19.228083107788628,212,74.0,72.0,0.35
07:36:32,156.0,16.0,220.25,8.0,154.0,96.0,222.0,40.0,188.12,64.25,112.0,48.0,19.53047669669193,160,64.0,-52.0,0.4
07:36:33,156.0,26.0,216.86,43.0,154.0,156.0,218.37,43.0,186.43,60.860000000000014,182.0,86.0,1.918457713901106,268,96.0,108.0,0.36
07:36:34,156.0,18.0,211.08,26.0,154.0,108.0,213.65,31.0,183.54,55.08000000000001,126.0,57.0,2.627302799455469,183,69.0,-85.0,0.38
07:36:35,156.0,26.0,203.56,36.0,154.0,156.0,205.87,23.0,179.78,47.56,182.0,59.0,3.7813066524716503,241,123.0,58.0,0.51
07:36:36,155.14,56.0,199.56,27.0,153.92,200.0,201.15,62.0,177.35,44.420000000000016,256.0,89.0,4.487541643263745,345,167.0,104.0,0.48
07:36:37,154.0,96.0,196.08,12.0,152.0,34.0,197.04,24.0,175.04,42.08000000000001,130.0,36.0,4.599811952680907,166,94.0,-178.5,0.57
07:36:38,154.0,108.0,193.76,29.0,152.0,45.0,194.48,29.0,173.88,39.75999999999999,153.0,58.0,3.872495319561521,211,95.0,45.0,0.45
07:36:39,154.0,168.0,190.83,48.0,152.0,70.0,191.17,35.0,172.42,36.83000000000001,238.0,83.0,2.910116836146897,321,155.0,110.0,0.48
07:36:40,154.0,108.0,185.73,11.0,152.0,45.0,186.86,14.0,169.86,31.72999999999999,153.0,25.0,2.80775711200688,178,128.0,-143.0,0.72
07:36:41,154.0,148.0,180.67,15.0,152.0,70.0,181.52,21.0,167.33,26.669999999999987,218.0,36.0,3.1188427340962237,254,182.0,76.0,0.72
07:36:42,154.0,63.0,177.38,21.0,152.0,45.0,178.38,13.0,165.69,23.379999999999995,108.0,34.0,3.409579152919684,142,74.0,-112.0,0.52
07:36:43,154.0,68.0,174.25,24.0,152.0,60.0,176.0,12.0,164.12,20.25,128.0,36.0,3.3078739395605976,164,92.0,22.0,0.56
07:36:44,154.0,65.0,168.33,33.0,152.0,65.0,170.14,21.0,161.17,14.330000000000013,130.0,54.0,3.277122213165664,184,76.0,20.0,0.41
07:36:45,153.05,61.0,163.48,33.0,151.18,68.0,164.54,41.0,158.27,10.429999999999978,129.0,74.0,3.6215300633880294,203,55.0,19.0,0.27
07:36:46,152.29,17.0,159.09,11.0,150.97,31.0,160.12,16.0,155.69,6.800000000000011,48.0,27.0,4.105109011953614,75,21.0,-128.0,0.28
07:36:47,153.0,9.0,157.46,13.0,152.0,27.0,159.15,20.0,155.23,4.460000000000008,36.0,33.0,3.7606887667051527,69,3.0,-6.0,0.04
07:36:48,152.73,15.0,154.59,29.0,151.78,36.0,156.84,49.0,153.66,1.8600000000000136,51.0,78.0,2.9501830451722406,129,-27.0,60.0,-0.21
07:36:49,152.71,21.0,154.0,65.0,151.31,29.0,233.78,32.0,153.36,1.289999999999992,50.0,97.0,1.963051196485041,147,-47.0,18.0,-0.32
07:36:50,151.07,57.0,170.87,47.0,150.42,48.0,227.62,52.0,160.97,19.80000000000001,105.0,99.0,3.065839199961648,204,6.0,57.0,0.03
07:36:51,151.0,50.0,206.3,50.0,150.0,40.0,208.0,50.0,178.65,55.30000000000001,90.0,100.0,10.666561301564006,190,-10.0,-14.0,-0.05
07:36:52,151.0,33.0,204.56,45.0,150.0,36.0,352.59,39.0,177.78,53.56,69.0,84.0,12.549001155471466,153,-15.0,-37.0,-0.1
07:36:53,150.6,5.0,204.0,25.0,149.0,20.0,205.0,25.0,177.3,53.400000000000006,25.0,50.0,11.686730509429307,75,-25.0,-78.0,-0.33
07:36:54,149.0,9.0,203.0,45.0,145.0,36.0,204.0,45.0,176.0,54.0,45.0,90.0,7.424348456263863,135,-45.0,60.0,-0.33
07:36:55,145.61,33.0,202.67,60.0,144.49,41.0,204.0,60.0,174.14,57.059999999999974,74.0,120.0,1.7567811474479784,194,-46.0,59.0,-0.24
07:36:56,145.4,70.0,200.42,60.0,143.53,34.0,201.5,60.0,172.91,55.01999999999998,104.0,120.0,2.0716370338522485,224,-16.0,30.0,-0.07
07:36:57,147.8,55.0,197.7,50.0,147.76,55.0,198.8,50.0,172.75,49.89999999999998,110.0,100.0,1.9835700138960906,210,10.0,-14.0,0.05
07:36:58,149.67,36.0,196.0,30.0,147.46,26.0,197.0,30.0,172.83,46.33000000000001,62.0,60.0,1.3931726382711291,122,2.0,-88.0,0.02
07:36:59,149.02,82.0,194.67,60.0,146.22,36.0,196.33,60.0,171.85,45.64999999999998,118.0,120.0,0.8166272099477232,238,-2.0,116.0,-0.01
07:37:00,150.0,5.0,192.0,25.0,149.0,40.0,193.8,25.0,171.0,42.0,45.0,50.0,0.8280821215476011,95,-5.0,-143.0,-0.05
07:37:01,150.58,12.0,189.14,29.0,149.09,44.0,190.8,25.0,169.86,38.559999999999974,56.0,54.0,1.2518666063229487,110,2.0,15.0,0.02
07:37:02,151.56,18.0,187.97,61.0,150.82,17.0,188.87,53.0,169.76,36.41,35.0,114.0,1.3124976190554885,149,-79.0,39.0,-0.53
07:37:03,152.47,19.0,184.22,55.0,150.91,22.0,185.34,35.0,168.35,31.75,41.0,90.0,1.3311386103730984,131,-49.0,-18.0,-0.37
07:37:04,152.5,32.0,181.5,80.0,150.3,92.0,182.02,48.0,167.0,29.0,124.0,128.0,1.5452766742644235,252,-4.0,121.0,-0.02
07:37:05,155.0,10.0,178.92,38.0,151.0,50.0,180.4,50.0,166.96,23.919999999999987,60.0,88.0,1.4156553252912432,148,-28.0,-104.0,-0.19
07:37:06,151.57,14.0,177.0,65.0,149.15,133.0,178.0,13.0,164.29,25.430000000000007,147.0,78.0,2.0258257575677905,225,69.0,77.0,0.31
07:37:07,149.07,87.0,175.81,37.0,147.07,74.0,176.29,41.0,162.44,26.74000000000001,161.0,78.0,2.390474848230934,239,83.0,14.0,0.35
07:37:08,149.0,89.0,174.18,33.0,145.0,32.0,175.67,45.0,161.59,25.180000000000007,121.0,78.0,2.502384862491038,199,43.0,-40.0,0.22
07:37:09,149.0,6.0,171.7,10.0,145.0,18.0,173.82,22.0,160.35,22.69999999999999,24.0,32.0,2.578299827410286,56,-8.0,-143.0,-0.14
07:37:10,146.33,9.0,168.66,29.0,144.25,24.0,170.13,39.0,157.49,22.329999999999984,33.0,68.0,2.535708973842093,101,-35.0,45.0,-0.35
07:37:11,145.0,11.0,165.78,27.0,144.0,33.0,168.88,41.0,155.39,20.78,44.0,68.0,2.9434197797838584,112,-24.0,11.0,-0.21
07:37:12,145.0,14.0,162.03,32.0,144.0,42.0,162.5,48.0,153.52,17.03,56.0,80.0,3.354179482380506,136,-24.0,24.0,-0.18
07:37:13,145.53,97.0,160.65,17.0,144.88,128.0,162.89,35.0,153.09,15.120000000000005,225.0,52.0,3.005331928426852,277,173.0,141.0,0.62
07:37:14,147.11,45.0,158.67,12.0,145.0,144.0,159.28,18.0,152.89,11.559999999999974,189.0,30.0,1.9538372501366112,219,159.0,-58.0,0.73
07:37:15,145.77,189.0,152.59,37.0,144.84,171.0,153.18,39.0,149.18,6.819999999999993,360.0,76.0,2.2595419889926305,436,284.0,177.5,0.65
07:37:16,145.0,204.0,147.32,41.0,144.0,39.0,147.9,31.0,146.16,2.319999999999993,243.0,72.0,3.2024787274890856,315,171.0,-121.0,0.54
07:37:17,145.0,93.0,151.13,31.0,144.0,24.0,170.15,26.0,148.06,6.1299999999999955,117.0,57.0,3.0415834691850385,174,60.0,-141.0,0.34
07:37:18,145.0,30.0,199.0,15.0,144.0,15.0,340.77,13.0,172.0,54.0,45.0,28.0,10.543112443677206,73,17.0,-101.0,0.23
07:37:20,145.34,53.0,292.28,43.0,144.62,48.0,426.67,45.0,218.81,146.93999999999997,101.0,88.0,63.361325585881154,189,13.0,48.0,0.07
07:37:21,147.77,78.0,164.79,70.0,147.13,114.0,270.9,29.0,156.28,17.019999999999982,192.0,99.0,61.48981135115018,291,93.0,102.0,0.32
07:37:22,149.95,57.0,163.06,53.0,148.89,141.0,234.18,44.0,156.5,13.110000000000014,198.0,97.0,59.85621621853522,295,101.0,4.0,0.34
07:37:23,152.64,150.0,160.92,48.0,151.0,36.0,163.0,60.0,156.78,8.280000000000001,186.0,108.0,61.99130648728124,294,78.0,-1.0,0.27
07:37:24,153.0,134.0,159.0,65.0,151.0,39.0,160.0,52.0,156.0,6.0,173.0,117.0,27.916543124105267,290,56.0,-4.0,0.19
07:37:25,153.0,114.0,157.71,70.0,151.0,42.0,160.0,56.0,155.36,4.710000000000008,156.0,126.0,0.5424758059345409,282,30.0,-8.0,0.11
07:37:26,152.65,52.0,154.98,53.0,150.5,36.0,189.15,55.0,153.82,2.329999999999984,88.0,108.0,1.1775058386369759,196,-20.0,-86.0,-0.1
07:37:27,153.0,59.0,231.53,34.0,151.0,27.0,345.56,43.0,192.26,78.53,86.0,77.0,16.479959951408446,163,9.0,-33.0,0.06
07:37:28,153.0,45.0,175.32,41.0,151.0,39.0,224.1,41.0,164.16,22.319999999999993,84.0,82.0,16.12779588164566,166,2.0,3.0,0.01
07:37:29,153.0,30.0,162.18,34.0,151.0,30.0,178.0,19.0,157.59,9.180000000000007,60.0,53.0,15.937283959320885,113,7.0,-53.0,0.06
07:37:30,153.0,24.0,157.0,16.0,151.0,24.0,163.36,28.0,155.0,4.0,48.0,44.0,15.990402746648591,92,4.0,-21.0,0.04
07:37:31,153.0,24.0,156.75,16.0,151.0,24.0,214.75,12.0,154.88,3.75,48.0,28.0,15.81841711423829,76,20.0,-16.0,0.26
07:37:32,150.38,32.0,156.0,24.0,145.85,106.0,286.1,20.0,153.19,5.6200000000000045,138.0,44.0,4.319077447791913,182,94.0,106.0,0.52
07:37:33,149.0,47.0,154.04,23.0,145.0,156.0,155.38,21.0,151.52,5.039999999999992,203.0,44.0,2.2648686496183315,247,159.0,65.0,0.64
07:37:34,149.0,44.0,151.43,21.0,145.0,148.0,152.47,15.0,150.21,2.430000000000007,192.0,36.0,2.0938600717391678,228,156.0,-19.0,0.68
07:37:35,149.0,42.0,150.0,14.0,145.0,182.0,152.33,21.0,149.5,1.0,224.0,35.0,2.19641753772439,259,189.0,31.0,0.73
07:37:36,149.0,22.0,190.73,11.0,145.0,143.0,214.64,11.0,169.86,41.72999999999999,165.0,22.0,8.504359470296636,187,143.0,-72.0,0.76
07:37:37,150.37,41.0,200.08,24.0,145.82,49.0,226.58,24.0,175.22,49.71000000000001,90.0,48.0,12.28972416289418,138,42.0,-49.0,0.3
07:37:38,151.0,98.0,245.37,38.0,149.0,28.0,453.87,46.0,198.18,94.37,126.0,84.0,20.145659085769008,210,42.0,72.0,0.2
07:37:39,151.1,70.0,321.0,10.0,149.0,20.0,472.59,34.0,236.05,169.9,90.0,44.0,33.02283179862126,134,46.0,-76.0,0.34
07:37:40,152.0,77.0,230.55,11.0,149.0,22.0,431.22,23.0,191.27,78.55000000000001,99.0,34.0,26.117467909428616,133,65.0,-1.0,0.49
07:37:41,152.0,91.0,163.18,34.0,149.96,50.0,283.6,25.0,157.59,11.180000000000007,141.0,59.0,29.343538811807157,200,82.0,67.0,0.41
07:37:42,152.0,126.0,162.44,72.0,150.58,38.0,269.2,30.0,157.22,10.439999999999998,164.0,102.0,32.76921222733364,266,62.0,66.0,0.23
07:37:43,152.0,56.0,161.0,32.0,151.0,40.0,336.5,16.0,156.5,9.0,96.0,48.0,34.79089866617462,144,48.0,-122.0,0.33
07:37:44,152.0,105.0,159.67,60.0,151.0,75.0,391.13,15.0,155.83,7.6699999999999875,180.0,75.0,15.436990315473675,255,105.0,111.0,0.41
07:37:45,152.0,58.0,158.56,36.0,151.0,44.0,357.11,9.0,155.28,6.560000000000002,102.0,45.0,0.9542693540225478,147,57.0,-108.0,0.39
07:37:46,151.0,33.0,157.0,56.0,150.0,56.0,365.0,14.0,154.0,6.0,89.0,70.0,1.2259608476727368,159,19.0,12.0,0.12
07:37:47,151.97,79.0,154.33,48.0,150.9,40.0,396.0,12.0,153.15,2.3600000000000136,119.0,60.0,1.3627435562226187,179,59.0,20.0,0.33
07:37:48,152.0,62.0,153.5,40.0,151.0,40.0,278.6,10.0,152.75,1.5,102.0,50.0,1.3293118520595912,152,52.0,-27.0,0.34
07:37:49,152.0,32.0,153.0,36.0,151.0,36.0,339.11,9.0,152.5,1.0,68.0,45.0,1.1288179658500979,113,23.0,-39.0,0.2
07:37:50,151.29,17.0,183.7,23.0,150.54,26.0,650.75,12.0,167.49,32.41,43.0,35.0,6.4605084939210835,78,8.0,-35.0,0.1
07:37:51,151.0,56.0,273.0,36.0,149.69,52.0,340.42,26.0,212.0,122.0,108.0,62.0,25.63544752876432,170,46.0,92.0,0.27
07:37:52,151.0,20.0,272.0,15.0,150.0,30.0,320.0,25.0,211.5,121.0,50.0,40.0,30.285042017471785,90,10.0,-80.0,0.11
07:37:53,151.0,36.0,257.38,29.0,150.0,54.0,278.41,32.0,204.19,106.38,90.0,61.0,27.656281926535854,151,29.0,61.0,0.19
07:37:54,151.0,44.0,185.14,21.0,150.0,66.0,240.22,27.0,168.07,34.139999999999986,110.0,48.0,22.91352548168951,158,62.0,7.0,0.39
07:37:55,151.0,24.0,156.83,18.0,150.0,36.0,158.0,18.0,153.92,5.8300000000000125,60.0,36.0,27.06601614571369,96,24.0,-62.0,0.25
07:37:56,151.92,104.0,155.07,42.0,150.8,60.0,156.93,42.0,153.5,3.1500000000000057,164.0,84.0,27.778539018458677,248,80.0,152.0,0.32
07:37:57,152.0,34.0,153.0,15.0,151.0,20.0,155.09,11.0,152.5,1.0,54.0,26.0,22.05808763243152,80,28.0,-168.0,0.35
07:37:58,154.63,83.0,316.19,16.0,151.04,54.0,631.85,27.0,235.41,161.56,137.0,43.0,35.64879871748878,180,94.0,100.0,0.52
07:37:59,155.0,30.0,325.67,12.0,153.0,12.0,494.89,9.0,240.33,170.67000000000002,42.0,21.0,46.352767662784004,63,21.0,-117.0,0.33
07:38:00,154.43,42.0,273.0,29.0,151.67,36.0,319.35,34.0,213.71,118.57,78.0,63.0,43.25130229253262,141,15.0,78.0,0.11
07:38:01,153.0,50.0,271.81,48.0,151.0,64.0,304.56,34.0,212.41,118.81,114.0,82.0,34.95567650611329,196,32.0,55.0,0.16
07:38:02,153.0,30.0,210.77,43.0,151.0,48.0,233.26,23.0,181.88,57.77000000000001,78.0,66.0,23.174372051903415,144,12.0,-52.0,0.08
07:38:03,153.0,28.0,174.79,42.0,151.0,48.0,176.14,42.0,163.89,21.789999999999992,76.0,84.0,29.878428338854068,160,-8.0,16.0,-0.05
07:38:04,151.89,27.0,171.89,27.0,150.7,60.0,173.78,27.0,161.89,20.0,87.0,54.0,25.246747909384943,141,33.0,-19.0,0.23
07:38:05,151.0,77.0,170.5,46.0,150.0,96.0,171.8,46.0,160.75,19.5,173.0,92.0,22.01382928979032,265,81.0,124.0,0.31
07:38:06,150.72,53.0,165.64,33.0,149.47,96.0,166.36,25.0,158.18,14.919999999999987,149.0,58.0,9.485619115272737,207,91.0,-58.0,0.44
07:38:07,151.67,72.0,161.92,36.0,150.0,60.0,163.08,36.0,156.79,10.25,132.0,72.0,2.8475076821716048,204,60.0,-3.0,0.29
07:38:08,151.09,44.0,158.04,23.0,149.27,93.0,159.64,25.0,154.57,6.949999999999989,137.0,48.0,2.9582731449319963,185,89.0,-19.0,0.48
07:38:09,150.0,40.0,153.33,12.0,149.0,136.0,154.9,20.0,151.67,3.3300000000000125,176.0,32.0,3.462819660338292,208,144.0,23.0,0.69
07:38:10,150.0,63.0,153.18,22.0,149.0,234.0,213.21,42.0,151.59,3.180000000000007,297.0,64.0,2.9686023647543314,361,233.0,153.0,0.65
07:38:11,150.0,20.0,156.0,27.0,149.0,180.0,383.08,37.0,153.0,6.0,200.0,64.0,2.1916386563539096,264,136.0,-97.0,0.52
07:38:12,149.0,140.0,154.57,21.0,145.0,77.0,314.0,35.0,151.79,5.569999999999993,217.0,56.0,1.2799531241512634,273,161.0,9.0,0.59
07:38:13,149.0,120.0,154.0,18.0,145.0,66.0,389.5,6.0,151.5,5.0,186.0,24.0,0.6185870997882695,210,162.0,-63.0,0.77
07:38:14,149.0,104.0,152.18,33.0,145.24,100.0,282.0,11.0,150.59,3.180000000000007,204.0,44.0,0.8634407912673614,248,160.0,38.0,0.65
07:38:15,149.0,101.0,150.38,32.0,145.0,99.0,178.58,19.0,149.69,1.3799999999999955,200.0,51.0,1.2515310623489624,251,149.0,3.0,0.59
07:38:16,149.08,97.0,150.71,38.0,145.72,179.0,223.0,24.0,149.9,1.6299999999999955,276.0,62.0,0.9354303822434712,338,214.0,87.0,0.63
07:38:17,149.0,80.0,150.3,30.0,146.0,20.0,307.0,32.0,149.65,1.3000000000000114,100.0,62.0,0.786276032970651,162,38.0,-176.0,0.23
07:38:18,149.09,69.0,210.0,29.0,146.6,30.0,443.02,59.0,179.54,60.91,99.0,88.0,13.235075745911903,187,11.0,25.0,0.06
07:38:20,150.11,9.0,330.89,45.0,149.0,18.0,514.1,29.0,240.5,180.77999999999997,27.0,74.0,68.29866433540292,101,-47.0,44.0,-0.47
07:38:21,151.0,12.0,178.59,51.0,149.0,24.0,418.92,60.0,164.79,27.590000000000003,36.0,111.0,65.5336651653182,147,-75.0,46.0,-0.51
07:38:22,147.0,12.0,260.5,40.0,146.5,16.0,496.83,36.0,203.75,113.5,28.0,76.0,57.33326146313364,104,-48.0,-43.0,-0.46
07:38:23,145.89,18.0,423.12,24.0,144.2,20.0,442.41,22.0,284.51,277.23,38.0,46.0,58.318053122511316,84,-8.0,-20.0,-0.1
07:38:25,140.75,16.0,294.5,40.0,133.68,57.0,405.67,18.0,217.62,153.75,73.0,58.0,43.567433709136985,131,15.0,57.0,0.11
07:38:26,155.0,12.0,386.28,18.0,144.0,60.0,427.0,8.0,270.64,231.27999999999997,72.0,26.0,34.684352812183946,98,46.0,-33.0,0.47
07:38:27,155.0,22.0,267.7,50.0,144.04,112.0,528.83,46.0,211.35,112.69999999999999,134.0,96.0,32.73159223136041,230,38.0,132.0,0.17
07:38:28,151.11,28.0,330.0,29.0,148.87,61.0,517.63,51.0,240.55,178.89,89.0,80.0,23.333507451732384,169,9.0,-61.0,0.05
07:38:29,150.0,18.0,292.59,37.0,149.0,27.0,293.29,21.0,221.3,142.58999999999997,45.0,58.0,24.04902638361998,103,-13.0,-66.0,-0.13
07:38:30,150.33,15.0,171.16,32.0,149.4,25.0,187.72,40.0,160.74,20.829999999999984,40.0,72.0,40.53016444575627,112,-32.0,9.0,-0.29
07:38:31,151.0,11.0,171.0,33.0,150.0,22.0,294.0,11.0,161.0,20.0,33.0,44.0,36.34570772457235,77,-11.0,-35.0,-0.14
07:38:32,152.0,10.0,169.7,30.0,150.0,20.0,304.56,18.0,160.85,17.69999999999999,30.0,48.0,38.973323825406965,78,-18.0,1.0,-0.23
07:38:33,149.73,15.0,168.56,27.0,147.5,12.0,313.0,45.0,159.14,18.830000000000013,27.0,72.0,27.231156420542025,99,-45.0,21.0,-0.45
07:38:34,149.0,16.0,167.09,22.0,145.0,8.0,278.97,38.0,158.05,18.090000000000003,24.0,60.0,1.30408205264128,84,-36.0,-15.0,-0.43
07:38:35,149.0,100.0,165.93,15.0,145.0,15.0,167.0,45.0,157.47,16.930000000000007,115.0,60.0,1.599177913810965,175,55.0,91.0,0.31
07:38:36,149.0,156.0,163.14,14.0,145.0,13.0,164.04,25.0,156.07,14.139999999999986,169.0,39.0,1.7979933259109557,208,130.0,33.0,0.62
07:38:37,149.0,120.0,161.88,17.0,145.0,10.0,162.88,16.0,155.44,12.879999999999995,130.0,33.0,1.4939645243511697,163,97.0,-45.0,0.6
07:38:38,149.0,122.0,158.97,34.0,145.0,12.0,159.79,14.0,153.99,9.969999999999999,134.0,48.0,1.621258770221254,182,86.0,19.0,0.47
07:38:39,149.0,174.0,152.24,33.0,145.0,18.0,153.61,36.0,150.62,3.240000000000009,192.0,69.0,2.6098984654615514,261,123.0,79.0,0.47
07:38:40,149.06,51.0,151.23,13.0,147.8,30.0,355.84,19.0,150.14,2.1699999999999875,81.0,32.0,2.733362398222713,113,49.0,-148.0,0.43
07:38:41,149.4,30.0,152.0,12.0,148.2,30.0,298.14,28.0,150.7,2.5999999999999943,60.0,40.0,2.3816632843492496,100,20.0,-13.0,0.2
07:38:42,144.97,118.0,204.91,22.0,140.51,49.0,252.0,48.0,174.94,59.94,167.0,70.0,10.654896526950385,237,97.0,137.0,0.41
07:38:43,144.0,176.0,234.97,38.0,75.73,30.0,414.83,46.0,189.49,90.97,206.0,84.0,18.124977793090498,290,122.0,53.0,0.42
07:38:44,144.23,106.0,188.0,55.0,120.39,82.0,363.67,45.0,166.11,43.77000000000001,188.0,100.0,16.710509567335926,288,88.0,-2.0,0.31
07:38:45,145.36,33.0,187.0,55.0,144.0,132.0,553.8,20.0,166.18,41.639999999999986,165.0,75.0,14.187555462447612,240,90.0,-48.0,0.38
07:38:46,146.0,21.0,187.0,35.0,144.0,84.0,358.31,13.0,166.5,41.0,105.0,48.0,10.14007544350774,153,57.0,-87.0,0.37
07:38:47,147.44,27.0,187.0,45.0,144.0,108.0,245.89,9.0,167.22,39.56,135.0,54.0,10.289715739515248,189,81.0,36.0,0.43
07:38:48,149.12,24.0,186.0,40.0,144.0,96.0,326.75,8.0,167.56,36.879999999999995,120.0,48.0,0.645662450530608,168,72.0,-21.0,0.43
07:38:49,151.83,36.0,186.0,60.0,144.0,144.0,382.56,39.0,168.92,34.16999999999999,180.0,99.0,1.0712049290520895,279,81.0,111.0,0.29
07:38:50,152.0,27.0,184.85,40.0,144.0,108.0,195.0,32.0,168.43,32.849999999999994,135.0,72.0,0.9627980058276744,207,63.0,-72.0,0.3
07:38:51,144.38,63.0,182.24,29.0,111.53,30.0,183.76,34.0,163.31,37.860000000000014,93.0,63.0,2.2175820165273192,156,30.0,-51.0,0.19
07:38:52,144.0,106.0,179.26,47.0,119.19,21.0,180.12,52.0,161.63,35.25999999999999,127.0,99.0,3.286084295940193,226,28.0,70.0,0.12
07:38:53,144.0,42.0,170.85,27.0,97.56,9.0,176.25,32.0,157.43,26.849999999999994,51.0,59.0,4.823730921187824,110,-8.0,-116.0,-0.07
07:38:54,144.0,64.0,147.52,50.0,126.26,31.0,148.69,52.0,145.76,3.5200000000000102,95.0,102.0,8.539521063854862,197,-7.0,87.0,-0.04
07:38:55,144.86,37.0,147.12,34.0,139.43,14.0,283.08,26.0,145.99,2.259999999999991,51.0,60.0,8.44571962594177,111,-9.0,-86.0,-0.08
07:38:56,145.0,16.0,146.0,20.0,142.4,10.0,270.0,8.0,145.5,1.0,26.0,28.0,7.694255649509956,54,-2.0,-57.0,-0.04
07:38:57,144.64,22.0,235.0,24.0,142.06,33.0,380.84,38.0,189.82,90.36000000000001,55.0,62.0,19.085956879339815,117,-7.0,63.0,-0.06
07:38:58,144.31,26.0,187.33,24.0,136.13,31.0,216.44,36.0,165.82,43.02000000000001,57.0,60.0,19.50834488110203,117,-3.0,0.0,-0.03
07:38:59,144.0,20.0,186.5,40.0,80.2,20.0,196.0,10.0,165.25,42.5,40.0,50.0,18.210879440598738,90,-10.0,-27.0,-0.11
07:39:00,147.48,21.0,186.0,28.0,136.86,14.0,220.0,28.0,166.74,38.52000000000001,35.0,56.0,15.706889571141204,91,-21.0,1.0,-0.23
07:39:01,151.0,69.0,185.5,40.0,148.27,22.0,236.96,46.0,168.25,34.5,91.0,86.0,10.483827068395723,177,5.0,86.0,0.03
07:39:02,151.14,28.0,184.3,20.0,150.2,40.0,186.29,28.0,167.72,33.160000000000025,68.0,48.0,1.2555596361878893,116,20.0,-61.0,0.17
07:39:03,154.74,35.0,181.54,26.0,151.18,22.0,182.5,16.0,168.14,26.799999999999983,57.0,42.0,1.2518586182251228,99,15.0,-17.0,0.15
07:39:04,155.0,88.0,176.58,38.0,152.36,11.0,178.29,28.0,165.79,21.580000000000013,99.0,66.0,1.0457389731785764,165,33.0,66.0,0.2
07:39:05,155.0,88.0,173.0,40.0,153.0,11.0,176.0,26.0,164.0,18.0,99.0,66.0,1.8440851390389414,165,33.0,0.0,0.2
07:39:06,155.0,112.0,167.53,38.0,151.13,62.0,169.45,40.0,161.26,12.530000000000001,174.0,78.0,2.834611084438833,252,96.0,87.0,0.38
07:39:07,155.0,40.0,163.89,36.0,151.0,100.0,165.33,24.0,159.44,8.889999999999986,140.0,60.0,3.4738134664979623,200,80.0,-52.0,0.4
07:39:08,155.0,24.0,162.36,22.0,151.0,90.0,163.25,32.0,158.68,7.360000000000014,114.0,54.0,3.0145447417514872,168,60.0,-32.0,0.36
07:39:09,151.32,76.0,160.13,46.0,149.79,66.0,161.64,44.0,155.72,8.810000000000002,142.0,90.0,3.074085229791199,232,52.0,64.0,0.22
07:39:10,152.75,32.0,156.38,26.0,151.0,32.0,157.36,22.0,154.57,3.6299999999999955,64.0,48.0,2.743406641389363,112,16.0,-120.0,0.14
07:39:11,152.41,34.0,154.08,24.0,150.22,51.0,172.83,48.0,153.25,1.670000000000016,85.0,72.0,2.6528607200564167,157,13.0,45.0,0.08
07:39:12,149.67,24.0,151.88,40.0,146.39,46.0,238.67,24.0,150.77,2.210000000000008,70.0,64.0,2.9322806823387615,134,6.0,-23.0,0.04
07:39:13,147.67,18.0,150.0,30.0,144.33,18.0,276.33,24.0,148.83,2.3300000000000125,36.0,54.0,2.810501734569055,90,-18.0,-44.0,-0.2
07:39:14,145.0,18.0,150.0,45.0,144.0,36.0,306.78,36.0,147.5,5.0,54.0,81.0,2.950335574136374,135,-27.0,45.0,-0.2
07:39:15,145.0,24.0,148.96,24.0,144.0,48.0,222.96,57.0,146.98,3.960000000000008,72.0,81.0,2.572397714198506,153,-9.0,18.0,-0.06
07:39:16,145.0,20.0,227.06,16.0,144.0,40.0,457.06,16.0,186.03,82.06,60.0,32.0,16.838725308051604,92,28.0,-61.0,0.3
07:39:18,149.86,28.0,195.0,36.0,131.92,26.0,565.0,9.0,172.43,45.139999999999986,54.0,45.0,79.82159526093201,99,9.0,16.0,0.09
07:39:20,144.0,32.0,368.14,35.0,91.96,106.0,520.77,35.0,256.07,224.14,138.0,70.0,83.35462434682364,208,68.0,120.0,0.33
07:39:24,128.31,217.0,280.26,43.0,120.37,149.0,341.28,47.0,204.28,151.95,366.0,90.0,39.135341700310484,456,276.0,177.5,0.61
07:39:25,133.92,50.0,243.11,18.0,132.15,119.0,373.33,24.0,188.52,109.19000000000003,169.0,42.0,36.339355662973055,211,127.0,-178.5,0.6
07:39:31,129.74,38.0,221.73,15.0,106.11,121.0,317.0,32.0,175.74,91.98999999999998,159.0,47.0,17.5670324756349,206,112.0,32.0,0.54
07:39:36,138.17,23.0,285.83,60.0,137.31,13.0,422.82,50.0,212.0,147.66,36.0,110.0,34.49144749064636,146,-74.0,22.0,-0.51
07:39:37,143.82,67.0,302.89,70.0,143.65,121.0,439.43,69.0,223.35,159.07,188.0,139.0,45.393969313115,327,49.0,177.5,0.15
07:39:38,145.0,20.0,151.0,40.0,144.0,170.0,332.7,50.0,148.0,6.0,190.0,90.0,43.17842574712547,280,100.0,-47.0,0.36
07:39:39,145.0,14.0,261.53,30.0,144.0,119.0,355.12,33.0,203.27,116.52999999999997,133.0,63.0,39.365288643677395,196,70.0,-84.0,0.36
07:39:40,145.82,22.0,429.69,52.0,144.0,187.0,501.58,50.0,287.76,283.87,209.0,102.0,49.99814026541442,311,107.0,115.0,0.34
07:39:41,153.0,85.0,443.29,76.0,150.09,88.0,539.23,71.0,298.14,290.29,173.0,147.0,62.12861361723811,320,26.0,9.0,0.08
07:39:42,153.0,48.0,394.89,36.0,151.0,80.0,502.11,36.0,273.94,241.89,128.0,72.0,64.42361228618022,200,56.0,-120.0,0.28
07:39:43,154.25,16.0,374.3,47.0,151.15,65.0,394.57,42.0,264.27,220.05,81.0,89.0,37.1018655865185,170,-8.0,-30.0,-0.05
07:39:44,155.0,20.0,389.66,29.0,153.0,10.0,390.39,41.0,272.33,234.66000000000003,30.0,70.0,13.506737948153656,100,-40.0,-70.0,-0.4
07:39:45,155.0,26.0,373.8,50.0,153.0,13.0,389.45,44.0,264.4,218.8,39.0,94.0,13.878650150504233,133,-55.0,33.0,-0.41
07:39:46,155.0,22.0,242.78,46.0,153.0,11.0,297.75,40.0,198.89,87.78,33.0,86.0,31.549182715247618,119,-53.0,-14.0,-0.45
07:39:47,151.49,49.0,241.37,38.0,150.19,47.0,242.15,53.0,196.43,89.88,96.0,91.0,38.12902542683289,187,5.0,68.0,0.03
07:39:48,151.0,70.0,239.11,19.0,149.0,32.0,240.68,37.0,195.05,88.11000000000001,102.0,56.0,39.32742808778704,158,46.0,-29.0,0.29
07:39:49,151.0,117.0,235.69,51.0,149.0,52.0,237.47,38.0,193.34,84.69,169.0,89.0,30.68908877761039,258,80.0,100.0,0.31
07:39:50,151.0,144.0,224.34,50.0,149.0,64.0,231.61,36.0,187.67,73.34,208.0,86.0,4.21435404303477,294,122.0,36.0,0.41
07:39:51,152.47,90.0,204.76,42.0,150.55,71.0,229.27,30.0,178.61,52.28999999999999,161.0,72.0,7.295923519338789,233,89.0,-61.0,0.38
07:39:52,153.0,57.0,225.24,45.0,151.0,60.0,226.02,42.0,189.12,72.24000000000001,117.0,87.0,6.420293606996485,204,30.0,-29.0,0.15
07:39:53,153.0,6.0,222.0,6.0,151.0,30.0,223.0,12.0,187.5,69.0,36.0,18.0,5.37292936860694,54,18.0,-150.0,0.33
07:39:54,153.0,13.0,218.0,31.0,151.0,65.0,219.12,33.0,185.5,65.0,78.0,64.0,4.1570241760228,142,14.0,88.0,0.1
07:39:55,153.0,8.0,216.0,16.0,151.0,40.0,217.0,40.0,184.5,63.0,48.0,56.0,4.0170237738950085,104,-8.0,-38.0,-0.08
07:39:56,152.62,26.0,214.0,23.0,150.86,59.0,214.74,31.0,183.31,61.379999999999995,85.0,54.0,2.330210290947645,139,31.0,35.0,0.22
07:39:57,151.0,44.0,174.59,17.0,149.0,32.0,212.77,13.0,162.79,23.590000000000003,76.0,30.0,10.140244079904354,106,46.0,-33.0,0.43
07:39:58,151.0,78.0,209.65,37.0,149.0,52.0,209.51,35.0,180.32,58.650000000000006,130.0,72.0,9.42310086967313,202,58.0,96.0,0.29
07:39:59,151.0,33.0,205.3,10.0,149.0,32.0,206.14,14.0,178.15,54.30000000000001,65.0,24.0,8.761023342055061,89,41.0,-113.0,0.46
07:40:00,151.32,31.0,201.7,33.0,149.91,44.0,203.41,27.0,176.51,50.379999999999995,75.0,60.0,7.925464024272187,135,15.0,46.0,0.11
07:40:01,152.0,22.0,200.08,39.0,151.0,44.0,201.72,25.0,176.04,48.08000000000001,66.0,64.0,6.899048485119652,130,2.0,-5.0,0.02
07:40:02,152.0,26.0,167.11,36.0,151.0,42.0,173.62,40.0,159.56,15.110000000000014,68.0,76.0,8.307721107501825,144,-8.0,14.0,-0.06
07:40:03,151.22,27.0,154.07,30.0,149.4,45.0,155.36,42.0,152.64,2.8499999999999943,72.0,72.0,11.678670729155275,144,0.0,0.0,0.0
07:40:04,151.0,5.0,154.92,13.0,149.0,20.0,155.84,19.0,152.96,3.9199999999999875,25.0,32.0,11.948406588329048,57,-7.0,-87.0,-0.12
07:40:05,149.67,18.0,152.83,36.0,146.23,78.0,154.0,12.0,151.25,3.160000000000025,96.0,48.0,10.324345015545623,144,48.0,87.0,0.33
07:40:06,146.09,33.0,150.82,39.0,144.51,123.0,151.67,36.0,148.46,4.72999999999999,156.0,75.0,4.08764969145082,231,81.0,87.0,0.35
07:40:07,145.0,72.0,149.5,36.0,144.0,180.0,151.0,48.0,147.25,4.5,252.0,84.0,2.5454410226945665,336,168.0,105.0,0.5
07:40:08,145.0,72.0,148.0,36.0,144.0,180.0,151.0,48.0,146.5,3.0,252.0,84.0,2.736097585981827,336,168.0,0.0,0.5
07:40:09,145.62,52.0,218.67,18.0,144.09,132.0,217.27,22.0,182.14,73.04999999999998,184.0,40.0,15.212282866158496,224,144.0,-112.0,0.64
07:40:10,153.0,6.0,360.0,3.0,145.0,18.0,394.0,3.0,256.5,207.0,24.0,6.0,47.363142843354844,30,18.0,-178.5,0.6
07:40:11,153.0,26.0,180.89,45.0,145.28,75.0,291.85,13.0,166.94,27.889999999999986,101.0,58.0,45.33794194711575,159,43.0,129.0,0.27
07:40:12,153.0,14.0,170.0,35.0,152.0,21.0,245.0,7.0,161.5,17.0,35.0,42.0,43.17119965903241,77,-7.0,-82.0,-0.09
07:40:13,154.79,28.0,170.0,40.0,152.55,20.0,245.0,8.0,162.39,15.210000000000008,48.0,48.0,40.3300728985213,96,0.0,19.0,0.0
07:40:14,154.19,43.0,177.48,42.0,152.55,33.0,295.0,10.0,165.83,23.289999999999992,76.0,52.0,41.35615879164843,128,24.0,32.0,0.19
07:40:15,152.0,19.0,305.67,9.0,151.0,18.0,485.0,21.0,228.83,153.67000000000002,37.0,30.0,29.008513750277455,67,7.0,-61.0,0.1
07:40:16,150.5,16.0,325.0,5.0,148.43,14.0,547.0,25.0,237.75,174.5,30.0,30.0,38.531300263552566,60,0.0,-7.0,0.0
07:40:17,149.0,96.0,229.85,20.0,145.0,72.0,249.25,16.0,189.43,80.85,168.0,36.0,35.00113826720569,204,132.0,144.0,0.65
07:40:18,149.0,56.0,222.57,7.0,145.0,42.0,223.57,7.0,185.79,73.57,98.0,14.0,30.519771951966703,112,84.0,-92.0,0.75
07:40:19,149.0,75.0,221.75,12.0,146.5,72.0,222.83,12.0,185.38,72.75,147.0,24.0,25.67038332397973,171,123.0,59.0,0.72
07:40:20,149.0,55.0,213.0,12.0,148.0,66.0,218.55,11.0,181.0,64.0,121.0,23.0,23.601755231339236,144,98.0,-27.0,0.68
07:40:21,149.0,75.0,213.89,19.0,145.74,93.0,215.0,19.0,181.45,64.88999999999999,168.0,38.0,3.4725854921139563,206,130.0,62.0,0.63
07:40:22,149.0,37.0,210.53,15.0,145.0,15.0,211.53,15.0,179.77,61.53,52.0,30.0,2.7278874610288937,82,22.0,-124.0,0.27
07:40:23,144.78,60.0,204.94,17.0,130.91,99.0,206.53,17.0,174.86,60.16,159.0,34.0,3.785138042401732,193,125.0,111.0,0.65
07:40:24,151.0,13.0,199.0,14.0,144.0,130.0,200.2,15.0,175.0,48.0,143.0,29.0,3.241516620354599,172,114.0,-21.0,0.66
07:40:25,146.51,57.0,169.82,17.0,123.72,39.0,178.0,15.0,158.17,23.310000000000002,96.0,32.0,9.233246991174413,128,64.0,-44.0,0.5
07:40:26,153.0,36.0,158.0,9.0,144.15,66.0,159.33,9.0,155.5,5.0,102.0,18.0,11.014687921136344,120,84.0,-8.0,0.7
07:40:27,153.0,19.0,156.05,19.0,144.79,57.0,157.54,13.0,154.53,3.0500000000000114,76.0,32.0,10.417613450307247,108,44.0,-12.0,0.41
07:40:28,145.29,21.0,154.74,19.0,118.56,52.0,156.14,14.0,150.01,9.450000000000017,73.0,33.0,9.605975744296778,106,40.0,-2.0,0.38
07:40:29,145.13,31.0,152.4,15.0,120.48,33.0,153.33,24.0,148.76,7.27000000000001,64.0,39.0,3.9198635180339423,103,25.0,-3.0,0.24
07:40:30,144.0,56.0,150.19,16.0,94.0,40.0,151.53,17.0,147.09,6.189999999999998,96.0,33.0,3.668728662631158,129,63.0,26.0,0.49
07:40:31,144.0,82.0,146.55,22.0,94.0,60.0,149.0,28.0,145.27,2.5500000000000114,142.0,50.0,3.504728234829272,192,92.0,63.0,0.48
07:40:32,144.0,40.0,148.9,20.0,101.5,20.0,157.56,18.0,146.45,4.900000000000006,60.0,38.0,1.879489292336626,98,22.0,-94.0,0.22
07:40:33,144.0,47.0,148.0,10.0,105.09,46.0,149.0,30.0,146.0,4.0,93.0,40.0,1.3221308558562912,133,53.0,35.0,0.4
07:40:34,144.0,12.0,148.0,9.0,80.02,53.0,149.0,27.0,146.0,4.0,65.0,36.0,0.6693803104415198,101,29.0,-32.0,0.29
07:40:35,145.7,27.0,148.27,15.0,114.59,17.0,151.26,23.0,146.99,2.5700000000000216,44.0,38.0,0.6353502970856039,82,6.0,-19.0,0.07
07:40:36,147.17,35.0,149.0,33.0,146.43,37.0,205.78,23.0,148.09,1.8300000000000125,72.0,56.0,0.8744312437277547,128,16.0,46.0,0.12
07:40:37,149.63,43.0,187.7,40.0,147.96,53.0,268.59,68.0,168.66,38.06999999999999,96.0,108.0,9.827439646215648,204,-12.0,76.0,-0.06
07:40:38,152.92,24.0,247.12,40.0,149.77,22.0,320.57,40.0,200.02,94.20000000000002,46.0,80.0,23.262914047900804,126,-34.0,-78.0,-0.27
07:40:39,152.0,22.0,247.0,55.0,139.0,11.0,445.52,21.0,199.5,95.0,33.0,76.0,26.208723166152712,109,-43.0,-17.0,-0.39
07:40:40,152.0,22.0,245.82,55.0,150.43,21.0,367.32,25.0,198.91,93.82,43.0,80.0,23.661126980768255,123,-37.0,14.0,-0.3
07:40:41,150.42,24.0,153.0,27.0,146.67,24.0,386.17,42.0,151.71,2.5800000000000125,48.0,69.0,22.343176810830638,117,-21.0,-6.0,-0.18
07:40:42,149.0,88.0,152.27,33.0,143.84,31.0,162.6,25.0,150.64,3.2700000000000102,119.0,58.0,26.461531134838676,177,61.0,60.0,0.34
07:40:43,149.21,58.0,304.23,48.0,147.64,66.0,417.97,30.0,226.72,155.02,124.0,78.0,33.286258876600144,202,46.0,25.0,0.23
07:40:44,149.27,33.0,336.45,44.0,148.44,81.0,361.92,52.0,242.86,187.17999999999998,114.0,96.0,42.28001501891941,210,18.0,8.0,0.09
07:40:45,152.0,75.0,308.88,49.0,149.12,119.0,345.02,49.0,230.44,156.88,194.0,98.0,45.40028061587348,292,96.0,82.0,0.33
07:40:46,152.0,70.0,234.03,32.0,151.0,98.0,225.02,42.0,193.02,82.03,168.0,74.0,37.35329008266963,242,94.0,-50.0,0.39
07:40:47,152.0,70.0,163.21,24.0,151.0,98.0,165.78,32.0,157.6,11.210000000000008,168.0,56.0,34.681155113405126,224,112.0,-18.0,0.5
07:40:48,152.0,65.0,162.0,13.0,151.0,91.0,163.0,39.0,157.0,10.0,156.0,52.0,39.95699037715493,208,104.0,-16.0,0.5
07:40:49,152.0,40.0,161.12,8.0,151.0,56.0,163.0,24.0,156.56,9.120000000000005,96.0,32.0,32.74186433299169,128,64.0,-80.0,0.5
07:40:50,152.0,30.0,159.64,11.0,151.0,77.0,163.0,33.0,155.82,7.639999999999986,107.0,44.0,16.235658286623845,151,63.0,23.0,0.42
07:40:51,152.0,10.0,157.75,12.0,151.0,70.0,162.18,28.0,154.88,5.75,80.0,40.0,1.0569389764831232,120,40.0,-31.0,0.33
07:40:52,152.0,88.0,154.37,27.0,151.0,77.0,155.82,17.0,153.19,2.3700000000000045,165.0,44.0,1.5162453627326387,209,121.0,89.0,0.58
07:40:53,152.02,88.0,153.53,17.0,151.17,84.0,165.06,32.0,152.78,1.509999999999991,172.0,49.0,1.6354143205950267,221,123.0,12.0,0.56
07:40:54,153.0,11.0,330.58,19.0,152.0,77.0,433.68,47.0,241.79,177.57999999999998,88.0,66.0,39.205487753629924,154,22.0,-67.0,0.14
07:40:55,152.04,47.0,205.36,55.0,151.18,77.0,487.2,30.0,178.7,53.32000000000002,124.0,85.0,38.21247793587889,209,39.0,55.0,0.19
07:40:56,153.8,50.0,211.7,50.0,151.52,58.0,222.13,47.0,182.75,57.89999999999998,108.0,97.0,36.29737001492032,205,11.0,-4.0,0.05
07:40:57,155.0,40.0,177.0,40.0,152.0,40.0,216.75,40.0,166.0,22.0,80.0,80.0,34.15848693955924,160,0.0,-45.0,0.0
07:40:58,155.0,57.0,214.97,38.0,152.0,60.0,216.25,60.0,184.99,59.97,117.0,98.0,29.410789346769423,215,19.0,55.0,0.09
07:40:59,151.62,73.0,196.56,70.0,150.18,116.0,199.64,78.0,174.09,44.94,189.0,148.0,7.562944532391649,337,41.0,122.0,0.12
07:41:00,151.0,91.0,192.67,45.0,149.0,117.0,193.85,59.0,171.83,41.66999999999999,208.0,104.0,7.864421148440069,312,104.0,-25.0,0.33
07:41:01,151.0,93.0,190.26,62.0,149.0,70.0,190.77,56.0,170.63,39.25999999999999,163.0,118.0,7.0647660966254975,281,45.0,-31.0,0.16
07:41:02,151.0,30.0,188.0,33.0,149.0,35.0,189.0,55.0,169.5,37.0,65.0,88.0,6.262740614142481,153,-23.0,-128.0,-0.15
07:41:03,149.0,26.0,179.15,46.0,145.0,240.0,187.66,76.0,164.08,30.150000000000006,266.0,122.0,3.7338626112948377,388,144.0,177.5,0.37
07:41:04,149.0,13.0,154.93,43.0,145.0,135.0,155.76,21.0,151.97,5.930000000000007,148.0,64.0,8.17635432206929,212,84.0,-176.0,0.4
07:41:05,149.46,61.0,152.27,74.0,145.64,168.0,153.07,70.0,150.86,2.8100000000000023,229.0,144.0,9.46046351930057,373,85.0,161.0,0.23
07:41:06,149.0,26.0,150.33,27.0,145.0,135.0,154.05,39.0,149.67,1.3300000000000125,161.0,66.0,8.98432690856766,227,95.0,-146.0,0.42
07:41:07,145.0,92.0,149.5,42.0,142.56,62.0,241.2,35.0,147.25,4.5,154.0,77.0,6.562859894894043,231,77.0,4.0,0.33
07:41:08,145.0,36.0,173.79,38.0,144.0,84.0,205.07,27.0,159.39,28.789999999999992,120.0,65.0,4.575917394360136,185,55.0,-46.0,0.3
07:41:09,144.24,37.0,193.46,26.0,143.57,37.0,196.56,18.0,168.85,49.22,74.0,44.0,8.895188587096449,118,30.0,-67.0,0.25
07:41:10,144.0,99.0,193.29,28.0,143.0,36.0,195.23,26.0,168.64,49.28999999999999,135.0,54.0,10.184885860922272,189,81.0,71.0,0.43
07:41:11,144.0,169.0,185.88,48.0,143.0,52.0,193.0,32.0,164.94,41.879999999999995,221.0,80.0,8.998018115119432,301,141.0,112.0,0.47
07:41:12,144.0,89.0,187.82,22.0,135.7,37.0,189.0,44.0,165.91,43.81999999999999,126.0,66.0,3.836838542344624,192,60.0,-109.0,0.31
07:41:13,144.0,84.0,186.05,42.0,143.0,12.0,187.4,30.0,165.02,42.05000000000001,96.0,72.0,1.9317272064197635,168,24.0,-24.0,0.14
07:41:14,144.0,63.0,184.0,32.0,143.0,9.0,185.0,22.0,164.0,40.0,72.0,54.0,1.7760686923712512,126,18.0,-42.0,0.14
07:41:15,144.0,38.0,182.83,12.0,143.0,6.0,184.0,24.0,163.42,38.83000000000001,44.0,36.0,0.9674295840113324,80,8.0,-46.0,0.1
07:41:16,144.0,46.0,179.81,32.0,143.0,10.0,181.43,28.0,161.91,35.81,56.0,60.0,1.531296836024867,116,-4.0,36.0,-0.03
07:41:17,146.29,24.0,177.68,22.0,146.11,18.0,178.25,32.0,161.99,31.390000000000015,42.0,54.0,1.332842826449925,96,-12.0,-20.0,-0.12
07:41:18,153.97,35.0,172.31,13.0,151.5,32.0,177.65,34.0,163.14,18.340000000000003,67.0,47.0,0.9145873386498761,114,20.0,18.0,0.18
07:41:19,153.64,94.0,165.75,32.0,152.51,98.0,166.36,36.0,159.69,12.110000000000014,192.0,68.0,1.4710370491656077,260,124.0,146.0,0.48
07:41:20,153.0,80.0,162.0,31.0,151.0,33.0,162.48,27.0,157.5,9.0,113.0,58.0,2.249184296587719,171,55.0,-89.0,0.32
07:41:21,153.0,44.0,157.73,22.0,152.0,55.0,159.18,17.0,155.36,4.72999999999999,99.0,39.0,3.1866487098542167,138,60.0,-33.0,0.43
07:41:22,153.0,28.0,155.14,14.0,152.0,35.0,157.0,28.0,154.07,2.1399999999999864,63.0,42.0,3.6030778509510544,105,21.0,-33.0,0.2
07:41:23,153.0,40.0,154.6,20.0,152.0,50.0,157.0,40.0,153.8,1.5999999999999943,90.0,60.0,2.4902469757059005,150,30.0,45.0,0.2
07:41:24,153.0,26.0,156.27,30.0,152.0,67.0,157.04,46.0,154.63,3.2700000000000102,93.0,76.0,1.4828587255741763,169,17.0,19.0,0.1
07:41:25,153.0,20.0,155.95,19.0,152.0,60.0,156.95,38.0,154.47,2.9499999999999886,80.0,57.0,0.5971850634526278,137,23.0,-32.0,0.17
07:41:26,152.16,49.0,153.86,14.0,151.53,45.0,169.86,14.0,153.01,1.700000000000017,94.0,28.0,0.6408431945573697,122,66.0,-15.0,0.54
07:41:27,152.75,40.0,154.25,12.0,151.89,56.0,206.91,45.0,153.5,1.5,96.0,57.0,0.6742180656214998,153,39.0,31.0,0.25
07:41:28,152.62,16.0,175.33,18.0,151.53,38.0,205.52,29.0,163.98,22.710000000000008,54.0,47.0,4.556717019962076,101,7.0,-52.0,0.07
07:41:29,151.05,58.0,170.9,20.0,150.1,20.0,206.05,37.0,160.98,19.849999999999994,78.0,57.0,4.973808400010307,135,21.0,34.0,0.16
07:41:30,151.0,25.0,170.0,10.0,149.0,5.0,207.0,20.0,160.5,19.0,30.0,30.0,4.880182373642817,60,0.0,-75.0,0.0
07:41:31,151.0,55.0,169.55,22.0,149.0,11.0,181.55,44.0,160.27,18.55000000000001,66.0,66.0,3.848867365864292,132,0.0,72.0,0.0
07:41:32,151.0,55.0,169.0,22.0,149.0,11.0,255.95,42.0,160.0,18.0,66.0,64.0,1.6245861011396538,130,2.0,-2.0,0.02
07:41:33,151.0,50.0,165.0,25.0,145.07,55.0,329.39,36.0,158.0,14.0,105.0,61.0,1.1479111463938294,166,44.0,36.0,0.27
07:41:34,151.78,46.0,157.92,61.0,150.0,72.0,158.95,37.0,154.85,6.139999999999986,118.0,98.0,2.3824630112583542,216,20.0,50.0,0.09
07:41:35,151.79,38.0,155.83,36.0,150.61,62.0,156.77,44.0,153.81,4.0400000000000205,100.0,80.0,2.947308942071251,180,20.0,-36.0,0.11
07:41:36,150.68,57.0,258.67,36.0,148.38,71.0,311.0,50.0,204.68,107.99000000000001,128.0,86.0,21.614242295301967,214,42.0,34.0,0.2
07:41:37,149.0,117.0,274.38,26.0,145.0,91.0,427.56,32.0,211.69,125.38,208.0,58.0,28.97499318377881,266,150.0,52.0,0.56
07:41:38,149.08,53.0,165.75,24.0,146.07,67.0,171.3,27.0,157.41,16.669999999999987,120.0,51.0,29.070751968258893,171,69.0,-95.0,0.4
07:41:39,146.29,31.0,192.33,42.0,144.89,79.0,245.75,48.0,169.31,46.04000000000002,110.0,90.0,27.027471209864057,200,20.0,29.0,0.1
07:41:40,145.08,49.0,260.0,8.0,144.25,28.0,262.12,16.0,202.54,114.91999999999999,77.0,24.0,24.132835100750974,101,53.0,-99.0,0.52
07:41:41,145.0,70.0,230.2,30.0,143.53,38.0,402.38,37.0,187.6,85.19999999999999,108.0,67.0,22.536810998897682,175,41.0,74.0,0.23
07:41:42,146.77,56.0,162.17,18.0,139.92,12.0,179.74,34.0,154.47,15.399999999999977,68.0,52.0,20.480374264159018,120,16.0,-55.0,0.13
07:41:43,148.0,108.0,160.21,14.0,145.0,28.0,161.03,34.0,154.11,12.210000000000008,136.0,48.0,21.199908726219235,184,88.0,64.0,0.48
07:41:44,148.0,90.0,157.27,26.0,145.0,50.0,159.92,26.0,152.63,9.27000000000001,140.0,52.0,23.257455793788452,192,88.0,8.0,0.46
07:41:45,148.06,51.0,155.67,15.0,145.98,55.0,156.98,51.0,151.86,7.609999999999985,106.0,66.0,15.390904131987062,172,40.0,-20.0,0.23
07:41:46,149.0,10.0,153.14,22.0,148.0,60.0,154.92,38.0,151.07,4.139999999999986,70.0,60.0,1.4496965199693366,130,10.0,-42.0,0.08
07:41:47,149.09,86.0,152.0,70.0,148.32,88.0,153.0,14.0,150.55,2.9099999999999966,174.0,84.0,1.3987780381499595,258,90.0,128.0,0.35
07:41:48,149.0,67.0,151.33,36.0,148.0,48.0,196.2,10.0,150.17,2.3300000000000125,115.0,46.0,0.9956304535369046,161,69.0,-97.0,0.43
07:41:49,150.88,48.0,246.39,18.0,149.0,32.0,411.0,30.0,198.63,95.50999999999999,80.0,48.0,21.349315679899817,128,32.0,-33.0,0.25
07:41:50,153.77,13.0,226.22,45.0,150.38,26.0,378.62,39.0,190.0,72.44999999999999,39.0,84.0,24.141240233261033,123,-45.0,-5.0,-0.37
07:41:51,155.0,5.0,183.0,25.0,151.0,10.0,297.0,15.0,169.0,28.0,15.0,40.0,22.238838773641564,55,-25.0,-68.0,-0.45
07:41:52,155.0,13.0,267.69,39.0,151.0,26.0,515.14,43.0,211.35,112.69,39.0,82.0,24.3278842072226,121,-43.0,66.0,-0.36
07:41:53,155.0,7.0,170.0,21.0,149.15,26.0,464.6,25.0,162.5,15.0,33.0,46.0,20.365113061312282,79,-13.0,-42.0,-0.16
07:41:54,152.6,15.0,170.0,33.0,147.72,53.0,344.33,36.0,161.3,17.400000000000006,68.0,69.0,21.52276701541945,137,-1.0,58.0,-0.01
07:41:55,149.88,102.0,319.89,47.0,146.94,62.0,422.3,43.0,234.89,170.01,164.0,90.0,33.4209899614005,254,74.0,117.0,0.29
07:41:56,151.0,93.0,325.0,48.0,149.5,54.0,361.0,36.0,238.0,174.0,147.0,84.0,37.68668956010917,231,63.0,-23.0,0.27
07:41:57,151.38,26.0,293.75,32.0,150.8,60.0,361.0,24.0,222.57,142.37,86.0,56.0,38.73134221789948,142,30.0,-89.0,0.21
07:41:58,152.54,13.0,211.19,47.0,151.25,60.0,282.77,40.0,181.86,58.650000000000006,73.0,87.0,34.275230560859036,160,-14.0,18.0,-0.09
07:41:59,152.0,16.0,174.71,17.0,151.0,72.0,182.56,25.0,163.35,22.710000000000008,88.0,42.0,33.586415855224054,130,46.0,-30.0,0.35
07:42:00,151.65,34.0,166.0,13.0,150.89,105.0,167.63,43.0,158.82,14.349999999999994,139.0,56.0,35.604941370546264,195,83.0,65.0,0.43
07:42:01,151.0,28.0,165.38,13.0,149.0,39.0,176.0,13.0,158.19,14.379999999999995,67.0,26.0,27.25292039396929,93,41.0,-102.0,0.44
07:42:02,151.13,46.0,162.94,17.0,148.76,45.0,169.88,17.0,157.04,11.810000000000002,91.0,34.0,10.347979029743863,125,57.0,32.0,0.46
07:42:03,150.72,53.0,159.22,18.0,149.78,32.0,159.9,30.0,154.97,8.5,85.0,48.0,3.0947584719998518,133,37.0,8.0,0.28
07:42:04,148.29,62.0,156.1,21.0,145.0,47.0,157.26,23.0,152.19,7.810000000000002,109.0,44.0,2.697882503003673,153,65.0,20.0,0.42
07:42:05,151.0,40.0,155.14,14.0,145.0,56.0,242.53,17.0,153.07,4.139999999999986,96.0,31.0,2.545450844155638,127,65.0,-26.0,0.51
07:42:06,154.77,87.0,204.83,36.0,150.08,62.0,378.04,46.0,179.8,50.06,149.0,82.0,11.547797625522165,231,67.0,104.0,0.29
07:42:07,155.0,22.0,200.0,52.0,150.0,65.0,314.02,51.0,177.5,45.0,87.0,103.0,13.884809325302875,190,-16.0,-41.0,-0.08
07:42:08,155.0,8.0,197.12,32.0,150.0,40.0,423.84,37.0,176.06,42.120000000000005,48.0,69.0,13.8467841031779,117,-21.0,-73.0,-0.18
07:42:09,155.0,8.0,191.25,32.0,150.0,40.0,322.0,34.0,173.12,36.25,48.0,66.0,10.806622969273178,114,-18.0,-3.0,-0.16
07:42:10,155.0,8.0,197.0,32.0,150.12,32.0,396.48,31.0,176.0,42.0,40.0,63.0,2.4371048397689417,103,-23.0,-11.0,-0.22
07:42:11,155.0,12.0,196.0,48.0,152.08,12.0,338.5,48.0,175.5,41.0,24.0,96.0,1.5918165723552176,120,-72.0,17.0,-0.6
07:42:12,155.0,6.0,193.5,24.0,153.0,6.0,376.33,24.0,174.25,38.5,12.0,48.0,1.271762556464206,60,-36.0,-60.0,-0.6
07:42:13,155.0,13.0,192.77,52.0,153.0,13.0,401.49,57.0,173.88,37.77000000000001,26.0,109.0,1.1820321484731906,135,-83.0,75.0,-0.61
07:42:14,151.05,19.0,191.9,30.0,145.94,34.0,210.22,36.0,171.48,40.849999999999994,53.0,66.0,1.7628726556458894,119,-13.0,-16.0,-0.11
07:42:15,150.0,33.0,187.33,15.0,145.44,54.0,191.75,32.0,168.67,37.33000000000001,87.0,47.0,2.7087137168817224,134,40.0,15.0,0.3
07:42:16,149.26,70.0,188.21,14.0,146.17,41.0,192.0,56.0,168.74,38.95000000000002,111.0,70.0,2.6836411831730413,181,41.0,47.0,0.23
07:42:17,151.0,36.0,186.48,21.0,149.0,48.0,189.78,9.0,168.74,35.47999999999999,84.0,30.0,2.330926854283882,114,54.0,-67.0,0.47
07:42:18,151.0,54.0,184.81,21.0,149.0,72.0,185.42,24.0,167.9,33.81,126.0,45.0,1.373710304256712,171,81.0,57.0,0.47
07:42:19,151.0,78.0,181.04,25.0,149.0,104.0,184.45,40.0,166.02,30.039999999999992,182.0,65.0,1.1697777566787726,247,117.0,76.0,0.47
07:42:20,151.0,42.0,174.43,28.0,149.0,56.0,179.16,19.0,162.71,23.430000000000007,98.0,47.0,2.5530021543311814,145,51.0,-102.0,0.35
07:42:21,151.0,33.0,170.75,32.0,149.0,80.0,175.8,40.0,160.88,19.75,113.0,72.0,3.3668976818458063,185,41.0,40.0,0.22
07:42:22,151.29,42.0,165.53,32.0,149.17,105.0,166.32,37.0,158.41,14.240000000000009,147.0,69.0,3.8277839541982175,216,78.0,31.0,0.36
07:42:23,153.0,16.0,162.5,16.0,151.0,24.0,163.69,26.0,157.75,9.5,40.0,42.0,3.3649264479355305,82,-2.0,-134.0,-0.02
07:42:24,152.18,39.0,156.43,37.0,150.14,65.0,157.24,58.0,154.31,4.25,104.0,95.0,3.2026738828695023,199,9.0,117.0,0.05
07:42:25,149.0,78.0,151.36,14.0,145.0,48.0,153.09,22.0,150.18,2.3600000000000136,126.0,36.0,4.151665930685256,162,90.0,-37.0,0.56
07:42:26,148.06,34.0,149.92,13.0,144.92,48.0,153.0,26.0,148.99,1.8599999999999852,82.0,39.0,4.2799906541966894,121,43.0,-41.0,0.36
07:42:27,145.0,52.0,148.44,16.0,144.0,26.0,152.0,21.0,146.72,3.4399999999999977,78.0,37.0,4.41047049644472,115,41.0,-6.0,0.36
07:42:28,144.56,36.0,146.14,14.0,132.61,69.0,147.92,13.0,145.35,1.579999999999984,105.0,27.0,3.4658692993255773,132,78.0,17.0,0.59
07:42:29,141.94,31.0,190.0,22.0,133.74,86.0,322.32,22.0,165.97,48.06,117.0,44.0,8.337827654731736,161,73.0,29.0,0.45
07:42:30,146.52,25.0,205.57,23.0,143.02,47.0,584.27,59.0,176.04,59.04999999999998,72.0,82.0,13.672952497541019,154,-10.0,-7.0,-0.06
07:42:31,152.95,38.0,208.5,20.0,151.75,16.0,388.75,60.0,180.72,55.55000000000001,54.0,80.0,16.350946455787142,134,-26.0,-20.0,-0.19
07:42:32,153.0,24.0,208.0,8.0,152.0,8.0,336.0,40.0,180.5,55.0,32.0,48.0,14.875400162685482,80,-16.0,-54.0,-0.2
07:42:33,153.86,14.0,311.04,46.0,152.82,22.0,420.28,32.0,232.45,157.18,36.0,78.0,26.027297785210752,114,-42.0,34.0,-0.37
07:42:34,153.0,9.0,214.0,13.0,152.0,9.0,361.58,31.0,183.5,61.0,18.0,44.0,23.523614093077605,62,-26.0,-52.0,-0.42
07:42:35,153.0,10.0,256.56,18.0,152.0,10.0,407.61,33.0,204.78,103.56,20.0,51.0,22.554981711365755,71,-31.0,9.0,-0.44
07:42:36,153.0,14.0,234.5,56.0,152.0,14.0,425.22,54.0,193.75,81.5,28.0,110.0,20.990315147706706,138,-82.0,67.0,-0.59
07:42:37,153.0,8.0,379.37,38.0,152.0,8.0,429.83,12.0,266.18,226.37,16.0,50.0,33.413128707142334,66,-34.0,-72.0,-0.52
07:42:38,153.0,50.0,274.52,64.0,152.0,14.0,357.2,55.0,213.76,121.51999999999998,64.0,119.0,32.1528953595171,183,-55.0,117.0,-0.3
07:42:39,153.0,11.0,184.62,32.0,152.0,8.0,346.0,32.0,168.81,31.620000000000005,19.0,64.0,35.905352386518274,83,-45.0,-100.0,-0.54
07:42:40,153.0,8.0,179.38,26.0,152.0,8.0,282.62,26.0,166.19,26.379999999999995,16.0,52.0,40.95430832037147,68,-36.0,-15.0,-0.53
07:42:41,151.0,9.0,170.68,40.0,149.0,18.0,171.38,32.0,160.84,19.680000000000007,27.0,72.0,45.00346131132629,99,-45.0,31.0,-0.45
07:42:42,151.0,12.0,166.54,57.0,149.0,24.0,167.82,51.0,158.77,15.539999999999992,36.0,108.0,22.767284203435977,144,-72.0,45.0,-0.5
07:42:43,146.31,32.0,163.95,62.0,145.24,59.0,165.56,55.0,155.13,17.639999999999986,91.0,117.0,5.542880117774227,208,-26.0,64.0,-0.12
07:42:44,145.0,15.0,159.1,69.0,144.0,45.0,160.03,66.0,152.05,14.099999999999994,60.0,135.0,5.422128733257281,195,-75.0,-13.0,-0.38
07:42:45,150.2,41.0,152.91,44.0,111.14,21.0,153.91,44.0,151.55,2.710000000000008,62.0,88.0,4.083787457742133,150,-26.0,-45.0,-0.17
07:42:58,140.47,57.0,244.38,37.0,90.33,54.0,390.48,46.0,192.43,103.91,111.0,83.0,38.628650895416854,194,28.0,105.0,0.14
07:42:59,155.0,8.0,287.88,17.0,47.75,12.0,506.55,11.0,221.44,132.88,20.0,28.0,56.729269958285236,48,-8.0,-146.0,-0.17
07:43:07,148.75,48.0,279.57,21.0,139.4,40.0,389.92,24.0,214.16,130.82,88.0,45.0,33.9833360634298,133,43.0,-6.0,0.32
07:43:08,153.0,80.0,244.42,26.0,145.06,17.0,325.12,32.0,198.71,91.41999999999999,97.0,58.0,37.433152017964204,155,39.0,22.0,0.25
07:43:09,153.0,70.0,296.6,30.0,151.14,28.0,492.38,21.0,224.8,143.60000000000002,98.0,51.0,41.14566113212947,149,47.0,-6.0,0.32
07:43:10,155.0,44.0,394.0,22.0,153.0,77.0,571.27,22.0,274.5,239.0,121.0,44.0,48.50735408162404,165,77.0,16.0,0.47
07:43:11,155.0,44.0,258.73,22.0,153.0,77.0,429.6,20.0,206.86,103.73000000000002,121.0,42.0,29.92027372869535,163,79.0,-2.0,0.48
07:43:12,155.0,32.0,336.69,13.0,153.0,56.0,373.75,16.0,245.85,181.69,88.0,29.0,30.712100709656138,117,59.0,-46.0,0.5
07:43:13,155.0,44.0,214.0,35.0,153.0,77.0,240.04,27.0,184.5,59.0,121.0,62.0,34.74127976917458,183,59.0,66.0,0.32
07:43:14,153.81,59.0,174.17,18.0,152.68,62.0,210.33,30.0,163.99,20.359999999999985,121.0,48.0,44.973337100998535,169,73.0,-14.0,0.43
07:43:15,153.0,63.0,155.71,14.0,152.0,36.0,196.0,13.0,154.36,2.710000000000008,99.0,27.0,36.65473734730662,126,72.0,-43.0,0.57
07:43:16,153.0,42.0,155.0,6.0,152.0,24.0,301.61,18.0,154.0,2.0,66.0,24.0,38.55108364235729,90,42.0,-36.0,0.47
07:43:17,153.0,49.0,154.14,7.0,152.0,28.0,252.0,14.0,153.57,1.1399999999999864,77.0,21.0,13.262817573955234,98,56.0,8.0,0.57
07:43:18,152.36,66.0,154.0,16.0,151.5,64.0,250.73,33.0,153.18,1.6399999999999864,130.0,49.0,4.588708968763584,179,81.0,81.0,0.45
07:43:19,151.0,75.0,152.93,15.0,149.0,30.0,314.87,30.0,151.97,1.9300000000000068,105.0,45.0,0.9222960479203822,150,60.0,-29.0,0.4
07:43:22,153.0,90.0,181.42,24.0,152.0,12.0,294.34,29.0,167.21,28.419999999999987,102.0,53.0,108.12186235909955,155,49.0,-46.0,0.32
07:43:23,153.0,74.0,180.18,22.0,152.0,11.0,194.21,28.0,166.59,27.180000000000007,85.0,50.0,105.685567037321,135,35.0,-20.0,0.26
07:43:24,153.0,38.0,178.45,22.0,152.0,11.0,382.73,33.0,165.73,25.44999999999999,49.0,55.0,103.00064019218556,104,-6.0,-31.0,-0.06
07:43:25,150.85,106.0,176.07,30.0,149.1,60.0,410.53,45.0,163.46,25.22,166.0,75.0,81.69257603968698,241,91.0,137.0,0.38
07:43:26,151.09,86.0,175.27,22.0,149.54,74.0,305.52,42.0,163.18,24.180000000000007,160.0,64.0,1.8272465624577239,224,96.0,-17.0,0.43
07:43:27,151.0,46.0,173.5,24.0,149.0,72.0,266.24,46.0,162.25,22.5,118.0,70.0,1.8326674548353792,188,48.0,-36.0,0.26
07:43:28,151.0,27.0,171.44,18.0,149.0,54.0,291.06,35.0,161.22,20.439999999999998,81.0,53.0,1.6797827240485401,134,28.0,-54.0,0.21
07:43:29,151.0,24.0,170.0,12.0,149.0,36.0,249.0,24.0,160.5,19.0,60.0,36.0,1.2619904912522792,96,24.0,-38.0,0.25
07:43:30,151.0,55.0,236.63,46.0,149.0,66.0,322.17,46.0,193.82,85.63,121.0,92.0,14.361385030700054,213,29.0,117.0,0.14
07:43:31,151.23,52.0,246.59,44.0,149.77,78.0,258.2,45.0,198.91,95.36000000000001,130.0,89.0,19.28732355719738,219,41.0,6.0,0.19
07:43:32,153.0,22.0,237.11,37.0,151.0,55.0,243.53,40.0,195.05,84.11000000000001,77.0,77.0,19.300073834056338,154,0.0,-65.0,0.0
07:43:33,153.0,34.0,223.34,35.0,151.0,85.0,226.37,49.0,188.17,70.34,119.0,84.0,15.462546685460007,203,35.0,49.0,0.17
07:43:34,154.64,33.0,219.47,32.0,152.09,33.0,220.07,40.0,187.05,64.83000000000001,66.0,72.0,4.943035504630129,138,-6.0,-65.0,-0.04
07:43:35,155.0,26.0,216.89,45.0,153.0,26.0,217.48,33.0,185.94,61.889999999999986,52.0,78.0,5.660890389332135,130,-26.0,-8.0,-0.2
07:43:36,155.0,34.0,212.81,59.0,153.0,34.0,213.37,27.0,183.91,57.81,68.0,86.0,4.230919521809746,154,-18.0,24.0,-0.12
07:43:37,154.0,32.0,207.98,66.0,151.57,56.0,208.33,48.0,180.99,53.97999999999999,88.0,114.0,2.836303932943141,202,-26.0,48.0,-0.13
07:43:38,153.0,34.0,203.2,69.0,151.0,85.0,205.79,67.0,178.1,50.19999999999999,119.0,136.0,3.6649788539672716,255,-17.0,53.0,-0.07
07:43:39,153.0,28.0,199.83,64.0,151.0,94.0,203.26,42.0,176.41,46.83000000000001,122.0,106.0,3.947321876921819,228,16.0,-27.0,0.07
07:43:40,153.0,24.0,195.42,36.0,151.0,96.0,198.0,12.0,174.21,42.41999999999999,120.0,48.0,3.812791628193663,168,72.0,-60.0,0.43
07:43:41,153.0,24.0,194.2,20.0,152.0,36.0,195.43,28.0,173.6,41.19999999999999,60.0,48.0,3.0104434889268537,108,12.0,-60.0,0.11
07:43:42,153.0,34.0,190.07,30.0,152.0,51.0,192.13,39.0,171.53,37.06999999999999,85.0,69.0,2.5474791461404767,154,16.0,46.0,0.1
07:43:43,151.24,102.0,185.17,64.0,149.31,174.0,186.7,43.0,168.2,33.92999999999998,276.0,107.0,3.099701598544477,383,169.0,177.5,0.44
07:43:44,151.0,72.0,180.61,36.0,149.0,182.0,181.3,60.0,165.81,29.610000000000014,254.0,96.0,3.590842519523476,350,158.0,-33.0,0.45
07:43:45,149.07,114.0,174.92,37.0,145.67,156.0,176.0,21.0,161.99,25.849999999999994,270.0,58.0,4.596784745886625,328,212.0,-22.0,0.65
07:43:46,149.84,171.0,167.76,55.0,146.44,183.0,168.84,50.0,158.8,17.919999999999987,354.0,105.0,5.017053916394949,459,249.0,131.0,0.54
07:43:47,151.0,156.0,163.67,39.0,149.0,143.0,164.86,42.0,157.33,12.669999999999987,299.0,81.0,4.585240451711555,380,218.0,-79.0,0.57
07:43:48,151.0,168.0,154.46,48.0,149.0,154.0,155.46,39.0,152.73,3.460000000000008,322.0,87.0,4.9220646074599665,409,235.0,29.0,0.57
07:43:49,151.0,88.0,152.67,45.0,149.0,132.0,192.94,32.0,151.83,1.6699999999999875,220.0,77.0,4.2465962840854266,297,143.0,-112.0,0.48
07:43:50,150.55,31.0,268.79,28.0,148.69,167.0,406.75,52.0,209.67,118.24000000000001,198.0,80.0,24.550629727157997,278,118.0,-19.0,0.42
07:43:51,149.11,55.0,215.0,27.0,145.53,105.0,394.67,36.0,182.05,65.88999999999999,160.0,63.0,25.026164708161275,223,97.0,-55.0,0.43
07:43:52,150.94,54.0,185.79,42.0,148.5,120.0,193.72,46.0,168.37,34.849999999999994,174.0,88.0,24.01585726140165,262,86.0,39.0,0.33
07:43:53,153.0,18.0,172.88,24.0,152.0,64.0,286.2,25.0,162.94,19.879999999999995,82.0,49.0,22.237113571685054,131,33.0,-131.0,0.25
07:43:54,153.0,30.0,170.93,45.0,152.0,120.0,187.0,60.0,161.97,17.930000000000007,150.0,105.0,19.94299877149926,255,45.0,124.0,0.18
07:43:55,153.0,20.0,163.5,24.0,152.0,80.0,226.71,34.0,158.25,10.5,100.0,58.0,9.304879365151105,158,42.0,-97.0,0.27
07:43:56,152.1,50.0,169.5,36.0,151.57,42.0,598.86,42.0,160.8,17.400000000000006,92.0,78.0,3.7375834438861766,170,14.0,12.0,0.08
07:43:57,152.0,60.0,167.17,36.0,151.0,24.0,420.43,40.0,159.58,15.169999999999987,84.0,76.0,1.8639393766995103,160,8.0,-10.0,0.05
07:43:58,151.27,74.0,167.0,30.0,149.54,82.0,230.27,30.0,159.14,15.72999999999999,156.0,60.0,1.4565266904559426,216,96.0,56.0,0.44
07:43:59,151.0,117.0,167.0,39.0,149.0,130.0,225.92,50.0,159.0,16.0,247.0,89.0,0.939670154900221,336,158.0,120.0,0.47
07:44:00,151.0,99.0,166.82,33.0,149.0,89.0,282.12,43.0,158.91,15.819999999999993,188.0,76.0,0.7783187007969714,264,112.0,-72.0,0.42
07:44:01,151.0,81.0,165.22,27.0,149.0,30.0,260.78,27.0,158.11,14.219999999999999,111.0,54.0,0.5344810567362882,165,57.0,-99.0,0.35
07:44:02,151.4,100.0,162.5,36.0,149.62,58.0,163.83,36.0,156.95,11.099999999999994,158.0,72.0,0.9154070133058888,230,86.0,65.0,0.37
07:44:03,155.0,70.0,160.5,42.0,152.0,98.0,161.5,42.0,157.75,5.5,168.0,84.0,0.8516924327534136,252,84.0,22.0,0.33
07:44:04,155.0,40.0,159.0,24.0,152.59,68.0,160.5,24.0,157.0,4.0,108.0,48.0,0.8181564642592272,156,60.0,-96.0,0.38
07:44:05,155.0,45.0,157.22,27.0,153.0,90.0,158.33,27.0,156.11,2.219999999999999,135.0,54.0,0.7778046027176693,189,81.0,33.0,0.43
07:44:06,153.73,44.0,155.89,27.0,152.64,78.0,328.06,32.0,154.81,2.1599999999999966,122.0,59.0,1.1203035303025495,181,63.0,-8.0,0.35
07:44:07,153.0,89.0,210.07,41.0,152.0,138.0,384.24,21.0,181.54,57.06999999999999,227.0,62.0,11.28832892858865,289,165.0,108.0,0.57
07:44:09,152.12,164.0,254.77,62.0,151.45,132.0,392.76,42.0,203.45,102.65,296.0,104.0,61.06442925304416,400,192.0,105.0,0.48
07:44:10,152.37,57.0,175.23,13.0,151.82,102.0,225.2,40.0,163.8,22.859999999999985,159.0,53.0,59.773127155938866,212,106.0,-178.5,0.5
07:44:11,152.26,68.0,173.18,11.0,151.71,102.0,331.53,38.0,162.72,20.920000000000016,170.0,49.0,58.3219398682866,219,121.0,7.0,0.55
07:44:12,152.0,140.0,172.07,14.0,151.0,84.0,380.41,27.0,162.04,20.069999999999993,224.0,41.0,60.70948583211717,265,183.0,46.0,0.69
07:44:13,152.0,54.0,171.0,5.0,151.0,30.0,341.4,10.0,161.5,19.0,84.0,15.0,18.32681423488586,99,69.0,-166.0,0.7
07:44:14,155.0,18.0,171.0,9.0,152.69,35.0,466.43,14.0,163.0,16.0,53.0,23.0,0.8856184279978291,76,30.0,-23.0,0.39
07:44:15,154.4,20.0,165.93,15.0,152.47,45.0,191.8,15.0,160.17,11.530000000000001,65.0,30.0,1.1240462623970682,95,35.0,19.0,0.37
07:44:16,153.0,20.0,162.25,12.0,152.0,80.0,164.06,18.0,157.62,9.25,100.0,30.0,2.0829738356513423,130,70.0,35.0,0.54
07:44:17,153.0,22.0,157.76,17.0,152.0,88.0,159.0,27.0,155.38,4.759999999999991,110.0,44.0,3.049668834481391,154,66.0,24.0,0.43
07:44:18,151.53,47.0,153.54,52.0,150.22,79.0,185.29,41.0,152.54,2.009999999999991,126.0,93.0,4.068060963162397,219,33.0,65.0,0.15
07:44:19,149.0,22.0,384.5,44.0,145.0,66.0,418.79,19.0,266.75,235.5,88.0,63.0,49.41781429808507,151,25.0,-68.0,0.17
07:44:20,149.0,27.0,342.88,40.0,145.0,78.0,350.31,39.0,245.94,193.88,105.0,79.0,55.92566477030052,184,26.0,33.0,0.14
07:44:21,149.0,24.0,343.85,20.0,145.0,48.0,345.32,28.0,246.43,194.85000000000002,72.0,48.0,54.92338909790659,120,24.0,-64.0,0.2
07:44:22,145.0,25.0,342.45,38.0,144.0,10.0,342.64,22.0,243.72,197.45,35.0,60.0,44.88065318152195,95,-25.0,-25.0,-0.26
07:44:23,150.05,61.0,340.79,14.0,145.43,49.0,342.0,70.0,245.42,190.74,110.0,84.0,9.612495513656594,194,26.0,99.0,0.13
07:44:24,152.09,22.0,242.0,14.0,150.85,13.0,339.0,7.0,197.05,89.91,35.0,21.0,21.63683826255718,56,14.0,-138.0,0.25
07:44:25,152.0,16.0,240.17,12.0,149.0,4.0,241.67,6.0,196.08,88.16999999999999,20.0,18.0,26.65281692429623,38,2.0,-18.0,0.05
07:44:26,152.0,40.0,214.88,32.0,149.0,10.0,240.12,34.0,183.44,62.879999999999995,50.0,66.0,29.193991162567045,116,-16.0,78.0,-0.14
07:44:27,147.47,55.0,193.52,27.0,145.17,58.0,242.59,32.0,170.5,46.05000000000001,113.0,59.0,28.37361838046096,172,54.0,56.0,0.31
07:44:28,145.0,50.0,190.07,15.0,144.0,10.0,201.28,18.0,167.53,45.06999999999999,60.0,33.0,13.822277308751302,93,27.0,-79.0,0.29
07:44:29,145.13,52.0,167.0,36.0,144.36,14.0,191.65,31.0,156.07,21.870000000000005,66.0,67.0,15.407911279599677,133,-1.0,40.0,-0.01
07:44:30,146.88,80.0,168.6,53.0,146.89,85.0,181.0,52.0,157.74,21.72,165.0,105.0,11.045375955575665,270,60.0,137.0,0.22
07:44:31,152.18,45.0,165.91,33.0,150.53,68.0,167.28,29.0,159.04,13.72999999999999,113.0,62.0,6.417751163764878,175,51.0,-95.0,0.29
07:44:32,152.0,32.0,163.25,16.0,151.0,40.0,165.0,24.0,157.62,11.25,72.0,40.0,4.5562978392554125,112,32.0,-63.0,0.29
07:44:33,152.6,15.0,163.0,12.0,151.44,27.0,165.0,18.0,157.8,10.400000000000006,42.0,30.0,1.0559261337812063,72,12.0,-40.0,0.17
07:44:34,154.25,12.0,160.72,46.0,151.71,51.0,162.25,32.0,157.48,6.469999999999999,63.0,78.0,0.6291899554207189,141,-15.0,69.0,-0.11
07:44:35,152.0,28.0,159.72,64.0,151.0,70.0,160.57,46.0,155.86,7.719999999999999,98.0,110.0,1.1344602240722448,208,-12.0,67.0,-0.06
07:44:36,151.29,84.0,155.89,36.0,150.26,57.0,156.65,48.0,153.59,4.599999999999994,141.0,84.0,1.7873164241401933,225,57.0,17.0,0.25
07:44:37,151.0,120.0,154.0,16.0,145.0,16.0,156.0,40.0,152.5,3.0,136.0,56.0,2.343796066214069,192,80.0,-33.0,0.42
07:44:38,151.0,198.0,152.75,52.0,145.63,38.0,155.24,58.0,151.88,1.75,236.0,110.0,2.3526198162898515,346,126.0,154.0,0.36
07:44:39,151.0,48.0,152.67,18.0,145.0,14.0,196.45,29.0,151.83,1.6699999999999875,62.0,47.0,1.6818055773480178,109,15.0,-178.5,0.14
07:44:40,151.0,51.0,429.04,53.0,145.0,21.0,502.39,57.0,290.02,278.04,72.0,110.0,61.527260868659,182,-38.0,73.0,-0.21
07:44:41,151.0,23.0,319.8,50.0,147.22,18.0,501.62,32.0,235.4,168.8,41.0,82.0,63.60307052336411,123,-41.0,-59.0,-0.33
07:44:42,151.0,19.0,171.0,55.0,149.0,55.0,326.65,49.0,161.0,20.0,74.0,104.0,62.23777052562238,178,-30.0,55.0,-0.17
07:44:43,149.44,18.0,252.45,55.0,146.95,41.0,288.09,46.0,200.95,103.00999999999999,59.0,101.0,56.7707754923256,160,-42.0,-18.0,-0.26
07:44:44,146.93,29.0,197.0,70.0,144.43,49.0,428.64,70.0,171.97,50.06999999999999,78.0,140.0,52.34524018475835,218,-62.0,58.0,-0.28
07:44:45,145.3,10.0,353.88,40.0,144.03,29.0,499.0,35.0,249.59,208.57999999999998,39.0,75.0,38.56291573519869,114,-36.0,-104.0,-0.32
07:44:47,150.0,20.0,357.89,35.0,149.0,30.0,471.34,38.0,253.94,207.89,50.0,73.0,54.91341666660397,123,-23.0,-4.0,-0.19
07:44:48,150.6,20.0,228.13,45.0,149.0,30.0,243.91,46.0,189.37,77.53,50.0,91.0,57.084094544803435,141,-41.0,18.0,-0.29
07:44:49,151.33,18.0,190.41,27.0,149.0,27.0,191.94,32.0,170.87,39.079999999999984,45.0,59.0,57.39378755579786,104,-14.0,-37.0,-0.13
07:44:50,149.0,21.0,183.35,20.0,145.6,15.0,188.43,28.0,166.18,34.349999999999994,36.0,48.0,64.10249113724089,84,-12.0,-20.0,-0.14
07:44:51,149.0,39.0,185.09,46.0,145.91,69.0,186.1,40.0,167.04,36.09,108.0,86.0,37.24204411683156,194,22.0,110.0,0.11
07:44:52,151.75,92.0,182.54,57.0,149.37,49.0,183.47,60.0,167.15,30.789999999999992,141.0,117.0,9.80963658858052,258,24.0,64.0,0.09
07:44:53,153.0,32.0,177.8,40.0,152.0,112.0,180.03,40.0,165.4,24.80000000000001,144.0,80.0,2.1032997884311913,224,64.0,-34.0,0.29
07:44:54,152.27,30.0,174.11,36.0,150.95,43.0,178.0,9.0,163.19,21.840000000000003,73.0,45.0,1.618354102171003,118,28.0,-106.0,0.24
07:44:55,152.0,44.0,170.09,44.0,149.0,33.0,172.15,41.0,161.05,18.090000000000003,77.0,85.0,2.624353253663276,162,-8.0,44.0,-0.05
07:44:56,152.0,48.0,165.57,42.0,149.0,38.0,166.64,33.0,158.79,13.569999999999993,86.0,75.0,3.3345884303781728,161,11.0,-1.0,0.07
07:44:57,152.0,52.0,163.5,40.0,149.0,65.0,164.52,46.0,157.75,11.5,117.0,86.0,3.1355509882651744,203,31.0,42.0,0.15
07:44:58,152.0,32.0,160.28,29.0,149.0,40.0,161.27,11.0,156.14,8.280000000000001,72.0,40.0,2.7752261169154235,112,32.0,-91.0,0.29
07:44:59,152.0,40.0,156.03,30.0,149.0,50.0,157.28,18.0,154.02,4.030000000000001,90.0,48.0,2.658787317558177,138,42.0,26.0,0.3
07:45:00,152.0,26.0,154.0,12.0,149.0,60.0,155.0,36.0,153.0,2.0,86.0,48.0,2.4376525593297984,134,38.0,-4.0,0.28
07:45:01,151.29,24.0,153.76,17.0,148.28,61.0,154.72,29.0,152.53,2.469999999999999,85.0,46.0,2.204352512645452,131,39.0,-3.0,0.3
07:45:02,150.8,106.0,152.07,54.0,147.93,82.0,153.44,18.0,151.44,1.2699999999999818,188.0,72.0,1.778139477095507,260,116.0,129.0,0.45
07:45:03,151.1,61.0,152.91,32.0,149.88,80.0,220.68,31.0,152.0,1.8100000000000023,141.0,63.0,0.985758591139304,204,78.0,-56.0,0.38
