Time,Bid1_Price,Bid1_Volume,Ask1_Price,Ask1_Volume,Bid2_Price,Bid2_Volume,Ask2_Price,Ask2_Volume,Mid-Price,Bid_Ask_Spread,Market_Depth_Bid,Market_Depth_Ask,Historical_Volatility,Total_volume,Cumulative_Volume_Difference,Total_Volume_Change_Corrected,Order_imbalance
07:30:09,110.0,6.0,120.43,21.0,87.94,36.0,427.86,21.0,115.21,10.430000000000007,42.0,42.0,189.687813973381,84,0.0,35.0,0.0
07:30:10,110.0,8.0,119.38,32.0,100.94,34.0,120.5,24.0,114.69,9.379999999999995,42.0,56.0,173.40528633810447,98,-14.0,14.0,-0.14
07:30:11,93.42,40.0,118.49,41.0,83.98,121.0,121.33,36.0,105.96,25.069999999999993,161.0,77.0,163.8585929086418,238,84.0,140.0,0.35
07:30:12,87.32,47.0,113.5,24.0,86.29,76.0,115.75,12.0,100.41,26.180000000000007,123.0,36.0,107.22578607779006,159,87.0,-79.0,0.55
07:30:13,90.92,80.0,104.68,38.0,88.27,44.0,107.12,58.0,97.8,13.760000000000005,124.0,96.0,7.992448310748946,220,28.0,61.0,0.13
07:30:15,97.0,154.0,105.78,27.0,95.81,52.0,106.78,23.0,101.39,8.780000000000001,206.0,50.0,3.0116058839087163,256,156.0,157.5,0.61
07:30:16,97.18,176.0,106.0,47.0,96.93,120.0,107.0,24.0,101.59,8.819999999999993,296.0,71.0,1.515344845239395,367,225.0,111.0,0.61
07:30:17,98.0,45.0,105.53,17.0,97.0,63.0,106.14,21.0,101.76,7.530000000000001,108.0,38.0,1.6663943110781474,146,70.0,-158.5,0.48
07:30:20,104.12,24.0,106.0,75.0,99.31,165.0,107.0,30.0,105.06,1.8799999999999955,189.0,105.0,1.554229712749565,294,84.0,-27.0,0.29
07:30:21,104.45,38.0,106.0,83.0,99.0,158.0,107.0,39.0,105.22,1.5499999999999972,196.0,122.0,1.7918147225630146,318,74.0,24.0,0.23
07:30:22,105.0,16.0,106.0,48.0,98.0,296.0,107.0,24.0,105.5,1.0,312.0,72.0,1.7527749427674855,384,240.0,66.0,0.62
07:30:23,98.6,280.0,106.0,58.0,97.24,315.0,107.0,39.0,102.3,7.400000000000006,595.0,97.0,1.4143620469998326,692,498.0,157.5,0.72
07:30:24,99.08,190.0,106.0,40.0,98.71,245.0,107.0,30.0,102.54,6.920000000000002,435.0,70.0,1.5657841485956965,505,365.0,-158.5,0.72
07:30:25,103.56,117.0,106.0,68.0,100.31,185.0,107.0,51.0,104.78,2.4399999999999977,302.0,119.0,1.5285025351609827,421,183.0,-84.0,0.43
07:30:26,104.54,153.0,106.0,44.0,98.0,11.0,107.0,33.0,105.27,1.4599999999999937,164.0,77.0,1.5380572160987878,241,87.0,-158.5,0.36
07:30:27,104.5,42.0,106.43,21.0,82.2,10.0,113.29,21.0,105.46,1.9300000000000068,52.0,42.0,1.528888485139955,94,10.0,-147.0,0.11
07:30:28,99.0,14.0,105.66,47.0,96.64,14.0,108.95,40.0,102.33,6.659999999999997,28.0,87.0,1.5202401126116707,115,-59.0,21.0,-0.51
07:30:30,102.0,40.0,105.12,32.0,99.0,8.0,108.86,28.0,103.56,3.1200000000000045,48.0,60.0,1.4211016853109206,108,-12.0,-68.0,-0.11
07:30:31,102.0,50.0,109.8,30.0,99.0,10.0,215.76,25.0,105.9,7.799999999999997,60.0,55.0,1.5921275074545855,115,5.0,7.0,0.04
07:30:32,102.0,50.0,108.66,32.0,99.0,10.0,152.04,23.0,105.33,6.659999999999997,60.0,55.0,1.563371357033753,115,5.0,0.0,0.04
07:30:33,103.21,119.0,105.38,63.0,100.56,62.0,107.05,66.0,104.3,2.1700000000000017,181.0,129.0,1.2606149293077478,310,52.0,157.5,0.17
07:30:34,104.82,55.0,106.0,42.0,100.41,37.0,107.0,33.0,105.41,1.1800000000000068,92.0,75.0,0.9487623516948818,167,17.0,-143.0,0.1
07:30:35,105.0,18.0,106.0,18.0,99.0,6.0,107.0,18.0,105.5,1.0,24.0,36.0,0.5941969370449718,60,-12.0,-107.0,-0.2
07:30:36,100.22,65.0,106.95,59.0,98.4,20.0,107.56,16.0,103.58,6.730000000000004,85.0,75.0,0.8483100848119188,160,10.0,100.0,0.06
07:30:37,100.0,60.0,107.0,30.0,99.0,9.0,108.0,5.0,103.5,7.0,69.0,35.0,0.962507142827309,104,34.0,-56.0,0.33
07:30:38,102.25,24.0,107.0,48.0,99.86,56.0,108.0,8.0,104.62,4.75,80.0,56.0,0.9600104166068163,136,24.0,32.0,0.18
07:30:39,103.62,29.0,107.0,42.0,99.48,21.0,108.0,8.0,105.31,3.3799999999999955,50.0,50.0,0.9376673183990116,100,0.0,-36.0,0.0
07:30:40,100.89,110.0,107.0,36.0,99.96,54.0,108.0,48.0,103.95,6.109999999999999,164.0,84.0,0.7656827019030639,248,80.0,148.0,0.32
07:30:41,102.68,28.0,107.64,42.0,101.55,49.0,169.15,47.0,105.16,4.959999999999994,77.0,89.0,0.7759316980208963,166,-12.0,-82.0,-0.07
07:30:42,103.0,12.0,108.0,10.0,102.0,42.0,223.85,13.0,105.5,5.0,54.0,23.0,0.6277499502139439,77,31.0,-89.0,0.4
07:30:43,103.0,16.0,107.0,30.0,102.0,56.0,108.0,8.0,105.0,4.0,72.0,38.0,0.6068195777936072,110,34.0,33.0,0.31
07:30:44,103.69,26.0,107.0,52.0,102.0,91.0,108.0,13.0,105.35,3.3100000000000023,117.0,65.0,0.6124295877842699,182,52.0,72.0,0.29
07:30:45,105.33,36.0,107.0,40.0,104.82,44.0,108.0,10.0,106.17,1.6700000000000017,80.0,50.0,0.45180748111737296,130,30.0,-52.0,0.23
07:30:46,106.5,36.0,249.18,39.0,105.1,60.0,444.41,22.0,177.84,142.68,96.0,61.0,32.35198247403077,157,35.0,27.0,0.22
07:30:47,104.11,97.0,181.54,52.0,103.29,34.0,481.3,27.0,142.83,77.42999999999999,131.0,79.0,32.48440656684364,210,52.0,53.0,0.25
07:30:48,111.0,50.0,144.71,38.0,103.21,86.0,148.5,34.0,127.86,33.71000000000001,136.0,72.0,30.054720927002375,208,64.0,-2.0,0.31
07:30:49,111.0,25.0,141.6,25.0,106.0,15.0,150.0,20.0,126.3,30.599999999999994,40.0,45.0,26.679641114527655,85,-5.0,-123.0,-0.06
07:30:50,112.0,10.0,141.0,50.0,111.0,50.0,330.9,31.0,126.5,29.0,60.0,81.0,22.11809395042879,141,-21.0,56.0,-0.15
07:30:51,112.0,10.0,139.8,50.0,111.0,50.0,369.8,40.0,125.9,27.80000000000001,60.0,90.0,7.27777575911724,150,-30.0,9.0,-0.2
07:30:52,116.15,33.0,138.62,65.0,115.05,37.0,388.0,30.0,127.38,22.47,70.0,95.0,0.8076632961788823,165,-25.0,15.0,-0.15
07:30:53,119.0,12.0,134.57,28.0,118.0,61.0,166.28,50.0,126.79,15.569999999999993,73.0,78.0,0.5547792353671351,151,-5.0,-14.0,-0.03
07:30:54,119.0,11.0,130.78,18.0,118.0,88.0,132.02,50.0,124.89,11.780000000000001,99.0,68.0,0.9479293222569665,167,31.0,16.0,0.19
07:30:55,119.0,10.0,126.44,36.0,118.0,80.0,128.41,17.0,122.72,7.439999999999998,90.0,53.0,1.8338838567353675,143,37.0,-24.0,0.26
07:30:56,119.0,4.0,124.38,8.0,118.0,32.0,125.06,16.0,121.69,5.3799999999999955,36.0,24.0,2.478251399675712,60,12.0,-83.0,0.2
07:30:57,118.45,20.0,121.17,36.0,117.95,74.0,122.66,41.0,119.81,2.719999999999999,94.0,77.0,2.726939676632891,171,17.0,111.0,0.1
07:30:58,117.75,24.0,119.0,24.0,113.6,15.0,122.0,48.0,118.38,1.25,39.0,72.0,2.5301719309159183,111,-33.0,-60.0,-0.3
07:30:59,112.46,28.0,119.51,43.0,110.44,77.0,119.22,37.0,115.99,7.050000000000011,105.0,80.0,2.673830585507405,185,25.0,74.0,0.14
07:31:00,109.04,46.0,115.21,28.0,89.71,28.0,117.41,37.0,112.13,6.1699999999999875,74.0,65.0,3.699108000585412,139,9.0,-46.0,0.06
07:31:01,110.9,50.0,114.0,10.0,107.65,31.0,115.0,40.0,112.45,3.0999999999999943,81.0,50.0,3.444288025121464,131,31.0,-8.0,0.24
07:31:02,111.0,55.0,113.55,11.0,108.0,11.0,115.0,44.0,112.27,2.549999999999997,66.0,55.0,2.8168741540926514,121,11.0,-10.0,0.09
07:31:03,111.72,39.0,114.62,21.0,110.0,9.0,126.33,36.0,113.17,2.9000000000000057,48.0,57.0,1.6091364143525069,105,-9.0,-16.0,-0.09
07:31:04,109.77,22.0,144.14,28.0,92.29,17.0,236.21,28.0,126.96,34.36999999999999,39.0,56.0,6.476857262592339,95,-17.0,-10.0,-0.18
07:31:05,98.0,9.0,109.73,33.0,92.8,10.0,167.4,10.0,103.86,11.730000000000004,19.0,43.0,8.314635891005402,62,-24.0,-33.0,-0.39
07:31:06,99.0,7.0,108.0,28.0,88.44,9.0,168.29,7.0,103.5,9.0,16.0,35.0,9.53600388003252,51,-19.0,-11.0,-0.37
07:31:07,117.1,20.0,184.18,11.0,99.82,11.0,328.62,32.0,150.64,67.08000000000001,31.0,43.0,19.786045082329988,74,-12.0,23.0,-0.16
07:31:08,119.0,24.0,329.27,22.0,109.33,12.0,395.14,14.0,224.14,210.26999999999998,36.0,36.0,49.96143112441829,72,0.0,-2.0,0.0
07:31:09,119.0,12.0,307.44,18.0,116.0,6.0,339.0,8.0,213.22,188.44,18.0,26.0,57.822057382974464,44,-8.0,-28.0,-0.18
07:31:18,97.71,14.0,105.0,7.0,92.0,21.0,106.0,21.0,101.36,7.290000000000006,35.0,28.0,2.828024045158712,63,7.0,-57.0,0.11
07:31:19,98.71,14.0,104.57,7.0,80.14,21.0,105.8,15.0,101.64,5.859999999999999,35.0,22.0,1.7484049874087224,57,13.0,-6.0,0.23
07:31:28,103.29,14.0,158.0,12.0,64.0,4.0,495.82,11.0,130.64,54.709999999999994,18.0,23.0,26.076382417812393,41,-5.0,-26.0,-0.12
07:31:29,111.3,33.0,158.0,27.0,64.0,10.0,480.22,18.0,134.65,46.7,43.0,45.0,26.831411069863535,88,-2.0,47.0,-0.02
07:31:35,117.12,16.0,328.75,12.0,113.62,32.0,518.43,14.0,222.94,211.63,48.0,26.0,79.11842452930921,74,22.0,-85.0,0.3
07:31:36,118.0,4.0,199.0,12.0,117.0,28.0,312.5,12.0,158.5,81.0,32.0,24.0,74.8733103315193,56,8.0,-18.0,0.14
07:31:37,118.0,3.0,199.0,9.0,117.0,21.0,310.33,9.0,158.5,81.0,24.0,18.0,61.64180886378981,42,6.0,-14.0,0.14
07:31:38,118.0,5.0,136.6,15.0,117.0,35.0,203.2,15.0,127.3,18.599999999999994,40.0,30.0,35.404831308735204,70,10.0,28.0,0.14
07:31:39,118.0,9.0,120.55,22.0,117.0,63.0,155.67,27.0,119.27,2.549999999999997,72.0,49.0,40.79758105574394,121,23.0,51.0,0.19
07:31:40,118.0,43.0,128.67,24.0,117.0,84.0,145.69,32.0,123.33,10.669999999999987,127.0,56.0,19.48775128125347,183,71.0,62.0,0.39
07:31:41,118.0,48.0,177.0,16.0,117.0,56.0,178.0,24.0,147.5,59.0,104.0,40.0,16.96503610370447,144,64.0,-39.0,0.44
07:31:42,118.0,70.0,171.56,27.0,117.0,70.0,176.69,29.0,144.78,53.56,140.0,56.0,12.864094604751486,196,84.0,52.0,0.43
07:31:43,118.0,59.0,146.0,42.0,117.0,98.0,162.23,39.0,132.0,28.0,157.0,81.0,12.563173564032148,238,76.0,42.0,0.32
07:31:44,117.06,64.0,138.45,33.0,116.12,57.0,143.54,26.0,127.76,21.389999999999986,121.0,59.0,10.600442443596219,180,62.0,-58.0,0.34
07:31:45,117.0,54.0,137.11,27.0,116.0,45.0,142.33,18.0,127.06,20.110000000000014,99.0,45.0,9.656572891041426,144,54.0,-36.0,0.38
07:31:46,117.0,48.0,136.38,24.0,116.0,40.0,139.0,16.0,126.69,19.379999999999995,88.0,40.0,7.637422340030465,128,48.0,-16.0,0.38
07:31:47,117.0,60.0,134.5,36.0,116.0,60.0,136.0,31.0,125.75,17.5,120.0,67.0,2.42952052882798,187,53.0,59.0,0.28
07:31:48,117.0,33.0,133.0,49.0,116.0,55.0,134.0,66.0,125.0,16.0,88.0,115.0,1.088379529390672,203,-27.0,16.0,-0.13
07:31:49,117.0,24.0,133.0,40.0,116.0,40.0,134.0,48.0,125.0,16.0,64.0,88.0,0.9502894295932628,152,-24.0,-51.0,-0.16
07:31:50,116.06,47.0,131.86,42.0,115.09,58.0,133.5,36.0,123.96,15.800000000000011,105.0,78.0,1.0134347536949395,183,27.0,31.0,0.15
07:31:51,116.0,44.0,128.18,33.0,115.0,77.0,129.69,29.0,122.09,12.180000000000007,121.0,62.0,1.4198767552139018,183,59.0,0.0,0.32
07:31:52,115.52,42.0,124.53,45.0,113.8,80.0,126.75,36.0,120.03,9.010000000000005,122.0,81.0,2.1411048549748304,203,41.0,20.0,0.2
07:31:53,116.0,149.0,117.9,30.0,115.0,38.0,123.4,30.0,116.95,1.9000000000000057,187.0,60.0,3.2193524193534353,247,127.0,44.0,0.51
07:31:54,116.42,96.0,120.82,33.0,115.36,28.0,123.87,23.0,118.62,4.3999999999999915,124.0,56.0,2.770965535692719,180,68.0,-67.0,0.38
07:31:55,117.73,88.0,123.0,33.0,116.81,43.0,124.0,22.0,120.36,5.269999999999996,131.0,55.0,1.932938178006961,186,76.0,6.0,0.41
07:31:56,118.0,28.0,123.0,18.0,117.0,30.0,124.0,12.0,120.5,5.0,58.0,30.0,1.5067415173137289,88,28.0,-98.0,0.32
07:31:57,118.0,28.0,123.0,25.0,117.0,35.0,124.0,14.0,120.5,5.0,63.0,39.0,1.5773014930560612,102,24.0,14.0,0.24
07:31:58,118.0,32.0,123.0,32.0,117.0,40.0,124.0,16.0,120.5,5.0,72.0,48.0,0.8273330647308221,120,24.0,18.0,0.2
07:31:59,118.0,56.0,122.15,52.0,117.0,70.0,122.96,50.0,120.08,4.150000000000006,126.0,102.0,0.18253766733719937,228,24.0,108.0,0.11
07:32:00,118.0,52.0,119.77,26.0,117.0,65.0,122.0,55.0,118.88,1.769999999999996,117.0,81.0,0.7015126513448621,198,36.0,-30.0,0.18
07:32:01,117.1,42.0,120.21,28.0,115.18,55.0,121.68,19.0,118.65,3.1099999999999994,97.0,47.0,0.893991051407607,144,50.0,-54.0,0.35
07:32:02,117.91,44.0,121.0,52.0,115.61,49.0,122.08,65.0,119.45,3.0900000000000034,93.0,117.0,0.7818375790385547,210,-24.0,66.0,-0.11
07:32:03,117.0,39.0,121.0,52.0,115.0,39.0,149.43,35.0,119.0,4.0,78.0,87.0,0.5659240231664133,165,-9.0,-45.0,-0.05
07:32:04,117.82,17.0,121.0,44.0,115.74,19.0,122.0,44.0,119.41,3.180000000000007,36.0,88.0,0.3453548899275299,124,-52.0,-41.0,-0.42
07:32:05,119.0,7.0,121.0,28.0,117.0,7.0,122.0,28.0,120.0,2.0,14.0,56.0,0.5091856243030255,70,-42.0,-54.0,-0.6
07:32:06,119.0,11.0,121.0,44.0,117.0,11.0,122.0,44.0,120.0,2.0,22.0,88.0,0.4285673809296151,110,-66.0,40.0,-0.6
07:32:07,119.0,8.0,121.0,32.0,117.0,8.0,122.0,32.0,120.0,2.0,16.0,64.0,0.4589335463843023,80,-48.0,-30.0,-0.6
07:32:08,119.0,16.0,121.0,64.0,117.0,16.0,122.0,64.0,120.0,2.0,32.0,128.0,0.2638560213390572,160,-96.0,80.0,-0.6
07:32:09,119.0,8.0,121.0,32.0,117.0,8.0,122.0,32.0,120.0,2.0,16.0,64.0,0.0,80,-48.0,-80.0,-0.6
07:32:10,119.0,8.0,121.0,32.0,117.0,8.0,122.0,32.0,120.0,2.0,16.0,64.0,0.0,80,-48.0,0.0,-0.6
07:32:11,119.0,12.0,120.21,38.0,117.0,12.0,121.12,67.0,119.61,1.2099999999999937,24.0,105.0,0.17441330223602924,129,-81.0,49.0,-0.63
07:32:12,119.0,10.0,120.0,46.0,117.82,17.0,121.0,40.0,119.5,1.0,27.0,86.0,0.2468197722972594,113,-59.0,-16.0,-0.52
07:32:13,118.0,28.0,119.87,89.0,116.86,56.0,120.68,65.0,118.93,1.8700000000000045,84.0,154.0,0.4412142336743642,238,-70.0,125.0,-0.29
07:32:14,117.07,56.0,118.77,52.0,115.5,80.0,119.79,76.0,117.92,1.7000000000000028,136.0,128.0,0.8076323420943607,264,8.0,26.0,0.03
07:32:15,115.0,75.0,117.4,30.0,113.0,15.0,120.0,60.0,116.2,2.4000000000000057,90.0,90.0,1.4160049434930464,180,0.0,-84.0,0.0
07:32:16,115.0,45.0,116.0,18.0,113.0,9.0,120.0,60.0,115.5,1.0,54.0,78.0,1.7212495461137116,132,-24.0,-48.0,-0.18
07:32:17,116.17,126.0,118.27,33.0,115.31,70.0,120.15,89.0,117.22,2.0999999999999943,196.0,122.0,1.3593307176682976,318,74.0,157.5,0.23
07:32:18,118.0,58.0,119.86,29.0,116.0,81.0,120.54,37.0,118.93,1.8599999999999994,139.0,66.0,1.3593307176682976,205,73.0,-113.0,0.36
07:32:19,118.0,66.0,119.86,66.0,116.0,99.0,120.9,58.0,118.93,1.8599999999999994,165.0,124.0,1.5616113472937594,289,41.0,84.0,0.14
07:32:20,118.0,54.0,119.95,130.0,116.0,144.0,121.3,54.0,118.98,1.9500000000000028,198.0,184.0,1.541904666312637,382,14.0,93.0,0.04
07:32:21,117.67,43.0,120.0,104.0,115.96,113.0,121.43,28.0,118.84,2.3299999999999983,156.0,132.0,0.7619383177113114,288,24.0,-94.0,0.08
07:32:22,116.0,98.0,120.0,112.0,115.0,70.0,121.45,20.0,118.0,4.0,168.0,132.0,0.41452382319566716,300,36.0,12.0,0.12
07:32:23,116.0,105.0,120.0,123.0,115.0,73.0,121.0,15.0,118.0,4.0,178.0,138.0,0.5045790324584755,316,40.0,16.0,0.13
07:32:24,116.0,77.0,119.47,51.0,115.0,42.0,120.04,75.0,117.74,3.469999999999999,119.0,126.0,0.5583189052832656,245,-7.0,-71.0,-0.03
07:32:25,116.0,88.0,117.77,39.0,115.0,78.0,119.29,62.0,116.88,1.769999999999996,166.0,101.0,0.7016551859686176,267,65.0,22.0,0.24
07:32:26,116.0,44.0,117.0,33.0,115.0,66.0,119.0,44.0,116.5,1.0,110.0,77.0,0.691577905948852,187,33.0,-80.0,0.18
07:32:27,115.32,63.0,118.28,67.0,114.25,64.0,119.5,112.0,116.8,2.960000000000008,127.0,179.0,0.6485984890489431,306,-52.0,119.0,-0.17
07:32:28,115.0,47.0,117.11,36.0,112.0,28.0,118.9,104.0,116.06,2.1099999999999994,75.0,140.0,0.6179644002663347,215,-65.0,-91.0,-0.3
07:32:29,112.47,30.0,118.65,34.0,111.41,88.0,119.95,38.0,115.56,6.180000000000007,118.0,72.0,0.5508175741536364,190,46.0,-25.0,0.24
07:32:30,113.69,13.0,119.0,70.0,111.36,89.0,120.54,39.0,116.35,5.310000000000002,102.0,109.0,0.4709352397055142,211,-7.0,21.0,-0.03
07:32:31,117.38,13.0,119.0,48.0,111.02,121.0,120.0,24.0,118.19,1.6200000000000045,134.0,72.0,1.0004349054268964,206,62.0,-5.0,0.3
07:32:32,111.77,73.0,119.0,78.0,111.95,63.0,120.27,33.0,115.38,7.230000000000004,136.0,111.0,1.1209237262171312,247,25.0,41.0,0.1
07:32:33,111.0,117.0,119.0,54.0,110.0,36.0,123.0,9.0,115.0,8.0,153.0,63.0,1.269893696337011,216,90.0,-31.0,0.42
07:32:34,111.0,136.0,118.0,48.0,110.0,83.0,119.0,99.0,114.5,7.0,219.0,147.0,1.4565129590897756,366,72.0,150.0,0.2
07:32:35,111.0,144.0,117.26,87.0,110.0,128.0,118.16,87.0,114.13,6.260000000000005,272.0,174.0,1.6093010905347764,446,98.0,80.0,0.22
07:32:36,111.0,81.0,118.0,56.0,110.0,72.0,119.0,9.0,114.5,7.0,153.0,65.0,0.48920343416248974,218,88.0,-158.5,0.4
07:32:37,113.74,57.0,117.0,11.0,110.8,79.0,118.0,45.0,115.37,3.260000000000005,136.0,56.0,0.485746847644301,192,80.0,-26.0,0.42
07:32:38,115.0,27.0,117.0,18.0,111.0,81.0,118.0,47.0,116.0,2.0,108.0,65.0,0.7654737095396463,173,43.0,-19.0,0.25
07:32:39,115.0,18.0,117.0,12.0,111.0,54.0,118.0,36.0,116.0,2.0,72.0,48.0,0.8578752823088008,120,24.0,-53.0,0.2
07:32:40,112.47,57.0,117.0,22.0,110.84,75.0,118.0,66.0,114.74,4.530000000000001,132.0,88.0,0.6957154590753397,220,44.0,100.0,0.2
07:32:41,112.33,90.0,116.56,36.0,110.93,116.0,117.88,68.0,114.44,4.230000000000004,206.0,104.0,0.7137226351997049,310,102.0,90.0,0.33
07:32:42,114.0,54.0,116.0,36.0,111.0,89.0,117.0,10.0,115.0,2.0,143.0,46.0,0.7250379300398045,189,97.0,-121.0,0.51
07:32:43,114.82,66.0,116.0,44.0,111.0,143.0,117.0,11.0,115.41,1.1800000000000068,209.0,55.0,0.6082104898769776,264,154.0,75.0,0.58
07:32:44,112.92,75.0,116.09,35.0,110.95,110.0,117.72,29.0,114.5,3.1700000000000017,185.0,64.0,0.39802009999039584,249,121.0,-15.0,0.49
07:32:45,111.0,147.0,117.0,11.0,110.0,22.0,118.0,77.0,114.0,6.0,169.0,88.0,0.544793538871699,257,81.0,8.0,0.32
07:32:46,111.0,104.0,117.0,8.0,110.0,16.0,118.0,56.0,114.0,6.0,120.0,64.0,0.6213855485898762,184,56.0,-73.0,0.3
07:32:47,111.0,156.0,116.11,28.0,108.73,79.0,117.44,63.0,113.55,5.109999999999999,235.0,91.0,0.7096266624051841,326,144.0,142.0,0.44
07:32:48,111.0,182.0,116.0,41.0,110.0,70.0,117.0,84.0,113.5,5.0,252.0,125.0,0.40681691213160576,377,127.0,51.0,0.34
07:32:49,111.4,99.0,116.0,39.0,110.51,82.0,117.0,78.0,113.7,4.599999999999994,181.0,117.0,0.23979157615788316,298,64.0,-79.0,0.21
07:32:50,110.99,166.0,115.14,36.0,109.89,133.0,116.23,48.0,113.07,4.150000000000006,299.0,84.0,0.3379792893007987,383,215.0,85.0,0.56
07:32:51,111.0,156.0,115.0,36.0,110.0,108.0,116.0,14.0,113.0,4.0,264.0,50.0,0.310209606550573,314,214.0,-69.0,0.68
07:32:52,111.0,96.0,114.5,40.0,110.0,76.0,116.33,24.0,112.75,3.5,172.0,64.0,0.387078803341454,236,108.0,-78.0,0.46
07:32:53,111.0,80.0,116.18,65.0,110.0,50.0,177.27,22.0,113.59,5.180000000000007,130.0,87.0,0.40591871106941313,217,43.0,-19.0,0.2
07:32:54,111.0,88.0,116.0,73.0,110.0,55.0,138.88,51.0,113.5,5.0,143.0,124.0,0.3535109616352091,267,19.0,50.0,0.07
07:32:55,111.0,96.0,116.0,72.0,110.0,60.0,125.12,16.0,113.5,5.0,156.0,88.0,0.371308497069826,244,68.0,-23.0,0.28
07:32:56,111.0,72.0,116.0,57.0,110.0,45.0,237.07,30.0,113.5,5.0,117.0,87.0,0.3476636305342521,204,30.0,-40.0,0.15
07:32:57,111.38,78.0,115.78,67.0,110.57,70.0,294.84,38.0,113.58,4.400000000000006,148.0,105.0,0.04669047007971057,253,43.0,49.0,0.17
07:32:58,111.89,73.0,114.44,72.0,110.95,126.0,179.08,64.0,113.17,2.549999999999997,199.0,136.0,0.16031219540714492,335,63.0,82.0,0.19
07:32:59,112.5,16.0,115.1,40.0,111.0,128.0,231.46,28.0,113.8,2.5999999999999943,144.0,68.0,0.22627416997143437,212,76.0,-123.0,0.36
07:33:00,111.07,41.0,115.0,7.0,110.24,34.0,117.0,6.0,113.04,3.930000000000007,75.0,13.0,0.30954805765220905,88,62.0,-124.0,0.7
07:33:01,111.0,72.0,193.93,15.0,110.0,45.0,329.8,15.0,152.47,82.93,117.0,30.0,17.476434705053446,147,87.0,59.0,0.59
07:33:02,111.0,40.0,201.3,40.0,110.0,50.0,346.45,31.0,156.15,90.30000000000001,90.0,71.0,22.481539760434487,161,19.0,14.0,0.12
07:33:03,111.28,43.0,231.33,51.0,110.07,54.0,321.74,42.0,171.31,120.05000000000001,97.0,93.0,26.46107764245433,190,4.0,29.0,0.02
07:33:04,115.0,43.0,254.86,73.0,111.0,64.0,387.82,56.0,184.93,139.86,107.0,129.0,27.05782696374556,236,-22.0,46.0,-0.09
07:33:05,118.0,56.0,367.0,60.0,115.0,42.0,533.17,58.0,242.5,249.0,98.0,118.0,36.47588408798333,216,-20.0,-20.0,-0.09
07:33:08,119.0,8.0,238.42,12.0,118.0,20.0,336.12,16.0,178.71,119.41999999999999,28.0,28.0,48.6191260719482,56,0.0,-145.0,0.0
07:33:09,119.0,17.0,169.33,67.0,118.0,75.0,235.53,45.0,144.16,50.33000000000001,92.0,112.0,60.52168148688529,204,-20.0,148.0,-0.1
07:33:10,119.0,9.0,228.11,45.0,118.0,45.0,298.68,19.0,173.56,109.11000000000001,54.0,64.0,63.10634540202748,118,-10.0,-86.0,-0.08
07:33:11,115.69,26.0,221.12,40.0,112.38,26.0,257.09,46.0,168.41,105.43,52.0,86.0,48.65949804508874,138,-34.0,20.0,-0.25
07:33:12,115.0,28.0,226.15,61.0,111.0,28.0,268.91,43.0,170.57,111.15,56.0,104.0,13.383970636548549,160,-48.0,22.0,-0.3
07:33:13,115.0,22.0,224.78,36.0,111.0,22.0,226.61,49.0,169.89,109.78,44.0,85.0,11.975377655840072,129,-41.0,-31.0,-0.32
07:33:14,115.0,12.0,213.59,22.0,113.33,27.0,222.72,18.0,164.3,98.59,39.0,40.0,3.387112339441035,79,-1.0,-50.0,-0.01
07:33:15,112.41,34.0,132.39,23.0,111.12,57.0,155.45,29.0,122.4,19.97999999999999,91.0,52.0,20.66754775003541,143,39.0,64.0,0.27
07:33:16,110.7,33.0,113.47,53.0,109.76,68.0,115.34,35.0,112.08,2.769999999999996,101.0,88.0,28.283201197884132,189,13.0,46.0,0.07
07:33:17,111.0,26.0,112.96,57.0,110.0,65.0,115.06,32.0,111.98,1.9599999999999937,91.0,89.0,28.65058638143371,180,2.0,-9.0,0.01
07:33:18,110.02,52.0,111.56,18.0,108.2,49.0,115.08,25.0,110.79,1.5400000000000063,101.0,43.0,22.84316309095559,144,58.0,-36.0,0.4
07:33:19,110.0,11.0,192.62,34.0,108.0,44.0,403.67,39.0,151.31,82.62,55.0,73.0,17.199507841795807,128,-18.0,-16.0,-0.14
07:33:20,110.03,32.0,363.1,39.0,105.1,62.0,495.47,34.0,236.57,253.07000000000002,94.0,73.0,54.24071653287772,167,21.0,39.0,0.13
07:33:21,109.74,89.0,296.53,17.0,108.23,62.0,332.8,30.0,203.14,186.78999999999996,151.0,47.0,55.877214229057564,198,104.0,31.0,0.53
07:33:22,115.0,48.0,277.5,16.0,110.0,180.0,311.97,34.0,196.25,162.5,228.0,50.0,49.020593835652306,278,178.0,80.0,0.64
07:33:23,115.0,40.0,271.42,19.0,110.0,78.0,375.46,13.0,193.21,156.42000000000002,118.0,32.0,30.421625203134568,150,86.0,-128.0,0.57
07:33:24,115.0,34.0,129.96,47.0,110.0,77.0,198.69,13.0,122.48,14.960000000000008,111.0,60.0,41.6809218947949,171,51.0,21.0,0.3
07:33:25,115.0,20.0,116.0,44.0,110.0,70.0,277.0,12.0,115.5,1.0,90.0,56.0,43.24060395045374,146,34.0,-25.0,0.23
07:33:26,115.0,16.0,116.0,32.0,110.0,56.0,172.0,8.0,115.5,1.0,72.0,40.0,42.23164773010873,112,32.0,-34.0,0.29
07:33:27,116.0,28.0,133.76,25.0,110.38,53.0,239.64,11.0,124.88,17.75999999999999,81.0,36.0,33.187783595775116,117,45.0,5.0,0.38
07:33:28,117.0,27.0,230.75,16.0,115.0,18.0,397.82,11.0,173.88,113.75,45.0,27.0,24.6359274231761,72,18.0,-45.0,0.25
07:33:29,117.0,9.0,321.7,20.0,115.0,18.0,491.09,11.0,219.35,204.7,27.0,31.0,45.801290593169945,58,-4.0,-14.0,-0.07
07:33:31,116.0,30.0,143.5,8.0,115.0,12.0,394.08,12.0,129.75,27.5,42.0,20.0,67.42707223363621,62,22.0,11.0,0.35
07:33:32,116.0,25.0,150.0,5.0,115.0,10.0,478.73,11.0,133.0,34.0,35.0,16.0,65.63683135252641,51,19.0,-11.0,0.37
07:33:33,116.52,54.0,147.58,19.0,115.38,26.0,368.64,14.0,132.05,31.060000000000016,80.0,33.0,70.44411259998947,113,47.0,62.0,0.42
07:33:34,118.0,42.0,147.0,12.0,116.0,30.0,477.0,6.0,132.5,29.0,72.0,18.0,69.02745287202764,90,54.0,-23.0,0.6
07:33:35,117.43,42.0,146.82,22.0,115.68,37.0,234.1,21.0,132.12,29.389999999999986,79.0,43.0,1.2512114129915253,122,36.0,32.0,0.3
07:33:36,116.0,18.0,144.33,18.0,115.0,18.0,293.72,25.0,130.17,28.330000000000013,36.0,43.0,1.0736247016533549,79,-7.0,-43.0,-0.09
07:33:37,116.0,14.0,141.71,14.0,115.0,14.0,512.31,13.0,128.86,25.710000000000008,28.0,27.0,1.5634417162146907,55,1.0,-24.0,0.02
07:33:38,116.0,18.0,139.33,18.0,115.0,18.0,508.0,11.0,127.67,23.330000000000013,36.0,29.0,2.07082833668086,65,7.0,10.0,0.11
07:33:39,111.0,40.0,136.75,16.0,110.0,56.0,168.47,15.0,123.88,25.75,96.0,31.0,3.0841611501347583,127,65.0,62.0,0.51
07:33:40,111.59,41.0,135.0,20.0,109.64,70.0,136.0,20.0,123.29,23.409999999999997,111.0,40.0,3.0496114506606604,151,71.0,24.0,0.47
07:33:41,116.1,60.0,133.93,28.0,114.32,53.0,134.93,28.0,125.01,17.830000000000013,113.0,56.0,2.4214809518145475,169,57.0,18.0,0.34
07:33:42,117.39,98.0,131.44,36.0,115.13,60.0,133.0,36.0,124.42,14.049999999999997,158.0,72.0,1.6983315341830933,230,86.0,61.0,0.37
07:33:43,118.0,88.0,128.54,28.0,113.0,22.0,136.55,22.0,123.27,10.539999999999992,110.0,50.0,0.749086109870375,160,60.0,-70.0,0.38
07:33:44,118.0,106.0,127.0,38.0,113.0,20.0,128.19,32.0,122.5,9.0,126.0,70.0,1.003429120566444,196,56.0,36.0,0.29
07:33:45,118.0,120.0,124.49,39.0,115.0,72.0,125.55,51.0,121.24,6.489999999999995,192.0,90.0,1.5051810522328464,282,102.0,86.0,0.36
07:33:46,118.0,84.0,120.67,36.0,115.79,28.0,121.5,60.0,119.33,2.6700000000000017,112.0,96.0,1.9564176445740948,208,16.0,-74.0,0.08
07:33:47,116.75,16.0,121.42,31.0,115.17,36.0,160.19,21.0,119.08,4.670000000000002,52.0,52.0,1.864170056620621,104,0.0,-104.0,0.0
07:33:48,116.0,24.0,120.42,60.0,115.0,72.0,301.86,14.0,118.21,4.420000000000002,96.0,74.0,1.7507912496928404,170,22.0,66.0,0.13
07:33:49,116.0,22.0,119.45,55.0,115.0,66.0,248.59,17.0,117.73,3.450000000000003,88.0,72.0,1.3509515165249562,160,16.0,-10.0,0.1
07:33:50,116.0,15.0,118.6,25.0,115.0,48.0,159.65,31.0,117.3,2.5999999999999943,63.0,56.0,0.8657078028995335,119,7.0,-41.0,0.06
07:33:51,116.0,12.0,117.81,27.0,115.0,72.0,118.96,57.0,116.91,1.8100000000000023,84.0,84.0,0.8430480413364222,168,0.0,49.0,0.0
07:33:52,116.0,8.0,117.0,56.0,115.0,48.0,118.0,16.0,116.5,1.0,56.0,72.0,0.6709321873343217,128,-16.0,-40.0,-0.12
07:33:53,115.0,32.0,117.67,24.0,113.86,56.0,173.69,16.0,116.33,2.6700000000000017,88.0,40.0,0.5743082795861917,128,48.0,0.0,0.38
07:33:54,113.72,46.0,120.95,39.0,112.43,56.0,353.97,31.0,117.33,7.230000000000004,102.0,70.0,0.4545657268220475,172,32.0,44.0,0.19
07:33:55,113.25,16.0,282.5,18.0,112.25,32.0,449.17,29.0,197.88,169.25,48.0,47.0,36.27667914790437,95,1.0,-77.0,0.01
07:33:56,113.29,21.0,116.83,29.0,112.24,42.0,117.62,39.0,115.06,3.539999999999992,63.0,68.0,36.49049122716766,131,-5.0,36.0,-0.04
07:33:57,112.2,40.0,117.0,29.0,111.5,16.0,118.0,30.0,114.6,4.799999999999997,56.0,59.0,36.70956210580562,115,-3.0,-16.0,-0.03
07:33:58,113.0,52.0,116.62,26.0,112.0,52.0,117.71,34.0,114.81,3.6200000000000045,104.0,60.0,36.88015225022803,164,44.0,49.0,0.27
07:33:59,113.0,32.0,116.0,16.0,112.0,32.0,117.0,16.0,114.5,3.0,64.0,32.0,37.18084049614801,96,32.0,-68.0,0.33
07:34:00,113.0,40.0,115.4,20.0,112.0,40.0,116.2,40.0,114.2,2.4000000000000057,80.0,60.0,0.3240061727821271,140,20.0,44.0,0.14
07:34:01,113.0,40.0,114.1,20.0,112.0,40.0,116.0,30.0,113.55,1.0999999999999943,80.0,50.0,0.48925453498249877,130,30.0,-10.0,0.23
07:34:02,113.0,14.0,116.0,14.0,112.0,28.0,117.0,35.0,114.5,3.0,42.0,49.0,0.4774620403769737,91,-7.0,-39.0,-0.08
07:34:03,113.0,22.0,206.4,25.0,112.0,44.0,168.0,48.0,159.7,93.4,66.0,73.0,20.35750475868789,139,-7.0,48.0,-0.05
07:34:05,115.24,34.0,237.5,32.0,113.46,26.0,427.43,28.0,176.37,122.26,60.0,60.0,65.7796863020796,120,0.0,36.0,0.0
07:34:06,115.78,36.0,323.33,18.0,113.0,18.0,401.5,24.0,219.56,207.54999999999998,54.0,42.0,60.853087678440744,96,12.0,-24.0,0.12
07:34:07,116.0,48.0,221.25,24.0,113.0,24.0,320.22,36.0,168.62,105.25,72.0,60.0,47.696180140552094,132,12.0,36.0,0.09
07:34:08,115.72,50.0,162.9,40.0,112.57,35.0,239.9,40.0,139.31,47.18000000000001,85.0,80.0,52.59644256031007,165,5.0,33.0,0.03
07:34:09,112.18,11.0,151.75,32.0,111.14,21.0,207.8,40.0,131.97,39.56999999999999,32.0,72.0,34.80902943203096,104,-40.0,-61.0,-0.38
07:34:10,113.06,17.0,150.27,22.0,111.38,16.0,152.0,44.0,131.67,37.21000000000001,33.0,66.0,37.4910273265484,99,-33.0,-5.0,-0.33
07:34:11,111.36,28.0,149.12,16.0,109.75,16.0,259.62,32.0,130.24,37.760000000000005,44.0,48.0,16.186820873784935,92,-4.0,-7.0,-0.04
07:34:12,110.0,38.0,146.75,16.0,109.0,24.0,288.5,32.0,128.38,36.75,62.0,48.0,4.160977048723052,110,14.0,18.0,0.13
07:34:13,110.75,60.0,144.61,23.0,109.16,32.0,511.62,26.0,127.68,33.860000000000014,92.0,49.0,1.919210775292832,141,43.0,31.0,0.3
07:34:14,113.13,121.0,143.0,22.0,112.0,90.0,144.0,33.0,128.07,29.870000000000005,211.0,55.0,1.6912924052333982,266,156.0,125.0,0.59
07:34:15,114.87,60.0,141.06,33.0,113.0,225.0,142.21,42.0,127.96,26.189999999999998,285.0,75.0,1.0228782918804347,360,210.0,94.0,0.58
07:34:16,113.15,158.0,135.54,26.0,111.29,70.0,139.06,32.0,124.35,22.389999999999986,228.0,58.0,1.6614060310472754,286,170.0,-74.0,0.59
07:34:17,113.0,225.0,119.38,45.0,110.0,60.0,157.76,37.0,116.19,6.3799999999999955,285.0,82.0,5.081707390238082,367,203.0,81.0,0.55
07:34:18,115.0,60.0,116.0,36.0,113.0,135.0,157.44,18.0,115.5,1.0,195.0,54.0,6.185428845278264,249,141.0,-118.0,0.57
07:34:19,115.0,30.0,116.0,20.0,113.0,75.0,284.8,15.0,115.5,1.0,105.0,35.0,5.857691524824481,140,70.0,-109.0,0.5
07:34:20,114.58,71.0,116.0,44.0,112.92,160.0,118.0,11.0,115.29,1.4200000000000017,231.0,55.0,3.918957769611798,286,176.0,146.0,0.62
07:34:21,113.07,102.0,115.83,12.0,110.71,42.0,117.56,9.0,114.45,2.760000000000005,144.0,21.0,0.6240432677313089,165,123.0,-121.0,0.75
07:34:22,114.78,125.0,266.54,57.0,113.0,180.0,350.48,63.0,190.66,151.76000000000002,305.0,120.0,33.75622238936105,425,185.0,157.5,0.44
07:34:23,116.46,52.0,165.0,48.0,113.2,100.0,572.0,48.0,140.73,48.540000000000006,152.0,96.0,32.86857815604442,248,56.0,-158.5,0.23
07:34:24,119.0,16.0,368.0,32.0,117.0,48.0,687.75,32.0,243.5,249.0,64.0,64.0,55.57229012736474,128,0.0,-120.0,0.0
07:34:25,119.0,10.0,279.33,36.0,118.0,54.0,507.0,36.0,199.17,160.32999999999998,64.0,72.0,50.808232305405014,136,-8.0,8.0,-0.06
07:34:26,119.0,9.0,366.06,34.0,118.0,54.0,423.56,36.0,242.53,247.06,63.0,70.0,42.564253429374325,133,-7.0,-3.0,-0.05
07:34:27,119.0,12.0,283.0,32.0,118.0,72.0,375.8,40.0,201.0,164.0,84.0,72.0,42.04351234138276,156,12.0,23.0,0.08
07:34:28,118.03,68.0,323.33,30.0,115.08,26.0,375.83,48.0,220.68,205.29999999999998,94.0,78.0,21.48101091662134,172,16.0,16.0,0.09
07:34:29,116.0,18.0,261.17,46.0,111.5,12.0,357.29,28.0,188.59,145.17000000000002,30.0,74.0,21.378517956116706,104,-44.0,-68.0,-0.42
07:34:30,118.0,42.0,216.0,22.0,112.0,11.0,308.0,44.0,167.0,98.0,53.0,66.0,29.061329116198458,119,-13.0,15.0,-0.11
07:34:31,116.91,11.0,128.34,41.0,111.82,11.0,339.47,30.0,122.63,11.430000000000007,22.0,71.0,37.51654768232283,93,-49.0,-26.0,-0.53
07:34:32,110.0,26.0,117.05,56.0,107.39,62.0,118.45,55.0,113.53,7.049999999999997,88.0,111.0,44.92640459685151,199,-23.0,106.0,-0.12
07:34:33,108.18,28.0,115.75,40.0,105.57,42.0,116.9,41.0,111.96,7.569999999999993,70.0,81.0,34.91366022060704,151,-11.0,-48.0,-0.07
07:34:34,108.75,32.0,114.98,53.0,107.45,44.0,151.29,42.0,111.87,6.230000000000004,76.0,95.0,23.67923288453401,171,-19.0,20.0,-0.11
07:34:35,108.42,57.0,110.96,54.0,104.17,69.0,112.07,56.0,109.69,2.539999999999992,126.0,110.0,5.048562171549002,236,16.0,65.0,0.07
07:34:36,102.0,16.0,109.0,20.0,71.5,18.0,114.0,16.0,105.5,7.0,34.0,36.0,3.1162878557660787,70,-2.0,-158.5,-0.03
07:34:37,82.39,62.0,107.5,40.0,23.43,46.0,113.0,32.0,94.94,25.11,108.0,72.0,7.124462786764675,180,36.0,110.0,0.2
07:34:50,95.2,5.0,105.0,15.0,94.0,5.0,106.0,35.0,100.1,9.799999999999997,10.0,50.0,2.6895854699178474,60,-40.0,8.0,-0.67
07:34:51,98.8,5.0,105.0,12.0,97.83,6.0,106.0,28.0,101.9,6.200000000000003,11.0,40.0,1.3022557352507214,51,-29.0,-9.0,-0.57
07:35:08,102.56,18.0,105.11,54.0,86.0,26.0,105.74,47.0,103.83,2.549999999999997,44.0,101.0,1.9395695398704567,145,-57.0,3.0,-0.39
07:35:09,103.91,44.0,106.0,24.0,94.5,16.0,107.0,36.0,104.95,2.0900000000000034,60.0,60.0,2.1570697717026492,120,0.0,-25.0,0.0
07:35:10,105.64,14.0,106.87,15.0,57.19,16.0,107.92,38.0,106.25,1.230000000000004,30.0,53.0,2.3962366327208464,83,-23.0,-37.0,-0.28
07:35:11,106.86,21.0,108.0,33.0,36.29,14.0,153.38,16.0,107.43,1.1400000000000006,35.0,49.0,2.0338829858163754,84,-14.0,1.0,-0.17
07:35:12,107.0,21.0,108.0,26.0,26.0,14.0,239.92,26.0,107.5,1.0,35.0,52.0,1.5944027094787927,87,-17.0,3.0,-0.2
07:35:13,100.78,9.0,108.0,8.0,93.0,2.0,304.0,20.0,104.39,7.219999999999999,11.0,28.0,1.4140297026559623,39,-17.0,-48.0,-0.44
07:35:26,119.0,44.0,355.62,24.0,110.21,19.0,524.15,20.0,237.31,236.62,63.0,44.0,85.1961391730869,107,19.0,-45.0,0.18
07:35:27,119.0,36.0,337.0,18.0,112.36,22.0,592.04,26.0,228.0,218.0,58.0,44.0,89.40474556755917,102,14.0,-5.0,0.14
07:35:28,119.0,30.0,305.57,7.0,116.0,15.0,363.69,13.0,212.29,186.57,45.0,20.0,74.01476710765218,65,25.0,-37.0,0.38
07:35:29,119.0,18.0,221.2,5.0,116.0,9.0,351.29,7.0,170.1,102.19999999999999,27.0,12.0,31.05209381024074,39,15.0,-26.0,0.38
07:35:30,119.0,60.0,206.9,21.0,116.0,30.0,214.0,16.0,162.95,87.9,90.0,37.0,33.80498557905315,127,53.0,88.0,0.42
07:35:31,119.0,42.0,202.93,15.0,116.0,21.0,203.91,11.0,160.97,83.93,63.0,26.0,31.072746418686442,89,37.0,-38.0,0.42
07:35:32,119.0,58.0,197.22,27.0,116.0,30.0,199.39,23.0,158.11,78.22,88.0,50.0,22.469325312523086,138,38.0,49.0,0.28
07:35:33,119.0,30.0,189.69,16.0,116.0,18.0,196.57,14.0,154.34,70.69,48.0,30.0,5.892557169853372,78,18.0,-60.0,0.23
07:35:34,118.5,54.0,164.96,23.0,114.46,39.0,173.09,23.0,141.73,46.46000000000001,93.0,46.0,8.413114762083671,139,47.0,61.0,0.34
07:35:35,116.27,22.0,161.46,26.0,114.05,41.0,162.5,16.0,138.87,45.19000000000001,63.0,42.0,9.924544322032618,105,21.0,-34.0,0.2
07:35:36,116.0,30.0,158.31,26.0,115.0,60.0,159.9,21.0,137.15,42.31,90.0,47.0,9.534044262535678,137,43.0,32.0,0.31
07:35:37,115.04,47.0,145.75,24.0,111.25,64.0,157.29,28.0,130.4,30.709999999999994,111.0,52.0,8.788456633561369,163,59.0,26.0,0.36
07:35:38,115.2,41.0,139.47,15.0,110.69,32.0,156.93,14.0,127.33,24.269999999999996,73.0,29.0,6.0173731810473905,102,44.0,-61.0,0.43
07:35:39,117.0,39.0,152.09,22.0,112.0,12.0,152.5,30.0,134.55,35.09,51.0,52.0,4.7647875083772995,103,-1.0,1.0,-0.01
07:35:40,117.8,25.0,148.08,26.0,115.33,15.0,149.04,27.0,132.94,30.280000000000015,40.0,53.0,3.7800171957265283,93,-13.0,-10.0,-0.14
07:35:41,111.37,41.0,142.07,27.0,110.27,59.0,143.1,31.0,126.72,30.69999999999999,100.0,58.0,3.414699108265326,158,42.0,65.0,0.27
07:35:42,112.54,41.0,138.64,14.0,110.23,52.0,140.06,18.0,125.59,26.09999999999998,93.0,32.0,4.032186751625957,125,61.0,-33.0,0.49
07:35:43,118.38,24.0,134.83,12.0,113.17,29.0,137.25,8.0,126.6,16.450000000000017,53.0,20.0,4.138858538291433,73,33.0,-52.0,0.45
07:35:44,119.0,27.0,132.67,21.0,118.0,27.0,133.78,18.0,125.83,13.669999999999987,54.0,39.0,3.0595146673921567,93,15.0,20.0,0.16
07:35:45,119.0,33.0,129.29,14.0,118.0,36.0,130.25,16.0,124.14,10.289999999999992,69.0,30.0,1.0349057928080438,99,39.0,6.0,0.39
07:35:46,119.0,28.0,122.9,20.0,118.0,42.0,124.58,31.0,120.95,3.9000000000000057,70.0,51.0,2.2374472060783006,121,19.0,22.0,0.16
07:35:47,113.0,32.0,119.28,18.0,112.67,45.0,119.92,12.0,116.14,6.280000000000001,77.0,30.0,4.277016483483261,107,47.0,-14.0,0.44
07:35:48,111.0,34.0,114.68,19.0,110.0,65.0,141.0,28.0,112.84,3.680000000000007,99.0,47.0,5.435857797991725,146,52.0,39.0,0.36
07:35:49,110.31,26.0,115.7,10.0,108.54,39.0,154.85,13.0,113.0,5.390000000000001,65.0,23.0,4.994254699150552,88,42.0,-58.0,0.48
07:35:50,108.23,39.0,114.54,13.0,88.62,48.0,143.56,25.0,111.38,6.310000000000002,87.0,38.0,3.8202382124662484,125,49.0,37.0,0.39
07:35:51,109.0,12.0,114.0,4.0,107.0,12.0,154.0,12.0,111.5,5.0,24.0,16.0,1.9206561378829043,40,8.0,-85.0,0.2
07:35:52,108.85,26.0,114.0,9.0,105.08,25.0,344.4,30.0,111.42,5.150000000000006,51.0,39.0,0.8173860776813231,90,12.0,50.0,0.13
07:35:53,107.43,14.0,113.0,6.0,95.8,10.0,280.0,24.0,110.21,5.569999999999993,24.0,30.0,0.9918265977413849,54,-6.0,-36.0,-0.11
07:35:54,109.21,28.0,111.09,11.0,105.85,40.0,320.32,25.0,110.15,1.8800000000000097,68.0,36.0,0.6881642245766962,104,32.0,50.0,0.31
07:35:55,107.21,28.0,110.45,20.0,99.31,70.0,258.63,43.0,108.83,3.240000000000009,98.0,63.0,1.0967543024703654,161,35.0,57.0,0.22
07:35:56,105.0,19.0,245.41,22.0,54.0,33.0,430.82,22.0,175.2,140.41,52.0,44.0,29.104555828941738,96,8.0,-65.0,0.08
07:35:57,111.83,124.0,265.64,53.0,99.41,71.0,631.85,27.0,188.74,153.81,195.0,80.0,39.85982852446792,275,115.0,157.5,0.42
07:35:58,115.68,159.0,268.37,63.0,113.44,125.0,470.85,61.0,192.02,152.69,284.0,124.0,42.01219668143985,408,160.0,133.0,0.39
07:35:59,117.5,24.0,223.5,40.0,116.17,72.0,297.0,40.0,170.5,106.0,96.0,80.0,33.770734667756116,176,16.0,-158.5,0.09
07:36:00,118.0,30.0,198.24,49.0,117.0,30.0,361.89,46.0,158.12,80.24000000000001,60.0,95.0,13.832363500139218,155,-35.0,-21.0,-0.23
07:36:01,118.08,25.0,190.38,39.0,116.14,118.0,373.0,51.0,154.23,72.3,143.0,90.0,17.241656532943246,233,53.0,78.0,0.23
07:36:02,119.0,48.0,198.0,48.0,118.0,24.0,304.57,51.0,158.5,79.0,72.0,99.0,15.426408525641522,171,-27.0,-62.0,-0.16
07:36:03,119.0,48.0,179.71,49.0,118.0,24.0,237.5,52.0,149.36,60.71000000000001,72.0,101.0,7.830646205772976,173,-29.0,2.0,-0.17
07:36:04,119.0,32.0,154.88,16.0,118.0,16.0,209.0,32.0,136.94,35.879999999999995,48.0,48.0,8.89980336861371,96,0.0,-77.0,0.0
07:36:05,119.0,48.0,153.42,24.0,117.96,23.0,307.09,56.0,136.21,34.41999999999999,71.0,80.0,10.095898672232629,151,-9.0,55.0,-0.06
07:36:06,119.0,13.0,153.0,16.0,118.0,16.0,344.19,31.0,136.0,34.0,29.0,47.0,10.14543345550052,76,-18.0,-75.0,-0.24
07:36:07,119.0,9.0,153.0,18.0,118.0,34.0,366.1,31.0,136.0,34.0,43.0,49.0,5.858952124739542,92,-6.0,16.0,-0.07
07:36:08,119.0,6.0,152.17,12.0,118.0,36.0,346.75,16.0,135.58,33.16999999999999,42.0,28.0,0.49937961511296725,70,14.0,-22.0,0.2
07:36:09,119.0,8.0,151.62,16.0,118.0,48.0,163.0,24.0,135.31,32.620000000000005,56.0,40.0,0.3655817281955433,96,16.0,26.0,0.17
07:36:10,118.02,41.0,150.5,24.0,117.43,14.0,160.0,24.0,134.26,32.480000000000004,55.0,48.0,0.7168681887142915,103,7.0,7.0,0.07
07:36:11,118.0,27.0,148.0,71.0,117.0,15.0,149.31,52.0,133.0,30.0,42.0,123.0,1.2078493283479557,165,-81.0,62.0,-0.49
07:36:12,118.0,19.0,144.94,66.0,117.0,15.0,147.12,57.0,131.47,26.939999999999998,34.0,123.0,1.7067600885861947,157,-89.0,-8.0,-0.57
07:36:13,118.0,26.0,139.18,34.0,117.0,13.0,140.36,61.0,128.59,21.180000000000007,39.0,95.0,2.626276832321939,134,-56.0,-23.0,-0.42
07:36:14,118.0,30.0,133.56,57.0,117.0,15.0,135.87,54.0,125.78,15.560000000000002,45.0,111.0,3.4344941403344005,156,-66.0,22.0,-0.42
07:36:15,118.0,22.0,129.5,40.0,117.0,11.0,130.62,26.0,123.75,11.5,33.0,66.0,3.84181857978638,99,-33.0,-57.0,-0.33
07:36:16,116.82,34.0,128.59,34.0,112.86,44.0,129.38,32.0,122.71,11.77000000000001,78.0,66.0,3.5883840374174394,144,12.0,45.0,0.08
07:36:17,116.0,45.0,124.88,32.0,115.0,10.0,126.0,28.0,120.44,8.879999999999995,55.0,60.0,3.0949200312758838,115,-5.0,-29.0,-0.04
07:36:18,115.63,19.0,122.62,26.0,112.29,31.0,124.65,34.0,119.12,6.990000000000009,50.0,60.0,2.642678565394036,110,-10.0,-5.0,-0.09
07:36:19,112.69,26.0,120.05,44.0,111.83,29.0,121.71,28.0,116.37,7.359999999999999,55.0,72.0,2.9329626659733474,127,-17.0,17.0,-0.13
07:36:20,112.0,176.0,114.64,47.0,111.0,12.0,116.31,32.0,113.32,2.6400000000000006,188.0,79.0,3.646336517656312,267,109.0,140.0,0.41
07:36:21,112.0,85.0,241.69,62.0,111.0,15.0,338.03,34.0,176.85,129.69,100.0,96.0,26.765872860790317,196,4.0,-71.0,0.02
07:36:23,118.0,88.0,246.5,48.0,112.0,62.0,410.97,39.0,182.25,128.5,150.0,87.0,76.26148129953931,237,63.0,154.0,0.27
07:36:24,118.0,40.0,147.17,12.0,112.0,32.0,206.62,26.0,132.58,29.169999999999987,72.0,38.0,73.26882195040386,110,34.0,-127.0,0.31
07:36:25,114.9,31.0,145.82,11.0,111.8,35.0,188.0,44.0,130.36,30.919999999999987,66.0,55.0,69.62136762517655,121,11.0,11.0,0.09
07:36:26,112.0,7.0,143.56,9.0,111.0,8.0,239.88,16.0,127.78,31.560000000000002,15.0,25.0,74.3081430261851,40,-10.0,-81.0,-0.25
07:36:27,118.79,33.0,141.94,17.0,111.89,9.0,143.6,10.0,130.36,23.14999999999999,42.0,27.0,23.308199844689646,69,15.0,29.0,0.22
07:36:28,119.0,12.0,135.21,14.0,113.68,25.0,135.75,20.0,127.11,16.210000000000008,37.0,34.0,2.210253379138601,71,3.0,2.0,0.04
07:36:29,116.82,11.0,123.2,10.0,114.2,15.0,124.42,12.0,120.01,6.38000000000001,26.0,22.0,4.242137432945132,48,4.0,-23.0,0.08
07:36:30,115.3,20.0,121.11,9.0,113.09,11.0,122.11,9.0,118.21,5.810000000000002,31.0,18.0,5.278402220368873,49,13.0,1.0,0.27
07:36:31,115.11,27.0,119.08,13.0,112.43,14.0,120.54,13.0,117.09,3.969999999999999,41.0,26.0,5.8499641024535896,67,15.0,18.0,0.22
07:36:32,115.0,20.0,117.2,10.0,112.0,22.0,120.0,10.0,116.1,2.200000000000003,42.0,20.0,4.387377348712595,62,22.0,-5.0,0.35
07:36:33,114.0,18.0,126.86,14.0,111.04,28.0,164.38,13.0,120.43,12.86,46.0,27.0,1.8540550153640862,73,19.0,11.0,0.26
07:36:34,118.0,7.0,356.05,20.0,115.33,12.0,451.83,18.0,237.03,238.05,19.0,38.0,53.27520079736904,57,-19.0,-16.0,-0.33
07:36:35,118.0,9.0,251.74,31.0,116.36,22.0,261.56,41.0,184.87,133.74,31.0,72.0,54.2368572098346,103,-41.0,46.0,-0.4
07:36:36,118.0,8.0,230.0,24.0,117.0,32.0,301.35,31.0,174.0,112.0,40.0,55.0,50.07692013293134,95,-15.0,-8.0,-0.16
07:36:37,118.0,10.0,228.97,29.0,117.0,40.0,425.91,22.0,173.48,110.97,50.0,51.0,41.48031424663971,101,-1.0,6.0,-0.01
07:36:38,118.0,8.0,228.38,32.0,117.0,32.0,327.7,23.0,173.19,110.38,40.0,55.0,27.561673207553614,95,-15.0,-6.0,-0.16
07:36:39,118.0,9.0,225.33,45.0,117.0,36.0,228.83,29.0,171.67,107.33000000000001,45.0,74.0,5.341242364841998,119,-29.0,24.0,-0.24
07:36:40,118.0,9.0,218.33,45.0,117.0,36.0,228.55,33.0,168.17,100.33000000000001,45.0,78.0,2.362852090162213,123,-33.0,4.0,-0.27
07:36:41,117.58,19.0,227.23,43.0,116.92,48.0,228.1,61.0,172.41,109.64999999999999,67.0,104.0,2.140042055657793,171,-37.0,48.0,-0.22
07:36:42,117.0,23.0,225.84,38.0,116.0,20.0,226.76,42.0,171.42,108.84,43.0,80.0,1.9187548045501144,123,-37.0,-48.0,-0.3
07:36:43,117.0,13.0,173.36,53.0,116.0,26.0,211.16,37.0,145.18,56.360000000000014,39.0,90.0,11.62465268298307,129,-51.0,6.0,-0.4
07:36:44,117.94,35.0,135.22,46.0,116.73,15.0,151.9,39.0,126.58,17.28,50.0,85.0,20.217286415342386,135,-35.0,6.0,-0.26
07:36:45,118.0,35.0,129.56,27.0,117.0,14.0,133.29,31.0,123.78,11.560000000000002,49.0,58.0,23.439508953900678,107,-9.0,-28.0,-0.08
07:36:46,118.0,22.0,130.55,33.0,117.0,11.0,133.0,22.0,124.27,12.550000000000011,33.0,55.0,20.550449630117406,88,-22.0,-19.0,-0.25
07:36:47,118.0,20.0,131.38,32.0,116.47,19.0,134.67,18.0,124.69,13.379999999999995,39.0,50.0,9.162371417924241,89,-11.0,1.0,-0.12
07:36:48,118.0,12.0,130.5,32.0,116.83,24.0,133.5,16.0,124.25,12.5,36.0,48.0,1.0917096683624086,84,-12.0,-5.0,-0.14
07:36:49,118.0,12.0,129.0,46.0,117.0,24.0,130.54,26.0,123.5,11.0,36.0,72.0,0.46418746212719847,108,-36.0,24.0,-0.33
07:36:50,118.0,10.0,127.0,20.0,117.0,20.0,128.0,40.0,122.5,9.0,30.0,60.0,0.8641006885752054,90,-30.0,-18.0,-0.33
07:36:51,118.0,14.0,125.72,36.0,117.0,28.0,127.67,48.0,121.86,7.719999999999999,42.0,84.0,1.1800635576087604,126,-42.0,36.0,-0.33
07:36:52,117.95,38.0,123.27,44.0,116.82,22.0,126.0,22.0,120.61,5.319999999999993,60.0,66.0,1.417261443769785,126,-6.0,0.0,-0.05
07:36:53,116.47,15.0,122.79,58.0,113.86,22.0,125.5,32.0,119.63,6.320000000000007,37.0,90.0,1.5286104801409084,127,-53.0,1.0,-0.42
07:36:54,115.0,18.0,118.52,62.0,112.07,108.0,120.87,46.0,116.76,3.519999999999996,126.0,108.0,2.2553425460441527,234,18.0,107.0,0.08
07:36:55,115.0,8.0,116.38,32.0,112.0,48.0,120.0,16.0,115.69,1.3799999999999955,56.0,48.0,2.602969458137618,104,8.0,-130.0,0.08
07:36:56,112.39,23.0,115.54,26.0,111.6,30.0,118.75,16.0,113.96,3.1500000000000057,53.0,42.0,2.757707381140655,95,11.0,-9.0,0.12
07:36:57,112.73,33.0,113.86,28.0,111.35,23.0,130.0,70.0,113.29,1.1299999999999955,56.0,98.0,2.5132906716092345,154,-42.0,59.0,-0.27
07:36:58,111.71,28.0,166.18,71.0,109.96,28.0,277.16,38.0,138.95,54.47000000000001,56.0,109.0,10.831867336705933,165,-53.0,11.0,-0.32
07:36:59,110.0,18.0,197.67,45.0,108.0,9.0,541.0,45.0,153.83,87.66999999999999,27.0,90.0,18.36075652036144,117,-63.0,-48.0,-0.54
07:37:00,110.0,20.0,176.85,39.0,108.0,10.0,226.7,44.0,143.42,66.85,30.0,83.0,18.22356304348833,113,-53.0,-4.0,-0.47
07:37:01,115.14,49.0,152.4,45.0,110.88,25.0,159.94,50.0,133.77,37.260000000000005,74.0,95.0,15.00216051107281,169,-21.0,56.0,-0.12
07:37:02,116.9,31.0,124.0,21.0,114.96,23.0,135.0,16.0,120.45,7.099999999999994,54.0,37.0,12.315923838672921,91,17.0,-78.0,0.19
07:37:03,118.0,52.0,122.13,31.0,116.65,43.0,123.08,39.0,120.06,4.1299999999999955,95.0,70.0,14.658411578339349,165,25.0,74.0,0.15
07:37:04,117.86,69.0,124.05,63.0,115.84,77.0,299.07,58.0,120.95,6.189999999999998,146.0,121.0,10.493490839563112,267,25.0,102.0,0.09
07:37:05,116.0,50.0,387.48,42.0,111.03,29.0,655.26,38.0,251.74,271.48,79.0,80.0,57.50241934040679,159,-1.0,-108.0,-0.01
07:37:06,116.0,45.0,368.89,27.0,112.0,45.0,410.71,41.0,242.44,252.89,90.0,68.0,69.42212882071524,158,22.0,-1.0,0.14
07:37:07,116.0,23.0,124.29,21.0,112.0,35.0,206.14,21.0,120.14,8.290000000000006,58.0,42.0,69.47881893066392,100,16.0,-58.0,0.16
07:37:08,119.0,28.0,123.57,46.0,114.75,48.0,124.71,42.0,121.28,4.569999999999993,76.0,88.0,69.25669859298797,164,-12.0,64.0,-0.07
07:37:09,113.66,59.0,119.88,48.0,111.32,53.0,122.56,52.0,116.77,6.219999999999999,112.0,100.0,70.03739843826284,212,12.0,48.0,0.06
07:37:10,112.38,64.0,116.85,26.0,110.77,26.0,117.75,24.0,114.61,4.469999999999999,90.0,50.0,55.625185572724064,140,40.0,-72.0,0.29
07:37:11,113.0,123.0,114.37,27.0,112.0,55.0,167.55,22.0,113.69,1.3700000000000045,178.0,49.0,3.333732142808845,227,129.0,87.0,0.57
07:37:12,113.01,95.0,158.82,33.0,111.64,55.0,229.07,68.0,135.91,45.80999999999999,150.0,101.0,9.124775065720575,251,49.0,24.0,0.2
07:37:13,113.64,61.0,223.15,39.0,112.14,28.0,377.97,63.0,168.4,109.51,89.0,102.0,23.38435545402082,191,-13.0,-60.0,-0.07
07:37:14,114.0,45.0,372.31,29.0,113.0,18.0,444.79,38.0,243.16,258.31,63.0,67.0,53.97666931184237,130,-4.0,-61.0,-0.03
07:37:15,114.0,60.0,302.85,47.0,113.0,24.0,419.77,52.0,208.43,188.85000000000002,84.0,99.0,52.64978888846545,183,-15.0,53.0,-0.08
07:37:17,116.35,34.0,303.0,36.0,113.62,21.0,567.0,27.0,209.68,186.65,55.0,63.0,40.26432602192625,118,-8.0,-41.0,-0.07
07:37:18,117.0,49.0,378.69,35.0,116.0,18.0,718.5,28.0,247.84,261.69,67.0,63.0,28.19363527464953,130,4.0,12.0,0.03
07:37:19,117.0,35.0,178.69,29.0,116.0,14.0,391.89,27.0,147.84,61.69,49.0,56.0,48.08518306089693,105,-7.0,-25.0,-0.07
07:37:20,116.71,28.0,176.08,25.0,114.5,16.0,469.25,12.0,146.4,59.37000000000002,44.0,37.0,58.072916406875706,81,7.0,-24.0,0.09
07:37:21,115.27,37.0,175.14,28.0,112.86,21.0,195.71,35.0,145.21,59.86999999999999,58.0,63.0,47.050243144961335,121,-5.0,40.0,-0.04
07:37:22,114.33,43.0,171.97,29.0,111.83,18.0,173.42,36.0,143.15,57.64,61.0,65.0,45.73302712482507,126,-4.0,5.0,-0.03
07:37:23,115.29,14.0,169.89,18.0,112.86,28.0,172.57,28.0,142.59,54.59999999999998,42.0,46.0,2.1961944358353946,88,-4.0,-38.0,-0.05
07:37:24,114.8,20.0,168.0,31.0,113.78,32.0,169.06,16.0,141.4,53.2,52.0,47.0,2.023746525628854,99,5.0,11.0,0.05
07:37:25,112.88,16.0,167.0,12.0,111.31,13.0,168.0,18.0,139.94,54.120000000000005,29.0,30.0,1.9703730611220278,59,-1.0,-40.0,-0.02
07:37:26,111.13,23.0,166.27,22.0,110.09,22.0,168.0,33.0,138.7,55.140000000000015,45.0,55.0,1.8440797162801685,100,-10.0,41.0,-0.1
07:37:27,119.0,70.0,154.05,21.0,111.0,20.0,162.33,24.0,136.52,35.05000000000001,90.0,45.0,2.362604495042816,135,45.0,35.0,0.33
07:37:28,119.0,42.0,146.73,15.0,111.0,12.0,152.69,13.0,132.87,27.72999999999999,54.0,28.0,3.3262561536955233,82,26.0,-53.0,0.32
07:37:29,117.67,24.0,143.86,21.0,110.12,16.0,146.0,14.0,130.76,26.190000000000012,40.0,35.0,3.8744573813630065,75,5.0,-7.0,0.07
07:37:30,109.0,30.0,114.05,38.0,99.55,29.0,127.17,36.0,111.53,5.049999999999997,59.0,74.0,10.818120446732,133,-15.0,58.0,-0.11
07:37:31,108.0,48.0,111.4,35.0,88.0,24.0,118.74,31.0,109.7,3.4000000000000057,72.0,66.0,12.656371122877355,138,6.0,5.0,0.04
07:37:32,107.14,28.0,111.0,28.0,88.45,11.0,112.0,32.0,109.07,3.8599999999999994,39.0,60.0,11.951373561227449,99,-21.0,-39.0,-0.21
07:37:33,107.0,28.0,111.0,28.0,104.0,10.0,112.0,35.0,109.0,4.0,38.0,63.0,9.417970588189835,101,-25.0,2.0,-0.25
07:37:34,107.0,36.0,111.0,36.0,105.33,9.0,112.0,45.0,109.0,4.0,45.0,81.0,1.08602486159895,126,-36.0,25.0,-0.29
07:37:35,107.0,12.0,111.0,24.0,102.29,7.0,112.0,30.0,109.0,4.0,19.0,54.0,0.3067246322212619,73,-35.0,-53.0,-0.48
07:37:36,107.0,24.0,108.92,48.0,99.0,12.0,112.0,53.0,107.96,1.9200000000000017,36.0,101.0,0.4738987233697082,137,-65.0,64.0,-0.47
07:37:37,107.0,12.0,108.0,20.0,95.0,6.0,112.0,28.0,107.5,1.0,18.0,48.0,0.7143668525425841,66,-30.0,-71.0,-0.45
07:37:38,105.67,18.0,112.0,35.0,71.86,7.0,528.0,21.0,108.83,6.329999999999998,25.0,56.0,0.6876917914382981,81,-31.0,15.0,-0.38
07:37:39,107.0,35.0,112.0,35.0,89.71,7.0,311.14,21.0,109.5,5.0,42.0,56.0,0.8114308350140312,98,-14.0,17.0,-0.14
07:37:40,107.0,35.0,112.0,33.0,71.14,7.0,348.86,21.0,109.5,5.0,42.0,54.0,0.9049419870972487,96,-12.0,-2.0,-0.12
07:37:41,107.0,40.0,112.0,29.0,74.2,10.0,346.0,24.0,109.5,5.0,50.0,53.0,0.8693560835534303,103,-3.0,7.0,-0.03
07:37:42,107.0,32.0,110.49,45.0,90.5,24.0,166.42,36.0,108.74,3.489999999999995,56.0,81.0,0.3929122039479439,137,-25.0,34.0,-0.18
07:37:43,107.0,11.0,111.03,38.0,69.71,17.0,223.0,33.0,109.01,4.030000000000001,28.0,71.0,0.35538711289411,99,-43.0,-38.0,-0.43
07:37:44,107.62,16.0,254.6,25.0,60.0,9.0,429.78,27.0,181.11,146.98,25.0,52.0,32.16637949785465,77,-27.0,-22.0,-0.35
07:37:45,112.87,15.0,301.0,21.0,110.0,8.0,482.14,21.0,206.93,188.13,23.0,42.0,47.40969805851957,65,-19.0,-12.0,-0.29
07:37:49,119.0,77.0,333.0,24.0,110.0,16.0,436.0,24.0,226.0,214.0,93.0,48.0,62.305791865603645,141,45.0,18.0,0.32
07:37:50,119.0,90.0,322.0,30.0,112.67,15.0,344.1,30.0,220.5,203.0,105.0,60.0,58.32050136958632,165,45.0,24.0,0.27
07:37:51,119.0,24.0,342.0,9.0,118.0,3.0,345.0,9.0,230.5,223.0,27.0,18.0,51.07100429793731,45,9.0,-120.0,0.2
07:37:52,119.0,72.0,339.89,27.0,118.0,9.0,404.56,27.0,229.44,220.89,81.0,54.0,40.61134964514157,135,27.0,90.0,0.2
07:37:53,119.0,79.0,336.91,33.0,118.0,11.0,376.0,33.0,227.95,217.91000000000003,90.0,66.0,3.945937151039027,156,24.0,21.0,0.15
07:37:54,119.0,49.0,225.21,19.0,118.0,7.0,308.46,13.0,172.11,106.21000000000001,56.0,32.0,24.90089456224324,88,24.0,-68.0,0.27
07:37:55,119.0,49.0,173.0,21.0,118.0,7.0,198.0,7.0,146.0,54.0,56.0,28.0,39.57530227300813,84,28.0,-4.0,0.33
07:37:56,119.0,84.0,171.67,36.0,118.0,12.0,191.58,24.0,145.33,52.66999999999999,96.0,60.0,42.0624515452912,156,36.0,72.0,0.23
07:37:57,119.0,49.0,169.57,21.0,118.0,7.0,171.0,21.0,144.29,50.56999999999999,56.0,42.0,35.94181102838279,98,14.0,-58.0,0.14
07:37:58,119.0,49.0,168.43,21.0,118.0,7.0,171.0,21.0,143.71,49.43000000000001,56.0,42.0,12.231255863564739,98,14.0,0.0,0.14
07:37:59,119.0,34.0,165.83,18.0,118.0,6.0,166.83,18.0,142.42,46.83000000000001,40.0,36.0,1.3983025423667181,76,4.0,-22.0,0.05
07:38:00,119.0,24.0,163.56,25.0,118.0,8.0,165.12,24.0,141.28,44.56,32.0,49.0,1.5864835328453926,81,-17.0,5.0,-0.21
07:38:01,119.0,13.0,140.5,38.0,118.0,11.0,150.41,39.0,129.75,21.5,24.0,77.0,6.006350805604904,101,-53.0,20.0,-0.52
07:38:02,119.0,9.0,130.32,28.0,118.0,9.0,131.68,34.0,124.66,11.319999999999993,18.0,62.0,8.595558736928739,80,-44.0,-21.0,-0.55
07:38:03,116.57,21.0,125.73,37.0,115.81,63.0,127.12,51.0,121.15,9.16000000000001,84.0,88.0,9.633870976922683,172,-4.0,92.0,-0.02
07:38:04,113.0,60.0,119.33,36.0,112.0,30.0,120.04,28.0,116.17,6.329999999999998,90.0,64.0,9.587438135393356,154,26.0,-18.0,0.17
07:38:05,113.0,30.0,115.5,8.0,112.0,15.0,116.16,19.0,114.25,2.5,45.0,27.0,6.298410910697746,72,18.0,-82.0,0.25
07:38:06,113.0,24.0,114.03,37.0,112.0,30.0,115.31,13.0,113.51,1.0300000000000011,54.0,50.0,4.791557158168662,104,4.0,32.0,0.04
07:38:07,112.92,38.0,143.12,41.0,111.51,41.0,345.14,28.0,128.02,30.200000000000003,79.0,69.0,6.040951911743481,148,10.0,44.0,0.07
07:38:08,112.0,11.0,138.0,30.0,111.0,40.0,397.4,30.0,125.0,26.0,51.0,60.0,6.65791634071779,111,-9.0,-37.0,-0.08
07:38:09,111.16,25.0,347.36,33.0,110.53,30.0,583.64,33.0,229.26,236.20000000000002,55.0,66.0,49.194741284003,121,-11.0,10.0,-0.09
07:38:11,114.8,30.0,387.94,34.0,110.64,36.0,422.72,29.0,251.37,273.14,66.0,63.0,68.41914914700394,129,3.0,37.0,0.02
07:38:12,116.0,20.0,298.6,15.0,112.0,25.0,422.0,20.0,207.3,182.60000000000002,45.0,35.0,55.53096406510484,80,10.0,-49.0,0.12
07:38:13,116.0,32.0,201.5,26.0,112.0,40.0,406.0,30.0,158.75,85.5,72.0,56.0,42.16355618303517,128,16.0,48.0,0.12
07:38:14,116.0,32.0,202.64,28.0,112.0,40.0,338.54,28.0,159.32,86.63999999999999,72.0,56.0,50.24455045076996,128,16.0,0.0,0.12
07:38:15,116.0,28.0,201.32,31.0,112.0,45.0,280.0,32.0,158.66,85.32,73.0,63.0,41.60214958388538,136,10.0,8.0,0.07
07:38:16,117.71,28.0,182.69,45.0,114.18,44.0,229.36,44.0,150.2,64.98,72.0,89.0,22.928213624266085,161,-17.0,25.0,-0.11
07:38:17,119.0,22.0,159.82,44.0,116.0,33.0,161.73,44.0,139.41,40.81999999999999,55.0,88.0,8.619882249774903,143,-33.0,-18.0,-0.23
07:38:18,119.0,24.0,155.74,54.0,116.0,36.0,157.22,49.0,137.37,36.74000000000001,60.0,103.0,10.349911593824642,163,-43.0,20.0,-0.26
07:38:19,118.24,25.0,132.49,49.0,115.23,44.0,146.81,47.0,125.36,14.250000000000014,69.0,96.0,12.743922080740608,165,-27.0,2.0,-0.16
07:38:20,116.0,28.0,118.15,40.0,112.12,34.0,119.79,28.0,117.08,2.1500000000000057,62.0,68.0,12.88345566996645,130,-6.0,-35.0,-0.05
07:38:21,112.08,51.0,114.85,33.0,110.55,29.0,117.89,37.0,113.46,2.769999999999996,80.0,70.0,11.6715050443374,150,10.0,20.0,0.07
07:38:24,113.0,10.0,234.62,37.0,112.0,40.0,422.27,33.0,173.81,121.62,50.0,70.0,144.023756130716,120,-20.0,48.0,-0.17
07:38:25,113.0,9.0,176.0,36.0,112.0,36.0,369.33,27.0,144.5,63.0,45.0,63.0,138.69886318928485,108,-18.0,-12.0,-0.17
07:38:26,112.33,9.0,175.11,36.0,111.25,48.0,203.0,27.0,143.72,62.780000000000015,57.0,63.0,132.11897581346878,120,-6.0,12.0,-0.05
07:38:27,111.11,19.0,175.0,28.0,110.03,73.0,341.43,21.0,143.05,63.89,92.0,49.0,118.58494242525045,141,43.0,21.0,0.3
07:38:28,111.0,27.0,175.0,36.0,110.0,108.0,511.89,27.0,143.0,64.0,135.0,63.0,13.538553467781703,198,72.0,57.0,0.36
07:38:29,111.0,36.0,161.55,44.0,110.0,144.0,441.65,40.0,136.27,50.55000000000001,180.0,84.0,3.3198448758920707,264,96.0,66.0,0.36
07:38:30,113.0,5.0,172.0,20.0,111.0,15.0,410.0,15.0,142.5,59.0,20.0,35.0,3.070727926727959,55,-15.0,-158.5,-0.27
07:38:31,110.1,91.0,125.36,44.0,108.77,26.0,314.28,50.0,117.73,15.260000000000005,117.0,94.0,10.88023207473025,211,23.0,156.0,0.11
07:38:32,110.0,88.0,202.94,34.0,107.0,32.0,293.07,30.0,156.47,92.94,120.0,64.0,14.08126876385746,184,56.0,-27.0,0.3
07:38:33,110.0,67.0,251.16,25.0,107.0,28.0,288.54,26.0,180.58,141.16,95.0,51.0,23.499960638264582,146,44.0,-38.0,0.3
07:38:34,110.36,100.0,249.74,27.0,108.22,64.0,250.78,64.0,180.05,139.38,164.0,91.0,26.590491345591587,255,73.0,109.0,0.29
07:38:35,111.8,30.0,246.5,26.0,111.29,28.0,248.0,20.0,179.15,134.7,58.0,46.0,27.16793661653343,104,12.0,-151.0,0.12
07:38:36,110.0,78.0,240.09,43.0,107.0,52.0,241.88,33.0,175.05,130.09,130.0,76.0,10.1794744461575,206,54.0,102.0,0.26
07:38:37,110.78,65.0,234.67,45.0,108.7,74.0,235.47,53.0,172.73,123.88999999999999,139.0,98.0,3.444781560559714,237,41.0,31.0,0.17
07:38:38,115.4,45.0,194.52,25.0,110.76,90.0,177.62,26.0,154.96,79.12,135.0,51.0,10.190305196605953,186,84.0,-51.0,0.45
07:38:39,116.0,110.0,146.81,27.0,113.0,11.0,147.33,21.0,131.41,30.810000000000002,121.0,48.0,19.76543447536579,169,73.0,-17.0,0.43
07:38:40,116.0,90.0,142.68,22.0,112.33,18.0,143.42,19.0,129.34,26.680000000000007,108.0,41.0,21.82191948477453,149,67.0,-20.0,0.45
07:38:41,116.0,150.0,139.95,39.0,113.8,50.0,140.87,30.0,127.97,23.94999999999999,200.0,69.0,19.83268438714199,269,131.0,120.0,0.49
07:38:42,116.0,144.0,133.24,63.0,115.0,45.0,134.78,45.0,124.62,17.24000000000001,189.0,108.0,12.160516025234676,297,81.0,28.0,0.27
07:38:43,118.0,180.0,132.81,43.0,116.0,120.0,133.62,53.0,125.41,14.810000000000002,300.0,96.0,2.7948434660981163,396,204.0,99.0,0.52
07:38:44,118.23,93.0,129.37,30.0,117.27,132.0,130.03,29.0,123.8,11.14,225.0,59.0,2.338219408009411,284,166.0,-112.0,0.58
07:38:45,119.0,99.0,126.5,42.0,118.0,180.0,127.39,41.0,122.75,7.5,279.0,83.0,1.9745505817760987,362,196.0,78.0,0.54
07:38:46,119.0,130.0,124.38,39.0,118.0,156.0,125.38,39.0,121.69,5.3799999999999955,286.0,78.0,1.475848908253409,364,208.0,2.0,0.57
07:38:47,119.0,144.0,122.44,27.0,118.0,108.0,123.78,27.0,120.72,3.4399999999999977,252.0,54.0,1.8265897185720281,306,198.0,-58.0,0.65
07:38:48,119.0,154.0,120.35,17.0,117.91,92.0,123.0,39.0,119.68,1.3499999999999943,246.0,56.0,1.623998152706292,302,190.0,-4.0,0.63
07:38:49,119.0,45.0,120.0,9.0,118.0,9.0,124.0,27.0,119.5,1.0,54.0,36.0,1.3713387619380488,90,18.0,-158.5,0.2
07:38:50,119.0,24.0,123.33,18.0,118.0,6.0,209.0,12.0,121.17,4.329999999999998,30.0,30.0,0.9450238092206472,60,0.0,-30.0,0.0
07:38:51,119.0,24.0,123.0,18.0,118.0,6.0,179.0,12.0,121.0,4.0,30.0,30.0,0.7718030836903644,60,0.0,0.0,0.0
07:38:52,119.0,13.0,122.23,39.0,118.0,13.0,257.94,32.0,120.62,3.230000000000004,26.0,71.0,0.7631382574566441,97,-45.0,37.0,-0.46
07:38:53,118.5,24.0,121.42,52.0,117.55,80.0,293.96,76.0,119.96,2.9200000000000017,104.0,128.0,0.7057619995394667,232,-24.0,135.0,-0.1
07:38:54,117.11,18.0,119.6,30.0,116.6,20.0,282.88,34.0,118.36,2.489999999999995,38.0,64.0,1.139964911738091,102,-26.0,-130.0,-0.25
07:38:55,115.62,13.0,118.09,33.0,113.55,11.0,236.29,34.0,116.85,2.469999999999999,24.0,67.0,1.7275184514193644,91,-43.0,-11.0,-0.47
07:38:56,114.08,13.0,117.27,33.0,112.38,13.0,275.0,55.0,115.67,3.1899999999999977,26.0,88.0,2.071272555699699,114,-62.0,23.0,-0.54
07:38:57,112.0,24.0,115.93,30.0,111.0,24.0,236.43,42.0,113.97,3.930000000000007,48.0,72.0,2.322513724393309,120,-24.0,6.0,-0.2
07:38:58,110.1,42.0,115.0,9.0,109.4,10.0,157.67,18.0,112.55,4.900000000000006,52.0,27.0,2.2952341928430515,79,25.0,-41.0,0.32
07:38:59,110.0,20.0,158.43,7.0,109.0,4.0,218.54,13.0,134.21,48.43000000000001,24.0,20.0,8.850796574320002,44,4.0,-35.0,0.09
07:39:00,110.15,27.0,353.94,32.0,109.67,15.0,387.1,20.0,232.04,243.79,42.0,52.0,51.26804872432717,94,-10.0,50.0,-0.11
07:39:01,112.0,10.0,227.2,50.0,110.0,60.0,450.6,10.0,169.6,115.19999999999999,70.0,60.0,50.08519172370193,130,10.0,36.0,0.08
07:39:04,119.0,81.0,224.14,36.0,117.0,9.0,324.59,27.0,171.57,105.13999999999999,90.0,63.0,92.96760441142895,153,27.0,-6.0,0.18
07:39:05,119.0,72.0,137.25,28.0,117.0,8.0,151.85,34.0,128.12,18.25,80.0,62.0,109.55687595947572,142,18.0,-11.0,0.13
07:39:06,119.0,99.0,133.91,33.0,117.0,11.0,135.45,33.0,126.45,14.909999999999997,110.0,66.0,117.35429975079717,176,44.0,34.0,0.25
07:39:07,119.0,117.0,130.06,32.0,117.0,13.0,131.87,39.0,124.53,11.060000000000002,130.0,71.0,86.47870391026896,201,59.0,25.0,0.29
07:39:08,119.0,90.0,128.0,30.0,117.0,10.0,129.0,10.0,123.5,9.0,100.0,40.0,20.612707973480454,140,60.0,-61.0,0.43
07:39:09,119.0,90.0,126.76,37.0,117.0,10.0,127.64,33.0,122.88,7.760000000000005,100.0,70.0,2.165416818995438,170,30.0,30.0,0.18
07:39:10,119.0,117.0,123.21,42.0,117.0,13.0,125.31,39.0,121.11,4.209999999999994,130.0,81.0,1.9793761643479524,211,49.0,41.0,0.23
07:39:11,117.89,36.0,120.16,38.0,114.08,12.0,121.25,32.0,119.02,2.269999999999996,48.0,70.0,2.1726412497210275,118,-22.0,-93.0,-0.19
07:39:12,115.0,12.0,120.0,24.0,112.0,6.0,121.0,18.0,117.5,5.0,18.0,42.0,2.5382513665887827,60,-24.0,-58.0,-0.4
07:39:13,115.0,20.0,119.0,30.0,112.0,10.0,120.0,40.0,117.0,4.0,30.0,70.0,2.474716145336726,100,-40.0,40.0,-0.4
07:39:14,115.0,18.0,119.0,36.0,112.0,12.0,120.0,48.0,117.0,4.0,30.0,84.0,1.76288967323275,114,-54.0,14.0,-0.47
07:39:15,115.0,12.0,117.97,33.0,112.0,12.0,119.87,47.0,116.48,2.969999999999999,24.0,80.0,0.9747820269121609,104,-56.0,-10.0,-0.54
07:39:16,112.92,12.0,116.77,26.0,110.06,48.0,119.09,22.0,114.84,3.8499999999999943,60.0,48.0,1.029018950258579,108,12.0,4.0,0.11
07:39:17,101.12,16.0,110.97,37.0,75.56,18.0,111.52,29.0,106.05,9.849999999999994,34.0,66.0,4.681963263417606,100,-32.0,-8.0,-0.32
07:39:21,88.2,132.0,105.89,46.0,85.75,12.0,113.47,38.0,97.05,17.689999999999998,144.0,84.0,5.7620508501745915,228,60.0,133.0,0.26
07:39:22,97.69,16.0,104.91,44.0,89.8,30.0,106.35,46.0,101.3,7.219999999999999,46.0,90.0,3.817293543860368,136,-44.0,-92.0,-0.32
07:39:24,101.18,33.0,104.85,26.0,99.0,11.0,105.92,50.0,103.01,3.6699999999999875,44.0,76.0,4.024652780054071,120,-32.0,-15.0,-0.27
07:39:25,103.06,18.0,106.0,40.0,102.27,22.0,107.0,40.0,104.53,2.9399999999999977,40.0,80.0,2.811832142926804,120,-40.0,0.0,-0.33
07:39:26,103.5,16.0,105.89,28.0,92.4,20.0,106.9,31.0,104.7,2.3900000000000006,36.0,59.0,1.4856480067620053,95,-23.0,-25.0,-0.24
07:39:27,100.28,25.0,104.44,27.0,60.6,15.0,106.14,28.0,102.36,4.159999999999997,40.0,55.0,1.20911951435574,95,-15.0,0.0,-0.16
07:39:38,96.4,20.0,206.3,20.0,95.47,34.0,219.08,37.0,151.35,109.9,54.0,57.0,24.87962861459141,111,-3.0,-16.0,-0.03
07:39:39,104.31,39.0,212.14,43.0,97.9,21.0,320.89,44.0,158.22,107.82999999999998,60.0,87.0,31.81370899470844,147,-27.0,36.0,-0.18
07:39:40,101.88,97.0,107.0,11.0,100.1,67.0,178.87,15.0,104.44,5.1200000000000045,164.0,26.0,30.186556113607796,190,138.0,43.0,0.73
07:39:41,103.96,57.0,127.53,19.0,102.87,175.0,304.19,26.0,115.75,23.570000000000007,232.0,45.0,27.422259753710875,277,187.0,87.0,0.68
07:39:42,104.56,68.0,191.77,26.0,102.81,134.0,541.0,14.0,148.16,87.21000000000001,202.0,40.0,23.887482705383356,242,162.0,-35.0,0.67
07:39:43,95.15,85.0,206.82,22.0,78.96,26.0,420.95,21.0,150.99,111.66999999999999,111.0,43.0,23.82855157159136,154,68.0,-88.0,0.44
07:39:46,119.0,50.0,354.2,10.0,117.0,10.0,600.57,14.0,236.6,235.2,60.0,24.0,73.87047062256995,84,36.0,1.0,0.43
07:39:47,119.0,35.0,303.0,8.0,117.0,7.0,368.08,13.0,211.0,184.0,42.0,21.0,61.80047629266272,63,21.0,-21.0,0.33
07:39:48,119.0,37.0,151.86,14.0,117.77,26.0,458.6,10.0,135.43,32.860000000000014,63.0,24.0,67.4130502944346,87,39.0,24.0,0.45
07:39:49,119.0,48.0,146.0,24.0,118.0,120.0,258.08,12.0,132.5,27.0,168.0,36.0,73.87209127945395,204,132.0,117.0,0.65
07:39:50,118.65,46.0,147.71,17.0,117.96,83.0,148.55,22.0,133.18,29.060000000000002,129.0,39.0,50.18285185200206,168,90.0,-36.0,0.54
07:39:51,118.0,20.0,146.25,16.0,117.0,10.0,147.57,14.0,132.12,28.25,30.0,30.0,34.768819076868176,60,0.0,-108.0,0.0
07:39:52,118.0,12.0,145.17,12.0,117.0,6.0,147.0,6.0,131.58,27.169999999999987,18.0,18.0,1.4975713672466515,36,0.0,-24.0,0.0
07:39:53,118.0,18.0,143.5,12.0,117.0,9.0,144.13,15.0,130.75,25.5,27.0,27.0,0.9209125908561054,54,0.0,18.0,0.0
07:39:54,118.0,26.0,139.96,23.0,117.0,13.0,141.75,16.0,128.98,21.960000000000008,39.0,39.0,1.5785816418536993,78,0.0,24.0,0.0
07:39:55,118.0,24.0,136.52,23.0,117.0,12.0,138.15,13.0,127.26,18.52000000000001,36.0,36.0,2.0003799639063096,72,0.0,-6.0,0.0
07:39:56,118.5,16.0,135.5,24.0,117.8,20.0,138.0,12.0,127.0,17.0,36.0,36.0,2.0421753107894576,72,0.0,0.0,0.0
07:39:57,119.0,9.0,132.08,12.0,118.0,18.0,133.2,15.0,125.54,13.080000000000013,27.0,27.0,2.004864085168436,54,0.0,-18.0,0.0
07:39:58,118.67,9.0,127.67,12.0,117.32,19.0,128.6,15.0,123.17,9.0,28.0,27.0,2.1753160689882733,55,1.0,1.0,0.02
07:39:59,117.0,10.0,125.55,11.0,115.0,40.0,127.84,19.0,121.27,8.549999999999997,50.0,30.0,2.5761152924508144,80,20.0,25.0,0.25
07:40:00,117.7,20.0,121.36,22.0,115.55,33.0,123.39,23.0,119.53,3.6599999999999966,53.0,45.0,3.0437756159085136,98,8.0,18.0,0.08
07:40:01,117.0,11.0,119.12,16.0,115.0,44.0,120.24,17.0,118.06,2.1200000000000045,55.0,33.0,2.9528342317169782,88,22.0,-10.0,0.25
07:40:02,113.93,14.0,116.22,55.0,112.07,15.0,117.15,41.0,115.07,2.289999999999992,29.0,96.0,3.0931052358431077,125,-67.0,37.0,-0.54
07:40:03,112.78,32.0,115.11,37.0,110.94,32.0,188.69,35.0,113.94,2.3299999999999983,64.0,72.0,3.0495294719022525,136,-8.0,11.0,-0.06
07:40:04,113.0,7.0,116.0,23.0,111.0,21.0,328.0,28.0,114.5,3.0,28.0,51.0,2.4403380913309376,79,-23.0,-57.0,-0.29
07:40:05,113.0,8.0,114.38,16.0,111.0,24.0,488.4,30.0,113.69,1.3799999999999955,32.0,46.0,1.7638509007285612,78,-14.0,-1.0,-0.18
07:40:06,112.08,13.0,133.56,18.0,110.91,23.0,259.09,22.0,122.82,21.480000000000004,36.0,40.0,3.8473016518075034,76,-4.0,-2.0,-0.05
07:40:07,116.46,41.0,304.83,12.0,110.67,9.0,365.11,18.0,210.65,188.37,50.0,30.0,42.394258455597466,80,20.0,4.0,0.25
07:40:08,118.0,170.0,302.0,9.0,111.0,27.0,452.55,22.0,210.0,184.0,197.0,31.0,51.23965720025841,228,166.0,148.0,0.73
07:40:09,118.0,86.0,302.0,5.0,111.0,15.0,579.14,14.0,210.0,184.0,101.0,19.0,50.47350265238177,120,82.0,-108.0,0.68
07:40:10,118.0,68.0,301.25,4.0,111.0,12.0,656.0,4.0,209.62,183.25,80.0,8.0,39.0200258841532,88,72.0,-32.0,0.82
07:40:11,118.17,116.0,265.54,24.0,115.67,72.0,466.67,21.0,191.86,147.37,188.0,45.0,8.15106005375881,233,143.0,145.0,0.61
07:40:12,119.0,55.0,241.57,23.0,118.0,132.0,245.96,26.0,180.28,122.57,187.0,49.0,13.666225521334848,236,138.0,3.0,0.58
07:40:13,119.0,40.0,234.0,20.0,118.0,96.0,234.55,20.0,176.5,115.0,136.0,40.0,15.799105037943939,176,96.0,-60.0,0.55
07:40:14,118.01,91.0,183.39,38.0,115.69,52.0,180.36,36.0,150.7,65.37999999999998,143.0,74.0,21.637733707576412,217,69.0,41.0,0.32
07:40:15,118.0,98.0,148.44,50.0,115.0,48.0,152.12,48.0,133.22,30.439999999999998,146.0,98.0,23.928098963352507,244,48.0,27.0,0.2
07:40:16,118.0,63.0,146.27,33.0,115.0,36.0,148.58,12.0,132.14,28.27000000000001,99.0,45.0,22.999093895194953,144,54.0,-100.0,0.38
07:40:17,118.0,84.0,142.88,42.0,115.0,48.0,143.78,36.0,130.44,24.879999999999995,132.0,78.0,19.621936703597726,210,54.0,66.0,0.26
07:40:18,118.0,105.0,138.24,55.0,115.0,60.0,140.03,34.0,128.12,20.24000000000001,165.0,89.0,9.026864350370932,254,76.0,44.0,0.3
07:40:19,118.0,84.0,135.9,49.0,115.0,48.0,136.73,15.0,126.95,17.900000000000006,132.0,64.0,2.637570852128695,196,68.0,-58.0,0.35
07:40:20,118.0,105.0,132.73,56.0,115.0,60.0,133.79,58.0,125.37,14.72999999999999,165.0,114.0,2.7066085790153034,279,51.0,83.0,0.18
07:40:21,118.0,72.0,130.05,61.0,115.17,58.0,131.08,65.0,124.02,12.050000000000011,130.0,126.0,2.481219458250254,256,4.0,-23.0,0.02
07:40:22,118.0,48.0,126.88,26.0,117.0,12.0,128.41,44.0,122.44,8.879999999999995,60.0,70.0,2.261957117188584,130,-10.0,-126.0,-0.08
07:40:23,118.0,10.0,121.74,38.0,117.0,10.0,123.14,22.0,119.87,3.739999999999995,20.0,60.0,2.7251513719425713,80,-40.0,-50.0,-0.5
07:40:24,117.36,11.0,120.35,37.0,116.19,16.0,123.22,23.0,118.86,2.989999999999995,27.0,60.0,2.737000182681922,87,-33.0,7.0,-0.38
07:40:25,115.12,25.0,118.47,51.0,112.32,37.0,120.53,57.0,116.8,3.3499999999999943,62.0,108.0,2.8669879664904894,170,-46.0,83.0,-0.27
07:40:26,111.88,51.0,114.14,56.0,111.09,55.0,119.57,70.0,113.01,2.260000000000005,106.0,126.0,3.5390012715456596,232,-20.0,62.0,-0.09
07:40:27,110.98,47.0,152.0,32.0,109.54,13.0,220.67,36.0,131.49,41.019999999999996,60.0,68.0,6.9360745382385725,128,-8.0,-104.0,-0.06
07:40:28,109.36,25.0,380.47,51.0,107.84,62.0,507.71,41.0,244.92,271.11,87.0,92.0,56.27704887429683,179,-5.0,51.0,-0.03
07:40:29,108.29,24.0,181.0,32.0,95.17,23.0,336.0,32.0,144.65,72.71,47.0,64.0,54.432062518335584,111,-17.0,-68.0,-0.15
07:40:30,84.79,29.0,179.29,21.0,74.0,34.0,269.57,28.0,132.04,94.49999999999999,63.0,49.0,52.488008821063055,112,14.0,1.0,0.12
07:40:33,116.15,26.0,160.71,28.0,110.0,30.0,207.0,24.0,138.43,44.56,56.0,52.0,20.527002947337447,108,4.0,-44.0,0.04
07:40:34,118.0,36.0,164.69,39.0,112.76,33.0,324.31,39.0,141.35,46.69,69.0,78.0,19.76740625372991,147,-9.0,39.0,-0.06
07:40:35,118.0,39.0,132.5,28.0,117.0,13.0,138.31,51.0,125.25,14.5,52.0,79.0,19.315350631039568,131,-27.0,-16.0,-0.21
07:40:36,118.0,45.0,130.13,30.0,117.0,15.0,172.5,48.0,124.07,12.129999999999995,60.0,78.0,18.80840769443283,138,-18.0,7.0,-0.13
07:40:37,118.0,43.0,127.13,31.0,117.0,13.0,149.79,34.0,122.56,9.129999999999995,56.0,65.0,8.837664849947558,121,-9.0,-17.0,-0.07
07:40:38,118.0,57.0,125.4,30.0,117.0,13.0,126.77,35.0,121.7,7.400000000000006,70.0,65.0,8.145129219355539,135,5.0,14.0,0.04
07:40:39,118.0,38.0,122.33,36.0,117.0,12.0,126.0,24.0,120.17,4.329999999999998,50.0,60.0,1.9866680648765507,110,-10.0,-25.0,-0.09
07:40:40,118.92,52.0,122.81,16.0,117.8,10.0,184.29,14.0,120.87,3.8900000000000006,62.0,30.0,1.5194505585903517,92,32.0,-18.0,0.35
07:40:41,119.0,72.0,126.0,12.0,118.0,12.0,243.0,30.0,122.5,7.0,84.0,42.0,1.0381955499811275,126,42.0,34.0,0.33
07:40:42,119.0,132.0,125.73,22.0,118.0,22.0,165.0,44.0,122.36,6.730000000000004,154.0,66.0,0.9928997935343834,220,88.0,94.0,0.4
07:40:43,118.87,91.0,122.73,30.0,117.7,20.0,148.13,30.0,120.8,3.8599999999999994,111.0,60.0,1.0328843110439168,171,51.0,-49.0,0.3
07:40:44,119.0,61.0,120.43,28.0,118.0,22.0,138.61,41.0,119.71,1.4300000000000068,83.0,69.0,1.1739974446312471,152,14.0,-19.0,0.09
07:40:45,119.0,52.0,120.25,64.0,118.0,40.0,163.1,80.0,119.62,1.25,92.0,144.0,1.3881714591507637,236,-52.0,84.0,-0.22
07:40:46,119.0,11.0,120.0,33.0,118.0,22.0,121.0,44.0,119.5,1.0,33.0,77.0,1.214092253496792,110,-44.0,-126.0,-0.4
07:40:47,118.0,18.0,120.0,27.0,117.0,9.0,195.45,29.0,119.0,2.0,27.0,56.0,0.6601363495529591,83,-29.0,-27.0,-0.35
07:40:48,117.67,21.0,187.56,41.0,116.46,13.0,259.59,39.0,152.61,69.89,34.0,80.0,14.828788554699928,114,-46.0,31.0,-0.4
07:40:49,113.18,44.0,338.52,33.0,112.43,56.0,398.69,29.0,225.85,225.33999999999997,100.0,62.0,46.20121675886895,162,38.0,48.0,0.23
07:40:50,113.33,49.0,271.0,13.0,112.1,40.0,273.0,52.0,192.16,157.67000000000002,89.0,65.0,46.716472790654784,154,24.0,-8.0,0.16
07:40:51,116.5,40.0,268.76,17.0,115.09,46.0,271.12,34.0,192.63,152.26,86.0,51.0,41.28499909167959,137,35.0,-17.0,0.26
07:40:52,116.0,24.0,265.67,15.0,113.0,12.0,267.37,27.0,190.83,149.67000000000002,36.0,42.0,25.9430950350952,78,-6.0,-59.0,-0.08
07:40:53,116.0,18.0,197.0,21.0,113.0,9.0,200.28,25.0,156.5,81.0,27.0,46.0,24.53079554356078,73,-19.0,-5.0,-0.26
07:40:54,114.67,18.0,152.24,21.0,112.38,13.0,163.7,23.0,133.45,37.57000000000001,31.0,44.0,26.957090532918926,75,-13.0,2.0,-0.17
07:40:55,114.0,12.0,118.29,24.0,112.1,10.0,123.63,19.0,116.15,4.290000000000006,22.0,43.0,34.03447546238948,65,-21.0,-10.0,-0.32
07:40:56,113.0,19.0,115.3,20.0,112.0,48.0,116.59,17.0,114.15,2.299999999999997,67.0,37.0,32.05983905137386,104,30.0,39.0,0.29
07:40:57,113.0,34.0,114.92,12.0,112.0,17.0,126.59,22.0,113.96,1.9200000000000017,51.0,34.0,18.470342985445626,85,17.0,-19.0,0.2
07:40:58,112.0,8.0,115.0,8.0,110.75,8.0,221.0,24.0,113.5,3.0,16.0,32.0,8.561925601171902,48,-16.0,-37.0,-0.33
07:40:59,111.0,5.0,115.0,5.0,110.0,5.0,307.0,15.0,113.0,4.0,10.0,20.0,1.2021938279678688,30,-10.0,-18.0,-0.33
07:41:00,111.0,5.0,115.0,5.0,110.0,5.0,334.29,14.0,113.0,4.0,10.0,19.0,0.5319022466621228,29,-9.0,-1.0,-0.31
07:41:01,113.57,14.0,253.4,10.0,110.17,6.0,369.0,16.0,183.49,139.83,20.0,26.0,31.363399050485587,46,-6.0,17.0,-0.13
07:41:02,115.0,48.0,304.82,17.0,111.0,6.0,388.62,16.0,209.91,189.82,54.0,33.0,46.6973130918685,87,21.0,41.0,0.24
07:41:03,115.35,52.0,298.85,26.0,114.59,49.0,336.56,32.0,207.1,183.50000000000003,101.0,58.0,48.833257622239245,159,43.0,72.0,0.27
07:41:04,118.0,10.0,177.28,47.0,115.0,48.0,314.88,25.0,147.64,59.28,58.0,72.0,41.45885876383942,130,-14.0,-29.0,-0.11
07:41:05,118.0,22.0,121.92,26.0,115.4,20.0,164.35,34.0,119.96,3.9200000000000017,42.0,60.0,39.0180964425481,102,-18.0,-28.0,-0.18
07:41:06,116.18,22.0,119.83,29.0,114.71,34.0,134.63,38.0,118.0,3.6499999999999915,56.0,67.0,45.35423596534274,123,-11.0,21.0,-0.09
07:41:07,115.0,36.0,116.11,27.0,112.0,36.0,144.33,36.0,115.56,1.1099999999999994,72.0,63.0,38.826695970684824,135,9.0,12.0,0.07
07:41:08,112.8,10.0,308.89,38.0,111.39,18.0,544.56,45.0,210.85,196.08999999999997,28.0,83.0,40.410887394364316,111,-55.0,-24.0,-0.5
07:41:09,111.75,8.0,376.16,31.0,110.14,7.0,473.86,35.0,243.96,264.41,15.0,66.0,61.16216461179238,81,-51.0,-30.0,-0.63
07:41:10,111.0,7.0,156.0,21.0,110.0,7.0,341.86,35.0,133.5,45.0,14.0,56.0,59.11959979566833,70,-42.0,-11.0,-0.6
07:41:11,113.86,21.0,187.1,68.0,110.79,14.0,399.31,68.0,150.48,73.24,35.0,136.0,54.34154396039907,171,-101.0,101.0,-0.59
07:41:12,119.0,10.0,187.1,50.0,117.9,73.0,356.12,48.0,153.05,68.1,83.0,98.0,46.875553010071066,181,-15.0,10.0,-0.08
07:41:13,118.27,22.0,183.17,46.0,117.25,53.0,189.02,41.0,150.72,64.89999999999999,75.0,87.0,44.089335672019224,162,-12.0,-19.0,-0.07
07:41:14,118.0,22.0,178.67,49.0,110.18,11.0,179.54,48.0,148.34,60.66999999999999,33.0,97.0,7.847918195291849,130,-64.0,-32.0,-0.49
07:41:15,118.0,16.0,174.84,37.0,116.14,14.0,175.91,35.0,146.42,56.84,30.0,72.0,2.5212734877422696,102,-42.0,-28.0,-0.41
07:41:16,112.13,30.0,142.22,69.0,112.37,19.0,156.99,68.0,127.18,30.090000000000003,49.0,137.0,10.345826211569246,186,-88.0,84.0,-0.47
07:41:17,110.0,14.0,135.33,30.0,109.0,7.0,136.24,33.0,122.67,25.330000000000013,21.0,63.0,13.095895540206286,84,-42.0,-102.0,-0.5
07:41:18,110.04,25.0,133.47,62.0,109.14,14.0,135.27,55.0,121.75,23.429999999999993,39.0,117.0,13.059344164237212,156,-78.0,72.0,-0.5
07:41:19,85.41,17.0,131.78,36.0,63.14,14.0,133.0,45.0,108.59,46.370000000000005,31.0,81.0,13.677809400631325,112,-50.0,-44.0,-0.45
07:41:20,98.33,12.0,130.5,40.0,62.9,10.0,133.0,50.0,114.42,32.17,22.0,90.0,7.369835140625653,112,-68.0,0.0,-0.61
07:41:21,108.89,36.0,125.6,40.0,98.44,34.0,132.14,56.0,117.24,16.709999999999994,70.0,96.0,5.747428120472785,166,-26.0,54.0,-0.16
07:41:22,101.25,12.0,108.0,20.0,77.94,17.0,121.09,33.0,104.62,6.75,29.0,53.0,6.813664946268082,82,-24.0,-84.0,-0.29
07:41:27,93.0,16.0,104.3,37.0,91.0,24.0,105.86,43.0,98.65,11.299999999999997,40.0,80.0,4.9361067654587725,120,-40.0,-13.0,-0.33
07:41:32,105.85,26.0,185.33,21.0,82.75,24.0,175.47,30.0,145.59,79.48000000000002,50.0,51.0,24.29987386798553,101,-1.0,8.0,-0.01
07:41:33,119.0,36.0,201.31,39.0,84.89,27.0,282.0,30.0,160.15,82.31,63.0,69.0,34.9919297838802,132,-6.0,31.0,-0.05
07:41:34,116.16,38.0,123.45,22.0,99.36,45.0,149.0,55.0,119.81,7.290000000000006,83.0,77.0,32.390468814143475,160,6.0,28.0,0.04
07:41:35,113.0,27.0,144.5,36.0,111.0,45.0,153.91,33.0,128.75,31.5,72.0,69.0,27.13571078855313,141,3.0,-19.0,0.02
07:41:36,113.83,35.0,150.32,34.0,112.41,34.0,220.86,35.0,132.08,36.489999999999995,69.0,69.0,15.788403339159917,138,0.0,-3.0,0.0
07:41:37,114.88,8.0,158.0,24.0,113.0,24.0,180.0,32.0,136.44,43.120000000000005,32.0,56.0,15.099060566803372,88,-24.0,-50.0,-0.27
07:41:38,115.53,17.0,152.18,51.0,113.0,51.0,177.53,68.0,133.85,36.650000000000006,68.0,119.0,6.439101645415945,187,-51.0,99.0,-0.27
07:41:39,117.54,13.0,152.08,39.0,114.67,54.0,179.46,52.0,134.81,34.540000000000006,67.0,91.0,2.9397329810711006,158,-24.0,-29.0,-0.15
07:41:40,116.33,36.0,165.27,33.0,115.12,51.0,204.09,44.0,140.8,48.94000000000001,87.0,77.0,3.3099290022591603,164,10.0,6.0,0.06
07:41:41,116.0,36.0,168.0,24.0,113.0,24.0,389.66,29.0,142.0,52.0,60.0,53.0,3.6328432391166547,113,7.0,-51.0,0.06
07:41:42,116.0,26.0,181.23,31.0,113.0,39.0,246.38,13.0,148.61,65.22999999999999,65.0,44.0,5.990194487660209,109,21.0,-4.0,0.19
07:41:43,116.0,16.0,184.5,24.0,113.0,24.0,188.14,22.0,150.25,68.5,40.0,46.0,6.255368094684238,86,-6.0,-23.0,-0.07
07:41:44,113.5,28.0,149.56,27.0,112.33,27.0,163.56,27.0,131.53,36.06,55.0,54.0,7.4293384631468875,109,1.0,23.0,0.01
07:41:45,114.67,36.0,131.56,27.0,113.0,27.0,299.74,19.0,123.11,16.89,63.0,46.0,11.577538598510273,109,17.0,0.0,0.16
07:41:46,116.78,81.0,130.0,33.0,113.94,17.0,333.0,33.0,123.39,13.219999999999999,98.0,66.0,13.278603842271847,164,32.0,55.0,0.2
07:41:47,117.0,144.0,125.41,34.0,115.88,16.0,146.34,32.0,121.21,8.409999999999997,160.0,66.0,12.049685473073506,226,94.0,62.0,0.42
07:41:48,117.0,135.0,121.09,33.0,116.0,15.0,122.04,27.0,119.05,4.090000000000003,150.0,60.0,4.731989010976338,210,90.0,-16.0,0.43
07:41:49,117.01,137.0,119.38,26.0,116.38,24.0,156.45,38.0,118.2,2.3699999999999903,161.0,64.0,2.337224850116431,225,97.0,15.0,0.43
07:41:50,117.0,80.0,119.9,30.0,116.0,10.0,121.0,10.0,118.45,2.9000000000000057,90.0,40.0,2.2069888989304194,130,50.0,-95.0,0.38
07:41:51,118.16,119.0,145.44,25.0,116.78,36.0,318.59,41.0,131.8,27.28,155.0,66.0,5.746222237261762,221,89.0,91.0,0.4
07:41:52,119.0,90.0,263.65,20.0,117.0,40.0,294.27,22.0,191.32,144.64999999999998,130.0,42.0,31.582467129722403,172,88.0,-49.0,0.51
07:41:53,119.0,81.0,197.91,11.0,117.0,44.0,336.18,34.0,158.45,78.91,125.0,45.0,31.28351690587222,170,80.0,-2.0,0.47
07:41:54,119.0,70.0,197.0,10.0,117.0,40.0,417.86,28.0,158.0,78.0,110.0,38.0,28.091472549512066,148,72.0,-22.0,0.49
07:41:55,118.0,36.0,196.42,12.0,116.8,30.0,314.71,14.0,157.21,78.41999999999999,66.0,26.0,21.14412045936144,92,40.0,-56.0,0.43
07:41:56,117.0,42.0,194.57,14.0,116.0,14.0,252.0,20.0,155.79,77.57,56.0,34.0,15.219843297484557,90,22.0,-2.0,0.24
07:41:57,117.0,12.0,192.9,10.0,116.0,10.0,282.17,23.0,154.95,75.9,22.0,33.0,1.478276022936276,55,-11.0,-35.0,-0.2
07:41:58,117.0,9.0,192.0,9.0,116.0,9.0,355.41,29.0,154.5,75.0,18.0,38.0,1.484941076268209,56,-20.0,1.0,-0.36
07:41:59,117.0,13.0,169.06,31.0,116.0,13.0,209.0,15.0,143.03,52.06,26.0,46.0,5.720916010569432,72,-20.0,16.0,-0.28
07:42:00,117.95,19.0,162.08,24.0,116.93,15.0,165.27,30.0,140.02,44.13000000000001,34.0,54.0,7.514537244567409,88,-20.0,16.0,-0.23
07:42:01,118.0,9.0,160.0,9.0,117.0,9.0,162.0,9.0,139.0,42.0,18.0,18.0,7.833961322344646,36,0.0,-52.0,0.0
07:42:02,118.52,21.0,157.15,13.0,116.64,11.0,160.45,11.0,137.84,38.63000000000001,32.0,24.0,6.776475485087584,56,8.0,20.0,0.14
07:42:03,119.0,28.0,146.61,18.0,117.0,12.0,151.2,25.0,132.81,27.610000000000014,40.0,43.0,3.7378135319989445,83,-3.0,27.0,-0.04
07:42:04,119.0,10.0,137.17,12.0,117.0,10.0,138.69,13.0,128.08,18.169999999999987,20.0,25.0,5.0108881448297495,45,-5.0,-38.0,-0.11
07:42:05,119.0,8.0,133.25,8.0,117.0,8.0,135.0,8.0,126.12,14.25,16.0,16.0,5.717035945312582,32,0.0,-13.0,0.0
07:42:06,118.0,12.0,129.38,24.0,116.5,12.0,129.35,48.0,123.69,11.379999999999995,24.0,72.0,5.645623969057543,96,-48.0,64.0,-0.5
07:42:07,115.35,51.0,123.04,69.0,112.55,65.0,124.89,57.0,119.2,7.690000000000012,116.0,126.0,5.056950662207223,242,-10.0,146.0,-0.04
07:42:08,115.0,50.0,118.67,46.0,112.0,70.0,120.11,45.0,116.84,3.6700000000000017,120.0,91.0,4.695037806024462,211,29.0,-31.0,0.14
07:42:09,112.18,82.0,114.73,52.0,111.08,84.0,116.33,60.0,113.46,2.549999999999997,166.0,112.0,5.108142519546596,278,54.0,67.0,0.19
07:42:10,112.0,77.0,113.36,11.0,111.0,77.0,114.36,55.0,112.68,1.3599999999999994,154.0,66.0,4.490665874901031,220,88.0,-58.0,0.4
07:42:11,111.71,24.0,113.08,13.0,110.91,23.0,114.62,8.0,112.39,1.3700000000000045,47.0,21.0,2.981388938062485,68,26.0,-152.0,0.38
07:42:12,111.0,39.0,211.0,9.0,109.04,56.0,284.12,8.0,161.0,100.0,95.0,17.0,21.16398072197191,112,78.0,44.0,0.7
07:42:13,118.11,18.0,407.92,26.0,110.28,25.0,734.74,19.0,263.02,289.81,43.0,45.0,65.20254212835562,88,-2.0,-24.0,-0.02
07:42:14,112.43,28.0,405.45,22.0,110.0,17.0,521.71,35.0,258.94,293.02,45.0,57.0,75.1249664226213,102,-12.0,14.0,-0.12
07:42:15,112.25,24.0,397.8,20.0,110.0,10.0,472.17,24.0,255.03,285.55,34.0,44.0,69.21457238183278,78,-10.0,-24.0,-0.13
07:42:16,116.21,38.0,396.29,14.0,110.71,34.0,552.43,28.0,256.25,280.08000000000004,72.0,42.0,43.62617299282575,114,30.0,36.0,0.26
07:42:17,117.0,120.0,289.25,24.0,114.0,24.0,448.29,28.0,203.12,172.25,144.0,52.0,24.871328271725982,196,92.0,82.0,0.47
07:42:18,117.0,120.0,287.4,30.0,114.0,24.0,350.48,27.0,202.2,170.39999999999998,144.0,57.0,29.65637823470629,201,87.0,5.0,0.43
07:42:19,118.0,12.0,259.33,12.0,117.0,60.0,306.73,15.0,188.67,141.32999999999998,72.0,27.0,32.089531470558526,99,45.0,-102.0,0.45
07:42:20,117.0,64.0,258.38,16.0,110.0,8.0,430.78,18.0,187.69,141.38,72.0,34.0,28.15495036401184,106,38.0,7.0,0.36
07:42:21,117.17,69.0,230.67,24.0,115.8,51.0,332.29,28.0,173.92,113.49999999999999,120.0,52.0,12.045474253842219,172,68.0,66.0,0.4
07:42:22,118.35,175.0,237.73,30.0,115.85,162.0,260.6,35.0,178.04,119.38,337.0,65.0,10.973364570630892,402,272.0,157.5,0.68
07:42:23,119.0,152.0,236.33,24.0,117.0,48.0,507.0,24.0,177.67,117.33000000000001,200.0,48.0,6.583423881232238,248,152.0,-154.0,0.61
07:42:24,119.0,120.0,236.0,20.0,117.0,40.0,399.0,20.0,177.5,117.0,160.0,40.0,5.154040162821752,200,120.0,-48.0,0.6
07:42:25,119.0,116.0,233.75,40.0,117.0,44.0,276.82,22.0,176.38,114.75,160.0,62.0,1.6738637937360146,222,98.0,22.0,0.44
07:42:26,119.0,70.0,233.0,35.0,117.0,28.0,235.0,14.0,176.0,114.0,98.0,49.0,0.8796703928064092,147,49.0,-75.0,0.33
07:42:27,119.0,94.0,231.97,35.0,117.0,52.0,233.21,56.0,175.49,112.97,146.0,91.0,0.9480348094771203,237,55.0,90.0,0.23
07:42:28,119.0,112.0,185.55,44.0,117.52,25.0,205.59,68.0,152.27,66.55000000000001,137.0,112.0,10.790892919493809,249,25.0,12.0,0.1
07:42:29,119.0,51.0,187.72,25.0,118.0,8.0,203.97,31.0,153.36,68.72,59.0,56.0,12.68500098541513,115,3.0,-134.0,0.03
07:42:30,119.0,47.0,175.69,49.0,118.0,11.0,186.93,28.0,147.35,56.69,58.0,77.0,13.745989596969165,135,-19.0,20.0,-0.14
07:42:31,119.0,26.0,147.32,37.0,118.0,13.0,169.8,54.0,133.16,28.319999999999993,39.0,91.0,15.245813523718144,130,-52.0,-5.0,-0.4
07:42:32,119.0,24.0,133.93,42.0,118.0,12.0,172.14,42.0,126.46,14.930000000000007,36.0,84.0,12.056431893391578,120,-48.0,-10.0,-0.4
07:42:33,119.0,26.0,131.36,56.0,118.0,13.0,133.03,35.0,125.18,12.360000000000014,39.0,91.0,12.651775369488298,130,-52.0,10.0,-0.4
07:42:34,117.42,38.0,128.88,64.0,116.06,124.0,129.76,41.0,123.15,11.459999999999994,162.0,105.0,9.849829947770264,267,57.0,137.0,0.21
07:42:35,117.11,35.0,124.61,46.0,116.04,138.0,126.13,39.0,120.86,7.5,173.0,85.0,4.647808085538082,258,88.0,-9.0,0.34
07:42:36,118.05,19.0,121.05,44.0,116.45,66.0,122.59,29.0,119.55,3.0,85.0,73.0,2.8818657151216787,158,12.0,-100.0,0.08
07:42:37,117.0,24.0,118.12,24.0,116.0,96.0,122.0,16.0,117.56,1.1200000000000045,120.0,40.0,2.988001004014925,160,80.0,2.0,0.5
07:42:38,117.0,18.0,119.6,15.0,116.0,72.0,122.71,21.0,118.3,2.5999999999999943,90.0,36.0,2.215903878780508,126,54.0,-34.0,0.43
07:42:39,117.0,24.0,119.75,40.0,116.0,168.0,120.28,58.0,118.38,2.75,192.0,98.0,1.2928263611153268,290,94.0,157.5,0.32
07:42:40,115.94,17.0,118.27,22.0,113.6,45.0,130.91,55.0,117.11,2.3299999999999983,62.0,77.0,0.9301343988880713,139,-15.0,-151.0,-0.11
07:42:41,115.55,33.0,129.65,34.0,113.31,62.0,160.16,62.0,122.6,14.100000000000009,95.0,96.0,2.1942880394320894,191,-1.0,52.0,-0.01
07:42:42,113.11,57.0,162.68,44.0,111.58,85.0,180.46,56.0,137.89,49.57000000000001,142.0,100.0,8.65873720585131,242,42.0,51.0,0.17
07:42:43,112.0,84.0,161.57,56.0,111.0,84.0,163.0,70.0,136.79,49.56999999999999,168.0,126.0,10.061288684855082,294,42.0,52.0,0.14
07:42:44,118.62,16.0,158.86,66.0,113.3,46.0,160.33,78.0,138.74,40.24000000000001,62.0,144.0,10.046100238400571,206,-82.0,-88.0,-0.4
07:42:45,118.0,14.0,153.03,60.0,112.0,84.0,156.48,66.0,135.52,35.03,98.0,126.0,6.65544664166059,224,-28.0,18.0,-0.12
07:42:46,114.75,36.0,150.74,53.0,111.0,60.0,153.65,46.0,132.74,35.99000000000001,96.0,99.0,2.3450650310792573,195,-3.0,-29.0,-0.02
07:42:47,117.0,27.0,149.0,45.0,111.87,46.0,153.0,36.0,133.0,32.0,73.0,81.0,2.546020424111121,154,-8.0,-41.0,-0.05
07:42:48,117.0,36.0,148.47,58.0,112.0,60.0,152.0,50.0,132.73,31.47,96.0,108.0,2.621446165762548,204,-12.0,50.0,-0.06
07:42:49,112.61,33.0,147.0,48.0,111.41,61.0,148.0,60.0,129.8,34.39,94.0,108.0,2.027195106542891,202,-14.0,-2.0,-0.07
07:42:50,113.69,13.0,144.53,34.0,112.0,52.0,145.96,50.0,129.11,30.840000000000003,65.0,84.0,1.8641164126715937,149,-19.0,-53.0,-0.13
07:42:51,113.1,42.0,136.84,37.0,111.82,44.0,138.14,63.0,124.97,23.74000000000001,86.0,100.0,3.2617280695962134,186,-14.0,37.0,-0.08
07:42:52,113.88,40.0,134.5,16.0,112.0,38.0,138.0,32.0,124.19,20.620000000000005,78.0,48.0,3.550140842275426,126,30.0,-60.0,0.24
07:42:53,114.45,55.0,132.87,23.0,112.0,121.0,137.76,42.0,123.66,18.42,176.0,65.0,2.886438982551399,241,111.0,115.0,0.46
07:42:54,113.09,69.0,123.94,17.0,111.87,63.0,234.39,28.0,118.51,10.849999999999994,132.0,45.0,3.7850389694153295,177,87.0,-64.0,0.49
07:42:55,112.42,38.0,131.4,20.0,111.96,92.0,318.65,34.0,121.91,18.980000000000004,130.0,54.0,2.5720264384319336,184,76.0,7.0,0.41
07:42:56,114.87,31.0,130.93,15.0,112.0,88.0,359.67,9.0,122.9,16.060000000000002,119.0,24.0,2.251450643472543,143,95.0,-41.0,0.66
07:42:57,118.46,74.0,128.82,17.0,113.84,50.0,129.54,13.0,123.64,10.36,124.0,30.0,2.142808904217301,154,94.0,11.0,0.61
07:42:58,119.0,68.0,127.11,18.0,116.0,20.0,128.33,12.0,123.06,8.11,88.0,30.0,2.0500804862231568,118,58.0,-36.0,0.49
07:42:59,119.0,33.0,125.14,14.0,116.0,18.0,126.15,13.0,122.07,6.140000000000001,51.0,27.0,0.7198819347593565,78,24.0,-40.0,0.31
07:43:00,119.0,10.0,122.1,10.0,116.0,20.0,125.0,20.0,120.55,3.0999999999999943,30.0,30.0,1.1984281371834171,60,0.0,-18.0,0.0
07:43:01,118.14,14.0,120.92,12.0,114.67,33.0,125.0,24.0,119.53,2.780000000000001,47.0,36.0,1.7144241015550978,83,11.0,23.0,0.13
07:43:02,115.0,39.0,118.0,25.0,112.0,143.0,119.81,21.0,116.5,3.0,182.0,46.0,2.5415093940399265,228,136.0,145.0,0.6
07:43:03,115.0,20.0,116.8,20.0,112.0,110.0,118.8,15.0,115.9,1.7999999999999972,130.0,35.0,2.6423379798945805,165,95.0,-63.0,0.58
07:43:04,112.21,71.0,116.0,22.0,111.82,67.0,259.64,11.0,114.11,3.7900000000000063,138.0,33.0,2.6603514805366584,171,105.0,6.0,0.61
07:43:05,112.27,112.0,261.42,38.0,111.47,38.0,314.39,36.0,186.84,149.15000000000003,150.0,74.0,31.513091406588337,224,76.0,53.0,0.34
07:43:06,112.0,81.0,153.0,36.0,111.0,18.0,250.0,36.0,132.5,41.0,99.0,72.0,30.90446246094553,171,27.0,-53.0,0.16
07:43:07,112.0,72.0,151.7,40.0,111.0,20.0,221.38,26.0,131.85,39.69999999999999,92.0,66.0,29.568024113896946,158,26.0,-13.0,0.16
07:43:08,112.11,64.0,150.7,40.0,111.28,25.0,238.0,20.0,131.4,38.58999999999999,89.0,60.0,27.652903102567567,149,29.0,-9.0,0.19
07:43:09,119.0,12.0,139.52,46.0,112.0,84.0,182.2,30.0,129.26,20.52000000000001,96.0,76.0,24.889160291178783,172,20.0,23.0,0.12
07:43:10,119.0,8.0,130.43,28.0,115.0,28.0,264.62,26.0,124.71,11.430000000000007,36.0,54.0,3.16814298919602,90,-18.0,-82.0,-0.2
07:43:11,119.0,9.0,124.64,22.0,116.0,27.0,139.88,32.0,121.82,5.640000000000001,36.0,54.0,4.381845501611414,90,-18.0,0.0,-0.2
07:43:12,117.88,16.0,130.44,32.0,114.73,44.0,161.05,42.0,124.16,12.560000000000002,60.0,74.0,3.935263650632878,134,-14.0,44.0,-0.1
07:43:13,116.0,10.0,125.6,30.0,112.0,70.0,127.33,30.0,120.8,9.599999999999994,80.0,60.0,3.281661164714096,140,20.0,6.0,0.14
07:43:14,112.25,32.0,122.5,20.0,111.58,24.0,123.27,22.0,117.38,10.25,56.0,42.0,2.939860540908869,98,14.0,-42.0,0.14
07:43:15,112.16,64.0,119.69,52.0,111.81,96.0,133.96,50.0,115.92,7.530000000000001,160.0,102.0,3.345426729132349,262,58.0,157.5,0.22
07:43:16,118.0,48.0,195.49,35.0,112.64,90.0,283.12,40.0,156.74,77.49000000000001,138.0,75.0,16.928408076366566,213,63.0,-49.0,0.3
07:43:17,119.0,18.0,264.83,30.0,118.0,18.0,358.91,11.0,191.92,145.82999999999998,36.0,41.0,33.29617575638367,77,-5.0,-136.0,-0.06
07:43:18,119.0,8.0,215.43,14.0,118.0,8.0,295.0,10.0,167.21,96.43,16.0,24.0,32.87959519215513,40,-8.0,-37.0,-0.2
07:43:19,118.57,14.0,178.68,25.0,112.49,98.0,364.22,18.0,148.63,60.110000000000014,112.0,43.0,27.736015034607806,155,69.0,115.0,0.45
07:43:20,118.0,4.0,248.46,13.0,112.0,60.0,288.86,7.0,183.23,130.46,64.0,20.0,17.991507163103076,84,44.0,-71.0,0.52
07:43:21,118.0,11.0,201.78,40.0,112.0,165.0,249.75,40.0,159.89,83.78,176.0,80.0,17.478826619655834,256,96.0,157.5,0.38
07:43:22,118.0,14.0,218.07,56.0,112.0,210.0,242.98,57.0,168.04,100.07,224.0,113.0,12.64661614820303,337,111.0,81.0,0.33
07:43:23,112.29,102.0,162.27,30.0,111.84,89.0,209.92,26.0,137.28,49.980000000000004,191.0,56.0,17.66383961657231,247,135.0,-90.0,0.55
07:43:24,113.33,43.0,124.37,38.0,114.64,36.0,168.94,34.0,118.85,11.040000000000006,79.0,72.0,25.49420855802332,151,7.0,-96.0,0.05
07:43:25,117.67,12.0,122.47,30.0,116.23,39.0,123.78,36.0,120.07,4.799999999999997,51.0,66.0,22.52980315049356,117,-15.0,-34.0,-0.13
07:43:26,116.43,14.0,119.67,36.0,114.72,58.0,120.5,48.0,118.05,3.239999999999995,72.0,84.0,21.421724253663374,156,-12.0,39.0,-0.08
07:43:27,115.0,12.0,119.0,24.0,113.0,24.0,120.0,48.0,117.0,4.0,36.0,72.0,8.476670926725292,108,-36.0,-48.0,-0.33
07:43:28,113.74,19.0,116.33,42.0,112.44,32.0,117.78,36.0,115.04,2.5900000000000034,51.0,78.0,1.9088923489788094,129,-27.0,21.0,-0.21
07:43:29,112.0,21.0,115.91,23.0,111.0,14.0,142.67,15.0,113.96,3.9099999999999966,35.0,38.0,2.4215552853465594,73,-3.0,-56.0,-0.04
07:43:30,111.38,16.0,115.57,21.0,110.04,89.0,248.17,12.0,113.47,4.189999999999998,105.0,33.0,1.9657390467683842,138,72.0,65.0,0.52
07:43:31,111.0,14.0,114.8,20.0,110.0,119.0,141.62,13.0,112.9,3.799999999999997,133.0,33.0,1.6163786685024915,166,100.0,28.0,0.6
07:43:32,111.0,8.0,122.0,8.0,110.0,68.0,594.0,4.0,116.5,11.0,76.0,12.0,1.4251947235342592,88,64.0,-78.0,0.73
07:43:33,115.2,20.0,145.06,16.0,110.08,74.0,259.53,15.0,130.13,29.86,94.0,31.0,7.252432005885328,125,63.0,37.0,0.5
07:43:35,118.0,9.0,342.11,45.0,111.0,18.0,696.56,18.0,230.06,224.11,27.0,63.0,93.40126642610362,90,-36.0,3.0,-0.4
07:43:38,111.0,22.0,292.81,31.0,97.77,31.0,398.0,55.0,201.9,181.81,53.0,86.0,48.6170070037224,139,-33.0,-158.5,-0.24
07:43:39,112.77,44.0,341.34,29.0,112.45,51.0,434.7,44.0,227.06,228.57,95.0,73.0,34.55253796756458,168,22.0,29.0,0.13
07:43:40,115.85,80.0,399.68,59.0,114.56,50.0,484.77,65.0,257.76,283.83000000000004,130.0,124.0,34.13433725737167,254,6.0,86.0,0.02
07:43:42,118.0,72.0,148.0,45.0,116.0,18.0,261.78,18.0,133.0,30.0,90.0,63.0,55.44087751830765,153,27.0,62.0,0.18
07:43:43,118.06,102.0,147.0,75.0,117.0,44.0,148.0,75.0,132.53,28.939999999999998,146.0,150.0,67.97989577809008,296,-4.0,143.0,-0.01
07:43:44,119.0,9.0,146.22,45.0,118.0,72.0,148.0,45.0,132.61,27.22,81.0,90.0,73.20335941744743,171,-9.0,-125.0,-0.05
07:43:45,119.0,5.0,144.8,25.0,118.0,40.0,207.2,25.0,131.9,25.80000000000001,45.0,50.0,63.335618178083564,95,-5.0,-76.0,-0.05
07:43:46,119.0,8.0,143.56,32.0,118.0,64.0,177.91,22.0,131.28,24.560000000000002,72.0,54.0,0.6769268793519934,126,18.0,31.0,0.14
07:43:47,119.0,6.0,142.0,6.0,118.0,48.0,143.0,30.0,130.5,23.0,54.0,36.0,0.8878231805878964,90,18.0,-36.0,0.2
07:43:48,119.0,10.0,140.5,10.0,118.0,82.0,143.0,50.0,129.75,21.5,92.0,60.0,1.1265744538152807,152,32.0,62.0,0.21
07:43:49,118.33,27.0,138.11,36.0,117.93,84.0,140.14,28.0,128.22,19.780000000000015,111.0,64.0,1.4304544732319049,175,47.0,23.0,0.27
07:43:50,118.0,78.0,133.94,33.0,116.0,13.0,135.48,29.0,125.97,15.939999999999998,91.0,62.0,2.1033615951588303,153,29.0,-22.0,0.19
07:43:51,118.0,55.0,127.63,43.0,116.0,19.0,131.88,59.0,122.81,9.629999999999995,74.0,102.0,3.11870966907613,176,-28.0,23.0,-0.16
07:43:52,119.0,72.0,124.54,28.0,118.0,24.0,124.96,24.0,121.77,5.540000000000006,96.0,52.0,3.414041593183767,148,44.0,-28.0,0.3
07:43:53,118.74,35.0,120.86,14.0,117.41,27.0,142.5,38.0,119.8,2.1200000000000045,62.0,52.0,3.3656099001501234,114,10.0,-34.0,0.09
07:43:54,114.43,60.0,119.94,17.0,110.07,72.0,370.35,63.0,117.19,5.509999999999991,132.0,80.0,3.287692199703052,212,52.0,98.0,0.25
07:43:55,115.0,27.0,117.0,11.0,110.0,55.0,145.25,12.0,116.0,2.0,82.0,23.0,2.906205429763709,105,59.0,-107.0,0.56
07:43:56,115.0,10.0,116.0,10.0,110.0,50.0,257.38,32.0,115.5,1.0,60.0,42.0,2.662023666308751,102,18.0,-3.0,0.18
07:43:57,110.0,45.0,228.22,18.0,109.0,9.0,398.2,20.0,169.11,118.22,54.0,38.0,23.30893712720486,92,16.0,-10.0,0.17
07:43:58,111.05,56.0,369.0,20.0,110.1,20.0,617.29,28.0,240.03,257.95,76.0,48.0,54.50017733916095,124,28.0,32.0,0.23
07:43:59,117.0,27.0,159.0,12.0,111.2,30.0,677.67,12.0,138.0,42.0,57.0,24.0,51.95380900376788,81,33.0,-43.0,0.41
07:44:00,117.67,18.0,167.33,12.0,114.5,12.0,604.33,12.0,142.5,49.66000000000001,30.0,24.0,48.09628124917761,54,6.0,-27.0,0.11
07:44:01,118.0,40.0,338.8,20.0,117.0,20.0,560.64,33.0,228.4,220.8,60.0,53.0,47.87983573488943,113,7.0,59.0,0.06
07:44:03,112.27,22.0,270.2,20.0,110.97,58.0,559.0,20.0,191.24,157.93,80.0,40.0,56.87084033140355,120,40.0,36.0,0.33
07:44:04,113.0,18.0,269.78,36.0,111.0,72.0,532.89,9.0,191.39,156.77999999999997,90.0,45.0,47.98301814183844,135,45.0,15.0,0.33
07:44:05,111.4,40.0,269.0,32.0,110.8,40.0,571.91,11.0,190.2,157.6,80.0,43.0,35.61093413545898,123,37.0,-12.0,0.3
07:44:06,111.0,68.0,258.85,40.0,110.0,24.0,304.9,29.0,184.93,147.85000000000002,92.0,69.0,36.65518449005539,161,23.0,38.0,0.14
07:44:07,112.59,97.0,247.93,43.0,110.81,54.0,306.98,45.0,180.26,135.34,151.0,88.0,4.883086114333373,239,63.0,78.0,0.26
07:44:08,114.45,29.0,134.73,44.0,112.97,71.0,158.18,44.0,124.59,20.279999999999987,100.0,88.0,28.12684358402118,188,12.0,-51.0,0.06
07:44:09,119.0,16.0,132.75,32.0,116.86,58.0,135.0,32.0,125.88,13.75,74.0,64.0,32.996920613899604,138,10.0,-50.0,0.07
07:44:10,119.0,20.0,131.1,40.0,117.36,84.0,132.3,40.0,125.05,12.099999999999994,104.0,80.0,31.4978438944635,184,24.0,46.0,0.13
07:44:11,119.0,22.0,129.82,44.0,118.0,88.0,131.45,44.0,124.41,10.819999999999993,110.0,88.0,24.727380977369815,198,22.0,14.0,0.11
07:44:12,119.0,20.0,127.3,40.0,118.0,80.0,128.8,40.0,123.15,8.299999999999997,100.0,80.0,0.9972863179601538,180,20.0,-18.0,0.11
07:44:13,119.0,14.0,126.0,28.0,118.0,56.0,201.0,24.0,122.5,7.0,70.0,52.0,1.3767243732826477,122,18.0,-58.0,0.15
07:44:14,119.0,10.0,125.0,20.0,118.0,40.0,424.67,18.0,122.0,6.0,50.0,38.0,1.2818619270383473,88,12.0,-34.0,0.14
07:44:15,118.77,26.0,124.27,44.0,117.9,89.0,297.43,35.0,121.52,5.5,115.0,79.0,1.1233565774011607,194,36.0,106.0,0.19
07:44:16,118.0,30.0,123.0,20.0,117.0,45.0,230.8,15.0,120.5,5.0,75.0,35.0,1.0038824632348355,110,40.0,-84.0,0.36
07:44:17,118.0,42.0,123.0,28.0,117.0,63.0,210.0,21.0,120.5,5.0,105.0,49.0,0.8950307257242248,154,56.0,44.0,0.36
07:44:18,117.63,73.0,120.74,38.0,116.86,84.0,122.17,48.0,119.18,3.1099999999999994,157.0,86.0,1.0891280916358828,243,71.0,89.0,0.29
07:44:19,114.47,45.0,117.04,46.0,113.2,71.0,119.75,48.0,115.76,2.5700000000000074,116.0,94.0,2.245555610531703,210,22.0,-33.0,0.1
07:44:20,113.0,32.0,114.57,21.0,112.0,28.0,116.29,21.0,113.79,1.5699999999999932,60.0,42.0,3.02570322404403,102,18.0,-108.0,0.18
07:44:21,112.07,30.0,113.46,26.0,111.22,36.0,115.78,27.0,112.76,1.3900000000000006,66.0,53.0,3.3544626991502646,119,13.0,17.0,0.11
07:44:22,112.0,16.0,115.77,39.0,110.89,37.0,287.56,27.0,113.88,3.769999999999996,53.0,66.0,2.537652458472303,119,-13.0,0.0,-0.11
07:44:23,111.44,16.0,115.8,30.0,110.88,24.0,196.47,38.0,113.62,4.359999999999999,40.0,68.0,1.0989631476944703,108,-28.0,-11.0,-0.26
07:44:24,111.91,82.0,114.43,42.0,111.65,72.0,199.34,47.0,113.17,2.5200000000000102,154.0,89.0,0.4700319138000664,243,65.0,135.0,0.27
07:44:25,112.0,70.0,113.0,30.0,111.0,30.0,206.15,46.0,112.5,1.0,100.0,76.0,0.5749608682254466,176,24.0,-67.0,0.14
07:44:26,112.0,30.0,139.05,19.0,111.0,15.0,194.13,15.0,125.53,27.05000000000001,45.0,34.0,5.497740444945589,79,11.0,-97.0,0.14
07:44:27,112.0,66.0,116.0,31.0,111.0,33.0,117.11,38.0,114.0,4.0,99.0,69.0,5.487843838885225,168,30.0,89.0,0.18
07:44:28,112.0,66.0,113.84,19.0,111.0,33.0,182.28,29.0,112.92,1.8400000000000034,99.0,48.0,5.564605107282145,147,51.0,-21.0,0.35
07:44:29,113.0,126.0,168.0,10.0,112.0,54.0,313.33,21.0,140.5,55.0,180.0,31.0,12.116794130461672,211,149.0,64.0,0.71
07:44:30,113.91,143.0,183.43,14.0,111.54,78.0,452.48,29.0,148.67,69.52000000000001,221.0,43.0,15.90975581207927,264,178.0,53.0,0.67
07:44:32,114.0,62.0,257.43,21.0,111.0,63.0,484.0,27.0,185.71,143.43,125.0,48.0,64.6247914503404,173,77.0,-9.0,0.45
07:44:33,114.47,45.0,360.89,27.0,111.0,81.0,732.33,18.0,237.68,246.42,126.0,45.0,59.29699612965221,171,81.0,-2.0,0.47
07:44:34,116.09,11.0,393.0,18.0,111.5,40.0,0.0,0.0,254.55,276.90999999999997,51.0,18.0,53.08622938201571,69,33.0,-102.0,0.48
07:44:38,117.5,8.0,414.57,14.0,116.33,12.0,443.5,6.0,266.04,297.07,20.0,20.0,43.57188348006064,40,0.0,-16.0,0.0
07:44:39,113.96,81.0,256.89,9.0,110.74,57.0,463.0,27.0,185.43,142.93,138.0,36.0,66.23888095371164,174,102.0,134.0,0.59
07:44:40,115.0,80.0,282.4,10.0,111.0,56.0,458.06,16.0,198.7,167.39999999999998,136.0,26.0,76.43292929098027,162,110.0,-12.0,0.68
07:44:41,115.0,70.0,146.21,19.0,111.0,49.0,330.0,7.0,130.61,31.210000000000008,119.0,26.0,75.28894825935609,145,93.0,-17.0,0.64
07:44:42,115.13,47.0,269.0,9.0,111.44,55.0,342.0,9.0,192.06,153.87,102.0,18.0,48.233129382199586,120,84.0,-25.0,0.7
07:44:43,116.71,17.0,239.3,10.0,115.0,24.0,273.27,22.0,178.0,122.59000000000002,41.0,32.0,27.026758037175092,73,9.0,-47.0,0.12
07:44:44,117.0,16.0,227.27,11.0,115.0,21.0,278.47,17.0,172.14,110.27000000000001,37.0,28.0,26.63620318288643,65,9.0,-8.0,0.14
07:44:45,117.78,18.0,169.33,18.0,116.65,17.0,286.12,17.0,143.56,51.55000000000001,35.0,35.0,25.395243255381736,70,0.0,5.0,0.0
07:44:46,118.0,18.0,163.22,9.0,117.0,18.0,164.79,19.0,140.61,45.22,36.0,28.0,22.396392120161032,64,8.0,-6.0,0.12
07:44:47,118.0,16.0,161.12,8.0,117.0,16.0,162.25,8.0,139.56,43.120000000000005,32.0,16.0,18.700691965807394,48,16.0,-16.0,0.33
07:44:48,117.6,10.0,161.0,7.0,115.67,18.0,162.0,7.0,139.3,43.400000000000006,28.0,14.0,14.136151527201985,42,14.0,-6.0,0.33
07:44:49,117.0,8.0,160.12,8.0,115.0,24.0,162.0,8.0,138.56,43.120000000000005,32.0,16.0,1.9555868684405189,48,16.0,6.0,0.33
07:44:50,117.0,11.0,158.82,11.0,115.0,33.0,174.0,11.0,137.91,41.81999999999999,44.0,22.0,1.0247780247532838,66,22.0,18.0,0.33
07:44:51,117.0,11.0,156.24,25.0,115.0,33.0,163.18,11.0,136.62,39.24000000000001,44.0,36.0,1.1820744477474228,80,8.0,14.0,0.1
07:44:52,117.0,12.0,154.61,18.0,114.94,34.0,155.57,30.0,135.81,37.610000000000014,46.0,48.0,1.4198767552212057,94,-2.0,14.0,-0.02
07:44:53,117.0,9.0,152.21,19.0,114.66,29.0,153.71,17.0,134.61,35.21000000000001,38.0,36.0,1.588260054278776,74,2.0,-20.0,0.03
07:44:54,117.0,12.0,149.19,32.0,115.0,72.0,149.1,20.0,133.09,32.19,84.0,52.0,1.8507079726466213,136,32.0,62.0,0.24
07:44:55,115.02,85.0,138.32,31.0,113.6,20.0,140.45,29.0,126.67,23.299999999999997,105.0,60.0,3.969307244346064,165,45.0,29.0,0.27
07:44:56,115.0,66.0,135.25,16.0,113.0,14.0,137.05,40.0,125.12,20.25,80.0,56.0,4.843593707157782,136,24.0,-29.0,0.18
07:44:57,117.47,17.0,132.56,18.0,114.4,10.0,136.69,26.0,125.01,15.090000000000003,27.0,44.0,4.597651574447406,71,-17.0,-65.0,-0.24
07:44:58,117.31,13.0,129.65,34.0,114.25,8.0,131.14,14.0,123.48,12.340000000000003,21.0,48.0,3.7600039893620916,69,-27.0,-2.0,-0.39
07:44:59,115.96,28.0,127.3,47.0,114.85,13.0,126.85,33.0,121.63,11.340000000000003,41.0,80.0,1.9079491607532557,121,-39.0,52.0,-0.32
07:45:00,117.0,45.0,123.57,21.0,116.0,15.0,124.92,39.0,120.29,6.569999999999993,60.0,60.0,2.1171750045801963,120,0.0,-1.0,0.0
07:45:01,117.93,45.0,121.97,37.0,116.33,18.0,122.96,23.0,119.95,4.039999999999992,63.0,60.0,2.1498883691994917,123,3.0,3.0,0.02
07:45:02,119.0,262.0,120.16,19.0,117.63,38.0,121.7,43.0,119.58,1.1599999999999966,300.0,62.0,1.5944685635092881,362,238.0,157.5,0.66
07:45:03,119.0,163.0,124.14,37.0,118.0,30.0,163.75,65.0,121.57,5.140000000000001,193.0,102.0,0.9434935082020479,295,91.0,-67.0,0.31
07:45:04,119.0,135.0,121.93,67.0,118.0,30.0,122.94,53.0,120.46,2.930000000000007,165.0,120.0,0.7508328708970025,285,45.0,-10.0,0.16
07:45:05,119.0,72.0,120.62,32.0,118.0,16.0,121.38,32.0,119.81,1.6200000000000045,88.0,64.0,0.7931141153828023,152,24.0,-133.0,0.16
07:45:06,118.61,18.0,240.51,39.0,117.39,23.0,414.75,40.0,179.56,121.89999999999999,41.0,79.0,26.48853770973435,120,-38.0,-32.0,-0.32
07:45:07,118.0,10.0,319.59,29.0,116.0,10.0,617.52,29.0,218.79,201.58999999999997,20.0,58.0,45.214497343219655,78,-38.0,-42.0,-0.49
07:45:08,115.6,5.0,171.0,15.0,114.2,5.0,346.14,14.0,143.3,55.400000000000006,10.0,29.0,42.517696668563985,39,-19.0,-39.0,-0.49
07:45:09,115.95,38.0,129.08,26.0,114.64,11.0,163.39,23.0,122.51,13.13000000000001,49.0,49.0,42.09243316796995,98,0.0,59.0,0.0
07:45:10,112.14,14.0,222.33,48.0,110.71,14.0,362.26,31.0,167.24,110.19000000000001,28.0,79.0,36.66903802937863,107,-51.0,9.0,-0.48
07:45:11,110.0,6.0,174.0,24.0,109.0,6.0,417.29,21.0,142.0,64.0,12.0,45.0,37.112944776722,57,-33.0,-50.0,-0.58
07:45:15,91.66,58.0,218.0,42.0,64.14,44.0,299.57,14.0,154.83,126.34,102.0,56.0,29.941965032375865,158,46.0,52.0,0.29
07:45:16,115.0,45.0,218.0,27.0,101.0,54.0,237.0,9.0,166.5,103.0,99.0,36.0,34.68946915131477,135,63.0,-23.0,0.47
07:45:17,115.0,40.0,147.3,10.0,107.32,38.0,208.12,16.0,131.15,32.30000000000001,78.0,26.0,34.680859706760714,104,52.0,-31.0,0.5
07:45:18,115.0,50.0,129.75,12.0,113.0,40.0,170.04,28.0,122.38,14.75,90.0,40.0,19.1635422091016,130,50.0,26.0,0.38
07:45:19,115.0,29.0,198.69,13.0,113.24,21.0,351.52,23.0,156.85,83.69,50.0,36.0,18.666704851151927,86,14.0,-44.0,0.16
07:45:20,116.64,11.0,225.0,11.0,114.82,11.0,318.82,34.0,170.82,108.36,22.0,45.0,21.620440559804027,67,-23.0,-19.0,-0.34
07:45:21,117.0,5.0,223.29,14.0,115.0,5.0,224.14,14.0,170.14,106.28999999999999,10.0,28.0,22.38214846702655,38,-18.0,-29.0,-0.47
07:45:22,118.0,32.0,126.38,48.0,117.0,16.0,164.7,27.0,122.19,8.379999999999995,48.0,75.0,24.5492470352966,123,-27.0,85.0,-0.22
07:45:23,117.96,27.0,119.19,67.0,116.86,14.0,136.47,30.0,118.58,1.230000000000004,41.0,97.0,25.595623258674888,138,-56.0,15.0,-0.41
07:45:24,118.95,74.0,121.4,40.0,116.71,14.0,122.18,44.0,120.17,2.450000000000003,88.0,84.0,27.508232404137104,172,4.0,34.0,0.02
07:45:25,119.0,54.0,120.0,36.0,116.44,9.0,121.0,18.0,119.5,1.0,63.0,54.0,22.413409602289843,117,9.0,-55.0,0.08
07:45:26,118.92,48.0,166.21,39.0,117.14,14.0,318.51,35.0,142.56,47.290000000000006,62.0,74.0,10.1272528357901,136,-12.0,19.0,-0.09
07:45:28,117.0,98.0,340.0,58.0,113.0,14.0,356.5,40.0,228.5,223.0,112.0,98.0,69.87206036750327,210,14.0,84.0,0.07
07:45:29,117.0,47.0,209.57,14.0,113.0,7.0,345.0,35.0,163.29,92.57,54.0,49.0,63.52615980838148,103,5.0,-107.0,0.05
07:45:30,117.0,42.0,194.63,62.0,113.0,13.0,221.69,29.0,155.81,77.63,55.0,91.0,55.718473327972866,146,-36.0,43.0,-0.25
07:45:31,112.26,31.0,184.0,32.0,74.26,27.0,194.0,40.0,148.13,71.74,58.0,72.0,54.51129213291521,130,-14.0,-16.0,-0.11
07:45:32,110.0,52.0,171.55,40.0,79.62,13.0,180.34,29.0,140.78,61.55000000000001,65.0,69.0,35.2290344744221,134,-4.0,4.0,-0.03
