Time,Bid1_Price,Bid1_Volume,Ask1_Price,Ask1_Volume,Bid2_Price,Bid2_Volume,Ask2_Price,Ask2_Volume,Mid-Price,Bid_Ask_Spread,Market_Depth_Bid,Market_Depth_Ask,Historical_Volatility,Total_volume,Cumulative_Volume_Difference,Total_Volume_Change_Corrected,Order_imbalance
07:30:22,348.07,81.0,354.37,19.0,346.17,92.0,359.89,19.0,351.22,6.300000000000011,173.0,38.0,4.416137452568952,211,135.0,-67.0,0.64
07:30:23,348.0,52.0,351.92,26.0,346.0,91.0,353.0,13.0,349.96,3.920000000000016,143.0,39.0,4.1764901532246395,182,104.0,-29.0,0.57
07:30:24,348.0,57.0,349.53,19.0,346.0,126.0,351.29,34.0,348.76,1.5299999999999727,183.0,53.0,3.7668581072270815,236,130.0,54.0,0.55
07:30:25,348.0,42.0,349.88,68.0,346.0,147.0,350.96,52.0,348.94,1.8799999999999955,189.0,120.0,2.6683140744639533,309,69.0,73.0,0.22
07:30:26,346.15,106.0,354.13,45.0,340.49,67.0,357.56,54.0,350.14,7.980000000000018,173.0,99.0,0.9973364527492296,272,74.0,-37.0,0.27
07:31:42,349.64,22.0,369.0,36.0,343.17,36.0,370.96,103.0,359.32,19.360000000000014,58.0,139.0,2.1672494088092384,197,-81.0,61.0,-0.41
07:31:43,344.67,18.0,369.0,36.0,342.38,48.0,371.0,108.0,356.83,24.329999999999984,66.0,144.0,2.2547438878915007,210,-78.0,13.0,-0.37
07:31:44,346.6,15.0,368.21,47.0,345.6,15.0,370.81,119.0,357.41,21.609999999999957,30.0,166.0,2.0411834802349245,196,-136.0,-14.0,-0.69
07:31:45,350.6,15.0,367.0,60.0,349.94,96.0,368.0,45.0,358.8,16.399999999999977,111.0,105.0,1.8694464421276562,216,6.0,20.0,0.03
07:31:46,351.53,17.0,366.76,63.0,350.1,89.0,367.64,56.0,359.15,15.230000000000018,106.0,119.0,1.114212726540126,225,-13.0,9.0,-0.06
07:31:49,348.55,89.0,360.54,46.0,347.2,45.0,361.79,39.0,354.55,11.990000000000009,134.0,85.0,1.94696430372622,219,49.0,88.0,0.22
07:31:50,347.63,118.0,357.82,33.0,346.81,81.0,360.0,33.0,352.72,10.189999999999998,199.0,66.0,2.9418820506581493,265,133.0,46.0,0.5
07:31:51,349.48,146.0,356.33,45.0,347.96,157.0,358.27,45.0,352.91,6.849999999999966,303.0,90.0,2.9933977350137093,393,213.0,128.0,0.54
07:32:22,351.39,75.0,357.0,26.0,345.25,48.0,364.0,65.0,354.19,5.610000000000014,123.0,91.0,2.3745841741205784,214,32.0,-38.0,0.15
07:32:24,348.59,22.0,362.38,16.0,344.88,48.0,368.25,61.0,355.48,13.79000000000002,70.0,77.0,1.616895172849589,147,-7.0,-41.0,-0.05
07:32:25,350.62,13.0,367.0,13.0,346.0,135.0,368.0,65.0,358.81,16.379999999999995,148.0,78.0,1.8872519704544575,226,70.0,79.0,0.31
07:32:26,351.0,17.0,364.67,45.0,350.0,102.0,367.52,29.0,357.83,13.670000000000016,119.0,74.0,2.104585469869089,193,45.0,-33.0,0.23
07:32:28,350.0,30.0,361.0,30.0,346.0,30.0,365.0,48.0,355.5,11.0,60.0,78.0,1.4574395356184549,138,-18.0,-28.0,-0.13
07:32:29,350.0,21.0,361.0,21.0,346.6,30.0,365.0,35.0,355.5,11.0,51.0,56.0,1.452504733205286,107,-5.0,-31.0,-0.05
07:32:30,350.0,45.0,357.69,59.0,347.0,90.0,359.74,61.0,353.85,7.689999999999998,135.0,120.0,1.5371174320734682,255,15.0,148.0,0.06
07:32:31,350.0,48.0,355.46,72.0,347.0,96.0,356.93,56.0,352.73,5.4599999999999795,144.0,128.0,1.6537926109354035,272,16.0,17.0,0.06
07:32:32,350.0,33.0,352.27,55.0,347.0,66.0,354.0,33.0,351.14,2.269999999999982,99.0,88.0,1.86998128332479,187,11.0,-85.0,0.06
07:32:33,347.2,60.0,352.25,51.0,346.17,47.0,354.71,38.0,349.73,5.050000000000011,107.0,89.0,2.2559587762158713,196,18.0,9.0,0.09
07:32:34,345.29,14.0,350.9,29.0,305.26,43.0,352.73,15.0,348.09,5.609999999999957,57.0,44.0,2.2998739095841687,101,13.0,-95.0,0.13
07:32:35,344.61,28.0,352.02,46.0,269.76,49.0,354.92,49.0,348.31,7.409999999999968,77.0,95.0,1.9576516544028544,172,-18.0,71.0,-0.1
07:32:36,347.05,22.0,360.98,55.0,259.26,35.0,361.52,61.0,354.01,13.930000000000007,57.0,116.0,2.4304896625960284,173,-59.0,1.0,-0.34
07:32:42,352.0,52.0,354.15,13.0,349.0,52.0,360.86,21.0,353.08,2.1499999999999773,104.0,34.0,1.2151213931066867,138,70.0,30.0,0.51
07:32:43,351.31,35.0,356.83,18.0,348.46,52.0,364.21,38.0,354.07,5.519999999999982,87.0,56.0,0.911026893118709,143,31.0,5.0,0.22
07:32:44,349.0,48.0,363.68,22.0,346.0,48.0,365.0,26.0,356.34,14.680000000000007,96.0,48.0,1.2478381305223538,144,48.0,1.0,0.33
07:32:45,349.0,21.0,363.0,9.0,346.0,36.0,365.0,27.0,356.0,14.0,57.0,36.0,1.4574909948214216,93,21.0,-51.0,0.23
07:32:46,349.0,10.0,363.0,10.0,346.0,40.0,365.0,34.0,356.0,14.0,50.0,44.0,1.4403888363860555,94,6.0,1.0,0.06
07:32:47,349.0,11.0,363.0,11.0,346.12,32.0,365.0,34.0,356.0,14.0,43.0,45.0,0.9130826906614811,88,-2.0,-6.0,-0.02
07:32:48,349.0,10.0,363.0,10.0,346.69,13.0,365.0,30.0,356.0,14.0,23.0,40.0,0.1520526224228063,63,-17.0,-25.0,-0.27
07:32:49,348.64,33.0,362.0,38.0,345.91,33.0,363.22,9.0,355.32,13.360000000000014,66.0,47.0,0.30410524491632046,113,19.0,50.0,0.17
07:32:50,349.0,58.0,361.42,55.0,346.0,64.0,362.31,26.0,355.21,12.420000000000016,122.0,81.0,0.4044502441408583,203,41.0,90.0,0.2
07:32:52,350.0,12.0,355.0,44.0,345.67,18.0,356.29,28.0,352.5,5.0,30.0,72.0,1.386488369942387,102,-42.0,-54.0,-0.41
07:32:53,346.0,11.0,353.45,22.0,345.0,22.0,355.0,44.0,349.73,7.449999999999989,33.0,66.0,2.5296501734400767,99,-33.0,-3.0,-0.33
07:32:54,346.0,13.0,351.06,34.0,345.0,26.0,352.18,44.0,348.53,5.060000000000002,39.0,78.0,3.163008061953915,117,-39.0,18.0,-0.33
07:32:55,345.71,14.0,348.5,28.0,344.91,22.0,352.96,46.0,347.11,2.7900000000000205,36.0,74.0,3.3724649738708066,110,-38.0,-7.0,-0.35
07:32:56,340.98,43.0,346.19,42.0,335.66,47.0,357.29,38.0,343.58,5.2099999999999795,90.0,80.0,3.29514036119637,170,10.0,60.0,0.06
07:32:57,336.0,168.0,353.72,18.0,335.0,84.0,361.44,50.0,344.86,17.720000000000027,252.0,68.0,2.539620050319571,320,184.0,150.0,0.57
07:32:58,336.88,192.0,357.67,36.0,333.0,96.0,360.04,68.0,347.27,20.79000000000002,288.0,104.0,2.0023361356138665,392,184.0,72.0,0.47
07:32:59,345.0,48.0,356.0,30.0,341.07,58.0,360.0,36.0,350.5,11.0,106.0,66.0,2.647948262331643,172,40.0,-182.5,0.23
07:33:11,352.0,121.0,360.43,37.0,351.0,33.0,367.13,45.0,356.22,8.430000000000007,154.0,82.0,0.9059414992075508,236,72.0,85.0,0.31
07:33:12,352.0,124.0,364.0,60.0,351.0,36.0,365.04,52.0,358.0,12.0,160.0,112.0,1.5894118408979074,272,48.0,36.0,0.18
07:33:13,352.0,70.0,364.0,50.0,351.0,30.0,365.0,50.0,358.0,12.0,100.0,100.0,1.8682076972292325,200,0.0,-72.0,0.0
07:33:14,352.0,56.0,364.0,40.0,351.0,24.0,365.0,40.0,358.0,12.0,80.0,80.0,1.8152685751663822,160,0.0,-40.0,0.0
07:33:15,352.0,48.0,364.0,45.0,351.0,27.0,365.0,45.0,358.0,12.0,75.0,90.0,0.7960401999814956,165,-15.0,5.0,-0.09
07:33:16,352.0,30.0,364.42,69.0,351.0,45.0,365.73,110.0,358.21,12.420000000000016,75.0,179.0,0.09391485498364092,254,-104.0,89.0,-0.41
07:33:59,339.53,34.0,367.4,20.0,340.14,14.0,368.93,29.0,353.46,27.870000000000005,48.0,49.0,3.9079623846689686,97,-1.0,3.0,-0.01
07:34:00,338.9,40.0,357.92,53.0,334.31,13.0,363.39,38.0,348.41,19.02000000000004,53.0,91.0,6.301129263869127,144,-38.0,47.0,-0.26
07:34:01,338.0,15.0,340.0,46.0,241.12,41.0,346.27,33.0,339.0,2.0,56.0,79.0,9.569155135119756,135,-23.0,-9.0,-0.17
07:34:02,338.0,9.0,340.0,25.0,292.0,18.0,344.0,18.0,339.0,2.0,27.0,43.0,9.433760119909222,70,-16.0,-65.0,-0.23
07:34:03,338.0,7.0,340.0,14.0,232.0,29.0,344.0,14.0,339.0,2.0,36.0,28.0,6.776509425950092,64,8.0,-6.0,0.12
07:34:06,284.15,52.0,343.0,18.0,270.55,44.0,344.33,36.0,313.58,58.85000000000002,96.0,54.0,16.143339183700316,150,42.0,-22.0,0.28
07:34:07,284.0,36.0,343.0,12.0,84.0,12.0,344.0,24.0,313.5,59.0,48.0,36.0,13.075737072914668,84,12.0,-66.0,0.14
07:34:08,285.22,54.0,343.0,14.0,217.27,44.0,344.0,44.0,314.11,57.77999999999997,98.0,58.0,4.120736584640663,156,40.0,72.0,0.26
07:34:09,289.71,41.0,343.0,12.0,286.73,66.0,344.0,48.0,316.35,53.29000000000002,107.0,60.0,1.3330978958784871,167,47.0,11.0,0.28
07:34:10,328.3,30.0,353.65,31.0,297.03,32.0,428.21,28.0,340.97,25.349999999999966,62.0,59.0,11.945479061134158,121,3.0,-46.0,0.02
07:34:11,347.65,43.0,360.8,50.0,346.6,47.0,399.12,48.0,354.23,13.150000000000034,90.0,98.0,18.67483119066924,188,-8.0,67.0,-0.04
07:34:12,349.27,44.0,410.33,33.0,348.6,70.0,587.94,31.0,379.8,61.06,114.0,64.0,27.436864252315523,178,50.0,-10.0,0.28
07:34:13,349.12,51.0,431.92,26.0,347.25,48.0,526.72,32.0,390.52,82.80000000000001,99.0,58.0,29.826696598852283,157,41.0,-21.0,0.26
07:34:14,350.5,48.0,418.0,24.0,349.5,48.0,549.75,40.0,384.25,67.5,96.0,64.0,21.281424529386747,160,32.0,3.0,0.2
07:34:34,349.0,33.0,355.72,29.0,348.0,55.0,462.24,29.0,352.36,6.720000000000027,88.0,58.0,1.8807764354069427,146,30.0,53.0,0.21
07:34:35,348.81,32.0,350.93,28.0,347.33,60.0,413.5,32.0,349.87,2.1200000000000045,92.0,60.0,2.9693315746110702,152,32.0,6.0,0.21
07:34:36,348.29,17.0,410.93,29.0,342.15,41.0,560.12,26.0,379.61,62.639999999999986,58.0,55.0,11.992598967695931,113,3.0,-39.0,0.03
07:34:38,339.56,16.0,353.0,4.0,336.43,14.0,458.0,12.0,346.28,13.439999999999998,30.0,16.0,65.68362604180723,46,14.0,-29.0,0.3
07:34:39,339.0,30.0,343.17,12.0,335.0,18.0,413.8,10.0,341.08,4.170000000000016,48.0,22.0,67.29346602754221,70,26.0,24.0,0.37
07:34:40,340.93,40.0,344.58,43.0,292.51,69.0,480.46,35.0,342.75,3.6499999999999773,109.0,78.0,68.25278844120567,187,31.0,117.0,0.17
07:34:41,349.0,20.0,352.92,25.0,343.85,39.0,413.47,17.0,350.96,3.920000000000016,59.0,42.0,69.70380678270001,101,17.0,-86.0,0.17
07:34:42,340.03,35.0,359.46,24.0,309.33,43.0,379.16,25.0,349.74,19.430000000000007,78.0,49.0,4.280925133656689,127,29.0,26.0,0.23
07:34:43,339.0,120.0,345.03,31.0,268.0,45.0,352.36,55.0,342.02,6.029999999999973,165.0,86.0,4.658808860639538,251,79.0,124.0,0.31
07:34:44,339.0,96.0,346.0,34.0,147.07,56.0,347.5,30.0,342.5,7.0,152.0,64.0,4.370867190841362,216,88.0,-35.0,0.41
07:34:45,339.0,31.0,342.0,21.0,250.29,35.0,348.05,21.0,340.5,3.0,66.0,42.0,4.828714114541615,108,24.0,-108.0,0.22
07:34:48,338.0,9.0,341.0,27.0,275.54,41.0,348.0,36.0,339.5,3.0,50.0,63.0,27.068843713760103,113,-13.0,-23.0,-0.12
07:34:49,338.0,3.0,341.0,9.0,284.31,13.0,348.0,12.0,339.5,3.0,16.0,21.0,26.529555216776053,37,-5.0,-76.0,-0.14
07:34:50,337.62,21.0,345.52,31.0,313.62,48.0,351.77,53.0,341.57,7.899999999999977,69.0,84.0,26.725432269655986,153,-15.0,116.0,-0.1
07:34:51,331.93,30.0,345.08,52.0,276.19,27.0,351.55,53.0,338.51,13.149999999999977,57.0,105.0,25.810433355524474,162,-48.0,9.0,-0.3
07:34:52,334.0,14.0,341.0,50.0,333.0,26.0,347.0,32.0,337.5,7.0,40.0,82.0,1.50795556962805,122,-42.0,-40.0,-0.34
07:34:53,335.0,5.0,341.0,23.0,334.0,15.0,346.71,17.0,338.0,6.0,20.0,40.0,1.608082709307013,60,-20.0,-62.0,-0.33
07:34:54,335.0,10.0,341.0,31.0,334.0,30.0,342.0,10.0,338.0,6.0,40.0,41.0,1.6349097834351918,81,-1.0,21.0,-0.01
07:34:55,337.03,36.0,342.67,43.0,333.4,20.0,344.7,20.0,339.85,5.640000000000043,56.0,63.0,0.9000944394740183,119,-7.0,38.0,-0.06
07:34:56,337.62,24.0,347.0,32.0,323.0,8.0,348.0,24.0,342.31,9.379999999999995,32.0,56.0,1.9900678380327288,88,-24.0,-31.0,-0.27
07:34:57,339.05,38.0,347.0,28.0,337.32,22.0,348.0,24.0,343.03,7.949999999999989,60.0,52.0,2.3588280988602235,112,8.0,24.0,0.07
07:34:58,343.81,59.0,350.7,54.0,338.98,41.0,352.38,16.0,347.26,6.889999999999986,100.0,70.0,3.5144914283539097,170,30.0,58.0,0.18
07:34:59,349.19,43.0,351.0,17.0,342.09,33.0,354.27,11.0,350.09,1.8100000000000023,76.0,28.0,4.106241590551367,104,48.0,-66.0,0.46
07:35:00,349.1,39.0,356.0,21.0,344.33,45.0,414.02,41.0,352.55,6.899999999999977,84.0,62.0,4.420511282643072,146,22.0,42.0,0.15
07:35:01,349.25,20.0,358.0,40.0,346.75,40.0,455.67,36.0,353.62,8.75,60.0,76.0,4.281442513916937,136,-16.0,-10.0,-0.12
07:35:02,349.0,55.0,355.15,27.0,338.26,39.0,376.96,25.0,352.07,6.149999999999977,94.0,52.0,2.507881576146639,146,42.0,10.0,0.29
07:35:03,349.0,65.0,350.0,59.0,218.95,21.0,351.92,13.0,349.5,1.0,86.0,72.0,1.7239576560855197,158,14.0,12.0,0.09
07:35:04,349.0,34.0,350.0,30.0,294.86,29.0,353.0,10.0,349.5,1.0,63.0,40.0,1.864690322808545,103,23.0,-55.0,0.22
07:35:05,337.92,39.0,355.12,16.0,331.46,13.0,377.21,14.0,346.52,17.19999999999999,52.0,30.0,2.725200910020325,82,22.0,-21.0,0.27
07:35:06,329.0,5.0,362.0,25.0,188.27,22.0,404.0,25.0,345.5,33.0,27.0,50.0,2.626579524776504,77,-23.0,-5.0,-0.3
07:35:07,329.0,7.0,362.0,35.0,194.0,32.0,418.86,35.0,345.5,33.0,39.0,70.0,2.0474569592484353,109,-31.0,32.0,-0.28
07:35:08,341.29,24.0,361.8,46.0,284.57,42.0,546.71,34.0,351.55,20.50999999999999,66.0,80.0,2.6987923224981585,146,-14.0,37.0,-0.1
07:35:09,345.0,24.0,362.0,40.0,342.61,36.0,588.0,16.0,353.5,17.0,60.0,56.0,3.7490638831547276,116,4.0,-30.0,0.03
07:35:10,346.0,33.0,362.0,65.0,341.0,13.0,440.96,56.0,354.0,16.0,46.0,121.0,4.2175822457867485,167,-75.0,51.0,-0.45
07:35:11,346.18,22.0,362.0,55.0,342.0,11.0,442.14,37.0,354.09,15.819999999999993,33.0,92.0,3.6297617001638223,125,-59.0,-42.0,-0.47
07:35:12,349.46,24.0,362.0,75.0,235.07,43.0,432.0,30.0,355.73,12.54000000000002,67.0,105.0,1.4998433251433345,172,-38.0,47.0,-0.22
07:35:20,314.81,42.0,349.0,30.0,244.11,37.0,351.65,51.0,331.9,34.19,79.0,81.0,38.75149455182285,160,-2.0,-28.0,-0.01
07:35:21,345.26,47.0,349.0,21.0,344.52,42.0,421.14,28.0,347.13,3.740000000000009,89.0,49.0,48.5036428528823,138,40.0,-22.0,0.29
07:35:22,347.61,99.0,376.88,59.0,346.38,128.0,392.19,54.0,362.24,29.269999999999982,227.0,113.0,38.606796422391355,340,114.0,181.5,0.34
07:35:23,351.66,67.0,401.0,50.0,350.48,84.0,467.0,20.0,376.33,49.339999999999975,151.0,70.0,37.521804993896254,221,81.0,-119.0,0.37
07:35:35,350.74,19.0,358.15,27.0,350.13,23.0,359.16,25.0,354.44,7.409999999999968,42.0,52.0,11.946322865216283,94,-10.0,29.0,-0.11
07:35:44,349.43,83.0,358.0,10.0,346.65,37.0,495.0,10.0,353.72,8.569999999999993,120.0,20.0,1.9952869467794883,140,100.0,63.0,0.71
07:35:45,349.0,120.0,356.58,12.0,346.0,48.0,479.83,12.0,352.79,7.579999999999984,168.0,24.0,2.3994228472672474,192,144.0,52.0,0.75
07:35:53,349.62,64.0,439.18,50.0,346.25,128.0,512.89,37.0,394.4,89.56,192.0,87.0,9.880846117616223,279,105.0,100.0,0.38
07:35:55,349.0,101.0,435.05,63.0,345.0,165.0,538.25,67.0,392.02,86.05000000000001,266.0,130.0,24.88020257152289,396,136.0,103.0,0.34
07:35:56,349.0,66.0,358.25,53.0,345.0,121.0,362.4,63.0,353.62,9.25,187.0,116.0,36.644179346794076,303,71.0,-93.0,0.23
07:35:57,349.93,60.0,355.38,52.0,347.4,110.0,357.0,65.0,352.66,5.449999999999989,170.0,117.0,41.16911075065873,287,53.0,-16.0,0.18
07:35:58,350.16,76.0,353.3,71.0,348.29,112.0,354.69,64.0,351.73,3.1399999999999864,188.0,135.0,44.150328990846724,323,53.0,36.0,0.16
07:35:59,347.55,66.0,349.66,56.0,344.0,45.0,351.77,52.0,348.6,2.1100000000000136,111.0,108.0,18.15101870419381,219,3.0,-104.0,0.01
07:36:00,347.0,24.0,371.66,44.0,345.43,84.0,435.89,37.0,359.33,24.660000000000025,108.0,81.0,3.9167933312841425,189,27.0,-30.0,0.14
07:36:02,346.18,49.0,358.77,73.0,344.61,69.0,500.33,21.0,352.48,12.589999999999975,118.0,94.0,25.67292094795596,212,24.0,74.0,0.11
07:36:03,344.29,17.0,469.56,9.0,341.71,41.0,546.0,9.0,406.92,125.26999999999998,58.0,18.0,30.317555145492864,76,40.0,-136.0,0.53
07:36:18,350.0,18.0,358.0,30.0,349.0,72.0,360.0,30.0,354.0,8.0,90.0,60.0,2.158024559635623,150,30.0,37.0,0.2
07:36:19,349.32,28.0,358.0,25.0,348.95,38.0,360.0,25.0,353.66,8.680000000000007,66.0,50.0,1.9067721416020718,116,16.0,-34.0,0.14
07:36:20,349.0,81.0,356.89,45.0,348.0,9.0,359.33,45.0,352.94,7.889999999999986,90.0,90.0,1.4964357654069695,180,0.0,64.0,0.0
07:36:21,349.0,99.0,353.16,43.0,348.0,11.0,354.14,49.0,351.08,4.160000000000025,110.0,92.0,1.614397720510226,202,18.0,22.0,0.09
07:36:22,349.0,63.0,350.19,27.0,348.0,7.0,352.0,14.0,349.59,1.1899999999999977,70.0,41.0,1.8688980710536456,111,29.0,-91.0,0.26
07:36:23,349.0,81.0,350.0,33.0,348.0,11.0,352.92,49.0,349.5,1.0,92.0,82.0,1.9011259821452147,174,10.0,63.0,0.06
07:36:24,349.0,62.0,350.83,60.0,348.0,14.0,362.33,54.0,349.92,1.829999999999984,76.0,114.0,1.448992753600655,190,-38.0,16.0,-0.2
07:36:25,348.0,8.0,349.36,11.0,347.0,32.0,364.12,32.0,348.68,1.3600000000000136,40.0,43.0,0.8704481604247697,83,-3.0,-107.0,-0.04
07:37:16,347.22,54.0,350.0,36.0,327.33,36.0,394.89,19.0,348.61,2.7799999999999727,90.0,55.0,4.4113342652742205,145,35.0,-63.0,0.24
07:37:17,347.0,80.0,350.0,40.0,306.0,60.0,501.33,27.0,348.5,3.0,140.0,67.0,4.71028130794551,207,73.0,62.0,0.35
07:37:18,347.0,64.0,349.85,26.0,302.14,28.0,453.43,21.0,348.42,2.8500000000000227,92.0,47.0,3.9272293032085024,139,45.0,-68.0,0.32
07:37:19,347.0,56.0,348.0,21.0,267.57,7.0,349.0,14.0,347.5,1.0,63.0,35.0,2.7735933371672066,98,28.0,-41.0,0.29
07:37:20,347.0,28.0,348.4,10.0,245.2,5.0,349.4,10.0,347.7,1.3999999999999773,33.0,20.0,0.5079173160835588,53,13.0,-45.0,0.25
07:37:21,347.0,16.0,348.29,14.0,252.75,4.0,349.5,8.0,347.64,1.2900000000000205,20.0,22.0,0.47023398428593194,42,-2.0,-11.0,-0.05
07:37:22,304.0,8.0,348.67,9.0,131.0,8.0,349.62,16.0,326.33,44.670000000000016,16.0,25.0,9.615004940195034,41,-9.0,-1.0,-0.22
07:37:23,304.0,5.0,349.0,5.0,233.0,30.0,386.36,11.0,326.5,45.0,35.0,16.0,11.611187708411745,51,19.0,10.0,0.37
07:37:31,302.33,36.0,343.0,6.0,199.0,30.0,345.0,18.0,322.67,40.670000000000016,66.0,24.0,10.208921588491547,90,42.0,-3.0,0.47
07:37:32,302.85,41.0,343.0,8.0,270.48,27.0,345.0,28.0,322.93,40.14999999999998,68.0,36.0,8.983035121826516,104,32.0,14.0,0.31
07:37:33,308.33,84.0,343.0,12.0,292.65,49.0,345.0,60.0,325.67,34.670000000000016,133.0,72.0,10.049068613556665,205,61.0,101.0,0.3
07:37:34,324.01,81.0,342.54,13.0,305.9,58.0,352.29,41.0,333.28,18.53000000000003,139.0,54.0,8.187964948628645,193,85.0,-12.0,0.44
07:37:36,337.5,26.0,445.54,69.0,330.63,90.0,584.38,29.0,391.52,108.04000000000002,116.0,98.0,54.1014549711926,214,18.0,91.0,0.08
07:37:37,349.95,63.0,413.41,69.0,348.44,27.0,461.35,31.0,381.68,63.460000000000036,90.0,100.0,49.09022234620643,190,-10.0,-24.0,-0.05
07:37:38,351.21,29.0,357.8,56.0,350.35,43.0,393.89,56.0,354.51,6.590000000000032,72.0,112.0,43.052934510901665,184,-40.0,-6.0,-0.22
07:38:00,350.0,72.0,357.67,12.0,349.0,84.0,358.67,12.0,353.83,7.670000000000016,156.0,24.0,2.3784806074416536,180,132.0,-1.0,0.73
07:38:01,350.0,66.0,438.25,24.0,349.0,77.0,555.0,25.0,394.12,88.25,143.0,49.0,16.764514010253308,192,94.0,12.0,0.49
07:38:02,350.24,21.0,367.77,26.0,349.35,86.0,500.14,44.0,359.0,17.529999999999973,107.0,70.0,16.763714683803812,177,37.0,-15.0,0.21
07:38:03,350.0,26.0,364.62,26.0,349.0,91.0,376.57,28.0,357.31,14.620000000000005,117.0,54.0,16.875712429405148,171,63.0,-6.0,0.37
07:38:11,349.0,84.0,361.0,40.0,345.0,24.0,369.14,28.0,355.0,12.0,108.0,68.0,2.2951470541070207,176,40.0,72.0,0.23
07:38:12,349.13,47.0,357.92,26.0,347.15,26.0,359.55,22.0,353.53,8.79000000000002,73.0,48.0,2.767585590361277,121,25.0,-55.0,0.21
07:38:13,349.0,54.0,356.12,32.0,344.22,18.0,357.45,22.0,352.56,7.1200000000000045,72.0,54.0,2.8795867759063287,126,18.0,5.0,0.14
07:38:14,349.0,65.0,353.56,36.0,344.0,22.0,354.24,34.0,351.28,4.560000000000002,87.0,70.0,2.439122793131521,157,17.0,31.0,0.11
07:38:15,349.0,40.0,352.22,18.0,344.0,16.0,360.84,31.0,350.61,3.2200000000000273,56.0,49.0,1.755628092727171,105,7.0,-52.0,0.07
07:38:16,349.0,60.0,351.0,48.0,344.0,24.0,357.64,44.0,350.0,2.0,84.0,92.0,1.4395242269487114,176,-8.0,71.0,-0.05
07:38:17,347.38,37.0,349.88,32.0,341.88,34.0,351.91,44.0,348.63,2.5,71.0,76.0,1.4614821244106158,147,-5.0,-29.0,-0.03
07:38:18,343.08,26.0,349.36,44.0,324.2,50.0,351.64,44.0,346.22,6.28000000000003,76.0,88.0,2.003140035037739,164,-12.0,17.0,-0.07
07:38:19,342.0,40.0,346.86,28.0,298.27,49.0,348.89,38.0,344.43,4.860000000000014,89.0,66.0,2.6038375525309294,155,23.0,-9.0,0.15
07:38:20,341.33,48.0,345.93,42.0,318.24,50.0,347.0,24.0,343.63,4.600000000000023,98.0,66.0,2.7089425981311317,164,32.0,9.0,0.2
07:38:21,338.16,74.0,342.25,32.0,288.42,100.0,345.0,32.0,340.21,4.089999999999975,174.0,64.0,3.1266723525128834,238,110.0,74.0,0.46
07:38:22,339.39,88.0,341.93,58.0,338.26,92.0,344.85,34.0,340.66,2.5400000000000205,180.0,92.0,2.5527142417371307,272,88.0,34.0,0.32
07:38:23,342.86,42.0,346.74,43.0,339.29,56.0,403.91,46.0,344.8,3.8799999999999955,98.0,89.0,2.1574823290046634,187,9.0,-85.0,0.05
07:38:24,346.73,45.0,350.0,60.0,340.8,46.0,502.93,75.0,348.37,3.269999999999982,91.0,135.0,3.328202217409235,226,-44.0,39.0,-0.19
07:38:25,348.12,17.0,362.33,58.0,340.0,39.0,377.11,45.0,355.22,14.20999999999998,56.0,103.0,6.204745764329833,159,-47.0,-67.0,-0.3
07:38:30,340.34,38.0,372.0,16.0,291.0,32.0,374.0,8.0,356.17,31.660000000000025,70.0,24.0,4.217327352717494,94,46.0,-66.0,0.49
07:38:33,340.47,43.0,363.42,55.0,339.19,32.0,360.87,39.0,351.94,22.94999999999999,75.0,94.0,5.531731193756343,169,-19.0,44.0,-0.11
07:38:34,340.0,21.0,346.27,11.0,339.0,14.0,348.0,18.0,343.14,6.269999999999982,35.0,29.0,8.38045762473473,64,6.0,-105.0,0.09
07:38:35,340.0,42.0,344.06,16.0,339.0,28.0,345.35,46.0,342.03,4.060000000000002,70.0,62.0,10.26429880702879,132,8.0,68.0,0.06
07:38:36,340.0,48.0,342.59,27.0,339.0,32.0,344.43,56.0,341.3,2.589999999999975,80.0,83.0,9.408473308670743,163,-3.0,31.0,-0.02
07:38:37,341.52,75.0,343.0,30.0,339.75,40.0,345.0,75.0,342.26,1.4800000000000182,115.0,105.0,4.412819960067161,220,10.0,57.0,0.05
07:38:38,342.12,48.0,344.58,38.0,340.65,37.0,346.89,38.0,343.35,2.4599999999999795,85.0,76.0,0.8389457669992804,161,9.0,-59.0,0.06
07:38:39,343.29,14.0,345.0,60.0,342.0,72.0,349.0,36.0,344.14,1.7099999999999795,86.0,96.0,1.1250911074069159,182,-10.0,21.0,-0.05
07:38:40,345.07,14.0,347.31,67.0,340.12,17.0,349.11,44.0,346.19,2.240000000000009,31.0,111.0,1.8729842497913887,142,-80.0,-40.0,-0.56
07:38:41,346.0,11.0,347.0,42.0,334.0,22.0,349.0,33.0,346.5,1.0,33.0,75.0,1.82517670376523,108,-42.0,-34.0,-0.39
07:38:42,346.0,7.0,347.0,21.0,333.09,43.0,349.0,21.0,346.5,1.0,50.0,42.0,1.4843954998476454,92,8.0,-16.0,0.09
07:38:43,336.51,37.0,347.0,36.0,332.14,105.0,349.0,39.0,341.76,10.490000000000009,142.0,75.0,2.070729340104046,217,67.0,125.0,0.31
07:38:44,333.0,81.0,353.04,23.0,327.0,45.0,383.57,40.0,343.02,20.04000000000002,126.0,63.0,2.242873157351432,189,63.0,-28.0,0.33
07:38:45,350.83,35.0,360.0,43.0,340.67,86.0,523.25,65.0,355.41,9.170000000000016,121.0,108.0,5.33551497045685,229,13.0,40.0,0.06
07:38:59,350.85,59.0,368.73,30.0,341.85,91.0,518.77,26.0,359.79,17.879999999999995,150.0,56.0,2.723349041158058,206,94.0,41.0,0.46
07:39:01,349.45,106.0,358.4,40.0,341.05,107.0,361.9,40.0,353.93,8.949999999999989,213.0,80.0,3.346861216121423,293,133.0,91.0,0.45
07:39:02,348.0,91.0,353.65,34.0,333.0,52.0,354.4,30.0,350.82,5.649999999999977,143.0,64.0,4.147502863166834,207,79.0,-86.0,0.38
07:39:03,348.01,113.0,350.24,29.0,334.48,71.0,351.76,34.0,349.13,2.230000000000018,184.0,63.0,5.099174442983512,247,121.0,40.0,0.49
07:39:04,348.01,97.0,351.28,25.0,334.84,57.0,355.95,41.0,349.65,3.269999999999982,154.0,66.0,4.609329669265818,220,88.0,-27.0,0.4
07:39:05,348.0,42.0,351.57,14.0,333.14,14.0,358.0,21.0,349.79,3.569999999999993,56.0,35.0,1.925897193510575,91,21.0,-129.0,0.23
07:39:06,348.0,78.0,350.54,24.0,334.0,26.0,360.89,38.0,349.27,2.5400000000000205,104.0,62.0,0.6651466003603836,166,42.0,75.0,0.25
07:39:07,348.0,60.0,349.11,18.0,334.78,18.0,356.69,16.0,348.56,1.1100000000000136,78.0,34.0,0.4842520004817281,112,44.0,-54.0,0.39
07:39:08,348.0,43.0,359.39,23.0,337.27,15.0,362.67,45.0,353.7,11.389999999999986,58.0,68.0,2.017109317803918,126,-10.0,14.0,-0.08
07:39:09,348.0,24.0,360.0,30.0,334.0,16.0,362.74,34.0,354.0,12.0,40.0,64.0,2.582640122040274,104,-24.0,-22.0,-0.23
07:39:10,348.0,42.0,358.0,70.0,333.86,28.0,361.25,60.0,353.0,10.0,70.0,130.0,2.585745540453046,200,-60.0,96.0,-0.3
07:39:11,333.64,44.0,358.0,65.0,328.97,31.0,360.89,45.0,345.82,24.360000000000014,75.0,110.0,3.6426199362508536,185,-35.0,-15.0,-0.19
07:39:12,334.0,88.0,351.36,28.0,331.07,112.0,358.14,72.0,342.68,17.360000000000014,200.0,100.0,5.23490210032347,300,100.0,115.0,0.33
07:39:13,334.0,66.0,346.73,33.0,331.0,55.0,348.0,11.0,340.36,12.730000000000018,121.0,44.0,6.103205715029487,165,77.0,-135.0,0.47
07:39:14,337.59,85.0,345.88,51.0,334.15,78.0,348.0,17.0,341.74,8.29000000000002,163.0,68.0,5.045294837763821,231,95.0,66.0,0.41
07:39:15,337.84,62.0,344.4,47.0,336.88,69.0,346.33,27.0,341.12,6.560000000000002,131.0,74.0,2.1210091937481113,205,57.0,-26.0,0.28
07:39:16,338.0,40.0,343.9,20.0,337.0,50.0,348.0,10.0,340.95,5.899999999999977,90.0,30.0,0.8820430828270593,120,60.0,-85.0,0.5
07:39:17,339.44,64.0,356.51,77.0,334.66,41.0,359.9,71.0,347.97,17.069999999999993,105.0,148.0,3.1368407673906873,253,-43.0,133.0,-0.17
07:39:18,348.23,30.0,359.0,36.0,339.76,37.0,361.0,120.0,353.62,10.769999999999982,67.0,156.0,5.594144259845913,223,-89.0,-30.0,-0.4
07:39:19,349.44,25.0,359.0,33.0,347.81,27.0,361.0,110.0,354.22,9.560000000000002,52.0,143.0,6.450033333244839,195,-91.0,-28.0,-0.47
07:39:20,350.58,77.0,359.0,39.0,349.0,13.0,361.0,130.0,354.79,8.420000000000016,90.0,169.0,5.903384622398585,259,-79.0,64.0,-0.31
07:39:30,350.33,12.0,355.17,35.0,344.19,37.0,358.38,29.0,352.75,4.840000000000032,49.0,64.0,1.058867319344517,113,-15.0,-71.0,-0.13
07:39:31,345.47,15.0,355.44,27.0,341.5,48.0,357.0,27.0,350.46,9.96999999999997,63.0,54.0,1.9577333832713755,117,9.0,4.0,0.08
07:39:32,346.27,11.0,355.18,33.0,339.0,91.0,358.14,35.0,350.73,8.910000000000025,102.0,68.0,2.0750373490553384,170,34.0,53.0,0.2
07:39:33,347.0,11.0,359.44,41.0,339.32,44.0,363.94,71.0,353.22,12.439999999999998,55.0,112.0,1.7870282594224458,167,-57.0,-3.0,-0.34
07:39:34,347.33,12.0,363.5,28.0,337.85,47.0,365.25,80.0,355.42,16.170000000000016,59.0,108.0,2.024877774082803,167,-49.0,0.0,-0.29
07:39:35,351.42,19.0,362.0,13.0,338.17,52.0,365.0,91.0,356.71,10.579999999999984,71.0,104.0,2.7748459416650615,175,-33.0,8.0,-0.19
07:39:38,342.09,46.0,359.55,53.0,340.67,30.0,361.27,66.0,350.82,17.460000000000036,76.0,119.0,3.3724027043010825,195,-43.0,95.0,-0.22
07:40:18,348.1,49.0,358.0,10.0,347.75,16.0,360.0,25.0,353.05,9.899999999999977,65.0,35.0,2.4177572251941952,100,30.0,-84.0,0.3
07:40:19,348.34,139.0,356.32,44.0,347.92,118.0,362.85,71.0,352.33,7.980000000000018,257.0,115.0,2.715323185180443,372,142.0,181.5,0.38
07:40:20,349.0,42.0,366.92,65.0,348.0,168.0,368.32,90.0,357.96,17.920000000000016,210.0,155.0,2.5264401833367134,365,55.0,-7.0,0.15
07:40:21,349.27,45.0,363.68,60.0,348.1,147.0,365.32,60.0,356.48,14.410000000000025,192.0,120.0,2.3772315831610498,312,72.0,-53.0,0.23
07:40:22,350.0,30.0,359.79,52.0,349.0,45.0,360.86,36.0,354.89,9.79000000000002,75.0,88.0,2.3387325627309985,163,-13.0,-149.0,-0.08
07:40:23,351.71,34.0,358.92,59.0,348.15,141.0,359.55,66.0,355.31,7.210000000000036,175.0,125.0,2.08643955100034,300,50.0,137.0,0.17
07:40:46,349.22,49.0,363.98,49.0,351.62,13.0,367.77,71.0,356.6,14.759999999999991,62.0,120.0,2.35356538043439,182,-58.0,74.0,-0.32
07:40:47,348.57,90.0,361.52,21.0,347.99,224.0,363.96,77.0,355.05,12.949999999999989,314.0,98.0,2.620463699420211,412,216.0,181.5,0.52
07:40:52,352.0,20.0,367.0,25.0,347.0,5.0,369.0,25.0,359.5,15.0,25.0,50.0,1.8916870777109382,75,-25.0,-73.0,-0.33
07:40:55,352.0,22.0,367.0,40.0,347.0,8.0,369.0,40.0,359.5,15.0,30.0,80.0,0.9830055950909593,110,-50.0,-52.0,-0.45
07:40:56,345.0,120.0,366.43,35.0,342.0,60.0,367.94,49.0,355.71,21.430000000000007,180.0,84.0,1.77828569132744,264,96.0,154.0,0.36
07:40:57,345.0,108.0,363.89,18.0,342.0,54.0,366.0,36.0,354.44,18.889999999999986,162.0,54.0,2.5863333118488794,216,108.0,-48.0,0.5
07:40:58,346.47,90.0,363.0,74.0,344.75,144.0,366.95,76.0,354.73,16.529999999999973,234.0,150.0,2.568955040474327,384,84.0,168.0,0.22
07:40:59,348.07,82.0,362.5,36.0,345.97,70.0,364.48,54.0,355.29,14.430000000000007,152.0,90.0,2.0532242936362106,242,62.0,-142.0,0.26
07:41:00,348.0,60.0,360.27,30.0,347.0,90.0,362.95,66.0,354.13,12.269999999999982,150.0,96.0,0.6390618123289966,246,54.0,4.0,0.22
07:41:01,348.0,48.0,358.0,24.0,347.0,72.0,361.5,60.0,353.0,10.0,120.0,84.0,0.8517452670704393,204,36.0,-42.0,0.18
07:41:28,350.73,11.0,352.91,44.0,342.5,16.0,354.71,42.0,351.82,2.180000000000007,27.0,86.0,1.9605279901030428,113,-59.0,-54.0,-0.52
07:41:29,345.0,15.0,350.19,48.0,341.0,30.0,351.68,57.0,347.59,5.189999999999998,45.0,105.0,3.41376917789947,150,-60.0,37.0,-0.4
07:41:30,349.31,72.0,353.31,65.0,344.31,29.0,362.46,84.0,351.31,4.0,101.0,149.0,2.853327881610494,250,-48.0,100.0,-0.19
07:41:36,347.77,62.0,362.0,30.0,344.73,66.0,364.0,50.0,354.89,14.230000000000018,128.0,80.0,1.458687766446018,208,48.0,-11.0,0.23
07:41:37,347.2,44.0,362.0,36.0,345.91,92.0,364.0,60.0,354.6,14.800000000000011,136.0,96.0,1.765890710088979,232,40.0,24.0,0.17
07:41:38,349.0,11.0,362.0,33.0,347.0,99.0,364.0,55.0,355.5,13.0,110.0,88.0,1.5997562314234364,198,22.0,-34.0,0.11
07:41:39,347.31,108.0,361.82,51.0,345.81,116.0,363.75,85.0,354.56,14.509999999999991,224.0,136.0,1.3127452151798158,360,88.0,162.0,0.24
07:41:40,348.88,98.0,359.3,20.0,346.92,123.0,360.05,44.0,354.09,10.420000000000016,221.0,64.0,0.5181409074536723,285,157.0,-75.0,0.55
07:41:42,350.0,72.0,355.23,30.0,347.89,126.0,356.28,36.0,352.62,5.230000000000018,198.0,66.0,1.3228454180200884,264,132.0,81.0,0.5
07:41:43,349.24,37.0,351.5,14.0,348.2,70.0,357.21,14.0,350.37,2.259999999999991,107.0,28.0,2.1440778903705437,135,79.0,-129.0,0.59
07:41:44,349.0,28.0,352.62,8.0,347.0,56.0,361.33,18.0,350.81,3.6200000000000045,84.0,26.0,2.3413820704821124,110,58.0,-25.0,0.53
07:41:45,348.05,44.0,352.0,11.0,346.71,62.0,353.0,11.0,350.02,3.9499999999999886,106.0,22.0,2.476543962859222,128,84.0,18.0,0.66
07:41:46,347.09,92.0,350.07,14.0,345.11,38.0,352.0,14.0,348.58,2.980000000000018,130.0,28.0,1.459640366656562,158,102.0,30.0,0.65
07:41:47,351.46,121.0,359.03,67.0,344.95,38.0,359.0,45.0,355.25,7.569999999999993,159.0,112.0,2.51555759225936,271,47.0,113.0,0.17
07:42:54,349.44,36.0,362.43,14.0,348.7,40.0,364.5,16.0,355.94,12.990000000000009,76.0,30.0,2.956979878183214,106,46.0,37.0,0.43
07:42:55,349.74,19.0,361.13,30.0,348.97,72.0,363.0,27.0,355.44,11.389999999999986,91.0,57.0,2.817773944087886,148,34.0,42.0,0.23
07:42:56,352.0,35.0,359.21,19.0,349.86,58.0,360.75,40.0,355.61,7.2099999999999795,93.0,59.0,2.259391511000424,152,34.0,4.0,0.22
07:42:57,350.81,62.0,356.91,22.0,349.41,29.0,357.96,23.0,353.86,6.100000000000023,91.0,45.0,1.7177514371936868,136,46.0,-16.0,0.34
07:42:58,349.0,65.0,353.72,25.0,346.0,26.0,355.14,14.0,351.36,4.720000000000027,91.0,39.0,1.9001105230962674,130,52.0,-6.0,0.4
07:42:59,349.0,50.0,352.82,17.0,346.0,20.0,361.17,41.0,350.91,3.819999999999993,70.0,58.0,2.2143012441809606,128,12.0,-2.0,0.09
07:43:00,349.0,30.0,352.5,12.0,346.0,12.0,360.0,30.0,350.75,3.5,42.0,42.0,2.14545333204467,84,0.0,-44.0,0.0
07:43:01,349.0,35.0,351.71,14.0,346.0,14.0,360.0,35.0,350.36,2.7099999999999795,49.0,49.0,1.3951594890842496,98,0.0,14.0,0.0
07:43:02,349.0,65.0,351.0,19.0,346.0,26.0,360.0,65.0,350.0,2.0,91.0,84.0,0.520797465414345,175,7.0,77.0,0.04
07:43:03,349.0,34.0,351.0,8.0,346.0,16.0,360.5,40.0,350.0,2.0,50.0,48.0,0.4195592925702706,98,2.0,-77.0,0.02
07:43:04,349.0,24.0,351.0,8.0,346.0,16.0,362.0,40.0,350.0,2.0,40.0,48.0,0.333796345070028,88,-8.0,-10.0,-0.09
07:43:05,349.0,27.0,360.23,53.0,346.0,26.0,363.54,65.0,354.61,11.230000000000018,53.0,118.0,2.027407211189178,171,-65.0,83.0,-0.38
07:43:06,349.0,6.0,360.0,30.0,346.0,12.0,366.0,30.0,354.5,11.0,18.0,60.0,2.4951793522674155,78,-42.0,-93.0,-0.54
07:43:07,347.86,14.0,360.0,50.0,344.4,20.0,367.0,50.0,353.93,12.139999999999986,34.0,100.0,2.3947171022860747,134,-66.0,56.0,-0.49
07:43:09,349.17,12.0,360.0,40.0,345.0,12.0,367.0,40.0,354.58,10.829999999999984,24.0,80.0,1.8521959939435926,104,-56.0,39.0,-0.54
07:43:10,345.0,18.0,360.0,45.0,343.0,9.0,367.0,45.0,352.5,15.0,27.0,90.0,2.2290850140765786,117,-63.0,13.0,-0.54
07:43:11,345.0,14.0,360.0,35.0,343.25,8.0,367.0,35.0,352.5,15.0,22.0,70.0,2.4639034071937314,92,-48.0,-25.0,-0.52
07:43:12,345.0,10.0,360.0,25.0,343.0,5.0,367.0,25.0,352.5,15.0,15.0,50.0,2.6109921485866137,65,-35.0,-27.0,-0.54
07:43:13,349.81,32.0,360.0,50.0,343.36,11.0,364.08,36.0,354.91,10.189999999999998,43.0,86.0,1.2351599086681568,129,-43.0,64.0,-0.33
07:45:04,352.0,36.0,359.91,44.0,351.0,18.0,361.73,37.0,355.95,7.910000000000025,54.0,81.0,1.541664684677024,135,-27.0,-85.0,-0.2
07:45:05,352.0,48.0,358.53,53.0,351.0,24.0,359.64,55.0,355.26,6.529999999999973,72.0,108.0,1.761184260655543,180,-36.0,45.0,-0.2
07:45:06,348.38,45.0,356.83,58.0,344.33,96.0,358.11,72.0,352.6,8.449999999999989,141.0,130.0,2.363309120699503,271,11.0,91.0,0.04
07:45:07,348.24,89.0,355.23,52.0,346.62,64.0,358.0,70.0,351.73,6.990000000000009,153.0,122.0,2.2787386861994854,275,31.0,4.0,0.11
07:45:08,349.57,46.0,357.69,78.0,346.14,63.0,365.78,74.0,353.63,8.120000000000005,109.0,152.0,1.7679168532435177,261,-43.0,-14.0,-0.16
07:45:09,351.62,48.0,356.47,64.0,349.67,49.0,364.33,70.0,354.05,4.850000000000023,97.0,134.0,1.355481464271146,231,-37.0,-30.0,-0.16
07:45:12,351.0,21.0,360.55,11.0,346.0,28.0,365.7,27.0,355.77,9.550000000000011,49.0,38.0,0.8978975442568687,87,11.0,-92.0,0.13
07:45:20,350.69,29.0,365.0,33.0,347.11,19.0,370.0,44.0,357.84,14.310000000000002,48.0,77.0,1.0670660710480677,125,-29.0,31.0,-0.23
07:45:21,346.0,39.0,361.23,39.0,339.75,48.0,367.61,49.0,353.62,15.230000000000018,87.0,88.0,1.5899905660040965,175,-1.0,50.0,-0.01
07:45:22,346.0,54.0,362.75,60.0,342.93,129.0,366.17,53.0,354.38,16.75,183.0,113.0,1.7147098879933214,296,70.0,121.0,0.24
07:45:23,346.0,45.0,360.62,65.0,343.02,129.0,361.89,55.0,353.31,14.620000000000005,174.0,120.0,1.9991673266593128,294,54.0,-2.0,0.18
07:45:24,346.0,48.0,352.08,65.0,343.0,144.0,358.75,64.0,349.04,6.079999999999984,192.0,129.0,3.1407355826274976,321,63.0,27.0,0.2
07:45:25,343.45,53.0,347.0,46.0,341.57,84.0,360.73,33.0,345.23,3.5500000000000114,137.0,79.0,3.89525737275254,216,58.0,-105.0,0.27
07:45:26,343.0,126.0,346.57,56.0,339.0,84.0,361.07,42.0,344.79,3.569999999999993,210.0,98.0,4.439780399972882,308,112.0,92.0,0.36
07:45:27,342.8,123.0,354.63,62.0,339.38,96.0,361.38,37.0,348.72,11.829999999999984,219.0,99.0,3.4472989426482292,318,120.0,10.0,0.38
07:45:28,339.0,126.0,359.19,68.0,337.0,84.0,360.04,28.0,349.1,20.189999999999998,210.0,96.0,2.170260353041491,306,114.0,-12.0,0.37
07:45:29,339.0,90.0,352.86,14.0,335.93,56.0,358.25,32.0,345.93,13.860000000000014,146.0,46.0,2.0141822161820113,192,100.0,-114.0,0.52
07:45:30,339.92,117.0,358.0,36.0,338.18,102.0,359.0,48.0,348.96,18.079999999999984,219.0,84.0,1.999312381791234,303,135.0,111.0,0.45
07:45:31,341.0,40.0,351.68,38.0,340.0,120.0,358.67,36.0,346.34,10.680000000000007,160.0,74.0,1.541914394505657,234,86.0,-69.0,0.37
07:45:32,341.0,34.0,344.93,27.0,339.27,180.0,347.57,69.0,342.96,3.930000000000007,214.0,96.0,2.528284003031302,310,118.0,76.0,0.38
07:45:33,341.93,29.0,345.81,58.0,339.41,88.0,355.43,70.0,343.87,3.8799999999999955,117.0,128.0,2.340292716730991,245,-11.0,-65.0,-0.04
07:45:34,344.14,42.0,346.0,75.0,343.27,33.0,358.0,75.0,345.07,1.8600000000000136,75.0,150.0,2.342680089125306,225,-75.0,-20.0,-0.33
07:45:35,345.0,24.0,346.0,33.0,336.55,29.0,358.0,60.0,345.5,1.0,53.0,93.0,1.338980955795967,146,-40.0,-79.0,-0.27
07:45:36,340.67,9.0,346.0,12.0,331.05,57.0,358.0,30.0,343.33,5.329999999999984,66.0,42.0,1.0995135287864362,108,24.0,-38.0,0.22
07:45:37,336.85,26.0,345.68,25.0,331.98,154.0,356.0,60.0,341.26,8.829999999999984,180.0,85.0,1.6718343219304024,265,95.0,157.0,0.36
07:45:38,332.0,120.0,343.1,10.0,329.0,10.0,346.0,20.0,337.55,11.100000000000023,130.0,30.0,3.252886410556748,160,100.0,-105.0,0.62
07:45:39,332.02,160.0,339.58,19.0,330.44,25.0,344.91,23.0,335.8,7.560000000000002,185.0,42.0,4.006316263100684,227,143.0,67.0,0.63
07:45:40,334.06,64.0,349.57,44.0,332.0,192.0,365.3,37.0,341.82,15.509999999999991,256.0,81.0,3.1472162302557334,337,175.0,110.0,0.52
07:45:45,352.0,66.0,353.0,72.0,329.77,179.0,354.89,18.0,352.5,1.0,245.0,90.0,0.43414283361887374,335,155.0,181.5,0.46
07:45:46,333.85,79.0,353.3,40.0,330.16,129.0,381.62,21.0,343.57,19.44999999999999,208.0,61.0,4.32870881441375,269,147.0,-66.0,0.55
07:45:47,335.47,99.0,352.79,42.0,333.84,140.0,353.87,38.0,344.13,17.319999999999993,239.0,80.0,5.087929834420287,319,159.0,50.0,0.5
07:45:48,337.56,80.0,345.0,19.0,336.0,192.0,349.92,37.0,341.28,7.439999999999998,272.0,56.0,5.543117353979181,328,216.0,9.0,0.66
07:45:49,340.26,46.0,348.0,16.0,337.1,93.0,391.95,21.0,344.13,7.740000000000009,139.0,37.0,4.2887259180304165,176,102.0,-152.0,0.58
07:45:50,342.27,45.0,352.57,14.0,339.47,38.0,378.67,12.0,347.42,10.300000000000011,83.0,26.0,2.194158152911088,109,57.0,-67.0,0.52
07:45:51,344.05,66.0,350.0,32.0,342.97,68.0,356.75,16.0,347.02,5.949999999999989,134.0,48.0,2.5040427312619884,182,86.0,73.0,0.47
07:45:52,347.78,82.0,352.11,38.0,345.09,68.0,461.8,25.0,349.94,4.330000000000041,150.0,63.0,3.3296726565813675,213,87.0,31.0,0.41
07:45:53,349.18,40.0,354.43,28.0,349.5,32.0,355.29,28.0,351.8,5.25,72.0,56.0,2.9350502551037976,128,16.0,-85.0,0.12
07:45:54,352.0,74.0,355.06,34.0,351.0,70.0,374.59,34.0,353.53,3.0600000000000023,144.0,68.0,2.7939434496754156,212,76.0,84.0,0.36
07:45:55,352.0,84.0,356.0,36.0,351.0,60.0,497.33,24.0,354.0,4.0,144.0,60.0,2.8579748074438562,204,84.0,-8.0,0.41
07:45:56,352.0,63.0,356.0,34.0,351.0,45.0,421.0,18.0,354.0,4.0,108.0,52.0,1.7667710660929223,160,56.0,-44.0,0.35
07:45:57,352.0,49.0,356.0,28.0,351.0,35.0,489.0,14.0,354.0,4.0,84.0,42.0,0.9532995331913136,126,42.0,-34.0,0.33
07:45:58,352.0,49.0,356.0,28.0,351.0,35.0,489.0,14.0,354.0,4.0,84.0,42.0,0.2101903898435695,126,42.0,0.0,0.33
07:45:59,352.0,67.0,356.0,40.0,351.0,59.0,489.0,20.0,354.0,4.0,126.0,60.0,0.0,186,66.0,60.0,0.35
07:46:00,352.0,28.0,356.0,28.0,351.0,42.0,423.29,14.0,354.0,4.0,70.0,42.0,0.0,112,28.0,-74.0,0.25
07:46:01,352.0,52.0,355.19,85.0,351.0,78.0,404.0,17.0,353.59,3.1899999999999977,130.0,102.0,0.18335757410749423,232,28.0,120.0,0.12
07:46:02,352.0,56.0,353.2,75.0,351.0,90.0,355.0,45.0,352.6,1.1999999999999886,146.0,120.0,0.6068113380472404,266,26.0,34.0,0.1
07:46:03,351.04,81.0,353.94,36.0,334.38,266.0,355.25,32.0,352.49,2.8999999999999773,347.0,68.0,0.7422465897414305,415,279.0,149.0,0.67
07:46:04,351.08,52.0,353.73,22.0,340.37,119.0,360.67,18.0,352.4,2.650000000000034,171.0,40.0,0.7291981897830678,211,131.0,-182.5,0.62
07:46:05,351.0,84.0,359.36,14.0,344.0,98.0,360.43,14.0,355.18,8.360000000000014,182.0,28.0,1.1793091197743029,210,154.0,-1.0,0.73
07:46:06,351.0,84.0,356.29,14.0,344.23,80.0,357.64,14.0,353.64,5.2900000000000205,164.0,28.0,1.183097629100338,192,136.0,-18.0,0.71
07:46:07,351.0,48.0,353.62,13.0,350.0,13.0,355.0,13.0,352.31,2.6200000000000045,61.0,26.0,1.2298495842918622,87,35.0,-105.0,0.4
07:46:08,350.71,17.0,355.0,9.0,344.62,39.0,365.0,27.0,352.85,4.2900000000000205,56.0,36.0,1.1874047330134918,92,20.0,5.0,0.22
07:46:09,351.0,33.0,354.36,11.0,350.0,51.0,364.64,33.0,352.68,3.3600000000000136,84.0,44.0,1.1414771132102552,128,40.0,36.0,0.31
07:46:10,351.57,35.0,360.57,23.0,350.0,78.0,384.36,33.0,356.07,9.0,113.0,56.0,1.5112081259650259,169,57.0,41.0,0.34
07:46:11,352.0,20.0,365.0,36.0,350.0,60.0,540.62,29.0,358.5,13.0,80.0,65.0,2.7062095262529784,145,15.0,-24.0,0.1
07:46:12,351.86,37.0,363.0,68.0,349.96,94.0,366.0,51.0,357.43,11.139999999999986,131.0,119.0,2.6469095186617144,250,12.0,105.0,0.05
07:46:13,350.0,60.0,363.0,40.0,349.0,20.0,367.8,30.0,356.5,13.0,80.0,70.0,2.196230862177689,150,10.0,-100.0,0.07
07:46:14,352.0,11.0,363.0,44.0,350.0,66.0,369.0,33.0,357.5,11.0,77.0,77.0,0.9486569453608386,154,0.0,4.0,0.0
07:46:15,352.0,12.0,363.0,48.0,350.5,36.0,369.0,36.0,357.5,11.0,48.0,84.0,0.7077994065985379,132,-36.0,-22.0,-0.27
07:46:16,352.0,9.0,363.0,36.0,351.0,18.0,369.0,27.0,357.5,11.0,27.0,63.0,0.4404316064740576,90,-36.0,-42.0,-0.4
07:46:17,350.1,58.0,361.79,48.0,349.43,28.0,364.56,41.0,355.95,11.689999999999998,86.0,89.0,0.7249137879647888,175,-3.0,85.0,-0.02
07:46:18,350.0,25.0,358.0,10.0,349.0,10.0,361.0,20.0,354.0,8.0,35.0,30.0,1.5453155017606244,65,5.0,-110.0,0.08
07:46:19,350.0,60.0,356.43,51.0,349.0,24.0,358.15,39.0,353.22,6.430000000000007,84.0,90.0,1.9723792738674917,174,-6.0,109.0,-0.03
07:46:20,347.04,46.0,354.91,66.0,344.15,65.0,355.8,75.0,350.98,7.8700000000000045,111.0,141.0,2.5118120948794456,252,-30.0,78.0,-0.12
07:46:21,344.0,32.0,352.58,19.0,342.0,8.0,354.84,37.0,348.29,8.579999999999984,40.0,56.0,2.9455339074577953,96,-16.0,-156.0,-0.17
07:46:22,343.87,60.0,349.71,63.0,339.68,62.0,350.44,81.0,346.79,5.839999999999975,122.0,144.0,3.0986012973573445,266,-22.0,170.0,-0.08
07:46:23,344.14,84.0,346.3,70.0,340.82,80.0,348.81,70.0,345.22,2.160000000000025,164.0,140.0,3.2154082166943483,304,24.0,38.0,0.08
07:46:24,343.93,41.0,346.7,69.0,339.25,48.0,358.0,47.0,345.31,2.769999999999982,89.0,116.0,2.4014308234855126,205,-27.0,-99.0,-0.13
07:46:25,343.0,13.0,357.23,39.0,338.0,156.0,359.57,51.0,350.12,14.230000000000018,169.0,90.0,2.0832978663615034,259,79.0,54.0,0.31
07:46:26,343.0,12.0,347.0,28.0,338.0,144.0,353.0,36.0,345.0,4.0,156.0,64.0,2.150132554050257,220,92.0,-39.0,0.42
07:46:27,343.0,17.0,344.59,34.0,338.0,204.0,354.0,59.0,343.79,1.589999999999975,221.0,93.0,2.4433726690758584,314,128.0,94.0,0.41
07:46:28,338.0,204.0,352.51,39.0,333.87,45.0,355.49,45.0,345.26,14.509999999999991,249.0,84.0,2.4407027676443707,333,165.0,19.0,0.5
07:46:29,341.28,242.0,353.26,35.0,338.26,204.0,355.06,51.0,347.27,11.980000000000018,446.0,86.0,2.4801350769639074,532,360.0,181.5,0.68
07:46:30,341.0,135.0,355.0,27.0,336.0,9.0,357.0,54.0,348.0,14.0,144.0,81.0,1.7285919125076554,225,63.0,-182.5,0.28
07:46:31,341.0,135.0,351.48,25.0,336.0,9.0,357.0,49.0,346.24,10.480000000000018,144.0,74.0,1.66128564671666,218,70.0,-7.0,0.32
07:46:32,341.0,75.0,354.33,9.0,336.0,5.0,357.05,21.0,347.67,13.329999999999984,80.0,30.0,1.1251977603899506,110,50.0,-108.0,0.45
07:46:33,341.0,90.0,357.32,37.0,336.0,17.0,402.44,9.0,349.16,16.319999999999993,107.0,46.0,1.06464548089318,153,61.0,43.0,0.4
07:46:34,341.0,68.0,354.8,50.0,336.0,49.0,407.38,32.0,347.9,13.800000000000011,117.0,82.0,1.0428230914139807,199,35.0,46.0,0.18
07:46:35,341.0,63.0,349.68,37.0,336.0,9.0,353.33,45.0,345.34,8.680000000000007,72.0,82.0,1.4928563226199671,154,-10.0,-45.0,-0.06
07:46:36,344.26,53.0,347.76,51.0,341.24,59.0,351.06,85.0,346.01,3.5,112.0,136.0,1.535164486296644,248,-24.0,94.0,-0.1
07:46:37,345.81,31.0,349.08,36.0,338.75,28.0,352.39,38.0,347.44,3.269999999999982,59.0,74.0,1.5215452671499612,133,-15.0,-115.0,-0.11
07:46:38,344.0,5.0,352.0,25.0,337.0,35.0,357.0,5.0,348.0,8.0,40.0,30.0,1.1958344366953544,70,10.0,-63.0,0.14
07:46:39,344.33,12.0,351.96,52.0,337.47,60.0,355.08,26.0,348.15,7.6299999999999955,72.0,78.0,1.2501079953294025,150,-6.0,80.0,-0.04
07:46:40,345.75,12.0,351.0,12.0,344.0,12.0,352.0,60.0,348.38,5.25,24.0,72.0,0.9519086090515062,96,-48.0,-54.0,-0.5
07:46:41,346.67,6.0,351.0,6.0,344.0,6.0,352.0,30.0,348.83,4.329999999999984,12.0,36.0,0.5102450391589203,48,-24.0,-48.0,-0.5
07:46:42,340.64,44.0,351.0,10.0,335.25,64.0,352.0,50.0,345.82,10.360000000000014,108.0,60.0,1.1697991280499005,168,48.0,120.0,0.29
07:46:43,340.05,58.0,350.5,12.0,335.22,115.0,352.0,60.0,345.28,10.449999999999989,173.0,72.0,1.620206776922738,245,101.0,77.0,0.41
07:46:44,341.35,51.0,349.47,17.0,340.0,95.0,352.0,85.0,345.41,8.120000000000005,146.0,102.0,1.7178853279501523,248,44.0,3.0,0.18
07:46:45,342.5,54.0,345.91,66.0,340.0,230.0,347.5,24.0,344.2,3.410000000000025,284.0,90.0,1.7396465158147705,374,194.0,126.0,0.52
07:46:46,344.0,40.0,345.0,68.0,340.0,85.0,351.51,61.0,344.5,1.0,125.0,129.0,0.6708353001941114,254,-4.0,-120.0,-0.02
07:46:47,336.66,83.0,350.36,39.0,331.14,145.0,351.42,36.0,343.51,13.699999999999989,228.0,75.0,0.7865430693779996,303,153.0,49.0,0.5
07:46:48,339.82,195.0,347.67,54.0,335.81,124.0,348.34,58.0,343.74,7.850000000000023,319.0,112.0,0.7442916095097514,431,207.0,128.0,0.48
07:46:49,342.0,115.0,347.38,26.0,333.92,65.0,348.89,36.0,344.69,5.3799999999999955,180.0,62.0,0.49796586227031564,242,118.0,-182.5,0.49
07:46:50,342.89,44.0,347.58,24.0,340.37,76.0,349.17,24.0,345.23,4.689999999999998,120.0,48.0,0.7051453750728273,168,72.0,-74.0,0.43
07:46:51,339.24,84.0,345.0,28.0,334.62,95.0,346.6,25.0,342.12,5.759999999999991,179.0,53.0,1.1969001629152975,232,126.0,64.0,0.54
07:46:52,332.79,87.0,354.94,51.0,331.89,81.0,358.62,39.0,343.87,22.149999999999977,168.0,90.0,1.181460959992608,258,78.0,26.0,0.3
07:46:53,337.0,53.0,358.0,17.0,334.79,112.0,360.0,119.0,347.5,21.0,165.0,136.0,1.9662578671137032,301,29.0,43.0,0.1
07:46:54,341.47,66.0,358.0,14.0,337.86,97.0,360.0,98.0,349.73,16.529999999999973,163.0,112.0,2.9944365079237256,275,51.0,-26.0,0.19
07:46:55,352.0,20.0,357.27,11.0,348.68,41.0,359.97,64.0,354.64,5.269999999999982,61.0,75.0,4.9509564732469755,136,-14.0,-139.0,-0.1
07:46:56,352.0,20.0,354.0,20.0,350.0,58.0,359.2,20.0,353.0,2.0,78.0,40.0,4.304412851944602,118,38.0,-18.0,0.32
07:47:14,352.0,112.0,359.03,30.0,351.0,32.0,359.93,27.0,355.52,7.029999999999973,144.0,57.0,0.4250647009390941,201,87.0,-29.0,0.43
07:47:15,352.0,196.0,356.3,57.0,351.0,56.0,357.55,22.0,354.15,4.300000000000011,252.0,79.0,0.9921592614014062,331,173.0,130.0,0.52
07:47:16,352.0,128.0,353.67,49.0,351.0,40.0,354.54,41.0,352.84,1.670000000000016,168.0,90.0,1.5280445019647841,258,78.0,-73.0,0.3
07:47:17,352.0,120.0,353.4,75.0,350.64,75.0,354.24,51.0,352.7,1.3999999999999773,195.0,126.0,1.56611621535089,321,69.0,63.0,0.21
07:47:18,352.0,71.0,353.6,75.0,350.43,111.0,359.65,23.0,352.8,1.6000000000000227,182.0,98.0,1.226425700964052,280,84.0,-41.0,0.3
07:47:19,352.0,56.0,353.0,70.0,351.0,84.0,363.0,42.0,352.5,1.0,140.0,112.0,0.6572822833344327,252,28.0,-28.0,0.11
07:47:20,351.28,58.0,358.06,32.0,350.4,105.0,363.33,36.0,354.67,6.78000000000003,163.0,68.0,0.8863520745083776,231,95.0,-21.0,0.41
07:47:21,351.05,58.0,362.0,14.0,350.15,117.0,363.77,26.0,356.53,10.949999999999989,175.0,40.0,1.7393820741818016,215,135.0,-16.0,0.63
07:47:22,351.0,65.0,362.0,13.0,350.0,117.0,364.41,17.0,356.5,11.0,182.0,30.0,1.9358331539636147,212,152.0,-3.0,0.72
07:47:23,350.56,62.0,362.0,10.0,349.95,66.0,363.0,50.0,356.28,11.439999999999998,128.0,60.0,1.7428511123972865,188,68.0,-24.0,0.36
07:47:24,350.84,57.0,360.48,21.0,349.99,109.0,362.4,57.0,355.66,9.640000000000043,166.0,78.0,0.7854743789482762,244,88.0,56.0,0.36
07:47:25,351.0,52.0,358.08,49.0,350.0,117.0,359.69,29.0,354.54,7.079999999999984,169.0,78.0,0.8379260110440429,247,91.0,3.0,0.37
07:47:26,351.0,80.0,357.0,100.0,350.0,180.0,359.0,20.0,354.0,6.0,260.0,120.0,1.0898990778895175,380,140.0,133.0,0.37
07:47:27,351.0,52.0,354.54,65.0,350.0,117.0,359.0,28.0,352.77,3.5400000000000205,169.0,93.0,1.3825700705515063,262,76.0,-118.0,0.29
07:47:28,351.0,52.0,353.51,53.0,350.0,117.0,357.8,75.0,352.25,2.509999999999991,169.0,128.0,1.3693903753076662,297,41.0,35.0,0.14
07:47:29,351.0,30.0,352.91,33.0,350.0,81.0,357.0,45.0,351.95,1.910000000000025,111.0,78.0,1.1222165566349713,189,33.0,-108.0,0.17
07:47:30,351.0,27.0,352.33,45.0,350.0,81.0,359.0,45.0,351.67,1.329999999999984,108.0,90.0,0.9182701127587157,198,18.0,9.0,0.09
07:47:31,351.0,22.0,352.0,55.0,350.0,99.0,358.55,55.0,351.5,1.0,121.0,110.0,0.5032096978260154,231,11.0,33.0,0.05
07:47:32,351.0,24.0,354.5,60.0,350.0,108.0,361.75,60.0,352.75,3.5,132.0,120.0,0.49586288425950054,252,12.0,21.0,0.05
07:47:33,351.0,22.0,358.0,55.0,350.0,99.0,367.0,55.0,354.5,7.0,121.0,110.0,1.2298902389993394,231,11.0,-21.0,0.05
07:47:34,351.0,22.0,358.0,55.0,350.0,99.0,367.0,55.0,354.5,7.0,121.0,110.0,1.4645920933780487,231,11.0,0.0,0.05
07:47:35,351.0,18.0,358.0,45.0,350.0,81.0,367.0,45.0,354.5,7.0,99.0,90.0,1.3738631663979923,189,9.0,-42.0,0.05
07:47:36,350.2,80.0,357.56,62.0,349.82,88.0,362.38,80.0,353.88,7.360000000000014,168.0,142.0,0.7621548399011712,310,26.0,121.0,0.08
07:47:37,350.0,27.0,355.57,37.0,349.0,18.0,357.71,35.0,352.78,5.569999999999993,45.0,72.0,0.749613233597689,117,-27.0,-182.5,-0.23
07:47:38,350.78,87.0,353.24,70.0,349.35,49.0,355.7,84.0,352.01,2.4600000000000364,136.0,154.0,1.104210124924186,290,-18.0,173.0,-0.06
07:47:39,352.0,224.0,353.71,49.0,350.0,112.0,356.79,70.0,352.86,1.7099999999999795,336.0,119.0,0.9823848532959223,455,217.0,165.0,0.48
07:47:40,352.0,165.0,356.12,32.0,350.0,108.0,362.51,59.0,354.06,4.1200000000000045,273.0,91.0,0.8480094339011204,364,182.0,-91.0,0.5
07:47:41,352.0,144.0,363.0,45.0,350.0,81.0,367.0,18.0,357.5,11.0,225.0,63.0,2.172376578769189,288,162.0,-76.0,0.56
07:47:42,352.0,129.0,363.15,52.0,350.0,99.0,367.17,24.0,357.58,11.149999999999977,228.0,76.0,2.603539897905218,304,152.0,16.0,0.5
07:47:43,352.0,132.0,364.6,15.0,350.0,108.0,367.57,28.0,358.3,12.600000000000023,240.0,43.0,2.4311314238402386,283,197.0,-21.0,0.7
07:47:44,352.0,76.0,363.0,7.0,350.0,63.0,367.0,14.0,357.5,11.0,139.0,21.0,1.6710236383674617,160,118.0,-123.0,0.74
07:47:45,352.0,70.0,362.09,11.0,350.0,63.0,365.4,10.0,357.05,10.089999999999975,133.0,21.0,0.4505330176384408,154,112.0,-6.0,0.73
07:47:46,352.0,100.0,359.9,20.0,350.0,90.0,363.55,11.0,355.95,7.899999999999977,190.0,31.0,0.8661004560572826,221,159.0,67.0,0.72
07:47:47,352.0,90.0,358.44,18.0,350.0,81.0,365.94,17.0,355.22,6.439999999999998,171.0,35.0,1.226918905218669,206,136.0,-15.0,0.66
07:47:48,352.0,120.0,357.25,24.0,350.0,108.0,364.53,17.0,354.62,5.25,228.0,41.0,1.2087886498406395,269,187.0,63.0,0.7
07:47:57,352.0,81.0,361.0,63.0,351.0,27.0,364.0,18.0,356.5,9.0,108.0,81.0,0.6724433061476617,189,27.0,-106.0,0.14
07:47:58,352.0,99.0,361.0,77.0,351.0,33.0,364.0,22.0,356.5,9.0,132.0,99.0,0.6690889327907368,231,33.0,42.0,0.14
07:47:59,352.0,57.0,361.0,63.0,351.0,27.0,364.0,18.0,356.5,9.0,84.0,81.0,0.467097420227615,165,3.0,-66.0,0.02
07:48:00,352.0,45.0,360.58,62.0,351.0,33.0,362.23,31.0,356.29,8.579999999999984,78.0,93.0,0.22185580899202706,171,-15.0,6.0,-0.09
07:48:01,352.0,72.0,356.72,36.0,351.0,54.0,359.5,72.0,354.36,4.720000000000027,126.0,108.0,0.93797654554043,234,18.0,63.0,0.08
07:48:02,352.0,32.0,355.0,16.0,351.0,24.0,356.0,16.0,353.5,3.0,56.0,32.0,1.4052757736417942,88,24.0,-146.0,0.27
07:48:03,352.0,60.0,353.53,30.0,350.33,101.0,355.07,30.0,352.77,1.5299999999999727,161.0,60.0,1.6618754465919743,221,101.0,133.0,0.46
07:48:04,352.0,32.0,353.5,24.0,350.07,165.0,362.33,48.0,352.75,1.5,197.0,72.0,1.4728645558862405,269,125.0,48.0,0.46
07:48:05,351.27,37.0,352.57,28.0,350.12,173.0,361.0,70.0,351.92,1.3000000000000114,210.0,98.0,0.9169787347516677,308,112.0,39.0,0.36
07:48:06,351.0,48.0,352.0,32.0,350.0,272.0,361.0,80.0,351.5,1.0,320.0,112.0,0.7859834603777057,432,208.0,124.0,0.48
07:48:07,351.0,26.0,358.15,52.0,350.0,238.0,361.61,46.0,354.58,7.149999999999977,264.0,98.0,1.182171730328177,362,166.0,-70.0,0.46
07:48:08,351.0,15.0,359.14,42.0,350.0,255.0,360.51,63.0,355.07,8.139999999999986,270.0,105.0,1.591046825202413,375,165.0,13.0,0.44
07:48:09,351.55,29.0,357.93,30.0,350.01,223.0,360.0,75.0,354.74,6.3799999999999955,252.0,105.0,1.7063176726466516,357,147.0,-18.0,0.41
07:48:10,352.0,88.0,357.0,22.0,351.0,11.0,361.64,55.0,354.5,5.0,99.0,77.0,1.4576076289542932,176,22.0,-181.0,0.12
07:48:11,351.36,107.0,355.06,36.0,350.6,20.0,363.3,97.0,353.21,3.6999999999999886,127.0,133.0,0.7108093977891666,260,-6.0,84.0,-0.02
07:48:12,350.0,252.0,357.92,39.0,349.0,30.0,364.51,63.0,353.96,7.920000000000016,282.0,102.0,0.7297465313281918,384,180.0,124.0,0.47
07:48:13,350.41,34.0,364.08,65.0,345.33,15.0,365.1,61.0,357.24,13.669999999999959,49.0,126.0,1.5212166183634563,175,-77.0,-182.5,-0.44
07:48:14,352.0,64.0,362.44,80.0,349.05,63.0,364.14,35.0,357.22,10.439999999999998,127.0,115.0,1.8858897104509484,242,12.0,67.0,0.05
07:48:15,352.0,36.0,361.44,45.0,350.0,45.0,364.95,42.0,356.72,9.439999999999998,81.0,87.0,1.9329769786483217,168,-6.0,-74.0,-0.04
07:48:16,351.37,73.0,358.62,105.0,349.97,103.0,365.33,105.0,354.99,7.25,176.0,210.0,1.4767125651202573,386,-34.0,181.5,-0.09
07:48:17,351.47,19.0,358.0,75.0,350.0,75.0,366.0,75.0,354.74,6.529999999999973,94.0,150.0,1.2233642139542418,244,-56.0,-142.0,-0.23
07:48:18,351.77,26.0,355.48,84.0,349.93,86.0,357.86,64.0,353.62,3.7100000000000364,112.0,148.0,1.4840889461162836,260,-36.0,16.0,-0.14
07:48:19,350.0,33.0,353.86,37.0,349.0,33.0,356.83,46.0,351.93,3.8600000000000136,66.0,83.0,1.7716799936742136,149,-17.0,-111.0,-0.11
07:48:20,350.0,25.0,351.1,39.0,349.0,27.0,354.59,27.0,350.55,1.1000000000000227,52.0,66.0,1.896161912914219,118,-14.0,-31.0,-0.12
07:48:21,349.17,18.0,359.75,40.0,346.37,19.0,366.0,31.0,354.46,10.579999999999984,37.0,71.0,1.7799578646660636,108,-34.0,-10.0,-0.31
07:48:22,349.0,27.0,363.59,39.0,344.0,18.0,365.34,38.0,356.29,14.589999999999975,45.0,77.0,2.225028089707257,122,-32.0,14.0,-0.26
07:48:23,349.64,50.0,360.55,62.0,347.33,36.0,362.0,64.0,355.09,10.910000000000025,86.0,126.0,2.3593812748231318,212,-40.0,90.0,-0.19
07:48:24,350.89,76.0,356.96,82.0,349.0,57.0,358.54,89.0,353.93,6.069999999999993,133.0,171.0,2.1523661398529867,304,-38.0,92.0,-0.12
07:48:25,351.0,48.0,353.53,51.0,349.0,36.0,355.33,57.0,352.26,2.5299999999999727,84.0,108.0,1.4876256249424318,192,-24.0,-112.0,-0.12
07:48:26,349.0,33.0,351.91,55.0,344.0,22.0,365.65,51.0,350.45,2.910000000000025,55.0,106.0,2.3066815991779315,161,-51.0,-31.0,-0.32
07:48:27,347.18,33.0,350.63,41.0,343.7,20.0,366.0,102.0,348.91,3.4499999999999886,53.0,143.0,2.5104421921221727,196,-90.0,35.0,-0.46
07:48:28,344.5,40.0,349.36,42.0,343.44,18.0,366.0,56.0,346.93,4.860000000000014,58.0,98.0,2.7449007268002426,156,-40.0,-40.0,-0.26
07:48:29,345.91,55.0,349.0,33.0,344.0,22.0,365.37,38.0,347.45,3.089999999999975,77.0,71.0,2.1923503369647666,148,6.0,-8.0,0.04
07:48:30,347.89,53.0,360.61,41.0,344.0,24.0,366.65,43.0,354.25,12.720000000000027,77.0,84.0,2.9399183662117667,161,-7.0,13.0,-0.04
07:48:31,347.2,25.0,365.9,40.0,341.64,14.0,366.87,31.0,356.55,18.69999999999999,39.0,71.0,4.322466888246609,110,-32.0,-51.0,-0.29
07:48:32,345.21,28.0,362.94,64.0,343.24,29.0,364.06,64.0,354.08,17.730000000000018,57.0,128.0,4.370048054654261,185,-71.0,75.0,-0.38
07:48:33,349.0,24.0,360.57,56.0,346.67,18.0,363.0,61.0,354.79,11.569999999999993,42.0,117.0,3.4799109183980996,159,-75.0,-26.0,-0.47
07:48:34,350.0,34.0,359.41,68.0,347.0,17.0,363.0,33.0,354.71,9.410000000000025,51.0,101.0,0.9826901851474275,152,-50.0,-7.0,-0.33
07:48:35,350.0,34.0,356.06,68.0,347.0,17.0,362.86,59.0,353.03,6.060000000000002,51.0,127.0,1.2826612958943147,178,-76.0,26.0,-0.43
07:48:36,345.67,15.0,352.42,62.0,344.21,14.0,356.88,58.0,349.04,6.75,29.0,120.0,2.392310598560796,149,-91.0,-29.0,-0.61
07:48:37,343.89,19.0,345.79,78.0,341.0,19.0,346.77,78.0,344.84,1.900000000000034,38.0,156.0,4.290649135036312,194,-118.0,45.0,-0.61
07:48:38,339.07,14.0,343.96,54.0,243.19,53.0,344.94,71.0,341.52,4.889999999999986,67.0,125.0,5.509325730068072,192,-58.0,-2.0,-0.3
07:48:39,338.0,17.0,340.7,66.0,244.92,48.0,343.11,36.0,339.35,2.6999999999999886,65.0,102.0,5.552371565375701,167,-37.0,-25.0,-0.22
07:48:40,337.16,31.0,339.57,70.0,302.52,23.0,343.94,64.0,338.37,2.409999999999968,54.0,134.0,4.36205570803435,188,-80.0,21.0,-0.43
07:48:41,337.24,34.0,338.9,40.0,253.9,69.0,343.0,68.0,338.07,1.6599999999999682,103.0,108.0,2.8113964501643403,211,-5.0,23.0,-0.02
07:48:42,337.0,18.0,338.0,15.0,231.4,15.0,343.0,36.0,337.5,1.0,33.0,51.0,1.5793574642866104,84,-18.0,-127.0,-0.21
07:48:43,331.32,38.0,337.34,41.0,285.69,71.0,341.82,66.0,334.33,6.019999999999982,109.0,107.0,1.907244085060728,216,2.0,132.0,0.01
07:48:44,336.64,33.0,342.38,24.0,308.15,27.0,343.96,100.0,339.51,5.740000000000009,60.0,124.0,1.9464788722200526,184,-64.0,-32.0,-0.35
07:48:45,343.0,84.0,348.0,36.0,337.0,24.0,351.0,48.0,345.5,5.0,108.0,84.0,4.105858010209037,192,24.0,8.0,0.12
07:48:46,343.0,63.0,347.33,27.0,336.11,18.0,350.78,36.0,345.17,4.329999999999984,81.0,63.0,4.868518255074779,144,18.0,-48.0,0.12
07:48:47,343.0,47.0,348.86,14.0,335.0,16.0,351.29,17.0,345.93,5.860000000000014,63.0,31.0,5.067891080123435,94,32.0,-50.0,0.34
07:48:48,348.4,35.0,353.27,11.0,342.2,40.0,355.73,11.0,350.84,4.8700000000000045,75.0,22.0,4.019608189860172,97,53.0,3.0,0.55
07:48:49,350.0,32.0,354.07,14.0,343.0,56.0,359.43,14.0,352.04,4.069999999999993,88.0,28.0,3.2740235185453552,116,60.0,19.0,0.52
07:48:50,342.62,21.0,355.2,10.0,340.1,31.0,364.0,10.0,348.91,12.579999999999984,52.0,20.0,2.9932707862783348,72,32.0,-44.0,0.44
07:48:51,340.0,28.0,357.0,7.0,333.0,7.0,364.0,7.0,348.5,17.0,35.0,14.0,2.345875103236855,49,21.0,-23.0,0.43
07:48:52,344.62,39.0,357.0,11.0,338.82,22.0,364.0,11.0,350.81,12.379999999999995,61.0,22.0,1.4764315087349456,83,39.0,34.0,0.47
07:48:53,348.36,22.0,357.0,9.0,338.29,28.0,364.0,9.0,352.68,8.639999999999986,50.0,18.0,1.8513157483219649,68,32.0,-15.0,0.47
07:48:54,344.27,30.0,356.1,49.0,336.0,54.0,361.47,15.0,350.18,11.830000000000041,84.0,64.0,1.6640102163103871,148,20.0,80.0,0.14
07:48:55,346.0,22.0,356.0,55.0,344.0,22.0,365.0,11.0,351.0,10.0,44.0,66.0,1.5092315925612187,110,-22.0,-38.0,-0.2
07:48:56,346.0,30.0,348.7,57.0,344.0,30.0,352.06,51.0,347.35,2.6999999999999886,60.0,108.0,1.9414762424467331,168,-48.0,58.0,-0.29
07:48:57,344.29,28.0,347.71,24.0,337.0,24.0,350.39,38.0,346.0,3.419999999999959,52.0,62.0,2.7239897209766037,114,-10.0,-54.0,-0.09
07:48:58,340.0,20.0,344.93,15.0,335.17,23.0,355.47,19.0,342.47,4.930000000000007,43.0,34.0,3.4262151129180998,77,9.0,-37.0,0.12
07:48:59,335.62,16.0,343.19,16.0,334.08,24.0,355.21,19.0,339.41,7.569999999999993,40.0,35.0,4.468470655603621,75,5.0,-2.0,0.07
07:49:00,336.57,65.0,343.0,15.0,335.0,15.0,353.0,15.0,339.78,6.430000000000007,80.0,30.0,3.586777104866323,110,50.0,35.0,0.45
07:49:01,337.48,25.0,343.0,17.0,336.38,26.0,345.1,41.0,340.24,5.519999999999982,51.0,58.0,2.741942741924939,109,-7.0,-1.0,-0.06
07:49:02,339.72,25.0,343.3,27.0,337.08,26.0,345.1,41.0,341.51,3.579999999999984,51.0,68.0,1.275684130181113,119,-17.0,10.0,-0.14
07:49:03,342.0,25.0,347.16,38.0,330.76,45.0,351.8,20.0,344.58,5.160000000000025,70.0,58.0,2.0986019155607916,128,12.0,9.0,0.09
07:49:04,345.67,36.0,350.44,57.0,343.3,20.0,355.71,28.0,348.05,4.769999999999982,56.0,85.0,3.466405919680149,141,-29.0,13.0,-0.21
07:49:05,347.08,39.0,354.33,24.0,340.22,27.0,356.5,32.0,350.71,7.25,66.0,56.0,4.385176165217411,122,10.0,-19.0,0.08
07:49:06,346.94,17.0,350.11,38.0,334.24,17.0,351.86,42.0,348.52,3.170000000000016,34.0,80.0,3.6277444783210515,114,-46.0,-8.0,-0.4
07:49:07,344.0,10.0,348.0,14.0,339.0,10.0,359.0,30.0,346.0,4.0,20.0,44.0,2.3662987976981578,64,-24.0,-50.0,-0.38
07:49:08,342.27,11.0,345.0,11.0,337.91,11.0,358.86,28.0,343.64,2.730000000000018,22.0,39.0,2.6799869402644436,61,-17.0,-3.0,-0.28
07:49:09,336.4,20.0,358.0,14.0,335.73,22.0,360.79,56.0,347.2,21.600000000000023,42.0,70.0,2.6540120572424257,112,-28.0,51.0,-0.25
07:49:10,338.66,89.0,358.0,18.0,336.27,41.0,361.0,90.0,348.33,19.339999999999975,130.0,108.0,2.0041007958655057,238,22.0,126.0,0.09
07:49:11,344.12,96.0,358.0,15.0,342.44,129.0,361.0,87.0,351.06,13.879999999999995,225.0,102.0,2.7513414909800176,327,123.0,89.0,0.38
07:49:12,345.0,72.0,358.0,12.0,343.0,108.0,361.0,78.0,351.5,13.0,180.0,90.0,3.1927073151146743,270,90.0,-57.0,0.33
07:49:13,346.68,88.0,358.0,19.0,344.3,129.0,361.0,95.0,352.34,11.319999999999993,217.0,114.0,2.204604272876293,331,103.0,61.0,0.31
07:49:14,350.14,42.0,357.29,28.0,343.72,36.0,360.81,48.0,353.71,7.150000000000034,78.0,76.0,1.9855402287494959,154,2.0,-177.0,0.01
07:49:15,351.0,48.0,355.19,52.0,349.0,12.0,357.41,58.0,353.1,4.189999999999998,60.0,110.0,1.0952716557919544,170,-50.0,16.0,-0.29
07:49:16,350.29,31.0,352.5,60.0,343.29,104.0,353.73,71.0,351.4,2.2099999999999795,135.0,131.0,1.0023971268819378,266,4.0,96.0,0.02
07:49:17,343.71,51.0,351.68,31.0,342.92,59.0,355.18,55.0,347.69,7.970000000000027,110.0,86.0,2.3751989390327264,196,24.0,-70.0,0.12
07:49:18,343.0,117.0,352.0,65.0,342.0,13.0,359.0,93.0,347.5,9.0,130.0,158.0,2.9414367237769317,288,-28.0,92.0,-0.1
07:49:19,343.0,54.0,352.0,30.0,342.0,6.0,359.0,54.0,347.5,9.0,60.0,84.0,2.6375594779995675,144,-24.0,-144.0,-0.17
07:49:20,343.0,90.0,351.7,50.0,342.0,10.0,359.0,90.0,347.35,8.699999999999989,100.0,140.0,1.7438377218041032,240,-40.0,96.0,-0.17
07:49:21,343.0,117.0,355.46,57.0,342.0,13.0,356.58,66.0,349.23,12.45999999999998,130.0,123.0,0.7786077317800004,253,7.0,13.0,0.03
07:49:22,343.21,57.0,357.0,81.0,342.88,41.0,359.0,18.0,350.11,13.79000000000002,98.0,99.0,1.2566105204027396,197,-1.0,-56.0,-0.01
07:49:23,346.21,58.0,357.0,144.0,343.18,132.0,365.81,144.0,351.6,10.79000000000002,190.0,288.0,1.7953189131699006,478,-98.0,181.5,-0.21
07:49:24,352.0,92.0,357.0,108.0,350.0,36.0,366.0,120.0,354.5,5.0,128.0,228.0,2.687037402043998,356,-100.0,-122.0,-0.28
07:49:25,352.0,56.0,357.0,90.0,350.0,30.0,366.0,100.0,354.5,5.0,86.0,190.0,2.4446001718034003,276,-104.0,-80.0,-0.38
07:49:26,352.0,55.0,357.0,99.0,350.0,33.0,366.0,110.0,354.5,5.0,88.0,209.0,2.0647808600380713,297,-121.0,21.0,-0.41
07:49:27,352.0,30.0,357.0,54.0,350.0,18.0,366.0,60.0,354.5,5.0,48.0,114.0,1.2969194269414481,162,-66.0,-135.0,-0.41
07:49:28,352.0,109.0,357.0,117.0,350.0,39.0,366.0,130.0,354.5,5.0,148.0,247.0,0.0,395,-99.0,181.5,-0.25
07:49:29,352.0,63.0,357.0,99.0,350.0,33.0,366.0,110.0,354.5,5.0,96.0,209.0,0.0,305,-113.0,-90.0,-0.37
07:49:30,352.0,10.0,357.0,54.0,350.0,18.0,366.0,60.0,354.5,5.0,28.0,114.0,0.0,142,-86.0,-163.0,-0.61
07:49:31,352.0,8.0,357.0,72.0,350.0,24.0,366.0,40.0,354.5,5.0,32.0,112.0,0.0,144,-80.0,2.0,-0.56
07:49:32,352.0,4.0,357.0,36.0,350.0,12.0,366.0,20.0,354.5,5.0,16.0,56.0,0.0,72,-40.0,-72.0,-0.56
07:49:33,352.0,8.0,357.0,72.0,350.0,24.0,365.89,38.0,354.5,5.0,32.0,110.0,0.0,142,-78.0,70.0,-0.55
07:49:34,350.77,13.0,357.0,81.0,349.68,25.0,365.0,18.0,353.88,6.230000000000018,38.0,99.0,0.2772724291692911,137,-61.0,-5.0,-0.45
07:49:35,350.0,20.0,357.0,81.0,349.0,18.0,365.74,38.0,353.5,7.0,38.0,119.0,0.4635515073622037,157,-81.0,20.0,-0.52
07:49:36,350.0,21.0,357.0,63.0,349.0,14.0,366.0,49.0,353.5,7.0,35.0,112.0,0.5028717530127388,147,-77.0,-10.0,-0.52
07:49:37,349.96,47.0,354.24,34.0,346.75,48.0,357.05,99.0,352.1,4.28000000000003,95.0,133.0,0.8809540283005027,228,-38.0,81.0,-0.17
07:49:38,349.97,60.0,352.0,24.0,345.14,28.0,358.16,49.0,350.98,2.0299999999999727,88.0,73.0,1.219475296994575,161,15.0,-67.0,0.09
07:49:39,349.9,50.0,355.79,38.0,344.0,54.0,359.96,46.0,352.84,5.890000000000043,104.0,84.0,1.0666208323393782,188,20.0,27.0,0.11
07:49:40,349.58,26.0,360.29,31.0,343.28,107.0,362.57,63.0,354.93,10.710000000000036,133.0,94.0,1.4837789592725261,227,39.0,39.0,0.17
07:49:41,350.09,47.0,359.0,16.0,349.17,18.0,361.26,76.0,354.54,8.910000000000025,65.0,92.0,1.6569610737671243,157,-27.0,-70.0,-0.17
07:49:46,352.0,10.0,361.0,25.0,349.0,5.0,362.2,5.0,356.5,9.0,15.0,30.0,0.7863332626664117,45,-15.0,-120.0,-0.33
07:49:47,352.0,9.0,362.0,30.0,349.0,5.0,364.0,25.0,357.0,10.0,14.0,55.0,1.119678525280811,69,-41.0,24.0,-0.59
07:49:48,352.0,7.0,362.0,42.0,349.0,7.0,364.0,35.0,357.0,10.0,14.0,77.0,1.2237973688377688,91,-63.0,22.0,-0.69
07:49:49,352.0,15.0,360.52,50.0,349.0,15.0,362.25,65.0,356.26,8.519999999999982,30.0,115.0,0.9042787180806505,145,-85.0,54.0,-0.59
07:49:50,341.97,61.0,358.0,39.0,340.66,29.0,359.0,26.0,349.98,16.029999999999973,90.0,65.0,3.0179662025899785,155,25.0,10.0,0.16
07:49:51,342.0,70.0,351.39,31.0,339.97,29.0,352.96,24.0,346.69,9.389999999999986,99.0,55.0,4.76495330512054,154,44.0,-1.0,0.29
07:49:52,342.0,91.0,350.1,29.0,339.0,65.0,351.17,36.0,346.05,8.100000000000023,156.0,65.0,5.186388917154533,221,91.0,67.0,0.41
07:49:53,342.1,143.0,346.89,47.0,340.36,110.0,348.68,38.0,344.5,4.789999999999964,253.0,85.0,4.676925272012392,338,168.0,117.0,0.5
07:49:54,343.44,34.0,345.0,44.0,341.89,137.0,352.78,54.0,344.22,1.5600000000000023,171.0,98.0,2.30882437616915,269,73.0,-69.0,0.27
07:49:55,340.71,34.0,343.82,34.0,337.7,43.0,358.0,105.0,342.26,3.1100000000000136,77.0,139.0,1.7318285134492972,216,-62.0,-53.0,-0.29
07:49:56,340.0,28.0,343.0,28.0,336.43,28.0,359.86,70.0,341.5,3.0,56.0,98.0,1.8266307782357447,154,-42.0,-62.0,-0.27
07:49:57,339.06,34.0,341.18,34.0,335.87,30.0,357.56,73.0,340.12,2.1200000000000045,64.0,107.0,1.8492160501143562,171,-43.0,17.0,-0.25
07:49:58,336.0,24.0,339.57,14.0,334.01,89.0,354.72,58.0,337.79,3.569999999999993,113.0,72.0,2.404479153580529,185,41.0,14.0,0.22
07:49:59,336.0,22.0,343.28,29.0,334.0,88.0,342.33,12.0,339.64,7.279999999999973,110.0,41.0,1.7351138291205053,151,69.0,-34.0,0.46
07:50:00,345.71,48.0,352.29,56.0,343.52,84.0,355.47,34.0,349.0,6.580000000000041,132.0,90.0,4.339285655497034,222,42.0,71.0,0.19
07:50:01,347.67,30.0,351.0,34.0,344.8,90.0,355.0,24.0,349.33,3.329999999999984,120.0,58.0,5.537195138334837,178,62.0,-44.0,0.35
07:50:02,345.07,101.0,350.0,68.0,342.25,64.0,353.92,24.0,347.53,4.930000000000007,165.0,92.0,5.506329993743177,257,73.0,79.0,0.28
07:50:03,347.69,13.0,349.64,50.0,345.0,104.0,355.32,31.0,348.67,1.9499999999999886,117.0,81.0,4.078312150877017,198,36.0,-59.0,0.18
07:50:04,351.43,56.0,356.14,28.0,345.4,70.0,357.71,31.0,353.79,4.7099999999999795,126.0,59.0,2.404075705959584,185,67.0,-13.0,0.36
07:50:05,352.0,136.0,356.0,56.0,350.0,17.0,416.42,57.0,354.0,4.0,153.0,113.0,3.0198642353561125,266,40.0,81.0,0.15
07:50:06,351.48,27.0,356.0,30.0,345.33,60.0,360.0,69.0,353.74,4.519999999999982,87.0,99.0,3.172968641506101,186,-12.0,-80.0,-0.06
07:50:07,352.0,8.0,356.0,22.0,350.0,8.0,360.0,56.0,354.0,4.0,16.0,78.0,2.3341272458840407,94,-62.0,-92.0,-0.66
07:50:08,352.0,12.0,356.0,36.0,350.0,12.0,360.0,84.0,354.0,4.0,24.0,120.0,0.12992305405867333,144,-96.0,50.0,-0.67
07:50:09,347.55,22.0,356.0,30.0,339.0,52.0,360.0,70.0,351.77,8.449999999999989,74.0,100.0,0.9747409912262973,174,-26.0,30.0,-0.15
07:50:10,345.0,35.0,356.0,9.0,337.0,110.0,360.0,35.0,350.5,11.0,145.0,44.0,1.5901635135980017,189,101.0,15.0,0.53
07:50:11,348.13,23.0,356.0,5.0,339.58,65.0,360.0,35.0,352.07,7.8700000000000045,88.0,40.0,1.5176198469903661,128,48.0,-61.0,0.38
07:50:23,349.41,17.0,352.24,17.0,345.16,73.0,354.85,13.0,350.82,2.829999999999984,90.0,30.0,1.565924646966439,120,60.0,37.0,0.5
07:50:24,349.48,31.0,350.81,21.0,345.17,117.0,352.29,21.0,350.15,1.329999999999984,148.0,42.0,1.9892762502927686,190,106.0,70.0,0.56
07:50:25,349.65,43.0,351.11,19.0,345.15,109.0,357.0,20.0,350.38,1.4600000000000364,152.0,39.0,1.8441854570461689,191,113.0,1.0,0.59
07:50:26,349.77,39.0,360.0,14.0,345.29,68.0,362.15,40.0,354.88,10.230000000000018,107.0,54.0,2.0681344250266362,161,53.0,-30.0,0.33
07:50:27,350.0,108.0,357.77,74.0,349.0,18.0,361.7,47.0,353.89,7.769999999999982,126.0,121.0,2.1967544241402956,247,5.0,86.0,0.02
07:50:28,351.0,108.0,354.5,90.0,349.0,18.0,362.18,34.0,352.75,3.5,126.0,124.0,2.099726172618499,250,2.0,3.0,0.01
07:50:29,351.0,11.0,353.36,55.0,349.0,11.0,363.0,33.0,352.18,2.3600000000000136,22.0,88.0,1.7143891040187489,110,-66.0,-140.0,-0.6
07:50:30,350.57,14.0,352.89,62.0,346.38,32.0,362.45,20.0,351.73,2.319999999999993,46.0,82.0,1.2881498359964139,128,-36.0,18.0,-0.28
07:50:31,349.0,13.0,357.38,52.0,345.0,91.0,359.0,65.0,353.19,8.379999999999995,104.0,117.0,0.8453519976780808,221,-13.0,93.0,-0.06
07:50:32,349.0,12.0,355.58,48.0,345.0,84.0,359.0,60.0,352.29,6.579999999999984,96.0,108.0,0.5594819031738246,204,-12.0,-17.0,-0.06
07:50:33,346.46,85.0,353.53,72.0,343.76,58.0,355.69,72.0,349.99,7.069999999999993,143.0,144.0,1.1799067759700967,287,-1.0,83.0,-0.0
07:50:34,351.0,60.0,352.0,60.0,345.0,84.0,354.47,51.0,351.5,1.0,144.0,111.0,1.175287198934978,255,33.0,-32.0,0.13
07:50:35,349.27,59.0,351.62,65.0,345.27,90.0,358.0,65.0,350.44,2.3500000000000227,149.0,130.0,1.3117049973149169,279,19.0,24.0,0.07
07:50:36,349.0,70.0,350.07,70.0,345.0,98.0,358.41,58.0,349.54,1.0699999999999932,168.0,128.0,1.1260417398934817,296,40.0,17.0,0.14
07:50:37,349.0,43.0,350.0,47.0,345.0,77.0,361.0,22.0,349.5,1.0,120.0,69.0,0.8241844453660938,189,51.0,-107.0,0.27
07:50:38,347.0,42.0,352.15,41.0,343.03,73.0,361.62,26.0,349.57,5.149999999999977,115.0,67.0,0.8702873088719463,182,48.0,-7.0,0.26
07:50:39,350.48,46.0,361.0,16.0,340.71,21.0,365.0,8.0,355.74,10.519999999999982,67.0,24.0,2.7017994003963306,91,43.0,-91.0,0.47
07:50:40,352.0,120.0,361.0,20.0,343.71,17.0,365.0,10.0,356.5,9.0,137.0,30.0,3.615923118648913,167,107.0,76.0,0.64
07:50:41,352.0,132.0,360.05,42.0,342.26,23.0,361.67,21.0,356.02,8.050000000000011,155.0,63.0,3.5988581522445746,218,92.0,51.0,0.42
07:50:42,352.0,144.0,360.0,48.0,344.0,60.0,362.0,24.0,356.0,8.0,204.0,72.0,2.9175811899542374,276,132.0,58.0,0.48
07:50:46,350.46,24.0,358.0,48.0,348.96,23.0,362.0,24.0,354.23,7.5400000000000205,47.0,72.0,0.8332646638212493,119,-25.0,-118.0,-0.21
07:50:47,344.0,10.0,357.4,40.0,343.0,60.0,361.2,20.0,350.7,13.399999999999977,70.0,60.0,2.3067791398344095,130,10.0,11.0,0.08
07:50:48,344.0,12.0,356.0,48.0,343.0,72.0,361.17,24.0,350.0,12.0,84.0,72.0,2.862301521499349,156,12.0,26.0,0.08
07:50:49,351.84,49.0,354.33,72.0,344.51,47.0,356.38,64.0,353.09,2.490000000000009,96.0,136.0,2.334062981150824,232,-40.0,76.0,-0.17
07:50:50,352.0,30.0,353.9,40.0,345.0,60.0,356.0,40.0,352.95,1.8999999999999773,90.0,80.0,1.7723797561413426,170,10.0,-62.0,0.06
07:50:51,345.0,82.0,354.44,36.0,344.0,15.0,356.79,43.0,349.72,9.439999999999998,97.0,79.0,1.6180760179859182,176,18.0,6.0,0.1
07:50:52,345.65,34.0,351.89,19.0,344.97,68.0,353.91,46.0,348.77,6.240000000000009,102.0,65.0,1.9835397651627504,167,37.0,-9.0,0.22
07:50:53,346.0,38.0,349.15,52.0,345.0,70.0,350.16,43.0,347.58,3.1499999999999773,108.0,95.0,2.4903754736952535,203,13.0,36.0,0.06
07:50:54,345.38,21.0,346.5,16.0,344.5,16.0,348.0,24.0,345.94,1.1200000000000045,37.0,40.0,2.624570441040902,77,-3.0,-126.0,-0.04
07:50:55,342.47,15.0,350.25,24.0,340.67,27.0,357.67,39.0,346.36,7.779999999999973,42.0,63.0,1.5913453427801822,105,-21.0,28.0,-0.2
07:50:56,342.11,56.0,356.75,55.0,340.33,39.0,359.21,58.0,349.43,14.639999999999986,95.0,113.0,1.5008430963922543,208,-18.0,103.0,-0.09
07:50:57,347.92,52.0,355.0,51.0,345.32,38.0,358.0,85.0,351.46,7.079999999999984,90.0,136.0,2.2916980603882533,226,-46.0,18.0,-0.2
07:50:58,351.27,37.0,354.87,31.0,348.94,31.0,357.55,53.0,353.07,3.6000000000000227,68.0,84.0,3.115167732239345,152,-16.0,-74.0,-0.11
07:50:59,352.0,26.0,353.46,13.0,351.0,39.0,355.0,26.0,352.73,1.4599999999999795,65.0,39.0,2.7714346465292445,104,26.0,-48.0,0.25
07:51:00,352.0,16.0,353.0,8.0,351.0,24.0,355.0,16.0,352.5,1.0,40.0,24.0,1.4742014787607631,64,16.0,-40.0,0.25
07:51:01,352.0,11.0,356.0,10.0,351.0,21.0,359.17,23.0,354.0,4.0,32.0,33.0,0.920852865542962,65,-1.0,1.0,-0.02
07:51:02,352.0,8.0,358.0,16.0,351.0,24.0,363.0,40.0,355.0,6.0,32.0,56.0,1.0331747189983493,88,-24.0,23.0,-0.27
07:51:03,352.0,11.0,358.0,22.0,351.0,33.0,362.64,55.0,355.0,6.0,44.0,77.0,1.1983655535672575,121,-33.0,33.0,-0.27
07:51:04,352.0,11.0,357.53,15.0,351.0,33.0,359.76,34.0,354.77,5.529999999999973,44.0,49.0,1.063052209430815,93,-5.0,-28.0,-0.05
07:51:05,352.0,9.0,356.4,10.0,351.0,27.0,358.41,17.0,354.2,4.399999999999977,36.0,27.0,0.46602575033472604,63,9.0,-30.0,0.14
07:51:06,352.0,18.0,354.11,18.0,351.0,54.0,362.0,72.0,353.06,2.1100000000000136,72.0,90.0,0.8204145293541651,162,-18.0,99.0,-0.11
07:51:07,351.03,37.0,361.34,35.0,349.12,51.0,363.75,77.0,356.18,10.310000000000002,88.0,112.0,1.141060909844409,200,-24.0,38.0,-0.12
07:51:08,351.0,33.0,361.0,22.0,349.0,44.0,364.39,98.0,356.0,10.0,77.0,120.0,1.2965415535086262,197,-43.0,-3.0,-0.22
07:51:09,351.0,27.0,360.78,18.0,349.0,36.0,365.0,87.0,355.89,9.779999999999973,63.0,105.0,1.375347228874992,168,-42.0,-29.0,-0.25
07:51:10,351.0,27.0,360.0,18.0,349.0,36.0,365.0,109.0,355.5,9.0,63.0,127.0,1.2909996126930559,190,-64.0,22.0,-0.34
07:51:11,351.0,39.0,360.0,26.0,349.0,52.0,365.0,89.0,355.5,9.0,91.0,115.0,0.3047622023360103,206,-24.0,16.0,-0.12
07:51:12,351.0,42.0,357.64,28.0,349.47,38.0,358.64,28.0,354.32,6.639999999999986,80.0,56.0,0.6666483330612883,136,24.0,-70.0,0.18
07:51:13,350.72,25.0,356.85,26.0,349.3,40.0,358.0,26.0,353.78,6.1299999999999955,65.0,52.0,0.9003999111362844,117,13.0,-19.0,0.11
07:51:14,348.71,14.0,355.45,22.0,347.09,44.0,356.91,22.0,352.08,6.740000000000009,58.0,44.0,1.4193942369812642,102,14.0,-15.0,0.14
07:51:15,345.08,13.0,355.0,18.0,341.52,31.0,356.0,18.0,350.04,9.920000000000016,44.0,36.0,2.1275055816560413,80,8.0,-22.0,0.1
07:51:16,342.0,12.0,354.08,24.0,341.0,36.0,355.08,24.0,348.04,12.079999999999984,48.0,48.0,2.6208242978079057,96,0.0,16.0,0.0
07:51:17,342.0,13.0,350.69,26.0,341.0,39.0,351.69,26.0,346.35,8.689999999999998,52.0,52.0,2.9901371205988516,104,0.0,8.0,0.0
07:51:18,343.69,84.0,347.22,27.0,342.64,89.0,348.7,27.0,345.46,3.5300000000000296,173.0,54.0,2.7021991044307456,227,119.0,123.0,0.52
07:51:19,345.46,93.0,346.58,19.0,343.92,106.0,359.83,48.0,346.02,1.1200000000000045,199.0,67.0,1.8649450394015994,266,132.0,39.0,0.5
07:51:20,344.78,46.0,357.18,22.0,343.83,46.0,361.25,32.0,350.98,12.400000000000034,92.0,54.0,2.2356207191713664,146,38.0,-120.0,0.26
07:51:21,347.86,65.0,360.64,25.0,345.94,31.0,361.18,44.0,354.25,12.779999999999973,96.0,69.0,3.8459290165038262,165,27.0,19.0,0.16
07:51:22,349.0,50.0,360.0,45.0,348.0,74.0,361.0,40.0,354.5,11.0,124.0,85.0,4.342582181143298,209,39.0,44.0,0.19
07:51:23,349.38,40.0,360.0,60.0,348.38,65.0,361.0,40.0,354.69,10.620000000000005,105.0,100.0,3.718557516024181,205,5.0,-4.0,0.02
07:51:24,350.0,55.0,359.26,70.0,349.0,75.0,360.31,64.0,354.63,9.259999999999991,130.0,134.0,1.5910216843201264,264,-4.0,59.0,-0.02
07:51:25,350.43,42.0,359.0,72.0,349.17,36.0,360.0,48.0,354.71,8.569999999999993,78.0,120.0,0.18968394759604001,198,-42.0,-66.0,-0.21
07:51:26,351.0,45.0,357.81,69.0,350.0,15.0,360.8,61.0,354.41,6.810000000000002,60.0,130.0,0.12891857886109065,190,-70.0,-8.0,-0.37
07:51:27,351.0,49.0,353.96,26.0,350.0,17.0,354.86,35.0,352.48,2.9599999999999795,66.0,61.0,0.9599895832644505,127,5.0,-63.0,0.04
07:51:28,351.0,21.0,353.68,28.0,350.0,13.0,358.36,50.0,352.34,2.680000000000007,34.0,78.0,1.1964656284144277,112,-44.0,-15.0,-0.39
07:51:29,351.0,8.0,352.5,32.0,350.0,8.0,365.0,32.0,351.75,1.5,16.0,64.0,1.330928247494277,80,-48.0,-32.0,-0.6
07:51:30,349.03,61.0,351.25,64.0,348.02,121.0,365.25,59.0,350.14,2.2200000000000273,182.0,123.0,1.5350342015668192,305,59.0,181.5,0.19
07:51:31,349.0,40.0,350.1,40.0,348.0,80.0,364.65,43.0,349.55,1.1000000000000227,120.0,83.0,1.3297631367960348,203,37.0,-102.0,0.18
07:51:32,348.05,84.0,362.45,58.0,344.67,18.0,364.67,48.0,355.25,14.399999999999977,102.0,106.0,2.236879522902504,208,-4.0,5.0,-0.02
07:51:33,348.0,88.0,361.84,74.0,342.0,11.0,364.67,43.0,354.92,13.839999999999975,99.0,117.0,2.6502396118048535,216,-18.0,8.0,-0.08
07:51:34,348.0,96.0,359.67,48.0,342.0,12.0,360.98,56.0,353.83,11.670000000000016,108.0,104.0,2.700772111818896,212,4.0,-4.0,0.02
07:51:35,348.07,83.0,356.77,52.0,346.24,34.0,360.0,52.0,352.42,8.699999999999989,117.0,104.0,2.3177855811048964,221,13.0,9.0,0.06
07:51:36,350.0,15.0,355.67,60.0,348.0,120.0,358.67,60.0,352.83,5.670000000000016,135.0,120.0,1.2440458190824193,255,15.0,34.0,0.06
07:51:37,348.29,56.0,352.85,80.0,347.05,76.0,355.05,80.0,350.57,4.560000000000002,132.0,160.0,1.628536152493517,292,-28.0,37.0,-0.1
07:51:38,347.79,76.0,350.63,76.0,343.03,31.0,355.28,75.0,349.21,2.839999999999975,107.0,151.0,1.8562920028866137,258,-44.0,-34.0,-0.17
07:51:39,344.08,85.0,347.38,84.0,340.31,122.0,361.59,27.0,345.73,3.3000000000000114,207.0,111.0,2.869306536427262,318,96.0,60.0,0.3
07:51:40,346.19,116.0,356.75,24.0,345.33,79.0,362.24,161.0,351.47,10.560000000000002,195.0,185.0,2.708527275104427,380,10.0,62.0,0.03
07:51:41,348.29,126.0,358.0,14.0,347.0,70.0,360.0,70.0,353.14,9.70999999999998,196.0,84.0,2.7928265252221682,280,112.0,-100.0,0.4
07:51:42,349.0,108.0,358.0,12.0,348.0,72.0,360.0,60.0,353.5,9.0,180.0,72.0,3.211969800602637,252,108.0,-28.0,0.43
07:51:43,348.52,75.0,358.0,15.0,347.44,81.0,360.0,75.0,353.26,9.480000000000018,156.0,90.0,3.280586837744382,246,66.0,-6.0,0.27
07:51:44,349.0,24.0,358.0,11.0,347.76,63.0,360.0,55.0,353.5,9.0,87.0,66.0,0.8550906384580653,153,21.0,-93.0,0.14
07:51:45,348.19,80.0,356.83,24.0,347.44,108.0,358.53,70.0,352.51,8.639999999999986,188.0,94.0,0.40671857589523,282,94.0,129.0,0.33
07:51:46,351.0,14.0,355.25,28.0,348.1,82.0,356.75,28.0,353.12,4.25,96.0,56.0,0.40733278775253445,152,40.0,-130.0,0.26
07:51:47,350.35,37.0,353.19,32.0,349.51,74.0,356.22,37.0,351.77,2.839999999999975,111.0,69.0,0.6971154853960332,180,42.0,28.0,0.23
07:51:48,350.0,58.0,354.86,21.0,348.0,58.0,361.03,31.0,352.43,4.860000000000014,116.0,52.0,0.6679296369972487,168,64.0,-12.0,0.38
07:51:49,350.0,48.0,359.0,12.0,348.23,52.0,361.0,36.0,354.5,9.0,100.0,48.0,1.0310819559951978,148,52.0,-20.0,0.35
07:51:50,350.0,36.0,359.0,9.0,349.0,54.0,364.11,27.0,354.5,9.0,90.0,36.0,1.2251244834620385,126,54.0,-22.0,0.43
07:51:51,350.0,20.0,359.0,5.0,349.0,30.0,365.0,15.0,354.5,9.0,50.0,20.0,1.3350842669950131,70,30.0,-56.0,0.43
07:51:52,349.47,34.0,359.0,10.0,348.5,48.0,365.0,30.0,354.24,9.529999999999973,82.0,40.0,0.9037034911831637,122,42.0,52.0,0.34
07:51:53,348.0,10.0,359.0,10.0,347.0,50.0,365.0,30.0,353.5,11.0,60.0,40.0,0.43303579525972963,100,20.0,-22.0,0.2
07:51:54,348.0,10.0,356.69,26.0,347.0,50.0,363.91,22.0,352.35,8.689999999999998,60.0,48.0,0.9171259455369495,108,12.0,8.0,0.11
07:51:55,348.0,12.0,356.0,60.0,347.0,60.0,360.67,12.0,352.0,8.0,72.0,72.0,1.1129330617687678,144,0.0,36.0,0.0
07:51:56,349.29,14.0,357.25,20.0,347.11,28.0,362.67,18.0,353.27,7.9599999999999795,42.0,38.0,0.9023691040691034,80,4.0,-64.0,0.05
07:51:57,348.0,6.0,361.0,6.0,347.0,30.0,363.0,18.0,354.5,13.0,36.0,24.0,0.9897625977871484,60,12.0,-20.0,0.2
07:51:58,348.0,9.0,361.0,9.0,347.0,45.0,363.57,21.0,354.5,13.0,54.0,30.0,1.1694571390085189,84,24.0,24.0,0.29
07:51:59,348.0,13.0,360.02,49.0,347.0,65.0,361.43,14.0,354.01,12.019999999999982,78.0,63.0,1.0537219747055622,141,15.0,57.0,0.11
07:52:00,348.0,14.0,359.07,56.0,347.0,70.0,361.0,14.0,353.54,11.069999999999993,84.0,70.0,0.55635420370193,154,14.0,13.0,0.09
07:52:01,347.89,47.0,357.0,64.0,346.95,76.0,361.0,16.0,352.45,9.110000000000014,123.0,80.0,0.8535514044140191,203,43.0,49.0,0.21
07:52:02,348.92,52.0,356.0,52.0,347.0,65.0,364.27,22.0,352.46,7.079999999999984,117.0,74.0,0.9202553993201994,191,43.0,-12.0,0.23
07:52:03,349.0,44.0,356.0,44.0,347.0,55.0,366.0,55.0,352.5,7.0,99.0,99.0,0.7340776525537066,198,0.0,7.0,0.0
07:52:04,349.0,56.0,356.0,56.0,347.0,70.0,366.0,88.0,352.5,7.0,126.0,144.0,0.4757099956689464,270,-18.0,72.0,-0.07
07:52:05,347.18,44.0,354.9,80.0,339.94,77.0,365.45,51.0,351.04,7.71999999999997,121.0,131.0,0.6432728814277152,252,-10.0,-18.0,-0.04
07:52:06,349.52,29.0,353.19,64.0,343.77,82.0,361.15,27.0,351.35,3.670000000000016,111.0,91.0,0.7161005515852912,202,20.0,-50.0,0.1
07:52:07,350.0,80.0,356.81,32.0,343.0,16.0,358.71,28.0,353.41,6.810000000000002,96.0,60.0,0.9623149172596192,156,36.0,-46.0,0.23
07:52:08,350.0,55.0,354.83,23.0,343.0,11.0,355.93,28.0,352.41,4.829999999999984,66.0,51.0,0.9551806111832624,117,15.0,-39.0,0.13
07:52:09,350.75,56.0,353.14,28.0,348.83,42.0,356.6,35.0,351.95,2.3899999999999864,98.0,63.0,0.9351042722502378,161,35.0,44.0,0.22
07:52:10,350.0,60.0,354.84,25.0,343.0,15.0,362.64,47.0,352.42,4.839999999999975,75.0,72.0,0.7555263066102436,147,3.0,-14.0,0.02
07:52:11,350.0,20.0,361.0,10.0,343.0,10.0,363.0,50.0,355.5,11.0,30.0,60.0,1.4238925521184906,90,-30.0,-57.0,-0.33
07:52:12,350.0,24.0,362.77,48.0,343.0,12.0,363.29,28.0,356.39,12.769999999999982,36.0,76.0,2.0515433214966077,112,-40.0,22.0,-0.36
07:52:13,350.0,14.0,361.0,7.0,343.0,7.0,362.0,35.0,355.5,11.0,21.0,42.0,2.018135277917751,63,-21.0,-49.0,-0.33
07:52:14,350.0,28.0,359.44,18.0,348.4,70.0,360.17,24.0,354.72,9.439999999999998,98.0,42.0,1.510192040760074,140,56.0,77.0,0.4
07:52:15,350.0,22.0,359.0,11.0,349.0,99.0,360.0,22.0,354.5,9.0,121.0,33.0,0.7486788363339244,154,88.0,14.0,0.57
07:52:16,349.2,79.0,356.19,27.0,348.47,79.0,358.0,18.0,352.69,6.990000000000009,158.0,45.0,1.374645408814711,203,113.0,49.0,0.56
07:52:17,349.0,135.0,354.2,20.0,343.0,15.0,355.8,25.0,351.6,5.199999999999989,150.0,45.0,1.6045622455913433,195,105.0,-8.0,0.54
07:52:18,349.0,172.0,351.76,25.0,342.0,16.0,352.78,23.0,350.38,2.759999999999991,188.0,48.0,1.86296001030057,236,140.0,41.0,0.59
07:52:19,349.0,110.0,350.22,18.0,339.92,13.0,360.24,50.0,349.61,1.2200000000000273,123.0,68.0,1.93163920025997,191,55.0,-45.0,0.29
07:52:20,349.0,77.0,360.08,50.0,343.0,33.0,364.97,59.0,354.54,11.079999999999984,110.0,109.0,1.9458751244571195,219,1.0,28.0,0.0
07:52:21,349.0,56.0,361.55,44.0,343.0,24.0,366.17,24.0,355.27,12.550000000000011,80.0,68.0,2.5124191529241284,148,12.0,-71.0,0.08
07:52:22,349.0,70.0,361.0,50.0,343.0,30.0,362.0,10.0,355.0,12.0,100.0,60.0,2.7328099092287226,160,40.0,12.0,0.25
07:52:23,349.0,82.0,359.73,30.0,343.0,36.0,361.04,52.0,354.37,10.730000000000018,118.0,82.0,2.346309868703862,200,36.0,40.0,0.18
07:52:24,349.47,76.0,359.0,37.0,343.27,44.0,361.0,74.0,354.24,9.529999999999973,120.0,111.0,0.43580959142193393,231,9.0,31.0,0.04
07:52:25,351.0,144.0,358.15,52.0,349.0,16.0,359.12,64.0,354.58,7.149999999999977,160.0,116.0,0.432862564765469,276,44.0,45.0,0.16
07:52:26,351.0,86.0,356.57,28.0,349.62,29.0,359.5,42.0,353.79,5.569999999999993,115.0,70.0,0.4446684157615533,185,45.0,-91.0,0.24
07:52:27,351.0,52.0,355.38,26.0,350.0,78.0,362.0,13.0,353.19,4.3799999999999955,130.0,39.0,0.5534708664207689,169,91.0,-16.0,0.54
07:52:28,351.0,44.0,354.0,22.0,350.0,66.0,363.0,11.0,352.5,3.0,110.0,33.0,0.8315948532652332,143,77.0,-26.0,0.54
07:52:29,351.0,54.0,355.15,27.0,350.0,102.0,363.78,45.0,353.07,4.149999999999977,156.0,72.0,0.791220576058056,228,84.0,85.0,0.37
07:52:30,351.0,18.0,362.22,9.0,350.0,54.0,364.0,45.0,356.61,11.220000000000027,72.0,54.0,1.619110867104824,126,18.0,-102.0,0.14
07:52:31,351.0,30.0,359.78,81.0,350.0,90.0,361.98,58.0,355.39,8.779999999999973,120.0,139.0,1.7606589675392432,259,-19.0,133.0,-0.07
07:52:32,351.0,18.0,358.0,45.0,350.0,54.0,363.0,47.0,354.5,7.0,72.0,92.0,1.6772089911444787,164,-20.0,-95.0,-0.12
07:52:33,351.0,26.0,357.15,65.0,350.0,78.0,363.42,77.0,354.08,6.149999999999977,104.0,142.0,1.3417339527549088,246,-38.0,82.0,-0.15
07:52:34,351.91,138.0,356.5,100.0,350.44,64.0,364.0,160.0,354.21,4.589999999999975,202.0,260.0,1.0554477722629922,462,-58.0,181.5,-0.13
07:52:35,352.0,81.0,356.0,45.0,351.0,18.0,364.0,72.0,354.0,4.0,99.0,117.0,0.5661536893598926,216,-18.0,-182.5,-0.08
07:52:36,352.0,108.0,354.9,50.0,351.0,24.0,361.22,81.0,353.45,2.8999999999999773,132.0,131.0,0.3845386846294279,263,1.0,47.0,0.0
07:52:37,352.0,153.0,354.0,51.0,350.36,94.0,355.0,85.0,353.0,2.0,247.0,136.0,0.508792688604189,383,111.0,120.0,0.29
07:52:38,352.0,81.0,353.14,42.0,351.0,168.0,360.28,54.0,352.57,1.1399999999999864,249.0,96.0,0.6813442595176478,345,153.0,-38.0,0.44
07:52:39,352.0,23.0,357.5,24.0,351.0,96.0,365.58,36.0,354.75,5.5,119.0,60.0,0.8537154092421266,179,59.0,-166.0,0.33
07:52:40,351.14,56.0,365.0,36.0,350.8,120.0,366.0,84.0,358.07,13.860000000000014,176.0,120.0,2.224729196998108,296,56.0,117.0,0.19
07:52:41,351.0,156.0,365.0,39.0,350.0,78.0,366.0,89.0,358.0,14.0,234.0,128.0,2.64602910036417,362,106.0,66.0,0.29
07:52:42,351.0,168.0,363.83,18.0,350.0,84.0,365.78,55.0,357.42,12.829999999999984,252.0,73.0,2.4237099661412187,325,179.0,-37.0,0.55
07:52:43,351.0,107.0,360.5,16.0,350.0,60.0,363.97,32.0,355.75,9.5,167.0,48.0,1.478367342703102,215,119.0,-110.0,0.55
07:52:44,351.0,68.0,359.23,39.0,350.0,102.0,360.12,41.0,355.12,8.230000000000018,170.0,80.0,1.3542784056355832,250,90.0,35.0,0.36
07:52:45,351.0,60.0,356.83,36.0,350.0,90.0,357.83,35.0,353.92,5.829999999999984,150.0,71.0,1.671143321194334,221,79.0,-29.0,0.36
07:52:46,351.0,54.0,355.31,26.0,350.0,78.0,357.0,39.0,353.15,4.310000000000002,132.0,65.0,1.6580319659084832,197,67.0,-24.0,0.34
07:52:47,351.0,96.0,352.82,28.0,350.0,96.0,353.89,35.0,351.91,1.8199999999999932,192.0,63.0,1.533737265628132,255,129.0,58.0,0.51
07:52:48,351.06,31.0,359.88,51.0,350.06,64.0,362.92,72.0,355.47,8.819999999999993,95.0,123.0,1.455620142748987,218,-28.0,-37.0,-0.13
07:52:49,350.32,38.0,362.0,70.0,349.24,100.0,363.0,42.0,356.16,11.680000000000007,138.0,112.0,1.7211246323192817,250,26.0,32.0,0.1
07:52:50,350.0,68.0,360.55,66.0,349.0,106.0,363.02,52.0,355.27,10.550000000000011,174.0,118.0,1.7861746834998002,292,56.0,42.0,0.19
07:52:51,350.0,79.0,359.45,33.0,349.0,84.0,360.12,48.0,354.73,9.449999999999989,163.0,81.0,1.6457581839307145,244,82.0,-48.0,0.34
07:52:52,350.0,16.0,358.25,16.0,349.0,56.0,360.0,44.0,354.12,8.25,72.0,60.0,0.7704219622868935,132,12.0,-112.0,0.09
07:52:53,350.0,16.0,358.0,16.0,349.0,56.0,360.0,48.0,354.0,8.0,72.0,64.0,0.8891175400219105,136,8.0,4.0,0.06
07:52:54,350.0,26.0,358.0,26.0,349.0,91.0,359.18,67.0,354.0,8.0,117.0,93.0,0.5615425184039987,210,24.0,74.0,0.11
07:52:55,349.34,41.0,357.08,26.0,348.73,67.0,359.0,65.0,353.21,7.740000000000009,108.0,91.0,0.5409898335240618,199,17.0,-11.0,0.09
07:52:56,349.0,56.0,355.29,28.0,348.0,42.0,360.15,71.0,352.14,6.2900000000000205,98.0,99.0,0.8393330685594875,197,-1.0,-2.0,-0.01
07:52:57,349.0,44.0,353.18,22.0,348.0,33.0,361.0,55.0,351.09,4.180000000000007,77.0,77.0,1.261851813795388,154,0.0,-43.0,0.0
07:52:58,349.0,48.0,352.08,24.0,348.0,36.0,361.0,60.0,350.54,3.079999999999984,84.0,84.0,1.4362555482852049,168,0.0,14.0,0.0
07:52:59,348.84,57.0,350.73,30.0,347.0,48.0,362.42,48.0,349.79,1.8900000000000432,105.0,78.0,1.3454478808120538,183,27.0,15.0,0.15
07:53:00,348.0,45.0,353.6,20.0,344.0,60.0,360.39,46.0,350.8,5.600000000000023,105.0,66.0,0.8575371711958761,171,39.0,-12.0,0.23
07:53:01,348.0,27.0,359.0,49.0,344.0,36.0,364.29,21.0,353.5,11.0,63.0,70.0,1.402686707708491,133,-7.0,-38.0,-0.05
07:53:02,348.0,30.0,359.0,60.0,344.0,40.0,365.0,20.0,353.5,11.0,70.0,80.0,1.7504513703559834,150,-10.0,17.0,-0.07
07:53:03,348.13,31.0,359.0,26.0,344.28,43.0,364.64,22.0,353.56,10.870000000000005,74.0,48.0,1.8023040808864654,122,26.0,-28.0,0.21
07:53:04,348.38,42.0,357.79,33.0,344.88,51.0,360.05,44.0,353.08,9.410000000000025,93.0,77.0,1.1829285692630769,170,16.0,48.0,0.09
07:53:05,344.93,86.0,356.29,28.0,343.43,47.0,358.12,32.0,350.61,11.360000000000014,133.0,60.0,1.2668464784569962,193,73.0,23.0,0.38
07:53:06,347.0,150.0,355.53,30.0,344.0,60.0,356.53,30.0,351.27,8.529999999999973,210.0,60.0,1.3692078001456929,270,150.0,77.0,0.56
07:53:07,348.26,70.0,353.81,32.0,348.28,115.0,354.81,32.0,351.03,5.550000000000011,185.0,64.0,1.319602212782633,249,121.0,-21.0,0.49
07:53:08,349.1,96.0,351.17,36.0,347.68,136.0,356.11,54.0,350.14,2.069999999999993,232.0,90.0,1.1221096203055305,322,142.0,73.0,0.44
07:53:09,349.0,81.0,351.0,24.0,344.0,36.0,359.0,48.0,350.0,2.0,117.0,72.0,0.5488624599874515,189,45.0,-133.0,0.24
07:53:10,349.0,63.0,350.75,16.0,344.0,28.0,359.0,28.0,349.88,1.75,91.0,44.0,0.6386156903676773,135,47.0,-54.0,0.35
07:53:11,349.0,69.0,357.2,30.0,344.0,36.0,360.78,18.0,353.1,8.199999999999989,105.0,48.0,1.3472564714942186,153,57.0,18.0,0.37
07:53:12,349.22,54.0,361.0,36.0,346.33,45.0,364.0,9.0,355.11,11.779999999999973,99.0,45.0,2.35634887060073,144,54.0,-9.0,0.38
07:53:13,350.0,40.0,361.65,43.0,349.0,70.0,362.74,19.0,355.83,11.649999999999977,110.0,62.0,2.782630050865346,172,48.0,28.0,0.28
07:53:14,350.0,36.0,361.0,45.0,349.0,63.0,362.0,45.0,355.5,11.0,99.0,90.0,2.4773029689516357,189,9.0,17.0,0.05
07:53:15,350.0,48.0,360.15,65.0,349.0,91.0,362.0,65.0,355.08,10.149999999999977,139.0,130.0,1.0651901238626218,269,9.0,80.0,0.03
07:53:16,350.0,24.0,359.7,44.0,349.0,84.0,361.0,60.0,354.85,9.699999999999989,108.0,104.0,0.38875442116297654,212,4.0,-57.0,0.02
07:53:17,351.59,17.0,357.24,29.0,349.39,46.0,358.71,49.0,354.41,5.650000000000034,63.0,78.0,0.5536515149207276,141,-15.0,-71.0,-0.11
07:53:19,351.5,12.0,354.0,45.0,349.36,33.0,357.67,9.0,352.75,2.5,45.0,54.0,0.9281325336264333,99,-9.0,-18.0,-0.09
07:53:20,351.0,28.0,353.21,70.0,350.0,28.0,361.14,14.0,352.11,2.2099999999999795,56.0,84.0,1.1445086281793326,140,-28.0,41.0,-0.2
07:53:21,350.42,24.0,357.83,23.0,349.1,62.0,364.77,53.0,354.12,7.409999999999968,86.0,76.0,0.979913261455932,162,10.0,22.0,0.06
07:53:22,350.88,51.0,361.0,54.0,349.59,51.0,362.0,18.0,355.94,10.120000000000005,102.0,72.0,1.4696087914736438,174,30.0,12.0,0.17
07:53:23,350.0,26.0,359.54,39.0,349.0,91.0,360.11,27.0,354.77,9.54000000000002,117.0,66.0,1.539990259701758,183,51.0,9.0,0.28
07:53:24,349.7,40.0,357.68,57.0,345.8,61.0,359.23,39.0,353.69,7.980000000000018,101.0,96.0,1.4106487868976965,197,5.0,14.0,0.03
07:53:25,342.68,57.0,356.81,26.0,339.49,67.0,358.95,41.0,349.75,14.129999999999995,124.0,67.0,2.3415230086370773,191,57.0,-6.0,0.3
07:53:26,342.13,70.0,352.57,30.0,339.44,84.0,353.44,36.0,347.35,10.439999999999998,154.0,66.0,3.615508263021853,220,88.0,29.0,0.4
07:53:27,346.26,34.0,352.42,24.0,344.95,55.0,355.73,40.0,349.34,6.160000000000025,89.0,64.0,3.1260038387663287,153,25.0,-67.0,0.16
07:53:28,351.92,76.0,354.0,34.0,350.52,31.0,355.0,85.0,352.96,2.079999999999984,107.0,119.0,2.645216437266057,226,-12.0,73.0,-0.05
07:53:33,351.0,10.0,355.0,50.0,350.0,30.0,357.0,90.0,353.0,4.0,40.0,140.0,0.29106700255666934,180,-100.0,-3.0,-0.56
07:53:34,351.0,6.0,355.0,30.0,350.0,26.0,357.0,54.0,353.0,4.0,32.0,84.0,0.3576590554949017,116,-52.0,-64.0,-0.45
07:53:35,352.0,66.0,355.0,60.0,351.0,12.0,357.0,108.0,353.5,3.0,78.0,168.0,0.3576590554949017,246,-90.0,130.0,-0.37
07:53:36,352.0,56.0,355.0,40.0,351.0,8.0,357.0,72.0,353.5,3.0,64.0,112.0,0.28586710195058096,176,-48.0,-70.0,-0.27
07:53:37,352.0,56.0,355.0,40.0,351.0,8.0,357.0,72.0,353.5,3.0,64.0,112.0,0.273861278711774,176,-48.0,0.0,-0.27
07:53:38,352.0,49.0,355.0,35.0,351.0,7.0,357.0,63.0,353.5,3.0,56.0,98.0,0.2236067976995423,154,-42.0,-22.0,-0.27
07:53:39,352.0,21.0,355.0,15.0,351.0,3.0,357.0,27.0,353.5,3.0,24.0,42.0,0.0,66,-18.0,-88.0,-0.27
07:53:40,352.0,84.0,355.0,60.0,351.0,12.0,357.0,82.0,353.5,3.0,96.0,142.0,0.0,238,-46.0,172.0,-0.19
07:53:41,352.0,133.0,356.61,113.0,351.0,19.0,358.93,81.0,354.31,4.610000000000014,152.0,194.0,0.36224301232308803,346,-42.0,108.0,-0.12
07:53:42,352.0,28.0,355.0,4.0,351.0,4.0,357.78,18.0,353.5,3.0,32.0,22.0,0.36224301232308803,54,10.0,-182.5,0.19
07:53:43,352.0,41.0,355.0,7.0,351.0,7.0,359.0,49.0,353.5,3.0,48.0,56.0,0.36224301232308803,104,-8.0,50.0,-0.08
07:53:44,352.0,28.0,355.0,7.0,351.0,7.0,359.0,45.0,353.5,3.0,35.0,52.0,0.36224301232308803,87,-17.0,-17.0,-0.2
07:53:45,351.23,39.0,355.0,9.0,350.33,9.0,359.0,45.0,353.12,3.769999999999982,48.0,54.0,0.43689815744296306,102,-6.0,15.0,-0.06
07:53:46,350.0,65.0,354.4,20.0,349.0,13.0,358.77,53.0,352.2,4.399999999999977,78.0,73.0,0.563453636049942,151,5.0,49.0,0.03
07:53:47,350.0,30.0,354.0,18.0,349.0,6.0,359.0,30.0,352.0,4.0,36.0,48.0,0.7179693586626634,84,-12.0,-67.0,-0.14
07:53:48,350.0,65.0,353.52,21.0,349.0,13.0,356.56,39.0,351.76,3.519999999999982,78.0,60.0,0.7534454193763098,138,18.0,54.0,0.13
07:53:49,350.0,85.0,352.71,24.0,349.0,17.0,356.52,31.0,351.35,2.7099999999999795,102.0,55.0,0.6590751095132844,157,47.0,19.0,0.3
07:53:50,351.37,143.0,353.38,24.0,349.8,44.0,363.57,96.0,352.37,2.009999999999991,187.0,120.0,0.39891101762200937,307,67.0,150.0,0.22
07:53:51,352.0,126.0,354.0,27.0,350.0,45.0,355.0,9.0,353.0,2.0,171.0,36.0,0.6266817373914063,207,135.0,-100.0,0.65
07:53:52,352.0,118.0,353.48,25.0,350.0,45.0,361.4,30.0,352.74,1.4800000000000182,163.0,55.0,0.6831764047298547,218,108.0,11.0,0.5
07:53:53,352.0,112.0,353.0,30.0,350.0,50.0,360.2,30.0,352.5,1.0,162.0,60.0,0.6302142492671058,222,102.0,4.0,0.46
07:53:54,351.85,66.0,353.5,42.0,349.98,66.0,360.05,40.0,352.67,1.6499999999999773,132.0,82.0,0.24068651806604494,214,50.0,-8.0,0.23
07:53:55,350.0,45.0,360.0,27.0,349.0,9.0,362.0,9.0,355.0,10.0,54.0,36.0,1.032094956860854,90,18.0,-124.0,0.2
07:53:56,350.0,65.0,359.09,33.0,349.0,13.0,360.24,33.0,354.55,9.089999999999975,78.0,66.0,1.18518774883009,144,12.0,54.0,0.08
07:53:57,350.0,40.0,358.88,34.0,348.13,23.0,361.0,12.0,354.44,8.879999999999995,63.0,46.0,1.1590815329286392,109,17.0,-35.0,0.16
07:53:58,350.0,57.0,356.33,24.0,349.0,48.0,357.83,36.0,353.17,6.329999999999984,105.0,60.0,0.9934938348957777,165,45.0,56.0,0.27
07:53:59,349.33,12.0,356.0,8.0,346.5,16.0,357.0,12.0,352.67,6.670000000000016,28.0,20.0,0.9934938348957777,48,8.0,-117.0,0.17
07:54:00,349.0,28.0,356.0,14.0,344.0,28.0,357.0,21.0,352.5,7.0,56.0,35.0,0.9718693327690652,91,21.0,43.0,0.23
07:54:01,349.02,41.0,355.0,22.0,344.45,44.0,356.24,37.0,352.01,5.980000000000018,85.0,59.0,0.9263746542183044,144,26.0,53.0,0.18
07:54:02,350.8,15.0,354.0,24.0,349.02,45.0,356.0,60.0,352.4,3.1999999999999886,60.0,84.0,0.42290660905096933,144,-24.0,0.0,-0.17
07:54:06,351.2,30.0,356.0,36.0,350.57,21.0,359.0,12.0,353.6,4.800000000000011,51.0,48.0,0.7804357756899434,99,3.0,8.0,0.03
07:54:07,351.0,42.0,355.82,44.0,350.0,98.0,361.17,54.0,353.41,4.819999999999993,140.0,98.0,0.45285759348421917,238,42.0,139.0,0.18
07:54:08,351.0,48.0,352.77,62.0,350.0,128.0,354.4,50.0,351.89,1.7699999999999818,176.0,112.0,0.9847994719621915,288,64.0,50.0,0.22
07:54:09,350.03,94.0,353.3,46.0,349.12,64.0,355.87,45.0,351.67,3.2700000000000387,158.0,91.0,1.2018860178810626,249,67.0,-39.0,0.27
07:54:10,350.0,55.0,352.77,31.0,349.0,44.0,355.58,31.0,351.39,2.769999999999982,99.0,62.0,1.0335472896676445,161,37.0,-88.0,0.23
07:54:11,350.0,43.0,351.04,28.0,349.0,48.0,356.2,20.0,350.52,1.0400000000000205,91.0,48.0,1.05127541585478,139,43.0,-22.0,0.31
07:54:12,349.5,16.0,354.43,14.0,348.0,40.0,359.59,34.0,351.96,4.930000000000007,56.0,48.0,0.5839777392857052,104,8.0,-35.0,0.08
07:54:13,349.0,24.0,358.3,23.0,340.67,18.0,360.61,31.0,353.65,9.300000000000011,42.0,54.0,1.1472009414136901,96,-12.0,-8.0,-0.12
07:54:14,349.0,54.0,357.0,72.0,343.97,169.0,359.5,54.0,353.0,8.0,223.0,126.0,1.2482507760782253,349,97.0,181.5,0.28
07:54:15,349.0,24.0,357.0,32.0,344.0,80.0,360.0,24.0,353.0,8.0,104.0,56.0,1.225471337885636,160,48.0,-182.5,0.3
07:54:16,350.31,78.0,357.0,52.0,349.0,39.0,360.36,33.0,353.65,6.689999999999998,117.0,85.0,0.6915706760540601,202,32.0,42.0,0.16
07:54:17,351.53,76.0,359.0,32.0,349.0,36.0,365.5,16.0,355.26,7.470000000000027,112.0,48.0,0.9243754648282931,160,64.0,-42.0,0.4
07:54:24,352.0,40.0,357.69,29.0,351.0,22.0,364.08,24.0,354.84,5.689999999999998,62.0,53.0,0.888594395646752,115,9.0,-51.0,0.08
07:54:25,350.35,69.0,361.92,13.0,348.93,54.0,363.0,74.0,356.14,11.569999999999993,123.0,87.0,0.9866204944023242,210,36.0,95.0,0.17
07:54:26,350.0,210.0,359.13,15.0,344.54,37.0,363.0,62.0,354.57,9.129999999999995,247.0,77.0,0.9849517754563702,324,170.0,114.0,0.52
07:54:27,350.0,216.0,357.06,68.0,349.0,16.0,359.58,19.0,353.53,7.060000000000002,232.0,87.0,1.0943811036265707,319,145.0,-5.0,0.45
07:54:28,350.0,70.0,355.95,19.0,345.0,15.0,357.0,23.0,352.97,5.949999999999989,85.0,42.0,1.2299796746186964,127,43.0,-182.5,0.34
07:54:29,350.9,101.0,353.98,66.0,349.86,133.0,354.72,18.0,352.44,3.080000000000041,234.0,84.0,1.4658956306559145,318,150.0,181.5,0.47
07:54:30,351.0,35.0,353.43,23.0,350.0,150.0,354.7,69.0,352.22,2.430000000000007,185.0,92.0,0.943678970825192,277,93.0,-41.0,0.34
07:54:31,350.25,80.0,352.73,55.0,349.89,112.0,354.33,73.0,351.49,2.480000000000018,192.0,128.0,0.7712651943261231,320,64.0,43.0,0.2
07:54:32,350.0,77.0,351.17,24.0,349.0,24.0,352.17,24.0,350.58,1.170000000000016,101.0,48.0,0.9275505376959817,149,53.0,-171.0,0.36
07:54:33,350.0,30.0,351.0,20.0,349.0,20.0,352.0,20.0,350.5,1.0,50.0,40.0,0.8991551590137546,90,10.0,-59.0,0.11
07:54:34,350.0,16.0,351.67,24.0,349.0,24.0,360.57,14.0,350.83,1.670000000000016,40.0,38.0,0.7257616688567055,78,2.0,-12.0,0.03
07:54:35,350.0,11.0,351.0,22.0,349.0,22.0,363.5,24.0,350.5,1.0,33.0,46.0,0.4193447269041338,79,-13.0,1.0,-0.16
07:54:36,351.57,14.0,359.14,56.0,349.65,17.0,363.23,47.0,355.36,7.569999999999993,31.0,103.0,2.131919323046916,134,-72.0,55.0,-0.54
07:54:37,352.0,16.0,358.4,50.0,350.0,88.0,362.55,31.0,355.2,6.399999999999977,104.0,81.0,2.562034347931146,185,23.0,51.0,0.12
07:54:38,352.0,11.0,362.0,22.0,350.0,77.0,363.0,11.0,357.0,10.0,88.0,33.0,2.930105800133566,121,55.0,-64.0,0.45
07:54:39,351.6,20.0,362.0,20.0,349.97,65.0,363.0,10.0,356.8,10.399999999999977,85.0,30.0,2.6294333990375027,115,55.0,-6.0,0.48
07:54:40,350.0,32.0,362.07,15.0,349.0,16.0,365.18,11.0,356.03,12.069999999999993,48.0,26.0,0.8154875841921799,74,22.0,-41.0,0.3
07:54:41,350.0,10.0,363.0,5.0,349.0,10.0,369.0,20.0,356.5,13.0,20.0,25.0,0.7181086268602649,45,-5.0,-29.0,-0.11
07:54:42,350.0,20.0,362.0,50.0,349.0,20.0,363.8,10.0,356.0,12.0,40.0,60.0,0.44864239653737004,100,-20.0,55.0,-0.2
07:54:43,350.0,26.0,362.0,55.0,349.0,22.0,364.0,11.0,356.0,12.0,48.0,66.0,0.3664423555911943,114,-18.0,14.0,-0.16
07:54:44,350.07,43.0,362.0,65.0,349.38,32.0,364.0,13.0,356.03,11.930000000000007,75.0,78.0,0.2174166506308898,153,-3.0,39.0,-0.02
07:54:52,352.0,25.0,362.0,25.0,351.0,5.0,364.0,10.0,357.0,10.0,30.0,35.0,0.22360679768024408,65,-5.0,-61.0,-0.08
07:54:53,352.0,50.0,362.09,47.0,350.83,36.0,364.7,20.0,357.04,10.089999999999975,86.0,67.0,0.26328691568135587,153,19.0,88.0,0.12
07:54:54,352.0,50.0,362.55,22.0,351.0,80.0,364.5,32.0,357.27,10.550000000000011,130.0,54.0,0.24045789645819318,184,76.0,31.0,0.41
07:54:55,352.0,40.0,360.25,8.0,351.0,64.0,362.0,40.0,356.12,8.25,104.0,48.0,0.5239083889094378,152,56.0,-32.0,0.37
07:54:56,352.0,40.0,355.14,14.0,351.0,64.0,361.08,13.0,353.57,3.1399999999999864,104.0,27.0,1.5340958248986065,131,77.0,-21.0,0.59
07:54:57,352.0,61.0,353.0,45.0,351.0,120.0,362.14,29.0,352.5,1.0,181.0,74.0,2.1455651935965903,255,107.0,124.0,0.42
07:54:58,352.0,37.0,353.0,33.0,351.0,88.0,364.0,22.0,352.5,1.0,125.0,55.0,2.185399277014393,180,70.0,-75.0,0.39
07:54:59,351.04,80.0,352.2,45.0,350.11,74.0,362.68,25.0,351.62,1.1599999999999682,154.0,70.0,1.740723987304544,224,84.0,44.0,0.38
07:55:00,351.0,45.0,358.86,28.0,350.0,66.0,368.0,30.0,354.93,7.860000000000014,111.0,58.0,1.26997244063717,169,53.0,-55.0,0.31
07:55:01,351.0,30.0,364.0,20.0,350.0,60.0,369.0,30.0,357.5,13.0,90.0,50.0,2.4030605485455943,140,40.0,-29.0,0.29
07:55:02,351.0,45.0,362.4,30.0,350.0,84.0,367.94,47.0,356.7,11.399999999999977,129.0,77.0,2.5596288793445154,206,52.0,66.0,0.25
07:55:03,351.0,39.0,362.0,26.0,350.0,55.0,367.86,63.0,356.5,11.0,94.0,89.0,2.3348875775875824,183,5.0,-23.0,0.03
07:55:04,351.0,24.0,361.67,18.0,350.0,40.0,364.55,22.0,356.33,10.670000000000016,64.0,40.0,0.932131964890615,104,24.0,-79.0,0.23
07:55:05,351.0,33.0,360.27,33.0,350.0,55.0,363.0,22.0,355.64,9.269999999999982,88.0,55.0,0.6713270439737603,143,33.0,39.0,0.23
07:55:06,351.0,33.0,358.36,33.0,350.0,50.0,362.82,22.0,354.68,7.360000000000014,83.0,55.0,0.8240752392662434,138,28.0,-5.0,0.2
07:55:07,351.0,36.0,357.17,36.0,350.0,48.0,360.75,24.0,354.08,6.170000000000016,84.0,60.0,1.046747342949969,144,24.0,6.0,0.17
07:55:08,351.0,36.0,357.17,35.0,349.33,48.0,362.93,30.0,354.09,6.170000000000016,84.0,65.0,0.9935944846736094,149,19.0,5.0,0.13
07:55:09,351.0,39.0,360.0,26.0,350.0,116.0,370.26,89.0,355.5,9.0,155.0,115.0,0.7470742934769959,270,40.0,121.0,0.15
07:55:10,351.88,73.0,360.0,22.0,350.4,60.0,370.0,99.0,355.94,8.120000000000005,133.0,121.0,0.8381050053388519,254,12.0,-16.0,0.05
07:55:11,352.0,88.0,359.11,35.0,351.0,33.0,366.19,42.0,355.56,7.110000000000014,121.0,77.0,0.8825984364215069,198,44.0,-56.0,0.22
07:55:12,352.0,136.0,358.14,59.0,351.0,51.0,363.67,54.0,355.07,6.139999999999986,187.0,113.0,0.7090627616602702,300,74.0,102.0,0.25
07:55:13,352.0,120.0,356.67,45.0,351.0,45.0,359.93,30.0,354.33,4.670000000000016,165.0,75.0,0.6142068055412457,240,90.0,-60.0,0.38
07:55:14,352.0,104.0,355.07,42.0,351.0,42.0,361.0,28.0,353.54,3.069999999999993,146.0,70.0,0.964349521684945,216,76.0,-24.0,0.35
07:55:15,352.0,60.0,354.0,37.0,351.0,42.0,364.29,35.0,353.0,2.0,102.0,72.0,1.0546326374502097,174,30.0,-42.0,0.17
07:55:16,352.0,42.0,354.0,28.0,351.0,42.0,365.0,14.0,353.0,2.0,84.0,42.0,0.9000944394763426,126,42.0,-48.0,0.33
07:55:17,352.0,48.0,353.61,23.0,351.0,66.0,363.26,19.0,352.8,1.6100000000000136,114.0,42.0,0.6210314001539226,156,72.0,30.0,0.46
07:55:18,352.0,39.0,354.0,13.0,351.0,78.0,365.0,26.0,353.0,2.0,117.0,39.0,0.27770487928317433,156,78.0,0.0,0.5
07:55:19,352.0,51.0,363.94,31.0,351.0,102.0,365.92,76.0,357.97,11.939999999999998,153.0,107.0,2.2466819979641244,260,46.0,104.0,0.18
07:55:20,352.0,9.0,365.0,18.0,351.0,54.0,367.56,45.0,358.5,13.0,63.0,63.0,2.9110273100701214,126,0.0,-134.0,0.0
07:55:21,351.0,19.0,364.17,24.0,350.0,144.0,366.0,30.0,357.58,13.170000000000016,163.0,54.0,2.8223571708719692,217,109.0,91.0,0.5
07:55:22,351.0,12.0,363.5,24.0,350.0,153.0,365.08,24.0,357.25,12.5,165.0,48.0,2.207475934177055,213,117.0,-4.0,0.55
07:55:23,351.0,12.0,363.0,24.0,350.0,156.0,366.91,46.0,357.0,12.0,168.0,70.0,0.5940959518204804,238,98.0,25.0,0.41
07:55:24,351.54,37.0,360.77,53.0,350.04,180.0,361.87,55.0,356.16,9.229999999999961,217.0,108.0,0.853006447789247,325,109.0,87.0,0.34
07:55:25,352.0,61.0,357.41,51.0,351.0,34.0,358.32,44.0,354.71,5.410000000000025,95.0,95.0,1.15006521552965,190,0.0,-135.0,0.0
07:55:26,352.0,48.0,355.7,43.0,351.0,32.0,357.09,46.0,353.85,3.6999999999999886,80.0,89.0,1.4716079640897823,169,-9.0,-21.0,-0.05
