Time,Bid1_Price,Bid1_Volume,Ask1_Price,Ask1_Volume,Bid2_Price,Bid2_Volume,Ask2_Price,Ask2_Volume,Mid-Price,Bid_Ask_Spread,Market_Depth_Bid,Market_Depth_Ask,Historical_Volatility,Total_volume,Cumulative_Volume_Difference,Total_Volume_Change_Corrected,Order_imbalance
07:30:03,174.0,20.0,190.0,8.0,138.0,24.0,554.5,8.0,182.0,16.0,44.0,16.0,,60,28.0,16.0,0.47
07:30:04,174.0,27.0,190.0,14.0,114.0,42.0,575.43,14.0,182.0,16.0,69.0,28.0,,97,41.0,37.0,0.42
07:30:05,174.0,4.0,190.0,8.0,128.8,30.0,364.0,8.0,182.0,16.0,34.0,16.0,15.00991272459638,50,18.0,-47.0,0.36
07:30:06,174.0,11.0,189.0,17.0,131.71,84.0,234.47,19.0,181.5,15.0,95.0,36.0,15.343190020331509,131,59.0,81.0,0.45
07:30:08,159.79,14.0,182.0,18.0,157.45,49.0,187.0,9.0,170.89,22.210000000000008,63.0,27.0,13.648746462587704,90,36.0,-38.0,0.4
07:30:09,162.0,8.0,176.27,15.0,161.0,48.0,236.69,13.0,169.13,14.27000000000001,56.0,28.0,12.802630589062554,84,28.0,-6.0,0.33
07:30:19,170.73,22.0,172.0,40.0,160.14,21.0,192.0,22.0,171.36,1.2700000000000102,43.0,62.0,2.089815781354847,105,-19.0,-5.0,-0.18
07:30:20,167.72,61.0,180.96,25.0,158.06,31.0,212.36,61.0,174.34,13.240000000000009,92.0,86.0,2.349308408872625,178,6.0,73.0,0.03
07:30:21,169.5,144.0,197.93,71.0,165.47,19.0,224.07,59.0,183.71,28.430000000000007,163.0,130.0,5.876875870732624,293,33.0,115.0,0.11
07:30:22,170.61,62.0,175.58,26.0,166.29,14.0,180.07,70.0,173.09,4.969999999999999,76.0,96.0,5.362045318719267,172,-20.0,-121.0,-0.12
07:30:23,169.46,26.0,176.0,60.0,165.21,14.0,195.0,70.0,172.73,6.539999999999992,40.0,130.0,4.958319271688661,170,-90.0,-2.0,-0.53
07:30:24,172.0,40.0,176.0,32.0,166.0,8.0,194.38,32.0,174.0,4.0,48.0,64.0,4.594924373697475,112,-16.0,-58.0,-0.14
07:30:25,172.0,25.0,176.0,20.0,166.4,5.0,190.56,9.0,174.0,4.0,30.0,29.0,4.620198047703058,59,1.0,-53.0,0.02
07:30:26,172.0,60.0,175.73,44.0,167.0,12.0,187.38,47.0,173.86,3.7299999999999898,72.0,91.0,0.5882431470057768,163,-19.0,104.0,-0.12
07:30:27,173.0,104.0,174.46,39.0,172.0,65.0,176.0,52.0,173.73,1.460000000000008,169.0,91.0,0.5340692838941885,260,78.0,97.0,0.3
07:30:28,173.0,48.0,174.0,33.0,172.0,55.0,176.0,44.0,173.5,1.0,103.0,77.0,0.2102855201844382,180,26.0,-80.0,0.14
07:30:29,173.85,131.0,175.72,65.0,171.94,81.0,187.1,82.0,174.79,1.8700000000000045,212.0,147.0,0.49084620809294804,359,65.0,161.5,0.18
07:30:30,174.09,79.0,176.0,55.0,173.31,105.0,189.0,75.0,175.04,1.9099999999999966,184.0,130.0,0.6853685140121404,314,54.0,-45.0,0.17
07:30:31,174.0,81.0,176.0,27.0,172.0,45.0,189.0,45.0,175.0,2.0,126.0,72.0,0.7382208341676583,198,54.0,-116.0,0.27
07:30:32,174.0,48.0,176.0,21.0,172.0,35.0,189.0,35.0,175.0,2.0,83.0,56.0,0.6591509690497082,139,27.0,-59.0,0.19
07:30:33,174.0,26.0,176.0,30.0,172.0,50.0,189.0,50.0,175.0,2.0,76.0,80.0,0.09989994994567412,156,-4.0,17.0,-0.03
07:30:34,174.0,11.0,182.34,41.0,172.0,55.0,189.41,39.0,178.17,8.340000000000003,66.0,80.0,1.4133011002610434,146,-14.0,-10.0,-0.1
07:30:35,174.0,12.0,187.1,20.0,172.0,60.0,187.52,52.0,180.55,13.099999999999994,72.0,72.0,2.5319814375305043,144,0.0,-2.0,0.0
07:30:36,173.27,11.0,184.47,19.0,170.09,67.0,186.91,47.0,178.87,11.199999999999989,78.0,66.0,2.4559458463082993,144,12.0,0.0,0.08
07:30:37,172.0,8.0,184.0,40.0,168.0,64.0,185.0,8.0,178.0,12.0,72.0,48.0,2.013621116297439,120,24.0,-24.0,0.2
07:30:38,172.0,12.0,183.6,45.0,168.0,96.0,183.82,33.0,177.8,11.599999999999994,108.0,78.0,1.1213696981811583,186,30.0,66.0,0.16
07:30:39,172.09,11.0,180.94,17.0,168.05,81.0,181.89,38.0,176.52,8.849999999999994,92.0,55.0,1.4903254678085989,147,37.0,-39.0,0.25
07:30:40,173.65,20.0,178.6,78.0,172.0,20.0,180.0,43.0,176.13,4.949999999999989,40.0,121.0,1.1233565774049599,161,-81.0,14.0,-0.5
07:30:41,174.0,15.0,175.74,47.0,172.0,15.0,177.3,40.0,174.87,1.740000000000009,30.0,87.0,1.2844960101141014,117,-57.0,-44.0,-0.49
07:30:42,172.25,16.0,180.04,24.0,169.61,114.0,195.29,28.0,176.15,7.789999999999992,130.0,52.0,1.0481555228109427,182,78.0,65.0,0.43
07:30:43,172.22,18.0,181.0,10.0,170.8,40.0,182.0,45.0,176.61,8.780000000000001,58.0,55.0,0.6969791962455538,113,3.0,-69.0,0.03
07:30:44,175.0,13.0,178.2,44.0,173.0,39.0,180.33,48.0,176.6,3.1999999999999886,52.0,92.0,0.7110696168442957,144,-40.0,31.0,-0.28
07:30:45,175.0,9.0,176.0,36.0,173.28,36.0,177.0,27.0,175.5,1.0,45.0,63.0,0.7528147182402202,108,-18.0,-36.0,-0.17
07:30:46,174.17,24.0,175.78,36.0,172.78,41.0,177.24,17.0,174.97,1.6100000000000136,65.0,53.0,0.7175862317513536,118,12.0,10.0,0.1
07:30:47,172.5,20.0,178.17,12.0,170.62,58.0,183.88,40.0,175.33,5.6699999999999875,78.0,52.0,0.7576080780978515,130,26.0,12.0,0.2
07:30:48,176.6,10.0,184.79,38.0,171.18,33.0,315.03,39.0,180.69,8.189999999999998,43.0,77.0,2.3561769882585253,120,-34.0,-10.0,-0.28
07:30:49,170.68,57.0,181.95,21.0,168.11,35.0,185.65,49.0,176.32,11.269999999999982,92.0,70.0,2.360036016674114,162,22.0,42.0,0.14
07:30:50,169.0,36.0,179.0,9.0,163.0,16.0,183.0,18.0,174.0,10.0,52.0,27.0,2.6107987283586302,79,25.0,-83.0,0.32
07:30:51,173.36,11.0,178.77,13.0,169.52,29.0,182.81,21.0,176.07,5.409999999999997,40.0,34.0,2.519458275105787,74,6.0,-5.0,0.08
07:30:52,171.91,23.0,175.64,44.0,170.96,71.0,177.55,49.0,173.77,3.7299999999999898,94.0,93.0,2.78081822491134,187,1.0,113.0,0.01
07:30:53,171.73,110.0,173.73,37.0,170.51,49.0,174.9,31.0,172.73,2.0,159.0,68.0,1.5542425808088098,227,91.0,40.0,0.4
07:30:54,173.0,44.0,175.96,25.0,172.0,130.0,181.85,41.0,174.48,2.960000000000008,174.0,66.0,1.2207170024208165,240,108.0,13.0,0.45
07:30:55,174.67,24.0,181.0,12.0,172.0,120.0,182.0,60.0,177.83,6.3300000000000125,144.0,72.0,2.0054376081043315,216,72.0,-24.0,0.33
07:30:56,172.37,76.0,180.62,16.0,171.5,80.0,181.98,66.0,176.5,8.25,156.0,82.0,2.0721896631339547,238,74.0,22.0,0.31
07:30:57,172.0,67.0,179.0,36.0,171.0,48.0,181.0,12.0,175.5,7.0,115.0,48.0,1.942928202481807,163,67.0,-75.0,0.41
07:30:58,172.53,43.0,179.0,21.0,171.48,31.0,181.0,7.0,175.77,6.469999999999999,74.0,28.0,1.2460858718399426,102,46.0,-61.0,0.45
07:30:59,174.0,72.0,178.9,30.0,172.0,60.0,180.0,18.0,176.45,4.900000000000006,132.0,48.0,0.9032995073612365,180,84.0,78.0,0.47
07:31:00,174.0,72.0,176.58,12.0,172.0,60.0,179.0,36.0,175.29,2.5800000000000125,132.0,48.0,0.5503362608434136,180,84.0,0.0,0.47
07:31:01,173.47,85.0,177.62,16.0,171.82,57.0,180.78,40.0,175.55,4.150000000000006,142.0,56.0,0.4464526850620674,198,86.0,18.0,0.43
07:31:02,175.0,50.0,181.0,10.0,174.0,10.0,182.0,30.0,178.0,6.0,60.0,40.0,1.0882646736888408,100,20.0,-98.0,0.2
07:31:03,176.12,86.0,180.67,18.0,175.64,78.0,181.95,38.0,178.39,4.549999999999983,164.0,56.0,1.4064778704263403,220,108.0,120.0,0.49
07:31:04,177.48,142.0,180.0,54.0,176.39,94.0,181.0,63.0,178.74,2.5200000000000102,236.0,117.0,1.643024649845207,353,119.0,133.0,0.34
07:31:05,179.0,90.0,180.0,30.0,177.0,50.0,181.0,40.0,179.5,1.0,140.0,70.0,1.4954698258403083,210,70.0,-143.0,0.33
07:31:06,179.7,50.0,180.91,35.0,178.62,52.0,183.73,44.0,180.31,1.210000000000008,102.0,79.0,0.9226429428542285,181,23.0,-29.0,0.13
07:31:07,180.0,50.0,181.0,40.0,179.0,60.0,184.0,50.0,180.5,1.0,110.0,90.0,0.9307362676927555,200,20.0,19.0,0.1
07:31:08,180.0,50.0,181.0,40.0,179.0,60.0,187.9,10.0,180.5,1.0,110.0,50.0,0.7734985455697845,160,60.0,-40.0,0.38
07:31:09,180.0,46.0,181.0,40.0,179.0,60.0,184.0,10.0,180.5,1.0,106.0,50.0,0.4338432896778847,156,56.0,-4.0,0.36
07:31:10,179.52,52.0,181.0,40.0,178.26,34.0,184.0,10.0,180.26,1.4799999999999898,86.0,50.0,0.11907980516656616,136,36.0,-20.0,0.26
07:31:11,179.92,79.0,181.15,20.0,176.5,32.0,254.4,10.0,180.54,1.2300000000000182,111.0,30.0,0.11313708498322855,141,81.0,5.0,0.57
07:31:12,175.2,25.0,184.0,8.0,174.89,28.0,360.0,32.0,179.6,8.800000000000011,53.0,40.0,0.3959797974625971,93,13.0,-48.0,0.14
07:31:13,177.51,83.0,180.64,25.0,175.52,31.0,214.23,22.0,179.07,3.1299999999999955,114.0,47.0,0.6391244010351503,161,67.0,68.0,0.42
07:31:14,178.35,23.0,181.0,11.0,177.86,43.0,182.47,19.0,179.67,2.6500000000000057,66.0,30.0,0.5798879202040275,96,36.0,-65.0,0.38
07:31:15,179.0,10.0,181.36,14.0,178.0,50.0,182.03,72.0,180.18,2.3600000000000136,60.0,86.0,0.5659240231679156,146,-26.0,50.0,-0.18
07:31:16,179.71,21.0,182.0,45.0,178.09,33.0,183.0,18.0,180.86,2.289999999999992,54.0,63.0,0.6761878437228528,117,-9.0,-29.0,-0.08
07:31:17,180.67,42.0,182.0,50.0,178.0,10.0,183.0,20.0,181.33,1.3300000000000125,52.0,70.0,0.9039192441797748,122,-18.0,5.0,-0.15
07:31:18,179.0,10.0,182.0,50.0,174.0,10.0,183.0,20.0,180.5,3.0,20.0,70.0,0.6343264143944377,90,-50.0,-32.0,-0.56
07:31:19,172.25,84.0,182.0,60.0,170.11,111.0,183.0,24.0,177.12,9.75,195.0,84.0,1.6647282060440236,279,111.0,161.5,0.4
07:31:20,172.91,55.0,182.0,60.0,172.02,87.0,183.0,24.0,177.45,9.090000000000003,142.0,84.0,2.003364669749022,226,58.0,-53.0,0.26
07:31:21,175.98,45.0,182.19,42.0,174.29,17.0,196.57,23.0,179.08,6.210000000000008,62.0,65.0,1.8422893366674562,127,-3.0,-99.0,-0.02
07:31:22,175.73,33.0,181.94,64.0,172.1,202.0,182.79,19.0,178.83,6.210000000000008,235.0,83.0,1.3607093738189038,318,152.0,161.5,0.48
07:31:23,177.07,41.0,180.4,60.0,175.87,31.0,182.0,60.0,178.74,3.3300000000000125,72.0,120.0,0.8919248847289004,192,-48.0,-126.0,-0.25
07:31:24,174.0,176.0,178.88,64.0,172.0,112.0,181.56,64.0,176.44,4.8799999999999955,288.0,128.0,1.1270181897372726,416,160.0,161.5,0.38
07:31:25,174.0,154.0,176.88,17.0,172.0,98.0,178.21,56.0,175.44,2.8799999999999955,252.0,73.0,1.6551374565270096,325,179.0,-91.0,0.55
07:31:26,172.43,206.0,175.85,13.0,171.16,172.0,178.0,52.0,174.14,3.4199999999999875,378.0,65.0,2.055825868112069,443,313.0,118.0,0.71
07:31:27,172.4,30.0,174.23,31.0,171.93,219.0,177.47,34.0,173.31,1.829999999999984,249.0,65.0,2.1192876161575587,314,184.0,-129.0,0.59
07:31:28,172.31,26.0,174.0,56.0,171.36,141.0,177.57,14.0,173.15,1.6899999999999977,167.0,70.0,1.4155670241987337,237,97.0,-77.0,0.41
07:31:29,172.0,24.0,173.83,48.0,171.0,180.0,180.75,12.0,172.92,1.8300000000000125,204.0,60.0,1.0297912409799046,264,144.0,27.0,0.55
07:31:30,171.0,195.0,179.15,13.0,170.0,195.0,181.69,52.0,175.08,8.150000000000006,390.0,65.0,0.8886787946153206,455,325.0,161.5,0.71
07:31:31,171.0,195.0,180.35,43.0,170.0,195.0,181.6,25.0,175.67,9.349999999999994,390.0,68.0,1.256674182116788,458,322.0,3.0,0.7
07:31:32,171.97,80.0,178.44,36.0,170.79,120.0,179.27,30.0,175.21,6.469999999999999,200.0,66.0,1.2731967640545077,266,134.0,-162.5,0.5
07:31:33,175.01,144.0,176.52,42.0,171.81,164.0,177.62,53.0,175.77,1.5100000000000193,308.0,95.0,1.161270855571103,403,213.0,137.0,0.53
07:31:34,175.25,80.0,177.47,38.0,174.18,131.0,179.33,54.0,176.36,2.219999999999999,211.0,92.0,0.508005905476262,303,119.0,-100.0,0.39
07:31:35,175.0,120.0,178.0,36.0,174.0,48.0,182.0,48.0,176.5,3.0,168.0,84.0,0.5285546329365852,252,84.0,-51.0,0.33
07:31:36,175.33,90.0,178.0,36.0,174.71,84.0,182.0,48.0,176.67,2.6699999999999875,174.0,84.0,0.6028017916352736,258,90.0,6.0,0.35
07:31:37,176.24,84.0,179.23,52.0,174.95,148.0,182.08,52.0,177.73,2.9899999999999807,232.0,104.0,0.7138137011844345,336,128.0,78.0,0.38
07:31:38,175.48,42.0,182.0,36.0,174.9,40.0,183.0,9.0,178.74,6.52000000000001,82.0,45.0,1.015997047239098,127,37.0,-162.5,0.29
07:31:39,175.0,60.0,182.0,24.0,174.0,24.0,189.67,12.0,178.5,7.0,84.0,36.0,1.0243876219471446,120,48.0,-7.0,0.4
07:31:40,175.0,80.0,182.0,32.0,174.0,32.0,324.23,35.0,178.5,7.0,112.0,67.0,0.8493350340110094,179,45.0,59.0,0.25
07:31:41,175.0,152.0,181.75,64.0,174.0,64.0,261.32,73.0,178.38,6.75,216.0,137.0,0.3809199390927579,353,79.0,161.5,0.22
07:31:42,175.0,72.0,181.0,48.0,174.0,48.0,182.0,48.0,178.0,6.0,120.0,96.0,0.2707027890480964,216,24.0,-137.0,0.11
07:31:43,175.0,42.0,181.0,28.0,174.0,28.0,182.0,56.0,178.0,6.0,70.0,84.0,0.25667099563145246,154,-14.0,-62.0,-0.09
07:31:44,175.0,42.0,181.0,28.0,174.0,28.0,182.0,56.0,178.0,6.0,70.0,84.0,0.24470390270377426,154,-14.0,0.0,-0.09
07:31:45,175.0,60.0,179.6,40.0,174.0,40.0,181.67,60.0,177.3,4.599999999999994,100.0,100.0,0.3917652358217794,200,0.0,46.0,0.0
07:31:46,176.2,45.0,178.93,56.0,175.16,67.0,181.0,62.0,177.56,2.730000000000018,112.0,118.0,0.3254535297066533,230,-6.0,30.0,-0.03
07:31:47,175.25,84.0,180.86,88.0,174.33,72.0,286.28,72.0,178.06,5.610000000000014,156.0,160.0,0.33686792663968224,316,-4.0,86.0,-0.01
07:31:48,175.19,52.0,178.66,64.0,174.52,58.0,183.61,76.0,176.92,3.469999999999999,110.0,140.0,0.47970824466393774,250,-30.0,-66.0,-0.12
07:31:49,175.0,48.0,178.0,40.0,174.0,32.0,180.25,28.0,176.5,3.0,80.0,68.0,0.5967579073616154,148,12.0,-102.0,0.08
07:31:50,176.06,36.0,178.0,70.0,174.9,80.0,180.0,42.0,177.03,1.9399999999999977,116.0,112.0,0.6052933173252661,228,4.0,80.0,0.02
07:31:51,175.46,39.0,178.0,45.0,174.6,50.0,180.0,30.0,176.73,2.539999999999992,89.0,75.0,0.600474812126756,164,14.0,-64.0,0.09
07:31:52,175.0,30.0,178.0,20.0,173.2,20.0,180.0,15.0,176.5,3.0,50.0,35.0,0.24068651810752975,85,15.0,-79.0,0.18
07:31:53,175.15,47.0,178.0,43.0,173.55,58.0,180.0,36.0,176.57,2.8499999999999943,105.0,79.0,0.22412050329843208,184,26.0,99.0,0.14
07:31:54,175.0,78.0,178.0,39.0,172.89,36.0,180.0,39.0,176.5,3.0,114.0,78.0,0.22412050329843208,192,36.0,8.0,0.19
07:31:55,175.0,60.0,176.22,37.0,174.0,20.0,177.55,22.0,175.61,1.2199999999999989,80.0,59.0,0.4416672955956741,139,21.0,-53.0,0.15
07:31:56,175.0,54.0,176.0,38.0,174.0,20.0,178.17,23.0,175.5,1.0,74.0,61.0,0.5325692443230852,135,13.0,-4.0,0.1
07:31:57,174.06,34.0,176.0,28.0,172.0,52.0,180.0,42.0,175.03,1.9399999999999977,86.0,70.0,0.669529685674158,156,16.0,21.0,0.1
07:31:58,174.1,10.0,176.0,16.0,171.91,22.0,180.0,24.0,175.05,1.9000000000000057,32.0,40.0,0.5975533448981941,72,-8.0,-84.0,-0.11
07:31:59,172.0,30.0,176.0,20.0,169.0,70.0,180.0,30.0,174.0,4.0,100.0,50.0,0.6360581734394865,150,50.0,78.0,0.33
07:32:00,172.0,30.0,173.67,27.0,169.0,77.0,177.86,28.0,172.83,1.6699999999999875,107.0,55.0,1.0747883512577372,162,52.0,12.0,0.32
07:32:01,169.86,49.0,173.14,42.0,168.83,59.0,178.12,32.0,171.5,3.2799999999999727,108.0,74.0,1.5228821359512816,182,34.0,20.0,0.19
07:32:02,169.0,61.0,172.75,48.0,168.0,30.0,178.09,46.0,170.88,3.75,91.0,94.0,1.7223733625436077,185,-3.0,3.0,-0.02
07:32:03,169.29,34.0,176.32,25.0,168.3,23.0,178.23,39.0,172.81,7.030000000000001,57.0,64.0,1.2281408713986743,121,-7.0,-64.0,-0.06
07:32:04,168.38,39.0,172.0,14.0,167.08,39.0,177.0,42.0,170.19,3.6200000000000045,78.0,56.0,1.1709696836383539,134,22.0,13.0,0.16
07:32:05,167.0,56.0,175.56,34.0,112.23,31.0,179.58,55.0,171.28,8.560000000000002,87.0,89.0,0.9648678666015281,176,-2.0,42.0,-0.01
07:32:06,167.93,54.0,174.0,28.0,82.0,64.0,177.0,56.0,170.96,6.069999999999993,118.0,84.0,0.9715606002716516,202,34.0,26.0,0.17
07:32:07,167.31,32.0,172.09,44.0,166.15,26.0,174.72,47.0,169.7,4.780000000000001,58.0,91.0,1.1938886045189767,149,-33.0,-53.0,-0.22
07:32:24,163.81,63.0,172.0,27.0,162.97,62.0,173.0,81.0,167.9,8.189999999999998,125.0,108.0,0.9511729600873015,233,17.0,90.0,0.07
07:32:25,164.28,29.0,173.0,63.0,163.49,41.0,174.0,7.0,168.64,8.719999999999999,70.0,70.0,1.2502319784748717,140,0.0,-93.0,0.0
07:32:26,165.2,25.0,172.67,54.0,164.01,139.0,173.05,85.0,168.93,7.469999999999999,164.0,139.0,1.3656024311640222,303,25.0,161.5,0.08
07:32:29,170.86,35.0,173.44,50.0,164.47,43.0,174.48,83.0,172.15,2.579999999999984,78.0,133.0,1.5525946025929234,211,-55.0,-162.5,-0.26
07:32:30,163.87,62.0,173.78,96.0,162.46,112.0,175.25,96.0,168.83,9.909999999999997,174.0,192.0,1.5262437551061956,366,-18.0,155.0,-0.05
07:32:31,166.0,11.0,174.0,76.0,164.51,47.0,198.69,49.0,170.0,8.0,58.0,125.0,1.481779335798895,183,-67.0,-162.5,-0.37
07:32:32,167.3,10.0,174.0,110.0,165.0,40.0,427.57,14.0,170.65,6.699999999999989,50.0,124.0,1.225491738038455,174,-74.0,-9.0,-0.43
07:32:33,168.75,36.0,173.04,126.0,165.82,57.0,178.22,81.0,170.89,4.289999999999992,93.0,207.0,1.2181871777360302,300,-114.0,126.0,-0.38
07:32:38,171.0,29.0,172.0,11.0,166.0,110.0,174.0,66.0,171.5,1.0,139.0,77.0,1.322093037573629,216,62.0,22.0,0.29
07:32:39,171.0,12.0,172.0,12.0,166.08,120.0,174.0,72.0,171.5,1.0,132.0,84.0,1.6429911746569483,216,48.0,0.0,0.22
07:32:40,171.0,11.0,172.0,39.0,167.0,110.0,173.09,22.0,171.5,1.0,121.0,61.0,1.7234616328774368,182,60.0,-34.0,0.33
07:32:41,168.14,14.0,172.33,18.0,166.9,41.0,359.92,13.0,170.24,4.190000000000026,55.0,31.0,1.2020316135611895,86,24.0,-96.0,0.28
07:32:42,167.0,100.0,173.0,20.0,163.0,10.0,320.9,21.0,170.0,6.0,110.0,41.0,0.7606050223345079,151,69.0,65.0,0.46
07:32:46,165.3,20.0,174.14,21.0,162.06,70.0,207.58,24.0,169.72,8.839999999999975,90.0,45.0,1.0244364304341704,135,45.0,-9.0,0.33
07:32:47,167.26,27.0,273.58,31.0,165.8,20.0,505.67,24.0,220.42,106.32,47.0,55.0,23.086369788253844,102,-8.0,-33.0,-0.08
07:32:50,173.05,21.0,383.25,24.0,171.78,64.0,416.25,24.0,278.15,210.2,85.0,48.0,68.10456350348336,133,37.0,13.0,0.28
07:32:51,175.0,16.0,431.03,38.0,173.95,19.0,551.22,32.0,303.01,256.03,35.0,70.0,43.79097372747034,105,-35.0,-28.0,-0.33
07:32:52,181.76,102.0,415.24,42.0,176.35,20.0,428.33,36.0,298.5,233.48000000000002,122.0,78.0,20.009968015966397,200,44.0,95.0,0.22
07:32:54,182.0,99.0,262.36,22.0,181.0,11.0,723.73,55.0,222.18,80.36000000000001,110.0,77.0,56.5287180997411,187,33.0,136.0,0.18
07:32:55,182.0,72.0,309.45,22.0,181.0,8.0,631.45,31.0,245.73,127.44999999999999,80.0,53.0,60.82056124371096,133,27.0,-54.0,0.2
07:32:56,182.0,81.0,325.62,39.0,181.0,9.0,383.07,27.0,253.81,143.62,90.0,66.0,62.10890008686351,156,24.0,23.0,0.15
07:32:57,182.0,108.0,346.42,48.0,181.0,12.0,416.31,51.0,264.21,164.42000000000002,120.0,99.0,61.43500101733532,219,21.0,63.0,0.1
07:32:58,182.0,72.0,277.64,22.0,181.0,8.0,357.43,35.0,229.82,95.63999999999999,80.0,57.0,17.184625395974777,137,23.0,-82.0,0.17
07:32:59,182.0,63.0,195.8,20.0,181.0,9.0,308.67,36.0,188.9,13.800000000000011,72.0,56.0,29.423864973860567,128,16.0,-9.0,0.12
07:33:00,182.0,40.0,193.62,32.0,181.0,8.0,329.92,37.0,187.81,11.620000000000005,48.0,69.0,35.62631822122481,117,-21.0,-11.0,-0.18
07:33:01,178.22,60.0,192.19,32.0,177.11,56.0,220.69,52.0,185.2,13.969999999999999,116.0,84.0,34.91828274700762,200,32.0,83.0,0.16
07:33:02,178.0,90.0,188.43,35.0,175.0,30.0,189.22,27.0,183.21,10.430000000000007,120.0,62.0,19.59835375739415,182,58.0,-18.0,0.32
07:33:03,178.56,143.0,184.24,41.0,177.32,93.0,185.71,34.0,181.4,5.680000000000007,236.0,75.0,3.1164130021488203,311,161.0,129.0,0.52
07:33:04,180.0,10.0,183.33,36.0,179.0,100.0,184.31,26.0,181.67,3.3300000000000125,110.0,62.0,2.677138397610727,172,48.0,-139.0,0.28
07:33:05,179.04,81.0,180.95,41.0,178.77,39.0,181.95,43.0,179.99,1.9099999999999966,120.0,84.0,1.9862603051869079,204,36.0,32.0,0.18
07:33:06,179.0,85.0,180.24,51.0,178.0,13.0,197.73,41.0,179.62,1.240000000000009,98.0,92.0,1.436930756842799,190,6.0,-14.0,0.03
07:33:07,179.0,14.0,181.86,42.0,178.0,14.0,337.72,18.0,180.43,2.8600000000000136,28.0,60.0,0.8865494909820917,88,-32.0,-102.0,-0.36
07:33:08,178.92,12.0,181.32,34.0,177.58,19.0,424.39,18.0,180.12,2.4000000000000057,31.0,52.0,0.7846846500094824,83,-21.0,-5.0,-0.25
07:33:09,178.17,48.0,219.33,24.0,176.97,116.0,293.96,25.0,198.75,41.160000000000025,164.0,49.0,8.372405269691733,213,115.0,130.0,0.54
07:33:10,177.47,76.0,199.09,22.0,176.6,40.0,225.43,37.0,188.28,21.620000000000005,116.0,59.0,8.253735517931418,175,57.0,-38.0,0.33
07:33:11,177.0,68.0,198.22,18.0,176.0,18.0,255.33,18.0,187.61,21.22,86.0,36.0,7.59218479753775,122,50.0,-53.0,0.41
07:33:12,177.0,41.0,195.0,31.0,176.0,22.0,196.89,38.0,186.0,18.0,63.0,69.0,6.74114011128413,132,-6.0,10.0,-0.05
07:33:13,177.0,15.0,191.37,60.0,176.0,30.0,192.78,45.0,184.18,14.370000000000005,45.0,105.0,5.695149690742475,150,-60.0,18.0,-0.4
07:33:14,177.0,12.0,185.42,43.0,176.0,24.0,187.34,47.0,181.21,8.419999999999987,36.0,90.0,2.8533892128419085,126,-54.0,-24.0,-0.43
07:33:15,176.98,99.0,180.64,78.0,175.97,35.0,182.22,65.0,178.81,3.6599999999999966,134.0,143.0,3.5645995567471096,277,-9.0,151.0,-0.03
07:33:16,177.0,22.0,178.81,68.0,176.0,28.0,181.41,34.0,177.9,1.8100000000000023,50.0,102.0,3.4511085175579033,152,-52.0,-125.0,-0.34
07:33:17,176.09,35.0,177.74,95.0,175.27,22.0,375.49,70.0,176.91,1.6500000000000057,57.0,165.0,2.9203886727557014,222,-108.0,70.0,-0.49
07:33:18,175.64,14.0,177.0,50.0,174.33,15.0,341.6,40.0,176.32,1.3600000000000136,29.0,90.0,1.9180849824653243,119,-61.0,-103.0,-0.51
07:33:19,174.43,14.0,177.0,50.0,172.1,42.0,271.0,40.0,175.71,2.569999999999993,56.0,90.0,1.238567721183788,146,-34.0,27.0,-0.23
07:33:20,173.43,14.0,270.25,48.0,171.94,51.0,414.45,44.0,221.84,96.82,65.0,92.0,20.198896752049674,157,-27.0,11.0,-0.17
07:33:21,172.0,32.0,242.8,30.0,169.0,8.0,412.5,32.0,207.4,70.80000000000001,40.0,62.0,21.597787618178998,102,-22.0,-55.0,-0.22
07:33:22,172.78,54.0,241.2,30.0,171.71,31.0,527.1,40.0,206.99,68.41999999999999,85.0,70.0,20.638475476642387,155,15.0,53.0,0.1
07:33:23,173.0,36.0,238.5,18.0,172.0,24.0,472.0,24.0,205.75,65.5,60.0,42.0,16.88997542922938,102,18.0,-53.0,0.18
07:33:24,173.22,54.0,238.0,27.0,172.0,36.0,440.0,36.0,205.61,64.78,90.0,63.0,6.931426260155668,153,27.0,51.0,0.18
07:33:25,174.49,70.0,236.93,45.0,172.0,48.0,242.72,39.0,205.71,62.44,118.0,84.0,0.8385225101174859,202,34.0,49.0,0.17
07:33:26,173.55,33.0,184.57,42.0,170.62,32.0,420.0,40.0,179.06,11.019999999999982,65.0,82.0,12.067886310368126,147,-17.0,-55.0,-0.12
07:33:27,169.0,22.0,174.2,40.0,168.0,26.0,333.71,42.0,171.6,5.199999999999989,48.0,82.0,16.836802843769547,130,-34.0,-17.0,-0.26
07:33:28,170.0,10.0,173.96,23.0,168.11,18.0,221.36,33.0,171.98,3.960000000000008,28.0,56.0,17.47844300845938,84,-28.0,-46.0,-0.33
07:33:29,171.86,7.0,176.41,17.0,168.4,10.0,309.15,26.0,174.13,4.549999999999983,17.0,43.0,14.404816208475516,60,-26.0,-24.0,-0.43
07:33:30,170.0,31.0,176.8,25.0,168.38,13.0,333.8,35.0,173.4,6.800000000000011,44.0,60.0,2.9922867509574016,104,-16.0,44.0,-0.15
07:33:31,171.42,24.0,177.0,27.0,169.6,10.0,383.78,36.0,174.21,5.5800000000000125,34.0,63.0,1.2125304119710214,97,-29.0,-7.0,-0.3
07:33:32,172.57,14.0,176.57,14.0,169.71,7.0,268.0,28.0,174.57,4.0,21.0,42.0,1.029742686283782,63,-21.0,-34.0,-0.33
07:33:33,172.61,23.0,175.26,38.0,168.75,16.0,262.86,51.0,173.94,2.6499999999999773,39.0,89.0,0.4292435205744392,128,-50.0,65.0,-0.39
07:33:34,169.12,16.0,174.82,22.0,153.94,33.0,333.0,28.0,171.97,5.699999999999989,49.0,50.0,1.0153669287281912,99,-1.0,-29.0,-0.01
07:33:35,168.36,22.0,177.0,12.0,166.27,79.0,541.0,24.0,172.68,8.639999999999986,101.0,36.0,1.101421808370817,137,65.0,38.0,0.47
07:33:36,175.0,8.0,177.0,48.0,167.0,176.0,333.57,28.0,176.0,2.0,184.0,76.0,1.5851403723188122,260,108.0,123.0,0.42
07:33:37,175.0,7.0,177.0,42.0,167.0,154.0,355.78,27.0,176.0,2.0,161.0,69.0,1.8572345032211652,230,92.0,-30.0,0.4
07:33:38,167.94,127.0,176.67,30.0,166.88,96.0,184.03,39.0,172.31,8.72999999999999,223.0,69.0,2.0311991531986715,292,154.0,62.0,0.53
07:33:39,169.0,128.0,177.0,16.0,167.61,31.0,178.0,32.0,173.0,8.0,159.0,48.0,1.8438058465996627,207,111.0,-85.0,0.54
07:33:40,169.41,118.0,177.92,48.0,168.73,131.0,294.54,48.0,173.66,8.509999999999991,249.0,96.0,1.716356606289966,345,153.0,138.0,0.44
07:33:41,169.64,132.0,177.88,32.0,168.0,40.0,365.95,21.0,173.76,8.240000000000009,172.0,53.0,1.3880489904736673,225,119.0,-120.0,0.53
07:33:42,171.11,164.0,177.0,40.0,170.21,39.0,178.0,40.0,174.05,5.889999999999986,203.0,80.0,0.6996642051404082,283,123.0,58.0,0.43
07:33:43,174.75,122.0,176.42,38.0,173.53,68.0,177.08,48.0,175.59,1.6699999999999875,190.0,86.0,0.9621694237269929,276,104.0,-7.0,0.38
07:33:44,175.43,46.0,177.92,52.0,174.94,134.0,226.39,31.0,176.68,2.4899999999999807,180.0,83.0,1.331228755682349,263,97.0,-13.0,0.37
07:33:45,175.0,236.0,199.21,56.0,174.0,56.0,281.21,39.0,187.11,24.210000000000008,292.0,95.0,5.53496793124922,387,197.0,124.0,0.51
07:33:46,175.44,160.0,271.79,38.0,174.5,40.0,318.76,17.0,223.61,96.35000000000002,200.0,55.0,20.879804117854256,255,145.0,-132.0,0.57
07:33:47,176.25,146.0,270.54,39.0,174.64,56.0,394.58,45.0,223.39,94.29000000000002,202.0,84.0,24.357985959433705,286,118.0,31.0,0.41
07:33:49,179.84,76.0,331.46,52.0,178.82,33.0,547.38,52.0,255.65,151.61999999999998,109.0,104.0,53.708198629259535,213,5.0,56.0,0.02
07:33:50,180.0,39.0,414.44,36.0,179.0,27.0,563.89,36.0,297.22,234.44,66.0,72.0,46.73854105553587,138,-6.0,-75.0,-0.04
07:33:51,179.0,33.0,450.67,39.0,177.0,11.0,563.81,42.0,314.83,271.67,44.0,81.0,43.82039342589276,125,-37.0,-13.0,-0.3
07:33:52,179.22,27.0,267.4,10.0,178.17,46.0,297.71,14.0,223.31,88.17999999999998,73.0,24.0,43.848124247224355,97,49.0,-28.0,0.51
07:33:53,180.0,16.0,245.87,15.0,179.0,24.0,267.08,12.0,212.93,65.87,40.0,27.0,44.63523294439053,67,13.0,-30.0,0.19
07:33:54,180.0,24.0,188.3,44.0,179.0,36.0,227.24,46.0,184.15,8.300000000000011,60.0,90.0,56.55473030613791,150,-30.0,83.0,-0.2
07:33:55,180.82,33.0,186.08,12.0,179.67,27.0,188.0,60.0,183.45,5.260000000000019,60.0,72.0,53.86344103378446,132,-12.0,-18.0,-0.09
07:33:56,181.0,30.0,184.29,14.0,180.0,20.0,187.91,46.0,182.64,3.289999999999992,50.0,60.0,19.3679988641046,110,-10.0,-22.0,-0.09
07:33:57,180.78,23.0,182.54,39.0,179.44,27.0,182.52,27.0,181.66,1.759999999999991,50.0,66.0,13.428415021883666,116,-16.0,6.0,-0.14
07:33:58,179.7,10.0,181.42,12.0,178.78,27.0,184.06,36.0,180.56,1.7199999999999989,37.0,48.0,1.4242085521249712,85,-11.0,-31.0,-0.13
07:33:59,179.0,21.0,182.0,35.0,178.0,42.0,252.5,20.0,180.5,3.0,63.0,55.0,1.2911312868741809,118,8.0,33.0,0.07
07:34:00,178.19,62.0,180.5,34.0,177.73,33.0,188.54,61.0,179.35,2.3100000000000023,95.0,95.0,1.2524456075793442,190,0.0,72.0,0.0
07:34:01,178.0,56.0,180.27,30.0,177.0,15.0,247.0,42.0,179.13,2.2700000000000102,71.0,72.0,1.0259873293293005,143,-1.0,-47.0,-0.01
07:34:02,175.82,17.0,312.88,32.0,174.69,26.0,357.94,17.0,244.35,137.06,43.0,49.0,28.836951468557725,92,-6.0,-51.0,-0.07
07:34:03,174.45,22.0,332.0,20.0,173.14,14.0,374.0,5.0,253.23,157.55,36.0,25.0,37.99755939530806,61,11.0,-31.0,0.18
07:34:04,175.41,39.0,212.12,32.0,175.08,49.0,352.12,8.0,193.77,36.71000000000001,88.0,40.0,36.07125559222975,128,48.0,67.0,0.38
07:34:05,176.2,119.0,275.05,22.0,174.58,43.0,425.71,28.0,225.62,98.85000000000002,162.0,50.0,31.95335506640849,212,112.0,84.0,0.53
07:34:06,176.02,122.0,203.71,17.0,173.48,54.0,311.93,14.0,189.86,27.689999999999998,176.0,31.0,28.791676401348617,207,145.0,-5.0,0.7
07:34:07,175.85,65.0,177.08,26.0,174.0,40.0,210.5,10.0,176.46,1.2300000000000182,105.0,36.0,31.154119631277734,141,69.0,-66.0,0.49
07:34:08,176.08,49.0,177.5,28.0,174.0,56.0,223.0,35.0,176.79,1.4199999999999875,105.0,63.0,20.05992647045231,168,42.0,27.0,0.25
07:34:09,174.07,30.0,179.0,9.0,172.23,44.0,212.88,33.0,176.53,4.930000000000007,74.0,42.0,21.23432998707401,116,32.0,-52.0,0.28
07:34:10,173.0,36.0,179.0,11.0,170.33,48.0,241.36,44.0,176.0,6.0,84.0,55.0,6.00612770426524,139,29.0,23.0,0.21
07:34:11,175.67,36.0,178.23,26.0,172.9,30.0,244.45,11.0,176.95,2.5600000000000023,66.0,37.0,0.3634969049940567,103,29.0,-36.0,0.28
07:34:12,176.46,132.0,366.0,22.0,172.92,62.0,289.73,40.0,271.23,189.54,194.0,62.0,42.335890211497336,256,132.0,153.0,0.52
07:34:13,172.16,49.0,374.64,45.0,168.29,49.0,485.0,25.0,273.4,202.48,98.0,70.0,52.490375022474076,168,28.0,-88.0,0.17
07:34:14,171.5,30.0,417.0,24.0,167.67,24.0,702.33,6.0,294.25,245.5,54.0,30.0,57.20989451135169,84,24.0,-84.0,0.29
07:34:15,173.75,102.0,351.83,48.0,171.33,60.0,694.33,12.0,262.79,178.07999999999998,162.0,60.0,45.53131098485966,222,102.0,138.0,0.46
07:34:16,178.34,64.0,381.67,36.0,174.54,89.0,760.56,9.0,280.01,203.33,153.0,45.0,11.753670915931602,198,108.0,-24.0,0.55
07:34:18,180.5,154.0,337.27,41.0,178.0,84.0,434.48,21.0,258.88,156.76999999999998,238.0,62.0,41.59180003317995,300,176.0,124.0,0.59
07:34:19,181.0,77.0,246.62,13.0,178.0,42.0,250.36,22.0,213.81,65.62,119.0,35.0,53.966154485936976,154,84.0,-146.0,0.55
07:34:20,181.0,187.0,244.08,49.0,178.0,102.0,246.49,45.0,212.54,63.08000000000001,289.0,94.0,61.10509659594696,383,195.0,161.5,0.51
07:34:21,181.13,76.0,214.28,46.0,179.81,91.0,220.59,46.0,197.71,33.150000000000006,167.0,92.0,66.96757222716077,259,75.0,-124.0,0.29
07:34:22,182.0,12.0,209.5,30.0,181.0,66.0,246.0,6.0,195.75,27.5,78.0,36.0,25.493653523964877,114,42.0,-145.0,0.37
07:34:23,182.0,14.0,209.0,40.0,181.0,88.0,246.0,8.0,195.5,27.0,102.0,48.0,9.282309518646544,150,54.0,36.0,0.36
07:34:24,181.02,83.0,183.0,55.0,180.13,31.0,209.0,55.0,182.01,1.9799999999999898,114.0,110.0,10.84048292281996,224,4.0,74.0,0.02
07:34:25,181.0,82.0,208.54,65.0,178.0,13.0,418.27,55.0,194.77,27.539999999999992,95.0,120.0,6.320602819347891,215,-25.0,-9.0,-0.12
07:34:26,181.0,96.0,201.07,75.0,178.0,16.0,309.71,69.0,191.03,20.069999999999993,112.0,144.0,5.799777581937726,256,-32.0,41.0,-0.12
07:34:27,181.0,48.0,206.71,35.0,178.0,8.0,216.76,37.0,193.86,25.710000000000008,56.0,72.0,5.534476488336283,128,-16.0,-128.0,-0.12
07:34:28,181.0,36.0,205.0,30.0,178.67,6.0,207.0,24.0,193.0,24.0,42.0,54.0,5.176671710659923,96,-12.0,-32.0,-0.12
07:34:29,181.0,54.0,204.05,43.0,179.83,24.0,206.21,38.0,192.52,23.05000000000001,78.0,81.0,1.4122074918185006,159,-3.0,63.0,-0.02
07:34:30,181.0,54.0,203.0,36.0,180.0,36.0,204.0,45.0,192.0,22.0,90.0,81.0,1.061753266982431,171,9.0,12.0,0.05
07:34:31,180.57,56.0,202.0,50.0,179.73,22.0,203.0,40.0,191.29,21.430000000000007,78.0,90.0,0.9757458685272054,168,-12.0,-3.0,-0.07
07:34:32,181.0,80.0,202.0,50.0,180.0,40.0,203.0,40.0,191.5,21.0,120.0,90.0,0.7080395468810448,210,30.0,42.0,0.14
07:34:33,181.0,96.0,197.68,57.0,180.0,48.0,200.59,51.0,189.34,16.680000000000007,144.0,108.0,1.2099173525273985,252,36.0,42.0,0.14
07:34:34,181.0,40.0,194.65,23.0,180.0,20.0,197.73,22.0,187.83,13.650000000000006,60.0,45.0,1.752874781593393,105,15.0,-147.0,0.14
07:34:35,181.0,76.0,193.15,52.0,180.0,48.0,194.18,56.0,187.08,12.150000000000006,124.0,108.0,1.9895150162653206,232,16.0,127.0,0.07
07:34:36,181.7,80.0,189.5,64.0,180.82,88.0,190.62,64.0,185.6,7.800000000000011,168.0,128.0,2.2536858698461484,296,40.0,64.0,0.14
07:34:37,181.0,82.0,185.75,55.0,180.0,64.0,187.45,62.0,183.37,4.75,146.0,117.0,2.273440124556333,263,29.0,-33.0,0.11
07:34:38,180.0,32.0,182.43,42.0,179.09,22.0,183.37,38.0,181.21,2.430000000000007,54.0,80.0,2.7255586583196494,134,-26.0,-129.0,-0.19
07:34:39,179.0,14.0,181.12,17.0,178.0,7.0,182.2,20.0,180.06,2.1200000000000045,21.0,37.0,2.9289298386850713,58,-16.0,-76.0,-0.28
07:34:40,177.28,36.0,180.36,11.0,176.95,266.0,181.89,38.0,178.82,3.0800000000000125,302.0,49.0,2.7000129629204084,351,253.0,161.5,0.72
07:34:41,177.0,329.0,178.31,13.0,175.0,83.0,179.31,13.0,177.65,1.3100000000000023,412.0,26.0,2.2075484139508297,438,386.0,87.0,0.88
07:34:42,177.0,280.0,178.0,14.0,175.0,84.0,246.36,50.0,177.5,1.0,364.0,64.0,1.5891098136805244,428,300.0,-10.0,0.7
07:34:43,177.0,152.0,234.0,29.0,175.0,48.0,314.89,27.0,205.5,57.0,200.0,56.0,12.115427355233498,256,144.0,-162.5,0.56
07:34:44,177.0,209.0,198.47,38.0,175.0,66.0,220.23,39.0,187.74,21.47,275.0,77.0,11.992139925798964,352,198.0,96.0,0.56
07:34:45,178.84,109.0,196.87,60.0,176.98,203.0,205.53,45.0,187.86,18.03,312.0,105.0,11.411586217522228,417,207.0,65.0,0.5
07:34:46,179.15,54.0,196.0,40.0,177.52,108.0,248.0,30.0,187.57,16.849999999999994,162.0,70.0,10.113831123760429,232,92.0,-162.5,0.4
07:34:47,177.0,192.0,195.67,48.0,175.0,72.0,375.23,40.0,186.33,18.669999999999987,264.0,88.0,8.128822177901718,352,176.0,120.0,0.5
07:34:48,177.0,128.0,194.5,32.0,175.0,48.0,466.88,24.0,185.75,17.5,176.0,56.0,0.9501315698064298,232,120.0,-120.0,0.52
07:34:49,177.0,96.0,193.0,24.0,175.0,36.0,368.5,18.0,185.0,16.0,132.0,42.0,1.2078783051045583,174,90.0,-58.0,0.52
07:34:50,177.0,192.0,191.96,46.0,175.0,72.0,280.55,42.0,184.48,14.960000000000008,264.0,88.0,1.2036735437574264,352,176.0,161.5,0.5
07:34:51,176.16,76.0,189.4,30.0,174.25,96.0,192.0,40.0,182.78,13.240000000000009,172.0,70.0,1.3641004361631908,242,102.0,-110.0,0.42
07:34:52,178.0,36.0,189.0,27.0,175.0,54.0,192.0,36.0,183.5,11.0,90.0,63.0,1.1806015415626139,153,27.0,-89.0,0.18
07:34:53,178.19,54.0,185.68,56.0,175.7,86.0,187.52,56.0,181.93,7.490000000000009,140.0,112.0,1.243631778276524,252,28.0,99.0,0.11
07:34:54,175.56,62.0,180.08,52.0,174.14,133.0,181.47,45.0,177.82,4.52000000000001,195.0,97.0,2.5707041836698625,292,98.0,40.0,0.34
07:34:55,175.0,203.0,178.1,52.0,172.0,210.0,179.21,48.0,176.55,3.0999999999999943,413.0,100.0,3.1235764757623725,513,313.0,161.5,0.61
07:34:56,173.09,88.0,176.0,27.0,170.72,122.0,178.5,24.0,174.55,2.9099999999999966,210.0,51.0,3.7399131005859396,261,159.0,-162.5,0.61
07:34:57,172.0,62.0,174.8,15.0,151.47,77.0,179.79,19.0,173.4,2.8000000000000114,139.0,34.0,3.3177477300018112,173,105.0,-88.0,0.61
07:34:58,161.34,59.0,178.51,61.0,147.02,85.0,241.42,57.0,169.92,17.169999999999987,144.0,118.0,3.057788416475155,262,26.0,89.0,0.1
07:34:59,174.81,16.0,179.0,70.0,172.44,25.0,378.0,40.0,176.91,4.189999999999998,41.0,110.0,2.8251424742708897,151,-69.0,-111.0,-0.46
07:35:00,174.54,13.0,178.58,31.0,81.59,37.0,217.52,62.0,176.56,4.0400000000000205,50.0,93.0,2.8271664259341804,143,-43.0,-8.0,-0.3
07:35:01,172.17,12.0,204.77,43.0,47.7,70.0,445.6,30.0,188.47,32.60000000000002,82.0,73.0,6.979174019891773,155,9.0,12.0,0.06
07:35:10,170.0,6.0,172.56,9.0,58.0,6.0,178.0,24.0,171.28,2.5600000000000023,12.0,33.0,0.34882660438442586,45,-21.0,5.0,-0.47
07:35:11,170.0,10.0,172.4,20.0,58.0,10.0,173.64,11.0,171.2,2.4000000000000057,20.0,31.0,0.4063003814008922,51,-11.0,6.0,-0.22
07:35:12,170.0,8.0,173.0,16.0,93.75,8.0,174.0,8.0,171.5,3.0,16.0,24.0,0.4659184477209666,40,-8.0,-11.0,-0.2
07:35:13,170.0,5.0,173.67,6.0,110.0,5.0,174.95,21.0,171.83,3.6699999999999875,10.0,27.0,0.4909378778694807,37,-17.0,-3.0,-0.46
07:35:14,170.0,7.0,174.0,7.0,130.29,14.0,175.0,35.0,172.0,4.0,21.0,42.0,0.3457166468761458,63,-21.0,26.0,-0.33
07:35:15,170.0,6.0,174.0,6.0,118.57,7.0,175.0,30.0,172.0,4.0,13.0,36.0,0.34882660438594043,49,-23.0,-14.0,-0.47
07:35:16,172.95,64.0,175.0,50.0,164.0,10.0,305.98,48.0,173.98,2.0500000000000114,74.0,98.0,0.981845201611707,172,-24.0,123.0,-0.14
07:35:17,173.0,49.0,175.0,35.0,169.43,7.0,302.0,35.0,174.0,2.0,56.0,70.0,1.1231740737429787,126,-14.0,-46.0,-0.11
07:35:18,173.04,56.0,174.85,55.0,170.5,16.0,280.83,60.0,173.95,1.8100000000000023,72.0,115.0,1.082811156171188,187,-43.0,61.0,-0.23
07:35:19,173.07,29.0,192.63,49.0,170.4,30.0,332.89,53.0,182.85,19.560000000000002,59.0,102.0,4.275854300596626,161,-43.0,-26.0,-0.27
07:35:20,171.16,57.0,185.64,25.0,169.62,26.0,330.24,50.0,178.4,14.47999999999999,83.0,75.0,3.9668287081662315,158,8.0,-3.0,0.05
07:35:21,173.59,111.0,253.33,54.0,171.3,74.0,398.66,83.0,213.46,79.74000000000001,185.0,137.0,16.58434110840521,322,48.0,161.5,0.15
07:35:22,177.48,61.0,292.13,52.0,176.55,116.0,392.02,55.0,234.81,114.65,177.0,107.0,26.351207372717283,284,70.0,-38.0,0.25
07:35:23,179.27,22.0,290.0,45.0,177.02,113.0,341.67,60.0,234.64,110.72999999999999,135.0,105.0,27.21901302398674,240,30.0,-44.0,0.12
07:35:24,180.5,16.0,266.67,27.0,179.98,65.0,333.65,34.0,223.58,86.17000000000002,81.0,61.0,23.313897572048457,142,20.0,-98.0,0.14
07:35:25,182.0,12.0,222.67,43.0,181.0,12.0,301.9,41.0,202.34,40.66999999999999,24.0,84.0,14.01370329356132,108,-60.0,-34.0,-0.56
07:35:26,182.0,11.0,209.82,33.0,181.0,11.0,352.69,51.0,195.91,27.819999999999993,22.0,84.0,18.18981940536982,106,-62.0,-2.0,-0.58
07:35:27,181.91,11.0,194.23,39.0,180.83,12.0,244.8,41.0,188.07,12.319999999999993,23.0,80.0,19.517378666203122,103,-57.0,-3.0,-0.55
07:35:28,181.0,11.0,188.36,33.0,180.0,22.0,194.4,43.0,184.68,7.360000000000014,33.0,76.0,15.405941386359771,109,-43.0,6.0,-0.39
07:35:29,182.2,10.0,188.0,18.0,180.2,10.0,253.0,18.0,185.1,5.800000000000011,20.0,36.0,7.677874054707241,56,-16.0,-53.0,-0.29
07:35:30,183.0,36.0,186.83,36.0,181.0,12.0,270.38,52.0,184.92,3.8300000000000125,48.0,88.0,4.773450533937042,136,-40.0,80.0,-0.29
07:35:31,183.0,18.0,185.0,6.0,181.0,6.0,186.0,18.0,184.0,2.0,24.0,24.0,1.5745729579609582,48,0.0,-88.0,0.0
07:35:32,179.3,30.0,183.33,12.0,177.48,23.0,221.33,15.0,181.32,4.030000000000001,53.0,27.0,1.557331050207641,80,26.0,32.0,0.33
07:35:33,178.0,96.0,181.72,36.0,176.0,60.0,183.11,18.0,179.86,3.719999999999999,156.0,54.0,2.3329380617453213,210,102.0,130.0,0.49
07:35:34,178.0,105.0,179.34,61.0,176.0,65.0,190.81,21.0,178.67,1.3400000000000034,170.0,82.0,2.6624575113866182,252,88.0,42.0,0.35
07:35:35,176.4,50.0,241.85,65.0,174.03,73.0,412.92,62.0,209.12,65.44999999999999,123.0,127.0,12.748540308597802,250,-4.0,-2.0,-0.02
07:35:36,176.08,39.0,198.32,53.0,173.81,62.0,428.14,49.0,187.2,22.23999999999998,101.0,102.0,12.665815409990131,203,-1.0,-47.0,-0.0
07:35:37,176.0,7.0,402.56,27.0,174.0,35.0,431.12,32.0,289.28,226.56,42.0,59.0,46.60748309016437,101,-17.0,-102.0,-0.17
07:35:38,176.89,9.0,406.6,25.0,174.89,9.0,435.38,21.0,291.74,229.71000000000004,18.0,46.0,55.27500628674749,64,-28.0,-37.0,-0.44
07:35:39,178.09,22.0,390.67,46.0,176.0,11.0,430.42,52.0,284.38,212.58,33.0,98.0,50.136496487090014,131,-65.0,67.0,-0.5
07:35:40,179.0,16.0,302.65,34.0,176.0,8.0,377.84,38.0,240.82,123.64999999999998,24.0,72.0,45.05048146246601,96,-48.0,-35.0,-0.5
07:35:41,175.43,28.0,286.53,34.0,173.43,28.0,391.84,38.0,230.98,111.09999999999997,56.0,72.0,29.12213591067799,128,-16.0,32.0,-0.12
07:35:42,173.13,76.0,275.23,52.0,172.27,45.0,342.54,65.0,224.18,102.10000000000002,121.0,117.0,31.381663435834504,238,4.0,110.0,0.02
07:35:43,173.07,43.0,273.25,32.0,172.22,27.0,369.62,40.0,223.16,100.18,70.0,72.0,25.41159735238977,142,-2.0,-96.0,-0.01
07:35:44,177.13,45.0,271.42,48.0,174.25,48.0,378.61,56.0,224.28,94.29000000000002,93.0,104.0,7.462404438247399,197,-11.0,55.0,-0.06
07:35:45,179.0,56.0,251.57,56.0,177.74,46.0,398.15,62.0,215.29,72.57,102.0,118.0,5.579213206176197,220,-16.0,23.0,-0.07
07:35:46,179.83,29.0,248.12,32.0,178.53,30.0,509.25,40.0,213.98,68.28999999999999,59.0,72.0,5.10006078394842,131,-13.0,-89.0,-0.1
07:35:47,181.5,18.0,247.0,24.0,180.0,12.0,357.5,30.0,214.25,65.5,30.0,54.0,5.0854370510278795,84,-24.0,-47.0,-0.29
07:35:48,182.0,24.0,247.0,32.0,180.0,16.0,336.0,40.0,214.5,65.0,40.0,72.0,4.398789606240101,112,-32.0,28.0,-0.29
07:35:49,182.0,21.0,247.0,28.0,180.0,14.0,302.94,34.0,214.5,65.0,35.0,62.0,0.489111439208469,97,-27.0,-15.0,-0.28
07:35:50,182.0,12.0,247.0,32.0,180.0,16.0,293.0,40.0,214.5,65.0,28.0,72.0,0.2314735405278077,100,-44.0,3.0,-0.44
07:35:51,182.0,11.0,244.67,45.0,180.0,22.0,391.62,48.0,213.33,62.66999999999999,33.0,93.0,0.5069812619460227,126,-60.0,26.0,-0.48
07:35:52,181.6,10.0,240.14,43.0,179.23,26.0,335.7,47.0,210.87,58.53999999999999,36.0,90.0,1.5762138179713707,126,-54.0,0.0,-0.43
07:35:53,176.85,52.0,242.7,40.0,174.73,22.0,367.14,44.0,209.77,65.85,74.0,84.0,2.1653244560488356,158,-10.0,32.0,-0.06
07:35:54,175.0,28.0,210.82,17.0,174.0,28.0,225.18,17.0,192.91,35.81999999999999,56.0,34.0,8.794258354174048,90,22.0,-68.0,0.24
07:35:55,175.0,21.0,182.38,32.0,174.0,56.0,183.46,37.0,178.69,7.3799999999999955,77.0,69.0,14.91205820803938,146,8.0,56.0,0.05
07:35:56,175.0,20.0,180.0,40.0,174.0,70.0,181.0,40.0,177.5,5.0,90.0,80.0,16.133121830567976,170,10.0,24.0,0.06
07:35:57,174.0,44.0,179.0,34.0,173.0,22.0,180.0,44.0,176.5,5.0,66.0,78.0,14.343375823004282,144,-12.0,-26.0,-0.08
07:35:58,174.5,32.0,177.8,15.0,173.67,24.0,178.43,28.0,176.15,3.3000000000000114,56.0,43.0,7.090384333725406,99,13.0,-45.0,0.13
07:35:59,173.1,29.0,176.0,18.0,172.07,40.0,177.48,33.0,174.55,2.9000000000000057,69.0,51.0,1.5461791616549558,120,18.0,21.0,0.15
07:36:00,171.78,18.0,176.4,20.0,166.56,9.0,199.54,26.0,174.09,4.6200000000000045,27.0,46.0,1.4124694686737014,73,-19.0,-47.0,-0.26
07:36:01,171.0,11.0,177.07,29.0,157.91,11.0,184.59,17.0,174.03,6.069999999999993,22.0,46.0,1.1751085056006025,68,-24.0,-5.0,-0.35
07:36:02,157.5,10.0,173.93,14.0,131.2,25.0,175.33,12.0,165.71,16.430000000000007,35.0,26.0,4.113207993760263,61,9.0,-7.0,0.15
07:36:16,166.0,28.0,225.55,11.0,165.0,35.0,255.19,21.0,195.77,59.55000000000001,63.0,32.0,13.138997298117287,95,31.0,14.0,0.33
07:36:17,168.57,58.0,271.0,39.0,167.1,59.0,424.18,17.0,219.78,102.43,117.0,56.0,24.075501033206788,173,61.0,78.0,0.35
07:36:18,182.0,104.0,271.0,24.0,178.14,29.0,285.0,8.0,226.5,89.0,133.0,32.0,28.20070336002189,165,101.0,-8.0,0.61
07:36:19,182.0,143.0,224.76,17.0,181.0,44.0,256.71,21.0,203.38,42.75999999999999,187.0,38.0,23.240052280491003,225,149.0,60.0,0.66
07:36:20,182.0,115.0,218.0,20.0,180.26,47.0,221.0,10.0,200.0,36.0,162.0,30.0,13.32327587344644,192,132.0,-33.0,0.69
07:36:21,182.0,122.0,216.57,28.0,180.33,30.0,256.83,18.0,199.29,34.56999999999999,152.0,46.0,12.512058184006365,198,106.0,6.0,0.54
07:36:22,182.0,82.0,251.79,28.0,181.0,11.0,341.66,35.0,216.89,69.78999999999999,93.0,63.0,11.991099615963508,156,30.0,-42.0,0.19
07:36:23,182.0,60.0,228.43,14.0,181.0,10.0,230.5,16.0,205.21,46.43000000000001,70.0,30.0,7.099896478115516,100,40.0,-56.0,0.4
07:36:24,182.0,42.0,226.57,21.0,181.0,7.0,228.0,14.0,204.29,44.56999999999999,49.0,35.0,7.061018340151598,84,14.0,-16.0,0.17
07:36:25,182.0,74.0,223.6,30.0,181.0,15.0,225.25,40.0,202.8,41.599999999999994,89.0,70.0,6.6509833859330625,159,19.0,75.0,0.12
07:36:26,182.0,36.0,219.78,18.0,181.0,9.0,221.0,18.0,200.89,37.78,45.0,36.0,6.294662818607351,81,9.0,-78.0,0.11
07:36:27,182.0,28.0,218.57,14.0,181.0,7.0,219.57,14.0,200.29,36.56999999999999,35.0,28.0,2.1167380565283813,63,7.0,-18.0,0.11
07:36:28,182.0,49.0,215.06,33.0,181.0,16.0,217.75,32.0,198.53,33.06,65.0,65.0,2.2379231443359733,130,0.0,67.0,0.0
07:36:29,182.0,36.0,212.58,36.0,181.0,12.0,214.0,24.0,197.29,30.580000000000013,48.0,60.0,2.1338462924853974,108,-12.0,-22.0,-0.11
07:36:30,181.43,28.0,208.84,25.0,179.0,48.0,210.31,29.0,195.13,27.409999999999997,76.0,54.0,2.3297381827047907,130,22.0,22.0,0.17
07:36:31,181.45,44.0,205.33,24.0,178.2,60.0,207.0,24.0,193.39,23.880000000000024,104.0,48.0,2.72721102959629,152,56.0,22.0,0.37
07:36:32,180.18,44.0,198.89,45.0,177.18,51.0,200.75,40.0,189.54,18.70999999999998,95.0,85.0,3.5311018110428716,180,10.0,28.0,0.06
07:36:33,175.0,11.0,193.84,31.0,174.0,11.0,195.12,24.0,184.42,18.840000000000003,22.0,55.0,5.079628923449859,77,-33.0,-103.0,-0.43
07:36:34,176.54,39.0,189.07,29.0,174.64,11.0,189.92,26.0,182.8,12.530000000000001,50.0,55.0,5.3977152573979295,105,-5.0,28.0,-0.05
07:36:35,178.61,75.0,187.32,38.0,178.17,111.0,188.41,44.0,182.96,8.70999999999998,186.0,82.0,4.6687064589610605,268,104.0,161.5,0.39
07:36:36,180.0,20.0,186.0,30.0,179.0,90.0,187.0,20.0,183.0,6.0,110.0,50.0,2.8683584155302797,160,60.0,-108.0,0.38
07:36:37,180.0,16.0,183.62,26.0,179.0,108.0,184.65,34.0,181.81,3.6200000000000045,124.0,60.0,0.9319442043075168,184,64.0,24.0,0.35
07:36:38,179.02,81.0,181.09,22.0,178.29,63.0,183.11,27.0,180.06,2.069999999999993,144.0,49.0,1.2531879348053951,193,95.0,9.0,0.49
07:36:39,179.0,84.0,181.5,24.0,178.0,60.0,184.0,36.0,180.25,2.5,144.0,60.0,1.4183194280349884,204,84.0,11.0,0.41
07:36:40,179.0,65.0,181.0,20.0,178.0,50.0,184.0,30.0,180.0,2.0,115.0,50.0,1.3322274580345217,165,65.0,-39.0,0.39
07:36:41,179.38,32.0,180.86,28.0,177.84,90.0,184.0,42.0,180.12,1.4800000000000182,122.0,70.0,0.766987613942207,192,52.0,27.0,0.27
07:36:42,177.19,196.0,309.56,32.0,176.71,206.0,474.5,32.0,243.38,132.37,402.0,64.0,28.296473631884744,466,338.0,161.5,0.73
07:36:43,177.0,8.0,440.0,16.0,175.0,184.0,474.64,22.0,308.5,263.0,192.0,38.0,57.30911533080898,230,154.0,-162.5,0.67
07:36:44,175.01,254.0,277.46,24.0,174.51,45.0,372.24,21.0,226.23,102.44999999999999,299.0,45.0,53.18786308924217,344,254.0,114.0,0.74
07:36:45,175.0,184.0,233.88,8.0,174.0,16.0,235.0,24.0,204.44,58.879999999999995,200.0,32.0,48.643369332314684,232,168.0,-112.0,0.72
07:36:46,175.0,210.0,182.86,28.0,174.0,20.0,233.5,12.0,178.93,7.860000000000014,230.0,40.0,48.96577304607753,270,190.0,38.0,0.7
07:36:47,175.0,202.0,180.04,23.0,174.0,26.0,198.4,30.0,177.52,5.039999999999992,228.0,53.0,53.85312182223018,281,175.0,11.0,0.62
07:36:48,175.0,91.0,178.1,10.0,174.0,14.0,287.62,13.0,176.55,3.0999999999999943,105.0,23.0,22.039456209261363,128,82.0,-153.0,0.64
07:36:49,174.78,37.0,178.0,13.0,172.58,62.0,271.0,39.0,176.39,3.219999999999999,99.0,52.0,12.158224788181213,151,47.0,23.0,0.31
07:36:50,175.72,50.0,178.0,10.0,174.3,20.0,279.1,30.0,176.86,2.280000000000001,70.0,40.0,1.0340454535180144,110,30.0,-41.0,0.27
07:36:51,176.38,74.0,448.17,18.0,174.82,22.0,561.62,24.0,312.27,271.79,96.0,42.0,60.572155071451384,138,54.0,28.0,0.39
07:36:52,176.64,77.0,471.73,33.0,174.64,22.0,589.0,28.0,324.18,295.09000000000003,99.0,61.0,77.68559551165175,160,38.0,22.0,0.24
07:36:53,177.57,44.0,367.88,24.0,174.0,16.0,582.4,20.0,272.72,190.31,60.0,44.0,71.82176571207351,104,16.0,-56.0,0.15
07:36:55,179.0,20.0,458.14,14.0,174.0,8.0,485.67,9.0,318.57,279.14,28.0,23.0,29.388755843009232,51,5.0,-63.0,0.1
07:36:56,179.0,28.0,367.14,36.0,174.0,22.0,395.15,27.0,273.07,188.14,50.0,63.0,35.40596235099401,113,-13.0,62.0,-0.12
07:36:57,173.06,53.0,262.86,28.0,172.46,13.0,314.37,19.0,217.96,89.80000000000001,66.0,47.0,51.81598855565716,113,19.0,0.0,0.17
07:36:58,172.44,41.0,259.73,44.0,171.79,47.0,262.76,34.0,216.08,87.29000000000002,88.0,78.0,61.17348731272387,166,10.0,53.0,0.06
07:36:59,175.45,20.0,212.89,53.0,172.11,80.0,238.31,49.0,194.17,37.44,100.0,102.0,50.85858383793215,202,-2.0,36.0,-0.01
07:37:00,180.23,53.0,194.26,35.0,175.46,13.0,203.0,34.0,187.24,14.030000000000001,66.0,69.0,33.72684880032469,135,-3.0,-67.0,-0.02
07:37:01,183.0,208.0,191.17,29.0,177.4,25.0,193.06,32.0,187.09,8.169999999999987,233.0,61.0,15.356694631331182,294,172.0,159.0,0.59
07:37:02,183.0,192.0,187.4,30.0,181.4,15.0,188.94,32.0,185.2,4.400000000000006,207.0,62.0,12.829958300787787,269,145.0,-25.0,0.54
07:37:03,183.0,144.0,185.68,31.0,182.0,18.0,186.78,27.0,184.34,2.680000000000007,162.0,58.0,3.8711070767870606,220,104.0,-49.0,0.47
07:37:04,183.0,145.0,184.42,36.0,182.0,20.0,198.3,44.0,183.71,1.4199999999999875,165.0,80.0,1.5964116010447285,245,85.0,25.0,0.35
07:37:05,183.0,48.0,184.79,38.0,182.0,16.0,274.59,29.0,183.89,1.789999999999992,64.0,67.0,1.3803369153760887,131,-3.0,-114.0,-0.02
07:37:06,183.0,8.0,184.5,40.0,182.0,16.0,484.12,32.0,183.75,1.5,24.0,72.0,0.6236745946002119,96,-48.0,-35.0,-0.5
07:37:09,168.71,28.0,344.14,28.0,157.06,36.0,418.0,28.0,256.43,175.42999999999998,64.0,56.0,74.94529218036301,120,8.0,-47.0,0.07
07:37:10,167.18,38.0,221.27,44.0,127.44,36.0,222.27,44.0,194.23,54.09,74.0,88.0,72.4811810058306,162,-14.0,42.0,-0.09
07:37:11,175.9,10.0,183.26,39.0,173.0,40.0,187.67,39.0,179.58,7.359999999999985,50.0,78.0,73.59844583956905,128,-28.0,-34.0,-0.22
07:37:12,175.27,26.0,180.42,65.0,163.72,64.0,181.35,68.0,177.84,5.149999999999977,90.0,133.0,66.88573936198931,223,-43.0,95.0,-0.19
07:37:13,174.23,26.0,176.61,46.0,164.11,38.0,178.0,45.0,175.42,2.380000000000024,64.0,91.0,34.18847100997573,155,-27.0,-68.0,-0.17
07:37:14,163.57,14.0,174.22,18.0,96.92,13.0,177.0,28.0,168.9,10.650000000000006,27.0,46.0,9.331038527406381,73,-19.0,-82.0,-0.26
07:37:18,132.64,33.0,379.0,18.0,103.48,21.0,512.57,28.0,255.82,246.36,54.0,46.0,43.71853382719898,100,8.0,36.0,0.08
07:37:30,169.64,33.0,215.89,18.0,167.82,51.0,341.0,9.0,192.76,46.25,84.0,27.0,12.087825693644918,111,57.0,-44.0,0.51
07:37:31,169.41,56.0,176.09,33.0,146.79,84.0,232.5,24.0,172.75,6.680000000000007,140.0,57.0,11.106236986483912,197,83.0,86.0,0.42
07:37:32,171.0,14.0,220.93,15.0,170.0,42.0,283.21,14.0,195.97,49.93000000000001,56.0,29.0,13.211588852214057,85,27.0,-112.0,0.32
07:37:33,172.65,40.0,248.29,21.0,170.29,82.0,249.78,23.0,210.47,75.63999999999999,122.0,44.0,16.924676658652935,166,78.0,81.0,0.47
07:37:34,173.4,30.0,243.19,31.0,172.0,102.0,247.62,16.0,208.3,69.78999999999999,132.0,47.0,15.097345793216641,179,85.0,13.0,0.47
07:37:35,175.97,60.0,189.54,13.0,174.89,18.0,224.75,16.0,182.75,13.569999999999993,78.0,29.0,16.26149808596843,107,49.0,-72.0,0.46
07:37:36,180.68,77.0,186.89,28.0,177.0,58.0,199.89,28.0,183.78,6.2099999999999795,135.0,56.0,13.08854575573453,191,79.0,84.0,0.41
07:37:37,182.49,35.0,184.24,21.0,179.52,31.0,186.66,29.0,183.36,1.75,66.0,50.0,14.314435720626742,116,16.0,-75.0,0.14
07:37:38,180.0,20.0,182.29,28.0,179.0,30.0,184.14,22.0,181.14,2.289999999999992,50.0,50.0,11.466912400465596,100,0.0,-16.0,0.0
07:37:39,179.25,16.0,180.43,14.0,176.5,36.0,240.18,11.0,179.84,1.1800000000000068,52.0,25.0,1.6457764125021692,77,27.0,-23.0,0.35
07:37:40,176.14,44.0,378.45,11.0,175.12,48.0,461.53,19.0,277.3,202.31,92.0,30.0,42.63659789429686,122,62.0,45.0,0.51
07:37:41,177.91,23.0,429.83,46.0,175.85,78.0,487.3,43.0,303.87,251.92,101.0,89.0,60.52423002401578,190,12.0,68.0,0.06
07:37:42,178.31,16.0,444.33,49.0,176.05,41.0,504.96,23.0,311.32,266.02,57.0,72.0,65.32443325433438,129,-15.0,-61.0,-0.12
07:37:43,177.36,66.0,253.31,32.0,176.0,22.0,290.62,40.0,215.34,75.94999999999999,88.0,72.0,57.54855497751435,160,16.0,31.0,0.1
07:37:44,178.62,48.0,245.0,20.0,176.0,16.0,266.54,28.0,211.81,66.38,64.0,48.0,47.68976588325839,112,16.0,-48.0,0.14
07:37:45,179.0,42.0,212.56,39.0,176.0,22.0,258.32,47.0,195.78,33.56,64.0,86.0,55.3025598865006,150,-22.0,38.0,-0.15
07:37:46,177.26,19.0,204.0,55.0,175.0,51.0,205.0,33.0,190.63,26.74000000000001,70.0,88.0,49.37999726609929,158,-18.0,8.0,-0.11
07:37:47,182.11,54.0,201.1,30.0,175.77,26.0,203.0,56.0,191.61,18.98999999999998,80.0,86.0,11.677364000490831,166,-6.0,8.0,-0.04
07:37:48,182.4,47.0,197.49,47.0,177.45,31.0,198.29,51.0,189.95,15.090000000000003,78.0,98.0,9.147490366212812,176,-20.0,10.0,-0.11
07:37:49,179.0,11.0,190.0,11.0,177.0,33.0,192.23,35.0,184.5,11.0,44.0,46.0,4.044431974944425,90,-2.0,-86.0,-0.02
07:37:50,179.13,15.0,180.89,19.0,175.93,41.0,189.68,38.0,180.01,1.759999999999991,56.0,57.0,4.941244782435986,113,-1.0,23.0,-0.01
07:37:51,175.0,32.0,177.17,42.0,173.0,36.0,254.64,22.0,176.08,2.1699999999999875,68.0,64.0,6.543825333850914,132,4.0,19.0,0.03
07:37:52,173.0,43.0,176.0,44.0,172.0,33.0,417.29,28.0,174.5,3.0,76.0,72.0,6.320377362147518,148,4.0,16.0,0.03
07:37:54,177.94,51.0,181.95,58.0,175.39,46.0,493.84,49.0,179.94,4.009999999999991,97.0,107.0,90.53353511268612,204,-10.0,106.0,-0.05
07:37:55,180.0,18.0,182.0,30.0,175.86,21.0,466.0,24.0,181.0,2.0,39.0,54.0,90.43041236221347,93,-15.0,-111.0,-0.16
07:37:56,179.83,23.0,182.0,40.0,177.52,31.0,435.75,32.0,180.91,2.1699999999999875,54.0,72.0,89.89079096325703,126,-18.0,33.0,-0.14
07:37:57,178.0,18.0,182.0,45.0,173.0,27.0,403.11,36.0,180.0,4.0,45.0,81.0,89.23725006968768,126,-36.0,0.0,-0.29
07:37:58,178.0,20.0,194.38,48.0,175.39,44.0,319.43,42.0,186.19,16.379999999999995,64.0,90.0,2.6086145748178473,154,-26.0,28.0,-0.17
07:37:59,176.6,10.0,194.0,36.0,173.41,73.0,315.37,38.0,185.3,17.400000000000006,83.0,74.0,2.842630823718182,157,9.0,3.0,0.06
07:38:00,176.0,9.0,193.83,24.0,173.0,81.0,337.56,36.0,184.92,17.830000000000013,90.0,60.0,2.803752842165855,150,30.0,-7.0,0.2
07:38:01,176.0,10.0,193.0,10.0,173.0,90.0,194.0,40.0,184.5,17.0,100.0,50.0,2.419549544843725,150,50.0,0.0,0.33
07:38:02,176.0,10.0,190.63,19.0,173.29,42.0,192.77,31.0,183.32,14.629999999999995,52.0,50.0,1.0566834909062537,102,2.0,-48.0,0.02
07:38:03,173.35,51.0,187.09,35.0,149.88,32.0,189.2,20.0,180.22,13.740000000000009,83.0,55.0,2.057406133934943,138,28.0,36.0,0.2
07:38:04,173.0,72.0,186.09,11.0,141.0,16.0,187.03,29.0,179.55,13.090000000000003,88.0,40.0,2.471319485609337,128,48.0,-10.0,0.38
07:38:05,173.0,90.0,185.0,10.0,139.36,22.0,187.0,40.0,179.0,12.0,112.0,50.0,2.4411923316182387,162,62.0,34.0,0.38
07:38:06,173.0,63.0,183.04,25.0,116.29,28.0,185.2,10.0,178.02,10.039999999999992,91.0,35.0,2.0119194814780474,126,56.0,-36.0,0.44
07:38:07,173.0,45.0,182.73,11.0,120.0,32.0,183.14,14.0,177.86,9.72999999999999,77.0,25.0,1.0032945728699334,102,52.0,-24.0,0.51
07:38:08,173.0,49.0,182.0,9.0,171.0,90.0,183.0,36.0,177.5,9.0,139.0,45.0,0.8554998538573644,184,94.0,82.0,0.51
07:38:09,174.43,53.0,180.16,19.0,172.5,70.0,181.04,46.0,177.3,5.72999999999999,123.0,65.0,0.6594543198355234,188,58.0,4.0,0.31
07:38:10,175.46,52.0,180.73,37.0,172.0,65.0,238.54,52.0,178.1,5.269999999999982,117.0,89.0,0.3436277054453642,206,28.0,18.0,0.14
07:38:11,176.27,44.0,179.49,53.0,172.0,55.0,193.07,41.0,177.88,3.219999999999999,99.0,94.0,0.32174524075676836,193,5.0,-13.0,0.03
07:38:12,176.52,46.0,301.58,76.0,169.88,75.0,445.17,46.0,239.05,125.05999999999997,121.0,122.0,27.440577253402612,243,-1.0,50.0,-0.0
07:38:13,171.83,29.0,426.85,41.0,139.5,28.0,427.74,38.0,299.34,255.02,57.0,79.0,54.42934576127082,136,-22.0,-107.0,-0.16
07:38:14,157.3,67.0,283.47,55.0,142.97,80.0,358.1,48.0,220.39,126.17000000000002,147.0,103.0,50.35877053701743,250,44.0,114.0,0.18
07:38:15,171.0,12.0,223.22,32.0,141.4,40.0,230.22,32.0,197.11,52.22,52.0,64.0,46.71149248311358,116,-12.0,-134.0,-0.1
07:38:16,171.0,12.0,183.4,15.0,133.0,72.0,206.0,19.0,177.2,12.400000000000006,84.0,34.0,46.890011409680596,118,50.0,2.0,0.42
07:38:17,133.14,84.0,185.91,35.0,132.0,140.0,267.62,24.0,159.53,52.77000000000001,224.0,59.0,54.48910836121259,283,165.0,161.5,0.58
07:38:18,139.69,26.0,191.46,41.0,128.58,52.0,364.87,31.0,165.58,51.77000000000001,78.0,72.0,24.901878844777023,150,6.0,-133.0,0.04
07:38:19,145.0,24.0,244.93,30.0,84.87,30.0,360.7,33.0,194.97,99.93,54.0,63.0,16.921553415687082,117,-9.0,-33.0,-0.08
07:38:21,174.96,25.0,388.97,37.0,137.33,18.0,650.22,36.0,281.97,214.01000000000002,43.0,73.0,53.96605720265247,116,-30.0,-63.0,-0.26
07:38:28,181.89,18.0,300.38,34.0,179.0,27.0,393.5,32.0,241.14,118.49000000000001,45.0,66.0,73.81127400336645,111,-21.0,-16.0,-0.19
07:38:29,178.76,38.0,298.0,65.0,174.09,80.0,383.61,33.0,238.38,119.24000000000001,118.0,98.0,69.27508592560541,216,20.0,105.0,0.09
07:38:30,174.5,32.0,254.44,48.0,173.16,76.0,324.74,39.0,214.47,79.94,108.0,87.0,60.258543377682045,195,21.0,-21.0,0.11
07:38:31,177.96,109.0,233.0,65.0,175.78,27.0,322.29,34.0,205.48,55.03999999999999,136.0,99.0,53.586565947072685,235,37.0,40.0,0.16
07:38:32,178.0,55.0,229.73,52.0,176.0,22.0,292.15,33.0,203.87,51.72999999999999,77.0,85.0,17.917038538775028,162,-8.0,-73.0,-0.05
07:38:33,178.0,40.0,226.74,34.0,176.0,16.0,227.4,25.0,202.37,48.74000000000001,56.0,59.0,14.993102747595126,115,-3.0,-47.0,-0.03
07:38:34,178.0,61.0,222.61,46.0,176.0,26.0,224.05,43.0,200.3,44.610000000000014,87.0,89.0,5.471541830228435,176,-2.0,61.0,-0.01
07:38:35,178.5,16.0,201.2,25.0,177.09,22.0,218.42,24.0,189.85,22.69999999999999,38.0,49.0,6.18541267822418,87,-11.0,-89.0,-0.13
07:38:36,176.0,13.0,216.7,43.0,174.0,39.0,218.31,49.0,196.35,40.69999999999999,52.0,92.0,5.623328196000594,144,-40.0,57.0,-0.28
07:38:37,176.0,13.0,211.69,54.0,174.0,39.0,213.1,39.0,193.84,35.69,52.0,93.0,5.005214281120641,145,-41.0,1.0,-0.28
07:38:38,176.85,47.0,206.4,63.0,174.55,29.0,207.5,48.0,191.62,29.55000000000001,76.0,111.0,4.1035557751701965,187,-35.0,42.0,-0.19
07:38:39,177.79,70.0,199.92,49.0,176.0,14.0,201.12,43.0,188.85,22.129999999999995,84.0,92.0,3.039139680885254,176,-8.0,-11.0,-0.05
07:38:40,178.3,86.0,184.43,60.0,176.0,18.0,193.22,76.0,181.37,6.1299999999999955,104.0,136.0,5.759073710235907,240,-32.0,64.0,-0.13
07:38:41,177.6,15.0,179.69,49.0,173.21,113.0,181.83,71.0,178.65,2.0900000000000034,128.0,120.0,6.574232274564723,248,8.0,8.0,0.03
07:38:42,173.02,164.0,188.76,21.0,142.16,31.0,191.04,47.0,180.89,15.73999999999998,195.0,68.0,5.62177729903338,263,127.0,15.0,0.48
07:38:43,173.15,26.0,254.47,19.0,127.2,20.0,496.93,14.0,213.81,81.32,46.0,33.0,14.545283771722353,79,13.0,-162.5,0.16
07:38:44,173.25,16.0,361.64,25.0,124.34,82.0,474.35,23.0,267.44,188.39,98.0,48.0,38.107571688575725,146,50.0,67.0,0.34
07:38:45,173.71,35.0,246.14,35.0,119.15,75.0,391.38,26.0,209.93,72.42999999999998,110.0,61.0,35.860791681165395,171,49.0,25.0,0.29
07:38:47,140.92,13.0,249.83,46.0,130.69,13.0,390.26,38.0,195.37,108.91000000000003,26.0,84.0,38.54309925265404,110,-58.0,-13.0,-0.53
07:38:50,178.0,36.0,290.8,35.0,172.34,32.0,355.45,33.0,234.4,112.80000000000001,68.0,68.0,31.396231939516664,136,0.0,51.0,0.0
07:38:51,183.0,30.0,291.6,40.0,181.0,70.0,411.23,39.0,237.3,108.60000000000002,100.0,79.0,33.90960822539735,179,21.0,43.0,0.12
07:38:52,183.0,15.0,290.0,20.0,181.0,35.0,389.1,21.0,236.5,107.0,50.0,41.0,36.64819599925678,91,9.0,-88.0,0.1
07:38:53,183.0,33.0,281.0,44.0,181.0,77.0,314.27,44.0,232.0,98.0,110.0,88.0,20.82550407553078,198,22.0,107.0,0.11
07:38:54,181.82,17.0,268.44,27.0,180.85,41.0,278.71,28.0,225.13,86.62,58.0,55.0,4.8891492102362495,113,3.0,-85.0,0.03
07:38:55,180.68,28.0,199.47,19.0,177.82,44.0,234.22,27.0,190.08,18.789999999999992,72.0,46.0,19.67726657846429,118,26.0,5.0,0.22
07:38:56,182.0,24.0,189.36,22.0,180.0,24.0,197.5,20.0,185.68,7.360000000000014,48.0,42.0,24.12592630345912,90,6.0,-28.0,0.07
07:38:57,180.63,57.0,183.96,50.0,177.66,82.0,189.32,38.0,182.3,3.3300000000000125,139.0,88.0,23.59093300401519,227,51.0,137.0,0.22
07:38:58,180.0,60.0,181.67,24.0,177.0,64.0,187.7,23.0,180.83,1.6699999999999875,124.0,47.0,18.41773954642443,171,77.0,-56.0,0.45
07:38:59,180.0,32.0,181.0,16.0,177.0,64.0,223.0,24.0,180.5,1.0,96.0,40.0,4.028128597738754,136,56.0,-35.0,0.41
07:39:00,180.0,16.0,181.0,8.0,177.0,32.0,315.0,12.0,180.5,1.0,48.0,20.0,2.2076050371204516,68,28.0,-68.0,0.41
07:39:01,180.0,26.0,181.0,16.0,177.14,43.0,259.0,40.0,180.5,1.0,69.0,56.0,0.7812681997361351,125,13.0,57.0,0.1
07:39:02,179.15,13.0,318.48,42.0,177.02,89.0,393.61,49.0,248.82,139.33,102.0,91.0,30.517072271106326,193,11.0,68.0,0.06
07:39:03,179.0,11.0,355.24,29.0,177.0,88.0,423.94,52.0,267.12,176.24,99.0,81.0,42.9225059846223,180,18.0,-13.0,0.1
07:39:04,177.13,30.0,385.0,25.0,176.44,36.0,506.44,27.0,281.07,207.87,66.0,52.0,48.03097875329992,118,14.0,-62.0,0.12
07:39:05,177.0,32.0,450.0,18.0,176.0,30.0,539.0,30.0,313.5,273.0,62.0,48.0,49.462025029308734,110,14.0,-8.0,0.13
07:39:06,176.94,129.0,436.21,33.0,175.68,37.0,666.38,13.0,306.58,259.27,166.0,46.0,26.970189469115297,212,120.0,102.0,0.57
07:39:08,178.01,129.0,414.95,40.0,176.89,114.0,628.48,27.0,296.48,236.94,243.0,67.0,72.76339581135562,310,176.0,22.0,0.57
07:39:09,179.14,121.0,218.36,22.0,177.11,247.0,299.21,38.0,198.75,39.22000000000003,368.0,60.0,93.40788580200278,428,308.0,118.0,0.72
07:39:10,180.41,189.0,217.83,29.0,179.0,169.0,581.76,50.0,199.12,37.420000000000016,358.0,79.0,106.90532058789204,437,279.0,9.0,0.64
07:39:11,181.0,122.0,215.77,39.0,179.0,156.0,216.44,45.0,198.38,34.77000000000001,278.0,84.0,113.9711558684914,362,194.0,-75.0,0.54
07:39:12,181.0,52.0,213.55,38.0,179.0,130.0,215.62,32.0,197.28,32.55000000000001,182.0,70.0,43.87593326642657,252,112.0,-110.0,0.44
07:39:13,181.0,16.0,206.59,74.0,179.0,208.0,208.85,65.0,193.8,25.590000000000003,224.0,139.0,2.1618233045050883,363,85.0,111.0,0.23
07:39:14,179.18,79.0,183.43,63.0,177.9,203.0,186.44,72.0,181.3,4.25,282.0,135.0,7.373674796185312,417,147.0,54.0,0.35
07:39:15,179.0,58.0,180.57,35.0,177.0,98.0,182.0,14.0,179.79,1.5699999999999932,156.0,49.0,8.909775530275464,205,107.0,-162.5,0.52
07:39:16,177.0,130.0,180.0,50.0,176.0,30.0,182.0,20.0,178.5,3.0,160.0,70.0,8.730588754482266,230,90.0,25.0,0.39
07:39:17,177.0,65.0,178.6,10.0,176.0,15.0,180.0,25.0,177.8,1.5999999999999943,80.0,35.0,6.599637868844702,115,45.0,-115.0,0.39
07:39:18,177.0,81.0,179.43,28.0,176.0,24.0,415.11,36.0,178.21,2.430000000000007,105.0,64.0,1.427953080421934,169,41.0,54.0,0.24
07:39:20,180.0,30.0,474.61,33.0,177.0,60.0,508.7,33.0,327.3,294.61,90.0,66.0,93.7293656225195,156,24.0,26.0,0.15
07:39:21,181.62,39.0,403.0,27.0,177.6,45.0,450.8,30.0,292.31,221.38,84.0,57.0,86.85675523527202,141,27.0,-15.0,0.19
07:39:22,183.0,84.0,402.67,36.0,180.08,53.0,469.2,30.0,292.83,219.67000000000002,137.0,66.0,70.48648217920916,203,71.0,62.0,0.35
07:39:23,183.0,25.0,401.8,15.0,182.0,5.0,463.0,20.0,292.4,218.8,30.0,35.0,33.197878697290136,65,-5.0,-138.0,-0.08
07:39:24,181.5,20.0,400.04,23.0,178.09,23.0,570.45,31.0,290.77,218.54000000000002,43.0,54.0,15.771283080332328,97,-11.0,32.0,-0.11
07:39:25,180.0,27.0,397.15,26.0,177.5,24.0,398.32,22.0,288.58,217.14999999999998,51.0,48.0,1.7478472473217594,99,3.0,2.0,0.03
07:39:26,180.0,26.0,393.92,26.0,179.0,10.0,394.97,29.0,286.96,213.92000000000002,36.0,55.0,2.507263448457153,91,-19.0,-8.0,-0.21
07:39:27,180.0,30.0,342.0,43.0,179.0,15.0,343.42,36.0,261.0,162.0,45.0,79.0,12.991478745699542,124,-34.0,33.0,-0.27
07:39:28,180.0,20.0,263.5,28.0,179.0,10.0,264.45,22.0,221.75,83.5,30.0,50.0,29.466662009802697,80,-20.0,-44.0,-0.25
07:39:29,180.0,24.0,260.29,34.0,179.0,12.0,261.77,26.0,220.15,80.29000000000002,36.0,60.0,33.551364651828045,96,-24.0,16.0,-0.25
07:39:30,180.0,22.0,251.28,43.0,179.0,16.0,260.41,37.0,215.64,71.28,38.0,80.0,31.46699143546969,118,-42.0,22.0,-0.36
07:39:31,180.0,12.0,253.5,34.0,179.0,12.0,255.23,26.0,216.75,73.5,24.0,60.0,19.134917559266107,84,-36.0,-34.0,-0.43
07:39:32,180.0,15.0,251.02,43.0,179.0,15.0,252.94,32.0,215.51,71.02000000000001,30.0,75.0,2.8288336819088378,105,-45.0,21.0,-0.43
07:39:33,180.0,12.0,246.71,31.0,179.0,12.0,248.28,29.0,213.35,66.71000000000001,24.0,60.0,2.489236830817906,84,-36.0,-21.0,-0.43
07:39:34,180.0,11.0,240.15,26.0,179.0,11.0,242.3,30.0,210.08,60.150000000000006,22.0,56.0,2.64420687539733,78,-34.0,-6.0,-0.44
07:39:35,181.07,28.0,229.54,26.0,179.82,11.0,230.72,29.0,205.3,48.47,39.0,55.0,4.612089548122047,94,-16.0,16.0,-0.17
07:39:36,182.0,20.0,227.4,25.0,179.7,10.0,228.73,22.0,204.7,45.400000000000006,30.0,47.0,4.783938753777528,77,-17.0,-17.0,-0.22
07:39:37,182.0,28.0,226.62,32.0,179.0,14.0,227.71,28.0,204.31,44.620000000000005,42.0,60.0,3.9913493958675867,102,-18.0,25.0,-0.18
07:39:38,182.0,34.0,225.39,49.0,179.99,212.0,226.5,36.0,203.69,43.389999999999986,246.0,85.0,2.563265495396626,331,161.0,161.5,0.49
07:39:39,182.0,20.0,221.4,20.0,180.0,140.0,223.0,24.0,201.7,39.400000000000006,160.0,44.0,1.3824073205424567,204,116.0,-127.0,0.57
07:39:40,182.39,72.0,217.38,48.0,180.18,191.0,218.18,44.0,199.88,34.99000000000001,263.0,92.0,2.0250259257324013,355,171.0,151.0,0.48
07:39:41,181.8,80.0,215.2,30.0,180.46,156.0,216.4,50.0,198.5,33.39999999999998,236.0,80.0,2.4642098124727942,316,156.0,-39.0,0.49
07:39:42,181.0,56.0,210.27,30.0,180.0,168.0,211.67,24.0,195.63,29.27000000000001,224.0,54.0,3.073898176564329,278,170.0,-38.0,0.61
07:39:43,180.74,53.0,208.7,46.0,179.99,194.0,209.41,34.0,194.72,27.95999999999998,247.0,80.0,2.9074352959066343,327,167.0,49.0,0.51
07:39:44,180.0,160.0,201.0,40.0,179.0,13.0,201.94,36.0,190.5,21.0,173.0,76.0,3.6472976297364954,249,97.0,-78.0,0.39
07:39:45,180.0,164.0,193.89,36.0,179.0,16.0,195.1,40.0,186.94,13.889999999999986,180.0,76.0,4.548793246552208,256,104.0,7.0,0.41
07:39:46,180.0,90.0,188.89,18.0,179.0,9.0,190.22,18.0,184.44,8.889999999999986,99.0,36.0,4.834974663829813,135,63.0,-121.0,0.47
07:39:47,180.0,100.0,187.14,29.0,179.0,10.0,189.4,20.0,183.57,7.139999999999986,110.0,49.0,4.605016829488662,159,61.0,24.0,0.38
07:39:48,180.0,110.0,183.72,29.0,179.0,11.0,184.81,27.0,181.86,3.719999999999999,121.0,56.0,3.3602261828441233,177,65.0,18.0,0.37
07:39:49,179.71,24.0,180.9,40.0,177.12,52.0,182.0,20.0,180.3,1.1899999999999977,76.0,60.0,2.5308733670156305,136,16.0,-41.0,0.12
07:39:50,176.94,84.0,179.59,29.0,176.09,116.0,215.47,47.0,178.26,2.6500000000000057,200.0,76.0,2.49112022991006,276,124.0,140.0,0.45
07:39:51,176.18,51.0,247.38,13.0,175.71,51.0,284.89,27.0,211.78,71.19999999999999,102.0,40.0,13.904962423533311,142,62.0,-134.0,0.44
07:39:52,175.93,44.0,287.0,8.0,174.14,37.0,288.0,24.0,231.47,111.07,81.0,32.0,23.799016366225814,113,49.0,-29.0,0.43
07:39:53,176.66,53.0,287.23,13.0,175.44,16.0,303.5,30.0,231.95,110.57000000000002,69.0,43.0,26.37566056044654,112,26.0,-1.0,0.23
07:39:54,177.78,23.0,287.0,20.0,176.98,46.0,433.2,30.0,232.39,109.22,69.0,50.0,23.439427254092767,119,19.0,7.0,0.16
07:39:55,178.82,45.0,278.0,39.0,177.5,56.0,401.0,36.0,228.41,99.18,101.0,75.0,8.760308213751237,176,26.0,57.0,0.15
07:39:56,179.0,30.0,280.84,19.0,176.0,8.0,327.32,31.0,229.92,101.83999999999997,38.0,50.0,1.64180388595028,88,-12.0,-88.0,-0.14
07:39:57,180.2,20.0,286.5,20.0,176.0,10.0,365.0,36.0,233.35,106.30000000000001,30.0,56.0,2.001469460152178,86,-26.0,-2.0,-0.3
07:39:58,181.0,16.0,285.88,16.0,178.31,13.0,326.67,36.0,233.44,104.88,29.0,52.0,2.237335468793668,81,-23.0,-5.0,-0.28
07:39:59,181.0,20.0,283.75,24.0,179.67,12.0,305.95,42.0,232.38,102.75,32.0,66.0,2.2363474685124807,98,-34.0,17.0,-0.35
07:40:00,181.08,26.0,281.23,26.0,180.14,14.0,283.0,52.0,231.15,100.15,40.0,78.0,1.5064760203610132,118,-38.0,20.0,-0.32
07:40:01,182.59,54.0,270.0,60.0,181.35,34.0,279.7,46.0,226.3,87.41,88.0,106.0,2.9566924087435877,194,-18.0,76.0,-0.09
07:40:02,183.0,32.0,276.0,40.0,182.0,20.0,277.0,20.0,229.5,93.0,52.0,60.0,2.794007873990545,112,-8.0,-82.0,-0.07
07:40:03,182.88,16.0,276.0,20.0,181.8,10.0,277.0,10.0,229.44,93.12,26.0,30.0,2.2878985991342184,56,-4.0,-56.0,-0.07
07:40:04,183.0,75.0,275.27,60.0,182.0,30.0,277.0,30.0,229.13,92.26999999999998,105.0,90.0,1.7549159523805178,195,15.0,139.0,0.08
07:40:05,182.67,30.0,273.33,36.0,181.44,18.0,277.0,18.0,228.0,90.66,48.0,54.0,1.3571219546963813,102,-6.0,-93.0,-0.06
07:40:06,181.85,26.0,271.33,54.0,180.44,50.0,275.93,30.0,226.59,89.47999999999999,76.0,84.0,1.2423244342437272,160,-8.0,58.0,-0.05
07:40:07,181.77,26.0,272.57,28.0,180.0,98.0,277.0,14.0,227.17,90.79999999999998,124.0,42.0,1.225328527342152,166,82.0,6.0,0.49
07:40:08,182.0,60.0,270.19,42.0,180.61,36.0,272.6,30.0,226.1,88.19,96.0,72.0,1.199153868324549,168,24.0,2.0,0.14
07:40:09,180.46,76.0,249.95,61.0,179.98,116.0,253.62,65.0,215.21,69.48999999999998,192.0,126.0,5.304387806327376,318,66.0,150.0,0.21
07:40:10,180.0,47.0,239.82,22.0,179.0,20.0,241.53,30.0,209.91,59.81999999999999,67.0,52.0,7.934719906834175,119,15.0,-162.5,0.13
07:40:11,180.0,32.0,236.76,34.0,179.0,32.0,238.67,36.0,208.38,56.75999999999999,64.0,70.0,8.85139706486533,134,-6.0,15.0,-0.04
07:40:12,180.0,22.0,231.96,25.0,179.0,22.0,232.84,25.0,205.98,51.96000000000001,44.0,50.0,8.009365143374477,94,-6.0,-40.0,-0.06
07:40:13,180.0,22.0,228.65,26.0,179.0,22.0,230.91,22.0,204.33,48.650000000000006,44.0,48.0,4.195911104861161,92,-4.0,-2.0,-0.04
07:40:14,180.0,8.0,224.5,8.0,179.0,8.0,226.33,9.0,202.25,44.5,16.0,17.0,3.0683790508824473,33,-1.0,-59.0,-0.03
07:40:15,179.88,25.0,222.08,26.0,178.88,25.0,224.38,26.0,200.98,42.20000000000002,50.0,52.0,2.9436083299060565,102,-2.0,69.0,-0.02
07:40:16,177.0,12.0,217.96,25.0,176.0,30.0,220.63,27.0,197.48,40.96000000000001,42.0,52.0,3.2632238660395263,94,-10.0,-8.0,-0.11
07:40:17,177.0,12.0,214.75,24.0,176.0,36.0,216.1,31.0,195.88,37.75,48.0,55.0,3.461478008002907,103,-7.0,9.0,-0.07
07:40:18,173.18,22.0,211.53,19.0,169.7,10.0,213.25,16.0,192.35,38.349999999999994,32.0,35.0,3.9813779021697027,67,-3.0,-36.0,-0.04
07:40:19,173.0,30.0,206.3,27.0,167.0,10.0,207.48,23.0,189.65,33.30000000000001,40.0,50.0,4.415061720959579,90,-10.0,23.0,-0.11
07:40:20,173.0,39.0,200.26,34.0,167.0,13.0,201.28,29.0,186.63,27.25999999999999,52.0,63.0,4.4377550630785745,115,-11.0,25.0,-0.1
07:40:21,175.77,78.0,195.47,30.0,172.68,38.0,196.75,40.0,185.62,19.69999999999999,116.0,70.0,4.2058685190905525,186,46.0,71.0,0.25
07:40:22,176.54,91.0,190.1,39.0,175.3,60.0,192.41,34.0,183.32,13.560000000000002,151.0,73.0,3.5322698084764372,224,78.0,38.0,0.35
07:40:23,179.63,86.0,188.4,47.0,177.61,54.0,189.67,36.0,184.02,8.77000000000001,140.0,83.0,2.4925428782414785,223,57.0,-1.0,0.26
07:40:24,180.0,84.0,186.04,25.0,178.5,36.0,187.71,45.0,183.02,6.039999999999992,120.0,70.0,1.5493611586298464,190,50.0,-33.0,0.26
07:40:25,180.0,63.0,182.11,36.0,179.0,27.0,184.0,18.0,181.06,2.1100000000000136,90.0,54.0,1.6536988842802116,144,36.0,-46.0,0.25
07:40:26,177.43,56.0,181.0,44.0,177.4,30.0,193.72,25.0,179.21,3.569999999999993,86.0,69.0,1.965421074443891,155,17.0,11.0,0.11
07:40:27,175.92,48.0,180.08,24.0,174.11,36.0,188.76,29.0,178.0,4.160000000000025,84.0,53.0,2.51938881474595,137,31.0,-18.0,0.23
07:40:28,175.0,12.0,177.78,18.0,174.0,12.0,178.48,21.0,176.39,2.780000000000001,24.0,39.0,2.5895810471706264,63,-15.0,-74.0,-0.24
07:40:29,174.0,32.0,176.11,38.0,173.22,36.0,185.93,28.0,175.05,2.1100000000000136,68.0,66.0,2.3508232600226378,134,2.0,71.0,0.01
07:40:30,175.32,41.0,189.87,75.0,172.69,125.0,306.32,73.0,182.59,14.550000000000011,166.0,148.0,2.8947918750514323,314,18.0,161.5,0.06
07:40:31,177.1,91.0,293.81,53.0,175.94,139.0,428.8,49.0,235.46,116.71000000000001,230.0,102.0,25.850504250398604,332,128.0,18.0,0.39
07:40:32,180.5,8.0,238.0,32.0,177.0,136.0,265.12,40.0,209.25,57.5,144.0,72.0,26.151573948806274,216,72.0,-116.0,0.33
07:40:33,177.2,89.0,235.33,36.0,175.64,103.0,383.0,42.0,206.27,58.130000000000024,192.0,78.0,23.942831495040206,270,114.0,54.0,0.42
07:40:34,177.0,249.0,233.26,62.0,173.0,119.0,236.76,50.0,205.13,56.25999999999999,368.0,112.0,18.789451828084186,480,256.0,161.5,0.53
07:40:35,177.0,104.0,229.36,36.0,173.0,56.0,230.43,28.0,203.18,52.360000000000014,160.0,64.0,13.375868943732243,224,96.0,-162.5,0.43
07:40:36,177.0,179.0,226.4,53.0,173.0,105.0,227.73,59.0,201.7,49.400000000000006,284.0,112.0,2.908544309425769,396,172.0,161.5,0.43
07:40:37,177.0,154.0,220.08,37.0,173.46,78.0,221.26,58.0,198.54,43.08000000000001,232.0,95.0,3.034687792819977,327,137.0,-69.0,0.42
07:40:38,177.29,173.0,199.16,62.0,175.03,142.0,207.13,63.0,188.23,21.870000000000005,315.0,125.0,6.669147621689482,440,190.0,113.0,0.43
07:40:39,177.6,72.0,183.88,81.0,176.34,103.0,184.94,65.0,180.74,6.280000000000001,175.0,146.0,9.645621804729899,321,29.0,-119.0,0.09
07:40:40,179.0,40.0,181.12,48.0,177.0,143.0,182.51,47.0,180.06,2.1200000000000045,183.0,95.0,9.967435979221321,278,88.0,-43.0,0.32
07:40:41,177.39,41.0,180.7,23.0,175.38,148.0,181.73,44.0,179.04,3.3100000000000023,189.0,67.0,8.235880037972308,256,122.0,-22.0,0.48
07:40:42,177.0,105.0,178.89,27.0,174.67,90.0,189.0,34.0,177.94,1.8899999999999864,195.0,61.0,4.068945809403977,256,134.0,0.0,0.52
07:40:43,177.0,12.0,179.0,6.0,176.0,30.0,251.92,13.0,178.0,2.0,42.0,19.0,1.2404354073727033,61,23.0,-162.5,0.38
07:40:44,176.08,39.0,178.0,15.0,173.2,229.0,236.73,37.0,177.04,1.9199999999999875,268.0,52.0,1.1602930663685946,320,216.0,161.5,0.68
07:40:45,176.0,30.0,177.0,15.0,172.97,33.0,304.08,39.0,176.5,1.0,63.0,54.0,0.9770772742532817,117,9.0,-162.5,0.08
07:40:46,176.0,10.0,458.14,14.0,173.0,24.0,539.96,23.0,317.07,282.14,34.0,37.0,62.47891564359847,71,-3.0,-46.0,-0.04
07:40:47,176.0,9.0,261.0,33.0,173.0,27.0,463.73,22.0,218.5,85.0,36.0,55.0,60.64300470787956,91,-19.0,20.0,-0.21
07:40:48,176.86,42.0,235.22,27.0,173.43,21.0,302.81,27.0,206.04,58.359999999999985,63.0,54.0,57.77720917455177,117,9.0,26.0,0.08
07:40:49,177.0,132.0,262.79,19.0,176.0,11.0,301.4,30.0,219.89,85.79000000000002,143.0,49.0,52.969752217656435,192,94.0,75.0,0.49
07:40:50,178.0,108.0,261.0,9.0,176.0,9.0,309.38,26.0,219.5,83.0,117.0,35.0,45.573508203779184,152,82.0,-40.0,0.54
07:40:51,179.45,132.0,242.68,19.0,176.0,11.0,318.12,25.0,211.07,63.23000000000002,143.0,44.0,6.167223848694331,187,99.0,35.0,0.53
07:40:52,180.36,132.0,218.57,21.0,176.0,11.0,224.4,45.0,199.47,38.20999999999998,143.0,66.0,8.784095286362719,209,77.0,22.0,0.37
07:40:53,181.0,146.0,200.46,26.0,176.0,13.0,247.03,35.0,190.73,19.460000000000008,159.0,61.0,12.786454551590765,220,98.0,11.0,0.45
07:40:54,181.17,69.0,196.88,16.0,177.08,38.0,247.16,31.0,189.02,15.710000000000008,107.0,47.0,13.137734584009861,154,60.0,-66.0,0.39
07:40:55,182.67,15.0,191.3,27.0,181.36,55.0,193.39,18.0,186.98,8.630000000000024,70.0,45.0,9.94370303256694,115,25.0,-39.0,0.22
07:40:56,181.64,11.0,189.62,16.0,180.92,53.0,192.0,8.0,185.63,7.980000000000018,64.0,24.0,5.447974853087617,88,40.0,-27.0,0.45
07:40:57,181.0,38.0,186.6,15.0,180.0,44.0,188.56,18.0,183.8,5.599999999999994,82.0,33.0,2.731367789198539,115,49.0,27.0,0.43
07:40:58,180.8,10.0,185.25,12.0,179.8,40.0,186.11,18.0,183.03,4.449999999999989,50.0,30.0,2.418898509625708,80,20.0,-35.0,0.25
07:40:59,179.58,19.0,182.62,16.0,178.44,54.0,198.91,23.0,181.1,3.039999999999992,73.0,39.0,2.284178189167287,112,34.0,32.0,0.3
07:41:00,178.33,18.0,217.85,13.0,176.4,25.0,389.5,20.0,198.09,39.51999999999998,43.0,33.0,6.771842437614019,76,10.0,-36.0,0.13
07:41:01,177.0,30.0,445.0,35.0,176.0,75.0,490.17,59.0,311.0,268.0,105.0,94.0,56.084808370893974,199,11.0,123.0,0.06
07:41:02,177.92,60.0,333.05,39.0,176.17,48.0,416.68,31.0,255.48,155.13000000000002,108.0,70.0,56.42501971643355,178,38.0,-21.0,0.21
07:41:03,179.31,112.0,414.06,32.0,177.0,32.0,419.05,66.0,296.69,234.75,144.0,98.0,57.79526511748121,242,46.0,64.0,0.19
07:41:04,181.0,48.0,329.27,22.0,180.0,56.0,391.06,34.0,255.14,148.26999999999998,104.0,56.0,44.07454537485278,160,48.0,-82.0,0.3
07:41:05,181.0,54.0,308.11,18.0,180.0,63.0,426.54,41.0,244.56,127.11000000000001,117.0,59.0,29.321802127426754,176,58.0,16.0,0.33
07:41:06,181.0,48.0,306.9,20.0,180.0,70.0,435.14,14.0,243.95,125.89999999999998,118.0,34.0,21.695089997507583,152,84.0,-24.0,0.55
07:41:07,180.0,64.0,267.84,37.0,177.0,28.0,376.91,53.0,223.92,87.83999999999997,92.0,90.0,26.98179330585621,182,2.0,30.0,0.01
07:41:08,180.0,40.0,243.5,20.0,177.0,20.0,280.62,26.0,211.75,63.5,60.0,46.0,17.583458988490552,106,14.0,-76.0,0.13
07:41:09,180.0,46.0,230.97,29.0,177.0,20.0,260.53,17.0,205.48,50.97,66.0,46.0,17.993834221752714,112,20.0,6.0,0.18
07:41:10,180.0,43.0,239.75,36.0,177.0,26.0,241.31,29.0,209.88,59.75,69.0,65.0,15.534124693715833,134,4.0,22.0,0.03
07:41:11,180.0,24.0,236.36,22.0,177.0,16.0,240.47,17.0,208.18,56.360000000000014,40.0,39.0,7.13479642315776,79,1.0,-55.0,0.01
07:41:12,180.0,48.0,187.54,37.0,177.0,32.0,197.44,39.0,183.77,7.539999999999992,80.0,76.0,11.438704909206129,156,4.0,77.0,0.03
07:41:13,180.0,21.0,185.1,20.0,177.0,14.0,186.2,15.0,182.55,5.099999999999994,35.0,35.0,13.6190003304167,70,0.0,-86.0,0.0
07:41:14,179.65,34.0,181.9,40.0,176.71,28.0,183.21,28.0,180.77,2.25,62.0,68.0,14.657170600081216,130,-6.0,60.0,-0.05
07:41:15,176.46,26.0,181.34,38.0,173.87,85.0,242.55,44.0,178.9,4.8799999999999955,111.0,82.0,12.073865578176653,193,29.0,63.0,0.15
07:41:16,176.0,16.0,181.62,16.0,175.0,8.0,259.79,38.0,178.81,5.6200000000000045,24.0,54.0,2.198090080017889,78,-30.0,-115.0,-0.38
07:41:17,176.19,27.0,179.58,24.0,175.15,13.0,234.55,55.0,177.88,3.390000000000015,40.0,79.0,1.8693769015026938,119,-39.0,41.0,-0.33
07:41:18,176.52,62.0,178.35,23.0,175.21,19.0,217.87,63.0,177.43,1.829999999999984,81.0,86.0,1.2850564189445954,167,-5.0,48.0,-0.03
07:41:19,179.12,200.0,209.29,70.0,177.67,114.0,362.56,59.0,194.21,30.169999999999987,314.0,129.0,7.162313173819857,443,185.0,161.5,0.42
07:41:20,180.84,189.0,225.17,63.0,179.38,104.0,337.97,58.0,203.01,44.329999999999984,293.0,121.0,11.69893670381536,414,172.0,-29.0,0.42
07:41:21,181.84,90.0,295.0,30.0,180.0,56.0,330.82,33.0,238.42,113.16,146.0,63.0,25.00499650069741,209,83.0,-162.5,0.4
07:41:22,182.0,100.0,263.84,32.0,180.0,80.0,297.7,37.0,222.92,81.83999999999997,180.0,69.0,23.94971753486664,249,111.0,40.0,0.45
07:41:23,180.0,80.0,255.2,20.0,177.0,80.0,368.67,48.0,217.6,75.19999999999999,160.0,68.0,17.274966570153083,228,92.0,-21.0,0.4
07:41:24,180.0,96.0,252.75,24.0,177.0,96.0,253.75,24.0,216.38,72.75,192.0,48.0,12.794427693332402,240,144.0,12.0,0.6
07:41:25,181.47,68.0,251.0,26.0,179.77,104.0,252.54,26.0,216.24,69.53,172.0,52.0,9.40874699414931,224,120.0,-16.0,0.54
07:41:26,182.0,59.0,237.55,29.0,180.0,104.0,246.11,27.0,209.78,55.55000000000001,163.0,56.0,4.680585433458961,219,107.0,-5.0,0.49
07:41:27,182.0,24.0,216.67,24.0,180.0,96.0,229.72,25.0,199.33,34.66999999999999,120.0,49.0,7.646723481328693,169,71.0,-50.0,0.42
07:41:28,182.0,36.0,209.81,42.0,180.0,144.0,211.54,39.0,195.9,27.810000000000002,180.0,81.0,9.509809672117493,261,99.0,92.0,0.38
07:41:29,180.14,58.0,205.48,31.0,177.55,88.0,206.13,46.0,192.81,25.340000000000003,146.0,77.0,9.859060300043552,223,69.0,-38.0,0.31
07:41:30,180.0,48.0,205.0,16.0,177.0,64.0,206.0,40.0,192.5,25.0,112.0,56.0,7.108321180130388,168,56.0,-55.0,0.33
07:41:31,180.0,68.0,202.98,47.0,177.0,104.0,203.98,44.0,191.49,22.97999999999999,172.0,91.0,3.2078388363330923,263,81.0,95.0,0.31
07:41:32,180.38,40.0,199.17,24.0,177.93,81.0,203.0,60.0,189.77,18.789999999999992,121.0,84.0,2.2432632480128363,205,37.0,-58.0,0.18
07:41:33,183.0,14.0,196.13,46.0,179.37,76.0,200.31,52.0,189.57,13.129999999999995,90.0,98.0,1.5053305284501592,188,-8.0,-17.0,-0.04
07:41:34,178.59,96.0,193.88,58.0,177.55,80.0,194.93,58.0,186.24,15.289999999999992,176.0,116.0,2.387913314985058,292,60.0,104.0,0.21
07:41:35,180.0,84.0,191.17,53.0,179.0,48.0,191.93,29.0,185.58,11.169999999999987,132.0,82.0,2.5163167526926653,214,50.0,-78.0,0.23
07:41:36,180.92,91.0,186.89,56.0,179.85,52.0,188.69,39.0,183.91,5.969999999999999,143.0,95.0,2.569966925833955,238,48.0,24.0,0.2
07:41:37,181.0,82.0,183.31,51.0,180.0,48.0,184.82,33.0,182.16,2.3100000000000023,130.0,84.0,2.7749900900505944,214,46.0,-24.0,0.21
07:41:38,180.48,31.0,246.19,42.0,179.13,30.0,398.22,37.0,213.34,65.71000000000001,61.0,79.0,13.006543737668501,140,-18.0,-74.0,-0.13
07:41:39,180.0,38.0,459.05,37.0,179.0,10.0,564.22,41.0,319.53,279.05,48.0,78.0,58.78294931355442,126,-30.0,-14.0,-0.24
07:41:42,178.37,35.0,264.35,46.0,176.85,41.0,368.76,34.0,221.36,85.98000000000002,76.0,80.0,62.23183887689627,156,-4.0,-43.0,-0.03
07:41:43,176.2,15.0,233.24,21.0,174.26,23.0,261.23,43.0,204.72,57.04000000000002,38.0,64.0,64.78292653160999,102,-26.0,-54.0,-0.25
07:41:44,175.0,10.0,231.7,20.0,174.0,30.0,298.81,26.0,203.35,56.69999999999999,40.0,46.0,69.24286006513564,86,-6.0,-16.0,-0.07
07:41:45,175.0,12.0,229.08,24.0,174.0,36.0,230.67,24.0,202.04,54.08000000000001,48.0,48.0,57.56273099845013,96,0.0,10.0,0.0
07:41:46,174.22,23.0,223.71,58.0,173.17,87.0,225.79,28.0,198.96,49.49000000000001,110.0,86.0,8.800521575446954,196,24.0,100.0,0.12
07:41:47,174.0,30.0,221.65,63.0,173.0,120.0,223.14,42.0,197.83,47.650000000000006,150.0,105.0,2.9125160943594826,255,45.0,59.0,0.18
07:41:48,173.0,43.0,207.48,23.0,87.1,10.0,215.86,29.0,190.24,34.47999999999999,53.0,52.0,5.122033775747717,105,1.0,-150.0,0.01
07:41:49,173.59,66.0,192.15,40.0,168.18,17.0,197.0,52.0,182.87,18.560000000000002,83.0,92.0,7.764886992087955,175,-9.0,70.0,-0.05
07:41:50,174.76,102.0,187.58,24.0,174.5,36.0,190.25,24.0,181.17,12.820000000000022,138.0,48.0,8.219259699017485,186,90.0,11.0,0.48
07:41:51,176.99,82.0,184.3,23.0,175.54,78.0,186.1,20.0,180.65,7.310000000000002,160.0,43.0,7.384972579494758,203,117.0,17.0,0.58
07:41:52,177.85,104.0,181.06,33.0,175.85,81.0,197.54,37.0,179.45,3.210000000000008,185.0,70.0,4.296263492837231,255,115.0,52.0,0.45
07:41:53,176.0,102.0,179.69,32.0,173.0,16.0,247.5,20.0,177.84,3.6899999999999977,118.0,52.0,1.8849615380382874,170,66.0,-85.0,0.39
07:41:54,176.6,90.0,179.07,27.0,175.57,42.0,246.57,14.0,177.84,2.469999999999999,132.0,41.0,1.5463343751862844,173,91.0,3.0,0.53
07:41:55,177.4,50.0,281.0,7.0,176.36,44.0,478.0,14.0,229.2,103.6,94.0,21.0,22.505866568516996,115,73.0,-58.0,0.63
07:41:56,181.0,42.0,339.53,15.0,178.11,108.0,503.76,41.0,260.27,158.52999999999997,150.0,56.0,37.975368990964455,206,94.0,91.0,0.46
07:41:57,182.0,64.0,433.77,22.0,181.0,16.0,482.7,10.0,307.89,251.76999999999998,80.0,32.0,55.72981221931334,112,48.0,-94.0,0.43
07:41:58,182.59,34.0,405.1,29.0,181.93,86.0,439.04,26.0,293.85,222.51000000000002,120.0,55.0,52.31317377104878,175,65.0,63.0,0.37
07:41:59,182.0,66.0,445.37,35.0,181.0,22.0,524.16,19.0,313.69,263.37,88.0,54.0,35.60126964028067,142,34.0,-33.0,0.24
07:42:00,182.0,72.0,261.06,53.0,181.0,24.0,372.71,34.0,221.53,79.06,96.0,87.0,38.44206654174522,183,9.0,41.0,0.05
07:42:01,182.0,42.0,241.0,40.0,181.0,16.0,509.73,22.0,211.5,59.0,58.0,62.0,49.204693068852244,120,-4.0,-63.0,-0.03
07:42:02,181.5,36.0,240.31,65.0,180.15,53.0,492.0,52.0,210.9,58.81,89.0,117.0,49.498503310705615,206,-28.0,86.0,-0.14
07:42:03,181.0,20.0,238.0,50.0,180.0,50.0,276.59,34.0,209.5,57.0,70.0,84.0,45.12329808424819,154,-14.0,-52.0,-0.09
07:42:04,181.0,30.0,235.87,75.0,179.98,65.0,317.26,19.0,208.43,54.870000000000005,95.0,94.0,5.257943514330918,189,1.0,35.0,0.01
07:42:05,181.0,24.0,220.16,58.0,180.0,36.0,241.78,36.0,200.58,39.16,60.0,94.0,4.415475059366787,154,-34.0,-35.0,-0.22
07:42:06,180.91,23.0,217.0,60.0,179.3,40.0,450.0,24.0,198.96,36.09,63.0,84.0,5.490253181765619,147,-21.0,-7.0,-0.14
07:42:07,179.0,12.0,216.0,60.0,176.0,84.0,329.33,36.0,197.5,37.0,96.0,96.0,5.5714163369725505,192,0.0,45.0,0.0
07:42:08,180.83,23.0,216.0,55.0,175.92,51.0,298.25,24.0,198.41,35.16999999999999,74.0,79.0,4.422954894624438,153,-5.0,-39.0,-0.03
07:42:09,184.0,21.0,194.79,34.0,177.43,21.0,207.75,28.0,189.4,10.789999999999992,42.0,62.0,4.377544974055459,104,-20.0,-49.0,-0.19
07:42:10,184.0,21.0,190.14,35.0,181.0,21.0,192.0,28.0,187.07,6.139999999999986,42.0,63.0,5.592975058041588,105,-21.0,1.0,-0.2
07:42:11,184.0,24.0,190.0,40.0,181.0,24.0,344.88,25.0,187.0,6.0,48.0,65.0,5.64194381395922,113,-17.0,8.0,-0.15
07:42:12,183.19,27.0,190.0,50.0,179.9,29.0,399.0,30.0,186.59,6.810000000000002,56.0,80.0,4.995821253795052,136,-24.0,23.0,-0.18
07:42:13,176.23,35.0,189.5,60.0,175.12,25.0,399.0,36.0,182.86,13.27000000000001,60.0,96.0,2.356232161707948,156,-36.0,20.0,-0.23
07:42:14,176.0,18.0,189.0,30.0,175.0,12.0,217.0,18.0,182.5,13.0,30.0,48.0,2.3148714866845923,78,-18.0,-78.0,-0.23
07:42:15,176.0,33.0,186.94,31.0,175.0,22.0,201.45,40.0,181.47,10.939999999999998,55.0,71.0,2.530974120741674,126,-16.0,48.0,-0.13
07:42:16,176.0,20.0,181.47,38.0,175.0,28.0,187.62,47.0,178.74,5.469999999999999,48.0,85.0,2.8298886903661504,133,-37.0,7.0,-0.28
07:42:17,174.23,69.0,176.69,26.0,173.69,85.0,181.15,26.0,175.46,2.460000000000008,154.0,52.0,3.1055402106332095,206,102.0,73.0,0.5
07:42:18,174.0,70.0,179.0,20.0,172.0,24.0,261.0,22.0,176.5,5.0,94.0,42.0,3.0487013628524444,136,52.0,-70.0,0.38
07:42:19,174.0,51.0,184.17,48.0,172.0,36.0,291.58,57.0,179.08,10.169999999999987,87.0,105.0,2.352870587146181,192,-18.0,56.0,-0.09
07:42:20,176.65,23.0,184.0,52.0,173.85,39.0,529.43,53.0,180.33,7.349999999999994,62.0,105.0,1.9901055248044957,167,-43.0,-25.0,-0.26
07:42:21,176.73,11.0,182.91,44.0,174.57,21.0,613.0,22.0,179.82,6.180000000000007,32.0,66.0,2.140448551088669,98,-34.0,-69.0,-0.35
07:42:22,179.38,16.0,181.19,63.0,177.0,18.0,265.58,62.0,180.28,1.8100000000000023,34.0,125.0,1.5915464177517933,159,-91.0,61.0,-0.57
07:42:23,176.31,35.0,180.38,39.0,157.11,37.0,254.32,59.0,178.35,4.069999999999993,72.0,98.0,0.847449113433329,170,-26.0,11.0,-0.15
07:42:24,175.5,24.0,210.64,22.0,154.04,28.0,313.79,19.0,193.07,35.139999999999986,52.0,41.0,6.034952361026707,93,11.0,-77.0,0.12
07:42:25,171.0,18.0,338.21,24.0,118.31,26.0,457.62,21.0,254.6,167.20999999999998,44.0,45.0,32.617048149700445,89,-1.0,-4.0,-0.01
07:42:26,171.75,24.0,288.48,42.0,162.43,21.0,460.5,24.0,230.11,116.73000000000002,45.0,66.0,33.64617467112551,111,-21.0,22.0,-0.19
07:42:27,172.86,42.0,363.78,18.0,171.0,7.0,526.1,29.0,268.32,190.91999999999996,49.0,47.0,38.64770821148268,96,2.0,-15.0,0.02
07:42:28,173.0,30.0,424.77,22.0,171.0,5.0,585.23,13.0,298.89,251.76999999999998,35.0,35.0,39.9331675427824,70,0.0,-26.0,0.0
07:42:29,173.68,75.0,264.19,62.0,172.06,17.0,504.31,29.0,218.94,90.50999999999999,92.0,91.0,31.703005693465954,183,1.0,113.0,0.01
07:42:30,177.0,5.0,381.85,13.0,176.0,30.0,593.45,22.0,279.42,204.85000000000002,35.0,35.0,33.66895498823716,70,0.0,-113.0,0.0
07:42:32,181.0,27.0,438.12,26.0,180.0,18.0,635.22,18.0,309.56,257.12,45.0,44.0,86.14613328524966,89,1.0,-34.0,0.01
07:42:33,181.0,12.0,390.8,5.0,180.0,8.0,510.43,7.0,285.9,209.8,20.0,12.0,86.82951848305964,32,8.0,-57.0,0.25
07:42:35,182.18,11.0,238.92,25.0,181.04,28.0,260.75,16.0,210.55,56.73999999999998,39.0,41.0,87.96226452291918,80,-2.0,7.0,-0.03
07:42:36,180.36,11.0,238.78,23.0,179.8,15.0,254.71,14.0,209.57,58.41999999999999,26.0,37.0,56.397144697226864,63,-11.0,-17.0,-0.17
07:42:37,176.0,48.0,221.0,18.0,172.83,82.0,238.08,39.0,198.5,45.0,130.0,57.0,58.41877549213026,187,73.0,124.0,0.39
07:42:38,173.9,80.0,223.24,37.0,172.91,94.0,224.46,13.0,198.57,49.34,174.0,50.0,56.95640236180564,224,124.0,37.0,0.55
07:42:39,173.0,168.0,222.0,30.0,166.0,28.0,223.0,30.0,197.5,49.0,196.0,60.0,6.524436374114342,256,136.0,32.0,0.53
07:42:40,173.0,126.0,218.22,9.0,171.0,27.0,220.91,33.0,195.61,45.22,153.0,42.0,5.508842891194347,195,111.0,-61.0,0.57
07:42:41,173.0,126.0,203.0,11.0,171.0,27.0,213.78,9.0,188.0,30.0,153.0,20.0,4.432677520399747,173,133.0,-22.0,0.77
07:42:42,173.16,50.0,184.87,15.0,172.85,123.0,186.07,29.0,179.01,11.710000000000008,173.0,44.0,8.228667571353979,217,129.0,44.0,0.59
07:42:43,174.0,14.0,179.15,27.0,173.0,200.0,179.93,42.0,176.57,5.150000000000006,214.0,69.0,9.452987358494,283,145.0,66.0,0.51
07:42:44,173.02,88.0,174.41,17.0,172.54,52.0,326.48,23.0,173.72,1.3899999999999864,140.0,40.0,9.034958217935573,180,100.0,-103.0,0.56
07:42:45,173.0,42.0,174.0,10.0,172.0,15.0,531.25,8.0,173.5,1.0,57.0,18.0,5.947802115053597,75,39.0,-105.0,0.52
07:42:46,173.0,104.0,174.0,26.0,172.0,39.0,376.05,38.0,173.5,1.0,143.0,64.0,2.467052897655928,207,79.0,132.0,0.38
07:42:47,173.0,44.0,203.08,13.0,172.0,21.0,317.11,19.0,188.04,30.080000000000013,65.0,32.0,6.271027029110514,97,33.0,-110.0,0.34
07:42:48,173.1,61.0,258.8,30.0,159.03,34.0,364.75,24.0,215.95,85.70000000000002,95.0,54.0,18.431397668105472,149,41.0,52.0,0.28
07:42:49,174.83,72.0,448.03,29.0,173.0,77.0,589.47,30.0,311.43,273.19999999999993,149.0,59.0,57.96407879022902,208,90.0,59.0,0.43
07:42:50,175.36,59.0,367.0,11.0,174.27,41.0,651.12,32.0,271.18,191.64,100.0,43.0,58.00114093705313,143,57.0,-65.0,0.4
07:42:51,175.97,29.0,358.43,7.0,173.62,21.0,458.14,21.0,267.2,182.46,50.0,28.0,48.76892812026857,78,22.0,-65.0,0.28
07:42:52,184.0,36.0,275.95,22.0,179.4,20.0,484.94,32.0,229.98,91.94999999999999,56.0,54.0,37.61598955231581,110,2.0,32.0,0.02
07:42:53,182.25,32.0,186.0,36.0,179.5,16.0,465.69,32.0,184.12,3.75,48.0,68.0,48.011338452493966,116,-20.0,6.0,-0.17
07:42:54,176.91,22.0,378.33,15.0,175.8,25.0,476.33,24.0,277.62,201.42,47.0,39.0,39.27171246584389,86,8.0,-30.0,0.09
07:42:55,176.0,14.0,268.0,7.0,175.0,35.0,390.0,14.0,222.0,92.0,49.0,21.0,37.514230366620986,70,28.0,-16.0,0.4
07:42:56,179.16,57.0,267.64,11.0,175.25,40.0,334.78,23.0,223.4,88.47999999999999,97.0,34.0,33.34299146747182,131,63.0,61.0,0.48
07:42:57,180.0,90.0,265.3,10.0,176.0,20.0,268.0,10.0,222.65,85.30000000000001,110.0,20.0,33.36364968045159,130,90.0,-1.0,0.69
07:42:58,180.21,68.0,251.39,28.0,179.27,77.0,266.12,16.0,215.8,71.17999999999998,145.0,44.0,25.517517120595873,189,101.0,59.0,0.53
07:42:59,180.0,66.0,256.21,39.0,176.0,22.0,262.79,34.0,218.1,76.20999999999998,88.0,73.0,3.2814630883025298,161,15.0,-28.0,0.09
07:43:00,180.0,60.0,217.35,31.0,176.0,20.0,237.75,24.0,198.68,37.349999999999994,80.0,55.0,10.03792209572716,135,25.0,-26.0,0.19
07:43:01,180.0,54.0,203.48,29.0,176.0,18.0,204.53,34.0,191.74,23.47999999999999,72.0,63.0,13.407146601715136,135,9.0,0.0,0.07
07:43:02,180.0,78.0,202.91,43.0,177.0,28.0,203.95,55.0,191.45,22.909999999999997,106.0,98.0,12.94781757671446,204,8.0,69.0,0.04
07:43:03,180.0,52.0,198.93,40.0,177.0,26.0,202.44,27.0,189.46,18.930000000000007,78.0,67.0,11.826127007599354,145,11.0,-59.0,0.08
07:43:04,180.8,15.0,195.54,39.0,179.84,38.0,197.0,52.0,188.17,14.73999999999998,53.0,91.0,4.063957430862836,144,-38.0,-1.0,-0.26
07:43:05,181.0,12.0,191.86,29.0,180.0,36.0,193.16,31.0,186.43,10.860000000000014,48.0,60.0,2.236235676278953,108,-12.0,-36.0,-0.11
07:43:06,181.0,9.0,187.43,28.0,180.0,27.0,188.0,26.0,184.21,6.430000000000007,36.0,54.0,2.778323235309602,90,-18.0,-18.0,-0.2
07:43:07,180.32,28.0,183.54,46.0,179.36,66.0,184.45,53.0,181.93,3.219999999999999,94.0,99.0,3.0259874421185673,193,-5.0,103.0,-0.03
07:43:08,180.0,20.0,181.7,20.0,179.0,60.0,183.0,30.0,180.85,1.6999999999999886,80.0,50.0,3.043011666073186,130,30.0,-63.0,0.23
07:43:09,179.04,57.0,181.05,20.0,177.38,32.0,195.93,42.0,180.04,2.0100000000000193,89.0,62.0,2.611689108576258,151,27.0,21.0,0.18
07:43:10,179.0,19.0,181.36,11.0,176.18,22.0,253.82,33.0,180.18,2.3600000000000136,41.0,44.0,1.7181879989845488,85,-3.0,-66.0,-0.04
07:43:11,177.19,21.0,183.0,11.0,175.86,14.0,276.0,33.0,180.1,5.810000000000002,35.0,44.0,0.8014674041117739,79,-9.0,-6.0,-0.11
07:43:12,179.07,28.0,183.0,14.0,177.55,33.0,265.08,38.0,181.04,3.930000000000007,61.0,52.0,0.4667119024124739,113,9.0,34.0,0.08
07:43:13,179.74,23.0,311.41,27.0,177.9,20.0,320.27,33.0,245.57,131.67000000000002,43.0,60.0,29.17458448718451,103,-17.0,-10.0,-0.17
07:43:14,180.33,9.0,348.2,15.0,179.82,11.0,409.0,10.0,264.27,167.86999999999998,20.0,25.0,41.32829744859912,45,-5.0,-58.0,-0.11
07:43:15,179.73,11.0,296.0,33.0,179.2,25.0,497.5,24.0,237.86,116.27000000000001,36.0,57.0,38.81655535979329,93,-21.0,48.0,-0.23
07:43:16,176.0,7.0,337.88,16.0,175.0,7.0,449.05,19.0,256.94,161.88,14.0,35.0,32.96539898135488,49,-21.0,-44.0,-0.43
07:43:17,176.0,7.0,333.0,15.0,175.0,7.0,461.1,20.0,254.5,157.0,14.0,35.0,10.275493662103495,49,-21.0,0.0,-0.43
07:43:18,175.2,10.0,213.0,30.0,174.11,18.0,411.0,20.0,194.1,37.80000000000001,28.0,50.0,28.221757209640902,78,-22.0,29.0,-0.28
07:43:19,180.0,48.0,230.5,18.0,176.0,6.0,534.67,12.0,205.25,50.5,54.0,30.0,28.674035293273697,84,24.0,6.0,0.29
07:43:20,180.0,33.0,354.0,13.0,176.0,6.0,627.41,17.0,267.0,174.0,39.0,30.0,33.323900131886,69,9.0,-15.0,0.13
07:43:21,180.0,27.0,238.0,22.0,176.0,11.0,516.82,33.0,209.0,58.0,38.0,55.0,32.520831785178885,93,-17.0,24.0,-0.18
07:43:22,180.0,18.0,238.0,18.0,176.0,9.0,594.0,27.0,209.0,58.0,27.0,45.0,28.680951867047433,72,-18.0,-21.0,-0.25
07:43:23,174.73,11.0,308.33,24.0,171.83,58.0,526.26,31.0,241.53,133.6,69.0,55.0,27.06524394864937,124,14.0,52.0,0.11
07:43:24,171.0,140.0,237.0,20.0,122.88,25.0,419.8,30.0,204.0,66.0,165.0,50.0,27.313571351983637,215,115.0,91.0,0.53
07:43:25,171.0,56.0,476.5,12.0,129.18,11.0,532.67,9.0,323.75,305.5,67.0,21.0,50.502583399266946,88,46.0,-127.0,0.52
07:43:26,172.64,75.0,440.21,28.0,166.5,100.0,595.4,30.0,306.43,267.57,175.0,58.0,55.34255026649868,233,117.0,145.0,0.5
07:43:28,180.0,56.0,457.27,22.0,176.0,16.0,599.12,16.0,318.64,277.27,72.0,38.0,71.81922354077625,110,34.0,5.0,0.31
07:43:29,180.0,44.0,403.26,19.0,176.0,18.0,477.77,13.0,291.63,223.26,62.0,32.0,44.451014386625715,94,30.0,-16.0,0.32
07:43:30,180.0,116.0,218.38,13.0,176.0,22.0,260.44,25.0,199.19,38.379999999999995,138.0,38.0,73.61118474797145,176,100.0,82.0,0.57
07:43:31,180.18,142.0,202.75,40.0,179.36,100.0,219.47,17.0,191.47,22.569999999999993,242.0,57.0,89.1003625132915,299,185.0,123.0,0.62
07:43:32,182.0,26.0,201.08,26.0,180.3,86.0,392.62,13.0,191.54,19.080000000000013,112.0,39.0,61.65945774980445,151,73.0,-148.0,0.48
07:43:33,183.0,24.0,197.83,24.0,182.0,24.0,240.55,22.0,190.42,14.830000000000013,48.0,46.0,44.179207213347496,94,2.0,-57.0,0.02
07:43:34,183.0,22.0,192.91,22.0,182.0,22.0,194.55,22.0,187.95,9.909999999999997,44.0,44.0,4.213742991673175,88,0.0,-6.0,0.0
07:43:35,183.0,20.0,190.5,20.0,182.0,20.0,194.0,20.0,186.75,7.5,40.0,40.0,2.166478709766644,80,0.0,-8.0,0.0
07:43:36,183.0,24.0,188.0,24.0,182.0,24.0,190.0,24.0,185.5,5.0,48.0,48.0,2.513457777618495,96,0.0,16.0,0.0
07:43:37,183.46,26.0,187.0,20.0,182.3,20.0,190.0,20.0,185.23,3.539999999999992,46.0,40.0,2.1154077620803133,86,6.0,-10.0,0.07
07:43:38,184.0,38.0,185.73,22.0,183.0,22.0,207.52,25.0,184.86,1.7299999999999898,60.0,47.0,1.2738406493233496,107,13.0,21.0,0.12
07:43:39,183.23,13.0,184.57,14.0,182.29,14.0,299.43,21.0,183.9,1.3400000000000034,27.0,35.0,1.0353115472492913,62,-8.0,-45.0,-0.13
07:43:40,181.44,36.0,343.85,20.0,179.94,159.0,480.0,36.0,262.65,162.41000000000003,195.0,56.0,34.78842867966132,251,139.0,161.5,0.55
07:43:41,180.0,60.0,246.0,6.0,177.0,18.0,487.17,18.0,213.0,66.0,78.0,24.0,34.00330528051482,102,54.0,-149.0,0.53
07:43:42,180.09,88.0,205.58,24.0,178.36,44.0,374.33,24.0,192.84,25.49000000000001,132.0,48.0,33.000777263571976,180,84.0,78.0,0.47
07:43:43,181.0,28.0,193.86,28.0,180.0,70.0,210.72,25.0,187.43,12.860000000000014,98.0,53.0,32.57827696487169,151,45.0,-29.0,0.3
07:43:44,181.0,40.0,192.5,40.0,180.0,100.0,224.53,19.0,186.75,11.5,140.0,59.0,32.07300157453135,199,81.0,48.0,0.41
07:43:45,181.0,40.0,191.5,40.0,180.0,100.0,234.0,10.0,186.25,10.5,140.0,50.0,11.35069293038426,190,90.0,-9.0,0.47
07:43:46,181.0,19.0,189.22,36.0,180.0,100.0,211.5,16.0,185.11,8.219999999999999,119.0,52.0,3.008434808977834,171,67.0,-19.0,0.39
07:43:47,180.02,82.0,186.81,32.0,178.8,50.0,188.6,40.0,183.42,6.789999999999992,132.0,72.0,1.5733785303821664,204,60.0,33.0,0.29
07:43:48,180.0,96.0,184.82,34.0,178.0,36.0,185.53,38.0,182.41,4.819999999999993,132.0,72.0,1.8450528447354828,204,60.0,0.0,0.29
07:43:49,180.0,65.0,183.73,30.0,178.0,59.0,237.22,54.0,181.87,3.7299999999999898,124.0,84.0,1.8384286768502804,208,40.0,4.0,0.19
07:43:50,180.69,39.0,257.55,53.0,179.38,39.0,483.34,62.0,219.12,76.86000000000001,78.0,115.0,16.110112662544374,193,-37.0,-15.0,-0.19
07:43:51,180.0,21.0,266.4,25.0,178.0,21.0,325.65,31.0,223.2,86.39999999999998,42.0,56.0,21.194903396804634,98,-14.0,-95.0,-0.14
07:43:52,180.0,32.0,265.38,39.0,177.77,39.0,267.0,65.0,222.69,85.38,71.0,104.0,21.709299159574197,175,-33.0,77.0,-0.19
07:43:53,180.0,20.0,264.7,30.0,177.21,34.0,404.17,35.0,222.35,84.69999999999999,54.0,65.0,17.94652696205863,119,-11.0,-56.0,-0.09
07:43:54,180.0,16.0,263.75,24.0,178.0,56.0,348.12,24.0,221.88,83.75,72.0,48.0,1.5993654991608433,120,24.0,1.0,0.2
07:43:55,180.0,12.0,261.7,30.0,178.0,63.0,296.1,29.0,220.85,81.69999999999999,75.0,59.0,0.8926533481180718,134,16.0,14.0,0.12
07:43:56,180.0,12.0,259.82,44.0,178.0,84.0,260.85,40.0,219.91,79.82,96.0,84.0,1.1431447851893919,180,12.0,46.0,0.07
07:43:57,180.0,15.0,255.27,45.0,178.0,105.0,259.0,60.0,217.63,75.27000000000001,120.0,105.0,1.8729335278927088,225,15.0,45.0,0.07
07:43:58,180.0,8.0,186.75,24.0,178.0,56.0,236.5,24.0,183.38,6.75,64.0,48.0,16.482125166370288,112,16.0,-113.0,0.14
07:43:59,179.1,29.0,218.05,41.0,177.95,64.0,229.0,33.0,198.58,38.95000000000002,93.0,74.0,16.542096300042868,167,19.0,55.0,0.11
07:44:00,179.22,69.0,207.08,60.0,178.45,66.0,210.85,62.0,193.15,27.860000000000014,135.0,122.0,15.81442221517708,257,13.0,90.0,0.05
07:44:01,179.93,80.0,181.0,70.0,178.0,56.0,199.13,52.0,180.46,1.0699999999999932,136.0,122.0,14.78296147596544,258,14.0,1.0,0.05
07:44:02,178.75,40.0,181.0,55.0,177.69,49.0,215.0,33.0,179.88,2.25,89.0,88.0,8.343392595333777,177,1.0,-81.0,0.01
07:44:03,180.0,43.0,183.12,48.0,177.84,38.0,222.27,33.0,181.56,3.1200000000000045,81.0,81.0,8.58200326263455,162,0.0,-15.0,0.0
07:44:04,178.44,16.0,248.07,44.0,176.83,47.0,348.71,58.0,213.25,69.63,63.0,102.0,14.270306583948122,165,-39.0,3.0,-0.24
07:44:05,178.0,4.0,384.88,16.0,177.0,12.0,520.62,16.0,281.44,206.88,16.0,32.0,43.780503880150725,48,-16.0,-117.0,-0.33
07:44:06,178.77,13.0,413.34,41.0,177.0,39.0,504.89,45.0,296.06,234.56999999999996,52.0,86.0,55.10909289763276,138,-34.0,90.0,-0.25
07:44:07,176.04,92.0,220.42,26.0,175.07,42.0,290.94,62.0,198.23,44.379999999999995,134.0,88.0,51.385668916536666,222,46.0,84.0,0.21
07:44:08,176.0,70.0,217.7,10.0,174.0,30.0,252.89,18.0,196.85,41.69999999999999,100.0,28.0,47.807053140723134,128,72.0,-94.0,0.56
07:44:09,176.0,65.0,195.66,32.0,174.0,30.0,201.9,20.0,185.83,19.659999999999997,95.0,52.0,52.57160802182028,147,43.0,19.0,0.29
07:44:10,176.0,24.0,190.0,12.0,174.0,36.0,191.0,60.0,183.0,14.0,60.0,72.0,47.463374616644096,132,-12.0,-15.0,-0.09
07:44:11,176.97,147.0,189.31,13.0,175.57,28.0,190.69,29.0,183.14,12.340000000000003,175.0,42.0,7.522689013901057,217,133.0,85.0,0.61
07:44:12,179.5,42.0,187.64,14.0,177.08,149.0,188.64,14.0,183.57,8.139999999999986,191.0,28.0,5.909599817235015,219,163.0,2.0,0.74
07:44:13,177.3,113.0,185.36,11.0,175.86,79.0,188.0,11.0,181.33,8.060000000000002,192.0,22.0,1.6157753556296777,214,170.0,-5.0,0.79
07:44:14,178.35,77.0,184.75,16.0,177.41,154.0,187.25,16.0,181.55,6.400000000000006,231.0,32.0,1.009242289967624,263,199.0,49.0,0.76
07:44:15,179.98,153.0,183.13,15.0,178.86,49.0,184.27,15.0,181.56,3.1500000000000057,202.0,30.0,1.0422331792160144,232,172.0,-31.0,0.74
07:44:16,180.34,58.0,183.31,16.0,179.74,70.0,327.03,37.0,181.83,2.969999999999999,128.0,53.0,0.9129183971518944,181,75.0,-51.0,0.41
07:44:17,180.83,23.0,183.0,9.0,178.2,50.0,344.67,24.0,181.91,2.1699999999999875,73.0,33.0,0.23426480712636677,106,40.0,-75.0,0.38
07:44:18,178.0,6.0,179.19,21.0,177.0,78.0,214.56,9.0,178.6,1.1899999999999977,84.0,30.0,1.4011245483029924,114,54.0,8.0,0.47
07:44:19,177.01,131.0,211.21,38.0,176.25,53.0,497.29,21.0,194.11,34.20000000000002,184.0,59.0,6.033462521625582,243,125.0,129.0,0.51
07:44:20,177.0,130.0,353.83,24.0,176.0,40.0,399.0,26.0,265.42,176.82999999999998,170.0,50.0,36.841301958534025,220,120.0,-23.0,0.55
07:44:21,177.0,180.0,330.64,47.0,176.0,60.0,392.69,32.0,253.82,153.64,240.0,79.0,41.54879384530797,319,161.0,99.0,0.5
07:44:22,180.79,24.0,332.77,39.0,176.97,147.0,370.03,38.0,256.78,151.98,171.0,77.0,40.214632660263355,248,94.0,-71.0,0.38
07:44:23,177.11,64.0,309.5,24.0,176.16,67.0,311.47,17.0,243.3,132.39,131.0,41.0,28.281824198589753,172,90.0,-76.0,0.52
07:44:24,177.0,54.0,305.71,17.0,176.0,48.0,308.5,18.0,241.35,128.70999999999998,102.0,35.0,9.940823909513238,137,67.0,-35.0,0.49
07:44:25,178.0,9.0,288.27,26.0,177.0,81.0,295.25,20.0,233.13,110.26999999999998,90.0,46.0,9.635680048649473,136,44.0,-1.0,0.32
07:44:26,177.18,34.0,287.0,30.0,176.63,86.0,305.48,27.0,232.09,109.82,120.0,57.0,9.939836517767079,177,63.0,41.0,0.36
07:44:27,177.0,49.0,287.0,21.0,176.0,29.0,303.33,18.0,232.0,110.0,78.0,39.0,5.494044957945834,117,39.0,-60.0,0.33
07:44:28,178.82,71.0,276.48,31.0,176.93,75.0,303.82,33.0,227.65,97.66000000000003,146.0,64.0,4.997307274915778,210,82.0,93.0,0.39
07:44:29,180.73,55.0,283.55,33.0,177.0,77.0,308.0,33.0,232.14,102.82000000000002,132.0,66.0,2.1470374938328325,198,66.0,-12.0,0.33
07:44:30,181.0,40.0,281.75,24.0,177.0,56.0,289.25,24.0,231.38,100.75,96.0,48.0,1.9262061156386048,144,48.0,-54.0,0.33
07:44:31,181.0,55.0,280.4,30.0,177.0,77.0,281.73,33.0,230.7,99.39999999999998,132.0,63.0,1.8371935118335307,195,69.0,51.0,0.35
07:44:32,181.0,40.0,277.04,23.0,177.0,56.0,290.6,20.0,229.02,96.04000000000002,96.0,43.0,1.8233540522680995,139,53.0,-56.0,0.38
07:44:33,181.0,35.0,266.39,18.0,177.0,49.0,273.59,22.0,223.69,85.38999999999999,84.0,40.0,3.386204364760275,124,44.0,-15.0,0.35
07:44:34,180.92,24.0,264.81,26.0,177.9,40.0,265.92,38.0,222.86,83.89000000000001,64.0,64.0,3.988922160173005,128,0.0,4.0,0.0
07:44:35,180.0,10.0,262.33,48.0,177.0,70.0,264.71,34.0,221.17,82.32999999999998,80.0,82.0,4.135948500636444,162,-2.0,34.0,-0.01
07:44:36,180.0,12.0,262.56,54.0,177.0,84.0,299.54,48.0,221.28,82.56,96.0,102.0,3.210113705137972,198,-6.0,36.0,-0.03
07:44:37,182.53,19.0,258.18,39.0,177.23,53.0,261.12,40.0,220.35,75.65,72.0,79.0,1.3639098210338374,151,-7.0,-47.0,-0.05
07:44:38,184.0,33.0,252.33,39.0,181.93,56.0,258.57,40.0,218.17,68.33000000000001,89.0,79.0,1.7120543215421746,168,10.0,17.0,0.06
07:44:39,182.0,60.0,253.77,61.0,180.0,14.0,255.62,37.0,217.89,71.77000000000001,74.0,98.0,1.6333156461351885,172,-24.0,4.0,-0.14
07:44:40,178.02,44.0,252.38,26.0,176.12,101.0,253.18,44.0,215.2,74.35999999999999,145.0,70.0,2.3712591591617707,215,75.0,43.0,0.35
07:44:41,177.0,65.0,251.03,62.0,176.0,182.0,252.17,29.0,214.02,74.03,247.0,91.0,2.521136648400248,338,156.0,123.0,0.46
07:44:42,177.62,68.0,248.27,64.0,176.05,147.0,249.51,67.0,212.94,70.65,215.0,131.0,2.3222467568940797,346,84.0,8.0,0.24
07:44:43,180.46,117.0,240.77,56.0,178.16,31.0,241.44,50.0,210.61,60.31,148.0,106.0,2.697270842889774,254,42.0,-92.0,0.17
07:44:44,184.0,147.0,234.56,34.0,179.0,84.0,236.07,40.0,209.28,50.56,231.0,74.0,2.43382415139249,305,157.0,51.0,0.51
07:44:45,184.0,54.0,230.97,30.0,181.33,54.0,231.48,33.0,207.48,46.97,108.0,63.0,2.659657872715902,171,45.0,-134.0,0.26
07:44:46,184.0,74.0,227.2,30.0,182.73,90.0,229.67,45.0,205.6,43.19999999999999,164.0,75.0,2.8239546738391206,239,89.0,68.0,0.37
07:44:47,184.0,32.0,225.0,19.0,183.0,48.0,226.09,22.0,204.5,41.0,80.0,41.0,2.5224353311623133,121,39.0,-118.0,0.32
07:44:48,183.21,38.0,218.79,34.0,182.18,66.0,220.75,28.0,201.0,35.579999999999984,104.0,62.0,3.140178338867672,166,42.0,45.0,0.25
07:44:49,183.0,30.0,212.75,32.0,182.0,60.0,214.42,38.0,197.88,29.75,90.0,70.0,3.8362898743305593,160,20.0,-6.0,0.12
07:44:50,183.0,42.0,209.02,55.0,182.0,84.0,210.29,58.0,196.01,26.02000000000001,126.0,113.0,4.124453903232356,239,13.0,79.0,0.05
07:44:51,182.69,39.0,205.04,52.0,181.82,66.0,206.52,25.0,193.87,22.349999999999994,105.0,77.0,4.187955348363436,182,28.0,-57.0,0.15
07:44:52,182.03,58.0,200.23,65.0,181.05,88.0,200.81,77.0,191.13,18.19999999999999,146.0,142.0,3.767820324787644,288,4.0,106.0,0.01
07:44:53,181.57,35.0,194.67,63.0,178.94,85.0,196.25,57.0,188.12,13.099999999999994,120.0,120.0,3.8773276879675813,240,0.0,-48.0,0.0
07:44:54,181.0,39.0,189.02,44.0,178.0,169.0,189.76,41.0,185.01,8.02000000000001,208.0,85.0,4.398308765864135,293,123.0,53.0,0.42
