Time,Bid1_Price,Bid1_Volume,Ask1_Price,Ask1_Volume,Bid2_Price,Bid2_Volume,Ask2_Price,Ask2_Volume,Mid-Price,Bid_Ask_Spread,Market_Depth_Bid,Market_Depth_Ask,Historical_Volatility,Total_volume,Cumulative_Volume_Difference,Total_Volume_Change_Corrected,Order_imbalance
07:30:04,169.0,4.0,200.0,20.0,163.77,26.0,534.25,16.0,184.5,31.0,30.0,36.0,96.62344834459181,66,-6.0,-39.0,-0.09
07:30:05,169.0,6.0,198.83,29.0,165.0,30.0,406.56,25.0,183.91,29.830000000000013,36.0,54.0,70.21509025843378,90,-18.0,24.0,-0.2
07:30:06,169.0,8.0,191.67,30.0,165.0,40.0,194.12,25.0,180.33,22.669999999999987,48.0,55.0,52.707130257679566,103,-7.0,13.0,-0.07
07:30:07,165.36,44.0,184.21,58.0,163.4,100.0,185.44,55.0,174.79,18.849999999999994,144.0,113.0,39.03319510365506,257,31.0,154.0,0.12
07:30:08,165.0,64.0,177.49,65.0,163.0,128.0,179.25,59.0,171.25,12.490000000000009,192.0,124.0,5.785843067349954,316,68.0,59.0,0.22
07:30:09,165.0,28.0,172.86,28.0,163.0,56.0,174.0,35.0,168.93,7.860000000000014,84.0,63.0,6.229038449070726,147,21.0,-168.0,0.14
07:30:10,163.22,108.0,171.14,58.0,162.32,76.0,173.84,99.0,167.18,7.9199999999999875,184.0,157.0,5.224048238674803,341,27.0,168.0,0.08
07:30:11,163.0,87.0,167.12,34.0,162.0,33.0,168.77,43.0,165.06,4.1200000000000045,120.0,77.0,3.7566833776618798,197,43.0,-144.0,0.22
07:30:12,163.0,43.0,164.57,21.0,162.0,27.0,165.94,34.0,163.79,1.5699999999999932,70.0,55.0,2.983063861200586,125,15.0,-72.0,0.12
07:30:13,162.0,33.0,163.29,34.0,160.0,11.0,165.25,32.0,162.65,1.289999999999992,44.0,66.0,2.5409191250413254,110,-22.0,-15.0,-0.2
07:30:14,160.5,12.0,166.42,43.0,150.62,48.0,169.5,60.0,163.46,5.9199999999999875,60.0,103.0,1.7662304492904273,163,-43.0,53.0,-0.26
07:30:15,160.0,12.0,164.5,36.0,150.0,60.0,166.0,36.0,162.25,4.5,72.0,72.0,1.0940155391951987,144,0.0,-19.0,0.0
07:30:16,161.0,36.0,163.18,33.0,151.43,35.0,164.36,33.0,162.09,2.180000000000007,71.0,66.0,0.7472081370009866,137,5.0,-7.0,0.04
07:30:17,164.17,116.0,167.6,86.0,164.75,77.0,169.36,96.0,165.89,3.430000000000007,193.0,182.0,1.5586596806232265,375,11.0,168.0,0.03
07:30:18,167.0,109.0,169.0,85.0,165.58,67.0,205.69,65.0,168.0,2.0,176.0,150.0,2.5496607617486275,326,26.0,-49.0,0.08
07:30:19,167.0,104.0,169.0,40.0,162.0,8.0,170.0,40.0,168.0,2.0,112.0,80.0,2.9376912703687386,192,32.0,-134.0,0.17
07:30:20,167.0,91.0,169.0,35.0,162.0,7.0,170.0,35.0,168.0,2.0,98.0,70.0,2.574690272634909,168,28.0,-24.0,0.17
07:30:21,167.0,104.0,169.0,40.0,162.0,8.0,170.0,40.0,168.0,2.0,112.0,80.0,0.9436206865054216,192,32.0,24.0,0.17
07:30:22,166.89,137.0,168.53,85.0,160.8,40.0,169.79,120.0,167.71,1.6400000000000148,177.0,205.0,0.1296919426988227,382,-28.0,168.0,-0.07
07:30:23,164.31,13.0,168.0,52.0,160.19,62.0,170.0,130.0,166.15,3.6899999999999977,75.0,182.0,0.8047794728998499,257,-107.0,-125.0,-0.42
07:30:24,166.38,8.0,168.53,38.0,161.78,9.0,170.44,72.0,167.45,2.1500000000000057,17.0,110.0,0.7684204578230294,127,-93.0,-130.0,-0.73
07:30:25,162.0,11.0,168.8,60.0,161.0,22.0,171.04,45.0,165.4,6.800000000000011,33.0,105.0,1.1149304911073739,138,-72.0,11.0,-0.52
07:30:26,161.05,73.0,164.45,67.0,159.8,92.0,167.32,99.0,162.75,3.3999999999999773,165.0,166.0,1.9945726359300378,331,-1.0,168.0,-0.0
07:30:27,160.0,33.0,162.44,45.0,157.0,26.0,165.88,58.0,161.22,2.4399999999999977,59.0,103.0,2.550084312331826,162,-44.0,-168.0,-0.27
07:30:28,158.29,21.0,160.67,75.0,154.6,30.0,165.33,39.0,159.48,2.3799999999999955,51.0,114.0,3.195535948788695,165,-63.0,3.0,-0.38
07:30:29,157.92,24.0,160.0,60.0,156.4,20.0,166.0,60.0,158.96,2.0800000000000125,44.0,120.0,2.6155152456066504,164,-76.0,-1.0,-0.46
07:30:30,158.29,28.0,163.0,70.0,157.0,14.0,166.35,54.0,160.64,4.710000000000008,42.0,124.0,1.4959946523971104,166,-82.0,2.0,-0.49
07:30:31,159.91,89.0,165.86,57.0,158.36,22.0,166.89,87.0,162.88,5.950000000000017,111.0,144.0,1.5428804231050315,255,-33.0,89.0,-0.13
07:30:32,160.17,87.0,165.71,56.0,158.15,71.0,166.69,64.0,162.94,5.5400000000000205,158.0,120.0,1.8639742487493798,278,38.0,23.0,0.14
07:30:33,161.22,37.0,166.0,141.0,159.39,67.0,311.0,47.0,163.61,4.780000000000001,104.0,188.0,1.9463504309350288,292,-84.0,14.0,-0.29
07:30:34,162.0,34.0,166.0,108.0,158.86,35.0,548.18,22.0,164.0,4.0,69.0,130.0,1.3025666969492145,199,-61.0,-93.0,-0.31
07:30:35,162.0,36.0,166.0,72.0,156.0,18.0,360.67,12.0,164.0,4.0,54.0,84.0,0.549799963624325,138,-30.0,-61.0,-0.22
07:30:36,162.92,24.0,165.91,171.0,161.44,50.0,235.85,52.0,164.41,2.990000000000009,74.0,223.0,0.5539584822000206,297,-149.0,159.0,-0.5
07:30:37,162.0,52.0,165.25,63.0,156.54,39.0,178.25,111.0,163.63,3.25,91.0,174.0,0.328861673050188,265,-83.0,-32.0,-0.31
07:30:38,162.0,20.0,167.0,20.0,157.0,15.0,320.0,10.0,164.5,5.0,35.0,30.0,0.3523776383390331,65,5.0,-168.0,0.08
07:30:39,162.0,32.0,167.0,32.0,157.0,24.0,210.0,16.0,164.5,5.0,56.0,48.0,0.38362742342200734,104,8.0,39.0,0.08
07:30:40,162.38,39.0,167.0,62.0,159.63,38.0,245.88,34.0,164.69,4.6200000000000045,77.0,96.0,0.41307384327917246,173,-19.0,69.0,-0.11
07:30:41,163.0,18.0,167.0,42.0,162.0,24.0,299.33,18.0,165.0,4.0,42.0,60.0,0.5090481313210409,102,-18.0,-71.0,-0.18
07:30:42,163.0,36.0,167.0,84.0,162.0,48.0,281.17,36.0,165.0,4.0,84.0,120.0,0.2514358765201996,204,-36.0,102.0,-0.18
07:30:43,163.0,20.0,167.0,42.0,162.0,24.0,178.0,30.0,165.0,4.0,44.0,72.0,0.2317757536963167,116,-28.0,-88.0,-0.24
07:30:44,163.25,16.0,167.0,42.0,162.11,18.0,178.0,30.0,165.12,3.75,34.0,72.0,0.16068602926675035,106,-38.0,-10.0,-0.36
07:30:45,164.0,32.0,166.96,94.0,163.0,16.0,340.95,65.0,165.48,2.960000000000008,48.0,159.0,0.20784609691197153,207,-111.0,101.0,-0.54
07:30:46,163.47,15.0,166.91,45.0,162.11,36.0,167.3,30.0,165.19,3.4399999999999977,51.0,75.0,0.19753480706333437,126,-24.0,-81.0,-0.19
07:30:47,162.84,25.0,166.85,52.0,161.12,17.0,168.0,13.0,164.84,4.009999999999991,42.0,65.0,0.2382855429973446,107,-23.0,-19.0,-0.21
07:30:48,163.38,217.0,165.82,68.0,161.06,69.0,167.47,73.0,164.6,2.4399999999999977,286.0,141.0,0.33760924158191624,427,145.0,168.0,0.34
07:30:49,164.1,110.0,166.77,70.0,157.32,47.0,167.69,26.0,165.44,2.670000000000016,157.0,96.0,0.38249182998010883,253,61.0,-168.0,0.24
07:30:50,165.0,121.0,167.0,99.0,158.29,70.0,170.0,11.0,166.0,2.0,191.0,110.0,0.5445915900944164,301,81.0,48.0,0.27
07:30:51,165.0,88.0,167.0,69.0,160.0,16.0,170.0,8.0,166.0,2.0,104.0,77.0,0.6465910608735711,181,27.0,-120.0,0.15
07:30:52,165.0,77.0,167.0,56.0,161.71,14.0,170.0,7.0,166.0,2.0,91.0,63.0,0.6134492644071483,154,28.0,-27.0,0.18
07:30:53,165.0,50.0,167.0,37.0,162.0,10.0,170.0,5.0,166.0,2.0,60.0,42.0,0.25043961348345506,102,18.0,-52.0,0.18
07:30:54,165.0,70.0,167.0,44.0,162.0,14.0,169.33,15.0,166.0,2.0,84.0,59.0,0.0,143,25.0,41.0,0.17
07:30:55,165.0,46.0,167.0,40.0,162.0,10.0,169.05,21.0,166.0,2.0,56.0,61.0,0.0,117,-5.0,-26.0,-0.04
07:30:56,165.0,24.0,167.0,24.0,162.0,6.0,170.0,3.0,166.0,2.0,30.0,27.0,0.0,57,3.0,-60.0,0.05
07:30:57,165.0,24.0,167.0,24.0,162.0,6.0,170.0,3.0,166.0,2.0,30.0,27.0,0.0,57,3.0,0.0,0.05
07:30:58,165.0,66.0,166.73,60.0,162.0,26.0,167.65,46.0,165.87,1.7299999999999898,92.0,106.0,0.058137767430173064,198,-14.0,141.0,-0.07
07:30:59,161.22,23.0,168.0,88.0,160.43,28.0,171.0,11.0,164.61,6.780000000000001,51.0,99.0,0.6096966458835714,150,-48.0,-48.0,-0.32
07:31:00,161.0,21.0,168.0,56.0,160.0,14.0,171.0,7.0,164.5,7.0,35.0,63.0,0.7705387725491802,98,-28.0,-52.0,-0.29
07:31:01,166.33,81.0,168.0,96.0,160.82,33.0,171.0,12.0,167.17,1.6699999999999875,114.0,108.0,1.1049208116429143,222,6.0,124.0,0.03
07:31:02,167.0,80.0,168.0,80.0,161.0,30.0,171.0,10.0,167.5,1.0,110.0,90.0,1.3958330845777063,200,20.0,-22.0,0.1
07:31:03,167.0,72.0,168.0,72.0,161.0,27.0,171.0,9.0,167.5,1.0,99.0,81.0,1.5591119267075693,180,18.0,-20.0,0.1
07:31:04,167.0,72.0,168.0,72.0,161.0,27.0,171.0,9.0,167.5,1.0,99.0,81.0,1.3125471420112564,180,18.0,0.0,0.1
07:31:05,167.0,64.0,168.0,55.0,161.0,24.0,171.0,8.0,167.5,1.0,88.0,63.0,0.14758048652188452,151,25.0,-29.0,0.17
07:31:06,167.0,48.0,168.0,55.0,161.0,33.0,171.0,11.0,167.5,1.0,81.0,66.0,0.0,147,15.0,-4.0,0.1
07:31:07,167.0,48.0,168.0,60.0,161.0,36.0,171.0,12.0,167.5,1.0,84.0,72.0,0.0,156,12.0,9.0,0.08
07:31:08,167.0,28.0,168.0,40.0,162.88,102.0,171.0,8.0,167.5,1.0,130.0,48.0,0.0,178,82.0,22.0,0.46
07:31:09,167.0,24.0,168.0,60.0,163.0,192.0,171.0,12.0,167.5,1.0,216.0,72.0,0.0,288,144.0,110.0,0.5
07:31:10,167.0,25.0,168.0,115.0,163.0,224.0,171.0,14.0,167.5,1.0,249.0,129.0,0.0,378,120.0,90.0,0.32
07:31:11,167.0,51.0,168.0,119.0,163.0,240.0,171.0,15.0,167.5,1.0,291.0,134.0,0.0,425,157.0,47.0,0.37
07:31:12,167.0,14.0,168.0,63.0,163.0,112.0,171.0,7.0,167.5,1.0,126.0,70.0,0.0,196,56.0,-168.0,0.29
07:31:13,167.0,15.0,168.0,72.0,163.0,128.0,171.0,8.0,167.5,1.0,143.0,80.0,0.0,223,63.0,27.0,0.28
07:31:14,163.95,42.0,168.0,108.0,163.07,133.0,171.0,12.0,165.98,4.050000000000011,175.0,120.0,0.6797646651613986,295,55.0,72.0,0.19
07:31:15,163.0,224.0,168.0,116.0,162.0,42.0,171.0,14.0,165.5,5.0,266.0,130.0,0.9788156108286681,396,136.0,101.0,0.34
07:31:16,163.0,183.0,168.0,91.0,162.0,39.0,171.0,13.0,165.5,5.0,222.0,104.0,1.026683982538837,326,118.0,-70.0,0.36
07:31:17,163.86,56.0,168.0,56.0,162.79,56.0,194.17,29.0,165.93,4.139999999999986,112.0,85.0,0.8248757482201386,197,27.0,-129.0,0.14
07:31:18,163.12,102.0,168.0,70.0,162.29,38.0,255.47,34.0,165.56,4.8799999999999955,140.0,104.0,0.24016660883986682,244,36.0,47.0,0.15
07:31:19,163.0,77.0,167.9,31.0,162.0,21.0,168.48,25.0,165.45,4.900000000000006,98.0,56.0,0.19511535050225984,154,42.0,-90.0,0.27
07:31:20,163.04,57.0,167.28,25.0,162.59,37.0,168.09,43.0,165.16,4.240000000000009,94.0,68.0,0.2759528945338455,162,26.0,8.0,0.16
07:31:21,164.55,11.0,167.0,70.0,163.0,121.0,168.0,62.0,165.77,2.4499999999999886,132.0,132.0,0.29669850016745625,264,0.0,102.0,0.0
07:31:22,163.04,110.0,166.64,109.0,162.38,58.0,167.72,53.0,164.84,3.5999999999999943,168.0,162.0,0.3628084894287496,330,6.0,66.0,0.02
07:31:23,163.0,126.0,164.79,70.0,162.0,42.0,165.84,92.0,163.89,1.789999999999992,168.0,162.0,0.7204651275401918,330,6.0,0.0,0.02
07:31:24,162.96,71.0,165.54,72.0,161.91,43.0,169.92,64.0,164.25,2.579999999999984,114.0,136.0,0.7418018603383579,250,-22.0,-80.0,-0.09
07:31:25,168.88,52.0,293.6,10.0,162.08,26.0,335.18,22.0,231.24,124.72000000000003,78.0,32.0,29.771675633057754,110,46.0,-140.0,0.42
07:31:26,169.0,45.0,225.33,9.0,162.0,27.0,283.83,12.0,197.17,56.33000000000001,72.0,21.0,29.85908689159811,93,51.0,-17.0,0.55
07:31:27,169.0,53.0,170.0,14.0,162.0,42.0,260.5,38.0,169.5,1.0,95.0,52.0,29.16535016076451,147,43.0,54.0,0.29
07:31:28,169.0,21.0,170.0,7.0,162.0,21.0,295.0,7.0,169.5,1.0,42.0,14.0,28.233127173588237,56,28.0,-91.0,0.5
07:31:29,169.0,33.0,170.0,11.0,165.12,48.0,192.67,43.0,169.5,1.0,81.0,54.0,27.28839900030793,135,27.0,79.0,0.2
07:31:30,169.0,21.0,170.0,7.0,167.0,30.0,185.0,35.0,169.5,1.0,51.0,42.0,12.374400187483953,93,9.0,-42.0,0.1
07:31:31,169.0,9.0,170.0,3.0,167.0,18.0,295.0,3.0,169.5,1.0,27.0,6.0,0.0,33,21.0,-60.0,0.64
07:31:32,168.2,30.0,170.0,8.0,166.33,54.0,395.8,20.0,169.1,1.8000000000000114,84.0,28.0,0.1788854382039705,112,56.0,79.0,0.5
07:31:33,167.0,48.0,168.48,33.0,165.0,72.0,404.95,21.0,167.74,1.4799999999999898,120.0,54.0,0.7623122719734378,174,66.0,62.0,0.38
07:31:34,167.0,54.0,168.0,45.0,165.0,81.0,261.2,10.0,167.5,1.0,135.0,55.0,0.974227899416339,190,80.0,16.0,0.42
07:31:35,165.23,71.0,168.0,59.0,163.2,45.0,169.0,25.0,166.61,2.7700000000000102,116.0,84.0,1.1905040949114656,200,32.0,10.0,0.16
07:31:36,165.0,77.0,168.0,39.0,162.0,33.0,169.0,33.0,166.5,3.0,110.0,72.0,1.0499047575855487,182,38.0,-18.0,0.21
07:31:37,165.0,98.0,168.0,14.0,161.62,24.0,169.0,42.0,166.5,3.0,122.0,56.0,0.601082357086449,178,66.0,-4.0,0.37
07:31:38,165.0,56.0,168.0,8.0,162.09,11.0,169.0,24.0,166.5,3.0,67.0,32.0,0.4375157140040838,99,35.0,-79.0,0.35
07:31:39,165.0,54.0,168.0,9.0,163.0,18.0,169.0,27.0,166.5,3.0,72.0,36.0,0.04919349550930128,108,36.0,9.0,0.33
07:31:40,165.0,35.0,168.0,10.0,163.0,20.0,169.0,30.0,166.5,3.0,55.0,40.0,0.0,95,15.0,-13.0,0.16
07:31:41,165.0,9.0,168.0,9.0,163.0,18.0,169.0,27.0,166.5,3.0,27.0,36.0,0.0,63,-9.0,-32.0,-0.14
07:31:42,163.1,72.0,168.0,14.0,162.26,35.0,169.0,42.0,165.55,4.900000000000006,107.0,56.0,0.4248529157253442,163,51.0,100.0,0.31
07:31:43,163.86,49.0,168.0,7.0,162.0,21.0,169.0,21.0,165.93,4.139999999999986,70.0,28.0,0.4374128484627276,98,42.0,-65.0,0.43
07:31:44,164.0,70.0,168.0,10.0,162.18,22.0,169.0,26.0,166.0,4.0,92.0,36.0,0.4066079192542042,128,56.0,30.0,0.44
07:31:45,164.25,112.0,168.0,16.0,163.0,16.0,169.0,102.0,166.12,3.75,128.0,118.0,0.34270978976417,246,10.0,118.0,0.04
07:31:46,166.77,91.0,168.0,13.0,163.0,13.0,169.0,87.0,167.38,1.2299999999999898,104.0,100.0,0.6953632144428469,204,4.0,-42.0,0.02
07:31:47,167.0,56.0,168.42,12.0,163.0,8.0,180.12,40.0,167.71,1.4199999999999875,64.0,52.0,0.8479209868852912,116,12.0,-88.0,0.1
07:31:48,167.0,77.0,168.0,52.0,163.0,11.0,169.0,55.0,167.5,1.0,88.0,107.0,0.8148742234238975,195,-19.0,79.0,-0.1
07:31:49,167.0,56.0,168.0,24.0,163.0,8.0,169.0,44.0,167.5,1.0,64.0,68.0,0.6383729317576554,132,-4.0,-63.0,-0.03
07:31:50,167.0,42.0,168.0,18.0,163.75,8.0,169.0,42.0,167.5,1.0,50.0,60.0,0.11924764149033527,110,-10.0,-22.0,-0.09
07:31:51,167.0,78.0,168.0,36.0,165.0,36.0,169.0,84.0,167.5,1.0,114.0,120.0,0.09391485506041661,234,-6.0,124.0,-0.03
07:31:52,167.0,31.0,168.0,30.0,165.0,30.0,169.0,70.0,167.5,1.0,61.0,100.0,0.0,161,-39.0,-73.0,-0.24
07:31:53,167.0,12.0,168.0,36.0,165.0,36.0,169.0,84.0,167.5,1.0,48.0,120.0,0.0,168,-72.0,7.0,-0.43
07:31:54,166.43,7.0,168.0,21.0,164.76,17.0,169.0,49.0,167.21,1.5699999999999932,24.0,70.0,0.12969194269871753,94,-46.0,-74.0,-0.49
07:31:55,165.0,5.0,167.86,14.0,163.0,5.0,168.9,31.0,166.43,2.8600000000000136,10.0,45.0,0.4634328430321492,55,-35.0,-39.0,-0.64
07:31:56,165.0,9.0,166.8,20.0,163.0,9.0,167.96,46.0,165.9,1.8000000000000114,18.0,66.0,0.7135614899927754,84,-48.0,29.0,-0.57
07:31:57,165.0,5.0,166.0,12.0,163.0,5.0,167.0,10.0,165.5,1.0,10.0,22.0,0.8468589020613302,32,-12.0,-52.0,-0.38
07:31:58,164.11,9.0,166.0,18.0,162.29,17.0,167.0,18.0,165.06,1.8899999999999864,26.0,36.0,0.8352544522481097,62,-10.0,30.0,-0.16
07:31:59,163.0,10.0,165.1,20.0,162.0,30.0,166.1,20.0,164.05,2.0999999999999943,40.0,40.0,0.9025353178684914,80,0.0,18.0,0.0
07:32:00,162.92,13.0,164.23,26.0,161.2,45.0,165.44,27.0,163.58,1.3100000000000023,58.0,53.0,0.976841850045185,111,5.0,31.0,0.05
07:32:01,161.18,44.0,163.38,21.0,160.67,72.0,167.09,65.0,162.28,2.1999999999999886,116.0,86.0,1.2714873180646908,202,30.0,91.0,0.15
07:32:02,161.0,60.0,163.0,20.0,160.0,40.0,168.0,80.0,162.0,2.0,100.0,100.0,1.2673515692178676,200,0.0,-2.0,0.0
07:32:03,161.0,62.0,166.54,52.0,160.0,56.0,168.08,76.0,163.77,5.539999999999992,118.0,128.0,0.9297472774893543,246,-10.0,46.0,-0.04
07:32:04,161.0,16.0,167.0,54.0,160.0,32.0,168.55,22.0,164.0,6.0,48.0,76.0,0.9176491704343558,124,-28.0,-122.0,-0.23
07:32:05,162.2,35.0,167.0,39.0,160.53,34.0,210.38,26.0,164.6,4.800000000000011,69.0,65.0,1.132121901563144,134,4.0,10.0,0.03
07:32:06,163.45,33.0,167.0,33.0,161.0,22.0,296.62,16.0,165.23,3.5500000000000114,55.0,49.0,1.213857487516229,104,6.0,-30.0,0.06
07:32:07,164.86,28.0,167.0,46.0,160.9,20.0,169.0,20.0,165.93,2.1399999999999864,48.0,66.0,0.8886112760929663,114,-18.0,10.0,-0.16
07:32:08,160.0,7.0,166.74,19.0,158.57,14.0,167.21,39.0,163.37,6.740000000000009,21.0,58.0,1.0044052966803445,79,-37.0,-35.0,-0.47
07:32:09,159.33,12.0,166.0,54.0,157.29,56.0,167.5,48.0,162.67,6.6699999999999875,68.0,102.0,1.3337541002746345,170,-34.0,91.0,-0.2
07:32:10,157.41,17.0,166.0,40.0,156.92,72.0,169.0,16.0,161.71,8.590000000000003,89.0,56.0,1.7613971727010003,145,33.0,-25.0,0.23
07:32:11,157.24,89.0,166.0,60.0,156.04,48.0,169.0,24.0,161.62,8.759999999999991,137.0,84.0,1.7593464695729175,221,53.0,76.0,0.24
07:32:12,157.0,56.0,166.0,35.0,156.0,14.0,169.0,14.0,161.5,9.0,70.0,49.0,0.814389341775897,119,21.0,-102.0,0.18
07:32:13,158.0,36.0,165.93,59.0,156.98,132.0,168.44,27.0,161.97,7.930000000000007,168.0,86.0,0.46693682656010194,254,82.0,135.0,0.32
07:32:14,159.33,18.0,164.0,26.0,157.0,72.0,165.98,41.0,161.67,4.6699999999999875,90.0,67.0,0.17329166165143528,157,23.0,-97.0,0.15
07:32:15,161.93,59.0,164.0,26.0,159.79,53.0,165.0,13.0,162.97,2.069999999999993,112.0,39.0,0.598021738733671,151,73.0,-6.0,0.48
07:32:16,162.44,36.0,164.04,23.0,161.69,58.0,165.27,15.0,163.24,1.5999999999999943,94.0,38.0,0.7864159204887757,132,56.0,-19.0,0.42
07:32:17,162.0,55.0,164.07,43.0,161.0,33.0,165.6,20.0,163.03,2.069999999999993,88.0,63.0,0.7053935071988966,151,25.0,19.0,0.17
07:32:18,162.0,50.0,163.95,42.0,161.0,30.0,164.44,18.0,162.98,1.9499999999999886,80.0,60.0,0.6289435586747538,140,20.0,-11.0,0.14
07:32:19,161.89,56.0,164.8,40.0,160.41,34.0,167.29,28.0,163.35,2.910000000000025,90.0,68.0,0.17126003619824684,158,22.0,18.0,0.14
07:32:20,162.31,36.0,166.69,64.0,161.56,62.0,168.24,42.0,164.5,4.3799999999999955,98.0,106.0,0.6223744853372296,204,-8.0,46.0,-0.04
07:32:21,162.45,11.0,166.0,44.0,159.51,43.0,168.0,80.0,164.23,3.5500000000000114,54.0,124.0,0.7030433841512768,178,-70.0,-26.0,-0.39
07:32:22,160.0,10.0,166.0,34.0,157.0,80.0,168.0,80.0,163.0,6.0,90.0,114.0,0.7094152521611563,204,-24.0,26.0,-0.12
07:32:23,157.53,17.0,166.0,15.0,156.09,44.0,168.0,40.0,161.76,8.469999999999999,61.0,55.0,1.0892520369495573,116,6.0,-88.0,0.05
07:32:24,157.0,42.0,166.7,23.0,155.0,60.0,185.48,42.0,161.85,9.699999999999989,102.0,65.0,1.2845115803287281,167,37.0,51.0,0.22
07:32:25,163.81,62.0,168.0,104.0,158.16,31.0,609.67,18.0,165.9,4.189999999999998,93.0,122.0,1.7448123108227906,215,-29.0,48.0,-0.13
07:32:26,164.0,55.0,167.21,53.0,160.43,28.0,222.78,72.0,165.6,3.210000000000008,83.0,125.0,2.0059710865311366,208,-42.0,-7.0,-0.2
07:32:27,161.47,19.0,165.75,24.0,160.2,20.0,167.68,57.0,163.61,4.280000000000001,39.0,81.0,1.9770255435878847,120,-42.0,-88.0,-0.35
07:32:28,161.0,23.0,163.22,40.0,160.0,26.0,164.77,43.0,162.11,2.219999999999999,49.0,83.0,1.8936551956464986,132,-34.0,12.0,-0.26
07:32:29,161.62,13.0,163.0,45.0,160.29,14.0,166.0,27.0,162.31,1.3799999999999955,27.0,72.0,1.7822822447634448,99,-45.0,-33.0,-0.45
07:32:30,162.0,16.0,163.0,40.0,161.0,8.0,166.0,24.0,162.5,1.0,24.0,64.0,1.4486994167178633,88,-40.0,-11.0,-0.45
07:32:31,161.21,38.0,162.91,35.0,160.47,19.0,166.44,27.0,162.06,1.6999999999999886,57.0,62.0,0.6348779410235812,119,-5.0,31.0,-0.04
07:32:32,160.04,23.0,167.5,36.0,155.1,101.0,169.92,71.0,163.77,7.460000000000008,124.0,107.0,0.7039531234381678,231,17.0,112.0,0.07
07:32:33,155.1,101.0,168.0,36.0,153.34,53.0,169.25,48.0,161.55,12.900000000000006,154.0,84.0,0.8255119623592982,238,70.0,7.0,0.29
07:32:34,155.0,72.0,167.12,24.0,153.0,32.0,169.0,32.0,161.06,12.120000000000005,104.0,56.0,1.036325238522243,160,48.0,-78.0,0.3
07:32:35,155.07,54.0,166.0,29.0,154.08,52.0,167.0,98.0,160.54,10.930000000000007,106.0,127.0,1.2395684732994858,233,-21.0,73.0,-0.09
07:32:36,156.07,41.0,165.15,26.0,155.52,29.0,166.43,42.0,160.61,9.080000000000013,70.0,68.0,1.3287701080314411,138,2.0,-95.0,0.01
07:32:37,155.0,42.0,159.38,26.0,153.0,28.0,163.83,24.0,157.19,4.3799999999999955,70.0,50.0,1.7252101321280529,120,20.0,-18.0,0.17
07:32:38,156.0,20.0,158.09,44.0,155.0,40.0,159.49,41.0,157.05,2.0900000000000034,60.0,85.0,1.9915697326473176,145,-25.0,25.0,-0.17
07:32:39,155.32,44.0,157.69,32.0,154.85,82.0,158.9,40.0,156.5,2.3700000000000045,126.0,72.0,2.0222438033027936,198,54.0,53.0,0.27
07:32:40,155.0,76.0,156.96,49.0,154.0,52.0,159.19,53.0,155.98,1.960000000000008,128.0,102.0,1.8217656270761637,230,26.0,32.0,0.11
07:32:41,155.0,28.0,156.0,28.0,154.0,28.0,159.14,28.0,155.5,1.0,56.0,56.0,0.7129726502438543,112,0.0,-118.0,0.0
07:32:42,154.2,40.0,158.4,40.0,137.5,16.0,159.8,40.0,156.3,4.200000000000017,56.0,80.0,0.5786017628694751,136,-24.0,24.0,-0.18
07:32:43,154.6,50.0,159.0,40.0,147.12,25.0,160.0,40.0,156.8,4.400000000000006,75.0,80.0,0.49927948084779344,155,-5.0,19.0,-0.03
07:32:44,155.0,60.0,157.8,40.0,154.0,40.0,159.0,68.0,156.4,2.8000000000000114,100.0,108.0,0.4869086156514729,208,-8.0,53.0,-0.04
07:32:45,155.0,20.0,157.0,24.0,154.0,24.0,159.0,48.0,156.0,2.0,44.0,72.0,0.4847679857371297,116,-28.0,-92.0,-0.24
07:32:46,154.92,26.0,157.7,46.0,152.65,34.0,159.14,74.0,156.31,2.780000000000001,60.0,120.0,0.2876108481885168,180,-60.0,64.0,-0.33
07:32:47,155.0,11.0,159.0,72.0,153.82,44.0,160.0,55.0,157.0,4.0,55.0,127.0,0.39877311844680857,182,-72.0,2.0,-0.4
07:32:48,157.25,8.0,159.0,28.0,152.5,32.0,160.0,40.0,158.12,1.75,40.0,68.0,0.8391543362194669,108,-28.0,-74.0,-0.26
07:32:49,152.11,19.0,158.62,16.0,141.5,16.0,159.86,29.0,155.37,6.509999999999991,35.0,45.0,1.0511184519338517,80,-10.0,-28.0,-0.12
07:32:50,151.0,16.0,158.0,12.0,113.0,4.0,159.0,8.0,154.5,7.0,20.0,20.0,1.4052935636355977,40,0.0,-40.0,0.0
07:32:51,151.77,26.0,157.86,21.0,146.53,17.0,159.0,14.0,154.81,6.090000000000003,43.0,35.0,1.5451051744122368,78,8.0,38.0,0.1
07:32:52,154.67,36.0,157.0,26.0,151.97,29.0,159.0,20.0,155.83,2.3300000000000125,65.0,46.0,1.4327351464926594,111,19.0,33.0,0.17
07:32:53,154.45,22.0,159.58,36.0,149.57,21.0,160.2,44.0,157.02,5.130000000000024,43.0,80.0,0.9889539928607562,123,-37.0,12.0,-0.3
07:32:54,153.75,12.0,160.0,36.0,149.0,12.0,161.0,20.0,156.88,6.25,24.0,56.0,1.1538500769144089,80,-32.0,-43.0,-0.4
07:32:55,155.07,15.0,160.0,63.0,153.29,21.0,161.0,35.0,157.53,4.930000000000007,36.0,98.0,1.089004132221594,134,-62.0,54.0,-0.46
07:32:56,157.0,15.0,159.95,57.0,155.55,20.0,160.77,39.0,158.47,2.9499999999999886,35.0,96.0,0.9642250774565506,131,-61.0,-3.0,-0.47
07:32:57,158.9,20.0,160.0,90.0,149.16,124.0,161.0,50.0,159.45,1.0999999999999943,144.0,140.0,1.0810411648020055,284,4.0,153.0,0.01
07:32:58,156.69,26.0,159.91,64.0,151.06,68.0,160.95,64.0,158.3,3.219999999999999,94.0,128.0,0.9758739672706841,222,-34.0,-62.0,-0.15
07:33:00,153.0,45.0,160.25,53.0,149.0,150.0,234.24,58.0,156.62,7.25,195.0,111.0,2.339266979204406,306,84.0,135.0,0.27
07:33:01,153.0,14.0,158.0,21.0,149.0,70.0,161.0,56.0,155.5,5.0,84.0,77.0,2.334819050803666,161,7.0,-145.0,0.04
07:33:02,153.0,20.0,157.0,69.0,149.0,100.0,160.86,66.0,155.0,4.0,120.0,135.0,1.7986884110359924,255,-15.0,94.0,-0.06
07:33:03,153.0,20.0,156.73,22.0,149.01,91.0,159.11,38.0,154.86,3.7299999999999898,111.0,60.0,1.1289286957087692,171,51.0,-84.0,0.3
07:33:04,153.0,16.0,161.75,40.0,150.0,8.0,214.88,40.0,157.38,8.75,24.0,80.0,1.090467789526691,104,-56.0,-67.0,-0.54
07:33:05,153.0,28.0,160.35,31.0,150.0,14.0,161.5,40.0,156.68,7.349999999999994,42.0,71.0,1.1010358758892629,113,-29.0,9.0,-0.26
07:33:06,153.27,30.0,160.0,32.0,151.17,18.0,161.0,32.0,156.63,6.72999999999999,48.0,64.0,1.1183469944500162,112,-16.0,-1.0,-0.14
07:33:07,155.55,77.0,160.0,22.0,152.92,78.0,161.0,22.0,157.77,4.449999999999989,155.0,44.0,1.1171078730345485,199,111.0,87.0,0.56
07:33:08,156.8,70.0,159.8,30.0,153.0,100.0,160.4,35.0,158.3,3.0,170.0,65.0,0.715381017358056,235,105.0,36.0,0.45
07:33:09,157.58,100.0,159.0,64.0,153.0,85.0,160.06,70.0,158.29,1.4199999999999875,185.0,134.0,0.8307406334087439,319,51.0,84.0,0.16
07:33:10,155.14,21.0,159.0,28.0,150.99,67.0,162.0,9.0,157.07,3.8600000000000136,88.0,37.0,0.7443251977438485,125,51.0,-168.0,0.41
07:33:11,152.17,18.0,155.0,8.0,150.25,120.0,159.0,12.0,153.58,2.8300000000000125,138.0,20.0,1.9778953460676354,158,118.0,33.0,0.75
07:33:12,155.31,26.0,159.21,38.0,152.53,53.0,160.58,24.0,157.26,3.9000000000000057,79.0,62.0,1.941198083657601,141,17.0,-17.0,0.12
07:33:13,154.8,25.0,160.45,31.0,153.97,66.0,167.98,41.0,157.63,5.649999999999977,91.0,72.0,1.8409318292636068,163,19.0,22.0,0.12
07:33:14,153.08,50.0,158.0,10.0,150.69,52.0,165.89,18.0,155.54,4.9199999999999875,102.0,28.0,1.675120891158457,130,74.0,-33.0,0.57
07:33:15,153.33,36.0,157.0,11.0,149.8,181.0,162.0,11.0,155.17,3.6699999999999875,217.0,22.0,1.6482505877430393,239,195.0,109.0,0.82
07:33:16,151.0,60.0,157.0,10.0,149.0,290.0,161.4,10.0,154.0,6.0,350.0,20.0,1.5093872929090613,370,330.0,131.0,0.89
07:33:17,151.0,66.0,157.0,23.0,149.0,321.0,161.0,11.0,154.0,6.0,387.0,34.0,1.4898221370334617,421,353.0,51.0,0.84
07:33:18,151.0,36.0,157.0,6.0,149.0,174.0,161.0,6.0,154.0,6.0,210.0,12.0,0.7536046708948163,222,198.0,-168.0,0.89
07:33:19,149.15,395.0,154.43,42.0,131.39,205.0,155.64,25.0,151.79,5.280000000000001,600.0,67.0,1.2284828041100198,667,533.0,168.0,0.8
07:33:23,150.76,41.0,154.93,28.0,149.45,76.0,157.28,18.0,152.84,4.170000000000016,117.0,46.0,1.3933161880894682,163,71.0,47.0,0.44
07:33:24,152.83,29.0,154.75,20.0,151.24,33.0,158.09,22.0,153.79,1.9199999999999875,62.0,42.0,1.9066541374859771,104,20.0,-59.0,0.19
07:33:25,153.71,28.0,159.54,41.0,152.95,21.0,240.19,32.0,156.63,5.829999999999984,49.0,73.0,2.8179868700888644,122,-24.0,18.0,-0.2
07:33:26,156.92,26.0,159.76,49.0,155.54,26.0,174.09,22.0,158.34,2.8400000000000034,52.0,71.0,3.105989375383365,123,-19.0,1.0,-0.15
07:33:27,158.94,16.0,174.55,20.0,156.62,65.0,265.73,22.0,166.74,15.610000000000014,81.0,42.0,5.526723260666887,123,39.0,0.0,0.32
07:33:28,161.2,20.0,182.67,18.0,160.0,10.0,256.23,26.0,171.93,21.47,30.0,44.0,7.572782183583443,74,-14.0,-49.0,-0.19
07:33:29,163.67,12.0,174.82,17.0,162.33,12.0,264.0,23.0,169.25,11.150000000000006,24.0,40.0,6.75716434608487,64,-16.0,-10.0,-0.25
07:33:30,163.7,20.0,256.0,12.0,162.86,29.0,313.67,15.0,209.85,92.30000000000001,49.0,27.0,20.015910421462383,76,22.0,12.0,0.29
07:33:31,159.83,12.0,306.91,22.0,146.67,9.0,353.73,11.0,233.37,147.08,21.0,33.0,29.88659599218377,54,-12.0,-22.0,-0.22
07:33:32,128.11,18.0,336.64,22.0,80.42,12.0,574.37,27.0,232.37,208.52999999999997,30.0,49.0,31.367328225400744,79,-19.0,25.0,-0.24
07:33:33,148.2,20.0,344.4,20.0,123.6,10.0,493.2,35.0,246.3,196.2,30.0,55.0,30.35765504778046,85,-25.0,6.0,-0.29
07:33:36,170.0,5.0,310.4,10.0,45.0,10.0,354.71,14.0,240.2,140.39999999999998,15.0,24.0,48.78649638988257,39,-9.0,-26.0,-0.23
07:33:42,149.76,42.0,155.2,20.0,145.77,39.0,156.67,36.0,152.48,5.439999999999998,81.0,56.0,27.752530875579588,137,25.0,49.0,0.18
07:33:43,152.94,18.0,156.0,22.0,150.9,21.0,157.0,33.0,154.47,3.0600000000000023,39.0,55.0,12.950323161990761,94,-16.0,-43.0,-0.17
07:33:44,155.0,28.0,156.35,23.0,153.09,44.0,221.42,26.0,155.67,1.3499999999999943,72.0,49.0,10.555741091936508,121,23.0,27.0,0.19
07:33:45,155.65,17.0,157.33,27.0,149.0,26.0,216.6,20.0,156.49,1.6800000000000068,43.0,47.0,2.8806422894902215,90,-4.0,-31.0,-0.04
07:33:46,156.0,7.0,157.0,9.0,129.29,14.0,160.0,7.0,156.5,1.0,21.0,16.0,1.6938034124420003,37,5.0,-53.0,0.14
07:33:47,132.66,29.0,156.57,7.0,119.75,16.0,158.71,7.0,144.61,23.909999999999997,45.0,14.0,5.06484155724533,59,31.0,22.0,0.53
07:33:48,134.17,12.0,154.5,12.0,131.94,68.0,157.0,12.0,144.33,20.330000000000013,80.0,24.0,6.4453083712106665,104,56.0,45.0,0.54
07:33:50,137.0,10.0,157.68,22.0,82.4,10.0,227.63,19.0,147.34,20.680000000000007,20.0,41.0,5.139574885143351,61,-21.0,-12.0,-0.34
07:33:51,137.0,10.0,158.2,40.0,111.89,18.0,160.0,10.0,147.6,21.19999999999999,28.0,50.0,1.5673002265026759,78,-22.0,17.0,-0.28
07:33:52,142.45,29.0,158.0,56.0,107.57,14.0,159.17,42.0,150.22,15.550000000000011,43.0,98.0,2.3409869713426406,141,-55.0,63.0,-0.39
07:33:53,143.06,36.0,157.5,46.0,140.03,32.0,159.31,36.0,150.28,14.439999999999998,68.0,82.0,2.2183146756032386,150,-14.0,9.0,-0.09
07:33:54,145.0,12.0,189.11,28.0,129.0,12.0,201.9,40.0,167.05,44.110000000000014,24.0,68.0,8.25325511540746,92,-44.0,-58.0,-0.48
07:33:55,146.36,39.0,202.0,75.0,142.0,38.0,226.0,30.0,174.18,55.639999999999986,77.0,105.0,11.957130926773473,182,-28.0,90.0,-0.15
07:33:56,169.08,186.0,241.18,49.0,159.6,169.0,334.33,85.0,205.13,72.1,355.0,134.0,22.57458017328361,489,221.0,168.0,0.45
07:33:57,170.0,72.0,304.89,27.0,167.0,36.0,377.33,45.0,237.44,134.89,108.0,72.0,34.581188961630865,180,36.0,-168.0,0.2
07:33:58,170.0,96.0,328.0,60.0,167.0,48.0,476.0,60.0,249.0,158.0,144.0,120.0,36.627439850473216,264,24.0,84.0,0.09
07:33:59,170.0,40.0,341.6,25.0,167.0,20.0,517.0,25.0,255.8,171.60000000000002,60.0,50.0,34.11195684800338,110,10.0,-154.0,0.09
07:34:00,170.0,95.0,366.48,33.0,167.0,48.0,469.49,51.0,268.24,196.48000000000002,143.0,84.0,23.98892286035488,227,59.0,117.0,0.26
07:34:01,170.0,24.0,250.49,57.0,167.0,48.0,290.84,44.0,210.25,80.49000000000001,72.0,101.0,21.98753692435916,173,-29.0,-54.0,-0.17
07:34:02,170.0,20.0,253.6,40.0,167.0,40.0,255.0,50.0,211.8,83.6,60.0,90.0,26.47460330203371,150,-30.0,-23.0,-0.2
07:34:03,167.0,32.0,251.21,29.0,163.0,72.0,279.57,35.0,209.1,84.21000000000001,104.0,64.0,28.638535577086515,168,40.0,18.0,0.24
07:34:04,163.8,40.0,251.6,25.0,161.82,88.0,252.65,31.0,207.7,87.79999999999998,128.0,56.0,26.21758226839471,184,72.0,16.0,0.39
07:34:05,163.0,64.0,247.93,27.0,161.0,120.0,250.15,27.0,205.46,84.93,184.0,54.0,2.425844182967549,238,130.0,54.0,0.55
07:34:06,163.0,72.0,224.82,38.0,161.0,288.0,249.93,41.0,193.91,61.81999999999999,360.0,79.0,6.9241519336331425,439,281.0,168.0,0.64
07:34:07,163.0,36.0,230.11,19.0,161.0,216.0,246.57,23.0,196.55,67.11000000000001,252.0,42.0,6.865539308753079,294,210.0,-145.0,0.71
07:34:08,163.0,40.0,244.0,30.0,161.05,204.0,245.0,20.0,203.5,81.0,244.0,50.0,5.9203741435852715,294,194.0,0.0,0.66
07:34:09,161.9,124.0,242.86,35.0,160.99,374.0,244.13,45.0,202.38,80.96000000000001,498.0,80.0,4.900729537531368,578,418.0,168.0,0.72
07:34:10,163.62,90.0,228.31,26.0,161.52,84.0,243.76,34.0,195.96,64.69,174.0,60.0,4.223996922351045,234,114.0,-168.0,0.49
07:34:11,165.48,109.0,239.4,30.0,164.5,48.0,244.0,45.0,202.44,73.92000000000002,157.0,75.0,3.603967258457306,232,82.0,-2.0,0.35
07:34:12,169.0,27.0,236.78,18.0,166.0,72.0,242.88,25.0,202.89,67.78,99.0,43.0,3.0927301854564,142,56.0,-90.0,0.39
07:34:13,166.61,107.0,232.37,38.0,164.08,59.0,235.39,31.0,199.49,65.75999999999999,166.0,69.0,2.9391614450439105,235,97.0,93.0,0.41
07:34:14,168.0,104.0,216.53,38.0,165.01,95.0,220.37,57.0,192.26,48.53,199.0,95.0,4.502962358273854,294,104.0,59.0,0.35
07:34:15,168.0,112.0,212.41,37.0,167.0,112.0,213.15,39.0,190.2,44.41,224.0,76.0,5.8769405305848075,300,148.0,6.0,0.49
07:34:16,168.0,63.0,209.08,26.0,167.0,72.0,210.16,19.0,188.54,41.08000000000001,135.0,45.0,6.20819055764467,180,90.0,-120.0,0.5
07:34:17,168.0,60.0,206.51,37.0,167.0,96.0,207.71,31.0,187.26,38.50999999999999,156.0,68.0,4.817530487711127,224,88.0,44.0,0.39
07:34:18,168.0,90.0,202.22,54.0,167.0,144.0,203.37,59.0,185.11,34.22,234.0,113.0,2.734388414257197,347,121.0,123.0,0.35
07:34:19,168.0,84.0,196.49,41.0,167.0,152.0,197.55,53.0,182.24,28.49000000000001,236.0,94.0,3.0969501126144245,330,142.0,-17.0,0.43
07:34:20,168.0,36.0,195.7,20.0,167.0,72.0,196.78,18.0,181.85,27.69999999999999,108.0,38.0,2.9661169902789184,146,70.0,-168.0,0.48
07:34:21,168.0,64.0,191.03,68.0,167.0,128.0,192.75,40.0,179.51,23.03,192.0,108.0,3.0204188451305694,300,84.0,154.0,0.28
07:34:22,168.0,17.0,187.81,37.0,167.0,88.0,188.75,40.0,177.91,19.810000000000002,105.0,77.0,2.756606609586948,182,28.0,-118.0,0.15
07:34:23,168.0,12.0,185.89,36.0,167.0,96.0,186.79,48.0,176.94,17.889999999999986,108.0,84.0,2.341548632853312,192,24.0,10.0,0.12
07:34:24,168.0,15.0,182.67,63.0,167.0,120.0,184.19,42.0,175.33,14.669999999999987,135.0,105.0,2.494437812417095,240,30.0,48.0,0.12
07:34:25,167.35,55.0,174.72,65.0,166.47,150.0,176.26,47.0,171.03,7.3700000000000045,205.0,112.0,3.236430132107698,317,93.0,77.0,0.29
07:34:26,168.0,78.0,171.46,26.0,167.0,78.0,173.0,26.0,169.73,3.460000000000008,156.0,52.0,3.6255234104903225,208,104.0,-109.0,0.5
07:34:27,168.0,54.0,170.07,56.0,167.0,96.0,171.77,35.0,169.04,2.069999999999993,150.0,91.0,3.51748916132121,241,59.0,33.0,0.24
07:34:28,167.24,71.0,169.3,66.0,165.85,156.0,172.02,41.0,168.27,2.0600000000000023,227.0,107.0,2.7903942373813417,334,120.0,93.0,0.36
07:34:29,165.28,58.0,167.15,26.0,163.11,109.0,169.0,39.0,166.21,1.8700000000000045,167.0,65.0,1.7936499101022088,232,102.0,-102.0,0.44
07:34:30,165.0,24.0,167.96,23.0,162.06,69.0,237.65,17.0,166.48,2.960000000000008,93.0,40.0,1.5530067610957154,133,53.0,-99.0,0.4
07:34:31,166.67,36.0,291.76,25.0,164.68,19.0,529.93,27.0,229.21,125.09,55.0,52.0,27.623216141499842,107,3.0,-26.0,0.03
07:34:32,167.0,29.0,286.2,30.0,165.0,20.0,360.2,10.0,226.6,119.19999999999999,49.0,40.0,33.38848948365327,89,9.0,-18.0,0.1
07:34:33,167.75,16.0,232.0,21.0,164.67,12.0,251.0,7.0,199.88,64.25,28.0,28.0,30.818614991592813,56,0.0,-33.0,0.0
07:34:34,165.67,24.0,212.56,63.0,163.89,18.0,326.41,41.0,189.11,46.890000000000015,42.0,104.0,26.351154244169884,146,-62.0,90.0,-0.42
07:34:35,165.0,14.0,209.07,29.0,163.0,7.0,280.0,20.0,187.03,44.06999999999999,21.0,49.0,20.279187113886856,70,-28.0,-76.0,-0.4
07:34:36,165.0,12.0,312.29,17.0,163.67,9.0,434.38,13.0,238.65,147.29000000000002,21.0,30.0,23.17092639494666,51,-9.0,-19.0,-0.18
07:34:37,164.43,14.0,340.14,21.0,163.6,10.0,412.0,14.0,252.29,175.70999999999998,24.0,35.0,30.07559508970752,59,-11.0,8.0,-0.19
07:34:38,164.0,14.0,395.0,21.0,163.0,7.0,412.0,14.0,279.5,231.0,21.0,35.0,40.42892009440828,56,-14.0,-3.0,-0.25
07:34:39,162.16,49.0,395.0,18.0,161.03,122.0,534.1,29.0,278.58,232.84,171.0,47.0,37.905914446166065,218,124.0,162.0,0.57
07:34:40,162.0,45.0,355.0,15.0,161.0,117.0,558.0,25.0,258.5,193.0,162.0,40.0,17.547598981059235,202,122.0,-16.0,0.6
07:34:41,162.0,63.0,200.97,31.0,161.0,151.0,390.77,22.0,181.48,38.97,214.0,53.0,40.1855894569193,267,161.0,65.0,0.6
07:34:42,162.0,76.0,210.65,37.0,161.0,117.0,270.5,24.0,186.32,48.650000000000006,193.0,61.0,49.11275883108233,254,132.0,-13.0,0.52
07:34:43,161.08,155.0,263.83,48.0,160.3,129.0,266.0,36.0,212.46,102.74999999999997,284.0,84.0,43.384086022412035,368,200.0,114.0,0.54
07:34:44,161.03,99.0,361.17,41.0,160.44,108.0,493.5,28.0,261.1,200.14000000000001,207.0,69.0,38.23100992649875,276,138.0,-92.0,0.5
07:34:45,161.06,109.0,410.0,40.0,160.58,166.0,464.23,43.0,285.53,248.94,275.0,83.0,46.13502162132417,358,192.0,82.0,0.54
07:34:46,161.0,134.0,361.64,22.0,160.0,100.0,423.25,24.0,261.32,200.64,234.0,46.0,40.631480160093325,280,188.0,-78.0,0.67
07:34:47,167.0,39.0,279.18,33.0,161.96,113.0,286.03,39.0,223.09,112.18,152.0,72.0,30.160748498670614,224,80.0,-56.0,0.36
07:34:48,167.0,78.0,276.31,32.0,164.0,117.0,278.68,56.0,221.66,109.31,195.0,88.0,27.566188528704203,283,107.0,59.0,0.38
07:34:49,167.0,48.0,273.67,30.0,164.13,62.0,274.67,30.0,220.33,106.67000000000002,110.0,60.0,29.615329307641662,170,50.0,-113.0,0.29
07:34:50,166.2,40.0,271.86,58.0,164.14,84.0,272.5,40.0,219.03,105.66000000000003,124.0,98.0,18.082580844560166,222,26.0,52.0,0.12
07:34:51,165.0,16.0,269.92,25.0,164.0,72.0,270.84,31.0,217.46,104.92000000000002,88.0,56.0,2.197277861366416,144,32.0,-78.0,0.22
07:34:52,165.0,12.0,268.17,24.0,164.0,54.0,269.56,18.0,216.58,103.17000000000002,66.0,42.0,2.065954985000994,108,24.0,-36.0,0.22
07:34:53,165.0,20.0,267.7,50.0,164.0,90.0,269.0,20.0,216.35,102.69999999999999,110.0,70.0,1.6961574219541318,180,40.0,72.0,0.22
07:34:54,165.0,20.0,262.9,31.0,164.0,90.0,264.06,33.0,213.95,97.89999999999998,110.0,64.0,1.8508457526356883,174,46.0,-6.0,0.26
07:34:55,165.41,29.0,257.42,48.0,164.02,119.0,258.4,52.0,211.42,92.01000000000002,148.0,100.0,2.458347005621664,248,48.0,74.0,0.19
07:34:56,169.0,48.0,236.72,57.0,165.0,32.0,253.12,66.0,202.86,67.72,80.0,123.0,5.641548546281229,203,-43.0,-45.0,-0.21
07:34:57,169.0,42.0,249.11,55.0,165.0,28.0,250.22,41.0,209.05,80.11000000000001,70.0,96.0,5.17658478149902,166,-26.0,-37.0,-0.16
07:34:58,169.0,39.0,244.2,50.0,165.0,26.0,244.98,49.0,206.6,75.19999999999999,65.0,99.0,4.288651303154245,164,-34.0,-2.0,-0.21
07:34:59,167.25,16.0,241.8,30.0,164.09,69.0,243.46,37.0,204.53,74.55000000000001,85.0,67.0,3.430782709535251,152,18.0,-12.0,0.12
07:35:00,165.0,10.0,228.79,29.0,164.0,90.0,239.25,40.0,196.9,63.78999999999999,100.0,69.0,4.589452037013263,169,31.0,17.0,0.18
07:35:01,164.67,15.0,201.31,26.0,163.99,91.0,202.18,44.0,182.99,36.640000000000015,106.0,70.0,10.546711809850693,176,36.0,7.0,0.2
07:35:02,168.33,75.0,198.65,49.0,163.97,67.0,200.45,44.0,183.49,30.319999999999993,142.0,93.0,11.243476775448185,235,49.0,59.0,0.21
07:35:03,169.0,70.0,194.28,61.0,164.0,70.0,195.78,37.0,181.64,25.28,140.0,98.0,10.248173007909342,238,42.0,3.0,0.18
07:35:04,169.0,50.0,191.38,26.0,164.0,60.0,193.26,54.0,180.19,22.379999999999995,110.0,80.0,6.751797538436745,190,30.0,-48.0,0.16
07:35:05,169.0,40.0,188.3,20.0,164.0,50.0,191.42,31.0,178.65,19.30000000000001,90.0,51.0,1.998754612262269,141,39.0,-49.0,0.28
07:35:06,169.0,44.0,184.21,42.0,164.0,55.0,185.92,26.0,176.61,15.210000000000008,99.0,68.0,2.6529756877965163,167,31.0,26.0,0.19
07:35:07,169.0,44.0,181.25,51.0,164.0,55.0,182.52,42.0,175.13,12.25,99.0,93.0,2.6292356303760824,192,6.0,25.0,0.03
07:35:08,169.0,64.0,175.82,44.0,164.0,80.0,176.16,55.0,172.41,6.819999999999993,144.0,99.0,3.0334666637427956,243,45.0,51.0,0.19
07:35:09,166.62,42.0,170.05,21.0,163.9,39.0,171.29,14.0,168.33,3.430000000000007,81.0,35.0,4.004157839051595,116,46.0,-127.0,0.4
07:35:10,164.0,85.0,169.68,38.0,163.0,17.0,170.62,21.0,166.84,5.680000000000007,102.0,59.0,4.219571068253005,161,43.0,45.0,0.27
07:35:11,163.0,13.0,167.86,21.0,161.0,234.0,169.0,36.0,165.43,4.860000000000014,247.0,57.0,4.033995537929772,304,190.0,143.0,0.62
07:35:12,161.2,123.0,165.81,54.0,160.58,172.0,167.12,41.0,163.51,4.610000000000014,295.0,95.0,3.3632395097639,390,200.0,86.0,0.51
07:35:13,162.44,25.0,164.28,36.0,161.19,116.0,165.28,36.0,163.36,1.8400000000000034,141.0,72.0,2.1417819683703856,213,69.0,-168.0,0.32
07:35:14,161.08,76.0,163.69,26.0,160.15,141.0,165.0,26.0,162.39,2.609999999999985,217.0,52.0,1.7947228198349297,269,165.0,56.0,0.61
07:35:15,161.0,63.0,162.67,18.0,160.0,108.0,173.0,18.0,161.83,1.6699999999999875,171.0,36.0,1.376001453500673,207,135.0,-62.0,0.65
07:35:16,161.62,45.0,165.0,26.0,160.49,70.0,222.0,52.0,163.31,3.3799999999999955,115.0,78.0,0.7339618518941173,193,37.0,-14.0,0.19
07:35:17,162.15,40.0,226.97,32.0,161.25,48.0,384.31,39.0,194.56,64.82,88.0,71.0,14.252717284786002,159,17.0,-34.0,0.11
07:35:18,162.0,22.0,237.0,10.0,160.5,30.0,267.82,11.0,199.5,75.0,52.0,21.0,18.99523019076209,73,31.0,-86.0,0.42
07:35:19,161.0,22.0,229.15,20.0,157.75,76.0,460.0,32.0,195.07,68.15,98.0,52.0,18.623418859061328,150,46.0,77.0,0.31
07:35:20,162.0,93.0,182.55,22.0,160.92,26.0,209.0,16.0,172.27,20.55000000000001,119.0,38.0,16.08990894940185,157,81.0,7.0,0.52
07:35:21,162.0,85.0,175.0,39.0,160.91,33.0,176.0,13.0,168.5,13.0,118.0,52.0,14.426966070523697,170,66.0,13.0,0.39
07:35:22,163.5,32.0,175.0,18.0,161.91,22.0,176.0,6.0,169.25,11.5,54.0,24.0,15.088958545905026,78,30.0,-92.0,0.38
07:35:23,164.58,72.0,175.0,42.0,163.73,74.0,240.82,28.0,169.79,10.419999999999987,146.0,70.0,11.321567029348822,216,76.0,138.0,0.35
07:35:24,164.56,54.0,173.49,41.0,163.46,52.0,186.86,37.0,169.02,8.930000000000007,106.0,78.0,1.4744592229141176,184,28.0,-32.0,0.15
07:35:25,165.0,54.0,171.0,36.0,163.0,36.0,241.19,31.0,168.0,6.0,90.0,67.0,0.6888904122109515,157,23.0,-27.0,0.15
07:35:26,165.0,51.0,167.97,33.0,163.0,36.0,198.0,30.0,166.48,2.969999999999999,87.0,63.0,1.306434077952664,150,24.0,-7.0,0.16
07:35:27,164.33,36.0,172.7,37.0,162.56,41.0,342.12,41.0,168.52,8.369999999999976,77.0,78.0,1.2419822865226255,155,-1.0,5.0,-0.01
07:35:28,163.0,28.0,210.29,7.0,161.0,21.0,215.43,21.0,186.64,47.28999999999999,49.0,28.0,8.387962803925486,77,21.0,-78.0,0.27
07:35:29,162.14,42.0,209.87,15.0,160.67,27.0,218.6,45.0,186.0,47.73000000000002,69.0,60.0,10.246810235387366,129,9.0,52.0,0.07
07:35:30,161.0,12.0,209.0,8.0,160.0,8.0,229.0,24.0,185.0,48.0,20.0,32.0,10.109852620094966,52,-12.0,-77.0,-0.23
07:35:31,160.38,13.0,207.37,19.0,106.59,37.0,217.58,33.0,183.88,46.99000000000001,50.0,52.0,7.612064109033948,102,-2.0,50.0,-0.02
07:35:32,169.0,13.0,203.88,17.0,161.45,29.0,204.83,35.0,186.44,34.879999999999995,42.0,52.0,1.147309897126707,94,-10.0,-8.0,-0.11
07:35:33,164.38,26.0,201.16,25.0,162.29,35.0,202.63,19.0,182.77,36.78,61.0,44.0,1.511231286085761,105,17.0,11.0,0.16
07:35:34,163.0,48.0,199.46,28.0,158.0,12.0,199.6,20.0,181.23,36.46000000000001,60.0,48.0,2.0038288350165665,108,12.0,3.0,0.11
07:35:35,163.0,64.0,196.68,19.0,158.93,15.0,197.95,41.0,179.84,33.68000000000001,79.0,60.0,2.5317128589244136,139,19.0,31.0,0.14
07:35:36,163.0,37.0,195.44,27.0,160.22,9.0,197.0,9.0,179.22,32.44,46.0,36.0,2.8828544881840115,82,10.0,-57.0,0.12
07:35:37,163.0,18.0,194.94,16.0,162.0,6.0,196.25,8.0,178.97,31.939999999999998,24.0,24.0,1.5856008325054227,48,0.0,-34.0,0.0
07:35:38,163.94,48.0,192.53,34.0,162.95,38.0,194.0,22.0,178.23,28.590000000000003,86.0,56.0,1.1270181897562104,142,30.0,94.0,0.21
07:35:39,165.0,54.0,187.92,26.0,163.0,54.0,190.74,46.0,176.46,22.919999999999987,108.0,72.0,1.2999730766599837,180,36.0,38.0,0.2
07:35:40,165.54,37.0,185.77,26.0,163.71,42.0,186.93,30.0,175.65,20.230000000000018,79.0,56.0,1.5767149393724844,135,23.0,-45.0,0.17
07:35:41,167.0,65.0,184.57,21.0,163.0,39.0,185.13,31.0,175.79,17.569999999999993,104.0,52.0,1.4974979132005546,156,52.0,21.0,0.33
07:35:42,167.0,55.0,183.95,22.0,163.0,33.0,199.44,25.0,175.48,16.94999999999999,88.0,47.0,1.1294998893491128,135,41.0,-21.0,0.3
07:35:43,167.0,65.0,181.38,39.0,163.0,39.0,182.43,37.0,174.19,14.379999999999995,104.0,76.0,0.8282089108668516,180,28.0,45.0,0.16
07:35:44,167.0,55.0,179.33,36.0,163.0,33.0,180.16,38.0,173.17,12.330000000000013,88.0,74.0,1.1377961153207075,162,14.0,-18.0,0.09
07:35:45,169.0,112.0,177.64,50.0,167.0,80.0,178.9,60.0,173.32,8.639999999999986,192.0,110.0,1.2063788791414671,302,82.0,140.0,0.27
07:35:46,169.0,104.0,172.38,45.0,167.0,80.0,173.63,51.0,170.69,3.3799999999999955,184.0,96.0,1.7570856552934584,280,88.0,-22.0,0.31
07:35:47,167.62,58.0,171.62,32.0,165.26,38.0,183.37,35.0,169.62,4.0,96.0,67.0,1.942413447244791,163,29.0,-117.0,0.18
07:35:48,167.0,60.0,172.0,24.0,165.0,12.0,190.27,55.0,169.5,5.0,72.0,79.0,1.8710825743501789,151,-7.0,-12.0,-0.05
07:35:49,167.0,50.0,171.2,20.0,165.0,10.0,232.78,41.0,169.1,4.199999999999989,60.0,61.0,1.7108711231523235,121,-1.0,-30.0,-0.01
07:35:50,167.0,45.0,171.0,18.0,165.0,9.0,305.33,45.0,169.0,4.0,54.0,63.0,0.6721011828854776,117,-9.0,-4.0,-0.08
07:35:51,165.24,41.0,170.2,20.0,162.62,34.0,524.3,50.0,167.72,4.9599999999999795,75.0,70.0,0.7553277434569463,145,5.0,28.0,0.03
07:35:52,163.0,72.0,168.33,24.0,162.0,108.0,382.19,48.0,165.67,5.3300000000000125,180.0,72.0,1.562952334537236,252,108.0,107.0,0.43
07:35:53,162.18,44.0,168.0,18.0,161.47,57.0,392.3,43.0,165.09,5.819999999999993,101.0,61.0,1.8605187448760085,162,40.0,-90.0,0.25
07:35:54,162.0,48.0,167.25,16.0,161.0,40.0,270.75,24.0,164.62,5.25,88.0,40.0,1.8653283893284323,128,48.0,-34.0,0.38
07:35:55,162.14,43.0,166.0,26.0,161.5,70.0,261.62,39.0,164.07,3.8600000000000136,113.0,65.0,1.4073840982596644,178,48.0,50.0,0.27
07:35:56,162.0,8.0,165.25,16.0,161.0,40.0,237.38,32.0,163.62,3.25,48.0,48.0,0.8102036781166914,96,0.0,-82.0,0.0
07:35:57,161.05,37.0,164.0,18.0,160.26,38.0,180.0,45.0,162.53,2.9499999999999886,75.0,63.0,0.9851040554345359,138,12.0,42.0,0.09
07:35:58,161.0,60.0,162.58,24.0,160.0,48.0,302.66,47.0,161.79,1.5800000000000125,108.0,71.0,1.1518810702643412,179,37.0,41.0,0.21
07:35:59,161.2,30.0,251.02,47.0,159.62,39.0,366.38,47.0,206.11,89.82000000000002,69.0,94.0,19.299090133994312,163,-25.0,-16.0,-0.15
07:36:00,167.0,10.0,185.0,50.0,160.0,40.0,211.1,50.0,176.0,18.0,50.0,100.0,18.864258533004616,150,-50.0,-13.0,-0.33
07:36:01,167.0,51.0,171.61,72.0,160.0,60.0,173.42,36.0,169.31,4.610000000000014,111.0,108.0,18.242146803488833,219,3.0,69.0,0.01
07:36:02,165.65,26.0,169.93,54.0,156.43,56.0,172.0,30.0,167.79,4.280000000000001,82.0,84.0,17.467801807898965,166,-2.0,-53.0,-0.01
07:36:03,160.0,6.0,168.5,12.0,155.0,48.0,170.0,30.0,164.25,8.5,54.0,42.0,16.988529071112612,96,12.0,-70.0,0.12
07:36:04,156.05,21.0,167.1,61.0,148.95,56.0,168.81,37.0,161.57,11.049999999999983,77.0,98.0,5.498507070108639,175,-21.0,79.0,-0.12
07:36:05,157.0,7.0,166.57,35.0,153.53,17.0,168.0,14.0,161.79,9.569999999999993,24.0,49.0,3.499102742137429,73,-25.0,-102.0,-0.34
07:36:06,156.14,14.0,161.38,16.0,147.6,10.0,260.43,21.0,158.76,5.240000000000009,24.0,37.0,3.3857081977088552,61,-13.0,-12.0,-0.21
07:36:07,156.07,28.0,163.55,11.0,119.57,67.0,284.31,39.0,159.81,7.480000000000018,95.0,50.0,2.1015898743647274,145,45.0,84.0,0.31
07:36:08,158.67,12.0,162.0,12.0,155.75,24.0,294.12,40.0,160.33,3.3300000000000125,36.0,52.0,1.2579825118148735,88,-16.0,-57.0,-0.18
07:36:09,157.1,31.0,274.7,27.0,106.37,41.0,289.69,32.0,215.9,117.6,72.0,59.0,24.945997073679706,131,13.0,43.0,0.1
07:36:10,158.9,84.0,260.24,29.0,152.95,19.0,272.25,32.0,209.57,101.34,103.0,61.0,29.17643792514843,164,42.0,33.0,0.26
07:36:11,157.18,11.0,268.31,26.0,135.07,28.0,270.3,23.0,212.74,111.13,39.0,49.0,28.933989527889924,88,-10.0,-76.0,-0.11
07:36:12,163.0,10.0,265.9,50.0,155.0,20.0,269.0,20.0,214.45,102.89999999999998,30.0,70.0,23.745872694008277,100,-40.0,12.0,-0.4
07:36:13,164.67,24.0,260.66,56.0,156.86,57.0,262.79,42.0,212.66,95.99000000000004,81.0,98.0,2.368550189472958,179,-17.0,79.0,-0.09
07:36:14,167.0,70.0,232.11,37.0,163.0,14.0,243.97,40.0,199.55,65.11000000000001,84.0,77.0,5.990845516289914,161,7.0,-18.0,0.04
07:36:15,167.0,56.0,179.52,33.0,163.0,12.0,203.57,37.0,173.26,12.52000000000001,68.0,70.0,17.425273885940737,138,-2.0,-23.0,-0.01
07:36:16,161.07,59.0,166.76,42.0,160.06,179.0,167.47,51.0,163.91,5.689999999999998,238.0,93.0,23.049634053495165,331,145.0,168.0,0.44
07:36:17,161.89,105.0,163.75,32.0,160.48,75.0,220.5,32.0,162.82,1.8600000000000136,180.0,64.0,22.464295003405727,244,116.0,-87.0,0.48
07:36:18,162.09,55.0,262.31,39.0,161.38,52.0,419.75,32.0,212.2,100.22,107.0,71.0,22.310003809951247,178,36.0,-66.0,0.2
07:36:19,163.0,11.0,235.74,23.0,162.0,44.0,428.89,28.0,199.37,72.74000000000001,55.0,51.0,22.275425248466956,106,4.0,-72.0,0.04
07:36:20,161.8,20.0,184.55,22.0,160.9,71.0,189.91,22.0,173.17,22.75,91.0,44.0,22.28460298053432,135,47.0,29.0,0.35
07:36:21,160.84,69.0,183.0,26.0,159.86,114.0,218.38,26.0,171.92,22.159999999999997,183.0,52.0,20.876006083540975,235,131.0,100.0,0.56
07:36:22,161.48,46.0,183.0,16.0,159.22,36.0,363.14,21.0,172.24,21.52000000000001,82.0,37.0,18.8225117877514,119,45.0,-116.0,0.38
07:36:23,167.0,24.0,183.0,16.0,160.0,112.0,330.64,22.0,175.0,16.0,136.0,38.0,11.81706181756012,174,98.0,55.0,0.56
07:36:24,167.0,30.0,182.8,20.0,161.8,90.0,305.62,29.0,174.9,15.800000000000011,120.0,49.0,1.4481298284460378,169,71.0,-5.0,0.42
07:36:25,167.0,27.0,180.45,22.0,162.0,81.0,280.08,25.0,173.73,13.449999999999989,108.0,47.0,1.4430938985510249,155,61.0,-14.0,0.39
07:36:26,167.0,24.0,176.11,18.0,162.0,72.0,177.13,30.0,171.56,9.110000000000014,96.0,48.0,1.5502515924956013,144,48.0,-11.0,0.33
07:36:27,167.0,42.0,174.29,34.0,162.23,90.0,175.4,50.0,170.65,7.289999999999992,132.0,84.0,1.9747075732966184,216,48.0,72.0,0.22
07:36:28,167.0,17.0,171.44,18.0,163.0,27.0,174.0,36.0,169.22,4.439999999999998,44.0,54.0,2.2992759730042374,98,-10.0,-118.0,-0.1
07:36:29,163.8,46.0,168.64,28.0,162.72,129.0,182.05,42.0,166.22,4.839999999999975,175.0,70.0,2.796646205731782,245,105.0,147.0,0.43
07:36:30,162.58,62.0,165.72,36.0,162.02,171.0,200.2,35.0,164.15,3.1399999999999864,233.0,71.0,3.103522192611708,304,162.0,59.0,0.53
07:36:31,162.55,60.0,164.0,28.0,161.51,147.0,233.11,38.0,163.28,1.4499999999999886,207.0,66.0,3.177346377094072,273,141.0,-31.0,0.52
07:36:32,162.0,63.0,332.18,17.0,159.0,90.0,494.45,22.0,247.09,170.18,153.0,39.0,36.46267091149574,192,114.0,-81.0,0.59
07:36:33,162.0,28.0,165.0,12.0,159.0,54.0,421.0,12.0,163.5,3.0,82.0,24.0,37.048589311875794,106,58.0,-86.0,0.55
07:36:34,162.0,40.0,164.33,24.0,158.83,83.0,279.67,24.0,163.17,2.3300000000000125,123.0,48.0,37.373335013081686,171,75.0,65.0,0.44
07:36:35,162.0,28.0,163.86,14.0,159.0,14.0,165.0,14.0,162.93,1.8600000000000136,42.0,28.0,37.50836613343798,70,14.0,-101.0,0.2
07:36:36,162.0,18.0,168.2,15.0,159.0,12.0,190.33,15.0,165.1,6.199999999999989,30.0,30.0,37.31394203243658,60,0.0,-10.0,0.0
07:36:37,162.0,18.0,231.12,26.0,160.78,54.0,290.67,18.0,196.56,69.12,72.0,44.0,14.731003699681633,116,28.0,56.0,0.24
07:36:38,162.0,20.0,243.0,30.0,161.0,80.0,332.5,32.0,202.5,81.0,100.0,62.0,19.736728958974858,162,38.0,46.0,0.23
07:36:39,162.0,14.0,241.43,21.0,161.0,56.0,399.57,35.0,201.71,79.43,70.0,56.0,19.99571579113985,126,14.0,-36.0,0.11
07:36:40,162.0,14.0,168.45,11.0,161.0,56.0,232.53,17.0,165.23,6.449999999999989,70.0,28.0,19.3554165545472,98,42.0,-28.0,0.43
07:36:41,161.06,32.0,221.48,23.0,160.18,44.0,315.09,11.0,191.27,60.41999999999999,76.0,34.0,15.337885447480762,110,42.0,12.0,0.38
07:36:42,164.29,34.0,413.6,45.0,160.59,59.0,427.35,31.0,288.95,249.31000000000003,93.0,76.0,46.672313206011665,169,17.0,59.0,0.1
07:36:43,160.26,38.0,261.04,23.0,159.8,30.0,394.07,28.0,210.65,100.78000000000003,68.0,51.0,46.48982598375748,119,17.0,-50.0,0.14
07:36:44,160.0,22.0,288.0,12.0,159.0,10.0,441.0,9.0,224.0,128.0,32.0,21.0,46.377496698291665,53,11.0,-66.0,0.21
07:36:45,157.5,16.0,342.17,23.0,147.18,17.0,414.77,22.0,249.84,184.67000000000002,33.0,45.0,37.8678183950444,78,-12.0,25.0,-0.15
07:36:46,156.75,24.0,281.09,32.0,131.16,19.0,335.65,43.0,218.92,124.33999999999997,43.0,75.0,31.792464044173524,118,-32.0,40.0,-0.27
07:36:47,152.0,10.0,188.2,30.0,98.0,10.0,189.21,28.0,170.1,36.19999999999999,20.0,58.0,28.916606301570994,78,-38.0,-40.0,-0.49
07:36:48,152.89,36.0,178.47,38.0,132.36,11.0,185.97,35.0,165.68,25.580000000000013,47.0,73.0,36.49300645329254,120,-26.0,42.0,-0.22
07:36:49,153.0,12.0,183.33,24.0,152.0,6.0,185.0,18.0,168.17,30.330000000000013,18.0,42.0,38.0067904459196,60,-24.0,-60.0,-0.4
07:36:50,166.02,86.0,179.91,47.0,153.67,15.0,181.36,42.0,172.97,13.889999999999986,101.0,89.0,22.381619020974274,190,12.0,130.0,0.06
07:36:51,169.0,196.0,179.0,56.0,166.0,16.0,180.0,42.0,174.0,10.0,212.0,98.0,3.415879096225949,310,114.0,120.0,0.37
07:36:52,169.0,140.0,176.77,31.0,167.0,10.0,178.21,34.0,172.89,7.77000000000001,150.0,65.0,3.6204792500487653,215,85.0,-95.0,0.4
07:36:53,169.0,196.0,171.92,48.0,167.0,14.0,174.16,43.0,170.46,2.9199999999999875,210.0,91.0,2.3620690083133007,301,119.0,86.0,0.4
07:36:54,169.0,109.0,170.0,32.0,167.0,8.0,171.0,24.0,169.5,1.0,117.0,56.0,1.893945616968527,173,61.0,-128.0,0.35
07:36:55,169.0,114.0,170.45,44.0,167.0,10.0,172.89,38.0,169.73,1.4499999999999886,124.0,82.0,2.014157392070923,206,42.0,33.0,0.2
07:36:56,169.0,70.0,170.16,32.0,167.0,10.0,171.5,36.0,169.58,1.1599999999999966,80.0,68.0,1.4256472214518738,148,12.0,-58.0,0.08
07:36:57,169.0,35.0,170.0,21.0,167.0,7.0,171.0,14.0,169.5,1.0,42.0,35.0,0.4056846066011275,77,7.0,-71.0,0.09
07:36:58,169.0,24.0,170.0,39.0,167.0,13.0,317.68,25.0,169.5,1.0,37.0,64.0,0.10009995021480558,101,-27.0,24.0,-0.27
07:36:59,166.25,8.0,442.38,26.0,163.65,31.0,585.86,14.0,304.32,276.13,39.0,40.0,60.25875106571698,79,-1.0,-22.0,-0.01
07:37:00,165.0,6.0,280.33,18.0,163.0,42.0,447.0,18.0,222.67,115.32999999999998,48.0,36.0,59.01148769519416,84,12.0,5.0,0.14
07:37:01,163.39,36.0,319.73,22.0,162.36,67.0,504.0,32.0,241.56,156.34000000000003,103.0,54.0,56.28260033083103,157,49.0,73.0,0.31
07:37:02,163.89,18.0,324.45,22.0,162.18,66.0,334.89,38.0,244.17,160.56,84.0,60.0,48.384496793911886,144,24.0,-13.0,0.17
07:37:03,163.0,14.0,279.29,14.0,162.0,63.0,581.14,28.0,221.14,116.29000000000002,77.0,42.0,33.85119451363683,119,35.0,-25.0,0.29
07:37:04,163.0,22.0,276.22,36.0,162.0,99.0,282.93,30.0,219.61,113.22000000000003,121.0,66.0,11.983932993807418,187,55.0,68.0,0.29
07:37:05,163.0,10.0,273.25,16.0,162.0,45.0,274.57,14.0,218.12,110.25,55.0,30.0,12.807972126767977,85,25.0,-102.0,0.29
07:37:06,163.0,6.0,273.0,12.0,162.0,27.0,274.0,6.0,218.0,110.0,33.0,18.0,11.232082175628106,51,15.0,-34.0,0.29
07:37:07,163.0,14.0,272.6,20.0,162.0,63.0,273.27,22.0,217.8,109.60000000000002,77.0,42.0,1.4269127513831201,119,35.0,68.0,0.29
07:37:08,162.36,28.0,261.54,26.0,161.94,48.0,268.46,26.0,211.95,99.18,76.0,52.0,2.9649165249731304,128,24.0,9.0,0.19
07:37:09,162.0,44.0,237.32,37.0,161.0,10.0,262.93,30.0,199.66,75.32,54.0,67.0,7.957014515511233,121,-13.0,-7.0,-0.11
07:37:10,162.9,20.0,171.74,27.0,161.95,19.0,203.3,33.0,167.32,8.840000000000003,39.0,60.0,21.262325366714965,99,-21.0,-22.0,-0.21
07:37:11,160.55,22.0,168.12,34.0,159.05,74.0,170.25,32.0,164.33,7.569999999999993,96.0,66.0,24.984118355468233,162,30.0,63.0,0.19
07:37:12,159.0,36.0,167.0,24.0,156.03,36.0,169.0,12.0,163.0,8.0,72.0,36.0,22.884557456941103,108,36.0,-54.0,0.33
07:37:13,158.72,74.0,166.1,40.0,155.38,71.0,166.74,35.0,162.41,7.3799999999999955,145.0,75.0,15.942265522818065,220,70.0,112.0,0.32
07:37:14,159.0,63.0,161.9,29.0,156.0,63.0,164.58,31.0,160.45,2.9000000000000057,126.0,60.0,2.550582286465144,186,66.0,-34.0,0.35
07:37:15,160.42,53.0,241.16,32.0,157.67,63.0,554.38,24.0,200.79,80.74000000000001,116.0,56.0,17.159483675216833,172,60.0,-14.0,0.35
07:37:16,162.0,19.0,280.6,15.0,159.0,35.0,418.2,15.0,221.3,118.60000000000002,54.0,30.0,27.8652301264504,84,24.0,-88.0,0.29
07:37:17,159.0,54.0,230.44,27.0,156.0,63.0,266.89,27.0,194.72,71.44,117.0,54.0,26.13169206155702,171,63.0,87.0,0.37
07:37:18,159.0,30.0,190.12,24.0,156.0,56.0,321.25,24.0,174.56,31.120000000000005,86.0,48.0,23.607870086054845,134,38.0,-37.0,0.28
07:37:19,159.29,24.0,187.83,36.0,156.9,60.0,422.25,36.0,173.56,28.54000000000002,84.0,72.0,19.890190547102463,156,12.0,22.0,0.08
07:37:20,161.86,14.0,184.5,50.0,160.0,56.0,198.89,47.0,173.18,22.639999999999986,70.0,97.0,20.984467589148917,167,-27.0,11.0,-0.16
07:37:21,163.07,180.0,181.89,62.0,162.83,133.0,183.38,64.0,172.48,18.819999999999993,313.0,126.0,9.544087174792368,439,187.0,168.0,0.43
07:37:22,163.19,134.0,176.58,50.0,162.79,151.0,179.27,55.0,169.89,13.390000000000015,285.0,105.0,1.7584311189334676,390,180.0,-49.0,0.46
07:37:23,163.46,130.0,173.41,44.0,162.74,122.0,174.78,54.0,168.44,9.949999999999989,252.0,98.0,2.235039149552623,350,154.0,-40.0,0.44
07:37:24,163.83,152.0,235.14,44.0,162.51,90.0,354.86,37.0,199.48,71.30999999999997,242.0,81.0,12.881485939131238,323,161.0,-27.0,0.5
07:37:25,164.0,192.0,283.84,62.0,162.04,67.0,294.73,45.0,223.92,119.83999999999997,259.0,107.0,24.324720347828084,366,152.0,43.0,0.42
07:37:26,164.0,80.0,189.41,27.0,163.0,24.0,225.78,23.0,176.7,25.409999999999997,104.0,50.0,23.768674342504717,154,54.0,-168.0,0.35
07:37:27,164.0,125.0,185.4,47.0,163.0,42.0,186.19,53.0,174.7,21.400000000000006,167.0,100.0,22.951638721451737,267,67.0,113.0,0.25
07:37:28,164.31,65.0,180.23,35.0,163.0,39.0,181.23,39.0,172.27,15.919999999999987,104.0,74.0,22.158817206702235,178,30.0,-89.0,0.17
07:37:29,165.0,60.0,169.35,48.0,163.0,36.0,170.69,45.0,167.18,4.349999999999994,96.0,93.0,23.17553192485642,189,3.0,11.0,0.02
07:37:30,165.0,51.0,166.56,36.0,163.0,36.0,167.23,52.0,165.78,1.5600000000000023,87.0,88.0,4.719701261735979,175,-1.0,-14.0,-0.01
07:37:31,163.0,21.0,164.81,21.0,162.0,35.0,167.3,20.0,163.9,1.8100000000000023,56.0,41.0,4.544224906409309,97,15.0,-78.0,0.15
07:37:32,162.07,59.0,164.84,50.0,161.12,80.0,183.62,52.0,163.45,2.7700000000000102,139.0,102.0,3.54735535293963,241,37.0,144.0,0.15
07:37:33,161.29,56.0,164.4,30.0,160.56,72.0,181.09,46.0,162.84,3.1100000000000136,128.0,76.0,1.7996110691002918,204,52.0,-37.0,0.25
07:37:34,161.0,35.0,162.86,7.0,160.0,28.0,203.96,23.0,161.93,1.8600000000000136,63.0,30.0,1.4343465411216678,93,33.0,-111.0,0.35
07:37:35,162.39,56.0,215.18,33.0,160.63,54.0,361.08,39.0,188.79,52.79000000000002,110.0,72.0,11.543845546438586,182,38.0,89.0,0.21
07:37:36,167.0,24.0,245.91,22.0,162.0,36.0,479.17,18.0,206.45,78.91,60.0,40.0,20.106250769351163,100,20.0,-82.0,0.2
07:37:37,167.0,36.0,236.3,20.0,162.0,54.0,316.14,28.0,201.65,69.30000000000001,90.0,48.0,21.052009880295007,138,42.0,38.0,0.3
07:37:38,167.0,24.0,196.0,6.0,163.88,16.0,349.71,21.0,181.5,29.0,40.0,27.0,17.67217813400603,67,13.0,-71.0,0.19
07:37:39,167.0,70.0,196.0,9.0,165.0,18.0,423.0,36.0,181.5,29.0,88.0,45.0,11.540436300246338,133,43.0,66.0,0.32
07:37:40,167.0,64.0,194.91,32.0,165.0,16.0,362.5,14.0,180.95,27.909999999999997,80.0,46.0,12.568681315080056,126,34.0,-7.0,0.27
07:37:41,166.84,50.0,193.0,79.0,164.24,42.0,458.38,45.0,179.92,26.159999999999997,92.0,124.0,9.27196473246311,216,-32.0,90.0,-0.15
07:37:42,167.0,27.0,193.0,32.0,165.0,12.0,403.71,14.0,180.0,26.0,39.0,46.0,0.7767753858338805,85,-7.0,-131.0,-0.08
07:37:43,167.0,40.0,180.65,23.0,165.0,20.0,214.24,37.0,173.83,13.650000000000006,60.0,60.0,3.0959570410515354,120,0.0,35.0,0.0
07:37:44,165.13,15.0,166.87,31.0,163.07,58.0,174.86,28.0,166.0,1.740000000000009,73.0,59.0,6.334031101915675,132,14.0,12.0,0.11
07:37:45,163.15,78.0,247.12,40.0,162.69,35.0,437.25,32.0,205.14,83.97,113.0,72.0,14.674062832087003,185,41.0,53.0,0.22
07:37:46,163.0,60.0,294.92,26.0,162.0,10.0,326.1,20.0,228.96,131.92000000000002,70.0,46.0,25.89150980534047,116,24.0,-69.0,0.21
07:37:47,166.0,24.0,231.71,14.0,162.97,37.0,247.33,21.0,198.86,65.71000000000001,61.0,35.0,25.29423293954658,96,26.0,-20.0,0.27
07:37:48,163.42,57.0,208.67,27.0,162.57,21.0,209.41,17.0,186.04,45.25,78.0,44.0,23.303875214222302,122,34.0,26.0,0.28
07:37:49,163.0,15.0,196.57,14.0,162.0,5.0,206.67,9.0,179.79,33.56999999999999,20.0,23.0,19.16659646364074,43,-3.0,-79.0,-0.07
07:37:50,162.08,25.0,167.7,33.0,159.25,53.0,257.24,21.0,164.89,5.619999999999976,78.0,54.0,24.146597482876174,132,24.0,89.0,0.18
07:37:51,161.0,12.0,164.0,18.0,139.45,22.0,387.36,14.0,162.5,3.0,34.0,32.0,15.118218479703067,66,2.0,-66.0,0.03
07:37:52,161.0,18.0,236.13,23.0,127.56,18.0,317.61,41.0,198.57,75.13,36.0,64.0,15.02041843624987,100,-28.0,34.0,-0.28
07:37:53,161.0,14.0,230.0,7.0,160.0,7.0,252.36,33.0,195.5,69.0,21.0,40.0,16.72863263987932,61,-19.0,-39.0,-0.31
07:37:54,161.92,26.0,289.0,12.0,160.95,19.0,575.5,40.0,225.46,127.08000000000001,45.0,52.0,26.201008186709917,97,-7.0,36.0,-0.07
07:37:55,164.06,17.0,322.23,13.0,161.33,18.0,492.56,27.0,243.14,158.17000000000002,35.0,40.0,30.867095425388616,75,-5.0,-22.0,-0.07
07:37:58,163.0,72.0,334.93,30.0,162.0,18.0,410.13,15.0,248.97,171.93,90.0,45.0,41.33725414199731,135,45.0,-10.0,0.33
07:37:59,163.42,26.0,205.07,43.0,162.77,35.0,294.27,22.0,184.25,41.650000000000006,61.0,65.0,54.18679202536417,126,-4.0,-9.0,-0.03
07:38:00,165.0,5.0,203.71,21.0,163.0,15.0,208.24,17.0,184.36,38.71000000000001,20.0,38.0,64.27811501592174,58,-18.0,-68.0,-0.31
07:38:01,165.0,15.0,200.99,67.0,163.0,108.0,202.32,62.0,182.99,35.99000000000001,123.0,129.0,55.324373019493414,252,-6.0,168.0,-0.02
07:38:02,165.0,14.0,195.36,56.0,163.0,184.0,196.43,56.0,180.18,30.360000000000014,198.0,112.0,29.575297969759134,310,86.0,58.0,0.28
07:38:03,165.0,11.0,191.91,44.0,163.0,143.0,193.18,44.0,178.45,26.909999999999997,154.0,88.0,2.622809562288524,242,66.0,-68.0,0.27
07:38:04,163.1,78.0,183.81,53.0,162.69,64.0,189.82,44.0,173.46,20.710000000000008,142.0,97.0,4.274736249177387,239,45.0,-3.0,0.19
07:38:05,163.0,98.0,168.5,56.0,162.0,28.0,175.0,32.0,165.75,5.5,126.0,88.0,6.777007451672863,214,38.0,-25.0,0.18
07:38:06,163.0,91.0,187.0,52.0,162.0,26.0,210.43,53.0,175.0,24.0,117.0,105.0,5.606600574325657,222,12.0,8.0,0.05
07:38:07,163.0,91.0,189.31,52.0,162.0,26.0,191.0,52.0,176.15,26.310000000000002,117.0,104.0,4.834663380218772,221,13.0,-1.0,0.06
07:38:08,163.0,48.0,185.0,20.0,162.0,16.0,188.75,32.0,174.0,22.0,64.0,52.0,4.111407301645993,116,12.0,-105.0,0.1
07:38:09,163.52,27.0,172.44,48.0,161.56,32.0,180.3,57.0,167.98,8.919999999999987,59.0,105.0,4.615043878450933,164,-46.0,48.0,-0.28
07:38:10,167.0,27.0,170.33,36.0,162.0,16.0,171.33,36.0,168.67,3.3300000000000125,43.0,72.0,3.7690781366307293,115,-29.0,-49.0,-0.25
07:38:11,167.0,70.0,169.6,40.0,162.0,80.0,170.6,40.0,168.3,2.5999999999999943,150.0,80.0,3.7868126439034495,230,70.0,115.0,0.3
07:38:12,162.61,82.0,168.08,50.0,161.39,103.0,246.64,56.0,165.34,5.469999999999999,185.0,106.0,3.1596708689396475,291,79.0,61.0,0.27
07:38:13,162.0,80.0,167.75,28.0,161.0,70.0,289.61,18.0,164.88,5.75,150.0,46.0,1.780696492955715,196,104.0,-95.0,0.53
07:38:14,162.0,46.0,163.56,18.0,161.0,84.0,246.71,35.0,162.78,1.5600000000000023,130.0,53.0,2.473717849720169,183,77.0,-13.0,0.42
07:38:15,162.0,24.0,163.0,18.0,161.0,56.0,264.57,14.0,162.5,1.0,80.0,32.0,2.3404273114163305,112,48.0,-71.0,0.43
07:38:16,162.0,23.0,260.16,31.0,161.0,77.0,367.46,37.0,211.08,98.16000000000003,100.0,68.0,21.147668429404423,168,32.0,56.0,0.19
07:38:17,162.0,11.0,282.0,11.0,161.0,77.0,395.61,18.0,222.0,120.0,88.0,29.0,29.382561494873705,117,59.0,-51.0,0.5
07:38:18,162.0,11.0,225.53,17.0,161.0,77.0,358.46,13.0,193.76,63.53,88.0,30.0,27.289116511899724,118,58.0,1.0,0.49
07:38:19,162.0,12.0,376.77,35.0,161.0,84.0,478.33,27.0,269.39,214.76999999999998,96.0,62.0,39.29721211485682,158,34.0,40.0,0.22
07:38:20,161.03,36.0,439.88,34.0,160.16,43.0,467.79,39.0,300.46,278.85,79.0,73.0,44.202648336949956,152,6.0,-6.0,0.04
07:38:21,161.03,31.0,204.88,41.0,160.07,43.0,280.0,33.0,182.96,43.849999999999994,74.0,74.0,50.09319794143772,148,0.0,-4.0,0.0
07:38:22,160.97,32.0,202.64,55.0,159.93,43.0,205.0,33.0,181.8,41.66999999999999,75.0,88.0,55.38942028943844,163,-13.0,15.0,-0.08
07:38:23,161.0,27.0,201.07,55.0,160.0,36.0,202.61,31.0,181.04,40.06999999999999,63.0,86.0,57.47452131162167,149,-23.0,-14.0,-0.15
07:38:24,161.0,30.0,196.3,50.0,160.0,40.0,200.0,30.0,178.65,35.30000000000001,70.0,80.0,53.39713400548799,150,-10.0,1.0,-0.07
07:38:25,161.0,24.0,195.81,31.0,160.0,32.0,198.0,30.0,178.4,34.81,56.0,61.0,1.990050250628811,117,-5.0,-33.0,-0.04
07:38:26,164.12,68.0,191.3,44.0,158.83,58.0,193.58,55.0,177.71,27.180000000000007,126.0,99.0,1.788588829224623,225,27.0,108.0,0.12
07:38:27,167.0,60.0,186.69,35.0,162.0,15.0,187.91,55.0,176.84,19.689999999999998,75.0,90.0,1.5700222928437984,165,-15.0,-60.0,-0.09
07:38:28,167.0,36.0,185.24,21.0,165.45,29.0,186.85,26.0,176.12,18.24000000000001,65.0,47.0,1.0614753883279202,112,18.0,-53.0,0.16
07:38:29,167.0,38.0,183.27,55.0,166.0,55.0,185.0,22.0,175.14,16.27000000000001,93.0,77.0,1.2844142634000504,170,16.0,58.0,0.09
07:38:30,167.0,9.0,181.22,45.0,166.0,45.0,185.0,18.0,174.11,14.219999999999999,54.0,63.0,1.4101879307471596,117,-9.0,-53.0,-0.08
07:38:31,165.93,14.0,167.93,28.0,163.24,29.0,173.23,26.0,166.93,2.0,43.0,54.0,3.9908858665744362,97,-11.0,-20.0,-0.11
07:38:32,162.0,11.0,165.0,37.0,160.06,127.0,166.51,37.0,163.5,3.0,138.0,74.0,5.606090438088014,212,64.0,115.0,0.3
07:38:33,161.22,23.0,163.0,55.0,160.33,107.0,164.0,22.0,162.11,1.7800000000000011,130.0,77.0,5.9949537112491535,207,53.0,-5.0,0.26
07:38:34,160.83,64.0,163.24,51.0,157.71,210.0,225.0,36.0,162.03,2.4099999999999966,274.0,87.0,5.085064404707021,361,187.0,154.0,0.52
07:38:35,160.0,180.0,161.5,18.0,79.76,42.0,162.36,33.0,160.75,1.5,222.0,51.0,2.370122359714059,273,171.0,-88.0,0.63
07:38:36,160.0,119.0,162.71,14.0,157.0,10.0,221.67,36.0,161.36,2.710000000000008,129.0,50.0,1.027448295543773,179,79.0,-94.0,0.44
07:38:37,160.0,28.0,164.0,4.0,157.0,4.0,269.0,20.0,162.0,4.0,32.0,24.0,0.5857900647976436,56,8.0,-123.0,0.14
07:38:38,161.45,22.0,164.0,9.0,160.78,54.0,318.78,45.0,162.73,2.5500000000000114,76.0,54.0,0.7500866616702966,130,22.0,74.0,0.17
07:38:39,161.0,61.0,283.26,27.0,160.0,66.0,348.02,50.0,222.13,122.25999999999999,127.0,77.0,27.030675722223855,204,50.0,74.0,0.25
07:38:40,162.79,14.0,339.61,46.0,160.02,55.0,395.17,36.0,251.2,176.82000000000002,69.0,82.0,42.154276532755624,151,-13.0,-53.0,-0.09
07:38:41,165.91,22.0,265.16,37.0,160.76,34.0,429.6,35.0,215.54,99.25000000000003,56.0,72.0,39.206917119304826,128,-16.0,-23.0,-0.12
07:38:42,167.0,36.0,323.97,29.0,163.0,16.0,328.18,11.0,245.48,156.97000000000003,52.0,40.0,35.09005029919517,92,12.0,-36.0,0.13
07:38:43,167.0,60.0,196.47,19.0,163.0,20.0,217.35,31.0,181.74,29.47,80.0,50.0,27.65478656580175,130,30.0,38.0,0.23
07:38:44,167.0,60.0,198.46,39.0,163.0,20.0,273.14,21.0,182.73,31.460000000000008,80.0,60.0,33.11635275811702,140,20.0,10.0,0.14
07:38:45,167.0,36.0,173.89,19.0,163.0,12.0,179.3,23.0,170.45,6.889999999999986,48.0,42.0,30.868706970005007,90,6.0,-50.0,0.07
07:38:46,167.0,42.0,172.43,21.0,162.86,14.0,381.43,28.0,169.71,5.430000000000007,56.0,49.0,31.595075090906658,105,7.0,15.0,0.07
07:38:47,167.0,42.0,172.0,21.0,163.0,21.0,421.78,18.0,169.5,5.0,63.0,39.0,6.781698164915761,102,24.0,-3.0,0.24
07:38:48,167.0,52.0,171.5,36.0,163.0,36.0,368.47,34.0,169.25,4.5,88.0,70.0,5.832111110054431,158,18.0,56.0,0.11
07:38:49,166.67,24.0,171.0,21.0,162.85,13.0,338.0,28.0,168.83,4.3300000000000125,37.0,49.0,0.601348484673301,86,-12.0,-72.0,-0.14
07:38:50,161.93,15.0,171.0,30.0,159.75,12.0,352.15,33.0,166.47,9.069999999999993,27.0,63.0,1.3170876964038893,90,-36.0,4.0,-0.4
07:38:53,161.85,13.0,164.3,10.0,88.95,19.0,187.17,18.0,163.07,2.450000000000017,32.0,28.0,22.186919119156872,60,4.0,2.0,0.07
07:38:54,160.75,12.0,163.29,7.0,106.38,8.0,210.9,10.0,162.02,2.539999999999992,20.0,17.0,20.919109206656195,37,3.0,-23.0,0.08
07:38:55,161.0,32.0,163.4,15.0,160.0,8.0,168.5,8.0,162.2,2.4000000000000057,40.0,23.0,20.08242888696503,63,17.0,26.0,0.27
07:38:56,161.08,24.0,185.0,12.0,160.0,10.0,252.57,14.0,173.04,23.919999999999987,34.0,26.0,16.8728785333153,60,8.0,-3.0,0.13
07:38:57,162.0,12.0,265.0,12.0,160.0,6.0,361.0,6.0,213.5,103.0,18.0,18.0,22.13855867033851,36,0.0,-24.0,0.0
07:38:58,162.0,16.0,265.0,16.0,160.0,8.0,473.75,8.0,213.5,103.0,24.0,24.0,26.529947606431975,48,0.0,12.0,0.0
07:38:59,160.47,19.0,240.1,10.0,146.5,10.0,258.0,13.0,200.29,79.63,29.0,23.0,23.661495726179893,52,6.0,4.0,0.12
07:39:00,160.07,45.0,197.0,24.0,108.2,10.0,224.1,10.0,178.53,36.93000000000001,55.0,34.0,19.12463515991954,89,21.0,37.0,0.24
07:39:01,165.92,77.0,193.48,67.0,155.51,43.0,213.64,36.0,179.7,27.560000000000002,120.0,103.0,17.289454300238383,223,17.0,134.0,0.08
07:39:02,169.0,94.0,191.5,40.0,164.75,8.0,194.0,32.0,180.25,22.5,102.0,72.0,15.730677989204038,174,30.0,-49.0,0.17
07:39:03,169.0,53.0,190.29,35.0,165.0,7.0,194.0,28.0,179.64,21.289999999999992,60.0,63.0,9.305126006671014,123,-3.0,-51.0,-0.02
07:39:04,169.0,79.0,188.54,65.0,165.0,15.0,194.0,52.0,178.77,19.539999999999992,94.0,117.0,0.7108938036186351,211,-23.0,88.0,-0.11
07:39:05,169.0,45.0,186.86,29.0,165.0,9.0,205.75,28.0,177.93,17.860000000000014,54.0,57.0,0.9120142542873491,111,-3.0,-100.0,-0.03
07:39:06,169.0,45.0,184.06,33.0,165.0,9.0,185.71,21.0,176.53,15.060000000000002,54.0,54.0,1.4632088026057644,108,0.0,-3.0,0.0
07:39:07,169.0,40.0,180.95,20.0,165.0,8.0,183.07,28.0,174.97,11.949999999999989,48.0,48.0,1.8504107652146993,96,0.0,-12.0,0.0
07:39:08,169.0,62.0,177.24,33.0,165.0,13.0,179.78,45.0,173.12,8.240000000000009,75.0,78.0,2.274066841590578,153,-3.0,57.0,-0.02
07:39:09,168.69,26.0,177.58,12.0,163.75,16.0,392.56,9.0,173.14,8.890000000000015,42.0,21.0,2.111011605847097,63,21.0,-90.0,0.33
07:39:10,168.71,34.0,176.5,10.0,160.9,20.0,213.08,13.0,172.6,7.789999999999992,54.0,23.0,1.642397637608058,77,31.0,14.0,0.4
07:39:11,163.0,6.0,174.33,6.0,161.0,24.0,177.0,6.0,168.67,11.330000000000013,30.0,12.0,2.3223802444947896,42,18.0,-35.0,0.43
07:39:12,163.0,10.0,173.0,10.0,161.0,40.0,177.0,10.0,168.0,10.0,50.0,20.0,2.5498392106207155,70,30.0,28.0,0.43
07:39:13,161.15,13.0,172.57,7.0,157.35,46.0,177.0,7.0,166.86,11.419999999999987,59.0,14.0,2.8346745845013865,73,45.0,3.0,0.62
07:39:14,161.0,26.0,169.23,13.0,157.0,91.0,170.23,13.0,165.12,8.22999999999999,117.0,26.0,2.7789566387435993,143,91.0,70.0,0.64
07:39:15,161.0,14.0,168.0,7.0,157.0,49.0,169.0,7.0,164.5,7.0,63.0,14.0,1.79641309280914,77,49.0,-66.0,0.64
07:39:16,162.32,28.0,165.64,14.0,158.67,48.0,167.21,14.0,163.98,3.319999999999993,76.0,28.0,1.685977461301157,104,48.0,27.0,0.46
07:39:17,157.73,71.0,166.29,14.0,128.03,65.0,428.22,23.0,162.01,8.560000000000002,136.0,37.0,1.7624074443824593,173,99.0,69.0,0.57
07:39:18,158.39,93.0,162.77,13.0,139.38,26.0,345.13,15.0,160.58,4.380000000000024,119.0,28.0,1.887993644060775,147,91.0,-26.0,0.62
07:39:20,165.54,123.0,309.0,30.0,161.92,244.0,439.36,28.0,237.27,143.46,367.0,58.0,75.43305860165054,425,309.0,43.0,0.73
07:39:21,167.0,86.0,232.82,22.0,162.43,63.0,366.22,18.0,199.91,65.82,149.0,40.0,71.38985130955275,189,109.0,-168.0,0.58
07:39:22,167.0,24.0,310.67,18.0,163.0,27.0,624.22,9.0,238.83,143.67000000000002,51.0,27.0,64.06124280717678,78,24.0,-111.0,0.31
07:39:23,167.0,9.0,405.44,18.0,163.0,27.0,522.0,15.0,286.22,238.44,36.0,33.0,51.49827793237437,69,3.0,-9.0,0.04
07:39:24,167.0,12.0,356.45,31.0,163.0,36.0,441.22,23.0,261.73,189.45,48.0,54.0,32.05345098425547,102,-6.0,33.0,-0.06
07:39:25,167.0,12.0,333.0,30.0,163.0,30.0,473.1,20.0,250.0,166.0,42.0,50.0,31.811267972214967,92,-8.0,-10.0,-0.09
07:39:26,167.0,16.0,332.0,24.0,163.0,24.0,379.25,16.0,249.5,165.0,40.0,40.0,18.105610456432455,80,0.0,-12.0,0.0
07:39:27,168.12,32.0,328.19,32.0,163.28,29.0,336.96,23.0,248.16,160.07,61.0,55.0,16.101727236544455,116,6.0,36.0,0.05
07:39:28,169.0,97.0,314.17,23.0,167.0,11.0,330.5,32.0,241.59,145.17000000000002,108.0,55.0,7.276065557708439,163,53.0,47.0,0.33
07:39:29,169.0,63.0,326.86,28.0,167.0,9.0,327.94,33.0,247.93,157.86,72.0,61.0,3.3829765000763614,133,11.0,-30.0,0.08
07:39:30,169.0,84.0,324.03,36.0,167.0,48.0,325.24,45.0,246.51,155.02999999999997,132.0,81.0,3.06698059988458,213,51.0,80.0,0.24
07:39:31,169.0,42.0,311.87,23.0,167.0,24.0,321.06,17.0,240.43,142.87,66.0,40.0,3.651531185690047,106,26.0,-107.0,0.25
07:39:32,169.0,35.0,208.33,12.0,167.0,20.0,298.18,22.0,188.67,39.33000000000001,55.0,34.0,24.99781750473545,89,21.0,-17.0,0.24
07:39:33,169.0,50.0,175.88,16.0,167.0,32.0,242.4,20.0,172.44,6.8799999999999955,82.0,36.0,35.84878073240493,118,46.0,29.0,0.39
07:39:34,167.73,33.0,173.48,23.0,162.43,138.0,195.83,23.0,170.6,5.75,171.0,46.0,37.01514217181983,217,125.0,99.0,0.58
07:39:35,164.87,45.0,168.59,34.0,162.12,164.0,169.63,38.0,166.73,3.719999999999999,209.0,72.0,30.603859723897937,281,137.0,64.0,0.49
07:39:36,162.25,72.0,165.38,26.0,161.95,189.0,167.93,29.0,163.82,3.1299999999999955,261.0,55.0,9.665742082220609,316,206.0,35.0,0.65
07:39:37,162.0,180.0,164.6,20.0,161.0,30.0,170.0,30.0,163.3,2.5999999999999943,210.0,50.0,4.05322340859797,260,160.0,-56.0,0.62
07:39:38,162.0,263.0,163.0,34.0,161.0,51.0,170.0,51.0,162.5,1.0,314.0,85.0,3.32132503678954,399,229.0,139.0,0.57
07:39:39,161.82,109.0,163.0,22.0,159.58,76.0,170.0,33.0,162.41,1.1800000000000068,185.0,55.0,1.7639359398809955,240,130.0,-159.0,0.54
07:39:40,160.71,35.0,162.31,26.0,159.51,78.0,166.5,24.0,161.51,1.5999999999999943,113.0,50.0,0.8880146395207016,163,63.0,-77.0,0.39
07:39:41,160.0,55.0,285.96,47.0,159.0,209.0,357.09,44.0,222.98,125.95999999999998,264.0,91.0,27.086207744902424,355,173.0,168.0,0.49
07:39:42,160.87,39.0,304.78,41.0,160.02,93.0,350.33,43.0,232.83,143.90999999999997,132.0,84.0,36.190996532287194,216,48.0,-139.0,0.22
07:39:43,161.05,42.0,271.86,35.0,160.4,40.0,392.22,36.0,216.45,110.81,82.0,71.0,34.525575737415764,153,11.0,-63.0,0.07
07:39:44,162.3,50.0,393.49,49.0,160.0,40.0,413.15,41.0,277.89,231.19,90.0,90.0,41.627013104474,180,0.0,27.0,0.0
07:39:45,163.0,45.0,380.22,36.0,160.0,36.0,415.76,37.0,271.61,217.22000000000003,81.0,73.0,28.44220666544823,154,8.0,-26.0,0.05
07:39:46,163.17,23.0,252.77,57.0,160.0,60.0,272.07,56.0,207.97,89.60000000000002,83.0,113.0,31.849897959021245,196,-30.0,42.0,-0.15
07:39:47,164.0,10.0,194.85,39.0,160.0,40.0,204.33,36.0,179.42,30.849999999999994,50.0,75.0,42.57309267600908,125,-25.0,-71.0,-0.2
07:39:48,161.22,23.0,190.19,36.0,159.27,104.0,191.72,32.0,175.71,28.97,127.0,68.0,49.335974704064085,195,59.0,70.0,0.3
07:39:49,160.0,36.0,185.77,30.0,159.0,171.0,186.56,34.0,172.88,25.77000000000001,207.0,64.0,41.62038647105569,271,143.0,76.0,0.53
07:39:50,160.0,40.0,183.0,40.0,159.0,190.0,184.0,10.0,171.5,23.0,230.0,50.0,15.106420158330673,280,180.0,9.0,0.64
07:39:51,160.0,48.0,182.1,42.0,159.0,200.0,183.14,21.0,171.05,22.099999999999994,248.0,63.0,3.4801106304274008,311,185.0,31.0,0.59
07:39:52,160.0,43.0,175.63,41.0,156.8,56.0,176.94,51.0,167.82,15.629999999999995,99.0,92.0,2.869977351829126,191,7.0,-120.0,0.04
07:39:53,160.57,91.0,172.74,61.0,159.7,126.0,174.64,75.0,166.65,12.170000000000016,217.0,136.0,2.6277271547880794,353,81.0,162.0,0.23
07:39:54,160.48,189.0,166.26,39.0,159.62,116.0,166.76,59.0,163.37,5.780000000000001,305.0,98.0,3.347158496397973,403,207.0,50.0,0.51
07:39:55,160.78,74.0,166.33,36.0,159.9,126.0,218.8,45.0,163.56,5.550000000000011,200.0,81.0,3.197944652430359,281,119.0,-122.0,0.42
07:39:56,162.33,98.0,172.82,44.0,159.87,121.0,327.45,44.0,167.57,10.48999999999998,219.0,88.0,2.1712968475101166,307,131.0,26.0,0.43
07:39:57,166.0,76.0,170.09,44.0,160.8,25.0,383.64,44.0,168.05,4.090000000000003,101.0,88.0,2.22667914168329,189,13.0,-118.0,0.07
07:39:58,166.0,88.0,168.09,44.0,163.86,29.0,463.41,34.0,167.05,2.0900000000000034,117.0,78.0,2.2698237817080633,195,39.0,6.0,0.2
07:39:59,166.0,48.0,252.27,30.0,164.0,24.0,377.0,26.0,209.13,86.27000000000001,72.0,56.0,19.12076410607102,128,16.0,-67.0,0.12
07:40:00,166.0,40.0,363.05,37.0,164.0,30.0,419.0,22.0,264.53,197.05,70.0,59.0,42.701387331092974,129,11.0,1.0,0.09
07:40:01,166.0,12.0,365.0,12.0,164.0,9.0,431.0,6.0,265.5,199.0,21.0,18.0,48.839848689364736,39,3.0,-90.0,0.08
07:40:02,166.0,30.0,369.29,42.0,164.0,33.0,454.96,23.0,267.64,203.29000000000002,63.0,65.0,45.14929512185165,128,-2.0,89.0,-0.02
07:40:04,165.14,28.0,374.66,44.0,163.54,39.0,437.74,38.0,269.9,209.52000000000004,67.0,82.0,19.749188084579274,149,-15.0,59.0,-0.1
07:40:05,162.0,72.0,301.0,48.0,161.0,72.0,303.0,60.0,231.5,139.0,144.0,108.0,28.14787380958077,252,36.0,103.0,0.14
07:40:06,162.0,35.0,298.68,41.0,161.0,60.0,302.16,49.0,230.34,136.68,95.0,90.0,33.201031911675244,185,5.0,-67.0,0.03
07:40:07,161.47,19.0,279.8,25.0,160.69,78.0,295.56,36.0,220.64,118.33000000000001,97.0,61.0,37.58272901214163,158,36.0,-27.0,0.23
07:40:08,161.18,66.0,250.22,74.0,160.19,162.0,254.83,75.0,205.7,89.03999999999999,228.0,149.0,23.766667414680953,377,79.0,168.0,0.21
07:40:09,161.0,44.0,242.77,48.0,160.0,132.0,247.1,51.0,201.89,81.77000000000001,176.0,99.0,13.714192648495535,275,77.0,-102.0,0.28
07:40:10,161.56,18.0,234.38,58.0,160.62,64.0,235.26,54.0,197.97,72.82,82.0,112.0,13.668886933472097,194,-30.0,-81.0,-0.15
07:40:11,162.55,11.0,208.71,28.0,161.0,44.0,228.0,37.0,185.63,46.16,55.0,65.0,12.695468876730695,120,-10.0,-74.0,-0.08
07:40:12,160.75,40.0,175.82,44.0,159.98,122.0,193.31,26.0,168.28,15.069999999999993,162.0,70.0,15.201168705070998,232,92.0,112.0,0.4
07:40:13,159.95,84.0,171.58,67.0,158.5,28.0,172.59,68.0,165.77,11.630000000000024,112.0,135.0,16.562600037434457,247,-23.0,15.0,-0.09
07:40:14,161.18,85.0,168.8,56.0,160.56,64.0,170.33,60.0,164.99,7.6200000000000045,149.0,116.0,14.65857496484629,265,33.0,18.0,0.12
07:40:15,162.0,38.0,166.12,72.0,161.0,160.0,167.12,73.0,164.06,4.1200000000000045,198.0,145.0,9.016780467551229,343,53.0,78.0,0.15
07:40:16,161.05,55.0,162.62,32.0,160.11,54.0,163.78,41.0,161.84,1.5699999999999932,109.0,73.0,2.3568983855927805,182,36.0,-161.0,0.2
07:40:17,160.44,36.0,162.49,41.0,158.35,23.0,236.86,29.0,161.47,2.0500000000000114,59.0,70.0,1.9028741419255497,129,-11.0,-53.0,-0.09
07:40:18,159.96,50.0,161.23,65.0,158.76,25.0,274.73,22.0,160.6,1.2699999999999818,75.0,87.0,1.850532355839297,162,-12.0,33.0,-0.07
07:40:19,155.09,23.0,158.35,40.0,129.48,25.0,223.03,63.0,156.72,3.259999999999991,48.0,103.0,2.680917753308898,151,-55.0,-11.0,-0.36
07:40:21,153.9,31.0,206.7,23.0,141.9,10.0,401.18,11.0,180.3,52.79999999999998,41.0,34.0,10.439320859136775,75,7.0,-21.0,0.09
07:40:22,159.57,28.0,289.2,20.0,155.09,22.0,457.0,10.0,224.39,129.63,50.0,30.0,29.458353993392393,80,20.0,5.0,0.25
07:40:23,164.68,38.0,361.0,11.0,164.2,20.0,676.17,24.0,262.84,196.32,58.0,35.0,47.08562307116719,93,23.0,13.0,0.25
07:40:24,167.0,16.0,404.0,8.0,165.0,32.0,626.0,32.0,285.5,237.0,48.0,40.0,55.07857913926295,88,8.0,-5.0,0.09
07:40:25,165.13,30.0,198.76,29.0,163.73,11.0,475.27,11.0,181.95,33.629999999999995,41.0,40.0,47.233357174776984,81,1.0,-7.0,0.01
07:40:26,165.0,40.0,218.8,40.0,163.0,10.0,305.23,26.0,191.9,53.80000000000001,50.0,66.0,44.57650984543382,116,-16.0,35.0,-0.14
07:40:27,164.83,35.0,300.46,35.0,159.91,35.0,422.78,27.0,232.64,135.62999999999997,70.0,62.0,44.501213241888806,132,8.0,16.0,0.06
07:40:33,165.39,49.0,368.82,33.0,160.76,84.0,503.0,33.0,267.1,203.43,133.0,66.0,31.022487005398578,199,67.0,101.0,0.34
07:40:34,160.62,39.0,284.33,18.0,159.53,51.0,419.67,18.0,222.47,123.70999999999998,90.0,36.0,42.5230813794122,126,54.0,-73.0,0.43
07:40:35,165.32,94.0,226.1,30.0,160.8,60.0,252.8,30.0,195.71,60.78,154.0,60.0,54.65816562966693,214,94.0,88.0,0.44
07:40:36,166.0,143.0,195.15,39.0,162.0,52.0,208.69,39.0,180.58,29.150000000000006,195.0,78.0,55.50690830878706,273,117.0,59.0,0.43
07:40:37,166.0,96.0,179.78,27.0,162.0,36.0,181.22,27.0,172.89,13.780000000000001,132.0,54.0,38.201737525930476,186,78.0,-87.0,0.42
07:40:38,166.0,56.0,178.5,22.0,162.0,28.0,180.57,21.0,172.25,12.5,84.0,43.0,21.071390556868263,127,41.0,-59.0,0.32
07:40:39,166.0,128.0,174.2,41.0,164.0,13.0,175.55,40.0,170.1,8.199999999999989,141.0,81.0,10.504962160811111,222,60.0,95.0,0.27
07:40:40,166.0,108.0,171.56,27.0,164.0,9.0,173.22,27.0,168.78,5.560000000000002,117.0,54.0,4.588501934190622,171,63.0,-51.0,0.37
07:40:41,166.0,96.0,168.75,28.0,164.0,8.0,170.0,24.0,167.38,2.75,104.0,52.0,2.3122175503334397,156,52.0,-15.0,0.33
07:40:42,166.0,138.0,167.24,34.0,164.0,15.0,168.1,58.0,166.62,1.240000000000009,153.0,92.0,2.242003568255295,245,61.0,89.0,0.25
07:40:43,163.9,41.0,167.26,46.0,161.94,65.0,168.23,52.0,165.58,3.359999999999985,106.0,98.0,1.7811007832430268,204,8.0,-41.0,0.04
07:40:44,162.24,68.0,178.69,26.0,161.5,64.0,478.86,28.0,170.46,16.44999999999999,132.0,54.0,1.9056967230042061,186,78.0,-18.0,0.42
07:40:45,162.07,57.0,230.38,8.0,161.22,36.0,361.0,12.0,196.22,68.31,93.0,20.0,12.967726092113113,113,73.0,-73.0,0.65
07:40:46,162.0,120.0,220.07,43.0,161.0,60.0,226.67,36.0,191.03,58.06999999999999,180.0,79.0,14.511720091018608,259,101.0,146.0,0.39
07:40:47,162.0,48.0,182.86,21.0,161.0,24.0,190.67,6.0,172.43,20.860000000000014,72.0,27.0,13.57698898872919,99,45.0,-160.0,0.45
07:40:48,162.0,40.0,180.8,20.0,161.0,20.0,184.0,5.0,171.4,18.80000000000001,60.0,25.0,12.314132937404656,85,35.0,-14.0,0.41
07:40:49,162.0,57.0,179.0,36.0,161.0,36.0,201.78,9.0,170.5,17.0,93.0,45.0,12.306146025465257,138,48.0,53.0,0.35
07:40:50,162.0,45.0,177.0,32.0,160.98,41.0,183.74,23.0,169.5,15.0,86.0,55.0,9.041873146647905,141,31.0,3.0,0.22
07:40:51,162.0,36.0,174.21,33.0,160.75,24.0,175.33,12.0,168.11,12.210000000000008,60.0,45.0,1.6721453286335421,105,15.0,-36.0,0.14
07:40:52,161.57,56.0,171.13,39.0,160.92,52.0,173.14,21.0,166.35,9.560000000000002,108.0,60.0,1.9954122381278894,168,48.0,63.0,0.29
07:40:53,161.0,48.0,169.97,29.0,160.0,8.0,171.27,11.0,165.48,8.969999999999999,56.0,40.0,2.0966807100915776,96,16.0,-72.0,0.17
07:40:54,161.0,72.0,168.47,15.0,160.0,12.0,189.63,46.0,164.73,7.469999999999999,84.0,61.0,1.951289317366781,145,23.0,49.0,0.16
07:40:55,161.0,66.0,169.0,44.0,160.0,11.0,351.0,55.0,165.0,8.0,77.0,99.0,1.3634625040936759,176,-22.0,31.0,-0.12
07:40:56,161.0,36.0,167.5,24.0,160.0,6.0,546.0,18.0,164.25,6.5,42.0,42.0,0.7995436198664216,84,0.0,-92.0,0.0
07:40:57,161.0,52.0,193.09,46.0,160.0,10.0,425.34,32.0,177.04,32.09,62.0,78.0,5.462998261034846,140,-16.0,56.0,-0.11
07:40:58,161.69,32.0,228.54,65.0,160.93,43.0,411.0,21.0,195.11,66.85,75.0,86.0,13.359207686089471,161,-11.0,21.0,-0.07
07:40:59,165.33,12.0,210.33,30.0,161.0,24.0,233.0,20.0,187.83,45.0,36.0,50.0,13.67704756151976,86,-14.0,-75.0,-0.16
07:41:00,166.91,82.0,255.31,65.0,160.81,27.0,330.23,65.0,211.11,88.4,109.0,130.0,17.779862766626657,239,-21.0,153.0,-0.09
07:41:02,168.0,64.0,277.37,43.0,166.71,48.0,370.64,55.0,222.69,109.37,112.0,98.0,52.90219201507713,210,14.0,40.0,0.07
07:41:03,168.0,28.0,183.57,14.0,167.0,35.0,218.0,35.0,175.79,15.569999999999993,63.0,49.0,56.407583532713836,112,14.0,-98.0,0.12
07:41:04,168.0,40.0,181.69,26.0,167.0,50.0,318.59,41.0,174.85,13.689999999999998,90.0,67.0,58.69377326429174,157,23.0,45.0,0.15
07:41:05,168.0,40.0,179.22,36.0,167.0,52.0,180.58,24.0,173.61,11.219999999999999,92.0,60.0,62.481369383201624,152,32.0,-5.0,0.21
07:41:06,168.0,52.0,177.18,34.0,167.0,104.0,178.18,44.0,172.59,9.180000000000007,156.0,78.0,21.71484929719925,234,78.0,82.0,0.33
07:41:07,168.0,45.0,175.07,28.0,167.0,104.0,176.79,38.0,171.54,7.069999999999993,149.0,66.0,1.7024629217905045,215,83.0,-19.0,0.39
07:41:08,168.0,34.0,170.58,38.0,167.0,114.0,172.76,34.0,169.29,2.5800000000000125,148.0,72.0,2.116100186680928,220,76.0,5.0,0.35
07:41:09,167.0,88.0,169.08,24.0,165.0,9.0,190.4,20.0,168.04,2.0800000000000125,97.0,44.0,2.3084908490333267,141,53.0,-79.0,0.38
07:41:10,167.0,52.0,174.25,32.0,165.0,10.0,200.52,42.0,170.62,7.25,62.0,74.0,1.7989246788207651,136,-12.0,-5.0,-0.09
07:41:11,167.0,24.0,197.33,30.0,165.0,6.0,228.27,22.0,182.17,30.330000000000013,30.0,52.0,5.657284684375613,82,-22.0,-54.0,-0.27
07:41:12,163.0,48.0,207.0,60.0,155.94,64.0,387.92,36.0,185.0,44.0,112.0,96.0,7.9315212916609905,208,16.0,126.0,0.08
07:41:13,161.0,32.0,310.5,28.0,155.0,64.0,383.07,28.0,235.75,149.5,96.0,56.0,27.49098997853797,152,40.0,-56.0,0.26
07:41:14,161.12,41.0,338.06,34.0,158.52,50.0,386.5,42.0,249.59,176.94,91.0,76.0,35.48353322317381,167,15.0,15.0,0.09
07:41:15,162.0,11.0,325.52,23.0,161.0,44.0,437.0,35.0,243.76,163.51999999999998,55.0,58.0,32.945009181969944,113,-3.0,-54.0,-0.03
07:41:16,160.77,26.0,338.17,12.0,160.19,32.0,428.54,50.0,249.47,177.4,58.0,62.0,27.26453795684217,120,-4.0,7.0,-0.03
07:41:17,160.82,55.0,337.83,24.0,159.5,20.0,366.0,18.0,249.33,177.01,75.0,42.0,6.025280076485303,117,33.0,-3.0,0.28
07:41:18,161.35,46.0,234.76,25.0,160.56,27.0,253.46,13.0,198.05,73.41,73.0,38.0,22.491276086520497,111,35.0,-6.0,0.32
07:41:19,164.89,36.0,240.12,17.0,161.0,45.0,273.14,21.0,202.5,75.23000000000002,81.0,38.0,26.027031524937424,119,43.0,8.0,0.36
07:41:20,165.0,22.0,290.0,24.0,161.0,40.0,334.0,24.0,227.5,125.0,62.0,48.0,24.641671006652246,110,14.0,-9.0,0.13
07:41:21,167.61,31.0,348.05,19.0,163.57,28.0,406.84,25.0,257.83,180.44,59.0,44.0,26.868715451247127,103,15.0,-7.0,0.15
07:41:22,168.0,36.0,187.94,32.0,165.0,24.0,294.31,26.0,177.97,19.939999999999998,60.0,58.0,30.74316102810643,118,2.0,15.0,0.02
07:41:23,168.0,17.0,270.0,14.0,165.0,18.0,325.73,22.0,219.0,102.0,35.0,36.0,29.643387964267568,71,-1.0,-47.0,-0.01
07:41:24,168.0,7.0,262.0,21.0,165.0,14.0,306.0,14.0,215.0,94.0,21.0,35.0,28.628752155832498,56,-14.0,-15.0,-0.25
07:41:25,162.48,33.0,260.5,28.0,161.86,28.0,290.57,42.0,211.49,98.02000000000001,61.0,70.0,28.399106852154404,131,-9.0,75.0,-0.07
07:41:26,161.0,11.0,260.0,16.0,160.0,16.0,341.38,24.0,210.5,99.0,27.0,40.0,16.453986447061425,67,-13.0,-64.0,-0.19
07:41:27,167.6,35.0,193.13,31.0,160.73,15.0,276.91,23.0,180.36,25.53,50.0,54.0,15.408887046119878,104,-4.0,37.0,-0.04
07:41:28,168.0,24.0,192.14,14.0,165.0,20.0,255.0,16.0,180.07,24.139999999999986,44.0,30.0,17.669700902960383,74,14.0,-30.0,0.19
07:41:29,168.0,18.0,190.2,10.0,166.0,24.0,191.5,8.0,179.1,22.19999999999999,42.0,18.0,17.072437728692325,60,24.0,-14.0,0.4
07:41:30,168.0,15.0,188.0,6.0,166.0,20.0,189.0,9.0,178.0,20.0,35.0,15.0,13.946848389513493,50,20.0,-10.0,0.4
07:41:31,168.0,21.0,185.27,11.0,166.0,28.0,187.2,10.0,176.64,17.27000000000001,49.0,21.0,1.5359296859144052,70,28.0,20.0,0.4
07:41:32,168.0,42.0,185.0,28.0,166.0,56.0,186.0,14.0,176.5,17.0,98.0,42.0,1.5471974664123875,140,56.0,70.0,0.4
07:41:33,168.0,42.0,181.2,30.0,166.0,56.0,185.13,15.0,174.6,13.199999999999989,98.0,45.0,1.6988584402688383,143,53.0,3.0,0.37
07:41:34,168.0,21.0,171.57,7.0,166.0,28.0,173.0,21.0,169.79,3.569999999999993,49.0,28.0,3.2088751923489136,77,21.0,-66.0,0.27
07:41:35,167.26,43.0,203.77,30.0,165.55,44.0,232.39,36.0,185.51,36.51000000000002,87.0,66.0,5.695952071433944,153,21.0,76.0,0.14
07:41:36,166.0,36.0,258.0,45.0,161.0,9.0,394.43,23.0,212.0,92.0,45.0,68.0,16.824849182090002,113,-23.0,-40.0,-0.2
07:41:37,166.0,34.0,316.89,35.0,163.77,39.0,407.67,27.0,241.44,150.89,73.0,62.0,29.889490962545317,135,11.0,22.0,0.08
07:41:38,164.12,51.0,348.33,27.0,162.13,94.0,515.86,35.0,256.23,184.20999999999998,145.0,62.0,36.40559888259062,207,83.0,72.0,0.4
07:41:39,164.24,63.0,350.95,19.0,162.34,106.0,521.97,37.0,257.59,186.70999999999998,169.0,56.0,31.152528468811127,225,113.0,18.0,0.5
07:41:41,165.0,23.0,365.52,52.0,164.0,78.0,419.0,40.0,265.26,200.51999999999998,101.0,92.0,27.558589042258703,193,9.0,-51.0,0.05
07:41:42,166.0,16.0,387.22,46.0,164.0,96.0,388.77,62.0,276.61,221.22000000000003,112.0,108.0,23.670085551178392,220,4.0,27.0,0.02
07:41:43,164.29,14.0,384.8,20.0,162.33,72.0,387.0,20.0,274.54,220.51000000000002,86.0,40.0,21.583094541796022,126,46.0,-94.0,0.37
07:41:44,164.0,80.0,232.38,52.0,162.0,400.0,258.24,59.0,198.19,68.38,480.0,111.0,41.997373370249015,591,369.0,168.0,0.62
07:41:45,166.61,23.0,198.65,40.0,163.2,100.0,200.35,34.0,182.63,32.03999999999999,123.0,74.0,45.302399826058796,197,49.0,-168.0,0.25
07:41:46,168.0,11.0,195.2,30.0,164.0,44.0,195.67,36.0,181.6,27.19999999999999,55.0,66.0,48.706333571724386,121,-11.0,-76.0,-0.09
07:41:47,165.5,16.0,193.12,48.0,162.21,224.0,194.84,38.0,179.31,27.620000000000005,240.0,86.0,40.54287273985501,326,154.0,168.0,0.47
07:41:48,165.44,25.0,190.89,18.0,162.03,142.0,193.0,18.0,178.16,25.44999999999999,167.0,36.0,8.140827353535403,203,131.0,-123.0,0.65
07:41:49,166.0,40.0,189.67,18.0,164.0,8.0,192.25,16.0,177.83,23.669999999999987,48.0,34.0,2.121515967431908,82,14.0,-121.0,0.17
07:41:50,166.0,35.0,188.3,20.0,164.0,7.0,189.27,15.0,177.15,22.30000000000001,42.0,35.0,1.7444626680064248,77,7.0,-5.0,0.09
07:41:51,166.0,53.0,187.0,27.0,164.0,9.0,188.0,18.0,176.5,21.0,62.0,45.0,1.0633202716339343,107,17.0,30.0,0.16
07:41:52,166.0,86.0,185.44,32.0,164.0,11.0,186.65,23.0,175.72,19.439999999999998,97.0,55.0,0.9898838316021378,152,42.0,45.0,0.28
07:41:53,166.0,96.0,182.23,31.0,164.0,12.0,183.48,29.0,174.11,16.22999999999999,108.0,60.0,1.4342837934198784,168,48.0,16.0,0.29
07:41:54,166.0,66.0,179.0,18.0,164.0,9.0,181.0,27.0,172.5,13.0,75.0,45.0,1.8868571753225973,120,30.0,-48.0,0.25
07:41:55,166.0,42.0,179.0,12.0,164.0,6.0,181.0,18.0,172.5,13.0,48.0,30.0,1.8280262580351243,78,18.0,-42.0,0.23
07:41:56,166.0,119.0,175.04,46.0,164.0,17.0,177.11,54.0,170.52,9.039999999999992,136.0,100.0,1.9529720940313717,236,36.0,158.0,0.15
07:41:57,162.03,296.0,171.95,40.0,161.04,71.0,172.68,47.0,166.99,9.919999999999987,367.0,87.0,2.7366822979776715,454,280.0,168.0,0.62
07:41:58,162.0,189.0,169.93,27.0,161.0,45.0,171.0,20.0,165.96,7.930000000000007,234.0,47.0,3.06936149712988,281,187.0,-168.0,0.67
07:41:59,162.0,231.0,167.12,43.0,161.0,55.0,168.94,34.0,164.56,5.1200000000000045,286.0,77.0,3.299981818141188,363,209.0,82.0,0.58
07:42:00,162.0,239.0,164.0,43.0,161.0,80.0,166.32,57.0,163.0,2.0,319.0,100.0,2.840489394463797,419,219.0,56.0,0.52
07:42:01,162.0,49.0,163.75,32.0,161.0,40.0,390.63,38.0,162.88,1.75,89.0,70.0,1.8063277665087252,159,19.0,-168.0,0.12
07:42:02,162.0,27.0,163.0,33.0,161.0,45.0,226.0,45.0,162.5,1.0,72.0,78.0,1.4506550244837229,150,-6.0,-9.0,-0.04
07:42:03,161.75,61.0,246.68,53.0,160.7,71.0,376.91,47.0,204.22,84.93,132.0,100.0,18.34593469954758,232,32.0,82.0,0.14
07:42:04,162.31,91.0,286.28,53.0,161.0,65.0,482.76,58.0,224.3,123.96999999999997,156.0,111.0,29.07026315670483,267,45.0,35.0,0.17
07:42:05,163.25,69.0,283.0,68.0,160.92,87.0,676.36,81.0,223.12,119.75,156.0,149.0,30.908579391490584,305,7.0,38.0,0.02
07:42:06,161.47,75.0,274.09,23.0,160.31,81.0,334.72,61.0,217.78,112.61999999999998,156.0,84.0,25.794543609067446,240,72.0,-65.0,0.3
07:42:07,162.0,39.0,267.98,45.0,161.0,60.0,268.73,15.0,214.99,105.98000000000002,99.0,60.0,8.041325761346053,159,39.0,-81.0,0.25
07:42:08,162.0,24.0,267.0,12.0,161.0,60.0,268.0,48.0,214.5,105.0,84.0,60.0,4.551474486371293,144,24.0,-15.0,0.17
07:42:09,162.0,22.0,265.42,26.0,161.0,55.0,267.66,29.0,213.71,103.42000000000002,77.0,55.0,3.8410610513356436,132,22.0,-12.0,0.17
07:42:10,162.0,20.0,262.91,22.0,161.0,50.0,264.29,28.0,212.45,100.91000000000003,70.0,50.0,1.9781380134072049,120,20.0,-12.0,0.17
07:42:11,161.13,30.0,242.41,32.0,160.68,38.0,260.85,33.0,201.77,81.28,68.0,65.0,5.514488190220833,133,3.0,13.0,0.02
07:42:12,161.94,178.0,190.5,22.0,160.95,74.0,226.17,58.0,176.22,28.560000000000002,252.0,80.0,16.219381924108003,332,172.0,168.0,0.52
07:42:13,162.0,120.0,177.23,13.0,161.0,50.0,178.32,37.0,169.62,15.22999999999999,170.0,50.0,20.596903408038724,220,120.0,-112.0,0.55
07:42:14,162.0,120.0,173.27,22.0,161.0,50.0,175.29,28.0,167.64,11.27000000000001,170.0,50.0,20.29950615163021,220,120.0,0.0,0.55
07:42:15,162.0,156.0,170.19,21.0,161.0,65.0,171.05,40.0,166.1,8.189999999999998,221.0,61.0,14.768046587144429,282,160.0,62.0,0.57
07:42:16,162.32,114.0,169.95,42.0,161.57,105.0,172.72,47.0,166.13,7.6299999999999955,219.0,89.0,4.210358654564259,308,130.0,26.0,0.42
07:42:17,162.12,136.0,168.6,60.0,161.47,103.0,173.7,57.0,165.36,6.47999999999999,239.0,117.0,1.6974981590749703,356,122.0,48.0,0.34
07:42:18,162.0,124.0,164.78,36.0,161.0,55.0,191.46,24.0,163.39,2.780000000000001,179.0,60.0,1.545745774719185,239,119.0,-117.0,0.5
07:42:19,161.76,63.0,163.91,33.0,160.87,46.0,322.0,33.0,162.84,2.1500000000000057,109.0,66.0,1.5488479589881257,175,43.0,-64.0,0.25
07:42:20,161.0,24.0,163.0,18.0,160.0,12.0,383.2,10.0,162.0,2.0,36.0,28.0,1.738427450330108,64,8.0,-111.0,0.12
07:42:21,160.84,25.0,190.45,22.0,159.75,16.0,405.7,10.0,175.65,29.609999999999985,41.0,32.0,5.61725644777432,73,9.0,9.0,0.12
07:42:22,158.24,17.0,246.51,43.0,130.77,22.0,257.27,15.0,202.37,88.26999999999998,39.0,58.0,17.218337608493613,97,-19.0,24.0,-0.2
07:42:23,167.0,44.0,244.33,48.0,155.33,36.0,265.0,12.0,205.67,77.33000000000001,80.0,60.0,21.10806552008186,140,20.0,43.0,0.14
07:42:24,168.0,44.0,242.84,38.0,166.0,60.0,335.19,27.0,205.42,74.84,104.0,65.0,20.161958486220325,169,39.0,29.0,0.23
07:42:25,168.0,24.0,244.0,24.0,166.0,18.0,498.12,8.0,206.0,76.0,42.0,32.0,13.146123763302827,74,10.0,-95.0,0.14
07:42:26,168.0,36.0,222.89,18.0,166.0,27.0,275.56,27.0,195.44,54.889999999999986,63.0,45.0,4.45908622927129,108,18.0,34.0,0.17
07:42:27,166.69,35.0,217.91,23.0,162.52,69.0,244.29,45.0,192.3,51.22,104.0,68.0,6.5753920035292275,172,36.0,64.0,0.21
07:42:28,163.6,35.0,222.0,9.0,157.48,62.0,231.0,36.0,192.8,58.400000000000006,97.0,45.0,6.7891766805758795,142,52.0,-30.0,0.37
07:42:29,166.0,77.0,230.9,42.0,162.0,33.0,384.0,16.0,198.45,64.9,110.0,58.0,5.59611651058794,168,52.0,26.0,0.31
07:42:30,166.0,96.0,228.94,64.0,162.0,48.0,409.89,61.0,197.47,62.94,144.0,125.0,2.7340757122059376,269,19.0,101.0,0.07
07:42:31,166.0,36.0,227.08,48.0,162.0,36.0,399.81,27.0,196.54,61.08000000000001,72.0,75.0,2.7925919859647377,147,-3.0,-122.0,-0.02
07:42:32,161.57,7.0,227.0,28.0,160.4,10.0,375.29,7.0,194.29,65.43,17.0,35.0,2.3226385857628915,52,-18.0,-95.0,-0.35
07:42:33,161.0,5.0,226.6,20.0,160.0,10.0,467.0,5.0,193.8,65.6,15.0,25.0,2.0098880566028376,40,-10.0,-12.0,-0.25
07:42:34,159.24,34.0,404.67,12.0,158.7,23.0,540.22,9.0,281.95,245.43,57.0,21.0,38.68054614402542,78,36.0,38.0,0.46
07:42:36,161.0,56.0,418.96,28.0,159.0,84.0,425.41,29.0,289.98,257.96,140.0,57.0,54.72098253869439,197,83.0,-3.0,0.42
07:42:37,163.17,48.0,420.5,22.0,159.0,72.0,423.33,24.0,291.83,257.33000000000004,120.0,46.0,44.97652198647761,166,74.0,-31.0,0.45
07:42:38,164.93,56.0,370.47,32.0,159.0,84.0,379.5,18.0,267.7,205.54000000000002,140.0,50.0,14.089649747247403,190,90.0,24.0,0.47
07:42:39,165.91,44.0,359.46,24.0,159.0,66.0,357.58,19.0,262.68,193.54999999999998,110.0,43.0,18.06637622768074,153,67.0,-37.0,0.44
07:42:40,166.0,56.0,335.08,36.0,159.0,84.0,336.71,17.0,250.54,169.07999999999998,140.0,53.0,17.89485065598776,193,87.0,40.0,0.45
07:42:41,166.0,52.0,286.44,25.0,160.25,72.0,274.7,27.0,226.22,120.44,124.0,52.0,24.03117308830559,176,72.0,-17.0,0.41
07:42:42,166.0,48.0,188.1,20.0,162.04,56.0,190.71,28.0,177.05,22.099999999999994,104.0,48.0,37.06536010886848,152,56.0,-24.0,0.37
07:42:43,164.8,20.0,185.97,40.0,161.92,26.0,188.0,18.0,175.39,21.169999999999987,46.0,58.0,40.6648807941213,104,-12.0,-48.0,-0.12
07:42:44,159.14,88.0,180.28,29.0,157.3,162.0,181.6,43.0,169.71,21.140000000000015,250.0,72.0,36.37093991086966,322,178.0,168.0,0.55
07:42:45,159.0,56.0,167.32,41.0,134.23,39.0,168.88,40.0,163.16,8.319999999999993,95.0,81.0,25.145200933778373,176,14.0,-146.0,0.08
07:42:46,159.0,53.0,161.52,33.0,126.77,26.0,162.62,29.0,160.26,2.5200000000000102,79.0,62.0,7.35810641402299,141,17.0,-35.0,0.12
07:42:47,153.38,77.0,160.68,38.0,133.78,54.0,179.86,28.0,157.03,7.300000000000011,131.0,66.0,7.406919062612017,197,65.0,56.0,0.33
07:42:48,157.0,127.0,159.04,25.0,132.46,26.0,160.6,30.0,158.02,2.039999999999992,153.0,55.0,5.091564592547609,208,98.0,11.0,0.47
07:42:49,157.0,55.0,158.0,30.0,138.0,20.0,218.73,22.0,157.5,1.0,75.0,52.0,2.5395038885742873,127,23.0,-81.0,0.18
07:42:50,157.0,17.0,364.25,24.0,138.0,16.0,497.0,24.0,260.62,207.25,33.0,48.0,45.81923809929721,81,-15.0,-46.0,-0.19
07:42:51,145.96,25.0,213.0,50.0,131.86,42.0,386.59,22.0,179.48,67.03999999999999,67.0,72.0,44.67897044471918,139,-5.0,58.0,-0.04
07:42:52,166.0,42.0,236.39,44.0,144.26,50.0,380.12,56.0,201.19,70.38999999999999,92.0,100.0,42.69884682283694,192,-8.0,53.0,-0.04
07:42:53,166.0,24.0,196.0,16.0,162.0,24.0,311.0,24.0,181.0,30.0,48.0,40.0,39.3154933836534,88,8.0,-104.0,0.09
07:42:54,166.0,18.0,194.83,12.0,162.0,18.0,216.0,30.0,180.42,28.830000000000013,36.0,42.0,34.78569562334632,78,-6.0,-10.0,-0.08
07:42:55,165.84,37.0,194.0,30.0,161.95,40.0,256.0,63.0,179.92,28.159999999999997,77.0,93.0,9.401878535701849,170,-16.0,92.0,-0.09
07:42:56,163.56,9.0,194.0,14.0,162.14,14.0,266.0,21.0,178.78,30.439999999999998,23.0,35.0,9.498211410581,58,-12.0,-112.0,-0.21
07:42:57,164.0,12.0,180.04,27.0,160.75,24.0,249.55,33.0,172.02,16.039999999999992,36.0,60.0,3.6740876418629176,96,-24.0,38.0,-0.25
07:42:58,164.0,10.0,166.0,20.0,160.0,20.0,394.47,32.0,165.0,2.0,30.0,52.0,6.642508562289478,82,-22.0,-14.0,-0.27
07:42:59,160.6,47.0,165.44,18.0,159.92,50.0,491.73,55.0,163.02,4.840000000000003,97.0,73.0,7.713917292795413,170,24.0,88.0,0.14
07:43:00,160.22,123.0,163.24,17.0,160.39,56.0,417.0,57.0,161.73,3.0200000000000102,179.0,74.0,7.166268205983314,253,105.0,83.0,0.42
07:43:01,160.52,81.0,385.09,34.0,160.18,22.0,504.5,30.0,272.8,224.56999999999996,103.0,64.0,48.1757634085864,167,39.0,-86.0,0.23
07:43:02,160.44,54.0,294.0,45.0,159.87,39.0,519.96,23.0,227.22,133.56,93.0,68.0,50.19200912496027,161,25.0,-6.0,0.16
07:43:03,167.95,41.0,283.1,31.0,163.0,16.0,351.28,25.0,225.52,115.15000000000003,57.0,56.0,47.48245802399133,113,1.0,-48.0,0.01
07:43:04,167.71,14.0,263.0,12.0,160.75,32.0,290.79,28.0,215.36,95.28999999999999,46.0,40.0,39.64207966290493,86,6.0,-27.0,0.07
07:43:05,166.0,7.0,263.0,14.0,160.0,98.0,467.33,27.0,214.5,97.0,105.0,41.0,24.02283497008842,146,64.0,60.0,0.44
07:43:06,160.0,36.0,263.0,6.0,159.0,3.0,593.0,12.0,211.5,103.0,39.0,18.0,7.065168080102527,57,21.0,-89.0,0.37
07:43:07,162.0,18.0,261.75,8.0,159.97,37.0,411.0,16.0,211.88,99.75,55.0,24.0,5.705411466327277,79,31.0,22.0,0.39
07:43:08,166.0,18.0,260.22,18.0,161.2,90.0,411.0,36.0,213.11,94.22000000000003,108.0,54.0,1.6561702811299455,162,54.0,83.0,0.33
07:43:09,166.0,22.0,259.36,22.0,160.0,132.0,408.58,33.0,212.68,93.36000000000001,154.0,55.0,1.1742146311888138,209,99.0,47.0,0.47
07:43:10,160.21,92.0,191.09,33.0,159.85,62.0,218.13,30.0,175.65,30.879999999999995,154.0,63.0,16.39935151157191,217,91.0,8.0,0.42
07:43:11,160.0,72.0,178.67,18.0,159.0,9.0,182.0,18.0,169.33,18.669999999999987,81.0,36.0,22.063294178342773,117,45.0,-100.0,0.38
07:43:12,160.0,88.0,170.91,22.0,159.0,11.0,178.15,26.0,165.45,10.909999999999997,99.0,48.0,23.697841251896598,147,51.0,30.0,0.35
07:43:13,159.76,37.0,162.34,35.0,151.38,85.0,165.44,27.0,161.05,2.5800000000000125,122.0,62.0,20.744744394667524,184,60.0,37.0,0.33
07:43:14,159.92,39.0,161.1,20.0,152.65,34.0,168.04,23.0,160.51,1.1800000000000068,73.0,43.0,6.292147487153106,116,30.0,-68.0,0.26
07:43:15,164.81,47.0,176.0,33.0,160.9,20.0,353.0,11.0,170.4,11.189999999999998,67.0,44.0,4.562578218517122,111,23.0,-5.0,0.21
07:43:16,166.0,42.0,175.0,18.0,162.0,12.0,343.0,6.0,170.5,9.0,54.0,24.0,4.839459680593162,78,30.0,-33.0,0.38
07:43:17,166.0,63.0,174.44,27.0,162.0,18.0,267.0,9.0,170.22,8.439999999999998,81.0,36.0,5.258909582802029,117,45.0,39.0,0.38
07:43:18,166.0,31.0,174.0,21.0,162.0,14.0,267.0,7.0,170.0,8.0,45.0,28.0,4.373417428063245,73,17.0,-44.0,0.23
07:43:19,166.0,44.0,172.39,23.0,163.09,22.0,194.67,24.0,169.2,6.389999999999986,66.0,47.0,0.5191146309704412,113,19.0,40.0,0.17
07:43:20,166.0,28.0,171.0,21.0,164.0,14.0,172.0,7.0,168.5,5.0,42.0,28.0,0.8199268260567529,70,14.0,-43.0,0.2
07:43:21,166.0,16.0,170.82,22.0,164.0,16.0,171.5,12.0,168.41,4.819999999999993,32.0,34.0,0.8325743210593409,66,-2.0,-4.0,-0.03
07:43:22,165.86,28.0,170.1,29.0,163.64,22.0,171.07,15.0,167.98,4.239999999999981,50.0,44.0,0.7926033056247952,94,6.0,28.0,0.06
07:43:23,165.09,11.0,168.97,31.0,162.32,19.0,223.31,13.0,167.03,3.8799999999999955,30.0,44.0,0.7982042345711113,74,-14.0,-20.0,-0.19
07:43:24,166.18,57.0,168.39,31.0,165.38,29.0,229.85,13.0,167.28,2.2099999999999795,86.0,44.0,0.6614000303047983,130,42.0,56.0,0.32
07:43:25,166.0,55.0,186.5,20.0,164.0,8.0,258.45,11.0,176.25,20.5,63.0,31.0,3.8739450176902976,94,32.0,-36.0,0.34
07:43:26,166.0,50.0,257.0,10.0,164.0,10.0,261.0,40.0,211.5,91.0,60.0,50.0,19.111330932200644,110,10.0,16.0,0.09
07:43:27,166.0,65.0,322.12,34.0,164.0,13.0,404.41,27.0,244.06,156.12,78.0,61.0,33.78477660130509,139,17.0,29.0,0.12
07:43:28,166.0,30.0,427.9,21.0,164.0,6.0,550.08,13.0,296.95,261.9,36.0,34.0,53.0630772760127,70,2.0,-69.0,0.03
07:43:29,166.0,55.0,351.0,22.0,164.0,11.0,488.44,39.0,258.5,185.0,66.0,61.0,45.950753747899476,127,5.0,57.0,0.04
07:43:30,166.0,27.0,219.0,29.0,164.0,7.0,578.13,31.0,192.5,53.0,34.0,60.0,40.82913200155127,94,-26.0,-33.0,-0.28
07:43:31,162.64,25.0,174.0,28.0,160.64,25.0,566.0,35.0,168.32,11.360000000000014,50.0,63.0,51.67583264931585,113,-13.0,19.0,-0.12
07:43:32,162.0,38.0,178.1,40.0,160.0,70.0,479.7,50.0,170.05,16.099999999999994,108.0,90.0,57.63722521079667,198,18.0,85.0,0.09
07:43:33,160.6,30.0,214.0,30.0,159.78,27.0,444.17,24.0,187.3,53.400000000000006,57.0,54.0,36.849549250975834,111,3.0,-87.0,0.03
07:43:34,160.0,49.0,214.0,35.0,159.0,14.0,368.33,18.0,187.0,54.0,63.0,53.0,11.052365357700204,116,10.0,5.0,0.09
07:43:35,162.68,31.0,196.91,55.0,160.0,91.0,216.93,54.0,179.79,34.22999999999999,122.0,109.0,9.033115188022961,231,13.0,115.0,0.06
07:43:36,164.0,14.0,173.56,25.0,160.0,49.0,188.04,26.0,168.78,9.560000000000002,63.0,51.0,8.905050814009487,114,12.0,-117.0,0.11
07:43:37,164.0,16.0,169.11,37.0,160.38,26.0,170.03,31.0,166.55,5.110000000000014,42.0,68.0,9.832824111113286,110,-26.0,-4.0,-0.24
07:43:38,164.9,39.0,167.5,40.0,163.75,16.0,168.61,41.0,166.2,2.5999999999999943,55.0,81.0,9.294494607028916,136,-26.0,26.0,-0.19
07:43:39,165.56,57.0,187.76,46.0,162.09,22.0,429.03,33.0,176.66,22.19999999999999,79.0,79.0,6.230861096196011,158,0.0,22.0,0.0
07:43:43,163.3,37.0,337.67,36.0,163.3,20.0,339.0,12.0,250.48,174.37,57.0,48.0,96.63121426330177,105,9.0,-47.0,0.09
07:43:44,160.0,70.0,330.17,18.0,159.0,16.0,336.3,20.0,245.08,170.17000000000002,86.0,38.0,76.19323506716418,124,48.0,19.0,0.39
07:43:45,160.0,37.0,326.57,21.0,159.0,18.0,333.75,24.0,243.29,166.57,55.0,45.0,52.45366212191607,100,10.0,-24.0,0.1
07:43:46,159.95,40.0,325.1,30.0,158.25,24.0,433.5,20.0,242.53,165.15000000000003,64.0,50.0,37.428935731598436,114,14.0,14.0,0.12
07:43:47,160.0,14.0,224.43,7.0,159.0,14.0,292.2,25.0,192.21,64.43,28.0,32.0,23.964808991521682,60,-4.0,-54.0,-0.07
07:43:48,160.14,14.0,240.76,21.0,159.0,14.0,250.45,33.0,200.45,80.62,28.0,54.0,26.08880641194832,82,-26.0,22.0,-0.32
07:43:49,161.22,18.0,241.56,27.0,159.0,18.0,247.8,25.0,201.39,80.34,36.0,52.0,24.848542814420988,88,-16.0,6.0,-0.18
07:43:50,164.47,30.0,228.4,52.0,163.24,45.0,242.3,30.0,196.44,63.93000000000001,75.0,82.0,20.40973493213741,157,-7.0,69.0,-0.04
07:43:51,166.0,10.0,200.0,27.0,164.0,45.0,216.0,45.0,183.0,34.0,55.0,72.0,7.482250329954625,127,-17.0,-30.0,-0.13
07:43:52,166.0,9.0,200.0,27.0,164.0,45.0,228.0,45.0,183.0,34.0,54.0,72.0,9.187280881746538,126,-18.0,-1.0,-0.14
07:43:53,166.0,10.0,200.0,30.0,164.78,23.0,393.65,34.0,183.0,34.0,33.0,64.0,8.890949330645416,97,-31.0,-29.0,-0.32
07:43:54,166.0,8.0,246.56,18.0,165.0,16.0,668.0,20.0,206.28,80.56,24.0,38.0,10.640962362498263,62,-14.0,-35.0,-0.23
07:43:56,166.99,79.0,423.72,32.0,165.87,15.0,426.61,38.0,295.35,256.73,94.0,70.0,61.35742318579001,164,24.0,77.0,0.15
07:43:57,167.0,84.0,386.62,32.0,166.0,18.0,396.35,54.0,276.81,219.62,102.0,86.0,55.580640244604304,188,16.0,24.0,0.09
