Time,Bid1_Price,Bid1_Volume,Ask1_Price,Ask1_Volume,Bid2_Price,Bid2_Volume,Ask2_Price,Ask2_Volume,Mid-Price,Bid_Ask_Spread,Market_Depth_Bid,Market_Depth_Ask,Historical_Volatility,Total_volume,Cumulative_Volume_Difference,Total_Volume_Change_Corrected,Order_imbalance
07:30:10,210.65,17.0,238.0,24.0,68.43,23.0,242.0,20.0,224.32,27.349999999999994,40.0,44.0,35.58591125712535,84,-4.0,64.0,-0.05
07:30:11,224.75,80.0,238.0,32.0,211.76,25.0,242.0,32.0,231.38,13.25,105.0,64.0,40.63345075181283,169,41.0,85.0,0.24
07:30:12,225.09,110.0,238.0,24.0,190.44,36.0,242.0,44.0,231.55,12.909999999999997,146.0,68.0,37.43392445362893,214,78.0,45.0,0.36
07:30:13,226.0,50.0,238.0,10.0,192.0,35.0,242.0,20.0,232.0,12.0,85.0,30.0,23.388334699161376,115,55.0,-99.0,0.48
07:30:14,226.83,120.0,238.0,24.0,194.75,84.0,242.0,48.0,232.42,11.169999999999987,204.0,72.0,3.3862929583830823,276,132.0,161.0,0.48
07:30:15,227.62,80.0,238.0,16.0,208.36,47.0,242.0,32.0,232.81,10.379999999999995,127.0,48.0,0.5946175241234483,175,79.0,-101.0,0.45
07:30:16,229.99,71.0,238.0,16.0,223.71,24.0,242.0,32.0,233.99,8.009999999999991,95.0,48.0,0.9301236476913473,143,47.0,-32.0,0.33
07:30:17,232.05,122.0,240.13,30.0,225.78,126.0,242.73,44.0,236.09,8.079999999999984,248.0,74.0,1.6457126116046548,322,174.0,165.5,0.54
07:30:18,235.62,71.0,242.0,18.0,234.09,53.0,244.0,18.0,238.81,6.3799999999999955,124.0,36.0,2.646786731112761,160,88.0,-162.0,0.55
07:30:19,237.86,63.0,242.0,22.0,236.57,70.0,243.8,41.0,239.93,4.139999999999986,133.0,63.0,3.0427750491935024,196,70.0,36.0,0.36
07:30:20,241.11,110.0,243.44,85.0,239.29,123.0,243.77,73.0,242.27,2.329999999999984,233.0,158.0,3.244398249289749,391,75.0,165.5,0.19
07:30:21,242.42,95.0,244.0,93.0,241.38,106.0,245.0,19.0,243.21,1.5800000000000125,201.0,112.0,2.8349109333441516,313,89.0,-78.0,0.28
07:30:22,242.94,72.0,244.33,21.0,242.0,78.0,245.75,28.0,243.64,1.3900000000000148,150.0,49.0,2.107823522023135,199,101.0,-114.0,0.51
07:30:23,244.96,94.0,251.88,34.0,243.91,66.0,265.23,52.0,248.42,6.9199999999999875,160.0,86.0,3.105145729268387,246,74.0,47.0,0.3
07:30:24,246.42,48.0,264.47,34.0,244.32,47.0,283.0,50.0,255.44,18.05000000000004,95.0,84.0,5.487725394003716,179,11.0,-67.0,0.06
07:30:25,251.28,50.0,268.0,68.0,249.63,78.0,294.06,53.0,259.64,16.72,128.0,121.0,7.2723586270200355,249,7.0,70.0,0.03
07:30:26,255.0,22.0,267.48,42.0,254.0,127.0,286.86,14.0,261.24,12.480000000000018,149.0,56.0,7.487354673046576,205,93.0,-44.0,0.45
07:30:27,254.18,111.0,256.19,42.0,253.65,158.0,263.65,52.0,255.19,2.009999999999991,269.0,94.0,4.978260740458665,363,175.0,158.0,0.48
07:30:28,254.0,125.0,255.62,34.0,252.0,48.0,263.81,43.0,254.81,1.6200000000000045,173.0,77.0,2.962453375159155,250,96.0,-113.0,0.38
07:30:29,254.0,43.0,255.75,36.0,252.0,48.0,264.12,33.0,254.88,1.75,91.0,69.0,3.05770665695581,160,22.0,-90.0,0.14
07:30:30,254.0,16.0,258.25,24.0,252.0,32.0,266.91,23.0,256.12,4.25,48.0,47.0,2.7292434849225153,95,1.0,-65.0,0.01
07:30:31,254.0,26.0,259.0,39.0,251.28,25.0,266.0,52.0,256.5,5.0,51.0,91.0,0.7650163396896771,142,-40.0,47.0,-0.28
07:30:32,250.09,32.0,259.0,33.0,248.75,16.0,266.0,44.0,254.55,8.909999999999997,48.0,77.0,0.8754256107701034,125,-29.0,-17.0,-0.23
07:30:33,249.0,35.0,259.0,21.0,248.0,14.0,266.0,28.0,254.0,10.0,49.0,49.0,1.0607544484904359,98,0.0,-27.0,0.0
07:30:34,250.48,62.0,259.0,45.0,249.69,133.0,266.0,60.0,254.74,8.52000000000001,195.0,105.0,1.0734151107527106,300,90.0,165.5,0.3
07:30:35,251.0,12.0,259.0,27.0,250.0,108.0,266.0,36.0,255.0,8.0,120.0,63.0,0.9369204875507363,183,57.0,-117.0,0.31
07:30:36,251.71,7.0,259.0,21.0,250.0,84.0,266.0,28.0,255.36,7.289999999999992,91.0,49.0,0.5087238936715852,140,42.0,-43.0,0.3
07:30:37,252.0,10.0,259.0,30.0,250.0,120.0,266.0,40.0,255.5,7.0,130.0,70.0,0.5948108943120769,200,60.0,60.0,0.3
07:30:38,252.0,6.0,259.0,18.0,250.0,72.0,266.0,24.0,255.5,7.0,78.0,42.0,0.33734255585718864,120,36.0,-80.0,0.3
07:30:39,252.0,6.0,259.0,18.0,250.0,72.0,266.0,24.0,255.5,7.0,78.0,42.0,0.21661024904707063,120,36.0,0.0,0.3
07:30:40,250.52,25.0,259.0,21.0,249.8,41.0,266.0,28.0,254.76,8.47999999999999,66.0,49.0,0.3210607419044643,115,17.0,-5.0,0.15
07:30:41,250.0,90.0,259.0,27.0,249.0,63.0,266.0,36.0,254.5,9.0,153.0,63.0,0.4853040284113398,216,90.0,101.0,0.42
07:30:42,250.0,100.0,258.9,30.0,249.0,52.0,265.46,39.0,254.45,8.899999999999977,152.0,69.0,0.5228001530148139,221,83.0,5.0,0.38
07:30:43,250.0,114.0,257.62,39.0,248.82,66.0,260.08,39.0,253.81,7.6200000000000045,180.0,78.0,0.6107618193636171,258,102.0,37.0,0.4
07:30:44,250.19,79.0,257.0,33.0,248.35,74.0,259.0,33.0,253.59,6.810000000000002,153.0,66.0,0.4969607630310398,219,87.0,-39.0,0.4
07:30:45,250.24,42.0,257.0,18.0,249.36,44.0,259.0,18.0,253.62,6.759999999999991,86.0,36.0,0.4474706694213738,122,50.0,-97.0,0.41
07:30:46,250.0,56.0,255.43,21.0,249.0,49.0,259.86,21.0,252.71,5.430000000000007,105.0,42.0,0.6230409296285697,147,63.0,25.0,0.43
07:30:47,251.44,50.0,256.75,24.0,249.53,60.0,262.92,26.0,254.09,5.310000000000002,110.0,50.0,0.517281354769765,160,60.0,13.0,0.38
07:30:48,254.0,8.0,262.0,12.0,250.0,32.0,263.0,16.0,258.0,8.0,40.0,28.0,2.0722379207012898,68,12.0,-92.0,0.18
07:30:49,254.0,7.0,262.0,21.0,250.0,56.0,263.0,28.0,258.0,8.0,63.0,49.0,2.5285035099822126,112,14.0,44.0,0.12
07:30:50,254.0,11.0,262.0,33.0,250.36,39.0,263.0,44.0,258.0,8.0,50.0,77.0,2.566330064506967,127,-27.0,15.0,-0.21
07:30:51,254.0,8.0,257.62,24.0,252.0,8.0,262.28,43.0,255.81,3.6200000000000045,16.0,67.0,1.7777935763165273,83,-51.0,-44.0,-0.61
07:30:52,254.0,13.0,260.88,75.0,252.0,13.0,264.25,64.0,257.44,6.8799999999999955,26.0,139.0,0.9483142938879809,165,-113.0,82.0,-0.68
07:30:53,255.4,97.0,261.89,79.0,253.85,13.0,264.62,61.0,258.64,6.489999999999981,110.0,140.0,1.075741604658034,250,-30.0,85.0,-0.12
07:30:54,256.0,144.0,258.64,86.0,254.0,18.0,260.45,62.0,257.32,2.6399999999999864,162.0,148.0,1.0517699368171018,310,14.0,60.0,0.05
07:30:55,256.0,88.0,258.0,55.0,254.0,29.0,260.0,33.0,257.0,2.0,117.0,88.0,1.013518623406721,205,29.0,-105.0,0.14
07:30:56,256.0,75.0,257.0,60.0,254.0,36.0,262.33,36.0,256.5,1.0,111.0,96.0,0.7927168472993644,207,15.0,2.0,0.07
07:30:57,254.67,18.0,256.86,70.0,252.67,18.0,263.0,42.0,255.76,2.190000000000026,36.0,112.0,1.0688685606716322,148,-76.0,-59.0,-0.51
07:30:58,252.77,13.0,255.31,65.0,250.48,21.0,262.52,48.0,254.04,2.539999999999992,34.0,113.0,1.3052509337258569,147,-79.0,-1.0,-0.54
07:30:59,252.53,19.0,254.21,70.0,250.43,23.0,262.0,70.0,253.37,1.6800000000000068,42.0,140.0,1.569101653810919,182,-98.0,35.0,-0.54
07:31:00,250.77,43.0,253.82,85.0,248.76,37.0,262.0,85.0,252.3,3.049999999999983,80.0,170.0,1.721911728281123,250,-90.0,68.0,-0.36
07:31:01,248.22,64.0,251.8,75.0,246.53,95.0,256.45,71.0,250.01,3.5800000000000125,159.0,146.0,2.134251625275715,305,13.0,55.0,0.04
07:31:02,247.0,96.0,249.88,32.0,244.0,112.0,252.0,80.0,248.44,2.8799999999999955,208.0,112.0,2.349738283297094,320,96.0,15.0,0.3
07:31:03,247.0,72.0,251.13,45.0,243.0,84.0,255.21,66.0,249.07,4.1299999999999955,156.0,111.0,2.1160269374447798,267,45.0,-53.0,0.17
07:31:04,247.0,46.0,249.86,21.0,243.0,63.0,251.56,43.0,248.43,2.8600000000000136,109.0,64.0,1.6156268133426972,173,45.0,-94.0,0.26
07:31:05,243.41,78.0,250.29,31.0,241.52,108.0,257.4,75.0,246.85,6.8799999999999955,186.0,106.0,1.1530394615934811,292,80.0,119.0,0.27
07:31:06,243.0,91.0,246.69,26.0,241.0,104.0,249.15,26.0,244.85,3.6899999999999977,195.0,52.0,1.7069329219368052,247,143.0,-45.0,0.58
07:31:07,243.0,59.0,245.0,26.0,241.0,104.0,248.0,26.0,244.0,2.0,163.0,52.0,2.198112826947615,215,111.0,-32.0,0.52
07:31:08,243.0,39.0,244.31,26.0,241.0,104.0,253.77,39.0,243.65,1.3100000000000023,143.0,65.0,2.0301921091343833,208,78.0,-7.0,0.38
07:31:09,243.0,30.0,246.45,22.0,241.0,80.0,253.4,30.0,244.73,3.4499999999999886,110.0,52.0,1.2420869534744439,162,58.0,-46.0,0.36
07:31:10,242.06,34.0,247.0,40.0,240.78,54.0,250.33,18.0,244.53,4.939999999999998,88.0,58.0,0.509725416269756,146,30.0,-16.0,0.21
07:31:11,241.0,80.0,247.0,56.0,239.0,30.0,251.9,29.0,244.0,6.0,110.0,85.0,0.43894190958640084,195,25.0,49.0,0.13
07:31:12,241.15,82.0,247.0,56.0,240.19,67.0,252.38,32.0,244.07,5.849999999999994,149.0,88.0,0.43275859320336807,237,61.0,42.0,0.26
07:31:13,242.88,33.0,246.57,53.0,240.17,96.0,248.77,52.0,244.72,3.6899999999999977,129.0,105.0,0.35234925853672233,234,24.0,-3.0,0.1
07:31:14,241.76,50.0,247.0,68.0,237.72,54.0,252.57,70.0,244.38,5.240000000000009,104.0,138.0,0.3043846250903185,242,-34.0,8.0,-0.14
07:31:15,242.0,24.0,247.0,24.0,240.0,6.0,252.0,30.0,244.5,5.0,30.0,54.0,0.2999666648002295,84,-24.0,-158.0,-0.29
07:31:16,242.14,28.0,247.0,40.0,241.45,22.0,252.0,50.0,244.57,4.860000000000014,50.0,90.0,0.2444790379385942,140,-40.0,56.0,-0.29
07:31:17,244.18,11.0,247.0,44.0,241.21,38.0,252.0,55.0,245.59,2.819999999999993,49.0,99.0,0.48432427152828084,148,-50.0,8.0,-0.34
07:31:18,245.4,15.0,247.0,33.0,237.34,73.0,252.0,55.0,246.2,1.5999999999999943,88.0,88.0,0.8055867426859722,176,0.0,28.0,0.0
07:31:19,246.0,31.0,247.0,34.0,237.67,43.0,252.0,65.0,246.5,1.0,74.0,99.0,0.9163896551093254,173,-25.0,-3.0,-0.14
07:31:20,241.95,19.0,251.25,53.0,235.87,60.0,253.29,56.0,246.6,9.300000000000011,79.0,109.0,0.8373589433399413,188,-30.0,15.0,-0.16
07:31:21,238.0,30.0,252.0,60.0,235.82,44.0,254.0,48.0,245.0,14.0,74.0,108.0,0.6737358532773675,182,-34.0,-6.0,-0.19
07:31:22,238.0,16.0,254.0,12.0,236.0,16.0,257.0,20.0,246.0,16.0,32.0,32.0,0.6387487769001057,64,0.0,-118.0,0.0
07:31:23,238.6,60.0,254.0,39.0,236.65,65.0,257.0,70.0,246.3,15.400000000000006,125.0,109.0,0.645755371631845,234,16.0,165.5,0.07
07:31:24,250.0,13.0,253.38,26.0,238.0,91.0,255.83,41.0,251.69,3.3799999999999955,104.0,67.0,2.62566562989108,171,37.0,-63.0,0.22
07:31:25,238.57,21.0,254.0,22.0,236.04,92.0,255.29,31.0,246.29,15.430000000000007,113.0,53.0,2.6445472202234024,166,60.0,-5.0,0.36
07:31:26,244.15,26.0,255.0,14.0,236.24,33.0,256.0,35.0,249.58,10.849999999999994,59.0,49.0,2.545716009297051,108,10.0,-58.0,0.09
07:31:27,248.0,64.0,255.0,16.0,238.0,16.0,256.0,40.0,251.5,7.0,80.0,56.0,2.666021380257723,136,24.0,28.0,0.18
07:31:28,248.14,28.0,255.0,8.0,243.71,14.0,256.0,20.0,251.57,6.860000000000014,42.0,28.0,2.3147418862567224,70,14.0,-66.0,0.2
07:31:29,249.38,64.0,255.0,32.0,247.69,116.0,256.0,80.0,252.19,5.6200000000000045,180.0,112.0,2.408117522047323,292,68.0,165.5,0.23
07:31:30,250.73,60.0,255.0,30.0,239.0,75.0,256.69,39.0,252.87,4.27000000000001,135.0,69.0,1.2283606962091382,204,66.0,-88.0,0.32
07:31:31,253.0,38.0,255.0,32.0,242.14,110.0,258.33,18.0,254.0,2.0,148.0,50.0,1.039293028934314,198,98.0,-6.0,0.49
07:31:32,253.0,17.0,254.77,13.0,242.29,63.0,255.93,27.0,253.88,1.7700000000000102,80.0,40.0,1.054073052492796,120,40.0,-78.0,0.33
07:31:33,253.7,20.0,256.0,60.0,241.18,55.0,258.0,15.0,254.85,2.3000000000000114,75.0,75.0,1.0383978043079103,150,0.0,30.0,0.0
07:31:34,254.57,23.0,256.0,39.0,244.25,24.0,258.0,14.0,255.28,1.4300000000000068,47.0,53.0,0.9350561480421963,100,-6.0,-50.0,-0.06
07:31:35,253.0,13.0,256.0,13.0,239.4,50.0,258.0,13.0,254.5,3.0,63.0,26.0,0.5842259836668673,89,37.0,-11.0,0.42
07:31:36,253.0,12.0,254.51,35.0,239.0,60.0,255.62,24.0,253.76,1.509999999999991,72.0,59.0,0.6427129997063404,131,13.0,42.0,0.1
07:31:37,246.03,35.0,252.77,62.0,240.61,49.0,254.37,41.0,249.4,6.740000000000009,84.0,103.0,2.390171541959187,187,-19.0,56.0,-0.1
07:31:38,241.08,26.0,248.94,51.0,240.2,15.0,252.3,30.0,245.01,7.859999999999985,41.0,81.0,4.326823315088292,122,-40.0,-65.0,-0.33
07:31:39,241.0,30.0,243.0,42.0,240.0,15.0,244.24,59.0,242.0,2.0,45.0,101.0,5.430605859385465,146,-56.0,24.0,-0.38
07:31:40,241.0,22.0,243.0,11.0,240.0,11.0,244.0,44.0,242.0,2.0,33.0,55.0,5.094504882713518,88,-22.0,-58.0,-0.25
07:31:41,241.15,26.0,243.0,12.0,238.57,21.0,244.0,48.0,242.08,1.8499999999999943,47.0,60.0,3.233360480984453,107,-13.0,19.0,-0.12
07:31:42,242.0,24.0,243.0,6.0,238.6,20.0,244.0,24.0,242.5,1.0,44.0,30.0,1.2979676421205686,74,14.0,-33.0,0.19
07:31:43,240.17,41.0,242.24,21.0,236.4,47.0,244.31,52.0,241.2,2.0700000000000216,88.0,73.0,0.47082905601937014,161,15.0,87.0,0.09
07:31:44,240.25,48.0,244.0,64.0,238.0,40.0,245.0,118.0,242.12,3.75,88.0,182.0,0.4766550115042225,270,-94.0,109.0,-0.35
07:31:45,242.0,42.0,244.0,56.0,238.0,28.0,245.0,112.0,243.0,2.0,70.0,168.0,0.6612110101866758,238,-98.0,-32.0,-0.41
07:31:46,239.86,29.0,244.0,32.0,233.0,22.0,245.0,88.0,241.93,4.139999999999986,51.0,120.0,0.6702238431987366,171,-69.0,-67.0,-0.4
07:31:47,234.55,22.0,244.0,11.0,231.36,22.0,245.0,88.0,239.27,9.449999999999989,44.0,99.0,1.4037556767443777,143,-55.0,-28.0,-0.38
07:31:48,240.92,128.0,244.0,15.0,235.07,30.0,245.0,120.0,242.46,3.0800000000000125,158.0,135.0,1.4479399158777522,293,23.0,150.0,0.08
07:31:49,241.36,56.0,244.38,21.0,240.16,98.0,245.05,105.0,242.87,3.019999999999982,154.0,126.0,1.5315123244662685,280,28.0,-13.0,0.1
07:31:50,243.28,36.0,245.0,152.0,236.55,131.0,250.84,19.0,244.14,1.7199999999999989,167.0,171.0,1.7969501940766388,338,-4.0,58.0,-0.01
07:31:51,235.06,77.0,245.0,104.0,234.48,61.0,246.28,43.0,240.03,9.939999999999998,138.0,147.0,2.0358855567030423,285,-9.0,-53.0,-0.03
07:31:52,235.0,81.0,245.0,66.0,234.0,18.0,246.0,36.0,240.0,10.0,99.0,102.0,1.8288657687189842,201,-3.0,-84.0,-0.01
07:31:53,236.78,46.0,245.0,75.0,235.53,55.0,246.0,60.0,240.89,8.219999999999999,101.0,135.0,1.8434017467692925,236,-34.0,35.0,-0.14
07:31:54,239.31,26.0,244.56,57.0,236.0,39.0,245.62,52.0,241.93,5.25,65.0,109.0,1.7237662254470787,174,-44.0,-62.0,-0.25
07:31:55,241.92,64.0,244.0,85.0,240.67,108.0,245.0,68.0,242.96,2.0800000000000125,172.0,153.0,1.277524950829569,325,19.0,151.0,0.06
07:31:56,243.07,45.0,244.42,57.0,239.29,126.0,245.4,60.0,243.74,1.3499999999999943,171.0,117.0,1.5116315688659414,288,54.0,-37.0,0.19
07:31:57,237.6,117.0,245.28,65.0,236.42,97.0,246.69,42.0,241.44,7.680000000000007,214.0,107.0,1.1527662382253019,321,107.0,33.0,0.33
07:31:58,240.71,70.0,243.0,68.0,234.23,101.0,246.0,56.0,241.86,2.289999999999992,171.0,124.0,0.9410526021387424,295,47.0,-26.0,0.16
07:31:59,232.6,30.0,245.11,36.0,231.95,41.0,246.75,32.0,238.86,12.51000000000002,71.0,68.0,1.862933171101988,139,3.0,-156.0,0.02
07:32:00,234.87,30.0,240.38,26.0,231.68,57.0,246.66,58.0,237.63,5.509999999999991,87.0,84.0,2.4466875566757924,171,3.0,32.0,0.02
07:32:01,231.33,24.0,249.0,10.0,230.04,92.0,250.0,20.0,240.17,17.669999999999987,116.0,30.0,1.7662304492880232,146,86.0,-25.0,0.59
07:32:02,234.97,152.0,246.71,69.0,231.82,61.0,248.21,34.0,240.84,11.740000000000009,213.0,103.0,1.6604728242257334,316,110.0,165.5,0.35
07:32:03,236.88,128.0,243.87,38.0,235.0,176.0,244.44,27.0,240.37,6.990000000000009,304.0,65.0,1.311537265956319,369,239.0,53.0,0.65
07:32:04,237.0,228.0,243.38,26.0,235.0,61.0,245.0,40.0,240.19,6.3799999999999955,289.0,66.0,1.2645552577851942,355,223.0,-14.0,0.63
07:32:05,237.06,127.0,244.0,16.0,235.72,25.0,248.0,16.0,240.53,6.939999999999998,152.0,32.0,0.2767670500478027,184,120.0,-166.5,0.65
07:32:06,238.18,134.0,244.0,20.0,236.65,48.0,248.0,20.0,241.09,5.819999999999993,182.0,40.0,0.3617734097361992,222,142.0,38.0,0.64
07:32:07,239.0,80.0,244.0,20.0,237.1,90.0,248.0,20.0,241.5,5.0,170.0,40.0,0.5439485269693722,210,130.0,-12.0,0.62
07:32:08,239.0,88.0,244.0,22.0,237.0,99.0,248.0,22.0,241.5,5.0,187.0,44.0,0.5869156668484344,231,143.0,21.0,0.62
07:32:09,240.72,50.0,243.0,30.0,239.73,71.0,244.0,20.0,241.86,2.280000000000001,121.0,50.0,0.5075726548900443,171,71.0,-60.0,0.42
07:32:10,241.21,96.0,243.52,27.0,239.15,96.0,244.24,51.0,242.36,2.3100000000000023,192.0,78.0,0.4759411728271924,270,114.0,99.0,0.42
07:32:11,241.88,56.0,244.0,56.0,237.82,62.0,247.0,16.0,242.94,2.1200000000000045,118.0,72.0,0.6179967637391937,190,46.0,-80.0,0.24
07:32:12,242.22,54.0,244.0,20.0,237.05,40.0,247.0,16.0,243.11,1.7800000000000011,94.0,36.0,0.6870807812711042,130,58.0,-60.0,0.45
07:32:13,239.73,105.0,244.8,15.0,233.75,72.0,246.57,21.0,242.27,5.070000000000022,177.0,36.0,0.5117323519107455,213,141.0,83.0,0.66
07:32:14,237.12,48.0,242.0,14.0,234.0,72.0,246.86,14.0,239.56,4.8799999999999955,120.0,28.0,1.437035142225865,148,92.0,-65.0,0.62
07:32:15,230.78,59.0,244.59,41.0,226.35,37.0,246.67,21.0,237.68,13.810000000000002,96.0,62.0,2.390704916963214,158,34.0,10.0,0.22
07:32:16,237.88,32.0,245.0,80.0,233.31,26.0,246.0,16.0,241.44,7.1200000000000045,58.0,96.0,2.1896278222547516,154,-38.0,-4.0,-0.25
07:32:17,240.33,30.0,245.0,103.0,235.0,15.0,246.0,15.0,242.67,4.6699999999999875,45.0,118.0,2.080295652062959,163,-73.0,9.0,-0.45
07:32:18,243.08,78.0,245.02,94.0,238.16,31.0,246.5,28.0,244.05,1.9399999999999977,109.0,122.0,2.517389520910902,231,-13.0,68.0,-0.06
07:32:19,236.73,45.0,246.0,13.0,234.5,28.0,247.0,91.0,241.37,9.27000000000001,73.0,104.0,2.3699936708759353,177,-31.0,-54.0,-0.18
07:32:20,239.11,18.0,340.51,61.0,236.43,14.0,428.4,58.0,289.81,101.39999999999998,32.0,119.0,21.238354926876774,151,-87.0,-26.0,-0.58
07:32:21,244.84,25.0,263.53,68.0,242.85,27.0,318.63,43.0,254.18,18.68999999999997,52.0,111.0,20.423096728948586,163,-59.0,12.0,-0.36
07:32:22,246.93,30.0,474.25,44.0,244.29,17.0,603.62,21.0,360.59,227.32,47.0,65.0,50.055808853718325,112,-18.0,-51.0,-0.16
07:32:23,249.07,29.0,313.0,10.0,245.41,44.0,520.91,11.0,281.03,63.93000000000001,73.0,21.0,46.3826754295177,94,52.0,-18.0,0.55
07:32:24,251.0,30.0,349.0,18.0,247.45,55.0,562.92,13.0,300.0,98.0,85.0,31.0,39.347500174724985,116,54.0,22.0,0.47
07:32:25,251.0,23.0,409.74,38.0,250.0,50.0,447.43,28.0,330.37,158.74,73.0,66.0,41.580778371742646,139,7.0,23.0,0.05
07:32:26,251.0,26.0,354.31,32.0,250.0,182.0,542.32,31.0,302.66,103.31,208.0,63.0,31.007648250068545,271,145.0,132.0,0.54
07:32:27,251.0,14.0,392.71,7.0,250.0,98.0,649.36,11.0,321.86,141.70999999999998,112.0,18.0,19.42346338838627,130,94.0,-141.0,0.72
07:32:28,254.71,42.0,322.11,70.0,254.13,62.0,384.92,49.0,288.41,67.4,104.0,119.0,17.07792581082318,223,-15.0,93.0,-0.07
07:32:29,256.67,24.0,272.17,48.0,255.0,72.0,302.41,29.0,264.42,15.5,96.0,77.0,26.436796893723393,173,19.0,-50.0,0.11
07:32:30,256.63,27.0,270.08,48.0,255.05,55.0,280.0,24.0,263.36,13.449999999999989,82.0,72.0,25.122840603721308,154,10.0,-19.0,0.06
07:32:31,255.0,61.0,268.17,23.0,252.0,8.0,271.79,19.0,261.59,13.170000000000016,69.0,42.0,25.891677620424513,111,27.0,-43.0,0.24
07:32:32,255.0,48.0,267.0,24.0,252.0,6.0,268.0,6.0,261.0,12.0,54.0,30.0,11.626526996485087,84,24.0,-27.0,0.29
07:32:33,255.0,72.0,266.0,36.0,252.0,9.0,268.0,9.0,260.5,11.0,81.0,45.0,1.6562548113134883,126,36.0,42.0,0.29
07:32:34,255.0,72.0,266.0,36.0,252.0,9.0,268.0,9.0,260.5,11.0,81.0,45.0,1.1892434569924903,126,36.0,0.0,0.29
07:32:35,255.0,72.0,264.41,22.0,252.0,13.0,266.02,43.0,259.7,9.410000000000025,85.0,65.0,0.6987989696613903,150,20.0,24.0,0.13
07:32:36,255.0,9.0,260.53,30.0,252.0,9.0,261.53,15.0,257.77,5.529999999999973,18.0,45.0,1.2754136583870384,63,-27.0,-87.0,-0.43
07:32:37,252.4,15.0,258.14,21.0,250.2,25.0,258.33,24.0,255.27,5.739999999999981,40.0,45.0,2.2415552636508194,85,-5.0,22.0,-0.06
07:32:38,251.48,54.0,255.53,30.0,249.68,56.0,257.8,30.0,253.51,4.050000000000011,110.0,60.0,2.945055177751549,170,50.0,85.0,0.29
07:32:39,252.0,40.0,254.0,40.0,250.0,30.0,257.0,10.0,253.0,2.0,70.0,50.0,2.847955406954561,120,20.0,-50.0,0.17
07:32:40,251.6,40.0,253.0,18.0,249.09,44.0,254.05,42.0,252.3,1.4000000000000057,84.0,60.0,2.1949601363127775,144,24.0,24.0,0.17
07:32:41,250.37,41.0,251.4,60.0,248.22,73.0,253.76,50.0,250.88,1.0300000000000011,114.0,110.0,1.6122251703787127,224,4.0,80.0,0.02
07:32:42,249.02,43.0,314.19,47.0,247.7,60.0,506.4,20.0,281.61,65.16999999999999,103.0,67.0,13.090441169036334,170,36.0,-54.0,0.21
07:32:43,248.0,27.0,310.0,24.0,245.82,17.0,781.0,8.0,279.0,62.0,44.0,32.0,15.516730325683962,76,12.0,-94.0,0.16
07:32:44,248.0,15.0,284.33,15.0,246.0,10.0,446.0,7.0,266.17,36.329999999999984,25.0,22.0,14.39622415774358,47,3.0,-29.0,0.06
07:32:45,247.85,26.0,262.0,36.0,245.55,29.0,309.0,9.0,254.92,14.150000000000006,55.0,45.0,13.808969186727875,100,10.0,53.0,0.1
07:32:46,246.0,16.0,261.36,11.0,245.0,112.0,264.31,29.0,253.68,15.360000000000014,128.0,40.0,13.052403226992327,168,88.0,68.0,0.52
07:32:47,246.0,16.0,260.12,8.0,245.0,136.0,287.78,27.0,253.06,14.120000000000005,152.0,35.0,11.221090856062116,187,117.0,19.0,0.63
07:32:48,248.06,35.0,260.0,13.0,245.58,110.0,467.27,15.0,254.03,11.939999999999998,145.0,28.0,5.518384727436271,173,117.0,-14.0,0.68
07:32:49,250.15,53.0,259.06,17.0,248.32,82.0,279.1,29.0,254.6,8.909999999999997,135.0,46.0,0.7376449010209287,181,89.0,8.0,0.49
07:32:50,250.7,57.0,259.0,16.0,249.66,41.0,270.0,48.0,254.85,8.300000000000011,98.0,64.0,0.717586231753497,162,34.0,-19.0,0.21
07:32:51,250.0,19.0,259.0,9.0,248.14,28.0,278.17,23.0,254.5,9.0,47.0,32.0,0.707226979124927,79,15.0,-83.0,0.19
07:32:52,250.0,28.0,255.58,26.0,248.0,28.0,284.07,14.0,252.79,5.5800000000000125,56.0,40.0,0.8183703318193912,96,16.0,17.0,0.17
07:32:53,250.0,16.0,254.0,32.0,248.0,28.0,259.0,8.0,252.0,4.0,44.0,40.0,1.2727018503963141,84,4.0,-12.0,0.05
07:32:54,250.0,22.0,253.53,32.0,248.0,55.0,254.37,38.0,251.77,3.530000000000001,77.0,70.0,1.4198485834772043,147,7.0,63.0,0.05
07:32:55,249.41,17.0,251.0,7.0,247.36,44.0,268.33,27.0,250.21,1.5900000000000034,61.0,34.0,1.5659278399729197,95,27.0,-52.0,0.28
07:32:56,248.0,24.0,250.85,13.0,246.0,168.0,387.96,46.0,249.42,2.8499999999999943,192.0,59.0,1.3815100433953857,251,133.0,156.0,0.53
07:32:57,246.08,96.0,250.6,10.0,243.58,101.0,377.0,20.0,248.34,4.519999999999982,197.0,30.0,1.554306919498966,227,167.0,-24.0,0.74
07:32:58,246.58,125.0,346.23,31.0,241.11,74.0,412.54,13.0,296.4,99.65,199.0,44.0,20.817355019310252,243,155.0,16.0,0.64
07:32:59,246.0,104.0,262.66,38.0,225.82,51.0,532.17,40.0,254.33,16.660000000000025,155.0,78.0,20.618602037965662,233,77.0,-10.0,0.33
07:33:00,246.48,63.0,260.23,13.0,224.29,89.0,375.13,23.0,253.35,13.750000000000028,152.0,36.0,20.301147011930183,188,116.0,-45.0,0.62
07:33:01,250.15,27.0,260.0,10.0,248.91,23.0,381.6,10.0,255.07,9.849999999999994,50.0,20.0,19.687380983767287,70,30.0,-118.0,0.43
07:33:02,252.7,20.0,258.14,14.0,251.43,28.0,329.5,28.0,255.42,5.439999999999998,48.0,42.0,18.736032931226447,90,6.0,20.0,0.07
07:33:03,253.39,18.0,262.91,11.0,251.55,22.0,443.0,33.0,258.15,9.520000000000039,40.0,44.0,1.7976874033051662,84,-4.0,-6.0,-0.05
07:33:04,253.0,12.0,322.0,6.0,250.0,12.0,428.5,14.0,287.5,69.0,24.0,20.0,14.414959937509451,44,4.0,-40.0,0.09
07:33:05,253.0,14.0,320.87,31.0,250.0,14.0,322.57,7.0,286.94,67.87,28.0,38.0,17.026010395862055,66,-10.0,22.0,-0.15
07:33:06,253.0,24.0,314.3,44.0,250.0,24.0,320.89,28.0,283.65,61.30000000000001,48.0,72.0,16.114464620334203,120,-24.0,54.0,-0.2
07:33:07,248.82,17.0,312.73,75.0,246.35,37.0,437.32,19.0,280.78,63.910000000000025,54.0,94.0,12.185964467369933,148,-40.0,28.0,-0.27
07:33:08,247.0,11.0,310.94,51.0,244.0,22.0,434.72,29.0,278.97,63.94,33.0,80.0,3.7333724700332747,113,-47.0,-35.0,-0.42
07:33:09,237.02,43.0,277.24,33.0,237.61,23.0,307.33,45.0,257.13,40.22,66.0,78.0,11.777012779138946,144,-12.0,31.0,-0.08
07:33:10,219.43,109.0,274.23,43.0,161.61,61.0,299.52,23.0,246.83,54.80000000000001,170.0,66.0,16.462713020641562,236,104.0,92.0,0.44
07:33:16,217.26,19.0,242.62,16.0,205.96,26.0,244.0,32.0,229.94,25.360000000000014,45.0,48.0,7.0274782105678035,93,-3.0,-11.0,-0.03
07:33:17,231.0,18.0,241.91,22.0,229.44,36.0,244.0,44.0,236.45,10.909999999999997,54.0,66.0,9.039887720541945,120,-12.0,27.0,-0.1
07:33:18,237.45,40.0,244.28,25.0,236.62,48.0,245.16,129.0,240.87,6.8300000000000125,88.0,154.0,11.128494058047792,242,-66.0,122.0,-0.27
07:33:19,243.54,26.0,245.91,44.0,201.19,31.0,246.31,29.0,244.72,2.3700000000000045,57.0,73.0,10.49906329155152,130,-16.0,-112.0,-0.12
07:33:20,243.73,22.0,302.4,40.0,98.4,15.0,528.45,22.0,273.06,58.66999999999999,37.0,62.0,16.616292306047217,99,-25.0,-31.0,-0.25
07:33:21,255.23,22.0,342.57,46.0,250.81,21.0,501.67,36.0,298.9,87.34,43.0,82.0,26.601745243498645,125,-39.0,26.0,-0.31
07:33:22,254.8,15.0,468.38,37.0,254.09,22.0,536.31,35.0,361.59,213.57999999999998,37.0,72.0,49.40867605997958,109,-35.0,-16.0,-0.32
07:33:23,253.0,27.0,436.14,28.0,250.0,26.0,554.17,29.0,344.57,183.14,53.0,57.0,48.62697780039386,110,-4.0,1.0,-0.04
07:33:25,251.59,34.0,457.57,37.0,248.29,28.0,484.81,37.0,354.58,205.98,62.0,74.0,36.65500470604246,136,-12.0,33.0,-0.09
07:33:26,252.92,36.0,328.77,26.0,250.0,24.0,381.28,36.0,290.84,75.85,60.0,62.0,39.636989416452856,122,-2.0,-14.0,-0.02
07:33:27,254.0,15.0,281.0,28.0,246.4,20.0,351.0,21.0,267.5,27.0,35.0,49.0,53.110264732912015,84,-14.0,-38.0,-0.17
07:33:28,250.67,6.0,280.86,14.0,245.2,10.0,329.46,13.0,265.76,30.190000000000026,16.0,27.0,59.62954200729701,43,-11.0,-41.0,-0.26
07:33:29,251.93,28.0,278.29,34.0,250.0,14.0,280.14,43.0,265.11,26.360000000000014,42.0,77.0,38.330499866294495,119,-35.0,76.0,-0.29
07:33:30,249.54,26.0,274.28,29.0,247.27,11.0,275.46,26.0,261.91,24.73999999999998,37.0,55.0,11.700881590718064,92,-18.0,-27.0,-0.2
07:33:31,244.0,44.0,273.45,33.0,218.38,13.0,275.0,22.0,258.73,29.44999999999999,57.0,55.0,3.48298291698449,112,2.0,20.0,0.02
07:33:32,248.46,39.0,272.4,30.0,233.8,25.0,275.0,20.0,260.43,23.93999999999997,64.0,50.0,3.0092723372944996,114,14.0,2.0,0.12
07:33:33,250.29,42.0,270.0,36.0,245.82,33.0,275.0,24.0,260.14,19.710000000000008,75.0,60.0,2.4284315926140616,135,15.0,21.0,0.11
07:33:34,246.0,32.0,267.85,53.0,245.0,36.0,269.71,48.0,256.92,21.850000000000023,68.0,101.0,1.887625492518638,169,-33.0,34.0,-0.2
07:33:35,246.33,30.0,261.66,32.0,245.29,34.0,263.82,39.0,253.99,15.330000000000013,64.0,71.0,2.6577753855445234,135,-7.0,-34.0,-0.05
07:33:36,247.38,32.0,256.9,29.0,246.23,26.0,259.03,29.0,252.14,9.519999999999982,58.0,58.0,3.671842861562347,116,0.0,-19.0,0.0
07:33:37,250.5,16.0,254.0,24.0,248.22,36.0,254.92,48.0,252.25,3.5,52.0,72.0,3.421603425297314,124,-20.0,8.0,-0.16
07:33:38,248.86,22.0,253.67,30.0,247.33,21.0,254.93,54.0,251.27,4.809999999999974,43.0,84.0,2.2443551412390828,127,-41.0,3.0,-0.32
07:33:39,243.54,35.0,252.53,64.0,186.37,27.0,253.29,56.0,248.04,8.990000000000009,62.0,120.0,2.1902899351469998,182,-58.0,55.0,-0.32
07:33:40,242.63,27.0,248.74,47.0,204.29,35.0,252.84,73.0,245.69,6.110000000000014,62.0,120.0,2.8982011662419467,182,-58.0,0.0,-0.32
07:33:41,239.0,14.0,240.0,22.0,218.0,21.0,241.0,14.0,239.5,1.0,35.0,36.0,5.10466943102158,71,-1.0,-111.0,-0.01
07:33:42,239.0,12.0,240.0,6.0,58.67,18.0,241.0,12.0,239.5,1.0,30.0,18.0,5.228063695098424,48,12.0,-23.0,0.25
07:33:43,239.0,16.0,240.0,8.0,217.0,24.0,241.0,16.0,239.5,1.0,40.0,24.0,4.118650264347068,64,16.0,16.0,0.25
07:33:44,239.0,20.0,241.43,14.0,217.0,30.0,241.57,21.0,240.21,2.430000000000007,50.0,35.0,2.7063905852641126,85,15.0,21.0,0.18
07:33:45,239.0,14.0,244.67,24.0,173.0,17.0,245.95,19.0,241.83,5.6699999999999875,31.0,43.0,1.0105295641426284,74,-12.0,-11.0,-0.16
07:33:46,239.91,88.0,316.25,28.0,229.0,20.0,335.38,40.0,278.08,76.34,108.0,68.0,16.940369830673866,176,40.0,102.0,0.23
07:33:47,242.5,16.0,244.67,12.0,236.96,25.0,406.56,9.0,243.58,2.1699999999999875,41.0,21.0,16.532527030070302,62,20.0,-114.0,0.32
07:33:48,245.61,69.0,249.24,17.0,243.27,48.0,532.61,46.0,247.42,3.6299999999999955,117.0,63.0,15.801117998420397,180,54.0,118.0,0.3
07:33:49,249.14,74.0,253.0,10.0,238.0,10.0,294.45,44.0,251.07,3.8600000000000136,84.0,54.0,14.79483795112352,138,30.0,-42.0,0.22
07:33:50,250.55,66.0,253.0,7.0,246.71,17.0,436.14,35.0,251.77,2.4499999999999886,83.0,42.0,13.643127573984078,125,41.0,-13.0,0.33
07:33:51,251.8,60.0,279.24,25.0,248.05,55.0,385.0,40.0,265.52,27.439999999999998,115.0,65.0,8.299082479407291,180,50.0,55.0,0.28
07:33:52,255.44,251.0,359.64,80.0,252.65,79.0,477.97,75.0,307.54,104.19999999999999,330.0,155.0,24.937380175150803,485,175.0,165.5,0.36
07:33:53,257.0,126.0,418.13,30.0,255.67,45.0,569.56,27.0,337.57,161.13,171.0,57.0,38.34063288470863,228,114.0,-166.5,0.5
07:33:54,257.0,83.0,383.3,27.0,256.0,35.0,510.91,11.0,320.15,126.30000000000001,118.0,38.0,36.49822529932104,156,80.0,-72.0,0.51
07:33:55,257.0,44.0,407.0,20.0,256.0,20.0,527.53,15.0,332.0,150.0,64.0,35.0,28.718390101118082,99,29.0,-57.0,0.29
07:33:56,257.0,44.0,481.95,19.0,256.0,20.0,524.0,20.0,369.47,224.95,64.0,39.0,23.26306794040706,103,25.0,4.0,0.24
07:33:59,257.0,99.0,495.04,47.0,256.0,55.0,581.5,50.0,376.02,238.04000000000002,154.0,97.0,20.57044554694884,251,57.0,5.0,0.23
07:34:00,257.0,126.0,377.42,38.0,256.0,70.0,420.04,49.0,317.21,120.42000000000002,196.0,87.0,27.053636908925746,283,109.0,32.0,0.39
07:34:01,256.14,70.0,258.0,14.0,255.29,34.0,389.15,20.0,257.07,1.8600000000000136,104.0,34.0,54.77755808723129,138,70.0,-145.0,0.51
07:34:02,256.0,45.0,278.56,9.0,255.0,39.0,440.4,30.0,267.28,22.560000000000002,84.0,39.0,58.191753109869495,123,45.0,-15.0,0.37
07:34:03,256.0,40.0,288.88,8.0,255.0,40.0,304.5,8.0,272.44,32.879999999999995,80.0,16.0,49.3164306291525,96,64.0,-27.0,0.67
07:34:04,256.0,61.0,257.36,14.0,255.0,70.0,290.0,14.0,256.68,1.3600000000000136,131.0,28.0,25.006053867014213,159,103.0,63.0,0.65
07:34:05,256.0,38.0,283.43,14.0,255.0,50.0,324.0,25.0,269.71,27.430000000000007,88.0,39.0,7.317460625108893,127,49.0,-32.0,0.39
07:34:06,256.0,33.0,327.62,42.0,255.0,55.0,336.45,33.0,291.81,71.62,88.0,75.0,12.786607446856959,163,13.0,36.0,0.08
07:34:07,256.0,30.0,335.23,35.0,255.0,44.0,509.77,40.0,295.61,79.23000000000002,74.0,75.0,16.218783863163633,149,-1.0,-14.0,-0.01
07:34:08,256.0,19.0,334.96,48.0,255.0,35.0,380.25,48.0,295.48,78.95999999999998,54.0,96.0,17.714572249987192,150,-42.0,1.0,-0.28
07:34:09,256.0,11.0,334.0,55.0,255.0,44.0,439.44,45.0,295.0,78.0,55.0,100.0,11.183920153506783,155,-45.0,5.0,-0.29
07:34:10,255.17,18.0,324.11,38.0,253.75,32.0,413.06,34.0,289.64,68.94000000000003,50.0,72.0,2.663544630753242,122,-22.0,-33.0,-0.18
07:34:11,254.67,18.0,299.67,24.0,252.82,22.0,334.0,30.0,277.17,45.00000000000003,40.0,54.0,7.898718250451439,94,-14.0,-28.0,-0.15
07:34:12,251.95,19.0,329.58,36.0,250.29,21.0,335.5,40.0,290.77,77.63,40.0,76.0,7.409606602243785,116,-36.0,22.0,-0.31
07:34:13,247.72,29.0,333.0,55.0,246.15,48.0,337.0,55.0,290.36,85.28,77.0,110.0,6.717370765412217,187,-33.0,71.0,-0.18
07:34:14,246.0,20.0,331.25,20.0,242.0,4.0,556.5,20.0,288.62,85.25,24.0,40.0,5.727972590717834,64,-16.0,-123.0,-0.25
07:34:15,246.0,35.0,331.0,35.0,242.0,7.0,650.12,17.0,288.5,85.0,42.0,52.0,5.634059815090252,94,-10.0,30.0,-0.11
07:34:16,244.64,36.0,330.0,40.0,216.69,16.0,583.18,22.0,287.32,85.36000000000001,52.0,62.0,1.4260364651771276,114,-10.0,20.0,-0.09
07:34:17,244.36,33.0,277.19,31.0,243.78,18.0,352.36,25.0,260.78,32.829999999999984,51.0,56.0,12.533231027951853,107,-5.0,-7.0,-0.05
07:34:18,248.57,46.0,252.0,55.0,247.25,24.0,438.45,22.0,250.28,3.430000000000007,70.0,77.0,18.253585949068043,147,-7.0,40.0,-0.05
07:34:19,250.0,17.0,252.0,34.0,186.97,39.0,518.7,20.0,251.0,2.0,56.0,54.0,19.024591454220868,110,2.0,-37.0,0.02
07:34:20,244.78,18.0,250.83,12.0,162.38,63.0,322.5,16.0,247.81,6.050000000000011,81.0,28.0,16.351499013852315,109,53.0,-1.0,0.49
07:34:21,247.09,22.0,250.0,11.0,244.0,11.0,366.43,14.0,248.55,2.9099999999999966,33.0,25.0,5.24419011859915,58,8.0,-51.0,0.14
07:34:22,245.65,17.0,315.68,19.0,228.0,11.0,369.26,39.0,280.67,70.03,28.0,58.0,14.038649151539245,86,-30.0,28.0,-0.35
07:34:23,240.0,8.0,361.95,20.0,196.21,14.0,391.67,18.0,300.98,121.94999999999999,22.0,38.0,23.97390185180572,60,-16.0,-26.0,-0.27
07:34:24,246.67,15.0,358.95,20.0,216.15,20.0,359.85,20.0,302.81,112.28,35.0,40.0,26.9843914142975,75,-5.0,15.0,-0.07
07:34:25,246.46,13.0,358.0,8.0,210.55,11.0,359.0,24.0,302.23,111.53999999999999,24.0,32.0,23.429731539221947,56,-8.0,-19.0,-0.14
07:34:26,248.3,20.0,353.65,26.0,243.69,13.0,358.0,14.0,300.98,105.34999999999997,33.0,40.0,9.460878923229622,73,-7.0,17.0,-0.1
07:34:27,250.35,46.0,356.93,42.0,249.77,52.0,358.0,14.0,303.64,106.58000000000001,98.0,56.0,1.161623863395584,154,42.0,81.0,0.27
07:34:28,251.14,14.0,277.0,15.0,250.06,32.0,332.0,13.0,264.07,25.860000000000014,46.0,28.0,17.17571919891598,74,18.0,-80.0,0.24
07:34:29,249.37,38.0,258.59,17.0,247.67,30.0,262.46,39.0,253.98,9.21999999999997,68.0,56.0,23.979085678983086,124,12.0,50.0,0.1
07:34:30,248.0,11.0,254.45,11.0,240.82,11.0,260.0,33.0,251.23,6.449999999999989,22.0,44.0,25.599249012422458,66,-22.0,-58.0,-0.33
07:34:31,248.0,9.0,252.22,18.0,243.0,9.0,253.32,25.0,250.11,4.219999999999999,18.0,43.0,22.505020106634255,61,-25.0,-5.0,-0.41
07:34:32,231.07,15.0,249.3,23.0,189.61,36.0,251.75,32.0,240.19,18.230000000000018,51.0,55.0,8.561704269595648,106,-4.0,45.0,-0.04
07:34:33,215.67,21.0,248.3,23.0,123.5,28.0,251.38,13.0,231.99,32.630000000000024,49.0,36.0,9.174851497436473,85,13.0,-21.0,0.15
07:34:34,225.3,27.0,242.68,22.0,211.0,23.0,243.82,44.0,233.99,17.379999999999995,50.0,66.0,8.907318339433722,116,-16.0,31.0,-0.14
07:34:35,227.0,14.0,241.29,7.0,218.0,18.0,243.0,35.0,234.14,14.289999999999992,32.0,42.0,7.391087876626316,74,-10.0,-42.0,-0.14
07:34:36,227.0,18.0,241.0,9.0,185.64,22.0,243.0,45.0,234.0,14.0,40.0,54.0,3.1088856524504695,94,-14.0,20.0,-0.15
07:34:37,227.0,34.0,242.0,56.0,169.57,42.0,243.56,72.0,234.5,15.0,76.0,128.0,0.9910751737443443,204,-52.0,110.0,-0.25
07:34:38,227.36,28.0,242.37,43.0,190.33,30.0,243.29,56.0,234.86,15.009999999999991,58.0,99.0,0.375925524555626,157,-41.0,-47.0,-0.26
07:34:39,228.0,16.0,243.0,32.0,216.0,16.0,244.0,32.0,235.5,15.0,32.0,64.0,0.6039867548319622,96,-32.0,-61.0,-0.33
07:34:40,229.1,20.0,243.0,40.0,193.71,28.0,244.0,40.0,236.05,13.900000000000006,48.0,80.0,0.8093948356719805,128,-32.0,32.0,-0.25
07:34:41,238.88,24.0,243.0,32.0,230.0,16.0,244.0,32.0,240.94,4.1200000000000045,40.0,64.0,2.6230325960636782,104,-24.0,-24.0,-0.23
07:34:42,232.15,26.0,243.0,48.0,212.7,20.0,244.0,48.0,237.58,10.849999999999994,46.0,96.0,2.428534537537524,142,-50.0,38.0,-0.35
07:34:44,237.47,91.0,305.26,62.0,226.67,90.0,393.79,38.0,271.37,67.78999999999999,181.0,100.0,19.288769530481016,281,81.0,84.0,0.29
07:34:45,252.0,88.0,281.65,51.0,251.0,90.0,319.29,35.0,266.82,29.649999999999977,178.0,86.0,22.103905084848993,264,92.0,-17.0,0.35
07:34:46,253.5,60.0,309.0,33.0,252.13,67.0,354.0,44.0,281.25,55.5,127.0,77.0,26.318665429691016,204,50.0,-60.0,0.25
07:34:47,255.0,48.0,328.3,23.0,253.0,40.0,386.3,23.0,291.65,73.30000000000001,88.0,46.0,28.397806781510653,134,42.0,-70.0,0.31
07:34:48,255.0,28.0,307.68,25.0,253.0,50.0,359.41,29.0,281.34,52.68000000000001,78.0,54.0,9.692895852118257,132,24.0,-2.0,0.18
07:34:49,255.0,16.0,318.9,40.0,253.0,50.0,544.9,10.0,286.95,63.89999999999998,66.0,50.0,9.330909387621928,116,16.0,-16.0,0.14
07:34:50,255.0,5.0,424.4,20.0,253.0,25.0,561.0,5.0,339.7,169.39999999999998,30.0,25.0,24.71252051086676,55,5.0,-61.0,0.09
07:34:51,254.33,12.0,417.31,35.0,252.43,56.0,528.0,14.0,335.82,162.98,68.0,49.0,28.266148835665796,117,19.0,62.0,0.16
07:34:52,251.68,53.0,409.0,20.0,250.88,82.0,494.23,22.0,330.34,157.32,135.0,42.0,28.277781030342723,177,93.0,60.0,0.53
07:34:53,250.87,30.0,327.5,12.0,248.43,46.0,436.0,15.0,289.18,76.63,76.0,27.0,26.0891782162645,103,49.0,-74.0,0.48
07:34:54,250.0,10.0,324.9,20.0,248.0,90.0,328.0,10.0,287.45,74.89999999999998,100.0,30.0,25.948665090906125,130,70.0,27.0,0.54
07:34:55,250.0,11.0,303.21,28.0,248.0,99.0,314.96,23.0,276.61,53.20999999999998,110.0,51.0,27.15687297904547,161,59.0,31.0,0.37
07:34:56,250.88,24.0,298.4,20.0,248.41,34.0,315.3,30.0,274.64,47.51999999999998,58.0,50.0,22.562128224084045,108,8.0,-53.0,0.07
07:34:57,252.75,24.0,297.25,16.0,250.0,8.0,351.0,24.0,275.0,44.5,32.0,40.0,7.129826786115555,72,-8.0,-36.0,-0.11
07:34:58,254.89,28.0,296.2,20.0,251.89,19.0,351.0,30.0,275.55,41.31,47.0,50.0,5.417891656355905,97,-3.0,25.0,-0.03
07:34:59,253.75,16.0,293.84,19.0,252.18,22.0,477.31,13.0,273.8,40.089999999999975,38.0,32.0,1.0478788097920464,70,6.0,-27.0,0.09
07:35:00,248.0,44.0,287.39,23.0,243.0,22.0,290.79,19.0,267.7,39.389999999999986,66.0,42.0,3.215232495483242,108,24.0,38.0,0.22
07:35:01,248.43,56.0,278.71,14.0,245.14,28.0,287.13,30.0,263.57,30.279999999999973,84.0,44.0,5.257388134807206,128,40.0,20.0,0.31
07:35:02,250.81,104.0,259.07,56.0,249.92,89.0,273.89,27.0,254.94,8.259999999999991,193.0,83.0,8.321332225071407,276,110.0,148.0,0.4
07:35:03,253.09,88.0,256.18,39.0,252.08,65.0,257.73,44.0,254.64,3.0900000000000034,153.0,83.0,8.274714496586109,236,70.0,-40.0,0.3
07:35:04,253.0,45.0,276.09,22.0,248.26,35.0,268.14,29.0,264.55,23.089999999999975,80.0,51.0,5.942192356362468,131,29.0,-105.0,0.22
07:35:05,253.0,7.0,302.0,35.0,248.0,28.0,376.57,7.0,277.5,49.0,35.0,42.0,9.32500134048313,77,-7.0,-54.0,-0.09
07:35:06,248.38,13.0,378.0,35.0,247.12,34.0,496.29,7.0,313.19,129.62,47.0,42.0,24.34201778817875,89,5.0,12.0,0.06
07:35:07,248.0,10.0,419.5,30.0,246.83,18.0,442.0,6.0,333.75,171.5,28.0,36.0,33.53358510508544,64,-8.0,-25.0,-0.12
07:35:08,248.0,7.0,340.47,17.0,246.0,7.0,345.7,20.0,294.24,92.47000000000003,14.0,37.0,27.62662719189599,51,-23.0,-13.0,-0.45
07:35:09,248.0,8.0,339.0,8.0,246.0,8.0,340.0,32.0,293.5,91.0,16.0,40.0,21.593087551343974,56,-24.0,5.0,-0.43
07:35:10,248.0,7.0,279.74,23.0,246.0,7.0,339.5,16.0,263.87,31.74000000000001,14.0,39.0,25.949097286803763,53,-25.0,-3.0,-0.47
07:35:11,250.18,22.0,330.6,10.0,246.8,10.0,339.95,37.0,290.39,80.42000000000002,32.0,47.0,24.973018439908437,79,-15.0,26.0,-0.19
07:35:12,244.6,75.0,335.23,22.0,242.86,28.0,336.17,58.0,289.91,90.63000000000002,103.0,80.0,12.725123575038774,183,23.0,104.0,0.13
07:35:13,243.15,41.0,330.79,28.0,242.52,29.0,332.45,22.0,286.97,87.64000000000001,70.0,50.0,11.997313032508897,120,20.0,-63.0,0.17
07:35:14,251.0,52.0,328.92,24.0,247.79,43.0,329.22,36.0,289.96,77.92000000000002,95.0,60.0,11.457285891519327,155,35.0,35.0,0.23
07:35:15,253.55,22.0,325.71,14.0,252.21,91.0,326.9,41.0,289.63,72.15999999999997,113.0,55.0,1.3700072992530736,168,58.0,13.0,0.35
07:35:16,255.57,14.0,324.38,13.0,253.0,77.0,325.91,22.0,289.98,68.81,91.0,35.0,1.3045497307526175,126,56.0,-42.0,0.44
07:35:17,254.78,27.0,322.11,36.0,252.94,89.0,325.0,9.0,288.44,67.33000000000001,116.0,45.0,1.2955037630230106,161,71.0,35.0,0.44
07:35:18,253.0,61.0,321.71,28.0,248.0,7.0,325.0,7.0,287.36,68.70999999999998,68.0,35.0,1.1461588022637907,103,33.0,-58.0,0.32
07:35:19,253.0,61.0,320.67,36.0,248.0,9.0,325.0,9.0,286.83,67.67000000000002,70.0,45.0,1.3734882598722413,115,25.0,12.0,0.22
07:35:20,253.0,66.0,318.54,35.0,248.0,11.0,320.2,20.0,285.77,65.54000000000002,77.0,55.0,1.60783394665213,132,22.0,17.0,0.17
07:35:21,253.05,39.0,317.53,15.0,250.14,14.0,318.07,30.0,285.29,64.47999999999996,53.0,45.0,1.2575651076612206,98,8.0,-34.0,0.08
07:35:22,253.0,48.0,291.38,21.0,248.0,13.0,309.64,22.0,272.19,38.379999999999995,61.0,43.0,6.369083136528129,104,18.0,6.0,0.17
07:35:23,249.3,27.0,285.75,12.0,244.73,52.0,304.74,23.0,267.52,36.44999999999999,79.0,35.0,8.993336422040874,114,44.0,10.0,0.39
07:35:24,250.71,28.0,285.0,9.0,248.07,60.0,326.29,21.0,267.86,34.28999999999999,88.0,30.0,9.138759762681525,118,58.0,4.0,0.49
07:35:25,252.97,30.0,283.59,17.0,250.86,59.0,294.4,20.0,268.28,30.619999999999976,89.0,37.0,7.540700895805852,126,52.0,8.0,0.41
07:35:26,254.43,42.0,281.92,13.0,252.54,52.0,283.0,52.0,268.18,27.49000000000001,94.0,65.0,1.9149882506185192,159,29.0,33.0,0.18
07:35:27,253.72,58.0,279.89,18.0,251.83,48.0,281.19,42.0,266.81,26.169999999999987,106.0,60.0,0.5942221806756536,166,46.0,7.0,0.28
07:35:28,255.0,36.0,277.48,21.0,253.0,48.0,278.26,27.0,266.24,22.480000000000018,84.0,48.0,0.9028731915429273,132,36.0,-34.0,0.27
07:35:29,255.0,54.0,274.86,51.0,253.0,72.0,275.28,39.0,264.93,19.860000000000014,126.0,90.0,1.402380119656181,216,36.0,84.0,0.17
07:35:30,254.54,39.0,274.0,13.0,252.54,52.0,275.0,52.0,264.27,19.460000000000008,91.0,65.0,1.5465219041471283,156,26.0,-60.0,0.17
07:35:31,253.0,27.0,273.33,9.0,251.0,36.0,274.67,18.0,263.17,20.329999999999984,63.0,27.0,1.4718287943938033,90,36.0,-66.0,0.4
07:35:32,253.8,105.0,272.43,14.0,251.86,49.0,273.43,14.0,263.11,18.629999999999995,154.0,28.0,1.3081207895322937,182,126.0,92.0,0.69
07:35:33,254.84,148.0,269.63,19.0,253.0,48.0,270.95,55.0,262.23,14.789999999999992,196.0,74.0,1.0609995287493814,270,122.0,88.0,0.45
07:35:34,255.0,52.0,266.82,11.0,253.0,33.0,268.27,11.0,260.91,11.819999999999993,85.0,22.0,1.2521661231666428,107,63.0,-163.0,0.59
07:35:35,253.74,43.0,262.69,32.0,250.83,87.0,265.18,17.0,258.22,8.949999999999989,130.0,49.0,2.0625518175323037,179,81.0,72.0,0.45
07:35:36,253.0,27.0,261.53,15.0,250.0,63.0,262.2,30.0,257.27,8.529999999999973,90.0,45.0,2.524325652526939,135,45.0,-44.0,0.33
07:35:37,253.0,21.0,260.0,7.0,250.0,49.0,261.0,7.0,256.5,7.0,70.0,14.0,2.4458597670359548,84,56.0,-51.0,0.67
07:35:38,251.62,39.0,258.5,10.0,249.29,76.0,259.8,10.0,255.06,6.8799999999999955,115.0,20.0,2.185788187360505,135,95.0,51.0,0.7
07:35:39,251.35,74.0,256.41,17.0,248.54,111.0,258.79,14.0,253.88,5.060000000000031,185.0,31.0,1.731785206081919,216,154.0,81.0,0.71
07:35:40,250.0,54.0,254.67,30.0,248.0,81.0,255.33,15.0,252.33,4.6699999999999875,135.0,45.0,1.9867989329581786,180,90.0,-36.0,0.5
07:35:41,248.46,99.0,252.52,48.0,247.87,92.0,254.59,17.0,250.49,4.060000000000002,191.0,65.0,2.3394165939403155,256,126.0,76.0,0.49
07:35:42,250.0,79.0,251.74,23.0,248.0,80.0,252.9,21.0,250.87,1.740000000000009,159.0,44.0,1.948109339847979,203,115.0,-53.0,0.57
07:35:43,250.0,47.0,251.0,11.0,248.0,66.0,253.0,33.0,250.5,1.0,113.0,44.0,1.47523896369457,157,69.0,-46.0,0.44
07:35:44,248.0,50.0,250.18,22.0,246.0,10.0,313.35,17.0,249.09,2.180000000000007,60.0,39.0,1.1567540793108606,99,21.0,-58.0,0.21
07:35:45,248.0,53.0,249.31,13.0,246.0,11.0,357.17,29.0,248.65,1.3100000000000023,64.0,42.0,0.9830564581966097,106,22.0,7.0,0.21
07:35:48,242.84,19.0,266.59,17.0,241.94,68.0,663.64,25.0,254.72,23.74999999999997,87.0,42.0,87.13933457400293,129,45.0,-59.0,0.35
07:35:49,242.0,121.0,388.26,38.0,228.18,11.0,465.0,16.0,315.13,146.26,132.0,54.0,79.51968605320337,186,78.0,57.0,0.42
07:35:50,242.0,110.0,385.19,42.0,237.93,92.0,405.03,30.0,313.6,143.19,202.0,72.0,67.94909138465378,274,130.0,88.0,0.47
07:35:51,249.98,45.0,363.62,21.0,245.37,51.0,402.88,41.0,306.8,113.64000000000001,96.0,62.0,61.64216154548789,158,34.0,-116.0,0.22
07:35:52,253.73,55.0,284.38,55.0,252.83,72.0,298.72,50.0,269.05,30.650000000000006,127.0,105.0,28.004463037166264,232,22.0,74.0,0.09
07:35:53,254.97,33.0,281.12,67.0,253.0,65.0,293.15,39.0,268.04,26.150000000000006,98.0,106.0,23.92450689147035,204,-8.0,-28.0,-0.04
07:35:54,256.75,12.0,281.0,51.0,253.8,75.0,337.03,31.0,268.88,24.25,87.0,82.0,22.884072627048017,169,5.0,-35.0,0.03
07:35:55,255.24,50.0,281.0,40.0,254.58,95.0,318.0,30.0,268.12,25.75999999999999,145.0,70.0,17.124065521949042,215,75.0,46.0,0.35
07:35:56,255.0,66.0,278.44,18.0,253.0,30.0,303.2,20.0,266.72,23.439999999999998,96.0,38.0,0.9219652921886519,134,58.0,-81.0,0.43
07:35:57,255.0,55.0,258.0,5.0,253.0,25.0,281.0,20.0,256.5,3.0,80.0,25.0,5.174777289893707,105,55.0,-29.0,0.52
07:35:58,255.0,110.0,257.14,28.0,253.0,50.0,274.73,22.0,256.07,2.1399999999999864,160.0,50.0,6.414227934833535,210,110.0,105.0,0.52
07:35:59,255.0,88.0,256.88,32.0,253.0,40.0,258.0,8.0,255.94,1.8799999999999955,128.0,40.0,6.185200077604453,168,88.0,-42.0,0.52
07:36:00,255.0,83.0,260.85,26.0,253.0,45.0,301.13,15.0,257.92,5.850000000000023,128.0,41.0,4.5901742886297505,169,87.0,1.0,0.51
07:36:01,255.42,24.0,367.1,29.0,254.73,73.0,517.4,15.0,311.26,111.68000000000004,97.0,44.0,24.453963277963744,141,53.0,-28.0,0.38
07:36:02,256.0,10.0,398.89,28.0,255.0,70.0,420.28,18.0,327.45,142.89,80.0,46.0,34.83107477526357,126,34.0,-15.0,0.27
07:36:03,255.0,24.0,270.0,6.0,253.0,30.0,449.17,18.0,262.5,15.0,54.0,24.0,33.74881153463041,78,30.0,-48.0,0.38
07:36:04,255.0,32.0,419.17,18.0,253.0,40.0,470.5,14.0,337.08,164.17000000000002,72.0,32.0,36.84196004557855,104,40.0,26.0,0.38
07:36:05,255.0,40.0,361.0,22.0,253.0,50.0,507.33,18.0,308.0,106.0,90.0,40.0,28.70937860699896,130,50.0,26.0,0.38
07:36:06,255.0,40.0,373.03,36.0,253.0,50.0,402.93,15.0,314.01,118.02999999999997,90.0,51.0,28.78356597088015,141,39.0,11.0,0.28
07:36:07,255.0,32.0,295.31,29.0,253.0,40.0,331.11,27.0,275.16,40.31,72.0,56.0,30.233961037217867,128,16.0,-13.0,0.12
07:36:08,253.14,59.0,292.29,42.0,252.31,16.0,307.18,33.0,272.71,39.150000000000034,75.0,75.0,27.32804365482477,150,0.0,22.0,0.0
07:36:09,253.0,31.0,277.85,13.0,252.0,7.0,288.62,16.0,265.42,24.850000000000023,38.0,29.0,22.252012268556886,67,9.0,-83.0,0.13
07:36:10,253.0,27.0,287.92,26.0,248.22,89.0,288.84,19.0,270.46,34.920000000000016,116.0,45.0,19.594860805833893,161,71.0,94.0,0.44
07:36:11,253.0,13.0,276.12,34.0,248.3,159.0,286.56,39.0,264.56,23.120000000000005,172.0,73.0,4.587485149840213,245,99.0,84.0,0.4
07:36:12,248.06,223.0,253.7,40.0,243.93,107.0,254.36,25.0,250.88,5.639999999999986,330.0,65.0,8.497233667494624,395,265.0,150.0,0.67
07:36:13,248.4,125.0,255.0,16.0,247.82,114.0,328.43,21.0,251.7,6.599999999999994,239.0,37.0,8.800879501504618,276,202.0,-119.0,0.73
07:36:14,250.71,70.0,267.36,14.0,248.09,232.0,321.41,32.0,259.04,16.650000000000006,302.0,46.0,8.380532202670906,348,256.0,72.0,0.74
07:36:15,255.0,55.0,265.36,11.0,250.0,55.0,350.18,33.0,260.18,10.360000000000014,110.0,44.0,5.843844624902689,154,66.0,-166.5,0.43
07:36:16,255.0,35.0,265.0,7.0,250.0,35.0,338.31,13.0,260.0,10.0,70.0,20.0,4.657531535052017,90,50.0,-64.0,0.56
07:36:17,255.03,36.0,264.0,8.0,250.62,40.0,287.0,8.0,259.51,8.969999999999999,76.0,16.0,3.597468554414884,92,60.0,2.0,0.65
07:36:18,256.8,15.0,263.13,15.0,255.0,75.0,528.78,41.0,259.97,6.329999999999984,90.0,56.0,0.46287147244547405,146,34.0,54.0,0.23
07:36:19,256.29,17.0,261.3,10.0,254.61,41.0,315.45,20.0,258.8,5.009999999999991,58.0,30.0,0.5565698518639369,88,28.0,-58.0,0.32
07:36:20,256.0,64.0,259.12,32.0,255.0,22.0,260.53,15.0,257.56,3.1200000000000045,86.0,47.0,1.021454844818821,133,39.0,45.0,0.29
07:36:21,255.8,35.0,258.46,35.0,254.12,32.0,337.56,32.0,257.13,2.659999999999968,67.0,67.0,1.2234500398479258,134,0.0,1.0,0.0
07:36:22,255.0,15.0,258.87,15.0,253.0,30.0,354.61,41.0,256.93,3.8700000000000045,45.0,56.0,1.283148471535524,101,-11.0,-33.0,-0.11
07:36:23,251.35,23.0,256.44,36.0,250.67,18.0,258.0,9.0,253.9,5.090000000000003,41.0,45.0,1.8092070086101215,86,-4.0,-15.0,-0.05
07:36:24,252.22,55.0,255.47,38.0,250.03,32.0,356.31,26.0,253.85,3.25,87.0,64.0,1.839056823484278,151,23.0,65.0,0.15
07:36:25,251.79,38.0,257.89,9.0,250.71,14.0,394.32,25.0,254.84,6.099999999999994,52.0,34.0,1.6027632389108992,86,18.0,-65.0,0.21
07:36:26,253.42,67.0,282.14,29.0,252.65,77.0,331.35,31.0,267.78,28.72,144.0,60.0,5.902402053401967,204,84.0,118.0,0.41
07:36:27,253.0,50.0,296.5,30.0,250.0,10.0,368.96,23.0,274.75,43.5,60.0,53.0,9.67608030144457,113,7.0,-91.0,0.06
07:36:28,253.0,30.0,329.83,18.0,250.0,6.0,407.88,17.0,291.42,76.82999999999998,36.0,35.0,15.541247375934908,71,1.0,-42.0,0.01
07:36:29,253.0,30.0,467.0,12.0,250.0,6.0,535.29,17.0,360.0,214.0,36.0,29.0,41.42535479630804,65,7.0,-6.0,0.11
07:36:30,253.0,50.0,322.31,29.0,250.0,10.0,376.62,21.0,287.66,69.31,60.0,50.0,36.857646696445514,110,10.0,45.0,0.09
07:36:31,253.0,60.0,388.67,24.0,250.0,12.0,530.0,24.0,320.83,135.67000000000002,72.0,48.0,34.12140193485606,120,24.0,10.0,0.2
07:36:32,253.73,22.0,487.45,22.0,250.0,11.0,570.09,22.0,370.59,233.72,33.0,44.0,38.1990804863153,77,-11.0,-43.0,-0.14
07:36:33,251.76,25.0,408.92,24.0,248.82,17.0,587.58,24.0,330.34,157.16000000000003,42.0,48.0,32.97347767524672,90,-6.0,13.0,-0.07
07:36:34,251.0,6.0,295.0,6.0,250.0,3.0,750.0,6.0,273.0,44.0,9.0,12.0,38.27537367551094,21,-3.0,-69.0,-0.14
07:36:35,246.29,49.0,282.0,28.0,244.12,56.0,503.29,28.0,264.14,35.71000000000001,105.0,56.0,43.756285834151846,161,49.0,140.0,0.3
07:36:36,244.75,24.0,270.4,20.0,243.89,61.0,460.2,20.0,257.57,25.649999999999977,85.0,40.0,49.28211206918793,125,45.0,-36.0,0.36
07:36:37,245.0,12.0,263.5,12.0,244.0,36.0,543.0,12.0,254.25,18.5,48.0,24.0,31.28547826068833,72,24.0,-53.0,0.33
07:36:38,248.94,32.0,262.0,32.0,246.74,53.0,309.38,32.0,255.47,13.060000000000002,85.0,64.0,7.773398870507239,149,21.0,77.0,0.14
07:36:39,256.0,13.0,261.38,26.0,255.0,26.0,274.77,26.0,258.69,5.3799999999999955,39.0,52.0,3.8347464062181933,91,-13.0,-58.0,-0.14
07:36:40,255.22,18.0,257.62,21.0,253.55,29.0,262.67,18.0,256.42,2.4000000000000057,47.0,39.0,1.7370089234092623,86,8.0,-5.0,0.09
07:36:41,254.08,26.0,256.44,18.0,252.68,25.0,318.27,15.0,255.26,2.359999999999985,51.0,33.0,1.6809134421508571,84,18.0,-2.0,0.21
07:36:42,253.0,21.0,258.0,9.0,251.0,9.0,429.33,18.0,255.5,5.0,30.0,27.0,1.4258225696079527,57,3.0,-27.0,0.05
07:36:43,253.0,9.0,257.44,9.0,251.0,9.0,569.33,21.0,255.22,4.439999999999998,18.0,30.0,1.4646569564247545,48,-12.0,-9.0,-0.25
07:36:44,253.0,11.0,257.0,11.0,251.0,11.0,426.71,28.0,255.0,4.0,22.0,39.0,0.5546169849576024,61,-17.0,13.0,-0.28
07:36:45,253.0,7.0,257.0,7.0,251.0,7.0,364.0,14.0,255.0,4.0,14.0,21.0,0.20851858431194922,35,-7.0,-26.0,-0.2
07:36:46,250.54,52.0,257.0,18.0,248.33,61.0,328.26,54.0,253.77,6.460000000000008,113.0,72.0,0.6631892640894106,185,41.0,150.0,0.22
07:36:47,252.5,28.0,257.0,14.0,251.0,84.0,272.57,58.0,254.75,4.5,112.0,72.0,0.5714630346780565,184,40.0,-1.0,0.22
07:36:48,253.53,34.0,256.41,17.0,251.1,82.0,475.29,79.0,254.97,2.880000000000024,116.0,96.0,0.5292164018654858,212,20.0,28.0,0.09
07:36:49,254.92,24.0,256.0,12.0,253.0,12.0,443.5,60.0,255.46,1.0800000000000125,36.0,72.0,0.6259792328851306,108,-36.0,-104.0,-0.33
07:36:50,255.0,8.0,488.17,12.0,253.0,5.0,536.18,22.0,371.58,233.17000000000002,13.0,34.0,52.25717204365352,47,-21.0,-61.0,-0.45
07:36:51,256.06,31.0,455.53,36.0,254.17,12.0,450.79,48.0,355.8,199.46999999999997,43.0,84.0,59.760649009193365,127,-41.0,80.0,-0.32
07:36:52,257.0,36.0,341.52,21.0,256.0,9.0,347.62,42.0,299.26,84.51999999999998,45.0,63.0,54.714165259099076,108,-18.0,-19.0,-0.17
07:36:53,257.0,29.0,327.91,22.0,256.0,11.0,341.87,31.0,292.45,70.91000000000003,40.0,53.0,47.87263727851229,93,-13.0,-15.0,-0.14
07:36:54,257.0,12.0,313.83,24.0,256.0,12.0,418.8,54.0,285.42,56.829999999999984,24.0,78.0,39.75863076113166,102,-54.0,9.0,-0.53
07:36:55,252.35,20.0,262.45,22.0,250.86,29.0,296.94,34.0,257.4,10.099999999999994,49.0,56.0,35.98549957969188,105,-7.0,3.0,-0.07
07:36:56,246.67,12.0,261.11,18.0,243.64,11.0,262.11,18.0,253.89,14.440000000000026,23.0,36.0,20.742464414818276,59,-13.0,-46.0,-0.22
07:36:57,244.0,20.0,259.6,10.0,240.0,15.0,260.6,10.0,251.8,15.600000000000023,35.0,20.0,19.202647473720955,55,15.0,-4.0,0.27
07:36:58,244.0,36.0,258.62,13.0,240.0,27.0,259.44,18.0,251.31,14.620000000000005,63.0,31.0,14.431026644005646,94,32.0,39.0,0.34
07:36:59,243.12,41.0,256.1,20.0,234.2,30.0,257.43,21.0,249.61,12.980000000000018,71.0,41.0,2.9893260109930146,112,30.0,18.0,0.27
07:37:00,226.0,39.0,251.63,27.0,162.34,59.0,252.76,21.0,238.81,25.629999999999995,98.0,48.0,5.942666068356768,146,50.0,34.0,0.34
07:37:01,240.0,36.0,249.58,24.0,173.0,36.0,250.74,19.0,244.79,9.580000000000013,72.0,43.0,5.478136544482869,115,29.0,-31.0,0.25
07:37:04,231.89,37.0,245.0,57.0,168.13,30.0,247.0,22.0,238.45,13.110000000000014,67.0,79.0,21.619735891078673,146,-12.0,23.0,-0.08
07:37:05,244.0,15.0,245.0,27.0,191.0,63.0,247.0,18.0,244.5,1.0,78.0,45.0,22.619238935030406,123,33.0,-23.0,0.27
07:37:06,204.43,56.0,245.0,30.0,123.62,71.0,247.0,28.0,224.71,40.56999999999999,127.0,58.0,20.259983464948704,185,69.0,62.0,0.37
07:37:07,200.67,173.0,241.57,14.0,136.0,54.0,246.2,20.0,221.12,40.900000000000006,227.0,34.0,19.24031834455956,261,193.0,76.0,0.74
07:37:09,204.7,88.0,239.0,18.0,166.09,44.0,245.0,37.0,221.85,34.30000000000001,132.0,55.0,11.114455902112123,187,77.0,78.0,0.41
07:37:10,214.27,22.0,245.0,31.0,162.36,132.0,246.0,44.0,229.64,30.72999999999999,154.0,75.0,5.176150113742314,229,79.0,42.0,0.34
07:37:11,216.38,32.0,245.0,10.0,151.81,63.0,246.0,40.0,230.69,28.620000000000005,95.0,50.0,6.353042578166366,145,45.0,-84.0,0.31
07:37:12,218.0,30.0,243.26,23.0,217.38,26.0,245.75,16.0,230.63,25.25999999999999,56.0,39.0,6.7746564488537055,95,17.0,-50.0,0.18
07:37:13,226.36,66.0,243.44,32.0,224.64,50.0,245.85,33.0,234.9,17.079999999999984,116.0,65.0,4.753584962951214,181,51.0,86.0,0.28
07:37:14,244.06,52.0,245.95,38.0,243.17,116.0,246.53,17.0,245.0,1.8899999999999864,168.0,55.0,6.383272671600116,223,113.0,42.0,0.51
07:37:15,245.33,15.0,246.5,16.0,220.18,22.0,312.31,26.0,245.92,1.1699999999999875,37.0,42.0,7.540780463585814,79,-5.0,-144.0,-0.06
07:37:16,204.67,18.0,279.59,29.0,157.26,42.0,362.64,39.0,242.13,74.91999999999999,60.0,68.0,6.670586930697924,128,-8.0,49.0,-0.06
07:37:17,204.5,22.0,346.09,11.0,189.9,62.0,379.18,28.0,275.3,141.58999999999997,84.0,39.0,15.512662569655793,123,45.0,-5.0,0.37
07:37:18,248.79,29.0,337.24,17.0,244.33,73.0,481.21,52.0,293.01,88.45000000000002,102.0,69.0,22.72643548821509,171,33.0,48.0,0.19
07:37:19,250.0,36.0,355.33,12.0,248.0,60.0,500.94,35.0,302.67,105.32999999999998,96.0,47.0,27.22661436903245,143,49.0,-28.0,0.34
07:37:20,248.17,70.0,351.0,12.0,211.14,36.0,446.33,12.0,299.59,102.83000000000001,106.0,24.0,24.954588756379174,130,82.0,-13.0,0.63
07:37:21,248.0,148.0,348.67,12.0,224.41,17.0,351.0,12.0,298.33,100.67000000000002,165.0,24.0,10.904058877317588,189,141.0,59.0,0.75
07:37:22,248.0,180.0,269.0,20.0,245.0,30.0,348.0,10.0,258.5,21.0,210.0,30.0,18.1818178409093,240,180.0,51.0,0.75
07:37:23,248.0,90.0,267.8,5.0,245.0,15.0,332.6,10.0,257.9,19.80000000000001,105.0,15.0,23.057611975224283,120,90.0,-120.0,0.75
07:37:24,248.0,167.0,264.46,28.0,245.0,36.0,323.0,19.0,256.23,16.45999999999998,203.0,47.0,22.704456610982866,250,156.0,130.0,0.62
07:37:25,248.13,138.0,260.47,51.0,216.17,84.0,262.04,53.0,254.3,12.340000000000032,222.0,104.0,18.674436269938695,326,118.0,76.0,0.36
07:37:26,249.61,31.0,258.64,42.0,248.57,80.0,259.83,54.0,254.13,9.029999999999973,111.0,96.0,2.0046870079891015,207,15.0,-119.0,0.07
07:37:27,251.63,38.0,255.83,47.0,250.38,13.0,257.17,47.0,253.73,4.200000000000017,51.0,94.0,1.7642193741142755,145,-43.0,-62.0,-0.3
07:37:28,252.08,52.0,254.0,33.0,250.36,11.0,255.0,55.0,253.04,1.9199999999999875,63.0,88.0,1.190096634731855,151,-25.0,6.0,-0.17
07:37:29,248.53,57.0,254.18,56.0,245.51,39.0,255.15,40.0,251.35,5.650000000000006,96.0,96.0,1.1982695856942767,192,0.0,41.0,0.0
07:37:30,248.0,12.0,252.36,14.0,245.0,16.0,253.17,18.0,250.18,4.360000000000014,28.0,32.0,1.670727386499613,60,-4.0,-132.0,-0.07
07:37:31,248.0,33.0,250.73,51.0,245.0,44.0,252.27,37.0,249.36,2.7299999999999898,77.0,88.0,1.8495864402616453,165,-11.0,105.0,-0.07
07:37:32,246.91,33.0,250.3,44.0,243.88,64.0,269.92,36.0,248.6,3.390000000000015,97.0,80.0,1.7454168556536112,177,17.0,12.0,0.1
07:37:33,245.36,56.0,250.19,42.0,243.31,156.0,266.38,47.0,247.77,4.829999999999984,212.0,89.0,1.3870724566509647,301,123.0,124.0,0.41
07:37:35,254.89,66.0,360.54,65.0,248.58,31.0,456.27,55.0,307.72,105.65000000000003,97.0,120.0,57.098889043483176,217,-23.0,-19.0,-0.11
07:37:36,256.29,42.0,348.0,35.0,255.0,7.0,389.0,35.0,302.14,91.70999999999998,49.0,70.0,53.3445728261086,119,-21.0,-98.0,-0.18
07:37:37,257.0,57.0,306.92,49.0,255.0,11.0,382.08,52.0,281.96,49.920000000000016,68.0,101.0,47.594602320011084,169,-33.0,50.0,-0.2
07:37:38,251.8,15.0,261.0,36.0,239.89,27.0,511.1,31.0,256.4,9.199999999999989,42.0,67.0,45.166871930652945,109,-25.0,-60.0,-0.23
07:37:39,244.38,16.0,261.0,44.0,238.67,45.0,349.69,39.0,252.69,16.620000000000005,61.0,83.0,25.323161729926362,144,-22.0,35.0,-0.15
07:37:40,245.34,64.0,368.03,35.0,244.0,10.0,564.64,44.0,306.69,122.68999999999997,74.0,79.0,25.045810627727878,153,-5.0,9.0,-0.03
07:37:41,247.55,29.0,403.9,51.0,245.96,92.0,480.84,49.0,325.73,156.34999999999997,121.0,100.0,31.62300792144869,221,21.0,68.0,0.1
07:37:42,246.5,36.0,342.69,45.0,245.85,39.0,463.33,46.0,294.59,96.19,75.0,91.0,31.85361517944244,166,-16.0,-55.0,-0.1
07:37:43,247.73,22.0,335.25,24.0,246.0,44.0,336.65,31.0,291.49,87.52000000000001,66.0,55.0,26.836123416022737,121,11.0,-45.0,0.09
07:37:44,251.0,15.0,311.38,16.0,248.3,23.0,335.79,19.0,281.19,60.379999999999995,38.0,35.0,17.046070514931067,73,3.0,-48.0,0.04
07:37:45,253.0,24.0,310.52,29.0,251.0,36.0,457.82,39.0,281.76,57.51999999999998,60.0,68.0,18.185318803914424,128,-8.0,55.0,-0.06
07:37:46,253.0,8.0,309.5,8.0,251.0,12.0,607.64,14.0,281.25,56.5,20.0,22.0,6.472803102212053,42,-2.0,-86.0,-0.05
07:37:47,254.41,41.0,309.25,32.0,251.88,32.0,454.74,47.0,281.83,54.84,73.0,79.0,4.473676340551142,152,-6.0,110.0,-0.04
07:37:48,255.0,37.0,326.73,33.0,253.0,22.0,332.93,43.0,290.86,71.73000000000002,59.0,76.0,4.1925612696783645,135,-17.0,-17.0,-0.13
07:37:49,250.39,77.0,332.0,30.0,249.71,126.0,489.47,38.0,291.19,81.61000000000001,203.0,68.0,5.161159753389377,271,135.0,136.0,0.5
07:37:50,250.14,73.0,331.88,24.0,249.59,117.0,553.68,34.0,291.01,81.74000000000001,190.0,58.0,5.197770675973066,248,132.0,-23.0,0.53
07:37:51,251.0,24.0,329.14,37.0,250.0,252.0,483.68,38.0,290.07,78.13999999999999,276.0,75.0,4.026452532938241,351,201.0,103.0,0.57
07:37:52,250.0,144.0,325.93,30.0,246.0,32.0,327.31,26.0,287.97,75.93,176.0,56.0,1.3284953895306932,232,120.0,-119.0,0.52
07:37:53,252.19,75.0,320.82,44.0,251.23,70.0,324.91,35.0,286.5,68.63,145.0,79.0,2.0424544058569816,224,66.0,-8.0,0.29
07:37:54,255.44,80.0,281.12,60.0,253.0,96.0,300.12,73.0,268.28,25.680000000000007,176.0,133.0,9.3832366484069,309,43.0,85.0,0.14
07:37:55,255.19,48.0,258.48,58.0,251.58,114.0,259.47,45.0,256.84,3.2900000000000205,162.0,103.0,14.658927996276155,265,59.0,-44.0,0.22
07:37:56,251.67,43.0,255.7,50.0,249.97,228.0,257.09,46.0,253.69,4.030000000000001,271.0,96.0,16.08710135481253,367,175.0,102.0,0.48
07:37:57,250.0,194.0,252.89,36.0,248.0,41.0,254.14,37.0,251.44,2.8899999999999864,235.0,73.0,14.472138750026314,308,162.0,-59.0,0.53
07:37:58,250.0,156.0,251.44,36.0,248.0,66.0,260.52,46.0,250.72,1.4399999999999977,222.0,82.0,7.164564187723887,304,140.0,-4.0,0.46
07:37:59,250.0,80.0,324.19,31.0,248.0,72.0,381.27,26.0,287.1,74.19,152.0,57.0,15.358994758772944,209,95.0,-95.0,0.45
07:38:00,250.0,40.0,457.0,16.0,248.0,48.0,482.0,11.0,353.5,207.0,88.0,27.0,44.20222731944634,115,61.0,-94.0,0.53
07:38:01,250.0,45.0,439.84,19.0,248.0,54.0,474.21,33.0,344.92,189.83999999999997,99.0,52.0,49.50429759121931,151,47.0,36.0,0.31
07:38:02,250.0,45.0,439.8,20.0,248.0,66.0,483.81,37.0,344.9,189.8,111.0,57.0,45.205792991606685,168,54.0,17.0,0.32
07:38:03,250.0,36.0,334.04,24.0,248.0,72.0,474.38,47.0,292.02,84.04000000000002,108.0,71.0,32.12415788779519,179,37.0,11.0,0.21
07:38:04,250.0,47.0,256.0,7.0,248.0,42.0,269.92,26.0,253.0,6.0,89.0,33.0,43.61179794505148,122,56.0,-57.0,0.46
07:38:05,250.75,48.0,255.11,9.0,248.59,51.0,342.0,27.0,252.93,4.360000000000014,99.0,36.0,46.07647751293498,135,63.0,13.0,0.47
07:38:06,250.0,60.0,253.25,12.0,248.0,42.0,297.8,46.0,251.62,3.25,102.0,58.0,40.67426557419334,160,44.0,25.0,0.28
07:38:07,250.0,71.0,264.67,24.0,248.0,24.0,328.11,27.0,257.33,14.670000000000016,95.0,51.0,17.26337597343052,146,44.0,-14.0,0.3
07:38:08,251.53,188.0,297.67,15.0,248.29,42.0,300.13,62.0,274.6,46.140000000000015,230.0,77.0,9.583372579630824,307,153.0,161.0,0.5
07:38:09,253.0,160.0,386.29,14.0,248.55,22.0,606.25,28.0,319.64,133.29000000000002,182.0,42.0,28.581186644364745,224,140.0,-83.0,0.62
07:38:10,253.85,208.0,330.28,25.0,248.08,37.0,367.0,43.0,292.06,76.42999999999998,245.0,68.0,27.662131154341868,313,177.0,89.0,0.57
07:38:11,255.11,144.0,288.67,9.0,246.18,22.0,290.0,45.0,271.89,33.56,166.0,54.0,23.861371083825208,220,112.0,-93.0,0.51
07:38:12,256.22,77.0,277.7,20.0,255.0,64.0,284.79,28.0,266.96,21.47999999999996,141.0,48.0,21.536262442680467,189,93.0,-31.0,0.49
07:38:13,257.0,48.0,273.25,12.0,256.0,168.0,343.96,56.0,265.12,16.25,216.0,68.0,23.048272820322342,284,148.0,95.0,0.52
07:38:14,256.0,140.0,261.58,19.0,248.0,44.0,351.09,47.0,258.79,5.579999999999984,184.0,66.0,12.691427421689504,250,118.0,-34.0,0.47
07:38:15,256.0,100.0,257.0,11.0,250.17,29.0,423.82,55.0,256.5,1.0,129.0,66.0,6.236038005016848,195,63.0,-55.0,0.32
07:38:16,256.0,42.0,497.91,33.0,255.0,27.0,607.56,45.0,376.95,241.91000000000003,69.0,78.0,51.65892981857063,147,-9.0,-48.0,-0.06
07:38:19,255.47,19.0,274.0,25.0,253.89,47.0,597.0,25.0,264.74,18.53,66.0,50.0,74.0963830426289,116,16.0,16.0,0.14
07:38:20,255.0,26.0,457.71,35.0,253.0,91.0,654.71,35.0,356.36,202.70999999999998,117.0,70.0,57.296323442259144,187,47.0,71.0,0.25
07:38:24,255.0,18.0,493.57,21.0,253.0,117.0,511.12,42.0,374.29,238.57,135.0,63.0,27.674019404487655,198,72.0,64.0,0.36
07:38:25,253.03,132.0,447.0,25.0,252.21,63.0,454.85,52.0,350.02,193.97,195.0,77.0,29.771301113655763,272,118.0,74.0,0.43
07:38:26,253.0,91.0,370.75,8.0,252.0,35.0,452.18,17.0,311.88,117.75,126.0,25.0,46.04097707477515,151,101.0,-121.0,0.67
07:38:27,253.03,120.0,314.9,29.0,252.46,84.0,424.19,31.0,283.96,61.869999999999976,204.0,60.0,50.91298036846782,264,144.0,113.0,0.55
07:38:28,253.32,95.0,260.95,19.0,252.78,116.0,261.96,47.0,257.13,7.6299999999999955,211.0,66.0,47.5994162779336,277,145.0,13.0,0.52
07:38:29,254.87,46.0,259.18,11.0,253.7,86.0,261.0,22.0,257.03,4.310000000000002,132.0,33.0,39.575857918686026,165,99.0,-112.0,0.6
07:38:30,255.62,53.0,257.83,12.0,254.48,58.0,261.0,24.0,256.73,2.2099999999999795,111.0,36.0,24.509121363280983,147,75.0,-18.0,0.51
07:38:31,255.51,55.0,267.29,17.0,253.61,131.0,373.84,31.0,261.4,11.78000000000003,186.0,48.0,11.736479455102533,234,138.0,87.0,0.59
07:38:32,255.0,22.0,388.36,11.0,253.0,117.0,586.14,29.0,321.68,133.36,139.0,40.0,28.511317577411944,179,99.0,-55.0,0.55
07:38:33,255.0,18.0,375.44,9.0,253.0,117.0,376.67,15.0,315.22,120.44,135.0,24.0,33.028986814615315,159,111.0,-20.0,0.7
07:38:34,255.0,26.0,371.77,13.0,252.94,81.0,374.08,13.0,313.38,116.76999999999998,107.0,26.0,31.793719820115804,133,81.0,-26.0,0.61
07:38:35,255.0,24.0,368.83,12.0,253.0,60.0,370.92,12.0,311.92,113.82999999999998,84.0,24.0,24.5017836085461,108,60.0,-25.0,0.56
07:38:36,253.62,26.0,359.06,17.0,252.31,65.0,366.62,13.0,306.34,105.44,91.0,30.0,5.554972547187998,121,61.0,13.0,0.5
07:38:37,253.0,18.0,324.0,9.0,252.0,45.0,340.44,9.0,288.5,71.0,63.0,18.0,10.89884030528094,81,45.0,-40.0,0.56
07:38:38,253.05,20.0,290.0,11.0,251.95,41.0,291.0,11.0,271.52,36.94999999999999,61.0,22.0,17.963544193728076,83,39.0,2.0,0.47
07:38:39,252.0,40.0,288.0,16.0,251.0,112.0,289.44,16.0,270.0,36.0,152.0,32.0,19.304473056782115,184,120.0,101.0,0.65
07:38:40,252.0,14.0,282.79,14.0,251.0,98.0,284.29,14.0,267.39,30.79000000000002,112.0,28.0,16.53901145776347,140,84.0,-44.0,0.6
07:38:41,251.08,52.0,272.33,18.0,250.76,37.0,278.07,14.0,261.71,21.24999999999997,89.0,32.0,10.043178281800891,121,57.0,-19.0,0.47
07:38:42,251.0,41.0,265.55,11.0,250.0,11.0,267.07,15.0,258.27,14.550000000000011,52.0,26.0,5.619454599873631,78,26.0,-43.0,0.33
07:38:43,251.0,24.0,263.62,8.0,250.0,8.0,264.62,8.0,257.31,12.620000000000005,32.0,16.0,5.5826678210370675,48,16.0,-30.0,0.33
07:38:44,251.94,96.0,262.18,17.0,250.96,47.0,263.53,17.0,257.06,10.240000000000009,143.0,34.0,4.353253955381464,177,109.0,129.0,0.62
07:38:45,252.78,54.0,257.5,26.0,251.93,90.0,258.5,26.0,255.14,4.719999999999999,144.0,52.0,2.4147608577343553,196,92.0,19.0,0.47
07:38:46,253.94,36.0,255.77,44.0,252.03,70.0,283.33,48.0,254.86,1.8300000000000125,106.0,92.0,1.4695135249622162,198,14.0,2.0,0.07
07:38:47,250.86,21.0,288.61,18.0,248.45,29.0,654.71,28.0,269.73,37.75,50.0,46.0,6.197374444072705,96,4.0,-102.0,0.04
07:38:48,248.0,21.0,294.57,7.0,247.0,42.0,656.0,26.0,271.29,46.56999999999999,63.0,33.0,8.181725368163105,96,30.0,0.0,0.31
07:38:49,248.13,31.0,294.0,13.0,247.18,66.0,503.08,65.0,271.06,45.870000000000005,97.0,78.0,8.616764473979883,175,19.0,79.0,0.11
07:38:50,248.42,12.0,291.67,12.0,247.26,57.0,422.23,52.0,270.04,43.25000000000003,69.0,64.0,7.038780434140538,133,5.0,-42.0,0.04
07:38:51,249.62,13.0,276.55,11.0,247.02,61.0,316.82,11.0,263.08,26.930000000000007,74.0,22.0,3.3963436221970515,96,52.0,-37.0,0.54
07:38:52,248.55,67.0,263.38,29.0,205.22,27.0,370.42,31.0,255.97,14.829999999999984,94.0,60.0,6.682474840958319,154,34.0,58.0,0.22
07:38:53,247.0,72.0,256.79,14.0,124.73,22.0,354.3,20.0,251.89,9.79000000000002,94.0,34.0,8.450329579374067,128,60.0,-26.0,0.47
07:38:54,247.0,18.0,262.0,9.0,240.24,50.0,433.55,20.0,254.5,15.0,68.0,29.0,7.390279426384855,97,39.0,-31.0,0.4
07:38:55,247.0,12.0,262.0,11.0,246.0,66.0,292.11,27.0,254.5,15.0,78.0,38.0,4.228435881038017,116,40.0,19.0,0.34
07:38:56,247.0,7.0,260.43,7.0,246.0,42.0,276.18,11.0,253.71,13.430000000000007,49.0,18.0,1.487625624964634,67,31.0,-49.0,0.46
07:38:57,246.2,30.0,258.9,10.0,226.36,44.0,260.0,10.0,252.55,12.699999999999989,74.0,20.0,1.1741166892826307,94,54.0,27.0,0.57
07:38:58,246.0,18.0,256.25,8.0,185.0,8.0,257.62,8.0,251.12,10.25,26.0,16.0,1.4456936051778493,42,10.0,-52.0,0.24
07:39:01,218.0,21.0,244.56,27.0,97.23,73.0,418.89,18.0,231.28,26.560000000000002,94.0,45.0,21.30719526357403,139,49.0,60.0,0.35
07:39:02,220.77,26.0,241.81,47.0,202.01,143.0,324.54,13.0,231.29,21.039999999999992,169.0,60.0,17.741612948096787,229,109.0,90.0,0.48
07:39:03,223.0,16.0,239.0,40.0,180.03,94.0,245.0,16.0,231.0,16.0,110.0,56.0,12.248357849119168,166,54.0,-63.0,0.33
07:39:04,224.56,18.0,239.0,43.0,159.11,18.0,245.0,45.0,231.78,14.439999999999998,36.0,88.0,11.95619797427577,124,-52.0,-42.0,-0.42
07:39:05,249.51,85.0,362.73,33.0,242.08,49.0,535.3,23.0,306.12,113.22000000000003,134.0,56.0,33.44492906256578,190,78.0,66.0,0.41
07:39:06,252.25,16.0,275.45,33.0,250.0,121.0,445.88,32.0,263.85,23.19999999999999,137.0,65.0,32.95787113877428,202,72.0,12.0,0.36
07:39:07,253.9,20.0,275.0,30.0,251.35,20.0,378.0,28.0,264.45,21.099999999999994,40.0,58.0,30.811847559016062,98,-18.0,-104.0,-0.18
07:39:08,255.05,40.0,274.0,27.0,253.88,16.0,475.11,27.0,264.52,18.94999999999999,56.0,54.0,26.408968741699045,110,2.0,12.0,0.02
07:39:09,256.5,30.0,271.8,30.0,254.0,20.0,483.25,24.0,264.15,15.300000000000011,50.0,54.0,18.73007394539676,104,-4.0,-6.0,-0.04
07:39:10,257.0,13.0,271.0,27.0,255.0,18.0,605.94,17.0,264.0,14.0,31.0,44.0,0.2871062521768317,75,-13.0,-29.0,-0.17
07:39:11,256.67,6.0,270.5,18.0,255.5,14.0,395.06,16.0,263.58,13.829999999999984,20.0,34.0,0.37874793733972695,54,-14.0,-21.0,-0.26
07:39:12,255.0,9.0,268.78,27.0,253.0,9.0,395.52,23.0,261.89,13.779999999999973,18.0,50.0,1.0282849799737843,68,-32.0,14.0,-0.47
07:39:13,251.46,24.0,268.0,24.0,250.5,14.0,350.0,8.0,259.73,16.539999999999992,38.0,32.0,1.873459367064225,70,6.0,2.0,0.09
07:39:14,250.0,153.0,268.0,27.0,248.0,63.0,488.29,21.0,259.0,18.0,216.0,48.0,2.2368169348522464,264,168.0,165.5,0.64
07:39:15,252.22,32.0,266.49,35.0,250.12,43.0,267.32,37.0,259.35,14.27000000000001,75.0,72.0,1.9598086641411652,147,3.0,-117.0,0.02
07:39:16,255.0,12.0,265.0,18.0,251.0,42.0,267.0,30.0,260.0,10.0,54.0,48.0,1.1255354281601107,102,6.0,-45.0,0.06
07:39:17,254.13,23.0,265.0,30.0,250.85,74.0,267.0,50.0,259.57,10.870000000000005,97.0,80.0,0.3794074327738987,177,17.0,75.0,0.1
07:39:18,251.0,25.0,263.52,21.0,250.0,55.0,264.95,19.0,257.26,12.519999999999982,80.0,40.0,1.0569437071313674,120,40.0,-57.0,0.33
07:39:19,251.0,55.0,260.42,38.0,250.0,132.0,262.05,58.0,255.71,9.420000000000016,187.0,96.0,1.8278867579927633,283,91.0,163.0,0.32
07:39:20,250.12,68.0,259.81,26.0,248.63,70.0,261.84,38.0,254.96,9.689999999999998,138.0,64.0,2.249899997787959,202,74.0,-81.0,0.37
07:39:21,250.0,81.0,257.26,31.0,249.0,19.0,257.65,31.0,253.63,7.259999999999991,100.0,62.0,2.283622122867028,162,38.0,-40.0,0.23
07:39:22,250.21,95.0,254.99,71.0,249.61,70.0,285.7,47.0,252.6,4.780000000000001,165.0,118.0,1.8103231755819988,283,47.0,121.0,0.17
07:39:23,250.4,55.0,253.88,42.0,247.83,29.0,263.03,63.0,252.14,3.4799999999999898,84.0,105.0,1.5180480888464856,189,-21.0,-94.0,-0.11
07:39:24,248.0,13.0,250.96,53.0,246.0,13.0,252.32,38.0,249.48,2.960000000000008,26.0,91.0,2.035269023999493,117,-65.0,-72.0,-0.56
07:39:25,246.42,12.0,248.43,28.0,245.42,12.0,343.14,29.0,247.42,2.0100000000000193,24.0,57.0,2.5440479555333666,81,-33.0,-36.0,-0.41
07:39:26,245.0,8.0,246.94,18.0,243.0,40.0,310.87,15.0,245.97,1.9399999999999977,48.0,33.0,2.8881170336492845,81,15.0,0.0,0.19
07:39:27,243.9,29.0,246.02,43.0,242.27,73.0,253.19,16.0,244.96,2.1200000000000045,102.0,59.0,2.873530929023854,161,43.0,80.0,0.27
07:39:28,244.0,18.0,246.0,36.0,242.0,45.0,247.0,9.0,245.0,2.0,63.0,45.0,1.9109892726172333,108,18.0,-53.0,0.17
07:39:29,245.0,14.0,246.0,28.0,242.0,35.0,247.0,22.0,245.5,1.0,49.0,50.0,1.0104949282697784,99,-1.0,-9.0,-0.01
07:39:30,242.58,31.0,246.79,38.0,241.0,20.0,278.98,43.0,244.69,4.2099999999999795,51.0,81.0,0.5093427137590901,132,-30.0,33.0,-0.23
07:39:31,242.0,19.0,247.0,38.0,238.0,7.0,302.0,35.0,244.5,5.0,26.0,73.0,0.3785498646938818,99,-47.0,-33.0,-0.47
07:39:32,211.27,11.0,246.1,40.0,218.7,10.0,282.09,33.0,228.69,34.829999999999984,21.0,73.0,7.269238612128705,94,-52.0,-5.0,-0.55
07:39:34,222.8,15.0,243.0,30.0,103.33,9.0,244.0,24.0,232.9,20.19999999999999,24.0,54.0,25.76378912349807,78,-30.0,23.0,-0.38
07:39:35,214.57,14.0,242.03,35.0,138.89,18.0,243.7,33.0,228.3,27.460000000000008,32.0,68.0,23.861400419926753,100,-36.0,22.0,-0.36
07:39:41,215.9,10.0,244.0,27.0,199.9,10.0,245.0,36.0,229.95,28.099999999999994,20.0,63.0,13.199603403136562,83,-43.0,-54.0,-0.52
07:39:42,241.89,27.0,244.0,33.0,238.33,15.0,245.0,44.0,242.94,2.1100000000000136,42.0,77.0,20.361655875691635,119,-35.0,36.0,-0.29
07:39:43,241.67,9.0,244.11,27.0,239.04,23.0,245.22,36.0,242.89,2.440000000000026,32.0,63.0,20.12094008738356,95,-31.0,-24.0,-0.33
07:39:44,237.0,8.0,244.29,28.0,230.25,8.0,245.89,27.0,240.64,7.289999999999992,16.0,55.0,18.485684461227628,71,-39.0,-24.0,-0.55
07:39:45,240.07,14.0,245.0,28.0,238.07,14.0,246.82,34.0,242.54,4.930000000000007,28.0,62.0,5.582183264643418,90,-34.0,19.0,-0.38
07:39:46,234.61,44.0,245.0,20.0,197.08,12.0,246.0,20.0,239.81,10.389999999999986,56.0,40.0,1.443478437685617,96,16.0,6.0,0.17
07:39:47,235.6,20.0,245.0,16.0,234.83,46.0,246.0,16.0,240.3,9.400000000000006,66.0,32.0,1.3875265763450282,98,34.0,2.0,0.35
07:39:48,235.8,70.0,245.0,20.0,233.0,10.0,246.0,20.0,240.4,9.199999999999989,80.0,40.0,1.0516748547265842,120,40.0,22.0,0.33
07:39:49,236.92,84.0,245.0,24.0,233.0,19.0,246.0,24.0,240.96,8.080000000000013,103.0,48.0,1.0539544582495608,151,55.0,31.0,0.36
07:39:50,238.21,98.0,244.97,29.0,233.0,28.0,246.43,23.0,241.59,6.759999999999991,126.0,52.0,0.682473442753861,178,74.0,27.0,0.42
07:39:51,240.26,95.0,244.1,31.0,237.97,33.0,245.2,41.0,242.18,3.8400000000000034,128.0,72.0,0.7992371363143013,200,56.0,22.0,0.28
07:39:52,243.14,49.0,245.13,31.0,241.14,35.0,246.3,20.0,244.14,1.990000000000009,84.0,51.0,1.441797489269289,135,33.0,-65.0,0.24
07:39:53,235.04,27.0,245.0,27.0,232.0,9.0,246.0,9.0,240.02,9.960000000000008,36.0,36.0,1.54399481866465,72,0.0,-63.0,0.0
07:39:54,237.27,55.0,241.0,30.0,232.5,14.0,245.05,38.0,239.14,3.7299999999999898,69.0,68.0,1.946992552647186,137,1.0,65.0,0.01
07:39:55,230.43,7.0,240.0,14.0,228.0,7.0,244.8,20.0,235.21,9.569999999999993,14.0,34.0,3.3719756820096736,48,-20.0,-89.0,-0.42
07:39:56,230.44,9.0,242.0,18.0,228.22,9.0,243.18,33.0,236.22,11.560000000000002,18.0,51.0,3.5198551106637237,69,-33.0,21.0,-0.48
07:39:57,234.0,7.0,243.0,14.0,229.57,7.0,245.0,21.0,238.5,9.0,14.0,35.0,2.0258874598719547,49,-21.0,-20.0,-0.43
07:39:58,235.82,11.0,243.0,18.0,228.56,9.0,245.0,27.0,239.41,7.180000000000007,20.0,45.0,1.8727065974323127,65,-25.0,16.0,-0.38
07:39:59,235.0,10.0,243.0,20.0,227.0,10.0,245.0,30.0,239.0,8.0,20.0,50.0,1.8465833314710036,70,-30.0,5.0,-0.43
07:40:00,235.0,14.0,243.0,28.0,201.0,14.0,245.0,42.0,239.0,8.0,28.0,70.0,1.274668584403807,98,-42.0,28.0,-0.43
07:40:01,235.0,5.0,243.0,10.0,226.0,10.0,245.0,15.0,239.0,8.0,15.0,25.0,0.32267630849753154,40,-10.0,-58.0,-0.25
07:40:02,236.52,25.0,243.0,18.0,235.46,13.0,245.0,27.0,239.76,6.47999999999999,38.0,45.0,0.3434821684824548,83,-7.0,43.0,-0.08
07:40:03,237.44,48.0,243.0,32.0,234.62,16.0,245.0,48.0,240.22,5.560000000000002,64.0,80.0,0.5661095300958012,144,-16.0,61.0,-0.11
07:40:04,238.0,27.0,243.0,18.0,232.0,9.0,245.0,27.0,240.5,5.0,36.0,45.0,0.6880988301581842,81,-9.0,-63.0,-0.11
07:40:05,238.0,33.0,239.0,55.0,232.0,11.0,243.0,22.0,238.5,1.0,44.0,77.0,0.8351526806908678,121,-33.0,40.0,-0.27
07:40:06,237.79,28.0,239.0,23.0,231.27,11.0,243.0,20.0,238.39,1.210000000000008,39.0,43.0,0.9765654100290739,82,-4.0,-39.0,-0.05
07:40:07,238.0,24.0,239.0,16.0,232.0,8.0,243.0,16.0,238.5,1.0,32.0,32.0,1.044519028101198,64,0.0,-18.0,0.0
07:40:08,237.33,27.0,240.5,24.0,230.71,14.0,243.3,20.0,238.92,3.1699999999999875,41.0,44.0,0.8833572324182871,85,-3.0,21.0,-0.04
07:40:09,232.0,8.0,245.0,24.0,229.0,16.0,246.0,8.0,238.5,13.0,24.0,32.0,0.20571825409045708,56,-8.0,-29.0,-0.14
07:40:10,232.8,25.0,245.0,45.0,229.86,14.0,246.0,9.0,238.9,12.199999999999989,39.0,54.0,0.24883729637246949,93,-15.0,37.0,-0.16
07:40:11,233.0,45.0,245.0,54.0,229.0,18.0,246.71,14.0,239.0,12.0,63.0,68.0,0.2438852190393102,131,-5.0,38.0,-0.04
07:40:12,233.43,70.0,243.74,76.0,229.92,26.0,245.8,50.0,238.58,10.310000000000002,96.0,126.0,0.22405356517100172,222,-30.0,91.0,-0.14
07:40:13,235.55,55.0,239.0,44.0,232.0,11.0,244.87,62.0,237.27,3.4499999999999886,66.0,106.0,0.6922427320428288,172,-40.0,-50.0,-0.23
07:40:14,237.0,75.0,243.29,70.0,232.0,15.0,245.33,60.0,240.14,6.289999999999992,90.0,130.0,1.0286496002360628,220,-40.0,48.0,-0.18
07:40:15,237.62,39.0,245.0,55.0,236.15,27.0,246.0,44.0,241.31,7.3799999999999955,66.0,99.0,1.5384245188066188,165,-33.0,-55.0,-0.2
07:40:16,241.07,75.0,244.27,51.0,239.93,75.0,245.29,70.0,242.67,3.200000000000017,150.0,121.0,2.140894672809645,271,29.0,106.0,0.11
07:40:17,243.39,57.0,245.49,45.0,239.61,36.0,246.51,61.0,244.44,2.1000000000000227,93.0,106.0,2.7033923133840068,199,-13.0,-72.0,-0.07
07:40:18,235.65,17.0,246.0,44.0,227.0,13.0,247.0,60.0,240.82,10.349999999999994,30.0,104.0,1.7068772656706044,134,-74.0,-65.0,-0.55
07:40:19,229.0,27.0,246.11,36.0,228.0,9.0,254.44,43.0,237.56,17.110000000000014,36.0,79.0,2.546399418799722,115,-43.0,-19.0,-0.37
07:40:20,231.21,33.0,245.4,25.0,229.62,13.0,315.0,36.0,238.31,14.189999999999998,46.0,61.0,2.8912194659112354,107,-15.0,-8.0,-0.14
07:40:21,232.08,26.0,239.0,10.0,231.43,14.0,247.0,10.0,235.54,6.9199999999999875,40.0,20.0,3.423065877260514,60,20.0,-47.0,0.33
07:40:23,234.17,42.0,243.43,14.0,233.88,57.0,388.25,57.0,238.8,9.26000000000002,99.0,71.0,1.5612815249234226,170,28.0,77.0,0.16
07:40:24,235.89,38.0,247.0,15.0,234.62,85.0,580.96,69.0,241.45,11.110000000000014,123.0,84.0,2.510053784297559,207,39.0,37.0,0.19
07:40:25,238.07,28.0,247.0,12.0,236.07,59.0,556.6,50.0,242.54,8.930000000000007,87.0,62.0,3.2755427031357276,149,25.0,-58.0,0.17
07:40:26,241.5,30.0,246.37,19.0,239.88,33.0,334.17,52.0,243.93,4.8700000000000045,63.0,71.0,3.365244419067386,134,-8.0,-15.0,-0.06
07:40:27,242.5,22.0,245.0,61.0,241.01,85.0,247.0,17.0,243.75,2.5,107.0,78.0,2.096265727445513,185,29.0,51.0,0.16
07:40:28,242.87,47.0,340.16,45.0,230.26,103.0,447.87,39.0,291.51,97.29000000000002,150.0,84.0,21.754304861338433,234,66.0,49.0,0.28
07:40:29,236.25,60.0,283.0,30.0,229.9,50.0,290.0,20.0,259.62,46.75,110.0,50.0,20.920199568838957,160,60.0,-74.0,0.38
07:40:30,230.0,99.0,239.18,28.0,229.0,11.0,253.0,13.0,234.59,9.180000000000007,110.0,41.0,22.469356911136803,151,69.0,-9.0,0.46
07:40:31,230.0,90.0,239.0,30.0,229.0,10.0,244.0,10.0,234.5,9.0,100.0,40.0,23.944586653355557,140,60.0,-11.0,0.43
07:40:32,230.0,63.0,239.0,21.0,229.0,7.0,242.64,11.0,234.5,9.0,70.0,32.0,25.14526257568322,102,38.0,-38.0,0.37
07:40:33,230.0,90.0,239.0,30.0,229.0,10.0,241.0,50.0,234.5,9.0,100.0,80.0,11.22401086956295,180,20.0,78.0,0.11
07:40:34,230.0,90.0,239.0,30.0,228.0,10.0,241.0,50.0,234.5,9.0,100.0,80.0,0.040249224497008386,180,20.0,0.0,0.11
07:40:35,230.0,81.0,239.0,13.0,228.95,41.0,241.0,45.0,234.5,9.0,122.0,58.0,0.0,180,64.0,0.0,0.36
07:40:36,231.44,48.0,239.0,14.0,229.96,122.0,241.0,70.0,235.22,7.560000000000002,170.0,84.0,0.321993788872509,254,86.0,74.0,0.34
07:40:37,232.0,18.0,242.0,22.0,229.89,38.0,244.67,18.0,237.0,10.0,56.0,40.0,1.083365127771764,96,16.0,-158.0,0.17
07:40:38,234.43,23.0,246.82,33.0,230.18,11.0,290.04,23.0,240.63,12.389999999999986,34.0,56.0,2.5913702938929024,90,-22.0,-6.0,-0.24
07:40:39,239.36,25.0,273.0,20.0,235.77,26.0,436.4,20.0,256.18,33.639999999999986,51.0,40.0,8.969329963830402,91,11.0,1.0,0.12
07:40:40,247.41,44.0,326.27,22.0,242.38,29.0,424.67,27.0,286.84,78.85999999999999,73.0,49.0,21.585480768332538,122,24.0,31.0,0.2
07:40:41,252.12,83.0,398.5,36.0,251.12,64.0,459.7,30.0,325.31,146.38,147.0,66.0,37.020624927194774,213,81.0,91.0,0.38
07:40:42,255.0,60.0,339.69,32.0,254.0,40.0,412.96,52.0,297.34,84.69,100.0,84.0,33.577926529195075,184,16.0,-29.0,0.09
07:40:43,255.67,36.0,302.24,38.0,254.86,56.0,312.08,36.0,278.95,46.57000000000002,92.0,74.0,25.351347695931572,166,18.0,-18.0,0.11
07:40:44,256.06,33.0,309.04,27.0,255.0,72.0,310.36,42.0,282.55,52.98000000000002,105.0,69.0,18.70926428270257,174,36.0,8.0,0.21
07:40:45,257.0,26.0,307.0,32.0,255.0,78.0,308.45,33.0,282.0,50.0,104.0,65.0,19.300985726123184,169,39.0,-5.0,0.23
07:40:46,257.0,24.0,295.07,30.0,255.0,72.0,300.52,29.0,276.03,38.06999999999999,96.0,59.0,8.232893173120834,155,37.0,-14.0,0.24
07:40:47,255.27,15.0,279.61,28.0,254.4,15.0,281.2,20.0,267.44,24.340000000000003,30.0,48.0,6.1474246640382,78,-18.0,-77.0,-0.23
07:40:48,255.0,14.0,275.88,40.0,254.0,14.0,277.9,30.0,265.44,20.879999999999995,28.0,70.0,7.986492972514757,98,-42.0,20.0,-0.43
07:40:49,252.04,75.0,268.24,21.0,250.05,85.0,270.74,19.0,260.14,16.200000000000017,160.0,40.0,8.727932172057214,200,120.0,102.0,0.6
07:40:50,252.0,220.0,265.39,23.0,250.0,120.0,267.2,30.0,258.7,13.389999999999986,340.0,53.0,6.884860201923858,393,287.0,165.5,0.73
07:40:51,252.0,242.0,264.18,22.0,250.0,132.0,266.0,33.0,258.09,12.180000000000007,374.0,55.0,4.214785878314348,429,319.0,36.0,0.74
07:40:52,252.0,198.0,261.22,23.0,250.0,108.0,262.64,22.0,256.61,9.220000000000027,306.0,45.0,3.3998279368285473,351,261.0,-78.0,0.74
07:40:53,252.35,130.0,258.5,48.0,251.55,188.0,261.0,32.0,255.43,6.150000000000006,318.0,80.0,1.8304726165779202,398,238.0,47.0,0.6
07:40:54,252.1,126.0,257.04,25.0,250.96,138.0,259.05,19.0,254.57,4.940000000000026,264.0,44.0,1.738390059809,308,220.0,-90.0,0.71
07:40:55,252.0,88.0,253.5,40.0,250.0,168.0,254.79,38.0,252.75,1.5,256.0,78.0,2.023116407932074,334,178.0,26.0,0.53
07:40:56,250.18,79.0,252.83,36.0,249.16,76.0,328.14,28.0,251.51,2.6500000000000057,155.0,64.0,2.0489704731999856,219,91.0,-115.0,0.42
07:40:57,249.71,95.0,252.0,20.0,248.27,66.0,253.0,50.0,250.85,2.289999999999992,161.0,70.0,1.954001023553094,231,91.0,12.0,0.39
07:40:58,249.11,55.0,250.74,27.0,247.52,81.0,335.0,42.0,249.92,1.6299999999999955,136.0,69.0,1.8044666802265144,205,67.0,-26.0,0.33
07:41:00,249.8,50.0,400.69,29.0,247.71,56.0,482.2,30.0,325.24,150.89,106.0,59.0,57.26395244828991,165,47.0,42.0,0.28
07:41:01,251.7,40.0,447.86,28.0,249.0,40.0,546.04,27.0,349.78,196.16000000000003,80.0,55.0,57.3830966400384,135,25.0,-30.0,0.19
07:41:02,253.15,41.0,385.64,22.0,249.57,42.0,729.0,33.0,319.39,132.48999999999998,83.0,55.0,46.88973469747906,138,28.0,3.0,0.2
07:41:03,254.0,24.0,321.25,16.0,253.0,24.0,729.0,24.0,287.62,67.25,48.0,40.0,32.99006698992839,88,8.0,-50.0,0.09
07:41:05,249.0,21.0,315.59,32.0,247.0,42.0,748.47,17.0,282.3,66.58999999999997,63.0,49.0,79.53811400831647,112,14.0,0.0,0.12
07:41:06,249.0,15.0,254.65,23.0,247.0,30.0,433.88,16.0,251.83,5.650000000000006,45.0,39.0,89.01450572799902,84,6.0,-28.0,0.07
07:41:07,249.0,9.0,254.0,12.0,247.0,18.0,379.0,15.0,251.5,5.0,27.0,27.0,94.81094757463394,54,0.0,-30.0,0.0
07:41:08,249.0,18.0,253.5,24.0,247.0,36.0,379.0,30.0,251.25,4.5,54.0,54.0,98.29286835778063,108,0.0,54.0,0.0
07:41:09,249.13,45.0,252.56,36.0,247.6,60.0,408.0,45.0,250.84,3.430000000000007,105.0,81.0,13.843746963883756,186,24.0,78.0,0.13
07:41:10,249.12,72.0,252.0,36.0,247.78,69.0,524.96,54.0,250.56,2.8799999999999955,141.0,90.0,0.5070798754115456,231,51.0,45.0,0.22
07:41:11,248.55,75.0,443.83,30.0,248.12,33.0,672.19,54.0,346.19,195.27999999999997,108.0,84.0,42.5550369521638,192,24.0,-39.0,0.12
07:41:12,247.32,19.0,342.0,14.0,246.87,23.0,666.57,35.0,294.66,94.68,42.0,49.0,42.22310800971451,91,-7.0,-101.0,-0.08
07:41:13,249.6,15.0,420.44,18.0,247.18,33.0,724.0,45.0,335.02,170.84,48.0,63.0,45.127931262135185,111,-15.0,20.0,-0.14
07:41:15,250.0,6.0,389.0,12.0,246.96,26.0,627.83,30.0,319.5,139.0,32.0,42.0,38.25971340718524,74,-10.0,-4.0,-0.14
07:41:17,249.62,52.0,442.44,41.0,247.0,13.0,691.43,53.0,346.03,192.82,65.0,94.0,40.34170484746431,159,-29.0,84.0,-0.18
07:41:21,249.0,56.0,492.84,61.0,247.0,13.0,473.79,38.0,370.92,243.83999999999997,69.0,99.0,39.66607013556905,168,-30.0,26.0,-0.18
07:41:22,249.4,40.0,469.88,40.0,248.45,22.0,471.07,40.0,359.64,220.48,62.0,80.0,35.38183827897978,142,-18.0,-26.0,-0.13
07:41:23,250.0,40.0,414.83,42.0,249.0,40.0,429.3,30.0,332.42,164.82999999999998,80.0,72.0,44.668354346224774,152,8.0,10.0,0.05
07:41:24,250.0,17.0,261.82,33.0,249.0,44.0,263.0,22.0,255.91,11.819999999999993,61.0,55.0,58.27231263644801,116,6.0,-36.0,0.05
07:41:25,251.0,18.0,259.69,35.0,250.0,9.0,261.0,24.0,255.34,8.689999999999998,27.0,59.0,55.84366015941266,86,-32.0,-30.0,-0.37
07:41:26,251.6,20.0,257.94,48.0,250.0,10.0,259.69,32.0,254.77,6.340000000000003,30.0,80.0,50.59823445536413,110,-50.0,24.0,-0.45
07:41:27,252.0,20.0,254.6,30.0,250.0,10.0,256.41,34.0,253.3,2.5999999999999943,30.0,64.0,34.71288478360769,94,-34.0,-16.0,-0.36
07:41:28,248.54,39.0,251.68,28.0,246.86,35.0,253.5,24.0,250.11,3.140000000000015,74.0,52.0,2.323452172961778,126,22.0,32.0,0.17
07:41:29,247.0,54.0,250.0,27.0,245.0,18.0,252.15,26.0,248.5,3.0,72.0,53.0,2.9801224807115863,125,19.0,-1.0,0.15
07:41:30,246.64,44.0,251.43,35.0,243.8,30.0,384.18,33.0,249.03,4.7900000000000205,74.0,68.0,2.7534106123213924,142,6.0,17.0,0.04
07:41:31,243.76,67.0,378.76,37.0,237.56,27.0,610.41,34.0,311.26,135.0,94.0,71.0,27.354673275329592,165,23.0,23.0,0.14
07:41:32,244.0,21.0,342.82,17.0,242.0,12.0,515.29,14.0,293.41,98.82,33.0,31.0,29.77814416648596,64,2.0,-101.0,0.03
07:41:33,252.55,31.0,311.74,31.0,244.21,29.0,370.09,47.0,282.15,59.19,60.0,78.0,27.676906438401197,138,-18.0,74.0,-0.13
07:41:34,254.0,55.0,295.27,40.0,250.36,11.0,363.14,42.0,274.64,41.26999999999998,66.0,82.0,23.06241899714787,148,-16.0,10.0,-0.11
07:41:35,254.0,37.0,273.06,31.0,252.0,8.0,339.22,27.0,263.53,19.060000000000002,45.0,58.0,18.28065015255211,103,-13.0,-45.0,-0.13
07:41:36,255.63,123.0,275.0,40.0,253.88,34.0,392.34,44.0,265.31,19.370000000000005,157.0,84.0,12.37308449821689,241,73.0,138.0,0.3
07:41:37,256.0,70.0,275.0,20.0,254.0,20.0,422.46,13.0,265.5,19.0,90.0,33.0,7.953045328678923,123,57.0,-118.0,0.46
07:41:38,256.0,112.0,273.75,32.0,254.84,25.0,385.0,16.0,264.88,17.75,137.0,48.0,4.465173008969051,185,89.0,62.0,0.48
07:41:39,256.0,112.0,271.38,32.0,255.0,24.0,325.0,16.0,263.69,15.379999999999995,136.0,48.0,0.9170441647097884,184,88.0,-1.0,0.48
07:41:40,256.0,172.0,269.57,56.0,255.0,42.0,535.28,36.0,262.79,13.569999999999993,214.0,92.0,1.157467062178629,306,122.0,122.0,0.4
07:41:41,256.0,168.0,267.43,56.0,255.0,42.0,452.64,28.0,261.71,11.430000000000007,210.0,84.0,1.5345781179299072,294,126.0,-12.0,0.43
07:41:42,256.0,144.0,265.06,33.0,255.0,36.0,266.17,29.0,260.53,9.060000000000002,180.0,62.0,1.690236669827756,242,118.0,-52.0,0.49
07:41:43,256.0,204.0,261.0,45.0,255.0,51.0,262.65,40.0,258.5,5.0,255.0,85.0,2.0266672149200415,340,170.0,98.0,0.5
07:41:44,256.0,57.0,258.32,25.0,255.0,27.0,262.55,22.0,257.16,2.319999999999993,84.0,47.0,2.3026875602289323,131,37.0,-166.5,0.28
07:41:45,256.0,37.0,260.0,24.0,255.0,36.0,267.0,48.0,258.0,4.0,73.0,72.0,1.881395758482,145,1.0,14.0,0.01
07:41:46,256.0,36.0,257.92,26.0,255.0,36.0,258.9,40.0,256.96,1.920000000000016,72.0,66.0,1.4294754282725841,138,6.0,-7.0,0.04
07:41:47,255.67,18.0,257.72,18.0,254.75,40.0,293.74,43.0,256.69,2.05000000000004,58.0,61.0,0.7592891412603934,119,-3.0,-19.0,-0.03
07:41:48,254.69,16.0,257.0,12.0,253.75,40.0,343.41,27.0,255.84,2.3100000000000023,56.0,39.0,0.7817288532710942,95,17.0,-24.0,0.18
07:41:49,254.0,8.0,256.62,8.0,252.0,8.0,264.0,32.0,255.31,2.6200000000000045,16.0,40.0,1.0406007880243786,56,-24.0,-39.0,-0.43
07:41:50,253.25,8.0,255.17,24.0,251.25,8.0,301.82,22.0,254.21,1.9199999999999875,16.0,46.0,1.1076416388154615,62,-30.0,6.0,-0.48
07:41:51,251.0,8.0,255.0,40.0,247.75,8.0,304.0,24.0,253.0,4.0,16.0,64.0,1.438871085274389,80,-48.0,18.0,-0.6
07:41:52,249.0,40.0,253.74,27.0,244.92,12.0,257.53,58.0,251.37,4.740000000000009,52.0,85.0,1.8061090775586746,137,-33.0,57.0,-0.24
07:41:53,249.32,44.0,252.1,20.0,246.71,14.0,255.0,75.0,250.71,2.780000000000001,58.0,95.0,1.9150195821559997,153,-37.0,16.0,-0.24
07:41:54,250.0,112.0,253.84,102.0,249.0,48.0,259.57,70.0,251.92,3.8400000000000034,160.0,172.0,1.3837160113410891,332,-12.0,165.5,-0.04
07:41:55,250.67,72.0,310.02,55.0,249.63,57.0,399.32,53.0,280.34,59.349999999999994,129.0,108.0,12.813351240016614,237,21.0,-95.0,0.09
07:41:56,254.6,40.0,320.38,39.0,250.44,54.0,407.81,37.0,287.49,65.78,94.0,76.0,18.02895809524297,170,18.0,-67.0,0.11
07:41:57,255.0,77.0,328.3,30.0,254.0,20.0,351.75,36.0,291.65,73.30000000000001,97.0,66.0,19.692627300591884,163,31.0,-7.0,0.19
07:41:58,255.0,45.0,323.32,31.0,254.0,18.0,383.95,37.0,289.16,68.32,63.0,68.0,16.311556332858242,131,-5.0,-32.0,-0.04
07:41:59,255.0,15.0,276.69,13.0,254.0,6.0,315.27,11.0,265.85,21.689999999999998,21.0,24.0,10.417224678387429,45,-3.0,-86.0,-0.07
07:42:00,255.0,32.0,259.0,21.0,254.0,14.0,282.0,35.0,257.0,4.0,46.0,56.0,15.726460186577574,102,-10.0,57.0,-0.1
07:42:01,255.0,16.0,433.73,26.0,254.0,16.0,612.88,24.0,344.37,178.73000000000002,32.0,50.0,34.0256202000786,82,-18.0,-20.0,-0.22
07:42:03,255.71,14.0,409.28,29.0,254.56,18.0,475.22,27.0,332.5,153.56999999999996,32.0,56.0,53.670691536442526,88,-24.0,18.0,-0.27
07:42:04,252.33,36.0,423.14,37.0,251.29,28.0,551.46,39.0,337.73,170.80999999999997,64.0,76.0,45.76059625922664,140,-12.0,52.0,-0.09
07:42:05,251.5,32.0,320.12,24.0,249.8,30.0,517.5,24.0,285.81,68.62,62.0,48.0,34.584003238490766,110,14.0,-30.0,0.13
07:42:06,250.04,28.0,351.9,30.0,249.13,31.0,469.6,30.0,300.97,101.85999999999999,59.0,60.0,37.479021865571,119,-1.0,9.0,-0.01
07:42:07,250.0,24.0,276.56,27.0,249.0,27.0,611.33,27.0,263.28,26.560000000000002,51.0,54.0,31.417039484967066,105,-3.0,-14.0,-0.03
07:42:08,250.0,26.0,319.0,13.0,249.0,39.0,390.08,39.0,284.5,69.0,65.0,52.0,27.6626529819537,117,13.0,12.0,0.11
07:42:09,251.6,40.0,316.55,11.0,249.75,24.0,496.45,33.0,284.07,64.95000000000002,64.0,44.0,13.420645662560515,108,20.0,-9.0,0.19
07:42:10,252.12,48.0,315.12,8.0,251.08,26.0,423.0,24.0,283.62,63.0,74.0,32.0,13.371274060462785,106,42.0,-2.0,0.4
07:42:11,253.0,51.0,282.83,29.0,252.0,119.0,391.0,39.0,267.91,29.829999999999984,170.0,68.0,10.251840322596335,238,102.0,132.0,0.43
07:42:12,254.61,33.0,276.83,12.0,253.2,30.0,483.83,36.0,265.72,22.21999999999997,63.0,48.0,9.484082981501754,111,15.0,-127.0,0.14
07:42:13,254.03,61.0,276.0,13.0,252.0,28.0,316.46,37.0,265.02,21.97,89.0,50.0,9.71541404161529,139,39.0,28.0,0.28
07:42:14,254.0,76.0,274.0,10.0,252.0,30.0,313.8,10.0,264.0,20.0,106.0,20.0,8.15795194886683,126,86.0,-13.0,0.68
07:42:15,254.0,64.0,273.0,8.0,252.0,24.0,275.0,8.0,263.5,19.0,88.0,16.0,1.7300578025097333,104,72.0,-22.0,0.69
07:42:16,254.0,60.0,271.45,11.0,252.0,33.0,273.09,11.0,262.73,17.44999999999999,93.0,22.0,1.1909575979126872,115,71.0,11.0,0.62
07:42:17,254.0,36.0,270.11,9.0,252.0,27.0,272.0,9.0,262.06,16.110000000000014,63.0,18.0,1.1423309503058945,81,45.0,-34.0,0.56
07:42:18,254.0,36.0,269.22,9.0,252.0,27.0,270.78,9.0,261.61,15.220000000000027,63.0,18.0,0.9869903748403673,81,45.0,0.0,0.56
07:42:19,253.47,38.0,266.08,12.0,251.62,26.0,267.25,12.0,259.78,12.609999999999985,64.0,24.0,1.4005820218853544,88,40.0,7.0,0.45
07:42:20,252.0,18.0,263.0,9.0,250.0,9.0,264.0,9.0,257.5,11.0,27.0,18.0,2.114149947385417,45,9.0,-43.0,0.2
07:42:21,252.0,20.0,259.47,30.0,250.0,10.0,260.83,18.0,255.73,7.470000000000027,30.0,48.0,2.7001166641519836,78,-18.0,33.0,-0.23
07:42:22,249.46,26.0,255.76,17.0,247.21,14.0,256.53,17.0,252.61,6.299999999999983,40.0,34.0,3.5043159104214916,74,6.0,-4.0,0.08
07:42:23,249.0,77.0,251.35,23.0,247.0,33.0,251.73,15.0,250.17,2.3499999999999943,110.0,38.0,3.8258162527800117,148,72.0,74.0,0.49
07:42:24,249.06,48.0,250.5,14.0,247.31,39.0,251.9,50.0,249.78,1.4399999999999977,87.0,64.0,3.3951244454420215,151,23.0,3.0,0.15
07:42:25,247.0,27.0,249.24,21.0,241.49,142.0,276.11,9.0,248.12,2.240000000000009,169.0,30.0,2.959690862242215,199,139.0,48.0,0.7
07:42:26,247.0,24.0,248.74,27.0,241.0,162.0,327.18,11.0,247.87,1.740000000000009,186.0,38.0,1.9065807090290774,224,148.0,25.0,0.66
07:42:29,241.0,198.0,319.64,11.0,203.0,17.0,353.36,11.0,280.32,78.63999999999999,215.0,22.0,69.18227323527306,237,193.0,73.0,0.81
07:42:30,241.0,198.0,297.45,11.0,185.53,19.0,361.0,11.0,269.23,56.44999999999999,217.0,22.0,65.11582933511616,239,195.0,2.0,0.82
07:42:32,241.0,159.0,276.09,33.0,230.0,18.0,689.05,21.0,258.55,35.089999999999975,177.0,54.0,80.97067975508149,231,123.0,17.0,0.53
07:42:33,241.0,152.0,242.0,43.0,209.36,11.0,244.0,36.0,241.5,1.0,163.0,79.0,82.01193163192774,242,84.0,11.0,0.35
07:42:34,241.0,114.0,242.0,26.0,192.14,7.0,244.0,28.0,241.5,1.0,121.0,54.0,85.90984198565376,175,67.0,-67.0,0.38
07:42:35,241.0,162.0,242.0,27.0,209.85,39.0,244.0,36.0,241.5,1.0,201.0,63.0,88.5023521156359,264,138.0,89.0,0.52
07:42:36,241.0,14.0,242.0,21.0,214.0,42.0,244.0,28.0,241.5,1.0,56.0,49.0,7.624991803277015,105,7.0,-159.0,0.07
07:42:37,225.68,25.0,242.0,27.0,166.39,44.0,244.0,36.0,233.84,16.319999999999993,69.0,63.0,3.4256561415364466,132,6.0,27.0,0.05
07:42:38,241.0,20.0,242.0,4.0,202.5,24.0,244.0,16.0,241.5,1.0,44.0,20.0,3.4256561415364466,64,24.0,-68.0,0.38
07:42:39,241.0,45.0,242.67,12.0,161.83,29.0,244.27,37.0,241.83,1.6699999999999875,74.0,49.0,3.465498521143289,123,25.0,59.0,0.2
07:42:40,241.0,36.0,245.33,36.0,230.67,9.0,247.23,39.0,243.17,4.3300000000000125,45.0,75.0,3.7137003110167632,120,-30.0,-3.0,-0.25
07:42:41,241.36,22.0,243.79,61.0,230.61,18.0,246.62,52.0,242.58,2.4299999999999784,40.0,113.0,3.8257195401709487,153,-73.0,33.0,-0.48
07:42:42,243.2,35.0,310.48,64.0,224.65,26.0,420.88,78.0,276.84,67.28000000000003,61.0,142.0,15.473853107743961,203,-81.0,50.0,-0.4
07:42:43,253.69,32.0,273.62,42.0,247.0,14.0,274.29,42.0,263.65,19.930000000000007,46.0,84.0,15.88912615596066,130,-38.0,-73.0,-0.29
07:42:44,254.0,54.0,270.9,39.0,245.4,30.0,273.91,87.0,262.45,16.899999999999977,84.0,126.0,14.697216403116254,210,-42.0,80.0,-0.2
07:42:45,254.0,35.0,268.45,33.0,249.0,12.0,269.12,51.0,261.23,14.449999999999989,47.0,84.0,12.234862075235105,131,-37.0,-79.0,-0.28
07:42:46,253.74,19.0,267.1,61.0,248.73,15.0,268.41,37.0,260.42,13.360000000000014,34.0,98.0,6.776176650591622,132,-64.0,1.0,-0.48
07:42:47,249.0,11.0,254.64,55.0,247.0,22.0,267.13,46.0,251.82,5.639999999999986,33.0,101.0,4.6874758666075635,134,-68.0,2.0,-0.51
07:42:48,247.93,45.0,249.64,83.0,240.68,38.0,262.81,73.0,248.79,1.7099999999999795,83.0,156.0,6.194987489901101,239,-73.0,105.0,-0.31
07:42:49,245.64,22.0,249.71,21.0,202.51,49.0,306.26,39.0,247.68,4.070000000000022,71.0,60.0,6.428986700875483,131,11.0,-108.0,0.08
07:42:50,244.0,26.0,246.71,28.0,243.0,39.0,256.92,26.0,245.36,2.710000000000008,65.0,54.0,5.851322927341871,119,11.0,-12.0,0.09
07:42:51,244.7,60.0,245.82,17.0,223.97,31.0,269.63,35.0,245.26,1.1200000000000045,91.0,52.0,2.7183855502925436,143,39.0,24.0,0.27
07:42:53,247.0,210.0,462.08,26.0,246.0,70.0,650.06,32.0,354.54,215.07999999999998,280.0,58.0,69.72693324677341,338,222.0,162.0,0.66
07:42:54,248.11,92.0,364.86,70.0,247.0,294.0,554.82,44.0,306.48,116.75,386.0,114.0,64.22725293829703,500,272.0,162.0,0.54
07:42:55,249.89,9.0,359.22,45.0,247.55,29.0,521.0,30.0,304.56,109.33000000000004,38.0,75.0,54.51046890277109,113,-37.0,-166.5,-0.33
07:42:56,247.02,121.0,261.0,35.0,242.54,13.0,450.14,14.0,254.01,13.97999999999999,134.0,49.0,51.57845936047307,183,85.0,70.0,0.46
07:42:57,247.0,160.0,319.65,20.0,223.5,16.0,379.91,23.0,283.32,72.64999999999998,176.0,43.0,36.84088924008202,219,133.0,36.0,0.61
07:42:58,247.0,85.0,364.0,15.0,242.0,10.0,378.0,10.0,305.5,117.0,95.0,25.0,22.697693274868236,120,70.0,-99.0,0.58
07:42:59,247.75,40.0,334.91,23.0,246.75,79.0,363.43,21.0,291.33,87.16000000000003,119.0,44.0,21.026574376250668,163,75.0,43.0,0.46
07:43:00,253.86,56.0,278.42,38.0,249.89,110.0,292.04,56.0,266.14,24.560000000000002,166.0,94.0,20.35437913570462,260,72.0,97.0,0.28
07:43:01,254.0,42.0,276.67,27.0,250.0,14.0,308.55,22.0,265.33,22.670000000000016,56.0,49.0,17.102228802118326,105,7.0,-155.0,0.07
07:43:02,254.0,78.0,281.2,15.0,250.0,26.0,296.6,40.0,267.6,27.19999999999999,104.0,55.0,18.277892383970542,159,49.0,54.0,0.31
07:43:03,254.0,36.0,279.93,29.0,250.0,20.0,420.87,38.0,266.97,25.930000000000007,56.0,67.0,11.132777281523905,123,-11.0,-36.0,-0.09
07:43:04,255.11,19.0,279.0,30.0,254.12,34.0,280.0,45.0,267.05,23.889999999999986,53.0,75.0,0.8891400339761617,128,-22.0,5.0,-0.17
07:43:05,256.0,13.0,276.58,19.0,255.0,39.0,278.07,28.0,266.29,20.579999999999984,52.0,47.0,0.8713323131957715,99,5.0,-29.0,0.05
07:43:06,255.57,14.0,273.38,13.0,254.86,28.0,274.82,17.0,264.48,17.810000000000002,42.0,30.0,1.2099049549527534,72,12.0,-27.0,0.17
07:43:07,254.48,31.0,270.14,36.0,252.11,38.0,271.36,14.0,262.31,15.659999999999997,69.0,50.0,2.0231164079261843,119,19.0,47.0,0.16
07:43:08,253.59,17.0,268.65,17.0,249.25,40.0,269.21,24.0,261.12,15.059999999999974,57.0,41.0,2.530563178429086,98,16.0,-21.0,0.16
07:43:09,247.73,66.0,260.88,16.0,246.25,32.0,267.77,26.0,254.3,13.150000000000006,98.0,42.0,4.589798470523859,140,56.0,42.0,0.4
07:43:10,247.0,210.0,253.31,29.0,244.0,70.0,254.86,22.0,250.16,6.310000000000002,280.0,51.0,6.006935991004546,331,229.0,165.5,0.69
07:43:11,247.56,156.0,250.31,32.0,244.38,94.0,251.5,24.0,248.94,2.75,250.0,56.0,6.141252315287844,306,194.0,-25.0,0.63
07:43:12,248.0,196.0,253.55,44.0,247.0,28.0,276.25,32.0,250.77,5.550000000000011,224.0,76.0,4.927719553711444,300,148.0,-6.0,0.49
07:43:13,248.2,90.0,260.92,48.0,247.88,96.0,287.2,40.0,254.56,12.720000000000027,186.0,88.0,2.538854072220595,274,98.0,-26.0,0.36
07:43:14,251.0,9.0,261.0,36.0,248.7,86.0,314.4,25.0,256.0,10.0,95.0,61.0,3.032273074779183,156,34.0,-118.0,0.22
07:43:15,251.0,5.0,260.86,14.0,250.0,30.0,307.8,20.0,255.93,9.860000000000014,35.0,34.0,3.2088549359592258,69,1.0,-87.0,0.01
07:43:16,251.71,14.0,256.25,24.0,250.29,34.0,257.85,34.0,253.98,4.539999999999992,48.0,58.0,2.130978648421677,106,-10.0,37.0,-0.09
07:43:17,252.38,13.0,254.08,25.0,250.67,18.0,261.24,34.0,253.23,1.700000000000017,31.0,59.0,1.2138574875283874,90,-28.0,-16.0,-0.31
07:43:18,250.59,22.0,252.5,12.0,249.27,73.0,262.67,48.0,251.55,1.9099999999999966,95.0,60.0,1.885834033002149,155,35.0,65.0,0.23
07:43:19,250.0,72.0,251.0,12.0,248.0,168.0,252.0,12.0,250.5,1.0,240.0,24.0,2.117987252093351,264,216.0,109.0,0.82
07:43:20,250.0,58.0,252.5,12.0,248.0,140.0,257.18,22.0,251.25,2.5,198.0,34.0,1.4488167586104943,232,164.0,-32.0,0.71
07:43:21,250.0,25.0,255.0,10.0,248.0,70.0,260.0,20.0,252.5,5.0,95.0,30.0,1.071181590595564,125,65.0,-107.0,0.52
07:43:22,250.0,70.0,255.0,30.0,248.0,210.0,260.8,60.0,252.5,5.0,280.0,90.0,0.856883889468671,370,190.0,165.5,0.51
07:43:23,248.34,73.0,261.86,28.0,247.66,71.0,339.85,26.0,255.1,13.52000000000001,144.0,54.0,1.7491426471361293,198,90.0,-166.5,0.45
07:43:24,255.0,32.0,263.0,44.0,249.0,11.0,299.09,33.0,259.0,8.0,43.0,77.0,3.0922483729527612,120,-34.0,-78.0,-0.28
07:43:25,255.0,40.0,263.0,40.0,250.33,15.0,393.5,30.0,259.0,8.0,55.0,70.0,3.2629741034871347,125,-15.0,5.0,-0.12
07:43:26,254.55,31.0,263.0,36.0,249.52,29.0,415.68,19.0,258.77,8.449999999999989,60.0,55.0,2.9543831843595636,115,5.0,-10.0,0.04
07:43:27,249.0,12.0,262.14,58.0,248.0,156.0,276.82,44.0,255.57,13.139999999999986,168.0,102.0,1.9746569322355736,270,66.0,155.0,0.24
07:43:28,249.95,38.0,257.2,25.0,248.12,59.0,262.15,54.0,253.57,7.25,97.0,79.0,2.4888290419444834,176,18.0,-94.0,0.1
07:43:29,250.18,44.0,256.0,22.0,248.0,143.0,262.0,55.0,253.09,5.819999999999993,187.0,77.0,2.794226189847074,264,110.0,88.0,0.42
07:43:30,252.06,77.0,258.28,57.0,248.56,158.0,273.08,48.0,255.17,6.21999999999997,235.0,105.0,2.235280743000295,340,130.0,76.0,0.38
07:43:31,253.94,32.0,266.0,56.0,252.75,32.0,320.71,28.0,259.97,12.060000000000002,64.0,84.0,2.721411398526109,148,-20.0,-166.5,-0.14
07:43:32,254.0,16.0,266.0,32.0,253.0,8.0,317.2,10.0,260.0,12.0,24.0,42.0,3.3976020956002255,66,-18.0,-82.0,-0.27
07:43:33,254.93,28.0,265.14,56.0,253.0,14.0,384.04,27.0,260.04,10.20999999999998,42.0,83.0,3.3000348483047666,125,-41.0,59.0,-0.33
07:43:34,255.0,22.0,261.0,44.0,252.64,11.0,264.09,44.0,258.0,6.0,33.0,88.0,2.1230237869663453,121,-55.0,-4.0,-0.45
07:43:35,255.9,20.0,259.3,40.0,251.0,10.0,260.9,40.0,257.6,3.4000000000000057,30.0,80.0,1.2153271164688257,110,-50.0,-11.0,-0.45
07:43:36,256.0,20.0,258.0,40.0,251.0,10.0,259.4,40.0,257.0,2.0,30.0,80.0,1.4078068049362935,110,-50.0,0.0,-0.45
07:43:37,248.3,152.0,254.49,47.0,247.39,131.0,257.09,66.0,251.39,6.189999999999998,283.0,113.0,3.2359511739249744,396,170.0,165.5,0.43
07:43:38,247.55,154.0,249.57,21.0,244.32,41.0,250.68,31.0,248.56,2.019999999999982,195.0,52.0,4.273909217569816,247,143.0,-149.0,0.58
07:43:39,247.0,225.0,248.6,15.0,244.0,20.0,250.0,30.0,247.8,1.5999999999999943,245.0,45.0,4.6125155826327475,290,200.0,43.0,0.69
07:43:40,247.0,156.0,249.67,24.0,244.0,14.0,263.33,48.0,248.33,2.6699999999999875,170.0,72.0,3.8320138308768428,242,98.0,-48.0,0.4
07:43:41,247.31,35.0,250.0,19.0,246.19,59.0,265.54,26.0,248.66,2.6899999999999977,94.0,45.0,1.4050516004876428,139,49.0,-103.0,0.35
07:43:42,247.09,46.0,250.0,10.0,245.35,40.0,296.03,30.0,248.54,2.9099999999999966,86.0,40.0,0.34470277056240645,126,46.0,-13.0,0.37
07:43:43,247.06,36.0,250.0,8.0,244.12,25.0,267.0,8.0,248.53,2.9399999999999977,61.0,16.0,0.34098387063526064,77,45.0,-49.0,0.58
07:43:44,247.0,33.0,252.92,12.0,239.0,12.0,278.6,15.0,249.96,5.9199999999999875,45.0,27.0,0.6569855402008746,72,18.0,-5.0,0.25
07:43:45,251.11,74.0,260.0,14.0,249.29,49.0,308.22,18.0,255.55,8.889999999999986,123.0,32.0,3.0242635467220573,155,91.0,83.0,0.59
07:43:46,252.22,72.0,257.33,18.0,251.0,54.0,441.6,15.0,254.78,5.109999999999985,126.0,33.0,3.4318755804998062,159,93.0,4.0,0.58
07:43:47,253.39,66.0,256.19,42.0,250.0,27.0,275.11,18.0,254.79,2.8000000000000114,93.0,60.0,3.2292057847139204,153,33.0,-6.0,0.22
07:43:48,254.14,28.0,260.0,12.0,252.4,20.0,286.67,24.0,257.07,5.860000000000014,48.0,36.0,2.667255143406505,84,12.0,-69.0,0.14
07:43:49,248.93,15.0,260.0,15.0,247.5,84.0,505.1,49.0,254.47,11.069999999999993,99.0,64.0,1.0499619040840238,163,35.0,79.0,0.21
07:43:50,248.0,10.0,260.0,10.0,247.0,60.0,709.8,40.0,254.0,12.0,70.0,50.0,1.189104705241725,120,20.0,-43.0,0.17
07:43:51,250.52,50.0,260.0,17.0,247.91,47.0,513.62,52.0,255.26,9.47999999999999,97.0,69.0,1.184048140924992,166,28.0,46.0,0.17
07:43:52,251.35,31.0,260.0,11.0,250.41,34.0,373.35,34.0,255.68,8.650000000000006,65.0,45.0,1.1892981123451687,110,20.0,-56.0,0.18
07:43:53,252.0,7.0,260.0,7.0,251.0,28.0,386.0,28.0,256.0,8.0,35.0,35.0,0.8332586633380819,70,0.0,-40.0,0.0
07:43:54,252.5,10.0,260.0,10.0,251.0,40.0,369.84,38.0,256.25,7.5,50.0,48.0,0.885053670704592,98,2.0,28.0,0.02
07:43:55,253.0,12.0,260.0,12.0,251.0,48.0,321.2,45.0,256.5,7.0,60.0,57.0,0.4856130146806825,117,3.0,19.0,0.03
07:43:56,251.5,24.0,259.75,12.0,250.4,30.0,337.37,41.0,255.62,8.25,54.0,53.0,0.37376463185699793,107,1.0,-10.0,0.01
07:43:57,251.94,47.0,258.42,12.0,250.91,34.0,259.58,12.0,255.18,6.480000000000018,81.0,24.0,0.5217278984559683,105,57.0,-2.0,0.54
07:43:58,252.73,60.0,255.53,15.0,251.0,45.0,257.27,15.0,254.13,2.8000000000000114,105.0,30.0,0.9420350312104109,135,75.0,30.0,0.56
07:43:59,253.07,29.0,255.75,8.0,250.5,18.0,259.57,14.0,254.41,2.680000000000007,47.0,22.0,0.9527171668590346,69,25.0,-66.0,0.36
07:44:00,251.0,39.0,256.38,13.0,248.0,13.0,261.0,39.0,253.69,5.3799999999999955,52.0,52.0,0.7844934671674225,104,0.0,35.0,0.0
07:44:01,251.85,33.0,254.35,31.0,250.77,39.0,264.81,37.0,253.1,2.5,72.0,68.0,0.779660182405636,140,4.0,36.0,0.03
07:44:02,249.24,33.0,252.3,30.0,245.89,19.0,253.67,45.0,250.77,3.0600000000000023,52.0,75.0,1.4561936684485113,127,-23.0,-13.0,-0.18
07:44:03,242.54,52.0,249.44,16.0,240.82,34.0,252.0,32.0,245.99,6.900000000000006,86.0,48.0,3.415950819322627,134,38.0,7.0,0.28
07:44:04,242.44,62.0,245.0,34.0,241.25,64.0,246.65,40.0,243.72,2.5600000000000023,126.0,74.0,4.411545080811577,200,52.0,66.0,0.26
07:44:05,243.75,36.0,250.09,33.0,236.84,50.0,276.07,44.0,246.92,6.340000000000003,86.0,77.0,3.7801388863418777,163,9.0,-37.0,0.06
