Time,Bid1_Price,Bid1_Volume,Ask1_Price,Ask1_Volume,Bid2_Price,Bid2_Volume,Ask2_Price,Ask2_Volume,Mid-Price,Bid_Ask_Spread,Market_Depth_Bid,Market_Depth_Ask,Historical_Volatility,Total_volume,Cumulative_Volume_Difference,Total_Volume_Change_Corrected,Order_imbalance
07:30:05,331.23,13.0,343.0,8.0,327.0,6.0,344.0,16.0,337.12,11.769999999999982,19.0,24.0,127.63245167276229,43,-5.0,7.0,-0.12
07:30:06,326.0,16.0,342.5,12.0,330.0,1.0,343.75,16.0,334.25,16.5,17.0,28.0,75.80100408305952,45,-11.0,2.0,-0.24
07:30:07,324.0,18.0,336.65,17.0,210.0,42.0,339.12,16.0,330.32,12.649999999999977,60.0,33.0,81.68132332424598,93,27.0,48.0,0.29
07:30:08,276.31,29.0,326.03,29.0,243.41,37.0,327.97,31.0,301.17,49.71999999999997,66.0,60.0,59.05325520240195,126,6.0,33.0,0.05
07:30:11,254.73,26.0,319.0,16.0,253.2,46.0,320.0,40.0,286.87,64.27000000000001,72.0,56.0,21.753860117230083,128,16.0,8.0,0.12
07:30:12,260.56,18.0,317.38,37.0,258.0,63.0,319.08,26.0,288.97,56.81999999999999,81.0,63.0,9.34402910954448,144,18.0,16.0,0.12
07:30:13,262.7,47.0,315.5,12.0,260.16,25.0,317.0,40.0,289.1,52.80000000000001,72.0,52.0,5.476353713924508,124,20.0,-20.0,0.16
07:30:14,267.12,57.0,313.29,35.0,265.49,57.0,316.54,26.0,290.2,46.170000000000016,114.0,61.0,4.122083211194843,175,53.0,51.0,0.3
07:30:15,275.72,43.0,313.0,45.0,273.42,65.0,315.0,12.0,294.36,37.27999999999997,108.0,57.0,2.7689077268869142,165,51.0,-10.0,0.31
07:30:16,287.33,18.0,313.0,14.0,283.87,30.0,315.0,7.0,300.17,25.670000000000016,48.0,21.0,4.784908567570899,69,27.0,-96.0,0.39
07:30:17,301.98,54.0,313.0,24.0,299.48,25.0,315.0,12.0,307.49,11.019999999999982,79.0,36.0,7.632170726602777,115,43.0,46.0,0.37
07:30:18,304.0,22.0,313.0,16.0,302.94,34.0,315.0,18.0,308.5,9.0,56.0,34.0,8.001951636945277,90,22.0,-25.0,0.24
07:30:19,306.33,60.0,314.33,36.0,304.0,24.0,316.0,72.0,310.33,8.0,84.0,108.0,6.707328082031606,192,-24.0,102.0,-0.12
07:30:20,307.12,40.0,315.0,32.0,303.95,19.0,317.0,48.0,311.06,7.8799999999999955,59.0,80.0,4.341975356909423,139,-21.0,-53.0,-0.15
07:30:21,310.33,75.0,315.0,60.0,307.0,75.0,317.0,90.0,312.67,4.670000000000016,150.0,150.0,2.0561493136462152,300,0.0,161.0,0.0
07:30:22,313.81,53.0,315.0,34.0,311.44,45.0,317.0,54.0,314.41,1.1899999999999977,98.0,88.0,2.2551784851774523,186,10.0,-114.0,0.05
07:30:23,312.75,56.0,315.0,22.0,308.0,55.0,317.0,66.0,313.88,2.25,111.0,88.0,1.7577969165995162,199,23.0,13.0,0.12
07:30:24,314.0,50.0,316.64,44.0,308.88,32.0,317.86,42.0,315.32,2.6399999999999864,82.0,86.0,1.6524436450318893,168,-4.0,-31.0,-0.02
07:30:25,314.97,31.0,317.0,54.0,312.77,39.0,319.0,27.0,315.98,2.0299999999999727,70.0,81.0,1.2838107337165616,151,-11.0,-17.0,-0.07
07:30:26,311.06,51.0,317.6,30.0,302.1,115.0,319.08,36.0,314.33,6.5400000000000205,166.0,66.0,0.8486636554052123,232,100.0,81.0,0.43
07:30:27,303.91,23.0,319.0,30.0,301.29,34.0,320.0,10.0,311.46,15.089999999999975,57.0,40.0,1.7356209263563185,97,17.0,-135.0,0.18
07:30:28,309.45,62.0,319.49,53.0,307.94,34.0,327.95,22.0,314.47,10.04000000000002,96.0,75.0,1.7289794677803232,171,21.0,74.0,0.12
07:30:29,321.47,15.0,340.21,28.0,312.35,23.0,355.49,49.0,330.84,18.739999999999952,38.0,77.0,7.68020377333862,115,-39.0,-56.0,-0.34
07:30:30,316.62,29.0,348.43,63.0,314.98,47.0,356.71,63.0,332.52,31.810000000000002,76.0,126.0,10.090794319576817,202,-50.0,87.0,-0.25
07:30:31,314.36,44.0,320.1,29.0,309.28,29.0,340.89,35.0,317.23,5.740000000000009,73.0,64.0,9.707462593283761,137,9.0,-65.0,0.07
07:30:32,294.89,36.0,318.4,20.0,224.96,50.0,328.33,33.0,306.64,23.50999999999999,86.0,53.0,11.072730015673807,139,33.0,2.0,0.24
07:30:33,284.0,14.0,319.0,7.0,226.77,26.0,330.0,14.0,301.5,35.0,40.0,21.0,13.939744617459976,61,19.0,-78.0,0.31
07:30:34,284.0,24.0,319.0,12.0,170.87,45.0,324.23,39.0,301.5,35.0,69.0,51.0,13.205855519427967,120,18.0,59.0,0.15
07:30:35,284.0,20.0,330.0,20.0,169.45,22.0,349.13,47.0,307.0,46.0,42.0,67.0,6.423144089930388,109,-25.0,-11.0,-0.23
07:30:36,284.19,27.0,314.47,45.0,269.12,25.0,325.12,32.0,299.33,30.28000000000003,52.0,77.0,3.4289327785782895,129,-25.0,20.0,-0.19
07:30:37,300.12,16.0,314.59,39.0,271.38,21.0,324.06,32.0,307.36,14.46999999999997,37.0,71.0,3.619643628868543,108,-34.0,-21.0,-0.31
07:30:38,285.3,10.0,322.3,10.0,229.0,20.0,324.9,20.0,303.8,37.0,30.0,30.0,3.4707520798824674,60,0.0,-48.0,0.0
07:30:39,321.5,18.0,323.88,25.0,289.06,16.0,329.04,23.0,322.69,2.3799999999999955,34.0,48.0,8.803523726327235,82,-14.0,22.0,-0.17
07:30:40,319.55,22.0,335.0,12.0,287.94,16.0,366.17,24.0,327.27,15.449999999999989,38.0,36.0,12.213793432017955,74,2.0,-8.0,0.03
07:30:41,293.13,15.0,327.31,13.0,191.15,13.0,462.62,21.0,310.22,34.18000000000001,28.0,34.0,10.169413454079045,62,-6.0,-12.0,-0.1
07:30:42,316.73,33.0,366.07,15.0,218.75,40.0,428.54,26.0,341.4,49.339999999999975,73.0,41.0,14.750834891625672,114,32.0,52.0,0.28
07:30:44,314.22,23.0,329.88,32.0,261.17,41.0,366.74,23.0,322.05,15.659999999999968,64.0,55.0,36.529833424202685,119,9.0,-28.0,0.08
07:30:45,317.07,14.0,325.0,42.0,310.0,42.0,339.28,29.0,321.04,7.930000000000007,56.0,71.0,37.206096946602656,127,-15.0,8.0,-0.12
07:30:46,319.0,11.0,322.0,33.0,310.0,33.0,338.92,26.0,320.5,3.0,44.0,59.0,35.422090988534194,103,-15.0,-24.0,-0.15
07:30:47,319.73,11.0,322.0,30.0,315.14,14.0,338.0,20.0,320.86,2.269999999999982,25.0,50.0,36.62124752107711,75,-25.0,-28.0,-0.33
07:30:48,317.09,11.0,322.0,23.0,297.69,16.0,375.36,22.0,319.55,4.910000000000025,27.0,45.0,0.905013812049626,72,-18.0,-3.0,-0.25
07:30:49,308.35,34.0,322.0,20.0,253.46,26.0,371.17,24.0,315.18,13.649999999999977,60.0,44.0,2.442269436405631,104,16.0,32.0,0.15
07:30:52,312.0,16.0,329.0,16.0,309.0,24.0,400.18,22.0,320.5,17.0,40.0,38.0,25.62266282024554,78,2.0,-1.0,0.03
07:30:53,319.7,23.0,328.71,24.0,313.88,26.0,386.86,28.0,324.2,9.009999999999991,49.0,52.0,24.937022677135953,101,-3.0,23.0,-0.03
07:30:54,310.5,32.0,318.56,16.0,254.57,28.0,328.47,19.0,314.53,8.060000000000002,60.0,35.0,25.082112151890108,95,25.0,-6.0,0.26
07:30:55,314.5,30.0,319.5,6.0,252.31,13.0,325.44,9.0,317.0,5.0,43.0,15.0,24.526459793455672,58,28.0,-37.0,0.48
07:30:56,319.0,135.0,325.17,29.0,310.0,27.0,327.85,13.0,322.09,6.170000000000016,162.0,42.0,3.892766368535734,204,120.0,146.0,0.59
07:30:57,319.0,195.0,323.81,26.0,310.0,39.0,324.3,27.0,321.4,4.810000000000002,234.0,53.0,3.961291456078783,287,181.0,83.0,0.63
07:30:58,319.0,167.0,320.36,28.0,313.2,45.0,323.62,21.0,319.68,1.3600000000000136,212.0,49.0,3.1517217516784846,261,163.0,-26.0,0.62
07:30:59,319.0,100.0,322.67,27.0,314.89,57.0,368.3,20.0,320.83,3.670000000000016,157.0,47.0,1.9949561398693678,204,110.0,-57.0,0.54
07:31:00,320.6,68.0,332.0,34.0,319.1,92.0,398.13,30.0,326.3,11.399999999999977,160.0,64.0,2.5293971613808433,224,96.0,20.0,0.43
07:31:01,323.92,26.0,332.0,16.0,322.43,14.0,337.0,16.0,327.96,8.079999999999984,40.0,32.0,3.6574964114815978,72,8.0,-152.0,0.11
07:31:02,323.0,8.0,331.07,30.0,319.0,80.0,332.88,16.0,327.03,8.069999999999993,88.0,46.0,3.8149639578900434,134,42.0,62.0,0.31
07:31:03,323.99,92.0,330.28,50.0,322.37,63.0,332.06,32.0,327.13,6.289999999999964,155.0,82.0,2.8673070990040745,237,73.0,103.0,0.31
07:31:04,324.08,100.0,327.0,60.0,323.39,38.0,329.0,15.0,325.54,2.920000000000016,138.0,75.0,0.9144233155374619,213,63.0,-24.0,0.3
07:31:05,324.25,65.0,326.78,45.0,322.23,13.0,350.08,26.0,325.51,2.5299999999999727,78.0,71.0,1.0748627819394563,149,7.0,-64.0,0.05
07:31:06,323.0,9.0,335.0,18.0,318.0,9.0,379.2,30.0,329.0,12.0,18.0,48.0,1.4356775403963589,66,-30.0,-83.0,-0.45
07:31:07,323.0,10.0,335.0,20.0,319.2,10.0,500.53,17.0,329.0,12.0,20.0,37.0,1.7385424930091056,57,-17.0,-9.0,-0.3
07:31:08,323.0,12.0,335.0,24.0,318.0,12.0,560.5,48.0,329.0,12.0,24.0,72.0,1.9033654404759224,96,-48.0,39.0,-0.5
07:31:09,320.5,8.0,335.0,16.0,317.0,8.0,338.0,32.0,327.75,14.5,16.0,48.0,1.5206150071592313,64,-32.0,-32.0,-0.5
07:31:10,316.85,41.0,322.62,42.0,313.82,11.0,335.5,24.0,319.74,5.769999999999982,52.0,66.0,4.037885585303102,118,-14.0,54.0,-0.12
07:31:11,318.08,84.0,325.68,38.0,314.25,12.0,336.94,34.0,321.88,7.600000000000023,96.0,72.0,4.354340363361528,168,24.0,50.0,0.14
07:31:12,319.03,65.0,336.0,22.0,317.04,23.0,338.0,44.0,327.52,16.970000000000027,88.0,66.0,4.097452867331061,154,22.0,-14.0,0.14
07:31:13,323.38,69.0,336.0,20.0,321.19,47.0,338.0,40.0,329.69,12.620000000000005,116.0,60.0,4.266489189017054,176,56.0,22.0,0.32
07:31:14,331.0,72.0,335.42,24.0,321.18,118.0,337.18,34.0,333.21,4.420000000000016,190.0,58.0,5.55068194008616,248,132.0,72.0,0.53
07:31:15,331.0,60.0,335.0,20.0,327.0,10.0,336.0,20.0,333.0,4.0,70.0,40.0,4.665484969432136,110,30.0,-138.0,0.27
07:31:16,331.0,60.0,335.0,20.0,328.9,42.0,336.8,20.0,333.0,4.0,102.0,40.0,2.5645330959057344,142,62.0,32.0,0.44
07:31:17,331.0,54.0,335.0,18.0,329.0,45.0,338.0,18.0,333.0,4.0,99.0,36.0,1.506502572183412,135,63.0,-7.0,0.47
07:31:18,331.0,48.0,334.25,16.0,329.0,40.0,338.0,16.0,332.62,3.25,88.0,32.0,0.21372880010634637,120,56.0,-15.0,0.47
07:31:19,331.0,66.0,332.0,55.0,329.0,55.0,333.0,22.0,331.5,1.0,121.0,77.0,0.6495229018249585,198,44.0,78.0,0.22
07:31:20,330.24,42.0,332.0,60.0,327.81,52.0,342.0,48.0,331.12,1.759999999999991,94.0,108.0,0.8805225721100829,202,-14.0,4.0,-0.07
07:31:21,329.0,46.0,331.27,75.0,327.0,15.0,342.0,60.0,330.13,2.269999999999982,61.0,135.0,1.159128983330047,196,-74.0,-6.0,-0.38
07:31:22,329.0,18.0,330.22,45.0,327.0,9.0,342.0,36.0,329.61,1.2200000000000273,27.0,81.0,1.1808598562048649,108,-54.0,-88.0,-0.5
07:31:23,327.0,13.0,341.49,47.0,325.0,91.0,342.37,41.0,334.24,14.490000000000009,104.0,88.0,1.7985410754264033,192,16.0,84.0,0.08
07:31:24,325.09,23.0,339.78,27.0,324.47,15.0,341.0,27.0,332.43,14.689999999999998,38.0,54.0,1.8685368607538493,92,-16.0,-100.0,-0.17
07:31:25,324.22,18.0,335.19,48.0,322.25,16.0,336.44,48.0,329.7,10.96999999999997,34.0,96.0,2.0417565966578977,130,-62.0,38.0,-0.48
07:31:26,322.77,31.0,331.72,65.0,318.68,59.0,332.49,67.0,327.25,8.950000000000045,90.0,132.0,2.720317996116716,222,-42.0,92.0,-0.19
07:31:27,322.93,15.0,330.96,46.0,317.03,196.0,332.09,66.0,326.94,8.029999999999973,211.0,112.0,3.195147883900976,323,99.0,101.0,0.31
07:31:28,319.2,25.0,330.72,25.0,316.98,87.0,331.59,51.0,324.96,11.520000000000039,112.0,76.0,2.8772782277698363,188,36.0,-135.0,0.19
07:31:29,322.79,97.0,331.17,58.0,317.98,64.0,332.35,86.0,326.98,8.379999999999995,161.0,144.0,1.6867364939430063,305,17.0,117.0,0.06
07:31:30,325.0,68.0,330.91,55.0,316.35,85.0,334.08,59.0,327.95,5.910000000000025,153.0,114.0,1.1137010370828402,267,39.0,-38.0,0.15
07:31:31,323.6,45.0,326.61,51.0,315.9,78.0,329.74,27.0,325.1,3.009999999999991,123.0,78.0,1.3031807242281122,201,45.0,-66.0,0.22
07:31:32,316.0,63.0,324.26,19.0,315.0,72.0,328.45,31.0,320.13,8.259999999999991,135.0,50.0,3.014486689305634,185,85.0,-16.0,0.46
07:31:33,316.0,105.0,320.48,60.0,315.0,120.0,321.41,44.0,318.24,4.480000000000018,225.0,104.0,4.2818045261317055,329,121.0,144.0,0.37
07:31:34,316.0,98.0,318.77,26.0,315.0,112.0,320.07,86.0,317.38,2.769999999999982,210.0,112.0,4.5744781123100315,322,98.0,-7.0,0.3
07:31:35,316.0,56.0,319.25,20.0,315.0,64.0,321.07,42.0,317.62,3.25,120.0,62.0,3.2087817002727608,182,58.0,-140.0,0.32
07:31:36,316.0,84.0,318.82,22.0,315.0,96.0,319.93,54.0,317.41,2.819999999999993,180.0,76.0,1.1564730865898323,256,104.0,74.0,0.41
07:31:37,316.0,35.0,319.0,10.0,315.0,40.0,320.0,25.0,317.5,3.0,75.0,35.0,0.35355339060326946,110,40.0,-146.0,0.36
07:31:38,316.0,56.0,318.12,16.0,315.0,64.0,320.0,40.0,317.06,2.1200000000000045,120.0,56.0,0.20875823338796376,176,64.0,66.0,0.36
07:31:39,315.76,33.0,318.0,16.0,314.93,57.0,320.0,40.0,316.88,2.240000000000009,90.0,56.0,0.31157663584959056,146,34.0,-30.0,0.23
07:31:40,317.91,90.0,321.73,75.0,316.38,104.0,327.39,90.0,319.82,3.819999999999993,194.0,165.0,1.1931806233789473,359,29.0,176.0,0.08
07:31:41,319.5,40.0,330.0,55.0,317.8,20.0,331.0,55.0,324.75,10.5,60.0,110.0,3.3180898119257978,170,-50.0,-176.0,-0.29
07:31:42,321.76,34.0,324.0,35.0,310.84,99.0,330.06,80.0,322.88,2.240000000000009,133.0,115.0,3.4957431255750064,248,18.0,78.0,0.07
07:31:46,331.0,12.0,334.0,12.0,330.0,60.0,596.67,6.0,332.5,3.0,72.0,18.0,60.24207026655005,90,54.0,-60.0,0.6
07:31:47,331.0,10.0,371.5,8.0,330.0,50.0,603.23,13.0,351.25,40.5,60.0,21.0,55.01028131176888,81,39.0,-9.0,0.48
07:31:53,330.04,100.0,367.33,48.0,329.67,60.0,390.59,34.0,348.69,37.289999999999964,160.0,82.0,22.650139513918056,242,78.0,106.0,0.32
07:31:54,327.14,21.0,331.0,30.0,312.84,49.0,396.95,22.0,329.07,3.8600000000000136,70.0,52.0,25.396868310875757,122,18.0,-120.0,0.15
07:31:55,321.0,84.0,328.39,90.0,310.31,90.0,333.22,54.0,324.69,7.389999999999986,174.0,144.0,20.759756260610988,318,30.0,176.0,0.09
07:31:56,322.0,24.0,333.12,43.0,313.25,59.0,398.45,29.0,327.56,11.120000000000005,83.0,72.0,17.988251721609416,155,11.0,-163.0,0.07
07:31:57,318.0,8.0,333.0,24.0,317.0,24.0,335.0,8.0,325.5,15.0,32.0,32.0,9.981341092257628,64,0.0,-91.0,0.0
07:31:58,318.0,9.0,332.63,19.0,317.0,27.0,333.59,17.0,325.32,14.629999999999995,36.0,36.0,1.8283243694690372,72,0.0,8.0,0.0
07:31:59,317.1,30.0,332.46,26.0,316.33,27.0,507.22,45.0,324.78,15.359999999999957,57.0,71.0,1.1646887996349085,128,-14.0,56.0,-0.11
07:32:00,318.0,68.0,332.05,66.0,317.0,66.0,333.48,75.0,325.02,14.050000000000011,134.0,141.0,1.1104413536945426,275,-7.0,147.0,-0.03
07:32:01,321.0,42.0,328.81,48.0,319.06,35.0,334.44,43.0,324.91,7.810000000000002,77.0,91.0,0.29711950456905695,168,-14.0,-107.0,-0.08
07:32:02,325.66,29.0,328.0,39.0,323.72,36.0,331.0,13.0,326.83,2.339999999999975,65.0,52.0,0.8390887914846582,117,13.0,-51.0,0.11
07:32:03,326.72,25.0,329.2,20.0,323.27,22.0,335.5,28.0,327.96,2.4799999999999613,47.0,48.0,1.4245525613310352,95,-1.0,-22.0,-0.01
07:32:04,327.33,43.0,330.26,19.0,324.41,17.0,335.71,41.0,328.79,2.930000000000007,60.0,60.0,1.7319844110136398,120,0.0,25.0,0.0
07:32:05,317.9,40.0,325.29,31.0,315.5,24.0,327.32,34.0,321.6,7.390000000000043,64.0,65.0,2.866229230189838,129,-1.0,9.0,-0.01
07:32:06,317.02,46.0,321.29,42.0,314.5,18.0,322.95,38.0,319.15,4.270000000000039,64.0,80.0,4.2475675391917385,144,-16.0,15.0,-0.11
07:32:07,318.94,18.0,320.28,54.0,317.16,50.0,322.0,36.0,319.61,1.339999999999975,68.0,90.0,4.623577619116628,158,-22.0,14.0,-0.14
07:32:08,318.33,18.0,320.0,36.0,316.29,42.0,322.0,28.0,319.17,1.670000000000016,60.0,64.0,4.109231071623659,124,-4.0,-34.0,-0.03
07:32:09,316.5,30.0,319.0,10.0,311.8,30.0,320.0,10.0,317.75,2.5,60.0,20.0,1.388012968238669,80,40.0,-44.0,0.5
07:32:10,312.0,27.0,319.0,9.0,310.0,27.0,320.0,9.0,315.5,7.0,54.0,18.0,1.6820760981594765,72,36.0,-8.0,0.5
07:32:11,312.0,36.0,318.1,48.0,310.0,36.0,320.05,20.0,315.05,6.100000000000023,72.0,68.0,2.0779027888714765,140,4.0,68.0,0.03
07:32:12,313.62,80.0,320.8,10.0,312.0,24.0,322.89,38.0,317.21,7.180000000000007,104.0,48.0,1.6843040105634484,152,56.0,12.0,0.37
07:32:13,315.0,120.0,317.94,31.0,307.58,52.0,326.71,34.0,316.47,2.9399999999999977,172.0,65.0,1.1309199794859,237,107.0,85.0,0.45
07:32:14,315.0,100.0,317.85,26.0,306.0,150.0,326.57,28.0,316.42,2.8500000000000227,250.0,54.0,0.8557745030091455,304,196.0,67.0,0.64
07:32:15,317.37,102.0,322.0,30.0,315.23,78.0,330.0,60.0,319.69,4.6299999999999955,180.0,90.0,1.7098888852788456,270,90.0,-34.0,0.33
07:32:16,319.33,54.0,322.0,30.0,319.06,126.0,329.4,60.0,320.67,2.670000000000016,180.0,90.0,1.9624015898892067,270,90.0,0.0,0.33
07:32:17,320.15,82.0,326.36,28.0,311.06,136.0,331.12,64.0,323.25,6.210000000000036,218.0,92.0,2.9126791790375974,310,126.0,40.0,0.41
07:32:18,320.93,150.0,328.0,15.0,305.29,140.0,331.0,101.0,324.47,7.069999999999993,290.0,116.0,3.156532908112711,406,174.0,96.0,0.43
07:32:19,322.54,130.0,328.0,13.0,308.39,114.0,331.0,65.0,325.27,5.4599999999999795,244.0,78.0,2.409190735495551,322,166.0,-84.0,0.52
07:32:20,323.0,180.0,327.0,18.0,310.55,62.0,331.88,130.0,325.0,4.0,242.0,148.0,1.8792338864540186,390,94.0,68.0,0.24
07:32:21,326.79,76.0,331.57,35.0,319.67,36.0,332.71,34.0,329.18,4.779999999999973,112.0,69.0,2.233098743897436,181,43.0,-176.0,0.24
07:32:22,330.07,15.0,332.0,63.0,326.57,74.0,333.0,36.0,331.03,1.9300000000000068,89.0,99.0,2.932004433829441,188,-10.0,7.0,-0.05
07:32:23,329.0,11.0,332.0,77.0,327.05,171.0,356.27,44.0,330.5,3.0,182.0,121.0,2.8759398463797843,303,61.0,115.0,0.2
07:32:24,329.0,8.0,332.0,56.0,328.0,64.0,352.38,32.0,330.5,3.0,72.0,88.0,2.4678168489566734,160,-16.0,-143.0,-0.1
07:32:25,329.0,10.0,332.0,120.0,328.0,80.0,433.33,43.0,330.5,3.0,90.0,163.0,0.688926701466798,253,-73.0,93.0,-0.29
07:32:26,329.0,8.0,332.0,96.0,328.0,64.0,445.82,34.0,330.5,3.0,72.0,130.0,0.23702320560186568,202,-58.0,-51.0,-0.29
07:32:27,328.04,52.0,332.0,144.0,327.14,116.0,447.47,51.0,330.02,3.9599999999999795,168.0,195.0,0.21466252582579098,363,-27.0,161.0,-0.07
07:32:28,328.0,35.0,332.0,84.0,327.0,74.0,437.0,35.0,330.0,4.0,109.0,119.0,0.2684771871015527,228,-10.0,-135.0,-0.04
07:32:29,328.0,24.0,332.0,96.0,327.0,83.0,395.57,35.0,330.0,4.0,107.0,131.0,0.27033312781456903,238,-24.0,10.0,-0.1
07:32:30,328.0,12.0,332.0,48.0,327.0,40.0,344.0,20.0,330.0,4.0,52.0,68.0,0.22154006408334348,120,-16.0,-118.0,-0.13
07:32:31,328.0,21.0,332.0,84.0,327.0,70.0,374.0,35.0,330.0,4.0,91.0,119.0,0.008944271579826798,210,-28.0,90.0,-0.13
07:32:32,329.1,20.0,331.71,41.0,327.51,41.0,339.15,59.0,330.4,2.609999999999957,61.0,100.0,0.17888543818337468,161,-39.0,-49.0,-0.24
07:32:33,328.0,39.0,331.54,65.0,327.0,130.0,333.0,26.0,329.77,3.5400000000000205,169.0,91.0,0.22755219180240627,260,78.0,99.0,0.3
07:32:34,328.0,33.0,331.0,47.0,327.0,110.0,333.55,22.0,329.5,3.0,143.0,69.0,0.33208432663122656,212,74.0,-48.0,0.35
07:32:35,328.0,28.0,330.44,16.0,326.68,50.0,331.96,27.0,329.22,2.4399999999999977,78.0,43.0,0.4541145229941036,121,35.0,-91.0,0.29
07:32:36,328.0,16.0,331.07,15.0,327.0,32.0,332.19,21.0,329.53,3.069999999999993,48.0,36.0,0.4452302774904229,84,12.0,-37.0,0.14
07:32:37,327.8,20.0,330.92,24.0,326.6,40.0,333.25,36.0,329.36,3.1200000000000045,60.0,60.0,0.20549939171266923,120,0.0,36.0,0.0
07:32:38,327.0,7.0,330.0,14.0,325.0,14.0,335.0,21.0,328.5,3.0,21.0,35.0,0.4220426518663114,56,-14.0,-64.0,-0.25
07:32:39,327.0,9.0,329.11,18.0,325.0,18.0,334.44,27.0,328.06,2.1100000000000136,27.0,45.0,0.6266418434755499,72,-18.0,16.0,-0.25
07:32:40,328.67,12.0,333.23,31.0,324.67,39.0,335.5,24.0,330.95,4.560000000000002,51.0,55.0,1.1129465395940163,106,-4.0,34.0,-0.04
07:32:41,325.36,14.0,333.67,18.0,311.53,131.0,334.85,26.0,329.51,8.310000000000002,145.0,44.0,1.1118588039829054,189,101.0,83.0,0.53
07:32:42,319.8,25.0,332.06,17.0,311.67,118.0,335.41,51.0,325.93,12.259999999999991,143.0,68.0,1.8561115268201456,211,75.0,22.0,0.36
07:32:43,324.61,79.0,332.0,13.0,316.02,65.0,336.0,39.0,328.3,7.389999999999986,144.0,52.0,1.860685357602039,196,92.0,-15.0,0.47
07:32:44,331.0,60.0,334.25,16.0,325.04,46.0,336.22,27.0,332.62,3.25,106.0,43.0,2.550229401444932,149,63.0,-47.0,0.42
07:32:45,331.0,40.0,336.0,24.0,329.32,44.0,337.0,16.0,333.5,5.0,84.0,40.0,3.11470223295806,124,44.0,-25.0,0.35
07:32:46,331.0,50.0,336.0,30.0,330.0,60.0,337.0,20.0,333.5,5.0,110.0,50.0,3.4588581931026754,160,60.0,36.0,0.38
07:32:47,330.16,31.0,336.32,31.0,328.09,138.0,347.5,36.0,333.24,6.159999999999968,169.0,67.0,2.2272673840364994,236,102.0,76.0,0.43
07:32:48,330.0,10.0,333.7,10.0,328.0,120.0,337.38,32.0,331.85,3.6999999999999886,130.0,42.0,0.7084631253583032,172,88.0,-64.0,0.51
07:32:49,328.2,92.0,331.55,20.0,327.94,80.0,339.04,25.0,329.87,3.3500000000000227,172.0,45.0,1.5675362834693003,217,127.0,45.0,0.59
07:32:50,328.0,156.0,330.24,21.0,327.0,13.0,331.13,31.0,329.12,2.240000000000009,169.0,52.0,1.9666036713057513,221,117.0,4.0,0.53
07:32:51,328.0,93.0,338.1,20.0,327.0,11.0,343.05,41.0,333.05,10.100000000000023,104.0,61.0,1.8605456188960579,165,43.0,-56.0,0.26
07:32:52,328.0,48.0,339.0,18.0,327.0,9.0,344.0,36.0,333.5,11.0,57.0,54.0,1.926387811421494,111,3.0,-54.0,0.03
07:32:53,328.0,16.0,339.0,8.0,327.0,4.0,344.0,16.0,333.5,11.0,20.0,24.0,2.135970505412729,44,-4.0,-67.0,-0.09
07:32:54,332.0,56.0,339.0,16.0,328.0,32.0,344.0,32.0,335.5,7.0,88.0,48.0,2.333726633518276,136,40.0,92.0,0.29
07:32:55,332.0,66.0,339.0,22.0,328.0,44.0,344.0,44.0,335.5,7.0,110.0,66.0,1.1918473056528216,176,44.0,40.0,0.25
07:32:56,332.0,48.0,337.3,23.0,328.0,32.0,340.11,18.0,334.65,5.300000000000011,80.0,41.0,1.0022474744252243,121,39.0,-55.0,0.32
07:32:57,332.0,48.0,335.75,24.0,328.0,32.0,341.25,16.0,333.88,3.75,80.0,40.0,0.91524860010366,120,40.0,-1.0,0.33
07:32:58,332.0,36.0,335.0,18.0,328.2,20.0,342.0,12.0,333.5,3.0,56.0,30.0,0.91524860010366,86,26.0,-34.0,0.3
07:32:59,332.0,78.0,333.62,39.0,328.0,52.0,342.98,57.0,332.81,1.6200000000000045,130.0,96.0,1.0404181851505683,226,34.0,140.0,0.15
07:33:00,331.71,55.0,335.56,43.0,328.62,37.0,344.09,130.0,333.63,3.8500000000000227,92.0,173.0,0.6655298640874043,265,-81.0,39.0,-0.31
07:33:01,328.0,28.0,344.0,70.0,327.0,7.0,347.0,28.0,336.0,16.0,35.0,98.0,1.2052924956175786,133,-63.0,-132.0,-0.47
07:33:02,328.0,30.0,344.0,45.0,327.0,9.0,347.0,36.0,336.0,16.0,39.0,81.0,1.5041841642537614,120,-42.0,-13.0,-0.35
07:33:03,328.0,14.0,344.0,44.0,327.0,7.0,347.0,28.0,336.0,16.0,21.0,72.0,1.5500225804779253,93,-51.0,-27.0,-0.55
07:33:04,326.57,28.0,344.0,48.0,325.57,14.0,347.0,24.0,335.29,17.430000000000007,42.0,72.0,1.0275845463956388,114,-30.0,21.0,-0.26
07:33:05,326.0,70.0,344.0,56.0,325.0,35.0,347.0,28.0,335.0,18.0,105.0,84.0,0.4793954526181415,189,21.0,75.0,0.11
07:33:06,326.0,100.0,344.0,80.0,325.0,50.0,347.0,40.0,335.0,18.0,150.0,120.0,0.5087435503189023,270,30.0,81.0,0.11
07:33:07,326.0,80.0,344.0,64.0,325.0,40.0,347.0,32.0,335.0,18.0,120.0,96.0,0.4333820485336377,216,24.0,-54.0,0.11
07:33:08,326.0,110.0,342.91,55.0,325.0,55.0,344.4,40.0,334.45,16.910000000000025,165.0,95.0,0.3054013752284377,260,70.0,44.0,0.27
07:33:09,326.12,102.0,336.56,70.0,325.57,105.0,337.73,64.0,331.34,10.439999999999998,207.0,134.0,1.5932105949911117,341,73.0,81.0,0.21
07:33:10,327.0,14.0,333.09,56.0,326.0,130.0,334.6,47.0,330.04,6.089999999999975,144.0,103.0,2.317429610579912,247,41.0,-94.0,0.17
07:33:11,327.84,19.0,331.09,55.0,326.21,38.0,331.84,43.0,329.47,3.25,57.0,98.0,2.532913342377365,155,-41.0,-92.0,-0.26
07:33:12,326.09,77.0,328.98,56.0,325.67,105.0,330.51,43.0,327.54,2.890000000000043,182.0,99.0,2.5651062356156684,281,83.0,126.0,0.3
07:33:13,325.87,53.0,331.57,28.0,321.27,94.0,339.46,41.0,328.72,5.699999999999989,147.0,69.0,1.4228211412526028,216,78.0,-65.0,0.36
07:33:14,327.0,5.0,331.0,10.0,325.0,25.0,340.0,15.0,329.0,4.0,30.0,25.0,0.9356708823062794,55,5.0,-161.0,0.09
07:33:15,328.33,12.0,339.54,41.0,320.97,104.0,341.53,34.0,333.93,11.210000000000036,116.0,75.0,2.4523804761894294,191,41.0,136.0,0.21
07:33:16,331.0,14.0,341.0,35.0,327.0,7.0,342.0,21.0,336.0,10.0,21.0,56.0,3.6995837603700648,77,-35.0,-114.0,-0.45
07:33:17,326.83,72.0,341.0,60.0,319.11,57.0,342.0,36.0,333.92,14.170000000000016,129.0,96.0,3.266371075060649,225,33.0,148.0,0.15
07:33:18,326.0,102.0,340.26,58.0,318.0,100.0,341.42,36.0,333.13,14.259999999999991,202.0,94.0,2.575661080187402,296,108.0,71.0,0.36
07:33:19,326.0,108.0,340.0,108.0,318.0,120.0,341.0,12.0,333.0,14.0,228.0,120.0,1.2008455354421748,348,108.0,52.0,0.31
07:33:20,326.0,108.0,339.95,83.0,318.0,129.0,341.0,12.0,332.98,13.949999999999989,237.0,95.0,1.2860326589910465,332,142.0,-16.0,0.43
07:33:21,333.64,50.0,338.36,56.0,328.15,78.0,340.88,48.0,336.0,4.720000000000027,128.0,104.0,1.2860326589910465,232,24.0,-100.0,0.1
07:33:22,326.8,80.0,337.64,44.0,320.19,89.0,340.0,42.0,332.22,10.839999999999975,169.0,86.0,1.461157075742337,255,83.0,23.0,0.33
07:33:23,326.0,111.0,335.48,50.0,318.0,140.0,337.96,50.0,330.74,9.480000000000018,251.0,100.0,1.9180510942079652,351,151.0,96.0,0.43
07:33:24,326.0,72.0,331.61,23.0,318.0,140.0,335.54,41.0,328.8,5.610000000000014,212.0,64.0,2.6798731313241544,276,148.0,-75.0,0.54
07:33:25,326.86,42.0,330.0,14.0,323.14,56.0,339.14,42.0,328.43,3.1399999999999864,98.0,56.0,3.070736068110367,154,42.0,-122.0,0.27
07:33:26,327.69,39.0,329.71,17.0,326.0,39.0,339.73,37.0,328.7,2.019999999999982,78.0,54.0,1.645028875125033,132,24.0,-22.0,0.18
07:33:27,328.0,30.0,329.27,22.0,326.0,30.0,338.18,22.0,328.64,1.2699999999999818,60.0,44.0,0.9477446913571322,104,16.0,-28.0,0.15
07:33:28,328.0,33.0,329.64,14.0,326.0,33.0,339.31,29.0,328.82,1.6399999999999864,66.0,43.0,0.15690761611823104,109,23.0,5.0,0.21
07:33:29,327.71,28.0,329.42,12.0,319.75,64.0,340.0,36.0,328.57,1.7100000000000364,92.0,48.0,0.14549914087698013,140,44.0,31.0,0.31
07:33:30,317.43,35.0,334.5,14.0,315.85,59.0,338.85,26.0,325.96,17.069999999999993,94.0,40.0,1.2209914004595999,134,54.0,-6.0,0.4
07:33:31,316.0,120.0,335.5,16.0,315.0,36.0,338.36,22.0,325.75,19.5,156.0,38.0,1.5499580639477664,194,118.0,60.0,0.61
07:33:32,316.0,120.0,335.25,12.0,315.0,36.0,340.45,20.0,325.62,19.25,156.0,32.0,1.6054687788920599,188,124.0,-6.0,0.66
07:33:33,316.97,87.0,337.0,15.0,315.62,80.0,343.0,75.0,326.98,20.029999999999973,167.0,90.0,1.236418214034978,257,77.0,69.0,0.3
07:33:34,317.6,15.0,337.0,7.0,314.17,53.0,342.17,29.0,327.3,19.399999999999977,68.0,36.0,0.7649313694689603,104,32.0,-153.0,0.31
07:33:35,315.0,33.0,337.0,11.0,314.0,121.0,342.0,44.0,326.0,22.0,154.0,55.0,0.760394634382468,209,99.0,105.0,0.47
07:33:36,314.81,37.0,337.0,37.0,313.84,103.0,342.0,40.0,325.91,22.189999999999998,140.0,77.0,0.7327482514463095,217,63.0,8.0,0.29
07:33:37,320.44,18.0,337.0,26.0,314.39,76.0,342.0,44.0,328.72,16.560000000000002,94.0,70.0,1.1440367126964028,164,24.0,-53.0,0.15
07:33:38,318.93,28.0,337.0,14.0,317.84,31.0,342.0,56.0,327.96,18.069999999999993,59.0,70.0,1.2247122110916584,129,-11.0,-35.0,-0.09
07:33:39,321.07,28.0,336.71,14.0,320.16,43.0,341.68,47.0,328.89,15.639999999999986,71.0,61.0,1.4500103447895611,132,10.0,3.0,0.08
07:33:40,323.86,44.0,336.06,31.0,321.14,56.0,338.19,47.0,329.96,12.199999999999989,100.0,78.0,1.5088969481035142,178,22.0,46.0,0.12
07:33:41,327.68,47.0,336.97,58.0,326.1,40.0,338.56,73.0,332.32,9.29000000000002,87.0,131.0,1.6949631264411371,218,-44.0,40.0,-0.2
07:33:42,331.46,98.0,334.22,65.0,328.46,72.0,336.18,85.0,332.84,2.7600000000000477,170.0,150.0,2.125271747328889,320,20.0,102.0,0.06
07:33:43,334.78,27.0,338.78,74.0,333.95,63.0,339.92,61.0,336.78,4.0,90.0,135.0,3.0563573089533747,225,-45.0,-95.0,-0.2
07:33:44,334.09,23.0,339.0,45.0,332.16,61.0,340.0,36.0,336.54,4.910000000000025,84.0,81.0,2.9233063472703784,165,3.0,-60.0,0.02
07:33:45,334.0,10.0,339.44,45.0,332.42,85.0,341.67,45.0,336.72,5.439999999999998,95.0,90.0,2.2549057629954303,185,5.0,20.0,0.03
07:33:46,333.14,37.0,340.0,32.0,332.74,81.0,343.0,40.0,336.57,6.860000000000014,118.0,72.0,1.7079519899543993,190,46.0,5.0,0.24
07:33:47,333.0,72.0,340.0,36.0,332.0,63.0,343.05,41.0,336.5,7.0,135.0,77.0,0.12132600705719784,212,58.0,22.0,0.27
07:33:48,333.0,72.0,339.53,15.0,332.0,63.0,340.79,38.0,336.27,6.529999999999973,135.0,53.0,0.1626345596377313,188,82.0,-24.0,0.44
07:33:49,333.0,88.0,339.0,12.0,332.0,84.0,342.98,57.0,336.0,6.0,172.0,69.0,0.28172681801468047,241,103.0,53.0,0.43
07:33:50,333.0,42.0,339.0,6.0,332.0,42.0,344.0,30.0,336.0,6.0,84.0,36.0,0.26864474681040845,120,48.0,-121.0,0.4
07:33:51,333.0,56.0,338.75,8.0,332.0,56.0,344.0,40.0,335.88,5.75,112.0,48.0,0.2513961017776201,160,64.0,40.0,0.4
07:33:52,333.0,42.0,338.0,6.0,332.0,42.0,345.0,56.0,335.5,5.0,84.0,62.0,0.27964262906290926,146,22.0,-14.0,0.15
07:33:53,333.0,92.0,336.62,16.0,332.0,112.0,344.96,133.0,334.81,3.6200000000000045,204.0,149.0,0.5062805546231927,353,55.0,176.0,0.16
07:33:54,333.0,18.0,336.0,9.0,332.0,63.0,344.0,45.0,334.5,3.0,81.0,54.0,0.6594088261389306,135,27.0,-176.0,0.2
07:33:55,332.39,46.0,334.56,16.0,331.38,91.0,344.68,110.0,333.48,2.170000000000016,137.0,126.0,0.9331559355169393,263,11.0,128.0,0.04
07:33:56,330.43,23.0,332.88,8.0,327.94,32.0,345.0,42.0,331.65,2.4499999999999886,55.0,50.0,1.495683790107883,105,5.0,-158.0,0.05
07:33:57,327.33,18.0,343.96,52.0,326.0,24.0,351.47,59.0,335.65,16.629999999999995,42.0,111.0,1.5345911507601662,153,-69.0,48.0,-0.45
07:33:58,327.0,16.0,341.38,8.0,323.0,8.0,342.94,32.0,334.19,14.379999999999995,24.0,40.0,1.4786243606783835,64,-16.0,-89.0,-0.25
07:33:59,335.0,28.0,339.18,22.0,328.93,28.0,341.57,14.0,337.09,4.180000000000007,56.0,36.0,2.076708934827142,92,20.0,28.0,0.22
07:34:00,335.0,20.0,338.0,50.0,330.0,20.0,339.0,10.0,336.5,3.0,40.0,60.0,2.1747367656776677,100,-20.0,8.0,-0.2
07:34:01,333.5,20.0,336.5,16.0,329.12,17.0,338.64,36.0,335.0,3.0,37.0,52.0,1.1558243811190927,89,-15.0,-11.0,-0.17
07:34:02,330.0,20.0,333.85,20.0,326.2,10.0,334.95,20.0,331.93,3.8500000000000227,30.0,40.0,2.0421973459953042,70,-10.0,-19.0,-0.14
07:34:03,330.0,24.0,332.64,28.0,328.0,12.0,333.3,20.0,331.32,2.6399999999999864,36.0,48.0,2.6262273321232263,84,-12.0,14.0,-0.14
07:34:04,333.35,31.0,340.37,27.0,333.19,47.0,344.21,57.0,336.86,7.019999999999982,78.0,84.0,2.5679992211819678,162,-6.0,78.0,-0.04
07:34:06,334.6,30.0,343.0,21.0,331.94,31.0,345.68,37.0,338.8,8.399999999999977,61.0,58.0,3.9467074885262416,119,3.0,-1.0,0.03
07:34:07,334.0,36.0,343.0,12.0,330.0,24.0,345.0,24.0,338.5,9.0,60.0,36.0,3.4051549157104626,96,24.0,-23.0,0.25
07:34:08,334.0,21.0,343.0,7.0,330.0,14.0,345.0,14.0,338.5,9.0,35.0,21.0,1.1012719918280256,56,14.0,-40.0,0.25
07:34:09,334.0,21.0,343.0,7.0,330.0,14.0,345.0,14.0,338.5,9.0,35.0,21.0,0.6241153739368906,56,14.0,0.0,0.25
07:34:10,331.23,26.0,342.07,30.0,328.46,13.0,344.27,11.0,336.65,10.839999999999975,39.0,41.0,0.8706319543787464,80,-2.0,24.0,-0.03
07:34:11,321.61,31.0,341.86,28.0,319.69,13.0,344.0,7.0,331.74,20.25,44.0,35.0,2.9280403002669475,79,9.0,-1.0,0.11
07:34:12,322.48,94.0,338.66,50.0,321.66,38.0,339.89,35.0,330.57,16.180000000000007,132.0,85.0,3.784530353952762,217,47.0,138.0,0.22
07:34:13,326.22,106.0,336.07,60.0,324.69,108.0,339.0,45.0,331.14,9.849999999999966,214.0,105.0,3.6032138432227696,319,109.0,102.0,0.34
07:34:14,328.72,81.0,335.28,43.0,327.85,92.0,336.95,41.0,332.0,6.559999999999945,173.0,84.0,2.4286107139668016,257,89.0,-62.0,0.35
07:34:15,330.0,17.0,332.67,52.0,329.0,119.0,334.04,67.0,331.34,2.670000000000016,136.0,119.0,0.5538230764387672,255,17.0,-2.0,0.07
07:34:16,329.52,73.0,334.3,46.0,328.21,101.0,335.59,32.0,331.91,4.78000000000003,174.0,78.0,0.587341467969063,252,96.0,-3.0,0.38
07:34:17,330.0,77.0,337.76,37.0,328.0,88.0,339.3,44.0,333.88,7.759999999999991,165.0,81.0,1.0843338969132335,246,84.0,-6.0,0.34
07:34:18,330.4,105.0,334.26,38.0,328.0,120.0,335.77,52.0,332.33,3.8600000000000136,225.0,90.0,0.956645179779144,315,135.0,69.0,0.43
07:34:19,331.0,76.0,333.25,32.0,328.0,96.0,337.0,44.0,332.12,2.25,172.0,76.0,0.9489625914621895,248,96.0,-67.0,0.39
07:34:20,331.0,60.0,333.92,48.0,328.0,96.0,345.0,36.0,332.46,2.920000000000016,156.0,84.0,0.777721029672136,240,72.0,-8.0,0.3
07:34:21,331.0,42.0,332.0,40.0,328.0,80.0,345.0,30.0,331.5,1.0,122.0,70.0,0.8761392583342094,192,52.0,-48.0,0.27
07:34:22,328.86,28.0,332.0,48.0,326.38,42.0,342.16,58.0,330.43,3.1399999999999864,70.0,106.0,0.8337685530142375,176,-36.0,-16.0,-0.2
07:34:23,328.0,30.0,331.0,24.0,324.0,30.0,342.14,29.0,329.5,3.0,60.0,53.0,1.2254468572713726,113,7.0,-63.0,0.06
07:34:24,328.0,60.0,330.08,48.0,323.15,78.0,343.0,70.0,329.04,2.079999999999984,138.0,118.0,1.4089996451373372,256,20.0,143.0,0.08
07:34:25,324.1,80.0,329.92,39.0,320.92,100.0,340.74,69.0,327.01,5.819999999999993,180.0,108.0,1.6790265036618095,288,72.0,32.0,0.25
07:34:26,322.19,129.0,328.0,13.0,316.21,58.0,330.0,52.0,325.09,5.810000000000002,187.0,65.0,2.148006052133171,252,122.0,-36.0,0.48
07:34:27,322.28,87.0,328.25,20.0,318.5,113.0,331.96,81.0,325.26,5.970000000000027,200.0,101.0,2.057024550170027,301,99.0,49.0,0.33
07:34:28,324.33,36.0,339.0,60.0,322.0,132.0,341.0,48.0,331.67,14.670000000000016,168.0,108.0,2.7731444246561807,276,60.0,-25.0,0.22
07:34:29,326.0,33.0,339.0,55.0,322.0,121.0,341.0,44.0,332.5,13.0,154.0,99.0,3.5428279664698223,253,55.0,-23.0,0.22
07:34:30,326.4,25.0,338.71,42.0,320.71,91.0,340.23,39.0,332.56,12.310000000000002,116.0,81.0,3.8878953175206714,197,35.0,-56.0,0.18
07:34:31,327.92,39.0,338.0,28.0,323.97,29.0,339.24,25.0,332.96,10.079999999999984,68.0,53.0,3.2373291460703824,121,15.0,-76.0,0.12
07:34:32,332.62,48.0,338.0,44.0,328.75,48.0,340.0,33.0,335.31,5.3799999999999955,96.0,77.0,1.3738813631438203,173,19.0,52.0,0.11
07:34:33,334.0,20.0,338.0,20.0,330.0,15.0,340.0,15.0,336.0,4.0,35.0,35.0,1.6606866049898468,70,0.0,-103.0,0.0
07:34:34,330.84,19.0,338.0,24.0,328.18,33.0,340.0,18.0,334.42,7.160000000000025,52.0,42.0,1.4777685881057923,94,10.0,24.0,0.11
07:34:35,330.0,9.0,338.0,12.0,328.0,18.0,340.0,9.0,334.0,8.0,27.0,21.0,1.1754658650900172,48,6.0,-46.0,0.12
07:34:36,330.0,19.0,337.43,28.0,328.0,42.0,338.7,23.0,333.71,7.430000000000007,61.0,51.0,0.9499842103906913,112,10.0,64.0,0.09
07:34:37,330.0,13.0,335.23,52.0,328.0,78.0,336.62,52.0,332.62,5.230000000000018,91.0,104.0,1.2300812981231652,195,-13.0,83.0,-0.07
07:34:38,330.0,11.0,331.56,36.0,328.0,66.0,332.55,44.0,330.78,1.5600000000000023,77.0,80.0,1.460917519914743,157,-3.0,-38.0,-0.02
07:34:39,328.11,38.0,331.45,22.0,322.08,78.0,332.12,32.0,329.78,3.339999999999975,116.0,54.0,1.8416622926028503,170,62.0,13.0,0.36
07:34:40,327.0,48.0,330.27,22.0,319.76,98.0,331.3,40.0,328.64,3.269999999999982,146.0,62.0,2.0626875672279406,208,84.0,38.0,0.4
07:34:41,320.9,83.0,328.0,56.0,317.61,166.0,330.18,68.0,324.45,7.100000000000023,249.0,124.0,3.0573975861832987,373,125.0,165.0,0.34
07:34:42,321.24,149.0,325.83,46.0,319.15,220.0,327.22,36.0,323.53,4.589999999999975,369.0,82.0,3.251896369812864,451,287.0,78.0,0.64
07:34:43,322.78,55.0,324.0,34.0,321.74,106.0,325.0,60.0,323.39,1.2200000000000273,161.0,94.0,3.0234367861763203,255,67.0,-176.0,0.26
07:34:44,323.83,18.0,325.0,24.0,319.0,60.0,336.0,12.0,324.42,1.170000000000016,78.0,36.0,2.155024361812576,114,42.0,-141.0,0.37
07:34:45,324.81,62.0,335.6,20.0,317.85,134.0,337.83,48.0,330.2,10.79000000000002,196.0,68.0,2.838832506507783,264,128.0,150.0,0.48
07:34:46,328.0,56.0,334.71,14.0,318.0,140.0,338.0,28.0,331.36,6.7099999999999795,196.0,42.0,3.8761127434587617,238,154.0,-26.0,0.65
07:34:47,328.0,36.0,332.44,9.0,317.67,90.0,338.0,18.0,330.22,4.439999999999998,126.0,27.0,3.7112289069796685,153,99.0,-85.0,0.65
07:34:48,328.0,44.0,331.0,11.0,317.31,65.0,340.77,62.0,329.5,3.0,109.0,73.0,2.721506935504606,182,36.0,29.0,0.2
07:34:49,328.0,48.0,330.0,22.0,319.17,24.0,337.2,54.0,329.0,2.0,72.0,76.0,0.8905503916109081,148,-4.0,-34.0,-0.03
07:34:50,317.0,154.0,328.08,24.0,315.0,28.0,329.28,32.0,322.54,11.079999999999984,182.0,56.0,3.46073402618587,238,126.0,90.0,0.53
07:34:51,318.39,69.0,325.1,21.0,318.22,127.0,328.0,63.0,321.74,6.710000000000036,196.0,84.0,4.104192977919493,280,112.0,42.0,0.4
07:34:52,320.21,28.0,323.27,26.0,318.0,126.0,332.34,58.0,321.74,3.0600000000000023,154.0,84.0,3.9846806647467115,238,70.0,-42.0,0.29
07:34:53,321.84,75.0,323.0,40.0,317.06,68.0,324.0,39.0,322.42,1.160000000000025,143.0,79.0,3.103726792101474,222,64.0,-16.0,0.29
07:34:54,323.11,98.0,333.21,28.0,321.76,86.0,335.17,64.0,328.16,10.099999999999966,184.0,92.0,2.731153602419455,276,92.0,54.0,0.33
07:34:55,326.8,54.0,336.0,20.0,324.17,86.0,337.0,20.0,331.4,9.199999999999989,140.0,40.0,4.438887247949167,180,100.0,-96.0,0.56
07:34:56,329.25,53.0,336.0,18.0,328.18,61.0,337.0,18.0,332.62,6.75,114.0,36.0,5.0143514037213235,150,78.0,-30.0,0.52
07:34:57,334.0,20.0,336.0,20.0,330.8,90.0,337.0,20.0,335.0,2.0,110.0,40.0,4.864010690777452,150,70.0,0.0,0.47
07:34:58,332.12,41.0,336.0,26.0,330.84,91.0,337.0,26.0,334.06,3.8799999999999955,132.0,52.0,2.66580569434334,184,80.0,34.0,0.43
07:34:59,333.0,28.0,335.96,24.0,331.0,105.0,337.29,31.0,334.48,2.9599999999999795,133.0,55.0,1.4754389177432334,188,78.0,4.0,0.41
07:35:00,331.0,102.0,336.78,23.0,330.0,85.0,339.38,56.0,333.89,5.779999999999973,187.0,79.0,0.8874119674595546,266,108.0,78.0,0.41
07:35:01,331.0,42.0,336.0,13.0,330.0,65.0,337.0,39.0,333.5,5.0,107.0,52.0,0.5751347668070067,159,55.0,-107.0,0.35
07:35:02,330.32,31.0,335.08,39.0,328.9,50.0,336.5,18.0,332.7,4.759999999999991,81.0,57.0,0.6728149819905596,138,24.0,-21.0,0.17
07:35:03,330.0,42.0,333.64,56.0,328.0,56.0,338.13,38.0,331.82,3.6399999999999864,98.0,94.0,1.0402499699551555,192,4.0,54.0,0.02
07:35:04,330.97,115.0,332.11,76.0,329.86,58.0,341.96,48.0,331.54,1.1399999999999864,173.0,124.0,1.0217142457618194,297,49.0,105.0,0.16
07:35:05,330.28,29.0,333.91,22.0,328.35,34.0,342.26,23.0,332.09,3.6300000000000523,63.0,45.0,0.782240372259872,108,18.0,-176.0,0.17
07:35:06,330.0,24.0,335.0,16.0,328.0,32.0,343.67,18.0,332.5,5.0,56.0,34.0,0.4763402145458559,90,22.0,-18.0,0.24
07:35:07,332.57,42.0,335.0,28.0,329.15,47.0,342.0,17.0,333.79,2.430000000000007,89.0,45.0,0.8804373912966392,134,44.0,44.0,0.33
07:35:08,334.0,36.0,335.0,24.0,330.0,36.0,340.5,32.0,334.5,1.0,72.0,56.0,1.2264297778480004,128,16.0,-6.0,0.12
07:35:09,334.0,27.0,335.0,18.0,330.0,27.0,338.0,27.0,334.5,1.0,54.0,45.0,1.1257575227335948,99,9.0,-29.0,0.09
07:35:10,334.0,27.0,335.0,18.0,330.0,27.0,338.0,27.0,334.5,1.0,54.0,45.0,0.8711027493874923,99,9.0,0.0,0.09
07:35:11,334.0,27.0,335.0,18.0,328.33,18.0,338.0,27.0,334.5,1.0,45.0,45.0,0.3175216527889219,90,0.0,-9.0,0.0
07:35:12,334.0,30.0,335.0,20.0,329.0,10.0,342.0,10.0,334.5,1.0,40.0,30.0,0.0,70,10.0,-20.0,0.14
07:35:13,334.0,24.0,335.0,16.0,329.0,8.0,342.0,8.0,334.5,1.0,32.0,24.0,0.0,56,8.0,-14.0,0.14
07:35:14,334.0,36.0,335.0,24.0,329.0,12.0,342.0,12.0,334.5,1.0,48.0,36.0,0.0,84,12.0,28.0,0.14
07:35:15,333.67,18.0,335.0,10.0,332.2,15.0,342.0,5.0,334.33,1.329999999999984,33.0,15.0,0.07602631116689597,48,18.0,-36.0,0.38
07:35:16,333.0,54.0,334.38,26.0,329.0,9.0,337.0,16.0,333.69,1.3799999999999955,63.0,42.0,0.3510413080962041,105,21.0,57.0,0.2
07:35:17,333.0,32.0,334.85,26.0,329.0,10.0,338.38,13.0,333.92,1.8500000000000227,42.0,39.0,0.36560908083643784,81,3.0,-24.0,0.04
07:35:18,330.44,36.0,336.64,28.0,328.0,20.0,339.77,13.0,333.54,6.199999999999989,56.0,41.0,0.4101585059344136,97,15.0,16.0,0.15
07:35:19,332.0,56.0,335.15,66.0,328.0,56.0,335.97,39.0,333.58,3.1499999999999773,112.0,105.0,0.3250692233826925,217,7.0,120.0,0.03
07:35:20,330.0,48.0,334.0,70.0,327.75,32.0,335.0,42.0,332.0,4.0,80.0,112.0,0.766798539377399,192,-32.0,-25.0,-0.17
07:35:21,326.72,50.0,333.49,53.0,322.92,50.0,335.59,46.0,330.11,6.769999999999982,100.0,99.0,1.5923253436381404,199,1.0,7.0,0.01
07:35:22,328.0,44.0,332.88,51.0,322.08,111.0,334.0,51.0,330.44,4.8799999999999955,155.0,102.0,1.6471126251696537,257,53.0,58.0,0.21
07:35:23,326.96,26.0,331.6,60.0,323.27,90.0,333.2,60.0,329.28,4.640000000000043,116.0,120.0,1.7093039519039284,236,-4.0,-21.0,-0.02
07:35:24,328.0,15.0,330.27,45.0,325.0,45.0,331.33,45.0,329.13,2.269999999999982,60.0,90.0,1.150725857880829,150,-30.0,-86.0,-0.2
07:35:25,320.5,30.0,329.0,30.0,317.45,76.0,337.57,37.0,324.75,8.5,106.0,67.0,2.298405969361689,173,39.0,23.0,0.23
07:35:26,317.0,126.0,328.04,26.0,315.0,182.0,336.1,31.0,322.52,11.04000000000002,308.0,57.0,3.407745589095443,365,251.0,176.0,0.69
07:35:27,317.0,63.0,328.0,7.0,314.91,79.0,334.4,15.0,322.5,11.0,142.0,22.0,3.384365523994342,164,120.0,-176.0,0.73
07:35:28,317.0,63.0,327.0,7.0,299.86,7.0,328.0,7.0,322.0,10.0,70.0,14.0,2.9647006594264425,84,56.0,-80.0,0.67
07:35:29,317.0,108.0,327.0,12.0,286.33,12.0,328.0,12.0,322.0,10.0,120.0,24.0,1.1445872618571598,144,96.0,60.0,0.67
07:35:30,322.65,52.0,333.29,14.0,318.58,59.0,337.68,25.0,327.97,10.640000000000043,111.0,39.0,2.5685248684808926,150,72.0,6.0,0.48
07:35:31,333.43,47.0,337.66,35.0,328.76,51.0,376.9,42.0,335.54,4.230000000000018,98.0,77.0,5.89793353641774,175,21.0,25.0,0.12
07:35:32,334.59,51.0,336.98,49.0,333.0,34.0,340.66,35.0,335.78,2.390000000000043,85.0,84.0,6.841346358721875,169,1.0,-6.0,0.01
07:35:33,329.91,33.0,335.46,13.0,322.07,56.0,340.56,27.0,332.69,5.5499999999999545,89.0,40.0,5.837142280259575,129,49.0,-40.0,0.38
07:35:34,328.35,106.0,333.14,14.0,322.2,60.0,337.5,40.0,330.75,4.789999999999964,166.0,54.0,3.301852510332877,220,112.0,91.0,0.51
07:35:35,329.0,132.0,333.0,12.0,327.0,36.0,340.17,24.0,331.0,4.0,168.0,36.0,2.409516549017822,204,132.0,-16.0,0.65
07:35:36,329.0,132.0,331.47,15.0,327.0,45.0,342.07,30.0,330.23,2.4700000000000273,177.0,45.0,2.2593915110029443,222,132.0,18.0,0.59
07:35:37,329.0,48.0,330.33,6.0,327.0,18.0,342.0,12.0,329.67,1.329999999999984,66.0,18.0,1.1394384581862718,84,48.0,-138.0,0.57
07:35:38,329.0,52.0,330.0,8.0,327.0,24.0,337.0,16.0,329.5,1.0,76.0,24.0,0.6537966044534148,100,52.0,16.0,0.52
07:35:39,329.0,40.0,335.57,35.0,327.0,30.0,340.0,40.0,332.29,6.569999999999993,70.0,75.0,1.1411266362654042,145,-5.0,45.0,-0.03
07:35:40,329.0,44.0,336.29,28.0,327.0,33.0,340.6,40.0,332.64,7.2900000000000205,77.0,68.0,1.489607330806992,145,9.0,0.0,0.06
07:35:41,329.66,35.0,340.43,42.0,329.22,23.0,341.79,57.0,335.04,10.769999999999982,58.0,99.0,2.3057688522470516,157,-41.0,12.0,-0.26
07:35:42,334.0,12.0,341.64,55.0,330.0,36.0,396.25,60.0,337.82,7.639999999999986,48.0,115.0,3.13164812838072,163,-67.0,6.0,-0.41
07:35:43,334.0,14.0,339.32,62.0,330.0,42.0,420.32,38.0,336.66,5.319999999999993,56.0,100.0,2.4270764306029906,156,-44.0,-7.0,-0.28
07:35:44,329.38,26.0,338.0,45.0,328.25,32.0,339.0,9.0,333.69,8.620000000000005,58.0,54.0,2.112510355001416,112,4.0,-44.0,0.04
07:35:45,330.31,114.0,338.0,70.0,329.22,46.0,340.29,14.0,334.15,7.689999999999998,160.0,84.0,1.734522989178226,244,76.0,132.0,0.31
07:35:46,331.0,105.0,336.47,75.0,330.0,30.0,340.2,15.0,333.73,5.470000000000027,135.0,90.0,1.9065020325161328,225,45.0,-19.0,0.2
07:35:47,331.79,98.0,335.36,70.0,330.0,28.0,338.36,14.0,333.57,3.569999999999993,126.0,84.0,1.3042239071529964,210,42.0,-15.0,0.2
07:35:48,332.68,53.0,335.0,55.0,331.62,52.0,339.0,11.0,333.84,2.319999999999993,105.0,66.0,0.220181743090121,171,39.0,-39.0,0.23
07:35:49,332.28,65.0,336.39,23.0,331.14,37.0,343.21,19.0,334.33,4.110000000000014,102.0,42.0,0.31061229851701977,144,60.0,-27.0,0.42
07:35:50,332.38,112.0,338.0,32.0,330.0,32.0,340.75,16.0,335.19,5.6200000000000045,144.0,48.0,0.655987804756867,192,96.0,48.0,0.5
07:35:51,334.46,91.0,337.0,26.0,330.0,26.0,341.46,13.0,335.73,2.5400000000000205,117.0,39.0,0.9101208710875673,156,78.0,-36.0,0.5
07:35:52,335.74,54.0,339.0,18.0,330.0,24.0,343.67,18.0,337.37,3.259999999999991,78.0,36.0,1.374234332269462,114,42.0,-42.0,0.37
07:35:53,336.0,33.0,343.0,11.0,332.08,91.0,344.0,22.0,339.5,7.0,124.0,33.0,2.0460889521197148,157,91.0,43.0,0.58
07:35:54,336.0,35.0,343.0,13.0,332.0,273.0,344.0,26.0,339.5,7.0,308.0,39.0,2.0295984824552633,347,269.0,176.0,0.78
07:35:55,334.59,34.0,343.0,13.0,332.13,193.0,344.0,26.0,338.79,8.410000000000025,227.0,39.0,1.6213790426619936,266,188.0,-81.0,0.71
07:35:56,333.0,52.0,343.0,13.0,332.0,273.0,344.0,26.0,338.0,10.0,325.0,39.0,0.9386000212991514,364,286.0,98.0,0.79
07:35:57,333.0,52.0,343.0,13.0,332.0,273.0,344.0,26.0,338.0,10.0,325.0,39.0,0.7502133029895902,364,286.0,0.0,0.79
07:35:58,332.11,188.0,343.0,13.0,331.74,121.0,344.0,26.0,337.55,10.889999999999986,309.0,39.0,0.7745127500456022,348,270.0,-16.0,0.78
07:35:59,332.0,226.0,342.43,21.0,330.0,24.0,343.86,21.0,337.21,10.430000000000007,250.0,42.0,0.5937592104413811,292,208.0,-56.0,0.71
07:36:00,332.0,154.0,342.0,44.0,330.0,22.0,343.96,23.0,337.0,10.0,176.0,67.0,0.4536187826628617,243,109.0,-49.0,0.45
07:36:01,332.25,80.0,339.53,60.0,331.87,150.0,344.64,22.0,335.89,7.279999999999973,230.0,82.0,0.7896518219982854,312,148.0,69.0,0.47
07:36:02,334.0,8.0,338.8,30.0,332.0,112.0,342.6,20.0,336.4,4.800000000000011,120.0,50.0,0.6629856710259355,170,70.0,-142.0,0.41
07:36:03,334.0,9.0,338.0,27.0,332.0,126.0,339.0,36.0,336.0,4.0,135.0,63.0,0.5886849751660007,198,72.0,28.0,0.36
07:36:04,332.49,37.0,335.56,41.0,331.94,130.0,337.82,34.0,334.02,3.069999999999993,167.0,75.0,1.1177298421296784,242,92.0,44.0,0.38
07:36:05,332.0,116.0,333.33,36.0,330.0,18.0,345.11,18.0,332.67,1.329999999999984,134.0,54.0,1.5922719616913952,188,80.0,-54.0,0.43
07:36:06,332.0,32.0,346.0,8.0,330.0,8.0,350.0,4.0,339.0,14.0,40.0,12.0,2.4207271634753886,52,28.0,-136.0,0.54
07:36:07,333.02,65.0,346.0,30.0,331.83,96.0,350.0,15.0,339.51,12.980000000000018,161.0,45.0,3.0017245043452263,206,116.0,154.0,0.56
07:36:08,334.0,39.0,344.94,16.0,332.0,104.0,347.74,23.0,339.47,10.939999999999998,143.0,39.0,3.316945884392073,182,104.0,-24.0,0.57
07:36:09,334.0,36.0,342.67,12.0,332.0,96.0,348.0,24.0,338.33,8.670000000000016,132.0,36.0,2.9047684933543434,168,96.0,-14.0,0.57
07:36:10,334.0,31.0,340.47,17.0,332.0,136.0,348.94,34.0,337.24,6.470000000000027,167.0,51.0,0.9496051811055779,218,116.0,50.0,0.53
07:36:11,334.0,10.0,339.3,10.0,332.0,80.0,343.64,44.0,336.65,5.300000000000011,90.0,54.0,1.2905425215712099,144,36.0,-74.0,0.25
07:36:12,332.55,29.0,337.76,17.0,329.61,46.0,349.56,32.0,335.16,5.2099999999999795,75.0,49.0,1.6394358785828906,124,26.0,-20.0,0.21
07:36:13,331.82,17.0,337.0,7.0,329.33,18.0,349.29,7.0,334.41,5.180000000000007,35.0,14.0,1.5797056687834277,49,21.0,-75.0,0.43
07:36:14,329.0,41.0,336.82,11.0,328.0,66.0,349.0,11.0,332.91,7.819999999999993,107.0,22.0,1.7397212420351549,129,85.0,80.0,0.66
07:36:15,328.25,48.0,334.73,15.0,325.39,69.0,343.43,37.0,331.49,6.480000000000018,117.0,52.0,1.9967173059775434,169,65.0,40.0,0.38
07:36:16,328.0,33.0,329.45,11.0,324.0,45.0,331.13,23.0,328.73,1.4499999999999886,78.0,34.0,2.555229930944134,112,44.0,-57.0,0.39
07:36:17,328.0,9.0,335.11,9.0,324.0,45.0,344.8,15.0,331.56,7.110000000000014,54.0,24.0,2.098856831704791,78,30.0,-34.0,0.38
07:36:18,329.0,80.0,340.21,42.0,328.0,16.0,342.19,16.0,334.61,11.20999999999998,96.0,58.0,2.1615272378561015,154,38.0,76.0,0.25
07:36:19,329.05,58.0,338.0,42.0,328.58,26.0,342.0,19.0,333.53,8.949999999999989,84.0,61.0,2.252682844963673,145,23.0,-9.0,0.16
07:36:20,330.0,15.0,335.92,39.0,329.0,75.0,339.56,63.0,332.96,5.920000000000016,90.0,102.0,2.2679660491271068,192,-12.0,47.0,-0.06
07:36:21,331.33,60.0,334.7,20.0,329.31,36.0,335.95,44.0,333.02,3.3700000000000045,96.0,64.0,1.1018302954593926,160,32.0,-32.0,0.2
07:36:22,330.28,58.0,333.41,51.0,323.0,37.0,335.0,17.0,331.84,3.1300000000000523,95.0,68.0,1.00452476325478,163,27.0,3.0,0.17
07:36:23,327.76,41.0,332.16,19.0,321.48,25.0,333.04,49.0,329.96,4.400000000000034,66.0,68.0,1.4271369941226033,134,-2.0,-29.0,-0.01
07:36:24,328.0,14.0,332.82,11.0,318.92,13.0,337.2,15.0,330.41,4.819999999999993,27.0,26.0,1.416163832328053,53,1.0,-81.0,0.02
07:36:25,328.0,14.0,333.0,21.0,318.0,35.0,340.0,21.0,330.5,5.0,49.0,42.0,1.2608647825975279,91,7.0,38.0,0.08
07:36:26,326.28,29.0,331.5,38.0,317.95,63.0,339.44,48.0,328.89,5.220000000000027,92.0,86.0,1.0636493783178138,178,6.0,87.0,0.03
07:36:27,318.92,61.0,329.27,45.0,317.27,70.0,340.0,60.0,324.09,10.349999999999966,131.0,105.0,2.693297235731373,236,26.0,58.0,0.11
07:36:28,318.67,87.0,326.33,54.0,315.58,96.0,336.0,54.0,322.5,7.659999999999968,183.0,108.0,3.734363399563641,291,75.0,55.0,0.26
07:36:29,316.0,71.0,319.82,17.0,309.63,38.0,323.62,39.0,317.91,3.819999999999993,109.0,56.0,5.0616667215457865,165,53.0,-126.0,0.32
07:36:30,316.0,16.0,317.0,8.0,312.0,40.0,321.0,24.0,316.5,1.0,56.0,32.0,4.976592207525984,88,24.0,-77.0,0.27
07:36:31,316.0,10.0,320.27,11.0,312.0,25.0,327.0,15.0,318.14,4.269999999999982,35.0,26.0,3.2752053370761107,61,9.0,-27.0,0.15
07:36:32,316.0,10.0,321.0,12.0,312.0,25.0,331.0,15.0,318.5,5.0,35.0,27.0,2.250399964453821,62,8.0,1.0,0.13
07:36:33,316.0,14.0,321.0,14.0,312.0,35.0,331.0,21.0,318.5,5.0,49.0,35.0,0.8272242743144658,84,14.0,22.0,0.17
07:36:34,316.0,16.0,321.0,16.0,308.3,33.0,331.0,24.0,318.5,5.0,49.0,40.0,0.8682856672863503,89,9.0,5.0,0.1
07:36:35,316.1,20.0,321.0,20.0,307.9,20.0,331.0,30.0,318.55,4.899999999999977,40.0,50.0,0.1679880948586389,90,-10.0,1.0,-0.11
07:36:36,318.62,26.0,321.0,26.0,310.18,34.0,331.0,39.0,319.81,2.3799999999999955,60.0,65.0,0.5806634137033883,125,-5.0,35.0,-0.04
07:36:37,319.0,14.0,320.21,19.0,307.0,14.0,324.75,16.0,319.61,1.2099999999999795,28.0,35.0,0.6577461516522238,63,-7.0,-62.0,-0.11
07:36:38,320.86,28.0,328.94,34.0,305.64,50.0,331.0,24.0,324.9,8.079999999999984,78.0,58.0,2.6540214769310397,136,20.0,73.0,0.15
07:36:39,333.0,14.0,334.79,42.0,319.1,73.0,336.0,14.0,333.89,1.7900000000000205,87.0,56.0,6.3846158850792625,143,31.0,7.0,0.22
07:36:40,330.5,42.0,334.74,35.0,326.08,97.0,335.64,14.0,332.62,4.240000000000009,139.0,49.0,6.824531485750669,188,90.0,45.0,0.48
07:36:41,324.34,94.0,331.0,17.0,310.18,68.0,333.7,47.0,327.67,6.660000000000025,162.0,64.0,5.826754671341482,226,98.0,38.0,0.43
07:36:42,312.2,40.0,322.25,12.0,309.67,48.0,331.56,18.0,317.23,10.050000000000011,88.0,30.0,6.690012705518614,118,58.0,-108.0,0.49
07:36:43,311.0,48.0,321.0,12.0,307.74,46.0,326.0,12.0,316.0,10.0,94.0,24.0,8.432625332599754,118,70.0,0.0,0.59
07:36:44,307.8,120.0,330.56,32.0,305.8,60.0,493.54,24.0,319.18,22.75999999999999,180.0,56.0,7.248803349519665,236,124.0,118.0,0.53
07:36:45,320.76,25.0,333.0,40.0,318.36,50.0,513.46,26.0,326.88,12.240000000000009,75.0,66.0,5.4959139367360175,141,9.0,-95.0,0.06
07:36:46,329.0,12.0,333.0,48.0,311.0,12.0,429.77,44.0,331.0,4.0,24.0,92.0,6.547955406079689,116,-68.0,-25.0,-0.59
07:36:47,329.0,10.0,333.0,40.0,311.0,10.0,498.38,29.0,331.0,4.0,20.0,69.0,6.8961960528979,89,-49.0,-27.0,-0.55
07:36:48,329.81,26.0,333.0,32.0,317.75,8.0,377.15,33.0,331.4,3.1899999999999977,34.0,65.0,5.209330091288177,99,-31.0,10.0,-0.31
07:36:49,330.36,77.0,333.0,44.0,329.0,11.0,372.67,24.0,331.68,2.6399999999999864,88.0,68.0,1.9842177299876609,156,20.0,57.0,0.13
07:36:50,331.73,64.0,342.45,40.0,329.32,19.0,411.79,29.0,337.09,10.71999999999997,83.0,69.0,2.6186217749027096,152,14.0,-4.0,0.09
07:36:53,327.89,36.0,364.96,27.0,324.0,54.0,397.46,37.0,346.43,37.06999999999999,90.0,64.0,29.278764488959546,154,26.0,-38.0,0.17
07:36:54,328.97,111.0,333.0,9.0,325.0,24.0,336.0,27.0,330.99,4.029999999999973,135.0,36.0,29.43539315178173,171,99.0,17.0,0.58
07:36:55,329.0,248.0,333.68,19.0,328.56,32.0,344.9,49.0,331.34,4.680000000000007,280.0,68.0,30.544178987164816,348,212.0,176.0,0.61
07:36:56,329.93,166.0,338.28,72.0,329.83,128.0,387.35,88.0,334.1,8.349999999999966,294.0,160.0,30.31488132914216,454,134.0,106.0,0.3
07:36:57,330.3,54.0,335.43,35.0,329.68,31.0,337.0,21.0,332.86,5.1299999999999955,85.0,56.0,6.43052330685397,141,29.0,-176.0,0.21
07:36:58,330.0,110.0,333.39,49.0,328.0,11.0,334.62,39.0,331.69,3.3899999999999864,121.0,88.0,1.275668452222731,209,33.0,68.0,0.16
07:36:59,330.0,50.0,333.0,25.0,328.0,5.0,334.0,15.0,331.5,3.0,55.0,40.0,1.1712471985008917,95,15.0,-114.0,0.16
07:37:00,330.0,80.0,332.93,28.0,328.0,8.0,334.0,24.0,331.46,2.930000000000007,88.0,52.0,1.1477020519264352,140,36.0,45.0,0.26
07:37:01,330.0,70.0,336.29,28.0,328.0,10.0,364.45,29.0,333.14,6.2900000000000205,80.0,57.0,0.8050465825009133,137,23.0,-3.0,0.17
07:37:02,331.76,17.0,339.57,35.0,329.97,71.0,340.6,40.0,335.67,7.810000000000002,88.0,75.0,1.803599179417558,163,13.0,26.0,0.08
07:37:03,333.0,8.0,337.38,32.0,330.0,56.0,339.0,24.0,335.19,4.3799999999999955,64.0,56.0,1.987327350990453,120,8.0,-43.0,0.07
07:37:04,330.08,37.0,335.42,36.0,328.88,16.0,336.65,34.0,332.75,5.340000000000032,53.0,70.0,1.7548418732166104,123,-17.0,3.0,-0.14
07:37:05,329.64,28.0,331.32,63.0,327.06,16.0,341.88,59.0,330.48,1.6800000000000068,44.0,122.0,2.0834418638384355,166,-78.0,43.0,-0.47
07:37:06,320.0,51.0,331.0,21.0,319.0,60.0,353.22,27.0,325.5,11.0,111.0,48.0,4.14530698501288,159,63.0,-7.0,0.4
07:37:07,320.0,24.0,345.0,20.0,319.0,48.0,383.55,22.0,332.5,25.0,72.0,42.0,3.6395645343910803,114,30.0,-45.0,0.26
07:37:08,320.0,27.0,347.0,27.0,319.0,54.0,471.1,20.0,333.5,27.0,81.0,47.0,3.243004779521271,128,34.0,14.0,0.27
07:37:09,321.64,28.0,346.0,40.0,319.92,25.0,347.0,24.0,333.82,24.360000000000014,53.0,64.0,3.4221630586512894,117,-11.0,-11.0,-0.09
07:37:10,324.06,34.0,345.59,39.0,323.2,40.0,346.32,38.0,334.82,21.529999999999973,74.0,77.0,3.7420208444096756,151,-3.0,34.0,-0.02
07:37:11,325.0,46.0,341.31,65.0,324.0,78.0,342.92,26.0,333.15,16.310000000000002,124.0,91.0,0.8588480657221544,215,33.0,64.0,0.15
07:37:12,325.6,40.0,339.65,72.0,324.34,58.0,343.13,30.0,332.63,14.049999999999955,98.0,102.0,0.8198963349074458,200,-4.0,-15.0,-0.02
07:37:13,329.46,74.0,337.25,80.0,328.48,80.0,340.0,32.0,333.35,7.7900000000000205,154.0,112.0,0.8264562904320448,266,42.0,66.0,0.16
07:37:14,332.26,78.0,335.0,80.0,329.26,92.0,339.62,32.0,333.63,2.740000000000009,170.0,112.0,0.8154630586327886,282,58.0,16.0,0.21
07:37:15,332.73,22.0,337.22,23.0,329.2,60.0,345.75,24.0,334.97,4.490000000000009,82.0,47.0,0.8759452037626076,129,35.0,-153.0,0.27
07:37:16,332.0,26.0,337.38,13.0,329.0,104.0,339.0,26.0,334.69,5.3799999999999955,130.0,39.0,0.9678222977356298,169,91.0,40.0,0.54
07:37:17,332.0,24.0,335.08,39.0,329.0,96.0,338.13,15.0,333.54,3.079999999999984,120.0,54.0,0.738498476636217,174,66.0,5.0,0.38
07:37:18,332.0,18.0,336.0,9.0,329.17,48.0,343.0,18.0,334.0,4.0,66.0,27.0,0.6379106520460648,93,39.0,-81.0,0.42
07:37:19,332.0,20.0,335.4,10.0,330.0,20.0,343.0,20.0,333.7,3.3999999999999773,40.0,30.0,0.6238188839669886,70,10.0,-23.0,0.14
07:37:20,332.0,18.0,334.22,9.0,330.0,18.0,342.67,18.0,333.11,2.2200000000000273,36.0,27.0,0.5885320721883606,63,9.0,-7.0,0.14
07:37:21,331.2,20.0,334.0,14.0,329.75,64.0,342.0,28.0,332.6,2.8000000000000114,84.0,42.0,0.5461684721721932,126,42.0,63.0,0.33
07:37:22,329.11,72.0,334.31,13.0,328.67,48.0,342.42,24.0,331.71,5.199999999999989,120.0,37.0,0.9114987657673695,157,83.0,31.0,0.53
07:37:23,329.45,44.0,341.5,16.0,328.87,46.0,346.25,16.0,335.48,12.050000000000011,90.0,32.0,1.4110811457868198,122,58.0,-35.0,0.48
07:37:24,330.0,32.0,341.0,16.0,329.0,64.0,346.0,16.0,335.5,11.0,96.0,32.0,1.7266007065892601,128,64.0,6.0,0.5
07:37:25,330.0,28.0,340.71,14.0,329.0,56.0,344.71,14.0,335.36,10.70999999999998,84.0,28.0,1.8309560344240652,112,56.0,-16.0,0.5
07:37:26,330.0,40.0,339.3,20.0,329.0,38.0,341.0,20.0,334.65,9.300000000000011,78.0,40.0,1.620077158654281,118,38.0,6.0,0.32
07:37:27,332.6,89.0,339.0,36.0,329.96,92.0,343.31,26.0,335.8,6.399999999999977,181.0,62.0,0.42769147757711157,243,119.0,125.0,0.49
07:37:28,335.0,18.0,338.2,20.0,333.0,63.0,340.33,18.0,336.6,3.1999999999999886,81.0,38.0,0.7086042619063091,119,43.0,-124.0,0.36
07:37:29,333.86,37.0,338.82,22.0,332.47,68.0,343.73,22.0,336.34,4.9599999999999795,105.0,44.0,0.7802563681198248,149,61.0,30.0,0.41
07:37:30,333.0,21.0,345.0,6.0,330.0,12.0,351.71,7.0,339.0,12.0,33.0,13.0,1.596533745334092,46,20.0,-103.0,0.43
07:37:31,333.0,98.0,343.43,49.0,330.0,56.0,476.98,49.0,338.21,10.430000000000007,154.0,98.0,1.3527010016960255,252,56.0,176.0,0.22
07:37:32,333.0,47.0,341.33,30.0,330.0,28.0,342.55,29.0,337.17,8.329999999999984,75.0,59.0,1.119388225768455,134,16.0,-118.0,0.12
07:37:33,333.0,84.0,340.71,56.0,330.0,56.0,342.57,74.0,336.86,7.7099999999999795,140.0,130.0,1.0743509668581193,270,10.0,136.0,0.04
07:37:34,333.0,40.0,339.1,40.0,330.0,40.0,344.2,35.0,336.05,6.100000000000023,80.0,75.0,1.158261628471319,155,5.0,-115.0,0.03
07:37:35,333.84,122.0,337.0,44.0,331.64,44.0,344.63,43.0,335.42,3.160000000000025,166.0,87.0,1.0698925179614913,253,79.0,98.0,0.31
07:37:36,333.0,34.0,336.58,48.0,330.0,44.0,342.49,51.0,334.79,3.579999999999984,78.0,99.0,0.9867471813949684,177,-21.0,-76.0,-0.12
07:37:37,331.53,30.0,336.72,75.0,329.61,46.0,349.32,84.0,334.13,5.190000000000055,76.0,159.0,1.0638373935859584,235,-83.0,58.0,-0.35
07:37:38,325.57,35.0,346.0,50.0,325.0,10.0,436.52,31.0,335.79,20.430000000000007,45.0,81.0,0.7787040516088646,126,-36.0,-109.0,-0.29
07:37:39,330.14,56.0,345.68,76.0,325.73,71.0,408.02,88.0,337.91,15.54000000000002,127.0,164.0,1.43363872715254,291,-37.0,165.0,-0.13
07:37:40,327.58,72.0,344.14,42.0,322.03,29.0,346.0,56.0,335.86,16.560000000000002,101.0,98.0,1.432717697242353,199,3.0,-92.0,0.02
07:37:41,327.08,65.0,343.0,33.0,321.78,46.0,345.64,44.0,335.04,15.920000000000016,111.0,77.0,1.3971148843210286,188,34.0,-11.0,0.18
07:37:42,329.06,96.0,340.0,45.0,327.56,81.0,343.27,60.0,334.53,10.939999999999998,177.0,105.0,1.2886931364724683,282,72.0,94.0,0.26
07:37:43,331.24,117.0,335.7,46.0,330.22,111.0,336.57,49.0,333.47,4.4599999999999795,228.0,95.0,1.6670242949615028,323,133.0,41.0,0.41
07:37:44,330.09,35.0,333.57,21.0,326.8,30.0,335.5,24.0,331.83,3.480000000000018,65.0,45.0,1.5576681289650987,110,20.0,-176.0,0.18
07:37:45,328.97,35.0,335.4,25.0,325.18,33.0,340.78,41.0,332.19,6.42999999999995,68.0,66.0,1.405318469242706,134,2.0,24.0,0.01
07:37:46,332.38,24.0,343.44,18.0,325.35,20.0,344.95,42.0,337.91,11.060000000000002,44.0,60.0,2.4409997951646583,104,-16.0,-30.0,-0.15
07:37:47,328.47,19.0,341.21,47.0,324.13,31.0,343.26,27.0,334.84,12.739999999999952,50.0,74.0,2.462116975286473,124,-24.0,20.0,-0.19
07:37:48,324.0,45.0,340.45,51.0,322.2,50.0,342.14,73.0,332.23,16.44999999999999,95.0,124.0,2.5938195773789134,219,-29.0,95.0,-0.13
07:37:49,325.44,36.0,335.43,63.0,324.3,81.0,338.74,81.0,330.44,9.990000000000009,117.0,144.0,2.912639696219643,261,-27.0,42.0,-0.1
07:37:50,328.61,28.0,330.7,47.0,325.43,40.0,339.05,76.0,329.65,2.089999999999975,68.0,123.0,3.386064086811583,191,-55.0,-70.0,-0.29
07:37:51,328.0,8.0,329.25,16.0,320.05,22.0,342.09,55.0,328.62,1.25,30.0,71.0,2.446289026259467,101,-41.0,-90.0,-0.41
07:37:52,329.4,25.0,339.77,39.0,321.68,19.0,343.33,45.0,334.58,10.370000000000005,44.0,84.0,2.3492403027356743,128,-40.0,27.0,-0.31
07:37:53,330.0,50.0,341.0,50.0,328.0,10.0,344.0,50.0,335.5,11.0,60.0,100.0,3.081966904429181,160,-40.0,32.0,-0.25
07:37:54,332.87,113.0,340.15,85.0,329.98,91.0,342.42,95.0,336.51,7.279999999999973,204.0,180.0,3.5871116514537555,384,24.0,176.0,0.06
07:37:55,333.0,66.0,337.91,44.0,330.0,55.0,339.29,35.0,335.45,4.910000000000025,121.0,79.0,3.1561954945778914,200,42.0,-176.0,0.21
07:37:56,333.0,84.0,336.36,56.0,330.0,70.0,341.38,63.0,334.68,3.3600000000000136,154.0,119.0,0.7777724602942714,273,35.0,73.0,0.13
07:37:57,330.82,11.0,336.0,44.0,329.21,71.0,344.0,60.0,333.41,5.180000000000007,82.0,104.0,1.1513687506583257,186,-22.0,-87.0,-0.12
07:37:58,328.91,11.0,335.0,44.0,324.68,25.0,343.55,55.0,331.95,6.089999999999975,36.0,99.0,1.775922295595609,135,-63.0,-51.0,-0.47
07:37:59,327.0,9.0,332.78,36.0,320.0,27.0,345.0,45.0,329.89,5.779999999999973,36.0,81.0,2.221413964121856,117,-45.0,-18.0,-0.38
07:38:00,327.0,9.0,332.0,28.0,320.0,27.0,344.56,45.0,329.5,5.0,36.0,73.0,2.225428048712735,109,-37.0,-8.0,-0.34
07:38:01,321.86,14.0,331.82,38.0,266.02,55.0,343.61,46.0,326.84,9.95999999999998,69.0,84.0,2.508619142077918,153,-15.0,44.0,-0.1
07:38:02,333.0,32.0,338.12,32.0,264.67,18.0,343.76,58.0,335.56,5.1200000000000045,50.0,90.0,3.2467784032790177,140,-40.0,-13.0,-0.29
07:38:03,334.0,21.0,338.0,32.0,318.0,7.0,343.0,35.0,336.0,4.0,28.0,67.0,4.031887895266657,95,-39.0,-45.0,-0.41
07:38:04,334.0,29.0,338.0,11.0,319.09,22.0,343.0,55.0,336.0,4.0,51.0,66.0,4.315877662769871,117,-15.0,22.0,-0.13
07:38:05,321.32,53.0,336.73,11.0,319.82,66.0,341.05,19.0,329.02,15.410000000000025,119.0,30.0,4.411358067533864,149,89.0,32.0,0.6
07:38:06,320.26,140.0,335.18,17.0,319.49,45.0,338.88,17.0,327.72,14.920000000000016,185.0,34.0,4.128389516505892,219,151.0,70.0,0.69
07:38:07,321.02,99.0,333.86,14.0,319.46,121.0,337.64,14.0,327.44,12.840000000000032,220.0,28.0,4.389587679953359,248,192.0,29.0,0.77
07:38:08,324.29,112.0,332.88,16.0,323.45,44.0,337.0,16.0,328.58,8.589999999999975,156.0,32.0,3.5503971608822265,188,124.0,-60.0,0.66
07:38:09,324.0,104.0,331.23,13.0,322.0,13.0,341.05,37.0,327.62,7.230000000000018,117.0,50.0,0.6863526790237059,167,67.0,-21.0,0.4
07:38:10,324.83,138.0,347.41,34.0,322.69,32.0,377.42,72.0,336.12,22.58000000000004,170.0,106.0,3.728844324988785,276,64.0,109.0,0.23
07:38:11,330.47,87.0,349.98,58.0,327.61,69.0,446.64,14.0,340.23,19.50999999999999,156.0,72.0,5.839128359609654,228,84.0,-48.0,0.37
07:38:12,331.02,98.0,337.0,65.0,329.24,68.0,345.59,49.0,334.01,5.980000000000018,166.0,114.0,5.268336549613724,280,52.0,52.0,0.19
07:38:13,331.0,88.0,336.62,65.0,329.0,65.0,340.08,65.0,333.81,5.6200000000000045,153.0,130.0,4.566373834892875,283,23.0,3.0,0.08
07:38:14,331.0,27.0,335.83,60.0,329.0,60.0,337.0,60.0,333.42,4.829999999999984,87.0,120.0,2.8354135500827033,207,-33.0,-76.0,-0.16
07:38:15,330.48,21.0,335.61,76.0,323.33,36.0,341.44,106.0,333.04,5.1299999999999955,57.0,182.0,3.001627891660361,239,-125.0,32.0,-0.52
07:38:16,329.0,20.0,334.22,27.0,320.0,72.0,340.36,44.0,331.61,5.220000000000027,92.0,71.0,0.9523497256763006,163,21.0,-76.0,0.13
07:38:17,329.0,26.0,331.53,19.0,319.2,80.0,333.08,62.0,330.26,2.5299999999999727,106.0,81.0,1.469513524945178,187,25.0,24.0,0.13
07:38:18,318.57,56.0,332.0,8.0,317.73,22.0,343.0,40.0,325.29,13.430000000000007,78.0,48.0,3.284848550542195,126,30.0,-61.0,0.24
07:38:19,318.47,15.0,332.0,8.0,317.28,57.0,343.0,40.0,325.23,13.529999999999973,72.0,48.0,3.628405986104835,120,24.0,-6.0,0.2
07:38:20,319.0,15.0,325.0,15.0,317.12,118.0,333.05,19.0,322.0,6.0,133.0,34.0,3.9642868211072315,167,99.0,47.0,0.59
07:38:21,319.93,43.0,337.63,41.0,317.59,34.0,339.63,41.0,328.78,17.69999999999999,77.0,82.0,3.259075022150488,159,-5.0,-8.0,-0.03
07:38:22,330.68,37.0,339.0,70.0,325.19,43.0,341.0,70.0,334.84,8.319999999999993,80.0,140.0,4.884441626225449,220,-60.0,61.0,-0.27
07:38:23,333.0,36.0,337.33,60.0,331.0,24.0,339.92,60.0,335.17,4.329999999999984,60.0,120.0,5.814372709072011,180,-60.0,-40.0,-0.33
07:38:24,329.71,17.0,337.0,50.0,328.53,34.0,340.0,50.0,333.35,7.2900000000000205,51.0,100.0,5.555121060787002,151,-49.0,-29.0,-0.32
07:38:25,329.0,18.0,337.0,45.0,328.0,36.0,340.0,45.0,333.0,8.0,54.0,90.0,2.5505626830165116,144,-36.0,-7.0,-0.25
07:38:26,329.0,18.0,337.0,45.0,328.0,36.0,340.0,45.0,333.0,8.0,54.0,90.0,1.050604587842259,144,-36.0,0.0,-0.25
07:38:27,329.0,46.0,336.83,48.0,328.0,48.0,339.0,60.0,332.92,7.829999999999984,94.0,108.0,0.954866482810938,202,-14.0,58.0,-0.07
07:38:28,329.0,40.0,336.0,20.0,328.0,40.0,337.0,50.0,332.5,7.0,80.0,70.0,0.30344686519463393,150,10.0,-52.0,0.07
07:38:29,329.29,34.0,335.5,16.0,328.25,32.0,337.0,40.0,332.4,6.2099999999999795,66.0,56.0,0.2906544339876751,122,10.0,-28.0,0.08
07:38:30,330.83,90.0,332.78,36.0,329.0,72.0,337.0,90.0,331.81,1.9499999999999886,162.0,126.0,0.4767389222593522,288,36.0,166.0,0.12
07:38:31,329.59,34.0,339.06,34.0,328.25,32.0,346.12,24.0,334.32,9.470000000000027,66.0,58.0,0.9426558226609824,124,8.0,-164.0,0.06
07:38:32,331.08,39.0,340.0,65.0,329.0,52.0,344.15,47.0,335.54,8.920000000000016,91.0,112.0,1.5594165575611845,203,-21.0,79.0,-0.1
07:38:33,332.6,30.0,340.0,50.0,329.0,40.0,343.0,50.0,336.3,7.399999999999977,70.0,100.0,1.942467502944382,170,-30.0,-33.0,-0.18
07:38:34,333.63,19.0,340.0,45.0,329.0,36.0,343.0,45.0,336.82,6.3700000000000045,55.0,90.0,1.9952242981664596,145,-35.0,-25.0,-0.24
07:38:35,334.25,53.0,338.83,23.0,333.55,226.0,340.4,75.0,336.54,4.579999999999984,279.0,98.0,1.0052263426675345,377,181.0,176.0,0.48
07:38:36,334.0,240.0,343.91,69.0,331.0,84.0,362.51,57.0,338.96,9.910000000000025,324.0,126.0,1.2812181703330847,450,198.0,73.0,0.44
07:38:37,334.0,116.0,345.0,30.0,331.53,38.0,346.0,18.0,339.5,11.0,154.0,48.0,1.4898590537332097,202,106.0,-176.0,0.52
07:38:38,334.0,247.0,343.48,29.0,333.0,65.0,345.05,63.0,338.74,9.480000000000018,312.0,92.0,1.339820883547621,404,220.0,176.0,0.54
07:38:39,334.0,209.0,342.0,22.0,333.0,55.0,345.0,55.0,338.0,8.0,264.0,77.0,1.145128813710526,341,187.0,-63.0,0.55
07:38:40,334.0,299.0,337.21,56.0,333.0,85.0,341.62,52.0,335.61,3.2099999999999795,384.0,108.0,1.5248016264387598,492,276.0,151.0,0.56
07:38:41,334.0,143.0,335.0,52.0,333.0,65.0,346.0,83.0,334.5,1.0,208.0,135.0,2.1269226596167687,343,73.0,-149.0,0.21
07:38:42,334.0,35.0,335.0,20.0,333.0,25.0,346.0,35.0,334.5,1.0,60.0,55.0,1.987158775737953,115,5.0,-176.0,0.04
07:38:43,334.0,42.0,335.0,24.0,333.0,30.0,346.0,42.0,334.5,1.0,72.0,66.0,1.5191839914879526,138,6.0,23.0,0.04
07:38:44,334.0,94.0,345.04,96.0,333.0,85.0,348.03,71.0,339.52,11.04000000000002,179.0,167.0,2.174690782615512,346,12.0,176.0,0.03
07:38:45,334.0,20.0,345.0,34.0,333.0,50.0,346.0,56.0,339.5,11.0,70.0,90.0,2.7440991235726107,160,-20.0,-176.0,-0.12
07:38:46,334.0,9.0,344.33,12.0,333.0,25.0,345.38,13.0,339.17,10.329999999999984,34.0,25.0,2.685613523944002,59,9.0,-101.0,0.15
07:38:47,334.0,12.0,343.33,24.0,333.0,60.0,345.0,24.0,338.67,9.329999999999984,72.0,48.0,2.1364854317289357,120,24.0,61.0,0.2
07:38:48,333.09,11.0,343.0,6.0,331.53,19.0,345.0,6.0,338.05,9.910000000000025,30.0,12.0,0.6243156252963583,42,18.0,-78.0,0.43
07:38:49,334.33,45.0,342.46,26.0,332.41,71.0,345.69,26.0,338.4,8.129999999999995,116.0,52.0,0.5825547184509224,168,64.0,126.0,0.38
07:38:50,335.0,51.0,340.0,34.0,333.0,85.0,346.0,64.0,337.5,5.0,136.0,98.0,0.6303729055010862,234,38.0,66.0,0.16
07:38:51,335.0,24.0,336.86,14.0,333.0,40.0,344.71,28.0,335.93,1.8600000000000136,64.0,42.0,1.0869452608068981,106,22.0,-128.0,0.21
07:38:52,335.0,20.0,336.88,16.0,333.0,45.0,344.56,25.0,335.94,1.8799999999999955,65.0,41.0,1.1668890264250336,106,24.0,0.0,0.23
07:38:53,335.0,24.0,336.33,24.0,333.0,60.0,347.0,36.0,335.67,1.329999999999984,84.0,60.0,1.2000708312394228,144,24.0,38.0,0.17
07:38:54,335.0,14.0,336.0,24.0,333.0,60.0,346.85,34.0,335.5,1.0,74.0,58.0,0.7998562370778576,132,16.0,-12.0,0.12
07:38:55,332.93,28.0,338.5,16.0,332.09,53.0,346.57,14.0,335.71,5.569999999999993,81.0,30.0,0.18641351880364254,111,51.0,-21.0,0.46
07:38:56,332.21,53.0,346.0,7.0,330.82,34.0,347.0,14.0,339.1,13.79000000000002,87.0,21.0,1.5263780658775423,108,66.0,-3.0,0.61
07:38:57,333.0,80.0,344.7,10.0,331.0,70.0,345.92,12.0,338.85,11.699999999999989,150.0,22.0,1.837778550313236,172,128.0,64.0,0.74
07:38:58,332.06,66.0,343.57,14.0,330.9,78.0,344.57,14.0,337.82,11.509999999999991,144.0,28.0,1.7054999267050488,172,116.0,0.0,0.67
07:38:59,331.12,64.0,341.17,12.0,330.64,44.0,343.0,12.0,336.15,10.050000000000011,108.0,24.0,1.5417619790326884,132,84.0,-40.0,0.64
07:39:00,330.29,48.0,335.86,14.0,327.33,36.0,338.3,10.0,333.07,5.569999999999993,84.0,24.0,2.483559944916043,108,60.0,-24.0,0.56
07:39:01,330.0,51.0,332.27,67.0,327.19,64.0,335.46,26.0,331.13,2.269999999999982,115.0,93.0,3.2397191236267866,208,22.0,100.0,0.11
07:39:02,329.11,18.0,332.76,51.0,327.88,68.0,343.4,30.0,330.94,3.6499999999999773,86.0,81.0,3.062755295480672,167,5.0,-41.0,0.03
07:39:03,332.07,58.0,339.77,65.0,328.7,54.0,341.54,26.0,335.92,7.699999999999989,112.0,91.0,2.510850453530708,203,21.0,36.0,0.1
07:39:04,334.0,27.0,338.11,45.0,333.0,45.0,339.14,42.0,336.06,4.110000000000014,72.0,87.0,2.4867911050177587,159,-15.0,-44.0,-0.09
07:39:05,334.0,30.0,337.7,50.0,333.0,50.0,338.7,50.0,335.85,3.6999999999999886,80.0,100.0,2.6903066739676413,180,-20.0,21.0,-0.11
07:39:06,331.43,60.0,336.35,85.0,330.01,75.0,339.73,55.0,333.89,4.920000000000016,135.0,140.0,2.1973324737040105,275,-5.0,95.0,-0.02
07:39:07,328.0,33.0,334.84,43.0,327.0,44.0,338.71,34.0,331.42,6.839999999999975,77.0,77.0,2.003065151210528,154,0.0,-121.0,0.0
07:39:08,328.0,36.0,331.83,60.0,327.0,48.0,333.0,24.0,329.92,3.829999999999984,84.0,84.0,2.7085549652896552,168,0.0,14.0,0.0
07:39:09,328.0,24.0,330.71,28.0,327.0,32.0,331.57,28.0,329.36,2.7099999999999795,56.0,56.0,2.7380777929044613,112,0.0,-56.0,0.0
07:39:10,328.0,39.0,329.62,26.0,327.0,52.0,331.0,65.0,328.81,1.6200000000000045,91.0,91.0,2.041359840889875,182,0.0,70.0,0.0
07:39:11,327.9,40.0,329.0,26.0,326.94,51.0,331.0,65.0,328.45,1.1000000000000227,91.0,91.0,1.163902916913204,182,0.0,0.0,0.0
07:39:12,327.0,32.0,328.17,36.0,326.0,27.0,331.4,25.0,327.58,1.170000000000016,59.0,61.0,0.8910836099938982,120,-2.0,-62.0,-0.02
07:39:13,327.0,16.0,328.0,40.0,324.72,25.0,342.0,8.0,327.5,1.0,41.0,48.0,0.7994685734912599,89,-7.0,-31.0,-0.08
07:39:14,325.5,16.0,329.27,22.0,323.07,30.0,344.0,8.0,327.39,3.769999999999982,46.0,30.0,0.6408041822588628,76,16.0,-13.0,0.21
07:39:15,331.08,61.0,340.5,34.0,326.99,82.0,343.0,18.0,335.79,9.420000000000016,143.0,52.0,3.629059106710659,195,91.0,119.0,0.47
07:39:16,333.22,18.0,338.22,59.0,331.0,126.0,339.58,50.0,335.72,5.0,144.0,109.0,4.527497101048066,253,35.0,58.0,0.14
07:39:17,331.14,58.0,335.12,48.0,329.5,28.0,336.31,48.0,333.13,3.980000000000018,86.0,96.0,4.211214789107511,182,-10.0,-71.0,-0.05
07:39:18,331.0,41.0,332.82,33.0,328.53,19.0,335.09,34.0,331.91,1.8199999999999932,60.0,67.0,3.4509013315360293,127,-7.0,-55.0,-0.06
07:39:19,329.85,13.0,336.7,40.0,327.44,18.0,344.35,46.0,333.27,6.849999999999966,31.0,86.0,1.7185691723047445,117,-55.0,-10.0,-0.47
07:39:20,328.0,9.0,342.88,48.0,327.0,18.0,344.23,39.0,335.44,14.879999999999995,27.0,87.0,1.6304692576053794,114,-60.0,-3.0,-0.53
07:39:21,328.38,8.0,341.0,40.0,327.23,13.0,342.0,16.0,334.69,12.620000000000005,21.0,56.0,1.3893235764199634,77,-35.0,-37.0,-0.45
07:39:22,329.0,10.0,340.5,50.0,328.0,10.0,342.41,27.0,334.75,11.5,20.0,77.0,1.4153162190818478,97,-57.0,20.0,-0.59
07:39:23,331.63,41.0,340.0,119.0,328.71,17.0,345.21,19.0,335.82,8.370000000000005,58.0,138.0,0.9753614714533301,196,-80.0,99.0,-0.41
07:39:24,333.0,17.0,339.1,40.0,332.0,36.0,340.42,48.0,336.05,6.100000000000023,53.0,88.0,0.6153454314409135,141,-35.0,-55.0,-0.25
07:39:25,333.93,15.0,337.48,42.0,332.0,45.0,338.13,63.0,335.7,3.5500000000000114,60.0,105.0,0.6355076710749921,165,-45.0,24.0,-0.27
07:39:26,333.47,15.0,335.61,72.0,331.68,37.0,337.15,33.0,334.54,2.1399999999999864,52.0,105.0,0.6795366068102335,157,-53.0,-8.0,-0.34
07:39:27,331.2,15.0,333.74,57.0,328.16,19.0,339.17,48.0,332.47,2.5400000000000205,34.0,105.0,1.486785122334581,139,-71.0,-18.0,-0.51
07:39:28,329.0,14.0,331.64,47.0,327.0,29.0,333.0,48.0,330.32,2.6399999999999864,43.0,95.0,2.4030251767295754,138,-52.0,-1.0,-0.38
07:39:29,328.14,14.0,330.45,44.0,326.6,40.0,332.1,40.0,329.3,2.3100000000000023,54.0,84.0,2.7105866523682827,138,-30.0,0.0,-0.22
07:39:30,326.6,60.0,329.3,69.0,325.21,114.0,331.09,55.0,327.95,2.6999999999999886,174.0,124.0,2.613049942117115,298,50.0,160.0,0.17
07:39:31,324.7,92.0,327.53,75.0,320.89,74.0,333.87,75.0,326.11,2.829999999999984,166.0,150.0,2.4012184407086563,316,16.0,18.0,0.05
07:39:32,321.0,60.0,326.45,22.0,320.0,20.0,329.6,50.0,323.73,5.449999999999989,80.0,72.0,2.6238464131881454,152,8.0,-164.0,0.05
07:39:33,321.0,90.0,324.67,15.0,320.0,30.0,327.0,75.0,322.83,3.670000000000016,120.0,90.0,2.7342786983044176,210,30.0,58.0,0.14
07:39:34,321.0,58.0,322.85,41.0,320.0,26.0,330.76,37.0,321.93,1.8500000000000227,84.0,78.0,2.473903797644975,162,6.0,-48.0,0.04
07:39:35,317.37,68.0,335.95,43.0,313.06,47.0,339.29,63.0,326.66,18.579999999999984,115.0,106.0,2.057722041482397,221,9.0,59.0,0.04
07:39:36,328.86,49.0,337.0,60.0,321.71,129.0,340.0,72.0,332.93,8.139999999999986,178.0,132.0,4.45785598690689,310,46.0,89.0,0.15
07:39:37,329.54,61.0,337.0,80.0,328.05,132.0,339.86,84.0,333.27,7.4599999999999795,193.0,164.0,5.392455841265683,357,29.0,47.0,0.08
07:39:38,329.0,90.0,337.0,45.0,326.0,54.0,339.0,27.0,333.0,8.0,144.0,72.0,5.088749355195165,216,72.0,-141.0,0.33
07:39:39,329.0,110.0,337.0,55.0,326.0,66.0,339.0,33.0,333.0,8.0,176.0,88.0,2.8606590149820468,264,88.0,48.0,0.33
07:39:40,329.0,70.0,337.0,35.0,326.0,42.0,339.0,21.0,333.0,8.0,112.0,56.0,0.1320984481264003,168,56.0,-96.0,0.33
07:39:41,329.0,93.0,337.0,50.0,326.0,60.0,339.0,30.0,333.0,8.0,153.0,80.0,0.12074767077420091,233,73.0,65.0,0.31
07:39:42,329.0,117.0,337.0,65.0,326.14,58.0,339.0,39.0,333.0,8.0,175.0,104.0,0.0,279,71.0,46.0,0.25
07:39:43,329.0,81.0,337.0,45.0,328.0,9.0,339.0,27.0,333.0,8.0,90.0,72.0,0.0,162,18.0,-117.0,0.11
07:39:44,327.59,58.0,337.0,50.0,326.13,45.0,339.0,30.0,332.29,9.410000000000025,103.0,80.0,0.3175216528010742,183,23.0,21.0,0.13
07:39:45,327.0,40.0,337.0,50.0,326.0,60.0,339.0,30.0,332.0,10.0,100.0,80.0,0.47939545262513183,180,20.0,-3.0,0.11
07:39:46,327.0,40.0,334.91,43.0,326.0,60.0,337.62,34.0,330.95,7.910000000000025,100.0,77.0,0.848392597797704,177,23.0,-3.0,0.13
07:39:47,327.26,46.0,335.4,40.0,326.17,72.0,337.73,41.0,331.33,8.139999999999986,118.0,81.0,0.8059962779059038,199,37.0,22.0,0.19
07:39:48,327.0,20.0,336.0,15.0,326.0,30.0,338.0,15.0,331.5,9.0,50.0,30.0,0.5339756548742366,80,20.0,-119.0,0.25
07:39:49,327.0,68.0,336.0,51.0,326.0,102.0,338.0,51.0,331.5,9.0,170.0,102.0,0.378060841662379,272,68.0,176.0,0.25
07:39:50,327.2,41.0,334.58,50.0,325.75,72.0,335.7,47.0,330.89,7.3799999999999955,113.0,97.0,0.29568564388315266,210,16.0,-62.0,0.08
07:39:51,327.0,57.0,331.94,62.0,322.74,186.0,334.37,71.0,329.47,4.939999999999998,243.0,133.0,0.8577120729001877,376,110.0,166.0,0.29
07:39:52,325.0,50.0,328.95,59.0,321.8,50.0,334.21,47.0,326.97,3.9499999999999886,100.0,106.0,1.919122195171308,206,-6.0,-170.0,-0.03
07:39:53,322.69,52.0,327.56,43.0,321.86,56.0,335.88,43.0,325.13,4.8700000000000045,108.0,86.0,2.689074190125629,194,22.0,-12.0,0.11
07:39:54,323.47,17.0,326.29,21.0,322.67,36.0,333.26,23.0,324.88,2.819999999999993,53.0,44.0,2.651889892133618,97,9.0,-97.0,0.09
07:39:55,320.27,37.0,330.82,33.0,319.3,27.0,332.91,33.0,325.54,10.550000000000011,64.0,66.0,1.898201780633707,130,-2.0,33.0,-0.02
07:39:56,331.7,50.0,335.62,48.0,325.38,37.0,340.0,36.0,333.66,3.920000000000016,87.0,84.0,3.6810637049636474,171,3.0,41.0,0.02
07:39:57,332.0,30.0,336.0,30.0,331.0,18.0,342.0,24.0,334.0,4.0,48.0,54.0,4.743355352490488,102,-6.0,-69.0,-0.06
07:39:58,333.25,40.0,336.0,40.0,331.0,24.0,342.0,32.0,334.62,2.75,64.0,72.0,4.883339021612091,136,-8.0,34.0,-0.06
07:39:59,334.0,40.0,336.0,40.0,331.0,24.0,342.0,32.0,335.0,2.0,64.0,72.0,3.9610958079801977,136,-8.0,0.0,-0.06
07:40:00,334.0,55.0,336.0,55.0,331.0,33.0,342.0,44.0,335.0,2.0,88.0,99.0,0.6042185035212898,187,-11.0,51.0,-0.06
07:40:01,334.0,50.0,336.0,40.0,331.0,30.0,342.0,40.0,335.0,2.0,80.0,80.0,0.43689815746624966,160,0.0,-27.0,0.0
07:40:02,333.02,63.0,336.0,33.0,331.56,54.0,342.0,44.0,334.51,2.980000000000018,117.0,77.0,0.24141251002663938,194,40.0,34.0,0.21
07:40:03,332.0,90.0,334.82,22.0,331.0,27.0,336.33,27.0,333.41,2.819999999999993,117.0,49.0,0.6897318319444312,166,68.0,-28.0,0.41
07:40:04,332.0,120.0,336.0,36.0,331.0,36.0,338.0,36.0,334.0,4.0,156.0,72.0,0.6839078885328623,228,84.0,62.0,0.37
07:40:05,332.0,82.0,336.0,27.0,331.0,27.0,338.0,27.0,334.0,4.0,109.0,54.0,0.5997749577946164,163,55.0,-65.0,0.34
07:40:06,332.0,36.0,336.0,27.0,331.0,27.0,338.0,27.0,334.0,4.0,63.0,54.0,0.38952535218850765,117,9.0,-46.0,0.08
07:40:07,332.0,24.0,336.0,18.0,331.0,18.0,338.0,18.0,334.0,4.0,42.0,36.0,0.2638560213404431,78,6.0,-39.0,0.08
07:40:08,332.0,24.0,336.0,18.0,331.0,18.0,338.0,18.0,334.0,4.0,42.0,36.0,0.0,78,6.0,0.0,0.08
07:40:09,332.0,24.0,336.0,18.0,331.0,18.0,338.0,18.0,334.0,4.0,42.0,36.0,0.0,78,6.0,0.0,0.08
07:40:10,332.0,44.0,336.0,33.0,331.0,43.0,338.0,33.0,334.0,4.0,87.0,66.0,0.0,153,21.0,75.0,0.14
07:40:11,331.58,31.0,336.0,33.0,328.97,62.0,338.0,33.0,333.79,4.420000000000016,93.0,66.0,0.09391485504216741,159,27.0,6.0,0.17
07:40:12,329.24,34.0,336.0,33.0,327.61,61.0,338.0,33.0,332.62,6.759999999999991,95.0,66.0,0.6005997002976632,161,29.0,2.0,0.18
07:40:13,328.0,35.0,338.9,29.0,326.0,21.0,340.78,23.0,333.45,10.899999999999977,56.0,52.0,0.5777283098461263,108,4.0,-53.0,0.04
07:40:14,329.08,39.0,341.49,78.0,327.4,50.0,427.88,51.0,335.28,12.410000000000025,89.0,129.0,0.9671452838108577,218,-40.0,110.0,-0.18
07:40:15,331.0,32.0,337.0,64.0,328.0,80.0,341.38,52.0,334.0,6.0,112.0,116.0,0.9671452838108577,228,-4.0,10.0,-0.02
07:40:16,331.0,22.0,337.0,44.0,328.0,139.0,340.0,22.0,334.0,6.0,161.0,66.0,0.969639108120943,227,95.0,-1.0,0.42
07:40:17,328.0,140.0,336.17,48.0,326.0,30.0,338.62,26.0,332.08,8.170000000000016,170.0,74.0,1.1558633137173309,244,96.0,17.0,0.39
07:40:18,328.0,168.0,334.67,60.0,326.0,36.0,338.82,44.0,331.33,6.670000000000016,204.0,104.0,1.6017552871764482,308,100.0,64.0,0.32
07:40:19,328.0,126.0,333.33,45.0,326.53,47.0,338.0,36.0,330.67,5.329999999999984,173.0,81.0,1.5296175992704415,254,92.0,-54.0,0.36
07:40:20,328.0,168.0,331.62,40.0,327.0,90.0,335.0,47.0,329.81,3.6200000000000045,258.0,87.0,1.5913736204920648,345,171.0,91.0,0.5
07:40:21,328.0,182.0,329.0,65.0,327.0,78.0,336.8,25.0,328.5,1.0,260.0,90.0,1.3863513263232448,350,170.0,5.0,0.49
07:40:22,328.0,142.0,331.64,50.0,327.0,66.0,340.88,41.0,329.82,3.6399999999999864,208.0,91.0,1.0645327613551014,299,117.0,-51.0,0.39
07:40:23,328.0,150.0,338.8,60.0,327.0,90.0,340.36,58.0,333.4,10.800000000000011,240.0,118.0,1.8275256496143155,358,122.0,59.0,0.34
07:40:24,328.0,94.0,337.6,50.0,327.0,78.0,339.91,44.0,332.8,9.600000000000023,172.0,94.0,2.1194763504220075,266,78.0,-92.0,0.29
07:40:25,328.0,60.0,334.5,32.0,327.0,84.0,335.38,52.0,331.25,6.5,144.0,84.0,2.036315299750548,228,60.0,-38.0,0.26
07:40:26,330.27,52.0,333.42,48.0,327.84,38.0,334.74,54.0,331.84,3.150000000000034,90.0,102.0,1.3948189846708012,192,-12.0,-36.0,-0.06
07:40:27,331.0,114.0,333.0,52.0,327.29,85.0,338.63,60.0,332.0,2.0,199.0,112.0,0.8448786895158392,311,87.0,119.0,0.28
07:40:28,331.0,40.0,333.0,20.0,328.25,32.0,342.64,22.0,332.0,2.0,72.0,42.0,0.5535521655617367,114,30.0,-176.0,0.26
07:40:29,329.86,37.0,340.25,24.0,328.49,41.0,343.95,42.0,335.06,10.389999999999986,78.0,66.0,1.502264956656432,144,12.0,30.0,0.08
07:40:30,329.0,39.0,343.77,52.0,328.0,39.0,344.79,76.0,336.38,14.769999999999982,78.0,128.0,2.119783007762266,206,-50.0,62.0,-0.24
07:40:31,328.86,21.0,341.78,36.0,327.5,36.0,343.57,56.0,335.32,12.919999999999959,57.0,92.0,2.0257640533876002,149,-35.0,-57.0,-0.23
07:40:32,331.78,55.0,340.44,72.0,327.42,31.0,342.14,84.0,336.11,8.660000000000025,86.0,156.0,1.7492226845079126,242,-70.0,93.0,-0.29
07:40:33,332.0,78.0,338.24,68.0,328.0,17.0,342.15,177.0,335.12,6.240000000000009,95.0,245.0,0.6059867985334509,340,-150.0,98.0,-0.44
07:40:34,332.0,28.0,336.94,34.0,328.0,8.0,342.44,86.0,334.47,4.939999999999998,36.0,120.0,0.7717188607238155,156,-84.0,-176.0,-0.54
07:40:35,332.0,10.0,335.39,66.0,328.0,10.0,336.4,40.0,333.7,3.3899999999999864,20.0,106.0,0.9088619257055053,126,-86.0,-30.0,-0.68
07:40:36,327.15,33.0,333.91,44.0,326.08,25.0,336.59,37.0,330.53,6.760000000000048,58.0,81.0,2.1246952722679247,139,-23.0,13.0,-0.17
07:40:37,327.0,44.0,332.73,44.0,326.0,33.0,334.0,55.0,329.86,5.730000000000018,77.0,99.0,2.3852316449347866,176,-22.0,37.0,-0.12
07:40:38,327.0,32.0,331.85,33.0,326.0,24.0,333.79,39.0,329.42,4.850000000000023,56.0,72.0,2.322268287687473,128,-16.0,-48.0,-0.12
07:40:39,326.78,67.0,329.55,76.0,323.78,54.0,330.91,86.0,328.16,2.7700000000000387,121.0,162.0,2.070912842202577,283,-41.0,155.0,-0.14
07:40:40,324.55,33.0,327.11,45.0,317.82,33.0,330.85,54.0,325.83,2.5600000000000023,66.0,99.0,1.8522553819601937,165,-33.0,-118.0,-0.2
07:40:41,318.0,18.0,333.15,26.0,315.5,32.0,343.33,30.0,325.58,15.149999999999977,50.0,56.0,1.9876116320853756,106,-6.0,-59.0,-0.06
07:40:42,322.92,36.0,340.32,38.0,318.27,44.0,341.07,59.0,331.62,17.399999999999977,80.0,97.0,2.5316634847469075,177,-17.0,71.0,-0.1
07:40:43,318.88,24.0,338.0,20.0,317.09,35.0,340.0,50.0,328.44,19.120000000000005,59.0,70.0,2.4424127415326358,129,-11.0,-48.0,-0.09
07:40:44,319.0,11.0,337.87,47.0,318.0,33.0,341.0,55.0,328.44,18.870000000000005,44.0,102.0,2.4523091159152273,146,-58.0,17.0,-0.4
07:40:45,320.92,25.0,335.44,18.0,318.73,11.0,338.0,45.0,328.18,14.519999999999982,36.0,63.0,2.142363181162476,99,-27.0,-47.0,-0.27
07:40:46,323.27,52.0,329.21,38.0,321.94,102.0,333.06,62.0,326.24,5.939999999999998,154.0,100.0,1.9310825979228532,254,54.0,155.0,0.21
07:40:47,326.0,36.0,328.0,36.0,317.82,61.0,333.0,60.0,327.0,2.0,97.0,96.0,0.9923708984050074,193,1.0,-61.0,0.01
07:40:48,327.04,25.0,332.73,37.0,317.63,57.0,336.89,45.0,329.88,5.689999999999998,82.0,82.0,1.4003999428737963,164,0.0,-29.0,0.0
07:40:49,328.93,15.0,333.0,60.0,327.6,30.0,338.0,60.0,330.97,4.069999999999993,45.0,120.0,1.9656245826710135,165,-75.0,1.0,-0.45
07:40:50,329.0,7.0,336.0,35.0,328.0,21.0,379.76,34.0,332.5,7.0,28.0,69.0,2.646567588405768,97,-41.0,-68.0,-0.42
07:40:51,329.0,10.0,340.57,14.0,328.0,30.0,407.57,21.0,334.79,11.569999999999993,40.0,35.0,2.9097027339572863,75,5.0,-22.0,0.07
07:40:52,328.25,12.0,338.0,6.0,327.5,12.0,341.0,6.0,333.12,9.75,24.0,12.0,1.9056678619312024,36,12.0,-39.0,0.33
07:40:53,328.0,11.0,333.59,17.0,326.0,5.0,339.2,5.0,330.79,5.589999999999975,16.0,22.0,1.6486145698729182,38,-6.0,2.0,-0.16
07:40:54,322.17,12.0,331.77,26.0,322.62,8.0,333.45,22.0,326.97,9.599999999999966,20.0,48.0,2.9742108196961996,68,-28.0,30.0,-0.41
07:40:55,318.0,63.0,331.95,37.0,317.0,27.0,338.02,45.0,324.97,13.949999999999989,90.0,82.0,4.114075837900814,172,8.0,104.0,0.05
07:40:56,317.94,17.0,338.0,35.0,315.83,18.0,339.0,7.0,327.97,20.060000000000002,35.0,42.0,3.214137520393387,77,-7.0,-95.0,-0.09
07:40:57,319.0,20.0,337.96,47.0,316.0,42.0,338.64,14.0,328.48,18.95999999999998,62.0,61.0,2.1285394053203484,123,1.0,46.0,0.01
07:40:58,319.0,26.0,335.3,40.0,316.0,65.0,336.9,42.0,327.15,16.30000000000001,91.0,82.0,1.3432497906205805,173,9.0,50.0,0.05
07:40:59,319.0,26.0,331.96,46.0,316.0,41.0,335.0,26.0,325.48,12.95999999999998,67.0,72.0,1.5333460144411366,139,-5.0,-34.0,-0.04
07:41:00,319.0,32.0,333.3,57.0,316.88,138.0,335.43,75.0,326.15,14.300000000000011,170.0,132.0,1.2425900369801461,302,38.0,163.0,0.13
07:41:01,319.0,24.0,331.98,45.0,317.0,140.0,333.47,34.0,325.49,12.980000000000018,164.0,79.0,1.2760681799977627,243,85.0,-59.0,0.35
07:41:02,319.0,30.0,322.27,52.0,317.0,45.0,323.97,79.0,320.63,3.269999999999982,75.0,131.0,2.525391058827207,206,-56.0,-37.0,-0.27
07:41:03,319.0,26.0,321.0,78.0,317.0,39.0,322.0,65.0,320.0,2.0,65.0,143.0,2.9739451911570085,208,-78.0,2.0,-0.38
07:41:04,319.0,16.0,321.0,44.0,317.0,24.0,322.0,40.0,320.0,2.0,40.0,84.0,3.092285562493702,124,-44.0,-84.0,-0.35
07:41:05,318.09,66.0,321.38,32.0,316.9,40.0,328.11,37.0,319.73,3.2900000000000205,106.0,69.0,2.437488461512869,175,37.0,51.0,0.21
07:41:06,318.0,80.0,319.0,20.0,317.0,30.0,320.0,40.0,318.5,1.0,110.0,60.0,0.7842002295394613,170,50.0,-5.0,0.29
07:41:07,317.54,52.0,319.75,32.0,315.36,28.0,327.64,44.0,318.64,2.2099999999999795,80.0,76.0,0.7438279370997855,156,4.0,-14.0,0.03
07:41:08,316.76,33.0,320.0,32.0,315.4,20.0,334.0,32.0,318.38,3.240000000000009,53.0,64.0,0.7557115852032492,117,-11.0,-39.0,-0.09
07:41:09,318.0,96.0,320.0,56.0,314.31,32.0,334.0,64.0,319.0,2.0,128.0,120.0,0.5441507144262391,248,8.0,131.0,0.03
07:41:10,317.94,65.0,322.95,38.0,312.75,24.0,334.52,46.0,320.44,5.009999999999991,89.0,84.0,0.8422113748997035,173,5.0,-75.0,0.03
07:41:11,312.83,18.0,334.0,32.0,311.88,16.0,338.0,26.0,323.42,21.170000000000016,34.0,58.0,2.0833338666688883,92,-24.0,-81.0,-0.26
07:41:12,315.4,20.0,334.0,60.0,312.5,24.0,338.0,40.0,324.7,18.600000000000023,44.0,100.0,2.763497783608356,144,-56.0,52.0,-0.39
07:41:13,315.14,42.0,332.26,31.0,312.14,44.0,334.57,35.0,323.7,17.120000000000005,86.0,66.0,2.414149953919024,152,20.0,8.0,0.13
07:41:14,319.0,24.0,331.0,24.0,317.43,42.0,332.0,12.0,325.0,12.0,66.0,36.0,1.8089002183663998,102,30.0,-50.0,0.29
07:41:15,326.53,34.0,329.8,30.0,317.73,44.0,331.24,21.0,328.16,3.2700000000000387,78.0,51.0,1.8882478650867147,129,27.0,27.0,0.21
07:41:16,327.4,20.0,329.85,26.0,320.4,40.0,332.71,14.0,328.62,2.4500000000000455,60.0,40.0,2.208139488348423,100,20.0,-29.0,0.2
07:41:17,320.74,54.0,328.3,20.0,315.43,69.0,334.96,49.0,324.52,7.560000000000002,123.0,69.0,2.2366492796153072,192,54.0,92.0,0.28
07:41:18,321.3,77.0,327.0,13.0,317.64,44.0,335.0,39.0,324.15,5.699999999999989,121.0,52.0,2.1273457640928104,173,69.0,-19.0,0.4
07:41:19,322.87,105.0,326.47,15.0,316.0,60.0,335.0,45.0,324.67,3.6000000000000227,165.0,60.0,2.1742194001534627,225,105.0,52.0,0.47
07:41:20,323.0,98.0,325.07,14.0,315.79,56.0,335.8,30.0,324.04,2.069999999999993,154.0,44.0,1.9292355999214892,198,110.0,-27.0,0.56
07:41:21,324.86,72.0,336.29,51.0,321.62,81.0,337.78,41.0,330.58,11.430000000000007,153.0,92.0,2.800333908662323,245,61.0,47.0,0.25
07:41:22,328.05,41.0,337.0,48.0,326.11,76.0,338.0,32.0,332.52,8.949999999999989,117.0,80.0,4.043991839754685,197,37.0,-48.0,0.19
07:41:23,332.0,14.0,336.09,66.0,327.71,84.0,337.1,40.0,334.05,4.089999999999975,98.0,106.0,4.57142975446421,204,-8.0,7.0,-0.04
07:41:24,330.71,14.0,336.0,50.0,328.69,52.0,337.0,30.0,333.36,5.2900000000000205,66.0,80.0,4.054626986542555,146,-14.0,-58.0,-0.1
07:41:25,329.0,60.0,334.4,100.0,325.0,40.0,337.84,74.0,331.7,5.399999999999977,100.0,174.0,1.3649249063585314,274,-74.0,128.0,-0.27
07:41:26,329.0,21.0,334.0,35.0,325.0,14.0,338.0,21.0,331.5,5.0,35.0,56.0,1.084333896914442,91,-21.0,-176.0,-0.23
07:41:27,329.0,24.0,334.0,40.0,325.0,16.0,338.0,24.0,331.5,5.0,40.0,64.0,1.1991330201432255,104,-24.0,13.0,-0.23
07:41:28,329.0,33.0,333.36,55.0,325.29,17.0,338.0,60.0,331.18,4.360000000000014,50.0,115.0,0.8655171864256889,165,-65.0,61.0,-0.39
07:41:29,329.0,42.0,331.57,70.0,326.0,14.0,338.0,48.0,330.29,2.569999999999993,56.0,118.0,0.5596248743566352,174,-62.0,9.0,-0.36
07:41:30,329.0,33.0,330.36,55.0,326.0,11.0,340.0,48.0,329.68,1.3600000000000136,44.0,103.0,0.8115417426103265,147,-59.0,-27.0,-0.4
07:41:31,328.25,20.0,331.5,30.0,325.33,15.0,339.98,50.0,329.88,3.25,35.0,80.0,0.8004873515548342,115,-45.0,-32.0,-0.39
07:41:32,329.26,43.0,337.21,38.0,325.3,23.0,338.74,53.0,333.23,7.949999999999989,66.0,91.0,1.448851269109091,157,-25.0,42.0,-0.16
07:41:33,330.0,40.0,336.0,16.0,326.0,8.0,337.9,31.0,333.0,6.0,48.0,47.0,1.7493227260853708,95,1.0,-62.0,0.01
07:41:34,325.56,18.0,334.33,24.0,324.17,24.0,335.79,28.0,329.94,8.769999999999982,42.0,52.0,1.80185460012699,94,-10.0,-1.0,-0.11
07:41:35,328.34,70.0,333.8,40.0,325.95,58.0,335.0,40.0,331.07,5.460000000000036,128.0,80.0,1.6168580642711463,208,48.0,114.0,0.23
07:41:36,328.82,22.0,333.0,26.0,326.95,44.0,335.94,17.0,330.91,4.180000000000007,66.0,43.0,1.4252192813734017,109,23.0,-99.0,0.21
07:41:37,331.0,120.0,332.06,32.0,325.0,32.0,338.5,16.0,331.53,1.0600000000000023,152.0,48.0,1.1176985282260492,200,104.0,91.0,0.52
07:41:38,331.0,72.0,335.97,29.0,327.57,42.0,339.43,14.0,333.48,4.970000000000027,114.0,43.0,1.3060359872525142,157,71.0,-43.0,0.45
07:41:39,331.0,64.0,336.57,69.0,328.0,76.0,338.51,39.0,333.78,5.569999999999993,140.0,108.0,1.3705947614077159,248,32.0,91.0,0.13
07:41:40,329.86,21.0,333.64,53.0,327.79,56.0,335.35,63.0,331.75,3.7799999999999727,77.0,116.0,1.265879141149822,193,-39.0,-55.0,-0.2
07:41:41,327.0,42.0,330.71,70.0,321.43,49.0,338.22,32.0,328.86,3.7099999999999795,91.0,102.0,1.964039205310912,193,-11.0,0.0,-0.06
07:41:42,320.34,47.0,328.0,20.0,316.41,49.0,329.14,96.0,324.17,7.660000000000025,96.0,116.0,3.9974204182195683,212,-20.0,19.0,-0.09
07:41:43,323.92,13.0,338.77,13.0,316.26,27.0,342.95,63.0,331.35,14.849999999999966,40.0,76.0,3.689860430964676,116,-36.0,-96.0,-0.31
07:41:44,330.0,16.0,342.0,16.0,325.5,16.0,343.0,72.0,336.0,12.0,32.0,88.0,4.3378024390235534,120,-56.0,4.0,-0.47
07:41:45,330.57,14.0,342.0,12.0,327.5,12.0,343.0,72.0,336.29,11.430000000000007,26.0,84.0,5.093557695756313,110,-58.0,-10.0,-0.53
07:41:46,322.06,78.0,341.16,19.0,319.78,18.0,342.69,26.0,331.61,19.100000000000023,96.0,45.0,4.904597842840751,141,51.0,31.0,0.36
07:41:47,322.0,70.0,339.5,20.0,318.0,10.0,342.0,10.0,330.75,17.5,80.0,30.0,2.708375897100989,110,50.0,-31.0,0.45
07:41:48,322.0,77.0,336.55,22.0,318.0,11.0,342.0,11.0,329.27,14.550000000000011,88.0,33.0,3.181914518021786,121,55.0,11.0,0.45
07:41:49,322.0,112.0,333.6,40.0,318.0,16.0,334.93,54.0,327.8,11.600000000000023,128.0,94.0,3.2228838018145254,222,34.0,101.0,0.15
07:41:50,323.15,67.0,330.43,42.0,321.9,79.0,331.89,36.0,326.79,7.28000000000003,146.0,78.0,1.9983693352328813,224,68.0,2.0,0.3
07:41:51,326.27,45.0,329.0,49.0,319.11,97.0,331.0,30.0,327.63,2.730000000000018,142.0,79.0,1.5662758377754975,221,63.0,-3.0,0.29
07:41:52,327.0,31.0,328.11,27.0,318.46,91.0,329.11,38.0,327.56,1.1100000000000136,122.0,65.0,0.9037422198832398,187,57.0,-34.0,0.3
07:41:53,318.09,198.0,328.14,44.0,314.8,30.0,332.8,59.0,323.11,10.050000000000011,228.0,103.0,1.977136818735589,331,125.0,144.0,0.38
07:41:54,318.01,127.0,329.07,28.0,315.46,37.0,334.1,41.0,323.54,11.060000000000002,164.0,69.0,2.221650287511541,233,95.0,-98.0,0.41
07:41:55,317.0,63.0,321.8,10.0,313.0,72.0,331.7,33.0,319.4,4.800000000000011,135.0,43.0,3.453501122049996,178,92.0,-55.0,0.52
07:41:56,317.07,123.0,319.96,46.0,313.8,150.0,320.5,44.0,318.51,2.8899999999999864,273.0,90.0,3.6248627560227846,363,183.0,176.0,0.5
07:41:57,318.0,21.0,319.0,14.0,317.0,52.0,320.0,28.0,318.5,1.0,73.0,42.0,2.508041068244592,115,31.0,-176.0,0.27
07:41:58,318.56,27.0,319.84,25.0,315.84,69.0,320.93,15.0,319.2,1.2799999999999727,96.0,40.0,2.1128890174359802,136,56.0,21.0,0.41
07:41:59,317.8,30.0,320.15,26.0,312.4,94.0,326.0,16.0,318.98,2.349999999999966,124.0,42.0,0.405240669234489,166,82.0,30.0,0.49
07:42:00,313.0,12.0,322.0,4.0,311.0,56.0,330.0,16.0,317.5,9.0,68.0,20.0,0.6544616107928961,88,48.0,-78.0,0.55
07:42:01,313.62,24.0,331.26,38.0,311.8,105.0,334.5,48.0,322.44,17.639999999999986,129.0,86.0,1.8607202906405904,215,43.0,127.0,0.2
07:42:02,317.38,24.0,333.0,72.0,314.52,123.0,339.0,54.0,325.19,15.620000000000005,147.0,126.0,3.107606796234283,273,21.0,58.0,0.08
07:42:03,318.98,53.0,331.73,55.0,317.31,52.0,333.88,40.0,325.35,12.75,105.0,95.0,3.5673617702724556,200,10.0,-73.0,0.05
07:42:04,318.24,51.0,329.27,55.0,317.38,61.0,330.51,49.0,323.75,11.029999999999973,112.0,104.0,3.214269745992289,216,8.0,16.0,0.04
07:42:05,321.25,36.0,328.86,87.0,320.79,28.0,329.69,65.0,325.06,7.610000000000014,64.0,152.0,1.2467437587576398,216,-88.0,0.0,-0.41
07:42:06,324.23,26.0,326.18,56.0,321.18,44.0,327.07,91.0,325.2,1.9499999999999886,70.0,147.0,0.656543981771998,217,-77.0,1.0,-0.35
07:42:07,325.0,28.0,326.5,40.0,317.0,46.0,327.69,58.0,325.75,1.5,74.0,98.0,0.7564191959495848,172,-24.0,-45.0,-0.14
07:42:08,325.33,21.0,327.0,70.0,314.11,63.0,332.0,28.0,326.17,1.670000000000016,84.0,98.0,0.9171313973477334,182,-14.0,10.0,-0.08
07:42:09,326.0,11.0,327.88,34.0,325.0,22.0,332.43,28.0,326.94,1.8799999999999955,33.0,62.0,0.7654606456251805,95,-29.0,-87.0,-0.31
07:42:10,326.84,19.0,332.0,30.0,325.0,30.0,333.0,60.0,329.42,5.160000000000025,49.0,90.0,1.6499484840445076,139,-41.0,44.0,-0.29
07:42:11,327.09,33.0,331.96,25.0,325.46,26.0,332.96,50.0,329.53,4.8700000000000045,59.0,75.0,1.7981295837621256,134,-16.0,-5.0,-0.12
07:42:12,327.55,22.0,330.1,31.0,326.41,34.0,333.83,48.0,328.82,2.5500000000000114,56.0,79.0,1.5286693560088238,135,-23.0,1.0,-0.17
07:42:13,326.25,16.0,328.75,24.0,319.0,25.0,337.0,24.0,327.5,2.5,41.0,48.0,1.1647403144050563,89,-7.0,-46.0,-0.08
07:42:14,325.16,19.0,328.0,22.0,316.3,46.0,337.0,41.0,326.58,2.839999999999975,65.0,63.0,1.2856515857729203,128,2.0,39.0,0.02
07:42:15,314.15,62.0,334.31,49.0,313.89,66.0,338.17,72.0,324.23,20.160000000000025,128.0,121.0,2.077346865595792,249,7.0,121.0,0.03
07:42:16,321.83,48.0,337.0,14.0,313.43,56.0,338.08,39.0,329.42,15.170000000000016,104.0,53.0,2.0486336910245115,157,51.0,-92.0,0.32
07:42:17,327.92,52.0,337.0,13.0,314.6,55.0,338.0,52.0,332.46,9.079999999999984,107.0,65.0,3.097582928672055,172,42.0,15.0,0.24
07:42:18,316.8,80.0,333.24,21.0,312.96,134.0,335.96,23.0,325.02,16.439999999999998,214.0,44.0,3.390017699068932,258,170.0,86.0,0.66
07:42:19,325.0,55.0,330.18,11.0,317.64,88.0,331.31,13.0,327.59,5.180000000000007,143.0,24.0,3.3481980228177357,167,119.0,-91.0,0.71
07:42:20,325.0,58.0,328.86,14.0,318.32,94.0,331.0,14.0,326.93,3.8600000000000136,152.0,28.0,2.8150541735463253,180,124.0,13.0,0.69
07:42:21,325.0,39.0,328.38,13.0,319.13,62.0,331.63,19.0,326.69,3.3799999999999955,101.0,32.0,2.8043662385645427,133,69.0,-47.0,0.52
07:42:22,322.91,47.0,332.27,22.0,317.74,94.0,335.27,55.0,327.59,9.359999999999957,141.0,77.0,1.0534609627322744,218,64.0,85.0,0.29
07:42:23,318.0,42.0,335.0,24.0,314.0,18.0,336.0,30.0,326.5,17.0,60.0,54.0,0.5072474741196215,114,6.0,-104.0,0.05
07:42:24,318.0,70.0,333.0,40.0,314.0,30.0,335.6,50.0,325.5,15.0,100.0,90.0,0.7596512357659926,190,10.0,76.0,0.05
07:42:25,319.02,51.0,333.0,44.0,317.48,62.0,335.0,55.0,326.01,13.980000000000018,113.0,99.0,0.783498564134497,212,14.0,22.0,0.07
07:42:26,323.17,93.0,333.0,60.0,320.26,72.0,335.0,75.0,328.09,9.829999999999984,165.0,135.0,1.080865394024988,300,30.0,88.0,0.1
07:42:27,330.12,68.0,333.0,68.0,325.64,77.0,335.0,113.0,331.56,2.8799999999999955,145.0,181.0,2.45187071437318,326,-36.0,26.0,-0.11
07:42:28,331.0,44.0,335.0,99.0,320.73,110.0,337.0,33.0,333.0,4.0,154.0,132.0,3.3328171266964097,286,22.0,-40.0,0.08
07:42:29,331.0,44.0,335.0,117.0,323.55,55.0,337.0,39.0,333.0,4.0,99.0,156.0,3.140488815455482,255,-57.0,-31.0,-0.22
07:42:30,326.5,36.0,335.0,108.0,322.38,72.0,337.0,36.0,330.75,8.5,108.0,144.0,2.0280655807939123,252,-36.0,-3.0,-0.14
07:42:31,325.0,24.0,335.0,72.0,322.0,56.0,337.0,24.0,330.0,10.0,80.0,96.0,1.3402313233173127,176,-16.0,-76.0,-0.09
07:42:32,325.0,27.0,335.0,117.0,321.23,123.0,337.0,39.0,330.0,10.0,150.0,156.0,1.537042614894233,306,-6.0,130.0,-0.02
07:42:33,325.0,12.0,335.0,54.0,322.26,38.0,337.0,18.0,330.0,10.0,50.0,72.0,1.2990381056770095,122,-22.0,-176.0,-0.18
07:42:34,325.0,18.0,334.0,30.0,324.0,40.0,335.0,78.0,329.5,9.0,58.0,108.0,0.44721359550098144,166,-50.0,44.0,-0.3
07:42:35,325.0,8.0,333.0,24.0,324.0,32.0,335.0,40.0,329.0,8.0,40.0,64.0,0.44721359550098144,104,-24.0,-62.0,-0.23
07:42:36,325.0,12.0,330.75,36.0,324.0,48.0,335.12,48.0,327.88,5.75,60.0,84.0,0.8836741480890581,144,-24.0,40.0,-0.17
07:42:37,328.91,46.0,333.18,44.0,324.75,16.0,337.29,41.0,331.05,4.269999999999982,62.0,85.0,1.1753637734764952,147,-23.0,3.0,-0.16
07:42:38,329.0,14.0,337.0,40.0,325.0,7.0,338.6,25.0,333.0,8.0,21.0,65.0,1.988084505246396,86,-44.0,-61.0,-0.51
07:42:39,325.73,11.0,337.0,70.0,324.03,37.0,338.71,34.0,331.36,11.269999999999982,48.0,104.0,2.024702447274846,152,-56.0,66.0,-0.37
07:42:40,326.14,21.0,336.59,59.0,324.17,29.0,338.29,62.0,331.37,10.449999999999989,50.0,121.0,1.8695106311547558,171,-71.0,19.0,-0.42
07:42:41,327.0,48.0,333.56,80.0,325.25,16.0,336.0,70.0,330.28,6.560000000000002,64.0,150.0,0.9923053965390767,214,-86.0,43.0,-0.4
07:42:42,327.0,39.0,332.19,62.0,326.0,13.0,335.69,65.0,329.6,5.189999999999998,52.0,127.0,1.2913636203643855,179,-75.0,-35.0,-0.42
07:42:43,327.0,33.0,331.0,40.0,326.0,11.0,332.58,31.0,329.0,4.0,44.0,71.0,1.0543339129520353,115,-27.0,-64.0,-0.23
07:42:44,327.8,30.0,331.12,58.0,326.75,24.0,331.98,48.0,329.46,3.319999999999993,54.0,106.0,0.9206084944213788,160,-52.0,45.0,-0.33
07:42:45,327.1,29.0,328.47,73.0,325.32,37.0,330.22,63.0,327.78,1.3700000000000045,66.0,136.0,0.9283749242633241,202,-70.0,42.0,-0.35
07:42:46,324.8,20.0,327.41,85.0,323.95,65.0,337.0,17.0,326.11,2.6100000000000136,85.0,102.0,1.4621559424360344,187,-17.0,-15.0,-0.09
07:42:47,324.0,44.0,325.64,55.0,321.0,11.0,337.0,11.0,324.82,1.6399999999999864,55.0,66.0,1.9533765637994822,121,-11.0,-66.0,-0.09
07:42:48,324.0,60.0,330.72,36.0,321.0,15.0,336.27,44.0,327.36,6.720000000000027,75.0,80.0,1.7519931506718551,155,-5.0,34.0,-0.03
07:42:49,324.67,60.0,333.6,30.0,323.67,45.0,336.0,15.0,329.13,8.930000000000007,105.0,45.0,1.6440346711675924,150,60.0,-5.0,0.4
07:42:50,325.71,68.0,331.0,31.0,324.0,68.0,334.2,20.0,328.35,5.2900000000000205,136.0,51.0,1.7258997653401422,187,85.0,37.0,0.45
07:42:51,326.0,64.0,328.62,16.0,324.0,64.0,330.0,32.0,327.31,2.6200000000000045,128.0,48.0,1.6249092282343571,176,80.0,-11.0,0.45
07:42:52,326.73,44.0,328.0,11.0,324.0,44.0,330.0,22.0,327.36,1.2699999999999818,88.0,33.0,0.8134310050651106,121,55.0,-55.0,0.45
07:42:53,325.0,72.0,327.44,25.0,320.1,60.0,329.52,29.0,326.22,2.4399999999999977,132.0,54.0,1.1092925673604657,186,78.0,65.0,0.42
07:42:54,324.33,18.0,327.0,24.0,320.56,43.0,328.0,12.0,325.67,2.670000000000016,61.0,36.0,1.051651082822158,97,25.0,-89.0,0.26
07:42:55,324.0,34.0,326.39,28.0,316.18,68.0,330.43,21.0,325.2,2.3899999999999864,102.0,49.0,0.9674037419820437,151,53.0,54.0,0.35
07:42:56,328.2,30.0,337.72,43.0,314.89,57.0,341.64,47.0,332.96,9.520000000000039,87.0,90.0,3.1664996447182867,177,-3.0,26.0,-0.02
07:42:57,331.5,24.0,338.5,42.0,318.89,27.0,343.62,39.0,335.0,7.0,51.0,81.0,4.60810156138094,132,-30.0,-45.0,-0.23
07:42:58,332.0,27.0,338.0,72.0,331.0,18.0,343.89,36.0,335.0,6.0,45.0,108.0,4.940058704104837,153,-63.0,21.0,-0.41
07:42:59,328.36,42.0,337.41,87.0,328.72,25.0,355.23,47.0,332.89,9.050000000000011,67.0,134.0,4.053800685776547,201,-67.0,48.0,-0.33
07:43:00,314.52,23.0,334.1,72.0,310.4,57.0,335.93,81.0,324.31,19.58000000000004,80.0,153.0,4.439726342918255,233,-73.0,32.0,-0.31
07:43:01,314.0,17.0,330.75,48.0,311.24,34.0,333.17,60.0,322.38,16.75,51.0,108.0,6.098305502350771,159,-57.0,-74.0,-0.36
07:43:02,315.0,19.0,329.81,73.0,311.16,57.0,332.33,89.0,322.4,14.810000000000002,76.0,162.0,6.075535367356614,238,-86.0,79.0,-0.36
07:43:03,315.0,8.0,332.0,64.0,312.9,31.0,339.0,40.0,323.5,17.0,39.0,104.0,4.4316058037691635,143,-65.0,-95.0,-0.45
07:43:04,314.25,8.0,332.0,64.0,312.69,29.0,336.5,40.0,323.12,17.75,37.0,104.0,0.8099506157785539,141,-67.0,-2.0,-0.48
07:43:05,313.0,17.0,331.23,104.0,312.0,103.0,333.14,88.0,322.12,18.230000000000018,120.0,192.0,0.57989654249696,312,-72.0,171.0,-0.23
07:43:06,313.0,12.0,331.17,48.0,312.0,84.0,332.83,48.0,322.08,18.170000000000016,96.0,96.0,0.6347282883249459,192,0.0,-120.0,0.0
07:43:07,313.0,12.0,327.46,39.0,312.0,84.0,329.66,53.0,320.23,14.45999999999998,96.0,92.0,1.268621298890964,188,4.0,-4.0,0.02
07:43:08,316.56,18.0,329.0,30.0,312.48,27.0,331.0,44.0,322.78,12.439999999999998,45.0,74.0,1.1174435108763945,119,-29.0,-69.0,-0.24
07:43:09,315.5,32.0,331.0,64.0,312.62,32.0,332.0,40.0,323.25,15.5,64.0,104.0,1.1491605631937436,168,-40.0,49.0,-0.24
07:43:10,313.0,40.0,325.33,60.0,312.0,40.0,331.41,61.0,319.17,12.329999999999984,80.0,121.0,1.7377485433743456,201,-41.0,33.0,-0.2
07:43:11,315.76,29.0,326.31,52.0,312.45,44.0,330.78,46.0,321.03,10.550000000000011,73.0,98.0,1.713715262229887,171,-25.0,-30.0,-0.15
07:43:12,329.0,13.0,330.0,65.0,314.54,41.0,331.0,52.0,329.5,1.0,54.0,117.0,3.8988498303986843,171,-63.0,0.0,-0.37
07:43:13,319.71,21.0,330.0,55.0,313.89,38.0,331.0,44.0,324.86,10.29000000000002,59.0,99.0,3.9605138555495416,158,-40.0,-13.0,-0.25
07:43:14,316.0,27.0,329.07,29.0,311.4,30.0,330.09,44.0,322.53,13.069999999999993,57.0,73.0,3.987689807394739,130,-16.0,-28.0,-0.12
07:43:15,316.64,84.0,326.16,38.0,312.94,48.0,326.61,72.0,321.4,9.520000000000039,132.0,110.0,3.487080440712546,242,22.0,112.0,0.09
07:43:16,317.43,166.0,323.42,24.0,313.67,72.0,324.86,72.0,320.42,5.990000000000009,238.0,96.0,3.619187754179091,334,142.0,92.0,0.43
07:43:17,320.52,105.0,324.4,50.0,319.8,59.0,328.25,80.0,322.46,3.8799999999999955,164.0,130.0,1.656103861477165,294,34.0,-40.0,0.12
07:43:18,322.86,35.0,328.08,76.0,321.04,114.0,332.63,82.0,325.47,5.21999999999997,149.0,158.0,1.8940776119260856,307,-9.0,13.0,-0.03
07:43:19,324.33,18.0,332.0,80.0,323.0,32.0,335.0,80.0,328.17,7.670000000000016,50.0,160.0,3.187182141014214,210,-110.0,-97.0,-0.52
07:43:20,325.98,100.0,333.86,87.0,324.56,18.0,350.06,90.0,329.92,7.8799999999999955,118.0,177.0,3.920761405645642,295,-59.0,85.0,-0.2
07:43:21,326.0,70.0,333.0,20.0,325.0,10.0,334.0,50.0,329.5,7.0,80.0,70.0,3.1242487096901965,150,10.0,-145.0,0.07
07:43:22,326.43,92.0,333.0,32.0,325.0,16.0,334.0,80.0,329.72,6.569999999999993,108.0,112.0,1.85599838362027,220,-4.0,70.0,-0.02
07:43:23,328.0,60.0,333.0,26.0,325.94,35.0,334.0,65.0,330.5,5.0,95.0,91.0,0.8623340420053774,186,4.0,-34.0,0.02
07:43:24,326.94,34.0,332.38,32.0,325.67,18.0,333.79,38.0,329.66,5.439999999999998,52.0,70.0,0.3880721582404786,122,-18.0,-64.0,-0.15
07:43:25,326.0,36.0,333.0,42.0,325.0,12.0,334.0,85.0,329.5,7.0,48.0,127.0,0.41626914370560747,175,-79.0,53.0,-0.45
07:43:26,326.0,21.0,333.0,28.0,325.0,7.0,334.0,35.0,329.5,7.0,28.0,63.0,0.41626914370560747,91,-35.0,-84.0,-0.38
07:43:27,326.0,18.0,333.0,24.0,325.0,6.0,334.0,30.0,329.5,7.0,24.0,54.0,0.43487929359925315,78,-30.0,-13.0,-0.38
07:43:28,326.0,33.0,331.91,22.0,325.0,11.0,333.0,24.0,328.95,5.910000000000025,44.0,46.0,0.27280029325733185,90,-2.0,12.0,-0.02
07:43:29,324.0,22.0,331.0,16.0,317.58,19.0,332.12,16.0,327.5,7.0,41.0,32.0,0.8663140308232082,73,9.0,-17.0,0.12
07:43:30,317.78,46.0,331.0,22.0,315.56,36.0,332.0,22.0,324.39,13.220000000000027,82.0,44.0,2.1609881998754257,126,38.0,53.0,0.3
07:43:31,317.86,35.0,330.71,14.0,315.67,27.0,332.0,14.0,324.29,12.849999999999966,62.0,28.0,2.4714024358651963,90,34.0,-36.0,0.38
07:43:32,322.21,67.0,329.36,22.0,318.67,45.0,332.45,22.0,325.79,7.150000000000034,112.0,44.0,2.0213559805240155,156,68.0,66.0,0.44
07:43:33,324.0,84.0,328.17,24.0,320.0,60.0,333.83,24.0,326.08,4.170000000000016,144.0,48.0,1.3281754402186838,192,96.0,36.0,0.5
07:43:34,324.0,91.0,327.65,23.0,320.0,65.0,332.23,26.0,325.83,3.6499999999999773,156.0,49.0,0.8623688306055631,205,107.0,13.0,0.52
