Time,Bid1_Price,Bid1_Volume,Ask1_Price,Ask1_Volume,Bid2_Price,Bid2_Volume,Ask2_Price,Ask2_Volume,Mid-Price,Bid_Ask_Spread,Market_Depth_Bid,Market_Depth_Ask,Historical_Volatility,Total_volume,Cumulative_Volume_Difference,Total_Volume_Change_Corrected,Order_imbalance
07:30:06,109.62,16.0,180.38,32.0,108.0,56.0,210.0,8.0,145.0,70.75999999999999,72.0,40.0,,112,32.0,63.0,0.29
07:30:07,111.0,4.0,208.0,8.0,108.0,14.0,281.0,8.0,159.5,97.0,18.0,16.0,55.99957214122265,34,2.0,-78.0,0.06
07:30:08,111.0,6.0,197.33,12.0,108.0,21.0,257.33,12.0,154.17,86.33000000000001,27.0,24.0,54.543161991215726,51,3.0,17.0,0.06
07:30:09,108.2,30.0,236.4,20.0,107.26,27.0,384.8,20.0,172.3,128.2,57.0,40.0,47.42580858562139,97,17.0,46.0,0.18
07:30:10,108.0,49.0,111.0,21.0,107.0,35.0,199.5,16.0,109.5,3.0,84.0,37.0,23.72769858203697,121,47.0,24.0,0.39
07:30:11,108.0,21.0,111.0,9.0,107.0,15.0,118.0,3.0,109.5,3.0,36.0,12.0,29.495290810568378,48,24.0,-73.0,0.5
07:30:12,108.0,41.0,110.79,14.0,107.0,30.0,113.8,10.0,109.39,2.7900000000000063,71.0,24.0,30.14144605024781,95,47.0,47.0,0.49
07:30:13,108.0,60.0,111.0,30.0,107.0,50.0,116.2,10.0,109.5,3.0,110.0,40.0,28.097352544323456,150,70.0,55.0,0.47
07:30:14,108.0,42.0,111.86,21.0,107.0,35.0,115.0,7.0,109.93,3.8599999999999994,77.0,28.0,0.21007141642726396,105,49.0,-45.0,0.47
07:30:15,108.0,43.0,110.71,31.0,107.0,40.0,112.14,22.0,109.35,2.7099999999999937,83.0,53.0,0.2311493023994624,136,30.0,31.0,0.22
07:30:16,108.0,39.0,109.9,31.0,107.0,50.0,110.37,19.0,108.95,1.9000000000000057,89.0,50.0,0.35111251757771145,139,39.0,3.0,0.28
07:30:17,107.3,20.0,109.5,40.0,106.68,22.0,111.0,16.0,108.4,2.200000000000003,42.0,56.0,0.579767194656404,98,-14.0,-41.0,-0.14
07:30:18,107.0,14.0,109.0,22.0,106.0,7.0,111.0,28.0,108.0,2.0,21.0,50.0,0.7619908135927603,71,-29.0,-27.0,-0.41
07:30:19,107.88,34.0,109.0,16.0,106.86,14.0,111.0,32.0,108.44,1.1200000000000045,48.0,48.0,0.5259942965467905,96,0.0,25.0,0.0
07:30:20,108.26,58.0,110.93,60.0,107.0,47.0,119.2,86.0,109.6,2.6700000000000017,105.0,146.0,0.6159707785274825,251,-41.0,155.0,-0.16
07:30:21,109.0,50.0,110.16,19.0,107.0,51.0,111.02,49.0,109.58,1.1599999999999966,101.0,68.0,0.7378888805231796,169,33.0,-82.0,0.2
07:30:22,109.0,12.0,111.0,18.0,107.0,18.0,112.0,6.0,110.0,2.0,30.0,24.0,0.8563176980535631,54,6.0,-115.0,0.11
07:30:23,109.83,24.0,111.0,36.0,107.0,30.0,112.0,12.0,110.42,1.1700000000000017,54.0,48.0,0.7379159843774588,102,6.0,48.0,0.06
07:30:24,110.0,24.0,112.0,12.0,107.67,18.0,118.0,60.0,111.0,2.0,42.0,72.0,0.6001666435247354,114,-30.0,12.0,-0.26
07:30:25,110.97,58.0,112.0,9.0,109.94,17.0,118.0,45.0,111.48,1.0300000000000011,75.0,54.0,0.7604472368282681,129,21.0,15.0,0.16
07:30:26,111.0,84.0,112.0,12.0,109.75,16.0,118.0,60.0,111.5,1.0,100.0,72.0,0.6604543890381467,172,28.0,43.0,0.16
07:30:27,111.0,52.0,112.0,7.0,110.0,7.0,118.0,35.0,111.5,1.0,59.0,42.0,0.4756048780235074,101,17.0,-71.0,0.17
07:30:28,111.0,72.0,112.0,9.0,110.0,9.0,118.0,45.0,111.5,1.0,81.0,54.0,0.221540064096227,135,27.0,34.0,0.2
07:30:29,111.0,57.0,112.0,9.0,110.0,9.0,118.0,45.0,111.5,1.0,66.0,54.0,0.008944271896831134,120,12.0,-15.0,0.1
07:30:30,111.0,24.0,112.0,8.0,110.0,8.0,118.0,40.0,111.5,1.0,32.0,48.0,0.0,80,-16.0,-40.0,-0.2
07:30:31,111.0,30.0,112.0,10.0,110.0,10.0,118.0,50.0,111.5,1.0,40.0,60.0,0.0,100,-20.0,20.0,-0.2
07:30:32,108.75,12.0,110.75,12.0,106.9,20.0,115.67,24.0,109.75,2.0,32.0,36.0,0.7826237921247633,68,-4.0,-32.0,-0.06
07:30:33,106.61,23.0,108.06,17.0,105.82,51.0,109.12,17.0,107.33,1.4500000000000028,74.0,34.0,1.8331748416339608,108,40.0,40.0,0.37
07:30:34,106.0,48.0,107.14,22.0,105.0,48.0,108.62,16.0,106.57,1.1400000000000006,96.0,38.0,2.3028134965731897,134,58.0,26.0,0.43
07:30:35,105.82,22.0,106.8,10.0,103.09,46.0,109.69,26.0,106.31,0.980000000000004,68.0,36.0,2.249226533722107,104,32.0,-30.0,0.31
07:30:36,104.0,14.0,107.0,14.0,101.0,154.0,110.53,49.0,105.5,3.0,168.0,63.0,1.6232744684739804,231,105.0,127.0,0.45
07:30:37,101.41,44.0,106.0,8.0,96.11,54.0,109.5,24.0,103.7,4.590000000000003,98.0,32.0,1.383860542106537,130,66.0,-101.0,0.51
07:30:38,102.62,65.0,104.69,13.0,100.31,91.0,108.47,19.0,103.65,2.069999999999993,156.0,32.0,1.399724972985532,188,124.0,58.0,0.66
07:30:39,101.56,66.0,107.67,12.0,98.89,54.0,108.97,34.0,104.61,6.109999999999999,120.0,46.0,1.1541360405079315,166,74.0,-22.0,0.45
07:30:40,102.62,52.0,108.61,18.0,99.76,50.0,165.84,38.0,105.61,5.989999999999995,102.0,56.0,0.9409729007783991,158,46.0,-8.0,0.29
07:30:41,101.24,87.0,109.89,54.0,99.77,61.0,137.19,63.0,105.57,8.650000000000006,148.0,117.0,0.9578204424626326,265,31.0,107.0,0.12
07:30:42,104.23,65.0,108.7,74.0,103.09,96.0,119.69,65.0,106.47,4.469999999999999,161.0,139.0,1.0801481379881939,300,22.0,35.0,0.07
07:30:43,104.0,48.0,107.0,32.0,103.0,120.0,108.75,24.0,105.5,3.0,168.0,56.0,0.6588778338959415,224,112.0,-76.0,0.5
07:30:44,105.0,35.0,107.72,50.0,103.87,117.0,110.0,54.0,106.36,2.719999999999999,152.0,104.0,0.4715612367439165,256,48.0,32.0,0.19
07:30:45,105.38,52.0,108.0,33.0,103.83,80.0,111.0,33.0,106.69,2.6200000000000045,132.0,66.0,0.5458662839922231,198,66.0,-58.0,0.33
07:30:46,107.35,37.0,110.73,33.0,104.68,118.0,177.36,33.0,109.04,3.3800000000000097,155.0,66.0,1.3249037700903286,221,89.0,23.0,0.4
07:30:47,109.0,36.0,127.31,13.0,103.0,135.0,188.44,27.0,118.15,18.310000000000002,171.0,40.0,5.2002471095131435,211,131.0,-10.0,0.62
07:30:48,109.35,46.0,112.0,39.0,105.34,123.0,368.88,41.0,110.67,2.6500000000000057,169.0,80.0,4.791478894871592,249,89.0,38.0,0.36
07:30:49,110.0,12.0,112.0,18.0,109.0,36.0,472.84,19.0,111.0,2.0,48.0,37.0,4.2891899002025955,85,11.0,-164.0,0.13
07:30:50,110.62,16.0,112.0,24.0,109.0,48.0,564.5,32.0,111.31,1.3799999999999955,64.0,56.0,3.529281796626619,120,8.0,35.0,0.07
07:30:51,109.0,24.0,112.0,18.0,103.25,20.0,384.83,23.0,110.5,3.0,44.0,41.0,3.270554998773152,85,3.0,-35.0,0.04
07:30:52,109.0,56.0,111.79,42.0,102.07,212.0,279.98,44.0,110.39,2.7900000000000063,268.0,86.0,0.3780608416642527,354,182.0,169.5,0.51
07:30:53,109.0,25.0,111.0,21.0,106.0,7.0,112.0,21.0,110.0,2.0,32.0,42.0,0.5172523562052377,74,-10.0,-170.5,-0.14
07:30:54,109.0,24.0,110.88,24.0,106.0,8.0,112.0,24.0,109.94,1.8799999999999955,32.0,48.0,0.5490628379337392,80,-16.0,6.0,-0.2
07:30:55,107.5,8.0,111.33,18.0,102.14,72.0,367.43,21.0,109.42,3.8299999999999983,80.0,39.0,0.42708313008103876,119,41.0,39.0,0.34
07:30:56,106.0,7.0,111.21,19.0,102.0,161.0,189.26,23.0,108.61,5.209999999999994,168.0,42.0,0.6867095455866234,210,126.0,91.0,0.6
07:30:57,106.0,11.0,110.0,22.0,102.0,253.0,111.0,55.0,108.0,4.0,264.0,77.0,0.8694711036025021,341,187.0,131.0,0.55
07:30:58,106.0,11.0,109.5,24.0,102.0,253.0,110.92,49.0,107.75,3.5,264.0,73.0,0.9282941344206164,337,191.0,-4.0,0.57
07:30:59,104.55,51.0,108.75,32.0,102.34,158.0,110.32,41.0,106.65,4.200000000000003,209.0,73.0,1.0291404180186836,282,136.0,-55.0,0.48
07:31:00,102.0,360.0,106.92,26.0,74.96,89.0,109.05,21.0,104.46,4.920000000000002,449.0,47.0,1.634359201644369,496,402.0,169.5,0.81
07:31:01,102.0,134.0,105.0,8.0,81.34,68.0,106.0,16.0,103.5,3.0,202.0,24.0,2.0050361592748307,226,178.0,-170.5,0.79
07:31:02,101.8,71.0,107.36,22.0,100.74,127.0,210.54,35.0,104.58,5.560000000000002,198.0,57.0,1.7500199998855805,255,141.0,29.0,0.55
07:31:03,101.0,162.0,102.67,12.0,44.82,22.0,106.5,32.0,101.83,1.6700000000000017,184.0,44.0,1.7550868924356602,228,140.0,-27.0,0.61
07:31:04,101.0,169.0,105.76,21.0,43.07,29.0,106.2,35.0,103.38,4.760000000000005,198.0,56.0,1.1044002897497902,254,142.0,26.0,0.56
07:31:05,102.76,94.0,105.0,14.0,100.32,68.0,106.0,22.0,103.88,2.239999999999995,162.0,36.0,1.0114741716917035,198,126.0,-56.0,0.64
07:31:06,101.89,111.0,105.0,23.0,92.92,48.0,106.0,18.0,103.45,3.1099999999999994,159.0,41.0,1.0109055346566351,200,118.0,2.0,0.59
07:31:07,101.0,65.0,105.0,9.0,70.0,16.0,106.0,10.0,103.0,4.0,81.0,19.0,0.7797243102529268,100,62.0,-100.0,0.62
07:31:08,101.52,81.0,104.56,18.0,99.14,120.0,105.85,20.0,103.04,3.0400000000000063,201.0,38.0,0.3572114219890175,239,163.0,139.0,0.68
07:31:09,102.78,36.0,105.0,27.0,98.33,117.0,108.0,9.0,103.89,2.219999999999999,153.0,36.0,0.43274703927285385,189,117.0,-50.0,0.62
07:31:10,99.57,42.0,105.36,14.0,94.2,60.0,267.6,10.0,102.46,5.790000000000006,102.0,24.0,0.5354157263280714,126,78.0,-63.0,0.62
07:31:11,98.35,86.0,107.0,11.0,95.99,101.0,246.12,32.0,102.67,8.650000000000006,187.0,43.0,0.5462325512081959,230,144.0,104.0,0.63
07:31:12,101.24,108.0,206.98,43.0,100.83,35.0,290.67,45.0,154.11,105.74,143.0,88.0,22.85690552108924,231,55.0,1.0,0.24
07:31:13,108.86,42.0,225.0,21.0,107.29,7.0,300.0,21.0,166.93,116.14,49.0,42.0,31.830444860227754,91,7.0,-140.0,0.08
07:31:14,109.5,48.0,180.53,17.0,108.0,8.0,227.88,24.0,145.01,71.03,56.0,41.0,29.94194015089869,97,15.0,6.0,0.15
07:31:15,110.29,34.0,171.0,10.0,109.2,10.0,223.8,15.0,140.65,60.709999999999994,44.0,25.0,24.113321629340046,69,19.0,-28.0,0.28
07:31:16,111.0,68.0,248.0,21.0,110.0,48.0,345.0,24.0,179.5,137.0,116.0,45.0,16.000012499995037,161,71.0,92.0,0.44
07:31:18,111.0,66.0,394.33,36.0,110.0,72.0,408.7,44.0,252.67,283.33,138.0,80.0,60.24975186670891,218,58.0,-46.0,0.27
07:31:19,110.07,30.0,377.81,26.0,109.63,19.0,437.24,29.0,243.94,267.74,49.0,55.0,54.717562354330006,104,-6.0,-114.0,-0.06
07:31:20,110.0,48.0,376.92,36.0,109.0,12.0,515.0,24.0,243.46,266.92,60.0,60.0,34.22866591031545,120,0.0,16.0,0.0
07:31:21,111.0,94.0,267.41,22.0,110.0,40.0,330.14,29.0,189.2,156.41000000000003,134.0,51.0,30.12843789511815,185,83.0,65.0,0.45
07:31:22,111.0,72.0,134.06,18.0,110.0,32.0,197.86,14.0,122.53,23.060000000000002,104.0,32.0,55.17068288502503,136,72.0,-49.0,0.53
07:31:23,111.0,70.0,131.88,24.0,110.0,40.0,133.12,16.0,121.44,20.879999999999995,110.0,40.0,60.925332826337495,150,70.0,14.0,0.47
07:31:24,110.2,30.0,128.31,26.0,109.0,16.0,130.07,14.0,119.25,18.11,46.0,40.0,55.60182937637932,86,6.0,-64.0,0.07
07:31:25,108.89,35.0,125.71,45.0,107.11,45.0,127.6,20.0,117.3,16.819999999999993,80.0,65.0,30.954770714705653,145,15.0,59.0,0.1
07:31:26,110.0,40.0,121.75,24.0,109.0,10.0,123.38,26.0,115.88,11.75,50.0,50.0,2.770803132667437,100,0.0,-45.0,0.0
07:31:27,110.0,52.0,119.25,16.0,109.0,55.0,121.03,36.0,114.62,9.25,107.0,52.0,2.7087303298777674,159,55.0,59.0,0.35
07:31:28,109.59,54.0,115.73,22.0,108.7,92.0,118.21,28.0,112.66,6.140000000000001,146.0,50.0,2.51545622104615,196,96.0,37.0,0.49
07:31:29,108.38,34.0,110.82,39.0,107.75,121.0,198.6,47.0,109.6,2.4399999999999977,155.0,86.0,2.998486284777674,241,69.0,45.0,0.29
07:31:30,108.0,70.0,110.0,24.0,107.0,120.0,376.74,43.0,109.0,2.0,190.0,67.0,3.02054961886075,257,123.0,16.0,0.48
07:31:31,108.0,50.0,109.17,24.0,107.0,120.0,245.92,24.0,108.58,1.1700000000000017,170.0,48.0,2.627645333754126,218,122.0,-39.0,0.56
07:31:32,107.05,116.0,108.31,26.0,105.67,48.0,230.25,24.0,107.68,1.2600000000000051,164.0,50.0,1.8976511797482163,214,114.0,-4.0,0.53
07:31:33,106.62,47.0,125.48,23.0,104.18,22.0,245.65,17.0,116.05,18.86,69.0,40.0,3.353940965491166,109,29.0,-105.0,0.27
07:31:34,104.18,11.0,114.0,12.0,101.6,15.0,628.75,16.0,109.09,9.819999999999993,26.0,28.0,3.3836888154793145,54,-2.0,-55.0,-0.04
07:31:35,105.5,24.0,140.91,33.0,104.0,36.0,454.78,45.0,123.2,35.41,60.0,78.0,6.641487032284256,138,-18.0,84.0,-0.13
07:31:36,110.69,26.0,154.5,36.0,106.53,19.0,387.62,32.0,132.6,43.81,45.0,68.0,10.362337091602456,113,-23.0,-25.0,-0.2
07:31:37,111.0,56.0,131.33,60.0,107.69,52.0,194.67,54.0,121.17,20.330000000000013,108.0,114.0,8.719361788571462,222,-6.0,109.0,-0.03
07:31:38,103.41,17.0,153.72,39.0,101.17,24.0,242.53,43.0,128.56,50.31,41.0,82.0,8.943177846828286,123,-41.0,-99.0,-0.33
07:31:40,107.05,19.0,340.26,19.0,62.84,32.0,424.3,27.0,223.66,233.20999999999998,51.0,46.0,67.01137231843563,97,5.0,-7.0,0.05
07:31:41,110.0,54.0,235.31,29.0,102.0,9.0,255.84,31.0,172.66,125.31,63.0,60.0,62.96233636071649,123,3.0,26.0,0.02
07:31:42,110.0,36.0,136.0,6.0,102.0,6.0,231.0,18.0,123.0,26.0,42.0,24.0,62.51746539967853,66,18.0,-57.0,0.27
07:31:43,110.0,78.0,134.0,25.0,102.0,13.0,237.0,38.0,122.0,24.0,91.0,63.0,64.00397393912351,154,28.0,88.0,0.18
07:31:44,110.47,68.0,129.5,54.0,108.81,47.0,182.67,33.0,119.99,19.03,115.0,87.0,45.62698784710647,202,28.0,48.0,0.14
07:31:45,111.0,40.0,127.71,35.0,110.0,50.0,129.09,35.0,119.36,16.709999999999994,90.0,70.0,23.110913439325618,160,20.0,-42.0,0.12
07:31:46,111.0,40.0,126.34,29.0,108.74,38.0,201.48,21.0,118.67,15.340000000000003,78.0,50.0,1.827191834482905,128,28.0,-32.0,0.22
07:31:47,111.0,41.0,125.33,27.0,105.27,44.0,126.18,33.0,118.17,14.329999999999998,85.0,60.0,1.4893186361557988,145,25.0,17.0,0.17
07:31:48,111.0,43.0,123.77,44.0,106.64,75.0,125.1,31.0,117.39,12.769999999999996,118.0,75.0,1.0119683789530904,193,43.0,48.0,0.22
07:31:49,108.23,52.0,123.0,42.0,106.18,88.0,125.0,28.0,115.62,14.769999999999996,140.0,70.0,1.4351898829078105,210,70.0,17.0,0.33
07:31:50,108.0,19.0,122.0,36.0,106.0,91.0,123.34,29.0,115.0,14.0,110.0,65.0,1.5976388828521104,175,45.0,-35.0,0.26
07:31:51,107.26,19.0,119.13,30.0,105.95,86.0,119.94,35.0,113.2,11.86999999999999,105.0,65.0,1.9715805842016547,170,40.0,-5.0,0.24
07:31:52,106.0,84.0,115.52,31.0,104.0,24.0,142.58,36.0,110.76,9.519999999999996,108.0,67.0,2.5237828749718045,175,41.0,5.0,0.23
07:31:53,106.0,63.0,114.33,27.0,104.69,39.0,151.0,27.0,110.17,8.329999999999998,102.0,54.0,2.4453220646779776,156,48.0,-19.0,0.31
07:31:54,106.18,51.0,112.27,11.0,105.27,33.0,117.22,27.0,109.22,6.089999999999989,84.0,38.0,2.372256309929634,122,46.0,-34.0,0.38
07:31:55,106.11,56.0,111.04,26.0,104.82,34.0,112.14,22.0,108.57,4.930000000000007,90.0,48.0,1.7862334673835276,138,42.0,16.0,0.3
07:31:56,108.04,189.0,109.73,15.0,107.11,123.0,195.15,47.0,108.89,1.6899999999999977,312.0,62.0,0.9150792315428117,374,250.0,169.5,0.67
07:31:57,108.05,126.0,307.43,14.0,106.86,70.0,317.97,33.0,207.74,199.38,196.0,47.0,44.06690447490045,243,149.0,-131.0,0.61
07:31:58,109.0,51.0,180.56,18.0,108.0,150.0,331.43,14.0,144.78,71.56,201.0,32.0,43.093251791898936,233,169.0,-10.0,0.73
07:31:59,109.54,39.0,255.94,35.0,107.75,36.0,280.31,13.0,182.74,146.39999999999998,75.0,48.0,44.26641198470914,123,27.0,-110.0,0.22
07:32:00,110.0,33.0,214.18,11.0,109.0,33.0,276.39,23.0,162.09,104.18,66.0,34.0,37.53890075641534,100,32.0,-23.0,0.32
07:32:01,110.0,20.0,112.05,21.0,109.0,27.0,112.57,21.0,111.02,2.049999999999997,47.0,42.0,36.801021453215135,89,5.0,-11.0,0.06
07:32:02,109.05,19.0,112.0,65.0,107.08,75.0,259.11,19.0,110.53,2.950000000000003,94.0,84.0,31.705426507145454,178,10.0,89.0,0.06
07:32:03,109.0,11.0,111.73,55.0,107.0,66.0,199.76,42.0,110.36,2.730000000000004,77.0,97.0,34.61690728531366,174,-20.0,-4.0,-0.11
07:32:04,107.72,81.0,110.03,58.0,106.63,67.0,153.31,59.0,108.88,2.3100000000000023,148.0,117.0,23.220758600872674,265,31.0,91.0,0.12
07:32:05,108.21,68.0,120.68,57.0,107.35,77.0,355.05,42.0,114.45,12.470000000000013,145.0,99.0,2.06253969658825,244,46.0,-21.0,0.19
07:32:07,110.23,13.0,216.08,52.0,107.0,65.0,356.23,52.0,163.15,105.85000000000001,78.0,104.0,72.59522594496144,182,-26.0,21.0,-0.14
07:32:08,111.0,12.0,204.0,32.0,107.58,31.0,288.0,32.0,157.5,93.0,43.0,64.0,68.26992258674389,107,-21.0,-75.0,-0.2
07:32:09,111.0,7.0,140.89,27.0,107.19,32.0,247.0,28.0,125.94,29.889999999999986,39.0,55.0,65.15062263708616,94,-16.0,-13.0,-0.17
07:32:10,111.0,47.0,138.92,36.0,107.0,60.0,141.0,48.0,124.96,27.919999999999987,107.0,84.0,63.133068751645546,191,23.0,97.0,0.12
07:32:11,111.0,72.0,136.25,36.0,107.0,60.0,225.0,48.0,123.62,25.25,132.0,84.0,19.55566618655585,216,48.0,25.0,0.22
07:32:12,111.0,66.0,134.55,33.0,107.0,57.0,309.0,44.0,122.77,23.55000000000001,123.0,77.0,14.887273759826012,200,46.0,-16.0,0.23
07:32:13,111.0,23.0,131.31,58.0,107.0,78.0,132.85,40.0,121.16,20.310000000000002,101.0,98.0,1.8659849945818552,199,3.0,-1.0,0.02
07:32:14,111.0,11.0,127.14,51.0,107.0,66.0,128.24,38.0,119.07,16.14,77.0,89.0,2.2787123556966846,166,-12.0,-33.0,-0.07
07:32:15,111.0,8.0,126.44,36.0,107.69,39.0,127.26,31.0,118.72,15.439999999999998,47.0,67.0,2.1750333330790164,114,-20.0,-52.0,-0.18
07:32:16,110.76,17.0,122.44,59.0,109.85,41.0,123.46,61.0,116.6,11.679999999999993,58.0,120.0,2.372620913674352,178,-62.0,64.0,-0.35
07:32:17,110.0,28.0,116.7,54.0,107.39,51.0,117.79,53.0,113.35,6.700000000000003,79.0,107.0,2.9575919258756933,186,-28.0,8.0,-0.15
07:32:18,109.8,15.0,115.11,36.0,107.89,27.0,116.33,36.0,112.46,5.310000000000002,42.0,72.0,3.030239264481473,114,-30.0,-72.0,-0.26
07:32:19,109.0,8.0,113.33,30.0,107.0,40.0,114.75,32.0,111.17,4.329999999999998,48.0,62.0,3.113815986856852,110,-14.0,-4.0,-0.13
07:32:20,108.26,34.0,110.5,56.0,107.36,70.0,112.43,47.0,109.38,2.239999999999995,104.0,103.0,2.692353988613944,207,1.0,97.0,0.0
07:32:21,107.85,53.0,111.2,40.0,106.91,47.0,114.72,36.0,109.52,3.3500000000000085,100.0,76.0,1.7566246041785585,176,24.0,-31.0,0.14
07:32:22,107.06,67.0,109.5,32.0,106.18,34.0,111.0,64.0,108.28,2.4399999999999977,101.0,96.0,1.6479138327004625,197,5.0,21.0,0.03
07:32:23,106.33,27.0,108.96,23.0,102.2,123.0,110.91,46.0,107.64,2.6299999999999955,150.0,69.0,1.3505258235241537,219,81.0,22.0,0.37
07:32:24,106.0,19.0,107.0,40.0,102.0,91.0,108.18,11.0,106.5,1.0,110.0,51.0,1.2574100365456145,161,59.0,-58.0,0.37
07:32:25,102.05,73.0,106.39,18.0,101.23,35.0,189.88,25.0,104.22,4.340000000000003,108.0,43.0,2.006718714719557,151,65.0,-10.0,0.43
07:32:26,102.0,61.0,103.9,10.0,101.0,24.0,104.64,14.0,102.95,1.9000000000000057,85.0,24.0,2.2679991181668955,109,61.0,-42.0,0.56
07:32:27,102.0,36.0,105.11,9.0,101.0,27.0,108.0,18.0,103.56,3.1099999999999994,63.0,27.0,2.006285124304592,90,36.0,-19.0,0.4
07:32:28,102.81,91.0,105.86,14.0,102.44,82.0,157.62,26.0,104.34,3.049999999999997,173.0,40.0,1.343234901275998,213,133.0,123.0,0.62
07:32:29,103.0,164.0,267.33,30.0,101.44,50.0,413.74,38.0,185.17,164.32999999999998,214.0,68.0,36.40857550083503,282,146.0,69.0,0.52
07:32:30,104.61,137.0,388.67,42.0,103.17,53.0,473.65,23.0,246.64,284.06,190.0,65.0,65.23161633747858,255,125.0,-27.0,0.49
07:32:31,105.26,80.0,232.38,39.0,104.0,45.0,404.0,24.0,168.82,127.11999999999999,125.0,63.0,60.18049501291928,188,62.0,-67.0,0.33
07:32:32,108.14,88.0,263.4,47.0,102.27,56.0,530.43,21.0,185.77,155.26,144.0,68.0,50.82614947052356,212,76.0,24.0,0.36
07:32:33,111.0,40.0,161.1,31.0,109.0,70.0,212.67,43.0,136.05,50.099999999999994,110.0,74.0,40.1768148314423,184,36.0,-28.0,0.2
07:32:34,111.0,10.0,159.0,7.0,109.0,49.0,161.0,28.0,135.0,48.0,59.0,35.0,45.831478592775106,94,24.0,-90.0,0.26
07:32:35,109.8,10.0,159.0,6.0,107.22,36.0,161.0,24.0,134.4,49.2,46.0,30.0,23.856275275071845,76,16.0,-18.0,0.21
07:32:36,109.0,21.0,157.26,19.0,101.0,28.0,160.25,16.0,133.13,48.25999999999999,49.0,35.0,22.88813994190014,84,14.0,8.0,0.17
07:32:37,109.0,17.0,155.95,38.0,101.0,44.0,157.06,17.0,132.47,46.94999999999999,61.0,55.0,1.435252591011235,116,6.0,32.0,0.05
07:32:39,109.0,9.0,150.95,21.0,107.0,36.0,151.54,24.0,129.98,41.94999999999999,45.0,45.0,1.6095496264497464,90,0.0,1.0,0.0
07:32:40,109.0,10.0,124.97,33.0,107.0,40.0,147.18,22.0,116.98,15.969999999999999,50.0,55.0,6.823395782160429,105,-5.0,15.0,-0.05
07:32:41,107.79,43.0,115.26,43.0,106.89,54.0,123.0,40.0,111.52,7.469999999999999,97.0,83.0,9.761622815905415,180,14.0,75.0,0.08
07:32:42,108.58,81.0,112.0,72.0,106.97,108.0,113.19,63.0,110.29,3.4200000000000017,189.0,135.0,10.354811442030492,324,54.0,144.0,0.17
07:32:43,107.13,63.0,115.3,20.0,105.69,16.0,178.0,10.0,111.21,8.170000000000002,79.0,30.0,8.246504107802659,109,49.0,-170.5,0.45
07:32:44,107.0,102.0,111.92,25.0,104.0,17.0,112.73,26.0,109.46,4.920000000000002,119.0,51.0,2.956868275727994,170,68.0,61.0,0.4
07:32:45,106.76,50.0,108.35,23.0,102.37,49.0,110.38,16.0,107.55,1.5899999999999892,99.0,39.0,1.5931509658556575,138,60.0,-32.0,0.43
07:32:46,104.0,10.0,108.5,14.0,102.0,70.0,109.25,16.0,106.25,4.5,80.0,30.0,2.0256653228030856,110,50.0,-28.0,0.45
07:32:47,104.0,9.0,107.92,13.0,102.0,63.0,111.0,14.0,105.96,3.9200000000000017,72.0,27.0,2.226281653341962,99,45.0,-11.0,0.45
07:32:48,106.52,44.0,108.45,22.0,105.04,23.0,124.36,11.0,107.49,1.9300000000000068,67.0,33.0,1.3832461819962147,100,34.0,1.0,0.34
07:32:49,106.62,40.0,162.33,12.0,105.5,20.0,252.29,14.0,134.48,55.71000000000001,60.0,26.0,12.393935210416682,86,34.0,-14.0,0.4
07:32:51,107.2,46.0,156.2,20.0,104.67,18.0,186.45,22.0,131.7,48.999999999999986,64.0,42.0,43.97804486331792,106,22.0,10.0,0.21
07:32:52,111.0,45.0,129.44,9.0,106.0,27.0,130.44,9.0,120.22,18.439999999999998,72.0,18.0,41.731983298185135,90,54.0,-16.0,0.6
07:32:53,111.0,65.0,127.46,13.0,106.0,39.0,128.92,13.0,119.23,16.459999999999994,104.0,26.0,39.61554404523561,130,78.0,40.0,0.6
07:32:54,111.0,65.0,125.54,13.0,106.0,39.0,126.77,13.0,118.27,14.540000000000006,104.0,26.0,41.20681339293301,130,78.0,0.0,0.6
07:32:55,111.0,75.0,120.18,22.0,107.2,25.0,121.41,22.0,115.59,9.180000000000007,100.0,44.0,6.223991484570565,144,56.0,14.0,0.39
07:32:56,110.67,46.0,116.25,12.0,108.58,12.0,119.24,17.0,113.46,5.579999999999998,58.0,29.0,2.7770181850336533,87,29.0,-57.0,0.33
07:32:57,106.0,39.0,111.94,18.0,104.0,13.0,114.46,13.0,108.97,5.939999999999998,52.0,31.0,4.111335549430137,83,21.0,-4.0,0.25
07:32:58,106.43,37.0,108.85,13.0,105.44,25.0,231.23,26.0,107.64,2.4199999999999875,62.0,39.0,4.456291058717823,101,23.0,18.0,0.23
07:32:59,107.0,48.0,108.75,12.0,106.0,36.0,426.38,16.0,107.88,1.75,84.0,28.0,3.599940277283612,112,56.0,11.0,0.5
07:33:00,107.0,22.0,322.2,20.0,106.0,21.0,466.56,9.0,214.6,215.2,43.0,29.0,47.06632554172893,72,14.0,-40.0,0.19
07:33:01,107.65,43.0,408.35,31.0,106.58,36.0,458.95,38.0,258.0,300.70000000000005,79.0,69.0,71.84286895719018,148,10.0,76.0,0.07
07:33:02,107.92,48.0,268.73,30.0,106.85,39.0,340.31,35.0,188.33,160.81,87.0,65.0,66.4772374576441,152,22.0,4.0,0.14
07:33:03,106.53,30.0,196.73,30.0,104.6,45.0,393.14,21.0,151.63,90.19999999999999,75.0,51.0,57.604560322946625,126,24.0,-26.0,0.19
07:33:04,106.86,28.0,189.89,19.0,103.7,30.0,272.54,28.0,148.38,83.02999999999999,58.0,47.0,45.85982304806676,105,11.0,-21.0,0.1
07:33:05,106.0,30.0,124.84,51.0,104.07,45.0,135.93,67.0,115.42,18.840000000000003,75.0,118.0,54.39712097161024,193,-43.0,88.0,-0.22
07:33:06,104.62,26.0,108.31,32.0,102.3,69.0,153.88,41.0,106.46,3.6899999999999977,95.0,73.0,32.594050530733455,168,22.0,-25.0,0.13
07:33:07,104.45,33.0,108.55,44.0,102.22,96.0,213.57,35.0,106.5,4.099999999999994,129.0,79.0,22.534644882935456,208,50.0,40.0,0.24
07:33:08,105.43,56.0,115.68,37.0,103.57,63.0,170.69,35.0,110.55,10.25,119.0,72.0,17.671146538920755,191,47.0,-17.0,0.25
07:33:09,106.06,82.0,142.25,24.0,102.66,157.0,409.65,37.0,124.16,36.19,239.0,61.0,7.427928378761613,300,178.0,109.0,0.59
07:33:10,108.42,86.0,317.2,41.0,107.21,58.0,458.98,41.0,212.81,208.77999999999997,144.0,82.0,45.700983906257505,226,62.0,-74.0,0.27
07:33:11,110.49,49.0,310.0,19.0,108.82,56.0,386.33,49.0,210.24,199.51,105.0,68.0,53.96652267841613,173,37.0,-53.0,0.21
07:33:12,110.0,69.0,338.98,59.0,107.0,60.0,376.36,50.0,224.49,228.98000000000002,129.0,109.0,54.42588860092225,238,20.0,65.0,0.08
07:33:13,110.0,36.0,188.5,24.0,107.47,45.0,205.8,30.0,149.25,78.5,81.0,54.0,44.57073423222907,135,27.0,-103.0,0.2
07:33:14,110.0,24.0,188.5,24.0,108.0,42.0,314.0,15.0,149.25,78.5,66.0,39.0,36.869711417367974,105,27.0,-30.0,0.26
07:33:15,110.0,36.0,187.44,36.0,108.0,63.0,381.56,27.0,148.72,77.44,99.0,63.0,37.743279534242895,162,36.0,57.0,0.22
07:33:16,110.0,36.0,142.0,18.0,108.0,63.0,187.0,36.0,126.0,32.0,99.0,54.0,37.65725255511882,153,45.0,-9.0,0.29
07:33:17,108.0,62.0,158.36,22.0,107.0,36.0,216.5,32.0,133.18,50.360000000000014,98.0,54.0,10.971369558993459,152,44.0,-1.0,0.29
07:33:18,108.0,50.0,186.53,53.0,107.0,48.0,344.59,46.0,147.26,78.53,98.0,99.0,10.641091109468446,197,-1.0,45.0,-0.01
07:33:19,108.0,44.0,184.55,55.0,107.0,44.0,187.0,44.0,146.27,76.55000000000001,88.0,99.0,10.126232270692226,187,-11.0,-10.0,-0.06
07:33:20,108.0,24.0,183.0,40.0,107.0,32.0,187.0,32.0,145.5,75.0,56.0,72.0,9.541253586400941,128,-16.0,-59.0,-0.12
07:33:21,107.86,21.0,182.85,65.0,106.8,25.0,187.0,52.0,145.35,74.99,46.0,117.0,5.825261367527455,163,-71.0,35.0,-0.44
07:33:22,109.0,24.0,180.08,48.0,107.0,92.0,213.67,60.0,144.54,71.08000000000001,116.0,108.0,1.0285086290388528,224,8.0,61.0,0.04
07:33:23,107.08,50.0,179.35,23.0,106.6,15.0,206.0,30.0,143.21,72.27,65.0,53.0,1.1616496890231334,118,12.0,-106.0,0.1
07:33:24,107.24,51.0,165.76,37.0,106.8,30.0,178.55,31.0,136.5,58.519999999999996,81.0,68.0,3.7562015387899357,149,13.0,31.0,0.09
07:33:25,111.0,13.0,156.79,42.0,107.0,104.0,158.2,50.0,133.89,45.78999999999999,117.0,92.0,5.164404128261879,209,25.0,60.0,0.12
07:33:26,111.0,34.0,153.91,47.0,107.0,96.0,154.92,37.0,132.46,42.91,130.0,84.0,5.469858316264575,214,46.0,5.0,0.21
07:33:27,111.0,11.0,152.73,33.0,107.0,72.0,153.6,30.0,131.86,41.72999999999999,83.0,63.0,4.62309744651885,146,20.0,-68.0,0.14
07:33:28,111.0,12.0,150.62,45.0,108.0,48.0,151.54,39.0,130.81,39.620000000000005,60.0,84.0,2.200870282413166,144,-24.0,-2.0,-0.17
07:33:29,111.0,18.0,146.37,70.0,110.0,36.0,149.17,63.0,128.69,35.370000000000005,54.0,133.0,1.9446516397569937,187,-79.0,43.0,-0.42
07:33:30,108.82,33.0,144.94,66.0,107.55,98.0,146.38,58.0,126.88,36.120000000000005,131.0,124.0,2.319471922660353,255,7.0,68.0,0.03
07:33:31,108.0,45.0,141.65,55.0,107.0,150.0,142.66,58.0,124.83,33.650000000000006,195.0,113.0,2.858763718814458,308,82.0,53.0,0.27
07:33:32,108.65,34.0,138.0,60.0,107.45,73.0,139.1,59.0,123.32,29.349999999999994,107.0,119.0,2.9830236338336293,226,-12.0,-82.0,-0.05
07:33:33,109.0,20.0,133.74,34.0,108.0,30.0,134.8,40.0,121.37,24.74000000000001,50.0,74.0,2.8799774304688777,124,-24.0,-102.0,-0.19
07:33:34,109.0,36.0,121.88,34.0,108.0,42.0,123.18,45.0,115.44,12.879999999999995,78.0,79.0,4.368039606048726,157,-1.0,33.0,-0.01
07:33:35,109.0,36.0,115.75,40.0,108.0,42.0,117.84,43.0,112.38,6.75,78.0,83.0,5.33083201761325,161,-5.0,4.0,-0.03
07:33:36,108.88,25.0,111.11,27.0,107.77,43.0,111.73,45.0,110.0,2.230000000000004,68.0,72.0,5.713520805948886,140,-4.0,-21.0,-0.03
07:33:37,108.0,33.0,110.58,12.0,107.0,110.0,111.62,34.0,109.29,2.5799999999999983,143.0,46.0,4.917746435107352,189,97.0,49.0,0.51
07:33:38,108.0,36.0,109.77,26.0,107.0,120.0,110.71,14.0,108.88,1.769999999999996,156.0,40.0,2.7313220242240384,196,116.0,7.0,0.59
07:33:39,108.0,20.0,109.94,17.0,107.0,90.0,391.67,24.0,108.97,1.9399999999999977,110.0,41.0,1.4523876892935377,151,69.0,-45.0,0.46
07:33:40,107.0,84.0,110.0,24.0,106.0,108.0,155.83,36.0,108.5,3.0,192.0,60.0,0.5629120712966705,252,132.0,101.0,0.52
07:33:41,107.0,42.0,108.2,20.0,106.0,90.0,139.0,30.0,107.6,1.2000000000000028,132.0,50.0,0.6499769226761527,182,82.0,-70.0,0.45
07:33:42,106.54,39.0,108.0,18.0,105.94,65.0,157.29,35.0,107.27,1.4599999999999937,104.0,53.0,0.7681991929256329,157,51.0,-25.0,0.32
07:33:43,106.0,72.0,108.0,16.0,104.0,8.0,492.77,22.0,107.0,2.0,80.0,38.0,0.8361638595464533,118,42.0,-39.0,0.36
07:33:44,106.26,46.0,346.03,29.0,105.86,58.0,453.54,26.0,226.15,239.76999999999998,104.0,55.0,53.023540338231,159,49.0,41.0,0.31
07:33:45,106.0,42.0,376.5,18.0,104.0,6.0,396.17,18.0,241.25,270.5,48.0,36.0,69.44345059111052,84,12.0,-75.0,0.14
07:33:46,106.03,58.0,382.0,27.0,104.93,15.0,426.46,13.0,244.02,275.97,73.0,40.0,71.53076799531797,113,33.0,29.0,0.29
07:33:47,108.6,10.0,210.89,27.0,106.7,23.0,291.71,17.0,159.74,102.28999999999999,33.0,44.0,60.20302293074663,77,-11.0,-36.0,-0.14
07:33:48,110.38,13.0,187.71,21.0,107.55,11.0,218.69,13.0,149.05,77.33000000000001,24.0,34.0,45.984308954250935,58,-10.0,-19.0,-0.17
07:33:49,111.0,18.0,207.0,18.0,110.0,12.0,245.0,6.0,159.0,96.0,30.0,24.0,47.68757773257102,54,6.0,-4.0,0.11
07:33:50,111.0,16.0,245.0,7.0,110.0,14.0,330.0,21.0,178.0,134.0,30.0,28.0,38.3769568882162,58,2.0,4.0,0.03
07:33:51,110.29,7.0,245.0,6.0,106.22,37.0,477.43,14.0,177.64,134.70999999999998,44.0,20.0,12.711674948644877,64,24.0,6.0,0.38
07:33:52,110.0,9.0,190.43,14.0,106.0,63.0,456.08,13.0,150.21,80.43,72.0,27.0,14.258981380168986,99,45.0,35.0,0.45
07:33:53,110.0,9.0,137.0,18.0,106.0,63.0,359.63,19.0,123.5,27.0,72.0,37.0,22.56722845189471,109,35.0,10.0,0.32
07:33:54,107.0,16.0,137.0,16.0,104.82,68.0,397.0,12.0,122.0,30.0,84.0,28.0,27.54042120229839,112,56.0,3.0,0.5
07:33:55,106.86,29.0,137.0,14.0,104.67,30.0,297.09,11.0,121.93,30.14,59.0,25.0,24.694801679705947,84,34.0,-28.0,0.4
07:33:56,109.24,21.0,136.08,24.0,107.76,42.0,158.0,31.0,122.66,26.840000000000018,63.0,55.0,12.398352713163515,118,8.0,34.0,0.07
07:33:57,109.11,18.0,135.0,20.0,108.38,26.0,388.67,21.0,122.06,25.89,44.0,41.0,0.6651315659397142,85,3.0,-33.0,0.04
07:33:58,108.5,12.0,134.67,12.0,106.0,20.0,370.33,12.0,121.58,26.169999999999987,32.0,24.0,0.39048687559180967,56,8.0,-29.0,0.14
07:33:59,106.0,21.0,133.36,22.0,104.0,110.0,311.08,26.0,119.68,27.360000000000014,131.0,48.0,1.1323956905646935,179,83.0,123.0,0.46
07:34:00,109.91,32.0,130.25,24.0,104.13,75.0,131.67,24.0,120.08,20.340000000000003,107.0,48.0,1.282544346215569,155,59.0,-24.0,0.38
07:34:02,106.57,37.0,120.64,22.0,106.56,25.0,122.0,33.0,113.6,14.070000000000007,62.0,55.0,3.0585813705065523,117,7.0,-35.0,0.06
07:34:03,104.0,104.0,118.93,28.0,102.0,39.0,120.74,34.0,111.46,14.930000000000007,143.0,62.0,3.85620538872217,205,81.0,88.0,0.4
07:34:04,104.3,66.0,114.8,35.0,103.31,61.0,116.08,24.0,109.55,10.5,127.0,59.0,4.447850042437358,186,68.0,-19.0,0.37
07:34:05,107.4,60.0,112.43,23.0,106.0,20.0,113.62,26.0,109.92,5.030000000000001,80.0,49.0,3.528151073864341,129,31.0,-57.0,0.24
07:34:06,108.0,57.0,109.67,24.0,106.0,24.0,111.0,24.0,108.83,1.6700000000000017,81.0,48.0,1.8981227568337569,129,33.0,0.0,0.26
07:34:07,108.32,19.0,109.82,22.0,106.48,31.0,150.7,23.0,109.07,1.5,50.0,45.0,1.0368847573429825,95,5.0,-34.0,0.05
07:34:08,109.73,22.0,184.1,20.0,107.24,34.0,350.86,28.0,146.91,74.36999999999999,56.0,48.0,16.806004284183977,104,8.0,9.0,0.08
07:34:09,110.86,29.0,274.31,13.0,109.95,21.0,424.71,17.0,192.58,163.45,50.0,30.0,36.85009321562173,80,20.0,-24.0,0.25
07:34:10,110.0,16.0,390.8,10.0,109.0,4.0,455.2,10.0,250.4,280.8,20.0,20.0,60.42570123713925,40,0.0,-40.0,0.0
07:34:11,110.0,24.0,301.85,13.0,109.0,6.0,444.71,17.0,205.92,191.85000000000002,30.0,30.0,54.560775562669676,60,0.0,20.0,0.0
07:34:12,110.0,24.0,251.69,13.0,109.0,6.0,330.0,17.0,180.85,141.69,30.0,30.0,37.77096199463304,60,0.0,0.0,0.0
07:34:13,110.0,28.0,363.0,15.0,109.0,7.0,526.35,20.0,236.5,253.0,35.0,35.0,29.37440552589984,70,0.0,10.0,0.0
07:34:14,110.0,8.0,241.42,53.0,109.0,8.0,355.0,18.0,175.71,131.42,16.0,71.0,33.077583496985,87,-55.0,17.0,-0.63
07:34:15,110.0,1.0,237.0,8.0,109.0,1.0,254.0,2.0,173.5,127.0,2.0,10.0,26.808594330923295,12,-8.0,-75.0,-0.67
07:34:16,108.6,10.0,237.0,12.0,107.5,12.0,254.0,8.0,172.8,128.4,22.0,20.0,27.36615007632626,42,2.0,30.0,0.05
07:34:17,107.57,21.0,254.87,15.0,106.96,56.0,381.35,20.0,181.22,147.3,77.0,35.0,27.342905478387106,112,42.0,70.0,0.38
07:34:20,111.0,42.0,249.07,46.0,107.0,84.0,261.55,55.0,180.03,138.07,126.0,101.0,66.70237529503743,227,25.0,110.0,0.11
07:34:21,111.0,39.0,227.64,22.0,107.0,19.0,228.63,43.0,169.32,116.63999999999999,58.0,65.0,67.41933127820255,123,-7.0,-104.0,-0.06
07:34:22,111.0,33.0,226.74,43.0,107.0,22.0,246.08,50.0,168.87,115.74000000000001,55.0,93.0,69.65801482959459,148,-38.0,25.0,-0.26
07:34:23,111.0,33.0,198.1,31.0,107.91,22.0,214.42,36.0,154.55,87.1,55.0,67.0,59.63754714942605,122,-12.0,-26.0,-0.1
07:34:24,111.0,30.0,151.0,30.0,109.0,20.0,152.0,40.0,131.0,40.0,50.0,70.0,18.93805771456015,120,-20.0,-2.0,-0.17
07:34:25,109.5,24.0,149.18,45.0,106.06,31.0,150.13,46.0,129.34,39.68000000000001,55.0,91.0,19.59579112973013,146,-36.0,26.0,-0.25
07:34:26,111.0,28.0,144.6,45.0,109.84,38.0,145.59,54.0,127.8,33.599999999999994,66.0,99.0,18.452156242564424,165,-33.0,19.0,-0.2
07:34:27,110.18,22.0,140.64,36.0,108.2,15.0,142.1,41.0,125.41,30.45999999999998,37.0,77.0,11.879859005897687,114,-40.0,-51.0,-0.35
07:34:28,110.0,18.0,137.23,35.0,107.0,9.0,138.75,28.0,123.61,27.22999999999999,27.0,63.0,2.966592321167135,90,-36.0,-24.0,-0.4
07:34:29,109.53,19.0,135.82,44.0,106.73,11.0,136.77,35.0,122.67,26.289999999999992,30.0,79.0,2.7960203861931503,109,-49.0,19.0,-0.45
07:34:30,103.31,52.0,126.18,51.0,101.25,57.0,131.55,62.0,114.74,22.870000000000005,109.0,113.0,4.935537458069541,222,-4.0,113.0,-0.02
07:34:31,102.18,61.0,104.69,35.0,93.49,74.0,106.0,26.0,103.43,2.509999999999991,135.0,61.0,9.09804484491076,196,74.0,-26.0,0.38
07:34:37,108.0,16.0,165.77,30.0,107.0,16.0,350.71,14.0,136.88,57.77000000000001,32.0,44.0,79.83038813634822,76,-12.0,-79.0,-0.16
07:34:38,108.0,14.0,137.5,28.0,107.0,14.0,263.38,13.0,122.75,29.5,28.0,41.0,74.91245457198693,69,-13.0,-7.0,-0.19
07:34:39,108.0,10.0,227.09,11.0,107.0,10.0,319.9,10.0,167.55,119.09,20.0,21.0,72.28927894231624,41,-1.0,-28.0,-0.02
07:34:40,91.64,22.0,185.44,25.0,95.47,19.0,216.06,17.0,138.54,93.8,41.0,42.0,63.35560330389103,83,-1.0,42.0,-0.01
07:34:42,104.15,39.0,387.47,19.0,85.2,45.0,492.96,27.0,245.81,283.32000000000005,84.0,46.0,47.350780141408556,130,38.0,6.0,0.29
07:34:43,106.43,37.0,200.09,34.0,105.45,69.0,250.76,41.0,153.26,93.66,106.0,75.0,41.579895021512634,181,31.0,51.0,0.17
07:34:44,109.6,20.0,127.5,6.0,106.03,36.0,128.75,12.0,118.55,17.900000000000006,56.0,18.0,48.82841047996556,74,38.0,-107.0,0.51
07:34:45,111.0,53.0,126.71,7.0,107.0,7.0,128.0,7.0,118.86,15.709999999999994,60.0,14.0,52.16355883181294,74,46.0,0.0,0.62
07:34:46,111.0,54.0,124.33,9.0,107.0,9.0,126.0,9.0,117.67,13.329999999999998,63.0,18.0,55.20591046255834,81,45.0,7.0,0.56
07:34:47,111.0,72.0,122.0,13.0,107.0,13.0,123.15,13.0,116.5,11.0,85.0,26.0,15.842217963404174,111,59.0,30.0,0.53
07:34:48,111.0,111.0,120.0,11.0,107.0,11.0,121.0,11.0,115.5,9.0,122.0,22.0,1.409407677006667,144,100.0,33.0,0.69
07:34:49,111.0,60.0,119.0,6.0,107.0,6.0,121.0,6.0,115.0,8.0,66.0,12.0,1.5792656521324338,78,54.0,-66.0,0.69
07:34:50,111.0,94.0,117.1,10.0,107.0,10.0,118.7,10.0,114.05,6.099999999999994,104.0,20.0,1.3931726382631893,124,84.0,46.0,0.68
07:34:51,111.0,80.0,114.39,18.0,107.0,40.0,115.58,12.0,112.69,3.3900000000000006,120.0,30.0,1.4509548580176899,150,90.0,26.0,0.6
07:34:52,108.67,55.0,111.93,14.0,106.3,80.0,113.62,24.0,110.3,3.260000000000005,135.0,38.0,2.088556918066875,173,97.0,23.0,0.56
07:34:53,107.0,48.0,109.33,12.0,106.0,84.0,111.5,12.0,108.17,2.3299999999999983,132.0,24.0,2.7941313498124614,156,108.0,-17.0,0.69
07:34:54,107.0,25.0,108.88,8.0,106.0,56.0,235.48,29.0,107.94,1.8799999999999955,81.0,37.0,2.7081635844248035,118,44.0,-38.0,0.37
07:34:55,107.0,21.0,108.43,7.0,106.0,49.0,150.0,28.0,107.71,1.4300000000000068,70.0,35.0,2.128818921375046,105,35.0,-13.0,0.33
07:34:56,107.0,11.0,137.91,23.0,106.0,56.0,194.25,32.0,122.46,30.909999999999997,67.0,55.0,6.315039984038479,122,12.0,17.0,0.1
07:34:57,107.0,10.0,136.2,40.0,106.0,70.0,207.0,40.0,121.6,29.19999999999999,80.0,80.0,7.725110355199148,160,0.0,38.0,0.0
07:34:58,107.0,7.0,136.0,28.0,106.0,49.0,279.92,26.0,121.5,29.0,56.0,54.0,7.693121603094913,110,2.0,-50.0,0.02
07:34:59,106.0,24.0,136.0,32.0,104.0,56.0,219.86,28.0,121.0,30.0,80.0,60.0,6.251782145916969,140,20.0,30.0,0.14
07:35:00,106.94,51.0,135.22,36.0,105.55,31.0,351.55,22.0,121.08,28.28,82.0,58.0,0.5818247158781497,140,24.0,0.0,0.17
07:35:01,107.7,60.0,134.0,52.0,106.84,55.0,349.88,32.0,120.85,26.299999999999997,115.0,84.0,0.3266190441579153,199,31.0,59.0,0.16
07:35:02,108.55,51.0,134.0,44.0,107.81,43.0,266.76,34.0,121.27,25.450000000000003,94.0,78.0,0.2518928343693367,172,16.0,-27.0,0.09
07:35:03,109.91,44.0,133.55,44.0,108.0,55.0,215.73,44.0,121.73,23.640000000000015,99.0,88.0,0.3397499080303448,187,11.0,15.0,0.06
07:35:04,110.0,28.0,133.0,48.0,108.0,60.0,303.0,40.0,121.5,23.0,88.0,88.0,0.3448622913666377,176,0.0,-11.0,0.0
07:35:05,108.83,30.0,133.0,44.0,107.89,53.0,271.0,38.0,120.92,24.17,83.0,82.0,0.37487331194236906,165,1.0,-11.0,0.01
07:35:06,109.0,11.0,131.45,44.0,108.0,55.0,294.0,22.0,120.23,22.44999999999999,66.0,66.0,0.585363135161939,132,0.0,-33.0,0.0
07:35:07,109.0,10.0,130.4,40.0,108.0,50.0,290.91,45.0,119.7,21.400000000000006,60.0,85.0,0.851897881207929,145,-25.0,13.0,-0.17
07:35:08,108.61,23.0,129.12,32.0,107.32,22.0,219.0,32.0,118.87,20.510000000000005,45.0,64.0,1.0269518002352707,109,-19.0,-36.0,-0.17
07:35:09,108.0,65.0,127.62,52.0,106.0,39.0,186.19,64.0,117.81,19.620000000000005,104.0,116.0,1.208523893022538,220,-12.0,111.0,-0.05
07:35:10,110.16,45.0,125.29,68.0,108.33,42.0,225.45,82.0,117.72,15.13000000000001,87.0,150.0,1.116301930485772,237,-63.0,17.0,-0.27
07:35:11,111.0,5.0,124.14,21.0,109.0,10.0,149.6,20.0,117.57,13.14,15.0,41.0,0.92039665362613,56,-26.0,-170.5,-0.46
07:35:12,109.57,7.0,122.76,33.0,108.14,29.0,123.67,30.0,116.16,13.190000000000012,36.0,63.0,0.9672796906821026,99,-27.0,43.0,-0.27
07:35:13,108.1,10.0,121.65,43.0,107.12,16.0,122.74,47.0,114.88,13.550000000000011,26.0,90.0,1.279792952006663,116,-64.0,17.0,-0.55
07:35:14,108.0,11.0,119.04,53.0,107.0,109.0,121.35,46.0,113.52,11.040000000000006,120.0,99.0,1.7922890391914414,219,21.0,103.0,0.1
07:35:15,108.0,7.0,117.12,34.0,107.0,105.0,118.17,29.0,112.56,9.120000000000005,112.0,63.0,2.0055971679291926,175,49.0,-44.0,0.28
07:35:16,108.0,15.0,113.32,65.0,107.0,225.0,114.42,72.0,110.66,5.319999999999993,240.0,137.0,2.1162419521419036,377,103.0,169.5,0.27
07:35:17,108.0,10.0,109.26,47.0,107.0,150.0,110.35,43.0,108.63,1.2600000000000051,160.0,90.0,2.4524681445444143,250,70.0,-127.0,0.28
07:35:18,107.02,123.0,108.46,65.0,106.6,75.0,109.41,59.0,107.74,1.4399999999999977,198.0,124.0,2.471319485619957,322,74.0,72.0,0.23
07:35:19,106.57,35.0,108.0,42.0,105.41,17.0,162.7,30.0,107.29,1.4300000000000068,52.0,72.0,2.2006203670793982,124,-20.0,-170.5,-0.16
07:35:20,105.83,23.0,107.2,40.0,103.67,15.0,376.0,30.0,106.51,1.3700000000000045,38.0,70.0,1.5911096756680376,108,-32.0,-16.0,-0.3
07:35:21,102.95,63.0,228.83,29.0,86.92,84.0,419.04,28.0,165.89,125.88000000000001,147.0,57.0,26.105057364426653,204,90.0,96.0,0.44
07:35:22,104.0,18.0,166.14,14.0,102.0,42.0,168.0,7.0,135.07,62.139999999999986,60.0,21.0,26.103538074368526,81,39.0,-123.0,0.48
07:35:23,102.89,18.0,164.92,13.0,98.0,42.0,248.0,12.0,133.91,62.02999999999999,60.0,25.0,24.475781499270013,85,35.0,4.0,0.41
07:35:24,102.0,33.0,160.47,19.0,85.57,21.0,163.29,14.0,131.24,58.47,54.0,33.0,21.095437421395406,87,21.0,2.0,0.24
07:35:25,103.84,44.0,159.2,30.0,92.75,40.0,160.32,19.0,131.52,55.359999999999985,84.0,49.0,14.825735394914181,133,35.0,46.0,0.26
07:35:26,111.0,12.0,158.75,36.0,102.0,60.0,160.0,24.0,134.88,47.75,72.0,60.0,1.831018842068498,132,12.0,-1.0,0.09
07:35:27,111.0,10.0,156.88,24.0,102.0,50.0,158.42,19.0,133.94,45.879999999999995,60.0,43.0,1.6191108671149765,103,17.0,-29.0,0.17
07:35:28,111.0,28.0,155.0,13.0,102.0,65.0,156.21,38.0,133.0,44.0,93.0,51.0,1.5548890635700563,144,42.0,41.0,0.29
07:35:29,111.0,28.0,153.67,15.0,102.0,50.0,158.95,19.0,132.33,42.66999999999999,78.0,34.0,1.3198030156087064,112,44.0,-32.0,0.39
07:35:30,111.0,28.0,149.23,22.0,102.0,70.0,150.39,28.0,130.11,38.22999999999999,98.0,50.0,1.8103507947383486,148,48.0,36.0,0.32
07:35:31,111.0,13.0,144.0,28.0,104.23,44.0,145.13,15.0,127.5,33.0,57.0,43.0,2.585909897890779,100,14.0,-48.0,0.14
07:35:32,111.0,6.0,142.56,18.0,109.0,12.0,143.17,24.0,126.78,31.560000000000002,18.0,42.0,2.785844575709353,60,-24.0,-40.0,-0.4
07:35:33,111.0,15.0,140.69,59.0,109.0,30.0,141.05,42.0,125.85,29.689999999999998,45.0,101.0,2.657109331587429,146,-56.0,86.0,-0.38
07:35:34,110.25,16.0,136.3,50.0,106.24,33.0,137.0,37.0,123.28,26.05000000000001,49.0,87.0,2.484618683019311,136,-38.0,-10.0,-0.28
07:35:35,109.0,22.0,133.78,23.0,103.58,53.0,135.0,44.0,121.39,24.78,75.0,67.0,2.5555527777778835,142,8.0,6.0,0.06
07:35:36,109.0,30.0,130.86,36.0,106.0,105.0,132.23,31.0,119.93,21.860000000000014,135.0,67.0,2.8944654083281,202,68.0,60.0,0.34
07:35:37,109.0,26.0,125.69,42.0,106.0,91.0,126.89,47.0,117.35,16.689999999999998,117.0,89.0,3.2315785616332513,206,28.0,4.0,0.14
07:35:38,107.39,74.0,122.69,16.0,105.42,76.0,123.98,56.0,115.04,15.299999999999997,150.0,72.0,3.2598880348881996,222,78.0,16.0,0.35
07:35:39,109.17,104.0,119.9,42.0,106.62,73.0,119.72,40.0,114.54,10.730000000000004,177.0,82.0,2.9899916387854533,259,95.0,37.0,0.37
07:35:40,109.0,83.0,114.14,63.0,107.0,111.0,115.17,53.0,111.57,5.140000000000001,194.0,116.0,3.1405620516090136,310,78.0,51.0,0.25
07:35:41,110.2,65.0,113.0,40.0,107.68,194.0,116.11,74.0,111.6,2.799999999999997,259.0,114.0,2.4626510105994157,373,145.0,63.0,0.39
07:35:42,111.0,9.0,113.11,45.0,110.0,108.0,163.33,12.0,112.06,2.1099999999999994,117.0,57.0,1.689266112844908,174,60.0,-170.5,0.34
07:35:43,110.04,112.0,126.36,55.0,107.79,183.0,195.2,49.0,118.2,16.319999999999993,295.0,104.0,2.8520133239531456,399,191.0,169.5,0.48
07:35:44,110.0,112.0,113.32,47.0,107.0,165.0,121.35,49.0,111.66,3.319999999999993,277.0,96.0,2.903552995901083,373,181.0,-26.0,0.49
07:35:45,110.0,69.0,113.0,28.0,107.0,111.0,172.03,29.0,111.5,3.0,180.0,57.0,2.9124354070101104,237,123.0,-136.0,0.52
07:35:46,110.0,99.0,112.05,42.0,107.0,174.0,191.41,34.0,111.02,2.049999999999997,273.0,76.0,2.992777973723765,349,197.0,112.0,0.56
07:35:47,110.0,62.0,111.62,26.0,107.0,135.0,145.75,32.0,110.81,1.6200000000000045,197.0,58.0,3.1283733792509607,255,139.0,-94.0,0.55
07:35:48,107.0,122.0,111.21,39.0,106.0,88.0,140.26,38.0,109.1,4.209999999999994,210.0,77.0,1.0205978640021325,287,133.0,32.0,0.46
07:35:49,107.0,121.0,110.0,52.0,106.0,128.0,111.0,39.0,108.5,3.0,249.0,91.0,1.307050113808034,340,158.0,53.0,0.46
07:35:50,107.0,79.0,108.07,56.0,106.0,124.0,201.65,48.0,107.54,1.0699999999999932,203.0,104.0,1.4976581719489372,307,99.0,-33.0,0.32
07:35:51,106.48,56.0,268.13,46.0,105.07,75.0,421.77,52.0,187.31,161.64999999999998,131.0,98.0,35.04710501596399,229,33.0,-78.0,0.14
07:35:52,107.36,22.0,338.09,44.0,105.85,39.0,484.8,50.0,222.73,230.72999999999996,61.0,94.0,54.395942219985606,155,-33.0,-74.0,-0.21
07:35:54,109.92,72.0,335.25,60.0,108.03,93.0,620.5,60.0,222.58,225.32999999999998,165.0,120.0,59.86195427815587,285,45.0,79.0,0.16
07:35:55,111.0,60.0,250.5,50.0,109.0,10.0,389.6,50.0,180.75,139.5,70.0,100.0,34.812193697037074,170,-30.0,-115.0,-0.18
07:35:56,111.0,36.0,174.0,30.0,109.71,14.0,259.0,30.0,142.5,63.0,50.0,60.0,47.56013425128261,110,-10.0,-60.0,-0.09
07:35:57,111.0,78.0,174.0,40.0,110.0,40.0,225.09,32.0,142.5,63.0,118.0,72.0,54.12985848863844,190,46.0,80.0,0.24
07:35:58,111.0,99.0,223.24,33.0,110.0,45.0,326.0,25.0,167.12,112.24000000000001,144.0,58.0,33.147672618149535,202,86.0,12.0,0.43
07:35:59,111.0,66.0,194.33,30.0,110.0,30.0,295.77,26.0,152.67,83.33000000000001,96.0,56.0,16.625789304571917,152,40.0,-50.0,0.26
07:36:00,111.0,77.0,134.0,35.0,110.0,35.0,381.33,15.0,122.5,23.0,112.0,50.0,16.32348369680981,162,62.0,10.0,0.38
07:36:01,111.0,74.0,133.22,45.0,110.0,45.0,254.45,29.0,122.11,22.22,119.0,74.0,19.48751779986396,193,45.0,31.0,0.23
07:36:02,110.62,40.0,131.71,28.0,109.89,28.0,247.59,34.0,121.17,21.090000000000003,68.0,62.0,21.419904995121097,130,6.0,-63.0,0.05
07:36:03,110.71,17.0,129.62,13.0,109.95,21.0,130.91,22.0,120.16,18.91000000000001,38.0,35.0,13.975684956380913,73,3.0,-57.0,0.04
07:36:04,111.0,42.0,128.65,46.0,110.0,70.0,129.23,52.0,119.83,17.650000000000006,112.0,98.0,1.1690722817733126,210,14.0,137.0,0.07
07:36:05,111.0,18.0,128.0,12.0,110.0,30.0,129.0,30.0,119.5,17.0,48.0,42.0,1.0713216137138986,90,6.0,-120.0,0.07
07:36:06,111.0,18.0,126.78,18.0,110.0,30.0,128.67,24.0,118.89,15.780000000000001,48.0,42.0,0.8463155439967024,90,6.0,0.0,0.07
07:36:07,111.0,33.0,123.71,34.0,110.0,55.0,175.84,49.0,117.35,12.709999999999994,88.0,83.0,1.1082102688616018,171,5.0,81.0,0.03
07:36:08,111.0,39.0,121.88,51.0,110.0,65.0,233.53,59.0,116.44,10.879999999999995,104.0,110.0,1.4525047332143806,214,-6.0,43.0,-0.03
07:36:09,111.0,36.0,118.34,44.0,109.31,16.0,120.54,52.0,114.67,7.340000000000003,52.0,96.0,1.936659495112655,148,-44.0,-66.0,-0.3
07:36:10,110.5,24.0,117.0,50.0,107.92,25.0,119.0,30.0,113.75,6.5,49.0,80.0,2.058980330165838,129,-31.0,-19.0,-0.24
07:36:11,108.0,7.0,116.69,29.0,106.0,28.0,117.89,27.0,112.34,8.689999999999998,35.0,56.0,2.0188239150578786,91,-21.0,-38.0,-0.23
07:36:12,110.96,76.0,115.0,36.0,107.47,15.0,116.67,54.0,112.98,4.040000000000006,91.0,90.0,1.60113397316074,181,1.0,90.0,0.01
07:36:13,111.0,59.0,113.78,27.0,108.0,9.0,115.0,27.0,112.39,2.780000000000001,68.0,54.0,0.9879423060125458,122,14.0,-59.0,0.11
07:36:14,111.0,138.0,113.87,45.0,108.7,23.0,116.43,63.0,112.43,2.8700000000000045,161.0,108.0,0.6018886940367936,269,53.0,147.0,0.2
07:36:15,111.0,51.0,113.07,44.0,109.0,20.0,120.21,33.0,112.03,2.069999999999993,71.0,77.0,0.3435549446729838,148,-6.0,-121.0,-0.04
07:36:16,111.0,27.0,113.0,45.0,109.0,18.0,186.77,39.0,112.0,2.0,45.0,84.0,0.3963962663916565,129,-39.0,-19.0,-0.3
07:36:17,111.0,21.0,113.0,35.0,109.0,14.0,233.0,28.0,112.0,2.0,35.0,63.0,0.21988633429389814,98,-28.0,-31.0,-0.29
07:36:18,109.92,13.0,113.0,45.0,108.36,11.0,294.73,30.0,111.46,3.0799999999999983,24.0,75.0,0.3450072463140095,99,-51.0,1.0,-0.52
07:36:19,109.0,7.0,113.0,35.0,108.0,7.0,354.1,20.0,111.0,4.0,14.0,55.0,0.4572964027948596,69,-41.0,-30.0,-0.59
07:36:20,108.71,14.0,298.94,54.0,107.71,14.0,416.86,35.0,203.83,190.23000000000002,28.0,89.0,41.241919450966556,117,-61.0,48.0,-0.52
07:36:21,106.9,21.0,291.86,44.0,105.92,48.0,367.2,59.0,199.38,184.96,69.0,103.0,49.38618005069857,172,-34.0,55.0,-0.2
07:36:22,106.0,12.0,214.66,38.0,104.0,12.0,270.68,19.0,160.33,108.66,24.0,57.0,45.249016011400954,81,-33.0,-91.0,-0.41
07:36:23,106.76,17.0,213.62,34.0,105.2,10.0,213.46,26.0,160.19,106.86,27.0,60.0,37.52253895993743,87,-33.0,6.0,-0.38
07:36:24,107.0,18.0,211.04,26.0,106.0,6.0,212.42,12.0,159.02,104.03999999999999,24.0,38.0,22.931671330280842,62,-14.0,-25.0,-0.23
07:36:25,103.61,28.0,122.06,54.0,89.42,31.0,192.38,34.0,112.83,18.450000000000003,59.0,88.0,30.672814510573048,147,-29.0,85.0,-0.2
07:36:43,83.8,50.0,105.37,38.0,79.67,36.0,149.95,42.0,94.58,21.570000000000007,86.0,80.0,3.595052155394427,166,6.0,43.0,0.04
07:36:47,86.0,12.0,101.0,16.0,53.6,20.0,103.0,20.0,93.5,15.0,32.0,36.0,16.32282052832793,68,-4.0,-142.0,-0.06
07:36:48,87.25,48.0,99.68,31.0,83.98,47.0,101.53,49.0,93.46,12.430000000000007,95.0,80.0,16.06547322676813,175,15.0,107.0,0.09
07:36:53,94.86,28.0,100.06,17.0,93.83,36.0,101.76,21.0,97.46,5.200000000000003,64.0,38.0,1.7494713487241143,102,26.0,25.0,0.25
07:36:54,98.54,61.0,101.48,42.0,96.74,47.0,111.33,48.0,100.01,2.9399999999999977,108.0,90.0,2.4966277255543834,198,18.0,96.0,0.09
07:36:55,99.94,16.0,107.59,32.0,96.75,24.0,234.88,25.0,103.77,7.650000000000006,40.0,57.0,3.654809160545492,97,-17.0,-101.0,-0.18
07:36:56,110.61,116.0,151.1,30.0,99.55,44.0,258.84,37.0,130.86,40.489999999999995,160.0,67.0,14.49915687203945,227,93.0,130.0,0.41
07:36:57,111.0,154.0,149.57,21.0,109.04,24.0,243.86,28.0,130.29,38.56999999999999,178.0,49.0,16.673226142531927,227,129.0,0.0,0.57
07:36:58,111.0,220.0,147.11,38.0,110.0,50.0,175.97,32.0,129.05,36.110000000000014,270.0,70.0,15.50396013926801,340,200.0,113.0,0.59
07:36:59,111.0,154.0,137.18,22.0,110.0,35.0,139.43,28.0,124.09,26.180000000000007,189.0,50.0,11.408708077605123,239,139.0,-101.0,0.58
07:37:00,111.0,220.0,136.53,34.0,110.0,50.0,143.22,36.0,123.76,25.53,270.0,70.0,3.4289721492034984,340,200.0,101.0,0.59
07:37:01,111.0,289.0,134.79,56.0,110.0,75.0,135.98,49.0,122.89,23.789999999999992,364.0,105.0,3.3927540435482233,469,259.0,129.0,0.55
07:37:02,111.0,204.0,131.35,46.0,110.0,60.0,132.63,38.0,121.17,20.349999999999994,264.0,84.0,2.942145475671171,348,180.0,-121.0,0.52
07:37:03,111.0,155.0,129.55,44.0,110.0,55.0,131.0,33.0,120.27,18.55000000000001,210.0,77.0,1.6574920814326213,287,133.0,-61.0,0.46
07:37:04,111.0,182.0,125.02,52.0,110.0,70.0,127.0,51.0,118.01,14.019999999999996,252.0,103.0,2.2610616975243096,355,149.0,68.0,0.42
07:37:05,111.0,208.0,120.73,60.0,110.0,80.0,122.88,52.0,115.87,9.730000000000004,288.0,112.0,2.746364870153105,400,176.0,45.0,0.44
07:37:06,111.0,117.0,115.56,45.0,110.0,65.0,117.0,46.0,113.28,4.560000000000002,182.0,91.0,3.225879724975899,273,91.0,-127.0,0.33
07:37:07,110.56,57.0,112.24,41.0,109.73,55.0,114.08,50.0,111.4,1.6799999999999926,112.0,91.0,3.5557882389155404,203,21.0,-70.0,0.1
07:37:08,109.61,31.0,113.86,35.0,108.48,31.0,126.26,23.0,111.74,4.25,62.0,58.0,2.8259953998564296,120,4.0,-83.0,0.03
07:37:09,109.0,27.0,115.35,17.0,108.0,36.0,119.41,37.0,112.18,6.349999999999994,63.0,54.0,1.8082533008429442,117,9.0,-3.0,0.08
07:37:10,109.0,24.0,113.9,10.0,108.0,40.0,191.83,46.0,111.45,4.900000000000006,64.0,56.0,0.7746612162804996,120,8.0,3.0,0.07
07:37:11,104.2,35.0,112.0,24.0,97.23,31.0,113.0,12.0,108.1,7.799999999999997,66.0,36.0,1.6362395912606886,102,30.0,-18.0,0.29
07:37:12,111.0,36.0,112.0,18.0,102.82,17.0,113.0,9.0,111.5,1.0,53.0,27.0,1.6433441514208,80,26.0,-22.0,0.33
07:37:13,109.33,21.0,111.44,18.0,102.4,25.0,263.38,21.0,110.39,2.1099999999999994,46.0,39.0,1.600478053585517,85,7.0,5.0,0.08
07:37:14,104.0,14.0,109.5,28.0,102.0,56.0,111.0,14.0,106.75,5.5,70.0,42.0,2.1226092433626587,112,28.0,27.0,0.25
07:37:15,105.67,36.0,107.7,20.0,102.46,35.0,109.11,19.0,106.68,2.030000000000001,71.0,39.0,2.1758745368261287,110,32.0,-2.0,0.29
07:37:16,105.0,48.0,214.38,26.0,101.99,170.0,346.83,36.0,159.69,109.38,218.0,62.0,22.846789052293786,280,156.0,169.5,0.56
07:37:17,102.0,120.0,209.1,40.0,101.0,10.0,318.5,40.0,155.55,107.1,130.0,80.0,27.291477057865777,210,50.0,-70.0,0.24
07:37:18,103.19,126.0,298.71,34.0,101.83,48.0,406.54,52.0,200.95,195.51999999999998,174.0,86.0,39.95221245438129,260,88.0,50.0,0.34
07:37:19,107.8,45.0,271.07,30.0,105.13,15.0,336.53,15.0,189.43,163.26999999999998,60.0,45.0,36.65954991540438,105,15.0,-155.0,0.14
07:37:20,111.0,27.0,265.67,36.0,108.0,9.0,271.03,33.0,188.33,154.67000000000002,36.0,69.0,20.00121496309739,105,-33.0,0.0,-0.31
07:37:21,111.0,39.0,246.36,25.0,108.94,17.0,265.6,40.0,178.68,135.36,56.0,65.0,17.053390278769555,121,-9.0,16.0,-0.07
07:37:22,111.0,24.0,263.33,48.0,110.0,96.0,264.67,48.0,187.17,152.32999999999998,120.0,96.0,7.956897636644199,216,24.0,95.0,0.11
07:37:23,111.0,18.0,159.52,29.0,110.0,72.0,222.24,34.0,135.26,48.52000000000001,90.0,63.0,23.04255476287364,153,27.0,-63.0,0.18
07:37:24,111.0,112.0,116.4,52.0,110.0,136.0,117.27,59.0,113.7,5.400000000000006,248.0,111.0,34.071710699640924,359,137.0,169.5,0.38
07:37:25,111.0,42.0,114.11,27.0,110.0,72.0,115.14,28.0,112.56,3.1099999999999994,114.0,55.0,35.49098167140521,169,59.0,-170.5,0.35
07:37:26,110.77,35.0,113.79,42.0,109.86,69.0,116.29,41.0,112.28,3.0200000000000102,104.0,83.0,32.232942465744834,187,21.0,18.0,0.11
07:37:27,110.62,16.0,113.67,24.0,107.33,21.0,117.52,25.0,112.15,3.049999999999997,37.0,49.0,10.119925889057305,86,-12.0,-101.0,-0.14
07:37:28,108.0,16.0,111.18,28.0,107.0,112.0,237.44,34.0,109.59,3.180000000000007,128.0,62.0,1.508055038787009,190,66.0,104.0,0.35
07:37:29,108.0,10.0,109.0,15.0,107.0,70.0,110.0,10.0,108.5,1.0,80.0,25.0,1.8460308773177596,105,55.0,-85.0,0.52
07:37:30,107.26,19.0,144.3,10.0,106.59,39.0,188.43,21.0,125.78,37.040000000000006,58.0,31.0,6.9690279092575995,89,27.0,-16.0,0.3
07:37:31,107.0,63.0,155.33,24.0,103.0,18.0,291.6,20.0,131.17,48.33000000000001,81.0,44.0,10.339229661827442,125,37.0,36.0,0.3
07:37:32,107.48,50.0,276.8,20.0,106.1,41.0,413.2,20.0,192.14,169.32,91.0,40.0,34.27952931415508,131,51.0,6.0,0.39
07:37:33,108.64,28.0,143.77,56.0,107.07,83.0,253.43,28.0,126.21,35.13000000000001,111.0,84.0,32.12741430616567,195,27.0,64.0,0.14
07:37:34,108.49,39.0,123.0,90.0,106.78,111.0,285.84,45.0,115.74,14.510000000000005,150.0,135.0,30.665176829752976,285,15.0,90.0,0.05
07:37:35,101.68,59.0,122.54,65.0,95.2,102.0,311.0,27.0,112.11,20.86,161.0,92.0,32.59865380656106,253,69.0,-32.0,0.27
07:37:36,101.0,65.0,121.0,25.0,76.0,15.0,348.0,12.0,111.0,20.0,80.0,37.0,34.459307160765974,117,43.0,-136.0,0.37
07:37:37,102.67,54.0,121.0,30.0,93.81,48.0,365.0,18.0,111.83,18.33,102.0,48.0,6.322544582682891,150,54.0,33.0,0.36
07:37:38,107.22,27.0,121.0,35.0,101.66,73.0,365.0,21.0,114.11,13.780000000000001,100.0,56.0,1.9294999352195203,156,44.0,6.0,0.28
07:37:39,105.81,43.0,120.1,50.0,100.92,75.0,358.0,28.0,112.96,14.289999999999992,118.0,78.0,1.1839214501021516,196,40.0,40.0,0.2
07:37:40,90.28,61.0,119.62,40.0,77.42,36.0,291.0,24.0,104.95,29.340000000000003,97.0,64.0,3.563726981688069,161,33.0,-35.0,0.2
07:37:41,91.44,68.0,117.3,50.0,76.75,60.0,291.0,30.0,104.37,25.86,128.0,80.0,4.6251572946237385,208,48.0,47.0,0.23
07:37:42,106.0,45.0,113.8,44.0,100.33,64.0,115.54,52.0,109.9,7.799999999999997,109.0,96.0,4.475217313160455,205,13.0,-3.0,0.06
07:37:43,104.11,19.0,111.78,45.0,102.45,33.0,114.0,27.0,107.94,7.670000000000002,52.0,72.0,3.5599058976342013,124,-20.0,-81.0,-0.16
07:37:44,103.86,14.0,111.0,20.0,102.67,9.0,114.0,12.0,107.43,7.140000000000001,23.0,32.0,2.267392775857442,55,-9.0,-69.0,-0.16
07:37:45,104.0,38.0,109.67,43.0,103.0,22.0,111.33,45.0,106.84,5.670000000000002,60.0,88.0,1.9989322149614293,148,-28.0,93.0,-0.19
07:37:46,103.63,19.0,107.09,55.0,102.23,35.0,109.0,33.0,105.36,3.460000000000008,54.0,88.0,1.6563151873996276,142,-34.0,-6.0,-0.24
07:37:47,103.44,9.0,105.9,40.0,102.09,46.0,107.19,31.0,104.67,2.460000000000008,55.0,71.0,1.3864595197878808,126,-16.0,-16.0,-0.13
07:37:48,102.02,113.0,103.96,47.0,101.22,83.0,318.47,38.0,102.99,1.9399999999999977,196.0,85.0,1.769200384357369,281,111.0,155.0,0.4
07:37:50,104.0,60.0,230.39,23.0,101.15,41.0,415.32,22.0,167.2,126.38999999999999,101.0,45.0,83.72094570655553,146,56.0,-22.0,0.38
07:37:51,104.07,58.0,197.15,41.0,102.04,69.0,411.52,42.0,150.61,93.08000000000001,127.0,83.0,79.27923277883067,210,44.0,64.0,0.21
07:37:52,109.67,30.0,182.0,60.0,106.18,67.0,197.09,33.0,145.83,72.33,97.0,93.0,73.43377063722127,190,4.0,-20.0,0.02
07:37:53,111.0,39.0,195.62,65.0,109.77,78.0,226.13,38.0,153.31,84.62,117.0,103.0,64.37374332754017,220,14.0,30.0,0.06
07:37:54,111.0,24.0,193.25,40.0,110.0,48.0,195.0,40.0,152.12,82.25,72.0,80.0,8.004975327883109,152,-8.0,-68.0,-0.05
07:37:55,111.0,33.0,190.57,51.0,110.0,66.0,192.11,45.0,150.78,79.57,99.0,96.0,2.846726189856805,195,3.0,43.0,0.02
07:37:56,111.0,30.0,187.46,48.0,110.0,60.0,188.5,48.0,149.23,76.46000000000001,90.0,96.0,2.903365288766913,186,-6.0,-9.0,-0.03
07:37:57,111.0,29.0,184.35,55.0,110.0,78.0,185.31,49.0,147.67,73.35,107.0,104.0,2.2442303803345856,211,3.0,25.0,0.01
07:37:58,111.0,10.0,171.0,47.0,110.0,60.0,182.13,46.0,141.0,60.0,70.0,93.0,4.335798657688815,163,-23.0,-48.0,-0.14
07:37:59,111.0,8.0,180.12,34.0,110.0,48.0,181.37,38.0,145.56,69.12,56.0,72.0,3.796981696033818,128,-16.0,-35.0,-0.12
07:38:00,111.0,19.0,176.24,46.0,110.0,78.0,176.47,47.0,143.62,65.24000000000001,97.0,93.0,3.2547857072341264,190,4.0,62.0,0.02
07:38:01,110.56,55.0,169.9,62.0,109.08,78.0,171.33,51.0,140.23,59.34,133.0,113.0,3.1033256355102647,246,20.0,56.0,0.08
07:38:02,110.0,18.0,165.7,30.0,107.0,32.0,166.56,34.0,137.85,55.69999999999999,50.0,64.0,3.0019943371057094,114,-14.0,-132.0,-0.12
07:38:03,110.0,12.0,162.84,32.0,107.0,48.0,163.43,54.0,136.42,52.84,60.0,86.0,3.834100937640344,146,-26.0,32.0,-0.18
07:38:04,110.0,11.0,158.73,15.0,107.0,44.0,160.22,51.0,134.37,48.72999999999999,55.0,66.0,3.5711720765057,121,-11.0,-25.0,-0.09
07:38:05,110.0,9.0,154.43,23.0,107.0,36.0,158.35,17.0,132.22,44.43000000000001,45.0,40.0,3.0902863944970362,85,5.0,-36.0,0.06
07:38:06,110.0,11.0,151.22,41.0,108.18,68.0,152.52,21.0,130.61,41.22,79.0,62.0,2.9599037146523988,141,17.0,56.0,0.12
07:38:07,111.0,28.0,147.15,54.0,110.0,14.0,147.57,56.0,129.07,36.150000000000006,42.0,110.0,2.9270924139857257,152,-68.0,11.0,-0.45
07:38:08,111.0,13.0,142.36,47.0,110.0,20.0,144.22,27.0,126.68,31.360000000000014,33.0,74.0,2.938715705884533,107,-41.0,-45.0,-0.38
07:38:09,109.21,56.0,139.0,21.0,107.69,26.0,140.65,43.0,124.11,29.790000000000006,82.0,64.0,3.209076191057484,146,18.0,39.0,0.12
07:38:10,109.0,93.0,135.69,42.0,107.0,40.0,137.18,22.0,122.35,26.689999999999998,133.0,64.0,3.4074741378346007,197,69.0,51.0,0.35
07:38:11,109.0,90.0,133.92,24.0,107.0,40.0,134.91,34.0,121.46,24.919999999999987,130.0,58.0,3.137663143170607,188,72.0,-9.0,0.38
07:38:12,109.0,81.0,130.52,21.0,107.0,36.0,132.33,9.0,119.76,21.52000000000001,117.0,30.0,2.6450085066046296,147,87.0,-41.0,0.59
07:38:13,109.0,99.0,128.29,17.0,107.0,44.0,128.94,17.0,118.65,19.289999999999992,143.0,34.0,2.1454906198840566,177,109.0,30.0,0.62
07:38:14,109.0,78.0,125.56,16.0,107.0,48.0,126.14,36.0,117.28,16.560000000000002,126.0,52.0,2.0544220598528793,178,74.0,1.0,0.42
07:38:15,109.0,60.0,120.33,42.0,107.09,23.0,121.38,26.0,114.67,11.329999999999998,83.0,68.0,2.570822825480159,151,15.0,-27.0,0.1
07:38:16,109.03,87.0,119.23,35.0,108.39,46.0,119.55,53.0,114.13,10.200000000000003,133.0,88.0,2.4511364711107935,221,45.0,70.0,0.2
07:38:17,109.17,54.0,117.09,23.0,108.77,70.0,118.13,45.0,113.13,7.920000000000002,124.0,68.0,2.3047602912253553,192,56.0,-29.0,0.29
07:38:18,109.0,27.0,113.24,25.0,108.0,18.0,114.24,25.0,111.12,4.239999999999995,45.0,50.0,2.250206657178148,95,-5.0,-97.0,-0.05
07:38:19,108.92,50.0,110.89,56.0,107.93,30.0,111.46,28.0,109.91,1.9699999999999989,80.0,84.0,2.0206978992438653,164,-4.0,69.0,-0.02
07:38:20,109.14,56.0,110.77,13.0,108.0,26.0,342.51,49.0,109.96,1.6299999999999955,82.0,62.0,1.9042977708353273,144,20.0,-20.0,0.14
07:38:21,109.54,26.0,187.29,14.0,107.57,28.0,398.3,43.0,148.41,77.74999999999999,54.0,57.0,16.767743736114582,111,-3.0,-33.0,-0.03
07:38:22,108.0,18.0,392.0,45.0,107.0,32.0,447.81,27.0,250.0,284.0,50.0,72.0,60.4973557273375,122,-22.0,11.0,-0.18
07:38:23,108.0,9.0,273.0,30.0,107.0,30.0,419.0,30.0,190.5,165.0,39.0,60.0,59.50245818451553,99,-21.0,-23.0,-0.21
07:38:24,111.0,90.0,273.0,45.0,108.0,9.0,412.0,45.0,192.0,162.0,99.0,90.0,52.538339143905404,189,9.0,90.0,0.05
07:38:25,111.0,70.0,220.17,60.0,108.0,12.0,383.25,60.0,165.58,109.16999999999999,82.0,120.0,38.49626761128959,202,-38.0,13.0,-0.19
07:38:26,111.0,30.0,391.5,30.0,107.38,16.0,441.5,30.0,251.25,280.5,46.0,60.0,38.66154135571975,106,-14.0,-96.0,-0.13
07:38:27,111.0,40.0,286.62,40.0,108.83,24.0,361.0,40.0,198.81,175.62,64.0,80.0,31.48917702957679,144,-16.0,38.0,-0.11
07:38:28,111.0,40.0,172.0,40.0,109.5,40.0,234.24,37.0,141.5,61.0,80.0,77.0,41.1752871271109,157,3.0,13.0,0.02
07:38:29,111.0,55.0,204.87,46.0,108.75,16.0,377.3,53.0,157.93,93.87,71.0,99.0,43.48053852012441,170,-28.0,13.0,-0.16
07:38:30,111.0,40.0,263.5,32.0,110.0,8.0,513.12,40.0,187.25,152.5,48.0,72.0,42.37425657165001,120,-24.0,-50.0,-0.2
07:38:31,111.0,39.0,216.94,36.0,110.0,8.0,367.22,36.0,163.97,105.94,47.0,72.0,23.031587439862236,119,-25.0,-1.0,-0.21
07:38:32,111.0,28.0,201.0,35.0,110.0,7.0,280.0,28.0,156.0,90.0,35.0,63.0,16.673435458837446,98,-28.0,-21.0,-0.29
07:38:33,111.0,48.0,246.68,57.0,110.0,12.0,376.24,51.0,178.84,135.68,60.0,108.0,13.661349494102684,168,-48.0,70.0,-0.29
07:38:34,111.0,36.0,163.4,50.0,110.0,10.0,379.93,44.0,137.2,52.400000000000006,46.0,94.0,19.627171726971238,140,-48.0,-28.0,-0.34
07:38:35,111.0,36.0,124.0,55.0,110.0,11.0,125.36,55.0,117.5,13.0,47.0,110.0,23.87746050148585,157,-63.0,17.0,-0.4
07:38:36,111.0,66.0,122.38,65.0,110.0,15.0,123.94,72.0,116.69,11.379999999999995,81.0,137.0,26.52465419190259,218,-56.0,61.0,-0.26
07:38:37,111.0,22.0,120.6,47.0,110.0,11.0,121.57,46.0,115.8,9.599999999999994,33.0,93.0,27.022395896737482,126,-60.0,-92.0,-0.48
07:38:38,111.0,24.0,117.94,18.0,110.0,12.0,119.92,52.0,114.47,6.939999999999998,36.0,70.0,9.496260843090482,106,-34.0,-20.0,-0.32
07:38:39,108.23,26.0,113.68,31.0,107.06,52.0,115.09,34.0,110.95,5.450000000000003,78.0,65.0,2.568846044435745,143,13.0,37.0,0.09
07:38:40,106.53,30.0,110.58,73.0,102.81,136.0,111.2,44.0,108.55,4.049999999999997,166.0,117.0,3.434955603790688,283,49.0,140.0,0.17
07:38:41,102.06,129.0,105.56,63.0,101.48,23.0,108.0,52.0,103.81,3.5,152.0,115.0,4.8056924579099825,267,37.0,-16.0,0.14
07:38:42,102.0,110.0,334.34,38.0,101.0,11.0,395.64,39.0,218.17,232.33999999999997,121.0,77.0,48.777480459736886,198,44.0,-69.0,0.22
07:38:43,102.0,70.0,277.8,15.0,101.0,7.0,368.36,25.0,189.9,175.8,77.0,40.0,53.72694649800987,117,37.0,-81.0,0.32
07:38:45,102.0,154.0,328.72,25.0,101.0,13.0,437.65,37.0,215.36,226.72000000000003,167.0,62.0,60.148402056912715,229,105.0,156.0,0.46
07:38:46,102.17,88.0,285.67,27.0,101.56,18.0,289.0,27.0,193.92,183.5,106.0,54.0,30.908738246651613,160,52.0,-69.0,0.33
07:38:47,107.0,36.0,317.03,37.0,103.29,84.0,385.41,41.0,212.01,210.02999999999997,120.0,78.0,30.971651877160575,198,42.0,38.0,0.21
07:38:49,102.8,25.0,256.65,17.0,101.87,23.0,502.43,21.0,179.72,153.84999999999997,48.0,38.0,48.55588707870576,86,10.0,-69.0,0.12
07:38:50,102.0,43.0,126.33,12.0,101.0,9.0,166.3,30.0,114.17,24.33,52.0,42.0,68.48728663043983,94,10.0,8.0,0.11
07:38:51,102.0,52.0,103.0,11.0,101.0,11.0,154.68,38.0,102.5,1.0,63.0,49.0,81.69708593334293,112,14.0,18.0,0.12
07:38:52,102.0,20.0,157.93,15.0,101.0,5.0,333.95,19.0,129.97,55.93000000000001,25.0,34.0,82.51542504283681,59,-9.0,-53.0,-0.15
07:38:53,102.06,35.0,172.1,40.0,101.42,19.0,309.22,46.0,137.08,70.03999999999999,54.0,86.0,29.550456341654346,140,-32.0,81.0,-0.23
07:38:54,101.6,10.0,169.55,22.0,100.33,6.0,171.43,14.0,135.57,67.95000000000002,16.0,36.0,14.99475141507919,52,-20.0,-88.0,-0.38
07:38:55,101.0,9.0,163.62,32.0,100.0,9.0,166.82,22.0,132.31,62.620000000000005,18.0,54.0,14.2402363042198,72,-36.0,20.0,-0.5
07:38:56,101.0,9.0,162.33,36.0,70.73,41.0,168.11,18.0,131.67,61.33000000000001,50.0,54.0,2.9225502562009105,104,-4.0,32.0,-0.04
07:38:57,101.67,6.0,159.12,16.0,95.67,6.0,162.89,18.0,130.4,57.45,12.0,34.0,2.8032177938968665,46,-22.0,-58.0,-0.48
07:38:58,102.0,13.0,157.52,46.0,101.0,13.0,159.24,34.0,129.76,55.52000000000001,26.0,80.0,2.2644359121025865,106,-54.0,60.0,-0.51
07:38:59,104.77,13.0,155.87,46.0,102.23,13.0,157.88,32.0,130.32,51.10000000000001,26.0,78.0,1.0567260761520745,104,-52.0,-2.0,-0.5
07:39:00,111.0,34.0,155.0,14.0,108.14,7.0,156.0,28.0,133.0,44.0,41.0,42.0,1.3042622435767262,83,-1.0,-21.0,-0.01
07:39:01,111.0,120.0,154.2,41.0,109.0,15.0,155.42,38.0,132.6,43.19999999999999,135.0,79.0,1.4736621051040948,214,56.0,131.0,0.26
07:39:02,111.0,52.0,152.3,46.0,109.0,14.0,153.25,44.0,131.65,41.30000000000001,66.0,90.0,1.4050551590666764,156,-24.0,-58.0,-0.15
07:39:03,109.0,10.0,149.63,35.0,96.53,30.0,150.45,33.0,129.31,40.629999999999995,40.0,68.0,1.5487188253585131,108,-28.0,-48.0,-0.26
07:39:04,101.73,33.0,144.36,56.0,92.67,107.0,145.8,45.0,123.04,42.63000000000001,140.0,101.0,4.103906675354541,241,39.0,133.0,0.16
07:39:05,109.84,57.0,140.12,49.0,99.47,15.0,141.36,50.0,124.98,30.28,72.0,99.0,4.16597287557412,171,-27.0,-70.0,-0.16
07:39:06,111.0,32.0,137.0,52.0,102.0,13.0,139.0,26.0,124.0,26.0,45.0,78.0,3.7048792153077112,123,-33.0,-48.0,-0.27
07:39:07,111.0,16.0,136.5,32.0,104.73,11.0,139.0,16.0,123.75,25.5,27.0,48.0,2.498965786084083,75,-21.0,-48.0,-0.28
07:39:08,111.0,30.0,135.05,43.0,107.0,33.0,136.06,49.0,123.02,24.05000000000001,63.0,92.0,0.8080965288990021,155,-29.0,80.0,-0.19
07:39:09,111.0,24.0,131.86,43.0,107.0,54.0,132.82,34.0,121.43,20.860000000000014,78.0,77.0,1.3226601982438824,155,1.0,0.0,0.01
07:39:10,111.0,35.0,127.08,71.0,107.17,144.0,129.13,60.0,119.04,16.08,179.0,131.0,2.0543782514469657,310,48.0,155.0,0.15
07:39:11,111.0,9.0,125.78,36.0,109.0,27.0,134.0,18.0,118.39,14.780000000000001,36.0,54.0,2.3665438935329446,90,-18.0,-170.5,-0.2
07:39:12,108.43,35.0,123.2,40.0,107.35,85.0,125.0,40.0,115.81,14.769999999999996,120.0,80.0,2.791410037958908,200,40.0,110.0,0.2
07:39:13,109.07,15.0,121.7,40.0,107.79,68.0,124.1,40.0,115.38,12.63000000000001,83.0,80.0,2.482871321679292,163,3.0,-37.0,0.02
07:39:14,110.82,11.0,117.73,44.0,108.0,66.0,119.45,44.0,114.27,6.910000000000011,77.0,88.0,2.043078559433577,165,-11.0,2.0,-0.07
07:39:15,111.0,11.0,115.27,44.0,108.62,16.0,116.27,44.0,113.14,4.269999999999996,27.0,88.0,1.9680624990118878,115,-61.0,-50.0,-0.53
07:39:16,108.07,46.0,113.23,39.0,107.02,127.0,114.2,40.0,110.65,5.160000000000011,173.0,79.0,2.06778867392598,252,94.0,137.0,0.37
07:39:17,107.51,80.0,110.92,39.0,106.95,132.0,111.91,45.0,109.22,3.4099999999999966,212.0,84.0,2.550131369168315,296,128.0,44.0,0.43
07:39:18,107.0,108.0,108.81,32.0,106.0,18.0,110.12,34.0,107.91,1.8100000000000023,126.0,66.0,2.650673499323512,192,60.0,-104.0,0.31
07:39:19,107.0,70.0,188.22,37.0,106.0,18.0,301.33,39.0,147.61,81.22,88.0,76.0,16.828981846802783,164,12.0,-28.0,0.07
07:39:20,107.18,44.0,235.7,30.0,106.67,36.0,293.34,38.0,171.44,128.51999999999998,80.0,68.0,28.807876179961962,148,12.0,-16.0,0.08
07:39:21,107.4,50.0,171.48,31.0,106.71,34.0,173.07,29.0,139.44,64.07999999999998,84.0,60.0,26.94902094696616,144,24.0,-4.0,0.17
07:39:22,110.72,53.0,170.0,27.0,107.29,51.0,171.0,45.0,140.36,59.28,104.0,72.0,22.734651305881567,176,32.0,32.0,0.18
07:39:23,111.0,30.0,170.71,21.0,107.0,30.0,172.42,19.0,140.86,59.71000000000001,60.0,40.0,13.529520316700946,100,20.0,-76.0,0.2
07:39:24,111.0,66.0,169.63,54.0,107.0,66.0,170.98,42.0,140.31,58.629999999999995,132.0,96.0,13.961293636336976,228,36.0,128.0,0.16
07:39:25,111.0,42.0,167.91,33.0,107.0,42.0,169.33,30.0,139.45,56.91,84.0,63.0,0.621715368976833,147,21.0,-81.0,0.14
07:39:26,111.0,96.0,165.37,65.0,107.0,96.0,167.14,79.0,138.18,54.370000000000005,192.0,144.0,1.0534562164712562,336,48.0,169.5,0.14
07:39:27,111.0,60.0,163.0,40.0,107.0,60.0,165.0,50.0,137.0,52.0,120.0,90.0,1.5750079364948517,210,30.0,-126.0,0.14
07:39:28,111.0,54.0,162.02,41.0,107.0,54.0,164.0,40.0,136.51,51.02000000000001,108.0,81.0,1.6023888417052776,189,27.0,-21.0,0.14
07:39:29,111.0,80.0,158.91,65.0,107.0,96.0,160.26,65.0,134.95,47.91,176.0,130.0,1.702929828272833,306,46.0,117.0,0.15
07:39:30,111.0,46.0,155.04,53.0,107.0,72.0,156.14,51.0,133.02,44.03999999999999,118.0,104.0,1.9982667489654706,222,14.0,-84.0,0.06
07:39:31,111.0,22.0,152.17,48.0,107.0,66.0,153.25,48.0,131.58,41.16999999999999,88.0,96.0,2.2992759730012193,184,-8.0,-38.0,-0.04
07:39:32,111.0,28.0,148.67,69.0,107.0,84.0,150.74,57.0,129.83,37.66999999999999,112.0,126.0,2.647162631955267,238,-14.0,54.0,-0.06
07:39:34,110.67,12.0,112.29,28.0,108.67,12.0,123.0,24.0,111.48,1.6200000000000045,24.0,52.0,8.767684985218109,76,-28.0,-148.0,-0.37
07:39:35,107.41,59.0,109.8,41.0,107.08,40.0,115.09,57.0,108.61,2.3900000000000006,99.0,98.0,10.97692898765489,197,1.0,121.0,0.01
07:39:36,106.49,39.0,148.48,31.0,104.33,15.0,170.29,34.0,127.49,41.989999999999995,54.0,65.0,10.204957128769234,119,-11.0,-78.0,-0.09
07:39:37,102.0,24.0,150.92,13.0,101.0,30.0,152.24,17.0,126.46,48.91999999999999,54.0,30.0,9.578780193741673,84,24.0,-35.0,0.29
07:39:38,102.0,40.0,131.0,26.0,101.0,50.0,146.07,28.0,116.5,29.0,90.0,54.0,8.580586809771079,144,36.0,60.0,0.25
07:39:39,102.0,40.0,112.14,14.0,96.04,26.0,113.25,16.0,107.07,10.14,66.0,30.0,9.598480608930632,96,36.0,-48.0,0.38
07:39:40,102.6,50.0,106.88,24.0,101.8,50.0,108.07,27.0,104.74,4.280000000000001,100.0,51.0,10.573465373283126,151,49.0,55.0,0.32
07:39:41,102.05,57.0,127.95,41.0,98.44,32.0,232.61,36.0,115.0,25.900000000000006,89.0,77.0,8.606153612387878,166,12.0,15.0,0.07
07:39:42,106.75,24.0,200.0,46.0,107.59,59.0,331.23,64.0,153.38,93.25,83.0,110.0,19.680800796716014,193,-27.0,27.0,-0.14
07:39:43,111.0,17.0,155.0,35.0,110.0,49.0,288.21,19.0,133.0,44.0,66.0,54.0,20.454105211424384,120,12.0,-73.0,0.1
07:39:44,111.0,25.0,143.48,31.0,110.0,63.0,302.22,27.0,127.24,32.47999999999999,88.0,58.0,18.513047291032844,146,30.0,26.0,0.21
07:39:45,110.17,29.0,136.96,23.0,108.33,43.0,258.29,21.0,123.56,26.790000000000006,72.0,44.0,14.394140474513192,116,28.0,-30.0,0.24
07:39:46,110.0,23.0,114.0,16.0,101.0,8.0,278.38,16.0,112.0,4.0,31.0,32.0,15.236314515000627,63,-1.0,-53.0,-0.02
07:39:47,110.0,35.0,145.29,28.0,105.29,14.0,328.29,35.0,127.64,35.28999999999999,49.0,63.0,7.851338739350015,112,-14.0,49.0,-0.12
07:39:48,110.0,25.0,356.0,18.0,107.0,10.0,442.33,24.0,233.0,246.0,35.0,42.0,49.771914972201145,77,-7.0,-35.0,-0.09
07:39:49,109.86,21.0,248.33,18.0,106.0,12.0,392.69,26.0,179.1,138.47000000000003,33.0,44.0,50.62320416567901,77,-11.0,0.0,-0.14
07:39:50,111.0,36.0,221.0,27.0,107.0,9.0,447.22,36.0,166.0,110.0,45.0,63.0,47.48167562333939,108,-18.0,31.0,-0.17
07:39:51,111.0,29.0,220.67,18.0,107.0,6.0,398.45,22.0,165.83,109.66999999999999,35.0,40.0,38.03457479715032,75,-5.0,-33.0,-0.07
07:39:52,111.0,55.0,220.0,21.0,107.0,7.0,254.74,23.0,165.5,109.0,62.0,44.0,29.15074578805871,106,18.0,31.0,0.17
07:39:53,111.0,49.0,219.14,21.0,108.89,19.0,490.57,28.0,165.07,108.13999999999999,68.0,49.0,6.047805387082356,117,19.0,11.0,0.16
07:39:54,111.0,63.0,217.22,27.0,109.0,27.0,396.8,30.0,164.11,106.22,90.0,57.0,0.7549635752950056,147,33.0,30.0,0.22
07:39:55,111.0,56.0,177.11,27.0,109.0,24.0,376.25,24.0,144.06,66.11000000000001,80.0,51.0,9.443814377677153,131,29.0,-16.0,0.22
07:39:56,111.0,63.0,201.6,25.0,109.0,27.0,425.75,24.0,156.3,90.6,90.0,49.0,9.161062711280906,139,41.0,8.0,0.29
07:39:59,111.0,106.0,154.59,64.0,109.0,48.0,155.23,62.0,132.8,43.59,154.0,126.0,9.112563854372631,280,28.0,119.0,0.1
07:40:01,111.0,90.0,141.5,30.0,108.78,27.0,143.85,26.0,126.25,30.5,117.0,56.0,7.134792919210529,173,61.0,-102.0,0.35
07:40:02,111.0,117.0,138.55,51.0,108.0,26.0,139.53,45.0,124.77,27.55000000000001,143.0,96.0,4.6971427485244455,239,47.0,66.0,0.2
07:40:03,111.0,167.0,130.0,63.0,108.0,38.0,131.3,69.0,120.5,19.0,205.0,132.0,4.80153829517323,337,73.0,98.0,0.22
07:40:04,111.0,85.0,114.91,53.0,107.71,48.0,116.96,83.0,112.95,3.9099999999999966,133.0,136.0,6.596978096068995,269,-3.0,-68.0,-0.01
07:40:05,108.37,41.0,110.8,30.0,107.06,67.0,121.4,30.0,109.58,2.4299999999999926,108.0,60.0,7.301777180934328,168,48.0,-101.0,0.29
07:40:06,108.0,43.0,109.43,28.0,107.0,84.0,116.33,36.0,108.71,1.4300000000000068,127.0,64.0,7.042547124443868,191,63.0,23.0,0.33
07:40:07,108.25,24.0,113.17,36.0,107.3,60.0,141.61,36.0,110.71,4.920000000000002,84.0,72.0,4.7512261575315575,156,12.0,-35.0,0.08
07:40:08,107.49,49.0,128.89,37.0,106.85,66.0,152.73,52.0,118.19,21.39999999999999,115.0,89.0,3.793391622283678,204,26.0,48.0,0.13
07:40:09,107.0,45.0,127.45,22.0,106.0,18.0,128.65,23.0,117.23,20.450000000000003,63.0,45.0,4.475106702639858,108,18.0,-96.0,0.17
07:40:10,107.0,70.0,117.04,49.0,106.0,28.0,121.52,46.0,112.02,10.040000000000006,98.0,95.0,4.145650732998655,193,3.0,85.0,0.02
07:40:11,107.0,45.0,111.67,15.0,106.0,18.0,117.35,17.0,109.33,4.670000000000002,63.0,32.0,3.977194991449664,95,31.0,-98.0,0.33
07:40:12,107.0,41.0,109.78,9.0,106.0,18.0,111.71,17.0,108.39,2.780000000000001,59.0,26.0,4.48623673026872,85,33.0,-10.0,0.39
07:40:13,106.91,70.0,109.66,29.0,104.11,38.0,111.65,23.0,108.28,2.75,108.0,52.0,3.7696219969662415,160,56.0,75.0,0.35
07:40:14,107.0,21.0,108.6,5.0,106.0,6.0,109.29,7.0,107.8,1.5999999999999943,27.0,12.0,1.6900680459707256,39,15.0,-121.0,0.38
07:40:15,105.42,43.0,108.23,13.0,97.33,24.0,112.65,31.0,106.82,2.8100000000000023,67.0,44.0,0.9158220351198467,111,23.0,72.0,0.21
07:40:16,102.0,23.0,255.14,28.0,75.88,16.0,333.37,38.0,178.57,153.14,39.0,66.0,31.64531513510356,105,-27.0,-6.0,-0.26
07:40:17,102.77,22.0,192.44,18.0,84.5,22.0,377.16,38.0,147.61,89.67,44.0,56.0,32.29124695641245,100,-12.0,-5.0,-0.12
07:40:18,108.92,24.0,131.52,25.0,103.71,59.0,176.83,35.0,120.22,22.60000000000001,83.0,60.0,30.702889603423603,143,23.0,43.0,0.16
07:40:19,106.89,61.0,111.0,22.0,103.35,51.0,114.0,33.0,108.94,4.109999999999999,112.0,55.0,30.4797813312369,167,57.0,24.0,0.34
07:40:20,107.56,81.0,110.11,18.0,106.0,9.0,114.0,27.0,108.83,2.549999999999997,90.0,45.0,30.068006751363104,135,45.0,-32.0,0.33
07:40:21,108.92,74.0,147.26,19.0,105.2,10.0,232.2,30.0,128.09,38.33999999999999,84.0,49.0,16.10448602098231,133,35.0,-2.0,0.26
07:40:22,110.89,74.0,228.0,27.0,106.94,17.0,344.22,27.0,169.45,117.11,91.0,54.0,25.027061953014293,145,37.0,12.0,0.26
07:40:23,111.0,93.0,348.0,27.0,110.0,72.0,560.73,33.0,229.5,237.0,165.0,60.0,51.36658904385245,225,105.0,80.0,0.47
07:40:24,111.0,67.0,393.93,28.0,110.0,64.0,547.08,36.0,252.46,282.93,131.0,64.0,62.338959166800585,195,67.0,-30.0,0.34
07:40:25,109.64,22.0,406.0,35.0,104.91,11.0,407.0,35.0,257.82,296.36,33.0,70.0,56.54920008276014,103,-37.0,-92.0,-0.36
07:40:26,106.0,9.0,190.9,29.0,104.0,27.0,301.39,41.0,148.45,84.9,36.0,70.0,49.72615639681033,106,-34.0,3.0,-0.32
07:40:27,105.54,13.0,201.25,40.0,103.57,14.0,496.62,24.0,153.39,95.71,27.0,64.0,53.49977504625642,91,-37.0,-15.0,-0.41
07:40:28,104.0,16.0,200.38,40.0,102.0,8.0,282.0,24.0,152.19,96.38,24.0,64.0,56.91251944871213,88,-40.0,-3.0,-0.45
07:40:29,105.04,27.0,198.0,40.0,103.92,12.0,282.0,24.0,151.52,92.96,39.0,64.0,47.632977337135145,103,-25.0,15.0,-0.24
07:40:30,106.71,42.0,196.44,45.0,105.62,39.0,490.11,27.0,151.58,89.73,81.0,72.0,1.8255218432067646,153,9.0,50.0,0.06
07:40:31,107.89,45.0,195.22,45.0,106.26,38.0,547.6,20.0,151.56,87.33,83.0,65.0,0.7995436198389404,148,18.0,-5.0,0.12
07:40:32,108.0,30.0,193.83,30.0,107.0,30.0,211.0,12.0,150.92,85.83000000000001,60.0,42.0,0.4495330911346063,102,18.0,-46.0,0.18
07:40:33,108.0,25.0,193.0,25.0,107.0,25.0,361.8,15.0,150.5,85.0,50.0,40.0,0.48567478833571825,90,10.0,-12.0,0.11
07:40:34,108.0,25.0,190.81,21.0,107.0,25.0,192.56,9.0,149.4,82.81,50.0,30.0,0.9013989128154226,80,20.0,-10.0,0.25
07:40:35,108.0,50.0,142.46,28.0,107.0,50.0,175.06,16.0,125.23,34.46000000000001,100.0,44.0,11.370801203082534,144,56.0,64.0,0.39
07:40:36,108.0,35.0,110.57,7.0,107.0,35.0,171.52,25.0,109.29,2.569999999999993,70.0,32.0,18.94815479143076,102,38.0,-42.0,0.37
07:40:37,107.56,45.0,108.9,41.0,106.61,41.0,140.77,13.0,108.23,1.3400000000000034,86.0,54.0,20.68450748748971,140,32.0,38.0,0.23
07:40:38,106.17,29.0,108.87,23.0,104.8,10.0,175.78,9.0,107.52,2.700000000000003,39.0,32.0,18.032460453305184,71,7.0,-69.0,0.1
07:40:39,106.0,39.0,107.79,57.0,104.0,13.0,109.14,37.0,106.89,1.7900000000000063,52.0,94.0,7.764651956141554,146,-42.0,75.0,-0.29
07:40:40,104.0,10.0,106.44,34.0,102.0,70.0,107.92,13.0,105.22,2.4399999999999977,80.0,47.0,1.5234336217937796,127,33.0,-19.0,0.26
07:40:41,102.3,60.0,105.61,36.0,93.3,90.0,106.1,51.0,103.96,3.3100000000000023,150.0,87.0,1.7452019940429309,237,63.0,110.0,0.27
07:40:42,93.39,38.0,102.85,26.0,81.57,42.0,165.12,24.0,98.12,9.459999999999994,80.0,50.0,3.749069217820721,130,30.0,-107.0,0.23
07:40:43,97.69,49.0,240.64,39.0,93.35,52.0,520.44,34.0,169.17,142.95,101.0,73.0,29.532386798225666,174,28.0,44.0,0.16
07:40:44,99.0,30.0,157.42,36.0,98.0,70.0,297.91,43.0,128.21,58.41999999999999,100.0,79.0,29.30519117835635,179,21.0,5.0,0.12
07:40:45,102.91,34.0,351.83,30.0,100.52,52.0,499.0,29.0,227.37,248.92,86.0,59.0,53.694171285159264,145,27.0,-34.0,0.19
07:40:46,106.0,33.0,236.0,18.0,103.14,35.0,238.87,15.0,171.0,130.0,68.0,33.0,48.92859317413515,101,35.0,-44.0,0.35
07:40:47,107.17,36.0,234.25,12.0,104.75,24.0,236.0,24.0,170.71,127.08,60.0,36.0,35.304842727309065,96,24.0,-5.0,0.25
07:40:48,110.74,23.0,231.7,20.0,108.84,31.0,234.62,13.0,171.22,120.96,54.0,33.0,35.25687691784438,87,21.0,-9.0,0.24
07:40:49,111.0,26.0,230.8,25.0,109.0,39.0,233.29,14.0,170.9,119.80000000000001,65.0,39.0,25.229107197838573,104,26.0,17.0,0.25
07:40:50,111.0,24.0,186.0,26.0,109.0,36.0,193.22,18.0,148.5,75.0,60.0,44.0,10.044982827263857,104,16.0,0.0,0.15
07:40:51,109.49,35.0,118.14,21.0,108.5,34.0,119.94,32.0,113.81,8.650000000000006,69.0,53.0,25.007822176271624,122,16.0,18.0,0.13
07:40:52,107.81,80.0,114.71,24.0,106.82,50.0,115.25,24.0,111.26,6.8999999999999915,130.0,48.0,29.42964865573525,178,82.0,56.0,0.46
07:40:53,107.0,45.0,111.31,13.0,104.0,11.0,113.2,20.0,109.15,4.310000000000002,56.0,33.0,27.660736251951363,89,23.0,-89.0,0.26
07:40:54,107.0,33.0,108.8,10.0,105.96,90.0,111.0,20.0,107.9,1.7999999999999972,123.0,30.0,17.128115191112336,153,93.0,64.0,0.61
07:40:55,106.25,53.0,214.48,21.0,105.86,59.0,316.41,29.0,160.36,108.22999999999999,112.0,50.0,22.397185760715875,162,62.0,9.0,0.38
07:40:56,106.0,37.0,256.29,21.0,104.0,7.0,419.86,35.0,181.14,150.29000000000002,44.0,56.0,34.39789993589749,100,-12.0,-62.0,-0.12
07:40:57,106.0,21.0,365.8,15.0,104.0,7.0,410.03,29.0,235.9,259.8,28.0,44.0,53.62324868935137,72,-16.0,-28.0,-0.22
07:40:58,110.1,21.0,210.74,31.0,107.05,21.0,411.3,23.0,160.42,100.64000000000001,42.0,54.0,46.109548685711786,96,-12.0,24.0,-0.12
07:40:59,111.0,30.0,161.57,42.0,109.0,20.0,215.65,26.0,136.29,50.56999999999999,50.0,68.0,37.65541554677132,118,-18.0,22.0,-0.15
07:41:00,110.14,28.0,149.6,10.0,108.57,14.0,150.6,10.0,129.87,39.459999999999994,42.0,20.0,42.71219416045055,62,22.0,-56.0,0.35
07:41:01,109.0,13.0,148.0,10.0,108.0,10.0,150.0,10.0,128.5,39.0,23.0,20.0,45.29609618940712,43,3.0,-19.0,0.07
07:41:02,107.62,13.0,148.0,9.0,106.46,13.0,150.0,9.0,127.81,40.379999999999995,26.0,18.0,13.744572383308773,44,8.0,1.0,0.18
07:41:03,108.0,64.0,147.92,12.0,106.56,34.0,450.9,29.0,127.96,39.91999999999999,98.0,41.0,3.562012071850994,139,57.0,95.0,0.41
07:41:04,108.0,24.0,143.88,24.0,106.0,24.0,449.67,18.0,125.94,35.879999999999995,48.0,42.0,1.4165909783743555,90,6.0,-49.0,0.07
07:41:05,107.2,20.0,147.38,13.0,105.2,20.0,375.36,50.0,127.29,40.17999999999999,40.0,63.0,0.9728052220313406,103,-23.0,13.0,-0.22
07:41:06,106.75,24.0,134.06,36.0,105.0,12.0,136.36,36.0,120.4,27.310000000000002,36.0,72.0,3.165177720130567,108,-36.0,5.0,-0.33
07:41:07,107.0,24.0,128.64,22.0,106.0,11.0,129.82,22.0,117.82,21.639999999999986,35.0,44.0,4.5097693954359075,79,-9.0,-29.0,-0.11
07:41:08,107.0,20.0,125.95,19.0,106.0,10.0,127.44,18.0,116.47,18.950000000000003,30.0,37.0,4.828450061873856,67,-7.0,-12.0,-0.1
07:41:09,107.0,24.0,112.42,24.0,106.0,12.0,117.7,23.0,109.71,5.420000000000002,36.0,47.0,6.375544682614082,83,-11.0,16.0,-0.13
07:41:10,106.4,20.0,108.46,26.0,102.85,40.0,110.46,26.0,107.43,2.059999999999988,60.0,52.0,5.535172084046482,112,8.0,29.0,0.07
07:41:11,102.12,34.0,107.17,12.0,96.0,60.0,111.0,12.0,104.64,5.049999999999997,94.0,24.0,5.72413574262583,118,70.0,6.0,0.59
07:41:12,102.0,47.0,105.23,13.0,70.62,42.0,120.0,8.0,103.62,3.230000000000004,89.0,21.0,5.117727034534545,110,68.0,-8.0,0.62
07:41:13,102.0,55.0,144.0,16.0,67.11,94.0,228.57,40.0,123.0,42.0,149.0,56.0,7.820022378484997,205,93.0,95.0,0.45
07:41:14,102.13,46.0,344.93,44.0,76.32,81.0,493.15,26.0,223.53,242.8,127.0,70.0,51.51561442902543,197,57.0,-8.0,0.29
07:41:15,102.46,39.0,312.0,35.0,92.89,28.0,473.71,14.0,207.23,209.54000000000002,67.0,49.0,58.289518182946225,116,18.0,-81.0,0.16
07:41:16,108.94,192.0,126.36,28.0,95.84,133.0,296.66,62.0,117.65,17.42,325.0,90.0,55.86425628252845,415,235.0,169.5,0.57
07:41:17,111.0,136.0,171.88,16.0,106.0,7.0,343.62,16.0,141.44,60.879999999999995,143.0,32.0,49.34750601600877,175,111.0,-170.5,0.63
07:41:18,111.0,285.0,183.51,35.0,106.0,15.0,277.95,40.0,147.26,72.50999999999999,300.0,75.0,45.52913100422656,375,225.0,169.5,0.6
07:41:20,111.0,114.0,154.67,18.0,106.0,6.0,156.0,12.0,132.83,43.66999999999999,120.0,30.0,11.17914889425912,150,90.0,-150.0,0.6
07:41:21,111.0,228.0,136.79,34.0,106.0,12.0,158.38,26.0,123.9,25.789999999999992,240.0,60.0,8.962330612068225,300,180.0,150.0,0.6
07:41:22,111.0,206.0,134.86,35.0,106.65,23.0,138.04,28.0,122.93,23.860000000000014,229.0,63.0,9.77817109688792,292,166.0,-8.0,0.57
07:41:23,111.0,175.0,131.59,46.0,107.0,50.0,133.29,34.0,121.29,20.590000000000003,225.0,80.0,5.67167700067741,305,145.0,13.0,0.48
07:41:24,111.0,169.0,130.67,49.0,108.75,72.0,131.82,45.0,120.84,19.669999999999987,241.0,94.0,4.894197584897094,335,147.0,30.0,0.44
07:41:25,111.0,149.0,125.67,39.0,110.0,78.0,127.68,25.0,118.33,14.670000000000002,227.0,64.0,2.1403667909991033,291,163.0,-44.0,0.56
07:41:26,111.0,77.0,123.57,23.0,110.0,42.0,124.12,25.0,117.28,12.569999999999993,119.0,48.0,2.294129464527111,167,71.0,-124.0,0.43
07:41:27,111.0,154.0,120.25,24.0,107.63,114.0,121.84,32.0,115.62,9.25,268.0,56.0,2.3939235576791216,324,212.0,157.0,0.65
07:41:28,111.0,110.0,116.45,38.0,107.0,90.0,119.12,16.0,113.72,5.450000000000003,200.0,54.0,2.6986515151109582,254,146.0,-70.0,0.57
07:41:29,111.0,138.0,113.92,65.0,107.62,68.0,114.51,53.0,112.46,2.9200000000000017,206.0,118.0,2.428995677231692,324,88.0,70.0,0.27
07:41:30,111.0,112.0,113.18,38.0,110.0,28.0,114.38,64.0,112.09,2.180000000000007,140.0,102.0,2.1912964199327125,242,38.0,-82.0,0.16
07:41:31,111.0,48.0,115.75,32.0,110.0,24.0,144.75,40.0,113.38,4.75,72.0,72.0,1.3798840531036352,144,0.0,-98.0,0.0
07:41:32,111.0,40.0,115.75,12.0,110.0,20.0,119.55,22.0,113.38,4.75,60.0,34.0,0.6940316995711296,94,26.0,-50.0,0.28
07:41:33,111.0,34.0,222.62,40.0,110.0,20.0,358.86,28.0,166.81,111.62,54.0,68.0,24.14838358979774,122,-14.0,28.0,-0.11
07:41:34,110.89,18.0,393.71,41.0,108.41,34.0,443.36,42.0,252.3,282.82,52.0,83.0,60.93933598259848,135,-31.0,13.0,-0.23
07:41:35,110.0,13.0,220.04,52.0,107.18,99.0,329.24,29.0,165.02,110.03999999999999,112.0,81.0,56.819884019593225,193,31.0,58.0,0.16
07:41:36,107.63,46.0,188.83,24.0,106.96,70.0,190.0,60.0,148.23,81.20000000000002,116.0,84.0,51.19666561408104,200,32.0,7.0,0.16
07:41:37,108.0,27.0,188.0,18.0,107.0,63.0,190.0,45.0,148.0,80.0,90.0,63.0,43.536919620019404,153,27.0,-47.0,0.18
07:41:38,107.22,54.0,186.08,26.0,106.82,34.0,213.9,20.0,146.65,78.86000000000001,88.0,46.0,45.498455468290665,134,42.0,-19.0,0.31
07:41:39,107.0,49.0,173.0,20.0,106.0,7.0,254.33,9.0,140.0,66.0,56.0,29.0,9.261125741507762,85,27.0,-49.0,0.32
07:41:40,107.0,56.0,184.25,16.0,106.0,8.0,309.0,8.0,145.62,77.25,64.0,24.0,3.3574469467164807,88,40.0,3.0,0.45
07:41:41,107.72,36.0,182.75,24.0,107.08,24.0,216.68,56.0,145.24,75.03,60.0,80.0,3.046000656601301,140,-20.0,52.0,-0.14
07:41:42,109.13,15.0,181.33,18.0,107.23,13.0,215.0,45.0,145.23,72.20000000000002,28.0,63.0,2.607483461120184,91,-35.0,-49.0,-0.38
07:41:43,107.74,27.0,180.58,24.0,106.04,57.0,340.8,20.0,144.16,72.84000000000002,84.0,44.0,2.328518842529525,128,40.0,37.0,0.31
07:41:44,107.0,24.0,180.0,24.0,106.0,60.0,442.5,40.0,143.5,73.0,84.0,64.0,0.885720046072894,148,20.0,20.0,0.14
07:41:45,107.0,18.0,180.0,28.0,105.87,31.0,400.73,33.0,143.5,73.0,49.0,61.0,0.8724563026393916,110,-12.0,-38.0,-0.11
07:41:46,106.67,24.0,178.23,39.0,105.6,20.0,204.45,33.0,142.45,71.55999999999999,44.0,72.0,1.0212590268952222,116,-28.0,6.0,-0.24
07:41:47,103.39,33.0,175.64,39.0,99.33,51.0,176.92,24.0,139.52,72.24999999999999,84.0,63.0,1.8411355191876846,147,21.0,31.0,0.14
07:41:48,102.0,110.0,165.33,30.0,62.67,15.0,174.29,35.0,133.67,63.33000000000001,125.0,65.0,4.165569588905416,190,60.0,43.0,0.32
07:41:49,102.78,100.0,173.62,40.0,101.35,68.0,175.0,16.0,138.2,70.84,168.0,56.0,3.885121619719665,224,112.0,34.0,0.5
07:41:50,102.64,92.0,164.94,52.0,90.33,127.0,165.0,34.0,133.79,62.3,219.0,86.0,3.7915208030567755,305,133.0,81.0,0.44
07:41:51,103.29,56.0,149.85,65.0,102.0,154.0,152.23,61.0,126.57,46.55999999999999,210.0,126.0,5.070892426389147,336,84.0,31.0,0.25
07:41:52,104.34,35.0,144.4,40.0,102.15,107.0,145.85,27.0,124.37,40.06,142.0,67.0,5.696990433554301,209,75.0,-127.0,0.36
07:41:53,105.0,36.0,143.27,30.0,102.0,132.0,144.14,42.0,124.13,38.27000000000001,168.0,72.0,6.280805680803079,240,96.0,31.0,0.4
07:41:54,109.67,61.0,141.73,30.0,103.28,78.0,143.83,48.0,125.7,32.05999999999999,139.0,78.0,3.9715891026145798,217,61.0,-23.0,0.28
07:41:55,111.0,60.0,138.21,39.0,110.0,20.0,139.33,24.0,124.6,27.210000000000008,80.0,63.0,1.0297232637975617,143,17.0,-74.0,0.12
07:41:56,111.0,72.0,133.36,36.0,110.0,24.0,134.9,41.0,122.18,22.360000000000014,96.0,77.0,1.277117848910362,173,19.0,30.0,0.11
07:41:57,111.0,96.0,131.25,80.0,110.0,32.0,133.0,64.0,121.12,20.25,128.0,144.0,1.8603171772590505,272,-16.0,99.0,-0.06
07:41:58,111.0,32.0,129.42,12.0,110.0,16.0,130.31,39.0,120.21,18.419999999999987,48.0,51.0,2.3215124380465206,99,-3.0,-170.5,-0.03
07:41:59,105.61,62.0,128.02,61.0,101.74,68.0,129.25,20.0,116.81,22.41000000000001,130.0,81.0,2.852442812749064,211,49.0,112.0,0.23
07:42:00,104.0,104.0,124.4,30.0,102.0,143.0,124.81,27.0,114.2,20.400000000000006,247.0,57.0,3.311378866877472,304,190.0,93.0,0.62
07:42:01,102.23,78.0,117.68,37.0,74.32,114.0,119.41,17.0,109.95,15.450000000000003,192.0,54.0,4.565859174350594,246,138.0,-58.0,0.56
07:42:02,102.18,99.0,114.01,74.0,78.72,134.0,115.31,45.0,108.1,11.829999999999998,233.0,119.0,4.939790481386856,352,114.0,106.0,0.32
07:42:03,103.42,89.0,108.14,28.0,85.14,86.0,114.28,39.0,105.78,4.719999999999999,175.0,67.0,4.493102491597403,242,108.0,-110.0,0.45
07:42:04,102.0,46.0,103.0,48.0,72.5,100.0,112.0,24.0,102.5,1.0,146.0,72.0,4.398145063546377,218,74.0,-24.0,0.34
07:42:10,93.67,27.0,100.4,10.0,92.0,54.0,102.78,36.0,97.03,6.730000000000004,81.0,46.0,4.827934340894507,127,35.0,-2.0,0.28
07:42:11,95.08,39.0,102.83,35.0,93.43,77.0,145.74,38.0,98.95,7.75,116.0,73.0,5.099997058821694,189,43.0,62.0,0.23
07:42:12,96.88,58.0,103.0,40.0,95.85,80.0,143.0,30.0,99.94,6.1200000000000045,138.0,70.0,3.5650708267847278,208,68.0,19.0,0.33
07:42:13,100.28,53.0,143.0,33.0,98.62,37.0,389.92,39.0,121.64,42.72,90.0,72.0,10.923990571215043,162,18.0,-46.0,0.11
07:42:14,108.67,45.0,141.6,43.0,107.55,33.0,198.41,34.0,125.14,32.92999999999999,78.0,77.0,13.6526389390476,155,1.0,-7.0,0.01
07:42:15,110.08,36.0,141.0,40.0,108.66,44.0,255.18,40.0,125.54,30.92,80.0,80.0,13.59718794457156,160,0.0,5.0,0.0
07:42:16,109.04,46.0,140.35,46.0,107.31,32.0,213.27,44.0,124.7,31.309999999999988,78.0,90.0,10.982327622139366,168,-12.0,8.0,-0.07
07:42:17,111.0,7.0,140.26,31.0,109.0,35.0,224.91,32.0,125.63,29.25999999999999,42.0,63.0,1.6570455636488686,105,-21.0,-63.0,-0.2
07:42:18,109.74,19.0,138.1,40.0,108.49,47.0,242.25,40.0,123.92,28.36,66.0,80.0,0.7006282894721507,146,-14.0,41.0,-0.1
07:42:19,108.54,26.0,135.62,26.0,106.73,22.0,248.0,23.0,122.08,27.08,48.0,49.0,1.4587597471853673,97,-1.0,-49.0,-0.01
07:42:20,107.13,31.0,118.88,43.0,106.18,33.0,129.16,38.0,113.01,11.75,64.0,81.0,5.120856373694427,145,-17.0,48.0,-0.12
07:42:21,107.73,22.0,109.71,34.0,106.56,27.0,129.25,32.0,108.72,1.9799999999999898,49.0,66.0,7.393752092138673,115,-17.0,-30.0,-0.15
07:42:22,108.0,125.0,116.32,50.0,106.6,45.0,149.27,51.0,112.16,8.319999999999993,170.0,101.0,6.640302703943813,271,69.0,156.0,0.25
07:42:23,107.38,52.0,129.5,48.0,106.21,38.0,130.5,48.0,118.44,22.120000000000005,90.0,96.0,5.323403046924298,186,-6.0,-85.0,-0.03
07:42:24,106.49,41.0,126.58,48.0,105.36,22.0,128.0,48.0,116.54,20.090000000000003,63.0,96.0,3.812935876723118,159,-33.0,-27.0,-0.21
07:42:25,106.0,48.0,123.0,64.0,104.0,16.0,125.19,64.0,114.5,17.0,64.0,128.0,3.7964878506327997,192,-64.0,33.0,-0.33
07:42:26,106.0,24.0,120.88,32.0,104.0,8.0,170.67,30.0,113.44,14.879999999999995,32.0,62.0,2.497654900101883,94,-30.0,-98.0,-0.32
07:42:27,104.59,17.0,120.27,44.0,92.56,32.0,415.09,33.0,112.43,15.679999999999993,49.0,77.0,2.4222510191974242,126,-28.0,32.0,-0.22
07:42:28,95.52,31.0,101.5,34.0,85.18,57.0,255.65,23.0,98.51,5.980000000000004,88.0,57.0,7.192094966002662,145,31.0,19.0,0.21
07:42:31,97.0,25.0,241.2,10.0,83.4,10.0,297.27,11.0,169.1,144.2,35.0,21.0,43.8477984624088,56,14.0,-97.0,0.25
07:42:32,97.29,35.0,229.27,26.0,75.69,80.0,286.25,24.0,163.28,131.98000000000002,115.0,50.0,39.20567216615505,165,65.0,109.0,0.39
07:42:33,102.0,36.0,114.07,28.0,93.72,32.0,115.45,22.0,108.04,12.069999999999993,68.0,50.0,35.65506275411706,118,18.0,-47.0,0.15
07:42:34,105.0,36.0,111.2,25.0,104.0,54.0,112.19,26.0,108.1,6.200000000000003,90.0,51.0,42.806091622571905,141,39.0,23.0,0.28
07:42:35,106.7,46.0,110.24,34.0,104.24,68.0,111.46,39.0,108.47,3.539999999999992,114.0,73.0,31.82761725294575,187,41.0,46.0,0.22
07:42:36,105.95,37.0,109.92,36.0,103.14,59.0,111.0,36.0,107.93,3.969999999999999,96.0,72.0,24.662427496092167,168,24.0,-19.0,0.14
07:42:37,103.38,16.0,108.0,24.0,102.19,26.0,109.0,24.0,105.69,4.6200000000000045,42.0,48.0,1.1120836299471348,90,-6.0,-78.0,-0.07
07:42:38,103.0,24.0,105.92,36.0,102.0,36.0,125.83,36.0,104.46,2.9200000000000017,60.0,72.0,1.7591901545870448,132,-12.0,42.0,-0.09
07:42:39,103.0,12.0,104.83,18.0,102.0,18.0,205.33,18.0,103.92,1.8299999999999983,30.0,36.0,2.035664510668568,66,-6.0,-66.0,-0.09
07:42:40,103.25,16.0,183.25,24.0,101.05,38.0,243.62,24.0,143.25,80.0,54.0,48.0,16.952647285896074,102,6.0,36.0,0.06
07:42:41,102.0,9.0,283.84,25.0,101.0,54.0,300.33,27.0,192.92,181.83999999999997,63.0,52.0,38.91629311740789,115,11.0,13.0,0.1
07:42:42,103.12,16.0,207.25,16.0,101.54,13.0,244.38,16.0,155.19,104.13,29.0,32.0,37.43884840643492,61,-3.0,-54.0,-0.05
07:42:43,107.82,11.0,203.2,20.0,103.38,8.0,280.59,17.0,155.51,95.38,19.0,37.0,31.891325936687252,56,-18.0,-5.0,-0.32
07:42:44,107.9,39.0,206.0,30.0,103.93,15.0,403.05,21.0,156.95,98.1,54.0,51.0,18.801390374119364,105,3.0,49.0,0.03
07:42:45,107.0,29.0,169.64,33.0,105.24,21.0,331.73,22.0,138.32,62.639999999999986,50.0,55.0,20.038095468382906,105,-5.0,0.0,-0.05
07:42:46,107.75,24.0,260.74,19.0,106.2,15.0,318.42,24.0,184.24,152.99,39.0,43.0,16.515370719424574,82,-4.0,-23.0,-0.05
07:42:47,108.11,54.0,201.0,9.0,107.0,9.0,246.5,24.0,154.56,92.89,63.0,33.0,16.544945753916103,96,30.0,14.0,0.31
07:42:48,109.33,36.0,200.0,6.0,107.0,6.0,268.67,18.0,154.67,90.67,42.0,24.0,16.579712603058784,66,18.0,-30.0,0.27
07:42:49,110.6,15.0,200.0,10.0,109.95,55.0,304.78,27.0,155.3,89.4,70.0,37.0,16.615947761112697,107,33.0,41.0,0.31
07:42:50,111.0,12.0,199.5,12.0,110.0,72.0,361.73,33.0,155.25,88.5,84.0,45.0,13.105347381890656,129,39.0,22.0,0.3
07:42:51,111.0,145.0,124.36,11.0,110.0,66.0,132.64,11.0,117.68,13.36,211.0,22.0,16.668736304831835,233,189.0,104.0,0.81
07:42:52,111.0,91.0,124.0,5.0,110.0,30.0,356.73,11.0,117.5,13.0,121.0,16.0,20.532059078426943,137,105.0,-96.0,0.77
07:42:53,111.0,108.0,123.33,6.0,110.0,36.0,323.33,18.0,117.17,12.329999999999998,144.0,24.0,20.718420547908803,168,120.0,31.0,0.71
07:42:54,111.0,216.0,121.92,12.0,110.0,72.0,188.86,14.0,116.46,10.920000000000002,288.0,26.0,17.02174109778447,314,262.0,146.0,0.83
07:42:55,111.0,216.0,119.92,12.0,110.0,72.0,122.0,12.0,115.46,8.920000000000002,288.0,24.0,0.9080088105299705,312,264.0,-2.0,0.85
07:42:56,111.0,170.0,119.0,10.0,110.0,60.0,122.0,10.0,115.0,8.0,230.0,20.0,1.0742997719443685,250,210.0,-62.0,0.84
07:42:57,111.0,141.0,118.0,13.0,110.0,94.0,119.0,13.0,114.5,7.0,235.0,26.0,1.0867934486365654,261,209.0,11.0,0.8
07:42:58,111.0,106.0,116.79,14.0,110.0,140.0,118.43,14.0,113.89,5.790000000000006,246.0,28.0,0.9754588663798037,274,218.0,13.0,0.8
07:42:59,111.0,82.0,113.53,15.0,110.0,80.0,114.79,14.0,112.27,2.530000000000001,162.0,29.0,1.2385192772010094,191,133.0,-83.0,0.7
07:43:00,111.0,45.0,112.47,17.0,110.0,78.0,113.36,22.0,111.74,1.4699999999999989,123.0,39.0,1.4151501687093513,162,84.0,-29.0,0.52
07:43:01,110.08,52.0,111.58,12.0,109.0,48.0,196.0,19.0,110.83,1.5,100.0,31.0,1.5202730017985726,131,69.0,-31.0,0.53
07:43:02,110.0,58.0,111.73,11.0,108.12,34.0,318.0,15.0,110.86,1.730000000000004,92.0,26.0,1.2597102841515724,118,66.0,-13.0,0.56
07:43:03,110.0,50.0,111.1,10.0,109.0,44.0,352.3,20.0,110.55,1.0999999999999943,94.0,30.0,0.7243963003749196,124,64.0,6.0,0.52
07:43:04,110.0,47.0,123.46,13.0,109.0,40.0,186.53,17.0,116.73,13.459999999999994,87.0,30.0,2.603395859257167,117,57.0,-7.0,0.49
07:43:05,110.32,38.0,380.6,10.0,108.71,34.0,432.0,30.0,245.46,270.28000000000003,72.0,40.0,59.633108505259166,112,32.0,-5.0,0.29
07:43:06,111.0,168.0,255.94,18.0,110.0,28.0,428.85,40.0,183.47,144.94,196.0,58.0,59.93686369839534,254,138.0,142.0,0.54
07:43:07,111.0,156.0,191.82,44.0,110.0,26.0,335.2,30.0,151.41,80.82,182.0,74.0,55.30375918506829,256,108.0,2.0,0.42
07:43:08,111.0,129.0,218.0,20.0,110.0,20.0,380.33,36.0,164.5,107.0,149.0,56.0,47.59834692507746,205,93.0,-51.0,0.45
07:43:09,111.0,112.0,275.0,12.0,110.0,38.0,453.0,24.0,193.0,164.0,150.0,36.0,36.18465655495487,186,114.0,-19.0,0.61
07:43:10,111.0,80.0,354.94,18.0,109.76,50.0,478.0,23.0,232.97,243.94,130.0,41.0,31.28887741674407,171,89.0,-15.0,0.52
07:43:11,111.0,48.0,166.22,27.0,110.0,36.0,409.36,11.0,138.61,55.22,84.0,38.0,37.64791853476142,122,46.0,-49.0,0.38
07:43:12,110.92,48.0,187.0,36.0,109.92,48.0,227.49,37.0,148.96,76.08,96.0,73.0,38.063224640064746,169,23.0,47.0,0.14
07:43:13,110.0,28.0,187.0,30.0,109.0,40.0,296.3,30.0,148.5,77.0,68.0,60.0,39.86067071688622,128,8.0,-41.0,0.06
07:43:14,110.91,11.0,186.67,18.0,109.56,9.0,292.33,18.0,148.79,75.75999999999999,20.0,36.0,39.046020667925,56,-16.0,-72.0,-0.29
07:43:15,111.0,24.0,182.8,30.0,110.0,12.0,205.5,20.0,146.9,71.80000000000001,36.0,50.0,4.404494295605112,86,-14.0,30.0,-0.16
07:43:16,111.0,16.0,185.0,24.0,110.0,8.0,268.75,8.0,148.0,74.0,24.0,32.0,0.8278284846627221,56,-8.0,-30.0,-0.14
07:43:17,111.0,12.0,182.31,16.0,110.0,6.0,210.0,8.0,146.66,71.31,18.0,24.0,0.9506839643218612,42,-6.0,-14.0,-0.14
07:43:18,110.22,18.0,129.71,42.0,109.03,58.0,155.36,44.0,119.97,19.49000000000001,76.0,86.0,12.380732207749892,162,-10.0,120.0,-0.06
07:43:19,108.3,47.0,122.13,23.0,108.0,56.0,123.18,33.0,115.21,13.829999999999998,103.0,56.0,16.30571280257357,159,47.0,-3.0,0.3
07:43:20,108.0,86.0,121.36,22.0,107.0,77.0,123.0,33.0,114.68,13.36,163.0,55.0,16.952853152198532,218,108.0,59.0,0.5
07:43:21,108.36,143.0,118.76,34.0,107.26,107.0,123.0,51.0,113.56,10.400000000000006,250.0,85.0,13.992456181814672,335,165.0,117.0,0.49
07:43:22,108.0,105.0,116.42,31.0,107.0,43.0,118.27,44.0,112.21,8.420000000000002,148.0,75.0,2.9421811636946598,223,73.0,-112.0,0.33
07:43:23,108.0,86.0,113.33,27.0,107.0,42.0,114.94,32.0,110.67,5.329999999999998,128.0,59.0,1.8519800214901263,187,69.0,-36.0,0.37
07:43:24,108.0,70.0,110.86,36.0,107.0,42.0,112.38,34.0,109.43,2.8599999999999994,112.0,70.0,2.119752344024621,182,42.0,-5.0,0.23
07:43:25,108.0,16.0,109.1,20.0,107.0,24.0,111.0,12.0,108.55,1.0999999999999943,40.0,32.0,2.0326534382420203,72,8.0,-110.0,0.11
07:43:26,108.0,11.0,113.36,33.0,107.0,30.0,149.66,32.0,110.68,5.359999999999999,41.0,65.0,1.3918045839832314,106,-24.0,34.0,-0.23
07:43:27,108.0,12.0,112.04,45.0,107.0,36.0,150.14,43.0,110.02,4.040000000000006,48.0,88.0,0.902025498528979,136,-40.0,30.0,-0.29
07:43:28,107.0,39.0,111.43,53.0,106.0,65.0,191.85,52.0,109.22,4.430000000000007,104.0,105.0,0.8087954005780837,209,-1.0,73.0,-0.0
07:43:29,106.47,38.0,108.27,22.0,105.76,34.0,109.88,34.0,107.37,1.7999999999999972,72.0,56.0,1.2873888301503935,128,16.0,-81.0,0.12
07:43:30,102.82,73.0,205.88,34.0,101.97,67.0,347.79,43.0,154.35,103.06,140.0,77.0,20.17506307301173,217,63.0,89.0,0.29
07:43:31,102.0,98.0,314.79,19.0,101.0,14.0,331.47,17.0,208.39,212.79000000000002,112.0,36.0,44.07764682920373,148,76.0,-69.0,0.51
07:43:32,101.95,123.0,271.46,35.0,99.86,42.0,323.17,24.0,186.7,169.51,165.0,59.0,45.28834761834464,224,106.0,76.0,0.47
07:43:33,101.92,49.0,316.91,22.0,100.06,34.0,318.0,22.0,209.41,214.99,83.0,44.0,43.07160294207814,127,39.0,-97.0,0.31
07:43:34,101.0,28.0,252.26,38.0,88.57,162.0,285.71,34.0,176.63,151.26,190.0,72.0,23.09406590447083,262,118.0,135.0,0.45
07:43:35,95.08,145.0,195.55,40.0,54.83,46.0,229.09,33.0,145.32,100.47000000000001,191.0,73.0,26.410078568607876,264,118.0,2.0,0.45
07:43:36,98.48,125.0,180.9,51.0,77.12,80.0,190.69,36.0,139.69,82.42,205.0,87.0,29.11949948058917,292,118.0,28.0,0.4
07:43:37,107.62,45.0,162.0,28.0,90.78,82.0,165.37,49.0,134.81,54.379999999999995,127.0,77.0,31.51813636622614,204,50.0,-88.0,0.25
07:43:38,109.69,91.0,159.53,62.0,107.0,39.0,160.66,29.0,134.61,49.84,130.0,91.0,17.55846576441172,221,39.0,17.0,0.18
07:43:39,111.0,93.0,155.48,33.0,107.0,45.0,157.03,72.0,133.24,44.47999999999999,138.0,105.0,4.99195653026085,243,33.0,22.0,0.14
07:43:40,111.0,100.0,152.42,48.0,109.0,60.0,154.97,36.0,131.71,41.41999999999999,160.0,84.0,2.9970518847715324,244,76.0,1.0,0.31
07:43:41,111.0,126.0,149.18,33.0,109.0,75.0,150.06,36.0,130.09,38.18000000000001,201.0,69.0,1.9999799999029302,270,132.0,26.0,0.49
07:43:42,111.0,108.0,145.62,26.0,109.73,55.0,147.54,26.0,128.31,34.620000000000005,163.0,52.0,2.493274954755529,215,111.0,-55.0,0.52
07:43:43,111.0,112.0,141.16,43.0,110.0,68.0,142.31,58.0,126.08,30.159999999999997,180.0,101.0,2.810129890238263,281,79.0,66.0,0.28
07:43:44,111.0,58.0,136.83,24.0,109.62,52.0,138.33,39.0,123.92,25.830000000000013,110.0,63.0,3.1047817958770954,173,47.0,-108.0,0.27
07:43:45,111.0,50.0,132.65,23.0,109.32,22.0,134.04,23.0,121.83,21.650000000000006,72.0,46.0,3.308146006452714,118,26.0,-55.0,0.22
07:43:46,111.0,46.0,129.1,20.0,110.0,10.0,131.0,50.0,120.05,18.099999999999994,56.0,70.0,3.286832822035263,126,-14.0,8.0,-0.11
07:43:47,111.0,19.0,127.07,30.0,110.0,12.0,128.79,39.0,119.03,16.069999999999993,31.0,69.0,2.8644144253245885,100,-38.0,-26.0,-0.38
07:43:48,111.0,22.0,123.58,31.0,110.0,11.0,125.74,46.0,117.29,12.579999999999998,33.0,77.0,2.5545997729599286,110,-44.0,10.0,-0.4
07:43:49,111.0,30.0,119.93,45.0,110.0,15.0,121.0,36.0,115.47,8.930000000000007,45.0,81.0,2.4568028003904354,126,-36.0,16.0,-0.29
07:43:50,110.57,23.0,114.37,38.0,109.64,11.0,115.44,32.0,112.47,3.8000000000000114,34.0,70.0,3.0113983462845946,104,-36.0,-22.0,-0.35
07:43:51,107.85,52.0,109.44,63.0,106.19,126.0,110.73,44.0,108.65,1.5900000000000034,178.0,107.0,4.1096131204779764,285,71.0,169.5,0.25
07:43:52,106.02,135.0,107.68,38.0,104.93,45.0,117.38,42.0,106.85,1.6600000000000108,180.0,80.0,4.4126046729798745,260,100.0,-25.0,0.38
07:43:53,106.0,132.0,107.42,24.0,102.0,12.0,230.81,32.0,106.71,1.4200000000000017,144.0,56.0,3.8270876655758728,200,88.0,-60.0,0.44
07:43:54,107.81,85.0,190.0,44.0,106.31,103.0,386.27,11.0,148.91,82.19,188.0,55.0,18.145250618274897,243,133.0,43.0,0.55
07:43:55,110.51,37.0,113.71,31.0,107.51,119.0,149.5,34.0,112.11,3.1999999999999886,156.0,65.0,18.167021770229855,221,91.0,-22.0,0.41
07:43:56,109.0,54.0,296.67,9.0,106.67,66.0,502.78,9.0,202.83,187.67000000000002,120.0,18.0,41.563006628491316,138,102.0,-83.0,0.74
07:43:57,109.0,83.0,288.0,12.0,108.0,121.0,437.9,20.0,198.5,179.0,204.0,32.0,45.77517471293823,236,172.0,98.0,0.73
07:43:58,109.0,27.0,285.33,12.0,108.0,77.0,511.11,9.0,197.17,176.32999999999998,104.0,21.0,40.01931383719649,125,83.0,-111.0,0.66
07:43:59,109.0,9.0,198.62,16.0,108.0,99.0,377.0,13.0,153.81,89.62,108.0,29.0,39.3701940559102,137,79.0,12.0,0.58
07:44:00,109.0,10.0,139.6,20.0,108.0,110.0,403.0,17.0,124.3,30.599999999999994,120.0,37.0,34.77519043801238,157,83.0,20.0,0.53
07:44:01,109.0,9.0,138.33,18.0,108.0,99.0,431.64,14.0,123.67,29.330000000000013,108.0,32.0,37.06492074725133,140,76.0,-17.0,0.54
07:44:02,108.0,36.0,136.8,20.0,106.0,8.0,299.43,14.0,122.4,28.80000000000001,44.0,34.0,32.368500892071246,78,10.0,-62.0,0.13
07:44:03,107.33,24.0,136.63,35.0,104.67,12.0,152.35,23.0,121.98,29.299999999999997,36.0,58.0,13.771404067850622,94,-22.0,16.0,-0.23
07:44:04,106.0,7.0,135.79,19.0,104.0,7.0,137.25,16.0,120.89,29.789999999999992,14.0,35.0,1.357560311739695,49,-21.0,-45.0,-0.43
07:44:05,101.0,20.0,134.24,21.0,53.67,18.0,135.86,29.0,117.62,33.24000000000001,38.0,50.0,2.291237656815728,88,-12.0,39.0,-0.14
07:44:06,101.0,26.0,130.5,38.0,68.09,65.0,132.26,27.0,115.75,29.5,91.0,65.0,2.908155772996009,156,26.0,68.0,0.17
07:44:07,101.0,7.0,128.86,14.0,73.0,26.0,131.18,11.0,114.93,27.860000000000014,33.0,25.0,3.104453252991513,58,8.0,-98.0,0.14
07:44:08,92.2,60.0,108.0,31.0,81.76,37.0,115.65,34.0,100.1,15.799999999999997,97.0,65.0,8.025164795816249,162,32.0,104.0,0.2
07:44:12,82.0,18.0,225.25,12.0,69.47,38.0,341.92,12.0,153.62,143.25,56.0,24.0,37.11661891929279,80,32.0,-23.0,0.4
07:44:13,102.0,21.0,302.57,21.0,77.16,31.0,547.0,9.0,202.29,200.57,52.0,30.0,61.41042069551396,82,22.0,2.0,0.27
07:44:14,106.71,51.0,389.14,14.0,94.5,12.0,467.6,10.0,247.92,282.43,63.0,24.0,73.61765936241129,87,39.0,5.0,0.45
07:44:15,108.0,64.0,360.0,32.0,107.58,33.0,443.75,24.0,234.0,252.0,97.0,56.0,68.3204287164537,153,41.0,66.0,0.27
07:44:16,111.0,8.0,360.0,16.0,110.0,12.0,505.4,10.0,235.5,249.0,20.0,26.0,38.057414257934596,46,-6.0,-107.0,-0.13
07:44:17,111.0,38.0,336.71,17.0,110.0,15.0,396.76,17.0,223.85,225.70999999999998,53.0,34.0,17.064204347113545,87,19.0,41.0,0.22
07:44:19,111.0,45.0,403.33,36.0,110.0,27.0,664.17,24.0,257.17,292.33,72.0,60.0,20.295537194172873,132,12.0,68.0,0.09
07:44:20,111.0,50.0,392.3,40.0,110.0,30.0,463.0,30.0,251.65,281.3,80.0,70.0,19.441849963417972,150,10.0,18.0,0.07
07:44:21,111.0,45.0,341.26,35.0,110.0,27.0,530.38,32.0,226.13,230.26,72.0,67.0,21.357450690568268,139,5.0,-11.0,0.04
07:44:22,110.13,38.0,217.92,48.0,109.12,25.0,259.71,42.0,164.02,107.78999999999999,63.0,90.0,43.02831776865151,153,-27.0,14.0,-0.18
07:44:23,108.26,93.0,157.06,52.0,107.07,224.0,184.15,53.0,132.66,48.8,317.0,105.0,55.33546087275361,422,212.0,169.5,0.5
07:44:24,108.0,117.0,149.12,51.0,107.0,312.0,150.13,52.0,128.56,41.120000000000005,429.0,103.0,55.68299767433538,532,326.0,110.0,0.61
07:44:25,108.0,90.0,146.28,39.0,107.0,240.0,147.21,48.0,127.14,38.28,330.0,87.0,42.16841851433411,417,243.0,-115.0,0.58
