Time,Bid1_Price,Bid1_Volume,Ask1_Price,Ask1_Volume,Bid2_Price,Bid2_Volume,Ask2_Price,Ask2_Volume,Mid-Price,Bid_Ask_Spread,Market_Depth_Bid,Market_Depth_Ask,Historical_Volatility,Total_volume,Cumulative_Volume_Difference,Total_Volume_Change_Corrected,Order_imbalance
07:30:05,113.0,3.0,127.0,6.0,112.0,18.0,426.33,15.0,120.0,14.0,21.0,21.0,117.75995889944937,42,0.0,-4.0,0.0
07:30:06,113.0,5.0,127.0,10.0,112.0,30.0,566.2,25.0,120.0,14.0,35.0,35.0,140.64683174533297,70,0.0,28.0,0.0
07:30:07,112.11,9.0,127.0,10.0,91.33,18.0,566.6,25.0,119.56,14.89,27.0,35.0,152.8950317047614,62,-8.0,-8.0,-0.13
07:30:08,112.0,8.0,127.0,8.0,81.0,12.0,516.75,20.0,119.5,15.0,20.0,28.0,124.87791125735565,48,-8.0,-14.0,-0.17
07:30:09,112.0,12.0,127.0,12.0,90.74,19.0,342.67,30.0,119.5,15.0,31.0,42.0,0.26404545060127776,73,-11.0,25.0,-0.15
07:30:10,112.0,6.0,127.0,6.0,110.0,15.0,478.0,15.0,119.5,15.0,21.0,21.0,0.21844907869619817,42,0.0,-31.0,0.0
07:30:11,112.0,12.0,126.0,12.0,110.0,15.0,127.0,6.0,119.0,14.0,27.0,18.0,0.2317757536568259,45,9.0,3.0,0.2
07:30:12,112.0,40.0,124.91,22.0,110.0,25.0,126.25,16.0,118.45,12.909999999999997,65.0,38.0,0.46690470117911953,103,27.0,58.0,0.26
07:30:13,112.0,24.0,122.29,34.0,110.0,40.0,123.88,34.0,117.15,10.290000000000006,64.0,68.0,0.9789024466120738,132,-4.0,29.0,-0.03
07:30:14,112.0,27.0,118.12,34.0,110.0,45.0,119.3,20.0,115.06,6.1200000000000045,72.0,54.0,1.7802724510543364,126,18.0,-6.0,0.14
07:30:15,112.0,23.0,115.5,32.0,110.0,40.0,116.44,32.0,113.75,3.5,63.0,64.0,2.2330181369579,127,-1.0,1.0,-0.01
07:30:16,110.0,50.0,113.8,40.0,106.0,20.0,115.4,40.0,111.9,3.799999999999997,70.0,80.0,2.615238038875777,150,-10.0,23.0,-0.07
07:30:17,110.0,60.0,111.17,48.0,107.35,31.0,112.33,48.0,110.58,1.1700000000000017,91.0,96.0,2.5849700191651555,187,-5.0,37.0,-0.03
07:30:18,108.5,24.0,110.58,48.0,107.6,30.0,112.24,34.0,109.54,2.0799999999999983,54.0,82.0,2.2564529687060997,136,-28.0,-51.0,-0.21
07:30:19,107.68,25.0,109.89,36.0,99.33,24.0,111.0,32.0,108.78,2.2099999999999937,49.0,68.0,1.9728405916298648,117,-19.0,-19.0,-0.16
07:30:20,106.0,30.0,109.48,31.0,83.75,97.0,110.8,30.0,107.74,3.480000000000004,127.0,61.0,1.6068353991564868,188,66.0,71.0,0.35
07:30:21,106.0,15.0,107.16,19.0,105.0,11.0,111.64,45.0,106.58,1.1599999999999966,26.0,64.0,1.5529584669212217,90,-38.0,-98.0,-0.42
07:30:23,92.23,70.0,106.44,36.0,83.63,142.0,108.16,49.0,99.34,14.209999999999994,212.0,85.0,6.06460386175239,297,127.0,173.5,0.43
07:30:24,98.09,44.0,103.74,38.0,96.0,44.0,105.65,34.0,100.91,5.6499999999999915,88.0,72.0,5.314176323757237,160,16.0,-137.0,0.1
07:30:25,98.49,43.0,101.39,36.0,95.45,49.0,104.14,28.0,99.94,2.9000000000000057,92.0,64.0,4.193527155030948,156,28.0,-4.0,0.18
07:30:26,97.05,79.0,100.82,38.0,95.88,75.0,102.7,40.0,98.93,3.769999999999996,154.0,78.0,2.318678502936946,232,76.0,76.0,0.33
07:30:27,97.0,91.0,102.4,30.0,95.62,52.0,103.5,56.0,99.7,5.400000000000006,143.0,86.0,0.7456071351468909,229,57.0,-3.0,0.25
07:30:28,96.88,88.0,100.81,54.0,95.91,45.0,101.91,46.0,98.84,3.930000000000007,133.0,100.0,0.8437594443808909,233,33.0,4.0,0.14
07:30:29,96.03,91.0,100.62,32.0,95.22,41.0,101.81,79.0,98.33,4.590000000000003,132.0,111.0,0.6602045137545962,243,21.0,10.0,0.09
07:30:30,97.0,5.0,101.0,10.0,96.0,55.0,102.0,40.0,99.0,4.0,60.0,50.0,0.49025503565179307,110,10.0,-133.0,0.09
07:30:31,99.47,15.0,101.33,24.0,96.13,69.0,103.52,67.0,100.4,1.8599999999999994,84.0,91.0,0.8065234032450341,175,-7.0,65.0,-0.04
07:30:32,100.0,15.0,101.8,30.0,99.0,5.0,203.62,16.0,100.9,1.7999999999999972,20.0,46.0,1.0982167363421325,66,-26.0,-109.0,-0.39
07:30:33,96.42,72.0,101.94,48.0,94.91,69.0,372.0,23.0,99.18,5.519999999999996,141.0,71.0,1.0573646485399286,212,70.0,146.0,0.33
07:30:34,96.0,88.0,99.33,18.0,95.0,48.0,101.52,29.0,97.67,3.3299999999999983,136.0,47.0,1.2695274711411153,183,89.0,-29.0,0.49
07:30:35,96.0,66.0,102.0,18.0,94.26,38.0,122.5,16.0,99.0,6.0,104.0,34.0,1.2695274711411153,138,70.0,-45.0,0.51
07:30:37,96.0,63.0,102.0,15.0,93.0,35.0,131.0,20.0,99.0,6.0,98.0,35.0,1.1509561242644901,133,63.0,-5.0,0.47
07:30:38,96.0,99.0,102.0,18.0,93.0,63.0,131.0,36.0,99.0,6.0,162.0,54.0,0.6198386886778777,216,108.0,83.0,0.5
07:30:39,96.1,49.0,100.82,11.0,94.99,83.0,112.55,22.0,98.46,4.719999999999999,132.0,33.0,0.5833352380766166,165,99.0,-51.0,0.6
07:30:40,96.71,7.0,100.0,7.0,94.93,56.0,102.0,14.0,98.36,3.2900000000000063,63.0,21.0,0.32508460434464076,84,42.0,-81.0,0.5
07:30:41,108.0,15.0,166.82,17.0,94.63,30.0,342.4,30.0,137.41,58.81999999999999,45.0,47.0,17.311951940783064,92,-2.0,8.0,-0.02
07:30:42,111.0,18.0,174.22,18.0,103.0,9.0,493.8,30.0,142.61,63.22,27.0,48.0,22.75324306554965,75,-21.0,-17.0,-0.28
07:30:43,111.0,20.0,344.55,22.0,103.0,10.0,567.75,32.0,227.77,233.55,30.0,54.0,52.84955979003027,84,-24.0,9.0,-0.29
07:30:44,111.0,18.0,225.22,18.0,103.0,9.0,380.0,18.0,168.11,114.22,27.0,36.0,47.797084848345975,63,-9.0,-21.0,-0.14
07:30:45,111.0,20.0,290.85,27.0,103.0,10.0,390.14,21.0,200.93,179.85000000000002,30.0,48.0,38.619814603387006,78,-18.0,15.0,-0.23
07:30:46,111.0,20.0,244.44,25.0,107.8,30.0,273.81,32.0,177.72,133.44,50.0,57.0,32.42631832323837,107,-7.0,29.0,-0.07
07:30:47,105.67,9.0,167.18,22.0,95.12,24.0,213.0,12.0,136.42,61.510000000000005,33.0,34.0,34.43052497421416,67,-1.0,-40.0,-0.01
07:30:48,95.0,9.0,164.64,33.0,94.0,63.0,201.4,20.0,129.82,69.63999999999999,72.0,53.0,29.53000253978967,125,19.0,58.0,0.15
07:30:49,95.0,11.0,155.74,34.0,94.0,77.0,181.13,23.0,125.37,60.74000000000001,88.0,57.0,33.460631643768835,145,31.0,20.0,0.21
07:30:50,95.0,11.0,127.98,46.0,94.0,77.0,180.87,23.0,111.49,32.980000000000004,88.0,69.0,24.962620655692053,157,19.0,12.0,0.12
07:30:51,95.2,10.0,100.05,41.0,94.02,57.0,126.12,34.0,97.62,4.849999999999994,67.0,75.0,15.556883685365229,142,-8.0,-15.0,-0.06
07:30:52,98.57,14.0,101.0,9.0,97.09,11.0,209.73,30.0,99.79,2.430000000000007,25.0,39.0,14.569594023169708,64,-14.0,-78.0,-0.22
07:30:53,99.47,15.0,109.71,14.0,97.67,9.0,189.0,18.0,104.59,10.239999999999995,24.0,32.0,11.184964014246196,56,-8.0,-8.0,-0.14
07:30:54,96.36,22.0,99.64,28.0,92.88,89.0,107.9,51.0,98.0,3.280000000000001,111.0,79.0,5.839363835212035,190,32.0,134.0,0.17
07:30:57,77.33,6.0,101.0,18.0,34.5,28.0,102.0,18.0,89.17,23.67,34.0,36.0,7.073094796479255,70,-2.0,-44.0,-0.03
07:30:58,79.86,14.0,215.5,14.0,71.5,20.0,230.57,21.0,147.68,135.64,34.0,35.0,25.486916839821603,69,-1.0,-1.0,-0.01
07:30:59,96.09,23.0,300.11,27.0,93.85,39.0,358.67,30.0,198.1,204.02,62.0,57.0,49.219448696627865,119,5.0,50.0,0.04
07:31:00,98.75,20.0,186.23,26.0,98.12,33.0,253.09,23.0,142.49,87.47999999999999,53.0,49.0,45.96215867428316,102,4.0,-17.0,0.04
07:31:01,98.15,39.0,101.25,32.0,95.86,65.0,143.22,36.0,99.7,3.0999999999999943,104.0,68.0,43.42826119015108,172,36.0,70.0,0.21
07:31:02,98.05,38.0,100.0,28.0,95.33,54.0,102.0,28.0,99.03,1.9500000000000028,92.0,56.0,40.95614544851582,148,36.0,-24.0,0.24
07:31:03,99.0,22.0,100.25,48.0,97.89,74.0,125.45,47.0,99.62,1.25,96.0,95.0,43.50092148449252,191,1.0,43.0,0.01
07:31:04,99.8,15.0,103.0,27.0,97.4,30.0,296.0,33.0,101.4,3.200000000000003,45.0,60.0,19.050537262764625,105,-15.0,-86.0,-0.14
07:31:05,98.13,23.0,103.0,27.0,93.87,30.0,436.71,34.0,100.57,4.8700000000000045,53.0,61.0,0.9273241073019308,114,-8.0,9.0,-0.07
07:31:06,97.0,56.0,103.0,11.0,52.0,42.0,371.85,27.0,100.0,6.0,98.0,38.0,0.907375335780803,136,60.0,22.0,0.44
07:31:07,97.0,38.0,103.0,6.0,57.43,35.0,193.8,20.0,100.0,6.0,73.0,26.0,0.6934839579855674,99,47.0,-37.0,0.47
07:31:08,97.0,8.0,103.0,4.0,96.0,20.0,105.0,12.0,100.0,6.0,28.0,16.0,0.6141498188417301,44,12.0,-55.0,0.27
07:31:09,97.0,16.0,103.0,8.0,96.0,40.0,105.0,24.0,100.0,6.0,56.0,32.0,0.2549117494022572,88,24.0,44.0,0.27
07:31:10,97.94,32.0,104.85,26.0,96.15,41.0,112.7,30.0,101.39,6.909999999999997,73.0,56.0,0.6216268977315292,129,17.0,41.0,0.13
07:31:11,99.0,14.0,202.57,21.0,97.86,14.0,288.5,22.0,150.79,103.57,28.0,43.0,22.56659987680872,71,-15.0,-58.0,-0.21
07:31:12,99.62,16.0,243.66,29.0,97.0,31.0,336.74,27.0,171.64,144.04,47.0,56.0,34.08653443810302,103,-9.0,32.0,-0.09
07:31:13,106.0,19.0,207.43,23.0,100.0,22.0,325.0,34.0,156.72,101.43,41.0,57.0,33.211691766605085,98,-16.0,-5.0,-0.16
07:31:14,98.36,28.0,200.22,9.0,77.15,61.0,201.42,19.0,149.29,101.86,89.0,28.0,26.43928194940219,117,61.0,19.0,0.52
07:31:15,98.6,50.0,198.8,10.0,81.6,100.0,266.4,30.0,148.7,100.20000000000002,150.0,40.0,9.604039254396298,190,110.0,73.0,0.58
07:31:16,101.0,11.0,197.75,8.0,97.0,48.0,316.0,24.0,149.38,96.75,59.0,32.0,9.793108801600491,91,27.0,-99.0,0.3
07:31:17,106.45,33.0,194.71,14.0,98.43,14.0,304.1,20.0,150.58,88.26,47.0,34.0,3.3057344115922827,81,13.0,-10.0,0.16
07:31:18,102.47,53.0,162.09,11.0,101.5,82.0,260.0,17.0,132.28,59.620000000000005,135.0,28.0,7.725650781648476,163,107.0,82.0,0.66
07:31:19,107.0,27.0,159.67,9.0,103.23,22.0,223.77,13.0,133.33,52.66999999999999,49.0,22.0,9.205589606319942,71,27.0,-92.0,0.38
07:31:20,108.0,27.0,173.29,17.0,107.0,27.0,215.54,13.0,140.65,65.28999999999999,54.0,30.0,8.612388170535848,84,24.0,13.0,0.29
07:31:21,111.53,36.0,169.94,35.0,110.02,42.0,170.65,17.0,140.74,58.41,78.0,52.0,7.345449611833564,130,26.0,46.0,0.2
07:31:22,112.2,45.0,169.0,12.0,110.8,30.0,197.31,32.0,140.6,56.8,75.0,44.0,4.320457151735899,119,31.0,-11.0,0.26
07:31:23,111.83,36.0,149.94,17.0,109.22,23.0,353.12,17.0,130.89,38.11,59.0,34.0,4.7638818205310205,93,25.0,-26.0,0.27
07:31:26,110.0,14.0,159.07,56.0,106.94,54.0,161.0,14.0,134.54,49.06999999999999,68.0,70.0,4.055079530661025,138,-2.0,-87.0,-0.01
07:31:27,111.11,18.0,158.23,35.0,107.35,123.0,158.77,26.0,134.67,47.11999999999999,141.0,61.0,3.4806278169298897,202,80.0,64.0,0.4
07:31:28,112.0,32.0,153.74,27.0,110.0,16.0,154.22,51.0,132.87,41.74000000000001,48.0,78.0,2.8729375210724744,126,-30.0,-76.0,-0.24
07:31:29,111.33,21.0,148.02,42.0,108.41,82.0,151.25,32.0,129.68,36.69000000000001,103.0,74.0,2.9614641648998847,177,29.0,51.0,0.16
07:31:30,110.0,11.0,146.52,23.0,108.0,110.0,147.62,39.0,128.26,36.52000000000001,121.0,62.0,2.902900273861706,183,59.0,6.0,0.32
07:31:31,108.41,34.0,118.0,22.0,107.61,115.0,134.75,16.0,113.21,9.590000000000003,149.0,38.0,8.507300982096902,187,111.0,4.0,0.59
07:31:32,108.0,81.0,113.77,26.0,107.0,135.0,114.21,14.0,110.88,5.769999999999996,216.0,40.0,10.154351284054906,256,176.0,69.0,0.69
07:31:33,108.0,90.0,111.5,16.0,107.0,150.0,112.94,34.0,109.75,3.5,240.0,50.0,9.782092311974365,290,190.0,34.0,0.66
07:31:34,108.0,82.0,109.17,36.0,107.0,180.0,160.09,34.0,108.58,1.1700000000000017,262.0,70.0,8.07855989641646,332,192.0,42.0,0.58
07:31:36,109.91,11.0,226.29,17.0,107.32,88.0,233.82,44.0,168.1,116.38,99.0,61.0,73.97170222456681,160,38.0,33.0,0.24
07:31:37,107.03,108.0,155.85,26.0,106.42,108.0,168.29,28.0,131.44,48.81999999999999,216.0,54.0,71.40395906390613,270,162.0,110.0,0.6
07:31:38,107.0,135.0,160.36,55.0,106.0,99.0,162.0,44.0,133.68,53.360000000000014,234.0,99.0,67.95189901687797,333,135.0,63.0,0.41
07:31:39,107.0,120.0,160.0,50.0,106.0,90.0,172.14,37.0,133.5,53.0,210.0,87.0,63.61773510586478,297,123.0,-36.0,0.41
07:31:40,107.0,108.0,158.11,45.0,106.0,81.0,592.83,24.0,132.56,51.110000000000014,189.0,69.0,15.813964714769837,258,120.0,-39.0,0.47
07:31:41,107.08,78.0,157.38,52.0,106.57,126.0,420.0,32.0,132.23,50.3,204.0,84.0,0.9255917026348746,288,120.0,30.0,0.42
07:31:42,108.0,7.0,155.14,35.0,107.0,84.0,157.0,7.0,131.57,47.139999999999986,91.0,42.0,0.8828193473109488,133,49.0,-155.0,0.37
07:31:43,108.0,11.0,154.44,27.0,107.0,132.0,155.21,39.0,131.22,46.44,143.0,66.0,0.8911397196773266,209,77.0,76.0,0.37
07:31:44,108.0,6.0,150.57,14.0,107.0,72.0,151.09,22.0,129.29,42.56999999999999,78.0,36.0,1.2791129738950566,114,42.0,-95.0,0.37
07:31:45,110.73,44.0,147.75,36.0,107.57,60.0,148.33,60.0,129.24,37.019999999999996,104.0,96.0,1.3681556928897753,200,8.0,86.0,0.04
07:31:46,111.0,20.0,147.0,10.0,110.0,10.0,148.0,50.0,129.0,36.0,30.0,60.0,1.2262259171893084,90,-30.0,-110.0,-0.33
07:31:47,111.0,12.0,146.17,6.0,110.0,6.0,148.0,30.0,128.58,35.16999999999999,18.0,36.0,1.0198921511546195,54,-18.0,-36.0,-0.33
07:31:48,110.5,12.0,145.89,9.0,108.13,45.0,148.0,45.0,128.19,35.389999999999986,57.0,54.0,0.46802777693940506,111,3.0,57.0,0.03
07:31:49,110.0,12.0,144.17,12.0,108.0,72.0,148.0,60.0,127.08,34.16999999999999,84.0,72.0,0.8489522954718132,156,12.0,45.0,0.08
07:31:50,110.97,29.0,136.63,19.0,109.4,20.0,147.94,71.0,123.8,25.659999999999997,49.0,90.0,2.098475637215469,139,-41.0,-17.0,-0.29
07:31:51,108.5,36.0,120.67,24.0,107.36,25.0,147.33,24.0,114.58,12.170000000000002,61.0,48.0,5.826678298995651,109,13.0,-30.0,0.12
07:31:52,108.0,68.0,142.6,15.0,107.0,54.0,206.44,48.0,125.3,34.599999999999994,122.0,63.0,5.414988457973555,185,59.0,76.0,0.32
07:31:53,108.11,36.0,141.18,11.0,107.33,24.0,142.05,19.0,124.65,33.07000000000001,60.0,30.0,4.903103099057455,90,30.0,-95.0,0.33
07:31:54,108.08,48.0,139.47,15.0,107.27,30.0,141.88,25.0,123.78,31.39,78.0,40.0,4.429641068979158,118,38.0,28.0,0.32
07:31:55,108.0,24.0,138.0,18.0,107.0,12.0,139.0,6.0,123.0,30.0,36.0,24.0,4.381611575663322,60,12.0,-58.0,0.2
07:31:56,108.0,36.0,137.58,19.0,107.0,18.0,138.29,17.0,122.79,29.580000000000013,54.0,36.0,1.0699205577923996,90,18.0,30.0,0.2
07:31:57,111.26,108.0,132.67,18.0,107.76,42.0,133.95,22.0,121.96,21.409999999999982,150.0,40.0,1.0220225046381402,190,110.0,100.0,0.58
07:31:58,112.0,134.0,128.85,26.0,108.0,56.0,130.32,22.0,120.42,16.849999999999994,190.0,48.0,1.2776932339129057,238,142.0,48.0,0.6
07:31:59,112.0,64.0,125.05,39.0,108.0,44.0,126.06,18.0,118.53,13.049999999999997,108.0,57.0,1.869826195127992,165,51.0,-73.0,0.31
07:32:00,112.0,44.0,121.07,43.0,108.0,52.0,122.96,46.0,116.53,9.069999999999993,96.0,89.0,2.549182221808956,185,7.0,20.0,0.04
07:32:01,110.9,58.0,116.0,61.0,107.88,64.0,117.03,72.0,113.45,5.099999999999994,122.0,133.0,3.336310836835632,255,-11.0,70.0,-0.04
07:32:02,108.0,40.0,111.92,26.0,107.0,22.0,114.38,29.0,109.96,3.9200000000000017,62.0,55.0,4.1519838631655315,117,7.0,-138.0,0.06
07:32:03,106.34,88.0,108.6,25.0,105.71,97.0,110.38,29.0,107.47,2.259999999999991,185.0,54.0,4.552199468387452,239,131.0,122.0,0.55
07:32:04,106.0,91.0,362.82,28.0,103.0,24.0,474.74,34.0,234.41,256.82,115.0,62.0,54.91696349945057,177,53.0,-62.0,0.3
07:32:05,106.0,24.0,365.27,26.0,103.0,12.0,632.67,18.0,235.63,259.27,36.0,44.0,68.34998302852742,80,-8.0,-97.0,-0.1
07:32:06,106.0,21.0,299.67,27.0,103.0,14.0,414.79,29.0,202.83,193.67000000000002,35.0,56.0,64.6601469221961,91,-21.0,11.0,-0.23
07:32:07,106.0,18.0,337.45,31.0,103.0,18.0,387.91,35.0,221.73,231.45,36.0,66.0,53.60664772208748,102,-30.0,11.0,-0.29
07:32:08,103.43,14.0,240.85,39.0,92.33,18.0,384.0,33.0,172.14,137.42,32.0,72.0,26.547508734342397,104,-40.0,2.0,-0.38
07:32:09,105.36,14.0,217.0,58.0,83.15,13.0,323.25,12.0,161.18,111.64,27.0,70.0,31.719263389933662,97,-43.0,-7.0,-0.44
07:32:10,107.4,15.0,320.04,23.0,75.54,13.0,592.57,21.0,213.72,212.64000000000001,28.0,44.0,26.411646105458594,72,-16.0,-25.0,-0.22
07:32:11,82.65,23.0,99.61,31.0,67.89,47.0,402.4,30.0,91.13,16.959999999999994,70.0,61.0,52.13127228449336,131,9.0,59.0,0.07
07:32:14,91.36,33.0,99.91,23.0,88.58,45.0,127.65,43.0,95.64,8.549999999999997,78.0,66.0,54.65643127757232,144,12.0,65.0,0.08
07:32:15,100.57,23.0,344.0,21.0,98.35,20.0,591.59,29.0,222.28,243.43,43.0,50.0,58.48097912996999,93,-7.0,-51.0,-0.08
07:32:16,103.0,34.0,256.55,47.0,100.94,31.0,575.07,44.0,179.78,153.55,65.0,91.0,61.73737376986476,156,-26.0,63.0,-0.17
07:32:19,108.0,18.0,405.57,28.0,98.11,28.0,442.17,30.0,256.79,297.57,46.0,58.0,41.25663546630996,104,-12.0,-112.0,-0.12
07:32:20,108.0,21.0,111.08,25.0,98.0,35.0,258.38,26.0,109.54,3.0799999999999983,56.0,51.0,73.26715874114393,107,5.0,3.0,0.05
07:32:21,100.57,28.0,107.0,35.0,88.92,37.0,108.91,33.0,103.79,6.430000000000007,65.0,68.0,89.65820163264476,133,-3.0,26.0,-0.02
07:32:22,98.93,29.0,101.79,34.0,74.92,36.0,103.03,34.0,100.36,2.8599999999999994,65.0,68.0,88.74657024358734,133,-3.0,0.0,-0.02
07:32:36,91.84,61.0,99.33,36.0,88.18,68.0,100.29,14.0,95.58,7.489999999999995,129.0,50.0,8.561350944796692,179,79.0,-110.0,0.44
07:32:37,93.34,58.0,100.0,36.0,92.93,143.0,102.0,9.0,96.67,6.659999999999997,201.0,45.0,9.094275672090177,246,156.0,67.0,0.63
07:32:38,96.69,181.0,100.0,52.0,93.46,95.0,102.0,13.0,98.35,3.3100000000000023,276.0,65.0,9.948835107688303,341,211.0,95.0,0.62
07:32:39,98.06,101.0,100.0,32.0,97.7,67.0,102.0,8.0,99.03,1.9399999999999977,168.0,40.0,5.595971765473042,208,128.0,-133.0,0.62
07:32:40,100.43,137.0,136.94,32.0,98.56,200.0,210.43,28.0,118.68,36.50999999999999,337.0,60.0,9.610149322459652,397,277.0,173.5,0.7
07:32:41,111.05,80.0,217.0,20.0,108.66,131.0,225.0,20.0,164.03,105.95,211.0,40.0,28.65796608274865,251,171.0,-146.0,0.68
07:32:42,113.0,11.0,256.33,27.0,111.0,121.0,412.12,26.0,184.67,143.32999999999998,132.0,53.0,39.345533672832204,185,79.0,-66.0,0.43
07:32:43,113.0,9.0,202.44,27.0,111.0,99.0,273.64,22.0,157.72,89.44,108.0,49.0,35.01242679392523,157,59.0,-28.0,0.38
07:32:44,111.4,55.0,146.55,31.0,110.31,157.0,244.45,44.0,128.97,35.150000000000006,212.0,75.0,26.825074650408226,287,137.0,130.0,0.48
07:32:45,111.0,104.0,284.84,25.0,108.0,106.0,367.16,25.0,197.92,173.83999999999997,210.0,50.0,26.49964282778119,260,160.0,-27.0,0.62
07:32:46,108.47,114.0,323.48,44.0,104.25,96.0,338.41,34.0,215.98,215.01000000000002,210.0,78.0,34.25821609482863,288,132.0,28.0,0.46
07:32:47,108.0,108.0,249.71,28.0,103.0,81.0,260.72,29.0,178.86,141.71,189.0,57.0,34.03301779155025,246,132.0,-42.0,0.54
07:32:48,108.0,47.0,136.75,20.0,103.0,36.0,139.0,8.0,122.38,28.75,83.0,28.0,41.58236789794414,111,55.0,-135.0,0.5
07:32:49,108.09,136.0,134.75,80.0,104.45,152.0,205.62,39.0,121.42,26.659999999999997,288.0,119.0,43.48488381035386,407,169.0,173.5,0.42
07:32:50,108.04,73.0,132.56,45.0,103.66,83.0,273.0,18.0,120.3,24.519999999999996,156.0,63.0,43.680791201625155,219,93.0,-174.5,0.42
07:32:51,108.67,54.0,129.67,54.0,106.39,116.0,252.32,38.0,119.17,20.999999999999986,170.0,92.0,25.985245428896217,262,78.0,43.0,0.3
07:32:52,108.4,40.0,132.0,40.0,106.75,96.0,332.36,22.0,120.2,23.599999999999994,136.0,62.0,1.2340502420769455,198,74.0,-64.0,0.37
07:32:53,108.0,90.0,131.02,44.0,106.0,150.0,152.12,43.0,119.51,23.02000000000001,240.0,87.0,0.866516012529541,327,153.0,129.0,0.47
07:32:54,108.07,112.0,126.85,66.0,106.3,240.0,127.72,72.0,117.46,18.78,352.0,138.0,1.145936298390968,490,214.0,163.0,0.44
07:32:55,108.0,96.0,124.83,36.0,106.0,192.0,127.0,60.0,116.42,16.83,288.0,96.0,1.561528097720273,384,192.0,-106.0,0.5
07:32:56,108.77,70.0,122.46,56.0,106.74,124.0,123.53,53.0,115.62,13.689999999999998,194.0,109.0,1.9651768368189675,303,85.0,-81.0,0.28
07:32:57,112.15,48.0,119.46,48.0,111.04,56.0,121.43,56.0,115.8,7.309999999999988,104.0,104.0,1.595719273547104,208,0.0,-95.0,0.0
07:32:58,110.43,21.0,116.4,55.0,108.08,60.0,117.39,44.0,113.41,5.969999999999999,81.0,99.0,1.4889325034968948,180,-18.0,-28.0,-0.1
07:32:59,108.14,35.0,110.67,42.0,106.43,115.0,112.35,34.0,109.4,2.530000000000001,150.0,76.0,2.8785586671056977,226,74.0,46.0,0.33
07:33:00,106.32,126.0,108.17,47.0,104.36,132.0,110.05,37.0,107.24,1.8500000000000085,258.0,84.0,3.824850323864862,342,174.0,116.0,0.51
07:33:01,106.0,27.0,142.32,31.0,103.0,63.0,245.64,22.0,124.16,36.31999999999999,90.0,53.0,6.589219984183963,143,37.0,-174.5,0.26
07:33:02,108.73,22.0,277.11,35.0,103.47,64.0,584.11,47.0,192.92,168.38,86.0,82.0,36.08666762115852,168,4.0,25.0,0.02
07:33:03,112.0,16.0,244.83,18.0,106.0,16.0,489.12,26.0,178.42,132.83,32.0,44.0,40.334941675921286,76,-12.0,-92.0,-0.16
07:33:04,112.0,22.0,337.0,30.0,106.0,22.0,423.8,25.0,224.5,225.0,44.0,55.0,48.74164666894189,99,-11.0,23.0,-0.11
07:33:05,110.36,11.0,280.86,21.0,105.27,11.0,578.0,14.0,195.61,170.5,22.0,35.0,36.955094642010806,57,-13.0,-42.0,-0.23
07:33:06,108.95,179.0,324.63,27.0,105.44,16.0,443.62,24.0,216.79,215.68,195.0,51.0,18.732788633836062,246,144.0,173.5,0.59
07:33:07,109.0,200.0,296.06,18.0,106.0,40.0,296.33,42.0,202.53,187.06,240.0,60.0,18.095572662946527,300,180.0,54.0,0.6
07:33:08,110.32,91.0,228.78,49.0,108.8,182.0,240.12,25.0,169.55,118.46000000000001,273.0,74.0,21.32429084401113,347,199.0,47.0,0.57
07:33:09,112.0,52.0,226.0,65.0,109.0,225.0,229.0,13.0,169.0,114.0,277.0,78.0,20.993793844847957,355,199.0,8.0,0.56
07:33:10,112.04,46.0,210.05,22.0,109.06,194.0,225.15,48.0,161.04,98.01,240.0,70.0,24.388888248544163,310,170.0,-45.0,0.55
07:33:11,113.0,26.0,221.6,57.0,112.0,52.0,223.95,21.0,167.3,108.6,78.0,78.0,16.36725175464639,156,0.0,-154.0,0.0
07:33:12,113.0,24.0,205.55,49.0,112.0,52.0,220.73,33.0,159.28,92.55000000000001,76.0,82.0,4.74654400590312,158,-6.0,2.0,-0.04
07:33:13,113.0,10.0,217.3,27.0,112.0,40.0,219.25,36.0,165.15,104.30000000000001,50.0,63.0,4.1117490195748525,113,-13.0,-45.0,-0.12
07:33:14,113.0,11.0,209.17,24.0,112.0,44.0,214.0,31.0,161.08,96.16999999999999,55.0,55.0,3.324695474772799,110,0.0,-3.0,0.0
07:33:15,111.4,30.0,203.5,38.0,111.71,28.0,205.7,37.0,157.45,92.1,58.0,75.0,4.09103532128174,133,-17.0,23.0,-0.13
07:33:16,111.08,26.0,202.02,51.0,110.38,16.0,203.12,32.0,156.55,90.94000000000001,42.0,83.0,3.411901229516294,125,-41.0,-8.0,-0.33
07:33:17,109.07,116.0,198.56,25.0,108.13,60.0,199.72,39.0,153.81,89.49000000000001,176.0,64.0,4.396182434792121,240,112.0,115.0,0.47
07:33:18,109.0,224.0,190.76,55.0,108.0,112.0,194.41,59.0,149.88,81.75999999999999,336.0,114.0,4.188058022517684,450,222.0,173.5,0.49
07:33:19,109.0,176.0,155.51,37.0,108.0,88.0,157.36,44.0,132.26,46.50999999999999,264.0,81.0,10.339760635526074,345,183.0,-105.0,0.53
07:33:20,109.0,160.0,137.15,26.0,108.0,80.0,139.33,24.0,123.08,28.150000000000006,240.0,50.0,14.661852884269925,290,190.0,-55.0,0.66
07:33:21,109.0,131.0,132.11,36.0,108.0,88.0,133.39,49.0,120.56,23.110000000000014,219.0,85.0,15.240771634007713,304,134.0,14.0,0.44
07:33:22,109.0,119.0,128.56,36.0,108.0,104.0,130.24,42.0,118.78,19.560000000000002,223.0,78.0,12.818850182445152,301,145.0,-3.0,0.48
07:33:23,109.29,28.0,126.26,38.0,108.56,72.0,127.59,34.0,117.77,16.97,100.0,72.0,5.821692193853459,172,28.0,-129.0,0.16
07:33:24,109.19,64.0,119.29,82.0,108.37,68.0,121.08,78.0,114.24,10.100000000000009,132.0,160.0,3.287625282780028,292,-28.0,120.0,-0.1
07:33:25,108.27,75.0,110.0,26.0,107.16,95.0,111.0,44.0,109.13,1.730000000000004,170.0,70.0,4.525022651874188,240,100.0,-52.0,0.42
07:33:26,108.0,100.0,109.15,52.0,106.0,112.0,111.33,36.0,108.58,1.1500000000000057,212.0,88.0,4.7371457651179085,300,124.0,60.0,0.41
07:33:27,108.0,13.0,109.6,20.0,106.0,72.0,178.89,18.0,108.8,1.5999999999999943,85.0,38.0,4.124491483804344,123,47.0,-174.5,0.38
07:33:28,106.8,41.0,170.88,16.0,105.74,35.0,469.88,16.0,138.84,64.08,76.0,32.0,13.027114799523897,108,44.0,-15.0,0.41
07:33:29,108.0,90.0,206.86,29.0,106.0,40.0,245.82,22.0,157.43,98.86000000000001,130.0,51.0,22.506544159421153,181,79.0,73.0,0.44
07:33:30,108.0,90.0,204.5,30.0,106.0,40.0,206.0,30.0,156.25,96.5,130.0,60.0,24.23152595277429,190,70.0,9.0,0.37
07:33:31,108.0,54.0,185.6,15.0,106.0,24.0,204.0,18.0,146.8,77.6,78.0,33.0,19.847582472431593,111,45.0,-79.0,0.41
07:33:32,108.37,82.0,131.32,41.0,107.17,77.0,145.15,40.0,119.84,22.94999999999999,159.0,81.0,15.398518435225302,240,78.0,129.0,0.33
07:33:33,108.0,77.0,116.55,33.0,106.0,44.0,118.64,33.0,112.27,8.549999999999997,121.0,66.0,21.086158256068696,187,55.0,-53.0,0.29
07:33:34,108.08,24.0,115.38,24.0,106.4,30.0,116.5,24.0,111.73,7.299999999999997,54.0,48.0,20.74089848584131,102,6.0,-85.0,0.06
07:33:35,111.59,37.0,113.21,28.0,108.35,23.0,114.31,39.0,112.4,1.6199999999999903,60.0,67.0,15.01934652373314,127,-7.0,25.0,-0.06
07:33:36,112.0,22.0,113.52,29.0,108.25,20.0,115.0,30.0,112.76,1.519999999999996,42.0,59.0,3.3966527641156965,101,-17.0,-26.0,-0.17
07:33:37,108.23,35.0,112.43,30.0,106.21,29.0,191.25,32.0,110.33,4.200000000000003,64.0,62.0,0.9513516699805888,126,2.0,25.0,0.02
07:33:38,106.53,34.0,109.1,10.0,104.12,40.0,339.41,27.0,107.81,2.569999999999993,74.0,37.0,2.013412526030088,111,37.0,-15.0,0.33
07:33:39,106.0,45.0,146.67,15.0,103.0,45.0,333.12,34.0,126.33,40.66999999999999,90.0,49.0,7.209093562992148,139,41.0,28.0,0.29
07:33:40,105.7,47.0,192.02,45.0,102.85,55.0,456.72,39.0,148.86,86.32000000000001,102.0,84.0,17.029925719156118,186,18.0,47.0,0.1
07:33:41,109.09,11.0,209.0,32.0,107.73,11.0,606.0,25.0,159.05,99.91,22.0,57.0,22.865055871350393,79,-35.0,-107.0,-0.44
07:33:42,112.0,7.0,319.77,26.0,110.0,7.0,692.23,26.0,215.88,207.76999999999998,14.0,52.0,41.08243091639023,66,-38.0,-13.0,-0.58
07:33:43,111.83,12.0,300.7,23.0,108.83,12.0,419.51,39.0,206.26,188.87,24.0,62.0,38.35848054863457,86,-38.0,20.0,-0.44
07:33:44,106.14,14.0,181.38,8.0,103.75,16.0,259.44,27.0,143.76,75.24,30.0,35.0,33.77024755609554,65,-5.0,-21.0,-0.08
07:33:45,108.23,13.0,181.0,12.0,103.26,23.0,354.7,43.0,144.62,72.77,36.0,55.0,34.62567515587208,91,-19.0,26.0,-0.21
07:33:46,103.0,14.0,181.0,7.0,102.0,28.0,296.2,20.0,142.0,78.0,42.0,27.0,37.19937472592755,69,15.0,-22.0,0.22
07:33:47,103.0,32.0,180.08,13.0,101.09,44.0,233.0,26.0,141.54,77.08000000000001,76.0,39.0,28.327631034027153,115,37.0,46.0,0.32
07:33:48,102.91,11.0,178.5,6.0,98.18,22.0,290.33,12.0,140.7,75.59,33.0,18.0,1.6194690487870005,51,15.0,-64.0,0.29
07:33:52,77.59,41.0,121.73,22.0,44.42,31.0,416.78,18.0,99.66,44.14,72.0,40.0,23.780667568425823,112,32.0,0.0,0.29
07:33:54,89.29,42.0,112.41,17.0,87.0,14.0,113.29,21.0,100.85,23.11999999999999,56.0,38.0,6.2902026994350635,94,18.0,-56.0,0.19
07:33:55,93.38,32.0,149.24,17.0,90.75,16.0,369.71,14.0,121.31,55.860000000000014,48.0,31.0,12.907725206246846,79,17.0,-15.0,0.22
07:33:56,98.17,36.0,188.0,12.0,94.5,12.0,430.67,18.0,143.08,89.83,48.0,30.0,21.540875794637053,78,18.0,-1.0,0.23
07:33:57,99.8,60.0,102.0,20.0,66.78,45.0,295.86,28.0,100.9,2.200000000000003,105.0,48.0,21.387784597755335,153,57.0,75.0,0.37
07:33:58,81.88,32.0,119.78,18.0,50.74,23.0,327.67,12.0,100.83,37.900000000000006,55.0,30.0,18.80975624509739,85,25.0,-68.0,0.29
07:34:00,87.62,26.0,320.11,19.0,72.91,23.0,431.29,14.0,203.86,232.49,49.0,33.0,52.21762346181585,82,16.0,-9.0,0.2
07:34:01,102.75,72.0,139.61,41.0,97.43,74.0,147.87,47.0,121.18,36.860000000000014,146.0,88.0,53.93106433216371,234,58.0,152.0,0.25
07:34:02,103.26,89.0,136.83,48.0,102.02,89.0,140.12,43.0,120.05,33.57000000000001,178.0,91.0,50.44606476227834,269,87.0,35.0,0.32
07:34:03,108.21,82.0,134.86,42.0,106.66,89.0,153.12,40.0,121.53,26.65000000000002,171.0,82.0,46.01805026291293,253,89.0,-16.0,0.35
07:34:04,110.25,60.0,132.36,33.0,109.0,84.0,134.15,34.0,121.31,22.110000000000014,144.0,67.0,37.05271420557447,211,77.0,-42.0,0.36
07:34:05,110.75,57.0,128.55,33.0,108.85,82.0,130.0,22.0,119.65,17.80000000000001,139.0,55.0,0.8376634168799534,194,84.0,-17.0,0.43
07:34:06,109.28,39.0,127.08,36.0,108.54,104.0,128.11,35.0,118.18,17.799999999999997,143.0,71.0,1.3592939343567159,214,72.0,20.0,0.34
07:34:07,109.05,38.0,126.0,21.0,108.09,79.0,127.0,21.0,117.53,16.950000000000003,117.0,42.0,1.7989441347576465,159,75.0,-55.0,0.47
07:34:08,112.67,54.0,123.25,36.0,110.0,54.0,124.5,36.0,117.96,10.579999999999998,108.0,72.0,1.5529101712523232,180,36.0,21.0,0.2
07:34:09,113.0,18.0,119.08,39.0,112.0,39.0,120.15,39.0,116.04,6.079999999999998,57.0,78.0,1.2977942826114146,135,-21.0,-45.0,-0.16
07:34:10,108.0,118.0,116.0,33.0,102.13,31.0,117.0,33.0,112.0,8.0,149.0,66.0,2.566694372140714,215,83.0,80.0,0.39
07:34:11,108.51,105.0,113.87,38.0,107.7,53.0,115.0,36.0,111.19,5.359999999999999,158.0,74.0,3.1521627496020503,232,84.0,17.0,0.36
07:34:12,108.5,60.0,110.53,32.0,107.85,68.0,112.33,36.0,109.52,2.030000000000001,128.0,68.0,3.522956145054706,196,60.0,-36.0,0.31
07:34:13,108.0,51.0,109.54,26.0,106.0,10.0,115.82,28.0,108.77,1.5400000000000063,61.0,54.0,2.843014245475861,115,7.0,-81.0,0.06
07:34:14,107.93,15.0,109.94,17.0,106.75,8.0,117.14,22.0,108.94,2.009999999999991,23.0,39.0,1.4359421993863941,62,-16.0,-53.0,-0.26
07:34:15,106.82,11.0,111.0,33.0,104.8,15.0,266.79,42.0,108.91,4.180000000000007,26.0,75.0,1.005649044139466,101,-49.0,39.0,-0.49
07:34:16,106.0,5.0,110.2,15.0,103.0,15.0,297.65,23.0,108.1,4.200000000000003,20.0,38.0,0.5073164692562431,58,-18.0,-43.0,-0.31
07:34:17,103.58,19.0,109.44,27.0,102.44,27.0,231.39,36.0,106.51,5.859999999999999,46.0,63.0,1.0286058525881652,109,-17.0,51.0,-0.16
07:34:18,105.0,5.0,108.0,15.0,103.0,15.0,334.33,18.0,106.5,3.0,20.0,33.0,1.2222397473403626,53,-13.0,-56.0,-0.25
07:34:19,103.23,44.0,106.85,39.0,98.26,31.0,243.85,65.0,105.04,3.6199999999999903,75.0,104.0,1.515674767217105,179,-29.0,126.0,-0.16
07:34:20,106.08,39.0,215.72,29.0,92.7,30.0,281.52,27.0,160.9,109.64,69.0,56.0,24.335730932108426,125,13.0,-54.0,0.1
07:34:21,111.0,30.0,228.0,18.0,103.06,32.0,282.56,18.0,169.5,117.0,62.0,36.0,32.56382655647182,98,26.0,-27.0,0.27
07:34:22,111.0,40.0,203.25,16.0,103.17,36.0,234.47,17.0,157.12,92.25,76.0,33.0,31.402345772250506,109,43.0,11.0,0.39
07:34:23,111.0,50.0,188.0,39.0,105.16,50.0,201.55,22.0,149.5,77.0,100.0,61.0,25.292277872899856,161,39.0,52.0,0.24
07:34:24,111.0,16.0,188.0,24.0,110.0,16.0,224.22,27.0,149.5,77.0,32.0,51.0,8.418912043725141,83,-19.0,-78.0,-0.23
07:34:25,106.85,82.0,188.0,33.0,105.46,115.0,252.57,35.0,147.43,81.15,197.0,68.0,9.107535341681638,265,129.0,173.5,0.49
07:34:26,106.5,105.0,180.94,48.0,105.11,133.0,338.5,52.0,143.72,74.44,238.0,100.0,4.892522866577109,338,138.0,73.0,0.41
07:34:27,111.2,20.0,151.24,51.0,107.06,65.0,152.41,51.0,131.22,40.040000000000006,85.0,102.0,7.669685782349857,187,-17.0,-151.0,-0.09
07:34:28,112.0,41.0,148.82,33.0,111.0,11.0,149.82,33.0,130.41,36.81999999999999,52.0,66.0,9.045857062765219,118,-14.0,-69.0,-0.12
07:34:29,111.4,15.0,146.77,39.0,108.07,29.0,148.0,39.0,129.08,35.370000000000005,44.0,78.0,8.537187475977042,122,-34.0,4.0,-0.28
07:34:30,109.0,15.0,145.2,15.0,106.0,85.0,146.4,15.0,127.1,36.19999999999999,100.0,30.0,6.568164127058572,130,70.0,8.0,0.54
07:34:31,108.79,28.0,141.5,30.0,106.3,100.0,142.5,30.0,125.14,32.709999999999994,128.0,60.0,2.4795160818149506,188,68.0,58.0,0.36
07:34:32,106.74,73.0,139.62,39.0,105.01,67.0,140.62,39.0,123.18,32.88000000000001,140.0,78.0,2.9161138523690866,218,62.0,30.0,0.28
07:34:33,106.09,176.0,136.22,54.0,104.83,210.0,137.67,54.0,121.16,30.129999999999995,386.0,108.0,3.1243751375241158,494,278.0,173.5,0.56
07:34:34,107.14,21.0,134.03,38.0,106.04,150.0,135.25,36.0,120.58,26.89,171.0,74.0,2.726301524039254,245,97.0,-174.5,0.4
07:34:35,108.0,13.0,131.9,49.0,107.0,26.0,132.81,47.0,119.95,23.900000000000006,39.0,96.0,2.1316941619234995,135,-57.0,-110.0,-0.42
07:34:36,109.77,26.0,127.32,44.0,107.75,16.0,128.31,48.0,118.54,17.549999999999997,42.0,92.0,1.7031500227457124,134,-50.0,-1.0,-0.37
07:34:37,106.22,163.0,123.08,50.0,103.13,192.0,124.55,44.0,114.65,16.86,355.0,94.0,2.6074757908710686,449,261.0,173.5,0.58
07:34:38,106.21,78.0,120.0,23.0,104.71,197.0,121.07,29.0,113.1,13.790000000000006,275.0,52.0,3.3151364979407316,327,223.0,-122.0,0.68
07:34:39,106.47,55.0,114.07,58.0,105.34,233.0,114.7,46.0,110.27,7.599999999999994,288.0,104.0,3.958644970185982,392,184.0,65.0,0.47
07:34:40,106.0,112.0,110.5,24.0,103.0,136.0,111.62,26.0,108.25,4.5,248.0,50.0,3.982219230526973,298,198.0,-94.0,0.66
07:34:41,106.0,175.0,153.76,34.0,103.0,289.0,151.77,69.0,129.88,47.75999999999999,464.0,103.0,8.555959911078281,567,361.0,173.5,0.64
07:34:42,107.14,28.0,261.18,51.0,104.71,79.0,367.83,46.0,184.16,154.04000000000002,107.0,97.0,31.927645857469315,204,10.0,-174.5,0.05
07:34:43,106.09,45.0,149.56,32.0,103.07,226.0,230.58,38.0,127.83,43.47,271.0,70.0,30.735866182685943,341,201.0,137.0,0.59
07:34:44,107.07,45.0,146.07,14.0,103.14,196.0,148.57,14.0,126.57,39.0,241.0,28.0,28.637323024332723,269,213.0,-72.0,0.79
07:34:45,110.0,32.0,143.62,8.0,106.0,36.0,144.62,8.0,126.81,33.620000000000005,68.0,16.0,25.251026711798808,84,52.0,-174.5,0.62
07:34:46,110.0,52.0,125.71,14.0,106.0,78.0,128.74,19.0,117.86,15.709999999999994,130.0,33.0,26.863025332229,163,97.0,79.0,0.6
07:34:47,106.46,35.0,116.33,9.0,105.11,54.0,144.0,9.0,111.4,9.870000000000005,89.0,18.0,7.2018282401052485,107,71.0,-56.0,0.66
07:34:48,107.43,42.0,114.8,10.0,105.36,56.0,138.2,10.0,111.11,7.36999999999999,98.0,20.0,7.734665474341962,118,78.0,11.0,0.66
07:34:49,108.22,27.0,112.11,9.0,103.57,105.0,113.11,9.0,110.17,3.8900000000000006,132.0,18.0,7.035129707402537,150,114.0,32.0,0.76
07:34:50,106.0,33.0,111.73,11.0,103.09,112.0,112.73,11.0,108.86,5.730000000000004,145.0,22.0,3.4866961439130044,167,123.0,17.0,0.74
07:34:51,106.0,18.0,111.0,6.0,103.0,102.0,112.0,6.0,108.5,5.0,120.0,12.0,1.30098808602457,132,108.0,-35.0,0.82
07:34:52,106.0,48.0,109.94,16.0,103.0,272.0,110.94,16.0,107.97,3.9399999999999977,320.0,32.0,1.2877383274477323,352,288.0,173.5,0.82
07:34:53,106.0,60.0,107.65,17.0,103.0,289.0,162.89,18.0,106.82,1.6500000000000057,349.0,35.0,1.2263074655150277,384,314.0,32.0,0.82
07:34:54,106.0,6.0,111.0,6.0,103.0,102.0,479.93,15.0,108.5,5.0,108.0,21.0,0.7981854420984431,129,87.0,-174.5,0.67
07:34:55,106.0,13.0,110.0,13.0,103.0,221.0,340.68,56.0,108.0,4.0,234.0,69.0,0.6863818179248958,303,165.0,173.5,0.54
07:34:56,103.24,66.0,109.0,10.0,96.53,120.0,445.47,38.0,106.12,5.760000000000005,186.0,48.0,0.9792956652502228,234,138.0,-69.0,0.59
07:34:57,103.16,57.0,108.0,12.0,102.27,118.0,271.0,24.0,105.58,4.840000000000003,175.0,36.0,1.2321850510284078,211,139.0,-23.0,0.66
07:34:58,102.33,72.0,106.38,16.0,94.21,114.0,269.87,39.0,104.35,4.049999999999997,186.0,55.0,1.7221207855368028,241,131.0,30.0,0.54
07:34:59,103.62,63.0,210.79,33.0,81.94,66.0,272.17,41.0,157.2,107.16999999999999,129.0,74.0,22.929461397947787,203,55.0,-38.0,0.27
07:35:00,107.93,28.0,326.96,53.0,92.35,49.0,476.59,49.0,217.45,219.02999999999997,77.0,102.0,49.7004974824194,179,-25.0,-24.0,-0.14
07:35:01,103.0,12.0,217.17,24.0,41.0,19.0,299.0,24.0,160.08,114.16999999999999,31.0,48.0,46.782220661272355,79,-17.0,-100.0,-0.22
07:35:02,102.4,15.0,275.22,36.0,80.53,19.0,318.89,36.0,188.81,172.82000000000002,34.0,72.0,42.07052733208818,106,-38.0,27.0,-0.36
07:35:03,100.0,8.0,288.31,26.0,90.0,16.0,298.25,32.0,194.15,188.31,24.0,58.0,25.171413746549472,82,-34.0,-24.0,-0.41
07:35:06,93.0,56.0,100.0,16.0,88.0,32.0,140.34,38.0,96.5,7.0,88.0,54.0,50.98667296460887,142,34.0,-90.0,0.24
07:35:07,94.18,90.0,100.0,12.0,91.86,70.0,101.0,48.0,97.09,5.819999999999993,160.0,60.0,43.20964221096925,220,100.0,78.0,0.45
07:35:08,97.83,82.0,100.93,14.0,96.42,78.0,182.9,40.0,99.38,3.1000000000000085,160.0,54.0,6.759330588155484,214,106.0,-6.0,0.5
07:35:09,100.47,80.0,165.27,44.0,89.73,67.0,285.34,44.0,132.87,64.80000000000001,147.0,88.0,16.687523183503735,235,59.0,21.0,0.25
07:35:10,103.0,69.0,141.82,34.0,102.0,63.0,363.05,43.0,122.41,38.81999999999999,132.0,77.0,16.868128230481734,209,55.0,-26.0,0.26
07:35:11,105.22,41.0,155.68,38.0,104.0,50.0,232.19,26.0,130.45,50.46000000000001,91.0,64.0,17.083120323874535,155,27.0,-54.0,0.17
07:35:12,109.78,46.0,209.12,25.0,106.73,33.0,452.21,28.0,159.45,99.34,79.0,53.0,21.59291365239939,132,26.0,-23.0,0.2
07:35:13,111.24,51.0,207.91,22.0,111.19,37.0,377.45,22.0,159.57,96.67,88.0,44.0,17.37974683359849,132,44.0,0.0,0.33
07:35:14,113.0,14.0,234.3,23.0,112.0,63.0,324.0,15.0,173.65,121.30000000000001,77.0,38.0,21.67731717717803,115,39.0,-17.0,0.34
07:35:15,113.0,12.0,224.19,16.0,112.0,54.0,379.77,13.0,168.59,111.19,66.0,29.0,16.7336164650675,95,37.0,-20.0,0.39
07:35:16,113.0,8.0,151.0,4.0,112.0,36.0,153.0,12.0,132.0,38.0,44.0,16.0,16.089689866494567,60,28.0,-35.0,0.47
07:35:17,113.0,18.0,150.47,15.0,112.0,81.0,213.95,21.0,131.73,37.47,99.0,36.0,20.037403025341828,135,63.0,75.0,0.47
07:35:18,113.0,18.0,148.3,33.0,112.0,81.0,149.67,12.0,130.65,35.30000000000001,99.0,45.0,21.802070543872148,144,54.0,9.0,0.38
07:35:19,112.18,34.0,144.81,16.0,111.54,35.0,145.58,19.0,128.49,32.629999999999995,69.0,35.0,16.993361056600225,104,34.0,-40.0,0.33
07:35:20,112.0,60.0,129.06,18.0,110.0,24.0,137.23,30.0,120.53,17.060000000000002,84.0,48.0,4.760892773417232,132,36.0,28.0,0.27
07:35:21,112.0,76.0,114.94,34.0,110.73,67.0,125.05,44.0,113.47,2.9399999999999977,143.0,78.0,7.783217843538506,221,65.0,89.0,0.29
07:35:22,111.09,46.0,112.43,7.0,110.37,19.0,304.0,16.0,111.76,1.3400000000000034,65.0,23.0,8.53697838816381,88,42.0,-133.0,0.48
07:35:23,111.0,61.0,112.0,9.0,110.0,18.0,354.33,30.0,111.5,1.0,79.0,39.0,7.3235408102894946,118,40.0,30.0,0.34
07:35:24,111.0,59.0,120.73,11.0,110.0,20.0,200.57,35.0,115.86,9.730000000000004,79.0,46.0,3.731692645432565,125,33.0,7.0,0.26
07:35:25,111.0,25.0,134.55,22.0,110.0,10.0,168.85,13.0,122.77,23.55000000000001,35.0,35.0,4.641526688491134,70,0.0,-55.0,0.0
07:35:26,110.56,9.0,132.0,15.0,109.33,6.0,217.0,6.0,121.28,21.439999999999998,15.0,21.0,5.242821759317737,36,-6.0,-34.0,-0.17
07:35:27,110.0,14.0,132.0,35.0,108.14,37.0,313.14,14.0,121.0,22.0,51.0,49.0,4.695191156915298,100,2.0,64.0,0.02
07:35:28,110.0,18.0,169.22,45.0,109.0,9.0,301.91,33.0,139.61,59.22,27.0,78.0,9.052470933395808,105,-51.0,5.0,-0.49
07:35:29,108.07,56.0,199.0,50.0,106.05,64.0,650.1,20.0,153.54,90.93,120.0,70.0,14.511607423024376,190,50.0,85.0,0.26
07:35:30,110.4,60.0,240.14,35.0,107.29,56.0,550.2,20.0,175.27,129.73999999999998,116.0,55.0,22.999983695645888,171,61.0,-19.0,0.36
07:35:31,112.0,83.0,341.88,24.0,108.0,48.0,343.0,16.0,226.94,229.88,131.0,40.0,40.740306454419034,171,91.0,0.0,0.53
07:35:32,112.58,52.0,340.25,12.0,110.59,34.0,343.0,8.0,226.41,227.67000000000002,86.0,20.0,40.670387630313755,106,66.0,-65.0,0.62
07:35:33,113.0,59.0,183.64,14.0,112.0,44.0,276.67,18.0,148.32,70.63999999999999,103.0,32.0,38.39782715206655,135,71.0,29.0,0.53
07:35:34,113.0,126.0,157.35,31.0,112.0,99.0,275.12,41.0,135.18,44.349999999999994,225.0,72.0,42.90308998195792,297,153.0,162.0,0.52
07:35:35,113.0,140.0,160.74,39.0,112.0,110.0,279.25,24.0,136.87,47.74000000000001,250.0,63.0,47.675401728773906,313,187.0,16.0,0.6
07:35:36,113.0,140.0,284.41,32.0,112.0,110.0,295.56,32.0,198.7,171.41000000000003,250.0,64.0,41.175671579222325,314,186.0,1.0,0.59
07:35:37,113.0,80.0,217.33,27.0,112.0,88.0,252.69,29.0,165.17,104.33000000000001,168.0,56.0,26.278294655475204,224,112.0,-90.0,0.5
07:35:38,113.0,100.0,172.85,34.0,112.0,110.0,184.32,34.0,142.93,59.849999999999994,210.0,68.0,26.820554617680383,278,142.0,54.0,0.51
07:35:39,113.0,130.0,170.23,39.0,112.0,143.0,173.0,39.0,141.62,57.22999999999999,273.0,78.0,25.716474680639575,351,195.0,73.0,0.56
07:35:40,113.0,96.0,166.16,38.0,112.0,154.0,169.33,39.0,139.58,53.16,250.0,77.0,25.208156418111507,327,173.0,-24.0,0.53
07:35:41,113.0,85.0,152.67,42.0,112.0,187.0,153.81,43.0,132.83,39.66999999999999,272.0,85.0,12.230863828854254,357,187.0,30.0,0.52
07:35:42,112.27,88.0,147.98,48.0,111.82,87.0,148.94,48.0,130.13,35.709999999999994,175.0,96.0,5.632004083803101,271,79.0,-86.0,0.29
07:35:43,113.0,26.0,145.36,33.0,112.0,91.0,146.56,32.0,129.18,32.360000000000014,117.0,65.0,5.624675101725824,182,52.0,-89.0,0.29
07:35:44,112.68,38.0,141.96,48.0,111.96,95.0,143.46,39.0,127.32,29.28,133.0,87.0,4.777883422601906,220,46.0,38.0,0.21
07:35:45,112.0,30.0,137.48,42.0,111.0,30.0,138.43,40.0,124.74,25.47999999999999,60.0,82.0,3.0339825312571915,142,-22.0,-78.0,-0.15
07:35:46,112.0,20.0,130.11,38.0,111.0,22.0,131.76,29.0,121.05,18.110000000000014,42.0,67.0,3.6684642563303855,109,-25.0,-33.0,-0.23
07:35:47,112.0,30.0,128.76,66.0,111.0,30.0,129.51,39.0,120.38,16.75999999999999,60.0,105.0,3.8335205751337207,165,-45.0,56.0,-0.27
07:35:48,112.0,40.0,125.66,93.0,111.0,40.0,126.47,51.0,118.83,13.659999999999997,80.0,144.0,3.4752453150782685,224,-64.0,59.0,-0.29
07:35:49,110.0,45.0,120.15,47.0,109.0,15.0,120.58,48.0,115.07,10.150000000000006,60.0,95.0,3.5138056292250153,155,-35.0,-69.0,-0.23
07:35:50,110.0,8.0,115.5,18.0,108.12,32.0,116.88,34.0,112.75,5.5,40.0,52.0,3.573021130636275,92,-12.0,-63.0,-0.13
07:35:51,108.42,38.0,112.32,38.0,106.68,164.0,113.63,38.0,110.37,3.8999999999999915,202.0,76.0,4.152276484047424,278,126.0,173.5,0.45
07:35:52,106.46,187.0,110.84,86.0,105.08,234.0,115.74,54.0,108.65,4.38000000000001,421.0,140.0,4.0026840994479205,561,281.0,173.5,0.5
07:35:53,106.0,280.0,110.83,72.0,103.0,144.0,117.43,56.0,108.42,4.829999999999998,424.0,128.0,2.8367974901238964,552,296.0,-9.0,0.54
07:35:54,106.0,218.0,109.66,32.0,103.0,108.0,111.0,60.0,107.83,3.6599999999999966,326.0,92.0,1.996441834858529,418,234.0,-134.0,0.56
07:35:55,106.03,186.0,109.0,22.0,103.5,108.0,111.0,55.0,107.52,2.969999999999999,294.0,77.0,1.1088597747115447,371,217.0,-47.0,0.58
07:35:56,107.0,58.0,108.29,35.0,106.0,180.0,118.14,37.0,107.64,1.2900000000000063,238.0,72.0,0.49675949912745154,310,166.0,-61.0,0.54
07:35:57,106.31,78.0,124.18,45.0,105.53,171.0,211.18,44.0,115.24,17.870000000000005,249.0,89.0,3.3218368412631722,338,160.0,28.0,0.47
07:35:58,106.0,90.0,179.4,10.0,103.0,45.0,298.11,18.0,142.7,73.4,135.0,28.0,15.180938047432145,163,107.0,-174.5,0.66
07:35:59,110.05,95.0,179.0,24.0,105.87,207.0,317.33,48.0,144.53,68.95,302.0,72.0,18.614679153828376,374,230.0,173.5,0.61
07:36:00,111.18,60.0,177.27,22.0,107.04,137.0,262.45,44.0,144.23,66.09,197.0,66.0,17.95107155575879,263,131.0,-111.0,0.5
07:36:01,111.36,39.0,167.73,33.0,110.81,54.0,281.0,42.0,139.54,56.36999999999999,93.0,75.0,12.460993941093621,168,18.0,-95.0,0.11
07:36:02,111.0,40.0,175.12,16.0,109.0,8.0,223.62,32.0,143.06,64.12,48.0,48.0,1.9838271093952644,96,0.0,-72.0,0.0
07:36:03,111.0,55.0,163.31,26.0,109.0,11.0,257.2,40.0,137.15,52.31,66.0,66.0,3.225968071753288,132,0.0,36.0,0.0
07:36:04,111.0,40.0,127.5,32.0,109.0,8.0,147.6,20.0,119.25,16.5,48.0,52.0,10.123074137828484,100,-4.0,-32.0,-0.04
07:36:05,111.0,75.0,117.93,30.0,109.0,15.0,130.45,55.0,114.47,6.930000000000007,90.0,85.0,12.913490233084636,175,5.0,75.0,0.03
07:36:06,111.0,25.0,116.2,10.0,109.0,5.0,161.0,5.0,113.6,5.200000000000003,30.0,15.0,13.660246337455725,45,15.0,-130.0,0.33
07:36:07,111.0,40.0,186.8,25.0,109.0,8.0,343.75,20.0,148.9,75.80000000000001,48.0,45.0,15.642286597552562,93,3.0,48.0,0.03
07:36:08,111.0,45.0,233.38,13.0,109.0,9.0,237.63,41.0,172.19,122.38,54.0,54.0,25.957291268542875,108,0.0,15.0,0.0
07:36:09,111.0,55.0,232.64,11.0,109.0,11.0,234.0,55.0,171.82,121.63999999999999,66.0,66.0,29.105958668285975,132,0.0,24.0,0.0
07:36:10,111.0,37.0,230.5,8.0,109.0,8.0,234.0,40.0,170.75,119.5,45.0,48.0,25.38020626393668,93,-3.0,-39.0,-0.03
07:36:11,109.5,20.0,230.0,6.0,106.65,23.0,234.0,30.0,169.75,120.5,43.0,36.0,9.986213997304986,79,7.0,-14.0,0.09
07:36:12,108.13,47.0,228.0,12.0,106.08,194.0,234.0,60.0,168.06,119.87,241.0,72.0,1.671535222473609,313,169.0,173.5,0.54
07:36:13,108.79,61.0,226.0,9.0,106.2,140.0,280.17,29.0,167.39,117.21,201.0,38.0,1.838377001588621,239,163.0,-74.0,0.68
07:36:14,111.0,61.0,167.96,28.0,108.0,56.0,287.5,8.0,139.48,56.96000000000001,117.0,36.0,13.26323980028902,153,81.0,-86.0,0.53
07:36:15,111.0,45.0,159.39,33.0,108.36,66.0,163.86,21.0,135.2,48.389999999999986,111.0,54.0,17.10106517150237,165,57.0,12.0,0.35
07:36:16,111.0,80.0,157.16,64.0,109.0,128.0,158.28,32.0,134.08,46.16,208.0,96.0,17.356754304880038,304,112.0,139.0,0.37
07:36:17,111.0,37.0,154.26,35.0,109.0,88.0,154.26,19.0,132.63,43.25999999999999,125.0,54.0,14.555652853787496,179,71.0,-125.0,0.4
07:36:18,111.0,45.0,146.54,39.0,109.0,120.0,149.73,59.0,128.77,35.53999999999999,165.0,98.0,3.8955577264331045,263,67.0,84.0,0.25
07:36:19,111.88,103.0,141.89,27.0,109.79,53.0,144.79,39.0,126.89,30.00999999999999,156.0,66.0,3.547087537681127,222,90.0,-41.0,0.41
07:36:20,112.0,148.0,138.0,40.0,111.0,48.0,139.19,32.0,125.0,26.0,196.0,72.0,3.819846855565401,268,124.0,46.0,0.46
07:36:21,112.44,88.0,123.53,49.0,111.87,135.0,127.07,28.0,117.99,11.090000000000003,223.0,77.0,5.414201695538595,300,146.0,32.0,0.49
07:36:22,112.0,96.0,123.27,26.0,111.0,36.0,123.26,38.0,117.63,11.269999999999996,132.0,64.0,5.1486483663164595,196,68.0,-104.0,0.35
07:36:23,112.0,44.0,119.24,33.0,111.0,39.0,121.73,37.0,115.62,7.239999999999995,83.0,70.0,4.983826842896247,153,13.0,-43.0,0.08
07:36:24,112.0,39.0,118.04,27.0,111.0,39.0,120.76,38.0,115.02,6.040000000000006,78.0,65.0,3.9800841699608798,143,13.0,-10.0,0.09
07:36:25,112.0,26.0,113.19,31.0,111.0,39.0,115.63,27.0,112.6,1.1899999999999977,65.0,58.0,2.1807040147560537,123,7.0,-20.0,0.06
07:36:26,111.14,21.0,113.9,30.0,110.23,39.0,127.28,25.0,112.52,2.760000000000005,60.0,55.0,2.161809427302312,115,5.0,-8.0,0.04
07:36:27,111.0,33.0,113.09,33.0,110.0,55.0,115.0,33.0,112.05,2.0900000000000034,88.0,66.0,1.6323663804345883,154,22.0,39.0,0.14
07:36:28,110.34,53.0,112.14,44.0,109.35,86.0,139.05,43.0,111.24,1.7999999999999972,139.0,87.0,1.4122605991717996,226,52.0,72.0,0.23
07:36:29,110.0,41.0,111.91,35.0,109.0,72.0,112.86,28.0,110.96,1.9099999999999966,113.0,63.0,0.7437607141904484,176,50.0,-50.0,0.28
07:36:30,109.19,84.0,110.73,45.0,108.29,109.0,281.14,59.0,109.96,1.5400000000000063,193.0,104.0,0.9943741750332644,297,89.0,121.0,0.3
07:36:31,108.61,31.0,179.07,29.0,106.38,69.0,493.22,41.0,143.84,70.46,100.0,70.0,14.682033237939947,170,30.0,-127.0,0.18
07:36:32,111.0,33.0,174.67,27.0,108.0,33.0,197.49,35.0,142.83,63.66999999999999,66.0,62.0,17.873874230282972,128,4.0,-42.0,0.03
07:36:33,111.0,33.0,160.38,16.0,108.0,33.0,175.52,31.0,135.69,49.379999999999995,66.0,47.0,16.908741230498908,113,19.0,-15.0,0.17
07:36:34,111.0,35.0,158.88,48.0,107.12,64.0,160.0,32.0,134.94,47.879999999999995,99.0,80.0,13.738215677444195,179,19.0,66.0,0.11
07:36:35,111.0,24.0,156.65,34.0,107.45,76.0,159.64,25.0,133.82,45.650000000000006,100.0,59.0,4.726407726801982,159,41.0,-20.0,0.26
07:36:36,111.0,28.0,156.47,38.0,108.0,98.0,158.38,32.0,133.74,45.47,126.0,70.0,3.792114186041005,196,56.0,37.0,0.29
07:36:37,109.0,42.0,153.73,33.0,106.93,105.0,156.0,22.0,131.36,44.72999999999999,147.0,55.0,1.6407924914423015,202,92.0,6.0,0.46
07:36:38,109.85,39.0,151.33,36.0,107.2,105.0,156.0,24.0,130.59,41.48000000000002,144.0,60.0,1.8317205026896135,204,84.0,2.0,0.41
07:36:39,108.72,67.0,148.94,35.0,106.42,202.0,151.2,50.0,128.83,40.22,269.0,85.0,2.1351510485147287,354,184.0,150.0,0.52
07:36:40,108.09,46.0,145.95,37.0,106.25,160.0,147.45,33.0,127.02,37.859999999999985,206.0,70.0,2.547561579230953,276,136.0,-78.0,0.49
07:36:41,108.33,21.0,144.75,24.0,106.33,84.0,146.0,36.0,126.54,36.42,105.0,60.0,2.1219967012165304,165,45.0,-111.0,0.27
07:36:42,109.0,11.0,142.96,25.0,108.0,152.0,145.0,30.0,125.98,33.96000000000001,163.0,55.0,1.8942729475906965,218,108.0,53.0,0.5
07:36:43,111.73,30.0,140.07,27.0,109.67,12.0,141.27,33.0,125.9,28.33999999999999,42.0,60.0,1.1942277839566633,102,-18.0,-116.0,-0.18
07:36:44,112.0,27.0,137.11,18.0,110.0,9.0,140.0,27.0,124.56,25.110000000000014,36.0,45.0,0.9241212041578215,81,-9.0,-21.0,-0.11
07:36:45,109.0,61.0,135.35,23.0,106.81,62.0,138.18,22.0,122.17,26.349999999999994,123.0,45.0,1.7564168070176762,168,78.0,87.0,0.46
07:36:46,108.0,127.0,133.85,26.0,106.0,126.0,135.0,23.0,120.92,25.849999999999994,253.0,49.0,2.2712947849132727,302,204.0,134.0,0.68
07:36:47,108.0,120.0,131.75,28.0,106.0,116.0,132.74,39.0,119.88,23.75,236.0,67.0,2.5050109780147216,303,169.0,1.0,0.56
07:36:48,108.0,108.0,129.21,19.0,106.0,80.0,130.81,26.0,118.61,21.210000000000008,188.0,45.0,2.277909128998408,233,143.0,-70.0,0.61
07:36:49,108.0,159.0,126.57,42.0,106.0,94.0,127.9,42.0,117.29,18.569999999999993,253.0,84.0,1.9098769593809728,337,169.0,104.0,0.5
07:36:50,108.0,132.0,122.51,35.0,106.0,12.0,125.11,46.0,115.26,14.510000000000005,144.0,81.0,2.2178976531784182,225,63.0,-112.0,0.28
07:36:51,108.0,121.0,119.0,35.0,106.0,11.0,119.89,37.0,113.5,11.0,132.0,72.0,2.5595839505619633,204,60.0,-21.0,0.29
07:36:52,108.0,143.0,114.69,35.0,106.0,143.0,118.05,38.0,111.34,6.689999999999998,286.0,73.0,2.90643252114589,359,213.0,155.0,0.59
07:36:53,108.0,140.0,110.25,53.0,106.0,154.0,198.66,61.0,109.12,2.25,294.0,114.0,3.206075482575939,408,180.0,49.0,0.44
07:36:54,108.0,34.0,209.12,43.0,106.0,99.0,366.0,45.0,158.56,101.12,133.0,88.0,20.813790620643186,221,45.0,-174.5,0.2
07:36:55,108.0,5.0,324.0,25.0,106.0,55.0,428.6,25.0,216.0,216.0,60.0,50.0,46.32271451458748,110,10.0,-111.0,0.09
07:36:56,106.63,41.0,344.0,35.0,105.61,31.0,594.57,35.0,225.32,237.37,72.0,70.0,55.40442870384979,142,2.0,32.0,0.01
07:36:57,109.0,52.0,253.08,62.0,106.03,87.0,360.68,56.0,181.04,144.08,139.0,118.0,46.94356100680875,257,21.0,115.0,0.08
07:36:58,110.0,12.0,181.95,57.0,109.0,48.0,263.53,57.0,145.97,71.94999999999999,60.0,114.0,34.7278133489567,174,-54.0,-83.0,-0.31
07:36:59,111.0,14.0,216.07,56.0,109.4,40.0,217.19,52.0,163.54,105.07,54.0,108.0,33.82608874818334,162,-54.0,-12.0,-0.33
07:37:00,112.0,6.0,214.0,24.0,111.0,12.0,216.0,30.0,163.0,102.0,18.0,54.0,30.346585969429494,72,-36.0,-90.0,-0.5
07:37:01,110.17,24.0,211.3,53.0,106.93,60.0,212.49,53.0,160.73,101.13000000000001,84.0,106.0,12.457962513989765,190,-22.0,118.0,-0.12
07:37:02,110.4,40.0,189.27,48.0,109.27,22.0,192.88,42.0,149.84,78.87,62.0,90.0,8.137470737272954,152,-28.0,-38.0,-0.18
07:37:03,111.0,64.0,160.0,48.0,110.0,36.0,161.0,60.0,135.5,49.0,100.0,108.0,11.994766358707178,208,-8.0,56.0,-0.04
07:37:04,111.0,32.0,157.5,32.0,110.0,24.0,158.47,34.0,134.25,46.5,56.0,66.0,13.5420319745588,122,-10.0,-86.0,-0.08
07:37:05,111.0,40.0,153.87,46.0,110.0,30.0,154.97,38.0,132.43,42.870000000000005,70.0,84.0,12.294952216254126,154,-14.0,32.0,-0.09
07:37:06,111.0,28.0,150.23,26.0,110.0,21.0,151.35,23.0,130.62,39.22999999999999,49.0,49.0,7.667357432647291,98,0.0,-56.0,0.0
07:37:07,111.0,64.0,148.95,73.0,110.0,48.0,149.83,65.0,129.97,37.94999999999999,112.0,138.0,2.3445745882721036,250,-26.0,152.0,-0.1
07:37:08,110.84,57.0,115.98,48.0,109.86,42.0,130.02,53.0,113.41,5.140000000000001,99.0,101.0,8.39952855819724,200,-2.0,-50.0,-0.01
07:37:09,109.3,20.0,110.83,54.0,107.0,38.0,176.22,40.0,110.07,1.5300000000000011,58.0,94.0,10.656842872069133,152,-36.0,-48.0,-0.24
07:37:10,106.16,75.0,109.8,61.0,105.68,57.0,292.44,48.0,107.98,3.6400000000000006,132.0,109.0,11.023363824167749,241,23.0,89.0,0.1
07:37:11,106.17,53.0,253.17,71.0,104.78,23.0,364.96,56.0,179.67,147.0,76.0,127.0,30.03573371835572,203,-51.0,-38.0,-0.25
07:37:13,106.0,36.0,219.25,24.0,103.0,84.0,263.33,24.0,162.62,113.25,120.0,48.0,67.45607333665349,168,72.0,50.0,0.43
07:37:14,106.31,51.0,186.44,32.0,103.1,94.0,188.56,32.0,146.38,80.13,145.0,64.0,61.52572933334456,209,81.0,41.0,0.39
07:37:15,107.31,49.0,118.18,34.0,106.65,31.0,125.65,46.0,112.74,10.870000000000005,80.0,80.0,60.27311050543165,160,0.0,-49.0,0.0
07:37:16,107.57,28.0,114.71,14.0,105.45,38.0,118.33,18.0,111.14,7.140000000000001,66.0,32.0,66.40818157426067,98,34.0,-62.0,0.35
07:37:17,108.58,19.0,112.31,26.0,107.57,56.0,113.59,34.0,110.44,3.730000000000004,75.0,60.0,24.288089262022485,135,15.0,37.0,0.11
07:37:18,108.26,39.0,111.41,29.0,106.74,76.0,280.58,38.0,109.84,3.1499999999999915,115.0,67.0,15.841657741536128,182,48.0,47.0,0.26
07:37:19,106.6,90.0,110.53,15.0,103.38,122.0,112.0,30.0,108.57,3.930000000000007,212.0,45.0,1.5476369083126205,257,167.0,75.0,0.65
07:37:20,106.16,49.0,109.12,16.0,103.73,83.0,110.73,11.0,107.64,2.960000000000008,132.0,27.0,1.4150901031282188,159,105.0,-98.0,0.66
07:37:21,108.0,11.0,109.42,12.0,106.0,45.0,175.81,31.0,108.71,1.4200000000000017,56.0,43.0,1.1056446083490994,99,13.0,-60.0,0.13
07:37:22,109.06,18.0,220.05,21.0,106.68,38.0,279.53,34.0,164.55,110.99000000000001,56.0,55.0,24.993556569643538,111,1.0,12.0,0.01
07:37:23,106.6,10.0,203.38,26.0,105.18,56.0,254.6,20.0,154.99,96.78,66.0,46.0,28.392529299095063,112,20.0,1.0,0.18
07:37:24,105.06,32.0,148.97,31.0,101.44,108.0,312.21,19.0,127.02,43.91,140.0,50.0,26.205834655663455,190,90.0,78.0,0.47
07:37:25,106.43,44.0,229.09,23.0,101.47,127.0,369.38,29.0,167.76,122.66,171.0,52.0,25.68797637027821,223,119.0,33.0,0.53
07:37:26,112.0,36.0,143.0,24.0,105.0,60.0,241.0,28.0,127.5,31.0,96.0,52.0,19.83033106128013,148,44.0,-75.0,0.3
07:37:27,112.0,36.0,131.58,24.0,105.0,60.0,260.1,21.0,121.79,19.580000000000013,96.0,45.0,20.319174934036344,141,51.0,-7.0,0.36
07:37:28,112.0,18.0,131.0,12.0,105.0,30.0,276.18,11.0,121.5,19.0,48.0,23.0,19.571133845538192,71,25.0,-70.0,0.35
07:37:29,112.31,32.0,131.0,24.0,108.29,51.0,269.89,19.0,121.66,18.689999999999998,83.0,43.0,20.127273039335716,126,40.0,55.0,0.32
07:37:30,112.0,6.0,131.0,12.0,108.0,42.0,314.0,12.0,121.5,19.0,48.0,24.0,2.635773131354446,72,24.0,-54.0,0.33
07:37:31,112.0,7.0,131.0,14.0,108.05,43.0,308.0,11.0,121.5,19.0,50.0,25.0,0.1315294642654251,75,25.0,3.0,0.33
07:37:32,108.08,52.0,129.78,23.0,105.34,62.0,201.85,13.0,118.93,21.700000000000003,114.0,36.0,1.169281830855975,150,78.0,75.0,0.52
07:37:33,108.0,27.0,127.0,12.0,105.0,45.0,225.0,18.0,117.5,19.0,72.0,30.0,1.8982149509393944,102,42.0,-48.0,0.41
07:37:34,108.0,36.0,199.81,26.0,105.0,60.0,365.06,18.0,153.9,91.81,96.0,44.0,15.320958847277485,140,52.0,38.0,0.37
07:37:35,109.0,78.0,307.76,33.0,108.0,39.0,526.86,21.0,208.38,198.76,117.0,54.0,38.98650561412206,171,63.0,31.0,0.37
07:37:36,110.68,79.0,137.55,69.0,108.0,57.0,317.11,36.0,124.12,26.870000000000005,136.0,105.0,38.623703602839164,241,31.0,70.0,0.13
07:37:37,112.33,45.0,137.0,45.0,109.33,45.0,280.67,18.0,124.67,24.67,90.0,63.0,37.746585011096975,153,27.0,-88.0,0.18
07:37:38,113.0,50.0,135.8,50.0,112.0,50.0,158.45,44.0,124.4,22.80000000000001,100.0,94.0,36.564851702146576,194,6.0,41.0,0.03
07:37:39,113.0,50.0,133.7,50.0,112.0,50.0,136.3,50.0,123.35,20.69999999999999,100.0,100.0,37.67873710728599,200,0.0,6.0,0.0
07:37:40,113.0,40.0,131.74,47.0,112.0,50.0,133.4,50.0,122.37,18.74000000000001,90.0,97.0,0.930736267676571,187,-7.0,-13.0,-0.04
07:37:41,112.21,38.0,130.47,49.0,111.87,46.0,131.43,65.0,121.34,18.260000000000005,84.0,114.0,1.393603243383293,198,-30.0,11.0,-0.15
07:37:42,112.0,78.0,125.96,83.0,111.0,23.0,126.59,79.0,118.98,13.959999999999994,101.0,162.0,2.075854041104107,263,-61.0,65.0,-0.23
07:37:43,112.0,32.0,124.3,33.0,111.0,8.0,125.21,38.0,118.15,12.299999999999997,40.0,71.0,2.212842063945829,111,-31.0,-152.0,-0.28
07:37:44,112.0,40.0,115.26,42.0,111.0,10.0,116.92,24.0,113.63,3.260000000000005,50.0,66.0,3.4035319889737705,116,-16.0,5.0,-0.14
07:37:45,110.45,29.0,112.88,68.0,107.93,44.0,120.05,56.0,111.67,2.4299999999999926,73.0,124.0,3.9856530205183933,197,-51.0,81.0,-0.26
07:37:46,108.0,45.0,112.63,35.0,106.0,54.0,164.17,41.0,110.31,4.6299999999999955,99.0,76.0,3.8633948801497118,175,23.0,-22.0,0.13
07:37:47,107.19,59.0,114.78,45.0,105.91,46.0,143.14,37.0,110.98,7.590000000000003,105.0,82.0,3.1619329531105995,187,23.0,12.0,0.12
07:37:48,105.7,20.0,157.22,23.0,101.76,25.0,167.61,46.0,131.46,51.519999999999996,45.0,69.0,8.946974348905174,114,-24.0,-73.0,-0.21
07:37:49,106.0,12.0,155.58,24.0,105.0,12.0,220.77,56.0,130.79,49.58000000000001,24.0,80.0,11.043236391564186,104,-56.0,-10.0,-0.54
07:37:50,105.0,5.0,120.5,16.0,101.0,20.0,217.0,8.0,112.75,15.5,25.0,24.0,10.87223390108802,49,1.0,-55.0,0.02
07:37:51,105.0,9.0,108.17,24.0,101.0,36.0,118.2,30.0,106.58,3.1700000000000017,45.0,54.0,11.733544647716972,99,-9.0,50.0,-0.09
07:37:52,87.19,37.0,108.82,44.0,70.57,51.0,195.43,30.0,98.0,21.629999999999995,88.0,74.0,14.840984805597214,162,14.0,63.0,0.09
07:37:53,103.0,9.0,107.33,9.0,79.67,45.0,190.4,25.0,105.17,4.329999999999998,54.0,34.0,12.41618983424331,88,20.0,-74.0,0.23
07:37:54,106.36,25.0,204.15,13.0,91.3,20.0,462.43,37.0,155.26,97.79,45.0,50.0,22.80861613513558,95,-5.0,7.0,-0.05
07:37:55,110.67,18.0,397.33,9.0,109.6,15.0,501.78,45.0,254.0,286.65999999999997,33.0,54.0,65.67080188333297,87,-21.0,-8.0,-0.24
07:37:57,111.77,26.0,360.92,51.0,110.16,25.0,383.86,21.0,236.35,249.15000000000003,51.0,72.0,69.55248040149232,123,-21.0,41.0,-0.17
07:37:58,111.91,88.0,306.0,16.0,109.71,14.0,341.62,32.0,208.95,194.09,102.0,48.0,43.72511349327722,150,54.0,27.0,0.36
07:37:59,112.0,100.0,304.81,26.0,110.0,16.0,311.0,38.0,208.4,192.81,116.0,64.0,25.593324715635784,180,52.0,30.0,0.29
07:38:00,112.0,151.0,238.79,67.0,110.0,30.0,283.29,51.0,175.4,126.78999999999999,181.0,118.0,33.4995025336194,299,63.0,119.0,0.21
07:38:01,112.0,108.0,191.86,37.0,110.0,22.0,200.76,51.0,151.93,79.86000000000001,130.0,88.0,32.847746193612295,218,42.0,-81.0,0.19
07:38:02,112.0,50.0,190.65,37.0,110.0,22.0,219.29,49.0,151.32,78.65,72.0,86.0,28.605461891044,158,-14.0,-60.0,-0.09
07:38:03,112.0,14.0,168.71,49.0,110.0,28.0,531.88,41.0,140.36,56.71000000000001,42.0,90.0,27.182969300647976,132,-48.0,-26.0,-0.36
07:38:04,112.0,7.0,137.0,35.0,110.0,14.0,138.0,14.0,124.5,25.0,21.0,49.0,18.61036592869603,70,-28.0,-62.0,-0.4
07:38:05,112.0,17.0,136.65,85.0,110.0,34.0,140.39,23.0,124.32,24.650000000000006,51.0,108.0,13.649618309680678,159,-57.0,89.0,-0.36
07:38:06,112.0,8.0,136.0,40.0,110.0,16.0,143.0,8.0,124.0,24.0,24.0,48.0,12.433165325047758,72,-24.0,-87.0,-0.33
07:38:07,112.0,7.0,136.0,35.0,110.0,14.0,177.53,19.0,124.0,24.0,21.0,54.0,7.227923629920984,75,-33.0,3.0,-0.44
07:38:08,112.0,14.0,135.27,55.0,110.0,28.0,211.25,53.0,123.64,23.27000000000001,42.0,108.0,0.33154185251656,150,-66.0,75.0,-0.44
07:38:09,112.0,15.0,132.67,60.0,110.0,30.0,133.62,45.0,122.33,20.669999999999987,45.0,105.0,0.7803973346764581,150,-60.0,0.0,-0.4
07:38:10,110.0,21.0,128.84,25.0,108.0,77.0,131.0,49.0,119.42,18.840000000000003,98.0,74.0,1.9465662074458547,172,24.0,22.0,0.14
07:38:11,110.0,8.0,128.14,28.0,108.0,56.0,129.89,28.0,119.07,18.139999999999986,64.0,56.0,2.321932384883369,120,8.0,-52.0,0.07
07:38:12,110.0,13.0,125.62,32.0,108.0,91.0,126.54,48.0,117.81,15.620000000000005,104.0,80.0,2.4313226852826815,184,24.0,64.0,0.13
07:38:13,110.0,10.0,123.16,37.0,108.0,70.0,124.87,31.0,116.58,13.159999999999997,80.0,68.0,2.1525496509883877,148,12.0,-36.0,0.08
07:38:14,108.1,59.0,120.58,74.0,106.74,57.0,122.08,61.0,114.34,12.480000000000004,116.0,135.0,2.065412791664248,251,-19.0,103.0,-0.08
07:38:15,108.0,56.0,118.48,64.0,106.0,42.0,121.31,58.0,113.24,10.480000000000004,98.0,122.0,2.408022009860033,220,-24.0,-31.0,-0.11
07:38:16,106.7,46.0,113.52,65.0,105.55,22.0,115.6,55.0,110.11,6.819999999999993,68.0,120.0,3.0055165945258775,188,-52.0,-32.0,-0.28
07:38:17,106.57,42.0,110.08,49.0,105.67,18.0,112.29,41.0,108.33,3.510000000000005,60.0,90.0,3.30448937053374,150,-30.0,-38.0,-0.2
07:38:18,106.63,41.0,108.43,35.0,105.81,26.0,109.64,59.0,107.53,1.8000000000000114,67.0,94.0,2.988084670816828,161,-27.0,11.0,-0.17
07:38:19,106.0,39.0,108.33,24.0,105.0,13.0,111.11,57.0,107.17,2.3299999999999983,52.0,81.0,2.48935332967631,133,-29.0,-28.0,-0.22
07:38:20,106.65,77.0,114.76,54.0,104.02,64.0,196.34,44.0,110.7,8.11,141.0,98.0,1.5661800662665055,239,43.0,106.0,0.18
07:38:21,107.54,89.0,121.0,60.0,106.33,54.0,230.73,75.0,114.27,13.459999999999994,143.0,135.0,2.95049148447687,278,8.0,39.0,0.03
07:38:22,110.04,69.0,283.77,57.0,108.2,98.0,382.42,57.0,196.91,173.72999999999996,167.0,114.0,39.00949089644685,281,53.0,3.0,0.19
07:38:23,110.36,88.0,211.77,71.0,105.42,67.0,222.65,31.0,161.07,101.41000000000001,155.0,102.0,39.564826298114454,257,53.0,-24.0,0.21
07:38:24,112.0,132.0,210.0,48.0,106.0,36.0,284.08,53.0,161.0,98.0,168.0,101.0,36.25567334914591,269,67.0,12.0,0.25
07:38:25,112.0,95.0,144.0,32.0,106.0,24.0,248.25,32.0,128.0,32.0,119.0,64.0,32.324191405199436,183,55.0,-86.0,0.3
07:38:26,112.0,108.0,209.11,36.0,106.0,27.0,476.0,21.0,160.56,97.11000000000001,135.0,57.0,24.37948051128178,192,78.0,9.0,0.41
07:38:27,112.0,108.0,180.91,33.0,106.0,27.0,229.4,25.0,146.45,68.91,135.0,58.0,14.505479309556417,193,77.0,1.0,0.4
07:38:28,112.08,59.0,137.36,44.0,109.04,69.0,163.82,44.0,124.72,25.280000000000015,128.0,88.0,17.297744939730446,216,40.0,23.0,0.19
07:38:29,112.0,24.0,137.0,32.0,106.0,48.0,138.0,32.0,124.5,25.0,72.0,64.0,16.064758946214262,136,8.0,-80.0,0.06
07:38:30,112.0,16.0,135.38,32.0,106.0,24.0,318.81,27.0,123.69,23.379999999999995,40.0,59.0,16.758723996771685,99,-19.0,-37.0,-0.19
07:38:31,112.0,22.0,134.0,44.0,106.0,45.0,366.36,55.0,123.0,22.0,67.0,99.0,10.073145983255268,166,-32.0,67.0,-0.19
07:38:32,112.0,20.0,133.6,40.0,106.0,50.0,326.41,22.0,122.8,21.599999999999994,70.0,62.0,0.8619280712288512,132,8.0,-34.0,0.06
07:38:33,112.0,16.0,128.59,17.0,106.0,40.0,151.31,26.0,120.29,16.590000000000003,56.0,43.0,1.5816541973428828,99,13.0,-33.0,0.13
07:38:34,112.0,12.0,131.08,24.0,106.0,55.0,150.49,41.0,121.54,19.080000000000013,67.0,65.0,1.349381339715506,132,2.0,33.0,0.02
07:38:35,112.0,13.0,126.52,46.0,108.86,35.0,128.85,26.0,119.26,14.519999999999996,48.0,72.0,1.608483758069227,120,-24.0,-12.0,-0.2
07:38:36,111.09,11.0,124.43,42.0,110.03,72.0,128.17,24.0,117.76,13.340000000000003,83.0,66.0,1.9568086263026865,149,17.0,29.0,0.11
07:38:37,111.0,18.0,118.15,39.0,110.0,126.0,120.5,64.0,114.58,7.150000000000006,144.0,103.0,2.681618914009366,247,41.0,98.0,0.17
07:38:38,110.37,19.0,114.52,21.0,109.85,53.0,115.74,27.0,112.45,4.1499999999999915,72.0,48.0,3.6327014741061356,120,24.0,-127.0,0.2
07:38:39,110.0,78.0,111.76,38.0,108.0,20.0,113.28,47.0,110.88,1.7600000000000051,98.0,85.0,3.5148797987944165,183,13.0,63.0,0.07
07:38:40,108.4,35.0,111.0,48.0,106.21,56.0,280.31,54.0,109.7,2.5999999999999943,91.0,102.0,3.1942730002260666,193,-11.0,10.0,-0.06
07:38:41,108.0,48.0,110.12,64.0,106.0,87.0,174.25,64.0,109.06,2.1200000000000045,135.0,128.0,2.2264950033569315,263,7.0,70.0,0.03
07:38:42,108.0,36.0,121.8,25.0,106.0,124.0,250.78,36.0,114.9,13.799999999999997,160.0,61.0,2.3445937814413393,221,99.0,-42.0,0.45
07:38:43,108.0,97.0,169.95,42.0,106.0,170.0,270.05,19.0,138.98,61.94999999999999,267.0,61.0,12.657807077056159,328,206.0,107.0,0.63
07:38:44,108.0,60.0,166.88,33.0,106.0,30.0,167.92,37.0,137.44,58.879999999999995,90.0,70.0,14.965429496007546,160,20.0,-168.0,0.12
07:38:45,108.0,54.0,164.44,36.0,106.0,36.0,167.0,27.0,136.22,56.44,90.0,63.0,14.188586962765969,153,27.0,-7.0,0.18
07:38:46,107.08,13.0,123.46,26.0,104.2,40.0,136.88,17.0,115.27,16.379999999999995,53.0,43.0,12.342265594289096,96,10.0,-57.0,0.1
07:38:47,103.39,46.0,115.25,32.0,96.65,37.0,140.68,19.0,109.32,11.86,83.0,51.0,14.024114232277649,134,32.0,38.0,0.24
07:38:48,105.31,78.0,113.56,36.0,73.78,27.0,167.0,27.0,109.43,8.25,105.0,63.0,14.173970156592427,168,42.0,34.0,0.25
07:38:49,106.0,88.0,111.74,31.0,103.0,60.0,117.78,32.0,108.87,5.739999999999995,148.0,63.0,11.703066692109932,211,85.0,43.0,0.4
07:38:50,106.0,72.0,111.6,30.0,103.0,81.0,125.73,30.0,108.8,5.599999999999994,153.0,60.0,2.7706443293885954,213,93.0,2.0,0.44
07:38:51,106.0,72.0,110.44,27.0,103.0,65.0,264.0,9.0,108.22,4.439999999999998,137.0,36.0,0.48132109861637784,173,101.0,-40.0,0.58
07:38:52,106.0,80.0,109.8,30.0,103.0,142.0,298.18,22.0,107.9,3.799999999999997,222.0,52.0,0.5971850634211296,274,170.0,101.0,0.62
07:38:53,106.91,88.0,204.32,47.0,103.55,176.0,234.82,44.0,155.61,97.41,264.0,91.0,21.095588401368964,355,173.0,81.0,0.49
07:38:54,111.0,31.0,183.29,14.0,106.0,72.0,264.29,28.0,147.14,72.28999999999999,103.0,42.0,23.781002501996667,145,61.0,-174.5,0.42
07:38:55,111.0,42.0,285.5,44.0,106.02,105.0,461.51,47.0,198.25,174.5,147.0,91.0,37.64795386206228,238,56.0,93.0,0.24
07:38:56,106.02,85.0,201.94,51.0,103.12,200.0,300.1,40.0,153.98,95.92,285.0,91.0,32.10446121647223,376,194.0,138.0,0.52
07:38:57,107.2,50.0,201.0,24.0,103.62,101.0,202.0,32.0,154.1,93.8,151.0,56.0,20.629319668858898,207,95.0,-169.0,0.46
07:38:58,111.38,24.0,146.75,24.0,110.0,40.0,201.16,25.0,129.06,35.370000000000005,64.0,49.0,25.474182616915687,113,15.0,-94.0,0.13
07:38:59,112.6,30.0,137.5,30.0,110.0,50.0,168.65,34.0,125.05,24.900000000000006,80.0,64.0,29.154331925118267,144,16.0,31.0,0.11
07:39:00,113.0,21.0,136.69,13.0,110.0,35.0,169.5,24.0,124.85,23.689999999999998,56.0,37.0,15.275525195552953,93,19.0,-51.0,0.2
07:39:01,113.0,30.0,134.17,24.0,110.0,50.0,136.12,16.0,123.58,21.169999999999987,80.0,40.0,12.894931950187809,120,40.0,27.0,0.33
07:39:02,113.0,20.0,134.0,24.0,110.0,40.0,135.0,8.0,123.5,21.0,60.0,32.0,2.2670840301973287,92,28.0,-28.0,0.3
07:39:03,112.75,24.0,131.09,23.0,109.85,41.0,131.13,23.0,121.92,18.340000000000003,65.0,46.0,1.2585507538339704,111,19.0,19.0,0.17
07:39:04,111.75,55.0,126.29,14.0,109.0,14.0,128.05,20.0,119.02,14.540000000000006,69.0,34.0,2.2421150728667607,103,35.0,-8.0,0.34
07:39:05,112.0,200.0,122.15,33.0,110.0,15.0,122.61,23.0,117.08,10.150000000000006,215.0,56.0,2.873917187390176,271,159.0,168.0,0.59
07:39:06,112.0,240.0,116.96,45.0,110.0,15.0,118.45,33.0,114.48,4.959999999999994,255.0,78.0,3.629517874315684,333,177.0,62.0,0.53
07:39:07,112.0,71.0,115.36,11.0,110.0,8.0,116.1,31.0,113.68,3.3599999999999994,79.0,42.0,3.3685130250568234,121,37.0,-174.5,0.31
07:39:08,112.0,45.0,114.0,20.0,110.0,11.0,116.78,27.0,113.0,2.0,56.0,47.0,2.523790799566767,103,9.0,-18.0,0.09
07:39:09,112.0,30.0,115.0,10.0,110.0,10.0,117.0,30.0,113.5,3.0,40.0,40.0,1.6173805983682676,80,0.0,-23.0,0.0
07:39:10,112.0,30.0,114.3,10.0,110.2,10.0,117.0,30.0,113.15,2.299999999999997,40.0,40.0,0.5801034390333009,80,0.0,0.0,0.0
07:39:11,108.0,108.0,113.1,30.0,106.0,144.0,115.5,18.0,110.55,5.099999999999994,252.0,48.0,1.273432369613094,300,204.0,173.5,0.68
07:39:12,108.31,26.0,111.43,14.0,107.5,96.0,112.69,26.0,109.87,3.1200000000000045,122.0,40.0,1.6741355978470087,162,82.0,-138.0,0.51
07:39:13,108.0,79.0,111.0,33.0,106.0,132.0,589.1,40.0,109.5,3.0,211.0,73.0,1.8780921170109572,284,138.0,122.0,0.49
07:39:14,108.0,77.0,110.44,25.0,106.0,132.0,243.66,44.0,109.22,2.4399999999999977,209.0,69.0,1.5852034569666034,278,140.0,-6.0,0.5
07:39:16,108.0,84.0,384.24,34.0,106.0,168.0,480.7,20.0,246.12,276.24,252.0,54.0,85.2528857576092,306,198.0,95.0,0.65
07:39:17,108.0,51.0,323.0,25.0,106.0,76.0,367.58,19.0,215.5,215.0,127.0,44.0,79.1443625282304,171,83.0,-135.0,0.49
07:39:18,108.31,52.0,210.28,18.0,107.23,146.0,255.16,68.0,159.29,101.97,198.0,86.0,68.55128700469422,284,112.0,113.0,0.39
07:39:19,110.21,14.0,210.0,14.0,108.0,192.0,436.44,68.0,160.11,99.79,206.0,82.0,53.39337383983105,288,124.0,4.0,0.43
07:39:20,111.73,11.0,208.5,10.0,108.0,150.0,460.2,50.0,160.11,96.77,161.0,60.0,40.35435949188092,221,101.0,-67.0,0.46
07:39:21,108.23,70.0,207.12,8.0,106.53,114.0,269.5,40.0,157.68,98.89,184.0,48.0,25.154092509966738,232,136.0,11.0,0.59
07:39:22,108.53,85.0,206.14,14.0,106.42,142.0,404.05,38.0,157.34,97.60999999999999,227.0,52.0,1.3230759615261622,279,175.0,47.0,0.63
07:39:23,108.12,48.0,183.48,46.0,106.16,122.0,284.29,14.0,145.8,75.35999999999999,170.0,60.0,5.962924618001563,230,110.0,-49.0,0.48
07:39:24,108.0,40.0,192.17,18.0,106.0,140.0,389.76,42.0,150.08,84.16999999999999,180.0,60.0,6.009003245128893,240,120.0,10.0,0.5
07:39:25,108.0,28.0,201.67,12.0,106.0,168.0,295.11,28.0,154.83,93.66999999999999,196.0,40.0,5.107512114520124,236,156.0,-4.0,0.66
07:39:26,108.0,14.0,201.0,7.0,106.0,98.0,356.0,7.0,154.5,93.0,112.0,14.0,4.571662717214599,126,98.0,-110.0,0.78
07:39:27,106.44,61.0,200.45,11.0,105.22,118.0,553.0,39.0,153.45,94.00999999999999,179.0,50.0,3.812108340534166,229,129.0,103.0,0.56
07:39:28,106.0,84.0,183.73,15.0,103.0,56.0,443.82,11.0,144.87,77.72999999999999,140.0,26.0,4.178938860520718,166,114.0,-63.0,0.69
07:39:29,106.0,156.0,197.23,13.0,103.0,104.0,259.27,37.0,151.62,91.22999999999999,260.0,50.0,4.099881705606901,310,210.0,144.0,0.68
07:39:30,106.0,96.0,193.0,12.0,103.0,64.0,194.75,8.0,149.5,87.0,160.0,20.0,3.8157266673558135,180,140.0,-130.0,0.78
07:39:31,106.0,168.0,191.52,21.0,103.0,68.0,193.1,21.0,148.76,85.52000000000001,236.0,42.0,3.2397299270109654,278,194.0,98.0,0.7
07:39:32,106.0,96.0,187.93,15.0,103.0,40.0,189.38,24.0,146.97,81.93,136.0,39.0,2.5592049546628046,175,97.0,-103.0,0.55
07:39:33,106.0,94.0,185.89,28.0,103.0,40.0,186.4,25.0,145.95,79.88999999999999,134.0,53.0,2.215141079021978,187,81.0,12.0,0.43
07:39:34,109.14,21.0,153.33,12.0,105.87,115.0,184.61,28.0,131.24,44.19000000000001,136.0,40.0,7.536201297734237,176,96.0,-11.0,0.55
07:39:35,106.17,103.0,149.07,41.0,104.23,73.0,154.92,37.0,127.62,42.89999999999999,176.0,78.0,9.882619591989355,254,98.0,78.0,0.39
07:39:36,106.0,100.0,147.31,42.0,103.0,50.0,147.89,18.0,126.65,41.31,150.0,60.0,9.989430914720446,210,90.0,-44.0,0.43
07:39:37,106.0,112.0,143.55,38.0,103.0,50.0,143.73,22.0,124.78,37.55000000000001,162.0,60.0,8.548214433434222,222,102.0,12.0,0.46
07:39:38,106.23,82.0,137.97,40.0,104.82,66.0,139.23,56.0,122.1,31.739999999999995,148.0,96.0,3.3933935816485903,244,52.0,22.0,0.21
07:39:39,109.87,15.0,135.15,59.0,107.93,30.0,136.06,72.0,122.51,25.28,45.0,131.0,2.443679602561278,176,-86.0,-68.0,-0.49
07:39:40,111.55,11.0,131.03,34.0,108.0,22.0,133.16,37.0,121.29,19.480000000000004,33.0,71.0,2.201097453538626,104,-38.0,-72.0,-0.37
07:39:41,110.33,24.0,127.91,57.0,107.7,66.0,128.54,83.0,119.12,17.58,90.0,140.0,2.0487191120244956,230,-50.0,126.0,-0.22
07:39:42,106.29,69.0,122.9,20.0,104.81,63.0,124.56,25.0,114.59,16.61,132.0,45.0,3.2552373185337444,177,87.0,-53.0,0.49
07:39:43,106.0,83.0,118.54,26.0,103.4,25.0,120.08,26.0,112.27,12.540000000000006,108.0,52.0,4.383774629240776,160,56.0,-17.0,0.35
07:39:44,108.95,38.0,116.12,16.0,106.88,64.0,117.5,28.0,112.54,7.170000000000002,102.0,44.0,4.049193746905103,146,58.0,-14.0,0.4
07:39:45,108.39,62.0,112.15,26.0,106.27,74.0,112.96,25.0,110.27,3.760000000000005,136.0,51.0,3.3655267046891373,187,85.0,41.0,0.45
07:39:46,106.0,100.0,109.7,10.0,103.57,28.0,112.0,20.0,107.85,3.700000000000003,128.0,30.0,2.5523479386588486,158,98.0,-29.0,0.62
07:39:47,106.0,92.0,108.15,13.0,103.0,60.0,111.79,19.0,107.08,2.1500000000000057,152.0,32.0,2.4912988580209094,184,120.0,26.0,0.65
07:39:48,106.0,86.0,109.25,20.0,103.0,96.0,162.61,31.0,107.62,3.25,182.0,51.0,2.2930263844919883,233,131.0,49.0,0.56
07:39:49,110.0,37.0,344.54,26.0,106.0,28.0,507.4,10.0,227.27,234.54000000000002,65.0,36.0,53.2615655984686,101,29.0,-132.0,0.29
07:39:51,111.0,56.0,277.15,13.0,110.0,35.0,458.2,10.0,194.08,166.14999999999998,91.0,23.0,74.31024781280146,114,68.0,-72.0,0.6
07:39:52,111.0,64.0,224.67,24.0,110.0,40.0,282.58,12.0,167.83,113.66999999999999,104.0,36.0,63.0462681687026,140,68.0,26.0,0.49
07:39:53,111.0,58.0,274.5,16.0,110.0,40.0,718.0,29.0,192.75,163.5,98.0,45.0,41.56507331883297,143,53.0,3.0,0.37
07:39:54,111.0,54.0,182.93,28.0,110.0,40.0,439.14,21.0,146.96,71.93,94.0,49.0,48.82651892158566,143,45.0,0.0,0.31
07:39:55,111.0,60.0,167.69,32.0,110.0,50.0,209.03,29.0,139.34,56.69,110.0,61.0,25.281666677653362,171,49.0,28.0,0.29
07:39:56,111.0,60.0,165.35,23.0,110.0,50.0,232.35,34.0,138.17,54.349999999999994,110.0,57.0,23.251865516555227,167,53.0,-4.0,0.32
07:39:57,111.07,45.0,161.34,29.0,110.34,53.0,163.14,21.0,136.21,50.27000000000001,98.0,50.0,23.865245232345114,148,48.0,-19.0,0.32
07:39:58,111.29,17.0,137.32,19.0,110.67,45.0,138.43,21.0,124.3,26.029999999999987,62.0,40.0,8.184743734532757,102,22.0,-46.0,0.22
07:39:59,111.0,26.0,118.5,24.0,110.0,50.0,120.38,26.0,114.75,7.5,76.0,50.0,10.677856994733268,126,26.0,24.0,0.21
07:40:00,111.0,28.0,116.39,41.0,110.0,70.0,117.59,29.0,113.7,5.390000000000001,98.0,70.0,11.526579284418032,168,28.0,42.0,0.17
07:40:01,110.15,41.0,111.89,18.0,108.64,47.0,116.96,23.0,111.02,1.7399999999999949,88.0,41.0,10.35793077791003,129,47.0,-39.0,0.36
07:40:02,110.0,26.0,112.83,24.0,108.0,58.0,173.65,52.0,111.42,2.8299999999999983,84.0,76.0,5.405832035864286,160,8.0,31.0,0.05
07:40:03,108.92,39.0,119.2,30.0,107.88,72.0,144.5,60.0,114.06,10.280000000000001,111.0,90.0,1.6652627420251052,201,21.0,41.0,0.1
07:40:04,108.79,38.0,244.09,53.0,107.87,46.0,354.19,48.0,176.44,135.3,84.0,101.0,28.60404726607714,185,-17.0,-16.0,-0.09
07:40:06,112.55,22.0,345.3,27.0,110.7,23.0,504.67,30.0,228.92,232.75,45.0,57.0,70.82133774506073,102,-12.0,-43.0,-0.12
07:40:09,112.0,14.0,218.96,25.0,108.0,28.0,293.35,23.0,165.48,106.96000000000001,42.0,48.0,47.30583600360484,90,-6.0,-116.0,-0.07
07:40:10,112.0,28.0,185.29,51.0,107.4,50.0,186.0,52.0,148.65,73.28999999999999,78.0,103.0,58.56714753170039,181,-25.0,91.0,-0.14
07:40:11,108.73,55.0,181.53,38.0,107.53,57.0,182.62,32.0,145.13,72.8,112.0,70.0,66.00246533274316,182,42.0,1.0,0.23
07:40:12,108.67,18.0,169.7,40.0,107.87,46.0,178.74,31.0,139.18,61.02999999999999,64.0,71.0,59.495134506949114,135,-7.0,-47.0,-0.05
07:40:13,108.23,35.0,119.91,47.0,107.31,39.0,128.92,36.0,114.07,11.679999999999993,74.0,83.0,18.65547560369274,157,-9.0,22.0,-0.06
07:40:14,108.07,116.0,114.76,103.0,107.19,74.0,115.25,80.0,111.41,6.690000000000012,190.0,183.0,17.65019886573454,373,7.0,173.5,0.02
07:40:15,108.0,54.0,113.52,60.0,107.0,48.0,134.79,72.0,110.76,5.519999999999996,102.0,132.0,16.652773042348777,234,-30.0,-139.0,-0.13
07:40:16,110.63,57.0,132.45,44.0,107.19,26.0,173.62,52.0,121.54,21.819999999999993,83.0,96.0,11.860926186431607,179,-13.0,-55.0,-0.07
07:40:17,111.0,86.0,131.92,39.0,108.0,13.0,133.0,65.0,121.46,20.919999999999987,99.0,104.0,5.306559148825116,203,-5.0,24.0,-0.02
07:40:18,111.64,28.0,127.58,26.0,110.81,32.0,132.76,38.0,119.61,15.939999999999998,60.0,64.0,5.419670654198405,124,-4.0,-79.0,-0.03
07:40:19,111.38,48.0,114.54,46.0,110.5,36.0,133.5,50.0,112.96,3.160000000000011,84.0,96.0,5.055213150795852,180,-12.0,56.0,-0.07
07:40:20,111.0,50.0,114.0,30.0,108.0,10.0,184.33,46.0,112.5,3.0,60.0,76.0,4.527745575888655,136,-16.0,-44.0,-0.12
07:40:21,111.0,54.0,113.0,36.0,108.0,12.0,380.33,60.0,112.0,2.0,66.0,96.0,4.46942725636961,162,-30.0,26.0,-0.19
07:40:22,110.12,34.0,112.0,45.0,106.09,43.0,400.77,60.0,111.06,1.8799999999999955,77.0,105.0,3.418622529613337,182,-28.0,20.0,-0.15
07:40:23,106.0,102.0,111.32,37.0,103.0,212.0,386.64,53.0,108.66,5.319999999999993,314.0,90.0,1.7044295233245184,404,224.0,173.5,0.55
07:40:24,105.33,80.0,111.0,36.0,102.96,110.0,155.55,38.0,108.16,5.670000000000002,190.0,74.0,1.9635376237751088,264,116.0,-140.0,0.44
07:40:25,103.08,74.0,111.0,10.0,97.13,83.0,281.73,44.0,107.04,7.920000000000002,157.0,54.0,2.0717818417923604,211,103.0,-53.0,0.49
07:40:26,106.0,8.0,110.75,8.0,103.0,72.0,169.0,32.0,108.38,4.75,80.0,40.0,1.4758726232235124,120,40.0,-91.0,0.33
07:40:27,103.27,44.0,108.44,9.0,98.99,71.0,161.83,24.0,105.86,5.170000000000002,115.0,33.0,1.1602585918582016,148,82.0,28.0,0.55
07:40:28,103.0,74.0,108.0,10.0,100.0,10.0,126.0,10.0,105.5,5.0,84.0,20.0,1.303886498120465,104,64.0,-44.0,0.62
07:40:29,103.0,84.0,107.5,12.0,89.57,23.0,229.25,48.0,105.25,4.5,107.0,60.0,1.2994152530969107,167,47.0,63.0,0.28
07:40:30,106.58,67.0,183.24,17.0,91.41,58.0,389.08,39.0,144.91,76.66000000000001,125.0,56.0,17.335531431138193,181,69.0,14.0,0.38
07:40:31,111.0,72.0,169.67,15.0,103.0,24.0,188.03,38.0,140.33,58.66999999999999,96.0,53.0,20.376975977803475,149,43.0,-32.0,0.29
07:40:32,111.0,42.0,158.0,7.0,103.0,14.0,214.27,22.0,134.5,47.0,56.0,29.0,19.274020597684835,85,27.0,-64.0,0.32
07:40:33,111.0,54.0,157.11,9.0,103.0,24.0,247.0,36.0,134.06,46.110000000000014,78.0,45.0,15.507519143950093,123,33.0,38.0,0.27
07:40:34,111.0,78.0,155.87,15.0,103.0,29.0,245.28,53.0,133.43,44.870000000000005,107.0,68.0,5.0075173489442655,175,39.0,52.0,0.22
07:40:35,107.85,55.0,152.81,27.0,92.32,77.0,153.47,30.0,130.33,44.96000000000001,132.0,57.0,3.630144625215116,189,75.0,14.0,0.4
07:40:36,104.0,30.0,151.7,10.0,103.0,10.0,153.0,20.0,127.85,47.69999999999999,40.0,30.0,2.85237269654204,70,10.0,-119.0,0.14
07:40:37,104.0,42.0,149.08,25.0,103.0,26.0,151.71,17.0,126.54,45.08000000000001,68.0,42.0,3.315670369620408,110,26.0,40.0,0.24
07:40:38,104.0,30.0,125.81,27.0,103.0,78.0,148.42,12.0,114.91,21.810000000000002,108.0,39.0,7.049526225213959,147,69.0,37.0,0.47
07:40:39,105.35,65.0,125.54,26.0,103.25,71.0,181.45,33.0,115.45,20.190000000000012,136.0,59.0,7.284097747832598,195,77.0,48.0,0.39
07:40:40,108.18,107.0,186.55,33.0,106.13,45.0,187.67,45.0,147.36,78.37,152.0,78.0,13.165901792128771,230,74.0,35.0,0.32
07:40:41,110.14,158.0,185.25,36.0,108.33,54.0,187.0,36.0,147.69,75.11,212.0,72.0,16.316612699944162,284,140.0,54.0,0.49
07:40:42,111.08,132.0,184.17,36.0,110.0,144.0,187.0,36.0,147.62,73.08999999999999,276.0,72.0,17.734884549947843,348,204.0,64.0,0.59
07:40:43,112.0,154.0,183.5,42.0,110.0,168.0,266.07,43.0,147.75,71.5,322.0,85.0,14.380922432166091,407,237.0,59.0,0.58
07:40:44,112.0,134.0,183.0,30.0,109.22,108.0,427.6,30.0,147.5,71.0,242.0,60.0,0.1559807679727425,302,182.0,-105.0,0.6
07:40:45,112.0,207.0,183.0,27.0,103.0,54.0,464.35,26.0,147.5,71.0,261.0,53.0,0.11211601124445002,314,208.0,12.0,0.66
07:40:46,112.28,193.0,181.91,33.0,109.8,102.0,506.09,22.0,147.1,69.63,295.0,55.0,0.24326939794675065,350,240.0,36.0,0.69
07:40:47,113.0,99.0,173.46,39.0,112.0,144.0,478.33,36.0,143.23,60.46000000000001,243.0,75.0,1.9070998925010296,318,168.0,-32.0,0.53
07:40:48,113.0,165.0,128.42,33.0,112.0,240.0,130.33,45.0,120.71,15.419999999999987,405.0,78.0,11.599037460064416,483,327.0,165.0,0.68
07:40:49,112.48,184.0,124.45,29.0,111.82,134.0,126.88,41.0,118.46,11.969999999999999,318.0,70.0,14.554798177919796,388,248.0,-95.0,0.64
07:40:50,112.33,72.0,118.98,43.0,111.94,195.0,120.66,32.0,115.66,6.650000000000006,267.0,75.0,14.89856603838024,342,192.0,-46.0,0.56
07:40:51,112.09,92.0,114.4,30.0,111.76,102.0,115.6,30.0,113.24,2.3100000000000023,194.0,60.0,12.057194947415297,254,134.0,-88.0,0.53
07:40:52,111.2,20.0,113.09,33.0,108.0,11.0,417.52,31.0,112.15,1.8900000000000006,31.0,64.0,3.5630646920841755,95,-33.0,-159.0,-0.35
07:40:53,110.0,9.0,112.0,27.0,108.0,9.0,432.0,28.0,111.0,2.0,18.0,55.0,2.983089003026368,73,-37.0,-22.0,-0.51
07:40:54,110.0,10.0,112.0,30.0,108.0,10.0,399.6,30.0,111.0,2.0,20.0,60.0,1.942627087213814,80,-40.0,7.0,-0.5
07:40:55,109.78,9.0,157.89,27.0,107.78,9.0,536.33,27.0,133.83,48.109999999999985,18.0,54.0,9.874858479997428,72,-36.0,-8.0,-0.5
07:40:56,106.59,17.0,187.34,50.0,94.41,29.0,267.22,49.0,146.96,80.75,46.0,99.0,16.561191684174705,145,-53.0,73.0,-0.37
07:40:57,77.11,65.0,139.43,47.0,47.86,72.0,285.29,42.0,108.27,62.32000000000001,137.0,89.0,17.271643523416564,226,48.0,81.0,0.21
07:41:01,107.11,45.0,215.23,22.0,83.11,45.0,267.64,14.0,161.17,108.11999999999999,90.0,36.0,29.47372643558965,126,54.0,-12.0,0.43
07:41:02,109.0,85.0,325.89,27.0,106.62,26.0,449.24,29.0,217.44,216.89,111.0,56.0,56.30666772239303,167,55.0,41.0,0.33
07:41:03,109.0,88.0,351.59,22.0,108.0,14.0,542.83,36.0,230.3,242.58999999999997,102.0,58.0,65.47187235752449,160,44.0,-7.0,0.28
07:41:04,109.0,40.0,283.25,24.0,108.0,20.0,473.0,24.0,196.12,174.25,60.0,48.0,54.73415679445497,108,12.0,-52.0,0.11
07:41:05,109.57,42.0,310.8,30.0,108.45,44.0,473.0,37.0,210.19,201.23000000000002,86.0,67.0,26.46966811276602,153,19.0,45.0,0.12
07:41:06,111.0,24.0,288.07,14.0,109.0,40.0,500.0,22.0,199.54,177.07,64.0,36.0,13.847094280027928,100,28.0,-53.0,0.28
07:41:07,109.0,25.0,227.0,5.0,108.0,20.0,577.0,15.0,168.0,118.0,45.0,20.0,22.681201467294056,65,25.0,-35.0,0.38
07:41:08,109.0,31.0,265.21,14.0,108.0,32.0,551.75,24.0,187.11,156.20999999999998,63.0,38.0,15.846370877900762,101,25.0,36.0,0.25
07:41:09,112.0,14.0,171.23,13.0,109.0,14.0,357.4,15.0,141.62,59.22999999999999,28.0,28.0,27.168354201165382,56,0.0,-45.0,0.0
07:41:10,112.0,24.0,117.69,39.0,109.0,24.0,212.21,14.0,114.85,5.689999999999998,48.0,53.0,34.32921394381146,101,-5.0,45.0,-0.05
07:41:11,108.28,29.0,115.72,43.0,106.08,74.0,117.79,39.0,112.0,7.439999999999998,103.0,82.0,32.83022890568961,185,21.0,84.0,0.11
07:41:12,107.26,43.0,113.58,48.0,105.84,76.0,115.37,51.0,110.42,6.319999999999993,119.0,99.0,32.71954843820397,218,20.0,33.0,0.09
07:41:13,106.0,128.0,111.55,47.0,103.0,20.0,112.44,43.0,108.78,5.549999999999997,148.0,90.0,13.649230014911934,238,58.0,20.0,0.24
07:41:14,106.0,166.0,108.88,32.0,103.0,14.0,109.84,31.0,107.44,2.8799999999999955,180.0,63.0,2.8855190174337255,243,117.0,5.0,0.48
07:41:15,106.0,176.0,107.83,30.0,103.0,16.0,398.28,25.0,106.92,1.8299999999999983,192.0,55.0,2.1072541374906493,247,137.0,4.0,0.55
07:41:17,106.01,156.0,217.27,33.0,105.28,58.0,438.0,18.0,161.64,111.26,214.0,51.0,68.3599172029924,265,163.0,-8.0,0.62
07:41:18,106.0,132.0,130.0,24.0,103.0,12.0,405.8,20.0,118.0,24.0,144.0,44.0,67.08499757769972,188,100.0,-77.0,0.53
07:41:19,106.0,168.0,151.92,26.0,103.0,16.0,450.29,34.0,128.96,45.91999999999999,184.0,60.0,64.15627934972521,244,124.0,56.0,0.51
07:41:20,106.0,117.0,137.0,14.0,103.0,14.0,348.89,27.0,121.5,31.0,131.0,41.0,61.64584981975654,172,90.0,-72.0,0.52
07:41:21,106.0,168.0,135.55,33.0,103.0,22.0,137.0,22.0,120.77,29.55000000000001,190.0,55.0,18.051750053664392,245,135.0,73.0,0.55
07:41:22,106.01,134.0,134.37,57.0,104.38,52.0,135.68,41.0,120.19,28.36,186.0,98.0,4.165732828683451,284,88.0,39.0,0.31
07:41:23,106.44,54.0,133.22,36.0,105.61,62.0,134.06,34.0,119.83,26.78,116.0,70.0,3.8038467371821243,186,46.0,-98.0,0.25
07:41:24,108.0,35.0,131.18,34.0,106.0,81.0,132.28,29.0,119.59,23.180000000000007,116.0,63.0,0.7695972972735257,179,53.0,-7.0,0.3
07:41:25,109.0,10.0,131.0,28.0,107.45,33.0,132.0,21.0,120.0,22.0,43.0,49.0,0.446407885202149,92,-6.0,-87.0,-0.07
07:41:26,108.05,43.0,130.29,42.0,106.08,97.0,131.18,49.0,119.17,22.239999999999995,140.0,91.0,0.3950696140816141,231,49.0,139.0,0.21
07:41:27,109.42,57.0,128.47,73.0,108.0,63.0,130.2,60.0,118.94,19.049999999999997,120.0,133.0,0.4442184147134738,253,-13.0,22.0,-0.05
07:41:28,110.22,27.0,127.78,36.0,106.59,51.0,130.0,27.0,119.0,17.560000000000002,78.0,63.0,0.44793972805559806,141,15.0,-112.0,0.11
07:41:29,111.31,16.0,124.88,33.0,109.91,22.0,126.97,37.0,118.1,13.569999999999993,38.0,70.0,0.6770672049143095,108,-32.0,-33.0,-0.3
07:41:30,112.0,51.0,117.5,48.0,111.0,17.0,121.79,47.0,114.75,5.5,68.0,95.0,1.8590777283293705,163,-27.0,55.0,-0.17
07:41:31,111.92,26.0,113.0,30.0,110.57,14.0,117.0,20.0,112.46,1.0799999999999983,40.0,50.0,2.916984744555598,90,-10.0,-73.0,-0.11
07:41:32,110.17,29.0,112.45,22.0,108.55,55.0,220.65,26.0,111.31,2.280000000000001,84.0,48.0,3.3787320106764662,132,36.0,42.0,0.27
07:41:33,109.13,23.0,111.08,13.0,107.43,63.0,269.44,25.0,110.1,1.9500000000000028,86.0,38.0,3.163799930458555,124,48.0,-8.0,0.39
07:41:34,108.0,57.0,109.59,37.0,106.0,145.0,140.36,28.0,108.8,1.5900000000000034,202.0,65.0,2.2786465280883905,267,137.0,143.0,0.51
07:41:35,106.15,68.0,159.18,34.0,104.86,74.0,258.08,24.0,132.66,53.03,142.0,58.0,9.929394744896078,200,84.0,-67.0,0.42
07:41:36,106.05,64.0,245.5,30.0,103.73,37.0,246.42,24.0,175.77,139.45,101.0,54.0,28.595999195691206,155,47.0,-45.0,0.3
07:41:37,106.0,102.0,241.76,51.0,103.0,52.0,243.0,40.0,173.88,135.76,154.0,91.0,32.97112403300764,245,63.0,90.0,0.26
07:41:38,103.78,27.0,238.0,44.0,102.85,33.0,239.13,45.0,170.89,134.22,60.0,89.0,30.16643416116621,149,-29.0,-96.0,-0.19
07:41:39,106.0,11.0,235.82,44.0,103.0,44.0,236.82,44.0,170.91,129.82,55.0,88.0,18.098236654436207,143,-33.0,-6.0,-0.23
07:41:40,103.27,44.0,224.76,41.0,102.62,26.0,231.39,51.0,164.01,121.49,70.0,92.0,4.468928283154644,162,-22.0,19.0,-0.14
07:41:41,96.53,17.0,159.61,33.0,64.17,12.0,199.84,38.0,128.07,63.08000000000001,29.0,71.0,19.064601228454205,100,-42.0,-62.0,-0.42
07:41:42,92.0,10.0,99.13,15.0,88.0,10.0,113.91,32.0,95.57,7.1299999999999955,20.0,47.0,33.275327195986726,67,-27.0,-33.0,-0.4
07:41:54,94.0,7.0,184.8,10.0,90.0,7.0,172.75,8.0,139.4,90.80000000000001,14.0,18.0,20.564955628446267,32,-4.0,-42.0,-0.12
07:41:55,101.5,10.0,293.1,40.0,90.6,10.0,423.3,20.0,197.3,191.60000000000002,20.0,60.0,45.424072912938676,80,-40.0,48.0,-0.5
07:41:56,100.42,12.0,118.0,40.0,78.5,10.0,192.33,24.0,109.21,17.58,22.0,64.0,43.00494622714892,86,-42.0,6.0,-0.49
07:41:57,106.0,10.0,182.6,10.0,102.0,5.0,301.0,16.0,144.3,76.6,15.0,26.0,38.954088103817455,41,-11.0,-45.0,-0.27
07:41:58,106.56,9.0,360.58,24.0,104.93,15.0,458.11,18.0,233.57,254.01999999999998,24.0,42.0,49.85281165591343,66,-18.0,25.0,-0.27
07:41:59,107.0,11.0,338.64,44.0,106.0,22.0,451.5,40.0,222.82,231.64,33.0,84.0,53.09880742540251,117,-51.0,51.0,-0.44
07:42:00,108.93,15.0,331.71,34.0,107.35,23.0,499.11,38.0,220.32,222.77999999999997,38.0,72.0,55.74958322714155,110,-34.0,-7.0,-0.31
07:42:01,109.45,60.0,305.83,48.0,108.76,34.0,320.33,36.0,207.64,196.38,94.0,84.0,35.55732976476139,178,10.0,68.0,0.06
07:42:02,109.86,44.0,304.62,32.0,109.32,38.0,315.38,32.0,207.24,194.76,82.0,64.0,11.109019758736142,146,18.0,-32.0,0.12
07:42:03,110.31,29.0,147.86,29.0,109.5,50.0,252.76,25.0,129.09,37.55000000000001,79.0,54.0,38.85691598673247,133,25.0,-13.0,0.19
07:42:04,110.0,11.0,120.18,22.0,109.0,45.0,121.5,32.0,115.09,10.180000000000007,56.0,54.0,49.628089122995455,110,2.0,-23.0,0.02
07:42:05,110.0,10.0,116.44,36.0,109.0,50.0,117.33,24.0,113.22,6.439999999999998,60.0,60.0,48.75503081734207,120,0.0,10.0,0.0
07:42:06,110.95,19.0,113.27,22.0,109.64,14.0,114.95,38.0,112.11,2.319999999999993,33.0,60.0,40.76659723351914,93,-27.0,-27.0,-0.29
07:42:07,110.62,13.0,112.14,28.0,109.14,29.0,166.89,36.0,111.38,1.519999999999996,42.0,64.0,7.3522561163200715,106,-22.0,13.0,-0.21
07:42:08,111.5,16.0,182.0,28.0,109.13,23.0,499.7,23.0,146.75,70.5,39.0,51.0,15.18037384256286,90,-12.0,-16.0,-0.13
07:42:09,112.0,16.0,210.0,16.0,110.0,4.0,564.5,12.0,161.0,98.0,20.0,28.0,23.36530055445401,48,-8.0,-42.0,-0.17
07:42:10,112.0,12.0,210.0,12.0,110.0,3.0,579.0,9.0,161.0,98.0,15.0,21.0,25.062299774760714,36,-6.0,-12.0,-0.17
07:42:12,112.0,28.0,280.55,33.0,110.0,11.0,545.65,34.0,196.27,168.55,39.0,67.0,55.575021637422516,106,-28.0,46.0,-0.26
07:42:14,109.0,25.0,402.8,20.0,108.0,30.0,666.22,9.0,255.9,293.8,55.0,29.0,69.08049341167151,84,26.0,-7.0,0.31
07:42:15,109.35,34.0,385.09,11.0,108.22,46.0,631.72,29.0,247.22,275.74,80.0,40.0,50.80614500235177,120,40.0,36.0,0.33
07:42:16,109.0,55.0,362.88,32.0,108.0,66.0,415.13,23.0,235.94,253.88,121.0,55.0,50.57338944543853,176,66.0,56.0,0.38
07:42:17,110.36,44.0,283.44,27.0,107.88,67.0,374.9,40.0,196.9,173.07999999999998,111.0,67.0,50.39401234273764,178,44.0,2.0,0.25
07:42:18,109.5,30.0,259.08,12.0,106.94,16.0,312.11,19.0,184.29,149.57999999999998,46.0,31.0,31.664742222225538,77,15.0,-101.0,0.19
07:42:19,108.0,35.0,257.97,31.0,106.0,36.0,258.55,11.0,182.98,149.97000000000003,71.0,42.0,30.081060154189913,113,29.0,36.0,0.26
07:42:20,108.0,33.0,255.0,8.0,106.0,48.0,258.0,40.0,181.5,147.0,81.0,48.0,22.980370319035146,129,33.0,16.0,0.26
07:42:21,108.0,36.0,215.52,25.0,106.0,54.0,225.88,26.0,161.76,107.52000000000001,90.0,51.0,12.617459332210686,141,39.0,12.0,0.28
07:42:22,108.91,46.0,119.21,29.0,107.76,50.0,121.26,23.0,114.06,10.299999999999997,96.0,52.0,29.887213319411167,148,44.0,7.0,0.3
07:42:23,110.54,26.0,116.79,38.0,108.0,52.0,117.16,49.0,113.66,6.25,78.0,87.0,34.73964190949565,165,-9.0,17.0,-0.05
07:42:24,109.42,38.0,113.0,41.0,107.41,51.0,114.25,28.0,111.21,3.5799999999999983,89.0,69.0,32.89320476937425,158,20.0,-7.0,0.13
07:42:25,106.97,35.0,108.92,26.0,104.2,60.0,222.32,31.0,107.95,1.9500000000000028,95.0,57.0,22.51062793437766,152,38.0,-6.0,0.25
07:42:26,105.4,30.0,119.0,23.0,102.88,68.0,297.81,37.0,112.2,13.599999999999994,98.0,60.0,2.444203346692572,158,38.0,6.0,0.24
07:42:27,106.0,28.0,182.8,15.0,103.0,42.0,263.8,20.0,144.4,76.80000000000001,70.0,35.0,14.970595512536695,105,35.0,-53.0,0.33
07:42:28,106.91,44.0,134.15,54.0,104.62,52.0,155.67,15.0,120.53,27.24000000000001,96.0,69.0,14.800292902506492,165,27.0,60.0,0.16
07:42:29,109.33,40.0,110.89,36.0,107.98,43.0,128.86,56.0,110.11,1.5600000000000023,83.0,92.0,14.957174532644325,175,-9.0,10.0,-0.05
07:42:30,110.42,24.0,123.05,39.0,109.0,36.0,139.62,48.0,116.73,12.629999999999995,60.0,87.0,13.800667737467784,147,-27.0,-28.0,-0.18
07:42:31,111.0,30.0,132.99,71.0,109.0,45.0,133.74,19.0,121.99,21.99000000000001,75.0,90.0,12.944482222166494,165,-15.0,18.0,-0.09
07:42:32,111.0,10.0,130.6,5.0,109.0,15.0,133.0,25.0,120.8,19.599999999999994,25.0,30.0,4.848218229410038,55,-5.0,-110.0,-0.09
07:42:33,111.61,23.0,128.81,42.0,109.52,27.0,131.67,18.0,120.21,17.200000000000003,50.0,60.0,4.808952068796672,110,-10.0,55.0,-0.09
07:42:34,113.0,16.0,128.0,40.0,112.0,16.0,130.0,8.0,120.5,15.0,32.0,48.0,1.9733550111381541,80,-16.0,-30.0,-0.2
07:42:35,113.0,9.0,125.19,21.0,112.0,28.0,127.43,21.0,119.1,12.189999999999998,37.0,42.0,1.0430963522053631,79,-5.0,-1.0,-0.06
07:42:36,113.0,13.0,122.56,45.0,112.0,52.0,123.41,27.0,117.78,9.560000000000002,65.0,72.0,1.2403709122613462,137,-7.0,58.0,-0.05
07:42:37,113.0,9.0,117.76,17.0,112.0,36.0,118.97,33.0,115.38,4.760000000000005,45.0,50.0,2.091214957861566,95,-5.0,-42.0,-0.05
07:42:38,112.36,25.0,114.52,31.0,111.25,48.0,115.86,21.0,113.44,2.1599999999999966,73.0,52.0,2.8407041380587037,125,21.0,30.0,0.17
07:42:39,110.24,46.0,112.8,60.0,107.38,42.0,114.33,27.0,111.52,2.5600000000000023,88.0,87.0,3.0919702456498004,175,1.0,50.0,0.01
07:42:40,108.8,25.0,111.61,59.0,107.1,63.0,130.23,26.0,110.21,2.8100000000000023,88.0,85.0,3.0192350024440824,173,3.0,-2.0,0.02
07:42:41,104.05,44.0,115.0,10.0,102.78,51.0,184.62,32.0,109.52,10.950000000000003,95.0,42.0,2.4021823411188703,137,53.0,-36.0,0.39
07:42:42,109.56,36.0,114.93,14.0,105.8,71.0,271.14,42.0,112.24,5.3700000000000045,107.0,56.0,1.5677308442405764,163,51.0,26.0,0.31
07:42:43,108.0,15.0,112.59,17.0,103.18,67.0,329.46,35.0,110.29,4.590000000000003,82.0,52.0,1.0987401876618514,134,30.0,-29.0,0.22
07:42:44,108.0,13.0,110.24,29.0,106.0,26.0,116.46,13.0,109.12,2.239999999999995,39.0,42.0,1.201012073204572,81,-3.0,-53.0,-0.04
07:42:45,106.86,14.0,110.22,18.0,103.75,48.0,113.0,12.0,108.54,3.3599999999999994,62.0,30.0,1.4336387271495936,92,32.0,11.0,0.35
07:42:46,106.0,18.0,109.56,18.0,103.0,63.0,423.88,33.0,107.78,3.5600000000000023,81.0,51.0,1.7401091919713185,132,30.0,40.0,0.23
07:42:47,106.0,17.0,108.0,46.0,103.0,98.0,446.02,46.0,107.0,2.0,115.0,92.0,1.259753944222044,207,23.0,75.0,0.11
07:42:48,104.29,21.0,119.38,13.0,97.96,46.0,189.2,20.0,111.84,15.08999999999999,67.0,33.0,1.8490754446433553,100,34.0,-107.0,0.34
07:42:49,103.0,39.0,384.77,13.0,80.92,24.0,541.14,21.0,243.88,281.77,63.0,34.0,60.44219486418395,97,29.0,-3.0,0.3
07:42:51,102.31,67.0,332.67,12.0,75.82,22.0,519.71,7.0,217.49,230.36,89.0,19.0,61.87315314415444,108,70.0,-5.0,0.65
07:42:52,103.41,88.0,335.89,18.0,86.74,62.0,636.67,18.0,219.65,232.48,150.0,36.0,51.1518428798024,186,114.0,78.0,0.61
07:42:53,106.67,18.0,152.55,11.0,104.93,28.0,392.0,8.0,129.61,45.88000000000001,46.0,19.0,43.94291717671907,65,27.0,-121.0,0.42
07:42:54,109.48,62.0,178.93,30.0,108.49,90.0,306.4,25.0,144.21,69.45,152.0,55.0,41.40046352397507,207,97.0,142.0,0.47
07:42:55,111.69,13.0,189.8,30.0,110.73,49.0,191.0,20.0,150.75,78.11000000000001,62.0,50.0,42.89532748447072,112,12.0,-95.0,0.11
07:42:56,112.83,29.0,188.73,33.0,111.23,26.0,191.0,22.0,150.78,75.89999999999999,55.0,55.0,34.987746426427464,110,0.0,-2.0,0.0
07:42:57,113.0,1.0,188.0,3.0,112.0,1.0,191.0,2.0,150.5,75.0,2.0,5.0,9.138552948907536,7,-3.0,-103.0,-0.43
07:42:58,113.0,6.0,183.45,22.0,112.0,6.0,341.71,14.0,148.23,70.44999999999999,12.0,36.0,2.826734865527172,48,-24.0,41.0,-0.5
07:42:59,110.03,91.0,187.7,30.0,108.03,154.0,411.4,20.0,148.87,77.66999999999999,245.0,50.0,1.1915661962253663,295,195.0,173.5,0.66
07:43:00,110.0,120.0,186.25,36.0,108.0,204.0,380.4,30.0,148.12,76.25,324.0,66.0,1.2602182350636548,390,258.0,95.0,0.66
07:43:01,110.0,80.0,148.45,20.0,108.0,136.0,205.8,30.0,129.22,38.44999999999999,216.0,50.0,8.86569061043677,266,166.0,-124.0,0.62
07:43:02,110.0,110.0,115.45,33.0,108.0,184.0,117.06,32.0,112.73,5.450000000000003,294.0,65.0,16.118961815203424,359,229.0,93.0,0.64
07:43:03,111.0,67.0,115.0,45.0,110.0,150.0,117.0,45.0,113.0,4.0,217.0,90.0,17.829188708406942,307,127.0,-52.0,0.41
07:43:04,110.16,57.0,115.0,30.0,108.74,135.0,117.0,30.0,112.58,4.840000000000003,192.0,60.0,15.681737786354711,252,132.0,-55.0,0.52
07:43:05,110.0,80.0,113.55,38.0,108.0,125.0,123.55,29.0,111.78,3.549999999999997,205.0,67.0,7.4811576644249875,272,138.0,20.0,0.51
07:43:06,110.0,71.0,111.87,38.0,108.0,41.0,174.59,58.0,110.93,1.8700000000000045,112.0,96.0,0.84476623984661,208,16.0,-64.0,0.08
07:43:07,108.97,31.0,194.11,35.0,107.83,24.0,287.31,29.0,151.54,85.14000000000001,55.0,64.0,17.66816006266597,119,-9.0,-89.0,-0.08
07:43:08,108.0,11.0,243.54,26.0,107.0,7.0,303.79,19.0,175.77,135.54,18.0,45.0,29.6909169612524,63,-27.0,-56.0,-0.43
07:43:09,108.0,8.0,202.0,16.0,106.61,18.0,290.0,40.0,155.0,94.0,26.0,56.0,28.609691190224094,82,-30.0,19.0,-0.37
07:43:10,109.0,9.0,284.0,16.0,107.09,33.0,512.09,33.0,196.5,175.0,42.0,49.0,31.87603284601125,91,-7.0,9.0,-0.08
07:43:11,111.0,8.0,400.19,27.0,108.0,8.0,559.0,18.0,255.59,289.19,16.0,45.0,42.433155079489346,61,-29.0,-30.0,-0.48
07:43:12,111.0,8.0,374.21,38.0,108.0,8.0,377.94,34.0,242.61,263.21,16.0,72.0,43.01296002369513,88,-56.0,27.0,-0.64
07:43:13,111.0,12.0,335.13,47.0,108.0,12.0,363.51,49.0,223.06,224.13,24.0,96.0,40.05018813938328,120,-72.0,32.0,-0.6
07:43:14,111.0,14.0,114.07,30.0,108.0,14.0,123.06,36.0,112.53,3.069999999999993,28.0,66.0,56.82732150999197,94,-38.0,-26.0,-0.4
07:43:15,110.2,15.0,112.15,33.0,107.35,31.0,133.46,35.0,111.18,1.9500000000000028,46.0,68.0,71.36518219692285,114,-22.0,20.0,-0.19
07:43:16,108.0,11.0,110.91,11.0,107.0,55.0,178.73,22.0,109.45,2.9099999999999966,66.0,33.0,67.06861732584018,99,33.0,-15.0,0.33
07:43:17,107.11,56.0,109.0,16.0,106.33,90.0,257.35,26.0,108.05,1.8900000000000006,146.0,42.0,50.45526563204265,188,104.0,89.0,0.55
07:43:18,109.54,61.0,255.22,18.0,106.33,72.0,492.79,19.0,182.38,145.68,133.0,37.0,32.27872782499307,170,96.0,-18.0,0.56
07:43:19,108.61,31.0,286.56,16.0,106.23,64.0,325.65,20.0,197.59,177.95,95.0,36.0,44.391455822038374,131,59.0,-39.0,0.45
07:43:20,107.0,27.0,171.89,18.0,106.0,77.0,179.71,21.0,139.44,64.88999999999999,104.0,39.0,41.214746996675665,143,65.0,12.0,0.45
07:43:21,107.0,16.0,171.0,8.0,106.0,56.0,172.0,16.0,139.0,64.0,72.0,24.0,36.233279868098975,96,48.0,-47.0,0.5
07:43:22,109.52,31.0,169.88,24.0,106.78,23.0,170.78,18.0,139.7,60.36,54.0,42.0,28.235446162580605,96,12.0,0.0,0.12
07:43:23,110.0,40.0,169.56,18.0,107.0,20.0,248.0,12.0,139.78,59.56,60.0,30.0,25.989363593593186,90,30.0,-6.0,0.33
07:43:24,107.55,22.0,156.39,46.0,106.02,92.0,160.25,32.0,131.97,48.83999999999999,114.0,78.0,3.372331537673171,192,36.0,102.0,0.19
07:43:25,108.07,46.0,151.02,60.0,106.42,52.0,152.17,63.0,129.54,42.95000000000002,98.0,123.0,4.872137108085623,221,-25.0,29.0,-0.11
07:43:26,109.0,39.0,147.52,54.0,107.0,26.0,148.68,44.0,128.26,38.52000000000001,65.0,98.0,5.53953969206691,163,-33.0,-58.0,-0.2
07:43:27,111.22,27.0,146.26,38.0,107.0,18.0,147.19,43.0,128.74,35.03999999999999,45.0,81.0,4.759497872673607,126,-36.0,-37.0,-0.29
07:43:28,113.0,39.0,144.15,52.0,107.0,26.0,147.0,65.0,128.58,31.150000000000006,65.0,117.0,1.5025378530953322,182,-52.0,56.0,-0.29
07:43:29,111.67,12.0,141.35,34.0,107.7,20.0,144.95,41.0,126.51,29.679999999999993,32.0,75.0,1.1193658919156888,107,-43.0,-75.0,-0.4
07:43:30,112.17,12.0,135.87,52.0,111.08,12.0,136.69,49.0,124.02,23.700000000000003,24.0,101.0,1.9991047996501128,125,-77.0,18.0,-0.62
07:43:32,112.0,12.0,130.17,24.0,111.0,12.0,131.67,24.0,121.08,18.169999999999987,24.0,48.0,2.8674256747096196,72,-24.0,-15.0,-0.33
07:43:33,106.16,111.0,125.28,50.0,103.28,87.0,126.27,44.0,115.72,19.120000000000005,198.0,94.0,4.1034534236401035,292,104.0,173.5,0.36
07:43:34,106.0,87.0,120.32,44.0,103.0,77.0,121.58,43.0,113.16,14.319999999999993,164.0,87.0,4.872399819389152,251,77.0,-41.0,0.31
07:43:35,106.13,30.0,114.44,32.0,103.34,71.0,116.14,42.0,110.29,8.310000000000002,101.0,74.0,5.535925396894649,175,27.0,-76.0,0.15
07:43:36,106.0,32.0,110.16,50.0,104.36,22.0,110.42,48.0,108.08,4.159999999999997,54.0,98.0,5.0508197354472015,152,-44.0,-23.0,-0.29
07:43:37,103.0,64.0,104.37,65.0,90.79,19.0,105.83,47.0,103.68,1.3700000000000045,83.0,112.0,4.643380234267126,195,-29.0,43.0,-0.15
07:43:38,84.85,27.0,99.33,54.0,44.21,48.0,104.36,33.0,92.09,14.480000000000004,75.0,87.0,8.237241649968889,162,-12.0,-33.0,-0.07
07:43:41,106.0,39.0,228.0,56.0,71.12,32.0,328.0,17.0,167.0,122.0,71.0,73.0,38.44186545941783,144,-2.0,72.0,-0.01
07:43:42,110.0,13.0,228.0,20.0,108.0,5.0,364.0,10.0,169.0,118.0,18.0,30.0,48.720024835789886,48,-12.0,-96.0,-0.25
07:43:43,110.6,20.0,235.3,37.0,109.14,14.0,375.76,17.0,172.95,124.70000000000002,34.0,54.0,52.318136243562655,88,-20.0,40.0,-0.23
07:43:44,111.6,20.0,158.0,11.0,109.6,20.0,462.09,11.0,134.8,46.400000000000006,40.0,22.0,38.91204672077768,62,18.0,-26.0,0.29
07:43:51,85.0,21.0,99.43,14.0,74.0,21.0,279.45,11.0,92.21,14.430000000000007,42.0,25.0,7.145028341439989,67,17.0,-64.0,0.25
07:43:52,86.71,7.0,262.31,13.0,85.0,21.0,334.89,9.0,174.51,175.60000000000002,28.0,22.0,39.64492249960873,50,6.0,-17.0,0.12
07:43:53,87.88,17.0,384.0,9.0,85.91,11.0,459.75,8.0,235.94,296.12,28.0,17.0,66.8409345386492,45,11.0,-5.0,0.24
07:43:56,105.32,38.0,389.0,20.0,104.02,46.0,666.29,28.0,247.16,283.68,84.0,48.0,44.101591467882436,132,36.0,98.0,0.27
07:43:57,110.71,7.0,189.07,15.0,108.33,9.0,291.69,13.0,149.89,78.36,16.0,28.0,54.07938766295344,44,-12.0,-88.0,-0.27
07:43:58,111.0,6.0,201.71,14.0,109.0,6.0,223.5,16.0,156.36,90.71000000000001,12.0,30.0,65.76918784658966,42,-18.0,-2.0,-0.43
07:43:59,111.67,12.0,210.92,13.0,109.67,6.0,294.35,17.0,161.29,99.24999999999999,18.0,30.0,59.856021835735056,48,-12.0,6.0,-0.25
07:44:00,112.44,36.0,220.05,19.0,111.0,9.0,376.2,10.0,166.25,107.61000000000001,45.0,29.0,40.132509889115916,74,16.0,26.0,0.22
07:44:01,113.0,25.0,211.07,28.0,111.0,10.0,216.17,23.0,162.04,98.07,35.0,51.0,6.262430039528014,86,-16.0,12.0,-0.19
07:44:02,109.9,29.0,191.92,36.0,106.58,95.0,206.0,33.0,150.91,82.01999999999998,124.0,69.0,5.8902758848786405,193,55.0,107.0,0.28
07:44:03,108.03,33.0,117.89,38.0,106.02,198.0,138.39,33.0,112.96,9.86,231.0,71.0,21.834018182642907,302,160.0,109.0,0.53
07:44:04,107.28,94.0,133.07,28.0,105.75,130.0,136.0,28.0,120.17,25.789999999999992,224.0,56.0,24.432749128986273,280,168.0,-22.0,0.6
07:44:05,106.11,81.0,132.0,22.0,105.0,54.0,136.0,18.0,119.06,25.89,135.0,40.0,21.935244926829007,175,95.0,-105.0,0.54
07:44:06,107.0,45.0,131.12,34.0,106.0,180.0,135.38,32.0,119.06,24.120000000000005,225.0,66.0,15.071269687719607,291,159.0,116.0,0.55
07:44:07,106.14,90.0,129.75,24.0,104.94,93.0,130.86,44.0,117.95,23.61,183.0,68.0,2.838670463434343,251,115.0,-40.0,0.46
07:44:08,109.08,39.0,126.9,21.0,104.09,33.0,128.33,18.0,117.99,17.820000000000007,72.0,39.0,0.9192551332327344,111,33.0,-140.0,0.3
07:44:09,111.0,22.0,124.27,33.0,106.0,22.0,127.0,22.0,117.64,13.269999999999996,44.0,55.0,0.6710812171225098,99,-11.0,-12.0,-0.11
07:44:10,107.43,21.0,116.69,13.0,103.88,51.0,123.52,29.0,112.06,9.259999999999991,72.0,42.0,2.7803506972995917,114,30.0,15.0,0.26
07:44:11,106.0,36.0,112.66,29.0,103.0,96.0,113.59,27.0,109.33,6.659999999999997,132.0,56.0,4.043653051384832,188,76.0,74.0,0.4
07:44:12,106.19,21.0,108.26,23.0,103.6,60.0,109.48,25.0,107.23,2.0700000000000074,81.0,48.0,4.84671538260432,129,33.0,-59.0,0.26
07:44:13,106.0,20.0,107.7,30.0,103.0,40.0,109.0,20.0,106.85,1.7000000000000028,60.0,50.0,4.436301387414165,110,10.0,-19.0,0.09
07:44:14,104.85,52.0,108.27,11.0,102.89,36.0,115.91,22.0,106.56,3.4200000000000017,88.0,33.0,2.3139425230485533,121,55.0,11.0,0.45
07:44:15,104.76,54.0,153.2,10.0,102.9,40.0,277.36,22.0,128.98,48.43999999999998,94.0,32.0,9.670803999666884,126,62.0,5.0,0.49
07:44:16,105.58,83.0,158.79,39.0,104.03,58.0,227.0,32.0,132.19,53.209999999999994,141.0,71.0,13.03543516726519,212,70.0,86.0,0.33
07:44:17,106.09,108.0,142.79,57.0,105.0,83.0,158.0,45.0,124.44,36.69999999999999,191.0,102.0,12.27104437283049,293,89.0,81.0,0.3
07:44:18,107.6,75.0,140.56,48.0,105.0,35.0,141.74,57.0,124.08,32.96000000000001,110.0,105.0,9.917378685921783,215,5.0,-78.0,0.02
07:44:19,108.0,50.0,137.83,29.0,105.0,10.0,139.54,35.0,122.91,29.830000000000013,60.0,64.0,3.92149843809436,124,-4.0,-91.0,-0.03
07:44:20,108.0,70.0,133.83,46.0,105.0,20.0,135.39,49.0,120.91,25.830000000000013,90.0,95.0,4.2984915958945535,185,-5.0,61.0,-0.03
07:44:21,108.19,31.0,123.18,55.0,107.57,35.0,130.83,46.0,115.69,14.990000000000009,66.0,101.0,3.582461444311054,167,-35.0,-18.0,-0.21
07:44:22,110.47,15.0,118.19,42.0,108.0,75.0,119.6,72.0,114.33,7.719999999999999,90.0,114.0,4.353226389699335,204,-24.0,37.0,-0.12
07:44:23,111.88,42.0,114.29,28.0,108.0,70.0,116.85,40.0,113.08,2.410000000000011,112.0,68.0,4.292153305739919,180,44.0,-24.0,0.24
07:44:24,108.06,117.0,111.12,52.0,107.3,37.0,112.76,34.0,109.59,3.0600000000000023,154.0,86.0,4.135686158302313,240,68.0,60.0,0.28
07:44:25,108.0,76.0,109.63,49.0,106.94,16.0,113.0,32.0,108.82,1.6299999999999955,92.0,81.0,2.986464464876934,173,11.0,-67.0,0.06
07:44:26,108.25,32.0,111.74,31.0,107.45,22.0,139.92,24.0,110.0,3.489999999999995,54.0,55.0,2.3990268860461574,109,-1.0,-64.0,-0.01
07:44:27,109.33,6.0,112.0,20.0,108.12,16.0,113.0,8.0,110.67,2.6700000000000017,22.0,28.0,1.625013846086272,50,-6.0,-59.0,-0.12
07:44:28,109.29,17.0,111.56,36.0,107.96,67.0,132.36,50.0,110.42,2.269999999999996,84.0,86.0,0.7307188241532658,170,-2.0,120.0,-0.01
07:44:29,108.0,53.0,110.84,25.0,105.0,9.0,198.74,39.0,109.42,2.8400000000000034,62.0,64.0,0.7523828812326356,126,-2.0,-44.0,-0.02
