Time,Bid1_Price,Bid1_Volume,Ask1_Price,Ask1_Volume,Bid2_Price,Bid2_Volume,Ask2_Price,Ask2_Volume,Mid-Price,Bid_Ask_Spread,Market_Depth_Bid,Market_Depth_Ask,Historical_Volatility,Total_volume,Cumulative_Volume_Difference,Total_Volume_Change_Corrected,Order_imbalance
07:30:09,97.33,12.0,125.0,27.0,4.0,5.0,131.69,26.0,111.17,27.67,17.0,53.0,160.1161385370007,70,-36.0,-8.0,-0.51
07:30:10,117.9,10.0,120.0,10.0,116.33,3.0,121.0,10.0,118.95,2.0999999999999943,13.0,20.0,130.5943060397351,33,-7.0,-37.0,-0.21
07:30:11,118.75,72.0,120.53,32.0,117.0,8.0,121.25,20.0,119.64,1.7800000000000011,80.0,52.0,27.104450741529405,132,28.0,99.0,0.21
07:30:12,119.0,27.0,121.0,9.0,117.0,3.0,122.0,18.0,120.0,2.0,30.0,27.0,20.266275681535415,57,3.0,-75.0,0.05
07:30:13,120.43,14.0,121.88,48.0,117.1,31.0,123.35,37.0,121.15,1.4499999999999886,45.0,85.0,3.999933749450653,130,-40.0,73.0,-0.31
07:30:14,121.17,35.0,122.98,41.0,118.6,10.0,127.08,26.0,122.07,1.8100000000000023,45.0,67.0,1.243410632090013,112,-22.0,-18.0,-0.2
07:30:15,122.33,9.0,124.0,24.0,121.33,9.0,127.0,7.0,123.17,1.6700000000000017,18.0,31.0,1.4589139796418893,49,-13.0,-63.0,-0.27
07:30:16,123.15,13.0,125.2,41.0,119.58,31.0,128.14,14.0,124.17,2.049999999999997,44.0,55.0,1.6387861361369247,99,-11.0,50.0,-0.11
07:30:17,128.38,8.0,132.0,16.0,119.93,14.0,145.91,11.0,130.19,3.6200000000000045,22.0,27.0,3.5626114017662234,49,-5.0,-50.0,-0.1
07:30:18,131.0,7.0,132.0,9.0,121.69,26.0,155.0,14.0,131.5,1.0,33.0,23.0,4.311809364987603,56,10.0,7.0,0.18
07:30:19,131.0,7.0,132.0,7.0,126.0,42.0,155.0,14.0,131.5,1.0,49.0,21.0,4.099930487214978,70,28.0,14.0,0.4
07:30:20,127.63,19.0,131.27,11.0,126.12,48.0,153.79,19.0,129.45,3.640000000000015,67.0,30.0,3.0328320098539674,97,37.0,27.0,0.38
07:30:21,126.0,36.0,128.0,18.0,120.0,27.0,130.44,9.0,127.0,2.0,63.0,27.0,1.8582707014842772,90,36.0,-7.0,0.4
07:30:22,126.25,28.0,128.88,25.0,122.4,35.0,148.48,25.0,127.56,2.6299999999999955,63.0,50.0,2.1194386049128386,113,13.0,23.0,0.12
07:30:23,127.14,22.0,129.0,23.0,125.69,26.0,139.69,26.0,128.07,1.8599999999999994,48.0,49.0,1.8019239717576632,97,-1.0,-16.0,-0.01
07:30:24,127.0,50.0,129.9,10.0,126.0,20.0,148.9,20.0,128.45,2.9000000000000057,70.0,30.0,0.9283479950939323,100,40.0,3.0,0.4
07:30:25,127.0,35.0,130.0,9.0,126.0,18.0,151.0,18.0,128.5,3.0,53.0,27.0,0.6355548756755234,80,26.0,-20.0,0.33
07:30:26,127.0,27.0,146.38,16.0,126.0,18.0,205.73,15.0,136.69,19.379999999999995,45.0,31.0,3.839938801595019,76,14.0,-4.0,0.18
07:30:27,127.0,36.0,145.74,31.0,126.0,24.0,147.31,29.0,136.37,18.74000000000001,60.0,60.0,4.490354106303318,120,0.0,44.0,0.0
07:30:28,127.0,25.0,143.17,24.0,126.0,24.0,144.46,26.0,135.08,16.169999999999987,49.0,50.0,4.1907720052509525,99,-1.0,-21.0,-0.01
07:30:29,127.0,22.0,131.88,32.0,126.0,22.0,134.07,30.0,129.44,4.8799999999999955,44.0,62.0,3.9366775331483628,106,-18.0,7.0,-0.17
07:30:30,127.0,16.0,130.17,36.0,126.0,16.0,131.25,24.0,128.58,3.1699999999999875,32.0,60.0,3.912808454294055,92,-28.0,-14.0,-0.3
07:30:31,127.3,20.0,129.94,48.0,126.3,20.0,130.84,32.0,128.62,2.6400000000000006,40.0,80.0,3.792363379212893,120,-40.0,28.0,-0.33
07:30:32,127.09,33.0,128.33,54.0,123.64,66.0,130.95,66.0,127.71,1.240000000000009,99.0,120.0,2.9673186549467565,219,-21.0,99.0,-0.1
07:30:33,126.0,8.0,127.0,24.0,122.0,56.0,130.5,24.0,126.5,1.0,64.0,48.0,1.1162437009877992,112,16.0,-107.0,0.14
07:30:34,124.0,10.0,127.5,18.0,121.93,29.0,130.82,17.0,125.75,3.5,39.0,35.0,1.275174497860949,74,4.0,-38.0,0.05
07:30:35,122.0,45.0,129.75,24.0,117.44,18.0,134.0,21.0,125.88,7.75,63.0,45.0,1.2386565302758057,108,18.0,34.0,0.17
07:30:36,122.0,50.0,128.31,26.0,117.69,29.0,130.0,39.0,125.15,6.310000000000002,79.0,65.0,0.9717870136994317,144,14.0,36.0,0.1
07:30:37,122.0,49.0,127.75,24.0,121.0,60.0,130.17,36.0,124.88,5.75,109.0,60.0,0.6377068291894319,169,49.0,25.0,0.29
07:30:38,122.45,51.0,128.67,18.0,121.57,47.0,181.25,24.0,125.56,6.219999999999985,98.0,42.0,0.4188436462390557,140,56.0,-29.0,0.4
07:30:39,123.0,50.0,131.47,17.0,121.11,90.0,336.75,20.0,127.24,8.469999999999999,140.0,37.0,0.9205541809121516,177,103.0,37.0,0.58
07:30:40,123.29,52.0,126.11,46.0,121.35,91.0,131.05,19.0,124.7,2.819999999999993,143.0,65.0,1.0219980430484323,208,78.0,31.0,0.38
07:30:41,120.95,38.0,125.0,9.0,119.83,30.0,132.0,9.0,122.97,4.049999999999997,68.0,18.0,1.5436968614319344,86,50.0,-122.0,0.58
07:30:42,119.0,65.0,124.33,15.0,118.0,75.0,127.27,15.0,121.67,5.329999999999998,140.0,30.0,2.179167272146582,170,110.0,84.0,0.65
07:30:43,119.0,38.0,124.0,9.0,118.0,45.0,125.0,9.0,121.5,5.0,83.0,18.0,2.3974006757308515,101,65.0,-69.0,0.64
07:30:44,119.0,42.0,120.5,16.0,118.0,45.0,124.22,9.0,119.75,1.5,87.0,25.0,1.8427343812917507,112,62.0,11.0,0.55
07:30:45,119.9,40.0,121.47,19.0,118.26,47.0,124.1,10.0,120.69,1.5699999999999932,87.0,29.0,1.1978230253232913,116,58.0,4.0,0.5
07:30:46,122.45,22.0,123.86,14.0,121.08,52.0,124.92,13.0,123.16,1.4099999999999966,74.0,27.0,1.2645671196083803,101,47.0,-15.0,0.47
07:30:47,119.9,31.0,124.0,13.0,118.31,58.0,125.0,13.0,121.95,4.099999999999994,89.0,26.0,1.2880411484089471,115,63.0,14.0,0.55
07:30:48,118.83,24.0,124.0,6.0,116.0,30.0,125.89,18.0,121.42,5.170000000000002,54.0,24.0,1.2871402409973198,78,30.0,-37.0,0.38
07:30:49,118.0,40.0,124.0,10.0,116.0,50.0,125.13,31.0,121.0,6.0,90.0,41.0,0.9704277407384082,131,49.0,53.0,0.37
07:30:50,118.33,24.0,121.14,21.0,117.23,52.0,124.75,24.0,119.74,2.8100000000000023,76.0,45.0,1.2551414262921277,121,31.0,-10.0,0.26
07:30:51,117.0,40.0,120.32,19.0,115.33,90.0,124.5,10.0,118.66,3.319999999999993,130.0,29.0,1.3367423087471173,159,101.0,38.0,0.64
07:30:52,117.17,23.0,126.0,8.0,115.45,97.0,129.0,20.0,121.59,8.829999999999998,120.0,28.0,1.2496079385129442,148,92.0,-11.0,0.62
07:30:53,119.55,11.0,127.5,20.0,117.0,144.0,141.84,43.0,123.52,7.950000000000003,155.0,63.0,1.8515993087043952,218,92.0,70.0,0.42
07:30:54,126.59,17.0,149.14,44.0,117.16,74.0,220.89,19.0,137.86,22.549999999999983,91.0,63.0,7.817063387231481,154,28.0,-64.0,0.18
07:30:55,132.51,74.0,257.55,49.0,129.36,28.0,436.39,31.0,195.03,125.04000000000002,102.0,80.0,32.00220101805493,182,22.0,28.0,0.12
07:30:56,132.61,93.0,262.97,58.0,129.67,36.0,557.22,32.0,197.79,130.36,129.0,90.0,38.19115826994512,219,39.0,37.0,0.18
07:30:57,131.0,19.0,204.45,49.0,127.0,26.0,463.0,35.0,167.72,73.44999999999999,45.0,84.0,33.31537227767384,129,-39.0,-90.0,-0.3
07:30:58,131.0,12.0,355.17,58.0,127.0,24.0,439.96,50.0,243.09,224.17000000000002,36.0,108.0,39.067336356603604,144,-72.0,15.0,-0.5
07:30:59,131.0,12.0,326.36,28.0,127.0,24.0,382.67,60.0,228.68,195.36,36.0,88.0,29.757716142204277,124,-52.0,-20.0,-0.42
07:31:00,128.82,22.0,284.8,35.0,126.67,39.0,344.08,39.0,206.81,155.98000000000002,61.0,74.0,29.085062661098146,135,-13.0,11.0,-0.1
07:31:01,128.88,48.0,133.38,40.0,126.12,51.0,139.02,46.0,131.12,4.5,99.0,86.0,45.85342986080761,185,13.0,50.0,0.07
07:31:02,131.0,168.0,134.0,60.0,130.0,120.0,171.83,36.0,132.5,3.0,288.0,96.0,53.287435198177825,384,192.0,169.5,0.5
07:31:03,131.0,140.0,150.03,38.0,130.0,100.0,455.86,36.0,140.51,19.03,240.0,74.0,46.271843814570396,314,166.0,-70.0,0.53
07:31:04,131.0,112.0,191.5,20.0,130.0,80.0,495.04,28.0,161.25,60.5,192.0,48.0,31.655267650108314,240,144.0,-74.0,0.6
07:31:05,131.0,80.0,224.37,38.0,130.0,100.0,505.39,46.0,177.68,93.37,180.0,84.0,20.2229861790981,264,96.0,24.0,0.36
07:31:06,131.0,28.0,160.71,35.0,130.0,70.0,417.86,35.0,145.86,29.710000000000008,98.0,70.0,17.986290612574713,168,28.0,-96.0,0.17
07:31:07,131.0,26.0,145.0,40.0,130.0,80.0,250.17,36.0,138.0,14.0,106.0,76.0,16.64757189502401,182,30.0,14.0,0.16
07:31:08,130.1,40.0,142.1,30.0,129.87,46.0,172.86,22.0,136.1,12.0,86.0,52.0,17.544857366191188,138,34.0,-44.0,0.25
07:31:09,130.0,48.0,139.0,24.0,128.25,8.0,143.12,16.0,134.5,9.0,56.0,40.0,18.006846475715626,96,16.0,-42.0,0.17
07:31:10,130.0,60.0,139.0,30.0,127.0,10.0,158.0,50.0,134.5,9.0,70.0,80.0,4.734798834162958,150,-10.0,54.0,-0.07
07:31:11,130.0,16.0,139.0,9.0,127.0,3.0,206.0,14.0,134.5,9.0,19.0,23.0,1.549838701281685,42,-4.0,-108.0,-0.1
07:31:12,130.0,15.0,139.0,9.0,127.0,3.0,196.0,12.0,134.5,9.0,18.0,21.0,0.7155417527932102,39,-3.0,-3.0,-0.08
07:31:13,127.41,22.0,138.93,42.0,125.03,65.0,214.89,63.0,133.17,11.52000000000001,87.0,105.0,0.5947940820067819,192,-18.0,153.0,-0.09
07:31:14,126.0,16.0,138.0,24.0,122.0,64.0,231.0,32.0,132.0,12.0,80.0,56.0,1.1275105320972372,136,24.0,-56.0,0.18
07:31:15,126.42,19.0,137.41,51.0,122.09,90.0,194.61,46.0,131.92,10.989999999999995,109.0,97.0,1.2705982842700951,206,12.0,70.0,0.06
07:31:16,128.24,25.0,137.0,55.0,126.95,21.0,138.0,33.0,132.62,8.759999999999991,46.0,88.0,1.0565131328999406,134,-42.0,-72.0,-0.31
07:31:17,127.41,51.0,134.3,60.0,126.52,46.0,135.25,55.0,130.86,6.890000000000015,97.0,115.0,0.8652051779721921,212,-18.0,78.0,-0.08
07:31:18,127.0,79.0,128.82,45.0,126.0,73.0,130.6,62.0,127.91,1.8199999999999932,152.0,107.0,1.8721164493667886,259,45.0,47.0,0.17
07:31:19,126.4,50.0,128.0,46.0,122.85,68.0,138.57,51.0,127.2,1.5999999999999943,118.0,97.0,2.421078272173272,215,21.0,-44.0,0.1
07:31:20,107.41,66.0,200.7,20.0,81.24,100.0,249.22,23.0,154.05,93.28999999999999,166.0,43.0,11.132168252411146,209,123.0,-6.0,0.59
07:31:21,127.0,36.0,251.5,10.0,115.0,36.0,285.71,17.0,189.25,124.5,72.0,27.0,26.670049306291006,99,45.0,-110.0,0.45
07:31:22,127.0,52.0,194.77,52.0,116.23,104.0,268.42,76.0,160.88,67.77000000000001,156.0,128.0,25.816112604340628,284,28.0,169.5,0.1
07:31:23,115.55,44.0,223.75,32.0,113.58,62.0,270.12,26.0,169.65,108.2,106.0,58.0,22.696308730716485,164,48.0,-120.0,0.29
07:31:24,118.47,106.0,134.9,48.0,94.0,96.0,177.33,48.0,126.68,16.430000000000007,202.0,96.0,22.885761293869976,298,106.0,134.0,0.36
07:31:25,115.0,54.0,124.9,29.0,80.41,54.0,131.0,20.0,119.95,9.900000000000006,108.0,49.0,29.317344183946727,157,59.0,-141.0,0.38
07:31:26,115.0,78.0,123.26,42.0,70.2,20.0,233.18,44.0,119.13,8.260000000000005,98.0,86.0,24.121183014105892,184,12.0,27.0,0.07
07:31:27,116.4,30.0,123.8,15.0,91.0,5.0,187.0,5.0,120.1,7.3999999999999915,35.0,20.0,21.761446872852645,55,15.0,-129.0,0.27
07:31:28,118.35,74.0,122.79,42.0,112.95,42.0,130.83,47.0,120.57,4.440000000000012,116.0,89.0,3.0597271120126637,205,27.0,150.0,0.13
07:31:29,121.05,38.0,124.86,28.0,115.28,50.0,183.67,21.0,122.95,3.8100000000000023,88.0,49.0,1.4438490225730403,137,39.0,-68.0,0.28
07:31:31,127.0,27.0,281.29,28.0,126.0,54.0,372.28,25.0,204.14,154.29000000000002,81.0,53.0,73.55137435833541,134,28.0,-4.0,0.21
07:31:32,130.88,17.0,157.0,16.0,128.5,12.0,254.17,29.0,143.94,26.120000000000005,29.0,45.0,70.14993335706029,74,-16.0,-60.0,-0.22
07:31:33,132.5,16.0,157.0,16.0,130.0,8.0,246.83,29.0,144.75,24.5,24.0,45.0,66.14326896971453,69,-21.0,-5.0,-0.3
07:31:34,126.0,42.0,355.0,12.0,59.86,14.0,571.71,21.0,240.5,229.0,56.0,33.0,61.408143841024916,89,23.0,20.0,0.26
07:31:36,132.68,53.0,364.33,12.0,123.07,56.0,434.09,11.0,248.51,231.64999999999998,109.0,23.0,69.56744691304985,132,86.0,41.0,0.65
07:31:37,134.0,160.0,315.0,10.0,133.0,20.0,483.9,10.0,224.5,181.0,180.0,20.0,56.88374662414574,200,160.0,68.0,0.8
07:31:46,133.38,37.0,160.0,10.0,132.62,13.0,164.0,10.0,146.69,26.620000000000005,50.0,20.0,1.6026758873822013,70,30.0,34.0,0.43
07:31:47,133.0,76.0,159.25,8.0,131.0,16.0,161.0,8.0,146.12,26.25,92.0,16.0,1.346116636846954,108,76.0,38.0,0.7
07:31:48,133.0,48.0,157.17,6.0,131.0,12.0,158.5,6.0,145.08,24.169999999999987,60.0,12.0,1.2890888254872153,72,48.0,-36.0,0.67
07:31:49,133.0,88.0,155.36,11.0,131.0,22.0,158.0,11.0,144.18,22.360000000000014,110.0,22.0,1.3435884786629768,132,88.0,60.0,0.67
07:31:50,133.0,80.0,149.5,26.0,131.0,20.0,155.9,10.0,141.25,16.5,100.0,36.0,2.138183808748838,136,64.0,4.0,0.47
07:31:51,133.0,88.0,139.27,15.0,131.0,22.0,139.96,23.0,136.13,6.27000000000001,110.0,38.0,4.022097711393316,148,72.0,12.0,0.49
07:31:52,133.2,50.0,136.0,10.0,132.6,50.0,137.0,10.0,134.6,2.8000000000000114,100.0,20.0,4.708255515580581,120,80.0,-28.0,0.67
07:31:53,134.0,18.0,135.56,9.0,133.0,72.0,137.0,9.0,134.78,1.5600000000000023,90.0,18.0,4.3012637677773915,108,72.0,-12.0,0.67
07:31:54,134.0,18.0,135.0,10.0,133.0,80.0,170.89,18.0,134.5,1.0,98.0,28.0,2.87055221168231,126,70.0,18.0,0.56
07:31:55,134.0,12.0,178.33,12.0,133.0,96.0,281.47,32.0,156.17,44.33000000000001,108.0,44.0,9.489279740844117,152,64.0,26.0,0.42
07:31:56,133.33,12.0,350.33,9.0,132.68,38.0,476.86,21.0,241.83,216.99999999999997,50.0,30.0,46.48002076161325,80,20.0,-72.0,0.25
07:31:58,127.44,41.0,273.12,24.0,126.71,34.0,439.0,19.0,200.28,145.68,75.0,43.0,67.70730868968286,118,32.0,-15.0,0.27
07:31:59,127.0,84.0,215.29,45.0,126.0,24.0,222.98,46.0,171.14,88.28999999999999,108.0,91.0,59.340373861309686,199,17.0,81.0,0.09
07:32:00,127.12,98.0,201.62,42.0,126.2,35.0,205.37,63.0,164.37,74.5,133.0,105.0,57.4068129232063,238,28.0,39.0,0.12
07:32:01,127.0,13.0,199.15,65.0,126.0,26.0,201.0,26.0,163.08,72.15,39.0,91.0,59.36856002969926,130,-52.0,-108.0,-0.4
07:32:02,127.0,14.0,197.35,43.0,126.0,28.0,198.52,46.0,162.17,70.35,42.0,89.0,16.083328946458884,131,-47.0,1.0,-0.36
07:32:03,129.11,36.0,184.13,39.0,127.39,18.0,194.94,36.0,156.62,55.01999999999998,54.0,75.0,5.205845752613267,129,-21.0,-2.0,-0.16
07:32:04,130.0,20.0,148.64,33.0,128.0,10.0,152.0,31.0,139.32,18.639999999999986,30.0,64.0,10.376370752821108,94,-34.0,-35.0,-0.36
07:32:05,130.73,22.0,146.18,22.0,128.18,11.0,148.0,55.0,138.45,15.450000000000017,33.0,77.0,12.164483959461698,110,-44.0,16.0,-0.4
07:32:06,132.77,26.0,145.07,59.0,129.52,33.0,146.62,32.0,138.92,12.299999999999983,59.0,91.0,11.401738025406502,150,-32.0,40.0,-0.21
07:32:07,133.0,18.0,141.89,18.0,130.0,45.0,143.19,21.0,137.44,8.889999999999986,63.0,39.0,8.119371896889588,102,24.0,-48.0,0.24
07:32:08,130.1,62.0,139.62,29.0,128.59,17.0,140.92,26.0,134.86,9.52000000000001,79.0,55.0,1.7860907031839421,134,24.0,32.0,0.18
07:32:09,130.0,55.0,136.0,36.0,128.0,11.0,136.87,31.0,133.0,6.0,66.0,67.0,2.52370362760765,133,-1.0,-1.0,-0.01
07:32:10,130.08,36.0,133.34,41.0,129.53,38.0,150.4,43.0,131.71,3.259999999999991,74.0,84.0,2.9996133084115804,158,-10.0,25.0,-0.06
07:32:11,127.0,10.0,134.33,36.0,126.0,10.0,190.9,30.0,130.67,7.3300000000000125,20.0,66.0,2.6846657147584887,86,-46.0,-72.0,-0.53
07:32:12,127.46,13.0,133.62,26.0,126.08,12.0,134.27,44.0,130.54,6.160000000000011,25.0,70.0,1.8057214624630098,95,-45.0,9.0,-0.47
07:32:13,129.29,17.0,132.12,32.0,127.08,12.0,133.7,23.0,130.71,2.8300000000000125,29.0,55.0,1.0461022894532905,84,-26.0,-11.0,-0.31
07:32:14,130.92,66.0,141.75,40.0,125.92,12.0,205.88,17.0,136.34,10.830000000000013,78.0,57.0,2.474071543023671,135,21.0,51.0,0.16
07:32:15,131.0,61.0,303.0,20.0,126.0,10.0,667.0,30.0,217.0,172.0,71.0,50.0,38.06424398303481,121,21.0,-14.0,0.17
07:32:16,117.2,10.0,431.8,30.0,102.0,11.0,640.64,28.0,274.5,314.6,21.0,58.0,65.30205907932769,79,-37.0,-42.0,-0.47
07:32:17,91.86,14.0,155.3,30.0,70.79,19.0,229.77,39.0,123.58,63.44000000000001,33.0,69.0,66.62262888838899,102,-36.0,23.0,-0.35
07:32:18,110.64,28.0,121.31,26.0,89.0,22.0,123.92,52.0,115.98,10.670000000000002,50.0,78.0,69.41662336933426,128,-28.0,26.0,-0.22
07:32:19,105.26,19.0,121.0,22.0,78.43,14.0,124.0,66.0,113.13,15.739999999999995,33.0,88.0,73.19438585028227,121,-55.0,-7.0,-0.45
07:32:22,107.29,7.0,123.32,37.0,34.86,7.0,124.33,36.0,115.31,16.029999999999987,14.0,73.0,15.528507011300029,87,-59.0,-17.0,-0.68
07:32:23,115.8,10.0,123.0,50.0,90.3,10.0,124.0,60.0,119.4,7.200000000000003,20.0,110.0,16.163683058016023,130,-90.0,43.0,-0.69
07:32:25,101.33,12.0,122.0,60.0,85.17,12.0,124.0,60.0,111.67,20.67,24.0,120.0,16.21911310768854,144,-96.0,40.0,-0.67
07:32:26,109.0,10.0,121.0,50.0,102.3,10.0,122.0,50.0,115.0,12.0,20.0,100.0,7.232390337916988,120,-80.0,-24.0,-0.67
07:32:27,118.0,7.0,121.0,35.0,102.0,7.0,122.0,37.0,119.5,3.0,14.0,72.0,7.875004761903013,86,-58.0,-34.0,-0.67
07:32:28,118.0,9.0,120.24,21.0,15.0,18.0,121.12,59.0,119.12,2.239999999999995,27.0,80.0,7.820612507981399,107,-53.0,21.0,-0.5
07:32:29,103.67,12.0,120.0,24.0,52.23,13.0,121.0,108.0,111.83,16.33,25.0,132.0,3.790228225317758,157,-107.0,50.0,-0.68
07:32:30,119.0,10.0,120.39,23.0,75.0,10.0,121.06,86.0,119.7,1.3900000000000006,20.0,109.0,3.491375087267995,129,-89.0,-28.0,-0.69
07:32:40,93.67,24.0,120.0,14.0,90.67,18.0,124.0,18.0,106.83,26.33,42.0,32.0,8.706362615926006,74,10.0,-8.0,0.14
07:32:41,110.91,44.0,122.57,28.0,98.27,44.0,124.62,39.0,116.74,11.659999999999997,88.0,67.0,11.837874809271897,155,21.0,81.0,0.14
07:32:42,120.2,40.0,124.36,33.0,118.5,16.0,125.3,40.0,122.28,4.159999999999997,56.0,73.0,15.132269492709758,129,-17.0,-26.0,-0.13
07:32:43,123.55,44.0,125.2,40.0,121.68,38.0,145.15,40.0,124.37,1.6500000000000057,82.0,80.0,14.66129359913357,162,2.0,33.0,0.01
07:32:44,124.11,18.0,125.89,27.0,101.82,11.0,369.44,18.0,125.0,1.7800000000000011,29.0,45.0,7.563103199084059,74,-16.0,-88.0,-0.22
07:32:45,111.43,7.0,138.21,19.0,18.86,28.0,361.91,11.0,124.82,26.78,35.0,30.0,3.4732722323474405,65,5.0,-9.0,0.08
07:32:46,95.98,43.0,120.0,24.0,64.09,11.0,314.09,11.0,107.99,24.019999999999996,54.0,35.0,7.293652720002211,89,19.0,24.0,0.21
07:32:47,96.0,72.0,120.0,20.0,59.41,29.0,349.28,18.0,108.0,24.0,101.0,38.0,9.169009215831089,139,63.0,50.0,0.45
07:32:48,97.41,32.0,141.5,6.0,88.93,14.0,175.0,6.0,119.45,44.09,46.0,12.0,8.563315362638196,58,34.0,-81.0,0.59
07:32:49,119.8,30.0,187.0,5.0,99.9,20.0,454.0,5.0,153.4,67.2,50.0,10.0,18.641458365696497,60,40.0,2.0,0.67
07:32:50,119.8,45.0,349.14,14.0,98.07,57.0,511.07,14.0,234.47,229.33999999999997,102.0,28.0,53.540667440740755,130,74.0,70.0,0.57
07:32:51,100.08,52.0,120.0,24.0,99.28,32.0,299.0,14.0,110.04,19.92,84.0,38.0,53.19637929408351,122,46.0,-8.0,0.38
07:32:52,102.62,37.0,154.44,18.0,100.5,12.0,485.73,11.0,128.53,51.81999999999999,49.0,29.0,50.334946806369004,78,20.0,-44.0,0.26
07:32:53,103.54,57.0,187.69,51.0,103.0,27.0,466.07,28.0,145.62,84.14999999999999,84.0,79.0,47.76598967884992,163,5.0,85.0,0.03
07:32:54,115.13,23.0,283.75,16.0,106.0,33.0,620.33,12.0,199.44,168.62,56.0,28.0,51.790248599519174,84,28.0,-79.0,0.33
07:32:55,131.0,42.0,154.0,20.0,130.0,10.0,614.6,10.0,142.5,23.0,52.0,30.0,33.40492149369606,82,22.0,-2.0,0.27
07:32:56,129.95,19.0,161.78,18.0,88.29,21.0,196.53,17.0,145.86,31.830000000000013,40.0,35.0,27.245586798599096,75,5.0,-7.0,0.07
07:32:57,126.0,20.0,160.0,20.0,62.45,42.0,274.8,20.0,143.0,34.0,62.0,40.0,24.729963202560526,102,22.0,27.0,0.22
07:32:58,113.22,27.0,159.83,24.0,67.75,60.0,326.07,15.0,136.53,46.610000000000014,87.0,39.0,25.923340448329526,126,48.0,24.0,0.38
07:32:59,118.68,138.0,151.38,13.0,62.96,28.0,179.82,11.0,135.03,32.69999999999999,166.0,24.0,4.599622810622292,190,142.0,64.0,0.75
07:33:00,122.0,142.0,155.85,13.0,95.6,63.0,159.67,12.0,138.92,33.849999999999994,205.0,25.0,4.504461122042998,230,180.0,40.0,0.78
07:33:01,125.48,107.0,156.5,24.0,123.17,186.0,157.67,24.0,140.99,31.019999999999996,293.0,48.0,3.2315677309932327,341,245.0,111.0,0.72
07:33:02,129.95,41.0,155.0,20.0,126.78,111.0,173.32,19.0,142.48,25.05000000000001,152.0,39.0,3.070757235601131,191,113.0,-150.0,0.59
07:33:03,133.41,61.0,154.25,40.0,131.88,48.0,176.0,23.0,143.83,20.840000000000003,109.0,63.0,3.440719401520101,172,46.0,-19.0,0.27
07:33:11,133.0,25.0,172.5,20.0,130.17,29.0,367.73,22.0,152.75,39.5,54.0,42.0,7.0826972263394685,96,12.0,-26.0,0.12
07:33:12,133.0,6.0,322.0,24.0,130.0,24.0,451.83,12.0,227.5,189.0,30.0,36.0,39.48852149675902,66,-6.0,-30.0,-0.09
07:33:13,127.22,68.0,313.12,32.0,126.35,133.0,407.0,16.0,220.17,185.9,201.0,48.0,45.75563659266474,249,153.0,169.5,0.61
07:33:14,131.0,18.0,347.5,32.0,127.0,117.0,449.36,22.0,239.25,216.5,135.0,54.0,47.423095428282664,189,81.0,-60.0,0.43
07:33:15,131.0,20.0,198.28,29.0,127.0,130.0,347.19,32.0,164.64,67.28,150.0,61.0,39.31544950779534,211,89.0,22.0,0.42
07:33:16,127.23,71.0,133.0,24.0,126.16,158.0,405.0,22.0,130.11,5.769999999999996,229.0,46.0,46.8278371270765,275,183.0,64.0,0.67
07:33:17,127.0,89.0,291.22,27.0,126.0,198.0,457.0,18.0,209.11,164.22000000000003,287.0,45.0,44.42874497439696,332,242.0,57.0,0.73
07:33:18,127.0,117.0,286.62,47.0,126.0,286.0,414.14,44.0,206.81,159.62,403.0,91.0,42.729589045531476,494,312.0,162.0,0.63
07:33:19,128.41,17.0,166.0,35.0,126.77,53.0,187.0,21.0,147.21,37.59,70.0,56.0,35.3958864841665,126,14.0,-170.5,0.11
07:33:20,128.03,70.0,160.06,67.0,127.28,75.0,172.65,69.0,144.04,32.03,145.0,136.0,37.53906738319427,281,9.0,155.0,0.03
07:33:21,127.1,39.0,162.73,41.0,126.56,57.0,180.17,24.0,144.92,35.629999999999995,96.0,65.0,34.30017011619623,161,31.0,-120.0,0.19
07:33:22,127.0,109.0,164.0,55.0,126.0,55.0,274.5,24.0,145.5,37.0,164.0,79.0,27.47997507276886,243,85.0,82.0,0.35
07:33:23,128.0,18.0,163.78,45.0,127.0,135.0,274.56,27.0,145.89,35.78,153.0,72.0,1.1772297991450864,225,81.0,-18.0,0.36
07:33:24,128.69,26.0,162.15,65.0,127.0,195.0,205.46,39.0,145.42,33.46000000000001,221.0,104.0,0.7120252804466248,325,117.0,100.0,0.36
07:33:25,131.62,16.0,162.0,40.0,127.5,90.0,211.92,26.0,146.81,30.379999999999995,106.0,66.0,0.7061657029304188,172,40.0,-153.0,0.23
07:33:26,133.0,20.0,161.0,46.0,130.0,50.0,176.0,38.0,147.0,28.0,70.0,84.0,0.737854999302234,154,-14.0,-18.0,-0.09
07:33:27,134.0,76.0,158.49,68.0,130.0,70.0,159.52,44.0,146.24,24.49000000000001,146.0,112.0,0.6504383137510681,258,34.0,104.0,0.13
07:33:32,134.0,12.0,146.5,60.0,131.0,12.0,148.25,60.0,140.25,12.5,24.0,120.0,2.0972362766256674,144,-96.0,53.0,-0.67
07:33:33,134.0,9.0,145.33,45.0,131.0,9.0,147.0,45.0,139.67,11.330000000000013,18.0,90.0,2.247327301483797,108,-72.0,-36.0,-0.67
07:33:34,130.31,39.0,144.27,75.0,127.1,123.0,147.0,75.0,137.29,13.960000000000008,162.0,150.0,2.5723685583512492,312,12.0,169.5,0.04
07:33:35,130.54,24.0,141.55,55.0,127.74,66.0,147.0,55.0,136.04,11.01000000000002,90.0,110.0,2.441028471770399,200,-20.0,-112.0,-0.1
07:33:36,132.28,32.0,138.12,32.0,131.0,10.0,140.7,50.0,135.2,5.840000000000003,42.0,82.0,2.211142238752051,124,-40.0,-76.0,-0.32
07:33:38,130.43,14.0,133.42,38.0,129.5,12.0,134.44,36.0,131.92,2.9899999999999807,26.0,74.0,2.0259244803281584,100,-48.0,-170.5,-0.48
07:33:39,130.0,14.0,132.14,35.0,129.0,7.0,134.0,35.0,131.07,2.1399999999999864,21.0,70.0,2.3697742508502007,91,-49.0,-9.0,-0.54
07:33:40,129.2,40.0,131.22,45.0,128.16,19.0,133.62,37.0,130.21,2.0200000000000102,59.0,82.0,2.568125775734579,141,-23.0,50.0,-0.16
07:33:41,128.0,58.0,131.0,40.0,127.0,32.0,134.25,16.0,129.5,3.0,90.0,56.0,2.5447141293261315,146,34.0,5.0,0.23
07:33:42,127.78,69.0,130.24,62.0,126.9,49.0,131.82,66.0,129.01,2.460000000000008,118.0,128.0,1.1748063670203734,246,-10.0,100.0,-0.04
07:33:43,126.83,18.0,128.88,40.0,102.71,17.0,129.81,26.0,127.85,2.049999999999997,35.0,66.0,1.217341365431806,101,-31.0,-145.0,-0.31
07:33:44,90.56,18.0,127.76,38.0,69.24,74.0,130.19,26.0,109.16,37.2,92.0,64.0,8.97769068302033,156,28.0,55.0,0.18
07:33:45,101.22,64.0,128.45,29.0,56.48,71.0,130.21,38.0,114.83,27.22999999999999,135.0,67.0,9.432160410000936,202,68.0,46.0,0.34
07:33:54,107.31,35.0,124.0,33.0,104.63,27.0,125.0,33.0,115.66,16.689999999999998,62.0,66.0,11.775273669855045,128,-4.0,-16.0,-0.03
07:33:55,111.3,30.0,124.0,42.0,110.21,34.0,125.0,42.0,117.65,12.700000000000003,64.0,84.0,13.056620925797876,148,-20.0,20.0,-0.14
07:33:56,113.84,19.0,124.0,21.0,112.31,13.0,125.0,21.0,118.92,10.159999999999997,32.0,42.0,11.47052091232061,74,-10.0,-74.0,-0.14
07:33:57,115.46,13.0,120.52,31.0,114.87,15.0,123.12,26.0,117.99,5.060000000000002,28.0,57.0,5.520663909348755,85,-29.0,11.0,-0.34
07:33:59,117.0,9.0,119.84,49.0,109.45,44.0,120.12,41.0,118.42,2.8400000000000034,53.0,90.0,0.6453293732557573,143,-37.0,-12.0,-0.26
07:34:00,117.86,21.0,120.0,81.0,79.33,24.0,121.0,9.0,118.93,2.1400000000000006,45.0,90.0,0.6986630088867879,135,-45.0,-8.0,-0.33
07:34:01,106.26,31.0,120.0,77.0,69.21,38.0,121.0,10.0,113.13,13.739999999999995,69.0,87.0,2.3271054982502313,156,-18.0,21.0,-0.12
07:34:02,105.0,20.0,120.0,38.0,73.0,10.0,121.0,5.0,112.5,15.0,30.0,43.0,3.021944738076158,73,-13.0,-83.0,-0.18
07:34:03,105.86,29.0,120.0,36.0,100.45,22.0,121.0,6.0,112.93,14.14,51.0,42.0,3.20185415033008,93,9.0,20.0,0.1
07:34:04,106.57,35.0,120.0,15.0,88.29,28.0,121.0,7.0,113.29,13.430000000000007,63.0,22.0,2.6851033499635912,85,41.0,-8.0,0.48
07:34:05,107.3,50.0,121.0,10.0,86.0,40.0,122.0,20.0,114.15,13.700000000000003,90.0,30.0,0.6079473661308645,120,60.0,35.0,0.5
07:34:06,109.0,30.0,123.86,21.0,74.0,20.0,125.33,12.0,116.43,14.86,50.0,33.0,1.5595191566587474,83,17.0,-37.0,0.2
07:34:07,109.0,30.0,120.43,14.0,75.0,12.0,124.18,22.0,114.71,11.430000000000007,42.0,36.0,1.3806230477526105,78,6.0,-5.0,0.08
07:34:08,110.17,30.0,119.0,12.0,83.0,12.0,124.0,24.0,114.58,8.829999999999998,42.0,36.0,1.148355345694785,78,6.0,0.0,0.08
07:34:09,112.0,44.0,119.0,20.0,107.5,44.0,124.0,40.0,115.5,7.0,88.0,60.0,0.9014599269994727,148,28.0,70.0,0.19
07:34:10,115.5,36.0,119.0,16.0,113.89,36.0,124.0,32.0,117.25,3.5,72.0,48.0,1.1412405530763572,120,24.0,-28.0,0.2
07:34:11,117.78,45.0,119.0,18.0,115.0,36.0,124.0,36.0,118.39,1.2199999999999989,81.0,54.0,1.670936862956262,135,27.0,15.0,0.2
07:34:12,116.37,81.0,121.3,23.0,105.91,44.0,124.13,47.0,118.84,4.929999999999993,125.0,70.0,1.833567560791335,195,55.0,60.0,0.28
07:34:13,120.05,88.0,124.0,32.0,118.37,76.0,125.0,30.0,122.02,3.950000000000003,164.0,62.0,2.399510366717878,226,102.0,31.0,0.45
07:34:14,123.86,57.0,180.12,32.0,95.61,66.0,307.1,21.0,151.99,56.260000000000005,123.0,53.0,14.803755266822947,176,70.0,-50.0,0.4
07:34:15,127.6,50.0,191.12,32.0,126.34,74.0,205.34,29.0,159.36,63.52000000000001,124.0,61.0,19.897963463630894,185,63.0,9.0,0.34
07:34:16,128.57,56.0,188.86,42.0,127.31,80.0,190.83,48.0,158.71,60.29000000000002,136.0,90.0,20.098572834905262,226,46.0,41.0,0.2
07:34:17,129.0,54.0,189.0,24.0,126.0,42.0,191.0,24.0,159.0,60.0,96.0,48.0,16.05522438335863,144,48.0,-82.0,0.33
07:34:18,131.33,63.0,188.0,36.0,128.91,45.0,189.0,36.0,159.67,56.66999999999999,108.0,72.0,3.238059604144878,180,36.0,36.0,0.2
07:34:19,133.0,99.0,185.88,32.0,127.0,22.0,187.63,35.0,159.44,52.879999999999995,121.0,67.0,0.38003947162790974,188,54.0,8.0,0.29
07:34:20,133.0,72.0,182.5,32.0,127.0,16.0,183.35,17.0,157.75,49.5,88.0,49.0,0.7503532501396518,137,39.0,-51.0,0.28
07:34:21,133.0,127.0,178.5,64.0,127.69,26.0,180.19,64.0,155.75,45.5,153.0,128.0,1.617797886015115,281,25.0,144.0,0.09
07:34:22,133.5,84.0,173.92,48.0,130.31,16.0,175.25,48.0,153.71,40.41999999999999,100.0,96.0,2.5339258079104594,196,4.0,-85.0,0.02
07:34:24,130.0,36.0,167.91,22.0,127.33,27.0,169.38,32.0,148.95,37.91,63.0,54.0,3.300396945822398,117,9.0,-67.0,0.08
07:34:25,127.59,34.0,164.33,18.0,126.25,32.0,166.73,30.0,145.96,36.74000000000001,66.0,48.0,3.9492822132626926,114,18.0,-3.0,0.16
07:34:26,127.45,58.0,159.8,40.0,126.2,40.0,161.0,38.0,143.62,32.35000000000001,98.0,78.0,4.36924135291155,176,20.0,62.0,0.11
07:34:27,130.0,12.0,157.0,24.0,128.0,78.0,158.33,24.0,143.5,27.0,90.0,48.0,4.017409613170127,138,42.0,-38.0,0.3
07:34:28,133.77,103.0,153.05,42.0,128.63,57.0,154.36,44.0,143.41,19.28,160.0,86.0,2.4066512003178167,246,74.0,108.0,0.3
07:34:29,134.0,111.0,151.0,14.0,130.0,14.0,152.0,28.0,142.5,17.0,125.0,42.0,1.2874470862877596,167,83.0,-79.0,0.5
07:34:30,134.0,156.0,149.06,34.0,130.6,15.0,150.57,46.0,141.53,15.060000000000002,171.0,80.0,0.8908815858410013,251,91.0,84.0,0.36
07:34:31,134.0,104.0,144.71,28.0,131.0,8.0,146.4,20.0,139.36,10.710000000000008,112.0,48.0,1.7073810353844063,160,64.0,-91.0,0.4
07:34:32,134.0,143.0,140.27,37.0,131.0,11.0,141.37,38.0,137.14,6.27000000000001,154.0,75.0,2.5349299793071265,229,79.0,69.0,0.34
07:34:33,134.0,95.0,135.43,37.0,131.0,10.0,136.36,33.0,134.72,1.4300000000000068,105.0,70.0,3.183787053178903,175,35.0,-54.0,0.2
07:34:34,134.0,13.0,141.09,33.0,131.89,9.0,375.0,12.0,137.55,7.090000000000003,22.0,45.0,2.5491665304544866,67,-23.0,-108.0,-0.34
07:34:35,130.89,9.0,201.58,24.0,128.11,36.0,250.8,15.0,166.24,70.69000000000003,45.0,39.0,13.09530144746545,84,6.0,17.0,0.07
07:34:36,130.0,13.0,196.68,38.0,128.0,91.0,197.0,40.0,163.34,66.68,104.0,78.0,15.582920778852474,182,26.0,98.0,0.14
07:34:37,130.0,5.0,179.8,15.0,128.0,35.0,186.27,11.0,154.9,49.80000000000001,40.0,26.0,14.535057619424599,66,14.0,-116.0,0.21
07:34:38,130.65,23.0,162.47,34.0,128.1,59.0,163.38,32.0,146.56,31.819999999999993,82.0,66.0,11.868252609377413,148,16.0,82.0,0.11
07:34:39,132.25,60.0,160.15,26.0,130.0,12.0,162.87,46.0,146.2,27.900000000000006,72.0,72.0,9.267864910538695,144,0.0,-4.0,0.0
07:34:44,134.0,10.0,140.32,38.0,129.12,16.0,141.27,22.0,137.16,6.319999999999993,26.0,60.0,3.5319215733067177,86,-34.0,-38.0,-0.4
07:34:45,134.0,11.0,138.9,40.0,129.12,32.0,139.69,26.0,136.45,4.900000000000006,43.0,66.0,2.9010394688781216,109,-23.0,23.0,-0.21
07:34:46,134.0,10.0,136.82,22.0,130.0,20.0,138.89,38.0,135.41,2.819999999999993,30.0,60.0,2.131565152649088,90,-30.0,-19.0,-0.33
07:34:47,134.0,9.0,136.0,36.0,130.0,18.0,137.0,18.0,135.0,2.0,27.0,54.0,1.7600085227030722,81,-27.0,-9.0,-0.33
07:34:48,132.4,15.0,135.29,42.0,128.92,39.0,180.0,27.0,133.84,2.8899999999999864,54.0,69.0,1.2889802170657787,123,-15.0,42.0,-0.12
07:34:49,130.0,35.0,133.8,30.0,127.31,157.0,146.78,36.0,131.9,3.8000000000000114,192.0,66.0,1.7373974789858615,258,126.0,135.0,0.49
07:34:50,129.75,24.0,131.2,46.0,127.07,168.0,213.92,36.0,130.47,1.4499999999999886,192.0,82.0,2.0976010106752625,274,110.0,16.0,0.4
07:34:51,129.0,8.0,130.0,28.0,127.2,90.0,328.71,21.0,129.5,1.0,98.0,49.0,2.2850426691826486,147,49.0,-127.0,0.33
07:34:52,128.25,48.0,129.72,72.0,127.71,102.0,275.76,50.0,128.99,1.4699999999999989,150.0,122.0,1.9639628306016461,272,28.0,125.0,0.1
07:34:53,128.24,63.0,252.16,25.0,127.22,82.0,534.53,19.0,190.2,123.91999999999999,145.0,44.0,26.8490050094969,189,101.0,-83.0,0.53
07:34:54,128.39,46.0,271.4,15.0,127.39,92.0,537.54,35.0,199.9,143.01,138.0,50.0,35.98695694275908,188,88.0,-1.0,0.47
07:34:55,127.22,54.0,278.0,13.0,126.43,56.0,321.08,26.0,202.61,150.78,110.0,39.0,37.70690984421825,149,71.0,-39.0,0.48
07:34:56,127.03,29.0,158.67,18.0,126.26,27.0,332.8,15.0,142.85,31.639999999999986,56.0,33.0,34.431323674816866,89,23.0,-60.0,0.26
07:34:57,128.89,9.0,186.43,28.0,127.0,56.0,322.11,28.0,157.66,57.54000000000002,65.0,56.0,26.83871513318042,121,9.0,32.0,0.07
07:34:58,130.0,16.0,289.93,43.0,127.0,96.0,504.18,51.0,209.97,159.93,112.0,94.0,30.21122754871125,206,18.0,85.0,0.09
07:34:59,130.58,12.0,244.53,43.0,127.0,72.0,305.43,37.0,187.56,113.94999999999999,84.0,80.0,28.92092754390855,164,4.0,-42.0,0.02
07:35:00,127.35,69.0,140.0,48.0,103.74,19.0,195.74,38.0,133.67,12.650000000000006,88.0,86.0,31.813191760651762,174,2.0,10.0,0.01
07:35:01,127.57,77.0,139.06,64.0,80.18,34.0,345.15,52.0,133.32,11.490000000000009,111.0,116.0,33.79619401648654,227,-5.0,53.0,-0.02
07:35:02,131.0,109.0,137.53,38.0,129.2,82.0,222.64,44.0,134.26,6.530000000000001,191.0,82.0,36.48251540121649,273,109.0,46.0,0.4
07:35:03,131.43,63.0,135.67,36.0,130.13,138.0,137.0,9.0,133.55,4.239999999999981,201.0,45.0,24.089422367503765,246,156.0,-27.0,0.63
07:35:04,132.77,52.0,134.83,24.0,129.98,118.0,439.73,41.0,133.8,2.0600000000000023,170.0,65.0,0.3497856486272735,235,105.0,-11.0,0.45
07:35:05,131.0,40.0,135.0,10.0,128.1,200.0,261.0,20.0,133.0,4.0,240.0,30.0,0.478414046601413,270,210.0,35.0,0.78
07:35:06,129.47,120.0,134.08,12.0,128.55,165.0,254.71,28.0,131.78,4.610000000000014,285.0,40.0,0.9529008342872829,325,245.0,55.0,0.75
07:35:07,129.0,176.0,133.22,23.0,126.86,73.0,159.62,16.0,131.11,4.219999999999999,249.0,39.0,1.16011637346652,288,210.0,-37.0,0.73
07:35:08,129.09,88.0,132.33,27.0,127.57,113.0,134.0,9.0,130.71,3.240000000000009,201.0,36.0,1.2954342901069356,237,165.0,-51.0,0.7
07:35:09,130.92,24.0,132.0,36.0,127.0,276.0,134.0,12.0,131.46,1.0800000000000125,300.0,48.0,0.8722786252022149,348,252.0,111.0,0.72
07:35:10,127.17,70.0,234.6,15.0,126.75,61.0,428.38,8.0,180.89,107.42999999999999,131.0,23.0,22.19655266026659,154,108.0,-170.5,0.7
07:35:11,127.0,63.0,198.58,19.0,126.0,27.0,223.45,22.0,162.79,71.58000000000001,90.0,41.0,23.21871917225388,131,49.0,-23.0,0.37
07:35:12,127.0,70.0,196.34,29.0,126.0,30.0,198.14,21.0,161.67,69.34,100.0,50.0,21.84268023846873,150,50.0,19.0,0.33
07:35:13,127.0,52.0,151.9,29.0,126.0,91.0,166.5,28.0,139.45,24.900000000000006,143.0,57.0,19.818436366171607,200,86.0,50.0,0.43
07:35:14,126.2,45.0,138.11,18.0,125.18,132.0,139.11,18.0,132.16,11.91000000000001,177.0,36.0,19.609722588552682,213,141.0,13.0,0.66
07:35:15,126.0,15.0,136.62,13.0,125.0,90.0,137.64,11.0,131.31,10.620000000000005,105.0,24.0,15.623094443803033,129,81.0,-84.0,0.63
07:35:16,126.0,10.0,134.5,20.0,125.0,180.0,135.6,25.0,130.25,8.5,190.0,45.0,13.19668973644476,235,145.0,106.0,0.62
07:35:17,127.11,9.0,134.25,16.0,125.01,127.0,135.33,18.0,130.68,7.140000000000001,136.0,34.0,3.8027818764667445,170,102.0,-65.0,0.6
07:35:18,131.0,20.0,134.31,26.0,129.2,40.0,135.5,24.0,132.65,3.3100000000000023,60.0,50.0,0.9985739832298033,110,10.0,-60.0,0.09
07:35:19,131.0,14.0,134.0,21.0,130.0,112.0,135.0,14.0,132.5,3.0,126.0,35.0,1.071340282068896,161,91.0,51.0,0.57
07:35:20,130.09,117.0,131.71,35.0,129.68,87.0,178.46,35.0,130.9,1.6200000000000045,204.0,70.0,1.1026468156138798,274,134.0,113.0,0.49
07:35:21,130.0,182.0,150.35,23.0,126.0,11.0,428.53,19.0,140.17,20.349999999999994,193.0,42.0,3.9003781867896006,235,151.0,-39.0,0.64
07:35:22,130.0,96.0,222.4,15.0,126.0,6.0,261.94,17.0,176.2,92.4,102.0,32.0,19.187887585661628,134,70.0,-101.0,0.52
07:35:23,130.19,52.0,328.47,15.0,129.86,83.0,510.64,11.0,229.33,198.28000000000003,135.0,26.0,41.97861300710155,161,109.0,27.0,0.68
07:35:24,130.0,104.0,159.25,32.0,126.0,8.0,419.0,8.0,144.62,29.25,112.0,40.0,40.17341944619597,152,72.0,-9.0,0.47
07:35:25,130.0,73.0,149.0,28.0,126.0,7.0,367.0,7.0,139.5,19.0,80.0,35.0,38.53980319098682,115,45.0,-37.0,0.39
07:35:26,130.0,90.0,182.33,36.0,126.28,50.0,445.0,12.0,156.17,52.33000000000001,140.0,48.0,36.47141935817687,188,92.0,73.0,0.49
07:35:27,130.9,40.0,263.43,28.0,129.71,56.0,485.0,7.0,197.16,132.53,96.0,35.0,38.62338708606484,131,61.0,-57.0,0.47
07:35:28,133.06,68.0,214.67,48.0,131.33,84.0,217.0,48.0,173.86,81.60999999999999,152.0,96.0,23.552310290075486,248,56.0,117.0,0.23
07:35:39,133.03,60.0,166.33,18.0,131.33,48.0,167.56,18.0,149.68,33.30000000000001,108.0,36.0,3.8102663948848026,144,72.0,-34.0,0.5
07:35:40,133.0,66.0,162.67,36.0,131.0,55.0,164.36,22.0,147.83,29.669999999999987,121.0,58.0,3.7521287291332213,179,63.0,35.0,0.35
07:35:41,133.0,42.0,160.2,20.0,131.0,45.0,161.18,34.0,146.6,27.19999999999999,87.0,54.0,3.3241134156321435,141,33.0,-38.0,0.23
07:35:42,133.0,32.0,158.88,32.0,131.0,80.0,161.0,64.0,145.94,25.879999999999995,112.0,96.0,2.6686176196646216,208,16.0,67.0,0.08
07:35:43,133.0,24.0,155.62,26.0,130.64,55.0,156.62,32.0,144.31,22.620000000000005,79.0,58.0,2.019225098889021,137,21.0,-71.0,0.15
07:35:44,133.0,24.0,153.38,32.0,130.26,27.0,154.5,24.0,143.19,20.379999999999995,51.0,56.0,1.8410133079319408,107,-5.0,-30.0,-0.05
07:35:45,133.0,26.0,151.17,30.0,131.0,13.0,152.17,36.0,142.08,18.169999999999987,39.0,66.0,1.8750546658648855,105,-27.0,-2.0,-0.26
07:35:46,131.69,32.0,147.52,50.0,128.57,23.0,149.17,48.0,139.6,15.830000000000013,55.0,98.0,2.38743167441096,153,-43.0,48.0,-0.28
07:35:47,130.67,72.0,142.57,30.0,128.5,24.0,144.8,30.0,136.62,11.900000000000006,96.0,60.0,3.0795697751438245,156,36.0,3.0,0.23
07:35:48,130.0,143.0,138.61,38.0,127.0,26.0,140.0,27.0,134.3,8.610000000000014,169.0,65.0,3.709180502480013,234,104.0,78.0,0.44
07:35:49,130.0,121.0,137.22,36.0,127.0,22.0,138.0,31.0,133.61,7.219999999999999,143.0,67.0,3.577711559080253,210,76.0,-24.0,0.36
07:35:50,130.0,154.0,133.65,52.0,127.0,28.0,135.09,43.0,131.83,3.6500000000000057,182.0,95.0,3.002960206192362,277,87.0,67.0,0.31
07:35:51,130.0,119.0,131.8,41.0,127.0,22.0,133.08,36.0,130.9,1.8000000000000114,141.0,77.0,2.231808683550988,218,64.0,-59.0,0.29
07:35:52,130.0,51.0,131.0,32.0,127.0,16.0,221.6,10.0,130.5,1.0,67.0,42.0,1.6666643333235045,109,25.0,-109.0,0.23
07:35:53,128.83,46.0,130.5,56.0,126.53,19.0,260.0,14.0,129.66,1.6699999999999875,65.0,70.0,1.5088571834245805,135,-5.0,26.0,-0.04
07:35:54,127.0,20.0,129.0,26.0,126.0,10.0,260.0,10.0,128.0,2.0,30.0,36.0,1.446208836915025,66,-6.0,-69.0,-0.09
07:35:55,127.67,18.0,250.2,20.0,126.22,9.0,333.0,18.0,188.93,122.52999999999999,27.0,38.0,26.482789128035197,65,-11.0,-1.0,-0.17
07:35:56,130.15,52.0,203.86,42.0,127.16,37.0,341.36,56.0,167.01,73.71000000000001,89.0,98.0,27.73034709483428,187,-9.0,122.0,-0.05
07:35:57,128.12,132.0,260.9,31.0,125.42,31.0,349.27,52.0,194.51,132.77999999999997,163.0,83.0,31.65590892708646,246,80.0,59.0,0.33
07:35:58,130.43,56.0,257.94,31.0,126.0,10.0,260.86,21.0,194.18,127.50999999999999,66.0,52.0,28.34728434965157,118,14.0,-128.0,0.12
07:35:59,131.29,28.0,170.59,29.0,129.0,16.0,243.5,24.0,150.94,39.30000000000001,44.0,53.0,19.36915150438976,97,-9.0,-21.0,-0.09
07:36:00,131.49,39.0,135.39,38.0,129.68,37.0,149.41,56.0,133.44,3.8999999999999773,76.0,94.0,26.807594632864703,170,-18.0,73.0,-0.11
07:36:01,131.79,28.0,133.5,24.0,130.13,30.0,236.89,27.0,132.64,1.710000000000008,58.0,51.0,31.180035599722977,109,7.0,-61.0,0.06
07:36:02,131.79,47.0,400.16,37.0,130.24,29.0,637.44,27.0,265.97,268.37,76.0,64.0,56.44235625839874,140,12.0,31.0,0.09
07:36:04,130.0,56.0,143.91,33.0,126.0,12.0,281.18,45.0,136.95,13.909999999999997,68.0,78.0,79.76959113597121,146,-10.0,-55.0,-0.07
07:36:05,130.0,12.0,142.0,8.0,126.0,15.0,180.0,8.0,136.0,12.0,27.0,16.0,79.30503231195368,43,11.0,-103.0,0.26
07:36:06,130.0,27.0,141.14,28.0,126.0,53.0,169.17,24.0,135.57,11.139999999999986,80.0,52.0,78.7591428343403,132,28.0,89.0,0.21
07:36:07,126.89,64.0,141.0,18.0,122.87,46.0,180.0,18.0,133.95,14.11,110.0,36.0,69.94031684229058,146,74.0,14.0,0.51
07:36:13,130.13,61.0,134.5,8.0,129.1,40.0,180.33,12.0,132.32,4.3700000000000045,101.0,20.0,2.1679206627487795,121,81.0,-26.0,0.67
07:36:14,130.0,74.0,132.83,12.0,127.0,20.0,134.0,10.0,131.42,2.8300000000000125,94.0,22.0,2.616509124763825,116,72.0,-5.0,0.62
07:36:15,130.0,27.0,131.83,12.0,127.0,16.0,176.0,16.0,130.92,1.8300000000000125,43.0,28.0,2.4137564085821737,71,15.0,-45.0,0.21
07:36:16,130.0,9.0,131.0,4.0,127.0,8.0,269.5,8.0,130.5,1.0,17.0,12.0,1.833826600300784,29,5.0,-42.0,0.17
07:36:17,130.0,7.0,293.69,26.0,127.0,12.0,716.07,15.0,211.85,163.69,19.0,41.0,36.03390653259761,60,-22.0,31.0,-0.37
07:36:18,130.53,34.0,395.56,32.0,128.96,23.0,672.82,17.0,263.05,265.03,57.0,49.0,61.0792441832739,106,8.0,46.0,0.08
07:36:19,132.38,48.0,428.62,16.0,130.0,40.0,567.24,37.0,280.5,296.24,88.0,53.0,70.9607090579006,141,35.0,35.0,0.25
07:36:20,133.0,44.0,159.41,17.0,130.0,45.0,249.0,18.0,146.21,26.409999999999997,89.0,35.0,67.29297637941139,124,54.0,-17.0,0.44
07:36:21,131.04,26.0,141.38,8.0,129.42,31.0,212.5,16.0,136.21,10.340000000000003,57.0,24.0,65.71231376233847,81,33.0,-43.0,0.41
07:36:22,131.16,31.0,140.78,9.0,130.76,67.0,282.0,18.0,135.97,9.620000000000005,98.0,27.0,72.84951763738734,125,71.0,44.0,0.57
07:36:23,131.38,45.0,140.0,12.0,130.92,61.0,282.0,24.0,135.69,8.620000000000005,106.0,36.0,63.6506871918913,142,70.0,17.0,0.49
07:36:24,131.0,24.0,139.38,8.0,130.0,8.0,273.68,19.0,135.19,8.379999999999995,32.0,27.0,4.686542435525114,59,5.0,-83.0,0.08
07:36:25,131.0,24.0,139.0,6.0,130.0,6.0,202.67,15.0,135.0,8.0,30.0,21.0,0.5109990215022742,51,9.0,-8.0,0.18
07:36:26,131.0,56.0,138.31,13.0,130.0,13.0,238.76,29.0,134.65,7.310000000000002,69.0,42.0,0.5304714883724553,111,27.0,60.0,0.24
07:36:27,131.0,48.0,136.25,16.0,130.0,16.0,372.12,32.0,133.62,5.25,64.0,48.0,0.7737247572462739,112,16.0,1.0,0.14
07:36:28,131.0,16.0,134.75,12.0,130.0,22.0,414.08,24.0,132.88,3.75,38.0,36.0,0.984667456543306,74,2.0,-38.0,0.03
07:36:29,127.18,44.0,133.0,9.0,127.85,13.0,564.0,18.0,130.09,5.819999999999993,57.0,27.0,1.9546022613244871,84,30.0,10.0,0.36
07:36:30,127.0,84.0,132.06,34.0,126.0,14.0,165.81,16.0,129.53,5.060000000000002,98.0,50.0,2.2389573466178554,148,48.0,64.0,0.32
07:36:31,127.0,77.0,129.18,22.0,126.0,13.0,131.24,21.0,128.09,2.180000000000007,90.0,43.0,2.3308303241491504,133,47.0,-15.0,0.35
07:36:32,128.7,60.0,238.42,19.0,126.91,23.0,267.18,22.0,183.56,109.72,83.0,41.0,23.949950939406524,124,42.0,-9.0,0.34
07:36:33,131.74,39.0,300.7,20.0,131.25,63.0,340.73,22.0,216.22,168.95999999999998,102.0,42.0,40.39102338391526,144,60.0,20.0,0.42
07:36:34,132.0,84.0,299.83,24.0,131.0,72.0,516.19,31.0,215.92,167.82999999999998,156.0,55.0,43.91558072028649,211,101.0,67.0,0.48
07:36:35,132.0,63.0,299.0,18.0,131.0,54.0,477.67,36.0,215.5,167.0,117.0,54.0,38.29701581063476,171,63.0,-40.0,0.37
07:36:36,132.71,49.0,270.38,16.0,131.0,42.0,366.64,22.0,201.54,137.67,91.0,38.0,14.27452696239064,129,53.0,-42.0,0.41
07:36:37,133.26,43.0,270.8,20.0,130.95,38.0,363.26,23.0,202.03,137.54000000000002,81.0,43.0,7.7263264233411375,124,38.0,-5.0,0.31
07:36:38,131.0,30.0,297.3,20.0,130.0,10.0,511.0,30.0,214.15,166.3,40.0,50.0,7.373321503909838,90,-10.0,-34.0,-0.11
07:36:39,131.0,18.0,245.14,14.0,130.0,6.0,260.29,14.0,188.07,114.13999999999999,24.0,28.0,11.165091580458112,52,-4.0,-38.0,-0.08
07:36:40,131.0,30.0,242.3,20.0,130.0,10.0,243.8,20.0,186.65,111.30000000000001,40.0,40.0,11.355964071800061,80,0.0,28.0,0.0
07:36:41,131.0,170.0,209.27,22.0,130.0,9.0,240.11,18.0,170.14,78.27000000000001,179.0,40.0,16.680333330003055,219,139.0,139.0,0.63
07:36:42,131.0,192.0,238.25,16.0,130.0,8.0,344.2,20.0,184.62,107.25,200.0,36.0,15.917117515430016,236,164.0,17.0,0.69
07:36:43,131.0,33.0,234.78,18.0,130.0,9.0,236.11,18.0,182.89,103.78,42.0,36.0,7.17042746285086,78,6.0,-158.0,0.08
07:36:44,131.0,29.0,224.56,27.0,128.09,33.0,226.07,28.0,177.78,93.56,62.0,55.0,6.618189329416676,117,7.0,39.0,0.06
07:36:45,131.0,9.0,216.11,18.0,130.0,27.0,217.67,18.0,173.56,85.11000000000001,36.0,36.0,6.104794836847782,72,0.0,-45.0,0.0
07:36:46,125.42,19.0,212.93,30.0,107.02,58.0,214.4,30.0,169.18,87.51,77.0,60.0,6.413164585444781,137,17.0,65.0,0.12
07:36:47,132.26,19.0,193.0,28.0,128.93,28.0,200.0,28.0,162.63,60.74000000000001,47.0,56.0,7.792417468282907,103,-9.0,-34.0,-0.09
07:36:48,127.34,73.0,162.15,26.0,126.4,70.0,163.5,28.0,144.75,34.81,143.0,54.0,12.923542471009881,197,89.0,94.0,0.45
07:36:49,129.85,52.0,158.62,26.0,127.44,81.0,160.92,26.0,144.23,28.77000000000001,133.0,52.0,13.69245960373782,185,81.0,-12.0,0.44
07:36:50,131.27,60.0,154.2,30.0,129.0,45.0,155.2,30.0,142.73,22.92999999999998,105.0,60.0,12.293692691782573,165,45.0,-20.0,0.27
07:36:51,132.29,68.0,151.0,28.0,129.4,40.0,153.0,28.0,141.65,18.710000000000008,108.0,56.0,8.713375924404085,164,52.0,-1.0,0.32
07:36:52,133.82,110.0,147.0,19.0,132.55,44.0,148.0,22.0,140.41,13.180000000000007,154.0,41.0,1.7941794781966607,195,113.0,31.0,0.58
07:36:55,133.5,20.0,137.56,18.0,130.89,38.0,138.56,18.0,135.53,4.060000000000002,58.0,36.0,2.408761092341818,94,22.0,-155.0,0.23
07:36:56,133.0,13.0,136.54,26.0,131.0,65.0,137.69,26.0,134.77,3.539999999999992,78.0,52.0,2.3274127266084395,130,26.0,36.0,0.2
07:36:57,131.09,47.0,134.17,12.0,129.07,28.0,136.82,22.0,132.63,3.079999999999984,75.0,34.0,2.4192002810801005,109,41.0,-21.0,0.38
07:36:58,131.0,32.0,132.09,22.0,127.67,27.0,211.08,24.0,131.55,1.0900000000000034,59.0,46.0,2.346917126780814,105,13.0,-4.0,0.12
07:36:59,130.33,9.0,277.45,22.0,127.28,25.0,468.53,34.0,203.89,147.11999999999998,34.0,56.0,31.466386510052036,90,-22.0,-15.0,-0.24
07:37:00,128.0,10.0,257.88,34.0,127.0,90.0,373.11,35.0,192.94,129.88,100.0,69.0,36.06551788065703,169,31.0,79.0,0.18
07:37:01,128.64,33.0,264.73,49.0,127.03,111.0,492.45,47.0,196.69,136.09000000000003,144.0,96.0,36.229108462671284,240,48.0,71.0,0.2
07:37:02,129.82,117.0,201.0,95.0,127.49,35.0,306.53,30.0,165.41,71.18,152.0,125.0,29.82815917886996,277,27.0,37.0,0.1
07:37:03,131.19,52.0,214.8,46.0,127.43,94.0,302.06,32.0,173.0,83.61000000000001,146.0,78.0,16.391269932497906,224,68.0,-53.0,0.3
07:37:04,132.0,16.0,199.38,24.0,128.0,32.0,210.83,23.0,165.69,67.38,48.0,47.0,15.039791554406767,95,1.0,-129.0,0.01
07:37:05,133.44,25.0,199.0,30.0,129.67,30.0,200.0,30.0,166.22,65.56,55.0,60.0,13.392354908678383,115,-5.0,20.0,-0.04
07:37:06,128.67,39.0,151.24,58.0,127.24,83.0,207.0,34.0,139.95,22.57000000000002,122.0,92.0,12.749907058484593,214,30.0,99.0,0.14
07:37:07,128.05,21.0,198.33,18.0,127.08,49.0,543.12,26.0,163.19,70.28,70.0,44.0,12.642019221627333,114,26.0,-100.0,0.23
07:37:08,131.0,90.0,347.77,44.0,129.12,64.0,440.78,41.0,239.39,216.76999999999998,154.0,85.0,37.67543125167916,239,69.0,125.0,0.29
07:37:09,131.0,66.0,250.0,30.0,130.0,72.0,408.67,30.0,190.5,119.0,138.0,60.0,37.794763526181846,198,78.0,-41.0,0.39
07:37:10,131.8,45.0,338.46,26.0,130.41,81.0,449.81,32.0,235.13,206.65999999999997,126.0,58.0,43.68684149718327,184,68.0,-14.0,0.37
07:37:11,131.0,63.0,393.23,26.0,130.0,84.0,425.35,23.0,262.12,262.23,147.0,49.0,40.180554127588,196,98.0,12.0,0.5
07:37:12,131.0,45.0,392.14,22.0,130.0,60.0,610.46,13.0,261.57,261.14,105.0,35.0,29.169356694998296,140,70.0,-56.0,0.5
07:37:13,131.0,54.0,384.5,30.0,130.0,75.0,386.0,12.0,257.75,253.5,129.0,42.0,30.551561825871428,171,87.0,31.0,0.51
07:37:14,131.0,63.0,370.75,20.0,130.0,91.0,382.41,29.0,250.88,239.75,154.0,49.0,11.20058703818921,203,105.0,32.0,0.52
07:37:15,131.31,26.0,348.96,24.0,130.58,62.0,358.0,21.0,240.13,217.64999999999998,88.0,45.0,9.19527867984722,133,43.0,-70.0,0.32
07:37:16,132.93,28.0,336.88,40.0,131.18,44.0,339.0,40.0,234.9,203.95,72.0,80.0,11.353172684322603,152,-8.0,19.0,-0.05
07:37:17,131.23,52.0,273.51,39.0,130.26,105.0,294.78,45.0,202.37,142.28,157.0,84.0,21.426902015924746,241,73.0,89.0,0.3
07:37:18,131.0,50.0,167.1,31.0,130.0,104.0,181.71,24.0,149.05,36.099999999999994,154.0,55.0,41.299924091940206,209,99.0,-32.0,0.47
07:37:19,131.0,72.0,156.02,57.0,130.0,156.0,157.35,48.0,143.51,25.02000000000001,228.0,105.0,45.93633115519791,333,123.0,124.0,0.37
07:37:20,131.0,62.0,147.84,49.0,130.0,143.0,148.91,55.0,139.42,16.840000000000003,205.0,104.0,42.60713965992073,309,101.0,-24.0,0.33
07:37:21,131.38,48.0,144.36,73.0,130.17,141.0,145.33,67.0,137.87,12.980000000000018,189.0,140.0,27.13838204462406,329,49.0,20.0,0.15
07:37:22,131.0,48.0,142.53,43.0,130.0,156.0,143.9,50.0,136.77,11.530000000000001,204.0,93.0,5.019061665287888,297,111.0,-32.0,0.37
07:37:23,131.0,54.0,139.33,48.0,130.0,195.0,140.39,33.0,135.17,8.330000000000013,249.0,81.0,3.178587736709512,330,168.0,33.0,0.51
07:37:24,131.0,30.0,136.84,67.0,130.0,195.0,137.64,47.0,133.92,5.840000000000003,225.0,114.0,2.1689283067816034,339,111.0,9.0,0.33
07:37:25,130.27,74.0,133.17,29.0,129.84,149.0,134.03,62.0,131.72,2.8999999999999773,223.0,91.0,2.412623053847664,314,132.0,-25.0,0.42
07:37:26,130.0,190.0,131.67,24.0,127.92,61.0,158.65,55.0,130.83,1.6699999999999875,251.0,79.0,2.4387435289419086,330,172.0,16.0,0.52
07:37:27,130.2,60.0,253.5,20.0,128.5,60.0,397.0,20.0,191.85,123.30000000000001,120.0,40.0,26.41500085178808,160,80.0,-170.0,0.5
07:37:28,131.0,21.0,210.29,14.0,130.0,57.0,298.4,20.0,170.64,79.28999999999999,78.0,34.0,27.935593245892786,112,44.0,-48.0,0.39
07:37:29,131.1,40.0,213.71,28.0,130.04,138.0,284.65,34.0,172.41,82.61000000000001,178.0,62.0,27.069295336228773,240,116.0,128.0,0.48
07:37:30,132.0,20.0,177.31,26.0,131.0,30.0,248.0,20.0,154.65,45.31,50.0,46.0,22.79299629272072,96,4.0,-144.0,0.04
07:37:31,133.57,28.0,148.0,22.0,131.4,30.0,157.26,31.0,140.79,14.430000000000007,58.0,53.0,19.333802523041932,111,5.0,15.0,0.05
07:37:36,131.5,16.0,141.55,22.0,130.07,112.0,142.73,22.0,136.52,10.050000000000011,128.0,44.0,1.9941965800690042,172,84.0,92.0,0.49
07:37:37,130.05,81.0,139.65,17.0,129.22,72.0,141.09,22.0,134.85,9.599999999999994,153.0,39.0,2.7048937132460216,192,114.0,20.0,0.59
07:37:38,130.0,57.0,136.73,11.0,128.0,48.0,137.4,10.0,133.36,6.72999999999999,105.0,21.0,2.998321196929471,126,84.0,-66.0,0.67
07:37:39,130.0,66.0,135.18,17.0,128.0,88.0,136.38,16.0,132.59,5.180000000000007,154.0,33.0,2.683082182855245,187,121.0,61.0,0.65
07:37:40,130.0,72.0,133.22,18.0,128.0,76.0,134.5,16.0,131.61,3.219999999999999,148.0,34.0,1.9335020041246265,182,114.0,-5.0,0.63
07:37:41,130.0,47.0,131.59,17.0,128.0,36.0,132.69,13.0,130.79,1.5900000000000034,83.0,30.0,1.5722913215918182,113,53.0,-69.0,0.47
07:37:42,128.25,32.0,130.95,21.0,127.36,44.0,222.57,14.0,129.6,2.6999999999999886,76.0,35.0,1.4776163236618682,111,41.0,-2.0,0.37
07:37:43,128.77,13.0,131.38,16.0,127.71,28.0,352.42,19.0,130.07,2.609999999999985,41.0,35.0,1.1985491228779015,76,6.0,-35.0,0.08
07:37:44,128.0,32.0,131.5,10.0,127.0,32.0,391.16,31.0,129.75,3.5,64.0,41.0,0.8338345159267807,105,23.0,29.0,0.22
07:37:45,128.33,36.0,137.21,19.0,127.16,38.0,195.68,37.0,132.77,8.879999999999995,74.0,56.0,1.2988764375224695,130,18.0,25.0,0.14
07:37:46,127.0,35.0,171.57,21.0,126.0,5.0,323.47,19.0,149.29,44.56999999999999,40.0,40.0,8.481248728810765,80,0.0,-50.0,0.0
07:37:50,133.08,100.0,341.54,26.0,129.7,89.0,682.42,19.0,237.31,208.46,189.0,45.0,52.99769400643778,234,144.0,72.0,0.62
07:37:53,133.0,96.0,345.67,54.0,127.0,84.0,415.19,42.0,239.33,212.67000000000002,180.0,96.0,60.954398118594206,276,84.0,87.0,0.3
07:37:54,133.0,52.0,284.58,31.0,127.0,49.0,302.6,25.0,208.79,151.57999999999998,101.0,56.0,72.21240911367013,157,45.0,-119.0,0.29
07:37:55,133.0,27.0,300.12,40.0,127.0,56.0,303.0,24.0,216.56,167.12,83.0,64.0,75.75170314917061,147,19.0,-10.0,0.13
07:37:56,133.0,15.0,260.37,19.0,127.0,35.0,299.43,21.0,196.68,127.37,50.0,40.0,73.29578275726404,90,10.0,-57.0,0.11
07:37:57,133.5,30.0,217.08,38.0,128.23,44.0,394.58,26.0,175.29,83.58000000000001,74.0,64.0,23.72397837631823,138,10.0,48.0,0.07
07:37:58,133.0,18.0,217.0,30.0,128.57,14.0,540.0,18.0,175.0,84.0,32.0,48.0,19.00570782686098,80,-16.0,-58.0,-0.2
07:37:59,131.98,48.0,216.56,54.0,129.93,30.0,338.12,48.0,174.27,84.58000000000001,78.0,102.0,18.76902368265327,180,-24.0,100.0,-0.13
07:38:00,132.0,9.0,213.7,40.0,131.0,27.0,215.83,41.0,172.85,81.69999999999999,36.0,81.0,10.029659515656169,117,-45.0,-63.0,-0.38
07:38:01,131.29,7.0,212.57,35.0,130.09,22.0,214.0,28.0,171.93,81.28,29.0,63.0,1.4367741645743155,92,-34.0,-25.0,-0.37
07:38:02,128.6,5.0,211.0,25.0,126.14,14.0,214.0,20.0,169.8,82.4,19.0,45.0,2.046692453688954,64,-26.0,-28.0,-0.41
07:38:03,132.08,48.0,210.2,50.0,127.67,24.0,211.41,58.0,171.14,78.11999999999998,72.0,108.0,1.6926222260110697,180,-36.0,116.0,-0.2
07:38:04,132.5,36.0,208.98,48.0,126.88,34.0,210.1,51.0,170.74,76.47999999999999,70.0,99.0,1.1606334477284481,169,-29.0,-11.0,-0.17
07:38:05,127.0,24.0,205.92,37.0,126.0,32.0,207.43,35.0,166.46,78.91999999999999,56.0,72.0,2.129713595764665,128,-16.0,-41.0,-0.12
07:38:06,126.83,18.0,203.33,30.0,125.95,21.0,207.0,24.0,165.08,76.50000000000001,39.0,54.0,2.7125412439230443,93,-15.0,-35.0,-0.16
07:38:07,126.0,18.0,202.67,30.0,125.0,6.0,207.0,24.0,164.33,76.66999999999999,24.0,54.0,3.1906739100043655,78,-30.0,-15.0,-0.38
07:38:08,126.62,16.0,201.15,34.0,125.88,17.0,204.48,29.0,163.89,74.53,33.0,63.0,2.7711279291980144,96,-30.0,18.0,-0.31
07:38:09,127.0,24.0,195.92,36.0,126.0,36.0,198.38,42.0,161.46,68.91999999999999,60.0,78.0,1.836635510921948,138,-18.0,42.0,-0.13
07:38:10,132.88,25.0,185.67,45.0,127.6,20.0,194.57,21.0,159.27,52.78999999999999,45.0,66.0,2.3970669577586246,111,-21.0,-27.0,-0.19
07:38:11,131.71,63.0,192.91,55.0,130.77,52.0,196.0,11.0,162.31,61.19999999999999,115.0,66.0,2.0324910823857696,181,49.0,70.0,0.27
07:38:12,131.0,88.0,190.95,39.0,130.0,22.0,191.88,34.0,160.97,59.94999999999999,110.0,73.0,1.702321943692516,183,37.0,2.0,0.2
07:38:13,131.0,88.0,144.95,20.0,130.0,24.0,186.55,42.0,137.97,13.949999999999989,112.0,62.0,10.35999903474766,174,50.0,-9.0,0.29
07:38:14,131.0,75.0,141.67,15.0,130.0,31.0,187.61,31.0,136.33,10.669999999999987,106.0,46.0,13.038550532937613,152,60.0,-22.0,0.39
07:38:15,131.0,40.0,137.23,13.0,130.0,39.0,138.42,12.0,134.12,6.22999999999999,79.0,25.0,14.04157398584514,104,54.0,-48.0,0.52
07:38:16,130.1,39.0,132.69,29.0,128.09,45.0,248.59,29.0,131.4,2.5900000000000034,84.0,58.0,11.892647728742212,142,26.0,38.0,0.18
07:38:17,127.0,14.0,133.0,7.0,125.17,24.0,387.32,31.0,130.0,6.0,38.0,38.0,3.3150309199088652,76,0.0,-66.0,0.0
07:38:18,128.98,82.0,132.11,37.0,127.58,85.0,179.4,15.0,130.54,3.130000000000024,167.0,52.0,2.6735968282354343,219,115.0,143.0,0.53
07:38:19,132.35,151.0,233.78,45.0,130.04,81.0,293.59,17.0,183.06,101.43,232.0,62.0,23.10603124727304,294,170.0,75.0,0.58
07:38:20,133.0,125.0,243.0,50.0,130.27,55.0,383.2,10.0,188.0,110.0,180.0,60.0,30.115673660072204,240,120.0,-54.0,0.5
07:38:21,133.0,176.0,243.0,55.0,127.0,106.0,412.0,11.0,188.0,110.0,282.0,66.0,30.784830680060203,348,216.0,108.0,0.62
07:38:22,133.73,110.0,242.45,66.0,132.33,138.0,262.88,51.0,188.09,108.72,248.0,117.0,25.24656451876147,365,131.0,17.0,0.36
07:38:24,134.0,21.0,238.53,19.0,133.0,35.0,277.5,16.0,186.26,104.53,56.0,35.0,1.2153518009180873,91,21.0,-53.0,0.23
07:38:25,134.0,30.0,240.2,40.0,133.0,50.0,372.75,20.0,187.1,106.19999999999999,80.0,60.0,1.1241797009351682,140,20.0,49.0,0.14
07:38:26,134.0,24.0,238.77,26.0,133.0,40.0,298.04,23.0,186.38,104.77000000000001,64.0,49.0,0.983524275244094,113,15.0,-27.0,0.13
07:38:27,134.0,36.0,235.54,26.0,133.0,60.0,236.83,46.0,184.77,101.53999999999999,96.0,72.0,0.895164789295166,168,24.0,55.0,0.14
07:38:28,134.0,21.0,229.25,32.0,133.0,35.0,231.55,22.0,181.62,95.25,56.0,54.0,2.186545220203149,110,2.0,-58.0,0.02
07:38:29,134.0,30.0,230.29,35.0,133.0,50.0,231.92,25.0,182.14,96.28999999999999,80.0,60.0,2.45882492259872,140,20.0,30.0,0.14
07:38:30,133.43,35.0,228.94,34.0,132.0,50.0,229.5,16.0,181.18,95.50999999999999,85.0,50.0,2.2514484226807507,135,35.0,-5.0,0.26
07:38:31,132.12,57.0,180.32,37.0,129.46,65.0,204.62,47.0,156.22,48.19999999999999,122.0,84.0,11.803015716332288,206,38.0,71.0,0.18
07:38:32,131.12,50.0,168.53,60.0,129.42,52.0,170.97,78.0,149.83,37.41,102.0,138.0,15.842330005399507,240,-36.0,34.0,-0.15
07:38:33,130.21,28.0,164.26,35.0,127.2,59.0,165.86,21.0,147.24,34.04999999999998,87.0,56.0,17.05966353712688,143,31.0,-97.0,0.22
07:38:34,130.0,18.0,162.0,27.0,127.0,45.0,162.77,13.0,146.0,32.0,63.0,40.0,14.567456195230916,103,23.0,-40.0,0.22
07:38:35,130.0,26.0,157.55,22.0,127.0,69.0,158.13,46.0,143.77,27.55000000000001,95.0,68.0,4.783175723300015,163,27.0,60.0,0.17
07:38:36,127.45,40.0,156.17,12.0,126.27,67.0,157.5,28.0,141.81,28.719999999999985,107.0,40.0,3.097216492266034,147,67.0,-16.0,0.46
07:38:37,127.0,28.0,152.09,35.0,126.0,98.0,152.79,28.0,139.54,25.090000000000003,126.0,63.0,3.110477455305432,189,63.0,42.0,0.33
07:38:38,127.0,15.0,148.41,17.0,126.0,70.0,149.4,25.0,137.71,21.409999999999997,85.0,42.0,3.2920707768761805,127,43.0,-62.0,0.34
07:38:39,127.56,25.0,143.8,41.0,126.08,84.0,145.41,39.0,135.68,16.24000000000001,109.0,80.0,3.207923004057438,189,29.0,62.0,0.15
07:38:40,131.94,105.0,137.78,46.0,129.48,23.0,139.85,40.0,134.86,5.840000000000003,128.0,86.0,2.836450246339578,214,42.0,25.0,0.2
07:38:42,132.76,17.0,135.82,22.0,130.93,27.0,243.38,13.0,134.29,3.0600000000000023,44.0,35.0,1.29593595519172,79,9.0,-84.0,0.11
07:38:43,131.0,52.0,137.21,34.0,130.0,17.0,170.54,37.0,134.1,6.210000000000008,69.0,71.0,0.7412961621094981,140,-2.0,61.0,-0.01
07:38:44,131.0,32.0,134.25,16.0,130.0,8.0,135.67,12.0,132.62,3.25,40.0,28.0,1.12088358001977,68,12.0,-72.0,0.18
07:38:45,131.0,26.0,133.33,21.0,130.0,11.0,135.71,17.0,132.17,2.3300000000000125,37.0,38.0,1.3994534647345904,75,-1.0,7.0,-0.01
07:38:46,130.67,18.0,132.48,27.0,128.5,24.0,302.02,43.0,131.57,1.8100000000000023,42.0,70.0,1.1978939852746628,112,-28.0,37.0,-0.25
07:38:47,127.67,18.0,131.0,18.0,126.24,33.0,399.12,32.0,129.33,3.3299999999999983,51.0,50.0,1.741284008987808,101,1.0,-11.0,0.01
07:38:48,127.04,28.0,130.1,20.0,126.06,48.0,287.2,40.0,128.57,3.059999999999988,76.0,60.0,1.7960011135731673,136,16.0,35.0,0.12
07:38:49,128.0,14.0,129.36,28.0,127.0,30.0,284.0,56.0,128.68,1.3600000000000136,44.0,84.0,1.6874181461497906,128,-40.0,-8.0,-0.31
07:38:50,127.0,28.0,222.83,35.0,121.79,76.0,315.61,46.0,174.91,95.83000000000001,104.0,81.0,20.327176882192976,185,23.0,57.0,0.12
07:38:51,128.68,34.0,274.9,30.0,119.19,37.0,336.9,30.0,201.79,146.21999999999997,71.0,60.0,33.94288113875969,131,11.0,-54.0,0.08
07:38:52,131.0,30.0,241.8,30.0,126.0,28.0,296.4,30.0,186.4,110.80000000000001,58.0,60.0,33.73290307696589,118,-2.0,-13.0,-0.02
07:38:53,131.0,42.0,213.0,55.0,126.0,42.0,244.3,44.0,172.0,82.0,84.0,99.0,27.2811148965723,183,-15.0,65.0,-0.08
07:38:54,131.0,19.0,209.5,40.0,126.0,25.0,242.73,37.0,170.25,78.5,44.0,77.0,13.181523053121873,121,-33.0,-62.0,-0.27
07:38:55,112.11,19.0,241.0,24.0,102.0,23.0,245.0,32.0,176.55,128.89,42.0,56.0,13.009199437320635,98,-14.0,-23.0,-0.14
07:38:56,109.0,44.0,151.35,34.0,99.0,36.0,256.11,36.0,130.18,42.349999999999994,80.0,70.0,21.556950851175042,150,10.0,52.0,0.07
07:38:57,110.6,20.0,216.67,18.0,79.8,30.0,229.71,17.0,163.63,106.07,50.0,35.0,18.665287835979758,85,15.0,-65.0,0.18
07:38:58,122.0,9.0,216.0,18.0,97.0,26.0,217.0,24.0,169.0,94.0,35.0,42.0,18.329647296114935,77,-7.0,-8.0,-0.09
07:38:59,130.0,7.0,215.29,21.0,116.4,20.0,217.0,28.0,172.64,85.28999999999999,27.0,49.0,18.629824207436144,76,-22.0,-1.0,-0.29
07:39:00,131.25,36.0,213.7,30.0,126.77,31.0,230.8,40.0,172.47,82.44999999999999,67.0,70.0,17.931358844214042,137,-3.0,61.0,-0.02
07:39:01,130.07,43.0,212.44,27.0,126.54,37.0,241.67,36.0,171.26,82.37,80.0,63.0,3.7428264720632436,143,17.0,6.0,0.12
07:39:02,132.58,19.0,211.44,27.0,130.0,45.0,238.88,33.0,172.01,78.85999999999999,64.0,60.0,1.4836879725798973,124,4.0,-19.0,0.03
07:39:03,133.06,51.0,208.71,28.0,130.82,55.0,210.54,26.0,170.89,75.65,106.0,54.0,0.7589005204758004,160,52.0,36.0,0.33
07:39:04,133.71,14.0,206.82,22.0,131.5,30.0,207.67,18.0,170.27,73.10999999999999,44.0,40.0,0.8762990357053895,84,4.0,-76.0,0.05
07:39:07,133.13,15.0,161.14,28.0,130.12,73.0,168.33,27.0,147.14,28.00999999999999,88.0,55.0,10.126902290432906,143,33.0,69.0,0.23
07:39:08,130.39,23.0,139.88,16.0,128.8,25.0,153.5,16.0,135.13,9.490000000000009,48.0,32.0,15.956367694433842,80,16.0,-63.0,0.2
07:39:09,130.0,48.0,137.67,24.0,127.0,24.0,145.67,24.0,133.83,7.6699999999999875,72.0,48.0,17.189861837721917,120,24.0,40.0,0.2
07:39:10,130.0,28.0,133.57,14.0,127.0,14.0,134.57,14.0,131.79,3.569999999999993,42.0,28.0,14.826600082283356,70,14.0,-50.0,0.2
07:39:11,130.0,22.0,131.12,16.0,127.0,16.0,133.62,16.0,130.56,1.1200000000000045,38.0,32.0,6.640832026181753,70,6.0,0.0,0.09
07:39:12,128.72,47.0,167.6,20.0,127.73,104.0,467.67,12.0,148.16,38.879999999999995,151.0,32.0,7.081541498851884,183,119.0,113.0,0.65
07:39:14,132.63,75.0,388.35,31.0,130.0,11.0,744.0,35.0,260.49,255.72000000000003,86.0,66.0,115.36962091469312,152,20.0,44.0,0.13
07:39:15,133.0,90.0,408.23,26.0,130.0,6.0,735.5,10.0,270.62,275.23,96.0,36.0,107.25527245781443,132,60.0,-20.0,0.45
07:39:16,134.0,48.0,256.5,40.0,133.0,72.0,491.38,8.0,195.25,122.5,120.0,48.0,93.62076826217574,168,72.0,36.0,0.43
07:39:17,134.0,45.0,342.42,60.0,133.0,108.0,600.0,12.0,238.21,208.42000000000002,153.0,72.0,74.95966582102686,225,81.0,57.0,0.36
07:39:18,134.0,33.0,362.64,55.0,133.0,99.0,494.0,11.0,248.32,228.64,132.0,66.0,29.151256748209132,198,66.0,-27.0,0.33
07:39:19,134.0,11.0,385.0,35.0,133.0,63.0,446.89,9.0,259.5,251.0,74.0,44.0,29.002161126371398,118,30.0,-80.0,0.25
07:39:20,133.05,44.0,233.0,45.0,130.9,60.0,343.0,12.0,183.02,99.94999999999999,104.0,57.0,33.74856071005103,161,47.0,43.0,0.29
07:39:21,133.0,84.0,156.58,43.0,131.0,168.0,171.13,53.0,144.79,23.580000000000013,252.0,96.0,48.9414749471243,348,156.0,169.5,0.45
07:39:22,133.57,28.0,149.58,33.0,132.43,84.0,177.23,39.0,141.57,16.01000000000002,112.0,72.0,55.950053172450026,184,40.0,-164.0,0.22
07:39:23,131.84,50.0,155.0,20.0,131.08,72.0,376.3,10.0,143.42,23.159999999999997,122.0,30.0,50.57325824979022,152,92.0,-32.0,0.61
07:39:24,131.0,28.0,155.0,14.0,130.0,60.0,207.0,7.0,143.0,24.0,88.0,21.0,17.847253290071343,109,67.0,-43.0,0.61
07:39:25,131.0,57.0,151.73,33.0,130.0,128.0,162.03,37.0,141.36,20.72999999999999,185.0,70.0,1.4113008183792441,255,115.0,146.0,0.45
07:39:26,130.71,42.0,151.0,14.0,129.43,42.0,155.0,21.0,140.86,20.289999999999992,84.0,35.0,1.1069869014390075,119,49.0,-136.0,0.41
07:39:27,131.7,80.0,150.86,21.0,130.0,60.0,508.2,41.0,141.28,19.160000000000025,140.0,62.0,1.144849335046974,202,78.0,83.0,0.39
07:39:28,132.6,94.0,147.56,36.0,130.0,78.0,148.8,49.0,140.08,14.960000000000008,172.0,85.0,1.0694297545688194,257,87.0,55.0,0.34
07:39:29,133.0,81.0,144.58,31.0,130.0,78.0,145.59,34.0,138.79,11.580000000000013,159.0,65.0,1.0694297545686082,224,94.0,-33.0,0.42
07:39:30,133.0,14.0,142.4,25.0,130.0,42.0,143.14,29.0,137.7,9.400000000000006,56.0,54.0,1.4837183020898204,110,2.0,-114.0,0.02
07:39:31,133.0,28.0,138.98,50.0,130.0,84.0,140.45,49.0,135.99,5.97999999999999,112.0,99.0,2.054864959055896,211,13.0,101.0,0.06
07:39:32,131.36,22.0,134.76,25.0,129.43,42.0,135.78,27.0,133.06,3.3999999999999773,64.0,52.0,2.722467630653296,116,12.0,-95.0,0.1
07:39:33,130.0,50.0,131.79,19.0,128.0,54.0,133.71,14.0,130.89,1.789999999999992,104.0,33.0,3.274176232268813,137,71.0,21.0,0.52
07:39:34,128.2,40.0,130.75,12.0,127.2,120.0,133.0,20.0,129.47,2.5500000000000114,160.0,32.0,3.429879006605473,192,128.0,55.0,0.67
07:39:35,128.0,36.0,129.71,7.0,127.0,96.0,186.31,13.0,128.86,1.710000000000008,132.0,20.0,2.912804490512868,152,112.0,-40.0,0.74
07:39:36,128.0,78.0,205.71,56.0,127.0,208.0,249.26,47.0,166.86,77.71000000000001,286.0,103.0,16.30956682441185,389,183.0,169.5,0.47
07:39:37,128.0,48.0,131.64,14.0,127.0,128.0,195.33,36.0,129.82,3.6399999999999864,176.0,50.0,16.607999578515027,226,126.0,-163.0,0.56
07:39:38,128.0,38.0,129.83,12.0,127.0,128.0,205.83,36.0,128.92,1.8300000000000125,166.0,48.0,16.8165834817883,214,118.0,-12.0,0.55
07:39:39,127.0,96.0,128.43,35.0,126.0,70.0,166.31,13.0,127.71,1.4300000000000068,166.0,48.0,17.02513083650034,214,118.0,0.0,0.55
07:39:40,127.0,80.0,276.09,32.0,126.0,100.0,421.23,35.0,201.55,149.08999999999997,180.0,67.0,32.73141106032497,247,113.0,33.0,0.46
07:39:41,127.0,96.0,370.47,38.0,126.0,110.0,611.03,37.0,248.74,243.47000000000003,206.0,75.0,55.34136671604682,281,131.0,34.0,0.47
07:39:42,128.82,132.0,270.0,48.0,126.6,146.0,328.35,57.0,199.41,141.18,278.0,105.0,52.20568675920261,383,173.0,102.0,0.45
07:39:43,131.0,82.0,361.83,36.0,128.0,77.0,442.27,40.0,246.42,230.82999999999998,159.0,76.0,49.10556210858395,235,83.0,-148.0,0.35
07:39:44,131.0,63.0,285.22,36.0,128.0,63.0,370.53,34.0,208.11,154.22000000000003,126.0,70.0,24.627972510947888,196,56.0,-39.0,0.29
07:39:45,131.44,63.0,192.8,44.0,129.75,84.0,263.41,46.0,162.12,61.360000000000014,147.0,90.0,36.026416002705574,237,57.0,41.0,0.24
07:39:46,132.0,48.0,140.88,59.0,131.0,84.0,161.61,46.0,136.44,8.879999999999995,132.0,105.0,42.55718094517056,237,27.0,0.0,0.11
07:39:47,132.29,49.0,138.92,65.0,131.09,88.0,227.0,39.0,135.6,6.6299999999999955,137.0,104.0,48.3857760090709,241,33.0,4.0,0.14
07:39:48,133.28,36.0,196.24,63.0,131.45,42.0,301.21,43.0,164.76,62.96000000000001,78.0,106.0,29.50539577772127,184,-28.0,-57.0,-0.15
07:39:49,128.77,53.0,257.37,19.0,128.06,31.0,333.68,57.0,193.07,128.6,84.0,76.0,23.76119988552703,160,8.0,-24.0,0.05
07:39:50,128.13,90.0,223.85,13.0,126.73,88.0,325.3,37.0,175.99,95.72,178.0,50.0,25.07752120924178,228,128.0,68.0,0.56
07:39:51,132.47,19.0,170.31,13.0,129.56,25.0,172.0,13.0,151.39,37.84,44.0,26.0,22.10680596558383,70,18.0,-158.0,0.26
07:39:53,133.0,10.0,169.0,10.0,129.67,18.0,248.19,31.0,151.0,36.0,28.0,41.0,19.094872348355015,69,-13.0,33.0,-0.19
07:39:54,127.09,99.0,166.78,36.0,126.27,99.0,285.33,24.0,146.93,39.69,198.0,60.0,11.64763795797104,258,138.0,169.5,0.53
07:39:55,127.0,132.0,165.36,44.0,126.0,110.0,168.0,11.0,146.18,38.360000000000014,242.0,55.0,2.7248577944480155,297,187.0,39.0,0.63
07:39:56,127.0,132.0,162.59,29.0,126.0,110.0,163.77,26.0,144.79,35.59,242.0,55.0,3.146402707849616,297,187.0,0.0,0.63
07:39:57,127.0,105.0,156.18,22.0,126.0,110.0,160.83,29.0,141.59,29.180000000000007,215.0,51.0,3.4191183073947995,266,164.0,-31.0,0.62
07:39:58,127.0,63.0,158.0,28.0,126.0,70.0,160.0,7.0,142.5,31.0,133.0,35.0,2.3036644720881845,168,98.0,-98.0,0.58
07:39:59,127.0,47.0,156.57,7.0,126.0,70.0,158.0,28.0,141.79,29.569999999999993,117.0,35.0,2.020779552539247,152,82.0,-16.0,0.54
07:40:00,127.11,27.0,154.17,23.0,126.1,89.0,156.62,32.0,140.64,27.059999999999988,116.0,55.0,1.5614640565699909,171,61.0,19.0,0.36
07:40:01,127.0,36.0,151.33,12.0,123.73,41.0,153.91,45.0,139.17,24.330000000000013,77.0,57.0,1.2850564189790754,134,20.0,-37.0,0.15
07:40:02,127.07,27.0,147.3,33.0,92.88,24.0,149.11,9.0,137.19,20.230000000000018,51.0,42.0,2.128137683506118,93,9.0,-41.0,0.1
07:40:04,102.91,11.0,142.56,36.0,79.65,17.0,146.0,9.0,122.73,39.650000000000006,28.0,45.0,12.575962388618732,73,-17.0,-47.0,-0.23
07:40:05,112.23,26.0,130.59,34.0,99.94,16.0,129.81,27.0,121.41,18.36,42.0,61.0,11.521805414081197,103,-19.0,30.0,-0.18
07:40:06,113.0,14.0,120.0,28.0,112.0,14.0,121.0,7.0,116.5,7.0,28.0,35.0,9.563991321616095,63,-7.0,-40.0,-0.11
07:40:07,113.96,48.0,120.0,38.0,113.08,24.0,121.0,10.0,116.98,6.040000000000006,72.0,48.0,4.349256258252146,120,24.0,57.0,0.2
07:40:08,120.5,24.0,201.1,10.0,114.15,52.0,460.86,14.0,160.8,80.6,76.0,24.0,18.709837786575054,100,52.0,-20.0,0.52
07:40:09,116.65,20.0,183.48,23.0,113.66,53.0,232.56,43.0,150.06,66.82999999999998,73.0,66.0,20.778532190699977,139,7.0,39.0,0.05
07:40:10,121.7,10.0,125.0,8.0,119.89,9.0,234.38,16.0,123.35,3.299999999999997,19.0,24.0,20.521021417072674,43,-5.0,-96.0,-0.12
07:40:11,122.5,8.0,178.25,8.0,119.17,12.0,574.11,28.0,150.38,55.75,20.0,36.0,19.027860625933737,56,-16.0,13.0,-0.29
07:40:12,121.0,8.0,140.07,14.0,117.0,16.0,324.53,19.0,130.54,19.069999999999993,24.0,33.0,15.512242906812705,57,-9.0,1.0,-0.16
07:40:13,121.96,25.0,123.92,25.0,97.75,16.0,125.2,15.0,122.94,1.960000000000008,41.0,40.0,13.814621963700505,81,1.0,24.0,0.01
07:40:17,131.74,61.0,296.93,29.0,129.59,34.0,404.55,44.0,214.33,165.19,95.0,73.0,53.73864373055912,168,22.0,1.0,0.13
07:40:18,132.0,63.0,348.29,7.0,131.0,14.0,407.48,25.0,240.14,216.29000000000002,77.0,32.0,66.58786848968793,109,45.0,-59.0,0.41
07:40:19,132.38,40.0,396.24,25.0,131.0,16.0,443.88,17.0,264.31,263.86,56.0,42.0,60.65790030985246,98,14.0,-11.0,0.14
07:40:20,133.83,30.0,358.57,14.0,131.0,12.0,402.0,20.0,246.2,224.73999999999998,42.0,34.0,30.97313626354323,76,8.0,-22.0,0.11
07:40:30,134.0,14.0,145.43,28.0,131.0,14.0,332.57,7.0,139.71,11.430000000000007,28.0,35.0,0.8648005550237494,63,-7.0,-49.0,-0.11
07:40:31,134.0,24.0,142.67,48.0,131.0,24.0,221.46,24.0,138.33,8.669999999999987,48.0,72.0,1.2573662950663889,120,-24.0,57.0,-0.2
07:40:32,134.0,24.0,325.25,36.0,131.0,24.0,394.42,12.0,229.62,191.25,48.0,48.0,40.119754859669555,96,0.0,-24.0,0.0
07:40:33,131.71,34.0,306.21,19.0,130.2,40.0,347.5,30.0,218.96,174.49999999999997,74.0,49.0,46.55449033122356,123,25.0,27.0,0.2
07:40:34,131.79,137.0,231.55,29.0,130.46,52.0,282.12,25.0,181.67,99.76000000000002,189.0,54.0,42.80403917856343,243,135.0,120.0,0.56
07:40:35,133.46,71.0,252.38,26.0,132.09,93.0,255.0,13.0,192.92,118.91999999999999,164.0,39.0,35.81089289587736,203,125.0,-40.0,0.62
07:40:40,134.0,50.0,180.35,23.0,133.0,20.0,182.0,25.0,157.17,46.349999999999994,70.0,48.0,14.346307887397028,118,22.0,52.0,0.19
07:40:49,133.59,17.0,150.09,33.0,132.33,18.0,421.0,11.0,141.84,16.5,35.0,44.0,2.5729360660488987,79,-9.0,-55.0,-0.11
07:40:50,133.0,6.0,150.0,9.0,132.0,6.0,279.0,4.0,141.5,17.0,12.0,13.0,1.787545803601884,25,-1.0,-54.0,-0.04
07:40:51,133.0,14.0,148.14,21.0,132.0,14.0,469.5,12.0,140.57,15.139999999999986,28.0,33.0,1.316100300119391,61,-5.0,36.0,-0.08
07:40:52,133.0,6.0,147.0,9.0,131.0,3.0,492.0,6.0,140.0,14.0,9.0,15.0,0.7405403432454377,24,-6.0,-37.0,-0.25
07:40:53,133.91,44.0,147.0,21.0,132.67,12.0,492.0,14.0,140.45,13.090000000000003,56.0,35.0,0.7682903096968061,91,21.0,67.0,0.23
07:40:54,134.0,46.0,146.57,21.0,133.0,14.0,338.31,13.0,140.29,12.569999999999993,60.0,34.0,0.5661890143528834,94,26.0,3.0,0.28
07:40:55,134.0,54.0,145.33,27.0,133.0,18.0,372.33,18.0,139.67,11.330000000000013,72.0,45.0,0.36342812215588893,117,27.0,23.0,0.23
07:40:56,134.0,60.0,143.71,34.0,133.0,20.0,287.27,22.0,138.85,9.710000000000008,80.0,56.0,0.6341293243287515,136,24.0,19.0,0.18
07:40:57,134.0,60.0,142.7,50.0,133.0,20.0,144.0,30.0,138.35,8.699999999999989,80.0,80.0,0.9080308364662094,160,0.0,24.0,0.0
07:40:58,134.0,48.0,141.75,40.0,133.0,16.0,144.0,24.0,137.88,7.75,64.0,64.0,0.9762274325039993,128,0.0,-32.0,0.0
07:40:59,134.0,36.0,141.0,30.0,133.0,12.0,144.0,18.0,137.5,7.0,48.0,48.0,0.849382128357532,96,0.0,-32.0,0.0
07:41:00,134.0,66.0,140.57,51.0,133.0,22.0,142.92,37.0,137.28,6.569999999999993,88.0,88.0,0.6371577512461305,176,0.0,80.0,0.0
07:41:01,134.0,41.0,137.68,34.0,132.87,15.0,139.5,30.0,135.84,3.680000000000007,56.0,64.0,0.9468896450869126,120,-8.0,-56.0,-0.07
07:41:02,132.55,22.0,135.43,47.0,130.04,142.0,136.82,65.0,133.99,2.8799999999999955,164.0,112.0,1.6006623628899763,276,52.0,156.0,0.19
07:41:03,129.63,123.0,132.16,51.0,126.95,81.0,135.89,45.0,130.89,2.530000000000001,204.0,96.0,2.739352113177887,300,108.0,24.0,0.36
07:41:04,127.0,56.0,135.0,21.0,126.0,28.0,166.62,13.0,131.0,8.0,84.0,34.0,2.8555297231812857,118,50.0,-170.5,0.42
07:41:05,127.04,53.0,134.45,33.0,126.17,48.0,154.0,33.0,130.75,7.409999999999982,101.0,66.0,2.3065190222435707,167,35.0,49.0,0.21
07:41:06,130.0,40.0,133.62,24.0,127.0,32.0,154.0,24.0,131.81,3.6200000000000045,72.0,48.0,1.3513030748026889,120,24.0,-47.0,0.2
07:41:07,130.0,34.0,131.5,24.0,127.0,32.0,154.0,24.0,130.75,1.5,66.0,48.0,0.44305755830477034,114,18.0,-6.0,0.16
07:41:08,130.0,18.0,346.33,21.0,127.0,44.0,397.79,38.0,238.17,216.32999999999998,62.0,59.0,47.89519788037186,121,3.0,7.0,0.02
07:41:09,130.89,9.0,269.58,19.0,128.5,8.0,417.25,16.0,200.23,138.69,17.0,35.0,50.08417434679324,52,-18.0,-69.0,-0.35
07:41:10,130.0,10.0,230.32,22.0,127.0,40.0,288.06,33.0,180.16,100.32,50.0,55.0,46.01514728869163,105,-5.0,53.0,-0.05
07:41:11,130.0,7.0,176.85,26.0,127.0,28.0,289.52,23.0,153.42,46.849999999999994,35.0,49.0,41.60407347844664,84,-14.0,-21.0,-0.17
07:41:12,130.75,8.0,327.0,12.0,127.6,10.0,669.25,16.0,228.88,196.25,18.0,28.0,34.83615320324552,46,-10.0,-38.0,-0.22
07:41:13,132.0,30.0,356.82,34.0,130.0,10.0,643.39,38.0,244.41,224.82,40.0,72.0,36.60462880565782,112,-32.0,66.0,-0.29
07:41:14,132.28,40.0,174.44,32.0,128.86,49.0,260.36,45.0,153.36,42.16,89.0,77.0,42.51053845812812,166,12.0,54.0,0.07
07:41:15,127.71,28.0,170.67,18.0,125.43,28.0,172.67,18.0,149.19,42.959999999999994,56.0,36.0,46.722893424958045,92,20.0,-74.0,0.22
07:41:16,126.82,34.0,167.71,14.0,120.86,14.0,170.0,14.0,147.27,40.890000000000015,48.0,28.0,47.857305293967265,76,20.0,-16.0,0.26
07:41:17,128.41,22.0,164.9,20.0,127.8,70.0,167.2,20.0,146.65,36.49000000000001,92.0,40.0,42.69670455667488,132,52.0,56.0,0.39
07:41:18,128.38,26.0,161.5,16.0,127.6,53.0,162.75,16.0,144.94,33.120000000000005,79.0,32.0,3.2197468844577455,111,47.0,-21.0,0.42
07:41:19,129.0,14.0,160.71,14.0,128.0,42.0,161.71,14.0,144.86,31.710000000000008,56.0,28.0,1.7986856312248425,84,28.0,-27.0,0.33
07:41:20,130.13,30.0,159.75,24.0,128.93,41.0,160.75,24.0,144.94,29.620000000000005,71.0,48.0,1.1427029360137282,119,23.0,35.0,0.19
07:41:21,131.0,16.0,157.5,16.0,130.0,24.0,158.5,16.0,144.25,26.5,40.0,32.0,0.8985933451646396,72,8.0,-47.0,0.11
07:41:22,130.18,22.0,155.27,22.0,128.2,60.0,160.5,20.0,142.73,25.090000000000003,82.0,42.0,0.9474333749525158,124,40.0,52.0,0.32
07:41:23,129.71,28.0,151.71,34.0,127.87,83.0,154.16,38.0,140.71,22.0,111.0,72.0,1.793228931278322,183,39.0,59.0,0.21
07:41:24,128.0,40.0,150.67,24.0,127.0,110.0,151.89,36.0,139.33,22.669999999999987,150.0,60.0,2.3592202101485005,210,90.0,27.0,0.43
07:41:25,128.41,58.0,148.56,36.0,127.15,133.0,149.33,48.0,138.48,20.150000000000006,191.0,84.0,2.3837365626202676,275,107.0,65.0,0.39
07:41:26,130.21,38.0,145.71,14.0,129.38,32.0,148.0,28.0,137.96,15.5,70.0,42.0,1.9204869174176233,112,28.0,-163.0,0.25
07:41:27,132.46,24.0,146.65,52.0,130.43,74.0,165.07,59.0,139.56,14.189999999999998,98.0,111.0,1.0585697898447963,209,-13.0,97.0,-0.06
07:41:28,133.0,12.0,141.1,42.0,131.0,48.0,142.78,36.0,137.05,8.099999999999994,60.0,78.0,1.025197541926321,138,-18.0,-71.0,-0.13
07:41:31,133.0,10.0,134.2,10.0,130.0,30.0,136.0,40.0,133.6,1.1999999999999886,40.0,50.0,2.194841679932981,90,-10.0,16.0,-0.11
07:41:32,130.0,27.0,133.11,27.0,128.89,36.0,135.33,18.0,131.56,3.1100000000000136,63.0,45.0,2.161788611305582,108,18.0,18.0,0.17
07:41:33,130.0,34.0,131.31,13.0,129.0,52.0,133.0,52.0,130.65,1.3100000000000023,86.0,65.0,2.3285467570933793,151,21.0,43.0,0.14
07:41:34,128.59,49.0,129.88,43.0,127.44,72.0,191.86,22.0,129.24,1.289999999999992,121.0,65.0,2.46896739548534,186,56.0,35.0,0.3
07:41:35,130.46,39.0,277.5,10.0,127.6,40.0,394.0,1.0,203.98,147.04,79.0,11.0,32.55873891906708,90,68.0,-96.0,0.76
07:41:36,131.0,24.0,337.67,6.0,128.0,18.0,0.0,0.0,234.33,206.67000000000002,42.0,6.0,49.745581411819686,48,36.0,-42.0,0.75
07:41:39,128.04,23.0,276.0,7.0,127.06,34.0,0.0,0.0,202.02,147.96,57.0,7.0,107.14320860418555,64,50.0,12.0,0.78
07:41:40,127.69,26.0,371.73,22.0,126.96,75.0,604.0,16.0,249.71,244.04000000000002,101.0,38.0,99.69488041017965,139,63.0,75.0,0.45
07:41:41,127.0,56.0,140.0,7.0,126.0,26.0,459.71,28.0,133.5,13.0,82.0,35.0,123.37933518219336,117,47.0,-22.0,0.4
07:41:42,127.0,64.0,344.75,16.0,126.0,32.0,394.18,17.0,235.88,217.75,96.0,33.0,88.10522612195034,129,63.0,12.0,0.49
07:41:43,128.43,37.0,384.25,32.0,127.02,41.0,497.46,26.0,256.34,255.82,78.0,58.0,50.396636792547895,136,20.0,7.0,0.15
07:41:44,130.44,27.0,285.46,35.0,129.33,21.0,415.12,25.0,207.95,155.01999999999998,48.0,60.0,50.06910654285727,108,-12.0,-28.0,-0.11
07:41:45,132.46,39.0,379.35,46.0,129.98,85.0,468.63,30.0,255.9,246.89000000000001,124.0,76.0,51.15485196929019,200,48.0,92.0,0.24
07:41:46,130.0,44.0,383.8,20.0,128.0,8.0,408.36,25.0,256.9,253.8,52.0,45.0,21.306972567683207,97,7.0,-103.0,0.07
07:41:47,130.0,20.0,382.6,5.0,128.0,5.0,413.0,15.0,256.3,252.60000000000002,25.0,20.0,21.652538419317185,45,5.0,-52.0,0.11
07:41:48,130.24,58.0,382.0,10.0,128.71,14.0,572.18,33.0,256.12,251.76,72.0,43.0,21.62820565835286,115,29.0,70.0,0.25
07:41:49,131.0,174.0,356.35,20.0,130.0,55.0,572.0,35.0,243.68,225.35000000000002,229.0,55.0,5.658285959547273,284,174.0,169.0,0.61
07:41:50,131.0,208.0,339.4,25.0,130.0,65.0,452.23,35.0,235.2,208.39999999999998,273.0,60.0,9.786327196655956,333,213.0,49.0,0.64
07:41:51,131.22,123.0,337.62,8.0,130.12,34.0,542.0,24.0,234.42,206.4,157.0,32.0,10.734983931054858,189,125.0,-144.0,0.66
07:41:52,132.0,130.0,335.0,10.0,131.0,20.0,455.04,46.0,233.5,203.0,150.0,56.0,9.593199674769819,206,94.0,17.0,0.46
07:41:53,132.44,117.0,331.41,41.0,131.0,18.0,399.33,12.0,231.93,198.97000000000003,135.0,53.0,4.599215150436145,188,82.0,-18.0,0.44
07:41:54,133.0,105.0,293.06,36.0,131.0,18.0,321.54,28.0,213.03,160.06,123.0,64.0,9.351402568598917,187,59.0,-1.0,0.32
07:41:55,133.0,90.0,204.05,44.0,131.0,20.0,210.56,25.0,168.52,71.05000000000001,110.0,69.0,28.116234634104053,179,41.0,-8.0,0.23
07:41:56,133.0,74.0,200.97,34.0,131.0,20.0,202.77,26.0,166.99,67.97,94.0,60.0,32.98929417250369,154,34.0,-25.0,0.22
07:41:57,133.0,39.0,200.0,40.0,132.0,32.0,202.0,8.0,166.5,67.0,71.0,48.0,30.942568251520107,119,23.0,-35.0,0.19
07:41:58,134.0,20.0,199.1,50.0,133.0,10.0,200.16,38.0,166.55,65.1,30.0,88.0,20.538976848907893,118,-58.0,-1.0,-0.49
07:41:59,134.0,22.0,196.78,23.0,133.0,11.0,197.82,55.0,165.39,62.78,33.0,78.0,1.1329827889119888,111,-45.0,-7.0,-0.41
07:42:01,130.16,62.0,163.96,49.0,129.07,61.0,177.86,57.0,147.06,33.80000000000001,123.0,106.0,8.279651562714983,229,17.0,114.0,0.07
07:42:02,130.47,64.0,168.93,75.0,129.2,75.0,174.0,15.0,149.7,38.46000000000001,139.0,90.0,9.089237041686575,229,49.0,0.0,0.21
07:42:03,129.0,18.0,163.51,67.0,127.17,80.0,164.79,75.0,146.25,34.50999999999999,98.0,142.0,8.899653364034215,240,-44.0,11.0,-0.18
07:42:04,128.0,13.0,150.42,53.0,126.77,105.0,157.22,58.0,139.21,22.419999999999987,118.0,111.0,8.223884118831144,229,7.0,-11.0,0.03
07:42:05,128.45,11.0,133.78,49.0,127.08,59.0,135.27,45.0,131.12,5.3300000000000125,70.0,94.0,7.531325912477828,164,-24.0,-65.0,-0.15
07:42:06,127.03,73.0,130.21,33.0,126.04,56.0,130.74,39.0,128.62,3.180000000000007,129.0,72.0,9.17787284723199,201,57.0,37.0,0.28
07:42:07,126.68,56.0,128.12,34.0,115.78,54.0,129.73,22.0,127.4,1.4399999999999977,110.0,56.0,8.01020286883899,166,54.0,-35.0,0.33
07:42:10,98.7,10.0,123.66,29.0,70.06,16.0,123.93,28.0,111.18,24.959999999999994,26.0,57.0,15.201239423150604,83,-31.0,-37.0,-0.37
07:42:11,111.0,11.0,121.2,30.0,89.0,20.0,123.0,54.0,116.1,10.200000000000003,31.0,84.0,12.803629173009782,115,-53.0,32.0,-0.46
07:42:21,130.83,12.0,199.0,9.0,88.35,17.0,256.86,21.0,164.92,68.16999999999999,29.0,30.0,32.57457827815965,59,-1.0,-24.0,-0.02
07:42:22,131.0,14.0,186.29,7.0,130.0,7.0,325.8,15.0,158.64,55.28999999999999,21.0,22.0,34.41014603281938,43,-1.0,-16.0,-0.02
07:42:23,131.67,15.0,185.17,23.0,130.78,18.0,318.15,39.0,158.42,53.5,33.0,62.0,26.777289444601404,95,-29.0,52.0,-0.31
07:42:24,131.0,12.0,175.11,9.0,130.0,6.0,184.94,16.0,153.06,44.110000000000014,18.0,25.0,8.455709313828557,43,-7.0,-52.0,-0.16
07:42:25,131.0,10.0,176.0,10.0,130.0,7.0,383.96,23.0,153.5,45.0,17.0,33.0,4.814033651727831,50,-16.0,7.0,-0.32
07:42:26,131.0,8.0,184.0,8.0,130.0,8.0,281.75,24.0,157.5,53.0,16.0,32.0,2.7257439351427157,48,-16.0,-2.0,-0.33
07:42:27,131.0,10.0,184.0,10.0,130.0,10.0,216.8,30.0,157.5,53.0,20.0,40.0,2.5124649251217797,60,-20.0,12.0,-0.33
07:42:28,131.47,17.0,183.64,11.0,130.18,11.0,206.0,33.0,157.55,52.16999999999999,28.0,44.0,2.325815985835324,72,-16.0,12.0,-0.22
07:42:29,132.46,52.0,183.0,13.0,131.0,13.0,237.23,39.0,157.73,50.53999999999999,65.0,52.0,1.8226162514274884,117,13.0,45.0,0.11
07:42:30,134.0,24.0,182.67,6.0,131.0,6.0,409.0,18.0,158.33,48.66999999999999,30.0,24.0,0.35280306116594085,54,6.0,-63.0,0.11
07:42:35,134.0,32.0,271.75,20.0,131.0,8.0,570.76,25.0,202.88,137.75,40.0,45.0,26.06012797359153,85,-5.0,-93.0,-0.06
07:42:36,134.0,48.0,367.9,39.0,131.0,12.0,548.24,29.0,250.95,233.89999999999998,60.0,68.0,48.55610188225553,128,-8.0,43.0,-0.06
07:42:37,129.12,65.0,322.04,89.0,127.0,100.0,393.61,61.0,225.58,192.92000000000002,165.0,150.0,47.8553333495859,315,15.0,169.5,0.05
07:42:38,128.0,20.0,190.39,38.0,127.0,80.0,241.8,30.0,159.2,62.389999999999986,100.0,68.0,43.6292485610283,168,32.0,-147.0,0.19
07:42:39,127.3,46.0,184.84,51.0,126.61,92.0,188.09,55.0,156.07,57.540000000000006,138.0,106.0,41.37438132467954,244,32.0,76.0,0.13
07:42:40,127.65,40.0,182.03,34.0,126.61,85.0,183.0,33.0,154.84,54.379999999999995,125.0,67.0,45.59246505728755,192,58.0,-52.0,0.3
07:42:41,131.0,26.0,168.3,37.0,130.0,13.0,178.05,41.0,149.65,37.30000000000001,39.0,78.0,31.778240511393562,117,-39.0,-75.0,-0.33
07:42:42,130.03,29.0,171.5,60.0,128.2,20.0,172.67,60.0,150.77,41.47,49.0,120.0,3.915664694527122,169,-71.0,52.0,-0.42
07:42:43,127.45,64.0,168.17,64.0,124.88,52.0,169.19,64.0,147.81,40.719999999999985,116.0,128.0,3.502644715063866,244,-12.0,75.0,-0.05
07:42:44,130.14,29.0,163.14,42.0,125.84,62.0,164.1,50.0,146.64,33.0,91.0,92.0,3.17056304147445,183,-1.0,-61.0,-0.01
07:42:45,126.05,57.0,146.61,49.0,109.81,108.0,156.03,34.0,136.33,20.560000000000016,165.0,83.0,5.765891084642628,248,82.0,65.0,0.33
07:42:46,129.41,63.0,143.9,67.0,126.4,45.0,144.36,55.0,136.65,14.490000000000009,108.0,122.0,6.699291007260377,230,-14.0,-18.0,-0.06
07:42:47,130.58,48.0,142.5,44.0,128.4,45.0,143.07,73.0,136.54,11.919999999999987,93.0,117.0,5.886351161794378,210,-24.0,-20.0,-0.11
07:42:48,132.85,26.0,138.27,52.0,130.54,39.0,139.07,40.0,135.56,5.420000000000016,65.0,92.0,4.657105324121033,157,-27.0,-53.0,-0.17
07:42:49,132.43,21.0,134.08,39.0,130.2,30.0,137.13,23.0,133.25,1.6500000000000057,51.0,62.0,1.416096748091306,113,-11.0,-44.0,-0.1
07:42:50,129.97,34.0,132.48,54.0,122.64,33.0,154.92,39.0,131.23,2.509999999999991,67.0,93.0,2.3482184736421137,160,-26.0,47.0,-0.16
07:42:51,129.53,38.0,247.53,36.0,122.56,36.0,447.58,33.0,188.53,118.0,74.0,69.0,24.409112437775384,143,5.0,-17.0,0.03
07:42:52,130.0,6.0,405.0,3.0,128.0,12.0,406.0,3.0,267.5,275.0,18.0,6.0,58.911015353666905,24,12.0,-119.0,0.5
07:42:53,130.0,22.0,164.27,11.0,128.0,44.0,331.29,17.0,147.14,34.27000000000001,66.0,28.0,57.366282344248,94,38.0,70.0,0.4
07:42:54,130.0,12.0,139.0,6.0,128.0,24.0,198.0,12.0,134.5,9.0,36.0,18.0,57.14917191001091,54,18.0,-40.0,0.33
07:42:55,130.0,12.0,138.67,6.0,128.0,24.0,198.0,12.0,134.33,8.669999999999987,36.0,18.0,56.58619398757951,54,18.0,0.0,0.33
07:42:56,130.0,14.0,137.16,19.0,128.0,28.0,174.0,10.0,133.58,7.159999999999997,42.0,29.0,58.46089376668794,71,13.0,17.0,0.18
07:42:57,130.0,18.0,136.76,21.0,128.0,36.0,137.17,24.0,133.38,6.759999999999991,54.0,45.0,5.919086078099966,99,9.0,28.0,0.09
07:42:58,130.0,32.0,134.72,50.0,128.0,56.0,136.4,20.0,132.36,4.719999999999999,88.0,70.0,0.8551023330310499,158,18.0,59.0,0.11
07:42:59,130.46,26.0,132.0,40.0,128.18,33.0,132.94,34.0,131.23,1.539999999999992,59.0,74.0,1.203050289869371,133,-15.0,-25.0,-0.11
07:43:00,126.5,40.0,129.89,38.0,95.44,63.0,131.23,31.0,128.2,3.3899999999999864,103.0,69.0,2.193786680594556,172,34.0,39.0,0.2
07:43:01,126.66,35.0,128.24,34.0,125.56,54.0,186.57,47.0,127.45,1.5800000000000125,89.0,81.0,2.5921284690295257,170,8.0,-2.0,0.05
07:43:02,124.75,48.0,203.69,39.0,99.29,70.0,309.12,42.0,164.22,78.94,118.0,81.0,15.523523118157062,199,37.0,29.0,0.19
07:43:03,124.55,22.0,192.26,19.0,96.73,44.0,193.45,20.0,158.4,67.71,66.0,39.0,17.893950094933196,105,27.0,-94.0,0.26
07:43:04,124.0,26.0,168.8,20.0,92.51,63.0,183.0,25.0,146.4,44.80000000000001,89.0,45.0,16.89044937235127,134,44.0,29.0,0.33
07:43:05,112.55,33.0,125.06,17.0,58.0,22.0,154.0,11.0,118.8,12.510000000000005,55.0,28.0,19.534817122255337,83,27.0,-51.0,0.33
07:43:06,113.0,18.0,125.0,24.0,84.89,18.0,126.0,6.0,119.0,12.0,36.0,30.0,21.48991577461297,66,6.0,-17.0,0.09
07:43:07,113.0,21.0,124.0,7.0,103.75,16.0,125.0,21.0,118.5,11.0,37.0,28.0,18.904814201677684,65,9.0,-1.0,0.14
07:43:08,100.6,35.0,123.22,9.0,82.63,49.0,125.0,27.0,111.91,22.620000000000005,84.0,36.0,13.457411340965576,120,48.0,55.0,0.4
07:43:09,90.86,37.0,124.62,16.0,70.68,31.0,125.4,15.0,107.74,33.760000000000005,68.0,31.0,5.117743643437448,99,37.0,-21.0,0.37
07:43:10,112.0,9.0,125.0,6.0,87.0,12.0,126.0,3.0,118.5,13.0,21.0,9.0,5.066339901738174,30,12.0,-69.0,0.4
07:43:11,98.51,43.0,339.8,30.0,48.37,41.0,421.27,40.0,219.16,241.29000000000002,84.0,70.0,47.17925942614991,154,14.0,124.0,0.09
07:43:12,130.0,54.0,319.0,26.0,108.0,30.0,424.71,28.0,224.5,189.0,84.0,54.0,59.91657967541177,138,30.0,-16.0,0.22
07:43:13,130.0,42.0,281.68,31.0,108.0,35.0,408.0,30.0,205.84,151.68,77.0,61.0,57.15660346801563,138,16.0,0.0,0.12
07:43:14,130.07,27.0,161.62,26.0,129.0,15.0,273.17,24.0,145.84,31.55000000000001,42.0,50.0,47.67679645278172,92,-8.0,-46.0,-0.09
07:43:15,130.05,44.0,183.08,48.0,128.36,22.0,258.72,58.0,156.56,53.03,66.0,106.0,36.602863275978606,172,-40.0,80.0,-0.23
07:43:16,131.61,62.0,181.85,52.0,129.97,97.0,353.26,46.0,156.73,50.23999999999998,159.0,98.0,34.94142069235276,257,61.0,85.0,0.24
07:43:17,132.86,35.0,180.29,28.0,130.0,70.0,266.14,28.0,156.57,47.42999999999998,105.0,56.0,23.681787728124977,161,49.0,-96.0,0.3
07:43:18,133.0,43.0,178.7,40.0,130.0,100.0,181.0,40.0,155.85,45.69999999999999,143.0,80.0,4.747078048649014,223,63.0,62.0,0.28
07:43:27,134.0,11.0,151.91,44.0,133.0,66.0,156.0,44.0,142.95,17.909999999999997,77.0,88.0,1.4090883577549311,165,-11.0,47.0,-0.07
07:43:28,133.2,15.0,151.0,36.0,131.75,48.0,156.0,36.0,142.1,17.80000000000001,63.0,72.0,1.4515336716590161,135,-9.0,-30.0,-0.07
07:43:29,133.0,14.0,150.43,28.0,130.75,40.0,156.0,28.0,141.71,17.430000000000007,54.0,56.0,1.4435130757840067,110,-2.0,-25.0,-0.02
07:43:30,133.0,20.0,147.0,40.0,130.0,36.0,150.6,40.0,140.0,14.0,56.0,80.0,1.6427811783554094,136,-24.0,26.0,-0.18
07:43:31,133.56,32.0,143.44,64.0,132.44,25.0,146.19,64.0,138.5,9.879999999999995,57.0,128.0,1.7855727372353194,185,-71.0,49.0,-0.38
07:43:32,133.47,30.0,140.97,58.0,132.27,22.0,142.87,60.0,137.22,7.5,52.0,118.0,2.0777584075049016,170,-66.0,-15.0,-0.39
07:43:33,131.0,9.0,139.78,36.0,130.0,72.0,143.0,36.0,135.39,8.780000000000001,81.0,72.0,2.4415220662440196,153,9.0,-17.0,0.06
07:43:34,131.0,10.0,136.7,40.0,130.0,80.0,143.0,40.0,133.85,5.699999999999989,90.0,80.0,2.4399118836456806,170,10.0,17.0,0.06
07:43:35,131.0,9.0,134.56,36.0,130.0,72.0,137.11,36.0,132.78,3.5600000000000023,81.0,72.0,2.3494616404518,153,9.0,-17.0,0.06
07:43:36,130.07,43.0,132.0,32.0,128.89,54.0,259.25,32.0,131.03,1.9300000000000068,97.0,64.0,2.3779045397058147,161,33.0,8.0,0.2
07:43:37,130.0,104.0,293.0,52.0,128.0,78.0,392.15,52.0,211.5,163.0,182.0,104.0,35.02489614545578,286,78.0,125.0,0.27
07:43:38,130.0,96.0,414.26,47.0,128.0,72.0,432.65,46.0,272.13,284.26,168.0,93.0,63.57630431221982,261,75.0,-25.0,0.29
07:43:39,130.0,90.0,219.67,72.0,127.22,241.0,235.43,74.0,174.83,89.66999999999999,331.0,146.0,59.23578842220288,477,185.0,169.5,0.39
07:43:40,130.0,39.0,189.29,62.0,127.0,239.0,190.45,29.0,159.65,59.28999999999999,278.0,91.0,54.397038706164764,369,187.0,-108.0,0.51
07:43:41,130.0,67.0,185.26,35.0,127.0,247.0,185.88,32.0,157.63,55.25999999999999,314.0,67.0,48.15118295535419,381,247.0,12.0,0.65
07:43:42,130.0,93.0,180.2,45.0,128.0,75.0,181.19,48.0,155.1,50.19999999999999,168.0,93.0,49.935979213388656,261,75.0,-120.0,0.29
07:43:43,130.0,80.0,173.93,30.0,128.0,50.0,177.62,32.0,151.97,43.93000000000001,130.0,62.0,8.860371324045538,192,68.0,-69.0,0.35
07:43:44,130.26,68.0,176.0,65.0,129.16,83.0,177.0,26.0,153.13,45.74000000000001,151.0,91.0,3.1621638161179204,242,60.0,50.0,0.25
07:43:45,130.0,104.0,173.2,25.0,128.0,65.0,174.89,38.0,151.6,43.19999999999999,169.0,63.0,2.4979851880994612,232,106.0,-10.0,0.46
07:43:46,131.61,141.0,152.2,20.0,130.0,112.0,171.59,34.0,141.9,20.589999999999975,253.0,54.0,5.126397370470034,307,199.0,75.0,0.65
07:43:47,130.06,67.0,133.0,10.0,128.22,92.0,240.28,29.0,131.53,2.9399999999999977,159.0,39.0,9.27395977994076,198,120.0,-109.0,0.61
07:43:48,130.05,37.0,133.0,8.0,127.83,29.0,254.0,24.0,131.53,2.9499999999999886,66.0,32.0,10.43155645145805,98,34.0,-100.0,0.35
07:43:49,130.49,37.0,209.5,16.0,127.58,26.0,347.71,34.0,169.99,79.00999999999999,63.0,50.0,16.125068992099177,113,13.0,15.0,0.12
07:43:50,131.0,27.0,370.97,33.0,130.0,9.0,403.41,34.0,250.98,239.97000000000003,36.0,67.0,50.47618081828271,103,-31.0,-10.0,-0.3
07:43:51,131.0,27.0,348.81,31.0,130.0,9.0,369.88,32.0,239.9,217.81,36.0,63.0,57.68562065194398,99,-27.0,-4.0,-0.27
07:43:52,131.0,41.0,211.33,43.0,129.62,16.0,230.55,49.0,171.16,80.33000000000001,57.0,92.0,50.8573551219486,149,-35.0,50.0,-0.23
07:43:53,132.0,9.0,152.56,36.0,130.0,9.0,155.06,34.0,142.28,20.560000000000002,18.0,70.0,47.75698713277453,88,-52.0,-61.0,-0.59
07:43:54,126.56,72.0,151.07,46.0,124.63,76.0,214.16,38.0,138.81,24.50999999999999,148.0,84.0,53.50628729411141,232,64.0,144.0,0.28
07:43:55,127.33,48.0,147.57,35.0,127.0,160.0,148.43,35.0,137.45,20.239999999999995,208.0,70.0,43.60286859829262,278,138.0,46.0,0.5
07:43:56,128.16,76.0,144.31,35.0,127.0,160.0,145.77,35.0,136.24,16.150000000000006,236.0,70.0,14.693735740102275,306,166.0,28.0,0.54
07:43:57,128.0,70.0,142.16,19.0,126.0,80.0,143.25,16.0,135.08,14.159999999999997,150.0,35.0,2.7792570949723348,185,115.0,-121.0,0.62
07:43:58,128.0,112.0,141.0,32.0,126.0,129.0,143.0,24.0,134.5,13.0,241.0,56.0,1.7526636870640515,297,185.0,112.0,0.62
07:43:59,127.78,157.0,139.41,34.0,123.44,178.0,141.14,43.0,133.6,11.629999999999995,335.0,77.0,1.5047524713228493,412,258.0,115.0,0.63
07:44:00,126.0,153.0,131.48,25.0,98.56,63.0,136.54,26.0,128.74,5.47999999999999,216.0,51.0,2.8976059083234533,267,165.0,-145.0,0.62
07:44:01,126.0,228.0,137.04,55.0,83.87,101.0,145.6,30.0,131.52,11.039999999999992,329.0,85.0,2.587840798803185,414,244.0,147.0,0.59
07:44:02,127.48,44.0,138.98,49.0,125.66,88.0,140.62,26.0,133.23,11.499999999999986,132.0,75.0,2.273503903658412,207,57.0,-170.5,0.28
07:44:03,129.08,73.0,136.0,40.0,127.4,50.0,137.54,35.0,132.54,6.9199999999999875,123.0,75.0,1.9490459204312685,198,48.0,-9.0,0.24
07:44:04,131.0,53.0,135.21,57.0,129.44,54.0,136.26,69.0,133.11,4.210000000000008,107.0,126.0,1.853825773892931,233,-19.0,35.0,-0.08
07:44:05,133.04,166.0,134.88,34.0,131.68,103.0,220.57,46.0,133.96,1.8400000000000034,269.0,80.0,0.9092139461922424,349,189.0,116.0,0.54
07:44:06,133.0,158.0,261.5,20.0,130.0,48.0,352.44,25.0,197.25,128.5,206.0,45.0,28.644018049148745,251,161.0,-98.0,0.64
07:44:07,133.0,133.0,273.67,24.0,130.0,42.0,307.67,12.0,203.33,140.67000000000002,175.0,36.0,36.81117180965539,211,139.0,-40.0,0.66
07:44:08,133.0,209.0,314.26,38.0,130.0,66.0,368.5,24.0,223.63,181.26,275.0,62.0,41.97789394431287,337,213.0,126.0,0.63
07:44:09,133.0,190.0,201.5,24.0,130.0,60.0,247.86,28.0,167.25,68.5,250.0,52.0,34.994417840564,302,198.0,-35.0,0.66
07:44:10,133.0,133.0,195.9,21.0,130.0,42.0,197.45,22.0,164.45,62.900000000000006,175.0,43.0,25.12273711202639,218,132.0,-84.0,0.61
07:44:11,133.0,282.0,184.13,61.0,130.0,108.0,187.23,65.0,158.57,51.129999999999995,390.0,126.0,28.51359815947442,516,264.0,169.5,0.51
07:44:12,133.0,163.0,181.22,46.0,130.28,75.0,182.34,38.0,157.11,48.22,238.0,84.0,27.942149523613548,322,154.0,-170.5,0.48
07:44:13,133.0,179.0,160.9,40.0,130.0,84.0,168.24,42.0,146.95,27.900000000000006,263.0,82.0,7.852304120445623,345,181.0,23.0,0.52
07:44:14,133.0,144.0,141.71,34.0,130.0,72.0,142.3,33.0,137.35,8.710000000000008,216.0,67.0,10.729393272686195,283,149.0,-62.0,0.53
07:44:15,133.0,124.0,138.66,32.0,130.0,66.0,141.17,24.0,135.83,5.659999999999997,190.0,56.0,10.65175666263366,246,134.0,-37.0,0.54
07:44:16,133.0,80.0,137.0,28.0,130.0,48.0,139.2,20.0,135.0,4.0,128.0,48.0,9.493451427165885,176,80.0,-70.0,0.45
07:44:17,133.0,100.0,135.61,54.0,130.0,84.0,138.05,39.0,134.31,2.6100000000000136,184.0,93.0,5.19103265256108,277,91.0,101.0,0.33
07:44:18,131.5,48.0,134.21,42.0,129.53,68.0,136.85,26.0,132.86,2.710000000000008,116.0,68.0,1.6764993289452212,184,48.0,-93.0,0.26
07:44:19,130.0,60.0,132.62,39.0,129.0,112.0,134.84,31.0,131.31,2.6200000000000045,172.0,70.0,1.7948175394599546,242,102.0,58.0,0.42
07:44:20,129.2,50.0,131.2,30.0,128.33,60.0,132.14,28.0,130.2,2.0,110.0,58.0,2.0052007380689947,168,52.0,-74.0,0.31
07:44:21,129.0,61.0,130.82,33.0,127.0,44.0,255.13,15.0,129.91,1.8199999999999932,105.0,48.0,1.8548773544231545,153,57.0,-15.0,0.37
07:44:22,129.0,47.0,140.61,28.0,127.9,40.0,409.62,13.0,134.8,11.610000000000014,87.0,41.0,2.0306723024535254,128,46.0,-25.0,0.36
07:44:23,131.29,31.0,435.71,34.0,129.55,22.0,481.1,29.0,283.5,304.41999999999996,53.0,63.0,67.97970013173027,116,-10.0,-12.0,-0.09
07:44:24,132.14,42.0,259.87,38.0,130.92,26.0,386.39,41.0,196.01,127.73000000000002,68.0,79.0,66.83896864853598,147,-11.0,31.0,-0.07
07:44:25,133.55,22.0,143.0,50.0,132.0,22.0,148.11,53.0,138.27,9.449999999999989,44.0,103.0,65.57570258868734,147,-59.0,0.0,-0.4
07:44:26,133.76,17.0,135.39,41.0,131.67,18.0,141.5,40.0,134.58,1.6299999999999955,35.0,81.0,64.77462134200381,116,-46.0,-31.0,-0.4
07:44:27,132.0,30.0,146.2,74.0,129.0,30.0,168.23,35.0,139.1,14.199999999999989,60.0,109.0,64.09204919488826,169,-49.0,53.0,-0.29
07:44:28,132.0,18.0,143.78,37.0,129.0,23.0,208.1,29.0,137.89,11.780000000000001,41.0,66.0,26.24074598787093,107,-25.0,-62.0,-0.23
07:44:29,130.33,27.0,133.0,46.0,128.38,48.0,133.64,25.0,131.67,2.6699999999999875,75.0,71.0,3.108226182239442,146,4.0,39.0,0.03
07:44:30,129.92,137.0,131.0,40.0,128.38,48.0,132.0,56.0,130.46,1.0800000000000125,185.0,96.0,3.7650033200460835,281,89.0,135.0,0.32
07:44:31,129.92,119.0,131.19,42.0,128.29,51.0,192.44,43.0,130.56,1.2700000000000102,170.0,85.0,4.210573595124259,255,85.0,-26.0,0.33
07:44:32,130.38,74.0,175.5,40.0,130.33,24.0,415.88,32.0,152.94,45.120000000000005,98.0,72.0,9.579818891814133,170,26.0,-85.0,0.15
07:44:33,133.23,39.0,262.63,38.0,131.07,60.0,364.83,29.0,197.93,129.4,99.0,67.0,29.12622478111375,166,32.0,-4.0,0.19
07:44:34,134.0,48.0,345.0,24.0,132.0,6.0,554.12,24.0,239.5,211.0,54.0,48.0,47.486622537299645,102,6.0,-64.0,0.06
07:44:35,134.0,26.0,284.74,38.0,132.0,8.0,488.53,34.0,209.37,150.74,34.0,72.0,43.92399970403403,106,-38.0,4.0,-0.36
07:44:36,134.0,4.0,238.0,10.0,132.0,2.0,460.0,8.0,186.0,104.0,6.0,18.0,31.71082575399112,24,-12.0,-82.0,-0.5
07:44:37,134.0,15.0,262.57,35.0,132.0,7.0,505.67,18.0,198.29,128.57,22.0,53.0,20.35889412517267,75,-31.0,51.0,-0.41
07:44:38,134.0,23.0,194.0,45.0,132.0,9.0,603.55,11.0,164.0,60.0,32.0,56.0,28.023908899366397,88,-24.0,13.0,-0.27
07:44:39,134.0,7.0,325.0,35.0,132.0,7.0,597.18,11.0,229.5,191.0,14.0,46.0,24.596736978712972,60,-32.0,-28.0,-0.53
07:44:40,128.18,33.0,323.65,37.0,127.1,49.0,584.41,17.0,225.92,195.46999999999997,82.0,54.0,27.54209360233872,136,28.0,76.0,0.21
07:44:41,128.0,32.0,292.5,16.0,127.0,48.0,639.84,32.0,210.25,164.5,80.0,48.0,26.40895056604843,128,32.0,-8.0,0.25
07:44:42,128.46,26.0,380.84,38.0,127.06,67.0,474.73,37.0,254.65,252.37999999999997,93.0,75.0,33.57010917468091,168,18.0,40.0,0.11
07:44:43,127.0,27.0,236.86,28.0,126.0,45.0,279.59,29.0,181.93,109.86000000000001,72.0,57.0,26.782894727792158,129,15.0,-39.0,0.12
07:44:44,127.5,30.0,150.62,32.0,126.38,40.0,189.11,18.0,139.06,23.120000000000005,70.0,50.0,44.090375026756,120,20.0,-9.0,0.17
07:44:45,130.58,26.0,149.0,18.0,128.5,28.0,150.0,18.0,139.79,18.419999999999987,54.0,36.0,49.123429033405046,90,18.0,-30.0,0.2
07:44:46,134.0,53.0,146.86,14.0,132.52,25.0,148.4,10.0,140.43,12.860000000000014,78.0,24.0,50.113351713889344,102,54.0,12.0,0.53
07:44:47,134.0,117.0,143.57,35.0,133.0,54.0,144.39,28.0,138.79,9.569999999999993,171.0,63.0,18.978287593983964,234,108.0,132.0,0.46
07:44:48,134.0,36.0,139.11,18.0,133.0,27.0,139.81,26.0,136.56,5.110000000000014,63.0,44.0,1.4699421757203923,107,19.0,-127.0,0.18
07:44:49,134.0,36.0,135.92,12.0,133.0,27.0,137.6,15.0,134.96,1.9199999999999875,63.0,27.0,2.2908579178904085,90,36.0,-17.0,0.4
07:44:50,134.0,28.0,135.04,26.0,133.0,27.0,137.15,13.0,134.52,1.039999999999992,55.0,39.0,2.522948671685699,94,16.0,4.0,0.17
07:44:51,134.0,18.0,135.0,45.0,133.0,27.0,136.0,9.0,134.5,1.0,45.0,54.0,1.8391519784835708,99,-9.0,5.0,-0.09
07:44:52,133.56,27.0,135.0,75.0,132.2,45.0,223.63,59.0,134.28,1.4399999999999977,72.0,134.0,0.9256781297835764,206,-62.0,107.0,-0.3
07:44:53,130.67,27.0,134.0,55.0,127.28,32.0,230.0,55.0,132.33,3.3300000000000125,59.0,110.0,1.029524161911304,169,-51.0,-37.0,-0.3
07:44:54,127.0,12.0,133.04,28.0,126.0,54.0,149.58,48.0,130.02,6.039999999999992,66.0,76.0,1.9649173010482264,142,-10.0,-27.0,-0.07
07:44:55,127.19,47.0,131.46,13.0,126.04,25.0,166.91,33.0,129.33,4.27000000000001,72.0,46.0,2.375093682354041,118,26.0,-24.0,0.22
07:44:56,127.0,48.0,129.57,14.0,126.0,24.0,152.14,14.0,128.29,2.569999999999993,72.0,28.0,2.4242627745270107,100,44.0,-18.0,0.44
07:44:57,127.0,71.0,128.5,22.0,126.0,42.0,243.78,23.0,127.75,1.5,113.0,45.0,1.790608834993468,158,68.0,58.0,0.43
07:44:58,129.29,56.0,167.65,20.0,126.64,50.0,233.33,60.0,148.47,38.360000000000014,106.0,80.0,8.819819726046463,186,26.0,28.0,0.14
07:44:59,130.9,31.0,290.0,64.0,127.6,30.0,522.04,24.0,210.45,159.1,61.0,88.0,35.509358203154925,149,-27.0,-37.0,-0.18
07:45:00,127.17,24.0,272.67,60.0,92.62,26.0,549.22,41.0,199.92,145.5,50.0,101.0,39.60130528151784,151,-51.0,2.0,-0.34
07:45:01,92.15,39.0,157.71,55.0,60.71,42.0,279.68,57.0,124.93,65.56,81.0,112.0,40.35831735838317,193,-31.0,42.0,-0.16
07:45:03,121.79,58.0,276.4,25.0,101.3,27.0,309.1,60.0,199.1,154.60999999999996,85.0,85.0,48.52270880732006,170,0.0,37.0,0.0
07:45:04,128.84,45.0,300.02,41.0,126.39,51.0,432.11,36.0,214.43,171.17999999999998,96.0,77.0,49.41371034439709,173,19.0,3.0,0.11
07:45:05,130.0,4.0,261.0,10.0,128.0,20.0,361.0,8.0,195.5,131.0,24.0,18.0,48.757177215256995,42,6.0,-131.0,0.14
07:45:06,130.0,12.0,259.67,12.0,128.0,60.0,261.0,30.0,194.83,129.67000000000002,72.0,42.0,42.95966748009092,114,30.0,72.0,0.26
07:45:07,131.0,11.0,259.0,22.0,130.0,22.0,278.2,50.0,195.0,128.0,33.0,72.0,8.37785593096394,105,-39.0,-9.0,-0.37
07:45:08,131.0,13.0,211.29,28.0,130.0,26.0,283.86,35.0,171.14,80.28999999999999,39.0,63.0,15.360187173338296,102,-24.0,-3.0,-0.24
07:45:09,129.06,18.0,146.0,14.0,128.05,44.0,152.36,22.0,137.53,16.939999999999998,62.0,36.0,25.299107691774076,98,26.0,-4.0,0.27
07:45:10,128.75,60.0,135.0,24.0,127.9,80.0,137.0,48.0,131.88,6.25,140.0,72.0,30.303774187384306,212,68.0,114.0,0.32
07:45:11,131.4,30.0,133.9,20.0,127.0,65.0,137.0,40.0,132.65,2.5,95.0,60.0,28.242297179938742,155,35.0,-57.0,0.23
07:45:12,131.29,21.0,132.89,18.0,126.2,41.0,181.62,26.0,132.09,1.5999999999999943,62.0,44.0,16.97592913510105,106,18.0,-49.0,0.17
07:45:13,127.0,10.0,131.5,20.0,126.0,110.0,132.5,20.0,129.25,4.5,120.0,40.0,3.011494645515906,160,80.0,54.0,0.5
07:45:14,127.0,11.0,130.5,16.0,126.0,121.0,131.45,22.0,128.75,3.5,132.0,38.0,1.7875346150411988,170,94.0,10.0,0.55
07:45:15,126.03,112.0,127.78,23.0,95.95,86.0,128.47,19.0,126.9,1.75,198.0,42.0,2.4031063230681653,240,156.0,70.0,0.65
07:45:16,126.0,111.0,174.35,17.0,84.57,68.0,246.59,34.0,150.18,48.349999999999994,179.0,51.0,9.544287820469963,230,128.0,-10.0,0.56
07:45:17,128.0,26.0,288.0,7.0,126.0,27.0,458.0,28.0,208.0,160.0,53.0,35.0,34.5332814832297,88,18.0,-142.0,0.2
07:45:18,130.0,14.0,373.79,19.0,126.0,35.0,524.27,22.0,251.89,243.79000000000002,49.0,41.0,54.892060719196735,90,8.0,2.0,0.09
07:45:19,130.07,15.0,297.75,16.0,126.22,37.0,574.12,32.0,213.91,167.68,52.0,48.0,50.72757563692538,100,4.0,10.0,0.04
07:45:20,131.18,17.0,264.0,26.0,128.0,38.0,518.53,34.0,197.59,132.82,55.0,60.0,36.554232723447896,115,-5.0,15.0,-0.04
07:45:21,126.27,37.0,157.22,36.0,111.67,18.0,217.27,33.0,141.75,30.950000000000003,55.0,69.0,39.73159599109994,124,-14.0,9.0,-0.11
07:45:22,126.0,60.0,198.19,53.0,113.0,24.0,462.36,33.0,162.09,72.19,84.0,86.0,43.32240852030259,170,-2.0,46.0,-0.01
07:45:23,126.98,46.0,225.0,50.0,120.41,39.0,691.2,30.0,175.99,98.02,85.0,80.0,28.47882160483442,165,5.0,-5.0,0.03
07:45:24,126.0,12.0,224.07,42.0,120.0,48.0,319.0,33.0,175.04,98.07,60.0,75.0,20.505548517413082,135,-15.0,-30.0,-0.11
07:45:25,129.87,31.0,202.35,34.0,121.06,34.0,234.79,34.0,166.11,72.47999999999999,65.0,68.0,13.861929158669813,133,-3.0,-2.0,-0.02
07:45:26,131.38,48.0,184.87,45.0,127.48,81.0,366.64,33.0,158.12,53.49000000000001,129.0,78.0,7.875782500804671,207,51.0,74.0,0.25
07:45:27,132.25,8.0,184.0,18.0,126.91,44.0,374.5,12.0,158.12,51.75,52.0,30.0,8.709731913209549,82,22.0,-125.0,0.27
07:45:28,126.0,30.0,183.0,27.0,111.0,27.0,386.2,20.0,154.5,57.0,57.0,47.0,8.254969412419394,104,10.0,22.0,0.1
07:45:29,127.27,30.0,176.27,33.0,121.85,34.0,201.25,36.0,151.77,49.000000000000014,64.0,69.0,5.39636266386708,133,-5.0,29.0,-0.04
07:45:30,130.0,17.0,179.2,30.0,127.0,20.0,231.4,30.0,154.6,49.19999999999999,37.0,60.0,2.7120693206439266,97,-23.0,-36.0,-0.24
07:45:31,130.0,6.0,178.0,18.0,127.0,12.0,234.0,18.0,154.0,48.0,18.0,36.0,2.2786662765700947,54,-18.0,-43.0,-0.33
07:45:34,130.71,14.0,173.21,48.0,126.14,86.0,174.72,64.0,151.96,42.5,100.0,112.0,1.2289507719911619,212,-12.0,92.0,-0.06
07:45:35,130.0,10.0,169.15,40.0,126.0,80.0,170.85,40.0,149.57,39.150000000000006,90.0,80.0,2.270918316447649,170,10.0,-42.0,0.06
07:45:36,131.2,10.0,163.4,50.0,126.9,31.0,169.0,30.0,147.3,32.20000000000002,41.0,80.0,3.3003439214689516,121,-39.0,-49.0,-0.32
07:45:37,133.64,11.0,160.09,33.0,130.0,11.0,162.0,55.0,146.86,26.450000000000017,22.0,88.0,3.2178750752595424,110,-66.0,-11.0,-0.6
07:45:40,133.12,16.0,148.02,45.0,130.38,16.0,148.65,37.0,140.57,14.900000000000006,32.0,82.0,2.7917073628830527,114,-50.0,25.0,-0.44
07:45:41,130.0,10.0,143.45,33.0,127.0,20.0,144.35,34.0,136.73,13.449999999999989,30.0,67.0,4.213142532596657,97,-37.0,-17.0,-0.38
07:45:42,130.58,19.0,138.44,32.0,127.71,21.0,141.55,33.0,134.51,7.859999999999985,40.0,65.0,4.841892192105719,105,-25.0,8.0,-0.24
07:45:43,130.0,24.0,136.08,36.0,127.0,24.0,137.16,31.0,133.04,6.0800000000000125,48.0,67.0,4.437394505785315,115,-19.0,10.0,-0.17
07:45:44,130.6,30.0,133.1,61.0,129.31,35.0,134.31,39.0,131.85,2.5,65.0,100.0,3.4439802554563506,165,-35.0,50.0,-0.21
07:45:45,130.04,54.0,131.53,57.0,127.15,61.0,132.62,71.0,130.78,1.490000000000009,115.0,128.0,2.3300150214049773,243,-13.0,78.0,-0.05
07:45:46,128.5,24.0,131.25,24.0,126.79,56.0,144.5,30.0,129.88,2.75,80.0,54.0,1.8293632772012747,134,26.0,-109.0,0.19
07:45:47,130.0,39.0,178.71,35.0,127.0,78.0,309.86,42.0,154.36,48.71000000000001,117.0,77.0,10.341359678493614,194,40.0,60.0,0.21
