Time,Bid1_Price,Bid1_Volume,Ask1_Price,Ask1_Volume,Bid2_Price,Bid2_Volume,Ask2_Price,Ask2_Volume,Mid-Price,Bid_Ask_Spread,Market_Depth_Bid,Market_Depth_Ask,Historical_Volatility,Total_volume,Cumulative_Volume_Difference,Total_Volume_Change_Corrected,Order_imbalance
07:30:13,125.86,29.0,141.0,9.0,110.45,22.0,142.0,36.0,133.43,15.14,51.0,45.0,7.085905023354468,96,6.0,71.0,0.06
07:30:14,133.96,23.0,141.0,9.0,132.56,36.0,142.0,36.0,137.48,7.039999999999992,59.0,45.0,9.60952288097593,104,14.0,8.0,0.13
07:30:15,138.28,36.0,141.67,24.0,136.88,24.0,142.05,42.0,139.97,3.3899999999999864,60.0,66.0,10.254220106863313,126,-6.0,22.0,-0.05
07:30:16,141.0,24.0,142.0,48.0,135.0,6.0,143.0,6.0,141.5,1.0,30.0,54.0,8.933792587697555,84,-24.0,-42.0,-0.29
07:30:17,136.17,12.0,142.0,40.0,135.0,18.0,143.0,10.0,139.08,5.8300000000000125,30.0,50.0,3.0832726120146594,80,-20.0,-4.0,-0.25
07:30:18,139.93,15.0,150.48,46.0,136.33,24.0,155.39,31.0,145.21,10.549999999999983,39.0,77.0,2.9365064277129993,116,-38.0,36.0,-0.33
07:30:19,143.38,21.0,155.0,65.0,142.66,32.0,159.0,52.0,149.19,11.620000000000005,53.0,117.0,4.183210489564173,170,-64.0,54.0,-0.38
07:30:20,148.56,18.0,155.0,50.0,146.2,20.0,159.0,40.0,151.78,6.439999999999998,38.0,90.0,5.249892379849296,128,-52.0,-42.0,-0.41
07:30:21,152.57,23.0,155.0,75.0,150.73,22.0,159.0,60.0,153.78,2.430000000000007,45.0,135.0,5.836931556905539,180,-90.0,52.0,-0.5
07:30:22,153.0,22.0,155.0,55.0,152.0,11.0,159.0,44.0,154.0,2.0,33.0,99.0,3.6715351012893622,132,-66.0,-48.0,-0.5
07:30:23,153.0,28.0,155.0,70.0,152.0,14.0,159.0,56.0,154.0,2.0,42.0,126.0,2.0976415327696047,168,-84.0,36.0,-0.5
07:30:24,153.62,16.0,155.0,41.0,151.56,9.0,159.0,36.0,154.31,1.3799999999999955,25.0,77.0,1.0204802790843386,102,-52.0,-66.0,-0.51
07:30:25,152.0,10.0,154.75,32.0,150.0,10.0,158.37,38.0,153.38,2.75,20.0,70.0,0.3437731810366595,90,-50.0,-12.0,-0.56
07:30:26,151.0,14.0,153.33,48.0,149.5,14.0,154.3,46.0,152.17,2.3300000000000125,28.0,94.0,0.853445956109729,122,-66.0,32.0,-0.54
07:30:27,150.0,8.0,151.12,16.0,149.0,8.0,153.0,32.0,150.56,1.1200000000000045,16.0,48.0,1.535880854754045,64,-32.0,-58.0,-0.5
07:30:28,147.58,26.0,152.1,20.0,144.65,40.0,153.29,42.0,149.84,4.519999999999982,66.0,62.0,1.8704999331729455,128,4.0,64.0,0.03
07:30:29,146.52,46.0,150.81,16.0,144.76,58.0,153.0,64.0,148.67,4.289999999999992,104.0,80.0,1.868991706776669,184,24.0,56.0,0.13
07:30:30,147.4,80.0,150.87,15.0,145.25,32.0,153.7,57.0,149.13,3.469999999999999,112.0,72.0,1.373546504491177,184,40.0,0.0,0.22
07:30:31,148.0,88.0,150.5,10.0,146.0,40.0,153.0,30.0,149.25,2.5,128.0,40.0,0.7292119033586354,168,88.0,-16.0,0.52
07:30:32,148.0,121.0,149.53,17.0,146.0,68.0,153.0,51.0,148.76,1.5300000000000011,189.0,68.0,0.46556417387928656,257,121.0,89.0,0.47
07:30:33,148.16,73.0,152.18,34.0,147.24,66.0,153.63,57.0,150.17,4.02000000000001,139.0,91.0,0.5963891347097959,230,48.0,-27.0,0.21
07:30:34,148.18,33.0,153.43,28.0,146.86,42.0,154.11,27.0,150.81,5.25,75.0,55.0,0.841890729251684,130,20.0,-100.0,0.15
07:30:35,148.55,11.0,153.0,14.0,147.76,34.0,154.0,28.0,150.77,4.449999999999989,45.0,42.0,0.9173984957476039,87,3.0,-43.0,0.03
07:30:36,149.62,8.0,153.0,16.0,148.0,40.0,154.03,29.0,151.31,3.3799999999999955,48.0,45.0,0.9835039400022728,93,3.0,6.0,0.03
07:30:37,148.32,25.0,153.0,16.0,145.82,44.0,155.0,8.0,150.66,4.680000000000007,69.0,24.0,0.40679233031118395,93,45.0,0.0,0.48
07:30:38,149.4,10.0,153.0,10.0,148.0,25.0,154.2,5.0,151.2,3.5999999999999943,35.0,15.0,0.28644371174805183,50,20.0,-43.0,0.4
07:30:39,150.29,17.0,165.62,16.0,148.1,42.0,288.93,15.0,157.96,15.330000000000013,59.0,31.0,3.1314613202145827,90,28.0,40.0,0.31
07:30:41,154.58,24.0,421.51,37.0,148.96,47.0,586.4,25.0,288.05,266.92999999999995,71.0,62.0,71.99018044150189,133,9.0,79.0,0.07
07:30:43,154.0,8.0,439.17,12.0,148.0,20.0,513.25,12.0,296.58,285.17,28.0,24.0,66.31901024593172,52,4.0,-91.0,0.08
07:30:44,154.0,10.0,406.07,14.0,148.0,25.0,439.59,17.0,280.04,252.07,35.0,31.0,21.607148817000244,66,4.0,14.0,0.06
07:30:46,154.0,20.0,337.41,32.0,148.31,26.0,339.12,17.0,245.7,183.41000000000003,46.0,49.0,36.29827957355549,95,-3.0,21.0,-0.03
07:30:47,149.94,31.0,288.33,24.0,145.67,48.0,322.48,42.0,219.13,138.39,79.0,66.0,30.626742072900864,145,13.0,50.0,0.09
07:30:48,148.0,30.0,170.62,26.0,144.0,46.0,171.67,12.0,159.31,22.620000000000005,76.0,38.0,45.17244702249364,114,38.0,-31.0,0.33
07:30:49,148.0,33.0,168.37,43.0,144.0,66.0,169.71,34.0,158.19,20.370000000000005,99.0,77.0,44.48065107437158,176,22.0,62.0,0.12
07:30:50,148.34,41.0,154.36,50.0,145.32,50.0,157.49,41.0,151.35,6.02000000000001,91.0,91.0,42.85251777900562,182,0.0,6.0,0.0
07:30:51,149.0,20.0,151.4,20.0,148.0,30.0,153.0,50.0,150.2,2.4000000000000057,50.0,70.0,29.06642874520352,120,-20.0,-62.0,-0.17
07:30:52,148.36,11.0,151.0,18.0,146.44,27.0,153.0,45.0,149.68,2.6399999999999864,38.0,63.0,4.624784319294628,101,-25.0,-19.0,-0.25
07:30:53,148.0,9.0,150.05,42.0,146.0,27.0,151.48,21.0,149.02,2.0500000000000114,36.0,63.0,3.733452825467775,99,-27.0,-2.0,-0.27
07:30:54,148.0,12.0,149.56,36.0,146.0,36.0,150.17,48.0,148.78,1.5600000000000023,48.0,84.0,1.02780348315868,132,-36.0,33.0,-0.27
07:30:55,145.8,40.0,147.69,52.0,144.86,28.0,152.62,48.0,146.75,1.8899999999999864,68.0,100.0,1.3180212441357078,168,-32.0,36.0,-0.19
07:30:56,145.0,18.0,146.53,30.0,144.0,9.0,149.62,32.0,145.77,1.5300000000000011,27.0,62.0,1.6588098142924508,89,-35.0,-79.0,-0.39
07:30:58,121.0,70.0,148.5,32.0,91.29,49.0,152.13,30.0,134.75,27.5,119.0,62.0,17.35232059408746,181,57.0,61.0,0.31
07:30:59,137.75,53.0,150.0,36.0,132.29,45.0,154.0,24.0,143.88,12.25,98.0,60.0,16.618565822597077,158,38.0,-23.0,0.24
07:31:00,147.63,46.0,287.11,46.0,145.81,54.0,351.46,39.0,217.37,139.48000000000002,100.0,85.0,40.80428470148684,185,15.0,27.0,0.08
07:31:09,151.47,30.0,155.78,23.0,149.73,48.0,246.13,31.0,153.62,4.310000000000002,78.0,54.0,14.900963727222319,132,24.0,-10.0,0.18
07:31:10,149.53,51.0,153.29,21.0,148.85,40.0,154.13,31.0,151.41,3.759999999999991,91.0,52.0,10.666495206955046,143,39.0,11.0,0.27
07:31:11,148.94,16.0,150.73,11.0,146.0,19.0,153.5,20.0,149.83,1.789999999999992,35.0,31.0,4.817423585278226,66,4.0,-77.0,0.06
07:31:12,148.0,13.0,166.72,29.0,144.0,71.0,214.14,29.0,157.36,18.72,84.0,58.0,3.202244525328278,142,26.0,76.0,0.18
07:31:14,152.31,13.0,323.96,25.0,144.45,31.0,421.75,28.0,238.13,171.64999999999998,44.0,53.0,47.20911034959241,97,-9.0,39.0,-0.09
07:31:15,146.1,20.0,257.0,18.0,143.05,81.0,398.8,25.0,201.55,110.9,101.0,43.0,42.804709086734746,144,58.0,47.0,0.4
07:31:16,144.0,14.0,161.0,14.0,143.0,77.0,255.71,14.0,152.5,17.0,91.0,28.0,42.07476405162591,119,63.0,-25.0,0.53
07:31:17,144.0,10.0,178.4,10.0,143.0,55.0,267.2,10.0,161.2,34.400000000000006,65.0,20.0,41.17656432972514,85,45.0,-34.0,0.53
07:31:18,145.09,22.0,333.81,26.0,143.18,67.0,460.86,21.0,239.45,188.72,89.0,47.0,41.12180115218681,136,42.0,51.0,0.31
07:31:19,144.0,10.0,147.0,25.0,143.0,55.0,461.71,7.0,145.5,3.0,65.0,32.0,39.68197638727176,97,33.0,-39.0,0.34
07:31:20,144.52,23.0,146.85,59.0,142.77,125.0,244.84,38.0,145.68,2.329999999999984,148.0,97.0,39.97585246120455,245,51.0,148.0,0.21
07:31:21,145.75,8.0,147.0,15.0,143.09,23.0,154.0,3.0,146.38,1.25,31.0,18.0,40.68955173014313,49,13.0,-166.5,0.27
07:31:22,146.0,72.0,147.0,60.0,144.01,122.0,153.67,12.0,146.5,1.0,194.0,72.0,41.78763357741132,266,122.0,165.5,0.46
07:31:23,144.86,35.0,148.5,22.0,140.69,100.0,212.13,15.0,146.68,3.6399999999999864,135.0,37.0,0.5243281415240516,172,98.0,-94.0,0.57
07:31:24,143.0,6.0,146.8,10.0,139.0,66.0,164.0,8.0,144.9,3.8000000000000114,72.0,18.0,0.7357445208726059,90,54.0,-82.0,0.6
07:31:25,144.0,10.0,146.0,42.0,139.9,20.0,154.0,10.0,145.0,2.0,30.0,52.0,0.8672485226243161,82,-22.0,-8.0,-0.27
07:31:26,141.67,6.0,146.0,20.0,139.04,46.0,153.0,6.0,143.83,4.3300000000000125,52.0,26.0,1.196001672237137,78,26.0,-4.0,0.33
07:31:27,138.79,33.0,152.0,9.0,129.13,46.0,219.0,18.0,145.39,13.210000000000008,79.0,27.0,1.0277888888259163,106,52.0,28.0,0.49
07:31:28,138.0,35.0,152.0,7.0,111.19,31.0,473.14,14.0,145.0,14.0,66.0,21.0,0.5865407061696424,87,45.0,-19.0,0.52
07:31:29,138.0,45.0,144.0,15.0,118.55,53.0,468.0,12.0,141.0,6.0,98.0,27.0,1.799397121258659,125,71.0,38.0,0.57
07:31:31,154.0,16.0,167.0,24.0,145.5,40.0,534.25,16.0,160.5,13.0,56.0,40.0,66.0249655054813,96,16.0,0.0,0.17
07:31:32,154.0,12.0,229.0,18.0,138.0,60.0,419.67,12.0,191.5,75.0,72.0,30.0,63.628301721796696,102,42.0,6.0,0.41
07:31:33,154.0,16.0,367.96,23.0,138.0,50.0,397.82,17.0,260.98,213.95999999999998,66.0,40.0,65.80483416892712,106,26.0,4.0,0.25
07:31:34,154.0,28.0,260.77,43.0,144.22,54.0,302.75,44.0,207.38,106.76999999999998,82.0,87.0,54.13306180145363,169,-5.0,63.0,-0.03
07:31:35,153.06,34.0,252.81,52.0,151.06,51.0,255.02,49.0,202.93,99.75,85.0,101.0,36.41986024135729,186,-16.0,17.0,-0.09
07:31:36,152.0,34.0,248.3,60.0,150.0,51.0,249.9,40.0,200.15,96.30000000000001,85.0,100.0,27.665833983453254,185,-15.0,-1.0,-0.08
07:31:37,152.0,30.0,239.95,55.0,150.0,45.0,247.77,39.0,195.97,87.94999999999999,75.0,94.0,26.87494874413711,169,-19.0,-16.0,-0.11
07:31:38,151.67,12.0,231.38,39.0,140.53,38.0,236.38,37.0,191.53,79.71000000000001,50.0,76.0,6.1282395514532695,126,-26.0,-43.0,-0.21
07:31:39,141.18,51.0,198.28,57.0,109.17,63.0,206.06,62.0,169.73,57.099999999999994,114.0,119.0,13.207979406404148,233,-5.0,107.0,-0.02
07:31:40,138.55,109.0,140.38,26.0,122.94,79.0,141.86,37.0,139.47,1.829999999999984,188.0,63.0,25.20006746022707,251,125.0,18.0,0.5
07:31:41,139.6,95.0,142.55,47.0,138.59,37.0,145.63,46.0,141.08,2.950000000000017,132.0,93.0,26.81714153298211,225,39.0,-26.0,0.17
07:31:42,143.74,23.0,146.24,37.0,142.14,22.0,159.0,27.0,144.99,2.5,45.0,64.0,22.686522430729497,109,-19.0,-116.0,-0.17
07:31:43,144.05,38.0,146.38,32.0,142.22,46.0,151.36,44.0,145.21,2.329999999999984,84.0,76.0,12.3454274936104,160,8.0,51.0,0.05
07:31:44,145.85,26.0,147.33,27.0,142.4,40.0,150.53,17.0,146.59,1.4800000000000182,66.0,44.0,3.032510511109743,110,22.0,-50.0,0.2
07:31:45,147.71,34.0,150.0,10.0,141.85,34.0,151.0,30.0,148.85,2.289999999999992,68.0,40.0,2.8359090253375987,108,28.0,-2.0,0.26
07:31:46,149.5,12.0,170.54,13.0,146.54,26.0,167.18,17.0,160.02,21.039999999999992,38.0,30.0,6.277501095180438,68,8.0,-40.0,0.12
07:31:47,153.12,8.0,194.0,12.0,149.94,16.0,214.0,6.0,173.56,40.879999999999995,24.0,18.0,11.978628051659006,42,6.0,-26.0,0.14
07:31:48,153.0,10.0,179.32,19.0,149.9,20.0,203.09,11.0,166.16,26.319999999999993,30.0,30.0,11.416257267598358,60,0.0,18.0,0.0
07:31:49,150.57,14.0,198.0,10.0,142.12,16.0,448.6,10.0,174.29,47.43000000000001,30.0,20.0,10.555180244789407,50,10.0,-10.0,0.2
07:32:04,153.07,15.0,159.0,36.0,150.03,148.0,160.0,24.0,156.03,5.930000000000007,163.0,60.0,1.4362903606142294,223,103.0,100.0,0.46
07:32:05,152.0,13.0,157.86,42.0,150.0,169.0,158.61,41.0,154.93,5.860000000000014,182.0,83.0,1.9365872043348298,265,99.0,42.0,0.37
07:32:06,150.13,78.0,156.02,49.0,149.76,74.0,157.57,49.0,153.07,5.890000000000015,152.0,98.0,2.4755060088784764,250,54.0,-15.0,0.22
07:32:07,149.75,16.0,153.09,47.0,146.89,18.0,154.72,50.0,151.42,3.3400000000000034,34.0,97.0,2.721975385633296,131,-63.0,-119.0,-0.48
07:32:08,143.52,29.0,147.39,38.0,142.1,58.0,149.19,43.0,145.46,3.869999999999976,87.0,81.0,4.150695122505818,168,6.0,37.0,0.04
07:32:09,143.0,28.0,144.8,30.0,100.25,64.0,146.6,30.0,143.9,1.8000000000000114,92.0,60.0,4.828822837917508,152,32.0,-16.0,0.21
07:32:10,142.23,13.0,144.62,16.0,102.58,31.0,149.62,26.0,143.43,2.390000000000015,44.0,42.0,4.474039561737671,86,2.0,-66.0,0.02
07:32:11,142.35,34.0,150.14,42.0,96.64,28.0,343.97,32.0,146.25,7.789999999999992,62.0,74.0,3.1899482754417625,136,-12.0,50.0,-0.09
07:32:12,144.0,28.0,147.72,32.0,143.0,56.0,270.98,50.0,145.86,3.719999999999999,84.0,82.0,1.243643839688018,166,2.0,30.0,0.01
07:32:13,144.0,24.0,146.75,12.0,143.0,48.0,148.0,36.0,145.38,2.75,72.0,48.0,1.2364182140335673,120,24.0,-46.0,0.2
07:32:14,144.0,16.0,145.12,8.0,143.0,32.0,148.0,24.0,144.56,1.1200000000000045,48.0,32.0,1.1246021518714793,80,16.0,-40.0,0.2
07:32:15,145.41,17.0,148.66,32.0,143.08,39.0,262.97,31.0,147.03,3.25,56.0,63.0,0.9262451079460415,119,-7.0,39.0,-0.06
07:32:16,143.36,25.0,149.0,27.0,140.0,40.0,334.0,39.0,146.18,5.639999999999986,65.0,66.0,0.9185423234636353,131,-1.0,12.0,-0.01
07:32:17,143.0,32.0,149.0,16.0,91.84,19.0,413.78,27.0,146.0,6.0,51.0,43.0,0.9228759396549312,94,8.0,-37.0,0.09
07:32:18,143.75,48.0,148.0,36.0,100.0,24.0,149.0,33.0,145.88,4.25,72.0,69.0,0.8883692925771169,141,3.0,47.0,0.02
07:32:19,144.0,32.0,207.57,28.0,66.18,11.0,332.69,32.0,175.79,63.56999999999999,43.0,60.0,13.208301556218107,103,-17.0,-38.0,-0.17
07:32:20,145.29,28.0,228.8,40.0,112.16,19.0,417.31,35.0,187.04,83.51000000000002,47.0,75.0,19.790743290740572,122,-28.0,19.0,-0.23
07:32:21,148.45,11.0,286.0,32.0,145.67,18.0,378.04,26.0,217.23,137.55,29.0,58.0,30.066843366073396,87,-29.0,-35.0,-0.33
07:32:22,149.53,45.0,213.94,62.0,147.13,45.0,227.97,67.0,181.73,64.41,90.0,129.0,25.538011473096162,219,-39.0,132.0,-0.18
07:32:23,150.0,42.0,168.79,56.0,149.0,31.0,268.83,48.0,159.39,18.789999999999992,73.0,104.0,21.16249701712894,177,-31.0,-42.0,-0.18
07:32:24,150.66,29.0,167.6,20.0,148.6,20.0,179.21,38.0,159.13,16.939999999999998,49.0,58.0,23.952402384729414,107,-9.0,-70.0,-0.08
07:32:25,140.86,14.0,164.27,41.0,100.85,26.0,167.38,29.0,152.56,23.409999999999997,40.0,70.0,26.56514671519794,110,-30.0,3.0,-0.27
07:32:26,136.0,28.0,160.71,24.0,102.33,36.0,161.29,51.0,148.35,24.710000000000008,64.0,75.0,12.885349044554182,139,-11.0,29.0,-0.08
07:32:27,154.0,13.0,158.27,22.0,128.0,78.0,160.3,43.0,156.14,4.27000000000001,91.0,65.0,4.683474137858979,156,26.0,17.0,0.17
07:32:28,129.54,39.0,155.67,27.0,119.58,38.0,157.67,18.0,142.6,26.129999999999995,77.0,45.0,6.512966298085247,122,32.0,-34.0,0.26
07:32:30,151.64,77.0,206.55,33.0,146.56,71.0,622.88,32.0,179.09,54.910000000000025,148.0,65.0,13.996505635336069,213,83.0,126.0,0.39
07:32:31,152.65,31.0,369.11,28.0,149.05,57.0,448.12,24.0,260.88,216.46,88.0,52.0,47.128596202305815,140,36.0,-73.0,0.26
07:32:44,154.0,57.0,159.67,24.0,152.0,96.0,163.65,34.0,156.83,5.6699999999999875,153.0,58.0,2.5375381770542593,211,95.0,36.0,0.45
07:32:46,154.0,11.0,157.85,40.0,152.0,66.0,158.69,26.0,155.93,3.8499999999999943,77.0,66.0,2.2273122816544,143,11.0,-26.0,0.08
07:32:47,152.33,43.0,156.89,38.0,151.78,54.0,166.0,52.0,154.61,4.559999999999974,97.0,90.0,1.6753745849836004,187,7.0,44.0,0.04
07:32:48,152.0,66.0,155.6,30.0,151.0,22.0,165.5,40.0,153.8,3.5999999999999943,88.0,70.0,1.4184921571899398,158,18.0,-29.0,0.11
07:32:49,152.0,39.0,153.28,29.0,151.0,23.0,154.57,28.0,152.64,1.2800000000000011,62.0,57.0,1.7479788328265544,119,5.0,-39.0,0.04
07:32:50,152.0,13.0,153.0,52.0,151.0,29.0,185.63,52.0,152.5,1.0,42.0,104.0,1.4302552219831228,146,-62.0,27.0,-0.42
07:32:51,151.04,27.0,193.05,42.0,149.18,107.0,210.53,43.0,172.04,42.01000000000002,134.0,85.0,8.386651298343628,219,49.0,73.0,0.22
07:32:52,151.64,33.0,177.16,25.0,149.2,60.0,227.39,33.0,164.4,25.52000000000001,93.0,58.0,8.78795084192033,151,35.0,-68.0,0.23
07:32:53,152.0,63.0,177.0,27.0,149.3,53.0,244.0,18.0,164.5,25.0,116.0,45.0,8.479356107630318,161,71.0,10.0,0.44
07:32:54,152.5,98.0,174.55,40.0,149.74,61.0,226.29,21.0,163.53,22.05000000000001,159.0,61.0,6.994396328490889,220,98.0,59.0,0.45
07:32:55,153.77,91.0,168.64,33.0,152.0,39.0,171.41,17.0,161.2,14.869999999999976,130.0,50.0,4.082974405994525,180,80.0,-40.0,0.44
07:33:20,152.18,49.0,184.0,44.0,151.1,100.0,186.0,22.0,168.09,31.819999999999993,149.0,66.0,2.296188145603072,215,83.0,58.0,0.39
07:33:23,154.02,102.0,169.24,68.0,151.84,153.0,170.35,68.0,161.63,15.219999999999999,255.0,136.0,3.3619904818440727,391,119.0,165.5,0.3
07:33:45,154.0,14.0,246.0,28.0,152.0,28.0,247.0,35.0,200.0,92.0,42.0,63.0,3.8241378113250764,105,-21.0,-86.0,-0.2
07:33:46,154.0,30.0,220.83,46.0,152.0,60.0,233.05,61.0,187.41,66.83000000000001,90.0,107.0,7.775206106593409,197,-17.0,92.0,-0.09
07:33:47,153.08,26.0,204.07,45.0,150.74,76.0,207.28,47.0,178.57,50.98999999999998,102.0,92.0,11.196284205039161,194,10.0,-3.0,0.05
07:33:48,150.35,68.0,199.88,34.0,149.53,90.0,202.88,43.0,175.12,49.53,158.0,77.0,12.291780587043174,235,81.0,41.0,0.34
07:33:49,149.94,108.0,160.15,40.0,148.88,95.0,163.87,31.0,155.05,10.210000000000008,203.0,71.0,16.585425831133026,274,132.0,39.0,0.48
07:33:50,149.0,48.0,159.07,27.0,148.0,88.0,161.36,11.0,154.04,10.069999999999993,136.0,38.0,14.840689674001597,174,98.0,-100.0,0.56
07:33:51,151.33,18.0,159.0,32.0,149.17,46.0,161.0,8.0,155.17,7.6699999999999875,64.0,40.0,12.16934468243955,104,24.0,-70.0,0.23
07:33:52,149.0,60.0,158.18,34.0,148.0,80.0,159.5,16.0,153.59,9.180000000000007,140.0,50.0,9.262441902652952,190,90.0,86.0,0.47
07:33:53,153.67,27.0,156.16,38.0,149.39,82.0,185.82,49.0,154.91,2.490000000000009,109.0,87.0,0.6974381693185046,196,22.0,6.0,0.11
07:33:54,154.03,33.0,164.67,24.0,149.38,52.0,216.36,39.0,159.35,10.639999999999986,85.0,63.0,2.2924048508110713,148,22.0,-48.0,0.15
07:33:55,154.0,48.0,165.08,36.0,149.0,72.0,268.0,24.0,159.54,11.080000000000013,120.0,60.0,2.7444708050955597,180,60.0,32.0,0.33
07:33:56,154.0,36.0,164.44,27.0,149.0,54.0,213.0,18.0,159.22,10.439999999999998,90.0,45.0,2.8451836496123906,135,45.0,-45.0,0.33
07:34:01,152.13,47.0,159.58,36.0,150.09,94.0,206.62,16.0,155.86,7.450000000000017,141.0,52.0,1.4757472683428914,193,89.0,64.0,0.46
07:34:02,152.0,64.0,155.93,42.0,149.36,84.0,157.0,54.0,153.96,3.930000000000007,148.0,96.0,2.4640353081929898,244,52.0,51.0,0.21
07:34:03,149.92,26.0,153.18,33.0,148.5,48.0,178.76,17.0,151.55,3.2600000000000193,74.0,50.0,3.439280448003925,124,24.0,-120.0,0.19
07:34:04,149.0,72.0,151.31,16.0,148.0,96.0,158.08,60.0,150.16,2.3100000000000023,168.0,76.0,3.6218186039643916,244,92.0,120.0,0.38
07:34:05,149.0,61.0,151.71,31.0,148.0,88.0,172.37,35.0,150.35,2.710000000000008,149.0,66.0,2.46702857705845,215,83.0,-29.0,0.39
07:34:06,149.0,67.0,151.27,55.0,148.0,88.0,311.61,23.0,150.14,2.2700000000000102,155.0,78.0,1.63268796774624,233,77.0,18.0,0.33
07:34:07,148.24,63.0,249.08,39.0,147.57,42.0,331.4,30.0,198.66,100.84,105.0,69.0,21.523347091008425,174,36.0,-59.0,0.21
07:34:08,148.0,88.0,162.85,54.0,147.0,33.0,202.98,41.0,155.43,14.849999999999994,121.0,95.0,21.202326994931965,216,26.0,42.0,0.12
07:34:09,148.0,34.0,206.98,46.0,147.0,36.0,339.3,43.0,177.49,58.97999999999999,70.0,89.0,21.248680664926457,159,-19.0,-57.0,-0.12
07:34:10,148.0,9.0,378.31,39.0,147.0,27.0,468.97,30.0,263.15,230.31,36.0,69.0,45.719414147602684,105,-33.0,-54.0,-0.31
07:34:12,152.0,9.0,420.84,38.0,147.0,63.0,452.69,32.0,286.42,268.84,72.0,70.0,91.20231236103609,142,2.0,33.0,0.01
07:34:13,151.69,29.0,198.25,48.0,148.65,40.0,307.8,25.0,174.97,46.56,69.0,73.0,86.25853766439585,142,-4.0,0.0,-0.03
07:34:14,149.2,15.0,153.0,28.0,147.8,25.0,395.0,28.0,151.1,3.8000000000000114,40.0,56.0,92.8887658977123,96,-16.0,-46.0,-0.17
07:34:15,147.6,30.0,153.0,24.0,131.38,24.0,382.78,18.0,150.3,5.400000000000006,54.0,42.0,102.60513646986688,96,12.0,0.0,0.12
07:34:16,147.0,70.0,153.0,40.0,108.35,68.0,387.4,40.0,150.0,6.0,138.0,80.0,59.023513280725794,218,58.0,122.0,0.27
07:34:17,149.0,70.0,152.45,29.0,145.57,98.0,251.43,56.0,150.72,3.4499999999999886,168.0,85.0,10.937843480321785,253,83.0,35.0,0.33
07:34:18,145.75,61.0,154.91,45.0,120.04,78.0,399.52,33.0,150.33,9.159999999999997,139.0,78.0,0.4262628297407815,217,61.0,-36.0,0.28
07:34:19,149.19,31.0,155.0,39.0,145.89,44.0,510.97,35.0,152.1,5.810000000000002,75.0,74.0,0.8286736390271949,149,1.0,-68.0,0.01
07:34:20,152.07,30.0,154.65,31.0,149.03,29.0,365.91,35.0,153.36,2.5800000000000125,59.0,66.0,1.400971091785432,125,-7.0,-24.0,-0.06
07:34:21,151.0,18.0,152.97,37.0,149.0,20.0,154.12,17.0,151.99,1.9699999999999989,38.0,54.0,1.2079942052917232,92,-16.0,-33.0,-0.17
07:34:22,151.0,13.0,152.25,40.0,149.0,26.0,155.0,39.0,151.62,1.25,39.0,79.0,1.0863931148614363,118,-40.0,26.0,-0.34
07:34:23,149.15,13.0,154.57,21.0,145.18,44.0,195.89,27.0,151.86,5.4199999999999875,57.0,48.0,0.6802058512084853,105,9.0,-13.0,0.09
07:34:24,149.0,12.0,155.0,18.0,145.0,42.0,249.86,14.0,152.0,6.0,54.0,32.0,0.6848211445467097,86,22.0,-19.0,0.26
07:34:25,153.62,26.0,155.0,27.0,145.5,48.0,279.0,18.0,154.31,1.3799999999999955,74.0,45.0,1.10300951945947,119,29.0,33.0,0.24
07:34:26,152.46,26.0,155.0,9.0,148.36,55.0,279.0,14.0,153.73,2.539999999999992,81.0,23.0,1.226266692044646,104,58.0,-15.0,0.56
07:34:27,149.62,58.0,155.0,11.0,146.89,83.0,316.29,28.0,152.31,5.3799999999999955,141.0,39.0,1.1067836283655856,180,102.0,76.0,0.57
07:34:28,149.55,88.0,154.06,32.0,147.13,120.0,201.2,20.0,151.8,4.509999999999991,208.0,52.0,1.120334771404554,260,156.0,80.0,0.6
07:34:29,149.0,76.0,154.0,11.0,145.08,53.0,155.73,11.0,151.5,5.0,129.0,22.0,1.2298983697924486,151,107.0,-109.0,0.71
07:34:30,149.0,90.0,153.47,15.0,132.08,25.0,156.27,15.0,151.23,4.469999999999999,115.0,30.0,0.9882965142194301,145,85.0,-6.0,0.59
07:34:31,149.0,66.0,152.0,11.0,143.73,33.0,157.0,11.0,150.5,3.0,99.0,22.0,0.6734018117130667,121,77.0,-24.0,0.64
07:34:32,149.0,60.0,152.0,10.0,148.0,30.0,157.0,10.0,150.5,3.0,90.0,20.0,0.5887953804324011,110,70.0,-11.0,0.64
07:34:33,149.0,54.0,151.29,17.0,148.0,27.0,154.78,9.0,150.15,2.289999999999992,81.0,26.0,0.564473205757909,107,55.0,-3.0,0.51
07:34:34,149.0,70.0,150.69,26.0,148.0,42.0,152.0,38.0,149.85,1.6899999999999977,112.0,64.0,0.51558704407567,176,48.0,69.0,0.27
07:34:35,149.74,19.0,151.0,27.0,148.7,20.0,154.0,27.0,150.37,1.259999999999991,39.0,54.0,0.27682124199332875,93,-15.0,-83.0,-0.16
07:34:36,149.33,18.0,153.0,27.0,148.25,24.0,154.67,27.0,151.17,3.6699999999999875,42.0,54.0,0.49205690729700197,96,-12.0,3.0,-0.12
07:34:37,148.28,29.0,152.12,17.0,146.89,19.0,154.27,33.0,150.2,3.8400000000000034,48.0,50.0,0.4963063570202449,98,-2.0,2.0,-0.02
07:34:38,148.0,21.0,150.0,7.0,145.0,7.0,154.0,21.0,149.0,2.0,28.0,28.0,0.7903606771713578,56,0.0,-42.0,0.0
07:34:39,148.0,18.0,150.0,6.0,145.0,6.0,154.0,18.0,149.0,2.0,24.0,24.0,0.9397180428292403,48,0.0,-8.0,0.0
07:34:40,149.18,33.0,153.1,29.0,144.0,14.0,155.0,39.0,151.14,3.9199999999999875,47.0,68.0,1.0789439281161763,115,-21.0,67.0,-0.18
07:34:41,151.88,40.0,153.94,32.0,147.47,17.0,285.54,35.0,152.91,2.0600000000000023,57.0,67.0,1.6428024835684458,124,-10.0,9.0,-0.08
07:34:42,152.0,48.0,155.38,39.0,151.0,14.0,553.93,42.0,153.69,3.3799999999999955,62.0,81.0,2.1676185088752167,143,-19.0,19.0,-0.13
07:34:43,150.0,27.0,158.0,27.0,146.38,21.0,501.54,26.0,154.0,8.0,48.0,53.0,2.08052156922683,101,-5.0,-42.0,-0.05
07:34:44,150.0,36.0,367.56,34.0,148.0,144.0,548.55,47.0,258.78,217.56,180.0,81.0,47.34833186079536,261,99.0,160.0,0.38
07:34:45,148.8,60.0,419.91,22.0,147.88,99.0,546.59,46.0,284.35,271.11,159.0,68.0,65.27884902477984,227,91.0,-34.0,0.4
07:34:46,148.0,96.0,150.92,37.0,144.0,8.0,191.47,19.0,149.46,2.9199999999999875,104.0,56.0,65.92591091520845,160,48.0,-67.0,0.3
07:34:47,148.0,72.0,150.0,30.0,144.0,6.0,152.0,12.0,149.0,2.0,78.0,42.0,66.77838886945388,120,36.0,-40.0,0.3
07:34:48,148.0,108.0,150.0,45.0,144.0,9.0,152.0,18.0,149.0,2.0,117.0,63.0,67.65462452781776,180,54.0,60.0,0.3
07:34:49,148.0,109.0,150.69,39.0,144.0,12.0,155.35,31.0,149.35,2.6899999999999977,121.0,70.0,60.44015114143917,191,51.0,11.0,0.27
07:34:50,148.16,73.0,153.0,26.0,145.62,26.0,157.0,39.0,150.58,4.840000000000003,99.0,65.0,0.6496306643172408,164,34.0,-27.0,0.21
07:34:51,148.0,90.0,154.71,35.0,143.0,28.0,192.25,40.0,151.36,6.710000000000008,118.0,75.0,1.0615648826242825,193,43.0,29.0,0.22
07:34:52,148.0,36.0,157.0,18.0,143.0,18.0,343.56,18.0,152.5,9.0,54.0,36.0,1.4406318058479786,90,18.0,-103.0,0.2
07:34:53,148.36,44.0,157.0,27.0,144.94,31.0,526.33,18.0,152.68,8.639999999999986,75.0,45.0,1.384622692295809,120,30.0,30.0,0.25
07:34:54,150.72,54.0,157.0,24.0,148.46,39.0,328.24,34.0,153.86,6.280000000000001,93.0,58.0,1.26549595021876,151,35.0,31.0,0.23
07:34:55,151.27,100.0,157.0,30.0,150.43,90.0,267.6,50.0,154.13,5.72999999999999,190.0,80.0,1.11963386873555,270,110.0,119.0,0.41
07:34:56,154.0,33.0,156.27,41.0,151.82,143.0,187.53,47.0,155.13,2.2700000000000102,176.0,88.0,1.08717523887337,264,88.0,-6.0,0.33
07:34:57,152.73,62.0,157.0,42.0,151.38,117.0,260.67,66.0,154.86,4.27000000000001,179.0,108.0,0.9628447434654986,287,71.0,23.0,0.25
07:34:58,152.84,50.0,157.0,34.0,151.53,116.0,199.55,44.0,154.92,4.159999999999997,166.0,78.0,0.5516792546570095,244,88.0,-43.0,0.36
07:34:59,154.0,99.0,161.0,27.0,152.0,72.0,325.42,12.0,157.5,7.0,171.0,39.0,1.2821349383035003,210,132.0,-34.0,0.63
07:35:00,154.0,113.0,161.0,39.0,152.0,104.0,227.95,38.0,157.5,7.0,217.0,77.0,1.3893595646981176,294,140.0,84.0,0.48
07:35:01,154.0,104.0,194.24,29.0,152.0,104.0,276.0,33.0,174.12,40.24000000000001,208.0,62.0,8.121859393021776,270,146.0,-24.0,0.54
07:35:02,153.47,80.0,216.14,35.0,151.24,103.0,430.26,31.0,184.81,62.66999999999999,183.0,66.0,13.102980576953202,249,117.0,-21.0,0.47
07:35:03,152.0,49.0,161.0,14.0,150.0,91.0,190.0,35.0,156.5,9.0,140.0,49.0,12.791242316523155,189,91.0,-60.0,0.48
07:35:04,152.0,56.0,161.0,16.0,150.0,104.0,190.0,40.0,156.5,9.0,160.0,56.0,12.965680853700386,216,104.0,27.0,0.48
07:35:05,152.0,42.0,161.0,12.0,150.0,78.0,200.86,21.0,156.5,9.0,120.0,33.0,13.13399710674602,153,87.0,-63.0,0.57
07:35:06,152.0,70.0,161.0,20.0,150.0,130.0,301.08,26.0,156.5,9.0,200.0,46.0,12.66061688860439,246,154.0,93.0,0.63
07:35:07,152.0,56.0,161.0,16.0,150.0,104.0,433.21,28.0,156.5,9.0,160.0,44.0,0.0,204,116.0,-42.0,0.57
07:35:08,152.0,84.0,157.67,48.0,150.0,66.0,259.09,22.0,154.83,5.6699999999999875,150.0,70.0,0.7468467044967756,220,80.0,16.0,0.36
07:35:09,151.79,95.0,157.74,72.0,149.76,75.0,324.95,40.0,154.76,5.950000000000017,170.0,112.0,0.9341948405005579,282,58.0,62.0,0.21
07:35:10,150.08,76.0,156.77,73.0,148.68,186.0,311.68,34.0,153.42,6.689999999999998,262.0,107.0,1.311380951523305,369,155.0,87.0,0.42
07:35:11,151.0,9.0,153.58,43.0,150.0,74.0,158.0,18.0,152.29,2.5800000000000125,83.0,61.0,1.5913044963232554,144,22.0,-166.5,0.15
07:35:12,150.67,6.0,153.29,14.0,149.5,16.0,308.77,13.0,151.98,2.6200000000000045,22.0,27.0,1.33488950854335,49,-5.0,-95.0,-0.1
07:35:14,153.95,19.0,156.67,24.0,150.33,18.0,157.67,24.0,155.31,2.719999999999999,37.0,48.0,1.969708100206447,85,-11.0,-29.0,-0.13
07:35:15,151.15,13.0,155.52,27.0,149.79,28.0,156.27,30.0,153.34,4.3700000000000045,41.0,57.0,1.9750012658271627,98,-16.0,13.0,-0.16
07:35:16,149.07,84.0,150.89,36.0,148.15,121.0,152.93,27.0,149.98,1.8199999999999932,205.0,63.0,2.6116029560442606,268,142.0,165.5,0.53
07:35:17,149.0,23.0,151.11,18.0,148.0,81.0,153.33,18.0,150.06,2.1100000000000136,104.0,36.0,2.9919341570327553,140,68.0,-128.0,0.49
07:35:18,148.02,55.0,155.14,14.0,146.35,52.0,204.75,32.0,151.58,7.119999999999976,107.0,46.0,2.2780210710219007,153,61.0,13.0,0.4
07:35:19,148.0,20.0,156.0,19.0,146.0,35.0,311.0,10.0,152.0,8.0,55.0,29.0,1.411353959862687,84,26.0,-69.0,0.31
07:35:20,146.89,36.0,156.0,30.0,145.29,42.0,163.0,12.0,151.44,9.110000000000014,78.0,42.0,0.92915014934093,120,36.0,36.0,0.3
07:35:21,146.16,64.0,151.88,32.0,143.27,33.0,155.67,27.0,149.02,5.719999999999999,97.0,59.0,1.2421755109566308,156,38.0,36.0,0.24
07:35:22,149.46,83.0,154.0,47.0,146.72,71.0,154.82,38.0,151.73,4.539999999999992,154.0,85.0,1.2108591990897124,239,69.0,83.0,0.29
07:35:23,150.02,49.0,152.73,30.0,145.04,50.0,282.35,23.0,151.38,2.7099999999999795,99.0,53.0,1.1964865231251876,152,46.0,-87.0,0.3
07:35:24,151.33,12.0,156.0,60.0,150.0,24.0,308.27,33.0,153.67,4.6699999999999875,36.0,93.0,1.6520199756722096,129,-57.0,-23.0,-0.44
07:35:25,153.71,14.0,156.0,84.0,150.0,28.0,211.0,28.0,154.86,2.289999999999992,42.0,112.0,2.2482815660009408,154,-70.0,25.0,-0.45
07:35:26,150.62,16.0,156.0,42.0,148.17,47.0,175.0,18.0,153.31,5.3799999999999955,63.0,60.0,1.4353919325463589,123,3.0,-31.0,0.02
07:35:27,150.0,18.0,154.32,34.0,148.0,52.0,155.08,50.0,152.16,4.319999999999993,70.0,84.0,1.3514547717253103,154,-14.0,31.0,-0.09
07:35:28,148.12,34.0,150.49,37.0,147.33,24.0,155.68,37.0,149.3,2.3700000000000045,58.0,74.0,2.1108173772307546,132,-16.0,-22.0,-0.12
07:35:29,148.0,58.0,149.0,52.0,145.11,106.0,156.0,52.0,148.5,1.0,164.0,104.0,2.6815070389652007,268,60.0,136.0,0.22
07:35:30,148.0,38.0,155.18,44.0,145.0,110.0,159.0,22.0,151.59,7.180000000000007,148.0,66.0,2.0103407671388123,214,82.0,-54.0,0.38
07:35:31,148.28,50.0,152.43,56.0,145.86,98.0,154.42,38.0,150.35,4.150000000000006,148.0,94.0,1.5275961508267222,242,54.0,28.0,0.22
07:35:32,148.73,22.0,151.0,32.0,146.2,50.0,153.0,32.0,149.86,2.2700000000000102,72.0,64.0,1.15954732547702,136,8.0,-106.0,0.06
07:35:33,150.08,13.0,151.86,28.0,148.15,26.0,153.82,22.0,150.97,1.7800000000000011,39.0,50.0,1.1767030211657956,89,-11.0,-47.0,-0.12
07:35:34,150.29,7.0,153.0,28.0,146.6,30.0,156.0,14.0,151.64,2.710000000000008,37.0,42.0,0.7763826376345115,79,-5.0,-10.0,-0.06
07:35:35,150.0,5.0,153.0,20.0,143.0,50.0,192.86,7.0,151.5,3.0,55.0,27.0,0.7566571218328224,82,28.0,3.0,0.34
07:35:36,150.0,8.0,153.0,32.0,143.0,55.0,161.38,32.0,151.5,3.0,63.0,64.0,0.735853246252401,127,-1.0,45.0,-0.01
07:35:37,150.74,19.0,153.0,48.0,145.58,26.0,156.0,60.0,151.87,2.259999999999991,45.0,108.0,0.3306508733089831,153,-63.0,26.0,-0.41
07:35:38,150.0,10.0,153.0,31.0,148.84,75.0,156.0,50.0,151.5,3.0,85.0,81.0,0.16161683086837894,166,4.0,13.0,0.02
07:35:39,147.5,6.0,153.0,4.0,143.93,14.0,156.0,20.0,150.25,5.5,20.0,24.0,0.6213935950909724,44,-4.0,-122.0,-0.09
07:35:40,147.45,104.0,153.0,9.0,142.32,37.0,156.0,45.0,150.23,5.550000000000011,141.0,54.0,0.7726253943666461,195,87.0,151.0,0.45
07:35:41,148.0,84.0,155.88,26.0,143.0,24.0,196.9,10.0,151.94,7.8799999999999955,108.0,36.0,0.8545583654848709,144,72.0,-51.0,0.5
07:35:42,148.39,92.0,156.0,50.0,146.5,80.0,276.4,10.0,152.2,7.610000000000014,172.0,60.0,0.9324859248375462,232,112.0,88.0,0.48
07:35:43,148.27,90.0,158.11,37.0,145.93,69.0,279.46,13.0,153.19,9.840000000000003,159.0,50.0,1.2938199256542535,209,109.0,-23.0,0.52
07:35:44,152.25,81.0,305.84,38.0,148.07,136.0,345.0,38.0,229.04,153.58999999999997,217.0,76.0,34.51898825284445,293,141.0,84.0,0.48
07:35:52,151.71,35.0,186.06,64.0,150.15,26.0,464.4,35.0,168.89,34.349999999999994,61.0,99.0,6.999824997813324,160,-38.0,81.0,-0.24
07:35:53,151.07,28.0,186.0,56.0,149.21,28.0,263.0,28.0,168.54,34.93000000000001,56.0,84.0,1.8479908008466872,140,-28.0,-20.0,-0.2
07:36:02,150.29,28.0,165.8,44.0,149.28,29.0,167.02,47.0,158.04,15.51000000000002,57.0,91.0,3.8280177638063373,148,-34.0,40.0,-0.23
07:36:03,150.0,20.0,158.48,46.0,149.0,20.0,160.18,11.0,154.24,8.47999999999999,40.0,57.0,5.235410203605638,97,-17.0,-51.0,-0.18
07:36:04,150.94,48.0,155.81,32.0,149.77,26.0,157.8,41.0,153.38,4.8700000000000045,74.0,73.0,5.49273338147949,147,1.0,50.0,0.01
07:36:05,148.71,65.0,155.0,64.0,147.24,97.0,157.25,32.0,151.85,6.289999999999992,162.0,96.0,4.619640678669742,258,66.0,111.0,0.26
07:36:06,154.0,11.0,155.65,46.0,148.0,99.0,159.39,49.0,154.83,1.6500000000000057,110.0,95.0,2.290189948458597,205,15.0,-53.0,0.07
07:36:07,148.32,76.0,155.0,26.0,147.53,68.0,162.5,42.0,151.66,6.680000000000007,144.0,68.0,1.411088232542961,212,76.0,7.0,0.36
07:36:08,148.0,99.0,151.23,35.0,147.0,44.0,154.42,31.0,149.61,3.2299999999999898,143.0,66.0,1.962760810700448,209,77.0,-3.0,0.37
07:36:09,148.0,126.0,150.0,42.0,146.09,43.0,169.87,45.0,149.0,2.0,169.0,87.0,2.2912114699481156,256,82.0,47.0,0.32
07:36:10,147.6,75.0,187.33,36.0,127.58,36.0,210.6,30.0,167.47,39.73000000000002,111.0,66.0,7.592043861834609,177,45.0,-79.0,0.25
07:36:11,146.54,26.0,173.67,24.0,136.35,26.0,214.93,43.0,160.1,27.129999999999995,52.0,67.0,8.001647955266478,119,-15.0,-58.0,-0.13
07:36:12,147.04,27.0,211.43,47.0,146.05,41.0,250.09,43.0,179.23,64.39000000000001,68.0,90.0,12.734817234653127,158,-22.0,39.0,-0.14
07:36:13,149.33,18.0,206.06,34.0,147.33,18.0,231.41,34.0,177.7,56.72999999999999,36.0,68.0,12.604005315772303,104,-32.0,-54.0,-0.31
07:36:14,149.28,65.0,201.36,25.0,147.83,12.0,222.34,29.0,175.32,52.08000000000001,77.0,54.0,8.029783932336828,131,23.0,27.0,0.18
07:36:15,154.36,66.0,207.86,29.0,149.95,74.0,259.29,21.0,181.11,53.5,140.0,50.0,8.4284203739499,190,90.0,59.0,0.47
07:36:24,152.67,54.0,161.19,42.0,150.42,114.0,162.42,43.0,156.93,8.52000000000001,168.0,85.0,3.2427889231367595,253,83.0,97.0,0.33
07:36:25,151.73,66.0,157.07,42.0,149.83,108.0,186.19,43.0,154.4,5.340000000000003,174.0,85.0,4.411828419149951,259,89.0,6.0,0.34
07:36:26,151.18,66.0,154.5,24.0,150.0,108.0,155.69,32.0,152.84,3.319999999999993,174.0,56.0,4.745000526872467,230,118.0,-29.0,0.51
07:36:27,150.24,127.0,151.87,30.0,149.34,133.0,155.43,42.0,151.05,1.6299999999999955,260.0,72.0,4.381249821685681,332,188.0,102.0,0.57
07:36:28,150.0,129.0,151.19,26.0,149.0,78.0,152.68,22.0,150.6,1.1899999999999977,207.0,48.0,2.591260311126918,255,159.0,-77.0,0.62
07:36:29,150.0,90.0,154.4,20.0,149.0,72.0,173.69,32.0,152.2,4.400000000000006,162.0,52.0,1.5108342066626204,214,110.0,-41.0,0.51
07:36:30,150.04,56.0,156.0,30.0,149.11,18.0,241.82,22.0,153.02,5.960000000000008,74.0,52.0,1.0760669124278288,126,22.0,-88.0,0.17
07:36:31,152.15,13.0,156.0,39.0,150.0,65.0,235.32,34.0,154.08,3.8499999999999943,78.0,73.0,1.4220407870458234,151,5.0,25.0,0.03
07:36:32,153.71,7.0,156.0,21.0,150.0,35.0,293.65,17.0,154.86,2.289999999999992,42.0,38.0,1.6594336383301733,80,4.0,-71.0,0.05
07:36:33,151.75,16.0,156.0,24.0,149.65,46.0,352.0,24.0,153.88,4.25,62.0,48.0,1.0237773195483126,110,14.0,30.0,0.13
07:36:34,150.0,55.0,155.78,23.0,149.0,88.0,262.91,33.0,152.89,5.780000000000001,143.0,56.0,0.8109130656374245,199,87.0,89.0,0.44
07:36:35,150.0,55.0,154.27,11.0,149.0,113.0,156.0,33.0,152.14,4.27000000000001,168.0,44.0,1.063907890760073,212,124.0,13.0,0.58
07:36:36,150.0,50.0,155.75,24.0,149.0,130.0,225.83,23.0,152.88,5.75,180.0,47.0,1.0554146104832967,227,133.0,15.0,0.59
07:36:37,150.0,18.0,156.0,27.0,149.0,117.0,159.0,18.0,153.0,6.0,135.0,45.0,0.6188053005765881,180,90.0,-47.0,0.5
07:36:38,150.0,32.0,154.56,62.0,149.0,208.0,156.0,48.0,152.28,4.560000000000002,240.0,110.0,0.3966358531723422,350,130.0,165.5,0.37
07:36:39,150.76,25.0,153.38,24.0,149.2,49.0,157.18,22.0,152.07,2.6200000000000045,74.0,46.0,0.4341428336639782,120,28.0,-166.5,0.23
07:36:40,151.0,22.0,157.0,33.0,149.05,110.0,158.0,22.0,154.0,6.0,132.0,55.0,0.7548377309208404,187,77.0,67.0,0.41
07:36:41,151.14,84.0,156.49,49.0,149.07,85.0,157.52,31.0,153.82,5.350000000000023,169.0,80.0,0.8732010077992837,249,89.0,62.0,0.36
07:36:42,151.18,55.0,156.0,50.0,148.49,86.0,157.91,32.0,153.59,4.819999999999993,141.0,82.0,0.9066807597063383,223,59.0,-26.0,0.26
07:36:43,151.97,38.0,155.75,67.0,148.81,74.0,157.82,56.0,153.86,3.780000000000001,112.0,123.0,0.7952798249808737,235,-11.0,12.0,-0.05
07:36:44,154.12,101.0,155.88,41.0,150.83,101.0,158.6,40.0,155.0,1.759999999999991,202.0,81.0,0.5489808740033494,283,121.0,48.0,0.43
07:36:48,154.0,42.0,157.0,14.0,150.29,56.0,254.61,23.0,155.5,3.0,98.0,37.0,0.5943652076132242,135,61.0,-35.0,0.45
07:36:49,154.0,90.0,157.0,30.0,150.0,120.0,213.38,58.0,155.5,3.0,210.0,88.0,0.4430237014213667,298,122.0,163.0,0.41
07:36:50,154.29,17.0,157.0,14.0,152.61,46.0,159.0,35.0,155.65,2.710000000000008,63.0,49.0,0.41948778292235694,112,14.0,-166.5,0.12
07:37:01,154.14,35.0,157.0,105.0,152.94,47.0,158.0,15.0,155.57,2.8600000000000136,82.0,120.0,0.9371125866302727,202,-38.0,-69.0,-0.19
07:37:04,154.67,36.0,156.97,86.0,153.06,17.0,274.78,54.0,155.82,2.3000000000000114,53.0,140.0,0.40690293685467066,193,-87.0,-33.0,-0.45
07:37:19,154.1,31.0,157.0,20.0,153.53,45.0,159.0,50.0,155.55,2.9000000000000057,76.0,70.0,0.47473150308458223,146,6.0,50.0,0.04
07:37:20,154.0,32.0,155.75,16.0,153.0,24.0,157.91,22.0,154.88,1.75,56.0,38.0,0.6393199512146276,94,18.0,-52.0,0.19
07:37:21,154.0,42.0,155.71,28.0,153.0,42.0,158.5,40.0,154.86,1.710000000000008,84.0,68.0,0.6341687472756536,152,16.0,58.0,0.11
07:37:22,153.46,13.0,159.0,20.0,152.56,16.0,160.0,50.0,156.23,5.539999999999992,29.0,70.0,0.6283549952225786,99,-41.0,-53.0,-0.41
07:37:26,153.0,12.0,157.67,36.0,150.43,23.0,158.43,28.0,155.33,4.6699999999999875,35.0,64.0,0.7524426888613032,99,-29.0,35.0,-0.29
07:37:27,151.05,42.0,157.0,21.0,150.09,92.0,158.0,42.0,154.02,5.949999999999989,134.0,63.0,1.3561452724619687,197,71.0,98.0,0.36
07:37:29,150.15,204.0,155.27,44.0,149.29,153.0,157.0,33.0,152.71,5.1200000000000045,357.0,77.0,1.5361087201176016,434,280.0,123.0,0.65
07:37:30,150.0,154.0,154.04,25.0,149.0,42.0,157.0,21.0,152.02,4.039999999999992,196.0,46.0,1.5647843301943107,242,150.0,-166.5,0.62
07:37:31,150.01,276.0,151.69,48.0,149.2,112.0,156.08,39.0,150.85,1.6800000000000068,388.0,87.0,1.8239051510486983,475,301.0,165.5,0.63
07:37:32,150.0,143.0,151.0,34.0,149.0,72.0,159.0,24.0,150.5,1.0,215.0,58.0,2.017262997237147,273,157.0,-166.5,0.58
07:37:33,150.0,82.0,156.63,19.0,149.0,60.0,160.43,35.0,153.32,6.6299999999999955,142.0,54.0,1.198686781449747,196,88.0,-77.0,0.45
07:37:34,153.95,38.0,156.6,10.0,149.87,46.0,159.22,18.0,155.27,2.6500000000000057,84.0,28.0,1.951914444852087,112,56.0,-84.0,0.5
07:37:42,151.11,27.0,158.0,22.0,149.4,75.0,162.0,44.0,154.56,6.889999999999986,102.0,66.0,1.6361906979386345,168,36.0,-92.0,0.21
07:37:43,150.0,27.0,158.0,18.0,149.0,81.0,162.0,36.0,154.0,8.0,108.0,54.0,2.103478072151238,162,54.0,-6.0,0.33
07:37:44,150.0,11.0,158.0,10.0,149.0,45.0,221.35,23.0,154.0,8.0,56.0,33.0,2.355232472606741,89,23.0,-73.0,0.26
07:37:45,150.0,8.0,158.0,16.0,149.0,72.0,223.81,37.0,154.0,8.0,80.0,53.0,1.987063159545154,133,27.0,44.0,0.2
07:37:46,149.04,84.0,156.08,26.0,148.16,171.0,162.5,44.0,152.56,7.0400000000000205,255.0,70.0,0.7470475219301186,325,185.0,165.5,0.57
07:37:47,149.0,126.0,159.67,36.0,148.0,224.0,175.33,48.0,154.33,10.669999999999987,350.0,84.0,0.6957154590936924,434,266.0,109.0,0.61
07:37:48,149.49,103.0,161.48,86.0,148.01,211.0,175.8,49.0,155.48,11.98999999999998,314.0,135.0,1.0422955435104975,449,179.0,15.0,0.4
07:37:49,154.0,98.0,156.56,48.0,149.68,66.0,160.2,25.0,155.28,2.5600000000000023,164.0,73.0,1.1690594510211048,237,91.0,-166.5,0.38
07:37:50,154.0,24.0,156.0,18.0,150.07,28.0,160.0,12.0,155.0,2.0,52.0,30.0,1.1839341197979303,82,22.0,-155.0,0.27
07:37:51,154.0,75.0,155.93,45.0,149.0,158.0,158.05,41.0,154.97,1.9300000000000068,233.0,86.0,0.4352815181253741,319,147.0,165.5,0.46
07:37:53,154.72,29.0,159.37,19.0,151.33,18.0,161.5,16.0,157.05,4.650000000000006,47.0,35.0,0.8611794238260383,82,12.0,-44.0,0.15
07:38:03,154.5,28.0,156.22,36.0,153.85,53.0,163.0,36.0,155.36,1.7199999999999989,81.0,72.0,1.2032456108462473,153,9.0,2.0,0.06
07:38:04,154.0,21.0,258.79,28.0,152.0,14.0,462.5,12.0,206.39,104.79000000000002,35.0,40.0,22.2252383564275,75,-5.0,-78.0,-0.07
07:38:05,152.4,15.0,162.4,30.0,150.2,20.0,266.04,28.0,157.4,10.0,35.0,58.0,22.285345409035422,93,-23.0,18.0,-0.25
07:38:06,152.0,26.0,159.71,42.0,149.32,47.0,161.74,69.0,155.86,7.710000000000008,73.0,111.0,22.467225462882954,184,-38.0,91.0,-0.21
07:38:07,153.25,36.0,158.12,48.0,150.42,38.0,159.57,75.0,155.69,4.8700000000000045,74.0,123.0,22.514103357673743,197,-49.0,13.0,-0.25
07:38:08,152.0,11.0,156.49,35.0,149.4,20.0,159.22,46.0,154.24,4.490000000000009,31.0,81.0,22.653311678428306,112,-50.0,-85.0,-0.45
07:38:09,153.6,10.0,157.17,48.0,150.8,10.0,179.87,30.0,155.38,3.569999999999993,20.0,78.0,1.1345395541896839,98,-58.0,-14.0,-0.59
07:38:10,152.0,3.0,157.0,15.0,150.0,3.0,190.0,4.0,154.5,5.0,6.0,19.0,0.724209914335045,25,-13.0,-73.0,-0.52
07:38:11,152.82,11.0,156.74,47.0,150.55,11.0,160.11,27.0,154.78,3.920000000000016,22.0,74.0,0.6047478813698013,96,-52.0,71.0,-0.54
07:38:12,152.0,9.0,156.22,45.0,150.0,9.0,169.0,9.0,154.11,4.219999999999999,18.0,54.0,0.5050940506691799,72,-36.0,-24.0,-0.5
07:38:13,149.5,12.0,156.0,35.0,148.12,32.0,330.0,7.0,152.75,6.5,44.0,42.0,0.984291623464069,86,2.0,14.0,0.02
07:38:14,149.0,22.0,155.0,36.0,148.0,66.0,175.69,36.0,152.0,6.0,88.0,72.0,1.1980275456022864,160,16.0,74.0,0.1
07:38:15,148.03,74.0,150.0,52.0,147.03,198.0,155.48,62.0,149.01,1.9699999999999989,272.0,114.0,2.2515883282745857,386,158.0,165.5,0.41
07:38:16,148.0,30.0,150.0,20.0,147.0,80.0,155.0,25.0,149.0,2.0,110.0,45.0,2.291032518325049,155,65.0,-166.5,0.42
07:38:17,148.83,72.0,150.0,40.0,147.6,80.0,155.0,50.0,149.42,1.1699999999999875,152.0,90.0,1.7978125597578785,242,62.0,87.0,0.26
07:38:18,149.0,35.0,151.92,26.0,148.0,42.0,167.3,27.0,150.46,2.9199999999999875,77.0,53.0,1.2772705273446765,130,24.0,-112.0,0.18
07:38:19,149.0,30.0,155.0,30.0,148.0,36.0,307.5,24.0,152.0,6.0,66.0,54.0,1.2772705273446765,120,12.0,-10.0,0.1
07:38:20,149.0,30.0,155.0,30.0,148.0,36.0,262.5,14.0,152.0,6.0,66.0,44.0,1.404378866269037,110,22.0,-10.0,0.2
07:38:21,148.78,45.0,155.0,55.0,146.29,70.0,158.0,11.0,151.89,6.219999999999999,115.0,66.0,1.1684947582350838,181,49.0,71.0,0.27
07:38:22,150.0,27.0,154.17,29.0,148.0,36.0,155.44,41.0,152.09,4.1699999999999875,63.0,70.0,0.6901231774275052,133,-7.0,-48.0,-0.05
07:38:23,150.0,39.0,152.08,39.0,148.0,52.0,154.88,17.0,151.04,2.0800000000000125,91.0,56.0,0.43293186533518346,147,35.0,14.0,0.24
07:38:24,150.0,24.0,155.03,29.0,148.0,32.0,157.5,12.0,152.52,5.030000000000001,56.0,41.0,0.5408049556194514,97,15.0,-50.0,0.15
07:38:25,152.05,43.0,156.13,30.0,149.54,91.0,158.84,74.0,154.09,4.079999999999984,134.0,104.0,1.1234900978746472,238,30.0,141.0,0.13
07:38:26,154.0,16.0,155.0,9.0,152.0,27.0,156.0,18.0,154.5,1.0,43.0,27.0,1.4337607889819601,70,16.0,-166.5,0.23
07:38:27,153.2,15.0,155.0,11.0,150.81,67.0,156.0,22.0,154.1,1.8000000000000114,82.0,33.0,1.4497930886930104,115,49.0,45.0,0.43
07:38:28,150.44,73.0,154.0,14.0,149.78,135.0,156.41,17.0,152.22,3.5600000000000023,208.0,31.0,1.037535541570467,239,177.0,124.0,0.74
07:38:29,150.0,190.0,156.95,37.0,148.0,47.0,202.48,23.0,153.47,6.949999999999989,237.0,60.0,0.8933812176343676,297,177.0,58.0,0.6
07:38:30,150.0,114.0,157.0,24.0,148.0,24.0,483.69,13.0,153.5,7.0,138.0,37.0,0.8634929067583028,175,101.0,-122.0,0.58
07:38:31,150.0,221.0,156.61,46.0,145.46,104.0,421.29,31.0,153.3,6.610000000000014,325.0,77.0,0.6844121565416427,402,248.0,165.5,0.62
07:38:32,150.0,108.0,154.0,18.0,145.0,66.0,156.0,18.0,152.0,4.0,174.0,36.0,0.7275438131288909,210,138.0,-166.5,0.66
07:38:33,150.05,171.0,155.79,38.0,148.82,79.0,156.62,16.0,152.92,5.739999999999981,250.0,54.0,0.62451581246761,304,196.0,94.0,0.64
07:38:34,150.28,95.0,155.0,52.0,149.86,177.0,156.82,49.0,152.64,4.719999999999999,272.0,101.0,0.5903558249243688,373,171.0,69.0,0.46
07:38:35,150.0,204.0,151.92,38.0,149.0,72.0,153.67,48.0,150.96,1.9199999999999875,276.0,86.0,0.9172131704365548,362,190.0,-11.0,0.52
07:38:36,150.0,166.0,152.1,40.0,148.78,54.0,154.54,26.0,151.05,2.0999999999999943,220.0,66.0,0.8948631180367133,286,154.0,-76.0,0.54
07:38:37,150.0,133.0,153.0,52.0,148.1,40.0,181.36,44.0,151.5,3.0,173.0,96.0,0.9106481208581142,269,77.0,-17.0,0.29
07:38:38,150.0,60.0,157.0,33.0,149.0,48.0,196.11,44.0,153.5,7.0,108.0,77.0,1.1033131921727322,185,31.0,-84.0,0.17
07:38:39,150.0,35.0,157.0,7.0,149.0,28.0,158.0,21.0,153.5,7.0,63.0,28.0,1.2924859767217298,91,35.0,-94.0,0.38
07:38:40,150.0,40.0,157.0,8.0,149.0,32.0,158.0,24.0,153.5,7.0,72.0,32.0,1.2290240030292892,104,40.0,13.0,0.38
07:38:41,152.12,48.0,157.0,10.0,150.15,40.0,158.0,30.0,154.56,4.8799999999999955,88.0,40.0,1.1120791338847582,128,48.0,24.0,0.38
07:38:43,151.14,44.0,158.0,30.0,149.24,110.0,177.0,20.0,154.57,6.860000000000014,154.0,50.0,1.225267317780661,204,104.0,48.0,0.51
07:38:44,152.0,40.0,158.0,24.0,150.0,24.0,297.0,22.0,155.0,6.0,64.0,46.0,1.087097051794962,110,18.0,-94.0,0.16
07:38:45,153.0,44.0,158.0,30.0,150.0,30.0,398.5,50.0,155.5,5.0,74.0,80.0,0.8098024450575194,154,-6.0,44.0,-0.04
07:38:46,152.57,42.0,158.0,36.0,149.82,33.0,248.47,51.0,155.29,5.430000000000007,75.0,87.0,0.7206039134094928,162,-12.0,8.0,-0.07
07:38:47,148.52,61.0,158.0,27.0,148.88,17.0,337.07,15.0,153.26,9.47999999999999,78.0,42.0,0.889623515888234,120,36.0,-42.0,0.3
07:38:48,148.0,135.0,158.0,9.0,147.0,3.0,327.0,6.0,153.0,10.0,138.0,15.0,1.1854534997297346,153,123.0,33.0,0.8
07:38:49,148.0,158.0,158.0,33.0,147.0,11.0,327.0,22.0,153.0,10.0,169.0,55.0,1.2709445306627838,224,114.0,71.0,0.51
07:38:50,148.0,198.0,158.0,27.0,146.78,9.0,309.33,18.0,153.0,10.0,207.0,45.0,1.0013990213805148,252,162.0,28.0,0.64
07:38:51,148.0,176.0,157.5,30.0,146.77,13.0,292.87,15.0,152.75,9.5,189.0,45.0,0.18033302532276907,234,144.0,-18.0,0.62
07:38:52,148.08,96.0,155.77,26.0,147.85,52.0,156.67,30.0,151.93,7.689999999999998,148.0,56.0,0.4633896848465299,204,92.0,-30.0,0.45
07:38:53,147.64,173.0,154.07,75.0,147.02,119.0,155.65,77.0,150.85,6.430000000000007,292.0,152.0,0.9248945886004168,444,140.0,165.5,0.32
07:38:54,148.0,15.0,152.33,45.0,147.0,89.0,153.26,69.0,150.17,4.3300000000000125,104.0,114.0,1.214578116064406,218,-10.0,-166.5,-0.05
07:38:55,148.0,32.0,151.17,24.0,147.0,60.0,153.0,60.0,149.58,3.1699999999999875,92.0,84.0,1.2883633028081816,176,8.0,-42.0,0.05
07:38:56,148.75,102.0,151.92,38.0,147.29,49.0,153.53,75.0,150.34,3.1699999999999875,151.0,113.0,0.8833062889071892,264,38.0,88.0,0.14
07:38:57,149.0,132.0,150.0,12.0,148.0,24.0,153.0,60.0,149.5,1.0,156.0,72.0,0.5600624965333472,228,84.0,-36.0,0.37
07:38:58,149.1,81.0,152.18,22.0,148.0,20.0,153.4,50.0,150.64,3.0800000000000125,101.0,72.0,0.49242258277132084,173,29.0,-55.0,0.17
07:38:59,152.38,128.0,153.84,77.0,149.39,72.0,158.06,80.0,153.11,1.460000000000008,200.0,157.0,1.4674740202208052,357,43.0,165.5,0.12
07:39:00,150.17,84.0,159.0,60.0,149.56,64.0,326.76,42.0,154.58,8.830000000000013,148.0,102.0,2.1256716585641184,250,46.0,-107.0,0.18
07:39:01,152.06,32.0,159.0,80.0,150.0,160.0,375.75,48.0,155.53,6.939999999999998,192.0,128.0,2.558861074779642,320,64.0,70.0,0.2
07:39:02,154.47,34.0,158.18,85.0,151.26,175.0,183.58,83.0,156.32,3.710000000000008,209.0,168.0,2.243597557500459,377,41.0,57.0,0.11
07:39:03,154.0,121.0,157.0,33.0,150.0,110.0,161.73,55.0,155.5,3.0,231.0,88.0,1.2269352061220271,319,143.0,-58.0,0.45
07:39:04,154.06,70.0,156.12,24.0,151.07,82.0,162.38,40.0,155.09,2.0600000000000023,152.0,64.0,0.6406481093561373,216,88.0,-103.0,0.41
07:39:05,154.0,99.0,156.0,22.0,150.0,90.0,163.0,45.0,155.0,2.0,189.0,67.0,0.5221781305470092,256,122.0,40.0,0.48
07:39:06,154.0,158.0,161.24,59.0,150.36,61.0,202.04,71.0,157.62,7.240000000000009,219.0,130.0,1.090953711218499,349,89.0,93.0,0.26
07:39:07,154.0,122.0,161.93,70.0,152.0,14.0,181.67,66.0,157.96,7.930000000000007,136.0,136.0,1.4379082029188457,272,0.0,-77.0,0.0
07:39:08,154.12,56.0,161.0,70.0,153.75,56.0,162.21,70.0,157.56,6.8799999999999955,112.0,140.0,1.4697891005246801,252,-28.0,-20.0,-0.11
07:39:11,154.07,68.0,157.5,70.0,153.59,44.0,160.86,14.0,155.79,3.430000000000007,112.0,84.0,0.8776958471024736,196,28.0,22.0,0.14
07:39:12,153.91,64.0,156.16,51.0,150.2,25.0,281.61,23.0,155.03,2.25,89.0,74.0,1.184580094388353,163,15.0,-33.0,0.09
07:39:13,152.93,44.0,159.0,11.0,150.04,23.0,330.36,22.0,155.97,6.069999999999993,67.0,33.0,1.082903504482839,100,34.0,-63.0,0.34
07:39:14,154.49,55.0,156.14,14.0,152.0,14.0,168.56,18.0,155.32,1.6499999999999773,69.0,32.0,0.7566174727174719,101,37.0,1.0,0.37
07:39:16,152.7,20.0,180.38,61.0,150.87,39.0,375.57,47.0,166.54,27.680000000000007,59.0,108.0,4.847045491845598,167,-49.0,49.0,-0.29
07:39:17,154.0,24.0,235.17,58.0,151.74,38.0,391.18,55.0,194.59,81.16999999999999,62.0,113.0,16.677576862362788,175,-51.0,8.0,-0.29
07:39:18,152.0,28.0,321.66,53.0,150.0,148.0,405.25,61.0,236.83,169.66000000000003,176.0,114.0,34.41893417873387,290,62.0,115.0,0.21
07:39:19,150.72,43.0,153.5,28.0,149.83,60.0,183.17,60.0,152.11,2.780000000000001,103.0,88.0,35.06633670630587,191,15.0,-99.0,0.08
07:39:20,150.0,51.0,152.08,13.0,149.0,55.0,160.2,25.0,151.04,2.0800000000000125,106.0,38.0,36.19383884033324,144,68.0,-47.0,0.47
07:39:21,149.07,54.0,151.0,11.0,148.05,105.0,154.27,22.0,150.04,1.9300000000000068,159.0,33.0,38.43592681333463,192,126.0,48.0,0.66
07:39:22,148.09,111.0,150.64,14.0,147.34,59.0,155.0,28.0,149.37,2.549999999999983,170.0,42.0,38.55926179272651,212,128.0,20.0,0.6
07:39:23,148.82,68.0,154.71,28.0,147.69,51.0,157.73,30.0,151.77,5.890000000000015,119.0,58.0,1.152748888536483,177,61.0,-35.0,0.34
07:39:24,151.43,56.0,154.79,56.0,148.44,54.0,156.14,28.0,153.11,3.359999999999985,110.0,84.0,1.4665708302097316,194,26.0,17.0,0.13
07:39:25,152.0,25.0,154.52,27.0,148.76,41.0,157.9,20.0,153.26,2.5200000000000102,66.0,47.0,1.7628528015753226,113,19.0,-81.0,0.17
07:39:26,152.0,11.0,156.0,22.0,149.0,110.0,159.0,22.0,154.0,4.0,121.0,44.0,1.8257518999091287,165,77.0,52.0,0.47
07:39:27,153.0,102.0,156.0,24.0,152.0,12.0,159.0,24.0,154.5,3.0,114.0,48.0,1.037386138340793,162,66.0,-3.0,0.41
07:39:28,153.07,68.0,156.0,28.0,152.8,44.0,159.0,28.0,154.54,2.930000000000007,112.0,56.0,0.6729933135043313,168,56.0,6.0,0.33
07:39:40,154.55,33.0,156.5,36.0,152.33,12.0,160.21,28.0,155.52,1.9499999999999886,45.0,64.0,1.2448373387800058,109,-19.0,-11.0,-0.17
07:39:41,151.83,12.0,154.17,36.0,149.44,25.0,155.51,35.0,153.0,2.339999999999975,37.0,71.0,1.8327902225898771,108,-34.0,-1.0,-0.31
07:39:42,149.02,102.0,152.47,30.0,148.32,88.0,154.73,30.0,150.74,3.4499999999999886,190.0,60.0,2.492845763383951,250,130.0,142.0,0.52
07:39:43,149.0,72.0,150.0,25.0,148.0,60.0,353.24,29.0,149.5,1.0,132.0,54.0,2.891345707455551,186,78.0,-64.0,0.42
07:39:44,149.0,47.0,236.31,16.0,148.0,60.0,504.9,50.0,192.66,87.31,107.0,66.0,18.243768251104814,173,41.0,-13.0,0.24
07:39:45,149.0,16.0,211.86,14.0,148.0,24.0,329.0,20.0,180.43,62.860000000000014,40.0,34.0,19.939936810331655,74,6.0,-99.0,0.08
07:39:46,149.0,36.0,392.0,45.0,148.0,54.0,449.0,45.0,270.5,243.0,90.0,90.0,49.37837158108816,180,0.0,106.0,0.0
07:39:48,148.0,40.0,335.25,20.0,147.0,136.0,408.0,40.0,241.62,187.25,176.0,60.0,59.94159966167072,236,116.0,-28.0,0.49
07:39:49,148.0,42.0,187.0,12.0,147.0,204.0,299.83,60.0,167.5,39.0,246.0,72.0,65.93552494672356,318,174.0,82.0,0.55
07:39:50,152.67,18.0,181.62,13.0,147.69,68.0,249.93,41.0,167.14,28.950000000000017,86.0,54.0,69.00952267622205,140,32.0,-166.5,0.23
07:39:53,153.09,33.0,184.37,19.0,151.71,63.0,325.8,25.0,168.73,31.28,96.0,44.0,1.844066159340787,140,52.0,-64.0,0.37
07:39:54,152.0,31.0,183.5,18.0,150.0,24.0,183.71,14.0,167.75,31.5,55.0,32.0,1.793691723799235,87,23.0,-53.0,0.26
07:39:55,152.0,14.0,181.07,15.0,150.0,21.0,182.23,13.0,166.53,29.069999999999993,35.0,28.0,1.9734310223633056,63,7.0,-24.0,0.11
07:39:56,152.0,20.0,178.38,26.0,150.0,30.0,180.43,14.0,165.19,26.379999999999995,50.0,40.0,2.1950444186909333,90,10.0,27.0,0.11
07:39:57,150.15,26.0,177.71,17.0,149.16,19.0,178.42,19.0,163.93,27.560000000000002,45.0,36.0,1.925481757905422,81,9.0,-9.0,0.11
07:39:58,150.0,14.0,155.33,6.0,149.0,12.0,177.94,16.0,152.67,5.3300000000000125,26.0,22.0,6.0655651014581915,48,4.0,-33.0,0.08
07:39:59,149.3,20.0,151.0,10.0,148.18,34.0,178.34,44.0,150.15,1.6999999999999886,54.0,54.0,7.6698292027938,108,0.0,60.0,0.0
07:40:00,149.0,20.0,171.62,34.0,148.0,40.0,216.29,34.0,160.31,22.620000000000005,60.0,68.0,6.730824615158901,128,-8.0,20.0,-0.06
07:40:01,152.63,97.0,173.38,65.0,150.19,47.0,190.23,65.0,163.01,20.75,144.0,130.0,6.2376181351561675,274,14.0,146.0,0.05
07:40:02,153.19,85.0,169.47,75.0,152.28,137.0,173.0,75.0,161.33,16.28,222.0,150.0,5.7069326262037885,372,72.0,98.0,0.19
07:40:03,153.53,30.0,157.47,49.0,152.73,102.0,160.22,41.0,155.5,3.9399999999999977,132.0,90.0,5.229235125716674,222,42.0,-150.0,0.19
07:40:04,153.0,106.0,157.0,70.0,151.0,70.0,159.0,40.0,155.0,4.0,176.0,110.0,3.5871506798612214,286,66.0,64.0,0.23
07:40:05,152.75,101.0,155.62,69.0,151.28,95.0,156.8,45.0,154.19,2.8700000000000045,196.0,114.0,4.0548403174513785,310,82.0,24.0,0.26
07:40:06,152.0,69.0,154.88,40.0,150.65,17.0,157.0,16.0,153.44,2.8799999999999955,86.0,56.0,3.139676734956937,142,30.0,-166.5,0.21
07:40:07,152.0,59.0,153.68,37.0,151.0,8.0,155.64,22.0,152.84,1.6800000000000068,67.0,59.0,1.0905411500857678,126,8.0,-16.0,0.06
07:40:08,151.23,13.0,156.33,24.0,150.05,22.0,161.76,42.0,153.78,5.100000000000023,35.0,66.0,0.8110487038584714,101,-31.0,-25.0,-0.31
07:40:09,151.0,8.0,157.33,12.0,150.0,16.0,160.67,24.0,154.17,6.3300000000000125,24.0,36.0,0.5642074086987507,60,-12.0,-41.0,-0.2
07:40:10,151.44,9.0,156.22,9.0,150.29,14.0,158.0,18.0,153.83,4.780000000000001,23.0,27.0,0.5031600143399579,50,-4.0,-10.0,-0.08
07:40:11,153.43,21.0,157.6,20.0,149.08,12.0,159.6,40.0,155.51,4.1699999999999875,33.0,60.0,0.9654687980615649,93,-27.0,43.0,-0.29
07:40:17,150.0,9.0,160.0,36.0,149.0,9.0,205.0,18.0,155.0,10.0,18.0,54.0,1.312547142021739,72,-36.0,-16.0,-0.5
07:40:18,150.0,9.0,159.93,30.0,149.0,9.0,188.64,22.0,154.97,9.930000000000007,18.0,52.0,1.5968625488844252,70,-34.0,-2.0,-0.49
07:40:19,150.33,12.0,159.0,10.0,149.2,10.0,160.0,40.0,154.67,8.669999999999987,22.0,50.0,1.6278421299468602,72,-28.0,2.0,-0.39
07:40:20,151.06,17.0,157.36,11.0,149.55,11.0,253.88,34.0,154.21,6.300000000000011,28.0,45.0,1.3602132185911915,73,-17.0,1.0,-0.23
07:40:21,150.26,57.0,155.38,24.0,148.74,81.0,314.63,30.0,152.82,5.1200000000000045,138.0,54.0,0.9039524323937501,192,84.0,119.0,0.44
07:40:22,149.07,83.0,151.07,14.0,148.17,76.0,152.4,40.0,150.07,2.0,159.0,54.0,2.0090843685696638,213,105.0,21.0,0.49
07:40:23,149.0,99.0,151.55,33.0,146.0,27.0,152.73,33.0,150.27,2.5500000000000114,126.0,66.0,2.154697194510477,192,60.0,-21.0,0.31
07:40:24,149.0,90.0,150.51,45.0,146.0,30.0,152.13,31.0,149.76,1.509999999999991,120.0,76.0,1.9776577054767934,196,44.0,4.0,0.22
07:40:25,149.0,39.0,150.27,26.0,146.0,21.0,152.57,23.0,149.63,1.2700000000000102,60.0,49.0,1.3156937333711367,109,11.0,-87.0,0.1
07:40:26,147.5,18.0,151.0,18.0,145.75,12.0,157.0,30.0,149.25,3.5,30.0,48.0,0.3958282456222373,78,-18.0,-31.0,-0.23
07:40:27,146.0,7.0,151.0,15.0,137.59,17.0,155.77,13.0,148.5,5.0,24.0,28.0,0.6592192351809044,52,-4.0,-26.0,-0.08
07:40:28,136.97,31.0,148.0,18.0,131.36,25.0,155.14,29.0,142.48,11.030000000000001,56.0,47.0,3.082552513751067,103,9.0,51.0,0.09
07:40:29,136.0,70.0,138.89,36.0,119.38,42.0,146.5,24.0,137.44,2.8899999999999864,112.0,60.0,5.34311238886417,172,52.0,69.0,0.3
07:40:30,119.0,35.0,148.33,45.0,77.28,53.0,150.4,43.0,133.67,29.330000000000013,88.0,88.0,6.798276987592873,176,0.0,4.0,0.0
07:40:31,117.78,51.0,145.73,55.0,104.94,17.0,149.0,33.0,131.76,27.94999999999999,68.0,88.0,6.807275519621334,156,-20.0,-20.0,-0.13
07:40:32,111.57,28.0,144.74,38.0,55.0,20.0,148.47,38.0,128.15,33.170000000000016,48.0,76.0,5.491880370149839,124,-28.0,-32.0,-0.23
07:40:33,110.83,70.0,148.72,86.0,102.62,37.0,174.0,36.0,129.77,37.89,107.0,122.0,3.6093863744462156,229,-15.0,105.0,-0.07
07:40:34,129.27,44.0,190.18,39.0,111.5,32.0,360.0,22.0,159.73,60.91,76.0,61.0,13.086801748327836,137,15.0,-92.0,0.11
07:40:35,140.38,16.0,400.62,16.0,141.69,49.0,460.5,16.0,270.5,260.24,65.0,32.0,60.94426609616386,97,33.0,-40.0,0.34
07:40:37,145.3,20.0,353.22,23.0,130.75,24.0,440.9,40.0,249.26,207.92000000000002,44.0,63.0,62.9618064385069,107,-19.0,2.0,-0.18
07:40:38,145.0,32.0,148.0,13.0,140.57,46.0,149.0,52.0,146.5,3.0,78.0,65.0,57.716631225323674,143,13.0,36.0,0.09
07:40:39,146.2,40.0,155.53,34.0,142.4,20.0,178.45,44.0,150.86,9.330000000000013,60.0,78.0,59.951541097790034,138,-18.0,-5.0,-0.13
07:40:40,150.69,52.0,164.0,60.0,145.77,26.0,229.33,36.0,157.35,13.310000000000002,78.0,96.0,54.23594822624581,174,-18.0,36.0,-0.1
07:40:41,154.0,86.0,212.56,32.0,152.0,110.0,376.5,30.0,183.28,58.56,196.0,62.0,42.60165959208656,258,134.0,84.0,0.52
07:40:49,152.01,136.0,176.85,47.0,150.5,26.0,178.41,51.0,164.43,24.840000000000003,162.0,98.0,2.4928397461583547,260,64.0,94.0,0.25
07:40:50,152.0,81.0,174.28,29.0,149.72,25.0,175.35,34.0,163.14,22.28,106.0,63.0,3.216934876559892,169,43.0,-91.0,0.25
07:40:51,150.64,103.0,172.45,49.0,150.52,77.0,173.92,51.0,161.54,21.810000000000002,180.0,100.0,3.356788643931599,280,80.0,111.0,0.29
07:40:55,152.91,70.0,159.0,38.0,149.89,71.0,160.1,40.0,155.96,6.090000000000003,141.0,78.0,2.485363152545388,219,63.0,-34.0,0.29
07:40:56,150.67,54.0,158.83,23.0,149.47,19.0,159.84,19.0,154.75,8.160000000000025,73.0,42.0,3.0563327698453957,115,31.0,-104.0,0.27
07:40:57,154.0,81.0,156.33,27.0,150.0,81.0,158.0,36.0,155.17,2.3300000000000125,162.0,63.0,2.431723668518132,225,99.0,110.0,0.44
07:40:58,154.0,47.0,155.0,33.0,150.0,99.0,223.05,41.0,154.5,1.0,146.0,74.0,1.7427937342186075,220,72.0,-5.0,0.33
07:40:59,151.23,26.0,155.0,30.0,149.98,83.0,404.9,30.0,153.12,3.7700000000000102,109.0,60.0,1.0425209830175919,169,49.0,-51.0,0.29
07:41:00,151.0,21.0,154.31,29.0,150.0,63.0,235.88,17.0,152.66,3.3100000000000023,84.0,46.0,1.0889674008124104,130,38.0,-39.0,0.29
07:41:01,150.16,75.0,152.06,53.0,149.72,50.0,153.14,35.0,151.11,1.9000000000000057,125.0,88.0,1.5948573604032121,213,37.0,83.0,0.17
07:41:02,150.0,81.0,151.32,31.0,149.0,81.0,152.15,41.0,150.66,1.3199999999999932,162.0,72.0,1.5562133529926285,234,90.0,21.0,0.38
07:41:03,150.03,74.0,151.84,38.0,149.2,90.0,231.85,27.0,150.93,1.8100000000000023,164.0,65.0,1.113611242774043,229,99.0,-5.0,0.43
07:41:04,152.38,61.0,212.18,34.0,149.84,96.0,362.88,25.0,182.28,59.80000000000001,157.0,59.0,13.85868572412374,216,98.0,-13.0,0.45
07:41:06,151.59,34.0,291.0,24.0,149.73,37.0,331.38,24.0,221.29,139.41,71.0,48.0,36.50011849295868,119,23.0,-41.0,0.19
07:41:07,149.9,21.0,281.0,33.0,148.69,29.0,297.0,33.0,215.45,131.1,50.0,66.0,31.940025360040355,116,-16.0,-3.0,-0.14
07:41:08,149.95,42.0,213.67,27.0,148.64,25.0,250.22,27.0,181.81,63.72,67.0,54.0,21.589010630411476,121,13.0,5.0,0.11
07:41:09,150.0,20.0,207.0,12.0,149.0,8.0,208.0,12.0,178.5,57.0,28.0,24.0,22.63921420897863,52,4.0,-69.0,0.08
07:41:10,150.0,55.0,206.82,33.0,149.0,22.0,208.0,33.0,178.41,56.81999999999999,77.0,66.0,21.393798634184204,143,11.0,91.0,0.08
07:41:11,150.0,50.0,205.2,30.0,149.0,20.0,281.33,27.0,177.6,55.19999999999999,70.0,57.0,16.345107218982182,127,13.0,-16.0,0.1
07:41:12,152.45,44.0,175.12,40.0,149.53,34.0,231.53,30.0,163.79,22.670000000000016,78.0,70.0,7.025949757863747,148,8.0,21.0,0.05
07:41:14,153.2,20.0,166.88,51.0,150.14,83.0,209.59,41.0,160.04,13.680000000000007,103.0,92.0,8.843372094400825,195,11.0,56.0,0.06
07:41:15,152.0,32.0,165.88,40.0,150.0,24.0,168.0,24.0,158.94,13.879999999999995,56.0,64.0,7.543543597012486,120,-8.0,-75.0,-0.07
07:41:16,152.0,30.0,163.0,45.0,150.04,25.0,168.0,27.0,157.5,11.0,55.0,72.0,2.540482237692063,127,-17.0,7.0,-0.13
07:41:17,149.98,48.0,160.44,80.0,148.84,44.0,168.0,48.0,155.21,10.460000000000008,92.0,128.0,2.6737670055614804,220,-36.0,93.0,-0.16
07:41:19,150.6,25.0,155.93,59.0,138.31,42.0,161.02,48.0,153.27,5.3300000000000125,67.0,107.0,2.1725952223158598,174,-40.0,-64.0,-0.23
07:41:20,148.81,31.0,152.79,67.0,136.83,23.0,154.74,70.0,150.8,3.9799999999999898,54.0,137.0,2.694410881812566,191,-83.0,17.0,-0.43
07:41:21,148.45,22.0,179.16,56.0,112.29,14.0,206.06,62.0,163.81,30.710000000000008,36.0,118.0,4.911228970433956,154,-82.0,-37.0,-0.53
07:41:22,147.91,33.0,367.15,41.0,135.0,24.0,555.59,44.0,257.53,219.23999999999998,57.0,85.0,45.61301930370347,142,-28.0,-12.0,-0.2
07:41:23,150.83,29.0,295.74,38.0,132.38,16.0,476.02,45.0,223.28,144.91,45.0,83.0,48.060287868468116,128,-38.0,-14.0,-0.3
07:41:25,146.89,81.0,269.36,22.0,132.55,11.0,436.13,30.0,208.13,122.47000000000003,92.0,52.0,53.609973139333114,144,40.0,23.0,0.28
07:41:26,147.0,32.0,150.0,8.0,142.0,4.0,370.0,16.0,148.5,3.0,36.0,24.0,58.66633898582746,60,12.0,-84.0,0.2
07:41:27,152.33,98.0,342.5,32.0,146.32,37.0,640.05,41.0,247.41,190.17,135.0,73.0,57.591471330397695,208,62.0,148.0,0.3
07:41:42,149.58,88.0,188.33,60.0,130.74,57.0,189.0,50.0,168.96,38.75,145.0,110.0,3.988248989221566,255,35.0,69.0,0.14
07:41:43,151.62,63.0,184.94,36.0,149.97,69.0,186.69,26.0,168.28,33.31999999999999,132.0,62.0,4.688739702737539,194,70.0,-61.0,0.36
07:41:51,152.44,27.0,161.0,36.0,151.24,63.0,162.0,18.0,156.72,8.560000000000002,90.0,54.0,1.7937112365235042,144,36.0,43.0,0.25
07:41:52,153.38,52.0,159.11,36.0,151.3,80.0,159.71,42.0,156.25,5.730000000000018,132.0,78.0,2.3092487956109893,210,54.0,66.0,0.26
07:41:53,153.43,46.0,156.0,24.0,150.67,72.0,255.6,30.0,154.72,2.569999999999993,118.0,54.0,2.3151997754040767,172,64.0,-38.0,0.37
07:41:54,152.0,36.0,154.56,18.0,150.0,72.0,357.77,13.0,153.28,2.5600000000000023,108.0,31.0,2.29224780510994,139,77.0,-33.0,0.55
07:41:55,152.0,36.0,153.89,18.0,150.0,79.0,154.89,18.0,152.94,1.8899999999999864,115.0,36.0,1.7002705667133065,151,79.0,12.0,0.52
07:41:56,152.0,22.0,153.43,14.0,150.0,99.0,308.5,12.0,152.71,1.4300000000000068,121.0,26.0,1.490385856089523,147,95.0,-4.0,0.65
07:41:57,152.0,14.0,154.0,12.0,150.0,189.0,538.0,14.0,153.0,2.0,203.0,26.0,0.8031189202302299,229,177.0,82.0,0.77
07:41:58,151.65,92.0,385.95,20.0,149.99,356.0,565.93,27.0,268.8,234.29999999999998,448.0,47.0,51.7955584968444,495,401.0,165.5,0.81
07:42:00,154.0,90.0,258.0,28.0,150.09,76.0,347.43,14.0,206.0,104.0,166.0,42.0,71.63008153003892,208,124.0,-166.5,0.6
07:42:01,154.0,72.0,236.0,40.0,150.01,140.0,238.0,8.0,195.0,82.0,212.0,48.0,63.927525214104925,260,164.0,52.0,0.63
07:42:02,154.0,54.0,227.52,27.0,150.0,213.0,234.41,39.0,190.76,73.52000000000001,267.0,66.0,54.461102449363075,333,201.0,73.0,0.6
07:42:03,150.32,150.0,215.12,34.0,149.88,104.0,242.68,28.0,182.72,64.80000000000001,254.0,62.0,54.71655690922101,316,192.0,-17.0,0.61
07:42:04,150.0,368.0,195.25,60.0,149.0,32.0,258.65,62.0,172.62,45.25,400.0,122.0,12.599190450184725,522,278.0,165.5,0.53
07:42:05,150.0,89.0,179.0,12.0,149.0,8.0,211.0,20.0,164.5,29.0,97.0,32.0,12.6156490122398,129,65.0,-166.5,0.5
07:42:06,150.0,150.0,176.27,33.0,149.0,14.0,177.75,28.0,163.14,26.27000000000001,164.0,61.0,11.876789128380963,225,103.0,96.0,0.46
07:42:07,150.0,210.0,173.42,33.0,149.0,18.0,175.18,39.0,161.71,23.419999999999987,228.0,72.0,8.790012514213466,300,156.0,75.0,0.52
07:42:08,150.0,189.0,168.86,21.0,149.0,63.0,170.86,29.0,159.43,18.860000000000014,252.0,50.0,5.025708905222249,302,202.0,2.0,0.67
07:42:09,150.0,231.0,165.07,28.0,149.0,77.0,164.68,38.0,157.54,15.069999999999993,308.0,66.0,2.8027540027677893,374,242.0,72.0,0.65
07:42:10,150.0,231.0,160.69,35.0,149.0,77.0,162.22,36.0,155.34,10.689999999999998,308.0,71.0,3.1329969677660583,379,237.0,5.0,0.63
07:42:11,151.0,28.0,158.75,20.0,149.95,154.0,159.65,37.0,154.88,7.75,182.0,57.0,2.8543212853552067,239,125.0,-140.0,0.52
07:42:12,154.0,8.0,156.61,28.0,150.38,78.0,157.65,20.0,155.3,2.6100000000000136,86.0,48.0,1.9414221591483183,134,38.0,-105.0,0.28
07:42:13,152.05,41.0,153.62,79.0,150.05,117.0,158.17,41.0,152.83,1.5699999999999932,158.0,120.0,1.674968656432841,278,38.0,144.0,0.14
07:42:14,152.95,19.0,165.6,20.0,150.05,74.0,222.71,14.0,159.27,12.650000000000006,93.0,34.0,2.333930161772705,127,59.0,-151.0,0.46
07:42:15,151.42,48.0,202.76,17.0,149.61,62.0,241.5,20.0,177.09,51.34,110.0,37.0,9.902460805276192,147,73.0,20.0,0.5
07:42:16,154.52,29.0,185.33,33.0,150.44,54.0,202.27,22.0,169.93,30.810000000000002,83.0,55.0,10.28491030588164,138,28.0,-9.0,0.2
07:42:28,152.75,64.0,171.0,36.0,151.23,52.0,324.0,9.0,161.88,18.25,116.0,45.0,1.6057023385514702,161,71.0,51.0,0.44
07:42:29,152.0,78.0,164.5,24.0,150.0,48.0,178.11,36.0,158.25,12.5,126.0,60.0,3.118089158447831,186,66.0,25.0,0.35
07:42:30,152.0,47.0,159.5,40.0,150.0,40.0,160.32,31.0,155.75,7.5,87.0,71.0,4.024068836393117,158,16.0,-28.0,0.1
07:42:31,152.0,8.0,157.25,16.0,150.0,16.0,158.5,16.0,154.62,5.25,24.0,32.0,4.202210132779008,56,-8.0,-102.0,-0.14
07:42:32,152.0,14.0,156.14,28.0,150.0,28.0,157.14,28.0,154.07,4.139999999999986,42.0,56.0,3.2074803195079715,98,-14.0,42.0,-0.14
07:42:33,152.0,8.0,153.75,16.0,150.0,16.0,154.75,16.0,152.88,1.75,24.0,32.0,2.034927517144365,56,-8.0,-42.0,-0.14
07:42:34,150.03,29.0,152.4,30.0,149.04,25.0,153.57,28.0,151.22,2.3700000000000045,54.0,58.0,1.7326482620634867,112,-4.0,56.0,-0.04
07:42:35,148.28,25.0,150.0,36.0,127.19,26.0,152.0,6.0,149.14,1.7199999999999989,51.0,42.0,2.234206794375113,93,9.0,-19.0,0.1
07:42:36,131.0,6.0,149.19,21.0,84.15,62.0,0.0,0.0,140.1,18.189999999999998,68.0,21.0,5.562276512367265,89,47.0,-4.0,0.53
07:42:37,146.85,85.0,149.0,21.0,145.81,79.0,578.67,12.0,147.92,2.1500000000000057,164.0,33.0,4.939161872224153,197,131.0,108.0,0.66
07:42:38,147.0,72.0,148.67,18.0,146.0,78.0,620.17,24.0,147.83,1.6699999999999875,150.0,42.0,4.220203786552609,192,108.0,-5.0,0.56
07:42:39,147.0,48.0,148.0,28.0,146.0,65.0,512.0,20.0,147.5,1.0,113.0,48.0,3.6302506800540817,161,65.0,-31.0,0.4
07:42:40,147.1,77.0,173.86,29.0,146.08,113.0,519.12,32.0,160.48,26.76000000000002,190.0,61.0,7.340162123552357,251,129.0,90.0,0.51
07:42:46,154.15,13.0,217.8,5.0,150.2,25.0,350.4,10.0,185.98,63.650000000000006,38.0,15.0,45.29033782165928,53,23.0,28.0,0.43
07:42:50,150.21,57.0,182.91,22.0,149.33,54.0,185.4,30.0,166.56,32.69999999999999,111.0,52.0,8.608223974782847,163,59.0,66.0,0.36
07:42:51,150.0,78.0,169.02,45.0,149.0,52.0,167.03,30.0,159.51,19.02000000000001,130.0,75.0,9.986214497998098,205,55.0,42.0,0.27
07:42:52,151.57,28.0,157.92,48.0,149.94,70.0,175.0,38.0,154.74,6.349999999999994,98.0,86.0,9.04726035880634,184,12.0,-21.0,0.07
07:42:53,152.57,14.0,156.25,32.0,150.62,52.0,163.58,48.0,154.41,3.680000000000007,66.0,80.0,7.372430399809121,146,-14.0,-38.0,-0.1
07:42:54,150.33,43.0,153.42,19.0,149.0,84.0,157.0,50.0,151.87,3.089999999999975,127.0,69.0,5.808456765788192,196,58.0,50.0,0.3
07:42:55,150.0,58.0,151.81,16.0,148.0,70.0,153.95,37.0,150.91,1.8100000000000023,128.0,53.0,3.344625539583065,181,75.0,-15.0,0.41
07:42:56,148.61,23.0,153.61,23.0,147.21,66.0,265.0,24.0,151.11,5.0,89.0,47.0,1.8346988853846706,136,42.0,-45.0,0.31
07:42:57,148.0,48.0,152.92,48.0,147.0,156.0,200.68,47.0,150.46,4.9199999999999875,204.0,95.0,1.5707705115744948,299,109.0,163.0,0.36
07:42:58,148.0,24.0,152.0,24.0,147.0,78.0,164.0,24.0,150.0,4.0,102.0,48.0,0.7043081712093576,150,54.0,-149.0,0.36
07:42:59,148.0,25.0,151.14,28.0,147.0,91.0,313.0,21.0,149.57,3.1399999999999864,116.0,49.0,0.635649274389898,165,67.0,15.0,0.41
07:43:00,148.0,9.0,177.12,25.0,147.0,54.0,356.53,30.0,162.56,29.120000000000005,63.0,55.0,5.519153014732581,118,8.0,-47.0,0.07
07:43:01,148.0,9.0,407.88,34.0,147.0,36.0,599.75,32.0,277.94,259.88,45.0,66.0,56.07374055652097,111,-21.0,-7.0,-0.19
07:43:10,151.82,17.0,166.7,40.0,150.38,13.0,167.9,40.0,159.26,14.879999999999995,30.0,80.0,14.343726154665147,110,-50.0,18.0,-0.45
07:43:11,150.08,24.0,161.89,46.0,148.9,40.0,163.44,61.0,155.99,11.809999999999974,64.0,107.0,14.565264501547071,171,-43.0,61.0,-0.25
07:43:12,149.33,12.0,156.6,30.0,147.66,32.0,158.56,36.0,152.97,7.269999999999982,44.0,66.0,13.520838361582072,110,-22.0,-61.0,-0.2
07:43:13,149.0,9.0,154.18,34.0,148.0,9.0,155.91,22.0,151.59,5.180000000000007,18.0,56.0,7.303608697077858,74,-38.0,-36.0,-0.51
07:43:14,148.9,21.0,151.85,33.0,147.47,15.0,153.54,39.0,150.38,2.9499999999999886,36.0,72.0,3.591443999289506,108,-36.0,34.0,-0.33
07:43:15,148.0,11.0,153.58,26.0,146.0,22.0,285.71,24.0,150.79,5.5800000000000125,33.0,50.0,2.2652770250088996,83,-17.0,-25.0,-0.2
07:43:16,148.0,7.0,154.0,21.0,146.0,14.0,489.57,14.0,151.0,6.0,21.0,35.0,1.0073380763346031,56,-14.0,-27.0,-0.25
07:43:17,149.88,16.0,152.62,24.0,146.29,14.0,296.87,30.0,151.25,2.740000000000009,30.0,54.0,0.4580065502082061,84,-24.0,28.0,-0.29
07:43:18,153.4,30.0,259.2,30.0,152.13,15.0,287.8,20.0,206.3,105.79999999999998,45.0,50.0,24.797808975795228,95,-5.0,11.0,-0.05
07:43:24,151.71,17.0,294.71,34.0,150.08,52.0,403.23,22.0,223.21,142.99999999999997,69.0,56.0,43.890175210404614,125,13.0,-7.0,0.1
07:43:25,151.0,10.0,262.0,5.0,150.0,30.0,377.25,16.0,206.5,111.0,40.0,21.0,44.206149798416234,61,19.0,-64.0,0.31
07:43:26,154.43,56.0,260.67,12.0,150.4,40.0,521.29,34.0,207.55,106.24000000000001,96.0,46.0,41.1033480388157,142,50.0,81.0,0.35
07:43:35,154.05,19.0,221.11,18.0,151.65,23.0,222.33,12.0,187.58,67.06,42.0,30.0,2.075420439338139,72,12.0,-34.0,0.17
07:43:36,154.0,18.0,214.84,19.0,151.0,18.0,221.8,10.0,184.42,60.84,36.0,29.0,2.601774394528285,65,7.0,-7.0,0.11
07:43:37,154.0,20.0,169.71,21.0,151.31,26.0,172.15,27.0,161.86,15.710000000000008,46.0,48.0,11.715880248620866,94,-2.0,29.0,-0.02
07:43:38,152.32,63.0,160.43,28.0,151.69,58.0,163.71,34.0,156.37,8.110000000000014,121.0,62.0,15.44491081230404,183,59.0,89.0,0.32
07:43:39,153.14,28.0,156.92,24.0,151.83,48.0,158.0,24.0,155.03,3.780000000000001,76.0,48.0,15.721296702245267,124,28.0,-59.0,0.23
07:43:40,152.0,32.0,155.75,32.0,151.0,32.0,158.0,32.0,153.88,3.75,64.0,64.0,12.731864356802955,128,0.0,4.0,0.0
07:43:41,152.0,20.0,154.75,16.0,151.0,20.0,156.8,20.0,153.38,2.75,40.0,36.0,3.4176790370120065,76,4.0,-52.0,0.05
07:43:42,151.79,19.0,153.04,25.0,150.73,30.0,155.12,16.0,152.41,1.25,49.0,41.0,1.5309898758750067,90,8.0,14.0,0.09
07:43:43,151.67,30.0,153.0,20.0,150.33,30.0,158.0,20.0,152.33,1.3300000000000125,60.0,40.0,1.1194328921520766,100,20.0,10.0,0.2
07:43:44,152.0,44.0,157.0,22.0,151.0,22.0,387.64,33.0,154.5,5.0,66.0,55.0,0.9375233330600279,121,11.0,21.0,0.09
07:43:45,153.0,48.0,156.0,24.0,150.4,40.0,342.58,36.0,154.5,3.0,88.0,60.0,1.065659420280212,148,28.0,27.0,0.19
07:43:46,154.52,48.0,418.59,32.0,151.95,63.0,544.33,36.0,286.56,264.06999999999994,111.0,68.0,59.544841506213,179,43.0,31.0,0.24
07:43:50,152.12,26.0,389.94,17.0,151.0,10.0,600.0,13.0,271.03,237.82,36.0,30.0,47.50507520255091,66,6.0,-118.0,0.09
07:43:51,152.0,25.0,412.73,11.0,151.0,30.0,727.9,10.0,282.36,260.73,55.0,21.0,46.410121417639246,76,34.0,10.0,0.45
07:43:52,152.0,53.0,282.1,21.0,150.52,23.0,516.44,18.0,217.05,130.10000000000002,76.0,39.0,42.21096457083179,115,37.0,39.0,0.32
07:43:53,152.0,60.0,262.75,16.0,150.0,15.0,279.73,26.0,207.38,110.75,75.0,42.0,32.74388996438902,117,33.0,2.0,0.28
07:43:54,152.52,27.0,276.29,14.0,151.7,33.0,279.64,22.0,214.4,123.77000000000001,60.0,36.0,35.32439567777511,96,24.0,-21.0,0.25
07:43:55,149.62,32.0,266.23,22.0,146.38,37.0,262.57,42.0,207.93,116.61000000000001,69.0,64.0,31.875486349231124,133,5.0,37.0,0.04
07:43:56,146.0,64.0,166.13,30.0,69.49,70.0,251.5,28.0,156.07,20.129999999999995,134.0,58.0,25.21732995382389,192,76.0,59.0,0.4
07:43:59,124.62,29.0,163.07,30.0,98.16,50.0,295.35,26.0,143.84,38.44999999999999,79.0,56.0,34.88596809607021,135,23.0,24.0,0.17
07:44:00,135.55,33.0,293.03,32.0,133.0,11.0,384.91,33.0,214.29,157.47999999999996,44.0,65.0,37.505473333901925,109,-21.0,-26.0,-0.19
07:44:01,141.77,13.0,209.33,9.0,128.06,17.0,236.2,25.0,175.55,67.56,30.0,34.0,39.00110318952566,64,-4.0,-45.0,-0.06
07:44:02,147.77,39.0,175.0,45.0,142.0,13.0,240.76,37.0,161.38,27.22999999999999,52.0,82.0,34.78399301402915,134,-30.0,70.0,-0.22
07:44:03,152.0,15.0,173.82,55.0,144.5,16.0,288.0,22.0,162.91,21.819999999999993,31.0,77.0,26.403695385305998,108,-46.0,-26.0,-0.43
07:44:04,154.0,15.0,171.63,57.0,146.53,30.0,196.42,57.0,162.82,17.629999999999995,45.0,114.0,22.490392393198242,159,-69.0,51.0,-0.43
07:44:05,153.17,12.0,167.36,44.0,149.76,37.0,168.88,52.0,160.27,14.190000000000026,49.0,96.0,6.225819624758587,145,-47.0,-14.0,-0.32
07:44:06,152.14,28.0,164.17,58.0,150.67,48.0,165.55,38.0,158.16,12.030000000000001,76.0,96.0,1.9776931005666432,172,-20.0,27.0,-0.12
07:44:07,152.38,32.0,162.83,60.0,150.2,40.0,244.89,27.0,157.6,10.450000000000017,72.0,87.0,2.5009738103444548,159,-15.0,-13.0,-0.09
07:44:08,150.11,36.0,162.0,50.0,149.5,16.0,439.82,17.0,156.06,11.889999999999986,52.0,67.0,2.6226360784578526,119,-15.0,-40.0,-0.13
07:44:09,150.0,44.0,159.57,51.0,149.0,11.0,166.21,52.0,154.78,9.569999999999993,55.0,103.0,2.092314507914316,158,-48.0,39.0,-0.3
07:44:10,150.0,48.0,157.0,12.0,149.0,12.0,159.0,60.0,153.5,7.0,60.0,72.0,1.9342698881047238,132,-12.0,-26.0,-0.09
07:44:11,150.0,48.0,155.97,32.0,149.0,12.0,157.25,40.0,152.98,5.969999999999999,60.0,72.0,1.8881949052014297,132,-12.0,0.0,-0.09
07:44:12,150.0,56.0,152.52,58.0,149.0,14.0,154.19,62.0,151.26,2.5200000000000102,70.0,120.0,1.8198021870600676,190,-50.0,58.0,-0.26
07:44:13,150.0,39.0,151.89,45.0,149.0,9.0,153.78,45.0,150.94,1.8899999999999864,48.0,90.0,1.5980988705422907,138,-42.0,-52.0,-0.3
07:44:14,148.73,30.0,150.92,65.0,147.19,42.0,327.03,38.0,149.83,2.1899999999999977,72.0,103.0,1.5121573992241872,175,-31.0,37.0,-0.18
07:44:15,148.0,16.0,150.0,40.0,147.0,32.0,294.0,8.0,149.0,2.0,48.0,48.0,1.5136446082315338,96,0.0,-79.0,0.0
07:44:16,147.91,22.0,149.0,60.0,137.87,46.0,237.82,45.0,148.45,1.0900000000000034,68.0,105.0,1.2091856764072009,173,-37.0,77.0,-0.21
07:44:18,134.5,8.0,141.0,8.0,99.5,32.0,144.71,17.0,137.75,6.5,40.0,25.0,11.829093371853464,65,15.0,-138.0,0.23
07:44:19,122.32,19.0,141.0,11.0,78.84,25.0,142.55,29.0,131.66,18.680000000000007,44.0,40.0,11.394074337129243,84,4.0,19.0,0.05
07:44:27,154.68,25.0,179.0,44.0,152.0,27.0,408.13,39.0,166.84,24.319999999999993,52.0,83.0,1.2342690144484998,135,-31.0,41.0,-0.23
07:44:28,154.0,10.0,179.0,20.0,149.0,10.0,386.78,18.0,166.5,25.0,20.0,38.0,0.7743384273220706,58,-18.0,-77.0,-0.31
07:44:29,154.0,6.0,179.0,12.0,149.0,6.0,211.0,6.0,166.5,25.0,12.0,18.0,0.4754787061768155,30,-6.0,-28.0,-0.2
07:44:30,154.0,18.0,177.52,31.0,152.0,18.0,187.43,28.0,165.76,23.52000000000001,36.0,59.0,0.5898135298783375,95,-23.0,65.0,-0.24
07:44:31,154.0,14.0,174.09,33.0,152.0,22.0,178.0,44.0,164.05,20.090000000000003,36.0,77.0,1.1226308387121027,113,-41.0,18.0,-0.36
07:44:32,154.2,15.0,170.76,38.0,152.08,25.0,171.49,39.0,162.48,16.560000000000002,40.0,77.0,1.7545426754648417,117,-37.0,4.0,-0.32
07:44:37,152.59,17.0,155.55,11.0,151.22,46.0,157.64,11.0,154.07,2.960000000000008,63.0,22.0,2.7885784909208358,85,41.0,17.0,0.48
07:44:38,151.8,20.0,153.18,17.0,150.35,62.0,154.53,17.0,152.49,1.3799999999999955,82.0,34.0,3.2164856598508367,116,48.0,31.0,0.41
07:44:39,150.2,15.0,153.0,9.0,149.33,18.0,154.0,9.0,151.6,2.8000000000000114,33.0,18.0,3.1676284504382544,51,15.0,-65.0,0.29
07:44:40,150.09,22.0,152.0,12.0,149.17,24.0,268.69,32.0,151.05,1.9099999999999966,46.0,44.0,2.518021048368263,90,2.0,39.0,0.02
07:44:41,150.0,20.0,151.9,10.0,149.0,20.0,318.6,30.0,150.95,1.9000000000000057,40.0,40.0,1.2927567443356762,80,0.0,-10.0,0.0
07:44:42,150.0,18.0,151.0,9.0,149.0,18.0,257.0,27.0,150.5,1.0,36.0,36.0,0.7631317055562973,72,0.0,-8.0,0.0
07:44:43,150.0,10.0,242.91,22.0,149.0,20.0,333.62,26.0,196.45,92.91,30.0,48.0,20.31844605278727,78,-18.0,6.0,-0.23
07:44:44,150.0,12.0,177.61,18.0,149.0,24.0,207.2,30.0,163.81,27.610000000000014,36.0,48.0,19.766196396879877,84,-12.0,6.0,-0.14
07:44:45,151.85,26.0,166.53,19.0,150.0,13.0,190.21,33.0,159.19,14.680000000000007,39.0,52.0,18.898182452289625,91,-13.0,7.0,-0.14
07:44:46,153.27,33.0,166.0,48.0,150.75,24.0,314.55,40.0,159.64,12.72999999999999,57.0,88.0,17.741481617949155,145,-31.0,54.0,-0.21
07:44:50,152.35,23.0,163.0,15.0,149.35,31.0,449.91,11.0,157.67,10.650000000000006,54.0,26.0,1.1187939935604017,80,28.0,3.0,0.35
07:44:51,151.04,77.0,162.64,42.0,149.9,96.0,353.25,28.0,156.84,11.599999999999994,173.0,70.0,1.6240997506393284,243,103.0,163.0,0.42
07:44:52,151.76,34.0,161.0,24.0,149.96,50.0,317.25,16.0,156.38,9.240000000000009,84.0,40.0,1.6409814136749314,124,44.0,-119.0,0.35
07:44:53,150.0,62.0,160.12,32.0,148.0,10.0,184.93,28.0,155.06,10.120000000000005,72.0,60.0,1.645600194465951,132,12.0,8.0,0.09
07:44:54,150.0,36.0,158.54,28.0,148.0,6.0,159.45,20.0,154.27,8.539999999999992,42.0,48.0,1.369828456422977,90,-6.0,-42.0,-0.07
07:44:55,150.0,72.0,156.42,60.0,148.0,12.0,158.0,36.0,153.21,6.4199999999999875,84.0,96.0,1.4929065610499515,180,-12.0,90.0,-0.07
07:44:56,150.0,30.0,154.44,45.0,148.0,9.0,158.0,27.0,152.22,4.439999999999998,39.0,72.0,1.6119460288811835,111,-33.0,-69.0,-0.3
07:44:57,148.5,8.0,154.0,20.0,147.08,13.0,158.0,21.0,151.25,5.5,21.0,41.0,1.530316960641045,62,-20.0,-49.0,-0.32
07:44:58,134.41,29.0,152.74,31.0,111.1,93.0,156.07,29.0,143.58,18.330000000000013,122.0,60.0,4.246767005620307,182,62.0,120.0,0.34
07:44:59,148.0,22.0,152.0,28.0,120.71,66.0,154.0,22.0,150.0,4.0,88.0,50.0,3.807816959889898,138,38.0,-44.0,0.28
07:45:00,148.0,22.0,149.91,22.0,113.4,52.0,152.55,22.0,148.95,1.9099999999999966,74.0,44.0,3.37675139742698,118,30.0,-20.0,0.25
07:45:01,137.63,54.0,148.29,48.0,122.68,110.0,175.22,36.0,142.96,10.659999999999997,164.0,84.0,3.8169844118131824,248,80.0,130.0,0.32
07:45:02,113.67,45.0,146.7,37.0,73.94,47.0,167.81,31.0,130.18,33.02999999999999,92.0,68.0,7.889916349367991,160,24.0,-88.0,0.15
07:45:07,112.68,59.0,142.67,15.0,110.05,95.0,144.9,21.0,127.67,29.98999999999998,154.0,36.0,15.534353864902885,190,118.0,-71.0,0.62
07:45:08,115.29,73.0,142.0,25.0,112.37,109.0,144.74,23.0,128.64,26.709999999999994,182.0,48.0,14.38562581190069,230,134.0,40.0,0.58
07:45:09,136.12,80.0,319.46,65.0,120.04,69.0,440.32,56.0,227.79,183.33999999999997,149.0,121.0,44.14359885645964,270,28.0,40.0,0.1
07:45:27,153.12,102.0,156.64,14.0,152.63,54.0,491.56,43.0,154.88,3.519999999999982,156.0,57.0,2.0595436387766193,213,99.0,11.0,0.46
07:45:28,152.5,60.0,155.79,14.0,150.87,15.0,242.43,28.0,154.14,3.289999999999992,75.0,42.0,2.081350523103976,117,33.0,-96.0,0.28
07:45:29,153.0,44.0,154.73,11.0,150.59,17.0,261.52,27.0,153.86,1.7299999999999898,61.0,38.0,1.873680869311817,99,23.0,-18.0,0.23
07:45:35,154.0,11.0,207.19,32.0,153.0,11.0,220.68,25.0,180.59,53.19,22.0,57.0,5.970734460686452,79,-35.0,-22.0,-0.44
07:45:36,154.0,10.0,156.0,30.0,153.0,10.0,212.5,24.0,155.0,2.0,20.0,54.0,14.830231623276415,74,-34.0,-5.0,-0.46
07:45:37,154.0,5.0,155.0,15.0,153.0,5.0,177.23,13.0,154.5,1.0,10.0,28.0,18.57576835557623,38,-18.0,-36.0,-0.47
07:45:38,150.97,29.0,215.17,23.0,149.57,35.0,378.33,24.0,183.07,64.19999999999999,64.0,47.0,16.96275832522609,111,17.0,73.0,0.15
07:45:39,150.11,92.0,224.0,22.0,149.15,137.0,302.56,27.0,187.05,73.88999999999999,229.0,49.0,15.953656947547387,278,180.0,165.5,0.65
07:45:40,150.0,60.0,224.0,12.0,149.0,78.0,532.75,16.0,187.0,74.0,138.0,28.0,17.03329474881554,166,110.0,-112.0,0.66
07:45:41,150.39,46.0,224.0,20.0,149.54,112.0,404.43,28.0,187.2,73.61000000000001,158.0,48.0,14.229712927533967,206,110.0,40.0,0.53
07:45:42,153.0,5.0,223.0,10.0,150.0,50.0,224.0,10.0,188.0,70.0,55.0,20.0,1.9397757602433283,75,35.0,-131.0,0.47
07:45:43,153.0,12.0,222.83,24.0,150.0,120.0,223.83,24.0,187.92,69.83000000000001,132.0,48.0,0.4866004521448448,180,84.0,105.0,0.47
07:45:44,153.0,9.0,220.33,18.0,150.0,90.0,221.33,18.0,186.67,67.33000000000001,99.0,36.0,0.5819106460854415,135,63.0,-45.0,0.47
07:45:45,153.0,16.0,205.43,28.0,150.61,38.0,214.15,26.0,179.21,52.43000000000001,54.0,54.0,3.7242247515459503,108,0.0,-27.0,0.0
07:45:46,153.0,21.0,194.58,24.0,152.0,60.0,267.26,19.0,173.79,41.58000000000001,81.0,43.0,6.359911162903732,124,38.0,16.0,0.31
07:45:47,152.71,42.0,189.82,17.0,151.32,62.0,220.3,20.0,171.27,37.109999999999985,104.0,37.0,7.455811156408627,141,67.0,17.0,0.48
07:45:48,150.17,36.0,152.22,18.0,149.48,125.0,159.36,11.0,151.19,2.0500000000000114,161.0,29.0,13.25781580804422,190,132.0,49.0,0.69
07:45:49,149.45,71.0,153.05,19.0,148.95,133.0,333.09,23.0,151.25,3.6000000000000227,204.0,42.0,13.206957257446813,246,162.0,56.0,0.66
07:45:50,149.0,156.0,225.52,23.0,147.0,12.0,428.47,19.0,187.26,76.52000000000001,168.0,42.0,15.594964571938824,210,126.0,-36.0,0.6
07:45:51,149.0,130.0,369.8,25.0,147.0,10.0,613.0,20.0,259.4,220.8,140.0,45.0,44.74056246852545,185,95.0,-25.0,0.51
07:45:52,149.0,130.0,264.2,30.0,147.0,10.0,309.0,27.0,206.6,115.19999999999999,140.0,57.0,45.00196717922483,197,83.0,12.0,0.42
07:45:53,149.0,156.0,349.06,47.0,147.0,12.0,354.86,35.0,249.03,200.06,168.0,82.0,44.55733575967072,250,86.0,53.0,0.34
07:45:54,154.07,71.0,294.33,24.0,148.94,67.0,323.0,20.0,224.2,140.26,138.0,44.0,29.681073430724044,182,94.0,-68.0,0.52
07:45:58,153.0,13.0,181.08,52.0,150.0,65.0,371.69,39.0,167.04,28.080000000000013,78.0,91.0,26.89316548865214,169,-13.0,32.0,-0.08
07:45:59,153.0,10.0,180.8,40.0,151.58,71.0,363.0,40.0,166.9,27.80000000000001,81.0,80.0,24.384500199922687,161,1.0,-8.0,0.01
07:46:00,154.24,34.0,179.8,60.0,151.22,86.0,356.46,52.0,167.02,25.560000000000002,120.0,112.0,18.658138438762546,232,8.0,71.0,0.03
07:46:05,154.54,13.0,171.2,20.0,150.6,30.0,177.79,39.0,162.87,16.659999999999997,43.0,59.0,1.8902460157417704,102,-16.0,-54.0,-0.16
07:46:07,150.29,92.0,154.24,41.0,149.29,84.0,156.0,40.0,152.27,3.950000000000017,176.0,81.0,6.0078964704817635,257,95.0,129.0,0.37
07:46:08,149.26,50.0,151.27,11.0,148.48,31.0,152.75,16.0,150.27,2.0100000000000193,81.0,27.0,6.700934263222337,108,54.0,-149.0,0.5
07:46:09,150.0,49.0,151.0,16.0,149.0,26.0,152.97,29.0,150.5,1.0,75.0,45.0,5.367404400641617,120,30.0,12.0,0.25
07:46:10,150.0,58.0,152.22,36.0,149.0,20.0,166.4,40.0,151.11,2.219999999999999,78.0,76.0,2.7854317439181466,154,2.0,34.0,0.01
07:46:11,149.91,44.0,153.5,48.0,148.33,24.0,173.73,44.0,151.7,3.5900000000000034,68.0,92.0,0.8296686085581382,160,-24.0,6.0,-0.15
07:46:21,149.74,19.0,273.67,18.0,148.29,7.0,558.86,14.0,211.7,123.93,26.0,32.0,35.88761109352425,58,-6.0,10.0,-0.1
07:46:22,150.61,66.0,326.33,24.0,149.79,39.0,469.71,21.0,238.47,175.71999999999997,105.0,45.0,36.6921065080767,150,60.0,92.0,0.4
07:46:23,151.68,77.0,255.0,24.0,151.25,36.0,463.0,12.0,203.34,103.32,113.0,36.0,43.44493100466432,149,77.0,-1.0,0.52
07:46:24,153.24,58.0,394.26,19.0,151.6,30.0,499.29,17.0,273.75,241.01999999999998,88.0,36.0,45.06185914939644,124,52.0,-25.0,0.42
07:46:25,151.57,21.0,153.65,62.0,149.86,14.0,206.03,32.0,152.61,2.0800000000000125,35.0,94.0,44.82470780719089,129,-59.0,5.0,-0.46
07:46:26,150.8,10.0,152.68,22.0,148.2,20.0,165.73,41.0,151.74,1.8799999999999955,30.0,63.0,53.44557296914346,93,-33.0,-36.0,-0.35
07:46:27,147.76,34.0,152.88,40.0,140.6,40.0,240.0,16.0,150.32,5.1200000000000045,74.0,56.0,53.76295350889902,130,18.0,37.0,0.14
07:46:28,148.0,72.0,150.4,68.0,146.06,96.0,333.0,65.0,149.2,2.4000000000000057,168.0,133.0,54.925567179593486,301,35.0,165.5,0.12
07:46:29,146.0,78.0,245.03,29.0,94.38,52.0,434.93,15.0,195.52,99.03,130.0,44.0,19.967336327112736,174,86.0,-127.0,0.49
07:46:30,149.06,35.0,255.7,10.0,142.3,54.0,409.1,10.0,202.38,106.63999999999999,89.0,20.0,26.70657072707082,109,69.0,-65.0,0.63
07:46:31,150.0,24.0,197.45,11.0,146.16,38.0,349.5,8.0,173.73,47.44999999999999,62.0,19.0,24.719049334471507,81,43.0,-28.0,0.53
07:46:32,146.0,60.0,177.75,24.0,93.86,42.0,194.17,12.0,161.88,31.75,102.0,36.0,22.35080132791744,138,66.0,57.0,0.48
07:46:33,146.0,60.0,176.0,24.0,93.29,42.0,236.67,18.0,161.0,30.0,102.0,42.0,19.133439837102898,144,60.0,6.0,0.42
07:46:34,150.57,35.0,174.25,16.0,125.57,37.0,216.0,16.0,162.41,23.680000000000007,72.0,32.0,17.613402567364314,104,40.0,-40.0,0.38
07:46:35,154.0,38.0,173.07,28.0,146.0,70.0,221.19,27.0,163.54,19.069999999999993,108.0,55.0,5.234412096886849,163,53.0,59.0,0.33
07:46:36,148.13,30.0,170.95,37.0,123.96,55.0,183.68,28.0,159.54,22.819999999999993,85.0,65.0,1.5061806000726763,150,20.0,-13.0,0.13
07:46:37,146.0,30.0,166.85,33.0,131.2,50.0,168.29,42.0,156.42,20.849999999999994,80.0,75.0,2.7692092734272076,155,5.0,5.0,0.03
07:46:38,141.53,123.0,164.0,26.0,136.79,131.0,168.0,39.0,152.76,22.47,254.0,65.0,4.41880979450747,319,189.0,164.0,0.59
07:46:39,146.92,37.0,161.47,34.0,142.63,147.0,162.63,41.0,154.19,14.550000000000011,184.0,75.0,4.330496507334354,259,109.0,-60.0,0.42
07:46:40,148.45,88.0,159.24,29.0,120.0,56.0,160.32,37.0,153.85,10.79000000000002,144.0,66.0,2.6927996583546507,210,78.0,-49.0,0.37
07:46:41,154.0,12.0,156.75,16.0,147.42,48.0,159.4,20.0,155.38,2.75,60.0,36.0,1.4146554350918439,96,24.0,-114.0,0.25
07:46:42,151.73,11.0,153.9,29.0,147.04,101.0,175.88,25.0,152.81,2.170000000000016,112.0,54.0,1.085435396527535,166,58.0,70.0,0.35
07:46:43,150.41,34.0,370.26,31.0,147.3,66.0,510.29,34.0,260.33,219.85,100.0,65.0,47.535358629130315,165,35.0,-1.0,0.21
07:46:44,152.4,30.0,200.78,40.0,150.5,18.0,266.41,32.0,176.59,48.379999999999995,48.0,72.0,46.08032031138709,120,-24.0,-45.0,-0.2
07:46:49,154.0,8.0,202.44,18.0,152.0,24.0,204.18,22.0,178.22,48.44,32.0,40.0,5.520613190582542,72,-8.0,-14.0,-0.11
07:46:50,154.12,16.0,199.42,33.0,152.05,43.0,201.64,42.0,176.77,45.29999999999998,59.0,75.0,5.551706944718347,134,-16.0,62.0,-0.12
07:46:52,151.97,36.0,155.39,44.0,151.43,23.0,156.62,69.0,153.68,3.4199999999999875,59.0,113.0,12.824384975507957,172,-54.0,41.0,-0.31
07:46:53,151.0,66.0,153.09,22.0,150.0,11.0,156.0,55.0,152.05,2.0900000000000034,77.0,77.0,12.72895007453618,154,0.0,-18.0,0.0
07:46:54,150.89,19.0,152.0,18.0,149.78,9.0,165.47,17.0,151.45,1.1100000000000136,28.0,35.0,10.587734412991058,63,-7.0,-91.0,-0.11
07:46:55,148.14,14.0,151.0,28.0,147.01,144.0,182.73,44.0,149.57,2.8600000000000136,158.0,72.0,3.258361551460388,230,86.0,165.5,0.37
07:46:56,147.36,22.0,149.9,20.0,145.35,92.0,151.0,20.0,148.63,2.539999999999992,114.0,40.0,2.007505915317679,154,74.0,-76.0,0.48
07:46:57,147.04,47.0,160.0,15.0,130.36,50.0,237.23,26.0,153.52,12.960000000000008,97.0,41.0,1.9562412939194098,138,56.0,-16.0,0.41
07:46:58,149.0,13.0,245.5,12.0,147.11,28.0,301.86,36.0,197.25,96.5,41.0,48.0,20.86074015944869,89,-7.0,-49.0,-0.08
07:46:59,149.0,16.0,298.0,40.0,147.0,40.0,322.2,15.0,223.5,149.0,56.0,55.0,34.093564348715944,111,1.0,22.0,0.01
07:47:00,149.0,28.0,307.53,59.0,147.0,70.0,390.27,44.0,228.26,158.52999999999997,98.0,103.0,37.685004577418255,201,-5.0,90.0,-0.02
07:47:01,147.26,46.0,201.2,20.0,125.84,31.0,267.14,29.0,174.23,53.94,77.0,49.0,31.917486899817707,126,28.0,-75.0,0.22
07:47:02,144.06,34.0,247.75,16.0,98.56,27.0,305.86,14.0,195.9,103.69,61.0,30.0,22.17022259698885,91,31.0,-35.0,0.34
07:47:03,144.4,40.0,249.46,24.0,85.5,24.0,334.41,17.0,196.93,105.06,64.0,41.0,22.194407628950927,105,23.0,14.0,0.22
07:47:04,147.0,21.0,294.43,21.0,69.86,14.0,361.2,15.0,220.71,147.43,35.0,36.0,21.601315469203143,71,-1.0,-34.0,-0.01
07:47:06,149.53,34.0,299.8,30.0,148.75,40.0,323.4,30.0,224.66,150.27,74.0,60.0,31.423297885486733,134,14.0,38.0,0.1
07:47:09,124.5,60.0,142.0,24.0,67.92,24.0,144.0,12.0,133.25,17.5,84.0,36.0,39.865833366430905,120,48.0,12.0,0.4
07:47:11,127.78,49.0,297.67,39.0,94.22,37.0,386.93,28.0,212.72,169.89000000000001,86.0,67.0,42.847489424703014,153,19.0,80.0,0.12
07:47:13,149.0,14.0,376.92,24.0,148.0,35.0,495.5,20.0,262.96,227.92000000000002,49.0,44.0,86.24882828189631,93,5.0,28.0,0.05
07:47:26,152.0,30.0,385.0,12.0,151.0,18.0,659.17,12.0,268.5,233.0,48.0,24.0,49.90209965522524,72,24.0,-150.0,0.33
07:47:28,148.0,8.0,414.5,8.0,147.0,28.0,767.0,8.0,281.25,266.5,36.0,16.0,83.53094666050441,52,20.0,-42.0,0.38
07:47:29,148.0,14.0,298.82,11.0,147.0,49.0,433.71,14.0,223.41,150.82,63.0,25.0,70.2789054411068,88,38.0,36.0,0.43
07:47:30,112.1,31.0,284.25,8.0,97.83,64.0,286.0,16.0,198.17,172.15,95.0,24.0,58.34723026845432,119,71.0,31.0,0.6
07:47:31,112.45,51.0,280.0,13.0,89.09,97.0,458.31,26.0,196.23,167.55,148.0,39.0,65.519021054958,187,109.0,68.0,0.58
07:47:32,154.0,10.0,276.5,10.0,149.0,10.0,483.38,13.0,215.25,122.5,20.0,23.0,34.591760868739094,43,-3.0,-144.0,-0.07
07:47:33,154.0,10.0,245.17,18.0,151.47,34.0,249.5,14.0,199.58,91.16999999999999,44.0,32.0,12.096020833316585,76,12.0,33.0,0.16
07:47:34,154.0,12.0,243.17,12.0,151.96,78.0,245.0,12.0,198.58,89.16999999999999,90.0,24.0,7.747868739210083,114,66.0,38.0,0.58
07:47:35,136.07,54.0,188.04,24.0,115.97,146.0,198.79,28.0,162.06,51.97,200.0,52.0,19.54631550957953,252,148.0,138.0,0.59
07:47:36,136.46,65.0,180.8,10.0,93.25,114.0,181.8,10.0,158.63,44.34,179.0,20.0,25.085423058023753,199,159.0,-53.0,0.8
07:47:37,133.52,71.0,151.64,39.0,123.79,215.0,196.0,45.0,142.58,18.119999999999976,286.0,84.0,25.543300100026826,370,202.0,165.5,0.55
07:47:38,140.0,28.0,158.19,32.0,52.75,198.0,235.57,44.0,149.09,18.189999999999998,226.0,76.0,21.75479648261576,302,150.0,-68.0,0.5
07:47:39,140.15,80.0,307.74,23.0,115.2,87.0,319.72,43.0,223.94,167.59,167.0,66.0,32.60901179122162,233,101.0,-69.0,0.43
07:47:40,150.13,15.0,419.56,45.0,127.93,28.0,648.68,38.0,284.84,269.43,43.0,83.0,61.31154320354388,126,-40.0,-107.0,-0.32
07:47:45,122.87,45.0,168.23,61.0,109.48,52.0,208.89,57.0,145.55,45.359999999999985,97.0,118.0,84.98950541096251,215,-21.0,-5.0,-0.1
07:47:46,147.29,28.0,240.93,29.0,61.12,32.0,358.12,32.0,194.11,93.64000000000001,60.0,61.0,42.94386510317888,121,-1.0,-94.0,-0.01
07:47:47,151.11,61.0,216.52,50.0,146.41,51.0,225.63,38.0,183.82,65.41,112.0,88.0,29.219049779211243,200,24.0,79.0,0.12
07:47:48,152.0,6.0,159.1,21.0,151.0,36.0,159.45,22.0,155.55,7.099999999999994,42.0,43.0,28.868908015372256,85,-1.0,-115.0,-0.01
07:47:49,152.8,10.0,155.06,34.0,151.0,60.0,156.32,25.0,153.93,2.259999999999991,70.0,59.0,21.08946466840789,129,11.0,44.0,0.09
07:47:50,151.07,56.0,153.95,39.0,150.4,30.0,154.71,14.0,152.51,2.8799999999999955,86.0,53.0,19.525052624769668,139,33.0,10.0,0.24
07:47:51,151.0,33.0,152.44,16.0,150.0,12.0,226.0,14.0,151.72,1.4399999999999977,45.0,30.0,13.670023043141676,75,15.0,-64.0,0.2
07:47:52,151.0,25.0,242.6,15.0,150.0,10.0,268.77,13.0,196.8,91.6,35.0,28.0,19.451567289039325,63,7.0,-12.0,0.11
07:47:53,150.0,16.0,259.29,14.0,149.0,106.0,268.38,24.0,204.64,109.29000000000002,122.0,38.0,26.44825608617748,160,84.0,97.0,0.53
07:47:54,149.25,20.0,215.62,8.0,148.73,33.0,243.5,6.0,182.44,66.37,53.0,14.0,24.60948638228811,67,39.0,-93.0,0.58
07:47:55,149.0,30.0,214.5,18.0,148.0,18.0,216.0,6.0,181.75,65.5,48.0,24.0,20.23573324591979,72,24.0,5.0,0.33
07:47:56,149.0,35.0,214.0,21.0,148.0,21.0,257.71,7.0,181.5,65.0,56.0,28.0,10.681623472114298,84,28.0,12.0,0.33
07:47:57,149.0,30.0,175.67,18.0,148.0,18.0,232.38,16.0,162.33,26.669999999999987,48.0,34.0,14.988074259224334,82,14.0,-2.0,0.17
07:47:58,149.0,35.0,190.86,21.0,148.0,21.0,233.0,21.0,169.93,41.860000000000014,56.0,42.0,9.050682294723615,98,14.0,16.0,0.14
07:47:59,149.0,45.0,213.78,27.0,148.0,27.0,255.44,27.0,181.39,64.78,72.0,54.0,8.862228839294518,126,18.0,28.0,0.14
07:48:00,149.86,35.0,212.36,33.0,148.58,43.0,402.09,33.0,181.11,62.5,78.0,66.0,8.7511496387631,144,12.0,18.0,0.08
07:48:02,151.66,35.0,193.81,27.0,149.13,45.0,209.56,27.0,172.74,42.150000000000006,80.0,54.0,5.345359669846692,134,26.0,-2.0,0.19
07:48:03,152.43,14.0,205.91,33.0,148.58,43.0,325.63,43.0,179.17,53.47999999999999,57.0,76.0,4.453294286258562,133,-19.0,-1.0,-0.14
07:48:04,152.16,19.0,204.0,30.0,148.12,24.0,299.78,18.0,178.08,51.84,43.0,48.0,3.9196083988101815,91,-5.0,-42.0,-0.05
07:48:05,151.12,24.0,202.79,19.0,147.62,24.0,292.21,33.0,176.96,51.66999999999999,48.0,52.0,3.108919426428333,100,-4.0,9.0,-0.04
07:48:06,147.78,54.0,192.9,20.0,135.38,64.0,199.59,34.0,170.34,45.120000000000005,118.0,54.0,3.7580340605193467,172,64.0,72.0,0.37
07:48:07,148.65,107.0,168.65,43.0,148.05,111.0,177.74,19.0,158.65,20.0,218.0,62.0,8.542643033629815,280,156.0,108.0,0.56
07:48:08,150.81,63.0,165.11,18.0,149.31,52.0,166.16,38.0,157.96,14.300000000000011,115.0,56.0,9.679820246266193,171,59.0,-109.0,0.35
07:48:09,153.04,45.0,164.0,8.0,151.86,37.0,166.0,24.0,158.52,10.960000000000008,82.0,32.0,8.690666257544676,114,50.0,-57.0,0.44
07:48:11,154.33,36.0,159.56,48.0,152.72,65.0,161.0,16.0,156.95,5.22999999999999,101.0,64.0,0.8841210324535252,165,37.0,25.0,0.22
07:48:12,151.6,30.0,158.86,28.0,148.16,150.0,159.8,20.0,155.23,7.260000000000019,180.0,48.0,1.5763343554039628,228,132.0,63.0,0.58
07:48:13,150.0,10.0,157.0,14.0,148.0,181.0,158.0,26.0,153.5,7.0,191.0,40.0,2.376335414041338,231,151.0,3.0,0.65
07:48:14,150.0,12.0,155.0,12.0,148.0,208.0,157.0,36.0,152.5,5.0,220.0,48.0,2.7244944485220173,268,172.0,37.0,0.64
07:48:15,148.12,80.0,152.1,20.0,147.81,108.0,193.35,20.0,150.11,3.9799999999999898,188.0,40.0,2.6106838184712706,228,148.0,-40.0,0.65
07:48:16,148.0,105.0,152.12,17.0,147.0,28.0,200.45,11.0,150.06,4.1200000000000045,133.0,28.0,2.2291590342611456,161,105.0,-67.0,0.65
07:48:17,148.0,202.0,152.3,30.0,147.0,64.0,217.32,34.0,150.15,4.300000000000011,266.0,64.0,1.6240166255393798,330,202.0,165.5,0.61
07:48:18,148.0,132.0,152.18,11.0,147.0,44.0,248.18,22.0,150.09,4.180000000000007,176.0,33.0,1.072692873113494,209,143.0,-121.0,0.68
07:48:19,148.0,84.0,205.5,8.0,126.64,44.0,493.79,19.0,176.75,57.5,128.0,27.0,11.917169126937289,155,101.0,-54.0,0.65
07:48:37,153.32,37.0,156.89,18.0,151.95,78.0,161.11,27.0,155.11,3.569999999999993,115.0,45.0,3.9504341533592555,160,70.0,2.0,0.44
07:48:38,150.38,16.0,154.68,22.0,149.0,80.0,155.5,18.0,152.53,4.300000000000011,96.0,40.0,4.306741227427975,136,56.0,-24.0,0.41
07:48:39,148.88,43.0,151.79,42.0,148.58,98.0,152.92,38.0,150.33,2.9099999999999966,141.0,80.0,4.230033096800594,221,61.0,85.0,0.28
07:48:40,148.01,68.0,149.64,33.0,146.44,25.0,219.2,20.0,148.83,1.6299999999999955,93.0,53.0,3.619196043326325,146,40.0,-75.0,0.27
07:48:41,147.95,61.0,149.0,20.0,144.93,15.0,170.0,48.0,148.48,1.0500000000000114,76.0,68.0,2.7715302632353382,144,8.0,-2.0,0.06
07:48:42,147.6,15.0,167.26,23.0,144.5,12.0,203.11,37.0,157.43,19.659999999999997,27.0,60.0,3.6688554073483552,87,-33.0,-57.0,-0.38
07:48:43,148.8,50.0,219.0,45.0,146.85,13.0,361.11,36.0,183.9,70.19999999999999,63.0,81.0,15.037211510118098,144,-18.0,57.0,-0.12
07:48:44,149.42,120.0,218.84,51.0,148.0,24.0,357.72,54.0,184.13,69.42000000000002,144.0,105.0,18.123579392604185,249,39.0,105.0,0.16
07:48:45,150.0,100.0,218.16,32.0,148.0,20.0,325.67,45.0,184.08,68.16,120.0,77.0,17.31592128649314,197,43.0,-52.0,0.22
07:48:46,150.0,64.0,216.14,21.0,148.0,14.0,382.48,33.0,183.07,66.13999999999999,78.0,54.0,11.798524060238416,132,24.0,-65.0,0.18
07:48:47,150.0,40.0,214.6,15.0,148.0,10.0,358.0,25.0,182.3,64.6,50.0,40.0,0.7934292659234987,90,10.0,-42.0,0.11
07:48:48,150.0,62.0,213.33,27.0,148.0,18.0,424.0,45.0,181.67,63.33000000000001,80.0,72.0,1.0833512819136826,152,8.0,62.0,0.05
07:48:49,150.68,19.0,212.85,39.0,149.67,36.0,311.57,56.0,181.77,62.16999999999999,55.0,95.0,1.0065634605051619,150,-40.0,-2.0,-0.27
07:48:50,152.0,11.0,211.45,33.0,150.0,33.0,341.45,44.0,181.73,59.44999999999999,44.0,77.0,0.5939865318542307,121,-33.0,-29.0,-0.27
07:48:51,152.0,13.0,209.18,49.0,150.0,41.0,249.71,42.0,180.59,57.18000000000001,54.0,91.0,0.6245158124694201,145,-37.0,24.0,-0.26
07:48:55,152.07,43.0,167.75,48.0,152.0,25.0,187.23,43.0,159.91,15.680000000000007,68.0,91.0,8.730482231814376,159,-23.0,-14.0,-0.14
07:48:56,150.0,40.0,153.5,32.0,148.0,16.0,169.0,27.0,151.75,3.5,56.0,59.0,12.854975690370974,115,-3.0,-44.0,-0.03
07:48:57,150.0,50.0,152.0,40.0,147.38,26.0,169.71,34.0,151.0,2.0,76.0,74.0,13.203187115239674,150,2.0,35.0,0.01
07:48:58,149.9,41.0,155.54,37.0,146.71,28.0,187.3,30.0,152.72,5.639999999999986,69.0,67.0,10.812986174042441,136,2.0,-14.0,0.01
07:48:59,148.67,36.0,178.67,45.0,145.07,60.0,180.0,30.0,163.67,30.0,96.0,75.0,5.6514909537248705,171,21.0,35.0,0.12
07:49:00,148.0,44.0,176.88,41.0,144.0,44.0,177.6,40.0,162.44,28.879999999999995,88.0,81.0,6.197259878368328,169,7.0,-2.0,0.04
07:49:01,148.72,50.0,175.08,26.0,145.08,52.0,177.0,65.0,161.9,26.360000000000014,102.0,91.0,5.98649145994822,193,11.0,24.0,0.06
07:49:02,154.0,27.0,173.24,21.0,148.0,36.0,176.81,42.0,163.62,19.24000000000001,63.0,63.0,4.619274834866599,126,0.0,-67.0,0.0
07:49:03,149.8,25.0,171.19,32.0,147.68,53.0,172.07,59.0,160.49,21.389999999999986,78.0,91.0,1.3226980003126692,169,-13.0,43.0,-0.08
07:49:04,148.0,49.0,168.64,59.0,146.0,52.0,170.62,32.0,158.32,20.639999999999986,101.0,91.0,2.0349398025572287,192,10.0,23.0,0.05
07:49:05,148.0,13.0,166.2,41.0,146.0,52.0,166.91,44.0,157.1,18.19999999999999,65.0,85.0,2.635238129663462,150,-20.0,-42.0,-0.13
07:49:06,147.88,112.0,161.05,43.0,145.61,67.0,162.5,32.0,154.46,13.170000000000016,179.0,75.0,3.4657062772302125,254,104.0,104.0,0.41
07:49:07,149.45,22.0,157.68,31.0,148.12,100.0,163.5,44.0,153.57,8.230000000000018,122.0,75.0,2.8250787599700526,197,47.0,-57.0,0.24
07:49:08,150.0,14.0,156.0,21.0,149.0,28.0,157.0,21.0,153.0,6.0,42.0,42.0,2.3102164400840697,84,0.0,-113.0,0.0
07:49:09,150.0,17.0,153.17,35.0,149.0,52.0,158.89,27.0,151.59,3.1699999999999875,69.0,62.0,2.049324278886938,131,7.0,47.0,0.05
07:49:10,150.0,10.0,152.83,30.0,149.0,40.0,153.17,30.0,151.42,2.8300000000000125,50.0,60.0,1.2996807300395259,110,-10.0,-21.0,-0.09
07:49:11,153.74,117.0,397.74,34.0,148.74,42.0,551.6,50.0,275.74,244.0,159.0,84.0,55.16914110261302,243,75.0,133.0,0.31
07:49:12,154.0,66.0,359.67,15.0,149.0,9.0,421.82,11.0,256.83,205.67000000000002,75.0,26.0,62.95366891611652,101,49.0,-142.0,0.49
07:49:24,154.04,160.0,186.0,36.0,153.83,93.0,189.0,48.0,170.02,31.960000000000008,253.0,84.0,2.764494528847419,337,169.0,165.5,0.5
07:49:27,154.21,191.0,173.45,44.0,153.79,85.0,174.9,51.0,163.83,19.23999999999998,276.0,95.0,3.315685449500608,371,181.0,-81.0,0.49
07:49:28,154.0,228.0,168.0,24.0,152.0,12.0,174.0,48.0,161.0,14.0,240.0,72.0,3.8064524166251217,312,168.0,-59.0,0.54
07:49:29,154.0,209.0,166.0,22.0,152.09,11.0,174.0,44.0,160.0,12.0,220.0,66.0,3.9751352178299855,286,154.0,-26.0,0.54
07:49:30,154.0,228.0,163.0,48.0,152.5,12.0,165.0,24.0,158.5,9.0,240.0,72.0,3.449011452580789,312,168.0,26.0,0.54
07:49:31,150.72,221.0,159.35,51.0,147.38,103.0,160.41,74.0,155.04,8.629999999999995,324.0,125.0,3.2399506169129793,449,199.0,137.0,0.44
07:49:32,149.0,257.0,155.65,94.0,148.0,220.0,156.55,100.0,152.32,6.650000000000006,477.0,194.0,3.6160088495516587,671,283.0,165.5,0.42
07:49:33,149.13,150.0,153.66,44.0,148.0,165.0,155.53,75.0,151.4,4.530000000000001,315.0,119.0,3.754080446665575,434,196.0,-166.5,0.45
07:49:34,150.0,50.0,153.0,15.0,148.0,55.0,156.0,25.0,151.5,3.0,105.0,40.0,3.035476898287592,145,65.0,-166.5,0.45
07:49:35,150.0,100.0,152.84,32.0,148.29,62.0,155.81,48.0,151.42,2.8400000000000034,162.0,80.0,1.5593203647866578,242,82.0,97.0,0.34
07:49:36,150.0,77.0,151.25,40.0,149.0,40.0,158.58,26.0,150.62,1.25,117.0,66.0,0.6024284190166156,183,51.0,-59.0,0.28
07:49:37,150.0,53.0,217.62,24.0,149.0,40.0,229.69,32.0,183.81,67.62,93.0,56.0,14.572357393367616,149,37.0,-34.0,0.25
07:49:38,150.8,30.0,210.18,33.0,149.94,77.0,236.73,51.0,180.49,59.379999999999995,107.0,84.0,17.007012377252885,191,23.0,42.0,0.12
07:49:39,150.75,32.0,180.71,14.0,149.88,82.0,344.6,50.0,165.73,29.960000000000008,114.0,64.0,15.616441015802268,178,50.0,-13.0,0.28
07:49:40,151.36,44.0,180.0,9.0,149.09,44.0,309.71,35.0,165.68,28.639999999999986,88.0,44.0,13.327997974190636,132,44.0,-46.0,0.33
07:49:45,152.69,26.0,168.85,13.0,149.78,27.0,170.5,20.0,160.77,16.159999999999997,53.0,33.0,2.4231487779399883,86,20.0,-73.0,0.23
07:49:46,150.0,36.0,165.32,22.0,149.0,60.0,260.67,24.0,157.66,15.319999999999993,96.0,46.0,3.3936366924043364,142,50.0,56.0,0.35
07:49:47,149.7,50.0,164.11,56.0,149.28,46.0,198.7,30.0,156.9,14.410000000000025,96.0,86.0,3.578565355003867,182,10.0,40.0,0.05
07:49:48,152.0,95.0,162.0,59.0,151.0,13.0,164.31,65.0,157.0,10.0,108.0,124.0,3.0165493531574734,232,-16.0,50.0,-0.07
07:49:49,152.0,72.0,158.52,44.0,149.89,18.0,160.83,36.0,155.26,6.52000000000001,90.0,80.0,2.0214153457504924,170,10.0,-62.0,0.06
07:49:50,152.77,97.0,160.82,49.0,150.41,85.0,185.21,56.0,156.79,8.049999999999983,182.0,105.0,0.8847146432810713,287,77.0,117.0,0.27
07:49:51,152.0,64.0,162.62,16.0,149.0,40.0,219.12,24.0,157.31,10.620000000000005,104.0,40.0,0.8019164545237781,144,64.0,-143.0,0.44
07:49:52,152.0,94.0,161.0,28.0,149.0,70.0,401.97,36.0,156.5,9.0,164.0,64.0,0.7908666133021566,228,100.0,84.0,0.44
07:49:53,153.5,72.0,160.78,18.0,151.12,51.0,462.94,31.0,157.14,7.280000000000001,123.0,49.0,0.8120036945950483,172,74.0,-56.0,0.43
07:49:54,154.0,93.0,160.0,26.0,152.0,78.0,348.15,39.0,157.0,6.0,171.0,65.0,0.3147538721538784,236,106.0,64.0,0.45
07:49:55,154.0,80.0,159.0,38.0,152.0,96.0,225.93,42.0,156.5,5.0,176.0,80.0,0.3725587202520988,256,96.0,20.0,0.38
07:49:56,154.0,36.0,156.05,21.0,152.0,54.0,203.77,31.0,155.02,2.0500000000000114,90.0,52.0,0.8406664023475977,142,38.0,-114.0,0.27
07:49:57,154.0,22.0,155.0,33.0,152.0,66.0,309.21,53.0,154.5,1.0,88.0,86.0,1.1994665481105367,174,2.0,32.0,0.01
07:49:58,152.08,50.0,155.0,11.0,149.39,46.0,341.27,33.0,153.54,2.9199999999999875,96.0,44.0,1.4269968465404892,140,52.0,-34.0,0.37
07:49:59,152.0,66.0,197.0,15.0,149.0,52.0,288.35,51.0,174.5,45.0,118.0,66.0,8.834948783101982,184,52.0,44.0,0.28
07:50:00,152.12,64.0,277.39,56.0,150.38,52.0,289.07,68.0,214.76,125.26999999999998,116.0,124.0,26.25934652652329,240,-8.0,56.0,-0.03
07:50:01,152.47,17.0,279.0,32.0,149.23,26.0,281.0,40.0,215.74,126.53,43.0,72.0,30.95249779904729,115,-29.0,-125.0,-0.25
07:50:03,149.91,35.0,278.0,40.0,148.5,20.0,613.0,10.0,213.96,128.09,55.0,50.0,18.233331566118668,105,5.0,-15.0,0.05
07:50:04,149.0,11.0,268.21,29.0,148.0,40.0,375.12,17.0,208.6,119.20999999999998,51.0,46.0,3.1031725701316346,97,5.0,-8.0,0.05
07:50:05,149.0,9.0,254.4,30.0,148.0,45.0,283.35,31.0,201.7,105.4,54.0,61.0,6.171500627887697,115,-7.0,18.0,-0.06
07:50:09,154.0,10.0,284.87,39.0,148.0,50.0,404.44,36.0,219.44,130.87,60.0,75.0,80.36754898589352,135,-15.0,-27.0,-0.11
