Time,Bid1_Price,Bid1_Volume,Ask1_Price,Ask1_Volume,Bid2_Price,Bid2_Volume,Ask2_Price,Ask2_Volume,Mid-Price,Bid_Ask_Spread,Market_Depth_Bid,Market_Depth_Ask,Historical_Volatility,Total_volume,Cumulative_Volume_Difference,Total_Volume_Change_Corrected,Order_imbalance
07:30:08,247.32,100.0,261.0,10.0,246.1,120.0,263.5,16.0,254.16,13.680000000000007,220.0,26.0,42.69946685849841,246,194.0,62.0,0.79
07:30:09,248.36,50.0,261.0,5.0,247.8,60.0,262.0,20.0,254.68,12.639999999999986,110.0,25.0,14.508198371955238,135,85.0,-111.0,0.63
07:30:10,251.12,96.0,261.0,11.0,249.89,146.0,262.0,44.0,256.06,9.879999999999995,242.0,55.0,13.575636265015529,297,187.0,162.0,0.63
07:30:11,255.97,64.0,261.0,8.0,252.02,84.0,262.0,32.0,258.48,5.030000000000001,148.0,40.0,8.43857096906847,188,108.0,-109.0,0.57
07:30:12,258.46,144.0,261.86,14.0,257.74,140.0,263.7,20.0,260.16,3.400000000000034,284.0,34.0,2.553491727028976,318,250.0,130.0,0.79
07:30:13,258.99,89.0,263.13,15.0,258.84,170.0,265.79,19.0,261.06,4.139999999999986,259.0,34.0,2.692901780608702,293,225.0,-25.0,0.77
07:30:14,263.08,24.0,265.0,11.0,260.13,90.0,268.0,55.0,264.04,1.920000000000016,114.0,66.0,2.9705555036063123,180,48.0,-113.0,0.27
07:30:15,265.95,116.0,268.07,54.0,265.42,90.0,275.44,25.0,267.01,2.1200000000000045,206.0,79.0,3.3841099272934247,285,127.0,105.0,0.45
07:30:16,270.5,28.0,278.0,11.0,266.89,28.0,287.0,44.0,274.25,7.5,56.0,55.0,5.6791575079413015,111,1.0,-174.0,0.01
07:30:17,272.82,22.0,278.0,11.0,271.0,33.0,287.0,44.0,275.41,5.180000000000007,55.0,55.0,6.288269237239002,110,0.0,-1.0,0.0
07:30:18,274.0,137.0,278.0,12.0,273.0,24.0,287.0,48.0,276.0,4.0,161.0,60.0,5.449483461760979,221,101.0,111.0,0.46
07:30:19,274.33,61.0,278.0,11.0,273.0,22.0,287.0,44.0,276.16,3.670000000000016,83.0,55.0,3.850406472050282,138,28.0,-83.0,0.2
07:30:35,273.46,59.0,276.94,17.0,272.33,84.0,286.27,15.0,275.2,3.480000000000018,143.0,32.0,1.6097608518059507,175,111.0,95.0,0.63
07:30:36,274.0,48.0,275.0,24.0,273.0,32.0,276.0,8.0,274.5,1.0,80.0,32.0,1.4289331684886506,112,48.0,-63.0,0.43
07:30:37,273.27,60.0,275.38,29.0,272.24,101.0,281.18,17.0,274.32,2.1100000000000136,161.0,46.0,1.1018620603355858,207,115.0,95.0,0.56
07:30:38,273.15,52.0,275.13,15.0,272.17,93.0,284.0,15.0,274.14,1.9800000000000182,145.0,30.0,0.8876823756316151,175,115.0,-32.0,0.66
07:30:39,273.0,56.0,275.0,14.0,272.0,98.0,284.0,14.0,274.0,2.0,154.0,28.0,0.46874299995519936,182,126.0,7.0,0.69
07:30:40,273.0,36.0,274.91,11.0,272.0,77.0,284.0,11.0,273.95,1.910000000000025,113.0,22.0,0.228516957810605,135,91.0,-47.0,0.67
07:30:41,272.89,65.0,282.71,17.0,271.99,113.0,287.9,105.0,277.8,9.819999999999993,178.0,122.0,1.6597951680876115,300,56.0,165.0,0.19
07:30:46,274.08,26.0,278.08,60.0,272.38,56.0,281.67,24.0,276.08,4.0,82.0,84.0,1.1881077392252044,166,-2.0,-51.0,-0.01
07:30:47,273.54,56.0,277.17,90.0,272.1,101.0,281.0,36.0,275.35,3.6299999999999955,157.0,126.0,1.480743056714013,283,31.0,117.0,0.11
07:30:48,274.0,60.0,276.0,50.0,273.0,20.0,281.0,20.0,275.0,2.0,80.0,70.0,1.45911617083998,150,10.0,-133.0,0.07
07:30:49,274.0,60.0,275.62,32.0,273.0,20.0,279.5,20.0,274.81,1.6200000000000045,80.0,52.0,1.0450502380300695,132,28.0,-18.0,0.21
07:30:50,273.39,66.0,275.0,56.0,272.28,64.0,278.46,41.0,274.2,1.6100000000000136,130.0,97.0,0.6939524479434573,227,33.0,95.0,0.15
07:30:51,272.0,105.0,274.0,30.0,271.0,15.0,281.55,33.0,273.0,2.0,120.0,63.0,0.9225887491221477,183,57.0,-44.0,0.31
07:30:52,272.0,91.0,274.0,26.0,271.0,13.0,281.0,26.0,273.0,2.0,104.0,52.0,0.9612595903328166,156,52.0,-27.0,0.33
07:30:53,272.07,68.0,274.0,28.0,271.73,48.0,281.0,28.0,273.04,1.9300000000000068,116.0,56.0,0.8451627062328665,172,60.0,16.0,0.35
07:30:54,272.0,75.0,275.27,22.0,271.0,35.0,282.85,26.0,273.64,3.269999999999982,110.0,48.0,0.5348644688207439,158,62.0,-14.0,0.39
07:30:55,272.0,70.0,281.0,28.0,271.0,14.0,287.0,56.0,276.5,9.0,84.0,84.0,1.513829580899653,168,0.0,10.0,0.0
07:30:56,272.0,35.0,281.0,14.0,271.0,7.0,287.0,28.0,276.5,9.0,42.0,42.0,1.8107125669212976,84,0.0,-84.0,0.0
07:30:57,272.0,40.0,280.73,15.0,271.0,8.0,286.6,30.0,276.37,8.730000000000018,48.0,45.0,1.7210171411135413,93,3.0,9.0,0.03
07:30:58,271.87,23.0,279.22,18.0,270.0,36.0,284.33,36.0,275.55,7.350000000000023,59.0,54.0,1.2241609371347384,113,5.0,20.0,0.04
07:30:59,269.19,64.0,281.0,16.0,265.6,20.0,286.75,32.0,275.09,11.810000000000002,84.0,48.0,0.6456547064852585,132,36.0,19.0,0.27
07:31:00,269.5,100.0,282.71,28.0,268.08,65.0,285.6,40.0,276.11,13.20999999999998,165.0,68.0,0.5917600865271155,233,97.0,101.0,0.42
07:31:01,270.0,98.0,285.0,66.0,269.0,110.0,288.0,44.0,277.5,15.0,208.0,110.0,0.9155217091945824,318,98.0,85.0,0.31
07:31:02,271.3,80.0,285.0,60.0,269.0,100.0,288.0,40.0,278.15,13.699999999999989,180.0,100.0,1.3003076559055322,280,80.0,-38.0,0.29
07:31:03,274.2,169.0,283.95,74.0,269.62,194.0,285.6,80.0,279.07,9.75,363.0,154.0,1.5912510801273614,517,209.0,173.5,0.4
07:31:23,274.04,56.0,283.34,32.0,273.18,88.0,286.45,73.0,278.69,9.299999999999955,144.0,105.0,1.341111479335801,249,39.0,39.0,0.16
07:31:24,274.0,31.0,284.71,49.0,273.0,90.0,286.93,90.0,279.36,10.70999999999998,121.0,139.0,1.643903890136619,260,-18.0,11.0,-0.07
07:31:28,274.0,11.0,275.09,33.0,273.0,66.0,277.0,55.0,274.55,1.089999999999975,77.0,88.0,2.0051433863956745,165,-11.0,-34.0,-0.07
07:31:29,272.36,22.0,276.3,74.0,270.87,82.0,277.44,64.0,274.33,3.9399999999999977,104.0,138.0,2.116206511663333,242,-34.0,77.0,-0.14
07:31:30,272.0,18.0,274.17,90.0,271.0,126.0,276.0,36.0,273.08,2.170000000000016,144.0,126.0,1.9739731507815268,270,18.0,28.0,0.07
07:31:31,272.08,13.0,274.64,44.0,271.01,85.0,283.0,54.0,273.36,2.5600000000000023,98.0,98.0,1.3626334797025763,196,0.0,-74.0,0.0
07:31:32,272.0,16.0,273.9,58.0,271.0,112.0,276.0,32.0,272.95,1.8999999999999773,128.0,90.0,0.7367699776771457,218,38.0,22.0,0.17
07:31:33,271.01,92.0,275.21,29.0,269.42,33.0,281.78,54.0,273.11,4.199999999999989,125.0,83.0,0.5589543809707646,208,42.0,-10.0,0.2
07:31:34,271.0,85.0,275.0,26.0,269.0,26.0,281.85,52.0,273.0,4.0,111.0,78.0,0.158587515291866,189,33.0,-19.0,0.17
07:31:35,270.42,67.0,272.76,50.0,268.0,38.0,276.46,59.0,271.59,2.339999999999975,105.0,109.0,0.6957513923855834,214,-4.0,25.0,-0.02
07:31:36,268.56,16.0,275.0,32.0,267.0,32.0,279.0,54.0,271.78,6.439999999999998,48.0,86.0,0.736566358182678,134,-38.0,-80.0,-0.28
07:31:37,269.0,17.0,273.06,34.0,266.69,26.0,278.8,40.0,271.03,4.060000000000002,43.0,74.0,0.9134385584189583,117,-31.0,-17.0,-0.26
07:31:38,268.65,17.0,270.36,50.0,265.58,19.0,273.12,34.0,269.5,1.7100000000000364,36.0,84.0,1.27332242578479,120,-48.0,3.0,-0.4
07:31:39,266.24,17.0,269.22,46.0,264.27,30.0,271.47,34.0,267.73,2.980000000000018,47.0,80.0,1.7050601162441386,127,-33.0,7.0,-0.26
07:31:40,264.24,38.0,267.55,29.0,262.05,43.0,268.85,39.0,265.89,3.3100000000000023,81.0,68.0,2.408906390876702,149,13.0,22.0,0.09
07:31:41,264.39,56.0,266.09,43.0,263.06,47.0,267.77,39.0,265.24,1.6999999999999886,103.0,82.0,2.4237924828678583,185,21.0,36.0,0.11
07:31:42,264.36,33.0,266.64,25.0,261.33,45.0,274.15,40.0,265.5,2.2799999999999727,78.0,65.0,1.8098812115735337,143,13.0,-42.0,0.09
07:31:43,265.67,45.0,267.0,30.0,260.0,105.0,271.0,30.0,266.33,1.329999999999984,150.0,60.0,0.9805967570856738,210,90.0,67.0,0.43
07:31:44,260.0,24.0,270.27,22.0,257.06,67.0,275.35,31.0,265.14,10.269999999999982,91.0,53.0,0.4914773646943971,144,38.0,-66.0,0.26
07:31:45,264.83,18.0,270.55,33.0,263.1,49.0,273.87,47.0,267.69,5.720000000000027,67.0,80.0,1.0642133244828955,147,-13.0,3.0,-0.09
07:31:46,258.78,36.0,270.34,29.0,255.76,63.0,274.6,45.0,264.56,11.560000000000002,99.0,74.0,1.2151666552399039,173,25.0,26.0,0.14
07:31:47,258.08,51.0,269.86,21.0,253.14,42.0,272.5,36.0,263.97,11.78000000000003,93.0,57.0,1.4859239549879124,150,36.0,-23.0,0.24
07:31:48,260.0,55.0,268.0,22.0,255.57,42.0,270.86,43.0,264.0,8.0,97.0,65.0,1.539827912465203,162,32.0,12.0,0.2
07:31:49,260.0,35.0,267.14,14.0,255.0,42.0,269.0,7.0,263.57,7.139999999999986,77.0,21.0,1.6765052937604896,98,56.0,-64.0,0.57
07:31:50,260.0,60.0,266.52,21.0,255.0,72.0,269.58,26.0,263.26,6.519999999999982,132.0,47.0,0.49119242665874524,179,85.0,81.0,0.47
07:31:51,260.0,40.0,265.75,8.0,255.0,48.0,267.64,14.0,262.88,5.75,88.0,22.0,0.4773154093540917,110,66.0,-69.0,0.6
07:31:52,260.0,25.0,265.0,5.0,255.0,30.0,267.0,5.0,262.5,5.0,55.0,10.0,0.5839691772746205,65,45.0,-45.0,0.69
07:31:53,260.0,45.0,268.57,21.0,255.0,54.0,269.4,15.0,264.29,8.569999999999993,99.0,36.0,0.6839225102354972,135,63.0,70.0,0.47
07:31:54,260.0,20.0,274.0,16.0,255.0,24.0,426.5,16.0,267.0,14.0,44.0,32.0,1.8121203050589767,76,12.0,-59.0,0.16
07:31:55,260.0,15.0,274.0,12.0,255.0,18.0,590.0,3.0,267.0,14.0,33.0,15.0,2.173402861875191,48,18.0,-28.0,0.38
07:31:56,260.0,30.0,270.55,29.0,255.0,36.0,275.76,21.0,265.28,10.550000000000011,66.0,50.0,1.9107276101023485,116,16.0,68.0,0.14
07:31:57,260.0,55.0,264.0,52.0,255.0,147.0,353.67,33.0,262.0,4.0,202.0,85.0,2.092696824675621,287,117.0,171.0,0.41
07:31:58,260.0,45.0,261.0,38.0,255.0,54.0,437.56,18.0,260.5,1.0,99.0,56.0,2.968784262961388,155,43.0,-132.0,0.28
07:31:59,260.0,35.0,261.0,21.0,255.0,42.0,269.2,20.0,260.5,1.0,77.0,41.0,2.9446018406580468,118,36.0,-37.0,0.31
07:32:00,260.05,42.0,265.8,35.0,255.86,58.0,269.29,28.0,262.92,5.75,100.0,63.0,1.9885170353825217,163,37.0,45.0,0.23
07:32:01,261.82,11.0,268.0,44.0,260.0,55.0,271.0,22.0,264.91,6.180000000000007,66.0,66.0,1.8491024849928028,132,0.0,-31.0,0.0
07:32:02,263.86,7.0,268.0,28.0,258.26,38.0,271.0,14.0,265.93,4.139999999999986,45.0,42.0,2.486356772469899,87,3.0,-45.0,0.03
07:32:03,257.2,66.0,268.0,30.0,253.97,36.0,271.0,24.0,262.6,10.800000000000011,102.0,54.0,2.118813347137287,156,48.0,69.0,0.31
07:32:04,257.9,67.0,268.32,19.0,256.8,59.0,472.95,38.0,263.11,10.420000000000016,126.0,57.0,1.4504585481865069,183,69.0,27.0,0.38
07:32:05,259.0,65.0,267.0,26.0,257.75,16.0,268.0,13.0,263.0,8.0,81.0,39.0,1.4374108668043837,120,42.0,-63.0,0.35
07:32:06,259.36,55.0,267.0,32.0,258.0,11.0,268.0,11.0,263.18,7.639999999999986,66.0,43.0,1.3415401596699148,109,23.0,-11.0,0.21
07:32:07,264.7,46.0,267.0,32.0,259.88,32.0,268.0,8.0,265.85,2.3000000000000114,78.0,40.0,1.3062809804966191,118,38.0,9.0,0.32
07:32:08,266.0,60.0,267.0,23.0,260.0,50.0,268.0,10.0,266.5,1.0,110.0,33.0,1.7028711049305885,143,77.0,25.0,0.54
07:32:09,266.0,54.0,267.78,9.0,260.0,45.0,271.96,25.0,266.89,1.7799999999999727,99.0,34.0,1.8588786942691555,133,65.0,-10.0,0.49
07:32:10,266.22,46.0,268.0,8.0,261.43,42.0,271.0,32.0,267.11,1.7799999999999727,88.0,40.0,1.5972570237779993,128,48.0,-5.0,0.38
07:32:11,265.27,52.0,270.4,25.0,263.0,35.0,271.86,35.0,267.83,5.1299999999999955,87.0,60.0,0.7333348484890944,147,27.0,19.0,0.18
07:32:12,264.29,51.0,271.0,44.0,262.83,36.0,273.0,33.0,267.65,6.7099999999999795,87.0,77.0,0.54624170475044,164,10.0,17.0,0.06
07:32:13,265.0,30.0,271.32,31.0,264.0,60.0,357.36,33.0,268.16,6.319999999999993,90.0,64.0,0.5213635967429946,154,26.0,-10.0,0.17
07:32:14,265.0,27.0,267.0,9.0,264.0,54.0,271.64,33.0,266.0,2.0,81.0,42.0,0.8450739612653584,123,39.0,-31.0,0.32
07:32:15,264.67,18.0,267.0,5.0,263.0,28.0,270.0,25.0,265.83,2.329999999999984,46.0,30.0,1.0933572151902722,76,16.0,-47.0,0.21
07:32:16,264.0,60.0,266.1,42.0,257.0,40.0,272.04,24.0,265.05,2.1000000000000227,100.0,66.0,1.310751692735278,166,34.0,90.0,0.2
07:32:17,264.0,42.0,265.0,35.0,257.0,10.0,276.7,43.0,264.5,1.0,52.0,78.0,1.3968428687608976,130,-26.0,-36.0,-0.2
07:32:18,264.0,30.0,265.0,21.0,257.0,5.0,272.0,5.0,264.5,1.0,35.0,26.0,0.7135334610288773,61,9.0,-69.0,0.15
07:32:19,264.0,60.0,265.0,30.0,257.0,28.0,270.4,10.0,264.5,1.0,88.0,40.0,0.5840633527347227,128,48.0,67.0,0.38
07:32:20,264.0,18.0,265.0,15.0,257.0,15.0,268.0,5.0,264.5,1.0,33.0,20.0,0.24596747754050516,53,13.0,-75.0,0.25
07:32:21,264.0,12.0,266.88,8.0,257.0,18.0,271.33,6.0,265.44,2.8799999999999955,30.0,14.0,0.4203807797790881,44,16.0,-9.0,0.36
07:32:22,265.64,11.0,277.46,74.0,263.9,20.0,278.09,34.0,271.55,11.819999999999993,31.0,108.0,3.0748203199550197,139,-77.0,95.0,-0.55
07:32:23,263.62,16.0,276.4,78.0,261.5,22.0,276.98,66.0,270.01,12.779999999999973,38.0,144.0,3.3352736019716054,182,-106.0,43.0,-0.58
07:32:24,264.0,18.0,273.0,45.0,262.29,14.0,275.57,69.0,268.5,9.0,32.0,114.0,2.987314847820515,146,-82.0,-36.0,-0.56
07:32:25,264.93,112.0,272.78,45.0,263.53,34.0,275.11,118.0,268.85,7.849999999999966,146.0,163.0,2.2574432440283254,309,-17.0,163.0,-0.06
07:32:26,264.87,46.0,275.0,88.0,261.64,28.0,276.0,42.0,269.93,10.129999999999995,74.0,130.0,1.1948723781263777,204,-56.0,-105.0,-0.27
07:32:27,268.64,90.0,275.0,77.0,266.2,40.0,276.0,33.0,271.82,6.360000000000014,130.0,110.0,1.297254793789332,240,20.0,36.0,0.08
07:32:28,273.0,56.0,275.0,49.0,269.0,56.0,276.0,21.0,274.0,2.0,112.0,70.0,2.2895305195628475,182,42.0,-58.0,0.23
07:32:29,273.0,76.0,275.0,77.0,269.0,88.0,276.0,33.0,274.0,2.0,164.0,110.0,2.337081513343116,274,54.0,92.0,0.2
07:32:30,273.0,24.0,275.0,28.0,269.0,32.0,276.0,12.0,274.0,2.0,56.0,40.0,1.8374438766967913,96,16.0,-174.5,0.17
07:32:31,273.88,48.0,275.0,49.0,272.27,44.0,276.0,21.0,274.44,1.1200000000000045,92.0,70.0,1.0416909330558615,162,22.0,66.0,0.14
07:32:32,274.0,42.0,275.0,70.0,273.0,60.0,276.0,30.0,274.5,1.0,102.0,100.0,0.25830214867660956,202,2.0,40.0,0.01
07:32:33,274.0,27.0,275.0,63.0,273.0,54.0,276.0,27.0,274.5,1.0,81.0,90.0,0.26404545065382806,171,-9.0,-31.0,-0.05
07:32:34,274.0,15.0,275.0,35.0,273.0,30.0,276.0,15.0,274.5,1.0,45.0,50.0,0.2184490787597998,95,-5.0,-76.0,-0.05
07:32:35,273.5,36.0,275.0,63.0,272.85,39.0,276.0,27.0,274.25,1.5,75.0,90.0,0.10825894887267237,165,-15.0,70.0,-0.09
07:32:36,273.0,66.0,275.0,29.0,271.0,11.0,276.0,33.0,274.0,2.0,77.0,62.0,0.22360679777456655,139,15.0,-26.0,0.11
07:32:37,273.0,42.0,275.0,19.0,271.0,7.0,276.0,21.0,274.0,2.0,49.0,40.0,0.2500000000219428,89,9.0,-50.0,0.1
07:32:38,273.06,63.0,274.85,52.0,272.41,34.0,275.68,44.0,273.95,1.7900000000000205,97.0,96.0,0.23291629400054226,193,1.0,104.0,0.01
07:32:39,273.0,35.0,274.0,14.0,271.0,7.0,275.0,21.0,273.5,1.0,42.0,35.0,0.27248853188879435,77,7.0,-116.0,0.09
07:32:40,273.0,60.0,274.74,39.0,271.0,16.0,276.53,51.0,273.87,1.740000000000009,76.0,90.0,0.2103092960639196,166,-14.0,89.0,-0.08
07:32:41,273.0,9.0,276.0,45.0,271.83,29.0,279.0,31.0,274.5,3.0,38.0,76.0,0.3580921669220121,114,-38.0,-52.0,-0.33
07:32:42,273.0,9.0,276.0,45.0,271.89,47.0,278.44,27.0,274.5,3.0,56.0,72.0,0.43270082044168645,128,-16.0,14.0,-0.12
07:32:43,273.0,6.0,276.0,30.0,272.0,90.0,278.0,18.0,274.5,3.0,96.0,48.0,0.46516663682052084,144,48.0,16.0,0.33
07:32:44,273.88,32.0,276.0,40.0,272.06,64.0,278.0,24.0,274.94,2.1200000000000045,96.0,64.0,0.38186385009703105,160,32.0,16.0,0.2
07:32:45,274.28,126.0,276.0,90.0,273.0,18.0,278.0,54.0,275.14,1.7200000000000273,144.0,144.0,0.30410524495793156,288,0.0,128.0,0.0
07:32:51,272.0,196.0,276.0,70.0,271.0,14.0,278.0,42.0,274.0,4.0,210.0,112.0,0.6708203932580918,322,98.0,173.5,0.3
07:32:52,272.0,112.0,276.0,40.0,271.0,8.0,278.0,24.0,274.0,4.0,120.0,64.0,0.8215838362644031,184,56.0,-138.0,0.3
07:32:53,272.0,100.0,275.0,22.0,271.0,10.0,275.82,34.0,273.5,3.0,110.0,56.0,0.9354143466993273,166,54.0,-18.0,0.33
07:32:54,272.0,29.0,275.31,13.0,271.0,9.0,277.56,34.0,273.65,3.3100000000000023,38.0,47.0,0.796555082847969,85,-9.0,-81.0,-0.11
07:32:56,270.51,37.0,277.85,39.0,262.79,43.0,280.0,65.0,274.18,7.340000000000032,80.0,104.0,1.415796595564107,184,-24.0,94.0,-0.13
07:32:57,269.72,90.0,277.0,30.0,265.35,46.0,280.0,50.0,273.36,7.279999999999973,136.0,80.0,1.4938808520129419,216,56.0,32.0,0.26
07:32:58,270.56,117.0,277.0,27.0,269.0,45.0,280.0,45.0,273.78,6.439999999999998,162.0,72.0,1.4600410953157847,234,90.0,18.0,0.38
07:32:59,273.0,195.0,277.0,45.0,269.0,75.0,281.8,75.0,275.0,4.0,270.0,120.0,1.4149628970439148,390,150.0,156.0,0.38
07:33:00,274.0,168.0,281.04,52.0,271.75,48.0,283.44,63.0,277.52,7.0400000000000205,216.0,115.0,1.6531545602305004,331,101.0,-59.0,0.31
07:33:15,273.0,17.0,278.59,85.0,272.0,17.0,282.0,85.0,275.79,5.589999999999975,34.0,170.0,2.0618123095983725,204,-136.0,24.0,-0.67
07:33:16,272.75,12.0,276.88,32.0,271.6,15.0,280.64,59.0,274.81,4.1299999999999955,27.0,91.0,2.4185677579946674,118,-64.0,-86.0,-0.54
07:33:17,269.06,244.0,274.17,53.0,266.43,42.0,278.43,80.0,271.62,5.110000000000014,286.0,133.0,2.942014615873195,419,153.0,173.5,0.37
07:33:18,269.0,266.0,271.96,47.0,265.0,84.0,272.47,59.0,270.48,2.9599999999999795,350.0,106.0,3.1349912280597634,456,244.0,37.0,0.54
07:33:19,269.0,132.0,270.94,34.0,265.0,60.0,275.67,24.0,269.97,1.9399999999999977,192.0,58.0,2.6177337526975215,250,134.0,-174.5,0.54
07:33:20,269.0,125.0,273.63,38.0,265.0,36.0,279.64,56.0,271.32,4.6299999999999955,161.0,94.0,1.889854491756413,255,67.0,5.0,0.26
07:33:21,269.0,66.0,276.62,16.0,265.0,22.0,279.03,37.0,272.81,7.6200000000000045,88.0,53.0,1.0961523616778517,141,35.0,-114.0,0.25
07:33:22,272.95,87.0,276.35,23.0,272.41,142.0,278.73,52.0,274.65,3.400000000000034,229.0,75.0,1.900902417277592,304,154.0,163.0,0.51
07:33:30,273.44,25.0,279.0,7.0,273.0,57.0,280.0,28.0,276.22,5.560000000000002,82.0,35.0,0.8883580359350992,117,47.0,8.0,0.4
07:33:31,274.0,14.0,278.16,38.0,273.0,140.0,280.5,32.0,276.08,4.160000000000025,154.0,70.0,1.0355288503999385,224,84.0,107.0,0.38
07:33:32,274.33,15.0,276.67,60.0,273.0,150.0,284.94,67.0,275.5,2.340000000000032,165.0,127.0,1.1637009925280337,292,38.0,68.0,0.13
07:33:33,273.05,79.0,276.0,29.0,272.22,36.0,284.24,21.0,274.53,2.9499999999999886,115.0,50.0,1.2692438694005872,165,65.0,-127.0,0.39
07:33:34,273.0,94.0,275.19,62.0,271.0,28.0,277.68,38.0,274.1,2.1899999999999977,122.0,100.0,0.9389781680163145,222,22.0,57.0,0.1
07:33:35,273.0,60.0,274.42,36.0,271.0,20.0,275.2,44.0,273.71,1.420000000000016,80.0,80.0,0.9846471449262906,160,0.0,-62.0,0.0
07:33:36,271.18,22.0,279.6,20.0,269.75,16.0,283.93,58.0,275.39,8.420000000000016,38.0,78.0,0.7858943949485532,116,-40.0,-44.0,-0.34
07:33:37,271.0,8.0,282.0,20.0,269.0,4.0,284.0,8.0,276.5,11.0,12.0,28.0,1.1156298669413014,40,-16.0,-76.0,-0.4
07:33:38,271.0,18.0,279.0,18.0,269.0,9.0,282.0,45.0,275.0,8.0,27.0,63.0,1.1020662412084936,90,-36.0,50.0,-0.4
07:33:39,271.31,26.0,277.71,34.0,270.28,25.0,280.25,48.0,274.51,6.399999999999977,51.0,82.0,1.0372897377355066,133,-31.0,43.0,-0.23
07:33:40,272.94,18.0,275.28,36.0,271.0,36.0,277.0,36.0,274.11,2.339999999999975,54.0,72.0,0.9195488024087339,126,-18.0,-7.0,-0.14
07:33:41,271.0,14.0,274.0,11.0,267.53,15.0,277.0,18.0,272.5,3.0,29.0,29.0,1.449079017863269,58,0.0,-68.0,0.0
07:33:42,269.0,10.0,273.09,11.0,264.0,30.0,275.16,19.0,271.05,4.089999999999975,40.0,30.0,1.6296410647783728,70,10.0,12.0,0.14
07:33:43,269.0,7.0,272.0,7.0,264.0,21.0,273.0,14.0,270.5,3.0,28.0,21.0,1.783880601389098,49,7.0,-21.0,0.14
07:33:44,269.0,17.0,270.83,46.0,264.0,51.0,276.28,50.0,269.91,1.829999999999984,68.0,96.0,1.693939196078971,164,-28.0,115.0,-0.17
07:33:45,265.0,15.0,270.4,20.0,262.29,21.0,276.82,22.0,267.7,5.399999999999977,36.0,42.0,1.75709134651934,78,-6.0,-86.0,-0.08
07:33:46,264.0,21.0,270.33,18.0,261.0,21.0,276.33,24.0,267.17,6.329999999999984,42.0,42.0,1.729575092331504,84,0.0,6.0,0.0
07:33:47,265.0,24.0,268.58,36.0,264.0,16.0,271.0,24.0,266.79,3.579999999999984,40.0,60.0,1.679592212417584,100,-20.0,16.0,-0.2
07:33:48,265.1,20.0,267.0,30.0,264.0,10.0,271.0,20.0,266.05,1.8999999999999773,30.0,50.0,1.4629354052774015,80,-20.0,-20.0,-0.25
07:33:49,265.23,13.0,267.0,27.0,262.29,14.0,274.91,23.0,266.12,1.7699999999999818,27.0,50.0,0.7010920053847894,77,-23.0,-3.0,-0.3
07:33:50,260.0,25.0,267.0,27.0,258.16,25.0,277.0,27.0,263.5,7.0,50.0,54.0,1.4346184161702735,104,-4.0,27.0,-0.04
07:33:51,257.44,41.0,261.85,59.0,208.43,53.0,268.35,49.0,259.64,4.410000000000025,94.0,108.0,2.9520586037569867,202,-14.0,98.0,-0.07
07:33:52,257.71,68.0,261.0,38.0,238.39,59.0,266.53,43.0,259.35,3.2900000000000205,127.0,81.0,3.3119435381685243,208,46.0,6.0,0.22
07:33:53,259.2,40.0,261.0,16.0,258.32,37.0,265.0,40.0,260.1,1.8000000000000114,77.0,56.0,2.9619959486833856,133,21.0,-75.0,0.16
07:33:54,257.52,58.0,264.86,57.0,255.45,55.0,266.74,38.0,261.19,7.340000000000032,113.0,95.0,1.686010083011744,208,18.0,75.0,0.09
07:33:55,262.3,76.0,265.59,71.0,259.94,64.0,267.32,44.0,263.95,3.2899999999999636,140.0,115.0,1.8709703364877728,255,25.0,47.0,0.1
07:33:56,265.6,30.0,267.45,22.0,258.16,45.0,271.03,33.0,266.53,1.849999999999966,75.0,55.0,2.973260836189175,130,20.0,-125.0,0.15
07:33:57,266.09,22.0,268.0,22.0,264.7,37.0,272.0,55.0,267.05,1.910000000000025,59.0,77.0,3.1037686769499335,136,-18.0,6.0,-0.13
07:33:58,271.46,70.0,272.5,28.0,270.89,90.0,432.11,19.0,271.98,1.0400000000000205,160.0,47.0,4.011994516448682,207,113.0,71.0,0.55
07:33:59,272.02,110.0,273.18,22.0,271.03,62.0,367.6,10.0,272.6,1.160000000000025,172.0,32.0,3.727461602755022,204,140.0,-3.0,0.69
07:34:00,272.0,85.0,325.93,14.0,267.19,21.0,423.42,26.0,298.96,53.93000000000001,106.0,40.0,13.444390279964663,146,66.0,-58.0,0.45
07:34:02,273.17,12.0,353.2,20.0,272.05,37.0,589.18,22.0,313.18,80.02999999999997,49.0,42.0,41.78626425034892,91,7.0,-159.0,0.08
07:34:05,274.21,28.0,277.0,33.0,269.5,36.0,457.13,46.0,275.61,2.7900000000000205,64.0,79.0,42.7548163368759,143,-15.0,43.0,-0.1
07:34:06,271.08,36.0,274.16,58.0,266.03,96.0,297.75,36.0,272.62,3.080000000000041,132.0,94.0,17.0601969507976,226,38.0,83.0,0.17
07:34:07,271.0,9.0,273.72,36.0,264.0,81.0,275.64,33.0,272.36,2.7200000000000273,90.0,69.0,1.970182732644147,159,21.0,-67.0,0.13
07:34:08,265.52,23.0,273.0,20.0,263.88,51.0,274.68,31.0,269.26,7.480000000000018,74.0,51.0,2.882672371257305,125,23.0,-34.0,0.18
07:34:09,266.22,65.0,273.0,11.0,263.33,36.0,274.0,55.0,269.61,6.779999999999973,101.0,66.0,2.5839640090394753,167,35.0,42.0,0.21
07:34:10,272.0,60.0,273.46,13.0,264.13,61.0,274.61,44.0,272.73,1.4599999999999795,121.0,57.0,1.7267976140856285,178,64.0,11.0,0.36
07:34:11,267.73,40.0,274.0,28.0,265.21,56.0,277.0,42.0,270.86,6.269999999999982,96.0,70.0,1.5664705551053755,166,26.0,-12.0,0.16
07:34:12,269.0,24.0,274.0,14.0,268.0,7.0,277.0,21.0,271.5,5.0,31.0,35.0,1.414733190397505,66,-4.0,-100.0,-0.06
07:34:13,270.78,9.0,274.0,16.0,269.4,10.0,277.0,24.0,272.39,3.2200000000000273,19.0,40.0,1.2503079620684308,59,-21.0,-7.0,-0.36
07:34:14,273.0,10.0,276.79,29.0,270.0,10.0,491.15,39.0,274.9,3.7900000000000205,20.0,68.0,1.542053825263812,88,-48.0,29.0,-0.55
07:34:15,270.0,4.0,277.0,12.0,264.0,4.0,509.0,16.0,273.5,7.0,8.0,28.0,1.6106830849085811,36,-20.0,-52.0,-0.56
07:34:16,266.4,10.0,272.79,38.0,262.31,26.0,305.39,31.0,269.59,6.390000000000043,36.0,69.0,2.010181583840358,105,-33.0,69.0,-0.31
07:34:17,264.0,6.0,272.0,30.0,263.0,18.0,273.67,18.0,268.0,8.0,24.0,48.0,2.8326365809986296,72,-24.0,-33.0,-0.33
07:34:18,264.0,9.0,271.85,27.0,263.0,27.0,274.03,31.0,267.93,7.850000000000023,36.0,58.0,3.226442313138807,94,-22.0,22.0,-0.23
07:34:19,264.0,9.0,269.67,9.0,263.0,27.0,275.0,33.0,266.83,5.670000000000016,36.0,42.0,2.6128241425733556,78,-6.0,-16.0,-0.08
07:34:20,264.31,16.0,268.0,12.0,262.11,46.0,274.12,34.0,266.16,3.6899999999999977,62.0,46.0,1.3080022935819906,108,16.0,30.0,0.15
07:34:21,264.45,31.0,273.37,19.0,262.41,22.0,277.31,26.0,268.91,8.920000000000016,53.0,45.0,1.077696617799247,98,8.0,-10.0,0.08
07:34:22,272.86,21.0,274.0,12.0,265.6,15.0,278.0,18.0,273.43,1.1399999999999864,36.0,30.0,2.869968640946207,66,6.0,-32.0,0.09
07:34:23,273.48,23.0,277.69,26.0,271.2,30.0,309.35,31.0,275.59,4.2099999999999795,53.0,57.0,4.148081484254219,110,-4.0,44.0,-0.04
07:34:36,266.0,161.0,280.0,52.0,264.28,50.0,285.62,52.0,273.0,14.0,211.0,104.0,2.133150252561859,315,107.0,173.5,0.34
07:34:38,273.0,21.0,280.0,28.0,264.42,86.0,290.0,28.0,276.5,7.0,107.0,56.0,2.1107415758460233,163,51.0,-117.0,0.31
07:34:39,273.0,24.0,280.0,32.0,264.0,136.0,290.0,32.0,276.5,7.0,160.0,64.0,1.9984293832921052,224,96.0,61.0,0.43
07:34:40,267.12,49.0,280.0,32.0,263.94,103.0,290.0,32.0,273.56,12.879999999999995,152.0,64.0,2.1930116278775595,216,88.0,-8.0,0.41
07:34:41,265.17,82.0,280.0,48.0,262.89,127.0,290.0,48.0,272.59,14.829999999999984,209.0,96.0,2.3163915903849945,305,113.0,89.0,0.37
07:34:42,265.0,42.0,280.0,28.0,262.69,71.0,290.0,28.0,272.5,15.0,113.0,56.0,2.024055335213858,169,57.0,-136.0,0.34
07:34:43,265.0,48.0,280.0,32.0,263.0,80.0,290.0,32.0,272.5,15.0,128.0,64.0,1.7195348208188892,192,64.0,23.0,0.33
07:34:44,272.95,20.0,280.0,48.0,269.85,54.0,290.0,48.0,276.48,7.050000000000011,74.0,96.0,1.7109003477726872,170,-22.0,-22.0,-0.13
07:34:46,272.65,23.0,280.0,44.0,270.48,63.0,289.9,40.0,276.33,7.350000000000023,86.0,84.0,2.3817052714403704,170,2.0,38.0,0.01
07:34:47,272.0,28.0,280.0,40.0,270.0,80.0,289.0,20.0,276.0,8.0,108.0,60.0,1.907621555761533,168,48.0,-2.0,0.29
07:34:48,272.0,4.0,280.0,16.0,270.0,32.0,289.86,14.0,276.0,8.0,36.0,30.0,0.6168630318030603,66,6.0,-102.0,0.09
07:34:49,272.0,10.0,280.0,40.0,270.0,80.0,290.0,40.0,276.0,8.0,90.0,80.0,0.6498307471991218,170,10.0,104.0,0.06
07:34:50,272.0,7.0,279.4,30.0,270.0,56.0,285.34,29.0,275.7,7.399999999999977,63.0,59.0,0.22289010746501453,122,4.0,-48.0,0.03
07:34:51,272.0,8.0,276.91,35.0,270.0,64.0,278.35,37.0,274.46,4.910000000000025,72.0,72.0,0.6679221511569806,144,0.0,22.0,0.0
07:34:52,272.0,8.0,275.75,32.0,270.0,64.0,276.86,28.0,273.88,3.75,72.0,60.0,0.9772000818699413,132,12.0,-12.0,0.09
07:34:53,270.4,30.0,273.89,38.0,269.88,51.0,280.94,34.0,272.15,3.490000000000009,81.0,72.0,1.547520597603632,153,9.0,21.0,0.06
07:34:54,270.23,96.0,273.47,76.0,267.71,119.0,278.6,63.0,271.85,3.240000000000009,215.0,139.0,1.6118839908654812,354,76.0,173.5,0.21
07:34:55,270.4,60.0,273.0,24.0,267.25,64.0,277.86,35.0,271.7,2.6000000000000227,124.0,59.0,1.2704999016172374,183,65.0,-171.0,0.36
07:34:56,271.0,54.0,274.06,34.0,270.0,78.0,275.77,43.0,272.53,3.0600000000000023,132.0,77.0,0.8746256342058158,209,55.0,26.0,0.26
07:34:57,273.44,27.0,277.0,48.0,272.17,36.0,282.0,42.0,275.22,3.5600000000000023,63.0,90.0,1.449465418700833,153,-27.0,-56.0,-0.18
07:34:58,273.0,36.0,277.0,52.0,271.0,26.0,282.0,52.0,275.0,4.0,62.0,104.0,1.7192876431850372,166,-42.0,13.0,-0.25
07:34:59,273.0,8.0,277.0,16.0,271.0,8.0,282.0,16.0,275.0,4.0,16.0,32.0,1.6491512968820967,48,-16.0,-118.0,-0.33
07:35:00,273.82,22.0,277.0,36.0,271.22,18.0,281.93,30.0,275.41,3.180000000000007,40.0,66.0,1.1874636836581038,106,-26.0,58.0,-0.25
07:35:02,273.64,33.0,276.08,52.0,272.08,26.0,278.04,28.0,274.86,2.4399999999999977,59.0,80.0,0.6051611355712133,139,-21.0,-4.0,-0.15
07:35:03,272.15,26.0,276.52,27.0,270.33,55.0,282.62,26.0,274.34,4.3700000000000045,81.0,53.0,0.7480641683746385,134,28.0,-5.0,0.21
07:35:04,272.86,58.0,280.73,30.0,271.68,63.0,282.13,31.0,276.8,7.8700000000000045,121.0,61.0,1.0181355508995538,182,60.0,48.0,0.33
07:35:05,274.0,48.0,279.13,30.0,272.17,48.0,280.0,27.0,276.57,5.1299999999999955,96.0,57.0,1.1065803179187712,153,39.0,-29.0,0.25
07:35:12,273.86,56.0,281.14,42.0,272.3,46.0,282.79,56.0,277.5,7.279999999999973,102.0,98.0,0.8065791963605105,200,4.0,88.0,0.02
07:35:13,273.0,36.0,280.0,30.0,271.0,20.0,284.68,38.0,276.5,7.0,56.0,68.0,1.1392892521224984,124,-12.0,-76.0,-0.1
07:35:14,273.0,12.0,279.0,12.0,271.0,8.0,284.79,19.0,276.0,6.0,20.0,31.0,1.3874436925521099,51,-11.0,-73.0,-0.22
07:35:15,273.0,33.0,278.28,25.0,271.0,22.0,281.67,36.0,275.64,5.279999999999973,55.0,61.0,1.3531149249060712,116,-6.0,65.0,-0.05
07:35:16,273.0,42.0,275.07,14.0,271.0,28.0,278.0,42.0,274.04,2.069999999999993,70.0,56.0,1.2699133828749631,126,14.0,10.0,0.11
07:35:17,273.89,36.0,281.7,23.0,268.64,44.0,284.65,37.0,277.79,7.810000000000002,80.0,60.0,1.3624536689388294,140,20.0,14.0,0.14
07:35:19,271.05,41.0,282.0,32.0,266.53,73.0,285.27,44.0,276.52,10.949999999999989,114.0,76.0,2.063782934323258,190,38.0,54.0,0.2
07:35:20,273.0,39.0,282.0,78.0,269.0,52.0,288.0,18.0,277.5,9.0,91.0,96.0,1.9936449031869798,187,-5.0,-3.0,-0.03
07:35:21,273.0,21.0,280.68,37.0,269.0,36.0,282.43,14.0,276.84,7.680000000000007,57.0,51.0,1.145347108959866,108,6.0,-79.0,0.06
07:35:22,273.97,99.0,278.94,16.0,270.82,22.0,280.76,49.0,276.45,4.96999999999997,121.0,65.0,1.2483509122050134,186,56.0,78.0,0.3
07:35:23,274.3,100.0,278.0,12.0,273.64,28.0,283.0,48.0,276.15,3.6999999999999886,128.0,60.0,0.5139747075528279,188,68.0,2.0,0.36
07:35:29,274.33,6.0,283.0,24.0,272.33,6.0,287.0,18.0,278.67,8.670000000000016,12.0,42.0,0.594794082015014,54,-30.0,-36.0,-0.56
07:35:30,273.47,17.0,283.0,44.0,272.18,11.0,287.0,33.0,278.24,9.529999999999973,28.0,77.0,0.859779041382403,105,-49.0,51.0,-0.47
07:35:37,274.27,44.0,276.12,17.0,273.08,49.0,286.17,71.0,275.2,1.8500000000000227,93.0,88.0,1.9545383086554236,181,5.0,1.0,0.03
07:35:47,272.71,17.0,280.0,13.0,270.68,31.0,286.0,65.0,276.35,7.2900000000000205,48.0,78.0,1.6231204514763409,126,-30.0,16.0,-0.24
07:35:48,271.89,38.0,278.59,17.0,269.15,33.0,286.0,70.0,275.24,6.699999999999989,71.0,87.0,1.6440194646054713,158,-16.0,32.0,-0.1
07:35:49,266.73,66.0,276.1,10.0,215.05,20.0,281.0,20.0,271.41,9.370000000000005,86.0,30.0,3.0150124377857512,116,56.0,-42.0,0.48
07:35:50,267.74,69.0,276.0,12.0,262.22,50.0,282.33,24.0,271.87,8.259999999999991,119.0,36.0,3.1248967982965317,155,83.0,39.0,0.54
07:35:51,273.89,54.0,275.22,9.0,272.0,36.0,284.56,18.0,274.56,1.330000000000041,90.0,27.0,2.15370146492141,117,63.0,-38.0,0.54
07:35:52,274.0,78.0,275.0,13.0,272.0,52.0,284.0,26.0,274.5,1.0,130.0,39.0,1.7446289003696251,169,91.0,52.0,0.54
07:35:53,274.0,36.0,275.0,6.0,272.0,24.0,284.0,17.0,274.5,1.0,60.0,23.0,1.585991803259102,83,37.0,-86.0,0.45
07:35:54,274.0,33.0,284.0,24.0,272.0,32.0,286.0,24.0,279.0,10.0,65.0,48.0,2.5702879216157584,113,17.0,30.0,0.15
07:35:55,274.0,36.0,282.55,22.0,272.0,48.0,284.57,21.0,278.27,8.550000000000011,84.0,43.0,2.268739738269437,127,41.0,14.0,0.32
07:35:56,274.0,30.0,280.12,42.0,272.0,40.0,282.33,12.0,277.06,6.1200000000000045,70.0,54.0,2.0951563187510693,124,16.0,-3.0,0.13
07:35:57,274.0,33.0,279.36,55.0,272.0,44.0,281.36,11.0,276.68,5.360000000000014,77.0,66.0,1.7260417144444207,143,11.0,19.0,0.08
07:35:58,273.78,37.0,276.58,60.0,271.98,45.0,283.17,12.0,275.18,2.8000000000000114,82.0,72.0,1.4788576672560996,154,10.0,11.0,0.06
07:35:59,272.0,36.0,274.0,45.0,271.0,9.0,284.97,33.0,273.0,2.0,45.0,78.0,2.0250975285163464,123,-33.0,-31.0,-0.27
07:36:00,271.83,24.0,273.52,25.0,270.11,9.0,279.69,32.0,272.68,1.6899999999999977,33.0,57.0,2.0278560106683723,90,-24.0,-33.0,-0.27
07:36:01,269.55,11.0,272.21,19.0,267.12,51.0,277.36,22.0,270.88,2.659999999999968,62.0,41.0,2.2667333323540295,103,21.0,13.0,0.2
07:36:02,267.74,19.0,270.44,18.0,266.91,46.0,279.63,19.0,269.09,2.6999999999999886,65.0,37.0,2.2999739128968524,102,28.0,-1.0,0.27
07:36:03,267.0,98.0,271.57,42.0,266.0,36.0,280.09,44.0,269.29,4.569999999999993,134.0,86.0,1.8308659153545408,220,48.0,118.0,0.22
07:36:04,268.73,22.0,279.0,44.0,266.91,22.0,280.0,22.0,273.86,10.269999999999982,44.0,66.0,2.08929413917881,110,-22.0,-110.0,-0.2
07:36:05,263.68,41.0,279.0,44.0,254.59,44.0,280.0,22.0,271.34,15.319999999999993,85.0,66.0,1.9250636353136794,151,19.0,41.0,0.13
07:36:06,268.38,24.0,279.0,32.0,265.6,10.0,280.0,16.0,273.69,10.620000000000005,34.0,48.0,2.295262512220938,82,-14.0,-69.0,-0.17
07:36:07,271.4,15.0,278.94,17.0,266.33,9.0,279.67,12.0,275.17,7.5400000000000205,24.0,29.0,2.339861106990334,53,-5.0,-29.0,-0.09
07:36:08,267.0,33.0,277.53,15.0,265.0,77.0,279.0,44.0,272.27,10.529999999999973,110.0,59.0,1.4882304929027979,169,51.0,116.0,0.3
07:36:09,267.0,24.0,277.0,24.0,265.0,56.0,278.12,32.0,272.0,10.0,80.0,56.0,1.5343826119993407,136,24.0,-33.0,0.18
07:36:10,270.98,44.0,277.0,30.0,266.29,42.0,278.0,40.0,273.99,6.019999999999982,86.0,70.0,1.3037561121642252,156,16.0,20.0,0.1
07:36:11,272.0,65.0,276.1,61.0,268.0,39.0,277.35,23.0,274.05,4.100000000000023,104.0,84.0,1.331758236319766,188,20.0,32.0,0.11
07:36:12,269.38,50.0,275.82,49.0,268.72,71.0,276.24,59.0,272.6,6.439999999999998,121.0,108.0,0.9713238388950677,229,13.0,41.0,0.06
07:36:13,272.09,56.0,274.79,24.0,269.4,65.0,276.01,96.0,273.44,2.7000000000000455,121.0,120.0,0.8948351803576445,241,1.0,12.0,0.0
07:36:14,271.63,57.0,276.18,82.0,262.78,69.0,279.57,23.0,273.91,4.550000000000011,126.0,105.0,0.6075113167715201,231,21.0,-10.0,0.09
07:36:15,263.94,96.0,279.86,56.0,262.66,95.0,281.92,26.0,271.9,15.920000000000016,191.0,82.0,0.9127157279272241,273,109.0,42.0,0.4
07:36:16,272.04,67.0,278.33,36.0,265.79,61.0,279.22,27.0,275.19,6.289999999999964,128.0,63.0,1.2605038675091682,191,65.0,-82.0,0.34
07:36:17,273.33,36.0,277.24,42.0,272.0,128.0,278.5,64.0,275.29,3.910000000000025,164.0,106.0,1.3961840852857723,270,58.0,79.0,0.21
07:36:18,274.33,12.0,276.33,12.0,272.0,96.0,279.33,48.0,275.33,2.0,108.0,60.0,1.4783707248200697,168,48.0,-102.0,0.29
07:36:19,272.05,55.0,280.81,27.0,269.5,16.0,284.62,42.0,276.43,8.759999999999991,71.0,69.0,1.712898128904554,140,2.0,-28.0,0.01
07:36:20,274.0,24.0,281.0,18.0,271.62,26.0,285.0,30.0,277.5,7.0,50.0,48.0,1.003802769474131,98,2.0,-42.0,0.02
07:36:21,272.0,72.0,280.25,36.0,267.0,12.0,282.17,41.0,276.12,8.25,84.0,77.0,0.9100164833692912,161,7.0,63.0,0.04
07:36:22,272.0,48.0,279.0,36.0,267.0,12.0,280.81,26.0,275.5,7.0,60.0,62.0,0.8650606915146485,122,-2.0,-39.0,-0.02
07:36:23,273.88,102.0,275.3,43.0,271.44,27.0,277.71,17.0,274.59,1.420000000000016,129.0,60.0,1.0820674655509712,189,69.0,67.0,0.37
07:36:24,274.0,72.0,275.0,27.0,272.0,18.0,278.0,9.0,274.5,1.0,90.0,36.0,1.2360906115670183,126,54.0,-63.0,0.43
07:36:25,274.0,90.0,277.76,21.0,272.0,26.0,281.06,32.0,275.88,3.759999999999991,116.0,53.0,0.7401486337245453,169,63.0,43.0,0.37
07:36:33,274.21,163.0,279.32,28.0,272.4,60.0,282.04,56.0,276.77,5.110000000000014,223.0,84.0,0.9852410872483672,307,139.0,173.5,0.45
07:36:34,274.0,84.0,278.67,6.0,272.0,30.0,284.0,18.0,276.33,4.670000000000016,114.0,24.0,1.3509071026546444,138,90.0,-169.0,0.65
07:36:35,274.0,196.0,277.5,14.0,272.0,70.0,285.0,42.0,275.75,3.5,266.0,56.0,1.5313229574467042,322,210.0,173.5,0.65
07:36:36,274.0,168.0,276.67,12.0,272.0,60.0,284.74,34.0,275.33,2.670000000000016,228.0,46.0,1.4309716978347178,274,182.0,-48.0,0.66
07:36:37,274.0,125.0,275.11,9.0,272.0,45.0,278.45,11.0,274.56,1.1100000000000136,170.0,20.0,0.8615799440590555,190,150.0,-84.0,0.79
07:36:38,274.0,145.0,275.23,13.0,272.83,29.0,285.0,39.0,274.62,1.2300000000000182,174.0,52.0,0.7537705221121721,226,122.0,36.0,0.54
07:36:39,274.0,73.0,285.59,17.0,273.0,16.0,287.59,32.0,279.79,11.589999999999975,89.0,49.0,2.1710020727775756,138,40.0,-88.0,0.29
07:36:40,274.0,90.0,287.0,20.0,273.0,20.0,288.0,50.0,280.5,13.0,110.0,70.0,2.9339819358686383,180,40.0,42.0,0.22
07:36:41,274.0,90.0,286.82,22.0,273.0,22.0,287.92,49.0,280.41,12.819999999999993,112.0,71.0,3.1031161757179593,183,41.0,3.0,0.22
07:36:42,274.0,64.0,286.0,26.0,273.0,16.0,287.86,43.0,280.0,12.0,80.0,69.0,2.501305659051163,149,11.0,-34.0,0.07
07:36:43,274.0,120.0,285.21,56.0,273.0,30.0,287.93,108.0,279.61,11.20999999999998,150.0,164.0,0.3857071427914369,314,-14.0,165.0,-0.04
07:36:44,274.17,70.0,280.16,31.0,273.15,26.0,287.16,50.0,277.17,5.990000000000009,96.0,81.0,1.370390455308577,177,15.0,-137.0,0.08
07:36:59,273.14,28.0,274.8,30.0,272.08,52.0,283.18,79.0,273.97,1.660000000000025,80.0,109.0,3.1662643604100307,189,-29.0,-42.0,-0.15
07:37:00,272.04,50.0,273.9,21.0,270.06,124.0,279.55,40.0,272.97,1.8599999999999568,174.0,61.0,3.2236656154143764,235,113.0,46.0,0.48
07:37:01,271.35,62.0,273.21,19.0,269.86,174.0,278.0,50.0,272.28,1.8599999999999568,236.0,69.0,2.5585249656798945,305,167.0,70.0,0.55
07:37:02,269.63,86.0,274.0,24.0,268.92,109.0,283.85,104.0,271.81,4.3700000000000045,195.0,128.0,1.6856957020794543,323,67.0,18.0,0.21
07:37:03,270.0,13.0,273.46,26.0,268.62,48.0,284.0,150.0,271.73,3.4599999999999795,61.0,176.0,0.9334987948627561,237,-115.0,-86.0,-0.49
07:37:04,271.07,15.0,281.14,43.0,267.79,19.0,283.95,95.0,276.1,10.069999999999993,34.0,138.0,1.8135517638076275,172,-104.0,-65.0,-0.6
07:37:05,270.0,16.0,282.69,94.0,267.0,46.0,283.41,88.0,276.35,12.689999999999998,62.0,182.0,2.358035199060653,244,-120.0,72.0,-0.49
07:37:06,267.21,42.0,270.11,111.0,266.25,24.0,280.87,113.0,268.66,2.900000000000034,66.0,224.0,3.2662134039296586,290,-158.0,46.0,-0.54
07:37:07,266.63,27.0,268.0,135.0,215.33,15.0,279.0,75.0,267.31,1.3700000000000045,42.0,210.0,4.1518851140187945,252,-168.0,-38.0,-0.67
07:37:08,267.0,73.0,268.0,72.0,263.0,8.0,279.0,40.0,267.5,1.0,81.0,112.0,4.631547257667989,193,-31.0,-59.0,-0.16
07:37:09,267.0,95.0,268.0,81.0,263.0,9.0,279.0,45.0,267.5,1.0,104.0,126.0,3.8864418173972326,230,-22.0,37.0,-0.1
07:37:10,267.0,88.0,268.0,72.0,263.0,8.0,279.0,40.0,267.5,1.0,96.0,112.0,0.5462417047572116,208,-16.0,-22.0,-0.08
07:37:11,267.0,41.0,268.0,36.0,266.0,20.0,279.0,20.0,267.5,1.0,61.0,56.0,0.08497058324125525,117,5.0,-91.0,0.04
07:37:12,267.0,110.0,268.0,99.0,266.0,55.0,280.25,32.0,267.5,1.0,165.0,131.0,0.0,296,34.0,173.5,0.11
07:37:13,267.0,104.0,268.0,87.0,264.63,46.0,279.0,24.0,267.5,1.0,150.0,111.0,0.0,261,39.0,-35.0,0.15
07:37:14,267.0,72.0,268.0,18.0,263.0,27.0,279.0,18.0,267.5,1.0,99.0,36.0,0.0,135,63.0,-126.0,0.47
07:37:29,273.3,10.0,279.14,22.0,267.64,28.0,292.16,37.0,276.22,5.839999999999975,38.0,59.0,1.5577130672893658,97,-21.0,-53.0,-0.22
07:37:30,273.0,10.0,287.03,37.0,267.0,30.0,289.44,25.0,280.01,14.029999999999973,40.0,62.0,1.8545969912635432,102,-22.0,5.0,-0.22
07:37:31,273.0,16.0,285.28,72.0,267.0,48.0,288.64,94.0,279.14,12.279999999999973,64.0,166.0,2.1009355059123487,230,-102.0,128.0,-0.44
07:37:32,272.38,16.0,284.0,80.0,267.65,20.0,286.0,64.0,278.19,11.620000000000005,36.0,144.0,1.957618451078343,180,-108.0,-50.0,-0.6
07:37:33,268.0,8.0,283.9,39.0,267.0,16.0,285.7,33.0,275.95,15.899999999999977,24.0,72.0,1.7817603654819065,96,-48.0,-84.0,-0.5
07:37:34,268.8,15.0,281.67,60.0,267.67,18.0,284.0,75.0,275.23,12.870000000000005,33.0,135.0,2.0501902350763856,168,-102.0,72.0,-0.61
07:37:35,270.44,16.0,279.31,64.0,268.69,16.0,285.11,81.0,274.88,8.870000000000005,32.0,145.0,1.8846140188389595,177,-113.0,9.0,-0.64
07:37:36,271.45,22.0,278.0,56.0,265.98,42.0,286.07,70.0,274.73,6.550000000000011,64.0,126.0,1.418689536158578,190,-62.0,13.0,-0.33
07:37:37,272.0,18.0,278.0,66.0,265.0,63.0,286.0,45.0,275.0,6.0,81.0,111.0,0.47903027044950014,192,-30.0,2.0,-0.16
07:37:38,272.0,18.0,277.53,51.0,265.0,27.0,281.89,45.0,274.76,5.529999999999973,45.0,96.0,0.2035927307330649,141,-51.0,-51.0,-0.36
07:37:39,272.0,22.0,276.0,44.0,265.19,63.0,282.0,55.0,274.0,4.0,85.0,99.0,0.3916375875829321,184,-14.0,43.0,-0.08
07:37:40,272.85,75.0,276.0,44.0,267.16,32.0,285.0,85.0,274.43,3.1499999999999773,107.0,129.0,0.3840963420913335,236,-22.0,52.0,-0.09
07:37:41,273.0,308.0,274.91,35.0,272.0,17.0,279.74,86.0,273.96,1.910000000000025,325.0,121.0,0.4581484475671964,446,204.0,173.5,0.46
07:37:42,273.28,235.0,279.16,38.0,272.62,29.0,280.19,75.0,276.22,5.880000000000052,264.0,113.0,0.9248134947154412,377,151.0,-69.0,0.4
07:37:48,272.41,51.0,280.67,33.0,270.88,41.0,281.97,61.0,276.54,8.259999999999991,92.0,94.0,0.5587038571583776,186,-2.0,-56.0,-0.01
07:37:49,271.0,28.0,278.57,42.0,270.0,14.0,280.0,14.0,274.79,7.569999999999993,42.0,56.0,0.8279311565611805,98,-14.0,-88.0,-0.14
07:37:50,267.73,11.0,276.73,33.0,266.21,38.0,280.0,11.0,272.23,9.0,49.0,44.0,1.9093323440423702,93,5.0,-5.0,0.05
07:37:51,271.56,66.0,276.0,35.0,269.48,50.0,280.0,17.0,273.78,4.439999999999998,116.0,52.0,1.887122147611894,168,64.0,75.0,0.38
07:37:52,271.65,81.0,275.56,34.0,267.83,111.0,280.71,45.0,273.61,3.910000000000025,192.0,79.0,1.5991091269855324,271,113.0,103.0,0.42
07:37:53,269.98,40.0,279.0,54.0,268.09,44.0,284.11,74.0,274.49,9.019999999999982,84.0,128.0,0.9944345126800255,212,-44.0,-59.0,-0.21
07:37:54,271.93,45.0,278.55,31.0,269.0,30.0,281.59,75.0,275.24,6.6200000000000045,75.0,106.0,1.121004014269795,181,-31.0,-31.0,-0.17
07:37:55,272.0,51.0,275.45,33.0,269.0,34.0,280.64,56.0,273.73,3.4499999999999886,85.0,89.0,0.6903984356938013,174,-4.0,-7.0,-0.02
07:37:56,271.6,45.0,273.19,68.0,267.93,56.0,279.09,34.0,272.4,1.589999999999975,101.0,102.0,1.0614282830266861,203,-1.0,29.0,-0.0
07:37:57,269.71,17.0,274.0,20.0,267.16,76.0,275.0,10.0,271.85,4.2900000000000205,93.0,30.0,1.4128234143054226,123,63.0,-80.0,0.51
07:37:58,269.21,28.0,273.73,22.0,267.1,116.0,274.4,20.0,271.47,4.520000000000039,144.0,42.0,1.545532270776246,186,102.0,63.0,0.55
07:37:59,269.86,28.0,272.18,17.0,267.09,46.0,274.48,27.0,271.02,2.319999999999993,74.0,44.0,1.0455285744600349,118,30.0,-68.0,0.25
07:38:00,270.19,62.0,275.43,23.0,267.17,48.0,279.37,49.0,272.81,5.240000000000009,110.0,72.0,0.7140378141336664,182,38.0,64.0,0.21
07:38:01,272.63,70.0,275.41,17.0,271.74,77.0,280.07,41.0,274.02,2.7800000000000296,147.0,58.0,1.1965074174497146,205,89.0,23.0,0.43
07:38:02,273.5,48.0,279.14,21.0,272.0,60.0,280.89,54.0,276.32,5.639999999999986,108.0,75.0,2.1376552575217946,183,33.0,-22.0,0.18
07:38:12,272.0,13.0,280.5,40.0,271.0,39.0,282.09,58.0,276.25,8.5,52.0,98.0,0.7604801115105798,150,-46.0,-34.0,-0.31
07:38:13,269.33,45.0,279.67,45.0,265.78,115.0,281.0,75.0,274.5,10.340000000000032,160.0,120.0,1.2733145722893853,280,40.0,130.0,0.14
07:38:14,269.0,56.0,278.21,42.0,265.0,140.0,281.71,70.0,273.61,9.20999999999998,196.0,112.0,1.4944129282116683,308,84.0,28.0,0.27
07:38:15,269.0,36.0,277.56,27.0,265.0,90.0,282.0,36.0,273.28,8.560000000000002,126.0,63.0,1.6274612130577921,189,63.0,-119.0,0.33
07:38:16,269.03,70.0,276.0,57.0,265.04,182.0,281.62,109.0,272.51,6.970000000000027,252.0,166.0,1.4316598758117363,418,86.0,173.5,0.21
07:38:17,270.93,28.0,275.0,37.0,269.0,28.0,278.44,54.0,272.96,4.069999999999993,56.0,91.0,0.7500466652219208,147,-35.0,-174.5,-0.24
07:38:18,269.0,26.0,272.0,39.0,263.0,78.0,282.68,101.0,270.5,3.0,104.0,140.0,1.2274241320798704,244,-36.0,97.0,-0.15
07:38:19,269.0,16.0,270.75,24.0,263.0,48.0,283.0,40.0,269.88,1.75,64.0,64.0,1.5340404166818313,128,0.0,-116.0,0.0
07:38:20,268.09,92.0,275.0,22.0,262.25,168.0,282.88,48.0,271.54,6.910000000000025,260.0,70.0,1.301468401465823,330,190.0,173.5,0.58
07:38:21,273.08,106.0,281.0,8.0,264.43,98.0,283.0,32.0,277.04,7.920000000000016,204.0,40.0,2.852276283955058,244,164.0,-86.0,0.67
07:38:23,273.79,116.0,276.46,28.0,272.02,184.0,279.46,52.0,275.13,2.669999999999959,300.0,80.0,3.1046867796944904,380,220.0,-48.0,0.58
07:38:24,273.0,206.0,274.05,41.0,268.74,47.0,278.05,21.0,273.52,1.0500000000000114,253.0,62.0,2.2028345375920755,315,191.0,-65.0,0.61
07:38:25,273.0,73.0,274.75,12.0,269.0,10.0,282.78,37.0,273.88,1.75,83.0,49.0,1.5024712975653558,132,34.0,-174.5,0.26
07:38:26,273.0,49.0,274.43,7.0,269.0,7.0,283.0,28.0,273.71,1.4300000000000068,56.0,35.0,1.1611761279017543,91,21.0,-41.0,0.23
07:38:27,273.0,77.0,274.0,11.0,271.7,20.0,282.82,44.0,273.5,1.0,97.0,55.0,0.6786530778018287,152,42.0,61.0,0.28
07:38:28,273.0,81.0,284.16,44.0,272.0,26.0,285.8,59.0,278.58,11.160000000000025,107.0,103.0,2.209076730222071,210,4.0,58.0,0.02
07:38:29,272.71,35.0,280.37,19.0,271.0,15.0,283.76,38.0,276.54,7.660000000000025,50.0,57.0,2.2396249686069143,107,-7.0,-103.0,-0.07
07:38:30,272.0,30.0,278.47,36.0,269.0,16.0,279.13,39.0,275.24,6.470000000000027,46.0,75.0,2.1117954446411233,121,-29.0,14.0,-0.24
07:38:31,271.52,25.0,273.7,44.0,268.29,34.0,275.95,42.0,272.61,2.180000000000007,59.0,86.0,2.386185240086653,145,-27.0,24.0,-0.19
07:38:32,270.71,28.0,273.64,56.0,268.33,36.0,277.32,71.0,272.18,2.930000000000007,64.0,127.0,2.688196421396303,191,-63.0,46.0,-0.33
07:38:33,266.26,35.0,274.78,36.0,263.67,108.0,282.78,36.0,270.52,8.519999999999982,143.0,72.0,2.4315879585182625,215,71.0,24.0,0.33
07:38:34,263.96,138.0,281.15,60.0,262.98,202.0,282.16,56.0,272.55,17.189999999999998,340.0,116.0,1.6935908596861526,456,224.0,173.5,0.49
07:38:35,263.0,162.0,280.85,41.0,262.0,9.0,281.74,38.0,271.93,17.850000000000023,171.0,79.0,0.850511610745971,250,92.0,-174.5,0.37
07:38:36,263.0,252.0,278.0,72.0,262.0,14.0,280.59,58.0,270.5,15.0,266.0,130.0,0.9622525656055846,396,136.0,146.0,0.34
07:38:37,263.04,187.0,267.21,38.0,262.93,136.0,278.29,96.0,265.12,4.169999999999959,323.0,134.0,2.936210142346321,457,189.0,61.0,0.41
07:38:38,264.96,25.0,267.0,24.0,262.86,135.0,275.0,24.0,265.98,2.0400000000000205,160.0,48.0,3.4416173523532794,208,112.0,-174.5,0.54
07:38:39,265.0,56.0,273.38,45.0,264.0,14.0,274.36,39.0,269.19,8.379999999999995,70.0,84.0,2.915738328454823,154,-14.0,-54.0,-0.09
07:38:40,265.72,71.0,270.51,75.0,264.52,29.0,272.31,65.0,268.11,4.789999999999964,100.0,140.0,2.2254774768624572,240,-40.0,86.0,-0.17
07:38:41,267.21,52.0,271.78,41.0,265.44,45.0,275.74,61.0,269.5,4.569999999999993,97.0,102.0,1.9474983953838054,199,-5.0,-41.0,-0.03
07:38:42,268.63,70.0,273.59,32.0,265.68,44.0,276.12,48.0,271.11,4.9599999999999795,114.0,80.0,1.897648544915511,194,34.0,-5.0,0.18
07:38:43,273.0,41.0,276.13,31.0,264.55,20.0,277.57,21.0,274.56,3.1299999999999955,61.0,52.0,2.51414597826304,113,9.0,-81.0,0.08
07:38:44,274.0,27.0,277.0,9.0,273.0,27.0,278.0,27.0,275.5,3.0,54.0,36.0,3.1890484474233802,90,18.0,-23.0,0.2
07:38:45,274.14,42.0,277.0,14.0,273.0,42.0,278.0,42.0,275.57,2.8600000000000136,84.0,56.0,2.775026126004978,140,28.0,50.0,0.2
07:38:47,273.0,11.0,277.0,11.0,271.0,88.0,278.0,33.0,275.0,4.0,99.0,44.0,0.5103724130529824,143,55.0,-12.0,0.38
07:38:48,273.0,13.0,277.0,13.0,271.0,104.0,278.0,39.0,275.0,4.0,117.0,52.0,0.3711064537370994,169,65.0,26.0,0.38
07:38:49,273.0,9.0,276.64,33.0,271.0,72.0,277.86,28.0,274.82,3.6399999999999864,81.0,61.0,0.43598165099649244,142,20.0,-27.0,0.14
07:38:50,271.61,23.0,274.0,36.0,270.97,58.0,277.32,28.0,272.8,2.3899999999999864,81.0,64.0,1.129566288451822,145,17.0,3.0,0.12
07:38:51,271.0,80.0,278.07,29.0,270.0,13.0,280.6,30.0,274.53,7.069999999999993,93.0,59.0,0.9312357381498046,152,34.0,7.0,0.22
07:38:52,271.0,73.0,277.38,13.0,270.0,13.0,279.0,54.0,274.19,6.3799999999999955,86.0,67.0,0.8761107236004787,153,19.0,1.0,0.12
07:38:53,273.0,56.0,276.0,7.0,271.0,28.0,278.75,16.0,274.5,3.0,84.0,23.0,0.7965990208429583,107,61.0,-46.0,0.57
07:39:04,273.52,46.0,278.0,16.0,271.69,26.0,281.0,8.0,275.76,4.480000000000018,72.0,24.0,0.7248448109781928,96,48.0,19.0,0.5
07:39:05,272.41,81.0,278.0,30.0,270.86,42.0,281.75,60.0,275.2,5.589999999999975,123.0,90.0,0.9963332775747801,213,33.0,117.0,0.15
07:39:06,273.78,41.0,278.0,22.0,272.33,36.0,281.0,44.0,275.89,4.220000000000027,77.0,66.0,1.0276769920569306,143,11.0,-70.0,0.08
07:39:07,274.0,36.0,280.14,28.0,273.0,27.0,282.83,41.0,277.07,6.139999999999986,63.0,69.0,0.9619407466176372,132,-6.0,-11.0,-0.05
07:39:08,274.0,24.0,281.0,24.0,273.0,18.0,284.0,30.0,277.5,7.0,42.0,54.0,0.9619407466176372,96,-12.0,-36.0,-0.12
07:39:09,274.0,58.0,278.0,68.0,273.0,51.0,281.94,68.0,276.0,4.0,109.0,136.0,0.9348636264200184,245,-27.0,149.0,-0.11
07:39:10,274.0,14.0,276.9,10.0,273.0,21.0,279.14,28.0,275.45,2.8999999999999773,35.0,38.0,0.8631164463750393,73,-3.0,-172.0,-0.04
07:39:11,273.1,40.0,274.86,14.0,271.18,66.0,281.14,56.0,273.98,1.759999999999991,106.0,70.0,1.3944353696044567,176,36.0,103.0,0.2
07:39:12,273.0,39.0,281.65,46.0,271.0,65.0,284.08,52.0,277.33,8.649999999999977,104.0,98.0,1.4481263757019907,202,6.0,26.0,0.03
07:39:13,272.41,17.0,282.0,20.0,270.74,23.0,285.0,20.0,277.21,9.589999999999975,40.0,40.0,1.3798296996382933,80,0.0,-122.0,0.0
07:39:14,271.0,47.0,282.0,44.0,269.0,33.0,284.49,49.0,276.5,11.0,80.0,93.0,1.3983669046440075,173,-13.0,93.0,-0.08
07:39:15,271.0,8.0,282.0,32.0,269.0,24.0,284.0,40.0,276.5,11.0,32.0,72.0,1.3556658880429049,104,-40.0,-69.0,-0.38
07:39:16,271.0,11.0,282.0,32.0,269.0,24.0,284.0,40.0,276.5,11.0,35.0,72.0,0.4238749815712106,107,-37.0,3.0,-0.35
07:39:17,273.07,29.0,282.0,60.0,266.93,28.0,283.81,42.0,277.53,8.930000000000007,57.0,102.0,0.4897652498921171,159,-45.0,52.0,-0.28
07:39:22,271.0,42.0,275.14,28.0,269.63,81.0,281.37,54.0,273.07,4.139999999999986,123.0,82.0,2.44487627498846,205,41.0,-73.0,0.2
07:39:23,271.0,33.0,273.0,22.0,268.0,55.0,275.0,22.0,272.0,2.0,88.0,44.0,2.999069855806146,132,44.0,-73.0,0.33
07:39:24,271.0,23.0,274.12,34.0,268.0,65.0,278.36,28.0,272.56,3.1200000000000045,88.0,62.0,2.760847695909406,150,26.0,18.0,0.17
07:39:25,271.64,22.0,273.65,34.0,268.45,47.0,275.17,58.0,272.64,2.009999999999991,69.0,92.0,1.746997424157023,161,-23.0,11.0,-0.14
07:39:26,271.42,19.0,274.69,52.0,268.2,59.0,279.63,38.0,273.06,3.269999999999982,78.0,90.0,0.4398636152412084,168,-12.0,7.0,-0.07
07:39:27,271.0,9.0,276.78,36.0,268.0,45.0,283.0,18.0,273.89,5.779999999999973,54.0,54.0,0.7025667228189928,108,0.0,-60.0,0.0
07:39:28,268.88,64.0,276.88,32.0,265.23,26.0,281.08,50.0,272.88,8.0,90.0,82.0,0.532240547132733,172,8.0,64.0,0.05
07:39:29,269.0,96.0,276.0,28.0,268.0,24.0,278.6,45.0,272.5,7.0,120.0,73.0,0.5453255908282528,193,47.0,21.0,0.24
07:39:30,269.21,112.0,275.58,26.0,268.0,28.0,278.19,52.0,272.4,6.3700000000000045,140.0,78.0,0.5927731438015008,218,62.0,25.0,0.28
07:39:31,270.0,128.0,274.0,16.0,268.0,32.0,278.33,72.0,272.0,4.0,160.0,88.0,0.7181086268893281,248,72.0,30.0,0.29
07:39:32,270.21,146.0,276.62,37.0,269.0,48.0,278.4,50.0,273.41,6.410000000000025,194.0,87.0,0.5332166539157878,281,107.0,33.0,0.38
07:39:33,271.29,62.0,278.0,40.0,270.0,60.0,279.21,38.0,274.65,6.7099999999999795,122.0,78.0,1.060693169588718,200,44.0,-81.0,0.22
07:39:34,272.17,36.0,278.0,44.0,271.09,66.0,279.0,55.0,275.08,5.829999999999984,102.0,99.0,1.3496925575888459,201,3.0,1.0,0.01
07:39:35,272.0,56.0,276.38,52.0,270.0,78.0,278.52,58.0,274.19,4.3799999999999955,134.0,110.0,1.2127778032309577,244,24.0,43.0,0.1
07:39:36,274.17,36.0,276.0,48.0,272.0,24.0,279.0,60.0,275.08,1.829999999999984,60.0,108.0,0.7031856085045943,168,-48.0,-76.0,-0.29
07:39:39,272.0,14.0,281.0,35.0,270.14,42.0,282.0,35.0,276.5,9.0,56.0,70.0,0.8527778139734955,126,-14.0,10.0,-0.11
07:39:40,274.18,22.0,280.15,33.0,271.44,54.0,281.1,49.0,277.17,5.96999999999997,76.0,82.0,0.8333366666622446,158,-6.0,32.0,-0.04
07:39:41,271.24,63.0,275.34,47.0,270.15,78.0,277.2,15.0,273.29,4.099999999999966,141.0,62.0,1.4692413008096141,203,79.0,45.0,0.39
07:39:42,271.0,70.0,274.87,46.0,270.0,84.0,275.21,38.0,272.93,3.8700000000000045,154.0,84.0,1.9136666376373328,238,70.0,35.0,0.29
07:39:43,271.0,53.0,272.6,45.0,270.0,102.0,274.78,77.0,271.8,1.6000000000000227,155.0,122.0,2.3567286649099737,277,33.0,39.0,0.12
07:39:44,270.05,63.0,277.71,55.0,269.29,28.0,280.31,59.0,273.88,7.659999999999968,91.0,114.0,2.023568629923332,205,-23.0,-72.0,-0.11
07:39:45,270.0,66.0,278.73,33.0,268.0,11.0,281.23,65.0,274.36,8.730000000000018,77.0,98.0,0.9792190766173455,175,-21.0,-30.0,-0.12
07:39:46,270.71,63.0,278.0,36.0,269.89,57.0,282.83,60.0,274.36,7.2900000000000205,120.0,96.0,1.099172415961549,216,24.0,41.0,0.11
07:39:58,274.0,9.0,283.0,45.0,273.0,9.0,284.0,45.0,278.5,9.0,18.0,90.0,1.2394030821334021,108,-72.0,-8.0,-0.67
07:39:59,264.65,77.0,283.0,40.0,265.17,23.0,284.0,40.0,273.82,18.350000000000023,100.0,80.0,1.8193955040076522,180,20.0,72.0,0.11
07:40:00,264.0,178.0,283.0,40.0,263.0,48.0,284.0,40.0,273.5,19.0,226.0,80.0,2.202543983670828,306,146.0,126.0,0.48
07:40:01,270.0,10.0,283.0,50.0,264.0,201.0,284.0,50.0,276.5,13.0,211.0,100.0,2.2183777856812394,311,111.0,5.0,0.36
07:40:02,265.71,96.0,283.0,50.0,265.65,124.0,284.0,50.0,274.35,17.29000000000002,220.0,100.0,2.121739852103865,320,120.0,9.0,0.38
07:40:03,267.5,60.0,282.92,38.0,266.28,86.0,283.7,50.0,275.21,15.420000000000016,146.0,88.0,1.207696153843181,234,58.0,-86.0,0.25
07:40:04,268.0,101.0,278.0,73.0,267.0,102.0,280.19,69.0,273.0,10.0,203.0,142.0,1.3942632463089875,345,61.0,111.0,0.18
07:40:05,268.0,35.0,277.97,31.0,267.0,42.0,279.71,35.0,272.98,9.970000000000027,77.0,66.0,1.5037187237007998,143,11.0,-174.5,0.08
07:40:06,268.0,65.0,276.38,13.0,267.0,78.0,278.31,65.0,272.19,8.379999999999995,143.0,78.0,1.2116641448895342,221,65.0,78.0,0.29
07:40:07,268.0,60.0,271.6,20.0,267.0,72.0,279.35,40.0,269.8,3.6000000000000227,132.0,60.0,1.9441013348109208,192,72.0,-29.0,0.38
07:40:08,268.0,38.0,269.0,70.0,267.0,84.0,276.0,14.0,268.5,1.0,122.0,84.0,2.0368063236394764,206,38.0,14.0,0.18
07:40:09,268.0,8.0,272.75,12.0,267.0,48.0,279.89,36.0,270.38,4.75,56.0,48.0,1.8128982321187739,104,8.0,-102.0,0.08
07:40:10,269.6,35.0,275.0,14.0,267.14,49.0,278.0,28.0,272.3,5.399999999999977,84.0,42.0,1.6210120295728125,126,42.0,22.0,0.33
07:40:11,270.0,40.0,274.3,10.0,268.0,10.0,278.0,20.0,272.15,4.300000000000011,50.0,30.0,1.611483788320493,80,20.0,-46.0,0.25
07:40:12,270.75,16.0,273.85,13.0,269.96,49.0,278.0,26.0,272.3,3.1000000000000227,65.0,39.0,1.677611397200851,104,26.0,24.0,0.25
07:40:13,271.93,44.0,276.04,25.0,270.28,54.0,278.25,32.0,273.99,4.110000000000014,98.0,57.0,1.2782918289712462,155,41.0,51.0,0.26
07:40:14,274.38,91.0,276.73,52.0,273.61,129.0,278.26,27.0,275.56,2.3500000000000227,220.0,79.0,1.491492541051165,299,141.0,144.0,0.47
07:40:15,274.16,95.0,277.55,38.0,273.4,50.0,280.34,56.0,275.86,3.3899999999999864,145.0,94.0,1.7465594750849451,239,51.0,-60.0,0.21
07:40:16,274.0,112.0,277.17,29.0,271.0,14.0,282.67,75.0,275.59,3.170000000000016,126.0,104.0,1.5110757757328908,230,22.0,-9.0,0.1
07:40:17,274.0,73.0,275.8,25.0,271.2,10.0,276.4,25.0,274.9,1.8000000000000114,83.0,50.0,0.7532263935930007,133,33.0,-97.0,0.25
07:40:18,274.0,80.0,275.67,24.0,273.0,12.0,279.86,56.0,274.83,1.670000000000016,92.0,80.0,0.4568041155731901,172,12.0,39.0,0.07
07:40:19,274.0,54.0,276.0,36.0,273.0,9.0,285.0,33.0,275.0,2.0,63.0,69.0,0.46046715409999994,132,-6.0,-40.0,-0.05
07:40:20,274.0,64.0,276.0,48.0,273.0,12.0,284.29,42.0,275.0,2.0,76.0,90.0,0.30270447635519987,166,-14.0,34.0,-0.08
07:40:21,274.0,56.0,278.06,64.0,273.0,16.0,284.13,87.0,276.03,4.060000000000002,72.0,151.0,0.4960544325023157,223,-79.0,57.0,-0.35
07:40:28,274.0,16.0,282.89,61.0,273.0,16.0,285.41,79.0,278.44,8.889999999999986,32.0,140.0,0.5671684053194874,172,-108.0,70.0,-0.63
07:40:29,274.0,12.0,282.44,54.0,273.0,12.0,284.67,54.0,278.22,8.439999999999998,24.0,108.0,0.6199999999946807,132,-84.0,-40.0,-0.64
07:40:30,271.47,17.0,280.64,61.0,270.14,56.0,281.42,79.0,276.05,9.169999999999959,73.0,140.0,1.2685227628999978,213,-67.0,81.0,-0.31
07:40:31,271.0,13.0,276.42,53.0,270.0,52.0,277.88,41.0,273.71,5.420000000000016,65.0,94.0,2.0920731344766366,159,-29.0,-54.0,-0.18
07:40:32,269.8,20.0,274.16,43.0,268.7,23.0,275.45,55.0,271.98,4.360000000000014,43.0,98.0,2.8185545941142593,141,-55.0,-18.0,-0.39
07:40:33,268.0,9.0,272.11,9.0,264.0,9.0,274.0,45.0,270.06,4.110000000000014,18.0,54.0,3.2287350464241262,72,-36.0,-69.0,-0.5
07:40:34,268.0,12.0,270.21,56.0,264.0,12.0,272.0,20.0,269.11,2.2099999999999795,24.0,76.0,2.7962957640443746,100,-52.0,28.0,-0.52
07:40:35,265.6,10.0,269.0,41.0,262.09,94.0,270.46,26.0,267.3,3.3999999999999773,104.0,67.0,2.4918406851196435,171,37.0,71.0,0.22
07:40:36,264.0,12.0,267.23,43.0,262.0,150.0,268.8,20.0,265.62,3.230000000000018,162.0,63.0,2.4575150050451815,225,99.0,54.0,0.44
07:40:37,264.0,14.0,266.39,56.0,262.0,162.0,267.08,50.0,265.2,2.3899999999999864,176.0,106.0,2.121395766948295,282,70.0,57.0,0.25
07:40:38,262.08,75.0,265.67,36.0,261.09,66.0,266.29,21.0,263.87,3.590000000000032,141.0,57.0,2.0273998125751547,198,84.0,-84.0,0.42
07:40:39,262.0,72.0,266.0,14.0,260.0,35.0,267.0,7.0,264.0,4.0,107.0,21.0,1.396001432675724,128,86.0,-70.0,0.67
07:40:40,264.23,179.0,273.25,60.0,262.17,107.0,275.02,54.0,268.74,9.019999999999982,286.0,114.0,1.9690048247863354,400,172.0,173.5,0.43
07:40:41,271.48,148.0,273.95,63.0,266.04,91.0,275.63,52.0,272.72,2.4699999999999704,239.0,115.0,3.799299935518112,354,124.0,-46.0,0.35
07:40:42,270.0,42.0,274.0,60.0,264.0,60.0,278.0,72.0,272.0,4.0,102.0,132.0,4.228744494530732,234,-30.0,-120.0,-0.13
07:40:43,270.9,52.0,275.33,60.0,269.23,86.0,278.0,72.0,273.12,4.430000000000007,138.0,132.0,3.8292662482541875,270,6.0,36.0,0.02
07:40:44,273.43,105.0,276.0,35.0,272.0,28.0,278.0,42.0,274.71,2.569999999999993,133.0,77.0,2.202934406652333,210,56.0,-60.0,0.27
07:40:45,274.23,200.0,277.32,73.0,273.2,55.0,279.04,46.0,275.77,3.089999999999975,255.0,119.0,1.5399123351699968,374,136.0,164.0,0.36
07:40:51,274.03,33.0,278.0,9.0,273.14,37.0,279.0,45.0,276.02,3.9700000000000273,70.0,54.0,0.49568134925598045,124,16.0,18.0,0.13
07:40:52,274.0,36.0,278.0,9.0,273.0,36.0,279.0,45.0,276.0,4.0,72.0,54.0,0.5596427431859371,126,18.0,2.0,0.14
07:40:53,274.0,48.0,278.0,12.0,273.0,48.0,279.0,60.0,276.0,4.0,96.0,72.0,0.5984981202986185,168,24.0,42.0,0.14
07:40:54,274.0,36.0,276.59,17.0,273.0,36.0,278.86,29.0,275.29,2.589999999999975,72.0,46.0,0.7605392823527939,118,26.0,-50.0,0.22
07:40:55,274.0,32.0,276.0,24.0,273.0,32.0,280.94,50.0,275.0,2.0,64.0,74.0,0.48303209003456543,138,-10.0,20.0,-0.07
07:40:56,274.0,52.0,276.0,39.0,273.0,52.0,281.0,69.0,275.0,2.0,104.0,108.0,0.50874355033139,212,-4.0,74.0,-0.02
07:40:57,274.0,48.0,276.0,36.0,273.0,48.0,281.0,60.0,275.0,2.0,96.0,96.0,0.43338204854885104,192,0.0,-20.0,0.0
07:40:58,273.09,33.0,276.0,27.0,272.07,14.0,281.14,29.0,274.55,2.910000000000025,47.0,56.0,0.2652734438372646,103,-9.0,-89.0,-0.09
07:40:59,272.0,11.0,276.8,25.0,271.0,33.0,281.45,11.0,274.4,4.800000000000011,44.0,36.0,0.29240383035422896,80,8.0,-23.0,0.1
07:41:00,270.11,37.0,280.67,12.0,269.38,13.0,282.5,10.0,275.39,10.560000000000002,50.0,22.0,0.3960681759565853,72,28.0,-8.0,0.39
07:41:01,270.0,50.0,280.0,40.0,268.0,10.0,281.0,10.0,275.0,10.0,60.0,50.0,0.3960681759565853,110,10.0,38.0,0.09
07:41:02,271.14,84.0,277.72,50.0,270.0,70.0,280.5,20.0,274.43,6.580000000000041,154.0,70.0,0.42922022320241904,224,84.0,114.0,0.38
07:41:03,271.84,101.0,275.39,72.0,269.77,62.0,277.9,39.0,273.62,3.5500000000000114,163.0,111.0,0.67236150990857,274,52.0,50.0,0.19
07:41:04,269.6,40.0,272.0,56.0,266.71,14.0,282.0,14.0,270.8,2.3999999999999773,54.0,70.0,1.8293359450928641,124,-16.0,-150.0,-0.13
07:41:05,261.62,52.0,269.85,80.0,261.47,32.0,272.04,53.0,265.73,8.230000000000018,84.0,133.0,3.815983490532264,217,-49.0,93.0,-0.23
07:41:06,257.0,152.0,266.03,72.0,256.0,30.0,268.16,62.0,261.51,9.029999999999973,182.0,134.0,5.491463375096236,316,48.0,99.0,0.15
07:41:07,257.0,140.0,262.38,13.0,256.0,20.0,264.0,10.0,259.69,5.3799999999999955,160.0,23.0,5.932727028949884,183,137.0,-133.0,0.75
07:41:08,257.0,98.0,262.0,7.0,256.0,14.0,264.0,7.0,259.5,5.0,112.0,14.0,4.814678597792503,126,98.0,-57.0,0.78
07:41:09,257.0,63.0,262.0,5.0,256.0,10.0,264.0,5.0,259.5,5.0,73.0,10.0,2.677504435112684,83,63.0,-43.0,0.76
07:41:10,258.33,60.0,262.0,10.0,256.99,137.0,264.0,10.0,260.17,3.670000000000016,197.0,20.0,0.8481921952314073,217,177.0,134.0,0.82
07:41:11,259.82,55.0,262.0,11.0,257.0,165.0,264.0,11.0,260.91,2.180000000000007,220.0,22.0,0.6005247705564469,242,198.0,25.0,0.82
07:41:12,260.29,21.0,262.0,6.0,257.0,42.0,264.0,6.0,261.14,1.7099999999999795,63.0,12.0,0.7679387996780395,75,51.0,-167.0,0.68
07:41:13,260.0,50.0,264.0,10.0,252.0,90.0,266.0,60.0,262.0,4.0,140.0,70.0,0.9537976724910527,210,70.0,135.0,0.33
07:41:14,261.64,55.0,265.93,56.0,252.0,99.0,266.6,30.0,263.78,4.2900000000000205,154.0,86.0,1.3824796562866968,240,68.0,30.0,0.28
07:41:15,264.08,60.0,266.63,71.0,252.67,108.0,269.17,29.0,265.36,2.5500000000000114,168.0,100.0,1.8941013700547609,268,68.0,28.0,0.25
07:41:16,265.2,51.0,275.0,55.0,254.63,95.0,276.0,77.0,270.1,9.800000000000011,146.0,132.0,3.5409998588022584,278,14.0,10.0,0.05
07:41:17,270.97,33.0,275.0,45.0,268.46,13.0,276.0,63.0,272.98,4.029999999999973,46.0,108.0,4.563625751530281,154,-62.0,-124.0,-0.4
07:41:18,271.79,56.0,275.0,70.0,270.0,14.0,276.0,98.0,273.39,3.2099999999999795,70.0,168.0,4.380242002449554,238,-98.0,84.0,-0.41
07:41:19,270.71,49.0,275.0,90.0,266.67,27.0,276.0,126.0,272.86,4.2900000000000205,76.0,216.0,3.3798106455861845,292,-140.0,54.0,-0.48
07:41:20,268.42,24.0,275.0,70.0,266.38,37.0,276.0,98.0,271.71,6.579999999999984,61.0,168.0,1.3332179116760292,229,-107.0,-63.0,-0.47
07:41:21,268.9,10.0,275.0,50.0,264.35,23.0,276.0,50.0,271.95,6.100000000000023,33.0,100.0,0.7155906651240215,133,-67.0,-96.0,-0.5
07:41:22,269.52,21.0,273.33,90.0,261.42,119.0,292.47,85.0,271.43,3.8100000000000023,140.0,175.0,0.8252393592247209,315,-35.0,173.5,-0.11
07:41:23,268.0,11.0,276.0,122.0,262.0,99.0,483.55,55.0,272.0,8.0,110.0,177.0,0.536330122233058,287,-67.0,-28.0,-0.23
07:41:24,268.0,10.0,272.82,55.0,262.0,90.0,276.9,50.0,270.41,4.819999999999993,100.0,105.0,0.6499230723832192,205,-5.0,-82.0,-0.02
07:41:25,268.0,12.0,276.0,24.0,262.0,108.0,277.0,70.0,272.0,8.0,120.0,94.0,0.6853247405543332,214,26.0,9.0,0.12
07:41:26,262.42,59.0,274.0,20.0,261.2,75.0,276.74,84.0,268.21,11.579999999999984,134.0,104.0,1.5919013788605882,238,30.0,24.0,0.13
07:41:27,262.38,29.0,266.67,15.0,261.82,109.0,274.31,32.0,264.52,4.2900000000000205,138.0,47.0,3.15304138888512,185,91.0,-53.0,0.49
07:41:28,261.62,48.0,272.75,16.0,260.15,60.0,275.0,40.0,267.19,11.129999999999995,108.0,56.0,2.895380803974775,164,52.0,-21.0,0.32
07:41:29,263.12,101.0,272.0,22.0,259.7,99.0,279.0,55.0,267.56,8.879999999999995,200.0,77.0,2.69026578613106,277,123.0,113.0,0.44
07:41:30,270.62,37.0,272.0,22.0,268.03,62.0,279.0,55.0,271.31,1.3799999999999955,99.0,77.0,2.432461716045658,176,22.0,-101.0,0.12
07:41:31,271.0,33.0,272.81,43.0,266.0,44.0,296.91,55.0,271.91,1.8100000000000023,77.0,98.0,3.080758023608059,175,-21.0,-1.0,-0.12
07:41:32,265.14,43.0,272.0,48.0,259.02,126.0,277.89,45.0,268.57,6.860000000000014,169.0,93.0,2.171662957280144,262,76.0,87.0,0.29
07:41:33,262.0,56.0,271.03,62.0,258.0,196.0,272.8,40.0,266.52,9.029999999999973,252.0,102.0,2.348495262933947,354,150.0,92.0,0.42
07:41:34,261.12,41.0,272.0,56.0,258.19,146.0,274.0,28.0,266.56,10.879999999999995,187.0,84.0,2.553904853361572,271,103.0,-83.0,0.38
07:41:35,262.0,19.0,276.36,95.0,258.21,150.0,280.91,89.0,269.18,14.360000000000014,169.0,184.0,2.2230542053726716,353,-15.0,82.0,-0.04
07:41:36,264.22,23.0,266.0,61.0,258.37,107.0,277.0,75.0,265.11,1.7799999999999727,130.0,136.0,1.6610749531641604,266,-6.0,-87.0,-0.02
07:41:37,263.0,11.0,270.58,48.0,254.98,129.0,289.73,55.0,266.79,7.579999999999984,140.0,103.0,1.4706699153890483,243,37.0,-23.0,0.15
07:41:38,263.44,9.0,277.0,45.0,253.09,139.0,314.0,45.0,270.22,13.560000000000002,148.0,90.0,2.0793436464490798,238,58.0,-5.0,0.24
07:41:39,264.0,16.0,274.33,58.0,254.0,337.0,286.98,50.0,269.16,10.329999999999984,353.0,108.0,2.0880780636811744,461,245.0,173.5,0.53
07:41:40,264.0,9.0,271.97,33.0,254.15,182.0,272.86,28.0,267.98,7.970000000000027,191.0,61.0,1.9988171502234264,252,130.0,-174.5,0.52
07:41:41,268.06,35.0,276.73,62.0,255.57,158.0,291.82,72.0,272.39,8.670000000000016,193.0,134.0,2.1480386402535707,327,59.0,75.0,0.18
07:41:43,267.0,39.0,272.92,62.0,261.8,60.0,321.97,58.0,269.96,5.920000000000016,99.0,120.0,3.351877086054328,219,-21.0,32.0,-0.1
07:41:44,267.0,27.0,270.0,37.0,263.0,54.0,272.0,45.0,268.5,3.0,81.0,82.0,3.462770567048375,163,-1.0,-56.0,-0.01
07:41:45,267.0,36.0,269.58,48.0,263.0,72.0,278.0,48.0,268.29,2.579999999999984,108.0,96.0,3.3961051220503062,204,12.0,41.0,0.06
07:41:46,265.46,39.0,269.0,44.0,262.6,50.0,277.09,44.0,267.23,3.5400000000000205,89.0,88.0,3.6839828989858026,177,1.0,-27.0,0.01
07:41:47,263.0,35.0,266.0,28.0,261.0,28.0,269.0,28.0,264.5,3.0,63.0,56.0,2.0344851928751004,119,7.0,-58.0,0.06
07:41:48,263.0,70.0,264.57,56.0,260.48,46.0,266.64,56.0,263.79,1.5699999999999932,116.0,112.0,2.183682669261347,228,4.0,109.0,0.02
07:41:49,263.0,45.0,264.0,33.0,261.0,18.0,266.0,36.0,263.5,1.0,63.0,69.0,2.1618209916725,132,-6.0,-96.0,-0.05
07:41:50,263.0,31.0,264.0,17.0,261.0,28.0,266.0,89.0,263.5,1.0,59.0,106.0,1.5777293811168007,165,-47.0,33.0,-0.28
07:41:51,263.0,10.0,264.0,5.0,261.0,10.0,266.0,35.0,263.5,1.0,20.0,40.0,0.43338204859191776,60,-20.0,-105.0,-0.33
07:41:52,261.0,56.0,263.12,17.0,260.0,21.0,265.47,19.0,262.06,2.1200000000000045,77.0,36.0,0.6879680225441983,113,41.0,53.0,0.36
07:41:53,261.0,81.0,262.9,31.0,260.0,27.0,264.85,13.0,261.95,1.8999999999999773,108.0,44.0,0.8197682599641303,152,64.0,39.0,0.42
07:41:54,261.0,45.0,266.0,35.0,260.0,15.0,275.0,5.0,263.5,5.0,60.0,40.0,0.8197682599641303,100,20.0,-52.0,0.2
07:41:55,261.0,49.0,266.0,42.0,260.0,18.0,273.0,24.0,263.5,5.0,67.0,66.0,0.8197682599641303,133,1.0,33.0,0.01
07:41:56,261.85,20.0,266.0,76.0,260.69,29.0,272.86,42.0,263.93,4.149999999999977,49.0,118.0,0.9151885051967852,167,-69.0,34.0,-0.41
07:41:57,264.9,39.0,266.35,51.0,261.18,17.0,272.14,28.0,265.63,1.4500000000000455,56.0,79.0,1.3153212535505798,135,-23.0,-32.0,-0.17
07:41:58,266.17,35.0,272.0,24.0,266.04,23.0,273.0,32.0,269.09,5.829999999999984,58.0,56.0,2.381459636449242,114,2.0,-21.0,0.02
07:41:59,271.29,24.0,272.7,40.0,269.04,24.0,273.61,23.0,272.0,1.4099999999999682,48.0,63.0,3.632333960421461,111,-15.0,-3.0,-0.14
07:42:00,272.0,32.0,273.0,25.0,271.0,16.0,275.0,8.0,272.5,1.0,48.0,33.0,3.7958991029826965,81,15.0,-30.0,0.19
07:42:01,272.0,38.0,273.0,39.0,271.0,22.0,275.0,11.0,272.5,1.0,60.0,50.0,2.9930469425017394,110,10.0,29.0,0.09
07:42:02,272.0,39.0,273.71,31.0,271.0,26.0,313.08,13.0,272.85,1.7099999999999795,65.0,44.0,1.5383335139085157,109,21.0,-1.0,0.19
07:42:03,272.2,30.0,273.7,20.0,271.13,23.0,514.24,29.0,272.95,1.5,53.0,49.0,0.37316216315619744,102,4.0,-7.0,0.04
07:42:04,273.0,16.0,275.0,8.0,272.0,8.0,388.36,11.0,274.0,2.0,24.0,19.0,0.6158327695162535,43,5.0,-59.0,0.12
07:42:05,273.0,16.0,304.78,9.0,272.0,8.0,354.0,12.0,288.89,31.779999999999973,24.0,21.0,7.094784704273895,45,3.0,2.0,0.07
07:42:06,273.0,26.0,348.08,13.0,272.0,13.0,473.35,40.0,310.54,75.07999999999998,39.0,53.0,16.39047070708993,92,-14.0,47.0,-0.15
07:42:07,273.0,24.0,309.5,20.0,272.0,12.0,333.04,28.0,291.25,36.5,36.0,48.0,15.33611195837982,84,-12.0,-8.0,-0.14
07:42:08,272.18,28.0,274.18,17.0,269.57,37.0,277.83,30.0,273.18,2.0,65.0,47.0,15.281710310039259,112,18.0,28.0,0.16
07:42:09,269.71,35.0,272.02,41.0,265.98,49.0,273.5,12.0,270.87,2.3100000000000023,84.0,53.0,16.022803437599876,137,31.0,25.0,0.23
07:42:10,268.0,40.0,270.29,56.0,260.0,42.0,273.0,14.0,269.14,2.2900000000000205,82.0,70.0,17.763606897248554,152,12.0,15.0,0.08
07:42:11,268.0,20.0,275.0,10.0,257.0,30.0,359.0,20.0,271.5,7.0,50.0,30.0,9.094568159071825,80,20.0,-72.0,0.25
07:42:12,268.0,22.0,278.0,11.0,257.0,17.0,608.0,11.0,273.0,10.0,39.0,22.0,1.6606986481645336,61,17.0,-19.0,0.28
07:42:13,259.93,30.0,263.48,31.0,254.67,18.0,431.64,11.0,261.71,3.5500000000000114,48.0,42.0,4.433196363801557,90,6.0,29.0,0.07
07:42:14,257.0,30.0,260.0,25.0,254.0,10.0,277.6,5.0,258.5,3.0,40.0,30.0,6.340331221634376,70,10.0,-20.0,0.14
07:42:15,257.17,36.0,260.0,55.0,256.35,46.0,274.73,11.0,258.58,2.829999999999984,82.0,66.0,7.070284294145389,148,16.0,78.0,0.11
07:42:16,258.91,53.0,260.0,60.0,257.05,58.0,262.0,13.0,259.45,1.089999999999975,111.0,73.0,6.148688478045314,184,38.0,36.0,0.21
07:42:17,259.0,66.0,260.0,44.0,257.0,55.0,262.0,11.0,259.5,1.0,121.0,55.0,1.2962908624442238,176,66.0,-8.0,0.38
07:42:18,258.71,86.0,260.18,45.0,256.93,71.0,265.73,15.0,259.44,1.4700000000000273,157.0,60.0,0.5070305711275809,217,97.0,41.0,0.45
07:42:19,258.0,60.0,262.0,12.0,256.17,36.0,276.0,12.0,260.0,4.0,96.0,24.0,0.5114489222365569,120,72.0,-97.0,0.6
07:42:20,258.55,55.0,263.27,11.0,252.0,11.0,276.29,14.0,260.91,4.71999999999997,66.0,25.0,0.6317040446722946,91,41.0,-29.0,0.45
07:42:21,259.17,30.0,276.0,24.0,251.33,6.0,277.0,24.0,267.58,16.829999999999984,36.0,48.0,3.4571346517093584,84,-12.0,-7.0,-0.14
07:42:22,273.0,69.0,276.0,52.0,260.32,41.0,277.0,52.0,274.5,3.0,110.0,104.0,6.485119890953364,214,6.0,130.0,0.03
07:42:23,273.0,49.0,276.0,28.0,271.0,35.0,277.0,28.0,274.5,3.0,84.0,56.0,7.030015647210774,140,28.0,-74.0,0.2
07:42:24,273.0,38.0,276.0,24.0,271.0,30.0,277.0,24.0,274.5,3.0,68.0,48.0,6.091848652093888,116,20.0,-24.0,0.17
07:42:25,273.0,40.0,276.0,32.0,271.0,40.0,277.0,32.0,274.5,3.0,80.0,64.0,3.094718080861129,144,16.0,28.0,0.11
07:42:26,273.0,45.0,276.0,36.0,271.0,45.0,277.0,36.0,274.5,3.0,90.0,72.0,0.0,162,18.0,18.0,0.11
07:42:27,273.0,50.0,276.0,40.0,271.0,50.0,277.1,21.0,274.5,3.0,100.0,61.0,0.0,161,39.0,-1.0,0.24
07:42:28,273.0,30.0,276.0,24.0,271.38,24.0,277.0,12.0,274.5,3.0,54.0,36.0,0.0,90,18.0,-71.0,0.2
07:42:29,272.92,71.0,276.16,51.0,271.8,49.0,277.31,26.0,274.54,3.240000000000009,120.0,77.0,0.01788854392731213,197,43.0,107.0,0.22
07:42:30,272.64,33.0,276.0,66.0,271.51,41.0,278.64,22.0,274.32,3.3600000000000136,74.0,88.0,0.08671793357758309,162,-14.0,-35.0,-0.09
07:42:31,274.0,12.0,276.0,72.0,273.0,36.0,280.0,24.0,275.0,2.0,48.0,96.0,0.2540078739008337,144,-48.0,-18.0,-0.33
07:42:32,274.0,12.0,276.0,72.0,273.0,36.0,280.0,24.0,275.0,2.0,48.0,96.0,0.3106766808166891,144,-48.0,0.0,-0.33
07:42:33,271.09,33.0,276.0,42.0,258.87,61.0,280.0,14.0,273.55,4.910000000000025,94.0,56.0,0.5989323834991139,150,38.0,6.0,0.25
07:42:34,271.0,15.0,276.0,30.0,258.0,55.0,280.0,10.0,273.5,5.0,70.0,40.0,0.7381598742851343,110,30.0,-40.0,0.27
07:42:35,271.0,24.0,276.0,48.0,265.8,60.0,280.0,16.0,273.5,5.0,84.0,64.0,0.8127115109343571,148,20.0,38.0,0.14
07:42:36,271.0,15.0,276.0,30.0,268.0,40.0,280.0,10.0,273.5,5.0,55.0,40.0,0.665582451696446,95,15.0,-53.0,0.16
07:42:37,271.0,30.0,276.0,60.0,268.0,135.0,280.0,20.0,273.5,5.0,165.0,80.0,0.022360679938473585,245,85.0,150.0,0.35
07:42:38,269.15,106.0,273.66,32.0,262.66,82.0,275.06,48.0,271.4,4.510000000000048,188.0,80.0,0.9391485505546208,268,108.0,23.0,0.4
07:42:39,270.0,182.0,273.86,42.0,268.0,84.0,275.07,27.0,271.93,3.8600000000000136,266.0,69.0,1.0223893583219312,335,197.0,67.0,0.59
07:42:40,270.0,117.0,273.89,27.0,268.0,54.0,275.0,18.0,271.94,3.8899999999999864,171.0,45.0,0.979530499786001,216,126.0,-119.0,0.58
07:42:41,270.0,116.0,272.81,48.0,268.0,66.0,274.1,31.0,271.41,2.8100000000000023,182.0,79.0,0.8602499636805752,261,103.0,45.0,0.39
07:42:42,270.44,142.0,274.65,40.0,269.35,148.0,278.3,67.0,272.54,4.2099999999999795,290.0,107.0,0.4707759552197825,397,183.0,136.0,0.46
07:42:43,271.63,95.0,275.68,19.0,270.0,190.0,278.0,38.0,273.66,4.050000000000011,285.0,57.0,0.8610632961702536,342,228.0,-55.0,0.67
07:42:44,272.15,54.0,277.0,12.0,270.0,120.0,280.48,27.0,274.57,4.850000000000023,174.0,39.0,1.285390991103398,213,135.0,-129.0,0.63
07:42:45,273.0,40.0,281.0,10.0,270.0,100.0,282.0,20.0,277.0,8.0,140.0,30.0,2.1298896685054585,170,110.0,-43.0,0.65
07:42:46,273.64,44.0,282.0,33.0,270.0,110.0,283.0,44.0,277.82,8.360000000000014,154.0,77.0,2.2313045511543113,231,77.0,61.0,0.33
07:42:53,271.48,101.0,278.39,23.0,270.0,66.0,281.29,49.0,274.93,6.909999999999968,167.0,72.0,1.2529046252592169,239,95.0,-1.0,0.4
07:42:54,273.5,48.0,279.0,27.0,272.47,57.0,286.0,36.0,276.25,5.5,105.0,63.0,1.2261606746250029,168,42.0,-71.0,0.25
07:42:55,273.46,91.0,278.46,39.0,272.2,69.0,288.25,40.0,275.96,5.0,160.0,79.0,0.8547923724498332,239,81.0,71.0,0.34
07:42:57,273.65,23.0,276.91,33.0,272.54,65.0,286.0,55.0,275.28,3.2600000000000477,88.0,88.0,0.6941685674242131,176,0.0,-16.0,0.0
07:42:58,273.59,51.0,278.07,29.0,272.3,50.0,285.92,48.0,275.83,4.480000000000018,101.0,77.0,0.49876848336596175,178,24.0,2.0,0.13
07:42:59,274.39,54.0,283.11,36.0,272.68,62.0,285.0,18.0,278.75,8.720000000000027,116.0,54.0,1.3513955749511206,170,62.0,-8.0,0.36
07:43:07,273.75,16.0,291.0,65.0,272.15,59.0,292.0,26.0,282.38,17.25,75.0,91.0,3.4881270045669526,166,-16.0,106.0,-0.1
07:43:08,272.57,28.0,289.15,59.0,271.93,86.0,289.62,53.0,280.86,16.579999999999984,114.0,112.0,3.1777696581071067,226,2.0,60.0,0.01
07:43:09,272.32,80.0,282.79,86.0,270.68,38.0,285.23,22.0,277.56,10.470000000000027,118.0,108.0,2.61896544459543,226,10.0,0.0,0.04
07:43:10,273.05,95.0,281.85,165.0,271.0,38.0,283.08,39.0,277.45,8.800000000000011,133.0,204.0,2.6242903802713973,337,-71.0,111.0,-0.21
07:43:11,274.0,80.0,279.06,80.0,271.03,31.0,280.64,81.0,276.53,5.060000000000002,111.0,161.0,2.522465064176138,272,-50.0,-65.0,-0.18
07:43:12,274.0,80.0,276.38,80.0,272.0,16.0,278.62,80.0,275.19,2.3799999999999955,96.0,160.0,2.0958936041683387,256,-64.0,-16.0,-0.25
07:43:13,273.94,67.0,275.33,75.0,271.76,17.0,279.77,87.0,274.64,1.3899999999999864,84.0,162.0,1.3178884626544454,246,-78.0,-10.0,-0.32
07:43:14,272.81,27.0,275.19,80.0,271.52,21.0,285.0,128.0,274.0,2.3799999999999955,48.0,208.0,1.4080021306801842,256,-160.0,10.0,-0.62
07:43:15,273.93,27.0,275.0,68.0,271.93,14.0,284.85,54.0,274.46,1.0699999999999932,41.0,122.0,0.9736169678070706,163,-81.0,-93.0,-0.5
07:43:16,272.0,10.0,274.9,30.0,271.0,10.0,283.0,10.0,273.45,2.8999999999999773,20.0,40.0,0.6584603253073074,60,-20.0,-103.0,-0.33
07:43:17,272.0,8.0,274.0,24.0,271.0,8.0,283.0,8.0,273.0,2.0,16.0,32.0,0.6861486719401223,48,-16.0,-12.0,-0.33
07:43:18,271.73,11.0,276.18,11.0,269.94,17.0,283.53,17.0,273.95,4.449999999999989,28.0,28.0,0.560508697528985,56,0.0,8.0,0.0
07:43:19,271.0,8.0,283.0,8.0,269.0,24.0,284.0,24.0,277.0,12.0,32.0,32.0,1.56721727913001,64,0.0,8.0,0.0
07:43:20,269.74,19.0,283.0,9.0,268.31,52.0,284.0,47.0,276.37,13.259999999999991,71.0,56.0,1.8082671262848322,127,15.0,63.0,0.12
07:43:21,269.5,48.0,283.88,51.0,267.53,57.0,284.57,49.0,276.69,14.379999999999995,105.0,100.0,1.8046800270408814,205,5.0,78.0,0.02
07:43:22,269.49,41.0,284.0,33.0,267.52,46.0,286.39,31.0,276.74,14.509999999999991,87.0,64.0,1.250059998559201,151,23.0,-54.0,0.15
07:43:23,269.92,118.0,283.79,73.0,266.22,54.0,285.0,61.0,276.86,13.870000000000005,172.0,134.0,0.23509572517562824,306,38.0,155.0,0.12
07:43:24,273.0,171.0,280.04,47.0,269.0,114.0,280.65,110.0,276.52,7.0400000000000205,285.0,157.0,0.1924318060929014,442,128.0,136.0,0.29
07:43:25,273.0,144.0,278.44,16.0,271.1,40.0,280.0,80.0,275.72,5.439999999999998,184.0,96.0,0.4560482430583436,280,88.0,-162.0,0.31
07:43:26,273.0,108.0,277.33,12.0,272.0,24.0,280.0,60.0,275.17,4.329999999999984,132.0,72.0,0.7281620698701776,204,60.0,-76.0,0.29
07:43:27,273.0,112.0,275.08,37.0,272.0,26.0,279.4,42.0,274.04,2.079999999999984,138.0,79.0,1.1233521264498623,217,59.0,13.0,0.27
07:43:28,273.0,48.0,282.6,50.0,272.0,24.0,284.59,61.0,277.8,9.600000000000023,72.0,111.0,1.4148144754697736,183,-39.0,-34.0,-0.21
07:43:29,273.0,40.0,281.0,50.0,272.0,20.0,285.0,60.0,277.0,8.0,60.0,110.0,1.4861292003047708,170,-50.0,-13.0,-0.29
07:43:30,273.0,24.0,281.0,30.0,272.0,12.0,285.0,36.0,277.0,8.0,36.0,66.0,1.5464863400617737,102,-30.0,-68.0,-0.29
07:43:31,273.67,72.0,280.58,83.0,272.76,58.0,284.33,105.0,277.12,6.909999999999968,130.0,188.0,1.4648959007371145,318,-58.0,173.5,-0.18
07:43:37,273.0,40.0,282.24,34.0,272.0,20.0,284.4,10.0,277.62,9.240000000000009,60.0,44.0,0.46227697324827177,104,16.0,-46.0,0.15
07:43:38,273.27,55.0,281.19,27.0,272.5,40.0,283.24,17.0,277.23,7.920000000000016,95.0,44.0,0.49369018624576805,139,51.0,35.0,0.37
07:43:39,273.59,34.0,282.15,27.0,272.74,76.0,283.57,35.0,277.87,8.560000000000002,110.0,62.0,0.6305790989199291,172,48.0,33.0,0.28
07:43:42,269.35,17.0,279.36,11.0,266.63,57.0,283.29,28.0,274.36,10.009999999999991,74.0,39.0,1.7737333508715882,113,35.0,-39.0,0.31
07:43:44,266.33,51.0,270.01,71.0,265.37,51.0,278.48,23.0,268.17,3.680000000000007,102.0,94.0,4.442675995388368,196,8.0,88.0,0.04
07:43:45,267.0,20.0,270.0,50.0,265.56,36.0,281.0,20.0,268.5,3.0,56.0,70.0,4.827066396892277,126,-14.0,-70.0,-0.11
07:43:46,267.0,14.0,269.88,34.0,264.0,28.0,277.76,17.0,268.44,2.8799999999999955,42.0,51.0,4.338815506565453,93,-9.0,-33.0,-0.1
07:43:47,264.46,52.0,268.14,59.0,261.31,49.0,272.0,48.0,266.3,3.680000000000007,101.0,107.0,4.469664416935336,208,-6.0,115.0,-0.03
07:43:48,264.0,44.0,267.45,44.0,260.0,33.0,278.82,22.0,265.73,3.4499999999999886,77.0,66.0,1.3114381418981864,143,11.0,-65.0,0.08
07:43:49,264.0,36.0,266.41,39.0,260.0,35.0,270.71,28.0,265.21,2.410000000000025,71.0,67.0,1.5407887590540095,138,4.0,-5.0,0.03
07:43:50,264.0,44.0,265.36,44.0,260.0,44.0,267.0,44.0,264.68,1.3600000000000136,88.0,88.0,1.454052956404779,176,0.0,38.0,0.0
07:43:51,262.8,40.0,265.92,52.0,240.8,70.0,268.15,34.0,264.36,3.1200000000000045,110.0,86.0,0.7828345930220018,196,24.0,20.0,0.12
07:43:54,260.0,6.0,266.0,12.0,218.0,12.0,267.0,36.0,263.0,6.0,18.0,48.0,16.407255102547467,66,-30.0,-36.0,-0.45
07:43:55,260.0,6.0,265.33,9.0,245.0,12.0,266.89,36.0,262.67,5.329999999999984,18.0,45.0,16.06814332771746,63,-27.0,-3.0,-0.43
07:43:56,260.0,11.0,264.0,11.0,249.5,16.0,267.0,76.0,262.0,4.0,27.0,87.0,15.662797642824621,114,-60.0,51.0,-0.53
07:43:57,260.0,11.0,264.45,40.0,202.29,17.0,267.04,71.0,262.23,4.449999999999989,28.0,111.0,15.619259585526525,139,-83.0,25.0,-0.6
07:43:58,260.0,8.0,267.0,49.0,214.65,23.0,268.0,40.0,263.5,7.0,31.0,89.0,0.5999583319202764,120,-58.0,-19.0,-0.48
07:43:59,260.0,5.0,267.0,30.0,215.0,45.0,268.0,14.0,263.5,7.0,50.0,44.0,0.6999642848319158,94,6.0,-26.0,0.06
07:44:00,262.68,28.0,267.1,77.0,240.04,52.0,268.31,52.0,264.89,4.420000000000016,80.0,129.0,1.1634130822880033,209,-49.0,115.0,-0.23
07:44:01,263.0,16.0,268.0,30.0,250.32,41.0,272.0,20.0,265.5,5.0,57.0,50.0,1.2890034910878627,107,7.0,-102.0,0.07
07:44:02,260.0,44.0,262.56,36.0,234.0,22.0,267.88,16.0,261.28,2.5600000000000023,66.0,52.0,1.6268620101401785,118,14.0,11.0,0.12
07:44:03,260.13,55.0,263.0,55.0,176.47,43.0,265.0,11.0,261.56,2.8700000000000045,98.0,66.0,1.9043056477463256,164,32.0,46.0,0.2
07:44:04,261.11,38.0,263.26,23.0,259.27,22.0,267.4,10.0,262.18,2.1499999999999773,60.0,33.0,1.9680497961279835,93,27.0,-71.0,0.29
07:44:05,259.79,29.0,265.0,11.0,257.59,17.0,269.0,22.0,262.4,5.2099999999999795,46.0,33.0,1.6918274143780279,79,13.0,-14.0,0.16
07:44:06,259.5,24.0,268.0,16.0,258.67,18.0,272.18,22.0,263.75,8.5,42.0,38.0,0.9608746016219756,80,4.0,1.0,0.05
07:44:07,261.08,24.0,266.45,47.0,260.0,24.0,272.32,34.0,263.77,5.3700000000000045,48.0,81.0,0.9877094714745634,129,-33.0,49.0,-0.26
07:44:08,262.62,24.0,266.0,42.0,258.46,28.0,270.0,36.0,264.31,3.3799999999999955,52.0,78.0,0.9362531709098971,130,-26.0,1.0,-0.2
07:44:09,258.82,22.0,266.0,27.0,254.97,31.0,270.0,27.0,262.41,7.180000000000007,53.0,54.0,0.8720206419796979,107,-1.0,-23.0,-0.01
07:44:10,258.0,12.0,265.43,35.0,256.74,31.0,268.0,30.0,261.71,7.430000000000007,43.0,65.0,1.0843431191459296,108,-22.0,1.0,-0.2
07:44:11,260.03,35.0,265.0,44.0,259.11,27.0,266.0,33.0,262.51,4.970000000000027,62.0,77.0,1.0658893000869731,139,-15.0,31.0,-0.11
07:44:12,262.43,14.0,265.12,50.0,260.0,70.0,267.07,42.0,263.77,2.6899999999999977,84.0,92.0,1.0658893000869731,176,-8.0,37.0,-0.05
07:44:13,264.78,32.0,266.0,24.0,260.5,40.0,270.92,36.0,265.39,1.2200000000000273,72.0,60.0,1.4519366377494567,132,12.0,-44.0,0.09
07:44:14,265.45,55.0,270.0,33.0,264.0,11.0,271.0,33.0,267.73,4.550000000000011,66.0,66.0,2.4039384351592568,132,0.0,0.0,0.0
07:44:15,267.5,66.0,269.95,42.0,264.17,24.0,271.28,47.0,268.73,2.4499999999999886,90.0,89.0,2.611107044920142,179,1.0,47.0,0.01
07:44:16,268.58,36.0,270.0,24.0,257.83,12.0,276.0,36.0,269.29,1.420000000000016,48.0,60.0,2.3341636617913855,108,-12.0,-71.0,-0.11
07:44:17,269.0,18.0,270.0,12.0,257.0,6.0,276.0,18.0,269.5,1.0,24.0,30.0,1.6770569459692315,54,-6.0,-54.0,-0.11
07:44:18,269.0,27.0,272.57,21.0,258.59,17.0,357.54,26.0,270.79,3.569999999999993,44.0,47.0,1.1188923093936192,91,-3.0,37.0,-0.03
07:44:19,269.0,32.0,273.85,39.0,259.08,39.0,298.5,36.0,271.42,4.850000000000023,71.0,75.0,1.1172421402801955,146,-4.0,55.0,-0.03
07:44:20,271.0,16.0,273.75,48.0,269.0,32.0,307.74,38.0,272.38,2.75,48.0,86.0,1.3013569840806722,134,-38.0,-12.0,-0.28
07:44:21,269.92,13.0,272.62,39.0,267.11,27.0,274.0,39.0,271.27,2.6999999999999886,40.0,78.0,1.0514133345237116,118,-38.0,-16.0,-0.32
07:44:22,255.8,20.0,274.14,29.0,253.74,31.0,383.47,15.0,264.97,18.339999999999975,51.0,44.0,2.961457411481235,95,7.0,-23.0,0.07
07:44:23,255.0,52.0,267.18,22.0,254.0,13.0,273.09,22.0,261.09,12.180000000000007,65.0,44.0,4.955989305882689,109,21.0,14.0,0.19
07:44:24,255.0,36.0,268.5,12.0,253.18,44.0,270.71,21.0,261.75,13.5,80.0,33.0,5.274525571085021,113,47.0,4.0,0.42
07:44:25,255.0,32.0,266.0,8.0,254.0,40.0,268.57,14.0,260.5,11.0,72.0,22.0,4.45923536046678,94,50.0,-19.0,0.53
07:44:26,255.0,24.0,264.0,6.0,254.0,30.0,268.0,18.0,259.5,9.0,54.0,24.0,2.0767932010782295,78,30.0,-16.0,0.38
07:44:27,255.0,44.0,271.78,27.0,254.0,55.0,280.68,37.0,263.39,16.779999999999973,99.0,64.0,1.4560322798776495,163,35.0,85.0,0.21
07:44:28,255.67,60.0,272.7,57.0,253.86,71.0,305.56,64.0,264.18,17.03,131.0,121.0,1.9464403407358266,252,10.0,89.0,0.04
07:44:29,256.44,54.0,264.71,70.0,254.69,77.0,425.46,65.0,260.58,8.269999999999982,131.0,135.0,2.032018700712302,266,-4.0,14.0,-0.02
07:44:30,256.0,116.0,259.0,55.0,255.0,44.0,266.82,55.0,257.5,3.0,160.0,110.0,2.7611772851532628,270,50.0,4.0,0.19
07:44:31,257.21,100.0,260.36,66.0,256.69,143.0,266.5,70.0,258.79,3.150000000000034,243.0,136.0,2.8754251859588957,379,107.0,109.0,0.28
07:44:32,259.87,126.0,265.0,70.0,257.91,88.0,271.5,70.0,262.44,5.1299999999999955,214.0,140.0,2.6944609850668364,354,74.0,-25.0,0.21
07:44:33,260.2,82.0,265.0,88.0,259.65,68.0,271.0,50.0,262.6,4.800000000000011,150.0,138.0,2.237994638074084,288,12.0,-66.0,0.04
07:44:34,261.0,32.0,265.0,88.0,260.0,88.0,271.0,40.0,263.0,4.0,120.0,128.0,2.533669275980365,248,-8.0,-40.0,-0.03
07:44:35,261.7,79.0,265.0,121.0,260.23,86.0,267.0,22.0,263.35,3.3000000000000114,165.0,143.0,1.8488996727900702,308,22.0,60.0,0.07
07:44:36,262.91,121.0,265.0,120.0,261.0,44.0,267.0,22.0,263.95,2.089999999999975,165.0,142.0,0.6073466885066885,307,23.0,-1.0,0.07
07:44:37,263.62,58.0,265.0,110.0,262.85,107.0,267.0,22.0,264.31,1.3799999999999955,165.0,132.0,0.693592099175643,297,33.0,-10.0,0.11
07:44:38,264.0,28.0,266.09,22.0,256.64,39.0,267.75,8.0,265.05,2.089999999999975,67.0,30.0,0.8063001922592798,97,37.0,-174.5,0.38
07:44:39,264.12,32.0,267.0,22.0,256.03,79.0,268.0,11.0,265.56,2.8799999999999955,111.0,33.0,0.8762876240343384,144,78.0,47.0,0.54
07:44:40,266.0,9.0,267.0,18.0,264.0,36.0,268.0,9.0,266.5,1.0,45.0,27.0,1.0145590175212964,72,18.0,-72.0,0.25
07:44:41,264.12,49.0,267.0,26.0,256.79,56.0,268.0,13.0,265.56,2.8799999999999955,105.0,39.0,0.8018291588815815,144,66.0,72.0,0.46
07:44:42,266.12,32.0,267.36,22.0,261.19,57.0,270.55,47.0,266.74,1.240000000000009,89.0,69.0,0.7102253163828972,158,20.0,14.0,0.13
07:44:43,258.08,73.0,270.21,97.0,254.92,77.0,273.93,112.0,264.14,12.129999999999995,150.0,209.0,1.0240117186984679,359,-59.0,173.5,-0.16
07:44:44,258.75,20.0,268.4,80.0,256.56,162.0,275.89,93.0,263.57,9.649999999999977,182.0,173.0,1.4070963009094535,355,9.0,-4.0,0.03
07:44:45,260.12,16.0,262.0,48.0,254.17,123.0,266.0,48.0,261.06,1.8799999999999955,139.0,96.0,2.154084492316051,235,43.0,-120.0,0.18
07:44:46,261.0,14.0,262.0,38.0,253.0,102.0,266.0,42.0,261.5,1.0,116.0,80.0,2.2813197934614524,196,36.0,-39.0,0.18
07:44:47,256.19,16.0,262.0,11.0,252.18,45.0,266.0,18.0,259.09,5.810000000000002,61.0,29.0,2.034961916116296,90,32.0,-106.0,0.36
07:44:48,254.0,77.0,260.32,19.0,251.0,56.0,264.77,13.0,257.16,6.319999999999993,133.0,32.0,2.4433235561521487,165,101.0,75.0,0.61
07:44:49,254.15,39.0,260.0,14.0,252.74,57.0,262.0,6.0,257.08,5.849999999999994,96.0,20.0,2.0865809354185347,116,76.0,-49.0,0.66
07:44:50,255.5,32.0,260.0,32.0,252.29,77.0,262.0,16.0,257.75,4.5,109.0,48.0,1.852115007242845,157,61.0,41.0,0.39
07:44:51,256.71,14.0,260.0,14.0,250.14,65.0,262.0,7.0,258.36,3.2900000000000205,79.0,21.0,0.8469769772881378,100,58.0,-57.0,0.58
07:44:52,257.17,12.0,260.0,12.0,250.0,84.0,262.0,6.0,258.58,2.829999999999984,96.0,18.0,0.6803528496717596,114,78.0,14.0,0.68
07:44:53,259.0,22.0,260.0,22.0,250.0,77.0,262.0,11.0,259.5,1.0,99.0,33.0,0.9086143296553004,132,66.0,18.0,0.5
07:44:54,251.64,11.0,261.2,5.0,248.17,36.0,265.79,19.0,256.42,9.560000000000002,47.0,24.0,1.1402280473902406,71,23.0,-61.0,0.32
07:44:55,256.69,16.0,262.0,7.0,248.36,72.0,265.6,30.0,259.34,5.310000000000002,88.0,37.0,1.2288205727665495,125,51.0,54.0,0.41
07:44:56,259.2,30.0,262.0,10.0,253.38,24.0,264.0,20.0,260.6,2.8000000000000114,54.0,30.0,1.5568943445375105,84,24.0,-41.0,0.29
07:44:57,261.8,46.0,263.85,26.0,258.95,22.0,265.89,76.0,262.83,2.0500000000000114,68.0,102.0,2.3198965494284627,170,-34.0,86.0,-0.2
07:44:58,262.73,11.0,264.0,17.0,260.78,27.0,266.0,54.0,263.36,1.2699999999999818,38.0,71.0,2.811138559382589,109,-33.0,-61.0,-0.3
07:44:59,255.73,66.0,265.81,53.0,251.52,31.0,266.7,46.0,260.77,10.080000000000013,97.0,99.0,1.6707034446737816,196,-2.0,87.0,-0.01
07:45:00,254.0,132.0,266.0,17.0,253.0,24.0,268.0,24.0,260.0,12.0,156.0,41.0,1.4849814813809574,197,115.0,1.0,0.58
07:45:01,256.81,101.0,268.1,20.0,254.28,86.0,270.41,61.0,262.46,11.29000000000002,187.0,81.0,1.4314083973636567,268,106.0,71.0,0.4
07:45:02,257.01,145.0,270.56,54.0,253.25,44.0,284.33,66.0,263.78,13.550000000000011,189.0,120.0,1.636697895166538,309,69.0,41.0,0.22
07:45:03,259.24,80.0,270.36,59.0,257.33,98.0,273.76,74.0,264.8,11.120000000000005,178.0,133.0,2.004849121515547,311,45.0,2.0,0.14
07:45:04,260.27,75.0,267.94,34.0,259.67,165.0,270.27,75.0,264.1,7.670000000000016,240.0,109.0,1.89381097262624,349,131.0,38.0,0.38
07:45:05,262.51,39.0,265.0,15.0,260.04,156.0,269.66,53.0,263.76,2.490000000000009,195.0,68.0,0.8493526947253289,263,127.0,-86.0,0.48
07:45:06,264.15,97.0,268.0,51.0,259.87,163.0,271.0,34.0,266.08,3.8500000000000227,260.0,85.0,0.976258162595799,345,175.0,82.0,0.51
07:45:07,267.94,32.0,270.25,24.0,262.06,82.0,271.92,49.0,269.09,2.3100000000000023,114.0,73.0,2.1610367882180093,187,41.0,-158.0,0.22
07:45:08,269.67,15.0,271.0,30.0,268.0,120.0,297.25,53.0,270.33,1.329999999999984,135.0,83.0,2.9441925888141567,218,52.0,31.0,0.24
07:45:09,268.22,54.0,318.89,45.0,259.32,114.0,354.18,55.0,293.56,50.66999999999996,168.0,100.0,12.015033499745654,268,68.0,50.0,0.25
07:45:10,268.17,96.0,288.57,46.0,254.12,92.0,504.1,31.0,278.37,20.399999999999977,188.0,77.0,11.078728717682429,265,111.0,-3.0,0.42
07:45:11,270.38,79.0,272.0,56.0,258.07,136.0,477.0,42.0,271.19,1.6200000000000045,215.0,98.0,10.194524020276674,313,117.0,48.0,0.37
07:45:12,271.0,55.0,272.0,44.0,270.0,66.0,397.38,53.0,271.5,1.0,121.0,97.0,9.80567437762424,218,24.0,-95.0,0.11
07:45:13,272.37,79.0,440.0,26.0,264.04,75.0,562.21,43.0,356.18,167.63,154.0,69.0,35.83734434915542,223,85.0,5.0,0.38
07:45:14,274.26,38.0,457.25,20.0,273.96,142.0,493.54,24.0,365.76,182.99,180.0,44.0,48.01274049666293,224,136.0,1.0,0.61
07:45:23,274.0,45.0,290.89,9.0,273.0,108.0,292.94,33.0,282.44,16.889999999999986,153.0,42.0,2.695366394382839,195,111.0,-113.0,0.57
07:45:24,273.26,39.0,287.73,11.0,272.87,69.0,288.46,13.0,280.49,14.470000000000027,108.0,24.0,2.5983417788993197,132,84.0,-63.0,0.64
07:45:25,273.95,63.0,285.15,26.0,272.63,57.0,286.05,38.0,279.55,11.199999999999989,120.0,64.0,2.1236807669653905,184,56.0,52.0,0.3
07:45:26,273.39,82.0,279.14,29.0,271.97,93.0,280.81,36.0,276.26,5.75,175.0,65.0,2.847688536336831,240,110.0,56.0,0.46
07:45:27,272.53,76.0,275.37,19.0,271.66,82.0,276.65,17.0,273.95,2.840000000000032,158.0,36.0,3.402171365465092,194,122.0,-46.0,0.63
07:45:28,273.0,42.0,274.32,37.0,272.0,45.0,340.94,69.0,273.66,1.3199999999999932,87.0,106.0,3.140488815454751,193,-19.0,-1.0,-0.1
07:45:31,272.0,55.0,414.46,37.0,270.0,67.0,491.69,29.0,343.23,142.45999999999998,122.0,66.0,55.94308509547728,188,56.0,52.0,0.3
07:45:32,272.0,65.0,398.32,37.0,270.0,91.0,464.14,56.0,335.16,126.32,156.0,93.0,45.845288198459066,249,63.0,61.0,0.25
07:45:33,269.81,43.0,348.17,48.0,265.95,19.0,456.07,46.0,308.99,78.36000000000001,62.0,94.0,33.23075728898978,156,-32.0,-93.0,-0.21
07:45:34,266.0,22.0,271.33,43.0,265.0,11.0,358.15,33.0,268.66,5.329999999999984,33.0,76.0,45.055509651981716,109,-43.0,-47.0,-0.39
07:45:35,266.0,16.0,271.38,16.0,265.0,8.0,273.75,40.0,268.69,5.3799999999999955,24.0,56.0,35.447410765807646,80,-32.0,-29.0,-0.4
07:45:36,267.19,21.0,270.28,25.0,265.92,24.0,275.0,65.0,268.74,3.089999999999975,45.0,90.0,30.665670871512702,135,-45.0,55.0,-0.33
07:45:37,265.33,12.0,269.0,10.0,263.22,18.0,273.2,50.0,267.17,3.670000000000016,30.0,60.0,18.20244351728593,90,-30.0,-45.0,-0.33
07:45:38,269.09,79.0,272.9,41.0,268.36,53.0,344.11,45.0,271.0,3.8100000000000023,132.0,86.0,1.3710105761837952,218,46.0,128.0,0.21
07:45:39,271.14,63.0,273.0,35.0,270.0,56.0,353.0,35.0,272.07,1.8600000000000136,119.0,70.0,1.9692460486200731,189,49.0,-29.0,0.26
07:45:40,272.0,144.0,273.0,80.0,268.75,128.0,443.5,48.0,272.5,1.0,272.0,128.0,2.2744955484686074,400,144.0,173.5,0.36
07:45:41,272.44,72.0,433.62,40.0,267.2,40.0,562.69,32.0,353.03,161.18,112.0,72.0,36.885722576627835,184,40.0,-174.5,0.22
07:45:47,273.67,27.0,276.08,13.0,272.61,62.0,676.44,16.0,274.87,2.409999999999968,89.0,29.0,7.615117858573956,118,60.0,17.0,0.51
07:46:12,273.0,42.0,328.59,27.0,272.0,66.0,405.12,25.0,300.8,55.589999999999975,108.0,52.0,49.80447540131122,160,56.0,-53.0,0.35
07:46:13,273.0,42.0,332.44,27.0,272.0,72.0,358.13,15.0,302.72,59.44,114.0,42.0,51.91613939806987,156,72.0,-4.0,0.46
07:46:14,273.0,55.0,321.41,29.0,272.0,66.0,326.45,38.0,297.21,48.410000000000025,121.0,67.0,28.387396323014315,188,54.0,32.0,0.29
07:46:15,272.6,45.0,282.25,32.0,271.5,72.0,310.02,41.0,277.43,9.649999999999977,117.0,73.0,10.506808744806094,190,44.0,2.0,0.23
07:46:16,272.0,61.0,273.29,28.0,271.0,144.0,284.0,50.0,272.64,1.2900000000000205,205.0,78.0,14.050524901225215,283,127.0,93.0,0.45
07:46:17,272.0,27.0,273.0,18.0,271.0,108.0,274.0,36.0,272.5,1.0,135.0,54.0,14.388858537075315,189,81.0,-94.0,0.43
07:46:18,274.12,17.0,380.78,27.0,271.07,88.0,425.94,31.0,327.45,106.65999999999997,105.0,58.0,23.550883847532155,163,47.0,-26.0,0.29
07:46:26,273.0,14.0,419.0,16.0,271.81,42.0,420.0,24.0,346.0,146.0,56.0,40.0,33.05746163878669,96,16.0,28.0,0.17
07:46:27,272.0,33.0,413.79,29.0,271.0,130.0,439.3,50.0,342.9,141.79000000000002,163.0,79.0,23.31124363906451,242,84.0,146.0,0.35
07:46:28,272.0,18.0,409.22,18.0,271.0,90.0,412.0,45.0,340.61,137.22000000000003,108.0,63.0,10.71768305184507,171,45.0,-71.0,0.26
07:46:29,272.72,39.0,377.6,25.0,271.04,94.0,390.0,25.0,325.16,104.88,133.0,50.0,8.031993525882983,183,83.0,12.0,0.45
07:46:44,273.0,8.0,286.97,29.0,272.0,48.0,287.78,18.0,279.98,13.970000000000027,56.0,47.0,20.409481375084383,103,9.0,-12.0,0.09
07:46:45,273.0,11.0,284.76,17.0,272.0,66.0,286.44,32.0,278.88,11.759999999999991,77.0,49.0,17.538674408288053,126,28.0,23.0,0.22
07:46:46,272.7,20.0,279.97,35.0,271.97,87.0,282.41,27.0,276.34,7.270000000000039,107.0,62.0,8.247733021864875,169,45.0,43.0,0.27
07:46:47,272.0,82.0,274.03,31.0,271.0,45.0,276.04,24.0,273.02,2.0299999999999727,127.0,55.0,3.7264030914505653,182,72.0,13.0,0.4
07:46:48,272.0,30.0,273.07,29.0,271.0,33.0,343.54,13.0,272.53,1.0699999999999932,63.0,42.0,3.3563074948486573,105,21.0,-77.0,0.2
07:46:49,271.36,28.0,290.71,28.0,270.5,48.0,403.26,23.0,281.04,19.349999999999966,76.0,51.0,3.6768763917184923,127,25.0,22.0,0.2
07:46:50,271.0,36.0,334.0,24.0,270.0,48.0,367.42,60.0,302.5,63.0,84.0,84.0,12.44338699872209,168,0.0,41.0,0.0
07:46:51,271.0,45.0,289.33,33.0,270.0,60.0,332.67,45.0,280.17,18.329999999999984,105.0,78.0,12.193566746443146,183,27.0,15.0,0.15
07:46:52,271.27,33.0,321.97,31.0,270.07,43.0,344.71,14.0,296.62,50.700000000000045,76.0,45.0,12.48428892648487,121,31.0,-62.0,0.26
07:46:54,272.11,19.0,278.0,75.0,269.3,47.0,297.0,18.0,275.05,5.889999999999986,66.0,93.0,11.381315829021975,159,-27.0,26.0,-0.17
07:46:55,271.0,45.0,277.39,62.0,269.0,72.0,279.84,88.0,274.19,6.389999999999986,117.0,150.0,10.028620044650209,267,-33.0,108.0,-0.12
07:46:56,271.0,21.0,276.0,14.0,270.0,21.0,279.0,35.0,273.5,5.0,42.0,49.0,10.975874908177627,91,-7.0,-174.5,-0.08
07:46:57,271.0,31.0,274.08,26.0,270.0,39.0,279.0,65.0,272.54,3.079999999999984,70.0,91.0,7.875764724772767,161,-21.0,70.0,-0.13
07:46:58,271.0,10.0,280.2,50.0,270.0,30.0,306.07,14.0,275.6,9.199999999999989,40.0,64.0,1.2170990099342451,104,-24.0,-57.0,-0.23
07:46:59,271.0,5.0,281.0,25.0,270.0,15.0,290.0,25.0,276.0,10.0,20.0,50.0,1.4411731332433453,70,-30.0,-34.0,-0.43
07:47:00,272.31,26.0,281.0,60.0,270.25,24.0,318.42,60.0,276.65,8.689999999999998,50.0,120.0,1.752375530524539,170,-70.0,100.0,-0.41
07:47:06,271.78,54.0,280.43,70.0,270.47,34.0,357.38,29.0,276.1,8.650000000000034,88.0,99.0,1.670005988004361,187,-11.0,120.0,-0.06
07:47:07,272.67,75.0,281.0,75.0,270.09,43.0,443.52,31.0,276.83,8.329999999999984,118.0,106.0,1.8581442355134679,224,12.0,37.0,0.05
07:47:08,274.0,75.0,281.0,75.0,270.0,45.0,497.97,67.0,277.5,7.0,120.0,142.0,1.7951880124301498,262,-22.0,38.0,-0.08
07:47:21,273.7,30.0,282.73,70.0,272.03,29.0,304.5,58.0,278.21,9.03000000000003,59.0,128.0,3.3451412526179802,187,-69.0,-16.0,-0.37
07:47:22,273.45,44.0,279.0,26.0,272.0,28.0,280.93,42.0,276.23,5.550000000000011,72.0,68.0,1.3589591605239508,140,4.0,-47.0,0.03
07:47:23,270.88,33.0,274.35,51.0,266.94,17.0,276.11,61.0,272.62,3.4700000000000273,50.0,112.0,2.7924845568016323,162,-62.0,22.0,-0.38
07:47:24,267.94,48.0,270.73,44.0,266.28,18.0,271.79,47.0,269.33,2.7900000000000205,66.0,91.0,4.0496876422733,157,-25.0,-5.0,-0.16
07:47:25,266.73,11.0,269.0,38.0,265.5,14.0,272.67,36.0,267.86,2.269999999999982,25.0,74.0,4.401630379755543,99,-49.0,-58.0,-0.49
07:47:26,265.5,16.0,267.62,32.0,264.5,16.0,270.03,35.0,266.56,2.1200000000000045,32.0,67.0,3.9111187657744524,99,-35.0,0.0,-0.35
07:47:27,265.66,32.0,271.89,19.0,263.97,101.0,273.58,62.0,268.78,6.229999999999961,133.0,81.0,2.264420455656809,214,52.0,115.0,0.24
07:47:28,266.0,18.0,271.0,6.0,264.0,6.0,272.73,22.0,268.5,5.0,24.0,28.0,1.0616402403823713,52,-4.0,-162.0,-0.08
07:47:29,266.0,33.0,270.09,11.0,264.0,11.0,271.19,27.0,268.05,4.089999999999975,44.0,38.0,0.8575546629806287,82,6.0,30.0,0.07
07:47:30,266.0,30.0,267.0,23.0,264.0,10.0,269.3,10.0,266.5,1.0,40.0,33.0,1.0800555541269852,73,7.0,-9.0,0.1
07:47:31,266.0,38.0,267.0,32.0,264.0,12.0,270.0,12.0,266.5,1.0,50.0,44.0,1.095801076838576,94,6.0,21.0,0.06
07:47:32,266.0,12.0,267.0,8.0,264.0,4.0,270.0,4.0,266.5,1.0,16.0,12.0,0.9851395840193544,28,4.0,-66.0,0.14
07:47:33,266.0,27.0,270.0,9.0,264.0,9.0,274.0,27.0,268.0,4.0,36.0,36.0,0.8354639429694707,72,0.0,44.0,0.0
07:47:34,266.0,21.0,271.71,7.0,264.0,7.0,274.5,24.0,268.86,5.7099999999999795,28.0,31.0,1.0999636357633202,59,-3.0,-13.0,-0.05
07:47:35,266.0,33.0,274.47,17.0,264.0,11.0,275.43,42.0,270.24,8.470000000000027,44.0,59.0,1.6011870596528304,103,-15.0,44.0,-0.15
07:47:36,266.0,12.0,275.0,16.0,264.0,4.0,278.0,12.0,270.5,9.0,16.0,28.0,1.6503938923776758,44,-12.0,-59.0,-0.27
07:47:37,264.86,22.0,279.15,65.0,264.61,49.0,326.77,39.0,272.01,14.289999999999964,71.0,104.0,1.550554739438303,175,-33.0,131.0,-0.19
07:47:38,261.56,81.0,274.82,17.0,256.22,36.0,281.38,37.0,268.19,13.259999999999991,117.0,54.0,1.4929333541703935,171,63.0,-4.0,0.37
07:47:39,260.65,31.0,266.0,7.0,259.0,48.0,278.0,35.0,263.32,5.350000000000023,79.0,42.0,3.3784863474635016,121,37.0,-50.0,0.31
07:47:40,260.0,48.0,266.0,6.0,256.0,24.0,278.0,30.0,263.0,6.0,72.0,36.0,4.107691565831216,108,36.0,-13.0,0.33
07:47:41,258.92,104.0,266.0,13.0,256.0,52.0,291.11,47.0,262.46,7.079999999999984,156.0,60.0,4.165996879500151,216,96.0,108.0,0.44
07:47:42,258.0,72.0,270.0,11.0,256.0,36.0,306.6,20.0,264.0,12.0,108.0,31.0,2.302277133624245,139,77.0,-77.0,0.55
07:47:43,259.68,85.0,266.94,17.0,257.8,100.0,302.79,24.0,263.31,7.259999999999991,185.0,41.0,0.5595712644619002,226,144.0,87.0,0.64
07:47:44,261.07,98.0,263.61,41.0,259.57,84.0,272.21,19.0,262.34,2.5400000000000205,182.0,60.0,0.6746999333125738,242,122.0,16.0,0.5
07:47:45,259.73,52.0,266.26,23.0,258.38,128.0,275.27,33.0,263.0,6.529999999999973,180.0,56.0,0.6746999333125738,236,124.0,-6.0,0.53
07:47:46,261.58,12.0,267.83,12.0,259.48,33.0,303.94,16.0,264.71,6.25,45.0,28.0,0.9140404805099344,73,17.0,-163.0,0.23
07:47:47,264.45,11.0,267.27,11.0,263.0,11.0,287.67,24.0,265.86,2.819999999999993,22.0,35.0,1.4207146089239369,57,-13.0,-16.0,-0.23
07:47:48,266.62,13.0,269.2,25.0,260.85,34.0,270.75,56.0,267.91,2.579999999999984,47.0,81.0,2.2410332438425775,128,-34.0,71.0,-0.27
07:47:49,257.9,63.0,268.3,47.0,241.17,92.0,276.73,22.0,263.1,10.400000000000034,155.0,69.0,2.0534434494300435,224,86.0,96.0,0.38
07:47:50,259.0,84.0,266.0,44.0,254.73,88.0,276.0,22.0,262.5,7.0,172.0,66.0,2.1784466943231386,238,106.0,14.0,0.45
07:47:51,259.0,56.0,270.74,27.0,252.0,56.0,354.62,21.0,264.87,11.740000000000009,112.0,48.0,2.1776753660744115,160,64.0,-78.0,0.4
07:47:52,259.0,128.0,265.47,58.0,252.0,128.0,267.84,63.0,262.23,6.470000000000027,256.0,121.0,2.3539052657253006,377,135.0,173.5,0.36
07:47:53,259.0,104.0,260.0,13.0,252.0,104.0,265.85,65.0,259.5,1.0,208.0,78.0,1.9385432675114178,286,130.0,-91.0,0.45
07:47:54,259.0,48.0,260.0,6.0,252.0,48.0,264.0,30.0,259.5,1.0,96.0,36.0,2.2719925175967797,132,60.0,-154.0,0.45
07:47:55,259.0,48.0,260.0,6.0,252.0,48.0,264.0,30.0,259.5,1.0,96.0,36.0,2.4066470451683113,132,60.0,0.0,0.45
07:47:56,259.0,24.0,260.0,3.0,252.0,24.0,264.0,15.0,259.5,1.0,48.0,18.0,1.2208931157231895,66,30.0,-66.0,0.45
07:47:57,259.0,48.0,262.86,14.0,252.0,48.0,264.57,28.0,260.93,3.8600000000000136,96.0,42.0,0.6395154415813268,138,54.0,72.0,0.39
07:47:58,259.5,80.0,380.4,45.0,257.48,84.0,445.21,33.0,319.95,120.89999999999998,164.0,78.0,26.881315630005698,242,86.0,104.0,0.36
07:48:09,272.29,17.0,326.03,29.0,262.33,27.0,446.52,27.0,299.16,53.73999999999995,44.0,56.0,9.842999034845453,100,-12.0,-3.0,-0.12
07:48:10,262.15,13.0,267.33,27.0,261.01,78.0,274.67,24.0,264.74,5.180000000000007,91.0,51.0,12.515046943578607,142,40.0,42.0,0.28
07:48:11,263.69,26.0,266.0,20.0,262.14,22.0,268.0,30.0,264.85,2.3100000000000023,48.0,50.0,14.029936920741404,98,-2.0,-44.0,-0.02
07:48:12,264.89,35.0,268.0,36.0,261.95,21.0,270.0,12.0,266.44,3.1100000000000136,56.0,48.0,14.694925995049717,104,8.0,6.0,0.08
07:48:13,261.56,32.0,269.37,35.0,254.85,27.0,273.16,19.0,265.47,7.810000000000002,59.0,54.0,15.1241783247882,113,5.0,9.0,0.04
07:48:14,267.79,129.0,273.8,50.0,260.42,71.0,275.43,70.0,270.8,6.009999999999991,200.0,120.0,2.518263290445874,320,80.0,173.5,0.25
07:48:15,269.16,58.0,273.0,22.0,267.7,100.0,274.0,44.0,271.08,3.839999999999975,158.0,66.0,2.9880378176997913,224,92.0,-96.0,0.41
07:48:16,272.89,45.0,274.32,57.0,271.36,78.0,280.81,62.0,273.6,1.4300000000000068,123.0,119.0,3.413153966641399,242,4.0,18.0,0.02
07:48:17,273.45,55.0,276.0,99.0,272.0,121.0,632.27,22.0,274.73,2.5500000000000114,176.0,121.0,3.5779784795322502,297,55.0,55.0,0.19
07:48:20,274.03,74.0,276.0,82.0,273.38,26.0,339.89,36.0,275.01,1.9700000000000273,100.0,118.0,0.7819654723749333,218,-18.0,79.0,-0.08
07:48:21,274.0,81.0,276.0,68.0,272.0,9.0,349.75,32.0,275.0,2.0,90.0,100.0,0.3403968272264893,190,-10.0,-28.0,-0.05
07:48:22,274.0,51.0,275.7,40.0,272.0,7.0,308.0,37.0,274.85,1.6999999999999886,58.0,77.0,0.3060555504901046,135,-19.0,-55.0,-0.14
07:48:23,274.0,50.0,276.0,55.0,272.0,10.0,346.0,25.0,275.0,2.0,60.0,80.0,0.2483344518709536,140,-20.0,5.0,-0.14
07:48:24,273.6,25.0,277.0,18.0,269.22,54.0,320.5,24.0,275.3,3.3999999999999773,79.0,42.0,0.163920712498888,121,37.0,-19.0,0.31
07:48:25,269.23,52.0,277.2,30.0,266.46,52.0,363.0,24.0,273.22,7.96999999999997,104.0,54.0,0.8290838317004044,158,50.0,37.0,0.32
07:48:26,269.29,51.0,276.0,27.0,261.67,24.0,278.0,27.0,272.65,6.7099999999999795,75.0,54.0,1.1869414475820592,129,21.0,-29.0,0.16
07:48:27,260.93,28.0,275.3,20.0,258.77,26.0,276.69,48.0,268.11,14.370000000000005,54.0,68.0,2.8839781552555848,122,-14.0,-7.0,-0.11
07:48:28,260.0,24.0,262.25,52.0,257.82,22.0,273.07,14.0,261.12,2.25,46.0,66.0,5.6541002820959925,112,-20.0,-10.0,-0.18
07:48:29,257.8,20.0,262.0,30.0,254.4,10.0,264.0,10.0,259.9,4.199999999999989,30.0,40.0,6.261537351162669,70,-10.0,-42.0,-0.14
07:48:30,256.5,12.0,262.0,15.0,255.14,7.0,264.0,5.0,259.25,5.5,19.0,20.0,5.89850235229346,39,-1.0,-31.0,-0.03
07:48:31,256.2,15.0,262.0,21.0,252.5,8.0,264.0,7.0,259.1,5.800000000000011,23.0,28.0,3.7821594360917503,51,-5.0,12.0,-0.1
07:48:32,257.0,56.0,262.0,21.0,252.57,14.0,264.0,7.0,259.5,5.0,70.0,28.0,0.8110980212168326,98,42.0,47.0,0.43
07:48:33,257.0,32.0,262.0,12.0,252.6,5.0,264.0,4.0,259.5,5.0,37.0,16.0,0.30413812655205724,53,21.0,-45.0,0.4
07:48:34,257.0,32.0,262.0,12.0,253.0,4.0,264.0,4.0,259.5,5.0,36.0,16.0,0.18574175627138673,52,20.0,-1.0,0.38
07:48:35,258.27,44.0,262.22,27.0,257.08,51.0,265.06,17.0,260.25,3.9500000000000455,95.0,44.0,0.41773197151083646,139,51.0,87.0,0.37
07:48:36,261.55,22.0,264.0,15.0,255.44,71.0,266.0,45.0,262.77,2.4499999999999886,93.0,60.0,1.4162732787215409,153,33.0,14.0,0.22
07:48:37,263.0,20.0,265.33,18.0,252.38,48.0,267.58,38.0,264.17,2.329999999999984,68.0,56.0,2.119025719527391,124,12.0,-29.0,0.1
07:48:38,263.18,22.0,266.0,33.0,251.0,121.0,269.0,55.0,264.59,2.819999999999993,143.0,88.0,2.2909997817582166,231,55.0,107.0,0.24
07:48:39,264.0,22.0,266.0,15.0,251.0,121.0,269.0,55.0,265.0,2.0,143.0,70.0,1.928647194282456,213,73.0,-18.0,0.34
07:48:40,264.0,18.0,274.89,19.0,251.0,77.0,273.11,27.0,269.45,10.889999999999986,95.0,46.0,2.5219199035673596,141,49.0,-72.0,0.35
07:48:41,265.48,27.0,275.0,45.0,261.0,18.0,276.0,15.0,270.24,9.519999999999982,45.0,60.0,2.908461792770496,105,-15.0,-36.0,-0.14
