Time,Bid1_Price,Bid1_Volume,Ask1_Price,Ask1_Volume,Bid2_Price,Bid2_Volume,Ask2_Price,Ask2_Volume,Mid-Price,Bid_Ask_Spread,Market_Depth_Bid,Market_Depth_Ask,Historical_Volatility,Total_volume,Cumulative_Volume_Difference,Total_Volume_Change_Corrected,Order_imbalance
07:30:17,220.0,12.0,221.5,12.0,219.0,18.0,222.5,8.0,220.75,1.5,30.0,20.0,4.263570100279975,50,10.0,-25.0,0.2
07:30:18,219.67,18.0,221.29,14.0,215.0,26.0,227.0,12.0,220.48,1.6200000000000045,44.0,26.0,3.129400901131239,70,18.0,20.0,0.26
07:30:19,219.0,30.0,222.6,10.0,200.0,30.0,231.0,38.0,220.8,3.5999999999999943,60.0,48.0,2.362801303537976,108,12.0,38.0,0.11
07:30:20,219.0,39.0,221.62,13.0,201.86,43.0,228.0,39.0,220.31,2.6200000000000045,82.0,52.0,1.00181335587054,134,30.0,26.0,0.22
07:30:31,220.69,13.0,227.59,27.0,219.43,21.0,230.45,44.0,224.14,6.900000000000006,34.0,71.0,0.7758994780260082,105,-37.0,24.0,-0.35
07:30:36,216.78,27.0,230.0,33.0,209.1,20.0,232.0,44.0,223.39,13.219999999999999,47.0,77.0,1.2166963466703602,124,-30.0,17.0,-0.24
07:30:37,215.65,20.0,230.0,21.0,212.0,15.0,232.0,28.0,222.82,14.349999999999994,35.0,49.0,1.5691621968429543,84,-14.0,-40.0,-0.17
07:30:38,216.0,30.0,230.0,30.0,214.0,20.0,232.43,28.0,223.0,14.0,50.0,58.0,1.57298124591522,108,-8.0,24.0,-0.07
07:30:39,216.0,27.0,230.0,54.0,214.56,18.0,233.0,18.0,223.0,14.0,45.0,72.0,1.2594721116408223,117,-27.0,9.0,-0.23
07:30:40,217.12,34.0,230.0,72.0,215.46,26.0,233.0,24.0,223.56,12.879999999999995,60.0,96.0,0.3080259729324531,156,-36.0,39.0,-0.23
07:30:41,219.49,47.0,229.28,100.0,216.15,66.0,230.75,80.0,224.38,9.789999999999992,113.0,180.0,0.6385295607886782,293,-67.0,137.0,-0.23
07:30:42,221.39,31.0,226.83,69.0,217.39,46.0,228.6,75.0,224.11,5.440000000000026,77.0,144.0,0.6303967004997549,221,-67.0,-72.0,-0.3
07:30:43,215.62,71.0,225.57,56.0,214.83,23.0,227.5,48.0,220.6,9.949999999999989,94.0,104.0,1.51043040223673,198,-10.0,-23.0,-0.05
07:30:44,212.44,68.0,222.81,31.0,211.94,83.0,227.2,61.0,217.62,10.370000000000005,151.0,92.0,2.9017201794799345,243,59.0,45.0,0.24
07:30:45,213.15,13.0,223.64,33.0,212.0,130.0,225.46,39.0,218.4,10.48999999999998,143.0,72.0,3.1400031847119396,215,71.0,-28.0,0.33
07:30:46,214.0,14.0,222.39,36.0,212.29,140.0,224.23,78.0,218.19,8.389999999999986,154.0,114.0,2.6701741516240483,268,40.0,53.0,0.15
07:30:47,215.41,17.0,218.78,45.0,212.94,170.0,222.53,60.0,217.09,3.3700000000000045,187.0,105.0,1.3422555643398275,292,82.0,24.0,0.28
07:30:48,213.14,28.0,217.88,26.0,211.86,84.0,223.05,22.0,215.51,4.740000000000009,112.0,48.0,1.1547164154030727,160,64.0,-132.0,0.4
07:30:49,212.0,140.0,221.73,41.0,209.0,28.0,223.11,38.0,216.87,9.72999999999999,168.0,79.0,1.161516250424989,247,89.0,87.0,0.36
07:30:50,212.0,100.0,218.0,20.0,209.0,20.0,219.1,40.0,215.0,6.0,120.0,60.0,1.2812181703368664,180,60.0,-67.0,0.33
07:30:51,212.32,68.0,219.55,29.0,212.05,82.0,223.07,28.0,215.94,7.230000000000018,150.0,57.0,0.8881272431365667,207,93.0,27.0,0.45
07:30:52,213.3,20.0,219.0,24.0,212.94,64.0,220.0,16.0,216.15,5.699999999999989,84.0,40.0,0.701234625500876,124,44.0,-83.0,0.35
07:30:53,212.0,14.0,219.0,21.0,211.0,49.0,220.0,14.0,215.5,7.0,63.0,35.0,0.7026165383773386,98,28.0,-26.0,0.29
07:30:54,212.0,26.0,217.49,37.0,211.0,91.0,220.0,26.0,214.74,5.490000000000009,117.0,63.0,0.5995665100731805,180,54.0,82.0,0.3
07:30:55,212.0,22.0,217.0,22.0,211.0,77.0,220.0,22.0,214.5,5.0,99.0,44.0,0.7252447862627697,143,55.0,-37.0,0.38
07:30:56,212.0,14.0,216.73,11.0,211.0,49.0,219.29,14.0,214.36,4.72999999999999,63.0,25.0,0.7561745830172485,88,38.0,-55.0,0.43
07:30:57,212.0,18.0,214.89,9.0,211.0,63.0,217.0,18.0,213.44,2.8899999999999864,81.0,27.0,0.7417007482814636,108,54.0,20.0,0.5
07:30:58,211.12,34.0,214.0,7.0,181.94,31.0,217.0,14.0,212.56,2.8799999999999955,65.0,21.0,0.9058697478121592,86,44.0,-22.0,0.51
07:30:59,214.64,66.0,218.82,22.0,209.49,61.0,222.33,24.0,216.73,4.180000000000007,127.0,46.0,1.558370944288062,173,81.0,87.0,0.47
07:31:00,216.02,82.0,220.71,68.0,210.1,96.0,261.31,32.0,218.37,4.689999999999998,178.0,100.0,2.4033455848049203,278,78.0,105.0,0.28
07:31:01,218.43,23.0,226.0,25.0,216.51,41.0,395.0,18.0,222.22,7.569999999999993,64.0,43.0,3.905794413432608,107,21.0,-168.0,0.2
07:31:02,220.57,28.0,223.0,48.0,219.5,48.0,240.42,24.0,221.79,2.430000000000007,76.0,72.0,3.9673076512921757,148,4.0,41.0,0.03
07:31:03,220.8,15.0,222.0,55.0,219.73,41.0,226.25,24.0,221.4,1.1999999999999886,56.0,79.0,2.418174931637815,135,-23.0,-13.0,-0.17
07:31:04,219.05,82.0,223.79,39.0,212.97,62.0,227.82,17.0,221.42,4.739999999999981,144.0,56.0,1.5295260703896456,200,88.0,65.0,0.44
07:31:05,219.62,48.0,226.87,23.0,218.4,75.0,228.67,12.0,223.25,7.25,123.0,35.0,0.7665050554312659,158,88.0,-42.0,0.56
07:31:06,219.95,76.0,225.07,42.0,217.75,64.0,227.0,28.0,222.51,5.1200000000000045,140.0,70.0,0.7961972117520212,210,70.0,52.0,0.33
07:31:07,221.03,61.0,223.0,39.0,219.37,54.0,227.0,26.0,222.02,1.9699999999999989,115.0,65.0,0.7822084121266507,180,50.0,-30.0,0.28
07:31:08,221.0,34.0,223.45,22.0,219.0,32.0,229.86,14.0,222.23,2.4499999999999886,66.0,36.0,0.6714387537234586,102,30.0,-78.0,0.29
07:31:09,221.0,14.0,230.0,14.0,219.0,28.0,231.0,7.0,225.5,9.0,42.0,21.0,1.418967934803939,63,21.0,-39.0,0.33
07:31:10,221.0,22.0,229.27,22.0,219.0,44.0,230.6,15.0,225.14,8.27000000000001,66.0,37.0,1.6934432379037017,103,29.0,40.0,0.28
07:31:11,221.0,18.0,229.11,18.0,219.0,36.0,232.0,9.0,225.06,8.110000000000014,54.0,27.0,1.7121623754778061,81,27.0,-22.0,0.33
07:31:12,221.0,16.0,228.0,16.0,219.0,32.0,231.25,8.0,224.5,7.0,48.0,24.0,1.3110225017145387,72,24.0,-9.0,0.33
07:31:13,221.0,24.0,228.0,24.0,219.0,48.0,230.0,12.0,224.5,7.0,72.0,36.0,0.4345112196501702,108,36.0,36.0,0.33
07:31:14,221.0,20.0,228.0,20.0,219.14,28.0,255.59,34.0,224.5,7.0,48.0,54.0,0.32984845005223296,102,-6.0,-6.0,-0.06
07:31:15,221.31,32.0,226.12,32.0,220.27,15.0,229.83,48.0,223.72,4.810000000000002,47.0,80.0,0.47757721888907384,127,-33.0,25.0,-0.26
07:31:16,220.6,20.0,222.0,30.0,219.0,10.0,228.0,20.0,221.3,1.4000000000000057,30.0,50.0,1.3856695132684769,80,-20.0,-47.0,-0.25
07:31:17,219.0,16.0,222.0,24.0,215.0,50.0,228.0,16.0,220.5,3.0,66.0,40.0,1.8783183968650232,106,26.0,26.0,0.25
07:31:18,219.0,14.0,222.0,21.0,215.0,7.0,229.8,20.0,220.5,3.0,21.0,41.0,1.8804467554284778,62,-20.0,-44.0,-0.32
07:31:19,219.0,14.0,222.0,21.0,215.0,7.0,231.0,28.0,220.5,3.0,21.0,49.0,1.3943026931055515,70,-28.0,8.0,-0.4
07:31:20,219.0,21.0,221.87,38.0,216.93,28.0,229.93,45.0,220.43,2.8700000000000045,49.0,83.0,0.36685146858273,132,-34.0,62.0,-0.26
07:31:21,216.12,25.0,220.9,41.0,214.96,81.0,224.74,23.0,218.51,4.780000000000001,106.0,64.0,0.8826494207788623,170,42.0,38.0,0.25
07:31:22,215.0,42.0,222.0,14.0,214.0,91.0,227.72,25.0,218.5,7.0,133.0,39.0,1.0803101406546292,172,94.0,2.0,0.55
07:31:23,215.0,48.0,221.78,18.0,214.0,104.0,228.08,24.0,218.39,6.780000000000001,152.0,42.0,1.0958238909611309,194,110.0,22.0,0.57
07:31:24,215.0,54.0,221.2,30.0,214.0,117.0,225.0,21.0,218.1,6.199999999999989,171.0,51.0,0.9338254654918937,222,120.0,28.0,0.54
07:31:25,217.73,44.0,222.0,18.0,214.37,82.0,229.0,27.0,219.86,4.27000000000001,126.0,45.0,0.6844486832488973,171,81.0,-51.0,0.47
07:31:26,221.0,22.0,222.0,20.0,215.0,60.0,229.0,30.0,221.5,1.0,82.0,50.0,1.4192603707569575,132,32.0,-39.0,0.24
07:31:27,218.75,16.0,222.64,33.0,214.85,71.0,229.18,33.0,220.69,3.8899999999999864,87.0,66.0,1.4595787063400174,153,21.0,21.0,0.14
07:31:28,215.16,50.0,222.0,27.0,214.13,89.0,229.0,27.0,218.58,6.840000000000003,139.0,54.0,1.418583800838423,193,85.0,40.0,0.44
07:31:29,216.41,29.0,222.0,42.0,215.24,85.0,229.0,42.0,219.21,5.590000000000003,114.0,84.0,1.1598577498991813,198,30.0,5.0,0.15
07:31:30,218.67,18.0,222.0,54.0,214.09,88.0,226.44,43.0,220.33,3.3300000000000125,106.0,97.0,1.1679340734824029,203,9.0,5.0,0.04
07:31:31,212.41,58.0,223.0,42.0,207.9,138.0,225.4,30.0,217.71,10.590000000000003,196.0,72.0,1.229585295943789,268,124.0,65.0,0.46
07:31:32,213.27,22.0,229.0,18.0,207.81,62.0,231.0,18.0,221.14,15.72999999999999,84.0,36.0,1.3653680822405219,120,48.0,-148.0,0.4
07:31:33,218.53,91.0,228.15,39.0,209.83,71.0,229.59,34.0,223.34,9.620000000000005,162.0,73.0,2.11149946720362,235,89.0,115.0,0.38
07:31:34,221.0,131.0,227.03,39.0,213.43,84.0,228.45,47.0,224.01,6.030000000000001,215.0,86.0,2.517941619657052,301,129.0,66.0,0.43
07:31:35,221.0,60.0,226.0,20.0,212.54,52.0,228.0,40.0,223.5,5.0,112.0,60.0,2.6082273673898144,172,52.0,-129.0,0.3
07:31:36,221.0,60.0,223.63,54.0,219.0,15.0,227.55,33.0,222.31,2.6299999999999955,75.0,87.0,1.1427379402125508,162,-12.0,-10.0,-0.07
07:31:37,220.26,19.0,225.77,26.0,213.47,38.0,231.33,27.0,223.02,5.510000000000019,57.0,53.0,0.6292296877938891,110,4.0,-52.0,0.04
07:31:38,219.0,7.0,229.0,14.0,213.0,35.0,231.0,14.0,224.0,10.0,42.0,28.0,0.7192843665763814,70,14.0,-40.0,0.2
07:31:39,219.0,13.0,226.78,27.0,213.27,59.0,228.21,19.0,222.89,7.780000000000001,72.0,46.0,0.6393199511990905,118,26.0,48.0,0.22
07:31:40,220.18,83.0,222.65,51.0,214.84,38.0,224.49,43.0,221.41,2.469999999999999,121.0,94.0,0.9541121527374231,215,27.0,97.0,0.13
07:31:41,221.0,30.0,222.36,33.0,219.0,9.0,228.0,9.0,221.68,1.3600000000000136,39.0,42.0,1.058654806819128,81,-3.0,-134.0,-0.04
07:31:42,213.67,9.0,222.0,18.0,212.67,12.0,232.77,26.0,217.83,8.330000000000013,21.0,44.0,2.3276748054660255,65,-23.0,-16.0,-0.35
07:31:43,218.74,19.0,222.0,18.0,212.57,7.0,232.0,18.0,220.37,3.259999999999991,26.0,36.0,1.9048569500099917,62,-10.0,-3.0,-0.16
07:31:44,220.0,48.0,222.0,36.0,214.0,12.0,232.0,36.0,221.0,2.0,60.0,72.0,1.549796760869445,132,-12.0,70.0,-0.09
07:31:45,220.0,32.0,222.0,24.0,214.25,8.0,232.0,24.0,221.0,2.0,40.0,48.0,1.4967731959122696,88,-8.0,-44.0,-0.09
07:31:46,220.0,28.0,221.69,13.0,215.0,7.0,226.29,21.0,220.85,1.6899999999999977,35.0,34.0,1.3553412854338331,69,1.0,-19.0,0.01
07:31:47,220.0,30.0,221.86,21.0,216.0,18.0,228.67,27.0,220.93,1.8600000000000136,48.0,48.0,0.2644806231114142,96,0.0,27.0,0.0
07:31:48,220.0,27.0,222.0,27.0,216.0,24.0,232.25,24.0,221.0,2.0,51.0,51.0,0.06655824517961897,102,0.0,6.0,0.0
07:31:49,220.0,21.0,222.0,14.0,216.0,14.0,232.29,14.0,221.0,2.0,35.0,28.0,0.06655824517961897,63,7.0,-39.0,0.11
07:31:50,220.0,18.0,221.91,11.0,215.29,7.0,230.33,12.0,220.95,1.9099999999999966,25.0,23.0,0.06188699379830421,48,2.0,-15.0,0.04
07:31:51,211.0,96.0,220.33,12.0,210.0,12.0,221.42,24.0,215.67,9.330000000000013,108.0,36.0,2.37043244999757,144,72.0,96.0,0.5
07:31:52,211.0,80.0,218.3,10.0,210.0,10.0,220.4,20.0,214.65,7.300000000000011,90.0,30.0,3.2099579436499694,120,60.0,-24.0,0.5
07:31:53,211.0,112.0,213.57,14.0,210.0,14.0,216.38,16.0,212.29,2.569999999999993,126.0,30.0,3.906381957771363,156,96.0,36.0,0.62
07:31:54,211.0,72.0,213.0,9.0,210.0,9.0,214.0,9.0,212.0,2.0,81.0,18.0,3.614390681705795,99,63.0,-57.0,0.64
07:31:55,211.03,66.0,215.25,12.0,210.67,24.0,217.54,13.0,213.14,4.219999999999999,90.0,25.0,1.57023883533742,115,65.0,16.0,0.57
07:31:56,211.69,112.0,214.21,48.0,210.85,47.0,219.1,29.0,212.95,2.5200000000000102,159.0,77.0,1.0305969144150613,236,82.0,121.0,0.35
07:31:57,212.0,91.0,213.52,21.0,210.81,37.0,217.67,24.0,212.76,1.5200000000000102,128.0,45.0,0.4721969927920333,173,83.0,-63.0,0.48
07:31:58,211.11,27.0,213.71,17.0,207.93,29.0,216.74,35.0,212.41,2.5999999999999943,56.0,52.0,0.4533982796635201,108,4.0,-65.0,0.04
07:31:59,212.57,28.0,216.25,28.0,209.5,16.0,217.4,35.0,214.41,3.680000000000007,44.0,63.0,0.7625811432246712,107,-19.0,-1.0,-0.18
07:32:00,215.32,37.0,218.14,51.0,213.22,23.0,221.78,94.0,216.73,2.819999999999993,60.0,145.0,1.7804269150970031,205,-85.0,98.0,-0.41
07:32:01,220.88,59.0,327.28,58.0,220.22,40.0,508.84,38.0,274.08,106.39999999999998,99.0,96.0,26.888206894473292,195,3.0,-10.0,0.02
07:32:05,220.8,15.0,324.13,46.0,220.45,33.0,442.97,31.0,272.47,103.32999999999998,48.0,77.0,49.89472687569296,125,-29.0,71.0,-0.23
07:32:06,219.0,10.0,340.6,5.0,215.63,19.0,342.0,20.0,279.8,121.60000000000002,29.0,25.0,49.14303582401068,54,4.0,-71.0,0.07
07:32:07,219.5,20.0,246.18,17.0,215.33,49.0,300.17,24.0,232.84,26.680000000000007,69.0,41.0,58.2550355763345,110,28.0,56.0,0.25
07:32:08,219.0,10.0,222.0,5.0,215.0,25.0,225.4,5.0,220.5,3.0,35.0,10.0,32.87694709062871,45,25.0,-65.0,0.56
07:32:09,219.0,14.0,221.0,15.0,215.0,35.0,223.71,7.0,220.0,2.0,49.0,22.0,28.890664928312074,71,27.0,26.0,0.38
07:32:10,219.0,17.0,220.38,32.0,217.75,60.0,329.71,14.0,219.69,1.3799999999999955,77.0,46.0,25.886337709301444,123,31.0,52.0,0.25
07:32:11,219.0,8.0,226.0,8.0,218.0,40.0,466.31,26.0,222.5,7.0,48.0,34.0,5.55034953854284,82,14.0,-41.0,0.17
07:32:12,218.62,8.0,226.0,6.0,217.79,28.0,574.5,24.0,222.31,7.3799999999999955,36.0,30.0,1.3164535692545278,66,6.0,-16.0,0.09
07:32:13,218.0,16.0,222.92,13.0,215.44,27.0,259.64,22.0,220.46,4.9199999999999875,43.0,35.0,1.3203673731212018,78,8.0,12.0,0.1
07:32:14,218.0,12.0,226.0,6.0,215.0,30.0,279.82,22.0,222.0,8.0,42.0,28.0,1.2455400435164388,70,14.0,-8.0,0.2
07:32:15,218.0,20.0,224.31,13.0,215.0,50.0,409.0,17.0,221.15,6.310000000000002,70.0,30.0,0.8574555382076051,100,40.0,30.0,0.4
07:32:16,219.04,84.0,222.0,26.0,218.54,74.0,226.31,13.0,220.52,2.960000000000008,158.0,39.0,0.8434868108055686,197,119.0,97.0,0.6
07:32:17,220.38,40.0,221.77,35.0,219.1,142.0,224.73,22.0,221.07,1.3900000000000148,182.0,57.0,0.6207656562689253,239,125.0,42.0,0.52
07:32:18,220.79,28.0,227.0,14.0,219.45,44.0,408.0,23.0,223.89,6.210000000000008,72.0,37.0,1.3204658268970324,109,35.0,-130.0,0.32
07:32:40,221.31,52.0,224.93,28.0,220.8,90.0,226.0,42.0,223.12,3.6200000000000045,142.0,70.0,1.6408473420774623,212,72.0,-6.0,0.34
07:32:41,221.0,84.0,223.57,28.0,220.0,42.0,226.0,42.0,222.29,2.569999999999993,126.0,70.0,1.5552427463270517,196,56.0,-16.0,0.29
07:32:42,221.0,44.0,224.62,16.0,220.0,30.0,226.42,26.0,222.81,3.6200000000000045,74.0,42.0,0.9823543149002029,116,32.0,-80.0,0.28
07:32:44,221.53,45.0,231.0,12.0,220.57,42.0,236.33,12.0,226.27,9.469999999999999,87.0,24.0,1.5772285820397252,111,63.0,-37.0,0.57
07:32:45,221.0,15.0,234.2,5.0,220.0,15.0,315.0,5.0,227.6,13.199999999999989,30.0,10.0,2.372368015296708,40,20.0,-71.0,0.5
07:32:46,221.0,20.0,227.29,7.0,220.0,21.0,249.29,7.0,224.14,6.289999999999992,41.0,14.0,2.086942739991386,55,27.0,15.0,0.49
07:32:47,221.0,20.0,222.2,20.0,220.0,30.0,232.1,10.0,221.6,1.1999999999999886,50.0,30.0,2.4161084412755223,80,20.0,25.0,0.25
07:32:48,221.0,18.0,227.0,18.0,220.0,27.0,232.6,10.0,224.0,6.0,45.0,28.0,2.3068419971907024,73,17.0,-7.0,0.23
07:32:49,221.0,16.0,231.0,16.0,220.0,24.0,233.0,8.0,226.0,10.0,40.0,24.0,2.2643144657937415,64,16.0,-9.0,0.25
07:32:50,221.0,7.0,231.0,12.0,220.0,18.0,233.0,6.0,226.0,10.0,25.0,18.0,1.8148057747326287,43,7.0,-21.0,0.16
07:33:13,221.57,14.0,223.11,36.0,220.95,21.0,227.33,18.0,222.34,1.5400000000000205,35.0,54.0,0.8155856791308607,89,-19.0,-10.0,-0.21
07:33:14,221.0,18.0,222.11,36.0,220.0,9.0,226.0,18.0,221.56,1.1100000000000136,27.0,54.0,1.027034566119127,81,-27.0,-8.0,-0.33
07:33:15,220.85,13.0,222.77,26.0,219.75,8.0,226.47,15.0,221.81,1.920000000000016,21.0,41.0,0.6634154053107871,62,-20.0,-19.0,-0.32
07:33:16,216.31,75.0,223.4,55.0,216.25,40.0,224.65,46.0,219.85,7.090000000000003,115.0,101.0,1.1782487004040698,216,14.0,154.0,0.06
07:33:17,215.0,180.0,220.26,39.0,214.0,127.0,221.45,66.0,217.63,5.259999999999991,307.0,105.0,1.9228546486940246,412,202.0,168.0,0.49
07:33:18,214.53,160.0,218.0,80.0,213.37,171.0,219.0,32.0,216.26,3.469999999999999,331.0,112.0,2.4324000493349334,443,219.0,31.0,0.49
07:33:19,213.29,102.0,215.52,50.0,208.71,147.0,218.63,38.0,214.41,2.230000000000018,249.0,88.0,2.9150849044247353,337,161.0,-106.0,0.48
07:33:20,213.22,113.0,224.77,35.0,204.89,74.0,373.63,41.0,219.0,11.550000000000011,187.0,76.0,2.1708638833434732,263,111.0,-74.0,0.42
07:33:21,218.0,9.0,226.78,27.0,213.0,117.0,231.67,27.0,222.39,8.780000000000001,126.0,54.0,3.012701445547651,180,72.0,-83.0,0.4
07:33:22,214.12,52.0,226.19,48.0,211.32,160.0,236.0,48.0,220.15,12.069999999999993,212.0,96.0,3.15568851441405,308,116.0,128.0,0.38
07:33:23,213.0,228.0,225.0,38.0,212.0,17.0,291.92,53.0,219.0,12.0,245.0,91.0,2.9104209317561915,336,154.0,28.0,0.46
07:33:24,213.0,168.0,224.12,16.0,212.0,12.0,251.94,35.0,218.56,11.120000000000005,180.0,51.0,1.5529166107696541,231,129.0,-105.0,0.56
07:33:25,213.0,182.0,222.35,23.0,212.0,13.0,223.19,37.0,217.67,9.349999999999994,195.0,60.0,1.819513671288133,255,135.0,24.0,0.53
07:33:26,215.68,131.0,220.79,14.0,212.6,73.0,223.07,54.0,218.23,5.109999999999985,204.0,68.0,0.934275120082281,272,136.0,17.0,0.5
07:33:27,216.0,108.0,218.31,16.0,212.0,26.0,221.33,12.0,217.16,2.3100000000000023,134.0,28.0,0.7252792565660303,162,106.0,-110.0,0.65
07:33:28,215.84,103.0,217.0,41.0,211.48,46.0,220.0,13.0,216.42,1.1599999999999966,149.0,54.0,0.8528012664185968,203,95.0,41.0,0.47
07:33:29,211.04,103.0,213.96,23.0,210.73,33.0,215.5,18.0,212.5,2.920000000000016,136.0,41.0,2.277593027739059,177,95.0,-26.0,0.54
07:33:30,210.97,33.0,212.0,14.0,200.71,21.0,213.0,28.0,211.48,1.0300000000000011,54.0,42.0,2.9845636196948453,96,12.0,-81.0,0.12
07:33:31,211.0,24.0,212.0,15.0,206.75,32.0,213.0,32.0,211.5,1.0,56.0,47.0,2.762049963343611,103,9.0,7.0,0.09
07:33:32,211.0,24.0,212.0,8.0,206.53,60.0,213.0,32.0,211.5,1.0,84.0,40.0,2.135696607668517,124,44.0,21.0,0.35
07:33:33,211.0,33.0,212.91,11.0,210.0,22.0,214.43,42.0,211.95,1.9099999999999966,55.0,53.0,0.44551094263452434,108,2.0,-16.0,0.02
07:33:34,211.0,36.0,220.0,24.0,210.0,24.0,221.75,48.0,215.5,9.0,60.0,72.0,1.7519931506735247,132,-12.0,24.0,-0.09
07:33:35,211.0,18.0,217.43,28.0,210.0,12.0,221.83,18.0,214.21,6.430000000000007,30.0,46.0,1.8230112451674028,76,-16.0,-56.0,-0.21
07:33:36,211.29,34.0,217.53,43.0,210.16,19.0,221.31,29.0,214.41,6.240000000000009,53.0,72.0,1.7127258975115232,125,-19.0,49.0,-0.15
07:33:37,212.94,52.0,218.0,56.0,211.26,69.0,222.0,42.0,215.47,5.060000000000002,121.0,98.0,1.4449290640050303,219,23.0,94.0,0.11
07:33:39,172.29,14.0,217.62,47.0,169.45,143.0,220.29,42.0,194.95,45.33000000000001,157.0,89.0,17.693224126767007,246,68.0,45.0,0.28
07:33:40,192.66,32.0,215.32,66.0,156.82,180.0,216.25,60.0,203.99,22.659999999999997,212.0,126.0,16.607790942807856,338,86.0,92.0,0.25
07:33:41,208.15,13.0,212.31,39.0,206.09,66.0,213.6,30.0,210.23,4.159999999999997,79.0,69.0,15.838294731441604,148,10.0,-168.0,0.07
07:33:42,209.56,9.0,211.0,13.0,206.62,13.0,213.0,15.0,210.28,1.4399999999999977,22.0,28.0,14.696257006462947,50,-6.0,-98.0,-0.12
07:33:43,208.62,8.0,211.0,8.0,206.0,72.0,213.0,24.0,209.81,2.3799999999999955,80.0,32.0,6.6475649677162965,112,48.0,62.0,0.43
07:33:44,209.0,6.0,210.5,10.0,156.57,42.0,212.88,16.0,209.75,1.5,48.0,26.0,2.7061633357962696,74,22.0,-38.0,0.3
07:33:45,209.18,11.0,211.05,40.0,153.92,39.0,215.85,26.0,210.12,1.8700000000000045,50.0,66.0,0.24345430784365985,116,-16.0,42.0,-0.14
07:33:46,212.62,8.0,217.0,34.0,175.12,16.0,218.83,36.0,214.81,4.3799999999999955,24.0,70.0,2.1666171789237167,94,-46.0,-22.0,-0.49
07:33:47,213.56,9.0,216.24,21.0,199.36,11.0,217.52,29.0,214.9,2.680000000000007,20.0,50.0,2.7214279340094776,70,-30.0,-24.0,-0.43
07:33:48,209.0,8.0,215.47,17.0,197.4,60.0,218.66,35.0,212.24,6.469999999999999,68.0,52.0,2.46465616263343,120,16.0,50.0,0.13
07:33:49,209.0,10.0,211.33,27.0,206.0,120.0,216.86,29.0,210.17,2.3300000000000125,130.0,56.0,2.3581496983878982,186,74.0,66.0,0.4
07:33:50,206.05,61.0,211.38,16.0,205.71,17.0,216.23,13.0,208.71,5.329999999999984,78.0,29.0,2.756760780337496,107,49.0,-79.0,0.46
07:33:51,206.0,96.0,215.0,16.0,205.0,8.0,216.0,31.0,210.5,9.0,104.0,47.0,2.370048522711557,151,57.0,44.0,0.38
07:33:52,206.0,120.0,214.5,20.0,205.0,10.0,216.0,31.0,210.25,8.5,130.0,51.0,1.257350388717278,181,79.0,30.0,0.44
07:33:53,206.04,75.0,214.0,18.0,205.86,42.0,216.0,9.0,210.02,7.960000000000008,117.0,27.0,0.703811054195374,144,90.0,-37.0,0.62
07:33:54,207.93,15.0,216.25,48.0,206.02,133.0,219.0,24.0,212.09,8.319999999999993,148.0,72.0,1.2095577704299627,220,76.0,76.0,0.35
07:33:55,212.29,45.0,217.39,64.0,210.28,39.0,222.56,63.0,214.84,5.099999999999994,84.0,127.0,2.015477610892062,211,-43.0,-9.0,-0.2
07:33:56,217.06,34.0,272.51,37.0,217.32,31.0,305.03,35.0,244.79,55.44999999999999,65.0,72.0,14.879253005443696,137,-7.0,-74.0,-0.05
07:33:57,219.0,18.0,233.31,35.0,217.33,72.0,249.0,30.0,226.16,14.310000000000002,90.0,65.0,14.394459003380582,155,25.0,18.0,0.16
07:33:58,219.0,29.0,221.16,25.0,216.95,76.0,224.52,31.0,220.08,2.1599999999999966,105.0,56.0,13.011316997137675,161,49.0,6.0,0.3
07:33:59,219.0,48.0,221.0,36.0,216.0,24.0,226.0,48.0,220.0,2.0,72.0,84.0,11.675511980208974,156,-12.0,-5.0,-0.08
07:34:00,219.84,25.0,221.8,25.0,218.8,30.0,235.97,31.0,220.82,1.960000000000008,55.0,56.0,10.60994816198472,111,-1.0,-45.0,-0.01
07:34:01,219.22,36.0,350.29,42.0,213.73,82.0,458.44,25.0,284.75,131.07000000000002,118.0,67.0,28.283615751880102,185,51.0,74.0,0.28
07:34:02,220.0,44.0,259.43,51.0,219.0,36.0,300.57,35.0,239.72,39.43000000000001,80.0,86.0,27.948668662388897,166,-6.0,-19.0,-0.04
07:34:03,220.0,33.0,225.83,29.0,219.0,27.0,332.67,27.0,222.91,5.8300000000000125,60.0,56.0,27.544207194980203,116,4.0,-50.0,0.03
07:34:04,220.0,21.0,224.1,21.0,218.53,17.0,225.57,23.0,222.05,4.099999999999994,38.0,44.0,27.229448213285536,82,-6.0,-34.0,-0.07
07:34:05,220.87,69.0,223.08,13.0,219.55,33.0,230.0,39.0,221.97,2.210000000000008,102.0,52.0,27.051804006387425,154,50.0,72.0,0.32
07:34:07,220.65,31.0,229.0,45.0,219.09,69.0,232.44,27.0,224.82,8.349999999999994,100.0,72.0,1.6731616777833433,172,28.0,-119.0,0.16
07:34:08,221.22,37.0,225.58,43.0,219.36,70.0,228.24,49.0,223.4,4.360000000000014,107.0,92.0,1.645402686275536,199,15.0,27.0,0.08
07:34:12,219.27,55.0,224.54,13.0,218.31,127.0,232.0,39.0,221.91,5.269999999999982,182.0,52.0,0.9446163242305293,234,130.0,154.0,0.56
07:34:13,219.0,33.0,223.33,9.0,218.0,108.0,233.67,27.0,221.17,4.3300000000000125,141.0,36.0,1.369572926135332,177,105.0,-57.0,0.59
07:34:14,219.0,21.0,223.0,7.0,218.0,84.0,235.0,21.0,221.0,4.0,105.0,28.0,1.5590798568396,133,77.0,-44.0,0.58
07:34:15,219.38,53.0,222.0,15.0,218.08,144.0,235.0,45.0,220.69,2.6200000000000045,197.0,60.0,1.1663747253790924,257,137.0,124.0,0.53
07:34:16,220.0,55.0,221.18,11.0,219.0,33.0,233.91,33.0,220.59,1.1800000000000068,88.0,44.0,0.5232781287262948,132,44.0,-125.0,0.33
07:34:17,220.09,88.0,227.0,20.0,219.35,46.0,240.0,36.0,223.55,6.909999999999997,134.0,56.0,1.224295715913124,190,78.0,58.0,0.41
07:34:18,221.0,40.0,231.0,30.0,220.0,80.0,258.0,30.0,226.0,10.0,120.0,60.0,2.368381303760648,180,60.0,-10.0,0.33
07:34:19,221.0,48.0,231.0,36.0,220.0,96.0,277.64,25.0,226.0,10.0,144.0,61.0,2.682206181486192,205,83.0,25.0,0.4
07:34:20,221.12,33.0,231.0,24.0,220.02,57.0,238.0,16.0,226.06,9.879999999999995,90.0,40.0,2.4034454435252846,130,50.0,-75.0,0.38
07:34:22,221.0,22.0,231.0,30.0,220.0,80.0,277.2,20.0,226.0,10.0,102.0,50.0,0.15646085773131405,152,52.0,28.0,0.34
07:34:39,221.38,48.0,228.6,25.0,220.4,105.0,236.96,53.0,224.99,7.219999999999999,153.0,78.0,0.6262188116004496,231,75.0,59.0,0.32
07:34:40,221.0,36.0,231.83,6.0,220.0,38.0,238.0,30.0,226.42,10.830000000000013,74.0,36.0,0.7439287600316549,110,38.0,-121.0,0.35
07:34:41,221.0,84.0,230.36,14.0,220.0,14.0,238.0,70.0,225.68,9.360000000000014,98.0,84.0,0.7305272068870601,182,14.0,72.0,0.08
07:34:42,220.95,41.0,230.0,10.0,219.67,12.0,238.0,50.0,225.48,9.050000000000011,53.0,60.0,0.5858924816057699,113,-7.0,-69.0,-0.06
07:34:43,220.22,9.0,229.22,9.0,219.06,17.0,238.89,45.0,224.72,9.0,26.0,54.0,0.6593329962941916,80,-28.0,-33.0,-0.35
07:34:44,219.12,25.0,228.38,13.0,218.03,74.0,237.15,65.0,223.75,9.259999999999991,99.0,78.0,1.016070863671601,177,21.0,97.0,0.12
07:34:45,220.73,15.0,228.0,14.0,218.81,32.0,239.65,69.0,224.37,7.27000000000001,47.0,83.0,0.7953929846324276,130,-36.0,-47.0,-0.28
07:34:46,218.38,32.0,226.45,11.0,216.42,19.0,315.3,40.0,222.41,8.069999999999993,51.0,51.0,1.1543093172987415,102,0.0,-28.0,0.0
07:34:47,218.0,40.0,224.0,13.0,214.0,20.0,227.18,17.0,221.0,6.0,60.0,30.0,1.535692026417732,90,30.0,-12.0,0.33
07:34:48,218.0,52.0,221.84,25.0,214.0,13.0,222.71,14.0,219.92,3.8400000000000034,65.0,39.0,1.8542788355593502,104,26.0,14.0,0.25
07:34:49,215.66,38.0,218.82,22.0,213.3,23.0,224.1,20.0,217.24,3.1599999999999966,61.0,42.0,2.676204401760782,103,19.0,-1.0,0.18
07:34:50,220.65,62.0,226.08,24.0,213.82,33.0,236.08,25.0,223.36,5.430000000000007,95.0,49.0,2.3786929183910788,144,46.0,41.0,0.32
07:34:51,221.0,63.0,226.22,18.0,215.78,36.0,231.11,18.0,223.61,5.219999999999999,99.0,36.0,2.6306995267426156,135,63.0,-9.0,0.47
07:34:52,221.0,75.0,225.24,42.0,218.25,16.0,228.31,26.0,223.12,4.240000000000009,91.0,68.0,2.7913974994621804,159,23.0,24.0,0.14
07:34:53,220.74,23.0,223.35,17.0,217.0,18.0,225.74,19.0,222.05,2.609999999999985,41.0,36.0,2.6589151923300594,77,5.0,-82.0,0.06
07:34:54,216.5,24.0,220.22,18.0,215.03,31.0,229.73,15.0,218.36,3.719999999999999,55.0,33.0,2.1736029996306887,88,22.0,11.0,0.25
07:34:55,216.0,32.0,219.38,16.0,214.0,24.0,230.0,16.0,217.69,3.3799999999999955,56.0,32.0,2.7535849360431417,88,24.0,0.0,0.27
07:34:56,216.5,24.0,224.11,18.0,215.21,33.0,241.4,20.0,220.31,7.610000000000014,57.0,38.0,2.323280008953675,95,19.0,7.0,0.2
07:34:57,217.75,16.0,227.31,26.0,214.62,52.0,230.0,26.0,222.53,9.560000000000002,68.0,52.0,2.1533973158717807,120,16.0,25.0,0.13
07:34:58,215.0,44.0,222.24,42.0,211.77,39.0,484.74,38.0,218.62,7.240000000000009,83.0,80.0,1.9485302153171373,163,3.0,43.0,0.02
07:34:59,215.0,48.0,216.86,42.0,213.0,84.0,221.2,30.0,215.93,1.8600000000000136,132.0,72.0,2.522950653501551,204,60.0,41.0,0.29
07:35:00,215.0,28.0,216.78,46.0,213.0,63.0,218.17,48.0,215.89,1.7800000000000011,91.0,94.0,2.8647303538036444,185,-3.0,-19.0,-0.02
07:35:01,213.75,24.0,216.26,35.0,212.85,41.0,217.25,56.0,215.0,2.509999999999991,65.0,91.0,3.074821946065174,156,-26.0,-29.0,-0.17
07:35:02,212.27,73.0,216.0,56.0,212.43,44.0,217.0,126.0,214.14,3.7299999999999898,117.0,182.0,1.6811989769221518,299,-65.0,143.0,-0.22
07:35:03,212.0,42.0,216.0,24.0,208.1,10.0,217.0,54.0,214.0,4.0,52.0,78.0,0.9214499443833587,130,-26.0,-168.0,-0.2
07:35:04,211.63,43.0,215.0,36.0,209.45,22.0,217.0,73.0,213.31,3.3700000000000045,65.0,109.0,0.9965791488909012,174,-44.0,44.0,-0.25
07:35:05,211.96,90.0,214.22,37.0,209.82,17.0,217.0,40.0,213.09,2.259999999999991,107.0,77.0,0.7552284422637567,184,30.0,10.0,0.16
07:35:06,212.0,108.0,214.0,73.0,209.35,23.0,216.14,37.0,213.0,2.0,131.0,110.0,0.5276078088923202,241,21.0,57.0,0.09
07:35:07,212.08,78.0,214.71,34.0,210.59,49.0,216.38,39.0,213.39,2.6299999999999955,127.0,73.0,0.3922626671047922,200,54.0,-41.0,0.27
07:35:08,211.1,120.0,216.0,40.0,206.0,20.0,217.0,50.0,213.55,4.900000000000006,140.0,90.0,0.22342784070962765,230,50.0,30.0,0.22
07:35:09,211.0,96.0,213.0,24.0,206.0,16.0,216.0,32.0,212.0,2.0,112.0,56.0,0.6046734656028533,168,56.0,-62.0,0.33
07:35:10,211.0,120.0,212.87,31.0,206.0,20.0,215.77,39.0,211.94,1.8700000000000045,140.0,70.0,0.7627778182434068,210,70.0,42.0,0.33
07:35:11,211.0,96.0,212.27,33.0,206.0,18.0,215.1,40.0,211.64,1.2700000000000102,114.0,73.0,0.894108494537543,187,41.0,-23.0,0.22
07:35:12,211.0,56.0,213.0,21.0,206.0,14.0,217.0,63.0,212.0,2.0,70.0,84.0,0.7550364229652854,154,-14.0,-33.0,-0.09
07:35:13,211.1,58.0,215.2,60.0,207.54,26.0,216.87,61.0,213.15,4.099999999999994,84.0,121.0,0.5807581252158328,205,-37.0,51.0,-0.18
07:35:14,210.7,40.0,216.75,48.0,206.0,20.0,217.75,32.0,213.72,6.050000000000011,60.0,80.0,0.8963258336141888,140,-20.0,-65.0,-0.14
07:35:15,208.0,44.0,216.96,69.0,206.0,22.0,217.83,24.0,212.48,8.960000000000008,66.0,93.0,0.8445235343104179,159,-27.0,19.0,-0.17
07:35:16,208.0,28.0,298.17,36.0,206.0,14.0,418.09,22.0,253.08,90.17000000000002,42.0,58.0,18.00883616450556,100,-16.0,-59.0,-0.16
07:35:24,221.0,16.0,363.5,20.0,220.0,8.0,364.0,10.0,292.25,142.5,24.0,30.0,14.591511916178673,54,-6.0,-49.0,-0.11
07:35:25,221.1,21.0,362.67,30.0,220.29,14.0,540.17,30.0,291.88,141.57000000000002,35.0,60.0,7.180373945692839,95,-25.0,41.0,-0.26
07:35:26,221.06,33.0,360.33,45.0,220.2,20.0,362.0,45.0,290.7,139.26999999999998,53.0,90.0,7.47167518030491,143,-37.0,48.0,-0.26
07:35:27,221.0,44.0,357.64,55.0,220.0,22.0,358.64,55.0,289.32,136.64,66.0,110.0,7.483896044172736,176,-44.0,33.0,-0.25
07:35:28,220.69,32.0,354.0,55.0,216.67,27.0,356.18,55.0,287.34,133.31,59.0,110.0,2.011273228575432,169,-51.0,-7.0,-0.3
07:35:29,220.27,22.0,341.89,35.0,215.54,26.0,351.83,47.0,281.08,121.61999999999998,48.0,82.0,4.254066290031734,130,-34.0,-39.0,-0.26
07:35:30,221.0,18.0,267.67,45.0,220.0,18.0,268.68,41.0,244.33,46.670000000000016,36.0,86.0,19.482612247847683,122,-50.0,-8.0,-0.41
07:35:31,221.0,33.0,246.08,65.0,220.0,26.0,258.62,65.0,233.54,25.080000000000013,59.0,130.0,26.189551733467788,189,-71.0,67.0,-0.38
07:35:32,221.0,21.0,222.5,40.0,220.0,16.0,224.0,40.0,221.75,1.5,37.0,80.0,29.138877294775543,117,-43.0,-72.0,-0.37
07:35:33,220.07,30.0,223.1,39.0,219.02,86.0,259.79,63.0,221.58,3.030000000000001,116.0,102.0,24.593526180683938,218,14.0,101.0,0.06
07:35:34,219.61,31.0,221.51,49.0,218.58,72.0,222.98,45.0,220.56,1.8999999999999773,103.0,94.0,10.396796141119003,197,9.0,-21.0,0.05
07:35:35,219.61,70.0,270.92,62.0,217.75,60.0,447.3,53.0,245.27,51.31,130.0,115.0,10.760099906598771,245,15.0,48.0,0.06
07:35:36,219.58,24.0,384.67,18.0,218.12,41.0,387.0,27.0,302.12,165.09,65.0,45.0,35.0410192488744,110,20.0,-135.0,0.18
07:35:37,219.98,43.0,270.57,35.0,218.32,40.0,311.24,33.0,245.27,50.59,83.0,68.0,33.12643279920109,151,15.0,41.0,0.1
07:35:38,220.55,11.0,260.18,17.0,219.08,39.0,263.95,42.0,240.36,39.629999999999995,50.0,59.0,30.489014907011768,109,-9.0,-42.0,-0.08
07:35:39,220.0,10.0,260.9,20.0,219.0,30.0,270.42,36.0,240.45,40.89999999999998,40.0,56.0,26.623317411622196,96,-16.0,-13.0,-0.17
07:35:40,220.0,12.0,260.0,24.0,219.0,36.0,329.33,36.0,240.0,40.0,48.0,60.0,27.188009305574134,108,-12.0,12.0,-0.11
07:35:41,220.86,22.0,260.0,22.0,219.47,17.0,328.0,11.0,240.43,39.139999999999986,39.0,33.0,2.225639234014973,72,6.0,-36.0,0.08
07:35:42,221.0,30.0,258.9,20.0,220.0,10.0,287.91,22.0,239.95,37.89999999999998,40.0,42.0,0.24304320600830406,82,-2.0,10.0,-0.02
07:35:50,220.0,63.0,247.44,18.0,219.0,45.0,281.11,45.0,233.72,27.439999999999998,108.0,63.0,1.9421817628601956,171,45.0,93.0,0.26
07:35:51,220.0,51.0,223.26,23.0,219.0,45.0,299.95,39.0,221.63,3.259999999999991,96.0,62.0,7.034036536725319,158,34.0,-13.0,0.22
07:35:52,220.03,35.0,302.26,53.0,219.04,57.0,410.06,54.0,261.15,82.22999999999999,92.0,107.0,14.351966764175094,199,-15.0,41.0,-0.08
07:35:53,219.0,48.0,303.67,48.0,218.0,36.0,404.06,53.0,261.33,84.67000000000002,84.0,101.0,17.671316589320295,185,-17.0,-14.0,-0.09
07:36:06,221.21,97.0,222.5,80.0,220.25,16.0,224.0,48.0,221.85,1.289999999999992,113.0,128.0,14.219856890981243,241,-15.0,88.0,-0.06
07:36:07,221.0,69.0,222.55,55.0,220.0,14.0,224.31,48.0,221.77,1.5500000000000114,83.0,103.0,12.685498413542371,186,-20.0,-55.0,-0.11
07:36:08,219.23,52.0,222.53,34.0,218.96,94.0,339.67,36.0,220.88,3.3000000000000114,146.0,70.0,7.753852590808345,216,76.0,30.0,0.35
07:36:09,219.0,153.0,222.45,11.0,215.0,7.0,286.73,22.0,220.73,3.4499999999999886,160.0,33.0,0.8447780773580482,193,127.0,-23.0,0.66
07:36:10,219.0,147.0,220.05,19.0,215.0,7.0,234.67,9.0,219.53,1.0500000000000114,154.0,28.0,0.9423481309922879,182,126.0,-11.0,0.69
07:36:11,219.0,78.0,220.25,8.0,215.0,4.0,298.2,10.0,219.62,1.25,82.0,18.0,0.9387917766920403,100,64.0,-82.0,0.64
07:36:12,219.0,213.0,390.29,21.0,215.0,12.0,468.77,43.0,304.64,171.29000000000002,225.0,64.0,37.77224576325832,289,161.0,168.0,0.56
07:36:13,219.0,102.0,354.67,9.0,215.0,6.0,528.3,23.0,286.83,135.67000000000002,108.0,32.0,41.981282138591084,140,76.0,-149.0,0.54
07:36:14,219.0,153.0,223.0,27.0,215.0,9.0,224.44,9.0,221.0,4.0,162.0,36.0,41.93393291834177,198,126.0,58.0,0.64
07:36:15,219.27,123.0,222.73,33.0,218.81,125.0,239.63,19.0,221.0,3.4599999999999795,248.0,52.0,41.66837313838863,300,196.0,102.0,0.65
07:36:16,219.44,137.0,224.44,18.0,218.38,64.0,256.85,26.0,221.94,5.0,201.0,44.0,41.247692299084896,245,157.0,-55.0,0.64
07:36:17,219.26,76.0,223.9,50.0,218.58,114.0,226.2,10.0,221.58,4.640000000000015,190.0,60.0,29.27287310804984,250,130.0,5.0,0.52
07:36:18,220.0,10.0,221.8,50.0,219.0,170.0,227.8,10.0,220.9,1.8000000000000114,180.0,60.0,0.4546207210277201,240,120.0,-10.0,0.5
07:36:19,220.0,10.0,221.0,50.0,219.0,158.0,229.0,10.0,220.5,1.0,168.0,60.0,0.5724334022292579,228,108.0,-12.0,0.47
07:36:20,219.05,39.0,222.85,13.0,218.45,33.0,422.71,14.0,220.95,3.799999999999983,72.0,27.0,0.5768708694220599,99,45.0,-129.0,0.45
07:36:21,219.0,120.0,227.5,34.0,213.0,12.0,289.53,15.0,223.25,8.5,132.0,49.0,1.0852326939360892,181,83.0,82.0,0.46
07:36:22,219.0,88.0,225.5,36.0,213.0,12.0,228.17,12.0,222.25,6.5,100.0,48.0,1.1470614630383955,148,52.0,-33.0,0.35
07:36:23,219.0,120.0,223.0,35.0,213.0,28.0,228.4,15.0,221.0,4.0,148.0,50.0,1.1332475457673772,198,98.0,50.0,0.49
07:36:24,219.0,82.0,224.76,17.0,213.0,24.0,419.0,34.0,221.88,5.759999999999991,106.0,51.0,0.9555260331292942,157,55.0,-41.0,0.35
07:36:25,219.0,20.0,230.43,21.0,213.0,24.0,359.69,35.0,224.71,11.430000000000007,44.0,56.0,1.420728686269087,100,-12.0,-57.0,-0.12
07:36:26,219.0,20.0,228.0,40.0,213.0,20.0,233.0,10.0,223.5,9.0,40.0,50.0,1.4525735781666604,90,-10.0,-10.0,-0.11
07:36:27,221.17,29.0,227.73,22.0,215.57,14.0,370.73,11.0,224.45,6.560000000000002,43.0,33.0,1.6180760179880145,76,10.0,-14.0,0.13
07:36:37,220.0,9.0,229.0,36.0,219.0,18.0,230.0,45.0,224.5,9.0,27.0,81.0,75.63283632126986,108,-54.0,-54.0,-0.5
07:36:38,220.92,39.0,229.0,28.0,219.4,10.0,230.0,35.0,224.96,8.080000000000013,49.0,63.0,71.5529110518922,112,-14.0,4.0,-0.12
07:36:44,220.0,12.0,233.25,60.0,219.0,12.0,375.65,37.0,226.62,13.25,24.0,97.0,1.4442402847147866,121,-73.0,2.0,-0.6
07:36:45,217.08,36.0,281.0,17.0,164.42,12.0,285.61,23.0,249.04,63.91999999999999,48.0,40.0,10.530144823315286,88,8.0,-33.0,0.09
07:36:46,203.5,28.0,233.0,11.0,153.44,27.0,294.05,42.0,218.25,29.5,55.0,53.0,11.711685190440932,108,2.0,20.0,0.02
07:36:47,197.5,8.0,229.13,38.0,144.0,24.0,231.07,14.0,213.32,31.629999999999995,32.0,52.0,13.692630499651747,84,-20.0,-24.0,-0.24
07:36:48,209.0,11.0,218.78,45.0,147.35,31.0,221.19,32.0,213.89,9.780000000000001,42.0,77.0,14.857255130070051,119,-35.0,35.0,-0.29
07:36:49,175.85,20.0,216.65,34.0,126.68,31.0,218.58,19.0,196.25,40.80000000000001,51.0,53.0,19.20474290377228,104,-2.0,-15.0,-0.02
07:36:51,183.0,12.0,211.29,21.0,80.0,24.0,212.71,21.0,197.14,28.289999999999992,36.0,42.0,17.82942147126451,78,-6.0,-76.0,-0.08
07:36:56,179.7,27.0,221.82,33.0,163.53,34.0,274.22,36.0,200.76,42.120000000000005,61.0,69.0,5.564092917986451,130,-8.0,-27.0,-0.06
07:36:57,189.67,24.0,220.21,28.0,164.0,36.0,243.0,36.0,204.94,30.54000000000002,60.0,64.0,6.749494795907889,124,-4.0,-6.0,-0.03
07:36:58,177.52,31.0,219.5,10.0,169.65,37.0,287.59,34.0,198.51,41.97999999999999,68.0,44.0,4.694200677430418,112,24.0,-12.0,0.21
07:36:59,181.0,20.0,250.33,12.0,180.21,38.0,294.11,18.0,215.67,69.33000000000001,58.0,30.0,8.251319288452542,88,28.0,-24.0,0.32
07:37:00,218.71,55.0,301.78,51.0,210.26,46.0,353.8,45.0,260.25,83.06999999999996,101.0,96.0,25.586370004359573,197,5.0,109.0,0.03
07:37:02,220.25,51.0,360.24,33.0,218.78,18.0,580.91,22.0,290.25,139.99,69.0,55.0,36.79716592347835,124,14.0,36.0,0.11
07:37:03,221.54,78.0,231.16,19.0,220.76,63.0,250.08,26.0,226.35,9.620000000000005,141.0,45.0,29.567967464808902,186,96.0,62.0,0.52
07:37:06,221.03,35.0,228.0,22.0,219.69,52.0,283.45,33.0,224.51,6.969999999999999,87.0,55.0,28.772397884083187,142,32.0,-76.0,0.23
07:37:47,221.17,66.0,223.64,75.0,220.75,157.0,266.2,66.0,222.4,2.469999999999999,223.0,141.0,3.494757502315937,364,82.0,168.0,0.23
07:37:48,221.0,70.0,222.0,20.0,219.0,40.0,253.32,38.0,221.5,1.0,110.0,58.0,3.161254497820935,168,52.0,-168.0,0.31
07:37:49,220.29,55.0,358.47,34.0,219.58,71.0,466.61,69.0,289.38,138.18000000000004,126.0,103.0,29.281560238484477,229,23.0,61.0,0.1
07:37:51,220.83,12.0,369.67,12.0,219.88,24.0,455.33,30.0,295.25,148.84,36.0,42.0,37.86347118265835,78,-6.0,-84.0,-0.08
07:37:52,220.77,52.0,359.8,20.0,219.75,16.0,481.94,34.0,290.28,139.03,68.0,54.0,31.086275589076315,122,14.0,44.0,0.11
07:37:53,221.0,50.0,346.0,20.0,220.0,15.0,396.0,12.0,283.5,125.0,65.0,32.0,4.228537572258871,97,33.0,-25.0,0.34
07:37:54,221.0,83.0,371.43,28.0,220.0,27.0,462.78,27.0,296.21,150.43,110.0,55.0,5.243774403996144,165,55.0,68.0,0.33
07:37:55,221.0,63.0,352.86,14.0,220.0,21.0,446.0,28.0,286.93,131.86,84.0,42.0,5.406896522036004,126,42.0,-39.0,0.33
07:38:14,221.44,18.0,225.22,27.0,220.5,32.0,225.91,23.0,223.33,3.780000000000001,50.0,50.0,2.7851660632735737,100,0.0,-75.0,0.0
07:38:15,220.0,30.0,222.29,28.0,219.0,10.0,224.25,12.0,221.14,2.289999999999992,40.0,40.0,2.2555775313677415,80,0.0,-20.0,0.0
07:38:16,220.0,35.0,221.83,36.0,219.0,12.0,224.21,14.0,220.92,1.8300000000000125,47.0,50.0,1.9697284076773278,97,-3.0,17.0,-0.03
07:38:17,219.38,16.0,220.97,37.0,217.14,43.0,394.8,45.0,220.17,1.5900000000000034,59.0,82.0,1.5894244241268976,141,-23.0,44.0,-0.16
07:38:18,217.15,26.0,295.28,29.0,216.14,14.0,411.45,31.0,256.21,78.12999999999997,40.0,60.0,15.616348164664176,100,-20.0,-41.0,-0.2
07:38:29,219.34,88.0,224.27,48.0,217.09,272.0,253.0,30.0,221.81,4.930000000000007,360.0,78.0,2.5803817547043546,438,282.0,168.0,0.64
07:38:30,219.14,71.0,225.79,78.0,217.29,210.0,277.54,37.0,222.47,6.650000000000006,281.0,115.0,2.0688958407834916,396,166.0,-42.0,0.42
07:38:31,219.0,6.0,342.0,12.0,217.0,60.0,658.36,14.0,280.5,123.0,66.0,26.0,25.602389146327933,92,40.0,-168.0,0.43
07:38:32,217.29,35.0,400.43,28.0,216.62,80.0,686.67,18.0,308.86,183.14000000000001,115.0,46.0,40.65603485338934,161,69.0,69.0,0.43
07:38:35,219.22,36.0,386.48,27.0,216.3,100.0,454.71,34.0,302.85,167.26000000000002,136.0,61.0,54.58059114740326,197,75.0,-78.0,0.38
07:38:37,218.36,22.0,398.29,35.0,216.14,111.0,461.51,35.0,308.32,179.93,133.0,70.0,46.96186293153194,203,63.0,123.0,0.31
07:38:38,216.11,54.0,394.27,15.0,215.16,67.0,530.26,23.0,305.19,178.15999999999997,121.0,38.0,20.658679289828772,159,83.0,-44.0,0.52
07:38:39,216.22,108.0,347.62,16.0,215.19,121.0,356.94,36.0,281.92,131.4,229.0,52.0,16.38143613972851,281,177.0,122.0,0.63
07:38:40,218.0,52.0,250.25,16.0,216.0,156.0,273.49,45.0,234.12,32.25,208.0,61.0,35.98953153348909,269,147.0,-12.0,0.55
07:38:41,220.27,55.0,226.93,14.0,216.93,110.0,228.0,56.0,223.6,6.659999999999997,165.0,70.0,39.645916561482224,235,95.0,-34.0,0.4
07:38:51,220.5,40.0,231.0,32.0,218.23,74.0,431.0,16.0,225.75,10.5,114.0,48.0,1.3945501066736323,162,66.0,82.0,0.41
07:38:54,220.08,104.0,231.0,48.0,219.0,45.0,450.89,36.0,225.54,10.919999999999987,149.0,84.0,0.47415187442819834,233,65.0,143.0,0.28
07:38:55,220.0,100.0,229.41,51.0,218.0,40.0,313.11,35.0,224.71,9.409999999999997,140.0,86.0,0.7480307480470709,226,54.0,-7.0,0.24
07:38:56,220.0,64.0,227.63,59.0,218.0,40.0,289.27,40.0,223.81,7.6299999999999955,104.0,99.0,1.1665204670403115,203,5.0,-23.0,0.02
07:38:57,220.0,60.0,225.45,44.0,218.0,40.0,226.35,46.0,222.73,5.449999999999989,100.0,90.0,1.4671298511120643,190,10.0,-13.0,0.05
07:38:58,220.0,72.0,224.31,49.0,218.47,60.0,225.58,57.0,222.15,4.310000000000002,132.0,106.0,1.3894675239185277,238,26.0,48.0,0.11
07:38:59,219.82,76.0,222.13,60.0,218.91,92.0,223.38,55.0,220.97,2.3100000000000023,168.0,115.0,1.4506136632558428,283,53.0,45.0,0.19
07:39:00,219.0,84.0,222.78,45.0,218.0,48.0,225.13,30.0,220.89,3.780000000000001,132.0,75.0,1.2312595177397572,207,57.0,-76.0,0.28
07:39:01,218.93,55.0,220.8,30.0,217.9,40.0,221.84,38.0,219.86,1.8700000000000045,95.0,68.0,1.1309288218207718,163,27.0,-44.0,0.17
07:39:02,217.49,37.0,222.0,35.0,195.58,76.0,327.11,37.0,219.74,4.509999999999991,113.0,72.0,0.9793211934932748,185,41.0,22.0,0.22
07:39:03,217.44,18.0,227.0,18.0,152.2,40.0,228.83,12.0,222.22,9.560000000000002,58.0,30.0,1.0050024875715868,88,28.0,-97.0,0.32
07:39:31,221.0,82.0,234.67,24.0,219.0,18.0,542.64,22.0,227.83,13.669999999999987,100.0,46.0,1.184229707456935,146,54.0,21.0,0.37
07:39:32,221.0,91.0,234.6,20.0,219.0,21.0,455.16,31.0,227.8,13.599999999999994,112.0,51.0,1.4074444926971177,163,61.0,17.0,0.37
07:39:33,221.0,143.0,233.36,14.0,219.0,33.0,234.43,28.0,227.18,12.360000000000014,176.0,42.0,1.4458146492629609,218,134.0,55.0,0.61
07:39:34,221.0,169.0,231.04,25.0,219.0,39.0,232.12,34.0,226.02,10.039999999999992,208.0,59.0,1.3173534074132613,267,149.0,49.0,0.56
07:39:35,221.0,127.0,229.31,29.0,219.0,33.0,230.88,16.0,225.16,8.310000000000002,160.0,45.0,1.1729535370266364,205,115.0,-62.0,0.56
07:39:36,221.0,136.0,228.63,35.0,219.0,45.0,229.06,36.0,224.81,7.6299999999999955,181.0,71.0,1.2812415853474148,252,110.0,47.0,0.44
07:39:37,221.0,60.0,225.23,13.0,219.0,30.0,226.71,17.0,223.12,4.22999999999999,90.0,30.0,1.5046660759198383,120,60.0,-132.0,0.5
07:39:38,221.0,30.0,222.8,10.0,219.0,15.0,224.0,5.0,221.9,1.8000000000000114,45.0,15.0,1.6630153336708988,60,30.0,-60.0,0.5
07:39:39,220.92,60.0,225.23,26.0,219.82,66.0,530.74,27.0,223.07,4.310000000000002,126.0,53.0,1.3507664491039162,179,73.0,119.0,0.41
07:39:40,220.0,50.0,227.42,38.0,218.6,25.0,456.08,24.0,223.71,7.4199999999999875,75.0,62.0,1.0596084182493781,137,13.0,-42.0,0.09
07:39:41,220.0,55.0,227.0,55.0,219.0,11.0,230.0,22.0,223.5,7.0,66.0,77.0,0.7009636224691531,143,-11.0,6.0,-0.08
07:39:42,221.08,48.0,229.17,36.0,219.65,17.0,275.75,32.0,225.12,8.089999999999975,65.0,68.0,1.1624758062105554,133,-3.0,-10.0,-0.02
07:39:47,220.23,13.0,228.62,39.0,219.23,13.0,233.0,26.0,224.42,8.390000000000015,26.0,65.0,0.35688933862504596,91,-39.0,28.0,-0.43
07:39:48,221.11,54.0,228.0,42.0,218.28,25.0,232.21,28.0,224.56,6.889999999999986,79.0,70.0,0.2673574386926537,149,9.0,58.0,0.06
07:39:54,219.18,22.0,337.54,26.0,217.3,43.0,425.33,21.0,278.36,118.36000000000001,65.0,47.0,27.551415027181562,112,18.0,-48.0,0.16
07:39:55,221.07,30.0,374.43,35.0,218.17,71.0,582.16,57.0,297.75,153.36,101.0,92.0,26.851264029836592,193,9.0,81.0,0.05
07:40:14,221.27,60.0,228.33,46.0,220.77,31.0,229.48,31.0,224.8,7.060000000000002,91.0,77.0,2.075748057934029,168,14.0,-71.0,0.08
07:40:16,221.15,39.0,226.0,45.0,220.75,24.0,227.0,18.0,223.58,4.849999999999994,63.0,63.0,2.090435361358409,126,0.0,-32.0,0.0
07:40:17,221.0,48.0,226.0,50.0,220.0,10.0,227.0,20.0,223.5,5.0,58.0,70.0,1.2430607386680785,128,-12.0,2.0,-0.09
07:40:19,221.0,27.0,224.25,24.0,220.0,9.0,228.89,27.0,222.62,3.25,36.0,51.0,0.6657326790975845,87,-15.0,-78.0,-0.17
07:40:20,219.26,46.0,224.0,30.0,218.1,42.0,225.0,20.0,221.63,4.740000000000009,88.0,50.0,0.8443814304084943,138,38.0,51.0,0.28
07:40:21,220.48,134.0,222.97,33.0,218.69,80.0,226.14,43.0,221.72,2.490000000000009,214.0,76.0,0.9131703017613214,290,138.0,152.0,0.48
07:40:22,219.3,53.0,222.0,39.0,218.31,65.0,230.0,65.0,220.65,2.6999999999999886,118.0,104.0,1.080430469775419,222,14.0,-68.0,0.06
07:40:23,219.91,106.0,223.74,57.0,218.65,71.0,268.11,79.0,221.82,3.8300000000000125,177.0,136.0,0.7014057313846969,313,41.0,91.0,0.13
07:40:24,221.31,52.0,227.63,62.0,219.0,39.0,404.14,35.0,224.47,6.319999999999993,91.0,97.0,1.427784997826737,188,-6.0,-125.0,-0.03
07:40:26,219.0,33.0,225.0,55.0,218.0,55.0,311.18,22.0,222.0,6.0,88.0,77.0,1.3960121776041094,165,11.0,-58.0,0.07
07:40:27,219.0,33.0,264.22,51.0,218.0,55.0,506.28,43.0,241.61,45.22000000000003,88.0,94.0,8.522087185661547,182,-6.0,17.0,-0.03
07:40:28,219.0,15.0,225.0,15.0,218.0,25.0,425.0,25.0,222.0,6.0,40.0,40.0,8.497815601671803,80,0.0,-102.0,0.0
07:40:29,220.93,87.0,225.0,39.0,218.88,41.0,441.55,44.0,222.97,4.069999999999993,128.0,83.0,8.61387659535571,211,45.0,131.0,0.21
07:40:30,221.0,56.0,224.84,25.0,219.25,16.0,334.18,17.0,222.92,3.8400000000000034,72.0,42.0,8.57160136730686,114,30.0,-97.0,0.26
07:40:31,220.96,53.0,223.38,29.0,219.6,15.0,224.34,38.0,222.17,2.4199999999999875,68.0,67.0,8.550592377140712,135,1.0,21.0,0.01
07:40:32,219.29,17.0,221.17,24.0,218.43,35.0,225.03,29.0,220.23,1.8799999999999955,52.0,53.0,1.1104368509820093,105,-1.0,-30.0,-0.01
07:40:33,218.73,49.0,222.12,57.0,216.05,117.0,258.27,45.0,220.43,3.390000000000015,166.0,102.0,1.3310071374786057,268,64.0,163.0,0.24
07:40:34,219.5,36.0,227.0,24.0,215.29,84.0,313.8,40.0,223.25,7.5,120.0,64.0,1.3996070877281805,184,56.0,-84.0,0.3
07:40:35,218.25,24.0,223.65,17.0,213.26,171.0,225.85,13.0,220.95,5.400000000000006,195.0,30.0,1.2774505861359873,225,165.0,41.0,0.73
07:40:36,219.79,19.0,221.94,16.0,218.0,36.0,223.06,32.0,220.86,2.1500000000000057,55.0,48.0,1.2143640310958306,103,7.0,-122.0,0.07
07:40:37,218.0,26.0,226.9,21.0,214.71,17.0,237.49,37.0,222.45,8.900000000000006,43.0,58.0,1.2024225546866125,101,-15.0,-2.0,-0.15
07:40:43,213.45,22.0,342.76,42.0,211.64,94.0,539.85,40.0,278.11,129.31,116.0,82.0,44.005978911961,198,34.0,30.0,0.17
07:40:44,219.65,23.0,228.11,27.0,214.29,21.0,450.65,23.0,223.88,8.460000000000008,44.0,50.0,65.5415293535326,94,-6.0,-104.0,-0.06
07:40:50,220.5,12.0,231.17,23.0,218.16,19.0,321.42,19.0,225.84,10.669999999999987,31.0,42.0,24.757793722381795,73,-11.0,10.0,-0.15
07:40:51,219.67,18.0,222.82,34.0,218.08,26.0,284.75,24.0,221.25,3.1500000000000057,44.0,58.0,25.976421616535404,102,-14.0,29.0,-0.14
07:40:52,216.33,9.0,221.83,6.0,215.5,12.0,586.0,12.0,219.08,5.5,21.0,18.0,25.721361355884987,39,3.0,-63.0,0.08
07:40:53,214.8,15.0,216.23,35.0,200.5,48.0,353.09,11.0,215.51,1.4299999999999784,63.0,46.0,14.104817262198821,109,17.0,70.0,0.16
07:40:54,199.6,10.0,216.0,40.0,168.52,23.0,220.0,10.0,207.8,16.400000000000006,33.0,50.0,6.770903189385209,83,-17.0,-26.0,-0.2
07:40:56,182.88,25.0,215.54,26.0,83.38,21.0,295.76,25.0,199.21,32.66,46.0,51.0,30.09483792945294,97,-5.0,-67.0,-0.05
07:40:57,194.29,84.0,213.0,80.0,180.42,36.0,216.0,40.0,203.64,18.710000000000008,120.0,120.0,28.03336280220482,240,0.0,143.0,0.0
07:40:58,194.0,60.0,213.0,48.0,113.83,12.0,214.8,15.0,203.5,19.0,72.0,63.0,26.21670021188865,135,9.0,-105.0,0.07
07:40:59,194.32,41.0,299.8,25.0,151.15,13.0,348.1,20.0,247.06,105.48000000000002,54.0,45.0,36.1643322902558,99,9.0,-36.0,0.09
07:41:00,194.6,50.0,239.0,30.0,160.19,21.0,437.0,20.0,216.8,44.400000000000006,71.0,50.0,19.603051293103075,121,21.0,22.0,0.17
07:41:01,195.0,40.0,225.5,24.0,156.38,8.0,292.64,22.0,210.25,30.5,48.0,46.0,18.07714855833267,94,2.0,-27.0,0.02
07:41:02,200.4,50.0,237.56,50.0,197.26,34.0,288.65,52.0,218.98,37.16,84.0,102.0,16.647153510436162,186,-18.0,92.0,-0.1
07:41:03,201.77,65.0,216.2,49.0,198.92,13.0,227.27,41.0,208.99,14.429999999999978,78.0,90.0,15.483388840949072,168,-12.0,-18.0,-0.07
07:41:04,202.0,28.0,215.0,30.0,198.0,6.0,216.0,6.0,208.5,13.0,34.0,36.0,4.838773604957207,70,-2.0,-98.0,-0.03
07:41:05,203.69,80.0,213.9,80.0,200.0,20.0,215.0,100.0,208.79,10.210000000000008,100.0,180.0,4.45435404969469,280,-80.0,168.0,-0.29
07:41:06,207.02,53.0,374.36,25.0,208.34,29.0,508.91,32.0,290.69,167.34,82.0,57.0,35.772790637578474,139,25.0,-141.0,0.18
07:41:13,221.12,8.0,223.95,22.0,218.1,31.0,347.53,17.0,222.54,2.829999999999984,39.0,39.0,1.00167359954524,78,0.0,24.0,0.0
07:41:14,221.0,9.0,223.89,27.0,218.0,44.0,439.6,10.0,222.44,2.8899999999999864,53.0,37.0,0.4887944353470235,90,16.0,12.0,0.18
07:41:15,214.0,22.0,223.0,33.0,211.21,14.0,346.36,11.0,218.5,9.0,36.0,44.0,1.8641030014531825,80,-8.0,-10.0,-0.1
07:41:16,214.0,44.0,222.36,33.0,203.49,111.0,259.2,15.0,218.18,8.360000000000014,155.0,48.0,2.2779640032334276,203,107.0,123.0,0.53
07:41:17,214.0,44.0,219.86,28.0,184.09,132.0,220.73,33.0,216.93,5.860000000000014,176.0,61.0,2.597829863564561,237,115.0,34.0,0.49
07:41:18,216.6,30.0,219.0,18.0,208.88,58.0,220.0,27.0,217.8,2.4000000000000057,88.0,45.0,2.134033739196357,133,43.0,-104.0,0.32
07:41:19,216.8,40.0,219.78,27.0,215.83,46.0,299.39,23.0,218.29,2.9799999999999898,86.0,50.0,0.6191526467914131,136,36.0,3.0,0.26
07:41:20,216.1,39.0,220.0,27.0,212.12,33.0,349.0,18.0,218.05,3.9000000000000057,72.0,45.0,0.5457563559216306,117,27.0,-19.0,0.23
07:41:21,212.0,52.0,217.57,14.0,208.0,8.0,256.14,21.0,214.79,5.569999999999993,60.0,35.0,1.4272070627730216,95,25.0,-22.0,0.26
07:41:22,213.78,37.0,245.52,27.0,210.32,19.0,332.87,15.0,229.65,31.74000000000001,56.0,42.0,5.732144450380499,98,14.0,3.0,0.14
07:41:23,220.0,6.0,381.0,3.0,213.0,3.0,743.6,5.0,300.5,161.0,9.0,8.0,36.35228851117932,17,1.0,-81.0,0.06
07:41:24,214.77,13.0,288.79,33.0,212.03,34.0,358.74,19.0,251.78,74.02000000000001,47.0,52.0,35.28405064614912,99,-5.0,82.0,-0.05
07:41:25,214.6,10.0,221.0,10.0,212.0,30.0,271.5,10.0,217.8,6.400000000000006,40.0,20.0,35.328313432713095,60,20.0,-39.0,0.33
07:41:26,217.14,21.0,221.0,15.0,215.61,41.0,341.3,23.0,219.07,3.8600000000000136,62.0,38.0,34.51940686048959,100,24.0,40.0,0.24
07:41:27,215.5,22.0,275.78,18.0,213.73,49.0,329.11,28.0,245.64,60.27999999999997,71.0,46.0,33.614223477569944,117,25.0,17.0,0.21
07:41:28,217.03,37.0,300.86,28.0,213.5,42.0,377.94,16.0,258.94,83.83000000000001,79.0,44.0,19.04625895025107,123,35.0,6.0,0.28
07:41:29,221.0,104.0,347.27,22.0,218.0,32.0,463.14,14.0,284.14,126.26999999999998,136.0,36.0,28.012533266379442,172,100.0,49.0,0.58
07:41:30,221.0,65.0,417.0,5.0,218.0,20.0,594.2,15.0,319.0,196.0,85.0,20.0,38.088045631142634,105,65.0,-67.0,0.62
07:41:34,221.0,91.0,257.79,24.0,218.0,36.0,409.3,23.0,239.4,36.79000000000002,127.0,47.0,65.73362784754822,174,80.0,-111.0,0.46
07:41:35,221.0,30.0,222.0,18.0,218.71,14.0,451.5,10.0,221.5,1.0,44.0,28.0,81.8577414176569,72,16.0,-102.0,0.22
07:41:36,221.0,50.0,447.88,26.0,219.0,20.0,596.77,30.0,334.44,226.88,70.0,56.0,82.65286970214633,126,14.0,54.0,0.11
07:41:37,220.81,36.0,376.76,46.0,218.2,40.0,489.4,40.0,298.78,155.95,76.0,86.0,79.5893195095924,162,-10.0,36.0,-0.06
07:41:40,219.0,24.0,227.17,48.0,218.0,48.0,457.25,40.0,223.08,8.169999999999987,72.0,88.0,41.57259758542878,160,-16.0,18.0,-0.1
07:41:41,218.85,33.0,226.0,44.0,214.92,52.0,275.73,51.0,222.42,7.150000000000006,85.0,95.0,37.623410664106714,180,-10.0,20.0,-0.06
07:41:42,219.22,135.0,225.13,60.0,218.71,35.0,284.59,51.0,222.18,5.909999999999997,170.0,111.0,34.157345183723415,281,59.0,101.0,0.21
07:41:43,219.36,36.0,223.7,40.0,217.07,70.0,472.93,14.0,221.53,4.339999999999975,106.0,54.0,20.126662664238385,160,52.0,-121.0,0.33
07:41:44,219.44,50.0,223.0,44.0,217.63,57.0,516.0,29.0,221.22,3.5600000000000023,107.0,73.0,0.7361249894247277,180,34.0,20.0,0.19
07:41:45,221.5,34.0,223.0,51.0,218.93,80.0,625.88,40.0,222.25,1.5,114.0,91.0,0.516865553171914,205,23.0,25.0,0.11
07:41:46,219.0,32.0,222.29,21.0,213.09,35.0,627.0,7.0,220.64,3.289999999999992,67.0,28.0,0.6751518348164741,95,39.0,-110.0,0.41
07:41:47,220.43,21.0,419.33,15.0,215.0,10.0,679.0,21.0,319.88,198.89999999999998,31.0,36.0,44.04095173812708,67,-5.0,-28.0,-0.07
07:42:09,221.0,38.0,222.0,30.0,219.0,20.0,228.13,46.0,221.5,1.0,58.0,76.0,1.147924213551082,134,-18.0,-157.0,-0.13
07:42:10,219.56,25.0,291.0,22.0,218.31,13.0,418.47,15.0,255.28,71.44,38.0,37.0,14.735485061580128,75,1.0,-59.0,0.01
07:42:11,218.15,26.0,302.91,11.0,216.8,10.0,376.11,19.0,260.53,84.76000000000002,36.0,30.0,19.70957838209746,66,6.0,-9.0,0.09
07:42:12,218.36,56.0,440.21,29.0,216.42,48.0,680.75,59.0,329.28,221.84999999999997,104.0,88.0,43.886133345283696,192,16.0,126.0,0.08
07:42:14,198.31,32.0,432.7,63.0,158.38,16.0,516.65,63.0,315.51,234.39,48.0,126.0,48.25014580288823,174,-78.0,26.0,-0.45
07:42:15,206.0,5.0,220.4,20.0,180.8,10.0,309.53,17.0,213.2,14.400000000000006,15.0,37.0,61.237602255476844,52,-22.0,-122.0,-0.42
07:42:18,187.0,18.0,215.09,22.0,186.0,12.0,216.67,24.0,201.05,28.090000000000003,30.0,46.0,56.829986626780645,76,-16.0,19.0,-0.21
07:42:19,187.55,33.0,212.56,27.0,154.6,42.0,213.62,29.0,200.05,25.00999999999999,75.0,56.0,16.580425808768982,131,19.0,55.0,0.15
07:42:20,198.3,56.0,209.15,52.0,158.87,79.0,211.0,26.0,203.73,10.849999999999994,135.0,78.0,14.38457229117692,213,57.0,82.0,0.27
07:42:21,203.96,51.0,208.57,56.0,202.09,75.0,211.0,28.0,206.27,4.609999999999985,126.0,84.0,15.49684484016317,210,42.0,-3.0,0.2
07:42:22,213.88,94.0,216.82,44.0,207.73,48.0,268.21,28.0,215.35,2.9399999999999977,142.0,72.0,6.124393847564164,214,70.0,4.0,0.33
07:42:23,214.76,84.0,217.0,40.0,212.51,57.0,292.0,20.0,215.88,2.240000000000009,141.0,60.0,7.0749120135927095,201,81.0,-13.0,0.4
07:42:24,215.11,90.0,217.92,38.0,214.48,62.0,277.0,16.0,216.52,2.809999999999974,152.0,54.0,6.060540404953568,206,98.0,5.0,0.48
07:42:25,217.56,48.0,250.31,26.0,216.63,46.0,262.0,16.0,233.94,32.75,94.0,42.0,10.056732570774047,136,52.0,-70.0,0.38
07:42:28,221.0,70.0,242.0,24.0,218.0,70.0,243.56,18.0,231.5,21.0,140.0,42.0,7.586397036805641,182,98.0,-42.0,0.54
07:42:29,221.0,136.0,237.88,50.0,218.0,130.0,238.68,38.0,229.44,16.879999999999995,266.0,88.0,2.03204822778658,354,178.0,168.0,0.5
07:42:30,221.0,78.0,235.67,18.0,218.0,60.0,236.5,24.0,228.33,14.669999999999987,138.0,42.0,2.5499509799311477,180,96.0,-168.0,0.53
07:42:31,221.0,156.0,232.54,41.0,218.0,120.0,233.55,44.0,226.77,11.539999999999992,276.0,85.0,2.7173976521763263,361,191.0,168.0,0.53
07:42:32,221.0,65.0,228.68,22.0,218.0,50.0,229.42,19.0,224.84,7.680000000000007,115.0,41.0,2.5385094051540094,156,74.0,-168.0,0.47
07:42:33,221.0,130.0,226.91,35.0,218.0,100.0,228.24,37.0,223.96,5.909999999999997,230.0,72.0,2.2984494773775186,302,158.0,146.0,0.52
07:42:34,221.0,115.0,224.0,35.0,218.0,100.0,224.59,37.0,222.5,3.0,215.0,72.0,2.301466923520405,287,143.0,-15.0,0.5
07:42:35,219.7,73.0,222.0,48.0,217.64,74.0,223.0,24.0,220.85,2.3000000000000114,147.0,72.0,2.253847820963084,219,75.0,-68.0,0.34
07:42:36,220.0,32.0,222.24,17.0,215.41,51.0,274.25,16.0,221.12,2.240000000000009,83.0,33.0,1.7403677772417006,116,50.0,-103.0,0.43
07:42:49,219.87,46.0,262.98,47.0,218.31,39.0,285.97,37.0,241.42,43.110000000000014,85.0,84.0,30.104128952686967,169,1.0,67.0,0.01
07:42:50,220.2,50.0,246.44,27.0,217.78,27.0,261.33,27.0,233.32,26.24000000000001,77.0,54.0,35.24364368223031,131,23.0,-38.0,0.18
07:43:01,219.05,146.0,436.35,31.0,217.16,38.0,549.25,53.0,327.7,217.3,184.0,84.0,51.69197858468938,268,100.0,168.0,0.37
07:43:02,219.0,118.0,415.05,39.0,217.06,32.0,560.98,47.0,317.03,196.05,150.0,86.0,32.646303466088895,236,64.0,-32.0,0.27
07:43:03,219.0,70.0,264.67,18.0,218.0,14.0,449.14,29.0,241.83,45.670000000000016,84.0,47.0,42.35775253716811,131,37.0,-105.0,0.28
07:43:04,219.0,45.0,264.0,10.0,218.0,10.0,265.0,15.0,241.5,45.0,55.0,25.0,41.72611256755167,80,30.0,-51.0,0.38
07:43:05,219.0,50.0,263.2,20.0,218.0,20.0,265.0,30.0,241.1,44.19999999999999,70.0,50.0,44.46543230420687,120,20.0,40.0,0.17
07:43:06,221.36,33.0,260.9,40.0,219.51,73.0,302.27,55.0,241.13,39.539999999999964,106.0,95.0,33.82855701918157,201,11.0,81.0,0.05
07:43:08,220.56,9.0,255.47,36.0,219.11,45.0,257.56,27.0,238.01,34.91,54.0,63.0,1.5052807047297518,117,-9.0,-26.0,-0.08
07:43:09,220.0,11.0,250.41,39.0,218.19,133.0,252.5,48.0,235.21,30.409999999999997,144.0,87.0,2.7522045708908744,231,57.0,114.0,0.25
07:43:10,220.0,13.0,236.26,38.0,218.0,234.0,244.43,61.0,228.13,16.25999999999999,247.0,99.0,5.503189984003334,346,148.0,115.0,0.43
07:43:11,220.0,15.0,230.91,54.0,218.0,270.0,232.47,57.0,225.45,10.909999999999997,285.0,111.0,6.757749625432794,396,174.0,50.0,0.44
07:43:12,219.93,15.0,226.38,48.0,218.1,180.0,227.16,67.0,223.15,6.449999999999989,195.0,115.0,6.372315120899147,310,80.0,-86.0,0.26
07:43:13,218.03,111.0,223.4,10.0,217.29,84.0,226.0,45.0,220.71,5.3700000000000045,195.0,55.0,5.575966283976507,250,140.0,-60.0,0.56
07:43:14,218.09,138.0,220.2,10.0,217.21,89.0,249.33,48.0,219.14,2.109999999999985,227.0,58.0,3.605076975606129,285,169.0,35.0,0.59
07:43:15,218.0,144.0,219.5,8.0,216.0,40.0,394.0,8.0,218.75,1.5,184.0,16.0,2.8312188188211405,200,168.0,-85.0,0.84
07:43:16,218.0,128.0,266.5,8.0,216.0,40.0,485.26,19.0,242.25,48.5,168.0,27.0,9.906957151418597,195,141.0,-5.0,0.72
07:43:17,218.0,36.0,307.86,22.0,216.0,170.0,363.19,36.0,262.93,89.86000000000001,206.0,58.0,19.54018884248659,264,148.0,69.0,0.56
07:43:18,218.0,8.0,339.64,22.0,216.0,98.0,384.53,19.0,278.82,121.63999999999999,106.0,41.0,26.592797333113097,147,65.0,-117.0,0.44
07:43:19,220.29,7.0,348.08,26.0,216.39,33.0,467.18,17.0,284.18,127.78999999999999,40.0,43.0,27.064320239016077,83,-3.0,-64.0,-0.04
07:43:22,221.0,102.0,427.9,31.0,218.5,12.0,487.14,28.0,324.45,206.89999999999998,114.0,59.0,26.465542692338065,173,55.0,66.0,0.32
07:43:23,221.0,77.0,332.43,28.0,219.2,15.0,525.08,25.0,276.71,111.43,92.0,53.0,27.023212614342675,145,39.0,-28.0,0.27
07:43:24,221.0,111.0,296.43,46.0,220.0,42.0,394.0,54.0,258.72,75.43,153.0,100.0,33.696815576549255,253,53.0,108.0,0.21
07:43:25,221.0,37.0,267.43,28.0,220.0,21.0,315.0,28.0,244.21,46.43000000000001,58.0,56.0,32.49740789663059,114,2.0,-139.0,0.02
07:43:27,221.14,14.0,320.25,48.0,220.1,42.0,604.09,46.0,270.7,99.11000000000001,56.0,94.0,14.8217249333539,150,-38.0,-2.0,-0.25
07:43:28,220.0,9.0,274.26,31.0,219.0,9.0,373.16,19.0,247.13,54.25999999999999,18.0,50.0,11.504928074525676,68,-32.0,-82.0,-0.47
07:43:29,216.04,99.0,310.22,18.0,215.11,36.0,336.05,21.0,263.13,94.18000000000004,135.0,39.0,12.195806656388434,174,96.0,106.0,0.55
07:43:30,216.0,80.0,286.33,24.0,215.0,30.0,295.22,18.0,251.17,70.32999999999998,110.0,42.0,11.16089691736321,152,68.0,-22.0,0.45
07:43:31,216.18,79.0,287.83,30.0,215.34,38.0,302.33,15.0,252.01,71.64999999999998,117.0,45.0,9.76505094712807,162,72.0,10.0,0.44
07:43:32,217.53,34.0,285.88,8.0,218.34,160.0,287.0,40.0,251.7,68.35,194.0,48.0,5.980988212662584,242,146.0,80.0,0.6
07:43:33,220.0,11.0,250.78,46.0,219.0,264.0,262.72,25.0,235.39,30.78,275.0,71.0,9.897423907260409,346,204.0,104.0,0.59
07:43:34,220.0,15.0,242.65,37.0,219.0,360.0,568.11,46.0,231.32,22.650000000000006,375.0,83.0,10.115185119413923,458,292.0,112.0,0.64
07:43:37,221.05,101.0,282.0,11.0,220.5,20.0,520.1,40.0,251.52,60.94999999999999,121.0,51.0,11.313949354668877,172,70.0,44.0,0.41
07:43:38,221.0,110.0,281.09,11.0,220.0,11.0,331.73,33.0,251.05,60.089999999999975,121.0,44.0,9.870231506910597,165,77.0,-7.0,0.47
07:43:39,221.0,60.0,280.56,9.0,220.0,6.0,587.0,16.0,250.78,59.56,66.0,25.0,2.03229673030505,91,41.0,-74.0,0.45
07:43:43,221.09,132.0,225.19,31.0,220.62,32.0,226.57,35.0,223.14,4.099999999999994,164.0,66.0,11.272607506695955,230,98.0,-51.0,0.43
07:43:45,221.0,62.0,308.4,10.0,220.0,10.0,452.0,30.0,264.7,87.39999999999998,72.0,40.0,17.469428153205705,112,32.0,-168.0,0.29
07:43:46,220.33,72.0,266.24,41.0,218.92,26.0,320.29,28.0,243.29,45.91,98.0,69.0,16.83362468394774,167,29.0,55.0,0.17
07:43:47,219.06,270.0,250.2,20.0,218.33,229.0,368.68,40.0,234.63,31.139999999999986,499.0,60.0,15.26797465284816,559,439.0,168.0,0.79
07:43:48,221.46,46.0,243.47,36.0,219.08,182.0,245.21,48.0,232.46,22.00999999999999,228.0,84.0,12.747655862942523,312,144.0,-168.0,0.46
07:43:49,219.54,128.0,227.27,33.0,218.24,76.0,238.77,13.0,223.41,7.730000000000018,204.0,46.0,15.663450130798605,250,158.0,-62.0,0.63
07:43:50,219.0,206.0,224.2,25.0,218.0,154.0,226.26,19.0,221.6,5.199999999999989,360.0,44.0,8.835868378377915,404,316.0,154.0,0.78
07:43:51,219.0,180.0,223.9,30.0,218.0,140.0,225.0,10.0,221.45,4.900000000000006,320.0,40.0,6.333612713137792,360,280.0,-44.0,0.78
07:43:52,219.0,237.0,221.58,24.0,218.0,196.0,267.25,40.0,220.29,2.5800000000000125,433.0,64.0,4.945237102508007,497,369.0,137.0,0.74
07:43:53,220.18,65.0,330.77,44.0,219.26,159.0,546.48,44.0,275.48,110.58999999999997,224.0,88.0,24.082620912185174,312,136.0,-168.0,0.44
07:43:54,219.26,69.0,329.3,23.0,218.45,101.0,426.36,33.0,274.28,110.04000000000002,170.0,56.0,29.456635075989478,226,114.0,-86.0,0.5
07:43:55,219.04,195.0,294.15,73.0,218.13,210.0,310.15,47.0,256.6,75.10999999999999,405.0,120.0,27.291818371079835,525,285.0,168.0,0.54
07:43:56,220.0,60.0,268.54,63.0,219.0,210.0,291.17,65.0,244.27,48.54000000000002,270.0,128.0,22.968981910394035,398,142.0,-127.0,0.36
07:43:57,220.83,48.0,276.82,55.0,219.57,120.0,289.73,37.0,248.83,55.98999999999998,168.0,92.0,14.38099683610303,260,76.0,-138.0,0.29
07:44:11,220.33,159.0,241.0,36.0,219.81,77.0,242.0,12.0,230.66,20.669999999999987,236.0,48.0,4.224614775340049,284,188.0,168.0,0.66
07:44:12,221.13,230.0,236.81,37.0,219.96,337.0,238.74,31.0,228.97,15.680000000000007,567.0,68.0,3.9585767644474483,635,499.0,168.0,0.79
07:44:13,220.87,78.0,232.45,20.0,220.51,146.0,233.08,36.0,226.66,11.579999999999984,224.0,56.0,3.142446499150814,280,168.0,-168.0,0.6
07:44:18,220.79,119.0,243.27,44.0,219.92,153.0,403.4,50.0,232.03,22.480000000000018,272.0,94.0,4.9936229333046125,366,178.0,168.0,0.49
07:44:25,221.13,90.0,245.08,60.0,220.09,162.0,310.78,54.0,233.11,23.950000000000017,252.0,114.0,3.389520615076346,366,138.0,100.0,0.38
07:44:26,220.0,264.0,462.17,60.0,218.0,156.0,611.0,60.0,341.08,242.17000000000002,420.0,120.0,50.79392709763649,540,300.0,168.0,0.56
07:44:27,220.0,232.0,278.59,17.0,218.0,130.0,280.68,22.0,249.29,58.589999999999975,362.0,39.0,49.26789603788665,401,323.0,-139.0,0.81
07:44:28,220.0,303.0,275.8,30.0,218.0,195.0,277.0,24.0,247.9,55.80000000000001,498.0,54.0,46.872385580424684,552,444.0,151.0,0.8
07:44:29,220.0,201.0,272.73,22.0,218.0,233.0,274.17,23.0,246.36,52.73000000000002,434.0,45.0,43.82140082197282,479,389.0,-73.0,0.81
07:44:30,220.0,216.0,268.68,28.0,218.0,260.0,270.18,22.0,244.34,48.68000000000001,476.0,50.0,42.12633831701966,526,426.0,47.0,0.81
07:44:38,221.0,44.0,229.61,46.0,220.0,55.0,230.93,29.0,225.3,8.610000000000014,99.0,75.0,6.867504641427482,174,24.0,11.0,0.14
07:44:40,221.32,37.0,224.39,31.0,220.21,57.0,227.37,43.0,222.86,3.069999999999993,94.0,74.0,2.5844883439537614,168,20.0,-75.0,0.12
07:44:41,220.64,28.0,222.2,30.0,219.71,42.0,223.4,20.0,221.42,1.5600000000000023,70.0,50.0,2.287295346043961,120,20.0,-48.0,0.17
07:44:42,219.16,43.0,220.6,20.0,218.27,45.0,261.6,40.0,219.88,1.4399999999999977,88.0,60.0,2.262635631301618,148,28.0,28.0,0.19
07:44:43,218.23,43.0,289.56,36.0,217.25,59.0,324.84,50.0,253.89,71.33000000000001,102.0,86.0,14.273550714521964,188,16.0,40.0,0.09
07:44:44,219.02,164.0,349.0,14.0,218.22,50.0,364.67,24.0,284.01,129.98,214.0,38.0,28.16369063173397,252,176.0,64.0,0.7
07:44:45,219.0,80.0,349.0,10.0,218.0,30.0,369.0,10.0,284.0,130.0,110.0,20.0,31.68988403260588,130,90.0,-122.0,0.69
07:44:46,221.14,28.0,348.5,6.0,218.84,38.0,369.0,6.0,284.82,127.36000000000001,66.0,12.0,28.609207433971285,78,54.0,-52.0,0.69
07:44:47,220.55,58.0,266.7,20.0,218.76,63.0,274.97,29.0,243.63,46.14999999999998,121.0,49.0,19.79139333144571,170,72.0,92.0,0.42
07:44:48,219.02,58.0,256.7,10.0,218.1,30.0,285.25,16.0,237.86,37.67999999999998,88.0,26.0,23.932700014833177,114,62.0,-56.0,0.54
07:44:49,220.79,24.0,255.31,13.0,219.35,23.0,289.49,61.0,238.05,34.52000000000001,47.0,74.0,24.519856647215597,121,-27.0,7.0,-0.22
07:44:50,221.0,40.0,255.0,8.0,220.0,8.0,316.0,40.0,238.0,34.0,48.0,48.0,20.466542697778976,96,0.0,-25.0,0.0
07:44:51,221.0,35.0,254.57,7.0,220.0,7.0,316.0,35.0,237.79,33.56999999999999,42.0,42.0,2.553493685133557,84,0.0,-12.0,0.0
07:44:52,221.0,54.0,239.0,20.0,220.0,12.0,510.51,49.0,230.0,18.0,66.0,69.0,3.5457086738787362,135,-3.0,51.0,-0.02
07:45:03,219.0,39.0,224.68,47.0,218.0,65.0,225.2,41.0,221.84,5.680000000000007,104.0,88.0,5.274341665082371,192,16.0,5.0,0.08
07:45:04,219.86,86.0,221.35,43.0,218.47,38.0,222.15,41.0,220.6,1.4899999999999807,124.0,84.0,5.18914540170401,208,40.0,16.0,0.19
07:45:05,220.0,54.0,221.43,35.0,219.0,24.0,230.21,34.0,220.71,1.4300000000000068,78.0,69.0,3.722411852553079,147,9.0,-61.0,0.06
07:45:06,218.75,24.0,220.75,40.0,215.46,48.0,246.65,26.0,219.75,2.0,72.0,66.0,2.4691030760235617,138,6.0,-9.0,0.04
07:45:07,214.63,38.0,218.5,30.0,159.47,59.0,238.0,22.0,216.57,3.8700000000000045,97.0,52.0,2.0013070728977085,149,45.0,11.0,0.3
07:45:08,214.0,58.0,260.4,43.0,161.86,56.0,321.0,25.0,237.2,46.39999999999998,114.0,68.0,8.132430755931958,182,46.0,33.0,0.25
07:45:09,214.0,24.0,345.0,20.0,138.13,60.0,504.55,20.0,279.5,131.0,84.0,40.0,26.273555716728165,124,44.0,-58.0,0.35
07:45:10,214.0,9.0,295.82,28.0,121.89,117.0,330.21,24.0,254.91,81.82,126.0,52.0,26.157448843494166,178,74.0,54.0,0.42
07:45:11,217.56,18.0,279.14,36.0,144.22,46.0,317.69,32.0,248.35,61.579999999999984,64.0,68.0,23.141938769256345,132,-4.0,-46.0,-0.03
07:45:13,212.0,7.0,346.33,27.0,158.0,91.0,682.91,11.0,279.17,134.32999999999998,98.0,38.0,14.127744689085906,136,60.0,40.0,0.44
07:45:14,213.27,11.0,378.0,30.0,161.44,18.0,579.0,8.0,295.64,164.73,29.0,38.0,18.95602147076206,67,-9.0,-69.0,-0.13
07:45:15,216.45,29.0,402.65,37.0,214.33,30.0,466.57,35.0,309.55,186.2,59.0,72.0,23.682125538050503,131,-13.0,64.0,-0.1
07:45:17,215.44,81.0,437.11,9.0,214.22,27.0,709.9,21.0,326.28,221.67000000000002,108.0,30.0,24.932092772167323,138,78.0,-98.0,0.57
07:45:20,221.0,15.0,295.0,5.0,218.41,37.0,309.0,25.0,258.0,74.0,52.0,30.0,47.10808879587384,82,22.0,-91.0,0.27
07:45:21,219.4,25.0,292.8,10.0,215.46,65.0,295.0,10.0,256.1,73.4,90.0,20.0,57.9583232159105,110,70.0,28.0,0.64
07:45:22,215.35,78.0,260.83,24.0,214.19,86.0,267.83,24.0,238.09,45.47999999999999,164.0,48.0,67.14374825700429,212,116.0,102.0,0.55
07:45:23,217.88,16.0,241.2,30.0,215.82,51.0,245.61,28.0,229.54,23.319999999999993,67.0,58.0,57.25763416348947,125,9.0,-87.0,0.07
07:45:24,218.52,56.0,241.0,42.0,215.16,58.0,289.0,14.0,229.76,22.47999999999999,114.0,56.0,13.916925666253473,170,58.0,45.0,0.34
07:45:25,221.0,7.0,240.71,21.0,218.0,91.0,289.0,7.0,230.86,19.710000000000008,98.0,28.0,11.310198937243772,126,70.0,-44.0,0.56
07:45:29,221.59,78.0,235.07,14.0,221.22,85.0,269.0,28.0,228.33,13.47999999999999,163.0,42.0,1.2477058948472584,205,121.0,45.0,0.59
07:45:30,221.0,151.0,235.97,32.0,220.0,13.0,329.52,33.0,228.48,14.969999999999999,164.0,65.0,1.408960609824522,229,99.0,24.0,0.43
07:45:31,221.0,77.0,232.09,22.0,220.0,11.0,234.0,33.0,226.55,11.090000000000003,88.0,55.0,1.6547598013119835,143,33.0,-86.0,0.23
07:45:32,221.33,75.0,229.75,24.0,220.21,19.0,231.29,31.0,225.54,8.419999999999987,94.0,55.0,1.6726774943303324,149,39.0,6.0,0.26
07:45:33,221.0,49.0,228.1,20.0,219.0,21.0,229.2,15.0,224.55,7.099999999999994,70.0,35.0,1.7186768166354858,105,35.0,-44.0,0.33
07:45:34,221.0,59.0,227.04,25.0,219.0,33.0,228.2,30.0,224.02,6.039999999999992,92.0,55.0,1.7705564097314697,147,37.0,42.0,0.25
07:45:35,221.0,44.0,225.88,16.0,219.0,24.0,228.0,24.0,223.44,4.8799999999999955,68.0,40.0,1.237800468590266,108,28.0,-39.0,0.26
07:45:36,221.0,98.0,223.37,27.0,219.0,39.0,273.39,36.0,222.19,2.3700000000000045,137.0,63.0,1.2500679981677794,200,74.0,92.0,0.37
07:45:37,221.0,35.0,428.71,14.0,219.0,21.0,646.0,6.0,324.86,207.70999999999998,56.0,20.0,45.31571327917086,76,36.0,-124.0,0.47
07:45:39,220.21,14.0,433.0,16.0,218.2,15.0,0.0,0.0,326.61,212.79,29.0,16.0,68.98393994256902,45,13.0,9.0,0.29
07:45:40,219.0,6.0,271.0,12.0,218.0,12.0,0.0,0.0,245.0,52.0,18.0,12.0,63.89284662620664,30,6.0,-15.0,0.2
07:45:41,219.0,24.0,269.1,10.0,218.0,16.0,270.85,13.0,244.05,50.10000000000002,40.0,23.0,57.76602435688265,63,17.0,33.0,0.27
07:45:42,219.36,11.0,261.25,28.0,218.22,18.0,286.53,30.0,240.31,41.889999999999986,29.0,58.0,62.159026858534226,87,-29.0,24.0,-0.33
07:45:43,220.6,10.0,258.83,30.0,219.0,10.0,259.17,30.0,239.72,38.22999999999999,20.0,60.0,37.787411528179774,80,-40.0,-7.0,-0.5
07:45:44,221.57,7.0,255.6,10.0,219.0,7.0,257.09,11.0,238.59,34.03,14.0,21.0,2.8195442894259197,35,-7.0,-45.0,-0.2
07:45:46,218.17,36.0,250.78,46.0,217.71,51.0,251.91,23.0,234.47,32.610000000000014,87.0,69.0,2.3260954408704544,156,18.0,126.0,0.12
07:45:47,219.3,53.0,245.49,35.0,217.86,63.0,247.15,33.0,232.39,26.189999999999998,116.0,68.0,3.012918850556748,184,48.0,28.0,0.26
07:45:48,218.91,22.0,241.33,21.0,217.88,41.0,242.2,41.0,230.12,22.420000000000016,63.0,62.0,3.4607629216752818,125,1.0,-59.0,0.01
07:45:49,218.49,49.0,238.58,38.0,217.29,21.0,239.58,33.0,228.53,20.090000000000003,70.0,71.0,3.4593091795971094,141,-1.0,16.0,-0.01
07:45:50,219.0,33.0,236.12,41.0,218.0,10.0,237.07,29.0,227.56,17.120000000000005,43.0,70.0,2.8256379810667784,113,-27.0,-28.0,-0.24
07:45:51,219.0,36.0,232.48,27.0,218.0,12.0,233.52,27.0,225.74,13.47999999999999,48.0,54.0,2.5289068784850963,102,-6.0,-11.0,-0.06
07:45:52,219.0,27.0,228.9,20.0,218.0,10.0,229.9,20.0,223.95,9.900000000000006,37.0,40.0,2.4040070715476958,77,-3.0,-25.0,-0.04
07:45:53,219.0,30.0,224.95,44.0,218.0,15.0,227.09,35.0,221.98,5.949999999999989,45.0,79.0,2.6580763721257825,124,-34.0,47.0,-0.27
07:45:54,218.71,14.0,222.0,33.0,216.24,41.0,222.64,22.0,220.36,3.289999999999992,55.0,55.0,2.8722848048296683,110,0.0,-14.0,0.0
07:45:55,216.44,72.0,219.0,61.0,215.07,118.0,221.52,21.0,217.72,2.5600000000000023,190.0,82.0,3.1139203586569075,272,108.0,162.0,0.4
07:45:56,217.0,90.0,218.45,22.0,213.43,187.0,272.24,33.0,217.73,1.4499999999999886,277.0,55.0,2.7110090372516393,332,222.0,60.0,0.67
07:45:57,212.72,109.0,260.91,33.0,203.86,142.0,376.8,49.0,236.82,48.190000000000026,251.0,82.0,7.97845975110839,333,169.0,1.0,0.51
07:45:58,211.13,52.0,331.0,9.0,200.44,43.0,571.0,45.0,271.07,119.87,95.0,54.0,22.858259995022433,149,41.0,-168.0,0.28
07:45:59,212.64,22.0,326.35,78.0,211.44,64.0,463.03,66.0,269.49,113.71000000000004,86.0,144.0,26.47898657426356,230,-58.0,81.0,-0.25
07:46:04,221.19,59.0,242.3,40.0,219.91,22.0,248.43,42.0,231.74,21.110000000000014,81.0,82.0,1.3828340464577031,163,-1.0,7.0,-0.01
07:46:05,220.0,150.0,240.45,33.0,218.0,50.0,257.61,28.0,230.23,20.44999999999999,200.0,61.0,1.5994592836468338,261,139.0,98.0,0.53
07:46:06,220.0,120.0,235.25,24.0,218.0,40.0,238.75,24.0,227.62,15.25,160.0,48.0,2.689726751929556,208,112.0,-53.0,0.54
07:46:07,220.0,105.0,226.29,21.0,218.0,35.0,230.14,21.0,223.14,6.289999999999992,140.0,42.0,4.21262151160634,182,98.0,-26.0,0.54
07:46:08,220.0,180.0,224.33,43.0,218.0,60.0,225.47,40.0,222.16,4.3300000000000125,240.0,83.0,4.231066059523509,323,157.0,141.0,0.49
07:46:09,220.0,153.0,221.33,36.0,217.33,90.0,224.0,48.0,220.67,1.3300000000000125,243.0,84.0,4.006648225144655,327,159.0,4.0,0.49
07:46:10,219.38,132.0,221.0,45.0,216.86,144.0,224.0,60.0,220.19,1.6200000000000045,276.0,105.0,2.962132677659394,381,171.0,54.0,0.45
07:46:11,218.0,130.0,220.8,41.0,217.0,130.0,225.85,47.0,219.4,2.8000000000000114,260.0,88.0,1.5155428070694037,348,172.0,-33.0,0.49
07:46:12,218.0,60.0,221.0,18.0,217.0,60.0,410.0,30.0,219.5,3.0,120.0,48.0,1.1206382110479707,168,72.0,-168.0,0.43
07:46:13,218.62,53.0,221.0,39.0,217.79,97.0,432.96,51.0,219.81,2.3799999999999955,150.0,90.0,0.5230009560807847,240,60.0,72.0,0.25
07:46:14,218.43,49.0,232.32,41.0,217.92,53.0,288.55,55.0,225.37,13.889999999999986,102.0,96.0,2.543251855412713,198,6.0,-42.0,0.03
07:46:15,218.0,35.0,225.0,25.0,215.62,13.0,264.0,25.0,221.5,7.0,48.0,50.0,2.525159400921031,98,-2.0,-100.0,-0.02
07:46:16,218.24,83.0,225.0,65.0,217.76,37.0,315.69,65.0,221.62,6.759999999999991,120.0,130.0,2.3360971726491364,250,-10.0,152.0,-0.04
07:46:17,218.0,91.0,225.0,61.0,217.0,13.0,478.49,57.0,221.5,7.0,104.0,118.0,2.0487435173927397,222,-14.0,-28.0,-0.06
07:46:18,218.0,20.0,225.0,30.0,217.0,5.0,552.0,15.0,221.5,7.0,25.0,45.0,1.7180861445394218,70,-20.0,-152.0,-0.29
07:46:19,217.91,35.0,225.0,78.0,216.57,14.0,535.78,37.0,221.46,7.090000000000003,49.0,115.0,0.060663004041518996,164,-66.0,94.0,-0.4
07:46:20,217.0,10.0,225.0,30.0,216.0,20.0,351.61,46.0,221.0,8.0,30.0,76.0,0.24016660896026923,106,-46.0,-58.0,-0.43
07:46:21,218.91,85.0,223.35,62.0,216.89,19.0,224.32,59.0,221.13,4.439999999999998,104.0,121.0,0.23605084210738322,225,-17.0,119.0,-0.08
07:46:22,218.6,47.0,221.04,56.0,216.16,19.0,226.15,61.0,219.82,2.4399999999999977,66.0,117.0,0.6836080748938366,183,-51.0,-42.0,-0.28
07:46:23,218.07,28.0,221.0,33.0,216.18,39.0,227.0,33.0,219.54,2.930000000000007,67.0,66.0,0.853229160343569,133,1.0,-50.0,0.01
07:46:24,218.82,76.0,227.0,24.0,217.0,8.0,506.5,30.0,222.91,8.180000000000007,84.0,54.0,1.3338853024380295,138,30.0,5.0,0.22
07:46:25,219.0,62.0,227.0,36.0,217.0,12.0,630.03,58.0,223.0,8.0,74.0,94.0,1.6429394389507033,168,-20.0,30.0,-0.12
07:46:26,219.0,3.0,227.0,9.0,217.0,3.0,674.0,12.0,223.0,8.0,6.0,21.0,1.8050983352878998,27,-15.0,-141.0,-0.56
07:46:27,219.25,8.0,227.0,24.0,217.77,13.0,390.34,29.0,223.12,7.75,21.0,53.0,1.5525076489532224,74,-32.0,47.0,-0.43
07:46:28,220.0,13.0,227.0,39.0,219.0,13.0,283.31,42.0,223.5,7.0,26.0,81.0,0.23255106978293258,107,-55.0,33.0,-0.51
07:46:29,216.19,48.0,227.0,42.0,214.26,73.0,415.0,43.0,221.59,10.810000000000002,121.0,85.0,0.7293284582803067,206,36.0,99.0,0.17
07:46:30,215.68,22.0,226.53,17.0,213.43,47.0,262.14,21.0,221.11,10.849999999999994,69.0,38.0,1.047391999233345,107,31.0,-99.0,0.29
07:46:31,215.58,57.0,226.0,18.0,213.36,66.0,248.0,39.0,220.79,10.419999999999987,123.0,57.0,1.2171976010733088,180,66.0,73.0,0.37
07:46:32,216.7,110.0,225.0,20.0,213.28,72.0,228.0,50.0,220.85,8.300000000000011,182.0,70.0,1.1251311034982612,252,112.0,72.0,0.44
07:46:33,217.0,110.0,224.9,20.0,213.25,40.0,228.0,50.0,220.95,7.900000000000006,150.0,70.0,0.32112302947606747,220,80.0,-32.0,0.36
07:46:34,217.0,88.0,222.38,16.0,214.0,16.0,227.12,40.0,219.69,5.3799999999999955,104.0,56.0,0.5654378834676668,160,48.0,-60.0,0.3
07:46:35,217.06,94.0,222.71,28.0,214.86,28.0,246.18,51.0,219.89,5.650000000000006,122.0,79.0,0.5948781388324202,201,43.0,41.0,0.21
07:46:36,220.0,22.0,224.0,55.0,217.0,88.0,405.0,33.0,222.0,4.0,110.0,88.0,0.9284826331495871,198,22.0,-3.0,0.11
07:46:37,220.39,23.0,224.0,61.0,217.21,86.0,455.73,48.0,222.2,3.6100000000000136,109.0,109.0,1.1593230783780688,218,0.0,20.0,0.0
07:46:38,220.11,19.0,224.0,30.0,217.08,74.0,406.75,24.0,222.05,3.8899999999999864,93.0,54.0,1.260249975227017,147,39.0,-71.0,0.27
07:46:39,218.86,28.0,222.56,36.0,217.57,112.0,246.03,30.0,220.71,3.6999999999999886,140.0,66.0,1.0215429506679616,206,74.0,59.0,0.36
07:46:40,218.0,78.0,219.83,60.0,217.0,96.0,227.71,42.0,218.92,1.8300000000000125,174.0,102.0,1.3962557072612798,276,72.0,70.0,0.26
07:46:41,218.0,23.0,228.0,35.0,217.0,104.0,240.36,33.0,223.0,10.0,127.0,68.0,1.6004780536012966,195,59.0,-81.0,0.3
07:46:42,218.0,10.0,226.75,32.0,217.0,80.0,228.29,28.0,222.38,8.75,90.0,60.0,1.625475315118425,150,30.0,-45.0,0.2
07:46:43,218.71,55.0,225.86,28.0,216.89,88.0,230.43,42.0,222.28,7.150000000000006,143.0,70.0,1.6510966053079004,213,73.0,63.0,0.34
07:46:44,219.3,54.0,224.27,22.0,217.15,65.0,230.45,33.0,221.78,4.969999999999999,119.0,55.0,1.5984117116872476,174,64.0,-39.0,0.37
07:46:52,220.0,24.0,226.0,32.0,219.0,32.0,227.0,24.0,223.0,6.0,56.0,56.0,0.9893937537981065,112,0.0,21.0,0.0
07:46:53,220.0,11.0,225.45,44.0,217.17,59.0,227.64,33.0,222.73,5.449999999999989,70.0,77.0,1.230256070928052,147,-7.0,35.0,-0.05
07:46:54,220.0,9.0,225.0,36.0,219.0,9.0,230.0,27.0,222.5,5.0,18.0,63.0,0.9821507012960091,81,-45.0,-66.0,-0.56
07:46:55,217.68,31.0,224.36,44.0,214.2,15.0,230.0,33.0,221.02,6.680000000000007,46.0,77.0,1.3073561106512475,123,-31.0,42.0,-0.25
07:46:56,217.0,74.0,220.5,56.0,210.0,28.0,221.96,54.0,218.75,3.5,102.0,110.0,1.7681770273529827,212,-8.0,89.0,-0.04
07:46:57,212.06,17.0,218.67,43.0,130.06,48.0,234.61,38.0,215.37,6.609999999999985,65.0,81.0,3.070639998446741,146,-16.0,-66.0,-0.11
07:46:58,214.0,81.0,313.7,27.0,210.0,18.0,370.17,23.0,263.85,99.69999999999999,99.0,50.0,20.05510084741658,149,49.0,3.0,0.33
07:46:59,214.0,110.0,245.8,35.0,210.0,22.0,285.94,34.0,229.9,31.80000000000001,132.0,69.0,19.791575733125622,201,63.0,52.0,0.31
07:47:00,216.56,27.0,242.44,25.0,214.51,41.0,312.9,20.0,229.5,25.879999999999995,68.0,45.0,19.208191742067875,113,23.0,-88.0,0.2
07:47:01,216.63,57.0,228.28,46.0,215.21,103.0,239.78,49.0,222.46,11.650000000000006,160.0,95.0,18.657556914023964,255,65.0,142.0,0.25
07:47:02,219.56,27.0,225.56,27.0,218.0,90.0,226.5,24.0,222.56,6.0,117.0,51.0,17.259266496582097,168,66.0,-87.0,0.39
07:47:03,220.0,36.0,223.58,36.0,217.41,51.0,225.0,36.0,221.79,3.5800000000000125,87.0,72.0,4.082783364330412,159,15.0,-9.0,0.09
07:47:04,219.29,80.0,221.18,33.0,217.47,45.0,223.13,30.0,220.23,1.8900000000000148,125.0,63.0,3.5846157395257836,188,62.0,29.0,0.33
07:47:05,220.0,43.0,221.0,21.0,218.0,21.0,225.0,14.0,220.5,1.0,64.0,35.0,1.088792909629107,99,29.0,-89.0,0.29
07:47:06,220.0,25.0,224.48,23.0,218.0,33.0,376.29,31.0,222.24,4.47999999999999,58.0,54.0,1.0442365632646093,112,4.0,13.0,0.04
07:47:07,220.88,16.0,225.0,16.0,218.0,24.0,414.71,28.0,222.94,4.1200000000000045,40.0,44.0,1.1521935601532298,84,-4.0,-28.0,-0.05
07:47:12,219.28,106.0,415.79,38.0,218.89,135.0,536.33,36.0,317.54,196.51000000000002,241.0,74.0,100.99829538165466,315,167.0,74.0,0.53
07:47:13,219.16,172.0,379.25,32.0,218.71,84.0,564.12,32.0,299.2,160.09,256.0,64.0,94.21088084717148,320,192.0,5.0,0.6
07:47:14,219.0,138.0,307.67,12.0,218.0,18.0,468.0,10.0,263.33,88.67000000000002,156.0,22.0,87.3375075783591,178,134.0,-142.0,0.75
07:47:15,219.0,207.0,298.53,17.0,218.0,27.0,304.78,18.0,258.76,79.52999999999997,234.0,35.0,79.79393604779703,269,199.0,91.0,0.74
07:47:16,219.0,272.0,239.78,23.0,216.75,72.0,276.65,23.0,229.39,20.78,344.0,46.0,34.879422730314545,390,298.0,121.0,0.76
07:47:17,219.27,226.0,237.64,28.0,217.29,102.0,281.71,28.0,228.45,18.369999999999976,328.0,56.0,29.13129640095005,384,272.0,-6.0,0.71
07:47:30,220.0,17.0,223.18,55.0,219.0,187.0,224.38,68.0,221.59,3.180000000000007,204.0,123.0,1.4681723332249526,327,81.0,168.0,0.25
07:47:31,219.0,97.0,220.85,41.0,218.0,30.0,222.51,41.0,219.93,1.8499999999999943,127.0,82.0,2.04115163573131,209,45.0,-118.0,0.22
07:47:32,217.28,58.0,221.58,12.0,214.32,53.0,223.0,12.0,219.43,4.300000000000011,111.0,24.0,2.2538012334830944,135,87.0,-74.0,0.64
07:47:33,217.0,12.0,220.14,7.0,214.0,42.0,221.86,7.0,218.57,3.1399999999999864,54.0,14.0,2.088894444449384,68,40.0,-67.0,0.59
07:47:34,217.0,16.0,218.25,16.0,214.0,96.0,221.0,16.0,217.62,1.25,112.0,32.0,1.4942623598462208,144,80.0,76.0,0.56
07:47:35,214.16,69.0,221.77,22.0,213.25,73.0,232.2,60.0,217.97,7.610000000000014,142.0,82.0,0.9697834810173699,224,60.0,80.0,0.27
07:47:36,219.0,12.0,226.25,60.0,214.0,72.0,316.0,48.0,222.62,7.25,84.0,108.0,2.0091465850090233,192,-24.0,-32.0,-0.12
07:47:37,219.0,12.0,226.0,60.0,214.0,72.0,286.53,34.0,222.5,7.0,84.0,94.0,2.492033306369029,178,-10.0,-14.0,-0.06
07:47:38,214.71,68.0,226.0,65.0,212.98,117.0,404.79,28.0,220.35,11.289999999999992,185.0,93.0,2.3873353346465707,278,92.0,100.0,0.33
07:47:39,213.0,99.0,226.0,45.0,211.0,81.0,436.0,33.0,219.5,13.0,180.0,78.0,1.9924281668485664,258,102.0,-20.0,0.4
07:47:40,213.0,176.0,226.0,80.0,211.0,144.0,512.75,32.0,219.5,13.0,320.0,112.0,1.5605063281035112,432,208.0,168.0,0.48
07:47:41,215.3,60.0,226.0,60.0,213.37,105.0,370.08,24.0,220.65,10.699999999999989,165.0,84.0,1.2293290853354275,249,81.0,-168.0,0.33
07:47:42,220.56,16.0,226.0,80.0,219.0,25.0,364.0,32.0,223.28,5.439999999999998,41.0,112.0,1.5533608724476822,153,-71.0,-96.0,-0.46
07:47:46,219.27,75.0,224.91,47.0,218.47,75.0,377.49,53.0,222.09,5.639999999999986,150.0,100.0,0.942878571210174,250,50.0,108.0,0.2
07:47:47,219.0,77.0,227.45,22.0,218.0,44.0,394.37,35.0,223.23,8.449999999999989,121.0,57.0,0.947480870544285,178,64.0,-72.0,0.36
07:47:48,219.0,42.0,228.0,12.0,218.0,24.0,315.0,18.0,223.5,9.0,66.0,30.0,0.8750542840576021,96,36.0,-82.0,0.38
07:47:49,219.0,70.0,228.0,22.0,218.0,44.0,357.25,51.0,223.5,9.0,114.0,73.0,0.7887141434307735,187,41.0,91.0,0.22
07:47:50,218.79,56.0,227.82,17.0,214.75,61.0,330.0,27.0,223.3,9.030000000000001,117.0,44.0,0.5903642943539205,161,73.0,-26.0,0.45
07:47:51,219.0,98.0,226.17,24.0,218.0,56.0,227.89,18.0,222.58,7.1699999999999875,154.0,42.0,0.37844418353023274,196,112.0,35.0,0.57
07:47:52,219.0,91.0,225.69,26.0,218.0,52.0,227.0,13.0,222.35,6.689999999999998,143.0,39.0,0.542752245548662,182,104.0,-14.0,0.57
07:47:53,219.0,70.0,223.0,30.0,218.0,92.0,223.87,30.0,221.0,4.0,162.0,60.0,0.988473570738646,222,102.0,40.0,0.46
07:47:54,219.0,19.0,220.72,29.0,218.0,110.0,221.74,19.0,219.86,1.7199999999999989,129.0,48.0,1.3750345450387051,177,81.0,-45.0,0.46
07:47:55,218.04,73.0,219.5,30.0,216.09,44.0,314.81,26.0,218.77,1.460000000000008,117.0,56.0,1.624244439747604,173,61.0,-4.0,0.35
07:47:56,218.0,31.0,353.17,18.0,212.0,8.0,519.53,17.0,285.58,135.17000000000002,39.0,35.0,29.137264284761418,74,4.0,-99.0,0.05
07:47:57,218.0,61.0,318.76,21.0,212.0,18.0,409.48,31.0,268.38,100.75999999999999,79.0,52.0,31.872228036333144,131,27.0,57.0,0.21
07:47:58,218.09,57.0,226.0,24.0,215.0,36.0,372.92,39.0,222.04,7.909999999999997,93.0,63.0,31.697979115395043,156,30.0,25.0,0.19
07:47:59,220.53,15.0,226.0,18.0,215.3,23.0,265.67,30.0,223.27,5.469999999999999,38.0,48.0,31.108840704854615,86,-10.0,-70.0,-0.12
07:48:01,219.33,43.0,226.0,22.0,215.08,48.0,408.26,35.0,222.66,6.6699999999999875,91.0,57.0,20.29512305949476,148,34.0,45.0,0.23
07:48:02,217.0,30.0,226.0,12.0,214.0,48.0,453.4,15.0,221.5,9.0,78.0,27.0,1.040471047193863,105,51.0,-43.0,0.49
07:48:03,217.37,19.0,226.0,14.0,216.87,23.0,425.0,28.0,221.68,8.629999999999995,42.0,42.0,1.1099459446517124,84,0.0,-21.0,0.0
07:48:04,217.5,20.0,226.0,20.0,216.83,30.0,425.0,40.0,221.75,8.5,50.0,60.0,1.1072036849871794,110,-10.0,26.0,-0.09
07:48:05,217.0,10.0,226.0,16.0,216.0,8.0,408.33,36.0,221.5,9.0,18.0,52.0,0.48344596394002415,70,-34.0,-40.0,-0.49
07:48:06,217.0,9.0,225.36,22.0,216.0,9.0,346.78,36.0,221.18,8.360000000000014,18.0,58.0,0.22072607469504088,76,-40.0,6.0,-0.53
07:48:07,217.0,7.0,223.0,10.0,216.0,5.0,225.0,20.0,220.0,6.0,12.0,30.0,0.7177882696524468,42,-18.0,-34.0,-0.43
07:48:08,217.0,9.0,222.2,30.0,216.0,9.0,225.0,24.0,219.6,5.199999999999989,18.0,54.0,0.9508837994472129,72,-36.0,30.0,-0.5
07:48:09,218.25,8.0,221.11,27.0,216.62,8.0,223.33,24.0,219.68,2.8600000000000136,16.0,51.0,0.8855055053762679,67,-35.0,-5.0,-0.52
07:48:10,217.69,16.0,343.28,53.0,216.69,16.0,473.82,49.0,280.49,125.58999999999997,32.0,102.0,27.00793587077763,134,-70.0,67.0,-0.52
07:48:11,219.68,22.0,407.32,34.0,216.67,27.0,483.33,39.0,313.5,187.64,49.0,73.0,43.883977486094096,122,-24.0,-12.0,-0.2
07:48:12,216.0,12.0,224.53,17.0,213.58,60.0,226.97,32.0,220.26,8.530000000000001,72.0,49.0,43.83870413230772,121,23.0,-1.0,0.19
07:48:13,210.92,13.0,217.69,16.0,201.62,26.0,219.42,19.0,214.31,6.77000000000001,39.0,35.0,44.82972417938811,74,4.0,-47.0,0.05
07:48:14,207.97,29.0,211.62,29.0,166.53,15.0,212.5,28.0,209.79,3.6500000000000057,44.0,57.0,46.66324410068397,101,-13.0,27.0,-0.13
07:48:15,190.5,10.0,207.7,10.0,107.0,12.0,209.33,12.0,199.1,17.19999999999999,22.0,22.0,46.54798459654336,44,0.0,-57.0,0.0
07:48:16,201.0,6.0,208.0,11.0,19.67,12.0,209.0,6.0,204.5,7.0,18.0,17.0,8.247961566354743,35,1.0,-9.0,0.03
07:48:17,201.0,4.0,208.0,4.0,140.75,8.0,209.0,4.0,204.5,7.0,12.0,8.0,5.800047413605253,20,4.0,-15.0,0.2
07:48:18,186.0,12.0,208.0,8.0,148.67,12.0,209.0,8.0,197.0,22.0,24.0,16.0,5.045088700912349,40,8.0,20.0,0.2
07:48:23,169.95,38.0,206.93,14.0,160.75,8.0,208.25,8.0,188.44,36.98000000000002,46.0,22.0,5.040920550861837,68,24.0,25.0,0.35
07:48:24,170.91,43.0,207.53,17.0,171.13,23.0,208.69,13.0,189.22,36.620000000000005,66.0,30.0,5.834541970034949,96,36.0,28.0,0.38
07:48:25,175.45,44.0,208.0,12.0,174.38,47.0,209.0,12.0,191.73,32.55000000000001,91.0,24.0,5.120571257203172,115,67.0,19.0,0.58
07:48:26,178.38,40.0,208.0,9.0,176.62,39.0,209.0,9.0,193.19,29.620000000000005,79.0,18.0,2.5677869849524457,97,61.0,-18.0,0.63
07:48:27,181.2,30.0,208.0,8.0,180.31,26.0,209.0,8.0,194.6,26.80000000000001,56.0,16.0,2.600986351384626,72,40.0,-25.0,0.56
07:48:28,186.6,90.0,208.0,12.0,185.01,77.0,209.0,12.0,197.3,21.400000000000006,167.0,24.0,3.0319581131814464,191,143.0,119.0,0.75
07:48:29,202.3,46.0,208.0,9.0,189.8,79.0,209.0,9.0,205.15,5.699999999999989,125.0,18.0,5.308609045699498,143,107.0,-48.0,0.75
07:48:30,206.44,55.0,212.93,69.0,205.58,154.0,436.45,51.0,209.68,6.490000000000009,209.0,120.0,7.124775785951276,329,89.0,168.0,0.27
07:48:31,209.74,57.0,213.0,90.0,208.28,47.0,520.09,55.0,211.37,3.259999999999991,104.0,145.0,7.423439229903661,249,-41.0,-80.0,-0.16
07:48:32,211.83,36.0,274.69,71.0,210.72,58.0,531.59,44.0,243.26,62.859999999999985,94.0,115.0,17.584367204993736,209,-21.0,-40.0,-0.1
07:48:44,218.57,21.0,250.0,15.0,217.33,27.0,250.67,30.0,234.29,31.430000000000007,48.0,45.0,4.146725213950662,93,3.0,-63.0,0.03
07:48:45,216.0,28.0,247.77,13.0,214.88,24.0,249.95,37.0,231.88,31.77000000000001,52.0,50.0,3.6421394811316112,102,2.0,9.0,0.02
07:48:46,216.7,40.0,245.31,16.0,215.0,30.0,246.44,16.0,231.01,28.610000000000014,70.0,32.0,3.6904295143004697,102,38.0,0.0,0.37
07:48:47,219.22,27.0,239.67,12.0,218.7,60.0,244.5,12.0,229.44,20.44999999999999,87.0,24.0,3.313498151504303,111,63.0,9.0,0.57
07:48:48,220.11,9.0,235.52,27.0,219.0,60.0,236.67,12.0,227.81,15.409999999999997,69.0,39.0,2.456792624546255,108,30.0,-3.0,0.28
07:48:49,220.43,68.0,233.37,35.0,218.63,41.0,234.82,17.0,226.9,12.939999999999998,109.0,52.0,2.092957237983289,161,57.0,53.0,0.35
07:48:52,220.62,78.0,223.4,25.0,217.77,77.0,393.31,35.0,222.01,2.780000000000001,155.0,60.0,2.3110668532154675,215,95.0,25.0,0.44
07:48:53,218.0,63.0,221.57,14.0,216.0,21.0,363.14,28.0,219.79,3.569999999999993,84.0,42.0,3.0263096338664996,126,42.0,-89.0,0.33
07:48:54,218.0,108.0,220.67,24.0,215.45,31.0,589.0,8.0,219.33,2.6699999999999875,139.0,32.0,3.0746999853701134,171,107.0,45.0,0.63
07:48:55,218.0,34.0,425.0,24.0,216.0,18.0,507.0,4.0,321.5,207.0,52.0,28.0,44.8050642226971,80,24.0,-91.0,0.3
07:48:57,218.0,20.0,286.92,24.0,216.0,20.0,376.11,36.0,252.46,68.92000000000002,40.0,60.0,61.285196989158614,100,-20.0,60.0,-0.2
07:48:58,221.41,41.0,363.0,19.0,217.0,28.0,608.58,38.0,292.21,141.59,69.0,57.0,53.51656818219903,126,12.0,26.0,0.1
07:48:59,220.22,27.0,375.0,9.0,216.47,34.0,412.22,36.0,297.61,154.78,61.0,45.0,37.507877439278545,106,16.0,-20.0,0.15
07:49:00,218.0,16.0,266.5,8.0,217.0,16.0,379.73,11.0,242.25,48.5,32.0,19.0,44.16800731298571,51,13.0,-55.0,0.25
07:49:01,216.21,39.0,251.0,9.0,214.1,123.0,393.22,9.0,233.6,34.78999999999999,162.0,18.0,29.390180843267796,180,144.0,129.0,0.8
07:49:02,216.44,36.0,286.8,15.0,214.74,108.0,366.0,12.0,251.62,70.36000000000001,144.0,27.0,29.472250847194985,171,117.0,-9.0,0.68
07:49:03,217.7,47.0,291.0,14.0,214.32,162.0,367.36,14.0,254.35,73.30000000000001,209.0,28.0,24.718700006270435,237,181.0,66.0,0.76
07:49:12,221.15,52.0,223.56,32.0,219.06,68.0,224.63,43.0,222.36,2.4099999999999966,120.0,75.0,0.43257369317611394,195,45.0,-32.0,0.23
07:49:13,219.8,30.0,222.33,36.0,217.09,66.0,293.12,34.0,221.07,2.530000000000001,96.0,70.0,0.8194815434337368,166,26.0,-29.0,0.16
07:49:14,218.0,44.0,319.94,33.0,216.0,110.0,438.58,24.0,268.97,101.94,154.0,57.0,20.864797386987,211,97.0,45.0,0.46
07:49:15,218.0,52.0,351.57,28.0,216.0,197.0,356.8,50.0,284.79,133.57,249.0,78.0,30.505705531916593,327,171.0,116.0,0.52
07:49:16,218.0,61.0,348.23,26.0,216.0,260.0,457.89,36.0,283.12,130.23000000000002,321.0,62.0,31.954321616958065,383,259.0,56.0,0.68
07:49:17,218.0,77.0,315.18,22.0,216.0,214.0,405.85,26.0,266.59,97.18,291.0,48.0,25.82668232661685,339,243.0,-44.0,0.72
07:49:18,218.23,66.0,345.62,26.0,216.36,195.0,400.85,26.0,281.92,127.39000000000001,261.0,52.0,8.590161232478062,313,209.0,-26.0,0.67
07:49:19,218.0,27.0,329.61,33.0,216.0,180.0,358.11,18.0,273.8,111.61000000000001,207.0,51.0,7.67305871214133,258,156.0,-55.0,0.6
07:49:20,218.85,33.0,272.9,20.0,216.69,61.0,311.23,26.0,245.87,54.04999999999998,94.0,46.0,15.183937236434353,140,48.0,-118.0,0.34
07:49:21,218.0,24.0,252.92,24.0,216.0,240.0,319.0,24.0,235.46,34.91999999999999,264.0,48.0,19.45233327906937,312,216.0,168.0,0.69
07:49:22,218.0,24.0,251.25,24.0,216.0,240.0,319.0,24.0,234.62,33.25,264.0,48.0,22.115726983303045,312,216.0,0.0,0.69
07:49:23,216.11,106.0,250.78,18.0,215.67,90.0,310.5,16.0,233.45,34.66999999999999,196.0,34.0,17.041914505125636,230,162.0,-82.0,0.7
07:49:24,216.67,180.0,248.33,54.0,215.74,188.0,249.33,36.0,232.5,31.660000000000025,368.0,90.0,5.423177113097344,458,278.0,168.0,0.61
07:49:25,220.78,95.0,246.33,24.0,215.97,226.0,248.0,48.0,233.56,25.55000000000001,321.0,72.0,1.1432934881412933,393,249.0,-65.0,0.63
07:49:35,219.19,96.0,223.31,29.0,217.56,208.0,271.1,40.0,221.25,4.1200000000000045,304.0,69.0,1.9517479345551754,373,235.0,124.0,0.63
07:49:36,219.0,162.0,222.0,27.0,216.0,180.0,223.0,18.0,220.5,3.0,342.0,45.0,1.8344154382369795,387,297.0,14.0,0.77
07:49:37,219.0,121.0,221.04,25.0,216.0,92.0,222.08,25.0,220.02,2.039999999999992,213.0,50.0,1.8797420035854626,263,163.0,-124.0,0.62
07:49:38,219.0,24.0,221.62,24.0,216.31,32.0,479.11,19.0,220.31,2.6200000000000045,56.0,43.0,1.4378282234135733,99,13.0,-164.0,0.13
07:49:39,218.93,29.0,221.0,24.0,216.5,24.0,440.05,19.0,219.97,2.069999999999993,53.0,43.0,0.5170589908759626,96,10.0,-3.0,0.1
07:49:40,219.0,51.0,220.78,27.0,218.0,9.0,369.0,18.0,219.89,1.7800000000000011,60.0,45.0,0.25704085287372413,105,15.0,9.0,0.14
07:49:41,217.48,48.0,220.0,36.0,215.85,13.0,517.0,60.0,218.74,2.5200000000000102,61.0,96.0,0.6058300091993949,157,-35.0,52.0,-0.22
07:49:42,217.0,40.0,220.0,24.0,213.56,18.0,466.82,22.0,218.5,3.0,58.0,46.0,0.8070130110766288,104,12.0,-53.0,0.12
07:49:43,217.0,50.0,220.0,20.0,216.0,30.0,479.57,47.0,218.5,3.0,80.0,67.0,0.7464248120524151,147,13.0,43.0,0.09
07:49:44,217.0,26.0,220.0,12.0,216.0,18.0,482.0,30.0,218.5,3.0,44.0,42.0,0.6038046041956799,86,2.0,-61.0,0.02
07:49:45,212.0,61.0,218.67,24.0,193.71,14.0,490.67,51.0,215.33,6.6699999999999875,75.0,75.0,1.4482334066196652,150,0.0,64.0,0.0
07:49:46,210.22,9.0,212.75,24.0,160.22,9.0,416.89,27.0,211.49,2.530000000000001,18.0,51.0,3.1009079315663737,69,-33.0,-81.0,-0.48
07:49:47,210.0,7.0,211.0,25.0,193.29,7.0,256.65,17.0,210.5,1.0,14.0,42.0,3.7777810947768726,56,-28.0,-13.0,-0.5
07:49:48,210.0,5.0,211.0,24.0,209.0,5.0,224.0,10.0,210.5,1.0,10.0,34.0,3.53943922112753,44,-24.0,-12.0,-0.55
07:49:49,210.0,10.0,211.0,40.0,204.0,10.0,308.85,13.0,210.5,1.0,20.0,53.0,2.0937120145946935,73,-33.0,29.0,-0.45
07:49:50,210.0,8.0,274.75,16.0,118.25,8.0,484.76,21.0,242.38,64.75,16.0,37.0,14.152977778547175,53,-21.0,-20.0,-0.4
07:49:51,175.31,13.0,386.72,46.0,84.21,14.0,454.49,41.0,281.01,211.41000000000003,27.0,87.0,31.189950625161785,114,-60.0,61.0,-0.53
07:49:52,210.73,37.0,213.52,31.0,172.85,13.0,291.0,40.0,212.12,2.7900000000000205,50.0,71.0,30.931387295108983,121,-21.0,7.0,-0.17
07:49:53,209.96,75.0,213.29,42.0,198.83,18.0,231.0,27.0,211.62,3.329999999999984,93.0,69.0,30.746584851004656,162,24.0,41.0,0.15
07:49:54,211.9,50.0,213.13,31.0,210.07,43.0,214.24,41.0,212.51,1.2299999999999898,93.0,72.0,30.414295487484637,165,21.0,3.0,0.13
07:49:55,211.54,13.0,214.0,28.0,207.29,7.0,216.0,35.0,212.77,2.460000000000008,20.0,63.0,30.751226479606252,83,-43.0,-82.0,-0.52
07:49:56,212.03,58.0,214.0,40.0,211.64,22.0,216.0,50.0,213.02,1.9699999999999989,80.0,90.0,0.5522408895185522,170,-10.0,87.0,-0.06
07:49:57,213.0,12.0,214.52,27.0,212.0,84.0,329.2,61.0,213.76,1.5200000000000102,96.0,88.0,0.7789287515914269,184,8.0,14.0,0.04
07:49:58,213.0,5.0,286.95,21.0,212.0,35.0,556.0,17.0,249.98,73.94999999999999,40.0,38.0,16.53782845478949,78,2.0,-106.0,0.03
07:49:59,219.76,108.0,283.0,85.0,217.02,53.0,451.01,67.0,251.38,63.24000000000001,161.0,152.0,20.54695889906908,313,9.0,168.0,0.03
07:50:12,211.34,38.0,234.91,43.0,206.84,44.0,235.81,32.0,223.12,23.569999999999993,82.0,75.0,8.431131003609517,157,7.0,69.0,0.04
07:50:13,206.78,36.0,234.55,22.0,186.56,57.0,396.78,27.0,220.66,27.77000000000001,93.0,49.0,7.8541059325700475,142,44.0,-15.0,0.31
07:50:14,207.88,32.0,234.3,20.0,192.58,38.0,402.25,24.0,221.09,26.420000000000016,70.0,44.0,5.763690657906365,114,26.0,-28.0,0.23
07:50:15,215.26,47.0,229.72,18.0,199.83,48.0,231.57,14.0,222.49,14.460000000000008,95.0,32.0,3.367962291956405,127,63.0,13.0,0.5
07:50:16,219.0,90.0,227.59,32.0,208.0,60.0,228.55,22.0,223.3,8.590000000000003,150.0,54.0,1.1959389616706044,204,96.0,77.0,0.47
07:50:17,219.0,70.0,223.55,29.0,214.0,40.0,224.31,35.0,221.28,4.550000000000011,110.0,64.0,1.0947282768076452,174,46.0,-30.0,0.26
07:50:18,218.41,94.0,220.24,34.0,217.2,80.0,222.15,13.0,219.33,1.8300000000000125,174.0,47.0,1.5120747336168838,221,127.0,47.0,0.57
07:50:19,218.0,106.0,219.0,30.0,216.0,40.0,222.0,10.0,218.5,1.0,146.0,40.0,2.038712829224177,186,106.0,-35.0,0.57
07:50:20,218.0,72.0,220.9,10.0,216.0,32.0,354.55,29.0,219.45,2.9000000000000057,104.0,39.0,1.925998442378405,143,65.0,-43.0,0.45
07:50:21,218.0,81.0,219.82,11.0,216.0,44.0,439.81,42.0,218.91,1.8199999999999932,125.0,53.0,1.066269196800316,178,72.0,35.0,0.4
07:50:22,218.0,18.0,219.0,6.0,216.0,24.0,361.77,22.0,218.5,1.0,42.0,28.0,0.4472918510837576,70,14.0,-108.0,0.2
07:50:26,221.11,38.0,237.2,75.0,219.0,30.0,372.27,45.0,229.15,16.089999999999975,68.0,120.0,86.61190004843398,188,-52.0,38.0,-0.28
07:50:28,218.62,64.0,421.4,35.0,215.11,18.0,568.45,33.0,320.01,202.77999999999997,82.0,68.0,53.60609088527081,150,14.0,14.0,0.09
07:50:29,219.0,98.0,336.5,36.0,216.0,24.0,414.58,38.0,277.75,117.5,122.0,74.0,45.76334865369819,196,48.0,46.0,0.24
07:50:30,219.0,80.0,280.88,24.0,216.0,16.0,309.83,29.0,249.94,61.879999999999995,96.0,53.0,39.9381261453259,149,43.0,-47.0,0.29
07:50:31,219.1,60.0,279.0,45.0,217.38,26.0,280.0,27.0,249.05,59.900000000000006,86.0,72.0,34.38817849203356,158,14.0,9.0,0.09
07:50:32,220.09,33.0,260.58,36.0,219.0,66.0,254.5,42.0,240.34,40.48999999999998,99.0,78.0,32.59122075037967,177,21.0,19.0,0.12
07:50:34,221.4,30.0,223.27,22.0,218.86,56.0,224.91,33.0,222.34,1.8700000000000045,86.0,55.0,13.596471968860861,141,31.0,6.0,0.22
07:50:35,219.25,24.0,221.0,65.0,218.39,92.0,223.0,65.0,220.12,1.75,116.0,130.0,12.972437319178967,246,-14.0,105.0,-0.06
07:50:36,218.09,46.0,220.0,55.0,217.48,67.0,300.52,48.0,219.04,1.9099999999999966,113.0,103.0,8.752347113776699,216,10.0,-30.0,0.05
07:50:37,217.32,22.0,219.91,47.0,216.85,41.0,335.24,37.0,218.62,2.5900000000000034,63.0,84.0,1.9094763680237234,147,-21.0,-69.0,-0.14
07:50:38,216.22,23.0,218.0,20.0,214.07,56.0,372.49,41.0,217.11,1.7800000000000011,79.0,61.0,1.9450912575101948,140,18.0,-7.0,0.13
07:50:39,216.0,20.0,218.0,20.0,214.0,60.0,398.8,40.0,217.0,2.0,80.0,60.0,1.3264689970157748,140,20.0,0.0,0.14
07:50:40,214.34,58.0,218.0,26.0,172.73,55.0,228.0,52.0,216.17,3.6599999999999966,113.0,78.0,1.1998208199748472,191,35.0,51.0,0.18
07:50:41,214.0,96.0,217.12,32.0,90.49,80.0,221.72,36.0,215.56,3.1200000000000045,176.0,68.0,1.1554955647020269,244,108.0,53.0,0.44
07:50:42,214.0,48.0,217.0,16.0,117.27,44.0,221.0,16.0,215.5,3.0,92.0,32.0,0.7657480003544792,124,60.0,-120.0,0.48
07:50:43,214.0,72.0,216.73,22.0,209.6,30.0,223.29,28.0,215.36,2.7299999999999898,102.0,50.0,0.6797940865051347,152,52.0,28.0,0.34
07:50:44,215.1,31.0,226.96,53.0,181.88,42.0,357.06,17.0,221.03,11.860000000000014,73.0,70.0,2.4270414088033667,143,3.0,-9.0,0.02
07:50:45,213.21,57.0,310.45,49.0,201.23,71.0,645.9,40.0,261.83,97.23999999999998,128.0,89.0,20.253637451085993,217,39.0,74.0,0.18
07:50:46,214.0,84.0,271.79,38.0,213.0,84.0,466.85,54.0,242.89,57.79000000000002,168.0,92.0,20.467065495571795,260,76.0,43.0,0.29
07:50:47,214.13,89.0,226.0,39.0,213.03,79.0,460.81,36.0,220.07,11.870000000000005,168.0,75.0,19.670396030584243,243,93.0,-17.0,0.38
07:50:48,215.43,42.0,226.0,36.0,213.2,40.0,313.3,33.0,220.71,10.569999999999993,82.0,69.0,18.64150423115106,151,13.0,-92.0,0.09
07:50:49,213.89,56.0,224.12,48.0,212.91,47.0,304.82,51.0,219.01,10.230000000000018,103.0,99.0,18.992643839129496,202,4.0,51.0,0.02
07:50:50,215.13,105.0,221.55,42.0,213.0,15.0,240.46,56.0,218.34,6.420000000000016,120.0,98.0,10.486046919599206,218,22.0,16.0,0.1
07:50:51,216.64,33.0,218.57,37.0,211.92,13.0,220.77,26.0,217.6,1.9300000000000068,46.0,63.0,1.2607656404118255,109,-17.0,-109.0,-0.16
07:50:52,211.0,8.0,217.12,16.0,210.0,8.0,239.4,15.0,214.06,6.1200000000000045,16.0,31.0,2.457016483470292,47,-15.0,-62.0,-0.32
07:50:53,217.22,9.0,222.78,18.0,210.07,14.0,450.29,21.0,220.0,5.560000000000002,23.0,39.0,2.270643080725132,62,-16.0,15.0,-0.26
07:50:54,213.67,15.0,223.0,22.0,201.89,18.0,498.27,11.0,218.33,9.330000000000013,33.0,33.0,2.1994499312430627,66,0.0,4.0,0.0
07:50:55,217.0,9.0,222.33,18.0,212.0,18.0,245.93,15.0,219.67,5.3300000000000125,27.0,33.0,2.3747778843598675,60,-6.0,-6.0,-0.1
07:50:56,218.38,16.0,222.0,14.0,217.0,8.0,252.79,14.0,220.19,3.6200000000000045,24.0,28.0,2.559540974480386,52,-4.0,-8.0,-0.08
07:50:57,219.0,16.0,222.0,24.0,217.0,8.0,431.0,8.0,220.5,3.0,24.0,32.0,0.8427158477459721,56,-8.0,4.0,-0.14
07:50:58,219.67,12.0,222.0,18.0,217.0,6.0,391.0,6.0,220.83,2.3300000000000125,18.0,24.0,0.9781001993875609,42,-6.0,-14.0,-0.14
07:50:59,220.0,24.0,222.0,36.0,217.91,22.0,361.08,36.0,221.0,2.0,46.0,72.0,0.530254655841182,118,-26.0,76.0,-0.22
07:51:00,219.0,26.0,221.5,40.0,217.63,19.0,297.06,16.0,220.25,2.5,45.0,56.0,0.35458426366814944,101,-11.0,-17.0,-0.11
07:51:01,218.0,21.0,220.58,48.0,217.0,12.0,224.17,12.0,219.29,2.5800000000000125,33.0,60.0,0.6719598202581342,93,-27.0,-8.0,-0.29
07:51:02,217.27,11.0,219.21,38.0,216.16,19.0,223.71,17.0,218.24,1.9399999999999977,30.0,55.0,1.153546704751037,85,-25.0,-8.0,-0.29
07:51:03,217.0,7.0,219.0,28.0,216.0,14.0,226.43,7.0,218.0,2.0,21.0,35.0,1.2836004051272216,56,-14.0,-29.0,-0.25
07:51:04,210.83,29.0,216.69,58.0,208.19,64.0,219.0,44.0,213.76,5.859999999999985,93.0,102.0,2.485934431968152,195,-9.0,139.0,-0.05
07:51:05,208.88,82.0,213.27,37.0,206.81,62.0,216.22,23.0,211.07,4.390000000000015,144.0,60.0,3.504935092130441,204,84.0,9.0,0.41
07:51:06,210.36,84.0,212.43,42.0,206.79,70.0,214.5,28.0,211.39,2.069999999999993,154.0,70.0,3.4720987889243227,224,84.0,20.0,0.38
07:51:07,211.28,54.0,213.38,29.0,204.15,65.0,217.1,20.0,212.33,2.0999999999999943,119.0,49.0,2.8223660287162393,168,70.0,-56.0,0.42
07:51:08,212.44,27.0,214.17,23.0,158.0,54.0,215.88,16.0,213.31,1.7299999999999898,81.0,39.0,1.169153539982189,120,42.0,-48.0,0.35
07:51:09,218.06,48.0,311.03,58.0,206.0,30.0,337.7,44.0,264.55,92.96999999999997,78.0,102.0,23.506169402946906,180,-24.0,60.0,-0.13
07:51:10,214.8,30.0,341.1,41.0,207.29,14.0,397.73,48.0,277.95,126.30000000000001,44.0,89.0,32.61754865099485,133,-45.0,-47.0,-0.34
07:51:11,216.45,33.0,228.0,39.0,211.37,19.0,353.43,56.0,222.23,11.550000000000011,52.0,95.0,30.895450797811844,147,-43.0,14.0,-0.29
07:51:12,180.6,15.0,228.0,33.0,116.5,16.0,308.6,50.0,204.3,47.400000000000006,31.0,83.0,32.72288526398635,114,-52.0,-33.0,-0.46
07:51:15,196.8,44.0,213.6,30.0,163.2,30.0,223.33,18.0,205.2,16.799999999999983,74.0,48.0,15.612044388870768,122,26.0,19.0,0.21
07:51:16,214.31,49.0,219.0,33.0,197.5,32.0,228.0,33.0,216.65,4.689999999999998,81.0,66.0,13.75428187874864,147,15.0,25.0,0.1
07:51:17,217.06,17.0,219.0,18.0,215.77,13.0,228.0,18.0,218.03,1.9399999999999977,30.0,36.0,16.15597815051967,66,-6.0,-81.0,-0.09
07:51:18,218.0,40.0,219.0,24.0,216.0,16.0,228.0,24.0,218.5,1.0,56.0,48.0,14.481172949732315,104,8.0,38.0,0.08
07:51:19,218.0,112.0,219.0,39.0,216.0,26.0,228.0,39.0,218.5,1.0,138.0,78.0,5.738826535107048,216,60.0,112.0,0.28
07:51:20,218.0,44.0,219.0,33.0,216.0,22.0,228.0,33.0,218.5,1.0,66.0,66.0,0.8010805203253262,132,0.0,-84.0,0.0
07:51:21,218.0,28.0,222.86,21.0,216.0,14.0,321.89,27.0,220.43,4.860000000000014,42.0,48.0,0.9380138591959007,90,-6.0,-42.0,-0.07
07:51:22,218.0,24.0,227.13,23.0,216.0,12.0,270.25,20.0,222.57,9.129999999999995,36.0,43.0,1.8089914317216094,79,-7.0,-11.0,-0.09
07:51:23,218.0,34.0,226.1,40.0,216.75,32.0,228.0,30.0,222.05,8.099999999999994,66.0,70.0,1.9138834865375465,136,-4.0,57.0,-0.03
07:51:24,218.0,9.0,225.78,36.0,217.0,36.0,228.0,27.0,221.89,7.780000000000001,45.0,63.0,1.6504302469477619,108,-18.0,-28.0,-0.17
07:51:25,217.45,11.0,224.12,32.0,216.77,26.0,228.62,24.0,220.79,6.670000000000016,37.0,56.0,0.8997110647532025,93,-19.0,-15.0,-0.2
07:51:26,217.0,20.0,223.1,40.0,216.0,20.0,229.0,30.0,220.05,6.099999999999994,40.0,70.0,1.0248902380447664,110,-30.0,17.0,-0.27
07:51:27,217.0,14.0,222.43,28.0,216.0,14.0,227.4,15.0,219.71,5.430000000000007,28.0,43.0,1.05513980118293,71,-15.0,-39.0,-0.21
07:51:28,217.0,22.0,220.13,39.0,215.0,26.0,224.2,30.0,218.56,3.1299999999999955,48.0,69.0,1.24060469128624,117,-21.0,46.0,-0.18
07:51:29,216.0,12.0,218.17,12.0,209.5,48.0,220.0,48.0,217.08,2.1699999999999875,60.0,60.0,1.4497827423593206,120,0.0,3.0,0.0
07:51:30,212.0,15.0,217.12,16.0,209.0,24.0,220.91,11.0,214.56,5.1200000000000045,39.0,27.0,2.242759461031185,66,12.0,-54.0,0.18
07:51:31,211.0,52.0,214.94,31.0,207.0,52.0,216.57,21.0,212.97,3.9399999999999977,104.0,52.0,2.787459416753396,156,52.0,90.0,0.33
07:51:32,211.0,39.0,212.63,19.0,207.0,44.0,213.32,25.0,211.82,1.6299999999999955,83.0,44.0,2.8029841241166062,127,39.0,-29.0,0.31
07:51:33,209.81,27.0,215.31,16.0,192.95,38.0,220.44,25.0,212.56,5.5,65.0,41.0,2.090626700310621,106,24.0,-21.0,0.23
07:51:34,217.51,77.0,223.67,15.0,177.54,37.0,225.71,21.0,220.59,6.159999999999997,114.0,36.0,3.5488941939779663,150,78.0,44.0,0.52
