Time,Bid1_Price,Bid1_Volume,Ask1_Price,Ask1_Volume,Bid2_Price,Bid2_Volume,Ask2_Price,Ask2_Volume,Mid-Price,Bid_Ask_Spread,Market_Depth_Bid,Market_Depth_Ask,Historical_Volatility,Total_volume,Cumulative_Volume_Difference,Total_Volume_Change_Corrected,Order_imbalance
07:30:04,136.0,4.0,138.0,6.0,128.0,12.0,145.0,4.0,137.0,2.0,16.0,10.0,56.933307211157164,26,6.0,-18.0,0.23
07:30:05,133.0,12.0,140.33,12.0,119.0,21.0,145.0,12.0,136.67,7.3300000000000125,33.0,24.0,57.19078177468813,57,9.0,31.0,0.16
07:30:06,129.0,6.0,145.0,4.0,59.0,3.0,0.0,0.0,137.0,16.0,9.0,4.0,38.43955345734391,13,5.0,-44.0,0.38
07:30:07,129.0,18.0,144.1,10.0,123.0,12.0,145.0,8.0,136.55,15.099999999999994,30.0,18.0,30.927700043811864,48,12.0,35.0,0.25
07:30:08,129.0,6.0,142.0,4.0,123.0,4.0,143.0,3.0,135.5,13.0,10.0,7.0,0.6167900777415367,17,3.0,-31.0,0.18
07:30:09,129.0,18.0,140.55,11.0,123.0,12.0,141.73,11.0,134.77,11.550000000000011,30.0,22.0,0.9308974164753135,52,8.0,35.0,0.15
07:30:10,129.0,30.0,139.23,22.0,123.0,20.0,141.0,35.0,134.11,10.22999999999999,50.0,57.0,1.2021355996726912,107,-7.0,55.0,-0.07
07:30:17,123.0,20.0,152.0,15.0,115.0,12.0,228.8,25.0,137.5,29.0,32.0,40.0,3.2964647730562224,72,-8.0,-71.0,-0.11
07:30:18,130.33,24.0,150.54,13.0,121.4,20.0,174.83,24.0,140.44,20.20999999999998,44.0,37.0,5.057845391073206,81,7.0,9.0,0.09
07:30:19,145.0,22.0,148.0,68.0,127.55,44.0,150.0,11.0,146.5,3.0,66.0,79.0,7.210117890853123,145,-13.0,64.0,-0.09
07:30:20,145.0,28.0,147.65,86.0,128.0,56.0,148.91,22.0,146.33,2.6500000000000057,84.0,108.0,7.068301068856657,192,-24.0,47.0,-0.12
07:30:21,131.61,66.0,144.63,51.0,117.6,80.0,145.76,38.0,138.12,13.019999999999982,146.0,89.0,4.372941801579357,235,57.0,43.0,0.24
07:30:33,133.08,13.0,139.0,24.0,128.47,17.0,218.7,23.0,136.04,5.9199999999999875,30.0,47.0,2.1153321252231065,77,-17.0,-76.0,-0.22
07:30:37,136.21,39.0,311.07,59.0,133.19,69.0,342.82,49.0,223.64,174.85999999999999,108.0,108.0,81.58671019228561,216,0.0,80.0,0.0
07:30:38,139.89,27.0,289.79,43.0,138.94,72.0,309.0,41.0,214.84,149.90000000000003,99.0,84.0,77.03982658339775,183,15.0,-33.0,0.08
07:30:39,140.27,48.0,187.0,60.0,139.2,59.0,333.85,39.0,163.64,46.72999999999999,107.0,99.0,69.3551463122961,206,8.0,23.0,0.04
07:30:40,140.08,26.0,187.0,30.0,138.55,22.0,367.0,24.0,163.54,46.91999999999999,48.0,54.0,61.0761000719594,102,-6.0,-104.0,-0.06
07:30:41,140.0,58.0,187.0,50.0,136.0,20.0,597.0,40.0,163.5,47.0,78.0,90.0,30.655526744781234,168,-12.0,66.0,-0.07
07:30:42,140.0,40.0,184.58,48.0,136.0,20.0,282.09,34.0,162.29,44.58000000000001,60.0,82.0,23.08171180826928,142,-22.0,-26.0,-0.15
07:30:43,140.89,36.0,183.4,25.0,139.56,18.0,185.0,15.0,162.14,42.51000000000002,54.0,40.0,0.7403512679783081,94,14.0,-48.0,0.15
07:30:44,141.0,96.0,180.31,48.0,140.0,48.0,182.0,42.0,160.66,39.31,144.0,90.0,1.184643406260765,234,54.0,140.0,0.23
07:30:45,141.0,101.0,176.83,54.0,140.0,64.0,178.24,74.0,158.92,35.83000000000001,165.0,128.0,1.7603749600574308,293,37.0,59.0,0.13
07:30:46,141.0,70.0,174.08,52.0,140.0,56.0,175.06,52.0,157.54,33.08000000000001,126.0,104.0,2.061358775176541,230,22.0,-63.0,0.1
07:30:47,141.0,70.0,171.04,46.0,139.12,48.0,172.43,42.0,156.02,30.039999999999992,118.0,88.0,2.429913578709631,206,30.0,-24.0,0.15
07:30:48,143.97,70.0,167.75,64.0,140.22,59.0,168.73,74.0,155.86,23.78,129.0,138.0,2.026918843959369,267,-9.0,61.0,-0.03
07:30:49,147.0,72.0,163.18,33.0,143.0,18.0,164.26,39.0,155.09,16.180000000000007,90.0,72.0,1.532409866842967,162,18.0,-105.0,0.11
07:30:50,147.0,72.0,159.34,35.0,144.15,13.0,160.19,37.0,153.17,12.340000000000003,85.0,72.0,1.5931195811984178,157,13.0,-5.0,0.08
07:30:51,147.0,104.0,154.92,53.0,146.0,13.0,156.22,49.0,150.96,7.9199999999999875,117.0,102.0,2.1457283145817634,219,15.0,62.0,0.07
07:30:52,147.0,64.0,149.56,34.0,146.0,8.0,151.0,30.0,148.28,2.5600000000000023,72.0,64.0,3.101559285262494,136,8.0,-83.0,0.06
07:30:53,146.18,17.0,149.53,45.0,145.01,71.0,347.14,21.0,147.85,3.3499999999999943,88.0,66.0,3.111872426690733,154,22.0,18.0,0.14
07:30:54,142.62,21.0,207.7,23.0,141.68,47.0,369.1,10.0,175.16,65.07999999999998,68.0,33.0,11.42739821656696,101,35.0,-53.0,0.35
07:30:55,141.0,34.0,320.44,25.0,139.0,55.0,334.88,26.0,230.72,179.44,89.0,51.0,35.48479364460213,140,38.0,39.0,0.27
07:30:56,141.0,28.0,171.51,41.0,139.0,70.0,214.71,38.0,156.26,30.50999999999999,98.0,79.0,34.82468205167128,177,19.0,37.0,0.11
07:30:57,139.2,20.0,142.33,18.0,138.22,23.0,144.06,17.0,140.77,3.130000000000024,43.0,35.0,36.21888830430879,78,8.0,-99.0,0.1
07:30:58,139.0,23.0,140.89,27.0,138.0,27.0,142.25,24.0,139.94,1.8899999999999864,50.0,51.0,37.58358551282722,101,-1.0,23.0,-0.01
07:30:59,138.0,21.0,139.29,21.0,129.0,7.0,431.0,11.0,138.64,1.289999999999992,28.0,32.0,39.48334560292475,60,-4.0,-41.0,-0.07
07:31:18,126.0,9.0,151.81,32.0,100.67,9.0,389.77,39.0,138.91,25.810000000000002,18.0,71.0,3.501952312639443,89,-53.0,19.0,-0.6
07:31:40,132.0,14.0,139.0,13.0,81.43,7.0,155.48,23.0,135.5,7.0,21.0,36.0,1.9248064837799344,57,-15.0,8.0,-0.26
07:31:41,132.75,16.0,138.53,17.0,108.0,8.0,452.5,10.0,135.64,5.780000000000001,24.0,27.0,1.6940631629314753,51,-3.0,-6.0,-0.06
07:31:57,140.4,45.0,195.9,20.0,132.23,22.0,465.39,41.0,168.15,55.5,67.0,61.0,18.624268576242184,128,6.0,47.0,0.05
07:31:58,141.87,47.0,251.0,13.0,137.45,42.0,260.0,65.0,196.44,109.13,89.0,78.0,32.03837495878971,167,11.0,39.0,0.07
07:31:59,144.0,44.0,252.08,51.0,140.0,11.0,361.85,39.0,198.04,108.08000000000001,55.0,90.0,35.11953117568635,145,-35.0,-22.0,-0.24
07:32:00,144.0,36.0,225.23,31.0,140.0,9.0,345.71,17.0,184.61,81.22999999999999,45.0,48.0,28.972527849671778,93,-3.0,-52.0,-0.03
07:32:01,144.0,16.0,237.67,18.0,140.0,13.0,237.65,48.0,190.83,93.66999999999999,29.0,66.0,12.09146103661622,95,-37.0,2.0,-0.39
07:32:02,143.13,15.0,229.33,18.0,139.74,19.0,230.11,27.0,186.23,86.20000000000002,34.0,45.0,5.968764528778863,79,-11.0,-16.0,-0.14
07:32:03,142.23,39.0,228.29,14.0,138.53,60.0,230.0,28.0,185.26,86.06,99.0,42.0,5.612551113353752,141,57.0,62.0,0.4
07:32:04,139.83,36.0,202.69,26.0,138.32,62.0,209.18,34.0,171.26,62.859999999999985,98.0,60.0,7.335425686353029,158,38.0,17.0,0.24
07:32:05,141.34,41.0,189.69,61.0,138.81,32.0,200.28,29.0,165.51,48.349999999999994,73.0,90.0,10.839182164721066,163,-17.0,5.0,-0.1
07:32:06,144.86,42.0,187.52,62.0,134.94,31.0,229.9,29.0,166.19,42.66,73.0,91.0,10.16100142702511,164,-18.0,1.0,-0.11
07:32:07,138.0,66.0,185.87,15.0,122.27,77.0,190.81,52.0,161.93,47.870000000000005,143.0,67.0,9.141277263052771,210,76.0,46.0,0.36
07:32:08,138.0,72.0,153.13,46.0,122.17,84.0,161.59,41.0,145.57,15.129999999999995,156.0,87.0,9.817475235517772,243,69.0,33.0,0.28
07:32:09,135.53,73.0,138.75,48.0,125.27,30.0,142.86,66.0,137.14,3.219999999999999,103.0,114.0,13.145783354368971,217,-11.0,-26.0,-0.05
07:32:11,135.0,37.0,186.31,45.0,104.11,54.0,310.08,52.0,160.66,51.31,91.0,97.0,12.424163150892861,188,-6.0,95.0,-0.03
07:32:12,138.94,16.0,273.54,26.0,135.58,26.0,355.76,37.0,206.24,134.60000000000002,42.0,63.0,29.13925736871145,105,-21.0,-83.0,-0.2
07:32:13,138.67,18.0,244.89,18.0,137.82,40.0,378.03,29.0,191.78,106.22,58.0,47.0,31.755761681937418,105,11.0,0.0,0.1
07:32:14,141.09,11.0,357.79,33.0,140.15,13.0,434.19,32.0,249.44,216.70000000000002,24.0,65.0,43.448100073536075,89,-41.0,-16.0,-0.46
07:32:15,142.0,10.0,389.15,41.0,141.0,20.0,440.33,39.0,265.57,247.14999999999998,30.0,80.0,42.75463974821922,110,-50.0,21.0,-0.45
07:32:16,141.67,6.0,395.0,30.0,139.09,22.0,423.43,7.0,268.33,253.33,28.0,37.0,35.1459225231037,65,-9.0,-45.0,-0.14
07:32:17,138.19,32.0,216.32,25.0,136.31,32.0,301.82,17.0,177.25,78.13,64.0,42.0,42.87929255479861,106,22.0,41.0,0.21
07:32:18,138.0,25.0,221.0,20.0,135.0,15.0,223.0,10.0,179.5,83.0,40.0,30.0,45.89525650870695,70,10.0,-36.0,0.14
07:32:19,138.0,35.0,221.8,20.0,135.0,21.0,315.4,10.0,179.9,83.80000000000001,56.0,30.0,48.256543079669584,86,26.0,16.0,0.3
07:32:20,138.0,40.0,223.0,16.0,135.0,24.0,691.75,20.0,180.5,85.0,64.0,36.0,39.83997778613846,100,28.0,14.0,0.28
07:32:21,138.97,34.0,263.36,28.0,138.16,49.0,555.55,55.0,201.16,124.39000000000001,83.0,83.0,9.858586105522734,166,0.0,66.0,0.0
07:32:22,142.68,37.0,267.38,65.0,139.69,32.0,487.38,65.0,205.03,124.69999999999999,69.0,130.0,12.746557182235762,199,-61.0,33.0,-0.31
07:32:23,143.0,21.0,313.23,26.0,140.0,14.0,460.69,26.0,228.12,170.23000000000002,35.0,52.0,19.975260198555777,87,-17.0,-112.0,-0.2
07:32:24,144.33,27.0,329.35,52.0,142.23,31.0,553.81,31.0,236.84,185.02,58.0,83.0,22.47927934787962,141,-25.0,54.0,-0.18
07:32:25,146.0,30.0,335.2,75.0,144.0,90.0,547.87,75.0,240.6,189.2,120.0,150.0,18.202431156304584,270,-30.0,129.0,-0.11
07:32:26,146.0,18.0,370.78,45.0,144.0,54.0,540.89,45.0,258.39,224.77999999999997,72.0,90.0,19.49438970575916,162,-18.0,-108.0,-0.11
07:32:27,146.0,10.0,250.6,25.0,144.0,30.0,459.6,25.0,198.3,104.6,40.0,50.0,22.042853717248327,90,-10.0,-72.0,-0.11
07:32:28,146.0,22.0,265.09,55.0,144.0,66.0,452.36,55.0,205.55,119.08999999999997,88.0,110.0,25.23157605065541,198,-22.0,108.0,-0.11
07:32:30,144.0,35.0,262.72,32.0,143.0,21.0,387.45,29.0,203.36,118.72000000000003,56.0,61.0,42.50231370172697,117,-5.0,15.0,-0.04
07:32:31,143.85,40.0,226.14,37.0,142.14,42.0,336.88,40.0,184.99,82.28999999999999,82.0,77.0,43.75238587780107,159,5.0,42.0,0.03
07:32:32,143.0,14.0,264.29,14.0,141.0,42.0,265.29,14.0,203.64,121.29000000000002,56.0,28.0,43.23512958232005,84,28.0,-75.0,0.33
07:32:33,145.5,16.0,178.13,31.0,141.5,32.0,261.88,16.0,161.81,32.629999999999995,48.0,47.0,50.31879539496156,95,1.0,11.0,0.01
07:32:34,144.3,27.0,156.55,33.0,141.74,38.0,162.04,48.0,150.42,12.25,65.0,81.0,24.143995733929394,146,-16.0,51.0,-0.11
07:32:35,144.72,54.0,152.24,42.0,143.0,36.0,153.87,76.0,148.48,7.52000000000001,90.0,118.0,23.82134274133175,208,-28.0,62.0,-0.13
07:32:36,143.27,44.0,147.03,32.0,141.36,44.0,148.31,32.0,145.15,3.759999999999991,88.0,64.0,24.159289103779475,152,24.0,-56.0,0.16
07:32:37,141.0,30.0,143.19,26.0,139.23,52.0,144.4,20.0,142.1,2.1899999999999977,82.0,46.0,7.534306205616843,128,36.0,-24.0,0.28
07:32:38,141.0,24.0,143.43,14.0,139.0,80.0,152.4,25.0,142.21,2.430000000000007,104.0,39.0,3.7230860854935854,143,65.0,15.0,0.45
07:32:39,141.14,35.0,145.33,12.0,139.01,71.0,274.33,60.0,143.24,4.190000000000026,106.0,72.0,2.6695561428813903,178,34.0,35.0,0.19
07:32:42,140.0,77.0,408.73,44.0,138.96,83.0,451.86,43.0,274.36,268.73,160.0,87.0,104.10797687977617,247,73.0,49.0,0.3
07:32:43,143.18,34.0,315.62,39.0,139.91,66.0,354.34,44.0,229.4,172.44,100.0,83.0,87.23581099525593,183,17.0,-64.0,0.09
07:32:44,145.32,123.0,266.0,49.0,143.55,65.0,470.25,51.0,205.66,120.68,188.0,100.0,66.91441563669235,288,88.0,105.0,0.31
07:32:45,146.0,70.0,299.65,23.0,145.0,45.0,309.82,22.0,222.83,153.64999999999998,115.0,45.0,64.12033546387613,160,70.0,-128.0,0.44
07:32:46,146.0,100.0,296.9,40.0,145.0,90.0,312.6,50.0,221.45,150.89999999999998,190.0,90.0,25.895842330382006,280,100.0,120.0,0.36
07:32:47,146.09,99.0,296.0,40.0,145.11,91.0,342.0,50.0,221.05,149.91,190.0,90.0,8.734687744848204,280,100.0,0.0,0.36
07:32:48,147.0,137.0,258.59,69.0,146.0,160.0,412.89,66.0,202.8,111.58999999999997,297.0,135.0,9.686287730601432,432,162.0,152.0,0.38
07:32:49,147.0,107.0,187.58,50.0,146.0,150.0,287.54,54.0,167.29,40.58000000000001,257.0,104.0,23.723842015997278,361,153.0,-71.0,0.42
07:32:50,147.0,105.0,163.15,40.0,146.0,150.0,196.82,49.0,155.07,16.150000000000006,255.0,89.0,30.783594981743022,344,166.0,-17.0,0.48
07:32:51,147.0,91.0,162.0,26.0,146.0,130.0,164.0,52.0,154.5,15.0,221.0,78.0,30.158500791650614,299,143.0,-45.0,0.48
07:32:52,147.0,70.0,159.3,40.0,146.0,100.0,162.0,20.0,153.15,12.300000000000011,170.0,60.0,21.04258943191133,230,110.0,-69.0,0.48
07:32:53,147.0,77.0,157.36,44.0,146.0,110.0,162.0,22.0,152.18,10.360000000000014,187.0,66.0,6.171196804509055,253,121.0,23.0,0.48
07:32:54,147.0,70.0,156.1,40.0,146.0,100.0,162.0,20.0,151.55,9.099999999999994,170.0,60.0,1.4926319037129878,230,110.0,-23.0,0.48
07:32:55,146.56,55.0,155.39,36.0,145.8,89.0,158.27,30.0,150.98,8.829999999999984,144.0,66.0,1.3904927184209341,210,78.0,-20.0,0.37
07:32:56,146.0,112.0,150.03,39.0,144.0,42.0,151.92,48.0,148.01,4.030000000000001,154.0,87.0,1.94335534578247,241,67.0,31.0,0.28
07:32:57,146.0,88.0,147.54,65.0,144.0,39.0,150.0,26.0,146.77,1.539999999999992,127.0,91.0,2.369402878360057,218,36.0,-23.0,0.17
07:32:58,145.0,20.0,148.29,31.0,143.27,33.0,198.26,46.0,146.65,3.289999999999992,53.0,77.0,2.3282010222445524,130,-24.0,-88.0,-0.18
07:32:59,148.0,24.0,149.0,24.0,145.62,37.0,204.08,60.0,148.5,1.0,61.0,84.0,1.753587750864035,145,-23.0,15.0,-0.16
07:33:00,146.15,54.0,148.48,23.0,145.09,22.0,160.54,57.0,147.31,2.329999999999984,76.0,80.0,0.796567636789351,156,-4.0,11.0,-0.03
07:33:01,143.0,8.0,146.38,8.0,142.0,16.0,148.0,16.0,144.69,3.3799999999999955,24.0,24.0,1.3806085614611998,48,0.0,-108.0,0.0
07:33:02,142.83,12.0,144.64,11.0,141.8,25.0,149.8,25.0,143.73,1.8099999999999739,37.0,36.0,1.9431109077918822,73,1.0,25.0,0.01
07:33:03,142.0,18.0,143.44,9.0,141.0,45.0,277.5,32.0,142.72,1.4399999999999977,63.0,41.0,2.435826348486184,104,22.0,31.0,0.21
07:33:04,142.0,18.0,224.44,18.0,141.0,45.0,332.38,32.0,183.22,82.44,63.0,50.0,17.349885590400355,113,13.0,9.0,0.12
07:33:05,143.67,18.0,169.93,30.0,141.33,30.0,229.73,15.0,156.8,26.26000000000002,48.0,45.0,17.18114286070582,93,3.0,-20.0,0.03
07:33:06,144.25,24.0,168.83,12.0,142.08,24.0,267.38,52.0,156.54,24.580000000000013,48.0,64.0,16.332171319208705,112,-16.0,19.0,-0.14
07:33:07,142.0,8.0,168.0,4.0,140.0,8.0,404.0,20.0,155.0,26.0,16.0,24.0,14.819199708485748,40,-8.0,-72.0,-0.2
07:33:08,141.17,46.0,152.97,34.0,140.55,44.0,285.58,52.0,147.07,11.800000000000011,90.0,86.0,13.722149248568332,176,4.0,136.0,0.02
07:33:09,141.57,28.0,306.25,60.0,140.75,32.0,516.08,49.0,223.91,164.68,60.0,109.0,31.58192568542943,169,-49.0,-7.0,-0.29
07:33:10,144.77,26.0,308.23,65.0,141.6,30.0,376.67,60.0,226.5,163.46,56.0,125.0,39.79265799114194,181,-69.0,12.0,-0.38
07:33:11,146.0,14.0,254.03,32.0,142.0,14.0,360.26,31.0,200.02,108.03,28.0,63.0,37.580824232578976,91,-35.0,-90.0,-0.38
07:33:12,147.38,58.0,220.09,68.0,143.43,28.0,295.57,70.0,183.73,72.71000000000001,86.0,138.0,32.67175278432421,224,-52.0,133.0,-0.23
07:33:13,148.0,104.0,288.31,65.0,146.0,26.0,333.15,65.0,218.15,140.31,130.0,130.0,18.171452060856375,260,0.0,36.0,0.0
07:33:14,148.0,89.0,257.58,60.0,146.0,24.0,323.67,60.0,202.79,109.57999999999998,113.0,120.0,16.655379611404843,233,-7.0,-27.0,-0.03
07:33:15,146.75,36.0,220.5,40.0,144.67,18.0,336.67,45.0,183.62,73.75,54.0,85.0,14.516310481661565,139,-31.0,-94.0,-0.22
07:33:16,142.0,12.0,293.5,60.0,141.0,36.0,369.67,60.0,217.75,151.5,48.0,120.0,17.16093004472656,168,-72.0,29.0,-0.43
07:33:17,141.5,12.0,212.39,23.0,140.64,28.0,267.86,35.0,176.95,70.88999999999999,40.0,58.0,19.051026743984124,98,-18.0,-70.0,-0.18
07:33:18,141.0,33.0,169.36,22.0,140.0,55.0,191.44,54.0,155.18,28.360000000000014,88.0,76.0,24.08055792543009,164,12.0,66.0,0.07
07:33:19,140.28,29.0,167.67,27.0,138.48,83.0,207.75,40.0,153.97,27.389999999999986,112.0,67.0,26.027209416301062,179,45.0,15.0,0.25
07:33:20,140.0,27.0,164.67,21.0,138.0,81.0,165.75,24.0,152.33,24.669999999999987,108.0,45.0,27.881663867136556,153,63.0,-26.0,0.41
07:33:21,141.0,36.0,161.25,36.0,138.2,90.0,163.0,24.0,151.12,20.25,126.0,60.0,10.755679894826878,186,66.0,33.0,0.35
07:33:22,144.0,33.0,159.75,28.0,142.0,22.0,161.33,27.0,151.88,15.75,55.0,55.0,1.6490087931789061,110,0.0,-76.0,0.0
07:33:23,144.0,27.0,157.22,23.0,142.0,18.0,159.09,22.0,150.61,13.219999999999999,45.0,45.0,1.2950945911326304,90,0.0,-20.0,0.0
07:33:24,140.97,29.0,155.27,33.0,138.47,68.0,158.0,22.0,148.12,14.300000000000011,97.0,55.0,1.6452568188524703,152,42.0,62.0,0.28
07:33:25,140.0,36.0,150.92,48.0,138.0,108.0,151.81,43.0,145.46,10.919999999999987,144.0,91.0,2.632853964803211,235,53.0,83.0,0.23
07:33:26,139.2,45.0,147.27,33.0,137.84,97.0,149.0,55.0,143.24,8.070000000000022,142.0,88.0,3.5670323800015287,230,54.0,-5.0,0.23
07:33:27,138.0,90.0,145.51,37.0,137.0,80.0,146.18,34.0,141.76,7.509999999999991,170.0,71.0,3.5882474831007207,241,99.0,11.0,0.41
07:33:28,138.11,71.0,143.03,31.0,137.08,104.0,144.69,39.0,140.57,4.9199999999999875,175.0,70.0,3.0133702062604044,245,105.0,4.0,0.43
07:33:29,139.0,68.0,143.62,53.0,137.61,92.0,182.04,50.0,141.31,4.6200000000000045,160.0,103.0,1.936019111470058,263,57.0,18.0,0.22
07:33:30,139.47,30.0,143.68,37.0,137.74,76.0,240.18,45.0,141.57,4.210000000000008,106.0,82.0,0.9773177579359721,188,24.0,-75.0,0.13
07:33:31,141.44,34.0,143.0,39.0,139.64,22.0,144.0,52.0,142.22,1.5600000000000023,56.0,91.0,0.6105161750329797,147,-35.0,-41.0,-0.24
07:33:32,140.4,15.0,291.71,28.0,138.92,37.0,577.2,40.0,216.06,151.30999999999997,52.0,68.0,33.38637192029081,120,-16.0,-27.0,-0.13
07:33:33,135.23,71.0,358.09,35.0,116.91,33.0,503.46,26.0,246.66,222.85999999999999,104.0,61.0,50.28746891622198,165,43.0,45.0,0.26
07:33:34,135.0,39.0,288.25,16.0,90.56,9.0,390.71,28.0,211.62,153.25,48.0,44.0,47.36052554607052,92,4.0,-73.0,0.04
07:33:35,135.0,40.0,180.4,30.0,111.0,48.0,221.11,18.0,157.7,45.400000000000006,88.0,48.0,43.4896898126441,136,40.0,44.0,0.29
07:33:36,139.0,40.0,177.94,31.0,119.78,36.0,258.85,26.0,158.47,38.94,76.0,57.0,38.94265810136747,133,19.0,-3.0,0.14
07:33:37,143.0,60.0,158.0,46.0,135.0,60.0,164.0,38.0,150.5,15.0,120.0,84.0,42.27871923320283,204,36.0,71.0,0.18
07:33:38,143.0,65.0,156.13,46.0,135.78,41.0,159.8,40.0,149.57,13.129999999999995,106.0,86.0,26.057888824691574,192,20.0,-12.0,0.1
07:33:39,142.12,41.0,151.42,33.0,135.97,29.0,152.69,35.0,146.77,9.299999999999983,70.0,68.0,5.197275247663848,138,2.0,-54.0,0.01
07:33:40,145.0,54.0,149.08,37.0,136.23,39.0,151.08,52.0,147.04,4.0800000000000125,93.0,89.0,4.750415771275007,182,4.0,44.0,0.02
07:33:41,146.0,23.0,149.0,40.0,137.0,20.0,150.0,30.0,147.5,3.0,43.0,70.0,1.6597078056023011,113,-27.0,-69.0,-0.24
07:33:42,146.0,30.0,149.0,40.0,138.0,20.0,150.0,30.0,147.5,3.0,50.0,70.0,1.1039157576449796,120,-20.0,7.0,-0.17
07:33:43,146.0,31.0,148.08,36.0,138.0,22.0,149.22,41.0,147.04,2.0800000000000125,53.0,77.0,0.3207802986104775,130,-24.0,10.0,-0.18
07:33:44,143.27,41.0,196.75,24.0,137.18,17.0,263.39,33.0,170.01,53.47999999999999,58.0,57.0,10.172237708586005,115,1.0,-15.0,0.01
07:33:45,123.0,42.0,168.91,22.0,66.69,67.0,297.43,21.0,145.95,45.91,109.0,43.0,10.310967461881498,152,66.0,37.0,0.43
07:33:46,126.22,45.0,267.38,26.0,84.51,67.0,398.93,14.0,196.8,141.16,112.0,40.0,22.166394609858955,152,72.0,0.0,0.47
07:33:47,147.05,22.0,208.38,16.0,126.62,40.0,357.11,19.0,177.71,61.329999999999984,62.0,35.0,21.517715259757182,97,27.0,-55.0,0.28
07:33:48,148.0,27.0,178.78,18.0,145.0,9.0,333.43,14.0,163.39,30.78,36.0,32.0,18.686886310993295,68,4.0,-29.0,0.06
07:33:49,148.0,27.0,178.0,18.0,145.0,9.0,249.0,18.0,163.0,30.0,36.0,36.0,19.01837401041393,72,0.0,4.0,0.0
07:33:50,146.64,11.0,177.43,14.0,141.22,37.0,260.83,12.0,162.03,30.79000000000002,48.0,26.0,15.0038338433878,74,22.0,2.0,0.3
07:33:51,145.0,9.0,175.33,18.0,141.0,63.0,342.56,9.0,160.17,30.330000000000013,72.0,27.0,7.070148513290661,99,45.0,25.0,0.45
07:33:52,141.57,42.0,172.73,52.0,140.48,87.0,191.83,29.0,157.15,31.159999999999997,129.0,81.0,2.558069584664288,210,48.0,111.0,0.23
07:33:53,141.0,38.0,170.64,22.0,140.0,55.0,171.9,42.0,155.82,29.639999999999986,93.0,64.0,3.0852439125592603,157,29.0,-53.0,0.18
07:33:54,141.0,45.0,162.44,36.0,140.0,126.0,168.59,44.0,151.72,21.439999999999998,171.0,80.0,3.9977706287358536,251,91.0,94.0,0.36
07:33:55,140.16,95.0,150.36,22.0,139.45,110.0,151.44,32.0,145.26,10.200000000000017,205.0,54.0,5.763829456184642,259,151.0,8.0,0.58
07:33:56,140.69,91.0,147.83,24.0,139.38,97.0,149.08,26.0,144.26,7.140000000000015,188.0,50.0,5.912353169422513,238,138.0,-21.0,0.58
07:33:57,143.0,34.0,145.36,28.0,140.0,154.0,148.78,36.0,144.18,2.3600000000000136,188.0,64.0,5.262387290952575,252,124.0,14.0,0.49
07:33:58,140.09,94.0,143.73,22.0,138.81,54.0,277.47,15.0,141.91,3.6399999999999864,148.0,37.0,3.7050074223917595,185,111.0,-67.0,0.6
07:33:59,140.48,64.0,143.27,33.0,139.73,133.0,228.95,22.0,141.88,2.7900000000000205,197.0,55.0,1.5239816271783784,252,142.0,67.0,0.56
07:34:00,141.75,64.0,144.0,16.0,140.0,88.0,374.67,12.0,142.88,2.25,152.0,28.0,1.1655985586715027,180,124.0,-72.0,0.69
07:34:01,142.28,64.0,206.0,24.0,140.0,110.0,328.96,25.0,174.14,63.72,174.0,49.0,14.08606474498748,223,125.0,43.0,0.56
07:34:02,144.29,14.0,311.82,22.0,140.0,77.0,370.0,16.0,228.05,167.53,91.0,38.0,37.45944166695475,129,53.0,-94.0,0.41
07:34:03,145.77,26.0,202.3,56.0,140.0,143.0,227.53,34.0,174.04,56.53,169.0,90.0,35.01905367082309,259,79.0,130.0,0.31
07:34:04,140.26,47.0,149.33,30.0,138.06,31.0,190.5,12.0,144.79,9.070000000000022,78.0,42.0,34.40806664141402,120,36.0,-139.0,0.3
07:34:05,140.0,104.0,147.17,60.0,137.0,48.0,148.17,60.0,143.58,7.1699999999999875,152.0,120.0,34.257087587826085,272,32.0,152.0,0.12
07:34:06,140.0,90.0,145.2,50.0,137.0,40.0,146.4,50.0,142.6,5.199999999999989,130.0,100.0,36.78672274068438,230,30.0,-42.0,0.13
07:34:07,140.0,77.0,141.57,35.0,137.0,28.0,142.86,35.0,140.79,1.5699999999999932,105.0,70.0,13.985154629105072,175,35.0,-55.0,0.2
07:34:08,140.0,78.0,142.0,65.0,137.0,52.0,321.62,26.0,141.0,2.0,130.0,91.0,1.701549294019066,221,39.0,46.0,0.18
07:34:09,137.95,38.0,141.91,55.0,136.26,81.0,371.73,22.0,139.93,3.960000000000008,119.0,77.0,1.476770124283537,196,42.0,-25.0,0.21
07:34:10,138.8,45.0,167.7,43.0,137.07,80.0,232.71,31.0,153.25,28.899999999999977,125.0,74.0,5.5274433511323435,199,51.0,3.0,0.26
07:34:11,142.9,29.0,371.2,41.0,138.28,39.0,369.59,29.0,257.05,228.29999999999998,68.0,70.0,50.970672744235834,138,-2.0,-61.0,-0.01
07:34:12,138.04,97.0,254.67,12.0,137.59,51.0,402.42,33.0,196.35,116.63,148.0,45.0,50.03833810189933,193,103.0,55.0,0.53
07:34:13,138.0,55.0,178.6,5.0,137.0,15.0,394.0,20.0,158.3,40.599999999999994,70.0,25.0,47.411284310805065,95,45.0,-98.0,0.47
07:34:14,138.08,26.0,153.0,5.0,137.64,25.0,369.75,16.0,145.54,14.919999999999987,51.0,21.0,46.24921912854304,72,30.0,-23.0,0.42
07:34:15,142.8,40.0,229.86,21.0,137.89,54.0,315.14,28.0,186.33,87.06,94.0,49.0,43.36705696724177,143,45.0,71.0,0.31
07:34:16,146.0,80.0,303.0,50.0,138.0,80.0,389.0,28.0,224.5,157.0,160.0,78.0,31.311878416984037,238,82.0,95.0,0.34
07:34:17,146.0,99.0,283.9,29.0,138.0,88.0,360.78,37.0,214.95,137.89999999999998,187.0,66.0,34.36835070235393,253,121.0,15.0,0.48
07:34:18,146.0,81.0,244.38,16.0,138.0,79.0,413.0,26.0,195.19,98.38,160.0,42.0,30.721869572016523,202,118.0,-51.0,0.58
07:34:19,146.0,48.0,272.87,31.0,138.0,72.0,428.91,22.0,209.44,126.87,120.0,53.0,15.312719222920508,173,67.0,-29.0,0.39
07:34:20,146.67,36.0,270.6,50.0,143.89,57.0,379.4,20.0,208.63,123.93000000000004,93.0,70.0,10.663140719319102,163,23.0,-10.0,0.14
07:34:21,146.28,68.0,268.38,65.0,142.02,49.0,304.26,62.0,207.33,122.1,117.0,127.0,7.268763306092718,244,-10.0,81.0,-0.04
07:34:22,148.0,110.0,266.18,55.0,147.0,55.0,275.82,55.0,207.09,118.18,165.0,110.0,5.862745090825583,275,55.0,31.0,0.2
07:34:23,148.0,114.0,256.0,60.0,147.0,60.0,263.0,60.0,202.0,108.0,174.0,120.0,2.9015289073176427,294,54.0,19.0,0.18
07:34:24,148.0,144.0,223.12,80.0,147.0,80.0,236.38,80.0,185.56,75.12,224.0,160.0,9.597826316411341,384,64.0,90.0,0.17
07:34:25,148.0,68.0,231.58,60.0,147.0,60.0,234.67,60.0,189.79,83.58000000000001,128.0,120.0,10.089699202652014,248,8.0,-136.0,0.03
07:34:26,148.0,28.0,204.59,34.0,147.0,35.0,215.82,33.0,176.29,56.59,63.0,67.0,12.457561157786623,130,-4.0,-118.0,-0.03
07:34:27,148.0,48.0,166.27,75.0,147.0,75.0,167.66,67.0,157.13,18.27000000000001,123.0,142.0,16.765739768945167,265,-19.0,135.0,-0.07
07:34:28,148.0,20.0,162.9,50.0,147.0,50.0,164.73,48.0,155.45,14.900000000000006,70.0,98.0,15.89197533348153,168,-28.0,-97.0,-0.17
07:34:29,147.89,19.0,160.48,44.0,146.14,29.0,166.86,42.0,154.19,12.590000000000003,48.0,86.0,15.8088519507263,134,-38.0,-34.0,-0.28
07:34:30,146.0,14.0,156.92,52.0,142.0,56.0,158.0,46.0,151.46,10.919999999999987,70.0,98.0,9.937116281898861,168,-28.0,34.0,-0.17
07:34:31,146.0,20.0,154.38,16.0,142.0,32.0,157.0,40.0,150.19,8.379999999999995,52.0,56.0,2.8462220573906825,108,-4.0,-60.0,-0.04
07:34:32,146.0,48.0,151.05,41.0,142.0,64.0,154.83,71.0,148.52,5.050000000000011,112.0,112.0,2.844709123966197,224,0.0,116.0,0.0
07:34:33,146.0,36.0,148.5,60.0,142.88,68.0,149.29,42.0,147.25,2.5,104.0,102.0,2.6906449041030855,206,2.0,-18.0,0.01
07:34:34,143.75,64.0,146.65,69.0,142.5,72.0,152.9,63.0,145.2,2.9000000000000057,136.0,132.0,2.452943130195882,268,4.0,62.0,0.01
07:34:35,141.5,64.0,143.97,69.0,140.42,57.0,145.18,65.0,142.74,2.469999999999999,121.0,134.0,2.9023524940941283,255,-13.0,-13.0,-0.05
07:34:36,141.0,19.0,142.0,35.0,140.0,35.0,144.0,28.0,141.5,1.0,54.0,63.0,2.951342067598005,117,-9.0,-138.0,-0.08
07:34:37,140.0,45.0,143.12,32.0,138.0,36.0,279.5,40.0,141.56,3.1200000000000045,81.0,72.0,2.509043642500675,153,9.0,36.0,0.06
07:34:38,140.0,40.0,263.3,23.0,138.0,32.0,391.12,34.0,201.65,123.30000000000001,72.0,57.0,26.38346641364583,129,15.0,-24.0,0.12
07:34:39,145.0,21.0,335.71,28.0,140.0,35.0,381.21,29.0,240.36,190.70999999999998,56.0,57.0,45.4230230169678,113,-1.0,-16.0,-0.01
07:34:40,145.0,45.0,275.13,62.0,140.0,75.0,331.46,61.0,210.06,130.13,120.0,123.0,43.95655787251763,243,-3.0,130.0,-0.01
07:34:41,144.5,40.0,207.77,52.0,139.88,64.0,244.23,52.0,176.13,63.27000000000001,104.0,104.0,37.198705219402385,208,0.0,-35.0,0.0
07:34:42,140.0,24.0,205.0,24.0,138.0,24.0,212.0,24.0,172.5,65.0,48.0,48.0,27.653139966376273,96,0.0,-112.0,0.0
07:34:43,140.0,38.0,199.0,56.0,138.0,56.0,261.14,56.0,169.5,59.0,94.0,112.0,30.77575994187623,206,-18.0,110.0,-0.09
07:34:44,140.0,48.0,234.55,44.0,138.2,40.0,371.89,45.0,187.27,94.55000000000001,88.0,89.0,16.508566564059652,177,-1.0,-29.0,-0.01
07:34:45,140.0,20.0,363.0,25.0,138.0,30.0,451.6,20.0,251.5,223.0,50.0,45.0,34.27483697991855,95,5.0,-82.0,0.05
07:34:46,145.0,11.0,333.63,27.0,140.0,24.0,409.2,25.0,239.31,188.63,35.0,52.0,38.618123077125304,87,-17.0,-8.0,-0.2
07:34:47,144.23,26.0,169.8,30.0,140.05,21.0,280.15,26.0,157.02,25.57000000000002,47.0,56.0,42.228181940500306,103,-9.0,16.0,-0.09
07:34:48,140.0,18.0,147.44,18.0,137.55,29.0,149.0,20.0,143.72,7.439999999999998,47.0,38.0,48.178260969030354,85,9.0,-18.0,0.11
07:34:49,137.88,34.0,144.15,26.0,136.32,47.0,145.31,26.0,141.02,6.27000000000001,81.0,52.0,54.2713651938109,133,29.0,48.0,0.22
07:34:50,137.57,42.0,142.6,30.0,136.53,51.0,143.6,30.0,140.09,5.030000000000001,93.0,60.0,42.517920574740934,153,33.0,20.0,0.22
07:34:51,138.14,37.0,140.38,26.0,137.0,39.0,141.38,26.0,139.26,2.240000000000009,76.0,52.0,7.348273266555086,128,24.0,-25.0,0.19
07:34:52,137.75,55.0,140.82,34.0,136.52,58.0,348.75,64.0,139.28,3.069999999999993,113.0,98.0,1.8494269382612452,211,15.0,83.0,0.07
07:34:53,138.0,117.0,145.17,36.0,136.24,29.0,200.44,57.0,141.58,7.1699999999999875,146.0,93.0,1.037824647985473,239,53.0,28.0,0.22
07:34:54,139.09,104.0,150.0,56.0,138.11,114.0,300.7,66.0,144.54,10.909999999999997,218.0,122.0,2.21752113856137,340,96.0,101.0,0.28
07:34:55,140.0,108.0,198.5,48.0,139.0,84.0,278.85,54.0,169.25,58.5,192.0,102.0,12.745184188546261,294,90.0,-46.0,0.31
07:34:56,143.44,54.0,228.63,49.0,141.04,50.0,268.08,39.0,186.04,85.19,104.0,88.0,20.595480572202593,192,16.0,-102.0,0.08
07:34:57,146.0,99.0,225.4,40.0,145.0,33.0,403.73,37.0,185.7,79.4,132.0,77.0,21.537477103875915,209,55.0,17.0,0.26
07:34:58,146.0,90.0,250.54,39.0,145.0,30.0,444.72,32.0,198.27,104.53999999999999,120.0,71.0,20.7560268355961,191,49.0,-18.0,0.26
07:34:59,146.0,60.0,155.0,28.0,145.0,21.0,286.71,21.0,150.5,9.0,81.0,49.0,18.490575166824474,130,32.0,-61.0,0.25
07:35:00,146.0,50.0,155.0,28.0,145.0,21.0,471.71,21.0,150.5,9.0,71.0,49.0,22.221501299416836,120,22.0,-10.0,0.18
07:35:02,147.0,18.0,334.88,42.0,146.0,63.0,401.3,30.0,240.94,187.88,81.0,72.0,88.50462033137033,153,9.0,-15.0,0.06
07:35:03,147.0,12.0,161.0,30.0,146.0,42.0,163.0,24.0,154.0,14.0,54.0,54.0,93.40828828321396,108,0.0,-45.0,0.0
07:35:04,146.73,22.0,159.39,38.0,145.95,59.0,160.56,43.0,153.06,12.659999999999997,81.0,81.0,92.9929502704372,162,0.0,54.0,0.0
07:35:05,146.0,26.0,158.36,44.0,145.0,33.0,160.0,55.0,152.18,12.360000000000014,59.0,99.0,92.71545976804519,158,-40.0,-4.0,-0.25
07:35:06,146.0,11.0,156.02,51.0,145.0,33.0,157.58,48.0,151.01,10.02000000000001,44.0,99.0,39.53902022053632,143,-55.0,-15.0,-0.38
07:35:07,145.88,16.0,154.1,63.0,144.87,45.0,179.94,63.0,149.99,8.219999999999999,61.0,126.0,1.5941047644273074,187,-65.0,44.0,-0.35
07:35:08,145.0,22.0,150.87,30.0,143.0,33.0,151.95,42.0,147.93,5.8700000000000045,55.0,72.0,1.9964543570963866,127,-17.0,-60.0,-0.13
07:35:09,144.22,23.0,147.0,38.0,142.56,27.0,162.3,40.0,145.61,2.780000000000001,50.0,78.0,2.6066223355078253,128,-28.0,1.0,-0.22
07:35:10,143.73,22.0,145.33,24.0,141.29,14.0,278.75,32.0,144.53,1.6000000000000227,36.0,56.0,2.766094719991953,92,-20.0,-36.0,-0.22
07:35:11,144.73,15.0,365.44,27.0,142.27,11.0,489.83,24.0,255.09,220.71,26.0,51.0,48.37871846173666,77,-25.0,-15.0,-0.32
07:35:13,146.0,44.0,315.69,26.0,145.0,11.0,492.64,25.0,230.85,169.69,55.0,51.0,70.46327767000346,106,4.0,-4.0,0.04
07:35:14,146.0,24.0,397.2,15.0,145.0,6.0,495.25,12.0,271.6,251.2,30.0,27.0,60.68668115822469,57,3.0,-49.0,0.05
07:35:17,141.86,14.0,345.44,25.0,140.21,56.0,491.4,25.0,243.65,203.57999999999998,70.0,50.0,30.91562436697725,120,20.0,83.0,0.17
07:35:18,141.0,20.0,186.96,26.0,140.0,110.0,192.5,16.0,163.98,45.96000000000001,130.0,42.0,55.77090729045055,172,88.0,52.0,0.51
07:35:19,142.97,118.0,184.58,36.0,140.85,26.0,188.0,24.0,163.77,41.610000000000014,144.0,60.0,67.4539282028854,204,84.0,32.0,0.41
07:35:20,140.93,43.0,183.44,27.0,139.77,44.0,188.0,18.0,162.19,42.50999999999999,87.0,45.0,61.77622544312662,132,42.0,-72.0,0.32
07:35:21,139.9,59.0,180.93,42.0,138.95,74.0,185.97,31.0,160.41,41.03,133.0,73.0,36.280642221437965,206,60.0,74.0,0.29
07:35:22,139.0,30.0,172.46,24.0,137.0,16.0,177.44,27.0,155.73,33.46000000000001,46.0,51.0,3.3858942688713896,97,-5.0,-109.0,-0.05
07:35:23,136.08,26.0,139.0,14.0,107.71,34.0,140.08,12.0,137.54,2.9199999999999875,60.0,26.0,10.71162546021718,86,34.0,-11.0,0.4
07:35:26,122.2,60.0,403.81,37.0,63.28,58.0,443.15,33.0,263.01,281.61,118.0,70.0,56.38168807334503,188,48.0,114.0,0.26
07:35:28,135.95,60.0,431.83,35.0,130.2,45.0,522.71,28.0,283.89,295.88,105.0,63.0,82.16597683956549,168,42.0,13.0,0.25
07:35:30,135.5,30.0,357.07,30.0,134.39,28.0,471.8,30.0,246.28,221.57,58.0,60.0,19.601067062791444,118,-2.0,28.0,-0.02
07:35:31,134.0,48.0,391.03,64.0,133.0,64.0,418.29,63.0,262.52,257.03,112.0,127.0,19.675733277315175,239,-15.0,121.0,-0.06
07:35:32,135.29,93.0,382.29,48.0,133.38,39.0,385.0,40.0,258.79,247.00000000000003,132.0,88.0,17.44686132231368,220,44.0,-19.0,0.2
07:35:33,138.62,185.0,379.96,73.0,140.76,115.0,381.68,62.0,259.29,241.33999999999997,300.0,135.0,15.078805324031585,435,165.0,161.5,0.38
07:35:34,145.0,77.0,201.92,50.0,144.0,165.0,264.74,38.0,173.46,56.91999999999999,242.0,88.0,37.74687232076371,330,154.0,-105.0,0.47
07:35:35,145.0,56.0,167.08,37.0,144.0,120.0,170.76,25.0,156.04,22.080000000000013,176.0,62.0,52.661109464195995,238,114.0,-92.0,0.48
07:35:36,145.0,49.0,164.15,26.0,144.0,105.0,166.53,34.0,154.58,19.150000000000006,154.0,60.0,54.014962464117545,214,94.0,-24.0,0.44
07:35:37,145.75,140.0,158.63,51.0,144.4,124.0,159.41,54.0,152.19,12.879999999999995,264.0,105.0,45.60533707802214,369,159.0,155.0,0.43
07:35:38,146.0,150.0,156.27,37.0,145.0,70.0,157.11,47.0,151.14,10.27000000000001,220.0,84.0,9.138157363495866,304,136.0,-65.0,0.45
07:35:39,146.0,131.0,154.29,28.0,145.0,63.0,155.67,30.0,150.14,8.289999999999992,194.0,58.0,2.442727983221267,252,136.0,-52.0,0.54
07:35:40,146.0,142.0,151.29,45.0,145.0,91.0,152.04,45.0,148.64,5.289999999999992,233.0,90.0,2.2355133638633915,323,143.0,71.0,0.44
07:35:41,146.0,66.0,147.44,36.0,145.0,77.0,166.19,42.0,146.72,1.4399999999999977,143.0,78.0,2.147645222100554,221,65.0,-102.0,0.29
07:35:42,146.0,36.0,148.0,18.0,145.0,63.0,265.29,28.0,147.0,2.0,99.0,46.0,1.9259595011347048,145,53.0,-76.0,0.37
07:35:43,146.0,40.0,147.0,20.0,145.0,70.0,407.86,28.0,146.5,1.0,110.0,48.0,1.5554420593550997,158,62.0,13.0,0.39
07:35:44,146.0,28.0,147.0,14.0,145.0,49.0,380.0,28.0,146.5,1.0,77.0,42.0,0.9002888425448001,119,35.0,-39.0,0.29
07:35:45,145.32,56.0,236.73,51.0,143.84,134.0,460.71,48.0,191.02,91.41,190.0,99.0,19.83051486976607,289,91.0,161.5,0.31
07:35:46,145.0,31.0,226.44,9.0,142.83,29.0,227.76,21.0,185.72,81.44,60.0,30.0,22.91949650406866,90,30.0,-162.5,0.33
07:35:47,145.0,39.0,187.25,16.0,143.0,39.0,192.12,16.0,166.12,42.25,78.0,32.0,21.02691893740062,110,46.0,20.0,0.42
07:35:48,146.0,39.0,162.85,13.0,145.0,39.0,163.85,13.0,154.42,16.849999999999994,78.0,26.0,19.30843028316951,104,52.0,-6.0,0.5
07:35:49,145.84,25.0,162.0,9.0,144.56,27.0,163.0,9.0,153.92,16.159999999999997,52.0,18.0,17.35675660945956,70,34.0,-34.0,0.49
07:35:50,145.0,16.0,161.38,8.0,143.0,24.0,163.0,8.0,153.19,16.379999999999995,40.0,16.0,13.943639410140198,56,24.0,-14.0,0.43
07:35:51,145.0,6.0,161.0,2.0,143.0,6.0,163.0,2.0,153.0,16.0,12.0,4.0,5.613572837330271,16,8.0,-40.0,0.5
07:35:52,145.0,42.0,158.93,14.0,143.0,52.0,160.43,14.0,151.96,13.930000000000007,94.0,28.0,0.9402765550681944,122,66.0,106.0,0.54
07:35:53,145.0,36.0,156.33,12.0,143.0,36.0,158.0,12.0,150.67,11.330000000000013,72.0,24.0,1.2620895372399554,96,48.0,-26.0,0.5
07:35:54,142.71,45.0,154.67,30.0,141.8,59.0,155.67,18.0,148.69,11.95999999999998,104.0,48.0,1.8643148875686406,152,56.0,56.0,0.37
07:35:55,142.0,23.0,152.0,14.0,141.0,28.0,153.43,14.0,147.0,10.0,51.0,28.0,2.4319806742672694,79,23.0,-73.0,0.29
07:35:56,140.25,32.0,148.33,12.0,139.33,48.0,369.25,20.0,144.29,8.080000000000013,80.0,32.0,3.028542553772134,112,48.0,33.0,0.43
07:35:57,140.0,45.0,143.78,23.0,139.0,75.0,145.21,19.0,141.89,3.780000000000001,120.0,42.0,3.4846405840498953,162,78.0,50.0,0.48
07:35:58,140.0,15.0,141.5,6.0,139.0,30.0,143.5,6.0,140.75,1.5,45.0,12.0,3.343722476523224,57,33.0,-105.0,0.58
07:35:59,140.0,14.0,141.86,7.0,139.0,35.0,488.29,28.0,140.93,1.8600000000000136,49.0,35.0,2.6570509968771487,84,14.0,27.0,0.17
07:36:00,140.0,10.0,340.0,8.0,139.0,25.0,569.61,18.0,240.0,200.0,35.0,26.0,43.865270089217674,61,9.0,-23.0,0.15
07:36:01,140.0,14.0,303.88,26.0,139.0,35.0,492.26,27.0,221.94,163.88,49.0,53.0,49.58924046605294,102,-4.0,41.0,-0.04
07:36:02,144.18,22.0,257.34,70.0,140.8,20.0,302.33,70.0,200.76,113.15999999999997,42.0,140.0,45.99742307999468,182,-98.0,80.0,-0.54
07:36:03,144.73,22.0,222.96,55.0,141.43,14.0,255.49,51.0,183.85,78.23000000000002,36.0,106.0,38.081092815202034,142,-70.0,-40.0,-0.49
07:36:04,142.0,12.0,144.48,46.0,139.81,27.0,156.69,49.0,143.24,2.4799999999999898,39.0,95.0,37.22771977975595,134,-56.0,-8.0,-0.42
07:36:05,142.0,13.0,143.0,26.0,140.0,13.0,144.0,52.0,142.5,1.0,26.0,78.0,35.179619383956144,104,-52.0,-30.0,-0.5
07:36:06,139.62,21.0,141.65,31.0,138.54,67.0,223.57,46.0,140.63,2.030000000000001,88.0,77.0,28.144415609495518,165,11.0,61.0,0.07
07:36:07,139.0,32.0,140.2,15.0,137.0,104.0,203.05,37.0,139.6,1.1999999999999886,136.0,52.0,18.998161226813743,188,84.0,23.0,0.45
07:36:08,137.38,47.0,140.0,10.0,136.67,45.0,155.2,20.0,138.69,2.6200000000000045,92.0,30.0,1.9155599703493051,122,62.0,-66.0,0.51
07:36:09,137.0,24.0,139.6,10.0,134.8,10.0,156.0,20.0,138.3,2.5999999999999943,34.0,30.0,1.687995853076685,64,4.0,-58.0,0.06
07:36:10,137.8,41.0,245.56,32.0,136.44,16.0,279.0,34.0,191.68,107.75999999999999,57.0,66.0,23.440047994831616,123,-9.0,59.0,-0.07
07:36:11,139.33,48.0,299.0,48.0,137.0,24.0,476.44,27.0,219.17,159.67,72.0,75.0,37.73356158647125,147,-3.0,24.0,-0.02
07:36:12,140.69,32.0,222.71,28.0,137.0,26.0,275.43,53.0,181.7,82.02000000000001,58.0,81.0,35.11924358524857,139,-23.0,-8.0,-0.17
07:36:13,143.0,24.0,304.14,35.0,137.0,24.0,422.87,30.0,223.57,161.14,48.0,65.0,34.345774558161175,113,-17.0,-26.0,-0.15
07:36:14,143.0,12.0,379.0,48.0,137.3,33.0,490.33,21.0,261.0,236.0,45.0,69.0,31.059005618339494,114,-24.0,1.0,-0.21
07:36:15,143.0,12.0,329.13,23.0,142.0,24.0,442.0,42.0,236.07,186.13,36.0,65.0,28.840217925668465,101,-29.0,-13.0,-0.29
07:36:16,142.25,16.0,242.27,11.0,139.0,20.0,392.28,25.0,192.26,100.02000000000001,36.0,36.0,32.33633946506695,72,0.0,-29.0,0.0
07:36:17,142.0,14.0,436.0,14.0,137.0,14.0,556.64,22.0,289.0,294.0,28.0,36.0,36.76198920080437,64,-8.0,-8.0,-0.12
07:36:18,142.0,8.0,201.5,4.0,137.0,8.0,519.0,14.0,171.75,59.5,16.0,18.0,48.20843733206929,34,-2.0,-30.0,-0.06
07:36:19,136.82,22.0,236.0,39.0,119.91,23.0,238.0,13.0,186.41,99.18,45.0,52.0,47.76231537519977,97,-7.0,63.0,-0.07
07:36:34,126.42,57.0,181.45,33.0,125.31,64.0,182.38,52.0,153.94,55.02999999999999,121.0,85.0,12.48562973982521,206,36.0,-11.0,0.17
07:36:35,129.5,42.0,305.05,22.0,127.19,53.0,342.53,19.0,217.27,175.55,95.0,41.0,39.90258074360623,136,54.0,-70.0,0.4
07:36:36,147.0,20.0,300.5,16.0,136.5,30.0,365.76,34.0,223.75,153.5,50.0,50.0,48.002503893026486,100,0.0,-36.0,0.0
07:36:37,147.0,20.0,241.47,19.0,145.49,59.0,412.38,24.0,194.24,94.47,79.0,43.0,41.607314861692636,122,36.0,22.0,0.3
07:36:38,147.0,14.0,258.2,25.0,146.0,42.0,282.4,10.0,202.6,111.19999999999999,56.0,35.0,27.43323076125079,91,21.0,-31.0,0.23
07:36:39,147.0,10.0,264.59,17.0,146.0,30.0,267.0,8.0,205.79,117.58999999999997,40.0,25.0,11.776168731809221,65,15.0,-26.0,0.23
07:36:40,147.0,8.0,263.0,4.0,146.0,24.0,264.0,16.0,205.0,116.0,32.0,20.0,10.788689911200526,52,12.0,-13.0,0.23
07:36:41,147.0,28.0,261.31,32.0,146.0,84.0,263.68,38.0,204.16,114.31,112.0,70.0,4.689522363742198,182,42.0,130.0,0.23
07:36:42,146.62,32.0,251.04,45.0,145.86,70.0,256.47,15.0,198.83,104.41999999999999,102.0,60.0,2.7521682361437643,162,42.0,-20.0,0.26
07:36:43,146.0,42.0,166.16,19.0,145.0,35.0,224.69,16.0,156.08,20.159999999999997,77.0,35.0,21.35697239779164,112,42.0,-50.0,0.38
07:36:44,146.0,35.0,164.35,20.0,145.0,55.0,179.3,20.0,155.18,18.349999999999994,90.0,40.0,25.87160992284842,130,50.0,18.0,0.38
07:36:45,145.12,32.0,158.9,21.0,143.44,45.0,163.2,15.0,152.01,13.780000000000001,77.0,36.0,25.895153407539865,113,41.0,-17.0,0.36
07:36:46,145.0,36.0,157.33,12.0,143.0,45.0,158.03,33.0,151.17,12.330000000000013,81.0,45.0,20.32829382904571,126,36.0,13.0,0.29
07:36:47,145.0,36.0,154.87,15.0,143.0,45.0,157.08,12.0,149.93,9.870000000000005,81.0,27.0,2.6416528916592728,108,54.0,-18.0,0.5
07:36:48,143.82,44.0,155.82,11.0,142.74,47.0,156.82,11.0,149.82,12.0,91.0,22.0,2.186565800521687,113,69.0,5.0,0.61
07:36:49,145.24,41.0,153.77,13.0,143.55,55.0,156.0,13.0,149.51,8.530000000000001,96.0,26.0,1.0601509326555165,122,70.0,9.0,0.57
07:36:50,146.0,22.0,152.15,13.0,145.0,33.0,155.27,11.0,149.08,6.150000000000006,55.0,24.0,0.7817736245295331,79,31.0,-43.0,0.39
07:36:51,146.0,16.0,149.0,18.0,145.0,24.0,151.33,9.0,147.5,3.0,40.0,27.0,0.9890247721921256,67,13.0,-12.0,0.19
07:36:52,145.31,13.0,147.0,24.0,143.55,33.0,149.0,12.0,146.15,1.6899999999999977,46.0,36.0,1.5477952060945648,82,10.0,15.0,0.12
07:36:53,145.0,13.0,146.12,32.0,143.0,72.0,238.66,35.0,145.56,1.1200000000000045,85.0,67.0,1.739583283435702,152,18.0,70.0,0.12
07:36:54,145.0,10.0,146.0,40.0,143.0,80.0,321.0,42.0,145.5,1.0,90.0,82.0,1.527226243884191,172,8.0,20.0,0.05
07:36:55,143.0,80.0,262.47,34.0,141.0,10.0,305.07,43.0,202.74,119.47000000000003,90.0,77.0,25.30831483919886,167,13.0,-5.0,0.08
07:36:56,143.0,56.0,222.58,36.0,141.0,12.0,234.92,60.0,182.79,79.58000000000001,68.0,96.0,26.707940205115335,164,-28.0,-3.0,-0.17
07:36:57,143.0,39.0,201.85,39.0,141.0,13.0,246.42,43.0,172.42,58.849999999999994,52.0,82.0,24.6916771402839,134,-30.0,-30.0,-0.22
07:36:58,143.0,40.0,174.18,33.0,141.0,11.0,176.0,33.0,158.59,31.180000000000007,51.0,66.0,22.038567784681916,117,-15.0,-17.0,-0.13
07:36:59,143.0,32.0,172.06,34.0,141.0,11.0,176.55,33.0,157.53,29.060000000000002,43.0,67.0,18.782732229364843,110,-24.0,-7.0,-0.22
07:37:00,142.6,10.0,168.6,20.0,140.25,16.0,169.82,22.0,155.6,26.0,26.0,42.0,11.79029813024321,68,-16.0,-42.0,-0.24
07:37:01,143.0,22.0,166.76,58.0,139.95,84.0,168.44,54.0,154.88,23.75999999999999,106.0,112.0,7.206381200020874,218,-6.0,150.0,-0.03
07:37:02,147.0,32.0,165.06,64.0,144.89,74.0,167.92,49.0,156.03,18.060000000000002,106.0,113.0,1.5067282435837799,219,-7.0,1.0,-0.03
07:37:03,147.0,28.0,163.82,49.0,145.0,70.0,165.71,49.0,155.41,16.819999999999993,98.0,98.0,1.0054600936948221,196,0.0,-23.0,0.0
07:37:04,146.8,20.0,162.1,30.0,144.91,47.0,164.0,40.0,154.45,15.299999999999983,67.0,70.0,0.6185709336952008,137,-3.0,-59.0,-0.02
07:37:05,145.0,30.0,159.62,48.0,143.0,30.0,163.21,57.0,152.31,14.620000000000005,60.0,105.0,1.4181607807340768,165,-45.0,28.0,-0.27
07:37:06,145.0,18.0,156.88,34.0,143.0,18.0,158.52,29.0,150.94,11.879999999999995,36.0,63.0,2.143786369956672,99,-27.0,-66.0,-0.27
07:37:07,145.0,30.0,155.33,52.0,143.0,30.0,156.7,53.0,150.16,10.330000000000013,60.0,105.0,2.2415017287549888,165,-45.0,66.0,-0.27
07:37:08,145.0,28.0,151.88,33.0,143.0,28.0,153.62,45.0,148.44,6.8799999999999955,56.0,78.0,2.2662413816738676,134,-22.0,-31.0,-0.16
07:37:09,144.65,46.0,149.43,40.0,142.67,24.0,150.6,30.0,147.04,4.780000000000001,70.0,70.0,2.0732872449350928,140,0.0,6.0,0.0
07:37:10,143.0,14.0,146.36,25.0,141.0,7.0,147.33,18.0,144.68,3.3600000000000136,21.0,43.0,2.5064556648801797,64,-22.0,-76.0,-0.34
07:37:11,143.29,31.0,144.74,39.0,141.71,17.0,146.5,28.0,144.02,1.450000000000017,48.0,67.0,2.5610778980752236,115,-19.0,51.0,-0.17
07:37:12,140.3,60.0,144.0,26.0,138.76,33.0,146.89,35.0,142.15,3.6999999999999886,93.0,61.0,2.491320934767099,154,32.0,39.0,0.21
07:37:13,140.0,54.0,142.24,25.0,139.0,130.0,270.55,31.0,141.12,2.240000000000009,184.0,56.0,2.303545093981934,240,128.0,86.0,0.53
07:37:14,139.53,43.0,219.32,34.0,138.96,108.0,362.9,40.0,179.43,79.78999999999999,151.0,74.0,16.357510507409454,225,77.0,-15.0,0.34
07:37:15,139.0,82.0,237.45,31.0,138.0,16.0,279.32,25.0,188.23,98.44999999999999,98.0,56.0,22.911757898511706,154,42.0,-71.0,0.27
07:37:16,139.0,72.0,233.0,24.0,137.54,13.0,279.0,18.0,186.0,94.0,85.0,42.0,23.731675667765565,127,43.0,-27.0,0.34
07:37:17,139.66,73.0,178.69,35.0,138.77,52.0,205.86,35.0,159.17,39.03,125.0,70.0,20.15862470507394,195,55.0,68.0,0.28
07:37:18,143.0,36.0,148.83,36.0,139.0,120.0,152.9,40.0,145.92,5.8300000000000125,156.0,76.0,18.43285517764456,232,80.0,37.0,0.34
07:37:19,143.0,31.0,147.73,33.0,139.0,110.0,149.0,33.0,145.36,4.72999999999999,141.0,66.0,21.002245832291727,207,75.0,-25.0,0.36
07:37:20,143.0,10.0,146.1,30.0,139.03,91.0,149.0,30.0,144.55,3.0999999999999943,101.0,60.0,17.718404273523404,161,41.0,-46.0,0.25
07:37:21,140.94,31.0,147.3,30.0,139.89,19.0,247.0,40.0,144.12,6.360000000000014,50.0,70.0,6.380966227775354,120,-20.0,-41.0,-0.17
07:37:22,144.25,32.0,146.5,18.0,141.67,48.0,249.0,24.0,145.38,2.25,80.0,42.0,0.7203332562146673,122,38.0,2.0,0.31
07:37:23,143.0,36.0,145.22,27.0,139.0,72.0,245.12,32.0,144.11,2.219999999999999,108.0,59.0,0.6334271860353802,167,49.0,45.0,0.29
07:37:24,143.0,37.0,233.74,23.0,139.0,87.0,550.12,32.0,188.37,90.74000000000001,124.0,55.0,19.608175080817993,179,69.0,12.0,0.39
07:37:25,145.86,42.0,214.91,22.0,140.82,44.0,375.55,22.0,180.38,69.04999999999998,86.0,44.0,22.008511308128366,130,42.0,-49.0,0.32
07:37:26,147.0,60.0,197.44,36.0,143.0,40.0,340.71,31.0,172.22,50.44,100.0,67.0,20.311350767489987,167,33.0,37.0,0.2
07:37:27,147.0,60.0,195.5,50.0,144.38,13.0,236.0,30.0,171.25,48.5,73.0,80.0,16.688098453689015,153,-7.0,-14.0,-0.05
07:37:28,147.0,36.0,194.0,35.0,145.0,7.0,316.38,16.0,170.5,47.0,43.0,51.0,7.710747693967139,94,-8.0,-59.0,-0.09
07:37:29,146.39,23.0,189.98,51.0,143.3,33.0,336.92,37.0,168.19,43.59,56.0,88.0,4.6451878325874185,144,-32.0,50.0,-0.22
07:37:30,147.0,36.0,167.75,48.0,145.0,15.0,187.16,57.0,157.38,20.75,51.0,105.0,6.070401139959106,156,-54.0,12.0,-0.35
07:37:31,147.0,11.0,165.82,55.0,145.0,11.0,359.03,35.0,156.41,18.819999999999993,22.0,90.0,7.263238258519117,112,-68.0,-44.0,-0.61
07:37:32,147.0,9.0,164.33,45.0,145.0,9.0,166.0,45.0,155.67,17.330000000000013,18.0,90.0,7.115880128277513,108,-72.0,-4.0,-0.67
07:37:33,143.36,44.0,162.93,70.0,141.29,55.0,164.71,70.0,153.15,19.569999999999993,99.0,140.0,5.821769490456791,239,-41.0,131.0,-0.17
07:37:34,138.39,31.0,160.38,65.0,136.89,37.0,162.0,65.0,149.39,21.99000000000001,68.0,130.0,3.209205509158323,198,-62.0,-41.0,-0.31
07:37:35,138.69,13.0,144.87,38.0,137.43,14.0,159.22,58.0,141.78,6.180000000000007,27.0,96.0,5.9772067054779745,123,-69.0,-75.0,-0.56
07:37:36,139.0,9.0,143.22,45.0,138.0,9.0,144.32,37.0,141.11,4.219999999999999,18.0,82.0,6.580311542777399,100,-64.0,-23.0,-0.64
07:37:37,139.65,23.0,141.2,50.0,138.36,14.0,143.29,70.0,140.43,1.549999999999983,37.0,120.0,5.743084537076588,157,-83.0,57.0,-0.53
07:37:38,136.47,17.0,178.12,40.0,108.53,15.0,258.62,42.0,157.3,41.650000000000006,32.0,82.0,7.278864609264866,114,-50.0,-43.0,-0.44
07:37:41,145.0,14.0,211.57,21.0,68.77,31.0,213.71,21.0,178.29,66.57,45.0,42.0,14.336775439408045,87,3.0,-46.0,0.03
07:37:42,144.23,26.0,210.2,30.0,141.2,70.0,212.0,30.0,177.22,65.97,96.0,60.0,11.023373802970506,156,36.0,69.0,0.23
07:37:43,143.0,58.0,209.14,21.0,140.0,49.0,212.0,21.0,176.07,66.13999999999999,107.0,42.0,10.013347592090161,149,65.0,-7.0,0.44
07:37:44,143.0,44.0,209.0,18.0,140.12,24.0,212.0,18.0,176.0,66.0,68.0,36.0,10.103876978666083,104,32.0,-45.0,0.31
07:37:45,143.0,48.0,209.0,24.0,141.0,8.0,212.0,24.0,176.0,66.0,56.0,48.0,1.0215331614882364,104,8.0,0.0,0.08
07:37:46,143.0,42.0,206.43,21.0,141.0,7.0,208.29,21.0,174.71,63.43000000000001,49.0,42.0,0.8884537129304233,91,7.0,-13.0,0.08
07:37:47,143.0,38.0,204.0,24.0,141.0,8.0,206.0,24.0,173.5,61.0,46.0,48.0,1.1348259778571974,94,-2.0,3.0,-0.02
07:37:48,143.0,7.0,179.43,23.0,141.0,7.0,197.57,21.0,161.22,36.43000000000001,14.0,44.0,6.272828708008714,58,-30.0,-36.0,-0.52
07:37:49,143.0,11.0,171.74,43.0,141.0,11.0,178.11,45.0,157.37,28.74000000000001,22.0,88.0,8.612075824098198,110,-66.0,52.0,-0.6
07:37:50,144.78,9.0,175.17,18.0,141.33,6.0,177.0,30.0,159.97,30.389999999999986,15.0,48.0,8.119632380841841,63,-33.0,-47.0,-0.52
07:37:51,147.0,32.0,175.0,24.0,143.0,8.0,177.0,40.0,161.0,28.0,40.0,64.0,6.275816281569614,104,-24.0,41.0,-0.23
07:37:52,147.0,56.0,175.0,42.0,143.0,14.0,177.0,70.0,161.0,28.0,70.0,112.0,1.608064053454756,182,-42.0,78.0,-0.23
07:37:53,146.38,13.0,175.0,39.0,142.69,13.0,177.0,65.0,160.69,28.620000000000005,26.0,104.0,1.5324588085861555,130,-78.0,-52.0,-0.6
07:37:54,140.1,29.0,175.0,24.0,137.12,8.0,177.0,40.0,157.55,34.900000000000006,37.0,64.0,1.4552216326090344,101,-27.0,-29.0,-0.27
07:37:55,141.0,24.0,173.92,36.0,139.91,45.0,177.0,60.0,157.46,32.91999999999999,69.0,96.0,1.862270120045192,165,-27.0,64.0,-0.16
07:37:56,145.0,48.0,172.0,56.0,142.0,12.0,173.38,40.0,158.5,27.0,60.0,96.0,1.7008968222714094,156,-36.0,-9.0,-0.23
07:37:57,145.0,49.0,171.0,33.0,142.0,11.0,172.0,55.0,158.0,26.0,60.0,88.0,1.324027945329249,148,-28.0,-8.0,-0.19
07:37:58,145.17,36.0,170.87,38.0,144.5,36.0,171.95,58.0,158.02,25.700000000000017,72.0,96.0,0.4184256206455831,168,-24.0,20.0,-0.14
07:37:59,146.0,9.0,168.11,45.0,145.0,45.0,171.0,27.0,157.06,22.110000000000014,54.0,72.0,0.5570637306562086,126,-18.0,-42.0,-0.14
07:38:00,146.0,11.0,165.73,55.0,145.0,55.0,194.93,28.0,155.86,19.72999999999999,66.0,83.0,1.0491520385590003,149,-17.0,23.0,-0.11
07:38:01,145.45,22.0,164.61,62.0,142.16,95.0,266.42,33.0,155.03,19.160000000000025,117.0,95.0,1.3240392743466063,212,22.0,63.0,0.1
07:38:02,144.09,43.0,161.75,48.0,139.34,41.0,163.56,36.0,152.92,17.659999999999997,84.0,84.0,1.962427068711595,168,0.0,-44.0,0.0
07:38:03,138.18,17.0,160.08,60.0,136.42,12.0,161.08,39.0,149.13,21.900000000000006,29.0,99.0,3.1131736218867516,128,-70.0,-40.0,-0.55
07:38:04,137.64,14.0,158.48,64.0,136.64,14.0,159.71,70.0,148.06,20.840000000000003,28.0,134.0,3.48164472627678,162,-106.0,34.0,-0.65
07:38:05,138.13,15.0,153.98,54.0,136.76,17.0,154.74,46.0,146.06,15.849999999999994,32.0,100.0,3.6600341528475266,132,-68.0,-30.0,-0.52
07:38:06,138.53,15.0,151.36,44.0,137.11,18.0,153.0,55.0,144.95,12.830000000000013,33.0,99.0,3.0944353281349772,132,-66.0,0.0,-0.5
07:38:07,140.0,11.0,149.55,22.0,138.0,11.0,151.0,44.0,144.77,9.550000000000011,22.0,66.0,1.929722778020068,88,-44.0,-44.0,-0.5
07:38:08,138.93,15.0,145.33,60.0,137.38,13.0,146.05,58.0,142.13,6.400000000000006,28.0,118.0,2.1558826498696977,146,-90.0,58.0,-0.62
07:38:09,136.95,19.0,141.67,30.0,119.53,15.0,142.63,38.0,139.31,4.719999999999999,34.0,68.0,2.7242576970633223,102,-34.0,-44.0,-0.33
07:38:10,137.08,13.0,139.67,24.0,132.2,20.0,141.27,37.0,138.37,2.589999999999975,33.0,61.0,3.0315474596331753,94,-28.0,-8.0,-0.3
07:38:11,132.25,48.0,140.19,53.0,121.76,58.0,144.82,51.0,136.22,7.939999999999998,106.0,104.0,3.3385326117933762,210,2.0,116.0,0.01
07:38:12,130.0,54.0,143.36,70.0,118.67,72.0,304.29,35.0,136.68,13.360000000000014,126.0,105.0,2.3638887452685657,231,21.0,21.0,0.09
07:38:13,114.0,27.0,406.78,23.0,88.29,42.0,371.21,39.0,260.39,292.78,69.0,62.0,54.907485191001165,131,7.0,-100.0,0.05
07:38:15,139.17,29.0,331.55,55.0,117.83,35.0,367.39,57.0,235.36,192.38000000000002,64.0,112.0,74.46060381168034,176,-48.0,38.0,-0.27
07:38:17,138.84,19.0,265.54,26.0,131.33,66.0,266.62,26.0,202.19,126.70000000000002,85.0,52.0,45.431855233965884,137,33.0,-7.0,0.24
07:38:18,142.06,17.0,246.92,13.0,138.0,10.0,265.44,18.0,194.49,104.85999999999999,27.0,31.0,46.60893766221269,58,-4.0,-79.0,-0.07
07:38:20,143.0,80.0,183.8,20.0,121.25,64.0,185.0,50.0,163.4,40.80000000000001,144.0,70.0,22.673873070122227,214,74.0,82.0,0.35
07:38:21,143.0,60.0,181.56,18.0,90.41,54.0,186.0,12.0,162.28,38.56,114.0,30.0,23.11711206011711,144,84.0,-70.0,0.58
07:38:22,124.78,83.0,180.91,22.0,81.11,36.0,182.0,11.0,152.85,56.129999999999995,119.0,33.0,18.107004998066582,152,86.0,8.0,0.57
07:38:32,129.82,66.0,138.17,48.0,96.79,53.0,170.41,54.0,133.99,8.349999999999994,119.0,102.0,6.449467419872206,221,17.0,53.0,0.08
07:38:33,134.95,43.0,428.67,36.0,120.03,92.0,474.0,20.0,281.81,293.72,135.0,56.0,70.84794690038662,191,79.0,-30.0,0.41
07:38:36,139.0,112.0,401.89,18.0,138.0,21.0,489.0,24.0,270.44,262.89,133.0,42.0,71.13876559232686,175,91.0,25.0,0.52
07:38:37,139.04,78.0,232.5,16.0,138.5,30.0,295.6,20.0,185.77,93.46000000000001,108.0,36.0,48.68240205659569,144,72.0,-31.0,0.5
07:38:38,139.05,110.0,228.92,26.0,138.56,54.0,230.2,30.0,183.99,89.86999999999998,164.0,56.0,60.46984976002526,220,108.0,76.0,0.49
07:38:39,141.03,59.0,226.36,22.0,138.82,49.0,227.33,18.0,183.7,85.33000000000001,108.0,40.0,58.148741774865776,148,68.0,-72.0,0.46
07:38:40,143.0,54.0,223.58,19.0,139.0,72.0,224.54,26.0,183.29,80.58000000000001,126.0,45.0,38.58491117004175,171,81.0,23.0,0.47
07:38:41,143.0,48.0,223.22,18.0,139.0,64.0,244.4,20.0,183.11,80.22,112.0,38.0,1.0624594109928212,150,74.0,-21.0,0.49
07:38:42,143.0,22.0,223.59,17.0,139.0,72.0,266.95,19.0,183.29,80.59,94.0,36.0,0.3596943146715541,130,58.0,-20.0,0.45
07:38:43,144.83,48.0,201.17,6.0,142.8,10.0,222.75,8.0,173.0,56.339999999999975,58.0,14.0,4.632598622804078,72,44.0,-58.0,0.61
07:38:44,145.0,106.0,188.35,26.0,143.0,20.0,192.19,16.0,166.67,43.349999999999994,126.0,42.0,7.670842196265352,168,84.0,96.0,0.5
07:38:45,145.0,84.0,185.56,16.0,143.0,24.0,187.62,16.0,165.28,40.56,108.0,32.0,8.655908386761245,140,76.0,-28.0,0.54
07:38:46,145.0,70.0,180.92,12.0,143.0,20.0,183.3,10.0,162.96,35.91999999999999,90.0,22.0,8.189398634820629,112,68.0,-28.0,0.61
07:38:47,145.0,91.0,178.35,17.0,143.0,26.0,180.13,23.0,161.68,33.349999999999994,117.0,40.0,4.411283260004989,157,77.0,45.0,0.49
07:38:48,145.0,77.0,176.09,11.0,143.0,42.0,177.27,11.0,160.55,31.090000000000003,119.0,22.0,2.524771276769295,141,97.0,-16.0,0.69
07:38:49,145.0,112.0,171.56,16.0,143.0,64.0,172.62,16.0,158.28,26.560000000000002,176.0,32.0,2.6177662233283363,208,144.0,67.0,0.69
07:38:50,145.0,91.0,169.15,13.0,143.0,52.0,170.15,13.0,157.08,24.150000000000006,143.0,26.0,2.414062965209924,169,117.0,-39.0,0.69
07:38:51,145.0,84.0,163.06,33.0,143.0,48.0,163.94,18.0,154.03,18.060000000000002,132.0,51.0,3.008559455951891,183,81.0,14.0,0.44
07:38:52,145.56,63.0,158.26,23.0,144.51,65.0,160.38,32.0,151.91,12.699999999999989,128.0,55.0,3.4275282639238585,183,73.0,0.0,0.4
07:38:53,146.0,65.0,155.85,40.0,145.0,91.0,156.37,19.0,150.93,9.849999999999994,156.0,59.0,3.186068109754744,215,97.0,32.0,0.45
07:38:54,146.0,85.0,151.42,38.0,145.0,119.0,152.65,20.0,148.71,5.4199999999999875,204.0,58.0,3.181559366096353,262,146.0,47.0,0.56
07:38:55,145.56,77.0,147.27,15.0,144.65,85.0,248.77,57.0,146.41,1.710000000000008,162.0,72.0,2.9374342545824903,234,90.0,-28.0,0.38
07:38:56,144.83,36.0,146.0,13.0,141.94,49.0,430.8,25.0,145.42,1.1699999999999875,85.0,38.0,2.7962796712764555,123,47.0,-111.0,0.38
07:38:57,145.0,28.0,228.44,18.0,141.07,116.0,374.67,42.0,186.72,83.44,144.0,60.0,17.505832456641322,204,84.0,81.0,0.41
07:38:58,145.0,28.0,319.91,44.0,141.0,155.0,359.91,35.0,232.45,174.91000000000003,183.0,79.0,37.99550197062809,262,104.0,58.0,0.4
07:39:00,141.76,37.0,332.0,10.0,140.64,122.0,518.0,40.0,236.88,190.24,159.0,50.0,59.03163541695268,209,109.0,5.0,0.52
07:39:01,141.0,80.0,221.18,17.0,140.0,32.0,410.96,23.0,181.09,80.18,112.0,40.0,48.931970632706225,152,72.0,-57.0,0.47
07:39:03,142.15,39.0,310.5,6.0,140.71,42.0,723.0,24.0,226.33,168.35,81.0,30.0,59.88948931156481,111,51.0,-15.0,0.46
07:39:04,141.0,70.0,213.33,15.0,140.0,28.0,310.3,27.0,177.17,72.33000000000001,98.0,42.0,61.29265763531572,140,56.0,29.0,0.4
07:39:05,141.0,96.0,213.0,50.0,140.0,40.0,305.96,46.0,177.0,72.0,136.0,96.0,65.34677497780608,232,40.0,92.0,0.17
07:39:06,141.0,61.0,202.11,45.0,139.76,42.0,275.76,33.0,171.56,61.110000000000014,103.0,78.0,66.81854405776905,181,25.0,-51.0,0.14
07:39:07,141.0,44.0,186.76,54.0,139.38,80.0,215.28,18.0,163.88,45.75999999999999,124.0,72.0,24.717145263966273,196,52.0,15.0,0.27
07:39:08,141.29,63.0,182.33,45.0,140.13,46.0,230.0,9.0,161.81,41.04000000000002,109.0,54.0,7.193221114355227,163,55.0,-33.0,0.34
07:39:09,147.0,27.0,180.44,45.0,141.0,54.0,228.08,13.0,163.72,33.44,81.0,58.0,6.450936366141361,139,23.0,-24.0,0.17
07:39:10,147.0,33.0,177.55,55.0,141.0,66.0,214.38,52.0,162.27,30.55000000000001,99.0,107.0,3.9666068622947974,206,-8.0,67.0,-0.04
07:39:11,141.0,60.0,176.52,58.0,140.0,60.0,202.86,56.0,158.76,35.52000000000001,120.0,114.0,2.0652288008846407,234,6.0,28.0,0.03
07:39:12,141.0,130.0,172.17,66.0,140.0,79.0,173.43,60.0,156.58,31.169999999999987,209.0,126.0,2.895232287745308,335,83.0,101.0,0.25
07:39:13,141.0,120.0,168.0,48.0,140.0,60.0,169.0,60.0,154.5,27.0,180.0,108.0,3.840492155961587,288,72.0,-47.0,0.25
07:39:14,141.78,77.0,166.92,49.0,140.41,59.0,167.88,41.0,154.35,25.139999999999986,136.0,90.0,3.312592640214302,226,46.0,-62.0,0.2
07:39:15,145.0,55.0,163.55,44.0,141.0,88.0,165.12,49.0,154.27,18.55000000000001,143.0,93.0,1.965011450348684,236,50.0,10.0,0.21
07:39:16,145.0,17.0,159.67,36.0,141.0,72.0,160.67,36.0,152.33,14.669999999999987,89.0,72.0,1.5055331281645772,161,17.0,-75.0,0.11
07:39:17,145.0,18.0,156.37,38.0,141.0,72.0,157.39,41.0,150.68,11.370000000000005,90.0,79.0,1.6778945139670194,169,11.0,8.0,0.07
07:39:18,145.0,24.0,152.0,51.0,141.0,96.0,152.98,53.0,148.5,7.0,120.0,104.0,2.488640190947717,224,16.0,55.0,0.07
07:39:19,145.0,16.0,149.18,33.0,141.0,64.0,151.59,39.0,147.09,4.180000000000007,80.0,72.0,2.8807516380278133,152,8.0,-72.0,0.05
07:39:20,141.92,52.0,146.32,47.0,140.66,73.0,147.23,52.0,144.12,4.400000000000006,125.0,99.0,3.1852833468938617,224,26.0,72.0,0.12
07:39:21,141.0,80.0,144.0,43.0,140.0,50.0,145.0,43.0,142.5,3.0,130.0,86.0,3.2960006067958765,216,44.0,-8.0,0.2
07:39:22,141.0,121.0,142.26,54.0,140.0,85.0,143.7,54.0,141.63,1.259999999999991,206.0,108.0,2.946620097670938,314,98.0,98.0,0.31
07:39:23,139.77,39.0,150.45,44.0,138.93,40.0,345.82,28.0,145.11,10.679999999999978,79.0,72.0,2.15760283648268,151,7.0,-162.5,0.05
07:39:24,138.79,19.0,230.69,29.0,137.43,14.0,353.82,39.0,184.74,91.9,33.0,68.0,18.564340817815225,101,-35.0,-50.0,-0.35
07:39:25,142.67,39.0,210.55,33.0,138.8,20.0,213.0,55.0,176.61,67.88000000000002,59.0,88.0,20.83068097782697,147,-29.0,46.0,-0.2
07:39:26,144.33,36.0,196.15,26.0,142.2,30.0,423.08,37.0,170.24,51.81999999999999,66.0,63.0,19.266476844509064,129,3.0,-18.0,0.02
07:39:27,145.0,47.0,166.11,56.0,141.4,40.0,167.4,35.0,155.55,21.110000000000014,87.0,91.0,16.018110063300373,178,-4.0,49.0,-0.02
07:39:28,145.75,36.0,164.1,50.0,143.75,72.0,165.37,46.0,154.93,18.349999999999994,108.0,96.0,13.080020259923353,204,12.0,26.0,0.06
07:39:29,146.0,20.0,162.79,42.0,145.0,42.0,163.86,64.0,154.39,16.789999999999992,62.0,106.0,10.371324891256828,168,-44.0,-36.0,-0.26
07:39:30,146.0,16.0,160.69,48.0,145.0,48.0,163.18,62.0,153.34,14.689999999999998,64.0,110.0,7.062439380270956,174,-46.0,6.0,-0.26
07:39:31,143.07,127.0,160.0,45.0,141.61,59.0,163.39,59.0,151.54,16.930000000000007,186.0,104.0,1.5727523644874313,290,82.0,116.0,0.28
07:39:32,143.0,120.0,157.54,54.0,141.0,60.0,158.93,42.0,150.27,14.539999999999992,180.0,96.0,1.955819521326147,276,84.0,-14.0,0.3
07:39:33,143.0,128.0,155.0,48.0,141.0,70.0,156.28,64.0,149.0,12.0,198.0,112.0,2.195784597814642,310,86.0,34.0,0.28
07:39:34,143.0,64.0,153.17,36.0,141.0,60.0,156.0,60.0,148.08,10.169999999999987,124.0,96.0,2.079177722081391,220,28.0,-90.0,0.13
07:39:35,145.91,44.0,152.17,35.0,142.36,47.0,154.32,53.0,149.04,6.259999999999991,91.0,88.0,1.3412233221948007,179,3.0,-41.0,0.02
07:39:36,147.0,52.0,149.47,55.0,143.0,52.0,150.6,63.0,148.24,2.469999999999999,104.0,118.0,0.8676289529511225,222,-14.0,43.0,-0.06
07:39:37,147.0,34.0,148.59,51.0,143.15,52.0,149.46,65.0,147.79,1.5900000000000034,86.0,116.0,0.5624055476245707,202,-30.0,-20.0,-0.15
07:39:38,143.44,18.0,148.83,30.0,141.73,44.0,150.0,30.0,146.14,5.390000000000015,62.0,60.0,1.066358288756039,122,2.0,-80.0,0.02
07:39:39,141.55,58.0,148.0,50.0,139.64,66.0,150.0,50.0,144.78,6.449999999999989,124.0,100.0,1.7172128580925798,224,24.0,102.0,0.11
07:39:40,141.0,45.0,145.56,45.0,138.0,45.0,146.78,45.0,143.28,4.560000000000002,90.0,90.0,2.0686662369744733,180,0.0,-44.0,0.0
07:39:41,141.0,40.0,144.75,40.0,138.25,20.0,146.0,40.0,142.88,3.75,60.0,80.0,2.036020628578644,140,-20.0,-40.0,-0.14
07:39:42,141.0,67.0,143.35,85.0,139.41,17.0,145.06,85.0,142.18,2.3499999999999943,84.0,170.0,1.5940263485894524,254,-86.0,114.0,-0.34
07:39:43,140.5,16.0,143.03,58.0,137.85,20.0,173.06,32.0,141.77,2.530000000000001,36.0,90.0,1.1666276183929196,126,-54.0,-128.0,-0.43
07:39:44,140.0,9.0,142.49,41.0,139.0,9.0,195.14,29.0,141.24,2.490000000000009,18.0,70.0,0.8232860985082241,88,-52.0,-38.0,-0.59
07:39:45,140.0,12.0,142.0,60.0,139.0,12.0,265.36,22.0,141.0,2.0,24.0,82.0,0.7523828812491339,106,-58.0,18.0,-0.55
07:39:46,136.06,145.0,140.44,41.0,135.07,112.0,162.0,37.0,138.25,4.3799999999999955,257.0,78.0,1.5445614264238419,335,179.0,161.5,0.53
07:39:47,136.0,97.0,197.33,12.0,135.0,120.0,428.79,24.0,166.67,61.33000000000001,217.0,36.0,11.754072911123107,253,181.0,-82.0,0.72
07:39:48,136.77,43.0,227.1,30.0,132.07,54.0,353.18,33.0,181.93,90.32999999999998,97.0,63.0,19.495693627055203,160,34.0,-93.0,0.21
07:39:49,141.0,30.0,143.6,20.0,138.0,10.0,259.61,38.0,142.3,2.5999999999999943,40.0,58.0,19.329781426596654,98,-18.0,-62.0,-0.18
07:39:50,142.54,74.0,230.48,21.0,140.5,48.0,370.17,60.0,186.51,87.94,122.0,81.0,22.166975887567613,203,41.0,105.0,0.2
07:39:51,139.91,35.0,331.73,33.0,138.4,15.0,693.73,51.0,235.82,191.82000000000002,50.0,84.0,34.37277163686413,134,-34.0,-69.0,-0.25
07:39:52,139.0,18.0,354.58,19.0,138.0,6.0,684.33,24.0,246.79,215.57999999999998,24.0,43.0,42.723901390205654,67,-19.0,-67.0,-0.28
07:39:53,139.95,61.0,243.31,39.0,138.96,25.0,614.41,34.0,191.63,103.36000000000001,86.0,73.0,41.98762615342784,159,13.0,92.0,0.08
07:39:54,141.69,54.0,193.0,65.0,136.04,51.0,619.72,43.0,167.34,51.31,105.0,108.0,34.03409863651482,213,-3.0,54.0,-0.01
07:39:55,147.0,54.0,192.54,26.0,137.0,12.0,231.45,22.0,169.77,45.53999999999999,66.0,48.0,37.07154366896553,114,18.0,-99.0,0.16
07:39:56,147.0,81.0,218.91,33.0,143.0,9.0,283.0,39.0,182.95,71.91,90.0,72.0,32.34891775624053,162,18.0,48.0,0.11
07:39:57,147.0,99.0,225.54,28.0,143.0,11.0,235.26,34.0,186.27,78.53999999999999,110.0,62.0,10.575543484852638,172,48.0,10.0,0.28
07:39:58,147.0,90.0,223.9,10.0,143.0,10.0,225.0,30.0,185.45,76.9,100.0,40.0,9.071007661776532,140,60.0,-32.0,0.43
07:39:59,147.0,54.0,222.4,10.0,143.0,6.0,224.71,14.0,184.7,75.4,60.0,24.0,6.851147349167863,84,36.0,-56.0,0.43
07:40:00,147.0,36.0,222.0,12.0,143.0,4.0,223.0,4.0,184.5,75.0,40.0,16.0,1.2351639567324308,56,24.0,-28.0,0.43
07:40:01,147.0,89.0,178.89,27.0,143.0,11.0,194.65,31.0,162.94,31.889999999999986,100.0,58.0,9.992735861615149,158,42.0,102.0,0.27
07:40:02,147.0,27.0,156.08,12.0,143.0,12.0,158.0,36.0,151.54,9.080000000000013,39.0,48.0,15.672159391736892,87,-9.0,-71.0,-0.1
07:40:03,147.0,13.0,154.89,19.0,144.11,18.0,209.27,33.0,150.95,7.889999999999986,31.0,52.0,16.8271381999437,83,-21.0,-4.0,-0.25
07:40:04,146.83,23.0,153.25,12.0,144.89,19.0,173.0,34.0,150.04,6.4199999999999875,42.0,46.0,14.676248839536692,88,-4.0,5.0,-0.05
07:40:05,147.0,33.0,153.0,11.0,145.31,26.0,197.0,55.0,150.0,6.0,59.0,66.0,5.542001443521983,125,-7.0,37.0,-0.06
07:40:06,147.0,29.0,152.71,14.0,146.0,44.0,196.14,51.0,149.86,5.710000000000008,73.0,65.0,0.7336347865245822,138,8.0,13.0,0.06
07:40:07,147.0,18.0,151.0,26.0,146.0,36.0,151.92,26.0,149.0,4.0,54.0,52.0,0.6926759704211163,106,2.0,-32.0,0.02
07:40:08,146.23,26.0,149.64,22.0,145.55,22.0,151.5,12.0,147.93,3.4099999999999966,48.0,34.0,0.9077885216275066,82,14.0,-24.0,0.17
07:40:09,145.48,23.0,147.38,13.0,144.25,16.0,177.44,27.0,146.43,1.9000000000000057,39.0,40.0,1.4879280896597245,79,-1.0,-3.0,-0.01
07:40:10,145.0,20.0,146.27,11.0,142.14,14.0,426.48,29.0,145.64,1.2700000000000102,34.0,40.0,1.7492198260933953,74,-6.0,-5.0,-0.08
07:40:11,145.0,14.0,418.37,27.0,141.0,18.0,505.22,50.0,281.69,273.37,32.0,77.0,60.13750967574237,109,-45.0,35.0,-0.41
07:40:12,141.39,18.0,208.38,32.0,139.41,49.0,430.6,30.0,174.88,66.99000000000001,67.0,62.0,58.52511623226398,129,5.0,20.0,0.04
07:40:13,140.0,16.0,252.79,42.0,139.0,156.0,430.71,42.0,196.39,112.78999999999999,172.0,84.0,55.98597351122879,256,88.0,127.0,0.34
07:40:14,142.53,32.0,358.81,27.0,139.04,68.0,489.86,28.0,250.67,216.28,100.0,55.0,55.57484709830534,155,45.0,-101.0,0.29
07:40:15,143.0,63.0,239.84,19.0,140.0,7.0,298.44,18.0,191.42,96.84,70.0,37.0,45.14273861874155,107,33.0,-48.0,0.31
07:40:16,143.0,40.0,235.0,15.0,140.0,5.0,258.0,10.0,189.0,92.0,45.0,25.0,29.176179839040195,70,20.0,-37.0,0.29
07:40:17,143.0,90.0,264.11,18.0,140.0,9.0,326.31,35.0,203.56,121.11000000000001,99.0,53.0,25.47093775266267,152,46.0,82.0,0.3
07:40:18,143.0,105.0,289.37,35.0,140.0,11.0,378.23,39.0,216.19,146.37,116.0,74.0,25.099371904492294,190,42.0,38.0,0.22
07:40:19,143.0,90.0,238.34,32.0,139.1,58.0,292.0,33.0,190.67,95.34,148.0,65.0,11.615441016165303,213,83.0,23.0,0.39
07:40:20,143.0,63.0,180.65,17.0,140.0,7.0,219.0,22.0,161.82,37.650000000000006,70.0,39.0,20.248972072676043,109,31.0,-104.0,0.28
07:40:21,143.0,140.0,154.06,48.0,140.0,16.0,157.0,32.0,148.53,11.060000000000002,156.0,80.0,28.342694473179733,236,76.0,127.0,0.32
07:40:22,142.94,100.0,151.84,51.0,139.35,40.0,155.71,35.0,147.39,8.900000000000006,140.0,86.0,29.821210572342824,226,54.0,-10.0,0.24
07:40:23,140.0,13.0,149.2,41.0,139.0,169.0,150.24,50.0,144.6,9.199999999999989,182.0,91.0,19.117546129145573,273,91.0,47.0,0.33
07:40:24,140.0,37.0,148.12,50.0,138.78,121.0,149.2,41.0,144.06,8.120000000000005,158.0,91.0,7.254946588363499,249,67.0,-24.0,0.27
07:40:25,140.26,35.0,147.35,46.0,138.79,126.0,148.23,52.0,143.8,7.090000000000003,161.0,98.0,2.1431122229147164,259,63.0,10.0,0.24
07:40:26,139.15,92.0,146.42,24.0,138.31,116.0,147.43,47.0,142.78,7.269999999999982,208.0,71.0,1.7321027683155117,279,137.0,20.0,0.49
07:40:27,141.0,10.0,144.06,34.0,140.0,50.0,145.86,14.0,142.53,3.0600000000000023,60.0,48.0,0.8744026532474128,108,12.0,-162.5,0.11
07:40:28,139.44,54.0,141.92,49.0,138.79,126.0,143.06,31.0,140.68,2.4799999999999898,180.0,80.0,1.3370489893814697,260,100.0,152.0,0.38
07:40:29,139.0,94.0,236.05,42.0,138.0,117.0,267.06,47.0,187.52,97.05000000000001,211.0,89.0,20.188455116724686,300,122.0,40.0,0.41
07:40:30,139.0,98.0,245.59,39.0,138.0,126.0,288.73,33.0,192.29,106.59,224.0,72.0,26.307119758727072,296,152.0,-4.0,0.51
07:40:31,139.09,44.0,159.88,8.0,138.1,70.0,254.57,28.0,149.48,20.789999999999992,114.0,36.0,25.287735169445455,150,78.0,-146.0,0.52
07:40:32,138.61,46.0,155.91,11.0,137.91,65.0,215.4,25.0,147.26,17.299999999999983,111.0,36.0,24.427752250258493,147,75.0,-3.0,0.51
07:40:33,141.85,20.0,154.58,12.0,138.38,65.0,283.5,36.0,148.22,12.730000000000018,85.0,48.0,22.852955607535957,133,37.0,-14.0,0.28
07:40:34,145.0,4.0,153.25,4.0,139.0,16.0,232.0,12.0,149.12,8.25,20.0,16.0,19.593426959059716,36,4.0,-97.0,0.11
07:40:35,140.45,29.0,163.5,20.0,138.65,52.0,223.23,39.0,151.97,23.05000000000001,81.0,59.0,1.7664370920038692,140,22.0,104.0,0.16
07:40:36,138.0,54.0,172.33,27.0,136.0,9.0,173.5,24.0,155.17,34.33000000000001,63.0,51.0,3.2192654441669206,114,12.0,-26.0,0.11
07:40:37,138.53,38.0,170.15,39.0,137.9,63.0,172.0,39.0,154.34,31.620000000000005,101.0,78.0,3.075293481931029,179,23.0,65.0,0.13
07:40:38,141.41,34.0,168.39,49.0,138.15,82.0,171.6,45.0,154.9,26.97999999999999,116.0,94.0,2.5583099890372356,210,22.0,31.0,0.1
07:40:39,145.88,34.0,163.61,54.0,144.87,62.0,168.88,48.0,154.75,17.730000000000018,96.0,102.0,1.2963911446812248,198,-6.0,-12.0,-0.03
07:40:40,145.0,48.0,152.5,60.0,138.0,124.0,159.1,62.0,148.75,7.5,172.0,122.0,2.7178061005170693,294,50.0,96.0,0.17
07:40:41,145.0,51.0,149.92,49.0,138.0,218.0,154.11,47.0,147.46,4.9199999999999875,269.0,96.0,3.6267823204608707,365,173.0,71.0,0.47
07:40:42,139.18,71.0,146.36,33.0,137.75,55.0,148.08,26.0,142.77,7.180000000000007,126.0,59.0,5.159557151539959,185,67.0,-162.5,0.36
07:40:43,138.0,70.0,146.67,27.0,136.0,10.0,207.59,17.0,142.33,8.669999999999987,80.0,44.0,5.069854041292183,124,36.0,-61.0,0.29
07:40:44,142.42,55.0,149.0,26.0,137.88,67.0,287.0,27.0,145.71,6.5800000000000125,122.0,53.0,2.824177756446361,175,69.0,51.0,0.39
07:40:45,140.59,56.0,148.75,24.0,138.1,98.0,277.0,30.0,144.67,8.159999999999997,154.0,54.0,2.116464032296861,208,100.0,33.0,0.48
07:40:46,142.75,16.0,146.55,22.0,138.93,97.0,317.88,16.0,144.65,3.8000000000000114,113.0,38.0,1.4224907732587193,151,75.0,-57.0,0.5
07:40:47,139.0,61.0,144.47,38.0,138.0,70.0,175.79,29.0,141.74,5.469999999999999,131.0,67.0,1.6977926846367777,198,64.0,47.0,0.32
07:40:48,139.0,31.0,142.15,40.0,138.0,77.0,143.41,37.0,140.57,3.1500000000000057,108.0,77.0,2.1939051939420984,185,31.0,-13.0,0.17
07:40:49,138.74,31.0,160.6,20.0,137.35,77.0,209.47,19.0,149.67,21.859999999999985,108.0,39.0,3.519758514444734,147,69.0,-38.0,0.47
07:40:50,140.01,67.0,188.81,64.0,139.4,25.0,305.19,16.0,164.41,48.80000000000001,92.0,80.0,9.714366680335203,172,12.0,25.0,0.07
07:40:51,141.0,15.0,186.67,60.0,140.0,59.0,211.45,40.0,163.83,45.66999999999999,74.0,100.0,11.56815369884095,174,-26.0,2.0,-0.15
07:40:52,142.45,33.0,184.82,44.0,141.0,11.0,186.18,44.0,163.64,42.370000000000005,44.0,88.0,10.812741557995754,132,-44.0,-42.0,-0.33
07:40:53,143.89,27.0,183.0,36.0,141.0,9.0,185.56,36.0,163.44,39.110000000000014,36.0,72.0,6.342891296562576,108,-36.0,-24.0,-0.33
07:40:54,145.32,22.0,171.66,29.0,141.0,8.0,178.6,20.0,158.49,26.340000000000003,30.0,49.0,2.4154233583389595,79,-19.0,-29.0,-0.24
07:40:55,146.0,18.0,164.44,36.0,141.0,9.0,180.55,33.0,155.22,18.439999999999998,27.0,69.0,3.892676457144779,96,-42.0,17.0,-0.44
07:40:56,146.0,20.0,162.14,58.0,141.0,16.0,165.49,57.0,154.07,16.139999999999986,36.0,115.0,4.4747256899176495,151,-79.0,55.0,-0.52
07:40:57,146.0,10.0,156.26,39.0,141.0,10.0,157.66,35.0,151.13,10.259999999999991,20.0,74.0,4.7037059857105,94,-54.0,-57.0,-0.57
07:40:58,146.0,14.0,152.63,52.0,143.15,26.0,153.74,47.0,149.32,6.6299999999999955,40.0,99.0,3.5765248496282793,139,-59.0,45.0,-0.42
07:40:59,146.0,14.0,149.45,49.0,145.0,98.0,150.55,49.0,147.72,3.4499999999999886,112.0,98.0,3.1472480042107165,210,14.0,71.0,0.07
07:41:00,143.13,45.0,145.81,64.0,140.05,59.0,158.52,66.0,144.47,2.680000000000007,104.0,130.0,3.602730908631411,234,-26.0,24.0,-0.11
07:41:01,140.0,27.0,143.59,29.0,138.0,54.0,208.23,26.0,141.79,3.5900000000000034,81.0,55.0,3.7562521214646716,136,26.0,-98.0,0.19
07:41:02,142.92,199.0,253.35,40.0,139.4,40.0,543.29,28.0,198.14,110.43,239.0,68.0,23.57652794624367,307,171.0,161.5,0.56
07:41:04,145.0,7.0,398.78,9.0,143.0,70.0,418.73,11.0,271.89,253.77999999999997,77.0,20.0,73.70685368403684,97,57.0,-37.0,0.59
07:41:05,143.49,57.0,283.9,20.0,142.75,111.0,365.62,16.0,213.7,140.40999999999997,168.0,36.0,63.653511057914294,204,132.0,107.0,0.65
07:41:06,143.0,91.0,260.82,11.0,140.0,22.0,280.36,11.0,201.91,117.82,113.0,22.0,47.39457384553657,135,91.0,-69.0,0.67
07:41:07,143.0,65.0,152.15,13.0,140.0,26.0,314.6,20.0,147.58,9.150000000000006,91.0,33.0,61.345728702168145,124,58.0,-11.0,0.47
07:41:08,143.0,50.0,150.4,10.0,139.07,30.0,202.94,17.0,146.7,7.400000000000006,80.0,27.0,52.15808403306252,107,53.0,-17.0,0.5
07:41:09,142.86,63.0,148.61,18.0,138.36,66.0,159.0,26.0,145.73,5.75,129.0,44.0,33.74981674024331,173,85.0,66.0,0.49
07:41:10,138.3,61.0,146.62,16.0,136.27,135.0,151.44,18.0,142.46,8.319999999999993,196.0,34.0,25.249168897213348,230,162.0,57.0,0.7
07:41:11,142.41,34.0,144.43,7.0,137.45,33.0,145.43,7.0,143.42,2.0200000000000102,67.0,14.0,2.171916204646192,81,53.0,-149.0,0.65
07:41:12,142.64,42.0,144.0,9.0,137.56,41.0,209.0,9.0,143.32,1.3600000000000136,83.0,18.0,1.7973536101737566,101,65.0,20.0,0.64
07:41:13,139.0,55.0,143.82,11.0,138.0,33.0,410.1,20.0,141.41,4.819999999999993,88.0,31.0,1.5962675214401154,119,57.0,18.0,0.48
07:41:14,142.37,65.0,327.13,23.0,140.93,73.0,473.68,38.0,234.75,184.76,138.0,61.0,41.19519110284604,199,77.0,80.0,0.39
07:41:15,143.0,40.0,336.88,16.0,142.0,40.0,556.75,8.0,239.94,193.88,80.0,24.0,51.868728247374705,104,56.0,-95.0,0.54
07:41:16,143.8,50.0,258.0,20.0,142.8,50.0,582.0,50.0,200.9,114.19999999999999,100.0,70.0,47.78620648262432,170,30.0,66.0,0.18
07:41:17,144.0,50.0,187.1,20.0,143.0,50.0,485.3,50.0,165.55,43.099999999999994,100.0,70.0,42.9018245532752,170,30.0,0.0,0.18
07:41:18,144.0,55.0,185.0,22.0,143.0,55.0,346.18,55.0,164.5,41.0,110.0,77.0,36.208654628417314,187,33.0,17.0,0.18
07:41:19,144.0,24.0,203.33,39.0,143.0,45.0,234.33,45.0,173.67,59.33000000000001,69.0,84.0,32.09990763226595,153,-15.0,-34.0,-0.1
07:41:20,144.92,26.0,148.0,65.0,143.0,65.0,381.46,65.0,146.46,3.0800000000000125,91.0,130.0,19.825676028826983,221,-39.0,68.0,-0.18
07:41:21,145.0,26.0,242.52,44.0,143.0,65.0,299.74,53.0,193.76,97.52000000000001,91.0,97.0,17.138012428517047,188,-6.0,-33.0,-0.03
07:41:22,145.71,34.0,220.12,17.0,143.75,32.0,221.29,35.0,182.91,74.41,66.0,52.0,18.052134222855898,118,14.0,-70.0,0.12
07:41:23,146.0,29.0,217.32,25.0,145.0,92.0,218.23,26.0,181.66,71.32,121.0,51.0,17.837933456541577,172,70.0,54.0,0.41
07:41:24,146.96,92.0,203.78,18.0,145.2,40.0,210.33,18.0,175.37,56.81999999999999,132.0,36.0,17.80593075354404,168,96.0,-4.0,0.57
07:41:25,147.0,143.0,178.3,27.0,146.0,13.0,193.0,20.0,162.65,31.30000000000001,156.0,47.0,11.405658683303018,203,109.0,35.0,0.54
07:41:26,147.0,154.0,175.38,34.0,146.0,14.0,177.42,52.0,161.19,28.379999999999995,168.0,86.0,10.309237605177472,254,82.0,51.0,0.32
07:41:27,147.0,110.0,171.28,29.0,146.0,10.0,172.31,35.0,159.14,24.28,120.0,64.0,9.929887713363385,184,56.0,-70.0,0.3
07:41:28,147.0,154.0,167.73,37.0,145.14,176.0,168.53,34.0,157.36,20.72999999999999,330.0,71.0,7.1243224239224965,401,259.0,161.5,0.65
07:41:29,147.0,181.0,161.73,49.0,146.0,85.0,163.48,52.0,154.37,14.72999999999999,266.0,101.0,3.2499184605163167,367,165.0,-34.0,0.45
07:41:30,147.0,100.0,156.54,26.0,146.0,65.0,158.86,44.0,151.77,9.539999999999992,165.0,70.0,3.750377314351802,235,95.0,-132.0,0.4
07:41:31,146.19,62.0,150.78,41.0,145.08,195.0,151.47,38.0,148.49,4.590000000000003,257.0,79.0,4.269769314612277,336,178.0,101.0,0.53
07:41:32,146.0,39.0,147.43,46.0,145.0,198.0,148.52,31.0,146.72,1.4300000000000068,237.0,77.0,4.30885947786704,314,160.0,-22.0,0.51
07:41:33,146.0,11.0,147.0,35.0,145.0,126.0,167.1,29.0,146.5,1.0,137.0,64.0,3.412982566613036,201,73.0,-113.0,0.36
07:41:34,146.0,12.0,147.0,60.0,145.0,216.0,176.22,36.0,146.5,1.0,228.0,96.0,2.2688829850841787,324,132.0,123.0,0.41
07:41:35,145.01,138.0,185.54,41.0,144.64,44.0,286.44,27.0,165.28,40.53,182.0,68.0,8.194218693689134,250,114.0,-74.0,0.46
07:41:36,145.0,128.0,177.67,33.0,143.0,8.0,226.16,19.0,161.33,32.66999999999999,136.0,52.0,9.270543673377766,188,84.0,-62.0,0.45
07:41:37,145.0,176.0,175.55,44.0,143.0,11.0,266.91,43.0,160.27,30.55000000000001,187.0,87.0,8.849538406041564,274,100.0,86.0,0.36
07:41:38,145.0,194.0,174.46,52.0,143.0,13.0,210.0,13.0,159.73,29.460000000000008,207.0,65.0,7.115979904412661,272,142.0,-2.0,0.52
07:41:39,145.0,112.0,171.62,32.0,143.0,8.0,208.0,8.0,158.31,26.620000000000005,120.0,40.0,2.636660766955983,160,80.0,-112.0,0.5
07:41:40,145.0,126.0,170.89,36.0,143.0,9.0,259.52,21.0,157.94,25.889999999999986,135.0,57.0,1.4002785437207914,192,78.0,32.0,0.41
07:41:41,145.0,182.0,168.31,52.0,143.0,33.0,250.0,13.0,156.65,23.310000000000002,215.0,65.0,1.447929556299166,280,150.0,88.0,0.54
07:41:42,145.0,131.0,164.51,47.0,143.0,39.0,176.49,35.0,154.76,19.50999999999999,170.0,82.0,1.8741851562758083,252,88.0,-28.0,0.35
07:41:43,145.0,80.0,160.0,32.0,143.0,30.0,161.54,39.0,152.5,15.0,110.0,71.0,2.413746051266456,181,39.0,-71.0,0.22
07:41:44,145.0,88.0,157.08,36.0,143.0,31.0,158.27,44.0,151.04,12.080000000000013,119.0,80.0,2.8488980325740436,199,39.0,18.0,0.2
07:41:45,145.0,104.0,154.95,61.0,143.0,42.0,156.22,54.0,149.98,9.949999999999989,146.0,115.0,2.721723718529131,261,31.0,62.0,0.12
07:41:46,145.0,50.0,152.1,30.0,143.0,40.0,154.0,40.0,148.55,7.099999999999994,90.0,70.0,2.3854936596024987,160,20.0,-101.0,0.12
07:41:47,145.0,50.0,149.97,35.0,143.0,40.0,152.16,38.0,147.49,4.969999999999999,90.0,73.0,1.9809013100110533,163,17.0,3.0,0.1
07:41:48,145.0,35.0,147.86,28.0,143.0,28.0,149.0,28.0,146.43,2.8600000000000136,63.0,56.0,1.8542842284836856,119,7.0,-44.0,0.06
07:41:49,144.25,32.0,146.22,36.0,142.45,33.0,184.44,27.0,145.24,1.9699999999999989,65.0,63.0,1.8370002721837615,128,2.0,9.0,0.02
07:41:50,142.31,35.0,144.71,34.0,140.59,32.0,189.52,31.0,143.51,2.4000000000000057,67.0,65.0,1.9613464762767236,132,2.0,4.0,0.02
07:41:51,139.92,24.0,144.0,43.0,138.04,76.0,311.4,43.0,141.96,4.0800000000000125,100.0,86.0,2.221312674974638,186,14.0,54.0,0.08
07:41:52,139.16,51.0,410.95,38.0,138.0,85.0,563.0,20.0,275.05,271.78999999999996,136.0,58.0,58.50450298908628,194,78.0,8.0,0.4
07:41:55,138.0,169.0,287.86,14.0,135.33,73.0,365.86,14.0,212.93,149.86,242.0,28.0,85.36538953229238,270,214.0,137.0,0.79
07:41:56,138.0,48.0,285.67,6.0,136.41,34.0,288.0,6.0,211.83,147.67000000000002,82.0,12.0,65.00473982718503,94,70.0,-162.5,0.74
07:41:57,138.11,83.0,269.05,19.0,136.09,66.0,284.25,20.0,203.58,130.94,149.0,39.0,71.56160863200336,188,110.0,94.0,0.59
07:41:58,138.0,104.0,144.11,28.0,135.0,50.0,156.91,23.0,141.05,6.110000000000014,154.0,51.0,52.231467526769876,205,103.0,17.0,0.5
07:41:59,138.0,64.0,146.0,32.0,135.0,15.0,361.0,32.0,142.0,8.0,79.0,64.0,37.378825155427435,143,15.0,-62.0,0.1
07:42:00,138.0,66.0,145.33,27.0,135.0,29.0,351.06,34.0,141.67,7.3300000000000125,95.0,61.0,36.340656708430764,156,34.0,13.0,0.22
07:42:01,138.0,30.0,143.18,17.0,135.0,18.0,165.85,13.0,140.59,5.180000000000007,48.0,30.0,27.84550897362107,78,18.0,-78.0,0.23
07:42:02,138.0,52.0,141.64,25.0,135.0,39.0,168.07,30.0,139.82,3.6399999999999864,91.0,55.0,0.8672542879739816,146,36.0,68.0,0.25
07:42:03,138.0,40.0,214.0,20.0,135.0,29.0,313.0,36.0,176.0,76.0,69.0,56.0,15.667547032002501,125,13.0,-21.0,0.1
07:42:04,137.59,44.0,196.61,41.0,126.38,39.0,225.64,50.0,167.1,59.02000000000001,83.0,91.0,17.20387252917235,174,-8.0,49.0,-0.05
07:42:05,135.0,12.0,199.0,18.0,79.38,16.0,401.0,20.0,167.0,64.0,28.0,38.0,16.74349485621242,66,-10.0,-108.0,-0.15
07:42:06,136.0,8.0,199.0,15.0,113.57,7.0,372.0,10.0,167.5,63.0,15.0,25.0,13.76772602865166,40,-10.0,-26.0,-0.25
07:42:07,139.0,7.0,197.86,21.0,135.0,14.0,353.0,28.0,168.43,58.860000000000014,21.0,49.0,3.8396848829054897,70,-28.0,30.0,-0.4
07:42:08,135.4,20.0,197.0,33.0,79.59,17.0,284.55,44.0,166.2,61.599999999999994,37.0,77.0,0.8127607274055062,114,-40.0,44.0,-0.35
07:42:09,113.79,42.0,185.31,39.0,95.73,22.0,294.6,45.0,149.55,71.52,64.0,84.0,7.97133803072058,148,-20.0,34.0,-0.14
07:42:10,135.0,21.0,177.0,38.0,107.52,23.0,248.69,39.0,156.0,42.0,44.0,77.0,8.35405470415487,121,-33.0,-27.0,-0.27
07:42:11,134.43,21.0,190.04,28.0,118.33,15.0,279.12,41.0,162.23,55.609999999999985,36.0,69.0,7.722024993485323,105,-33.0,-16.0,-0.31
07:42:12,132.67,6.0,147.17,18.0,113.75,12.0,169.14,21.0,139.92,14.5,18.0,39.0,10.435274313596718,57,-21.0,-48.0,-0.37
07:42:35,132.89,36.0,142.95,20.0,123.48,83.0,246.0,20.0,137.92,10.060000000000002,119.0,40.0,13.075238047546465,159,79.0,57.0,0.5
07:42:36,141.43,14.0,167.67,9.0,142.96,56.0,390.0,27.0,154.55,26.23999999999998,70.0,36.0,12.435249494883811,106,34.0,-53.0,0.32
07:42:37,147.0,7.0,166.14,7.0,146.0,49.0,184.67,9.0,156.57,19.139999999999986,56.0,16.0,13.40288588327188,72,40.0,-34.0,0.56
07:42:38,147.0,9.0,163.78,9.0,146.0,63.0,167.0,9.0,155.39,16.78,72.0,18.0,11.69927861023957,90,54.0,18.0,0.6
07:42:39,147.0,8.0,163.0,8.0,146.0,56.0,167.0,8.0,155.0,16.0,64.0,16.0,7.84316453990413,80,48.0,-10.0,0.6
07:42:40,147.0,12.0,162.0,12.0,146.0,84.0,163.0,12.0,154.5,15.0,96.0,24.0,0.8463864365700212,120,72.0,40.0,0.6
07:42:41,146.09,44.0,160.0,12.0,145.64,44.0,161.0,12.0,153.05,13.909999999999997,88.0,24.0,1.2866118295778484,112,64.0,-8.0,0.57
07:42:42,146.0,43.0,158.1,10.0,145.0,20.0,160.0,10.0,152.05,12.099999999999994,63.0,20.0,1.404197279590574,83,43.0,-29.0,0.52
07:42:43,145.76,42.0,155.15,13.0,143.63,51.0,156.15,13.0,150.46,9.390000000000015,93.0,26.0,1.8443074581016796,119,67.0,36.0,0.56
07:42:44,143.29,56.0,154.58,12.0,141.74,76.0,156.0,12.0,148.93,11.29000000000002,132.0,24.0,2.176435158696297,156,108.0,37.0,0.69
07:42:45,144.49,47.0,153.33,9.0,142.56,54.0,156.0,9.0,148.91,8.840000000000003,101.0,18.0,1.8532134253801733,119,83.0,-37.0,0.7
07:42:46,145.0,40.0,151.25,8.0,143.0,48.0,156.0,8.0,148.12,6.25,88.0,16.0,1.5663109525280259,104,72.0,-15.0,0.69
07:42:47,145.0,55.0,149.64,11.0,143.0,66.0,153.64,11.0,147.32,4.639999999999986,121.0,22.0,1.1644612488224841,143,99.0,39.0,0.69
07:42:48,144.8,40.0,148.0,13.0,142.81,62.0,309.8,25.0,146.4,3.1999999999999886,102.0,38.0,1.0850483860221163,140,64.0,-3.0,0.46
07:42:49,143.0,36.0,146.53,17.0,141.0,54.0,280.92,25.0,144.76,3.530000000000001,90.0,42.0,1.6070532038514507,132,48.0,-8.0,0.36
07:42:50,143.0,40.0,145.2,50.0,141.0,60.0,147.0,10.0,144.1,2.1999999999999886,100.0,60.0,1.6916264363059712,160,40.0,28.0,0.25
07:42:51,143.0,34.0,144.0,50.0,141.0,60.0,196.3,10.0,143.5,1.0,94.0,60.0,1.5989621634076454,154,34.0,-6.0,0.22
07:42:52,142.3,23.0,143.97,31.0,140.79,38.0,190.91,11.0,143.14,1.6699999999999875,61.0,42.0,1.2860015552126198,103,19.0,-51.0,0.18
07:42:53,141.0,31.0,142.25,20.0,140.0,32.0,147.0,28.0,141.62,1.25,63.0,48.0,1.1813890129882139,111,15.0,8.0,0.14
07:42:54,141.1,40.0,157.11,53.0,138.24,68.0,245.11,53.0,149.11,16.01000000000002,108.0,106.0,2.8435857644898443,214,2.0,103.0,0.01
07:42:55,147.0,20.0,408.43,14.0,140.0,40.0,426.65,34.0,277.71,261.43,60.0,48.0,59.71140787152825,108,12.0,-106.0,0.11
07:42:56,143.09,35.0,268.61,33.0,135.91,90.0,279.3,43.0,205.85,125.52000000000001,125.0,76.0,59.03512030986305,201,49.0,93.0,0.24
07:42:57,143.0,99.0,246.76,17.0,140.0,9.0,249.9,42.0,194.88,103.75999999999999,108.0,59.0,54.5600580095,167,49.0,-34.0,0.29
07:42:58,143.0,143.0,221.95,21.0,140.0,13.0,239.42,24.0,182.48,78.94999999999999,156.0,45.0,47.37062201407118,201,111.0,34.0,0.55
07:42:59,143.08,73.0,211.6,35.0,141.12,16.0,221.08,26.0,177.34,68.51999999999998,89.0,61.0,40.70301426184559,150,28.0,-51.0,0.19
07:43:00,145.57,35.0,218.31,32.0,144.0,60.0,219.81,43.0,181.94,72.74000000000001,95.0,75.0,11.678468221475166,170,20.0,20.0,0.12
07:43:01,146.0,32.0,208.81,31.0,145.0,48.0,214.39,41.0,177.4,62.81,80.0,72.0,7.171814275342418,152,8.0,-18.0,0.05
07:43:02,146.0,21.0,193.36,56.0,145.0,42.0,195.91,43.0,169.68,47.360000000000014,63.0,99.0,5.131833980167833,162,-36.0,10.0,-0.22
07:43:03,144.38,24.0,189.83,47.0,143.53,57.0,192.6,50.0,167.1,45.45000000000002,81.0,97.0,6.116315884583244,178,-16.0,16.0,-0.09
07:43:04,142.78,18.0,183.38,16.0,140.89,18.0,189.38,26.0,163.08,40.599999999999994,36.0,42.0,7.694062645963136,78,-6.0,-100.0,-0.08
07:43:05,144.89,72.0,186.26,31.0,141.12,17.0,189.91,47.0,165.57,41.370000000000005,89.0,78.0,5.488668326653132,167,11.0,89.0,0.07
07:43:06,145.0,35.0,184.43,14.0,143.0,14.0,190.0,21.0,164.71,39.43000000000001,49.0,35.0,2.506186345826125,84,14.0,-83.0,0.17
07:43:07,145.0,50.0,182.76,29.0,143.0,20.0,184.86,21.0,163.88,37.75999999999999,70.0,50.0,1.5550466230969817,120,20.0,36.0,0.17
07:43:08,145.0,50.0,181.33,30.0,143.0,20.0,182.91,22.0,163.17,36.33000000000001,70.0,52.0,1.0589003730310689,122,18.0,2.0,0.15
07:43:09,145.0,75.0,170.26,46.0,143.0,30.0,172.28,29.0,157.63,25.25999999999999,105.0,75.0,3.129252306862667,180,30.0,58.0,0.17
07:43:10,145.0,45.0,166.78,36.0,143.0,18.0,169.0,18.0,155.89,21.78,63.0,54.0,4.006891563295085,117,9.0,-63.0,0.08
07:43:11,145.0,60.0,163.69,26.0,143.0,24.0,165.12,32.0,154.35,18.689999999999998,84.0,58.0,4.31200417439562,142,26.0,25.0,0.18
07:43:12,145.0,80.0,157.43,42.0,143.0,32.0,158.25,40.0,151.21,12.430000000000007,112.0,82.0,4.436552715792428,194,30.0,52.0,0.15
07:43:13,145.0,65.0,153.67,42.0,143.0,38.0,154.81,54.0,149.33,8.669999999999987,103.0,96.0,3.3896489493758923,199,7.0,5.0,0.04
07:43:14,144.33,30.0,148.91,44.0,142.6,25.0,149.89,36.0,146.62,4.579999999999984,55.0,80.0,3.7416573867746155,135,-25.0,-64.0,-0.19
07:43:15,141.21,57.0,143.53,38.0,139.28,47.0,144.96,46.0,142.37,2.319999999999993,104.0,84.0,4.554830402990331,188,20.0,53.0,0.11
07:43:16,139.0,30.0,140.92,24.0,138.0,24.0,142.33,24.0,139.96,1.9199999999999875,54.0,48.0,4.696378391910641,102,6.0,-86.0,0.06
07:43:17,139.0,5.0,140.6,10.0,138.0,5.0,141.6,10.0,139.8,1.5999999999999943,10.0,20.0,4.217656932469168,30,-10.0,-72.0,-0.33
07:43:18,136.25,16.0,139.71,17.0,110.89,18.0,308.33,30.0,137.98,3.460000000000008,34.0,47.0,3.3355929008206684,81,-13.0,51.0,-0.16
07:43:20,136.11,36.0,416.06,32.0,119.23,52.0,522.75,40.0,276.09,279.95,88.0,72.0,61.542168226347066,160,16.0,34.0,0.1
07:43:21,145.42,66.0,210.31,29.0,141.74,38.0,497.86,44.0,177.87,64.89000000000001,104.0,73.0,59.83876110014313,177,31.0,17.0,0.18
07:43:22,147.0,94.0,220.0,22.0,146.0,55.0,268.91,44.0,183.5,73.0,149.0,66.0,56.7783359213706,215,83.0,38.0,0.39
07:43:23,147.0,94.0,273.33,24.0,146.0,70.0,400.11,56.0,210.17,126.32999999999998,164.0,80.0,51.617624121999285,244,84.0,29.0,0.34
07:43:24,146.64,42.0,324.38,42.0,145.83,54.0,412.07,58.0,235.51,177.74,96.0,100.0,40.415380982987195,196,-4.0,-48.0,-0.02
07:43:25,146.0,42.0,234.78,59.0,145.0,42.0,404.18,55.0,190.39,88.78,84.0,114.0,23.54473019594838,198,-30.0,2.0,-0.15
07:43:26,146.0,10.0,193.51,37.0,145.0,30.0,227.59,29.0,169.76,47.50999999999999,40.0,66.0,25.596283519292474,106,-26.0,-92.0,-0.25
07:43:27,141.2,25.0,200.88,41.0,136.33,15.0,344.95,22.0,171.04,59.68000000000001,40.0,63.0,27.851754522830397,103,-23.0,-3.0,-0.22
07:43:28,141.0,12.0,197.83,18.0,134.0,6.0,199.05,22.0,169.42,56.83000000000001,18.0,40.0,28.396553135900206,58,-22.0,-45.0,-0.38
07:43:29,141.0,34.0,193.42,71.0,138.68,41.0,194.48,56.0,167.21,52.41999999999999,75.0,127.0,9.506594027305722,202,-52.0,144.0,-0.26
07:43:30,139.45,29.0,159.74,70.0,136.79,29.0,159.68,59.0,149.6,20.29000000000002,58.0,129.0,8.942811638405745,187,-71.0,-15.0,-0.38
07:43:31,133.22,9.0,141.5,32.0,80.73,15.0,142.73,33.0,137.36,8.280000000000001,24.0,65.0,14.811856061952701,89,-41.0,-98.0,-0.46
07:43:32,133.55,11.0,141.0,33.0,112.62,16.0,142.0,44.0,137.27,7.449999999999989,27.0,77.0,15.586172397352877,104,-50.0,15.0,-0.48
07:43:33,134.92,12.0,140.5,30.0,133.17,12.0,142.0,48.0,137.71,5.5800000000000125,24.0,78.0,13.060112939787501,102,-54.0,-2.0,-0.53
07:43:34,134.33,18.0,139.35,34.0,108.4,25.0,150.56,70.0,136.84,5.019999999999982,43.0,104.0,5.511681231711883,147,-61.0,45.0,-0.41
07:43:35,132.66,35.0,141.22,46.0,126.28,25.0,163.65,34.0,136.94,8.560000000000002,60.0,80.0,0.3481809874262113,140,-20.0,-7.0,-0.14
07:43:37,136.62,21.0,141.0,44.0,114.87,15.0,231.58,53.0,138.81,4.3799999999999955,36.0,97.0,6.050964385947521,133,-61.0,-18.0,-0.46
07:43:38,138.18,22.0,141.0,52.0,134.31,26.0,166.73,59.0,139.59,2.819999999999993,48.0,111.0,6.322180794631329,159,-63.0,26.0,-0.4
07:43:39,139.0,13.0,203.74,31.0,138.0,26.0,305.4,53.0,171.37,64.74000000000001,39.0,84.0,17.48069592436196,123,-45.0,-36.0,-0.37
07:43:40,139.71,7.0,242.36,11.0,138.0,14.0,326.44,32.0,191.04,102.65,21.0,43.0,27.37438638581701,64,-22.0,-59.0,-0.34
07:43:41,142.75,24.0,157.69,65.0,139.73,15.0,326.57,28.0,150.22,14.939999999999998,39.0,93.0,22.571546911986413,132,-54.0,68.0,-0.41
07:43:42,142.91,23.0,144.0,68.0,140.54,13.0,230.33,36.0,143.46,1.0900000000000034,36.0,104.0,21.649561889331693,140,-68.0,8.0,-0.49
07:43:43,146.48,69.0,171.08,25.0,139.25,55.0,267.58,31.0,158.78,24.600000000000023,124.0,56.0,18.83642428912671,180,68.0,40.0,0.38
07:43:44,147.0,54.0,157.0,6.0,141.0,6.0,285.14,21.0,152.0,10.0,60.0,27.0,18.669092104331245,87,33.0,-93.0,0.38
07:43:45,147.0,117.0,156.0,21.0,141.0,13.0,272.35,57.0,151.5,9.0,130.0,78.0,5.455595292908413,208,52.0,121.0,0.25
07:43:46,147.0,81.0,153.68,31.0,141.0,9.0,221.2,41.0,150.34,6.680000000000007,90.0,72.0,5.450511902565156,162,18.0,-46.0,0.11
07:43:47,147.0,72.0,149.07,59.0,141.31,13.0,150.6,45.0,148.03,2.069999999999993,85.0,104.0,4.020273622529234,189,-19.0,27.0,-0.1
07:43:48,143.0,13.0,149.77,39.0,141.0,13.0,242.1,50.0,146.38,6.77000000000001,26.0,89.0,2.3842399208143417,115,-63.0,-74.0,-0.55
07:43:49,143.0,20.0,145.63,19.0,141.0,12.0,148.73,30.0,144.32,2.6299999999999955,32.0,49.0,2.908105912790152,81,-17.0,-34.0,-0.21
07:43:50,143.19,32.0,144.97,38.0,139.61,46.0,180.03,34.0,144.08,1.7800000000000011,78.0,72.0,2.6279840182172407,150,6.0,69.0,0.04
07:43:51,142.0,12.0,150.29,21.0,139.08,75.0,203.5,24.0,146.14,8.289999999999992,87.0,45.0,1.6258228685823497,132,42.0,-18.0,0.32
07:43:52,139.11,37.0,181.0,14.0,138.62,26.0,318.14,35.0,160.05,41.889999999999986,63.0,49.0,6.7083366045544395,112,14.0,-20.0,0.12
07:43:53,139.0,42.0,211.56,16.0,138.0,12.0,340.1,31.0,175.28,72.56,54.0,47.0,13.632002053990599,101,7.0,-11.0,0.07
07:43:54,139.13,23.0,199.83,18.0,138.18,22.0,213.52,29.0,169.48,60.70000000000002,45.0,47.0,13.819887119654878,92,-2.0,-9.0,-0.02
07:43:55,140.65,17.0,215.44,43.0,139.0,44.0,463.22,54.0,178.04,74.78999999999999,61.0,97.0,12.969276001381166,158,-36.0,66.0,-0.23
07:43:56,141.0,64.0,186.0,44.0,139.0,40.0,372.98,40.0,163.5,45.0,104.0,84.0,7.605563752937749,188,20.0,30.0,0.11
07:43:57,139.53,38.0,192.17,23.0,138.53,15.0,364.34,29.0,165.85,52.639999999999986,53.0,52.0,6.150983661171629,105,1.0,-83.0,0.01
07:43:58,139.36,22.0,429.54,26.0,138.8,20.0,642.42,26.0,284.45,290.18,42.0,52.0,51.82846351185798,94,-10.0,-11.0,-0.11
07:43:59,134.91,11.0,375.5,32.0,96.16,37.0,502.73,33.0,255.2,240.59,48.0,65.0,56.38484787600291,113,-17.0,19.0,-0.15
07:44:00,117.43,14.0,263.62,32.0,100.36,44.0,412.0,23.0,190.53,146.19,58.0,55.0,54.90499002822958,113,3.0,0.0,0.03
07:44:04,143.41,17.0,334.0,18.0,101.61,36.0,376.5,12.0,238.71,190.59,53.0,30.0,58.48267204907789,83,23.0,-42.0,0.28
07:44:05,145.0,49.0,261.86,21.0,143.0,14.0,379.86,14.0,203.43,116.86000000000001,63.0,35.0,59.64211792014093,98,28.0,15.0,0.29
07:44:06,146.0,43.0,232.65,23.0,143.0,14.0,337.38,16.0,189.33,86.65,57.0,39.0,51.598735158916384,96,18.0,-2.0,0.19
07:44:07,146.0,45.0,222.87,30.0,143.0,18.0,234.69,26.0,184.43,76.87,63.0,56.0,21.87482845647003,119,7.0,23.0,0.06
07:44:08,146.0,60.0,218.18,44.0,144.05,42.0,228.81,37.0,182.09,72.18,102.0,81.0,23.379814370520396,183,21.0,64.0,0.11
07:44:09,145.43,58.0,213.0,32.0,144.8,61.0,214.0,24.0,179.22,67.57,119.0,56.0,9.541556476801563,175,63.0,-8.0,0.36
07:44:10,145.0,57.0,212.0,44.0,143.0,22.0,294.89,19.0,178.5,67.0,79.0,63.0,4.3895136404839645,142,16.0,-33.0,0.11
07:44:11,145.0,21.0,211.0,28.0,143.0,14.0,479.26,19.0,178.0,66.0,35.0,47.0,2.7316606670659604,82,-12.0,-60.0,-0.15
07:44:12,145.0,30.0,202.21,38.0,143.0,20.0,371.23,22.0,173.61,57.21000000000001,50.0,60.0,3.055131748385926,110,-10.0,28.0,-0.09
07:44:13,145.0,30.0,153.77,13.0,143.0,20.0,155.52,29.0,149.38,8.77000000000001,50.0,42.0,12.691553096449502,92,8.0,-18.0,0.09
07:44:14,144.47,30.0,151.56,18.0,142.57,28.0,152.95,42.0,148.01,7.090000000000003,58.0,60.0,15.465902818781645,118,-2.0,26.0,-0.02
07:44:15,143.0,22.0,150.91,35.0,141.46,26.0,151.4,20.0,146.96,7.909999999999997,48.0,55.0,15.268872584444429,103,-7.0,-15.0,-0.07
07:44:16,143.0,20.0,148.62,16.0,141.0,20.0,149.29,34.0,145.81,5.6200000000000045,40.0,50.0,11.732984701259914,90,-10.0,-13.0,-0.11
07:44:17,142.09,22.0,145.25,20.0,139.75,32.0,146.47,17.0,143.67,3.1599999999999966,54.0,37.0,2.17470227847384,91,17.0,1.0,0.19
07:44:18,141.0,21.0,143.14,14.0,139.0,48.0,144.62,16.0,142.07,2.1399999999999864,69.0,30.0,2.4212352219475424,99,39.0,8.0,0.39
07:44:19,139.0,13.0,257.0,6.0,138.0,138.0,325.8,10.0,198.0,118.0,151.0,16.0,23.943660330033072,167,135.0,68.0,0.81
07:44:20,139.0,4.0,293.57,7.0,138.0,92.0,308.5,4.0,216.29,154.57,96.0,11.0,35.290979300665484,107,85.0,-60.0,0.79
07:44:21,139.0,4.0,284.0,16.0,138.0,92.0,302.0,4.0,211.5,145.0,96.0,20.0,36.623693560316944,116,76.0,9.0,0.66
07:44:22,143.57,46.0,225.59,22.0,139.47,91.0,286.72,50.0,184.58,82.02000000000001,137.0,72.0,29.761068025190237,209,65.0,93.0,0.31
07:44:23,145.0,16.0,164.76,37.0,140.43,56.0,166.31,36.0,154.88,19.75999999999999,72.0,73.0,24.66623400521452,145,-1.0,-64.0,-0.01
07:44:24,145.0,10.0,160.67,12.0,143.0,10.0,161.89,18.0,152.83,15.669999999999987,20.0,30.0,30.07811712857041,50,-10.0,-95.0,-0.2
07:44:25,145.0,11.0,158.75,32.0,143.0,11.0,159.7,23.0,151.88,13.75,22.0,55.0,26.36358435418068,77,-33.0,27.0,-0.43
07:44:26,143.75,16.0,155.04,28.0,139.71,35.0,155.52,31.0,149.39,11.289999999999992,51.0,59.0,14.59461784357508,110,-8.0,33.0,-0.07
07:44:27,140.0,56.0,150.29,24.0,138.08,175.0,151.58,26.0,145.15,10.289999999999992,231.0,50.0,3.7363391173713913,281,181.0,161.5,0.64
07:44:28,141.25,24.0,147.11,38.0,138.89,28.0,148.0,27.0,144.18,5.860000000000014,52.0,65.0,3.8947824072725323,117,-13.0,-162.5,-0.11
07:44:29,143.38,16.0,145.62,21.0,139.75,16.0,146.62,24.0,144.5,2.240000000000009,32.0,45.0,3.4332710350334446,77,-13.0,-40.0,-0.17
07:44:30,140.43,14.0,143.56,16.0,138.16,32.0,145.57,14.0,142.0,3.1299999999999955,46.0,30.0,2.702189852693491,76,16.0,-1.0,0.21
07:44:31,138.27,15.0,142.0,27.0,136.36,67.0,143.0,15.0,140.13,3.7299999999999898,82.0,42.0,2.0807138198223596,124,40.0,48.0,0.32
07:44:32,138.0,13.0,140.23,13.0,136.0,65.0,142.0,13.0,139.12,2.2299999999999898,78.0,26.0,2.3870860897755195,104,52.0,-20.0,0.5
07:44:33,136.54,41.0,139.48,27.0,135.64,67.0,169.0,17.0,138.01,2.9399999999999977,108.0,44.0,2.5580207192280207,152,64.0,48.0,0.42
07:44:34,136.0,60.0,137.83,12.0,134.0,24.0,139.0,12.0,136.92,1.8300000000000125,84.0,24.0,1.9569951456250103,108,60.0,-44.0,0.56
07:44:35,134.91,33.0,256.76,25.0,130.22,23.0,272.77,22.0,195.83,121.85,56.0,47.0,25.646767242676034,103,9.0,-5.0,0.09
07:44:36,127.93,60.0,191.0,26.0,93.67,40.0,287.25,24.0,159.47,63.06999999999999,100.0,50.0,25.240870626822698,150,50.0,47.0,0.33
07:44:37,145.0,146.0,254.0,13.0,136.0,78.0,313.23,13.0,199.5,109.0,224.0,26.0,30.347123916443902,250,198.0,100.0,0.79
07:44:38,145.63,19.0,172.0,28.0,143.88,48.0,254.0,7.0,158.82,26.370000000000005,67.0,35.0,26.774709522233884,102,32.0,-148.0,0.31
07:44:39,146.0,26.0,249.77,43.0,145.0,91.0,448.28,29.0,197.88,103.77000000000001,117.0,72.0,21.17874288053951,189,45.0,87.0,0.24
07:44:40,146.0,22.0,221.11,36.0,145.0,77.0,339.2,30.0,183.56,75.11000000000001,99.0,66.0,19.890781281789877,165,33.0,-24.0,0.2
07:44:41,145.16,38.0,229.0,22.0,139.9,60.0,230.0,44.0,187.08,83.84,98.0,66.0,16.334470300563872,164,32.0,-1.0,0.2
07:44:42,142.92,25.0,228.0,14.0,139.4,20.0,285.43,23.0,185.46,85.08000000000001,45.0,37.0,14.388627453652518,82,8.0,-82.0,0.1
07:44:43,143.0,35.0,202.28,25.0,141.0,33.0,274.6,30.0,172.64,59.28,68.0,55.0,9.01042063391067,123,13.0,41.0,0.11
07:44:44,141.43,23.0,168.6,20.0,140.5,30.0,296.16,31.0,155.02,27.169999999999987,53.0,51.0,13.398078966777389,104,2.0,-19.0,0.02
07:44:45,141.0,28.0,161.05,19.0,140.0,40.0,163.27,11.0,151.03,20.05000000000001,68.0,30.0,16.745643612593764,98,38.0,-6.0,0.39
07:44:46,141.55,11.0,161.0,22.0,140.09,35.0,400.66,29.0,151.27,19.44999999999999,46.0,51.0,15.345195665093414,97,-5.0,-1.0,-0.05
07:44:47,143.0,13.0,160.13,46.0,141.0,13.0,261.86,29.0,151.57,17.129999999999995,26.0,75.0,9.274703768854348,101,-49.0,4.0,-0.49
07:44:48,144.18,11.0,159.86,28.0,142.62,8.0,160.6,20.0,152.02,15.680000000000007,19.0,48.0,1.6289475129667943,67,-29.0,-34.0,-0.43
07:44:49,145.29,17.0,159.67,24.0,144.87,23.0,218.29,28.0,152.48,14.379999999999995,40.0,52.0,0.5826920284340862,92,-12.0,25.0,-0.13
07:44:50,146.0,9.0,158.31,35.0,145.0,36.0,188.5,28.0,152.16,12.310000000000002,45.0,63.0,0.48067660646287086,108,-18.0,16.0,-0.17
07:44:51,146.0,11.0,156.0,44.0,145.0,44.0,159.0,33.0,151.0,10.0,55.0,77.0,0.5750478240987078,132,-22.0,24.0,-0.17
07:44:52,146.0,16.0,155.69,58.0,145.0,73.0,157.67,54.0,150.84,9.689999999999998,89.0,112.0,0.7334848328361263,201,-23.0,69.0,-0.11
07:44:53,146.0,12.0,154.07,43.0,145.0,84.0,155.49,41.0,150.03,8.069999999999993,96.0,84.0,1.0057932193053394,180,12.0,-21.0,0.07
07:44:54,146.0,15.0,151.3,54.0,145.0,105.0,152.73,51.0,148.65,5.300000000000011,120.0,105.0,1.2998192181994168,225,15.0,45.0,0.07
07:44:55,146.0,15.0,148.53,45.0,145.0,105.0,149.61,54.0,147.27,2.530000000000001,120.0,99.0,1.5815403883557517,219,21.0,-6.0,0.1
07:44:56,146.0,8.0,147.0,24.0,145.0,56.0,148.0,24.0,146.5,1.0,64.0,48.0,1.8184526389214495,112,16.0,-107.0,0.14
07:44:57,145.02,83.0,146.75,51.0,143.7,40.0,148.75,48.0,145.88,1.7299999999999898,123.0,99.0,1.678013706737908,222,24.0,110.0,0.11
07:44:58,144.9,40.0,146.15,39.0,142.8,20.0,195.61,31.0,145.53,1.25,60.0,70.0,1.2436760028239742,130,-10.0,-92.0,-0.08
07:44:59,143.0,24.0,147.17,36.0,141.0,24.0,221.82,51.0,145.08,4.1699999999999875,48.0,87.0,0.8560198595827917,135,-39.0,5.0,-0.29
07:45:00,143.0,22.0,145.5,42.0,141.0,28.0,278.71,70.0,144.25,2.5,50.0,112.0,0.8471540591888056,162,-62.0,27.0,-0.38
07:45:01,140.45,22.0,229.94,34.0,139.57,28.0,333.73,33.0,185.2,89.49000000000001,50.0,67.0,17.905637938928642,117,-17.0,-45.0,-0.15
07:45:02,138.22,27.0,144.84,38.0,136.26,70.0,145.57,28.0,141.53,6.6200000000000045,97.0,66.0,18.446985390572642,163,31.0,46.0,0.19
07:45:03,136.62,58.0,143.46,26.0,135.41,68.0,221.57,28.0,140.04,6.840000000000003,126.0,54.0,19.103726076344383,180,72.0,17.0,0.4
07:45:04,136.0,64.0,143.0,16.0,134.0,32.0,492.19,37.0,139.5,7.0,96.0,53.0,19.705588801149798,149,43.0,-31.0,0.29
07:45:05,136.0,64.0,142.12,34.0,134.0,32.0,259.82,22.0,139.06,6.1200000000000045,96.0,56.0,20.220993546312215,152,40.0,3.0,0.26
07:45:06,136.0,104.0,139.56,34.0,134.0,52.0,143.58,50.0,137.78,3.5600000000000023,156.0,84.0,1.372122443515614,240,72.0,88.0,0.3
07:45:07,136.0,118.0,138.16,25.0,134.0,68.0,146.55,44.0,137.08,2.1599999999999966,186.0,69.0,1.228381048371876,255,117.0,15.0,0.46
07:45:08,136.0,50.0,139.0,10.0,134.0,40.0,257.91,23.0,137.5,3.0,90.0,33.0,1.042727193468723,123,57.0,-132.0,0.46
07:45:09,136.18,44.0,138.09,11.0,134.36,44.0,346.33,45.0,137.14,1.9099999999999966,88.0,56.0,0.8051832089649698,144,32.0,21.0,0.22
07:45:10,137.64,28.0,226.78,41.0,136.0,36.0,315.47,17.0,182.21,89.14000000000001,64.0,58.0,20.052828229454324,122,6.0,-22.0,0.05
07:45:11,143.1,30.0,342.0,50.0,138.27,33.0,435.08,13.0,242.55,198.9,63.0,63.0,46.356726912067494,126,0.0,4.0,0.0
07:45:12,143.19,32.0,290.55,55.0,138.68,37.0,500.2,15.0,216.87,147.36,69.0,70.0,47.08256184618679,139,-1.0,13.0,-0.01
07:45:13,141.33,21.0,272.14,35.0,137.22,23.0,304.16,31.0,206.74,130.80999999999997,44.0,66.0,39.8948576886797,110,-22.0,-29.0,-0.2
07:45:14,143.0,44.0,297.0,55.0,140.0,22.0,386.0,11.0,220.0,154.0,66.0,66.0,21.92099290634453,132,0.0,22.0,0.0
07:45:15,143.0,33.0,286.67,60.0,140.0,24.0,336.43,56.0,214.83,143.67000000000002,57.0,116.0,13.422554525872048,173,-59.0,41.0,-0.34
07:45:16,139.14,35.0,216.82,55.0,138.29,28.0,260.96,53.0,177.98,77.68,63.0,108.0,17.09934589392256,171,-45.0,-2.0,-0.26
07:45:17,138.0,72.0,187.62,40.0,136.0,32.0,207.38,40.0,162.81,49.620000000000005,104.0,80.0,24.855075336840255,184,24.0,13.0,0.13
07:45:18,138.28,75.0,187.0,55.0,136.68,56.0,194.0,15.0,162.64,48.72,131.0,70.0,27.934340335866246,201,61.0,17.0,0.3
07:45:19,146.4,20.0,186.93,75.0,139.0,63.0,204.69,39.0,166.67,40.53,83.0,114.0,22.058688310958175,197,-31.0,-4.0,-0.16
07:45:20,147.0,13.0,185.46,65.0,145.0,13.0,223.21,57.0,166.23,38.46000000000001,26.0,122.0,6.27443463588566,148,-96.0,-49.0,-0.65
07:45:21,147.0,11.0,183.64,55.0,145.0,11.0,196.25,51.0,165.32,36.639999999999986,22.0,106.0,1.8984282973031739,128,-84.0,-20.0,-0.66
07:45:22,146.25,16.0,180.94,80.0,142.82,22.0,182.69,80.0,163.59,34.69,38.0,160.0,1.7249202880137526,198,-122.0,70.0,-0.62
07:45:23,145.0,10.0,178.8,50.0,140.33,54.0,179.8,50.0,161.9,33.80000000000001,64.0,100.0,1.9792347005854083,164,-36.0,-34.0,-0.22
07:45:24,145.0,9.0,178.0,45.0,141.0,27.0,179.0,45.0,161.5,33.0,36.0,90.0,2.068639649625169,126,-54.0,-38.0,-0.43
07:45:25,142.75,20.0,176.83,60.0,140.74,38.0,178.17,60.0,159.79,34.08000000000001,58.0,120.0,2.110248800497528,178,-62.0,52.0,-0.35
07:45:26,140.0,126.0,175.57,70.0,138.64,76.0,177.29,70.0,157.79,35.56999999999999,202.0,140.0,2.2079017188274275,342,62.0,161.5,0.18
07:45:27,140.0,126.0,173.29,70.0,139.0,56.0,174.57,70.0,156.64,33.28999999999999,182.0,140.0,2.288281014211534,322,42.0,-20.0,0.13
07:45:28,141.38,87.0,157.1,67.0,139.72,100.0,163.2,51.0,149.24,15.719999999999999,187.0,118.0,4.717125183838195,305,69.0,-17.0,0.23
07:45:29,145.0,80.0,147.6,50.0,140.0,90.0,149.3,50.0,146.3,2.5999999999999943,170.0,100.0,5.847945793182424,270,70.0,-35.0,0.26
07:45:30,140.51,118.0,145.63,38.0,139.27,66.0,146.7,54.0,143.07,5.1200000000000045,184.0,92.0,6.426855374131238,276,92.0,6.0,0.33
07:45:31,140.0,68.0,142.59,17.0,139.0,36.0,145.84,37.0,141.29,2.5900000000000034,104.0,54.0,6.041768780746185,158,50.0,-118.0,0.32
07:45:32,140.0,34.0,329.92,39.0,139.0,44.0,490.8,35.0,234.96,189.92000000000002,78.0,74.0,40.35775724690361,152,4.0,-6.0,0.03
07:45:34,143.27,15.0,334.86,21.0,139.03,33.0,375.77,39.0,239.06,191.59,48.0,60.0,76.76047400843746,108,-12.0,-35.0,-0.11
07:45:35,147.0,44.0,246.4,40.0,140.0,12.0,271.73,26.0,196.7,99.4,56.0,66.0,67.0535716423816,122,-10.0,14.0,-0.08
07:45:36,143.86,28.0,242.06,67.0,138.51,43.0,243.06,64.0,192.96,98.19999999999999,71.0,131.0,52.989284011014924,202,-60.0,80.0,-0.3
07:45:37,139.0,22.0,239.35,49.0,138.0,99.0,240.73,55.0,189.17,100.35,121.0,104.0,57.34643345492379,225,17.0,23.0,0.08
07:45:38,139.0,18.0,176.67,27.0,137.94,65.0,193.17,23.0,157.83,37.66999999999999,83.0,50.0,28.999264301012964,133,33.0,-92.0,0.25
07:45:39,139.0,42.0,173.63,59.0,136.0,13.0,174.39,44.0,156.31,34.629999999999995,55.0,103.0,19.835456384968975,158,-48.0,25.0,-0.3
07:45:40,139.0,48.0,158.14,21.0,136.0,12.0,168.42,31.0,148.57,19.139999999999986,60.0,52.0,20.518864978356085,112,8.0,-46.0,0.07
07:45:41,134.48,31.0,144.46,41.0,116.0,31.0,147.82,49.0,139.47,9.980000000000018,62.0,90.0,18.750834648089903,152,-28.0,40.0,-0.18
07:45:42,128.88,25.0,146.63,35.0,97.2,25.0,148.42,24.0,137.75,17.75,50.0,59.0,9.271358045076788,109,-9.0,-43.0,-0.08
07:45:43,144.0,30.0,146.7,50.0,111.69,59.0,148.0,20.0,145.35,2.6999999999999886,89.0,70.0,7.462010452955041,159,19.0,50.0,0.12
07:45:44,144.0,24.0,146.5,22.0,138.0,80.0,148.88,34.0,145.25,2.5,104.0,56.0,4.506852560269805,160,48.0,1.0,0.3
07:45:45,141.71,42.0,147.67,36.0,135.96,106.0,261.67,60.0,144.69,5.9599999999999795,148.0,96.0,3.6133253382460047,244,52.0,84.0,0.21
07:45:46,147.0,26.0,148.8,25.0,138.0,72.0,299.22,45.0,147.9,1.8000000000000114,98.0,70.0,3.8064708064045805,168,28.0,-76.0,0.17
07:45:47,147.0,22.0,148.18,55.0,138.27,88.0,340.0,33.0,147.59,1.1800000000000068,110.0,88.0,1.4762723326032896,198,22.0,30.0,0.11
07:45:48,147.0,24.0,148.0,60.0,139.37,98.0,357.86,42.0,147.5,1.0,122.0,102.0,1.4958041315659778,224,20.0,26.0,0.09
