Time,Bid1_Price,Bid1_Volume,Ask1_Price,Ask1_Volume,Bid2_Price,Bid2_Volume,Ask2_Price,Ask2_Volume,Mid-Price,Bid_Ask_Spread,Market_Depth_Bid,Market_Depth_Ask,Historical_Volatility,Total_volume,Cumulative_Volume_Difference,Total_Volume_Change_Corrected,Order_imbalance
07:30:07,150.5,28.0,177.84,19.0,149.25,28.0,178.86,21.0,164.17,27.340000000000003,56.0,40.0,2.177916435494925,96,16.0,25.0,0.17
07:30:10,157.08,24.0,178.6,20.0,155.06,48.0,179.33,18.0,167.84,21.519999999999982,72.0,38.0,2.2825577758292925,110,34.0,45.0,0.31
07:30:11,164.15,39.0,179.0,42.0,161.67,83.0,180.0,28.0,171.58,14.849999999999994,122.0,70.0,3.5336595761333296,192,52.0,82.0,0.27
07:30:12,169.14,14.0,179.0,18.0,168.13,23.0,180.0,12.0,174.07,9.860000000000014,37.0,30.0,4.715744904042072,67,7.0,-125.0,0.1
07:30:13,171.56,9.0,179.0,27.0,170.56,9.0,180.0,18.0,175.28,7.439999999999998,18.0,45.0,4.56490197046978,63,-27.0,-4.0,-0.43
07:30:14,173.04,23.0,179.0,21.0,172.6,15.0,180.0,14.0,176.02,5.960000000000008,38.0,35.0,3.3202740850717545,73,3.0,10.0,0.04
07:30:15,176.37,43.0,179.0,33.0,174.2,15.0,180.0,22.0,177.69,2.6299999999999955,58.0,55.0,2.285294291770591,113,3.0,40.0,0.03
07:30:16,177.25,40.0,179.29,21.0,175.0,8.0,180.55,22.0,178.27,2.039999999999992,48.0,43.0,1.7247405602001118,91,5.0,-22.0,0.05
07:30:17,178.37,41.0,180.76,42.0,176.89,19.0,188.52,48.0,179.56,2.3899999999999864,60.0,90.0,1.7247405602001467,150,-30.0,59.0,-0.2
07:30:18,180.0,5.0,187.84,19.0,170.72,29.0,198.29,21.0,183.92,7.840000000000003,34.0,40.0,2.983583415961367,74,-6.0,-76.0,-0.08
07:30:19,181.5,16.0,193.2,44.0,169.57,112.0,197.11,62.0,187.35,11.699999999999989,128.0,106.0,4.143992036671871,234,22.0,160.0,0.09
07:30:20,184.82,83.0,190.78,18.0,174.33,43.0,192.0,90.0,187.8,5.960000000000008,126.0,108.0,4.367304660771903,234,18.0,0.0,0.08
07:30:21,185.28,65.0,190.44,52.0,180.93,99.0,193.18,99.0,187.86,5.159999999999997,164.0,151.0,3.6006277230505295,315,13.0,81.0,0.04
07:30:22,185.86,84.0,191.0,55.0,184.93,56.0,194.71,51.0,188.43,5.139999999999986,140.0,106.0,1.8032942078318834,246,34.0,-69.0,0.14
07:30:23,186.0,76.0,189.49,61.0,185.0,90.0,191.26,73.0,187.75,3.490000000000009,166.0,134.0,0.3867428085950471,300,32.0,54.0,0.11
07:30:24,186.27,60.0,188.29,68.0,184.93,87.0,191.3,76.0,187.28,2.019999999999982,147.0,144.0,0.40942642806734814,291,3.0,-9.0,0.01
07:30:25,185.0,62.0,186.83,18.0,183.0,13.0,191.36,50.0,185.92,1.8300000000000125,75.0,68.0,0.9471377935654508,143,7.0,-148.0,0.05
07:30:26,186.0,6.0,191.2,5.0,185.0,6.0,194.62,8.0,188.6,5.199999999999989,12.0,13.0,1.0765825560541165,25,-1.0,-118.0,-0.04
07:30:27,186.0,42.0,194.0,42.0,184.76,34.0,195.0,86.0,190.0,8.0,76.0,128.0,1.5187824070616534,204,-52.0,173.5,-0.25
07:30:28,187.62,39.0,194.0,39.0,185.0,39.0,195.0,91.0,190.81,6.3799999999999955,78.0,130.0,1.9835876587637686,208,-52.0,4.0,-0.25
07:30:29,188.0,39.0,193.23,39.0,185.0,39.0,194.79,71.0,190.62,5.22999999999999,78.0,110.0,2.0227703774773462,188,-32.0,-20.0,-0.17
07:30:30,186.91,33.0,190.72,29.0,184.68,25.0,194.28,29.0,188.82,3.8100000000000023,58.0,58.0,1.0159232254455768,116,0.0,-72.0,0.0
07:30:31,185.08,26.0,193.67,30.0,183.86,14.0,196.4,25.0,189.37,8.589999999999975,40.0,55.0,0.8367974665351899,95,-15.0,-21.0,-0.16
07:30:32,186.0,11.0,194.0,44.0,185.0,33.0,196.91,33.0,190.0,8.0,44.0,77.0,0.8367974665351899,121,-33.0,26.0,-0.27
07:30:33,186.0,8.0,194.0,32.0,185.0,24.0,196.0,24.0,190.0,8.0,32.0,56.0,0.6874736358579405,88,-24.0,-33.0,-0.27
07:30:34,186.43,7.0,194.0,28.0,185.0,21.0,196.0,21.0,190.21,7.569999999999993,28.0,49.0,0.5747608198196419,77,-21.0,-11.0,-0.27
07:30:35,188.9,84.0,193.83,58.0,185.91,22.0,195.64,44.0,191.37,4.930000000000007,106.0,102.0,0.7309924760212311,208,4.0,131.0,0.02
07:30:36,189.0,64.0,192.5,40.0,187.0,8.0,193.93,46.0,190.75,3.5,72.0,86.0,0.5911260440883982,158,-14.0,-50.0,-0.09
07:30:37,188.52,63.0,190.18,55.0,185.75,32.0,193.0,45.0,189.35,1.6599999999999966,95.0,100.0,0.7651013004822474,195,-5.0,37.0,-0.03
07:30:38,186.11,27.0,189.74,34.0,184.05,38.0,194.56,27.0,187.92,3.6299999999999955,65.0,61.0,1.3416780537817896,126,4.0,-69.0,0.03
07:30:39,185.0,36.0,192.76,25.0,183.0,54.0,194.85,26.0,188.88,7.759999999999991,90.0,51.0,1.400367808827282,141,39.0,15.0,0.28
07:30:40,185.0,28.0,191.0,21.0,183.0,42.0,193.0,14.0,188.0,6.0,70.0,35.0,1.1579939550791376,105,35.0,-36.0,0.33
07:30:41,185.0,28.0,191.0,27.0,183.0,54.0,194.67,36.0,188.0,6.0,82.0,63.0,0.6478425734697569,145,19.0,40.0,0.13
07:30:42,185.0,39.0,189.58,48.0,183.0,78.0,192.7,47.0,187.29,4.5800000000000125,117.0,95.0,0.5664097456788552,212,22.0,67.0,0.1
07:30:43,185.0,57.0,187.37,87.0,183.0,94.0,189.06,68.0,186.18,2.3700000000000045,151.0,155.0,1.005783276854431,306,-4.0,94.0,-0.01
07:30:44,183.33,108.0,186.5,70.0,181.59,102.0,189.53,66.0,184.92,3.1699999999999875,210.0,136.0,1.3236766976872403,346,74.0,40.0,0.21
07:30:45,183.0,80.0,184.58,26.0,181.0,80.0,189.21,38.0,183.79,1.5800000000000125,160.0,64.0,1.713222110527512,224,96.0,-122.0,0.43
07:30:46,183.0,65.0,184.0,13.0,181.0,104.0,191.0,65.0,183.5,1.0,169.0,78.0,1.6019144796150857,247,91.0,23.0,0.37
07:30:47,183.0,50.0,184.0,10.0,181.0,80.0,189.75,56.0,183.5,1.0,130.0,66.0,1.1649549347509531,196,64.0,-51.0,0.33
07:30:48,183.0,50.0,184.0,10.0,181.0,80.0,189.0,50.0,183.5,1.0,130.0,60.0,0.6155647813193089,190,70.0,-6.0,0.37
07:30:49,183.79,33.0,188.81,52.0,181.3,47.0,190.5,40.0,186.3,5.02000000000001,80.0,92.0,1.2262218396361444,172,-12.0,-18.0,-0.07
07:30:50,185.91,22.0,189.0,55.0,183.0,11.0,191.0,33.0,187.45,3.0900000000000034,33.0,88.0,1.892749323074898,121,-55.0,-51.0,-0.45
07:30:51,186.0,8.0,189.0,20.0,183.0,4.0,191.0,12.0,187.5,3.0,12.0,32.0,2.0205197351177513,44,-20.0,-77.0,-0.45
07:30:52,185.7,20.0,189.0,55.0,183.0,18.0,191.0,33.0,187.35,3.3000000000000114,38.0,88.0,1.7053591996996196,126,-50.0,82.0,-0.4
07:30:53,183.0,6.0,189.0,30.0,181.0,18.0,191.0,18.0,186.0,6.0,24.0,48.0,0.7129165449055058,72,-24.0,-54.0,-0.33
07:30:54,183.0,11.0,190.23,39.0,181.0,33.0,192.45,33.0,186.62,7.22999999999999,44.0,72.0,0.6553853828092215,116,-28.0,44.0,-0.24
07:30:55,183.8,10.0,190.0,24.0,181.5,20.0,191.5,24.0,186.9,6.199999999999989,30.0,48.0,0.6015646266196335,78,-18.0,-38.0,-0.23
07:30:56,179.39,31.0,189.0,22.0,141.91,11.0,191.0,33.0,184.19,9.610000000000014,42.0,55.0,1.2316939554938975,97,-13.0,19.0,-0.13
07:30:57,183.0,9.0,188.84,19.0,178.56,9.0,191.0,18.0,185.92,5.840000000000003,18.0,37.0,1.054694268496932,55,-19.0,-42.0,-0.35
07:30:58,176.1,10.0,186.71,14.0,144.46,13.0,187.82,22.0,181.41,10.610000000000014,23.0,36.0,2.270720150084672,59,-13.0,4.0,-0.22
07:30:59,181.0,30.0,187.0,24.0,177.25,16.0,188.35,20.0,184.0,6.0,46.0,44.0,2.1017445134936636,90,2.0,31.0,0.02
07:31:00,180.0,32.0,186.38,32.0,177.0,12.0,188.0,12.0,183.19,6.3799999999999955,44.0,44.0,1.639655451611999,88,0.0,-2.0,0.0
07:31:01,180.13,38.0,183.85,26.0,177.69,13.0,185.95,20.0,181.99,3.719999999999999,51.0,46.0,1.7786708520693446,97,5.0,9.0,0.05
07:31:02,179.27,22.0,181.75,24.0,97.04,49.0,189.72,18.0,180.51,2.4799999999999898,71.0,42.0,1.3912584231556315,113,29.0,16.0,0.26
07:31:03,176.0,12.0,183.38,24.0,83.0,60.0,186.05,37.0,179.69,7.3799999999999955,72.0,61.0,1.7955166387426276,133,11.0,20.0,0.08
07:31:04,179.0,20.0,183.38,32.0,119.83,48.0,185.72,58.0,181.19,4.3799999999999955,68.0,90.0,1.3486585928254187,158,-22.0,25.0,-0.14
07:31:05,178.17,18.0,183.0,30.0,158.23,22.0,186.0,50.0,180.58,4.8300000000000125,40.0,80.0,0.8562242696875918,120,-40.0,-38.0,-0.33
07:31:06,173.33,9.0,182.27,11.0,155.73,33.0,183.23,64.0,177.8,8.939999999999998,42.0,75.0,1.3170155655884963,117,-33.0,-3.0,-0.28
07:31:07,174.0,8.0,182.98,50.0,173.0,8.0,403.59,34.0,178.49,8.97999999999999,16.0,84.0,1.4103368391992626,100,-68.0,-17.0,-0.68
07:31:08,175.09,46.0,182.85,66.0,174.42,19.0,275.15,46.0,178.97,7.759999999999991,65.0,112.0,1.429101116087532,177,-47.0,77.0,-0.27
07:31:09,180.06,88.0,185.96,52.0,179.27,55.0,228.39,56.0,183.01,5.900000000000006,143.0,108.0,2.0804446640087506,251,35.0,74.0,0.14
07:31:10,186.27,41.0,300.71,35.0,185.06,49.0,315.23,53.0,243.49,114.43999999999997,90.0,88.0,28.65903731809563,178,2.0,-73.0,0.01
07:31:11,188.67,21.0,317.23,43.0,187.0,20.0,348.12,25.0,252.95,128.56000000000003,41.0,68.0,37.47070215515039,109,-27.0,-69.0,-0.25
07:31:12,187.45,11.0,248.35,43.0,185.0,11.0,345.06,33.0,217.9,60.900000000000006,22.0,76.0,33.84326048122417,98,-54.0,-11.0,-0.55
07:31:13,189.0,8.0,259.0,24.0,185.0,8.0,266.0,8.0,224.0,70.0,16.0,32.0,27.087765688590597,48,-16.0,-50.0,-0.33
07:31:14,184.2,10.0,259.0,30.0,176.12,16.0,283.74,38.0,221.6,74.80000000000001,26.0,68.0,15.345128542960559,94,-42.0,46.0,-0.45
07:31:16,174.0,16.0,183.0,9.0,142.4,40.0,365.72,25.0,178.5,9.0,56.0,34.0,53.565021049188275,90,22.0,36.0,0.24
07:31:20,173.0,16.0,179.5,8.0,96.0,16.0,248.46,24.0,176.25,6.5,32.0,32.0,2.01246117975137,64,0.0,16.0,0.0
07:31:21,174.71,14.0,181.0,7.0,114.85,26.0,249.16,25.0,177.86,6.289999999999992,40.0,32.0,1.7674614564415145,72,8.0,8.0,0.11
07:31:22,175.73,30.0,185.57,14.0,141.03,76.0,327.0,36.0,180.65,9.840000000000003,106.0,50.0,2.811631199145051,156,56.0,84.0,0.36
07:31:23,178.0,11.0,185.85,13.0,95.86,63.0,239.89,37.0,181.92,7.849999999999994,74.0,50.0,3.216306888343395,124,24.0,-32.0,0.19
07:31:24,178.0,7.0,181.0,14.0,73.0,35.0,246.71,7.0,179.5,3.0,42.0,21.0,2.240676237211594,63,21.0,-61.0,0.33
07:31:32,153.14,44.0,179.0,19.0,146.15,41.0,181.0,35.0,166.07,25.860000000000014,85.0,54.0,5.065448647455938,139,31.0,73.0,0.22
07:31:33,155.85,65.0,179.0,14.0,152.38,52.0,181.0,49.0,167.42,23.150000000000006,117.0,63.0,5.307887527068744,180,54.0,41.0,0.3
07:31:34,178.0,15.0,181.0,21.0,128.67,21.0,339.86,7.0,179.5,3.0,36.0,28.0,8.918781867497945,64,8.0,-116.0,0.12
07:31:35,178.98,54.0,194.45,65.0,130.35,63.0,276.27,41.0,186.71,15.469999999999999,117.0,106.0,11.330738281330477,223,11.0,159.0,0.05
07:31:36,180.23,13.0,306.0,27.0,144.35,17.0,551.33,9.0,243.12,125.77000000000001,30.0,36.0,31.682011141971433,66,-6.0,-157.0,-0.09
07:31:37,182.68,62.0,401.36,28.0,186.02,42.0,545.82,34.0,292.02,218.68,104.0,62.0,52.534471349771785,166,42.0,100.0,0.25
07:31:38,189.21,82.0,409.21,52.0,188.62,91.0,463.5,30.0,299.21,219.99999999999997,173.0,82.0,56.39514668834529,255,91.0,89.0,0.36
07:31:39,189.48,46.0,305.0,24.0,188.77,52.0,391.08,26.0,247.24,115.52000000000001,98.0,50.0,45.22417108140268,148,48.0,-107.0,0.32
07:31:40,190.85,52.0,260.31,39.0,189.0,104.0,372.13,15.0,225.58,69.46000000000001,156.0,54.0,32.345444501505554,210,102.0,62.0,0.49
07:31:41,190.58,38.0,244.03,33.0,188.94,68.0,350.97,30.0,217.3,53.44999999999999,106.0,63.0,37.629722295015384,169,43.0,-41.0,0.25
07:31:42,189.0,40.0,192.92,13.0,188.0,20.0,378.75,16.0,190.96,3.9199999999999875,60.0,29.0,40.64693370969065,89,31.0,-80.0,0.35
07:31:43,189.0,56.0,192.0,7.0,188.0,28.0,193.0,21.0,190.5,3.0,84.0,28.0,24.147858704241163,112,56.0,23.0,0.5
07:31:44,189.0,83.0,192.0,12.0,188.0,48.0,327.74,38.0,190.5,3.0,131.0,50.0,17.11580322392146,181,81.0,69.0,0.45
07:31:45,190.0,21.0,191.71,7.0,189.0,28.0,419.46,26.0,190.86,1.710000000000008,49.0,33.0,11.895464681970303,82,16.0,-99.0,0.2
07:31:46,190.14,21.0,413.41,29.0,189.27,33.0,501.5,32.0,301.78,223.27000000000004,54.0,61.0,49.6746857061018,115,-7.0,33.0,-0.06
07:31:47,192.0,21.0,452.0,21.0,191.0,7.0,476.43,28.0,322.0,260.0,28.0,49.0,66.80607397535036,77,-21.0,-38.0,-0.27
07:31:48,191.25,12.0,326.38,37.0,188.56,41.0,434.0,37.0,258.81,135.13,53.0,74.0,61.11802843678761,127,-21.0,50.0,-0.17
07:31:50,191.0,12.0,420.94,18.0,188.0,60.0,498.52,25.0,305.97,229.94,72.0,43.0,35.425481930383924,115,29.0,-6.0,0.25
07:31:51,191.0,14.0,222.23,22.0,188.0,70.0,227.0,27.0,206.61,31.22999999999999,84.0,49.0,58.412266006378864,133,35.0,18.0,0.26
07:31:52,188.47,32.0,219.0,15.0,187.36,70.0,220.93,27.0,203.73,30.53,102.0,42.0,65.70924196793001,144,60.0,11.0,0.42
07:31:53,188.0,15.0,215.38,8.0,187.0,25.0,217.14,7.0,201.69,27.379999999999995,40.0,15.0,72.01180458785892,55,25.0,-89.0,0.45
07:31:54,188.0,30.0,213.71,14.0,187.0,50.0,214.5,16.0,200.86,25.710000000000008,80.0,30.0,46.00353703792777,110,50.0,55.0,0.45
07:31:55,188.0,18.0,212.2,10.0,187.0,30.0,213.5,8.0,200.1,24.19999999999999,48.0,18.0,2.620242355202986,66,30.0,-44.0,0.45
07:31:56,188.72,25.0,210.07,15.0,187.34,53.0,210.95,19.0,199.39,21.349999999999994,78.0,34.0,1.6757177566643633,112,44.0,46.0,0.39
07:31:57,187.6,20.0,207.78,18.0,186.94,64.0,208.48,21.0,197.69,20.180000000000007,84.0,39.0,1.5247393219828698,123,45.0,11.0,0.37
07:31:58,187.0,40.0,204.18,38.0,185.0,10.0,206.55,11.0,195.59,17.180000000000007,50.0,49.0,2.108940492285475,99,1.0,-24.0,0.01
07:31:59,187.0,52.0,200.32,59.0,185.0,20.0,201.33,33.0,193.66,13.319999999999993,72.0,92.0,2.670810738334321,164,-20.0,65.0,-0.12
07:32:00,187.0,13.0,194.62,37.0,185.0,13.0,196.16,19.0,190.81,7.6200000000000045,26.0,56.0,3.3649695392384618,82,-30.0,-82.0,-0.37
07:32:01,185.4,15.0,191.43,35.0,184.05,63.0,192.26,19.0,188.41,6.030000000000001,78.0,54.0,3.699151254004587,132,24.0,50.0,0.18
07:32:02,184.06,113.0,186.94,63.0,183.24,80.0,187.52,46.0,185.5,2.8799999999999955,193.0,109.0,4.028824890710033,302,84.0,170.0,0.28
07:32:03,183.71,75.0,187.38,52.0,183.28,72.0,258.82,33.0,185.55,3.6699999999999875,147.0,85.0,3.5093916851792817,232,62.0,-70.0,0.27
07:32:04,185.03,71.0,235.0,25.0,183.25,57.0,358.26,42.0,210.01,49.97,128.0,67.0,10.277416017657547,195,61.0,-37.0,0.31
07:32:05,185.95,40.0,197.0,22.0,184.58,71.0,198.0,11.0,191.47,11.050000000000011,111.0,33.0,10.261638270763779,144,78.0,-51.0,0.54
07:32:06,187.0,12.0,196.25,16.0,185.0,42.0,197.2,10.0,191.62,9.25,54.0,26.0,10.064708142812863,80,28.0,-64.0,0.35
07:32:07,185.29,70.0,192.97,37.0,183.89,81.0,193.94,31.0,189.13,7.680000000000007,151.0,68.0,9.51996743691927,219,83.0,139.0,0.38
07:32:08,187.1,42.0,190.91,23.0,185.62,52.0,191.82,17.0,189.0,3.8100000000000023,94.0,40.0,8.899434251681562,134,54.0,-85.0,0.4
07:32:09,187.0,93.0,188.67,24.0,185.0,72.0,191.0,36.0,187.83,1.6699999999999875,165.0,60.0,1.6636255588338076,225,105.0,91.0,0.47
07:32:10,187.0,35.0,198.11,19.0,185.0,54.0,265.17,29.0,192.55,11.110000000000014,89.0,48.0,1.9741656465466615,137,41.0,-88.0,0.3
07:32:11,187.0,3.0,226.55,11.0,185.0,18.0,327.38,13.0,206.77,39.55000000000001,21.0,24.0,7.8661540793454785,45,-3.0,-92.0,-0.07
07:32:12,187.89,18.0,196.0,30.0,185.5,16.0,252.0,18.0,191.94,8.110000000000014,34.0,48.0,7.611804648045245,82,-14.0,37.0,-0.17
07:32:13,188.1,31.0,196.0,50.0,187.63,19.0,245.83,36.0,192.05,7.900000000000006,50.0,86.0,7.263444086657712,136,-36.0,54.0,-0.26
07:32:14,191.03,31.0,195.8,50.0,188.5,16.0,327.38,40.0,193.42,4.77000000000001,47.0,90.0,6.4128644145968385,137,-43.0,1.0,-0.31
07:32:15,192.0,11.0,195.0,55.0,190.64,11.0,362.42,52.0,193.5,3.0,22.0,107.0,6.322754937525445,129,-85.0,-8.0,-0.66
07:32:16,192.0,7.0,194.29,35.0,191.0,7.0,266.0,14.0,193.14,2.289999999999992,14.0,49.0,0.7569015788089665,63,-35.0,-66.0,-0.56
07:32:17,191.17,6.0,234.88,17.0,188.08,36.0,305.17,24.0,213.02,43.71000000000001,42.0,41.0,8.95970870062202,83,1.0,20.0,0.01
07:32:18,188.21,43.0,223.75,32.0,187.84,32.0,256.89,18.0,205.98,35.53999999999999,75.0,50.0,9.18844491739494,125,25.0,42.0,0.2
07:32:19,188.0,38.0,222.0,24.0,187.0,6.0,266.0,12.0,205.0,34.0,44.0,36.0,8.61609656398998,80,8.0,-45.0,0.1
07:32:20,188.0,42.0,220.33,48.0,187.0,12.0,395.71,51.0,204.17,32.33000000000001,54.0,99.0,7.139784310467587,153,-45.0,73.0,-0.29
07:32:21,188.0,6.0,217.38,26.0,187.0,6.0,275.59,17.0,202.69,29.379999999999995,12.0,43.0,4.013660424101463,55,-31.0,-98.0,-0.56
07:32:22,188.0,11.0,216.31,49.0,187.0,11.0,217.1,42.0,202.15,28.310000000000002,22.0,91.0,1.588071157095631,113,-69.0,58.0,-0.61
07:32:23,188.0,24.0,212.94,67.0,187.0,16.0,214.95,59.0,200.47,24.939999999999998,40.0,126.0,1.7701920799730841,166,-86.0,53.0,-0.52
07:32:24,187.33,12.0,208.0,32.0,184.21,33.0,209.18,34.0,197.67,20.669999999999987,45.0,66.0,2.483586116888234,111,-21.0,-55.0,-0.19
07:32:25,184.0,48.0,206.11,27.0,183.0,220.0,207.91,46.0,195.06,22.110000000000014,268.0,73.0,3.207166974137867,341,195.0,173.5,0.57
07:32:26,184.36,56.0,203.94,48.0,183.25,96.0,205.23,26.0,194.15,19.579999999999984,152.0,74.0,3.422294551905381,226,78.0,-115.0,0.35
07:32:27,185.4,60.0,200.51,59.0,184.32,77.0,201.49,67.0,192.95,15.109999999999985,137.0,126.0,3.014979270244145,263,11.0,37.0,0.04
07:32:28,186.08,39.0,196.68,44.0,184.52,58.0,197.64,45.0,191.38,10.599999999999994,97.0,89.0,2.3605656101880697,186,8.0,-77.0,0.04
07:32:29,186.55,33.0,191.06,51.0,184.0,44.0,191.88,51.0,188.8,4.509999999999991,77.0,102.0,2.4707225663767174,179,-25.0,-7.0,-0.14
07:32:30,186.7,37.0,189.0,48.0,183.56,64.0,190.5,60.0,187.85,2.3000000000000114,101.0,108.0,2.6752812936219668,209,-7.0,30.0,-0.03
07:32:31,183.57,28.0,188.0,32.0,182.36,44.0,192.0,40.0,185.79,4.430000000000007,72.0,72.0,2.8419588315111355,144,0.0,-65.0,0.0
07:32:32,183.0,15.0,186.75,24.0,182.0,29.0,188.95,21.0,184.88,3.75,44.0,45.0,2.5674598341560615,89,-1.0,-55.0,-0.01
07:32:33,182.44,27.0,186.0,35.0,180.91,44.0,188.0,28.0,184.22,3.5600000000000023,71.0,63.0,1.9528876055741482,134,8.0,45.0,0.06
07:32:34,183.35,80.0,185.81,68.0,181.08,74.0,218.83,29.0,184.58,2.460000000000008,154.0,97.0,1.4551048072236576,251,57.0,117.0,0.23
07:32:35,180.52,67.0,321.44,43.0,178.55,47.0,430.69,26.0,250.98,140.92,114.0,69.0,29.57212877017819,183,45.0,-68.0,0.25
07:32:36,183.0,129.0,319.89,47.0,179.0,126.0,368.23,31.0,251.45,136.89,255.0,78.0,36.509572991203214,333,177.0,150.0,0.53
07:32:37,183.33,72.0,294.33,36.0,181.11,114.0,295.18,33.0,238.83,110.99999999999997,186.0,69.0,34.70582040522874,255,117.0,-78.0,0.46
07:32:38,183.26,93.0,270.72,39.0,180.6,135.0,278.38,42.0,226.99,87.46000000000004,228.0,81.0,27.60736550270577,309,147.0,54.0,0.48
07:32:39,183.07,44.0,225.64,28.0,179.16,103.0,227.0,30.0,204.36,42.56999999999999,147.0,58.0,19.637076411726547,205,89.0,-104.0,0.43
07:32:40,183.0,21.0,221.41,27.0,179.05,55.0,222.38,21.0,202.2,38.41,76.0,48.0,21.44998438227848,124,28.0,-81.0,0.23
07:32:41,183.0,39.0,218.84,25.0,179.06,101.0,219.71,35.0,200.92,35.84,140.0,60.0,17.22169416753167,200,80.0,76.0,0.4
07:32:42,181.26,104.0,215.53,38.0,178.8,120.0,219.25,57.0,198.39,34.27000000000001,224.0,95.0,11.616715112285274,319,129.0,119.0,0.4
07:32:43,184.35,68.0,213.22,36.0,179.42,118.0,214.17,48.0,198.79,28.870000000000005,186.0,84.0,2.470277312367774,270,102.0,-49.0,0.38
07:32:44,185.19,37.0,210.79,29.0,183.14,43.0,211.38,29.0,197.99,25.599999999999994,80.0,58.0,1.81644432890175,138,22.0,-132.0,0.16
07:32:45,188.1,20.0,208.3,10.0,187.0,20.0,209.3,10.0,198.2,20.200000000000017,40.0,20.0,1.1897352646700847,60,20.0,-78.0,0.33
07:32:46,184.86,57.0,205.53,17.0,183.73,60.0,207.18,17.0,195.19,20.669999999999987,117.0,34.0,1.440284694079589,151,83.0,91.0,0.55
07:32:47,185.57,35.0,192.43,28.0,184.6,50.0,201.54,37.0,189.0,6.860000000000014,85.0,65.0,4.065172813054872,150,20.0,-1.0,0.13
07:32:48,183.78,27.0,185.78,18.0,182.85,52.0,309.5,28.0,184.78,2.0,79.0,46.0,5.92240407267195,125,33.0,-25.0,0.26
07:32:49,183.15,26.0,187.0,14.0,182.1,40.0,636.77,13.0,185.08,3.8499999999999943,66.0,27.0,6.033622460844071,93,39.0,-32.0,0.42
07:32:50,185.0,12.0,187.0,12.0,182.18,44.0,708.33,6.0,186.0,2.0,56.0,18.0,4.347136988870133,74,38.0,-19.0,0.51
07:32:51,182.36,50.0,356.96,27.0,181.65,46.0,515.33,18.0,269.66,174.59999999999997,96.0,45.0,37.35506766156365,141,51.0,67.0,0.36
07:32:52,181.43,40.0,343.41,34.0,178.48,42.0,529.5,24.0,262.42,161.98000000000002,82.0,58.0,44.30670964989382,140,24.0,-1.0,0.17
07:32:53,180.0,21.0,428.5,24.0,166.86,7.0,575.36,25.0,304.25,248.5,28.0,49.0,53.459468946108935,77,-21.0,-63.0,-0.27
07:32:55,180.09,22.0,323.14,14.0,178.5,12.0,412.57,46.0,251.62,143.04999999999998,34.0,60.0,54.33260043472947,94,-26.0,24.0,-0.28
07:32:56,180.0,9.0,336.0,45.0,162.22,9.0,523.19,27.0,258.0,156.0,18.0,72.0,55.89999418604591,90,-54.0,-4.0,-0.6
07:32:57,180.0,9.0,335.93,43.0,135.11,9.0,524.76,37.0,257.97,155.93,18.0,80.0,56.5265676474343,98,-62.0,8.0,-0.63
07:32:58,184.67,6.0,336.0,30.0,179.0,6.0,434.5,24.0,260.33,151.33,12.0,54.0,57.437615984648694,66,-42.0,-32.0,-0.64
07:32:59,152.25,8.0,271.2,25.0,116.25,8.0,410.92,37.0,211.72,118.94999999999999,16.0,62.0,20.49845530765647,78,-46.0,12.0,-0.59
07:33:12,175.8,35.0,178.21,38.0,174.08,84.0,180.73,44.0,177.01,2.4099999999999966,119.0,82.0,8.989384294824026,201,37.0,112.0,0.18
07:33:14,176.6,15.0,180.4,20.0,173.48,25.0,181.27,37.0,178.5,3.8000000000000114,40.0,57.0,2.564244528126143,97,-17.0,2.0,-0.18
07:33:15,178.87,15.0,180.44,36.0,177.96,27.0,181.33,60.0,179.66,1.5699999999999932,42.0,96.0,2.078420073042034,138,-54.0,41.0,-0.39
07:33:16,179.12,16.0,181.31,32.0,178.01,73.0,182.08,71.0,180.22,2.1899999999999977,89.0,103.0,1.5624435989895529,192,-14.0,54.0,-0.07
07:33:17,179.0,20.0,181.95,44.0,120.97,30.0,184.05,57.0,180.48,2.9499999999999886,50.0,101.0,1.5524174696334359,151,-51.0,-41.0,-0.34
07:33:18,167.5,8.0,182.14,21.0,118.15,13.0,185.0,35.0,174.82,14.639999999999986,21.0,56.0,2.317774794932258,77,-35.0,-74.0,-0.45
07:33:28,158.6,10.0,180.0,5.0,156.0,5.0,181.95,21.0,169.3,21.400000000000006,15.0,26.0,1.6300521464140867,41,-11.0,-9.0,-0.27
07:33:29,159.0,8.0,181.0,4.0,156.0,4.0,182.0,20.0,170.0,22.0,12.0,24.0,2.2398392799548996,36,-12.0,-5.0,-0.33
07:33:30,161.13,15.0,181.59,17.0,158.31,13.0,182.59,37.0,171.36,20.460000000000008,28.0,54.0,2.46352998764546,82,-26.0,46.0,-0.32
07:33:31,164.67,15.0,182.0,60.0,164.0,21.0,193.0,12.0,173.33,17.330000000000013,36.0,72.0,2.679333872444408,108,-36.0,26.0,-0.33
07:33:32,167.0,13.0,181.85,13.0,65.71,17.0,355.0,15.0,174.42,14.849999999999994,30.0,28.0,2.169059704117748,58,2.0,-50.0,0.03
07:33:33,170.2,41.0,178.92,13.0,170.03,37.0,220.71,31.0,174.56,8.719999999999999,78.0,44.0,1.9934091401483716,122,34.0,64.0,0.28
07:33:34,180.68,28.0,225.4,20.0,179.41,22.0,363.17,36.0,203.04,44.72,50.0,56.0,13.309256928920746,106,-6.0,-16.0,-0.06
07:33:35,172.71,7.0,234.74,19.0,126.29,7.0,386.15,27.0,203.73,62.03,14.0,46.0,16.0471502142911,60,-32.0,-46.0,-0.53
07:33:36,182.47,17.0,309.45,31.0,180.96,26.0,442.85,39.0,245.96,126.97999999999999,43.0,70.0,29.310498460449608,113,-27.0,53.0,-0.24
07:33:37,184.86,14.0,227.0,24.0,177.55,11.0,499.23,22.0,205.93,42.139999999999986,25.0,46.0,25.480977806984107,71,-21.0,-42.0,-0.3
07:33:38,186.6,43.0,226.0,12.0,179.75,24.0,227.0,36.0,206.3,39.400000000000006,67.0,48.0,18.482225785873702,115,19.0,44.0,0.17
07:33:39,188.0,28.0,223.64,22.0,187.0,40.0,226.33,18.0,205.82,35.639999999999986,68.0,40.0,18.14676472542736,108,28.0,-7.0,0.26
07:33:40,187.22,27.0,220.69,16.0,185.89,19.0,221.21,24.0,203.95,33.47,46.0,40.0,18.117250619230685,86,6.0,-22.0,0.07
07:33:41,187.0,24.0,217.38,24.0,184.0,8.0,219.64,14.0,202.19,30.379999999999995,32.0,38.0,1.73887032294436,70,-6.0,-16.0,-0.09
07:33:42,187.0,20.0,216.56,16.0,184.0,10.0,218.62,24.0,201.78,29.560000000000002,30.0,40.0,2.0499439016755563,70,-10.0,0.0,-0.14
07:33:43,187.31,13.0,215.0,8.0,185.64,11.0,216.0,24.0,201.15,27.689999999999998,24.0,32.0,1.8986495200581448,56,-8.0,-14.0,-0.14
07:33:44,189.0,10.0,213.75,12.0,187.0,20.0,215.93,28.0,201.38,24.75,30.0,40.0,1.1128117540793914,70,-10.0,14.0,-0.14
07:33:45,182.0,24.0,211.58,36.0,181.0,72.0,213.64,14.0,196.79,29.580000000000013,96.0,50.0,2.198333459695689,146,46.0,76.0,0.32
07:33:46,182.43,28.0,206.97,34.0,181.2,60.0,208.66,56.0,194.7,24.539999999999992,88.0,90.0,3.2117518584127867,178,-2.0,32.0,-0.01
07:33:47,188.6,35.0,199.28,46.0,185.61,33.0,201.38,50.0,193.94,10.680000000000007,68.0,96.0,3.5125588963059884,164,-28.0,-14.0,-0.17
07:33:48,190.0,36.0,196.48,88.0,186.62,78.0,197.55,22.0,193.24,6.47999999999999,114.0,110.0,3.283260574492789,224,4.0,60.0,0.02
07:33:49,187.0,20.0,190.85,26.0,184.0,90.0,192.12,26.0,188.92,3.8499999999999943,110.0,52.0,2.8939626811725536,162,58.0,-62.0,0.36
07:33:50,187.0,24.0,188.3,50.0,184.0,108.0,189.42,36.0,187.65,1.3000000000000114,132.0,86.0,3.1827503829266943,218,46.0,56.0,0.21
07:33:51,184.09,99.0,187.21,42.0,183.33,72.0,199.81,36.0,185.65,3.1200000000000045,171.0,78.0,3.5902855039704917,249,93.0,31.0,0.37
07:33:52,183.86,102.0,185.81,21.0,182.64,99.0,329.67,15.0,184.84,1.9499999999999886,201.0,36.0,3.3134800437034917,237,165.0,-12.0,0.7
07:33:53,184.0,100.0,346.6,20.0,182.0,108.0,431.67,12.0,265.3,162.60000000000002,208.0,32.0,35.15882918983532,240,176.0,3.0,0.73
07:33:54,184.0,126.0,407.05,21.0,182.0,155.0,526.04,24.0,295.52,223.05,281.0,45.0,52.787628001265674,326,236.0,86.0,0.72
07:33:58,186.0,6.0,360.56,16.0,184.0,48.0,376.17,18.0,273.28,174.56,54.0,34.0,43.13974988337285,88,20.0,-174.5,0.23
07:33:59,184.02,85.0,248.23,13.0,182.11,140.0,340.56,48.0,216.13,64.20999999999998,225.0,61.0,65.05642112812521,286,164.0,173.5,0.57
07:34:00,184.0,52.0,396.67,18.0,182.51,68.0,486.81,31.0,290.33,212.67000000000002,120.0,49.0,48.602744264084365,169,71.0,-117.0,0.42
07:34:01,184.0,48.0,268.65,43.0,183.0,170.0,351.0,44.0,226.33,84.64999999999998,218.0,87.0,51.129656267180174,305,131.0,136.0,0.43
07:34:02,183.39,49.0,185.27,22.0,182.87,138.0,236.75,32.0,184.33,1.8800000000000239,187.0,54.0,43.2378017480077,241,133.0,-64.0,0.55
07:34:03,183.04,78.0,321.17,29.0,182.36,70.0,466.41,37.0,252.11,138.13000000000002,148.0,66.0,39.83151114381704,214,82.0,-27.0,0.38
07:34:04,184.4,10.0,332.36,33.0,183.0,50.0,460.07,44.0,258.38,147.96,60.0,77.0,39.614533696612085,137,-17.0,-77.0,-0.12
07:34:05,185.22,9.0,344.98,41.0,183.0,45.0,436.74,38.0,265.1,159.76000000000002,54.0,79.0,33.02533799978463,133,-25.0,-4.0,-0.19
07:34:06,186.0,8.0,249.24,29.0,183.0,40.0,357.24,37.0,217.62,63.24000000000001,48.0,66.0,33.96177807477136,114,-18.0,-19.0,-0.16
07:34:07,186.0,9.0,304.78,18.0,183.0,45.0,469.69,32.0,245.39,118.77999999999997,54.0,50.0,18.346736767065988,104,4.0,-10.0,0.04
07:34:08,187.23,13.0,355.91,35.0,182.75,73.0,485.62,58.0,271.57,168.68000000000004,86.0,93.0,21.332036236609195,179,-7.0,75.0,-0.04
07:34:09,182.85,54.0,332.4,42.0,181.82,131.0,413.14,58.0,257.63,149.54999999999998,185.0,100.0,21.27510916540754,285,85.0,106.0,0.3
07:34:10,182.0,124.0,359.38,39.0,180.0,13.0,423.1,40.0,270.69,177.38,137.0,79.0,22.2934541962435,216,58.0,-69.0,0.27
07:34:11,182.0,57.0,257.6,43.0,180.82,33.0,367.97,29.0,219.8,75.60000000000002,90.0,72.0,21.443931076181123,162,18.0,-54.0,0.11
07:34:12,182.0,24.0,359.0,24.0,181.0,72.0,376.0,16.0,270.5,177.0,96.0,40.0,22.140464538938712,136,56.0,-26.0,0.41
07:34:13,182.0,18.0,357.83,18.0,181.0,54.0,376.0,12.0,269.92,175.82999999999998,72.0,30.0,21.899332638233588,102,42.0,-34.0,0.41
07:34:14,183.6,30.0,340.04,25.0,181.5,36.0,455.14,29.0,261.82,156.44000000000003,66.0,54.0,21.975636054503685,120,12.0,18.0,0.1
07:34:15,184.0,40.0,286.33,36.0,182.0,30.0,419.11,38.0,235.17,102.32999999999998,70.0,74.0,22.794412034531803,144,-4.0,24.0,-0.03
07:34:16,184.0,36.0,355.78,27.0,182.0,27.0,466.86,42.0,269.89,171.77999999999997,63.0,69.0,15.129869464076688,132,-6.0,-12.0,-0.05
07:34:17,184.0,32.0,354.0,28.0,182.0,24.0,365.0,32.0,269.0,170.0,56.0,60.0,14.919214121393944,116,-4.0,-16.0,-0.03
07:34:18,186.55,44.0,350.63,38.0,183.47,38.0,352.54,39.0,268.59,164.07999999999998,82.0,77.0,14.734698164536677,159,5.0,43.0,0.03
07:34:19,188.0,48.0,302.24,51.0,185.5,48.0,349.69,39.0,245.12,114.24000000000001,96.0,90.0,16.283649161045048,186,6.0,27.0,0.03
07:34:20,187.03,119.0,188.35,72.0,185.79,76.0,198.78,68.0,187.69,1.3199999999999932,195.0,140.0,35.318882626719805,335,55.0,149.0,0.16
07:34:21,187.36,44.0,188.79,19.0,186.59,68.0,304.13,23.0,188.08,1.4299999999999784,112.0,42.0,41.145604017926665,154,70.0,-174.5,0.45
07:34:22,188.0,20.0,189.0,10.0,187.0,10.0,218.48,25.0,188.5,1.0,30.0,35.0,38.568442151583405,65,-5.0,-89.0,-0.08
07:34:23,188.23,13.0,212.41,32.0,187.0,10.0,247.29,31.0,200.32,24.180000000000007,23.0,63.0,24.713015194428365,86,-40.0,21.0,-0.47
07:34:24,190.41,17.0,247.2,45.0,187.22,18.0,302.97,64.0,218.81,56.78999999999999,35.0,109.0,13.459931277686803,144,-74.0,58.0,-0.51
07:34:25,191.33,18.0,247.27,22.0,187.0,18.0,249.0,52.0,219.3,55.94,36.0,74.0,15.45707669645352,110,-38.0,-34.0,-0.35
07:34:26,191.0,12.0,229.81,16.0,186.14,14.0,266.61,18.0,210.41,38.81,26.0,34.0,13.116511350204478,60,-8.0,-50.0,-0.13
07:34:27,185.11,18.0,217.35,17.0,183.91,22.0,230.0,10.0,201.23,32.23999999999998,40.0,27.0,9.149979781400658,67,13.0,7.0,0.19
07:34:28,185.5,40.0,213.04,25.0,183.77,31.0,213.89,28.0,199.27,27.539999999999992,71.0,53.0,9.435675916437617,124,18.0,57.0,0.15
07:34:29,185.03,31.0,209.71,21.0,184.16,55.0,211.31,49.0,197.37,24.680000000000007,86.0,70.0,9.18816521401549,156,16.0,32.0,0.1
07:34:30,186.0,15.0,206.52,25.0,185.0,30.0,207.31,35.0,196.26,20.52000000000001,45.0,60.0,5.639061978737962,105,-15.0,-51.0,-0.14
07:34:31,185.43,21.0,200.57,44.0,184.02,59.0,203.07,42.0,193.0,15.139999999999986,80.0,86.0,3.115402060738071,166,-6.0,61.0,-0.04
07:34:32,184.05,19.0,197.08,39.0,182.69,32.0,200.0,39.0,190.56,13.030000000000001,51.0,78.0,3.4901532917699805,129,-27.0,-37.0,-0.21
07:34:33,183.62,29.0,195.8,45.0,182.16,45.0,198.0,45.0,189.71,12.180000000000007,74.0,90.0,3.3830533545976467,164,-16.0,35.0,-0.1
07:34:34,182.0,44.0,192.35,17.0,181.0,11.0,193.65,31.0,187.18,10.349999999999994,55.0,48.0,3.4472046646603483,103,7.0,-61.0,0.07
07:34:35,182.0,26.0,189.31,13.0,181.0,7.0,190.8,15.0,185.65,7.310000000000002,33.0,28.0,2.882299429285206,61,5.0,-42.0,0.08
07:34:36,181.95,44.0,186.26,35.0,178.41,17.0,186.73,41.0,184.11,4.310000000000002,61.0,76.0,2.7040654577985594,137,-15.0,76.0,-0.11
07:34:37,151.91,11.0,181.5,8.0,137.06,17.0,184.25,16.0,166.7,29.590000000000003,28.0,24.0,9.16374104828718,52,4.0,-85.0,0.08
07:34:38,156.19,42.0,178.71,31.0,127.33,18.0,180.59,39.0,167.45,22.52000000000001,60.0,70.0,10.23330200864155,130,-10.0,78.0,-0.08
07:34:40,176.33,24.0,201.0,33.0,155.94,36.0,652.6,30.0,188.67,24.669999999999987,60.0,63.0,10.336202397402516,123,-3.0,17.0,-0.02
07:34:41,180.73,22.0,200.96,28.0,149.14,28.0,638.31,32.0,190.85,20.230000000000018,50.0,60.0,12.073134638529815,110,-10.0,-13.0,-0.09
07:34:42,180.62,13.0,199.0,9.0,102.0,21.0,425.33,27.0,189.81,18.379999999999995,34.0,36.0,11.753054071179324,70,-2.0,-40.0,-0.03
07:34:43,151.0,5.0,196.8,5.0,95.0,20.0,400.11,19.0,173.9,45.80000000000001,25.0,24.0,10.100850459246674,49,1.0,-21.0,0.02
07:34:44,151.0,8.0,196.0,8.0,122.41,17.0,243.2,30.0,173.5,45.0,25.0,38.0,8.840374992049998,63,-13.0,14.0,-0.21
07:34:45,158.36,11.0,195.67,9.0,118.33,24.0,427.53,17.0,177.02,37.309999999999974,35.0,26.0,8.61884156949556,61,9.0,-2.0,0.15
07:34:46,188.74,35.0,195.0,12.0,180.92,39.0,379.52,25.0,191.87,6.259999999999991,74.0,37.0,8.9167174453419,111,37.0,50.0,0.33
07:34:47,190.67,18.0,195.0,9.0,188.0,27.0,455.0,36.0,192.83,4.3300000000000125,45.0,45.0,9.710964421727853,90,0.0,-21.0,0.0
07:34:48,189.5,16.0,194.0,12.0,170.78,54.0,447.67,48.0,191.75,4.5,70.0,60.0,9.34374817726064,130,10.0,40.0,0.08
07:34:49,187.0,92.0,193.0,18.0,146.0,37.0,280.5,16.0,190.0,6.0,129.0,34.0,6.605310742127066,163,95.0,33.0,0.58
07:34:50,187.0,48.0,190.5,6.0,183.0,24.0,192.0,12.0,188.75,3.5,72.0,18.0,1.6372843369609473,90,54.0,-73.0,0.6
07:34:51,187.0,32.0,190.0,4.0,183.0,16.0,192.0,8.0,188.5,3.0,48.0,12.0,1.8850809001361486,60,36.0,-30.0,0.6
07:34:52,187.0,54.0,190.11,9.0,183.0,30.0,287.83,12.0,188.56,3.1100000000000136,84.0,21.0,1.392648555831182,105,63.0,45.0,0.6
07:34:53,187.0,35.0,192.0,10.0,183.0,30.0,431.8,5.0,189.5,5.0,65.0,15.0,0.6589537161735989,80,50.0,-25.0,0.62
07:34:54,187.0,49.0,192.0,14.0,183.0,44.0,249.0,7.0,189.5,5.0,93.0,21.0,0.4997199216151687,114,72.0,34.0,0.63
07:34:55,187.0,56.0,190.62,26.0,183.06,50.0,191.45,22.0,188.81,3.6200000000000045,106.0,48.0,0.4940445324655066,154,58.0,40.0,0.38
07:34:56,187.0,59.0,189.65,40.0,183.77,47.0,291.41,17.0,188.32,2.6500000000000057,106.0,57.0,0.5414979224882494,163,49.0,9.0,0.3
07:34:57,187.0,35.0,188.86,28.0,186.0,14.0,366.29,7.0,187.93,1.8600000000000136,49.0,35.0,0.7011918425503677,84,14.0,-79.0,0.17
07:34:58,188.26,38.0,254.07,14.0,186.67,12.0,295.1,10.0,221.17,65.81,50.0,24.0,14.559667922039093,74,26.0,-10.0,0.35
07:34:59,189.18,44.0,235.16,19.0,187.0,11.0,266.21,14.0,212.17,45.97999999999999,55.0,33.0,15.83579173897064,88,22.0,14.0,0.25
07:35:00,185.69,13.0,235.0,20.0,183.74,54.0,398.9,10.0,210.35,49.31,67.0,30.0,15.049807972198433,97,37.0,9.0,0.38
07:35:01,186.55,22.0,233.91,22.0,184.0,11.0,423.83,12.0,210.23,47.359999999999985,33.0,34.0,12.282646294672984,67,-1.0,-30.0,-0.01
07:35:02,188.0,14.0,231.29,14.0,184.0,7.0,233.0,14.0,209.64,43.28999999999999,21.0,28.0,4.822034840193573,49,-7.0,-18.0,-0.14
07:35:03,188.27,22.0,229.82,22.0,182.64,11.0,231.64,22.0,209.05,41.54999999999998,33.0,44.0,1.1727830149019471,77,-11.0,28.0,-0.14
07:35:04,183.0,18.0,227.22,18.0,152.0,36.0,230.0,18.0,205.11,44.22,54.0,36.0,2.168105163511105,90,18.0,13.0,0.2
07:35:05,182.7,20.0,224.85,26.0,120.1,31.0,226.54,26.0,203.77,42.150000000000006,51.0,52.0,2.9172761268080962,103,-1.0,13.0,-0.01
07:35:06,181.74,94.0,222.5,20.0,142.59,34.0,224.0,20.0,202.12,40.75999999999999,128.0,40.0,3.292122415713849,168,88.0,65.0,0.52
07:35:07,184.45,77.0,221.0,20.0,183.67,110.0,224.0,20.0,202.73,36.55000000000001,187.0,40.0,2.7563163824290116,227,147.0,59.0,0.65
07:35:08,185.0,34.0,219.0,20.0,184.0,140.0,221.2,20.0,202.0,34.0,174.0,40.0,1.3024707290559292,214,134.0,-13.0,0.63
07:35:09,185.4,15.0,216.67,12.0,184.18,51.0,219.0,12.0,201.03,31.269999999999982,66.0,24.0,1.0095295934483655,90,42.0,-124.0,0.47
07:35:10,187.33,24.0,215.73,22.0,185.64,25.0,216.73,22.0,201.53,28.399999999999977,49.0,44.0,0.6402109027877575,93,5.0,3.0,0.05
07:35:11,188.27,33.0,211.33,18.0,187.11,27.0,214.0,18.0,199.8,23.060000000000002,60.0,36.0,1.100122720449228,96,24.0,3.0,0.25
07:35:12,189.47,36.0,209.7,20.0,187.9,29.0,213.2,20.0,199.59,20.22999999999999,65.0,40.0,1.0594102133022008,105,25.0,9.0,0.24
07:35:13,186.95,19.0,206.75,16.0,185.29,21.0,209.25,16.0,196.85,19.80000000000001,40.0,32.0,1.819642822108132,72,8.0,-33.0,0.11
07:35:14,185.0,34.0,203.55,22.0,183.93,76.0,204.73,22.0,194.27,18.55000000000001,110.0,44.0,2.856224781079117,154,66.0,82.0,0.43
07:35:15,185.0,24.0,201.42,38.0,184.0,168.0,211.54,26.0,193.21,16.419999999999987,192.0,64.0,3.0024956286481865,256,128.0,102.0,0.5
07:35:16,184.0,85.0,198.62,58.0,182.0,156.0,200.09,44.0,191.31,14.620000000000005,241.0,102.0,3.23392640609716,343,139.0,87.0,0.41
07:35:17,184.0,50.0,194.68,44.0,182.0,130.0,196.75,40.0,189.34,10.680000000000007,180.0,84.0,2.860555890041957,264,96.0,-79.0,0.36
07:35:18,185.75,36.0,191.05,44.0,182.95,74.0,192.13,31.0,188.4,5.300000000000011,110.0,75.0,2.4859867256392914,185,35.0,-79.0,0.19
07:35:19,184.93,29.0,188.67,30.0,182.43,70.0,190.52,33.0,186.8,3.7399999999999807,99.0,63.0,2.50395087812353,162,36.0,-23.0,0.22
07:35:20,184.0,50.0,186.45,44.0,182.0,160.0,187.41,44.0,185.23,2.4499999999999886,210.0,88.0,2.3340586967890364,298,122.0,136.0,0.41
07:35:21,183.02,57.0,210.96,54.0,181.38,130.0,224.06,68.0,196.99,27.939999999999998,187.0,122.0,4.548326065714279,309,65.0,11.0,0.21
07:35:22,186.79,28.0,222.35,43.0,183.44,32.0,224.29,28.0,204.57,35.56,60.0,71.0,8.184526253855747,131,-11.0,-174.5,-0.08
07:35:23,188.07,28.0,215.14,56.0,187.0,14.0,215.59,41.0,201.61,27.069999999999993,42.0,97.0,8.68795142712322,139,-55.0,8.0,-0.4
07:35:24,183.75,40.0,209.4,40.0,179.73,55.0,210.4,40.0,196.57,25.650000000000006,95.0,80.0,7.370120758851326,175,15.0,36.0,0.09
07:35:25,182.0,50.0,206.11,36.0,179.0,90.0,207.11,36.0,194.06,24.110000000000014,140.0,72.0,4.239622624721454,212,68.0,37.0,0.32
07:35:26,182.0,36.0,204.22,36.0,179.0,90.0,205.78,36.0,193.11,22.22,126.0,72.0,4.941566553234962,198,54.0,-14.0,0.27
07:35:27,182.0,19.0,201.69,52.0,179.0,130.0,203.31,52.0,191.85,19.689999999999998,149.0,104.0,3.858989505045585,253,45.0,55.0,0.18
07:35:28,186.66,58.0,200.8,40.0,179.39,46.0,202.6,40.0,193.73,14.140000000000015,104.0,80.0,1.732304823076118,184,24.0,-69.0,0.13
07:35:29,187.0,90.0,199.4,40.0,182.6,10.0,200.4,40.0,193.2,12.400000000000006,100.0,80.0,0.8441859984938949,180,20.0,-4.0,0.11
07:35:30,188.02,118.0,197.58,48.0,186.15,92.0,198.75,48.0,192.8,9.560000000000002,210.0,96.0,0.6943126097466894,306,114.0,126.0,0.37
07:35:31,190.79,94.0,195.45,44.0,185.0,99.0,197.0,44.0,193.12,4.659999999999997,193.0,88.0,0.6949460411091326,281,105.0,-25.0,0.37
07:35:32,191.0,52.0,193.0,48.0,185.0,108.0,194.75,48.0,192.0,2.0,160.0,96.0,0.6369458376135572,256,64.0,-25.0,0.25
07:35:33,185.0,108.0,191.1,39.0,184.0,48.0,269.75,48.0,188.05,6.099999999999994,156.0,87.0,2.1678975990700913,243,69.0,-13.0,0.28
07:35:34,185.0,81.0,187.34,41.0,184.0,40.0,188.28,43.0,186.17,2.3400000000000034,121.0,84.0,3.1276940387535848,205,37.0,-38.0,0.18
07:35:35,184.76,50.0,294.03,36.0,183.82,34.0,417.21,42.0,239.39,109.26999999999998,84.0,78.0,22.341974621775254,162,6.0,-43.0,0.04
07:35:37,182.0,73.0,303.38,24.0,133.6,25.0,567.77,22.0,242.69,121.38,98.0,46.0,68.80150637885792,144,52.0,-2.0,0.36
07:35:38,182.13,46.0,240.56,9.0,165.64,22.0,426.0,7.0,211.34,58.43000000000001,68.0,16.0,64.88070460468217,84,52.0,-60.0,0.62
07:35:39,182.0,99.0,239.33,18.0,162.52,25.0,283.0,36.0,210.67,57.33000000000001,124.0,54.0,59.866282914508915,178,70.0,94.0,0.39
07:35:40,182.28,76.0,235.67,24.0,178.76,90.0,282.02,42.0,208.97,53.389999999999986,166.0,66.0,62.92727032058538,232,100.0,54.0,0.43
07:35:41,183.93,41.0,231.1,31.0,182.21,107.0,249.85,26.0,207.51,47.16999999999999,148.0,57.0,14.86357224895962,205,91.0,-27.0,0.44
07:35:42,186.41,17.0,228.28,50.0,182.38,221.0,229.57,28.0,207.35,41.870000000000005,238.0,78.0,1.8074069824050527,316,160.0,111.0,0.51
07:35:43,186.71,14.0,225.19,37.0,182.0,280.0,226.53,38.0,205.95,38.47999999999999,294.0,75.0,1.7954386650752423,369,219.0,53.0,0.59
07:35:44,187.64,11.0,220.74,38.0,182.3,165.0,224.0,33.0,204.19,33.10000000000002,176.0,71.0,1.806233650458297,247,105.0,-122.0,0.43
07:35:45,188.46,13.0,222.05,39.0,187.0,130.0,223.0,50.0,205.26,33.59,143.0,89.0,1.4067053707327242,232,54.0,-15.0,0.23
07:35:46,189.0,11.0,219.44,27.0,187.0,110.0,221.12,32.0,204.22,30.439999999999998,121.0,59.0,1.3210715347961293,180,62.0,-52.0,0.34
07:35:47,188.78,23.0,203.59,37.0,186.99,141.0,212.13,30.0,196.19,14.810000000000002,164.0,67.0,3.967350501285413,231,97.0,51.0,0.42
07:35:48,187.0,104.0,193.63,35.0,185.15,13.0,194.79,33.0,190.31,6.6299999999999955,117.0,68.0,6.546726663001219,185,49.0,-46.0,0.26
07:35:49,187.0,88.0,191.31,26.0,186.0,17.0,192.2,40.0,189.15,4.310000000000002,105.0,66.0,7.5396836803709775,171,39.0,-14.0,0.23
07:35:50,187.06,85.0,188.6,30.0,186.42,19.0,191.82,34.0,187.83,1.539999999999992,104.0,64.0,6.771152043785021,168,40.0,-3.0,0.24
07:35:51,189.56,50.0,193.68,59.0,187.0,128.0,207.57,40.0,191.62,4.1200000000000045,178.0,99.0,3.2119308834492775,277,79.0,109.0,0.29
07:35:52,187.38,95.0,192.0,39.0,186.33,36.0,193.0,45.0,189.69,4.6200000000000045,131.0,84.0,1.4014278433283118,215,47.0,-62.0,0.22
07:35:53,187.0,34.0,191.54,26.0,185.0,11.0,192.72,29.0,189.27,4.539999999999992,45.0,55.0,1.3687658675083663,100,-10.0,-115.0,-0.1
07:35:54,187.0,36.0,189.11,27.0,185.0,10.0,323.14,29.0,188.06,2.1100000000000136,46.0,56.0,1.51935183550619,102,-10.0,2.0,-0.1
07:35:55,187.0,30.0,188.3,30.0,185.0,10.0,324.38,32.0,187.65,1.3000000000000114,40.0,62.0,1.5641834930902605,102,-22.0,0.0,-0.22
07:35:56,187.62,40.0,315.24,34.0,186.5,20.0,468.51,41.0,251.43,127.62,60.0,75.0,28.080767439656118,135,-15.0,33.0,-0.11
07:35:57,189.43,58.0,213.91,11.0,187.32,25.0,471.27,55.0,201.67,24.47999999999999,83.0,66.0,27.352675920283378,149,17.0,14.0,0.11
07:35:58,190.89,53.0,226.31,29.0,188.05,19.0,322.53,57.0,208.6,35.420000000000016,72.0,86.0,26.158068927198133,158,-14.0,9.0,-0.09
07:35:59,188.33,12.0,199.6,50.0,186.85,26.0,227.3,50.0,193.97,11.269999999999982,38.0,100.0,25.176143072362134,138,-62.0,-20.0,-0.45
07:36:00,185.29,28.0,196.0,60.0,182.67,36.0,277.43,56.0,190.64,10.710000000000008,64.0,116.0,24.58068896512154,180,-52.0,42.0,-0.29
07:36:01,186.32,66.0,195.53,75.0,179.29,92.0,365.36,59.0,190.93,9.210000000000008,158.0,134.0,7.789625793326137,292,24.0,112.0,0.08
07:36:02,188.0,80.0,194.44,80.0,183.75,32.0,263.64,28.0,191.22,6.439999999999998,112.0,108.0,7.6788325935686785,220,4.0,-72.0,0.02
07:36:03,184.0,18.0,193.0,45.0,181.0,36.0,447.03,33.0,188.5,9.0,54.0,78.0,1.9519400605690016,132,-24.0,-88.0,-0.18
07:36:04,184.0,22.0,192.6,50.0,181.0,44.0,274.81,43.0,188.3,8.599999999999994,66.0,93.0,1.4026118493918678,159,-27.0,27.0,-0.17
07:36:05,186.0,27.0,191.36,33.0,183.2,30.0,192.29,51.0,188.68,5.360000000000014,57.0,84.0,1.4241067375918834,141,-27.0,-18.0,-0.19
07:36:06,187.73,45.0,189.65,71.0,185.63,41.0,205.84,67.0,188.69,1.920000000000016,86.0,138.0,1.2079403959031796,224,-52.0,83.0,-0.23
07:36:07,186.93,30.0,188.62,29.0,185.0,75.0,221.98,41.0,187.78,1.6899999999999977,105.0,70.0,0.37629775451750863,175,35.0,-49.0,0.2
07:36:08,185.07,68.0,207.56,18.0,183.32,62.0,241.4,25.0,196.31,22.49000000000001,130.0,43.0,3.573565446449038,173,87.0,-2.0,0.5
07:36:09,185.67,45.0,265.16,19.0,184.43,42.0,326.11,18.0,225.41,79.49000000000004,87.0,37.0,16.048299909960946,124,50.0,-49.0,0.4
07:36:10,186.0,70.0,307.7,30.0,185.0,50.0,387.15,26.0,246.85,121.69999999999999,120.0,56.0,26.104266317980468,176,64.0,52.0,0.36
07:36:11,186.0,56.0,194.5,30.0,185.0,40.0,224.65,34.0,190.25,8.5,96.0,64.0,25.80835911095569,160,32.0,-16.0,0.2
07:36:12,186.0,69.0,194.0,36.0,185.0,60.0,217.82,51.0,190.0,8.0,129.0,87.0,25.360356464372686,216,42.0,56.0,0.19
07:36:13,186.0,30.0,194.0,39.0,184.45,65.0,353.08,26.0,190.0,8.0,95.0,65.0,26.335494489377822,160,30.0,-56.0,0.19
07:36:14,185.0,30.0,193.3,30.0,184.0,20.0,522.1,20.0,189.15,8.300000000000011,50.0,50.0,25.49458275791254,100,0.0,-60.0,0.0
07:36:15,183.28,65.0,189.91,34.0,179.71,42.0,217.31,26.0,186.59,6.6299999999999955,107.0,60.0,1.5163343958553699,167,47.0,67.0,0.28
07:36:16,183.0,48.0,187.2,30.0,165.18,88.0,188.6,30.0,185.1,4.199999999999989,136.0,60.0,2.2124353098010157,196,76.0,29.0,0.39
07:36:17,181.5,26.0,184.55,29.0,152.96,83.0,310.0,31.0,183.03,3.0500000000000114,109.0,60.0,2.868192810822633,169,49.0,-27.0,0.29
07:36:18,179.0,36.0,181.82,22.0,150.0,90.0,247.17,24.0,180.41,2.819999999999993,126.0,46.0,3.3393831765844215,172,80.0,3.0,0.47
07:36:19,178.5,8.0,181.0,8.0,150.0,36.0,182.0,8.0,179.75,2.5,44.0,16.0,2.9396734512621245,60,28.0,-112.0,0.47
07:36:20,178.0,14.0,181.0,14.0,135.08,39.0,182.0,14.0,179.5,3.0,53.0,28.0,2.4256277538104576,81,25.0,21.0,0.31
07:36:23,167.69,70.0,182.25,16.0,159.96,50.0,240.26,27.0,174.97,14.560000000000002,120.0,43.0,9.604328711578795,163,77.0,-62.0,0.47
07:36:24,174.0,91.0,351.0,23.0,167.36,90.0,605.78,18.0,262.5,177.0,181.0,41.0,42.59716985904175,222,140.0,59.0,0.63
07:36:25,169.0,56.0,230.33,18.0,129.32,31.0,580.14,14.0,199.67,61.33000000000001,87.0,32.0,42.57277733481871,119,55.0,-103.0,0.46
07:36:26,174.07,56.0,201.06,31.0,172.8,83.0,281.85,26.0,187.57,26.99000000000001,139.0,57.0,39.01595660752217,196,82.0,77.0,0.42
07:36:27,185.23,39.0,201.83,48.0,180.57,35.0,472.5,24.0,193.53,16.600000000000023,74.0,72.0,34.141931989857454,146,2.0,-50.0,0.01
07:36:28,186.02,122.0,200.42,48.0,185.23,48.0,353.0,24.0,193.22,14.399999999999977,170.0,72.0,31.154410121201956,242,98.0,96.0,0.4
07:36:29,187.94,62.0,199.0,52.0,186.23,71.0,460.31,26.0,193.47,11.060000000000002,133.0,78.0,4.281170400726186,211,55.0,-31.0,0.26
07:36:30,190.0,14.0,198.29,28.0,189.0,42.0,572.0,14.0,194.14,8.289999999999992,56.0,42.0,2.713379811241752,98,14.0,-113.0,0.14
07:36:31,191.04,46.0,196.03,66.0,189.71,90.0,338.15,54.0,193.54,4.990000000000009,136.0,120.0,0.3388952641362408,256,16.0,158.0,0.06
07:36:32,192.11,36.0,194.0,24.0,190.8,20.0,195.0,30.0,193.06,1.8899999999999864,56.0,54.0,0.4132553690564676,110,2.0,-146.0,0.02
07:36:33,192.04,50.0,193.89,36.0,189.18,17.0,195.0,45.0,192.96,1.8499999999999943,67.0,81.0,0.46784612860855135,148,-14.0,38.0,-0.09
07:36:34,192.0,46.0,193.99,71.0,185.5,24.0,312.33,75.0,192.99,1.990000000000009,70.0,146.0,0.5062805546868577,216,-76.0,68.0,-0.35
07:36:35,192.0,13.0,193.0,40.0,191.0,32.0,364.33,24.0,192.5,1.0,45.0,64.0,0.36959437232474873,109,-19.0,-107.0,-0.17
07:36:36,191.03,29.0,366.0,32.0,188.38,32.0,463.62,16.0,278.52,174.97,61.0,48.0,38.30112765964011,109,13.0,0.0,0.12
07:36:37,190.08,52.0,330.67,48.0,186.93,56.0,346.08,37.0,260.37,140.59,108.0,85.0,42.459227147936225,193,23.0,84.0,0.12
07:36:38,188.0,42.0,252.21,56.0,185.0,56.0,465.12,24.0,220.11,64.21000000000001,98.0,80.0,39.192657092879564,178,18.0,-15.0,0.1
07:36:39,185.0,51.0,250.76,68.0,183.0,85.0,313.42,65.0,217.88,65.75999999999999,136.0,133.0,34.829466404181986,269,3.0,91.0,0.01
07:36:40,186.37,41.0,198.7,61.0,184.11,37.0,423.98,64.0,192.54,12.329999999999984,78.0,125.0,34.81758937663608,203,-47.0,-66.0,-0.23
07:36:41,186.92,36.0,194.0,56.0,185.65,17.0,345.19,59.0,190.46,7.0800000000000125,53.0,115.0,28.246312502697567,168,-62.0,-35.0,-0.37
07:36:42,186.62,24.0,192.5,40.0,183.95,22.0,231.1,40.0,189.56,5.8799999999999955,46.0,80.0,15.471771068628652,126,-34.0,-42.0,-0.27
07:36:43,184.0,11.0,190.09,44.0,183.0,55.0,191.45,44.0,187.05,6.090000000000003,66.0,88.0,12.66603410701459,154,-22.0,28.0,-0.14
07:36:44,185.29,28.0,188.41,68.0,183.27,41.0,189.65,68.0,186.85,3.1200000000000045,69.0,136.0,2.396637227462571,205,-67.0,51.0,-0.33
07:36:45,183.51,67.0,188.57,42.0,181.83,36.0,200.14,42.0,186.04,5.060000000000002,103.0,84.0,1.9073201094887187,187,19.0,-18.0,0.1
07:36:46,183.0,65.0,187.38,26.0,180.0,26.0,189.0,52.0,185.19,4.3799999999999955,91.0,78.0,1.639899387176076,169,13.0,-18.0,0.08
07:36:47,183.0,50.0,186.0,20.0,180.0,20.0,189.0,40.0,184.5,3.0,70.0,60.0,1.0845874792108137,130,10.0,-39.0,0.08
07:36:48,182.19,52.0,184.79,29.0,179.85,53.0,188.98,45.0,183.49,2.5999999999999943,105.0,74.0,1.3077958556522296,179,31.0,49.0,0.17
07:36:49,180.0,37.0,182.57,14.0,179.0,44.0,183.78,41.0,181.29,2.569999999999993,81.0,55.0,1.8289259143173715,136,26.0,-43.0,0.19
07:36:50,180.88,17.0,199.43,7.0,179.08,26.0,285.71,28.0,190.16,18.55000000000001,43.0,35.0,3.275992979244803,78,8.0,-58.0,0.1
07:36:51,183.68,47.0,272.11,27.0,182.62,47.0,340.78,27.0,227.9,88.43,94.0,54.0,19.524309718913425,148,40.0,70.0,0.27
07:36:52,184.0,45.0,314.06,17.0,183.0,58.0,385.43,28.0,249.03,130.06,103.0,45.0,30.408392427092412,148,58.0,0.0,0.39
07:36:53,184.0,44.0,325.8,30.0,183.0,60.0,430.32,34.0,254.9,141.8,104.0,64.0,33.57789049359778,168,40.0,20.0,0.24
07:36:54,184.92,24.0,323.21,48.0,183.61,36.0,359.15,33.0,254.06,138.29,60.0,81.0,27.463382894320144,141,-21.0,-27.0,-0.15
07:36:55,185.8,20.0,320.09,32.0,184.0,20.0,321.1,48.0,252.95,134.28999999999996,40.0,80.0,11.331790238088148,120,-40.0,-21.0,-0.33
07:36:56,185.41,17.0,318.46,39.0,183.15,53.0,320.0,65.0,251.94,133.04999999999998,70.0,104.0,2.276055798970566,174,-34.0,54.0,-0.2
07:36:57,184.0,31.0,315.27,33.0,183.0,77.0,316.27,55.0,249.64,131.26999999999998,108.0,88.0,2.042870529433399,196,20.0,22.0,0.1
07:36:58,184.06,34.0,311.42,60.0,179.24,54.0,313.0,12.0,247.74,127.36000000000001,88.0,72.0,2.5579835808753875,160,16.0,-36.0,0.1
07:36:59,184.0,50.0,310.48,44.0,183.0,71.0,310.95,22.0,247.24,126.48000000000002,121.0,66.0,2.5136069700787727,187,55.0,27.0,0.29
07:37:00,183.06,78.0,298.44,48.0,171.52,161.0,308.26,50.0,240.75,115.38,239.0,98.0,4.182513598307795,337,141.0,150.0,0.42
07:37:01,183.0,60.0,277.84,31.0,167.3,129.0,282.51,35.0,230.42,94.83999999999997,189.0,66.0,7.869702662745996,255,123.0,-82.0,0.48
07:37:02,183.0,90.0,269.77,43.0,169.77,182.0,272.86,44.0,226.38,86.76999999999998,272.0,87.0,9.734068008804606,359,185.0,104.0,0.52
07:37:03,183.0,140.0,257.02,44.0,149.26,35.0,258.93,40.0,220.01,74.01999999999998,175.0,84.0,10.977852704424262,259,91.0,-100.0,0.35
07:37:04,183.0,78.0,234.94,33.0,164.0,18.0,235.64,22.0,208.97,51.94,96.0,55.0,11.839933699140271,151,41.0,-108.0,0.27
07:37:05,183.04,121.0,233.73,44.0,168.79,43.0,234.95,73.0,208.38,50.69,164.0,117.0,9.989307783827643,281,47.0,130.0,0.17
07:37:06,184.0,37.0,230.47,38.0,183.0,72.0,231.3,40.0,207.24,46.47,109.0,78.0,8.540716012140972,187,31.0,-94.0,0.17
07:37:07,183.03,70.0,224.76,50.0,165.64,50.0,226.89,55.0,203.89,41.72999999999999,120.0,105.0,6.090547594432119,225,15.0,38.0,0.07
07:37:08,183.0,36.0,210.78,36.0,138.98,130.0,212.23,47.0,196.89,27.78,166.0,83.0,4.979450772931147,249,83.0,24.0,0.33
07:37:09,183.0,30.0,207.23,26.0,134.59,54.0,207.65,34.0,195.12,24.22999999999999,84.0,60.0,6.0149505401163115,144,24.0,-105.0,0.17
07:37:10,183.13,45.0,202.7,40.0,118.93,84.0,203.38,48.0,192.92,19.569999999999993,129.0,88.0,6.083951840707384,217,41.0,73.0,0.19
07:37:11,183.77,22.0,196.52,48.0,173.47,38.0,197.26,35.0,190.15,12.75,60.0,83.0,5.1796553939473755,143,-23.0,-74.0,-0.16
07:37:12,183.79,14.0,191.36,47.0,182.0,70.0,192.32,57.0,187.57,7.570000000000022,84.0,104.0,3.7461913992813782,188,-20.0,45.0,-0.11
07:37:13,182.73,44.0,188.09,22.0,174.88,80.0,189.85,54.0,185.41,5.360000000000014,124.0,76.0,3.9199017844903947,200,48.0,12.0,0.24
07:37:14,182.59,108.0,185.34,44.0,162.82,119.0,256.61,28.0,183.97,2.75,227.0,72.0,3.6042585922838795,299,155.0,99.0,0.52
07:37:15,184.9,60.0,187.0,20.0,182.0,40.0,402.16,32.0,185.95,2.0999999999999943,100.0,52.0,2.3610590844053343,152,48.0,-147.0,0.32
07:37:16,185.0,60.0,186.33,42.0,182.0,52.0,245.36,45.0,185.67,1.3300000000000125,112.0,87.0,1.2880527939697992,199,25.0,47.0,0.13
07:37:17,185.0,23.0,204.08,24.0,182.0,36.0,257.84,43.0,194.54,19.080000000000013,59.0,67.0,4.224147251227478,126,-8.0,-73.0,-0.06
07:37:18,183.36,11.0,331.14,44.0,180.8,50.0,465.56,39.0,257.25,147.77999999999997,61.0,83.0,31.449139574876217,144,-22.0,18.0,-0.15
07:37:19,183.42,38.0,204.23,13.0,181.05,40.0,243.18,22.0,193.83,20.810000000000002,78.0,35.0,30.367543858534958,113,43.0,-31.0,0.38
07:37:20,184.79,62.0,189.0,14.0,184.16,77.0,192.0,28.0,186.9,4.210000000000008,139.0,42.0,30.233370139632868,181,97.0,68.0,0.54
07:37:21,186.0,8.0,189.0,8.0,184.2,44.0,192.0,16.0,187.5,3.0,52.0,24.0,29.971415215168665,76,28.0,-105.0,0.37
07:37:22,186.0,12.0,187.33,12.0,184.0,84.0,192.0,24.0,186.67,1.3300000000000125,96.0,36.0,30.78821121793283,132,60.0,56.0,0.45
07:37:23,185.74,38.0,191.78,23.0,183.91,66.0,364.29,21.0,188.76,6.039999999999992,104.0,44.0,2.9629495439600504,148,60.0,16.0,0.41
07:37:24,184.33,55.0,191.15,26.0,183.71,49.0,297.21,29.0,187.74,6.819999999999993,104.0,55.0,0.8205364099501118,159,49.0,11.0,0.31
07:37:25,187.0,8.0,190.0,30.0,184.0,56.0,233.22,9.0,188.5,3.0,64.0,39.0,0.8331146380022435,103,25.0,-56.0,0.24
07:37:26,187.0,9.0,189.0,20.0,184.0,63.0,193.24,17.0,188.0,2.0,72.0,37.0,0.8127607274306158,109,35.0,6.0,0.32
07:37:27,186.0,21.0,188.61,33.0,183.99,99.0,199.51,39.0,187.3,2.6100000000000136,120.0,72.0,0.5846366393354524,192,48.0,83.0,0.25
07:37:28,184.0,42.0,192.0,30.0,183.0,6.0,266.0,6.0,188.0,8.0,48.0,36.0,0.43740141752577183,84,12.0,-108.0,0.14
07:37:29,184.0,81.0,191.48,21.0,183.0,13.0,208.54,59.0,187.74,7.47999999999999,94.0,80.0,0.43740141752577183,174,14.0,90.0,0.08
07:37:30,184.0,48.0,189.88,8.0,183.0,8.0,193.72,32.0,186.94,5.8799999999999955,56.0,40.0,0.4650591360824582,96,16.0,-78.0,0.17
07:37:31,182.62,29.0,188.0,8.0,178.8,10.0,191.68,28.0,185.31,5.3799999999999955,39.0,36.0,1.0583572176038198,75,3.0,-21.0,0.04
07:37:32,182.2,46.0,186.36,11.0,172.57,14.0,192.0,55.0,184.28,4.160000000000025,60.0,66.0,1.6058580261201438,126,-6.0,51.0,-0.05
07:37:33,183.19,32.0,191.65,48.0,180.69,26.0,255.47,32.0,187.42,8.460000000000008,58.0,80.0,1.482470910356945,138,-22.0,12.0,-0.16
07:37:34,186.0,10.0,190.3,50.0,183.0,30.0,198.96,46.0,188.15,4.300000000000011,40.0,96.0,1.587057024827556,136,-56.0,-2.0,-0.41
07:37:35,186.0,10.0,189.7,50.0,183.0,30.0,191.8,50.0,187.85,3.6999999999999886,40.0,100.0,1.7090845502942131,140,-60.0,4.0,-0.43
07:37:36,186.11,18.0,189.5,70.0,182.09,148.0,264.93,58.0,187.81,3.3899999999999864,166.0,128.0,1.598740128993468,294,38.0,154.0,0.13
07:37:37,184.0,8.0,192.0,40.0,182.0,112.0,364.57,14.0,188.0,8.0,120.0,54.0,0.273367884093167,174,66.0,-120.0,0.38
07:37:38,180.66,73.0,191.16,32.0,181.19,62.0,194.04,46.0,185.91,10.5,135.0,78.0,0.9232442797297885,213,57.0,39.0,0.27
07:37:39,183.17,140.0,189.18,51.0,182.03,74.0,193.0,85.0,186.17,6.010000000000019,214.0,136.0,1.0180962626657841,350,78.0,137.0,0.22
07:37:40,185.17,72.0,192.0,66.0,182.5,112.0,361.68,22.0,188.58,6.8300000000000125,184.0,88.0,1.1829327960852059,272,96.0,-78.0,0.35
07:37:41,186.82,22.0,191.09,55.0,185.0,44.0,199.45,51.0,188.95,4.27000000000001,66.0,106.0,1.397630137072685,172,-40.0,-100.0,-0.23
07:37:42,188.0,24.0,191.0,60.0,185.0,48.0,194.0,60.0,189.5,3.0,72.0,120.0,1.6618874811652016,192,-48.0,20.0,-0.25
07:37:43,180.32,71.0,189.81,80.0,168.63,52.0,193.88,80.0,185.07,9.490000000000009,123.0,160.0,1.9251051919450346,283,-37.0,91.0,-0.13
07:37:44,184.67,49.0,188.15,65.0,181.57,63.0,194.06,85.0,186.41,3.480000000000018,112.0,150.0,1.8813479210538626,262,-38.0,-21.0,-0.15
07:37:45,185.25,20.0,187.0,14.0,181.0,24.0,195.0,40.0,186.12,1.75,44.0,54.0,1.9156852559995285,98,-10.0,-164.0,-0.1
07:37:46,176.28,25.0,187.0,36.0,156.75,48.0,195.0,60.0,181.64,10.719999999999999,73.0,96.0,2.827962163830141,169,-23.0,71.0,-0.14
07:37:47,173.25,32.0,184.83,24.0,148.0,22.0,193.5,36.0,179.04,11.580000000000013,54.0,60.0,3.2026129956733866,114,-6.0,-55.0,-0.05
07:37:49,172.62,40.0,178.48,29.0,169.24,17.0,181.96,23.0,175.55,5.859999999999985,57.0,52.0,5.887479936276567,109,5.0,29.0,0.05
07:37:50,177.04,45.0,184.05,37.0,168.67,49.0,199.35,46.0,180.55,7.010000000000019,94.0,83.0,4.463029240332154,177,11.0,68.0,0.06
07:37:51,184.0,9.0,197.14,28.0,182.0,36.0,306.91,23.0,190.57,13.139999999999986,45.0,51.0,7.377272531231213,96,-6.0,-81.0,-0.06
07:37:52,184.74,19.0,281.58,19.0,181.4,35.0,567.0,16.0,233.16,96.83999999999997,54.0,35.0,25.179261903400814,89,19.0,-7.0,0.21
07:37:53,177.27,37.0,365.6,15.0,148.08,12.0,443.27,11.0,271.44,188.33,49.0,26.0,41.05656622271325,75,23.0,-14.0,0.31
07:37:54,177.0,45.0,215.14,14.0,134.46,13.0,304.46,13.0,196.07,38.139999999999986,58.0,27.0,37.600434438980045,85,31.0,10.0,0.36
07:37:55,184.02,41.0,206.0,20.0,176.76,46.0,250.0,15.0,195.01,21.97999999999999,87.0,35.0,34.801999224183014,122,52.0,37.0,0.43
07:37:56,185.0,32.0,204.88,16.0,182.0,40.0,244.25,16.0,194.94,19.879999999999995,72.0,32.0,34.01033269463906,104,40.0,-18.0,0.38
07:37:57,185.55,33.0,202.19,32.0,182.86,42.0,231.67,18.0,193.87,16.639999999999986,75.0,50.0,34.20615924069874,125,25.0,21.0,0.2
07:37:58,187.28,29.0,201.62,26.0,185.35,34.0,202.29,28.0,194.45,14.340000000000003,63.0,54.0,0.8125392298524771,117,9.0,-8.0,0.08
07:37:59,188.0,44.0,198.43,28.0,187.0,33.0,201.72,43.0,193.21,10.430000000000007,77.0,71.0,0.7597894445500087,148,6.0,31.0,0.04
07:38:00,188.0,48.0,195.3,46.0,187.0,36.0,196.29,35.0,191.65,7.300000000000011,84.0,81.0,1.2789370586741293,165,3.0,17.0,0.02
07:38:01,188.0,31.0,191.0,20.0,187.0,30.0,192.0,40.0,189.5,3.0,61.0,60.0,1.993710109331515,121,1.0,-44.0,0.01
07:38:02,188.0,24.0,189.64,44.0,187.0,36.0,190.56,36.0,188.82,1.6399999999999864,60.0,80.0,2.388939095090378,140,-20.0,19.0,-0.14
07:38:03,187.09,23.0,189.21,28.0,184.53,34.0,189.86,28.0,188.15,2.1200000000000045,57.0,56.0,2.1058086332931403,113,1.0,-27.0,0.01
07:38:04,183.39,31.0,185.93,30.0,182.74,61.0,187.08,48.0,184.66,2.5400000000000205,92.0,78.0,2.5434877629060484,170,14.0,57.0,0.08
07:38:05,182.42,38.0,183.74,38.0,163.67,30.0,253.83,24.0,183.08,1.3200000000000216,68.0,62.0,2.8107863668471262,130,6.0,-40.0,0.05
07:38:06,167.0,12.0,224.4,15.0,90.1,21.0,556.0,6.0,195.7,57.400000000000006,33.0,21.0,4.881426021159487,54,12.0,-76.0,0.22
07:38:21,175.0,24.0,181.79,56.0,117.64,78.0,214.69,42.0,178.39,6.789999999999992,102.0,98.0,1.2126623602885054,200,4.0,70.0,0.02
07:38:22,176.17,12.0,182.0,15.0,85.4,15.0,207.48,27.0,179.08,5.8300000000000125,27.0,42.0,1.63506268994805,69,-15.0,-131.0,-0.22
07:38:23,181.12,50.0,183.9,60.0,143.56,36.0,451.33,24.0,182.51,2.780000000000001,86.0,84.0,2.7070408197992526,170,2.0,101.0,0.01
07:38:24,182.0,45.0,183.93,27.0,146.09,90.0,401.33,12.0,182.96,1.9300000000000068,135.0,39.0,2.927263226985007,174,96.0,4.0,0.55
07:38:25,182.02,128.0,184.83,36.0,132.78,103.0,221.5,12.0,183.42,2.8100000000000023,231.0,48.0,2.350887066632055,279,183.0,105.0,0.66
07:38:26,184.0,10.0,185.0,15.0,182.0,41.0,283.0,5.0,184.5,1.0,51.0,20.0,2.0466020619693395,71,31.0,-174.5,0.44
07:38:27,180.32,63.0,185.0,8.0,144.08,39.0,248.0,8.0,182.66,4.680000000000007,102.0,16.0,0.8004998438830414,118,86.0,47.0,0.73
07:38:28,183.0,10.0,185.0,6.0,180.0,24.0,342.83,6.0,184.0,2.0,34.0,12.0,0.7505464676198215,46,22.0,-72.0,0.48
07:38:29,183.0,7.0,185.0,7.0,180.0,28.0,476.57,7.0,184.0,2.0,35.0,14.0,0.7033349131505356,49,21.0,3.0,0.43
07:38:30,181.23,22.0,185.0,14.0,179.46,56.0,293.57,23.0,183.11,3.7700000000000102,78.0,37.0,0.7481844692697819,115,41.0,66.0,0.36
07:38:31,180.19,16.0,213.2,10.0,178.6,25.0,230.0,11.0,196.69,33.00999999999999,41.0,21.0,5.952761544027696,62,20.0,-53.0,0.32
07:38:32,180.94,51.0,220.0,10.0,179.6,15.0,221.0,10.0,200.47,39.06,66.0,20.0,8.265145491765576,86,46.0,24.0,0.53
07:38:33,181.0,120.0,217.1,20.0,180.0,30.0,333.76,42.0,199.05,36.099999999999994,150.0,62.0,8.430111505789885,212,88.0,126.0,0.42
07:38:34,181.0,132.0,213.64,22.0,180.0,33.0,267.74,31.0,197.32,32.639999999999986,165.0,53.0,6.989207394265062,218,112.0,6.0,0.51
07:38:35,181.0,108.0,212.67,18.0,180.0,27.0,214.33,18.0,196.83,31.669999999999987,135.0,36.0,1.6374431287980504,171,99.0,-47.0,0.58
07:38:36,181.94,191.0,211.18,34.0,180.0,51.0,212.18,34.0,196.56,29.24000000000001,242.0,68.0,1.665662030559612,310,174.0,139.0,0.56
07:38:37,182.92,142.0,207.2,20.0,180.27,33.0,209.73,22.0,195.06,24.28,175.0,42.0,1.4391421055784046,217,133.0,-93.0,0.61
07:38:38,184.22,82.0,207.05,40.0,183.67,72.0,207.81,37.0,195.63,22.830000000000013,154.0,77.0,0.9183408953373802,231,77.0,14.0,0.33
07:38:39,187.0,9.0,203.78,18.0,184.0,72.0,204.89,18.0,195.39,16.78,81.0,36.0,0.7646764021789336,117,45.0,-114.0,0.38
07:38:40,187.0,24.0,201.0,36.0,184.4,98.0,202.5,36.0,194.0,14.0,122.0,72.0,0.928477247997855,194,50.0,77.0,0.26
07:38:41,187.39,72.0,196.97,35.0,186.0,20.0,197.76,29.0,192.18,9.580000000000013,92.0,64.0,1.414521120397367,156,28.0,-38.0,0.18
07:38:42,188.0,91.0,193.75,48.0,186.0,26.0,194.66,50.0,190.88,5.75,117.0,98.0,2.0553904738639757,215,19.0,59.0,0.09
07:38:43,187.87,61.0,190.16,45.0,185.29,28.0,191.37,30.0,189.01,2.289999999999992,89.0,75.0,2.5145914181138314,164,14.0,-51.0,0.09
07:38:44,185.03,31.0,187.08,48.0,182.73,109.0,188.79,29.0,186.06,2.0500000000000114,140.0,77.0,3.046437263436268,217,63.0,53.0,0.29
07:38:45,184.0,38.0,186.52,44.0,182.0,322.0,219.49,55.0,185.26,2.5200000000000102,360.0,99.0,2.989969899523116,459,261.0,173.5,0.57
07:38:46,184.0,9.0,188.09,23.0,182.21,87.0,221.0,30.0,186.04,4.090000000000003,96.0,53.0,2.393470283929826,149,43.0,-174.5,0.29
07:38:47,182.01,208.0,186.74,23.0,181.5,12.0,188.6,20.0,184.37,4.730000000000018,220.0,43.0,1.7435796511934925,263,177.0,114.0,0.67
07:38:48,182.0,283.0,196.44,32.0,181.0,13.0,234.28,36.0,189.22,14.439999999999998,296.0,68.0,1.8301366069384009,364,228.0,101.0,0.63
07:38:49,182.03,135.0,243.0,43.0,181.91,79.0,675.13,23.0,212.51,60.97,214.0,66.0,11.897506041185773,280,148.0,-84.0,0.53
07:38:50,183.86,7.0,453.97,31.0,182.0,126.0,570.73,11.0,318.91,270.11,133.0,42.0,57.431382100729856,175,91.0,-105.0,0.52
07:38:51,182.0,85.0,291.23,22.0,181.0,5.0,364.47,17.0,236.61,109.23000000000002,90.0,39.0,54.73947551813066,129,51.0,-46.0,0.4
07:38:52,182.19,53.0,191.0,20.0,181.92,37.0,514.11,9.0,186.59,8.810000000000002,90.0,29.0,54.30107660074545,119,61.0,-10.0,0.51
07:38:53,187.71,14.0,191.0,56.0,182.64,78.0,504.0,18.0,189.36,3.289999999999992,92.0,74.0,54.275615887800164,166,18.0,47.0,0.11
07:38:54,188.0,9.0,190.62,26.0,187.0,9.0,199.67,24.0,189.31,2.6200000000000045,18.0,50.0,56.94214678074606,68,-32.0,-98.0,-0.47
07:38:55,187.73,11.0,189.11,19.0,186.73,11.0,196.09,44.0,188.42,1.3800000000000239,22.0,63.0,21.580346846147926,85,-41.0,17.0,-0.48
07:38:56,187.0,7.0,195.0,13.0,186.0,7.0,218.0,22.0,191.0,8.0,14.0,35.0,1.6085490356384413,49,-21.0,-36.0,-0.43
07:38:57,187.0,10.0,199.0,40.0,186.0,10.0,259.78,18.0,193.0,12.0,20.0,58.0,1.8127658425875977,78,-38.0,29.0,-0.49
07:38:58,188.06,17.0,199.0,44.0,186.27,11.0,348.56,18.0,193.53,10.939999999999998,28.0,62.0,2.230464077283391,90,-34.0,12.0,-0.38
07:38:59,189.0,18.0,198.89,18.0,187.0,6.0,263.58,12.0,193.94,9.889999999999986,24.0,30.0,2.2868362425086084,54,-6.0,-36.0,-0.11
07:39:00,189.0,32.0,196.71,14.0,187.35,17.0,200.0,56.0,192.86,7.710000000000008,49.0,70.0,1.1285300173456398,119,-21.0,65.0,-0.18
07:39:01,189.81,74.0,195.94,17.0,188.27,30.0,200.88,68.0,192.88,6.1299999999999955,104.0,85.0,0.4758361062906478,189,19.0,70.0,0.1
07:39:02,190.34,32.0,193.81,21.0,187.0,17.0,200.91,65.0,192.08,3.469999999999999,49.0,86.0,0.7120533688214596,135,-37.0,-54.0,-0.27
07:39:03,186.0,14.0,192.14,22.0,182.05,206.0,199.0,32.0,189.07,6.139999999999986,220.0,54.0,1.8527762951988445,274,166.0,139.0,0.61
07:39:04,185.0,6.0,190.5,12.0,182.0,102.0,193.0,22.0,187.75,5.5,108.0,34.0,2.3675873796022406,142,74.0,-132.0,0.52
07:39:05,185.0,12.0,188.17,24.0,182.0,204.0,193.0,32.0,186.58,3.1699999999999875,216.0,56.0,2.7251917363834837,272,160.0,130.0,0.59
07:39:06,182.14,107.0,186.9,20.0,181.87,91.0,193.0,31.0,184.52,4.760000000000019,198.0,51.0,2.8275696277995075,249,147.0,-23.0,0.59
07:39:07,182.0,102.0,187.0,12.0,180.0,6.0,197.0,24.0,184.5,5.0,108.0,36.0,2.005799092644994,144,72.0,-105.0,0.5
07:39:08,182.15,97.0,186.3,20.0,181.89,90.0,197.0,40.0,184.23,4.150000000000006,187.0,60.0,1.5653210533485722,247,127.0,103.0,0.51
07:39:09,182.0,180.0,184.38,26.0,180.0,12.0,223.0,37.0,183.19,2.3799999999999955,192.0,63.0,1.2310280256992663,255,129.0,8.0,0.51
07:39:10,182.0,168.0,188.0,45.0,179.71,14.0,214.0,47.0,185.0,6.0,182.0,92.0,0.6735502951207718,274,90.0,19.0,0.33
07:39:11,181.18,33.0,184.41,37.0,134.5,24.0,187.95,44.0,182.79,3.2299999999999898,57.0,81.0,0.9228055049995991,138,-24.0,-136.0,-0.17
07:39:12,181.13,55.0,183.51,49.0,179.84,25.0,186.33,60.0,182.32,2.3799999999999955,80.0,109.0,1.092625278884723,189,-29.0,51.0,-0.15
07:39:13,180.91,43.0,185.08,52.0,168.73,11.0,196.85,47.0,182.99,4.170000000000016,54.0,99.0,1.025899605252929,153,-45.0,-36.0,-0.29
07:39:17,174.16,38.0,180.63,35.0,167.14,37.0,381.11,47.0,177.39,6.469999999999999,75.0,82.0,6.861016688513905,157,-7.0,70.0,-0.04
07:39:18,179.77,43.0,183.0,46.0,177.86,42.0,403.55,38.0,181.38,3.2299999999999898,85.0,84.0,6.29080042602422,169,1.0,12.0,0.01
07:39:19,180.8,20.0,416.3,10.0,175.75,32.0,680.43,49.0,298.55,235.5,52.0,59.0,56.007975771313546,111,-7.0,-58.0,-0.06
07:39:20,182.0,16.0,426.75,8.0,181.0,16.0,650.73,37.0,304.38,244.75,32.0,45.0,68.86958711942465,77,-13.0,-34.0,-0.17
07:39:21,182.38,16.0,359.1,10.0,179.69,26.0,466.45,22.0,270.74,176.72000000000003,42.0,32.0,62.577312741919535,74,10.0,-3.0,0.14
07:39:23,189.0,14.0,457.61,23.0,182.0,7.0,585.8,15.0,323.3,268.61,21.0,38.0,33.53335309807157,59,-17.0,4.0,-0.29
07:39:24,189.0,24.0,377.56,41.0,182.0,12.0,446.36,33.0,283.28,188.56,36.0,74.0,35.65324837935457,110,-38.0,51.0,-0.35
07:39:25,182.54,13.0,197.35,17.0,179.06,49.0,239.54,41.0,189.95,14.810000000000002,62.0,58.0,64.27543831044615,120,4.0,10.0,0.03
07:39:26,186.84,31.0,196.12,16.0,181.14,14.0,250.52,21.0,191.48,9.280000000000001,45.0,37.0,77.33758368348458,82,8.0,-38.0,0.1
07:39:27,187.0,30.0,193.53,15.0,182.0,10.0,195.33,15.0,190.27,6.530000000000001,40.0,30.0,63.34422333567604,70,10.0,-12.0,0.14
07:39:28,187.0,27.0,191.88,16.0,182.96,25.0,193.0,11.0,189.44,4.8799999999999955,52.0,27.0,41.59540395284103,79,25.0,9.0,0.32
07:39:29,185.68,37.0,188.24,21.0,182.96,27.0,189.11,18.0,186.96,2.5600000000000023,64.0,39.0,1.6657580856886949,103,25.0,24.0,0.24
07:39:30,185.5,36.0,317.45,22.0,184.5,20.0,452.88,32.0,251.48,131.95,56.0,54.0,27.75095277643686,110,2.0,7.0,0.02
07:39:31,187.86,44.0,450.33,18.0,187.32,44.0,599.0,24.0,319.1,262.46999999999997,88.0,42.0,57.973519817240806,130,46.0,20.0,0.35
07:39:32,190.0,33.0,394.1,21.0,188.39,85.0,644.14,42.0,292.05,204.10000000000002,118.0,63.0,59.50355014618875,181,55.0,51.0,0.3
07:39:33,191.38,39.0,442.69,13.0,190.0,39.0,604.07,30.0,317.04,251.31,78.0,43.0,55.437114643530855,121,35.0,-60.0,0.29
07:39:34,191.0,24.0,429.25,24.0,189.0,18.0,551.22,18.0,310.12,238.25,42.0,42.0,28.08082121306228,84,0.0,-37.0,0.0
07:39:36,183.02,92.0,412.86,28.0,182.26,116.0,467.29,14.0,297.94,229.84,208.0,42.0,13.505242315484798,250,166.0,142.0,0.66
07:39:37,183.04,101.0,372.2,25.0,182.79,38.0,424.67,30.0,277.62,189.16,139.0,55.0,18.498751849786043,194,84.0,-56.0,0.43
07:39:38,183.0,96.0,278.09,34.0,182.0,8.0,378.76,29.0,230.54,95.08999999999997,104.0,63.0,36.62465453761948,167,41.0,-27.0,0.25
07:39:39,183.0,84.0,222.57,7.0,182.0,7.0,224.0,35.0,202.79,39.56999999999999,91.0,42.0,49.71144968716948,133,49.0,-34.0,0.37
07:39:40,183.62,34.0,219.86,14.0,183.0,67.0,231.52,58.0,201.74,36.24000000000001,101.0,72.0,43.83951391153867,173,29.0,40.0,0.17
07:39:41,185.2,15.0,217.38,16.0,183.07,45.0,218.91,11.0,201.29,32.18000000000001,60.0,27.0,33.05958151580266,87,33.0,-86.0,0.38
07:39:42,185.85,39.0,206.69,26.0,183.36,33.0,211.19,27.0,196.27,20.840000000000003,72.0,53.0,13.65775347559061,125,19.0,38.0,0.15
07:39:43,183.93,28.0,194.23,26.0,183.04,45.0,208.52,33.0,189.08,10.299999999999983,73.0,59.0,5.701783054449792,132,14.0,7.0,0.11
07:39:44,185.0,22.0,192.18,22.0,183.0,77.0,193.45,22.0,188.59,7.180000000000007,99.0,44.0,6.363232669014397,143,55.0,11.0,0.38
07:39:45,185.0,20.0,190.1,20.0,183.0,70.0,191.5,20.0,187.55,5.099999999999994,90.0,40.0,5.978049849241248,130,50.0,-13.0,0.38
07:39:46,186.4,30.0,204.25,24.0,183.33,42.0,316.3,27.0,195.32,17.849999999999994,72.0,51.0,4.09808125834687,123,21.0,-7.0,0.17
07:39:47,187.0,8.0,270.29,21.0,185.0,8.0,448.32,25.0,228.64,83.29000000000002,16.0,46.0,17.48695599582759,62,-30.0,-61.0,-0.48
07:39:48,187.3,10.0,224.75,24.0,185.0,10.0,432.7,40.0,206.03,37.44999999999999,20.0,64.0,17.00138317902426,84,-44.0,22.0,-0.52
07:39:50,190.58,12.0,364.86,42.0,187.0,12.0,497.2,30.0,277.72,174.28,24.0,72.0,57.551078182775896,96,-48.0,47.0,-0.5
07:39:51,182.0,168.0,324.18,38.0,112.33,36.0,440.95,44.0,253.09,142.18,204.0,82.0,49.45802796311209,286,122.0,173.5,0.43
07:39:52,182.0,135.0,233.42,36.0,141.91,35.0,251.19,48.0,207.71,51.41999999999999,170.0,84.0,53.49313198906921,254,86.0,-32.0,0.34
07:39:53,182.25,80.0,230.22,32.0,178.1,61.0,231.08,39.0,206.23,47.97,141.0,71.0,53.44668717516531,212,70.0,-42.0,0.33
07:39:54,185.83,24.0,223.5,18.0,184.0,6.0,229.2,15.0,204.67,37.66999999999999,30.0,33.0,33.592205643571496,63,-3.0,-149.0,-0.05
07:39:55,186.0,52.0,226.42,43.0,184.0,13.0,227.1,41.0,206.21,40.41999999999999,65.0,84.0,20.995145153106336,149,-19.0,86.0,-0.13
07:39:56,186.21,38.0,221.32,37.0,185.5,32.0,222.34,41.0,203.77,35.109999999999985,70.0,78.0,1.5301372487495166,148,-8.0,-1.0,-0.05
07:39:57,187.64,11.0,218.09,22.0,185.83,35.0,221.0,33.0,202.86,30.450000000000017,46.0,55.0,1.4883615152278624,101,-9.0,-47.0,-0.09
07:39:58,186.0,11.0,201.07,27.0,185.0,22.0,207.85,33.0,193.54,15.069999999999993,33.0,60.0,5.0019146334192,93,-27.0,-8.0,-0.29
07:39:59,182.38,50.0,192.3,20.0,157.9,20.0,194.0,30.0,187.34,9.920000000000016,70.0,50.0,7.98555132724194,120,20.0,27.0,0.17
07:40:00,182.0,116.0,190.62,48.0,168.46,39.0,191.53,38.0,186.31,8.620000000000005,155.0,86.0,8.287600979778055,241,69.0,121.0,0.29
07:40:01,182.0,36.0,188.45,20.0,176.0,27.0,189.55,22.0,185.22,6.449999999999989,63.0,42.0,7.346712189818013,105,21.0,-136.0,0.2
07:40:02,182.0,20.0,186.6,5.0,171.64,11.0,189.0,10.0,184.3,4.599999999999994,31.0,15.0,3.648180368351157,46,16.0,-59.0,0.35
07:40:03,182.0,36.0,183.76,17.0,170.0,18.0,186.6,10.0,182.88,1.759999999999991,54.0,27.0,1.7323394586581748,81,27.0,35.0,0.33
07:40:04,182.0,35.0,183.0,18.0,138.67,18.0,289.36,11.0,182.5,1.0,53.0,29.0,1.5910751082286054,82,24.0,1.0,0.29
07:40:06,156.1,29.0,271.24,41.0,73.63,59.0,411.84,38.0,213.67,115.14000000000001,88.0,79.0,19.16571078775886,167,9.0,83.0,0.05
07:40:07,162.8,35.0,264.77,39.0,88.76,50.0,342.4,40.0,213.78,101.96999999999997,85.0,79.0,18.79292606275066,164,6.0,-3.0,0.04
07:40:08,167.0,80.0,177.68,50.0,140.8,30.0,199.92,52.0,172.34,10.680000000000007,110.0,102.0,21.935148734394623,212,8.0,48.0,0.04
07:40:12,166.4,25.0,178.0,25.0,158.05,38.0,180.0,25.0,172.2,11.599999999999994,63.0,50.0,13.726772381009193,113,13.0,-77.0,0.12
07:40:13,167.86,35.0,178.0,35.0,154.0,56.0,180.0,35.0,172.93,10.139999999999986,91.0,70.0,13.83594160149705,161,21.0,48.0,0.13
07:40:14,169.71,38.0,178.62,29.0,155.42,53.0,239.5,32.0,174.17,8.909999999999997,91.0,61.0,14.735506438532607,152,30.0,-9.0,0.2
07:40:15,173.0,16.0,180.0,6.0,169.0,10.0,289.0,8.0,176.5,7.0,26.0,14.0,6.223859734925868,40,12.0,-112.0,0.3
07:40:16,177.57,58.0,225.0,50.0,142.75,80.0,253.0,32.0,201.28,47.43000000000001,138.0,82.0,12.330824384445128,220,56.0,173.5,0.25
07:40:17,187.88,17.0,238.0,20.0,185.0,9.0,291.0,10.0,212.94,50.120000000000005,26.0,30.0,18.357800249485813,56,-4.0,-164.0,-0.07
07:40:18,188.48,58.0,237.88,32.0,187.62,16.0,418.4,25.0,213.18,49.400000000000006,74.0,57.0,19.144505216902747,131,17.0,75.0,0.13
07:40:19,190.19,59.0,236.4,40.0,189.04,98.0,523.7,23.0,213.29,46.21000000000001,157.0,63.0,15.910446882473511,220,94.0,89.0,0.43
07:40:20,191.0,30.0,235.17,24.0,190.0,18.0,493.14,28.0,213.08,44.16999999999999,48.0,52.0,5.297695725502364,100,-4.0,-120.0,-0.04
07:40:21,189.6,35.0,235.0,32.0,188.98,99.0,566.54,26.0,212.3,45.400000000000006,134.0,58.0,0.3897691624596685,192,76.0,92.0,0.4
07:40:22,189.0,179.0,233.23,26.0,186.44,85.0,235.0,52.0,211.12,44.22999999999999,264.0,78.0,0.9114713380050743,342,186.0,150.0,0.54
07:40:23,189.94,35.0,232.48,29.0,188.73,83.0,234.65,34.0,211.21,42.53999999999999,118.0,63.0,1.014765982877343,181,55.0,-161.0,0.3
07:40:24,191.1,30.0,219.8,30.0,189.0,80.0,226.22,36.0,205.45,28.700000000000017,110.0,66.0,3.0083334256704606,176,44.0,-5.0,0.25
07:40:25,192.0,36.0,214.36,44.0,189.0,96.0,216.29,34.0,203.18,22.360000000000014,132.0,78.0,4.0662599523404195,210,54.0,34.0,0.26
07:40:26,190.6,45.0,208.39,36.0,188.32,97.0,209.7,40.0,199.49,17.789999999999992,142.0,76.0,5.097867201095891,218,66.0,8.0,0.3
07:40:27,189.0,62.0,203.11,18.0,187.0,99.0,206.0,36.0,196.06,14.110000000000014,161.0,54.0,5.785591586001502,215,107.0,-3.0,0.5
07:40:28,189.0,30.0,199.29,14.0,187.0,55.0,201.25,16.0,194.14,10.289999999999992,85.0,30.0,4.726883751480862,115,55.0,-100.0,0.48
07:40:29,188.64,61.0,192.72,36.0,186.93,107.0,194.53,34.0,190.68,4.0800000000000125,168.0,70.0,4.8212446525783985,238,98.0,123.0,0.41
07:40:30,187.0,87.0,189.92,24.0,186.0,72.0,191.6,30.0,188.46,2.9199999999999875,159.0,54.0,4.354409259591663,213,105.0,-25.0,0.49
07:40:31,187.0,57.0,188.14,28.0,186.0,56.0,249.25,16.0,187.57,1.1399999999999864,113.0,44.0,3.6418566693403958,157,69.0,-56.0,0.44
07:40:32,187.0,37.0,188.0,28.0,186.0,56.0,492.79,33.0,187.5,1.0,93.0,61.0,2.809982206352952,154,32.0,-3.0,0.21
07:40:39,185.38,55.0,295.55,22.0,183.28,58.0,406.5,36.0,240.46,110.17000000000002,113.0,58.0,61.24180737045515,171,55.0,81.0,0.32
07:40:40,186.11,45.0,221.44,18.0,184.86,42.0,568.56,18.0,203.78,35.329999999999984,87.0,36.0,64.14312839268092,123,51.0,-48.0,0.41
07:40:41,186.43,46.0,223.5,32.0,185.08,78.0,352.67,30.0,204.97,37.06999999999999,124.0,62.0,68.90598123530323,186,62.0,63.0,0.33
07:40:42,184.97,31.0,216.3,20.0,182.59,37.0,316.5,20.0,200.63,31.330000000000013,68.0,40.0,58.78521608363767,108,28.0,-78.0,0.26
07:40:43,185.0,15.0,201.54,26.0,184.0,12.0,205.81,32.0,193.27,16.539999999999992,27.0,58.0,18.371147759461948,85,-31.0,-23.0,-0.36
07:40:44,186.36,22.0,198.85,26.0,184.42,12.0,200.47,34.0,192.6,12.48999999999998,34.0,60.0,5.807895488039313,94,-26.0,9.0,-0.28
07:40:45,186.94,31.0,194.18,38.0,184.92,13.0,196.44,27.0,190.56,7.240000000000009,44.0,65.0,6.117191348976127,109,-21.0,15.0,-0.19
07:40:46,186.25,12.0,191.96,25.0,184.0,12.0,193.11,35.0,189.11,5.710000000000008,24.0,60.0,4.451452571912849,84,-36.0,-25.0,-0.43
07:40:47,186.18,11.0,188.59,22.0,182.46,35.0,189.4,30.0,187.39,2.4099999999999966,46.0,52.0,2.4317545106343625,98,-6.0,14.0,-0.06
07:40:48,183.65,23.0,186.97,37.0,177.43,49.0,188.39,23.0,185.31,3.319999999999993,72.0,60.0,2.8113039679108245,132,12.0,34.0,0.09
07:40:49,182.74,97.0,186.18,33.0,164.05,42.0,189.0,33.0,184.46,3.4399999999999977,139.0,66.0,2.545374235744461,205,73.0,73.0,0.36
07:40:50,184.0,102.0,185.0,27.0,182.0,54.0,195.26,23.0,184.5,1.0,156.0,50.0,2.0361311352641547,206,106.0,1.0,0.51
07:40:51,183.12,49.0,185.0,30.0,181.06,17.0,256.2,10.0,184.06,1.8799999999999955,66.0,40.0,1.335076776815627,106,26.0,-100.0,0.25
07:40:52,184.0,72.0,185.0,20.0,182.12,32.0,452.44,16.0,184.5,1.0,104.0,36.0,0.45538994278815076,140,68.0,34.0,0.49
07:40:53,182.0,98.0,404.07,41.0,177.62,32.0,639.97,32.0,293.04,222.07,130.0,73.0,48.5945832372291,203,57.0,63.0,0.28
07:40:54,183.55,29.0,266.3,33.0,182.2,61.0,291.29,35.0,224.93,82.75,90.0,68.0,47.44332914119735,158,22.0,-45.0,0.14
07:40:55,185.0,12.0,259.64,22.0,184.0,36.0,262.83,30.0,222.32,74.63999999999999,48.0,52.0,44.443216580260966,100,-4.0,-58.0,-0.04
07:40:56,181.05,66.0,197.16,57.0,176.56,71.0,204.88,51.0,189.1,16.109999999999985,137.0,108.0,43.41947282038306,245,29.0,145.0,0.12
07:40:57,176.0,90.0,193.38,21.0,160.0,11.0,195.74,39.0,184.69,17.379999999999995,101.0,60.0,43.37766049477523,161,41.0,-84.0,0.25
07:40:58,176.0,82.0,190.33,27.0,157.24,49.0,192.0,9.0,183.17,14.330000000000013,131.0,36.0,20.932017819598528,167,95.0,6.0,0.57
07:40:59,176.0,112.0,187.97,32.0,162.0,126.0,189.14,22.0,181.98,11.969999999999999,238.0,54.0,17.02351520691285,292,184.0,125.0,0.63
07:41:00,176.0,96.0,203.33,21.0,159.0,12.0,203.42,12.0,189.67,27.330000000000013,108.0,33.0,3.48489167693849,141,75.0,-151.0,0.53
07:41:01,182.11,18.0,327.07,45.0,182.01,67.0,459.47,19.0,254.59,144.95999999999998,85.0,64.0,31.31365676506005,149,21.0,8.0,0.14
07:41:02,186.43,40.0,384.44,25.0,183.56,50.0,507.58,64.0,285.43,198.01,90.0,89.0,47.94295068099151,179,1.0,30.0,0.01
07:41:03,186.0,36.0,411.18,33.0,182.0,36.0,439.81,27.0,298.59,225.18,72.0,60.0,53.823593525516074,132,12.0,-47.0,0.09
07:41:04,186.0,39.0,425.97,31.0,182.0,32.0,556.84,19.0,305.98,239.97000000000003,71.0,50.0,47.41007508958373,121,21.0,-11.0,0.17
07:41:05,186.0,25.0,290.0,10.0,182.0,20.0,576.2,10.0,238.0,104.0,45.0,20.0,29.150814225334475,65,25.0,-56.0,0.38
07:41:06,186.0,69.0,208.47,34.0,182.0,68.0,331.52,46.0,197.24,22.47,137.0,80.0,46.22077314368471,217,57.0,152.0,0.26
07:41:07,186.0,24.0,203.15,13.0,182.0,44.0,301.65,31.0,194.58,17.150000000000006,68.0,44.0,53.49067227096675,112,24.0,-105.0,0.21
07:41:08,186.0,18.0,201.0,9.0,183.4,45.0,347.97,33.0,193.5,15.0,63.0,42.0,48.505943965662375,105,21.0,-7.0,0.2
07:41:09,184.67,21.0,305.72,36.0,183.92,53.0,336.38,32.0,245.19,121.05000000000004,74.0,68.0,25.625456483738606,142,6.0,37.0,0.04
07:41:10,182.0,63.0,339.67,24.0,176.0,36.0,419.98,42.0,260.83,157.67000000000002,99.0,66.0,32.22215805932277,165,33.0,23.0,0.2
07:41:11,182.19,80.0,326.47,17.0,178.57,63.0,444.86,56.0,254.33,144.28000000000003,143.0,73.0,33.013282629874546,216,70.0,51.0,0.32
07:41:12,183.0,60.0,268.36,14.0,182.0,108.0,346.84,38.0,225.68,85.36000000000001,168.0,52.0,27.155488027284182,220,116.0,4.0,0.53
07:41:13,183.33,45.0,372.78,45.0,182.0,81.0,513.17,23.0,278.06,189.44999999999996,126.0,68.0,19.353903223896964,194,58.0,-26.0,0.3
07:41:14,185.11,19.0,289.0,55.0,182.0,99.0,461.91,33.0,237.05,103.88999999999999,118.0,88.0,20.466349210349406,206,30.0,12.0,0.15
07:41:15,186.74,19.0,288.69,29.0,182.17,47.0,452.36,42.0,237.71,101.94999999999999,66.0,71.0,20.355341559403307,137,-5.0,-69.0,-0.04
07:41:16,187.0,63.0,286.33,27.0,186.0,9.0,303.67,45.0,236.67,99.32999999999998,72.0,72.0,20.20294359740611,144,0.0,7.0,0.0
07:41:17,187.18,51.0,246.79,28.0,186.78,27.0,331.85,39.0,216.98,59.609999999999985,78.0,67.0,22.33353599410477,145,11.0,1.0,0.08
07:41:18,187.64,39.0,227.21,42.0,186.98,86.0,421.0,70.0,207.43,39.57000000000002,125.0,112.0,14.07533019150804,237,13.0,92.0,0.05
07:41:19,187.21,70.0,217.46,39.0,186.79,38.0,318.08,39.0,202.34,30.25,108.0,78.0,16.357555746503813,186,30.0,-51.0,0.16
07:41:20,189.1,97.0,196.25,20.0,187.62,63.0,197.87,45.0,192.68,7.150000000000006,160.0,65.0,16.71698387867809,225,95.0,39.0,0.42
07:41:21,190.39,46.0,193.67,18.0,189.41,51.0,194.48,21.0,192.03,3.280000000000001,97.0,39.0,10.486156111749745,136,58.0,-89.0,0.43
07:41:22,190.33,21.0,193.15,39.0,189.62,53.0,315.64,42.0,191.74,2.819999999999993,74.0,81.0,7.211687042571131,155,-7.0,19.0,-0.05
07:41:23,188.64,22.0,191.88,48.0,187.59,58.0,271.53,53.0,190.26,3.240000000000009,80.0,101.0,4.850092782616583,181,-21.0,26.0,-0.12
07:41:24,187.0,44.0,188.89,27.0,186.0,12.0,205.33,36.0,187.94,1.8899999999999864,56.0,63.0,1.8919302312691955,119,-7.0,-62.0,-0.06
07:41:25,186.2,10.0,187.55,22.0,184.06,33.0,189.18,22.0,186.87,1.3500000000000227,43.0,44.0,2.2906047236462777,87,-1.0,-32.0,-0.01
07:41:26,185.02,43.0,187.39,31.0,183.36,33.0,467.38,53.0,186.21,2.369999999999976,76.0,84.0,2.332151367298226,160,-8.0,73.0,-0.05
07:41:27,184.1,41.0,186.67,24.0,182.12,41.0,334.92,52.0,185.38,2.569999999999993,82.0,76.0,1.8858340329921375,158,6.0,-2.0,0.04
07:41:28,184.0,38.0,193.07,30.0,182.0,56.0,221.64,58.0,188.53,9.069999999999993,94.0,88.0,1.2736679316020814,182,6.0,24.0,0.03
07:41:29,184.91,11.0,238.85,39.0,183.75,32.0,338.2,40.0,211.88,53.94,43.0,79.0,11.2989526063255,122,-36.0,-60.0,-0.3
07:41:30,184.33,67.0,275.19,26.0,183.43,84.0,341.69,29.0,229.76,90.85999999999999,151.0,55.0,19.758807403281875,206,96.0,84.0,0.47
07:41:31,185.75,60.0,249.79,33.0,184.0,60.0,358.56,27.0,217.77,64.03999999999999,120.0,60.0,19.143051742080843,180,60.0,-26.0,0.33
07:41:32,188.53,57.0,256.17,58.0,186.98,60.0,487.78,23.0,222.35,67.64000000000001,117.0,81.0,15.696428574678432,198,36.0,18.0,0.18
07:41:33,188.0,46.0,401.0,22.0,186.74,31.0,531.0,44.0,294.5,213.0,77.0,66.0,33.75951673232267,143,11.0,-55.0,0.08
07:41:34,184.0,20.0,343.6,20.0,182.0,24.0,421.5,24.0,263.8,159.60000000000002,44.0,44.0,32.74301650734049,88,0.0,-55.0,0.0
07:41:35,184.0,24.0,328.75,32.0,182.0,32.0,387.15,26.0,256.38,144.75,56.0,58.0,31.662603335796163,114,-2.0,26.0,-0.02
07:41:36,184.0,42.0,313.36,44.0,182.0,56.0,352.15,26.0,248.68,129.36,98.0,70.0,26.089358366965815,168,28.0,54.0,0.17
07:41:37,184.0,30.0,299.3,40.0,182.0,40.0,471.58,19.0,241.65,115.30000000000001,70.0,59.0,20.479497552429553,129,11.0,-39.0,0.09
07:41:38,183.29,28.0,287.42,38.0,181.9,42.0,376.5,24.0,235.35,104.13000000000002,70.0,62.0,11.333621221832498,132,8.0,3.0,0.06
07:41:39,183.0,20.0,288.05,38.0,182.0,40.0,343.39,18.0,235.53,105.05000000000001,60.0,56.0,9.028996068222297,116,4.0,-16.0,0.03
07:41:40,183.0,12.0,238.27,22.0,182.0,24.0,252.33,18.0,210.64,55.27000000000001,36.0,40.0,14.345673563830198,76,-4.0,-40.0,-0.05
07:41:41,185.4,10.0,237.56,36.0,182.8,20.0,239.0,27.0,211.48,52.16,30.0,63.0,14.710552334972967,93,-33.0,17.0,-0.35
07:41:42,186.0,15.0,234.73,60.0,183.0,30.0,236.07,60.0,210.37,48.72999999999999,45.0,120.0,13.485815881880486,165,-75.0,72.0,-0.45
07:41:43,180.85,34.0,233.0,56.0,178.68,25.0,234.0,56.0,206.93,52.150000000000006,59.0,112.0,11.612947515595739,171,-53.0,6.0,-0.31
07:41:44,179.67,21.0,232.2,40.0,178.18,11.0,234.0,40.0,205.93,52.53,32.0,80.0,2.469929148777896,112,-48.0,-59.0,-0.43
07:41:45,180.0,22.0,203.98,41.0,178.0,11.0,211.0,35.0,191.99,23.97999999999999,33.0,76.0,7.811837171881114,109,-43.0,-3.0,-0.39
07:41:46,180.0,12.0,189.67,24.0,178.0,6.0,192.0,24.0,184.83,9.669999999999987,18.0,48.0,11.01153032053151,66,-30.0,-43.0,-0.45
07:41:47,183.26,57.0,208.89,38.0,183.6,35.0,241.56,36.0,196.08,25.629999999999995,92.0,74.0,9.384690724791385,166,18.0,100.0,0.11
07:41:49,189.2,20.0,293.44,27.0,186.23,26.0,439.0,36.0,241.32,104.24000000000001,46.0,63.0,70.5091048730586,109,-17.0,1.0,-0.16
07:41:50,190.0,44.0,290.3,40.0,189.0,22.0,292.35,37.0,240.15,100.30000000000001,66.0,77.0,66.6043478310536,143,-11.0,34.0,-0.08
07:41:51,190.0,52.0,285.68,56.0,189.0,26.0,287.71,35.0,237.84,95.68,78.0,91.0,58.763719419383015,169,-13.0,26.0,-0.08
07:41:52,190.51,41.0,278.98,51.0,189.74,38.0,282.85,33.0,234.75,88.47000000000003,79.0,84.0,51.35893719694724,163,-5.0,-6.0,-0.03
07:41:53,191.0,48.0,239.66,47.0,190.0,64.0,250.34,65.0,215.33,48.66,112.0,112.0,10.667795929805477,224,0.0,61.0,0.0
07:41:54,190.38,16.0,235.86,35.0,189.44,18.0,236.71,17.0,213.12,45.48000000000002,34.0,52.0,12.95830505891783,86,-18.0,-138.0,-0.21
07:41:55,189.15,26.0,233.03,38.0,186.91,33.0,234.88,56.0,211.09,43.879999999999995,59.0,94.0,12.795820802120376,153,-35.0,67.0,-0.23
07:41:56,186.27,89.0,231.08,65.0,184.53,49.0,231.66,41.0,208.67,44.81,138.0,106.0,10.444980612714307,244,32.0,91.0,0.13
07:41:57,186.0,108.0,227.0,60.0,179.6,15.0,228.5,60.0,206.5,41.0,123.0,120.0,3.496908634777114,243,3.0,-1.0,0.01
07:41:58,186.0,45.0,226.0,25.0,181.0,8.0,228.0,25.0,206.0,40.0,53.0,50.0,3.027892005996751,103,3.0,-140.0,0.03
07:41:59,186.0,105.0,224.1,48.0,182.04,26.0,225.47,51.0,205.05,38.099999999999994,131.0,99.0,2.4239575078741296,230,32.0,127.0,0.14
07:42:00,186.0,116.0,220.56,90.0,183.0,54.0,222.28,90.0,203.28,34.56,170.0,180.0,1.9767270929442262,350,-10.0,120.0,-0.03
07:42:01,186.0,69.0,217.19,43.0,183.0,33.0,218.59,34.0,201.59,31.189999999999998,102.0,77.0,2.031484678746085,179,25.0,-171.0,0.14
07:42:02,186.0,92.0,214.56,39.0,183.0,36.0,215.52,54.0,200.28,28.560000000000002,128.0,93.0,2.3653435268434886,221,35.0,42.0,0.16
07:42:03,186.0,38.0,209.97,35.0,183.62,26.0,210.47,38.0,197.99,23.97,64.0,73.0,2.715339757743174,137,-9.0,-84.0,-0.07
07:42:04,186.0,33.0,205.36,22.0,185.0,22.0,206.73,22.0,195.68,19.360000000000014,55.0,44.0,2.991192070058549,99,11.0,-38.0,0.11
07:42:05,186.2,56.0,200.62,56.0,185.09,33.0,201.38,50.0,193.41,14.420000000000016,89.0,106.0,3.3285357140913434,195,-17.0,96.0,-0.09
07:42:06,187.0,151.0,192.5,50.0,186.0,29.0,193.1,41.0,189.75,5.5,180.0,91.0,4.076796536495538,271,89.0,76.0,0.33
07:42:07,187.66,71.0,190.0,22.0,186.9,20.0,191.59,34.0,188.83,2.3400000000000034,91.0,56.0,3.876689309189278,147,35.0,-124.0,0.24
07:42:08,188.8,30.0,190.0,20.0,187.0,20.0,192.0,50.0,189.4,1.1999999999999886,50.0,70.0,2.986842814743148,120,-20.0,-27.0,-0.17
07:42:09,186.09,11.0,191.0,35.0,184.33,18.0,423.66,32.0,188.55,4.909999999999997,29.0,67.0,1.969852786373384,96,-38.0,-24.0,-0.4
07:42:10,182.0,13.0,189.62,40.0,181.0,48.0,276.5,40.0,185.81,7.6200000000000045,61.0,80.0,1.5584351125354012,141,-19.0,45.0,-0.13
07:42:11,184.35,17.0,204.11,45.0,181.05,44.0,346.82,44.0,194.23,19.76000000000002,61.0,89.0,3.0519633025288906,150,-28.0,9.0,-0.19
07:42:12,184.64,39.0,338.35,49.0,180.88,65.0,466.13,47.0,261.49,153.71000000000004,104.0,96.0,32.338976174269675,200,8.0,50.0,0.04
07:42:13,186.28,57.0,326.77,35.0,184.42,79.0,338.1,29.0,256.53,140.48999999999998,136.0,64.0,38.21699255566796,200,72.0,0.0,0.36
07:42:14,188.0,26.0,333.41,37.0,186.0,117.0,336.43,35.0,260.7,145.41000000000003,143.0,72.0,38.25850389129165,215,71.0,15.0,0.33
07:42:15,188.0,22.0,293.48,21.0,186.0,99.0,309.67,27.0,240.74,105.48000000000002,121.0,48.0,28.379166125874416,169,73.0,-46.0,0.43
07:42:16,188.0,24.0,261.35,20.0,186.0,108.0,291.18,28.0,224.68,73.35000000000002,132.0,48.0,15.883427526827358,180,84.0,11.0,0.47
07:42:17,186.13,60.0,257.43,14.0,181.65,138.0,258.96,26.0,221.78,71.30000000000001,198.0,40.0,17.783590188709855,238,158.0,58.0,0.66
07:42:18,186.05,59.0,222.12,33.0,181.74,141.0,225.14,21.0,204.09,36.06999999999999,200.0,54.0,21.355587559230916,254,146.0,16.0,0.57
07:42:19,186.1,40.0,187.96,23.0,182.43,105.0,283.4,20.0,187.03,1.8600000000000136,145.0,43.0,20.623790388771404,188,102.0,-66.0,0.54
07:42:20,186.0,49.0,187.05,40.0,182.74,114.0,298.13,30.0,186.53,1.0500000000000114,163.0,70.0,18.25925984261083,233,93.0,45.0,0.4
07:42:21,183.0,99.0,185.6,20.0,181.0,173.0,332.41,17.0,184.3,2.5999999999999943,272.0,37.0,16.080311875084423,309,235.0,76.0,0.76
07:42:22,183.07,60.0,184.82,22.0,181.15,165.0,262.71,14.0,183.94,1.75,225.0,36.0,8.444303997368978,261,189.0,-48.0,0.72
07:42:23,181.26,91.0,183.88,16.0,180.47,62.0,335.0,26.0,182.57,2.6200000000000045,153.0,42.0,1.8641968780099432,195,111.0,-66.0,0.57
07:42:24,181.0,98.0,405.12,25.0,178.0,24.0,495.45,31.0,293.06,224.12,122.0,56.0,48.64409265265393,178,66.0,-17.0,0.37
07:42:26,182.0,14.0,261.4,58.0,181.0,154.0,388.94,54.0,221.7,79.39999999999998,168.0,112.0,76.87912772658113,280,56.0,95.0,0.2
07:42:27,183.06,69.0,191.57,47.0,181.89,158.0,223.2,30.0,187.32,8.509999999999991,227.0,77.0,76.18404045467774,304,150.0,24.0,0.49
07:42:28,183.0,23.0,190.05,56.0,180.98,136.0,191.0,45.0,186.53,7.050000000000011,159.0,101.0,75.33768897437706,260,58.0,-44.0,0.22
07:42:29,181.0,121.0,187.33,24.0,178.0,12.0,189.0,60.0,184.17,6.3300000000000125,133.0,84.0,75.41353214112156,217,49.0,-43.0,0.23
07:42:30,181.57,70.0,186.36,55.0,180.36,33.0,188.56,64.0,183.97,4.7900000000000205,103.0,119.0,16.255613491959583,222,-16.0,5.0,-0.07
07:42:31,181.0,91.0,184.42,60.0,177.92,12.0,185.33,54.0,182.71,3.4199999999999875,103.0,114.0,1.9169767864996656,217,-11.0,-5.0,-0.05
07:42:32,181.0,126.0,182.11,45.0,176.78,9.0,419.85,33.0,181.56,1.1100000000000136,135.0,78.0,1.859010489475139,213,57.0,-4.0,0.27
07:42:33,181.0,39.0,182.0,61.0,175.0,13.0,367.67,54.0,181.5,1.0,52.0,115.0,1.2727804209598088,167,-63.0,-46.0,-0.38
07:42:34,181.0,36.0,182.0,36.0,175.0,12.0,300.38,52.0,181.5,1.0,48.0,88.0,1.0921401008930316,136,-40.0,-31.0,-0.29
07:42:35,181.0,28.0,198.28,43.0,175.0,11.0,242.0,50.0,189.64,17.28,39.0,93.0,3.5361589330767624,132,-54.0,-4.0,-0.41
07:42:36,181.0,8.0,210.0,40.0,175.0,8.0,400.71,28.0,195.5,29.0,16.0,68.0,6.397171249855561,84,-52.0,-48.0,-0.62
07:42:37,184.65,26.0,276.23,43.0,179.5,22.0,401.45,31.0,230.44,91.58000000000001,48.0,74.0,20.291068971347432,122,-26.0,38.0,-0.21
07:42:39,179.38,34.0,455.71,28.0,169.57,21.0,529.39,23.0,317.55,276.33,55.0,51.0,76.91375221636231,106,4.0,24.0,0.04
07:42:40,173.55,33.0,321.57,14.0,165.64,25.0,511.26,19.0,247.56,148.01999999999998,58.0,33.0,67.66223998656842,91,25.0,-15.0,0.27
07:42:41,180.89,35.0,271.46,37.0,175.81,43.0,485.57,23.0,226.17,90.57,78.0,60.0,60.124765030725726,138,18.0,47.0,0.13
07:42:42,187.21,14.0,323.83,41.0,186.09,33.0,350.55,33.0,255.52,136.61999999999998,47.0,74.0,56.21866033622625,121,-27.0,-17.0,-0.22
07:42:43,188.62,16.0,342.0,30.0,186.08,26.0,357.0,20.0,265.31,153.38,42.0,50.0,34.022643489299554,92,-8.0,-29.0,-0.09
07:42:44,187.39,23.0,387.44,27.0,185.71,17.0,449.27,30.0,287.42,200.05,40.0,57.0,22.55216907527914,97,-17.0,5.0,-0.18
07:42:45,186.0,27.0,289.55,42.0,185.0,9.0,589.9,21.0,237.77,103.55000000000001,36.0,63.0,23.896053439846014,99,-27.0,2.0,-0.27
07:42:46,186.0,24.0,302.21,33.0,185.0,8.0,492.2,25.0,244.11,116.20999999999998,32.0,58.0,19.540371797895162,90,-26.0,-9.0,-0.29
07:42:47,181.04,107.0,282.67,48.0,179.0,60.0,285.0,60.0,231.85,101.63000000000002,167.0,108.0,22.880961955301963,275,59.0,173.5,0.21
07:42:48,187.17,12.0,280.5,40.0,181.42,38.0,315.4,50.0,233.83,93.33000000000001,50.0,90.0,23.077547096690648,140,-40.0,-135.0,-0.29
07:42:49,188.0,8.0,278.62,32.0,183.0,29.0,510.41,34.0,233.31,90.62,37.0,66.0,4.947755046480496,103,-29.0,-37.0,-0.28
07:42:50,182.44,39.0,237.09,44.0,181.44,41.0,477.56,36.0,209.76,54.650000000000006,80.0,80.0,12.611118903569679,160,0.0,57.0,0.0
07:42:51,181.0,187.0,320.59,37.0,177.0,33.0,616.85,26.0,250.8,139.58999999999997,220.0,63.0,14.603977198009197,283,157.0,123.0,0.55
07:42:52,181.65,71.0,328.27,33.0,180.45,53.0,329.27,33.0,254.96,146.61999999999998,124.0,66.0,17.87168906399093,190,58.0,-93.0,0.31
07:42:53,185.98,56.0,290.21,42.0,183.92,24.0,328.5,36.0,238.1,104.22999999999999,80.0,78.0,17.812217155648344,158,2.0,-32.0,0.01
07:42:54,187.0,58.0,222.33,36.0,183.0,12.0,248.23,52.0,204.67,35.33000000000001,70.0,88.0,23.231300437125178,158,-18.0,0.0,-0.11
07:42:55,186.9,42.0,221.0,42.0,184.38,16.0,269.0,42.0,203.95,34.099999999999994,58.0,84.0,24.699356874217845,142,-26.0,-16.0,-0.18
07:42:56,186.32,50.0,219.0,45.0,185.73,33.0,262.53,45.0,202.66,32.68000000000001,83.0,90.0,24.183318010561955,173,-7.0,31.0,-0.04
07:42:57,186.0,20.0,217.0,15.0,185.0,5.0,219.0,15.0,201.5,31.0,25.0,30.0,15.657203773342403,55,-5.0,-118.0,-0.09
07:42:58,186.0,28.0,214.86,21.0,185.0,7.0,217.29,21.0,200.43,28.860000000000014,35.0,42.0,1.7335714579923764,77,-7.0,22.0,-0.09
07:42:59,186.0,44.0,212.21,39.0,185.0,11.0,213.86,35.0,199.1,26.210000000000008,55.0,74.0,1.8873976793367029,129,-19.0,52.0,-0.15
07:43:00,186.0,41.0,202.41,34.0,185.0,11.0,210.2,30.0,194.21,16.409999999999997,52.0,64.0,3.277293090336166,116,-12.0,-13.0,-0.1
07:43:01,186.0,36.0,201.7,50.0,185.0,12.0,206.57,46.0,193.85,15.699999999999989,48.0,96.0,3.563210630872793,144,-48.0,28.0,-0.33
07:43:02,186.08,39.0,199.2,45.0,184.45,29.0,200.96,55.0,192.64,13.119999999999976,68.0,100.0,3.4763673568776676,168,-32.0,24.0,-0.19
07:43:03,183.36,56.0,195.92,36.0,182.21,163.0,197.0,39.0,189.64,12.559999999999974,219.0,75.0,3.423195875196792,294,144.0,126.0,0.49
07:43:04,184.46,52.0,194.18,33.0,183.0,143.0,195.35,34.0,189.32,9.719999999999999,195.0,67.0,2.3154416425304416,262,128.0,-32.0,0.49
07:43:05,185.0,48.0,191.42,36.0,183.0,96.0,192.42,36.0,188.21,6.4199999999999875,144.0,72.0,2.3931715358418852,216,72.0,-46.0,0.33
07:43:06,185.0,52.0,187.69,39.0,183.0,112.0,188.86,42.0,186.35,2.6899999999999977,164.0,81.0,2.2988627623160798,245,83.0,29.0,0.34
07:43:07,183.0,102.0,186.67,15.0,181.0,208.0,198.67,61.0,184.83,3.6699999999999875,310.0,76.0,2.04346519421378,386,234.0,141.0,0.61
07:43:08,183.0,47.0,185.6,5.0,181.0,80.0,200.0,25.0,184.3,2.5999999999999943,127.0,30.0,2.1491789129718657,157,97.0,-174.5,0.62
07:43:09,183.0,56.0,266.12,16.0,181.0,122.0,357.86,28.0,224.56,83.12,178.0,44.0,17.34594044726213,222,134.0,65.0,0.6
07:43:10,183.84,57.0,380.81,42.0,181.55,101.0,498.97,37.0,282.33,196.97,158.0,79.0,42.621474986208156,237,79.0,15.0,0.33
07:43:11,185.0,28.0,415.29,21.0,183.82,22.0,431.18,22.0,300.14,230.29000000000002,50.0,43.0,54.0360802612474,93,7.0,-144.0,0.08
07:43:12,186.38,42.0,413.18,33.0,184.67,30.0,465.0,22.0,299.78,226.8,72.0,55.0,51.6308388465651,127,17.0,34.0,0.13
07:43:13,187.0,40.0,252.27,33.0,186.0,20.0,306.88,34.0,219.64,65.27000000000001,60.0,67.0,40.11639191153633,127,-7.0,0.0,-0.06
07:43:14,186.0,8.0,225.0,24.0,184.0,24.0,437.7,20.0,205.5,39.0,32.0,44.0,45.49877492856238,76,-12.0,-51.0,-0.16
07:43:15,182.39,44.0,224.38,24.0,181.65,74.0,536.57,14.0,203.38,41.99000000000001,118.0,38.0,49.93622252433571,156,80.0,80.0,0.51
07:43:16,182.1,40.0,224.0,24.0,181.44,91.0,289.0,20.0,203.05,41.900000000000006,131.0,44.0,41.659903984526515,175,87.0,19.0,0.5
07:43:17,182.0,39.0,204.53,19.0,181.0,98.0,223.5,20.0,193.26,22.53,137.0,39.0,9.471382158901843,176,98.0,1.0,0.56
07:43:18,182.0,50.0,191.84,19.0,181.0,133.0,193.18,17.0,186.92,9.840000000000003,183.0,36.0,7.984993425167148,219,147.0,43.0,0.67
07:43:19,182.0,45.0,189.44,18.0,181.0,161.0,191.0,9.0,185.72,7.439999999999998,206.0,27.0,8.485775156104568,233,179.0,14.0,0.77
07:43:20,181.32,124.0,188.32,31.0,180.75,192.0,189.53,19.0,184.82,7.0,316.0,50.0,7.627658880676337,366,266.0,133.0,0.73
07:43:21,181.0,126.0,186.44,16.0,179.0,36.0,188.1,10.0,183.72,5.439999999999998,162.0,26.0,3.751015862397766,188,136.0,-174.5,0.72
07:43:22,181.73,137.0,185.19,26.0,180.91,129.0,204.79,33.0,183.46,3.460000000000008,266.0,59.0,1.433638727141287,325,207.0,137.0,0.64
07:43:23,184.62,13.0,187.54,26.0,183.0,78.0,262.0,26.0,186.08,2.9199999999999875,91.0,52.0,1.166104626506249,143,39.0,-174.5,0.27
07:43:24,183.0,27.0,186.0,18.0,182.0,9.0,269.33,18.0,184.5,3.0,36.0,36.0,1.0353163767463636,72,0.0,-71.0,0.0
07:43:25,184.56,27.0,226.62,16.0,181.22,27.0,476.57,14.0,205.59,42.06,54.0,30.0,9.513542978299949,84,24.0,12.0,0.29
07:43:27,183.0,88.0,289.22,36.0,181.0,77.0,387.16,38.0,236.11,106.22000000000003,165.0,74.0,58.509434538371416,239,91.0,18.0,0.38
07:43:28,184.55,110.0,277.07,27.0,182.09,110.0,335.92,39.0,230.81,92.51999999999998,220.0,66.0,53.819780006982306,286,154.0,47.0,0.54
07:43:29,186.8,90.0,241.53,17.0,185.29,84.0,256.19,27.0,214.16,54.72999999999999,174.0,44.0,47.976734778431656,218,130.0,-68.0,0.6
07:43:30,187.0,72.0,250.33,9.0,186.0,54.0,263.65,17.0,218.67,63.33000000000001,126.0,26.0,45.77358190048026,152,100.0,-66.0,0.66
07:43:31,188.43,112.0,246.67,15.0,186.05,76.0,249.86,14.0,217.55,58.23999999999998,188.0,29.0,9.465822732333969,217,159.0,65.0,0.73
07:43:32,189.94,64.0,247.8,10.0,186.0,60.0,250.0,10.0,218.87,57.860000000000014,124.0,20.0,6.324738729779274,144,104.0,-73.0,0.72
07:43:33,191.0,78.0,244.08,13.0,186.0,78.0,247.15,13.0,217.54,53.08000000000001,156.0,26.0,1.891076413043534,182,130.0,38.0,0.71
07:43:34,191.0,48.0,240.55,11.0,189.11,27.0,242.25,8.0,215.77,49.55000000000001,75.0,19.0,1.2329639086241022,94,56.0,-88.0,0.6
07:43:35,191.0,72.0,237.1,42.0,190.0,36.0,237.56,18.0,214.05,46.099999999999994,108.0,60.0,1.871411232190703,168,48.0,74.0,0.29
07:43:36,191.0,102.0,228.76,25.0,190.0,51.0,233.25,32.0,209.88,37.75999999999999,153.0,57.0,3.4961364389808027,210,96.0,42.0,0.46
07:43:37,190.47,74.0,209.13,23.0,186.75,96.0,213.0,22.0,199.8,18.659999999999997,170.0,45.0,7.083238666031865,215,125.0,5.0,0.58
07:43:38,190.0,48.0,204.82,34.0,186.0,96.0,205.25,40.0,197.41,14.819999999999993,144.0,74.0,8.336490268690323,218,70.0,3.0,0.32
07:43:39,190.0,36.0,203.0,12.0,186.0,72.0,204.0,12.0,196.5,13.0,108.0,24.0,7.9338055181588585,132,84.0,-86.0,0.64
07:43:40,190.0,32.0,200.33,9.0,186.0,54.0,201.89,9.0,195.17,10.330000000000013,86.0,18.0,5.908339022091364,104,68.0,-28.0,0.65
07:43:41,190.0,38.0,195.95,20.0,186.0,66.0,196.23,26.0,192.97,5.949999999999989,104.0,46.0,2.5428035708577967,150,58.0,46.0,0.39
07:43:42,182.71,115.0,190.73,26.0,181.92,159.0,191.38,26.0,186.72,8.019999999999982,274.0,52.0,4.272110719535107,326,222.0,173.5,0.68
07:43:43,182.09,23.0,186.87,15.0,181.03,68.0,188.36,36.0,184.48,4.780000000000001,91.0,51.0,5.29640160863641,142,40.0,-174.5,0.28
07:43:44,181.25,40.0,184.27,11.0,180.03,78.0,187.0,44.0,182.76,3.0200000000000102,118.0,55.0,5.401717319516617,173,63.0,31.0,0.36
07:43:45,181.09,65.0,182.93,14.0,180.12,68.0,186.51,41.0,182.01,1.8400000000000034,133.0,55.0,4.404619166280463,188,78.0,15.0,0.41
07:43:46,181.11,28.0,183.0,7.0,180.12,34.0,187.0,28.0,182.05,1.8899999999999864,62.0,35.0,2.009037082774884,97,27.0,-91.0,0.28
07:43:47,181.0,49.0,182.06,32.0,178.3,37.0,391.94,17.0,181.53,1.0600000000000023,86.0,49.0,1.1564730865715611,135,37.0,38.0,0.27
07:43:48,181.0,8.0,182.25,4.0,177.0,12.0,627.0,16.0,181.62,1.25,20.0,20.0,0.48613784049815073,40,0.0,-95.0,0.0
07:43:49,183.0,18.0,418.46,24.0,177.67,18.0,536.13,30.0,300.73,235.45999999999998,36.0,54.0,53.186492834177095,90,-18.0,50.0,-0.2
07:43:50,177.16,25.0,386.94,31.0,176.03,91.0,498.93,30.0,282.05,209.78,116.0,61.0,60.42376833664031,177,55.0,87.0,0.31
07:43:51,178.51,35.0,363.23,31.0,176.22,67.0,493.25,32.0,270.87,184.72000000000003,102.0,63.0,57.40167593372148,165,39.0,-12.0,0.24
07:43:52,181.65,60.0,309.41,34.0,180.77,92.0,450.94,34.0,245.53,127.76000000000002,152.0,68.0,46.212470178513314,220,84.0,55.0,0.38
07:43:53,182.0,24.0,413.25,16.0,181.0,88.0,560.94,31.0,297.62,231.25,112.0,47.0,22.438190657893685,159,65.0,-61.0,0.41
07:43:54,183.07,30.0,411.12,34.0,181.67,67.0,543.0,51.0,297.09,228.05,97.0,85.0,21.615478713181133,182,12.0,23.0,0.07
07:43:55,183.45,11.0,192.0,24.0,181.31,48.0,410.0,16.0,187.73,8.550000000000011,59.0,40.0,45.664959432807805,99,19.0,-83.0,0.19
07:43:56,182.0,16.0,189.68,22.0,181.0,88.0,191.22,23.0,185.84,7.680000000000007,104.0,45.0,55.311004058866786,149,59.0,50.0,0.4
07:43:57,181.08,72.0,186.96,28.0,165.02,66.0,188.71,21.0,184.02,5.8799999999999955,138.0,49.0,61.08087548488459,187,89.0,38.0,0.48
07:43:58,180.65,155.0,184.82,33.0,138.29,90.0,187.09,47.0,182.73,4.1699999999999875,245.0,80.0,50.127932033946585,325,165.0,138.0,0.51
07:43:59,182.0,40.0,184.0,12.0,180.0,110.0,187.0,30.0,183.0,2.0,150.0,42.0,2.1040033269848726,192,108.0,-133.0,0.56
07:44:00,182.0,36.0,183.29,17.0,178.89,99.0,186.37,19.0,182.65,1.289999999999992,135.0,36.0,1.3418159337119084,171,99.0,-21.0,0.58
07:44:01,182.0,84.0,183.0,39.0,171.73,103.0,221.89,19.0,182.5,1.0,187.0,58.0,0.6090566475812892,245,129.0,74.0,0.53
07:44:02,181.78,41.0,302.64,42.0,168.63,41.0,507.85,48.0,242.21,120.85999999999999,82.0,90.0,26.605356039714383,172,-8.0,-73.0,-0.05
07:44:03,181.0,6.0,299.0,24.0,179.9,31.0,535.67,24.0,240.0,118.0,37.0,48.0,31.99066535725648,85,-11.0,-87.0,-0.13
07:44:04,181.0,54.0,430.73,33.0,180.0,27.0,562.33,36.0,305.86,249.73000000000002,81.0,69.0,51.234808772942415,150,12.0,65.0,0.08
07:44:05,181.0,31.0,300.59,17.0,180.0,21.0,473.62,26.0,240.79,119.58999999999997,52.0,43.0,43.65629358981337,95,9.0,-55.0,0.09
07:44:06,187.0,48.0,389.0,16.0,180.17,18.0,534.45,29.0,288.0,202.0,66.0,45.0,31.288160220760595,111,21.0,16.0,0.19
07:44:07,187.0,55.0,389.0,22.0,180.53,45.0,613.0,44.0,288.0,202.0,100.0,66.0,30.228956316750143,166,34.0,55.0,0.2
07:44:08,187.0,55.0,401.73,22.0,182.41,34.0,613.0,44.0,294.36,214.73000000000002,89.0,66.0,24.912372829579937,155,23.0,-11.0,0.15
07:44:11,189.0,21.0,441.25,16.0,187.0,21.0,617.46,26.0,315.12,252.25,42.0,42.0,38.826887977276904,84,0.0,24.0,0.0
07:44:13,189.0,15.0,408.91,23.0,187.0,15.0,419.5,16.0,298.96,219.91000000000003,30.0,39.0,32.10225895478412,69,-9.0,-59.0,-0.13
07:44:14,188.0,12.0,406.62,40.0,184.72,25.0,421.5,24.0,297.31,218.62,37.0,64.0,35.68917581004093,101,-27.0,32.0,-0.27
07:44:15,187.0,9.0,385.31,39.0,184.0,81.0,410.64,33.0,286.15,198.31,90.0,72.0,26.54171942433271,162,18.0,61.0,0.11
07:44:16,186.54,13.0,351.11,38.0,184.15,78.0,368.6,30.0,268.82,164.57000000000002,91.0,68.0,31.969275406239586,159,23.0,-3.0,0.14
07:44:17,183.17,65.0,335.78,58.0,183.22,46.0,366.5,38.0,259.47,152.60999999999999,111.0,96.0,17.467632066195566,207,15.0,48.0,0.07
07:44:18,182.21,87.0,324.05,37.0,181.87,159.0,349.14,35.0,253.13,141.84,246.0,72.0,18.433976239541447,318,174.0,111.0,0.55
07:44:19,184.08,48.0,237.57,28.0,182.64,107.0,295.09,22.0,210.83,53.48999999999998,155.0,50.0,27.988701291770717,205,105.0,-113.0,0.51
07:44:20,182.36,83.0,232.38,16.0,181.95,116.0,238.1,20.0,207.37,50.01999999999998,199.0,36.0,28.712571810967376,235,163.0,30.0,0.69
07:44:21,182.01,300.0,227.46,26.0,181.23,94.0,231.96,56.0,204.74,45.45000000000002,394.0,82.0,26.82970778819536,476,312.0,173.5,0.66
07:44:22,182.46,114.0,196.06,35.0,181.86,57.0,204.94,33.0,189.26,13.599999999999994,171.0,68.0,23.867426128511262,239,103.0,-174.5,0.43
07:44:23,184.0,85.0,193.0,27.0,183.0,130.0,194.33,58.0,188.5,9.0,215.0,85.0,10.506819214202446,300,130.0,61.0,0.43
07:44:24,184.67,45.0,188.37,59.0,183.26,125.0,188.61,61.0,186.52,3.700000000000017,170.0,120.0,9.93234715462213,290,50.0,-10.0,0.17
07:44:25,182.19,162.0,192.84,43.0,181.6,105.0,225.25,16.0,187.51,10.650000000000006,267.0,59.0,7.580361468949064,326,208.0,36.0,0.64
07:44:26,183.61,218.0,299.98,40.0,181.69,153.0,479.82,34.0,241.79,116.37,371.0,74.0,24.101187315149694,445,297.0,119.0,0.67
07:44:27,189.03,65.0,312.0,24.0,182.34,208.0,458.75,16.0,250.52,122.97,273.0,40.0,32.27673264133068,313,233.0,-132.0,0.74
07:44:28,189.0,48.0,255.79,14.0,182.02,291.0,283.55,31.0,222.39,66.78999999999999,339.0,45.0,29.845831032155,384,294.0,71.0,0.77
07:44:29,189.0,48.0,252.89,18.0,184.5,12.0,270.0,18.0,220.94,63.889999999999986,60.0,36.0,24.296531645482897,96,24.0,-174.5,0.25
07:44:30,190.31,13.0,250.79,14.0,188.92,37.0,252.38,16.0,220.55,60.47999999999999,50.0,30.0,13.979533969340931,80,20.0,-16.0,0.25
07:44:31,191.0,9.0,249.0,9.0,189.0,36.0,250.0,18.0,220.0,58.0,45.0,27.0,13.244778216336947,72,18.0,-8.0,0.25
07:44:32,187.93,15.0,248.47,15.0,185.64,11.0,249.78,18.0,218.2,60.53999999999999,26.0,33.0,1.5225734793266537,59,-7.0,-13.0,-0.12
07:44:33,186.96,28.0,248.0,20.0,185.69,13.0,249.0,10.0,217.48,61.03999999999999,41.0,30.0,1.5144900131556485,71,11.0,12.0,0.15
07:44:34,184.92,26.0,246.5,16.0,182.34,143.0,248.08,26.0,215.71,61.58000000000001,169.0,42.0,1.9560342532653758,211,127.0,140.0,0.6
07:44:35,186.15,13.0,243.92,24.0,184.0,13.0,246.52,21.0,215.04,57.76999999999998,26.0,45.0,1.9853916490069827,71,-19.0,-140.0,-0.27
07:44:36,187.0,13.0,242.58,43.0,184.0,13.0,243.25,32.0,214.79,55.58000000000001,26.0,75.0,1.5167827794202882,101,-49.0,30.0,-0.49
07:44:37,188.43,14.0,235.71,28.0,184.0,14.0,239.67,21.0,212.07,47.28,28.0,49.0,1.9547045812462556,77,-21.0,-24.0,-0.27
07:44:38,189.0,10.0,233.67,12.0,184.0,10.0,235.11,18.0,211.33,44.66999999999999,20.0,30.0,1.953130819977043,50,-10.0,-27.0,-0.2
