Time,Bid1_Price,Bid1_Volume,Ask1_Price,Ask1_Volume,Bid2_Price,Bid2_Volume,Ask2_Price,Ask2_Volume,Mid-Price,Bid_Ask_Spread,Market_Depth_Bid,Market_Depth_Ask,Historical_Volatility,Total_volume,Cumulative_Volume_Difference,Total_Volume_Change_Corrected,Order_imbalance
07:30:03,153.0,5.0,390.71,7.0,0.0,0.0,552.44,9.0,271.86,237.70999999999998,5.0,16.0,,21,-11.0,9.0,-0.52
07:30:04,153.0,6.0,155.91,11.0,0.0,0.0,176.69,16.0,154.45,2.9099999999999966,6.0,27.0,182.72029996691666,33,-21.0,12.0,-0.64
07:30:05,153.0,2.0,154.0,2.0,0.0,0.0,156.0,8.0,153.5,1.0,2.0,10.0,162.21646346779974,12,-8.0,-21.0,-0.67
07:30:08,143.43,21.0,154.43,21.0,110.52,25.0,156.71,7.0,148.93,11.0,46.0,28.0,35.75006615378495,74,18.0,-10.0,0.24
07:30:09,146.0,15.0,149.5,8.0,144.0,25.0,150.63,19.0,147.75,3.5,40.0,27.0,34.55724714151868,67,13.0,-7.0,0.19
07:30:10,145.58,24.0,147.77,13.0,142.97,38.0,149.8,20.0,146.68,2.1899999999999977,62.0,33.0,33.28169421769272,95,29.0,28.0,0.31
07:30:11,143.7,40.0,147.25,32.0,135.29,55.0,187.11,35.0,145.47,3.5500000000000114,95.0,67.0,21.909548831502676,162,28.0,67.0,0.17
07:30:12,135.25,56.0,148.0,34.0,131.73,33.0,240.3,23.0,141.62,12.75,89.0,57.0,2.8077838235875463,146,32.0,-16.0,0.22
07:30:14,131.0,33.0,145.98,45.0,119.05,21.0,368.93,30.0,138.49,14.97999999999999,54.0,75.0,4.616965453628586,129,-21.0,44.0,-0.16
07:30:15,135.25,24.0,250.0,25.0,123.67,18.0,440.42,24.0,192.62,114.75,42.0,49.0,23.67032847258356,91,-7.0,-38.0,-0.08
07:30:16,141.5,18.0,242.0,16.0,130.47,19.0,469.82,22.0,191.75,100.5,37.0,38.0,29.424118168604473,75,-1.0,-16.0,-0.01
07:30:17,131.57,28.0,154.0,40.0,126.6,20.0,375.09,11.0,142.79,22.430000000000007,48.0,51.0,29.245156009158165,99,-3.0,24.0,-0.03
07:30:18,136.0,24.0,154.0,40.0,133.67,27.0,410.0,8.0,145.0,18.0,51.0,48.0,27.53773138804284,99,3.0,0.0,0.03
07:30:19,138.35,51.0,154.0,70.0,137.29,51.0,182.63,38.0,146.18,15.650000000000006,102.0,108.0,26.06257987997351,210,-6.0,111.0,-0.03
07:30:20,143.34,29.0,153.59,59.0,141.67,36.0,160.59,51.0,148.47,10.25,65.0,110.0,20.73613199224965,175,-45.0,-35.0,-0.26
07:30:21,146.16,44.0,153.0,61.0,144.96,50.0,154.57,68.0,149.58,6.840000000000003,94.0,129.0,2.712826938822174,223,-35.0,48.0,-0.16
07:30:22,147.47,34.0,153.0,90.0,145.67,36.0,167.0,30.0,150.24,5.530000000000001,70.0,120.0,2.2355715152951996,190,-50.0,-33.0,-0.26
07:30:23,147.53,38.0,153.0,99.0,145.36,33.0,167.0,33.0,150.26,5.469999999999999,71.0,132.0,1.7088241571324,203,-61.0,13.0,-0.3
07:30:24,147.41,27.0,152.31,115.0,145.8,45.0,161.72,53.0,149.86,4.900000000000006,72.0,168.0,0.734247914535193,240,-96.0,37.0,-0.4
07:30:25,145.13,31.0,149.54,52.0,145.8,30.0,151.46,61.0,147.33,4.409999999999997,61.0,113.0,1.2206064066681168,174,-52.0,-66.0,-0.3
07:30:26,144.0,44.0,146.77,43.0,143.0,19.0,148.55,44.0,145.38,2.7700000000000102,63.0,87.0,2.1802018255196463,150,-24.0,-24.0,-0.16
07:30:27,124.29,28.0,142.51,39.0,108.09,23.0,146.4,57.0,133.4,18.219999999999985,51.0,96.0,6.912270249346376,147,-45.0,-3.0,-0.31
07:30:33,136.17,36.0,141.0,12.0,134.39,44.0,143.0,30.0,138.58,4.8300000000000125,80.0,42.0,2.925802454028347,122,38.0,-29.0,0.31
07:30:34,138.27,33.0,143.0,33.0,118.09,55.0,144.0,11.0,140.64,4.72999999999999,88.0,44.0,3.55236259410529,132,44.0,10.0,0.33
07:30:35,140.3,30.0,143.0,30.0,121.34,32.0,144.0,10.0,141.65,2.6999999999999886,62.0,40.0,3.574189418595311,102,22.0,-30.0,0.22
07:30:36,141.4,15.0,143.0,18.0,117.88,24.0,144.0,6.0,142.2,1.5999999999999943,39.0,24.0,2.5067648473677844,63,15.0,-39.0,0.24
07:30:37,142.1,20.0,143.2,20.0,141.0,30.0,257.6,10.0,142.65,1.0999999999999943,50.0,30.0,1.6176618929797884,80,20.0,17.0,0.25
07:30:38,143.07,28.0,229.33,18.0,137.44,43.0,369.05,19.0,186.2,86.26000000000002,71.0,37.0,19.877144412616197,108,34.0,28.0,0.31
07:30:39,144.0,24.0,363.4,35.0,143.0,24.0,389.32,31.0,253.7,219.39999999999998,48.0,66.0,48.83370506115627,114,-18.0,6.0,-0.16
07:30:40,148.89,36.0,313.37,27.0,146.5,32.0,388.02,48.0,231.13,164.48000000000002,68.0,75.0,50.70442416594434,143,-7.0,29.0,-0.05
07:30:41,151.0,60.0,259.49,63.0,148.83,41.0,321.0,42.0,205.25,108.49000000000001,101.0,105.0,42.685251902735686,206,-4.0,63.0,-0.02
07:30:42,151.0,23.0,258.0,40.0,150.0,24.0,318.27,15.0,204.5,107.0,47.0,55.0,26.390991455419044,102,-8.0,-104.0,-0.08
07:30:43,151.0,35.0,257.0,25.0,150.0,15.0,311.2,10.0,204.0,106.0,50.0,35.0,22.209097910541093,85,15.0,-17.0,0.18
07:30:44,151.0,126.0,244.22,59.0,150.0,36.0,247.08,51.0,197.61,93.22,162.0,110.0,13.014621392879677,272,52.0,169.5,0.19
07:30:45,151.0,247.0,217.95,63.0,150.0,39.0,229.9,62.0,184.48,66.94999999999999,286.0,125.0,8.759764266234685,411,161.0,139.0,0.39
07:30:46,151.0,266.0,171.06,64.0,150.0,42.0,172.56,63.0,161.03,20.060000000000002,308.0,127.0,18.257659488554463,435,181.0,24.0,0.42
07:30:47,151.0,203.0,164.04,57.0,150.0,39.0,166.08,65.0,157.52,13.039999999999992,242.0,122.0,21.018372201481345,364,120.0,-71.0,0.33
07:30:48,151.0,180.0,153.5,60.0,150.0,36.0,161.91,44.0,152.25,2.5,216.0,104.0,19.503755279432866,320,112.0,-44.0,0.35
07:30:49,151.0,70.0,159.33,30.0,150.0,18.0,164.33,30.0,155.17,8.330000000000013,88.0,60.0,12.92316331244044,148,28.0,-170.5,0.19
07:30:50,151.0,60.0,163.0,30.0,150.0,18.0,165.0,30.0,157.0,12.0,78.0,60.0,3.224845732745593,138,18.0,-10.0,0.13
07:30:51,151.0,118.0,160.67,60.0,150.0,36.0,162.0,60.0,155.83,9.669999999999987,154.0,120.0,2.067372728853604,274,34.0,136.0,0.12
07:30:52,151.0,108.0,158.67,60.0,150.0,36.0,160.17,60.0,154.83,7.6699999999999875,144.0,120.0,1.7541322641145547,264,24.0,-10.0,0.09
07:30:53,152.11,81.0,156.0,65.0,150.87,93.0,157.0,65.0,154.06,3.8899999999999864,174.0,130.0,1.1085891935282448,304,44.0,40.0,0.14
07:30:54,151.63,131.0,154.06,87.0,150.73,111.0,155.22,90.0,152.84,2.430000000000007,242.0,177.0,1.5990841128620052,419,65.0,115.0,0.16
07:30:55,151.0,72.0,152.0,40.0,150.0,24.0,154.0,32.0,151.5,1.0,96.0,72.0,1.6926517657237816,168,24.0,-170.5,0.14
07:30:56,150.81,48.0,152.0,70.0,149.05,63.0,170.92,50.0,151.41,1.1899999999999977,111.0,120.0,1.5207136482612322,231,-9.0,63.0,-0.04
07:30:57,148.43,69.0,151.67,45.0,147.68,74.0,231.78,37.0,150.05,3.2399999999999807,143.0,82.0,1.5285516020102696,225,61.0,-6.0,0.27
07:30:58,150.0,135.0,151.0,45.0,148.0,135.0,191.87,62.0,150.5,1.0,270.0,107.0,1.074499883670683,377,163.0,152.0,0.43
07:30:59,150.0,126.0,151.0,42.0,148.0,126.0,408.58,31.0,150.5,1.0,252.0,73.0,0.6333008763679376,325,179.0,-52.0,0.55
07:31:00,149.33,134.0,246.68,25.0,147.35,186.0,333.65,23.0,198.0,97.35,320.0,48.0,21.196982568280944,368,272.0,43.0,0.74
07:31:01,148.0,90.0,278.37,19.0,146.4,40.0,291.14,14.0,213.18,130.37,130.0,33.0,30.729059211111604,163,97.0,-170.5,0.6
07:31:02,148.0,117.0,265.0,65.0,147.0,26.0,308.06,17.0,206.5,117.0,143.0,82.0,30.813446415485565,225,61.0,62.0,0.27
07:31:03,148.0,48.0,264.43,35.0,147.0,14.0,399.15,33.0,206.21,116.43,62.0,68.0,25.385045203820248,130,-6.0,-95.0,-0.05
07:31:04,148.0,60.0,264.0,50.0,147.0,20.0,498.84,31.0,206.0,116.0,80.0,81.0,5.381544387998146,161,-1.0,31.0,-0.01
07:31:05,148.0,47.0,246.36,36.0,147.0,16.0,292.18,34.0,197.18,98.36000000000001,63.0,70.0,5.6891545944889135,133,-7.0,-28.0,-0.05
07:31:06,148.0,30.0,227.0,30.0,147.0,12.0,264.0,30.0,187.5,79.0,42.0,60.0,8.3474259505548,102,-18.0,-31.0,-0.18
07:31:07,151.0,40.0,225.08,49.0,148.0,50.0,230.64,42.0,188.04,74.08000000000001,90.0,91.0,9.170429651875464,181,-1.0,79.0,-0.01
07:31:08,149.12,64.0,222.87,60.0,147.65,46.0,224.48,66.0,186.0,73.75,110.0,126.0,8.519218273996607,236,-16.0,55.0,-0.07
07:31:09,147.59,133.0,220.71,68.0,145.93,146.0,223.37,76.0,184.15,73.12,279.0,144.0,5.042299078793204,423,135.0,169.5,0.32
07:31:10,148.01,95.0,219.6,58.0,145.86,43.0,220.64,47.0,183.81,71.59,138.0,105.0,1.9092014037286418,243,33.0,-170.5,0.14
07:31:11,150.24,58.0,211.42,60.0,148.95,82.0,214.93,74.0,180.83,61.17999999999998,140.0,134.0,2.6845539666767158,274,6.0,31.0,0.02
07:31:12,151.0,39.0,171.36,59.0,150.0,68.0,176.05,63.0,161.18,20.360000000000014,107.0,122.0,10.239283666350918,229,-15.0,-45.0,-0.07
07:31:13,151.0,12.0,167.26,27.0,150.0,24.0,168.56,27.0,159.13,16.25999999999999,36.0,54.0,12.561994268427357,90,-18.0,-139.0,-0.2
07:31:14,152.83,69.0,166.0,60.0,150.79,58.0,168.0,48.0,159.41,13.169999999999987,127.0,108.0,12.346461841353687,235,19.0,145.0,0.08
07:31:15,153.0,51.0,165.62,32.0,151.0,48.0,166.89,36.0,159.31,12.620000000000005,99.0,68.0,9.460159618103896,167,31.0,-68.0,0.19
07:31:16,153.0,68.0,164.88,41.0,151.0,78.0,165.95,63.0,158.94,11.879999999999995,146.0,104.0,0.9045606668457863,250,42.0,83.0,0.17
07:31:17,153.0,48.0,161.06,48.0,151.0,72.0,162.08,36.0,157.03,8.060000000000002,120.0,84.0,0.9857890240840907,204,36.0,-46.0,0.18
07:31:18,153.0,68.0,156.77,60.0,151.0,102.0,159.33,51.0,154.88,3.7700000000000102,170.0,111.0,1.9510330596904009,281,59.0,77.0,0.21
07:31:19,151.11,73.0,153.08,53.0,148.16,110.0,155.35,17.0,152.09,1.9699999999999989,183.0,70.0,3.00793118272431,253,113.0,-28.0,0.45
07:31:20,148.74,53.0,155.62,39.0,147.83,58.0,209.96,24.0,152.18,6.8799999999999955,111.0,63.0,3.00318664088758,174,48.0,-79.0,0.28
07:31:21,148.0,88.0,159.83,29.0,146.06,53.0,196.48,25.0,153.91,11.830000000000013,141.0,54.0,2.056834947195789,195,87.0,21.0,0.45
07:31:22,147.77,93.0,157.0,38.0,146.44,62.0,158.62,42.0,152.39,9.22999999999999,155.0,80.0,1.244447668649103,235,75.0,40.0,0.32
07:31:23,147.0,15.0,154.29,21.0,146.0,35.0,156.0,14.0,150.64,7.289999999999992,50.0,35.0,1.1616238633940281,85,15.0,-150.0,0.18
07:31:24,146.07,59.0,153.37,35.0,145.1,98.0,154.8,30.0,149.72,7.300000000000011,157.0,65.0,1.6287633345598849,222,92.0,137.0,0.41
07:31:25,146.0,32.0,152.0,20.0,145.0,80.0,153.0,30.0,149.0,6.0,112.0,50.0,2.0050610963277085,162,62.0,-60.0,0.38
07:31:26,148.0,128.0,151.13,45.0,146.0,48.0,152.26,35.0,149.57,3.1299999999999955,176.0,80.0,1.3263219820266807,256,96.0,94.0,0.38
07:31:27,147.93,82.0,149.18,55.0,145.84,50.0,160.93,30.0,148.55,1.25,132.0,85.0,0.7914101338796672,217,47.0,-39.0,0.22
07:31:28,146.0,36.0,149.16,19.0,145.0,96.0,220.17,24.0,147.58,3.1599999999999966,132.0,43.0,0.8652918582811354,175,89.0,-42.0,0.51
07:31:29,145.16,76.0,147.41,17.0,144.5,96.0,381.35,20.0,146.28,2.25,172.0,37.0,1.295194966021651,209,135.0,34.0,0.65
07:31:30,145.0,108.0,393.6,15.0,144.0,84.0,577.8,20.0,269.3,248.60000000000002,192.0,35.0,54.26284299592127,227,157.0,18.0,0.69
07:31:31,146.53,47.0,338.0,22.0,144.61,69.0,438.26,19.0,242.27,191.47,116.0,41.0,60.09673892982876,157,75.0,-70.0,0.48
07:31:32,146.2,30.0,265.69,16.0,144.47,45.0,320.55,20.0,205.94,119.49000000000001,75.0,36.0,55.30001338155346,111,39.0,-46.0,0.35
07:31:33,146.14,63.0,260.17,36.0,144.16,62.0,264.0,36.0,203.15,114.03000000000003,125.0,72.0,46.4330019490447,197,53.0,86.0,0.27
07:31:34,153.0,15.0,257.6,15.0,146.0,5.0,264.0,15.0,205.3,104.60000000000002,20.0,30.0,29.535379970469073,50,-10.0,-147.0,-0.2
07:31:35,153.0,30.0,234.22,27.0,146.0,10.0,261.6,30.0,193.61,81.22,40.0,57.0,18.677971784966097,97,-17.0,47.0,-0.18
07:31:36,153.0,13.0,235.16,19.0,146.0,7.0,261.71,21.0,194.08,82.16,20.0,40.0,6.089115699343553,60,-20.0,-37.0,-0.33
07:31:37,153.0,6.0,255.5,18.0,146.0,6.0,264.0,18.0,204.25,102.5,12.0,36.0,5.742888645968352,48,-24.0,-12.0,-0.5
07:31:38,153.0,13.0,218.79,38.0,150.76,63.0,251.11,28.0,185.89,65.78999999999999,76.0,66.0,8.127172324984459,142,10.0,94.0,0.07
07:31:39,153.0,10.0,200.9,30.0,151.0,60.0,263.0,12.0,176.95,47.900000000000006,70.0,42.0,10.190263980878763,112,28.0,-30.0,0.25
07:31:40,151.91,22.0,198.39,23.0,150.6,104.0,206.8,35.0,175.15,46.47999999999999,126.0,58.0,12.144932276468083,184,68.0,72.0,0.37
07:31:41,151.0,12.0,194.36,14.0,150.0,228.0,197.03,34.0,172.68,43.360000000000014,240.0,48.0,12.89031341744635,288,192.0,104.0,0.67
07:31:42,150.14,59.0,191.08,25.0,149.92,155.0,194.21,19.0,170.61,40.940000000000026,214.0,44.0,5.8988117447499135,258,170.0,-30.0,0.66
07:31:43,150.0,172.0,187.33,30.0,146.96,84.0,190.0,18.0,168.67,37.33000000000001,256.0,48.0,3.3395987782967165,304,208.0,46.0,0.68
07:31:44,150.0,121.0,186.37,41.0,146.0,11.0,187.3,23.0,168.18,36.370000000000005,132.0,64.0,2.896613539981065,196,68.0,-108.0,0.35
07:31:45,150.0,116.0,184.6,35.0,146.0,13.0,185.81,53.0,167.3,34.599999999999994,129.0,88.0,2.1572598359961748,217,41.0,21.0,0.19
07:31:46,150.0,96.0,180.0,36.0,146.0,12.0,181.75,24.0,165.0,30.0,108.0,60.0,2.0476742905068916,168,48.0,-49.0,0.29
07:31:47,150.46,74.0,176.25,40.0,149.67,61.0,179.0,36.0,163.35,25.789999999999992,135.0,76.0,2.2552050904526295,211,59.0,43.0,0.28
07:31:48,151.0,96.0,175.31,64.0,150.0,128.0,178.42,48.0,163.16,24.310000000000002,224.0,112.0,2.275877852610694,336,112.0,125.0,0.33
07:31:49,151.0,40.0,173.85,46.0,150.0,80.0,174.29,14.0,162.42,22.849999999999994,120.0,60.0,1.950123073040324,180,60.0,-156.0,0.33
07:31:50,150.25,56.0,170.33,45.0,149.65,62.0,171.06,53.0,160.29,20.080000000000013,118.0,98.0,1.7107688330118354,216,20.0,36.0,0.09
07:31:51,150.0,70.0,167.0,34.0,148.0,10.0,168.29,31.0,158.5,17.0,80.0,65.0,2.090389915782495,145,15.0,-71.0,0.1
07:31:52,150.0,105.0,162.3,20.0,148.0,15.0,163.61,38.0,156.15,12.300000000000011,120.0,58.0,2.8698658505243246,178,62.0,33.0,0.35
07:31:53,150.0,105.0,157.31,39.0,148.0,15.0,157.58,36.0,153.65,7.310000000000002,120.0,75.0,3.4340748390223634,195,45.0,17.0,0.23
07:31:54,150.0,56.0,154.93,29.0,148.0,9.0,155.6,25.0,152.47,4.930000000000007,65.0,54.0,3.257118358304979,119,11.0,-76.0,0.09
07:31:55,150.0,36.0,152.3,23.0,148.0,14.0,153.35,23.0,151.15,2.3000000000000114,50.0,46.0,2.9462314912457317,96,4.0,-23.0,0.04
07:31:56,150.0,12.0,154.54,57.0,148.0,14.0,318.14,37.0,152.27,4.539999999999992,26.0,94.0,1.9030291642559027,120,-68.0,24.0,-0.57
07:31:57,150.1,10.0,153.3,50.0,148.2,10.0,412.73,22.0,151.7,3.200000000000017,20.0,72.0,0.9382536970397979,92,-52.0,-28.0,-0.57
07:31:58,149.44,27.0,152.13,75.0,147.52,29.0,248.33,30.0,150.79,2.6899999999999977,56.0,105.0,0.7151083834000836,161,-49.0,69.0,-0.3
07:31:59,149.0,17.0,150.85,65.0,148.0,13.0,365.31,13.0,149.92,1.8499999999999943,30.0,78.0,0.8941644144167677,108,-48.0,-53.0,-0.44
07:32:00,147.83,18.0,152.88,51.0,147.09,46.0,362.71,14.0,150.36,5.049999999999983,64.0,65.0,0.9647123923788559,129,-1.0,21.0,-0.01
07:32:01,147.97,77.0,217.12,34.0,146.95,76.0,320.03,37.0,182.55,69.15,153.0,71.0,14.262293995006802,224,82.0,95.0,0.37
07:32:02,152.24,79.0,194.29,34.0,148.25,64.0,195.17,41.0,173.27,42.04999999999998,143.0,75.0,15.447176764703814,218,68.0,-6.0,0.31
07:32:03,153.0,96.0,174.75,32.0,149.0,60.0,177.52,42.0,163.88,21.75,156.0,74.0,14.26837166603128,230,82.0,12.0,0.36
07:32:04,153.0,152.0,167.04,50.0,149.42,95.0,168.23,70.0,160.02,14.039999999999992,247.0,120.0,12.36546117215219,367,127.0,137.0,0.35
07:32:05,153.0,72.0,165.75,24.0,150.0,45.0,166.73,33.0,159.38,12.75,117.0,57.0,9.928149374380041,174,60.0,-170.5,0.34
07:32:06,153.0,80.0,163.71,28.0,150.0,50.0,164.45,31.0,158.36,10.710000000000008,130.0,59.0,6.118825050612633,189,71.0,15.0,0.38
07:32:07,153.0,29.0,160.95,42.0,150.0,60.0,162.8,30.0,156.98,7.949999999999989,89.0,72.0,2.5917330109419026,161,17.0,-28.0,0.11
07:32:08,153.0,22.0,157.39,36.0,150.87,119.0,158.62,39.0,155.19,4.389999999999986,141.0,75.0,1.939711318729334,216,66.0,55.0,0.31
07:32:09,151.03,131.0,153.0,40.0,150.19,68.0,154.0,32.0,152.02,1.9699999999999989,199.0,72.0,2.9028399887019765,271,127.0,55.0,0.47
07:32:10,151.0,69.0,153.0,36.0,150.0,45.0,449.33,36.0,152.0,2.0,114.0,72.0,2.876021557639637,186,42.0,-85.0,0.23
07:32:11,151.0,66.0,152.71,28.0,150.0,65.0,272.25,48.0,151.86,1.710000000000008,131.0,76.0,2.3471259020360287,207,55.0,21.0,0.27
07:32:12,151.0,18.0,152.0,9.0,150.0,45.0,359.0,18.0,151.5,1.0,63.0,27.0,1.5103906779403051,90,36.0,-117.0,0.4
07:32:13,151.0,20.0,152.0,10.0,150.0,50.0,272.54,26.0,151.5,1.0,70.0,36.0,0.25938388540792445,106,34.0,16.0,0.32
07:32:14,151.0,24.0,152.0,12.0,150.0,60.0,404.16,19.0,151.5,1.0,84.0,31.0,0.2406657433233035,115,53.0,9.0,0.46
07:32:15,150.02,56.0,315.19,16.0,148.17,60.0,503.33,24.0,232.6,165.17,116.0,40.0,36.22910873869244,156,76.0,41.0,0.49
07:32:16,150.0,15.0,234.4,5.0,148.0,15.0,365.5,4.0,192.2,84.4,30.0,9.0,36.28585123708684,39,21.0,-117.0,0.54
07:32:17,150.47,17.0,251.0,14.0,149.14,35.0,544.0,11.0,200.74,100.53,52.0,25.0,34.66749659262969,77,27.0,38.0,0.35
07:32:18,148.0,20.0,239.75,8.0,147.0,32.0,488.75,8.0,193.88,91.75,52.0,16.0,28.91678889503443,68,36.0,-9.0,0.53
07:32:19,148.0,34.0,174.21,28.0,147.0,56.0,193.53,17.0,161.11,26.210000000000008,90.0,45.0,25.48635870421636,135,45.0,67.0,0.33
07:32:20,148.0,25.0,152.64,33.0,146.57,14.0,153.67,15.0,150.32,4.639999999999986,39.0,48.0,22.409618470647693,87,-9.0,-48.0,-0.1
07:32:21,147.95,37.0,149.7,43.0,145.75,16.0,152.41,46.0,148.82,1.75,53.0,89.0,24.62410160797748,142,-36.0,55.0,-0.25
07:32:22,146.0,8.0,149.12,16.0,145.0,32.0,150.4,15.0,147.56,3.1200000000000045,40.0,31.0,19.50617645772755,71,9.0,-71.0,0.13
07:32:23,146.98,65.0,149.38,26.0,145.75,16.0,258.6,20.0,148.18,2.4000000000000057,81.0,46.0,5.635088286798076,127,35.0,56.0,0.28
07:32:24,146.17,41.0,430.83,29.0,144.33,67.0,576.0,19.0,288.5,284.65999999999997,108.0,48.0,62.51992866278716,156,60.0,29.0,0.38
07:32:25,145.27,11.0,442.0,13.0,144.32,38.0,443.73,11.0,293.64,296.73,49.0,24.0,78.28278865753302,73,25.0,-83.0,0.34
07:32:26,153.0,3.0,441.14,7.0,146.0,3.0,443.57,7.0,297.07,288.14,6.0,14.0,79.58808013766863,20,-8.0,-53.0,-0.4
07:32:27,153.0,12.0,311.5,30.0,146.0,12.0,358.52,23.0,232.25,158.5,24.0,53.0,63.76925881645447,77,-29.0,57.0,-0.38
07:32:28,153.0,8.0,176.53,19.0,150.38,32.0,234.14,21.0,164.76,23.53,40.0,40.0,57.10890237082092,80,0.0,3.0,0.0
07:32:29,153.0,10.0,176.0,30.0,151.0,100.0,184.0,20.0,164.5,23.0,110.0,50.0,65.38160849963823,160,60.0,80.0,0.38
07:32:30,152.07,15.0,175.44,27.0,150.94,81.0,195.27,11.0,163.76,23.370000000000005,96.0,38.0,59.53628616230593,134,58.0,-26.0,0.43
07:32:31,151.0,108.0,174.45,47.0,146.0,14.0,357.88,42.0,162.72,23.44999999999999,122.0,89.0,30.561651133405615,211,33.0,77.0,0.16
07:32:32,151.0,132.0,173.11,37.0,146.0,12.0,238.33,18.0,162.05,22.110000000000014,144.0,55.0,1.1564255272170023,199,89.0,-12.0,0.45
07:32:33,151.0,72.0,173.0,24.0,146.89,9.0,324.88,16.0,162.0,22.0,81.0,40.0,1.0963940897320634,121,41.0,-78.0,0.34
07:32:34,151.0,99.0,172.18,33.0,150.0,22.0,421.12,32.0,161.59,21.180000000000007,121.0,65.0,0.8496646397253975,186,56.0,65.0,0.3
07:32:35,151.0,63.0,170.29,21.0,150.0,14.0,227.35,23.0,160.64,19.289999999999992,77.0,44.0,0.7646240906484894,121,33.0,-65.0,0.27
07:32:36,151.0,90.0,168.2,30.0,150.0,20.0,169.4,30.0,159.6,17.19999999999999,110.0,60.0,1.047057782550884,170,50.0,49.0,0.29
07:32:37,151.0,54.0,166.17,18.0,150.0,12.0,167.67,18.0,158.58,15.169999999999987,66.0,36.0,1.410007092181005,102,30.0,-68.0,0.29
07:32:38,151.0,102.0,162.79,48.0,150.0,28.0,164.29,42.0,156.9,11.789999999999992,130.0,90.0,1.8218726629491118,220,40.0,118.0,0.18
07:32:39,151.0,42.0,160.08,36.0,150.0,20.0,161.71,34.0,155.54,9.080000000000013,62.0,70.0,2.0500048780434486,132,-8.0,-88.0,-0.06
07:32:40,147.22,73.0,156.44,50.0,147.0,32.0,157.73,55.0,151.83,9.219999999999999,105.0,105.0,3.0342379603456995,210,0.0,78.0,0.0
07:32:41,147.67,18.0,156.47,32.0,146.6,10.0,157.76,37.0,152.07,8.800000000000011,28.0,69.0,2.9728151641169416,97,-41.0,-113.0,-0.42
07:32:42,148.55,22.0,154.52,42.0,147.62,13.0,156.09,33.0,151.53,5.969999999999999,35.0,75.0,2.470269216098592,110,-40.0,13.0,-0.36
07:32:43,148.86,28.0,151.0,47.0,147.89,18.0,153.05,43.0,149.93,2.1399999999999864,46.0,90.0,2.0560398828828843,136,-44.0,26.0,-0.32
07:32:44,144.25,183.0,148.22,65.0,107.21,24.0,149.41,61.0,146.23,3.969999999999999,207.0,126.0,2.433458444273514,333,81.0,169.5,0.24
07:32:45,144.0,209.0,146.05,38.0,54.69,26.0,170.6,43.0,145.03,2.0500000000000114,235.0,81.0,3.166847012409464,316,154.0,-17.0,0.49
07:32:46,143.79,86.0,146.0,45.0,142.76,259.0,298.1,67.0,144.9,2.210000000000008,345.0,112.0,3.025587546247413,457,233.0,141.0,0.51
07:32:47,144.0,130.0,145.38,24.0,143.0,234.0,257.12,49.0,144.69,1.3799999999999955,364.0,73.0,2.1933490374329723,437,291.0,-20.0,0.67
07:32:48,144.0,104.0,320.15,26.0,143.0,198.0,440.78,45.0,232.08,176.14999999999998,302.0,71.0,38.85295780246338,373,231.0,-64.0,0.62
07:32:50,153.0,55.0,209.57,28.0,151.0,28.0,281.0,19.0,181.29,56.56999999999999,83.0,47.0,96.91877614786502,130,36.0,-63.0,0.28
07:32:51,152.25,32.0,320.38,32.0,146.8,50.0,481.96,25.0,236.31,168.13,82.0,57.0,88.39556425522696,139,25.0,9.0,0.18
07:32:52,151.0,22.0,370.84,25.0,144.0,90.0,445.15,20.0,260.92,219.83999999999997,112.0,45.0,72.8542431845939,157,67.0,18.0,0.43
07:32:53,151.0,10.0,204.8,10.0,144.0,100.0,518.11,37.0,177.9,53.80000000000001,110.0,47.0,81.14688860332203,157,63.0,0.0,0.4
07:32:54,151.0,4.0,203.75,4.0,144.0,40.0,699.0,16.0,177.38,52.75,44.0,20.0,39.215153321133165,64,24.0,-93.0,0.38
07:32:55,144.0,70.0,203.0,7.0,143.0,7.0,381.83,24.0,173.5,59.0,77.0,31.0,40.60998300910728,108,46.0,44.0,0.43
07:32:56,144.0,80.0,201.21,14.0,143.0,8.0,242.93,14.0,172.61,57.21000000000001,88.0,28.0,38.339521645424725,116,60.0,8.0,0.52
07:32:57,144.27,88.0,197.57,14.0,143.62,26.0,199.35,34.0,170.92,53.29999999999998,114.0,48.0,3.051052277494246,162,66.0,46.0,0.41
07:32:58,148.0,42.0,193.92,12.0,144.0,64.0,197.6,20.0,170.96,45.91999999999999,106.0,32.0,2.6479765859999103,138,74.0,-24.0,0.54
07:32:59,148.0,27.0,192.24,25.0,144.0,72.0,193.18,11.0,170.12,44.24000000000001,99.0,36.0,1.3865496745536139,135,63.0,-3.0,0.47
07:33:00,148.0,33.0,189.47,19.0,145.04,67.0,190.44,25.0,168.74,41.47,100.0,44.0,1.4086873322371338,144,56.0,9.0,0.39
07:33:01,148.0,39.0,186.54,13.0,146.57,47.0,188.52,23.0,167.27,38.53999999999999,86.0,36.0,1.5835782266771938,122,50.0,-22.0,0.41
07:33:02,148.0,21.0,184.0,7.0,147.0,21.0,188.79,19.0,166.0,36.0,42.0,26.0,2.0265043794689506,68,16.0,-54.0,0.24
07:33:03,148.0,11.0,182.0,13.0,147.0,21.0,183.0,22.0,165.0,34.0,32.0,35.0,2.057153372990871,67,-3.0,-1.0,-0.04
07:33:04,146.39,31.0,179.59,29.0,144.93,58.0,180.44,32.0,162.99,33.20000000000002,89.0,61.0,2.1897830942832535,150,28.0,83.0,0.19
07:33:05,146.25,40.0,176.14,28.0,144.19,53.0,178.0,28.0,161.2,29.889999999999986,93.0,56.0,2.4157131452243625,149,37.0,-1.0,0.25
07:33:06,147.2,150.0,175.03,33.0,146.0,75.0,175.93,60.0,161.12,27.830000000000013,225.0,93.0,2.2040462790083666,318,132.0,169.0,0.42
07:33:07,148.58,62.0,170.86,21.0,146.0,60.0,171.83,24.0,159.72,22.28,122.0,45.0,2.03670812833148,167,77.0,-151.0,0.46
07:33:08,146.28,32.0,169.3,10.0,144.23,71.0,171.0,40.0,157.79,23.02000000000001,103.0,50.0,1.9369124915732676,153,53.0,-14.0,0.35
07:33:09,146.0,6.0,167.42,12.0,144.0,42.0,170.67,18.0,156.71,21.419999999999987,48.0,30.0,2.005410182484724,78,18.0,-75.0,0.23
07:33:10,146.0,13.0,164.7,40.0,144.0,91.0,166.13,31.0,155.35,18.69999999999999,104.0,71.0,2.3091275408721494,175,33.0,97.0,0.19
07:33:11,144.3,33.0,161.4,15.0,143.9,39.0,163.0,30.0,152.85,17.099999999999994,72.0,45.0,2.5845850730853206,117,27.0,-58.0,0.23
07:33:12,153.0,18.0,158.67,36.0,145.05,38.0,159.55,33.0,155.83,5.6699999999999875,56.0,69.0,1.8472899068678998,125,-13.0,8.0,-0.1
07:33:13,153.0,16.0,157.12,32.0,148.0,16.0,159.0,32.0,155.06,4.1200000000000045,32.0,64.0,1.4347125147625905,96,-32.0,-29.0,-0.33
07:33:14,144.73,67.0,154.45,20.0,143.38,16.0,156.77,26.0,149.59,9.719999999999999,83.0,46.0,2.5844303047320447,129,37.0,33.0,0.29
07:33:15,151.0,67.0,154.08,52.0,144.44,75.0,175.06,64.0,152.54,3.0800000000000125,142.0,116.0,2.447617208637366,258,26.0,129.0,0.1
07:33:16,151.0,7.0,156.57,28.0,144.0,98.0,185.43,28.0,153.79,5.569999999999993,105.0,56.0,2.452604737828261,161,49.0,-97.0,0.3
07:33:17,144.73,67.0,154.74,46.0,143.87,113.0,162.65,34.0,149.74,10.01000000000002,180.0,80.0,2.4326590389979557,260,100.0,99.0,0.38
07:33:18,144.0,156.0,152.42,48.0,143.0,39.0,153.67,30.0,148.21,8.419999999999987,195.0,78.0,2.3054348830577345,273,117.0,13.0,0.43
07:33:19,144.0,120.0,150.0,20.0,143.0,30.0,151.0,40.0,147.0,6.0,150.0,60.0,2.8618053742384024,210,90.0,-63.0,0.43
07:33:20,144.01,144.0,148.43,28.0,143.23,47.0,149.68,50.0,146.22,4.420000000000016,191.0,78.0,2.993487932165535,269,113.0,59.0,0.42
07:33:21,146.0,24.0,148.09,44.0,145.0,12.0,232.0,24.0,147.05,2.0900000000000034,36.0,68.0,1.3701204326706677,104,-32.0,-165.0,-0.31
07:33:22,144.34,53.0,198.76,17.0,143.86,49.0,590.5,24.0,171.55,54.41999999999999,102.0,41.0,10.948485283363116,143,61.0,39.0,0.43
07:33:23,146.0,11.0,266.1,20.0,142.0,11.0,515.94,31.0,206.05,120.10000000000002,22.0,51.0,26.061122961223496,73,-29.0,-70.0,-0.4
07:33:24,118.22,23.0,334.0,7.0,113.26,19.0,469.0,14.0,226.11,215.78,42.0,21.0,35.71100642659066,63,21.0,-10.0,0.33
07:33:25,145.12,76.0,226.88,16.0,130.1,31.0,401.95,22.0,186.0,81.75999999999999,107.0,38.0,30.526955629410434,145,69.0,82.0,0.48
07:33:26,151.0,108.0,290.33,9.0,143.21,19.0,343.0,36.0,220.67,139.32999999999998,127.0,45.0,23.07291225658311,172,82.0,27.0,0.48
07:33:27,151.0,87.0,328.86,14.0,144.33,15.0,369.16,32.0,239.93,177.86,102.0,46.0,20.587380115011566,148,56.0,-24.0,0.38
07:33:28,151.0,8.0,389.0,8.0,144.94,16.0,546.0,4.0,270.0,238.0,24.0,12.0,30.521128255684857,36,12.0,-112.0,0.33
07:33:29,151.0,7.0,370.71,14.0,144.0,7.0,506.78,9.0,260.86,219.70999999999998,14.0,23.0,33.62730690971193,37,-9.0,1.0,-0.24
07:33:30,144.0,8.0,411.88,17.0,141.78,36.0,487.96,23.0,277.94,267.88,44.0,40.0,23.371804594424184,84,4.0,47.0,0.05
07:33:31,144.0,17.0,271.64,36.0,142.0,119.0,371.86,37.0,207.82,127.63999999999999,136.0,73.0,28.153862967627536,209,63.0,125.0,0.3
07:33:32,144.0,6.0,414.27,22.0,142.0,42.0,500.42,26.0,279.14,270.27,48.0,48.0,29.614522113313654,96,0.0,-113.0,0.0
07:33:34,148.12,24.0,336.92,13.0,143.25,32.0,428.12,26.0,242.52,188.8,56.0,39.0,42.88035307690386,95,17.0,-17.0,0.18
07:33:35,144.0,10.0,328.06,48.0,142.0,70.0,329.04,28.0,236.03,184.06,80.0,76.0,44.00187984620593,156,4.0,61.0,0.03
07:33:36,144.45,33.0,328.0,60.0,142.44,81.0,329.0,36.0,236.23,183.55,114.0,96.0,37.3186565942551,210,18.0,54.0,0.09
07:33:37,146.38,24.0,326.44,27.0,144.0,44.0,328.0,45.0,236.41,180.06,68.0,72.0,37.6259697549438,140,-4.0,-70.0,-0.03
07:33:38,150.79,38.0,323.15,47.0,146.22,23.0,326.95,57.0,236.97,172.35999999999999,61.0,104.0,2.7548175983099794,165,-43.0,25.0,-0.26
07:33:39,144.94,17.0,310.24,29.0,141.85,27.0,322.2,25.0,227.59,165.3,44.0,54.0,3.959934342885058,98,-10.0,-67.0,-0.1
07:33:40,148.0,16.0,241.54,24.0,142.0,32.0,263.41,37.0,194.77,93.53999999999999,48.0,61.0,18.09990828705954,109,-13.0,11.0,-0.12
07:33:41,147.74,23.0,239.25,56.0,145.47,34.0,240.68,66.0,193.49,91.50999999999999,57.0,122.0,21.97163808185392,179,-65.0,70.0,-0.36
07:33:42,142.0,44.0,225.11,47.0,141.0,22.0,238.33,51.0,183.55,83.11000000000001,66.0,98.0,23.472159679074732,164,-32.0,-15.0,-0.2
07:33:43,141.57,28.0,143.0,38.0,125.57,23.0,172.94,48.0,142.29,1.4300000000000068,51.0,86.0,30.62668966767379,137,-35.0,-27.0,-0.26
07:33:44,135.0,18.0,142.0,27.0,105.8,25.0,143.0,72.0,138.5,7.0,43.0,99.0,27.87327393759136,142,-56.0,5.0,-0.39
07:33:45,105.38,74.0,141.24,21.0,96.11,35.0,142.66,44.0,123.31,35.860000000000014,109.0,65.0,30.524960606035517,174,44.0,32.0,0.25
07:33:50,140.62,52.0,163.24,25.0,139.32,73.0,614.67,12.0,151.93,22.620000000000005,125.0,37.0,11.322255517344457,162,88.0,40.0,0.54
07:33:51,143.75,12.0,200.29,41.0,142.0,108.0,442.04,26.0,172.02,56.53999999999999,120.0,67.0,19.054608366482636,187,53.0,25.0,0.28
07:33:52,146.08,13.0,288.45,49.0,144.04,110.0,355.88,32.0,217.26,142.36999999999998,123.0,81.0,35.917452303859434,204,42.0,17.0,0.21
07:33:53,147.0,28.0,393.08,13.0,146.0,8.0,507.75,16.0,270.04,246.07999999999998,36.0,29.0,55.41615937612422,65,7.0,-139.0,0.11
07:33:54,147.0,45.0,445.0,20.0,146.0,10.0,703.74,19.0,296.0,298.0,55.0,39.0,61.66968866469149,94,16.0,29.0,0.17
07:33:55,147.0,81.0,302.97,38.0,146.0,18.0,355.43,30.0,224.99,155.97000000000003,99.0,68.0,48.28185601237766,167,31.0,73.0,0.19
07:33:56,147.0,90.0,214.8,50.0,146.0,20.0,216.0,50.0,180.9,67.80000000000001,110.0,100.0,45.415438124056095,210,10.0,43.0,0.05
07:33:57,147.0,60.0,213.44,45.0,146.0,18.0,214.89,45.0,180.22,66.44,78.0,90.0,52.13500647357755,168,-12.0,-42.0,-0.07
07:33:58,147.0,36.0,211.67,30.0,146.0,12.0,213.0,30.0,179.33,64.66999999999999,48.0,60.0,50.667624475595716,108,-12.0,-60.0,-0.11
07:33:59,147.0,104.0,208.72,90.0,146.0,36.0,210.28,90.0,177.86,61.72,140.0,180.0,20.340900914168056,320,-40.0,169.5,-0.12
07:34:00,147.0,26.0,205.85,65.0,146.0,26.0,207.15,65.0,176.42,58.849999999999994,52.0,130.0,1.8130581899127263,182,-78.0,-138.0,-0.43
07:34:01,144.5,72.0,203.08,60.0,143.6,60.0,204.17,60.0,173.79,58.58000000000001,132.0,120.0,2.539907478631973,252,12.0,70.0,0.05
07:34:02,148.84,136.0,201.29,70.0,143.95,104.0,203.93,70.0,175.06,52.44999999999999,240.0,140.0,2.1955796501177947,380,100.0,128.0,0.26
07:34:03,151.0,132.0,198.52,58.0,148.0,12.0,201.7,50.0,174.76,47.52000000000001,144.0,108.0,1.585156143732232,252,36.0,-128.0,0.14
07:34:04,151.0,135.0,196.47,49.0,148.0,11.0,197.23,39.0,173.73,45.47,146.0,88.0,1.1008042514510137,234,58.0,-18.0,0.25
07:34:05,151.0,252.0,191.21,68.0,144.61,59.0,192.31,68.0,171.1,40.21000000000001,311.0,136.0,1.5605672045809,447,175.0,169.5,0.39
07:34:06,151.0,112.0,188.44,27.0,144.0,70.0,189.69,29.0,169.72,37.44,182.0,56.0,2.3538861484817035,238,126.0,-170.5,0.53
07:34:07,151.0,144.0,183.27,37.0,144.0,90.0,186.19,37.0,167.14,32.27000000000001,234.0,74.0,3.070749094278979,308,160.0,70.0,0.52
07:34:08,151.0,224.0,178.21,66.0,145.5,128.0,179.04,56.0,164.61,27.210000000000008,352.0,122.0,3.524734032521684,474,230.0,166.0,0.49
07:34:09,151.0,180.0,171.9,48.0,148.0,96.0,172.71,55.0,161.45,20.900000000000006,276.0,103.0,3.8907107319895116,379,173.0,-95.0,0.46
07:34:10,151.0,96.0,168.25,32.0,148.0,64.0,170.25,32.0,159.62,17.25,160.0,64.0,4.103251150005325,224,96.0,-155.0,0.43
07:34:11,151.0,96.0,165.75,40.0,148.0,64.0,167.0,40.0,158.38,14.75,160.0,80.0,3.606071269404105,240,80.0,16.0,0.33
07:34:12,151.0,80.0,163.97,31.0,148.0,56.0,165.73,33.0,157.48,12.969999999999999,136.0,64.0,2.82840414368655,200,72.0,-40.0,0.36
07:34:13,151.0,120.0,162.55,44.0,148.0,96.0,163.77,52.0,156.77,11.550000000000011,216.0,96.0,1.8517964251030445,312,120.0,112.0,0.38
07:34:14,151.0,172.0,160.83,66.0,148.0,144.0,161.72,60.0,155.92,9.830000000000013,316.0,126.0,1.432543193074936,442,190.0,130.0,0.43
07:34:15,151.0,44.0,159.0,9.0,149.67,48.0,160.0,27.0,155.0,8.0,92.0,36.0,1.3165864954594082,128,56.0,-170.5,0.44
07:34:16,151.12,66.0,156.92,36.0,150.12,68.0,157.19,36.0,154.02,5.799999999999983,134.0,72.0,1.3764882854666074,206,62.0,78.0,0.3
07:34:17,150.66,73.0,152.16,63.0,149.11,90.0,153.61,31.0,151.41,1.5,163.0,94.0,2.0688716731657912,257,69.0,51.0,0.27
07:34:18,150.0,20.0,151.62,8.0,148.0,32.0,152.12,16.0,150.81,1.6200000000000045,52.0,24.0,2.2337121569326785,76,28.0,-170.5,0.37
07:34:19,150.0,28.0,151.22,45.0,148.0,72.0,269.24,42.0,150.61,1.2199999999999989,100.0,87.0,2.0057542222390587,187,13.0,111.0,0.07
07:34:20,148.35,51.0,251.75,59.0,146.69,104.0,399.6,63.0,200.05,103.4,155.0,122.0,21.660200830094393,277,33.0,90.0,0.12
07:34:21,148.0,10.0,344.0,20.0,147.0,30.0,565.4,25.0,246.0,196.0,40.0,45.0,42.69358242171773,85,-5.0,-170.5,-0.06
07:34:22,148.0,16.0,431.67,30.0,147.0,48.0,505.58,38.0,289.83,283.67,64.0,68.0,60.75813032014712,132,-4.0,47.0,-0.03
07:34:23,146.57,47.0,443.0,39.0,145.15,111.0,471.86,56.0,294.79,296.43,158.0,95.0,61.31366063121624,253,63.0,121.0,0.25
07:34:24,149.0,64.0,240.41,34.0,146.0,40.0,382.17,30.0,194.71,91.41,104.0,64.0,47.537697462118935,168,40.0,-85.0,0.24
07:34:25,149.0,64.0,220.0,24.0,146.0,40.0,452.38,40.0,184.5,71.0,104.0,64.0,51.5584166746803,168,40.0,0.0,0.24
07:34:26,149.92,104.0,217.28,25.0,146.97,74.0,289.09,43.0,183.6,67.36000000000001,178.0,68.0,57.54269310694419,246,110.0,78.0,0.45
07:34:27,150.0,112.0,210.94,18.0,146.0,70.0,212.22,46.0,180.47,60.94,182.0,64.0,49.02523360474668,246,118.0,0.0,0.48
07:34:28,150.33,119.0,205.78,45.0,147.3,74.0,209.24,25.0,178.05,55.44999999999999,193.0,70.0,6.3762002791634105,263,123.0,17.0,0.47
07:34:29,151.0,201.0,201.03,69.0,150.0,136.0,202.12,60.0,176.01,50.03,337.0,129.0,3.5975727928711754,466,208.0,169.5,0.45
07:34:30,151.0,155.0,196.23,48.0,148.86,74.0,197.88,34.0,173.61,45.22999999999999,229.0,82.0,3.8758895753115516,311,147.0,-155.0,0.47
07:34:31,151.0,170.0,192.83,46.0,148.0,60.0,194.42,38.0,171.91,41.83000000000001,230.0,84.0,3.4140591676201053,314,146.0,3.0,0.46
07:34:32,151.0,255.0,186.63,51.0,148.0,90.0,188.06,54.0,168.81,35.629999999999995,345.0,105.0,3.584008928562109,450,240.0,136.0,0.53
07:34:33,151.0,255.0,182.3,46.0,148.0,90.0,183.93,55.0,166.65,31.30000000000001,345.0,101.0,3.730512029201196,446,244.0,-4.0,0.55
07:34:34,151.0,176.0,178.46,54.0,148.0,78.0,179.27,49.0,164.73,27.460000000000008,254.0,103.0,3.654137381108816,357,151.0,-89.0,0.42
07:34:35,151.0,168.0,174.28,47.0,148.0,84.0,175.72,57.0,162.64,23.28,252.0,104.0,3.5935943009775992,356,148.0,-1.0,0.42
07:34:36,151.0,144.0,170.39,36.0,148.0,72.0,171.38,16.0,160.69,19.389999999999986,216.0,52.0,3.202308542289555,268,164.0,-88.0,0.61
07:34:37,151.0,148.0,154.72,18.0,148.0,84.0,167.14,70.0,152.86,3.719999999999999,232.0,88.0,5.328220153111484,320,144.0,52.0,0.45
07:34:38,149.64,75.0,151.59,37.0,147.32,82.0,172.31,48.0,150.62,1.950000000000017,157.0,85.0,6.214263431817659,242,72.0,-78.0,0.3
07:34:39,148.0,32.0,204.76,25.0,146.0,56.0,216.17,36.0,176.38,56.75999999999999,88.0,61.0,10.157249627730145,149,27.0,-93.0,0.18
07:34:40,149.16,86.0,263.54,39.0,145.74,92.0,301.8,49.0,206.35,114.38000000000002,178.0,88.0,23.000788029978803,266,90.0,117.0,0.34
07:34:41,153.0,168.0,187.22,68.0,146.02,132.0,360.07,41.0,170.11,34.22,300.0,109.0,22.49119005299663,409,191.0,143.0,0.47
07:34:42,153.0,120.0,341.57,40.0,147.0,20.0,612.7,37.0,247.29,188.57,140.0,77.0,37.68705016315281,217,63.0,-170.5,0.29
07:34:43,153.0,132.0,429.04,25.0,148.09,22.0,642.94,47.0,291.02,276.04,154.0,72.0,50.86983143278508,226,82.0,9.0,0.36
07:34:44,153.0,120.0,320.0,18.0,151.0,20.0,427.4,40.0,236.5,167.0,140.0,58.0,45.30575713968322,198,82.0,-28.0,0.41
07:34:45,153.0,111.0,280.0,11.0,151.0,22.0,362.0,24.0,216.5,127.0,133.0,35.0,44.18035004388212,168,98.0,-30.0,0.58
07:34:46,153.0,57.0,278.85,13.0,151.0,14.0,504.84,19.0,215.92,125.85000000000002,71.0,32.0,30.781797868219893,103,39.0,-65.0,0.38
07:34:47,153.0,49.0,228.73,22.0,151.0,16.0,244.12,25.0,190.86,75.72999999999999,65.0,47.0,37.6762471591845,112,18.0,9.0,0.16
07:34:48,153.0,45.0,192.89,19.0,151.0,18.0,209.82,22.0,172.95,39.889999999999986,63.0,41.0,24.7938395574381,104,22.0,-8.0,0.21
07:34:49,152.57,28.0,203.0,28.0,149.67,18.0,262.2,15.0,177.79,50.43000000000001,46.0,43.0,20.61086194218946,89,3.0,-15.0,0.03
07:34:50,151.0,22.0,199.42,38.0,147.0,22.0,204.77,35.0,175.21,48.41999999999999,44.0,73.0,17.82881179439623,117,-29.0,28.0,-0.25
07:34:51,153.0,30.0,172.96,28.0,151.0,20.0,201.9,21.0,162.98,19.960000000000008,50.0,49.0,10.043180273200994,99,1.0,-18.0,0.01
07:34:52,153.0,27.0,171.0,27.0,151.0,23.0,323.11,9.0,162.0,18.0,50.0,36.0,7.239442658107016,86,14.0,-13.0,0.16
07:34:53,153.0,21.0,170.71,21.0,151.0,33.0,221.71,7.0,161.86,17.710000000000008,54.0,28.0,7.853710587997369,82,26.0,-4.0,0.32
07:34:54,153.0,27.0,170.0,27.0,151.0,54.0,171.0,18.0,161.5,17.0,81.0,45.0,5.895201438460406,126,36.0,44.0,0.29
07:34:55,153.0,27.0,169.89,27.0,151.0,54.0,251.54,26.0,161.44,16.889999999999986,81.0,53.0,0.6192576200811737,134,28.0,8.0,0.21
07:34:56,153.0,30.0,162.91,22.0,151.0,60.0,181.75,32.0,157.95,9.909999999999997,90.0,54.0,1.693605621161474,144,36.0,10.0,0.25
07:34:57,151.07,83.0,156.82,51.0,150.04,166.0,162.59,41.0,153.95,5.75,249.0,92.0,3.4062516055088485,341,157.0,169.5,0.46
07:34:58,151.0,60.0,154.8,30.0,150.0,112.0,155.47,34.0,152.9,3.8000000000000114,172.0,64.0,4.045895450951943,236,108.0,-105.0,0.46
07:34:59,150.47,43.0,151.56,16.0,149.18,44.0,154.62,24.0,151.01,1.0900000000000034,87.0,40.0,4.201077242807615,127,47.0,-109.0,0.37
07:35:00,148.84,43.0,150.53,32.0,147.5,36.0,163.61,18.0,149.68,1.6899999999999977,79.0,50.0,3.176062027108197,129,29.0,2.0,0.22
07:35:01,145.57,23.0,150.08,38.0,144.03,32.0,223.2,10.0,147.82,4.510000000000019,55.0,48.0,2.4566990047706163,103,7.0,-26.0,0.07
07:35:02,146.32,62.0,149.65,46.0,144.12,48.0,257.08,26.0,147.99,3.3300000000000125,110.0,72.0,2.1361764908458154,182,38.0,79.0,0.21
07:35:03,148.0,35.0,150.0,25.0,146.0,20.0,491.0,5.0,149.0,2.0,55.0,30.0,1.3100572506739023,85,25.0,-97.0,0.29
07:35:04,148.0,56.0,149.83,36.0,146.0,32.0,309.32,25.0,148.92,1.8300000000000125,88.0,61.0,0.770662053071106,149,27.0,64.0,0.18
07:35:05,148.0,44.0,149.18,55.0,146.0,44.0,292.0,44.0,148.59,1.1800000000000068,88.0,99.0,0.5363114767036249,187,-11.0,38.0,-0.06
07:35:06,147.11,27.0,224.56,32.0,145.38,29.0,460.93,27.0,185.84,77.44999999999999,56.0,59.0,16.647800755656444,115,-3.0,-72.0,-0.03
07:35:07,146.88,34.0,404.7,30.0,145.86,43.0,452.81,37.0,275.79,257.82,77.0,67.0,55.02302309033926,144,10.0,29.0,0.07
07:35:08,146.3,30.0,250.78,36.0,144.73,33.0,340.6,30.0,198.54,104.47999999999999,63.0,66.0,52.05938753001225,129,-3.0,-15.0,-0.02
07:35:09,145.64,22.0,152.52,31.0,143.29,28.0,198.23,22.0,149.08,6.880000000000024,50.0,53.0,52.0266822889947,103,-3.0,-26.0,-0.03
07:35:10,145.67,24.0,173.74,27.0,144.0,24.0,185.17,35.0,159.7,28.07000000000002,48.0,62.0,49.927139914078715,110,-14.0,7.0,-0.13
07:35:11,146.05,112.0,175.64,22.0,145.54,70.0,179.0,33.0,160.84,29.589999999999975,182.0,55.0,52.12575467079588,237,127.0,127.0,0.54
07:35:12,146.13,78.0,174.0,18.0,145.88,96.0,471.35,34.0,160.06,27.870000000000005,174.0,52.0,19.01383391112971,226,122.0,-11.0,0.54
07:35:13,146.0,163.0,172.91,22.0,143.25,67.0,234.5,24.0,159.45,26.909999999999997,230.0,46.0,4.9172329617413615,276,184.0,50.0,0.67
07:35:14,146.0,98.0,170.57,14.0,144.0,63.0,173.0,14.0,158.29,24.569999999999993,161.0,28.0,0.9320246778029049,189,133.0,-87.0,0.7
07:35:15,146.88,34.0,168.75,8.0,145.22,46.0,172.0,8.0,157.82,21.870000000000005,80.0,16.0,1.2431693368298886,96,64.0,-93.0,0.67
07:35:16,151.0,24.0,165.75,16.0,146.0,112.0,166.88,16.0,158.38,14.75,136.0,32.0,0.9229030285109336,168,104.0,72.0,0.62
07:35:17,151.36,33.0,161.4,20.0,146.12,129.0,162.6,20.0,156.38,10.039999999999992,162.0,40.0,1.1143742638967926,202,122.0,34.0,0.6
07:35:18,153.0,66.0,159.82,22.0,151.0,33.0,160.82,22.0,156.41,6.819999999999993,99.0,44.0,0.9916803920801568,143,55.0,-59.0,0.38
07:35:19,153.0,28.0,157.25,16.0,151.0,24.0,160.0,16.0,155.12,4.25,52.0,32.0,1.2927954207982848,84,20.0,-59.0,0.24
07:35:20,151.34,29.0,154.18,22.0,146.92,103.0,155.27,22.0,152.76,2.8400000000000034,132.0,44.0,2.065696008622341,176,88.0,92.0,0.5
07:35:21,151.0,41.0,152.21,28.0,146.0,196.0,156.28,25.0,151.61,1.210000000000008,237.0,53.0,2.1758285778157993,290,184.0,114.0,0.63
07:35:22,144.35,95.0,152.0,26.0,126.44,50.0,190.35,37.0,148.17,7.650000000000006,145.0,63.0,3.2120133872762753,208,82.0,-82.0,0.39
07:35:23,144.65,46.0,150.75,24.0,138.61,89.0,327.52,50.0,147.7,6.099999999999994,135.0,74.0,3.135166662243696,209,61.0,1.0,0.29
07:35:24,145.0,27.0,147.7,33.0,144.0,63.0,216.67,30.0,146.35,2.6999999999999886,90.0,63.0,2.73155084156354,153,27.0,-56.0,0.18
07:35:25,144.67,45.0,147.0,39.0,134.82,85.0,353.84,56.0,145.83,2.3300000000000125,130.0,95.0,2.2671171121157787,225,35.0,72.0,0.16
07:35:26,144.24,37.0,147.0,27.0,113.82,39.0,217.0,36.0,145.62,2.759999999999991,76.0,63.0,1.1402762823323298,139,13.0,-86.0,0.09
07:35:27,141.85,13.0,145.83,29.0,64.52,46.0,324.47,34.0,143.84,3.980000000000018,59.0,63.0,1.3932228824027866,122,-4.0,-17.0,-0.03
07:35:28,142.0,16.0,144.82,34.0,125.78,9.0,145.72,29.0,143.41,2.819999999999993,25.0,63.0,1.3008650967920758,88,-38.0,-34.0,-0.43
07:35:29,141.87,15.0,143.2,30.0,128.62,8.0,168.15,27.0,142.53,1.329999999999984,23.0,57.0,1.432246487184685,80,-34.0,-8.0,-0.42
07:35:30,139.4,5.0,143.0,20.0,72.0,14.0,413.6,20.0,141.2,3.5999999999999943,19.0,40.0,1.634548867441431,59,-21.0,-21.0,-0.36
07:35:31,129.67,6.0,142.8,15.0,76.33,33.0,168.67,18.0,136.23,13.130000000000024,39.0,33.0,3.0834509887553643,72,6.0,13.0,0.08
07:35:32,115.0,4.0,141.0,4.0,89.0,40.0,143.0,16.0,128.0,26.0,44.0,20.0,6.379391036773043,64,24.0,-8.0,0.38
07:35:33,119.86,42.0,140.4,20.0,101.67,24.0,260.13,23.0,130.13,20.540000000000006,66.0,43.0,6.470337703710949,109,23.0,45.0,0.21
07:35:38,128.58,12.0,142.42,31.0,111.1,102.0,225.9,20.0,135.5,13.839999999999975,114.0,51.0,7.0934991365385445,165,63.0,66.0,0.38
07:35:39,129.0,6.0,178.2,10.0,43.65,51.0,301.0,10.0,153.6,49.19999999999999,57.0,20.0,12.331881446075663,77,37.0,-88.0,0.48
07:35:40,131.0,7.0,371.33,9.0,90.6,25.0,477.14,14.0,251.17,240.32999999999998,32.0,23.0,51.4570367394007,55,9.0,-22.0,0.16
07:35:41,133.56,16.0,434.91,34.0,121.6,73.0,435.32,50.0,284.24,301.35,89.0,84.0,71.16370493446782,173,5.0,118.0,0.03
07:35:42,118.2,51.0,201.87,31.0,113.96,104.0,238.9,42.0,160.03,83.67,155.0,73.0,66.29056320472765,228,82.0,55.0,0.36
07:35:47,125.6,70.0,188.67,27.0,100.54,82.0,379.26,27.0,157.13,63.06999999999999,152.0,54.0,13.584974052241234,206,98.0,91.0,0.48
07:35:48,128.25,84.0,162.24,34.0,69.94,80.0,407.59,39.0,145.24,33.99000000000001,164.0,73.0,13.908354323932901,237,91.0,31.0,0.38
07:35:49,153.0,88.0,417.3,44.0,148.7,67.0,521.15,47.0,285.15,264.3,155.0,91.0,66.54928887674176,246,64.0,9.0,0.26
07:35:50,153.0,24.0,252.5,20.0,151.0,20.0,577.0,8.0,202.75,99.5,44.0,28.0,63.33581411808019,72,16.0,-170.5,0.22
07:35:51,153.0,60.0,438.7,50.0,151.0,58.0,527.77,26.0,295.85,285.7,118.0,76.0,70.35352002565305,194,42.0,122.0,0.22
07:35:52,153.0,54.0,393.26,62.0,151.0,117.0,408.61,44.0,273.13,240.26,171.0,106.0,64.46212671018493,277,65.0,83.0,0.23
07:35:53,153.0,28.0,229.14,35.0,151.0,63.0,233.57,35.0,191.07,76.13999999999999,91.0,70.0,48.93160737192197,161,21.0,-116.0,0.13
07:35:54,153.0,44.0,216.59,51.0,151.0,99.0,231.36,55.0,184.79,63.59,143.0,106.0,51.22818872456798,249,37.0,88.0,0.15
07:35:55,153.0,40.0,224.0,50.0,151.0,90.0,232.77,26.0,188.5,71.0,130.0,76.0,53.43839275277614,206,54.0,-43.0,0.26
07:35:56,153.0,36.0,233.0,45.0,151.0,81.0,422.33,9.0,193.0,80.0,117.0,54.0,37.597898478505165,171,63.0,-35.0,0.37
07:35:57,153.0,39.0,231.1,50.0,151.0,90.0,351.0,10.0,192.05,78.1,129.0,60.0,3.3042351611228296,189,69.0,18.0,0.37
07:35:58,153.0,24.0,229.41,32.0,151.0,72.0,310.5,16.0,191.2,76.41,96.0,48.0,3.3164092027372596,144,48.0,-45.0,0.33
07:35:59,153.0,27.0,229.0,45.0,151.0,81.0,452.05,19.0,191.0,76.0,108.0,64.0,1.6792855623743366,172,44.0,28.0,0.26
07:36:00,153.0,36.0,227.8,50.0,151.0,108.0,251.93,56.0,190.4,74.80000000000001,144.0,106.0,1.0121758740448354,250,38.0,78.0,0.15
07:36:01,151.26,93.0,199.56,57.0,150.32,57.0,228.0,60.0,175.41,48.30000000000001,150.0,117.0,7.069474520783209,267,33.0,17.0,0.12
07:36:02,151.0,160.0,178.0,50.0,150.0,20.0,214.81,42.0,164.5,27.0,180.0,92.0,12.089438365780678,272,88.0,5.0,0.32
07:36:03,151.0,309.0,177.53,76.0,150.0,34.0,197.95,77.0,164.26,26.53,343.0,153.0,13.196407844561964,496,190.0,169.5,0.38
07:36:04,151.0,187.0,174.25,73.0,150.0,30.0,175.29,62.0,162.62,23.25,217.0,135.0,11.755327302973042,352,82.0,-144.0,0.23
07:36:05,151.0,112.0,169.59,49.0,150.0,28.0,172.22,51.0,160.3,18.590000000000003,140.0,100.0,5.831948216507998,240,40.0,-112.0,0.17
07:36:06,151.0,56.0,154.86,51.0,150.0,24.0,155.83,35.0,152.93,3.8600000000000136,80.0,86.0,4.771961860706379,166,-6.0,-74.0,-0.04
07:36:07,149.7,23.0,153.35,46.0,148.0,27.0,154.45,44.0,151.52,3.6500000000000057,50.0,90.0,5.765976066551036,140,-40.0,-26.0,-0.29
07:36:08,148.0,18.0,150.32,25.0,147.0,27.0,152.72,29.0,149.16,2.319999999999993,45.0,54.0,5.834961867916789,99,-9.0,-41.0,-0.09
07:36:09,146.3,63.0,148.38,32.0,144.52,158.0,189.73,22.0,147.34,2.079999999999984,221.0,54.0,4.98633131671438,275,167.0,169.5,0.61
07:36:10,146.0,46.0,234.14,35.0,144.0,203.0,298.0,23.0,190.07,88.13999999999999,249.0,58.0,17.942639995274916,307,191.0,32.0,0.62
07:36:11,146.86,28.0,260.54,35.0,145.21,53.0,295.94,31.0,203.7,113.68,81.0,66.0,26.52501498585866,147,15.0,-160.0,0.1
07:36:12,146.69,26.0,255.5,16.0,144.45,107.0,257.32,19.0,201.1,108.81,133.0,35.0,27.889024364434377,168,98.0,21.0,0.58
07:36:13,146.0,16.0,248.6,20.0,144.0,160.0,251.33,12.0,197.3,102.6,176.0,32.0,23.2489918060978,208,144.0,40.0,0.69
07:36:14,146.0,24.0,230.65,23.0,144.0,240.0,248.04,45.0,188.33,84.65,264.0,68.0,6.725581759222948,332,196.0,124.0,0.59
07:36:15,146.0,14.0,245.5,10.0,144.0,140.0,246.36,25.0,195.75,99.5,154.0,35.0,5.878837470111839,189,119.0,-143.0,0.63
07:36:16,146.84,25.0,186.74,31.0,144.52,54.0,195.62,26.0,166.79,39.900000000000006,79.0,57.0,13.701723614202717,136,22.0,-53.0,0.16
07:36:17,147.72,32.0,160.22,40.0,146.82,33.0,161.47,15.0,153.97,12.5,65.0,55.0,19.156529435156358,120,10.0,-16.0,0.08
07:36:18,146.87,45.0,156.88,49.0,144.38,121.0,158.71,31.0,151.87,10.009999999999991,166.0,80.0,19.912360985077154,246,86.0,126.0,0.35
07:36:19,146.1,60.0,153.59,39.0,144.14,174.0,154.67,36.0,149.84,7.490000000000009,234.0,75.0,19.127573813738955,309,159.0,63.0,0.51
07:36:20,146.73,44.0,150.1,30.0,145.33,108.0,151.68,44.0,148.41,3.3700000000000045,152.0,74.0,7.3573215234923435,226,78.0,-83.0,0.35
07:36:21,146.0,24.0,149.0,8.0,144.4,60.0,151.0,32.0,147.5,3.0,84.0,40.0,2.6246847429831237,124,44.0,-102.0,0.35
07:36:22,146.0,26.0,175.31,16.0,145.0,56.0,245.9,40.0,160.66,29.310000000000002,82.0,56.0,5.296803753212566,138,26.0,14.0,0.19
07:36:23,145.57,56.0,246.69,29.0,144.26,106.0,324.78,46.0,196.13,101.12,162.0,75.0,20.605374784265287,237,87.0,99.0,0.37
07:36:24,146.0,42.0,223.0,14.0,145.0,28.0,224.14,14.0,184.5,77.0,70.0,28.0,21.908175414671742,98,42.0,-139.0,0.43
07:36:25,144.36,66.0,221.6,20.0,132.4,40.0,222.6,20.0,182.98,77.23999999999998,106.0,40.0,19.749723542369367,146,66.0,48.0,0.45
07:36:26,144.01,200.0,219.42,24.0,128.46,41.0,222.6,30.0,181.71,75.41,241.0,54.0,12.836616766111321,295,187.0,149.0,0.63
07:36:27,145.0,26.0,159.93,27.0,144.0,234.0,164.16,31.0,152.46,14.930000000000007,260.0,58.0,16.199516350805425,318,202.0,23.0,0.64
07:36:28,144.4,60.0,146.64,22.0,143.53,227.0,149.64,22.0,145.52,2.2399999999999807,287.0,44.0,18.84923552826547,331,243.0,13.0,0.73
07:36:29,144.0,216.0,146.92,12.0,121.09,35.0,152.5,20.0,145.46,2.9199999999999875,251.0,32.0,19.131902153210884,283,219.0,-48.0,0.77
07:36:30,144.01,131.0,152.0,9.0,136.27,22.0,162.12,43.0,148.0,7.990000000000009,153.0,52.0,15.403515832433984,205,101.0,-78.0,0.49
07:36:31,146.82,28.0,262.29,31.0,144.32,50.0,298.22,49.0,204.56,115.47000000000003,78.0,80.0,25.516304591379185,158,-2.0,-47.0,-0.01
07:36:32,150.2,30.0,219.0,48.0,144.39,79.0,289.03,58.0,184.6,68.80000000000001,109.0,106.0,27.37454876340486,215,3.0,57.0,0.01
07:36:33,151.0,40.0,287.88,33.0,144.0,140.0,486.37,41.0,219.44,136.88,180.0,74.0,33.151282328139466,254,106.0,39.0,0.42
07:36:34,145.06,132.0,404.0,39.0,137.54,100.0,525.92,48.0,274.53,258.94,232.0,87.0,46.63896632645261,319,145.0,65.0,0.45
07:36:35,151.77,52.0,289.74,53.0,144.28,78.0,331.75,55.0,220.75,137.97,130.0,108.0,33.402618609922825,238,22.0,-81.0,0.09
07:36:36,153.0,12.0,205.6,10.0,145.0,6.0,265.23,13.0,179.3,52.599999999999994,18.0,23.0,38.054651883836335,41,-5.0,-170.5,-0.12
07:36:37,153.0,58.0,216.0,48.0,149.69,32.0,328.47,76.0,184.5,63.0,90.0,124.0,38.07511956645663,214,-34.0,169.5,-0.16
07:36:38,153.0,10.0,218.0,16.0,150.0,10.0,276.65,20.0,185.5,65.0,20.0,36.0,40.20820227267039,56,-16.0,-158.0,-0.29
07:36:39,153.0,20.0,224.0,40.0,150.0,20.0,350.0,30.0,188.5,71.0,40.0,70.0,16.56941459436623,110,-30.0,54.0,-0.27
07:36:40,153.0,20.0,257.68,37.0,150.0,20.0,375.11,27.0,205.34,104.68,40.0,64.0,9.913925559534931,104,-24.0,-6.0,-0.23
07:36:41,147.91,22.0,427.6,25.0,145.33,36.0,552.29,34.0,287.75,279.69000000000005,58.0,59.0,44.09938344240174,117,-1.0,13.0,-0.01
07:36:42,145.29,21.0,208.43,28.0,144.02,49.0,310.77,26.0,176.86,63.140000000000015,70.0,54.0,45.33270673586542,124,16.0,7.0,0.13
07:36:43,145.0,9.0,160.89,36.0,144.0,36.0,204.18,22.0,152.94,15.889999999999986,45.0,58.0,51.44167784977455,103,-13.0,-21.0,-0.13
07:36:44,145.33,12.0,158.82,44.0,144.11,36.0,209.21,28.0,152.08,13.48999999999998,48.0,72.0,56.23545927615417,120,-24.0,17.0,-0.2
07:36:45,149.95,44.0,157.5,24.0,146.11,9.0,202.33,36.0,153.73,7.550000000000011,53.0,60.0,58.55054884456682,113,-7.0,-7.0,-0.06
07:36:46,151.0,93.0,158.0,44.0,147.0,11.0,263.76,37.0,154.5,7.0,104.0,81.0,10.569177829899326,185,23.0,72.0,0.12
07:36:47,151.0,144.0,158.0,64.0,147.0,16.0,350.47,60.0,154.5,7.0,160.0,124.0,1.0452750834303381,284,36.0,99.0,0.13
07:36:48,151.0,90.0,155.82,34.0,147.0,10.0,294.09,33.0,153.41,4.819999999999993,100.0,67.0,0.9967095866099562,167,33.0,-117.0,0.2
07:36:49,151.0,70.0,152.62,32.0,147.0,8.0,155.0,8.0,151.81,1.6200000000000045,78.0,40.0,1.1041512577723485,118,38.0,-49.0,0.32
07:36:50,151.0,25.0,219.31,16.0,147.0,7.0,424.82,11.0,185.16,68.31,32.0,27.0,14.177031776787164,59,5.0,-59.0,0.08
07:36:51,151.0,33.0,240.18,33.0,147.0,11.0,481.67,21.0,195.59,89.18,44.0,54.0,20.69337889277688,98,-10.0,39.0,-0.1
07:36:52,151.0,21.0,239.14,21.0,147.0,7.0,255.0,7.0,195.07,88.13999999999999,28.0,28.0,21.946448915485494,56,0.0,-42.0,0.0
07:36:53,151.0,36.0,199.17,36.0,147.0,12.0,314.74,27.0,175.08,48.16999999999999,48.0,63.0,18.125895012385165,111,-15.0,55.0,-0.14
07:36:54,152.2,10.0,170.7,30.0,150.27,22.0,509.46,26.0,161.45,18.5,32.0,56.0,14.44457510624689,88,-24.0,-23.0,-0.27
07:36:55,146.45,33.0,170.0,27.0,144.19,48.0,345.6,20.0,158.23,23.55000000000001,81.0,47.0,17.817684473578876,128,34.0,40.0,0.27
07:36:56,146.0,99.0,170.0,27.0,144.0,87.0,255.0,18.0,158.0,24.0,186.0,45.0,15.882418896377915,231,141.0,103.0,0.61
07:36:57,146.0,69.0,170.0,21.0,144.0,77.0,250.54,13.0,158.0,24.0,146.0,34.0,7.373708022428798,180,112.0,-51.0,0.62
07:36:58,146.0,51.0,169.33,27.0,144.0,99.0,197.0,9.0,157.67,23.330000000000013,150.0,36.0,1.5668280058878785,186,114.0,6.0,0.61
07:36:59,144.48,83.0,168.29,42.0,143.98,83.0,197.0,14.0,156.38,23.810000000000002,166.0,56.0,0.7406956190202189,222,110.0,36.0,0.5
07:37:00,144.04,102.0,168.0,36.0,143.67,30.0,244.83,18.0,156.02,23.960000000000008,132.0,54.0,0.9440233048162863,186,78.0,-36.0,0.42
07:37:01,144.0,98.0,167.43,42.0,143.0,14.0,299.65,34.0,155.71,23.430000000000007,112.0,76.0,1.0198186113406706,188,36.0,2.0,0.19
07:37:02,144.7,46.0,164.92,36.0,143.85,33.0,375.5,12.0,154.81,20.22,79.0,48.0,1.0445429622746982,127,31.0,-61.0,0.24
07:37:03,148.71,14.0,163.71,21.0,144.0,28.0,384.86,7.0,156.21,15.0,42.0,28.0,0.6200241931070007,70,14.0,-57.0,0.2
07:37:04,149.62,26.0,162.7,30.0,144.26,38.0,254.5,12.0,156.16,13.079999999999984,64.0,42.0,0.5772088010746584,106,22.0,36.0,0.21
07:37:05,151.0,80.0,161.82,33.0,149.64,22.0,225.04,23.0,156.41,10.819999999999993,102.0,56.0,0.640312423772915,158,46.0,52.0,0.29
07:37:06,151.0,84.0,161.0,36.0,150.0,24.0,222.52,27.0,156.0,10.0,108.0,63.0,0.6364510979155231,171,45.0,13.0,0.26
07:37:07,150.65,17.0,161.0,18.0,145.71,21.0,446.67,6.0,155.82,10.349999999999994,38.0,24.0,0.22259829298004208,62,14.0,-109.0,0.23
07:37:08,146.0,30.0,161.0,27.0,127.03,33.0,194.61,31.0,153.5,15.0,63.0,58.0,1.1817021621535095,121,5.0,59.0,0.04
07:37:09,144.52,23.0,160.29,21.0,100.0,33.0,261.0,7.0,152.4,15.769999999999982,56.0,28.0,1.7691184245378189,84,28.0,-37.0,0.33
07:37:10,144.0,70.0,157.42,50.0,115.63,38.0,166.23,39.0,150.71,13.419999999999987,108.0,89.0,2.2612783994989525,197,19.0,113.0,0.1
07:37:11,144.0,35.0,154.67,27.0,131.12,17.0,168.89,18.0,149.33,10.669999999999987,52.0,45.0,2.5087785872894712,97,7.0,-100.0,0.07
07:37:12,146.46,52.0,151.74,43.0,144.14,72.0,155.59,39.0,149.1,5.280000000000001,124.0,82.0,1.9165515907597732,206,42.0,109.0,0.2
07:37:13,146.36,88.0,150.24,42.0,145.06,68.0,224.7,30.0,148.3,3.8799999999999955,156.0,72.0,1.6130623050722785,228,84.0,22.0,0.37
07:37:14,146.0,93.0,148.65,37.0,144.0,44.0,169.24,34.0,147.32,2.6500000000000057,137.0,71.0,1.2593530085112676,208,66.0,-20.0,0.32
07:37:15,146.0,66.0,149.0,33.0,143.95,38.0,226.48,31.0,147.5,3.0,104.0,64.0,0.9084051959600382,168,40.0,-40.0,0.24
07:37:16,146.13,53.0,149.0,36.0,145.0,20.0,307.41,39.0,147.57,2.8700000000000045,73.0,75.0,0.7396756046049091,148,-2.0,-20.0,-0.01
07:37:17,147.13,31.0,148.87,30.0,145.77,26.0,391.7,40.0,148.0,1.740000000000009,57.0,70.0,0.40127297447986976,127,-13.0,-21.0,-0.1
07:37:18,145.96,23.0,338.23,31.0,143.37,19.0,514.53,19.0,242.09,192.27,42.0,50.0,42.25906802095881,92,-8.0,-35.0,-0.09
07:37:19,148.0,12.0,315.0,16.0,143.86,14.0,397.0,12.0,231.5,167.0,26.0,28.0,48.948600286422916,54,-2.0,-38.0,-0.04
07:37:20,149.0,8.0,315.0,8.0,146.0,4.0,497.0,6.0,232.0,166.0,12.0,14.0,48.063639791426326,26,-2.0,-28.0,-0.08
07:37:21,149.55,29.0,315.0,40.0,147.39,31.0,565.6,30.0,232.28,165.45,60.0,70.0,38.92006269265195,130,-10.0,104.0,-0.08
07:37:23,143.0,20.0,290.07,42.0,142.0,10.0,348.46,26.0,216.54,147.07,30.0,68.0,56.75544713945889,98,-38.0,-38.0,-0.39
07:37:24,143.0,10.0,347.8,25.0,142.0,5.0,395.82,11.0,245.4,204.8,15.0,36.0,55.75311722226757,51,-21.0,-47.0,-0.41
07:37:25,124.35,46.0,346.0,56.0,94.25,51.0,414.89,63.0,235.17,221.65,97.0,119.0,55.428108843797915,216,-22.0,165.0,-0.1
07:37:26,129.77,62.0,241.81,53.0,122.94,88.0,352.96,53.0,185.79,112.03999999999999,150.0,106.0,63.81365190928913,256,44.0,40.0,0.17
07:37:27,134.14,37.0,345.1,50.0,91.77,39.0,494.0,30.0,239.62,210.96000000000004,76.0,80.0,24.19245192203444,156,-4.0,-100.0,-0.03
07:37:28,146.23,26.0,344.89,45.0,145.43,28.0,551.66,29.0,245.56,198.66,54.0,74.0,25.26161455647561,128,-20.0,-28.0,-0.16
07:37:29,146.69,29.0,343.7,50.0,144.2,40.0,703.0,40.0,245.19,197.01,69.0,90.0,25.230404871898916,159,-21.0,31.0,-0.13
07:37:30,147.0,23.0,341.78,45.0,144.0,36.0,703.0,36.0,244.39,194.77999999999997,59.0,81.0,26.0035084171336,140,-22.0,-19.0,-0.16
07:37:31,147.0,16.0,338.75,40.0,144.0,32.0,705.55,11.0,242.88,191.75,48.0,51.0,2.4148850904179353,99,-3.0,-41.0,-0.03
07:37:32,148.1,21.0,338.0,45.0,145.09,33.0,657.67,12.0,243.05,189.9,54.0,57.0,1.2175508202625158,111,-3.0,12.0,-0.03
07:37:33,150.0,19.0,299.88,59.0,148.0,42.0,351.92,61.0,224.94,149.88,61.0,120.0,8.52303056429622,181,-59.0,70.0,-0.33
07:37:34,150.81,31.0,302.96,47.0,148.43,23.0,339.3,43.0,226.88,152.14999999999998,54.0,90.0,9.643794377729781,144,-36.0,-37.0,-0.25
07:37:35,151.0,68.0,330.33,42.0,150.0,10.0,391.57,21.0,240.67,179.32999999999998,78.0,63.0,8.997840296423002,141,15.0,-3.0,0.11
07:37:36,151.0,79.0,307.15,33.0,150.0,13.0,383.53,53.0,229.08,156.14999999999998,92.0,86.0,8.330469974733555,178,6.0,37.0,0.03
07:37:37,151.0,37.0,254.89,45.0,150.0,12.0,357.66,35.0,202.94,103.88999999999999,49.0,80.0,13.714307127957575,129,-31.0,-49.0,-0.24
07:37:38,151.0,66.0,153.0,55.0,150.0,11.0,298.89,19.0,152.0,2.0,77.0,74.0,35.365874512020305,151,3.0,22.0,0.02
07:37:39,151.0,74.0,152.96,57.0,150.0,13.0,220.38,32.0,151.98,1.960000000000008,87.0,89.0,41.86108431467092,176,-2.0,25.0,-0.01
07:37:40,152.53,62.0,184.14,29.0,149.0,18.0,216.0,14.0,168.34,31.609999999999985,80.0,43.0,34.045553601021204,123,37.0,-53.0,0.3
07:37:41,153.0,105.0,199.38,26.0,150.0,15.0,311.81,36.0,176.19,46.379999999999995,120.0,62.0,21.06190399750274,182,58.0,59.0,0.32
07:37:42,153.0,56.0,181.92,13.0,150.0,8.0,187.0,9.0,167.46,28.919999999999987,64.0,22.0,10.77770290924886,86,42.0,-96.0,0.49
07:37:43,153.0,63.0,176.12,17.0,150.0,9.0,180.64,11.0,164.56,23.120000000000005,72.0,28.0,8.798368030494514,100,44.0,14.0,0.44
07:37:44,153.0,22.0,164.0,33.0,150.0,11.0,177.0,11.0,158.5,11.0,33.0,44.0,6.416120323063308,77,-11.0,-23.0,-0.14
07:37:45,153.0,18.0,171.29,14.0,150.0,9.0,177.8,15.0,162.14,18.289999999999992,27.0,29.0,6.688168658162542,56,-2.0,-21.0,-0.04
07:37:46,153.0,24.0,175.75,24.0,150.0,12.0,177.0,12.0,164.38,22.75,36.0,36.0,3.331173967242035,72,0.0,16.0,0.0
07:37:47,153.0,22.0,175.53,30.0,150.98,101.0,418.26,19.0,164.27,22.53,123.0,49.0,2.5824407060050607,172,74.0,100.0,0.43
07:37:48,153.0,20.0,165.38,24.0,151.0,110.0,173.11,35.0,159.19,12.379999999999995,130.0,59.0,2.7622870958742447,189,71.0,17.0,0.38
07:37:49,151.62,39.0,158.67,12.0,150.96,69.0,174.52,33.0,155.14,7.049999999999983,108.0,45.0,3.906076036130676,153,63.0,-36.0,0.41
07:37:50,151.0,81.0,157.97,33.0,150.0,9.0,158.67,12.0,154.48,6.969999999999999,90.0,45.0,4.7663686387056226,135,45.0,-18.0,0.33
07:37:51,151.0,131.0,157.77,31.0,150.0,10.0,266.05,43.0,154.39,6.77000000000001,141.0,74.0,4.273491546737782,215,67.0,80.0,0.31
07:37:52,151.0,172.0,155.0,48.0,150.0,12.0,185.96,50.0,153.0,4.0,184.0,98.0,2.341484571813842,282,86.0,67.0,0.3
07:37:53,151.0,143.0,152.18,44.0,149.14,14.0,155.0,44.0,151.59,1.1800000000000068,157.0,88.0,1.422866824423222,245,69.0,-37.0,0.28
07:37:54,151.0,68.0,152.0,32.0,149.75,16.0,239.0,35.0,151.5,1.0,84.0,67.0,1.445707439299237,151,17.0,-94.0,0.11
07:37:55,151.0,46.0,176.27,41.0,150.0,20.0,353.53,38.0,163.63,25.27000000000001,66.0,79.0,5.063809830556713,145,-13.0,-6.0,-0.09
07:37:56,151.0,8.0,438.87,15.0,150.0,16.0,580.43,7.0,294.93,287.87,24.0,22.0,62.81388262159892,46,2.0,-99.0,0.04
07:37:57,148.92,12.0,447.91,22.0,146.73,33.0,596.75,8.0,298.41,298.99,45.0,30.0,77.44893039932812,75,15.0,29.0,0.2
07:37:58,146.0,4.0,339.0,8.0,144.0,16.0,625.0,8.0,242.5,193.0,20.0,16.0,70.0341376044565,36,4.0,-39.0,0.11
07:37:59,152.67,21.0,339.0,14.0,145.2,10.0,625.0,10.0,245.83,186.33,31.0,24.0,54.52346008829524,55,7.0,19.0,0.13
07:38:03,145.92,48.0,431.62,13.0,143.18,51.0,467.83,23.0,288.77,285.70000000000005,99.0,36.0,74.090734778377,135,63.0,25.0,0.47
07:38:04,146.04,24.0,260.88,16.0,143.0,126.0,285.86,7.0,203.46,114.84,150.0,23.0,89.32271474826442,173,127.0,38.0,0.73
07:38:05,147.0,4.0,284.0,4.0,143.0,56.0,285.0,8.0,215.5,137.0,60.0,12.0,98.07424621173419,72,48.0,-101.0,0.67
07:38:06,143.43,37.0,282.41,17.0,142.86,65.0,384.89,9.0,212.92,138.98000000000002,102.0,26.0,85.1143288171851,128,76.0,56.0,0.59
07:38:07,148.07,30.0,282.0,30.0,142.97,102.0,284.0,10.0,215.03,133.93,132.0,40.0,34.79708795287262,172,92.0,44.0,0.53
07:38:08,143.77,43.0,256.42,26.0,142.79,58.0,260.33,18.0,200.1,112.65,101.0,44.0,7.125147016025452,145,57.0,-27.0,0.39
07:38:09,146.0,18.0,250.28,25.0,143.22,55.0,251.53,17.0,198.14,104.28,73.0,42.0,8.49905406501088,115,31.0,-30.0,0.27
07:38:10,146.91,22.0,248.0,33.0,145.74,23.0,249.36,33.0,197.45,101.09,45.0,66.0,8.529793080724925,111,-21.0,-4.0,-0.19
07:38:11,147.0,16.0,247.0,24.0,146.0,16.0,249.0,24.0,197.0,100.0,32.0,48.0,7.63140419582052,80,-16.0,-31.0,-0.2
07:38:12,147.0,18.0,244.67,27.0,146.0,18.0,245.89,27.0,195.83,97.66999999999999,36.0,54.0,1.5813696595015263,90,-18.0,10.0,-0.2
07:38:13,147.0,22.0,202.43,30.0,146.0,22.0,226.93,30.0,174.72,55.43000000000001,44.0,60.0,10.046112183327368,104,-16.0,14.0,-0.15
07:38:14,147.33,24.0,157.33,36.0,146.33,24.0,162.0,12.0,152.33,10.0,48.0,48.0,19.859084319273393,96,0.0,-8.0,0.0
07:38:15,148.0,28.0,153.0,42.0,147.0,28.0,154.42,38.0,150.5,5.0,56.0,80.0,22.515979436836027,136,-24.0,40.0,-0.18
07:38:16,148.07,15.0,151.09,34.0,146.92,24.0,153.19,26.0,149.58,3.0200000000000102,39.0,60.0,20.326646796755117,99,-21.0,-37.0,-0.21
07:38:17,147.0,15.0,148.42,24.0,146.0,18.0,149.4,15.0,147.71,1.4199999999999875,33.0,39.0,11.166609601846368,72,-6.0,-27.0,-0.08
07:38:18,146.08,13.0,147.62,24.0,144.17,23.0,220.36,11.0,146.85,1.539999999999992,36.0,35.0,2.190075341182319,71,1.0,-1.0,0.01
07:38:19,144.0,39.0,154.53,38.0,143.0,23.0,314.25,24.0,149.26,10.530000000000001,62.0,62.0,1.4746694545068817,124,0.0,53.0,0.0
07:38:20,143.25,64.0,305.0,20.0,87.32,28.0,534.0,9.0,224.12,161.75,92.0,29.0,33.903815861935605,121,63.0,-3.0,0.52
07:38:21,153.0,70.0,306.17,23.0,147.87,46.0,402.11,19.0,229.59,153.17000000000002,116.0,42.0,43.27538711554196,158,74.0,37.0,0.47
07:38:22,151.89,54.0,315.68,19.0,150.65,43.0,379.9,30.0,233.79,163.79000000000002,97.0,49.0,44.56694481339272,146,48.0,-12.0,0.33
07:38:23,151.0,54.0,378.29,17.0,150.0,27.0,562.62,21.0,264.65,227.29000000000002,81.0,38.0,42.709715171140644,119,43.0,-27.0,0.36
07:38:24,151.0,48.0,376.38,8.0,148.17,72.0,569.71,34.0,263.69,225.38,120.0,42.0,19.47924587862505,162,78.0,43.0,0.48
07:38:25,151.0,69.0,374.14,14.0,148.49,73.0,539.44,52.0,262.57,223.14,142.0,66.0,17.57622598853125,208,76.0,46.0,0.37
07:38:26,151.0,27.0,325.54,13.0,150.0,18.0,365.71,41.0,238.27,174.54000000000002,45.0,54.0,15.221336340805262,99,-9.0,-109.0,-0.09
07:38:27,152.6,30.0,235.84,32.0,150.82,22.0,254.58,12.0,194.22,83.24000000000001,52.0,44.0,30.280079260132876,96,8.0,-3.0,0.08
07:38:28,153.0,44.0,233.09,11.0,151.0,33.0,252.73,15.0,193.05,80.09,77.0,26.0,35.032402144299894,103,51.0,7.0,0.5
07:38:29,153.0,32.0,232.0,8.0,151.0,24.0,249.0,8.0,192.5,79.0,56.0,16.0,32.472928263400675,72,40.0,-31.0,0.56
07:38:30,152.8,40.0,231.36,11.0,150.87,31.0,249.0,11.0,192.08,78.56,71.0,22.0,20.278050448699094,93,49.0,21.0,0.53
07:38:31,151.0,38.0,230.0,10.0,150.0,20.0,249.0,10.0,190.5,79.0,58.0,20.0,1.3631580979468712,78,38.0,-15.0,0.49
07:38:32,151.0,44.0,228.97,35.0,150.0,22.0,299.14,21.0,189.99,77.97,66.0,56.0,1.3173951571184965,122,10.0,44.0,0.08
07:38:33,149.5,66.0,228.0,13.0,148.4,50.0,229.0,52.0,188.75,78.5,116.0,65.0,1.5387104990869462,181,51.0,59.0,0.28
07:38:34,148.02,122.0,228.0,12.0,147.2,55.0,229.0,48.0,188.01,79.97999999999999,177.0,60.0,1.5818754691825758,237,117.0,56.0,0.49
07:38:35,148.0,75.0,227.16,19.0,147.0,28.0,228.75,16.0,187.58,79.16,103.0,35.0,1.2533275709098346,138,68.0,-99.0,0.49
07:38:36,148.0,99.0,187.0,33.0,147.0,44.0,181.86,36.0,167.5,39.0,143.0,69.0,9.472583069047683,212,74.0,74.0,0.35
07:38:37,147.78,67.0,195.24,50.0,146.42,77.0,392.8,45.0,171.51,47.46000000000001,144.0,95.0,10.298842167933913,239,49.0,27.0,0.21
07:38:38,147.0,30.0,223.8,20.0,146.0,90.0,226.0,40.0,185.4,76.80000000000001,120.0,60.0,9.735329989271786,180,60.0,-59.0,0.33
07:38:39,147.0,15.0,215.67,12.0,146.0,63.0,225.33,24.0,181.33,68.66999999999999,78.0,36.0,8.771985522104814,114,42.0,-66.0,0.37
07:38:40,147.0,12.0,178.17,12.0,146.0,54.0,180.0,6.0,162.58,31.169999999999987,66.0,18.0,9.513029485922095,84,48.0,-30.0,0.57
07:38:41,147.0,18.0,176.2,20.0,146.0,81.0,177.06,34.0,161.6,29.19999999999999,99.0,54.0,10.753768176784586,153,45.0,69.0,0.29
07:38:42,148.06,34.0,171.68,37.0,146.14,73.0,173.03,39.0,159.87,23.620000000000005,107.0,76.0,12.182369638129856,183,31.0,30.0,0.17
07:38:43,147.29,28.0,169.33,42.0,146.02,119.0,169.89,36.0,158.31,22.04000000000002,147.0,78.0,9.418267887464012,225,69.0,42.0,0.31
07:38:44,147.0,24.0,165.08,26.0,146.0,30.0,166.3,46.0,156.04,18.080000000000013,54.0,72.0,2.6105076134811274,126,-18.0,-99.0,-0.14
07:38:45,146.31,13.0,162.27,22.0,144.05,74.0,166.0,44.0,154.29,15.960000000000008,87.0,66.0,2.922168715191738,153,21.0,27.0,0.14
07:38:46,144.29,17.0,159.67,18.0,80.16,25.0,166.0,36.0,151.98,15.379999999999995,42.0,54.0,3.1365219591209925,96,-12.0,-57.0,-0.12
07:38:47,143.0,55.0,159.0,24.0,115.53,36.0,166.0,48.0,151.0,16.0,91.0,72.0,2.973941828625895,163,19.0,67.0,0.12
07:38:48,143.0,60.0,157.6,30.0,109.29,58.0,159.4,30.0,150.3,14.599999999999994,118.0,60.0,2.390066944680218,178,58.0,15.0,0.33
07:38:49,143.44,54.0,154.54,26.0,141.66,62.0,158.0,52.0,148.99,11.099999999999994,116.0,78.0,1.9892134123957326,194,38.0,16.0,0.2
07:38:50,144.0,48.0,151.07,27.0,143.0,144.0,152.58,24.0,147.54,7.069999999999993,192.0,51.0,1.7374464020674347,243,141.0,49.0,0.58
07:38:51,143.43,95.0,145.62,53.0,142.53,141.0,147.26,27.0,144.53,2.1899999999999977,236.0,80.0,2.5694688167127535,316,156.0,73.0,0.49
07:38:52,143.0,82.0,144.36,33.0,132.0,10.0,145.18,22.0,143.68,1.3600000000000136,92.0,55.0,2.8401003503505518,147,37.0,-169.0,0.25
07:38:53,143.18,91.0,146.28,40.0,138.6,30.0,164.68,37.0,144.73,3.0999999999999943,121.0,77.0,2.2589665778985997,198,44.0,51.0,0.22
07:38:54,144.92,37.0,193.54,39.0,142.45,73.0,282.19,31.0,169.23,48.620000000000005,110.0,70.0,10.879612585016847,180,40.0,-18.0,0.22
07:38:55,144.6,40.0,363.5,30.0,142.11,54.0,471.0,20.0,254.05,218.9,94.0,50.0,47.53234141087546,144,44.0,-36.0,0.31
07:38:56,145.47,19.0,389.0,36.0,142.97,62.0,471.0,24.0,267.24,243.53,81.0,60.0,60.2647063379553,141,21.0,-3.0,0.15
07:38:57,149.57,7.0,260.43,14.0,144.75,16.0,409.5,16.0,205.0,110.86000000000001,23.0,30.0,52.78535166123242,53,-7.0,-88.0,-0.13
07:38:58,151.0,9.0,346.91,22.0,148.0,18.0,459.88,25.0,248.95,195.91000000000003,27.0,47.0,40.731435403137226,74,-20.0,21.0,-0.27
07:38:59,151.0,11.0,372.83,29.0,148.0,22.0,431.33,27.0,261.91,221.82999999999998,33.0,56.0,24.741393453076043,89,-23.0,15.0,-0.26
07:39:00,151.0,8.0,172.5,16.0,148.0,16.0,527.75,24.0,161.75,21.5,24.0,40.0,44.838393704502174,64,-16.0,-25.0,-0.25
07:39:01,151.0,12.0,325.42,31.0,148.0,42.0,467.0,36.0,238.21,174.42000000000002,54.0,67.0,40.293184038990375,121,-13.0,57.0,-0.11
07:39:02,151.0,10.0,383.13,30.0,148.0,40.0,445.04,23.0,267.07,232.13,50.0,53.0,42.782682477842954,103,-3.0,-18.0,-0.03
07:39:03,152.82,11.0,204.54,39.0,150.14,14.0,225.75,32.0,178.68,51.72,25.0,71.0,48.4572727255667,96,-46.0,-7.0,-0.48
07:39:04,149.74,19.0,170.05,63.0,139.63,65.0,175.41,49.0,159.89,20.310000000000002,84.0,112.0,48.678881457979074,196,-28.0,100.0,-0.14
07:39:05,151.0,9.0,169.67,36.0,148.0,36.0,289.96,25.0,160.33,18.669999999999987,45.0,61.0,48.969270772597575,106,-16.0,-90.0,-0.15
07:39:06,149.36,11.0,168.0,32.0,147.74,23.0,406.0,18.0,158.68,18.639999999999986,34.0,50.0,46.65636666093922,84,-16.0,-22.0,-0.19
07:39:07,149.73,74.0,168.0,40.0,147.89,19.0,461.57,21.0,158.86,18.27000000000001,93.0,61.0,8.632072173008666,154,32.0,70.0,0.21
07:39:08,150.06,34.0,167.83,24.0,149.33,24.0,475.0,12.0,158.95,17.77000000000001,58.0,36.0,0.7246861389842405,94,22.0,-60.0,0.23
07:39:09,150.0,54.0,166.09,44.0,148.0,18.0,185.12,34.0,158.05,16.090000000000003,72.0,78.0,0.8355417404513048,150,-6.0,56.0,-0.04
07:39:10,150.0,42.0,165.71,35.0,148.0,16.0,167.0,28.0,157.86,15.710000000000008,58.0,63.0,0.4936091571649299,121,-5.0,-29.0,-0.04
07:39:11,150.0,78.0,163.76,55.0,148.0,30.0,165.39,62.0,156.88,13.759999999999991,108.0,117.0,0.8435935040276027,225,-9.0,104.0,-0.04
07:39:12,149.27,22.0,159.98,53.0,146.29,56.0,163.18,55.0,154.63,10.70999999999998,78.0,108.0,1.6507967773286698,186,-30.0,-39.0,-0.16
07:39:13,148.0,9.0,158.38,29.0,146.0,54.0,177.85,40.0,153.19,10.379999999999995,63.0,69.0,2.1292651314573945,132,-6.0,-54.0,-0.05
07:39:14,148.0,10.0,154.25,40.0,146.0,60.0,155.57,35.0,151.12,6.25,70.0,75.0,2.7309760160137064,145,-5.0,13.0,-0.03
07:39:15,148.0,13.0,153.35,34.0,146.0,78.0,156.05,21.0,150.68,5.349999999999994,91.0,55.0,2.5599902343649603,146,36.0,1.0,0.25
07:39:16,148.0,11.0,151.84,19.0,146.0,66.0,265.9,20.0,149.92,3.8400000000000034,77.0,39.0,1.9451143925347454,116,38.0,-30.0,0.33
07:39:17,146.67,18.0,152.0,18.0,145.26,57.0,601.53,19.0,149.33,5.3300000000000125,75.0,37.0,1.4792464297902461,112,38.0,-4.0,0.34
07:39:18,146.0,23.0,151.58,24.0,144.0,84.0,593.62,26.0,148.79,5.5800000000000125,107.0,50.0,0.9527696468970697,157,57.0,45.0,0.36
07:39:19,144.05,41.0,151.0,22.0,143.26,27.0,557.74,19.0,147.52,6.949999999999989,68.0,41.0,1.1942235971748785,109,27.0,-48.0,0.25
07:39:20,144.0,42.0,150.09,22.0,143.0,22.0,261.19,31.0,147.05,6.090000000000003,64.0,53.0,1.209326258728495,117,11.0,8.0,0.09
07:39:21,144.0,18.0,148.33,18.0,143.0,18.0,420.96,27.0,146.17,4.3300000000000125,36.0,45.0,1.2859704506913363,81,-9.0,-36.0,-0.11
07:39:22,145.06,34.0,154.5,12.0,144.16,19.0,486.4,15.0,149.78,9.439999999999998,53.0,27.0,1.4299545447499882,80,26.0,-1.0,0.33
07:39:23,148.0,18.0,350.51,37.0,145.0,63.0,404.48,33.0,249.26,202.51,81.0,70.0,45.46984748160064,151,11.0,71.0,0.07
07:39:24,145.0,49.0,247.43,35.0,144.0,14.0,332.86,35.0,196.21,102.43,63.0,70.0,45.21212038823231,133,-7.0,-18.0,-0.05
07:39:25,146.08,84.0,244.77,48.0,144.0,24.0,346.4,52.0,195.43,98.69,108.0,100.0,42.083041121097686,208,8.0,75.0,0.04
07:39:26,147.08,49.0,243.73,55.0,146.0,42.0,248.0,55.0,195.4,96.64999999999998,91.0,110.0,35.23581884957388,201,-19.0,-7.0,-0.09
07:39:27,147.0,27.0,239.33,30.0,144.0,18.0,310.0,45.0,193.17,92.33000000000001,45.0,75.0,24.268855143990102,120,-30.0,-81.0,-0.25
07:39:28,147.0,27.0,232.45,42.0,144.0,18.0,416.86,14.0,189.73,85.44999999999999,45.0,56.0,2.6367631672166407,101,-11.0,-19.0,-0.11
07:39:29,147.2,20.0,231.67,60.0,145.14,28.0,381.26,39.0,189.43,84.47,48.0,99.0,2.9348969317493983,147,-51.0,46.0,-0.35
07:39:30,144.0,14.0,229.71,14.0,143.0,14.0,231.0,35.0,186.86,85.71000000000001,28.0,49.0,3.363505611708442,77,-21.0,-70.0,-0.27
07:39:31,147.31,26.0,227.5,24.0,106.25,48.0,231.0,60.0,187.4,80.19,74.0,84.0,2.4870002010446686,158,-10.0,81.0,-0.06
07:39:32,151.0,18.0,227.0,18.0,145.74,77.0,231.0,45.0,189.0,76.0,95.0,63.0,1.2773135871810537,158,32.0,0.0,0.2
07:39:33,151.0,24.0,225.5,36.0,146.0,168.0,226.69,48.0,188.25,74.5,192.0,84.0,1.0712469369840552,276,108.0,118.0,0.39
07:39:34,151.0,24.0,223.42,24.0,146.0,168.0,225.54,48.0,187.21,72.41999999999999,192.0,72.0,0.868694422681687,264,120.0,-12.0,0.45
07:39:35,146.06,171.0,220.07,41.0,145.04,27.0,220.7,46.0,183.07,74.00999999999999,198.0,87.0,2.3027440152998424,285,111.0,21.0,0.39
07:39:36,148.25,182.0,216.5,36.0,145.99,183.0,217.74,54.0,182.37,68.25,365.0,90.0,3.0531295419619005,455,275.0,169.5,0.6
07:39:37,150.0,100.0,212.72,29.0,146.0,139.0,213.64,22.0,181.36,62.72,239.0,51.0,3.0755682401797513,290,188.0,-165.0,0.65
07:39:38,150.0,136.0,207.62,77.0,146.29,168.0,208.67,49.0,178.81,57.620000000000005,304.0,126.0,3.0586402207524737,430,178.0,140.0,0.41
07:39:39,150.0,69.0,202.58,24.0,148.0,27.0,203.61,33.0,176.29,52.58000000000001,96.0,57.0,2.799535675787592,153,39.0,-170.5,0.25
07:39:40,150.0,65.0,197.29,28.0,148.0,39.0,198.89,36.0,173.64,47.28999999999999,104.0,64.0,3.5970863209005617,168,40.0,15.0,0.24
07:39:41,150.56,80.0,189.84,56.0,148.56,54.0,192.24,55.0,170.2,39.28,134.0,111.0,4.356070476933662,245,23.0,77.0,0.09
07:39:42,150.0,65.0,185.94,34.0,148.0,39.0,189.02,43.0,167.97,35.94,104.0,77.0,4.398894179224644,181,27.0,-64.0,0.15
07:39:43,150.0,60.0,181.75,40.0,148.0,36.0,184.33,43.0,165.88,31.75,96.0,83.0,4.206569861540381,179,13.0,-2.0,0.07
07:39:44,150.0,70.0,178.67,42.0,148.0,42.0,179.8,41.0,164.33,28.669999999999987,112.0,83.0,3.667346452139892,195,29.0,16.0,0.15
07:39:45,150.0,50.0,174.2,40.0,148.0,30.0,175.15,26.0,162.1,24.19999999999999,80.0,66.0,3.1419786759343595,146,14.0,-49.0,0.1
07:39:46,151.76,38.0,170.81,69.0,146.56,72.0,171.95,66.0,161.29,19.05000000000001,110.0,135.0,2.732458599874603,245,-25.0,99.0,-0.1
07:39:47,153.0,6.0,168.67,18.0,148.0,6.0,169.56,27.0,160.83,15.669999999999987,12.0,45.0,2.147167902151706,57,-33.0,-170.5,-0.58
07:39:48,153.0,14.0,166.24,34.0,148.0,14.0,168.64,50.0,159.62,13.240000000000009,28.0,84.0,1.7540324968575218,112,-56.0,55.0,-0.5
07:39:49,147.13,45.0,162.25,60.0,146.01,144.0,164.0,48.0,154.69,15.120000000000005,189.0,108.0,2.9441178644943493,297,81.0,169.5,0.27
07:39:50,147.0,56.0,158.85,55.0,146.0,182.0,159.97,58.0,152.93,11.849999999999994,238.0,113.0,3.8090838793648523,351,125.0,54.0,0.36
07:39:51,147.0,42.0,153.66,47.0,146.0,204.0,154.91,35.0,150.33,6.659999999999997,246.0,82.0,4.450033707742011,328,164.0,-23.0,0.5
07:39:52,146.06,104.0,151.85,48.0,144.89,115.0,152.44,34.0,148.96,5.789999999999992,219.0,82.0,4.173359557963251,301,137.0,-27.0,0.46
07:39:53,146.0,96.0,197.16,43.0,144.0,104.0,225.64,56.0,171.58,51.16,200.0,99.0,9.153303775142625,299,101.0,-2.0,0.34
07:39:54,146.0,24.0,197.28,25.0,144.0,64.0,317.0,32.0,171.64,51.28,88.0,57.0,11.519577683232828,145,31.0,-154.0,0.21
07:39:55,146.0,24.0,194.12,16.0,144.0,64.0,271.0,30.0,170.06,48.120000000000005,88.0,46.0,11.774751802056448,134,42.0,-11.0,0.31
07:39:56,148.27,22.0,157.82,34.0,146.0,51.0,204.0,24.0,153.05,9.549999999999983,73.0,58.0,11.115494590886676,131,15.0,-3.0,0.11
07:39:57,150.0,27.0,151.63,19.0,146.0,27.0,217.7,20.0,150.82,1.6299999999999955,54.0,39.0,10.542058622490707,93,15.0,-38.0,0.16
07:39:59,146.33,15.0,436.8,40.0,144.24,85.0,545.84,37.0,291.57,290.47,100.0,77.0,94.05875945386455,177,23.0,-8.0,0.13
07:40:00,148.2,10.0,253.34,38.0,147.2,10.0,371.81,48.0,200.77,105.14000000000001,20.0,86.0,90.56295528525969,106,-66.0,-71.0,-0.62
07:40:01,149.0,10.0,252.0,50.0,148.0,10.0,393.21,48.0,200.5,103.0,20.0,98.0,82.54708395818676,118,-78.0,12.0,-0.66
07:40:02,144.27,74.0,239.42,31.0,144.11,18.0,304.07,45.0,191.84,95.14999999999998,92.0,76.0,72.94726362242743,168,16.0,50.0,0.1
07:40:03,144.43,69.0,160.75,60.0,143.5,36.0,267.26,42.0,152.59,16.319999999999993,105.0,102.0,51.04505588203402,207,3.0,39.0,0.01
07:40:04,144.0,48.0,160.0,40.0,142.82,17.0,538.12,26.0,152.0,16.0,65.0,66.0,25.13005471542018,131,-1.0,-76.0,-0.01
07:40:05,144.0,47.0,159.75,40.0,142.44,27.0,522.0,27.0,151.88,15.75,74.0,67.0,24.30223693407717,141,7.0,10.0,0.05
07:40:06,143.82,22.0,278.9,50.0,139.09,43.0,573.95,41.0,211.36,135.07999999999998,65.0,91.0,27.94805860878394,156,-26.0,15.0,-0.17
07:40:07,150.45,116.0,415.29,49.0,136.28,50.0,441.73,55.0,282.87,264.84000000000003,166.0,104.0,57.83085465389561,270,62.0,114.0,0.23
07:40:08,151.0,150.0,203.4,47.0,143.0,44.0,331.54,35.0,177.2,52.400000000000006,194.0,82.0,54.80406390040791,276,112.0,6.0,0.41
07:40:09,151.0,210.0,183.72,58.0,143.0,56.0,298.42,50.0,167.36,32.72,266.0,108.0,52.15318954771597,374,158.0,98.0,0.42
07:40:10,151.0,146.0,176.89,37.0,145.45,22.0,179.96,27.0,163.95,25.889999999999986,168.0,64.0,49.69858418506494,232,104.0,-142.0,0.45
07:40:11,151.6,40.0,173.38,64.0,150.93,180.0,174.82,34.0,162.49,21.78,220.0,98.0,51.80167400769977,318,122.0,86.0,0.38
07:40:12,153.0,11.0,167.24,17.0,151.0,154.0,169.61,31.0,160.12,14.240000000000009,165.0,48.0,6.673374708498493,213,117.0,-105.0,0.55
07:40:13,153.0,12.0,163.67,48.0,151.0,172.0,164.64,33.0,158.33,10.669999999999987,184.0,81.0,3.491525454587411,265,103.0,52.0,0.39
07:40:14,153.0,11.0,159.32,19.0,151.0,176.0,161.17,47.0,156.16,6.319999999999993,187.0,66.0,3.127738799841578,253,121.0,-12.0,0.48
07:40:15,153.0,7.0,157.13,23.0,151.0,112.0,158.79,19.0,155.07,4.1299999999999955,119.0,42.0,2.9913257930283197,161,77.0,-92.0,0.48
07:40:16,151.19,93.0,155.17,54.0,150.77,186.0,155.75,24.0,153.18,3.9799999999999898,279.0,78.0,2.7207664361423176,357,201.0,169.5,0.56
07:40:17,151.0,56.0,153.0,10.0,150.0,30.0,154.0,5.0,152.0,2.0,86.0,15.0,2.4868795708760043,101,71.0,-170.5,0.7
07:40:18,151.0,57.0,152.47,19.0,150.0,84.0,449.15,40.0,151.74,1.4699999999999989,141.0,59.0,1.9304144632803424,200,82.0,99.0,0.41
07:40:19,150.33,27.0,151.62,8.0,149.35,23.0,477.0,32.0,150.98,1.289999999999992,50.0,40.0,1.593825586456431,90,10.0,-110.0,0.11
07:40:22,150.0,9.0,296.43,35.0,147.86,21.0,368.46,26.0,223.21,146.43,30.0,61.0,104.00995505238879,91,-31.0,15.0,-0.34
07:40:23,148.18,33.0,284.79,53.0,147.47,19.0,298.72,39.0,216.49,136.61,52.0,92.0,92.9091532089273,144,-40.0,53.0,-0.28
07:40:24,147.5,24.0,272.0,50.0,145.29,14.0,462.69,13.0,209.75,124.5,38.0,63.0,78.58039373787783,101,-25.0,-43.0,-0.25
07:40:25,146.6,25.0,270.33,33.0,144.35,23.0,303.24,46.0,208.47,123.72999999999999,48.0,79.0,78.79138100071565,127,-31.0,26.0,-0.24
07:40:26,147.0,50.0,266.38,34.0,146.0,10.0,268.77,26.0,206.69,119.38,60.0,60.0,6.84275675440653,120,0.0,-7.0,0.0
07:40:27,151.0,21.0,265.13,31.0,147.0,35.0,266.64,11.0,208.06,114.13,56.0,42.0,3.8465854988521633,98,14.0,-22.0,0.14
07:40:28,151.0,33.0,263.09,11.0,147.0,55.0,265.0,55.0,207.05,112.08999999999997,88.0,66.0,1.2150637843265566,154,22.0,56.0,0.14
07:40:29,151.0,27.0,236.03,33.0,147.0,45.0,246.23,13.0,193.52,85.03,72.0,46.0,6.323778142849868,118,26.0,-36.0,0.22
07:40:30,150.8,30.0,234.02,46.0,148.56,48.0,235.36,14.0,192.41,83.22,78.0,60.0,7.859232150788619,138,18.0,20.0,0.13
07:40:31,150.31,32.0,215.2,46.0,147.88,51.0,225.12,24.0,182.75,64.88999999999999,83.0,70.0,10.715342738335304,153,13.0,15.0,0.08
07:40:32,149.27,22.0,205.59,32.0,148.91,33.0,206.55,42.0,177.43,56.31999999999999,55.0,74.0,11.373997538244948,129,-19.0,-24.0,-0.15
07:40:33,148.08,71.0,203.19,36.0,147.08,65.0,203.62,64.0,175.64,55.109999999999985,136.0,100.0,8.29703260208186,236,36.0,107.0,0.15
07:40:34,148.0,36.0,196.7,23.0,147.0,36.0,200.08,13.0,172.35,48.69999999999999,72.0,36.0,7.836458383735224,108,36.0,-128.0,0.33
07:40:35,147.81,64.0,186.88,51.0,146.95,55.0,192.29,42.0,167.35,39.06999999999999,119.0,93.0,5.741687905139047,212,26.0,104.0,0.12
07:40:36,144.93,15.0,147.38,13.0,143.41,34.0,148.19,27.0,146.16,2.4499999999999886,49.0,40.0,12.682627093785767,89,9.0,-123.0,0.1
07:40:37,143.2,30.0,147.14,21.0,131.0,33.0,148.0,15.0,145.17,3.9399999999999977,63.0,36.0,14.609340505308124,99,27.0,10.0,0.27
07:40:38,143.0,24.0,145.0,19.0,112.88,24.0,188.65,17.0,144.0,2.0,48.0,36.0,13.686848797296056,84,12.0,-15.0,0.14
07:40:39,139.04,25.0,144.4,30.0,98.48,23.0,288.28,18.0,141.72,5.360000000000014,48.0,48.0,10.456856602251557,96,0.0,12.0,0.0
07:40:40,135.0,27.0,144.0,18.0,79.0,18.0,179.56,9.0,139.5,9.0,45.0,27.0,2.6973320151695845,72,18.0,-24.0,0.25
07:40:41,109.5,16.0,144.0,20.0,57.62,21.0,224.9,10.0,126.75,34.5,37.0,30.0,7.413903829971323,67,7.0,-5.0,0.1
07:40:42,110.91,22.0,144.0,22.0,71.0,20.0,422.76,17.0,127.45,33.09,42.0,39.0,8.178724228146326,81,3.0,14.0,0.04
07:40:43,142.37,54.0,348.86,29.0,140.71,35.0,433.13,23.0,245.62,206.49,89.0,52.0,50.44393293548833,141,37.0,60.0,0.26
07:40:44,153.0,26.0,373.63,38.0,151.0,53.0,387.22,46.0,263.32,220.63,79.0,84.0,67.97817274684584,163,-5.0,22.0,-0.03
07:40:45,151.11,38.0,220.18,22.0,147.47,51.0,301.44,18.0,185.64,69.07,89.0,40.0,64.0335531577001,129,49.0,-34.0,0.38
07:40:46,151.0,40.0,162.79,34.0,147.0,50.0,182.81,16.0,156.9,11.789999999999992,90.0,50.0,57.7259471988117,140,40.0,11.0,0.29
07:40:47,151.0,67.0,159.61,57.0,147.0,65.0,160.53,30.0,155.31,8.610000000000014,132.0,87.0,50.35474575449656,219,45.0,79.0,0.21
07:40:48,151.0,48.0,156.62,53.0,147.0,60.0,156.91,23.0,153.81,5.6200000000000045,108.0,76.0,46.79282562530299,184,32.0,-35.0,0.17
07:40:49,151.0,44.0,152.87,23.0,147.0,55.0,154.4,20.0,151.93,1.8700000000000045,99.0,43.0,14.05239374626402,142,56.0,-42.0,0.39
07:40:50,149.5,48.0,151.91,66.0,146.14,63.0,152.62,39.0,150.7,2.4099999999999966,111.0,105.0,2.498629624423988,216,6.0,74.0,0.03
07:40:51,147.0,39.0,149.96,47.0,144.0,45.0,151.36,44.0,148.48,2.960000000000008,84.0,91.0,2.660212397544843,175,-7.0,-41.0,-0.04
07:40:52,144.77,47.0,147.96,52.0,143.59,34.0,148.8,25.0,146.36,3.1899999999999977,81.0,77.0,2.913902881026328,158,4.0,-17.0,0.03
07:40:53,143.65,23.0,145.5,20.0,122.0,16.0,190.0,13.0,144.58,1.8499999999999943,39.0,33.0,3.0212083675337333,72,6.0,-86.0,0.08
07:40:54,119.69,26.0,145.0,18.0,95.89,18.0,241.33,9.0,132.35,25.310000000000002,44.0,27.0,7.165345769749065,71,17.0,-1.0,0.24
07:41:00,108.44,32.0,141.47,53.0,94.2,10.0,385.82,28.0,124.95,33.03,42.0,81.0,5.377567293869184,123,-39.0,-2.0,-0.32
07:41:03,124.07,27.0,140.89,36.0,122.73,45.0,141.74,76.0,132.48,16.819999999999993,72.0,112.0,3.6787837664211738,184,-40.0,-4.0,-0.22
07:41:07,136.5,10.0,141.0,40.0,134.6,10.0,142.0,70.0,138.75,4.5,20.0,110.0,2.463720763413199,130,-90.0,41.0,-0.69
07:41:08,139.0,11.0,141.0,44.0,137.73,11.0,142.0,77.0,140.0,2.0,22.0,121.0,2.975284860323673,143,-99.0,13.0,-0.69
07:41:09,136.57,14.0,141.0,36.0,114.79,14.0,142.0,77.0,138.79,4.430000000000007,28.0,113.0,2.9511184320643657,141,-85.0,-2.0,-0.6
07:41:10,134.4,10.0,141.0,21.0,84.0,11.0,142.0,49.0,137.7,6.599999999999994,21.0,70.0,1.8763608395158933,91,-49.0,-50.0,-0.54
07:41:24,106.75,80.0,141.89,28.0,92.0,32.0,142.62,40.0,124.32,35.139999999999986,112.0,68.0,8.655179374229348,180,44.0,6.0,0.24
07:41:25,109.38,80.0,141.83,36.0,51.06,71.0,142.75,40.0,125.6,32.45000000000002,151.0,76.0,6.220389859171877,227,75.0,47.0,0.33
07:41:26,111.02,51.0,141.0,18.0,50.81,43.0,142.0,30.0,126.01,29.980000000000004,94.0,48.0,4.501891824565043,142,46.0,-85.0,0.32
07:41:36,138.57,49.0,140.77,35.0,130.54,26.0,141.81,86.0,139.67,2.200000000000017,75.0,121.0,2.615478923652378,196,-46.0,60.0,-0.23
07:41:37,139.14,50.0,141.43,23.0,132.5,32.0,142.04,115.0,140.29,2.2900000000000205,82.0,138.0,1.7705281698035629,220,-56.0,24.0,-0.25
07:41:38,135.26,31.0,142.0,66.0,128.19,21.0,143.0,55.0,138.63,6.740000000000009,52.0,121.0,1.059632011628212,173,-69.0,-47.0,-0.4
07:41:39,130.73,22.0,142.36,33.0,129.0,25.0,176.88,51.0,136.55,11.630000000000024,47.0,84.0,1.447411482636328,131,-37.0,-42.0,-0.28
07:41:40,131.0,32.0,169.09,33.0,106.5,16.0,218.53,49.0,150.05,38.09,48.0,82.0,5.234206721181791,130,-34.0,-1.0,-0.26
07:41:41,131.0,22.0,157.23,26.0,76.27,11.0,185.09,35.0,144.12,26.22999999999999,33.0,61.0,5.321054406794149,94,-28.0,-36.0,-0.3
07:41:42,131.0,20.0,156.69,26.0,74.79,19.0,213.17,24.0,143.85,25.689999999999998,39.0,50.0,5.285139544048244,89,-11.0,-5.0,-0.12
07:41:43,135.0,76.0,235.93,28.0,133.0,29.0,298.0,35.0,185.46,100.93,105.0,63.0,19.304101377687854,168,42.0,79.0,0.25
07:41:44,133.52,108.0,256.02,43.0,124.14,42.0,257.41,39.0,194.77,122.49999999999997,150.0,82.0,24.507914027922375,232,68.0,64.0,0.29
07:41:45,134.81,128.0,213.03,61.0,88.83,104.0,236.0,31.0,173.92,78.22,232.0,92.0,23.500579354561197,324,140.0,92.0,0.43
07:41:46,135.25,96.0,199.98,56.0,109.0,40.0,202.06,16.0,167.62,64.72999999999999,136.0,72.0,19.420484803423975,208,64.0,-116.0,0.31
07:41:47,139.53,68.0,198.64,14.0,135.27,44.0,199.98,46.0,169.09,59.109999999999985,112.0,60.0,11.624494397607776,172,52.0,-36.0,0.3
07:41:48,148.0,45.0,197.74,57.0,143.62,104.0,198.05,21.0,172.87,49.74000000000001,149.0,78.0,10.997842061059885,227,71.0,55.0,0.31
07:41:49,148.0,27.0,193.84,32.0,147.0,72.0,194.8,25.0,170.92,45.84,99.0,57.0,2.599755757763465,156,42.0,-71.0,0.27
07:41:50,147.49,68.0,190.63,27.0,146.66,87.0,191.89,44.0,169.06,43.139999999999986,155.0,71.0,2.026121911442064,226,84.0,70.0,0.37
07:41:51,150.84,77.0,186.09,35.0,147.87,55.0,187.26,23.0,168.46,35.25,132.0,58.0,1.8120844351258614,190,74.0,-36.0,0.39
07:41:52,151.0,132.0,165.65,34.0,148.0,64.0,177.74,58.0,158.32,14.650000000000006,196.0,92.0,5.640335096430748,288,104.0,98.0,0.36
07:41:53,151.0,173.0,153.05,20.0,148.0,56.0,174.36,50.0,152.03,2.0500000000000114,229.0,70.0,8.194999694938014,299,159.0,11.0,0.53
07:41:54,151.0,113.0,175.71,66.0,149.29,56.0,274.71,70.0,163.36,24.710000000000008,169.0,136.0,7.177491205152137,305,33.0,6.0,0.11
07:41:55,151.0,77.0,161.8,50.0,150.0,40.0,229.5,50.0,156.4,10.800000000000011,117.0,100.0,6.359157176862339,217,17.0,-88.0,0.08
07:41:56,151.0,91.0,161.0,65.0,150.0,52.0,350.51,53.0,156.0,10.0,143.0,118.0,4.12330207479919,261,25.0,44.0,0.1
07:41:57,151.0,70.0,159.6,50.0,150.0,40.0,294.0,10.0,155.3,8.599999999999994,110.0,60.0,4.143394743449407,170,50.0,-91.0,0.29
07:41:58,151.0,98.0,157.07,70.0,150.0,56.0,222.86,14.0,154.04,6.069999999999993,154.0,84.0,3.6557899283251483,238,70.0,68.0,0.29
07:41:59,151.0,16.0,155.75,40.0,150.0,32.0,488.5,8.0,153.38,4.75,48.0,48.0,1.2838535742234825,96,0.0,-142.0,0.0
07:42:00,150.8,10.0,155.0,25.0,149.09,23.0,463.0,5.0,152.9,4.199999999999989,33.0,30.0,1.3001076878656657,63,3.0,-33.0,0.05
07:42:01,150.0,22.0,155.0,55.0,147.0,77.0,254.03,29.0,152.5,5.0,99.0,84.0,1.0987629407876878,183,15.0,120.0,0.08
07:42:02,146.95,37.0,155.0,55.0,144.98,41.0,508.52,21.0,150.97,8.050000000000011,78.0,76.0,1.1526144195044596,154,2.0,-29.0,0.01
07:42:03,146.0,32.0,154.81,48.0,144.0,36.0,250.62,24.0,150.41,8.810000000000002,68.0,72.0,1.2794803632923037,140,-4.0,-14.0,-0.03
07:42:04,150.0,28.0,154.91,55.0,146.85,20.0,223.91,11.0,152.45,4.909999999999997,48.0,66.0,1.0877637611406534,114,-18.0,-26.0,-0.16
07:42:05,149.11,18.0,153.67,45.0,145.47,19.0,220.0,9.0,151.39,4.559999999999974,37.0,54.0,0.9184116724276009,91,-17.0,-23.0,-0.19
07:42:06,146.0,24.0,151.92,60.0,144.0,36.0,199.0,12.0,148.96,5.9199999999999875,60.0,72.0,1.2875092232882006,132,-12.0,41.0,-0.09
07:42:07,146.38,21.0,149.0,50.0,144.1,41.0,179.15,26.0,147.69,2.6200000000000045,62.0,76.0,1.8946239732604064,138,-14.0,6.0,-0.1
07:42:08,146.96,50.0,148.16,62.0,145.5,16.0,171.57,42.0,147.56,1.1999999999999886,66.0,104.0,2.210508991172349,170,-38.0,32.0,-0.22
07:42:09,143.0,35.0,147.86,7.0,142.0,14.0,175.0,21.0,145.43,4.860000000000014,49.0,28.0,2.1849553771314536,77,21.0,-93.0,0.27
07:42:10,143.0,40.0,145.62,8.0,142.0,16.0,294.12,24.0,144.31,2.6200000000000045,56.0,32.0,1.878283791139543,88,24.0,11.0,0.27
07:42:11,142.71,35.0,144.38,13.0,126.25,40.0,167.79,28.0,143.55,1.6699999999999875,75.0,41.0,1.873958377354989,116,34.0,28.0,0.29
07:42:12,142.0,9.0,144.0,7.0,83.23,13.0,145.0,21.0,143.0,2.0,22.0,28.0,1.8064191097472886,50,-6.0,-66.0,-0.12
07:42:13,144.18,11.0,309.0,19.0,119.14,7.0,258.14,21.0,226.59,164.82,18.0,40.0,36.91420024868533,58,-22.0,8.0,-0.38
07:42:14,146.8,45.0,323.73,37.0,145.43,21.0,378.71,35.0,235.26,176.93,66.0,72.0,47.9193214684851,138,-6.0,80.0,-0.04
07:42:15,148.89,54.0,306.44,41.0,146.4,30.0,488.79,19.0,227.66,157.55,84.0,60.0,47.529856616657234,144,24.0,6.0,0.17
07:42:16,149.26,53.0,192.86,14.0,147.0,40.0,214.62,42.0,171.06,43.60000000000002,93.0,56.0,41.22907323721925,149,37.0,5.0,0.25
07:42:17,151.92,75.0,180.0,13.0,147.3,40.0,267.57,28.0,165.96,28.080000000000013,115.0,41.0,33.804024612462676,156,74.0,7.0,0.47
07:42:18,153.0,143.0,177.23,13.0,150.78,41.0,181.0,13.0,165.12,24.22999999999999,184.0,26.0,35.274077167234275,210,158.0,54.0,0.75
07:42:19,153.0,90.0,174.5,22.0,151.0,80.0,174.38,34.0,163.75,21.5,170.0,56.0,27.503078009561346,226,114.0,16.0,0.5
07:42:20,153.0,90.0,169.14,14.0,151.0,80.0,170.42,26.0,161.07,16.139999999999986,170.0,40.0,3.670786019374357,210,130.0,-16.0,0.62
07:42:21,153.0,54.0,166.83,6.0,151.0,48.0,167.83,6.0,159.92,13.830000000000013,102.0,12.0,2.5930349014305856,114,90.0,-96.0,0.79
07:42:22,153.0,81.0,165.08,13.0,151.0,72.0,166.78,9.0,159.04,12.080000000000013,153.0,22.0,2.574286308870662,175,131.0,61.0,0.75
07:42:23,153.0,102.0,162.15,13.0,151.0,104.0,163.95,61.0,157.58,9.150000000000006,206.0,74.0,2.324966666436503,280,132.0,105.0,0.47
07:42:24,153.0,54.0,159.22,9.0,151.0,72.0,160.22,9.0,156.11,6.219999999999999,126.0,18.0,1.9476729705068232,144,108.0,-136.0,0.75
07:42:25,153.0,61.0,157.09,43.0,151.0,88.0,158.36,11.0,155.05,4.090000000000003,149.0,54.0,2.0100373130975666,203,95.0,59.0,0.47
07:42:26,153.0,7.0,156.11,27.0,151.0,70.0,156.67,15.0,154.56,3.1100000000000136,77.0,42.0,1.8460146261733505,119,35.0,-84.0,0.29
07:42:27,153.0,9.0,155.52,33.0,151.0,90.0,155.86,21.0,154.26,2.5200000000000102,99.0,54.0,1.3529116748876222,153,45.0,34.0,0.29
07:42:28,151.16,61.0,154.68,37.0,150.38,130.0,172.0,45.0,152.92,3.5200000000000102,191.0,82.0,1.1640661493439728,273,109.0,120.0,0.4
07:42:29,150.76,42.0,152.74,23.0,149.97,61.0,159.14,29.0,151.75,1.9800000000000182,103.0,52.0,1.3496555116212703,155,51.0,-118.0,0.33
07:42:30,150.0,55.0,151.5,30.0,148.0,10.0,261.0,16.0,150.75,1.5,65.0,46.0,1.6230434375120222,111,19.0,-44.0,0.17
07:42:31,150.0,14.0,151.0,21.0,148.0,7.0,438.71,7.0,150.5,1.0,21.0,28.0,1.5670449897983068,49,-7.0,-62.0,-0.14
07:42:32,149.33,6.0,239.5,8.0,147.17,12.0,492.0,4.0,194.42,90.16999999999999,18.0,12.0,19.227029671793836,30,6.0,-19.0,0.2
07:42:33,148.0,7.0,252.14,7.0,147.0,35.0,565.29,7.0,200.07,104.13999999999999,42.0,14.0,25.41238025057919,56,28.0,26.0,0.5
07:42:34,147.09,11.0,149.09,11.0,146.14,35.0,436.18,11.0,148.09,2.0,46.0,22.0,26.094961774258806,68,24.0,12.0,0.35
07:42:35,146.13,15.0,147.57,7.0,145.17,12.0,540.57,7.0,146.85,1.4399999999999977,27.0,14.0,26.816417173068245,41,13.0,-27.0,0.32
07:42:36,146.0,22.0,235.18,11.0,144.0,11.0,600.53,17.0,190.59,89.18,33.0,28.0,26.268897578695956,61,5.0,20.0,0.08
07:42:37,144.11,19.0,293.12,8.0,116.0,13.0,410.12,16.0,218.62,149.01,32.0,24.0,32.093871377570075,56,8.0,-5.0,0.14
07:42:38,142.0,24.0,231.75,24.0,133.0,20.0,353.84,32.0,186.88,89.75,44.0,56.0,30.627052257767403,100,-12.0,44.0,-0.12
07:42:39,147.08,39.0,228.48,46.0,128.61,18.0,360.29,28.0,187.78,81.39999999999998,57.0,74.0,25.601240790243047,131,-17.0,31.0,-0.13
07:42:40,153.0,50.0,184.77,26.0,149.71,21.0,214.85,40.0,168.88,31.77000000000001,71.0,66.0,17.87915825759139,137,5.0,6.0,0.04
07:42:41,151.0,20.0,184.77,26.0,148.0,60.0,234.4,50.0,167.88,33.77000000000001,80.0,76.0,20.55137270354476,156,4.0,19.0,0.03
07:42:42,151.0,20.0,264.08,49.0,148.0,60.0,518.02,46.0,207.54,113.07999999999998,80.0,95.0,16.316915149623334,175,-15.0,19.0,-0.09
07:42:43,151.0,16.0,153.77,26.0,148.0,48.0,206.94,17.0,152.38,2.7700000000000102,64.0,43.0,21.237319039841573,107,21.0,-68.0,0.2
07:42:44,151.0,16.0,152.38,16.0,148.0,48.0,199.48,31.0,151.69,1.3799999999999955,64.0,47.0,22.694655317938352,111,17.0,4.0,0.15
07:42:45,150.29,14.0,152.0,16.0,146.5,40.0,254.5,40.0,151.14,1.710000000000008,54.0,56.0,24.187428139428807,110,-2.0,-1.0,-0.02
07:42:46,146.0,6.0,152.0,12.0,144.0,42.0,217.0,30.0,149.0,6.0,48.0,42.0,25.29357230602347,90,6.0,-20.0,0.07
07:42:47,147.26,19.0,151.45,22.0,144.15,53.0,319.52,46.0,149.36,4.189999999999998,72.0,68.0,1.473153080997764,140,4.0,50.0,0.03
07:42:48,145.43,42.0,151.0,20.0,144.0,15.0,509.71,38.0,148.21,5.569999999999993,57.0,58.0,1.4745677332880704,115,-1.0,-25.0,-0.01
07:42:49,144.0,40.0,149.75,16.0,143.0,16.0,335.53,17.0,146.88,5.75,56.0,33.0,1.5647747441902287,89,23.0,-26.0,0.26
07:42:50,144.0,43.0,148.47,30.0,143.0,30.0,356.51,55.0,146.23,4.469999999999999,73.0,85.0,1.34726760521319,158,-12.0,69.0,-0.08
07:42:51,145.48,61.0,147.0,26.0,143.3,20.0,290.84,61.0,146.24,1.5200000000000102,81.0,87.0,1.367600087766008,168,-6.0,10.0,-0.04
07:42:52,145.75,55.0,198.55,33.0,143.6,15.0,341.0,41.0,172.15,52.80000000000001,70.0,74.0,11.325355182070515,144,-4.0,-24.0,-0.03
07:42:53,146.64,33.0,261.51,37.0,144.0,11.0,493.39,49.0,204.07,114.87,44.0,86.0,25.45774597249403,130,-42.0,-14.0,-0.32
07:42:54,147.0,70.0,298.71,42.0,144.0,10.0,443.77,22.0,222.86,151.70999999999998,80.0,64.0,34.43775907343588,144,16.0,14.0,0.11
07:42:55,148.7,46.0,241.98,60.0,146.94,53.0,526.65,26.0,195.34,93.28,99.0,86.0,29.674791827408008,185,13.0,41.0,0.07
07:42:56,149.61,31.0,280.22,23.0,145.46,26.0,288.83,42.0,214.92,130.61,57.0,65.0,19.63187382803745,122,-8.0,-63.0,-0.07
07:42:57,151.0,36.0,280.0,18.0,144.0,9.0,463.0,9.0,215.5,129.0,45.0,27.0,10.822075586502331,72,18.0,-50.0,0.25
07:42:58,150.33,21.0,280.0,18.0,142.82,17.0,385.38,37.0,215.17,129.67,38.0,55.0,10.288922198168606,93,-17.0,21.0,-0.18
07:42:59,148.18,11.0,278.57,23.0,143.73,15.0,373.0,12.0,213.37,130.39,26.0,35.0,8.714353102782171,61,-9.0,-32.0,-0.15
07:43:00,145.3,10.0,273.5,28.0,144.0,10.0,275.11,27.0,209.4,128.2,20.0,55.0,2.52409785863492,75,-35.0,14.0,-0.47
07:43:01,152.89,61.0,269.64,33.0,146.87,15.0,272.0,33.0,211.26,116.75,76.0,66.0,2.6012208672018673,142,10.0,67.0,0.07
07:43:02,153.0,30.0,269.0,15.0,151.0,5.0,272.0,15.0,211.0,116.0,35.0,30.0,2.248632918012118,65,5.0,-77.0,0.08
07:43:03,153.0,72.0,266.28,29.0,151.0,12.0,268.09,33.0,209.64,113.27999999999997,84.0,62.0,1.5868459282391847,146,22.0,81.0,0.15
07:43:04,147.29,31.0,264.06,33.0,136.56,16.0,264.92,24.0,205.68,116.77000000000001,47.0,57.0,2.2313404043245866,104,-10.0,-42.0,-0.1
07:43:05,151.0,72.0,259.22,32.0,142.0,48.0,260.51,39.0,205.11,108.22000000000003,120.0,71.0,2.9412786335151195,191,49.0,87.0,0.26
07:43:06,151.0,42.0,254.55,22.0,126.42,19.0,255.61,18.0,202.77,103.55000000000001,61.0,40.0,3.3929706747885313,101,21.0,-90.0,0.21
07:43:07,151.0,111.0,220.87,30.0,141.13,23.0,242.09,32.0,185.93,69.87,134.0,62.0,9.223211479738614,196,72.0,95.0,0.37
07:43:08,151.0,109.0,176.12,40.0,142.0,30.0,176.75,40.0,163.56,25.120000000000005,139.0,80.0,18.157817875504637,219,59.0,23.0,0.27
07:43:09,151.0,140.0,154.53,40.0,143.6,45.0,168.11,36.0,152.76,3.530000000000001,185.0,76.0,23.32336660947581,261,109.0,42.0,0.42
07:43:10,151.0,120.0,152.0,35.0,148.0,28.0,153.8,15.0,151.5,1.0,148.0,50.0,22.361109766736234,198,98.0,-63.0,0.49
07:43:11,151.0,138.0,161.09,44.0,148.0,40.0,232.9,20.0,156.05,10.090000000000003,178.0,64.0,14.195955409906027,242,114.0,44.0,0.47
07:43:12,151.0,64.0,251.5,16.0,148.0,32.0,647.22,36.0,201.25,100.5,96.0,52.0,20.786433797071474,148,44.0,-94.0,0.3
07:43:13,151.0,64.0,250.11,18.0,148.0,36.0,377.0,45.0,200.56,99.11000000000001,100.0,63.0,26.05363371969491,163,37.0,15.0,0.23
07:43:14,151.0,44.0,205.26,35.0,148.0,44.0,298.28,39.0,178.13,54.25999999999999,88.0,74.0,23.623745892639796,162,14.0,-1.0,0.09
07:43:15,150.83,36.0,189.3,33.0,147.95,42.0,190.67,27.0,170.07,38.47,78.0,60.0,19.63820052856192,138,18.0,-24.0,0.13
07:43:16,148.0,10.0,188.6,30.0,147.0,10.0,190.0,20.0,168.3,40.599999999999994,20.0,50.0,16.172636457918845,70,-30.0,-68.0,-0.43
07:43:17,148.0,13.0,187.08,39.0,147.0,13.0,205.0,20.0,167.54,39.08000000000001,26.0,59.0,13.870156812380182,85,-33.0,15.0,-0.39
07:43:18,151.68,19.0,185.69,39.0,147.58,12.0,208.11,18.0,168.69,34.00999999999999,31.0,57.0,4.33788312429301,88,-26.0,3.0,-0.3
07:43:19,148.53,15.0,183.55,31.0,147.22,9.0,184.75,32.0,166.04,35.02000000000001,24.0,63.0,1.4851161570832923,87,-39.0,-1.0,-0.45
07:43:20,149.6,60.0,179.6,47.0,148.0,15.0,181.62,58.0,164.6,30.0,75.0,105.0,1.6965789106409273,180,-30.0,93.0,-0.17
07:43:21,150.0,24.0,176.33,24.0,148.0,6.0,178.0,18.0,163.17,26.330000000000013,30.0,42.0,2.2123449098260286,72,-12.0,-108.0,-0.17
07:43:22,150.0,44.0,174.24,33.0,148.0,11.0,175.67,36.0,162.12,24.24000000000001,55.0,69.0,2.5725532064536174,124,-14.0,52.0,-0.11
07:43:23,152.88,51.0,172.4,20.0,149.87,15.0,173.6,20.0,162.64,19.52000000000001,66.0,40.0,1.595738073756663,106,26.0,-18.0,0.25
07:43:24,153.0,98.0,165.53,43.0,150.62,52.0,169.39,38.0,159.27,12.530000000000001,150.0,81.0,1.9594514538611576,231,69.0,125.0,0.3
07:43:25,153.0,74.0,158.6,30.0,151.0,112.0,161.56,45.0,155.8,5.599999999999994,186.0,75.0,3.077572095019245,261,111.0,30.0,0.43
07:43:26,153.0,37.0,159.78,23.0,151.0,88.0,169.23,39.0,156.39,6.780000000000001,125.0,62.0,3.1548106123891504,187,63.0,-74.0,0.34
07:43:27,153.0,48.0,157.0,34.0,151.0,128.0,157.7,30.0,155.0,4.0,176.0,64.0,3.1389727619151646,240,112.0,53.0,0.47
07:43:28,152.06,51.0,154.0,12.0,150.92,78.0,156.0,36.0,153.03,1.9399999999999977,129.0,48.0,2.2723270011264245,177,81.0,-63.0,0.46
07:43:29,151.0,88.0,152.97,31.0,150.0,22.0,153.77,13.0,151.98,1.9699999999999989,110.0,44.0,1.8711894612920343,154,66.0,-23.0,0.43
07:43:30,151.0,64.0,152.17,36.0,148.83,24.0,154.0,12.0,151.58,1.1699999999999875,88.0,48.0,2.0477866099893323,136,40.0,-18.0,0.29
07:43:31,151.0,13.0,152.0,24.0,148.0,16.0,324.25,20.0,151.5,1.0,29.0,44.0,1.4644179731391866,73,-15.0,-63.0,-0.21
07:43:32,148.6,15.0,151.67,27.0,147.5,12.0,315.22,45.0,150.13,3.069999999999993,27.0,72.0,1.0429429514861015,99,-45.0,26.0,-0.45
07:43:33,148.75,48.0,261.15,65.0,147.75,24.0,367.0,75.0,204.95,112.39999999999998,72.0,140.0,24.004282326285843,212,-68.0,113.0,-0.32
07:43:34,149.0,48.0,278.75,60.0,148.0,24.0,370.5,60.0,213.88,129.75,72.0,120.0,32.117627091676944,192,-48.0,-20.0,-0.25
07:43:35,149.89,36.0,234.78,45.0,148.0,18.0,282.0,45.0,192.33,84.89000000000001,54.0,90.0,29.975556208350984,144,-36.0,-48.0,-0.25
07:43:36,148.75,32.0,250.77,65.0,147.38,16.0,286.08,65.0,199.76,102.02000000000001,48.0,130.0,24.797377885574818,178,-82.0,34.0,-0.46
07:43:37,146.8,25.0,249.89,38.0,144.5,30.0,370.5,50.0,198.35,103.08999999999997,55.0,88.0,8.086706993577852,143,-33.0,-35.0,-0.23
07:43:38,146.24,21.0,191.43,53.0,144.55,55.0,215.67,45.0,168.84,45.19,76.0,98.0,16.440284973198953,174,-22.0,31.0,-0.13
07:43:39,146.03,77.0,185.56,45.0,142.67,60.0,246.0,9.0,165.79,39.53,137.0,54.0,16.431507234578493,191,83.0,17.0,0.43
07:43:40,147.0,221.0,182.83,35.0,144.0,75.0,185.25,55.0,164.91,35.83000000000001,296.0,90.0,17.8903144187019,386,206.0,169.5,0.53
07:43:41,147.0,150.0,178.73,22.0,144.0,50.0,179.16,38.0,162.86,31.72999999999999,200.0,60.0,14.803440478484173,260,140.0,-126.0,0.54
07:43:42,147.0,87.0,176.07,27.0,144.0,35.0,178.33,15.0,161.54,29.069999999999993,122.0,42.0,2.815327689636545,164,80.0,-96.0,0.49
07:43:43,147.5,60.0,176.0,35.0,144.69,39.0,366.33,15.0,161.75,28.5,99.0,50.0,1.9014073735094714,149,49.0,-15.0,0.33
07:43:44,152.0,54.0,174.02,41.0,147.08,49.0,175.38,13.0,163.01,22.02000000000001,103.0,54.0,1.340608071002464,157,49.0,8.0,0.31
07:43:45,152.0,54.0,171.73,41.0,148.0,9.0,173.23,13.0,161.87,19.72999999999999,63.0,54.0,0.6779601758494115,117,9.0,-40.0,0.08
07:43:46,152.0,48.0,162.15,20.0,148.0,8.0,164.18,28.0,157.07,10.150000000000006,56.0,48.0,2.2958919835304243,104,8.0,-13.0,0.08
07:43:47,152.0,72.0,159.67,12.0,147.04,84.0,162.0,60.0,155.83,7.6699999999999875,156.0,72.0,3.2229303436532266,228,84.0,124.0,0.37
07:43:48,152.0,51.0,158.79,14.0,147.0,126.0,166.57,70.0,155.39,6.789999999999992,177.0,84.0,3.551517985318726,261,93.0,33.0,0.36
07:43:49,149.0,77.0,157.1,21.0,147.19,53.0,169.84,81.0,153.05,8.099999999999994,130.0,102.0,3.2651370568545754,232,28.0,-29.0,0.12
07:43:50,147.0,87.0,156.0,60.0,145.0,45.0,157.0,12.0,151.5,9.0,132.0,72.0,2.249737762506458,204,60.0,-28.0,0.29
07:43:51,147.0,54.0,154.93,27.0,145.0,24.0,155.16,19.0,150.96,7.930000000000007,78.0,46.0,2.2100067873309963,124,32.0,-80.0,0.26
07:43:52,147.0,90.0,152.0,15.0,145.0,30.0,153.0,45.0,149.5,5.0,120.0,60.0,2.244114524718058,180,60.0,56.0,0.33
07:43:53,145.79,56.0,151.14,21.0,144.37,38.0,152.87,31.0,148.46,5.349999999999994,94.0,52.0,1.7809772598357927,146,42.0,-34.0,0.29
07:43:54,146.0,102.0,149.19,47.0,145.0,34.0,208.0,23.0,147.6,3.1899999999999977,136.0,70.0,1.6408168697491747,206,66.0,60.0,0.32
07:43:55,147.11,54.0,151.92,12.0,145.9,60.0,334.2,49.0,149.51,4.809999999999974,114.0,61.0,1.2640332274327075,175,53.0,-31.0,0.3
07:43:56,148.0,24.0,152.0,6.0,145.0,12.0,347.71,28.0,150.0,4.0,36.0,34.0,0.9696287949798964,70,2.0,-105.0,0.03
07:43:57,147.95,42.0,152.0,13.0,144.17,92.0,196.3,60.0,149.98,4.050000000000011,134.0,73.0,1.0501904589425903,207,61.0,137.0,0.29
07:43:58,145.0,22.0,150.7,20.0,144.0,187.0,151.54,13.0,147.85,5.699999999999989,209.0,33.0,1.1728469636121293,242,176.0,35.0,0.73
07:43:59,146.36,22.0,149.0,22.0,145.0,52.0,150.0,11.0,147.68,2.6399999999999864,74.0,33.0,1.1494911918123478,107,41.0,-135.0,0.38
07:44:00,146.75,24.0,149.26,19.0,143.87,46.0,439.94,31.0,148.01,2.509999999999991,70.0,50.0,1.1797584498763005,120,20.0,13.0,0.17
07:44:01,145.0,24.0,440.0,44.0,144.0,48.0,500.09,44.0,292.5,295.0,72.0,88.0,64.4591485361079,160,-16.0,40.0,-0.1
07:44:02,144.88,32.0,266.47,43.0,142.94,72.0,424.88,50.0,205.67,121.59000000000003,104.0,93.0,63.381422909240605,197,11.0,37.0,0.06
07:44:03,144.18,34.0,173.0,24.0,142.11,74.0,303.12,32.0,158.59,28.819999999999993,108.0,56.0,61.829056680496166,164,52.0,-33.0,0.32
07:44:04,145.66,53.0,173.0,24.0,144.71,42.0,421.88,32.0,159.33,27.340000000000003,95.0,56.0,60.00507061907356,151,39.0,-13.0,0.26
07:44:05,146.92,84.0,172.94,32.0,145.32,53.0,320.5,36.0,159.93,26.02000000000001,137.0,68.0,57.982395431717045,205,69.0,54.0,0.34
07:44:06,147.0,79.0,171.54,13.0,146.0,39.0,205.1,40.0,159.27,24.539999999999992,118.0,53.0,20.75166788477582,171,65.0,-34.0,0.38
07:44:07,146.55,29.0,169.96,23.0,144.95,38.0,238.75,32.0,158.25,23.409999999999997,67.0,55.0,0.6614227090514295,122,12.0,-49.0,0.1
07:44:08,145.26,43.0,148.82,22.0,143.38,52.0,152.18,34.0,147.04,3.5600000000000023,95.0,56.0,5.46928514524997,151,39.0,29.0,0.26
07:44:09,142.76,29.0,144.5,8.0,109.86,42.0,152.0,30.0,143.63,1.740000000000009,71.0,38.0,7.685569595030425,109,33.0,-42.0,0.3
07:44:10,142.0,21.0,143.0,10.0,93.22,54.0,158.33,24.0,142.5,1.0,75.0,34.0,8.05432616672933,109,41.0,0.0,0.38
07:44:11,142.0,20.0,155.31,13.0,122.67,30.0,196.0,32.0,148.65,13.310000000000002,50.0,45.0,6.240042467809303,95,5.0,-14.0,0.05
07:44:12,150.72,75.0,348.98,54.0,143.25,16.0,396.2,41.0,249.85,198.26000000000002,91.0,95.0,46.753170266839,186,-4.0,91.0,-0.02
07:44:13,151.0,28.0,282.14,35.0,144.0,7.0,285.0,28.0,216.57,131.14,35.0,63.0,49.81954636485583,98,-28.0,-88.0,-0.29
07:44:14,151.0,40.0,278.63,41.0,144.0,10.0,281.23,31.0,214.82,127.63,50.0,72.0,46.823684925473344,122,-22.0,24.0,-0.18
07:44:15,151.0,20.0,278.0,25.0,144.0,5.0,279.0,10.0,214.5,127.0,25.0,35.0,36.85172275484526,60,-10.0,-62.0,-0.17
07:44:16,149.09,11.0,277.2,25.0,142.5,8.0,279.0,10.0,213.15,128.10999999999999,19.0,35.0,15.73996410415102,54,-16.0,-6.0,-0.3
07:44:17,146.57,14.0,276.0,40.0,142.46,13.0,279.0,16.0,211.29,129.43,27.0,56.0,1.9730762782957962,83,-29.0,29.0,-0.35
07:44:18,147.13,23.0,230.1,31.0,142.75,16.0,275.52,46.0,188.61,82.97,39.0,77.0,11.191042400061816,116,-38.0,33.0,-0.33
07:44:19,144.0,49.0,186.58,38.0,142.0,26.0,252.15,54.0,165.29,42.58000000000001,75.0,92.0,21.41786450606118,167,-17.0,51.0,-0.1
07:44:20,134.47,45.0,181.0,49.0,72.67,42.0,209.2,40.0,157.73,46.53,87.0,89.0,25.5159103306155,176,-2.0,9.0,-0.01
07:44:21,137.87,103.0,168.75,51.0,127.39,79.0,201.54,65.0,153.31,30.879999999999995,182.0,116.0,24.315050483188948,298,66.0,122.0,0.22
07:44:22,145.05,39.0,182.55,55.0,142.21,75.0,244.73,22.0,163.8,37.5,114.0,77.0,13.653458170003683,191,37.0,-107.0,0.19
