Time,Bid1_Price,Bid1_Volume,Ask1_Price,Ask1_Volume,Bid2_Price,Bid2_Volume,Ask2_Price,Ask2_Volume,Mid-Price,Bid_Ask_Spread,Market_Depth_Bid,Market_Depth_Ask,Historical_Volatility,Total_volume,Cumulative_Volume_Difference,Total_Volume_Change_Corrected,Order_imbalance
07:30:01,286.0,2.0,448.0,4.0,0.0,0.0,0.0,0.0,367.0,162.0,2.0,4.0,,6,-2.0,2.0,-0.33
07:30:02,286.0,4.0,448.0,8.0,260.0,4.0,0.0,0.0,367.0,162.0,8.0,8.0,,16,0.0,10.0,0.0
07:30:04,286.0,7.0,321.68,19.0,285.0,8.0,366.57,14.0,303.84,35.68000000000001,15.0,33.0,,48,-18.0,32.0,-0.38
07:30:05,286.0,1.0,288.0,5.0,285.0,2.0,314.0,4.0,287.0,2.0,3.0,9.0,60.126276452146946,12,-6.0,-36.0,-0.5
07:30:06,286.0,3.0,288.0,15.0,285.0,24.0,326.58,12.0,287.0,2.0,27.0,27.0,41.319210060212924,54,0.0,42.0,0.0
07:30:08,286.73,11.0,288.0,21.0,285.08,26.0,331.0,15.0,287.36,1.2699999999999818,37.0,36.0,34.61989023668331,73,1.0,19.0,0.01
07:30:09,286.0,7.0,287.0,28.0,285.0,56.0,288.14,7.0,286.5,1.0,63.0,35.0,7.552933205053559,98,28.0,25.0,0.29
07:30:10,285.0,19.0,289.0,3.0,240.0,6.0,328.0,9.0,287.0,4.0,25.0,12.0,0.3064637009517812,37,13.0,-61.0,0.35
07:30:11,285.08,38.0,287.3,30.0,263.28,29.0,288.75,12.0,286.19,2.2200000000000273,67.0,42.0,0.46238512086903216,109,25.0,72.0,0.23
07:30:12,285.0,30.0,288.48,23.0,245.8,20.0,295.95,21.0,286.74,3.480000000000018,50.0,44.0,0.45013331358728476,94,6.0,-15.0,0.06
07:30:13,285.0,9.0,286.08,13.0,269.0,7.0,289.75,8.0,285.54,1.079999999999984,16.0,21.0,0.5632761312189807,37,-5.0,-57.0,-0.14
07:30:14,273.29,14.0,294.64,11.0,256.68,19.0,301.18,55.0,283.96,21.349999999999966,33.0,66.0,1.2136638743906807,99,-33.0,62.0,-0.33
07:30:15,287.77,13.0,295.77,13.0,272.41,17.0,300.72,53.0,291.77,8.0,30.0,66.0,2.9462603415178727,96,-36.0,-3.0,-0.38
07:30:16,290.0,25.0,293.57,40.0,285.4,20.0,294.37,52.0,291.79,3.569999999999993,45.0,92.0,3.623872238366186,137,-47.0,41.0,-0.34
07:30:17,279.0,18.0,292.0,14.0,267.83,24.0,296.57,14.0,285.5,13.0,42.0,28.0,3.76780705450812,70,14.0,-67.0,0.2
07:30:18,273.74,23.0,288.46,28.0,263.05,21.0,291.48,25.0,281.1,14.71999999999997,44.0,53.0,4.791756462926839,97,-9.0,27.0,-0.09
07:30:19,274.0,21.0,278.0,7.0,260.86,7.0,284.0,28.0,276.0,4.0,28.0,35.0,6.857985855920177,63,-7.0,-34.0,-0.11
07:30:20,274.0,30.0,278.0,10.0,263.0,10.0,281.0,10.0,276.0,4.0,40.0,20.0,6.724464290930651,60,20.0,-3.0,0.33
07:30:21,274.0,70.0,278.0,10.0,263.0,10.0,281.0,45.0,276.0,4.0,80.0,55.0,4.290337982024443,135,25.0,75.0,0.19
07:30:22,274.0,63.0,278.0,9.0,265.22,23.0,281.0,54.0,276.0,4.0,86.0,63.0,2.280789337050154,149,23.0,14.0,0.15
07:30:23,281.48,21.0,292.0,66.0,273.74,58.0,302.0,33.0,286.74,10.519999999999982,79.0,99.0,4.803074015669714,178,-20.0,29.0,-0.11
07:30:24,286.0,13.0,292.0,63.0,285.0,13.0,303.29,17.0,289.0,6.0,26.0,80.0,6.550383194897937,106,-54.0,-72.0,-0.51
07:30:25,286.0,49.0,292.0,37.0,285.0,9.0,304.0,9.0,289.0,6.0,58.0,46.0,6.77093198902492,104,12.0,-2.0,0.12
07:30:26,286.0,34.0,292.0,70.0,285.0,14.0,304.0,14.0,289.0,6.0,48.0,84.0,5.646549388786093,132,-36.0,28.0,-0.27
07:30:27,287.3,33.0,292.0,45.0,283.17,23.0,302.4,25.0,289.65,4.699999999999989,56.0,70.0,1.1193390907139371,126,-14.0,-6.0,-0.11
07:30:28,286.26,73.0,292.0,60.0,285.0,77.0,302.0,65.0,289.13,5.740000000000009,150.0,125.0,0.28183328405325553,275,25.0,149.0,0.09
07:30:29,285.0,77.0,292.0,35.0,277.0,7.0,302.0,35.0,288.5,7.0,84.0,70.0,0.4104022417095841,154,14.0,-121.0,0.09
07:30:30,285.59,61.0,292.0,40.0,283.95,38.0,302.0,40.0,288.8,6.410000000000025,99.0,80.0,0.4266497392478439,179,19.0,25.0,0.11
07:30:31,291.0,16.0,292.0,40.0,285.0,88.0,302.0,40.0,291.5,1.0,104.0,80.0,1.1882886854633523,184,24.0,5.0,0.13
07:30:32,285.09,128.0,291.88,51.0,281.96,25.0,298.0,70.0,288.49,6.7900000000000205,153.0,121.0,1.26626616475377,274,32.0,90.0,0.12
07:30:33,285.0,63.0,292.0,7.0,279.0,7.0,293.0,28.0,288.5,7.0,70.0,35.0,1.3157963368242913,105,35.0,-169.0,0.33
07:30:34,285.0,117.0,289.2,51.0,279.0,13.0,291.0,28.0,287.1,4.199999999999989,130.0,79.0,1.6074576199701773,209,51.0,104.0,0.24
07:30:35,285.0,72.0,288.75,40.0,279.0,8.0,290.0,16.0,286.88,3.75,80.0,56.0,1.8428456256561943,136,24.0,-73.0,0.18
07:30:36,285.0,135.0,287.0,75.0,278.18,49.0,287.94,63.0,286.0,2.0,184.0,138.0,1.086084711244968,322,46.0,177.5,0.14
07:30:37,283.65,52.0,286.19,42.0,277.27,88.0,288.87,23.0,284.92,2.5400000000000205,140.0,65.0,1.3312400234367814,205,75.0,-117.0,0.37
07:30:38,278.0,100.0,289.5,14.0,270.0,80.0,291.0,15.0,283.75,11.5,180.0,29.0,1.4007854939282418,209,151.0,4.0,0.72
07:30:39,278.0,120.0,286.92,12.0,270.0,96.0,289.0,20.0,282.46,8.920000000000016,216.0,32.0,1.7577599381029176,248,184.0,39.0,0.74
07:30:40,278.02,173.0,284.22,18.0,270.55,146.0,288.2,50.0,281.12,6.2000000000000455,319.0,68.0,1.9340630806670573,387,251.0,139.0,0.65
07:30:41,279.61,23.0,282.71,17.0,278.58,72.0,284.41,17.0,281.16,3.099999999999966,95.0,34.0,1.654907852419316,129,61.0,-178.5,0.47
07:30:42,279.84,19.0,281.53,15.0,278.3,57.0,283.8,15.0,280.69,1.6899999999999977,76.0,30.0,1.2585428081709797,106,46.0,-23.0,0.43
07:30:43,280.17,36.0,286.0,12.0,268.0,80.0,290.6,30.0,283.08,5.829999999999984,116.0,42.0,1.0161299129534824,158,74.0,52.0,0.47
07:30:44,281.4,35.0,290.89,53.0,269.0,52.0,291.81,62.0,286.14,9.490000000000009,87.0,115.0,2.266212699637667,202,-28.0,44.0,-0.14
07:30:45,284.41,29.0,291.0,45.0,283.03,31.0,292.0,45.0,287.71,6.589999999999975,60.0,90.0,3.0787221375108658,150,-30.0,-52.0,-0.2
07:30:46,285.5,48.0,291.0,70.0,284.0,64.0,292.0,80.0,288.25,5.5,112.0,150.0,3.2139275038494626,262,-38.0,112.0,-0.15
07:30:47,286.23,65.0,290.94,54.0,285.11,90.0,291.89,73.0,288.59,4.7099999999999795,155.0,127.0,2.258213895980743,282,28.0,20.0,0.1
07:30:48,286.34,95.0,292.01,67.0,285.59,138.0,293.0,75.0,289.18,5.670000000000016,233.0,142.0,1.155781121147512,375,91.0,93.0,0.24
07:30:49,286.0,90.0,293.0,50.0,284.0,40.0,294.75,48.0,289.5,7.0,130.0,98.0,0.7159818433461009,228,32.0,-147.0,0.14
07:30:50,286.0,207.0,291.72,39.0,284.0,48.0,293.66,71.0,288.86,5.720000000000027,255.0,110.0,0.4888046644635819,365,145.0,137.0,0.4
07:30:51,286.0,288.0,287.79,38.0,284.0,60.0,289.61,41.0,286.89,1.7900000000000205,348.0,79.0,1.0171184788416938,427,269.0,62.0,0.63
07:30:52,286.0,248.0,288.57,44.0,284.0,68.0,292.88,75.0,287.28,2.569999999999993,316.0,119.0,1.1776756769166719,435,197.0,8.0,0.45
07:30:53,286.0,204.0,287.93,29.0,284.0,68.0,290.7,50.0,286.97,1.9300000000000068,272.0,79.0,1.199062133503062,351,193.0,-84.0,0.55
07:30:54,286.0,171.0,287.0,30.0,284.0,60.0,295.46,57.0,286.5,1.0,231.0,87.0,0.9152868402859523,318,144.0,-33.0,0.45
07:30:55,286.0,83.0,295.27,30.0,284.0,36.0,323.95,39.0,290.63,9.269999999999982,119.0,69.0,1.686692028795055,188,50.0,-130.0,0.27
07:30:56,286.0,90.0,298.0,40.0,284.0,40.0,299.0,10.0,292.0,12.0,130.0,50.0,2.4729193274349264,180,80.0,-8.0,0.44
07:30:57,286.83,159.0,298.0,56.0,285.78,111.0,299.0,14.0,292.42,11.170000000000016,270.0,70.0,2.794911447613633,340,200.0,160.0,0.59
07:30:58,287.73,132.0,298.0,44.0,286.0,99.0,299.0,11.0,292.86,10.269999999999982,231.0,55.0,2.5881112804519177,286,176.0,-54.0,0.62
07:30:59,288.07,103.0,298.0,60.0,287.08,156.0,299.0,15.0,293.03,9.930000000000007,259.0,75.0,0.9587856903412584,334,184.0,48.0,0.55
07:31:00,289.82,17.0,298.68,38.0,288.0,204.0,300.93,91.0,294.25,8.860000000000014,221.0,129.0,0.8486283049743251,350,92.0,16.0,0.26
07:31:01,288.7,54.0,299.0,56.0,287.14,147.0,301.0,118.0,293.85,10.300000000000011,201.0,174.0,0.7490460600015383,375,27.0,25.0,0.07
07:31:02,289.18,55.0,299.0,44.0,286.0,98.0,301.0,99.0,294.09,9.819999999999993,153.0,143.0,0.6317277894821671,296,10.0,-79.0,0.03
07:31:03,290.0,60.0,299.0,40.0,286.92,52.0,301.0,108.0,294.5,9.0,112.0,148.0,0.5630985704157095,260,-36.0,-36.0,-0.14
07:31:04,290.0,70.0,299.0,68.0,286.31,78.0,301.0,126.0,294.5,9.0,148.0,194.0,0.2783343313433686,342,-46.0,82.0,-0.13
07:31:05,290.0,54.0,298.24,46.0,287.0,36.0,300.57,88.0,294.12,8.240000000000009,90.0,134.0,0.28296642911190917,224,-44.0,-118.0,-0.2
07:31:06,290.0,18.0,297.12,24.0,287.0,18.0,299.57,21.0,293.56,7.1200000000000045,36.0,45.0,0.3864970892572197,81,-9.0,-143.0,-0.11
07:31:07,290.0,33.0,296.26,50.0,287.0,33.0,298.89,35.0,293.13,6.259999999999991,66.0,85.0,0.6036720964266612,151,-19.0,70.0,-0.13
07:31:08,288.15,39.0,296.0,39.0,286.17,87.0,298.8,40.0,292.08,7.850000000000023,126.0,79.0,0.9405955560196055,205,47.0,54.0,0.23
07:31:09,288.0,45.0,295.93,45.0,287.0,45.0,299.91,105.0,291.97,7.930000000000007,90.0,150.0,0.9338468825259544,240,-60.0,35.0,-0.25
07:31:10,288.64,33.0,295.0,33.0,287.0,33.0,300.0,88.0,291.82,6.360000000000014,66.0,121.0,0.7809417391861435,187,-55.0,-53.0,-0.29
07:31:11,289.69,67.0,293.41,59.0,287.94,51.0,299.1,80.0,291.55,3.7200000000000273,118.0,139.0,0.6038625671481154,257,-21.0,70.0,-0.08
07:31:12,290.28,87.0,292.0,75.0,288.2,45.0,294.0,45.0,291.14,1.7200000000000273,132.0,120.0,0.37652357164237044,252,12.0,-5.0,0.05
07:31:13,290.0,27.0,291.4,25.0,287.0,45.0,293.71,35.0,290.7,1.3999999999999773,72.0,60.0,0.5183917437633935,132,12.0,-120.0,0.09
07:31:14,287.15,41.0,290.27,45.0,286.19,32.0,298.71,56.0,288.71,3.1200000000000045,73.0,101.0,1.2344350934744739,174,-28.0,42.0,-0.16
07:31:15,286.84,37.0,290.59,51.0,285.63,41.0,298.11,55.0,288.71,3.75,78.0,106.0,1.3591431124059818,184,-28.0,10.0,-0.15
07:31:16,286.0,38.0,297.24,25.0,285.0,95.0,298.44,72.0,291.62,11.240000000000009,133.0,97.0,1.377254515331372,230,36.0,46.0,0.16
07:31:17,286.0,26.0,295.0,13.0,285.0,65.0,299.64,25.0,290.5,9.0,91.0,38.0,1.2923892602464995,129,53.0,-101.0,0.41
07:31:18,290.6,47.0,294.12,17.0,285.18,49.0,298.65,23.0,292.36,3.519999999999982,96.0,40.0,1.6620920552126286,136,56.0,7.0,0.41
07:31:19,292.0,60.0,294.94,17.0,286.0,15.0,298.53,51.0,293.47,2.9399999999999977,75.0,68.0,1.8219412723801514,143,7.0,7.0,0.05
07:31:20,292.0,40.0,297.0,17.0,286.0,17.0,298.0,51.0,294.5,5.0,57.0,68.0,1.560000000001162,125,-11.0,-18.0,-0.09
07:31:21,292.0,20.0,296.14,28.0,286.0,40.0,297.67,18.0,294.07,4.139999999999986,60.0,46.0,1.6026072507025058,106,14.0,-19.0,0.13
07:31:22,288.18,33.0,293.54,52.0,285.41,59.0,294.66,47.0,290.86,5.360000000000014,92.0,99.0,1.4655613259104228,191,-7.0,85.0,-0.04
07:31:23,286.0,38.0,290.12,73.0,285.0,95.0,292.73,37.0,288.06,4.1200000000000045,133.0,110.0,2.7080749620354405,243,23.0,52.0,0.09
07:31:24,285.4,35.0,287.26,47.0,280.33,84.0,288.44,50.0,286.33,1.8600000000000136,119.0,97.0,3.6009901416140373,216,22.0,-27.0,0.1
07:31:25,285.0,30.0,286.4,40.0,277.0,70.0,288.0,40.0,285.7,1.3999999999999773,100.0,80.0,3.466515541577635,180,20.0,-36.0,0.11
07:31:26,278.49,67.0,287.35,62.0,276.95,110.0,288.94,49.0,282.92,8.860000000000014,177.0,111.0,2.9390950988351,288,66.0,108.0,0.23
07:31:27,281.5,16.0,284.48,29.0,279.06,33.0,286.07,27.0,282.99,2.980000000000018,49.0,56.0,2.2242414437273808,105,-7.0,-178.5,-0.07
07:31:28,280.65,23.0,284.64,14.0,276.14,28.0,290.4,50.0,282.65,3.990000000000009,51.0,64.0,1.750591328663846,115,-13.0,10.0,-0.11
07:31:29,280.73,33.0,289.09,22.0,271.1,49.0,291.26,47.0,284.91,8.359999999999957,82.0,69.0,1.377436023920066,151,13.0,36.0,0.09
07:31:30,284.0,65.0,291.0,56.0,273.08,26.0,292.0,52.0,287.5,7.0,91.0,108.0,2.0554147999839767,199,-17.0,48.0,-0.09
07:31:31,284.47,19.0,291.0,44.0,283.1,49.0,292.0,44.0,287.74,6.529999999999973,68.0,88.0,2.4084995329030905,156,-20.0,-43.0,-0.13
07:31:32,285.0,9.0,291.0,36.0,284.0,45.0,292.0,36.0,288.0,6.0,54.0,72.0,2.321648121485181,126,-18.0,-30.0,-0.14
07:31:33,285.0,8.0,291.0,32.0,284.0,40.0,292.0,32.0,288.0,6.0,48.0,64.0,1.3135067567382068,112,-16.0,-14.0,-0.14
07:31:34,285.0,6.0,291.0,24.0,284.0,30.0,292.0,24.0,288.0,6.0,36.0,48.0,0.2247665455483133,84,-12.0,-28.0,-0.14
07:31:35,285.0,8.0,291.0,32.0,284.0,40.0,292.0,32.0,288.0,6.0,48.0,64.0,0.11627553482072754,112,-16.0,28.0,-0.14
07:31:36,285.0,6.0,291.17,24.0,284.0,30.0,292.13,23.0,288.08,6.170000000000016,36.0,47.0,0.03577708761099746,83,-11.0,-29.0,-0.13
07:31:37,285.11,35.0,291.04,23.0,282.2,60.0,292.17,53.0,288.08,5.930000000000007,95.0,76.0,0.04381780457692336,171,19.0,88.0,0.11
07:31:38,286.0,36.0,289.38,13.0,284.0,36.0,291.67,24.0,287.69,3.3799999999999955,72.0,37.0,0.16155494420748343,109,35.0,-62.0,0.32
07:31:39,286.0,60.0,288.13,30.0,284.0,60.0,290.4,15.0,287.07,2.1299999999999955,120.0,45.0,0.4302673587407055,165,75.0,56.0,0.45
07:31:40,286.0,44.0,287.0,22.0,284.0,44.0,293.88,32.0,286.5,1.0,88.0,54.0,0.6878444591602081,142,34.0,-23.0,0.24
07:31:41,286.51,47.0,292.37,38.0,284.77,52.0,295.38,52.0,289.44,5.860000000000014,99.0,90.0,1.1172868924308088,189,9.0,47.0,0.05
07:31:42,286.56,45.0,293.0,26.0,285.23,52.0,294.0,43.0,289.78,6.439999999999998,97.0,69.0,1.4497344584433403,166,28.0,-23.0,0.17
07:31:43,290.35,51.0,293.0,22.0,287.08,24.0,294.0,33.0,291.68,2.6499999999999773,75.0,55.0,2.1156039326865455,130,20.0,-36.0,0.15
07:31:44,291.0,45.0,293.0,14.0,290.0,7.0,294.0,21.0,292.0,2.0,52.0,35.0,2.200136359410421,87,17.0,-43.0,0.2
07:31:45,291.0,80.0,293.0,32.0,290.0,16.0,294.05,44.0,292.0,2.0,96.0,76.0,1.263170613971377,172,20.0,85.0,0.12
07:31:46,291.04,52.0,293.0,22.0,290.33,15.0,295.0,11.0,292.02,1.9599999999999795,67.0,33.0,0.9696803597068933,100,34.0,-72.0,0.34
07:31:47,290.56,27.0,294.23,31.0,285.24,63.0,295.78,36.0,292.39,3.670000000000016,90.0,67.0,0.2516346558042594,157,23.0,57.0,0.15
07:31:48,290.0,11.0,292.64,33.0,285.0,55.0,295.0,11.0,291.32,2.6399999999999864,66.0,44.0,0.38740160041185,110,22.0,-47.0,0.2
07:31:49,289.57,14.0,291.21,34.0,287.61,38.0,295.8,15.0,290.39,1.6399999999999864,52.0,49.0,0.790588388481248,101,3.0,-9.0,0.03
07:31:50,286.12,32.0,297.61,23.0,284.25,80.0,298.59,17.0,291.87,11.490000000000009,112.0,40.0,0.7771550681822474,152,72.0,51.0,0.47
07:31:51,285.0,60.0,297.41,34.0,284.0,176.0,298.3,33.0,291.21,12.410000000000025,236.0,67.0,0.7511857293647147,303,169.0,151.0,0.56
07:31:52,285.0,60.0,295.23,44.0,284.0,204.0,297.83,48.0,290.11,10.230000000000018,264.0,92.0,0.7186097689293669,356,172.0,53.0,0.48
07:31:53,285.0,55.0,293.67,48.0,284.0,121.0,297.52,50.0,289.33,8.670000000000016,176.0,98.0,0.9849466990656475,274,78.0,-82.0,0.28
07:31:54,285.0,90.0,290.65,40.0,284.0,198.0,292.32,76.0,287.82,5.649999999999977,288.0,116.0,1.5930536714121688,404,172.0,130.0,0.43
07:31:55,285.27,41.0,290.83,46.0,284.41,111.0,292.93,60.0,288.05,5.560000000000002,152.0,106.0,1.4193237826510878,258,46.0,-146.0,0.18
07:31:56,286.0,16.0,291.08,52.0,285.0,80.0,292.81,64.0,288.54,5.079999999999984,96.0,116.0,0.9464407007300821,212,-20.0,-46.0,-0.09
07:31:57,286.0,10.0,289.5,10.0,285.0,50.0,291.0,40.0,287.75,3.5,60.0,50.0,0.6545761987713548,110,10.0,-102.0,0.09
07:31:58,284.95,59.0,287.44,36.0,284.25,134.0,291.3,47.0,286.2,2.490000000000009,193.0,83.0,0.8790733757755198,276,110.0,166.0,0.4
07:31:59,284.0,60.0,287.0,6.0,283.0,36.0,292.76,21.0,285.5,3.0,96.0,27.0,1.2952104076160516,123,69.0,-153.0,0.56
07:32:00,284.0,126.0,286.07,14.0,283.0,84.0,290.61,23.0,285.04,2.069999999999993,210.0,37.0,1.4907649043348101,247,173.0,124.0,0.7
07:32:01,283.89,91.0,289.24,17.0,282.85,53.0,293.36,44.0,286.56,5.350000000000023,144.0,61.0,1.04489233894981,205,83.0,-42.0,0.4
07:32:02,283.18,89.0,293.71,42.0,282.06,69.0,295.24,63.0,288.45,10.529999999999973,158.0,105.0,1.3148383931100158,263,53.0,58.0,0.2
07:32:03,284.0,32.0,293.38,8.0,283.0,56.0,294.8,20.0,288.69,9.379999999999995,88.0,28.0,1.66795383629062,116,60.0,-147.0,0.52
07:32:04,284.0,46.0,292.0,13.0,283.0,91.0,294.36,56.0,288.0,8.0,137.0,69.0,1.5320150129803205,206,68.0,90.0,0.33
07:32:05,284.0,30.0,291.47,15.0,283.0,105.0,294.0,60.0,287.73,7.470000000000027,135.0,75.0,0.8306804439720759,210,60.0,4.0,0.29
07:32:06,283.05,88.0,292.56,43.0,280.69,26.0,295.29,58.0,287.8,9.509999999999991,114.0,101.0,0.4188436462426988,215,13.0,5.0,0.06
07:32:07,283.84,86.0,287.58,38.0,282.85,65.0,291.71,35.0,285.71,3.740000000000009,151.0,73.0,1.1153609281292591,224,78.0,9.0,0.35
07:32:08,285.3,92.0,289.6,20.0,283.2,79.0,292.17,35.0,287.45,4.300000000000011,171.0,55.0,0.9311659358015192,226,116.0,2.0,0.51
07:32:09,290.0,60.0,292.0,24.0,285.33,48.0,293.33,6.0,291.0,2.0,108.0,30.0,1.9131309416759241,138,78.0,-88.0,0.57
07:32:10,290.0,85.0,292.0,36.0,288.0,72.0,293.0,9.0,291.0,2.0,157.0,45.0,2.336358277319333,202,112.0,64.0,0.55
07:32:11,290.58,60.0,292.08,39.0,288.93,75.0,294.71,21.0,291.33,1.5,135.0,60.0,2.55985741790425,195,75.0,-7.0,0.38
07:32:12,290.69,16.0,293.0,12.0,289.75,63.0,296.0,48.0,291.84,2.3100000000000023,79.0,60.0,1.7524354481694642,139,19.0,-56.0,0.14
07:32:13,291.29,7.0,293.0,7.0,290.0,35.0,296.0,28.0,292.14,1.7099999999999795,42.0,35.0,0.5115857699370749,77,7.0,-62.0,0.09
07:32:14,290.45,42.0,295.15,26.0,288.77,65.0,296.43,28.0,292.8,4.699999999999989,107.0,54.0,0.7027944222904569,161,53.0,84.0,0.33
07:32:15,291.0,37.0,294.0,26.0,290.0,65.0,296.27,37.0,292.5,3.0,102.0,63.0,0.5722062565220356,165,39.0,4.0,0.24
07:32:16,291.0,13.0,294.0,26.0,290.0,65.0,298.0,13.0,292.5,3.0,78.0,39.0,0.37132196272675394,117,39.0,-48.0,0.33
07:32:17,291.0,12.0,292.55,40.0,290.0,60.0,293.61,28.0,291.77,1.5500000000000114,72.0,68.0,0.3961312913709636,140,4.0,23.0,0.03
07:32:18,290.07,41.0,291.8,50.0,288.32,95.0,294.86,22.0,290.94,1.7300000000000182,136.0,72.0,0.7524094629939949,208,64.0,68.0,0.31
07:32:19,288.06,107.0,298.65,17.0,285.33,73.0,302.65,20.0,293.35,10.589999999999975,180.0,37.0,0.9047485838635311,217,143.0,9.0,0.66
07:32:20,288.0,128.0,295.43,40.0,285.0,80.0,299.1,40.0,291.71,7.430000000000007,208.0,80.0,0.9108402713993619,288,128.0,71.0,0.44
07:32:21,288.0,120.0,292.59,34.0,285.0,75.0,296.51,41.0,290.29,4.589999999999975,195.0,75.0,1.1461326275794805,270,120.0,-18.0,0.44
07:32:22,288.0,80.0,293.0,20.0,285.0,50.0,297.0,44.0,290.5,5.0,130.0,64.0,1.239302223027899,194,66.0,-76.0,0.34
07:32:23,288.0,81.0,291.6,15.0,285.0,75.0,293.0,15.0,289.8,3.6000000000000227,156.0,30.0,1.4262012480717994,186,126.0,-8.0,0.68
07:32:24,288.0,75.0,290.0,15.0,285.0,75.0,293.0,15.0,289.0,2.0,150.0,30.0,0.9950125627348892,180,120.0,-6.0,0.67
07:32:25,288.0,66.0,292.5,16.0,285.0,80.0,296.82,44.0,290.25,4.5,146.0,60.0,0.598222366683034,206,86.0,26.0,0.42
07:32:26,288.0,44.0,291.05,22.0,285.0,55.0,292.52,31.0,289.52,3.0500000000000114,99.0,53.0,0.5937002610742538,152,46.0,-54.0,0.3
07:32:27,288.0,46.0,289.52,31.0,285.0,65.0,291.41,34.0,288.76,1.5199999999999818,111.0,65.0,0.6009825288634911,176,46.0,24.0,0.26
07:32:28,285.14,63.0,288.82,33.0,284.12,41.0,293.0,17.0,286.98,3.680000000000007,104.0,50.0,1.2168483882548282,154,54.0,-22.0,0.35
07:32:29,286.2,35.0,290.0,26.0,285.07,41.0,298.0,13.0,288.1,3.8000000000000114,76.0,39.0,1.264365453497581,115,37.0,-39.0,0.32
07:32:30,288.0,30.0,289.13,30.0,286.0,30.0,297.67,15.0,288.57,1.1299999999999955,60.0,45.0,0.9378592644942764,105,15.0,-10.0,0.14
07:32:31,288.0,20.0,295.55,11.0,285.04,47.0,298.8,10.0,291.77,7.550000000000011,67.0,21.0,1.779839880438205,88,46.0,-17.0,0.52
07:32:32,288.0,16.0,297.0,8.0,285.0,40.0,299.0,8.0,292.5,9.0,56.0,16.0,2.4131369625446486,72,40.0,-16.0,0.56
07:32:33,288.0,18.0,297.0,9.0,285.0,45.0,299.0,9.0,292.5,9.0,63.0,18.0,2.1749183892736497,81,45.0,9.0,0.56
07:32:34,286.0,30.0,297.0,9.0,284.68,37.0,299.0,9.0,291.5,11.0,67.0,18.0,1.62562910899184,85,49.0,4.0,0.58
07:32:35,284.71,42.0,296.32,22.0,283.29,62.0,298.4,10.0,290.52,11.610000000000014,104.0,32.0,0.8216568626878848,136,72.0,51.0,0.53
07:32:36,285.0,39.0,295.15,65.0,284.0,39.0,297.92,13.0,290.08,10.149999999999977,78.0,78.0,1.1118453129827208,156,0.0,20.0,0.0
07:32:37,289.45,110.0,292.45,55.0,284.64,33.0,298.0,11.0,290.95,3.0,143.0,66.0,0.9379232377978554,209,77.0,53.0,0.37
07:32:38,290.0,119.0,293.7,40.0,285.0,48.0,297.5,16.0,291.85,3.6999999999999886,167.0,56.0,0.7158561307979711,223,111.0,14.0,0.5
07:32:39,290.0,72.0,295.58,36.0,285.0,36.0,297.33,12.0,292.79,5.579999999999984,108.0,48.0,1.0865863978540264,156,60.0,-67.0,0.38
07:32:40,290.0,68.0,294.86,42.0,285.0,42.0,299.0,14.0,292.43,4.860000000000014,110.0,56.0,1.1066164647256436,166,54.0,10.0,0.33
07:32:41,287.86,35.0,292.24,33.0,284.67,45.0,294.91,44.0,290.05,4.3799999999999955,80.0,77.0,1.117085493595662,157,3.0,-9.0,0.02
07:32:42,285.0,30.0,289.8,10.0,284.0,30.0,298.62,13.0,287.4,4.800000000000011,60.0,23.0,2.224180748051084,83,37.0,-74.0,0.45
07:32:43,285.0,27.0,288.0,9.0,284.0,27.0,298.0,9.0,286.5,3.0,54.0,18.0,2.8532315012981107,72,36.0,-11.0,0.5
07:32:44,284.13,45.0,286.06,17.0,283.05,121.0,288.94,17.0,285.1,1.9300000000000068,166.0,34.0,2.9329728945215536,200,132.0,128.0,0.66
07:32:45,284.0,42.0,285.0,9.0,283.0,45.0,290.0,9.0,284.5,1.0,87.0,18.0,2.1881499034564524,105,69.0,-95.0,0.66
07:32:46,284.13,45.0,297.29,55.0,283.12,74.0,299.24,21.0,290.71,13.160000000000025,119.0,76.0,2.4448558239692884,195,43.0,90.0,0.22
07:32:47,286.0,17.0,296.17,36.0,284.0,51.0,298.05,39.0,291.08,10.170000000000016,68.0,75.0,3.116491617187074,143,-7.0,-52.0,-0.05
07:32:48,290.62,91.0,293.71,28.0,284.5,28.0,298.32,19.0,292.16,3.089999999999975,119.0,47.0,3.6150933597901123,166,72.0,23.0,0.43
07:32:49,291.0,168.0,292.55,33.0,286.0,14.0,297.43,28.0,291.77,1.5500000000000114,182.0,61.0,3.1507665733912997,243,121.0,77.0,0.5
07:32:50,291.0,85.0,292.75,36.0,286.0,14.0,301.15,27.0,291.88,1.75,99.0,63.0,0.6023703179950528,162,36.0,-81.0,0.22
07:32:51,291.0,10.0,301.0,10.0,286.0,10.0,302.0,10.0,296.0,10.0,20.0,20.0,1.9537707132625528,40,0.0,-122.0,0.0
07:32:52,290.21,14.0,301.0,14.0,286.1,20.0,302.0,14.0,295.61,10.79000000000002,34.0,28.0,2.128010808244005,62,6.0,22.0,0.1
07:32:53,286.0,11.0,297.09,11.0,284.0,33.0,301.73,11.0,291.55,11.089999999999975,44.0,22.0,2.237558937771962,66,22.0,4.0,0.33
07:32:54,286.0,14.0,299.12,41.0,284.0,34.0,300.84,19.0,292.56,13.120000000000005,48.0,60.0,2.1219448626209223,108,-12.0,42.0,-0.11
07:32:55,287.66,29.0,297.67,84.0,284.09,85.0,298.63,46.0,292.66,10.009999999999991,114.0,130.0,1.9961788497034647,244,-16.0,136.0,-0.07
07:32:56,286.75,16.0,290.0,44.0,284.03,66.0,293.76,42.0,288.38,3.25,82.0,86.0,2.5967614445693954,168,-4.0,-76.0,-0.02
07:32:57,284.29,42.0,288.33,60.0,283.25,120.0,290.43,37.0,286.31,4.039999999999964,162.0,97.0,2.821607697749717,259,65.0,91.0,0.25
07:32:58,284.0,28.0,287.0,28.0,283.0,70.0,294.43,7.0,285.5,3.0,98.0,35.0,3.387701285532604,133,63.0,-126.0,0.47
07:32:59,285.0,13.0,286.54,52.0,284.0,52.0,295.0,25.0,285.77,1.5400000000000205,65.0,77.0,2.9815314856626847,142,-12.0,9.0,-0.08
07:33:00,284.33,36.0,286.0,65.0,283.44,108.0,295.0,72.0,285.17,1.670000000000016,144.0,137.0,1.2744528237625525,281,7.0,139.0,0.02
07:33:01,284.0,36.0,287.86,29.0,283.0,150.0,295.24,33.0,285.93,3.8600000000000136,186.0,62.0,0.4313699108605693,248,124.0,-33.0,0.5
07:33:02,283.33,24.0,292.0,10.0,282.35,92.0,295.95,37.0,287.67,8.670000000000016,116.0,47.0,0.9727898025761343,163,69.0,-85.0,0.42
07:33:03,283.0,66.0,291.67,12.0,278.0,60.0,293.6,10.0,287.33,8.670000000000016,126.0,22.0,1.0729771665773902,148,104.0,-15.0,0.7
07:33:04,283.33,120.0,289.86,28.0,280.59,34.0,291.55,31.0,286.6,6.53000000000003,154.0,59.0,1.0190191362268894,213,95.0,65.0,0.45
07:33:05,284.0,120.0,288.69,26.0,283.0,24.0,289.94,31.0,286.35,4.689999999999998,144.0,57.0,0.7131479509869055,201,87.0,-12.0,0.43
07:33:06,284.0,150.0,290.0,17.0,283.0,34.0,294.0,21.0,287.0,6.0,184.0,38.0,0.5338070812541135,222,146.0,21.0,0.66
07:33:07,284.0,42.0,289.43,7.0,283.0,14.0,293.71,7.0,286.71,5.430000000000007,56.0,14.0,0.3779814810236576,70,42.0,-152.0,0.6
07:33:08,284.17,36.0,291.64,11.0,283.79,47.0,295.29,17.0,287.9,7.46999999999997,83.0,28.0,0.5995581706531482,111,55.0,41.0,0.5
07:33:09,285.0,9.0,289.38,16.0,284.0,63.0,294.67,15.0,287.19,4.3799999999999955,72.0,31.0,0.5805600744083954,103,41.0,-8.0,0.4
07:33:10,285.0,13.0,289.0,26.0,284.0,91.0,294.0,13.0,287.0,4.0,104.0,39.0,0.4478280920143657,143,65.0,40.0,0.45
07:33:11,286.06,16.0,289.0,32.0,284.0,112.0,294.12,16.0,287.53,2.9399999999999977,128.0,48.0,0.46295788145071676,176,80.0,33.0,0.45
07:33:12,287.0,15.0,289.0,30.0,284.35,51.0,295.67,18.0,288.0,2.0,66.0,48.0,0.43420041455255626,114,18.0,-62.0,0.16
07:33:13,289.56,45.0,294.02,82.0,287.76,21.0,295.03,33.0,291.79,4.4599999999999795,66.0,115.0,1.986522086461289,181,-49.0,67.0,-0.27
07:33:14,290.69,39.0,294.0,65.0,289.0,13.0,295.0,13.0,292.35,3.3100000000000023,52.0,78.0,2.5303023534747022,130,-26.0,-51.0,-0.2
07:33:15,291.0,62.0,292.8,75.0,289.0,15.0,296.36,42.0,291.9,1.8000000000000114,77.0,117.0,2.3422489193082265,194,-40.0,64.0,-0.21
07:33:16,289.0,9.0,297.93,45.0,286.0,9.0,298.92,39.0,293.47,8.930000000000007,18.0,84.0,2.0674549571881027,102,-66.0,-92.0,-0.65
07:33:17,289.0,10.0,295.5,24.0,286.0,10.0,297.75,28.0,292.25,6.5,20.0,52.0,0.6671731409480658,72,-32.0,-30.0,-0.44
07:33:18,289.0,11.0,294.97,31.0,286.0,11.0,296.54,13.0,291.98,5.970000000000027,22.0,44.0,0.6316248886820014,66,-22.0,-6.0,-0.33
07:33:19,289.0,11.0,292.47,15.0,286.0,11.0,293.87,23.0,290.73,3.4700000000000273,22.0,38.0,0.9778701345281962,60,-16.0,-6.0,-0.27
07:33:20,286.63,19.0,289.47,17.0,284.26,47.0,290.96,27.0,288.05,2.840000000000032,66.0,44.0,2.059194017085665,110,22.0,50.0,0.2
07:33:21,283.73,26.0,287.5,14.0,282.73,33.0,289.0,42.0,285.62,3.769999999999982,59.0,56.0,2.834048341154357,115,3.0,5.0,0.03
07:33:22,283.0,20.0,286.1,10.0,281.0,20.0,289.0,30.0,284.55,3.1000000000000227,40.0,40.0,3.189424713016168,80,0.0,-35.0,0.0
07:33:23,283.0,16.0,286.0,8.0,281.0,16.0,289.0,24.0,284.5,3.0,32.0,32.0,2.6782363599945582,64,0.0,-16.0,0.0
07:33:24,283.11,36.0,285.11,19.0,281.12,34.0,290.69,49.0,284.11,2.0,70.0,68.0,1.6016959761439382,138,2.0,74.0,0.01
07:33:25,284.0,23.0,294.71,17.0,283.0,14.0,299.39,31.0,289.35,10.70999999999998,37.0,48.0,2.1559290340815855,85,-11.0,-53.0,-0.13
07:33:26,284.0,36.0,295.46,46.0,283.0,24.0,298.8,50.0,289.73,11.45999999999998,60.0,96.0,2.830922111255755,156,-36.0,71.0,-0.23
07:33:27,284.07,42.0,294.15,66.0,283.1,29.0,295.13,46.0,289.11,10.079999999999984,71.0,112.0,2.8009641197269133,183,-41.0,27.0,-0.22
07:33:28,284.67,36.0,292.88,64.0,283.67,36.0,293.78,46.0,288.77,8.20999999999998,72.0,110.0,2.320749878810351,182,-38.0,-1.0,-0.21
07:33:29,284.0,30.0,289.64,66.0,283.0,30.0,293.58,50.0,286.82,5.639999999999986,60.0,116.0,1.1374445041402035,176,-56.0,-6.0,-0.32
07:33:30,284.0,32.0,288.56,80.0,283.0,32.0,293.0,48.0,286.28,4.560000000000002,64.0,128.0,1.5056460407407073,192,-64.0,16.0,-0.33
07:33:31,284.0,26.0,287.38,65.0,283.0,26.0,295.91,99.0,285.69,3.3799999999999955,52.0,164.0,1.5243129599912684,216,-112.0,24.0,-0.52
07:33:32,284.0,18.0,286.33,45.0,283.0,18.0,296.0,72.0,285.17,2.329999999999984,36.0,117.0,1.3890752319426685,153,-81.0,-63.0,-0.53
07:33:33,284.96,54.0,291.61,103.0,280.97,194.0,296.0,84.0,288.29,6.650000000000034,248.0,187.0,1.2007705859141202,435,61.0,177.5,0.14
07:33:34,286.88,128.0,292.73,44.0,285.09,92.0,293.78,77.0,289.8,5.850000000000023,220.0,121.0,1.9414504886803265,341,99.0,-94.0,0.29
07:33:35,287.93,217.0,289.19,16.0,286.0,28.0,290.45,44.0,288.56,1.259999999999991,245.0,60.0,1.9838523130509147,305,185.0,-36.0,0.61
07:33:36,286.37,139.0,296.0,40.0,280.99,124.0,299.05,61.0,291.19,9.629999999999995,263.0,101.0,2.2366649279671624,364,162.0,59.0,0.45
07:33:37,285.0,121.0,297.18,44.0,284.0,33.0,299.06,72.0,291.09,12.180000000000007,154.0,116.0,1.3613339046682593,270,38.0,-94.0,0.14
07:33:38,287.0,99.0,297.0,36.0,284.0,27.0,299.0,72.0,292.0,10.0,126.0,108.0,1.353133400666753,234,18.0,-36.0,0.08
07:33:39,289.0,143.0,297.0,52.0,284.15,52.0,299.0,104.0,293.0,8.0,195.0,156.0,1.6474738237679254,351,39.0,117.0,0.11
07:33:40,290.06,47.0,296.57,28.0,288.62,63.0,298.45,44.0,293.32,6.509999999999991,110.0,72.0,1.0191417958269067,182,38.0,-169.0,0.21
07:33:41,291.0,50.0,295.93,60.0,288.59,117.0,297.67,60.0,293.47,4.930000000000007,167.0,120.0,1.009024281175478,287,47.0,105.0,0.16
07:33:42,291.0,14.0,294.57,28.0,289.0,7.0,298.71,28.0,292.79,3.569999999999993,21.0,56.0,0.5770875150286485,77,-35.0,-178.5,-0.45
07:33:43,291.0,23.0,294.0,24.0,289.0,6.0,299.0,24.0,292.5,3.0,29.0,48.0,0.3924665590875596,77,-19.0,0.0,-0.25
07:33:44,291.0,130.0,293.9,40.0,289.0,10.0,299.0,48.0,292.45,2.8999999999999773,140.0,88.0,0.4678995618740628,228,52.0,151.0,0.23
07:33:45,291.0,112.0,293.0,36.0,289.0,9.0,300.73,60.0,292.0,2.0,121.0,96.0,0.542374409427391,217,25.0,-11.0,0.12
07:33:46,291.0,92.0,292.6,40.0,289.0,10.0,298.04,53.0,291.8,1.6000000000000227,102.0,93.0,0.4007118665592517,195,9.0,-22.0,0.05
07:33:47,290.35,31.0,292.37,43.0,285.76,37.0,295.33,78.0,291.36,2.019999999999982,68.0,121.0,0.4742573141250792,189,-53.0,-6.0,-0.28
07:33:48,286.43,14.0,290.5,32.0,284.5,30.0,292.0,18.0,288.46,4.069999999999993,44.0,50.0,1.5886094548379337,94,-6.0,-95.0,-0.06
07:33:49,285.0,57.0,288.89,36.0,284.0,53.0,292.0,9.0,286.94,3.8899999999999864,110.0,45.0,2.2782712744534117,155,65.0,61.0,0.42
07:33:50,285.0,61.0,287.89,36.0,284.0,60.0,289.33,24.0,286.44,2.8899999999999864,121.0,60.0,2.474792920629655,181,61.0,26.0,0.34
07:33:51,285.0,21.0,287.0,7.0,284.0,35.0,288.0,28.0,286.0,2.0,56.0,35.0,2.1754539756100604,91,21.0,-90.0,0.23
07:33:52,285.0,43.0,286.81,21.0,284.0,57.0,289.33,60.0,285.9,1.8100000000000023,100.0,81.0,1.0417869263897348,181,19.0,90.0,0.1
07:33:53,285.0,10.0,288.0,20.0,284.0,10.0,298.0,20.0,286.5,3.0,20.0,40.0,0.41938049548850914,60,-20.0,-121.0,-0.33
07:33:54,285.0,30.0,295.47,60.0,284.0,30.0,298.32,77.0,290.23,10.470000000000027,60.0,137.0,1.8169700052551623,197,-77.0,137.0,-0.39
07:33:55,283.58,31.0,295.52,67.0,282.0,42.0,296.36,78.0,289.55,11.939999999999998,73.0,145.0,2.084041746222381,218,-72.0,21.0,-0.33
07:33:56,283.3,40.0,293.0,64.0,282.27,66.0,294.2,69.0,288.15,9.699999999999989,106.0,133.0,1.8732405077827297,239,-27.0,21.0,-0.11
07:33:57,284.0,55.0,291.88,64.0,283.0,64.0,292.88,64.0,287.94,7.8799999999999955,119.0,128.0,1.460147252847634,247,-9.0,8.0,-0.04
07:33:58,284.0,24.0,289.07,56.0,283.0,56.0,290.86,56.0,286.54,5.069999999999993,80.0,112.0,1.4466754992044695,192,-32.0,-55.0,-0.17
07:33:59,284.0,11.0,288.0,34.0,283.0,44.0,290.0,44.0,286.0,4.0,55.0,78.0,1.4051441207213127,133,-23.0,-59.0,-0.17
07:34:00,282.8,50.0,285.55,40.0,281.29,65.0,288.43,74.0,284.18,2.75,115.0,114.0,1.6132947653781742,229,1.0,96.0,0.0
07:34:01,280.81,111.0,284.85,39.0,278.6,53.0,292.6,70.0,282.83,4.0400000000000205,164.0,109.0,2.0097562041191983,273,55.0,44.0,0.2
07:34:02,279.82,49.0,291.0,48.0,276.73,37.0,293.0,60.0,285.41,11.180000000000007,86.0,108.0,1.4933753714304718,194,-22.0,-79.0,-0.11
07:34:03,288.65,74.0,291.0,38.0,278.18,38.0,293.0,65.0,289.82,2.3500000000000227,112.0,103.0,2.630697626105246,215,9.0,21.0,0.04
07:34:04,290.0,103.0,291.0,26.0,284.65,69.0,293.0,65.0,290.5,1.0,172.0,91.0,3.4296603330354274,263,81.0,48.0,0.31
07:34:05,290.0,70.0,291.0,20.0,288.0,180.0,293.0,50.0,290.5,1.0,250.0,70.0,3.502594752465363,320,180.0,57.0,0.56
07:34:06,290.0,53.0,291.0,22.0,288.0,198.0,293.0,55.0,290.5,1.0,251.0,77.0,2.219905403389808,328,174.0,8.0,0.53
07:34:07,290.0,24.0,291.0,16.0,288.0,144.0,293.0,40.0,290.5,1.0,168.0,56.0,0.30410524494025337,224,112.0,-104.0,0.5
07:34:08,288.03,224.0,291.0,28.0,282.97,64.0,293.24,68.0,289.51,2.9700000000000273,288.0,96.0,0.44274145954509614,384,192.0,160.0,0.5
07:34:09,288.0,161.0,290.14,28.0,281.0,37.0,293.12,32.0,289.07,2.1399999999999864,198.0,60.0,0.6807569316576191,258,138.0,-126.0,0.53
07:34:10,288.0,141.0,291.67,36.0,281.0,36.0,294.67,54.0,289.83,3.670000000000016,177.0,90.0,0.6253558986687396,267,87.0,9.0,0.33
07:34:11,288.0,132.0,294.0,48.0,281.0,36.0,296.0,108.0,291.0,6.0,168.0,156.0,0.7717318187038055,324,12.0,57.0,0.04
07:34:12,288.0,55.0,294.0,15.0,281.0,30.0,296.0,45.0,291.0,6.0,85.0,60.0,0.8803805995136356,145,25.0,-178.5,0.17
07:34:13,289.83,12.0,294.0,36.0,288.0,132.0,296.0,108.0,291.92,4.170000000000016,144.0,144.0,1.1168840584413697,288,0.0,143.0,0.0
07:34:14,290.86,14.0,294.0,42.0,288.0,154.0,296.0,126.0,292.43,3.1399999999999864,168.0,168.0,0.9977123834056969,336,0.0,48.0,0.0
07:34:15,291.0,7.0,294.0,21.0,288.0,77.0,296.0,63.0,292.5,3.0,84.0,84.0,0.7376991256613529,168,0.0,-168.0,0.0
07:34:16,291.0,7.0,294.0,21.0,288.0,77.0,296.0,63.0,292.5,3.0,84.0,84.0,0.6455230437419013,168,0.0,0.0,0.0
07:34:17,291.0,9.0,294.0,27.0,288.0,99.0,296.0,81.0,292.5,3.0,108.0,108.0,0.25337718919054886,216,0.0,48.0,0.0
07:34:18,288.04,145.0,294.0,45.0,285.39,167.0,296.0,89.0,291.02,5.9599999999999795,312.0,134.0,0.6547518613963148,446,178.0,177.5,0.4
07:34:19,288.0,88.0,294.0,24.0,285.0,96.0,296.0,64.0,291.0,6.0,184.0,88.0,0.8161372433614624,272,96.0,-174.0,0.35
07:34:20,288.73,124.0,293.7,30.0,287.04,113.0,295.83,70.0,291.22,4.96999999999997,237.0,100.0,0.7825087858940473,337,137.0,65.0,0.41
07:34:21,289.27,195.0,293.0,45.0,288.0,165.0,295.29,78.0,291.13,3.730000000000018,360.0,123.0,0.6356728718461168,483,237.0,146.0,0.49
07:34:22,289.79,141.0,294.25,56.0,286.57,147.0,296.39,72.0,292.02,4.4599999999999795,288.0,128.0,0.42416977733094013,416,160.0,-67.0,0.38
07:34:23,288.31,48.0,295.0,42.0,286.43,69.0,299.0,30.0,291.66,6.689999999999998,117.0,72.0,0.4234146903463789,189,45.0,-178.5,0.24
07:34:24,289.58,60.0,295.0,84.0,288.0,132.0,299.0,60.0,292.29,5.420000000000016,192.0,144.0,0.5002299471257433,336,48.0,147.0,0.14
07:34:25,291.6,50.0,295.0,70.0,288.0,110.0,299.0,50.0,293.3,3.3999999999999773,160.0,120.0,0.8085480814410042,280,40.0,-56.0,0.14
07:34:26,293.0,75.0,295.0,105.0,288.0,165.0,299.0,75.0,294.0,2.0,240.0,180.0,0.9684420478286699,420,60.0,140.0,0.14
07:34:27,292.02,56.0,295.0,70.0,287.68,111.0,299.0,50.0,293.51,2.980000000000018,167.0,120.0,0.9537137935475812,287,47.0,-133.0,0.16
07:34:28,288.67,33.0,295.0,77.0,287.7,122.0,299.0,55.0,291.83,6.329999999999984,155.0,132.0,0.8975132311019061,287,23.0,0.0,0.08
07:34:29,289.13,30.0,295.0,105.0,288.0,165.0,297.36,55.0,292.07,5.8700000000000045,195.0,160.0,0.9443357453802816,355,35.0,68.0,0.1
07:34:30,290.0,36.0,294.58,96.0,288.0,198.0,296.08,96.0,292.29,4.579999999999984,234.0,192.0,0.9565563234868479,426,42.0,71.0,0.1
07:34:31,290.0,30.0,292.93,55.0,288.0,165.0,294.03,62.0,291.46,2.930000000000007,195.0,117.0,0.7778945944034177,312,78.0,-114.0,0.25
07:34:32,288.06,131.0,290.24,37.0,285.72,92.0,295.61,59.0,289.15,2.180000000000007,223.0,96.0,1.2731849826325434,319,127.0,7.0,0.4
07:34:33,288.0,60.0,290.0,16.0,285.0,40.0,298.0,16.0,289.0,2.0,100.0,32.0,1.599290467676321,132,68.0,-178.5,0.52
07:34:34,288.0,11.0,289.27,22.0,285.0,55.0,298.18,22.0,288.64,1.2699999999999818,66.0,44.0,1.6499606055901843,110,22.0,-22.0,0.2
07:34:35,285.41,29.0,289.0,18.0,284.4,50.0,300.0,45.0,287.21,3.589999999999975,79.0,63.0,1.5301535870618457,142,16.0,32.0,0.11
07:34:36,285.9,98.0,288.75,32.0,284.78,83.0,300.0,80.0,287.32,2.8500000000000227,181.0,112.0,0.9314129052129053,293,69.0,151.0,0.24
07:34:37,286.15,61.0,296.31,52.0,284.6,75.0,300.84,57.0,291.23,10.160000000000025,136.0,109.0,1.6291869137694748,245,27.0,-48.0,0.11
07:34:38,286.23,26.0,300.0,78.0,285.0,65.0,304.0,26.0,293.12,13.769999999999982,91.0,104.0,2.5900444011635844,195,-13.0,-50.0,-0.07
07:34:39,289.77,70.0,300.0,66.0,286.55,31.0,304.0,22.0,294.89,10.230000000000018,101.0,88.0,3.438143394333702,189,13.0,-6.0,0.07
07:34:40,290.0,68.0,300.0,54.0,288.0,18.0,304.0,18.0,295.0,10.0,86.0,72.0,3.1864980778281646,158,14.0,-31.0,0.09
07:34:41,290.33,30.0,300.0,90.0,289.6,50.0,304.0,30.0,295.17,9.670000000000016,80.0,120.0,1.6984316294760713,200,-40.0,42.0,-0.2
07:34:42,291.0,11.0,300.0,66.0,290.0,44.0,304.0,22.0,295.5,9.0,55.0,88.0,0.9323250506159277,143,-33.0,-57.0,-0.23
07:34:43,291.0,8.0,299.89,47.0,290.0,32.0,302.8,20.0,295.45,8.889999999999986,40.0,67.0,0.26901672811677585,107,-27.0,-36.0,-0.25
07:34:44,291.0,8.0,299.0,45.0,290.0,32.0,300.02,40.0,295.0,8.0,40.0,85.0,0.24006249187801829,125,-45.0,18.0,-0.36
07:34:45,291.94,82.0,297.9,84.0,290.35,31.0,297.62,48.0,294.92,5.9599999999999795,113.0,132.0,0.2605187133521533,245,-19.0,120.0,-0.08
07:34:46,291.56,64.0,293.04,51.0,289.87,30.0,294.15,33.0,292.3,1.4800000000000182,94.0,84.0,1.3303307859347773,178,10.0,-67.0,0.06
07:34:47,290.0,52.0,292.0,26.0,288.0,26.0,294.86,29.0,291.0,2.0,78.0,55.0,1.9675568606789084,133,23.0,-45.0,0.17
07:34:48,290.94,69.0,294.0,28.0,289.93,54.0,299.0,70.0,292.47,3.0600000000000023,123.0,98.0,1.7579874857358464,221,25.0,88.0,0.11
07:34:49,291.0,44.0,292.34,35.0,290.0,40.0,298.34,44.0,291.67,1.339999999999975,84.0,79.0,1.485957603703062,163,5.0,-58.0,0.03
07:34:50,290.26,34.0,296.2,50.0,288.92,26.0,301.26,43.0,293.23,5.939999999999998,60.0,93.0,0.843048041337202,153,-33.0,-10.0,-0.22
07:34:51,290.0,7.0,298.0,35.0,288.0,14.0,303.0,28.0,294.0,8.0,21.0,63.0,1.1957549916278754,84,-42.0,-69.0,-0.5
07:34:52,288.67,12.0,297.45,22.0,286.5,16.0,299.05,38.0,293.06,8.779999999999973,28.0,60.0,0.8719690361495465,88,-32.0,4.0,-0.36
07:34:53,288.0,18.0,297.0,48.0,285.0,18.0,301.08,39.0,292.5,9.0,36.0,87.0,0.8684871904660351,123,-51.0,35.0,-0.41
07:34:54,286.5,24.0,297.0,84.0,284.25,48.0,303.0,48.0,291.75,10.5,72.0,132.0,0.8406366634900154,204,-60.0,81.0,-0.29
07:34:55,286.78,146.0,296.0,34.0,284.61,46.0,304.53,85.0,291.39,9.220000000000027,192.0,119.0,1.0428566536217572,311,73.0,107.0,0.23
07:34:56,288.0,100.0,296.0,50.0,285.0,20.0,305.0,50.0,292.0,8.0,120.0,100.0,0.6538730763708499,220,20.0,-91.0,0.09
07:34:57,288.0,110.0,295.97,72.0,285.0,22.0,304.18,55.0,291.99,7.970000000000027,132.0,127.0,0.40537636833247287,259,5.0,39.0,0.02
07:34:58,288.0,110.0,294.45,22.0,285.0,22.0,296.09,55.0,291.23,6.449999999999989,132.0,77.0,0.34988569562375277,209,55.0,-50.0,0.26
07:34:59,288.21,112.0,292.75,32.0,287.25,80.0,296.75,80.0,290.48,4.5400000000000205,192.0,112.0,0.6288640552629906,304,80.0,95.0,0.26
07:35:00,290.0,18.0,291.0,30.0,288.0,150.0,295.73,75.0,290.5,1.0,168.0,105.0,0.752562289781793,273,63.0,-31.0,0.23
07:35:01,288.32,57.0,290.41,39.0,287.55,106.0,293.94,66.0,289.36,2.090000000000032,163.0,105.0,0.9782995451297155,268,58.0,-5.0,0.22
07:35:02,288.0,89.0,289.18,34.0,285.0,34.0,291.32,57.0,288.59,1.1800000000000068,123.0,91.0,1.047124634415706,214,32.0,-54.0,0.15
07:35:03,288.82,85.0,290.0,20.0,287.56,41.0,294.6,50.0,289.41,1.1800000000000068,126.0,70.0,0.8177835899550505,196,56.0,-18.0,0.29
07:35:04,288.64,47.0,293.08,26.0,286.96,23.0,296.11,19.0,290.86,4.439999999999998,70.0,45.0,0.9230005417115854,115,25.0,-81.0,0.22
07:35:05,289.33,144.0,294.0,90.0,287.91,70.0,304.0,18.0,291.67,4.670000000000016,214.0,108.0,1.2521860884070792,322,106.0,177.5,0.33
07:35:06,290.17,96.0,292.4,75.0,284.89,27.0,294.0,75.0,291.28,2.2299999999999613,123.0,150.0,1.308422714569241,273,-27.0,-49.0,-0.1
07:35:07,291.0,44.0,292.0,55.0,285.36,44.0,294.0,55.0,291.5,1.0,88.0,110.0,0.9095768246836039,198,-22.0,-75.0,-0.11
07:35:08,291.0,32.0,292.0,40.0,290.0,32.0,294.0,40.0,291.5,1.0,64.0,80.0,0.3129217154530951,144,-16.0,-54.0,-0.11
07:35:09,291.0,24.0,292.0,30.0,290.0,24.0,294.0,30.0,291.5,1.0,48.0,60.0,0.13856406461375473,108,-12.0,-36.0,-0.11
07:35:10,290.17,58.0,293.05,63.0,289.0,24.0,298.83,87.0,291.61,2.8799999999999955,82.0,150.0,0.12049896266054556,232,-68.0,124.0,-0.29
07:35:11,289.54,26.0,294.43,51.0,285.7,47.0,299.2,75.0,291.98,4.889999999999986,73.0,126.0,0.20789420386934004,199,-53.0,-33.0,-0.27
07:35:12,288.0,16.0,298.19,32.0,285.0,96.0,301.0,80.0,293.09,10.189999999999998,112.0,112.0,0.6745591152767174,224,0.0,25.0,0.0
07:35:13,288.0,13.0,297.0,26.0,285.0,78.0,301.23,71.0,292.5,9.0,91.0,97.0,0.6610824456928206,188,-6.0,-36.0,-0.03
07:35:14,288.0,10.0,296.4,20.0,285.0,60.0,302.0,40.0,292.2,8.399999999999977,70.0,60.0,0.5589543809680797,130,10.0,-58.0,0.08
07:35:15,288.0,14.0,294.23,26.0,285.0,84.0,301.45,87.0,291.12,6.230000000000018,98.0,113.0,0.7236159202251369,211,-15.0,81.0,-0.07
07:35:16,285.5,36.0,290.59,17.0,284.88,41.0,294.5,26.0,288.04,5.089999999999975,77.0,43.0,2.0045947221326545,120,34.0,-91.0,0.28
07:35:17,285.0,55.0,291.0,22.0,284.0,11.0,297.0,33.0,288.0,6.0,66.0,55.0,2.2076050371388174,121,11.0,1.0,0.09
07:35:18,285.0,45.0,290.56,18.0,284.0,9.0,296.33,27.0,287.78,5.560000000000002,54.0,45.0,2.0753602096983967,99,9.0,-22.0,0.09
07:35:19,285.0,40.0,286.81,43.0,284.0,11.0,290.75,40.0,285.91,1.8100000000000023,51.0,83.0,1.8713631395315986,134,-32.0,35.0,-0.24
07:35:20,285.0,14.0,287.0,35.0,284.0,7.0,295.0,21.0,286.0,2.0,21.0,56.0,1.0921904595793503,77,-35.0,-57.0,-0.45
07:35:21,286.0,28.0,287.0,70.0,285.0,28.0,295.0,42.0,286.5,1.0,56.0,112.0,0.9893533241444757,168,-56.0,91.0,-0.33
07:35:22,287.0,26.0,290.92,49.0,285.0,26.0,296.55,31.0,288.96,3.920000000000016,52.0,80.0,1.3118307817687298,132,-28.0,-36.0,-0.21
07:35:23,289.92,24.0,295.0,36.0,285.0,24.0,298.0,24.0,292.46,5.079999999999984,48.0,60.0,2.8029234738032196,108,-12.0,-24.0,-0.11
07:35:24,290.35,17.0,295.0,36.0,285.0,24.0,298.0,24.0,292.68,4.649999999999977,41.0,60.0,3.1722862418134525,101,-19.0,-7.0,-0.19
07:35:25,293.0,15.0,295.0,45.0,287.86,42.0,298.0,30.0,294.0,2.0,57.0,75.0,3.0957067044539235,132,-18.0,31.0,-0.14
07:35:26,291.0,50.0,295.0,30.0,285.0,20.0,298.0,20.0,293.0,4.0,70.0,50.0,1.9153067639421477,120,20.0,-12.0,0.17
07:35:27,291.0,40.0,295.0,24.0,285.0,16.0,298.0,16.0,293.0,4.0,56.0,40.0,0.5895082696650474,96,16.0,-24.0,0.17
07:35:28,291.0,80.0,293.5,64.0,285.0,32.0,295.0,48.0,292.25,2.5,112.0,112.0,0.6449651153383619,224,0.0,128.0,0.0
07:35:29,291.0,14.0,296.25,24.0,286.71,28.0,300.14,35.0,293.62,5.25,42.0,59.0,0.6699850744633394,101,-17.0,-123.0,-0.17
07:35:30,291.0,9.0,298.0,18.0,288.0,36.0,301.0,36.0,294.5,7.0,45.0,54.0,0.8398690374122366,99,-9.0,-2.0,-0.09
07:35:31,289.09,11.0,296.6,30.0,286.78,23.0,299.29,28.0,292.85,7.510000000000048,34.0,58.0,0.8546519759549576,92,-24.0,-7.0,-0.26
07:35:32,288.0,17.0,295.47,51.0,284.39,23.0,300.16,43.0,291.74,7.470000000000027,40.0,94.0,1.0962070972236018,134,-54.0,42.0,-0.4
07:35:33,288.0,10.0,295.0,30.0,285.0,30.0,299.0,30.0,291.5,7.0,40.0,60.0,1.2619112488615116,100,-20.0,-34.0,-0.2
07:35:34,288.0,15.0,294.27,45.0,285.0,45.0,299.62,47.0,291.13,6.269999999999982,60.0,92.0,1.3652215937358443,152,-32.0,52.0,-0.21
07:35:35,290.0,39.0,293.69,39.0,288.0,13.0,299.98,46.0,291.85,3.6899999999999977,52.0,85.0,0.6415839773576301,137,-33.0,-15.0,-0.24
07:35:36,290.0,39.0,293.0,39.0,288.0,13.0,299.0,13.0,291.5,3.0,52.0,52.0,0.2771822505171,104,0.0,-33.0,0.0
07:35:37,290.0,45.0,292.06,51.0,288.0,15.0,295.91,35.0,291.03,2.0600000000000023,60.0,86.0,0.3287400188622701,146,-26.0,42.0,-0.18
07:35:38,286.53,45.0,292.67,45.0,284.75,16.0,298.82,67.0,289.6,6.140000000000043,61.0,112.0,0.8584695684770138,173,-51.0,27.0,-0.29
07:35:39,283.0,42.0,291.27,49.0,280.0,28.0,294.84,43.0,287.13,8.269999999999982,70.0,92.0,1.928981596594481,162,-22.0,-11.0,-0.14
07:35:40,283.0,34.0,287.38,32.0,280.0,16.0,289.25,32.0,285.19,4.3799999999999955,50.0,64.0,2.6778442822536364,114,-14.0,-48.0,-0.12
07:35:41,283.0,63.0,285.15,59.0,280.0,28.0,286.36,59.0,284.08,2.1499999999999773,91.0,118.0,2.9153095890482223,209,-27.0,95.0,-0.13
07:35:42,282.77,26.0,284.0,28.0,279.8,15.0,286.18,33.0,283.38,1.2300000000000182,41.0,61.0,2.518279174355869,102,-20.0,-107.0,-0.2
07:35:43,280.0,18.0,283.44,36.0,279.0,27.0,298.28,29.0,281.72,3.4399999999999977,45.0,65.0,2.0218926776642308,110,-20.0,8.0,-0.18
07:35:44,279.76,37.0,282.97,58.0,278.18,66.0,296.64,67.0,281.36,3.2100000000000364,103.0,125.0,1.6068851856901931,228,-22.0,118.0,-0.1
07:35:45,280.63,49.0,282.39,31.0,277.39,56.0,286.62,69.0,281.51,1.759999999999991,105.0,100.0,1.2367699866950195,205,5.0,-23.0,0.02
07:35:46,277.76,63.0,280.9,30.0,276.81,81.0,288.2,75.0,279.33,3.1399999999999864,144.0,105.0,1.4407810381832324,249,39.0,44.0,0.16
07:35:47,276.55,99.0,279.8,15.0,275.77,39.0,286.6,75.0,278.17,3.25,138.0,90.0,1.5821093514630942,228,48.0,-21.0,0.21
07:35:48,276.0,55.0,277.45,11.0,275.0,11.0,284.18,55.0,276.73,1.4499999999999886,66.0,66.0,2.0578143745210964,132,0.0,-96.0,0.0
07:35:49,276.0,42.0,277.0,10.0,275.0,10.0,286.0,50.0,276.5,1.0,52.0,60.0,2.0601747498657583,112,-8.0,-20.0,-0.07
07:35:50,277.51,43.0,286.0,45.0,275.93,30.0,292.0,36.0,281.76,8.490000000000009,73.0,81.0,2.1539661092933855,154,-8.0,42.0,-0.05
07:35:51,278.0,60.0,286.0,60.0,275.39,46.0,292.0,48.0,282.0,8.0,106.0,108.0,2.6788187695297965,214,-2.0,60.0,-0.01
07:35:52,278.67,52.0,286.0,55.0,274.42,59.0,292.25,36.0,282.34,7.329999999999984,111.0,91.0,2.9760006720406094,202,20.0,-12.0,0.1
07:35:53,283.75,77.0,289.0,60.0,275.23,65.0,292.62,48.0,286.38,5.25,142.0,108.0,3.514239604806236,250,34.0,48.0,0.14
07:35:54,290.04,46.0,291.21,28.0,283.38,29.0,292.15,39.0,290.63,1.169999999999959,75.0,67.0,3.8555181234164224,142,8.0,-108.0,0.06
07:35:55,290.0,31.0,292.02,44.0,282.65,34.0,294.2,71.0,291.01,2.019999999999982,65.0,115.0,4.329061099129358,180,-50.0,38.0,-0.28
07:35:56,276.15,13.0,292.0,27.0,272.52,42.0,294.76,33.0,284.08,15.850000000000023,55.0,60.0,3.86719148737113,115,-5.0,-65.0,-0.04
07:35:57,282.23,62.0,291.5,42.0,272.63,38.0,292.8,35.0,286.86,9.269999999999982,100.0,77.0,2.960197628537153,177,23.0,62.0,0.13
07:35:58,283.0,95.0,290.1,31.0,275.0,15.0,291.04,84.0,286.55,7.100000000000023,110.0,115.0,2.9408383158543443,225,-5.0,48.0,-0.02
07:35:59,283.27,22.0,288.45,33.0,278.43,14.0,290.25,24.0,285.86,5.180000000000007,36.0,57.0,2.5517778116434258,93,-21.0,-132.0,-0.23
07:36:00,284.0,13.0,288.0,27.0,283.0,18.0,291.23,26.0,286.0,4.0,31.0,53.0,1.0797684937033176,84,-22.0,-9.0,-0.26
07:36:01,284.33,18.0,288.0,45.0,283.11,27.0,291.0,45.0,286.17,3.670000000000016,45.0,90.0,0.41105960637710004,135,-45.0,51.0,-0.33
07:36:02,284.0,13.0,287.31,39.0,283.0,26.0,291.0,39.0,285.65,3.3100000000000023,39.0,78.0,0.3401911227450779,117,-39.0,-18.0,-0.33
07:36:03,284.0,13.0,286.54,39.0,283.0,26.0,291.0,39.0,285.27,2.5400000000000205,39.0,78.0,0.34763486590700976,117,-39.0,0.0,-0.33
07:36:04,283.5,16.0,287.43,35.0,278.0,28.0,291.55,33.0,285.46,3.930000000000007,44.0,68.0,0.3726258176697731,112,-24.0,-5.0,-0.21
07:36:05,283.2,15.0,290.0,14.0,272.17,24.0,291.0,21.0,286.6,6.800000000000011,39.0,35.0,0.5457563558899283,74,4.0,-38.0,0.05
07:36:06,284.75,24.0,289.0,16.0,283.0,16.0,291.25,24.0,286.88,4.25,40.0,40.0,0.720673296296219,80,0.0,6.0,0.0
07:36:07,285.42,62.0,291.4,45.0,283.61,79.0,294.0,54.0,288.41,5.979999999999961,141.0,99.0,1.2643298620199068,240,42.0,160.0,0.17
07:36:08,283.43,44.0,292.57,21.0,282.41,51.0,294.14,21.0,288.0,9.139999999999986,95.0,42.0,1.1736268572233846,137,53.0,-103.0,0.39
07:36:09,285.0,36.0,290.59,61.0,283.0,162.0,292.56,55.0,287.8,5.589999999999975,198.0,116.0,0.7673460757680922,314,82.0,177.0,0.26
07:36:10,285.0,22.0,288.16,38.0,283.0,134.0,289.62,39.0,286.58,3.160000000000025,156.0,77.0,0.7734856171879991,233,79.0,-81.0,0.34
07:36:11,283.37,86.0,293.0,39.0,282.66,117.0,298.0,39.0,288.19,9.629999999999995,203.0,78.0,0.7163309291082354,281,125.0,48.0,0.44
07:36:12,283.0,126.0,290.14,35.0,276.5,12.0,295.78,27.0,286.57,7.139999999999986,138.0,62.0,0.7908033889637207,200,76.0,-81.0,0.38
07:36:13,283.03,145.0,292.33,45.0,279.67,24.0,295.55,33.0,287.68,9.300000000000011,169.0,78.0,0.7445334109335885,247,91.0,47.0,0.37
07:36:14,283.03,145.0,292.0,55.0,279.67,24.0,297.5,24.0,287.52,8.970000000000027,169.0,79.0,0.7134213341331436,248,90.0,1.0,0.36
07:36:15,283.6,80.0,291.17,60.0,282.72,116.0,295.14,28.0,287.38,7.569999999999993,196.0,88.0,0.5880221084249633,284,108.0,36.0,0.38
07:36:16,285.36,28.0,291.0,55.0,283.3,99.0,294.0,33.0,288.18,5.639999999999986,127.0,88.0,0.5849615371941492,215,39.0,-69.0,0.18
07:36:17,283.63,57.0,288.22,41.0,280.26,81.0,291.81,31.0,285.93,4.590000000000032,138.0,72.0,0.8431014173848517,210,66.0,-5.0,0.31
07:36:18,283.77,124.0,286.56,50.0,282.34,244.0,289.58,65.0,285.17,2.7900000000000205,368.0,115.0,1.2416239366231525,483,253.0,177.5,0.52
07:36:19,284.0,38.0,291.21,58.0,283.0,224.0,293.12,51.0,287.6,7.2099999999999795,262.0,109.0,1.2531041457100087,371,153.0,-112.0,0.41
07:36:20,284.81,21.0,293.53,38.0,283.11,90.0,294.38,39.0,289.17,8.71999999999997,111.0,77.0,1.6381849712398682,188,34.0,-178.5,0.18
07:36:21,286.0,32.0,292.51,53.0,285.0,16.0,293.92,59.0,289.25,6.509999999999991,48.0,112.0,1.852452428538038,160,-64.0,-28.0,-0.4
07:36:22,286.0,32.0,294.32,66.0,283.35,68.0,295.51,55.0,290.16,8.319999999999993,100.0,121.0,1.9622308732658709,221,-21.0,61.0,-0.1
07:36:23,287.6,30.0,293.52,67.0,283.0,210.0,294.34,61.0,290.56,5.919999999999959,240.0,128.0,1.142921694605247,368,112.0,147.0,0.3
07:36:24,284.0,110.0,290.35,68.0,282.46,178.0,293.3,91.0,287.18,6.350000000000023,288.0,159.0,1.307145745507831,447,129.0,79.0,0.29
07:36:25,284.15,59.0,287.32,77.0,283.39,85.0,289.29,68.0,285.74,3.170000000000016,144.0,145.0,2.0549501210487344,289,-1.0,-158.0,-0.0
07:36:26,283.02,190.0,287.67,39.0,280.73,45.0,295.06,47.0,285.34,4.650000000000034,235.0,86.0,2.4426788573197906,321,149.0,32.0,0.46
07:36:27,283.04,128.0,286.0,37.0,280.88,34.0,286.83,41.0,284.52,2.9599999999999795,162.0,78.0,2.379520960192495,240,84.0,-81.0,0.35
07:36:28,283.92,24.0,285.0,26.0,282.77,26.0,286.33,36.0,284.46,1.079999999999984,50.0,62.0,1.1106394554460846,112,-12.0,-128.0,-0.11
07:36:29,284.55,44.0,287.79,28.0,283.0,28.0,293.82,67.0,286.17,3.240000000000009,72.0,95.0,0.7502532905581123,167,-23.0,55.0,-0.14
07:36:30,285.45,33.0,287.36,22.0,283.0,22.0,294.0,55.0,286.41,1.910000000000025,55.0,77.0,0.9045164453969202,132,-22.0,-35.0,-0.17
07:36:31,286.69,26.0,292.08,65.0,283.0,32.0,297.27,78.0,289.38,5.389999999999986,58.0,143.0,2.0004174564311867,201,-85.0,69.0,-0.42
07:36:32,285.29,17.0,293.0,60.0,276.51,49.0,299.0,36.0,289.15,7.7099999999999795,66.0,96.0,2.1041934321720337,162,-30.0,-39.0,-0.19
07:36:33,283.0,22.0,293.0,55.0,273.55,33.0,300.0,44.0,288.0,10.0,55.0,99.0,1.4954497651198317,154,-44.0,-8.0,-0.29
07:36:34,284.93,29.0,292.86,58.0,276.68,47.0,296.5,80.0,288.9,7.930000000000007,76.0,138.0,1.2132477076004804,214,-62.0,60.0,-0.29
07:36:35,283.0,22.0,293.0,55.0,273.22,46.0,299.45,44.0,288.0,10.0,68.0,99.0,0.6488297157177246,167,-31.0,-47.0,-0.19
07:36:36,287.65,34.0,293.0,55.0,283.55,22.0,298.0,44.0,290.32,5.350000000000023,56.0,99.0,0.9611867664500217,155,-43.0,-12.0,-0.28
07:36:37,290.0,36.0,293.0,30.0,285.0,12.0,298.0,24.0,291.5,3.0,48.0,54.0,1.5338448422182265,102,-6.0,-53.0,-0.06
07:36:38,290.0,54.0,292.8,50.0,285.0,26.0,295.81,57.0,291.4,2.8000000000000114,80.0,107.0,1.5426859693406807,187,-27.0,85.0,-0.14
07:36:39,290.0,24.0,294.25,40.0,285.0,16.0,298.0,32.0,292.12,4.25,40.0,72.0,1.6260135300795242,112,-32.0,-75.0,-0.29
07:36:40,290.19,26.0,295.0,40.0,285.88,17.0,298.0,32.0,292.6,4.810000000000002,43.0,72.0,0.8599534871161824,115,-29.0,3.0,-0.25
07:36:41,291.0,60.0,295.0,60.0,290.0,36.0,298.0,48.0,293.0,4.0,96.0,108.0,0.6905649860833002,204,-12.0,89.0,-0.06
07:36:42,291.0,50.0,295.0,50.0,290.0,30.0,298.0,40.0,293.0,4.0,80.0,90.0,0.677406820164042,170,-10.0,-34.0,-0.06
07:36:43,291.0,40.0,295.0,40.0,290.0,24.0,298.0,32.0,293.0,4.0,64.0,72.0,0.38946116623521515,136,-8.0,-34.0,-0.06
07:36:44,289.42,38.0,295.58,62.0,284.85,40.0,298.62,52.0,292.5,6.159999999999968,78.0,114.0,0.24899799197066227,192,-36.0,56.0,-0.19
07:36:45,290.33,36.0,295.0,50.0,284.14,28.0,299.0,40.0,292.67,4.670000000000016,64.0,90.0,0.2351169921665511,154,-26.0,-38.0,-0.17
07:36:46,291.37,57.0,295.0,60.0,287.4,30.0,299.0,48.0,293.18,3.6299999999999955,87.0,108.0,0.27694764849245984,195,-21.0,41.0,-0.11
07:36:47,292.5,84.0,295.0,60.0,291.0,48.0,299.87,93.0,293.75,2.5,132.0,153.0,0.4878011890163102,285,-21.0,90.0,-0.07
07:36:48,293.0,49.0,295.0,35.0,291.0,28.0,299.15,47.0,294.0,2.0,77.0,82.0,0.6541788746252836,159,-5.0,-126.0,-0.03
07:36:49,293.0,70.0,295.0,50.0,291.0,40.0,298.0,50.0,294.0,2.0,110.0,100.0,0.581334671257808,210,10.0,51.0,0.05
07:36:50,293.0,63.0,295.0,45.0,291.0,36.0,298.0,45.0,294.0,2.0,99.0,90.0,0.35564026769590845,189,9.0,-21.0,0.05
07:36:51,293.0,49.0,294.87,23.0,291.0,28.0,296.71,35.0,293.93,1.8700000000000045,77.0,58.0,0.1083051245649458,135,19.0,-54.0,0.14
07:36:52,293.0,91.0,294.0,13.0,291.0,52.0,295.0,65.0,293.5,1.0,143.0,78.0,0.21789905921540928,221,65.0,86.0,0.29
07:36:53,293.0,39.0,294.62,16.0,291.0,32.0,296.0,40.0,293.81,1.6200000000000045,71.0,56.0,0.20945166508507182,127,15.0,-94.0,0.12
07:36:54,293.0,4.0,295.0,20.0,291.0,16.0,299.0,20.0,294.0,2.0,20.0,40.0,0.20945166508507182,60,-20.0,-67.0,-0.33
07:36:55,291.33,6.0,295.0,30.0,286.71,14.0,299.0,30.0,293.17,3.670000000000016,20.0,60.0,0.34433994831659737,80,-40.0,20.0,-0.5
07:36:56,287.67,9.0,295.0,45.0,283.42,38.0,299.0,45.0,291.33,7.329999999999984,47.0,90.0,1.0715269478673841,137,-43.0,57.0,-0.31
07:36:57,283.25,16.0,294.85,41.0,281.38,26.0,298.11,45.0,289.05,11.600000000000023,42.0,86.0,2.087251781650866,128,-44.0,-9.0,-0.34
07:36:58,283.0,18.0,293.62,26.0,279.44,18.0,296.02,43.0,288.31,10.620000000000005,36.0,69.0,2.4853812584798876,105,-33.0,-23.0,-0.31
07:36:59,280.33,18.0,291.37,38.0,276.65,23.0,292.57,37.0,285.85,11.04000000000002,41.0,75.0,2.8173604668200625,116,-34.0,11.0,-0.29
07:37:00,278.17,12.0,288.88,32.0,275.82,17.0,289.79,28.0,283.52,10.70999999999998,29.0,60.0,3.009471714437217,89,-31.0,-27.0,-0.35
07:37:01,277.16,25.0,286.66,38.0,275.29,34.0,288.38,32.0,281.91,9.5,59.0,70.0,3.0483470930973247,129,-11.0,40.0,-0.09
07:37:02,279.88,33.0,284.96,48.0,277.2,60.0,287.61,56.0,282.42,5.079999999999984,93.0,104.0,2.659204768345792,197,-11.0,68.0,-0.06
07:37:03,279.0,32.0,281.58,38.0,278.0,64.0,282.82,34.0,280.29,2.579999999999984,96.0,72.0,2.065035108658117,168,24.0,-29.0,0.14
07:37:04,278.41,41.0,281.78,18.0,276.58,38.0,283.64,53.0,280.1,3.3699999999999477,79.0,71.0,1.4499551717170287,150,8.0,-18.0,0.05
07:37:05,272.84,45.0,287.6,20.0,269.32,38.0,290.52,50.0,280.22,14.760000000000048,83.0,70.0,1.091590582584917,153,13.0,3.0,0.08
07:37:06,282.62,52.0,287.0,12.0,234.41,17.0,288.0,12.0,284.81,4.3799999999999955,69.0,24.0,2.051942981661241,93,45.0,-60.0,0.48
07:37:07,284.0,150.0,288.74,46.0,283.0,10.0,292.12,34.0,286.37,4.740000000000009,160.0,80.0,3.002277468854244,240,80.0,147.0,0.33
07:37:08,284.0,90.0,289.0,24.0,283.0,6.0,293.0,24.0,286.5,5.0,96.0,48.0,3.2101946981439333,144,48.0,-96.0,0.33
07:37:09,284.0,165.0,288.23,52.0,283.0,11.0,290.36,44.0,286.12,4.230000000000018,176.0,96.0,2.6492319641724325,272,80.0,128.0,0.29
07:37:10,284.0,126.0,288.0,50.0,283.0,10.0,290.0,40.0,286.0,4.0,136.0,90.0,0.6725696989862296,226,46.0,-46.0,0.2
07:37:11,284.0,72.0,288.0,30.0,283.0,6.0,290.0,24.0,286.0,4.0,78.0,54.0,0.2265391798227165,132,24.0,-94.0,0.18
07:37:12,284.0,96.0,287.21,24.0,283.0,8.0,288.42,38.0,285.6,3.2099999999999795,104.0,62.0,0.32199378875149204,166,42.0,34.0,0.25
07:37:13,284.0,38.0,286.82,51.0,283.0,10.0,288.38,52.0,285.41,2.819999999999993,48.0,103.0,0.30459809584802233,151,-55.0,-15.0,-0.36
07:37:14,284.0,42.0,285.5,28.0,283.0,14.0,286.78,63.0,284.75,1.5,56.0,91.0,0.5164978218674937,147,-35.0,-4.0,-0.24
07:37:15,284.0,24.0,285.0,16.0,283.0,8.0,286.0,16.0,284.5,1.0,32.0,32.0,0.6170656366979544,64,0.0,-83.0,0.0
07:37:16,284.13,15.0,287.44,41.0,283.15,13.0,288.36,56.0,285.79,3.3100000000000023,28.0,97.0,0.5577185670151171,125,-69.0,61.0,-0.55
07:37:17,283.73,11.0,288.2,20.0,282.28,29.0,289.72,53.0,285.96,4.46999999999997,40.0,73.0,0.6380987384358933,113,-33.0,-12.0,-0.29
07:37:18,283.0,12.0,288.67,15.0,282.0,84.0,290.31,49.0,285.83,5.670000000000016,96.0,64.0,0.685076638043938,160,32.0,47.0,0.2
07:37:19,283.0,8.0,288.0,8.0,282.0,56.0,292.0,32.0,285.5,5.0,64.0,40.0,0.5923090409522551,104,24.0,-56.0,0.23
07:37:20,283.0,13.0,287.0,13.0,282.0,91.0,290.97,58.0,285.0,4.0,104.0,71.0,0.38318402888678027,175,33.0,71.0,0.19
07:37:21,283.97,170.0,287.0,16.0,282.24,46.0,290.0,80.0,285.49,3.0299999999999727,216.0,96.0,0.3724647634257939,312,120.0,137.0,0.38
07:37:22,284.49,144.0,286.18,11.0,283.0,11.0,289.73,55.0,285.34,1.6899999999999977,155.0,66.0,0.3006160341593447,221,89.0,-91.0,0.4
07:37:23,285.0,108.0,286.0,12.0,283.0,12.0,289.0,60.0,285.5,1.0,120.0,72.0,0.2155922076365823,192,48.0,-29.0,0.25
07:37:24,286.4,80.0,289.0,50.0,283.0,50.0,292.0,60.0,287.7,2.6000000000000227,130.0,110.0,1.0779053761783177,240,20.0,48.0,0.08
07:37:25,286.56,45.0,289.0,50.0,282.12,40.0,292.0,60.0,287.78,2.4399999999999977,85.0,110.0,1.2598491973227406,195,-25.0,-45.0,-0.13
07:37:26,284.0,12.0,289.0,30.0,283.0,6.0,292.0,36.0,286.5,5.0,18.0,66.0,1.1622736338724247,84,-48.0,-111.0,-0.57
07:37:27,282.42,38.0,289.0,50.0,272.85,52.0,292.0,60.0,285.71,6.579999999999984,90.0,110.0,1.0732287733727137,200,-20.0,116.0,-0.1
07:37:28,282.0,30.0,289.0,30.0,272.0,48.0,292.0,36.0,285.5,7.0,78.0,66.0,1.0732287733727137,144,12.0,-56.0,0.08
07:37:29,282.0,15.0,289.0,15.0,271.0,48.0,292.0,18.0,285.5,7.0,63.0,33.0,0.9755101229585319,96,30.0,-48.0,0.31
07:37:30,282.0,25.0,289.0,25.0,271.0,80.0,292.0,30.0,285.5,7.0,105.0,55.0,0.43338204853693585,160,50.0,64.0,0.31
07:37:31,282.0,65.0,289.0,65.0,271.0,208.0,292.0,78.0,285.5,7.0,273.0,143.0,0.09391485502225028,416,130.0,177.5,0.31
07:37:32,283.52,66.0,289.0,75.0,282.71,102.0,292.0,90.0,286.26,5.480000000000018,168.0,165.0,0.33988233257108436,333,3.0,-83.0,0.01
07:37:33,285.72,36.0,289.0,90.0,283.28,123.0,292.0,108.0,287.36,3.2799999999999727,159.0,198.0,0.8161372433569907,357,-39.0,24.0,-0.11
07:37:34,284.33,36.0,291.61,76.0,283.16,95.0,292.79,56.0,287.97,7.28000000000003,131.0,132.0,1.1131576707703366,263,-1.0,-94.0,-0.0
07:37:35,290.76,29.0,292.0,66.0,284.96,25.0,293.0,44.0,291.38,1.240000000000009,54.0,110.0,2.2718010476262984,164,-56.0,-99.0,-0.34
07:37:36,291.0,16.0,292.0,48.0,290.0,8.0,293.0,32.0,291.5,1.0,24.0,80.0,2.403971713643306,104,-56.0,-60.0,-0.54
07:37:37,290.0,11.0,292.0,55.0,284.0,33.0,293.0,44.0,291.0,2.0,44.0,99.0,2.0074909713366256,143,-55.0,39.0,-0.38
07:37:38,290.0,5.0,291.62,16.0,284.0,15.0,292.35,23.0,290.81,1.6200000000000045,20.0,39.0,1.4591333043964194,59,-19.0,-84.0,-0.32
07:37:39,287.82,11.0,291.0,22.0,283.4,53.0,293.36,55.0,289.41,3.180000000000007,64.0,77.0,0.8361519000750536,141,-13.0,82.0,-0.09
07:37:40,284.0,14.0,289.76,41.0,283.0,112.0,294.72,71.0,286.88,5.759999999999991,126.0,112.0,1.8679266580886222,238,14.0,97.0,0.06
07:37:41,284.8,15.0,288.97,72.0,283.29,42.0,295.73,77.0,286.89,4.170000000000016,57.0,149.0,2.024270238875523,206,-92.0,-32.0,-0.45
07:37:42,283.22,54.0,288.0,26.0,280.38,13.0,289.0,39.0,285.61,4.779999999999973,67.0,65.0,2.1243116532175947,132,2.0,-74.0,0.02
07:37:43,283.14,85.0,287.56,25.0,280.25,20.0,288.71,35.0,285.35,4.420000000000016,105.0,60.0,1.6078930312663922,165,45.0,33.0,0.27
07:37:44,284.0,48.0,285.13,15.0,283.0,42.0,291.15,39.0,284.57,1.1299999999999955,90.0,54.0,1.0109401564850953,144,36.0,-21.0,0.25
07:37:45,284.0,13.0,292.75,20.0,283.0,24.0,296.86,37.0,288.38,8.75,37.0,57.0,1.4956603892576652,94,-20.0,-50.0,-0.21
07:37:46,283.5,12.0,294.88,40.0,281.57,28.0,295.85,33.0,289.19,11.379999999999995,40.0,73.0,2.033346994488361,113,-33.0,19.0,-0.29
07:37:47,283.5,42.0,292.67,92.0,280.5,56.0,293.59,102.0,288.09,9.170000000000016,98.0,194.0,2.027851079343684,292,-96.0,177.5,-0.33
07:37:48,284.29,42.0,291.0,70.0,283.0,42.0,293.0,116.0,287.64,6.7099999999999795,84.0,186.0,1.771702570973987,270,-102.0,-22.0,-0.38
07:37:49,285.5,42.0,290.21,70.0,283.0,42.0,293.0,115.0,287.86,4.7099999999999795,84.0,185.0,0.6018056164547212,269,-101.0,-1.0,-0.38
07:37:50,286.66,35.0,289.25,60.0,283.5,32.0,293.0,108.0,287.95,2.589999999999975,67.0,168.0,0.6060775527903739,235,-101.0,-34.0,-0.43
07:37:51,287.0,12.0,289.0,30.0,285.0,12.0,293.0,54.0,288.0,2.0,24.0,84.0,0.1713767778788755,108,-60.0,-127.0,-0.56
07:37:52,287.91,22.0,289.0,55.0,285.0,22.0,293.0,99.0,288.45,1.089999999999975,44.0,154.0,0.29673220249277804,198,-110.0,90.0,-0.56
07:37:53,285.9,40.0,291.74,46.0,283.62,26.0,293.3,67.0,288.82,5.840000000000032,66.0,113.0,0.40734506256542724,179,-47.0,-19.0,-0.26
07:37:54,287.02,193.0,291.05,57.0,285.78,108.0,293.0,76.0,289.03,4.03000000000003,301.0,133.0,0.481092506693527,434,168.0,177.5,0.39
07:37:55,288.09,70.0,292.21,53.0,285.95,125.0,294.18,68.0,290.15,4.1200000000000045,195.0,121.0,0.8058846071225695,316,74.0,-118.0,0.23
07:37:56,286.93,73.0,291.18,34.0,285.52,54.0,293.0,68.0,289.05,4.25,127.0,102.0,0.6345864795260859,229,25.0,-87.0,0.11
07:37:57,287.29,70.0,291.0,28.0,285.0,28.0,293.0,56.0,289.14,3.7099999999999795,98.0,84.0,0.5231347818654734,182,14.0,-47.0,0.08
07:37:58,288.67,45.0,292.06,32.0,285.0,22.0,294.53,49.0,290.36,3.3899999999999864,67.0,81.0,0.6527863356395757,148,-14.0,-34.0,-0.09
07:37:59,290.08,36.0,294.0,48.0,285.0,24.0,296.67,60.0,292.04,3.920000000000016,60.0,108.0,1.2089540934205674,168,-48.0,20.0,-0.29
07:38:00,288.75,24.0,294.0,56.0,283.54,37.0,298.0,70.0,291.38,5.25,61.0,126.0,1.3286760327478557,187,-65.0,19.0,-0.35
07:38:01,285.0,18.0,293.05,21.0,276.17,87.0,295.42,73.0,289.02,8.050000000000011,105.0,94.0,1.3363083476498174,199,11.0,12.0,0.06
07:38:02,285.0,15.0,291.07,15.0,274.21,86.0,297.54,78.0,288.03,6.069999999999993,101.0,93.0,1.6506907644978175,194,8.0,-5.0,0.04
07:38:03,283.18,22.0,290.5,12.0,275.29,28.0,297.88,80.0,286.84,7.319999999999993,50.0,92.0,2.2048628075228875,142,-42.0,-52.0,-0.3
07:38:04,283.4,20.0,290.0,12.0,275.89,72.0,297.0,92.0,286.7,6.600000000000023,92.0,104.0,1.918666203381037,196,-12.0,54.0,-0.06
07:38:05,285.0,14.0,288.64,14.0,283.0,28.0,295.72,54.0,286.82,3.6399999999999864,42.0,68.0,1.015834632209267,110,-26.0,-86.0,-0.24
07:38:06,283.15,26.0,286.86,14.0,274.36,100.0,296.32,74.0,285.01,3.7100000000000364,126.0,88.0,1.0790041705178848,214,38.0,104.0,0.18
07:38:07,283.0,18.0,291.0,15.0,274.0,72.0,295.73,44.0,287.0,8.0,90.0,59.0,0.825336295091166,149,31.0,-65.0,0.21
07:38:08,283.8,50.0,293.86,87.0,277.55,66.0,294.95,61.0,288.83,10.060000000000002,116.0,148.0,1.3554962191003075,264,-32.0,115.0,-0.12
07:38:09,284.65,46.0,291.82,55.0,283.27,22.0,292.5,40.0,288.24,7.170000000000016,68.0,95.0,1.4762283021252418,163,-27.0,-101.0,-0.17
07:38:10,285.0,150.0,290.0,75.0,284.0,30.0,291.18,66.0,287.5,5.0,180.0,141.0,1.4660593439543064,321,39.0,158.0,0.12
07:38:11,286.73,107.0,290.75,40.0,285.96,46.0,295.7,37.0,288.74,4.019999999999982,153.0,77.0,0.7944935493738124,230,76.0,-91.0,0.33
07:38:12,290.64,125.0,293.0,26.0,288.77,122.0,297.0,65.0,291.82,2.3600000000000136,247.0,91.0,1.648720716191097,338,156.0,108.0,0.46
07:38:13,292.0,100.0,293.0,20.0,290.0,90.0,297.0,67.0,292.5,1.0,190.0,87.0,2.2477544349858243,277,103.0,-61.0,0.37
07:38:14,291.09,99.0,296.91,90.0,289.88,101.0,298.42,48.0,294.0,5.82000000000005,200.0,138.0,2.703760344409181,338,62.0,61.0,0.18
07:38:15,292.31,104.0,297.0,104.0,290.0,117.0,298.0,52.0,294.65,4.689999999999998,221.0,156.0,2.3101774823595527,377,65.0,39.0,0.17
07:38:16,293.0,146.0,295.23,56.0,290.0,171.0,296.99,113.0,294.12,2.230000000000018,317.0,169.0,1.198507405067752,486,148.0,109.0,0.3
07:38:17,293.0,100.0,295.84,25.0,290.0,153.0,298.39,83.0,294.42,2.839999999999975,253.0,108.0,0.84322001873931,361,145.0,-125.0,0.4
07:38:18,293.0,65.0,298.0,70.0,290.62,78.0,299.4,30.0,295.5,5.0,143.0,100.0,0.5949957983072189,243,43.0,-118.0,0.18
07:38:19,293.0,32.0,297.88,40.0,292.0,24.0,299.0,16.0,295.44,4.8799999999999955,56.0,56.0,0.6175597137147942,112,0.0,-131.0,0.0
07:38:20,293.0,24.0,297.0,30.0,292.0,18.0,298.0,12.0,295.0,4.0,42.0,42.0,0.6124377519418288,84,0.0,-28.0,0.0
07:38:21,293.0,47.0,297.0,60.0,292.0,36.0,298.0,24.0,295.0,4.0,83.0,84.0,0.43418889898721663,167,-1.0,83.0,-0.01
07:38:22,293.0,32.0,297.0,60.0,292.0,36.0,298.0,24.0,295.0,4.0,68.0,84.0,0.25830214866286233,152,-16.0,-15.0,-0.11
07:38:23,293.0,26.0,296.29,56.0,292.0,39.0,297.15,53.0,294.64,3.2900000000000205,65.0,109.0,0.2836899716304478,174,-44.0,22.0,-0.25
07:38:24,293.0,20.0,295.0,40.0,292.0,30.0,297.75,56.0,294.0,2.0,50.0,96.0,0.4357981184027829,146,-46.0,-28.0,-0.32
07:38:25,292.59,44.0,295.58,62.0,290.62,78.0,299.74,94.0,294.09,2.990000000000009,122.0,156.0,0.4814353539191248,278,-34.0,132.0,-0.12
07:38:26,293.23,13.0,299.29,68.0,292.0,39.0,304.17,53.0,296.26,6.060000000000002,52.0,121.0,0.9139584235639369,173,-69.0,-105.0,-0.4
07:38:27,294.0,8.0,300.0,40.0,292.0,24.0,302.0,16.0,297.0,6.0,32.0,56.0,1.3554777755477554,88,-24.0,-85.0,-0.27
07:38:28,294.0,13.0,299.73,55.0,292.0,39.0,300.78,41.0,296.86,5.730000000000018,52.0,96.0,1.4844594975964684,148,-44.0,60.0,-0.3
07:38:29,291.81,26.0,298.12,48.0,290.69,48.0,300.0,80.0,294.97,6.310000000000002,74.0,128.0,1.263103321191321,202,-54.0,54.0,-0.27
07:38:30,291.93,182.0,298.0,42.0,290.43,42.0,300.0,70.0,294.97,6.069999999999993,224.0,112.0,0.990994450037269,336,112.0,134.0,0.33
07:38:31,292.0,194.0,297.0,36.0,291.0,36.0,300.75,60.0,294.5,5.0,230.0,96.0,1.1761590028581594,326,134.0,-10.0,0.41
07:38:32,292.0,114.0,297.0,30.0,291.0,30.0,301.0,50.0,294.5,5.0,144.0,80.0,0.9789535229027831,224,64.0,-102.0,0.29
07:38:33,292.0,132.0,296.08,36.0,291.0,36.0,300.75,60.0,294.04,4.079999999999984,168.0,96.0,0.38965369240279357,264,72.0,40.0,0.27
07:38:34,292.0,154.0,295.71,42.0,291.0,42.0,300.0,70.0,293.86,3.7099999999999795,196.0,112.0,0.43666921119180424,308,84.0,44.0,0.27
07:38:35,292.0,151.0,293.74,53.0,291.0,48.0,300.0,80.0,292.87,1.740000000000009,199.0,133.0,0.6684908376353409,332,66.0,24.0,0.2
07:38:36,292.0,69.0,293.0,93.0,291.0,36.0,300.0,60.0,292.5,1.0,105.0,153.0,0.8371857619441074,258,-48.0,-74.0,-0.19
07:38:37,292.0,23.0,293.0,55.0,291.0,33.0,300.45,55.0,292.5,1.0,56.0,110.0,0.744902678208013,166,-54.0,-92.0,-0.33
07:38:38,289.35,17.0,293.0,30.0,286.45,33.0,301.0,54.0,291.18,3.6499999999999773,50.0,84.0,0.9611555545284038,134,-34.0,-32.0,-0.25
07:38:39,289.0,18.0,293.0,30.0,286.0,36.0,301.0,54.0,291.0,4.0,54.0,84.0,0.8556868586113331,138,-30.0,4.0,-0.22
07:38:40,289.0,11.0,293.0,35.0,286.11,27.0,301.0,63.0,291.0,4.0,38.0,98.0,0.7921363518988888,136,-60.0,-2.0,-0.44
07:38:41,289.0,8.0,293.0,40.0,286.0,48.0,301.0,72.0,291.0,4.0,56.0,112.0,0.6553472362033071,168,-56.0,32.0,-0.33
07:38:42,287.36,22.0,292.31,16.0,285.86,70.0,294.12,64.0,289.84,4.949999999999989,92.0,80.0,0.5444997704303246,172,12.0,4.0,0.07
07:38:43,286.04,56.0,291.0,11.0,285.21,57.0,297.68,79.0,288.52,4.9599999999999795,113.0,90.0,1.1006906922464954,203,23.0,31.0,0.11
07:38:44,287.07,15.0,293.17,24.0,286.0,90.0,297.45,87.0,290.12,6.100000000000023,105.0,111.0,1.022780523865146,216,-6.0,13.0,-0.03
07:38:45,288.0,16.0,295.0,72.0,286.0,96.0,298.7,74.0,291.5,7.0,112.0,146.0,1.1498173768029278,258,-34.0,42.0,-0.13
07:38:46,289.0,9.0,295.0,54.0,286.0,54.0,300.0,45.0,292.0,6.0,63.0,99.0,1.387112107941601,162,-36.0,-96.0,-0.22
07:38:47,286.53,15.0,294.81,42.0,285.58,36.0,298.7,40.0,290.67,8.28000000000003,51.0,82.0,1.3531888264386336,133,-31.0,-29.0,-0.23
07:38:48,286.0,39.0,292.08,26.0,285.0,65.0,294.0,75.0,289.04,6.079999999999984,104.0,101.0,1.1637353651060178,205,3.0,72.0,0.01
07:38:49,286.0,15.0,291.4,10.0,285.0,25.0,293.57,28.0,288.7,5.399999999999977,40.0,38.0,1.4646569564229475,78,2.0,-127.0,0.03
07:38:50,286.0,30.0,290.2,20.0,285.0,50.0,292.0,20.0,288.1,4.199999999999989,80.0,40.0,1.5989434011238024,120,40.0,42.0,0.33
07:38:51,286.14,42.0,288.83,36.0,285.09,66.0,290.86,28.0,287.49,2.6899999999999977,108.0,64.0,1.2011036591386781,172,44.0,52.0,0.26
07:38:52,286.0,36.0,288.75,24.0,285.0,60.0,291.0,24.0,287.38,2.75,96.0,48.0,0.728917004874734,144,48.0,-28.0,0.33
07:38:53,286.0,27.0,287.22,18.0,285.0,45.0,289.0,18.0,286.61,1.2200000000000273,72.0,36.0,0.7881814511868391,108,36.0,-36.0,0.33
07:38:54,286.0,6.0,287.0,12.0,284.78,32.0,298.0,24.0,286.5,1.0,38.0,36.0,0.6639502993406161,74,2.0,-34.0,0.03
07:38:55,284.0,102.0,297.47,17.0,279.0,22.0,298.55,44.0,290.74,13.470000000000027,124.0,61.0,1.7325212841391218,185,63.0,111.0,0.34
07:38:56,284.0,84.0,297.0,7.0,279.0,14.0,298.0,28.0,290.5,13.0,98.0,35.0,2.105084321350513,133,63.0,-52.0,0.47
07:38:57,284.02,94.0,297.0,24.0,280.67,72.0,298.75,32.0,290.51,12.980000000000018,166.0,56.0,2.2088390615878906,222,110.0,89.0,0.5
07:38:58,285.0,11.0,295.33,24.0,284.0,88.0,297.13,31.0,290.17,10.329999999999984,99.0,55.0,1.7914602981917618,154,44.0,-68.0,0.29
07:38:59,284.02,86.0,293.71,28.0,281.75,64.0,296.09,35.0,288.87,9.689999999999998,150.0,63.0,0.7481109543362027,213,87.0,59.0,0.41
07:39:00,284.0,98.0,290.77,22.0,283.0,42.0,293.3,27.0,287.39,6.769999999999982,140.0,49.0,1.3525235672612679,189,91.0,-24.0,0.48
07:39:01,284.0,90.0,288.16,19.0,283.0,45.0,289.24,21.0,286.08,4.160000000000025,135.0,40.0,1.8708500741631533,175,95.0,-14.0,0.54
07:39:02,283.82,68.0,285.94,18.0,282.45,58.0,287.67,18.0,284.88,2.1200000000000045,126.0,36.0,2.1151997541592027,162,90.0,-13.0,0.56
07:39:03,283.0,15.0,285.0,5.0,281.0,20.0,286.0,5.0,284.0,2.0,35.0,10.0,1.9450012853450451,45,25.0,-117.0,0.56
07:39:04,281.49,37.0,284.07,14.0,280.0,42.0,289.1,21.0,282.78,2.579999999999984,79.0,35.0,1.7901061421023594,114,44.0,69.0,0.39
07:39:05,281.69,65.0,290.1,29.0,279.42,38.0,293.44,32.0,285.9,8.410000000000025,103.0,61.0,1.3737976561314489,164,42.0,50.0,0.26
07:39:06,283.38,65.0,291.0,51.0,278.77,26.0,293.15,26.0,287.19,7.6200000000000045,91.0,77.0,1.6982638193144606,168,14.0,4.0,0.08
07:39:07,285.11,45.0,290.72,29.0,282.95,170.0,292.4,20.0,287.92,5.610000000000014,215.0,49.0,2.1508184488685402,264,166.0,96.0,0.63
07:39:08,286.0,50.0,289.1,40.0,283.0,210.0,293.0,20.0,287.55,3.1000000000000227,260.0,60.0,2.0931005709220254,320,200.0,56.0,0.62
07:39:09,285.91,82.0,288.27,45.0,282.98,275.0,293.5,28.0,287.09,2.359999999999957,357.0,73.0,0.7613474896491602,430,284.0,110.0,0.66
07:39:10,283.0,252.0,294.0,24.0,277.29,42.0,295.0,24.0,288.5,11.0,294.0,48.0,0.5767581815593613,342,246.0,-88.0,0.72
07:39:11,283.0,147.0,294.0,14.0,277.0,21.0,295.0,14.0,288.5,11.0,168.0,28.0,0.6120212414581454,196,140.0,-146.0,0.71
07:39:12,283.0,142.0,294.0,14.0,276.0,35.0,295.0,14.0,288.5,11.0,177.0,28.0,0.6664608015450799,205,149.0,9.0,0.73
07:39:13,283.0,160.0,292.11,35.0,276.0,50.0,293.19,32.0,287.56,9.110000000000014,210.0,67.0,0.6646803743124273,277,143.0,72.0,0.52
07:39:14,283.0,208.0,288.98,53.0,276.0,130.0,289.68,38.0,285.99,5.980000000000018,338.0,91.0,1.0958102025422876,429,247.0,152.0,0.58
07:39:15,283.0,240.0,285.17,36.0,276.0,150.0,287.83,69.0,284.08,2.170000000000016,390.0,105.0,1.892928947423686,495,285.0,66.0,0.58
07:39:16,283.0,185.0,284.0,70.0,276.0,140.0,285.0,28.0,283.5,1.0,325.0,98.0,2.1559638215872514,423,227.0,-72.0,0.54
07:39:17,283.0,36.0,284.0,4.0,276.0,40.0,285.0,8.0,283.5,1.0,76.0,12.0,1.7925345184937636,88,64.0,-178.5,0.73
07:39:18,283.0,86.0,284.57,14.0,276.0,100.0,290.33,36.0,283.79,1.5699999999999932,186.0,50.0,1.0443514733989425,236,136.0,148.0,0.58
07:39:19,283.0,80.0,285.0,20.0,280.06,93.0,293.0,60.0,284.0,2.0,173.0,80.0,0.2716247411226214,253,93.0,17.0,0.37
07:39:20,283.0,90.0,289.61,46.0,282.0,108.0,293.09,88.0,286.3,6.610000000000014,198.0,134.0,1.182844030289149,332,64.0,79.0,0.19
07:39:21,283.52,63.0,291.83,48.0,282.55,99.0,292.9,115.0,287.68,8.310000000000002,162.0,163.0,1.8420043430980433,325,-1.0,-7.0,-0.0
07:39:22,284.83,54.0,292.0,64.0,283.78,54.0,293.11,108.0,288.42,7.170000000000016,108.0,172.0,2.100338068024678,280,-64.0,-45.0,-0.23
07:39:23,286.0,27.0,289.34,35.0,284.0,27.0,292.17,35.0,287.67,3.339999999999975,54.0,70.0,1.7496228164935617,124,-16.0,-156.0,-0.13
07:39:24,286.42,36.0,289.0,12.0,284.0,36.0,292.0,48.0,287.71,2.579999999999984,72.0,60.0,0.7707334169451724,132,12.0,8.0,0.09
07:39:25,284.6,45.0,288.07,29.0,283.11,81.0,291.72,39.0,286.33,3.4699999999999704,126.0,68.0,0.7585314759428233,194,58.0,62.0,0.3
07:39:26,284.0,36.0,287.0,36.0,283.0,72.0,290.83,12.0,285.5,3.0,108.0,48.0,1.1820448384030697,156,60.0,-38.0,0.38
07:39:27,284.0,51.0,286.59,51.0,283.0,102.0,291.58,57.0,285.29,2.589999999999975,153.0,108.0,1.1539064086807052,261,45.0,105.0,0.17
07:39:28,283.48,25.0,290.09,44.0,282.25,96.0,292.64,69.0,286.79,6.609999999999957,121.0,113.0,0.9856875772749432,234,8.0,-27.0,0.03
07:39:29,283.0,9.0,293.74,47.0,282.0,81.0,294.82,45.0,288.37,10.740000000000009,90.0,92.0,1.2312920043573545,182,-2.0,-52.0,-0.01
07:39:30,282.03,67.0,292.81,59.0,279.5,28.0,293.35,26.0,287.42,10.78000000000003,95.0,85.0,1.298087054089459,180,10.0,-2.0,0.06
07:39:31,283.96,47.0,287.0,26.0,282.58,36.0,292.0,39.0,285.48,3.0400000000000205,83.0,65.0,1.3026319510877375,148,18.0,-32.0,0.12
07:39:32,289.0,36.0,291.66,29.0,286.53,30.0,292.92,39.0,290.33,2.660000000000025,66.0,68.0,1.8164718549969119,134,-2.0,-14.0,-0.01
07:39:33,291.0,16.0,292.0,12.0,290.0,8.0,293.0,16.0,291.5,1.0,24.0,28.0,2.375952440600851,52,-4.0,-82.0,-0.08
07:39:34,291.64,55.0,292.87,46.0,290.74,38.0,294.11,18.0,292.25,1.2300000000000182,93.0,64.0,2.8585013556054344,157,29.0,105.0,0.18
07:39:35,291.0,36.0,293.0,36.0,290.0,18.0,295.0,9.0,292.0,2.0,54.0,45.0,2.8002267765306583,99,9.0,-58.0,0.09
07:39:36,291.0,44.0,293.0,56.0,290.0,22.0,295.0,11.0,292.0,2.0,66.0,67.0,0.768784755312556,133,-1.0,34.0,-0.01
07:39:37,291.0,28.0,293.0,42.0,290.0,14.0,295.0,7.0,292.0,2.0,42.0,49.0,0.27386127875518007,91,-7.0,-42.0,-0.08
07:39:38,291.0,36.0,293.0,54.0,290.0,18.0,295.46,13.0,292.0,2.0,54.0,67.0,0.11180339888194595,121,-13.0,30.0,-0.11
07:39:39,291.0,28.0,293.0,54.0,290.0,18.0,295.3,20.0,292.0,2.0,46.0,74.0,0.0,120,-28.0,-1.0,-0.23
07:39:40,291.0,10.0,293.0,30.0,290.0,10.0,295.0,10.0,292.0,2.0,20.0,40.0,0.0,60,-20.0,-60.0,-0.33
07:39:41,291.0,26.0,293.0,78.0,290.0,26.0,295.0,26.0,292.0,2.0,52.0,104.0,0.0,156,-52.0,96.0,-0.33
07:39:42,290.92,24.0,292.38,32.0,289.07,27.0,293.12,64.0,291.65,1.4599999999999795,51.0,96.0,0.15652475842943595,147,-45.0,-9.0,-0.31
07:39:43,285.78,51.0,290.29,56.0,284.59,68.0,292.32,38.0,288.04,4.510000000000048,119.0,94.0,1.7384533355831573,213,25.0,66.0,0.12
07:39:44,285.41,34.0,287.1,20.0,284.69,51.0,288.47,17.0,286.26,1.6899999999999977,85.0,37.0,2.671666146807752,122,48.0,-91.0,0.39
07:39:45,285.46,59.0,286.81,32.0,284.23,52.0,290.07,28.0,286.14,1.3500000000000227,111.0,60.0,2.848933133647911,171,51.0,49.0,0.3
07:39:46,284.94,17.0,294.62,32.0,283.7,23.0,295.7,23.0,289.78,9.680000000000007,40.0,55.0,2.3601016927234792,95,-15.0,-76.0,-0.16
07:39:47,284.0,18.0,294.39,23.0,283.0,30.0,295.17,23.0,289.2,10.389999999999986,48.0,46.0,1.660566168508663,94,2.0,-1.0,0.02
07:39:48,285.21,38.0,293.0,16.0,284.31,59.0,294.0,57.0,289.11,7.7900000000000205,97.0,73.0,1.7521187174377983,170,24.0,76.0,0.14
07:39:49,286.24,34.0,292.35,17.0,285.0,68.0,294.0,51.0,289.29,6.110000000000014,102.0,68.0,1.4565472872505092,170,34.0,0.0,0.2
07:39:50,288.27,30.0,291.13,15.0,285.0,60.0,293.2,45.0,289.7,2.8600000000000136,90.0,60.0,0.30385851970595346,150,30.0,-20.0,0.2
07:39:51,287.13,23.0,291.0,17.0,283.25,52.0,293.0,51.0,289.07,3.8700000000000045,75.0,68.0,0.2528438253105696,143,7.0,-7.0,0.05
07:39:52,284.0,14.0,289.4,30.0,283.0,16.0,291.29,42.0,286.7,5.399999999999977,30.0,72.0,1.185930014797212,102,-42.0,-41.0,-0.41
07:39:53,283.75,8.0,287.39,36.0,279.0,30.0,288.17,12.0,285.57,3.6399999999999864,38.0,48.0,1.8215460466306592,86,-10.0,-16.0,-0.12
07:39:54,276.08,26.0,286.3,23.0,272.94,51.0,288.47,49.0,281.19,10.220000000000027,77.0,72.0,3.3886324675292165,149,5.0,63.0,0.03
07:39:55,277.45,47.0,292.33,39.0,273.02,43.0,296.18,44.0,284.89,14.879999999999995,90.0,83.0,2.8782251475504164,173,7.0,24.0,0.04
07:39:56,290.0,30.0,294.0,40.0,274.86,28.0,299.5,20.0,292.0,4.0,58.0,60.0,3.9057201640661043,118,-2.0,-55.0,-0.02
07:39:57,290.0,40.0,294.0,106.0,276.0,28.0,345.3,40.0,292.0,4.0,68.0,146.0,4.747857411506185,214,-78.0,96.0,-0.36
07:39:58,290.0,11.0,294.0,99.0,276.0,22.0,295.0,22.0,292.0,4.0,33.0,121.0,5.07894969457232,154,-88.0,-60.0,-0.57
07:39:59,290.0,9.0,294.0,81.0,281.35,51.0,295.0,18.0,292.0,4.0,60.0,99.0,3.17968866400464,159,-39.0,5.0,-0.25
07:40:00,290.0,9.0,294.0,81.0,283.47,85.0,295.0,18.0,292.0,4.0,94.0,99.0,0.0,193,-5.0,34.0,-0.03
07:40:01,290.36,11.0,294.0,72.0,285.14,36.0,295.0,19.0,292.18,3.6399999999999864,47.0,91.0,0.08049844720070043,138,-44.0,-55.0,-0.32
07:40:02,285.83,12.0,293.82,55.0,283.27,75.0,294.58,43.0,289.83,7.990000000000009,87.0,98.0,0.9936397737616506,185,-11.0,47.0,-0.06
07:40:03,285.0,32.0,291.5,80.0,283.0,208.0,292.67,79.0,288.25,6.5,240.0,159.0,1.747446708772543,399,81.0,177.5,0.2
07:40:04,285.7,40.0,289.7,50.0,283.19,86.0,291.0,50.0,287.7,4.0,126.0,100.0,2.069630401786445,226,26.0,-173.0,0.12
07:40:05,286.49,65.0,289.33,75.0,283.47,85.0,291.63,51.0,287.91,2.839999999999975,150.0,126.0,1.8768670704121337,276,24.0,50.0,0.09
07:40:06,286.14,28.0,289.79,70.0,284.33,39.0,294.3,46.0,287.96,3.650000000000034,67.0,116.0,0.8611910357151169,183,-49.0,-93.0,-0.27
07:40:07,285.6,40.0,290.07,68.0,283.27,120.0,295.81,74.0,287.84,4.46999999999997,160.0,142.0,0.20290391813724987,302,18.0,119.0,0.06
07:40:08,285.0,24.0,295.85,46.0,283.0,156.0,296.78,64.0,290.42,10.850000000000023,180.0,110.0,1.1523801456100204,290,70.0,-12.0,0.24
07:40:09,285.0,26.0,294.62,26.0,283.17,109.0,296.0,70.0,289.81,9.620000000000005,135.0,96.0,1.2311661138923629,231,39.0,-59.0,0.17
07:40:10,285.0,18.0,293.89,18.0,284.0,27.0,295.88,34.0,289.44,8.889999999999986,45.0,52.0,1.1455479038422154,97,-7.0,-134.0,-0.07
07:40:11,285.0,34.0,292.41,34.0,284.0,51.0,293.41,34.0,288.71,7.410000000000025,85.0,68.0,0.9997649723797597,153,17.0,56.0,0.11
07:40:12,285.0,36.0,290.56,36.0,284.0,54.0,291.56,36.0,287.78,5.560000000000002,90.0,72.0,1.0209652295732141,162,18.0,9.0,0.11
07:40:13,287.8,149.0,291.57,42.0,284.48,29.0,295.33,54.0,289.69,3.769999999999982,178.0,96.0,0.8457718368432828,274,82.0,112.0,0.3
07:40:14,285.0,22.0,292.0,44.0,284.0,33.0,296.0,66.0,288.5,7.0,55.0,110.0,0.7644148088550209,165,-55.0,-109.0,-0.33
07:40:15,284.29,34.0,292.0,60.0,282.53,38.0,296.0,90.0,288.15,7.7099999999999795,72.0,150.0,0.7209923716631546,222,-78.0,57.0,-0.35
07:40:16,284.96,187.0,290.85,52.0,281.92,26.0,295.33,72.0,287.9,5.890000000000043,213.0,124.0,0.7698896024731064,337,89.0,115.0,0.26
07:40:17,285.0,165.0,292.0,44.0,283.0,22.0,294.0,55.0,288.5,7.0,187.0,99.0,0.686855152121926,286,88.0,-51.0,0.31
07:40:18,285.0,105.0,292.0,28.0,283.0,42.0,294.0,35.0,288.5,7.0,147.0,63.0,0.27477263327345314,210,84.0,-76.0,0.4
07:40:19,286.09,70.0,292.0,48.0,284.85,162.0,294.0,60.0,289.04,5.910000000000025,232.0,108.0,0.43025573790040156,340,124.0,130.0,0.36
07:40:20,288.0,40.0,292.0,40.0,285.0,150.0,294.0,50.0,290.0,4.0,190.0,90.0,0.7884922320459707,280,100.0,-60.0,0.36
07:40:21,288.0,36.0,291.78,36.0,285.0,135.0,293.63,43.0,289.89,3.7799999999999727,171.0,79.0,0.7281346029392293,250,92.0,-30.0,0.37
07:40:22,285.56,178.0,291.53,103.0,284.27,165.0,293.04,50.0,288.55,5.96999999999997,343.0,153.0,0.7166100752832599,496,190.0,177.5,0.38
07:40:23,285.0,105.0,292.0,63.0,283.0,42.0,299.0,7.0,288.5,7.0,147.0,70.0,0.7166100752832599,217,77.0,-178.5,0.35
07:40:24,285.0,225.0,292.0,70.0,283.0,90.0,299.42,19.0,288.5,7.0,315.0,89.0,0.7835623778597983,404,226.0,177.5,0.56
07:40:25,285.16,74.0,292.0,84.0,284.29,102.0,298.23,26.0,288.58,6.839999999999975,176.0,110.0,0.6080542738907699,286,66.0,-118.0,0.23
07:40:26,285.0,75.0,292.0,44.0,283.0,66.0,294.0,44.0,288.5,7.0,141.0,88.0,0.037148351193339244,229,53.0,-57.0,0.23
07:40:27,285.0,48.0,292.0,32.0,283.0,48.0,294.0,32.0,288.5,7.0,96.0,64.0,0.03577708758922427,160,32.0,-69.0,0.2
07:40:28,285.0,72.0,291.66,44.0,283.0,72.0,293.33,48.0,288.33,6.660000000000025,144.0,92.0,0.09176055795554504,236,52.0,76.0,0.22
07:40:29,285.58,26.0,289.91,33.0,284.55,62.0,292.55,44.0,287.74,4.330000000000041,88.0,77.0,0.3421987726396188,165,11.0,-71.0,0.07
07:40:30,287.5,14.0,289.0,42.0,285.0,84.0,294.0,56.0,288.25,1.5,98.0,98.0,0.3124579971707512,196,0.0,31.0,0.0
07:40:31,285.0,72.0,293.86,42.0,283.0,22.0,295.2,30.0,289.43,8.860000000000014,94.0,72.0,0.6167252224421224,166,22.0,-30.0,0.13
07:40:32,285.0,72.0,293.0,24.0,283.0,24.0,294.0,48.0,289.0,8.0,96.0,72.0,0.6654697588895035,168,24.0,2.0,0.14
07:40:33,284.75,48.0,292.1,20.0,279.87,23.0,294.0,40.0,288.43,7.350000000000023,71.0,60.0,0.6586729081998774,131,11.0,-37.0,0.08
07:40:34,285.65,34.0,291.75,24.0,281.15,26.0,294.0,48.0,288.7,6.100000000000023,60.0,72.0,0.4687963310402747,132,-12.0,1.0,-0.09
07:40:35,284.0,18.0,289.07,28.0,276.55,40.0,292.86,56.0,286.54,5.069999999999993,58.0,84.0,1.114607554252268,142,-26.0,10.0,-0.18
07:40:36,283.0,13.0,287.42,24.0,277.0,39.0,288.35,23.0,285.21,4.420000000000016,52.0,47.0,1.6349097834421455,99,5.0,-43.0,0.05
07:40:37,277.26,47.0,285.12,56.0,274.22,81.0,289.83,48.0,281.19,7.860000000000014,128.0,104.0,3.051463583264964,232,24.0,133.0,0.1
07:40:38,277.0,45.0,287.13,30.0,274.0,75.0,291.9,62.0,282.07,10.129999999999995,120.0,92.0,3.117446070101316,212,28.0,-20.0,0.13
07:40:39,284.79,38.0,291.0,16.0,282.6,30.0,292.0,64.0,287.89,6.2099999999999795,68.0,80.0,2.871706809545484,148,-12.0,-64.0,-0.08
07:40:40,285.83,60.0,290.75,24.0,284.0,48.0,291.92,78.0,288.29,4.920000000000016,108.0,102.0,3.251799501812882,210,6.0,62.0,0.03
07:40:41,287.4,75.0,289.89,38.0,284.75,75.0,291.0,88.0,288.65,2.490000000000009,150.0,126.0,3.663675749843542,276,24.0,66.0,0.09
07:40:42,287.3,23.0,289.0,18.0,283.51,37.0,290.0,36.0,288.15,1.6999999999999886,60.0,54.0,2.77513963612537,114,6.0,-162.0,0.05
07:40:43,284.0,12.0,289.0,12.0,283.0,36.0,290.0,24.0,286.5,5.0,48.0,36.0,0.8272121855942154,84,12.0,-30.0,0.14
07:40:44,284.0,10.0,288.4,10.0,283.0,30.0,290.0,20.0,286.2,4.399999999999977,40.0,30.0,1.1227510855016014,70,10.0,-14.0,0.14
07:40:45,285.88,17.0,289.59,34.0,284.0,34.0,292.43,84.0,287.74,3.7099999999999795,51.0,118.0,1.0581918540580646,169,-67.0,99.0,-0.4
07:40:46,287.09,11.0,292.85,54.0,284.0,22.0,360.55,44.0,289.97,5.760000000000048,33.0,98.0,1.503851721412492,131,-65.0,-38.0,-0.5
07:40:47,283.43,46.0,292.64,56.0,280.07,29.0,293.18,34.0,288.04,9.20999999999998,75.0,90.0,1.4966295466799024,165,-15.0,34.0,-0.09
07:40:48,285.8,60.0,291.0,60.0,280.86,42.0,292.0,40.0,288.4,5.199999999999989,102.0,100.0,1.353292281806071,202,2.0,37.0,0.01
07:40:49,286.47,68.0,291.0,72.0,284.68,114.0,292.11,27.0,288.74,4.529999999999973,182.0,99.0,0.8641874796574315,281,83.0,79.0,0.3
07:40:50,283.8,80.0,291.0,80.0,276.69,29.0,293.0,10.0,287.4,7.199999999999989,109.0,90.0,0.9551963148989662,199,19.0,-82.0,0.1
07:40:51,283.0,66.0,290.47,34.0,271.64,22.0,291.1,42.0,286.74,7.470000000000027,88.0,76.0,0.8006747154715786,164,12.0,-35.0,0.07
07:40:52,283.0,96.0,287.4,47.0,278.0,32.0,289.24,33.0,285.2,4.399999999999977,128.0,80.0,1.4157259621814522,208,48.0,44.0,0.23
07:40:53,282.39,82.0,284.16,38.0,277.59,34.0,285.09,47.0,283.27,1.7700000000000387,116.0,85.0,2.1061576389228294,201,31.0,-7.0,0.15
07:40:54,279.89,94.0,283.0,30.0,279.4,60.0,284.0,20.0,281.45,3.1100000000000136,154.0,50.0,2.462025588817183,204,104.0,3.0,0.51
07:40:55,281.0,85.0,282.59,51.0,280.0,272.0,284.0,34.0,281.79,1.589999999999975,357.0,85.0,2.2575761338189078,442,272.0,177.5,0.62
07:40:56,281.0,43.0,282.55,29.0,280.0,176.0,286.55,22.0,281.78,1.5500000000000114,219.0,51.0,1.566196028595091,270,168.0,-172.0,0.62
07:40:57,281.0,20.0,283.5,20.0,280.0,160.0,291.22,23.0,282.25,2.5,180.0,43.0,0.7092390288090633,223,137.0,-47.0,0.61
07:40:58,282.42,152.0,292.0,91.0,280.8,82.0,297.0,52.0,287.21,9.579999999999984,234.0,143.0,2.4283492335303243,377,91.0,154.0,0.24
07:40:59,283.74,54.0,292.0,98.0,282.96,192.0,297.0,56.0,287.87,8.259999999999991,246.0,154.0,3.081963659745114,400,92.0,23.0,0.23
07:41:00,287.24,104.0,292.0,91.0,283.6,89.0,297.0,52.0,289.62,4.759999999999991,193.0,143.0,3.5218503659287204,336,50.0,-64.0,0.15
07:41:01,288.08,145.0,291.39,59.0,287.44,93.0,351.73,45.0,289.74,3.3100000000000023,238.0,104.0,3.0481256535771153,342,134.0,6.0,0.39
07:41:02,287.25,95.0,288.37,19.0,280.12,116.0,291.0,76.0,287.81,1.1200000000000045,211.0,95.0,1.1528876788294513,306,116.0,-36.0,0.38
07:41:03,284.17,24.0,290.83,46.0,279.97,78.0,293.2,30.0,287.5,6.659999999999968,102.0,76.0,1.079893513267324,178,26.0,-128.0,0.15
07:41:04,278.6,100.0,291.78,36.0,275.67,176.0,294.89,65.0,285.19,13.17999999999995,276.0,101.0,1.8594542210003184,377,175.0,177.5,0.46
07:41:05,284.0,12.0,290.8,40.0,276.0,180.0,292.4,20.0,287.4,6.800000000000011,192.0,60.0,1.6167776594186143,252,132.0,-125.0,0.52
07:41:06,276.17,138.0,290.0,48.0,275.71,63.0,294.33,54.0,283.09,13.829999999999984,201.0,102.0,2.0257270299803416,303,99.0,51.0,0.33
07:41:07,276.0,135.0,290.0,36.0,274.03,123.0,295.0,63.0,283.0,14.0,258.0,99.0,2.203163634411062,357,159.0,54.0,0.45
07:41:08,276.0,225.0,289.67,60.0,274.12,135.0,295.0,85.0,282.83,13.670000000000016,360.0,145.0,1.9822386334621263,505,215.0,148.0,0.43
07:41:09,276.0,170.0,287.75,48.0,275.0,24.0,293.85,54.0,281.88,11.75,194.0,102.0,2.1565829453069343,296,92.0,-178.5,0.31
07:41:10,276.43,138.0,286.39,46.0,275.7,47.0,288.45,33.0,281.41,9.95999999999998,185.0,79.0,0.7521103642331008,264,106.0,-32.0,0.4
07:41:11,277.11,270.0,285.39,72.0,273.25,348.0,287.89,54.0,281.25,8.279999999999973,618.0,126.0,0.8041330735557963,744,492.0,177.5,0.66
07:41:12,278.72,270.0,284.39,72.0,273.0,434.0,287.4,47.0,281.56,5.669999999999959,704.0,119.0,0.6281958293286014,823,585.0,79.0,0.71
07:41:13,279.54,173.0,283.0,68.0,275.94,264.0,285.63,54.0,281.27,3.4599999999999795,437.0,122.0,0.25890152565286106,559,315.0,-178.5,0.56
07:41:14,282.6,105.0,285.16,44.0,279.71,181.0,288.62,29.0,283.88,2.5600000000000023,286.0,73.0,1.1282863111755033,359,213.0,-178.5,0.59
07:41:15,287.11,36.0,292.36,56.0,284.93,88.0,349.8,45.0,289.73,5.25,124.0,101.0,3.631428093737902,225,23.0,-134.0,0.1
07:41:16,291.0,11.0,293.36,44.0,290.0,11.0,401.12,32.0,292.18,2.3600000000000136,22.0,76.0,4.957451966483652,98,-54.0,-127.0,-0.55
07:41:17,286.93,28.0,293.98,47.0,284.22,83.0,328.09,46.0,290.45,7.050000000000011,111.0,93.0,4.676940239087482,204,18.0,106.0,0.09
07:41:18,286.33,60.0,294.52,33.0,285.0,75.0,295.37,51.0,290.42,8.189999999999998,135.0,84.0,3.179130384240118,219,51.0,15.0,0.23
07:41:19,287.0,68.0,290.4,25.0,285.0,85.0,292.72,43.0,288.7,3.3999999999999773,153.0,68.0,1.2704448039959766,221,85.0,2.0,0.38
07:41:20,287.22,46.0,289.0,36.0,285.0,60.0,290.0,12.0,288.11,1.7799999999999727,106.0,48.0,1.6116358149407712,154,58.0,-67.0,0.38
07:41:21,285.6,50.0,288.83,23.0,283.34,145.0,290.0,13.0,287.21,3.2299999999999613,195.0,36.0,1.432016061361757,231,159.0,77.0,0.69
07:41:22,285.0,69.0,287.08,24.0,283.0,255.0,288.94,17.0,286.04,2.079999999999984,324.0,41.0,1.641502360642965,365,283.0,134.0,0.78
07:41:23,285.0,35.0,286.91,11.0,283.0,165.0,288.0,11.0,285.95,1.910000000000025,200.0,22.0,1.2233437783365577,222,178.0,-143.0,0.8
07:41:24,283.17,145.0,284.92,12.0,282.0,54.0,287.59,34.0,284.04,1.75,199.0,46.0,1.5327589503875076,245,153.0,23.0,0.62
07:41:25,283.0,187.0,286.93,14.0,277.0,14.0,292.69,32.0,284.96,3.930000000000007,201.0,46.0,1.198269585690885,247,155.0,2.0,0.63
07:41:26,283.33,136.0,286.19,16.0,282.66,124.0,289.75,16.0,284.76,2.8600000000000136,260.0,32.0,0.8444524853364401,292,228.0,45.0,0.78
07:41:27,283.28,126.0,286.93,14.0,282.47,98.0,291.86,14.0,285.1,3.650000000000034,224.0,28.0,0.6866731391211708,252,196.0,-40.0,0.78
07:41:28,283.0,78.0,288.5,6.0,275.0,6.0,290.0,6.0,285.75,5.5,84.0,12.0,0.6170251210367852,96,72.0,-156.0,0.75
07:41:29,283.0,65.0,288.0,5.0,275.0,5.0,290.0,5.0,285.5,5.0,70.0,10.0,0.40395544307638687,80,60.0,-16.0,0.75
07:41:30,283.0,156.0,287.33,12.0,275.0,12.0,290.0,12.0,285.17,4.329999999999984,168.0,24.0,0.38122172025098544,192,144.0,112.0,0.75
07:41:31,283.05,79.0,286.0,8.0,280.2,20.0,290.0,8.0,284.53,2.9499999999999886,99.0,16.0,0.4614650582558136,115,83.0,-77.0,0.72
07:41:32,283.0,84.0,285.38,8.0,276.0,8.0,289.62,8.0,284.19,2.3799999999999955,92.0,16.0,0.6546907666911861,108,76.0,-7.0,0.7
07:41:33,283.0,79.0,285.33,9.0,276.0,9.0,290.56,9.0,284.17,2.329999999999984,88.0,18.0,0.5979297617530747,106,70.0,-2.0,0.66
07:41:34,288.69,13.0,290.0,7.0,283.43,35.0,295.0,7.0,289.35,1.3100000000000023,48.0,14.0,2.1997545317583787,62,34.0,-44.0,0.55
07:41:35,286.85,13.0,295.0,11.0,278.41,71.0,298.0,22.0,290.92,8.149999999999977,84.0,33.0,3.2487566852557093,117,51.0,55.0,0.44
07:41:36,277.78,45.0,292.71,14.0,275.11,73.0,297.77,26.0,285.25,14.930000000000007,118.0,40.0,3.146645833263396,158,78.0,41.0,0.49
07:41:37,278.29,56.0,286.64,11.0,276.0,73.0,297.0,17.0,282.46,8.349999999999966,129.0,28.0,3.5688723709308108,157,101.0,-1.0,0.64
07:41:38,275.97,111.0,290.18,17.0,274.63,112.0,295.12,17.0,283.07,14.20999999999998,223.0,34.0,3.77118681584365,257,189.0,100.0,0.74
07:41:39,275.0,228.0,289.0,20.0,242.0,12.0,291.0,12.0,282.0,14.0,240.0,32.0,3.6724446898476626,272,208.0,15.0,0.76
07:41:40,282.34,103.0,287.23,13.0,278.09,66.0,289.23,13.0,284.79,4.890000000000043,169.0,26.0,1.4354546318111245,195,143.0,-77.0,0.73
07:41:41,284.0,69.0,287.64,11.0,282.0,33.0,293.89,19.0,285.82,3.6399999999999864,102.0,30.0,1.6187248067501248,132,72.0,-63.0,0.55
07:41:42,284.22,46.0,289.0,11.0,283.25,48.0,295.0,22.0,286.61,4.779999999999973,94.0,33.0,1.9081850015105486,127,61.0,-5.0,0.48
07:41:43,285.0,16.0,289.0,8.0,284.0,48.0,295.0,16.0,287.0,4.0,64.0,24.0,2.0006823835859895,88,40.0,-39.0,0.45
07:41:44,284.5,36.0,289.0,12.0,283.86,63.0,295.0,24.0,286.75,4.5,99.0,36.0,0.9004054642177274,135,63.0,47.0,0.47
07:41:45,284.0,56.0,289.0,10.0,283.0,30.0,295.0,20.0,286.5,5.0,86.0,30.0,0.4417352147993364,116,56.0,-19.0,0.48
07:41:46,285.0,75.0,288.33,30.0,284.0,30.0,294.16,25.0,286.67,3.329999999999984,105.0,55.0,0.18796276225393313,160,50.0,44.0,0.31
07:41:47,286.04,70.0,288.7,50.0,283.61,46.0,292.94,32.0,287.37,2.659999999999968,116.0,82.0,0.338186339159945,198,34.0,38.0,0.17
07:41:48,285.15,13.0,292.54,13.0,284.0,26.0,295.0,26.0,288.85,7.390000000000043,39.0,39.0,0.9644791340382142,78,0.0,-120.0,0.0
07:41:49,286.53,15.0,293.0,13.0,284.42,24.0,295.0,26.0,289.77,6.470000000000027,39.0,39.0,1.42566475722598,78,0.0,0.0,0.0
07:41:50,290.77,13.0,293.0,13.0,288.88,16.0,295.0,26.0,291.88,2.230000000000018,29.0,39.0,2.058718047717622,68,-10.0,-10.0,-0.15
07:41:51,291.09,23.0,294.2,20.0,289.0,16.0,324.33,36.0,292.64,3.1100000000000136,39.0,56.0,2.1647332399167896,95,-17.0,27.0,-0.18
07:41:52,284.68,19.0,295.0,32.0,283.49,35.0,298.0,48.0,289.84,10.319999999999993,54.0,80.0,1.5912982121531085,134,-26.0,39.0,-0.19
07:41:53,286.38,16.0,295.0,32.0,284.0,32.0,298.0,48.0,290.69,8.620000000000005,48.0,80.0,1.266108210226314,128,-32.0,-6.0,-0.25
07:41:54,287.62,13.0,292.0,26.0,284.0,26.0,295.83,18.0,289.81,4.3799999999999955,39.0,44.0,1.2567696686356162,83,-5.0,-45.0,-0.06
07:41:55,288.13,15.0,292.0,30.0,284.0,30.0,296.0,15.0,290.07,3.8700000000000045,45.0,45.0,1.18867573374815,90,0.0,7.0,0.0
07:41:56,289.64,11.0,292.0,22.0,286.0,176.0,296.0,11.0,290.82,2.3600000000000136,187.0,33.0,0.47762956357511455,220,154.0,130.0,0.7
07:41:57,286.03,142.0,292.0,24.0,283.72,89.0,296.0,12.0,289.01,5.970000000000027,231.0,36.0,0.7310266753002925,267,195.0,47.0,0.73
07:41:58,286.0,132.0,292.0,22.0,285.0,33.0,296.0,11.0,289.0,6.0,165.0,33.0,0.7682252273909516,198,132.0,-69.0,0.67
07:41:59,286.01,97.0,292.0,18.0,285.33,36.0,296.0,9.0,289.01,5.990000000000009,133.0,27.0,0.8312460526219307,160,106.0,-38.0,0.66
07:42:00,286.0,156.0,292.0,26.0,285.0,39.0,294.45,31.0,289.0,6.0,195.0,57.0,0.8117080756029709,252,138.0,92.0,0.55
07:42:01,286.0,144.0,290.46,35.0,285.0,36.0,293.25,32.0,288.23,4.4599999999999795,180.0,67.0,0.34662660024579,247,113.0,-5.0,0.46
07:42:02,286.0,52.0,289.84,25.0,285.0,24.0,295.6,45.0,287.92,3.839999999999975,76.0,70.0,0.5201634358521188,146,6.0,-101.0,0.04
07:42:03,286.0,84.0,287.64,56.0,285.0,42.0,290.0,42.0,286.82,1.6399999999999864,126.0,98.0,0.9054998619528176,224,28.0,78.0,0.12
07:42:04,285.78,27.0,288.78,36.0,283.98,43.0,295.51,35.0,287.28,3.0,70.0,71.0,0.8452218643621774,141,-1.0,-83.0,-0.01
07:42:05,285.2,15.0,295.0,36.0,283.24,75.0,299.0,9.0,290.1,9.800000000000011,90.0,45.0,1.260515767452489,135,45.0,-6.0,0.33
07:42:06,285.0,12.0,295.0,24.0,283.0,66.0,299.0,6.0,290.0,10.0,78.0,30.0,1.5352784763674143,108,48.0,-27.0,0.44
07:42:07,285.0,14.0,295.0,28.0,283.0,77.0,299.0,7.0,290.0,10.0,91.0,35.0,1.6426198586398197,126,56.0,18.0,0.44
07:42:08,285.0,22.0,295.0,44.0,283.0,121.0,299.0,11.0,290.0,10.0,143.0,55.0,1.2283647666711934,198,88.0,72.0,0.44
07:42:09,285.0,11.0,295.0,16.0,283.0,44.0,299.0,4.0,290.0,10.0,55.0,20.0,0.044721359552471224,75,35.0,-123.0,0.47
07:42:10,283.62,32.0,295.0,40.0,282.82,88.0,299.75,20.0,289.31,11.379999999999995,120.0,60.0,0.3085773808948002,180,60.0,105.0,0.33
07:42:11,284.0,10.0,295.0,40.0,283.0,44.0,299.6,30.0,289.5,11.0,54.0,70.0,0.33274614948889397,124,-16.0,-56.0,-0.13
07:42:12,284.0,7.0,295.0,28.0,283.0,23.0,298.0,21.0,289.5,11.0,30.0,49.0,0.3181509075886424,79,-19.0,-45.0,-0.24
07:42:13,284.0,8.0,294.07,59.0,283.0,40.0,297.08,26.0,289.03,10.069999999999993,48.0,85.0,0.35421744733861116,133,-37.0,54.0,-0.28
07:42:14,284.95,37.0,292.57,35.0,283.33,15.0,294.0,28.0,288.76,7.6200000000000045,52.0,63.0,0.3211697370528049,115,-11.0,-18.0,-0.1
07:42:15,285.6,67.0,291.15,65.0,284.0,13.0,294.0,52.0,288.38,5.5499999999999545,80.0,117.0,0.48402479275155924,197,-37.0,82.0,-0.19
07:42:16,288.0,45.0,290.13,75.0,284.0,15.0,295.47,60.0,289.07,2.1299999999999955,60.0,135.0,0.4136060927960528,195,-75.0,-2.0,-0.38
07:42:17,283.88,48.0,290.0,40.0,282.16,98.0,295.85,59.0,286.94,6.1200000000000045,146.0,99.0,0.8804714646125525,245,47.0,50.0,0.19
07:42:18,283.0,44.0,287.75,24.0,282.0,66.0,290.33,42.0,285.38,4.75,110.0,66.0,1.534822465301945,176,44.0,-69.0,0.25
07:42:19,283.0,6.0,286.71,14.0,282.0,36.0,287.91,22.0,284.86,3.7099999999999795,42.0,36.0,1.8282177113227056,78,6.0,-98.0,0.08
07:42:20,283.0,8.0,286.0,32.0,282.0,48.0,287.0,16.0,284.5,3.0,56.0,48.0,1.879494612919288,104,8.0,26.0,0.08
07:42:21,282.19,37.0,284.85,41.0,279.07,82.0,286.43,28.0,283.52,2.660000000000025,119.0,69.0,1.2609520212881515,188,50.0,84.0,0.27
07:42:22,282.0,48.0,283.3,20.0,276.0,96.0,286.31,26.0,282.65,1.3000000000000114,144.0,46.0,1.0933069102448507,190,98.0,2.0,0.52
07:42:23,282.0,13.0,283.0,5.0,276.43,28.0,288.0,10.0,282.5,1.0,41.0,15.0,1.0625817615544177,56,26.0,-134.0,0.46
07:42:24,283.88,102.0,291.57,21.0,276.69,52.0,292.91,22.0,287.73,7.689999999999998,154.0,43.0,2.1391470262675214,197,111.0,141.0,0.56
07:42:25,284.18,40.0,292.0,20.0,282.34,101.0,293.0,20.0,288.09,7.819999999999993,141.0,40.0,2.7799226607929963,181,101.0,-16.0,0.56
07:42:26,284.04,75.0,292.0,22.0,279.4,94.0,293.75,40.0,288.02,7.9599999999999795,169.0,62.0,2.9457545722602227,231,107.0,50.0,0.46
07:42:27,284.0,48.0,292.0,12.0,278.0,48.0,294.0,30.0,288.0,8.0,96.0,42.0,2.445622620110051,138,54.0,-93.0,0.39
07:42:28,285.33,79.0,292.9,51.0,280.31,104.0,294.38,63.0,289.12,7.569999999999993,183.0,114.0,0.536535180576644,297,69.0,159.0,0.23
07:42:29,291.0,18.0,293.0,48.0,284.0,48.0,295.0,30.0,292.0,2.0,66.0,78.0,1.7169973791470925,144,-12.0,-153.0,-0.08
07:42:30,291.0,23.0,293.0,72.0,284.0,72.0,295.0,45.0,292.0,2.0,95.0,117.0,2.033892819201506,212,-22.0,68.0,-0.1
07:42:31,291.0,16.0,293.0,64.0,284.28,43.0,295.0,40.0,292.0,2.0,59.0,104.0,1.9253259464311339,163,-45.0,-49.0,-0.28
07:42:32,291.0,20.0,293.0,80.0,288.0,10.0,295.0,50.0,292.0,2.0,30.0,130.0,1.287975155040834,160,-100.0,-3.0,-0.62
07:42:33,291.0,8.0,292.0,12.0,288.0,4.0,293.0,32.0,291.5,1.0,12.0,44.0,0.2236067977575343,56,-32.0,-104.0,-0.57
07:42:34,289.33,9.0,292.0,27.0,284.36,44.0,293.0,40.0,290.67,2.670000000000016,53.0,67.0,0.5807581252146663,120,-14.0,64.0,-0.12
07:42:35,288.0,12.0,291.42,36.0,284.0,96.0,293.0,48.0,289.71,3.420000000000016,108.0,84.0,0.9833768351969406,192,24.0,72.0,0.12
07:42:36,288.0,10.0,290.2,30.0,284.0,80.0,293.0,40.0,289.1,2.1999999999999886,90.0,70.0,1.2059145906741389,160,20.0,-32.0,0.12
07:42:37,284.82,44.0,289.6,40.0,281.81,156.0,292.55,44.0,287.21,4.78000000000003,200.0,84.0,1.6372140971781481,284,116.0,124.0,0.41
07:42:38,286.0,51.0,288.03,58.0,284.0,75.0,292.04,55.0,287.02,2.0299999999999727,126.0,113.0,1.5886063074270624,239,13.0,-45.0,0.05
07:42:39,285.35,92.0,291.25,48.0,282.94,108.0,295.11,76.0,288.3,5.899999999999977,200.0,124.0,1.1672060657810368,324,76.0,85.0,0.23
07:42:40,287.0,136.0,292.47,34.0,284.0,85.0,294.47,68.0,289.74,5.470000000000027,221.0,102.0,1.1765117933943838,323,119.0,-1.0,0.37
07:42:41,288.0,128.0,291.0,34.0,284.0,85.0,296.36,112.0,289.5,3.0,213.0,146.0,1.2575293237122647,359,67.0,36.0,0.19
07:42:42,289.64,59.0,295.0,30.0,284.0,118.0,297.7,43.0,292.32,5.360000000000014,177.0,73.0,1.9699949238508978,250,104.0,-109.0,0.42
07:42:43,290.0,52.0,295.85,52.0,284.0,286.0,297.12,51.0,292.92,5.850000000000023,338.0,103.0,1.9729875823229794,441,235.0,177.5,0.53
07:42:44,290.0,72.0,292.17,72.0,284.0,396.0,298.93,85.0,291.08,2.170000000000016,468.0,157.0,1.517405680759704,625,311.0,177.5,0.5
07:42:45,284.29,136.0,301.0,21.0,281.83,69.0,302.0,28.0,292.64,16.70999999999998,205.0,49.0,1.4124871680843794,254,156.0,-178.5,0.61
07:42:46,286.5,130.0,301.0,30.0,284.67,67.0,302.0,40.0,293.75,14.5,197.0,70.0,0.9744844790990008,267,127.0,13.0,0.48
07:42:47,290.79,187.0,301.0,121.0,287.68,206.0,302.84,76.0,295.9,10.20999999999998,393.0,197.0,1.7650835674285772,590,196.0,177.5,0.33
07:42:48,293.62,169.0,301.0,91.0,291.0,104.0,303.0,52.0,297.31,7.3799999999999955,273.0,143.0,2.4956021317526442,416,130.0,-174.0,0.31
07:42:49,294.0,78.0,301.0,42.0,291.0,48.0,303.0,24.0,297.5,7.0,126.0,66.0,2.159062296463712,192,60.0,-178.5,0.31
07:42:50,294.0,130.0,301.0,70.0,291.0,80.0,303.0,40.0,297.5,7.0,210.0,110.0,1.6217490558077488,320,100.0,128.0,0.31
07:42:51,294.0,156.0,300.4,60.0,291.0,96.0,301.44,72.0,297.2,6.399999999999977,252.0,132.0,0.6731418869858643,384,120.0,64.0,0.31
07:42:52,294.0,208.0,297.25,64.0,291.0,128.0,301.0,60.0,295.62,3.25,336.0,124.0,0.7964169762220987,460,212.0,76.0,0.46
07:42:53,294.0,169.0,296.23,52.0,291.0,104.0,301.13,31.0,295.12,2.230000000000018,273.0,83.0,1.1324839954779846,356,190.0,-104.0,0.53
07:42:54,294.0,112.0,300.35,51.0,291.0,96.0,303.59,34.0,297.18,6.350000000000023,208.0,85.0,1.0756765313111762,293,123.0,-63.0,0.42
07:42:55,294.0,28.0,302.0,24.0,291.0,48.0,304.0,18.0,298.0,8.0,76.0,42.0,1.204607820003626,118,34.0,-175.0,0.29
07:42:56,294.0,14.0,301.86,28.0,291.0,56.0,303.36,22.0,297.93,7.860000000000014,70.0,50.0,1.3296240070088365,120,20.0,2.0,0.17
07:42:57,294.0,20.0,300.1,40.0,291.0,80.0,302.8,61.0,297.05,6.100000000000023,100.0,101.0,1.1638857332293808,201,-1.0,81.0,-0.0
07:42:58,292.92,26.0,299.4,40.0,290.85,78.0,303.0,70.0,296.16,6.479999999999961,104.0,110.0,0.7511524479194334,214,-6.0,13.0,-0.03
07:42:59,292.0,38.0,298.44,72.0,291.0,152.0,301.17,77.0,295.22,6.439999999999998,190.0,149.0,1.1894830810122552,339,41.0,125.0,0.12
07:43:00,292.0,28.0,295.04,52.0,291.0,112.0,297.12,51.0,293.52,3.0400000000000205,140.0,103.0,1.703593261319222,243,37.0,-96.0,0.15
07:43:01,291.11,57.0,292.5,30.0,289.73,66.0,294.8,50.0,291.8,1.3899999999999864,123.0,80.0,2.1044239116702,203,43.0,-40.0,0.21
07:43:02,289.77,39.0,291.64,28.0,288.5,60.0,298.67,45.0,290.71,1.8700000000000045,99.0,73.0,2.275240646614401,172,26.0,-31.0,0.15
07:43:03,289.0,40.0,296.69,32.0,288.0,65.0,297.07,28.0,292.84,7.689999999999998,105.0,60.0,1.713394292042759,165,45.0,-7.0,0.27
07:43:04,289.0,18.0,300.0,18.0,288.0,45.0,301.0,45.0,294.5,11.0,63.0,63.0,1.4746796262254118,126,0.0,-39.0,0.0
07:43:05,289.8,71.0,299.4,30.0,288.31,51.0,301.0,75.0,294.6,9.599999999999966,122.0,105.0,1.6925720073322954,227,17.0,101.0,0.07
07:43:06,290.6,60.0,299.0,20.0,289.0,20.0,302.4,50.0,294.8,8.399999999999977,80.0,70.0,1.7406320691077577,150,10.0,-77.0,0.07
07:43:07,291.87,90.0,298.47,30.0,289.0,30.0,303.0,75.0,295.17,6.600000000000023,120.0,105.0,0.8992886077386171,225,15.0,75.0,0.07
07:43:08,292.0,114.0,297.58,38.0,289.0,38.0,302.79,97.0,294.79,5.579999999999984,152.0,135.0,0.25645662403100306,287,17.0,62.0,0.06
07:43:09,292.0,36.0,296.0,12.0,289.0,12.0,301.0,45.0,294.0,4.0,48.0,57.0,0.4286840328366928,105,-9.0,-178.5,-0.09
07:43:10,292.0,60.0,296.0,20.0,289.0,20.0,300.92,52.0,294.0,4.0,80.0,72.0,0.5266592826570428,152,8.0,47.0,0.05
07:43:11,292.0,54.0,295.11,18.0,289.0,18.0,300.94,51.0,293.56,3.1100000000000136,72.0,69.0,0.6566049040391124,141,3.0,-11.0,0.02
07:43:12,292.0,78.0,295.0,26.0,289.0,26.0,299.89,54.0,293.5,3.0,104.0,80.0,0.5155579501931514,184,24.0,43.0,0.13
07:43:13,292.0,84.0,293.71,28.0,289.0,28.0,299.0,42.0,292.86,1.7099999999999795,112.0,70.0,0.4684869261851125,182,42.0,-2.0,0.23
07:43:14,292.0,30.0,299.77,31.0,289.0,16.0,303.34,35.0,295.89,7.769999999999982,46.0,66.0,1.1519635410929192,112,-20.0,-70.0,-0.18
07:43:15,292.0,11.0,303.0,77.0,290.38,13.0,306.6,20.0,297.5,11.0,24.0,97.0,1.9604897347369834,121,-73.0,9.0,-0.6
07:43:16,292.0,8.0,302.0,48.0,291.0,8.0,303.9,20.0,297.0,10.0,16.0,68.0,2.077209666839341,84,-52.0,-37.0,-0.62
07:43:17,292.0,7.0,301.45,31.0,291.0,7.0,303.7,27.0,296.73,9.449999999999989,14.0,58.0,1.8476011474375158,72,-44.0,-12.0,-0.61
07:43:18,292.0,10.0,301.89,27.0,291.0,10.0,303.52,29.0,296.94,9.889999999999986,20.0,56.0,0.5877669606352921,76,-36.0,4.0,-0.47
07:43:19,292.0,14.0,301.0,42.0,291.0,14.0,304.0,70.0,296.5,9.0,28.0,112.0,0.37239763696180034,140,-84.0,64.0,-0.6
