Time,Bid1_Price,Bid1_Volume,Ask1_Price,Ask1_Volume,Bid2_Price,Bid2_Volume,Ask2_Price,Ask2_Volume,Mid-Price,Bid_Ask_Spread,Market_Depth_Bid,Market_Depth_Ask,Historical_Volatility,Total_volume,Cumulative_Volume_Difference,Total_Volume_Change_Corrected,Order_imbalance
07:30:02,220.0,3.0,257.0,5.0,0.0,0.0,0.0,0.0,238.5,37.0,3.0,5.0,,8,-2.0,5.0,-0.25
07:30:04,220.0,9.0,407.67,15.0,156.0,15.0,718.0,10.0,313.83,187.67000000000002,24.0,25.0,,49,-1.0,41.0,-0.02
07:30:06,220.0,9.0,312.36,11.0,156.0,15.0,528.67,15.0,266.18,92.36000000000001,24.0,26.0,111.95186385228254,50,-2.0,-4.0,-0.04
07:30:07,189.38,21.0,240.14,21.0,144.78,23.0,375.59,39.0,214.76,50.75999999999999,44.0,60.0,79.96492093411966,104,-16.0,54.0,-0.15
07:30:08,223.0,8.0,236.5,6.0,166.5,20.0,237.3,10.0,229.75,13.5,28.0,16.0,81.45704285081806,44,12.0,-60.0,0.27
07:30:09,208.26,23.0,236.0,6.0,140.62,24.0,237.0,18.0,222.13,27.74000000000001,47.0,24.0,84.53792480301375,71,23.0,27.0,0.32
07:30:10,208.5,42.0,235.12,8.0,199.43,30.0,237.0,24.0,221.81,26.620000000000005,72.0,32.0,20.408565113696785,104,40.0,33.0,0.38
07:30:11,206.88,73.0,235.0,9.0,205.94,77.0,236.33,27.0,220.94,28.120000000000005,150.0,36.0,5.328749384236376,186,114.0,82.0,0.61
07:30:12,208.34,86.0,233.55,20.0,207.08,83.0,234.5,38.0,220.94,25.210000000000008,169.0,58.0,3.7469227373939455,227,111.0,41.0,0.49
07:30:13,210.63,105.0,225.31,26.0,208.83,78.0,230.38,24.0,217.97,14.680000000000007,183.0,50.0,1.6453175985198931,233,133.0,6.0,0.57
07:30:14,213.2,120.0,225.88,41.0,211.0,135.0,226.23,48.0,219.54,12.680000000000007,255.0,89.0,1.5072989086439281,344,166.0,111.0,0.48
07:30:15,214.73,120.0,221.26,23.0,211.0,135.0,222.81,27.0,218.0,6.530000000000001,255.0,50.0,1.4779445185794473,305,205.0,-39.0,0.67
07:30:16,213.14,133.0,218.0,20.0,196.0,120.0,220.23,44.0,215.57,4.860000000000014,253.0,64.0,2.0065467849015692,317,189.0,12.0,0.6
07:30:17,211.78,127.0,214.48,52.0,210.31,116.0,218.65,34.0,213.13,2.6999999999999886,243.0,86.0,2.5144323415034497,329,157.0,12.0,0.48
07:30:18,212.57,126.0,214.0,14.0,200.29,14.0,215.0,14.0,213.29,1.4300000000000068,140.0,28.0,2.839600323988988,168,112.0,-161.0,0.67
07:30:19,213.67,48.0,215.0,6.0,199.0,6.0,222.0,18.0,214.33,1.3300000000000125,54.0,24.0,2.0063848085544707,78,30.0,-90.0,0.38
07:30:20,214.4,100.0,219.4,47.0,209.97,35.0,222.92,36.0,216.9,5.0,135.0,83.0,1.594609670106801,218,52.0,140.0,0.24
07:30:21,217.31,116.0,219.0,60.0,215.88,64.0,223.0,57.0,218.16,1.6899999999999977,180.0,117.0,2.2546773605104162,297,63.0,79.0,0.21
07:30:22,217.26,76.0,222.53,68.0,215.55,58.0,223.85,53.0,219.9,5.27000000000001,134.0,121.0,2.7151114157615104,255,13.0,-42.0,0.05
07:30:23,219.21,56.0,223.0,56.0,218.21,56.0,224.0,42.0,221.11,3.789999999999992,112.0,98.0,2.643605492504261,210,14.0,-45.0,0.07
07:30:24,217.48,29.0,223.0,40.0,212.4,20.0,224.0,30.0,220.24,5.52000000000001,49.0,70.0,1.700888003367324,119,-21.0,-91.0,-0.18
07:30:25,214.0,28.0,221.56,36.0,210.0,28.0,222.58,52.0,217.78,7.560000000000002,56.0,88.0,1.4172579158356888,144,-32.0,25.0,-0.22
07:30:26,215.65,34.0,219.12,57.0,213.39,33.0,221.88,43.0,217.38,3.469999999999999,67.0,100.0,1.6213327850872878,167,-33.0,23.0,-0.2
07:30:27,212.4,30.0,215.81,63.0,207.73,37.0,217.27,41.0,214.1,3.4099999999999966,67.0,104.0,2.7503672482050066,171,-37.0,4.0,-0.22
07:30:28,210.46,28.0,213.25,80.0,208.34,47.0,216.84,49.0,211.86,2.789999999999992,75.0,129.0,3.2950751129524387,204,-54.0,33.0,-0.26
07:30:29,210.0,20.0,213.0,36.0,207.0,10.0,215.0,20.0,211.5,3.0,30.0,56.0,2.9656162934537416,86,-26.0,-118.0,-0.3
07:30:30,210.0,18.0,212.3,10.0,205.11,19.0,215.0,18.0,211.15,2.3000000000000114,37.0,28.0,2.60626552753132,65,9.0,-21.0,0.14
07:30:31,210.0,26.0,211.0,13.0,204.64,84.0,215.0,26.0,210.5,1.0,110.0,39.0,1.3687293377428427,149,71.0,84.0,0.48
07:30:32,208.58,38.0,211.0,12.0,206.96,94.0,215.0,24.0,209.79,2.4199999999999875,132.0,36.0,0.8243482273880777,168,96.0,19.0,0.57
07:30:33,207.0,63.0,211.0,7.0,206.0,14.0,215.0,14.0,209.0,4.0,77.0,21.0,1.014135099480233,98,56.0,-70.0,0.57
07:30:34,207.0,81.0,211.0,9.0,206.0,18.0,215.0,18.0,209.0,4.0,99.0,27.0,0.9425868660222854,126,72.0,28.0,0.57
07:30:35,207.86,64.0,211.0,12.0,206.69,52.0,215.0,30.0,209.43,3.1399999999999864,116.0,42.0,0.6283549952038773,158,74.0,32.0,0.47
07:30:36,208.0,40.0,211.0,8.0,204.5,16.0,215.0,32.0,209.5,3.0,56.0,40.0,0.34180403742150656,96,16.0,-62.0,0.17
07:30:37,208.0,70.0,211.0,14.0,204.0,42.0,215.0,56.0,209.5,3.0,112.0,70.0,0.26264043861835,182,42.0,86.0,0.23
07:30:38,208.87,75.0,211.0,15.0,202.96,56.0,213.67,36.0,209.93,2.1299999999999955,131.0,51.0,0.3301060435642673,182,80.0,0.0,0.44
07:30:39,208.92,38.0,211.92,13.0,202.37,19.0,213.92,26.0,210.42,3.0,57.0,39.0,0.42086815037213876,96,18.0,-86.0,0.19
07:30:40,203.4,10.0,213.0,14.0,202.06,17.0,215.0,28.0,208.2,9.599999999999994,27.0,42.0,0.8247423840191969,69,-15.0,-27.0,-0.22
07:30:41,204.62,65.0,214.56,36.0,203.25,16.0,216.64,88.0,209.59,9.939999999999998,81.0,124.0,0.8254513916625672,205,-43.0,136.0,-0.21
07:30:42,205.92,48.0,215.0,24.0,200.74,122.0,217.0,72.0,210.46,9.080000000000013,170.0,96.0,0.9231738731125753,266,74.0,61.0,0.28
07:30:43,206.38,32.0,215.0,16.0,202.0,72.0,217.0,48.0,210.69,8.620000000000005,104.0,64.0,1.023508671188318,168,40.0,-98.0,0.24
07:30:44,207.27,44.0,218.27,22.0,202.0,99.0,218.71,21.0,212.77,11.0,143.0,43.0,1.672115426637082,186,100.0,18.0,0.54
07:30:45,208.0,20.0,219.0,10.0,202.0,45.0,221.0,5.0,213.5,11.0,65.0,15.0,1.654590583799424,80,50.0,-106.0,0.62
07:30:46,210.18,11.0,219.0,10.0,204.4,30.0,221.0,5.0,214.59,8.819999999999993,41.0,15.0,1.7909969290866339,56,26.0,-24.0,0.46
07:30:47,208.53,30.0,216.14,14.0,203.93,61.0,221.8,20.0,212.34,7.609999999999985,91.0,34.0,1.4453615464643343,125,57.0,69.0,0.46
07:30:48,210.48,42.0,213.47,34.0,208.82,39.0,218.81,84.0,211.97,2.990000000000009,81.0,118.0,1.03943734779821,199,-37.0,74.0,-0.19
07:30:49,213.61,41.0,215.0,52.0,212.38,26.0,218.92,73.0,214.3,1.3899999999999864,67.0,125.0,1.1604524979497377,192,-58.0,-7.0,-0.3
07:30:50,214.0,50.0,215.82,17.0,213.0,20.0,218.88,52.0,214.91,1.8199999999999932,70.0,69.0,1.362743556212164,139,1.0,-53.0,0.01
07:30:51,214.56,45.0,217.0,9.0,213.0,18.0,219.0,63.0,215.78,2.4399999999999977,63.0,72.0,1.6481049723842727,135,-9.0,-4.0,-0.07
07:30:52,215.01,77.0,218.83,105.0,209.3,43.0,220.14,64.0,216.92,3.8200000000000216,120.0,169.0,1.852222988734815,289,-49.0,154.0,-0.17
07:30:53,213.0,20.0,219.0,70.0,206.0,30.0,221.0,10.0,216.0,6.0,50.0,80.0,1.0123339369979156,130,-30.0,-159.0,-0.23
07:30:54,213.23,26.0,219.0,89.0,206.0,39.0,221.0,13.0,216.12,5.77000000000001,65.0,102.0,0.7215815962160389,167,-37.0,37.0,-0.22
07:30:55,214.0,12.0,219.0,20.0,206.0,18.0,221.0,6.0,216.5,5.0,30.0,26.0,0.4501999555726992,56,4.0,-111.0,0.07
07:30:56,215.93,28.0,218.14,42.0,206.71,42.0,219.11,38.0,217.04,2.2099999999999795,70.0,80.0,0.4639827582977977,150,-10.0,94.0,-0.07
07:30:57,207.3,50.0,218.03,35.0,205.18,68.0,219.71,28.0,212.66,10.72999999999999,118.0,63.0,1.727506874081195,181,55.0,31.0,0.3
07:30:58,206.0,80.0,218.03,69.0,205.0,10.0,219.29,21.0,212.01,12.030000000000001,90.0,90.0,2.3447771749140567,180,0.0,-1.0,0.0
07:30:59,206.0,88.0,215.63,73.0,205.0,11.0,217.27,41.0,210.82,9.629999999999995,99.0,114.0,2.791573033255291,213,-15.0,33.0,-0.07
07:31:00,206.0,40.0,215.0,45.0,205.0,5.0,217.0,5.0,210.5,9.0,45.0,50.0,2.6288552641783705,95,-5.0,-118.0,-0.05
07:31:01,206.23,52.0,215.0,104.0,205.83,29.0,217.0,8.0,210.62,8.77000000000001,81.0,112.0,0.9596978691226261,193,-31.0,98.0,-0.16
07:31:02,207.58,76.0,215.0,208.0,206.05,66.0,217.0,16.0,211.29,7.4199999999999875,142.0,224.0,0.616335947352213,366,-82.0,173.0,-0.22
07:31:03,208.96,108.0,215.0,182.0,207.86,56.0,218.44,66.0,211.98,6.039999999999992,164.0,248.0,0.6046651966159043,412,-84.0,46.0,-0.2
07:31:04,210.95,80.0,215.0,195.0,209.28,100.0,218.0,75.0,212.97,4.050000000000011,180.0,270.0,1.025412112274123,450,-90.0,38.0,-0.2
07:31:05,213.71,112.0,215.0,166.0,211.0,56.0,218.0,70.0,214.36,1.289999999999992,168.0,236.0,1.4681382768657556,404,-68.0,-46.0,-0.17
07:31:06,211.67,36.0,215.0,48.0,207.18,11.0,218.0,40.0,213.33,3.3300000000000125,47.0,88.0,1.1932015755932652,135,-41.0,-174.5,-0.3
07:31:07,212.67,36.0,215.0,45.0,205.0,9.0,218.0,45.0,213.83,2.3300000000000125,45.0,90.0,0.9022915271674312,135,-45.0,0.0,-0.33
07:31:08,213.51,55.0,215.0,41.0,204.34,29.0,218.0,65.0,214.25,1.490000000000009,84.0,106.0,0.5944072677870108,190,-22.0,55.0,-0.12
07:31:09,204.05,19.0,215.0,7.0,203.2,15.0,218.0,35.0,209.53,10.949999999999989,34.0,42.0,2.0144974559423536,76,-8.0,-114.0,-0.11
07:31:10,204.0,27.0,213.42,19.0,202.5,16.0,217.4,25.0,208.71,9.419999999999987,43.0,44.0,2.601960799089501,87,-1.0,11.0,-0.01
07:31:11,204.73,45.0,215.34,65.0,202.06,108.0,217.67,27.0,210.04,10.610000000000014,153.0,92.0,2.575270859540527,245,61.0,158.0,0.25
07:31:12,205.52,65.0,217.0,70.0,203.77,31.0,219.0,30.0,211.26,11.47999999999999,96.0,100.0,2.160085646449854,196,-4.0,-49.0,-0.02
07:31:13,204.34,62.0,218.36,36.0,203.65,54.0,431.0,49.0,211.35,14.02000000000001,116.0,85.0,1.1333887241360816,201,31.0,5.0,0.15
07:31:14,204.64,42.0,217.84,32.0,203.92,38.0,218.86,21.0,211.24,13.200000000000017,80.0,53.0,1.1468870912163744,133,27.0,-68.0,0.2
07:31:15,205.0,36.0,216.47,19.0,204.0,45.0,217.91,22.0,210.74,11.469999999999999,81.0,41.0,0.5498908982686445,122,40.0,-11.0,0.33
07:31:16,205.36,50.0,213.0,14.0,204.05,58.0,217.0,42.0,209.18,7.639999999999986,108.0,56.0,0.911745578546296,164,52.0,42.0,0.32
07:31:17,207.15,33.0,214.33,15.0,205.35,46.0,218.13,53.0,210.74,7.180000000000007,79.0,68.0,0.8682165628452063,147,11.0,-17.0,0.07
07:31:18,213.58,33.0,218.0,15.0,212.0,36.0,220.0,75.0,215.79,4.4199999999999875,69.0,90.0,2.5001039978365944,159,-21.0,12.0,-0.13
07:31:19,217.0,32.0,218.83,48.0,211.22,51.0,226.88,89.0,217.92,1.8300000000000125,83.0,137.0,3.765591586988443,220,-54.0,61.0,-0.25
07:31:20,209.28,75.0,217.5,54.0,207.71,56.0,279.2,69.0,213.39,8.219999999999999,131.0,123.0,3.5716424793080854,254,8.0,34.0,0.03
07:31:21,209.85,99.0,214.0,32.0,208.96,219.0,216.0,106.0,211.92,4.150000000000006,318.0,138.0,2.910544622574593,456,180.0,173.5,0.39
07:31:22,212.05,40.0,215.95,121.0,208.0,23.0,219.14,65.0,214.0,3.8999999999999773,63.0,186.0,2.315433004860584,249,-123.0,-174.5,-0.49
07:31:23,213.53,30.0,216.0,99.0,205.16,231.0,220.0,89.0,214.77,2.469999999999999,261.0,188.0,2.228104575642214,449,73.0,173.5,0.16
07:31:24,214.67,27.0,216.0,48.0,208.24,150.0,220.0,70.0,215.33,1.3300000000000125,177.0,118.0,1.321994704981048,295,59.0,-154.0,0.2
07:31:25,210.87,69.0,216.0,18.0,204.95,123.0,220.0,42.0,213.43,5.1299999999999955,192.0,60.0,1.3183891686440397,252,132.0,-43.0,0.52
07:31:26,205.48,98.0,214.14,43.0,204.87,130.0,216.9,31.0,209.81,8.659999999999997,228.0,74.0,2.1695437308332868,302,154.0,50.0,0.51
07:31:27,207.23,52.0,214.0,60.0,206.99,212.0,216.0,36.0,210.62,6.77000000000001,264.0,96.0,2.468343574139988,360,168.0,58.0,0.47
07:31:28,210.19,16.0,214.0,80.0,207.0,336.0,216.0,48.0,212.09,3.8100000000000023,352.0,128.0,2.208773415268816,480,224.0,120.0,0.47
07:31:29,212.0,6.0,214.0,30.0,206.5,126.0,216.0,18.0,213.0,2.0,132.0,48.0,1.543777833756641,180,84.0,-174.5,0.47
07:31:30,212.62,8.0,214.0,40.0,206.0,168.0,216.0,24.0,213.31,1.3799999999999955,176.0,64.0,1.512524379968253,240,112.0,60.0,0.47
07:31:31,213.0,11.0,214.0,55.0,206.0,231.0,216.0,33.0,213.5,1.0,242.0,88.0,1.184115703805249,330,154.0,90.0,0.47
07:31:32,213.0,12.0,215.09,44.0,209.41,132.0,218.67,36.0,214.05,2.0900000000000034,144.0,80.0,0.7239129781942691,224,64.0,-106.0,0.29
07:31:33,213.0,13.0,216.0,39.0,207.06,213.0,219.15,47.0,214.5,3.0,226.0,86.0,0.6001416499444416,312,140.0,88.0,0.45
07:31:34,213.17,6.0,216.0,18.0,206.07,106.0,218.0,30.0,214.58,2.8300000000000125,112.0,48.0,0.5732102581060462,160,64.0,-152.0,0.4
07:31:35,215.09,55.0,217.72,61.0,214.77,65.0,218.96,69.0,216.41,2.6299999999999955,120.0,130.0,1.0952944809492555,250,-10.0,90.0,-0.04
07:31:36,215.05,38.0,219.87,23.0,208.0,62.0,268.77,26.0,217.46,4.819999999999993,100.0,49.0,1.4636085542240407,149,51.0,-101.0,0.34
07:31:37,215.0,66.0,223.0,24.0,206.14,113.0,338.0,33.0,219.0,8.0,179.0,57.0,1.9239022844203044,236,122.0,87.0,0.52
07:31:38,215.0,50.0,223.0,26.0,208.0,23.0,380.67,27.0,219.0,8.0,73.0,53.0,1.870534682917575,126,20.0,-110.0,0.16
07:31:39,215.98,53.0,223.0,26.0,208.26,31.0,268.92,39.0,219.49,7.02000000000001,84.0,65.0,1.2913055409148764,149,19.0,23.0,0.13
07:31:40,217.7,69.0,220.0,61.0,214.42,19.0,223.0,22.0,218.85,2.3000000000000114,88.0,83.0,0.7658655234421998,171,5.0,22.0,0.03
07:31:41,218.63,114.0,220.62,68.0,215.02,56.0,236.56,32.0,219.62,1.990000000000009,170.0,100.0,0.3401029255936293,270,70.0,99.0,0.26
07:31:42,220.0,57.0,223.68,71.0,212.94,108.0,230.44,32.0,221.84,3.680000000000007,165.0,103.0,1.206710404362736,268,62.0,-2.0,0.23
07:31:43,220.0,24.0,222.53,47.0,211.0,121.0,224.0,26.0,221.27,2.530000000000001,145.0,73.0,1.274413590635804,218,72.0,-50.0,0.33
07:31:44,215.05,40.0,221.04,47.0,210.89,111.0,223.85,13.0,218.05,5.989999999999981,151.0,60.0,1.6000406244834116,211,91.0,-7.0,0.43
07:31:45,211.0,121.0,224.72,25.0,209.14,21.0,239.89,28.0,217.86,13.719999999999999,142.0,53.0,1.8134966225491749,195,89.0,-16.0,0.46
07:31:46,211.58,183.0,223.12,43.0,210.38,34.0,229.55,33.0,217.35,11.539999999999992,217.0,76.0,2.1075886695456756,293,141.0,98.0,0.48
07:31:47,212.0,270.0,213.13,69.0,211.0,27.0,218.77,47.0,212.57,1.1299999999999955,297.0,116.0,3.120112177470148,413,181.0,120.0,0.44
07:31:48,212.0,194.0,214.22,37.0,211.0,36.0,217.02,49.0,213.11,2.219999999999999,230.0,86.0,2.7100221401305222,316,144.0,-97.0,0.46
07:31:49,212.0,130.0,216.0,39.0,211.0,26.0,218.0,65.0,214.0,4.0,156.0,104.0,2.4584893735783533,260,52.0,-56.0,0.2
07:31:50,213.3,60.0,216.0,30.0,212.0,100.0,218.0,50.0,214.65,2.6999999999999886,160.0,80.0,1.8653096257720123,240,80.0,-20.0,0.33
07:31:51,213.66,106.0,216.75,53.0,211.82,136.0,220.13,75.0,215.21,3.0900000000000034,242.0,128.0,1.0818132925776875,370,114.0,130.0,0.31
07:31:52,213.4,116.0,218.0,65.0,212.28,116.0,226.0,65.0,215.7,4.599999999999994,232.0,130.0,1.017708209654265,362,102.0,-8.0,0.28
07:31:53,215.0,146.0,217.72,58.0,214.0,42.0,223.71,70.0,216.36,2.719999999999999,188.0,128.0,0.9133619216924087,316,60.0,-46.0,0.19
07:31:54,216.15,94.0,221.0,60.0,213.82,76.0,231.6,67.0,218.57,4.849999999999994,170.0,127.0,1.5184762098885856,297,43.0,-19.0,0.14
07:31:55,218.14,42.0,226.56,54.0,208.0,160.0,272.0,58.0,222.35,8.420000000000016,202.0,112.0,2.930694456950019,314,90.0,17.0,0.29
07:31:56,222.47,90.0,226.88,74.0,222.03,96.0,311.5,54.0,224.67,4.409999999999997,186.0,128.0,3.87335126214981,314,58.0,0.0,0.18
07:31:57,226.89,84.0,228.87,75.0,225.05,60.0,398.96,49.0,227.88,1.9800000000000182,144.0,124.0,4.620457769528626,268,20.0,-46.0,0.07
07:31:58,228.0,35.0,229.0,35.0,226.0,21.0,378.56,27.0,228.5,1.0,56.0,62.0,4.098308187532686,118,-6.0,-150.0,-0.05
07:31:59,228.0,9.0,229.0,45.0,226.0,27.0,356.82,17.0,228.5,1.0,36.0,62.0,2.756982045642908,98,-26.0,-20.0,-0.27
07:32:00,226.4,10.0,229.0,50.0,224.17,70.0,371.5,10.0,227.7,2.5999999999999943,80.0,60.0,1.5953682960361402,140,20.0,42.0,0.14
07:32:01,226.0,8.0,229.0,40.0,224.0,64.0,329.25,8.0,227.5,3.0,72.0,48.0,0.46182247671282545,120,24.0,-20.0,0.2
07:32:02,226.0,10.0,229.0,50.0,224.0,80.0,325.9,10.0,227.5,3.0,90.0,60.0,0.5176871642190662,150,30.0,30.0,0.2
07:32:03,226.0,11.0,229.0,55.0,224.0,88.0,364.16,25.0,227.5,3.0,99.0,80.0,0.4335896677703548,179,19.0,29.0,0.11
07:32:04,225.0,19.0,229.0,58.0,223.87,92.0,474.6,30.0,227.0,4.0,111.0,88.0,0.26076809620283364,199,23.0,20.0,0.12
07:32:05,225.0,7.0,229.0,28.0,224.0,56.0,468.36,11.0,227.0,4.0,63.0,39.0,0.27386127874759525,102,24.0,-97.0,0.24
07:32:06,225.93,15.0,229.0,60.0,224.0,120.0,274.57,63.0,227.47,3.069999999999993,135.0,123.0,0.26866335812177405,258,12.0,156.0,0.05
07:32:07,226.0,12.0,228.07,30.0,224.0,96.0,233.47,47.0,227.03,2.069999999999993,108.0,77.0,0.26067220794952317,185,31.0,-73.0,0.17
07:32:08,224.08,50.0,234.71,28.0,222.2,40.0,305.92,26.0,229.4,10.629999999999995,90.0,54.0,1.0367979552435684,144,36.0,-41.0,0.25
07:32:09,222.76,58.0,235.25,16.0,220.82,34.0,242.06,51.0,229.0,12.490000000000009,92.0,67.0,1.1379586987220591,159,25.0,15.0,0.16
07:32:10,224.0,84.0,234.43,14.0,221.0,56.0,247.88,40.0,229.21,10.430000000000007,140.0,54.0,1.090353153797959,194,86.0,35.0,0.44
07:32:11,223.13,55.0,231.82,11.0,220.7,40.0,311.12,17.0,227.47,8.689999999999998,95.0,28.0,1.090353153797959,123,67.0,-71.0,0.54
07:32:12,221.0,32.0,230.0,8.0,220.0,24.0,453.12,8.0,225.5,9.0,56.0,16.0,1.6498272636846525,72,40.0,-51.0,0.56
07:32:13,221.0,25.0,230.0,7.0,220.0,21.0,296.41,29.0,225.5,9.0,46.0,36.0,1.805583008337545,82,10.0,10.0,0.12
07:32:14,215.11,36.0,222.69,16.0,214.36,90.0,230.6,25.0,218.9,7.579999999999984,126.0,41.0,3.9062680399580127,167,85.0,85.0,0.51
07:32:15,215.67,120.0,218.98,44.0,214.0,96.0,222.38,24.0,217.32,3.3100000000000023,216.0,68.0,4.51481118099058,284,148.0,117.0,0.52
07:32:16,216.0,100.0,217.0,20.0,214.0,80.0,218.0,10.0,216.5,1.0,180.0,30.0,4.4264748954441835,210,150.0,-74.0,0.71
07:32:17,214.67,84.0,217.64,33.0,213.09,46.0,221.21,39.0,216.15,2.969999999999999,130.0,72.0,3.852775622846157,202,58.0,-8.0,0.29
07:32:18,214.0,32.0,218.27,11.0,211.0,8.0,220.75,20.0,216.14,4.27000000000001,40.0,31.0,1.16452565450384,71,9.0,-131.0,0.13
07:32:19,214.0,80.0,215.43,47.0,211.0,20.0,219.0,46.0,214.71,1.4300000000000068,100.0,93.0,0.9439438542612584,193,7.0,122.0,0.04
07:32:20,214.0,48.0,219.0,30.0,120.91,11.0,220.0,24.0,216.5,5.0,59.0,54.0,0.7426641232735093,113,5.0,-80.0,0.04
07:32:21,215.6,10.0,219.0,25.0,214.0,40.0,220.0,20.0,217.3,3.4000000000000057,50.0,45.0,0.9378432704869233,95,5.0,-18.0,0.05
07:32:22,215.57,42.0,219.65,43.0,213.56,36.0,225.21,47.0,217.61,4.0800000000000125,78.0,90.0,1.1395481560678342,168,-12.0,73.0,-0.07
07:32:23,215.73,15.0,220.0,25.0,212.42,53.0,227.0,40.0,217.87,4.27000000000001,68.0,65.0,1.2756449349241261,133,3.0,-35.0,0.02
07:32:24,212.0,44.0,219.75,16.0,207.0,32.0,224.38,32.0,215.88,7.75,76.0,48.0,0.8243603580944276,124,28.0,-9.0,0.23
07:32:25,212.0,75.0,219.0,37.0,207.95,177.0,222.49,49.0,215.5,7.0,252.0,86.0,1.07031303831991,338,166.0,173.5,0.49
07:32:26,212.0,55.0,217.79,28.0,208.0,143.0,220.0,33.0,214.89,5.789999999999992,198.0,61.0,1.3203219304388099,259,137.0,-79.0,0.53
07:32:27,212.0,40.0,216.4,20.0,208.0,104.0,218.76,34.0,214.2,4.400000000000006,144.0,54.0,1.3858463118245608,198,90.0,-61.0,0.45
07:32:28,212.0,35.0,216.73,22.0,208.0,91.0,219.5,32.0,214.36,4.72999999999999,126.0,54.0,0.721165722977585,180,72.0,-18.0,0.4
07:32:29,212.0,25.0,215.4,10.0,208.0,65.0,217.0,20.0,213.7,3.4000000000000057,90.0,30.0,0.6886944169933614,120,60.0,-60.0,0.5
07:32:30,212.0,35.0,213.71,14.0,208.0,91.0,217.0,28.0,212.86,1.710000000000008,126.0,42.0,0.7666942024026538,168,84.0,48.0,0.5
07:32:31,208.82,49.0,212.6,10.0,207.68,38.0,217.0,20.0,210.71,3.780000000000001,87.0,30.0,1.492105894364701,117,57.0,-51.0,0.49
07:32:32,208.0,156.0,213.42,38.0,207.0,48.0,215.51,79.0,210.71,5.4199999999999875,204.0,117.0,1.690582739766948,321,87.0,173.5,0.27
07:32:33,212.45,66.0,215.24,68.0,210.04,106.0,217.95,38.0,213.84,2.7900000000000205,172.0,106.0,1.5557088416531923,278,66.0,-43.0,0.24
07:32:34,212.32,53.0,217.0,36.0,210.93,71.0,223.0,27.0,214.66,4.680000000000007,124.0,63.0,1.8016187165984694,187,61.0,-91.0,0.33
07:32:35,211.0,54.0,217.0,24.0,207.0,24.0,223.0,18.0,214.0,6.0,78.0,42.0,1.9180797689350417,120,36.0,-67.0,0.3
07:32:36,211.0,54.0,217.0,24.0,207.0,24.0,223.0,18.0,214.0,6.0,78.0,42.0,1.559525568882374,120,36.0,0.0,0.3
07:32:37,211.0,90.0,221.38,48.0,207.0,40.0,226.22,32.0,216.19,10.379999999999995,130.0,80.0,0.9759713110526814,210,50.0,90.0,0.24
07:32:38,211.0,81.0,212.0,36.0,207.0,36.0,223.0,60.0,211.5,1.0,117.0,96.0,1.6924242966815046,213,21.0,3.0,0.1
07:32:39,211.0,108.0,212.0,48.0,207.0,48.0,223.0,75.0,211.5,1.0,156.0,123.0,1.982226021420834,279,33.0,66.0,0.12
07:32:40,211.0,126.0,212.0,47.0,207.0,56.0,220.14,70.0,211.5,1.0,182.0,117.0,2.1158260798085116,299,65.0,20.0,0.22
07:32:41,211.0,108.0,213.36,33.0,207.0,48.0,217.0,60.0,212.18,2.3600000000000136,156.0,93.0,2.042738358184386,249,63.0,-50.0,0.25
07:32:42,211.0,81.0,215.0,45.0,207.0,36.0,220.0,9.0,213.0,4.0,117.0,54.0,0.6636866730602835,171,63.0,-78.0,0.37
07:32:43,211.0,54.0,219.62,26.0,207.0,24.0,227.57,23.0,215.31,8.620000000000005,78.0,49.0,1.5852823092427046,127,29.0,-44.0,0.23
07:32:44,211.02,64.0,215.0,24.0,207.97,37.0,223.62,40.0,213.01,3.9799999999999898,101.0,64.0,1.4368890005835169,165,37.0,38.0,0.22
07:32:45,212.0,4.0,215.0,12.0,211.0,36.0,224.0,20.0,213.5,3.0,40.0,32.0,1.1681823487786156,72,8.0,-93.0,0.11
07:32:46,210.09,66.0,217.65,34.0,208.47,55.0,246.0,48.0,213.87,7.560000000000002,121.0,82.0,0.9512991117403309,203,39.0,131.0,0.19
07:32:47,210.0,27.0,224.0,15.0,207.0,12.0,356.0,12.0,217.0,14.0,39.0,27.0,1.6214098803195702,66,12.0,-137.0,0.18
07:32:48,210.0,81.0,224.0,45.0,207.0,36.0,260.0,9.0,217.0,14.0,117.0,54.0,1.9627862848506696,171,63.0,105.0,0.37
07:32:49,210.0,45.0,223.69,13.0,207.0,20.0,228.24,17.0,216.85,13.689999999999998,65.0,30.0,1.7941376758760255,95,35.0,-76.0,0.37
07:32:50,210.0,54.0,222.0,6.0,207.0,24.0,223.0,30.0,216.0,12.0,78.0,36.0,1.3375088784743776,114,42.0,19.0,0.37
07:32:51,209.52,25.0,222.0,8.0,205.1,41.0,223.0,40.0,215.76,12.47999999999999,66.0,48.0,0.5953318402351455,114,18.0,0.0,0.16
07:32:52,217.88,16.0,222.77,26.0,209.33,18.0,306.75,32.0,220.32,4.890000000000015,34.0,58.0,1.8309505727893638,92,-24.0,-22.0,-0.26
07:32:53,210.0,20.0,215.17,12.0,207.0,40.0,221.67,24.0,212.58,5.1699999999999875,60.0,36.0,2.7696064702404506,96,24.0,4.0,0.25
07:32:54,207.95,41.0,211.44,18.0,206.27,44.0,216.19,21.0,209.7,3.490000000000009,85.0,39.0,3.9920070140216484,124,46.0,28.0,0.37
07:32:55,209.0,34.0,210.5,24.0,207.0,56.0,214.22,18.0,209.75,1.5,90.0,42.0,4.497067933665029,132,48.0,8.0,0.36
07:32:56,209.0,15.0,214.47,17.0,205.13,60.0,217.13,30.0,211.74,5.469999999999999,75.0,47.0,4.377021818542651,122,28.0,-10.0,0.23
07:32:57,209.43,7.0,217.0,42.0,205.0,28.0,224.0,35.0,213.21,7.569999999999993,35.0,77.0,1.6121817515400316,112,-42.0,-10.0,-0.38
07:32:58,212.0,9.0,217.0,54.0,203.67,36.0,224.0,45.0,214.5,5.0,45.0,99.0,2.114958628436647,144,-54.0,32.0,-0.38
07:32:59,213.11,9.0,217.0,52.0,201.12,32.0,222.89,45.0,215.06,3.8899999999999864,41.0,97.0,2.155126446405978,138,-56.0,-6.0,-0.41
07:33:00,214.25,12.0,216.86,44.0,201.0,48.0,218.72,58.0,215.56,2.6100000000000136,60.0,102.0,1.5441761557536997,162,-42.0,24.0,-0.26
07:33:01,202.76,55.0,216.92,73.0,201.66,56.0,218.75,80.0,209.84,14.159999999999997,111.0,153.0,2.2949466224725907,264,-42.0,102.0,-0.16
07:33:02,205.88,65.0,215.6,50.0,203.8,105.0,217.0,90.0,210.74,9.719999999999999,170.0,140.0,2.647753764986169,310,30.0,46.0,0.1
07:33:03,210.15,68.0,213.36,25.0,209.41,56.0,215.4,25.0,211.75,3.210000000000008,124.0,50.0,2.5793603858318326,174,74.0,-136.0,0.43
07:33:04,212.84,31.0,215.17,24.0,212.09,53.0,217.17,70.0,214.0,2.329999999999984,84.0,94.0,2.359813551956717,178,-10.0,4.0,-0.06
07:33:05,215.93,29.0,217.55,33.0,214.6,15.0,219.38,39.0,216.74,1.6200000000000045,44.0,72.0,2.779312864720082,116,-28.0,-62.0,-0.24
07:33:06,217.2,10.0,219.5,30.0,215.75,16.0,220.32,37.0,218.35,2.3000000000000114,26.0,67.0,3.2257138744777336,93,-41.0,-23.0,-0.44
07:33:07,218.36,22.0,221.0,38.0,216.47,19.0,351.67,18.0,219.68,2.6399999999999864,41.0,56.0,3.2257138744776856,97,-15.0,4.0,-0.15
07:33:08,218.27,11.0,221.0,10.0,217.32,19.0,284.4,50.0,219.64,2.7299999999999898,30.0,60.0,2.3830904305119347,90,-30.0,-7.0,-0.33
07:33:09,219.0,8.0,220.78,9.0,218.0,16.0,407.64,28.0,219.89,1.7800000000000011,24.0,37.0,1.3319346830822272,61,-13.0,-29.0,-0.21
07:33:10,219.0,10.0,223.8,10.0,210.0,20.0,339.8,50.0,221.4,4.800000000000011,30.0,60.0,1.0851589745273202,90,-30.0,29.0,-0.33
07:33:11,219.97,67.0,225.0,7.0,215.0,9.0,316.71,35.0,222.49,5.030000000000001,76.0,42.0,1.2730082482046226,118,34.0,28.0,0.29
07:33:12,220.0,135.0,225.07,15.0,219.0,25.0,295.23,39.0,222.53,5.069999999999993,160.0,54.0,1.3804166037819474,214,106.0,96.0,0.5
07:33:13,220.0,48.0,226.0,20.0,219.0,12.0,229.0,4.0,223.0,6.0,60.0,24.0,1.2487874118506874,84,36.0,-130.0,0.43
07:33:14,220.0,24.0,222.0,2.0,219.0,4.0,226.0,10.0,221.0,2.0,28.0,12.0,0.8434630993687162,40,16.0,-44.0,0.4
07:33:15,220.0,100.0,226.67,9.0,219.0,9.0,242.76,17.0,223.33,6.6699999999999875,109.0,26.0,0.8923844462991303,135,83.0,95.0,0.61
07:33:16,220.0,67.0,229.0,7.0,219.0,19.0,393.68,19.0,224.5,9.0,86.0,26.0,1.274546978340357,112,60.0,-23.0,0.54
07:33:17,220.0,105.0,230.28,18.0,219.0,15.0,481.24,55.0,225.14,10.280000000000001,120.0,73.0,1.5939196968468736,193,47.0,81.0,0.24
07:33:18,220.0,42.0,230.83,24.0,219.0,6.0,232.0,6.0,225.42,10.830000000000013,48.0,30.0,1.7986439336334359,78,18.0,-115.0,0.23
07:33:19,220.0,49.0,229.0,28.0,219.0,7.0,232.0,7.0,224.5,9.0,56.0,35.0,0.805369480422672,91,21.0,13.0,0.23
07:33:20,220.0,70.0,228.2,40.0,219.0,10.0,233.0,10.0,224.1,8.199999999999989,80.0,50.0,0.5354624169783366,130,30.0,39.0,0.23
07:33:21,223.71,34.0,228.0,48.0,219.86,21.0,234.0,12.0,225.85,4.289999999999992,55.0,60.0,0.70329225788165,115,-5.0,-15.0,-0.04
07:33:22,221.17,24.0,231.48,23.0,219.29,14.0,259.42,12.0,226.32,10.310000000000002,38.0,35.0,0.9244025097306098,73,3.0,-42.0,0.04
07:33:23,220.0,20.0,231.94,17.0,219.0,10.0,233.08,13.0,225.97,11.939999999999998,30.0,30.0,0.9823797636333104,60,0.0,-13.0,0.0
07:33:24,216.27,15.0,225.64,11.0,212.78,18.0,231.68,19.0,220.95,9.369999999999976,33.0,30.0,2.2340031333899986,63,3.0,3.0,0.05
07:33:25,212.93,14.0,225.46,24.0,211.6,15.0,229.45,40.0,219.19,12.530000000000001,29.0,64.0,3.336642024550493,93,-35.0,30.0,-0.38
07:33:26,213.15,20.0,224.12,49.0,211.0,20.0,228.02,63.0,218.64,10.969999999999999,40.0,112.0,3.6906137700925257,152,-72.0,59.0,-0.47
07:33:27,213.22,18.0,218.78,59.0,208.96,53.0,222.57,14.0,216.0,5.560000000000002,71.0,73.0,3.7059614137220476,144,-2.0,-8.0,-0.01
07:33:28,209.87,108.0,216.56,43.0,208.67,55.0,225.82,34.0,213.21,6.689999999999998,163.0,77.0,3.027551816236503,240,86.0,96.0,0.36
07:33:29,210.37,38.0,293.0,11.0,209.49,55.0,457.43,23.0,251.68,82.63,93.0,34.0,15.796712632696607,127,59.0,-113.0,0.46
07:33:30,211.53,47.0,378.41,17.0,210.18,66.0,472.03,35.0,294.97,166.88000000000002,113.0,52.0,35.007238537193935,165,61.0,38.0,0.37
07:33:31,222.0,17.0,469.0,15.0,212.0,30.0,588.0,5.0,345.5,247.0,47.0,20.0,56.20593269397807,67,27.0,-98.0,0.4
07:33:32,223.57,46.0,307.93,14.0,222.0,40.0,393.19,16.0,265.75,84.36000000000001,86.0,30.0,49.531337252289006,116,56.0,49.0,0.48
07:33:33,224.53,51.0,238.06,17.0,222.27,33.0,379.0,21.0,231.29,13.530000000000001,84.0,38.0,44.352927411840504,122,46.0,6.0,0.38
07:33:34,223.09,22.0,227.0,10.0,221.12,34.0,241.0,10.0,225.05,3.9099999999999966,56.0,20.0,49.57123480406751,76,36.0,-46.0,0.47
07:33:35,222.52,21.0,227.0,11.0,221.02,41.0,288.36,11.0,224.76,4.47999999999999,62.0,22.0,51.52482945144015,84,40.0,8.0,0.48
07:33:36,223.0,121.0,227.0,13.0,222.0,13.0,332.79,19.0,225.0,4.0,134.0,32.0,17.75670436764648,166,102.0,82.0,0.61
07:33:37,223.0,108.0,227.0,12.0,222.0,12.0,461.5,12.0,225.0,4.0,120.0,24.0,2.836467873958078,144,96.0,-22.0,0.67
07:33:38,223.0,90.0,227.0,10.0,222.0,10.0,295.0,20.0,225.0,4.0,100.0,30.0,0.1149782587986961,130,70.0,-14.0,0.54
07:33:39,223.0,81.0,225.67,9.0,222.0,9.0,250.46,13.0,224.33,2.6699999999999875,90.0,22.0,0.29192464780554456,112,68.0,-18.0,0.61
07:33:40,222.06,63.0,226.5,32.0,220.76,66.0,232.86,21.0,224.28,4.439999999999998,129.0,53.0,0.3810774199508529,182,76.0,70.0,0.42
07:33:41,221.6,105.0,226.33,30.0,220.0,43.0,228.0,15.0,223.97,4.730000000000018,148.0,45.0,0.4628498676638162,193,103.0,11.0,0.53
07:33:42,222.0,91.0,226.19,21.0,220.0,65.0,230.31,13.0,224.1,4.189999999999998,156.0,34.0,0.3980326619718863,190,122.0,-3.0,0.64
07:33:43,223.03,75.0,228.0,16.0,220.24,76.0,234.38,16.0,225.51,4.969999999999999,151.0,32.0,0.6162548174224761,183,119.0,-7.0,0.65
07:33:44,224.0,34.0,230.4,10.0,220.62,52.0,236.0,10.0,227.2,6.400000000000006,86.0,20.0,1.3682726336502973,106,66.0,-77.0,0.62
07:33:45,224.0,8.0,230.88,8.0,221.0,48.0,235.38,8.0,227.44,6.8799999999999955,56.0,16.0,1.6470367330439906,72,40.0,-34.0,0.56
07:33:46,224.1,10.0,230.0,10.0,221.05,55.0,231.0,10.0,227.05,5.900000000000006,65.0,20.0,1.4254999123101064,85,45.0,13.0,0.53
07:33:47,225.47,15.0,228.4,15.0,224.0,15.0,229.67,15.0,226.93,2.930000000000007,30.0,30.0,0.7598881496615183,60,0.0,-25.0,0.0
07:33:48,222.83,23.0,225.41,17.0,220.44,63.0,226.37,19.0,224.12,2.579999999999984,86.0,36.0,1.3705728729243218,122,50.0,62.0,0.41
07:33:49,221.0,15.0,223.5,12.0,220.0,63.0,225.33,15.0,222.25,2.5,78.0,27.0,2.2727230363588458,105,51.0,-17.0,0.49
07:33:50,221.0,35.0,225.0,14.0,220.0,21.0,228.0,7.0,223.0,4.0,56.0,21.0,2.220349071654338,77,35.0,-28.0,0.45
07:33:51,221.0,55.0,224.31,13.0,220.0,33.0,225.3,20.0,222.65,3.3100000000000023,88.0,33.0,1.8883723149835558,121,55.0,44.0,0.45
07:33:52,221.0,40.0,224.0,8.0,220.0,24.0,225.0,16.0,222.5,3.0,64.0,24.0,0.7320040983467532,88,40.0,-33.0,0.45
07:33:53,221.0,30.0,224.0,6.0,220.0,18.0,225.0,30.0,222.5,3.0,48.0,36.0,0.27522717888407705,84,12.0,-4.0,0.14
07:33:54,221.0,35.0,224.0,7.0,220.0,21.0,225.0,33.0,222.5,3.0,56.0,40.0,0.2167948338786668,96,16.0,12.0,0.17
07:33:55,221.0,40.0,223.5,8.0,220.0,24.0,225.74,19.0,222.25,2.5,64.0,27.0,0.144048602896738,91,37.0,-5.0,0.41
07:33:56,221.43,75.0,224.57,23.0,220.39,38.0,226.9,40.0,223.0,3.1399999999999864,113.0,63.0,0.27386127874617466,176,50.0,85.0,0.28
07:33:57,223.88,32.0,226.55,31.0,221.84,43.0,228.68,47.0,225.21,2.670000000000016,75.0,78.0,1.214936212315859,153,-3.0,-23.0,-0.02
07:33:58,225.8,50.0,228.74,46.0,224.45,40.0,230.81,47.0,227.27,2.9399999999999977,90.0,93.0,2.1481922632753903,183,-3.0,30.0,-0.02
07:33:59,227.0,20.0,229.0,50.0,225.3,30.0,237.0,20.0,228.0,2.0,50.0,70.0,2.532435586544314,120,-20.0,-63.0,-0.17
07:34:00,226.33,9.0,229.0,45.0,225.57,23.0,237.0,18.0,227.67,2.6699999999999875,32.0,63.0,2.107213800257543,95,-31.0,-25.0,-0.33
07:34:01,220.13,31.0,229.0,55.0,219.06,31.0,237.0,22.0,224.56,8.870000000000005,62.0,77.0,1.5516668456842693,139,-15.0,44.0,-0.11
07:34:02,220.0,28.0,229.0,60.0,219.0,36.0,237.0,24.0,224.5,9.0,64.0,84.0,1.7266586228886647,148,-20.0,9.0,-0.14
07:34:03,220.0,20.0,227.92,26.0,219.0,30.0,228.89,44.0,223.96,7.9199999999999875,50.0,70.0,1.932024844559669,120,-20.0,-28.0,-0.17
07:34:04,219.9,20.0,226.53,15.0,218.79,29.0,227.84,25.0,223.22,6.6299999999999955,49.0,40.0,1.7018284284838745,89,9.0,-31.0,0.1
07:34:05,219.0,10.0,227.14,14.0,216.0,10.0,228.4,20.0,223.07,8.139999999999986,20.0,34.0,0.6970078909137397,54,-14.0,-35.0,-0.26
07:34:06,226.44,86.0,228.83,35.0,217.0,14.0,231.28,29.0,227.64,2.390000000000015,100.0,64.0,1.8595752203113307,164,36.0,110.0,0.22
07:34:07,227.0,80.0,228.0,16.0,224.0,8.0,232.0,16.0,227.5,1.0,88.0,32.0,2.300221728441821,120,56.0,-44.0,0.47
07:34:08,227.0,120.0,228.33,24.0,224.0,12.0,245.68,25.0,227.67,1.3300000000000125,132.0,49.0,2.4433481127329797,181,83.0,61.0,0.46
07:34:09,227.0,80.0,229.97,31.0,224.0,23.0,290.97,29.0,228.48,2.969999999999999,103.0,60.0,2.1599699071967993,163,43.0,-18.0,0.26
07:34:10,227.0,60.0,228.3,30.0,224.0,20.0,229.67,27.0,227.65,1.3000000000000114,80.0,57.0,0.39264487771483786,137,23.0,-26.0,0.17
07:34:11,227.0,60.0,228.0,30.0,224.0,20.0,229.0,30.0,227.5,1.0,80.0,60.0,0.4104266073193847,140,20.0,3.0,0.14
07:34:12,227.0,84.0,228.0,42.0,224.0,28.0,229.0,42.0,227.5,1.0,112.0,84.0,0.4104266073193847,196,28.0,56.0,0.14
07:34:13,227.0,66.0,228.0,33.0,224.0,22.0,229.0,33.0,227.5,1.0,88.0,66.0,0.42647391478928937,154,22.0,-42.0,0.14
07:34:14,227.0,54.0,228.0,27.0,224.0,18.0,229.0,27.0,227.5,1.0,72.0,54.0,0.0670820392930747,126,18.0,-28.0,0.14
07:34:15,227.0,12.0,228.0,6.0,224.0,4.0,229.0,6.0,227.5,1.0,16.0,12.0,0.0,28,4.0,-98.0,0.14
07:34:16,227.0,66.0,228.0,33.0,224.0,22.0,229.0,33.0,227.5,1.0,88.0,66.0,0.0,154,22.0,126.0,0.14
07:34:17,227.0,30.0,228.0,33.0,224.0,22.0,229.0,33.0,227.5,1.0,52.0,66.0,0.0,118,-14.0,-36.0,-0.12
07:34:18,227.0,20.0,228.0,30.0,224.0,20.0,229.0,30.0,227.5,1.0,40.0,60.0,0.0,100,-20.0,-18.0,-0.2
07:34:19,224.0,20.0,228.0,30.0,221.0,20.0,229.0,30.0,226.0,4.0,40.0,60.0,0.6708203932467574,100,-20.0,0.0,-0.2
07:34:20,222.0,18.0,228.0,24.0,220.2,25.0,229.0,24.0,225.0,6.0,43.0,48.0,1.1510864433202916,91,-5.0,-9.0,-0.05
07:34:21,222.0,20.0,228.0,42.0,221.0,14.0,229.0,42.0,225.0,6.0,34.0,84.0,1.2549900397994336,118,-50.0,27.0,-0.42
07:34:22,223.31,13.0,228.0,39.0,221.0,13.0,229.0,40.0,225.65,4.689999999999998,26.0,79.0,1.0281050529959483,105,-53.0,-13.0,-0.5
07:34:23,224.0,12.0,228.0,36.0,221.0,12.0,229.0,42.0,226.0,4.0,24.0,78.0,0.5044799302210254,102,-54.0,-3.0,-0.53
07:34:24,225.0,10.0,228.0,30.0,221.0,10.0,229.0,30.0,226.5,3.0,20.0,60.0,0.6496152707532408,80,-40.0,-22.0,-0.5
07:34:25,226.0,9.0,228.0,27.0,221.0,9.0,229.0,27.0,227.0,2.0,18.0,54.0,0.7694153624641138,72,-36.0,-8.0,-0.5
07:34:26,223.6,20.0,227.5,42.0,221.67,24.0,228.75,36.0,225.55,3.9000000000000057,44.0,78.0,0.6076594440932935,122,-34.0,50.0,-0.28
07:34:27,222.0,36.0,226.35,51.0,221.0,10.0,228.4,30.0,224.18,4.349999999999994,46.0,81.0,1.0777662084124602,127,-35.0,5.0,-0.28
07:34:28,222.0,24.0,224.78,27.0,221.0,8.0,226.88,24.0,223.39,2.780000000000001,32.0,51.0,1.5241489428516477,83,-19.0,-44.0,-0.23
07:34:29,221.5,12.0,222.43,28.0,220.06,32.0,225.0,24.0,221.96,0.9300000000000068,44.0,52.0,1.9431495053124024,96,-8.0,13.0,-0.08
07:34:30,221.85,62.0,223.73,49.0,218.12,25.0,227.05,58.0,222.79,1.8799999999999955,87.0,107.0,1.3716158354276538,194,-20.0,98.0,-0.1
07:34:31,223.0,98.0,228.07,56.0,221.0,14.0,230.97,66.0,225.54,5.069999999999993,112.0,122.0,1.3680168127606787,234,-10.0,40.0,-0.04
07:34:32,223.0,105.0,225.85,39.0,221.0,15.0,227.0,75.0,224.42,2.8499999999999943,120.0,114.0,1.3985528234556868,234,6.0,0.0,0.03
07:34:33,223.0,112.0,224.38,32.0,221.0,16.0,229.25,80.0,223.69,1.3799999999999955,128.0,112.0,1.3926413752276163,240,16.0,6.0,0.07
07:34:34,221.97,35.0,230.77,62.0,220.24,21.0,235.7,57.0,226.37,8.800000000000011,56.0,119.0,1.4270494034881205,175,-63.0,-65.0,-0.36
07:34:35,222.0,80.0,229.63,73.0,221.0,16.0,232.22,76.0,225.82,7.6299999999999955,96.0,149.0,1.089986238443279,245,-53.0,70.0,-0.22
07:34:36,222.25,60.0,227.32,62.0,221.0,12.0,229.0,56.0,224.79,5.069999999999993,72.0,118.0,1.0775295819585393,190,-46.0,-55.0,-0.24
07:34:37,223.46,83.0,226.48,93.0,222.42,31.0,229.76,85.0,224.97,3.019999999999982,114.0,178.0,1.0281634111345004,292,-64.0,102.0,-0.22
07:34:38,224.61,36.0,228.2,75.0,217.86,35.0,231.06,80.0,226.41,3.589999999999975,71.0,155.0,0.7623122719697353,226,-84.0,-66.0,-0.37
07:34:39,224.0,12.0,229.0,60.0,220.0,12.0,231.33,60.0,226.5,5.0,24.0,120.0,0.7936434967891182,144,-96.0,-82.0,-0.67
07:34:40,224.0,21.0,229.0,65.0,220.0,13.0,230.0,65.0,226.5,5.0,34.0,130.0,0.8739736838118456,164,-96.0,20.0,-0.59
07:34:41,220.0,9.0,229.0,45.0,216.0,27.0,230.0,45.0,224.5,9.0,36.0,90.0,0.9654170083418039,126,-54.0,-38.0,-0.43
07:34:42,223.9,121.0,228.0,28.0,222.27,37.0,229.18,55.0,225.95,4.099999999999994,158.0,83.0,0.8539145156253239,241,75.0,115.0,0.31
07:34:43,224.0,98.0,227.0,14.0,220.0,7.0,229.76,37.0,225.5,3.0,105.0,51.0,0.8339664261801176,156,54.0,-85.0,0.35
07:34:44,224.61,144.0,228.33,30.0,220.0,12.0,233.15,66.0,226.47,3.719999999999999,156.0,96.0,0.8276653913240769,252,60.0,96.0,0.24
07:34:45,225.9,70.0,233.75,80.0,217.75,20.0,234.38,32.0,229.82,7.849999999999994,90.0,112.0,2.0194231849703046,202,-22.0,-50.0,-0.11
07:34:46,226.0,42.0,234.0,60.0,218.71,14.0,235.0,12.0,230.0,8.0,56.0,72.0,2.184277912719808,128,-16.0,-74.0,-0.12
07:34:47,226.0,84.0,234.0,120.0,220.8,20.0,235.0,24.0,230.0,8.0,104.0,144.0,2.1944520956256017,248,-40.0,120.0,-0.16
07:34:48,226.0,23.0,234.0,40.0,224.0,6.0,235.0,8.0,230.0,8.0,29.0,48.0,1.5604871034377708,77,-19.0,-171.0,-0.25
07:34:49,226.0,22.0,234.0,110.0,224.0,22.0,235.0,22.0,230.0,8.0,44.0,132.0,0.08049844716284585,176,-88.0,99.0,-0.5
07:34:50,227.57,46.0,234.0,120.0,225.56,36.0,235.0,24.0,230.78,6.430000000000007,82.0,144.0,0.34882660448370084,226,-62.0,50.0,-0.27
07:34:53,228.07,28.0,234.0,80.0,226.87,46.0,235.0,16.0,231.04,5.930000000000007,74.0,96.0,0.8537446925138993,170,-22.0,-63.0,-0.13
07:34:54,227.0,72.0,233.06,72.0,226.0,24.0,233.57,46.0,230.03,6.060000000000002,96.0,118.0,0.8435638683559484,214,-22.0,44.0,-0.1
07:34:55,226.96,96.0,229.86,86.0,225.8,40.0,232.55,88.0,228.41,2.9000000000000057,136.0,174.0,1.5156285824685576,310,-38.0,96.0,-0.12
07:34:56,226.0,27.0,232.07,30.0,224.0,30.0,234.0,110.0,229.03,6.069999999999993,57.0,140.0,1.4576933833957166,197,-83.0,-113.0,-0.42
07:34:57,226.0,11.0,229.91,22.0,224.0,22.0,233.12,57.0,227.95,3.9099999999999966,33.0,79.0,1.2497679784646674,112,-46.0,-85.0,-0.41
07:34:58,221.38,32.0,227.75,32.0,220.13,47.0,233.39,90.0,224.56,6.3700000000000045,79.0,122.0,2.072795214196448,201,-43.0,89.0,-0.21
07:34:59,221.0,16.0,226.12,16.0,220.0,96.0,230.29,17.0,223.56,5.1200000000000045,112.0,33.0,2.467523049536865,145,79.0,-56.0,0.54
07:35:00,222.0,34.0,225.06,34.0,221.0,34.0,227.25,48.0,223.53,3.0600000000000023,68.0,82.0,2.5853491060194784,150,-14.0,5.0,-0.09
07:35:01,218.02,151.0,222.7,40.0,217.06,107.0,225.74,38.0,220.36,4.679999999999978,258.0,78.0,2.7193694121975627,336,180.0,173.5,0.54
07:35:02,218.11,108.0,220.85,52.0,217.18,84.0,223.72,29.0,219.48,2.7399999999999807,192.0,81.0,2.2318198852048643,273,111.0,-63.0,0.41
07:35:03,224.0,24.0,228.5,12.0,217.08,72.0,233.73,44.0,226.25,4.5,96.0,56.0,2.73196449464407,152,40.0,-121.0,0.26
07:35:04,226.8,75.0,228.0,16.0,222.44,54.0,231.53,75.0,227.4,1.1999999999999886,129.0,91.0,3.490964050229649,220,38.0,68.0,0.17
07:35:05,227.0,32.0,228.0,10.0,224.0,30.0,231.0,50.0,227.5,1.0,62.0,60.0,3.9483059658536765,122,2.0,-98.0,0.02
07:35:06,227.0,24.0,228.0,8.0,224.0,24.0,231.0,40.0,227.5,1.0,48.0,48.0,3.476115648248151,96,0.0,-26.0,0.0
07:35:07,224.5,18.0,228.0,6.0,218.55,33.0,231.0,30.0,226.25,3.5,51.0,36.0,0.667645115308653,87,15.0,-9.0,0.17
07:35:08,224.0,24.0,228.0,8.0,218.0,48.0,231.0,40.0,226.0,4.0,72.0,48.0,0.741282672126839,120,24.0,33.0,0.2
07:35:09,224.0,12.0,228.0,4.0,218.0,24.0,231.0,20.0,226.0,4.0,36.0,24.0,0.7826237921220727,60,12.0,-60.0,0.2
07:35:10,216.3,94.0,227.03,58.0,209.64,66.0,229.25,24.0,221.67,10.72999999999999,160.0,82.0,2.220929985388031,242,78.0,173.5,0.32
07:35:11,216.95,38.0,222.06,68.0,213.09,77.0,227.34,73.0,219.5,5.110000000000014,115.0,141.0,3.1094259920435214,256,-26.0,14.0,-0.1
07:35:12,214.0,13.0,220.0,46.0,213.0,91.0,227.0,92.0,217.0,6.0,104.0,138.0,3.9797336594294888,242,-34.0,-14.0,-0.14
07:35:13,214.91,23.0,219.35,34.0,213.03,86.0,226.23,91.0,217.13,4.439999999999998,109.0,125.0,3.739578853293012,234,-16.0,-8.0,-0.07
07:35:14,215.42,12.0,218.73,26.0,213.06,54.0,221.65,17.0,217.07,3.3100000000000023,66.0,43.0,2.074687928339217,109,23.0,-125.0,0.21
07:35:15,215.0,14.0,217.88,26.0,212.0,98.0,218.8,40.0,216.44,2.8799999999999955,112.0,66.0,1.1905334938575356,178,46.0,69.0,0.26
07:35:16,212.95,61.0,219.1,30.0,210.57,46.0,251.32,41.0,216.03,6.150000000000006,107.0,71.0,0.48023952356791355,178,36.0,0.0,0.2
07:35:17,227.86,42.0,231.0,10.0,219.67,48.0,320.91,35.0,229.43,3.1399999999999864,90.0,45.0,5.725801253972794,135,45.0,-43.0,0.33
07:35:26,226.0,14.0,231.0,7.0,224.0,7.0,310.0,7.0,228.5,5.0,21.0,14.0,0.8671793355439154,35,7.0,-42.0,0.2
07:35:27,228.86,14.0,231.0,12.0,225.82,22.0,397.68,22.0,229.93,2.1399999999999864,36.0,34.0,0.8247302589297949,70,2.0,35.0,0.03
07:35:29,221.87,31.0,231.0,10.0,220.65,55.0,462.92,37.0,226.44,9.129999999999995,86.0,47.0,1.6646561206430979,133,39.0,91.0,0.29
07:35:30,221.9,40.0,231.0,10.0,220.46,52.0,314.29,28.0,226.45,9.099999999999994,92.0,38.0,1.8972690900329932,130,54.0,-3.0,0.42
07:35:31,224.23,52.0,231.0,13.0,223.02,49.0,310.09,43.0,227.62,6.77000000000001,101.0,56.0,1.922152439322812,157,45.0,27.0,0.29
07:35:32,226.0,68.0,230.0,56.0,224.0,51.0,262.45,20.0,228.0,4.0,119.0,76.0,1.6609093894594829,195,43.0,38.0,0.22
07:35:33,224.79,48.0,226.92,25.0,221.96,57.0,228.15,55.0,225.86,2.1299999999999955,105.0,80.0,0.8973182267149005,185,25.0,-10.0,0.14
07:35:34,221.0,27.0,225.0,36.0,220.0,36.0,226.0,9.0,223.0,4.0,63.0,45.0,1.9794898332638335,108,18.0,-77.0,0.17
07:35:35,221.0,36.0,225.33,24.0,219.65,43.0,228.67,12.0,223.17,4.3300000000000125,79.0,36.0,2.3742577787584493,115,43.0,7.0,0.37
07:35:36,220.67,36.0,224.31,16.0,218.77,52.0,225.36,44.0,222.49,3.640000000000015,88.0,60.0,2.353641858906141,148,28.0,33.0,0.19
07:35:37,219.0,33.0,223.32,19.0,217.0,33.0,225.72,39.0,221.16,4.319999999999993,66.0,58.0,1.7147682059087292,124,8.0,-24.0,0.06
07:35:38,219.0,21.0,221.48,23.0,217.0,27.0,275.71,28.0,220.24,2.4799999999999898,48.0,51.0,1.266045022894383,99,-3.0,-25.0,-0.03
07:35:39,219.0,10.0,222.0,30.0,217.0,30.0,230.0,50.0,220.5,3.0,40.0,80.0,1.271955187888214,120,-40.0,21.0,-0.33
07:35:40,219.86,35.0,222.0,45.0,217.8,25.0,229.64,66.0,220.93,2.1399999999999864,60.0,111.0,0.8743168761929797,171,-51.0,51.0,-0.3
07:35:41,220.0,30.0,221.0,30.0,219.0,10.0,228.23,26.0,220.5,1.0,40.0,56.0,0.3709177806413709,96,-16.0,-75.0,-0.17
07:35:42,218.31,39.0,224.7,40.0,215.08,61.0,238.33,61.0,221.5,6.389999999999986,100.0,101.0,0.4946513923925659,201,-1.0,105.0,-0.0
07:35:43,215.97,37.0,259.4,15.0,214.8,35.0,357.37,35.0,237.69,43.42999999999998,72.0,50.0,7.538901113557267,122,22.0,-79.0,0.18
07:35:44,216.19,26.0,227.0,12.0,215.59,32.0,230.0,12.0,221.6,10.810000000000002,58.0,24.0,7.418141950650105,82,34.0,-40.0,0.41
07:35:45,217.0,7.0,227.0,7.0,216.0,21.0,230.0,7.0,222.0,10.0,28.0,14.0,7.3060125923786154,42,14.0,-40.0,0.33
07:35:46,218.48,142.0,227.0,12.0,216.62,16.0,230.0,12.0,222.74,8.52000000000001,158.0,24.0,7.051551602306742,182,134.0,140.0,0.74
07:35:47,219.08,182.0,227.0,13.0,217.31,13.0,230.0,13.0,223.04,7.9199999999999875,195.0,26.0,6.886369144911903,221,169.0,39.0,0.76
07:35:48,221.23,146.0,227.0,12.0,220.76,50.0,230.0,12.0,224.12,5.77000000000001,196.0,24.0,0.9789790600393065,220,172.0,-1.0,0.78
07:35:49,224.8,70.0,227.0,5.0,223.0,15.0,230.0,5.0,225.9,2.1999999999999886,85.0,10.0,1.5137370973835615,95,75.0,-125.0,0.79
07:35:50,225.33,168.0,227.0,12.0,223.0,36.0,230.0,12.0,226.17,1.6699999999999875,204.0,24.0,1.5863732221627238,228,180.0,133.0,0.79
07:35:51,226.0,64.0,227.0,6.0,223.12,16.0,230.0,6.0,226.5,1.0,80.0,12.0,1.4948511631579662,92,68.0,-136.0,0.74
07:35:52,225.86,35.0,228.88,8.0,223.33,18.0,485.62,24.0,227.37,3.019999999999982,53.0,32.0,1.193679186379008,85,21.0,-7.0,0.25
07:35:53,225.94,18.0,230.0,4.0,224.0,6.0,539.5,12.0,227.97,4.060000000000002,24.0,16.0,0.8644478006185529,40,8.0,-45.0,0.2
07:35:54,227.0,24.0,230.0,8.0,225.0,8.0,395.75,8.0,228.5,3.0,32.0,16.0,0.9760481545467634,48,16.0,8.0,0.33
07:35:55,225.24,25.0,230.0,13.0,222.5,24.0,371.42,19.0,227.62,4.759999999999991,49.0,32.0,0.7432832569041762,81,17.0,33.0,0.21
07:35:56,223.0,30.0,229.16,25.0,219.38,26.0,316.71,17.0,226.08,6.159999999999997,56.0,42.0,0.9039192441773122,98,14.0,17.0,0.14
07:35:57,223.0,14.0,229.0,28.0,220.0,35.0,291.14,14.0,226.0,6.0,49.0,42.0,1.1344514092697522,91,7.0,-7.0,0.08
07:35:58,223.0,14.0,228.89,27.0,220.0,35.0,295.46,13.0,225.94,5.889999999999986,49.0,40.0,1.1679554786010415,89,9.0,-2.0,0.1
07:35:59,223.84,25.0,227.8,30.0,220.13,47.0,229.0,10.0,225.82,3.960000000000008,72.0,40.0,0.7484116514287263,112,32.0,23.0,0.29
07:36:00,226.0,77.0,227.0,32.0,223.0,26.0,229.0,13.0,226.5,1.0,103.0,45.0,0.2594609797142977,148,58.0,36.0,0.39
07:36:01,224.29,14.0,227.0,22.0,222.33,24.0,229.36,11.0,225.64,2.710000000000008,38.0,33.0,0.3215587038074318,71,5.0,-77.0,0.07
07:36:02,219.17,48.0,223.24,42.0,216.86,28.0,224.63,30.0,221.2,4.070000000000022,76.0,72.0,2.159490680691731,148,4.0,77.0,0.03
07:36:03,219.0,30.0,220.76,33.0,216.0,18.0,221.33,30.0,219.88,1.759999999999991,48.0,63.0,3.0365309153694744,111,-15.0,-37.0,-0.14
07:36:04,216.75,24.0,219.6,48.0,215.4,15.0,222.07,28.0,218.18,2.8499999999999943,39.0,76.0,3.6343637682536367,115,-37.0,4.0,-0.32
07:36:05,216.0,18.0,218.0,18.0,215.0,9.0,219.0,45.0,217.0,2.0,27.0,63.0,3.3486713783223125,90,-36.0,-25.0,-0.4
07:36:06,215.83,24.0,217.06,66.0,214.29,34.0,220.88,34.0,216.45,1.2299999999999898,58.0,100.0,1.9837136890174745,158,-42.0,68.0,-0.27
07:36:07,215.0,8.0,217.0,16.0,214.0,48.0,221.0,16.0,216.0,2.0,56.0,32.0,1.5595896896284718,88,24.0,-70.0,0.27
07:36:08,215.0,5.0,216.0,15.0,214.0,30.0,217.0,10.0,215.5,1.0,35.0,25.0,1.0302329833564483,60,10.0,-28.0,0.17
07:36:09,215.0,10.0,221.0,20.0,214.0,60.0,349.11,36.0,218.0,6.0,70.0,56.0,0.9633275663010612,126,14.0,66.0,0.11
07:36:10,216.37,19.0,221.0,24.0,214.07,55.0,352.25,48.0,218.68,4.6299999999999955,74.0,72.0,1.3553154614315808,146,2.0,20.0,0.01
07:36:11,218.0,14.0,220.21,19.0,214.0,25.0,269.89,18.0,219.11,2.210000000000008,39.0,37.0,1.6183077581212526,76,2.0,-70.0,0.03
07:36:12,214.62,39.0,221.46,26.0,212.9,20.0,232.07,29.0,218.04,6.840000000000003,59.0,55.0,1.4014563853346895,114,4.0,38.0,0.04
07:36:13,214.0,18.0,224.0,16.0,212.0,6.0,398.0,23.0,219.0,10.0,24.0,39.0,0.5230487548931194,63,-15.0,-51.0,-0.24
07:36:14,213.68,25.0,276.47,30.0,211.37,19.0,426.81,26.0,245.07,62.79000000000002,44.0,56.0,11.79702292953583,100,-12.0,37.0,-0.12
07:36:15,219.88,17.0,321.8,60.0,214.73,37.0,419.2,15.0,270.84,101.92000000000002,54.0,75.0,23.34692420855458,129,-21.0,29.0,-0.16
07:36:18,229.0,40.0,292.0,18.0,226.0,8.0,470.48,29.0,260.5,63.0,48.0,47.0,53.76396683653456,95,1.0,-15.0,0.01
07:36:19,229.0,42.0,296.67,12.0,226.0,10.0,310.0,39.0,262.83,67.67000000000002,52.0,51.0,49.88179597809192,103,1.0,8.0,0.01
07:36:20,225.8,25.0,292.0,11.0,223.33,9.0,527.73,33.0,258.9,66.19999999999999,34.0,44.0,51.9325365257657,78,-10.0,-25.0,-0.13
07:36:22,225.65,20.0,278.98,57.0,224.22,77.0,303.46,28.0,252.32,53.33000000000001,97.0,85.0,41.819511235785505,182,12.0,83.0,0.07
07:36:23,219.85,41.0,227.94,35.0,213.94,17.0,363.71,28.0,223.9,8.090000000000003,58.0,63.0,48.20222940902205,121,-5.0,-61.0,-0.04
07:36:24,222.0,27.0,226.4,15.0,209.89,9.0,227.86,21.0,224.2,4.400000000000006,36.0,36.0,52.52810028927366,72,0.0,-49.0,0.0
07:36:25,222.22,23.0,225.11,27.0,220.34,29.0,240.14,28.0,223.66,2.890000000000015,52.0,55.0,55.370843229988765,107,-3.0,35.0,-0.03
07:36:26,217.63,19.0,225.0,33.0,143.12,49.0,409.33,42.0,221.32,7.3700000000000045,68.0,75.0,13.041648668784063,143,-7.0,36.0,-0.05
07:36:27,221.0,36.0,225.0,27.0,215.33,9.0,410.12,32.0,223.0,4.0,45.0,59.0,1.1483379293562854,104,-14.0,-39.0,-0.13
07:36:28,221.0,52.0,224.15,39.0,210.86,21.0,336.27,45.0,222.58,3.1500000000000057,73.0,84.0,1.102596934513386,157,-11.0,53.0,-0.07
07:36:29,221.0,10.0,222.0,30.0,212.14,35.0,521.44,27.0,221.5,1.0,45.0,57.0,0.9944445685901261,102,-12.0,-55.0,-0.12
07:36:30,221.0,8.0,222.0,24.0,216.0,32.0,281.88,25.0,221.5,1.0,40.0,49.0,0.7577598564178988,89,-9.0,-13.0,-0.1
07:36:31,221.0,10.0,222.0,38.0,216.0,40.0,295.14,29.0,221.5,1.0,50.0,67.0,0.7219972299105208,117,-17.0,28.0,-0.15
07:36:32,222.51,41.0,266.91,22.0,216.83,35.0,368.11,27.0,244.71,44.400000000000034,76.0,49.0,10.269733200039699,125,27.0,8.0,0.22
07:36:33,224.71,49.0,227.0,7.0,223.0,66.0,329.0,9.0,225.86,2.289999999999992,115.0,16.0,10.070907605573467,131,99.0,6.0,0.76
07:36:34,225.0,77.0,227.0,11.0,223.0,99.0,252.9,40.0,226.0,2.0,176.0,51.0,9.647107338471843,227,125.0,96.0,0.55
07:36:35,225.36,55.0,227.0,10.0,223.88,80.0,312.55,33.0,226.18,1.6399999999999864,135.0,43.0,9.079559460678531,178,92.0,-49.0,0.52
07:36:36,225.34,32.0,227.0,12.0,223.71,98.0,364.67,39.0,226.17,1.6599999999999966,130.0,51.0,8.34493439159331,181,79.0,3.0,0.44
07:36:37,225.0,30.0,226.64,14.0,223.0,90.0,431.71,17.0,225.82,1.6399999999999864,120.0,31.0,0.16816658406978827,151,89.0,-30.0,0.59
07:36:38,223.0,99.0,225.45,55.0,221.0,11.0,227.0,11.0,224.23,2.4499999999999886,110.0,66.0,0.8238021607144413,176,44.0,25.0,0.25
07:36:39,222.76,49.0,224.37,41.0,220.19,37.0,292.38,21.0,223.56,1.6100000000000136,86.0,62.0,1.2161291049875786,148,24.0,-28.0,0.16
07:36:40,224.0,14.0,349.75,16.0,220.11,38.0,423.5,22.0,286.88,125.75,52.0,38.0,27.719357315781966,90,14.0,-58.0,0.16
07:36:41,229.0,55.0,470.39,28.0,222.18,11.0,487.6,30.0,349.7,241.39,66.0,58.0,55.954213603624076,124,8.0,34.0,0.06
07:36:42,229.0,35.0,277.96,23.0,223.0,10.0,489.64,14.0,253.48,48.95999999999998,45.0,37.0,52.75409178442928,82,8.0,-42.0,0.1
07:36:43,223.29,7.0,446.56,9.0,220.12,26.0,588.56,16.0,334.92,223.27,33.0,25.0,53.24281284830832,58,8.0,-24.0,0.14
07:36:44,221.57,21.0,444.12,32.0,220.04,47.0,445.85,26.0,332.85,222.55,68.0,58.0,40.112348223458326,126,10.0,68.0,0.08
07:36:45,222.34,64.0,392.82,44.0,221.0,11.0,443.2,20.0,307.58,170.48,75.0,64.0,37.936768180750185,139,11.0,13.0,0.08
07:36:46,223.0,104.0,325.32,69.0,221.0,17.0,439.75,64.0,274.16,102.32,121.0,133.0,36.0069898769667,254,-12.0,115.0,-0.05
07:36:47,224.5,72.0,409.91,22.0,223.0,60.0,426.72,29.0,317.2,185.41000000000003,132.0,51.0,24.644908601980642,183,81.0,-71.0,0.44
07:36:48,225.0,132.0,241.13,15.0,223.0,110.0,241.64,33.0,233.07,16.129999999999995,242.0,48.0,39.78940022166688,290,194.0,107.0,0.67
07:36:49,225.6,120.0,231.3,10.0,223.0,100.0,233.0,50.0,228.45,5.700000000000017,220.0,60.0,41.005326117469046,280,160.0,-10.0,0.57
07:36:50,226.92,144.0,229.19,36.0,223.0,120.0,232.14,28.0,228.06,2.2700000000000102,264.0,64.0,39.18060706523054,328,200.0,48.0,0.61
07:36:51,225.57,112.0,228.73,22.0,222.75,80.0,230.36,44.0,227.15,3.1599999999999966,192.0,66.0,39.42938155741217,258,126.0,-70.0,0.49
07:36:52,223.0,30.0,228.5,24.0,222.0,30.0,232.0,30.0,225.75,5.5,60.0,54.0,2.7597970939907075,114,6.0,-144.0,0.05
07:36:53,224.82,121.0,227.09,44.0,223.0,55.0,232.0,55.0,225.95,2.2700000000000102,176.0,99.0,1.2132271015765947,275,77.0,161.0,0.28
07:36:54,224.61,108.0,230.87,71.0,222.65,40.0,350.52,42.0,227.74,6.259999999999991,148.0,113.0,1.0409370778293934,261,35.0,-14.0,0.13
07:36:55,224.7,71.0,232.0,75.0,223.0,30.0,461.0,30.0,228.35,7.300000000000011,101.0,105.0,1.1243753821566784,206,-4.0,-55.0,-0.02
07:36:56,223.54,13.0,232.0,50.0,222.79,19.0,493.07,29.0,227.77,8.460000000000008,32.0,79.0,1.1795422841085208,111,-47.0,-95.0,-0.42
07:36:57,220.0,28.0,231.91,33.0,219.0,7.0,481.43,35.0,225.95,11.909999999999997,35.0,68.0,1.123886115226957,103,-33.0,-8.0,-0.32
07:36:58,220.0,36.0,229.15,41.0,219.0,9.0,231.17,29.0,224.57,9.150000000000006,45.0,70.0,1.57269831817803,115,-25.0,12.0,-0.22
07:36:59,220.5,48.0,228.77,39.0,219.21,39.0,230.54,39.0,224.63,8.27000000000001,87.0,78.0,1.750508497551536,165,9.0,50.0,0.05
07:37:00,226.0,30.0,227.8,45.0,220.0,60.0,229.0,45.0,226.9,1.8000000000000114,90.0,90.0,1.4018487792911902,180,0.0,15.0,0.0
07:37:01,225.8,20.0,227.0,30.0,221.67,30.0,230.8,30.0,226.4,1.1999999999999886,50.0,60.0,1.0504522835427839,110,-10.0,-70.0,-0.09
07:37:02,222.5,16.0,227.0,24.0,219.8,20.0,232.0,24.0,224.75,4.5,36.0,48.0,1.1115079846768117,84,-12.0,-26.0,-0.14
07:37:03,219.64,22.0,225.68,53.0,218.15,47.0,230.4,45.0,222.66,6.0400000000000205,69.0,98.0,1.674953730704345,167,-29.0,83.0,-0.17
07:37:04,218.73,11.0,220.77,39.0,217.71,49.0,222.65,37.0,219.75,2.0400000000000205,60.0,76.0,2.938889245956819,136,-16.0,-31.0,-0.12
07:37:05,218.67,27.0,220.95,57.0,214.36,33.0,227.53,45.0,219.81,2.280000000000001,60.0,102.0,2.955728336637347,162,-42.0,26.0,-0.26
07:37:06,220.0,24.0,221.85,39.0,216.0,14.0,229.07,42.0,220.92,1.8499999999999943,38.0,81.0,2.1291242331064737,119,-43.0,-43.0,-0.36
07:37:07,220.0,13.0,223.0,21.0,216.0,7.0,231.0,21.0,221.5,3.0,20.0,42.0,1.2211347182032675,62,-22.0,-57.0,-0.35
07:37:08,220.0,22.0,223.0,33.0,215.23,35.0,231.0,33.0,221.5,3.0,57.0,66.0,0.8693273261559354,123,-9.0,61.0,-0.07
07:37:09,220.0,6.0,223.0,9.0,215.0,27.0,231.0,9.0,221.5,3.0,33.0,18.0,0.7351734489230056,51,15.0,-72.0,0.29
07:37:10,220.41,17.0,223.0,33.0,216.03,37.0,231.0,35.0,221.71,2.5900000000000034,54.0,68.0,0.29711950457896574,122,-14.0,71.0,-0.11
07:37:11,214.7,53.0,222.14,37.0,214.46,13.0,229.93,45.0,218.42,7.439999999999998,66.0,82.0,1.4038447207584566,148,-16.0,26.0,-0.11
07:37:12,214.0,54.0,215.8,20.0,211.0,9.0,224.0,27.0,214.9,1.8000000000000114,63.0,47.0,2.9645539293461565,110,16.0,-38.0,0.15
07:37:13,214.0,74.0,223.11,37.0,210.09,44.0,229.84,37.0,218.55,9.110000000000014,118.0,74.0,2.781264101088189,192,44.0,82.0,0.23
07:37:14,214.4,20.0,224.02,44.0,210.16,50.0,236.48,27.0,219.21,9.620000000000005,70.0,71.0,2.4372258820228407,141,-1.0,-51.0,-0.01
07:37:15,215.0,48.0,222.0,24.0,214.0,12.0,229.67,36.0,218.5,7.0,60.0,60.0,1.7152055270439646,120,0.0,-21.0,0.0
07:37:16,215.0,44.0,226.44,27.0,214.0,11.0,268.92,25.0,220.72,11.439999999999998,55.0,52.0,2.1399836447977902,107,3.0,-13.0,0.03
07:37:17,215.35,34.0,245.32,25.0,214.36,11.0,402.33,12.0,230.34,29.97,45.0,37.0,5.042175125875853,82,8.0,-25.0,0.1
07:37:18,217.65,62.0,227.0,65.0,216.41,68.0,311.64,14.0,222.32,9.349999999999994,130.0,79.0,4.772129503691301,209,51.0,127.0,0.24
07:37:19,219.71,34.0,227.0,80.0,218.7,60.0,529.11,19.0,223.35,7.289999999999992,94.0,99.0,4.4692930089669405,193,-5.0,-16.0,-0.03
07:37:20,219.59,37.0,223.44,41.0,217.83,24.0,284.92,65.0,221.52,3.8499999999999943,61.0,106.0,3.864479266343733,167,-45.0,-26.0,-0.27
07:37:21,223.0,77.0,225.0,55.0,219.0,88.0,350.8,35.0,224.0,2.0,165.0,90.0,3.504380116368721,255,75.0,88.0,0.29
07:37:22,223.0,84.0,225.0,60.0,219.0,96.0,226.0,24.0,224.0,2.0,180.0,84.0,1.091796684369739,264,96.0,9.0,0.36
07:37:23,223.0,52.0,224.9,39.0,219.0,64.0,225.74,19.0,223.95,1.9000000000000057,116.0,58.0,1.0668786247744744,174,58.0,-90.0,0.33
07:37:24,223.36,67.0,224.77,71.0,220.33,81.0,225.52,42.0,224.07,1.4099999999999966,148.0,113.0,1.1121465730741777,261,35.0,87.0,0.13
07:37:25,223.31,51.0,225.29,28.0,222.22,54.0,246.86,21.0,224.3,1.9799999999999898,105.0,49.0,0.13867227552948216,154,56.0,-107.0,0.36
07:37:26,223.52,96.0,227.33,72.0,221.5,56.0,271.03,30.0,225.43,3.8100000000000023,152.0,102.0,0.6184254199177718,254,50.0,100.0,0.2
07:37:27,224.0,63.0,227.0,55.0,223.0,45.0,494.0,18.0,225.5,3.0,108.0,73.0,0.754950329492216,181,35.0,-73.0,0.19
07:37:28,224.06,68.0,227.0,84.0,223.22,64.0,603.33,18.0,225.53,2.9399999999999977,132.0,102.0,0.7184914752454149,234,30.0,53.0,0.13
07:37:29,223.22,41.0,227.0,98.0,221.51,43.0,232.57,14.0,225.11,3.780000000000001,84.0,112.0,0.5163622759267772,196,-28.0,-38.0,-0.14
07:37:30,221.58,48.0,227.0,84.0,220.0,24.0,232.0,12.0,224.29,5.4199999999999875,72.0,96.0,0.5205958125074466,168,-24.0,-28.0,-0.14
07:37:31,222.6,40.0,227.0,70.0,220.0,20.0,232.0,10.0,224.8,4.400000000000006,60.0,80.0,0.5187774089147592,140,-20.0,-28.0,-0.14
07:37:32,224.0,32.0,227.0,56.0,220.0,16.0,232.0,8.0,225.5,3.0,48.0,64.0,0.5187774089147592,112,-16.0,-28.0,-0.14
07:37:33,224.62,26.0,226.94,67.0,219.64,22.0,228.96,23.0,225.78,2.319999999999993,48.0,90.0,0.5849187977833327,138,-42.0,26.0,-0.3
07:37:34,220.0,24.0,225.25,24.0,216.0,24.0,227.0,79.0,222.62,5.25,48.0,103.0,1.2508876848064387,151,-55.0,13.0,-0.36
07:37:35,220.0,26.0,223.08,26.0,216.0,26.0,224.23,26.0,221.54,3.0800000000000125,52.0,52.0,1.8710211115860105,104,0.0,-47.0,0.0
07:37:36,217.54,26.0,221.69,26.0,215.11,18.0,227.98,61.0,219.62,4.150000000000006,44.0,87.0,2.6304980517006187,131,-43.0,27.0,-0.33
07:37:37,216.0,28.0,221.0,28.0,213.38,26.0,227.17,82.0,218.5,5.0,54.0,110.0,2.830462859675257,164,-56.0,33.0,-0.34
07:37:38,215.0,32.0,221.0,24.0,213.67,48.0,226.0,60.0,218.0,6.0,80.0,84.0,1.9757732663444367,164,-4.0,0.0,-0.02
07:37:39,214.0,52.0,220.82,33.0,213.0,52.0,225.24,51.0,217.41,6.819999999999993,104.0,84.0,1.6288891920574669,188,20.0,24.0,0.11
07:37:40,223.0,122.0,226.32,56.0,215.67,24.0,229.06,32.0,224.66,3.319999999999993,146.0,88.0,2.9224510261083068,234,58.0,46.0,0.25
07:37:41,215.83,87.0,227.36,33.0,213.0,32.0,230.0,11.0,221.6,11.530000000000001,119.0,44.0,3.0507343378277656,163,75.0,-71.0,0.46
07:37:42,213.81,27.0,227.0,21.0,212.96,94.0,230.0,7.0,220.41,13.189999999999998,121.0,28.0,2.927734619121299,149,93.0,-14.0,0.62
07:37:43,218.18,157.0,227.0,39.0,215.91,138.0,230.0,13.0,222.59,8.819999999999993,295.0,52.0,2.6908232940869894,347,243.0,173.5,0.7
07:37:44,224.36,66.0,227.0,27.0,223.84,129.0,230.0,9.0,225.68,2.6399999999999864,195.0,36.0,2.1664187037599163,231,159.0,-116.0,0.69
07:37:45,226.65,46.0,228.0,18.0,223.81,104.0,615.71,28.0,227.33,1.3499999999999943,150.0,46.0,2.8898563978164593,196,104.0,-35.0,0.53
07:37:46,227.0,165.0,230.0,11.0,226.0,22.0,393.8,20.0,228.5,3.0,187.0,31.0,3.352964360085028,218,156.0,22.0,0.72
07:37:47,227.0,130.0,230.0,12.0,226.0,24.0,365.0,48.0,228.5,3.0,154.0,60.0,2.4823073943409995,214,94.0,-4.0,0.44
07:37:48,227.93,135.0,344.0,15.0,226.0,30.0,468.94,33.0,285.96,116.07,165.0,48.0,26.168515051488818,213,117.0,-1.0,0.55
07:37:49,228.0,59.0,390.0,13.0,226.0,26.0,551.95,19.0,309.0,162.0,85.0,32.0,38.86183757878664,117,53.0,-96.0,0.45
07:37:50,228.0,20.0,427.1,10.0,226.0,20.0,455.8,10.0,327.55,199.10000000000002,40.0,20.0,45.71120234690824,60,20.0,-57.0,0.33
07:37:51,228.0,18.0,230.0,36.0,226.0,18.0,450.33,15.0,229.0,2.0,36.0,51.0,45.581942916027494,87,-15.0,27.0,-0.17
07:37:52,228.0,16.0,229.77,26.0,226.0,16.0,344.76,29.0,228.88,1.7700000000000102,32.0,55.0,45.483150946256885,87,-23.0,0.0,-0.26
07:37:53,226.22,18.0,228.0,18.0,225.11,18.0,229.77,26.0,227.11,1.7800000000000011,36.0,44.0,49.70516743760139,80,-8.0,-7.0,-0.1
07:37:54,225.0,30.0,226.6,30.0,223.0,165.0,232.67,60.0,225.8,1.5999999999999943,195.0,90.0,44.67509899261546,285,105.0,173.5,0.37
07:37:55,223.17,92.0,225.81,21.0,221.93,60.0,231.14,42.0,224.49,2.640000000000015,152.0,63.0,1.9539012257513155,215,89.0,-70.0,0.41
07:37:56,223.0,153.0,225.44,32.0,219.0,32.0,234.06,64.0,224.22,2.4399999999999977,185.0,96.0,1.9342311133865562,281,89.0,66.0,0.32
07:37:57,223.0,88.0,225.0,24.0,219.0,24.0,235.0,48.0,224.0,2.0,112.0,72.0,1.3118422161192722,184,40.0,-97.0,0.22
07:37:58,223.0,39.0,224.32,31.0,219.0,30.0,233.97,58.0,223.66,1.3199999999999932,69.0,89.0,0.8219367372205677,158,-20.0,-26.0,-0.13
07:37:59,220.2,20.0,231.76,34.0,218.46,13.0,324.32,19.0,225.98,11.560000000000002,33.0,53.0,0.8972179222422888,86,-20.0,-72.0,-0.23
07:38:00,220.27,22.0,230.62,34.0,218.95,20.0,263.12,42.0,225.45,10.349999999999994,42.0,76.0,0.9994598541175853,118,-34.0,32.0,-0.29
07:38:01,219.57,14.0,230.0,28.0,218.25,16.0,250.09,22.0,224.79,10.430000000000007,30.0,50.0,0.9684678621372707,80,-20.0,-38.0,-0.25
07:38:02,218.06,54.0,231.0,44.0,216.34,41.0,669.47,17.0,224.53,12.939999999999998,95.0,61.0,0.8879583323516501,156,34.0,76.0,0.22
07:38:03,219.0,33.0,231.0,44.0,218.0,88.0,447.59,39.0,225.0,12.0,121.0,83.0,0.5734544445661702,204,38.0,48.0,0.19
07:38:04,219.0,25.0,231.0,36.0,218.0,72.0,660.0,36.0,225.0,12.0,97.0,72.0,0.3379792892955398,169,25.0,-35.0,0.15
07:38:05,219.0,19.0,231.0,32.0,218.0,64.0,660.0,32.0,225.0,12.0,83.0,64.0,0.20767763479183124,147,19.0,-22.0,0.13
07:38:06,219.73,22.0,231.0,20.0,218.14,28.0,273.0,15.0,225.36,11.27000000000001,50.0,35.0,0.29499152528966144,85,15.0,-62.0,0.18
07:38:07,224.15,26.0,231.0,40.0,219.68,62.0,271.4,30.0,227.58,6.849999999999994,88.0,70.0,1.1244198504085103,158,18.0,73.0,0.11
07:38:08,226.0,16.0,231.0,32.0,222.0,16.0,278.38,24.0,228.5,5.0,32.0,56.0,1.6386946024176303,88,-24.0,-70.0,-0.27
07:38:09,227.75,36.0,230.43,42.0,226.0,24.0,273.43,42.0,229.09,2.680000000000007,60.0,84.0,1.8430897970507703,144,-24.0,56.0,-0.17
07:38:10,228.0,27.0,229.0,27.0,226.0,18.0,233.0,36.0,228.5,1.0,45.0,63.0,1.4701972656730853,108,-18.0,-36.0,-0.17
07:38:11,227.6,30.0,230.33,36.0,225.73,22.0,272.29,41.0,228.97,2.730000000000018,52.0,77.0,0.5940286188329738,129,-25.0,21.0,-0.19
07:38:12,226.0,12.0,232.0,18.0,225.0,12.0,233.0,24.0,229.0,6.0,24.0,42.0,0.28821866697458415,66,-18.0,-63.0,-0.27
07:38:13,226.0,20.0,231.6,30.0,225.0,20.0,233.0,40.0,228.8,5.599999999999994,40.0,70.0,0.23295922388393225,110,-30.0,44.0,-0.27
07:38:14,226.0,30.0,230.53,45.0,225.0,30.0,233.0,60.0,228.27,4.530000000000001,60.0,105.0,0.3152300746956256,165,-45.0,55.0,-0.27
07:38:15,225.33,24.0,229.0,36.0,223.0,24.0,261.29,28.0,227.17,3.6699999999999875,48.0,64.0,0.7690708679911389,112,-16.0,-53.0,-0.14
07:38:16,223.2,20.0,228.12,48.0,220.15,104.0,233.88,64.0,225.66,4.920000000000016,124.0,112.0,1.3816113780628516,236,12.0,124.0,0.05
07:38:17,220.13,30.0,226.5,18.0,219.67,24.0,233.0,24.0,223.32,6.3700000000000045,54.0,42.0,2.2128104301979694,96,12.0,-140.0,0.12
07:38:18,220.03,62.0,225.18,33.0,219.23,26.0,233.0,44.0,222.61,5.150000000000006,88.0,77.0,2.4262996517316395,165,11.0,69.0,0.07
07:38:19,221.46,26.0,224.85,39.0,220.0,78.0,229.82,22.0,223.15,3.3899999999999864,104.0,61.0,1.9488381153890697,165,43.0,0.0,0.26
07:38:20,222.0,24.0,224.0,36.0,220.0,83.0,226.0,12.0,223.0,2.0,107.0,48.0,1.2094502883514384,155,59.0,-10.0,0.38
07:38:21,220.76,34.0,223.36,47.0,219.84,75.0,224.5,24.0,222.06,2.6000000000000227,109.0,71.0,0.5031600143030861,180,38.0,25.0,0.21
07:38:22,219.66,83.0,221.16,43.0,217.46,82.0,222.89,27.0,220.41,1.5,165.0,70.0,1.1094728477946518,235,95.0,55.0,0.4
07:38:23,219.0,9.0,225.53,17.0,216.0,36.0,272.44,9.0,222.26,6.530000000000001,45.0,26.0,1.091663867677951,71,19.0,-164.0,0.27
07:38:24,228.42,52.0,231.0,40.0,216.84,25.0,374.7,20.0,229.71,2.5800000000000125,77.0,60.0,3.6046040004407347,137,17.0,66.0,0.12
07:38:25,229.0,41.0,231.0,32.0,219.0,8.0,352.0,24.0,230.0,2.0,49.0,56.0,4.5918591006250455,105,-7.0,-32.0,-0.07
07:38:26,229.0,10.0,231.0,20.0,219.0,5.0,352.0,15.0,230.0,2.0,15.0,35.0,4.739908226958904,50,-20.0,-55.0,-0.4
07:38:27,226.75,8.0,231.0,20.0,219.4,5.0,352.0,15.0,228.88,4.25,13.0,35.0,3.3354759780265697,48,-22.0,-2.0,-0.46
07:38:28,220.0,8.0,231.0,32.0,219.0,8.0,420.12,24.0,225.5,11.0,16.0,56.0,1.9106857407726958,72,-40.0,24.0,-0.56
07:38:29,220.0,8.0,231.0,32.0,219.0,8.0,456.33,18.0,225.5,11.0,16.0,50.0,2.3060529048554566,66,-34.0,-6.0,-0.52
07:38:30,218.29,21.0,229.08,48.0,214.62,24.0,250.45,44.0,223.68,10.79000000000002,45.0,92.0,2.6287867924182384,137,-47.0,71.0,-0.34
07:38:31,218.4,30.0,226.93,60.0,215.53,60.0,229.73,60.0,222.67,8.530000000000001,90.0,120.0,2.3676528461733906,210,-30.0,73.0,-0.14
07:38:32,221.0,56.0,226.0,48.0,219.38,64.0,229.0,48.0,223.5,5.0,120.0,96.0,1.272477897644287,216,24.0,6.0,0.11
07:38:33,224.53,47.0,226.33,36.0,222.06,36.0,235.64,33.0,225.43,1.8000000000000114,83.0,69.0,1.2544440999874156,152,14.0,-64.0,0.09
07:38:34,225.0,60.0,228.86,37.0,224.0,26.0,367.07,43.0,226.93,3.8600000000000136,86.0,80.0,1.7156835372507315,166,6.0,14.0,0.04
07:38:35,226.0,22.0,227.36,11.0,225.0,44.0,229.0,44.0,226.68,1.3600000000000136,66.0,55.0,1.897516798342787,121,11.0,-45.0,0.09
07:38:36,225.42,31.0,227.0,12.0,224.55,44.0,229.33,48.0,226.21,1.5800000000000125,75.0,60.0,1.3814666119718189,135,15.0,14.0,0.11
07:38:37,223.0,19.0,227.0,5.0,220.0,10.0,233.0,20.0,225.0,4.0,29.0,25.0,0.8191153764841882,54,4.0,-81.0,0.07
07:38:38,223.0,20.0,227.0,4.0,220.0,8.0,233.0,16.0,225.0,4.0,28.0,20.0,0.9171859135381777,48,8.0,-6.0,0.17
07:38:39,223.0,25.0,227.0,5.0,220.0,10.0,233.0,20.0,225.0,4.0,35.0,25.0,0.8087150301515154,60,10.0,12.0,0.17
07:38:40,223.0,30.0,226.0,6.0,220.0,12.0,525.5,24.0,224.5,3.0,42.0,30.0,0.6350747987387708,72,12.0,12.0,0.17
07:38:41,223.0,53.0,225.55,11.0,220.0,22.0,305.51,49.0,224.27,2.5500000000000114,75.0,60.0,0.3465256123191909,135,15.0,63.0,0.11
07:38:42,220.36,25.0,224.0,12.0,219.04,48.0,232.0,60.0,222.18,3.6399999999999864,73.0,72.0,1.167775663384598,145,1.0,10.0,0.01
07:38:43,219.79,38.0,224.0,12.0,218.68,50.0,232.0,60.0,221.89,4.210000000000008,88.0,72.0,1.4277849978177763,160,16.0,15.0,0.1
07:38:44,222.22,23.0,224.0,11.0,219.26,35.0,232.0,55.0,223.11,1.7800000000000011,58.0,66.0,1.1831103076186935,124,-8.0,-36.0,-0.06
07:38:45,223.0,12.0,224.0,12.0,219.0,24.0,232.0,60.0,223.5,1.0,36.0,72.0,0.9719825101274483,108,-36.0,-16.0,-0.33
07:38:46,224.75,61.0,231.21,43.0,218.35,23.0,278.21,56.0,227.98,6.460000000000008,84.0,99.0,2.464136765683556,183,-15.0,75.0,-0.08
07:38:47,227.36,64.0,231.86,29.0,224.44,45.0,242.38,48.0,229.61,4.5,109.0,77.0,3.3685709136060953,186,32.0,3.0,0.17
07:38:48,229.0,65.0,232.46,65.0,226.0,91.0,235.15,65.0,230.73,3.460000000000008,156.0,130.0,3.502374908543108,286,26.0,100.0,0.09
07:38:49,229.0,58.0,230.53,32.0,226.0,84.0,232.48,44.0,229.77,1.5300000000000011,142.0,76.0,2.868914428837493,218,66.0,-68.0,0.3
07:38:50,229.0,21.0,230.0,50.0,226.0,70.0,233.14,14.0,229.5,1.0,91.0,64.0,0.9882661584773555,155,27.0,-63.0,0.17
07:38:51,226.04,67.0,228.92,60.0,225.06,117.0,237.0,60.0,227.48,2.8799999999999955,184.0,120.0,1.1879267654159595,304,64.0,149.0,0.21
07:38:52,226.0,48.0,227.77,65.0,225.0,130.0,237.0,65.0,226.88,1.7700000000000102,178.0,130.0,1.6247061272709582,308,48.0,4.0,0.16
07:38:53,226.0,27.0,227.0,45.0,225.0,90.0,237.0,45.0,226.5,1.0,117.0,90.0,1.512805341077325,207,27.0,-101.0,0.13
07:38:54,225.51,41.0,229.22,45.0,224.73,74.0,237.29,41.0,227.37,3.710000000000008,115.0,86.0,1.1609392748943481,201,29.0,-6.0,0.14
07:38:55,225.0,54.0,236.77,26.0,220.0,14.0,237.89,27.0,230.88,11.77000000000001,68.0,53.0,1.7541151615535837,121,15.0,-80.0,0.12
07:38:56,225.0,78.0,235.38,26.0,220.0,26.0,237.0,65.0,230.19,10.379999999999995,104.0,91.0,2.020477666293797,195,13.0,74.0,0.07
07:38:57,225.0,54.0,234.0,18.0,221.29,21.0,236.35,37.0,229.5,9.0,75.0,55.0,1.8738116234007889,130,20.0,-65.0,0.15
07:38:58,225.0,28.0,234.0,16.0,223.0,24.0,235.0,24.0,229.5,9.0,52.0,40.0,1.3149790872830471,92,12.0,-38.0,0.13
07:38:59,225.0,10.0,234.0,20.0,223.0,30.0,235.0,30.0,229.5,9.0,40.0,50.0,0.6171547617831666,90,-10.0,-2.0,-0.11
07:39:00,225.0,12.0,233.75,24.0,223.0,36.0,235.0,36.0,229.38,8.75,48.0,60.0,0.3261594701855744,108,-12.0,18.0,-0.11
07:39:01,224.12,32.0,233.0,60.0,221.85,26.0,240.2,45.0,228.56,8.879999999999995,58.0,105.0,0.41026820494870175,163,-47.0,55.0,-0.29
07:39:02,226.48,62.0,232.89,76.0,224.57,46.0,238.17,65.0,229.69,6.409999999999997,108.0,141.0,0.4423573216211261,249,-33.0,86.0,-0.13
07:39:03,229.0,39.0,230.15,26.0,226.0,52.0,236.08,39.0,229.58,1.1500000000000057,91.0,65.0,0.45157502144362827,156,26.0,-93.0,0.17
07:39:04,229.0,36.0,230.0,34.0,226.0,68.0,237.0,51.0,229.5,1.0,104.0,85.0,0.45157502144362827,189,19.0,33.0,0.1
07:39:05,226.25,48.0,236.24,37.0,223.8,30.0,237.88,50.0,231.25,9.990000000000009,78.0,87.0,0.9689324021786554,165,-9.0,-24.0,-0.05
07:39:06,226.3,40.0,237.0,30.0,223.54,13.0,238.0,40.0,231.65,10.699999999999989,53.0,70.0,1.0307424508535092,123,-17.0,-42.0,-0.14
07:39:07,227.0,36.0,237.0,27.0,223.0,18.0,238.0,36.0,232.0,10.0,54.0,63.0,1.1772128099843873,117,-9.0,-6.0,-0.08
07:39:08,228.0,64.0,235.27,60.0,223.0,34.0,237.19,52.0,231.63,7.27000000000001,98.0,112.0,0.9899141376862989,210,-14.0,93.0,-0.07
07:39:09,228.0,28.0,233.5,40.0,223.55,22.0,234.86,35.0,230.75,5.5,50.0,75.0,0.47558385169297634,125,-25.0,-85.0,-0.2
07:39:10,228.0,11.0,231.64,44.0,225.0,11.0,232.64,44.0,229.82,3.6399999999999864,22.0,88.0,0.8845620385203206,110,-66.0,-15.0,-0.6
07:39:11,228.0,9.0,229.89,36.0,225.0,9.0,232.0,36.0,228.94,1.8899999999999864,18.0,72.0,1.2652549150236074,90,-54.0,-20.0,-0.6
07:39:12,226.2,15.0,228.54,52.0,223.24,51.0,230.58,59.0,227.37,2.3400000000000034,66.0,111.0,1.6468363610242827,177,-45.0,87.0,-0.25
07:39:13,225.0,16.0,227.88,48.0,223.0,80.0,229.0,64.0,226.44,2.8799999999999955,96.0,112.0,1.7595823368038392,208,-16.0,31.0,-0.08
07:39:14,223.15,26.0,226.84,25.0,220.75,40.0,228.81,31.0,225.0,3.6899999999999977,66.0,56.0,1.9264942252683808,122,10.0,-86.0,0.08
07:39:15,222.02,46.0,225.21,34.0,219.62,72.0,228.02,41.0,223.61,3.1899999999999977,118.0,75.0,2.064962469390865,193,43.0,71.0,0.22
07:39:16,220.0,70.0,223.4,40.0,219.0,126.0,225.74,43.0,221.7,3.4000000000000057,196.0,83.0,2.255976506968392,279,113.0,86.0,0.41
07:39:17,220.0,54.0,221.44,36.0,219.0,126.0,224.27,44.0,220.72,1.4399999999999977,180.0,80.0,2.3384781375915735,260,100.0,-19.0,0.38
07:39:18,219.03,66.0,227.2,20.0,215.42,170.0,229.5,20.0,223.12,8.169999999999987,236.0,40.0,1.6681127060225835,276,196.0,16.0,0.71
07:39:19,221.77,22.0,228.0,10.0,217.48,44.0,229.0,10.0,224.89,6.22999999999999,66.0,20.0,1.6326879677372441,86,46.0,-174.5,0.53
07:39:20,224.0,48.0,227.08,12.0,222.0,12.0,229.0,12.0,225.54,3.0800000000000125,60.0,24.0,2.045624598990204,84,36.0,-2.0,0.43
07:39:21,224.84,62.0,228.67,12.0,222.0,12.0,229.98,45.0,226.75,3.829999999999984,74.0,57.0,2.3479203563991473,131,17.0,47.0,0.13
07:39:22,225.7,47.0,228.4,20.0,224.7,50.0,229.64,50.0,227.05,2.700000000000017,97.0,70.0,1.581028146489841,167,27.0,36.0,0.16
07:39:23,224.67,45.0,227.0,42.0,221.2,15.0,228.76,51.0,225.83,2.3300000000000125,60.0,93.0,0.8855619684657403,153,-33.0,-14.0,-0.22
07:39:24,222.0,10.0,226.9,20.0,220.0,10.0,230.0,40.0,224.45,4.900000000000006,20.0,60.0,1.0343016967949694,80,-40.0,-73.0,-0.5
07:39:25,222.38,21.0,226.0,30.0,220.27,15.0,230.0,60.0,224.19,3.6200000000000045,36.0,90.0,1.3013377732137983,126,-54.0,46.0,-0.43
07:39:26,221.71,14.0,223.71,28.0,219.33,18.0,226.41,34.0,222.71,2.0,32.0,62.0,1.656466117973234,94,-30.0,-32.0,-0.32
07:39:27,218.14,29.0,221.19,21.0,215.1,177.0,228.77,39.0,219.66,3.0500000000000114,206.0,60.0,2.3500042553139866,266,146.0,172.0,0.55
07:39:28,218.0,36.0,219.29,21.0,215.0,228.0,231.25,12.0,218.64,1.289999999999992,264.0,33.0,2.647800974392585,297,231.0,31.0,0.78
07:39:29,218.0,21.0,227.67,9.0,215.0,171.0,578.67,27.0,222.83,9.669999999999987,192.0,36.0,2.344041381886088,228,156.0,-69.0,0.68
07:39:30,218.0,14.0,219.0,14.0,215.0,133.0,232.71,7.0,218.5,1.0,147.0,21.0,2.1490160539174292,168,126.0,-60.0,0.75
07:39:31,215.0,266.0,218.4,30.0,167.86,28.0,228.84,25.0,216.7,3.4000000000000057,294.0,55.0,2.2594424090901826,349,239.0,173.5,0.68
07:39:32,215.0,114.0,219.0,12.0,155.88,17.0,229.0,24.0,217.0,4.0,131.0,36.0,2.4487098643970495,167,95.0,-174.5,0.57
07:39:33,215.13,142.0,219.0,20.0,199.34,74.0,226.43,28.0,217.06,3.8700000000000045,216.0,48.0,2.563146503810407,264,168.0,97.0,0.64
07:39:34,218.0,75.0,219.0,30.0,215.55,121.0,227.8,50.0,218.5,1.0,196.0,80.0,0.8760821879228781,276,116.0,12.0,0.42
07:39:35,218.0,30.0,219.0,12.0,215.0,94.0,229.0,24.0,218.5,1.0,124.0,36.0,0.8760821879228781,160,88.0,-116.0,0.55
07:39:36,215.78,27.0,229.0,36.0,213.71,59.0,233.0,9.0,222.39,13.219999999999999,86.0,45.0,2.1951765304857376,131,41.0,-29.0,0.31
07:39:37,216.65,51.0,228.88,68.0,215.79,101.0,231.78,23.0,222.76,12.22999999999999,152.0,91.0,2.566538524938812,243,61.0,112.0,0.25
07:39:38,218.29,62.0,227.07,56.0,216.21,132.0,230.0,56.0,222.68,8.780000000000001,194.0,112.0,2.2553447630007253,306,82.0,63.0,0.27
07:39:39,220.79,38.0,226.0,70.0,219.53,64.0,229.43,28.0,223.39,5.210000000000008,102.0,98.0,1.959497384533719,200,4.0,-106.0,0.02
07:39:40,219.43,63.0,225.04,50.0,216.63,75.0,226.82,17.0,222.23,5.609999999999985,138.0,67.0,0.4462622547272347,205,71.0,5.0,0.35
07:39:41,219.0,84.0,223.53,53.0,216.0,112.0,228.52,62.0,221.26,4.530000000000001,196.0,115.0,0.7899556949565721,311,81.0,106.0,0.26
07:39:42,219.0,60.0,222.73,33.0,216.0,88.0,229.01,71.0,220.86,3.7299999999999898,148.0,104.0,1.031906003468558,252,44.0,-59.0,0.17
07:39:43,219.0,27.0,227.0,32.0,216.0,72.0,256.39,31.0,223.0,8.0,99.0,63.0,1.086586397850824,162,36.0,-90.0,0.22
07:39:44,219.0,36.0,230.0,48.0,216.0,96.0,231.0,24.0,224.5,11.0,132.0,72.0,1.4547852075115264,204,60.0,42.0,0.29
07:39:45,222.53,36.0,228.0,60.0,217.84,58.0,228.93,56.0,225.26,5.469999999999999,94.0,116.0,1.9340320576438474,210,-22.0,6.0,-0.1
07:39:46,223.8,15.0,226.38,52.0,223.46,39.0,228.0,52.0,225.09,2.579999999999984,54.0,104.0,1.840684655228531,158,-50.0,-52.0,-0.32
07:39:47,219.0,27.0,225.89,36.0,217.0,27.0,228.0,36.0,222.44,6.889999999999986,54.0,72.0,1.2691020447519865,126,-18.0,-32.0,-0.14
07:39:48,219.0,18.0,224.0,24.0,217.45,22.0,228.0,34.0,221.5,5.0,40.0,58.0,1.6894140996196911,98,-18.0,-28.0,-0.18
07:39:49,219.0,33.0,221.91,44.0,218.0,55.0,224.8,50.0,220.45,2.9099999999999966,88.0,94.0,2.152224430674967,182,-6.0,84.0,-0.03
07:39:50,218.78,23.0,220.14,28.0,217.91,33.0,223.23,26.0,219.46,1.3599999999999852,56.0,54.0,2.157607471250208,110,2.0,-72.0,0.02
07:39:51,218.0,41.0,219.29,42.0,217.0,27.0,221.2,30.0,218.64,1.289999999999992,68.0,72.0,1.5253917529589973,140,-4.0,30.0,-0.03
07:39:52,217.73,22.0,219.0,30.0,214.86,42.0,221.0,20.0,218.36,1.2700000000000102,64.0,50.0,1.301698889911068,114,14.0,-26.0,0.12
07:39:53,217.0,22.0,219.0,30.0,214.0,90.0,225.0,12.0,218.0,2.0,112.0,42.0,0.9812848719898045,154,70.0,40.0,0.45
07:39:54,217.0,55.0,219.17,41.0,214.0,135.0,250.48,21.0,218.09,2.1699999999999875,190.0,62.0,0.5870264048544009,252,128.0,98.0,0.51
07:39:55,217.0,70.0,226.0,14.0,214.0,210.0,321.07,57.0,221.5,9.0,280.0,71.0,1.4648959007370101,351,209.0,99.0,0.6
07:39:56,217.0,30.0,226.0,6.0,214.0,90.0,356.53,15.0,221.5,9.0,120.0,21.0,1.839646705211582,141,99.0,-174.5,0.7
07:39:57,217.0,40.0,226.0,8.0,214.0,120.0,405.3,20.0,221.5,9.0,160.0,28.0,1.8926489373350708,188,132.0,47.0,0.7
07:39:58,218.33,36.0,226.0,12.0,217.0,82.0,456.47,43.0,222.17,7.6699999999999875,118.0,55.0,1.6259981549790326,173,63.0,-15.0,0.36
07:39:59,218.31,35.0,226.0,12.0,215.57,70.0,445.78,54.0,222.16,7.689999999999998,105.0,66.0,0.3642526595577235,171,39.0,-2.0,0.23
07:40:00,214.2,75.0,219.55,29.0,212.99,213.0,332.22,36.0,216.88,5.350000000000023,288.0,65.0,2.239647293659262,353,223.0,173.5,0.63
07:40:01,213.67,81.0,223.92,12.0,212.86,98.0,480.62,26.0,218.79,10.25,179.0,38.0,2.3650052854053976,217,141.0,-136.0,0.65
07:40:02,211.14,241.0,213.85,39.0,211.75,61.0,224.12,17.0,212.49,2.710000000000008,302.0,56.0,4.052563386302076,358,246.0,141.0,0.69
07:40:03,211.0,102.0,212.0,18.0,210.0,6.0,214.0,6.0,211.5,1.0,108.0,24.0,4.427519621638856,132,84.0,-174.5,0.64
07:40:04,211.02,197.0,212.92,37.0,210.57,28.0,219.0,13.0,211.97,1.8999999999999773,225.0,50.0,3.292344149690001,275,175.0,143.0,0.64
07:40:05,211.06,216.0,276.88,42.0,210.71,45.0,320.82,45.0,243.97,65.82,261.0,87.0,13.863876802683864,348,174.0,73.0,0.5
07:40:06,211.0,104.0,223.43,35.0,210.0,10.0,271.66,44.0,217.21,12.430000000000007,114.0,79.0,13.908990617582422,193,35.0,-155.0,0.18
07:40:07,210.18,11.0,219.9,50.0,208.11,19.0,224.0,70.0,215.04,9.719999999999999,30.0,120.0,13.635049321509463,150,-90.0,-43.0,-0.6
07:40:08,213.2,25.0,218.7,50.0,208.67,15.0,223.2,20.0,215.95,5.5,40.0,70.0,13.080539744215272,110,-30.0,-40.0,-0.27
07:40:09,214.75,32.0,218.0,55.0,213.31,29.0,223.91,22.0,216.38,3.25,61.0,77.0,12.468289778473832,138,-16.0,28.0,-0.12
07:40:10,213.57,28.0,216.97,35.0,213.05,21.0,222.2,20.0,215.27,3.4000000000000057,49.0,55.0,0.8747856880386073,104,-6.0,-34.0,-0.06
07:40:11,211.0,52.0,212.0,39.0,209.02,46.0,218.0,39.0,211.5,1.0,98.0,78.0,1.9354250179217924,176,20.0,72.0,0.11
07:40:12,211.0,44.0,212.0,73.0,209.0,55.0,216.55,33.0,211.5,1.0,99.0,106.0,2.4242421496207482,205,-7.0,29.0,-0.03
07:40:13,211.0,24.0,212.0,41.0,209.0,30.0,216.0,18.0,211.5,1.0,54.0,59.0,2.4011872063623403,113,-5.0,-92.0,-0.04
07:40:14,211.0,28.0,212.0,42.0,209.0,35.0,216.0,26.0,211.5,1.0,63.0,68.0,1.6859952550344184,131,-5.0,18.0,-0.04
07:40:15,209.7,46.0,211.89,35.0,208.54,26.0,214.82,68.0,210.79,2.1899999999999977,72.0,103.0,0.31752165280326156,175,-31.0,44.0,-0.18
07:40:16,209.0,75.0,212.0,38.0,206.74,27.0,215.59,54.0,210.5,3.0,102.0,92.0,0.4793954526265261,194,10.0,19.0,0.05
07:40:17,209.0,30.0,212.5,12.0,207.0,12.0,215.44,18.0,210.75,3.5,42.0,30.0,0.462676993159428,72,12.0,-122.0,0.17
07:40:18,209.0,30.0,215.8,30.0,207.0,12.0,216.39,33.0,212.4,6.800000000000011,42.0,63.0,0.772961836055948,105,-21.0,33.0,-0.2
07:40:19,209.0,45.0,215.98,65.0,207.0,18.0,217.33,24.0,212.49,6.97999999999999,63.0,89.0,0.9736169678055737,152,-26.0,47.0,-0.17
07:40:20,209.0,40.0,215.0,8.0,207.0,16.0,216.0,64.0,212.0,6.0,56.0,72.0,0.9381737578928734,128,-16.0,-24.0,-0.12
07:40:21,209.0,60.0,213.17,24.0,207.0,24.0,215.84,61.0,211.08,4.1699999999999875,84.0,85.0,0.7876103097336881,169,-1.0,41.0,-0.01
07:40:22,209.29,49.0,211.0,27.0,207.83,24.0,214.0,9.0,210.14,1.710000000000008,73.0,36.0,0.9989594586362573,109,37.0,-60.0,0.34
07:40:23,209.88,73.0,212.2,20.0,208.27,44.0,215.88,68.0,211.04,2.319999999999993,117.0,88.0,0.9158602513478384,205,29.0,96.0,0.14
07:40:24,211.5,52.0,215.48,52.0,208.51,57.0,216.22,83.0,213.49,3.9799999999999898,109.0,135.0,1.2683847996561866,244,-26.0,39.0,-0.11
07:40:25,208.53,17.0,216.0,56.0,206.12,32.0,218.0,14.0,212.26,7.469999999999999,49.0,70.0,1.2964644229591646,119,-21.0,-125.0,-0.18
07:40:26,211.38,48.0,216.0,118.0,209.92,50.0,218.0,32.0,213.69,4.6200000000000045,98.0,150.0,1.5368897162772133,248,-52.0,129.0,-0.21
07:40:27,212.3,30.0,216.0,70.0,211.3,30.0,218.0,20.0,214.15,3.6999999999999886,60.0,90.0,1.2649624500349277,150,-30.0,-98.0,-0.2
07:40:28,213.39,28.0,216.0,70.0,212.0,30.0,218.0,20.0,214.7,2.6100000000000136,58.0,90.0,0.9098736175964897,148,-32.0,-2.0,-0.22
07:40:29,215.0,10.0,216.0,40.0,206.0,90.0,218.0,20.0,215.5,1.0,100.0,60.0,1.211218394839676,160,40.0,12.0,0.25
07:40:30,206.0,63.0,216.0,21.0,203.0,42.0,218.0,14.0,211.0,10.0,105.0,35.0,1.7083822757211238,140,70.0,-20.0,0.5
07:40:31,206.25,48.0,216.0,30.0,203.89,74.0,218.0,20.0,211.12,9.75,122.0,50.0,2.095514256691724,172,72.0,32.0,0.42
07:40:32,207.0,26.0,212.61,59.0,206.0,169.0,216.33,36.0,209.81,5.610000000000014,195.0,95.0,2.5101354545120853,290,100.0,118.0,0.34
07:40:33,207.0,20.0,212.0,50.0,206.0,130.0,216.0,30.0,209.5,5.0,150.0,80.0,2.407567236859439,230,70.0,-60.0,0.3
07:40:34,207.0,18.0,212.0,45.0,206.0,117.0,216.0,27.0,209.5,5.0,135.0,72.0,0.8089375748470506,207,63.0,-23.0,0.3
07:40:35,207.0,20.0,212.0,18.0,206.0,130.0,216.0,30.0,209.5,5.0,150.0,48.0,0.7027659638880771,198,102.0,-9.0,0.52
07:40:36,207.0,39.0,212.0,7.0,206.0,91.0,216.0,21.0,209.5,5.0,130.0,28.0,0.13863621460369346,158,102.0,-40.0,0.65
07:40:37,207.0,42.0,212.0,6.0,206.0,78.0,216.0,18.0,209.5,5.0,120.0,24.0,0.0,144,96.0,-14.0,0.67
07:40:38,207.0,70.0,215.69,26.0,206.0,130.0,216.92,78.0,211.35,8.689999999999998,200.0,104.0,0.8273451516746355,304,96.0,160.0,0.32
07:40:39,207.0,92.0,216.0,42.0,206.0,182.0,217.0,106.0,211.5,9.0,274.0,148.0,1.0556988206867428,422,126.0,118.0,0.3
07:40:40,208.3,76.0,216.87,114.0,206.35,88.0,217.49,89.0,212.59,8.569999999999993,164.0,203.0,1.3544260777167303,367,-39.0,-55.0,-0.11
07:40:41,209.64,70.0,217.0,139.0,209.3,30.0,218.0,60.0,213.32,7.360000000000014,100.0,199.0,1.449782742344107,299,-99.0,-68.0,-0.33
07:40:42,214.42,84.0,216.45,131.0,212.37,19.0,217.27,131.0,215.43,2.030000000000001,103.0,262.0,1.6595692212132451,365,-159.0,66.0,-0.44
07:40:43,214.3,37.0,216.69,39.0,208.69,55.0,217.51,70.0,215.49,2.3899999999999864,92.0,109.0,1.7612296840554325,201,-17.0,-164.0,-0.08
07:40:44,216.02,65.0,220.74,54.0,213.31,52.0,221.86,74.0,218.38,4.719999999999999,117.0,128.0,2.262248881090984,245,-11.0,44.0,-0.04
07:40:45,218.4,60.0,222.59,59.0,216.4,90.0,223.93,75.0,220.5,4.189999999999998,150.0,134.0,2.816687771123517,284,16.0,39.0,0.06
07:40:46,219.36,58.0,223.0,68.0,217.75,96.0,225.0,100.0,221.18,3.6399999999999864,154.0,168.0,2.702763400669044,322,-14.0,38.0,-0.04
07:40:47,218.0,84.0,220.42,52.0,212.0,42.0,221.67,27.0,219.21,2.4199999999999875,126.0,79.0,2.221456729264782,205,47.0,-117.0,0.23
07:40:48,218.0,60.0,223.0,10.0,211.8,30.0,225.41,34.0,220.5,5.0,90.0,44.0,1.1325104856006263,134,46.0,-71.0,0.34
07:40:49,218.0,54.0,226.46,13.0,214.73,111.0,234.23,26.0,222.23,8.460000000000008,165.0,39.0,1.1032361487890996,204,126.0,70.0,0.62
07:40:50,218.5,42.0,232.0,55.0,216.22,54.0,304.5,40.0,225.25,13.5,96.0,95.0,2.2798311340962463,191,1.0,-13.0,0.01
07:40:51,216.88,59.0,224.55,29.0,209.43,69.0,235.26,62.0,220.72,7.670000000000016,128.0,91.0,2.313778295341759,219,37.0,28.0,0.17
07:40:52,212.0,33.0,223.0,22.0,209.0,143.0,232.0,55.0,217.5,11.0,176.0,77.0,2.8224900354110707,253,99.0,34.0,0.39
07:40:53,216.0,30.0,223.0,24.0,210.19,96.0,232.0,60.0,219.5,7.0,126.0,84.0,2.9217203836087537,210,42.0,-43.0,0.2
07:40:54,222.0,20.0,223.0,20.0,214.0,30.0,232.0,50.0,222.5,1.0,50.0,70.0,2.9515555220925225,120,-20.0,-90.0,-0.17
07:40:55,222.0,26.0,223.0,26.0,214.0,39.0,232.0,65.0,222.5,1.0,65.0,91.0,2.123600715764414,156,-26.0,36.0,-0.17
07:40:56,222.0,20.0,223.0,20.0,214.0,30.0,232.0,50.0,222.5,1.0,50.0,70.0,2.302172886643176,120,-20.0,-36.0,-0.17
07:40:57,215.14,28.0,222.69,13.0,213.16,38.0,231.57,42.0,218.92,7.550000000000011,66.0,55.0,1.813637229435605,121,11.0,1.0,0.09
07:40:58,214.0,30.0,217.28,29.0,213.0,40.0,221.31,16.0,215.64,3.280000000000001,70.0,45.0,3.085339527506695,115,25.0,-6.0,0.22
07:40:59,215.63,110.0,255.38,52.0,214.02,51.0,323.44,34.0,235.51,39.75,161.0,86.0,7.5467728202188535,247,75.0,132.0,0.3
07:41:00,217.58,48.0,226.53,85.0,215.83,143.0,379.64,74.0,222.06,8.949999999999989,191.0,159.0,7.556823406696365,350,32.0,103.0,0.09
07:41:01,216.55,77.0,225.0,55.0,214.31,26.0,228.0,55.0,220.77,8.449999999999989,103.0,110.0,7.6205413193548255,213,-7.0,-137.0,-0.03
07:41:02,218.43,110.0,224.42,112.0,213.86,70.0,226.08,97.0,221.42,5.989999999999981,180.0,209.0,7.399165493486003,389,-29.0,173.5,-0.07
07:41:03,219.73,30.0,222.8,75.0,214.33,15.0,225.0,60.0,221.27,3.0700000000000216,45.0,135.0,6.335884310811985,180,-90.0,-174.5,-0.5
07:41:04,217.59,22.0,221.97,62.0,212.7,44.0,224.48,58.0,219.78,4.3799999999999955,66.0,120.0,0.8509112762178865,186,-54.0,6.0,-0.29
07:41:05,217.95,21.0,221.15,54.0,216.53,15.0,224.67,48.0,219.55,3.200000000000017,36.0,102.0,0.853855959746677,138,-66.0,-48.0,-0.48
07:41:06,212.4,97.0,220.62,32.0,211.54,63.0,224.2,50.0,216.51,8.219999999999999,160.0,82.0,1.9766208538804844,242,78.0,104.0,0.32
07:41:07,214.45,20.0,219.93,14.0,212.55,77.0,229.0,14.0,217.19,5.480000000000018,97.0,28.0,1.9648155129669331,125,69.0,-117.0,0.55
07:41:08,217.25,12.0,226.42,12.0,210.49,53.0,283.67,24.0,221.83,9.169999999999987,65.0,36.0,2.144299419389813,101,29.0,-24.0,0.29
07:41:09,219.27,11.0,229.0,11.0,211.36,47.0,357.0,11.0,224.14,9.72999999999999,58.0,22.0,3.1876919550036837,80,36.0,-21.0,0.45
07:41:10,220.38,13.0,226.17,53.0,211.96,49.0,258.54,13.0,223.28,5.789999999999992,62.0,66.0,3.5207456596571993,128,-4.0,48.0,-0.03
07:41:11,221.0,9.0,226.0,45.0,215.67,18.0,229.0,9.0,223.5,5.0,27.0,54.0,2.812129086652063,81,-27.0,-47.0,-0.33
07:41:12,221.0,10.0,224.79,19.0,217.0,40.0,225.62,21.0,222.89,3.789999999999992,50.0,40.0,0.85543556156746,90,10.0,9.0,0.11
07:41:13,217.8,35.0,222.0,21.0,216.6,35.0,225.65,34.0,219.9,4.199999999999989,70.0,55.0,1.6520653740074382,125,15.0,35.0,0.12
07:41:14,217.03,29.0,220.1,10.0,215.73,11.0,221.82,11.0,218.57,3.069999999999993,40.0,21.0,2.2451881881024227,61,19.0,-64.0,0.31
07:41:15,217.57,7.0,219.25,8.0,216.05,19.0,220.46,13.0,218.41,1.6800000000000068,26.0,21.0,2.400339559311321,47,5.0,-14.0,0.11
07:41:16,215.0,13.0,220.75,24.0,214.0,52.0,230.29,45.0,217.88,5.75,65.0,69.0,2.020210385082482,134,-4.0,87.0,-0.03
07:41:17,228.0,7.0,229.0,7.0,214.33,15.0,290.0,7.0,228.5,1.0,22.0,14.0,4.449771904265976,36,8.0,-98.0,0.22
07:41:18,228.0,10.0,229.0,10.0,214.0,49.0,290.0,10.0,228.5,1.0,59.0,20.0,5.599899106233472,79,39.0,43.0,0.49
07:41:19,214.19,75.0,218.85,39.0,212.22,37.0,231.52,33.0,216.52,4.659999999999997,112.0,72.0,6.008029627090274,184,40.0,105.0,0.22
07:41:20,214.0,69.0,216.0,32.0,212.0,27.0,225.0,36.0,215.0,2.0,96.0,68.0,6.669197852815187,164,28.0,-20.0,0.17
07:41:21,214.03,68.0,218.33,18.0,212.53,45.0,224.36,47.0,216.18,4.300000000000011,113.0,65.0,6.924319461145244,178,48.0,14.0,0.27
07:41:22,214.0,78.0,218.33,45.0,211.2,50.0,223.17,46.0,216.17,4.3300000000000125,128.0,91.0,5.634232867036597,219,37.0,41.0,0.17
07:41:23,212.0,40.0,217.61,33.0,209.76,21.0,223.12,58.0,214.8,5.610000000000014,61.0,91.0,0.7774831187853372,152,-30.0,-67.0,-0.2
07:41:24,210.92,49.0,212.0,64.0,209.77,64.0,219.7,54.0,211.46,1.0800000000000125,113.0,118.0,1.9330338848546986,231,-5.0,79.0,-0.02
07:41:25,211.0,33.0,212.0,11.0,209.21,53.0,214.0,22.0,211.5,1.0,86.0,33.0,2.387492408364191,119,53.0,-112.0,0.45
07:41:26,212.81,31.0,219.87,61.0,209.66,62.0,221.61,62.0,216.34,7.060000000000002,93.0,123.0,2.4244339545544698,216,-30.0,97.0,-0.14
07:41:27,219.0,15.0,220.0,105.0,210.4,45.0,221.93,75.0,219.5,1.0,60.0,180.0,3.4086360908721907,240,-120.0,24.0,-0.5
07:41:28,210.62,29.0,219.81,42.0,208.8,15.0,220.69,51.0,215.22,9.189999999999998,44.0,93.0,3.4162669684900835,137,-49.0,-103.0,-0.36
07:41:29,210.0,27.0,219.17,36.0,208.0,9.0,220.88,40.0,214.58,9.169999999999987,36.0,76.0,2.8984685611536745,112,-40.0,-25.0,-0.36
07:41:30,210.0,39.0,218.34,86.0,208.0,13.0,219.67,67.0,214.17,8.340000000000003,52.0,153.0,2.140798916291784,205,-101.0,93.0,-0.49
07:41:31,210.0,30.0,218.0,67.0,208.0,10.0,219.5,40.0,214.0,8.0,40.0,107.0,2.2882045363114374,147,-67.0,-58.0,-0.46
07:41:32,210.0,24.0,217.24,37.0,208.0,8.0,219.66,59.0,213.62,7.240000000000009,32.0,96.0,0.6108354933995392,128,-64.0,-19.0,-0.5
07:41:33,210.0,33.0,216.09,44.0,208.0,11.0,220.0,139.0,213.05,6.090000000000003,44.0,183.0,0.5798534297534378,227,-139.0,99.0,-0.61
07:41:34,210.4,55.0,215.66,58.0,208.71,17.0,219.34,94.0,213.03,5.259999999999991,72.0,152.0,0.5266213060605734,224,-80.0,-3.0,-0.36
07:41:35,211.33,165.0,214.27,60.0,209.73,37.0,215.83,46.0,212.8,2.9399999999999977,202.0,106.0,0.4944188507703238,308,96.0,84.0,0.31
07:41:36,209.35,98.0,213.94,64.0,206.36,28.0,215.84,49.0,211.64,4.590000000000003,126.0,113.0,0.7296368959950136,239,13.0,-69.0,0.05
07:41:37,210.17,54.0,214.0,45.0,208.04,55.0,216.0,36.0,212.08,3.8300000000000125,109.0,81.0,0.6299603162083602,190,28.0,-49.0,0.15
07:41:38,211.89,126.0,214.0,54.0,204.0,39.0,216.0,54.0,212.94,2.1100000000000136,165.0,108.0,0.6083748844235263,273,57.0,83.0,0.21
07:41:39,208.29,34.0,215.67,36.0,201.36,44.0,216.87,46.0,211.98,7.3799999999999955,78.0,82.0,0.5579605720814105,160,-4.0,-113.0,-0.03
07:41:40,205.43,28.0,216.75,24.0,201.63,38.0,217.53,17.0,211.09,11.319999999999993,66.0,41.0,0.6770376651247302,107,25.0,-53.0,0.23
07:41:41,207.31,52.0,217.0,26.0,205.0,26.0,218.0,13.0,212.15,9.689999999999998,78.0,39.0,0.6575484772984435,117,39.0,10.0,0.33
07:41:42,209.05,42.0,214.78,54.0,207.82,51.0,217.3,23.0,211.91,5.72999999999999,93.0,77.0,0.6598711995514857,170,16.0,53.0,0.09
07:41:43,213.52,62.0,216.37,38.0,211.45,40.0,217.79,19.0,214.94,2.8499999999999943,102.0,57.0,1.470180261055538,159,45.0,-11.0,0.28
07:41:44,216.56,18.0,217.54,13.0,215.33,15.0,218.82,17.0,217.05,0.9799999999999898,33.0,30.0,2.490425666426698,63,3.0,-96.0,0.05
07:41:45,216.4,15.0,219.52,21.0,207.9,30.0,221.14,42.0,217.96,3.1200000000000045,45.0,63.0,2.7587261553108555,108,-18.0,45.0,-0.17
07:41:46,212.3,20.0,221.68,38.0,207.45,33.0,227.38,52.0,216.99,9.379999999999995,53.0,90.0,2.4244277675352133,143,-37.0,35.0,-0.26
07:41:47,212.39,23.0,223.8,60.0,208.77,39.0,404.11,56.0,218.1,11.410000000000025,62.0,116.0,1.262683650007075,178,-54.0,35.0,-0.3
07:41:48,214.21,14.0,221.0,28.0,212.18,33.0,224.5,56.0,217.61,6.789999999999992,47.0,84.0,0.5092838108510245,131,-37.0,-47.0,-0.28
07:41:49,216.33,18.0,221.0,28.0,215.56,32.0,225.0,56.0,218.67,4.6699999999999875,50.0,84.0,0.6210716544769872,134,-34.0,3.0,-0.25
07:41:50,219.98,55.0,222.9,42.0,218.19,32.0,232.88,59.0,221.44,2.920000000000016,87.0,101.0,1.7237662254477724,188,-14.0,54.0,-0.07
07:41:51,221.37,35.0,225.0,56.0,219.03,35.0,278.15,39.0,223.19,3.6299999999999955,70.0,95.0,2.4054459046076966,165,-25.0,-23.0,-0.15
07:41:52,223.0,12.0,224.21,57.0,222.0,12.0,258.86,42.0,223.61,1.210000000000008,24.0,99.0,2.6775324461140553,123,-75.0,-42.0,-0.61
07:41:53,222.44,18.0,224.8,75.0,221.18,28.0,259.03,69.0,223.62,2.3600000000000136,46.0,144.0,2.120077828758432,190,-98.0,67.0,-0.52
07:41:54,221.0,24.0,227.0,36.0,215.0,9.0,308.78,45.0,224.0,6.0,33.0,81.0,1.0097375896700123,114,-48.0,-76.0,-0.42
07:41:55,222.87,30.0,226.67,60.0,219.39,38.0,299.2,66.0,224.77,3.799999999999983,68.0,126.0,0.5946175241214525,194,-58.0,80.0,-0.3
07:41:56,222.0,48.0,224.77,56.0,214.0,23.0,226.31,52.0,223.38,2.7700000000000102,71.0,108.0,0.5470191952686017,179,-37.0,-15.0,-0.21
07:41:57,222.0,52.0,223.41,59.0,213.73,15.0,226.19,48.0,222.7,1.4099999999999966,67.0,107.0,0.7654279848505511,174,-40.0,-5.0,-0.23
07:41:58,221.18,33.0,227.15,39.0,217.0,18.0,264.77,39.0,224.17,5.969999999999999,51.0,78.0,0.7912205760673444,129,-27.0,-45.0,-0.21
07:41:59,214.74,23.0,229.77,52.0,212.75,12.0,329.9,40.0,222.25,15.030000000000001,35.0,92.0,1.032971442002363,127,-57.0,-2.0,-0.45
07:42:00,215.15,26.0,219.0,39.0,213.0,26.0,233.0,65.0,217.08,3.8499999999999943,52.0,104.0,2.7989694532082403,156,-52.0,29.0,-0.33
07:42:01,216.0,14.0,219.0,21.0,213.0,14.0,232.0,35.0,217.5,3.0,28.0,56.0,3.231864786774523,84,-28.0,-72.0,-0.33
07:42:02,216.91,22.0,218.36,25.0,213.0,22.0,224.0,39.0,217.63,1.450000000000017,44.0,64.0,3.258424465902713,108,-20.0,24.0,-0.19
07:42:03,215.0,8.0,219.33,6.0,210.14,14.0,229.5,12.0,217.17,4.3300000000000125,22.0,18.0,2.205295898511977,40,4.0,-68.0,0.1
07:42:04,213.23,13.0,222.0,8.0,209.77,31.0,231.0,40.0,217.62,8.77000000000001,44.0,48.0,0.2581666128568945,92,-4.0,52.0,-0.04
07:42:05,212.35,23.0,214.85,52.0,211.07,28.0,216.46,26.0,213.6,2.5,51.0,78.0,1.7451446931398507,129,-27.0,37.0,-0.21
07:42:06,211.26,38.0,214.78,36.0,209.53,34.0,219.33,18.0,213.02,3.5200000000000102,72.0,54.0,2.297078579412197,126,18.0,-3.0,0.14
07:42:07,211.5,26.0,216.0,18.0,208.59,27.0,222.0,9.0,213.75,4.5,53.0,27.0,2.1800848607323813,80,26.0,-46.0,0.33
07:42:08,212.47,45.0,216.0,30.0,207.12,32.0,224.0,15.0,214.23,3.530000000000001,77.0,45.0,1.8271918344811748,122,32.0,42.0,0.26
07:42:09,213.0,27.0,216.0,18.0,205.5,32.0,224.0,9.0,214.5,3.0,59.0,27.0,0.5752825392751167,86,32.0,-36.0,0.37
07:42:10,213.0,39.0,216.0,26.0,207.0,104.0,221.16,19.0,214.5,3.0,143.0,45.0,0.627654363479435,188,98.0,102.0,0.52
07:42:11,213.67,36.0,216.0,24.0,206.92,96.0,218.0,36.0,214.83,2.3300000000000125,132.0,60.0,0.4028275065020759,192,72.0,4.0,0.38
07:42:12,207.4,86.0,217.41,34.0,205.41,88.0,221.69,39.0,212.4,10.009999999999991,174.0,73.0,0.9694689267814314,247,101.0,55.0,0.41
07:42:13,205.0,121.0,218.85,26.0,204.0,36.0,229.12,25.0,211.92,13.849999999999994,157.0,51.0,1.3593012911032105,208,106.0,-39.0,0.51
07:42:14,206.25,269.0,213.86,102.0,204.9,196.0,228.76,62.0,210.06,7.610000000000014,465.0,164.0,1.9644388511722715,629,301.0,173.5,0.48
07:42:15,208.29,63.0,221.0,21.0,206.33,72.0,225.0,14.0,214.64,12.710000000000008,135.0,35.0,1.9964969321276251,170,100.0,-174.5,0.59
07:42:16,211.95,160.0,221.0,51.0,210.88,120.0,225.0,34.0,216.47,9.050000000000011,280.0,85.0,2.4926130867013727,365,195.0,173.5,0.53
07:42:17,216.78,98.0,220.78,50.0,214.86,100.0,223.97,35.0,218.78,4.0,198.0,85.0,3.4824388006100992,283,113.0,-82.0,0.4
07:42:18,218.3,120.0,220.0,38.0,217.82,117.0,221.0,45.0,219.15,1.6999999999999886,237.0,83.0,3.7028029923281656,320,154.0,37.0,0.48
07:42:19,218.21,152.0,220.79,38.0,212.87,134.0,222.88,32.0,219.5,2.579999999999984,286.0,70.0,2.084770970632994,356,216.0,36.0,0.61
07:42:20,218.87,186.0,220.58,52.0,208.72,114.0,222.13,53.0,219.72,1.710000000000008,300.0,105.0,1.30951517745836,405,195.0,49.0,0.48
07:42:21,219.0,36.0,222.0,12.0,208.0,30.0,254.0,18.0,220.5,3.0,66.0,30.0,0.6489992295786369,96,36.0,-174.5,0.38
07:42:22,223.0,170.0,224.0,28.0,219.0,84.0,291.29,70.0,223.5,1.0,254.0,98.0,1.762634392037526,352,156.0,173.5,0.44
07:42:23,223.08,99.0,226.81,32.0,221.21,94.0,386.02,45.0,224.95,3.7299999999999898,193.0,77.0,2.4485260872601033,270,116.0,-82.0,0.43
07:42:24,223.0,104.0,227.0,24.0,219.0,48.0,355.0,34.0,225.0,4.0,152.0,58.0,2.4853128575680556,210,94.0,-60.0,0.45
07:42:25,223.0,125.0,226.56,18.0,219.0,60.0,288.06,36.0,224.78,3.5600000000000023,185.0,54.0,1.9162672047480591,239,131.0,29.0,0.55
07:42:26,225.83,140.0,228.85,39.0,222.76,102.0,435.55,62.0,227.34,3.019999999999982,242.0,101.0,1.3884811846016178,343,141.0,104.0,0.41
07:42:27,226.0,154.0,233.0,42.0,225.0,14.0,491.83,66.0,229.5,7.0,168.0,108.0,2.0702367014408156,276,60.0,-67.0,0.22
07:42:28,226.0,132.0,233.0,36.0,225.0,12.0,445.51,51.0,229.5,7.0,144.0,87.0,2.3072234395464246,231,57.0,-45.0,0.25
07:42:29,226.0,86.0,231.93,30.0,225.0,11.0,356.2,35.0,228.97,5.930000000000007,97.0,65.0,2.015147637269373,162,32.0,-69.0,0.2
07:42:30,226.0,28.0,228.0,20.0,225.0,10.0,231.0,40.0,227.0,2.0,38.0,60.0,1.205122400419256,98,-22.0,-64.0,-0.22
07:42:31,226.0,20.0,227.3,20.0,225.0,10.0,233.13,31.0,226.65,1.3000000000000114,30.0,51.0,1.3909097742097725,81,-21.0,-17.0,-0.26
07:42:32,223.26,43.0,227.0,18.0,222.23,39.0,234.0,27.0,225.13,3.740000000000009,82.0,45.0,1.7845027318534383,127,37.0,46.0,0.29
07:42:33,224.2,50.0,226.78,23.0,223.0,70.0,233.52,29.0,225.49,2.5800000000000125,120.0,52.0,1.5133472833399717,172,68.0,45.0,0.4
07:42:34,223.75,101.0,229.29,68.0,222.45,76.0,275.95,42.0,226.52,5.539999999999992,177.0,110.0,0.8039091988480637,287,67.0,115.0,0.23
07:42:35,223.0,45.0,229.0,8.0,220.0,10.0,234.12,25.0,226.0,6.0,55.0,33.0,0.6521272881827261,88,22.0,-174.5,0.25
07:42:36,223.0,72.0,224.0,8.0,220.0,16.0,233.37,38.0,223.5,1.0,88.0,46.0,1.1488559526731772,134,42.0,46.0,0.31
07:42:37,223.0,83.0,224.0,10.0,220.0,20.0,233.0,40.0,223.5,1.0,103.0,50.0,1.4186683897206658,153,53.0,19.0,0.35
07:42:38,222.11,27.0,224.0,11.0,219.47,30.0,233.0,44.0,223.06,1.8899999999999864,57.0,55.0,1.6126623949211056,112,2.0,-41.0,0.02
07:42:39,219.57,14.0,224.0,7.0,218.37,19.0,233.0,28.0,221.79,4.430000000000007,33.0,35.0,1.528332424570242,68,-2.0,-44.0,-0.03
07:42:40,219.0,24.0,224.0,12.0,215.0,12.0,233.0,48.0,221.5,5.0,36.0,60.0,0.9582797086408581,96,-24.0,28.0,-0.25
07:42:41,217.4,10.0,232.64,25.0,213.32,19.0,233.82,22.0,225.02,15.23999999999998,29.0,47.0,1.4181607807272072,76,-18.0,-20.0,-0.24
07:42:42,216.0,41.0,233.0,44.0,214.64,11.0,234.0,33.0,224.5,17.0,52.0,77.0,1.5729526375554939,129,-25.0,53.0,-0.19
07:42:43,219.37,38.0,233.0,40.0,217.23,26.0,234.0,30.0,226.18,13.629999999999995,64.0,70.0,2.0599077649236492,134,-6.0,5.0,-0.04
07:42:44,220.0,36.0,233.0,36.0,218.0,27.0,234.0,27.0,226.5,13.0,63.0,63.0,1.987762561271506,126,0.0,-8.0,0.0
07:42:45,218.5,48.0,281.1,52.0,215.71,21.0,373.61,44.0,249.8,62.60000000000002,69.0,96.0,10.875808015958738,165,-27.0,39.0,-0.16
07:42:46,218.0,33.0,233.0,33.0,214.0,11.0,270.67,36.0,225.5,15.0,44.0,69.0,10.818413931810538,113,-25.0,-52.0,-0.22
07:42:47,218.73,30.0,233.0,42.0,218.37,41.0,291.0,44.0,225.87,14.27000000000001,71.0,86.0,10.644538505731111,157,-15.0,44.0,-0.1
07:42:48,221.0,8.0,233.0,24.0,220.0,40.0,234.0,24.0,227.0,12.0,48.0,48.0,10.562138987913022,96,0.0,-61.0,0.0
07:42:49,223.21,28.0,233.0,42.0,220.76,34.0,234.0,42.0,228.11,9.789999999999992,62.0,84.0,10.416709173246236,146,-22.0,50.0,-0.15
07:42:50,223.91,23.0,233.0,33.0,221.59,17.0,234.0,33.0,228.46,9.090000000000003,40.0,66.0,1.3124290456982615,106,-26.0,-40.0,-0.25
07:42:51,221.06,34.0,233.0,72.0,220.1,30.0,234.0,39.0,227.03,11.939999999999998,64.0,111.0,1.025831370154192,175,-47.0,69.0,-0.27
07:42:52,221.0,44.0,230.82,44.0,220.0,11.0,233.0,60.0,225.91,9.819999999999993,55.0,104.0,1.0120128457645308,159,-49.0,-16.0,-0.31
07:42:53,221.0,21.0,230.0,24.0,220.0,6.0,233.0,18.0,225.5,9.0,27.0,42.0,1.3040973889983962,69,-15.0,-90.0,-0.22
07:42:54,221.0,30.0,228.23,52.0,220.0,11.0,229.95,44.0,224.62,7.22999999999999,41.0,96.0,1.4843281308364593,137,-55.0,68.0,-0.4
07:42:55,215.23,132.0,217.7,44.0,144.48,119.0,223.44,45.0,216.47,2.469999999999999,251.0,89.0,4.2461782817014,340,162.0,173.5,0.48
07:42:56,215.33,90.0,221.0,57.0,114.39,76.0,262.69,32.0,218.17,5.6699999999999875,166.0,89.0,4.459891254278838,255,77.0,-85.0,0.3
07:42:57,215.94,96.0,228.82,55.0,194.86,63.0,337.0,33.0,222.38,12.879999999999995,159.0,88.0,3.9646147353800907,247,71.0,-8.0,0.29
07:42:58,216.87,150.0,218.02,57.0,214.8,90.0,222.0,20.0,217.44,1.1500000000000057,240.0,77.0,3.5072396553405345,317,163.0,70.0,0.51
07:42:59,217.81,95.0,224.45,33.0,214.0,108.0,229.82,99.0,221.13,6.639999999999986,203.0,132.0,2.5206685621067435,335,71.0,18.0,0.21
07:43:00,221.41,37.0,229.0,54.0,217.08,36.0,254.38,26.0,225.2,7.590000000000003,73.0,80.0,3.1682534620817604,153,-7.0,-174.5,-0.05
07:43:01,223.29,70.0,229.0,84.0,221.93,14.0,450.32,19.0,226.14,5.710000000000008,84.0,103.0,3.4650281384128574,187,-19.0,34.0,-0.1
07:43:02,224.83,60.0,228.38,48.0,222.89,47.0,253.54,26.0,226.6,3.549999999999983,107.0,74.0,3.9247318379722227,181,33.0,-6.0,0.18
07:43:03,227.92,74.0,230.92,37.0,224.19,59.0,356.53,19.0,229.42,3.0,133.0,56.0,2.9990365119472306,189,77.0,8.0,0.41
07:43:04,229.0,72.0,231.76,34.0,225.0,60.0,381.58,19.0,230.38,2.759999999999991,132.0,53.0,2.231528624058507,185,79.0,-4.0,0.43
07:43:05,229.0,48.0,230.0,16.0,225.33,24.0,232.0,24.0,229.5,1.0,72.0,40.0,1.905129916827816,112,32.0,-73.0,0.29
07:43:06,229.0,66.0,230.0,22.0,227.0,11.0,231.46,26.0,229.5,1.0,77.0,48.0,1.4412494579330368,125,29.0,13.0,0.23
07:43:07,229.0,32.0,230.0,24.0,227.0,12.0,232.0,36.0,229.5,1.0,44.0,60.0,0.40398019752483905,104,-16.0,-21.0,-0.15
07:43:08,229.0,6.0,230.0,12.0,227.0,6.0,232.0,18.0,229.5,1.0,12.0,30.0,0.39354796403005926,42,-18.0,-62.0,-0.43
07:43:09,226.43,14.0,228.3,40.0,225.31,26.0,230.5,24.0,227.36,1.8700000000000045,40.0,64.0,0.957037094365851,104,-24.0,62.0,-0.23
07:43:10,225.0,44.0,228.0,44.0,223.0,66.0,231.87,31.0,226.5,3.0,110.0,75.0,1.4401111068220662,185,35.0,81.0,0.19
07:43:11,225.0,18.0,228.0,26.0,223.0,36.0,232.0,12.0,226.5,3.0,54.0,38.0,1.5270625396467277,92,16.0,-93.0,0.17
07:43:12,225.0,13.0,227.85,52.0,223.0,78.0,232.22,27.0,226.42,2.8499999999999943,91.0,79.0,1.3122804578261287,170,12.0,78.0,0.07
07:43:13,224.2,15.0,226.2,40.0,222.13,69.0,234.0,30.0,225.2,2.0,84.0,70.0,0.7716735060843032,154,14.0,-16.0,0.09
07:43:14,223.12,75.0,225.45,53.0,219.39,183.0,233.84,31.0,224.29,2.329999999999984,258.0,84.0,1.0003599352195724,342,174.0,173.5,0.51
07:43:15,223.0,69.0,233.0,12.0,219.0,130.0,234.0,24.0,228.0,10.0,199.0,36.0,1.4103971071979946,235,163.0,-107.0,0.69
07:43:16,223.0,33.0,231.82,11.0,219.0,99.0,233.0,11.0,227.41,8.819999999999993,132.0,22.0,1.5313490784247847,154,110.0,-81.0,0.71
07:43:17,223.53,45.0,230.21,14.0,219.9,60.0,233.0,14.0,226.87,6.680000000000007,105.0,28.0,1.55583739510028,133,77.0,-21.0,0.58
07:43:18,223.0,42.0,229.93,14.0,222.0,14.0,233.0,14.0,226.46,6.930000000000007,56.0,28.0,1.4181431521508574,84,28.0,-49.0,0.33
07:43:19,227.8,74.0,231.78,18.0,222.98,52.0,235.88,32.0,229.79,3.9799999999999898,126.0,50.0,1.3008189727983286,176,76.0,92.0,0.43
07:43:20,222.91,43.0,232.0,14.0,220.95,20.0,235.0,28.0,227.45,9.090000000000003,63.0,42.0,1.2929733175870757,105,21.0,-71.0,0.2
07:43:21,218.96,28.0,231.04,28.0,217.86,29.0,232.55,11.0,225.0,12.079999999999984,57.0,39.0,1.748579423415555,96,18.0,-9.0,0.19
07:43:22,218.0,8.0,230.71,21.0,216.0,16.0,231.36,14.0,224.36,12.710000000000008,24.0,35.0,2.1502953285519695,59,-11.0,-37.0,-0.19
07:43:23,218.0,68.0,229.42,24.0,216.0,24.0,231.0,42.0,223.71,11.419999999999987,92.0,66.0,2.5189819372104707,158,26.0,99.0,0.16
07:43:24,218.0,62.0,226.19,32.0,216.0,26.0,229.33,57.0,222.09,8.189999999999998,88.0,89.0,1.9622614504681148,177,-1.0,19.0,-0.01
07:43:25,215.69,35.0,224.49,41.0,214.52,61.0,225.81,54.0,220.09,8.800000000000011,96.0,95.0,1.9772076269309236,191,1.0,14.0,0.01
07:43:26,223.29,42.0,226.2,41.0,217.0,58.0,229.53,30.0,224.74,2.9099999999999966,100.0,71.0,1.9155599703464883,171,29.0,-20.0,0.17
07:43:27,224.0,48.0,226.0,36.0,214.5,36.0,231.0,24.0,225.0,2.0,84.0,60.0,2.0462477855806678,144,24.0,-27.0,0.17
07:43:28,224.0,19.0,226.59,32.0,216.29,14.0,306.43,28.0,225.3,2.5900000000000034,33.0,60.0,2.27090950942429,93,-27.0,-51.0,-0.29
07:43:29,218.46,13.0,223.28,47.0,213.64,44.0,226.66,53.0,220.87,4.819999999999993,57.0,100.0,2.5061225029901797,157,-43.0,64.0,-0.27
07:43:30,218.0,6.0,221.71,14.0,214.0,90.0,225.08,26.0,219.86,3.710000000000008,96.0,40.0,2.578542223814411,136,56.0,-21.0,0.41
07:43:31,214.73,127.0,220.0,13.0,213.28,47.0,222.0,39.0,217.37,5.27000000000001,174.0,52.0,3.4158234731897954,226,122.0,90.0,0.54
07:43:32,213.0,150.0,216.8,25.0,212.0,20.0,221.94,32.0,214.9,3.8000000000000114,170.0,57.0,3.9120135480331943,227,113.0,1.0,0.5
07:43:33,214.11,83.0,221.71,28.0,213.63,105.0,226.88,82.0,217.91,7.599999999999994,188.0,110.0,2.3208769894149555,298,78.0,71.0,0.26
07:43:34,217.9,60.0,223.17,24.0,216.5,36.0,226.07,75.0,220.53,5.269999999999982,96.0,99.0,2.2254505161867466,195,-3.0,-103.0,-0.02
07:43:35,220.0,12.0,224.54,26.0,217.36,22.0,226.33,27.0,222.27,4.539999999999992,34.0,53.0,2.8667368208462545,87,-19.0,-108.0,-0.22
07:43:36,222.88,34.0,225.0,12.0,218.5,16.0,228.0,36.0,223.94,2.1200000000000045,50.0,48.0,3.5810263891788385,98,2.0,11.0,0.02
07:43:37,222.92,13.0,224.75,8.0,215.33,63.0,227.84,19.0,223.84,1.8300000000000125,76.0,27.0,2.532542201029364,103,49.0,5.0,0.48
