Time,Bid1_Price,Bid1_Volume,Ask1_Price,Ask1_Volume,Bid2_Price,Bid2_Volume,Ask2_Price,Ask2_Volume,Mid-Price,Bid_Ask_Spread,Market_Depth_Bid,Market_Depth_Ask,Historical_Volatility,Total_volume,Cumulative_Volume_Difference,Total_Volume_Change_Corrected,Order_imbalance
07:30:05,84.46,26.0,109.36,22.0,74.58,45.0,277.57,21.0,96.91,24.900000000000006,71.0,43.0,41.72175847204909,114,28.0,42.0,0.25
07:30:06,108.31,13.0,292.12,16.0,107.67,18.0,494.6,25.0,200.22,183.81,31.0,41.0,73.73793575901077,72,-10.0,-42.0,-0.14
07:30:07,109.25,4.0,280.38,16.0,108.0,12.0,665.38,16.0,194.81,171.13,16.0,32.0,70.69712052127724,48,-16.0,-24.0,-0.33
07:30:08,111.5,18.0,160.0,30.0,110.0,6.0,366.38,26.0,135.75,48.5,24.0,56.0,62.54854418769472,80,-32.0,32.0,-0.4
07:30:09,112.29,21.0,159.29,35.0,110.73,15.0,234.52,31.0,135.79,46.999999999999986,36.0,66.0,43.92373253720588,102,-30.0,22.0,-0.29
07:30:10,113.0,25.0,157.39,41.0,112.0,9.0,192.2,25.0,135.2,44.389999999999986,34.0,66.0,33.97787706729187,100,-32.0,-2.0,-0.32
07:30:11,113.0,8.0,153.61,36.0,112.0,8.0,155.67,12.0,133.31,40.610000000000014,16.0,48.0,26.761328816035995,64,-32.0,-36.0,-0.5
07:30:12,111.03,73.0,148.92,26.0,109.18,17.0,152.79,39.0,129.98,37.889999999999986,90.0,65.0,2.466927238488811,155,25.0,91.0,0.16
07:30:13,111.0,32.0,134.91,32.0,109.0,16.0,143.45,29.0,122.95,23.909999999999997,48.0,61.0,5.262331232448029,109,-13.0,-46.0,-0.12
07:30:14,111.0,28.0,131.84,19.0,109.0,14.0,133.25,32.0,121.42,20.840000000000003,42.0,51.0,6.146533169193676,93,-9.0,-16.0,-0.1
07:30:15,111.0,12.0,129.64,11.0,109.0,6.0,131.67,6.0,120.32,18.639999999999986,18.0,17.0,5.722799140280755,35,1.0,-58.0,0.03
07:30:16,111.0,40.0,127.98,46.0,109.0,20.0,128.69,26.0,119.49,16.980000000000004,60.0,72.0,4.200615431100325,132,-12.0,97.0,-0.09
07:30:17,111.0,36.0,125.08,24.0,109.0,18.0,126.38,21.0,118.04,14.079999999999998,54.0,45.0,1.8666360116525869,99,9.0,-33.0,0.09
07:30:18,111.12,40.0,120.16,45.0,109.94,34.0,122.19,32.0,115.64,9.039999999999992,74.0,77.0,2.2387764515463204,151,-3.0,52.0,-0.02
07:30:19,113.0,15.0,116.73,49.0,111.1,58.0,117.71,48.0,114.87,3.730000000000004,73.0,97.0,2.3681575116529654,170,-24.0,19.0,-0.14
07:30:20,109.33,36.0,113.95,102.0,107.18,72.0,114.87,102.0,111.64,4.6200000000000045,108.0,204.0,3.0305659537450174,312,-96.0,142.0,-0.31
07:30:21,107.0,45.0,112.6,75.0,102.12,67.0,113.87,75.0,109.8,5.599999999999994,112.0,150.0,3.2778682096750877,262,-38.0,-50.0,-0.15
07:30:22,107.0,15.0,109.35,23.0,102.0,25.0,110.45,22.0,108.17,2.3499999999999943,40.0,45.0,3.2063265585399505,85,-5.0,-170.5,-0.06
07:30:23,103.43,63.0,107.86,49.0,98.25,48.0,109.03,58.0,105.64,4.429999999999993,111.0,107.0,3.4929257077697367,218,4.0,133.0,0.02
07:30:24,101.87,71.0,104.33,60.0,94.61,49.0,105.91,22.0,103.1,2.4599999999999937,120.0,82.0,3.37467035427148,202,38.0,-16.0,0.19
07:30:25,88.06,17.0,107.84,19.0,87.93,73.0,110.4,20.0,97.95,19.78,90.0,39.0,4.65800064405308,129,51.0,-73.0,0.4
07:30:26,82.25,36.0,107.33,27.0,44.75,24.0,190.84,32.0,94.79,25.08,60.0,59.0,5.497513074108966,119,1.0,-10.0,0.01
07:30:27,95.35,31.0,105.0,11.0,93.46,13.0,106.0,16.0,100.18,9.650000000000006,44.0,27.0,4.249925881706538,71,17.0,-48.0,0.24
07:30:28,96.27,33.0,102.43,35.0,94.6,15.0,105.21,24.0,99.35,6.160000000000011,48.0,59.0,3.0464782946870237,107,-11.0,36.0,-0.1
07:30:36,99.0,18.0,104.0,35.0,96.0,27.0,105.0,27.0,101.5,5.0,45.0,62.0,1.2645078093863924,107,-17.0,-37.0,-0.16
07:30:37,99.17,24.0,104.0,48.0,95.33,36.0,105.0,36.0,101.58,4.829999999999998,60.0,84.0,1.5890877886382355,144,-24.0,37.0,-0.17
07:30:38,100.0,18.0,104.0,36.0,94.0,27.0,105.0,27.0,102.0,4.0,45.0,63.0,1.627175466874771,108,-18.0,-36.0,-0.17
07:30:39,101.2,20.0,104.0,46.0,95.35,34.0,105.0,34.0,102.6,2.799999999999997,54.0,80.0,1.304875472985491,134,-26.0,26.0,-0.19
07:30:40,98.76,17.0,105.78,36.0,96.16,19.0,180.15,20.0,102.27,7.019999999999996,36.0,56.0,0.4633573135271594,92,-20.0,-42.0,-0.22
07:30:41,97.66,44.0,105.14,21.0,95.12,16.0,106.25,48.0,101.4,7.480000000000004,60.0,69.0,0.4911211663114358,129,-9.0,37.0,-0.07
07:30:42,99.04,23.0,103.12,24.0,97.43,28.0,105.26,19.0,101.08,4.079999999999998,51.0,43.0,0.6234580980299339,94,8.0,-35.0,0.09
07:30:43,100.73,30.0,103.0,27.0,95.62,39.0,104.0,68.0,101.87,2.269999999999996,69.0,95.0,0.6193787209769982,164,-26.0,70.0,-0.16
07:30:44,101.64,25.0,103.0,11.0,97.82,17.0,104.0,66.0,102.32,1.3599999999999994,42.0,77.0,0.5417287143941161,119,-35.0,-45.0,-0.29
07:30:45,101.0,10.0,102.42,12.0,95.0,30.0,103.37,49.0,101.71,1.4200000000000017,40.0,61.0,0.4703509328141076,101,-21.0,-18.0,-0.21
07:30:55,100.0,40.0,102.21,14.0,93.46,104.0,102.9,29.0,101.11,2.2099999999999937,144.0,43.0,1.7397068718606241,187,101.0,-85.0,0.54
07:30:56,93.0,161.0,103.0,14.0,36.14,35.0,104.0,7.0,98.0,10.0,196.0,21.0,1.6631836940034859,217,175.0,30.0,0.81
07:30:57,93.13,95.0,103.0,16.0,81.46,104.0,104.0,8.0,98.06,9.870000000000005,199.0,24.0,1.3494332143530097,223,175.0,6.0,0.78
07:30:58,97.18,22.0,105.0,13.0,93.53,228.0,106.72,39.0,101.09,7.819999999999993,250.0,52.0,1.5842506114876933,302,198.0,79.0,0.66
07:30:59,100.21,29.0,106.0,8.0,98.27,117.0,107.0,32.0,103.1,5.790000000000006,146.0,40.0,2.203626556383623,186,106.0,-116.0,0.57
07:31:00,102.0,58.0,106.0,16.0,100.86,214.0,107.0,64.0,104.0,4.0,272.0,80.0,2.7816002588436675,352,192.0,166.0,0.55
07:31:01,102.84,100.0,106.83,29.0,101.93,81.0,170.6,50.0,104.83,3.989999999999995,181.0,79.0,2.7081968170720465,260,102.0,-92.0,0.39
07:31:02,103.71,45.0,223.92,50.0,103.58,48.0,420.62,52.0,163.82,120.21,93.0,102.0,27.12121992094012,195,-9.0,-65.0,-0.05
07:31:03,111.96,134.0,212.26,23.0,108.56,113.0,320.46,13.0,162.11,100.3,247.0,36.0,32.320687956787054,283,211.0,88.0,0.75
07:31:04,113.0,135.0,201.0,11.0,112.0,126.0,206.72,25.0,157.0,88.0,261.0,36.0,31.082928916046495,297,225.0,14.0,0.76
07:31:05,113.0,114.0,184.32,22.0,112.0,170.0,201.75,24.0,148.66,71.32,284.0,46.0,24.453454357206866,330,238.0,33.0,0.72
07:31:06,113.0,116.0,177.0,63.0,112.0,204.0,200.0,12.0,145.0,64.0,320.0,75.0,8.246733898944452,395,245.0,65.0,0.62
07:31:07,113.0,60.0,176.07,14.0,112.0,170.0,177.5,46.0,144.54,63.06999999999999,230.0,60.0,7.771294615442111,290,170.0,-105.0,0.59
07:31:08,113.0,40.0,155.08,12.0,112.0,136.0,176.89,36.0,134.04,42.08000000000001,176.0,48.0,8.278485368713248,224,128.0,-66.0,0.57
07:31:09,113.0,45.0,139.0,35.0,112.0,153.0,157.0,27.0,126.0,26.0,198.0,62.0,9.374290373142864,260,136.0,36.0,0.52
07:31:10,113.0,30.0,154.0,40.0,112.0,136.0,173.0,8.0,133.5,41.0,166.0,48.0,8.095151635392552,214,118.0,-46.0,0.55
07:31:11,113.0,27.0,144.82,33.0,112.0,153.0,155.73,33.0,128.91,31.819999999999993,180.0,66.0,7.061148631773616,246,114.0,32.0,0.46
07:31:12,113.0,30.0,150.47,15.0,112.0,153.0,153.84,37.0,131.73,37.47,183.0,52.0,3.363707775654454,235,131.0,-11.0,0.56
07:31:13,113.0,13.0,148.71,28.0,112.0,119.0,151.0,7.0,130.86,35.71000000000001,132.0,35.0,2.8710015673973737,167,97.0,-68.0,0.58
07:31:14,113.0,19.0,147.62,52.0,112.0,204.0,322.07,44.0,130.31,34.620000000000005,223.0,96.0,1.7049545448481218,319,127.0,152.0,0.4
07:31:15,112.21,57.0,145.7,37.0,111.83,108.0,147.09,44.0,128.96,33.489999999999995,165.0,81.0,1.2226733005991994,246,84.0,-73.0,0.34
07:31:16,112.34,177.0,142.92,53.0,110.73,52.0,144.62,64.0,127.63,30.579999999999984,229.0,117.0,1.6182614127507655,346,112.0,100.0,0.32
07:31:17,117.0,60.0,138.8,41.0,112.0,150.0,140.31,49.0,127.9,21.80000000000001,210.0,90.0,1.4297797033102722,300,120.0,-46.0,0.4
07:31:18,117.0,72.0,137.0,44.0,112.0,180.0,138.08,59.0,127.0,20.0,252.0,103.0,1.2996730358047355,355,149.0,55.0,0.42
07:31:19,117.0,78.0,131.69,58.0,112.0,195.0,133.19,57.0,124.34,14.689999999999998,273.0,115.0,1.7310632570757654,388,158.0,33.0,0.41
07:31:20,117.0,66.0,126.0,57.0,112.0,66.0,127.86,66.0,121.5,9.0,132.0,123.0,2.726770984149123,255,9.0,-133.0,0.04
07:31:21,115.75,60.0,120.5,60.0,111.78,94.0,121.56,72.0,118.12,4.75,154.0,132.0,4.027718957424582,286,22.0,31.0,0.08
07:31:22,112.0,45.0,115.43,35.0,111.0,63.0,116.29,17.0,113.71,3.430000000000007,108.0,52.0,5.215896854808106,160,56.0,-126.0,0.35
07:31:23,111.56,45.0,113.12,24.0,110.78,55.0,121.5,40.0,112.34,1.5600000000000023,100.0,64.0,5.071973974696317,164,36.0,4.0,0.22
07:31:24,111.0,26.0,112.0,45.0,107.15,26.0,204.71,41.0,111.5,1.0,52.0,86.0,4.2435928174126705,138,-34.0,-26.0,-0.25
07:31:25,109.67,24.0,139.0,32.0,107.62,26.0,262.38,24.0,124.33,29.33,50.0,56.0,5.309731631636054,106,-6.0,-32.0,-0.06
07:31:26,109.0,56.0,182.93,42.0,107.2,30.0,233.38,39.0,145.96,73.93,86.0,81.0,14.584812991601826,167,5.0,61.0,0.03
07:31:27,109.0,40.0,179.7,30.0,108.0,10.0,272.7,30.0,144.35,70.69999999999999,50.0,60.0,16.73601296605611,110,-10.0,-57.0,-0.09
07:31:28,111.09,11.0,176.1,30.0,109.07,30.0,298.78,27.0,143.6,65.00999999999999,41.0,57.0,15.34657518796944,98,-16.0,-12.0,-0.16
07:31:29,111.46,13.0,172.84,49.0,109.0,52.0,173.86,42.0,142.15,61.38000000000001,65.0,91.0,8.909897305805526,156,-26.0,58.0,-0.17
07:31:30,110.55,20.0,170.71,42.0,109.79,38.0,171.86,42.0,140.63,60.16000000000001,58.0,84.0,2.0440327786024373,142,-26.0,-14.0,-0.18
07:31:31,107.25,24.0,169.0,24.0,102.8,10.0,171.0,32.0,138.12,61.75,34.0,56.0,2.4885638428621535,90,-22.0,-52.0,-0.24
07:31:32,106.46,28.0,166.14,37.0,101.75,12.0,167.83,35.0,136.3,59.67999999999999,40.0,72.0,2.9612412937821464,112,-32.0,22.0,-0.29
07:31:33,102.0,12.0,112.91,32.0,101.0,12.0,131.43,35.0,107.45,10.909999999999997,24.0,67.0,14.420660525787282,91,-43.0,-21.0,-0.47
07:31:34,103.75,8.0,105.25,24.0,102.62,8.0,106.1,20.0,104.5,1.5,16.0,44.0,17.829566736182866,60,-28.0,-31.0,-0.47
07:31:35,104.0,9.0,105.72,25.0,102.0,9.0,106.4,15.0,104.86,1.7199999999999989,18.0,40.0,17.360975779028028,58,-22.0,-2.0,-0.38
07:31:36,102.86,7.0,105.0,14.0,80.43,14.0,106.0,21.0,103.93,2.1400000000000006,21.0,35.0,13.980295776556265,56,-14.0,-2.0,-0.25
07:31:37,102.0,5.0,105.0,10.0,75.29,14.0,106.0,15.0,103.5,3.0,19.0,25.0,1.5452734385849272,44,-6.0,-12.0,-0.14
07:31:46,102.0,10.0,105.0,16.0,0.0,0.0,106.0,12.0,103.5,3.0,10.0,28.0,13.842441981095474,38,-18.0,-5.0,-0.47
07:31:47,102.0,35.0,104.79,19.0,57.0,16.0,105.52,21.0,103.39,2.7900000000000063,51.0,40.0,16.6523731041553,91,11.0,53.0,0.12
07:31:48,102.0,15.0,103.0,3.0,63.33,12.0,104.0,3.0,102.5,1.0,27.0,6.0,17.947294225035574,33,21.0,-58.0,0.64
07:31:49,102.0,25.0,105.4,5.0,29.2,20.0,106.82,17.0,103.7,3.4000000000000057,45.0,22.0,15.579877085522718,67,23.0,34.0,0.34
07:31:50,102.0,35.0,106.0,7.0,16.57,28.0,107.0,28.0,104.0,4.0,63.0,35.0,0.5631340870490461,98,28.0,31.0,0.29
07:31:51,102.0,39.0,106.53,15.0,47.89,36.0,129.59,34.0,104.27,4.530000000000001,75.0,49.0,0.683571503206926,124,26.0,26.0,0.21
07:31:52,102.0,44.0,215.43,35.0,63.09,44.0,388.17,29.0,158.71,113.43,88.0,64.0,24.647385865442157,152,24.0,28.0,0.16
07:31:53,111.0,36.0,389.75,12.0,102.0,16.0,517.5,12.0,250.38,278.75,52.0,24.0,63.90505981532292,76,28.0,-76.0,0.37
07:31:54,111.0,45.0,326.6,15.0,104.27,22.0,731.2,15.0,218.8,215.60000000000002,67.0,30.0,66.34751743660046,97,37.0,21.0,0.38
07:31:57,111.04,46.0,271.6,35.0,108.05,42.0,490.97,37.0,191.32,160.56,88.0,72.0,57.96956813708388,160,16.0,-34.0,0.1
07:31:58,111.78,23.0,161.27,55.0,110.54,52.0,452.0,32.0,136.53,49.49000000000001,75.0,87.0,79.67939275622028,162,-12.0,2.0,-0.07
07:31:59,114.0,11.0,158.27,55.0,111.67,15.0,297.81,31.0,136.14,44.27000000000001,26.0,86.0,91.47103109728242,112,-60.0,-50.0,-0.54
07:32:00,114.0,8.0,157.0,40.0,112.0,8.0,301.75,16.0,135.5,43.0,16.0,56.0,65.94225936377974,72,-40.0,-40.0,-0.56
07:32:01,114.84,32.0,155.92,60.0,112.57,21.0,225.5,20.0,135.38,41.079999999999984,53.0,80.0,24.794626030654147,133,-27.0,61.0,-0.2
07:32:02,113.52,77.0,155.0,80.0,112.65,31.0,325.28,29.0,134.26,41.480000000000004,108.0,109.0,0.8664987016663968,217,-1.0,84.0,-0.0
07:32:03,115.29,21.0,268.38,34.0,112.99,109.0,406.62,26.0,191.83,153.08999999999997,130.0,60.0,25.281100055179415,190,70.0,-27.0,0.37
07:32:04,117.0,10.0,194.45,22.0,113.0,90.0,362.75,12.0,155.73,77.44999999999999,100.0,34.0,24.76320758706338,134,66.0,-56.0,0.49
07:32:05,117.0,15.0,269.74,19.0,113.0,137.0,378.46,37.0,193.37,152.74,152.0,56.0,29.117373336205926,208,96.0,74.0,0.46
07:32:06,117.0,9.0,153.0,9.0,113.0,85.0,291.89,27.0,135.0,36.0,94.0,36.0,29.2049613935714,130,58.0,-78.0,0.45
07:32:07,113.09,86.0,129.67,42.0,112.6,30.0,180.33,21.0,121.38,16.579999999999984,116.0,63.0,32.63432196323367,179,53.0,49.0,0.3
07:32:08,114.03,58.0,123.82,17.0,112.96,95.0,125.0,85.0,118.93,9.789999999999992,153.0,102.0,30.79070265518461,255,51.0,76.0,0.2
07:32:09,113.13,60.0,122.67,9.0,112.47,15.0,125.0,45.0,117.9,9.540000000000006,75.0,54.0,32.079576524636224,129,21.0,-126.0,0.16
07:32:10,113.0,99.0,122.0,15.0,112.0,15.0,125.0,75.0,117.5,9.0,114.0,90.0,7.344529937306351,204,24.0,75.0,0.12
07:32:11,113.0,45.0,120.85,40.0,112.0,12.0,121.44,18.0,116.92,7.849999999999994,57.0,58.0,1.755870154649451,115,-1.0,-89.0,-0.01
07:32:12,113.0,10.0,118.33,12.0,112.0,9.0,119.2,15.0,115.67,5.329999999999998,19.0,27.0,1.206536364967309,46,-8.0,-69.0,-0.17
07:32:13,113.0,10.0,115.8,10.0,111.3,30.0,119.0,20.0,114.4,2.799999999999997,40.0,30.0,1.434649783044069,70,10.0,24.0,0.14
07:32:14,112.37,19.0,114.46,13.0,111.25,56.0,117.53,19.0,113.41,2.089999999999989,75.0,32.0,1.7023072578087344,107,43.0,37.0,0.4
07:32:15,111.15,66.0,113.17,40.0,110.19,59.0,116.35,17.0,112.16,2.019999999999996,125.0,57.0,1.8640198496765432,182,68.0,75.0,0.37
07:32:16,111.0,51.0,112.0,32.0,109.0,24.0,236.32,28.0,111.5,1.0,75.0,60.0,1.6805267031463682,135,15.0,-47.0,0.11
07:32:17,111.0,14.0,155.0,35.0,109.0,21.0,297.29,7.0,133.0,44.0,35.0,42.0,9.072865038122663,77,-7.0,-58.0,-0.09
07:32:18,107.0,63.0,301.5,8.0,106.0,70.0,423.0,13.0,204.25,194.5,133.0,21.0,39.810531646789045,154,112.0,77.0,0.73
07:32:19,107.0,36.0,173.0,5.0,106.0,50.0,398.27,11.0,140.0,66.0,86.0,16.0,37.96120546031162,102,70.0,-52.0,0.69
07:32:20,109.67,18.0,135.8,25.0,106.9,97.0,338.78,27.0,122.73,26.13000000000001,115.0,52.0,36.267090178286885,167,63.0,65.0,0.38
07:32:21,112.79,28.0,138.25,24.0,107.87,23.0,231.0,8.0,125.52,25.459999999999994,51.0,32.0,33.74513224155439,83,19.0,-84.0,0.23
07:32:22,113.0,115.0,255.15,26.0,111.0,10.0,441.15,20.0,184.08,142.15,125.0,46.0,36.7632048385338,171,79.0,88.0,0.46
07:32:23,113.0,52.0,316.14,35.0,108.18,17.0,318.0,14.0,214.57,203.14,69.0,49.0,40.31542074690521,118,20.0,-53.0,0.17
07:32:24,113.0,79.0,315.11,45.0,110.12,48.0,436.91,22.0,214.06,202.11,127.0,67.0,45.59307480308822,194,60.0,76.0,0.31
07:32:25,113.0,123.0,158.52,61.0,112.0,70.0,288.14,37.0,135.76,45.52000000000001,193.0,98.0,42.31358788852582,291,95.0,97.0,0.33
07:32:26,113.0,56.0,155.16,32.0,112.0,35.0,252.59,17.0,134.08,42.16,91.0,49.0,39.927241327194125,140,42.0,-151.0,0.3
07:32:27,113.0,96.0,153.07,28.0,112.0,60.0,178.88,52.0,133.04,40.06999999999999,156.0,80.0,43.84078603309932,236,76.0,96.0,0.32
07:32:28,113.0,80.0,148.44,34.0,112.0,50.0,152.31,26.0,130.72,35.44,130.0,60.0,36.118459546331614,190,70.0,-46.0,0.37
07:32:29,113.0,104.0,148.0,70.0,112.0,70.0,150.0,14.0,130.5,35.0,174.0,84.0,2.2400892839328077,258,90.0,68.0,0.35
07:32:30,113.0,56.0,140.14,22.0,112.0,40.0,146.38,32.0,126.57,27.139999999999986,96.0,54.0,2.898261547892176,150,42.0,-108.0,0.28
07:32:31,113.0,62.0,138.0,8.0,112.0,40.0,140.73,26.0,125.5,25.0,102.0,34.0,3.135726391123764,136,68.0,-14.0,0.5
07:32:32,113.0,60.0,136.78,32.0,112.0,60.0,139.88,40.0,124.89,23.78,120.0,72.0,2.7817674237775263,192,48.0,56.0,0.25
07:32:33,113.0,60.0,133.19,16.0,112.0,60.0,134.02,56.0,123.09,20.189999999999998,120.0,72.0,2.7597373063372665,192,48.0,0.0,0.25
07:32:34,113.0,55.0,121.18,33.0,112.0,55.0,122.0,41.0,117.09,8.180000000000007,110.0,74.0,3.761225863995589,184,36.0,-8.0,0.2
07:32:35,113.0,50.0,117.17,42.0,112.0,50.0,118.67,18.0,115.08,4.170000000000002,100.0,60.0,4.743421760711261,160,40.0,-24.0,0.25
07:32:36,112.82,55.0,115.74,35.0,111.96,47.0,159.72,29.0,114.28,2.9200000000000017,102.0,64.0,4.81269467138617,166,38.0,6.0,0.23
07:32:37,112.0,28.0,147.74,35.0,111.0,11.0,270.22,36.0,129.87,35.74000000000001,39.0,71.0,6.562931509621977,110,-32.0,-56.0,-0.29
07:32:38,113.11,18.0,150.24,42.0,113.4,25.0,199.77,43.0,131.67,37.13000000000001,43.0,85.0,8.459176673884356,128,-42.0,18.0,-0.33
07:32:39,112.93,29.0,147.36,44.0,111.38,16.0,149.49,47.0,130.15,34.43000000000001,45.0,91.0,8.731159716783882,136,-46.0,8.0,-0.34
07:32:40,109.59,41.0,146.55,60.0,108.37,41.0,147.31,45.0,128.07,36.96000000000001,82.0,105.0,7.1191165182197995,187,-23.0,51.0,-0.12
07:32:41,109.0,22.0,141.74,46.0,107.0,22.0,143.0,31.0,125.37,32.74000000000001,44.0,77.0,2.410742624170063,121,-33.0,-66.0,-0.27
07:32:42,107.22,18.0,138.1,39.0,106.2,10.0,139.42,24.0,122.66,30.879999999999995,28.0,63.0,3.628481776168942,91,-35.0,-30.0,-0.38
07:32:43,107.0,15.0,119.89,36.0,106.0,9.0,135.47,38.0,113.44,12.89,24.0,74.0,6.510650505133072,98,-50.0,7.0,-0.51
07:32:44,107.64,83.0,110.33,40.0,106.69,29.0,112.56,48.0,108.98,2.6899999999999977,112.0,88.0,8.140536223123677,200,24.0,102.0,0.12
07:32:45,109.56,90.0,112.21,38.0,107.0,36.0,356.93,29.0,110.88,2.6499999999999915,126.0,67.0,7.311756286966084,193,59.0,-7.0,0.31
07:32:46,110.0,64.0,113.12,25.0,107.0,32.0,177.52,25.0,111.56,3.1200000000000045,96.0,50.0,5.361145400004318,146,46.0,-47.0,0.32
07:32:47,110.3,80.0,112.1,10.0,107.0,40.0,136.12,34.0,111.2,1.7999999999999972,120.0,44.0,1.5950924738042715,164,76.0,18.0,0.46
07:32:48,111.82,39.0,218.47,38.0,110.11,72.0,446.94,47.0,165.15,106.65,111.0,85.0,24.391270569611358,196,26.0,32.0,0.13
07:32:49,113.67,12.0,335.33,36.0,110.25,69.0,575.0,36.0,224.5,221.65999999999997,81.0,72.0,50.3749334490875,153,9.0,-43.0,0.06
07:32:50,107.73,77.0,294.78,32.0,96.15,59.0,455.52,23.0,201.25,187.04999999999995,136.0,55.0,51.426864283174005,191,81.0,38.0,0.42
07:32:51,107.0,125.0,124.83,24.0,92.22,36.0,127.69,39.0,115.92,17.83,161.0,63.0,50.368336581626345,224,98.0,33.0,0.44
07:32:52,107.0,109.0,123.6,25.0,106.0,32.0,124.19,31.0,115.3,16.599999999999994,141.0,56.0,49.32446786332316,197,85.0,-27.0,0.43
07:32:53,107.0,67.0,123.0,12.0,106.0,24.0,124.0,30.0,115.0,16.0,91.0,42.0,54.01576788309129,133,49.0,-64.0,0.37
07:32:54,107.0,139.0,123.0,22.0,106.0,44.0,124.0,55.0,115.0,16.0,183.0,77.0,38.43760762586548,260,106.0,127.0,0.41
07:32:55,107.39,109.0,121.51,84.0,106.41,170.0,122.39,57.0,114.45,14.120000000000005,279.0,141.0,0.5359850744084154,420,138.0,160.0,0.33
07:32:56,107.0,182.0,118.79,28.0,91.0,14.0,120.0,70.0,112.89,11.790000000000006,196.0,98.0,0.9657484144374535,294,98.0,-126.0,0.33
07:32:57,107.16,154.0,116.44,39.0,91.45,75.0,119.64,66.0,111.8,9.280000000000001,229.0,105.0,1.4253666195012047,334,124.0,40.0,0.37
07:32:58,107.0,110.0,113.25,44.0,83.89,19.0,114.1,50.0,110.12,6.25,129.0,94.0,1.9836506748891183,223,35.0,-111.0,0.16
07:32:59,107.0,127.0,109.67,64.0,63.17,35.0,110.47,64.0,108.34,2.6700000000000017,162.0,128.0,2.377635379949529,290,34.0,67.0,0.12
07:33:00,107.0,47.0,151.5,36.0,57.29,28.0,436.96,45.0,129.25,44.5,75.0,81.0,8.434639885613876,156,-6.0,-134.0,-0.04
07:33:01,110.4,10.0,218.0,20.0,107.6,10.0,410.0,50.0,164.2,107.6,20.0,70.0,23.598621146160017,90,-50.0,-66.0,-0.56
07:33:02,117.0,11.0,195.59,37.0,111.82,11.0,232.5,40.0,156.3,78.59,22.0,77.0,25.78731122083093,99,-55.0,9.0,-0.56
07:33:03,111.67,15.0,166.0,14.0,109.78,9.0,547.0,35.0,138.83,54.33,24.0,49.0,22.1851285774952,73,-25.0,-26.0,-0.34
07:33:04,110.08,12.0,206.0,36.0,109.0,60.0,361.46,28.0,158.04,95.92,72.0,64.0,14.654505450543043,136,8.0,63.0,0.06
07:33:05,111.0,7.0,227.75,8.0,109.0,35.0,237.97,31.0,169.38,116.75,42.0,39.0,11.578130246287484,81,3.0,-55.0,0.04
07:33:06,112.0,9.0,235.54,13.0,109.0,45.0,237.62,26.0,173.77,123.53999999999999,54.0,39.0,13.606885389390088,93,15.0,12.0,0.16
07:33:07,114.64,11.0,226.67,15.0,109.0,55.0,234.95,21.0,170.65,112.02999999999999,66.0,36.0,14.320095320911722,102,30.0,9.0,0.29
07:33:08,115.0,13.0,233.08,13.0,109.0,65.0,349.0,32.0,174.04,118.08000000000001,78.0,45.0,6.538121289789497,123,33.0,21.0,0.27
07:33:09,109.46,26.0,211.88,26.0,107.34,58.0,326.25,16.0,160.67,102.42,84.0,42.0,5.430153773144805,126,42.0,3.0,0.33
07:33:10,109.0,11.0,205.93,27.0,107.0,42.0,214.33,15.0,157.46,96.93,53.0,42.0,7.734531013577914,95,11.0,-31.0,0.12
07:33:11,107.19,42.0,205.0,11.0,85.46,52.0,206.0,55.0,156.1,97.81,94.0,66.0,8.078696058151865,160,28.0,65.0,0.17
07:33:12,112.51,123.0,128.38,21.0,105.94,62.0,199.34,32.0,120.45,15.86999999999999,185.0,53.0,19.92327106677009,238,132.0,78.0,0.55
07:33:13,113.0,87.0,116.0,22.0,107.0,55.0,466.02,52.0,114.5,3.0,142.0,74.0,22.399266282626286,216,68.0,-22.0,0.31
07:33:14,113.0,33.0,133.09,22.0,107.0,55.0,188.27,55.0,123.05,20.090000000000003,88.0,77.0,20.748794422809226,165,11.0,-51.0,0.07
07:33:15,113.0,21.0,163.0,14.0,107.0,35.0,274.86,35.0,138.0,50.0,56.0,49.0,16.76367352342556,105,7.0,-60.0,0.07
07:33:16,113.0,30.0,249.05,44.0,107.0,50.0,318.95,41.0,181.02,136.05,80.0,85.0,26.929441694918207,165,-5.0,60.0,-0.03
07:33:17,112.06,64.0,235.72,47.0,108.28,54.0,295.0,35.0,173.89,123.66,118.0,82.0,29.94646339720265,200,36.0,35.0,0.18
07:33:18,112.04,25.0,255.0,25.0,111.6,10.0,309.5,12.0,183.52,142.95999999999998,35.0,37.0,27.555450096124297,72,-2.0,-128.0,-0.03
07:33:19,113.0,31.0,249.6,35.0,112.0,60.0,308.82,33.0,181.3,136.6,91.0,68.0,19.0990989316249,159,23.0,87.0,0.14
07:33:20,112.77,35.0,131.2,40.0,111.96,56.0,167.2,35.0,121.99,18.429999999999993,91.0,75.0,26.16439049548061,166,16.0,7.0,0.1
07:33:21,114.03,37.0,120.12,32.0,111.36,11.0,131.64,22.0,117.08,6.090000000000003,48.0,54.0,33.12081415062132,102,-6.0,-64.0,-0.06
07:33:22,115.21,28.0,120.0,32.0,114.1,20.0,175.0,16.0,117.61,4.790000000000006,48.0,48.0,34.85049856171356,96,0.0,-6.0,0.0
07:33:23,117.0,6.0,120.0,24.0,115.0,30.0,183.0,12.0,118.5,3.0,36.0,36.0,28.01847836696347,72,0.0,-24.0,0.0
07:33:24,117.0,12.0,119.25,48.0,115.0,60.0,129.0,42.0,118.12,2.25,72.0,90.0,1.9368143948249523,162,-18.0,90.0,-0.11
07:33:25,115.86,21.0,117.89,54.0,114.7,50.0,158.92,50.0,116.87,2.030000000000001,71.0,104.0,0.6850766380495654,175,-33.0,13.0,-0.19
07:33:26,112.23,13.0,114.9,40.0,111.08,13.0,150.44,39.0,113.57,2.6700000000000017,26.0,79.0,1.9771519921344944,105,-53.0,-70.0,-0.5
07:33:27,112.0,5.0,113.0,10.0,111.0,5.0,114.0,20.0,112.5,1.0,10.0,30.0,2.721097205173228,40,-20.0,-65.0,-0.5
07:33:28,111.08,13.0,112.31,26.0,107.02,205.0,114.0,52.0,111.69,1.230000000000004,218.0,78.0,2.804897502583963,296,140.0,169.5,0.47
07:33:29,107.07,166.0,113.59,37.0,99.16,77.0,181.73,44.0,110.33,6.52000000000001,243.0,81.0,2.469639649827878,324,162.0,28.0,0.5
07:33:30,107.0,167.0,112.0,44.0,76.18,22.0,113.0,11.0,109.5,5.0,189.0,55.0,1.63464675083095,244,134.0,-80.0,0.55
07:33:31,107.78,58.0,110.89,36.0,106.18,119.0,111.76,21.0,109.33,3.1099999999999994,177.0,57.0,1.3846840794933408,234,120.0,-10.0,0.51
07:33:32,107.04,133.0,109.12,26.0,83.0,37.0,110.96,54.0,108.08,2.0799999999999983,170.0,80.0,1.3342900734107463,250,90.0,16.0,0.36
07:33:33,107.0,84.0,109.14,7.0,64.79,19.0,111.0,35.0,108.07,2.1400000000000006,103.0,42.0,0.9772256648300666,145,61.0,-105.0,0.42
07:33:34,107.03,60.0,110.67,24.0,77.06,32.0,119.29,28.0,108.85,3.6400000000000006,92.0,52.0,0.6743367111485219,144,40.0,-1.0,0.28
07:33:35,109.0,6.0,197.29,21.0,107.0,42.0,297.62,13.0,153.14,88.28999999999999,48.0,34.0,19.933904033078946,82,14.0,-62.0,0.17
07:33:36,112.43,7.0,277.0,12.0,109.29,14.0,428.0,8.0,194.71,164.57,21.0,20.0,38.81737046735648,41,1.0,-41.0,0.02
07:33:37,112.45,33.0,276.5,30.0,110.91,66.0,337.4,25.0,194.48,164.05,99.0,55.0,43.07449651475913,154,44.0,113.0,0.29
07:33:38,115.0,12.0,276.0,18.0,111.36,44.0,382.54,13.0,195.5,161.0,56.0,31.0,38.34541080755289,87,25.0,-67.0,0.29
07:33:39,115.0,74.0,273.77,35.0,113.0,48.0,413.24,25.0,194.39,158.76999999999998,122.0,60.0,18.622637568292806,182,62.0,95.0,0.34
07:33:40,114.14,28.0,266.71,21.0,111.62,52.0,404.05,19.0,190.43,152.57,80.0,40.0,1.9895652791474259,120,40.0,-62.0,0.33
07:33:41,111.89,38.0,275.0,27.0,110.57,69.0,417.08,25.0,193.45,163.11,107.0,52.0,1.9408374481107433,159,55.0,39.0,0.35
07:33:42,111.0,41.0,274.0,24.0,109.0,32.0,593.53,17.0,192.5,163.0,73.0,41.0,1.931121435847345,114,32.0,-45.0,0.28
07:33:43,111.0,24.0,272.29,17.0,109.0,6.0,385.08,13.0,191.65,161.29000000000002,30.0,30.0,1.5395388920028201,60,0.0,-54.0,0.0
07:33:44,111.0,28.0,267.52,25.0,109.0,7.0,268.57,28.0,189.26,156.51999999999998,35.0,53.0,1.6567045602609778,88,-18.0,28.0,-0.2
07:33:45,114.78,74.0,262.23,64.0,110.96,57.0,264.45,53.0,188.51,147.45000000000002,131.0,117.0,2.1139607375704967,248,14.0,160.0,0.06
07:33:46,115.0,55.0,242.29,28.0,111.0,44.0,253.29,35.0,178.64,127.28999999999999,99.0,63.0,5.544526129435239,162,36.0,-86.0,0.22
07:33:47,115.0,44.0,186.05,21.0,111.0,52.0,210.64,28.0,150.52,71.05000000000001,96.0,49.0,17.061703607787564,145,47.0,-17.0,0.32
07:33:48,111.0,36.0,144.41,17.0,107.73,22.0,156.35,23.0,127.71,33.41,58.0,40.0,26.96732226232321,98,18.0,-47.0,0.18
07:33:49,113.0,17.0,143.0,55.0,108.82,49.0,144.0,22.0,128.0,30.0,66.0,77.0,28.173832362672908,143,-11.0,45.0,-0.08
07:33:50,108.2,65.0,128.83,35.0,106.68,145.0,137.53,40.0,118.51,20.63000000000001,210.0,75.0,24.281162039737676,285,135.0,142.0,0.47
07:33:51,108.73,60.0,118.06,69.0,106.59,82.0,119.07,28.0,113.4,9.329999999999998,142.0,97.0,14.228164674335213,239,45.0,-46.0,0.19
07:33:52,112.09,88.0,116.0,45.0,109.0,65.0,117.07,56.0,114.05,3.9099999999999966,153.0,101.0,7.142634667964031,254,52.0,15.0,0.2
07:33:53,110.14,28.0,114.29,14.0,107.27,74.0,115.86,29.0,112.21,4.150000000000006,102.0,43.0,6.473270425372501,145,59.0,-109.0,0.41
07:33:54,109.0,60.0,113.04,57.0,107.0,192.0,114.37,27.0,111.02,4.040000000000006,252.0,84.0,2.857266175910634,336,168.0,169.5,0.5
07:33:55,109.0,40.0,111.74,39.0,107.0,160.0,195.16,38.0,110.37,2.739999999999995,200.0,77.0,1.5494676505184894,277,123.0,-59.0,0.44
07:33:56,107.26,92.0,124.06,32.0,106.61,75.0,152.57,37.0,115.66,16.799999999999997,167.0,69.0,2.1833620863253973,236,98.0,-41.0,0.42
07:33:57,107.0,112.0,127.11,9.0,100.0,21.0,144.69,16.0,117.06,20.11,133.0,25.0,2.9441518303244956,158,108.0,-78.0,0.68
07:33:58,107.0,162.0,125.25,12.0,99.38,32.0,227.0,16.0,116.12,18.25,194.0,28.0,3.1088711777754514,222,166.0,64.0,0.75
07:33:59,107.0,69.0,125.0,7.0,55.71,7.0,339.19,16.0,116.0,18.0,76.0,23.0,2.6627842571268756,99,53.0,-123.0,0.54
07:34:00,107.0,35.0,123.86,7.0,37.8,10.0,384.0,35.0,115.43,16.86,45.0,42.0,0.6252839355065418,87,3.0,-12.0,0.03
07:34:01,107.0,48.0,122.91,11.0,58.3,20.0,384.0,55.0,114.95,15.909999999999997,68.0,66.0,0.7947766982005535,134,2.0,47.0,0.01
07:34:02,107.0,87.0,121.13,30.0,89.46,26.0,280.79,33.0,114.07,14.129999999999995,113.0,63.0,0.838707338708023,176,50.0,42.0,0.28
07:34:03,88.61,18.0,119.5,20.0,72.12,25.0,120.09,22.0,104.06,30.89,43.0,42.0,4.9931923656117165,85,1.0,-91.0,0.01
07:34:05,93.62,16.0,113.25,24.0,78.55,22.0,114.33,15.0,103.44,19.629999999999995,38.0,39.0,8.635422977480854,77,-1.0,-32.0,-0.01
07:34:06,105.77,13.0,109.72,18.0,90.94,17.0,150.05,19.0,107.75,3.950000000000003,30.0,37.0,7.288959459347026,67,-7.0,-10.0,-0.1
07:34:07,103.23,13.0,108.5,12.0,86.88,8.0,160.43,14.0,105.87,5.269999999999996,21.0,26.0,5.296539436273914,47,-5.0,-20.0,-0.11
07:34:08,107.0,37.0,108.0,21.0,91.71,7.0,159.0,12.0,107.5,1.0,44.0,33.0,5.673162257507243,77,11.0,30.0,0.14
07:34:09,107.0,35.0,136.71,17.0,104.0,7.0,199.8,10.0,121.85,29.710000000000008,42.0,27.0,7.232701431692289,69,15.0,-8.0,0.22
07:34:10,107.0,30.0,169.0,12.0,104.0,6.0,266.67,6.0,138.0,62.0,36.0,18.0,13.79278543297192,54,18.0,-15.0,0.33
07:34:11,111.08,25.0,184.82,22.0,109.19,37.0,261.62,13.0,147.95,73.74,62.0,35.0,18.539809330195414,97,27.0,43.0,0.28
07:34:12,112.45,11.0,244.0,18.0,110.31,29.0,387.25,16.0,178.23,131.55,40.0,34.0,26.95382959803669,74,6.0,-23.0,0.08
07:34:13,111.0,33.0,405.0,21.0,107.0,55.0,561.18,22.0,258.0,294.0,88.0,43.0,53.928725462410064,131,45.0,57.0,0.34
07:34:14,114.86,42.0,344.0,15.0,113.0,86.0,516.24,21.0,229.43,229.14,128.0,36.0,51.93491571187917,164,92.0,33.0,0.56
07:34:15,117.0,27.0,287.14,29.0,115.0,87.0,449.85,13.0,202.07,170.14,114.0,42.0,42.91961299918713,156,72.0,-8.0,0.46
07:34:16,115.08,75.0,227.44,27.0,112.18,34.0,279.78,36.0,171.26,112.36,109.0,63.0,36.160359096668174,172,46.0,16.0,0.27
07:34:17,115.0,90.0,135.18,22.0,111.0,45.0,145.7,69.0,125.09,20.180000000000007,135.0,91.0,51.55545800397853,226,44.0,54.0,0.19
07:34:18,115.0,44.0,128.26,27.0,111.0,33.0,130.79,39.0,121.63,13.259999999999991,77.0,66.0,47.21892713732489,143,11.0,-83.0,0.08
07:34:19,115.0,64.0,125.38,16.0,111.0,48.0,128.0,80.0,120.19,10.379999999999995,112.0,96.0,36.93989063329775,208,16.0,65.0,0.08
07:34:20,115.0,40.0,123.79,14.0,112.37,70.0,127.93,56.0,119.39,8.790000000000006,110.0,70.0,22.326722106032502,180,40.0,-28.0,0.22
07:34:21,113.24,124.0,120.4,55.0,112.14,70.0,121.47,49.0,116.82,7.160000000000011,194.0,104.0,3.0470772881568773,298,90.0,118.0,0.3
07:34:22,113.0,116.0,116.24,33.0,111.0,51.0,116.96,69.0,114.62,3.239999999999995,167.0,102.0,2.7980975679918063,269,65.0,-29.0,0.24
07:34:23,110.79,38.0,111.76,29.0,108.31,64.0,115.77,64.0,111.27,0.9699999999999989,102.0,93.0,3.638305924465657,195,9.0,-74.0,0.05
07:34:24,107.09,67.0,110.08,60.0,106.27,37.0,154.05,44.0,108.59,2.989999999999995,104.0,104.0,4.301589241199363,208,0.0,13.0,0.0
07:34:25,108.97,119.0,149.43,51.0,106.9,87.0,257.97,35.0,129.2,40.46000000000001,206.0,86.0,7.969438499668708,292,120.0,84.0,0.41
07:34:26,110.2,120.0,238.25,40.0,104.1,60.0,288.23,39.0,174.22,128.05,180.0,79.0,27.26037325496481,259,101.0,-33.0,0.39
07:34:27,111.0,72.0,216.91,11.0,103.38,34.0,242.54,26.0,163.95,105.91,106.0,37.0,30.16884701144543,143,69.0,-116.0,0.48
07:34:28,112.58,76.0,177.41,17.0,110.02,53.0,208.11,27.0,145.0,64.83,129.0,44.0,26.38642965616984,173,85.0,30.0,0.49
07:34:29,117.0,35.0,143.05,20.0,115.0,56.0,182.42,24.0,130.03,26.05000000000001,91.0,44.0,20.162463887134404,135,47.0,-38.0,0.35
07:34:30,117.0,60.0,127.91,33.0,115.0,96.0,260.54,26.0,122.45,10.909999999999997,156.0,59.0,21.92504161911668,215,97.0,80.0,0.45
07:34:31,117.0,55.0,125.19,26.0,115.0,88.0,126.72,29.0,121.1,8.189999999999998,143.0,55.0,18.042835974424822,198,88.0,-17.0,0.44
07:34:32,117.0,40.0,123.47,19.0,115.0,64.0,124.57,21.0,120.24,6.469999999999999,104.0,40.0,10.385958309178733,144,64.0,-54.0,0.44
07:34:33,117.0,70.0,121.07,28.0,115.0,112.0,124.0,42.0,119.04,4.069999999999993,182.0,70.0,4.350766599117779,252,112.0,108.0,0.44
07:34:34,115.68,73.0,120.0,22.0,114.39,49.0,124.0,33.0,117.84,4.319999999999993,122.0,55.0,1.7865833313895503,177,67.0,-75.0,0.38
07:34:35,115.0,88.0,119.36,22.0,113.0,11.0,124.0,33.0,117.18,4.359999999999999,99.0,55.0,1.6259766295980431,154,44.0,-23.0,0.29
07:34:36,115.0,80.0,117.0,20.0,113.0,10.0,124.0,30.0,116.0,2.0,90.0,50.0,1.6415846003173442,140,40.0,-14.0,0.29
07:34:37,115.0,31.0,116.0,14.0,113.0,7.0,124.0,21.0,115.5,1.0,38.0,35.0,1.4218720054910323,73,3.0,-67.0,0.04
07:34:38,113.55,11.0,115.33,18.0,112.06,17.0,134.95,19.0,114.44,1.7800000000000011,28.0,37.0,1.3488217080100335,65,-9.0,-8.0,-0.14
07:34:39,112.56,18.0,295.7,37.0,111.71,28.0,270.43,28.0,204.13,183.14,46.0,65.0,39.523601809551714,111,-19.0,46.0,-0.17
07:34:40,114.72,43.0,298.09,58.0,111.87,30.0,346.09,44.0,206.4,183.36999999999998,73.0,102.0,49.278312471106396,175,-29.0,64.0,-0.17
07:34:41,115.0,30.0,224.8,50.0,112.0,20.0,227.0,50.0,169.9,109.80000000000001,50.0,100.0,45.36761818742527,150,-50.0,-25.0,-0.33
07:34:42,116.87,135.0,221.32,81.0,114.62,48.0,224.15,65.0,169.09,104.44999999999999,183.0,146.0,37.210859570829605,329,37.0,169.5,0.11
07:34:43,117.0,99.0,180.38,16.0,115.0,33.0,216.58,52.0,148.69,63.379999999999995,132.0,68.0,24.899449190694998,200,64.0,-129.0,0.32
07:34:44,117.0,90.0,176.18,38.0,115.0,30.0,176.07,30.0,146.59,59.18000000000001,120.0,68.0,24.033999459099615,188,52.0,-12.0,0.28
07:34:45,117.0,70.0,170.67,58.0,114.33,54.0,172.08,38.0,143.84,53.66999999999999,124.0,96.0,12.783715031241858,220,28.0,32.0,0.13
07:34:46,117.0,70.0,168.0,70.0,114.14,42.0,169.0,70.0,142.5,51.0,112.0,140.0,10.861250848774208,252,-28.0,32.0,-0.11
07:34:47,115.7,37.0,167.22,49.0,113.4,25.0,168.45,55.0,141.46,51.519999999999996,62.0,104.0,2.980525121517692,166,-42.0,-86.0,-0.25
07:34:48,113.46,79.0,162.42,64.0,111.94,32.0,163.63,71.0,137.94,48.959999999999994,111.0,135.0,3.177779098678501,246,-24.0,80.0,-0.1
07:34:49,114.0,40.0,159.0,16.0,112.88,16.0,160.0,40.0,136.5,45.0,56.0,56.0,3.107140164202097,112,0.0,-134.0,0.0
07:34:50,114.69,65.0,156.0,65.0,113.0,26.0,156.68,56.0,135.35,41.31,91.0,121.0,3.1098713799766267,212,-30.0,100.0,-0.14
07:34:51,115.0,45.0,151.78,45.0,113.0,18.0,155.0,45.0,133.39,36.78,63.0,90.0,3.03124891752519,153,-27.0,-59.0,-0.18
07:34:52,115.0,25.0,149.41,37.0,113.0,22.0,152.27,55.0,132.2,34.41,47.0,92.0,2.3140505612448234,139,-45.0,-14.0,-0.32
07:34:53,112.0,24.0,145.89,36.0,111.0,12.0,147.42,48.0,128.94,33.889999999999986,36.0,84.0,2.94394802943213,120,-48.0,-19.0,-0.4
07:34:54,111.81,27.0,142.95,77.0,109.61,36.0,143.54,50.0,127.38,31.139999999999986,63.0,127.0,3.2558055838758406,190,-64.0,70.0,-0.34
07:34:55,110.46,35.0,138.5,80.0,108.62,52.0,139.68,53.0,124.48,28.040000000000006,87.0,133.0,3.611927463280075,220,-46.0,30.0,-0.21
07:34:56,109.37,38.0,136.31,65.0,108.08,52.0,137.85,65.0,122.84,26.939999999999998,90.0,130.0,3.689948509125381,220,-40.0,0.0,-0.18
07:34:57,110.31,26.0,131.63,30.0,109.0,52.0,133.58,59.0,120.97,21.319999999999993,78.0,89.0,3.253247608159635,167,-11.0,-53.0,-0.07
07:34:58,111.75,24.0,126.58,48.0,109.0,48.0,127.38,42.0,119.17,14.829999999999998,72.0,90.0,3.169585146355305,162,-18.0,-5.0,-0.11
07:34:59,112.0,20.0,117.8,20.0,109.0,40.0,123.42,24.0,114.9,5.799999999999997,60.0,44.0,3.696683648893416,104,16.0,-58.0,0.15
07:35:00,108.04,23.0,113.84,25.0,106.89,54.0,136.9,29.0,110.94,5.799999999999997,77.0,54.0,4.816391802998974,131,23.0,27.0,0.18
07:35:01,90.85,34.0,387.24,17.0,69.55,31.0,463.77,13.0,239.04,296.39,65.0,30.0,54.941798569031185,95,35.0,-36.0,0.37
07:35:05,97.42,24.0,105.04,28.0,96.77,26.0,126.44,32.0,101.23,7.6200000000000045,50.0,60.0,64.84888765429979,110,-10.0,-84.0,-0.09
07:35:06,100.78,18.0,105.79,43.0,99.3,23.0,195.59,29.0,103.28,5.010000000000005,41.0,72.0,6.859258706302765,113,-31.0,3.0,-0.27
07:35:07,105.19,37.0,308.19,42.0,104.0,34.0,445.71,35.0,206.69,203.0,71.0,77.0,48.30227893174394,148,-6.0,35.0,-0.04
07:35:10,113.2,20.0,358.0,12.0,112.4,20.0,487.18,22.0,235.6,244.8,40.0,34.0,98.96123498623093,74,6.0,-14.0,0.08
07:35:11,113.5,16.0,390.0,15.0,112.64,25.0,477.68,19.0,251.75,276.5,41.0,34.0,61.226358049454674,75,7.0,1.0,0.09
07:35:16,105.0,18.0,108.5,18.0,45.2,25.0,110.0,6.0,106.75,3.5,43.0,24.0,86.18955139690671,67,19.0,-68.0,0.28
07:35:17,106.0,24.0,249.55,33.0,81.16,38.0,110.0,6.0,177.77,143.55,62.0,39.0,91.3596714639453,101,23.0,34.0,0.23
07:35:18,113.0,24.0,319.94,36.0,106.09,22.0,304.0,10.0,216.47,206.94,46.0,46.0,78.5153186964176,92,0.0,-9.0,0.0
07:35:19,113.0,15.0,156.71,17.0,105.0,18.0,187.78,23.0,134.85,43.71000000000001,33.0,40.0,63.35579989235414,73,-7.0,-19.0,-0.1
07:35:20,108.79,19.0,124.25,12.0,103.57,35.0,126.0,20.0,116.52,15.459999999999994,54.0,32.0,45.851159418274456,86,22.0,13.0,0.26
07:35:21,105.0,91.0,118.65,31.0,95.0,45.0,120.0,33.0,111.82,13.650000000000006,136.0,64.0,44.68371660907381,200,72.0,114.0,0.36
07:35:22,105.05,42.0,115.5,18.0,97.42,33.0,120.0,20.0,110.27,10.450000000000003,75.0,38.0,44.953303883029754,113,37.0,-87.0,0.33
07:35:23,106.0,22.0,118.09,33.0,105.0,55.0,150.79,47.0,112.05,12.090000000000003,77.0,80.0,10.191033804281954,157,-3.0,44.0,-0.02
07:35:24,112.69,26.0,118.77,31.0,105.85,47.0,149.55,55.0,115.73,6.079999999999998,73.0,86.0,2.702067726763619,159,-13.0,2.0,-0.08
07:35:25,113.0,85.0,115.53,15.0,106.98,53.0,116.42,24.0,114.27,2.530000000000001,138.0,39.0,2.1601898064793996,177,99.0,18.0,0.56
07:35:26,113.0,53.0,114.58,12.0,112.0,55.0,116.05,21.0,113.79,1.5799999999999983,108.0,33.0,2.1094359435682124,141,75.0,-36.0,0.53
07:35:27,113.0,44.0,115.0,11.0,112.0,55.0,116.0,22.0,114.0,2.0,99.0,33.0,1.3140852331631758,132,66.0,-9.0,0.5
07:35:28,113.0,26.0,114.12,8.0,112.0,40.0,204.05,19.0,113.56,1.1200000000000045,66.0,27.0,0.8571755946231334,93,39.0,-39.0,0.42
07:35:29,112.65,34.0,113.86,14.0,111.14,70.0,402.79,58.0,113.25,1.2099999999999937,104.0,72.0,0.3929758262508244,176,32.0,83.0,0.18
07:35:30,112.0,19.0,304.43,21.0,105.0,12.0,367.88,17.0,208.21,192.43,31.0,38.0,42.289434496101,69,-7.0,-107.0,-0.1
07:35:31,112.0,21.0,355.47,34.0,105.0,14.0,400.0,35.0,233.74,243.47000000000003,35.0,69.0,59.49912663224576,104,-34.0,35.0,-0.33
07:35:32,111.3,20.0,196.26,19.0,95.92,13.0,387.7,37.0,153.78,84.96,33.0,56.0,54.86598645791413,89,-23.0,-15.0,-0.26
07:35:33,108.36,45.0,281.84,63.0,98.15,20.0,304.14,35.0,195.1,173.47999999999996,65.0,98.0,47.56974700374195,163,-33.0,74.0,-0.2
07:35:34,109.0,99.0,111.85,39.0,107.43,14.0,146.33,48.0,110.42,2.8499999999999943,113.0,87.0,48.580742069260495,200,26.0,37.0,0.13
07:35:35,109.0,25.0,113.0,25.0,107.0,5.0,219.0,25.0,111.0,4.0,30.0,50.0,53.76848072988501,80,-20.0,-120.0,-0.25
07:35:36,110.02,47.0,176.6,50.0,108.36,22.0,395.44,45.0,143.31,66.58,69.0,95.0,35.056327816815255,164,-26.0,84.0,-0.16
07:35:37,113.0,24.0,347.57,35.0,109.0,35.0,527.25,32.0,230.29,234.57,59.0,67.0,53.12933210572118,126,-8.0,-38.0,-0.06
07:35:38,113.0,22.0,261.22,45.0,110.62,79.0,519.27,48.0,187.11,148.22000000000003,101.0,93.0,51.83990094512156,194,8.0,68.0,0.04
07:35:39,114.23,26.0,179.76,34.0,112.5,32.0,402.24,45.0,147.0,65.52999999999999,58.0,79.0,45.97330605906014,137,-21.0,-57.0,-0.15
07:35:40,114.64,22.0,220.85,27.0,111.77,52.0,248.75,40.0,167.74,106.21,74.0,67.0,35.51253088699842,141,7.0,4.0,0.05
07:35:41,111.07,61.0,127.31,35.0,109.45,71.0,242.21,29.0,119.19,16.24000000000001,132.0,64.0,41.961429074806496,196,68.0,55.0,0.35
07:35:42,111.32,19.0,119.31,13.0,109.29,41.0,121.0,65.0,115.31,7.990000000000009,60.0,78.0,30.887891640576807,138,-18.0,-58.0,-0.13
07:35:43,114.67,9.0,119.0,9.0,111.0,9.0,121.0,45.0,116.83,4.329999999999998,18.0,54.0,23.27960330418054,72,-36.0,-66.0,-0.5
07:35:44,115.0,12.0,117.42,12.0,112.6,40.0,184.57,42.0,116.21,2.4200000000000017,52.0,54.0,22.788358431445058,106,-2.0,34.0,-0.02
07:35:45,113.59,37.0,294.38,26.0,112.93,91.0,380.21,63.0,203.99,180.79,128.0,89.0,38.98101178779245,217,39.0,111.0,0.18
07:35:47,117.0,18.0,198.6,20.0,113.0,54.0,355.31,42.0,157.8,81.6,72.0,62.0,98.15466784621105,134,10.0,-18.0,0.07
07:35:48,117.0,14.0,262.0,35.0,113.0,42.0,311.32,19.0,189.5,145.0,56.0,54.0,89.7164576318081,110,2.0,-24.0,0.02
07:35:49,117.0,16.0,370.29,28.0,113.0,48.0,617.36,22.0,243.64,253.29000000000002,64.0,50.0,75.493268375399,114,14.0,4.0,0.12
07:35:50,113.0,28.0,258.79,19.0,111.0,7.0,411.9,29.0,185.89,145.79000000000002,35.0,48.0,77.43420090631798,83,-13.0,-31.0,-0.16
07:35:51,111.0,8.0,157.12,16.0,109.0,8.0,223.0,24.0,134.06,46.120000000000005,16.0,40.0,41.093177292587306,56,-24.0,-27.0,-0.43
07:35:52,111.0,6.0,286.0,18.0,109.0,6.0,335.08,26.0,198.5,175.0,12.0,44.0,39.036584379271886,56,-32.0,0.0,-0.57
07:35:53,111.0,6.0,320.33,24.0,109.0,6.0,356.57,21.0,215.67,209.32999999999998,12.0,45.0,40.62173273015338,57,-33.0,1.0,-0.58
07:35:54,111.0,8.0,318.5,32.0,109.0,8.0,438.69,26.0,214.75,207.5,16.0,58.0,33.50254363477517,74,-42.0,17.0,-0.57
07:35:55,109.29,14.0,294.29,42.0,106.55,44.0,413.85,41.0,201.79,185.0,58.0,83.0,33.79503854118256,141,-25.0,67.0,-0.18
07:35:56,107.33,43.0,316.07,41.0,106.65,139.0,462.63,38.0,211.7,208.74,182.0,79.0,7.837950625004929,261,103.0,120.0,0.39
07:35:57,110.94,34.0,312.24,34.0,107.08,99.0,314.26,43.0,211.59,201.3,133.0,77.0,5.5109799491574405,210,56.0,-51.0,0.27
07:35:58,113.0,22.0,309.71,21.0,108.0,12.0,312.29,21.0,211.36,196.70999999999998,34.0,42.0,4.923186975934929,76,-8.0,-134.0,-0.11
07:35:59,109.62,16.0,290.9,48.0,107.01,171.0,306.72,43.0,200.26,181.27999999999997,187.0,91.0,5.79140311151064,278,96.0,169.5,0.35
07:36:00,114.0,46.0,174.3,79.0,107.56,151.0,168.33,57.0,144.15,60.30000000000001,197.0,136.0,29.291044194429364,333,61.0,55.0,0.18
07:36:01,115.0,44.0,144.27,45.0,111.47,17.0,145.38,42.0,129.63,29.27000000000001,61.0,87.0,39.40936652624619,148,-26.0,-170.5,-0.18
07:36:02,115.0,84.0,138.05,78.0,112.0,22.0,140.09,86.0,126.53,23.05000000000001,106.0,164.0,40.3858035700667,270,-58.0,122.0,-0.21
07:36:03,115.0,32.0,132.84,58.0,112.89,56.0,133.66,62.0,123.92,17.840000000000003,88.0,120.0,31.92210159121749,208,-32.0,-62.0,-0.15
07:36:04,115.0,18.0,128.24,29.0,113.0,45.0,129.09,35.0,121.62,13.240000000000009,63.0,64.0,8.890255901829208,127,-1.0,-81.0,-0.01
07:36:05,115.0,32.0,124.4,70.0,113.0,80.0,126.06,52.0,119.7,9.400000000000006,112.0,122.0,3.9327662020527674,234,-10.0,107.0,-0.04
07:36:06,113.09,47.0,119.35,63.0,112.06,80.0,120.53,59.0,116.22,6.259999999999991,127.0,122.0,3.9446824967300342,249,5.0,15.0,0.02
07:36:07,111.53,45.0,113.55,33.0,109.6,65.0,115.85,39.0,112.54,2.019999999999996,110.0,72.0,4.495019466032156,182,38.0,-67.0,0.21
07:36:08,109.4,60.0,111.92,52.0,106.82,66.0,194.28,39.0,110.66,2.519999999999996,126.0,91.0,4.628727686957593,217,35.0,35.0,0.16
07:36:09,107.0,48.0,109.91,44.0,106.0,36.0,367.1,42.0,108.45,2.9099999999999966,84.0,86.0,4.481269909301107,170,-2.0,-47.0,-0.01
07:36:10,107.0,18.0,109.73,15.0,106.0,27.0,329.82,33.0,108.37,2.730000000000004,45.0,48.0,3.2728993262866095,93,-3.0,-77.0,-0.03
07:36:11,107.0,13.0,108.45,11.0,106.0,27.0,295.21,29.0,107.73,1.4500000000000028,40.0,40.0,2.005430128428109,80,0.0,-13.0,0.0
07:36:12,106.36,14.0,270.95,20.0,88.76,29.0,383.66,32.0,188.65,164.58999999999997,43.0,52.0,35.72607759046617,95,-9.0,15.0,-0.09
07:36:13,113.88,48.0,313.31,32.0,91.09,22.0,362.88,16.0,213.59,199.43,70.0,48.0,51.662322053891565,118,22.0,23.0,0.19
07:36:14,115.0,54.0,322.57,46.0,111.0,20.0,437.82,38.0,218.78,207.57,74.0,84.0,55.3850835514402,158,-10.0,40.0,-0.06
07:36:15,113.62,26.0,277.0,60.0,98.2,35.0,327.75,60.0,195.31,163.38,61.0,120.0,44.856914963024515,181,-59.0,23.0,-0.33
07:36:16,107.67,18.0,247.0,45.0,95.64,14.0,405.53,17.0,177.33,139.32999999999998,32.0,62.0,17.277766638081825,94,-30.0,-87.0,-0.32
07:36:17,111.0,12.0,199.0,6.0,106.0,12.0,275.21,14.0,155.0,88.0,24.0,20.0,26.355556719599253,44,4.0,-50.0,0.09
07:36:18,111.0,10.0,245.67,9.0,106.0,10.0,639.76,17.0,178.33,134.67,20.0,26.0,23.720717737876598,46,-6.0,2.0,-0.13
07:36:19,112.86,29.0,234.59,22.0,110.5,20.0,443.6,50.0,173.73,121.73,49.0,72.0,14.371924018725316,121,-23.0,75.0,-0.19
07:36:20,113.0,36.0,145.0,12.0,108.89,27.0,180.27,44.0,129.0,32.0,63.0,56.0,21.06520994436119,119,7.0,-2.0,0.06
07:36:21,108.55,33.0,129.75,12.0,103.93,29.0,190.32,44.0,119.15,21.200000000000003,62.0,56.0,26.353346466815427,118,6.0,-1.0,0.05
07:36:22,106.75,24.0,115.26,23.0,101.46,37.0,117.26,19.0,111.01,8.510000000000005,61.0,42.0,31.535165767758585,103,19.0,-15.0,0.18
07:36:23,105.4,20.0,111.08,26.0,91.76,29.0,111.68,34.0,108.24,5.679999999999993,49.0,60.0,26.689968714856388,109,-11.0,6.0,-0.1
07:36:24,106.88,16.0,109.12,8.0,105.0,16.0,111.0,40.0,108.0,2.240000000000009,32.0,48.0,8.997335716755986,80,-16.0,-29.0,-0.2
07:36:25,107.3,20.0,109.6,50.0,102.14,21.0,207.68,38.0,108.45,2.299999999999997,41.0,88.0,4.7312313407835935,129,-47.0,49.0,-0.36
07:36:26,106.5,24.0,108.56,54.0,98.33,27.0,423.02,56.0,107.53,2.0600000000000023,51.0,110.0,1.3651483435923308,161,-59.0,32.0,-0.37
07:36:27,106.14,42.0,295.08,36.0,105.38,26.0,600.55,38.0,200.61,188.94,68.0,74.0,41.39327034676064,142,-6.0,-19.0,-0.04
07:36:29,111.85,33.0,238.6,30.0,105.8,20.0,451.14,22.0,175.22,126.75,53.0,52.0,88.97436136326021,105,1.0,-12.0,0.01
07:36:30,113.0,65.0,287.2,25.0,105.0,26.0,317.07,15.0,200.1,174.2,91.0,40.0,78.53330522778226,131,51.0,26.0,0.39
07:36:31,113.09,45.0,234.12,16.0,107.09,23.0,265.22,54.0,173.61,121.03,68.0,70.0,62.70982594458395,138,-2.0,7.0,-0.01
07:36:32,109.62,13.0,238.73,22.0,103.26,23.0,300.17,29.0,174.17,129.10999999999999,36.0,51.0,65.27035797358563,87,-15.0,-51.0,-0.17
07:36:33,110.4,10.0,155.0,10.0,105.0,15.0,271.33,15.0,132.7,44.599999999999994,25.0,25.0,24.22932830269988,50,0.0,-37.0,0.0
07:36:34,112.92,13.0,153.72,25.0,108.64,22.0,174.71,14.0,133.32,40.8,35.0,39.0,29.20830960531631,74,-4.0,24.0,-0.05
07:36:35,114.5,6.0,151.83,12.0,113.0,6.0,161.0,6.0,133.17,37.33000000000001,12.0,18.0,22.363732470229834,30,-6.0,-44.0,-0.2
07:36:36,115.0,6.0,150.67,12.0,113.0,6.0,437.56,16.0,132.83,35.66999999999999,12.0,28.0,18.411245748183678,40,-16.0,10.0,-0.4
07:36:37,115.0,11.0,119.87,15.0,113.0,11.0,141.24,17.0,117.43,4.8700000000000045,22.0,32.0,6.969838592106064,54,-10.0,14.0,-0.19
07:36:38,116.4,10.0,119.0,20.0,114.4,10.0,120.0,10.0,117.7,2.5999999999999943,20.0,30.0,8.51490751564637,50,-10.0,-4.0,-0.2
07:36:39,108.38,29.0,118.05,20.0,106.82,22.0,119.09,22.0,113.21,9.670000000000002,51.0,42.0,9.419788744977835,93,9.0,43.0,0.1
07:36:40,107.0,27.0,116.0,23.0,105.0,20.0,116.86,22.0,111.5,9.0,47.0,45.0,8.427812883542863,92,2.0,-1.0,0.02
07:36:41,103.24,25.0,112.25,32.0,66.65,23.0,113.09,22.0,107.75,9.010000000000005,48.0,54.0,4.190163481298887,102,-6.0,10.0,-0.06
07:36:42,105.0,30.0,109.8,20.0,65.75,16.0,110.46,35.0,107.4,4.799999999999997,46.0,55.0,4.249584685591135,101,-9.0,-1.0,-0.09
07:36:43,103.84,31.0,107.78,46.0,70.0,21.0,110.09,44.0,105.81,3.9399999999999977,52.0,90.0,3.089616481055632,142,-38.0,41.0,-0.27
07:36:44,103.45,55.0,107.13,45.0,76.65,20.0,108.22,36.0,105.29,3.6799999999999926,75.0,81.0,2.4392724325114927,156,-6.0,14.0,-0.04
07:36:45,95.83,24.0,131.34,29.0,53.87,15.0,159.18,39.0,113.59,35.510000000000005,39.0,68.0,3.3092929758500653,107,-29.0,-49.0,-0.27
07:36:46,102.83,12.0,197.15,13.0,94.89,9.0,367.0,7.0,149.99,94.32000000000001,21.0,20.0,19.057564902159232,41,1.0,-66.0,0.02
07:36:47,112.0,12.0,358.44,9.0,97.0,12.0,530.44,9.0,235.22,246.44,24.0,18.0,55.26815267403113,42,6.0,1.0,0.14
07:36:49,114.4,60.0,181.64,22.0,109.0,20.0,377.38,13.0,148.02,67.23999999999998,80.0,35.0,70.65378029518321,115,45.0,59.0,0.39
07:36:50,115.0,108.0,162.0,27.0,112.0,18.0,359.8,10.0,138.5,47.0,126.0,37.0,64.90510172551939,163,89.0,48.0,0.55
07:36:51,115.0,156.0,162.0,48.0,112.0,32.0,402.31,32.0,138.5,47.0,188.0,80.0,66.89750503568888,268,108.0,105.0,0.4
07:36:52,115.0,135.0,276.13,75.0,112.0,32.0,335.29,21.0,195.57,161.13,167.0,96.0,62.205651913632565,263,71.0,-5.0,0.27
07:36:53,115.0,54.0,280.0,45.0,112.0,18.0,584.8,25.0,197.5,165.0,72.0,70.0,30.306953327578405,142,2.0,-121.0,0.01
07:36:54,115.0,66.0,280.0,55.0,112.0,22.0,367.24,25.0,197.5,165.0,88.0,80.0,31.972972648785994,168,8.0,26.0,0.05
07:36:55,115.0,31.0,280.0,40.0,112.0,16.0,309.0,8.0,197.5,165.0,47.0,48.0,26.183162146693032,95,-1.0,-73.0,-0.01
07:36:56,115.0,45.0,197.29,21.0,112.0,18.0,225.0,23.0,156.14,82.28999999999999,63.0,44.0,18.30006612009966,107,19.0,12.0,0.18
07:36:57,115.0,55.0,155.07,29.0,112.0,22.0,171.73,22.0,135.03,40.06999999999999,77.0,51.0,29.398200285051757,128,26.0,21.0,0.2
07:36:58,115.0,49.0,150.4,42.0,112.0,26.0,156.39,38.0,132.7,35.400000000000006,75.0,80.0,32.11298460124837,155,-5.0,27.0,-0.03
07:36:59,112.43,21.0,122.14,70.0,111.04,54.0,144.36,22.0,117.29,9.709999999999994,75.0,92.0,31.070747818486943,167,-17.0,12.0,-0.1
07:37:00,112.0,9.0,119.81,27.0,111.0,36.0,122.61,36.0,115.91,7.810000000000002,45.0,63.0,16.32456523157686,108,-18.0,-59.0,-0.17
07:37:01,111.8,20.0,118.4,50.0,110.89,38.0,154.2,20.0,115.1,6.6000000000000085,58.0,70.0,9.796439659386813,128,-12.0,20.0,-0.09
07:37:02,112.83,47.0,117.45,20.0,110.91,46.0,145.26,54.0,115.14,4.6200000000000045,93.0,74.0,7.583071277523779,167,19.0,39.0,0.11
07:37:03,109.4,20.0,115.13,15.0,107.45,71.0,117.94,51.0,112.27,5.72999999999999,91.0,66.0,1.833976553832028,157,25.0,-10.0,0.16
07:37:04,109.0,20.0,113.2,46.0,107.0,70.0,114.29,14.0,111.1,4.200000000000003,90.0,60.0,2.0925176223882582,150,30.0,-7.0,0.2
07:37:05,109.0,11.0,175.56,18.0,107.0,63.0,263.52,27.0,142.28,66.56,74.0,45.0,13.034689102545034,119,29.0,-31.0,0.24
07:37:06,110.23,26.0,201.36,47.0,107.92,26.0,212.55,33.0,155.8,91.13000000000001,52.0,80.0,20.450276770743407,132,-28.0,13.0,-0.21
07:37:07,111.5,16.0,186.0,24.0,109.0,8.0,276.86,29.0,148.75,74.5,24.0,53.0,20.96399174775663,77,-29.0,-55.0,-0.38
07:37:08,112.5,14.0,186.0,33.0,109.0,11.0,320.0,33.0,149.25,73.5,25.0,66.0,17.620037741163003,91,-41.0,14.0,-0.45
07:37:09,113.7,10.0,186.0,30.0,109.0,10.0,327.71,35.0,149.85,72.3,20.0,65.0,4.79773175573717,85,-45.0,-6.0,-0.53
07:37:10,115.0,3.0,186.0,9.0,109.0,3.0,296.0,10.0,150.5,71.0,6.0,19.0,2.8545139691388757,25,-13.0,-60.0,-0.52
07:37:11,115.0,10.0,186.0,30.0,111.0,90.0,350.0,40.0,150.5,71.0,100.0,70.0,0.771848430722574,170,30.0,145.0,0.18
07:37:12,115.0,6.0,185.17,18.0,111.0,54.0,350.0,24.0,150.08,70.16999999999999,60.0,42.0,0.5207974654401774,102,18.0,-68.0,0.18
07:37:13,111.21,39.0,184.27,33.0,110.33,27.0,215.09,44.0,147.74,73.06000000000002,66.0,77.0,1.149208423223953,143,-11.0,41.0,-0.08
07:37:14,111.0,15.0,183.0,27.0,109.0,9.0,216.56,36.0,147.0,72.0,24.0,63.0,1.667297214058989,87,-39.0,-56.0,-0.45
07:37:15,111.0,9.0,181.11,27.0,109.0,9.0,362.51,39.0,146.06,70.11000000000001,18.0,66.0,1.938215674275913,84,-48.0,-3.0,-0.57
07:37:16,111.31,13.0,163.23,39.0,109.62,13.0,326.61,51.0,137.27,51.91999999999999,26.0,90.0,4.904232865597698,116,-64.0,32.0,-0.55
07:37:17,111.27,11.0,135.4,30.0,109.64,11.0,166.82,34.0,123.34,24.13000000000001,22.0,64.0,10.371138799572977,86,-42.0,-30.0,-0.49
07:37:18,108.78,9.0,135.0,27.0,106.92,36.0,264.38,39.0,121.89,26.22,45.0,66.0,12.033718045558789,111,-21.0,25.0,-0.19
07:37:19,111.0,11.0,133.25,16.0,108.76,17.0,135.0,24.0,122.12,22.25,28.0,40.0,10.987562514043162,68,-12.0,-43.0,-0.18
07:37:20,113.0,9.0,132.35,23.0,111.88,32.0,134.09,22.0,122.67,19.349999999999994,41.0,45.0,6.6267465622283845,86,-4.0,18.0,-0.05
07:37:21,112.07,87.0,130.94,32.0,111.82,102.0,131.71,28.0,121.5,18.870000000000005,189.0,60.0,0.7174468621473465,249,129.0,163.0,0.52
07:37:22,112.39,76.0,125.39,36.0,111.88,116.0,127.16,38.0,118.89,13.0,192.0,74.0,1.4731361104816212,266,118.0,17.0,0.44
07:37:23,112.0,132.0,121.0,24.0,109.08,12.0,122.0,36.0,116.5,9.0,144.0,60.0,2.5879972952081562,204,84.0,-62.0,0.41
07:37:24,112.0,78.0,119.12,16.0,109.0,8.0,120.12,16.0,115.56,7.1200000000000045,86.0,32.0,3.074561757389899,118,54.0,-86.0,0.46
07:37:25,112.51,47.0,116.47,38.0,111.77,78.0,117.38,32.0,114.49,3.9599999999999937,125.0,70.0,2.814830367891488,195,55.0,77.0,0.28
07:37:26,112.0,38.0,113.47,19.0,109.0,8.0,135.75,24.0,112.74,1.4699999999999989,46.0,43.0,2.29351913007147,89,3.0,-106.0,0.03
07:37:27,112.19,26.0,153.61,46.0,111.05,22.0,306.31,58.0,132.9,41.420000000000016,48.0,104.0,8.204298873152071,152,-56.0,63.0,-0.37
07:37:28,113.6,10.0,141.7,40.0,112.0,30.0,317.39,46.0,127.65,28.099999999999994,40.0,86.0,9.02056927250186,126,-46.0,-26.0,-0.37
07:37:29,114.58,12.0,154.0,48.0,112.0,36.0,382.89,44.0,134.29,39.42,48.0,92.0,10.183164046601886,140,-44.0,14.0,-0.31
07:37:30,115.0,7.0,152.46,24.0,112.0,21.0,181.71,28.0,133.73,37.46000000000001,28.0,52.0,9.069921168345727,80,-24.0,-60.0,-0.3
07:37:31,115.0,10.0,149.39,36.0,112.0,30.0,150.53,34.0,132.19,34.389999999999986,40.0,70.0,2.6405529723917085,110,-30.0,30.0,-0.27
07:37:32,110.85,26.0,147.36,33.0,111.29,28.0,148.24,37.0,129.1,36.51000000000002,54.0,70.0,2.90505077408409,124,-16.0,14.0,-0.13
07:37:33,109.0,54.0,132.25,20.0,107.0,12.0,147.45,22.0,120.62,23.25,66.0,42.0,5.610403728788716,108,24.0,-16.0,0.22
07:37:34,109.0,63.0,141.29,21.0,107.0,14.0,147.56,27.0,125.14,32.28999999999999,77.0,48.0,5.34137903541829,125,29.0,17.0,0.23
07:37:35,109.0,54.0,120.75,28.0,107.0,18.0,124.14,29.0,114.88,11.75,72.0,57.0,6.860020408133298,129,15.0,4.0,0.12
07:37:36,109.12,48.0,119.0,27.0,107.86,28.0,120.0,36.0,114.06,9.879999999999995,76.0,63.0,6.485059753001868,139,13.0,10.0,0.09
07:37:37,110.16,25.0,117.67,36.0,109.22,54.0,119.56,41.0,113.91,7.510000000000005,79.0,77.0,4.986072602761022,156,2.0,17.0,0.01
07:37:38,112.12,17.0,115.97,29.0,109.93,28.0,116.89,27.0,114.04,3.8499999999999943,45.0,56.0,4.897527947853264,101,-11.0,-55.0,-0.11
07:37:39,109.84,25.0,113.64,36.0,108.22,69.0,114.55,38.0,111.74,3.799999999999997,94.0,74.0,1.174725499852308,168,20.0,67.0,0.12
07:37:40,109.0,54.0,110.71,35.0,107.0,81.0,111.84,37.0,109.86,1.7099999999999937,135.0,72.0,1.8771041526785435,207,63.0,39.0,0.3
07:37:41,107.49,49.0,109.87,30.0,90.76,102.0,207.5,40.0,108.68,2.3800000000000097,151.0,70.0,2.3902259307443687,221,81.0,14.0,0.37
07:37:42,107.0,21.0,108.83,12.0,66.0,48.0,109.71,14.0,107.92,1.8299999999999983,69.0,26.0,2.471542028775263,95,43.0,-126.0,0.45
07:37:44,107.36,75.0,208.88,17.0,84.38,76.0,235.79,14.0,158.12,101.52,151.0,31.0,25.592182400100302,182,120.0,0.0,0.66
07:37:45,115.88,24.0,299.42,26.0,107.84,31.0,306.0,18.0,207.65,183.54000000000002,55.0,44.0,48.20829306250127,99,11.0,-83.0,0.11
07:37:46,117.0,21.0,250.73,11.0,115.0,7.0,252.03,31.0,183.86,133.73,28.0,42.0,49.87691229416685,70,-14.0,-29.0,-0.2
07:37:47,117.0,24.0,247.25,40.0,115.0,8.0,249.0,8.0,182.12,130.25,32.0,48.0,45.26218046007081,80,-16.0,10.0,-0.2
07:37:48,117.0,27.0,247.0,45.0,115.0,9.0,249.0,9.0,182.0,130.0,36.0,54.0,17.52739569930512,90,-18.0,10.0,-0.2
07:37:49,116.8,20.0,246.83,24.0,113.5,12.0,247.33,24.0,181.82,130.03000000000003,32.0,48.0,11.29965043707197,80,-16.0,-10.0,-0.2
07:37:50,112.12,25.0,242.77,13.0,111.27,11.0,246.07,41.0,177.44,130.65,36.0,54.0,2.3862355290329424,90,-18.0,10.0,-0.2
07:37:51,112.0,15.0,237.05,21.0,111.0,5.0,239.11,9.0,174.52,125.05000000000001,20.0,30.0,3.4463313827922253,50,-10.0,-40.0,-0.2
07:37:52,112.0,30.0,234.2,46.0,111.0,10.0,236.57,14.0,173.1,122.19999999999999,40.0,60.0,4.085814484288063,100,-20.0,50.0,-0.2
07:37:53,112.0,5.0,176.42,12.0,111.0,5.0,210.53,17.0,144.21,64.41999999999999,10.0,29.0,14.916374224321935,39,-19.0,-61.0,-0.49
07:37:54,112.0,6.0,173.89,18.0,111.0,6.0,174.33,12.0,142.94,61.889999999999986,12.0,30.0,17.29989075110053,42,-18.0,3.0,-0.43
07:37:55,112.0,33.0,169.08,53.0,111.0,13.0,170.03,29.0,140.54,57.08000000000001,46.0,82.0,17.17251059105837,128,-36.0,86.0,-0.28
07:37:56,112.0,24.0,165.85,41.0,111.0,18.0,166.86,51.0,138.93,53.849999999999994,42.0,92.0,14.211601950519512,134,-50.0,6.0,-0.37
07:37:57,110.04,46.0,157.44,71.0,108.23,26.0,162.19,52.0,133.74,47.39999999999999,72.0,123.0,4.091634147869066,195,-51.0,61.0,-0.26
07:37:58,108.68,75.0,117.85,53.0,107.4,75.0,119.91,33.0,113.26,9.169999999999987,150.0,86.0,12.01192823821417,236,64.0,41.0,0.27
07:37:59,109.45,53.0,114.28,32.0,107.9,120.0,114.42,45.0,111.87,4.829999999999998,173.0,77.0,14.022816050993669,250,96.0,14.0,0.38
07:38:00,107.0,104.0,114.12,48.0,106.0,48.0,289.67,58.0,110.56,7.1200000000000045,152.0,106.0,13.544303968827801,258,46.0,8.0,0.18
07:38:01,107.37,46.0,115.0,35.0,106.85,47.0,406.0,35.0,111.18,7.6299999999999955,93.0,70.0,9.899793937249573,163,23.0,-95.0,0.14
07:38:02,110.0,30.0,115.0,48.0,108.17,30.0,395.05,37.0,112.5,5.0,60.0,85.0,1.0631462740387994,145,-25.0,-18.0,-0.17
07:38:03,111.42,67.0,114.92,48.0,110.7,33.0,260.35,46.0,113.17,3.5,100.0,94.0,1.0341808352520252,194,6.0,49.0,0.03
07:38:04,112.0,28.0,113.29,28.0,111.0,28.0,272.0,28.0,112.64,1.2900000000000063,56.0,56.0,1.092474255990777,112,0.0,-82.0,0.0
07:38:05,112.85,39.0,245.31,52.0,110.84,38.0,468.52,29.0,179.08,132.46,77.0,81.0,29.84149091449697,158,-4.0,46.0,-0.03
07:38:07,114.27,22.0,325.43,28.0,110.85,26.0,388.75,16.0,219.85,211.16000000000003,48.0,44.0,81.9256069248194,92,4.0,-6.0,0.04
07:38:08,111.0,16.0,212.23,26.0,109.0,8.0,283.94,16.0,161.62,101.22999999999999,24.0,42.0,73.49835215839889,66,-18.0,-26.0,-0.27
07:38:09,108.59,39.0,156.95,42.0,107.12,48.0,192.2,15.0,132.77,48.359999999999985,87.0,57.0,68.12439159361365,144,30.0,78.0,0.21
07:38:10,108.42,76.0,173.52,25.0,106.42,55.0,214.79,53.0,140.97,65.10000000000001,131.0,78.0,73.05068185855637,209,53.0,65.0,0.25
07:38:11,113.0,33.0,128.74,19.0,108.82,44.0,220.71,14.0,120.87,15.740000000000009,77.0,33.0,39.06719954130325,110,44.0,-99.0,0.4
07:38:12,111.91,33.0,126.36,22.0,108.45,44.0,249.54,39.0,119.14,14.450000000000003,77.0,61.0,17.323447405178914,138,16.0,28.0,0.12
07:38:13,108.65,40.0,124.2,20.0,106.89,38.0,156.0,40.0,116.43,15.549999999999997,78.0,60.0,10.426992855085201,138,18.0,0.0,0.13
07:38:14,109.0,56.0,123.0,16.0,107.0,24.0,207.75,32.0,116.0,14.0,80.0,48.0,10.416533492481896,128,32.0,-10.0,0.25
07:38:15,110.38,78.0,121.69,26.0,107.0,39.0,342.9,20.0,116.04,11.310000000000002,117.0,46.0,2.2011883154323906,163,71.0,35.0,0.44
07:38:16,112.0,48.0,121.0,16.0,107.0,56.0,219.82,28.0,116.5,9.0,104.0,44.0,1.3150741423949879,148,60.0,-15.0,0.41
07:38:17,114.51,37.0,121.0,20.0,110.56,54.0,424.31,26.0,117.76,6.489999999999995,91.0,46.0,0.7147587005387595,137,45.0,-11.0,0.33
07:38:18,115.0,5.0,121.0,10.0,112.0,30.0,353.31,13.0,118.0,6.0,35.0,23.0,0.9554056729975572,58,12.0,-79.0,0.21
07:38:19,113.0,24.0,118.34,35.0,109.73,88.0,251.74,46.0,115.67,5.340000000000003,112.0,81.0,1.037535541557927,193,31.0,135.0,0.16
07:38:20,112.0,24.0,115.52,29.0,107.0,60.0,116.32,31.0,113.76,3.519999999999996,84.0,60.0,1.7250275360108913,144,24.0,-49.0,0.17
07:38:21,109.27,49.0,113.95,41.0,96.59,74.0,158.84,32.0,111.61,4.680000000000007,123.0,73.0,2.7133097869568092,196,50.0,52.0,0.26
07:38:22,110.1,39.0,113.75,24.0,108.6,42.0,214.0,36.0,111.93,3.6500000000000057,81.0,60.0,2.6765332054722095,141,21.0,-55.0,0.15
07:38:23,111.21,47.0,113.5,30.0,109.0,70.0,167.67,36.0,112.36,2.2900000000000063,117.0,66.0,1.671176232476726,183,51.0,42.0,0.28
07:38:24,114.0,20.0,214.67,27.0,107.22,37.0,349.13,23.0,164.33,100.66999999999999,57.0,50.0,23.231600676664478,107,7.0,-76.0,0.07
07:38:25,111.0,6.0,272.25,24.0,107.0,30.0,459.17,18.0,191.62,161.25,36.0,42.0,37.4205003975094,78,-6.0,-29.0,-0.08
07:38:26,107.24,21.0,159.0,30.0,81.23,22.0,354.17,18.0,133.12,51.760000000000005,43.0,48.0,34.71348541993446,91,-5.0,13.0,-0.05
07:38:27,95.0,25.0,159.0,30.0,66.67,30.0,315.0,18.0,127.0,64.0,55.0,48.0,31.91874182984039,103,7.0,12.0,0.07
07:38:28,87.0,25.0,157.91,23.0,21.4,25.0,203.1,21.0,122.46,70.91,50.0,44.0,29.511214478567346,94,6.0,-9.0,0.06
07:38:29,101.12,64.0,154.63,43.0,67.77,56.0,155.89,47.0,127.88,53.50999999999999,120.0,90.0,28.873168859687034,210,30.0,116.0,0.14
07:38:30,113.0,16.0,151.8,35.0,107.0,80.0,154.03,37.0,132.4,38.80000000000001,96.0,72.0,4.348691757298671,168,24.0,-42.0,0.14
07:38:31,113.0,22.0,148.5,50.0,109.0,77.0,149.46,46.0,130.75,35.5,99.0,96.0,3.8268943021720965,195,3.0,27.0,0.02
07:38:32,113.0,20.0,143.33,42.0,109.0,70.0,144.7,46.0,128.17,30.330000000000013,90.0,88.0,3.778434861155782,178,2.0,-17.0,0.01
07:38:33,109.39,62.0,138.23,43.0,107.42,101.0,140.94,47.0,123.81,28.83999999999999,163.0,90.0,3.2676398210325077,253,73.0,75.0,0.29
07:38:34,110.04,56.0,129.35,37.0,108.46,87.0,130.21,38.0,119.69,19.309999999999988,143.0,75.0,5.200892231146217,218,68.0,-35.0,0.31
07:38:35,110.0,96.0,127.07,59.0,109.0,84.0,128.08,48.0,118.53,17.069999999999993,180.0,107.0,5.275035544903611,287,73.0,69.0,0.25
07:38:36,111.6,120.0,125.6,60.0,109.0,105.0,126.65,69.0,118.6,14.0,225.0,129.0,4.183120844536543,354,96.0,67.0,0.27
07:38:37,112.0,78.0,122.58,69.0,109.0,105.0,123.55,65.0,117.29,10.579999999999998,183.0,134.0,2.5105736396281606,317,49.0,-37.0,0.15
07:38:38,112.0,75.0,117.38,61.0,109.0,105.0,119.03,74.0,114.69,5.3799999999999955,180.0,135.0,1.915019582144132,315,45.0,-2.0,0.14
07:38:39,112.0,50.0,113.41,49.0,110.0,55.0,115.02,49.0,112.7,1.4099999999999966,105.0,98.0,2.5872707627914124,203,7.0,-112.0,0.03
07:38:40,110.1,58.0,111.7,43.0,109.06,82.0,112.57,56.0,110.9,1.6000000000000085,140.0,99.0,3.172763779419295,239,41.0,36.0,0.17
07:38:41,109.19,52.0,175.0,55.0,107.58,121.0,236.79,43.0,142.1,65.81,173.0,98.0,12.835241719578,271,75.0,32.0,0.28
07:38:42,109.0,31.0,227.16,25.0,107.0,105.0,267.44,25.0,168.08,118.16,136.0,50.0,24.97260659202394,186,86.0,-85.0,0.46
07:38:43,108.19,74.0,226.0,39.0,106.08,171.0,476.56,57.0,167.09,117.81,245.0,96.0,27.92271978156855,341,149.0,155.0,0.44
07:38:44,108.36,236.0,211.41,46.0,102.26,190.0,268.17,72.0,159.89,103.05,426.0,118.0,24.016837218917924,544,308.0,169.5,0.57
07:38:45,109.0,91.0,116.0,18.0,107.0,135.0,193.0,27.0,112.5,7.0,226.0,45.0,23.374149610199755,271,181.0,-170.5,0.67
07:38:46,109.0,70.0,175.04,25.0,107.0,150.0,205.5,30.0,142.02,66.03999999999999,220.0,55.0,23.38087744290195,275,165.0,4.0,0.6
07:38:47,109.0,83.0,167.79,38.0,107.0,195.0,240.5,34.0,138.39,58.78999999999999,278.0,72.0,21.29131442631008,350,206.0,75.0,0.59
07:38:48,109.0,40.0,162.38,26.0,107.0,90.0,391.88,24.0,135.69,53.379999999999995,130.0,50.0,16.96035583353127,180,80.0,-170.0,0.44
07:38:49,113.67,18.0,276.17,30.0,108.37,41.0,460.1,30.0,194.92,162.5,59.0,60.0,30.36061148923058,119,-1.0,-61.0,-0.01
07:38:50,115.0,22.0,406.27,15.0,109.0,44.0,422.67,45.0,260.63,291.27,66.0,60.0,54.08397960579461,126,6.0,7.0,0.05
07:38:51,109.13,23.0,182.56,18.0,108.19,62.0,417.39,18.0,145.84,73.43,85.0,36.0,53.537680468993116,121,49.0,-5.0,0.4
07:38:52,109.05,21.0,192.61,18.0,107.27,66.0,355.88,26.0,150.83,83.56000000000002,87.0,44.0,51.66173700138245,131,43.0,10.0,0.33
07:38:53,110.79,47.0,351.4,10.0,107.48,120.0,353.0,10.0,231.09,240.60999999999996,167.0,20.0,49.90910407931616,187,147.0,56.0,0.79
07:38:54,113.0,56.0,190.29,24.0,109.0,84.0,237.65,20.0,151.65,77.28999999999999,140.0,44.0,53.88010226419407,184,96.0,-3.0,0.52
07:38:55,113.0,56.0,196.62,8.0,110.5,24.0,198.5,12.0,154.81,83.62,80.0,20.0,36.058423149106325,100,60.0,-84.0,0.6
07:38:56,113.0,95.0,162.38,13.0,111.0,33.0,164.93,15.0,137.69,49.379999999999995,128.0,28.0,37.40435375728348,156,100.0,56.0,0.64
07:38:57,114.64,22.0,154.1,10.0,112.94,100.0,155.1,10.0,134.37,39.459999999999994,122.0,20.0,39.644070426736036,142,102.0,-14.0,0.72
07:38:58,117.0,11.0,151.0,11.0,113.08,75.0,153.73,11.0,134.0,34.0,86.0,22.0,9.9591857096855,108,64.0,-34.0,0.59
07:38:59,117.0,7.0,148.29,7.0,115.0,7.0,149.71,7.0,132.64,31.289999999999992,14.0,14.0,9.193947465588623,28,0.0,-80.0,0.0
07:39:00,113.05,73.0,144.73,11.0,112.18,17.0,146.0,10.0,128.89,31.679999999999993,90.0,21.0,3.1840650118995235,111,69.0,83.0,0.62
07:39:01,113.0,106.0,139.5,26.0,112.0,28.0,141.47,15.0,126.25,26.5,134.0,41.0,3.5283353015271155,175,93.0,64.0,0.53
07:39:02,114.21,62.0,137.06,35.0,113.55,69.0,138.12,25.0,125.63,22.85000000000001,131.0,60.0,3.742308111313421,191,71.0,16.0,0.37
07:39:03,117.0,10.0,136.56,34.0,115.0,70.0,137.73,22.0,126.78,19.560000000000002,80.0,56.0,2.8496613833931272,136,24.0,-55.0,0.18
07:39:04,117.0,6.0,133.45,22.0,115.0,42.0,134.69,26.0,125.23,16.44999999999999,48.0,48.0,1.432403574416756,96,0.0,-40.0,0.0
07:39:05,115.62,13.0,131.0,14.0,114.71,42.0,131.59,17.0,123.31,15.379999999999995,55.0,31.0,1.3293607486313803,86,24.0,-10.0,0.28
07:39:06,115.0,81.0,128.53,17.0,113.0,46.0,130.5,28.0,121.76,13.530000000000001,127.0,45.0,1.9951867080555832,172,82.0,86.0,0.48
07:39:07,115.0,73.0,124.45,42.0,113.0,63.0,125.45,31.0,119.73,9.450000000000003,136.0,73.0,2.780857781333228,209,63.0,37.0,0.3
07:39:08,114.14,56.0,122.12,16.0,112.92,78.0,123.55,29.0,118.13,7.980000000000004,134.0,45.0,2.813328988938451,179,89.0,-30.0,0.5
07:39:09,113.0,46.0,117.83,23.0,112.0,22.0,118.8,30.0,115.41,4.829999999999998,68.0,53.0,3.08789896207783,121,15.0,-58.0,0.12
07:39:10,111.73,33.0,113.78,18.0,109.12,67.0,118.17,36.0,112.75,2.049999999999997,100.0,54.0,3.5507858285175673,154,46.0,33.0,0.3
07:39:11,111.0,35.0,113.0,7.0,109.0,7.0,119.0,21.0,112.0,2.0,42.0,28.0,3.338275003650993,70,14.0,-84.0,0.2
07:39:12,110.74,38.0,112.16,32.0,107.2,89.0,161.53,34.0,111.45,1.4200000000000017,127.0,66.0,2.7882108958973846,193,61.0,123.0,0.32
07:39:13,107.07,81.0,112.78,9.0,101.99,81.0,212.43,44.0,109.93,5.710000000000008,162.0,53.0,2.018890784564822,215,109.0,22.0,0.51
07:39:14,107.0,92.0,158.08,12.0,97.35,62.0,218.51,39.0,132.54,51.08000000000001,154.0,51.0,9.45155701458765,205,103.0,-10.0,0.5
07:39:15,108.6,20.0,231.3,37.0,107.0,89.0,334.96,46.0,169.95,122.70000000000002,109.0,83.0,25.658478715621502,192,26.0,-13.0,0.14
07:39:16,109.71,14.0,362.88,34.0,107.0,84.0,430.8,25.0,236.3,253.17000000000002,98.0,59.0,52.96594594642868,157,39.0,-35.0,0.25
07:39:17,111.0,24.0,296.41,54.0,107.0,144.0,301.12,51.0,203.7,185.41000000000003,168.0,105.0,51.33679898474394,273,63.0,116.0,0.23
07:39:18,108.94,31.0,262.36,25.0,106.76,118.0,285.7,44.0,185.65,153.42000000000002,149.0,69.0,38.5952868884273,218,80.0,-55.0,0.37
07:39:19,107.25,57.0,197.62,53.0,103.94,64.0,253.39,51.0,152.43,90.37,121.0,104.0,32.2607878081117,225,17.0,7.0,0.08
07:39:20,107.0,77.0,140.91,55.0,100.0,44.0,151.55,55.0,123.95,33.91,121.0,110.0,43.772667613477786,231,11.0,6.0,0.05
07:39:21,107.0,91.0,139.92,65.0,97.32,19.0,163.46,63.0,123.46,32.91999999999999,110.0,128.0,36.181211560698245,238,-18.0,7.0,-0.08
07:39:22,107.0,84.0,139.0,35.0,93.4,10.0,279.67,30.0,123.0,32.0,94.0,65.0,27.58706889105842,159,29.0,-79.0,0.18
07:39:23,107.0,113.0,137.14,42.0,91.0,40.0,140.29,34.0,122.07,30.139999999999986,153.0,76.0,13.12614071233435,229,77.0,70.0,0.34
07:39:24,107.0,93.0,136.0,45.0,82.53,30.0,137.0,27.0,121.5,29.0,123.0,72.0,1.0026115897994976,195,51.0,-34.0,0.26
07:39:25,113.29,126.0,134.08,65.0,101.94,53.0,137.0,39.0,123.68,20.790000000000006,179.0,104.0,0.92952676131474,283,75.0,88.0,0.27
07:39:26,115.0,66.0,133.0,40.0,111.0,40.0,137.0,24.0,124.0,18.0,106.0,64.0,1.056503667764712,170,42.0,-113.0,0.25
07:39:27,115.0,114.0,129.8,35.0,111.0,60.0,130.94,53.0,122.4,14.800000000000011,174.0,88.0,1.069205312370018,262,86.0,92.0,0.33
07:39:28,115.0,90.0,123.97,33.0,111.0,45.0,125.19,27.0,119.48,8.969999999999999,135.0,60.0,1.8274353613740182,195,75.0,-67.0,0.38
07:39:29,115.0,100.0,120.3,40.0,111.0,50.0,121.26,34.0,117.65,5.299999999999997,150.0,74.0,2.7703104519169104,224,76.0,29.0,0.34
07:39:30,115.0,105.0,116.13,30.0,111.0,75.0,156.6,45.0,115.57,1.1299999999999955,180.0,75.0,3.4284034185025365,255,105.0,31.0,0.41
07:39:31,112.71,21.0,116.0,12.0,108.67,36.0,353.0,18.0,114.36,3.2900000000000063,57.0,30.0,3.192533476723406,87,27.0,-168.0,0.31
07:39:32,111.0,28.0,115.0,14.0,107.0,49.0,353.0,21.0,113.0,4.0,77.0,35.0,2.583925308517917,112,42.0,25.0,0.38
07:39:33,111.0,40.0,114.58,24.0,107.0,84.0,264.52,52.0,112.79,3.5799999999999983,124.0,76.0,2.006845783810821,200,48.0,88.0,0.24
07:39:34,111.0,19.0,114.0,22.0,107.0,97.0,128.96,49.0,112.5,3.0,116.0,71.0,1.2917933271228645,187,45.0,-13.0,0.24
07:39:35,107.35,57.0,141.67,24.0,105.37,93.0,154.33,45.0,124.51,34.31999999999999,150.0,69.0,5.124711699208002,219,81.0,32.0,0.37
07:39:36,107.0,109.0,231.4,50.0,61.75,40.0,335.0,50.0,169.2,124.4,149.0,100.0,24.461266320450385,249,49.0,30.0,0.2
07:39:37,107.0,70.0,227.0,35.0,104.8,10.0,507.32,25.0,167.0,120.0,80.0,60.0,28.631338599513672,140,20.0,-109.0,0.14
07:39:38,107.04,99.0,204.09,44.0,83.72,61.0,346.0,50.0,155.57,97.05,160.0,94.0,25.761392237222008,254,66.0,114.0,0.26
07:39:39,109.24,21.0,328.74,39.0,107.05,74.0,568.36,33.0,218.99,219.5,95.0,72.0,34.07282832404736,167,23.0,-87.0,0.14
07:39:40,114.71,105.0,292.75,52.0,111.05,39.0,556.27,44.0,203.73,178.04000000000002,144.0,96.0,27.03611418085086,240,48.0,73.0,0.2
07:39:47,117.0,42.0,400.08,26.0,113.0,54.0,708.67,9.0,258.54,283.08,96.0,35.0,70.8987339802342,131,61.0,-97.0,0.47
07:39:48,117.0,16.0,356.0,16.0,113.0,25.0,657.0,12.0,236.5,239.0,41.0,28.0,86.46729138813134,69,13.0,-62.0,0.19
07:39:49,115.09,44.0,356.0,24.0,112.86,37.0,615.0,18.0,235.55,240.91,81.0,42.0,76.16558855546258,123,39.0,54.0,0.32
07:39:50,115.0,87.0,356.0,36.0,113.0,54.0,570.22,27.0,235.5,241.0,141.0,63.0,28.55995238091288,204,78.0,81.0,0.38
07:39:51,115.0,90.0,313.41,34.0,113.0,60.0,632.5,36.0,214.21,198.41000000000003,150.0,70.0,15.6807222410197,220,80.0,16.0,0.36
07:39:53,115.0,27.0,187.0,12.0,113.0,18.0,506.0,9.0,151.0,72.0,45.0,21.0,73.73480541779445,66,24.0,-110.0,0.36
07:39:54,115.0,54.0,275.9,21.0,113.0,36.0,588.57,21.0,195.45,160.89999999999998,90.0,42.0,76.230406203824,132,48.0,66.0,0.36
07:39:55,115.0,72.0,281.48,31.0,113.0,48.0,402.0,25.0,198.24,166.48000000000002,120.0,56.0,77.38977729648799,176,64.0,44.0,0.36
07:39:57,115.0,59.0,150.76,42.0,113.0,60.0,303.25,32.0,132.88,35.75999999999999,119.0,74.0,60.867794275790935,193,45.0,67.0,0.23
07:39:58,115.0,60.0,145.6,40.0,113.0,72.0,154.56,39.0,130.3,30.599999999999994,132.0,79.0,65.04311093421045,211,53.0,18.0,0.25
07:39:59,115.0,50.0,140.11,18.0,113.0,60.0,141.5,24.0,127.56,25.110000000000014,110.0,42.0,70.32899032404778,152,68.0,-59.0,0.45
07:40:00,114.08,65.0,117.32,69.0,112.92,65.0,121.53,45.0,115.7,3.239999999999995,130.0,114.0,73.36534140859706,244,16.0,92.0,0.07
07:40:01,113.0,54.0,114.43,14.0,112.0,11.0,115.16,19.0,113.71,1.4300000000000068,65.0,33.0,8.74625062526837,98,32.0,-146.0,0.33
07:40:02,112.7,27.0,114.48,21.0,109.89,19.0,115.6,15.0,113.59,1.7800000000000011,46.0,36.0,8.096880263410565,82,10.0,-16.0,0.12
07:40:03,111.0,54.0,112.97,30.0,109.0,28.0,113.44,39.0,111.98,1.9699999999999989,82.0,69.0,6.317552532429603,151,13.0,69.0,0.09
07:40:04,109.61,23.0,111.29,21.0,107.2,102.0,113.12,32.0,110.45,1.6800000000000068,125.0,53.0,1.977885234286327,178,72.0,27.0,0.4
07:40:05,107.0,180.0,109.32,25.0,70.09,46.0,110.29,35.0,108.16,2.319999999999993,226.0,60.0,2.3297145747940853,286,166.0,108.0,0.58
07:40:06,107.0,96.0,229.33,18.0,67.7,40.0,286.0,34.0,168.17,122.33000000000001,136.0,52.0,25.625382923968314,188,84.0,-98.0,0.45
07:40:07,109.0,24.0,312.5,12.0,107.0,36.0,372.77,13.0,210.75,203.5,60.0,25.0,45.97045757875383,85,35.0,-103.0,0.41
07:40:08,113.5,24.0,385.43,21.0,109.17,35.0,442.81,32.0,249.46,271.93,59.0,53.0,61.940251613954594,112,6.0,27.0,0.05
07:40:09,107.71,70.0,298.51,37.0,94.95,43.0,406.0,15.0,203.11,190.8,113.0,52.0,53.12917324784947,165,61.0,53.0,0.37
07:40:10,107.19,129.0,274.71,24.0,102.42,101.0,305.81,32.0,190.95,167.51999999999998,230.0,56.0,29.857439943839857,286,174.0,121.0,0.61
07:40:11,113.0,12.0,215.13,15.0,107.0,135.0,388.95,19.0,164.07,102.13,147.0,34.0,31.133271912858817,181,113.0,-105.0,0.62
07:40:12,113.0,16.0,196.0,18.0,107.0,72.0,250.25,8.0,154.5,83.0,88.0,26.0,37.45546515530149,114,62.0,-67.0,0.54
07:40:13,113.0,20.0,187.4,10.0,107.0,160.0,219.0,40.0,150.2,74.4,180.0,50.0,23.290060755609975,230,130.0,116.0,0.57
07:40:14,113.0,20.0,168.62,13.0,107.0,190.0,181.38,29.0,140.81,55.620000000000005,210.0,42.0,19.16348950478497,252,168.0,22.0,0.67
07:40:15,113.0,24.0,164.0,12.0,107.35,172.0,166.0,36.0,138.5,51.0,196.0,48.0,10.41901770801853,244,148.0,-8.0,0.61
07:40:16,113.43,21.0,161.58,31.0,108.12,72.0,162.58,24.0,137.5,48.150000000000006,93.0,55.0,7.5978628574095515,148,38.0,-96.0,0.26
07:40:17,113.0,20.0,155.14,29.0,112.0,33.0,156.68,31.0,134.07,42.139999999999986,53.0,60.0,6.0853865941288925,113,-7.0,-35.0,-0.06
07:40:18,112.9,31.0,150.64,44.0,111.8,45.0,152.44,54.0,131.77,37.73999999999998,76.0,98.0,3.600326374094972,174,-22.0,61.0,-0.13
07:40:19,112.0,10.0,132.08,24.0,109.0,10.0,139.04,23.0,122.04,20.080000000000013,20.0,47.0,6.577015280505597,67,-27.0,-107.0,-0.4
07:40:20,107.15,101.0,110.5,16.0,103.39,112.0,111.84,19.0,108.82,3.3499999999999943,213.0,35.0,11.597131110753418,248,178.0,169.5,0.72
07:40:21,107.27,118.0,113.38,24.0,103.56,94.0,145.41,34.0,110.32,6.109999999999999,212.0,58.0,11.720688119731088,270,154.0,22.0,0.57
07:40:22,107.74,70.0,113.23,26.0,103.55,186.0,128.23,43.0,110.49,5.490000000000009,256.0,69.0,9.96221210374513,325,187.0,55.0,0.58
07:40:23,107.0,206.0,111.5,18.0,85.32,130.0,208.47,32.0,109.25,4.5,336.0,50.0,5.554496376810986,386,286.0,61.0,0.74
07:40:24,107.0,130.0,111.0,27.0,95.12,68.0,112.0,9.0,109.0,4.0,198.0,36.0,0.7743577984411484,234,162.0,-152.0,0.69
07:40:25,107.0,114.0,110.46,13.0,52.4,20.0,111.09,23.0,108.73,3.4599999999999937,134.0,36.0,0.7970382675923555,170,98.0,-64.0,0.58
07:40:26,108.24,105.0,109.8,15.0,103.82,98.0,230.16,37.0,109.02,1.5600000000000023,203.0,52.0,0.6913537444801086,255,151.0,85.0,0.59
07:40:27,109.0,55.0,147.6,15.0,107.0,56.0,235.77,35.0,128.3,38.599999999999994,111.0,50.0,8.6331888662305,161,61.0,-94.0,0.38
07:40:28,109.38,16.0,193.85,26.0,94.81,21.0,382.4,30.0,151.61,84.47,37.0,56.0,18.89301643465133,93,-19.0,-68.0,-0.2
07:40:29,111.8,5.0,204.0,12.0,106.82,11.0,470.75,12.0,157.9,92.2,16.0,24.0,23.101313166138496,40,-8.0,-53.0,-0.2
07:40:32,91.0,30.0,103.0,12.0,68.21,42.0,198.43,23.0,97.0,12.0,72.0,35.0,36.3786093741914,107,37.0,21.0,0.35
07:40:34,103.08,49.0,104.91,11.0,74.0,10.0,173.85,26.0,104.0,1.8299999999999983,59.0,37.0,9.126493302468909,96,22.0,-15.0,0.23
07:40:35,84.25,92.0,105.43,28.0,19.19,88.0,106.86,28.0,94.84,21.180000000000007,180.0,56.0,9.085701954170059,236,124.0,140.0,0.53
07:40:37,89.12,80.0,226.0,14.0,59.38,40.0,203.33,18.0,157.56,136.88,120.0,32.0,30.90112052984499,152,88.0,89.0,0.58
07:40:38,98.36,77.0,294.51,35.0,94.18,77.0,336.43,42.0,196.44,196.14999999999998,154.0,77.0,48.348699879107436,231,77.0,79.0,0.33
07:40:39,114.13,53.0,301.87,30.0,105.62,61.0,312.51,35.0,208.0,187.74,114.0,65.0,57.508162724955824,179,49.0,-52.0,0.27
07:40:40,115.0,50.0,166.44,32.0,113.0,80.0,250.9,31.0,140.72,51.44,130.0,63.0,50.143160051995096,193,67.0,14.0,0.35
07:40:41,115.0,54.0,125.27,33.0,113.0,104.0,284.69,26.0,120.14,10.269999999999996,158.0,59.0,37.060252562550026,217,99.0,24.0,0.46
07:40:42,115.22,54.0,124.0,42.0,113.13,120.0,298.47,30.0,119.61,8.780000000000001,174.0,72.0,42.36219446629267,246,102.0,29.0,0.41
07:40:43,117.0,33.0,123.73,33.0,115.0,44.0,439.5,36.0,120.36,6.730000000000004,77.0,69.0,38.094704093876366,146,8.0,-100.0,0.05
07:40:44,113.86,49.0,121.71,21.0,113.0,167.0,194.0,14.0,117.79,7.849999999999994,216.0,35.0,9.55461825506416,251,181.0,105.0,0.72
07:40:45,113.0,413.0,118.69,59.0,112.0,104.0,127.28,39.0,115.85,5.689999999999998,517.0,98.0,1.9101963249903522,615,419.0,169.5,0.68
07:40:46,113.0,315.0,115.16,38.0,112.0,80.0,117.63,41.0,114.08,2.1599999999999966,395.0,79.0,2.604202373089886,474,316.0,-141.0,0.67
07:40:47,113.0,216.0,128.89,27.0,112.0,72.0,208.4,20.0,120.94,15.889999999999986,288.0,47.0,2.9177954006418805,335,241.0,-139.0,0.72
07:40:48,113.0,213.0,125.89,9.0,112.0,72.0,193.0,36.0,119.44,12.89,285.0,45.0,2.739899633199538,330,240.0,-5.0,0.73
07:40:49,117.0,64.0,124.06,16.0,113.0,368.0,199.6,50.0,120.53,7.060000000000002,432.0,66.0,3.0399786183469786,498,366.0,168.0,0.73
07:40:50,117.0,20.0,123.25,8.0,113.0,184.0,269.1,20.0,120.12,6.25,204.0,28.0,2.8176444062384007,232,176.0,-170.5,0.76
07:40:51,115.42,19.0,122.86,7.0,113.19,127.0,509.0,16.0,119.14,7.439999999999998,146.0,23.0,0.7460428942133573,169,123.0,-63.0,0.73
07:40:52,115.0,30.0,121.5,6.0,113.0,138.0,326.67,6.0,118.25,6.5,168.0,12.0,0.8861320443401224,180,156.0,11.0,0.87
07:40:53,115.0,55.0,119.73,11.0,113.0,253.0,121.18,11.0,117.36,4.730000000000004,308.0,22.0,1.3071916462426378,330,286.0,150.0,0.87
07:40:54,115.0,49.0,117.73,11.0,113.0,253.0,119.36,11.0,116.36,2.730000000000004,302.0,22.0,1.4708093010335495,324,280.0,-6.0,0.86
07:40:55,115.0,22.0,116.9,10.0,113.0,230.0,117.9,10.0,115.95,1.9000000000000057,252.0,20.0,1.3167270028396316,272,232.0,-52.0,0.85
07:40:56,113.25,79.0,237.89,19.0,112.75,215.0,331.85,26.0,175.57,124.63999999999999,294.0,45.0,26.217518379892546,339,249.0,67.0,0.73
07:40:57,113.0,138.0,318.44,18.0,112.0,108.0,414.25,12.0,215.72,205.44,246.0,30.0,45.58788402635066,276,216.0,-63.0,0.78
07:40:58,113.0,208.0,294.65,31.0,112.0,180.0,418.75,16.0,203.82,181.64999999999998,388.0,47.0,47.33343564542925,435,341.0,159.0,0.78
07:40:59,113.0,111.0,243.09,22.0,112.0,126.0,462.31,13.0,178.05,130.09,237.0,35.0,38.55328222084326,272,202.0,-163.0,0.74
07:41:00,113.07,59.0,394.0,9.0,112.33,134.0,548.0,36.0,253.53,280.93,193.0,45.0,31.87211900705664,238,148.0,-34.0,0.62
07:41:02,112.05,161.0,243.0,26.0,111.89,81.0,703.0,39.0,177.52,130.95,242.0,65.0,53.70138201201134,307,177.0,-8.0,0.58
07:41:03,112.34,47.0,293.0,16.0,112.03,74.0,703.0,9.0,202.67,180.66,121.0,25.0,53.80569886173745,146,96.0,-161.0,0.66
07:41:04,113.86,14.0,289.45,11.0,112.15,80.0,716.0,10.0,201.66,175.58999999999997,94.0,21.0,49.80186271616729,115,73.0,-31.0,0.63
07:41:05,113.0,12.0,144.0,6.0,112.0,102.0,483.83,30.0,128.5,31.0,114.0,36.0,63.011571159589245,150,78.0,35.0,0.52
07:41:06,112.81,21.0,301.82,11.0,111.49,63.0,593.18,55.0,207.31,189.01,84.0,66.0,32.88216036090062,150,18.0,0.0,0.12
07:41:07,109.71,14.0,207.0,9.0,107.48,21.0,760.67,45.0,158.36,97.29,35.0,54.0,34.81741733672939,89,-19.0,-61.0,-0.21
07:41:08,110.75,16.0,282.0,8.0,93.5,14.0,781.0,40.0,196.38,171.25,30.0,48.0,33.881037764507525,78,-18.0,-11.0,-0.23
07:41:09,107.95,42.0,397.25,8.0,87.4,53.0,781.0,40.0,252.6,289.3,95.0,48.0,47.52119421900068,143,47.0,65.0,0.33
07:41:10,113.0,15.0,129.0,5.0,111.0,25.0,571.0,25.0,121.0,16.0,40.0,30.0,49.94998898898761,70,10.0,-73.0,0.14
07:41:11,113.0,27.0,283.0,9.0,111.0,45.0,346.0,45.0,198.0,170.0,72.0,54.0,49.17721748940239,126,18.0,56.0,0.14
07:41:12,113.0,15.0,338.2,15.0,111.0,25.0,365.05,20.0,225.6,225.2,40.0,35.0,49.17311541889514,75,5.0,-51.0,0.07
07:41:13,113.0,12.0,255.0,16.0,111.0,20.0,256.0,4.0,184.0,142.0,32.0,20.0,49.62970884460216,52,12.0,-23.0,0.23
07:41:14,113.0,94.0,254.0,52.0,111.0,65.0,256.0,13.0,183.5,141.0,159.0,65.0,38.351427613584136,224,94.0,169.5,0.42
07:41:15,113.0,43.0,251.64,44.0,111.0,55.0,256.46,26.0,182.32,138.64,98.0,70.0,18.431583762660853,168,28.0,-56.0,0.17
07:41:16,113.0,24.0,249.5,32.0,111.0,40.0,250.5,32.0,181.25,136.5,64.0,64.0,19.185001433411028,128,0.0,-40.0,0.0
07:41:17,113.0,53.0,233.63,27.0,111.0,45.0,245.83,24.0,173.31,120.63,98.0,51.0,4.362170331381328,149,47.0,21.0,0.32
07:41:18,116.86,56.0,175.89,56.0,112.57,23.0,225.72,39.0,146.38,59.02999999999999,79.0,95.0,15.598684880462955,174,-16.0,25.0,-0.09
07:41:19,117.0,78.0,127.52,23.0,113.0,26.0,130.41,54.0,122.26,10.519999999999996,104.0,77.0,26.127662161012097,181,27.0,7.0,0.15
07:41:20,117.0,90.0,122.25,48.0,113.0,32.0,123.6,60.0,119.62,5.25,122.0,108.0,28.35121037980535,230,14.0,49.0,0.06
07:41:21,117.0,53.0,119.55,44.0,114.33,36.0,121.62,26.0,118.27,2.549999999999997,89.0,70.0,23.828660684142164,159,19.0,-71.0,0.12
07:41:22,114.09,46.0,116.38,45.0,110.39,46.0,117.93,30.0,115.23,2.289999999999992,92.0,75.0,12.571820472786834,167,17.0,8.0,0.1
07:41:23,111.0,41.0,113.71,21.0,107.12,103.0,114.77,22.0,112.36,2.7099999999999937,144.0,43.0,3.850515549894852,187,101.0,20.0,0.54
07:41:24,107.71,51.0,112.0,9.0,104.36,44.0,141.2,15.0,109.85,4.290000000000006,95.0,24.0,4.048472551467027,119,71.0,-68.0,0.6
07:41:25,109.0,21.0,110.44,9.0,107.0,81.0,139.0,36.0,109.72,1.4399999999999977,102.0,45.0,3.667400987072697,147,57.0,28.0,0.39
07:41:26,107.0,30.0,110.0,6.0,104.0,18.0,272.33,24.0,108.5,3.0,48.0,30.0,2.6863674357730116,78,18.0,-69.0,0.23
07:41:27,107.0,46.0,109.6,10.0,86.0,20.0,425.43,49.0,108.3,2.5999999999999943,66.0,59.0,1.6192529141494798,125,7.0,47.0,0.06
07:41:28,92.2,15.0,108.0,11.0,66.84,37.0,524.0,44.0,100.1,15.799999999999997,52.0,55.0,4.0816271265246025,107,-3.0,-18.0,-0.03
07:41:29,101.0,6.0,327.33,12.0,81.0,18.0,405.15,26.0,214.17,226.32999999999998,24.0,38.0,48.23394157644575,62,-14.0,-45.0,-0.23
07:41:32,90.66,64.0,141.0,16.0,86.94,32.0,251.9,31.0,115.83,50.34,96.0,47.0,50.7576127295205,143,49.0,-19.0,0.34
07:41:33,93.0,12.0,148.7,47.0,91.0,144.0,397.35,52.0,120.85,55.69999999999999,156.0,99.0,49.0814272408615,255,57.0,112.0,0.22
07:41:35,97.33,109.0,103.0,10.0,95.86,21.0,106.0,50.0,100.17,5.670000000000002,130.0,60.0,11.485714170219492,190,70.0,-61.0,0.37
07:41:36,98.0,96.0,103.0,8.0,97.0,8.0,106.0,40.0,100.5,5.0,104.0,48.0,10.554057513581252,152,56.0,-38.0,0.37
07:41:37,100.36,97.0,104.93,28.0,98.4,20.0,148.63,38.0,102.64,4.570000000000007,117.0,66.0,9.380248930597777,183,51.0,31.0,0.28
07:41:38,101.12,65.0,104.0,28.0,99.66,67.0,106.0,40.0,102.56,2.8799999999999955,132.0,68.0,2.041078146465882,200,64.0,17.0,0.32
07:41:39,101.62,156.0,104.0,26.0,35.6,43.0,106.0,52.0,102.81,2.3799999999999955,199.0,78.0,1.287412132916522,277,121.0,77.0,0.44
07:41:41,85.58,128.0,114.86,42.0,86.01,74.0,206.67,42.0,100.22,29.28,202.0,84.0,12.766584116355492,286,118.0,53.0,0.41
07:41:42,115.0,65.0,124.08,26.0,113.0,273.0,253.33,48.0,119.54,9.079999999999998,338.0,74.0,16.52592115435568,412,264.0,126.0,0.64
07:41:43,115.0,113.0,123.03,38.0,113.0,357.0,181.45,55.0,119.01,8.030000000000001,470.0,93.0,18.71777951574333,563,377.0,151.0,0.67
07:41:44,115.0,58.0,119.37,30.0,113.0,210.0,120.59,27.0,117.18,4.3700000000000045,268.0,57.0,19.748834649162987,325,211.0,-170.5,0.65
07:41:45,115.0,35.0,116.71,21.0,113.0,147.0,120.0,14.0,115.86,1.7099999999999937,182.0,35.0,8.04047386663127,217,147.0,-108.0,0.68
07:41:46,115.0,16.0,119.5,16.0,113.0,168.0,121.0,40.0,117.25,4.5,184.0,56.0,1.4947474703040398,240,128.0,23.0,0.53
07:41:47,115.0,20.0,118.4,20.0,113.0,210.0,121.0,50.0,116.7,3.4000000000000057,230.0,70.0,1.153754739960067,300,160.0,60.0,0.53
07:41:48,113.14,140.0,116.91,66.0,111.88,197.0,139.57,46.0,115.03,3.769999999999996,337.0,112.0,0.9472750392469537,449,225.0,149.0,0.5
07:41:49,113.1,103.0,116.56,90.0,111.52,193.0,172.0,72.0,114.83,3.460000000000008,296.0,162.0,1.0440450181770473,458,134.0,9.0,0.29
07:41:50,113.08,78.0,116.0,60.0,112.45,66.0,427.62,42.0,114.54,2.9200000000000017,144.0,102.0,1.2195695962019995,246,42.0,-170.5,0.17
07:41:51,113.0,116.0,115.17,60.0,112.0,60.0,164.35,57.0,114.08,2.1700000000000017,176.0,117.0,0.9964085507362498,293,59.0,47.0,0.2
07:41:52,112.04,73.0,129.71,58.0,109.62,93.0,501.22,36.0,120.87,17.67,166.0,94.0,2.8178094328716257,260,72.0,-33.0,0.28
07:41:53,111.67,66.0,194.75,16.0,107.96,92.0,398.69,26.0,153.21,83.08,158.0,42.0,16.835882216265954,200,116.0,-60.0,0.58
07:41:54,115.67,24.0,204.56,18.0,112.07,60.0,363.85,27.0,160.11,88.89,84.0,45.0,22.29524545727138,129,39.0,-71.0,0.3
07:41:55,116.09,22.0,171.58,38.0,112.22,79.0,253.68,31.0,143.83,55.49000000000001,101.0,69.0,20.11781797312969,170,32.0,41.0,0.19
07:41:56,111.26,94.0,146.43,37.0,107.91,145.0,174.9,40.0,128.84,35.17,239.0,77.0,16.391123207394294,316,162.0,146.0,0.51
07:41:57,107.59,148.0,144.09,33.0,95.8,82.0,280.66,41.0,125.84,36.5,230.0,74.0,14.921850756524133,304,156.0,-12.0,0.51
07:41:58,109.65,80.0,143.21,42.0,105.99,162.0,214.11,36.0,126.43,33.56,242.0,78.0,14.862508200165275,320,164.0,16.0,0.51
07:41:59,113.0,16.0,141.43,42.0,111.0,80.0,346.0,46.0,127.21,28.430000000000007,96.0,88.0,7.575034653384768,184,8.0,-136.0,0.04
07:42:00,111.5,12.0,120.21,19.0,108.05,57.0,123.87,23.0,115.86,8.709999999999994,69.0,42.0,5.142599537197129,111,27.0,-73.0,0.24
07:42:01,111.0,18.0,119.17,18.0,107.0,84.0,120.21,19.0,115.08,8.170000000000002,102.0,37.0,6.063524552599764,139,65.0,28.0,0.47
07:42:02,111.0,36.0,116.35,31.0,107.04,157.0,117.38,32.0,113.68,5.349999999999994,193.0,63.0,6.595678130410867,256,130.0,117.0,0.51
07:42:03,111.0,36.0,112.69,35.0,109.0,36.0,115.12,25.0,111.84,1.6899999999999977,72.0,60.0,6.052361522577797,132,12.0,-124.0,0.09
07:42:04,108.11,79.0,112.0,27.0,89.82,34.0,132.46,26.0,110.06,3.8900000000000006,113.0,53.0,2.3714721166356423,166,60.0,34.0,0.36
07:42:05,107.0,54.0,111.17,24.0,85.0,6.0,139.6,10.0,109.08,4.170000000000002,60.0,34.0,2.4804676978304623,94,26.0,-72.0,0.28
07:42:06,109.24,102.0,341.44,18.0,105.38,68.0,524.23,13.0,225.34,232.2,170.0,31.0,51.090834794510656,201,139.0,107.0,0.69
07:42:11,110.0,33.0,307.37,19.0,107.0,33.0,361.08,13.0,208.68,197.37,66.0,32.0,56.09388246502447,98,34.0,-4.0,0.35
07:42:12,110.18,33.0,132.91,22.0,107.0,33.0,230.5,20.0,121.55,22.72999999999999,66.0,42.0,79.48969386027338,108,24.0,10.0,0.22
07:42:13,111.09,22.0,129.6,20.0,97.12,48.0,132.0,20.0,120.35,18.50999999999999,70.0,40.0,81.4822917571664,110,30.0,2.0,0.27
07:42:14,108.78,36.0,127.75,24.0,92.25,40.0,129.08,24.0,118.26,18.97,76.0,48.0,74.05190929341383,124,28.0,14.0,0.23
07:42:15,109.0,24.0,127.0,12.0,107.0,24.0,128.0,12.0,118.0,18.0,48.0,24.0,39.89190983144316,72,24.0,-52.0,0.33
07:42:16,107.89,27.0,125.5,16.0,94.86,42.0,126.88,16.0,116.69,17.61,69.0,32.0,1.9496281696754312,101,37.0,29.0,0.37
07:42:17,107.0,37.0,121.82,22.0,84.0,48.0,122.82,22.0,114.41,14.819999999999993,85.0,44.0,2.18777741097947,129,41.0,28.0,0.32
07:42:18,107.0,80.0,117.64,25.0,79.13,38.0,121.56,32.0,112.32,10.64,118.0,57.0,2.531487704886616,175,61.0,46.0,0.35
07:42:19,107.19,53.0,120.23,26.0,95.38,45.0,121.23,26.0,113.71,13.040000000000006,98.0,52.0,2.293867912498911,150,46.0,-25.0,0.31
07:42:20,115.0,18.0,117.67,18.0,107.0,45.0,118.89,18.0,116.33,2.6700000000000017,63.0,36.0,1.8265596075661232,99,27.0,-51.0,0.27
07:42:21,114.65,17.0,116.3,20.0,108.38,26.0,122.12,17.0,115.47,1.6499999999999915,43.0,37.0,1.5540978090172153,80,6.0,-19.0,0.07
07:42:22,113.0,11.0,114.91,22.0,107.0,55.0,257.62,16.0,113.95,1.9099999999999966,66.0,38.0,1.5704394289472317,104,28.0,24.0,0.27
07:42:23,111.98,118.0,169.07,30.0,105.59,59.0,252.0,30.0,140.52,57.08999999999999,177.0,60.0,11.524178061796523,237,117.0,133.0,0.49
07:42:24,113.0,66.0,317.82,22.0,107.0,55.0,637.81,26.0,215.41,204.82,121.0,48.0,43.379045402129265,169,73.0,-68.0,0.43
07:42:25,113.0,36.0,308.0,12.0,107.75,24.0,647.92,12.0,210.5,195.0,60.0,24.0,50.24954576909122,84,36.0,-85.0,0.43
07:42:26,116.5,48.0,255.43,14.0,112.69,39.0,402.0,10.0,185.96,138.93,87.0,24.0,44.48121367498861,111,63.0,27.0,0.57
07:42:27,117.0,63.0,235.15,39.0,113.0,156.0,257.19,27.0,176.08,118.15,219.0,66.0,30.131247567931776,285,153.0,169.5,0.54
07:42:28,117.0,12.0,234.83,18.0,113.0,72.0,296.12,17.0,175.92,117.83000000000001,84.0,35.0,18.94582486987556,119,49.0,-166.0,0.41
07:42:29,117.0,16.0,232.9,29.0,113.0,96.0,237.44,25.0,174.95,115.9,112.0,54.0,15.113580647880719,166,58.0,47.0,0.35
07:42:30,117.0,30.0,228.82,51.0,113.0,180.0,230.6,52.0,172.91,111.82,210.0,103.0,5.076675093010573,313,107.0,147.0,0.34
07:42:31,115.81,37.0,224.5,52.0,112.57,168.0,225.65,46.0,170.16,108.69,205.0,98.0,2.492434552800446,303,107.0,-10.0,0.35
07:42:32,113.0,154.0,222.29,56.0,107.0,168.0,225.0,42.0,167.64,109.28999999999999,322.0,98.0,3.4202675333946386,420,224.0,117.0,0.53
07:42:33,113.13,94.0,219.03,38.0,109.0,135.0,221.46,39.0,166.08,105.9,229.0,77.0,3.6512559482996148,306,152.0,-114.0,0.5
07:42:34,115.0,28.0,216.0,56.0,113.0,154.0,218.0,42.0,165.5,101.0,182.0,98.0,3.0737143653881223,280,84.0,-26.0,0.3
07:42:35,115.0,22.0,214.26,35.0,113.0,121.0,215.93,42.0,164.63,99.25999999999999,143.0,77.0,2.1744240616754844,220,66.0,-60.0,0.3
07:42:36,115.0,41.0,208.77,70.0,113.0,209.0,209.95,63.0,161.89,93.77000000000001,250.0,133.0,2.126351335032211,383,117.0,163.0,0.31
07:42:37,113.16,87.0,206.5,42.0,111.39,224.0,208.0,56.0,159.83,93.34,311.0,98.0,2.643734101605753,409,213.0,26.0,0.52
07:42:38,113.0,128.0,201.9,58.0,111.01,237.0,204.26,53.0,157.45,88.9,365.0,111.0,3.3351311818267533,476,254.0,67.0,0.53
07:42:39,113.0,128.0,196.84,58.0,112.0,16.0,197.85,62.0,154.92,83.84,144.0,120.0,3.7755502910162795,264,24.0,-170.5,0.09
07:42:40,113.0,177.0,192.43,68.0,112.0,14.0,193.66,44.0,152.71,79.43,191.0,112.0,3.6812362054061594,303,79.0,39.0,0.26
07:42:41,113.0,180.0,186.18,50.0,112.0,15.0,187.17,60.0,149.59,73.18,195.0,110.0,3.993745109542326,305,85.0,2.0,0.28
07:42:42,113.0,180.0,182.34,70.0,112.0,18.0,184.34,58.0,147.67,69.34,198.0,128.0,3.943186528683791,326,70.0,21.0,0.21
07:42:43,113.0,92.0,173.89,47.0,112.0,16.0,173.77,47.0,143.45,60.889999999999986,108.0,94.0,4.458107221679791,202,14.0,-124.0,0.07
07:42:44,113.15,53.0,118.23,71.0,111.22,88.0,119.34,68.0,115.69,5.079999999999998,141.0,139.0,14.988506263133553,280,2.0,78.0,0.01
07:42:45,111.19,159.0,114.81,36.0,110.06,170.0,115.56,59.0,113.0,3.6200000000000045,329.0,95.0,17.99585785674008,424,234.0,144.0,0.55
07:42:46,111.01,181.0,113.33,18.0,109.31,118.0,114.81,43.0,112.17,2.319999999999993,299.0,61.0,17.605910371235947,360,238.0,-64.0,0.66
07:42:47,111.0,169.0,112.08,24.0,109.0,120.0,155.38,52.0,111.54,1.0799999999999983,289.0,76.0,13.664869190738466,365,213.0,5.0,0.58
07:42:48,110.46,112.0,150.14,28.0,108.79,112.0,351.46,41.0,130.3,39.67999999999999,224.0,69.0,7.853161783638072,293,155.0,-72.0,0.53
07:42:49,109.0,110.0,289.78,23.0,107.0,44.0,465.0,40.0,199.39,180.77999999999997,154.0,63.0,37.778798948616576,217,91.0,-76.0,0.42
07:42:50,109.0,90.0,239.97,30.0,107.0,36.0,277.15,20.0,174.48,130.97,126.0,50.0,39.49415817560862,176,76.0,-41.0,0.43
07:42:51,109.0,40.0,268.0,12.0,107.0,16.0,289.0,4.0,188.5,159.0,56.0,16.0,38.08020903303964,72,40.0,-104.0,0.56
07:42:52,109.22,80.0,266.64,33.0,108.26,76.0,270.95,19.0,187.93,157.42,156.0,52.0,27.09425861690986,208,104.0,136.0,0.5
07:42:53,110.6,20.0,251.59,29.0,109.43,46.0,237.18,17.0,181.09,140.99,66.0,46.0,9.296492349267789,112,20.0,-96.0,0.18
07:42:54,111.27,11.0,175.77,13.0,109.4,30.0,182.53,17.0,143.52,64.50000000000001,41.0,30.0,18.558890861255545,71,11.0,-41.0,0.15
07:42:55,112.0,24.0,171.52,29.0,109.0,72.0,172.04,49.0,141.76,59.52000000000001,96.0,78.0,23.84870541559845,174,18.0,103.0,0.1
07:42:56,112.0,18.0,166.86,21.0,109.0,54.0,170.43,21.0,139.43,54.860000000000014,72.0,42.0,23.68767253235308,114,30.0,-60.0,0.26
07:42:57,112.84,50.0,151.03,33.0,109.0,78.0,164.52,27.0,131.94,38.19,128.0,60.0,19.26332707504065,188,68.0,74.0,0.36
07:42:58,113.0,30.0,159.94,53.0,107.86,70.0,161.12,51.0,136.47,46.94,100.0,104.0,4.576311833779908,204,-4.0,16.0,-0.02
07:42:59,114.5,32.0,155.81,32.0,109.25,32.0,157.28,18.0,135.16,41.31,64.0,50.0,3.8020086796315886,114,14.0,-90.0,0.12
07:43:00,114.63,27.0,128.08,37.0,111.18,22.0,131.93,27.0,121.36,13.450000000000017,49.0,64.0,6.974644793822389,113,-15.0,-1.0,-0.13
07:43:01,113.0,10.0,116.62,26.0,109.0,20.0,118.11,38.0,114.81,3.6200000000000045,30.0,64.0,9.441693174425527,94,-34.0,-19.0,-0.36
07:43:02,107.0,39.0,116.1,60.0,101.5,34.0,353.49,59.0,111.55,9.099999999999994,73.0,119.0,11.471597534781,192,-46.0,98.0,-0.24
07:43:03,105.0,40.0,116.25,24.0,55.42,40.0,117.46,26.0,110.62,11.25,80.0,50.0,10.118648625186735,130,30.0,-62.0,0.23
07:43:04,98.0,16.0,111.0,15.0,69.5,24.0,114.14,28.0,104.5,13.0,40.0,43.0,6.169470803885305,83,-3.0,-47.0,-0.04
07:43:09,103.43,28.0,270.47,30.0,79.58,86.0,501.06,33.0,186.95,167.04000000000002,114.0,63.0,65.98978087552642,177,51.0,-16.0,0.29
07:43:10,105.74,92.0,250.11,36.0,83.74,46.0,427.33,45.0,177.93,144.37,138.0,81.0,62.12599294981122,219,57.0,42.0,0.26
07:43:11,106.1,90.0,269.1,50.0,56.56,18.0,327.22,41.0,187.6,163.00000000000003,108.0,91.0,50.571801628971,199,17.0,-20.0,0.09
07:43:12,107.0,81.0,253.0,45.0,100.33,9.0,316.12,32.0,180.0,146.0,90.0,77.0,13.882702546694377,167,13.0,-32.0,0.08
07:43:13,108.0,81.0,269.0,45.0,105.0,9.0,374.0,36.0,188.5,161.0,90.0,81.0,4.862235082757162,171,9.0,4.0,0.05
07:43:14,110.3,60.0,268.67,60.0,108.79,76.0,490.23,39.0,189.48,158.37,136.0,99.0,5.329664154521797,235,37.0,64.0,0.16
07:43:15,113.0,147.0,230.93,56.0,111.08,75.0,269.56,55.0,171.96,117.93,222.0,111.0,7.466452973132184,333,111.0,98.0,0.33
07:43:16,113.0,137.0,173.49,49.0,112.0,110.0,210.08,50.0,143.24,60.49000000000001,247.0,99.0,18.935397540056933,346,148.0,13.0,0.43
07:43:17,113.0,91.0,176.0,35.0,111.89,61.0,319.44,25.0,144.5,63.0,152.0,60.0,22.702164654499228,212,92.0,-134.0,0.43
07:43:18,113.0,104.0,175.12,40.0,108.84,50.0,311.57,23.0,144.06,62.120000000000005,154.0,63.0,21.084376206091424,217,91.0,5.0,0.42
07:43:19,113.0,102.0,174.0,45.0,111.0,126.0,367.11,9.0,143.5,61.0,228.0,54.0,12.591875158211938,282,174.0,65.0,0.62
07:43:20,113.0,120.0,173.08,60.0,111.06,164.0,224.33,36.0,143.04,60.08000000000001,284.0,96.0,0.6024284189804426,380,188.0,98.0,0.49
07:43:21,113.52,54.0,165.91,53.0,112.81,86.0,282.12,43.0,139.71,52.39,140.0,96.0,1.9001368371765492,236,44.0,-144.0,0.19
07:43:22,115.0,86.0,125.86,37.0,113.0,130.0,157.33,60.0,120.43,10.86,216.0,97.0,10.048565569273828,313,119.0,77.0,0.38
07:43:23,115.0,108.0,124.44,25.0,113.0,90.0,137.48,25.0,119.72,9.439999999999998,198.0,50.0,12.145441531702154,248,148.0,-65.0,0.6
07:43:24,115.0,124.0,122.73,33.0,113.0,110.0,124.0,11.0,118.86,7.730000000000004,234.0,44.0,11.959400904727442,278,190.0,30.0,0.68
07:43:25,115.0,156.0,121.0,36.0,113.0,120.0,139.0,22.0,118.0,6.0,276.0,58.0,9.194228080703441,334,218.0,56.0,0.65
07:43:26,115.0,182.0,133.97,34.0,113.0,140.0,161.06,52.0,124.49,18.97,322.0,86.0,2.5136129375851914,408,236.0,74.0,0.58
07:43:27,115.0,84.0,116.92,38.0,113.0,100.0,117.59,22.0,115.96,1.9200000000000017,184.0,60.0,3.166051168252921,244,124.0,-164.0,0.51
07:43:28,115.0,71.0,116.44,57.0,113.0,130.0,238.58,38.0,115.72,1.4399999999999977,201.0,95.0,3.5490674831560622,296,106.0,52.0,0.36
07:43:29,113.04,112.0,286.59,34.0,112.19,54.0,279.44,36.0,199.81,173.54999999999995,166.0,70.0,36.51653091409417,236,96.0,-60.0,0.41
07:43:30,115.64,118.0,173.08,24.0,112.85,106.0,199.56,36.0,144.36,57.44000000000001,224.0,60.0,35.37026533686162,284,164.0,48.0,0.58
07:43:31,117.0,40.0,124.0,20.0,113.0,100.0,167.12,16.0,120.5,7.0,140.0,36.0,35.85132912459446,176,104.0,-108.0,0.59
07:43:32,117.0,10.0,123.1,20.0,113.0,97.0,197.28,25.0,120.05,6.099999999999994,107.0,45.0,35.22775141844842,152,62.0,-24.0,0.41
07:43:33,117.0,8.0,120.38,16.0,112.79,57.0,255.94,16.0,118.69,3.3799999999999955,65.0,32.0,34.73574772478627,97,33.0,-55.0,0.34
07:43:34,112.93,14.0,119.93,28.0,111.15,82.0,272.57,40.0,116.43,7.0,96.0,68.0,11.487851409206007,164,28.0,67.0,0.17
07:43:35,113.0,36.0,119.0,22.0,112.0,11.0,285.87,30.0,116.0,6.0,47.0,52.0,2.051567693252435,99,-5.0,-65.0,-0.05
07:43:36,113.0,25.0,118.5,16.0,112.0,8.0,323.0,24.0,115.75,5.5,33.0,40.0,1.8913434378761722,73,-7.0,-26.0,-0.1
07:43:37,112.57,14.0,118.0,20.0,111.05,88.0,242.2,25.0,115.29,5.430000000000007,102.0,45.0,1.3280135541467173,147,57.0,74.0,0.39
07:43:38,111.09,77.0,116.08,24.0,110.9,103.0,121.0,24.0,113.59,4.989999999999995,180.0,48.0,1.0989631476976616,228,132.0,81.0,0.58
07:43:39,111.8,59.0,116.0,22.0,110.98,41.0,185.32,25.0,113.9,4.200000000000003,100.0,47.0,1.0955044500126998,147,53.0,-81.0,0.36
07:43:40,113.65,34.0,122.27,26.0,111.1,73.0,221.1,39.0,117.96,8.61999999999999,107.0,65.0,1.7437230284645437,172,42.0,25.0,0.24
07:43:41,112.0,12.0,160.21,14.0,111.0,132.0,233.15,27.0,136.11,48.21000000000001,144.0,41.0,9.515663403042222,185,103.0,13.0,0.56
07:43:42,112.14,14.0,192.88,32.0,110.72,53.0,376.22,32.0,152.51,80.74,67.0,64.0,17.07878010866104,131,3.0,-54.0,0.02
07:43:43,113.61,18.0,145.38,39.0,112.0,15.0,263.87,23.0,129.5,31.769999999999996,33.0,62.0,15.398487912778826,95,-29.0,-36.0,-0.31
07:43:44,112.5,8.0,115.18,17.0,109.75,8.0,261.0,26.0,113.84,2.680000000000007,16.0,43.0,15.414182754852611,59,-27.0,-36.0,-0.46
07:43:45,109.76,34.0,113.43,28.0,106.71,42.0,238.33,61.0,111.6,3.6700000000000017,76.0,89.0,16.85002284864907,165,-13.0,106.0,-0.08
07:43:46,109.67,30.0,112.2,30.0,107.26,47.0,190.71,42.0,110.93,2.530000000000001,77.0,72.0,17.821024942466014,149,5.0,-16.0,0.03
07:43:47,107.28,32.0,213.39,23.0,92.64,28.0,256.65,43.0,160.34,106.10999999999999,60.0,66.0,21.041288458647106,126,-6.0,-23.0,-0.05
07:43:48,106.75,72.0,150.5,16.0,83.4,45.0,184.96,23.0,128.62,43.75,117.0,39.0,21.00040904363522,156,78.0,30.0,0.5
07:43:49,113.0,33.0,183.47,19.0,112.0,69.0,261.18,11.0,148.24,70.47,102.0,30.0,22.013677112195403,132,72.0,-24.0,0.55
07:43:50,113.0,36.0,250.0,10.0,112.0,90.0,329.15,46.0,181.5,137.0,126.0,56.0,27.399110934480976,182,70.0,50.0,0.38
07:43:51,113.0,20.0,249.33,9.0,112.0,81.0,330.0,45.0,181.17,136.33,101.0,54.0,22.547356386059864,155,47.0,-27.0,0.3
07:43:52,112.0,54.0,247.5,6.0,105.29,35.0,330.0,30.0,179.75,135.5,89.0,36.0,24.233962325628767,125,53.0,-30.0,0.42
07:43:53,112.0,135.0,164.19,57.0,107.0,75.0,215.11,57.0,138.1,52.19,210.0,114.0,20.93419141022634,324,96.0,169.5,0.3
07:43:54,112.0,72.0,127.75,40.0,107.0,40.0,131.0,32.0,119.88,15.75,112.0,72.0,29.110452590092002,184,40.0,-140.0,0.22
07:43:55,112.0,120.0,127.0,50.0,107.0,50.0,212.03,29.0,119.5,15.0,170.0,79.0,30.857712974230502,249,91.0,65.0,0.37
07:43:56,112.0,120.0,127.0,50.0,107.0,50.0,236.0,12.0,119.5,15.0,170.0,62.0,26.080108895478045,232,108.0,-17.0,0.47
07:43:57,112.84,104.0,126.6,30.0,110.0,100.0,135.74,54.0,119.72,13.759999999999991,204.0,84.0,8.252648059864933,288,120.0,56.0,0.42
07:43:58,112.0,90.0,122.97,30.0,107.29,41.0,126.5,30.0,117.48,10.969999999999999,131.0,60.0,0.983605612017476,191,71.0,-97.0,0.37
07:43:59,116.41,76.0,119.41,51.0,111.93,92.0,208.43,21.0,117.91,3.0,168.0,72.0,1.0438486480291396,240,96.0,49.0,0.4
07:44:00,117.0,28.0,183.26,73.0,112.0,84.0,268.22,73.0,150.13,66.25999999999999,112.0,146.0,14.11072535343213,258,-34.0,18.0,-0.13
07:44:01,117.0,10.0,168.5,50.0,112.0,30.0,188.86,49.0,142.75,51.5,40.0,99.0,15.617044214575063,139,-59.0,-119.0,-0.42
07:44:02,117.0,10.0,168.0,50.0,112.12,24.0,254.6,35.0,142.5,51.0,34.0,85.0,15.335166448395418,119,-51.0,-20.0,-0.43
07:44:03,117.0,18.0,164.64,87.0,113.0,18.0,218.12,74.0,140.82,47.639999999999986,36.0,161.0,12.228363341019625,197,-125.0,78.0,-0.63
07:44:04,117.0,13.0,161.59,59.0,114.52,21.0,162.48,58.0,139.3,44.59,34.0,117.0,4.169586310414085,151,-83.0,-46.0,-0.55
07:44:05,116.56,16.0,159.36,73.0,114.86,29.0,161.16,62.0,137.96,42.80000000000001,45.0,135.0,2.056618583985055,180,-90.0,29.0,-0.5
07:44:06,113.67,12.0,158.2,50.0,111.5,32.0,159.28,58.0,135.93,44.52999999999999,44.0,108.0,2.5349003925189586,152,-64.0,-28.0,-0.42
07:44:07,113.0,15.0,154.82,55.0,111.4,50.0,158.61,72.0,133.91,41.81999999999999,65.0,127.0,2.729089591785671,192,-62.0,40.0,-0.32
07:44:08,112.75,32.0,152.32,22.0,111.5,48.0,154.38,58.0,132.53,39.56999999999999,80.0,80.0,2.789180883340662,160,0.0,-32.0,0.0
07:44:09,113.67,45.0,144.13,46.0,111.25,32.0,150.14,28.0,128.9,30.459999999999994,77.0,74.0,3.444812041315607,151,3.0,-9.0,0.02
07:44:10,115.33,24.0,139.6,53.0,111.09,46.0,144.25,40.0,127.47,24.269999999999996,70.0,93.0,3.506682192613549,163,-23.0,12.0,-0.14
07:44:11,115.0,8.0,135.76,17.0,111.0,32.0,136.48,23.0,125.38,20.75999999999999,40.0,40.0,3.535147804546918,80,0.0,-83.0,0.0
07:44:12,115.0,13.0,131.96,24.0,111.0,52.0,132.75,44.0,123.48,16.960000000000008,65.0,68.0,3.4606025486889935,133,-3.0,53.0,-0.02
07:44:13,115.0,14.0,125.66,47.0,111.0,56.0,127.74,43.0,120.33,10.659999999999997,70.0,90.0,3.3731246641641692,160,-20.0,27.0,-0.12
07:44:14,115.0,12.0,118.8,44.0,111.0,48.0,121.25,32.0,116.9,3.799999999999997,60.0,76.0,4.177316124019406,136,-16.0,-24.0,-0.12
07:44:15,111.17,46.0,115.77,31.0,109.53,30.0,117.15,54.0,113.47,4.599999999999994,76.0,85.0,4.831559789549582,161,-9.0,25.0,-0.06
07:44:16,110.9,42.0,113.44,41.0,108.25,32.0,115.67,15.0,112.17,2.539999999999992,74.0,56.0,4.70410990517784,130,18.0,-31.0,0.14
07:44:17,110.27,55.0,112.4,45.0,107.19,106.0,115.89,37.0,111.34,2.1300000000000097,161.0,82.0,3.729593811662623,243,79.0,113.0,0.33
07:44:18,109.0,11.0,110.91,55.0,107.0,132.0,114.0,11.0,109.95,1.9099999999999966,143.0,66.0,2.6412175222787058,209,77.0,-34.0,0.37
07:44:19,107.02,109.0,112.6,20.0,106.57,21.0,357.29,38.0,109.81,5.579999999999998,130.0,58.0,1.5409802075276675,188,72.0,-21.0,0.38
07:44:20,106.99,121.0,110.21,38.0,104.69,16.0,138.12,57.0,108.6,3.219999999999999,137.0,95.0,1.3967569580968557,232,42.0,44.0,0.18
07:44:21,106.0,8.0,108.0,8.0,99.0,24.0,253.75,40.0,107.0,2.0,32.0,48.0,1.6291255323000566,80,-16.0,-152.0,-0.2
07:44:22,106.53,17.0,169.0,31.0,100.47,17.0,221.7,46.0,137.76,62.47,34.0,77.0,12.987583685966836,111,-43.0,31.0,-0.39
07:44:23,109.31,48.0,291.0,40.0,107.08,73.0,638.48,58.0,200.16,181.69,121.0,98.0,39.81740046763465,219,23.0,108.0,0.11
07:44:24,109.6,15.0,261.62,21.0,101.21,14.0,346.33,30.0,185.61,152.02,29.0,51.0,43.22396302978237,80,-22.0,-139.0,-0.28
07:44:25,108.47,15.0,277.0,32.0,106.95,44.0,278.0,40.0,192.73,168.53,59.0,72.0,40.420795019395555,131,-13.0,51.0,-0.1
07:44:26,115.0,10.0,229.24,41.0,109.0,27.0,260.98,49.0,172.12,114.24000000000001,37.0,90.0,24.592975216512393,127,-53.0,-4.0,-0.42
07:44:27,115.0,9.0,125.44,36.0,111.0,9.0,127.0,45.0,120.22,10.439999999999998,18.0,81.0,31.88115540566233,99,-63.0,-28.0,-0.64
07:44:28,115.0,11.0,123.82,44.0,111.84,19.0,375.91,55.0,119.41,8.819999999999993,30.0,99.0,35.65239921800483,129,-69.0,30.0,-0.53
07:44:29,115.92,26.0,123.0,36.0,111.88,16.0,330.22,45.0,119.46,7.079999999999998,42.0,81.0,35.12339206284026,123,-39.0,-6.0,-0.32
07:44:30,117.0,49.0,122.09,44.0,112.0,22.0,290.45,55.0,119.55,5.090000000000003,71.0,99.0,23.46310657180734,170,-28.0,47.0,-0.16
07:44:31,117.0,20.0,268.82,22.0,112.0,10.0,609.8,25.0,192.91,151.82,30.0,47.0,32.76002976189108,77,-17.0,-93.0,-0.22
07:44:32,117.0,36.0,241.32,38.0,112.0,18.0,616.11,45.0,179.16,124.32,54.0,83.0,36.780048531778625,137,-29.0,60.0,-0.21
07:44:33,117.0,36.0,169.05,42.0,112.0,18.0,337.46,41.0,143.02,52.05000000000001,54.0,83.0,33.89994911500594,137,-29.0,0.0,-0.21
