Time,Bid1_Price,Bid1_Volume,Ask1_Price,Ask1_Volume,Bid2_Price,Bid2_Volume,Ask2_Price,Ask2_Volume,Mid-Price,Bid_Ask_Spread,Market_Depth_Bid,Market_Depth_Ask,Historical_Volatility,Total_volume,Cumulative_Volume_Difference,Total_Volume_Change_Corrected,Order_imbalance
07:30:05,104.5,24.0,109.0,8.0,99.0,24.0,0.0,0.0,106.75,4.5,48.0,8.0,46.50209167338605,56,40.0,17.0,0.71
07:30:06,105.33,9.0,109.0,3.0,101.0,9.0,0.0,0.0,107.17,3.6700000000000017,18.0,3.0,25.03608595607549,21,15.0,-35.0,0.71
07:30:07,108.44,25.0,141.21,28.0,107.36,25.0,144.0,10.0,124.83,32.77000000000001,50.0,38.0,9.759276612536437,88,12.0,67.0,0.14
07:30:10,116.94,16.0,136.0,10.0,113.0,41.0,140.0,50.0,126.47,19.060000000000002,57.0,60.0,8.887104702882791,117,-3.0,47.0,-0.03
07:30:11,113.62,13.0,136.0,7.0,112.82,45.0,140.0,35.0,124.81,22.379999999999995,58.0,42.0,1.5902421199306813,100,16.0,-17.0,0.16
07:30:12,115.0,12.0,120.69,32.0,113.0,83.0,133.85,40.0,117.84,5.689999999999998,95.0,72.0,4.2266925603835395,167,23.0,67.0,0.14
07:30:13,115.0,9.0,116.0,9.0,113.0,63.0,118.0,45.0,115.5,1.0,72.0,54.0,5.524032041905757,126,18.0,-41.0,0.14
07:30:14,115.0,7.0,116.0,7.0,113.0,49.0,118.0,35.0,115.5,1.0,56.0,42.0,5.247850035967245,98,14.0,-28.0,0.14
07:30:15,115.0,6.0,116.0,6.0,113.0,42.0,118.0,30.0,115.5,1.0,48.0,36.0,4.031352130489389,84,12.0,-14.0,0.14
07:30:16,115.0,7.0,116.0,7.0,113.0,49.0,118.0,35.0,115.5,1.0,56.0,42.0,1.0464798134704993,98,14.0,14.0,0.14
07:30:17,113.21,47.0,117.48,29.0,112.66,53.0,120.22,50.0,115.35,4.27000000000001,100.0,79.0,0.06708203933419102,179,21.0,81.0,0.12
07:30:18,113.0,63.0,115.96,25.0,112.0,27.0,117.86,43.0,114.48,2.9599999999999937,90.0,68.0,0.44416213256109727,158,22.0,-21.0,0.14
07:30:19,113.0,66.0,114.77,13.0,112.0,33.0,116.2,25.0,113.88,1.769999999999996,99.0,38.0,0.7298081939805865,137,61.0,-21.0,0.45
07:30:20,112.94,51.0,115.64,33.0,111.92,52.0,117.02,61.0,114.29,2.700000000000003,103.0,94.0,0.6984625974246539,197,9.0,60.0,0.05
07:30:21,113.51,63.0,117.0,65.0,111.9,40.0,120.06,53.0,115.25,3.489999999999995,103.0,118.0,0.6327321708283783,221,-15.0,24.0,-0.07
07:30:22,112.81,94.0,117.0,55.0,111.38,39.0,120.0,55.0,114.9,4.189999999999998,133.0,110.0,0.5323063028005519,243,23.0,22.0,0.09
07:30:23,113.71,105.0,117.0,35.0,112.0,21.0,120.0,35.0,115.36,3.2900000000000063,126.0,70.0,0.6348464381259394,196,56.0,-47.0,0.29
07:30:24,114.6,150.0,117.0,40.0,112.0,30.0,120.0,50.0,115.8,2.4000000000000057,180.0,90.0,0.5644023387630369,270,90.0,74.0,0.33
07:30:25,115.0,209.0,116.89,37.0,112.0,39.0,119.7,61.0,115.95,1.8900000000000006,248.0,98.0,0.42517055401472537,346,150.0,76.0,0.43
07:30:26,115.0,171.0,116.7,30.0,112.0,33.0,118.63,49.0,115.85,1.7000000000000028,204.0,79.0,0.4383719881575324,283,125.0,-63.0,0.44
07:30:27,115.0,112.0,116.0,24.0,112.0,24.0,119.0,40.0,115.5,1.0,136.0,64.0,0.25013996082431267,200,72.0,-83.0,0.36
07:30:28,115.0,130.0,116.0,30.0,112.53,45.0,118.2,50.0,115.5,1.0,175.0,80.0,0.20796634343370946,255,95.0,55.0,0.37
07:30:29,115.0,129.0,116.0,36.0,113.0,96.0,118.0,60.0,115.5,1.0,225.0,96.0,0.22192341021439738,321,129.0,66.0,0.4
07:30:30,115.0,44.0,116.91,22.0,113.0,58.0,118.29,28.0,115.95,1.9099999999999966,102.0,50.0,0.22192341021439738,152,52.0,-169.0,0.34
07:30:31,115.76,17.0,118.0,35.0,113.67,30.0,120.64,22.0,116.88,2.239999999999995,47.0,57.0,0.599399699700614,104,-10.0,-48.0,-0.1
07:30:32,113.2,30.0,118.0,30.0,112.75,16.0,121.0,18.0,115.6,4.799999999999997,46.0,48.0,0.5856449436315376,94,-2.0,-10.0,-0.02
07:30:33,113.5,48.0,118.0,60.0,112.7,60.0,119.67,36.0,115.75,4.5,108.0,96.0,0.5542833210562875,204,12.0,110.0,0.06
07:30:34,117.0,10.0,118.0,50.0,113.0,88.0,119.0,30.0,117.5,1.0,98.0,80.0,0.8192862747545568,178,18.0,-26.0,0.1
07:30:35,117.0,9.0,118.0,45.0,113.0,117.0,119.0,27.0,117.5,1.0,126.0,72.0,0.9233525870441978,198,54.0,20.0,0.27
07:30:36,114.64,22.0,118.53,34.0,112.98,119.0,120.2,30.0,116.58,3.8900000000000006,141.0,64.0,0.9140459507055491,205,77.0,7.0,0.38
07:30:37,113.0,91.0,118.0,28.0,112.0,14.0,119.0,21.0,115.5,5.0,105.0,49.0,0.9416899702137687,154,56.0,-51.0,0.36
07:30:38,113.0,104.0,118.0,32.0,112.0,16.0,119.0,24.0,115.5,5.0,120.0,56.0,1.0006397953315709,176,64.0,22.0,0.36
07:30:39,113.0,117.0,116.57,28.0,112.0,18.0,118.03,29.0,114.79,3.569999999999993,135.0,57.0,1.0661988557493332,192,78.0,16.0,0.41
07:30:40,113.0,127.0,114.6,40.0,112.0,20.0,116.0,20.0,113.8,1.5999999999999943,147.0,60.0,1.0255145050174437,207,87.0,15.0,0.42
07:30:41,117.62,101.0,163.49,39.0,113.39,72.0,508.03,29.0,140.56,45.870000000000005,173.0,68.0,11.497751954186576,241,105.0,34.0,0.44
07:30:46,116.6,47.0,319.97,31.0,114.15,78.0,457.32,38.0,218.28,203.37000000000003,125.0,69.0,52.780080522863976,194,56.0,82.0,0.29
07:30:47,114.42,57.0,250.44,32.0,113.28,75.0,377.94,34.0,182.43,136.01999999999998,132.0,66.0,58.87400844175641,198,66.0,4.0,0.33
07:30:50,118.4,45.0,198.15,39.0,114.57,21.0,202.0,13.0,158.28,79.75,66.0,52.0,22.434007221181105,118,14.0,-14.0,0.12
07:30:51,114.0,60.0,153.27,30.0,113.0,50.0,195.95,21.0,133.63,39.27000000000001,110.0,51.0,21.593809992680928,161,59.0,43.0,0.37
07:30:52,115.01,83.0,131.44,64.0,113.22,83.0,142.09,43.0,123.22,16.429999999999993,166.0,107.0,26.443978142480894,273,59.0,112.0,0.22
07:30:53,114.0,20.0,130.76,37.0,113.0,50.0,133.35,37.0,122.38,16.75999999999999,70.0,74.0,21.951043255390122,144,-4.0,-129.0,-0.03
07:30:54,114.0,12.0,130.0,18.0,113.0,21.0,131.0,24.0,122.0,16.0,33.0,42.0,15.515154527106992,75,-9.0,-69.0,-0.12
07:30:55,114.0,16.0,120.38,32.0,113.0,16.0,124.45,31.0,117.19,6.3799999999999955,32.0,63.0,6.038346628010755,95,-31.0,20.0,-0.33
07:30:56,113.32,37.0,117.22,40.0,112.38,29.0,137.0,59.0,115.27,3.9000000000000057,66.0,99.0,3.546162714824155,165,-33.0,70.0,-0.2
07:30:57,113.0,24.0,117.57,14.0,111.0,8.0,132.0,39.0,115.29,4.569999999999993,32.0,53.0,3.5259792965939374,85,-21.0,-80.0,-0.25
07:30:58,113.0,36.0,118.0,84.0,111.15,13.0,350.1,48.0,115.5,5.0,49.0,132.0,2.8805641808522786,181,-83.0,96.0,-0.46
07:30:59,113.0,39.0,116.67,54.0,112.0,26.0,117.65,52.0,114.83,3.6700000000000017,65.0,106.0,0.9130607865904917,171,-41.0,-10.0,-0.24
07:31:00,112.88,16.0,115.33,30.0,111.78,18.0,116.78,27.0,114.1,2.450000000000003,34.0,57.0,0.5580949740046937,91,-23.0,-80.0,-0.25
07:31:01,111.0,22.0,113.84,38.0,108.92,25.0,116.0,36.0,112.42,2.8400000000000034,47.0,74.0,1.2443351638563211,121,-27.0,30.0,-0.22
07:31:02,108.82,22.0,114.0,28.0,108.5,16.0,117.0,33.0,111.41,5.180000000000007,38.0,61.0,1.699108589822732,99,-23.0,-22.0,-0.23
07:31:03,107.0,24.0,114.0,24.0,55.12,40.0,117.0,36.0,110.5,7.0,64.0,60.0,1.8074761409239875,124,4.0,25.0,0.03
07:31:04,106.59,17.0,114.0,24.0,68.39,44.0,117.0,36.0,110.29,7.409999999999997,61.0,60.0,1.563723121274846,121,1.0,-3.0,0.01
07:31:05,107.0,91.0,113.14,14.0,105.71,7.0,117.0,21.0,110.07,6.140000000000001,98.0,35.0,0.9726612976826248,133,63.0,12.0,0.47
07:31:06,107.2,124.0,112.0,24.0,106.73,60.0,116.58,36.0,109.6,4.799999999999997,184.0,60.0,0.6685282342651716,244,124.0,111.0,0.51
07:31:07,109.12,51.0,174.76,37.0,107.23,132.0,495.19,32.0,141.94,65.63999999999999,183.0,69.0,14.236490087096925,252,114.0,8.0,0.45
07:31:08,110.53,85.0,116.0,85.0,107.0,221.0,410.12,34.0,113.26,5.469999999999999,306.0,119.0,13.998170237570656,425,187.0,167.0,0.44
07:31:09,112.46,46.0,116.0,75.0,107.52,132.0,250.7,46.0,114.23,3.5400000000000063,178.0,121.0,13.629811077194317,299,57.0,-126.0,0.19
07:31:10,113.35,23.0,115.17,60.0,112.71,28.0,121.36,56.0,114.26,1.8200000000000074,51.0,116.0,13.154722345986965,167,-65.0,-132.0,-0.39
07:31:11,108.89,57.0,115.61,41.0,109.33,9.0,131.48,25.0,112.25,6.719999999999999,66.0,66.0,12.74556275728964,132,0.0,-35.0,0.0
07:31:12,107.61,66.0,113.7,40.0,106.98,112.0,116.0,50.0,110.65,6.090000000000003,178.0,90.0,1.5189305448273254,268,88.0,136.0,0.33
07:31:13,107.88,97.0,112.93,54.0,105.17,161.0,240.44,59.0,110.4,5.050000000000011,258.0,113.0,1.8631076190090285,371,145.0,103.0,0.39
07:31:14,113.18,55.0,114.87,46.0,107.28,127.0,332.45,55.0,114.03,1.6899999999999977,182.0,101.0,1.8143786815352239,283,81.0,-88.0,0.29
07:31:15,113.0,31.0,316.25,28.0,107.0,117.0,379.87,31.0,214.62,203.25,148.0,59.0,45.99094965316554,207,89.0,-76.0,0.43
07:31:16,113.0,30.0,163.1,20.0,107.11,108.0,307.48,23.0,138.05,50.099999999999994,138.0,43.0,44.592481989680806,181,95.0,-26.0,0.52
07:31:17,113.0,27.0,358.44,9.0,107.71,51.0,375.67,9.0,235.72,245.44,78.0,18.0,58.60715766866708,96,60.0,-85.0,0.62
07:31:21,115.89,27.0,192.5,12.0,112.58,36.0,271.0,12.0,154.19,76.61,63.0,24.0,39.879160848744014,87,39.0,-11.0,0.45
07:31:22,118.0,9.0,158.6,10.0,113.0,27.0,188.62,13.0,138.3,40.599999999999994,36.0,23.0,41.21030004743961,59,13.0,-28.0,0.22
07:31:24,117.0,14.0,128.21,14.0,116.36,11.0,136.81,21.0,122.61,11.210000000000008,25.0,35.0,24.145889505255457,60,-10.0,1.0,-0.17
07:31:25,113.0,11.0,114.0,24.0,112.0,6.0,134.14,7.0,113.5,1.0,17.0,31.0,15.655608260301076,48,-14.0,-12.0,-0.29
07:31:26,113.0,10.0,114.0,32.0,112.0,10.0,172.33,24.0,113.5,1.0,20.0,56.0,10.41836983409633,76,-36.0,28.0,-0.47
07:31:27,115.56,25.0,202.71,45.0,112.38,13.0,200.85,34.0,159.14,87.15,38.0,79.0,18.819210132202883,117,-41.0,41.0,-0.35
07:31:28,117.0,35.0,226.0,28.0,114.0,45.0,443.38,32.0,171.5,109.0,80.0,60.0,27.328964488249582,140,20.0,23.0,0.14
07:31:29,115.36,33.0,134.0,28.0,113.96,47.0,303.18,11.0,124.68,18.64,80.0,39.0,27.089091531463488,119,41.0,-21.0,0.34
07:31:30,114.0,63.0,126.77,13.0,113.0,7.0,140.84,25.0,120.38,12.769999999999996,70.0,38.0,25.773816170680018,108,32.0,-11.0,0.3
07:31:31,114.0,117.0,127.23,30.0,113.0,13.0,133.06,49.0,120.62,13.230000000000004,130.0,79.0,24.244134960852005,209,51.0,101.0,0.24
07:31:32,114.0,72.0,133.0,32.0,112.88,8.0,134.0,32.0,123.5,19.0,80.0,64.0,22.08233864426519,144,16.0,-65.0,0.11
07:31:33,116.31,85.0,131.02,41.0,113.98,82.0,246.2,20.0,123.67,14.710000000000008,167.0,61.0,1.944582217343643,228,106.0,84.0,0.46
07:31:34,118.0,57.0,127.31,42.0,115.0,108.0,128.28,18.0,122.65,9.310000000000002,165.0,60.0,1.569691052407822,225,105.0,-3.0,0.47
07:31:35,118.0,44.0,122.29,14.0,115.0,99.0,123.02,41.0,120.14,4.290000000000006,143.0,55.0,1.6399786584005223,198,88.0,-27.0,0.44
07:31:36,118.0,44.0,119.51,35.0,115.0,99.0,122.2,20.0,118.76,1.5100000000000051,143.0,55.0,2.1846578679530633,198,88.0,0.0,0.44
07:31:37,115.62,68.0,135.82,38.0,114.0,72.0,206.0,34.0,125.72,20.19999999999999,140.0,72.0,2.7762510693395823,212,68.0,14.0,0.32
07:31:38,115.0,24.0,116.0,8.0,113.0,48.0,117.0,40.0,115.5,1.0,72.0,48.0,3.8734196777536707,120,24.0,-92.0,0.2
07:31:39,115.0,10.0,116.87,23.0,113.0,42.0,195.29,35.0,115.93,1.8700000000000045,52.0,58.0,4.122196016689343,110,-6.0,-10.0,-0.05
07:31:40,113.75,24.0,117.0,40.0,112.93,30.0,222.62,32.0,115.38,3.25,54.0,72.0,4.3943850536803915,126,-18.0,16.0,-0.14
07:31:41,114.32,22.0,117.0,50.0,113.59,37.0,190.0,20.0,115.66,2.680000000000007,59.0,70.0,4.5226673545607685,129,-11.0,3.0,-0.09
07:31:42,116.0,12.0,117.0,60.0,113.15,54.0,164.0,44.0,116.5,1.0,66.0,104.0,0.44517412324833927,170,-38.0,41.0,-0.22
07:31:43,116.0,5.0,117.0,25.0,114.4,47.0,128.0,25.0,116.5,1.0,52.0,50.0,0.5011786108862797,102,2.0,-68.0,0.02
07:31:44,116.0,8.0,117.0,40.0,115.0,88.0,252.17,30.0,116.5,1.0,96.0,70.0,0.5458204833183561,166,26.0,64.0,0.16
07:31:45,116.0,9.0,117.0,30.0,115.0,99.0,163.0,45.0,116.5,1.0,108.0,75.0,0.3756594202330716,183,33.0,17.0,0.18
07:31:46,115.02,62.0,117.0,14.0,113.27,83.0,183.82,33.0,116.01,1.980000000000004,145.0,47.0,0.21913466181741836,192,98.0,9.0,0.51
07:31:47,115.0,80.0,117.0,18.0,113.0,108.0,383.42,31.0,116.0,2.0,188.0,49.0,0.2711457172994824,237,139.0,45.0,0.59
07:31:48,115.0,82.0,116.9,20.0,113.23,62.0,240.26,47.0,115.95,1.9000000000000057,144.0,67.0,0.28208154851012207,211,77.0,-26.0,0.36
07:31:49,115.9,73.0,117.0,14.0,114.95,44.0,368.0,21.0,116.45,1.0999999999999943,117.0,35.0,0.26901672812275224,152,82.0,-59.0,0.54
07:31:50,116.0,100.0,117.0,24.0,115.0,84.0,440.67,36.0,116.5,1.0,184.0,60.0,0.26901672812275224,244,124.0,92.0,0.51
07:31:51,116.0,20.0,117.0,10.0,115.0,39.0,528.21,19.0,116.5,1.0,59.0,29.0,0.27973201463160474,88,30.0,-156.0,0.34
07:31:52,116.0,31.0,117.0,20.0,115.0,78.0,124.0,30.0,116.5,1.0,109.0,50.0,0.24135036774333038,159,59.0,71.0,0.37
07:31:53,116.0,36.0,117.0,24.0,115.0,84.0,236.47,47.0,116.5,1.0,120.0,71.0,0.02236067999465332,191,49.0,32.0,0.26
07:31:54,116.0,21.0,147.55,22.0,115.0,49.0,211.5,32.0,131.77,31.55000000000001,70.0,54.0,6.828951603285042,124,16.0,-67.0,0.13
07:31:55,117.78,40.0,263.42,57.0,115.84,50.0,382.77,56.0,190.6,145.64000000000001,90.0,113.0,32.119244698467085,203,-23.0,79.0,-0.11
07:31:56,118.0,49.0,259.71,21.0,116.0,21.0,510.0,28.0,188.86,141.70999999999998,70.0,49.0,37.84386978098308,119,21.0,-84.0,0.18
07:31:58,118.0,82.0,166.6,30.0,116.0,30.0,355.46,39.0,142.3,48.599999999999994,112.0,69.0,58.2138482665422,181,43.0,-59.0,0.24
07:31:59,118.0,80.0,163.73,26.0,116.0,30.0,218.0,25.0,140.87,45.72999999999999,110.0,51.0,56.1803242247675,161,59.0,-20.0,0.37
07:32:00,118.0,83.0,162.57,28.0,116.0,33.0,163.57,14.0,140.29,44.56999999999999,116.0,42.0,60.04998109908111,158,74.0,-3.0,0.47
07:32:01,117.85,39.0,160.54,26.0,115.16,58.0,160.87,30.0,139.19,42.69,97.0,56.0,61.94364697045209,153,41.0,-5.0,0.27
07:32:06,117.0,5.0,149.8,10.0,116.0,15.0,151.0,5.0,133.4,32.80000000000001,20.0,15.0,2.0217245114014815,35,5.0,-69.0,0.14
07:32:07,115.11,83.0,134.53,38.0,113.19,212.0,147.56,32.0,124.82,19.42,295.0,70.0,5.435399709313184,365,225.0,167.0,0.62
07:32:08,115.0,100.0,116.31,64.0,113.0,317.0,121.11,54.0,115.66,1.3100000000000023,417.0,118.0,8.90678224725419,535,299.0,167.0,0.56
07:32:09,113.37,141.0,115.91,44.0,112.77,150.0,128.86,28.0,114.64,2.539999999999992,291.0,72.0,9.682480054201148,363,219.0,-169.0,0.6
07:32:10,113.0,295.0,114.13,23.0,112.0,91.0,116.53,34.0,113.57,1.1299999999999955,386.0,57.0,8.526852877820968,443,329.0,80.0,0.74
07:32:11,113.0,104.0,116.25,16.0,112.0,35.0,168.6,20.0,114.62,3.25,139.0,36.0,4.6199480516564515,175,103.0,-169.0,0.59
07:32:12,113.0,160.0,116.57,14.0,112.0,56.0,148.68,38.0,114.79,3.569999999999993,216.0,52.0,0.7427852987267635,268,164.0,93.0,0.61
07:32:13,113.0,220.0,115.55,11.0,112.0,77.0,129.57,42.0,114.27,2.549999999999997,297.0,53.0,0.4902754327973863,350,244.0,82.0,0.7
07:32:14,113.75,80.0,116.15,13.0,112.97,207.0,149.0,33.0,114.95,2.4000000000000057,287.0,46.0,0.5479051012763521,333,241.0,-17.0,0.72
07:32:15,114.38,40.0,117.0,8.0,113.0,160.0,118.0,20.0,115.69,2.6200000000000045,200.0,28.0,0.5261938806224739,228,172.0,-105.0,0.75
07:32:16,115.0,50.0,117.8,50.0,113.0,200.0,378.74,42.0,116.4,2.799999999999997,250.0,92.0,0.8327064308653164,342,158.0,114.0,0.46
07:32:17,116.36,61.0,132.05,63.0,113.18,169.0,235.92,49.0,124.2,15.690000000000012,230.0,112.0,4.047205208536377,342,118.0,0.0,0.35
07:32:18,118.0,52.0,211.5,32.0,116.0,40.0,254.0,12.0,164.75,93.5,92.0,44.0,21.320090759656754,136,48.0,-169.0,0.35
07:32:19,116.89,45.0,222.0,20.0,113.5,151.0,317.44,32.0,169.44,105.11,196.0,52.0,26.733528199622253,248,144.0,112.0,0.58
07:32:20,117.3,37.0,233.91,11.0,113.86,105.0,295.67,45.0,175.6,116.61,142.0,56.0,27.59259719562467,198,86.0,-50.0,0.43
07:32:21,116.0,45.0,217.31,13.0,113.24,51.0,300.36,39.0,166.65,101.31,96.0,52.0,20.498882164644773,148,44.0,-50.0,0.3
07:32:22,116.0,50.0,187.13,38.0,115.0,10.0,315.86,22.0,151.57,71.13,60.0,60.0,8.85171565291102,120,0.0,-28.0,0.0
07:32:23,116.0,55.0,197.21,47.0,115.0,11.0,284.63,19.0,156.61,81.21000000000001,66.0,66.0,9.750509217471174,132,0.0,12.0,0.0
07:32:24,117.6,75.0,224.47,45.0,115.94,53.0,357.61,33.0,171.03,106.87,128.0,78.0,9.996175268570989,206,50.0,74.0,0.24
07:32:25,118.0,60.0,215.64,14.0,116.0,55.0,439.54,37.0,166.82,97.63999999999999,115.0,51.0,8.105496900251755,166,64.0,-40.0,0.39
07:32:26,118.0,48.0,207.0,28.0,116.0,60.0,209.25,32.0,162.5,89.0,108.0,60.0,7.78505170181875,168,48.0,2.0,0.29
07:32:27,118.0,36.0,204.12,25.0,116.0,45.0,205.71,21.0,161.06,86.12,81.0,46.0,5.524828504124856,127,35.0,-41.0,0.28
07:32:28,117.38,52.0,203.33,36.0,115.92,49.0,271.3,46.0,160.36,85.95000000000002,101.0,82.0,4.496941182625177,183,19.0,56.0,0.1
07:32:29,116.0,40.0,129.84,19.0,115.0,10.0,198.26,19.0,122.92,13.840000000000003,50.0,38.0,17.959557901017288,88,12.0,-95.0,0.14
07:32:30,115.16,31.0,117.0,14.0,113.97,35.0,174.56,32.0,116.08,1.8400000000000034,66.0,46.0,23.03872131868421,112,20.0,24.0,0.18
07:32:31,114.0,182.0,115.4,20.0,113.0,70.0,126.03,31.0,114.7,1.4000000000000057,252.0,51.0,23.654984252795344,303,201.0,167.0,0.66
07:32:32,113.57,68.0,115.2,10.0,112.17,87.0,142.48,21.0,114.39,1.6300000000000097,155.0,31.0,19.688219828110338,186,124.0,-117.0,0.67
07:32:33,113.0,32.0,116.2,15.0,112.0,96.0,184.19,16.0,114.6,3.200000000000003,128.0,31.0,3.6293139847632365,159,97.0,-27.0,0.61
07:32:34,113.0,28.0,116.0,14.0,112.0,84.0,118.0,7.0,114.5,3.0,112.0,21.0,0.6949676251439486,133,91.0,-26.0,0.68
07:32:35,113.0,56.0,114.79,28.0,112.0,168.0,115.74,23.0,113.89,1.7900000000000063,224.0,51.0,0.31580056997776634,275,173.0,142.0,0.63
07:32:36,112.03,148.0,113.93,28.0,111.12,204.0,114.93,28.0,112.98,1.9000000000000057,352.0,56.0,0.6687077089419026,408,296.0,133.0,0.73
07:32:37,112.0,132.0,293.52,27.0,111.0,165.0,353.74,27.0,202.76,181.51999999999998,297.0,54.0,39.703266616236945,351,243.0,-57.0,0.69
07:32:38,112.69,78.0,165.38,40.0,111.32,111.0,321.88,40.0,139.03,52.69,189.0,80.0,38.55224986949522,269,109.0,-82.0,0.41
07:32:39,115.33,86.0,118.0,60.0,112.1,128.0,309.33,60.0,116.66,2.6700000000000017,214.0,120.0,38.253189801636076,334,94.0,65.0,0.28
07:32:40,117.0,85.0,118.0,65.0,115.43,137.0,274.0,65.0,117.5,1.0,222.0,130.0,37.73703591963728,352,92.0,18.0,0.26
07:32:41,116.06,86.0,118.0,35.0,114.05,41.0,274.0,35.0,117.03,1.9399999999999977,127.0,70.0,37.1097322814379,197,57.0,-155.0,0.29
07:32:42,116.0,60.0,118.0,25.0,114.0,15.0,243.2,25.0,117.0,2.0,75.0,50.0,9.835417123843664,125,25.0,-72.0,0.2
07:32:43,116.0,48.0,118.0,20.0,114.0,12.0,222.75,20.0,117.0,2.0,60.0,40.0,0.29969984984612513,100,20.0,-25.0,0.2
07:32:44,116.22,46.0,118.0,40.0,115.74,69.0,709.0,40.0,117.11,1.7800000000000011,115.0,80.0,0.2127674787127428,195,35.0,95.0,0.18
07:32:45,116.61,59.0,141.84,25.0,115.33,45.0,670.95,37.0,129.23,25.230000000000004,104.0,62.0,5.453955445362332,166,42.0,-29.0,0.25
07:32:46,118.78,36.0,214.64,22.0,115.94,103.0,670.0,55.0,166.71,95.85999999999999,139.0,77.0,21.509466520581032,216,62.0,50.0,0.29
07:32:47,118.0,32.0,356.41,29.0,116.0,100.0,478.88,41.0,237.21,238.41000000000003,132.0,70.0,51.05725139488017,202,62.0,-14.0,0.31
07:32:50,118.0,33.0,408.73,30.0,116.0,33.0,431.19,27.0,263.37,290.73,66.0,57.0,50.08023043077961,123,9.0,12.0,0.07
07:32:51,118.0,34.0,307.89,36.0,116.0,36.0,382.79,38.0,212.94,189.89,70.0,74.0,32.42623737037623,144,-4.0,21.0,-0.03
07:32:52,118.0,10.0,153.0,20.0,116.0,30.0,214.6,20.0,135.5,35.0,40.0,40.0,64.42329664026815,80,0.0,-64.0,0.0
07:32:53,118.0,14.0,150.9,39.0,116.0,42.0,157.05,37.0,134.45,32.900000000000006,56.0,76.0,72.04038554866283,132,-20.0,52.0,-0.15
07:32:54,118.0,10.0,148.6,20.0,116.0,30.0,150.0,40.0,133.3,30.599999999999994,40.0,60.0,59.556662683531805,100,-20.0,-32.0,-0.2
07:32:55,118.0,9.0,129.12,32.0,116.22,27.0,144.79,29.0,123.56,11.120000000000005,36.0,61.0,36.64166753847309,97,-25.0,-3.0,-0.26
07:32:56,118.0,9.0,121.65,34.0,116.33,27.0,122.82,44.0,119.82,3.6500000000000057,36.0,78.0,7.137526182088182,114,-42.0,17.0,-0.37
07:32:57,116.67,18.0,119.1,20.0,115.39,46.0,121.91,44.0,117.88,2.4299999999999926,64.0,64.0,7.6579514231937065,128,0.0,14.0,0.0
07:32:58,115.42,38.0,116.86,29.0,114.78,54.0,121.95,38.0,116.14,1.4399999999999977,92.0,67.0,6.8207770818283455,159,25.0,31.0,0.16
07:32:59,115.0,48.0,116.0,33.0,113.25,96.0,181.93,41.0,115.5,1.0,144.0,74.0,3.250692233970325,218,70.0,59.0,0.32
07:33:00,115.0,14.0,116.0,27.0,113.08,78.0,119.0,36.0,115.5,1.0,92.0,63.0,1.8682398132988947,155,29.0,-63.0,0.19
07:33:01,115.0,11.0,116.46,26.0,114.0,11.0,119.78,45.0,115.73,1.4599999999999937,22.0,71.0,1.0017983829070412,93,-49.0,-62.0,-0.53
07:33:02,113.04,139.0,117.14,35.0,112.09,67.0,118.77,26.0,115.09,4.099999999999994,206.0,61.0,0.3834970664753717,267,145.0,167.0,0.54
07:33:03,113.0,168.0,117.0,50.0,112.0,80.0,118.0,14.0,115.0,4.0,248.0,64.0,0.3076198953176476,312,184.0,45.0,0.59
07:33:04,113.0,109.0,117.0,35.0,112.0,56.0,118.0,35.0,115.0,4.0,165.0,70.0,0.3326108837594632,235,95.0,-77.0,0.4
07:33:05,113.0,136.0,115.2,15.0,112.0,72.0,116.76,25.0,114.1,2.200000000000003,208.0,40.0,0.5808872523952291,248,168.0,13.0,0.68
07:33:06,113.0,125.0,114.38,13.0,112.0,72.0,116.92,49.0,113.69,1.3799999999999955,197.0,62.0,0.6393981545135347,259,135.0,11.0,0.52
07:33:07,113.0,117.0,114.0,9.0,112.0,72.0,117.0,81.0,113.5,1.0,189.0,90.0,0.7112102361435352,279,99.0,20.0,0.35
07:33:08,113.52,54.0,117.0,36.0,112.62,42.0,120.0,20.0,115.26,3.480000000000004,96.0,56.0,0.7847292526695681,152,40.0,-127.0,0.26
07:33:09,114.71,92.0,117.0,63.0,113.0,91.0,120.0,35.0,115.85,2.2900000000000063,183.0,98.0,1.026425837552482,281,85.0,129.0,0.3
07:33:10,115.07,123.0,117.0,90.0,113.0,143.0,147.83,47.0,116.04,1.9300000000000068,266.0,137.0,1.1990287736310872,403,129.0,122.0,0.32
07:33:11,116.0,54.0,117.0,18.0,113.0,78.0,425.15,26.0,116.5,1.0,132.0,44.0,1.1669618674126396,176,88.0,-169.0,0.5
07:33:12,116.0,45.0,183.0,13.0,113.0,65.0,460.82,22.0,149.5,67.0,110.0,35.0,15.027368365751679,145,75.0,-31.0,0.52
07:33:14,116.0,45.0,273.33,24.0,113.0,117.0,376.08,37.0,194.67,157.32999999999998,162.0,61.0,65.94950621498229,223,101.0,46.0,0.45
07:33:15,118.8,20.0,318.0,36.0,113.64,33.0,417.18,28.0,218.4,199.2,53.0,64.0,60.71954751148913,117,-11.0,-106.0,-0.09
07:33:18,118.44,18.0,191.79,47.0,115.57,83.0,261.32,44.0,155.12,73.35,101.0,91.0,33.32734507877861,192,10.0,43.0,0.05
07:33:19,116.0,10.0,197.0,20.0,115.0,110.0,571.5,30.0,156.5,81.0,120.0,50.0,31.651428403785996,170,70.0,-22.0,0.41
07:33:20,116.0,10.0,174.82,22.0,115.0,110.0,374.21,24.0,145.41,58.81999999999999,120.0,46.0,12.539761959462908,166,74.0,-4.0,0.45
07:33:21,115.04,83.0,116.78,23.0,114.61,41.0,152.69,39.0,115.91,1.7399999999999949,124.0,62.0,19.43072129386847,186,62.0,20.0,0.33
07:33:22,115.0,59.0,116.8,15.0,113.0,7.0,150.58,19.0,115.9,1.7999999999999972,66.0,34.0,20.410545558607566,100,32.0,-86.0,0.32
07:33:23,115.0,93.0,116.5,36.0,113.0,12.0,129.0,24.0,115.75,1.5,105.0,60.0,19.621815155586297,165,45.0,65.0,0.27
07:33:24,115.0,32.0,117.57,21.0,113.0,7.0,212.14,7.0,116.29,2.569999999999993,39.0,28.0,13.170832168090117,67,11.0,-98.0,0.16
07:33:25,115.0,22.0,118.0,33.0,113.86,35.0,178.6,43.0,116.5,3.0,57.0,76.0,0.31232995373217426,133,-19.0,66.0,-0.14
07:33:26,115.0,22.0,117.13,69.0,113.0,11.0,139.54,39.0,116.07,2.1299999999999955,33.0,108.0,0.29978325503326003,141,-75.0,8.0,-0.53
07:33:27,114.2,10.0,117.0,70.0,111.62,13.0,130.2,25.0,115.6,2.799999999999997,23.0,95.0,0.37171225430209776,118,-72.0,-23.0,-0.61
07:33:28,114.41,17.0,116.11,95.0,112.55,11.0,117.64,28.0,115.26,1.7000000000000028,28.0,123.0,0.5076711534038144,151,-95.0,33.0,-0.63
07:33:29,113.14,29.0,127.96,71.0,112.32,19.0,123.8,35.0,120.55,14.819999999999993,48.0,106.0,2.1504022879447984,154,-58.0,3.0,-0.38
07:33:30,114.0,24.0,283.7,37.0,112.74,31.0,426.97,31.0,198.85,169.7,55.0,68.0,36.72520837245169,123,-13.0,-31.0,-0.11
07:33:31,114.85,40.0,229.88,16.0,110.29,34.0,263.15,27.0,172.36,115.03,74.0,43.0,38.71010630313477,117,31.0,-6.0,0.26
07:33:32,111.0,15.0,223.2,10.0,107.0,5.0,225.0,5.0,167.1,112.19999999999999,20.0,15.0,35.834750313068916,35,5.0,-82.0,0.14
07:33:33,111.93,87.0,194.17,18.0,110.72,29.0,220.11,19.0,153.05,82.23999999999998,116.0,37.0,28.673757514493833,153,79.0,118.0,0.52
07:33:34,112.21,42.0,130.25,20.0,111.42,36.0,340.94,16.0,121.23,18.040000000000006,78.0,36.0,28.4262901202389,114,42.0,-39.0,0.37
07:33:35,116.25,40.0,171.48,27.0,115.03,35.0,246.12,43.0,143.87,55.22999999999999,75.0,70.0,20.343238925991955,145,5.0,31.0,0.03
07:33:36,116.86,21.0,169.4,50.0,115.69,48.0,260.32,22.0,143.13,52.540000000000006,69.0,72.0,16.738535778257177,141,-3.0,-4.0,-0.02
07:33:37,116.0,36.0,158.26,57.0,111.0,36.0,240.17,24.0,137.13,42.25999999999999,72.0,81.0,11.780497442807638,153,-9.0,12.0,-0.06
07:33:38,116.0,21.0,169.0,35.0,111.0,21.0,436.5,10.0,142.5,53.0,42.0,45.0,9.514432195354473,87,-3.0,-66.0,-0.03
07:33:39,116.0,24.0,167.38,40.0,111.0,24.0,494.0,8.0,141.69,51.379999999999995,48.0,48.0,2.658586090386556,96,0.0,9.0,0.0
07:33:40,114.65,31.0,165.85,65.0,110.89,37.0,234.27,15.0,140.25,51.19999999999999,68.0,80.0,2.386650372383239,148,-12.0,52.0,-0.08
07:33:41,111.71,21.0,163.87,75.0,110.66,35.0,324.82,22.0,137.79,52.16000000000001,56.0,97.0,2.356251259946059,153,-41.0,5.0,-0.27
07:33:42,111.78,18.0,161.36,55.0,108.12,34.0,352.0,22.0,136.57,49.58000000000001,52.0,77.0,2.526341227941594,129,-25.0,-24.0,-0.19
07:33:43,111.0,24.0,159.33,60.0,107.0,48.0,342.79,19.0,135.17,48.33000000000001,72.0,79.0,2.6619691959145455,151,-7.0,22.0,-0.05
07:33:44,112.72,25.0,157.0,50.0,109.87,30.0,317.0,10.0,134.86,44.28,55.0,60.0,2.195112753367892,115,-5.0,-36.0,-0.04
07:33:45,118.89,9.0,137.76,41.0,115.22,9.0,229.77,13.0,128.32,18.86999999999999,18.0,54.0,3.669846045817074,72,-36.0,-43.0,-0.5
07:33:50,118.94,17.0,123.81,84.0,115.45,53.0,125.25,79.0,121.38,4.8700000000000045,70.0,163.0,1.3651446809784316,233,-93.0,77.0,-0.4
07:33:51,115.26,68.0,119.0,60.0,114.67,36.0,122.22,54.0,117.13,3.739999999999995,104.0,114.0,2.984912059006827,218,-10.0,-15.0,-0.05
07:33:52,115.0,349.0,116.71,73.0,113.0,37.0,146.93,58.0,115.86,1.7099999999999937,386.0,131.0,3.640826829170143,517,255.0,167.0,0.49
07:33:53,115.0,108.0,116.33,48.0,113.0,72.0,190.88,26.0,115.67,1.3299999999999983,180.0,74.0,3.5196377654533997,254,106.0,-169.0,0.42
07:33:54,113.75,67.0,116.0,48.0,112.46,65.0,199.0,20.0,114.87,2.25,132.0,68.0,2.588681131388445,200,64.0,-54.0,0.32
07:33:55,113.0,37.0,115.83,48.0,112.0,60.0,293.19,27.0,114.42,2.8299999999999983,97.0,75.0,1.0414173034894185,172,22.0,-28.0,0.13
07:33:56,113.0,10.0,114.7,40.0,112.0,50.0,180.33,15.0,113.85,1.7000000000000028,60.0,55.0,0.8429887306527046,115,5.0,-57.0,0.04
07:33:57,113.0,9.0,114.0,34.0,112.0,45.0,119.0,18.0,113.5,1.0,54.0,52.0,0.8554940093347588,106,2.0,-9.0,0.02
07:33:58,113.0,11.0,114.0,22.0,112.0,55.0,119.0,22.0,113.5,1.0,66.0,44.0,0.6024699162679005,110,22.0,4.0,0.2
07:33:59,112.47,15.0,114.0,18.0,111.89,36.0,118.57,21.0,113.23,1.5300000000000011,51.0,39.0,0.45874829700827535,90,12.0,-20.0,0.13
07:34:00,112.0,40.0,114.0,44.0,111.0,20.0,118.0,30.0,113.0,2.0,60.0,74.0,0.32020306058517345,134,-14.0,44.0,-0.1
07:34:01,110.2,41.0,117.5,48.0,105.32,53.0,118.9,31.0,113.85,7.299999999999997,94.0,79.0,0.32020306058517345,173,15.0,39.0,0.09
07:34:02,108.0,24.0,118.0,24.0,91.62,8.0,119.0,16.0,113.0,10.0,32.0,40.0,0.3626706494991767,72,-8.0,-101.0,-0.11
07:34:03,110.75,61.0,117.18,51.0,100.87,23.0,118.22,36.0,113.97,6.430000000000007,84.0,87.0,0.46792093350064534,171,-3.0,99.0,-0.02
07:34:04,113.81,93.0,116.27,41.0,107.66,47.0,131.35,51.0,115.04,2.4599999999999937,140.0,92.0,0.8433682469763517,232,48.0,61.0,0.21
07:34:05,108.0,39.0,115.0,14.0,100.0,14.0,118.0,28.0,111.5,7.0,53.0,42.0,1.3191929350963403,95,11.0,-137.0,0.12
07:34:06,108.0,89.0,202.31,32.0,100.0,20.0,255.06,34.0,155.16,94.31,109.0,66.0,18.7310191927723,175,43.0,80.0,0.25
07:34:07,108.0,40.0,173.82,44.0,50.1,10.0,277.21,43.0,140.91,65.82,50.0,87.0,19.615344248827288,137,-37.0,-38.0,-0.27
07:34:08,108.0,36.0,113.73,41.0,84.0,18.0,135.37,43.0,110.87,5.730000000000004,54.0,84.0,20.183409771393983,138,-30.0,1.0,-0.22
07:34:09,108.0,13.0,112.6,25.0,84.0,14.0,114.12,32.0,110.3,4.599999999999994,27.0,57.0,20.963975529464886,84,-30.0,-54.0,-0.36
07:34:17,100.85,78.0,106.81,21.0,79.24,51.0,107.88,34.0,103.83,5.960000000000008,129.0,55.0,2.5897818440971023,184,74.0,-5.0,0.4
07:34:18,104.14,42.0,107.0,10.0,102.55,33.0,108.0,15.0,105.57,2.8599999999999994,75.0,25.0,2.94288463926369,100,50.0,-84.0,0.5
07:34:19,105.0,24.0,107.8,5.0,104.0,36.0,157.5,12.0,106.4,2.799999999999997,60.0,17.0,3.154544341107533,77,43.0,-23.0,0.56
07:34:20,106.35,60.0,131.92,12.0,104.4,60.0,203.42,36.0,119.13,25.569999999999993,120.0,48.0,7.204436133384206,168,72.0,91.0,0.43
07:34:21,108.51,35.0,164.0,30.0,106.29,42.0,520.2,15.0,136.26,55.489999999999995,77.0,45.0,13.72766440440649,122,32.0,-46.0,0.26
07:34:22,109.65,51.0,188.0,29.0,107.89,54.0,623.59,29.0,148.82,78.35,105.0,58.0,18.951011318660683,163,47.0,41.0,0.29
07:34:23,114.6,20.0,285.04,25.0,112.17,36.0,676.11,36.0,199.82,170.44000000000003,56.0,61.0,36.100458168837655,117,-5.0,-46.0,-0.04
07:34:30,118.24,17.0,326.12,26.0,116.46,13.0,575.6,10.0,222.18,207.88,30.0,36.0,33.925699992777865,66,-6.0,-54.0,-0.09
07:34:31,118.0,21.0,238.26,31.0,116.0,14.0,483.19,21.0,178.13,120.25999999999999,35.0,52.0,27.45563475864242,87,-17.0,21.0,-0.2
07:34:32,118.0,21.0,348.45,29.0,116.0,14.0,463.37,27.0,233.22,230.45,35.0,56.0,24.65818160367821,91,-21.0,4.0,-0.23
07:34:33,118.0,24.0,299.21,28.0,116.0,16.0,349.67,24.0,208.61,181.20999999999998,40.0,52.0,23.56669408296321,92,-12.0,1.0,-0.13
07:34:34,117.64,11.0,151.0,4.0,115.67,9.0,504.33,18.0,134.32,33.36,20.0,22.0,39.84653648687645,42,-2.0,-50.0,-0.05
07:34:35,115.19,31.0,126.0,36.0,113.4,45.0,492.44,34.0,120.6,10.810000000000002,76.0,70.0,47.810085023977756,146,6.0,104.0,0.04
07:34:36,115.97,31.0,342.29,35.0,114.2,10.0,482.24,25.0,229.13,226.32000000000002,41.0,60.0,53.72551749401749,101,-19.0,-45.0,-0.19
07:34:37,116.0,30.0,367.0,18.0,115.0,6.0,463.09,22.0,241.5,251.0,36.0,40.0,55.669067443239776,76,-4.0,-25.0,-0.05
07:34:38,116.0,25.0,171.0,5.0,114.0,8.0,310.21,19.0,143.5,55.0,33.0,24.0,56.9027653106594,57,9.0,-19.0,0.16
07:34:39,116.0,38.0,170.0,9.0,114.09,44.0,285.13,23.0,143.0,54.0,82.0,32.0,55.51222009611921,114,50.0,57.0,0.44
07:34:40,118.0,108.0,151.85,26.0,116.0,48.0,281.22,27.0,134.92,33.849999999999994,156.0,53.0,52.241800313541845,209,103.0,95.0,0.49
07:34:41,118.0,98.0,144.8,15.0,116.0,48.0,146.0,21.0,131.4,26.80000000000001,146.0,36.0,46.48659462683824,182,110.0,-27.0,0.6
07:34:42,118.0,60.0,139.65,23.0,116.0,60.0,141.78,23.0,128.83,21.650000000000006,120.0,46.0,6.679086763921613,166,74.0,-16.0,0.45
07:34:43,118.0,52.0,133.72,18.0,115.41,41.0,134.85,26.0,125.86,15.719999999999999,93.0,44.0,6.603387009709036,137,49.0,-29.0,0.36
07:34:44,116.73,22.0,130.57,21.0,115.01,146.0,132.56,27.0,123.65,13.83999999999999,168.0,48.0,4.4523667863278416,216,120.0,79.0,0.56
07:34:45,115.02,48.0,128.37,19.0,113.12,96.0,131.56,18.0,121.69,13.350000000000009,144.0,37.0,3.901221603548851,181,107.0,-35.0,0.59
07:34:46,114.52,75.0,125.34,38.0,112.95,132.0,126.85,39.0,119.93,10.820000000000007,207.0,77.0,3.4932678110899342,284,130.0,103.0,0.46
07:34:47,115.0,18.0,123.77,39.0,113.0,81.0,124.55,33.0,119.38,8.769999999999996,99.0,72.0,2.6840026080459993,171,27.0,-113.0,0.16
07:34:48,115.0,16.0,120.34,32.0,113.0,72.0,121.61,23.0,117.67,5.340000000000003,88.0,55.0,2.2869368159173775,143,33.0,-28.0,0.23
07:34:49,115.0,12.0,119.5,30.0,113.0,54.0,120.38,24.0,117.25,4.5,66.0,54.0,1.7963518586286906,120,12.0,-23.0,0.1
07:34:50,114.03,39.0,117.23,53.0,112.91,99.0,118.74,47.0,115.63,3.200000000000003,138.0,100.0,1.7258099547746217,238,38.0,118.0,0.16
07:34:51,113.0,42.0,114.5,28.0,112.0,33.0,115.81,43.0,113.75,1.5,75.0,71.0,2.136979176313984,146,4.0,-92.0,0.03
07:34:52,111.8,15.0,113.24,17.0,108.75,16.0,115.05,19.0,112.52,1.4399999999999977,31.0,36.0,2.2157797724503334,67,-5.0,-79.0,-0.07
07:34:53,108.18,34.0,114.4,15.0,63.38,64.0,259.09,22.0,111.29,6.219999999999999,98.0,37.0,2.3862983887184908,135,61.0,68.0,0.45
07:34:54,108.0,40.0,114.7,10.0,61.37,92.0,180.0,11.0,111.35,6.700000000000003,132.0,21.0,1.824423196520168,153,111.0,18.0,0.73
07:34:55,103.39,28.0,113.0,9.0,65.83,72.0,114.11,9.0,108.2,9.61,100.0,18.0,2.063315293405578,118,82.0,-35.0,0.69
07:34:56,107.0,24.0,149.0,9.0,96.88,24.0,229.67,12.0,128.0,42.0,48.0,21.0,7.839436842018718,69,27.0,-49.0,0.39
07:34:57,114.0,10.0,264.47,19.0,105.5,24.0,406.03,37.0,189.24,150.47000000000003,34.0,56.0,34.22633094563301,90,-22.0,21.0,-0.24
07:34:59,117.0,41.0,407.55,38.0,109.0,156.0,468.49,43.0,262.28,290.55,197.0,81.0,84.81439689109376,278,116.0,51.0,0.42
07:35:00,117.0,65.0,168.0,26.0,111.12,64.0,256.21,28.0,142.5,51.0,129.0,54.0,76.66101173347488,183,75.0,-95.0,0.41
07:35:01,117.0,75.0,137.93,30.0,113.0,103.0,173.93,30.0,127.47,20.930000000000007,178.0,60.0,76.79529360579315,238,118.0,55.0,0.5
07:35:02,117.0,50.0,123.43,21.0,115.0,80.0,170.57,21.0,120.21,6.430000000000007,130.0,42.0,86.07994731643356,172,88.0,-66.0,0.51
07:35:03,117.0,55.0,122.0,33.0,115.0,88.0,123.0,22.0,119.5,5.0,143.0,55.0,61.01617629776541,198,88.0,26.0,0.44
07:35:04,117.0,50.0,121.86,28.0,115.57,74.0,169.72,29.0,119.43,4.859999999999999,124.0,57.0,9.91452822881663,181,67.0,-17.0,0.37
07:35:05,117.0,14.0,121.9,30.0,116.0,70.0,349.43,44.0,119.45,4.900000000000006,84.0,74.0,3.513462679466435,158,10.0,-23.0,0.06
07:35:06,116.48,29.0,120.12,50.0,115.67,146.0,290.92,65.0,118.3,3.6400000000000006,175.0,115.0,0.6850328459308552,290,60.0,132.0,0.21
07:35:07,115.04,133.0,119.82,22.0,113.42,76.0,388.73,55.0,117.43,4.779999999999987,209.0,77.0,0.9265365616122917,286,132.0,-4.0,0.46
07:35:08,115.0,64.0,117.25,16.0,113.0,48.0,337.5,40.0,116.12,2.25,112.0,56.0,1.4133400157090867,168,56.0,-118.0,0.33
07:35:09,115.0,40.0,116.0,10.0,113.0,30.0,306.2,25.0,115.5,1.0,70.0,35.0,1.6010777620105876,105,35.0,-63.0,0.33
07:35:10,115.21,58.0,424.4,50.0,113.2,60.0,565.18,38.0,269.8,309.19,118.0,88.0,68.41566852702672,206,30.0,101.0,0.15
07:35:12,118.0,21.0,365.92,25.0,115.0,42.0,548.79,29.0,241.96,247.92000000000002,63.0,54.0,90.40047721112965,117,9.0,4.0,0.08
07:35:13,118.0,33.0,212.87,46.0,115.0,70.0,388.37,43.0,165.43,94.87,103.0,89.0,79.48983626854422,192,14.0,75.0,0.07
07:35:14,118.0,15.0,263.6,25.0,115.0,35.0,427.95,20.0,190.8,145.60000000000002,50.0,45.0,59.032142685150454,95,5.0,-97.0,0.05
07:35:15,118.0,62.0,193.29,48.0,115.0,70.0,312.2,50.0,155.65,75.28999999999999,132.0,98.0,64.48825838863979,230,34.0,135.0,0.15
07:35:16,118.0,72.0,309.09,46.0,115.0,70.0,467.6,50.0,213.54,191.08999999999997,142.0,96.0,35.27679024514528,238,46.0,8.0,0.19
07:35:17,118.0,39.0,286.59,68.0,116.88,115.0,434.11,72.0,202.29,168.58999999999997,154.0,140.0,24.44409069693491,294,14.0,56.0,0.05
07:35:18,118.0,33.0,156.0,55.0,117.0,99.0,318.18,33.0,137.0,38.0,132.0,88.0,32.32736658003528,220,44.0,-74.0,0.2
07:35:19,118.0,30.0,153.52,44.0,117.0,90.0,155.3,46.0,135.76,35.52000000000001,120.0,90.0,36.73908096291993,210,30.0,-10.0,0.14
07:35:20,118.0,50.0,150.32,63.0,117.0,126.0,152.33,63.0,134.16,32.31999999999999,176.0,126.0,39.79870098382593,302,50.0,92.0,0.17
07:35:21,117.06,106.0,146.57,94.0,115.71,152.0,148.57,106.0,131.82,29.50999999999999,258.0,200.0,30.295822814374798,458,58.0,156.0,0.13
07:35:22,117.93,211.0,142.34,76.0,115.3,132.0,144.17,77.0,130.14,24.409999999999997,343.0,153.0,2.8073261299673993,496,190.0,38.0,0.38
07:35:23,118.0,108.0,137.82,56.0,116.09,88.0,139.54,52.0,127.91,19.819999999999993,196.0,108.0,3.1230786093209804,304,88.0,-169.0,0.29
07:35:24,118.0,165.0,135.65,31.0,117.0,90.0,136.45,71.0,126.82,17.650000000000006,255.0,102.0,2.9569240774830154,357,153.0,53.0,0.43
07:35:25,118.17,120.0,133.25,60.0,117.48,115.0,133.61,28.0,125.71,15.079999999999998,235.0,88.0,2.4831733729240955,323,147.0,-34.0,0.46
07:35:28,118.35,80.0,121.93,41.0,117.68,113.0,123.5,38.0,120.14,3.5800000000000125,193.0,79.0,2.641300815886071,272,114.0,-41.0,0.42
07:35:29,118.0,46.0,119.07,29.0,117.0,66.0,120.95,38.0,118.53,1.0699999999999932,112.0,67.0,2.9790736815327112,179,45.0,-93.0,0.25
07:35:30,117.0,60.0,119.54,13.0,116.0,20.0,417.15,46.0,118.27,2.5400000000000063,80.0,59.0,2.6972726966328895,139,21.0,-40.0,0.15
07:35:31,117.0,53.0,140.09,11.0,116.0,18.0,296.83,30.0,128.55,23.090000000000003,71.0,41.0,4.242815103206959,112,30.0,-27.0,0.27
07:35:32,116.33,30.0,218.93,30.0,115.03,144.0,319.24,29.0,167.63,102.60000000000001,174.0,59.0,21.110103742047276,233,115.0,121.0,0.49
07:35:33,115.43,46.0,232.76,29.0,114.91,132.0,292.11,19.0,174.1,117.32999999999998,178.0,48.0,27.296785158695798,226,130.0,-7.0,0.58
07:35:34,117.57,28.0,219.0,24.0,115.09,88.0,242.5,12.0,168.29,101.43,116.0,36.0,25.902168249009435,152,80.0,-74.0,0.53
07:35:35,116.05,129.0,244.08,13.0,114.64,78.0,417.67,18.0,180.06,128.03000000000003,207.0,31.0,20.29680836979029,238,176.0,86.0,0.74
07:35:36,115.21,78.0,176.7,20.0,114.58,71.0,227.65,17.0,145.95,61.489999999999995,149.0,37.0,12.902760557337668,186,112.0,-52.0,0.6
07:35:37,115.0,91.0,130.6,10.0,113.0,21.0,132.6,15.0,122.8,15.599999999999994,112.0,25.0,23.64155345995672,137,87.0,-49.0,0.64
07:35:38,115.0,52.0,129.25,8.0,113.0,12.0,131.0,4.0,122.12,14.25,64.0,12.0,26.212701692118547,76,52.0,-61.0,0.68
07:35:39,115.0,130.0,126.7,20.0,113.0,30.0,131.0,10.0,120.85,11.700000000000003,160.0,30.0,25.53893752684315,190,130.0,114.0,0.68
07:35:40,115.0,110.0,125.09,22.0,112.87,30.0,131.0,11.0,120.05,10.090000000000003,140.0,33.0,11.00676292104088,173,107.0,-17.0,0.62
07:35:41,115.0,122.0,121.26,23.0,112.0,60.0,123.82,22.0,118.13,6.260000000000005,182.0,45.0,1.832743844622605,227,137.0,54.0,0.6
07:35:42,115.91,66.0,204.96,27.0,113.0,42.0,348.5,24.0,160.44,89.05000000000001,108.0,51.0,18.01502345266306,159,57.0,-68.0,0.36
07:35:45,116.4,25.0,377.87,31.0,114.41,29.0,455.25,12.0,247.14,261.47,54.0,43.0,47.621507955964475,97,11.0,-1.0,0.11
07:35:46,115.0,40.0,180.81,21.0,112.0,50.0,244.31,26.0,147.9,65.81,90.0,47.0,38.899081223082725,137,43.0,40.0,0.31
07:35:47,115.0,7.0,156.29,7.0,112.0,33.0,159.0,28.0,135.64,41.28999999999999,40.0,35.0,44.29075885554444,75,5.0,-62.0,0.07
07:35:48,115.0,23.0,153.67,15.0,112.06,34.0,154.73,30.0,134.33,38.66999999999999,57.0,45.0,49.20703506613653,102,12.0,27.0,0.12
07:35:49,115.0,36.0,150.57,37.0,113.0,24.0,153.15,27.0,132.78,35.56999999999999,60.0,64.0,49.32570242784175,124,-4.0,22.0,-0.03
07:35:50,114.68,25.0,150.07,14.0,112.37,38.0,151.05,41.0,132.38,35.389999999999986,63.0,55.0,6.445252516387436,118,8.0,-6.0,0.07
07:35:51,113.0,8.0,148.88,8.0,112.0,38.0,151.0,32.0,130.94,35.879999999999995,46.0,40.0,1.815621105847569,86,6.0,-32.0,0.07
07:35:52,113.0,11.0,146.13,23.0,112.0,44.0,147.5,32.0,129.57,33.129999999999995,55.0,55.0,1.8172919413235045,110,0.0,24.0,0.0
07:35:53,113.0,9.0,143.61,18.0,112.0,27.0,145.24,33.0,128.31,30.610000000000014,36.0,51.0,1.8807790938862283,87,-15.0,-23.0,-0.17
07:35:54,114.0,28.0,139.98,48.0,111.93,44.0,141.58,57.0,126.99,25.97999999999999,72.0,105.0,2.120959688442868,177,-33.0,90.0,-0.19
07:35:55,114.16,25.0,135.8,40.0,111.86,28.0,138.0,30.0,124.98,21.640000000000015,53.0,70.0,2.3032737570683817,123,-17.0,-54.0,-0.14
07:35:56,112.0,32.0,133.18,22.0,111.0,8.0,134.58,24.0,122.59,21.180000000000007,40.0,46.0,2.7630997086605826,86,-6.0,-37.0,-0.07
07:35:57,112.0,28.0,131.42,36.0,111.0,10.0,132.27,22.0,121.71,19.419999999999987,38.0,58.0,2.8068452041394254,96,-20.0,10.0,-0.21
07:35:58,111.0,10.0,128.91,22.0,108.0,90.0,130.56,27.0,119.95,17.909999999999997,100.0,49.0,2.7693645480508273,149,51.0,53.0,0.34
07:35:59,108.74,73.0,124.0,24.0,80.36,11.0,125.73,26.0,116.37,15.260000000000005,84.0,50.0,3.2148094811358803,134,34.0,-15.0,0.25
07:36:00,113.42,33.0,119.62,26.0,103.77,70.0,122.45,22.0,116.52,6.200000000000003,103.0,48.0,2.8847044909316875,151,55.0,17.0,0.36
07:36:01,111.53,19.0,117.73,22.0,110.09,44.0,209.5,20.0,114.63,6.200000000000003,63.0,42.0,2.8998413749723837,105,21.0,-46.0,0.2
07:36:02,116.0,12.0,414.05,19.0,113.0,18.0,621.67,9.0,265.03,298.05,30.0,28.0,66.28834286660057,58,2.0,-47.0,0.03
07:36:03,116.0,16.0,182.5,30.0,113.0,27.0,479.0,24.0,149.25,66.5,43.0,54.0,64.62882406480868,97,-11.0,39.0,-0.11
07:36:04,116.0,25.0,181.8,50.0,113.0,30.0,183.0,30.0,148.9,65.80000000000001,55.0,80.0,61.66966620632865,135,-25.0,38.0,-0.19
07:36:05,115.32,37.0,180.54,65.0,112.43,90.0,321.62,39.0,147.93,65.22,127.0,104.0,57.75310744886367,231,23.0,96.0,0.1
07:36:06,112.43,35.0,144.0,22.0,111.98,102.0,321.38,24.0,128.21,31.569999999999993,137.0,46.0,55.03896328965501,183,91.0,-48.0,0.5
07:36:07,112.0,56.0,113.0,12.0,111.0,12.0,114.0,18.0,112.5,1.0,68.0,30.0,16.49250344853678,98,38.0,-85.0,0.39
07:36:08,110.08,50.0,113.6,25.0,81.19,21.0,122.0,20.0,111.84,3.519999999999996,71.0,45.0,18.1511550596649,116,26.0,18.0,0.22
07:36:09,109.19,36.0,242.0,10.0,91.97,31.0,315.91,22.0,175.6,132.81,67.0,32.0,26.944625252543364,99,35.0,-17.0,0.35
07:36:10,109.34,53.0,319.56,27.0,105.0,94.0,390.16,25.0,214.45,210.22,147.0,52.0,45.09836526970789,199,95.0,100.0,0.48
07:36:11,117.0,122.0,318.0,27.0,109.0,45.0,462.0,9.0,217.5,201.0,167.0,36.0,52.169564115487795,203,131.0,4.0,0.65
07:36:12,118.86,58.0,338.17,12.0,116.18,50.0,482.25,12.0,228.51,219.31,108.0,24.0,47.834444179900196,132,84.0,-71.0,0.64
07:36:22,118.8,20.0,120.87,63.0,115.54,13.0,121.95,64.0,119.84,2.0700000000000074,33.0,127.0,9.22309872006173,160,-94.0,-11.0,-0.59
07:36:23,114.0,14.0,117.06,68.0,112.71,14.0,118.01,68.0,115.53,3.0600000000000023,28.0,136.0,3.2924109707029885,164,-108.0,4.0,-0.66
07:36:24,110.94,31.0,114.37,35.0,108.82,11.0,115.44,48.0,112.65,3.430000000000007,42.0,83.0,4.575079234287182,125,-41.0,-39.0,-0.33
07:36:25,111.48,27.0,114.46,71.0,107.6,15.0,221.44,43.0,112.97,2.9799999999999898,42.0,114.0,4.352185657805306,156,-72.0,31.0,-0.46
07:36:26,112.77,26.0,114.42,36.0,109.67,12.0,133.38,52.0,113.59,1.6500000000000057,38.0,88.0,2.970804604817789,126,-50.0,-30.0,-0.4
07:36:27,110.0,10.0,113.14,14.0,85.23,13.0,242.65,17.0,111.57,3.1400000000000006,23.0,31.0,1.464076500735845,54,-8.0,-72.0,-0.15
07:36:28,110.0,7.0,112.71,7.0,81.14,14.0,144.0,14.0,111.36,2.7099999999999937,21.0,21.0,0.944732766451494,42,0.0,-12.0,0.0
07:36:29,109.38,8.0,111.75,8.0,91.36,11.0,153.23,26.0,110.56,2.3700000000000045,19.0,34.0,1.2386080897552596,53,-15.0,11.0,-0.28
07:36:30,86.33,30.0,140.82,22.0,80.67,15.0,320.1,40.0,113.58,54.489999999999995,45.0,62.0,1.3789017368932237,107,-17.0,54.0,-0.16
07:36:31,100.94,33.0,251.4,40.0,89.79,24.0,593.7,40.0,176.17,150.46,57.0,80.0,28.82314122367658,137,-23.0,30.0,-0.17
07:36:34,118.0,72.0,293.59,39.0,116.0,27.0,378.11,38.0,205.79,175.58999999999997,99.0,77.0,80.08480892154257,176,22.0,2.0,0.12
07:36:35,118.0,40.0,134.6,20.0,116.0,15.0,136.0,25.0,126.3,16.599999999999994,55.0,45.0,76.02275435683703,100,10.0,-76.0,0.1
07:36:36,118.0,64.0,131.51,37.0,116.0,30.0,135.22,41.0,124.76,13.509999999999991,94.0,78.0,86.3611760573001,172,16.0,72.0,0.09
07:36:37,118.0,20.0,128.5,8.0,116.0,15.0,129.06,17.0,123.25,10.5,35.0,25.0,76.62454260874898,60,10.0,-112.0,0.17
07:36:38,118.0,36.0,125.67,24.0,116.0,27.0,127.62,21.0,121.83,7.670000000000002,63.0,45.0,36.59999357923434,108,18.0,48.0,0.17
07:36:39,118.0,36.0,123.63,19.0,116.0,27.0,124.71,24.0,120.82,5.6299999999999955,63.0,43.0,2.2024463671103143,106,20.0,-2.0,0.19
07:36:40,118.0,44.0,120.0,33.0,116.0,36.0,121.07,27.0,119.0,2.0,80.0,60.0,2.212367510156847,140,20.0,34.0,0.14
07:36:41,117.71,14.0,119.0,44.0,115.54,35.0,192.09,11.0,118.36,1.2900000000000063,49.0,55.0,2.0092212421726323,104,-6.0,-36.0,-0.06
07:36:42,116.0,47.0,121.34,47.0,113.92,52.0,285.41,22.0,118.67,5.340000000000003,99.0,69.0,1.510903703085619,168,30.0,64.0,0.18
07:36:43,116.0,16.0,260.3,20.0,113.0,16.0,358.21,14.0,188.15,144.3,32.0,34.0,30.844583803319445,66,-2.0,-102.0,-0.03
07:36:44,116.0,16.0,351.0,8.0,113.0,16.0,406.11,19.0,233.5,235.0,32.0,27.0,52.95775325672335,59,5.0,-7.0,0.08
07:36:45,113.86,14.0,240.18,11.0,112.21,19.0,305.79,14.0,177.02,126.32000000000001,33.0,25.0,49.171926441822386,58,8.0,-1.0,0.14
07:36:46,112.79,33.0,150.67,39.0,110.28,150.0,157.61,61.0,131.73,37.87999999999998,183.0,100.0,46.12521468784716,283,83.0,167.0,0.29
07:36:47,113.12,32.0,148.23,30.0,112.0,18.0,149.39,31.0,130.68,35.109999999999985,50.0,61.0,43.00306651856343,111,-11.0,-169.0,-0.1
07:36:48,115.65,46.0,143.09,43.0,110.16,188.0,144.95,42.0,129.37,27.439999999999998,234.0,85.0,45.519019651130385,319,149.0,167.0,0.47
07:36:49,118.0,59.0,141.0,33.0,115.0,22.0,143.0,22.0,129.5,23.0,81.0,55.0,20.906964150732133,136,26.0,-169.0,0.19
07:36:50,118.0,45.0,139.43,21.0,115.78,18.0,140.75,24.0,128.71,21.430000000000007,63.0,45.0,1.2006539884581324,108,18.0,-28.0,0.17
07:36:51,118.0,60.0,139.0,24.0,116.0,24.0,140.0,36.0,128.5,21.0,84.0,60.0,0.8549678356526448,144,24.0,36.0,0.17
07:36:52,118.0,50.0,137.4,20.0,116.0,20.0,139.6,40.0,127.7,19.400000000000006,70.0,60.0,0.7268631232912309,130,10.0,-14.0,0.08
07:36:53,118.0,65.0,132.49,37.0,116.0,26.0,133.71,28.0,125.24,14.490000000000009,91.0,65.0,1.6345641620936324,156,26.0,26.0,0.17
07:36:54,118.0,51.0,130.2,30.0,116.0,22.0,131.16,25.0,124.1,12.199999999999989,73.0,55.0,2.065139220488797,128,18.0,-28.0,0.14
07:36:55,118.0,10.0,128.5,24.0,116.0,20.0,129.31,26.0,123.25,10.5,30.0,50.0,2.269211316735683,80,-20.0,-48.0,-0.25
07:36:56,118.06,33.0,128.0,22.0,116.33,24.0,129.0,33.0,123.03,9.939999999999998,57.0,55.0,1.9063394241324176,112,2.0,32.0,0.02
07:36:57,118.0,39.0,125.14,28.0,116.0,26.0,126.35,31.0,121.57,7.140000000000001,65.0,59.0,1.3580022091299389,124,6.0,12.0,0.05
07:36:58,117.75,36.0,121.4,25.0,115.44,27.0,123.06,35.0,119.58,3.6500000000000057,63.0,60.0,1.7752830760197222,123,3.0,-1.0,0.02
07:36:59,115.0,43.0,119.0,32.0,113.0,75.0,120.47,36.0,117.0,4.0,118.0,68.0,2.6201011430863392,186,50.0,63.0,0.27
07:37:00,115.0,11.0,117.33,18.0,113.0,55.0,130.69,29.0,116.17,2.3299999999999983,66.0,47.0,2.919186530525692,113,19.0,-73.0,0.17
07:37:01,115.0,10.0,117.0,10.0,113.0,50.0,118.0,30.0,116.0,2.0,60.0,40.0,2.4274328003063044,100,20.0,-13.0,0.2
07:37:02,113.61,33.0,117.92,39.0,112.58,105.0,144.4,45.0,115.76,4.310000000000002,138.0,84.0,1.5680306119470848,222,54.0,122.0,0.24
07:37:03,113.1,51.0,116.39,41.0,112.17,145.0,316.36,42.0,114.74,3.2900000000000063,196.0,83.0,0.8142972430282178,279,113.0,57.0,0.41
07:37:04,112.0,108.0,288.83,35.0,111.0,48.0,395.0,36.0,200.41,176.82999999999998,156.0,71.0,37.902061025754264,227,85.0,-52.0,0.37
07:37:05,112.0,85.0,348.89,27.0,111.0,36.0,516.52,23.0,230.44,236.89,121.0,50.0,55.7534806088373,171,71.0,-56.0,0.42
07:37:06,112.0,72.0,209.4,20.0,111.0,32.0,395.25,20.0,160.7,97.4,104.0,40.0,51.243673755889084,144,64.0,-27.0,0.44
07:37:07,112.04,47.0,405.0,16.0,111.31,29.0,478.0,18.0,258.52,292.96,76.0,34.0,56.82746360695673,110,42.0,-34.0,0.38
07:37:08,112.22,27.0,391.0,18.0,111.69,39.0,486.0,18.0,251.61,278.78,66.0,36.0,40.28544935829794,102,30.0,-8.0,0.29
07:37:10,112.0,77.0,354.27,15.0,111.0,44.0,633.91,22.0,233.13,242.26999999999998,121.0,37.0,50.726514467288055,158,84.0,128.0,0.53
07:37:11,112.62,24.0,333.43,14.0,111.84,44.0,402.38,21.0,223.03,220.81,68.0,35.0,29.33173827102619,103,33.0,-55.0,0.32
07:37:12,112.55,44.0,372.0,23.0,111.59,54.0,373.83,35.0,242.27,259.45,98.0,58.0,29.475152586542837,156,40.0,53.0,0.26
07:37:13,112.0,45.0,268.3,10.0,111.0,36.0,358.42,12.0,190.15,156.3,81.0,22.0,39.60903280818637,103,59.0,-53.0,0.57
07:37:14,112.39,38.0,221.43,23.0,111.04,46.0,221.87,23.0,166.91,109.04,84.0,46.0,31.58667947094135,130,38.0,27.0,0.29
07:37:15,113.36,11.0,122.25,28.0,111.09,35.0,132.58,31.0,117.81,8.89,46.0,59.0,48.85789270936673,105,-13.0,-25.0,-0.12
07:37:16,112.0,8.0,116.62,24.0,111.0,32.0,120.0,24.0,114.31,4.6200000000000045,40.0,48.0,53.373390373855706,88,-8.0,-17.0,-0.09
07:37:17,111.16,19.0,208.0,23.0,110.29,42.0,294.62,29.0,159.58,96.84,61.0,52.0,32.78494959581293,113,9.0,25.0,0.08
07:37:18,118.76,34.0,368.0,18.0,114.86,28.0,404.0,27.0,243.38,249.24,62.0,45.0,52.1222818955578,107,17.0,-6.0,0.16
07:37:19,118.0,48.0,323.11,28.0,116.0,48.0,491.59,27.0,220.55,205.11,96.0,55.0,58.87982702080561,151,41.0,44.0,0.27
07:37:20,118.0,30.0,349.64,22.0,116.0,30.0,568.5,16.0,233.82,231.64,60.0,38.0,55.37060113453696,98,22.0,-53.0,0.22
07:37:21,118.0,51.0,324.59,56.0,116.0,96.0,431.46,52.0,221.29,206.58999999999997,147.0,108.0,32.78238444652831,255,39.0,157.0,0.15
07:37:22,118.0,36.0,251.96,51.0,116.0,90.0,254.36,33.0,184.98,133.96,126.0,84.0,22.151476925929366,210,42.0,-45.0,0.2
07:37:23,117.66,47.0,151.68,50.0,115.8,123.0,198.11,36.0,134.67,34.02000000000001,170.0,86.0,40.33785157888291,256,84.0,46.0,0.33
07:37:24,116.0,88.0,133.44,25.0,112.0,66.0,135.88,52.0,124.72,17.439999999999998,154.0,77.0,49.337840751293434,231,77.0,-25.0,0.33
07:37:25,116.0,73.0,130.73,59.0,112.0,96.0,131.68,53.0,123.36,14.72999999999999,169.0,112.0,43.54632395507108,281,57.0,50.0,0.2
07:37:26,116.0,30.0,128.55,22.0,112.0,48.0,130.76,34.0,122.27,12.550000000000011,78.0,56.0,26.722323065182852,134,22.0,-147.0,0.16
07:37:29,116.71,34.0,123.92,38.0,115.05,44.0,125.57,53.0,120.31,7.210000000000008,78.0,91.0,1.4132480320199021,169,-13.0,13.0,-0.08
07:37:30,116.0,38.0,119.27,22.0,113.0,24.0,120.25,40.0,117.64,3.269999999999996,62.0,62.0,2.5074429205883266,124,0.0,-45.0,0.0
07:37:31,116.0,12.0,117.25,24.0,113.0,27.0,129.07,27.0,116.62,1.25,39.0,51.0,3.2082892637679827,90,-12.0,-34.0,-0.13
07:37:32,115.6,10.0,170.83,29.0,113.5,20.0,291.96,23.0,143.21,55.23000000000002,30.0,52.0,10.938722503108288,82,-22.0,-8.0,-0.27
07:37:33,115.0,6.0,257.0,18.0,113.0,18.0,260.0,12.0,186.0,142.0,24.0,30.0,29.614086681847933,54,-6.0,-28.0,-0.11
07:37:34,119.0,69.0,254.25,16.0,115.0,6.0,256.14,14.0,186.62,135.25,75.0,30.0,34.801296240226435,105,45.0,51.0,0.43
07:37:35,119.0,72.0,251.89,18.0,115.0,8.0,253.36,22.0,185.44,132.89,80.0,40.0,32.13851303343068,120,40.0,15.0,0.33
07:37:36,118.83,47.0,250.33,15.0,115.0,14.0,252.7,20.0,184.58,131.5,61.0,35.0,18.999039449403465,96,26.0,-24.0,0.27
07:37:37,115.0,15.0,242.53,34.0,113.0,45.0,248.49,39.0,178.76,127.53,60.0,73.0,3.1756889016380314,133,-13.0,37.0,-0.1
07:37:38,116.86,43.0,241.0,25.0,114.05,19.0,243.2,15.0,178.93,124.14,62.0,40.0,3.7418952417174234,102,22.0,-31.0,0.22
07:37:39,117.62,26.0,239.73,22.0,116.83,35.0,243.0,11.0,178.67,122.10999999999999,61.0,33.0,3.4234675403730783,94,28.0,-8.0,0.3
07:37:40,117.0,30.0,237.62,24.0,115.93,58.0,238.8,20.0,177.31,120.62,88.0,44.0,2.8306977938290596,132,44.0,38.0,0.33
07:37:41,116.0,18.0,235.13,23.0,113.3,27.0,236.47,19.0,175.57,119.13,45.0,42.0,1.4280126049826578,87,3.0,-45.0,0.03
07:37:42,115.0,13.0,192.3,43.0,113.0,26.0,202.55,29.0,153.65,77.30000000000001,39.0,72.0,10.802383070415127,111,-33.0,24.0,-0.3
07:37:43,112.28,86.0,183.13,23.0,111.7,46.0,184.87,31.0,147.7,70.85,132.0,54.0,14.711903343891096,186,78.0,75.0,0.42
07:37:44,112.45,139.0,180.75,24.0,111.21,63.0,181.87,31.0,146.6,68.3,202.0,55.0,15.10873687639032,257,147.0,71.0,0.57
07:37:45,119.0,109.0,179.23,39.0,112.0,169.0,181.0,26.0,149.12,60.22999999999999,278.0,65.0,12.065010153331789,343,213.0,86.0,0.62
07:37:47,118.65,69.0,169.89,18.0,112.21,175.0,171.79,14.0,144.27,51.23999999999998,244.0,32.0,1.8282013018272267,276,212.0,8.0,0.77
07:37:48,118.0,114.0,166.89,19.0,112.65,37.0,167.35,23.0,142.45,48.889999999999986,151.0,42.0,2.7087949350224565,193,109.0,-83.0,0.56
07:37:49,118.0,213.0,163.75,16.0,113.0,32.0,166.0,16.0,140.88,45.75,245.0,32.0,3.5172674052457116,277,213.0,84.0,0.77
07:37:50,118.0,96.0,162.08,13.0,113.6,20.0,163.2,15.0,140.04,44.08000000000001,116.0,28.0,3.1350869206458696,144,88.0,-133.0,0.61
07:37:51,118.0,100.0,146.3,20.0,115.0,36.0,140.47,34.0,132.15,28.30000000000001,136.0,54.0,4.653629766107998,190,82.0,46.0,0.43
07:37:52,118.0,64.0,124.53,17.0,115.0,27.0,124.8,15.0,121.26,6.530000000000001,91.0,32.0,8.828291454183454,123,59.0,-67.0,0.48
07:37:53,118.0,34.0,119.0,10.0,115.6,30.0,129.0,22.0,118.5,1.0,64.0,32.0,10.37827442304408,96,32.0,-27.0,0.33
07:37:54,118.0,21.0,119.0,7.0,115.0,21.0,131.0,21.0,118.5,1.0,42.0,28.0,9.616017886839295,70,14.0,-26.0,0.2
07:37:55,115.0,39.0,118.22,23.0,113.0,37.0,205.46,65.0,116.61,3.219999999999999,76.0,88.0,6.231896180137763,164,-12.0,94.0,-0.07
07:37:56,114.0,12.0,117.46,13.0,112.07,84.0,183.62,40.0,115.73,3.4599999999999937,96.0,53.0,2.1295891622604577,149,43.0,-15.0,0.29
07:37:57,114.0,48.0,117.08,12.0,113.0,8.0,183.62,40.0,115.54,3.0799999999999983,56.0,52.0,1.4485958718765288,108,4.0,-41.0,0.04
07:38:01,117.96,27.0,221.0,24.0,114.94,34.0,442.58,60.0,169.48,103.04,61.0,84.0,76.96322284052285,145,-23.0,24.0,-0.16
07:38:02,113.0,15.0,221.0,18.0,111.97,65.0,502.67,45.0,167.0,108.0,80.0,63.0,64.71876196281859,143,17.0,-2.0,0.12
07:38:03,112.68,44.0,220.4,25.0,111.78,36.0,355.14,29.0,166.54,107.72,80.0,54.0,37.13439403033242,134,26.0,-9.0,0.19
07:38:04,113.0,70.0,218.7,50.0,112.0,70.0,221.0,20.0,165.85,105.69999999999999,140.0,70.0,2.1277640846665142,210,70.0,76.0,0.33
07:38:05,113.92,84.0,216.73,30.0,112.16,75.0,218.22,54.0,165.32,102.80999999999999,159.0,84.0,1.6105651182107692,243,75.0,33.0,0.31
07:38:06,114.56,63.0,215.44,18.0,113.0,84.0,218.0,45.0,165.0,100.88,147.0,63.0,0.830614230553334,210,84.0,-33.0,0.4
07:38:07,116.0,42.0,214.25,16.0,113.0,60.0,216.67,18.0,165.12,98.25,102.0,34.0,0.6342554690326934,136,68.0,-74.0,0.5
07:38:08,114.93,90.0,213.56,41.0,112.81,148.0,214.46,39.0,164.25,98.63,238.0,80.0,0.5795429233440047,318,158.0,167.0,0.5
07:38:09,113.0,72.0,209.75,28.0,112.0,63.0,212.0,20.0,161.38,96.75,135.0,48.0,1.6351391378101627,183,87.0,-135.0,0.48
07:38:10,113.86,73.0,203.76,29.0,112.3,80.0,205.03,33.0,158.81,89.89999999999999,153.0,62.0,2.7476662825021574,215,91.0,32.0,0.42
07:38:11,114.12,64.0,189.61,57.0,112.19,158.0,195.57,49.0,151.87,75.49000000000001,222.0,106.0,5.321778837945133,328,116.0,113.0,0.35
07:38:12,117.0,27.0,144.06,35.0,113.0,45.0,145.0,33.0,130.53,27.060000000000002,72.0,68.0,13.56506247681906,140,4.0,-169.0,0.03
07:38:13,117.0,30.0,140.36,47.0,113.35,34.0,140.88,32.0,128.68,23.360000000000014,64.0,79.0,15.605112303344958,143,-15.0,3.0,-0.1
07:38:14,117.0,24.0,135.26,35.0,116.0,8.0,136.6,30.0,126.13,18.25999999999999,32.0,65.0,15.014535623855046,97,-33.0,-46.0,-0.34
07:38:15,117.0,48.0,131.74,70.0,116.0,16.0,132.31,59.0,124.37,14.740000000000009,64.0,129.0,11.18229314586307,193,-65.0,96.0,-0.34
07:38:16,117.6,30.0,129.86,28.0,116.82,22.0,130.87,46.0,123.73,12.26000000000002,52.0,74.0,2.879378405145704,126,-22.0,-67.0,-0.17
07:38:17,118.0,87.0,127.26,34.0,117.0,42.0,128.69,29.0,122.63,9.260000000000005,129.0,63.0,2.3657810549626808,192,66.0,66.0,0.34
07:38:18,118.0,84.0,123.81,36.0,117.0,39.0,124.97,35.0,120.9,5.810000000000002,123.0,71.0,1.95128675494434,194,52.0,2.0,0.27
07:38:19,118.0,56.0,119.64,28.0,117.0,24.0,121.67,36.0,118.82,1.6400000000000006,80.0,64.0,2.2521434235017295,144,16.0,-50.0,0.11
07:38:20,117.1,20.0,118.45,33.0,116.12,16.0,119.76,25.0,117.78,1.3500000000000085,36.0,58.0,2.499033813301223,94,-22.0,-50.0,-0.23
07:38:21,115.33,6.0,117.5,12.0,113.57,14.0,142.0,8.0,116.42,2.1700000000000017,20.0,20.0,2.4740452704070877,40,0.0,-54.0,0.0
07:38:22,114.57,28.0,116.8,30.0,113.0,41.0,419.0,40.0,115.69,2.230000000000004,69.0,70.0,2.057479039996395,139,-1.0,99.0,-0.01
07:38:23,113.0,35.0,297.55,40.0,112.0,20.0,358.7,20.0,205.28,184.55,55.0,60.0,39.419182132560984,115,-5.0,-24.0,-0.04
07:38:24,113.13,15.0,333.18,34.0,112.12,16.0,444.69,13.0,223.15,220.05,31.0,47.0,53.826845811360734,78,-16.0,-37.0,-0.21
07:38:25,118.0,8.0,269.0,24.0,114.0,6.0,371.4,10.0,193.5,151.0,14.0,34.0,51.085661099764515,48,-20.0,-30.0,-0.42
07:38:26,118.0,36.0,179.87,38.0,116.0,12.0,319.52,27.0,148.93,61.870000000000005,48.0,65.0,44.01190577559655,113,-17.0,65.0,-0.15
07:38:27,118.8,25.0,371.43,28.0,117.5,20.0,485.2,20.0,245.11,252.63,45.0,48.0,36.048924117093605,93,-3.0,-20.0,-0.03
07:38:29,118.0,10.0,127.56,45.0,116.0,10.0,265.19,47.0,122.78,9.560000000000002,20.0,92.0,50.310007652553416,112,-72.0,-24.0,-0.64
07:38:30,116.67,9.0,126.0,41.0,114.0,9.0,127.0,40.0,121.33,9.329999999999998,18.0,81.0,57.52782213850956,99,-63.0,-13.0,-0.64
07:38:31,112.71,17.0,123.45,44.0,110.96,46.0,124.35,46.0,118.08,10.740000000000009,63.0,90.0,62.06505433816999,153,-27.0,54.0,-0.18
07:38:32,111.44,18.0,121.64,44.0,110.18,34.0,123.3,46.0,116.54,10.200000000000003,52.0,90.0,45.24036947240823,142,-38.0,-11.0,-0.27
07:38:33,113.16,32.0,119.54,65.0,112.5,36.0,120.49,63.0,116.35,6.38000000000001,68.0,128.0,2.899849996123622,196,-60.0,54.0,-0.31
07:38:34,113.08,25.0,117.56,57.0,111.29,28.0,118.67,60.0,115.32,4.480000000000004,53.0,117.0,2.3451503150158497,170,-64.0,-26.0,-0.38
07:38:35,114.2,30.0,116.36,55.0,112.09,22.0,117.31,51.0,115.28,2.1599999999999966,52.0,106.0,1.1432759946834974,158,-54.0,-12.0,-0.34
07:38:36,113.0,28.0,115.18,11.0,111.0,14.0,116.14,35.0,114.09,2.180000000000007,42.0,46.0,0.9838343356581557,88,-4.0,-70.0,-0.05
07:38:37,112.53,38.0,115.85,54.0,103.86,28.0,116.71,70.0,114.19,3.319999999999993,66.0,124.0,0.9323250506235169,190,-58.0,102.0,-0.31
07:38:38,110.36,22.0,115.25,40.0,86.89,18.0,116.25,40.0,112.81,4.890000000000001,40.0,80.0,1.0331843978789488,120,-40.0,-70.0,-0.33
07:38:39,109.2,30.0,113.1,50.0,95.0,20.0,114.6,50.0,111.15,3.8999999999999915,50.0,100.0,1.580436648531311,150,-50.0,30.0,-0.33
07:38:40,100.65,23.0,111.09,55.0,70.0,20.0,114.0,55.0,105.87,10.439999999999998,43.0,110.0,3.4425746179308496,153,-67.0,3.0,-0.44
07:38:41,109.0,36.0,110.25,60.0,74.14,21.0,134.24,54.0,109.62,1.25,57.0,114.0,3.2142681904318646,171,-57.0,18.0,-0.33
07:38:42,110.02,47.0,237.24,33.0,108.16,31.0,408.59,22.0,173.63,127.22000000000001,78.0,55.0,28.632933485761054,133,23.0,-38.0,0.17
07:38:43,111.6,15.0,245.33,36.0,107.76,42.0,272.97,29.0,178.47,133.73000000000002,57.0,65.0,36.88036089845123,122,-8.0,-11.0,-0.07
07:38:44,118.61,36.0,374.63,27.0,114.29,17.0,539.21,24.0,246.62,256.02,53.0,51.0,58.003790134783415,104,2.0,-18.0,0.02
07:38:48,109.83,12.0,203.22,18.0,74.0,13.0,220.5,24.0,156.53,93.39,25.0,42.0,36.14572685671141,67,-17.0,16.0,-0.25
07:38:49,117.87,30.0,216.71,17.0,63.08,13.0,217.42,19.0,167.29,98.84,43.0,36.0,6.036577672820502,79,7.0,12.0,0.09
07:38:50,116.74,31.0,215.0,30.0,91.75,12.0,216.0,10.0,165.87,98.26,43.0,40.0,5.564231303602986,83,3.0,4.0,0.04
07:38:51,118.0,32.0,214.83,18.0,114.93,43.0,215.36,14.0,166.42,96.83000000000001,75.0,32.0,4.998346726668299,107,43.0,24.0,0.4
07:38:52,118.0,43.0,212.0,19.0,115.09,53.0,213.73,33.0,165.0,94.0,96.0,52.0,4.3798367549482995,148,44.0,41.0,0.3
07:38:53,118.04,25.0,209.78,9.0,115.18,51.0,211.0,27.0,163.91,91.74,76.0,36.0,1.3009112191058678,112,40.0,-36.0,0.36
07:38:54,118.0,25.0,207.77,13.0,115.0,80.0,209.48,31.0,162.88,89.77000000000001,105.0,44.0,1.4393158096803667,149,61.0,37.0,0.41
07:38:55,118.0,12.0,200.88,16.0,115.0,96.0,204.07,28.0,159.44,82.88,108.0,44.0,2.6366645596276204,152,64.0,3.0,0.42
07:38:56,118.91,11.0,195.04,27.0,116.67,18.0,195.95,19.0,156.97,76.13,29.0,46.0,3.3402469968547215,75,-17.0,-77.0,-0.23
07:38:57,118.31,13.0,185.0,47.0,117.06,70.0,193.95,22.0,151.65,66.69,83.0,69.0,4.936977820488742,152,14.0,77.0,0.09
07:38:58,117.12,64.0,189.88,24.0,115.93,120.0,193.09,32.0,153.5,72.75999999999999,184.0,56.0,4.509397964251803,240,128.0,88.0,0.53
07:38:59,117.0,77.0,188.06,31.0,115.0,88.0,190.09,11.0,152.53,71.06,165.0,42.0,3.278806185183678,207,123.0,-33.0,0.59
07:39:00,116.65,46.0,185.91,11.0,114.75,73.0,187.12,25.0,151.28,69.25999999999999,119.0,36.0,2.282527108272543,155,83.0,-52.0,0.54
07:39:01,115.0,96.0,184.58,12.0,113.0,108.0,186.62,26.0,149.79,69.58000000000001,204.0,38.0,1.3913482669695725,242,166.0,87.0,0.69
07:39:02,115.0,88.0,180.75,24.0,113.0,117.0,181.78,23.0,147.88,65.75,205.0,47.0,2.228661032997015,252,158.0,10.0,0.63
07:39:03,115.0,48.0,155.66,29.0,113.0,108.0,154.19,31.0,135.33,40.66,156.0,60.0,6.9460686722778435,216,96.0,-36.0,0.44
07:39:04,115.0,44.0,126.13,15.0,113.0,99.0,131.69,32.0,120.57,11.129999999999995,143.0,47.0,13.036546705320406,190,96.0,-26.0,0.51
07:39:05,115.0,40.0,121.15,26.0,113.0,96.0,122.39,23.0,118.08,6.150000000000006,136.0,49.0,14.80721276945803,185,87.0,-5.0,0.47
07:39:06,113.28,115.0,119.7,33.0,112.83,53.0,120.47,30.0,116.49,6.420000000000002,168.0,63.0,13.550739832201112,231,105.0,46.0,0.45
07:39:07,113.0,80.0,115.1,21.0,112.0,12.0,115.55,29.0,114.05,2.0999999999999943,92.0,50.0,8.40619890319059,142,42.0,-89.0,0.3
07:39:08,113.0,57.0,114.78,9.0,112.0,7.0,197.17,24.0,113.89,1.7800000000000011,64.0,33.0,2.8199609926385856,97,31.0,-45.0,0.32
07:39:09,113.37,19.0,312.0,20.0,112.67,9.0,712.0,4.0,212.68,198.63,28.0,24.0,43.43850906741621,52,4.0,-45.0,0.08
07:39:15,115.56,9.0,142.13,30.0,113.09,57.0,218.5,24.0,128.84,26.569999999999993,66.0,54.0,70.60645459163052,120,12.0,42.0,0.1
07:39:16,113.29,14.0,140.71,35.0,112.74,19.0,143.0,14.0,127.0,27.42,33.0,49.0,49.4961278283462,82,-16.0,-38.0,-0.2
07:39:17,114.78,73.0,138.0,33.0,112.71,14.0,139.0,30.0,126.39,23.22,87.0,63.0,47.95810306924146,150,24.0,68.0,0.16
07:39:18,115.0,104.0,133.68,19.0,113.0,16.0,137.73,37.0,124.34,18.680000000000007,120.0,56.0,35.49034967424227,176,64.0,26.0,0.36
07:39:19,115.52,81.0,130.61,23.0,114.88,97.0,132.04,47.0,123.06,15.090000000000018,178.0,70.0,2.2687838151726973,248,108.0,72.0,0.44
07:39:20,116.0,60.0,127.28,67.0,115.0,182.0,129.48,31.0,121.64,11.280000000000001,242.0,98.0,2.2416467161418705,340,144.0,92.0,0.42
07:39:21,116.56,27.0,125.88,40.0,115.34,59.0,128.21,19.0,121.22,9.319999999999993,86.0,59.0,2.107415478729734,145,27.0,-169.0,0.19
07:39:22,117.25,32.0,123.58,48.0,116.27,44.0,124.95,42.0,120.42,6.329999999999998,76.0,90.0,1.5605383686374725,166,-14.0,21.0,-0.08
07:39:23,118.5,24.0,122.67,42.0,117.25,24.0,123.52,21.0,120.58,4.170000000000002,48.0,63.0,1.0579603017078256,111,-15.0,-55.0,-0.14
07:39:24,117.11,38.0,118.87,67.0,115.96,52.0,129.2,61.0,117.99,1.7600000000000051,90.0,128.0,1.4183088521156897,218,-38.0,107.0,-0.17
07:39:25,114.56,39.0,116.95,19.0,113.71,35.0,140.0,26.0,115.76,2.3900000000000006,74.0,45.0,2.2787452687805474,119,29.0,-99.0,0.24
07:39:26,114.0,29.0,134.57,14.0,113.0,14.0,241.06,17.0,124.29,20.569999999999993,43.0,31.0,3.191797299326782,74,12.0,-45.0,0.16
07:39:27,114.0,27.0,159.0,18.0,113.0,18.0,327.34,41.0,136.5,45.0,45.0,59.0,8.17443147870173,104,-14.0,30.0,-0.13
07:39:28,115.0,6.0,153.61,18.0,114.0,18.0,225.08,25.0,134.31,38.610000000000014,24.0,43.0,9.367275484365221,67,-19.0,-37.0,-0.28
07:39:29,114.25,8.0,386.67,15.0,113.43,14.0,571.86,14.0,250.46,272.42,22.0,29.0,55.51664372059959,51,-7.0,-16.0,-0.14
07:39:30,114.0,12.0,373.0,24.0,113.0,31.0,531.67,45.0,243.5,259.0,43.0,69.0,63.3568368055097,112,-26.0,61.0,-0.23
07:39:31,115.0,72.0,288.33,15.0,114.0,9.0,457.25,24.0,201.67,173.32999999999998,81.0,39.0,56.04333564305383,120,42.0,8.0,0.35
07:39:32,115.17,36.0,292.86,14.0,114.53,15.0,357.88,16.0,204.01,177.69,51.0,30.0,46.211433109134234,81,21.0,-39.0,0.26
07:39:33,118.0,33.0,242.55,11.0,115.0,22.0,284.75,20.0,180.27,124.55000000000001,55.0,31.0,29.872570528831076,86,24.0,5.0,0.28
07:39:34,118.0,18.0,201.0,6.0,115.0,12.0,202.0,6.0,159.5,83.0,30.0,12.0,31.289860178658323,42,18.0,-44.0,0.43
07:39:35,118.0,30.0,197.48,29.0,115.0,20.0,200.15,13.0,157.74,79.47999999999999,50.0,42.0,22.13517720733196,92,8.0,50.0,0.09
07:39:36,118.0,38.0,198.74,27.0,115.0,24.0,199.15,33.0,158.37,80.74000000000001,62.0,60.0,20.238608400776684,122,2.0,30.0,0.02
07:39:37,118.0,65.0,196.03,39.0,115.0,26.0,196.38,32.0,157.01,78.03,91.0,71.0,9.932233887700647,162,20.0,40.0,0.12
07:39:38,118.0,45.0,192.14,28.0,115.0,20.0,193.67,18.0,155.07,74.13999999999999,65.0,46.0,1.6547114552058169,111,19.0,-51.0,0.17
07:39:39,118.0,32.0,190.9,40.0,115.0,20.0,193.0,10.0,154.45,72.9,52.0,50.0,1.69838747051119,102,2.0,-9.0,0.02
07:39:40,118.55,33.0,189.32,25.0,116.08,25.0,189.77,26.0,153.93,70.77,58.0,51.0,1.8651755949479454,109,7.0,7.0,0.06
07:39:43,118.31,13.0,150.17,18.0,117.02,135.0,165.89,27.0,134.24,31.859999999999985,148.0,45.0,8.420485140417355,193,103.0,7.0,0.53
07:39:44,117.11,88.0,119.84,61.0,116.79,134.0,124.72,40.0,118.47,2.730000000000004,222.0,101.0,15.189724487296983,323,121.0,130.0,0.37
07:39:45,117.02,92.0,119.0,44.0,115.62,29.0,161.37,38.0,118.01,1.980000000000004,121.0,82.0,16.430227326485465,203,39.0,-120.0,0.19
07:39:46,116.74,62.0,118.0,28.0,114.8,20.0,142.11,38.0,117.37,1.2600000000000051,82.0,66.0,14.267457026393663,148,16.0,-55.0,0.11
07:39:47,114.84,19.0,116.42,38.0,113.28,29.0,117.29,28.0,115.63,1.5799999999999983,48.0,66.0,7.62110097033164,114,-18.0,-34.0,-0.16
07:39:48,113.05,59.0,114.91,44.0,112.34,61.0,261.29,34.0,113.98,1.8599999999999994,120.0,78.0,1.860166659197455,198,42.0,84.0,0.21
07:39:49,113.0,80.0,114.0,18.0,112.0,60.0,171.92,48.0,113.5,1.0,140.0,66.0,1.9955124655059997,206,74.0,8.0,0.36
07:39:50,115.25,32.0,154.0,20.0,112.19,31.0,254.83,24.0,134.62,38.75,63.0,44.0,8.852211588071638,107,19.0,-99.0,0.18
07:39:51,117.0,60.0,319.5,32.0,113.0,20.0,465.21,28.0,218.25,202.5,80.0,60.0,45.06096459242733,140,20.0,33.0,0.14
07:39:52,118.03,73.0,421.85,52.0,115.61,46.0,641.08,26.0,269.94,303.82000000000005,119.0,78.0,70.53063887418,197,41.0,57.0,0.21
07:39:59,117.5,24.0,138.22,9.0,116.83,29.0,451.56,18.0,127.86,20.72,53.0,27.0,85.71645279641471,80,26.0,-20.0,0.33
07:40:00,117.0,36.0,135.78,9.0,116.0,9.0,424.89,18.0,126.39,18.78,45.0,27.0,63.704695117392944,72,18.0,-8.0,0.25
07:40:01,117.0,44.0,129.31,13.0,116.0,11.0,292.29,14.0,123.15,12.310000000000002,55.0,27.0,2.8466172907479845,82,28.0,10.0,0.34
07:40:02,116.9,40.0,118.28,40.0,115.2,20.0,130.28,25.0,117.59,1.3799999999999955,60.0,65.0,4.732036559451447,125,-5.0,43.0,-0.04
07:40:03,115.0,11.0,118.0,33.0,113.48,46.0,211.73,22.0,116.5,3.0,57.0,55.0,5.103633019720835,112,2.0,-13.0,0.02
07:40:04,115.0,12.0,117.33,36.0,113.0,72.0,133.5,32.0,116.17,2.3299999999999983,84.0,68.0,4.568194391658978,152,16.0,40.0,0.11
07:40:05,115.0,6.0,116.83,18.0,113.25,32.0,171.0,12.0,115.92,1.8299999999999983,38.0,30.0,3.021842153386617,68,8.0,-84.0,0.12
07:40:06,117.91,70.0,171.0,16.0,114.43,14.0,243.57,23.0,144.46,53.09,84.0,39.0,12.500230797868692,123,45.0,55.0,0.37
07:40:07,118.0,80.0,163.04,28.0,115.0,8.0,166.33,24.0,140.52,45.03999999999999,88.0,52.0,14.470127159081418,140,36.0,17.0,0.26
07:40:08,118.0,42.0,160.38,13.0,115.0,5.0,163.0,18.0,139.19,42.379999999999995,47.0,31.0,14.016917278773757,78,16.0,-62.0,0.21
07:40:09,118.0,78.0,158.86,35.0,115.0,11.0,166.43,28.0,138.43,40.860000000000014,89.0,63.0,11.301010131841613,152,26.0,74.0,0.17
07:40:10,118.0,66.0,156.5,36.0,115.0,11.0,157.59,41.0,137.25,38.5,77.0,77.0,2.776733692666138,154,0.0,2.0,0.0
07:40:11,118.0,72.0,153.1,41.0,115.0,12.0,153.98,43.0,135.55,35.099999999999994,84.0,84.0,1.8933884968455839,168,0.0,14.0,0.0
07:40:12,118.0,54.0,151.18,34.0,115.27,11.0,152.28,29.0,134.59,33.18000000000001,65.0,63.0,1.9244531690813178,128,2.0,-40.0,0.02
07:40:13,118.0,60.0,151.0,40.0,116.0,30.0,152.0,30.0,134.5,33.0,90.0,70.0,1.7239141509910227,160,20.0,32.0,0.12
07:40:14,118.0,72.0,148.81,42.0,116.0,36.0,150.29,42.0,133.4,30.810000000000002,108.0,84.0,1.442764707077031,192,24.0,32.0,0.12
07:40:15,118.0,42.0,145.77,26.0,116.0,21.0,147.7,23.0,131.88,27.77000000000001,63.0,49.0,1.4012244645263119,112,14.0,-80.0,0.12
07:40:16,118.0,42.0,144.23,39.0,116.0,33.0,145.6,35.0,131.12,26.22999999999999,75.0,74.0,1.5555449205943848,149,1.0,37.0,0.01
07:40:18,114.71,14.0,138.58,36.0,113.35,51.0,139.58,36.0,126.65,23.87000000000002,65.0,72.0,2.5207538554938003,137,-7.0,25.0,-0.05
07:40:19,113.0,22.0,136.73,33.0,112.0,29.0,139.0,33.0,124.86,23.72999999999999,51.0,66.0,3.046870525635574,117,-15.0,-20.0,-0.13
07:40:20,113.0,10.0,135.2,15.0,112.0,10.0,139.0,15.0,124.1,22.19999999999999,20.0,30.0,3.168292915749233,50,-10.0,-67.0,-0.2
07:40:21,117.3,20.0,131.62,50.0,113.33,30.0,132.81,47.0,124.46,14.320000000000007,50.0,97.0,2.5576512662962387,147,-47.0,97.0,-0.32
07:40:22,118.0,90.0,127.29,48.0,117.0,15.0,129.0,46.0,122.65,9.290000000000006,105.0,94.0,1.442785500338395,199,11.0,52.0,0.06
07:40:23,118.0,40.0,122.35,31.0,117.0,10.0,123.32,31.0,120.18,4.349999999999994,50.0,62.0,1.908114252340957,112,-12.0,-87.0,-0.11
07:40:24,116.59,22.0,120.46,35.0,115.27,51.0,121.29,51.0,118.52,3.8699999999999903,73.0,86.0,2.564433660671824,159,-13.0,47.0,-0.08
07:40:25,115.0,105.0,119.13,45.0,113.0,30.0,120.68,57.0,117.07,4.1299999999999955,135.0,102.0,3.0026205221417355,237,33.0,78.0,0.14
07:40:26,113.91,45.0,116.41,37.0,112.87,30.0,117.24,41.0,115.16,2.5,75.0,78.0,2.872826134660205,153,-3.0,-84.0,-0.02
07:40:27,113.15,40.0,119.52,50.0,112.07,30.0,195.77,60.0,116.34,6.36999999999999,70.0,110.0,1.9505332604153802,180,-40.0,27.0,-0.22
07:40:28,113.0,12.0,233.0,40.0,112.0,16.0,331.0,16.0,173.0,120.0,28.0,56.0,25.175160774064317,84,-28.0,-96.0,-0.33
07:40:29,112.32,44.0,275.11,36.0,110.35,79.0,290.04,47.0,193.71,162.79000000000002,123.0,83.0,37.51557849747204,206,40.0,122.0,0.19
07:40:30,111.73,83.0,284.33,55.0,109.06,153.0,285.61,49.0,198.03,172.59999999999997,236.0,104.0,40.82168137154551,340,132.0,134.0,0.39
07:40:31,118.8,80.0,282.64,55.0,112.68,94.0,284.0,33.0,200.72,163.83999999999997,174.0,88.0,35.27644752522545,262,86.0,-78.0,0.33
07:40:36,116.14,127.0,149.2,49.0,115.27,49.0,150.08,71.0,132.67,33.05999999999999,176.0,120.0,27.088830354963466,296,56.0,112.0,0.19
07:40:37,116.0,187.0,130.35,63.0,113.0,17.0,143.35,62.0,123.17,14.349999999999994,204.0,125.0,6.660715427038739,329,79.0,33.0,0.24
07:40:38,116.0,83.0,122.08,39.0,113.0,10.0,133.77,26.0,119.04,6.079999999999998,93.0,65.0,8.291270710813423,158,28.0,-169.0,0.18
07:40:39,116.78,27.0,129.49,57.0,115.69,39.0,137.15,39.0,123.13,12.710000000000008,66.0,96.0,7.150065034668783,162,-30.0,4.0,-0.19
07:40:40,117.23,13.0,127.0,37.0,115.93,41.0,128.1,39.0,122.12,9.769999999999996,54.0,76.0,5.117306908911531,130,-22.0,-32.0,-0.17
07:40:41,118.0,11.0,125.09,33.0,116.0,75.0,127.0,55.0,121.55,7.090000000000003,86.0,88.0,1.6902869578844357,174,-2.0,44.0,-0.01
07:40:42,118.0,15.0,124.03,69.0,117.0,150.0,125.1,49.0,121.01,6.030000000000001,165.0,118.0,1.5207728298448526,283,47.0,109.0,0.17
07:40:43,118.0,10.0,121.35,26.0,117.0,100.0,122.03,30.0,119.67,3.3499999999999943,110.0,56.0,1.2877033819922574,166,54.0,-117.0,0.33
07:40:44,116.86,51.0,118.88,33.0,116.36,66.0,119.55,33.0,117.87,2.019999999999996,117.0,66.0,1.7012583578030036,183,51.0,17.0,0.28
07:40:45,114.0,15.0,192.83,29.0,112.09,11.0,240.45,20.0,153.41,78.83000000000001,26.0,49.0,14.99760380860866,75,-23.0,-108.0,-0.31
07:40:46,116.0,25.0,285.0,10.0,113.0,5.0,287.0,15.0,200.5,169.0,30.0,25.0,35.611422605675116,55,5.0,-20.0,0.09
07:40:47,116.0,25.0,285.0,10.0,113.0,5.0,443.36,11.0,200.5,169.0,30.0,21.0,40.96465976912276,51,9.0,-4.0,0.18
07:40:48,116.0,52.0,328.4,20.0,113.0,10.0,521.64,22.0,222.2,212.39999999999998,62.0,42.0,42.37455285899757,104,20.0,53.0,0.19
07:40:50,113.93,14.0,171.31,45.0,112.29,14.0,494.53,38.0,142.62,57.379999999999995,28.0,83.0,60.09159741594469,111,-55.0,47.0,-0.5
07:40:51,113.07,14.0,116.72,18.0,110.43,21.0,119.0,18.0,114.9,3.6500000000000057,35.0,36.0,75.43754555922385,71,-1.0,-40.0,-0.01
07:40:53,108.53,17.0,115.91,11.0,109.79,56.0,181.08,52.0,112.22,7.3799999999999955,73.0,63.0,86.95085324480712,136,10.0,-88.0,0.07
07:40:54,112.13,105.0,186.57,23.0,111.93,104.0,275.64,55.0,149.35,74.44,209.0,78.0,21.339238037005742,287,131.0,151.0,0.46
07:40:55,113.41,22.0,273.83,36.0,104.75,12.0,572.31,55.0,193.62,160.42,34.0,91.0,38.19274905004863,125,-57.0,-162.0,-0.46
07:40:56,118.86,7.0,265.0,21.0,115.86,7.0,435.0,16.0,191.93,146.14,14.0,37.0,43.75644695356317,51,-23.0,-74.0,-0.45
07:40:57,118.0,9.0,143.67,27.0,114.67,9.0,322.2,20.0,130.83,25.669999999999987,18.0,47.0,36.399960851627114,65,-29.0,14.0,-0.45
07:40:58,118.0,8.0,208.25,24.0,113.38,8.0,457.0,24.0,163.12,90.25,16.0,48.0,27.19103988449107,64,-32.0,-1.0,-0.5
07:40:59,118.0,27.0,300.0,27.0,113.0,9.0,416.89,27.0,209.0,182.0,36.0,54.0,31.004042478360482,90,-18.0,26.0,-0.2
07:41:01,112.0,8.0,120.5,12.0,106.72,29.0,150.25,24.0,116.25,8.5,37.0,36.0,38.28788254787655,73,1.0,-142.0,0.01
07:41:02,117.18,17.0,120.61,23.0,111.03,32.0,168.45,33.0,118.89,3.4299999999999926,49.0,56.0,39.99881085732413,105,-7.0,32.0,-0.07
07:41:08,117.94,16.0,310.58,48.0,116.46,24.0,388.54,48.0,214.26,192.64,40.0,96.0,5.282362161000845,136,-56.0,48.0,-0.41
07:41:09,116.27,11.0,308.43,21.0,112.67,18.0,310.0,28.0,212.35,192.16000000000003,29.0,49.0,1.6351238485124633,78,-20.0,-58.0,-0.26
07:41:10,115.0,47.0,261.54,13.0,113.0,5.0,309.33,18.0,188.27,146.54000000000002,52.0,31.0,11.894495785865637,83,21.0,5.0,0.25
07:41:11,115.0,171.0,268.07,29.0,113.0,9.0,281.71,34.0,191.53,153.07,180.0,63.0,13.42350811077255,243,117.0,160.0,0.48
07:41:12,115.0,168.0,248.73,33.0,113.0,9.0,249.6,30.0,181.86,133.73,177.0,63.0,14.720265962270442,240,114.0,-3.0,0.47
07:41:13,115.0,128.0,151.22,27.0,113.0,8.0,196.97,29.0,133.11,36.22,136.0,56.0,29.32511346951587,192,80.0,-48.0,0.42
07:41:14,115.38,78.0,121.56,27.0,114.94,99.0,122.61,28.0,118.47,6.180000000000007,177.0,55.0,34.21968322471711,232,122.0,40.0,0.53
07:41:15,115.72,57.0,118.18,44.0,114.99,209.0,132.73,44.0,116.95,2.460000000000008,266.0,88.0,35.701746175782326,354,178.0,122.0,0.5
07:41:16,115.02,178.0,231.19,31.0,114.19,27.0,266.94,51.0,173.11,116.17,205.0,82.0,30.742467370072763,287,123.0,-67.0,0.43
07:41:17,117.0,69.0,242.73,22.0,115.0,176.0,268.73,44.0,179.86,125.72999999999999,245.0,66.0,30.145303116737587,311,179.0,24.0,0.58
07:41:18,117.43,61.0,178.52,29.0,115.53,152.0,258.41,34.0,147.97,61.09,213.0,63.0,29.491719515823224,276,150.0,-35.0,0.54
07:41:19,117.65,20.0,153.78,46.0,115.53,152.0,321.71,31.0,135.72,36.129999999999995,172.0,77.0,26.093232264324552,249,95.0,-27.0,0.38
07:41:20,117.0,11.0,152.0,44.0,115.0,176.0,153.0,22.0,134.5,35.0,187.0,66.0,21.121268191090874,253,121.0,4.0,0.48
07:41:21,115.46,39.0,151.1,40.0,114.57,184.0,152.08,26.0,133.28,35.64,223.0,66.0,19.683454473236857,289,157.0,36.0,0.54
07:41:22,115.0,195.0,148.22,36.0,113.0,280.0,149.73,44.0,131.61,33.22,475.0,80.0,6.526532770161269,555,395.0,167.0,0.71
07:41:23,115.0,130.0,144.04,28.0,113.0,200.0,144.93,30.0,129.52,29.039999999999992,330.0,58.0,2.4362840556859005,388,272.0,-167.0,0.7
07:41:24,115.0,105.0,140.44,32.0,113.0,180.0,141.58,19.0,127.72,25.439999999999998,285.0,51.0,2.7494508542597225,336,234.0,-52.0,0.7
07:41:25,115.0,66.0,140.0,18.0,113.0,159.0,141.3,20.0,127.5,25.0,225.0,38.0,2.5000959981548068,263,187.0,-73.0,0.71
07:41:27,115.65,23.0,134.57,14.0,113.44,108.0,136.7,20.0,125.11,18.919999999999987,131.0,34.0,1.6555512677020816,165,97.0,-24.0,0.59
07:41:28,115.0,65.0,131.03,38.0,113.0,273.0,133.08,26.0,123.01,16.03,338.0,64.0,2.3006020951025303,402,274.0,167.0,0.68
07:41:29,115.0,60.0,128.62,29.0,113.0,252.0,130.29,31.0,121.81,13.620000000000005,312.0,60.0,2.893420121584548,372,252.0,-30.0,0.68
07:41:30,115.0,50.0,126.61,23.0,113.0,68.0,128.56,27.0,120.8,11.61,118.0,50.0,3.11423826962398,168,68.0,-169.0,0.4
07:41:31,115.0,55.0,123.09,22.0,113.0,88.0,125.4,30.0,119.05,8.090000000000003,143.0,52.0,2.2836987542123066,195,91.0,27.0,0.47
07:41:32,116.23,26.0,120.55,22.0,114.58,55.0,122.09,22.0,118.39,4.319999999999993,81.0,44.0,1.9103716915802136,125,37.0,-70.0,0.3
07:41:33,115.4,40.0,117.52,25.0,113.91,88.0,119.03,31.0,116.46,2.1199999999999903,128.0,56.0,2.0920253344525377,184,72.0,59.0,0.39
07:41:34,115.0,18.0,116.0,8.0,113.0,64.0,119.0,16.0,115.5,1.0,82.0,24.0,2.1040556076281476,106,58.0,-78.0,0.55
07:41:35,113.61,46.0,115.73,11.0,112.74,76.0,170.33,36.0,114.67,2.1200000000000045,122.0,47.0,1.8662877591603204,169,75.0,63.0,0.44
07:41:36,113.0,46.0,114.0,6.0,112.0,30.0,185.0,24.0,113.5,1.0,76.0,30.0,1.8543543350697118,106,46.0,-63.0,0.43
07:41:37,113.0,84.0,178.54,26.0,112.0,60.0,234.4,45.0,145.77,65.53999999999999,144.0,71.0,13.789229492614556,215,73.0,109.0,0.34
07:41:38,116.45,49.0,182.45,22.0,114.29,68.0,185.0,44.0,149.45,65.99999999999999,117.0,66.0,18.164648909351094,183,51.0,-32.0,0.28
07:41:39,118.0,50.0,181.0,20.0,117.0,60.0,208.0,36.0,149.5,63.0,110.0,56.0,18.773078330417437,166,54.0,-17.0,0.33
07:41:40,118.0,50.0,150.18,22.0,117.0,60.0,152.53,38.0,134.09,32.18000000000001,110.0,60.0,15.314994939600478,170,50.0,4.0,0.29
07:41:41,117.52,52.0,149.09,22.0,116.18,61.0,151.0,44.0,133.31,31.570000000000007,113.0,66.0,8.110960485663078,179,47.0,9.0,0.26
07:41:42,116.83,60.0,134.66,29.0,114.77,62.0,149.95,38.0,125.74,17.83,122.0,67.0,10.607434656880436,189,55.0,10.0,0.29
07:41:43,115.11,74.0,132.55,40.0,113.19,108.0,242.38,52.0,123.83,17.440000000000012,182.0,92.0,10.12297535312562,274,90.0,85.0,0.33
07:41:44,115.13,31.0,146.0,16.0,113.12,52.0,192.0,32.0,130.56,30.870000000000005,83.0,48.0,4.555055433250969,131,35.0,-143.0,0.27
07:41:45,117.0,18.0,138.85,26.0,115.0,27.0,221.0,28.0,127.92,21.849999999999994,45.0,54.0,3.7710303631752073,99,-9.0,-32.0,-0.09
07:41:46,115.15,26.0,134.78,27.0,113.1,59.0,415.94,36.0,124.97,19.629999999999995,85.0,63.0,2.668956725012514,148,22.0,49.0,0.15
07:41:47,114.05,21.0,134.71,34.0,112.85,53.0,175.27,49.0,124.38,20.66000000000001,74.0,83.0,2.8426695200092382,157,-9.0,9.0,-0.06
07:41:48,114.0,11.0,131.64,22.0,113.0,33.0,180.75,48.0,122.82,17.639999999999986,44.0,70.0,3.09003236228839,114,-26.0,-43.0,-0.23
07:41:49,114.0,10.0,128.75,24.0,113.0,30.0,129.61,23.0,121.38,14.75,40.0,47.0,2.4635502836332956,87,-7.0,-27.0,-0.08
07:41:50,114.9,10.0,125.62,21.0,113.0,30.0,126.72,25.0,120.26,10.719999999999999,40.0,46.0,1.9790452243417227,86,-6.0,-1.0,-0.07
07:41:51,118.0,22.0,122.72,25.0,115.0,11.0,125.4,30.0,120.36,4.719999999999999,33.0,55.0,1.7543089807641783,88,-22.0,2.0,-0.25
07:41:52,117.1,20.0,119.41,32.0,113.47,30.0,121.06,32.0,118.25,2.3100000000000023,50.0,64.0,1.6756729991230257,114,-14.0,26.0,-0.12
07:41:53,115.0,6.0,116.17,18.0,113.0,39.0,118.0,12.0,115.58,1.1700000000000017,45.0,30.0,2.303406173472255,75,15.0,-39.0,0.2
07:41:54,113.0,70.0,117.83,12.0,112.0,30.0,141.0,24.0,115.42,4.829999999999998,100.0,36.0,2.410867063939907,136,64.0,61.0,0.47
07:41:55,113.0,156.0,176.57,30.0,112.0,39.0,305.89,37.0,144.78,63.56999999999999,195.0,67.0,12.413086642732729,262,128.0,126.0,0.49
07:41:56,113.28,109.0,174.83,23.0,112.8,81.0,235.44,16.0,144.05,61.55000000000001,190.0,39.0,15.378629002612337,229,151.0,-33.0,0.66
07:41:57,113.0,140.0,169.87,23.0,112.0,28.0,171.0,19.0,141.43,56.870000000000005,168.0,42.0,15.343166883013067,210,126.0,-19.0,0.6
07:41:58,118.0,24.0,167.88,8.0,113.0,72.0,169.0,16.0,142.94,49.879999999999995,96.0,24.0,12.532107963147636,120,72.0,-90.0,0.6
07:41:59,118.0,30.0,165.0,15.0,113.0,90.0,167.68,22.0,141.5,47.0,120.0,37.0,1.4976147702222287,157,83.0,37.0,0.53
07:42:00,114.25,60.0,162.14,28.0,112.79,57.0,163.84,49.0,138.2,47.889999999999986,117.0,77.0,2.201937782951186,194,40.0,37.0,0.21
07:42:01,111.14,42.0,160.83,36.0,109.6,20.0,161.29,42.0,135.99,49.69000000000001,62.0,78.0,2.8398010493673977,140,-16.0,-54.0,-0.11
07:42:02,102.65,40.0,107.9,52.0,99.65,69.0,123.33,42.0,105.28,5.25,109.0,94.0,15.614052004524302,203,15.0,63.0,0.07
07:42:04,98.73,22.0,107.0,48.0,78.06,18.0,110.0,60.0,102.86,8.269999999999996,40.0,108.0,18.335381915847634,148,-68.0,28.0,-0.46
07:42:05,109.94,54.0,138.15,20.0,96.62,21.0,164.35,51.0,124.05,28.210000000000008,75.0,71.0,15.054465450489868,146,4.0,-2.0,0.03
07:42:06,118.0,44.0,158.0,8.0,108.0,24.0,187.0,24.0,138.0,40.0,68.0,32.0,15.789799555408958,100,36.0,-46.0,0.36
07:42:07,118.0,64.0,157.08,13.0,114.15,39.0,329.48,25.0,137.54,39.08000000000001,103.0,38.0,17.512168626414933,141,65.0,41.0,0.46
07:42:08,116.33,36.0,169.49,45.0,92.79,29.0,395.11,35.0,142.91,53.16000000000001,65.0,80.0,16.241889360539,145,-15.0,4.0,-0.1
07:42:09,116.0,20.0,231.29,34.0,112.16,208.0,542.81,26.0,173.65,115.28999999999999,228.0,60.0,18.39211923623775,288,168.0,143.0,0.58
07:42:10,116.82,17.0,369.33,6.0,113.05,117.0,371.0,6.0,243.08,252.51,134.0,12.0,45.05996593429673,146,122.0,-142.0,0.84
07:42:11,118.0,51.0,367.85,13.0,116.0,26.0,371.0,13.0,242.92,249.85000000000002,77.0,26.0,52.046260672597576,103,51.0,-43.0,0.5
07:42:12,118.0,18.0,200.92,13.0,116.0,18.0,176.4,25.0,159.46,82.91999999999999,36.0,38.0,47.45155139718802,74,-2.0,-29.0,-0.03
07:42:13,118.0,16.0,126.0,8.0,116.0,16.0,266.62,24.0,122.0,8.0,32.0,32.0,53.44675032216624,64,0.0,-10.0,0.0
07:42:14,116.0,26.0,125.62,13.0,113.0,299.0,476.71,59.0,120.81,9.620000000000005,325.0,72.0,61.643819479327995,397,253.0,167.0,0.64
07:42:15,113.16,186.0,121.14,49.0,111.84,187.0,211.35,17.0,117.15,7.980000000000004,373.0,66.0,53.404918968199745,439,307.0,42.0,0.7
07:42:16,113.0,242.0,116.79,38.0,110.13,93.0,118.71,17.0,114.89,3.7900000000000063,335.0,55.0,18.442797239030334,390,280.0,-49.0,0.72
07:42:17,113.0,293.0,114.53,53.0,110.64,116.0,202.13,53.0,113.76,1.5300000000000011,409.0,106.0,3.601453873088791,515,303.0,125.0,0.59
07:42:18,113.0,69.0,289.83,23.0,111.0,60.0,774.0,20.0,201.41,176.82999999999998,129.0,43.0,38.00023789399197,172,86.0,-169.0,0.5
07:42:28,115.0,51.0,142.0,50.0,113.0,140.0,143.0,30.0,128.5,27.0,191.0,80.0,69.53582875036406,271,111.0,156.0,0.41
07:42:29,115.0,30.0,140.53,40.0,113.0,140.0,141.07,40.0,127.76,25.53,170.0,80.0,6.221223352360754,250,90.0,-21.0,0.36
07:42:30,115.0,15.0,138.13,23.0,113.0,70.0,139.29,17.0,126.57,23.129999999999995,85.0,40.0,2.4186979968485107,125,45.0,-125.0,0.36
07:42:31,115.14,21.0,137.59,37.0,113.34,101.0,138.43,35.0,126.37,22.450000000000003,122.0,72.0,2.030849575906367,194,50.0,69.0,0.26
07:42:32,114.41,44.0,131.38,50.0,113.14,172.0,132.36,42.0,122.89,16.97,216.0,92.0,2.156842599718208,308,124.0,114.0,0.4
07:42:33,113.0,168.0,128.0,26.0,112.0,48.0,128.65,46.0,120.5,15.0,216.0,72.0,3.020591001767587,288,144.0,-20.0,0.5
07:42:34,113.0,112.0,124.26,34.0,112.0,44.0,125.33,18.0,118.63,11.260000000000005,156.0,52.0,3.5164072574091096,208,104.0,-80.0,0.5
07:42:35,113.0,126.0,122.95,37.0,111.53,85.0,124.06,47.0,117.97,9.950000000000003,211.0,84.0,3.43099402505449,295,127.0,87.0,0.43
07:42:36,113.0,90.0,117.96,26.0,110.83,72.0,120.85,34.0,115.48,4.959999999999994,162.0,60.0,2.780562892645981,222,102.0,-73.0,0.46
07:42:37,110.0,30.0,116.31,51.0,79.86,58.0,116.6,53.0,113.16,6.310000000000002,88.0,104.0,2.8633145129307644,192,-16.0,-30.0,-0.08
07:42:38,89.52,50.0,110.39,38.0,71.93,58.0,145.59,49.0,99.96,20.870000000000005,108.0,87.0,7.625736030047213,195,21.0,3.0,0.11
07:42:39,113.15,13.0,124.67,39.0,84.68,31.0,161.37,41.0,118.91,11.519999999999996,44.0,80.0,7.677898801101785,124,-36.0,-71.0,-0.29
07:42:40,115.5,16.0,124.71,34.0,111.57,14.0,126.0,36.0,120.1,9.209999999999994,30.0,70.0,8.065253870769363,100,-40.0,-24.0,-0.4
07:42:41,117.97,77.0,121.85,27.0,116.9,21.0,123.36,28.0,119.91,3.8799999999999955,98.0,55.0,8.56214167133201,153,43.0,53.0,0.28
07:42:42,118.0,88.0,120.0,33.0,117.0,22.0,121.0,22.0,119.0,2.0,110.0,55.0,8.745697799487475,165,55.0,12.0,0.33
07:42:43,118.0,99.0,119.38,32.0,117.0,28.0,120.21,38.0,118.69,1.3799999999999955,127.0,70.0,0.6371577512357455,197,57.0,32.0,0.29
07:42:44,118.0,36.0,281.96,54.0,117.0,24.0,339.6,50.0,199.98,163.95999999999998,60.0,104.0,36.030189147435216,164,-44.0,-33.0,-0.27
07:42:45,116.2,35.0,288.6,45.0,115.94,17.0,364.92,48.0,202.4,172.40000000000003,52.0,93.0,44.91816035858945,145,-41.0,-19.0,-0.28
07:42:46,115.0,62.0,408.76,42.0,112.36,22.0,568.48,42.0,261.88,293.76,84.0,84.0,61.40938527619336,168,0.0,23.0,0.0
07:42:47,116.76,37.0,404.18,44.0,113.94,48.0,593.8,45.0,260.47,287.42,85.0,89.0,58.57852106361129,174,-4.0,6.0,-0.02
07:42:49,116.0,55.0,163.91,44.0,115.0,36.0,276.63,43.0,139.95,47.91,91.0,87.0,61.304683915667916,178,4.0,25.0,0.02
07:42:50,116.0,54.0,152.91,46.0,115.0,56.0,248.14,56.0,134.46,36.91,110.0,102.0,67.92069809711877,212,8.0,34.0,0.04
07:42:51,115.37,19.0,209.5,40.0,114.3,43.0,578.39,46.0,162.43,94.13,62.0,86.0,53.46145929545842,148,-24.0,-64.0,-0.16
07:42:52,115.0,40.0,176.19,43.0,113.0,50.0,438.52,44.0,145.59,61.19,90.0,87.0,11.124471672846333,177,3.0,29.0,0.02
07:42:53,115.0,27.0,146.17,48.0,113.0,60.0,360.42,60.0,130.58,31.169999999999987,87.0,108.0,12.449211621623302,195,-21.0,18.0,-0.11
07:42:54,115.0,8.0,145.0,32.0,113.0,44.0,320.75,40.0,130.0,30.0,52.0,72.0,13.710473004238805,124,-20.0,-71.0,-0.16
07:42:55,113.0,45.0,145.0,36.0,111.0,18.0,329.44,45.0,129.0,32.0,63.0,81.0,14.516692116317726,144,-18.0,20.0,-0.12
07:42:56,117.31,39.0,144.89,36.0,113.83,24.0,396.33,45.0,131.1,27.579999999999984,63.0,81.0,6.9399553312656215,144,-18.0,0.0,-0.12
07:42:58,119.0,36.0,141.5,48.0,114.14,42.0,315.38,53.0,130.25,22.5,78.0,101.0,1.1099909909375172,179,-23.0,-3.0,-0.13
07:42:59,117.11,18.0,138.22,36.0,113.19,42.0,284.05,37.0,127.67,21.11,60.0,73.0,1.6872373869620476,133,-13.0,-46.0,-0.1
07:43:00,118.0,18.0,137.22,36.0,117.0,18.0,260.8,44.0,127.61,19.22,36.0,80.0,1.979861106230072,116,-44.0,-17.0,-0.38
07:43:01,118.0,17.0,135.5,48.0,117.0,24.0,363.75,60.0,126.75,17.5,41.0,108.0,2.16358498792229,149,-67.0,33.0,-0.45
07:43:02,113.93,29.0,132.17,52.0,113.65,26.0,230.23,53.0,123.05,18.23999999999998,55.0,105.0,2.599361460044177,160,-50.0,11.0,-0.31
07:43:03,118.0,11.0,129.63,54.0,117.0,11.0,131.6,50.0,123.81,11.629999999999995,22.0,104.0,2.1906437409955934,126,-82.0,-34.0,-0.65
07:43:04,118.0,9.0,126.22,45.0,117.0,9.0,130.0,36.0,122.11,8.219999999999999,18.0,81.0,2.392045150067889,99,-63.0,-27.0,-0.64
07:43:05,118.0,11.0,123.12,51.0,117.0,11.0,124.2,50.0,120.56,5.1200000000000045,22.0,101.0,2.2988649373035153,123,-79.0,24.0,-0.64
07:43:06,118.0,6.0,120.07,28.0,117.0,6.0,121.0,30.0,119.04,2.069999999999993,12.0,58.0,1.9246376282208884,70,-46.0,-53.0,-0.66
07:43:07,114.23,22.0,118.17,48.0,112.73,26.0,120.58,60.0,116.2,3.9399999999999977,48.0,108.0,2.917692581469807,156,-60.0,86.0,-0.38
07:43:08,112.9,30.0,114.8,30.0,111.9,30.0,117.0,40.0,113.85,1.8999999999999915,60.0,70.0,3.330551005459047,130,-10.0,-26.0,-0.08
07:43:09,110.89,27.0,112.33,24.0,105.44,27.0,134.97,37.0,111.61,1.4399999999999977,54.0,61.0,3.662385834393286,115,-7.0,-15.0,-0.06
07:43:10,102.53,19.0,344.2,20.0,82.67,15.0,670.5,48.0,223.36,241.67,34.0,68.0,48.46041962261534,102,-34.0,-13.0,-0.33
07:43:13,107.0,26.0,268.42,12.0,72.62,8.0,401.58,36.0,187.71,161.42000000000002,34.0,48.0,126.0323838146369,82,-14.0,-2.0,-0.17
07:43:14,86.74,23.0,188.23,13.0,54.0,18.0,316.14,35.0,137.48,101.49,41.0,48.0,118.80075323835261,89,-7.0,7.0,-0.08
07:43:15,90.0,12.0,137.29,7.0,68.78,9.0,203.29,21.0,113.64,47.28999999999999,21.0,28.0,136.9360557705674,49,-7.0,-40.0,-0.14
07:43:16,117.73,37.0,137.0,8.0,111.89,18.0,334.0,36.0,127.36,19.269999999999996,55.0,44.0,95.17379560572309,99,11.0,50.0,0.11
07:43:17,118.0,35.0,136.0,12.0,115.0,18.0,137.0,6.0,127.0,18.0,53.0,18.0,28.709486585446857,71,35.0,-28.0,0.49
07:43:18,118.0,66.0,134.92,24.0,115.0,36.0,137.0,26.0,126.46,16.919999999999987,102.0,50.0,8.468596105610013,152,52.0,81.0,0.34
07:43:19,118.0,43.0,130.58,24.0,115.0,33.0,133.37,19.0,124.29,12.580000000000013,76.0,43.0,5.775863571791942,119,33.0,-33.0,0.28
07:43:20,112.88,32.0,129.0,50.0,102.52,42.0,130.0,10.0,120.94,16.120000000000005,74.0,60.0,2.667789346997458,134,14.0,15.0,0.1
07:43:21,114.35,135.0,127.19,80.0,112.62,88.0,128.01,68.0,120.77,12.840000000000003,223.0,148.0,2.9527055389850787,371,75.0,167.0,0.2
07:43:23,115.42,108.0,121.44,36.0,113.47,115.0,122.74,54.0,118.43,6.019999999999996,223.0,90.0,2.0982373554851326,313,133.0,2.0,0.42
07:43:24,115.09,94.0,119.02,56.0,113.72,50.0,120.15,13.0,117.05,3.9299999999999926,144.0,69.0,1.9236215843957738,213,75.0,-100.0,0.35
07:43:25,116.54,26.0,118.23,65.0,114.97,102.0,120.0,13.0,117.38,1.6899999999999977,128.0,78.0,2.02987684354331,206,50.0,-7.0,0.24
07:43:26,115.0,54.0,118.0,45.0,113.0,18.0,120.0,9.0,116.5,3.0,72.0,54.0,2.0182740150815506,126,18.0,-80.0,0.14
07:43:27,114.63,97.0,136.16,74.0,113.39,46.0,174.96,50.0,125.4,21.53,143.0,124.0,3.6725427158786568,267,19.0,141.0,0.07
07:43:28,117.75,24.0,191.3,30.0,113.12,34.0,194.0,40.0,154.53,73.55000000000001,58.0,70.0,16.269833127600076,128,-12.0,-139.0,-0.09
07:43:29,112.16,93.0,187.86,42.0,98.12,49.0,194.0,56.0,150.01,75.70000000000002,142.0,98.0,18.21123911215138,240,44.0,112.0,0.18
07:43:30,112.28,25.0,185.11,27.0,111.72,29.0,194.0,36.0,148.7,72.83000000000001,54.0,63.0,16.938839098354748,117,-9.0,-123.0,-0.08
07:43:31,113.56,16.0,124.89,35.0,111.96,56.0,135.33,27.0,119.22,11.329999999999998,72.0,62.0,16.055088601435735,134,10.0,17.0,0.07
07:43:32,112.0,40.0,118.67,36.0,110.0,8.0,127.04,25.0,115.33,6.670000000000002,48.0,61.0,18.69232115067446,109,-13.0,-25.0,-0.12
07:43:33,112.0,35.0,127.86,21.0,110.67,15.0,245.64,33.0,119.93,15.86,50.0,54.0,17.181946048103867,104,-4.0,-5.0,-0.04
07:43:34,112.0,31.0,126.0,30.0,110.92,38.0,214.25,16.0,119.0,14.0,69.0,46.0,13.681389914769362,115,23.0,11.0,0.2
07:43:35,112.0,24.0,123.41,29.0,110.0,12.0,127.08,26.0,117.71,11.409999999999997,36.0,55.0,1.8126693024248886,91,-19.0,-24.0,-0.21
07:43:36,112.0,20.0,121.08,26.0,110.6,10.0,122.39,23.0,116.54,9.079999999999998,30.0,49.0,1.8456353919324322,79,-19.0,-12.0,-0.24
07:43:37,111.77,26.0,116.79,38.0,109.89,27.0,117.8,30.0,114.28,5.02000000000001,53.0,68.0,2.2072992547349783,121,-15.0,42.0,-0.12
07:43:38,110.0,17.0,115.96,24.0,109.0,85.0,117.54,37.0,112.98,5.959999999999994,102.0,61.0,2.461832650679912,163,41.0,42.0,0.25
07:43:39,110.17,23.0,115.0,15.0,90.46,37.0,117.0,30.0,112.59,4.829999999999998,60.0,45.0,2.23386436471729,105,15.0,-58.0,0.14
07:43:40,111.59,29.0,210.06,17.0,101.9,10.0,247.6,20.0,160.82,98.47,39.0,37.0,20.951814241252542,76,2.0,-29.0,0.03
07:43:41,114.73,11.0,281.0,22.0,88.0,10.0,369.0,24.0,197.86,166.26999999999998,21.0,46.0,38.482875152461666,67,-25.0,-9.0,-0.37
07:43:42,116.67,18.0,221.4,20.0,92.0,16.0,352.0,36.0,169.03,104.73,34.0,56.0,37.2076259656532,90,-22.0,23.0,-0.24
07:43:43,116.94,49.0,176.04,28.0,108.16,25.0,392.67,18.0,146.49,59.099999999999994,74.0,46.0,31.268675539586734,120,28.0,30.0,0.23
07:43:44,118.0,84.0,272.81,26.0,116.0,48.0,320.71,28.0,195.4,154.81,132.0,54.0,22.26230558589897,186,78.0,66.0,0.42
07:43:45,118.0,77.0,204.74,31.0,116.0,44.0,305.43,14.0,161.37,86.74000000000001,121.0,45.0,22.182611433281437,166,76.0,-20.0,0.46
07:43:46,118.0,63.0,230.0,9.0,116.0,36.0,532.33,27.0,174.0,112.0,99.0,36.0,17.934220640996603,135,63.0,-31.0,0.47
07:43:47,118.0,56.0,409.39,18.0,116.0,32.0,563.43,14.0,263.69,291.39,88.0,32.0,45.8579126214871,120,56.0,-15.0,0.47
07:43:48,118.0,29.0,378.83,12.0,116.0,42.0,581.0,11.0,248.42,260.83,71.0,23.0,45.339305574743236,94,48.0,-26.0,0.51
07:43:49,118.0,7.0,279.67,6.0,116.0,48.0,435.9,10.0,198.83,161.67000000000002,55.0,16.0,45.11550476277466,71,39.0,-23.0,0.55
07:43:50,118.0,7.0,386.44,16.0,116.0,63.0,626.71,21.0,252.22,268.44,70.0,37.0,38.867199153012564,107,33.0,36.0,0.31
07:43:51,118.0,8.0,155.47,19.0,116.0,72.0,386.62,24.0,136.74,37.47,80.0,43.0,52.76133859181305,123,37.0,16.0,0.3
07:43:52,118.0,9.0,154.22,18.0,116.0,81.0,269.33,27.0,136.11,36.22,90.0,45.0,57.01604361931775,135,45.0,12.0,0.33
07:43:53,116.32,44.0,154.0,24.0,115.86,73.0,278.42,36.0,135.16,37.68000000000001,117.0,60.0,52.54394798642321,177,57.0,42.0,0.32
07:43:54,116.0,50.0,152.3,20.0,115.0,20.0,283.0,30.0,134.15,36.30000000000001,70.0,50.0,52.190083636644516,120,20.0,-57.0,0.17
07:43:57,117.44,34.0,146.0,22.0,115.87,46.0,148.0,44.0,131.72,28.560000000000002,80.0,66.0,1.3493998665900708,146,14.0,-25.0,0.1
07:43:58,117.0,36.0,142.78,36.0,116.0,60.0,144.07,28.0,129.89,25.78,96.0,64.0,1.9701395889513915,160,32.0,14.0,0.2
07:43:59,117.0,39.0,136.44,36.0,116.0,65.0,137.41,37.0,126.72,19.439999999999998,104.0,73.0,3.135742336346196,177,31.0,17.0,0.18
07:44:00,117.0,51.0,130.45,22.0,116.0,85.0,133.73,44.0,123.73,13.449999999999989,136.0,66.0,3.893973548954126,202,70.0,25.0,0.35
07:44:01,116.0,38.0,128.33,21.0,115.0,28.0,130.33,21.0,122.17,12.330000000000013,66.0,42.0,4.01908322879172,108,24.0,-94.0,0.22
07:44:02,113.21,70.0,126.0,30.0,112.67,45.0,127.0,18.0,119.61,12.790000000000006,115.0,48.0,3.9964208987486973,163,67.0,55.0,0.41
07:44:03,113.0,104.0,122.07,30.0,112.0,56.0,123.67,18.0,117.53,9.069999999999993,160.0,48.0,3.5700728283826213,208,112.0,45.0,0.54
07:44:04,114.32,91.0,120.16,45.0,112.3,60.0,121.09,55.0,117.24,5.840000000000003,151.0,100.0,2.8494174843213647,251,51.0,43.0,0.2
07:44:05,113.12,52.0,118.4,25.0,112.03,62.0,120.11,37.0,115.76,5.280000000000001,114.0,62.0,2.4864573191504036,176,52.0,-75.0,0.3
07:44:06,112.81,59.0,116.45,44.0,111.92,61.0,117.74,35.0,114.63,3.6400000000000006,120.0,79.0,1.8904047185608033,199,41.0,23.0,0.21
07:44:07,112.12,48.0,114.37,27.0,111.41,17.0,116.0,28.0,113.25,2.25,65.0,55.0,1.7937307490137024,120,10.0,-79.0,0.08
07:44:08,111.33,9.0,114.5,16.0,109.43,14.0,176.71,28.0,112.92,3.1700000000000017,23.0,44.0,1.7911588427488754,67,-21.0,-53.0,-0.31
07:44:09,93.6,48.0,114.64,22.0,68.99,105.0,194.6,25.0,104.12,21.040000000000006,153.0,47.0,4.622372767308817,200,106.0,133.0,0.53
07:44:10,100.04,115.0,129.64,22.0,76.97,102.0,309.43,28.0,114.84,29.59999999999998,217.0,50.0,4.457417413700249,267,167.0,67.0,0.63
07:44:12,86.01,68.0,161.21,14.0,68.54,89.0,205.0,56.0,123.61,75.2,157.0,70.0,9.374906932869173,227,87.0,90.0,0.38
07:44:13,111.0,21.0,161.0,7.0,66.01,105.0,201.36,22.0,136.0,50.0,126.0,29.0,14.69871150815462,155,97.0,-72.0,0.63
07:44:14,111.17,29.0,159.56,9.0,65.64,75.0,197.39,23.0,135.36,48.39,104.0,32.0,15.19715762897639,136,72.0,-19.0,0.53
07:44:15,114.47,57.0,158.69,13.0,112.69,59.0,228.0,46.0,136.58,44.22,116.0,59.0,15.767949137410168,175,57.0,39.0,0.33
07:44:16,115.27,22.0,156.29,42.0,113.31,59.0,212.0,16.0,135.78,41.019999999999996,81.0,58.0,5.527221725238796,139,23.0,-36.0,0.17
07:44:17,118.0,11.0,154.46,37.0,115.0,77.0,155.14,42.0,136.23,36.46000000000001,88.0,79.0,0.4601086827598095,167,9.0,28.0,0.05
07:44:18,118.0,11.0,150.03,32.0,115.0,77.0,153.22,27.0,134.02,32.03,88.0,59.0,0.9929149006592086,147,29.0,-20.0,0.2
07:44:19,115.17,70.0,146.78,54.0,113.92,61.0,148.42,31.0,130.97,31.61,131.0,85.0,2.313856088859333,216,46.0,69.0,0.21
07:44:20,115.0,42.0,148.05,19.0,113.0,21.0,148.75,16.0,131.53,33.05000000000001,63.0,35.0,2.3974632426695814,98,28.0,-118.0,0.29
07:44:21,116.2,35.0,146.3,10.0,114.27,41.0,148.0,40.0,131.25,30.10000000000001,76.0,50.0,2.270330372424252,126,26.0,28.0,0.21
07:44:22,116.63,27.0,142.68,59.0,113.96,49.0,144.25,24.0,129.65,26.05000000000001,76.0,83.0,1.5902767054674727,159,-7.0,33.0,-0.04
07:44:23,113.0,19.0,129.0,15.0,112.0,15.0,141.0,20.0,121.0,16.0,34.0,35.0,4.463597204044422,69,-1.0,-90.0,-0.01
07:44:24,114.79,76.0,135.86,36.0,112.92,36.0,141.45,44.0,125.33,21.070000000000007,112.0,80.0,4.515730284234599,192,32.0,123.0,0.17
07:44:25,116.0,88.0,138.27,30.0,113.0,33.0,138.85,41.0,127.13,22.27000000000001,121.0,71.0,3.9940230344796115,192,50.0,0.0,0.26
07:44:26,116.0,71.0,127.47,49.0,113.0,33.0,128.29,45.0,121.73,11.469999999999999,104.0,94.0,3.6385464130548293,198,10.0,6.0,0.05
07:44:27,116.0,97.0,118.5,46.0,113.5,36.0,120.13,31.0,117.25,2.5,133.0,77.0,3.8681545987660186,210,56.0,12.0,0.27
07:44:28,116.0,15.0,170.88,8.0,115.0,15.0,242.55,11.0,143.44,54.879999999999995,30.0,19.0,9.948767762891732,49,11.0,-161.0,0.22
07:44:30,118.0,12.0,366.0,24.0,116.0,18.0,576.33,18.0,242.0,248.0,30.0,42.0,81.6551126996953,72,-12.0,-109.0,-0.17
07:44:31,118.0,16.0,303.86,49.0,116.0,48.0,481.12,48.0,210.93,185.86,64.0,97.0,73.80402312882366,161,-33.0,89.0,-0.2
07:44:32,116.18,33.0,262.76,51.0,115.23,39.0,326.85,39.0,189.47,146.57999999999998,72.0,90.0,58.3747655241538,162,-18.0,1.0,-0.11
07:44:33,116.0,26.0,196.62,45.0,115.0,36.0,277.35,49.0,156.31,80.62,62.0,94.0,54.47013796567744,156,-32.0,-6.0,-0.21
07:44:34,115.89,27.0,190.21,48.0,114.76,41.0,199.64,39.0,153.05,74.32000000000001,68.0,87.0,37.556773290578924,155,-19.0,-1.0,-0.12
07:44:35,115.0,29.0,147.88,41.0,113.0,55.0,165.93,28.0,131.44,32.879999999999995,84.0,69.0,31.6245553328414,153,15.0,-2.0,0.1
07:44:36,113.0,36.0,145.08,36.0,112.0,36.0,146.82,49.0,129.04,32.08000000000001,72.0,85.0,24.359081879248876,157,-13.0,4.0,-0.08
07:44:37,113.0,36.0,142.87,38.0,112.0,36.0,143.95,58.0,127.93,29.870000000000005,72.0,96.0,13.914058717712578,168,-24.0,11.0,-0.14
07:44:38,113.0,91.0,140.62,53.0,112.0,51.0,141.11,53.0,126.81,27.620000000000005,142.0,106.0,10.977250566510484,248,36.0,80.0,0.15
07:44:39,113.57,79.0,137.33,42.0,113.23,53.0,138.98,45.0,125.45,23.76000000000002,132.0,87.0,2.2775491213047494,219,45.0,-29.0,0.21
07:44:40,115.0,22.0,132.58,36.0,113.42,57.0,133.97,35.0,123.79,17.580000000000013,79.0,71.0,2.060650382756959,150,8.0,-69.0,0.05
07:44:41,115.0,26.0,129.0,43.0,113.0,143.0,130.75,48.0,122.0,14.0,169.0,91.0,2.363023486966804,260,78.0,110.0,0.3
07:44:42,115.5,18.0,119.58,48.0,113.04,135.0,124.2,60.0,117.54,4.079999999999998,153.0,108.0,3.6015510547481084,261,45.0,1.0,0.17
07:44:43,115.0,11.0,116.7,20.0,113.0,121.0,118.0,22.0,115.85,1.7000000000000028,132.0,42.0,4.094304580750895,174,90.0,-87.0,0.52
07:44:44,113.0,121.0,115.2,15.0,112.0,33.0,116.89,18.0,114.1,2.200000000000003,154.0,33.0,4.1053781798950455,187,121.0,13.0,0.65
07:44:45,113.0,170.0,115.17,29.0,112.0,51.0,243.57,37.0,114.09,2.1700000000000017,221.0,66.0,3.2821075545994587,287,155.0,100.0,0.54
07:44:46,113.0,67.0,114.29,14.0,112.0,21.0,146.55,11.0,113.64,1.2900000000000063,88.0,25.0,1.6318792847387014,113,63.0,-169.0,0.56
07:44:47,113.0,80.0,186.35,34.0,112.0,33.0,237.86,35.0,149.68,73.35,113.0,69.0,15.791442935968762,182,44.0,69.0,0.24
07:44:48,114.28,25.0,345.38,37.0,112.37,19.0,521.09,43.0,229.83,231.1,44.0,80.0,50.27186061804309,124,-36.0,-58.0,-0.29
07:44:49,115.0,24.0,263.43,42.0,113.0,16.0,614.13,53.0,189.21,148.43,40.0,95.0,50.22552289424121,135,-55.0,11.0,-0.41
07:44:50,113.23,26.0,214.0,44.0,112.41,34.0,453.45,55.0,163.62,100.77,60.0,99.0,43.51860900810072,159,-39.0,24.0,-0.25
07:44:51,112.46,13.0,214.0,48.0,111.21,14.0,458.26,54.0,163.23,101.54,27.0,102.0,31.752038202294074,129,-75.0,-30.0,-0.58
07:44:52,113.2,20.0,214.0,36.0,112.0,9.0,255.0,45.0,163.6,100.8,29.0,81.0,29.01869345783751,110,-52.0,-19.0,-0.47
07:44:53,115.0,12.0,189.56,27.0,112.33,6.0,236.78,27.0,152.28,74.56,18.0,54.0,13.649973260045071,72,-36.0,-38.0,-0.5
07:44:54,115.33,18.0,203.52,42.0,113.17,12.0,379.39,38.0,159.43,88.19000000000001,30.0,80.0,4.885884771456151,110,-50.0,38.0,-0.45
07:44:55,116.0,16.0,330.39,36.0,114.33,12.0,477.33,30.0,223.19,214.39,28.0,66.0,28.78443034002833,94,-38.0,-16.0,-0.4
07:44:57,116.89,38.0,237.92,59.0,115.73,22.0,385.94,54.0,177.4,121.02999999999999,60.0,113.0,58.90986224733457,173,-53.0,37.0,-0.31
07:44:58,116.73,15.0,143.0,32.0,115.73,15.0,208.0,40.0,129.87,26.269999999999996,30.0,72.0,64.19205893254971,102,-42.0,-71.0,-0.41
07:44:59,113.0,91.0,204.47,38.0,112.0,11.0,273.15,52.0,158.74,91.47,102.0,90.0,64.29332057064666,192,12.0,90.0,0.06
07:45:00,116.75,36.0,210.16,25.0,112.99,82.0,262.72,29.0,163.45,93.41,118.0,54.0,63.69446326016053,172,64.0,-20.0,0.37
07:45:01,118.0,30.0,197.9,20.0,113.0,90.0,223.12,25.0,157.95,79.9,120.0,45.0,17.29572114714931,165,75.0,-7.0,0.45
07:45:02,118.0,36.0,189.28,46.0,113.0,77.0,195.0,20.0,153.64,71.28,113.0,66.0,13.244759340960075,179,47.0,14.0,0.26
07:45:03,118.0,24.0,215.32,22.0,113.0,25.0,232.64,39.0,166.66,97.32,49.0,61.0,5.06110363457885,110,-12.0,-69.0,-0.11
07:45:06,114.67,12.0,153.67,18.0,112.67,12.0,163.27,30.0,134.17,38.999999999999986,24.0,48.0,12.475794563872451,72,-24.0,-4.0,-0.33
07:45:07,113.0,28.0,148.83,41.0,112.0,14.0,149.56,41.0,130.91,35.83000000000001,42.0,82.0,15.473468583351005,124,-40.0,52.0,-0.32
07:45:08,113.0,22.0,143.35,26.0,112.0,11.0,144.12,41.0,128.17,30.349999999999994,33.0,67.0,12.828296067676044,100,-34.0,-24.0,-0.34
07:45:09,113.0,24.0,138.85,33.0,112.0,12.0,142.53,51.0,125.92,25.849999999999994,36.0,84.0,7.872853358214823,120,-48.0,20.0,-0.4
07:45:10,113.0,28.0,124.47,59.0,112.0,14.0,128.93,57.0,118.74,11.469999999999999,42.0,116.0,5.825939409224557,158,-74.0,38.0,-0.47
07:45:11,111.12,224.0,119.45,44.0,110.6,43.0,120.77,74.0,115.29,8.329999999999998,267.0,118.0,6.560619635366531,385,149.0,167.0,0.39
07:45:12,111.0,146.0,118.79,24.0,110.0,30.0,209.68,44.0,114.9,7.790000000000006,176.0,68.0,6.11867877894875,244,108.0,-141.0,0.44
07:45:13,111.06,95.0,120.0,30.0,110.27,37.0,400.97,31.0,115.53,8.939999999999998,132.0,61.0,4.644892894347356,193,71.0,-51.0,0.37
07:45:14,112.08,71.0,119.62,39.0,110.8,88.0,246.23,44.0,115.85,7.540000000000006,159.0,83.0,1.5367075193279827,242,76.0,49.0,0.31
07:45:15,111.69,74.0,118.8,45.0,110.58,72.0,119.8,45.0,115.24,7.109999999999999,146.0,90.0,0.35351096158307177,236,56.0,-6.0,0.24
07:45:16,114.46,39.0,117.36,33.0,110.8,60.0,156.75,32.0,115.91,2.9000000000000057,99.0,65.0,0.423709806305389,164,34.0,-72.0,0.21
07:45:17,111.11,47.0,116.67,36.0,110.18,51.0,363.0,48.0,113.89,5.560000000000002,98.0,84.0,0.8243057684860712,182,14.0,18.0,0.08
07:45:18,111.0,48.0,116.0,24.0,109.28,29.0,363.0,32.0,113.5,5.0,77.0,56.0,1.1198080192423783,133,21.0,-49.0,0.16
07:45:19,111.0,39.0,116.0,36.0,108.5,36.0,334.71,42.0,113.5,5.0,75.0,78.0,1.1028916537718896,153,-3.0,20.0,-0.02
07:45:20,111.0,15.0,116.0,15.0,108.0,15.0,340.0,20.0,113.5,5.0,30.0,35.0,1.0478788097675265,65,-5.0,-88.0,-0.08
