Time,Bid1_Price,Bid1_Volume,Ask1_Price,Ask1_Volume,Bid2_Price,Bid2_Volume,Ask2_Price,Ask2_Volume,Mid-Price,Bid_Ask_Spread,Market_Depth_Bid,Market_Depth_Ask,Historical_Volatility,Total_volume,Cumulative_Volume_Difference,Total_Volume_Change_Corrected,Order_imbalance
07:30:02,161.0,4.0,183.33,12.0,0.0,0.0,192.0,8.0,172.17,22.330000000000013,4.0,20.0,,24,-16.0,24.0,-0.67
07:30:04,161.0,8.0,178.0,10.0,0.0,0.0,185.5,8.0,169.5,17.0,8.0,18.0,,26,-10.0,2.0,-0.38
07:30:05,161.0,16.0,175.11,9.0,0.0,0.0,177.32,19.0,168.06,14.110000000000014,16.0,28.0,,44,-12.0,18.0,-0.27
07:30:06,161.0,16.0,172.07,14.0,0.0,0.0,174.14,14.0,166.54,11.069999999999993,16.0,28.0,75.63774110852333,44,-12.0,0.0,-0.27
07:30:07,161.0,14.0,170.5,18.0,0.0,0.0,172.06,17.0,165.75,9.5,14.0,35.0,2.5505156341415387,49,-21.0,5.0,-0.43
07:30:08,161.0,12.0,166.0,11.0,124.0,9.0,166.68,19.0,163.5,5.0,21.0,30.0,2.2832652057963974,51,-9.0,2.0,-0.18
07:30:09,162.0,7.0,164.14,7.0,161.0,14.0,166.0,21.0,163.07,2.1399999999999864,21.0,28.0,2.093759776096709,49,-7.0,-2.0,-0.14
07:30:10,161.15,13.0,165.42,19.0,156.5,8.0,171.19,27.0,163.29,4.269999999999982,21.0,46.0,1.5975449915418964,67,-25.0,18.0,-0.37
07:30:11,161.0,10.0,165.0,15.0,155.0,5.0,169.6,20.0,163.0,4.0,15.0,35.0,1.1505520414134518,50,-20.0,-17.0,-0.4
07:30:12,134.75,64.0,166.59,39.0,123.8,20.0,172.75,48.0,150.67,31.840000000000003,84.0,87.0,5.613726926027032,171,-3.0,121.0,-0.02
07:30:13,127.25,64.0,153.67,18.0,120.89,57.0,156.93,41.0,140.46,26.419999999999987,121.0,59.0,10.271093904740672,180,62.0,9.0,0.34
07:30:14,146.0,6.0,153.91,22.0,134.17,18.0,158.17,24.0,149.95,7.909999999999997,24.0,46.0,9.704943585616618,70,-22.0,-110.0,-0.31
07:30:15,147.26,19.0,151.53,38.0,140.04,25.0,153.85,66.0,149.39,4.27000000000001,44.0,104.0,8.03783117513682,148,-60.0,78.0,-0.41
07:30:16,148.83,6.0,152.5,8.0,144.0,6.0,155.4,20.0,150.67,3.6699999999999875,12.0,28.0,4.37561652798796,40,-16.0,-108.0,-0.4
07:30:17,150.4,10.0,154.0,5.0,145.2,5.0,156.0,20.0,152.2,3.5999999999999943,15.0,25.0,4.634903450990259,40,-10.0,0.0,-0.25
07:30:18,152.18,34.0,154.0,9.0,151.03,29.0,156.0,36.0,153.09,1.8199999999999932,63.0,45.0,1.5486768546089724,108,18.0,68.0,0.17
07:30:19,153.0,58.0,155.17,29.0,146.11,19.0,156.91,44.0,154.09,2.1699999999999875,77.0,73.0,1.8784621369624626,150,4.0,42.0,0.03
07:30:20,149.36,22.0,154.0,23.0,144.47,17.0,155.95,42.0,151.68,4.639999999999986,39.0,65.0,1.310431226734766,104,-26.0,-46.0,-0.25
07:30:21,146.55,29.0,154.0,13.0,144.31,29.0,156.41,34.0,150.28,7.449999999999989,58.0,47.0,1.440302051654989,105,11.0,1.0,0.1
07:30:22,146.96,46.0,154.0,12.0,143.78,18.0,157.61,46.0,150.48,7.039999999999992,64.0,58.0,1.650645328349364,122,6.0,17.0,0.05
07:30:23,151.0,20.0,158.16,25.0,146.0,16.0,161.15,26.0,154.58,7.159999999999997,36.0,51.0,2.0093083387080224,87,-15.0,-35.0,-0.17
07:30:24,154.79,19.0,159.4,40.0,142.47,17.0,170.64,33.0,157.09,4.610000000000014,36.0,73.0,2.9392720187151102,109,-37.0,22.0,-0.34
07:30:25,144.03,29.0,157.11,36.0,142.56,54.0,161.53,30.0,150.57,13.080000000000013,83.0,66.0,3.0853768003279,149,17.0,40.0,0.11
07:30:26,145.54,50.0,158.38,42.0,144.65,142.0,163.47,30.0,151.96,12.840000000000003,192.0,72.0,2.8522324589699224,264,120.0,115.0,0.45
07:30:27,146.0,51.0,154.14,29.0,145.0,168.0,155.73,33.0,150.07,8.139999999999986,219.0,62.0,2.9448820010318952,281,157.0,17.0,0.56
07:30:28,146.0,54.0,150.08,25.0,145.0,170.0,151.19,31.0,148.04,4.0800000000000125,224.0,56.0,3.4033263140641865,280,168.0,-1.0,0.6
07:30:29,146.0,42.0,148.57,14.0,145.0,140.0,150.93,27.0,147.29,2.569999999999993,182.0,41.0,1.903951154836125,223,141.0,-57.0,0.63
07:30:30,146.0,24.0,147.88,8.0,145.0,80.0,151.0,16.0,146.94,1.8799999999999955,104.0,24.0,2.1152895782851706,128,80.0,-95.0,0.62
07:30:31,146.22,27.0,154.81,31.0,145.08,76.0,240.18,34.0,150.51,8.590000000000003,103.0,65.0,1.6270986448282265,168,38.0,40.0,0.23
07:30:32,148.23,39.0,152.0,56.0,145.73,49.0,153.0,65.0,150.12,3.7700000000000102,88.0,121.0,1.6387342676596062,209,-33.0,41.0,-0.16
07:30:33,150.0,33.0,152.62,16.0,145.0,44.0,258.81,31.0,151.31,2.6200000000000045,77.0,47.0,1.9852279466101361,124,30.0,-85.0,0.24
07:30:34,149.13,15.0,270.14,7.0,144.94,17.0,453.0,12.0,209.64,121.00999999999999,32.0,19.0,26.848490274129052,51,13.0,-73.0,0.25
07:30:35,146.2,20.0,358.0,20.0,145.0,30.0,484.94,34.0,252.1,211.8,50.0,54.0,46.435712872744865,104,-4.0,53.0,-0.04
07:30:36,148.65,43.0,398.73,22.0,147.29,34.0,481.0,24.0,273.69,250.08,77.0,46.0,56.62277430504446,123,31.0,19.0,0.25
07:30:37,150.8,30.0,356.45,55.0,149.3,80.0,511.08,50.0,253.63,205.64999999999998,110.0,105.0,48.84593463124648,215,5.0,92.0,0.02
07:30:38,154.83,46.0,257.22,27.0,153.84,25.0,414.0,36.0,206.02,102.39000000000001,71.0,63.0,29.74361998815888,134,8.0,-81.0,0.06
07:30:39,158.27,22.0,355.0,34.0,156.0,22.0,483.88,43.0,256.64,196.73,44.0,77.0,25.22195333434753,121,-33.0,-13.0,-0.27
07:30:40,155.23,70.0,214.5,34.0,154.8,10.0,544.28,25.0,184.86,59.27000000000001,80.0,59.0,37.63687513596213,139,21.0,18.0,0.15
07:30:41,155.0,55.0,156.0,25.0,154.0,5.0,346.89,18.0,155.5,1.0,60.0,43.0,43.84099679523728,103,17.0,-36.0,0.17
07:30:42,155.0,84.0,156.0,30.0,154.0,6.0,276.71,21.0,155.5,1.0,90.0,51.0,42.100865549297275,141,39.0,38.0,0.28
07:30:43,155.0,72.0,156.0,40.0,154.0,8.0,223.0,24.0,155.5,1.0,80.0,64.0,43.8328050665253,144,16.0,3.0,0.11
07:30:44,155.0,32.0,181.12,16.0,154.0,4.0,433.86,14.0,168.06,26.120000000000005,36.0,30.0,12.925806744648737,66,6.0,-78.0,0.09
07:30:46,155.0,38.0,406.27,30.0,154.0,7.0,500.65,23.0,280.63,251.26999999999998,45.0,53.0,82.30299891255486,98,-8.0,-12.0,-0.08
07:30:47,158.5,60.0,272.38,39.0,154.88,40.0,359.17,35.0,215.44,113.88,100.0,74.0,74.91666083055229,174,26.0,76.0,0.15
07:30:48,161.0,55.0,284.19,27.0,156.04,27.0,289.06,33.0,222.59,123.19,82.0,60.0,63.29696398722459,142,22.0,-32.0,0.15
07:30:49,161.85,13.0,225.95,42.0,160.08,13.0,272.33,36.0,193.9,64.1,26.0,78.0,56.24662096517449,104,-52.0,-38.0,-0.5
07:30:50,163.0,9.0,195.33,36.0,161.0,9.0,252.38,32.0,179.17,32.33000000000001,18.0,68.0,38.8526669612268,86,-50.0,-18.0,-0.58
07:30:51,163.0,12.0,196.83,48.0,161.0,12.0,266.28,47.0,179.92,33.83000000000001,24.0,95.0,20.04294713858229,119,-71.0,33.0,-0.6
07:30:52,161.5,16.0,191.75,48.0,159.57,28.0,413.08,25.0,176.62,30.25,44.0,73.0,19.198110584117483,117,-29.0,-2.0,-0.25
07:30:53,160.0,26.0,189.23,52.0,159.0,65.0,213.57,46.0,174.62,29.22999999999999,91.0,98.0,7.594332097031551,189,-7.0,72.0,-0.04
07:30:54,160.0,24.0,177.08,48.0,159.0,60.0,185.08,48.0,168.54,17.080000000000013,84.0,96.0,4.557968845879016,180,-12.0,-9.0,-0.07
07:30:55,159.36,22.0,170.91,44.0,157.65,62.0,171.91,44.0,165.14,11.549999999999983,84.0,88.0,6.026634218202052,172,-4.0,-8.0,-0.02
07:30:56,159.0,28.0,167.29,56.0,157.0,84.0,169.14,56.0,163.14,8.289999999999992,112.0,112.0,5.857193867374043,224,0.0,52.0,0.0
07:30:57,159.0,16.0,163.38,32.0,157.0,48.0,164.5,32.0,161.19,4.3799999999999955,64.0,64.0,5.2779712011344095,128,0.0,-96.0,0.0
07:30:58,157.65,31.0,160.22,36.0,155.97,62.0,162.0,36.0,158.93,2.569999999999993,93.0,72.0,3.687108623298775,165,21.0,37.0,0.13
07:30:59,163.86,21.0,196.0,28.0,156.38,26.0,310.55,22.0,179.93,32.139999999999986,47.0,50.0,8.299507816732515,97,-3.0,-68.0,-0.03
07:31:00,163.2,40.0,194.44,27.0,156.06,51.0,197.78,46.0,178.82,31.24000000000001,91.0,73.0,10.134716078904422,164,18.0,67.0,0.11
07:31:01,164.11,54.0,187.85,59.0,159.44,32.0,192.35,51.0,175.98,23.73999999999998,86.0,110.0,10.09472882250947,196,-24.0,32.0,-0.12
07:31:02,159.0,80.0,186.23,48.0,157.0,30.0,188.24,42.0,172.61,27.22999999999999,110.0,90.0,8.49370531629177,200,20.0,4.0,0.1
07:31:03,159.0,56.0,184.02,46.0,157.0,30.0,186.18,44.0,171.51,25.02000000000001,86.0,90.0,3.7008580086248477,176,-4.0,-24.0,-0.02
07:31:04,160.94,134.0,179.33,61.0,158.62,32.0,181.42,74.0,170.13,18.390000000000015,166.0,135.0,3.538410660169756,301,31.0,125.0,0.1
07:31:05,161.0,110.0,175.33,51.0,159.0,22.0,177.25,48.0,168.17,14.330000000000013,132.0,99.0,2.920034246375079,231,33.0,-70.0,0.14
07:31:06,161.0,98.0,172.36,55.0,159.0,22.0,176.0,44.0,166.68,11.360000000000014,120.0,99.0,2.41445646057316,219,21.0,-12.0,0.1
07:31:07,161.0,46.0,172.0,30.0,158.09,22.0,176.0,24.0,166.5,11.0,68.0,54.0,2.1846212486386722,122,14.0,-97.0,0.11
07:31:08,161.0,112.0,171.74,34.0,158.0,56.0,173.23,65.0,166.37,10.740000000000009,168.0,99.0,1.6039482535305567,267,69.0,145.0,0.26
07:31:09,161.0,111.0,167.11,53.0,158.0,60.0,168.7,57.0,164.06,6.110000000000014,171.0,110.0,1.473780852095684,281,61.0,14.0,0.22
07:31:10,160.85,54.0,163.23,65.0,157.0,36.0,227.25,16.0,162.04,2.3799999999999955,90.0,81.0,2.031624965392004,171,9.0,-110.0,0.05
07:31:11,157.73,52.0,162.0,65.0,155.44,54.0,298.09,23.0,159.87,4.27000000000001,106.0,88.0,2.850433300395613,194,18.0,23.0,0.09
07:31:12,158.0,60.0,161.8,44.0,157.0,18.0,279.04,23.0,159.9,3.8000000000000114,78.0,67.0,2.7966712355949896,145,11.0,-49.0,0.08
07:31:13,158.67,15.0,160.63,38.0,157.33,15.0,218.0,30.0,159.65,1.960000000000008,30.0,68.0,1.9170628576039486,98,-38.0,-47.0,-0.39
07:31:14,158.0,8.0,160.0,16.0,157.0,16.0,344.43,21.0,159.0,2.0,24.0,37.0,1.1476802690666064,61,-13.0,-37.0,-0.21
07:31:15,157.33,12.0,160.0,16.0,156.67,12.0,456.27,22.0,158.67,2.6699999999999875,24.0,38.0,0.553326305180695,62,-14.0,1.0,-0.23
07:31:16,155.8,15.0,159.83,12.0,152.67,9.0,345.53,17.0,157.82,4.030000000000001,24.0,29.0,0.8266619623552134,53,-5.0,-9.0,-0.09
07:31:18,155.09,33.0,158.0,24.0,152.71,28.0,159.0,16.0,156.55,2.9099999999999966,61.0,40.0,14.065444536167558,101,21.0,14.0,0.21
07:31:19,155.08,26.0,156.36,14.0,152.2,20.0,157.75,12.0,155.72,1.2800000000000011,46.0,26.0,13.71394071738703,72,20.0,-29.0,0.28
07:31:20,150.33,18.0,156.33,18.0,135.25,32.0,280.67,18.0,153.33,6.0,50.0,36.0,13.172116382723242,86,14.0,14.0,0.16
07:31:21,150.17,12.0,193.82,11.0,112.05,20.0,526.17,18.0,171.99,43.650000000000006,32.0,29.0,16.401106060263313,61,3.0,-25.0,0.05
07:31:22,161.0,5.0,206.2,10.0,148.0,10.0,683.0,15.0,183.6,45.19999999999999,15.0,25.0,13.092237012825771,40,-10.0,-21.0,-0.25
07:31:23,162.25,20.0,249.75,32.0,152.56,59.0,269.67,36.0,206.0,87.5,79.0,68.0,21.688277248320222,147,11.0,107.0,0.07
07:31:24,165.84,77.0,236.63,35.0,161.9,40.0,297.72,36.0,201.24,70.78999999999999,117.0,71.0,21.583080642021525,188,46.0,41.0,0.24
07:31:25,162.0,30.0,172.0,30.0,161.0,10.0,258.0,20.0,167.0,10.0,40.0,50.0,17.286497042489678,90,-10.0,-98.0,-0.11
07:31:26,162.0,24.0,171.18,17.0,161.0,8.0,217.2,20.0,166.59,9.180000000000007,32.0,37.0,18.50378826078607,69,-5.0,-21.0,-0.07
07:31:27,162.0,57.0,170.53,30.0,161.0,15.0,418.02,47.0,166.27,8.530000000000001,72.0,77.0,20.33713721249883,149,-5.0,80.0,-0.03
07:31:28,161.4,25.0,168.89,18.0,160.22,9.0,462.08,26.0,165.14,7.489999999999981,34.0,44.0,15.663258600942708,78,-10.0,-71.0,-0.13
07:31:29,160.6,15.0,167.3,20.0,157.33,27.0,317.0,20.0,163.95,6.700000000000017,42.0,40.0,1.239213460226463,82,2.0,4.0,0.02
07:31:30,160.4,40.0,293.31,26.0,156.36,88.0,417.93,30.0,226.85,132.91,128.0,56.0,27.461780714294637,184,72.0,102.0,0.39
07:31:31,159.29,28.0,309.04,49.0,156.08,150.0,372.33,24.0,234.16,149.75000000000003,178.0,73.0,35.91534393542686,251,105.0,67.0,0.42
07:31:32,158.0,14.0,241.1,21.0,156.0,126.0,269.13,15.0,199.55,83.1,140.0,36.0,33.09617878245164,176,104.0,-75.0,0.59
07:31:33,157.1,40.0,217.62,21.0,155.97,200.0,227.61,36.0,187.36,60.52000000000001,240.0,57.0,28.806350515120812,297,183.0,121.0,0.62
07:31:34,156.0,216.0,192.21,33.0,153.0,24.0,193.13,23.0,174.11,36.21000000000001,240.0,56.0,25.59798878818413,296,184.0,-1.0,0.62
07:31:35,156.0,133.0,157.0,11.0,153.0,22.0,158.0,11.0,156.5,1.0,155.0,22.0,29.250877422737325,177,133.0,-119.0,0.75
07:31:36,156.25,57.0,157.92,13.0,155.41,61.0,174.62,13.0,157.08,1.6699999999999875,118.0,26.0,18.838846833073614,144,92.0,-33.0,0.64
07:31:37,156.46,39.0,162.33,12.0,155.74,69.0,276.1,20.0,159.4,5.8700000000000045,108.0,32.0,13.522551534381726,140,76.0,-4.0,0.54
07:31:38,157.44,16.0,174.8,10.0,155.91,65.0,326.0,30.0,166.12,17.360000000000014,81.0,40.0,7.462943119172922,121,41.0,-19.0,0.34
07:31:39,160.0,13.0,170.76,49.0,157.85,91.0,281.43,23.0,165.38,10.759999999999991,104.0,72.0,4.569494501584485,176,32.0,55.0,0.18
07:31:40,158.91,22.0,169.0,65.0,157.84,73.0,173.0,13.0,163.95,10.090000000000003,95.0,78.0,3.950402511138621,173,17.0,-3.0,0.1
07:31:41,158.0,38.0,168.3,27.0,154.0,11.0,168.51,39.0,163.15,10.300000000000011,49.0,66.0,2.6212497019570526,115,-17.0,-58.0,-0.15
07:31:42,158.0,16.0,166.03,36.0,154.0,8.0,167.42,12.0,162.01,8.030000000000001,24.0,48.0,1.6590268231736862,72,-24.0,-43.0,-0.33
07:31:43,158.0,26.0,164.26,61.0,154.0,13.0,165.88,17.0,161.13,6.259999999999991,39.0,78.0,1.6575222472142301,117,-39.0,45.0,-0.33
07:31:44,158.0,112.0,160.67,30.0,154.0,14.0,162.0,54.0,159.33,2.6699999999999875,126.0,84.0,1.8009664072409872,210,42.0,93.0,0.2
07:31:45,158.0,72.0,160.78,9.0,154.0,9.0,218.0,27.0,159.39,2.780000000000001,81.0,36.0,1.6613608879502477,117,45.0,-93.0,0.38
07:31:46,158.0,84.0,159.57,14.0,154.0,11.0,211.56,27.0,158.79,1.5699999999999932,95.0,41.0,1.3709121051369741,136,54.0,19.0,0.4
07:31:47,158.17,12.0,160.0,5.0,156.29,7.0,403.0,21.0,159.08,1.8300000000000125,19.0,26.0,0.9177036558776803,45,-7.0,-91.0,-0.16
07:31:49,156.82,11.0,363.26,47.0,149.59,22.0,527.92,37.0,260.04,206.44,33.0,84.0,72.33040598531159,117,-51.0,0.0,-0.44
07:31:50,158.55,20.0,398.34,32.0,156.0,10.0,520.74,38.0,278.45,239.78999999999996,30.0,70.0,71.05079992512391,100,-40.0,-17.0,-0.4
07:31:51,147.0,25.0,233.53,19.0,107.6,5.0,537.33,21.0,190.26,86.53,30.0,40.0,63.751914637914886,70,-10.0,-30.0,-0.14
07:31:52,131.57,35.0,153.0,49.0,82.86,7.0,437.14,28.0,142.29,21.430000000000007,42.0,77.0,69.2943477492933,119,-35.0,49.0,-0.29
07:31:53,133.83,12.0,153.0,56.0,97.75,20.0,306.43,28.0,143.42,19.169999999999987,32.0,84.0,63.921815290243444,116,-52.0,-3.0,-0.45
07:31:54,126.67,6.0,153.0,42.0,103.0,30.0,291.33,18.0,139.83,26.33,36.0,60.0,59.50803937284447,96,-24.0,-20.0,-0.25
07:31:56,134.77,78.0,153.0,77.0,48.39,33.0,403.81,48.0,143.88,18.22999999999999,111.0,125.0,5.327623297495906,236,-14.0,150.0,-0.06
07:31:57,127.26,57.0,152.49,69.0,67.74,27.0,153.12,40.0,139.88,25.230000000000004,84.0,109.0,5.184566519972652,193,-25.0,-43.0,-0.13
07:31:58,123.3,43.0,150.77,39.0,81.17,24.0,152.27,55.0,137.04,27.470000000000013,67.0,94.0,4.777242928721736,161,-27.0,-32.0,-0.17
07:32:05,147.27,102.0,148.88,41.0,145.42,62.0,150.44,27.0,148.08,1.6099999999999852,164.0,68.0,2.524535600861958,232,96.0,-45.0,0.41
07:32:06,145.96,125.0,151.07,30.0,131.87,108.0,153.5,46.0,148.51,5.109999999999985,233.0,76.0,2.685715919455923,309,157.0,77.0,0.51
07:32:07,134.33,99.0,153.09,47.0,112.71,89.0,154.67,30.0,143.71,18.75999999999999,188.0,77.0,2.4874545222011437,265,111.0,-44.0,0.42
07:32:08,135.14,126.0,151.92,37.0,134.0,84.0,153.08,36.0,143.53,16.78,210.0,73.0,2.344647094984419,283,137.0,18.0,0.48
07:32:09,137.44,96.0,149.54,26.0,135.91,99.0,153.0,39.0,143.49,12.099999999999994,195.0,65.0,2.590131270808302,260,130.0,-23.0,0.5
07:32:10,139.35,142.0,150.58,24.0,99.88,94.0,156.77,52.0,144.97,11.230000000000018,236.0,76.0,2.1389997662503912,312,160.0,52.0,0.51
07:32:11,141.6,120.0,158.29,21.0,140.0,90.0,189.14,35.0,149.94,16.689999999999998,210.0,56.0,2.7580645387697422,266,154.0,-46.0,0.58
07:32:12,142.72,58.0,161.75,24.0,141.65,68.0,337.26,23.0,152.24,19.03,126.0,47.0,4.013892126106363,173,79.0,-93.0,0.46
07:32:13,146.11,92.0,155.0,10.0,144.14,72.0,277.89,27.0,150.55,8.889999999999986,164.0,37.0,3.7908270865364306,201,127.0,28.0,0.63
07:32:14,148.7,80.0,153.77,22.0,147.0,60.0,233.55,20.0,151.24,5.070000000000022,140.0,42.0,2.825662754119449,182,98.0,-19.0,0.54
07:32:15,148.71,73.0,151.27,33.0,147.67,73.0,153.55,33.0,149.99,2.5600000000000023,146.0,66.0,0.9650233157896536,212,80.0,30.0,0.38
07:32:16,150.98,48.0,152.92,39.0,147.03,71.0,154.22,27.0,151.95,1.9399999999999977,119.0,66.0,0.9396967596078892,185,53.0,-27.0,0.29
07:32:17,152.92,26.0,154.15,13.0,133.44,50.0,205.46,13.0,153.54,1.2300000000000182,76.0,26.0,1.3787421804012203,102,50.0,-83.0,0.49
07:32:18,153.79,43.0,307.54,13.0,135.43,46.0,375.87,23.0,230.66,153.75000000000003,89.0,36.0,35.344216358550305,125,53.0,23.0,0.42
07:32:19,159.0,45.0,406.63,41.0,123.71,63.0,516.88,34.0,282.82,247.63,108.0,75.0,60.363121771492324,183,33.0,58.0,0.18
07:32:20,160.66,38.0,241.5,30.0,154.0,30.0,544.33,30.0,201.08,80.84,68.0,60.0,55.19802532699888,128,8.0,-55.0,0.06
07:32:23,147.0,33.0,154.0,27.0,138.67,69.0,303.55,40.0,150.5,7.0,102.0,67.0,57.32140193679854,169,35.0,-14.0,0.21
07:32:24,147.08,36.0,206.68,66.0,116.68,96.0,400.39,46.0,176.88,59.599999999999994,132.0,112.0,34.22096988689852,244,20.0,75.0,0.08
07:32:26,158.0,121.0,324.33,24.0,156.0,33.0,568.62,26.0,241.17,166.32999999999998,154.0,50.0,93.15156590202875,204,104.0,-43.0,0.51
07:32:27,158.27,41.0,228.92,26.0,157.81,97.0,250.36,22.0,193.6,70.64999999999998,138.0,48.0,95.17390729606517,186,90.0,-18.0,0.48
07:32:28,157.69,78.0,204.5,20.0,133.14,42.0,208.8,20.0,181.1,46.81,120.0,40.0,89.56571793939914,160,80.0,-26.0,0.5
07:32:29,156.0,12.0,203.67,9.0,116.0,24.0,465.82,11.0,179.83,47.66999999999999,36.0,20.0,89.0825837636067,56,16.0,-104.0,0.29
07:32:30,156.0,27.0,201.4,20.0,129.33,54.0,202.85,26.0,178.7,45.400000000000006,81.0,46.0,26.564006663152508,127,35.0,71.0,0.28
07:32:31,156.0,27.0,198.76,33.0,155.0,18.0,199.5,24.0,177.38,42.75999999999999,45.0,57.0,6.561990551655256,102,-12.0,-25.0,-0.12
07:32:32,156.0,24.0,195.32,25.0,155.0,16.0,195.95,21.0,175.66,39.31999999999999,40.0,46.0,2.1144219068136056,86,-6.0,-16.0,-0.07
07:32:33,157.23,31.0,191.4,40.0,155.43,21.0,193.5,24.0,174.31,34.170000000000016,52.0,64.0,2.2315980820957573,116,-12.0,30.0,-0.1
07:32:34,162.0,90.0,188.96,53.0,158.0,16.0,190.08,48.0,175.48,26.960000000000008,106.0,101.0,1.729762989549012,207,5.0,91.0,0.02
07:32:35,162.0,21.0,183.94,35.0,158.0,9.0,185.4,20.0,172.97,21.939999999999998,30.0,55.0,1.6431220283392356,85,-25.0,-122.0,-0.29
07:32:36,161.05,38.0,180.69,52.0,157.29,17.0,181.8,49.0,170.87,19.639999999999986,55.0,101.0,1.9874028278166675,156,-46.0,71.0,-0.29
07:32:37,156.0,45.0,176.75,51.0,155.0,30.0,177.56,41.0,166.37,20.75,75.0,92.0,3.583336434109094,167,-17.0,11.0,-0.1
07:32:38,164.0,64.0,172.09,44.0,157.16,19.0,173.54,35.0,168.05,8.090000000000003,83.0,79.0,3.6670860366254963,162,4.0,-5.0,0.02
07:32:39,166.0,121.0,170.46,52.0,164.59,37.0,171.85,52.0,168.23,4.460000000000008,158.0,104.0,2.6089308154900928,262,54.0,100.0,0.21
07:32:40,166.0,70.0,167.53,34.0,164.63,41.0,169.05,38.0,166.76,1.5300000000000011,111.0,72.0,1.7657236476906357,183,39.0,-79.0,0.21
07:32:41,165.62,21.0,169.35,46.0,161.96,57.0,172.4,40.0,167.48,3.7299999999999898,78.0,86.0,0.8040335813969363,164,-8.0,-19.0,-0.05
07:32:42,158.0,36.0,167.85,39.0,156.0,36.0,169.33,45.0,162.92,9.849999999999994,72.0,84.0,2.1830643600256243,156,-12.0,-8.0,-0.08
07:32:43,158.0,39.0,162.55,47.0,156.0,53.0,164.82,44.0,160.28,4.550000000000011,92.0,91.0,3.3983790253610975,183,1.0,27.0,0.01
07:32:44,156.58,64.0,159.45,44.0,155.85,82.0,301.36,33.0,158.02,2.869999999999976,146.0,77.0,4.073416256659087,223,69.0,40.0,0.31
07:32:45,156.0,56.0,157.88,40.0,155.0,16.0,159.0,24.0,156.94,1.8799999999999955,72.0,64.0,4.227211847070705,136,8.0,-87.0,0.06
07:32:46,156.0,35.0,157.0,40.0,155.0,16.0,242.75,24.0,156.5,1.0,51.0,64.0,2.6662558016843243,115,-13.0,-21.0,-0.11
07:32:47,155.77,53.0,157.0,70.0,130.48,29.0,335.69,36.0,156.39,1.2299999999999898,82.0,106.0,1.6174918856104303,188,-24.0,73.0,-0.13
07:32:48,156.0,41.0,217.42,31.0,155.0,18.0,451.87,15.0,186.71,61.41999999999999,59.0,46.0,13.3190791723758,105,13.0,-83.0,0.12
07:32:49,156.0,20.0,361.37,19.0,155.0,20.0,642.75,24.0,258.68,205.37,40.0,43.0,44.245571868832386,83,-3.0,-22.0,-0.04
07:32:50,159.88,34.0,286.31,26.0,156.77,26.0,455.55,11.0,223.1,126.43,60.0,37.0,44.37994400627393,97,23.0,14.0,0.24
07:32:51,166.0,42.0,404.43,7.0,162.0,42.0,498.85,20.0,285.21,238.43,84.0,27.0,52.18283022221011,111,57.0,14.0,0.51
07:32:52,166.0,70.0,213.0,12.0,162.0,93.0,509.3,27.0,189.5,47.0,163.0,39.0,43.079352943144386,202,124.0,91.0,0.61
07:32:53,166.0,21.0,213.0,5.0,162.0,30.0,452.0,20.0,189.5,47.0,51.0,25.0,42.41338373674049,76,26.0,-126.0,0.34
07:32:54,166.0,18.0,213.0,8.0,162.0,48.0,452.0,32.0,189.5,47.0,66.0,40.0,41.66877991974332,106,26.0,30.0,0.25
07:32:55,162.0,48.0,217.0,12.0,156.0,16.0,418.12,25.0,189.5,55.0,64.0,37.0,42.80281322530103,101,27.0,-5.0,0.27
07:32:56,162.0,32.0,221.0,24.0,157.75,16.0,421.86,14.0,191.5,59.0,48.0,38.0,0.8944271910037132,86,10.0,-15.0,0.12
07:32:57,162.45,11.0,251.0,8.0,160.5,16.0,430.0,24.0,206.73,88.55000000000001,27.0,32.0,7.531837757148409,59,-5.0,-27.0,-0.08
07:32:58,163.0,7.0,251.0,7.0,162.0,14.0,345.0,21.0,207.0,88.0,21.0,28.0,9.18292328183167,49,-7.0,-10.0,-0.14
07:32:59,156.93,15.0,340.4,20.0,116.9,78.0,375.32,28.0,248.67,183.46999999999997,93.0,48.0,23.8162224124651,141,45.0,92.0,0.32
07:33:02,165.0,56.0,185.78,18.0,163.0,24.0,289.93,14.0,175.39,20.78,80.0,32.0,74.48400788088676,112,48.0,26.0,0.43
07:33:03,165.0,49.0,182.13,23.0,163.0,21.0,185.08,13.0,173.57,17.129999999999995,70.0,36.0,81.72558822058122,106,34.0,-6.0,0.32
07:33:04,165.0,63.0,181.0,9.0,163.0,27.0,182.0,45.0,173.0,16.0,90.0,54.0,89.71791420892488,144,36.0,38.0,0.25
07:33:05,164.86,84.0,178.82,51.0,162.76,51.0,179.54,41.0,171.84,13.95999999999998,135.0,92.0,74.88794382275435,227,43.0,83.0,0.19
07:33:06,163.0,19.0,178.0,21.0,161.0,21.0,179.0,21.0,170.5,15.0,40.0,42.0,1.839470032378145,82,-2.0,-145.0,-0.02
07:33:07,161.5,32.0,174.18,44.0,156.29,92.0,175.55,40.0,167.84,12.680000000000007,124.0,84.0,2.287662562533534,208,40.0,126.0,0.19
07:33:08,161.0,25.0,165.82,45.0,160.0,26.0,166.96,49.0,163.41,4.819999999999993,51.0,94.0,3.8211150205166327,145,-43.0,-63.0,-0.3
07:33:09,155.3,111.0,161.33,55.0,152.37,116.0,162.46,65.0,158.31,6.030000000000001,227.0,120.0,5.542188196012327,347,107.0,168.0,0.31
07:33:10,155.27,111.0,158.8,30.0,148.67,116.0,160.63,49.0,157.04,3.530000000000001,227.0,79.0,5.841219906836154,306,148.0,-41.0,0.48
07:33:11,155.0,125.0,283.56,27.0,130.26,19.0,452.81,27.0,219.28,128.56,144.0,54.0,26.128504166905866,198,90.0,-108.0,0.45
07:33:14,161.0,37.0,305.27,22.0,157.0,36.0,329.82,28.0,233.14,144.26999999999998,73.0,50.0,96.25463770645027,123,23.0,-24.0,0.19
07:33:15,161.0,24.0,242.8,20.0,157.0,24.0,244.86,14.0,201.9,81.80000000000001,48.0,34.0,84.69011583413966,82,14.0,-41.0,0.17
07:33:16,162.2,60.0,229.32,38.0,158.6,40.0,242.67,24.0,195.76,67.12,100.0,62.0,89.24548997008193,162,38.0,80.0,0.23
07:33:17,162.07,30.0,222.06,32.0,159.22,36.0,241.83,24.0,192.06,59.99000000000001,66.0,56.0,59.877626205453446,122,10.0,-40.0,0.08
07:33:18,162.71,14.0,166.0,16.0,160.0,32.0,239.71,28.0,164.36,3.289999999999992,46.0,44.0,24.598956888453863,90,2.0,-32.0,0.02
07:33:19,161.0,44.0,165.21,28.0,157.0,44.0,199.78,23.0,163.11,4.210000000000008,88.0,51.0,18.33175987187306,139,37.0,49.0,0.27
07:33:20,161.0,32.0,163.91,22.0,158.59,17.0,191.45,33.0,162.45,2.9099999999999966,49.0,55.0,16.827090360487684,104,-6.0,-35.0,-0.06
07:33:21,161.91,33.0,163.0,26.0,160.77,13.0,315.35,37.0,162.45,1.0900000000000034,46.0,63.0,12.978109646632657,109,-17.0,5.0,-0.16
07:33:22,162.0,42.0,163.0,28.0,161.0,14.0,257.3,37.0,162.5,1.0,56.0,65.0,0.8236079164391584,121,-9.0,12.0,-0.07
07:33:23,161.07,14.0,218.38,26.0,159.82,11.0,283.94,32.0,189.73,57.31,25.0,58.0,12.12382447909982,83,-33.0,-38.0,-0.4
07:33:24,160.0,5.0,229.2,10.0,159.0,5.0,403.0,15.0,194.6,69.19999999999999,10.0,25.0,16.357332606510713,35,-15.0,-48.0,-0.43
07:33:25,156.15,26.0,307.28,29.0,116.45,29.0,486.43,28.0,231.71,151.12999999999997,55.0,57.0,28.54808872761915,112,-2.0,77.0,-0.02
07:33:26,155.0,20.0,314.31,32.0,113.0,40.0,511.97,33.0,234.66,159.31,60.0,65.0,30.46668098103258,125,-5.0,13.0,-0.04
07:33:27,161.0,8.0,382.0,20.0,138.2,10.0,622.4,10.0,271.5,221.0,18.0,30.0,33.41838790247082,48,-12.0,-77.0,-0.25
07:33:28,155.0,18.0,420.7,37.0,113.0,36.0,759.64,44.0,287.85,265.7,54.0,81.0,36.59812741111222,135,-27.0,87.0,-0.2
07:33:29,155.0,24.0,391.31,51.0,105.22,72.0,445.63,54.0,273.16,236.31,96.0,105.0,25.115965639409524,201,-9.0,66.0,-0.04
07:33:30,155.0,28.0,219.44,34.0,119.13,62.0,230.24,50.0,187.22,64.44,90.0,84.0,40.63264598817067,174,6.0,-27.0,0.03
07:33:31,138.56,32.0,156.76,29.0,122.56,63.0,204.21,39.0,147.66,18.19999999999999,95.0,68.0,62.21169439904371,163,27.0,-11.0,0.17
07:33:32,152.4,40.0,422.9,60.0,119.17,46.0,590.06,67.0,287.65,270.5,86.0,127.0,65.0345067637174,213,-41.0,50.0,-0.19
07:33:33,161.0,42.0,264.95,42.0,132.29,68.0,376.67,60.0,212.98,103.94999999999999,110.0,102.0,58.618168514548515,212,8.0,-1.0,0.04
07:33:34,161.0,27.0,219.89,18.0,149.0,18.0,317.75,40.0,190.44,58.889999999999986,45.0,58.0,51.745821087311086,103,-13.0,-109.0,-0.13
07:33:35,161.0,129.0,217.64,22.0,160.0,22.0,259.36,44.0,189.32,56.639999999999986,151.0,66.0,51.57173159784349,217,85.0,114.0,0.39
07:33:36,161.07,82.0,214.25,24.0,160.8,69.0,246.0,48.0,187.66,53.18000000000001,151.0,72.0,42.668999285195426,223,79.0,6.0,0.35
07:33:37,162.25,16.0,211.0,24.0,160.97,79.0,251.67,24.0,186.62,48.75,95.0,48.0,11.041969027307177,143,47.0,-80.0,0.33
07:33:38,161.37,43.0,211.82,22.0,160.92,78.0,271.0,44.0,186.6,50.44999999999999,121.0,66.0,1.7025040381778456,187,55.0,44.0,0.29
07:33:39,161.0,90.0,194.46,26.0,160.0,20.0,279.41,37.0,177.73,33.46000000000001,110.0,63.0,4.529302374539857,173,47.0,-14.0,0.27
07:33:40,161.0,81.0,168.0,50.0,160.0,18.0,210.5,24.0,164.5,7.0,99.0,74.0,9.868237937950893,173,25.0,0.0,0.14
07:33:41,160.36,56.0,167.71,35.0,158.16,38.0,176.32,31.0,164.04,7.349999999999994,94.0,66.0,11.218031021530217,160,28.0,-13.0,0.17
07:33:42,159.72,25.0,165.2,25.0,158.51,82.0,166.5,32.0,162.46,5.47999999999999,107.0,57.0,10.633135943832142,164,50.0,4.0,0.3
07:33:43,159.27,44.0,162.79,29.0,158.0,60.0,164.29,35.0,161.03,3.519999999999982,104.0,64.0,6.725055390107638,168,40.0,4.0,0.24
07:33:44,129.09,34.0,157.12,25.0,85.31,95.0,180.94,31.0,143.1,28.03,129.0,56.0,9.007645641343634,185,73.0,17.0,0.39
07:33:49,114.0,70.0,149.0,35.0,113.0,7.0,151.0,35.0,131.5,35.0,77.0,70.0,15.034931659306707,147,7.0,0.0,0.05
07:33:50,114.82,73.0,148.4,20.0,113.59,17.0,149.59,34.0,131.61,33.58000000000001,90.0,54.0,11.613430587041124,144,36.0,-3.0,0.25
07:33:51,136.04,24.0,148.31,26.0,129.31,70.0,149.71,56.0,142.17,12.27000000000001,94.0,82.0,6.815593884616448,176,12.0,32.0,0.07
07:33:52,137.44,18.0,150.8,20.0,136.99,81.0,161.05,43.0,144.12,13.360000000000014,99.0,63.0,6.430798550726059,162,36.0,-14.0,0.22
07:33:53,146.59,39.0,153.86,21.0,139.25,32.0,175.0,30.0,150.22,7.27000000000001,71.0,51.0,8.196720685738873,122,20.0,-40.0,0.16
07:33:54,150.0,27.0,153.0,18.0,149.0,72.0,155.0,27.0,151.5,3.0,99.0,45.0,7.933866018532115,144,54.0,22.0,0.38
07:33:55,151.76,58.0,154.89,38.0,151.88,85.0,304.0,46.0,153.33,3.1299999999999955,143.0,84.0,4.854675066368273,227,59.0,83.0,0.26
07:33:56,152.97,29.0,155.0,27.0,152.83,92.0,438.44,18.0,153.98,2.030000000000001,121.0,45.0,3.931208465601543,166,76.0,-61.0,0.46
07:33:57,153.61,76.0,238.66,41.0,138.79,94.0,410.62,58.0,196.13,85.04999999999998,170.0,99.0,19.676632587920498,269,71.0,103.0,0.26
07:33:58,154.73,110.0,252.11,45.0,100.29,70.0,384.73,45.0,203.42,97.38000000000002,180.0,90.0,25.799586624595594,270,90.0,1.0,0.33
07:33:59,155.0,110.0,247.76,42.0,127.55,62.0,359.0,42.0,201.38,92.75999999999999,172.0,84.0,25.693031545537966,256,88.0,-14.0,0.34
07:34:00,155.23,62.0,162.67,24.0,139.64,94.0,269.0,38.0,158.95,7.439999999999998,156.0,62.0,24.225506599450277,218,94.0,-38.0,0.43
07:34:01,156.13,23.0,161.08,52.0,155.06,106.0,405.27,44.0,158.6,4.950000000000017,129.0,96.0,22.904901877109378,225,33.0,7.0,0.15
07:34:02,156.58,24.0,159.52,46.0,155.04,102.0,279.58,48.0,158.05,2.9399999999999977,126.0,94.0,24.03972649594855,220,32.0,-5.0,0.15
07:34:03,156.04,46.0,158.25,48.0,142.89,112.0,267.46,26.0,157.15,2.210000000000008,158.0,74.0,19.328221076964482,232,84.0,12.0,0.36
07:34:04,156.7,111.0,269.86,57.0,120.66,164.0,365.57,53.0,213.28,113.16000000000003,275.0,110.0,24.647483238659753,385,165.0,153.0,0.43
07:34:05,162.0,30.0,232.0,50.0,155.0,120.0,289.14,28.0,197.0,70.0,150.0,78.0,26.494122555767177,228,72.0,-157.0,0.32
07:34:06,162.0,33.0,233.57,42.0,155.0,132.0,302.39,31.0,197.79,71.57,165.0,73.0,25.537565075786077,238,92.0,10.0,0.39
07:34:07,162.0,21.0,231.29,21.0,155.0,84.0,233.0,14.0,196.64,69.28999999999999,105.0,35.0,20.89690575180945,140,70.0,-98.0,0.5
07:34:08,162.0,54.0,228.94,54.0,155.63,164.0,233.0,36.0,195.47,66.94,218.0,90.0,7.450612726481292,308,128.0,168.0,0.42
07:34:09,162.0,12.0,227.75,36.0,161.0,52.0,233.0,24.0,194.88,65.75,64.0,60.0,1.1742359217830889,124,4.0,-168.0,0.03
07:34:10,162.0,6.0,225.5,18.0,161.0,30.0,233.0,12.0,193.75,63.5,36.0,30.0,1.56359521616239,66,6.0,-58.0,0.09
07:34:11,162.0,9.0,223.89,27.0,161.0,45.0,233.0,18.0,192.94,61.889999999999986,54.0,45.0,1.4476290961451757,99,9.0,33.0,0.09
07:34:12,159.0,23.0,221.13,31.0,155.82,88.0,223.17,24.0,190.06,62.129999999999995,111.0,55.0,2.1191389760953308,166,56.0,67.0,0.34
07:34:13,157.0,16.0,218.87,23.0,155.0,96.0,220.24,17.0,187.93,61.870000000000005,112.0,40.0,2.8517661194436346,152,72.0,-14.0,0.47
07:34:14,156.63,86.0,206.53,47.0,152.73,146.0,217.71,49.0,181.58,49.900000000000006,232.0,96.0,4.875794294267035,328,136.0,168.0,0.41
07:34:15,157.22,54.0,214.44,27.0,154.97,122.0,216.93,28.0,185.83,57.22,176.0,55.0,4.30192631271239,231,121.0,-97.0,0.52
07:34:16,156.0,9.0,212.67,27.0,155.0,108.0,215.0,18.0,184.33,56.66999999999999,117.0,45.0,3.2614459983276567,162,72.0,-69.0,0.44
07:34:17,155.38,13.0,211.0,20.0,151.08,51.0,212.0,30.0,183.19,55.620000000000005,64.0,50.0,2.4382001558542483,114,14.0,-48.0,0.12
07:34:18,155.0,8.0,210.67,18.0,131.25,16.0,211.82,22.0,182.83,55.66999999999999,24.0,40.0,1.6074576199725485,64,-16.0,-50.0,-0.25
07:34:19,155.0,3.0,210.0,9.0,125.0,6.0,211.0,6.0,182.5,55.0,9.0,15.0,1.3587052660558134,24,-6.0,-40.0,-0.25
07:34:20,133.86,14.0,209.14,21.0,118.57,14.0,211.0,14.0,171.5,75.27999999999997,28.0,35.0,5.283213983931388,63,-7.0,39.0,-0.11
07:34:21,129.49,71.0,186.79,39.0,101.62,26.0,197.86,37.0,158.14,57.29999999999998,97.0,76.0,10.94471881776819,173,21.0,110.0,0.12
07:34:22,126.25,130.0,149.66,41.0,125.67,58.0,150.73,59.0,137.96,23.409999999999997,188.0,100.0,18.92123886007494,288,88.0,115.0,0.31
07:34:25,145.56,9.0,148.0,14.0,141.12,16.0,149.25,8.0,146.78,2.4399999999999977,25.0,22.0,7.2674273302187835,47,3.0,-111.0,0.06
07:34:26,134.86,14.0,149.0,7.0,87.0,14.0,151.0,7.0,141.93,14.139999999999986,28.0,14.0,3.612806388392687,42,14.0,-5.0,0.33
07:34:27,129.5,128.0,163.44,39.0,128.0,32.0,158.57,40.0,146.47,33.94,160.0,79.0,1.982334482374505,239,81.0,168.0,0.34
07:34:28,132.26,35.0,420.67,9.0,129.5,32.0,635.73,22.0,276.46,288.41,67.0,31.0,58.683988190987925,98,36.0,-141.0,0.37
07:34:29,157.0,53.0,383.67,36.0,132.08,96.0,738.0,48.0,270.33,226.67000000000002,149.0,84.0,70.35157873139741,233,65.0,135.0,0.28
07:34:30,157.57,23.0,343.0,47.0,155.58,113.0,615.78,54.0,250.28,185.43,136.0,101.0,67.26269493560311,237,35.0,4.0,0.15
07:34:31,160.85,13.0,217.39,36.0,155.21,76.0,260.23,44.0,189.12,56.53999999999999,89.0,80.0,56.53454492608929,169,9.0,-68.0,0.05
07:34:32,165.0,13.0,185.38,52.0,159.0,13.0,187.0,13.0,175.19,20.379999999999995,26.0,65.0,47.025866605518374,91,-39.0,-78.0,-0.43
07:34:33,165.0,14.0,183.38,47.0,159.29,14.0,184.39,23.0,174.19,18.379999999999995,28.0,70.0,45.209665670075566,98,-42.0,7.0,-0.43
07:34:34,165.0,8.0,180.62,8.0,160.0,8.0,182.0,32.0,172.81,15.620000000000005,16.0,40.0,33.061970146983214,56,-24.0,-42.0,-0.43
07:34:35,165.0,12.0,177.17,36.0,160.0,12.0,180.33,24.0,171.08,12.169999999999987,24.0,60.0,7.233717578120435,84,-36.0,28.0,-0.43
07:34:36,160.29,14.0,175.89,44.0,158.24,25.0,176.77,26.0,168.09,15.599999999999994,39.0,70.0,2.801467472595079,109,-31.0,25.0,-0.28
07:34:37,160.71,14.0,172.17,23.0,158.4,20.0,173.45,47.0,166.44,11.45999999999998,34.0,70.0,3.224045595212344,104,-36.0,-5.0,-0.35
07:34:38,162.0,12.0,169.33,24.0,159.0,12.0,170.89,36.0,165.67,7.3300000000000125,24.0,60.0,3.0474366277263245,84,-36.0,-20.0,-0.43
07:34:39,162.0,13.0,167.02,49.0,159.67,33.0,168.25,16.0,164.51,5.02000000000001,46.0,65.0,2.549131224556281,111,-19.0,27.0,-0.17
07:34:40,162.0,13.0,166.23,52.0,159.77,43.0,166.71,31.0,164.12,4.22999999999999,56.0,83.0,1.5930568100377451,139,-27.0,28.0,-0.19
07:34:41,161.12,16.0,164.44,36.0,159.67,12.0,165.44,36.0,162.78,3.319999999999993,28.0,72.0,1.4166262739366073,100,-44.0,-39.0,-0.44
07:34:42,161.55,69.0,163.52,23.0,159.9,20.0,164.21,56.0,162.54,1.9699999999999989,89.0,79.0,1.289817816595591,168,10.0,68.0,0.06
07:34:43,161.0,27.0,325.26,19.0,159.71,17.0,336.82,22.0,243.13,164.26,44.0,41.0,35.62718807315571,85,3.0,-83.0,0.04
07:34:44,162.71,126.0,274.22,32.0,161.0,42.0,324.53,19.0,218.47,111.51000000000002,168.0,51.0,38.07189212529382,219,117.0,134.0,0.53
07:34:45,162.73,101.0,168.0,28.0,160.88,51.0,198.97,29.0,165.37,5.27000000000001,152.0,57.0,37.861279296928274,209,95.0,-10.0,0.45
07:34:46,160.0,21.0,163.86,7.0,159.0,7.0,165.0,14.0,161.93,3.8600000000000136,28.0,21.0,38.01820774313289,49,7.0,-160.0,0.14
07:34:47,160.0,27.0,161.55,11.0,159.0,11.0,165.27,22.0,160.77,1.5500000000000114,38.0,33.0,38.347981433186405,71,5.0,22.0,0.07
07:34:48,159.46,13.0,220.65,17.0,157.17,69.0,292.71,35.0,190.05,61.19,82.0,52.0,24.944801462429172,134,30.0,63.0,0.22
07:34:49,160.29,14.0,317.46,26.0,157.05,74.0,398.0,24.0,238.87,157.17,88.0,50.0,33.23891574645612,138,38.0,4.0,0.28
07:34:50,162.0,27.0,369.19,21.0,157.06,65.0,499.75,16.0,265.6,207.19,92.0,37.0,47.01662344320369,129,55.0,-9.0,0.43
07:34:52,161.57,21.0,274.43,28.0,158.4,43.0,489.59,32.0,218.0,112.86000000000001,64.0,60.0,46.99570544209345,124,4.0,47.0,0.03
07:34:53,157.2,50.0,461.6,10.0,155.82,110.0,524.46,39.0,309.4,304.40000000000003,160.0,49.0,42.09671459864789,209,111.0,85.0,0.53
07:34:54,157.0,63.0,429.75,8.0,155.0,91.0,473.5,14.0,293.38,272.75,154.0,22.0,39.31814949867321,176,132.0,-33.0,0.75
07:34:55,157.0,81.0,425.0,9.0,155.0,117.0,518.61,23.0,291.0,268.0,198.0,32.0,38.647686606057256,230,166.0,54.0,0.72
07:34:56,157.0,54.0,297.5,8.0,155.0,78.0,518.0,18.0,227.25,140.5,132.0,26.0,41.97463138611242,158,106.0,-72.0,0.67
07:34:57,157.0,120.0,169.88,25.0,155.0,182.0,210.57,46.0,163.44,12.879999999999995,302.0,71.0,60.958478327464945,373,231.0,168.0,0.62
07:34:58,157.0,82.0,169.0,11.0,155.0,164.0,170.0,22.0,163.0,12.0,246.0,33.0,64.49099844164309,279,213.0,-94.0,0.76
07:34:59,157.0,114.0,168.0,11.0,155.0,176.0,250.0,42.0,162.5,11.0,290.0,53.0,57.28242941775433,343,237.0,64.0,0.69
07:35:00,157.0,135.0,165.22,9.0,155.0,144.0,246.72,25.0,161.11,8.219999999999999,279.0,34.0,28.964720782358697,313,245.0,-30.0,0.78
07:35:01,158.6,115.0,258.47,47.0,156.61,164.0,319.47,36.0,208.53,99.87000000000003,279.0,83.0,20.598260363438484,362,196.0,49.0,0.54
07:35:02,161.0,84.0,217.68,31.0,157.0,105.0,231.86,35.0,189.34,56.68000000000001,189.0,66.0,21.243260813726362,255,123.0,-107.0,0.48
07:35:03,162.22,131.0,223.08,66.0,157.84,190.0,233.46,61.0,192.65,60.860000000000014,321.0,127.0,20.520536786351446,448,194.0,168.0,0.43
07:35:04,165.0,91.0,226.8,50.0,161.0,100.0,234.0,40.0,195.9,61.80000000000001,191.0,90.0,17.457383251793612,281,101.0,-167.0,0.36
07:35:05,165.0,61.0,223.3,50.0,161.0,100.0,283.5,40.0,194.15,58.30000000000001,161.0,90.0,7.347559458759435,251,71.0,-30.0,0.28
07:35:06,161.0,70.0,221.0,35.0,160.0,14.0,298.33,30.0,191.0,60.0,84.0,65.0,2.5730468320659807,149,19.0,-102.0,0.13
07:35:07,161.0,60.0,215.0,35.0,160.0,14.0,270.88,32.0,188.0,54.0,74.0,67.0,3.028076947503935,141,7.0,-8.0,0.05
07:35:08,161.0,28.0,215.0,20.0,160.0,8.0,520.18,17.0,188.0,54.0,36.0,37.0,3.573933407326529,73,-1.0,-68.0,-0.01
07:35:09,161.0,36.0,214.33,45.0,160.0,18.0,764.0,45.0,187.67,53.33000000000001,54.0,90.0,2.8005767263198362,144,-36.0,71.0,-0.25
07:35:10,160.46,26.0,214.0,50.0,159.46,13.0,657.02,47.0,187.23,53.53999999999999,39.0,97.0,1.4983157210695137,136,-58.0,-8.0,-0.43
07:35:11,157.0,119.0,213.2,50.0,155.0,70.0,412.0,50.0,185.1,56.19999999999999,189.0,100.0,1.215709669289418,289,89.0,153.0,0.31
07:35:12,157.0,90.0,200.13,55.0,155.0,83.0,238.35,69.0,178.56,43.129999999999995,173.0,124.0,3.940135784462678,297,49.0,8.0,0.16
07:35:13,157.0,58.0,167.0,45.0,155.0,54.0,198.15,33.0,162.0,10.0,112.0,78.0,10.76014265704698,190,34.0,-107.0,0.18
07:35:14,157.0,76.0,209.87,45.0,155.0,66.0,210.76,41.0,183.43,52.870000000000005,142.0,86.0,10.166279063649688,228,56.0,38.0,0.25
07:35:15,157.0,72.0,208.68,31.0,155.0,54.0,209.85,41.0,182.84,51.68000000000001,126.0,72.0,9.472184542121305,198,54.0,-30.0,0.27
07:35:16,157.0,96.0,206.63,38.0,155.0,72.0,207.43,42.0,181.82,49.629999999999995,168.0,80.0,8.992385667886003,248,88.0,50.0,0.35
07:35:17,157.0,112.0,182.63,52.0,155.0,84.0,185.43,46.0,169.82,25.629999999999995,196.0,98.0,9.618389678111463,294,98.0,46.0,0.33
07:35:18,157.0,88.0,179.0,55.0,155.0,60.0,181.0,33.0,168.0,22.0,148.0,88.0,7.600488142218331,236,60.0,-58.0,0.25
07:35:19,158.92,52.0,177.92,62.0,156.73,75.0,179.3,50.0,168.42,19.0,127.0,112.0,7.479050741905719,239,15.0,3.0,0.06
07:35:20,160.84,37.0,173.69,65.0,157.38,53.0,174.57,61.0,167.27,12.849999999999994,90.0,126.0,6.083015699470069,216,-36.0,-23.0,-0.17
07:35:21,157.0,92.0,166.97,33.0,155.0,208.0,169.19,21.0,161.98,9.969999999999999,300.0,54.0,3.008075796917033,354,246.0,138.0,0.69
07:35:22,157.0,60.0,163.13,23.0,155.0,160.0,165.33,15.0,160.07,6.1299999999999955,220.0,38.0,3.8459420172433023,258,182.0,-96.0,0.71
07:35:23,157.0,54.0,159.43,28.0,155.0,144.0,160.12,33.0,158.21,2.430000000000007,198.0,61.0,4.472085643186733,259,137.0,1.0,0.53
07:35:24,157.0,28.0,158.0,55.0,155.0,176.0,331.65,49.0,157.5,1.0,204.0,104.0,3.9106303839657737,308,100.0,49.0,0.32
07:35:25,158.24,29.0,308.0,52.0,155.43,94.0,432.4,50.0,233.12,149.76,123.0,102.0,32.99666240697687,225,21.0,-83.0,0.09
07:35:26,160.08,48.0,259.85,41.0,158.17,12.0,308.0,40.0,209.97,99.77000000000001,60.0,81.0,35.450595622640854,141,-21.0,-84.0,-0.15
07:35:27,161.26,46.0,255.54,39.0,160.33,21.0,294.35,31.0,208.4,94.28,67.0,70.0,33.92779612648021,137,-3.0,-4.0,-0.02
07:35:28,162.1,20.0,268.0,14.0,160.0,14.0,269.0,28.0,215.05,105.9,34.0,42.0,28.21375320654819,76,-8.0,-61.0,-0.11
07:35:29,163.0,24.0,247.4,30.0,160.0,24.0,268.73,44.0,205.2,84.4,48.0,74.0,11.080526612034765,122,-26.0,46.0,-0.21
07:35:30,160.5,28.0,201.35,37.0,159.08,74.0,227.86,29.0,180.93,40.849999999999994,102.0,66.0,13.329739307278578,168,36.0,46.0,0.21
07:35:31,159.0,100.0,166.3,20.0,157.0,14.0,174.25,32.0,162.65,7.300000000000011,114.0,52.0,21.957659939073764,166,62.0,-2.0,0.37
07:35:32,159.0,80.0,165.12,16.0,157.0,14.0,326.93,28.0,162.06,6.1200000000000045,94.0,44.0,24.254974129031808,138,50.0,-28.0,0.36
07:35:33,159.0,65.0,165.0,24.0,157.0,12.0,244.2,54.0,162.0,6.0,77.0,78.0,18.942266759815183,155,-1.0,17.0,-0.01
07:35:34,159.0,14.0,164.17,12.0,157.0,6.0,325.67,30.0,161.58,5.1699999999999875,20.0,42.0,8.441944681173718,62,-22.0,-93.0,-0.35
07:35:35,155.31,39.0,162.73,11.0,145.5,6.0,384.0,30.0,159.02,7.4199999999999875,45.0,41.0,1.417363750064223,86,4.0,24.0,0.05
07:35:36,155.0,27.0,161.67,3.0,143.09,11.0,363.82,11.0,158.33,6.6699999999999875,38.0,14.0,1.7819427600222983,52,24.0,-34.0,0.46
07:35:37,155.0,81.0,159.89,9.0,144.0,45.0,161.0,9.0,157.44,4.889999999999986,126.0,18.0,2.016675482073318,144,108.0,92.0,0.75
07:35:38,155.0,81.0,160.33,9.0,144.0,45.0,482.35,23.0,157.67,5.3300000000000125,126.0,32.0,1.6676240583523059,158,94.0,14.0,0.59
07:35:39,155.0,98.0,160.08,12.0,144.0,60.0,349.0,36.0,157.54,5.0800000000000125,158.0,48.0,0.6677200011944693,206,110.0,48.0,0.53
07:35:40,155.26,46.0,196.26,35.0,151.23,73.0,348.86,21.0,175.76,41.0,119.0,56.0,8.064041790566078,175,63.0,-31.0,0.36
07:35:41,156.64,86.0,163.25,81.0,152.58,109.0,164.14,35.0,159.94,6.610000000000014,195.0,116.0,7.944664876506515,311,79.0,136.0,0.25
07:35:42,157.0,59.0,159.66,53.0,155.0,33.0,161.22,37.0,158.33,2.6599999999999966,92.0,90.0,7.835417665957336,182,2.0,-129.0,0.01
07:35:43,155.0,42.0,157.7,46.0,154.0,42.0,197.31,36.0,156.35,2.6999999999999886,84.0,82.0,8.031172392620904,166,2.0,-16.0,0.01
07:35:44,154.75,36.0,198.27,33.0,127.56,54.0,324.47,34.0,176.51,43.52000000000001,90.0,67.0,9.905279905181752,157,23.0,-9.0,0.15
07:35:45,155.2,10.0,301.8,30.0,154.0,30.0,658.3,10.0,228.5,146.60000000000002,40.0,40.0,30.466201437002294,80,0.0,-77.0,0.0
07:35:46,132.14,22.0,231.56,27.0,106.05,37.0,520.8,10.0,181.85,99.42000000000002,59.0,37.0,29.138847266149735,96,22.0,16.0,0.23
07:35:47,137.0,30.0,153.0,24.0,122.33,66.0,579.36,11.0,145.0,16.0,96.0,35.0,32.11064574249483,131,61.0,35.0,0.47
07:35:48,116.38,65.0,153.0,20.0,100.11,47.0,367.11,19.0,134.69,36.620000000000005,112.0,39.0,36.81734713419749,151,73.0,20.0,0.48
07:35:49,118.36,80.0,205.61,31.0,110.69,52.0,259.2,25.0,161.99,87.25000000000001,132.0,56.0,37.07359073518506,188,76.0,37.0,0.4
07:35:50,136.2,55.0,262.73,11.0,103.0,9.0,359.46,13.0,199.46,126.53000000000003,64.0,24.0,26.449774479189756,88,40.0,-100.0,0.45
07:35:51,126.66,100.0,296.37,19.0,80.9,20.0,508.53,17.0,211.51,169.71,120.0,36.0,33.636005262218625,156,84.0,68.0,0.54
07:35:55,157.5,12.0,235.32,25.0,154.1,10.0,376.9,20.0,196.41,77.82,22.0,45.0,79.10563298526857,67,-23.0,-4.0,-0.34
07:35:56,164.14,28.0,190.0,27.0,158.33,33.0,257.78,18.0,177.07,25.860000000000014,61.0,45.0,82.45747831458351,106,16.0,39.0,0.15
07:35:57,159.46,13.0,190.0,18.0,157.13,30.0,304.0,12.0,174.73,30.539999999999992,43.0,30.0,71.30438275449842,73,13.0,-33.0,0.18
07:35:58,160.0,27.0,189.72,29.0,159.0,9.0,406.0,25.0,174.86,29.72,36.0,54.0,70.96230034321044,90,-18.0,17.0,-0.2
07:35:59,161.29,21.0,187.96,25.0,159.0,7.0,189.0,24.0,174.62,26.670000000000016,28.0,49.0,9.486077693124704,77,-21.0,-13.0,-0.27
07:36:00,163.08,39.0,186.54,39.0,159.0,13.0,188.0,52.0,174.81,23.45999999999998,52.0,91.0,1.0392641627599228,143,-39.0,66.0,-0.27
07:36:01,163.59,34.0,185.93,42.0,157.9,29.0,188.0,56.0,174.76,22.340000000000003,63.0,98.0,0.09071934742369085,161,-35.0,18.0,-0.22
07:36:02,164.48,31.0,183.8,30.0,160.2,10.0,188.0,40.0,174.14,19.32000000000002,41.0,70.0,0.29243802761775156,111,-29.0,-50.0,-0.26
07:36:03,165.0,48.0,181.25,36.0,161.0,12.0,188.0,48.0,173.12,16.25,60.0,84.0,0.7056202944905146,144,-24.0,33.0,-0.17
07:36:04,162.2,15.0,179.4,35.0,157.07,114.0,182.0,28.0,170.8,17.200000000000017,129.0,63.0,1.6691554750821338,192,66.0,48.0,0.34
07:36:05,159.0,7.0,177.29,21.0,157.0,112.0,179.0,28.0,168.14,18.289999999999992,119.0,49.0,2.7206102256656215,168,70.0,-24.0,0.42
07:36:06,157.0,84.0,176.17,18.0,155.0,18.0,179.0,24.0,166.58,19.169999999999987,102.0,42.0,3.2064123253249734,144,60.0,-24.0,0.42
07:36:07,157.0,98.0,174.88,25.0,155.0,21.0,176.17,24.0,165.94,17.879999999999995,119.0,49.0,3.0057744426346344,168,70.0,24.0,0.42
07:36:08,162.0,12.0,172.68,38.0,158.05,114.0,173.65,46.0,167.34,10.680000000000007,126.0,84.0,1.8885973631230362,210,42.0,42.0,0.2
07:36:09,162.18,11.0,169.69,51.0,161.02,51.0,171.33,42.0,165.93,7.509999999999991,62.0,93.0,0.952774894712828,155,-31.0,-55.0,-0.2
07:36:10,161.94,32.0,166.96,70.0,160.88,68.0,169.46,57.0,164.45,5.02000000000001,100.0,127.0,1.0643636596553427,227,-27.0,72.0,-0.12
07:36:11,160.94,31.0,162.18,55.0,159.83,12.0,259.74,19.0,161.56,1.240000000000009,43.0,74.0,2.1994612976805747,117,-31.0,-110.0,-0.26
07:36:12,159.18,11.0,375.81,53.0,157.03,128.0,456.38,48.0,267.5,216.63,139.0,101.0,45.96980780903916,240,38.0,123.0,0.16
07:36:13,159.0,11.0,279.85,52.0,157.0,154.0,426.32,47.0,219.42,120.85000000000002,165.0,99.0,46.760580300077535,264,66.0,24.0,0.25
07:36:14,156.95,44.0,350.96,54.0,154.79,103.0,437.0,54.0,253.96,194.01,147.0,108.0,49.223088281821596,255,39.0,-9.0,0.15
07:36:15,157.89,28.0,311.56,43.0,155.65,31.0,344.23,44.0,234.73,153.67000000000002,59.0,87.0,41.12709787962196,146,-28.0,-109.0,-0.19
07:36:16,158.0,30.0,238.88,59.0,157.0,15.0,240.38,32.0,198.44,80.88,45.0,91.0,27.363269176032436,136,-46.0,-10.0,-0.34
07:36:17,159.56,18.0,232.42,57.0,157.29,14.0,233.76,51.0,195.99,72.85999999999999,32.0,108.0,24.54900344209524,140,-76.0,4.0,-0.54
07:36:18,161.0,30.0,211.05,41.0,159.0,10.0,220.5,30.0,186.02,50.05000000000001,40.0,71.0,29.05056230092634,111,-31.0,-29.0,-0.28
07:36:19,161.0,24.0,206.36,28.0,159.0,8.0,207.14,28.0,183.68,45.360000000000014,32.0,56.0,20.531740549695257,88,-24.0,-23.0,-0.27
07:36:20,160.33,18.0,203.12,41.0,157.89,37.0,204.04,47.0,181.73,42.78999999999999,55.0,88.0,7.547540659049074,143,-33.0,55.0,-0.23
07:36:21,157.08,50.0,201.55,22.0,155.46,70.0,202.86,35.0,179.31,44.47,120.0,57.0,6.442695864310095,177,63.0,34.0,0.36
07:36:22,157.28,72.0,198.37,41.0,155.74,106.0,199.26,70.0,177.82,41.09,178.0,111.0,3.2920160995958,289,67.0,112.0,0.23
07:36:23,157.91,33.0,194.96,52.0,156.45,62.0,197.15,52.0,176.44,37.05000000000001,95.0,104.0,2.9252914384720157,199,-9.0,-90.0,-0.05
07:36:24,157.0,36.0,188.19,42.0,155.0,60.0,190.81,32.0,172.6,31.189999999999998,96.0,74.0,3.40488619486722,170,22.0,-29.0,0.13
07:36:25,158.33,33.0,180.9,58.0,157.42,71.0,182.75,56.0,169.61,22.569999999999993,104.0,114.0,3.9778298103359284,218,-10.0,48.0,-0.05
07:36:26,160.0,20.0,177.53,34.0,158.67,48.0,180.5,40.0,168.76,17.53,68.0,74.0,4.021353006140732,142,-6.0,-76.0,-0.04
07:36:27,160.0,60.0,171.81,32.0,157.0,40.0,174.6,30.0,165.91,11.810000000000002,100.0,62.0,4.013941952743846,162,38.0,20.0,0.23
07:36:28,161.0,13.0,168.54,52.0,160.0,78.0,170.11,38.0,164.77,7.539999999999992,91.0,90.0,3.105889566613236,181,1.0,19.0,0.01
07:36:29,161.36,14.0,166.23,62.0,160.0,84.0,167.39,61.0,163.79,4.869999999999976,98.0,123.0,2.521987311624887,221,-25.0,40.0,-0.11
07:36:30,158.41,46.0,161.14,58.0,157.03,38.0,162.44,57.0,159.78,2.7299999999999898,84.0,115.0,3.276395885725167,199,-31.0,-22.0,-0.16
07:36:31,156.89,19.0,158.38,32.0,155.38,16.0,161.25,32.0,157.63,1.490000000000009,35.0,64.0,3.5172261798179405,99,-29.0,-100.0,-0.29
07:36:32,156.0,8.0,158.0,32.0,155.0,40.0,162.0,32.0,157.0,2.0,48.0,64.0,3.536174486644662,112,-16.0,13.0,-0.14
07:36:33,156.0,10.0,157.91,22.0,155.0,50.0,161.79,38.0,156.95,1.9099999999999966,60.0,60.0,2.8994568456862013,120,0.0,8.0,0.0
07:36:34,143.47,60.0,151.11,36.0,122.15,68.0,155.47,30.0,147.29,7.640000000000015,128.0,66.0,4.856629489676609,194,62.0,74.0,0.32
07:36:37,120.48,54.0,150.59,39.0,99.25,32.0,152.03,29.0,135.54,30.11,86.0,68.0,10.097550693113433,154,18.0,-5.0,0.12
07:36:38,115.53,94.0,149.08,12.0,98.91,46.0,151.0,84.0,132.31,33.55000000000001,140.0,96.0,5.985546758650817,236,44.0,82.0,0.19
07:36:41,159.86,35.0,241.33,6.0,147.0,20.0,307.38,21.0,200.6,81.47,55.0,27.0,33.50976753127356,82,28.0,33.0,0.34
07:36:42,138.39,23.0,216.22,27.0,119.5,16.0,383.27,22.0,177.31,77.83000000000001,39.0,49.0,36.58181064408918,88,-10.0,6.0,-0.11
07:36:43,117.0,15.0,154.0,11.0,108.0,6.0,252.0,15.0,135.5,37.0,21.0,26.0,36.21578109056874,47,-5.0,-41.0,-0.11
07:36:48,128.95,19.0,151.0,16.0,45.65,23.0,154.0,14.0,139.97,22.05000000000001,42.0,30.0,8.113955262385693,72,12.0,-18.0,0.17
07:36:50,121.68,19.0,151.54,41.0,47.78,32.0,208.33,12.0,136.61,29.859999999999985,51.0,53.0,15.582431453402789,104,-2.0,34.0,-0.02
07:36:51,138.96,28.0,153.0,31.0,139.0,3.0,154.0,14.0,145.98,14.039999999999992,31.0,45.0,17.79878282355275,76,-14.0,-28.0,-0.18
07:36:52,141.36,66.0,152.2,30.0,141.0,24.0,153.1,40.0,146.78,10.839999999999975,90.0,70.0,19.180371998477927,160,20.0,84.0,0.12
07:36:53,145.67,12.0,151.2,15.0,142.09,33.0,153.0,30.0,148.43,5.530000000000001,45.0,45.0,20.18884469205695,90,0.0,-70.0,0.0
07:36:54,148.39,92.0,151.36,66.0,147.75,80.0,153.06,64.0,149.88,2.9700000000000273,172.0,130.0,5.212094588550305,302,42.0,168.0,0.14
07:36:55,151.2,40.0,153.0,29.0,149.8,40.0,154.0,10.0,152.1,1.8000000000000114,80.0,39.0,2.453992665024729,119,41.0,-168.0,0.34
07:36:56,151.0,36.0,153.43,14.0,150.0,24.0,154.75,16.0,152.21,2.430000000000007,60.0,30.0,2.34892528616706,90,30.0,-29.0,0.33
07:36:57,152.88,32.0,154.57,14.0,150.4,20.0,165.0,22.0,153.72,1.6899999999999977,52.0,36.0,2.0959890266875996,88,16.0,-2.0,0.18
07:36:58,154.0,80.0,183.53,36.0,33.93,107.0,266.5,20.0,168.76,29.53,187.0,56.0,7.629330245833782,243,131.0,155.0,0.54
07:36:59,154.0,56.0,314.0,7.0,81.6,57.0,335.97,31.0,234.0,160.0,113.0,38.0,35.27104081254183,151,75.0,-92.0,0.5
07:37:00,155.92,26.0,291.5,6.0,130.67,48.0,531.08,12.0,223.71,135.58,74.0,18.0,39.38867921116407,92,56.0,-59.0,0.61
07:37:01,165.0,38.0,281.15,13.0,162.83,48.0,503.07,27.0,223.08,116.14999999999998,86.0,40.0,36.628158293858924,126,46.0,34.0,0.37
07:37:02,165.0,19.0,355.1,10.0,164.0,40.0,522.0,50.0,260.05,190.10000000000002,59.0,60.0,33.28046949788993,119,-1.0,-7.0,-0.01
07:37:03,165.0,12.0,302.39,18.0,164.0,48.0,364.7,30.0,233.69,137.39,60.0,48.0,14.997707491479465,108,12.0,-11.0,0.11
07:37:04,164.0,27.0,172.89,27.0,161.11,9.0,323.08,25.0,168.44,8.889999999999986,36.0,52.0,33.38042285532017,88,-16.0,-20.0,-0.18
07:37:05,160.5,66.0,169.95,43.0,159.06,49.0,200.92,38.0,165.23,9.449999999999989,115.0,81.0,41.73979959223551,196,34.0,108.0,0.17
07:37:06,161.0,33.0,166.47,32.0,159.0,22.0,169.17,23.0,163.73,5.469999999999999,55.0,55.0,45.40324349647265,110,0.0,-86.0,0.0
07:37:07,160.88,32.0,164.69,39.0,157.46,52.0,166.0,26.0,162.78,3.8100000000000023,84.0,65.0,30.773887144785412,149,19.0,39.0,0.13
07:37:08,157.33,24.0,163.29,21.0,156.13,92.0,166.0,14.0,160.31,5.9599999999999795,116.0,35.0,3.014791866778179,151,81.0,2.0,0.54
07:37:09,157.67,66.0,160.94,36.0,156.04,184.0,164.68,34.0,159.31,3.2700000000000102,250.0,70.0,2.4370309805154733,320,180.0,168.0,0.56
07:37:10,157.0,12.0,158.0,15.0,156.0,80.0,163.67,6.0,157.5,1.0,92.0,21.0,2.5410686728210403,113,71.0,-168.0,0.63
07:37:11,156.11,36.0,172.75,8.0,155.57,56.0,395.75,4.0,164.43,16.639999999999986,92.0,12.0,2.7579757069257296,104,80.0,-9.0,0.77
07:37:12,156.0,160.0,209.3,10.0,155.0,120.0,216.6,10.0,182.65,53.30000000000001,280.0,20.0,10.27547565808959,300,260.0,168.0,0.87
07:37:13,156.18,98.0,205.91,11.0,155.62,156.0,249.18,11.0,181.05,49.72999999999999,254.0,22.0,12.02658804482763,276,232.0,-24.0,0.84
07:37:14,157.0,24.0,213.62,8.0,156.0,128.0,262.0,8.0,185.31,56.620000000000005,152.0,16.0,12.410673631998776,168,136.0,-108.0,0.81
07:37:15,157.0,15.0,192.6,5.0,156.0,80.0,232.6,5.0,174.8,35.599999999999994,95.0,10.0,8.338562226186765,105,85.0,-63.0,0.81
07:37:16,161.0,26.0,177.85,13.0,157.38,39.0,189.15,13.0,169.42,16.849999999999994,65.0,26.0,6.44458920335413,91,39.0,-14.0,0.43
07:37:17,161.0,20.0,174.88,34.0,158.0,30.0,175.23,26.0,167.94,13.879999999999995,50.0,60.0,7.440438831143585,110,-10.0,19.0,-0.09
07:37:18,156.56,90.0,168.38,26.0,155.6,75.0,173.88,34.0,162.47,11.819999999999993,165.0,60.0,8.645176111565926,225,105.0,115.0,0.47
07:37:19,163.36,88.0,169.4,25.0,155.98,191.0,173.94,53.0,166.38,6.039999999999992,279.0,78.0,4.507251934382076,357,201.0,132.0,0.56
07:37:20,165.0,102.0,171.09,43.0,159.0,51.0,173.37,63.0,168.05,6.090000000000003,153.0,106.0,2.675737281571417,259,47.0,-98.0,0.18
07:37:21,157.17,131.0,168.07,28.0,155.75,118.0,171.4,20.0,162.62,10.900000000000006,249.0,48.0,2.770626282989378,297,201.0,38.0,0.68
07:37:22,156.0,220.0,168.53,15.0,155.0,180.0,169.87,15.0,162.27,12.530000000000001,400.0,30.0,2.6769516245146905,430,370.0,133.0,0.86
07:37:23,155.97,143.0,165.0,14.0,154.51,221.0,167.57,14.0,160.49,9.030000000000001,364.0,28.0,3.133571444852017,392,336.0,-38.0,0.86
07:37:24,158.0,91.0,161.69,13.0,155.0,351.0,162.69,13.0,159.85,3.6899999999999977,442.0,26.0,3.2330604695848764,468,416.0,76.0,0.89
07:37:25,158.0,98.0,160.07,14.0,155.0,378.0,237.28,25.0,159.04,2.069999999999993,476.0,39.0,1.5455516814370502,515,437.0,47.0,0.85
07:37:26,158.0,91.0,190.71,14.0,155.0,343.0,342.79,53.0,174.36,32.71000000000001,434.0,67.0,6.349855903876258,501,367.0,-14.0,0.73
07:37:27,158.0,75.0,357.51,47.0,155.0,368.0,373.32,25.0,257.76,199.51,443.0,72.0,42.655484407048824,515,371.0,14.0,0.72
07:37:28,158.0,78.0,166.0,75.0,155.0,398.0,221.48,25.0,162.0,8.0,476.0,100.0,42.46739714180733,576,376.0,61.0,0.65
07:37:29,158.0,24.0,165.33,30.0,155.0,156.0,173.0,12.0,161.67,7.3300000000000125,180.0,42.0,42.230770535238705,222,138.0,-168.0,0.62
07:37:30,158.33,30.0,162.81,80.0,155.22,276.0,173.0,32.0,160.57,4.47999999999999,306.0,112.0,42.01907626304968,418,194.0,168.0,0.46
07:37:31,157.12,40.0,161.67,60.0,155.11,225.0,173.0,24.0,159.4,4.549999999999983,265.0,84.0,43.32464483408937,349,181.0,-69.0,0.52
07:37:32,155.0,312.0,160.33,60.0,134.0,12.0,240.09,23.0,157.67,5.3300000000000125,324.0,83.0,1.7719678326640051,407,241.0,58.0,0.59
07:37:33,155.0,390.0,158.2,75.0,128.08,25.0,331.43,23.0,156.6,3.1999999999999886,415.0,98.0,2.0686396496239823,513,317.0,106.0,0.62
07:37:34,155.52,128.0,291.0,16.0,154.64,108.0,586.9,20.0,223.26,135.48,236.0,36.0,28.97521095695407,272,200.0,-168.0,0.74
07:37:35,157.0,94.0,445.69,26.0,155.0,210.0,551.5,14.0,301.35,288.69,304.0,40.0,63.51379243912286,344,264.0,72.0,0.77
07:37:36,157.4,105.0,406.32,63.0,155.02,276.0,448.05,73.0,281.86,248.92,381.0,136.0,67.59006783544434,517,245.0,168.0,0.47
07:37:37,159.43,98.0,353.15,26.0,156.0,84.0,379.84,50.0,256.29,193.71999999999997,182.0,76.0,56.88205314508223,258,106.0,-168.0,0.41
07:37:38,160.0,98.0,332.14,14.0,156.0,84.0,334.0,14.0,246.07,172.14,182.0,28.0,30.53573693232163,210,154.0,-48.0,0.73
07:37:39,160.13,90.0,208.14,51.0,157.47,114.0,270.3,23.0,184.14,48.00999999999999,204.0,74.0,44.62828105585018,278,130.0,68.0,0.47
07:37:40,160.11,37.0,185.67,21.0,157.0,56.0,193.09,33.0,172.89,25.559999999999974,93.0,54.0,47.40318501957404,147,39.0,-131.0,0.27
07:37:41,160.0,49.0,183.32,22.0,156.0,60.0,185.84,38.0,171.66,23.319999999999993,109.0,60.0,41.49649322533146,169,49.0,22.0,0.29
07:37:42,160.0,37.0,181.15,54.0,156.14,56.0,180.69,36.0,170.57,21.150000000000006,93.0,90.0,32.328220334562,183,3.0,14.0,0.02
07:37:43,160.0,8.0,173.06,16.0,157.0,8.0,174.9,20.0,166.53,13.060000000000002,16.0,36.0,6.586886214289442,52,-20.0,-131.0,-0.38
07:37:44,160.0,9.0,171.53,43.0,157.0,9.0,172.85,13.0,165.77,11.530000000000001,18.0,56.0,3.16366559547598,74,-38.0,22.0,-0.51
07:37:45,160.0,9.0,166.52,33.0,157.0,9.0,168.44,45.0,163.26,6.52000000000001,18.0,78.0,3.4865842883830602,96,-60.0,22.0,-0.62
07:37:46,158.93,14.0,163.07,46.0,156.2,44.0,163.83,54.0,161.0,4.139999999999986,58.0,100.0,3.608286296845213,158,-42.0,62.0,-0.27
07:37:47,157.0,13.0,161.52,42.0,156.0,113.0,174.0,37.0,159.26,4.52000000000001,126.0,79.0,3.0844172869445443,205,47.0,47.0,0.23
07:37:48,158.04,49.0,161.54,52.0,156.43,70.0,229.86,28.0,159.79,3.5,119.0,80.0,2.6936462277001336,199,39.0,-6.0,0.2
07:37:49,159.0,16.0,161.0,32.0,158.0,55.0,188.57,23.0,160.0,2.0,71.0,55.0,1.5833571928038779,126,16.0,-73.0,0.13
07:37:50,158.03,29.0,169.27,45.0,156.96,50.0,211.04,46.0,163.65,11.240000000000009,79.0,91.0,1.7447206080068391,170,-12.0,44.0,-0.07
07:37:51,156.76,17.0,180.72,50.0,155.91,68.0,182.56,45.0,168.74,23.960000000000008,85.0,95.0,4.003969280601809,180,-10.0,10.0,-0.06
07:37:52,157.99,170.0,179.44,36.0,156.55,22.0,180.33,48.0,168.72,21.44999999999999,192.0,84.0,4.428052619380436,276,108.0,96.0,0.39
07:37:53,159.41,41.0,178.79,56.0,157.99,188.0,195.54,74.0,169.1,19.379999999999995,229.0,130.0,4.062932438522816,359,99.0,83.0,0.28
07:37:54,158.1,84.0,177.8,40.0,157.22,60.0,179.0,40.0,167.95,19.700000000000017,144.0,80.0,2.265164453191022,224,64.0,-135.0,0.29
07:37:55,158.0,120.0,176.43,42.0,157.0,72.0,177.75,48.0,167.21,18.430000000000007,192.0,90.0,0.7600855215039152,282,102.0,58.0,0.36
07:37:56,159.74,76.0,173.17,46.0,157.88,50.0,174.54,26.0,166.46,13.429999999999978,126.0,72.0,1.0798009075751318,198,54.0,-84.0,0.27
07:37:57,160.67,54.0,170.38,32.0,158.72,50.0,171.71,34.0,165.52,9.710000000000008,104.0,66.0,1.372140663343364,170,38.0,-28.0,0.22
07:37:58,160.03,67.0,167.95,40.0,158.24,50.0,168.64,44.0,163.99,7.9199999999999875,117.0,84.0,1.5405615859162745,201,33.0,31.0,0.16
07:37:59,159.5,80.0,163.08,52.0,158.06,97.0,164.86,58.0,161.29,3.5800000000000125,177.0,110.0,2.3459603577216632,287,67.0,86.0,0.23
07:38:00,159.0,36.0,161.0,26.0,158.0,81.0,162.38,32.0,160.0,2.0,117.0,58.0,2.747939227858264,175,59.0,-112.0,0.34
07:38:01,158.0,107.0,160.53,43.0,156.0,42.0,173.0,30.0,159.27,2.530000000000001,149.0,73.0,2.6601936019776753,222,76.0,47.0,0.34
07:38:02,158.0,30.0,275.82,17.0,156.0,40.0,395.25,12.0,216.91,117.82,70.0,29.0,25.00699342184096,99,41.0,-123.0,0.41
07:38:03,163.0,33.0,253.0,18.0,161.5,48.0,408.8,15.0,208.0,90.0,81.0,33.0,28.81041877515827,114,48.0,15.0,0.42
07:38:04,164.45,33.0,265.56,25.0,162.0,78.0,422.05,20.0,215.01,101.11000000000001,111.0,45.0,29.58500414061127,156,66.0,42.0,0.42
07:38:05,149.14,35.0,356.27,11.0,150.62,29.0,402.73,22.0,252.71,207.13,64.0,33.0,33.44324744997076,97,31.0,-59.0,0.32
07:38:06,121.17,36.0,220.67,12.0,64.86,42.0,367.25,16.0,170.92,99.49999999999999,78.0,28.0,29.118371348685958,106,50.0,9.0,0.47
07:38:07,118.61,56.0,154.0,9.0,78.1,94.0,316.71,14.0,136.3,35.39,150.0,23.0,44.4768812980405,173,127.0,67.0,0.73
07:38:08,128.0,54.0,152.21,39.0,43.22,99.0,247.56,18.0,140.1,24.210000000000008,153.0,57.0,50.12821131857782,210,96.0,37.0,0.46
07:38:09,136.8,90.0,154.09,43.0,53.33,99.0,201.19,27.0,145.45,17.289999999999992,189.0,70.0,48.657237180094825,259,119.0,49.0,0.46
07:38:10,138.29,21.0,150.0,10.0,128.89,27.0,156.0,5.0,144.14,11.710000000000008,48.0,15.0,13.639271241529507,63,33.0,-168.0,0.52
07:38:11,127.91,56.0,154.07,14.0,104.94,77.0,349.71,21.0,140.99,26.159999999999997,133.0,35.0,3.597850747323666,168,98.0,105.0,0.58
07:38:12,128.65,138.0,191.97,37.0,110.71,133.0,256.44,27.0,160.31,63.31999999999999,271.0,64.0,8.189204479069664,335,207.0,167.0,0.62
07:38:13,129.64,198.0,154.0,44.0,117.73,121.0,203.0,11.0,141.82,24.360000000000014,319.0,55.0,7.900029746780354,374,264.0,39.0,0.71
07:38:14,131.65,77.0,154.0,34.0,127.72,134.0,293.0,14.0,142.82,22.349999999999994,211.0,48.0,8.076498622547696,259,163.0,-115.0,0.63
07:38:15,132.38,16.0,152.57,28.0,131.0,144.0,241.5,16.0,142.47,20.189999999999998,160.0,44.0,8.206952540377888,204,116.0,-55.0,0.57
07:38:16,135.63,126.0,152.0,75.0,134.97,174.0,154.0,30.0,143.82,16.370000000000005,300.0,105.0,7.894090827955726,405,195.0,168.0,0.48
07:38:17,139.74,100.0,152.0,53.0,139.06,72.0,154.0,24.0,145.87,12.259999999999991,172.0,77.0,1.5785277951359316,249,95.0,-156.0,0.38
07:38:18,145.05,84.0,152.77,26.0,143.55,102.0,238.25,16.0,148.91,7.719999999999999,186.0,42.0,2.6619673176084686,228,144.0,-21.0,0.63
07:38:19,148.74,46.0,154.0,7.0,146.96,46.0,270.55,11.0,151.37,5.259999999999991,92.0,18.0,3.6518652768159883,110,74.0,-118.0,0.67
07:38:20,154.82,56.0,228.1,20.0,149.28,142.0,406.64,22.0,191.46,73.28,198.0,42.0,19.872574820591485,240,156.0,130.0,0.65
07:38:21,161.27,44.0,211.0,16.0,156.97,130.0,372.0,8.0,186.14,49.72999999999999,174.0,24.0,22.120921092938236,198,150.0,-42.0,0.76
07:38:22,166.0,25.0,270.0,9.0,160.29,42.0,406.25,8.0,218.0,104.0,67.0,17.0,29.137181229487318,84,50.0,-114.0,0.6
07:38:23,164.07,29.0,171.68,37.0,157.3,47.0,186.19,31.0,167.87,7.610000000000014,76.0,68.0,25.178363131863538,144,8.0,60.0,0.06
07:38:24,164.22,9.0,170.65,23.0,158.73,22.0,171.23,26.0,167.44,6.430000000000007,31.0,49.0,20.777608620820214,80,-18.0,-64.0,-0.23
07:38:25,161.5,16.0,169.6,20.0,157.09,44.0,171.0,50.0,165.55,8.099999999999994,60.0,70.0,22.306908122821206,130,-10.0,50.0,-0.08
07:38:26,160.0,19.0,168.06,48.0,157.28,71.0,170.11,36.0,164.03,8.060000000000002,90.0,84.0,23.206591089601904,174,6.0,44.0,0.03
07:38:27,160.0,5.0,165.4,10.0,159.0,15.0,167.0,25.0,162.7,5.400000000000006,20.0,35.0,2.201265545089906,55,-15.0,-119.0,-0.27
07:38:28,160.0,4.0,164.55,11.0,159.0,12.0,166.76,17.0,162.27,4.550000000000011,16.0,28.0,2.128842408446643,44,-12.0,-11.0,-0.27
07:38:29,159.6,15.0,163.5,60.0,158.39,69.0,165.0,24.0,161.55,3.9000000000000057,84.0,84.0,1.58483437620525,168,0.0,124.0,0.0
07:38:30,158.59,34.0,160.48,52.0,157.92,146.0,184.83,23.0,159.53,1.8899999999999864,180.0,75.0,1.657250735405742,255,105.0,87.0,0.41
07:38:31,158.0,140.0,162.44,25.0,156.0,60.0,218.28,25.0,160.22,4.439999999999998,200.0,50.0,1.3464880244560307,250,150.0,-5.0,0.6
07:38:32,158.86,99.0,160.0,24.0,157.93,160.0,161.0,36.0,159.43,1.1399999999999864,259.0,60.0,1.2599206324225547,319,199.0,69.0,0.62
07:38:33,158.39,46.0,160.5,30.0,157.83,92.0,271.0,25.0,159.45,2.1100000000000136,138.0,55.0,0.907292676044783,193,83.0,-126.0,0.43
07:38:34,158.0,53.0,161.0,12.0,156.0,16.0,238.5,16.0,159.5,3.0,69.0,28.0,0.3344099280894897,97,41.0,-96.0,0.42
07:38:35,158.8,90.0,302.14,44.0,157.47,90.0,391.14,42.0,230.47,143.33999999999997,180.0,86.0,31.67338677817693,266,94.0,168.0,0.35
07:38:36,159.48,65.0,327.31,26.0,157.39,127.0,516.21,39.0,243.39,167.83,192.0,65.0,42.677238898503944,257,127.0,-9.0,0.49
07:38:37,158.0,51.0,246.0,10.0,156.0,85.0,247.0,20.0,202.0,88.0,136.0,30.0,39.03292930334554,166,106.0,-91.0,0.64
07:38:38,158.0,37.0,245.17,12.0,156.0,108.0,247.0,24.0,201.58,87.16999999999999,145.0,36.0,32.34558192396549,181,109.0,15.0,0.6
07:38:39,159.84,93.0,243.42,24.0,156.45,66.0,376.92,48.0,201.63,83.57999999999998,159.0,72.0,19.810687267229152,231,87.0,50.0,0.38
07:38:40,161.08,102.0,242.67,18.0,160.6,35.0,330.78,36.0,201.87,81.58999999999997,137.0,54.0,18.613826312716053,191,83.0,-40.0,0.43
07:38:41,163.79,106.0,241.41,34.0,161.11,175.0,400.06,68.0,202.6,77.62,281.0,102.0,0.40918211100704843,383,179.0,168.0,0.47
07:38:42,164.56,90.0,232.92,26.0,161.78,9.0,255.9,21.0,198.74,68.35999999999999,99.0,47.0,1.479401906166406,146,52.0,-168.0,0.36
07:38:43,165.0,70.0,192.53,17.0,162.0,7.0,210.45,22.0,178.76,27.53,77.0,39.0,10.147006947862675,116,38.0,-30.0,0.33
07:38:44,165.0,80.0,191.0,24.0,162.0,8.0,192.0,16.0,178.0,26.0,88.0,40.0,12.515010187769647,128,48.0,12.0,0.38
07:38:45,165.0,150.0,190.63,43.0,162.0,17.0,191.43,42.0,177.81,25.629999999999995,167.0,85.0,12.39330141649039,252,82.0,124.0,0.33
07:38:46,165.0,84.0,187.81,37.0,162.0,16.0,188.95,43.0,176.41,22.810000000000002,100.0,80.0,9.4275357331589,180,20.0,-72.0,0.11
07:38:47,165.0,36.0,184.69,26.0,162.0,9.0,185.57,23.0,174.85,19.689999999999998,45.0,49.0,1.5481052935742068,94,-4.0,-86.0,-0.04
07:38:48,164.79,38.0,180.64,33.0,157.64,33.0,182.0,33.0,172.71,15.849999999999994,71.0,66.0,2.2125279659235186,137,5.0,43.0,0.04
07:38:49,161.0,12.0,178.83,36.0,156.0,144.0,181.34,35.0,169.92,17.830000000000013,156.0,71.0,3.1136473788782224,227,85.0,90.0,0.37
07:38:50,161.0,14.0,175.25,32.0,156.62,87.0,176.25,32.0,168.12,14.25,101.0,64.0,3.414948023030081,165,37.0,-62.0,0.22
07:38:51,156.0,132.0,171.15,26.0,62.0,63.0,172.54,24.0,163.58,15.150000000000006,195.0,50.0,4.344229505907752,245,145.0,80.0,0.59
07:38:52,156.0,144.0,163.24,34.0,67.36,84.0,164.68,40.0,159.62,7.240000000000009,228.0,74.0,5.203969638651102,302,154.0,57.0,0.51
07:38:53,156.0,180.0,159.29,35.0,108.88,51.0,160.77,31.0,157.64,3.289999999999992,231.0,66.0,5.281579309260197,297,165.0,-5.0,0.56
07:38:54,156.63,134.0,159.27,26.0,147.06,97.0,161.53,43.0,157.95,2.640000000000015,231.0,69.0,4.447405985516469,300,162.0,3.0,0.54
07:38:55,159.84,73.0,161.77,31.0,158.84,99.0,219.63,57.0,160.8,1.9300000000000068,172.0,88.0,2.4155372073327883,260,84.0,-40.0,0.32
07:38:56,160.77,105.0,162.0,33.0,159.27,33.0,243.73,55.0,161.39,1.2299999999999898,138.0,88.0,1.6685772382510375,226,50.0,-34.0,0.22
07:38:57,161.0,90.0,318.4,50.0,160.0,30.0,444.78,32.0,239.7,157.39999999999998,120.0,82.0,35.92980698528723,202,38.0,-24.0,0.19
07:38:58,161.61,96.0,320.0,70.0,160.43,46.0,474.55,62.0,240.81,158.39,142.0,132.0,43.95291856065966,274,10.0,72.0,0.04
07:38:59,162.1,41.0,321.56,45.0,160.34,29.0,388.22,27.0,241.83,159.46,70.0,72.0,43.65227061677281,142,-2.0,-132.0,-0.01
07:39:00,161.0,30.0,322.0,40.0,159.29,14.0,511.11,28.0,241.5,161.0,44.0,68.0,35.59412353184096,112,-24.0,-30.0,-0.21
07:39:01,160.0,21.0,329.71,35.0,158.0,7.0,559.43,21.0,244.86,169.70999999999998,28.0,56.0,1.9252662153425646,84,-28.0,-28.0,-0.33
07:39:03,160.0,27.0,428.75,51.0,158.0,36.0,531.89,27.0,294.37,268.75,63.0,78.0,42.157361990522034,141,-15.0,78.0,-0.11
07:39:04,160.0,27.0,459.94,31.0,158.0,36.0,506.73,41.0,309.97,299.94,63.0,72.0,41.12398752552943,135,-9.0,-6.0,-0.07
07:39:05,160.0,24.0,180.0,24.0,158.0,32.0,353.71,28.0,170.0,20.0,56.0,52.0,65.40135587279451,108,4.0,-27.0,0.04
07:39:06,160.0,18.0,438.0,18.0,158.0,24.0,629.5,30.0,299.0,278.0,42.0,48.0,64.47929644467209,90,-6.0,-18.0,-0.07
07:39:08,160.82,17.0,354.54,41.0,159.8,40.0,467.0,36.0,257.68,193.72000000000003,57.0,77.0,72.53964915823555,134,-20.0,53.0,-0.15
07:39:09,161.0,6.0,348.8,15.0,160.0,18.0,376.29,17.0,254.9,187.8,24.0,32.0,71.07251845826144,56,-8.0,-78.0,-0.14
07:39:10,160.0,7.0,246.0,21.0,158.0,28.0,374.0,14.0,203.0,86.0,35.0,35.0,60.25818517014852,70,0.0,14.0,0.0
07:39:11,162.18,22.0,244.0,20.0,156.91,22.0,245.17,18.0,203.09,81.82,44.0,38.0,66.04455374972203,82,6.0,12.0,0.07
07:39:12,159.85,54.0,242.12,32.0,156.4,40.0,243.54,26.0,200.99,82.27000000000001,94.0,58.0,29.566947255338096,152,36.0,70.0,0.24
07:39:13,158.0,60.0,239.36,22.0,156.0,32.0,241.3,10.0,198.68,81.36000000000001,92.0,32.0,23.975787161216488,124,60.0,-28.0,0.48
07:39:14,159.17,69.0,209.21,28.0,157.74,77.0,225.68,28.0,184.19,50.04000000000002,146.0,56.0,7.921903180420958,202,90.0,78.0,0.45
07:39:15,160.96,28.0,198.8,10.0,159.11,28.0,223.95,19.0,179.88,37.84,56.0,29.0,10.571084617955101,85,27.0,-117.0,0.32
07:39:16,162.95,42.0,196.35,20.0,162.29,28.0,197.15,34.0,179.65,33.400000000000006,70.0,54.0,10.376380390096063,124,16.0,39.0,0.13
07:39:17,161.46,13.0,192.95,19.0,160.16,25.0,193.75,16.0,177.2,31.48999999999998,38.0,35.0,8.626172384086324,73,3.0,-51.0,0.04
07:39:18,162.28,46.0,187.18,28.0,158.97,36.0,188.67,33.0,174.73,24.900000000000006,82.0,61.0,3.5185721535840355,143,21.0,70.0,0.15
07:39:19,163.0,65.0,185.32,19.0,160.0,26.0,186.17,36.0,174.16,22.319999999999993,91.0,55.0,2.669200254753924,146,36.0,3.0,0.25
07:39:20,163.0,70.0,179.39,28.0,160.0,28.0,181.19,31.0,171.2,16.389999999999986,98.0,59.0,3.198760697517028,157,39.0,11.0,0.25
07:39:21,158.65,62.0,171.22,32.0,157.42,97.0,173.12,33.0,164.93,12.569999999999993,159.0,65.0,4.711627107484372,224,94.0,67.0,0.42
07:39:22,158.55,66.0,167.39,23.0,157.05,76.0,169.62,26.0,162.97,8.839999999999975,142.0,49.0,5.372063849209492,191,93.0,-33.0,0.49
07:39:23,158.57,42.0,162.5,46.0,157.14,84.0,162.61,46.0,160.54,3.930000000000007,126.0,92.0,5.720030594322507,218,34.0,27.0,0.16
07:39:24,156.04,49.0,159.79,48.0,153.3,40.0,160.2,40.0,157.92,3.75,89.0,88.0,5.0376849841953915,177,1.0,-41.0,0.01
07:39:25,153.0,24.0,155.53,17.0,151.0,24.0,156.74,19.0,154.26,2.530000000000001,48.0,36.0,4.201622305727866,84,12.0,-93.0,0.14
07:39:26,153.0,17.0,177.5,16.0,142.86,28.0,191.0,20.0,165.25,24.5,45.0,36.0,4.2945395562260105,81,9.0,-3.0,0.11
07:39:27,156.72,61.0,247.65,43.0,152.1,59.0,391.77,26.0,202.19,90.93,120.0,69.0,19.509991542796353,189,51.0,108.0,0.27
07:39:28,160.21,71.0,247.0,55.0,158.6,53.0,248.0,44.0,203.61,86.78999999999999,124.0,99.0,24.29618344514175,223,25.0,34.0,0.11
07:39:29,161.5,80.0,247.0,65.0,159.85,52.0,268.95,42.0,204.25,85.5,132.0,107.0,24.203522884075664,239,25.0,16.0,0.1
07:39:30,162.0,40.0,247.0,20.0,161.0,16.0,336.0,8.0,204.5,85.0,56.0,28.0,17.19080568210717,84,28.0,-155.0,0.33
07:39:31,162.0,150.0,245.0,75.0,161.0,60.0,300.46,52.0,203.5,83.0,210.0,127.0,0.8986378580739358,337,83.0,168.0,0.25
07:39:32,162.36,77.0,183.58,67.0,161.71,98.0,256.83,35.0,172.97,21.22,175.0,102.0,13.867783889286974,277,73.0,-60.0,0.26
07:39:33,162.0,80.0,173.0,40.0,161.0,32.0,345.88,17.0,167.5,11.0,112.0,57.0,18.643723608763665,169,55.0,-108.0,0.33
07:39:34,162.09,33.0,173.0,30.0,161.73,44.0,192.0,6.0,167.55,10.909999999999997,77.0,36.0,19.1170429198654,113,41.0,-56.0,0.36
07:39:35,162.86,14.0,173.0,40.0,161.95,81.0,600.75,8.0,167.93,10.139999999999986,95.0,48.0,15.605670443783564,143,47.0,30.0,0.33
07:39:36,162.0,70.0,171.05,42.0,161.0,40.0,172.56,18.0,166.52,9.050000000000011,110.0,60.0,2.555803200558266,170,50.0,27.0,0.29
07:39:37,162.0,42.0,169.89,45.0,161.0,36.0,172.0,9.0,165.94,7.889999999999986,78.0,54.0,0.8265409850604372,132,24.0,-38.0,0.18
07:39:38,162.0,52.0,167.92,65.0,161.0,52.0,172.0,13.0,164.96,5.9199999999999875,104.0,78.0,1.2042632602487477,182,26.0,50.0,0.14
07:39:39,162.0,52.0,166.72,61.0,161.0,52.0,170.24,17.0,164.36,4.719999999999999,104.0,78.0,1.3922356122385526,182,26.0,0.0,0.14
07:39:40,161.5,56.0,163.36,22.0,160.5,56.0,344.76,55.0,162.43,1.8600000000000136,112.0,77.0,1.5878664931239663,189,35.0,7.0,0.19
07:39:42,160.93,45.0,359.51,47.0,159.89,63.0,435.97,39.0,260.22,198.57999999999998,108.0,86.0,83.08974425282554,194,22.0,32.0,0.11
07:39:43,161.84,111.0,222.0,36.0,159.46,39.0,223.0,9.0,191.92,60.16,150.0,45.0,79.40769685616095,195,105.0,1.0,0.54
07:39:44,162.0,153.0,221.67,18.0,160.0,27.0,222.1,29.0,191.83,59.66999999999999,180.0,47.0,74.94292781844028,227,133.0,32.0,0.59
07:39:45,162.0,136.0,219.35,20.0,160.0,24.0,221.64,22.0,190.68,57.349999999999994,160.0,42.0,69.33453454087613,202,118.0,-25.0,0.58
07:39:46,162.0,254.0,192.38,52.0,160.09,46.0,218.11,28.0,177.19,30.379999999999995,300.0,80.0,32.93024855660776,380,220.0,168.0,0.58
07:39:47,162.0,165.0,184.72,29.0,160.75,24.0,227.37,27.0,173.36,22.72,189.0,56.0,8.99004060057446,245,133.0,-135.0,0.54
07:39:48,162.0,135.0,216.83,24.0,160.0,27.0,243.0,30.0,189.42,54.83000000000001,162.0,54.0,8.568303799467987,216,108.0,-29.0,0.5
07:39:49,162.0,173.0,214.47,38.0,160.0,36.0,215.88,32.0,188.24,52.47,209.0,70.0,7.926469579830479,279,139.0,63.0,0.5
07:39:50,162.05,105.0,210.16,38.0,161.2,60.0,211.57,42.0,186.1,48.109999999999985,165.0,80.0,7.156718521779277,245,85.0,-34.0,0.35
07:39:51,164.8,10.0,188.71,28.0,162.0,120.0,205.27,30.0,176.76,23.909999999999997,130.0,58.0,7.24396852560657,188,72.0,-57.0,0.38
07:39:52,165.0,13.0,182.54,41.0,162.0,170.0,185.25,48.0,173.77,17.539999999999992,183.0,89.0,7.111850673346464,272,94.0,84.0,0.35
07:39:53,162.67,36.0,181.0,30.0,161.81,120.0,186.0,40.0,171.83,18.330000000000013,156.0,70.0,7.399138463360502,226,86.0,-46.0,0.38
07:39:54,162.0,206.0,172.62,52.0,160.0,17.0,190.65,63.0,167.31,10.620000000000005,223.0,115.0,7.015819980585551,338,108.0,112.0,0.32
07:39:55,162.0,92.0,164.11,27.0,160.0,10.0,170.17,29.0,163.06,2.1100000000000136,102.0,56.0,5.412220431577626,158,46.0,-168.0,0.29
07:39:56,162.0,52.0,164.0,26.0,160.81,43.0,185.46,26.0,163.0,2.0,95.0,52.0,4.94037751593824,147,43.0,-11.0,0.29
07:39:57,161.57,42.0,164.0,18.0,160.93,45.0,190.71,28.0,162.79,2.430000000000007,87.0,46.0,3.9637318274562325,133,41.0,-14.0,0.31
07:39:58,161.23,39.0,183.71,28.0,160.78,23.0,209.82,22.0,172.47,22.480000000000018,62.0,50.0,4.217502815646887,112,12.0,-21.0,0.11
07:39:59,162.0,30.0,337.95,38.0,161.0,60.0,534.0,28.0,249.97,175.95,90.0,66.0,38.07609709515904,156,24.0,44.0,0.15
07:40:00,164.0,18.0,167.0,24.0,161.6,45.0,526.58,48.0,165.5,3.0,63.0,72.0,37.78304288963474,135,-9.0,-21.0,-0.07
07:40:01,162.3,20.0,167.0,16.0,161.38,26.0,466.62,26.0,164.65,4.699999999999989,46.0,42.0,37.57409187192657,88,4.0,-47.0,0.05
07:40:02,161.46,59.0,289.9,20.0,160.6,25.0,430.62,21.0,225.68,128.43999999999997,84.0,41.0,39.55944299405604,125,43.0,37.0,0.34
07:40:03,161.0,55.0,194.82,11.0,159.09,11.0,317.8,20.0,177.91,33.81999999999999,66.0,31.0,38.83050051183951,97,35.0,-28.0,0.36
07:40:04,161.0,45.0,192.11,9.0,159.83,29.0,337.0,18.0,176.56,31.110000000000014,74.0,27.0,25.13721643300981,101,47.0,4.0,0.47
07:40:05,161.0,33.0,191.0,7.0,160.0,42.0,270.0,14.0,176.0,30.0,75.0,21.0,23.811544469017065,96,54.0,-5.0,0.56
07:40:06,160.71,34.0,185.14,22.0,159.8,40.0,222.29,14.0,172.92,24.42999999999998,74.0,36.0,22.3605541076239,110,38.0,14.0,0.35
07:40:07,160.0,28.0,182.71,17.0,158.0,14.0,184.06,32.0,171.35,22.710000000000008,42.0,49.0,2.717401332152351,91,-7.0,-19.0,-0.08
07:40:08,162.31,65.0,178.21,39.0,159.11,55.0,180.15,39.0,170.26,15.900000000000006,120.0,78.0,2.785519700160886,198,42.0,107.0,0.21
07:40:09,164.29,56.0,174.28,39.0,159.53,60.0,175.98,45.0,169.28,9.990000000000009,116.0,84.0,2.630954199522553,200,32.0,2.0,0.16
07:40:10,161.58,57.0,170.57,51.0,159.63,57.0,171.64,33.0,166.07,8.98999999999998,114.0,84.0,2.567923285455911,198,30.0,-2.0,0.15
07:40:11,162.0,117.0,167.35,31.0,160.77,70.0,168.23,44.0,164.68,5.349999999999994,187.0,75.0,2.8362774899483556,262,112.0,64.0,0.43
07:40:12,162.0,108.0,163.75,32.0,161.0,72.0,165.74,19.0,162.88,1.75,180.0,51.0,3.0974957627071724,231,129.0,-31.0,0.56
07:40:13,162.0,42.0,163.44,16.0,161.0,48.0,165.86,14.0,162.72,1.4399999999999977,90.0,30.0,2.700885040128497,120,60.0,-111.0,0.5
07:40:14,161.58,43.0,163.0,18.0,160.78,54.0,171.56,36.0,162.29,1.4199999999999875,97.0,54.0,1.5964241291056769,151,43.0,31.0,0.28
07:40:15,159.67,30.0,161.57,7.0,159.0,36.0,201.0,26.0,160.62,1.9000000000000057,66.0,33.0,1.451592229240545,99,33.0,-52.0,0.33
07:40:16,159.0,18.0,161.0,3.0,158.0,6.0,360.0,6.0,160.0,2.0,24.0,9.0,1.3074096527072763,33,15.0,-66.0,0.45
07:40:17,159.0,11.0,301.47,17.0,158.0,22.0,360.0,10.0,230.24,142.47000000000003,33.0,27.0,30.80354330267839,60,6.0,27.0,0.1
07:40:18,159.0,9.0,359.44,18.0,158.0,18.0,474.0,6.0,259.22,200.44,27.0,24.0,47.014920823074554,51,3.0,-9.0,0.06
07:40:19,158.9,20.0,358.0,16.0,156.39,41.0,591.0,16.0,258.45,199.1,61.0,32.0,50.12329977166262,93,29.0,42.0,0.31
07:40:20,159.31,51.0,290.08,24.0,156.43,84.0,364.17,24.0,224.7,130.76999999999998,135.0,48.0,40.4069179720496,183,87.0,90.0,0.48
07:40:21,161.43,14.0,276.0,12.0,159.74,23.0,579.4,10.0,218.71,114.57,37.0,22.0,19.21818227616589,59,15.0,-124.0,0.25
07:40:22,162.4,20.0,275.88,16.0,159.04,23.0,562.85,13.0,219.14,113.47999999999999,43.0,29.0,20.940719424125295,72,14.0,13.0,0.19
07:40:23,161.27,11.0,275.0,18.0,157.0,48.0,545.0,12.0,218.14,113.72999999999999,59.0,30.0,17.320276268002875,89,29.0,17.0,0.33
07:40:24,158.0,12.0,273.29,14.0,156.0,144.0,285.53,19.0,215.64,115.29000000000002,156.0,33.0,3.3267521699022646,189,123.0,100.0,0.65
07:40:25,158.0,16.0,270.08,24.0,156.0,114.0,273.0,24.0,214.04,112.07999999999998,130.0,48.0,2.1979945404733816,178,82.0,-11.0,0.46
07:40:26,158.0,14.0,267.43,28.0,156.0,77.0,271.0,14.0,212.71,109.43,91.0,42.0,2.7024396385398637,133,49.0,-45.0,0.37
07:40:27,156.36,78.0,260.69,51.0,148.24,191.0,263.02,42.0,208.52,104.32999999999998,269.0,93.0,3.582764295896767,362,176.0,168.0,0.49
07:40:28,162.0,80.0,247.74,19.0,159.8,10.0,248.19,31.0,204.87,85.74000000000001,90.0,50.0,4.39604708800466,140,40.0,-168.0,0.29
07:40:29,162.0,91.0,243.42,19.0,161.0,14.0,246.92,37.0,202.71,81.41999999999999,105.0,56.0,4.875771733782853,161,49.0,21.0,0.3
07:40:30,162.0,88.0,239.8,15.0,161.0,8.0,241.44,9.0,200.9,77.80000000000001,96.0,24.0,4.729394252962799,120,72.0,-41.0,0.6
07:40:31,165.62,116.0,235.17,30.0,161.99,166.0,236.66,29.0,200.39,69.54999999999998,282.0,59.0,3.3215613798271435,341,223.0,168.0,0.65
07:40:32,166.0,77.0,230.0,24.0,162.0,121.0,231.2,15.0,198.0,64.0,198.0,39.0,2.5779701317044985,237,159.0,-104.0,0.67
07:40:33,166.0,47.0,184.22,23.0,162.0,77.0,214.55,20.0,175.11,18.22,124.0,43.0,11.478543897200728,167,81.0,-70.0,0.49
07:40:34,164.57,84.0,194.98,48.0,161.98,135.0,198.28,18.0,179.78,30.409999999999997,219.0,66.0,12.383740549606442,285,153.0,118.0,0.54
07:40:35,162.0,88.0,182.0,27.0,161.0,9.0,210.13,30.0,172.0,20.0,97.0,57.0,13.2277825050146,154,40.0,-131.0,0.26
07:40:36,162.0,63.0,179.59,17.0,161.0,7.0,186.1,21.0,170.79,17.590000000000003,70.0,38.0,11.102388481762567,108,32.0,-46.0,0.3
07:40:37,162.0,20.0,175.95,19.0,161.0,5.0,177.08,13.0,168.97,13.949999999999989,25.0,32.0,4.242670149796902,57,-7.0,-51.0,-0.12
07:40:38,162.43,21.0,172.47,36.0,161.92,39.0,174.0,32.0,167.45,10.039999999999992,60.0,68.0,4.787271665570964,128,-8.0,71.0,-0.06
07:40:39,162.43,49.0,166.76,25.0,161.98,124.0,167.89,35.0,164.59,4.329999999999984,173.0,60.0,2.90549479434749,233,113.0,105.0,0.48
07:40:40,162.0,118.0,163.05,38.0,161.0,11.0,164.94,17.0,162.53,1.0500000000000114,129.0,55.0,3.322149906307888,184,74.0,-49.0,0.4
07:40:41,162.0,36.0,163.0,16.0,161.0,4.0,164.0,4.0,162.5,1.0,40.0,20.0,2.918307728801495,60,20.0,-124.0,0.33
07:40:42,162.0,84.0,163.0,40.0,161.0,10.0,425.75,16.0,162.5,1.0,94.0,56.0,2.1722407785472084,150,38.0,90.0,0.25
07:40:43,162.0,36.0,357.44,18.0,161.0,7.0,593.67,24.0,259.72,195.44,43.0,42.0,43.25046323451313,85,1.0,-65.0,0.01
07:40:47,166.0,24.0,387.8,40.0,162.0,48.0,487.6,40.0,276.9,221.8,72.0,80.0,48.13677679280033,152,-8.0,-21.0,-0.05
07:40:48,166.0,13.0,371.14,28.0,164.65,34.0,429.0,21.0,268.57,205.14,47.0,49.0,45.453316490657535,96,-2.0,-56.0,-0.02
07:40:49,165.67,15.0,326.18,39.0,164.78,54.0,338.91,46.0,245.92,160.51000000000002,69.0,85.0,53.55855860644396,154,-16.0,58.0,-0.1
07:40:50,165.0,40.0,244.86,42.0,162.0,56.0,290.71,38.0,204.93,79.86000000000001,96.0,80.0,59.11488365885456,176,16.0,22.0,0.09
07:40:51,162.0,40.0,198.93,30.0,161.0,8.0,234.94,36.0,180.47,36.93000000000001,48.0,66.0,41.469525799072365,114,-18.0,-62.0,-0.16
07:40:52,162.0,45.0,178.9,29.0,161.0,9.0,180.12,43.0,170.45,16.900000000000006,54.0,72.0,42.1303823861111,126,-18.0,12.0,-0.14
07:40:53,162.0,36.0,167.38,40.0,160.04,23.0,178.76,46.0,164.69,5.3799999999999955,59.0,86.0,33.201598154305046,145,-27.0,19.0,-0.19
07:40:54,162.2,10.0,179.0,50.0,160.22,18.0,201.0,50.0,170.6,16.80000000000001,28.0,100.0,15.968597934695488,128,-72.0,-17.0,-0.56
07:40:55,157.78,27.0,178.56,45.0,152.29,55.0,353.25,40.0,168.17,20.78,82.0,85.0,5.871361000650936,167,-3.0,39.0,-0.02
07:40:56,156.0,103.0,178.0,55.0,135.69,26.0,410.0,55.0,167.0,22.0,129.0,110.0,2.4790058491189786,239,19.0,72.0,0.08
07:40:57,156.0,80.0,177.5,40.0,139.54,26.0,221.64,33.0,166.75,21.5,106.0,73.0,2.1651027689157085,179,33.0,-60.0,0.18
07:40:58,156.47,75.0,176.55,55.0,145.76,68.0,192.0,44.0,166.51,20.080000000000013,143.0,99.0,1.6869588020951523,242,44.0,63.0,0.18
07:40:59,160.65,74.0,175.38,65.0,156.51,88.0,196.64,56.0,168.02,14.72999999999999,162.0,121.0,0.7568685486704839,283,41.0,41.0,0.14
07:41:00,162.0,90.0,172.67,75.0,160.2,75.0,175.67,75.0,167.33,10.669999999999987,165.0,150.0,0.5868304695281703,315,15.0,32.0,0.05
07:41:01,162.0,53.0,170.33,60.0,161.0,60.0,171.67,60.0,166.17,8.330000000000013,113.0,120.0,0.7299178035688308,233,-7.0,-82.0,-0.03
07:41:02,162.0,33.0,167.18,55.0,160.92,49.0,169.18,55.0,164.59,5.180000000000007,82.0,110.0,1.2993767736753596,192,-28.0,-41.0,-0.15
07:41:03,160.18,55.0,165.0,52.0,158.18,44.0,166.0,65.0,162.59,4.819999999999993,99.0,117.0,2.188401242909407,216,-18.0,24.0,-0.08
07:41:04,160.66,136.0,163.34,95.0,159.81,167.0,164.64,94.0,162.0,2.680000000000007,303.0,189.0,2.2747263571621392,492,114.0,168.0,0.23
07:41:05,160.81,63.0,162.33,18.0,157.87,30.0,184.26,39.0,161.57,1.5200000000000102,93.0,57.0,1.9398917495491323,150,36.0,-168.0,0.24
07:41:06,158.0,13.0,161.38,26.0,157.0,52.0,399.85,26.0,159.69,3.3799999999999955,65.0,52.0,1.7704858090280249,117,13.0,-33.0,0.11
07:41:07,159.35,95.0,275.52,31.0,157.71,14.0,420.0,31.0,217.43,116.16999999999999,109.0,62.0,25.052955514269428,171,47.0,54.0,0.27
07:41:08,160.0,72.0,306.33,27.0,158.0,9.0,415.43,35.0,233.17,146.32999999999998,81.0,62.0,35.61921840804418,143,19.0,-28.0,0.13
07:41:09,160.0,72.0,246.0,18.0,158.0,9.0,311.67,18.0,203.0,86.0,81.0,36.0,33.12254096532977,117,45.0,-26.0,0.38
07:41:10,160.0,66.0,209.42,24.0,158.0,9.0,335.45,29.0,184.71,49.41999999999999,75.0,53.0,28.596039935626493,128,22.0,11.0,0.17
07:41:11,160.0,31.0,244.0,18.0,158.0,9.0,366.0,42.0,202.0,84.0,40.0,60.0,18.20617120648763,100,-20.0,-28.0,-0.2
07:41:12,160.9,10.0,241.68,31.0,159.22,23.0,326.45,22.0,201.29,80.78,33.0,53.0,17.548926747808302,86,-20.0,-14.0,-0.23
07:41:13,157.0,7.0,240.0,35.0,156.0,30.0,243.0,14.0,198.5,83.0,37.0,49.0,7.560558841775317,86,-12.0,0.0,-0.14
07:41:14,157.0,11.0,238.12,34.0,156.0,64.0,239.81,43.0,197.56,81.12,75.0,77.0,7.0148962928861405,152,-2.0,66.0,-0.01
07:41:15,157.0,11.0,235.64,55.0,156.0,60.0,239.0,22.0,196.32,78.63999999999999,71.0,77.0,2.4320937481820177,148,-6.0,-4.0,-0.04
07:41:16,156.23,26.0,234.3,50.0,152.36,47.0,239.0,20.0,195.27,78.07000000000002,73.0,70.0,2.3085861473956357,143,3.0,-5.0,0.02
07:41:17,156.09,46.0,205.17,54.0,155.25,40.0,210.7,30.0,180.63,49.079999999999984,86.0,84.0,7.383835724063076,170,2.0,27.0,0.01
07:41:18,159.6,10.0,164.19,32.0,155.27,22.0,185.12,34.0,161.89,4.590000000000003,32.0,66.0,15.294117496604882,98,-34.0,-72.0,-0.35
07:41:19,156.0,9.0,290.16,38.0,155.0,27.0,341.2,30.0,223.08,134.16000000000003,36.0,68.0,22.52571574889357,104,-32.0,6.0,-0.31
07:41:20,166.0,49.0,331.43,28.0,156.0,7.0,335.0,28.0,248.71,165.43,56.0,56.0,34.41270521188278,112,0.0,8.0,0.0
07:41:21,166.0,29.0,294.76,25.0,156.0,7.0,366.56,16.0,230.38,128.76,36.0,41.0,36.25060233982242,77,-5.0,-35.0,-0.06
07:41:22,166.0,24.0,231.5,32.0,156.0,8.0,256.0,20.0,198.75,65.5,32.0,52.0,33.515706318082216,84,-20.0,7.0,-0.24
07:41:23,166.0,42.0,229.0,58.0,156.9,20.0,230.29,56.0,197.5,63.0,62.0,114.0,21.787657744694137,176,-52.0,92.0,-0.3
07:41:24,166.0,12.0,226.56,18.0,158.0,12.0,227.44,18.0,196.28,60.56,24.0,36.0,23.934151959071666,60,-12.0,-116.0,-0.2
07:41:25,162.8,20.0,220.46,46.0,157.0,16.0,223.04,47.0,191.63,57.66,36.0,93.0,15.591422962640122,129,-57.0,69.0,-0.44
07:41:26,166.0,51.0,196.75,71.0,159.75,73.0,203.06,49.0,181.37,30.75,124.0,120.0,7.091341904036805,244,4.0,115.0,0.02
07:41:27,166.0,19.0,192.0,35.0,160.0,56.0,196.0,7.0,179.0,26.0,75.0,42.0,8.518516889691009,117,33.0,-127.0,0.28
07:41:28,160.22,54.0,192.0,40.0,158.25,64.0,207.29,17.0,176.11,31.78,118.0,57.0,8.650576281378818,175,61.0,58.0,0.35
07:41:29,161.64,44.0,186.7,37.0,159.62,45.0,191.88,51.0,174.17,25.060000000000002,89.0,88.0,6.823033049894807,177,1.0,2.0,0.01
07:41:30,162.0,48.0,189.47,38.0,160.0,44.0,191.33,45.0,175.74,27.47,92.0,83.0,2.8765899951086187,175,9.0,-2.0,0.05
07:41:31,162.0,18.0,188.02,41.0,160.0,36.0,189.38,32.0,175.01,26.02000000000001,54.0,73.0,1.8308823009576167,127,-19.0,-48.0,-0.15
07:41:32,162.0,7.0,187.0,35.0,161.0,21.0,189.0,28.0,174.5,25.0,28.0,63.0,0.8158615078311089,91,-35.0,-36.0,-0.38
07:41:33,162.0,14.0,183.73,59.0,161.0,42.0,184.97,61.0,172.86,21.72999999999999,56.0,120.0,1.0708081060399675,176,-64.0,85.0,-0.36
07:41:34,161.04,23.0,180.68,57.0,160.06,47.0,182.29,51.0,170.86,19.640000000000015,70.0,108.0,1.952224372340784,178,-38.0,2.0,-0.21
07:41:35,161.0,18.0,178.57,35.0,160.0,36.0,180.17,41.0,169.79,17.569999999999993,54.0,76.0,2.2588337698826484,130,-22.0,-48.0,-0.17
07:41:36,160.37,49.0,176.02,62.0,159.75,16.0,177.17,48.0,168.19,15.650000000000006,65.0,110.0,2.4900502002898013,175,-45.0,45.0,-0.26
07:41:37,160.0,44.0,172.39,54.0,159.0,11.0,173.65,49.0,166.19,12.389999999999986,55.0,103.0,2.5428861555257387,158,-48.0,-17.0,-0.3
07:41:38,160.51,53.0,168.08,65.0,159.52,23.0,169.14,66.0,164.29,7.570000000000022,76.0,131.0,2.663058392143458,207,-55.0,49.0,-0.27
07:41:39,162.7,40.0,165.49,51.0,159.68,57.0,166.53,59.0,164.1,2.7900000000000205,97.0,110.0,2.4708136311682116,207,-13.0,0.0,-0.06
07:41:40,160.0,48.0,162.97,40.0,158.0,108.0,165.11,56.0,161.49,2.969999999999999,156.0,96.0,2.5058371854467802,252,60.0,45.0,0.24
07:41:41,158.33,97.0,161.64,42.0,156.75,131.0,162.64,42.0,159.99,3.309999999999974,228.0,84.0,2.4579300234077013,312,144.0,60.0,0.46
07:41:42,158.0,72.0,160.7,30.0,156.0,45.0,163.07,28.0,159.35,2.6999999999999886,117.0,58.0,2.2833703159956196,175,59.0,-137.0,0.34
07:41:43,157.54,70.0,159.83,54.0,145.27,90.0,181.91,34.0,158.69,2.2900000000000205,160.0,88.0,2.153364808844692,248,72.0,73.0,0.29
07:41:44,156.0,59.0,158.1,30.0,90.2,70.0,426.6,10.0,157.05,2.0999999999999943,129.0,40.0,1.636178474363873,169,89.0,-79.0,0.53
07:41:45,156.0,26.0,273.69,16.0,121.92,52.0,543.54,13.0,214.84,117.69,78.0,29.0,25.099131060655548,107,49.0,-62.0,0.46
07:41:46,156.0,20.0,266.2,30.0,127.8,25.0,267.33,18.0,211.1,110.19999999999999,45.0,48.0,29.95022754504474,93,-3.0,-14.0,-0.03
07:41:47,157.64,22.0,251.15,41.0,136.15,26.0,255.91,43.0,204.39,93.51000000000002,48.0,84.0,28.862767192352678,132,-36.0,39.0,-0.27
07:41:48,165.0,13.0,187.64,42.0,160.29,14.0,211.9,39.0,176.32,22.639999999999986,27.0,81.0,25.023062362547627,108,-54.0,-24.0,-0.5
07:41:49,165.0,16.0,183.77,52.0,161.0,16.0,184.73,60.0,174.38,18.77000000000001,32.0,112.0,19.415601458619445,144,-80.0,36.0,-0.56
07:41:50,165.0,9.0,180.78,27.0,161.0,9.0,181.9,30.0,172.89,15.780000000000001,18.0,57.0,18.386895605293244,75,-39.0,-69.0,-0.52
07:41:51,163.43,23.0,178.0,42.0,161.75,32.0,180.0,42.0,170.72,14.569999999999993,55.0,84.0,13.931362101386876,139,-29.0,64.0,-0.21
07:41:52,162.0,56.0,176.65,46.0,161.0,14.0,178.79,43.0,169.33,14.650000000000006,70.0,89.0,2.794471327454341,159,-19.0,20.0,-0.12
07:41:53,162.0,44.0,171.68,40.0,161.0,11.0,172.82,33.0,166.84,9.680000000000007,55.0,73.0,2.9592346983580042,128,-18.0,-31.0,-0.14
07:41:54,162.78,18.0,170.9,31.0,161.97,29.0,171.84,25.0,166.84,8.120000000000005,47.0,56.0,2.5983514004012718,103,-9.0,-25.0,-0.09
07:41:55,162.43,14.0,168.91,33.0,161.6,20.0,170.71,42.0,165.67,6.47999999999999,34.0,75.0,2.0745722450588335,109,-41.0,6.0,-0.38
07:41:56,162.0,10.0,166.6,30.0,161.0,10.0,167.8,30.0,164.3,4.599999999999994,20.0,60.0,1.8522229887271755,80,-40.0,-29.0,-0.5
07:41:57,160.56,18.0,164.14,44.0,159.11,53.0,165.14,37.0,162.35,3.579999999999984,71.0,81.0,1.9060823696709714,152,-10.0,72.0,-0.07
07:41:58,159.15,53.0,162.44,36.0,157.96,47.0,163.92,39.0,160.8,3.289999999999992,100.0,75.0,2.4447228881759537,175,25.0,23.0,0.14
07:41:59,159.0,27.0,162.04,26.0,158.0,36.0,164.67,27.0,160.52,3.039999999999992,63.0,53.0,2.2283334579843066,116,10.0,-59.0,0.09
07:42:00,158.71,38.0,160.45,22.0,157.8,60.0,162.55,33.0,159.58,1.7399999999999807,98.0,55.0,1.8505944990659664,153,43.0,37.0,0.28
07:42:01,160.27,74.0,164.09,33.0,123.98,57.0,201.52,31.0,162.18,3.819999999999993,131.0,64.0,1.1688370288340122,195,67.0,42.0,0.34
07:42:02,162.0,32.0,163.0,16.0,156.0,32.0,261.92,12.0,162.5,1.0,64.0,28.0,1.210570113613211,92,36.0,-103.0,0.39
07:42:03,160.5,24.0,300.5,16.0,154.91,32.0,401.5,10.0,230.5,140.0,56.0,26.0,31.017267448954353,82,30.0,-10.0,0.37
07:42:04,161.58,83.0,302.59,17.0,154.87,23.0,388.31,16.0,232.08,141.00999999999996,106.0,33.0,38.290201357526875,139,73.0,57.0,0.53
07:42:06,162.0,5.0,357.0,6.0,156.0,10.0,659.33,9.0,259.5,195.0,15.0,15.0,59.36162834693731,30,0.0,-63.0,0.0
07:42:07,162.0,8.0,286.95,20.0,156.0,16.0,612.9,10.0,224.47,124.94999999999999,24.0,30.0,42.641113728418276,54,-6.0,24.0,-0.11
07:42:08,162.5,6.0,246.0,13.0,158.0,9.0,309.62,16.0,204.25,83.5,15.0,29.0,47.686930389781914,44,-14.0,-10.0,-0.32
07:42:09,163.0,7.0,232.89,19.0,162.0,7.0,308.5,16.0,197.95,69.88999999999999,14.0,35.0,52.951652004445634,49,-21.0,5.0,-0.43
07:42:10,163.0,9.0,230.89,27.0,162.0,9.0,674.0,18.0,196.94,67.88999999999999,18.0,45.0,26.40646265594714,63,-27.0,14.0,-0.43
07:42:11,160.67,9.0,230.0,21.0,160.57,7.0,423.29,21.0,195.33,69.33000000000001,16.0,42.0,12.046510698120862,58,-26.0,-5.0,-0.45
07:42:12,156.0,32.0,229.73,45.0,125.74,95.0,295.64,33.0,192.87,73.72999999999999,127.0,78.0,4.249096374518363,205,49.0,147.0,0.24
07:42:13,157.98,167.0,210.5,30.0,155.44,63.0,254.4,30.0,184.24,52.52000000000001,230.0,60.0,5.50281109978782,290,170.0,85.0,0.59
07:42:14,159.68,114.0,222.32,25.0,157.03,87.0,229.26,38.0,191.0,62.639999999999986,201.0,63.0,4.93553745806362,264,138.0,-26.0,0.52
07:42:15,166.0,128.0,202.14,66.0,158.0,240.0,215.53,59.0,184.07,36.139999999999986,368.0,125.0,5.117330358688119,493,243.0,168.0,0.49
07:42:16,166.0,34.0,185.12,24.0,158.0,120.0,286.4,25.0,175.56,19.120000000000005,154.0,49.0,6.837241402784741,203,105.0,-168.0,0.52
07:42:17,158.31,78.0,214.0,18.0,156.42,71.0,511.0,12.0,186.15,55.69,149.0,30.0,5.583693222227992,179,119.0,-24.0,0.66
07:42:18,158.0,75.0,212.4,15.0,156.0,58.0,537.0,10.0,185.2,54.400000000000006,133.0,25.0,5.601716701151056,158,108.0,-21.0,0.68
07:42:19,161.0,27.0,211.82,33.0,158.36,70.0,641.0,22.0,186.41,50.81999999999999,97.0,55.0,4.520693530859547,152,42.0,-6.0,0.28
07:42:20,160.25,16.0,192.67,24.0,158.11,84.0,433.72,18.0,176.46,32.41999999999999,100.0,42.0,5.45587114950092,142,58.0,-10.0,0.41
07:42:21,158.64,44.0,161.67,36.0,157.65,127.0,163.0,9.0,160.15,3.030000000000001,171.0,45.0,11.249059071760572,216,126.0,74.0,0.58
07:42:22,158.0,216.0,159.75,36.0,156.0,92.0,161.04,45.0,158.88,1.75,308.0,81.0,13.26889784420556,389,227.0,168.0,0.58
07:42:23,158.0,135.0,159.0,31.0,156.0,63.0,304.25,16.0,158.5,1.0,198.0,47.0,12.70348967803599,245,151.0,-144.0,0.62
07:42:24,158.0,123.0,360.78,27.0,156.0,70.0,437.46,35.0,259.39,202.77999999999997,193.0,62.0,43.53683991747628,255,131.0,10.0,0.51
07:42:25,158.57,84.0,260.27,22.0,157.26,114.0,426.96,24.0,209.42,101.69999999999999,198.0,46.0,44.83624727828981,244,152.0,-11.0,0.62
07:42:26,158.22,74.0,290.22,23.0,156.66,73.0,349.0,13.0,224.22,132.00000000000003,147.0,36.0,43.57162976065896,183,111.0,-61.0,0.61
07:42:27,158.0,60.0,216.0,6.0,156.0,54.0,299.0,18.0,187.0,58.0,114.0,24.0,38.06853924174052,138,90.0,-45.0,0.65
07:42:28,158.0,130.0,299.0,39.0,156.0,121.0,479.92,13.0,228.5,141.0,251.0,52.0,26.58954080084739,303,199.0,165.0,0.66
07:42:29,158.15,96.0,236.3,20.0,156.57,98.0,411.07,27.0,197.22,78.15,194.0,47.0,17.56753596836895,241,147.0,-62.0,0.61
07:42:30,156.9,40.0,185.0,9.0,143.11,47.0,350.76,33.0,170.95,28.099999999999994,87.0,42.0,24.53079126322554,129,45.0,-112.0,0.35
07:42:31,156.51,70.0,339.0,13.0,150.94,102.0,531.77,39.0,247.76,182.49,172.0,52.0,31.290292104739752,224,120.0,95.0,0.54
07:42:32,158.0,18.0,395.57,14.0,156.0,90.0,565.0,11.0,276.79,237.57,108.0,25.0,41.54137973153909,133,83.0,-91.0,0.62
07:42:33,158.0,33.0,386.0,33.0,156.0,183.0,448.64,11.0,272.0,228.0,216.0,44.0,46.86901140412416,260,172.0,127.0,0.66
07:42:34,158.17,29.0,384.42,31.0,156.04,147.0,470.35,17.0,271.3,226.25000000000003,176.0,48.0,44.39658263875622,224,128.0,-36.0,0.57
07:42:35,159.0,40.0,348.58,19.0,158.0,24.0,366.88,24.0,253.79,189.57999999999998,64.0,43.0,12.731043555023259,107,21.0,-117.0,0.2
07:42:36,164.06,18.0,250.27,26.0,160.59,32.0,251.35,26.0,207.16,86.21000000000001,50.0,52.0,28.776411694301014,102,-2.0,-5.0,-0.02
07:42:37,165.4,15.0,247.83,18.0,163.95,20.0,248.77,66.0,206.62,82.43,35.0,84.0,33.026174165348195,119,-49.0,17.0,-0.41
07:42:38,163.0,14.0,245.29,35.0,162.0,7.0,247.0,7.0,204.14,82.28999999999999,21.0,42.0,31.618474346494356,63,-21.0,-56.0,-0.33
07:42:39,162.14,21.0,244.08,37.0,159.6,15.0,245.24,17.0,203.11,81.94000000000003,36.0,54.0,21.76958497537172,90,-18.0,27.0,-0.2
07:42:40,160.77,26.0,204.67,30.0,156.77,62.0,228.39,28.0,182.72,43.89999999999998,88.0,58.0,10.218703440257949,146,30.0,56.0,0.21
07:42:41,156.06,137.0,159.24,25.0,138.22,121.0,167.21,33.0,157.65,3.180000000000007,258.0,58.0,20.880382419868322,316,200.0,168.0,0.63
07:42:42,156.0,153.0,158.04,26.0,110.06,49.0,167.06,16.0,157.02,2.039999999999992,202.0,42.0,23.170601416449095,244,160.0,-72.0,0.66
07:42:43,157.02,89.0,179.86,21.0,149.17,66.0,330.71,21.0,168.44,22.840000000000003,155.0,42.0,19.427829781011514,197,113.0,-47.0,0.57
07:42:44,159.0,10.0,202.36,14.0,158.0,110.0,388.2,46.0,180.68,43.360000000000014,120.0,60.0,12.215372282495556,180,60.0,-17.0,0.33
07:42:45,160.87,62.0,200.2,10.0,158.11,70.0,683.0,50.0,180.54,39.329999999999984,132.0,60.0,11.642172477676189,192,72.0,12.0,0.38
07:42:46,161.0,112.0,198.5,8.0,160.0,8.0,381.5,40.0,179.75,37.5,120.0,48.0,10.453964798102122,168,72.0,-24.0,0.43
07:42:47,162.55,116.0,197.42,12.0,161.67,48.0,375.08,60.0,179.98,34.869999999999976,164.0,72.0,5.28999243855375,236,92.0,68.0,0.39
07:42:48,166.0,70.0,195.6,10.0,162.0,100.0,385.74,38.0,180.8,29.599999999999994,170.0,48.0,0.45945620025690764,218,122.0,-18.0,0.56
07:42:49,166.0,65.0,194.92,12.0,164.5,120.0,358.32,38.0,180.46,28.919999999999987,185.0,50.0,0.42951135020455466,235,135.0,17.0,0.57
07:42:50,166.0,18.0,192.83,6.0,165.0,60.0,382.0,18.0,179.42,26.830000000000013,78.0,24.0,0.5516520642168017,102,54.0,-133.0,0.53
07:42:51,166.0,27.0,192.0,9.0,165.0,90.0,389.22,27.0,179.0,26.0,117.0,36.0,0.7357445208458775,153,81.0,51.0,0.53
07:42:52,165.49,39.0,192.0,9.0,164.76,76.0,438.9,20.0,178.74,26.50999999999999,115.0,29.0,0.9050303862052624,144,86.0,-9.0,0.6
07:42:53,165.0,110.0,188.76,25.0,162.0,33.0,324.26,19.0,176.88,23.75999999999999,143.0,44.0,1.3057564857029214,187,99.0,43.0,0.53
07:42:54,165.0,110.0,184.26,19.0,162.0,33.0,185.6,25.0,174.63,19.25999999999999,143.0,44.0,1.9888137167557531,187,99.0,0.0,0.53
07:42:55,165.0,78.0,182.36,14.0,162.0,24.0,183.83,18.0,173.68,17.360000000000014,102.0,32.0,2.388740253764823,134,70.0,-53.0,0.52
07:42:56,165.0,99.0,180.44,27.0,162.0,33.0,181.76,17.0,172.72,15.439999999999998,132.0,44.0,2.452305038113551,176,88.0,42.0,0.5
07:42:57,165.0,89.0,178.2,30.0,162.0,30.0,181.0,10.0,171.6,13.199999999999989,119.0,40.0,2.0089848182497065,159,79.0,-17.0,0.5
07:42:58,165.0,96.0,174.15,26.0,162.0,36.0,175.95,22.0,169.58,9.150000000000006,132.0,48.0,1.9555868684255517,180,84.0,21.0,0.47
07:42:59,165.0,48.0,172.33,9.0,162.08,26.0,174.0,27.0,168.67,7.3300000000000125,74.0,36.0,2.099619013049508,110,38.0,-70.0,0.35
07:43:00,165.0,35.0,172.0,7.0,163.0,14.0,174.0,21.0,168.5,7.0,49.0,28.0,1.865792056998694,77,21.0,-33.0,0.27
07:43:01,165.0,55.0,171.28,18.0,163.0,22.0,173.44,27.0,168.14,6.280000000000001,77.0,45.0,1.392020114782761,122,32.0,45.0,0.26
07:43:02,164.54,39.0,169.0,35.0,162.3,40.0,170.0,30.0,166.77,4.460000000000008,79.0,65.0,1.0218463680809575,144,14.0,22.0,0.1
07:43:03,163.0,9.0,165.83,24.0,162.0,36.0,166.94,18.0,164.42,2.8300000000000125,45.0,42.0,1.7746689832080627,87,3.0,-57.0,0.03
07:43:04,162.09,33.0,164.18,51.0,161.58,52.0,166.04,47.0,163.13,2.0900000000000034,85.0,98.0,2.343687265818814,183,-13.0,96.0,-0.07
07:43:05,160.75,20.0,164.8,10.0,158.25,40.0,166.0,30.0,162.78,4.050000000000011,60.0,40.0,2.3314523370555547,100,20.0,-83.0,0.2
07:43:06,161.16,102.0,164.11,18.0,159.8,59.0,166.05,38.0,162.63,2.950000000000017,161.0,56.0,1.7289389809829605,217,105.0,117.0,0.48
07:43:07,162.0,29.0,165.38,13.0,161.0,90.0,227.13,23.0,163.69,3.3799999999999955,119.0,36.0,0.7331780138293017,155,83.0,-62.0,0.54
07:43:08,161.22,23.0,163.75,8.0,160.94,53.0,443.62,26.0,162.48,2.530000000000001,76.0,34.0,0.48266965925244154,110,42.0,-45.0,0.38
07:43:09,161.0,44.0,162.62,8.0,160.0,8.0,465.83,18.0,161.81,1.6200000000000045,52.0,26.0,0.6762913573031808,78,26.0,-32.0,0.33
07:43:13,161.44,41.0,407.54,39.0,160.48,31.0,540.0,9.0,284.49,246.10000000000002,72.0,48.0,104.02768126801584,120,24.0,24.0,0.2
07:43:15,161.0,18.0,330.83,18.0,160.0,12.0,733.0,30.0,245.92,169.82999999999998,30.0,48.0,67.51861173039545,78,-18.0,-90.0,-0.23
07:43:17,162.0,20.0,282.17,18.0,159.0,8.0,283.0,9.0,222.08,120.17000000000002,28.0,27.0,45.059190849369635,55,1.0,-23.0,0.02
07:43:18,162.0,60.0,280.82,44.0,159.0,24.0,306.58,52.0,221.41,118.82,84.0,96.0,51.597152246998306,180,-12.0,125.0,-0.07
07:43:19,160.31,16.0,261.18,34.0,157.05,40.0,276.02,40.0,210.74,100.87,56.0,74.0,47.60392084692112,130,-18.0,-50.0,-0.14
07:43:20,139.8,20.0,261.95,43.0,69.0,14.0,266.07,29.0,200.88,122.14999999999998,34.0,72.0,51.60582215215581,106,-38.0,-24.0,-0.36
07:43:21,146.0,18.0,225.98,44.0,53.6,30.0,533.36,33.0,185.99,79.97999999999999,48.0,77.0,15.169662158398495,125,-29.0,19.0,-0.23
07:43:22,166.0,10.0,175.68,38.0,158.0,20.0,205.78,41.0,170.84,9.680000000000007,30.0,79.0,20.00332397377875,109,-49.0,-16.0,-0.45
07:43:23,166.0,4.0,174.0,16.0,158.0,8.0,175.0,12.0,170.0,8.0,12.0,28.0,18.062580103627404,40,-16.0,-69.0,-0.4
07:43:24,166.0,8.0,172.84,25.0,158.0,16.0,173.9,31.0,169.42,6.840000000000003,24.0,56.0,13.838796190419183,80,-32.0,40.0,-0.4
07:43:25,166.0,7.0,170.77,22.0,158.0,14.0,172.11,27.0,168.39,4.77000000000001,21.0,49.0,7.3560906737181755,70,-28.0,-10.0,-0.4
07:43:26,166.0,8.0,168.75,32.0,158.0,16.0,170.0,24.0,167.38,2.75,24.0,56.0,1.3552047815606858,80,-32.0,10.0,-0.4
07:43:27,158.89,9.0,167.0,20.0,143.8,10.0,466.63,19.0,162.94,8.110000000000014,19.0,39.0,2.804332362607103,58,-20.0,-22.0,-0.34
07:43:28,159.71,21.0,165.46,26.0,156.5,24.0,300.22,36.0,162.59,5.75,45.0,62.0,3.1702097722337075,107,-17.0,49.0,-0.16
07:43:29,160.67,27.0,163.05,42.0,158.56,27.0,164.33,24.0,161.86,2.380000000000024,54.0,66.0,3.016234407330879,120,-12.0,13.0,-0.1
07:43:30,159.0,10.0,160.83,12.0,158.0,10.0,162.22,18.0,159.92,1.8300000000000125,20.0,30.0,2.744215734953679,50,-10.0,-70.0,-0.2
07:43:31,157.87,15.0,159.85,13.0,155.5,24.0,388.0,16.0,158.86,1.9799999999999898,39.0,29.0,1.7680158370241121,68,10.0,18.0,0.15
07:43:32,152.8,15.0,157.25,12.0,121.79,19.0,266.67,18.0,155.03,4.449999999999989,34.0,30.0,2.9819909456550673,64,4.0,-4.0,0.06
07:43:33,146.88,25.0,154.25,20.0,115.1,29.0,316.79,14.0,150.56,7.3700000000000045,54.0,34.0,4.490476589402285,88,20.0,24.0,0.23
07:43:34,120.58,24.0,150.19,21.0,109.5,14.0,152.0,17.0,135.39,29.61,38.0,38.0,9.961439153052774,76,0.0,-12.0,0.0
07:43:35,132.0,26.0,153.82,11.0,114.47,19.0,181.07,30.0,142.91,21.819999999999993,45.0,41.0,9.451478720283646,86,4.0,10.0,0.05
07:43:36,124.0,10.0,152.0,10.0,101.0,5.0,156.0,15.0,138.0,28.0,15.0,25.0,8.296087632129778,40,-10.0,-46.0,-0.25
07:43:37,130.02,49.0,152.0,15.0,125.14,14.0,154.4,30.0,141.01,21.97999999999999,63.0,45.0,5.785035004213729,108,18.0,68.0,0.17
07:43:38,133.53,30.0,152.0,5.0,132.0,40.0,153.0,15.0,142.77,18.47,70.0,20.0,3.2562217369182584,90,50.0,-18.0,0.56
07:43:39,136.16,38.0,152.86,7.0,135.6,30.0,153.15,13.0,144.51,16.700000000000017,68.0,20.0,2.478568135028355,88,48.0,-2.0,0.55
07:43:40,143.51,37.0,154.0,33.0,140.81,111.0,155.0,11.0,148.76,10.490000000000009,148.0,44.0,4.014666860397926,192,104.0,104.0,0.54
07:43:41,150.25,112.0,153.78,27.0,132.19,36.0,154.47,17.0,152.01,3.530000000000001,148.0,44.0,4.503167773909381,192,104.0,0.0,0.54
07:43:42,152.08,48.0,154.05,20.0,136.17,29.0,155.3,10.0,153.07,1.9699999999999989,77.0,30.0,4.517873393530954,107,47.0,-85.0,0.44
07:43:43,153.29,7.0,155.09,11.0,75.14,7.0,379.11,18.0,154.19,1.8000000000000114,14.0,29.0,3.918178148064992,43,-15.0,-64.0,-0.35
07:43:47,117.07,14.0,426.43,21.0,76.81,54.0,556.29,14.0,271.75,309.36,68.0,35.0,63.48228752967215,103,33.0,-45.0,0.32
07:43:48,119.0,20.0,330.77,30.0,118.0,70.0,470.88,24.0,224.88,211.76999999999998,90.0,54.0,67.97771127362235,144,36.0,41.0,0.25
07:43:49,154.1,20.0,351.71,14.0,122.6,20.0,548.36,22.0,252.91,197.60999999999999,40.0,36.0,62.4535432941955,76,4.0,-68.0,0.05
07:43:51,164.14,35.0,335.0,10.0,162.0,7.0,492.53,17.0,249.57,170.86,42.0,27.0,33.89500007375615,69,15.0,-59.0,0.22
07:43:56,162.0,8.0,359.25,8.0,160.0,16.0,526.29,14.0,260.62,197.25,24.0,22.0,51.569259932637095,46,2.0,-41.0,0.04
07:43:57,160.59,17.0,213.55,22.0,159.13,78.0,227.74,23.0,187.07,52.96000000000001,95.0,45.0,87.22381928120265,140,50.0,94.0,0.36
07:43:58,160.0,16.0,202.4,20.0,159.0,110.0,203.22,18.0,181.2,42.400000000000006,126.0,38.0,98.91876581316566,164,88.0,24.0,0.54
07:43:59,163.56,72.0,194.05,22.0,159.08,96.0,202.87,38.0,178.8,30.49000000000001,168.0,60.0,76.92740551974913,228,108.0,64.0,0.47
07:44:00,164.0,104.0,199.58,19.0,160.0,13.0,200.36,33.0,181.79,35.58000000000001,117.0,52.0,35.19346288730256,169,65.0,-59.0,0.38
07:44:01,164.0,24.0,197.25,8.0,160.0,6.0,198.75,16.0,180.62,33.25,30.0,24.0,3.1015850786249426,54,6.0,-115.0,0.11
07:44:02,163.49,37.0,192.63,38.0,159.28,53.0,193.89,27.0,178.06,29.139999999999986,90.0,65.0,1.5959260634345223,155,25.0,101.0,0.16
07:44:03,161.0,6.0,189.83,24.0,160.0,6.0,191.0,6.0,175.42,28.830000000000013,12.0,30.0,2.4560781746414673,42,-18.0,-113.0,-0.43
07:44:04,161.0,12.0,187.26,27.0,160.0,12.0,188.85,33.0,174.13,26.25999999999999,24.0,60.0,3.27358060843942,84,-36.0,42.0,-0.43
07:44:05,159.6,67.0,186.29,34.0,157.68,80.0,190.07,27.0,172.95,26.689999999999998,147.0,61.0,3.1002145086995947,208,86.0,124.0,0.41
07:44:06,163.0,27.0,183.22,27.0,159.0,126.0,184.61,28.0,173.11,20.22,153.0,55.0,2.104621106031243,208,98.0,0.0,0.47
07:44:07,159.1,120.0,180.64,33.0,156.28,151.0,182.61,31.0,169.87,21.539999999999992,271.0,64.0,2.055402636943187,335,207.0,127.0,0.62
07:44:08,159.15,162.0,176.07,57.0,156.87,152.0,177.14,56.0,167.61,16.919999999999987,314.0,113.0,2.71084488673805,427,201.0,92.0,0.47
07:44:09,160.78,27.0,172.34,35.0,158.72,97.0,173.43,28.0,166.56,11.560000000000002,124.0,63.0,2.997298783897704,187,61.0,-168.0,0.33
07:44:10,159.0,165.0,168.04,57.0,156.0,132.0,169.11,54.0,163.52,9.039999999999992,297.0,111.0,3.5991429535315236,408,186.0,168.0,0.46
07:44:11,159.0,68.0,163.04,27.0,156.0,48.0,164.89,44.0,161.02,4.039999999999992,116.0,71.0,3.479587619238355,187,45.0,-168.0,0.24
