Time,Bid1_Price,Bid1_Volume,Ask1_Price,Ask1_Volume,Bid2_Price,Bid2_Volume,Ask2_Price,Ask2_Volume,Mid-Price,Bid_Ask_Spread,Market_Depth_Bid,Market_Depth_Ask,Historical_Volatility,Total_volume,Cumulative_Volume_Difference,Total_Volume_Change_Corrected,Order_imbalance
07:30:05,267.62,40.0,278.0,14.0,228.04,25.0,279.0,14.0,272.81,10.379999999999995,65.0,28.0,113.2046448693692,93,37.0,69.0,0.4
07:30:06,270.27,33.0,278.67,12.0,269.18,33.0,280.6,20.0,274.47,8.400000000000034,66.0,32.0,61.19543716650774,98,34.0,5.0,0.35
07:30:07,271.0,27.0,279.0,18.0,270.0,72.0,281.0,36.0,275.0,8.0,99.0,54.0,35.11385097080631,153,45.0,55.0,0.29
07:30:08,272.91,67.0,279.0,18.0,270.75,32.0,281.0,36.0,275.96,6.089999999999975,99.0,54.0,1.61764334758732,153,45.0,0.0,0.29
07:30:09,276.16,67.0,280.68,25.0,272.81,32.0,281.78,36.0,278.42,4.519999999999982,99.0,61.0,2.0702584379717854,160,38.0,7.0,0.24
07:30:10,279.65,62.0,281.52,31.0,271.93,43.0,282.44,36.0,280.58,1.8700000000000045,105.0,67.0,2.561753305842128,172,38.0,12.0,0.22
07:30:11,270.81,67.0,282.77,52.0,263.74,89.0,283.45,22.0,276.79,11.95999999999998,156.0,74.0,2.1992044015945855,230,82.0,58.0,0.36
07:30:12,266.0,20.0,283.0,15.0,265.0,25.0,284.0,5.0,274.5,17.0,45.0,20.0,2.3396580946781627,65,25.0,-165.0,0.38
07:30:13,267.2,20.0,283.0,15.0,264.71,21.0,284.0,5.0,275.1,15.800000000000011,41.0,20.0,2.4852806682532016,61,21.0,-4.0,0.34
07:30:14,269.25,48.0,281.73,22.0,264.0,36.0,283.19,26.0,275.49,12.480000000000018,84.0,48.0,2.43466014055212,132,36.0,71.0,0.27
07:30:15,270.77,52.0,279.0,13.0,265.9,63.0,283.0,39.0,274.88,8.230000000000018,115.0,52.0,0.8802102021640348,167,63.0,35.0,0.38
07:30:16,274.55,58.0,279.0,17.0,273.14,77.0,283.0,51.0,276.78,4.449999999999989,135.0,68.0,0.8761278445487377,203,67.0,36.0,0.33
07:30:17,276.67,24.0,282.79,19.0,275.76,42.0,283.75,12.0,279.73,6.1200000000000045,66.0,31.0,2.0038537870796453,97,35.0,-106.0,0.36
07:30:18,277.36,28.0,283.0,19.0,276.1,40.0,284.0,11.0,280.18,5.639999999999986,68.0,30.0,2.425875099833722,98,38.0,1.0,0.39
07:30:19,279.69,39.0,283.0,11.0,278.61,46.0,284.0,11.0,281.35,3.3100000000000023,85.0,22.0,2.6685820204732504,107,63.0,9.0,0.59
07:30:20,282.35,34.0,310.07,40.0,278.08,77.0,332.69,42.0,296.21,27.71999999999997,111.0,82.0,7.65584417291732,193,29.0,86.0,0.15
07:30:21,294.25,40.0,313.0,36.0,284.94,35.0,344.93,15.0,303.62,18.75,75.0,51.0,11.010434596326835,126,24.0,-67.0,0.19
07:30:22,296.57,47.0,313.0,45.0,295.0,75.0,342.44,27.0,304.79,16.430000000000007,122.0,72.0,11.85224662247585,194,50.0,68.0,0.26
07:30:23,297.0,40.0,305.15,62.0,295.0,70.0,318.57,30.0,301.07,8.149999999999977,110.0,92.0,9.562788296307179,202,18.0,8.0,0.09
07:30:24,297.0,8.0,303.25,20.0,295.0,20.0,314.0,12.0,300.12,6.25,28.0,32.0,3.3474124335057867,60,-4.0,-142.0,-0.07
07:30:25,296.63,27.0,301.52,48.0,294.59,59.0,307.29,38.0,299.08,4.889999999999986,86.0,86.0,2.397171249616736,172,0.0,112.0,0.0
07:30:26,295.0,50.0,299.4,30.0,289.0,40.0,300.4,30.0,297.2,4.399999999999977,90.0,60.0,2.8181678445382237,150,30.0,-22.0,0.2
07:30:27,295.0,50.0,298.29,42.0,289.0,40.0,299.4,30.0,296.64,3.2900000000000205,90.0,72.0,1.8839373662596652,162,18.0,12.0,0.11
07:30:28,295.0,70.0,297.21,70.0,289.0,56.0,298.14,64.0,296.11,2.2099999999999795,126.0,134.0,1.7013230145946998,260,-8.0,98.0,-0.03
07:30:29,294.0,72.0,296.76,85.0,288.55,101.0,297.76,85.0,295.38,2.759999999999991,173.0,170.0,1.4002571192426754,343,3.0,83.0,0.01
07:30:30,289.0,40.0,295.4,50.0,288.0,150.0,297.0,50.0,292.2,6.399999999999977,190.0,100.0,1.9663366954797186,290,90.0,-53.0,0.31
07:30:31,289.31,29.0,291.98,64.0,288.64,56.0,293.66,61.0,290.65,2.670000000000016,85.0,125.0,2.6266195004207247,210,-40.0,-80.0,-0.19
07:30:32,288.62,52.0,290.0,44.0,287.86,37.0,292.86,42.0,289.31,1.3799999999999955,89.0,86.0,2.9474819761943776,175,3.0,-35.0,0.02
07:30:33,288.0,38.0,289.44,32.0,287.0,11.0,293.68,19.0,288.72,1.4399999999999977,49.0,51.0,2.6685145680679607,100,-2.0,-75.0,-0.02
07:30:34,288.0,12.0,291.31,13.0,287.0,12.0,296.38,29.0,289.65,3.3100000000000023,24.0,42.0,1.3641224285199403,66,-18.0,-34.0,-0.27
07:30:35,288.0,13.0,301.04,48.0,287.0,13.0,307.83,53.0,294.52,13.04000000000002,26.0,101.0,2.316538365749862,127,-75.0,61.0,-0.59
07:30:36,288.0,12.0,300.0,60.0,287.0,12.0,305.0,36.0,294.0,12.0,24.0,96.0,2.7829570603929445,120,-72.0,-7.0,-0.6
07:30:37,285.65,23.0,300.0,70.0,283.4,50.0,305.0,42.0,292.83,14.350000000000023,73.0,112.0,2.6126863569879215,185,-39.0,65.0,-0.21
07:30:38,292.0,135.0,300.0,85.0,285.88,34.0,305.04,47.0,296.0,8.0,169.0,132.0,2.385466411415292,301,37.0,116.0,0.12
07:30:39,288.18,33.0,300.0,55.0,283.83,46.0,305.1,39.0,294.09,11.819999999999993,79.0,94.0,1.1437525956212398,173,-15.0,-128.0,-0.09
07:30:40,289.0,55.0,300.0,55.0,285.06,36.0,305.0,55.0,294.5,11.0,91.0,110.0,1.1427729433226566,201,-19.0,28.0,-0.09
07:30:41,289.35,62.0,300.0,50.0,287.22,18.0,305.0,50.0,294.68,10.649999999999977,80.0,100.0,1.1409864153399498,180,-20.0,-21.0,-0.11
07:30:42,291.77,143.0,300.0,65.0,289.0,65.0,305.0,65.0,295.88,8.230000000000018,208.0,130.0,0.8588364221376306,338,78.0,158.0,0.23
07:30:43,292.0,112.0,300.0,55.0,289.0,55.0,305.0,55.0,296.0,8.0,167.0,110.0,0.8588364221376306,277,57.0,-61.0,0.21
07:30:44,292.0,96.0,298.37,49.0,289.0,60.0,300.42,60.0,295.18,6.3700000000000045,156.0,109.0,0.680382245498887,265,47.0,-12.0,0.18
07:30:45,292.38,104.0,295.32,76.0,289.0,95.0,300.0,95.0,293.85,2.9399999999999977,199.0,171.0,0.8891119164594103,370,28.0,105.0,0.08
07:30:46,290.45,33.0,301.4,73.0,288.83,53.0,305.0,85.0,295.93,10.949999999999989,86.0,158.0,0.9106426302288191,244,-72.0,-126.0,-0.3
07:30:47,290.42,19.0,305.0,150.0,288.78,73.0,306.0,75.0,297.71,14.579999999999984,92.0,225.0,1.4026867077112959,317,-133.0,73.0,-0.42
07:30:48,290.1,10.0,305.0,80.0,288.68,25.0,306.0,40.0,297.55,14.899999999999977,35.0,120.0,1.6291654305164611,155,-85.0,-162.0,-0.55
07:30:49,290.53,19.0,305.0,130.0,288.91,44.0,306.0,65.0,297.76,14.470000000000027,63.0,195.0,1.6943730403868509,258,-132.0,103.0,-0.51
07:30:50,289.0,40.0,305.0,100.0,287.3,10.0,306.0,50.0,297.0,16.0,50.0,150.0,0.7662571369910531,200,-100.0,-58.0,-0.5
07:30:51,289.0,68.0,302.48,62.0,288.0,14.0,304.09,47.0,295.74,13.480000000000018,82.0,109.0,0.8450266267933354,191,-27.0,-9.0,-0.14
07:30:52,289.0,44.0,300.0,40.0,288.0,10.0,302.96,46.0,294.5,11.0,54.0,86.0,1.3708756325756892,140,-32.0,-51.0,-0.23
07:30:53,289.0,40.0,298.53,60.0,288.0,15.0,299.64,61.0,293.77,9.529999999999973,55.0,121.0,1.6647462269036324,176,-66.0,36.0,-0.38
07:30:54,288.67,18.0,293.67,48.0,287.5,12.0,295.21,53.0,291.17,5.0,30.0,101.0,2.2016425686268835,131,-71.0,-45.0,-0.54
07:30:55,288.0,26.0,290.74,35.0,287.0,10.0,292.0,40.0,289.37,2.740000000000009,36.0,75.0,2.5901640874643834,111,-39.0,-20.0,-0.35
07:30:56,288.71,24.0,296.38,63.0,286.07,59.0,294.64,61.0,292.54,7.670000000000016,83.0,124.0,2.0564411005400367,207,-41.0,96.0,-0.2
07:30:57,293.26,46.0,302.47,116.0,284.63,59.0,304.32,95.0,297.86,9.210000000000036,105.0,211.0,3.1989482646629757,316,-106.0,109.0,-0.34
07:30:58,287.0,7.0,305.0,63.0,285.41,17.0,306.0,35.0,296.0,18.0,24.0,98.0,3.4858384931018,122,-74.0,-178.5,-0.61
07:30:59,288.39,23.0,303.15,52.0,286.12,16.0,305.35,66.0,295.77,14.759999999999991,39.0,118.0,3.3588197331786263,157,-79.0,35.0,-0.5
07:31:00,289.0,56.0,302.0,63.0,287.0,7.0,304.0,49.0,295.5,13.0,63.0,112.0,1.9136561864634891,175,-49.0,18.0,-0.28
07:31:01,291.0,64.0,302.0,84.0,288.88,68.0,304.0,84.0,296.5,11.0,132.0,168.0,0.9328879889836457,300,-36.0,125.0,-0.12
07:31:02,293.0,36.0,302.0,53.0,289.0,72.0,304.0,63.0,297.5,9.0,108.0,116.0,0.7874515858069888,224,-8.0,-76.0,-0.04
07:31:03,293.0,40.0,300.57,54.0,289.0,80.0,302.17,42.0,296.79,7.569999999999993,120.0,96.0,0.8028511692648568,216,24.0,-8.0,0.11
07:31:04,293.0,48.0,299.0,60.0,289.0,96.0,300.33,60.0,296.0,6.0,144.0,120.0,0.7624434405186667,264,24.0,48.0,0.09
07:31:05,293.0,44.0,297.14,35.0,289.0,88.0,298.27,55.0,295.07,4.139999999999986,132.0,90.0,0.9078931655156132,222,42.0,-42.0,0.19
07:31:06,293.0,36.0,297.0,27.0,289.0,72.0,298.0,45.0,295.0,4.0,108.0,72.0,1.0854814599936617,180,36.0,-42.0,0.2
07:31:07,293.0,72.0,296.68,62.0,288.04,384.0,297.85,82.0,294.84,3.680000000000007,456.0,144.0,0.8331566479300301,600,312.0,177.5,0.52
07:31:08,293.0,44.0,294.98,51.0,288.0,253.0,296.46,37.0,293.99,1.9800000000000182,297.0,88.0,0.7156465608035922,385,209.0,-178.5,0.54
07:31:09,293.0,20.0,294.38,66.0,289.0,56.0,297.82,34.0,293.69,1.3799999999999955,76.0,100.0,0.6334587595021751,176,-24.0,-178.5,-0.14
07:31:10,289.13,52.0,300.68,77.0,288.03,284.0,302.12,68.0,294.9,11.550000000000011,336.0,145.0,0.6001083235467021,481,191.0,177.5,0.4
07:31:11,290.23,39.0,300.68,88.0,289.0,52.0,339.64,70.0,295.46,10.449999999999989,91.0,158.0,0.7218933439158595,249,-67.0,-178.5,-0.27
07:31:12,291.89,54.0,298.71,56.0,289.0,72.0,299.9,80.0,295.3,6.819999999999993,126.0,136.0,0.790044302548923,262,-10.0,13.0,-0.04
07:31:13,293.0,27.0,297.8,20.0,289.0,36.0,298.94,34.0,295.4,4.800000000000011,63.0,54.0,0.7374279625766618,117,9.0,-145.0,0.08
07:31:14,294.92,113.0,297.0,52.0,292.57,42.0,298.0,26.0,295.96,2.079999999999984,155.0,78.0,0.37984207243262513,233,77.0,116.0,0.33
07:31:15,295.22,108.0,297.0,45.0,292.99,152.0,298.0,30.0,296.11,1.7799999999999727,260.0,75.0,0.3635656749335243,335,185.0,102.0,0.55
07:31:16,295.0,140.0,296.0,15.0,289.06,142.0,300.54,52.0,295.5,1.0,282.0,67.0,0.3588593038920228,349,215.0,14.0,0.62
07:31:17,295.0,38.0,296.0,11.0,293.0,23.0,301.0,44.0,295.5,1.0,61.0,55.0,0.3184022612825746,116,6.0,-178.5,0.05
07:31:18,293.0,12.0,301.0,24.0,289.0,60.0,302.0,12.0,297.0,8.0,72.0,36.0,0.6149634135375814,108,36.0,-8.0,0.33
07:31:19,289.65,43.0,298.4,57.0,288.8,88.0,299.33,55.0,294.03,8.75,131.0,112.0,1.084098703988651,243,19.0,135.0,0.08
07:31:20,289.0,120.0,294.59,82.0,288.0,60.0,296.16,98.0,291.79,5.589999999999975,180.0,180.0,1.966374837102516,360,0.0,117.0,0.0
07:31:21,289.0,93.0,291.57,46.0,288.0,51.0,292.36,78.0,290.28,2.569999999999993,144.0,124.0,2.719439280438195,268,20.0,-92.0,0.07
07:31:22,288.67,82.0,290.83,72.0,286.26,207.0,291.89,72.0,289.75,2.159999999999968,289.0,144.0,2.981668995712033,433,145.0,165.0,0.33
07:31:23,286.95,65.0,289.24,49.0,284.1,408.0,290.29,84.0,288.1,2.2900000000000205,473.0,133.0,2.240279000479776,606,340.0,173.0,0.56
07:31:24,284.09,267.0,289.0,30.0,281.45,80.0,301.63,70.0,286.54,4.910000000000025,347.0,100.0,2.026097233597399,447,247.0,-159.0,0.55
07:31:25,287.0,24.0,288.0,10.0,281.9,200.0,302.07,60.0,287.5,1.0,224.0,70.0,1.55810140876363,294,154.0,-153.0,0.52
07:31:26,287.0,24.0,302.65,57.0,281.0,240.0,303.63,38.0,294.82,15.649999999999977,264.0,95.0,3.2772580002177305,359,169.0,65.0,0.47
07:31:27,287.0,24.0,299.69,52.0,281.0,240.0,300.92,24.0,293.35,12.689999999999998,264.0,76.0,3.7505759557688,340,188.0,-19.0,0.55
07:31:28,288.84,38.0,297.0,13.0,282.2,120.0,298.0,61.0,292.92,8.160000000000025,158.0,74.0,3.7396363459554385,232,84.0,-108.0,0.36
07:31:29,291.29,21.0,296.29,21.0,290.0,96.0,298.13,23.0,293.79,5.0,117.0,44.0,2.869778737113849,161,73.0,-71.0,0.45
07:31:30,290.21,47.0,295.39,18.0,289.05,44.0,299.64,22.0,292.8,5.180000000000007,91.0,40.0,0.8168414778833091,131,51.0,-30.0,0.39
07:31:31,290.0,72.0,292.57,56.0,287.0,24.0,294.92,13.0,291.29,2.569999999999993,96.0,69.0,0.9450661352470041,165,27.0,34.0,0.16
07:31:32,290.0,84.0,291.07,70.0,287.0,28.0,294.0,14.0,290.54,1.0699999999999932,112.0,84.0,1.3197613420580259,196,28.0,31.0,0.14
07:31:33,290.0,9.0,294.0,9.0,287.0,18.0,300.79,39.0,292.0,4.0,27.0,48.0,1.26930295831643,75,-21.0,-121.0,-0.28
07:31:34,290.5,10.0,294.0,10.0,288.17,23.0,301.0,50.0,292.25,3.5,33.0,60.0,0.878538559194136,93,-27.0,18.0,-0.29
07:31:35,291.5,12.0,293.08,12.0,290.0,12.0,301.0,60.0,292.29,1.579999999999984,24.0,72.0,0.7501533176564212,96,-48.0,3.0,-0.5
07:31:36,295.62,94.0,301.0,70.0,288.2,20.0,303.0,56.0,298.31,5.3799999999999955,114.0,126.0,3.011805106574859,240,-12.0,144.0,-0.05
07:31:37,296.0,110.0,300.0,50.0,290.0,10.0,304.78,46.0,298.0,4.0,120.0,96.0,3.27636231207567,216,24.0,-24.0,0.11
07:31:38,296.0,121.0,299.82,55.0,291.12,16.0,301.89,19.0,297.91,3.819999999999993,137.0,74.0,3.1821093632980886,211,63.0,-5.0,0.3
07:31:39,296.0,176.0,297.88,80.0,290.86,21.0,300.0,80.0,296.94,1.8799999999999955,197.0,160.0,2.5125385569158825,357,37.0,146.0,0.1
07:31:40,296.0,119.0,297.0,65.0,290.0,13.0,300.0,65.0,296.5,1.0,132.0,130.0,0.7717966053233544,262,2.0,-95.0,0.01
07:31:41,296.0,60.0,299.14,70.0,290.0,14.0,301.0,30.0,297.57,3.1399999999999864,74.0,100.0,0.6460108358136949,174,-26.0,-88.0,-0.15
07:31:42,296.0,18.0,301.56,45.0,290.0,9.0,303.0,9.0,298.78,5.560000000000002,27.0,54.0,0.8827513806211876,81,-27.0,-93.0,-0.33
07:31:43,290.29,35.0,302.0,50.0,286.0,15.0,303.0,10.0,296.14,11.70999999999998,50.0,60.0,1.0384507691695182,110,-10.0,29.0,-0.09
07:31:44,288.0,55.0,302.0,55.0,284.0,22.0,303.0,11.0,295.0,14.0,77.0,66.0,1.4386521469726044,143,11.0,33.0,0.08
07:31:45,288.0,60.0,300.86,56.0,284.0,24.0,302.29,28.0,294.43,12.860000000000014,84.0,84.0,1.7986467135012967,168,0.0,25.0,0.0
07:31:46,288.0,28.0,300.94,63.0,284.0,40.0,301.59,37.0,294.47,12.939999999999998,68.0,100.0,1.8217656270742373,168,-32.0,0.0,-0.19
07:31:47,289.78,49.0,296.79,28.0,287.31,16.0,299.0,14.0,293.28,7.010000000000048,65.0,42.0,1.0367400831402223,107,23.0,-61.0,0.21
07:31:48,290.33,147.0,300.25,92.0,289.17,18.0,302.06,85.0,295.29,9.920000000000016,165.0,177.0,0.7694348575348422,342,-12.0,177.5,-0.04
07:31:49,291.08,87.0,299.08,60.0,290.0,12.0,300.58,60.0,295.08,8.0,99.0,120.0,0.7832943252632759,219,-21.0,-123.0,-0.1
07:31:50,292.0,77.0,299.36,28.0,290.0,11.0,301.27,55.0,295.68,7.360000000000014,88.0,83.0,0.9359754270223049,171,5.0,-48.0,0.03
07:31:51,292.0,112.0,299.0,32.0,290.0,16.0,300.0,80.0,295.5,7.0,128.0,112.0,0.9689582034275526,240,16.0,69.0,0.07
07:31:52,293.1,58.0,298.45,22.0,291.4,15.0,299.76,33.0,295.78,5.349999999999966,73.0,55.0,0.2852718002001388,128,18.0,-112.0,0.14
07:31:53,296.0,30.0,297.67,27.0,293.0,105.0,298.73,49.0,296.83,1.670000000000016,135.0,76.0,0.6482129279714851,211,59.0,83.0,0.28
07:31:54,296.81,62.0,299.76,51.0,293.06,50.0,304.96,121.0,298.29,2.9499999999999886,112.0,172.0,1.169243345069467,284,-60.0,73.0,-0.21
07:31:55,296.0,14.0,303.0,28.0,290.0,14.0,307.0,126.0,299.5,7.0,28.0,154.0,1.6970120800951956,182,-126.0,-102.0,-0.69
07:31:56,296.0,11.0,303.0,22.0,290.0,11.0,307.0,99.0,299.5,7.0,22.0,121.0,1.6491967741869942,143,-99.0,-39.0,-0.69
07:31:57,287.0,40.0,300.14,28.0,280.0,96.0,305.48,52.0,293.57,13.139999999999986,136.0,80.0,2.475413096836363,216,56.0,73.0,0.26
07:31:58,289.95,38.0,301.78,46.0,285.95,55.0,302.83,41.0,295.86,11.829999999999984,93.0,87.0,2.5805483913286893,180,6.0,-36.0,0.03
07:31:59,292.46,26.0,300.0,26.0,291.0,65.0,302.0,52.0,296.23,7.5400000000000205,91.0,78.0,2.556084896866556,169,13.0,-11.0,0.08
07:32:00,291.54,37.0,298.75,64.0,289.59,75.0,300.5,32.0,295.15,7.2099999999999795,112.0,96.0,2.1754700641447244,208,16.0,39.0,0.08
07:32:01,291.11,37.0,297.31,65.0,289.08,75.0,300.0,26.0,294.21,6.199999999999989,112.0,91.0,1.1117463739497988,203,21.0,-5.0,0.1
07:32:02,295.0,7.0,297.0,35.0,291.0,21.0,302.0,34.0,296.0,2.0,28.0,69.0,0.8213708054163045,97,-41.0,-106.0,-0.42
07:32:03,295.0,7.0,297.0,35.0,291.0,21.0,302.0,14.0,296.0,2.0,28.0,49.0,0.8393271114352352,77,-21.0,-20.0,-0.27
07:32:04,290.66,35.0,296.08,65.0,289.36,50.0,301.38,26.0,293.37,5.419999999999959,85.0,91.0,1.1498826026992903,176,-6.0,99.0,-0.03
07:32:05,291.0,20.0,295.4,50.0,289.0,60.0,301.0,20.0,293.2,4.399999999999977,80.0,70.0,1.3725268667646222,150,10.0,-26.0,0.07
07:32:06,291.0,23.0,294.17,60.0,289.0,72.0,300.42,24.0,292.58,3.170000000000016,95.0,84.0,1.642315438638657,179,11.0,29.0,0.06
07:32:07,291.0,8.0,293.62,40.0,289.0,48.0,300.0,16.0,292.31,2.6200000000000045,56.0,56.0,1.467913485186113,112,0.0,-67.0,0.0
07:32:08,289.15,52.0,295.21,33.0,288.0,48.0,300.71,34.0,292.18,6.060000000000002,100.0,67.0,0.5319492456913524,167,33.0,55.0,0.2
07:32:09,289.0,108.0,300.08,37.0,287.0,54.0,301.14,44.0,294.54,11.079999999999984,162.0,81.0,0.9655671908218093,243,81.0,76.0,0.33
07:32:10,290.56,41.0,298.4,43.0,289.29,51.0,300.04,46.0,294.48,7.839999999999975,92.0,89.0,1.188410703415036,181,3.0,-62.0,0.02
07:32:11,296.14,14.0,298.12,43.0,290.46,26.0,299.69,29.0,297.13,1.9800000000000182,40.0,72.0,2.0251839422608056,112,-32.0,-69.0,-0.29
07:32:12,293.18,17.0,297.39,41.0,289.43,42.0,301.73,22.0,295.28,4.2099999999999795,59.0,63.0,1.7792751333031025,122,-4.0,10.0,-0.03
07:32:13,290.64,22.0,297.82,22.0,289.0,66.0,303.44,27.0,294.23,7.180000000000007,88.0,49.0,1.18354129627598,137,39.0,15.0,0.28
07:32:14,291.0,30.0,295.53,30.0,289.0,90.0,304.85,47.0,293.27,4.529999999999973,120.0,77.0,1.4488857787937417,197,43.0,60.0,0.22
07:32:15,291.21,19.0,294.06,32.0,289.0,96.0,304.0,16.0,292.64,2.8500000000000227,115.0,48.0,1.772723892768107,163,67.0,-34.0,0.41
07:32:16,289.15,40.0,292.61,23.0,287.76,25.0,304.14,51.0,290.88,3.4600000000000364,65.0,74.0,1.6635955037182,139,-9.0,-24.0,-0.06
07:32:17,288.2,50.0,289.87,71.0,287.56,45.0,292.5,44.0,289.04,1.670000000000016,95.0,115.0,2.062200281251059,210,-20.0,71.0,-0.1
07:32:18,288.0,6.0,289.0,30.0,286.0,6.0,302.0,14.0,288.5,1.0,12.0,44.0,2.1129789397891305,56,-32.0,-154.0,-0.57
07:32:19,293.54,13.0,302.0,21.0,287.71,7.0,305.0,28.0,297.77,8.45999999999998,20.0,49.0,3.731444760410092,69,-29.0,13.0,-0.42
07:32:20,294.0,22.0,302.0,33.0,288.36,11.0,305.0,44.0,298.0,8.0,33.0,77.0,4.691686264019731,110,-44.0,41.0,-0.4
07:32:21,294.0,20.0,302.0,30.0,290.0,10.0,305.0,40.0,298.0,8.0,30.0,70.0,5.0179996014339014,100,-40.0,-10.0,-0.4
07:32:22,294.0,24.0,300.67,48.0,290.0,12.0,302.37,43.0,297.33,6.670000000000016,36.0,91.0,4.156915924094461,127,-55.0,27.0,-0.43
07:32:23,291.09,22.0,295.98,46.0,288.32,19.0,298.92,59.0,293.53,4.890000000000043,41.0,105.0,1.9180276327492496,146,-64.0,19.0,-0.44
07:32:24,290.0,12.0,293.06,34.0,288.0,12.0,294.54,26.0,291.53,3.0600000000000023,24.0,60.0,2.9720481153558524,84,-36.0,-62.0,-0.43
07:32:25,288.5,16.0,290.6,43.0,282.88,26.0,291.79,42.0,289.55,2.1000000000000227,42.0,85.0,3.6473442393049402,127,-43.0,43.0,-0.34
07:32:26,279.4,60.0,285.94,47.0,274.8,45.0,289.07,45.0,282.67,6.5400000000000205,105.0,92.0,5.436259743609784,197,13.0,70.0,0.07
07:32:27,279.0,126.0,285.58,62.0,270.49,55.0,289.31,32.0,282.29,6.579999999999984,181.0,94.0,5.15801124465563,275,87.0,78.0,0.32
07:32:28,279.0,78.0,284.38,13.0,244.63,71.0,286.0,33.0,281.69,5.3799999999999955,149.0,46.0,4.625524835085777,195,103.0,-80.0,0.53
07:32:29,279.0,84.0,280.18,44.0,270.86,154.0,290.29,14.0,279.59,1.1800000000000068,238.0,58.0,3.7661279850792155,296,180.0,101.0,0.61
07:32:30,279.0,48.0,280.0,24.0,263.5,88.0,288.0,8.0,279.5,1.0,136.0,32.0,1.5047989898979806,168,104.0,-128.0,0.62
07:32:31,279.0,90.0,280.0,45.0,219.72,181.0,288.0,15.0,279.5,1.0,271.0,60.0,1.364488915307988,331,211.0,163.0,0.64
07:32:32,279.0,42.0,280.0,21.0,84.26,57.0,288.0,7.0,279.5,1.0,99.0,28.0,0.9701185494560296,127,71.0,-178.5,0.56
07:32:33,279.0,52.0,288.0,11.0,132.27,11.0,296.0,44.0,283.5,9.0,63.0,55.0,1.7792189297549705,118,8.0,-9.0,0.07
07:32:34,279.0,30.0,288.0,6.0,173.2,40.0,296.0,24.0,283.5,9.0,70.0,30.0,2.1908902300201847,100,40.0,-18.0,0.4
07:32:35,286.0,92.0,295.09,35.0,242.15,52.0,296.67,48.0,290.54,9.089999999999975,144.0,83.0,4.510467824959677,227,61.0,127.0,0.27
07:32:36,291.0,238.0,296.0,56.0,290.0,140.0,297.0,56.0,293.5,5.0,378.0,112.0,5.734833912154262,490,266.0,177.5,0.54
07:32:37,291.67,204.0,296.0,48.0,290.0,276.0,297.0,48.0,293.83,4.329999999999984,480.0,96.0,5.158660678896466,576,384.0,86.0,0.67
07:32:38,292.0,119.0,296.0,28.0,290.0,161.0,297.0,28.0,294.0,4.0,280.0,56.0,4.463550156544811,336,224.0,-178.5,0.67
07:32:39,292.54,193.0,295.7,40.0,290.0,299.0,296.49,57.0,294.12,3.159999999999968,492.0,97.0,1.5040678176165787,589,395.0,177.5,0.67
07:32:40,294.75,109.0,327.18,73.0,291.48,202.0,388.4,57.0,310.97,32.43000000000001,311.0,130.0,7.654262211342631,441,181.0,-148.0,0.41
07:32:41,296.0,48.0,386.0,28.0,295.0,48.0,413.4,20.0,341.0,90.0,96.0,48.0,20.493114209411484,144,48.0,-178.5,0.33
07:32:42,296.96,50.0,304.0,22.0,295.59,44.0,402.0,44.0,300.48,7.0400000000000205,94.0,66.0,19.640269346421448,160,28.0,16.0,0.17
07:32:43,298.0,44.0,388.22,36.0,296.0,44.0,534.38,42.0,343.11,90.22000000000003,88.0,78.0,22.837016661551417,166,10.0,6.0,0.06
07:32:44,293.36,39.0,427.69,52.0,290.4,201.0,573.17,36.0,360.53,134.32999999999998,240.0,88.0,24.754326288549436,328,152.0,162.0,0.46
07:32:45,291.0,9.0,411.49,37.0,290.0,207.0,420.44,36.0,351.24,120.49000000000001,216.0,73.0,23.00908016414317,289,143.0,-39.0,0.49
07:32:46,291.0,16.0,366.55,66.0,290.0,368.0,398.18,68.0,328.77,75.55000000000001,384.0,134.0,23.42574715990864,518,250.0,177.5,0.48
07:32:47,292.08,37.0,359.15,33.0,290.23,80.0,360.72,39.0,325.62,67.07,117.0,72.0,14.774990016915961,189,45.0,-178.5,0.24
07:32:48,294.0,70.0,358.0,40.0,292.6,30.0,386.92,37.0,326.0,64.0,100.0,77.0,16.31274563033358,177,23.0,-12.0,0.13
07:32:49,294.22,54.0,356.62,32.0,291.0,8.0,443.86,22.0,325.42,62.39999999999998,62.0,54.0,11.167707911651778,116,8.0,-61.0,0.07
07:32:50,295.45,55.0,355.58,48.0,291.0,11.0,501.2,51.0,325.52,60.129999999999995,66.0,99.0,1.4168909626260309,165,-33.0,49.0,-0.2
07:32:51,296.0,80.0,352.94,66.0,293.69,29.0,436.38,58.0,324.47,56.94,109.0,124.0,0.5674328153813507,233,-15.0,68.0,-0.06
07:32:52,296.0,45.0,351.33,36.0,294.0,18.0,503.0,18.0,323.67,55.329999999999984,63.0,54.0,0.9347887461730109,117,9.0,-116.0,0.08
07:32:53,296.0,42.0,351.0,40.0,294.0,20.0,514.75,24.0,323.5,55.0,62.0,64.0,0.9454258299686281,126,-2.0,9.0,-0.02
07:32:54,296.0,33.0,349.81,42.0,294.0,22.0,388.38,42.0,322.9,53.81,55.0,84.0,1.0123586320924363,139,-29.0,13.0,-0.21
07:32:55,296.0,30.0,345.56,43.0,294.0,20.0,350.17,41.0,320.78,49.56,50.0,84.0,1.394428198213355,134,-34.0,-5.0,-0.25
07:32:56,296.06,16.0,313.0,12.0,294.46,13.0,348.0,24.0,304.53,16.939999999999998,29.0,36.0,8.212632342919916,65,-7.0,-69.0,-0.11
07:32:57,292.0,18.0,311.6,48.0,291.0,23.0,319.49,39.0,301.8,19.600000000000023,41.0,87.0,10.624091490568773,128,-46.0,63.0,-0.36
07:32:58,290.0,16.0,305.9,29.0,289.0,8.0,307.73,11.0,297.95,15.899999999999977,24.0,40.0,11.447155541879305,64,-16.0,-64.0,-0.25
07:32:59,290.0,26.0,300.18,44.0,289.0,13.0,301.83,29.0,295.09,10.180000000000007,39.0,73.0,10.033386766191194,112,-34.0,48.0,-0.3
07:33:00,289.71,35.0,295.14,70.0,288.81,16.0,296.39,67.0,292.43,5.430000000000007,51.0,137.0,4.897152233694911,188,-86.0,76.0,-0.46
07:33:01,288.0,75.0,290.33,60.0,286.0,15.0,291.84,63.0,289.17,2.329999999999984,90.0,123.0,4.876722259877477,213,-33.0,25.0,-0.15
07:33:11,271.18,68.0,279.26,58.0,265.14,42.0,292.12,32.0,275.22,8.079999999999984,110.0,90.0,9.30418561723659,200,20.0,88.0,0.1
07:33:12,273.0,72.0,279.0,72.0,272.0,9.0,280.0,27.0,276.0,6.0,81.0,99.0,6.423017203775096,180,-18.0,-20.0,-0.1
07:33:13,273.93,30.0,279.0,72.0,273.88,51.0,280.0,27.0,276.47,5.069999999999993,81.0,99.0,5.101534082998003,180,-18.0,0.0,-0.1
07:33:14,276.74,43.0,279.32,71.0,275.89,99.0,281.2,45.0,278.03,2.579999999999984,142.0,116.0,1.225826251958629,258,26.0,78.0,0.1
07:33:15,276.26,35.0,281.6,15.0,253.82,44.0,289.69,13.0,278.93,5.340000000000032,79.0,28.0,1.517448516421784,107,51.0,-151.0,0.48
07:33:16,276.33,144.0,288.56,32.0,207.52,73.0,462.21,19.0,282.45,12.230000000000018,217.0,51.0,2.5642893752442033,268,166.0,161.0,0.62
07:33:17,277.13,170.0,337.57,14.0,276.3,80.0,487.62,16.0,307.35,60.44,250.0,30.0,12.880072981159257,280,220.0,12.0,0.79
07:33:18,277.03,272.0,341.0,24.0,276.21,112.0,531.86,21.0,309.01,63.97000000000003,384.0,45.0,15.641070295858489,429,339.0,149.0,0.79
07:33:19,278.8,160.0,325.23,13.0,277.57,224.0,425.8,15.0,302.02,46.43000000000001,384.0,28.0,14.224089426040074,412,356.0,-17.0,0.86
07:33:20,282.53,114.0,294.8,10.0,280.21,169.0,331.29,14.0,288.66,12.270000000000039,283.0,24.0,11.766361799638172,307,259.0,-105.0,0.84
07:33:21,295.37,82.0,318.13,39.0,293.51,65.0,336.0,40.0,306.75,22.75999999999999,147.0,79.0,8.297714745638267,226,68.0,-81.0,0.3
07:33:22,296.0,38.0,348.46,13.0,294.0,39.0,510.92,52.0,322.23,52.45999999999998,77.0,65.0,12.136697656281207,142,12.0,-84.0,0.08
07:33:23,296.0,20.0,414.0,10.0,294.0,30.0,718.8,40.0,355.0,118.0,50.0,50.0,25.409586183170685,100,0.0,-42.0,0.0
07:33:24,296.0,26.0,361.04,27.0,294.0,39.0,359.69,26.0,328.52,65.04000000000002,65.0,53.0,24.79945705050771,118,12.0,18.0,0.1
07:33:25,296.0,22.0,317.71,41.0,294.0,33.0,318.57,14.0,306.85,21.70999999999998,55.0,55.0,19.850464730075597,110,0.0,-8.0,0.0
07:33:26,296.0,44.0,314.0,7.0,294.0,21.0,315.0,28.0,305.0,18.0,65.0,35.0,20.23940340029753,100,30.0,-10.0,0.3
07:33:27,296.0,84.0,311.64,33.0,294.0,36.0,314.48,27.0,303.82,15.639999999999986,120.0,60.0,22.11998010848961,180,60.0,80.0,0.33
07:33:28,296.0,49.0,311.0,28.0,294.0,24.0,313.0,7.0,303.5,15.0,73.0,35.0,10.692147585961317,108,38.0,-72.0,0.35
07:33:29,296.0,98.0,308.55,29.0,294.0,53.0,309.2,41.0,302.28,12.550000000000011,151.0,70.0,1.7279178221142701,221,81.0,113.0,0.37
07:33:30,296.0,93.0,302.38,48.0,294.0,45.0,303.44,27.0,299.19,6.3799999999999955,138.0,75.0,2.2172099584794402,213,63.0,-8.0,0.3
07:33:31,295.49,63.0,299.24,41.0,292.25,55.0,299.65,46.0,297.37,3.75,118.0,87.0,2.8295176267308744,205,31.0,-8.0,0.15
07:33:32,292.05,60.0,295.7,37.0,290.12,80.0,296.31,42.0,293.88,3.6499999999999773,140.0,79.0,3.8606385482172687,219,61.0,14.0,0.28
07:33:33,290.76,100.0,293.15,27.0,289.94,149.0,295.55,58.0,291.95,2.3899999999999864,249.0,85.0,4.123909552837173,334,164.0,115.0,0.49
07:33:34,290.0,59.0,291.62,8.0,289.0,24.0,377.39,23.0,290.81,1.6200000000000045,83.0,31.0,3.558019111806757,114,52.0,-178.5,0.46
07:33:35,290.0,63.0,291.11,9.0,289.0,27.0,379.89,36.0,290.56,1.1100000000000136,90.0,45.0,2.8145390386317857,135,45.0,21.0,0.33
07:33:36,290.0,43.0,300.6,25.0,289.0,48.0,498.71,31.0,295.3,10.600000000000023,91.0,56.0,2.0412373698280124,147,35.0,12.0,0.24
07:33:37,290.86,28.0,299.4,15.0,289.03,110.0,423.52,61.0,295.13,8.539999999999964,138.0,76.0,2.3112009864964884,214,62.0,67.0,0.29
07:33:38,290.0,12.0,298.42,12.0,289.0,41.0,370.0,48.0,294.21,8.420000000000016,53.0,60.0,2.336486678751298,113,-7.0,-101.0,-0.06
07:33:39,288.11,38.0,297.0,8.0,287.06,216.0,396.29,35.0,292.55,8.889999999999986,254.0,43.0,1.9959083145230458,297,211.0,177.5,0.71
07:33:40,288.43,105.0,324.18,22.0,287.04,400.0,390.1,68.0,306.31,35.75,505.0,90.0,5.481778908345522,595,415.0,177.5,0.7
07:33:41,294.0,28.0,328.43,28.0,288.95,116.0,595.0,28.0,311.21,34.43000000000001,144.0,56.0,8.338975956313895,200,88.0,-178.5,0.44
07:33:43,292.0,24.0,407.5,24.0,289.06,128.0,632.33,24.0,349.75,115.5,152.0,48.0,43.94437028789897,200,104.0,-20.0,0.52
07:33:44,289.06,124.0,316.09,22.0,288.83,72.0,443.86,21.0,302.58,27.029999999999973,196.0,43.0,41.86363159115532,239,153.0,39.0,0.64
07:33:45,291.93,271.0,328.4,40.0,290.38,125.0,588.0,30.0,310.16,36.46999999999997,396.0,70.0,41.25406222422196,466,326.0,177.5,0.7
07:33:46,292.0,290.0,430.62,40.0,291.0,170.0,636.22,32.0,361.31,138.62,460.0,72.0,40.118114985626846,532,388.0,66.0,0.73
07:33:48,294.0,118.0,349.5,44.0,291.06,255.0,354.97,58.0,321.75,55.5,373.0,102.0,29.082134894123175,475,271.0,109.0,0.57
07:33:49,294.0,104.0,331.23,39.0,293.0,104.0,347.04,47.0,312.62,37.23000000000002,208.0,86.0,26.78861791880978,294,122.0,-178.5,0.41
07:33:50,294.0,73.0,302.28,25.0,293.0,88.0,303.55,33.0,298.14,8.279999999999973,161.0,58.0,29.842684698263607,219,103.0,-75.0,0.47
07:33:51,294.0,36.0,299.58,31.0,293.0,96.0,301.55,29.0,296.79,5.579999999999984,132.0,60.0,27.726739260143354,192,72.0,-27.0,0.38
07:33:52,293.6,30.0,298.5,20.0,292.12,86.0,299.4,20.0,296.05,4.899999999999977,116.0,40.0,11.545221955422633,156,76.0,-36.0,0.49
07:33:53,293.0,36.0,297.0,14.0,291.0,133.0,299.0,21.0,295.0,4.0,169.0,35.0,7.301345766361973,204,134.0,48.0,0.66
07:33:54,293.88,76.0,295.78,27.0,291.54,78.0,299.92,24.0,294.83,1.8999999999999773,154.0,51.0,1.3641737425896734,205,103.0,1.0,0.5
07:33:55,293.62,48.0,382.36,45.0,291.27,132.0,509.05,44.0,337.99,88.74000000000001,180.0,89.0,18.94405236479177,269,91.0,64.0,0.34
07:33:58,292.0,144.0,316.45,58.0,291.0,120.0,320.71,42.0,304.22,24.44999999999999,264.0,100.0,45.93288549612335,364,164.0,135.0,0.45
07:33:59,292.0,56.0,315.8,25.0,291.0,50.0,318.0,20.0,303.9,23.80000000000001,106.0,45.0,43.69316571272879,151,61.0,-178.5,0.4
07:34:00,292.06,68.0,314.08,37.0,291.08,87.0,316.95,38.0,303.07,22.019999999999982,155.0,75.0,47.61582898574777,230,80.0,79.0,0.35
07:34:01,293.0,36.0,313.62,24.0,292.0,63.0,318.0,38.0,303.31,20.620000000000005,99.0,62.0,30.872307170018434,161,37.0,-69.0,0.23
07:34:02,293.18,44.0,310.27,22.0,292.0,77.0,312.18,22.0,301.73,17.089999999999975,121.0,44.0,0.9630316713217182,165,77.0,4.0,0.47
07:34:03,294.08,52.0,307.69,29.0,292.0,91.0,309.54,26.0,300.88,13.610000000000014,143.0,55.0,1.237727756806216,198,88.0,33.0,0.44
07:34:04,295.0,40.0,307.1,20.0,291.64,22.0,308.2,20.0,301.05,12.100000000000023,62.0,40.0,1.1281046050648131,102,22.0,-96.0,0.22
07:34:05,296.43,53.0,306.13,30.0,290.61,108.0,307.13,30.0,301.28,9.699999999999989,161.0,60.0,0.9813001579376084,221,101.0,119.0,0.46
07:34:06,298.0,27.0,305.5,20.0,295.16,114.0,307.0,18.0,301.75,7.5,141.0,38.0,0.39353525886292867,179,103.0,-42.0,0.58
07:34:07,298.0,39.0,303.69,29.0,297.0,156.0,305.0,32.0,300.84,5.689999999999998,195.0,61.0,0.37262581763516345,256,134.0,77.0,0.52
07:34:08,297.45,44.0,300.42,24.0,294.86,173.0,326.73,22.0,298.94,2.9700000000000273,217.0,46.0,1.0785035929324522,263,171.0,7.0,0.65
07:34:09,297.0,120.0,299.1,20.0,291.23,176.0,504.54,28.0,298.05,2.1000000000000227,296.0,48.0,1.5956722721060628,344,248.0,81.0,0.72
07:34:10,297.0,46.0,337.29,7.0,296.0,24.0,565.88,8.0,317.14,40.29000000000002,70.0,15.0,7.851148323651013,85,55.0,-178.5,0.65
07:34:13,297.0,70.0,414.86,7.0,296.0,42.0,435.57,7.0,355.93,117.86000000000001,112.0,14.0,51.38658803617891,126,98.0,14.0,0.78
07:34:14,297.0,89.0,358.0,13.0,296.0,54.0,445.17,12.0,327.5,61.0,143.0,25.0,44.54303570705487,168,118.0,42.0,0.7
07:34:15,297.0,60.0,331.67,21.0,296.0,54.0,452.17,24.0,314.33,34.670000000000016,114.0,45.0,45.23612129703391,159,69.0,-9.0,0.43
07:34:16,296.62,52.0,375.5,38.0,295.71,68.0,379.78,23.0,336.06,78.88,120.0,61.0,22.55128976355822,181,59.0,22.0,0.33
07:34:17,296.0,70.0,331.0,42.0,295.0,70.0,385.63,19.0,313.5,35.0,140.0,61.0,17.54779843740994,201,79.0,20.0,0.39
07:34:18,296.0,85.0,328.9,48.0,295.0,85.0,341.34,47.0,312.45,32.89999999999998,170.0,95.0,10.519337906920196,265,75.0,64.0,0.28
07:34:19,296.64,42.0,321.0,44.0,295.67,90.0,323.77,66.0,308.82,24.360000000000014,132.0,110.0,10.842881074694537,242,22.0,-23.0,0.09
07:34:20,297.38,24.0,301.31,26.0,295.79,70.0,317.62,24.0,299.34,3.930000000000007,94.0,50.0,13.518860159050746,144,44.0,-98.0,0.31
07:34:21,295.13,52.0,298.02,44.0,293.63,79.0,299.79,29.0,296.58,2.8899999999999864,131.0,73.0,7.72660468769888,204,58.0,60.0,0.28
07:34:22,295.0,45.0,296.52,46.0,293.0,72.0,298.97,29.0,295.76,1.5199999999999818,117.0,75.0,7.572384036746323,192,42.0,-12.0,0.22
07:34:23,292.81,31.0,294.81,43.0,291.8,41.0,295.98,47.0,293.81,2.0,72.0,90.0,5.910644634891438,162,-18.0,-30.0,-0.11
07:34:24,292.0,47.0,293.68,41.0,291.0,44.0,295.0,33.0,292.84,1.6800000000000068,91.0,74.0,2.5383813740199326,165,17.0,3.0,0.1
07:34:25,292.0,58.0,293.0,12.0,291.0,48.0,295.0,36.0,292.5,1.0,106.0,48.0,1.7987273278547666,154,58.0,-11.0,0.38
07:34:26,292.0,40.0,308.86,28.0,291.0,48.0,362.26,34.0,300.43,16.860000000000014,88.0,62.0,3.254653591393638,150,26.0,-4.0,0.17
07:34:27,292.0,24.0,400.71,21.0,291.0,32.0,475.86,21.0,346.36,108.70999999999998,56.0,42.0,23.241608593209953,98,14.0,-52.0,0.14
07:34:28,292.0,18.0,417.57,21.0,291.0,24.0,467.86,21.0,354.79,125.57,42.0,42.0,30.609953119859078,84,0.0,-14.0,0.0
07:34:29,292.5,30.0,400.0,28.0,291.31,29.0,439.58,26.0,346.25,107.5,59.0,54.0,29.189849776933926,113,5.0,29.0,0.04
07:34:30,291.95,57.0,408.27,44.0,290.47,79.0,427.95,43.0,350.11,116.32,136.0,87.0,22.16644130211182,223,49.0,110.0,0.22
07:34:31,290.08,50.0,408.0,24.0,289.87,106.0,414.5,28.0,349.04,117.92000000000002,156.0,52.0,3.4931862246333285,208,104.0,-15.0,0.5
07:34:32,291.67,12.0,408.0,40.0,290.01,186.0,427.0,44.0,349.83,116.32999999999998,198.0,84.0,3.0809543975800695,282,114.0,74.0,0.4
07:34:33,293.35,17.0,407.06,63.0,290.03,166.0,427.0,52.0,350.21,113.70999999999998,183.0,115.0,1.6515507863726429,298,68.0,16.0,0.23
07:34:34,295.43,35.0,332.93,56.0,292.5,16.0,354.81,54.0,314.18,37.5,51.0,110.0,15.935241761578942,161,-59.0,-137.0,-0.37
07:34:35,296.44,43.0,307.37,41.0,293.8,20.0,338.08,50.0,301.9,10.930000000000007,63.0,91.0,23.22774138826184,154,-28.0,-7.0,-0.18
07:34:36,295.0,16.0,303.0,32.0,291.0,8.0,390.1,20.0,299.0,8.0,24.0,52.0,25.294428833242584,76,-28.0,-78.0,-0.37
07:34:37,295.0,22.0,301.64,44.0,291.0,33.0,352.92,26.0,298.32,6.639999999999986,55.0,70.0,21.910628014732396,125,-15.0,49.0,-0.12
07:34:38,290.27,219.0,301.0,60.0,289.44,81.0,437.02,50.0,295.64,10.730000000000018,300.0,110.0,7.265846131042088,410,190.0,177.5,0.46
07:34:39,297.0,60.0,300.75,32.0,290.0,184.0,499.0,40.0,298.88,3.75,244.0,72.0,2.2281651644301594,316,172.0,-94.0,0.54
07:34:40,297.0,48.0,300.0,32.0,290.0,48.0,563.88,40.0,298.5,3.0,96.0,72.0,1.3850342955971562,168,24.0,-148.0,0.14
07:34:41,297.0,96.0,299.0,64.0,290.0,129.0,466.2,60.0,298.0,2.0,225.0,124.0,1.2854259994182335,349,101.0,177.5,0.29
07:34:42,297.0,92.0,298.94,34.0,290.0,90.0,363.88,32.0,297.97,1.9399999999999977,182.0,66.0,1.264009493627475,248,116.0,-101.0,0.47
07:34:43,297.0,120.0,298.0,9.0,294.31,65.0,299.0,36.0,297.5,1.0,185.0,45.0,0.5316954015037776,230,140.0,-18.0,0.61
07:34:44,297.0,71.0,298.0,10.0,295.0,70.0,343.11,37.0,297.5,1.0,141.0,47.0,0.41674932511086027,188,94.0,-42.0,0.5
07:34:45,295.15,52.0,297.67,12.0,291.4,100.0,446.5,36.0,296.41,2.5200000000000387,152.0,48.0,0.6434516298685518,200,104.0,12.0,0.52
07:34:46,295.0,76.0,296.27,15.0,291.81,93.0,310.53,45.0,295.63,1.2699999999999818,169.0,60.0,0.9573243964198854,229,109.0,29.0,0.48
07:34:47,295.0,26.0,296.0,11.0,292.0,66.0,302.0,33.0,295.5,1.0,92.0,44.0,0.9701391652649083,136,48.0,-93.0,0.35
07:34:48,292.95,44.0,295.75,12.0,290.97,87.0,392.33,36.0,294.35,2.8000000000000114,131.0,48.0,1.1675915381592712,179,83.0,43.0,0.46
07:34:49,291.74,68.0,295.05,55.0,289.94,115.0,339.62,29.0,293.39,3.3100000000000023,183.0,84.0,1.1867940006511095,267,99.0,88.0,0.37
07:34:50,292.0,63.0,324.97,31.0,290.0,99.0,347.1,30.0,308.48,32.97000000000003,162.0,61.0,6.22228655720553,223,101.0,-44.0,0.45
07:34:51,292.18,45.0,322.73,11.0,290.14,87.0,332.0,33.0,307.45,30.55000000000001,132.0,44.0,7.468930981069501,176,88.0,-47.0,0.5
07:34:52,292.24,41.0,322.0,11.0,290.71,84.0,362.31,45.0,307.12,29.75999999999999,125.0,56.0,7.5900770747061035,181,69.0,5.0,0.38
07:34:53,292.0,36.0,319.67,12.0,290.0,75.0,413.55,44.0,305.83,27.670000000000016,111.0,56.0,6.256950535203118,167,55.0,-14.0,0.33
07:34:54,292.0,42.0,317.64,14.0,290.0,84.0,368.14,42.0,304.82,25.639999999999986,126.0,56.0,1.4309612153995792,182,70.0,15.0,0.38
07:34:55,292.0,21.0,315.43,7.0,290.0,42.0,514.61,33.0,303.71,23.430000000000007,63.0,40.0,1.5647140313738346,103,23.0,-79.0,0.22
07:34:56,294.66,94.0,313.33,18.0,291.67,63.0,426.36,56.0,304.0,18.66999999999996,157.0,74.0,1.3994391733756597,231,83.0,128.0,0.36
07:34:57,296.0,95.0,310.78,9.0,293.0,27.0,416.0,29.0,303.39,14.779999999999973,122.0,38.0,0.9829801625559773,160,84.0,-71.0,0.53
07:34:58,296.4,91.0,310.0,14.0,295.31,91.0,392.0,70.0,303.2,13.600000000000023,182.0,84.0,0.6351613967951609,266,98.0,106.0,0.37
07:34:59,298.0,30.0,309.44,16.0,296.0,100.0,391.34,32.0,303.72,11.439999999999998,130.0,48.0,0.3124579971433825,178,82.0,-88.0,0.46
07:35:00,298.0,27.0,308.0,25.0,296.0,90.0,309.0,11.0,303.0,10.0,117.0,36.0,0.4010236900470018,153,81.0,-25.0,0.53
07:35:01,296.97,62.0,304.5,30.0,295.57,112.0,306.77,26.0,300.73,7.529999999999973,174.0,56.0,1.1915410190082274,230,118.0,77.0,0.51
07:35:02,296.0,95.0,299.64,61.0,292.0,48.0,302.28,43.0,297.82,3.6399999999999864,143.0,104.0,2.4502816164636236,247,39.0,17.0,0.16
07:35:03,296.0,46.0,297.0,52.0,292.0,39.0,302.35,31.0,296.5,1.0,85.0,83.0,3.152265851729525,168,2.0,-79.0,0.01
07:35:04,292.27,45.0,295.72,57.0,290.1,59.0,298.0,48.0,293.99,3.4500000000000455,104.0,105.0,3.5349356429757877,209,-1.0,41.0,-0.0
07:35:05,292.0,24.0,295.0,32.0,290.0,32.0,296.0,24.0,293.5,3.0,56.0,56.0,2.955295247514414,112,0.0,-97.0,0.0
07:35:06,290.88,57.0,295.35,68.0,290.42,53.0,319.84,49.0,293.12,4.470000000000027,110.0,117.0,2.061911734284921,227,-7.0,115.0,-0.03
07:35:07,287.46,26.0,295.55,33.0,277.61,23.0,369.0,22.0,291.5,8.090000000000032,49.0,55.0,1.812324474254642,104,-6.0,-123.0,-0.06
07:35:08,284.15,55.0,289.43,42.0,228.93,29.0,318.64,33.0,286.79,5.28000000000003,84.0,75.0,2.941793670532156,159,9.0,55.0,0.06
07:35:10,275.2,45.0,281.34,41.0,241.36,45.0,283.3,20.0,278.27,6.139999999999986,90.0,61.0,13.286589855940695,151,29.0,13.0,0.19
07:35:13,271.95,20.0,288.0,28.0,259.43,14.0,448.21,70.0,279.98,16.05000000000001,34.0,98.0,9.247316908162476,132,-64.0,23.0,-0.48
07:35:16,271.05,22.0,304.92,26.0,269.09,22.0,455.23,26.0,287.98,33.870000000000005,44.0,52.0,5.918483758530332,96,-8.0,-84.0,-0.08
07:35:17,281.12,56.0,284.0,24.0,280.0,8.0,285.0,16.0,282.56,2.8799999999999955,64.0,40.0,5.568321111429106,104,24.0,8.0,0.23
07:35:18,282.62,40.0,284.4,25.0,274.0,10.0,363.0,35.0,283.51,1.7799999999999727,50.0,60.0,5.780149652040756,110,-10.0,6.0,-0.09
07:35:19,282.26,19.0,285.0,29.0,280.33,33.0,362.29,82.0,283.63,2.740000000000009,52.0,111.0,4.73374798653101,163,-59.0,53.0,-0.36
07:35:20,284.0,8.0,285.0,8.0,283.0,32.0,407.24,25.0,284.5,1.0,40.0,33.0,2.0970526936598226,73,7.0,-90.0,0.1
07:35:21,286.18,98.0,341.79,39.0,284.2,49.0,420.22,37.0,313.99,55.610000000000014,147.0,76.0,13.63053080404372,223,71.0,150.0,0.32
07:35:22,288.22,50.0,372.73,44.0,287.66,177.0,431.62,32.0,330.47,84.50999999999999,227.0,76.0,21.801639846579942,303,151.0,80.0,0.5
07:35:23,295.19,128.0,372.26,31.0,287.68,125.0,461.64,22.0,333.72,77.07,253.0,53.0,24.189269728538303,306,200.0,3.0,0.65
07:35:25,296.0,56.0,369.82,22.0,295.0,16.0,482.46,26.0,332.91,73.82,72.0,48.0,19.361498392427468,120,24.0,-178.5,0.2
07:35:26,296.0,14.0,368.0,16.0,295.0,8.0,620.0,12.0,332.0,72.0,22.0,28.0,15.643188613577802,50,-6.0,-70.0,-0.12
07:35:27,295.13,23.0,368.0,24.0,290.45,22.0,620.0,18.0,331.57,72.87,45.0,42.0,15.49588171095696,87,3.0,37.0,0.03
07:35:28,295.0,44.0,368.0,44.0,290.0,44.0,650.0,33.0,331.5,73.0,88.0,77.0,15.731831743314908,165,11.0,78.0,0.07
07:35:29,295.75,64.0,367.4,20.0,292.5,32.0,430.6,30.0,331.57,71.64999999999998,96.0,50.0,0.5931694530008035,146,46.0,-19.0,0.32
07:35:30,296.41,148.0,312.42,38.0,295.0,56.0,385.53,30.0,304.41,16.00999999999999,204.0,68.0,12.188184852551881,272,136.0,126.0,0.5
07:35:31,298.0,38.0,365.45,22.0,295.0,44.0,459.0,22.0,331.73,67.44999999999999,82.0,44.0,12.156676354990095,126,38.0,-146.0,0.3
07:35:32,298.0,27.0,363.22,18.0,295.0,36.0,441.0,18.0,330.61,65.22000000000003,63.0,36.0,12.056963962788286,99,27.0,-27.0,0.27
07:35:33,298.0,18.0,362.0,12.0,295.0,24.0,441.0,12.0,330.0,64.0,42.0,24.0,11.902452688415757,66,18.0,-33.0,0.27
07:35:34,298.0,27.0,347.12,32.0,295.0,36.0,379.56,18.0,322.56,49.120000000000005,63.0,50.0,11.458528265007505,113,13.0,47.0,0.12
07:35:35,296.5,12.0,350.67,12.0,294.0,16.0,425.8,10.0,323.58,54.170000000000016,28.0,22.0,4.2834833955526825,50,6.0,-63.0,0.12
07:35:36,295.0,18.0,361.17,12.0,293.0,24.0,479.0,12.0,328.08,66.17000000000002,42.0,24.0,3.6946826656663836,66,18.0,16.0,0.27
07:35:37,294.54,26.0,360.0,20.0,291.21,58.0,557.79,28.0,327.27,65.45999999999998,84.0,48.0,3.1299073468675895,132,36.0,66.0,0.27
07:35:38,293.0,15.0,357.4,10.0,289.0,65.0,534.17,12.0,325.2,64.39999999999998,80.0,22.0,2.349365871884548,102,58.0,-30.0,0.57
07:35:39,293.0,24.0,337.47,30.0,289.0,104.0,358.75,16.0,315.23,44.47000000000003,128.0,46.0,5.142632594301854,174,82.0,72.0,0.47
07:35:40,293.0,33.0,353.87,31.0,289.0,143.0,354.42,43.0,323.44,60.870000000000005,176.0,74.0,5.145000485906277,250,102.0,76.0,0.41
07:35:41,293.0,30.0,349.3,20.0,289.0,130.0,350.3,20.0,321.15,56.30000000000001,160.0,40.0,4.625826412650619,200,120.0,-50.0,0.6
07:35:42,293.0,48.0,346.56,32.0,289.0,241.0,347.56,32.0,319.78,53.56,289.0,64.0,3.8206478508201305,353,225.0,153.0,0.64
07:35:43,289.64,131.0,343.25,24.0,288.91,169.0,344.75,24.0,316.45,53.610000000000014,300.0,48.0,3.3704376570375683,348,252.0,-5.0,0.72
07:35:44,290.07,150.0,338.51,37.0,288.94,251.0,339.74,34.0,314.29,48.44,401.0,71.0,3.6615802599392704,472,330.0,124.0,0.7
07:35:45,293.0,64.0,330.03,38.0,289.0,384.0,330.97,36.0,311.51,37.02999999999997,448.0,74.0,3.93938827738236,522,374.0,50.0,0.72
07:35:46,289.0,216.0,324.25,24.0,288.0,27.0,325.33,18.0,306.62,35.25,243.0,42.0,4.994872370739635,285,201.0,-178.5,0.71
07:35:47,289.0,228.0,321.39,36.0,288.0,30.0,322.92,39.0,305.19,32.389999999999986,258.0,75.0,4.836074854670759,333,183.0,48.0,0.55
07:35:48,289.0,38.0,318.25,16.0,288.0,16.0,321.57,23.0,303.62,29.25,54.0,39.0,4.48794273581775,93,15.0,-178.5,0.16
07:35:49,289.0,36.0,313.26,27.0,288.0,64.0,316.33,24.0,301.13,24.25999999999999,100.0,51.0,3.8741747508314455,151,49.0,58.0,0.32
07:35:50,289.0,42.0,312.08,39.0,288.0,84.0,313.03,31.0,300.54,23.079999999999984,126.0,70.0,2.59573688959038,196,56.0,45.0,0.29
07:35:51,289.0,25.0,307.83,24.0,288.0,66.0,308.75,24.0,298.42,18.829999999999984,91.0,48.0,2.658166661438041,139,43.0,-57.0,0.31
07:35:52,289.0,65.0,300.62,32.0,288.0,60.0,303.31,26.0,294.81,11.620000000000005,125.0,58.0,3.304062650734878,183,67.0,44.0,0.37
07:35:53,289.0,56.0,297.12,16.0,288.0,48.0,305.0,16.0,293.06,8.120000000000005,104.0,32.0,3.5416196859603306,136,72.0,-47.0,0.53
07:35:54,289.0,76.0,294.17,24.0,288.0,72.0,305.0,24.0,291.58,5.170000000000016,148.0,48.0,3.7268780500550567,196,100.0,60.0,0.51
07:35:55,289.93,60.0,291.6,50.0,288.04,142.0,436.3,54.0,290.77,1.670000000000016,202.0,104.0,3.041195488616688,306,98.0,110.0,0.32
07:35:57,288.0,52.0,409.26,34.0,287.0,26.0,493.07,30.0,348.63,121.25999999999999,78.0,64.0,39.985032824795546,142,14.0,8.0,0.1
07:35:58,289.2,20.0,397.4,10.0,287.25,16.0,425.0,11.0,343.3,108.19999999999999,36.0,21.0,37.7408210032582,57,15.0,-85.0,0.26
07:35:59,291.59,34.0,387.09,11.0,289.29,14.0,393.82,11.0,339.34,95.5,48.0,22.0,30.976914791501965,70,26.0,13.0,0.37
07:36:00,292.65,85.0,350.11,45.0,288.0,17.0,361.48,31.0,321.38,57.460000000000036,102.0,76.0,19.9521933631361,178,26.0,108.0,0.15
07:36:01,293.27,44.0,345.58,12.0,287.33,18.0,347.5,20.0,319.43,52.31,62.0,32.0,13.22617215977375,94,30.0,-84.0,0.32
07:36:02,294.0,24.0,343.82,11.0,287.64,28.0,345.55,11.0,318.91,49.81999999999999,52.0,22.0,11.847669391064848,74,30.0,-20.0,0.41
07:36:03,294.69,32.0,341.8,40.0,288.0,48.0,343.25,16.0,318.24,47.110000000000014,80.0,56.0,8.953946057464005,136,24.0,62.0,0.18
07:36:04,297.0,22.0,337.44,16.0,288.0,33.0,339.0,12.0,317.22,40.44,55.0,28.0,1.548944802107521,83,27.0,-53.0,0.33
07:36:05,297.0,24.0,315.58,24.0,288.89,81.0,325.17,24.0,306.29,18.579999999999984,105.0,48.0,5.50048816015234,153,57.0,70.0,0.37
07:36:06,297.0,18.0,312.33,9.0,288.0,27.0,320.67,9.0,304.67,15.329999999999984,45.0,18.0,6.974692107898108,63,27.0,-90.0,0.43
07:36:07,297.0,16.0,311.0,12.0,288.0,24.0,311.8,10.0,304.0,14.0,40.0,22.0,7.038531807129679,62,18.0,-1.0,0.29
07:36:08,297.0,26.0,307.92,38.0,288.5,42.0,310.2,20.0,302.46,10.920000000000016,68.0,58.0,5.915384180252053,126,10.0,64.0,0.08
07:36:09,292.64,11.0,306.58,24.0,288.62,24.0,307.4,20.0,299.61,13.939999999999998,35.0,44.0,2.5284639605847907,79,-9.0,-47.0,-0.11
07:36:10,287.54,26.0,302.21,33.0,286.04,112.0,304.51,45.0,294.88,14.669999999999959,138.0,78.0,3.9971902631693887,216,60.0,137.0,0.28
07:36:11,287.37,19.0,299.22,18.0,286.02,83.0,300.78,36.0,293.3,11.850000000000023,102.0,54.0,4.655523601054579,156,48.0,-60.0,0.31
07:36:12,285.22,93.0,297.57,14.0,281.31,35.0,298.84,19.0,291.39,12.349999999999966,128.0,33.0,4.583183391484158,161,95.0,5.0,0.59
07:36:13,285.0,136.0,295.08,26.0,206.21,14.0,297.0,16.0,290.04,10.079999999999984,150.0,42.0,3.7117556492819,192,108.0,31.0,0.56
07:36:14,285.0,58.0,287.48,54.0,282.07,82.0,290.67,36.0,286.24,2.480000000000018,140.0,90.0,3.314030778368826,230,50.0,38.0,0.22
07:36:15,286.0,17.0,289.28,58.0,284.04,85.0,291.5,36.0,287.64,3.2799999999999727,102.0,94.0,2.8348051079352494,196,8.0,-34.0,0.04
07:36:16,284.12,25.0,287.3,10.0,278.29,42.0,294.8,25.0,285.71,3.180000000000007,67.0,35.0,2.445246408846305,102,32.0,-94.0,0.31
07:36:17,284.24,17.0,291.9,21.0,280.12,67.0,324.56,45.0,288.07,7.659999999999968,84.0,66.0,1.7014552594693153,150,18.0,48.0,0.12
07:36:18,286.15,13.0,300.0,21.0,285.62,13.0,378.0,35.0,293.08,13.850000000000023,26.0,56.0,2.922887271171382,82,-30.0,-68.0,-0.37
07:36:19,283.43,46.0,298.91,33.0,280.79,43.0,322.94,51.0,291.17,15.480000000000018,89.0,84.0,2.9497508369310945,173,5.0,91.0,0.03
07:36:20,280.0,44.0,293.81,27.0,278.0,11.0,297.97,33.0,286.91,13.810000000000002,55.0,60.0,3.05825440406381,115,-5.0,-58.0,-0.04
07:36:21,281.56,32.0,293.74,19.0,249.69,13.0,299.4,30.0,287.65,12.180000000000007,45.0,49.0,2.6317256695893687,94,-4.0,-21.0,-0.04
07:36:22,287.0,10.0,293.0,22.0,283.0,30.0,299.0,28.0,290.0,6.0,40.0,50.0,2.531930093816883,90,-10.0,-4.0,-0.11
07:36:23,287.0,11.0,288.91,22.0,283.0,33.0,322.0,41.0,287.95,1.910000000000025,44.0,63.0,1.7785893286466494,107,-19.0,17.0,-0.18
07:36:24,283.62,16.0,304.73,22.0,282.4,15.0,363.09,22.0,294.18,21.110000000000014,31.0,44.0,2.939144433330166,75,-13.0,-32.0,-0.17
07:36:25,285.87,30.0,289.16,19.0,283.9,31.0,296.98,47.0,287.51,3.2900000000000205,61.0,66.0,2.825273438089797,127,-5.0,52.0,-0.04
07:36:26,280.5,48.0,288.0,13.0,271.41,17.0,291.82,33.0,284.25,7.5,65.0,46.0,3.656196110710659,111,19.0,-16.0,0.17
07:36:27,280.75,16.0,287.23,13.0,279.12,16.0,292.11,27.0,283.99,6.480000000000018,32.0,40.0,4.113353862722705,72,-8.0,-39.0,-0.11
07:36:28,281.53,15.0,295.63,43.0,280.4,15.0,340.55,56.0,288.58,14.100000000000023,30.0,99.0,4.137253920171663,129,-69.0,57.0,-0.53
07:36:29,282.97,31.0,297.0,57.0,280.05,114.0,491.32,68.0,289.98,14.029999999999973,145.0,125.0,2.653501460330446,270,20.0,141.0,0.07
07:36:30,284.35,17.0,296.57,37.0,283.15,26.0,492.68,50.0,290.46,12.21999999999997,43.0,87.0,3.1204759252357435,130,-44.0,-140.0,-0.34
07:36:32,281.62,32.0,298.67,42.0,208.14,58.0,301.6,35.0,290.15,17.05000000000001,90.0,77.0,32.20409414965703,167,13.0,45.0,0.08
07:36:33,294.0,33.0,298.0,44.0,263.62,96.0,300.0,45.0,296.0,4.0,129.0,89.0,33.12151898690599,218,40.0,51.0,0.18
07:36:34,294.0,45.0,297.8,60.0,288.0,45.0,303.12,49.0,295.9,3.8000000000000114,90.0,109.0,33.805712830821555,199,-19.0,-19.0,-0.1
07:36:35,294.0,30.0,296.0,40.0,291.64,22.0,303.0,30.0,295.0,2.0,52.0,70.0,34.27961493365953,122,-18.0,-77.0,-0.15
07:36:36,290.37,110.0,295.6,60.0,288.61,89.0,300.24,51.0,292.99,5.230000000000018,199.0,111.0,2.472462335399801,310,88.0,177.5,0.28
07:36:37,292.46,112.0,294.9,40.0,291.29,136.0,297.7,37.0,293.68,2.4399999999999977,248.0,77.0,1.3401044735282426,325,171.0,15.0,0.53
07:36:38,293.09,130.0,299.89,45.0,290.72,125.0,318.18,33.0,296.49,6.800000000000011,255.0,78.0,1.4693433907600977,333,177.0,8.0,0.53
07:36:39,294.0,42.0,303.5,24.0,293.0,80.0,308.62,24.0,298.75,9.5,122.0,48.0,2.3095172655709124,170,74.0,-163.0,0.44
07:36:40,294.97,150.0,303.0,36.0,289.83,93.0,306.0,36.0,298.98,8.029999999999973,243.0,72.0,2.7824036371399914,315,171.0,145.0,0.54
07:36:41,295.5,160.0,302.23,26.0,290.75,89.0,304.03,34.0,298.87,6.730000000000018,249.0,60.0,2.298680056025502,309,189.0,-6.0,0.61
07:36:42,297.0,110.0,298.94,32.0,295.0,55.0,299.77,13.0,297.97,1.9399999999999977,165.0,45.0,1.0411628114608549,210,120.0,-99.0,0.57
07:36:43,297.0,56.0,298.57,21.0,295.0,35.0,300.0,7.0,297.79,1.5699999999999932,91.0,28.0,0.5501999636213762,119,63.0,-91.0,0.53
07:36:44,297.0,17.0,299.2,15.0,295.0,55.0,308.69,29.0,298.1,2.1999999999999886,72.0,44.0,0.5448577795801504,116,28.0,-3.0,0.24
07:36:45,295.04,46.0,298.1,10.0,289.35,86.0,308.7,30.0,296.57,3.0600000000000023,132.0,40.0,0.8304817878612251,172,92.0,56.0,0.53
07:36:46,295.0,20.0,296.75,4.0,288.5,36.0,309.0,12.0,295.88,1.75,56.0,16.0,0.9837530177688927,72,40.0,-100.0,0.56
07:36:47,295.0,62.0,301.45,22.0,288.0,117.0,308.7,40.0,298.23,6.449999999999989,179.0,62.0,1.036016409121677,241,117.0,169.0,0.49
07:36:48,295.0,48.0,306.0,48.0,288.21,85.0,308.25,36.0,300.5,11.0,133.0,84.0,1.7852534833936442,217,49.0,-24.0,0.23
07:36:49,291.45,53.0,306.0,44.0,288.43,65.0,308.0,33.0,298.73,14.550000000000011,118.0,77.0,1.8284884467693805,195,41.0,-22.0,0.21
07:36:50,287.94,65.0,306.0,48.0,286.66,53.0,308.0,36.0,296.97,18.060000000000002,118.0,84.0,1.7586841672025844,202,34.0,7.0,0.17
07:36:51,288.0,50.0,306.0,40.0,287.0,40.0,308.0,30.0,297.0,18.0,90.0,70.0,1.4566845917936333,160,20.0,-42.0,0.12
07:36:52,294.7,117.0,306.0,44.0,287.93,54.0,308.0,33.0,300.35,11.300000000000011,171.0,77.0,1.7208863994955763,248,94.0,88.0,0.38
07:36:53,295.0,40.0,306.0,16.0,288.17,18.0,308.0,12.0,300.5,11.0,58.0,28.0,1.7208863994955763,86,30.0,-162.0,0.35
07:36:54,295.0,100.0,305.94,34.0,289.0,30.0,307.5,32.0,300.47,10.939999999999998,130.0,66.0,1.8932432490223674,196,64.0,110.0,0.33
07:36:55,295.0,80.0,301.07,27.0,289.0,24.0,305.0,18.0,298.04,6.069999999999993,104.0,45.0,1.6420322773833422,149,59.0,-47.0,0.4
07:36:56,295.0,60.0,300.0,12.0,289.0,18.0,305.96,23.0,297.5,5.0,78.0,35.0,1.4758963378126224,113,43.0,-36.0,0.38
07:36:57,295.0,120.0,299.58,24.0,289.4,30.0,307.95,57.0,297.29,4.579999999999984,150.0,81.0,1.5983272505869683,231,69.0,118.0,0.3
07:36:58,295.0,120.0,298.08,24.0,293.0,12.0,306.21,57.0,296.54,3.079999999999984,132.0,81.0,1.4985893366660608,213,51.0,-18.0,0.24
07:36:59,295.0,74.0,297.18,22.0,293.0,11.0,307.0,49.0,296.09,2.180000000000007,85.0,71.0,0.7767045770237039,156,14.0,-57.0,0.09
07:37:00,295.0,72.0,296.0,19.0,293.0,12.0,306.96,84.0,295.5,1.0,84.0,103.0,0.8304396425808203,187,-19.0,31.0,-0.1
07:37:01,295.0,28.0,301.56,9.0,293.0,9.0,306.92,49.0,298.28,6.560000000000002,37.0,58.0,1.080994912092403,95,-21.0,-92.0,-0.22
07:37:02,295.0,12.0,305.56,9.0,293.0,6.0,306.98,46.0,300.28,10.560000000000002,18.0,55.0,1.9439187225728862,73,-37.0,-22.0,-0.51
07:37:03,295.0,13.0,303.5,48.0,293.0,12.0,306.0,12.0,299.25,8.5,25.0,60.0,2.041163883662764,85,-35.0,12.0,-0.41
07:37:04,296.14,28.0,303.0,40.0,294.2,10.0,306.0,10.0,299.57,6.860000000000014,38.0,50.0,1.8638213433612718,88,-12.0,3.0,-0.14
07:37:05,296.89,37.0,302.2,40.0,292.38,16.0,306.0,10.0,299.55,5.310000000000002,53.0,50.0,0.724865504744684,103,3.0,15.0,0.03
07:37:06,291.22,18.0,302.0,48.0,288.88,80.0,306.0,12.0,296.61,10.779999999999973,98.0,60.0,1.4165874487545234,158,38.0,55.0,0.24
07:37:07,289.0,32.0,301.0,32.0,288.0,40.0,306.0,8.0,295.0,12.0,72.0,40.0,2.083381866093983,112,32.0,-46.0,0.29
07:37:08,289.0,16.0,301.0,16.0,288.0,20.0,306.0,4.0,295.0,12.0,36.0,20.0,2.299615185192849,56,16.0,-56.0,0.29
07:37:09,289.0,52.0,299.54,52.0,288.0,65.0,302.97,33.0,294.27,10.54000000000002,117.0,85.0,2.117222236792808,202,32.0,146.0,0.16
07:37:10,288.18,44.0,295.32,47.0,287.12,82.0,298.18,49.0,291.75,7.139999999999986,126.0,96.0,1.7722951221425802,222,30.0,20.0,0.14
07:37:11,293.71,84.0,302.0,45.0,289.98,49.0,651.56,27.0,297.86,8.29000000000002,133.0,72.0,2.180832409877089,205,61.0,-17.0,0.3
07:37:12,294.0,246.0,301.6,60.0,293.0,91.0,489.6,58.0,297.8,7.600000000000023,337.0,118.0,2.5763598351104138,455,219.0,177.5,0.48
07:37:13,294.0,212.0,299.19,37.0,293.0,70.0,301.34,47.0,296.59,5.189999999999998,282.0,84.0,2.6222375941111866,366,198.0,-89.0,0.54
07:37:14,294.0,252.0,297.35,43.0,293.0,84.0,298.49,41.0,295.67,3.3500000000000227,336.0,84.0,2.5098466088527975,420,252.0,54.0,0.6
07:37:15,294.0,231.0,295.23,35.0,293.0,77.0,296.29,42.0,294.61,1.2300000000000182,308.0,77.0,1.3971864585550473,385,231.0,-35.0,0.6
07:37:16,294.0,173.0,295.0,27.0,293.0,63.0,301.5,40.0,294.5,1.0,236.0,67.0,1.391161385307221,303,169.0,-82.0,0.56
07:37:17,294.0,79.0,301.32,19.0,293.0,35.0,309.0,25.0,297.66,7.319999999999993,114.0,44.0,1.3422481141614404,158,70.0,-145.0,0.44
07:37:18,294.0,153.0,307.07,44.0,293.0,84.0,321.14,44.0,300.53,13.069999999999993,237.0,88.0,2.5398484206679703,325,149.0,167.0,0.46
07:37:19,294.0,44.0,314.0,20.0,293.0,28.0,463.0,4.0,304.0,20.0,72.0,24.0,4.059575100914983,96,48.0,-178.5,0.5
07:37:20,294.0,40.0,314.0,20.0,293.0,28.0,576.67,6.0,304.0,20.0,68.0,26.0,4.120415027635956,94,42.0,-2.0,0.45
07:37:21,294.0,67.0,313.53,59.0,293.0,91.0,452.48,25.0,303.76,19.529999999999973,158.0,84.0,2.8325606789559754,242,74.0,148.0,0.31
07:37:22,294.0,36.0,310.89,27.0,293.0,63.0,322.18,33.0,302.44,16.889999999999986,99.0,60.0,1.498125495399935,159,39.0,-83.0,0.25
07:37:23,294.0,32.0,310.5,30.0,293.0,56.0,336.5,20.0,302.25,16.5,88.0,50.0,0.8708042259699589,138,38.0,-21.0,0.28
07:37:24,294.0,44.0,307.0,66.0,293.0,77.0,377.42,19.0,300.5,13.0,121.0,85.0,1.40206989838859,206,36.0,68.0,0.17
07:37:25,294.0,56.0,307.0,84.0,293.0,98.0,536.5,70.0,300.5,13.0,154.0,154.0,1.395815173999642,308,0.0,102.0,0.0
07:37:26,294.0,44.0,307.0,21.0,293.0,77.0,601.16,31.0,300.5,13.0,121.0,52.0,1.0127783567829198,173,69.0,-135.0,0.4
07:37:27,293.4,25.0,307.0,16.0,291.64,53.0,531.0,8.0,300.2,13.600000000000023,78.0,24.0,0.8264381404364864,102,54.0,-71.0,0.53
07:37:28,293.0,39.0,305.58,52.0,289.0,90.0,315.67,24.0,299.29,12.579999999999984,129.0,76.0,0.5239465621305232,205,53.0,103.0,0.26
07:37:29,293.33,9.0,303.05,21.0,290.0,24.0,304.36,14.0,298.19,9.720000000000027,33.0,35.0,0.9964587296866103,68,-2.0,-137.0,-0.03
07:37:30,293.22,27.0,303.0,68.0,289.62,78.0,304.0,20.0,298.11,9.779999999999973,105.0,88.0,1.105608429765681,193,17.0,125.0,0.09
07:37:31,293.0,6.0,303.0,24.0,289.0,36.0,304.0,6.0,298.0,10.0,42.0,30.0,0.9590985350678348,72,12.0,-121.0,0.17
07:37:32,293.8,25.0,302.21,38.0,289.47,34.0,304.67,9.0,298.01,8.409999999999968,59.0,47.0,0.5478138369643145,106,12.0,34.0,0.11
07:37:33,294.0,50.0,300.81,37.0,293.0,10.0,301.59,17.0,297.41,6.810000000000002,60.0,54.0,0.3085125604733036,114,6.0,8.0,0.05
07:37:34,294.0,70.0,297.54,52.0,293.0,14.0,299.0,32.0,295.77,3.5400000000000205,84.0,84.0,0.9842763839339405,168,0.0,54.0,0.0
07:37:35,294.0,4.0,298.0,8.0,293.0,4.0,305.0,4.0,296.0,4.0,8.0,12.0,1.0832682031566658,20,-4.0,-148.0,-0.2
07:37:36,295.06,17.0,297.0,26.0,293.54,13.0,304.23,13.0,296.03,1.9399999999999977,30.0,39.0,1.0010394597469492,69,-9.0,49.0,-0.13
07:37:37,295.33,9.0,298.2,15.0,293.67,9.0,303.56,9.0,296.77,2.8700000000000045,18.0,24.0,0.6802058511734365,42,-6.0,-27.0,-0.14
07:37:38,294.0,73.0,302.36,14.0,290.14,21.0,303.56,9.0,298.18,8.360000000000014,94.0,23.0,0.9857230848318937,117,71.0,75.0,0.61
07:37:39,294.0,153.0,300.58,24.0,290.45,29.0,301.76,33.0,297.29,6.579999999999984,182.0,57.0,0.9170223552184309,239,125.0,122.0,0.52
07:37:40,294.0,93.0,298.89,27.0,292.0,15.0,299.67,18.0,296.44,4.889999999999986,108.0,45.0,0.8317271186935739,153,63.0,-86.0,0.41
07:37:41,293.73,30.0,296.35,20.0,290.18,33.0,298.15,27.0,295.04,2.6200000000000045,63.0,47.0,1.1572510531299633,110,16.0,-43.0,0.15
07:37:42,290.1,30.0,294.0,15.0,288.82,67.0,302.6,15.0,292.05,3.8999999999999773,97.0,30.0,2.3944832427834917,127,67.0,17.0,0.53
07:37:43,289.0,28.0,294.0,7.0,288.0,21.0,304.29,7.0,291.5,5.0,49.0,14.0,2.5901409228016306,63,35.0,-64.0,0.56
07:37:44,289.0,36.0,290.44,9.0,288.0,27.0,298.89,9.0,289.72,1.4399999999999977,63.0,18.0,2.7337520004514744,81,45.0,18.0,0.56
07:37:45,288.71,34.0,290.0,11.0,287.23,78.0,304.18,11.0,289.35,1.2900000000000205,112.0,22.0,2.2704559013495893,134,90.0,53.0,0.67
07:37:46,288.0,30.0,301.2,15.0,287.0,180.0,305.6,15.0,294.6,13.199999999999989,210.0,30.0,2.1028385577531252,240,180.0,106.0,0.75
07:37:47,289.3,46.0,304.0,12.0,287.62,73.0,306.0,12.0,296.65,14.699999999999989,119.0,24.0,3.1698154520370303,143,95.0,-97.0,0.66
07:37:48,292.1,21.0,304.0,13.0,289.84,51.0,306.0,13.0,298.05,11.899999999999977,72.0,26.0,3.974749048678679,98,46.0,-45.0,0.47
07:37:49,294.71,21.0,302.94,33.0,292.67,9.0,304.67,9.0,298.83,8.230000000000018,30.0,42.0,3.7929645397724414,72,-12.0,-26.0,-0.17
07:37:50,295.88,80.0,301.06,80.0,294.0,16.0,304.0,16.0,298.47,5.180000000000007,96.0,96.0,1.7308090593622167,192,0.0,120.0,0.0
07:37:51,296.0,30.0,299.0,30.0,294.0,6.0,306.33,6.0,297.5,3.0,36.0,36.0,0.856562899015612,72,0.0,-120.0,0.0
07:37:52,295.25,16.0,298.0,40.0,292.5,8.0,310.88,8.0,296.62,2.75,24.0,48.0,0.8675425061459667,72,-24.0,0.0,-0.33
07:37:53,294.0,12.0,297.04,48.0,292.0,12.0,304.5,24.0,295.52,3.0400000000000205,24.0,72.0,1.3547951874620605,96,-48.0,24.0,-0.5
07:37:54,288.0,19.0,294.22,49.0,286.27,51.0,294.7,23.0,291.11,6.220000000000027,70.0,72.0,2.8616481265122995,142,-2.0,46.0,-0.01
07:37:55,287.0,22.0,291.64,25.0,286.0,66.0,293.2,41.0,289.32,4.639999999999986,88.0,66.0,3.5943817270808363,154,22.0,12.0,0.14
07:37:56,286.29,35.0,288.27,55.0,285.88,41.0,291.84,25.0,287.28,1.9799999999999613,76.0,80.0,3.9994749655391324,156,-4.0,2.0,-0.03
07:38:00,288.0,24.0,289.5,24.0,233.67,36.0,394.83,30.0,288.75,1.5,60.0,54.0,10.139811142224847,114,6.0,-24.0,0.05
07:38:01,288.82,66.0,290.0,24.0,287.44,32.0,295.0,36.0,289.41,1.1800000000000068,98.0,60.0,10.708868754447732,158,38.0,44.0,0.24
07:38:02,288.86,43.0,294.5,20.0,287.71,21.0,489.85,33.0,291.68,5.639999999999986,64.0,53.0,11.392145100901,117,11.0,-41.0,0.09
07:38:03,289.0,44.0,295.0,30.0,288.0,28.0,534.35,34.0,292.0,6.0,72.0,64.0,10.221818331391868,136,8.0,19.0,0.06
07:38:04,289.0,56.0,294.43,44.0,288.0,45.0,340.75,28.0,291.72,5.430000000000007,101.0,72.0,1.5130003304608186,173,29.0,37.0,0.17
07:38:05,288.91,23.0,292.31,13.0,287.6,15.0,335.48,25.0,290.61,3.3999999999999773,38.0,38.0,1.0753743534110467,76,0.0,-97.0,0.0
07:38:06,291.53,34.0,294.3,30.0,288.4,45.0,600.8,35.0,292.91,2.7700000000000387,79.0,65.0,0.8227575584421526,144,14.0,68.0,0.1
07:38:07,292.0,25.0,294.0,15.0,289.0,50.0,575.2,10.0,293.0,2.0,75.0,25.0,0.978146205826856,100,50.0,-44.0,0.5
07:38:08,292.0,35.0,294.0,21.0,288.37,82.0,494.0,10.0,293.0,2.0,117.0,31.0,1.0643166821831325,148,86.0,48.0,0.58
07:38:09,292.41,34.0,294.0,29.0,289.61,87.0,411.36,11.0,293.21,1.589999999999975,121.0,40.0,1.087855688946411,161,81.0,13.0,0.5
07:38:10,292.0,65.0,294.0,13.0,288.0,169.0,349.26,23.0,293.0,2.0,234.0,36.0,0.11104053301692025,270,198.0,109.0,0.73
07:38:11,292.0,35.0,294.0,7.0,288.0,91.0,489.0,15.0,293.0,2.0,126.0,22.0,0.09391485490947626,148,104.0,-122.0,0.7
07:38:12,292.0,35.0,293.6,10.0,288.0,91.0,537.87,31.0,292.8,1.6000000000000227,126.0,41.0,0.1449827575013697,167,85.0,19.0,0.51
07:38:13,292.0,40.0,293.0,32.0,288.0,104.0,294.0,8.0,292.5,1.0,144.0,40.0,0.2674322343562839,184,104.0,17.0,0.57
07:38:14,292.0,11.0,311.18,17.0,288.0,143.0,409.71,28.0,301.59,19.180000000000007,154.0,45.0,3.925164964682514,199,109.0,15.0,0.55
07:38:15,288.0,52.0,298.0,12.0,287.0,6.0,457.15,27.0,293.0,10.0,58.0,39.0,3.925164964682514,97,19.0,-102.0,0.2
07:38:16,288.0,48.0,295.62,26.0,287.0,13.0,468.36,22.0,291.81,7.6200000000000045,61.0,48.0,4.0778732201935,109,13.0,12.0,0.12
07:38:17,288.0,34.0,293.0,33.0,287.0,11.0,297.0,22.0,290.5,5.0,45.0,55.0,4.4111279736561455,100,-10.0,-9.0,-0.1
07:38:18,288.0,42.0,293.0,14.0,287.0,14.0,297.0,28.0,290.5,5.0,56.0,42.0,4.651671742499907,98,14.0,-2.0,0.14
07:38:19,288.0,21.0,292.18,22.0,287.0,10.0,295.29,14.0,290.09,4.180000000000007,31.0,36.0,1.2064617689650583,67,-5.0,-31.0,-0.07
07:38:20,288.0,22.0,291.45,33.0,287.0,11.0,294.09,11.0,289.73,3.4499999999999886,33.0,44.0,0.786403204453574,77,-11.0,10.0,-0.14
07:38:21,288.56,36.0,290.68,50.0,287.71,28.0,293.32,28.0,289.62,2.1200000000000045,64.0,78.0,0.4143307856957208,142,-14.0,65.0,-0.1
07:38:22,287.42,19.0,288.8,15.0,286.03,125.0,293.96,27.0,288.11,1.3799999999999955,144.0,42.0,0.9065042746593415,186,102.0,44.0,0.55
07:38:23,286.08,48.0,288.0,8.0,284.5,88.0,294.5,8.0,287.04,1.920000000000016,136.0,16.0,1.2947470795395704,152,120.0,-34.0,0.79
07:38:24,286.0,91.0,290.11,9.0,283.0,99.0,299.78,9.0,288.06,4.110000000000014,190.0,18.0,1.1449759822706425,208,172.0,56.0,0.83
07:38:25,287.15,110.0,297.13,15.0,284.78,135.0,298.13,15.0,292.14,9.980000000000018,245.0,30.0,1.9850138538499278,275,215.0,67.0,0.78
07:38:26,289.69,93.0,296.0,49.0,286.95,92.0,447.09,43.0,292.84,6.310000000000002,185.0,92.0,2.649871695002528,277,93.0,2.0,0.34
07:38:27,294.21,261.0,307.14,42.0,292.92,39.0,455.14,44.0,300.67,12.930000000000007,300.0,86.0,5.383001021732553,386,214.0,109.0,0.55
07:38:28,294.0,198.0,397.1,20.0,292.67,18.0,601.0,30.0,345.55,103.10000000000002,216.0,50.0,23.752214002066513,266,166.0,-120.0,0.62
07:38:29,294.56,129.0,414.58,24.0,293.26,19.0,511.09,22.0,354.57,120.01999999999998,148.0,46.0,30.392774305745,194,102.0,-72.0,0.53
07:38:38,296.0,49.0,409.43,21.0,294.0,21.0,429.06,17.0,352.71,113.43,70.0,38.0,12.44373135357336,108,32.0,-56.0,0.3
07:38:39,296.0,56.0,388.8,30.0,294.0,30.0,390.0,30.0,342.4,92.80000000000001,86.0,60.0,18.186791085837868,146,26.0,38.0,0.18
07:38:40,296.0,28.0,386.38,24.0,294.0,21.0,388.05,22.0,341.19,90.38,49.0,46.0,19.26280690864959,95,3.0,-51.0,0.03
07:38:41,296.0,24.0,384.6,20.0,294.0,18.0,385.73,22.0,340.3,88.60000000000002,42.0,42.0,16.456633009213174,84,0.0,-11.0,0.0
07:38:42,294.0,78.0,378.26,57.0,292.0,17.0,381.98,60.0,336.13,84.25999999999999,95.0,117.0,6.1517582852329395,212,-22.0,128.0,-0.1
07:38:43,292.29,7.0,294.45,11.0,288.11,37.0,369.12,17.0,293.37,2.159999999999968,44.0,28.0,20.988696243453106,72,16.0,-140.0,0.22
07:38:44,288.07,61.0,291.34,35.0,287.03,210.0,292.07,28.0,289.7,3.269999999999982,271.0,63.0,26.212757771740677,334,208.0,177.5,0.62
07:38:45,288.0,42.0,289.75,16.0,287.0,180.0,290.92,26.0,288.88,1.75,222.0,42.0,26.148820814712845,264,180.0,-70.0,0.68
07:38:46,288.0,52.0,289.0,44.0,286.57,84.0,377.0,29.0,288.5,1.0,136.0,73.0,20.669959603249556,209,63.0,-55.0,0.3
07:38:47,288.0,27.0,289.0,48.0,287.0,12.0,412.67,36.0,288.5,1.0,39.0,84.0,2.060388312910314,123,-45.0,-86.0,-0.37
07:38:48,287.88,8.0,311.74,31.0,286.64,11.0,474.0,24.0,299.81,23.860000000000014,19.0,55.0,4.905865876680307,74,-36.0,-49.0,-0.49
07:38:50,294.0,70.0,352.23,48.0,287.0,19.0,382.75,32.0,323.11,58.23000000000002,89.0,80.0,49.86009356188521,169,9.0,81.0,0.05
07:38:51,294.85,47.0,305.0,45.0,293.76,58.0,309.0,27.0,299.93,10.149999999999977,105.0,72.0,48.21141099366357,177,33.0,8.0,0.19
07:38:52,295.0,36.0,303.44,45.0,294.0,63.0,433.63,19.0,299.22,8.439999999999998,99.0,64.0,46.46417792235156,163,35.0,-14.0,0.21
07:38:53,295.0,48.0,302.58,60.0,294.0,84.0,398.58,36.0,298.79,7.579999999999984,132.0,96.0,46.608794770943625,228,36.0,65.0,0.16
07:38:54,295.0,52.0,300.31,65.0,294.0,91.0,540.61,38.0,297.65,5.310000000000002,143.0,103.0,10.859719149221316,246,40.0,18.0,0.16
07:38:55,295.0,35.0,300.0,45.0,293.42,48.0,600.09,11.0,297.5,5.0,83.0,56.0,1.0368558240995311,139,27.0,-107.0,0.19
07:38:56,296.89,27.0,300.0,45.0,294.0,54.0,539.29,14.0,298.44,3.1100000000000136,81.0,59.0,0.7359687493157577,140,22.0,1.0,0.16
07:38:57,295.5,48.0,298.5,50.0,293.0,56.0,323.77,40.0,297.0,3.0,104.0,90.0,0.7268631232699959,194,14.0,54.0,0.07
07:38:58,294.0,78.0,298.0,65.0,287.48,31.0,317.27,49.0,296.0,4.0,109.0,114.0,0.9000666641812377,223,-5.0,29.0,-0.02
07:38:59,293.95,57.0,295.95,79.0,288.95,37.0,300.25,71.0,294.95,2.0,94.0,150.0,1.3490441060139047,244,-56.0,21.0,-0.23
07:39:00,289.21,57.0,294.0,41.0,288.46,39.0,295.0,40.0,291.61,4.7900000000000205,96.0,81.0,2.575276684158783,177,15.0,-67.0,0.08
07:39:01,289.0,88.0,290.27,49.0,288.0,36.0,295.06,49.0,289.63,1.2699999999999818,124.0,98.0,3.1056513004478545,222,26.0,45.0,0.12
07:39:02,288.31,26.0,296.43,14.0,287.33,18.0,308.69,26.0,292.37,8.120000000000005,44.0,40.0,2.5714626188172183,84,4.0,-138.0,0.05
07:39:03,288.0,24.0,305.0,9.0,287.0,18.0,309.0,36.0,296.5,17.0,42.0,45.0,2.7266132839062918,87,-3.0,3.0,-0.03
07:39:04,294.0,11.0,305.0,11.0,288.0,22.0,309.0,44.0,299.5,11.0,33.0,55.0,3.997983241582366,88,-22.0,1.0,-0.25
07:39:05,294.0,9.0,305.0,9.0,288.0,18.0,309.0,36.0,299.5,11.0,27.0,45.0,4.394707043702919,72,-18.0,-16.0,-0.25
07:39:06,294.0,9.0,305.0,9.0,288.0,18.0,309.0,36.0,299.5,11.0,27.0,45.0,3.1350247207909474,72,-18.0,0.0,-0.25
07:39:07,287.58,72.0,305.0,12.0,286.5,48.0,309.0,48.0,296.29,17.420000000000016,120.0,60.0,1.7022984462102133,180,60.0,108.0,0.33
07:39:08,287.01,81.0,305.0,11.0,286.12,68.0,309.0,44.0,296.01,17.99000000000001,149.0,55.0,1.8375391152217102,204,94.0,24.0,0.46
07:39:09,288.0,12.0,305.0,6.0,286.33,49.0,309.0,24.0,296.5,17.0,61.0,30.0,1.7794802611915206,91,31.0,-113.0,0.34
07:39:10,288.0,26.0,304.06,35.0,286.0,143.0,307.11,19.0,296.03,16.060000000000002,169.0,54.0,1.4862133090410616,223,115.0,132.0,0.52
07:39:11,287.05,38.0,304.0,36.0,285.96,114.0,306.0,12.0,295.53,16.94999999999999,152.0,48.0,0.36403296550101627,200,104.0,-23.0,0.52
07:39:12,286.0,81.0,303.22,27.0,285.0,18.0,305.11,9.0,294.61,17.220000000000027,99.0,36.0,0.7168542389996312,135,63.0,-65.0,0.47
07:39:13,286.0,60.0,301.75,24.0,285.0,16.0,303.0,12.0,293.88,15.75,76.0,36.0,1.062755851535104,112,40.0,-23.0,0.36
07:39:14,287.45,126.0,298.11,56.0,286.02,59.0,299.48,54.0,292.78,10.660000000000025,185.0,110.0,1.297586220631522,295,75.0,177.5,0.25
07:39:15,287.0,48.0,294.19,64.0,286.0,71.0,297.83,58.0,290.59,7.189999999999998,119.0,122.0,1.902726990394035,241,-3.0,-54.0,-0.01
07:39:16,287.0,48.0,292.12,64.0,286.0,16.0,298.0,56.0,289.56,5.1200000000000045,64.0,120.0,2.150193014586166,184,-56.0,-57.0,-0.3
07:39:17,287.0,24.0,290.9,31.0,286.0,8.0,296.88,25.0,288.95,3.8999999999999773,32.0,56.0,2.108997392121728,88,-24.0,-96.0,-0.27
07:39:18,287.45,56.0,289.58,67.0,284.62,26.0,291.49,55.0,288.51,2.1299999999999955,82.0,122.0,1.7001676387866265,204,-40.0,116.0,-0.2
07:39:19,286.0,24.0,288.36,28.0,283.0,16.0,289.43,28.0,287.18,2.3600000000000136,40.0,56.0,1.2637127838153697,96,-16.0,-108.0,-0.17
07:39:20,283.0,24.0,286.67,30.0,282.0,12.0,292.88,16.0,284.83,3.670000000000016,36.0,46.0,1.879449387448228,82,-10.0,-14.0,-0.12
07:39:23,280.1,40.0,294.0,12.0,248.35,46.0,299.0,24.0,287.05,13.899999999999977,86.0,36.0,29.314183768271644,122,50.0,-178.5,0.41
07:39:24,291.7,23.0,294.0,9.0,287.27,30.0,299.0,18.0,292.85,2.3000000000000114,53.0,27.0,30.474013027496067,80,26.0,-42.0,0.33
07:39:25,292.0,80.0,294.0,10.0,291.0,10.0,298.0,20.0,293.0,2.0,90.0,30.0,31.91296648699394,120,60.0,40.0,0.5
07:39:26,291.9,29.0,296.86,14.0,284.73,30.0,298.56,18.0,294.38,4.960000000000036,59.0,32.0,27.487449317824765,91,27.0,-29.0,0.3
07:39:27,288.6,30.0,298.0,32.0,282.58,55.0,299.0,32.0,293.3,9.399999999999977,85.0,64.0,2.894482682617299,149,21.0,58.0,0.14
07:39:28,292.71,42.0,297.48,21.0,287.0,14.0,298.35,40.0,295.1,4.770000000000039,56.0,61.0,0.9735912900029924,117,-5.0,-32.0,-0.04
07:39:29,295.0,32.0,383.81,31.0,287.0,15.0,421.09,43.0,339.4,88.81,47.0,74.0,20.34550269715543,121,-27.0,4.0,-0.22
07:39:30,295.0,11.0,305.26,47.0,290.72,29.0,309.82,40.0,300.13,10.259999999999991,40.0,87.0,19.706052877224224,127,-47.0,6.0,-0.37
07:39:31,291.73,22.0,296.84,38.0,289.0,24.0,299.48,46.0,294.28,5.109999999999957,46.0,84.0,19.71888992818706,130,-38.0,3.0,-0.29
07:39:32,286.2,75.0,294.78,69.0,282.71,171.0,296.35,104.0,290.49,8.579999999999984,246.0,173.0,20.151137685003242,419,73.0,177.5,0.17
07:39:33,286.47,15.0,291.14,28.0,285.58,48.0,292.09,35.0,288.8,4.669999999999959,63.0,63.0,21.015788112748933,126,0.0,-178.5,0.0
07:39:34,287.0,67.0,290.92,36.0,286.0,48.0,292.0,48.0,288.96,3.920000000000016,115.0,84.0,4.786488274295832,199,31.0,73.0,0.16
07:39:35,287.0,41.0,288.59,27.0,286.0,36.0,294.34,38.0,287.8,1.589999999999975,77.0,65.0,2.5445196010198505,142,12.0,-57.0,0.08
07:39:36,287.19,48.0,289.0,31.0,286.15,61.0,303.0,80.0,288.09,1.8100000000000023,109.0,111.0,1.0466470274049642,220,-2.0,78.0,-0.01
07:39:37,285.29,63.0,287.73,11.0,281.14,86.0,302.55,55.0,286.51,2.4399999999999977,149.0,66.0,0.9778394551134164,215,83.0,-5.0,0.39
07:39:38,285.0,78.0,287.0,10.0,277.4,60.0,302.9,50.0,286.0,2.0,138.0,60.0,1.2037316976706676,198,78.0,-17.0,0.39
07:39:39,285.0,60.0,287.0,10.0,277.0,76.0,302.83,46.0,286.0,2.0,136.0,56.0,0.9995248871227602,192,80.0,-6.0,0.42
07:39:40,285.0,65.0,287.27,11.0,277.0,88.0,297.67,15.0,286.14,2.269999999999982,153.0,26.0,0.8868878170197924,179,127.0,-13.0,0.71
07:39:41,287.05,41.0,294.73,11.0,281.18,67.0,303.0,55.0,290.89,7.680000000000007,108.0,66.0,2.1244693455019474,174,42.0,-5.0,0.24
07:39:42,288.43,35.0,292.89,18.0,283.9,58.0,297.95,37.0,290.66,4.4599999999999795,93.0,55.0,2.5917214356439966,148,38.0,-26.0,0.26
07:39:43,285.91,55.0,291.79,19.0,277.98,118.0,293.21,19.0,288.85,5.8799999999999955,173.0,38.0,2.3621748453439957,211,135.0,63.0,0.64
07:39:44,288.0,70.0,290.43,14.0,286.0,14.0,291.43,14.0,289.21,2.430000000000007,84.0,28.0,1.901407373493418,112,56.0,-99.0,0.5
07:39:45,287.6,45.0,294.29,17.0,284.67,49.0,298.74,35.0,290.95,6.689999999999998,94.0,52.0,1.0017584539069024,146,42.0,34.0,0.29
07:39:46,288.17,36.0,299.0,13.0,286.97,68.0,300.0,39.0,293.58,10.829999999999984,104.0,52.0,1.8700668437179673,156,52.0,10.0,0.33
07:39:47,288.38,39.0,299.0,13.0,287.0,78.0,300.0,39.0,293.69,10.620000000000005,117.0,52.0,2.3126781012437823,169,65.0,13.0,0.38
07:39:48,290.87,45.0,298.53,15.0,287.0,90.0,299.77,31.0,294.7,7.659999999999968,135.0,46.0,2.2705572003301744,181,89.0,12.0,0.49
07:39:49,287.06,31.0,297.0,41.0,285.17,87.0,300.84,19.0,292.03,9.939999999999998,118.0,60.0,1.487060859538217,178,58.0,-3.0,0.33
07:39:50,286.0,12.0,296.0,12.0,285.0,72.0,297.75,36.0,291.0,10.0,84.0,48.0,1.4699829930888695,132,36.0,-46.0,0.27
07:39:51,286.93,108.0,294.22,18.0,285.17,58.0,300.44,54.0,290.57,7.2900000000000205,166.0,72.0,1.7606731667096063,238,94.0,106.0,0.39
07:39:52,287.0,110.0,292.36,11.0,286.0,11.0,299.0,37.0,289.68,5.360000000000014,121.0,48.0,1.930163205527507,169,73.0,-69.0,0.43
07:39:53,287.0,100.0,292.0,10.0,286.0,10.0,299.0,10.0,289.5,5.0,110.0,20.0,1.0310819559926103,130,90.0,-39.0,0.69
07:39:54,287.0,90.0,291.33,9.0,286.0,9.0,299.0,9.0,289.17,4.329999999999984,99.0,18.0,0.7689148197129988,117,81.0,-13.0,0.69
07:39:55,287.09,94.0,293.31,13.0,286.82,49.0,301.0,25.0,290.2,6.220000000000027,143.0,38.0,0.5593120774437704,181,105.0,64.0,0.58
07:39:56,287.0,88.0,297.0,10.0,286.0,10.0,302.73,37.0,292.0,10.0,98.0,47.0,1.120357085921326,145,51.0,-36.0,0.35
07:39:57,287.0,78.0,301.0,22.0,286.0,12.0,333.84,43.0,294.0,14.0,90.0,65.0,2.0146662254510237,155,25.0,10.0,0.16
07:39:58,287.0,54.0,297.0,9.0,286.0,12.0,305.0,27.0,292.0,10.0,66.0,36.0,1.8618216885546353,102,30.0,-53.0,0.29
07:39:59,287.33,36.0,297.0,9.0,286.27,15.0,304.11,27.0,292.17,9.670000000000016,51.0,36.0,1.3455036231730098,87,15.0,-15.0,0.17
07:40:00,293.0,7.0,297.0,7.0,287.0,14.0,304.0,21.0,295.0,4.0,21.0,28.0,1.3859220757208721,49,-7.0,-38.0,-0.14
07:40:01,285.64,56.0,297.0,7.0,282.42,31.0,304.0,21.0,291.32,11.360000000000014,87.0,28.0,1.5377971257518483,115,59.0,66.0,0.51
07:40:02,290.15,74.0,297.0,13.0,286.22,69.0,304.0,39.0,293.57,6.850000000000023,143.0,52.0,1.4713497204848216,195,91.0,80.0,0.47
07:40:03,291.0,8.0,297.0,8.0,285.0,40.0,304.0,24.0,294.0,6.0,48.0,32.0,1.4672661653463646,80,16.0,-115.0,0.2
07:40:04,291.0,10.0,294.39,23.0,284.08,52.0,299.15,20.0,292.7,3.3899999999999864,62.0,43.0,1.390294932728336,105,19.0,25.0,0.18
07:40:05,291.0,7.0,293.0,28.0,281.84,38.0,296.0,14.0,292.0,2.0,45.0,42.0,1.0999636357493556,87,3.0,-18.0,0.03
07:40:06,281.53,57.0,292.53,38.0,279.86,84.0,294.0,34.0,287.03,11.0,141.0,72.0,2.8088164767339756,213,69.0,126.0,0.32
07:40:07,281.0,48.0,290.15,26.0,279.0,64.0,291.09,22.0,285.58,9.149999999999977,112.0,48.0,3.7183356491815855,160,64.0,-53.0,0.4
07:40:08,283.29,102.0,289.0,68.0,279.21,172.0,290.0,34.0,286.15,5.7099999999999795,274.0,102.0,3.3880481106349327,376,172.0,177.5,0.46
07:40:09,284.38,48.0,288.25,32.0,278.41,54.0,290.0,16.0,286.31,3.8700000000000045,102.0,48.0,2.615287747070833,150,54.0,-178.5,0.36
07:40:10,285.15,92.0,288.19,52.0,279.74,46.0,290.37,38.0,286.67,3.0400000000000205,138.0,90.0,0.5475582160651794,228,48.0,78.0,0.21
07:40:11,285.78,54.0,292.0,33.0,279.73,44.0,297.0,11.0,288.89,6.220000000000027,98.0,44.0,1.2751470503357132,142,54.0,-86.0,0.38
07:40:12,289.85,26.0,296.01,70.0,286.79,47.0,331.94,17.0,292.93,6.159999999999968,73.0,87.0,2.8707141968467638,160,-14.0,18.0,-0.09
07:40:13,292.0,14.0,296.0,20.0,291.0,4.0,297.0,4.0,294.0,4.0,18.0,24.0,3.54379739826857,42,-6.0,-118.0,-0.14
07:40:14,292.31,32.0,295.78,46.0,291.71,21.0,296.52,23.0,294.05,3.4699999999999704,53.0,69.0,3.3449245133444743,122,-16.0,80.0,-0.13
07:40:15,287.71,42.0,296.67,15.0,279.55,22.0,302.63,27.0,292.19,8.960000000000036,64.0,42.0,2.1170073216621397,106,22.0,-16.0,0.21
07:40:16,286.0,40.0,298.0,4.0,278.0,4.0,303.0,20.0,292.0,12.0,44.0,24.0,0.9692419718368286,68,20.0,-38.0,0.29
07:40:17,286.0,100.0,302.17,30.0,278.0,10.0,336.0,50.0,294.08,16.170000000000016,110.0,80.0,1.0696401263835416,190,30.0,122.0,0.16
07:40:18,286.0,127.0,298.76,17.0,278.0,13.0,308.08,65.0,292.38,12.759999999999991,140.0,82.0,1.0357847266542728,222,58.0,32.0,0.26
07:40:19,286.0,105.0,297.0,15.0,278.0,15.0,303.0,75.0,291.5,11.0,120.0,90.0,0.9788258271883628,210,30.0,-12.0,0.14
07:40:20,286.75,57.0,297.0,15.0,285.83,93.0,303.0,75.0,291.88,10.25,150.0,90.0,1.0072338357953772,240,60.0,30.0,0.25
07:40:21,287.0,13.0,297.0,13.0,286.0,91.0,300.92,65.0,292.0,10.0,104.0,78.0,1.0072338357953772,182,26.0,-58.0,0.14
07:40:22,287.0,15.0,295.53,15.0,286.0,118.0,297.79,19.0,291.27,8.529999999999973,133.0,34.0,0.43402764885650685,167,99.0,-15.0,0.59
07:40:23,287.0,12.0,293.33,12.0,286.0,96.0,297.42,12.0,290.17,6.329999999999984,108.0,24.0,0.72864943558104,132,84.0,-35.0,0.64
07:40:24,289.5,18.0,292.67,18.0,286.0,144.0,297.82,22.0,291.08,3.170000000000016,162.0,40.0,0.7332462069269051,202,122.0,70.0,0.6
07:40:25,287.1,42.0,293.43,14.0,285.69,84.0,297.62,26.0,290.26,6.329999999999984,126.0,40.0,0.7592957262971893,166,86.0,-36.0,0.52
07:40:26,286.0,86.0,297.0,12.0,278.0,12.0,298.0,48.0,291.5,11.0,98.0,60.0,0.6045907706650238,158,38.0,-8.0,0.24
07:40:27,286.0,30.0,297.0,10.0,278.0,10.0,298.0,40.0,291.5,11.0,40.0,50.0,0.6509377850250023,90,-10.0,-68.0,-0.11
07:40:28,286.0,30.0,296.8,10.0,278.0,10.0,297.94,34.0,291.4,10.800000000000011,40.0,44.0,0.5254712170736682,84,-4.0,-6.0,-0.05
07:40:29,286.27,45.0,295.23,13.0,283.29,17.0,298.0,87.0,290.75,8.960000000000036,62.0,100.0,0.5559856113003134,162,-38.0,78.0,-0.23
07:40:30,287.0,90.0,295.0,15.0,286.0,45.0,298.0,135.0,291.0,8.0,135.0,150.0,0.33837848627350614,285,-15.0,123.0,-0.05
07:40:31,287.26,93.0,293.59,27.0,286.09,103.0,297.7,90.0,290.43,6.329999999999984,196.0,117.0,0.4461277843544999,313,79.0,28.0,0.25
07:40:32,289.28,122.0,291.48,25.0,287.0,48.0,293.52,31.0,290.38,2.2000000000000455,170.0,56.0,0.4229302542658584,226,114.0,-87.0,0.5
07:40:33,288.65,40.0,296.25,40.0,286.22,69.0,299.96,49.0,292.45,7.600000000000023,109.0,89.0,0.8476850830190681,198,20.0,-28.0,0.1
07:40:34,290.82,65.0,300.71,62.0,286.77,39.0,302.64,55.0,295.76,9.889999999999986,104.0,117.0,2.2599402646909548,221,-13.0,23.0,-0.06
07:40:35,291.38,96.0,302.0,76.0,286.67,54.0,303.0,70.0,296.69,10.620000000000005,150.0,146.0,2.9540091401296693,296,4.0,75.0,0.01
07:40:36,292.0,179.0,302.0,56.0,286.02,120.0,303.0,70.0,297.0,10.0,299.0,126.0,2.9069279316776266,425,173.0,129.0,0.41
07:40:37,292.0,78.0,302.0,24.0,286.0,54.0,303.0,30.0,297.0,10.0,132.0,54.0,1.9296502273638616,186,78.0,-178.5,0.42
07:40:38,292.0,142.0,302.0,44.0,286.0,99.0,303.0,55.0,297.0,10.0,241.0,99.0,0.53693575031274,340,142.0,154.0,0.42
07:40:39,292.0,69.0,302.0,24.0,286.0,54.0,303.0,30.0,297.0,10.0,123.0,54.0,0.1386362144733673,177,69.0,-163.0,0.39
07:40:40,292.0,72.0,302.0,32.0,286.0,72.0,303.0,40.0,297.0,10.0,144.0,72.0,0.0,216,72.0,39.0,0.33
07:40:41,292.0,99.0,301.49,49.0,286.0,99.0,302.6,50.0,296.74,9.490000000000009,198.0,99.0,0.11627553467297676,297,99.0,81.0,0.33
07:40:42,292.0,99.0,301.0,55.0,286.0,99.0,302.22,46.0,296.5,9.0,198.0,101.0,0.22476654547253797,299,97.0,2.0,0.32
07:40:43,292.0,73.0,300.67,45.0,286.0,81.0,304.79,73.0,296.33,8.670000000000016,154.0,118.0,0.29896488082029166,272,36.0,-27.0,0.13
07:40:44,292.0,91.0,299.31,65.0,288.29,21.0,303.54,69.0,295.65,7.310000000000002,112.0,134.0,0.5107151847794889,246,-22.0,-26.0,-0.09
07:40:45,292.0,84.0,299.0,60.0,290.0,12.0,304.0,108.0,295.5,7.0,96.0,168.0,0.5420608821570015,264,-72.0,18.0,-0.27
07:40:46,292.0,77.0,297.45,55.0,290.0,11.0,304.0,99.0,294.73,5.449999999999989,88.0,154.0,0.7091332737683772,242,-66.0,-22.0,-0.27
07:40:47,292.0,74.0,294.62,65.0,290.0,13.0,303.56,113.0,293.31,2.6200000000000045,87.0,178.0,1.1528573198650793,265,-91.0,23.0,-0.34
07:40:48,291.28,25.0,301.52,81.0,286.19,85.0,333.56,81.0,296.4,10.240000000000009,110.0,162.0,1.1717380253138856,272,-52.0,7.0,-0.19
07:40:49,288.75,32.0,301.42,57.0,285.35,54.0,347.76,45.0,295.09,12.670000000000016,86.0,102.0,1.134341218490568,188,-16.0,-84.0,-0.09
07:40:50,291.0,56.0,304.79,94.0,286.84,100.0,331.37,38.0,297.89,13.79000000000002,156.0,132.0,1.7376651000598033,288,24.0,100.0,0.08
07:40:51,291.83,93.0,303.64,39.0,288.76,100.0,305.36,69.0,297.73,11.810000000000002,193.0,108.0,1.920541590272105,301,85.0,13.0,0.28
07:40:52,292.83,83.0,302.0,13.0,291.0,52.0,306.15,65.0,297.42,9.170000000000016,135.0,78.0,1.1689011934135556,213,57.0,-88.0,0.27
07:40:53,293.0,59.0,297.95,20.0,291.0,48.0,303.71,55.0,295.48,4.949999999999989,107.0,75.0,1.3298007369391567,182,32.0,-31.0,0.18
07:40:54,293.0,57.0,305.43,61.0,291.0,60.0,307.37,57.0,299.21,12.430000000000007,117.0,118.0,1.3421363566949875,235,-1.0,53.0,-0.0
07:40:55,293.0,39.0,301.43,56.0,291.0,52.0,303.24,41.0,297.21,8.430000000000007,91.0,97.0,1.3329853712485842,188,-6.0,-47.0,-0.03
07:40:56,293.0,27.0,300.7,40.0,291.0,36.0,302.82,44.0,296.85,7.699999999999989,63.0,84.0,1.3382563281983797,147,-21.0,-41.0,-0.14
07:40:57,293.0,39.0,297.12,40.0,291.0,52.0,299.28,25.0,295.06,4.1200000000000045,91.0,65.0,1.638709858383647,156,26.0,9.0,0.17
07:40:58,291.69,61.0,294.55,20.0,287.51,218.0,302.53,99.0,293.12,2.8600000000000136,279.0,119.0,2.3047884935421976,398,160.0,177.5,0.4
07:40:59,291.0,52.0,292.69,13.0,287.0,247.0,294.0,13.0,291.85,1.6899999999999977,299.0,26.0,2.323869617677999,325,273.0,-73.0,0.84
07:41:00,287.09,184.0,291.91,11.0,286.66,29.0,293.82,11.0,289.5,4.82000000000005,213.0,22.0,2.8404277846777646,235,191.0,-90.0,0.81
07:41:01,287.0,176.0,290.83,12.0,286.0,12.0,294.0,12.0,288.92,3.829999999999984,188.0,24.0,2.544425278913072,212,164.0,-23.0,0.77
07:41:02,287.68,37.0,289.64,14.0,286.99,149.0,295.18,17.0,288.66,1.9599999999999795,186.0,31.0,1.9703045449812562,217,155.0,5.0,0.71
07:41:03,287.01,149.0,301.7,23.0,286.5,20.0,456.13,15.0,294.35,14.689999999999998,169.0,38.0,2.4189522525203806,207,131.0,-10.0,0.63
07:41:04,287.0,184.0,301.11,38.0,286.0,10.0,354.25,16.0,294.05,14.110000000000014,194.0,54.0,2.8517941720910978,248,140.0,41.0,0.56
07:41:05,287.19,59.0,301.0,56.0,286.98,179.0,305.32,66.0,294.09,13.810000000000002,238.0,122.0,2.946782991665871,360,116.0,112.0,0.32
07:41:06,288.0,7.0,300.67,30.0,287.0,112.0,302.52,33.0,294.33,12.670000000000016,119.0,63.0,2.4835216930740778,182,56.0,-178.0,0.31
07:41:07,287.08,52.0,299.38,39.0,286.91,70.0,301.34,29.0,293.23,12.300000000000011,122.0,68.0,0.4567274898319065,190,54.0,8.0,0.28
07:41:08,291.91,88.0,298.38,61.0,286.99,204.0,299.63,60.0,295.14,6.46999999999997,292.0,121.0,0.6839005775461188,413,171.0,177.5,0.41
07:41:09,293.0,33.0,295.6,63.0,291.0,42.0,299.67,55.0,294.3,2.6000000000000227,75.0,118.0,0.6822536185084278,193,-43.0,-178.5,-0.22
07:41:10,292.7,27.0,296.0,75.0,289.54,71.0,304.0,75.0,294.35,3.3000000000000114,98.0,150.0,0.6799632342765052,248,-52.0,55.0,-0.21
07:41:11,291.0,54.0,293.06,90.0,287.0,288.0,305.93,150.0,292.03,2.0600000000000023,342.0,240.0,1.2047198844414073,582,102.0,177.5,0.18
07:41:12,291.0,15.0,292.0,25.0,287.0,80.0,306.0,25.0,291.5,1.0,95.0,50.0,1.597382233521164,145,45.0,-178.5,0.31
07:41:13,291.0,18.0,292.0,30.0,287.0,96.0,306.0,30.0,291.5,1.0,114.0,60.0,1.4667071963995368,174,54.0,29.0,0.31
07:41:14,287.0,192.0,303.86,37.0,286.0,60.0,305.11,62.0,295.43,16.860000000000014,252.0,99.0,1.8139101410957055,351,153.0,177.0,0.44
07:41:15,287.0,224.0,302.14,42.0,286.0,70.0,305.0,113.0,294.57,15.139999999999986,294.0,155.0,1.858125399420007,449,139.0,98.0,0.31
07:41:16,287.0,268.0,299.38,40.0,286.0,85.0,302.0,53.0,293.19,12.379999999999995,353.0,93.0,1.776420558305212,446,260.0,-3.0,0.58
07:41:17,287.0,210.0,294.82,38.0,286.0,70.0,296.38,32.0,290.91,7.819999999999993,280.0,70.0,1.9333908037356387,350,210.0,-96.0,0.6
07:41:18,287.0,150.0,292.1,20.0,286.0,50.0,294.0,30.0,289.55,5.100000000000023,200.0,50.0,2.4653600142717678,250,150.0,-100.0,0.6
07:41:19,287.0,144.0,291.45,22.0,286.0,55.0,294.0,33.0,289.23,4.449999999999989,199.0,55.0,2.322929185311486,254,144.0,4.0,0.57
07:41:20,287.0,150.0,290.07,30.0,286.0,75.0,294.0,45.0,288.53,3.069999999999993,225.0,75.0,1.8413907787250479,300,150.0,46.0,0.5
07:41:21,287.0,65.0,291.9,40.0,286.0,70.0,296.46,46.0,289.45,4.899999999999977,135.0,86.0,0.8661870467599205,221,49.0,-79.0,0.22
07:41:22,285.97,35.0,299.93,43.0,284.82,34.0,300.93,54.0,292.95,13.95999999999998,69.0,97.0,1.72803935139629,166,-28.0,-55.0,-0.17
07:41:23,285.0,5.0,298.0,15.0,282.33,18.0,300.0,20.0,291.5,13.0,23.0,35.0,1.8342355355770459,58,-12.0,-108.0,-0.21
07:41:24,287.35,46.0,296.39,62.0,286.74,46.0,298.7,46.0,291.87,9.039999999999964,92.0,108.0,1.817608318635494,200,-16.0,142.0,-0.08
07:41:25,288.17,46.0,296.89,54.0,285.9,20.0,299.28,50.0,292.53,8.71999999999997,66.0,104.0,1.35782914977247,170,-38.0,-30.0,-0.22
07:41:26,293.0,36.0,296.0,24.0,287.29,28.0,298.0,36.0,294.5,3.0,64.0,60.0,1.1678826995766638,124,4.0,-46.0,0.03
07:41:27,293.0,18.0,295.12,17.0,287.27,22.0,297.62,16.0,294.06,2.1200000000000045,40.0,33.0,1.328822787270822,73,7.0,-51.0,0.1
07:41:28,293.0,24.0,294.5,24.0,287.0,64.0,299.95,37.0,293.75,1.5,88.0,61.0,1.1010313346901743,149,27.0,76.0,0.18
07:41:29,287.18,99.0,296.59,17.0,285.5,32.0,299.4,30.0,291.89,9.409999999999968,131.0,47.0,1.0943628283022133,178,84.0,29.0,0.47
07:41:30,287.0,72.0,295.33,9.0,285.0,18.0,300.45,22.0,291.17,8.329999999999984,90.0,31.0,1.4568562042871318,121,59.0,-57.0,0.49
07:41:31,287.0,59.0,294.2,10.0,285.0,20.0,301.0,20.0,290.6,7.199999999999989,79.0,30.0,1.5439332887048014,109,49.0,-12.0,0.45
07:41:32,287.0,60.0,292.75,12.0,285.9,50.0,301.0,24.0,289.88,5.75,110.0,36.0,1.4789421895300383,146,74.0,37.0,0.51
07:41:33,287.0,60.0,289.42,24.0,286.0,60.0,298.2,30.0,288.21,2.420000000000016,120.0,54.0,1.4059694164431233,174,66.0,28.0,0.38
07:41:34,286.62,40.0,288.32,28.0,285.89,28.0,295.14,14.0,287.47,1.6999999999999886,68.0,42.0,1.5750015872927114,110,26.0,-64.0,0.24
07:41:35,286.0,60.0,288.03,30.0,285.0,12.0,290.93,14.0,287.02,2.0299999999999727,72.0,44.0,1.545745774691183,116,28.0,6.0,0.24
07:41:36,286.0,50.0,287.33,18.0,285.0,10.0,293.33,24.0,286.67,1.329999999999984,60.0,42.0,1.2724189561526726,102,18.0,-14.0,0.18
07:41:37,286.0,33.0,291.57,23.0,285.0,9.0,297.18,22.0,288.78,5.569999999999993,42.0,45.0,0.86287310769136,87,-3.0,-15.0,-0.03
07:41:38,286.0,28.0,292.34,44.0,283.14,42.0,295.09,32.0,289.17,6.339999999999975,70.0,76.0,1.0987583901735252,146,-6.0,59.0,-0.04
07:41:39,287.48,29.0,293.0,33.0,282.24,76.0,300.0,22.0,290.24,5.519999999999982,105.0,55.0,1.5014426395890046,160,50.0,14.0,0.31
07:41:40,285.8,20.0,293.0,33.0,283.17,36.0,300.0,22.0,289.4,7.199999999999989,56.0,55.0,1.3317544818679277,111,1.0,-49.0,0.01
07:41:41,286.92,39.0,293.0,39.0,280.92,13.0,300.0,26.0,289.96,6.079999999999984,52.0,65.0,0.5907622194880529,117,-13.0,6.0,-0.11
07:41:42,288.0,28.0,293.37,38.0,279.31,13.0,302.86,28.0,290.68,5.3700000000000045,41.0,66.0,0.6144102863510414,107,-25.0,-10.0,-0.23
07:41:43,279.72,61.0,300.0,14.0,277.53,30.0,460.0,28.0,289.86,20.279999999999973,91.0,42.0,0.4736243236720443,133,49.0,26.0,0.37
07:41:44,284.72,115.0,298.4,30.0,280.94,79.0,446.67,48.0,291.56,13.67999999999995,194.0,78.0,0.8442274574861239,272,116.0,139.0,0.43
07:41:45,289.2,130.0,294.0,40.0,288.0,40.0,302.7,20.0,291.6,4.800000000000011,170.0,60.0,0.836373122459677,230,110.0,-42.0,0.48
07:41:46,290.58,156.0,293.71,51.0,288.0,48.0,300.47,30.0,292.14,3.1299999999999955,204.0,81.0,0.8991774018359125,285,123.0,55.0,0.43
07:41:47,291.0,136.0,293.0,60.0,288.0,48.0,298.0,48.0,292.0,2.0,184.0,108.0,0.9137395690086103,292,76.0,7.0,0.26
07:41:48,292.0,86.0,293.0,55.0,288.0,44.0,298.0,44.0,292.5,1.0,130.0,99.0,0.39217343098602053,229,31.0,-63.0,0.14
07:41:49,292.0,71.0,293.0,50.0,288.0,40.0,298.0,40.0,292.5,1.0,111.0,90.0,0.3775182114429599,201,21.0,-28.0,0.1
07:41:50,292.0,38.0,297.44,45.0,288.0,44.0,303.83,24.0,294.72,5.439999999999998,82.0,69.0,1.1110895553331084,151,13.0,-50.0,0.09
07:41:51,292.0,21.0,298.0,28.0,288.17,24.0,305.0,14.0,295.0,6.0,45.0,42.0,1.402383685005497,87,3.0,-64.0,0.03
07:41:52,292.0,18.0,298.0,24.0,289.0,12.0,305.0,12.0,295.0,6.0,30.0,36.0,1.3231326463997595,66,-6.0,-21.0,-0.09
07:41:53,292.0,37.0,297.33,60.0,289.0,26.0,299.67,42.0,294.67,5.329999999999984,63.0,102.0,1.0609995287314107,165,-39.0,99.0,-0.24
07:41:54,291.54,13.0,296.42,60.0,288.85,26.0,301.27,66.0,293.98,4.8799999999999955,39.0,126.0,0.41722895389450443,165,-87.0,0.0,-0.53
07:41:55,289.0,30.0,293.57,67.0,288.0,60.0,300.82,76.0,291.28,4.569999999999993,90.0,143.0,1.5689741871582554,233,-53.0,68.0,-0.23
07:41:56,289.0,24.0,290.39,56.0,288.0,48.0,299.88,26.0,289.7,1.3899999999999864,72.0,82.0,2.322192929101802,154,-10.0,-79.0,-0.06
07:41:57,289.0,16.0,290.0,40.0,288.0,32.0,301.8,15.0,289.5,1.0,48.0,55.0,2.395637702151971,103,-7.0,-51.0,-0.07
07:41:58,290.24,49.0,300.0,36.0,288.56,25.0,304.29,51.0,295.12,9.759999999999991,74.0,87.0,2.5336692759655497,161,-13.0,58.0,-0.08
07:41:59,291.38,64.0,298.64,50.0,289.38,65.0,301.93,30.0,295.01,7.259999999999991,129.0,80.0,2.773917806996347,209,49.0,48.0,0.23
07:42:00,292.58,48.0,296.92,39.0,291.0,60.0,297.81,21.0,294.75,4.340000000000032,108.0,60.0,2.9397159726698665,168,48.0,-41.0,0.29
07:42:01,291.49,77.0,297.45,44.0,289.14,78.0,335.72,78.0,294.47,5.9599999999999795,155.0,122.0,2.4001770767943107,277,33.0,109.0,0.12
07:42:02,288.38,55.0,298.0,64.0,286.96,25.0,355.72,68.0,293.19,9.620000000000005,80.0,132.0,0.7784086330249389,212,-52.0,-65.0,-0.25
07:42:03,288.38,37.0,298.0,48.0,286.89,18.0,311.0,60.0,293.19,9.620000000000005,55.0,108.0,0.8719633019619184,163,-53.0,-49.0,-0.33
07:42:04,289.56,27.0,298.0,40.0,287.12,16.0,311.0,50.0,293.78,8.439999999999998,43.0,90.0,0.718874119695995,133,-47.0,-30.0,-0.35
07:42:05,287.58,19.0,298.0,36.0,285.15,33.0,318.44,43.0,292.79,10.420000000000016,52.0,79.0,0.654660217188451,131,-27.0,-2.0,-0.21
07:42:06,287.89,38.0,297.37,52.0,285.31,68.0,309.49,61.0,292.63,9.480000000000018,106.0,113.0,0.44562315914876366,219,-7.0,88.0,-0.03
07:42:07,289.0,72.0,295.92,36.0,287.0,36.0,298.0,48.0,292.46,6.920000000000016,108.0,84.0,0.5273992794552645,192,24.0,-27.0,0.12
07:42:08,289.45,106.0,294.53,57.0,287.7,69.0,302.35,98.0,291.99,5.079999999999984,175.0,155.0,0.6589005994611352,330,20.0,138.0,0.06
07:42:09,292.0,48.0,293.67,36.0,289.0,72.0,305.0,96.0,292.83,1.670000000000016,120.0,132.0,0.34044089056766796,252,-12.0,-78.0,-0.05
07:42:10,290.29,35.0,302.55,44.0,288.75,48.0,306.3,43.0,296.42,12.259999999999991,83.0,87.0,1.7902597576803154,170,-4.0,-82.0,-0.02
07:42:11,289.0,64.0,305.0,85.0,288.0,51.0,307.0,68.0,297.0,16.0,115.0,153.0,2.3737628356616574,268,-38.0,98.0,-0.14
07:42:12,289.0,18.0,305.0,45.0,288.0,27.0,307.0,36.0,297.0,16.0,45.0,81.0,2.4379232965717583,126,-36.0,-142.0,-0.29
07:42:13,289.0,14.0,303.92,25.0,288.0,21.0,305.26,31.0,296.46,14.920000000000016,35.0,56.0,1.7621066936954146,91,-21.0,-35.0,-0.23
07:42:14,288.61,23.0,303.0,39.0,286.88,48.0,304.44,57.0,295.8,14.389999999999986,71.0,96.0,0.49787548640737356,167,-25.0,76.0,-0.15
07:42:15,285.22,46.0,300.76,50.0,284.91,66.0,302.06,78.0,292.99,15.539999999999964,112.0,128.0,1.6732602905603782,240,-16.0,73.0,-0.07
07:42:16,285.27,33.0,298.0,65.0,284.75,60.0,300.0,39.0,291.64,12.730000000000018,93.0,104.0,2.3374601600813376,197,-11.0,-43.0,-0.06
07:42:17,287.44,16.0,295.46,52.0,283.69,96.0,298.22,76.0,291.45,8.019999999999982,112.0,128.0,2.3362726724354745,240,-16.0,43.0,-0.07
07:42:18,291.21,24.0,293.98,49.0,288.06,17.0,298.82,83.0,292.59,2.7700000000000387,41.0,132.0,1.746719782898716,173,-91.0,-67.0,-0.53
07:42:19,292.2,15.0,293.97,31.0,287.14,14.0,299.07,68.0,293.08,1.7700000000000387,29.0,99.0,0.7606247432014951,128,-70.0,-45.0,-0.55
07:42:20,282.64,45.0,299.38,37.0,280.14,35.0,301.4,50.0,291.01,16.74000000000001,80.0,87.0,0.8538325362568688,167,-7.0,39.0,-0.04
07:42:21,279.0,117.0,300.0,35.0,277.0,65.0,301.0,65.0,289.5,21.0,182.0,100.0,1.4074551502521826,282,82.0,115.0,0.29
07:42:22,280.55,96.0,298.33,42.0,279.0,64.0,300.16,64.0,289.44,17.779999999999973,160.0,106.0,1.6927285665374476,266,54.0,-16.0,0.2
07:42:23,285.55,112.0,294.97,66.0,280.83,93.0,298.38,61.0,290.26,9.420000000000016,205.0,127.0,1.4977382948875182,332,78.0,66.0,0.23
07:42:24,286.11,76.0,291.59,44.0,281.64,94.0,293.15,53.0,288.85,5.479999999999961,170.0,97.0,0.8362236542778121,267,73.0,-65.0,0.27
07:42:25,286.29,70.0,288.34,35.0,282.5,100.0,290.1,63.0,287.31,2.0499999999999545,170.0,98.0,1.104975112830516,268,72.0,1.0,0.27
07:42:26,286.74,68.0,288.23,61.0,283.93,60.0,292.81,37.0,287.48,1.490000000000009,128.0,98.0,1.2667951689106562,226,30.0,-42.0,0.13
07:42:27,286.0,68.0,296.98,41.0,278.68,19.0,300.41,58.0,291.49,10.980000000000018,87.0,99.0,1.7990469699190268,186,-12.0,-40.0,-0.06
07:42:28,286.0,52.0,296.08,39.0,279.0,13.0,298.52,31.0,291.04,10.079999999999984,65.0,70.0,1.954285035498824,135,-5.0,-51.0,-0.04
07:42:29,286.55,44.0,295.55,33.0,281.0,14.0,298.73,22.0,291.05,9.0,58.0,55.0,2.0892175568796225,113,3.0,-22.0,0.03
07:42:30,292.0,60.0,293.93,45.0,286.0,60.0,300.27,66.0,292.97,1.9300000000000068,120.0,111.0,2.02035392938281,231,9.0,118.0,0.04
07:42:31,292.0,48.0,293.0,42.0,286.0,59.0,300.51,59.0,292.5,1.0,107.0,101.0,0.8795737603926331,208,6.0,-23.0,0.03
07:42:32,289.23,26.0,292.87,31.0,284.05,37.0,299.46,39.0,291.05,3.6399999999999864,63.0,70.0,0.9395584068972813,133,-7.0,-75.0,-0.05
07:42:33,286.0,36.0,290.11,36.0,278.0,27.0,293.0,27.0,288.06,4.110000000000014,63.0,63.0,1.9170367758528168,126,0.0,-7.0,0.0
07:42:34,286.0,40.0,289.47,34.0,278.0,30.0,291.0,36.0,287.74,3.4700000000000273,70.0,70.0,2.4478623327248226,140,0.0,14.0,0.0
07:42:35,286.0,35.0,287.5,30.0,278.0,30.0,290.0,40.0,286.75,1.5,65.0,70.0,2.43640103430749,135,-5.0,-5.0,-0.04
07:42:36,278.73,33.0,288.56,41.0,276.46,13.0,295.05,84.0,283.64,9.829999999999984,46.0,125.0,2.6656275058561745,171,-79.0,36.0,-0.46
07:42:37,278.0,27.0,286.89,36.0,276.0,9.0,296.0,81.0,282.44,8.889999999999986,36.0,117.0,2.5348333278500554,153,-81.0,-18.0,-0.53
07:42:38,278.59,44.0,285.48,46.0,277.45,22.0,294.55,66.0,282.03,6.890000000000043,66.0,112.0,2.5808041382447326,178,-46.0,25.0,-0.26
07:42:39,281.09,66.0,284.23,66.0,279.85,53.0,294.41,88.0,282.66,3.140000000000043,119.0,154.0,1.9086723134112213,273,-35.0,95.0,-0.13
07:42:40,283.43,44.0,291.18,49.0,278.53,30.0,295.62,64.0,287.31,7.75,74.0,113.0,2.148168987761986,187,-39.0,-86.0,-0.21
07:42:41,285.67,48.0,295.42,48.0,272.88,43.0,302.77,39.0,290.54,9.75,91.0,87.0,3.770865948290967,178,4.0,-9.0,0.02
07:42:42,275.42,62.0,291.0,95.0,273.96,53.0,411.88,65.0,283.21,15.579999999999984,115.0,160.0,3.654305679603188,275,-45.0,97.0,-0.16
07:42:43,279.0,20.0,282.34,41.0,275.8,25.0,297.35,46.0,280.67,3.339999999999975,45.0,87.0,3.980636883713516,132,-42.0,-143.0,-0.32
07:42:44,279.0,24.0,291.93,59.0,275.0,36.0,363.89,28.0,285.47,12.930000000000007,60.0,87.0,3.7826445775382647,147,-27.0,15.0,-0.18
07:42:45,279.89,18.0,290.67,36.0,272.78,36.0,292.0,45.0,285.28,10.78000000000003,54.0,81.0,3.6379293561008383,135,-27.0,-12.0,-0.2
07:42:46,280.29,28.0,289.79,56.0,272.91,79.0,292.86,70.0,285.04,9.5,107.0,126.0,2.0354434406246487,233,-19.0,98.0,-0.08
07:42:47,280.7,27.0,289.0,60.0,272.0,34.0,300.67,75.0,284.85,8.300000000000011,61.0,135.0,2.021699779883604,196,-74.0,-37.0,-0.38
07:42:48,273.0,43.0,281.74,43.0,268.48,25.0,286.0,57.0,277.37,8.740000000000009,68.0,100.0,3.491714478588191,168,-32.0,-28.0,-0.19
07:42:49,273.0,24.0,280.75,20.0,272.0,6.0,281.87,23.0,276.88,7.75,30.0,43.0,4.35047468674223,73,-13.0,-95.0,-0.18
07:42:50,273.13,46.0,277.62,65.0,272.55,22.0,279.25,63.0,275.37,4.490000000000009,68.0,128.0,4.662732031758628,196,-60.0,123.0,-0.31
07:42:51,275.68,38.0,280.44,27.0,273.2,20.0,281.94,47.0,278.06,4.759999999999991,58.0,74.0,3.681511917675942,132,-16.0,-64.0,-0.12
07:42:52,277.2,41.0,281.0,18.0,275.0,52.0,282.0,36.0,279.1,3.8000000000000114,93.0,54.0,1.3881750610033468,147,39.0,15.0,0.27
07:42:53,277.0,42.0,280.08,26.0,268.0,21.0,281.25,16.0,278.54,3.079999999999984,63.0,42.0,1.4862705002762127,105,21.0,-42.0,0.2
07:42:54,277.0,60.0,280.67,24.0,272.0,40.0,281.89,36.0,278.83,3.670000000000016,100.0,60.0,1.5090559963072023,160,40.0,55.0,0.25
07:42:55,277.0,38.0,281.0,14.0,272.0,28.0,282.0,28.0,279.0,4.0,66.0,42.0,0.4189033301248225,108,24.0,-52.0,0.22
07:42:56,277.0,18.0,281.0,18.0,272.0,36.0,282.0,36.0,279.0,4.0,54.0,54.0,0.22040871123753117,108,0.0,0.0,0.0
07:42:57,277.5,12.0,281.0,12.0,272.0,24.0,282.0,24.0,279.25,3.5,36.0,36.0,0.2617823523260242,72,0.0,-36.0,0.0
07:42:58,278.0,16.0,281.0,15.0,272.0,32.0,282.0,32.0,279.5,3.0,48.0,47.0,0.2617823523255369,95,1.0,23.0,0.01
07:42:59,278.77,26.0,281.0,12.0,273.59,34.0,282.0,48.0,279.88,2.230000000000018,60.0,60.0,0.37266607034824417,120,0.0,25.0,0.0
07:43:00,279.92,50.0,281.92,26.0,274.94,34.0,283.34,65.0,280.92,2.0,84.0,91.0,0.7504665215639543,175,-7.0,55.0,-0.04
07:43:01,279.17,12.0,283.0,22.0,278.05,21.0,285.0,99.0,281.08,3.829999999999984,33.0,121.0,0.8307105392299592,154,-88.0,-21.0,-0.57
07:43:02,280.33,15.0,283.0,26.0,271.55,51.0,285.0,117.0,281.67,2.670000000000016,66.0,143.0,0.8952094726861718,209,-77.0,55.0,-0.37
07:43:03,269.73,30.0,281.0,41.0,268.19,43.0,283.0,18.0,275.37,11.269999999999982,73.0,59.0,2.5504764260796873,132,14.0,-77.0,0.11
07:43:04,269.0,48.0,282.36,33.0,268.0,50.0,285.0,30.0,275.68,13.360000000000014,98.0,63.0,3.1354951762025283,161,35.0,29.0,0.22
07:43:05,269.0,15.0,284.0,21.0,268.0,35.0,286.0,28.0,276.5,15.0,50.0,49.0,3.06131507688942,99,1.0,-62.0,0.01
07:43:06,269.0,15.0,283.9,20.0,268.0,35.0,285.78,27.0,276.45,14.899999999999977,50.0,47.0,2.582194802874425,97,3.0,-2.0,0.03
07:43:07,269.0,42.0,282.43,28.0,268.0,70.0,284.85,47.0,275.71,13.430000000000007,112.0,75.0,0.5047474616015899,187,37.0,90.0,0.2
07:43:08,269.0,30.0,282.0,20.0,268.0,50.0,286.0,40.0,275.5,13.0,80.0,60.0,0.4700744621793631,140,20.0,-47.0,0.14
07:43:09,269.0,30.0,279.6,15.0,268.0,60.0,280.92,25.0,274.3,10.600000000000023,90.0,40.0,0.8947457739456308,130,50.0,-10.0,0.38
07:43:10,269.0,12.0,284.6,20.0,268.0,42.0,286.71,14.0,276.8,15.600000000000023,54.0,34.0,0.9694173507800936,88,20.0,-42.0,0.23
07:43:11,274.05,38.0,284.55,22.0,268.08,53.0,286.04,23.0,279.3,10.5,91.0,45.0,1.886510005272374,136,46.0,48.0,0.34
07:43:12,277.0,108.0,284.0,18.0,269.89,18.0,285.0,27.0,280.5,7.0,126.0,45.0,2.584956479322525,171,81.0,35.0,0.47
07:43:13,277.35,68.0,284.84,25.0,275.79,58.0,287.1,20.0,281.1,7.489999999999952,126.0,45.0,2.823118842696847,171,81.0,0.0,0.47
07:43:14,277.23,78.0,285.0,30.0,274.38,64.0,288.0,20.0,281.12,7.769999999999982,142.0,50.0,1.8142436440533904,192,92.0,21.0,0.48
07:43:15,277.58,72.0,285.0,27.0,276.0,72.0,288.0,18.0,281.29,7.420000000000016,144.0,45.0,0.8181197956209331,189,99.0,-3.0,0.52
07:43:16,278.31,51.0,285.0,39.0,277.53,106.0,288.0,26.0,281.66,6.689999999999998,157.0,65.0,0.41961887467814557,222,92.0,33.0,0.41
07:43:17,280.24,34.0,285.0,36.0,279.38,74.0,288.0,24.0,282.62,4.759999999999991,108.0,60.0,0.6347597970772545,168,48.0,-54.0,0.29
07:43:18,282.58,53.0,285.0,42.0,280.27,73.0,288.0,28.0,283.79,2.420000000000016,126.0,70.0,1.1109140380717246,196,56.0,28.0,0.29
07:43:19,283.67,126.0,285.35,51.0,282.0,36.0,298.33,45.0,284.51,1.6800000000000068,162.0,96.0,1.3704853154936945,258,66.0,62.0,0.26
07:43:20,285.07,121.0,287.61,36.0,280.32,41.0,312.71,69.0,286.34,2.5400000000000205,162.0,105.0,1.7976734964899475,267,57.0,9.0,0.21
07:43:21,287.34,118.0,300.32,62.0,271.95,38.0,315.67,90.0,293.83,12.980000000000018,156.0,152.0,4.464176295799604,308,4.0,41.0,0.01
07:43:22,290.92,122.0,303.0,64.0,289.21,122.0,312.97,58.0,296.96,12.079999999999984,244.0,122.0,5.9378725146280535,366,122.0,58.0,0.33
07:43:23,294.0,96.0,302.18,65.0,290.54,132.0,362.97,36.0,298.09,8.180000000000007,228.0,101.0,6.187885745549242,329,127.0,-37.0,0.39
07:43:24,295.0,44.0,298.14,42.0,294.0,44.0,299.23,35.0,296.57,3.1399999999999864,88.0,77.0,4.747585702224674,165,11.0,-164.0,0.07
07:43:25,294.2,80.0,296.98,53.0,287.26,78.0,399.85,47.0,295.59,2.7800000000000296,158.0,100.0,1.6027538800344048,258,58.0,93.0,0.22
07:43:26,291.96,46.0,295.82,44.0,288.43,51.0,421.9,63.0,293.89,3.8600000000000136,97.0,107.0,1.5805695175996906,204,-10.0,-54.0,-0.05
07:43:27,288.48,42.0,295.0,48.0,286.52,46.0,624.28,74.0,291.74,6.519999999999982,88.0,122.0,2.452851401933452,210,-34.0,6.0,-0.16
07:43:28,288.0,6.0,294.17,18.0,286.0,18.0,458.5,30.0,291.08,6.170000000000016,24.0,48.0,2.372958069576695,72,-24.0,-138.0,-0.33
07:43:29,288.0,9.0,294.0,27.0,286.0,27.0,417.0,17.0,291.0,6.0,36.0,44.0,2.0122251365021078,80,-8.0,8.0,-0.1
07:43:30,286.0,33.0,293.41,37.0,281.0,168.0,366.0,27.0,289.7,7.410000000000025,201.0,64.0,1.5357799321429113,265,137.0,177.5,0.52
07:43:31,288.25,48.0,291.8,25.0,281.56,81.0,321.0,35.0,290.02,3.5500000000000114,129.0,60.0,0.8333786654181609,189,69.0,-76.0,0.37
07:43:32,288.64,100.0,293.0,60.0,282.4,60.0,379.57,49.0,290.82,4.360000000000014,160.0,109.0,0.6237627753997913,269,51.0,80.0,0.19
07:43:33,286.0,27.0,291.7,40.0,280.0,81.0,314.26,34.0,288.85,5.699999999999989,108.0,74.0,0.8739107505776472,182,34.0,-87.0,0.19
07:43:34,286.0,21.0,288.62,32.0,280.0,81.0,290.22,41.0,287.31,2.6200000000000045,102.0,73.0,1.3363569882244775,175,29.0,-7.0,0.17
07:43:35,281.24,34.0,287.38,40.0,279.78,81.0,288.57,35.0,284.31,6.139999999999986,115.0,75.0,2.574115382025075,190,40.0,15.0,0.21
07:43:36,280.12,102.0,335.51,43.0,279.13,69.0,337.53,38.0,307.81,55.389999999999986,171.0,81.0,9.249881080315173,252,90.0,62.0,0.36
07:43:42,291.09,11.0,392.93,54.0,287.0,88.0,472.57,42.0,342.01,101.84000000000003,99.0,96.0,35.39536297313282,195,3.0,46.0,0.02
07:43:43,292.23,31.0,380.45,55.0,286.92,76.0,582.13,46.0,336.34,88.21999999999997,107.0,101.0,41.81689347619977,208,6.0,13.0,0.03
07:43:44,294.0,27.0,379.64,44.0,287.0,63.0,420.38,21.0,336.82,85.63999999999999,90.0,65.0,45.54230648528739,155,25.0,-53.0,0.16
07:43:45,287.0,22.0,378.87,47.0,285.0,30.0,420.07,29.0,332.94,91.87,52.0,76.0,45.35281490712423,128,-24.0,-27.0,-0.19
07:43:46,292.09,11.0,374.72,29.0,285.62,13.0,411.0,20.0,333.41,82.63000000000005,24.0,49.0,3.623455533037599,73,-25.0,-55.0,-0.34
07:43:47,289.33,6.0,357.06,17.0,285.15,13.0,392.26,19.0,323.2,67.73000000000002,19.0,36.0,5.497974172357166,55,-17.0,-18.0,-0.31
07:43:48,287.0,25.0,295.0,50.0,285.0,30.0,296.0,30.0,291.0,8.0,55.0,80.0,18.848612150498518,135,-25.0,80.0,-0.19
07:43:49,285.07,28.0,294.3,50.0,280.18,84.0,296.0,30.0,289.69,9.230000000000018,112.0,80.0,22.02314850333474,192,32.0,57.0,0.17
07:43:50,285.0,24.0,293.75,40.0,280.0,72.0,296.0,24.0,289.38,8.75,96.0,64.0,21.284877965352514,160,32.0,-32.0,0.2
07:43:51,285.0,8.0,292.5,30.0,280.0,54.0,296.0,18.0,288.75,7.5,62.0,48.0,15.001890880817747,110,14.0,-50.0,0.13
07:43:52,285.0,9.0,292.0,45.0,280.0,81.0,293.33,27.0,288.5,7.0,90.0,72.0,0.9819012170140384,162,18.0,52.0,0.11
07:43:53,285.0,17.0,291.7,57.0,280.0,153.0,292.61,41.0,288.35,6.699999999999989,170.0,98.0,0.5774339788880406,268,72.0,106.0,0.27
07:43:54,285.71,28.0,287.17,12.0,279.85,92.0,291.5,22.0,286.44,1.4600000000000364,120.0,34.0,1.1033721040408386,154,86.0,-114.0,0.56
07:43:55,286.22,36.0,291.74,31.0,283.46,57.0,367.71,51.0,288.98,5.519999999999982,93.0,82.0,1.015002463039198,175,11.0,21.0,0.06
07:43:56,289.58,24.0,294.0,36.0,287.22,18.0,381.08,36.0,291.79,4.420000000000016,42.0,72.0,1.925738819252161,114,-30.0,-61.0,-0.26
07:43:57,292.03,65.0,293.92,24.0,290.12,32.0,417.38,16.0,292.97,1.8900000000000432,97.0,40.0,2.6471361884068867,137,57.0,23.0,0.42
07:43:58,292.0,91.0,312.64,28.0,288.0,39.0,456.83,29.0,302.32,20.639999999999986,130.0,57.0,6.047135685592714,187,73.0,50.0,0.39
