Time,Bid1_Price,Bid1_Volume,Ask1_Price,Ask1_Volume,Bid2_Price,Bid2_Volume,Ask2_Price,Ask2_Volume,Mid-Price,Bid_Ask_Spread,Market_Depth_Bid,Market_Depth_Ask,Historical_Volatility,Total_volume,Cumulative_Volume_Difference,Total_Volume_Change_Corrected,Order_imbalance
07:30:06,147.0,36.0,212.75,16.0,103.0,16.0,321.94,17.0,179.88,65.75,52.0,33.0,100.72853930242414,85,19.0,-44.0,0.22
07:30:07,147.0,54.0,209.17,24.0,105.67,24.0,210.5,24.0,178.08,62.16999999999999,78.0,48.0,112.45298960009912,126,30.0,41.0,0.24
07:30:08,147.39,89.0,205.2,45.0,137.26,69.0,206.26,47.0,176.3,57.81,158.0,92.0,94.82369640548715,250,66.0,124.0,0.26
07:30:09,148.92,91.0,200.71,59.0,147.0,117.0,201.8,55.0,174.82,51.79000000000002,208.0,114.0,83.20338274373223,322,94.0,72.0,0.29
07:30:10,149.75,56.0,196.35,66.0,148.31,112.0,197.43,60.0,173.05,46.599999999999994,168.0,126.0,2.676673308418808,294,42.0,-28.0,0.14
07:30:11,151.71,14.0,177.26,80.0,150.07,68.0,182.39,57.0,164.49,25.549999999999983,82.0,137.0,5.287387823869343,219,-55.0,-75.0,-0.25
07:30:12,150.12,25.0,168.86,43.0,147.68,93.0,169.87,47.0,159.49,18.74000000000001,118.0,90.0,7.28629878607801,208,28.0,-11.0,0.13
07:30:13,148.0,36.0,165.97,37.0,146.82,66.0,167.24,33.0,156.99,17.97,102.0,70.0,7.954025395986743,172,32.0,-36.0,0.19
07:30:14,147.0,40.0,161.39,23.0,146.0,20.0,163.24,25.0,154.2,14.389999999999986,60.0,48.0,7.4146665467843205,108,12.0,-64.0,0.11
07:30:15,147.0,46.0,157.87,54.0,146.0,44.0,159.67,39.0,152.44,10.870000000000005,90.0,93.0,4.732110522800883,183,-3.0,75.0,-0.02
07:30:16,147.96,23.0,154.58,48.0,146.83,23.0,156.43,58.0,151.27,6.6200000000000045,46.0,106.0,3.3597723137145916,152,-60.0,-31.0,-0.39
07:30:17,148.94,32.0,151.6,53.0,147.8,25.0,152.57,46.0,150.27,2.6599999999999966,57.0,99.0,2.6511186318237927,156,-42.0,4.0,-0.27
07:30:18,148.0,12.0,149.47,38.0,147.0,8.0,151.11,36.0,148.74,1.4699999999999989,20.0,74.0,2.079045454049397,94,-54.0,-62.0,-0.57
07:30:19,148.0,6.0,149.0,30.0,147.0,6.0,150.0,24.0,148.5,1.0,12.0,54.0,1.6717745063266445,66,-42.0,-28.0,-0.64
07:30:20,145.38,68.0,147.4,63.0,144.45,66.0,151.35,48.0,146.39,2.0200000000000102,134.0,111.0,1.8634457330450946,245,23.0,168.0,0.09
07:30:21,141.25,48.0,144.3,66.0,125.69,48.0,147.01,69.0,142.78,3.0500000000000114,96.0,135.0,2.8976939106821207,231,-39.0,-14.0,-0.17
07:30:22,124.0,14.0,138.0,30.0,121.0,70.0,139.0,56.0,131.0,14.0,84.0,86.0,7.375236945346557,170,-2.0,-61.0,-0.01
07:30:23,123.26,46.0,138.0,59.0,117.23,31.0,139.0,52.0,130.63,14.739999999999995,77.0,111.0,8.507487878334318,188,-34.0,18.0,-0.18
07:30:24,125.14,57.0,138.0,44.0,124.83,40.0,139.0,44.0,131.57,12.86,97.0,88.0,7.520952732201288,185,9.0,-3.0,0.05
07:30:25,132.65,97.0,138.0,64.0,128.45,42.0,139.0,76.0,135.32,5.349999999999994,139.0,140.0,5.117484733734583,279,-1.0,94.0,-0.0
07:30:26,135.76,62.0,138.0,44.0,133.79,29.0,139.0,55.0,136.88,2.240000000000009,91.0,99.0,2.831368926863242,190,-8.0,-89.0,-0.04
07:30:27,136.0,42.0,138.0,12.0,130.38,8.0,139.0,30.0,137.0,2.0,50.0,42.0,2.9961058058764185,92,8.0,-98.0,0.09
07:30:28,136.0,49.0,138.0,14.0,130.0,7.0,139.0,35.0,137.0,2.0,56.0,49.0,2.338114625078509,105,7.0,13.0,0.07
07:30:29,136.83,42.0,138.17,12.0,130.0,6.0,139.48,33.0,137.5,1.339999999999975,48.0,45.0,0.8289752710459131,93,3.0,-12.0,0.03
07:30:30,137.17,42.0,139.0,12.0,130.0,6.0,141.0,48.0,138.08,1.8300000000000125,48.0,60.0,0.5011187484074853,108,-12.0,15.0,-0.11
07:30:31,133.65,20.0,140.95,74.0,130.48,42.0,142.7,53.0,137.3,7.299999999999983,62.0,127.0,0.4470794112967607,189,-65.0,81.0,-0.34
07:30:32,132.71,21.0,141.0,71.0,131.09,33.0,143.0,45.0,136.86,8.289999999999992,54.0,116.0,0.4797082446711374,170,-62.0,-19.0,-0.36
07:30:33,133.0,66.0,141.0,75.0,130.45,55.0,143.0,55.0,137.0,8.0,121.0,130.0,0.4797082446711374,251,-9.0,81.0,-0.04
07:30:34,133.44,32.0,141.0,60.0,132.47,57.0,143.0,50.0,137.22,7.560000000000002,89.0,110.0,0.47383541446949995,199,-21.0,-52.0,-0.11
07:30:35,134.52,29.0,140.83,58.0,133.12,48.0,142.54,52.0,137.67,6.310000000000002,77.0,110.0,0.31080540536725837,187,-33.0,-12.0,-0.18
07:30:36,135.94,17.0,140.0,65.0,134.97,62.0,141.0,78.0,137.97,4.060000000000002,79.0,143.0,0.4653278414252344,222,-64.0,35.0,-0.29
07:30:37,138.61,44.0,140.19,63.0,134.19,52.0,141.11,94.0,139.4,1.579999999999984,96.0,157.0,0.9445475107189313,253,-61.0,31.0,-0.24
07:30:38,134.97,29.0,141.0,48.0,108.44,9.0,142.0,40.0,137.98,6.030000000000001,38.0,88.0,0.8165598569641259,126,-50.0,-127.0,-0.4
07:30:39,136.08,52.0,141.0,78.0,134.0,13.0,142.0,31.0,138.54,4.9199999999999875,65.0,109.0,0.684667802664328,174,-44.0,48.0,-0.25
07:30:40,137.0,36.0,143.0,39.0,133.11,9.0,181.2,45.0,140.0,6.0,45.0,84.0,0.8981202592109091,129,-39.0,-45.0,-0.3
07:30:41,137.36,56.0,144.4,48.0,132.0,14.0,260.46,37.0,140.88,7.039999999999992,70.0,85.0,1.1509126813120603,155,-15.0,26.0,-0.1
07:30:42,138.84,31.0,274.0,33.0,132.38,13.0,427.74,35.0,206.42,135.16,44.0,68.0,30.01668002961022,112,-24.0,-43.0,-0.21
07:30:43,144.0,6.0,370.21,14.0,134.0,6.0,467.14,14.0,257.11,226.20999999999998,12.0,28.0,53.46759298865057,40,-16.0,-72.0,-0.4
07:30:44,144.0,8.0,361.56,18.0,134.0,8.0,452.7,20.0,252.78,217.56,16.0,38.0,57.40664613091407,54,-22.0,14.0,-0.41
07:30:45,139.0,10.0,369.44,18.0,132.5,10.0,528.28,25.0,254.22,230.44,20.0,43.0,50.10250013721857,63,-23.0,9.0,-0.37
07:30:46,134.0,8.0,141.23,13.0,131.0,8.0,174.43,14.0,137.62,7.22999999999999,16.0,27.0,51.43025665889668,43,-11.0,-20.0,-0.26
07:30:47,143.0,10.0,362.5,8.0,133.25,4.0,423.0,10.0,252.75,219.5,14.0,18.0,52.17303355182623,32,-4.0,-11.0,-0.12
07:30:50,136.5,86.0,300.85,26.0,131.81,59.0,318.54,26.0,218.67,164.35000000000002,145.0,52.0,78.93969426087223,197,93.0,113.0,0.47
07:30:51,139.0,70.0,401.41,27.0,135.07,45.0,463.92,24.0,270.2,262.41,115.0,51.0,47.44777286659494,166,64.0,-31.0,0.39
07:30:52,147.22,94.0,259.96,23.0,138.24,38.0,421.38,26.0,203.59,112.73999999999998,132.0,49.0,57.75689629819095,181,83.0,15.0,0.46
07:30:53,150.19,70.0,199.15,27.0,149.25,114.0,263.0,33.0,174.67,48.96000000000001,184.0,60.0,66.30908972380774,244,124.0,63.0,0.51
07:30:54,151.0,11.0,225.8,10.0,150.0,63.0,398.38,21.0,188.4,74.80000000000001,74.0,31.0,36.90850078233994,105,43.0,-139.0,0.41
07:30:55,150.0,28.0,160.44,9.0,149.0,77.0,281.17,12.0,155.22,10.439999999999998,105.0,21.0,43.90273374176133,126,84.0,21.0,0.67
07:30:56,150.0,36.0,159.89,9.0,149.0,99.0,314.0,18.0,154.94,9.889999999999986,135.0,27.0,21.15447068588555,162,108.0,36.0,0.67
07:30:57,150.0,40.0,158.3,10.0,149.0,110.0,265.88,17.0,154.15,8.300000000000011,150.0,27.0,15.447576832629498,177,123.0,15.0,0.69
07:30:58,150.0,48.0,156.0,52.0,149.0,132.0,157.47,17.0,153.0,6.0,180.0,69.0,15.261992661510224,249,111.0,72.0,0.45
07:30:59,149.38,53.0,151.87,15.0,148.25,88.0,154.18,22.0,150.62,2.490000000000009,141.0,37.0,1.868282633862556,178,104.0,-71.0,0.58
07:31:00,149.0,114.0,154.73,30.0,147.0,132.0,161.5,16.0,151.87,5.72999999999999,246.0,46.0,1.731482024160947,292,200.0,114.0,0.68
07:31:01,149.0,72.0,160.0,36.0,147.0,99.0,192.44,9.0,154.5,11.0,171.0,45.0,1.6098043359341851,216,126.0,-76.0,0.58
07:31:02,149.0,68.0,160.0,36.0,147.0,99.0,246.44,9.0,154.5,11.0,167.0,45.0,1.6874003674269165,212,122.0,-4.0,0.58
07:31:03,149.6,70.0,158.65,43.0,147.98,86.0,213.16,19.0,154.13,9.050000000000011,156.0,62.0,1.77773170078965,218,94.0,6.0,0.43
07:31:04,150.0,65.0,155.63,60.0,149.0,91.0,157.25,57.0,152.82,5.6299999999999955,156.0,117.0,1.172147601623796,273,39.0,55.0,0.14
07:31:05,150.0,30.0,153.0,32.0,149.0,56.0,155.0,40.0,151.5,3.0,86.0,72.0,1.3094655398262458,158,14.0,-115.0,0.09
07:31:06,149.16,77.0,150.85,67.0,147.38,148.0,171.63,41.0,150.0,1.6899999999999977,225.0,108.0,1.8687428929610868,333,117.0,168.0,0.35
07:31:07,149.0,13.0,164.58,12.0,147.0,96.0,179.8,10.0,156.79,15.580000000000013,109.0,22.0,2.5938330709574378,131,87.0,-168.0,0.66
07:31:08,147.0,96.0,174.14,14.0,145.0,88.0,187.89,9.0,160.57,27.139999999999986,184.0,23.0,4.301944908990844,207,161.0,76.0,0.78
07:31:09,147.0,92.0,172.67,18.0,145.0,99.0,231.0,18.0,159.83,25.669999999999987,191.0,36.0,4.798038140739608,227,155.0,20.0,0.68
07:31:10,147.23,39.0,170.25,8.0,145.47,43.0,231.0,8.0,158.74,23.02000000000001,82.0,16.0,4.261822380155197,98,66.0,-129.0,0.67
07:31:11,150.98,52.0,169.6,20.0,149.14,36.0,318.23,13.0,160.29,18.620000000000005,88.0,33.0,1.5388242264765617,121,55.0,23.0,0.45
07:31:12,152.0,24.0,167.41,17.0,151.0,72.0,178.81,21.0,159.71,15.409999999999997,96.0,38.0,0.7002999357354095,134,58.0,13.0,0.43
07:31:13,151.29,84.0,163.92,39.0,150.9,80.0,165.03,38.0,157.6,12.629999999999995,164.0,77.0,1.0736526440107192,241,87.0,107.0,0.36
07:31:14,151.0,54.0,157.91,22.0,150.0,9.0,159.1,21.0,154.45,6.909999999999997,63.0,43.0,2.310491289745876,106,20.0,-135.0,0.19
07:31:15,151.0,38.0,155.1,20.0,150.0,10.0,156.38,26.0,153.05,4.099999999999994,48.0,46.0,3.1871303707240926,94,2.0,-12.0,0.02
07:31:16,150.64,44.0,152.56,32.0,148.71,28.0,154.19,32.0,151.6,1.920000000000016,72.0,64.0,3.3245856884719425,136,8.0,42.0,0.06
07:31:17,149.74,46.0,151.08,24.0,148.33,18.0,201.25,20.0,150.41,1.3400000000000034,64.0,44.0,2.7857979108314743,108,20.0,-28.0,0.19
07:31:18,150.0,29.0,212.64,11.0,149.0,14.0,469.4,10.0,181.32,62.639999999999986,43.0,21.0,13.032245777301455,64,22.0,-44.0,0.34
07:31:19,149.0,20.0,377.0,16.0,147.0,10.0,532.59,17.0,263.0,228.0,30.0,33.0,48.21591054828256,63,-3.0,-1.0,-0.05
07:31:20,149.0,24.0,379.67,12.0,147.74,19.0,527.0,12.0,264.33,230.67000000000002,43.0,24.0,57.522370170221414,67,19.0,4.0,0.28
07:31:22,146.71,21.0,331.82,11.0,146.77,26.0,451.92,13.0,239.27,185.10999999999999,47.0,24.0,45.176401693804294,71,23.0,31.0,0.32
07:31:23,145.0,76.0,309.61,23.0,144.0,56.0,359.14,14.0,227.3,164.61,132.0,37.0,29.56627758105441,169,95.0,98.0,0.56
07:31:24,146.32,38.0,281.73,11.0,143.8,46.0,452.81,21.0,214.02,135.41000000000003,84.0,32.0,35.66689319242654,116,52.0,-53.0,0.45
07:31:25,152.0,32.0,228.33,18.0,147.73,44.0,333.33,12.0,190.17,76.33000000000001,76.0,30.0,42.84384378180798,106,46.0,-10.0,0.43
07:31:30,145.0,24.0,244.75,16.0,144.0,40.0,342.12,16.0,194.88,99.75,64.0,32.0,62.65657746797185,96,32.0,-12.0,0.33
07:31:31,145.0,18.0,260.55,11.0,144.0,30.0,287.71,7.0,202.77,115.55000000000001,48.0,18.0,71.71274419515655,66,30.0,-30.0,0.45
07:31:32,145.0,12.0,341.25,8.0,144.0,23.0,513.0,8.0,243.12,196.25,35.0,16.0,63.22000371717766,51,19.0,-15.0,0.37
07:31:33,145.0,18.0,285.17,12.0,144.0,30.0,369.67,12.0,215.08,140.17000000000002,48.0,24.0,44.180055794441415,72,24.0,21.0,0.33
07:31:34,145.75,48.0,250.3,20.0,144.47,38.0,267.8,20.0,198.03,104.55000000000001,86.0,40.0,19.646234499261062,126,46.0,54.0,0.37
07:31:35,146.14,42.0,242.0,24.0,145.67,54.0,245.67,24.0,194.07,95.86000000000001,96.0,48.0,19.81271384742523,144,48.0,18.0,0.33
07:31:36,147.28,32.0,238.24,34.0,145.47,49.0,239.62,26.0,192.76,90.96000000000001,81.0,60.0,21.256595917501826,141,21.0,-3.0,0.15
07:31:37,145.0,16.0,235.14,28.0,144.0,40.0,235.8,20.0,190.07,90.13999999999999,56.0,48.0,9.968885093126232,104,8.0,-37.0,0.08
07:31:38,145.2,20.0,231.7,20.0,144.04,47.0,233.46,26.0,188.45,86.5,67.0,46.0,3.7170525958013547,113,21.0,9.0,0.19
07:31:39,147.0,20.0,230.0,35.0,145.0,20.0,232.0,20.0,188.5,83.0,40.0,55.0,2.5433934025142992,95,-15.0,-18.0,-0.16
07:31:40,144.9,20.0,226.07,56.0,143.2,75.0,226.69,45.0,185.49,81.16999999999999,95.0,101.0,2.652381948353768,196,-6.0,101.0,-0.03
07:31:41,144.0,14.0,218.7,50.0,143.0,70.0,219.76,37.0,181.35,74.69999999999999,84.0,87.0,3.4539861030340653,171,-3.0,-25.0,-0.02
07:31:42,144.0,50.0,214.51,71.0,143.0,80.0,215.78,46.0,179.25,70.50999999999999,130.0,117.0,4.183577416512322,247,13.0,76.0,0.05
07:31:43,144.0,44.0,213.48,54.0,143.0,55.0,214.51,45.0,178.74,69.47999999999999,99.0,99.0,4.207877136983848,198,0.0,-49.0,0.0
07:31:44,144.0,32.0,209.29,31.0,143.0,40.0,209.95,39.0,176.65,65.28999999999999,72.0,70.0,3.3502656611007344,142,2.0,-56.0,0.01
07:31:45,144.0,44.0,184.79,39.0,143.0,55.0,197.71,45.0,164.4,40.78999999999999,99.0,84.0,6.738781047040315,183,15.0,41.0,0.08
07:31:46,144.0,47.0,175.83,48.0,143.0,60.0,177.0,60.0,159.92,31.830000000000013,107.0,108.0,8.987250413777787,215,-1.0,32.0,-0.0
07:31:47,143.0,23.0,172.86,28.0,141.0,40.0,174.82,44.0,157.93,29.860000000000014,63.0,72.0,9.600878605625011,135,-9.0,-80.0,-0.07
07:31:48,146.6,40.0,169.16,44.0,143.76,158.0,171.48,61.0,157.88,22.560000000000002,198.0,105.0,7.890730637903377,303,93.0,168.0,0.31
07:31:49,149.0,24.0,161.32,50.0,144.0,144.0,162.79,53.0,155.16,12.319999999999993,168.0,103.0,3.432727778304888,271,65.0,-32.0,0.24
07:31:50,149.0,13.0,157.82,44.0,144.0,144.0,158.67,21.0,153.41,8.819999999999993,157.0,65.0,2.5661936793518687,222,92.0,-49.0,0.41
07:31:51,144.56,54.0,156.54,48.0,143.86,84.0,157.31,32.0,150.55,11.97999999999999,138.0,80.0,3.131873241359719,218,58.0,-4.0,0.27
07:31:52,144.0,136.0,152.29,68.0,143.0,34.0,153.26,82.0,148.15,8.289999999999992,170.0,150.0,3.813417102802232,320,20.0,102.0,0.06
07:31:53,144.04,52.0,147.5,50.0,143.43,28.0,149.2,44.0,145.77,3.460000000000008,80.0,94.0,3.808650679695371,174,-14.0,-146.0,-0.08
07:31:54,143.72,43.0,285.55,42.0,141.43,46.0,378.31,65.0,214.63,141.83,89.0,107.0,29.277904979693236,196,-18.0,22.0,-0.09
07:31:55,143.75,16.0,298.25,12.0,141.4,20.0,385.79,28.0,221.0,154.5,36.0,40.0,38.25719801553622,76,-4.0,-120.0,-0.05
07:31:56,144.69,16.0,299.0,48.0,133.03,36.0,318.0,7.0,221.84,154.31,52.0,55.0,39.65082432938754,107,-3.0,31.0,-0.03
07:31:57,146.41,17.0,282.03,29.0,140.71,17.0,361.47,15.0,214.22,135.61999999999998,34.0,44.0,32.45825580649634,78,-10.0,-29.0,-0.13
07:31:58,147.0,37.0,161.8,25.0,146.0,22.0,373.1,40.0,154.4,14.800000000000011,59.0,65.0,28.624523052794327,124,-6.0,46.0,-0.05
07:31:59,144.14,7.0,148.0,5.0,140.86,14.0,686.0,15.0,146.07,3.8600000000000136,21.0,20.0,37.90533841030775,41,1.0,-83.0,0.02
07:32:00,143.0,40.0,147.22,9.0,142.0,9.0,643.43,35.0,145.11,4.219999999999999,49.0,44.0,38.33436147896492,93,5.0,52.0,0.05
07:32:01,143.37,57.0,145.89,27.0,142.86,43.0,331.32,38.0,144.63,2.519999999999982,100.0,65.0,30.080048703417145,165,35.0,72.0,0.21
07:32:02,144.0,8.0,145.38,16.0,143.0,40.0,419.78,36.0,144.69,1.3799999999999955,48.0,52.0,4.187720143460569,100,-4.0,-65.0,-0.04
07:32:03,144.0,7.0,193.0,19.0,143.0,35.0,237.67,27.0,168.5,49.0,42.0,46.0,10.469479452195602,88,-4.0,-12.0,-0.05
07:32:04,144.0,7.0,159.43,7.0,143.0,34.0,271.0,27.0,151.71,15.430000000000007,41.0,34.0,10.269046693824412,75,7.0,-13.0,0.09
07:32:05,149.7,53.0,158.23,13.0,143.76,37.0,379.0,39.0,153.96,8.530000000000001,90.0,52.0,9.765918799577772,142,38.0,67.0,0.27
07:32:06,151.0,69.0,155.62,13.0,145.0,22.0,216.91,22.0,153.31,4.6200000000000045,91.0,35.0,8.684844846049181,126,56.0,-16.0,0.44
07:32:07,151.0,75.0,153.1,42.0,147.0,30.0,154.6,25.0,152.05,2.0999999999999943,105.0,67.0,7.099473924168425,172,38.0,46.0,0.22
07:32:08,150.39,23.0,152.27,15.0,146.18,11.0,155.62,16.0,151.33,1.8800000000000239,34.0,31.0,1.115715017352787,65,3.0,-107.0,0.05
07:32:09,144.96,50.0,150.68,50.0,141.84,25.0,151.0,20.0,147.82,5.719999999999999,75.0,70.0,2.398610014142838,145,5.0,80.0,0.03
07:32:10,143.0,38.0,147.2,15.0,141.0,24.0,148.56,32.0,145.1,4.199999999999989,62.0,47.0,3.378589942556761,109,15.0,-36.0,0.14
07:32:11,143.0,8.0,144.36,22.0,138.49,70.0,146.0,8.0,143.68,1.3600000000000136,78.0,30.0,3.6944593650417907,108,48.0,-1.0,0.44
07:32:12,141.0,73.0,143.83,12.0,11.0,18.0,176.08,12.0,142.42,2.8300000000000125,91.0,24.0,3.5603932367007425,115,67.0,7.0,0.58
07:32:13,141.0,66.0,245.5,18.0,34.33,18.0,325.0,18.0,193.25,104.5,84.0,36.0,21.78034159511615,120,48.0,5.0,0.4
07:32:14,141.0,66.0,289.83,18.0,46.83,18.0,688.5,18.0,215.42,148.82999999999998,84.0,36.0,34.11899881297735,120,48.0,0.0,0.4
07:32:18,141.0,15.0,423.57,7.0,32.0,9.0,519.44,9.0,282.29,282.57,24.0,16.0,64.5008610020051,40,8.0,-35.0,0.2
07:32:19,141.11,28.0,185.0,6.0,94.14,21.0,264.0,12.0,163.05,43.889999999999986,49.0,18.0,85.34095986101855,67,31.0,27.0,0.46
07:32:20,143.0,21.0,185.0,7.0,141.95,38.0,589.0,35.0,164.0,42.0,59.0,42.0,96.35021499716527,101,17.0,34.0,0.17
07:32:21,141.6,43.0,439.62,32.0,134.6,58.0,508.03,38.0,290.61,298.02,101.0,70.0,80.5852676982584,171,31.0,70.0,0.18
07:32:24,133.2,46.0,208.4,40.0,98.81,31.0,300.74,31.0,170.8,75.20000000000002,77.0,71.0,79.45050578819477,148,6.0,50.0,0.04
07:32:28,149.0,5.0,273.4,25.0,133.91,11.0,369.17,23.0,211.2,124.39999999999998,16.0,48.0,41.8561539083555,64,-32.0,-15.0,-0.5
07:32:30,118.5,60.0,277.52,40.0,67.3,53.0,360.6,50.0,198.01,159.01999999999998,113.0,90.0,44.40541104415033,203,23.0,53.0,0.11
07:32:31,120.33,36.0,141.0,18.0,71.07,28.0,369.0,30.0,130.67,20.67,64.0,48.0,37.204357674873904,112,16.0,-91.0,0.14
07:32:32,124.69,39.0,141.0,24.0,98.18,33.0,304.88,40.0,132.85,16.310000000000002,72.0,64.0,39.19570614238183,136,8.0,24.0,0.06
07:32:33,121.0,86.0,141.0,33.0,78.11,37.0,299.65,52.0,131.0,20.0,123.0,85.0,36.64944447055024,208,38.0,72.0,0.18
07:32:34,121.0,54.0,140.57,23.0,67.33,27.0,325.94,34.0,130.78,19.569999999999993,81.0,57.0,29.835669424364237,138,24.0,-70.0,0.17
07:32:38,127.33,36.0,256.89,38.0,87.9,39.0,362.67,30.0,192.11,129.56,75.0,68.0,28.020616874008024,143,7.0,15.0,0.05
07:32:39,146.33,18.0,325.38,32.0,144.08,50.0,442.73,30.0,235.85,179.04999999999998,68.0,62.0,49.02278011292247,130,6.0,-13.0,0.05
07:32:40,147.67,54.0,431.11,37.0,146.71,34.0,597.22,36.0,289.39,283.44000000000005,88.0,73.0,69.41069816678083,161,15.0,31.0,0.09
07:32:41,147.48,29.0,234.22,36.0,146.6,30.0,370.56,36.0,190.85,86.74000000000001,59.0,72.0,59.33878832601787,131,-13.0,-30.0,-0.1
07:32:42,147.0,4.0,297.0,16.0,146.0,8.0,620.0,20.0,222.0,150.0,12.0,36.0,40.358893691477206,48,-24.0,-83.0,-0.5
07:32:43,147.0,4.0,286.41,17.0,146.0,8.0,592.26,19.0,216.71,139.41000000000003,12.0,36.0,36.50388061562716,48,-24.0,0.0,-0.5
07:32:44,144.4,30.0,326.17,24.0,144.5,16.0,511.0,30.0,235.28,181.77,46.0,54.0,36.48567705278279,100,-8.0,52.0,-0.08
07:32:45,144.0,104.0,262.59,37.0,143.0,32.0,336.71,34.0,203.3,118.58999999999997,136.0,71.0,17.131134521681755,207,65.0,107.0,0.31
07:32:46,144.0,149.0,169.92,64.0,143.0,52.0,441.32,60.0,156.96,25.919999999999987,201.0,124.0,30.152203899548613,325,77.0,118.0,0.24
07:32:47,144.0,46.0,374.0,30.0,143.0,52.0,454.0,30.0,259.0,230.0,98.0,60.0,38.25219470827728,158,38.0,-167.0,0.24
07:32:48,144.37,35.0,255.97,29.0,143.32,57.0,518.71,35.0,200.17,111.6,92.0,64.0,38.698843910380006,156,28.0,-2.0,0.18
07:32:49,149.0,8.0,234.75,32.0,144.36,44.0,503.47,38.0,191.88,85.75,52.0,70.0,36.69029735502226,122,-18.0,-34.0,-0.15
07:32:50,144.29,34.0,392.31,45.0,143.13,92.0,507.82,44.0,268.3,248.02,126.0,89.0,47.16898260509715,215,37.0,93.0,0.17
07:32:51,144.0,48.0,214.36,55.0,143.0,156.0,298.77,56.0,179.18,70.36000000000001,204.0,111.0,40.9380431872355,315,93.0,100.0,0.3
07:32:52,143.03,160.0,239.77,53.0,141.29,91.0,240.98,53.0,191.4,96.74000000000001,251.0,106.0,35.5209540975458,357,145.0,42.0,0.41
07:32:53,143.0,128.0,169.41,44.0,141.0,66.0,173.71,49.0,156.2,26.409999999999997,194.0,93.0,42.19801085359301,287,101.0,-70.0,0.35
07:32:54,143.15,109.0,145.91,33.0,141.9,98.0,148.0,65.0,144.53,2.759999999999991,207.0,98.0,48.5754384437233,305,109.0,18.0,0.36
07:32:55,144.52,33.0,203.22,9.0,142.87,75.0,564.8,25.0,173.87,58.69999999999999,108.0,34.0,18.6529067439889,142,74.0,-163.0,0.52
07:32:56,151.0,32.0,275.25,8.0,150.0,40.0,505.56,16.0,213.12,124.25,72.0,24.0,27.39451277172033,96,48.0,-46.0,0.5
07:32:57,151.0,40.0,275.0,10.0,150.0,50.0,339.0,10.0,213.0,124.0,90.0,20.0,31.81182374526725,110,70.0,14.0,0.64
07:32:58,151.0,40.0,275.0,10.0,150.0,50.0,483.36,14.0,213.0,124.0,90.0,24.0,31.260686652726488,114,66.0,4.0,0.58
07:32:59,150.84,19.0,223.3,10.0,149.93,27.0,487.0,18.0,187.07,72.46000000000001,46.0,28.0,18.43973616947797,74,18.0,-40.0,0.24
07:33:00,150.0,30.0,188.0,10.0,149.0,20.0,201.36,28.0,169.0,38.0,50.0,38.0,20.20947846927164,88,12.0,14.0,0.14
07:33:01,149.62,24.0,173.07,14.0,148.27,37.0,280.5,18.0,161.35,23.44999999999999,61.0,32.0,24.081881778630837,93,29.0,5.0,0.31
07:33:02,145.25,20.0,157.67,12.0,144.32,57.0,305.2,20.0,151.46,12.419999999999987,77.0,32.0,24.272783729929895,109,45.0,16.0,0.41
07:33:03,144.0,20.0,151.2,10.0,143.0,60.0,155.4,10.0,147.6,7.199999999999989,80.0,20.0,15.716081890851392,100,60.0,-9.0,0.6
07:33:04,144.0,20.0,146.0,36.0,143.0,72.0,151.83,12.0,145.0,2.0,92.0,48.0,10.044208281390107,140,44.0,40.0,0.31
07:33:05,150.7,69.0,220.14,37.0,144.0,34.0,246.32,25.0,185.42,69.44,103.0,62.0,16.453515733725304,165,41.0,25.0,0.25
07:33:06,151.0,44.0,312.64,55.0,147.37,19.0,470.27,33.0,231.82,161.64,63.0,88.0,37.095964740116266,151,-25.0,-14.0,-0.17
07:33:07,151.0,44.0,342.75,53.0,149.71,41.0,590.09,35.0,246.88,191.75,85.0,88.0,46.954636405790154,173,-3.0,22.0,-0.02
07:33:08,150.07,54.0,298.14,35.0,148.93,15.0,400.11,37.0,224.11,148.07,69.0,72.0,41.25611687980291,141,-3.0,-32.0,-0.02
07:33:09,150.0,45.0,362.0,31.0,148.0,9.0,511.23,31.0,256.0,212.0,54.0,62.0,27.293115981872855,116,-8.0,-25.0,-0.07
07:33:11,150.0,20.0,339.0,20.0,148.0,4.0,521.0,12.0,244.5,189.0,24.0,32.0,29.630326187876648,56,-8.0,-116.0,-0.14
07:33:12,150.0,45.0,338.05,21.0,148.0,9.0,339.49,43.0,244.02,188.05,54.0,64.0,29.854377066017786,118,-10.0,62.0,-0.08
07:33:13,150.0,60.0,242.07,45.0,148.75,12.0,317.94,34.0,196.03,92.07,72.0,79.0,38.41135339974327,151,-7.0,33.0,-0.05
07:33:14,149.71,42.0,182.33,24.0,148.75,12.0,300.0,31.0,166.02,32.620000000000005,54.0,55.0,52.66729032331138,109,-1.0,-42.0,-0.01
07:33:15,149.0,48.0,180.24,25.0,148.0,12.0,488.1,39.0,164.62,31.24000000000001,60.0,64.0,39.66739492328638,124,-4.0,15.0,-0.03
07:33:16,149.0,36.0,175.0,18.0,148.0,9.0,176.0,27.0,162.0,26.0,45.0,45.0,34.99206652942872,90,0.0,-34.0,0.0
07:33:17,149.0,32.0,174.5,16.0,148.0,8.0,176.0,24.0,161.75,25.5,40.0,40.0,14.614829112923767,80,0.0,-10.0,0.0
07:33:18,148.97,33.0,172.88,33.0,147.73,11.0,173.68,28.0,160.92,23.909999999999997,44.0,61.0,2.157225069380485,105,-17.0,25.0,-0.16
07:33:19,145.52,21.0,169.35,48.0,144.88,34.0,170.74,47.0,157.44,23.829999999999984,55.0,95.0,2.585938901049984,150,-40.0,45.0,-0.27
07:33:20,144.79,38.0,166.2,50.0,143.03,33.0,167.36,61.0,155.49,21.409999999999997,71.0,111.0,2.9004568605589696,182,-40.0,32.0,-0.22
07:33:21,148.0,48.0,161.33,43.0,144.0,61.0,162.51,47.0,154.66,13.330000000000013,109.0,90.0,3.1758731082906335,199,19.0,17.0,0.1
07:33:22,148.43,14.0,158.0,32.0,146.74,35.0,160.0,16.0,153.21,9.569999999999993,49.0,48.0,2.9802734773781374,97,1.0,-102.0,0.01
07:33:23,144.49,43.0,154.26,31.0,145.22,74.0,155.46,46.0,149.37,9.769999999999982,117.0,77.0,3.022603182682694,194,40.0,97.0,0.21
07:33:24,143.47,34.0,150.54,39.0,142.6,60.0,153.62,55.0,147.0,7.069999999999993,94.0,94.0,3.6270552794193187,188,0.0,-6.0,0.0
07:33:25,143.0,24.0,150.12,40.0,141.0,16.0,253.0,32.0,146.56,7.1200000000000045,40.0,72.0,3.6442488938001376,112,-32.0,-76.0,-0.29
07:33:26,140.0,15.0,146.8,25.0,128.6,10.0,222.71,34.0,143.4,6.800000000000011,25.0,59.0,3.64733738499244,84,-34.0,-28.0,-0.4
07:33:27,132.0,9.0,140.91,22.0,99.5,16.0,236.81,21.0,136.45,8.909999999999997,25.0,43.0,5.005180316428509,68,-18.0,-16.0,-0.26
07:33:29,142.37,97.0,228.6,15.0,80.88,43.0,455.78,46.0,185.49,86.22999999999999,140.0,61.0,26.124927368319387,201,79.0,116.0,0.39
07:33:30,143.68,93.0,168.42,36.0,140.23,30.0,171.0,12.0,156.05,24.73999999999998,123.0,48.0,26.60545301249282,171,75.0,-30.0,0.44
07:33:31,145.0,56.0,167.0,15.0,144.0,20.0,190.4,5.0,156.0,22.0,76.0,20.0,26.78551716879783,96,56.0,-75.0,0.58
07:33:32,146.31,118.0,162.41,49.0,145.41,118.0,191.05,22.0,154.36,16.099999999999994,236.0,71.0,25.79429840100256,307,165.0,168.0,0.54
07:33:33,149.28,127.0,160.73,56.0,148.0,64.0,161.57,40.0,155.0,11.449999999999989,191.0,96.0,13.496575491581671,287,95.0,-20.0,0.33
07:33:34,150.0,87.0,152.04,55.0,148.0,60.0,153.17,64.0,151.02,2.039999999999992,147.0,119.0,2.0634631084570536,266,28.0,-21.0,0.11
07:33:35,150.0,40.0,151.0,40.0,148.9,40.0,152.0,50.0,150.5,1.0,80.0,90.0,2.4654168004545003,170,-10.0,-96.0,-0.06
07:33:36,149.25,32.0,151.79,38.0,148.14,14.0,324.64,25.0,150.52,2.539999999999992,46.0,63.0,2.212374290205744,109,-17.0,-61.0,-0.16
07:33:37,149.0,32.0,151.12,40.0,147.0,8.0,481.75,8.0,150.06,2.1200000000000045,40.0,48.0,2.029926107020507,88,-8.0,-21.0,-0.09
07:33:38,148.77,35.0,166.62,45.0,145.0,24.0,385.86,21.0,157.7,17.849999999999994,59.0,66.0,3.226701101738948,125,-7.0,37.0,-0.06
07:33:39,147.0,10.0,192.54,26.0,144.0,40.0,218.2,20.0,169.77,45.53999999999999,50.0,46.0,8.480070754419629,96,4.0,-29.0,0.04
07:33:40,147.0,8.0,195.1,21.0,144.0,32.0,199.0,16.0,171.05,48.099999999999994,40.0,37.0,10.140973819114352,77,3.0,-19.0,0.04
07:33:41,147.0,13.0,196.0,28.0,144.0,52.0,197.11,37.0,171.5,49.0,65.0,65.0,9.65993944080201,130,0.0,53.0,0.0
07:33:42,147.0,11.0,193.8,30.0,144.0,44.0,195.24,25.0,170.4,46.80000000000001,55.0,55.0,5.841663290533084,110,0.0,-20.0,0.0
07:33:43,150.71,28.0,190.58,24.0,145.5,16.0,192.37,19.0,170.65,39.870000000000005,44.0,43.0,0.6550801477388607,87,1.0,-23.0,0.01
07:33:44,151.0,26.0,186.21,28.0,147.0,13.0,187.48,29.0,168.61,35.21000000000001,39.0,57.0,1.1056988739985119,96,-18.0,9.0,-0.19
07:33:45,151.0,20.0,181.7,20.0,147.0,10.0,184.0,30.0,166.35,30.69999999999999,30.0,50.0,2.0522597301417953,80,-20.0,-16.0,-0.25
07:33:46,151.0,20.0,180.0,22.0,147.0,10.0,183.43,28.0,165.5,29.0,30.0,50.0,2.327610362573987,80,-20.0,0.0,-0.25
07:33:47,151.0,26.0,174.9,30.0,147.96,25.0,176.06,32.0,162.95,23.900000000000006,51.0,62.0,2.9501220313678544,113,-11.0,33.0,-0.1
07:33:48,150.42,24.0,169.0,22.0,146.27,30.0,171.7,27.0,159.71,18.580000000000013,54.0,49.0,3.412635345295802,103,5.0,-10.0,0.05
07:33:49,144.02,60.0,167.2,45.0,142.94,131.0,167.93,27.0,155.61,23.17999999999998,191.0,72.0,4.420076922403324,263,119.0,160.0,0.45
07:33:50,144.41,137.0,162.44,27.0,143.53,135.0,163.95,40.0,153.43,18.03,272.0,67.0,4.99763944277324,339,205.0,76.0,0.6
07:33:51,145.67,63.0,158.06,16.0,144.0,81.0,158.88,17.0,151.86,12.390000000000015,144.0,33.0,4.566959601306229,177,111.0,-162.0,0.63
07:33:52,146.08,84.0,153.0,23.0,144.0,108.0,154.56,18.0,149.54,6.9199999999999875,192.0,41.0,3.8725895728780166,233,151.0,56.0,0.65
07:33:53,147.65,100.0,149.71,41.0,144.0,144.0,184.0,28.0,148.68,2.0600000000000023,244.0,69.0,2.829121771851439,313,175.0,80.0,0.56
07:33:54,148.0,16.0,153.0,8.0,144.07,56.0,282.0,16.0,150.5,5.0,72.0,24.0,1.8849721483257973,96,48.0,-168.0,0.5
07:33:55,148.4,20.0,153.0,10.0,146.0,10.0,282.0,20.0,150.7,4.599999999999994,30.0,30.0,1.206847131978223,60,0.0,-36.0,0.0
07:33:56,149.0,15.0,152.78,9.0,146.0,9.0,282.0,18.0,150.89,3.780000000000001,24.0,27.0,0.930977980386265,51,-3.0,-9.0,-0.06
07:33:57,149.0,7.0,151.14,7.0,146.43,7.0,282.0,14.0,150.07,2.1399999999999864,14.0,21.0,0.885759561034522,35,-7.0,-16.0,-0.2
07:33:58,149.0,8.0,151.0,8.0,147.0,8.0,282.0,16.0,150.0,2.0,16.0,24.0,0.388548581214801,40,-8.0,5.0,-0.2
07:33:59,147.89,9.0,150.62,13.0,146.44,9.0,278.45,22.0,149.25,2.730000000000018,18.0,35.0,0.6488220094633635,53,-17.0,13.0,-0.32
07:34:00,144.33,54.0,149.14,44.0,143.2,90.0,156.31,32.0,146.73,4.809999999999974,144.0,76.0,1.5952805395804945,220,68.0,167.0,0.31
07:34:01,144.11,76.0,146.24,51.0,143.19,165.0,152.11,36.0,145.17,2.1299999999999955,241.0,87.0,2.1892647167404027,328,154.0,108.0,0.47
07:34:02,144.0,36.0,173.0,21.0,143.0,56.0,266.31,26.0,158.5,29.0,92.0,47.0,5.1674413397700185,139,45.0,-168.0,0.32
07:34:03,144.08,53.0,349.07,27.0,143.05,82.0,431.22,37.0,246.57,204.98999999999998,135.0,64.0,43.53430118883225,199,71.0,60.0,0.36
07:34:04,146.0,74.0,366.69,32.0,145.0,47.0,534.67,24.0,256.34,220.69,121.0,56.0,55.84183261677537,177,65.0,-22.0,0.37
07:34:05,147.0,84.0,408.41,34.0,146.0,48.0,607.65,34.0,277.71,261.41,132.0,68.0,60.599964273916484,200,64.0,23.0,0.32
07:34:06,147.58,67.0,368.62,26.0,146.75,65.0,412.25,24.0,258.1,221.04,132.0,50.0,46.63828609629595,182,82.0,-18.0,0.45
07:34:07,148.0,86.0,251.9,30.0,147.0,84.0,268.39,38.0,199.95,103.9,170.0,68.0,29.0032037885464,238,102.0,56.0,0.43
07:34:08,148.0,72.0,194.89,18.0,147.0,63.0,196.0,36.0,171.44,46.889999999999986,135.0,54.0,44.87554868745286,189,81.0,-49.0,0.43
07:34:09,148.0,23.0,167.33,30.0,147.0,63.0,190.38,21.0,157.67,19.330000000000013,86.0,51.0,52.86855331858395,137,35.0,-52.0,0.26
07:34:10,148.0,7.0,154.95,19.0,147.0,49.0,163.89,27.0,151.47,6.949999999999989,56.0,46.0,43.54601164285836,102,10.0,-35.0,0.1
07:34:11,148.0,10.0,152.62,13.0,147.0,70.0,153.5,18.0,150.31,4.6200000000000045,80.0,31.0,20.668459545886726,111,49.0,9.0,0.44
07:34:12,147.15,33.0,149.6,30.0,146.59,59.0,150.17,24.0,148.38,2.4499999999999886,92.0,54.0,9.381328797135124,146,38.0,35.0,0.26
07:34:13,147.0,18.0,148.8,30.0,146.0,32.0,186.8,25.0,147.9,1.8000000000000114,50.0,55.0,3.922808942576338,105,-5.0,-41.0,-0.05
07:34:14,147.0,6.0,148.0,12.0,146.0,12.0,213.33,9.0,147.5,1.0,18.0,21.0,1.7028417424872477,39,-3.0,-66.0,-0.08
07:34:15,147.0,16.0,148.0,32.0,146.0,32.0,223.43,21.0,147.5,1.0,48.0,53.0,1.1709910332522038,101,-5.0,62.0,-0.05
07:34:16,147.0,22.0,148.0,44.0,146.0,44.0,242.91,33.0,147.5,1.0,66.0,77.0,0.3894611661733643,143,-11.0,42.0,-0.08
07:34:17,144.74,47.0,148.0,50.0,144.1,117.0,364.57,42.0,146.37,3.259999999999991,164.0,92.0,0.57669749432188,256,72.0,113.0,0.28
07:34:18,144.0,99.0,145.76,33.0,142.33,9.0,146.8,30.0,144.88,1.759999999999991,108.0,63.0,1.154209686303652,171,45.0,-85.0,0.26
07:34:19,144.0,46.0,145.7,20.0,143.0,9.0,156.11,19.0,144.85,1.6999999999999886,55.0,39.0,1.3202083168792766,94,16.0,-77.0,0.17
07:34:20,142.76,17.0,321.0,16.0,139.83,88.0,348.08,36.0,231.88,178.24,105.0,52.0,38.46742816981603,157,53.0,63.0,0.34
07:34:21,138.39,62.0,299.41,34.0,97.68,19.0,476.11,38.0,218.9,161.02000000000004,81.0,72.0,44.07445779587033,153,9.0,-4.0,0.06
07:34:22,141.0,119.0,149.5,50.0,71.5,20.0,159.42,33.0,145.25,8.5,139.0,83.0,44.273830532267645,222,56.0,69.0,0.25
07:34:23,141.27,74.0,147.22,49.0,118.82,57.0,171.43,28.0,144.25,5.949999999999989,131.0,77.0,44.389380824696744,208,54.0,-14.0,0.26
07:34:24,142.15,33.0,144.5,20.0,141.16,75.0,146.03,29.0,143.33,2.3499999999999943,108.0,49.0,44.66915009265292,157,59.0,-51.0,0.38
07:34:25,142.18,34.0,143.53,15.0,136.21,39.0,144.73,22.0,142.85,1.3499999999999943,73.0,37.0,33.544638617817256,110,36.0,-47.0,0.33
07:34:26,140.81,32.0,149.63,19.0,136.0,27.0,175.03,31.0,145.22,8.819999999999993,59.0,50.0,1.0866002024472938,109,9.0,-1.0,0.08
07:34:27,147.93,42.0,164.71,21.0,140.87,45.0,245.49,39.0,156.32,16.78,87.0,60.0,5.622466540581466,147,27.0,38.0,0.18
07:34:28,150.0,12.0,159.0,6.0,146.92,13.0,361.64,22.0,154.5,9.0,25.0,28.0,6.452645194023755,53,-3.0,-94.0,-0.06
07:34:29,150.0,16.0,159.0,8.0,149.0,16.0,298.0,16.0,154.5,9.0,32.0,24.0,6.166743062586412,56,8.0,3.0,0.14
07:34:30,150.0,12.0,251.67,9.0,149.0,12.0,353.0,9.0,200.83,101.66999999999999,24.0,18.0,21.98706619810738,42,6.0,-14.0,0.14
07:34:31,149.8,10.0,220.73,15.0,148.67,12.0,475.33,9.0,185.27,70.92999999999998,22.0,24.0,21.511049021373992,46,-2.0,4.0,-0.04
07:34:32,149.0,5.0,203.73,15.0,148.0,10.0,429.64,11.0,176.37,54.72999999999999,15.0,26.0,20.07826262404081,41,-11.0,-5.0,-0.27
07:34:33,149.0,7.0,334.9,20.0,148.0,14.0,440.55,22.0,241.95,185.89999999999998,21.0,42.0,32.66717741097248,63,-21.0,22.0,-0.33
07:34:34,113.0,10.0,370.0,16.0,89.63,19.0,596.5,8.0,241.5,257.0,29.0,24.0,30.969185975739613,53,5.0,-10.0,0.09
07:34:35,111.81,26.0,189.54,26.0,61.15,26.0,310.0,22.0,150.67,77.72999999999999,52.0,48.0,40.887821169633746,100,4.0,47.0,0.04
07:34:36,146.29,7.0,159.0,24.0,86.29,14.0,248.0,12.0,152.64,12.710000000000008,21.0,36.0,45.948254917895966,57,-15.0,-43.0,-0.26
07:34:38,113.21,14.0,142.0,12.0,94.5,16.0,178.33,12.0,127.61,28.790000000000006,30.0,24.0,44.85058450009271,54,6.0,-23.0,0.11
07:34:39,123.67,18.0,139.32,19.0,49.29,21.0,177.64,11.0,131.49,15.649999999999991,39.0,30.0,11.244712979883486,69,9.0,15.0,0.13
07:34:40,124.14,14.0,139.0,7.0,83.43,21.0,142.0,7.0,131.57,14.86,35.0,14.0,10.44878796798752,49,21.0,-20.0,0.43
07:34:41,125.0,16.0,138.36,14.0,94.0,24.0,140.88,8.0,131.68,13.360000000000014,40.0,22.0,6.111239645109768,62,18.0,13.0,0.29
07:34:42,125.88,16.0,138.0,21.0,54.25,32.0,139.0,8.0,131.94,12.120000000000005,48.0,29.0,1.8236145425943544,77,19.0,15.0,0.25
07:34:43,126.0,14.0,137.73,11.0,83.19,27.0,138.4,10.0,131.86,11.72999999999999,41.0,21.0,0.18992103612171124,62,20.0,-15.0,0.32
07:34:44,126.67,24.0,137.92,12.0,102.0,36.0,138.85,13.0,132.29,11.249999999999986,60.0,25.0,0.2772543957478968,85,35.0,23.0,0.41
07:34:45,128.67,12.0,138.0,6.0,112.0,18.0,139.0,6.0,133.33,9.330000000000013,30.0,12.0,0.6589005994545141,42,18.0,-43.0,0.43
07:34:46,130.12,17.0,138.0,10.0,108.38,21.0,139.0,10.0,134.06,7.8799999999999955,38.0,20.0,0.9614728285092082,58,18.0,16.0,0.31
07:34:47,131.6,20.0,139.4,10.0,130.0,10.0,141.1,10.0,135.5,7.800000000000011,30.0,20.0,1.453777837209464,50,10.0,-8.0,0.2
07:34:48,136.52,21.0,140.0,13.0,134.6,15.0,142.0,13.0,138.26,3.4799999999999898,36.0,26.0,2.3134109016690685,62,10.0,12.0,0.16
07:34:49,138.31,13.0,140.0,13.0,135.0,13.0,142.0,13.0,139.15,1.6899999999999977,26.0,26.0,2.5570784109919584,52,0.0,-10.0,0.0
07:34:50,139.2,10.0,141.0,10.0,90.0,44.0,289.6,15.0,140.1,1.8000000000000114,54.0,25.0,2.5424751719458505,79,29.0,27.0,0.37
07:34:51,140.0,6.0,141.14,14.0,74.0,18.0,240.5,8.0,140.57,1.1399999999999864,24.0,22.0,2.0057243080645515,46,2.0,-33.0,0.04
07:34:53,142.76,21.0,255.0,40.0,120.7,23.0,279.0,20.0,198.88,112.24000000000001,44.0,60.0,25.916835647894224,104,-16.0,17.0,-0.15
07:34:54,143.72,39.0,224.0,12.0,140.86,107.0,254.94,34.0,183.86,80.28,146.0,46.0,27.734362801405062,192,100.0,88.0,0.52
07:34:55,143.38,78.0,152.37,35.0,141.35,124.0,179.2,20.0,147.88,8.990000000000009,202.0,55.0,26.412328560730135,257,147.0,65.0,0.57
07:34:56,145.0,56.0,148.5,8.0,143.0,32.0,150.0,32.0,146.75,3.5,88.0,40.0,25.207450882625174,128,48.0,-129.0,0.38
07:34:57,145.47,105.0,147.6,15.0,143.0,68.0,200.82,34.0,146.53,2.1299999999999955,173.0,49.0,24.852614550585226,222,124.0,94.0,0.56
07:34:58,146.37,38.0,437.0,30.0,144.77,65.0,556.4,40.0,291.68,290.63,103.0,70.0,62.62795262500572,173,33.0,-49.0,0.19
07:35:00,150.0,24.0,353.52,50.0,144.67,27.0,499.92,50.0,251.76,203.51999999999998,51.0,100.0,91.74412226404458,151,-49.0,80.0,-0.32
07:35:01,147.0,7.0,250.33,24.0,143.0,42.0,394.53,30.0,198.67,103.33000000000001,49.0,54.0,81.0775207440383,103,-5.0,-48.0,-0.05
07:35:02,147.98,43.0,203.89,18.0,145.15,13.0,322.38,32.0,175.93,55.91,56.0,50.0,72.39765859473606,106,6.0,3.0,0.06
07:35:03,148.0,30.0,319.0,24.0,147.0,6.0,346.0,24.0,233.5,171.0,36.0,48.0,69.6084156550051,84,-12.0,-22.0,-0.14
07:35:04,147.0,8.0,308.71,34.0,143.0,48.0,481.97,38.0,227.85,161.70999999999998,56.0,72.0,30.08111982622919,128,-16.0,44.0,-0.12
07:35:05,147.0,6.0,363.14,21.0,143.0,36.0,622.53,19.0,255.07,216.14,42.0,40.0,31.04344987271806,82,2.0,-46.0,0.02
07:35:06,143.09,46.0,337.45,31.0,141.06,203.0,388.09,46.0,240.27,194.35999999999999,249.0,77.0,30.05828637830105,326,172.0,168.0,0.53
07:35:07,144.0,34.0,419.61,44.0,141.56,108.0,497.69,26.0,281.81,275.61,142.0,70.0,21.61409493825634,212,72.0,-114.0,0.34
07:35:08,144.0,12.0,384.53,38.0,143.0,45.0,405.71,42.0,264.26,240.52999999999997,57.0,80.0,20.9286554752081,137,-23.0,-75.0,-0.17
07:35:09,144.0,6.0,282.35,17.0,143.0,42.0,403.2,25.0,213.18,138.35000000000002,48.0,42.0,25.918623998969498,90,6.0,-47.0,0.07
07:35:10,143.15,33.0,261.7,37.0,141.68,103.0,276.21,38.0,202.43,118.54999999999998,136.0,75.0,33.41688719794166,211,61.0,121.0,0.29
07:35:11,147.76,55.0,202.21,48.0,142.27,74.0,238.06,51.0,174.99,54.45000000000002,129.0,99.0,44.41734829995997,228,30.0,17.0,0.13
07:35:12,151.0,14.0,156.85,33.0,146.0,16.0,157.78,18.0,153.92,5.849999999999994,30.0,51.0,41.9595451595934,81,-21.0,-147.0,-0.26
07:35:13,144.48,23.0,155.93,70.0,142.76,93.0,157.0,56.0,150.2,11.450000000000017,116.0,126.0,28.247779204743825,242,-10.0,161.0,-0.04
07:35:14,147.64,11.0,153.56,45.0,144.04,27.0,157.0,36.0,150.6,5.920000000000016,38.0,81.0,22.58193680798787,119,-43.0,-123.0,-0.36
07:35:15,148.6,10.0,151.6,50.0,147.0,10.0,157.0,40.0,150.1,3.0,20.0,90.0,10.75347943690587,110,-70.0,-9.0,-0.64
07:35:16,148.09,11.0,150.37,46.0,144.58,31.0,157.0,45.0,149.23,2.280000000000001,42.0,91.0,1.808922331101444,133,-49.0,23.0,-0.37
07:35:17,145.12,16.0,148.15,33.0,143.6,50.0,151.21,33.0,146.64,3.030000000000001,66.0,66.0,1.5973352810094419,132,0.0,-1.0,0.0
07:35:18,143.44,89.0,145.78,36.0,142.71,105.0,146.67,60.0,144.61,2.3400000000000034,194.0,96.0,2.537031730183416,290,98.0,158.0,0.34
07:35:19,143.0,110.0,145.0,22.0,141.0,33.0,146.0,44.0,144.0,2.0,143.0,66.0,2.710595875440939,209,77.0,-81.0,0.37
07:35:20,130.82,65.0,184.9,49.0,104.89,70.0,372.8,35.0,157.86,54.08000000000001,135.0,84.0,5.634249728220915,219,51.0,10.0,0.23
07:35:21,111.48,114.0,258.12,34.0,94.85,119.0,328.89,56.0,184.8,146.64,233.0,90.0,17.272577109393875,323,143.0,104.0,0.44
07:35:22,149.18,114.0,349.8,45.0,122.37,104.0,519.85,39.0,249.49,200.62,218.0,84.0,44.205475565816016,302,134.0,-21.0,0.44
07:35:23,149.6,35.0,159.0,32.0,146.81,48.0,505.0,24.0,154.3,9.400000000000006,83.0,56.0,42.66242257537606,139,27.0,-163.0,0.19
07:35:24,151.0,72.0,158.53,15.0,150.0,18.0,271.55,31.0,154.77,7.530000000000001,90.0,46.0,40.7394922648768,136,44.0,-3.0,0.32
07:35:25,151.0,88.0,157.77,13.0,150.0,22.0,317.87,31.0,154.38,6.77000000000001,110.0,44.0,41.244108306520054,154,66.0,18.0,0.43
07:35:26,151.0,80.0,156.1,30.0,150.0,20.0,158.0,10.0,153.55,5.099999999999994,100.0,40.0,42.59491131578932,140,60.0,-14.0,0.43
07:35:27,151.0,61.0,153.0,33.0,150.0,22.0,158.0,11.0,152.0,2.0,83.0,44.0,1.098840297749309,127,39.0,-13.0,0.31
07:35:28,151.0,46.0,153.22,27.0,150.0,22.0,261.41,17.0,152.11,2.219999999999999,68.0,44.0,1.2724661095517606,112,24.0,-15.0,0.21
07:35:29,151.0,8.0,156.86,7.0,150.0,14.0,222.0,21.0,153.93,5.860000000000014,22.0,28.0,1.0811706618095949,50,-6.0,-62.0,-0.12
07:35:30,151.0,10.0,155.6,10.0,150.0,20.0,330.7,30.0,153.3,4.599999999999994,30.0,40.0,0.8727943629273811,70,-10.0,20.0,-0.14
07:35:31,151.0,11.0,153.8,15.0,150.0,22.0,211.2,20.0,152.4,2.8000000000000114,33.0,35.0,0.8350868218082629,68,-2.0,-2.0,-0.03
07:35:32,149.09,22.0,153.0,4.0,148.5,8.0,154.0,8.0,151.05,3.9099999999999966,30.0,12.0,1.1104818773657799,42,18.0,-26.0,0.43
07:35:33,149.0,84.0,151.93,15.0,148.0,24.0,152.9,21.0,150.47,2.930000000000007,108.0,36.0,1.4623440087605393,144,72.0,102.0,0.5
07:35:34,149.0,62.0,387.39,23.0,148.0,22.0,369.3,30.0,268.2,238.39,84.0,53.0,52.06529102962891,137,31.0,-7.0,0.23
07:35:37,150.29,21.0,345.42,12.0,148.4,10.0,389.33,12.0,247.85,195.13000000000002,31.0,24.0,73.17326376484759,55,7.0,-43.0,0.13
07:35:38,149.0,28.0,292.2,25.0,148.0,14.0,392.26,19.0,220.6,143.2,42.0,44.0,48.63811725385715,86,-2.0,31.0,-0.02
07:35:39,149.0,62.0,199.17,18.0,148.0,16.0,499.89,28.0,174.08,50.16999999999999,78.0,46.0,67.73637228254816,124,32.0,38.0,0.26
07:35:40,149.0,60.0,243.67,45.0,148.0,24.0,360.36,28.0,196.33,94.66999999999999,84.0,73.0,65.40310871816388,157,11.0,33.0,0.07
07:35:41,144.33,55.0,243.0,52.0,143.37,157.0,618.42,43.0,193.66,98.66999999999999,212.0,95.0,28.40767202711211,307,117.0,150.0,0.38
07:35:42,144.74,19.0,242.0,36.0,143.49,71.0,665.0,21.0,193.37,97.25999999999999,90.0,57.0,16.563359260728788,147,33.0,-160.0,0.22
07:35:43,144.91,11.0,241.0,28.0,143.47,53.0,331.0,19.0,192.95,96.09,64.0,47.0,9.04073946090537,111,17.0,-36.0,0.15
07:35:44,145.0,72.0,240.56,36.0,143.06,104.0,301.0,36.0,192.78,95.56,176.0,72.0,1.4462606957152757,248,104.0,137.0,0.42
07:35:45,144.21,14.0,239.97,33.0,142.77,52.0,294.22,36.0,192.09,95.75999999999999,66.0,69.0,0.6014565653236762,135,-3.0,-113.0,-0.02
07:35:46,147.69,26.0,237.5,24.0,143.4,10.0,239.0,6.0,192.6,89.81,36.0,30.0,0.46986168174366555,66,6.0,-69.0,0.09
07:35:47,148.0,48.0,236.25,32.0,144.0,8.0,239.0,8.0,192.12,88.25,56.0,40.0,0.38829112785514774,96,16.0,30.0,0.17
07:35:48,148.0,90.0,206.62,52.0,144.0,15.0,208.7,33.0,177.31,58.620000000000005,105.0,85.0,6.7539803079348415,190,20.0,94.0,0.11
07:35:49,148.21,58.0,184.29,41.0,146.29,21.0,188.04,24.0,166.25,36.079999999999984,79.0,65.0,11.886270651468969,144,14.0,-46.0,0.1
07:35:50,149.36,22.0,183.0,36.0,147.53,34.0,184.0,9.0,166.18,33.639999999999986,56.0,45.0,13.10350220360852,101,11.0,-43.0,0.11
07:35:51,148.0,39.0,183.0,52.0,145.85,13.0,184.0,13.0,165.5,35.0,52.0,65.0,11.525639678559015,117,-13.0,16.0,-0.11
07:35:52,148.0,27.0,175.41,27.0,147.0,9.0,183.24,21.0,161.7,27.409999999999997,36.0,48.0,5.854875745903973,84,-12.0,-33.0,-0.14
07:35:53,147.92,49.0,180.76,17.0,146.05,21.0,183.0,68.0,164.34,32.84,70.0,85.0,1.8919778011316015,155,-15.0,71.0,-0.1
07:35:54,144.0,13.0,178.71,28.0,143.0,65.0,179.14,37.0,161.36,34.71000000000001,78.0,65.0,2.1913648714841543,143,13.0,-12.0,0.09
07:35:55,143.12,16.0,174.58,12.0,141.38,52.0,178.91,33.0,158.85,31.460000000000008,68.0,45.0,2.6236996779309085,113,23.0,-30.0,0.2
07:35:56,143.0,24.0,169.39,33.0,141.0,72.0,170.67,27.0,156.2,26.389999999999986,96.0,60.0,3.0877661828536804,156,36.0,43.0,0.23
07:35:57,143.0,22.0,165.45,11.0,141.0,81.0,166.55,11.0,154.23,22.44999999999999,103.0,22.0,4.02183167225766,125,81.0,-31.0,0.65
07:35:58,143.0,24.0,161.67,12.0,141.0,96.0,163.0,12.0,152.33,18.669999999999987,120.0,24.0,3.596168794700119,144,96.0,19.0,0.67
07:35:59,143.83,36.0,158.08,13.0,142.05,38.0,159.46,13.0,150.96,14.25,74.0,26.0,3.1274958033505014,100,48.0,-44.0,0.48
07:36:00,144.31,48.0,155.0,44.0,143.41,44.0,157.69,16.0,149.66,10.689999999999998,92.0,60.0,2.5977932943125457,152,32.0,52.0,0.21
07:36:01,147.16,50.0,151.75,52.0,145.13,89.0,153.31,26.0,149.45,4.590000000000003,139.0,78.0,1.9918659593394932,217,61.0,65.0,0.28
07:36:02,146.03,102.0,311.76,17.0,144.58,76.0,388.6,25.0,228.9,165.73,178.0,42.0,35.03584093467678,220,136.0,3.0,0.62
07:36:03,147.41,27.0,260.91,11.0,146.11,71.0,275.68,19.0,204.16,113.50000000000003,98.0,30.0,37.46710530585425,128,68.0,-92.0,0.53
07:36:04,148.14,21.0,224.3,10.0,146.04,101.0,242.08,12.0,186.22,76.16000000000003,122.0,22.0,34.640235565018465,144,100.0,16.0,0.69
07:36:05,149.0,42.0,191.5,32.0,148.0,28.0,224.14,14.0,170.25,42.5,70.0,46.0,30.56992361783015,116,24.0,-28.0,0.21
07:36:06,149.0,36.0,179.56,45.0,148.0,24.0,188.87,15.0,164.28,30.560000000000002,60.0,60.0,26.34711407346104,120,0.0,4.0,0.0
07:36:07,149.0,24.0,178.18,11.0,148.0,16.0,178.96,23.0,163.59,29.180000000000007,40.0,34.0,17.373924427139922,74,6.0,-46.0,0.08
07:36:08,146.79,56.0,174.48,23.0,145.27,60.0,176.91,11.0,160.63,27.689999999999998,116.0,34.0,10.243218732408769,150,82.0,76.0,0.55
07:36:09,146.0,128.0,160.88,25.0,144.0,96.0,171.2,40.0,153.44,14.879999999999995,224.0,65.0,6.123321810910343,289,159.0,139.0,0.55
07:36:10,146.0,80.0,152.95,22.0,144.0,60.0,163.1,10.0,149.48,6.949999999999989,140.0,32.0,6.53039279063446,172,108.0,-117.0,0.63
07:36:11,146.0,96.0,149.72,18.0,144.0,72.0,150.81,42.0,147.86,3.719999999999999,168.0,60.0,6.880563203689844,228,108.0,56.0,0.47
07:36:12,146.0,104.0,147.08,25.0,144.0,78.0,151.5,16.0,146.54,1.0800000000000125,182.0,41.0,5.679163670820802,223,141.0,-5.0,0.63
07:36:13,146.0,46.0,153.0,7.0,144.0,42.0,187.87,31.0,149.5,7.0,88.0,38.0,2.5924274338871798,126,50.0,-97.0,0.4
07:36:14,146.08,52.0,154.0,10.0,144.4,60.0,189.0,50.0,150.04,7.9199999999999875,112.0,60.0,1.4503378916552074,172,52.0,46.0,0.3
07:36:15,151.0,76.0,153.17,12.0,147.0,24.0,181.29,28.0,152.08,2.1699999999999875,100.0,40.0,2.1190280790897704,140,60.0,-32.0,0.43
07:36:16,151.0,21.0,152.57,7.0,147.0,14.0,285.0,17.0,151.79,1.5699999999999932,35.0,24.0,2.2222286110953706,59,11.0,-81.0,0.19
07:36:17,151.0,12.0,444.5,12.0,147.0,12.0,639.0,6.0,297.75,293.5,24.0,18.0,65.70383451519378,42,6.0,-17.0,0.14
07:36:18,151.0,20.0,369.52,23.0,147.0,20.0,507.53,15.0,260.26,218.51999999999998,40.0,38.0,71.19417974806626,78,2.0,36.0,0.03
07:36:19,146.47,19.0,218.7,33.0,144.41,37.0,308.0,25.0,182.59,72.22999999999999,56.0,58.0,66.54782588484741,114,-2.0,36.0,-0.02
07:36:20,149.14,21.0,224.76,33.0,147.0,7.0,272.53,15.0,186.95,75.62,28.0,48.0,60.67325951356138,76,-20.0,-38.0,-0.26
07:36:21,147.44,25.0,223.82,44.0,144.17,75.0,225.0,55.0,185.63,76.38,100.0,99.0,53.16082937652465,199,1.0,123.0,0.01
07:36:22,146.0,15.0,211.32,38.0,144.0,143.0,224.08,52.0,178.66,65.32,158.0,90.0,34.49487309731647,248,68.0,49.0,0.27
07:36:23,146.0,5.0,153.2,20.0,144.0,65.0,155.78,9.0,149.6,7.199999999999989,70.0,29.0,15.473769094825236,99,41.0,-149.0,0.41
07:36:24,146.0,11.0,152.36,44.0,144.0,143.0,225.0,55.0,149.18,6.360000000000014,154.0,99.0,19.080273320892672,253,55.0,154.0,0.22
07:36:25,145.22,54.0,151.0,48.0,143.62,78.0,255.23,30.0,148.11,5.780000000000001,132.0,78.0,18.348695593964422,210,54.0,-43.0,0.26
07:36:26,148.0,36.0,151.0,36.0,146.82,51.0,402.23,13.0,149.5,3.0,87.0,49.0,13.233948768223724,136,38.0,-74.0,0.28
07:36:27,147.14,42.0,149.67,36.0,145.5,36.0,313.0,9.0,148.4,2.530000000000001,78.0,45.0,0.6681466904587425,123,33.0,-13.0,0.27
07:36:28,147.0,42.0,148.07,56.0,144.0,45.0,265.67,18.0,147.54,1.0699999999999932,87.0,74.0,0.7961658118577014,161,13.0,38.0,0.08
07:36:29,147.08,36.0,204.55,51.0,144.36,75.0,288.86,28.0,175.82,57.47,111.0,79.0,12.288884408276065,190,32.0,29.0,0.17
07:36:30,149.08,13.0,233.28,39.0,147.32,19.0,361.2,30.0,191.18,84.19999999999999,32.0,69.0,19.947278511114497,101,-37.0,-89.0,-0.37
07:36:31,148.59,39.0,380.81,52.0,144.68,50.0,543.33,36.0,264.7,232.22,89.0,88.0,47.9999283332795,177,1.0,76.0,0.01
07:36:32,151.0,66.0,309.31,29.0,147.0,27.0,398.71,34.0,230.16,158.31,93.0,63.0,46.0775433372914,156,30.0,-21.0,0.19
07:36:33,151.0,20.0,270.0,35.0,147.0,21.0,334.57,7.0,210.5,119.0,41.0,42.0,34.717562126393126,83,-1.0,-73.0,-0.01
07:36:34,151.0,22.0,268.47,15.0,147.0,33.0,271.96,51.0,209.73,117.47000000000003,55.0,66.0,27.92744313394919,121,-11.0,38.0,-0.09
07:36:35,148.8,15.0,228.56,32.0,146.12,32.0,268.88,16.0,188.68,79.75999999999999,47.0,48.0,28.614412102993935,95,-1.0,-26.0,-0.01
07:36:36,147.0,24.0,221.0,36.0,144.0,48.0,232.83,24.0,184.0,74.0,72.0,60.0,18.656405870369785,132,12.0,37.0,0.09
07:36:37,147.0,33.0,177.49,45.0,144.0,49.0,208.88,48.0,162.24,30.49000000000001,82.0,93.0,20.078461096408017,175,-11.0,43.0,-0.06
07:36:38,147.0,21.0,167.29,7.0,144.0,70.0,174.65,34.0,157.14,20.289999999999992,91.0,41.0,21.28715387269919,132,50.0,-43.0,0.38
07:36:39,147.0,24.0,165.03,29.0,144.0,80.0,184.55,11.0,156.02,18.03,104.0,40.0,15.534177802509335,144,64.0,12.0,0.44
07:36:40,147.0,27.0,163.17,24.0,144.0,90.0,163.71,21.0,155.08,16.169999999999987,117.0,45.0,12.11723895943192,162,72.0,18.0,0.44
07:36:41,147.15,34.0,159.42,36.0,144.14,106.0,160.06,18.0,153.28,12.269999999999982,140.0,54.0,3.378419748932306,194,86.0,32.0,0.44
07:36:42,152.0,7.0,155.08,26.0,147.0,21.0,156.8,10.0,153.54,3.0800000000000125,28.0,36.0,1.6367406636288122,64,-8.0,-130.0,-0.12
07:36:43,147.59,34.0,152.2,51.0,146.12,102.0,155.22,23.0,149.89,4.609999999999985,136.0,74.0,2.340388856574128,210,62.0,146.0,0.3
07:36:44,147.0,18.0,149.6,10.0,146.0,63.0,168.77,13.0,148.3,2.5999999999999943,81.0,23.0,2.8123335506259837,104,58.0,-106.0,0.56
07:36:45,146.17,60.0,150.7,40.0,144.68,62.0,226.0,40.0,148.43,4.530000000000001,122.0,80.0,2.563702400821258,202,42.0,98.0,0.21
07:36:46,146.0,61.0,149.22,36.0,144.0,63.0,286.89,36.0,147.61,3.219999999999999,124.0,72.0,2.3778204305575255,196,52.0,-6.0,0.27
07:36:47,146.0,35.0,147.29,28.0,144.0,49.0,276.0,28.0,146.64,1.289999999999992,84.0,56.0,1.1934529735087624,140,28.0,-56.0,0.2
07:36:48,146.1,10.0,261.67,9.0,144.44,18.0,316.0,14.0,203.88,115.57000000000002,28.0,23.0,25.114373772801418,51,5.0,-89.0,0.1
07:36:49,147.0,5.0,275.12,8.0,146.0,20.0,292.47,17.0,211.06,128.12,25.0,25.0,32.91820058873168,50,0.0,-1.0,0.0
07:36:50,146.5,12.0,272.62,8.0,145.09,44.0,281.0,32.0,209.56,126.12,56.0,40.0,33.54273691874254,96,16.0,46.0,0.17
07:36:51,146.0,14.0,209.8,15.0,144.0,58.0,280.09,22.0,177.9,63.80000000000001,72.0,37.0,27.59115292987906,109,35.0,13.0,0.32
07:36:52,143.86,73.0,173.73,11.0,141.45,99.0,178.04,23.0,158.8,29.869999999999976,172.0,34.0,22.986591743883494,206,138.0,97.0,0.67
07:36:53,151.0,16.0,173.88,8.0,147.0,10.0,176.62,8.0,162.44,22.879999999999995,26.0,16.0,25.112891510138237,42,10.0,-164.0,0.24
07:36:54,151.0,20.0,172.6,10.0,149.77,26.0,175.0,10.0,161.8,21.599999999999994,46.0,20.0,21.173020568638126,66,26.0,24.0,0.39
07:36:55,150.43,14.0,169.14,7.0,149.79,19.0,170.14,7.0,159.79,18.70999999999998,33.0,14.0,7.828491553292596,47,19.0,-19.0,0.4
07:36:56,150.0,16.0,166.5,8.0,149.0,8.0,167.5,8.0,158.25,16.5,24.0,16.0,1.837588093119237,40,8.0,-7.0,0.2
07:36:57,146.77,13.0,162.9,10.0,143.18,101.0,164.2,10.0,154.83,16.129999999999995,114.0,20.0,3.056087367856743,134,94.0,94.0,0.7
07:36:58,144.0,5.0,153.69,13.0,143.0,59.0,159.8,5.0,148.85,9.689999999999998,64.0,18.0,5.0764140887021325,82,46.0,-52.0,0.56
07:36:59,144.0,11.0,151.04,23.0,143.0,38.0,152.47,15.0,147.52,7.039999999999992,49.0,38.0,5.492560422969721,87,11.0,5.0,0.13
07:37:00,144.0,11.0,146.82,11.0,143.0,44.0,147.82,11.0,145.41,2.819999999999993,55.0,22.0,5.366760661700244,77,33.0,-10.0,0.43
07:37:01,144.0,21.0,146.4,10.0,141.38,53.0,147.7,10.0,145.2,2.4000000000000057,74.0,20.0,3.920927186262596,94,54.0,17.0,0.57
07:37:02,143.0,22.0,145.55,11.0,140.64,99.0,148.0,11.0,144.27,2.5500000000000114,121.0,22.0,1.8775915423682712,143,99.0,49.0,0.69
07:37:03,143.0,12.0,146.25,8.0,140.0,72.0,207.33,12.0,144.62,3.25,84.0,20.0,1.2668583188236995,104,64.0,-39.0,0.62
07:37:04,146.0,38.0,199.9,10.0,143.0,6.0,281.33,12.0,172.95,53.900000000000006,44.0,22.0,12.563711633111183,66,22.0,-38.0,0.33
07:37:05,146.0,36.0,436.64,14.0,143.0,6.0,594.38,8.0,291.32,290.64,42.0,22.0,63.60173794795215,64,20.0,-2.0,0.31
07:37:07,149.0,9.0,403.7,20.0,146.0,36.0,476.29,35.0,276.35,254.7,45.0,55.0,77.33641335102104,100,-10.0,4.0,-0.1
07:37:08,149.0,11.0,212.55,22.0,146.75,32.0,311.6,30.0,180.77,63.55000000000001,43.0,52.0,67.08042210660265,95,-9.0,-5.0,-0.09
07:37:09,150.0,35.0,198.0,18.0,149.0,7.0,274.59,17.0,174.0,48.0,42.0,35.0,66.78674217238019,77,7.0,-18.0,0.09
07:37:10,150.0,36.0,207.11,27.0,149.0,8.0,246.35,23.0,178.56,57.110000000000014,44.0,50.0,67.72895370519157,94,-6.0,17.0,-0.06
07:37:11,150.0,10.0,190.4,40.0,149.0,10.0,271.23,22.0,170.2,40.400000000000006,20.0,62.0,45.116144892931395,82,-42.0,-12.0,-0.51
07:37:12,148.29,14.0,188.7,40.0,146.86,14.0,286.9,10.0,168.49,40.41,28.0,50.0,5.2585768036585385,78,-22.0,-4.0,-0.28
07:37:13,146.38,26.0,186.3,40.0,144.4,30.0,226.75,20.0,166.34,39.920000000000016,56.0,60.0,4.83393421552002,116,-4.0,38.0,-0.03
07:37:14,151.0,10.0,185.0,32.0,146.0,30.0,204.68,31.0,168.0,34.0,40.0,63.0,4.8084217785022725,103,-23.0,-13.0,-0.22
07:37:15,148.78,9.0,181.29,34.0,145.11,27.0,183.1,20.0,165.04,32.50999999999999,36.0,54.0,1.9907486029065693,90,-18.0,-13.0,-0.2
07:37:16,115.62,64.0,171.0,30.0,81.67,18.0,180.8,20.0,143.31,55.379999999999995,82.0,50.0,10.668117453420427,132,32.0,42.0,0.24
07:37:17,140.0,14.0,178.33,18.0,121.43,63.0,179.5,24.0,159.17,38.33000000000001,77.0,42.0,10.10136475927749,119,35.0,-13.0,0.29
07:37:18,142.83,36.0,176.0,32.0,131.29,31.0,177.4,40.0,159.42,33.16999999999999,67.0,72.0,9.53758722109386,139,-5.0,20.0,-0.04
07:37:19,146.0,49.0,173.5,16.0,143.0,24.0,174.8,20.0,159.75,27.5,73.0,36.0,8.20996772222477,109,37.0,-30.0,0.34
07:37:20,144.6,60.0,170.36,44.0,141.6,30.0,172.05,42.0,157.48,25.76000000000002,90.0,86.0,7.0512927892672455,176,4.0,67.0,0.02
07:37:25,128.0,44.0,139.09,22.0,99.5,16.0,193.75,16.0,133.55,11.090000000000003,60.0,38.0,3.492016609348625,98,22.0,-60.0,0.22
07:37:26,128.33,99.0,137.92,61.0,55.56,36.0,139.75,55.0,133.13,9.589999999999975,135.0,116.0,1.3045995554065752,251,19.0,153.0,0.08
07:37:35,136.0,99.0,139.76,25.0,99.22,63.0,141.56,9.0,137.88,3.759999999999991,162.0,34.0,1.462504700836153,196,128.0,-5.0,0.65
07:37:36,136.0,121.0,139.86,21.0,75.19,68.0,461.3,23.0,137.93,3.8600000000000136,189.0,44.0,1.354872687734178,233,145.0,37.0,0.62
07:37:37,140.86,29.0,400.18,33.0,136.56,62.0,633.85,40.0,270.52,259.32,91.0,73.0,59.785269088630635,164,18.0,-69.0,0.11
07:37:38,144.0,65.0,276.42,24.0,143.0,6.0,308.14,14.0,210.21,132.42000000000002,71.0,38.0,60.34312943492389,109,33.0,-55.0,0.3
07:37:39,146.54,108.0,362.6,50.0,144.95,82.0,469.0,25.0,254.57,216.06000000000003,190.0,75.0,62.7337474570106,265,115.0,156.0,0.43
07:37:40,148.47,104.0,303.09,43.0,147.27,98.0,435.27,52.0,225.78,154.61999999999998,202.0,95.0,51.50703029684383,297,107.0,32.0,0.36
07:37:41,149.0,21.0,218.65,26.0,147.94,70.0,342.5,26.0,183.83,69.65,91.0,52.0,34.57417779210362,143,39.0,-154.0,0.27
07:37:42,149.11,27.0,189.88,51.0,147.04,45.0,305.45,33.0,169.5,40.76999999999998,72.0,84.0,33.738664318552765,156,-12.0,13.0,-0.08
07:37:43,149.0,5.0,298.11,19.0,147.0,20.0,320.4,25.0,223.55,149.11,25.0,44.0,34.40116320707755,69,-19.0,-87.0,-0.28
07:37:44,149.0,7.0,183.35,23.0,147.0,28.0,251.43,35.0,166.17,34.349999999999994,35.0,58.0,28.987432276764036,93,-23.0,24.0,-0.25
07:37:45,147.22,54.0,216.38,47.0,144.75,96.0,340.47,75.0,181.8,69.16,150.0,122.0,22.872067025084956,272,28.0,168.0,0.1
07:37:46,147.0,44.0,190.71,17.0,144.0,66.0,213.26,19.0,168.85,43.71000000000001,110.0,36.0,24.011458306399838,146,74.0,-126.0,0.51
07:37:47,147.0,48.0,151.0,12.0,144.0,72.0,202.42,60.0,149.0,4.0,120.0,72.0,28.079505515588707,192,48.0,46.0,0.25
07:37:48,147.0,32.0,150.5,8.0,144.0,48.0,179.0,40.0,148.75,3.5,80.0,48.0,14.113264328282519,128,32.0,-64.0,0.25
07:37:49,147.0,28.0,149.37,19.0,144.0,60.0,347.39,23.0,148.18,2.3700000000000045,88.0,42.0,15.317458340076225,130,46.0,2.0,0.35
07:37:50,147.0,5.0,149.0,20.0,144.0,30.0,150.0,5.0,148.0,2.0,35.0,25.0,9.1177261419703,60,10.0,-70.0,0.17
07:37:51,145.42,19.0,148.89,36.0,143.75,72.0,206.64,36.0,147.15,3.469999999999999,91.0,72.0,0.721824078267868,163,19.0,103.0,0.12
07:37:52,143.19,16.0,149.0,28.0,121.39,33.0,290.48,23.0,146.09,5.810000000000002,49.0,51.0,1.0363059393668776,100,-2.0,-63.0,-0.02
07:37:53,135.87,39.0,147.29,31.0,106.25,16.0,227.77,26.0,141.58,11.419999999999987,55.0,57.0,2.7119826695549865,112,-2.0,12.0,-0.02
07:37:54,129.89,45.0,145.24,21.0,31.33,36.0,146.83,24.0,137.56,15.350000000000023,81.0,45.0,4.404308118191315,126,36.0,14.0,0.29
07:37:55,122.13,54.0,143.22,36.0,89.18,220.0,143.54,24.0,132.68,21.090000000000003,274.0,60.0,6.0233354547098745,334,214.0,168.0,0.64
07:37:56,116.13,15.0,155.18,28.0,111.38,21.0,220.33,12.0,135.66,39.05000000000001,36.0,40.0,5.236580945613686,76,-4.0,-168.0,-0.05
07:37:57,118.15,26.0,199.14,49.0,116.31,13.0,274.95,37.0,158.65,80.98999999999998,39.0,86.0,10.261275749143723,125,-47.0,49.0,-0.38
07:38:03,136.94,64.0,204.2,45.0,135.44,54.0,324.26,68.0,170.57,67.25999999999999,118.0,113.0,16.715619342398455,231,5.0,40.0,0.02
07:38:04,142.07,73.0,258.2,30.0,139.17,46.0,375.42,50.0,200.13,116.13,119.0,80.0,29.96233518936685,199,39.0,-32.0,0.2
07:38:05,143.23,139.0,163.31,26.0,140.88,51.0,178.57,28.0,153.27,20.080000000000013,190.0,54.0,27.52658805591374,244,136.0,45.0,0.56
07:38:06,151.0,30.0,156.38,8.0,150.0,16.0,158.0,40.0,153.69,5.3799999999999955,46.0,48.0,24.395062615209145,94,-2.0,-150.0,-0.02
07:38:07,151.0,33.0,155.91,11.0,150.0,22.0,160.94,49.0,153.45,4.909999999999997,55.0,60.0,20.350595077293853,115,-5.0,21.0,-0.04
07:38:08,151.0,30.0,153.0,10.0,150.0,20.0,194.0,20.0,152.0,2.0,50.0,30.0,21.041495194020197,80,20.0,-35.0,0.25
07:38:09,150.86,29.0,190.93,15.0,148.15,26.0,239.71,34.0,170.9,40.06999999999999,55.0,49.0,7.986086025079647,104,6.0,24.0,0.06
07:38:10,150.0,20.0,216.0,24.0,144.0,40.0,247.94,34.0,183.0,66.0,60.0,58.0,13.788766079674255,118,2.0,14.0,0.02
07:38:11,147.0,32.0,198.0,32.0,143.21,76.0,225.0,16.0,172.5,51.0,108.0,48.0,13.304867530343063,156,60.0,38.0,0.38
07:38:12,144.0,36.0,267.8,25.0,143.0,135.0,427.97,35.0,205.9,123.80000000000001,171.0,60.0,19.70768885486023,231,111.0,75.0,0.48
07:38:13,143.12,96.0,319.92,36.0,142.14,63.0,395.3,37.0,231.52,176.8,159.0,73.0,25.780719152110358,232,86.0,1.0,0.37
07:38:14,143.29,98.0,210.63,19.0,142.37,71.0,248.92,26.0,176.96,67.34,169.0,45.0,24.611832113842933,214,124.0,-18.0,0.58
07:38:15,144.0,72.0,182.03,31.0,143.0,168.0,186.82,39.0,163.02,38.03,240.0,70.0,28.199868794020798,310,170.0,96.0,0.55
07:38:16,144.0,37.0,173.22,18.0,143.0,126.0,177.32,22.0,158.61,29.22,163.0,40.0,30.906595089074216,203,123.0,-107.0,0.61
07:38:17,144.44,50.0,167.87,39.0,142.93,118.0,168.73,22.0,156.16,23.430000000000007,168.0,61.0,31.38489891651686,229,107.0,26.0,0.47
07:38:18,147.74,19.0,165.15,26.0,144.0,26.0,165.85,26.0,156.45,17.409999999999997,45.0,52.0,8.674015794311952,97,-7.0,-132.0,-0.07
07:38:19,148.12,25.0,162.33,15.0,145.5,12.0,163.62,29.0,155.23,14.210000000000008,37.0,44.0,3.12159094052548,81,-7.0,-16.0,-0.09
07:38:20,149.54,26.0,158.45,20.0,148.68,38.0,159.62,24.0,153.99,8.909999999999997,64.0,44.0,1.7054676777851079,108,20.0,27.0,0.19
07:38:21,149.0,52.0,154.41,27.0,146.66,29.0,154.93,27.0,151.7,5.409999999999997,81.0,54.0,1.9351304865483954,135,27.0,27.0,0.2
07:38:22,148.03,33.0,149.67,21.0,146.75,24.0,151.0,26.0,148.85,1.6399999999999864,57.0,47.0,3.0195330764819097,104,10.0,-31.0,0.1
07:38:23,148.0,68.0,149.0,14.0,147.0,33.0,150.0,33.0,148.5,1.0,101.0,47.0,3.0023707299345275,148,54.0,44.0,0.36
07:38:24,148.0,34.0,149.8,20.0,147.0,24.0,267.0,12.0,148.9,1.8000000000000114,58.0,32.0,2.389554351749938,90,26.0,-58.0,0.29
07:38:25,148.0,18.0,150.8,10.0,147.0,27.0,252.14,21.0,149.4,2.8000000000000114,45.0,31.0,1.2872451203895319,76,14.0,-14.0,0.18
07:38:26,148.0,12.0,153.6,10.0,147.0,21.0,306.67,18.0,150.8,5.599999999999994,33.0,28.0,0.9030503861726646,61,5.0,-15.0,0.08
07:38:27,148.98,51.0,152.0,11.0,147.77,13.0,280.05,40.0,150.49,3.0200000000000102,64.0,51.0,0.996303166695121,115,13.0,54.0,0.11
07:38:28,149.0,15.0,152.0,3.0,148.0,3.0,296.4,10.0,150.5,3.0,18.0,13.0,0.8213525430452353,31,5.0,-84.0,0.16
07:38:29,149.0,30.0,152.0,6.0,148.0,6.0,343.43,21.0,150.5,3.0,36.0,27.0,0.5405737692184065,63,9.0,32.0,0.14
07:38:30,147.14,21.0,151.22,9.0,146.2,15.0,336.67,36.0,149.18,4.0800000000000125,36.0,45.0,0.6364589538744692,81,-9.0,18.0,-0.11
07:38:31,147.49,35.0,149.5,8.0,146.0,12.0,493.85,13.0,148.49,2.009999999999991,47.0,21.0,0.9422685392003874,68,26.0,-13.0,0.38
07:38:32,147.51,43.0,391.95,22.0,146.12,16.0,615.27,30.0,269.73,244.44,59.0,52.0,53.70058984778449,111,7.0,43.0,0.06
07:38:33,148.42,84.0,273.15,33.0,147.33,36.0,343.96,27.0,210.78,124.72999999999999,120.0,60.0,53.96150322220442,180,60.0,69.0,0.33
07:38:34,148.44,27.0,261.55,29.0,147.25,36.0,340.48,31.0,205.0,113.11000000000001,63.0,60.0,50.4550575264758,123,3.0,-57.0,0.02
07:38:35,148.0,14.0,282.0,21.0,146.96,52.0,456.0,14.0,215.0,134.0,66.0,35.0,43.0161638224515,101,31.0,-22.0,0.31
07:38:36,148.57,23.0,189.18,33.0,147.1,93.0,262.0,33.0,168.87,40.610000000000014,116.0,66.0,36.17610164182961,182,50.0,81.0,0.27
07:38:37,149.0,5.0,188.8,15.0,148.0,5.0,339.0,9.0,168.9,39.80000000000001,10.0,24.0,22.938367422290163,34,-14.0,-148.0,-0.41
07:38:38,149.3,23.0,187.85,39.0,147.04,117.0,368.15,13.0,168.58,38.54999999999998,140.0,52.0,22.850813989877494,192,88.0,158.0,0.46
07:38:39,150.0,24.0,187.0,27.0,148.0,9.0,352.33,9.0,168.5,37.0,33.0,36.0,20.70114006522297,69,-3.0,-123.0,-0.04
07:38:40,147.32,94.0,186.73,33.0,146.4,15.0,197.0,11.0,167.02,39.41,109.0,44.0,0.776904112473504,153,65.0,84.0,0.42
07:38:41,147.0,106.0,186.0,27.0,145.0,9.0,245.44,9.0,166.5,39.0,115.0,36.0,1.067333125119874,151,79.0,-2.0,0.52
07:38:42,147.0,60.0,183.77,13.0,145.0,6.0,187.5,16.0,165.38,36.77000000000001,66.0,29.0,1.3628206044736806,95,37.0,-56.0,0.39
07:38:43,147.73,82.0,179.79,29.0,146.7,47.0,181.54,26.0,163.76,32.06,129.0,55.0,1.7799775279417973,184,74.0,89.0,0.4
07:38:44,152.0,18.0,177.86,21.0,147.0,60.0,178.91,11.0,164.93,25.860000000000014,78.0,32.0,1.2918668661969956,110,46.0,-74.0,0.42
07:38:45,152.0,18.0,176.0,18.0,147.0,60.0,178.0,6.0,164.0,24.0,78.0,24.0,1.1067881459328688,102,54.0,-8.0,0.53
07:38:46,151.55,33.0,174.22,27.0,148.14,70.0,178.0,9.0,162.88,22.669999999999987,103.0,36.0,0.9875221516388425,139,67.0,37.0,0.48
07:38:47,151.0,35.0,172.25,16.0,147.0,70.0,173.94,18.0,161.62,21.25,105.0,34.0,1.2512074168487382,139,71.0,0.0,0.51
07:38:48,151.0,55.0,168.6,25.0,147.0,110.0,170.0,30.0,159.8,17.599999999999994,165.0,55.0,2.0160059523664926,220,110.0,81.0,0.5
07:38:49,151.0,70.0,165.24,33.0,147.0,140.0,166.31,29.0,158.12,14.240000000000009,210.0,62.0,2.358491043013915,272,148.0,52.0,0.54
07:38:50,150.44,54.0,161.87,45.0,146.16,131.0,162.79,42.0,156.16,11.430000000000007,185.0,87.0,2.6849357534169385,272,98.0,0.0,0.36
07:38:51,149.85,62.0,159.16,37.0,147.36,44.0,160.47,38.0,154.51,9.310000000000002,106.0,75.0,2.8246982139648598,181,31.0,-91.0,0.17
07:38:52,150.0,63.0,151.56,36.0,147.14,58.0,163.68,31.0,150.78,1.5600000000000023,121.0,67.0,3.4766765739677012,188,54.0,7.0,0.29
07:38:53,147.25,59.0,150.0,42.0,145.19,122.0,181.0,42.0,148.63,2.75,181.0,84.0,3.8877178395525602,265,97.0,77.0,0.37
07:38:54,147.0,54.0,148.56,27.0,146.0,9.0,248.33,27.0,147.78,1.5600000000000023,63.0,54.0,3.6518310475670517,117,9.0,-148.0,0.08
07:38:55,147.0,39.0,354.55,31.0,146.0,12.0,481.06,32.0,250.77,207.55,51.0,63.0,44.95088019160448,114,-12.0,-3.0,-0.11
07:38:56,147.0,22.0,294.5,12.0,146.0,8.0,389.25,24.0,220.75,147.5,30.0,36.0,48.669693547422135,66,-6.0,-48.0,-0.09
07:38:57,145.07,84.0,316.92,38.0,144.5,66.0,447.25,40.0,231.0,171.85000000000002,150.0,78.0,48.308207687721016,228,72.0,162.0,0.32
07:38:58,145.29,68.0,213.62,24.0,144.21,34.0,374.5,20.0,179.46,68.33000000000001,102.0,44.0,41.655863572851175,146,58.0,-82.0,0.4
07:38:59,145.99,81.0,253.69,32.0,144.51,55.0,295.47,19.0,199.84,107.69999999999999,136.0,51.0,27.623224467827644,187,85.0,41.0,0.45
07:39:00,145.27,30.0,180.0,20.0,144.75,48.0,324.25,20.0,162.63,34.72999999999999,78.0,40.0,28.293144576027395,118,38.0,-69.0,0.32
07:39:01,146.23,13.0,179.44,18.0,144.92,52.0,328.65,31.0,162.84,33.21000000000001,65.0,49.0,28.875600080344405,114,16.0,-4.0,0.14
07:39:02,145.0,40.0,178.25,16.0,144.0,32.0,330.21,28.0,161.62,33.25,72.0,44.0,16.59817520090635,116,28.0,2.0,0.24
07:39:03,147.55,11.0,177.89,18.0,144.07,30.0,302.0,27.0,162.72,30.339999999999975,41.0,45.0,16.72727114624444,86,-4.0,-30.0,-0.05
07:39:04,152.0,4.0,177.0,4.0,145.0,2.0,272.0,6.0,164.5,25.0,6.0,10.0,1.0368317124682607,16,-4.0,-70.0,-0.25
07:39:05,149.67,6.0,177.0,8.0,144.2,10.0,242.0,12.0,163.33,27.330000000000013,16.0,20.0,1.0449019092622502,36,-4.0,20.0,-0.11
07:39:06,141.19,52.0,175.7,20.0,126.0,20.0,209.08,24.0,158.45,34.50999999999999,72.0,44.0,2.3025703029396816,116,28.0,80.0,0.24
07:39:07,141.5,16.0,173.2,10.0,111.83,12.0,204.29,14.0,157.35,31.69999999999999,28.0,24.0,3.166141184467228,52,4.0,-64.0,0.08
07:39:08,149.0,9.0,163.4,20.0,141.0,18.0,191.31,13.0,156.2,14.400000000000006,27.0,33.0,3.7147718637864164,60,-6.0,8.0,-0.1
07:39:09,149.0,10.0,159.72,29.0,142.5,40.0,161.43,21.0,154.36,10.719999999999999,50.0,50.0,3.372843014428429,100,0.0,40.0,0.0
07:39:10,149.0,9.0,155.78,27.0,143.0,54.0,157.95,20.0,152.39,6.780000000000001,63.0,47.0,2.4121670754692874,110,16.0,10.0,0.15
07:39:11,145.8,30.0,154.0,30.0,142.56,27.0,155.0,30.0,149.9,8.199999999999989,57.0,60.0,2.9827085006714333,117,-3.0,7.0,-0.03
07:39:12,147.0,39.0,152.16,38.0,143.79,43.0,153.94,34.0,149.58,5.159999999999997,82.0,72.0,2.848118677298625,154,10.0,37.0,0.06
07:39:13,147.0,24.0,150.06,17.0,144.0,24.0,151.09,23.0,148.53,3.0600000000000023,48.0,40.0,2.3736827926192974,88,8.0,-66.0,0.09
07:39:14,144.71,51.0,148.4,20.0,143.09,22.0,150.68,25.0,146.55,3.6899999999999977,73.0,45.0,2.127287004608578,118,28.0,30.0,0.24
07:39:15,144.49,35.0,147.4,15.0,143.8,40.0,149.8,15.0,145.94,2.9099999999999966,75.0,30.0,1.7806880692519516,105,45.0,-13.0,0.43
07:39:16,144.75,20.0,147.0,25.0,143.94,54.0,148.0,20.0,145.88,2.25,74.0,45.0,1.668810953935784,119,29.0,14.0,0.24
07:39:17,144.17,24.0,146.83,12.0,143.45,22.0,190.25,8.0,145.5,2.660000000000025,46.0,20.0,1.2061716295684675,66,26.0,-53.0,0.39
07:39:18,144.0,68.0,146.04,25.0,142.29,42.0,246.11,19.0,145.02,2.039999999999992,110.0,44.0,0.5666745097281899,154,66.0,88.0,0.43
07:39:19,144.0,18.0,238.33,9.0,142.0,18.0,362.81,21.0,191.17,94.33000000000001,36.0,30.0,20.38953947493611,66,6.0,-88.0,0.09
07:39:20,143.2,45.0,325.13,45.0,118.83,40.0,425.29,21.0,234.17,181.93,85.0,66.0,39.82592459692533,151,19.0,85.0,0.13
07:39:21,142.14,63.0,384.86,56.0,98.86,58.0,558.79,38.0,263.5,242.72000000000003,121.0,94.0,52.88113151209974,215,27.0,64.0,0.13
07:39:22,145.0,31.0,364.82,22.0,142.0,44.0,368.0,44.0,254.91,219.82,75.0,66.0,49.34494330729334,141,9.0,-74.0,0.06
07:39:23,145.0,36.0,287.73,30.0,142.0,36.0,419.92,25.0,216.37,142.73000000000002,72.0,55.0,29.296799825236864,127,17.0,-14.0,0.13
07:39:24,145.0,44.0,359.17,35.0,142.0,44.0,465.06,36.0,252.09,214.17000000000002,88.0,71.0,18.871643277679944,159,17.0,32.0,0.11
07:39:25,145.0,40.0,175.67,18.0,142.0,40.0,238.06,31.0,160.33,30.669999999999987,80.0,49.0,42.62875789886444,129,31.0,-30.0,0.24
07:39:26,146.3,46.0,160.85,41.0,144.14,56.0,182.36,56.0,153.58,14.549999999999983,102.0,97.0,48.5978876084135,199,5.0,70.0,0.03
07:39:27,147.0,39.0,159.54,39.0,145.0,52.0,162.0,52.0,153.27,12.539999999999992,91.0,91.0,44.90301014408705,182,0.0,-17.0,0.0
07:39:28,147.0,33.0,158.36,33.0,145.0,44.0,261.08,26.0,152.68,11.360000000000014,77.0,59.0,43.54712447452738,136,18.0,-46.0,0.13
07:39:29,147.0,30.0,156.8,30.0,145.0,40.0,439.4,40.0,151.9,9.800000000000011,70.0,70.0,3.402612231797225,140,0.0,4.0,0.0
07:39:30,147.0,33.0,155.36,33.0,145.0,32.0,334.0,44.0,151.18,8.360000000000014,65.0,77.0,0.9863670716196412,142,-12.0,2.0,-0.08
07:39:31,147.74,19.0,154.18,33.0,146.68,25.0,340.09,44.0,150.96,6.439999999999998,44.0,77.0,0.979704036929182,121,-33.0,-21.0,-0.27
07:39:32,149.0,9.0,152.56,27.0,147.0,27.0,209.09,33.0,150.78,3.5600000000000023,36.0,60.0,0.7849840762557961,96,-24.0,-25.0,-0.25
07:39:33,149.0,11.0,151.27,33.0,147.0,33.0,270.51,35.0,150.14,2.2700000000000102,44.0,68.0,0.638686151388129,112,-24.0,16.0,-0.21
07:39:34,145.4,10.0,151.0,30.0,144.07,129.0,404.0,40.0,148.2,5.599999999999994,139.0,70.0,1.2108344230218713,209,69.0,97.0,0.33
07:39:35,145.13,46.0,264.3,33.0,143.88,104.0,455.0,40.0,204.72,119.17000000000002,150.0,73.0,24.487037387156064,223,77.0,14.0,0.35
07:39:36,150.0,89.0,393.32,38.0,144.16,147.0,555.31,52.0,271.66,243.32,236.0,90.0,53.94268254360353,326,146.0,103.0,0.45
07:39:37,144.81,111.0,179.47,40.0,142.96,92.0,195.67,43.0,162.14,34.66,203.0,83.0,52.35155508674016,286,120.0,-40.0,0.42
07:39:38,144.0,192.0,175.09,68.0,141.0,64.0,177.59,44.0,159.54,31.090000000000003,256.0,112.0,50.826832677238414,368,144.0,82.0,0.39
07:39:39,144.11,162.0,170.57,69.0,141.95,76.0,172.0,36.0,157.34,26.45999999999998,238.0,105.0,49.1168728646276,343,133.0,-25.0,0.39
07:39:40,144.05,95.0,168.42,48.0,142.21,39.0,169.19,43.0,156.23,24.369999999999976,134.0,91.0,50.51753576729557,225,43.0,-118.0,0.19
07:39:41,146.91,57.0,165.16,64.0,144.54,111.0,166.25,71.0,156.03,18.25,168.0,135.0,2.5803546267860478,303,33.0,78.0,0.11
07:39:42,152.0,14.0,162.41,54.0,147.38,32.0,163.75,63.0,157.2,10.409999999999997,46.0,117.0,1.3948010610749422,163,-71.0,-140.0,-0.44
07:39:43,152.0,10.0,158.21,39.0,150.73,44.0,159.25,48.0,155.1,6.210000000000008,54.0,87.0,0.9188851941213446,141,-33.0,-22.0,-0.23
07:39:44,151.08,50.0,153.8,55.0,149.5,40.0,154.87,61.0,152.44,2.719999999999999,90.0,116.0,1.8150344349281669,206,-26.0,65.0,-0.13
07:39:45,151.0,39.0,152.68,44.0,148.0,26.0,153.41,59.0,151.84,1.6800000000000068,65.0,103.0,2.3080121316783977,168,-38.0,-38.0,-0.23
07:39:46,147.84,38.0,152.18,55.0,144.32,87.0,308.45,44.0,150.01,4.340000000000003,125.0,99.0,2.8347698319218466,224,26.0,56.0,0.12
07:39:47,145.0,28.0,152.0,31.0,144.0,91.0,334.57,28.0,148.5,7.0,119.0,59.0,2.5074329502448385,178,60.0,-46.0,0.34
07:39:48,145.0,56.0,150.13,23.0,144.0,182.0,242.0,57.0,147.57,5.1299999999999955,238.0,80.0,2.0897535739825703,318,158.0,140.0,0.5
07:39:49,147.25,24.0,150.0,60.0,145.0,64.0,331.12,64.0,148.62,2.75,88.0,124.0,1.662128153895663,212,-36.0,-106.0,-0.17
07:39:50,146.8,44.0,239.76,68.0,145.08,61.0,436.47,75.0,193.28,92.95999999999998,105.0,143.0,19.966983497763906,248,-38.0,36.0,-0.15
07:39:51,147.42,36.0,252.16,45.0,145.0,36.0,347.27,37.0,199.79,104.74000000000001,72.0,82.0,26.56077126139187,154,-10.0,-94.0,-0.06
07:39:52,146.8,45.0,163.0,45.0,144.82,33.0,242.4,50.0,154.9,16.19999999999999,78.0,95.0,25.547997377485007,173,-17.0,19.0,-0.1
07:39:53,145.0,30.0,209.4,20.0,144.0,10.0,379.89,38.0,177.2,64.4,40.0,58.0,22.655926818384266,98,-18.0,-75.0,-0.18
07:39:54,144.0,8.0,208.0,16.0,142.0,88.0,284.92,38.0,176.0,64.0,96.0,54.0,17.475545198934025,150,42.0,52.0,0.28
07:39:55,142.08,25.0,208.0,10.0,141.28,39.0,363.0,20.0,175.04,65.91999999999999,64.0,30.0,15.904549034788266,94,34.0,-56.0,0.36
07:39:56,142.76,85.0,207.56,18.0,141.47,53.0,363.0,36.0,175.16,64.80000000000001,138.0,54.0,9.408761873912113,192,84.0,98.0,0.44
07:39:57,143.52,140.0,206.91,22.0,142.0,55.0,239.04,53.0,175.22,63.389999999999986,195.0,75.0,0.9075681792482206,270,120.0,78.0,0.44
07:39:58,145.0,156.0,205.46,26.0,142.0,65.0,233.92,65.0,175.23,60.46000000000001,221.0,91.0,0.38209946346964924,312,130.0,42.0,0.42
07:39:59,145.0,96.0,204.0,23.0,142.0,40.0,230.58,33.0,174.5,59.0,136.0,56.0,0.3057776970017128,192,80.0,-120.0,0.42
07:40:00,145.0,168.0,200.67,49.0,142.0,70.0,201.6,47.0,172.84,55.66999999999999,238.0,96.0,1.0249390225684112,334,142.0,142.0,0.43
07:40:01,145.94,53.0,196.23,39.0,145.27,83.0,199.0,65.0,171.09,50.28999999999999,136.0,104.0,1.7898407750364702,240,32.0,-94.0,0.13
07:40:02,146.33,36.0,186.19,54.0,145.34,146.0,189.41,54.0,166.26,39.859999999999985,182.0,108.0,3.576413007467461,290,74.0,50.0,0.26
07:40:03,145.1,119.0,178.71,51.0,143.58,71.0,180.69,58.0,161.9,33.610000000000014,190.0,109.0,5.166615913727412,299,81.0,9.0,0.27
07:40:04,148.0,33.0,177.0,42.0,144.05,38.0,177.7,37.0,162.5,29.0,71.0,79.0,4.939829956585591,150,-8.0,-149.0,-0.05
07:40:05,146.86,42.0,174.43,51.0,143.0,30.0,175.31,36.0,160.64,27.569999999999993,72.0,87.0,4.248025423650315,159,-15.0,9.0,-0.09
07:40:06,144.0,36.0,170.47,45.0,142.0,60.0,172.51,49.0,157.23,26.47,96.0,94.0,3.2625879298462257,190,2.0,31.0,0.01
07:40:07,144.0,27.0,153.07,29.0,141.74,47.0,156.73,26.0,148.53,9.069999999999993,74.0,55.0,5.757069567060719,129,19.0,-61.0,0.15
07:40:08,149.0,170.0,151.0,34.0,144.0,51.0,152.0,51.0,150.0,2.0,221.0,85.0,6.262016448395491,306,136.0,168.0,0.44
07:40:09,149.0,90.0,150.2,30.0,142.48,73.0,152.67,39.0,149.6,1.1999999999999886,163.0,69.0,5.399152711303381,232,94.0,-74.0,0.41
07:40:10,148.62,39.0,150.62,45.0,142.09,113.0,162.57,47.0,149.62,2.0,152.0,92.0,3.527680541088414,244,60.0,12.0,0.25
07:40:11,144.0,7.0,151.86,28.0,142.0,84.0,303.0,7.0,147.93,7.860000000000014,91.0,35.0,0.8685792997608999,126,56.0,-118.0,0.44
07:40:12,144.0,8.0,151.0,32.0,142.0,96.0,268.5,8.0,147.5,7.0,104.0,40.0,1.1307961796774282,144,64.0,18.0,0.44
07:40:13,144.0,8.0,149.4,20.0,142.0,96.0,156.46,26.0,146.7,5.400000000000006,104.0,46.0,1.3004614565502703,150,58.0,6.0,0.39
07:40:14,144.0,16.0,148.4,40.0,142.0,132.0,157.45,53.0,146.2,4.400000000000006,148.0,93.0,1.3199242402398073,241,55.0,91.0,0.23
07:40:15,144.0,8.0,149.0,16.0,142.0,72.0,447.38,8.0,146.5,5.0,80.0,24.0,0.7226894215168767,104,56.0,-137.0,0.54
07:40:16,142.37,49.0,149.0,26.0,141.91,94.0,196.08,13.0,145.68,6.6299999999999955,143.0,39.0,0.671029060452832,182,104.0,78.0,0.57
07:40:17,142.0,105.0,143.91,22.0,140.0,11.0,154.9,20.0,142.95,1.9099999999999966,116.0,42.0,1.5336818444422844,158,74.0,-24.0,0.47
07:40:18,142.0,65.0,146.85,26.0,140.57,21.0,335.38,16.0,144.42,4.849999999999994,86.0,42.0,1.4644794296854173,128,44.0,-30.0,0.34
07:40:19,142.0,45.0,146.56,18.0,103.0,36.0,227.44,9.0,144.28,4.560000000000002,81.0,27.0,1.368933891746263,108,54.0,-20.0,0.5
07:40:20,142.1,39.0,149.81,21.0,137.11,36.0,241.36,11.0,145.96,7.710000000000008,75.0,32.0,1.2100082644228218,107,43.0,-1.0,0.4
07:40:21,143.87,23.0,253.23,13.0,141.83,24.0,364.11,9.0,198.55,109.35999999999999,47.0,22.0,24.238978320052528,69,25.0,-38.0,0.36
07:40:22,147.86,29.0,248.29,28.0,144.56,41.0,267.94,16.0,198.07,100.42999999999998,70.0,44.0,29.269079760046793,114,26.0,45.0,0.23
07:40:23,139.86,42.0,227.0,12.0,137.8,15.0,228.0,12.0,183.43,87.13999999999999,57.0,24.0,27.113167834098324,81,33.0,-33.0,0.41
07:40:24,139.73,91.0,224.33,24.0,138.11,72.0,228.0,24.0,182.03,84.60000000000002,163.0,48.0,21.40272459291075,211,115.0,130.0,0.55
07:40:25,145.0,16.0,221.2,15.0,140.24,17.0,224.36,11.0,183.1,76.19999999999999,33.0,26.0,8.483465093933582,59,7.0,-152.0,0.12
07:40:26,145.0,18.0,219.11,18.0,142.0,9.0,222.0,9.0,182.06,74.11000000000001,27.0,27.0,6.921724496105599,54,0.0,-5.0,0.0
07:40:27,144.6,10.0,217.62,13.0,139.33,45.0,219.14,14.0,181.11,73.02000000000001,55.0,27.0,0.9291017167066062,82,28.0,28.0,0.34
07:40:28,147.0,12.0,184.68,41.0,142.0,12.0,216.09,23.0,165.84,37.68000000000001,24.0,64.0,7.294591832308774,88,-40.0,6.0,-0.45
07:40:29,147.0,10.0,164.21,24.0,142.0,10.0,176.64,33.0,155.6,17.210000000000008,20.0,57.0,12.272148141217336,77,-37.0,-11.0,-0.48
07:40:30,139.87,30.0,161.59,17.0,125.3,27.0,162.26,19.0,150.73,21.72,57.0,36.0,14.334321400051769,93,21.0,16.0,0.23
07:40:31,143.14,28.0,160.8,10.0,105.14,57.0,162.0,20.0,151.97,17.660000000000025,85.0,30.0,12.688567689064831,115,55.0,22.0,0.48
07:40:32,143.0,84.0,157.14,28.0,99.0,30.0,161.6,20.0,150.07,14.139999999999986,114.0,48.0,6.508830156024798,162,66.0,47.0,0.41
07:40:33,141.44,72.0,147.5,16.0,91.65,68.0,149.52,29.0,144.47,6.060000000000002,140.0,45.0,4.023259872289678,185,95.0,23.0,0.51
07:40:36,126.35,63.0,258.14,21.0,124.83,72.0,369.08,39.0,192.25,131.79,135.0,60.0,27.187083697961704,195,75.0,46.0,0.38
07:40:37,138.62,21.0,368.6,25.0,131.0,22.0,643.38,16.0,253.61,229.98000000000002,43.0,41.0,54.808498246166,84,2.0,-111.0,0.02
07:40:38,147.04,50.0,350.25,48.0,145.14,58.0,350.78,23.0,248.64,203.21,108.0,71.0,62.653485936538175,179,37.0,95.0,0.21
07:40:39,150.0,33.0,281.75,28.0,147.68,47.0,337.39,36.0,215.88,131.75,80.0,64.0,51.03339328322185,144,16.0,-35.0,0.11
07:40:40,150.0,89.0,224.88,41.0,148.0,52.0,261.95,57.0,187.44,74.88,141.0,98.0,30.806337497339676,239,43.0,95.0,0.18
07:40:41,150.0,65.0,237.79,48.0,148.0,40.0,243.34,32.0,193.9,87.78999999999999,105.0,80.0,30.447346025556914,185,25.0,-54.0,0.14
07:40:42,148.57,21.0,233.22,45.0,147.08,26.0,250.22,27.0,190.9,84.65,47.0,72.0,25.620002341920106,119,-25.0,-66.0,-0.21
07:40:43,145.45,33.0,180.0,35.0,137.53,15.0,210.06,53.0,162.73,34.55000000000001,48.0,88.0,18.94634793304468,136,-40.0,17.0,-0.29
07:40:44,142.39,18.0,178.0,30.0,99.12,93.0,180.0,50.0,160.19,35.610000000000014,111.0,80.0,16.22788864886566,191,31.0,55.0,0.16
07:40:45,147.0,9.0,177.33,27.0,144.0,45.0,180.0,45.0,162.17,30.330000000000013,54.0,72.0,16.87672568954006,126,-18.0,-65.0,-0.14
07:40:46,151.28,72.0,175.33,45.0,143.54,37.0,177.0,27.0,163.31,24.05000000000001,109.0,72.0,12.933155067499163,181,37.0,55.0,0.2
07:40:47,150.54,137.0,172.49,43.0,139.09,35.0,300.29,55.0,161.51,21.950000000000017,172.0,98.0,1.2033785771640626,270,74.0,89.0,0.27
07:40:48,144.0,34.0,169.25,60.0,134.76,92.0,171.0,24.0,156.62,25.25,126.0,84.0,2.5747621249305777,210,42.0,-60.0,0.2
07:40:49,144.95,41.0,166.48,52.0,138.21,28.0,167.37,38.0,155.72,21.53,69.0,90.0,3.449569538359358,159,-21.0,-51.0,-0.13
07:40:50,146.0,27.0,161.66,35.0,144.0,9.0,162.65,37.0,153.83,15.659999999999997,36.0,72.0,4.025291293804258,108,-36.0,-51.0,-0.33
07:40:51,152.0,10.0,159.1,30.0,147.0,30.0,161.03,40.0,155.55,7.099999999999994,40.0,70.0,2.9003327395276473,110,-30.0,2.0,-0.27
07:40:52,152.0,7.0,155.17,18.0,149.14,21.0,156.53,17.0,153.58,3.1699999999999875,28.0,35.0,1.305047891832175,63,-7.0,-47.0,-0.11
07:40:53,150.67,18.0,153.43,28.0,149.12,24.0,154.62,26.0,152.05,2.7600000000000193,42.0,54.0,1.5216865643014041,96,-12.0,33.0,-0.12
07:40:54,150.0,63.0,151.33,18.0,149.0,27.0,152.6,20.0,150.67,1.3300000000000125,90.0,38.0,1.8551765414577825,128,52.0,32.0,0.41
07:40:55,150.0,64.0,151.67,18.0,149.0,24.0,153.64,22.0,150.83,1.6699999999999875,88.0,40.0,2.049556049483681,128,48.0,0.0,0.38
07:40:56,150.0,88.0,151.09,22.0,149.0,15.0,173.36,14.0,150.55,1.0900000000000034,103.0,36.0,1.2906122577966517,139,67.0,11.0,0.48
07:40:57,150.0,61.0,151.0,50.0,149.0,30.0,214.5,32.0,150.5,1.0,91.0,82.0,0.6443601477239751,173,9.0,34.0,0.05
07:40:58,149.0,23.0,235.0,21.0,148.0,14.0,562.29,28.0,192.0,86.0,37.0,49.0,18.498309382210486,86,-12.0,-87.0,-0.14
07:40:59,149.0,10.0,234.0,9.0,148.0,14.0,250.64,22.0,191.5,85.0,24.0,31.0,22.525222085475168,55,-7.0,-31.0,-0.13
07:41:00,149.0,8.0,233.0,8.0,148.0,16.0,297.5,24.0,191.0,84.0,24.0,32.0,22.445723423404743,56,-8.0,1.0,-0.14
07:41:01,149.0,17.0,187.18,49.0,148.0,34.0,317.0,43.0,168.09,38.18000000000001,51.0,92.0,18.706940423275565,143,-41.0,87.0,-0.29
07:41:02,145.44,27.0,171.67,27.0,145.33,18.0,232.0,9.0,158.56,26.22999999999999,45.0,36.0,15.799582272958409,81,9.0,-62.0,0.11
07:41:03,145.0,44.0,174.8,20.0,144.0,22.0,196.29,31.0,159.9,29.80000000000001,66.0,51.0,16.334022774564144,117,15.0,36.0,0.13
07:41:04,145.0,28.0,179.0,7.0,144.0,14.0,310.0,21.0,162.0,34.0,42.0,28.0,13.41353048231445,70,14.0,-47.0,0.2
07:41:05,147.89,36.0,179.0,8.0,145.4,20.0,316.5,18.0,163.44,31.110000000000014,56.0,26.0,3.6950399185905436,82,30.0,12.0,0.37
07:41:06,148.0,104.0,179.0,13.0,144.56,36.0,389.62,13.0,163.5,31.0,140.0,26.0,2.1917572858273773,166,114.0,84.0,0.69
07:41:07,148.0,72.0,177.44,9.0,145.0,16.0,312.32,41.0,162.72,29.439999999999998,88.0,50.0,1.4803107781738292,138,38.0,-28.0,0.28
07:41:09,151.0,120.0,174.42,12.0,147.4,60.0,262.48,52.0,162.71,23.419999999999987,180.0,64.0,0.8681704901561104,244,116.0,0.0,0.48
07:41:10,148.24,66.0,172.93,15.0,147.29,68.0,275.93,27.0,160.59,24.689999999999998,134.0,42.0,1.5430716120704815,176,92.0,-68.0,0.52
07:41:11,148.0,55.0,157.64,11.0,145.83,12.0,180.45,11.0,152.82,9.639999999999986,67.0,22.0,4.67333178791935,89,45.0,-87.0,0.51
07:41:12,148.0,55.0,167.82,11.0,145.47,15.0,281.22,23.0,157.91,19.819999999999993,70.0,34.0,4.657867537830732,104,36.0,15.0,0.35
07:41:13,147.0,50.0,166.71,14.0,144.42,43.0,407.45,22.0,156.86,19.710000000000008,93.0,36.0,3.7707386544252963,129,57.0,25.0,0.44
07:41:14,147.37,57.0,162.21,28.0,145.78,36.0,233.19,32.0,154.79,14.840000000000003,93.0,60.0,2.969348413368975,153,33.0,24.0,0.22
07:41:15,148.0,21.0,154.35,23.0,147.0,14.0,155.32,19.0,151.17,6.349999999999994,35.0,42.0,2.782651613115904,77,-7.0,-76.0,-0.09
07:41:16,147.15,60.0,150.02,48.0,146.0,40.0,151.11,76.0,148.59,2.8700000000000045,100.0,124.0,3.9139596318787375,224,-24.0,147.0,-0.11
07:41:17,144.0,24.0,146.44,18.0,143.0,8.0,147.38,16.0,145.22,2.4399999999999977,32.0,34.0,4.67487219076371,66,-2.0,-158.0,-0.03
07:41:18,141.36,22.0,143.52,21.0,138.64,33.0,144.31,32.0,142.44,2.1599999999999966,55.0,53.0,4.851965581079007,108,2.0,42.0,0.02
07:41:19,140.33,18.0,142.0,10.0,128.67,12.0,144.14,28.0,141.17,1.6699999999999875,30.0,38.0,4.172837164325358,68,-8.0,-40.0,-0.12
07:41:20,109.59,17.0,138.96,25.0,89.0,26.0,139.85,41.0,124.27,29.370000000000005,43.0,66.0,9.423649505365416,109,-23.0,41.0,-0.21
07:41:22,131.0,22.0,251.14,28.0,85.73,26.0,254.19,32.0,191.07,120.13999999999999,48.0,60.0,27.493131324022997,108,-12.0,-70.0,-0.11
07:41:23,150.0,88.0,246.42,45.0,144.0,22.0,248.51,43.0,198.21,96.41999999999999,110.0,88.0,36.32239777327451,198,22.0,90.0,0.11
07:41:24,149.81,63.0,186.15,66.0,132.94,32.0,192.94,48.0,167.98,36.34,95.0,114.0,35.6139125904467,209,-19.0,11.0,-0.09
07:41:25,146.91,11.0,183.48,31.0,124.8,20.0,185.63,41.0,165.2,36.56999999999999,31.0,72.0,29.163973151818325,103,-41.0,-106.0,-0.4
07:41:26,144.0,14.0,179.41,58.0,141.0,28.0,180.38,42.0,161.71,35.41,42.0,100.0,16.598762905710224,142,-58.0,39.0,-0.41
07:41:27,144.0,8.0,176.25,8.0,141.0,16.0,178.0,24.0,160.12,32.25,24.0,32.0,15.709784530666882,56,-8.0,-86.0,-0.14
07:41:28,109.0,18.0,173.34,53.0,135.76,25.0,174.65,31.0,141.17,64.34,43.0,84.0,10.551176711626905,127,-41.0,71.0,-0.32
07:41:30,147.0,50.0,152.36,33.0,109.0,91.0,153.09,43.0,149.68,5.360000000000014,141.0,76.0,16.588515002855907,217,65.0,-47.0,0.3
07:41:31,147.0,39.0,149.88,25.0,125.95,57.0,151.67,45.0,148.44,2.8799999999999955,96.0,70.0,14.531495105458859,166,26.0,-51.0,0.16
07:41:32,143.4,48.0,146.86,44.0,140.22,18.0,148.68,50.0,145.13,3.460000000000008,66.0,94.0,11.6633815851139,160,-28.0,-6.0,-0.17
07:41:33,144.41,37.0,200.29,35.0,138.81,31.0,202.63,30.0,172.35,55.879999999999995,68.0,65.0,18.20804959351702,133,3.0,-27.0,0.02
07:41:34,143.0,29.0,183.1,31.0,89.6,10.0,277.56,16.0,163.05,40.099999999999994,39.0,47.0,11.531623909926013,86,-8.0,-47.0,-0.09
07:41:35,133.26,42.0,151.95,93.0,100.0,20.0,192.55,65.0,142.6,18.689999999999998,62.0,158.0,12.822660800316644,220,-96.0,134.0,-0.44
07:41:36,130.25,20.0,138.68,50.0,128.64,28.0,167.67,48.0,134.47,8.430000000000007,48.0,98.0,15.635942568325595,146,-50.0,-74.0,-0.34
07:41:38,133.03,34.0,202.64,39.0,132.21,14.0,210.97,39.0,167.84,69.60999999999999,48.0,78.0,15.82542669250898,126,-30.0,24.0,-0.24
07:41:39,146.96,28.0,226.8,40.0,143.55,31.0,663.27,30.0,186.88,79.84,59.0,70.0,23.161943355426306,129,-11.0,3.0,-0.09
07:41:40,151.0,33.0,195.16,31.0,149.0,44.0,463.44,25.0,173.08,44.16,77.0,56.0,23.634162138734226,133,21.0,4.0,0.16
07:41:41,151.0,39.0,199.96,57.0,149.0,52.0,413.23,13.0,175.48,48.96000000000001,91.0,70.0,19.56958865178265,161,21.0,28.0,0.13
07:41:42,151.0,9.0,330.43,7.0,149.0,12.0,506.33,3.0,240.71,179.43,21.0,10.0,29.84207130880806,31,11.0,-130.0,0.35
07:41:43,151.0,27.0,297.52,25.0,149.0,36.0,442.64,11.0,224.26,146.51999999999998,63.0,36.0,30.593582987286517,99,27.0,68.0,0.27
07:41:44,149.65,55.0,337.58,33.0,147.53,34.0,580.72,18.0,243.62,187.92999999999998,89.0,51.0,34.71760504412695,140,38.0,41.0,0.27
07:41:45,149.33,43.0,180.17,36.0,146.6,30.0,338.58,12.0,164.75,30.839999999999975,73.0,48.0,37.13378017385234,121,25.0,-19.0,0.21
07:41:46,149.0,20.0,157.47,19.0,148.0,168.0,205.0,19.0,153.24,8.469999999999999,188.0,38.0,43.117041062670204,226,150.0,105.0,0.66
07:41:47,148.07,90.0,151.0,28.0,147.82,134.0,212.06,16.0,149.53,2.930000000000007,224.0,44.0,43.68323763184212,268,180.0,42.0,0.67
07:41:48,148.0,204.0,215.31,16.0,145.0,20.0,485.39,18.0,181.66,67.31,224.0,34.0,38.46093147597945,258,190.0,-10.0,0.74
07:41:49,148.12,192.0,183.94,18.0,147.11,57.0,238.5,14.0,166.03,35.81999999999999,249.0,32.0,12.620704021566535,281,217.0,23.0,0.77
07:41:50,150.14,56.0,372.25,8.0,148.26,138.0,390.91,11.0,261.2,222.11,194.0,19.0,45.8494380554439,213,175.0,-68.0,0.82
07:41:52,150.0,12.0,397.33,3.0,148.0,60.0,634.0,3.0,273.67,247.32999999999998,72.0,6.0,67.30508725200488,78,66.0,10.0,0.85
07:41:55,148.0,108.0,423.0,7.0,145.0,35.0,0.0,0.0,285.5,275.0,143.0,7.0,42.91607892154162,150,136.0,-38.0,0.91
07:41:56,148.0,56.0,292.62,16.0,146.23,26.0,422.25,4.0,220.31,144.62,82.0,20.0,61.6902137295697,102,62.0,-48.0,0.61
07:41:57,148.22,36.0,210.67,30.0,147.78,72.0,397.0,12.0,179.44,62.44999999999999,108.0,42.0,82.5496600235276,150,66.0,48.0,0.44
07:41:58,150.0,20.0,195.83,30.0,148.12,96.0,233.45,33.0,172.92,45.83000000000001,116.0,63.0,71.73981830197226,179,53.0,29.0,0.3
07:41:59,150.0,28.0,187.14,22.0,148.0,196.0,225.1,41.0,168.57,37.139999999999986,224.0,63.0,49.30422263863409,287,161.0,108.0,0.56
07:42:00,150.0,18.0,184.22,9.0,148.0,126.0,241.0,9.0,167.11,34.22,144.0,18.0,22.125712417908733,162,126.0,-125.0,0.78
07:42:01,150.0,22.0,189.45,22.0,148.43,74.0,191.0,11.0,169.73,39.44999999999999,96.0,33.0,4.8998806107906105,129,63.0,-33.0,0.49
07:42:02,150.0,23.0,188.59,39.0,149.0,48.0,196.25,44.0,169.29,38.59,71.0,83.0,2.14286723807191,154,-12.0,25.0,-0.08
07:42:03,150.67,12.0,187.41,34.0,149.06,34.0,188.5,40.0,169.04,36.74000000000001,46.0,74.0,1.0072338358107407,120,-28.0,-34.0,-0.23
07:42:04,152.0,22.0,182.78,27.0,150.0,11.0,185.83,35.0,167.39,30.78,33.0,62.0,1.1823789578650448,95,-29.0,-25.0,-0.31
07:42:05,150.79,14.0,180.43,47.0,149.1,31.0,183.14,43.0,165.61,29.640000000000015,45.0,90.0,1.7027976979083679,135,-45.0,40.0,-0.33
07:42:06,151.0,12.0,179.0,20.0,150.0,4.0,180.0,16.0,165.0,28.0,16.0,36.0,1.9452583375999457,52,-20.0,-83.0,-0.38
07:42:07,151.0,27.0,177.09,44.0,150.0,9.0,178.08,39.0,164.05,26.090000000000003,36.0,83.0,1.993155789195151,119,-47.0,67.0,-0.39
07:42:08,151.0,30.0,173.1,50.0,150.0,10.0,175.8,50.0,162.05,22.099999999999994,40.0,100.0,1.970228413154728,140,-60.0,21.0,-0.43
07:42:09,151.0,21.0,170.86,28.0,150.0,7.0,172.0,35.0,160.93,19.860000000000014,28.0,63.0,1.9816710120507615,91,-35.0,-49.0,-0.38
07:42:10,151.67,45.0,167.77,74.0,150.86,35.0,169.12,68.0,159.72,16.100000000000023,80.0,142.0,2.1757642335515888,222,-62.0,131.0,-0.28
07:42:11,150.56,27.0,166.77,52.0,149.35,37.0,167.73,55.0,158.66,16.210000000000008,64.0,107.0,2.09106910454973,171,-43.0,-51.0,-0.25
07:42:12,150.0,22.0,164.78,46.0,149.0,44.0,166.7,53.0,157.39,14.780000000000001,66.0,99.0,1.8330984698052888,165,-33.0,-6.0,-0.2
07:42:13,149.67,15.0,163.4,50.0,148.05,73.0,165.0,40.0,156.53,13.730000000000018,88.0,90.0,1.762478368662313,178,-2.0,13.0,-0.01
07:42:14,148.09,69.0,161.8,64.0,147.49,110.0,164.35,54.0,154.94,13.710000000000008,179.0,118.0,1.855200797758204,297,61.0,119.0,0.21
07:42:15,148.0,90.0,159.0,48.0,147.0,80.0,160.0,42.0,153.5,11.0,170.0,90.0,2.028183916710415,260,80.0,-37.0,0.31
07:42:16,148.0,92.0,155.57,56.0,147.0,96.0,156.68,53.0,151.79,7.569999999999993,188.0,109.0,2.2619792218327075,297,79.0,37.0,0.27
07:42:17,148.36,66.0,151.18,85.0,147.31,104.0,152.11,82.0,149.77,2.819999999999993,170.0,167.0,2.641179660682507,337,3.0,40.0,0.01
07:42:18,147.86,35.0,149.56,45.0,145.69,64.0,168.44,39.0,148.71,1.6999999999999886,99.0,84.0,2.5691379877310894,183,15.0,-154.0,0.08
07:42:19,147.0,28.0,148.53,19.0,145.0,121.0,163.04,49.0,147.76,1.5300000000000011,149.0,68.0,2.3302639335497894,217,81.0,34.0,0.37
07:42:20,145.39,72.0,209.07,57.0,144.48,172.0,521.08,52.0,177.23,63.68000000000001,244.0,109.0,12.487975015990498,353,135.0,136.0,0.38
07:42:21,146.73,66.0,202.94,32.0,145.0,99.0,203.65,23.0,174.83,56.21000000000001,165.0,55.0,14.984645474618443,220,110.0,-133.0,0.5
07:42:22,147.27,66.0,194.14,43.0,145.0,37.0,201.26,35.0,170.71,46.869999999999976,103.0,78.0,14.446038211219127,181,25.0,-39.0,0.14
07:42:23,149.22,27.0,183.0,33.0,145.0,18.0,196.68,38.0,166.11,33.78,45.0,71.0,11.727720153550871,116,-26.0,-65.0,-0.22
07:42:24,146.6,47.0,181.97,31.0,144.19,118.0,184.0,52.0,164.28,35.370000000000005,165.0,83.0,5.521758777781149,248,82.0,132.0,0.33
07:42:25,144.43,42.0,175.24,21.0,143.62,104.0,177.67,24.0,159.83,30.810000000000002,146.0,45.0,5.799932758231189,191,101.0,-57.0,0.53
07:42:26,146.06,69.0,173.94,34.0,142.77,62.0,175.0,16.0,160.0,27.879999999999995,131.0,50.0,4.548915255311236,181,81.0,-10.0,0.45
07:42:27,149.0,52.0,173.0,10.0,145.0,10.0,174.0,40.0,161.0,24.0,62.0,50.0,2.8063196539245645,112,12.0,-69.0,0.11
07:42:28,149.0,53.0,171.63,19.0,147.73,33.0,239.57,37.0,160.32,22.629999999999995,86.0,56.0,1.8407009534422663,142,30.0,30.0,0.21
07:42:29,149.0,24.0,170.6,10.0,148.0,18.0,171.14,14.0,159.8,21.599999999999994,42.0,24.0,0.4976946855284873,66,18.0,-76.0,0.27
07:42:30,149.94,125.0,170.0,11.0,148.86,42.0,171.0,33.0,159.97,20.060000000000002,167.0,44.0,0.47583610624173966,211,123.0,145.0,0.58
07:42:31,150.0,143.0,168.2,15.0,149.0,44.0,169.03,31.0,159.1,18.19999999999999,187.0,46.0,0.6975098565635615,233,141.0,22.0,0.61
07:42:32,150.0,143.0,166.16,19.0,149.0,44.0,167.36,25.0,158.08,16.159999999999997,187.0,44.0,0.8872880028510259,231,143.0,-2.0,0.62
07:42:33,150.0,145.0,163.54,35.0,149.0,52.0,164.71,21.0,156.77,13.539999999999992,197.0,56.0,1.3306502170004744,253,141.0,22.0,0.56
07:42:34,150.0,136.0,157.56,52.0,149.0,68.0,158.73,56.0,153.78,7.560000000000002,204.0,108.0,2.41664022974117,312,96.0,59.0,0.31
07:42:35,150.95,61.0,152.87,45.0,149.85,104.0,159.0,48.0,151.91,1.920000000000016,165.0,93.0,3.0066542867452464,258,72.0,-54.0,0.28
07:42:36,151.4,20.0,153.0,30.0,150.1,62.0,209.08,26.0,152.2,1.5999999999999943,82.0,56.0,2.7601757190446596,138,26.0,-120.0,0.19
07:42:37,151.0,17.0,152.91,23.0,150.0,72.0,269.07,28.0,151.96,1.9099999999999966,89.0,51.0,2.0740130182821264,140,38.0,2.0,0.27
07:42:38,151.0,11.0,153.0,33.0,150.0,88.0,399.77,26.0,152.0,2.0,99.0,59.0,0.7958643100452083,158,40.0,18.0,0.25
07:42:39,151.0,9.0,152.56,27.0,150.0,72.0,452.74,23.0,151.78,1.5600000000000023,81.0,50.0,0.1529705854200126,131,31.0,-27.0,0.24
07:42:40,150.04,68.0,272.79,38.0,149.35,68.0,597.59,27.0,211.42,122.75000000000003,136.0,65.0,26.580559061088294,201,71.0,70.0,0.35
07:42:44,149.0,128.0,397.57,28.0,148.0,24.0,478.62,16.0,273.29,248.57,152.0,44.0,68.6346426376651,196,108.0,64.0,0.55
07:42:45,149.0,144.0,317.59,39.0,148.0,27.0,371.44,18.0,233.29,168.58999999999997,171.0,57.0,61.408144980938765,228,114.0,32.0,0.5
07:42:46,149.06,85.0,314.64,44.0,148.84,95.0,342.15,26.0,231.85,165.57999999999998,180.0,70.0,69.6324163016048,250,110.0,22.0,0.44
07:42:47,150.67,6.0,297.33,12.0,149.0,96.0,383.73,15.0,224.0,146.66,102.0,27.0,42.70258458220072,129,75.0,-121.0,0.58
07:42:48,151.0,9.0,210.06,17.0,149.0,144.0,239.86,14.0,180.53,59.06,153.0,31.0,33.02135400010139,184,122.0,55.0,0.66
07:42:49,151.0,7.0,154.0,14.0,149.0,112.0,155.0,7.0,152.5,3.0,119.0,21.0,36.178984645785945,140,98.0,-44.0,0.7
07:42:50,151.0,7.0,153.29,14.0,149.0,112.0,155.0,7.0,152.14,2.289999999999992,119.0,21.0,38.14644452632536,140,98.0,0.0,0.7
07:42:51,149.06,136.0,151.15,26.0,148.64,81.0,272.74,23.0,150.11,2.0900000000000034,217.0,49.0,31.7431052356259,266,168.0,126.0,0.63
07:42:52,149.0,112.0,193.4,35.0,148.0,11.0,310.32,19.0,171.2,44.400000000000006,123.0,54.0,13.732848575587724,177,69.0,-89.0,0.39
07:42:53,148.68,22.0,196.0,40.0,147.12,24.0,322.67,12.0,172.34,47.31999999999999,46.0,52.0,11.101491791647733,98,-6.0,-79.0,-0.06
07:42:54,148.0,9.0,195.0,36.0,147.0,27.0,243.41,32.0,171.5,47.0,36.0,68.0,11.289026530220472,104,-32.0,6.0,-0.31
07:42:55,148.0,9.0,194.44,36.0,147.0,27.0,242.19,21.0,171.22,46.44,36.0,57.0,9.606127211317856,93,-21.0,-11.0,-0.23
07:42:56,148.0,8.0,193.0,32.0,147.0,24.0,219.0,40.0,170.5,45.0,32.0,72.0,0.6641686532961684,104,-40.0,11.0,-0.38
07:42:57,148.75,12.0,181.67,24.0,147.25,12.0,211.57,28.0,165.21,32.91999999999999,24.0,52.0,2.8411934112308,76,-28.0,-28.0,-0.37
07:42:58,149.0,66.0,189.42,48.0,148.0,12.0,345.4,55.0,169.21,40.41999999999999,78.0,103.0,2.5711223230374194,181,-25.0,105.0,-0.14
07:42:59,148.81,42.0,189.35,23.0,146.91,11.0,276.61,41.0,169.08,40.53999999999999,53.0,64.0,2.3228925933028757,117,-11.0,-64.0,-0.09
07:43:00,147.0,9.0,187.67,36.0,145.0,9.0,189.0,9.0,167.33,40.66999999999999,18.0,45.0,2.0469318503607683,63,-27.0,-54.0,-0.43
07:43:01,148.6,15.0,184.9,31.0,145.71,17.0,185.27,33.0,166.75,36.30000000000001,32.0,64.0,1.677402754266648,96,-32.0,33.0,-0.33
07:43:02,146.79,19.0,181.78,18.0,144.44,39.0,183.97,71.0,164.28,34.99000000000001,58.0,89.0,2.0146835979928293,147,-31.0,51.0,-0.21
07:43:03,145.86,14.0,173.73,55.0,144.67,18.0,172.26,27.0,159.79,27.869999999999976,32.0,82.0,3.598809525387709,114,-50.0,-33.0,-0.44
07:43:04,146.36,14.0,161.79,61.0,144.79,14.0,165.68,37.0,154.07,15.429999999999978,28.0,98.0,5.544211395683003,126,-70.0,12.0,-0.56
07:43:05,142.9,10.0,159.23,39.0,135.88,16.0,160.21,43.0,151.07,16.329999999999984,26.0,82.0,6.625150564328412,108,-56.0,-18.0,-0.52
07:43:06,139.95,22.0,155.07,15.0,106.6,30.0,158.0,60.0,147.51,15.120000000000005,52.0,75.0,6.724595155101977,127,-23.0,19.0,-0.18
07:43:07,143.0,22.0,152.58,45.0,116.27,22.0,154.0,26.0,147.79,9.580000000000013,44.0,71.0,5.091844459527502,115,-27.0,-12.0,-0.23
07:43:08,136.5,28.0,150.11,63.0,109.5,28.0,151.84,38.0,143.31,13.610000000000014,56.0,101.0,4.053936358654497,157,-45.0,42.0,-0.29
07:43:09,115.55,22.0,148.6,45.0,54.64,22.0,150.0,11.0,132.07,33.05,44.0,56.0,7.396918277230127,100,-12.0,-57.0,-0.12
07:43:10,107.14,21.0,143.14,29.0,61.62,21.0,145.26,23.0,125.14,35.999999999999986,42.0,52.0,10.102602634965969,94,-10.0,-6.0,-0.11
07:43:13,150.17,72.0,317.56,57.0,126.22,23.0,462.12,59.0,233.86,167.39000000000001,95.0,116.0,47.5516248933727,211,-21.0,168.0,-0.1
07:43:14,152.0,60.0,228.0,50.0,151.0,10.0,382.0,50.0,190.0,76.0,70.0,100.0,49.37334979520856,170,-30.0,-41.0,-0.18
07:43:15,152.0,17.0,347.05,56.0,151.0,12.0,444.92,60.0,249.53,195.05,29.0,116.0,57.60779157371006,145,-87.0,-25.0,-0.6
07:43:16,151.55,11.0,353.09,55.0,149.29,14.0,355.0,11.0,252.32,201.53999999999996,25.0,66.0,50.88048024537523,91,-41.0,-54.0,-0.45
07:43:17,151.0,4.0,351.33,18.0,149.0,8.0,352.5,12.0,251.17,200.32999999999998,12.0,30.0,26.44884175157805,42,-18.0,-49.0,-0.43
07:43:18,151.0,12.0,328.33,36.0,149.0,24.0,348.73,44.0,239.67,177.32999999999998,36.0,80.0,26.493177801087175,116,-44.0,74.0,-0.38
07:43:19,149.21,19.0,169.73,75.0,148.0,32.0,197.67,39.0,159.47,20.519999999999982,51.0,114.0,39.98383698446184,165,-63.0,49.0,-0.38
07:43:20,147.0,19.0,165.11,56.0,145.0,12.0,166.86,56.0,156.05,18.110000000000014,31.0,112.0,49.53553048065618,143,-81.0,-22.0,-0.57
07:43:21,147.0,14.0,160.5,66.0,145.0,14.0,161.55,65.0,153.75,13.5,28.0,131.0,48.95707630159318,159,-103.0,16.0,-0.65
07:43:22,143.74,23.0,156.46,39.0,121.58,38.0,159.0,65.0,150.1,12.719999999999999,61.0,104.0,38.08910762934748,165,-43.0,6.0,-0.26
07:43:23,143.79,42.0,152.04,48.0,107.0,54.0,155.67,51.0,147.91,8.25,96.0,99.0,4.609889369607149,195,-3.0,30.0,-0.02
07:43:24,127.02,53.0,147.12,59.0,110.13,38.0,148.13,52.0,137.07,20.10000000000001,91.0,111.0,7.365207396945245,202,-20.0,7.0,-0.1
07:43:25,142.0,30.0,144.34,38.0,132.2,20.0,145.96,46.0,143.17,2.3400000000000034,50.0,84.0,6.470595026735706,134,-34.0,-68.0,-0.25
07:43:26,131.09,35.0,142.87,63.0,94.0,26.0,144.21,47.0,136.98,11.780000000000001,61.0,110.0,6.040317044660543,171,-49.0,37.0,-0.29
07:43:27,113.44,18.0,140.78,37.0,53.11,18.0,141.77,44.0,127.11,27.340000000000003,36.0,81.0,7.817142700502301,117,-45.0,-54.0,-0.38
07:43:28,107.76,41.0,140.0,40.0,80.9,20.0,141.0,75.0,123.88,32.239999999999995,61.0,115.0,7.931580548668487,176,-54.0,59.0,-0.31
07:43:29,115.51,41.0,139.08,49.0,78.62,29.0,140.22,46.0,127.3,23.570000000000007,70.0,95.0,8.078042460894611,165,-25.0,-11.0,-0.15
07:43:32,131.33,48.0,138.68,34.0,93.78,36.0,140.31,16.0,135.0,7.349999999999994,84.0,50.0,14.255170290109344,134,34.0,62.0,0.25
07:43:33,110.68,19.0,138.5,18.0,55.68,19.0,186.88,8.0,124.59,27.819999999999993,38.0,26.0,14.31714426832447,64,12.0,-70.0,0.19
07:43:34,135.0,14.0,141.0,7.0,94.22,23.0,290.14,7.0,138.0,6.0,37.0,14.0,16.4493866147044,51,23.0,-13.0,0.45
07:43:35,137.09,23.0,141.0,12.0,135.25,24.0,173.33,12.0,139.04,3.9099999999999966,47.0,24.0,12.026973019010917,71,23.0,20.0,0.32
07:43:36,138.5,12.0,141.0,8.0,136.5,16.0,159.75,16.0,139.75,2.5,28.0,24.0,6.242421805679015,52,4.0,-19.0,0.08
07:43:37,142.25,16.0,185.69,26.0,136.08,26.0,363.79,24.0,163.97,43.44,42.0,50.0,14.241564169711742,92,-8.0,40.0,-0.09
07:43:38,140.0,13.0,166.78,36.0,122.76,34.0,217.49,37.0,153.39,26.78,47.0,73.0,11.46290320992103,120,-26.0,28.0,-0.22
07:43:39,117.14,43.0,139.62,29.0,101.64,42.0,145.83,36.0,128.38,22.480000000000004,85.0,65.0,13.870087598858836,150,20.0,30.0,0.13
07:43:46,132.0,7.0,138.0,16.0,130.0,14.0,139.72,25.0,135.0,6.0,21.0,41.0,2.7236060654977883,62,-20.0,-38.0,-0.32
07:43:47,134.24,34.0,138.83,24.0,131.11,19.0,140.33,48.0,136.53,4.590000000000003,53.0,72.0,2.9390168424179635,125,-19.0,63.0,-0.15
07:43:49,135.48,54.0,137.63,35.0,112.4,43.0,139.34,47.0,136.56,2.1500000000000057,97.0,82.0,1.7367354433006608,179,15.0,46.0,0.08
07:43:50,136.5,24.0,138.83,24.0,131.71,42.0,139.7,46.0,137.67,2.3300000000000125,66.0,70.0,0.9540702280318992,136,-4.0,-43.0,-0.03
07:43:54,114.14,74.0,139.93,43.0,99.25,60.0,156.41,46.0,127.03,25.790000000000006,134.0,89.0,19.948316971614776,223,45.0,80.0,0.2
07:43:55,115.52,69.0,143.0,12.0,112.64,118.0,247.0,22.0,129.26,27.480000000000004,187.0,34.0,17.844764498306333,221,153.0,-2.0,0.69
07:43:56,127.42,65.0,143.0,8.0,118.0,75.0,179.0,16.0,135.21,15.579999999999998,140.0,24.0,20.285876121085195,164,116.0,-57.0,0.71
07:43:57,142.0,30.0,179.0,10.0,119.0,60.0,371.8,5.0,160.5,37.0,90.0,15.0,17.181564829782413,105,75.0,-59.0,0.71
07:43:58,142.79,28.0,179.0,18.0,124.16,63.0,547.33,9.0,160.89,36.21000000000001,91.0,27.0,16.807173171001036,118,64.0,13.0,0.54
07:43:59,142.62,16.0,251.83,12.0,127.85,39.0,412.78,9.0,197.23,109.21000000000001,55.0,21.0,26.876649158703152,76,34.0,-42.0,0.45
07:44:00,120.82,66.0,237.5,8.0,113.19,31.0,263.33,12.0,179.16,116.68,97.0,20.0,23.189958387198978,117,77.0,41.0,0.66
07:44:01,119.33,72.0,262.2,10.0,50.67,30.0,311.14,7.0,190.77,142.87,102.0,17.0,16.828495179308888,119,85.0,2.0,0.71
07:44:02,120.0,72.0,341.17,6.0,66.33,30.0,386.09,11.0,230.58,221.17000000000002,102.0,17.0,25.737154660141158,119,85.0,0.0,0.71
07:44:03,121.38,116.0,148.43,42.0,93.17,84.0,201.96,28.0,134.9,27.05000000000001,200.0,70.0,34.61518409600076,270,130.0,151.0,0.48
07:44:06,128.48,42.0,141.0,21.0,127.47,77.0,200.38,13.0,134.74,12.52000000000001,119.0,34.0,44.10143965904078,153,85.0,-97.0,0.56
07:44:07,129.28,46.0,173.31,16.0,122.15,75.0,238.11,19.0,151.3,44.03,121.0,35.0,8.97269301826437,156,86.0,3.0,0.55
07:44:08,149.53,45.0,371.33,9.0,133.0,38.0,518.47,15.0,260.43,221.79999999999998,83.0,24.0,56.25304196219096,107,59.0,-49.0,0.55
07:44:09,151.0,72.0,405.0,7.0,149.81,31.0,529.0,14.0,278.0,254.0,103.0,21.0,72.31484135362551,124,82.0,17.0,0.66
07:44:10,151.0,72.0,295.27,15.0,150.0,40.0,432.56,9.0,223.13,144.26999999999998,112.0,24.0,64.12524346932362,136,88.0,12.0,0.65
07:44:11,151.0,63.0,307.54,13.0,150.0,35.0,409.83,12.0,229.27,156.54000000000002,98.0,25.0,48.62873975336022,123,73.0,-13.0,0.59
07:44:12,151.0,90.0,369.38,26.0,150.0,50.0,540.5,24.0,260.19,218.38,140.0,50.0,23.17403029255039,190,90.0,67.0,0.47
07:44:13,151.0,63.0,276.31,13.0,150.0,35.0,625.3,10.0,213.65,125.31,98.0,23.0,27.12053133697864,121,75.0,-69.0,0.62
07:44:15,151.0,105.0,407.83,35.0,150.0,65.0,502.0,28.0,279.41,256.83,170.0,63.0,73.24844285034358,233,107.0,168.0,0.46
07:44:16,151.93,98.0,357.38,24.0,150.93,75.0,513.92,25.0,254.65,205.45,173.0,49.0,69.98072448896232,222,124.0,-11.0,0.56
07:44:17,152.0,45.0,256.16,19.0,151.0,35.0,260.69,13.0,204.08,104.16000000000003,80.0,32.0,78.23971926074408,112,48.0,-110.0,0.43
07:44:18,151.87,52.0,256.0,24.0,150.88,40.0,257.0,18.0,203.93,104.13,92.0,42.0,80.09355922919175,134,50.0,22.0,0.37
07:44:19,151.0,56.0,255.5,32.0,150.0,40.0,300.0,12.0,203.25,104.5,96.0,44.0,35.74788077634863,140,52.0,6.0,0.37
07:44:20,151.94,123.0,253.02,45.0,150.94,82.0,290.75,16.0,202.48,101.08000000000001,205.0,61.0,22.912814536848845,266,144.0,126.0,0.54
07:44:21,152.0,98.0,164.5,40.0,151.0,70.0,260.4,10.0,158.25,12.5,168.0,50.0,20.217286415343363,218,118.0,-48.0,0.54
07:44:22,152.0,80.0,163.64,56.0,151.0,105.0,293.38,32.0,157.82,11.639999999999986,185.0,88.0,24.7546264362851,273,97.0,55.0,0.36
07:44:23,152.0,64.0,161.62,32.0,151.0,112.0,163.0,64.0,156.81,9.620000000000005,176.0,96.0,24.785063445551692,272,80.0,-1.0,0.29
07:44:24,152.0,68.0,157.55,44.0,151.0,119.0,160.51,43.0,154.77,5.550000000000011,187.0,87.0,20.4226034089687,274,100.0,2.0,0.36
07:44:25,152.0,57.0,153.73,60.0,151.0,105.0,156.33,18.0,152.87,1.7299999999999898,162.0,78.0,2.2520390760414695,240,84.0,-34.0,0.35
07:44:26,151.05,66.0,266.17,36.0,150.54,39.0,334.8,25.0,208.61,115.12,105.0,61.0,23.79777048380836,166,44.0,-74.0,0.27
07:44:27,150.95,88.0,308.34,35.0,149.63,38.0,346.22,32.0,229.65,157.39,126.0,67.0,36.02968109767313,193,59.0,27.0,0.31
07:44:28,150.97,29.0,288.0,24.0,149.67,21.0,290.0,16.0,219.48,137.03,50.0,40.0,36.606030650700546,90,10.0,-103.0,0.11
07:44:29,149.05,59.0,273.8,46.0,148.18,119.0,363.71,42.0,211.43,124.75,178.0,88.0,29.947681379366106,266,90.0,168.0,0.34
07:44:30,149.0,28.0,220.0,16.0,147.89,47.0,255.53,15.0,184.5,71.0,75.0,31.0,16.78932786028175,106,44.0,-160.0,0.42
07:44:31,149.0,40.0,200.36,25.0,147.0,50.0,254.32,19.0,174.68,51.360000000000014,90.0,44.0,23.41290605627655,134,46.0,28.0,0.34
07:44:32,149.0,37.0,224.55,33.0,147.0,55.0,307.82,22.0,186.77,75.55000000000001,92.0,55.0,19.101103894802225,147,37.0,13.0,0.25
07:44:33,149.0,30.0,224.0,24.0,147.58,12.0,575.8,20.0,186.5,75.0,42.0,44.0,13.595857089570607,86,-2.0,-61.0,-0.02
07:44:34,149.0,91.0,200.81,43.0,148.0,13.0,240.51,37.0,174.91,51.81,104.0,80.0,6.158520114445139,184,24.0,98.0,0.13
07:44:35,149.0,52.0,189.85,41.0,148.0,10.0,197.25,36.0,169.43,40.849999999999994,62.0,77.0,7.780255137206265,139,-15.0,-45.0,-0.11
07:44:36,149.0,60.0,151.57,40.0,148.0,12.0,153.07,54.0,150.29,2.569999999999993,72.0,94.0,15.019304244871774,166,-22.0,27.0,-0.13
