Time,Bid1,Bid2,Ask1,Ask2,Mid-Price,Total_volume,Bid_ask_spread,Order_imbalance
07:30:00,"[0, 0]","[0, 0]","[0, 0]","[0, 0]",0.0,0,0.0,0.0
07:30:03,"[0, 0]","[0, 0]","[407.86, 7]","[408.0, 4]",203.93,11,407.86,-1.0
07:30:04,"[1.17, 18]","[0, 0]","[366.7, 10]","[395.62, 13]",183.93,41,365.53,-0.12
07:30:05,"[3.33, 9]","[0, 0]","[352.5, 4]","[356.0, 5]",177.92,18,349.17,0.0
07:30:06,"[215.38, 16]","[170.53, 17]","[339.17, 12]","[349.8, 10]",277.27,55,123.79,0.2
07:30:07,"[324.26, 38]","[311.58, 31]","[332.9, 20]","[346.46, 13]",328.58,102,8.64,0.35
07:30:08,"[329.82, 22]","[327.0, 18]","[332.7, 10]","[337.75, 16]",331.26,66,2.88,0.21
07:30:09,"[330.0, 16]","[329.0, 16]","[333.93, 30]","[336.38, 16]",331.97,78,3.93,-0.18
07:30:10,"[329.54, 26]","[324.76, 34]","[333.0, 52]","[338.38, 26]",331.27,138,3.46,-0.13
07:30:11,"[306.51, 90]","[301.95, 19]","[331.89, 36]","[339.0, 18]",319.2,163,25.38,0.34
07:30:12,"[322.33, 81]","[317.07, 95]","[331.8, 40]","[343.91, 22]",327.07,238,9.47,0.48
07:30:13,"[324.01, 210]","[323.43, 69]","[331.49, 35]","[354.33, 30]",327.75,344,7.48,0.62
07:30:14,"[324.02, 159]","[323.54, 84]","[329.65, 46]","[333.29, 34]",326.84,323,5.63,0.5
07:30:15,"[324.0, 132]","[323.0, 33]","[330.0, 33]","[334.0, 22]",327.0,220,6.0,0.5
07:30:16,"[324.0, 108]","[323.0, 27]","[329.11, 27]","[334.22, 18]",326.56,180,5.11,0.5
07:30:17,"[324.0, 174]","[323.0, 24]","[328.5, 24]","[335.0, 16]",326.25,238,4.5,0.66
07:30:18,"[324.01, 158]","[323.38, 63]","[327.07, 45]","[332.0, 32]",325.54,298,3.05,0.48
07:30:19,"[324.31, 35]","[323.96, 138]","[326.54, 37]","[333.15, 26]",325.43,236,2.23,0.47
07:30:20,"[324.02, 195]","[323.43, 84]","[333.26, 68]","[338.36, 50]",328.64,397,9.25,0.41
07:30:21,"[324.0, 168]","[323.0, 42]","[331.37, 67]","[332.32, 31]",327.69,308,7.37,0.36
07:30:22,"[324.0, 113]","[323.0, 42]","[328.83, 54]","[330.1, 39]",326.42,248,4.83,0.25
07:30:23,"[324.0, 67]","[323.0, 33]","[326.53, 19]","[327.04, 47]",325.26,166,2.53,0.2
07:30:24,"[324.0, 14]","[323.0, 21]","[325.71, 7]","[327.0, 35]",324.86,77,1.71,-0.09
07:30:25,"[324.0, 9]","[323.0, 21]","[326.48, 27]","[334.86, 35]",325.24,92,2.48,-0.35
07:30:26,"[323.4, 20]","[313.29, 68]","[328.0, 48]","[338.75, 60]",325.7,196,4.6,-0.1
07:30:27,"[323.0, 48]","[316.64, 72]","[336.71, 31]","[337.5, 70]",329.85,221,13.71,0.09
07:30:28,"[327.94, 68]","[322.6, 40]","[335.3, 20]","[336.5, 44]",331.62,172,7.36,0.26
07:30:29,"[329.57, 42]","[326.43, 49]","[334.0, 14]","[335.84, 86]",331.79,191,4.43,-0.05
07:30:30,"[331.0, 32]","[330.0, 16]","[333.38, 16]","[336.93, 136]",332.19,200,2.38,-0.52
07:30:31,"[331.5, 20]","[330.0, 12]","[334.77, 26]","[336.14, 58]",333.13,116,3.27,-0.45
07:30:32,"[330.74, 19]","[327.53, 17]","[338.53, 60]","[339.32, 47]",334.64,143,7.8,-0.5
07:30:33,"[329.0, 20]","[328.0, 28]","[342.0, 35]","[344.0, 14]",335.5,97,13.0,-0.01
07:30:34,"[329.0, 14]","[328.0, 48]","[343.63, 27]","[344.96, 57]",336.31,146,14.63,-0.15
07:30:35,"[329.0, 5]","[328.0, 20]","[344.0, 10]","[345.0, 25]",336.5,60,15.0,-0.17
07:30:36,"[329.0, 15]","[328.0, 60]","[342.87, 60]","[344.0, 35]",335.93,170,13.87,-0.12
07:30:37,"[329.0, 10]","[328.0, 40]","[342.0, 40]","[344.27, 56]",335.5,146,13.0,-0.32
07:30:38,"[329.0, 9]","[328.0, 36]","[341.44, 36]","[343.14, 29]",335.22,110,12.44,-0.18
07:30:39,"[329.0, 17]","[328.0, 68]","[340.29, 68]","[342.09, 55]",334.65,208,11.29,-0.18
07:30:40,"[328.06, 16]","[324.84, 19]","[338.46, 69]","[339.67, 75]",333.26,179,10.4,-0.61
07:30:41,"[324.43, 28]","[317.73, 45]","[335.83, 72]","[337.6, 81]",330.13,226,11.4,-0.35
07:30:42,"[324.0, 32]","[323.0, 80]","[335.16, 77]","[337.34, 67]",329.58,256,11.16,-0.12
07:30:43,"[324.0, 20]","[323.0, 50]","[335.76, 42]","[342.47, 68]",329.88,180,11.76,-0.22
07:30:44,"[324.0, 20]","[323.0, 50]","[334.1, 50]","[336.0, 40]",329.05,160,10.1,-0.12
07:30:45,"[328.0, 13]","[324.0, 26]","[332.78, 64]","[341.56, 62]",330.39,165,4.78,-0.53
07:30:46,"[327.6, 20]","[323.88, 41]","[329.79, 95]","[336.63, 95]",328.69,251,2.19,-0.51
07:30:47,"[323.29, 56]","[322.71, 56]","[325.61, 77]","[327.15, 68]",324.45,257,2.32,-0.13
07:30:48,"[322.58, 36]","[313.95, 62]","[324.0, 68]","[336.09, 79]",323.29,245,1.42,-0.2
07:30:49,"[315.33, 27]","[311.56, 95]","[323.64, 44]","[339.0, 48]",319.48,214,8.3,0.14
07:30:50,"[313.0, 88]","[309.0, 25]","[321.57, 35]","[330.73, 44]",317.29,192,8.57,0.18
07:30:51,"[316.0, 12]","[313.0, 84]","[321.0, 36]","[322.0, 48]",318.5,180,5.0,0.07
07:30:52,"[316.0, 9]","[313.0, 63]","[320.0, 36]","[321.0, 27]",318.0,135,4.0,0.07
07:30:53,"[316.07, 14]","[313.03, 92]","[318.3, 61]","[323.71, 42]",317.18,209,2.22,0.01
07:30:54,"[311.45, 77]","[310.42, 69]","[316.91, 44]","[318.0, 51]",314.18,241,5.45,0.21
07:30:55,"[311.0, 43]","[309.0, 26]","[317.54, 35]","[328.71, 55]",314.27,159,6.54,-0.13
07:30:56,"[311.0, 39]","[309.0, 26]","[317.8, 41]","[329.72, 61]",314.4,167,6.8,-0.22
07:30:57,"[311.26, 34]","[310.08, 39]","[317.0, 60]","[318.0, 48]",314.13,181,5.74,-0.19
07:30:58,"[313.89, 18]","[309.0, 60]","[317.0, 30]","[318.0, 54]",315.44,162,3.11,-0.04
07:30:59,"[307.22, 27]","[301.11, 36]","[318.0, 24]","[328.0, 24]",312.61,111,10.78,0.14
07:31:00,"[305.0, 54]","[302.0, 28]","[317.38, 26]","[322.29, 42]",311.19,150,12.38,0.09
07:31:01,"[305.0, 36]","[302.0, 24]","[316.0, 12]","[323.25, 61]",310.5,133,11.0,-0.1
07:31:02,"[305.05, 19]","[302.6, 15]","[316.0, 7]","[320.0, 32]",310.53,73,10.95,-0.07
07:31:03,"[306.44, 9]","[305.21, 19]","[316.0, 9]","[318.0, 36]",311.22,73,9.56,-0.23
07:31:04,"[307.3, 10]","[306.0, 10]","[316.0, 10]","[318.0, 40]",311.65,70,8.7,-0.43
07:31:05,"[310.27, 15]","[304.56, 25]","[316.0, 15]","[318.0, 60]",313.13,115,5.73,-0.3
07:31:06,"[311.0, 10]","[302.0, 30]","[316.62, 13]","[319.45, 44]",313.81,97,5.62,-0.18
07:31:07,"[311.29, 14]","[303.88, 56]","[316.71, 56]","[321.74, 70]",314.0,196,5.43,-0.29
07:31:08,"[313.08, 12]","[304.58, 60]","[316.0, 48]","[318.0, 48]",314.54,168,2.92,-0.14
07:31:09,"[314.0, 13]","[303.33, 45]","[318.96, 23]","[323.52, 54]",316.48,135,4.96,-0.14
07:31:10,"[306.22, 23]","[301.82, 49]","[320.0, 11]","[321.0, 22]",313.11,105,13.78,0.37
07:31:11,"[301.45, 44]","[296.65, 92]","[320.46, 13]","[325.94, 51]",310.96,200,19.01,0.36
07:31:12,"[301.73, 11]","[297.71, 45]","[311.0, 18]","[325.0, 9]",306.36,83,9.27,0.35
07:31:13,"[302.0, 16]","[300.06, 64]","[316.69, 32]","[323.8, 40]",309.34,152,14.69,0.05
07:31:14,"[305.56, 9]","[301.07, 30]","[321.0, 29]","[323.0, 18]",313.28,86,15.44,-0.09
07:31:15,"[302.5, 8]","[301.2, 20]","[320.45, 11]","[322.54, 13]",311.48,52,17.95,0.08
07:31:16,"[303.67, 9]","[302.0, 9]","[320.0, 18]","[321.0, 9]",311.83,45,16.33,-0.2
07:31:17,"[306.88, 16]","[302.86, 98]","[319.39, 46]","[320.39, 23]",313.13,183,12.52,0.25
07:31:18,"[310.67, 15]","[307.8, 20]","[319.0, 60]","[320.0, 42]",314.83,137,8.33,-0.49
07:31:19,"[313.44, 16]","[312.44, 16]","[319.0, 64]","[320.0, 48]",316.22,144,5.56,-0.56
07:31:20,"[317.58, 36]","[314.4, 15]","[319.33, 54]","[320.94, 51]",318.46,156,1.75,-0.35
07:31:21,"[317.89, 113]","[312.3, 20]","[319.4, 42]","[320.87, 47]",318.65,222,1.51,0.2
07:31:22,"[306.99, 176]","[305.06, 34]","[319.2, 60]","[320.89, 19]",313.09,289,12.21,0.45
07:31:23,"[307.0, 120]","[305.0, 10]","[318.4, 40]","[323.0, 13]",312.7,183,11.4,0.42
07:31:24,"[308.91, 66]","[306.96, 55]","[318.0, 40]","[323.0, 72]",313.45,233,9.09,0.04
07:31:25,"[311.99, 83]","[310.86, 43]","[317.06, 85]","[320.17, 92]",314.52,303,5.07,-0.17
07:31:26,"[313.0, 14]","[312.0, 84]","[316.85, 26]","[321.14, 56]",314.92,180,3.85,0.09
07:31:27,"[313.5, 16]","[312.0, 96]","[321.71, 42]","[323.62, 64]",317.61,218,8.21,0.03
07:31:28,"[314.9, 62]","[312.63, 57]","[321.73, 45]","[323.42, 64]",318.32,228,6.83,0.04
07:31:29,"[316.28, 18]","[315.0, 108]","[320.0, 36]","[321.32, 50]",318.14,212,3.72,0.19
07:31:30,"[315.48, 87]","[308.49, 80]","[318.94, 34]","[321.86, 56]",317.21,257,3.46,0.3
07:31:31,"[316.91, 66]","[306.0, 99]","[321.5, 14]","[324.77, 26]",319.2,205,4.59,0.61
07:31:32,"[317.5, 108]","[306.25, 144]","[322.67, 18]","[325.0, 72]",320.08,342,5.17,0.47
07:31:33,"[318.12, 102]","[310.0, 51]","[321.35, 17]","[325.23, 62]",319.74,232,3.24,0.32
07:31:34,"[318.71, 41]","[309.31, 48]","[324.18, 34]","[326.03, 32]",321.44,155,5.47,0.15
07:31:35,"[312.12, 33]","[309.19, 26]","[325.0, 42]","[328.0, 14]",318.56,115,12.88,0.03
07:31:36,"[322.14, 37]","[318.63, 27]","[325.0, 39]","[328.0, 13]",323.57,116,2.86,0.1
07:31:37,"[323.0, 15]","[322.0, 10]","[325.0, 15]","[328.0, 5]",324.0,45,2.0,0.11
07:31:38,"[323.0, 33]","[322.0, 22]","[325.0, 33]","[328.0, 11]",324.0,99,2.0,0.11
07:31:39,"[323.0, 24]","[322.0, 16]","[325.0, 24]","[328.0, 8]",324.0,72,2.0,0.11
07:31:40,"[322.15, 13]","[313.86, 14]","[325.0, 15]","[328.0, 5]",323.58,47,2.85,0.15
07:31:41,"[322.33, 27]","[321.0, 18]","[325.0, 27]","[328.0, 9]",323.67,81,2.67,0.11
07:31:42,"[322.38, 26]","[316.96, 25]","[326.11, 19]","[329.75, 32]",324.24,102,3.72,0.0
07:31:43,"[317.67, 18]","[311.69, 32]","[328.0, 9]","[330.0, 36]",322.83,95,10.33,0.05
07:31:44,"[310.62, 39]","[303.05, 61]","[327.44, 9]","[329.52, 21]",319.03,130,16.83,0.54
07:31:45,"[316.55, 44]","[307.33, 60]","[327.0, 12]","[328.0, 12]",321.77,128,10.45,0.62
07:31:46,"[322.06, 35]","[311.18, 61]","[326.92, 13]","[328.0, 13]",324.49,122,4.87,0.57
07:31:47,"[317.68, 28]","[319.4, 60]","[325.2, 20]","[327.71, 35]",321.44,143,7.52,0.23
07:31:48,"[310.0, 36]","[309.0, 36]","[329.74, 35]","[447.0, 34]",319.87,141,19.74,0.02
07:31:49,"[317.7, 10]","[309.88, 24]","[335.83, 24]","[410.6, 20]",326.77,78,18.13,-0.13
07:31:50,"[311.14, 28]","[309.8, 30]","[329.39, 41]","[392.18, 22]",320.27,121,18.25,-0.04
07:31:51,"[311.0, 30]","[310.0, 30]","[325.0, 86]","[330.7, 40]",318.0,186,14.0,-0.35
07:31:52,"[311.15, 39]","[310.21, 42]","[325.2, 121]","[336.71, 56]",318.18,258,14.04,-0.37
07:31:53,"[313.0, 24]","[310.17, 36]","[331.0, 48]","[408.31, 39]",322.0,147,18.0,-0.18
07:31:54,"[322.92, 26]","[309.83, 46]","[331.0, 52]","[361.31, 49]",326.96,173,8.08,-0.17
07:31:55,"[329.0, 28]","[325.05, 38]","[331.0, 56]","[416.36, 56]",330.0,178,2.0,-0.26
07:31:56,"[329.0, 24]","[328.0, 36]","[330.25, 48]","[379.33, 48]",329.62,156,1.25,-0.23
07:31:57,"[328.73, 22]","[326.6, 30]","[330.0, 44]","[336.0, 44]",329.36,140,1.27,-0.26
07:31:58,"[326.46, 26]","[322.62, 26]","[329.69, 52]","[336.0, 52]",328.08,156,3.23,-0.33
07:31:59,"[317.17, 23]","[313.12, 32]","[328.52, 54]","[333.48, 54]",322.85,163,11.34,-0.33
07:32:00,"[321.0, 48]","[310.14, 28]","[324.67, 60]","[327.0, 48]",322.83,184,3.67,-0.17
07:32:01,"[317.93, 54]","[309.27, 103]","[323.71, 85]","[328.59, 68]",320.82,310,5.78,0.01
07:32:02,"[313.86, 56]","[310.0, 28]","[322.13, 45]","[324.19, 67]",318.0,196,8.28,-0.14
07:32:03,"[316.91, 44]","[318.02, 110]","[322.09, 46]","[334.28, 78]",319.5,278,5.18,0.11
07:32:04,"[322.91, 11]","[321.45, 22]","[330.0, 44]","[433.64, 44]",326.45,121,7.09,-0.45
07:32:05,"[323.0, 5]","[322.0, 5]","[330.0, 20]","[438.0, 20]",326.5,50,7.0,-0.6
07:32:06,"[324.07, 29]","[323.67, 21]","[366.11, 36]","[490.11, 36]",345.09,122,42.04,-0.18
07:32:07,"[325.0, 11]","[324.0, 82]","[331.0, 44]","[400.5, 32]",328.0,169,6.0,0.1
07:32:08,"[324.47, 15]","[323.9, 63]","[331.0, 28]","[338.0, 14]",327.73,120,6.53,0.3
07:32:09,"[324.0, 60]","[322.0, 36]","[331.0, 48]","[338.0, 24]",327.5,168,7.0,0.14
07:32:10,"[324.0, 49]","[322.0, 7]","[330.5, 24]","[332.91, 22]",327.25,102,6.5,0.1
07:32:11,"[324.0, 238]","[322.0, 18]","[327.98, 56]","[329.2, 70]",325.99,382,3.98,0.34
07:32:12,"[324.0, 111]","[322.0, 11]","[327.74, 35]","[330.6, 40]",325.87,197,3.74,0.24
07:32:13,"[324.0, 24]","[322.0, 6]","[333.0, 14]","[334.87, 30]",328.5,74,9.0,-0.19
07:32:14,"[324.0, 28]","[322.0, 7]","[332.0, 14]","[334.06, 34]",328.0,83,8.0,-0.16
07:32:15,"[323.82, 66]","[322.67, 24]","[329.79, 38]","[330.89, 70]",326.8,198,5.97,-0.09
07:32:16,"[323.0, 64]","[322.0, 16]","[327.14, 56]","[328.8, 40]",325.07,176,4.14,-0.09
07:32:17,"[323.0, 36]","[322.0, 9]","[326.11, 36]","[328.0, 18]",324.56,99,3.11,-0.09
07:32:18,"[323.0, 56]","[322.0, 14]","[325.13, 30]","[326.07, 54]",324.07,154,2.13,-0.09
07:32:19,"[322.43, 14]","[321.02, 98]","[329.25, 32]","[331.65, 37]",325.84,181,6.82,0.24
07:32:20,"[323.88, 99]","[321.1, 80]","[330.12, 24]","[331.67, 42]",327.0,245,6.25,0.46
07:32:21,"[324.31, 58]","[323.84, 61]","[328.5, 32]","[330.29, 14]",326.41,165,4.19,0.44
07:32:22,"[325.11, 18]","[324.0, 72]","[328.0, 27]","[330.94, 17]",326.56,134,2.89,0.34
07:32:23,"[326.0, 28]","[324.0, 84]","[327.5, 42]","[331.82, 22]",326.75,176,1.5,0.27
07:32:24,"[324.38, 47]","[322.96, 73]","[328.96, 25]","[334.7, 20]",326.67,165,4.58,0.45
07:32:25,"[322.0, 15]","[321.0, 105]","[331.74, 35]","[333.2, 46]",326.87,201,9.74,0.19
07:32:26,"[321.39, 46]","[320.89, 74]","[330.98, 66]","[333.3, 27]",326.19,213,9.59,0.13
07:32:27,"[322.0, 30]","[320.5, 28]","[329.87, 38]","[331.81, 26]",325.93,122,7.87,-0.05
07:32:28,"[322.0, 42]","[319.0, 14]","[329.78, 37]","[336.61, 38]",325.89,131,7.78,-0.15
07:32:29,"[322.57, 35]","[321.25, 20]","[331.0, 20]","[339.14, 22]",326.79,97,8.43,0.13
07:32:30,"[324.0, 56]","[322.0, 42]","[330.18, 55]","[334.64, 33]",327.09,186,6.18,0.05
07:32:31,"[325.39, 72]","[322.0, 54]","[331.22, 36]","[339.0, 54]",328.31,216,5.83,0.17
07:32:32,"[326.81, 84]","[322.0, 63]","[333.68, 57]","[337.28, 58]",330.25,262,6.87,0.12
07:32:33,"[327.0, 26]","[323.2, 20]","[335.0, 16]","[337.0, 24]",331.0,86,8.0,0.07
07:32:34,"[327.92, 26]","[325.0, 26]","[334.83, 29]","[336.89, 38]",331.38,119,6.9,-0.13
07:32:35,"[323.17, 41]","[318.23, 52]","[333.66, 89]","[335.81, 37]",328.42,219,10.49,-0.15
07:32:36,"[322.77, 39]","[320.57, 42]","[325.8, 50]","[330.15, 41]",324.28,172,3.03,-0.06
07:32:37,"[322.07, 42]","[315.56, 70]","[323.74, 31]","[325.0, 28]",322.91,171,1.67,0.31
07:32:38,"[324.35, 23]","[314.25, 56]","[338.56, 89]","[340.0, 70]",331.45,238,14.21,-0.34
07:32:39,"[331.0, 14]","[322.0, 7]","[340.0, 56]","[341.0, 35]",335.5,112,9.0,-0.62
07:32:40,"[331.0, 20]","[324.76, 38]","[340.0, 65]","[341.0, 50]",335.5,173,9.0,-0.33
07:32:41,"[331.0, 32]","[325.0, 80]","[340.0, 48]","[341.0, 100]",335.5,260,9.0,-0.14
07:32:42,"[331.0, 16]","[325.0, 40]","[340.0, 24]","[341.0, 56]",335.5,136,9.0,-0.18
07:32:43,"[331.0, 14]","[325.0, 35]","[340.0, 21]","[341.0, 49]",335.5,119,9.0,-0.18
07:32:44,"[331.0, 16]","[325.73, 55]","[340.94, 52]","[355.55, 29]",335.97,152,9.94,-0.07
07:32:45,"[327.23, 65]","[325.65, 99]","[341.0, 105]","[342.0, 30]",334.12,299,13.77,0.1
07:32:46,"[326.29, 69]","[325.68, 101]","[340.35, 99]","[341.11, 90]",333.32,359,14.06,-0.05
07:32:47,"[327.88, 34]","[326.0, 119]","[336.65, 17]","[339.37, 41]",332.26,211,8.76,0.45
07:32:48,"[328.77, 22]","[326.0, 147]","[333.57, 21]","[334.57, 21]",331.17,211,4.8,0.6
07:32:49,"[330.18, 11]","[326.0, 77]","[332.91, 11]","[333.91, 11]",331.55,110,2.73,0.6
07:32:50,"[326.23, 110]","[324.88, 80]","[332.1, 20]","[333.5, 20]",329.16,230,5.87,0.65
07:32:51,"[326.0, 91]","[324.0, 39]","[330.46, 13]","[333.0, 13]",328.23,156,4.46,0.67
07:32:52,"[326.0, 117]","[324.0, 33]","[335.36, 11]","[339.05, 39]",330.68,200,9.36,0.5
07:32:53,"[326.0, 132]","[324.0, 33]","[336.24, 45]","[338.39, 23]",331.12,233,10.24,0.42
07:32:54,"[326.0, 84]","[324.0, 21]","[337.0, 35]","[340.0, 7]",331.5,147,11.0,0.43
07:32:55,"[326.0, 76]","[324.0, 24]","[337.0, 40]","[340.0, 8]",331.5,148,11.0,0.35
07:32:56,"[326.0, 62]","[324.0, 24]","[336.25, 40]","[340.0, 8]",331.12,134,10.25,0.28
07:32:57,"[326.0, 48]","[324.0, 24]","[335.95, 37]","[339.5, 12]",330.97,121,9.95,0.19
07:32:58,"[326.0, 50]","[324.0, 30]","[333.5, 20]","[337.2, 50]",329.75,150,7.5,0.07
07:32:59,"[328.06, 67]","[326.77, 81]","[333.0, 32]","[338.0, 80]",330.53,260,4.94,0.14
07:33:00,"[328.78, 36]","[325.54, 52]","[336.4, 42]","[337.43, 44]",332.59,174,7.63,0.01
07:33:01,"[327.77, 52]","[325.49, 47]","[334.0, 14]","[336.0, 70]",330.88,183,6.23,0.08
07:33:02,"[328.0, 52]","[326.0, 36]","[334.0, 12]","[339.0, 60]",331.0,160,6.0,0.1
07:33:03,"[328.83, 36]","[326.0, 36]","[333.5, 12]","[342.0, 60]",331.17,144,4.67,0.0
07:33:04,"[329.0, 45]","[326.0, 45]","[333.0, 15]","[342.0, 75]",331.0,180,4.0,0.0
07:33:05,"[332.0, 91]","[329.0, 30]","[333.0, 10]","[341.41, 34]",332.5,165,1.0,0.47
07:33:06,"[332.0, 36]","[329.25, 24]","[333.0, 8]","[337.0, 8]",332.5,76,1.0,0.58
07:33:07,"[332.0, 24]","[329.79, 57]","[333.0, 8]","[341.86, 36]",332.5,125,1.0,0.3
07:33:08,"[332.0, 18]","[330.0, 84]","[333.0, 6]","[342.0, 30]",332.5,138,1.0,0.48
07:33:09,"[332.0, 26]","[330.0, 168]","[340.44, 48]","[341.76, 34]",336.22,276,8.44,0.41
07:33:10,"[332.0, 26]","[330.0, 182]","[339.0, 65]","[340.31, 65]",335.5,338,7.0,0.23
07:33:11,"[332.0, 28]","[330.0, 196]","[338.43, 70]","[340.0, 70]",335.21,364,6.43,0.23
07:33:12,"[332.0, 18]","[331.0, 27]","[338.0, 45]","[341.95, 37]",335.0,127,6.0,-0.29
07:33:13,"[332.0, 18]","[331.0, 27]","[338.0, 45]","[343.33, 27]",335.0,117,6.0,-0.23
07:33:14,"[332.0, 8]","[331.0, 12]","[338.0, 20]","[342.0, 12]",335.0,52,6.0,-0.23
07:33:15,"[332.0, 14]","[331.0, 21]","[337.29, 35]","[342.0, 21]",334.64,91,5.29,-0.23
07:33:16,"[333.92, 36]","[332.0, 24]","[336.96, 57]","[342.13, 38]",335.44,155,3.05,-0.23
07:33:17,"[334.0, 30]","[332.0, 24]","[335.79, 33]","[338.33, 54]",334.89,141,1.79,-0.23
07:33:18,"[334.0, 11]","[332.0, 22]","[335.45, 55]","[344.64, 11]",334.73,99,1.45,-0.33
07:33:19,"[332.25, 16]","[331.16, 25]","[338.71, 17]","[345.83, 23]",335.48,81,6.46,0.01
07:33:20,"[331.2, 30]","[330.07, 121]","[344.0, 11]","[346.0, 33]",337.6,195,12.8,0.55
07:33:21,"[332.71, 21]","[331.0, 42]","[344.0, 14]","[346.0, 42]",338.36,119,11.29,0.06
07:33:22,"[330.17, 89]","[326.58, 57]","[342.55, 33]","[344.8, 15]",336.36,194,12.38,0.51
07:33:23,"[330.0, 184]","[325.09, 113]","[339.68, 38]","[344.86, 42]",334.84,377,9.68,0.58
07:33:24,"[330.0, 99]","[326.0, 18]","[341.44, 27]","[347.94, 31]",335.72,175,11.44,0.34
07:33:25,"[330.0, 132]","[326.0, 24]","[340.67, 36]","[346.24, 17]",335.33,209,10.67,0.49
07:33:26,"[330.05, 111]","[328.93, 75]","[338.69, 49]","[340.7, 44]",334.37,279,8.65,0.33
07:33:27,"[330.0, 133]","[326.0, 30]","[334.79, 57]","[336.0, 48]",332.39,268,4.79,0.22
07:33:28,"[330.0, 104]","[326.0, 26]","[332.15, 52]","[335.0, 39]",331.08,221,2.15,0.18
07:33:29,"[330.0, 88]","[326.0, 22]","[332.0, 44]","[335.0, 33]",331.0,187,2.0,0.18
07:33:30,"[328.08, 50]","[325.12, 68]","[329.95, 63]","[331.73, 55]",329.02,236,1.87,0.0
07:33:31,"[324.28, 54]","[323.49, 47]","[326.02, 40]","[327.64, 39]",325.15,180,1.75,0.12
07:33:32,"[324.81, 43]","[323.8, 40]","[326.0, 38]","[339.5, 40]",325.41,161,1.19,0.03
07:33:33,"[324.0, 48]","[321.86, 21]","[325.04, 47]","[339.57, 70]",324.52,186,1.04,-0.26
07:33:34,"[324.0, 55]","[321.0, 10]","[331.56, 16]","[340.42, 67]",327.78,148,7.56,-0.12
07:33:35,"[324.0, 15]","[321.0, 3]","[340.0, 21]","[347.0, 12]",332.0,51,16.0,-0.29
07:33:36,"[324.0, 45]","[321.0, 9]","[338.22, 37]","[339.56, 57]",331.11,148,14.22,-0.27
07:33:37,"[324.0, 71]","[321.0, 15]","[334.87, 75]","[336.27, 75]",329.43,236,10.87,-0.27
07:33:38,"[324.49, 43]","[321.86, 14]","[331.59, 51]","[332.81, 47]",328.04,155,7.1,-0.26
07:33:39,"[324.07, 43]","[321.86, 14]","[329.0, 11]","[330.0, 55]",326.53,123,4.93,-0.07
07:33:40,"[325.21, 28]","[324.0, 44]","[328.45, 11]","[330.0, 55]",326.83,138,3.24,0.04
07:33:41,"[325.36, 22]","[322.86, 28]","[327.27, 11]","[330.17, 41]",326.32,102,1.91,-0.02
07:33:42,"[322.32, 25]","[316.0, 30]","[325.69, 32]","[329.78, 18]",324.0,105,3.37,0.05
07:33:43,"[319.0, 22]","[314.0, 23]","[324.91, 35]","[325.39, 31]",321.96,111,5.91,-0.19
07:33:44,"[319.0, 22]","[314.0, 11]","[323.54, 35]","[326.16, 31]",321.27,99,4.54,-0.33
07:33:45,"[316.22, 9]","[311.5, 12]","[332.0, 70]","[335.57, 28]",324.11,119,15.78,-0.65
07:33:46,"[314.0, 3]","[311.0, 6]","[332.0, 30]","[337.0, 12]",323.0,51,18.0,-0.65
07:33:47,"[314.0, 10]","[311.0, 20]","[332.0, 100]","[556.13, 47]",323.0,177,18.0,-0.66
07:33:48,"[321.23, 66]","[311.74, 19]","[332.0, 120]","[338.0, 48]",326.61,253,10.77,-0.33
07:33:49,"[313.0, 18]","[308.5, 6]","[332.0, 60]","[338.0, 24]",322.5,108,19.0,-0.56
07:33:50,"[313.0, 6]","[309.0, 2]","[332.0, 20]","[338.0, 8]",322.5,36,19.0,-0.56
07:33:51,"[313.0, 24]","[309.0, 8]","[331.81, 62]","[334.4, 50]",322.4,144,18.81,-0.56
07:33:52,"[313.0, 48]","[309.0, 16]","[321.16, 57]","[325.94, 67]",317.08,188,8.16,-0.32
07:33:53,"[313.7, 30]","[311.33, 12]","[315.75, 32]","[324.67, 48]",314.73,122,2.05,-0.31
07:33:54,"[315.15, 34]","[311.71, 14]","[321.2, 40]","[329.4, 40]",318.17,128,6.05,-0.25
07:33:55,"[326.0, 16]","[315.0, 24]","[329.0, 32]","[331.0, 16]",327.5,88,3.0,-0.09
07:33:56,"[327.78, 64]","[324.29, 28]","[329.0, 40]","[331.0, 20]",328.39,152,1.22,0.21
07:33:57,"[327.4, 45]","[326.15, 40]","[329.0, 44]","[331.0, 22]",328.2,151,1.6,0.13
07:33:58,"[327.0, 37]","[326.0, 70]","[328.44, 63]","[329.67, 42]",327.72,212,1.44,0.01
07:33:59,"[326.53, 30]","[325.44, 90]","[328.0, 74]","[331.71, 84]",327.27,278,1.47,-0.14
07:34:00,"[325.04, 100]","[319.73, 44]","[328.0, 60]","[332.0, 90]",326.52,294,2.96,-0.02
07:34:01,"[326.96, 47]","[325.01, 81]","[328.0, 36]","[332.0, 66]",327.48,230,1.04,0.11
07:34:02,"[323.85, 94]","[316.62, 97]","[330.76, 50]","[369.33, 54]",327.31,295,6.91,0.29
07:34:03,"[323.97, 127]","[319.16, 43]","[333.61, 46]","[335.43, 28]",328.79,244,9.64,0.39
07:34:04,"[325.0, 129]","[321.53, 102]","[334.0, 60]","[336.0, 30]",329.5,321,9.0,0.44
07:34:05,"[326.89, 93]","[324.54, 114]","[334.0, 64]","[336.0, 32]",330.45,303,7.11,0.37
07:34:06,"[333.0, 40]","[328.0, 20]","[334.0, 36]","[336.0, 20]",333.5,116,1.0,0.03
07:34:07,"[333.0, 22]","[328.0, 20]","[334.0, 20]","[336.0, 20]",333.5,82,1.0,0.02
07:34:08,"[333.0, 10]","[328.0, 20]","[334.0, 20]","[336.0, 20]",333.5,70,1.0,-0.14
07:34:09,"[328.03, 29]","[326.5, 40]","[331.0, 20]","[335.71, 14]",329.52,103,2.97,0.34
07:34:10,"[327.0, 80]","[326.0, 100]","[330.42, 38]","[336.0, 16]",328.71,234,3.42,0.54
07:34:11,"[327.0, 80]","[326.0, 100]","[332.29, 41]","[335.69, 13]",329.65,234,5.29,0.54
07:34:12,"[327.26, 54]","[326.24, 66]","[330.0, 28]","[335.71, 28]",328.63,176,2.74,0.36
07:34:13,"[328.47, 105]","[327.0, 120]","[330.0, 40]","[335.0, 60]",329.23,325,1.53,0.38
07:34:14,"[329.45, 75]","[326.91, 114]","[333.57, 49]","[336.78, 41]",331.51,279,4.12,0.35
07:34:15,"[327.57, 56]","[326.57, 108]","[335.46, 52]","[340.46, 26]",331.52,242,7.89,0.36
07:34:16,"[332.0, 24]","[330.33, 24]","[334.42, 60]","[336.33, 48]",333.21,156,2.42,-0.38
07:34:17,"[331.1, 20]","[327.11, 74]","[335.17, 36]","[339.25, 32]",333.13,162,4.07,0.16
07:34:18,"[331.0, 18]","[327.0, 72]","[335.0, 27]","[336.0, 36]",333.0,153,4.0,0.18
07:34:19,"[331.0, 20]","[327.0, 80]","[333.2, 30]","[339.4, 40]",332.1,170,2.2,0.18
07:34:20,"[327.08, 98]","[326.06, 128]","[331.72, 25]","[336.27, 45]",329.4,296,4.64,0.53
07:34:21,"[326.23, 104]","[325.41, 148]","[329.3, 30]","[329.96, 26]",327.77,308,3.07,0.64
07:34:22,"[326.0, 89]","[325.0, 121]","[331.57, 23]","[335.43, 42]",328.78,275,5.57,0.53
07:34:23,"[326.32, 85]","[324.62, 132]","[339.19, 74]","[342.4, 40]",332.75,331,12.87,0.31
07:34:24,"[329.94, 49]","[326.73, 45]","[339.38, 42]","[341.6, 60]",334.66,196,9.44,-0.04
07:34:25,"[327.0, 7]","[326.0, 14]","[339.0, 14]","[342.0, 28]",333.0,63,12.0,-0.33
07:34:26,"[327.0, 11]","[326.0, 22]","[335.27, 33]","[338.64, 25]",331.14,91,8.27,-0.27
07:34:27,"[328.32, 31]","[326.6, 30]","[335.95, 43]","[337.3, 37]",332.14,141,7.63,-0.13
07:34:28,"[330.0, 30]","[328.0, 20]","[335.0, 30]","[336.0, 20]",332.5,100,5.0,0.0
07:34:29,"[330.0, 42]","[328.0, 28]","[334.3, 37]","[335.09, 33]",332.15,140,4.3,0.0
07:34:30,"[330.0, 39]","[328.0, 26]","[331.33, 27]","[332.37, 27]",330.67,119,1.33,0.09
07:34:31,"[328.44, 27]","[327.61, 23]","[331.12, 32]","[342.49, 122]",329.78,204,2.68,-0.51
07:34:32,"[328.54, 13]","[327.82, 17]","[336.72, 29]","[343.93, 46]",332.63,105,8.19,-0.43
07:34:33,"[328.0, 24]","[327.0, 12]","[339.56, 36]","[340.37, 38]",333.78,110,11.56,-0.35
07:34:34,"[328.0, 16]","[327.0, 8]","[337.1, 20]","[338.5, 12]",332.55,56,9.1,-0.14
07:34:35,"[331.53, 34]","[327.83, 12]","[337.0, 21]","[338.0, 7]",334.26,74,5.47,0.24
07:34:36,"[332.0, 42]","[328.0, 24]","[335.74, 34]","[336.79, 14]",333.87,114,3.74,0.16
07:34:37,"[331.6, 30]","[327.86, 21]","[334.68, 22]","[335.19, 26]",333.14,99,3.08,0.03
07:34:38,"[329.14, 49]","[327.92, 13]","[332.86, 21]","[333.71, 31]",331.0,114,3.71,0.09
07:34:39,"[329.82, 34]","[326.74, 19]","[330.95, 19]","[332.82, 33]",330.39,105,1.12,0.01
07:34:40,"[326.4, 20]","[325.73, 22]","[328.77, 40]","[338.21, 42]",327.59,124,2.38,-0.32
07:34:41,"[325.4, 15]","[318.25, 12]","[326.93, 59]","[329.74, 35]",326.17,121,1.53,-0.55
07:34:42,"[317.2, 45]","[314.88, 25]","[323.99, 72]","[325.13, 85]",320.59,227,6.79,-0.38
07:34:43,"[316.0, 36]","[314.0, 12]","[320.85, 47]","[322.06, 53]",318.43,148,4.85,-0.35
07:34:44,"[316.0, 33]","[314.0, 11]","[317.76, 21]","[318.62, 37]",316.88,102,1.76,-0.14
07:34:45,"[315.2, 20]","[313.33, 12]","[318.58, 36]","[320.54, 52]",316.89,120,3.38,-0.47
07:34:46,"[314.0, 6]","[313.0, 6]","[319.0, 18]","[321.0, 30]",316.5,60,5.0,-0.6
07:34:47,"[315.62, 37]","[313.0, 9]","[319.0, 27]","[321.0, 45]",317.31,118,3.38,-0.22
07:34:48,"[316.5, 60]","[312.0, 12]","[319.0, 36]","[321.0, 60]",317.75,168,2.5,-0.14
07:34:49,"[317.0, 45]","[312.0, 9]","[319.0, 27]","[321.0, 45]",318.0,126,2.0,-0.14
07:34:50,"[316.31, 51]","[311.69, 13]","[319.88, 32]","[321.77, 47]",318.09,143,3.56,-0.1
07:34:51,"[314.86, 42]","[309.22, 18]","[321.0, 14]","[324.0, 28]",317.93,102,6.14,0.18
07:34:52,"[316.05, 20]","[310.0, 12]","[321.0, 10]","[324.0, 20]",318.52,62,4.95,0.03
07:34:53,"[316.0, 7]","[308.0, 7]","[321.0, 7]","[324.0, 14]",318.5,35,5.0,-0.2
07:34:54,"[316.0, 10]","[307.0, 10]","[321.0, 10]","[324.0, 20]",318.5,50,5.0,-0.2
07:34:55,"[316.82, 17]","[307.0, 17]","[321.9, 20]","[326.59, 58]",319.36,112,5.08,-0.39
07:34:56,"[318.0, 12]","[307.0, 12]","[324.0, 24]","[329.0, 120]",321.0,168,6.0,-0.71
07:34:57,"[318.0, 10]","[307.0, 10]","[324.0, 20]","[329.0, 100]",321.0,140,6.0,-0.71
07:34:58,"[318.0, 11]","[307.0, 11]","[324.0, 22]","[329.0, 110]",321.0,154,6.0,-0.71
07:34:59,"[313.6, 15]","[306.26, 27]","[322.77, 44]","[325.32, 38]",318.19,124,9.17,-0.32
07:35:00,"[307.0, 14]","[305.0, 14]","[322.0, 42]","[324.0, 28]",314.5,98,15.0,-0.43
07:35:01,"[310.42, 65]","[309.75, 71]","[321.17, 35]","[323.23, 35]",315.79,206,10.76,0.32
07:35:02,"[311.0, 60]","[310.0, 20]","[318.95, 41]","[318.73, 59]",314.98,180,7.95,-0.11
07:35:03,"[311.67, 27]","[310.0, 9]","[318.0, 18]","[321.0, 50]",314.83,104,6.33,-0.31
07:35:04,"[312.25, 36]","[310.0, 12]","[317.0, 24]","[321.0, 48]",314.62,120,4.75,-0.2
07:35:05,"[314.0, 57]","[309.16, 19]","[316.21, 38]","[321.77, 78]",315.11,192,2.21,-0.21
07:35:06,"[315.0, 36]","[309.76, 68]","[317.8, 20]","[322.13, 45]",316.4,169,2.8,0.23
07:35:07,"[315.0, 41]","[309.66, 35]","[323.45, 22]","[324.4, 20]",319.23,118,8.45,0.29
07:35:08,"[315.0, 50]","[306.0, 66]","[324.0, 40]","[325.0, 20]",319.5,176,9.0,0.32
07:35:09,"[316.43, 63]","[313.4, 47]","[324.0, 52]","[325.0, 26]",320.21,188,7.57,0.17
07:35:10,"[319.64, 66]","[317.0, 33]","[324.06, 32]","[326.2, 25]",321.85,156,4.43,0.27
07:35:11,"[320.88, 59]","[319.65, 83]","[323.02, 87]","[324.83, 36]",321.95,265,2.14,0.07
07:35:12,"[310.89, 36]","[306.82, 39]","[324.0, 22]","[326.0, 22]",317.44,119,13.11,0.26
07:35:13,"[306.0, 72]","[305.0, 16]","[322.18, 11]","[324.69, 13]",314.09,112,16.18,0.57
07:35:14,"[309.49, 55]","[304.51, 70]","[314.82, 22]","[320.23, 22]",312.15,169,5.33,0.48
07:35:15,"[306.0, 11]","[304.0, 110]","[313.0, 22]","[315.0, 11]",309.5,154,7.0,0.57
07:35:16,"[306.0, 10]","[304.0, 100]","[314.33, 12]","[317.4, 10]",310.17,132,8.33,0.67
07:35:17,"[306.0, 6]","[304.0, 60]","[318.11, 9]","[321.5, 10]",312.06,85,12.11,0.55
07:35:18,"[306.0, 14]","[304.0, 140]","[322.0, 74]","[325.0, 80]",314.0,308,16.0,0.0
07:35:19,"[306.0, 7]","[304.0, 70]","[340.84, 19]","[394.5, 28]",323.42,124,34.84,0.24
07:35:20,"[306.12, 8]","[304.03, 71]","[320.18, 22]","[354.73, 11]",313.15,112,14.06,0.41
07:35:21,"[309.0, 17]","[305.8, 71]","[315.64, 55]","[319.69, 42]",312.32,185,6.64,-0.05
07:35:22,"[311.0, 13]","[309.0, 39]","[314.0, 31]","[318.31, 39]",312.5,122,3.0,-0.15
07:35:23,"[312.0, 18]","[311.0, 6]","[314.0, 6]","[315.0, 18]",313.0,48,2.0,0.0
07:35:24,"[312.47, 45]","[311.0, 15]","[314.0, 15]","[315.0, 45]",313.23,120,1.53,0.0
07:35:25,"[313.13, 31]","[306.56, 45]","[314.89, 27]","[317.91, 33]",314.01,136,1.76,0.12
07:35:26,"[315.42, 24]","[304.12, 91]","[318.67, 36]","[320.76, 25]",317.04,176,3.25,0.31
07:35:27,"[305.21, 58]","[302.77, 52]","[319.0, 19]","[321.0, 22]",312.1,151,13.79,0.46
07:35:28,"[304.0, 90]","[302.0, 27]","[313.0, 50]","[320.78, 18]",308.5,185,9.0,0.26
07:35:29,"[304.83, 63]","[303.88, 60]","[313.0, 75]","[321.53, 30]",308.91,228,8.17,0.08
07:35:30,"[309.5, 38]","[307.96, 56]","[313.0, 60]","[322.0, 24]",311.25,178,3.5,0.06
07:35:31,"[311.12, 76]","[309.82, 60]","[313.88, 82]","[322.02, 84]",312.5,302,2.76,-0.1
07:35:32,"[311.67, 75]","[306.0, 15]","[322.0, 45]","[377.95, 21]",316.83,156,10.33,0.15
07:35:33,"[315.13, 55]","[313.46, 68]","[321.94, 34]","[358.36, 39]",318.53,196,6.81,0.26
07:35:34,"[323.95, 38]","[322.68, 22]","[374.25, 16]","[456.67, 24]",349.1,100,50.3,0.2
07:35:35,"[324.83, 46]","[323.0, 30]","[335.0, 10]","[484.1, 20]",329.91,106,10.17,0.43
07:35:36,"[323.15, 26]","[322.16, 19]","[433.09, 11]","[485.78, 18]",378.12,74,109.94,0.22
07:35:37,"[327.75, 59]","[322.57, 35]","[418.0, 11]","[438.0, 22]",372.87,127,90.25,0.48
07:35:38,"[323.0, 18]","[322.0, 50]","[521.32, 19]","[661.4, 30]",422.16,117,198.32,0.16
07:35:39,"[323.0, 54]","[322.0, 60]","[423.0, 39]","[480.71, 35]",373.0,188,100.0,0.21
07:35:40,"[322.44, 32]","[321.06, 51]","[324.0, 44]","[395.45, 44]",323.22,171,1.56,-0.03
07:35:41,"[322.0, 24]","[319.0, 32]","[372.5, 32]","[458.6, 20]",347.25,108,50.5,0.04
07:35:42,"[322.0, 47]","[319.0, 48]","[411.0, 50]","[445.57, 58]",366.5,203,89.0,-0.06
07:35:43,"[323.35, 34]","[321.44, 36]","[502.88, 42]","[557.17, 48]",413.12,160,179.53,-0.12
07:35:44,"[324.14, 58]","[323.43, 14]","[331.0, 50]","[408.5, 10]",327.57,132,6.86,0.09
07:35:45,"[327.0, 9]","[325.0, 36]","[333.85, 41]","[488.67, 12]",330.43,98,6.85,-0.08
07:35:46,"[327.63, 19]","[325.19, 31]","[509.0, 16]","[575.33, 36]",418.32,102,181.37,-0.02
07:35:47,"[325.55, 65]","[324.0, 88]","[518.33, 42]","[571.56, 36]",421.94,231,192.78,0.32
07:35:48,"[327.0, 52]","[324.01, 146]","[372.28, 58]","[465.09, 58]",349.64,314,45.28,0.26
07:35:49,"[328.11, 18]","[324.22, 46]","[410.88, 32]","[530.0, 40]",369.49,136,82.76,-0.06
07:35:50,"[331.0, 28]","[325.0, 28]","[413.95, 42]","[443.49, 41]",372.48,139,82.95,-0.19
07:35:51,"[331.0, 22]","[325.0, 22]","[367.43, 28]","[377.0, 30]",349.21,102,36.43,-0.14
07:35:52,"[324.32, 88]","[323.62, 13]","[336.57, 14]","[403.48, 31]",330.44,146,12.25,0.38
07:35:53,"[324.0, 39]","[323.0, 9]","[325.0, 9]","[456.86, 42]",324.5,99,1.0,-0.03
07:35:54,"[324.0, 15]","[323.0, 5]","[325.0, 5]","[440.96, 23]",324.5,48,1.0,-0.17
07:35:55,"[323.09, 34]","[321.5, 22]","[418.34, 61]","[540.53, 38]",370.72,155,95.26,-0.28
07:35:56,"[325.29, 28]","[322.83, 23]","[398.5, 50]","[496.5, 40]",361.89,141,73.21,-0.28
07:35:57,"[328.11, 36]","[327.0, 18]","[459.24, 34]","[519.41, 37]",393.67,125,131.12,-0.14
07:35:58,"[329.75, 32]","[327.0, 16]","[361.78, 9]","[412.09, 22]",345.76,79,32.03,0.22
07:35:59,"[332.0, 52]","[326.0, 39]","[361.0, 26]","[448.47, 34]",346.5,151,29.0,0.21
07:36:00,"[333.0, 40]","[326.0, 48]","[360.4, 20]","[458.0, 40]",346.7,148,27.4,0.19
07:36:01,"[333.0, 13]","[326.0, 106]","[359.0, 26]","[457.49, 49]",346.0,194,26.0,0.23
07:36:02,"[333.0, 10]","[326.0, 100]","[359.0, 20]","[516.73, 44]",346.0,174,26.0,0.26
07:36:03,"[326.28, 50]","[325.38, 52]","[358.5, 20]","[523.15, 13]",342.39,135,32.22,0.51
07:36:04,"[326.0, 30]","[325.0, 20]","[358.0, 10]","[502.2, 5]",342.0,65,32.0,0.54
07:36:05,"[326.32, 65]","[325.27, 44]","[357.0, 21]","[513.67, 12]",341.66,142,30.68,0.54
07:36:06,"[326.96, 53]","[325.8, 40]","[342.05, 19]","[596.45, 11]",334.51,123,15.09,0.51
07:36:07,"[331.0, 22]","[325.53, 17]","[338.57, 28]","[453.44, 32]",334.79,99,7.57,-0.21
07:36:08,"[331.0, 12]","[325.0, 24]","[339.8, 10]","[433.0, 17]",335.4,63,8.8,0.14
07:36:09,"[331.0, 26]","[325.47, 45]","[338.96, 46]","[343.76, 29]",334.98,146,7.96,-0.03
07:36:10,"[331.0, 24]","[326.0, 36]","[337.92, 51]","[338.96, 46]",334.46,157,6.92,-0.24
07:36:11,"[326.0, 7]","[325.0, 42]","[337.0, 28]","[338.0, 14]",331.5,91,11.0,0.08
07:36:12,"[326.0, 6]","[325.0, 36]","[336.67, 18]","[337.33, 18]",331.33,78,10.67,0.08
07:36:13,"[331.0, 48]","[326.0, 12]","[335.31, 26]","[336.87, 46]",333.15,132,4.31,-0.09
07:36:14,"[330.65, 43]","[325.36, 28]","[332.07, 28]","[333.04, 50]",331.36,149,1.42,-0.05
07:36:15,"[326.0, 12]","[325.0, 36]","[328.83, 48]","[331.0, 24]",327.42,120,2.83,-0.2
07:36:16,"[323.4, 30]","[322.49, 55]","[327.07, 54]","[331.0, 32]",325.24,171,3.67,-0.01
07:36:17,"[323.0, 21]","[321.87, 30]","[324.73, 11]","[326.62, 16]",323.86,78,1.73,0.31
07:36:18,"[320.67, 9]","[319.03, 29]","[323.88, 8]","[405.41, 37]",322.27,83,3.21,-0.08
07:36:19,"[319.69, 13]","[301.57, 42]","[350.33, 21]","[415.09, 53]",335.01,129,30.64,-0.15
07:36:20,"[304.61, 31]","[251.95, 38]","[335.0, 26]","[449.49, 53]",319.81,148,30.39,-0.07
07:36:21,"[230.0, 16]","[202.57, 23]","[332.11, 19]","[377.82, 22]",281.05,80,102.11,-0.03
07:36:22,"[293.43, 14]","[220.39, 18]","[334.0, 10]","[335.0, 20]",313.71,62,40.57,0.03
07:36:23,"[326.0, 14]","[318.48, 25]","[334.44, 18]","[403.8, 40]",330.22,97,8.44,-0.2
07:36:24,"[326.0, 14]","[325.0, 28]","[332.19, 26]","[334.68, 37]",329.1,105,6.19,-0.2
07:36:25,"[325.14, 28]","[323.26, 62]","[329.45, 33]","[329.56, 45]",327.3,168,4.31,0.07
07:36:26,"[325.0, 24]","[323.0, 72]","[328.0, 12]","[329.0, 60]",326.5,168,3.0,0.14
07:36:27,"[325.0, 10]","[323.0, 60]","[328.0, 10]","[329.0, 50]",326.5,130,3.0,0.08
07:36:28,"[324.14, 14]","[322.98, 49]","[326.65, 37]","[330.77, 13]",325.4,113,2.51,0.12
07:36:29,"[323.0, 91]","[322.0, 16]","[325.22, 46]","[332.36, 33]",324.11,186,2.22,0.15
07:36:30,"[323.0, 50]","[322.0, 10]","[336.64, 22]","[351.8, 20]",329.82,102,13.64,0.18
07:36:31,"[322.45, 11]","[319.23, 13]","[339.0, 14]","[354.91, 11]",330.73,49,16.55,-0.02
07:36:32,"[322.63, 19]","[253.89, 19]","[338.64, 22]","[366.4, 15]",330.63,75,16.0,0.01
07:36:33,"[316.87, 23]","[296.27, 22]","[337.78, 36]","[338.47, 30]",327.32,111,20.91,-0.19
07:36:34,"[329.31, 147]","[298.34, 29]","[337.0, 20]","[338.0, 40]",333.15,236,7.69,0.49
07:36:35,"[330.0, 188]","[325.0, 39]","[335.42, 48]","[338.0, 30]",332.71,305,5.42,0.49
07:36:36,"[330.0, 80]","[325.0, 21]","[334.0, 28]","[342.0, 14]",332.0,143,4.0,0.41
07:36:37,"[330.0, 54]","[325.0, 18]","[334.0, 24]","[342.0, 12]",332.0,108,4.0,0.33
07:36:38,"[330.0, 49]","[325.0, 21]","[334.0, 28]","[342.0, 14]",332.0,112,4.0,0.25
07:36:39,"[330.0, 77]","[325.0, 33]","[333.27, 44]","[338.36, 22]",331.64,176,3.27,0.25
07:36:40,"[330.0, 105]","[325.0, 45]","[332.07, 54]","[334.17, 46]",331.04,250,2.07,0.2
07:36:41,"[328.79, 57]","[325.15, 47]","[330.63, 57]","[338.15, 39]",329.71,200,1.84,0.04
07:36:42,"[325.0, 37]","[287.29, 52]","[326.46, 35]","[337.95, 55]",325.73,179,1.46,-0.01
07:36:43,"[324.54, 26]","[302.56, 45]","[326.0, 30]","[342.0, 65]",325.27,166,1.46,-0.14
07:36:44,"[324.0, 22]","[319.91, 11]","[325.0, 12]","[340.4, 50]",324.5,95,1.0,-0.31
07:36:45,"[323.8, 15]","[320.5, 8]","[325.0, 8]","[338.0, 32]",324.4,63,1.2,-0.27
07:36:46,"[273.89, 27]","[169.0, 36]","[325.0, 7]","[338.0, 28]",299.44,98,51.11,0.29
07:36:47,"[321.0, 21]","[236.29, 42]","[325.0, 7]","[338.0, 28]",323.0,98,4.0,0.29
07:36:48,"[301.0, 54]","[247.15, 65]","[324.08, 12]","[338.0, 48]",312.54,179,23.08,0.33
07:36:49,"[315.44, 34]","[263.04, 55]","[336.58, 57]","[339.55, 44]",326.01,190,21.14,-0.06
07:36:50,"[328.22, 74]","[327.71, 34]","[335.64, 70]","[337.0, 56]",331.93,234,7.43,-0.08
07:36:51,"[329.04, 69]","[328.08, 72]","[334.17, 60]","[337.0, 48]",331.61,249,5.12,0.13
07:36:52,"[330.0, 45]","[329.0, 90]","[332.33, 75]","[340.73, 60]",331.17,270,2.33,0.0
07:36:53,"[329.11, 56]","[328.15, 78]","[330.55, 22]","[339.5, 48]",329.83,204,1.44,0.31
07:36:54,"[329.0, 32]","[328.0, 48]","[330.0, 8]","[334.96, 25]",329.5,113,1.0,0.42
07:36:55,"[329.0, 24]","[328.0, 36]","[330.0, 6]","[334.0, 18]",329.5,84,1.0,0.43
07:36:56,"[328.68, 31]","[327.95, 44]","[334.0, 27]","[340.0, 36]",331.34,138,5.32,0.09
07:36:57,"[328.0, 40]","[327.0, 8]","[334.0, 24]","[340.0, 32]",331.0,104,6.0,-0.08
07:36:58,"[328.0, 30]","[327.0, 6]","[336.4, 20]","[342.69, 26]",332.2,82,8.4,-0.12
07:36:59,"[328.0, 60]","[327.0, 12]","[340.0, 48]","[347.0, 60]",334.0,180,12.0,-0.2
07:37:00,"[328.0, 40]","[327.0, 8]","[340.0, 32]","[351.35, 17]",334.0,97,12.0,-0.01
07:37:01,"[328.0, 29]","[327.0, 8]","[340.0, 32]","[406.83, 18]",334.0,87,12.0,-0.15
07:37:02,"[328.0, 27]","[327.0, 9]","[339.78, 36]","[401.55, 29]",333.89,101,11.78,-0.29
07:37:03,"[328.0, 30]","[327.0, 10]","[338.1, 40]","[339.4, 40]",333.05,120,10.1,-0.33
07:37:04,"[328.0, 33]","[326.68, 19]","[335.27, 44]","[336.27, 44]",331.64,140,7.27,-0.26
07:37:05,"[328.0, 33]","[327.0, 33]","[332.55, 44]","[334.36, 44]",330.27,154,4.55,-0.14
07:37:06,"[327.78, 23]","[326.35, 23]","[330.18, 44]","[331.73, 44]",328.98,134,2.4,-0.31
07:37:07,"[326.0, 12]","[322.5, 32]","[328.5, 48]","[332.38, 52]",327.25,144,2.5,-0.39
07:37:08,"[324.0, 10]","[322.0, 60]","[327.35, 34]","[332.09, 44]",325.68,148,3.35,-0.05
07:37:09,"[324.0, 13]","[322.0, 78]","[327.11, 47]","[334.0, 60]",325.55,198,3.11,-0.08
07:37:10,"[324.0, 14]","[322.0, 79]","[329.54, 59]","[338.07, 67]",326.77,219,5.54,-0.15
07:37:11,"[324.0, 13]","[322.0, 13]","[336.54, 65]","[343.0, 52]",330.27,143,12.54,-0.64
07:37:12,"[320.8, 10]","[320.71, 7]","[336.0, 35]","[343.0, 28]",328.4,80,15.2,-0.57
07:37:13,"[316.0, 44]","[313.0, 11]","[336.0, 55]","[339.0, 44]",326.0,154,20.0,-0.29
07:37:14,"[326.34, 67]","[315.92, 37]","[336.0, 50]","[339.0, 40]",331.17,194,9.66,0.07
07:37:15,"[327.0, 56]","[316.0, 32]","[336.0, 40]","[339.0, 32]",331.5,160,9.0,0.1
07:37:16,"[327.35, 65]","[321.92, 52]","[336.0, 50]","[339.0, 40]",331.68,207,8.65,0.13
07:37:17,"[328.38, 48]","[327.26, 57]","[336.0, 45]","[339.0, 36]",332.19,186,7.62,0.13
07:37:18,"[329.0, 61]","[328.0, 60]","[336.38, 56]","[343.14, 42]",332.69,219,7.38,0.11
07:37:19,"[329.0, 45]","[328.0, 45]","[335.0, 27]","[350.48, 27]",332.0,144,6.0,0.25
07:37:20,"[329.38, 65]","[328.0, 65]","[334.34, 53]","[344.52, 33]",331.86,216,4.96,0.2
07:37:21,"[330.0, 74]","[328.0, 80]","[334.0, 80]","[337.0, 48]",332.0,282,4.0,0.09
07:37:22,"[330.0, 30]","[328.0, 60]","[333.88, 34]","[335.42, 38]",331.94,162,3.88,0.11
07:37:23,"[328.07, 89]","[327.09, 115]","[330.34, 29]","[335.3, 40]",329.21,273,2.28,0.49
07:37:24,"[327.0, 60]","[323.0, 132]","[328.92, 24]","[339.74, 57]",327.96,273,1.92,0.41
07:37:25,"[327.0, 63]","[323.0, 187]","[335.38, 39]","[341.53, 53]",331.19,342,8.38,0.46
07:37:26,"[327.0, 33]","[323.0, 121]","[339.0, 33]","[387.91, 11]",333.0,198,12.0,0.56
07:37:27,"[327.0, 33]","[323.0, 121]","[329.0, 55]","[338.55, 33]",328.0,242,2.0,0.27
07:37:28,"[327.0, 22]","[323.0, 121]","[336.71, 35]","[345.44, 43]",331.86,221,9.71,0.29
07:37:29,"[327.0, 16]","[323.0, 88]","[342.57, 28]","[367.2, 20]",334.79,152,15.57,0.37
07:37:30,"[325.84, 31]","[322.95, 124]","[338.71, 42]","[344.91, 45]",332.28,242,12.88,0.28
07:37:31,"[323.08, 64]","[321.6, 30]","[336.31, 16]","[340.0, 32]",329.7,142,13.23,0.32
07:37:32,"[323.16, 93]","[321.63, 57]","[335.53, 36]","[339.44, 64]",329.34,250,12.37,0.2
07:37:33,"[324.54, 69]","[323.0, 102]","[333.04, 23]","[336.64, 50]",328.79,244,8.51,0.4
07:37:34,"[326.0, 48]","[323.0, 96]","[331.81, 32]","[334.0, 16]",328.91,192,5.81,0.5
07:37:35,"[326.61, 23]","[323.0, 66]","[330.21, 19]","[331.86, 14]",328.41,122,3.6,0.46
07:37:36,"[327.73, 15]","[323.0, 54]","[329.0, 18]","[334.0, 18]",328.37,105,1.27,0.31
07:37:37,"[326.71, 14]","[324.36, 33]","[328.88, 16]","[336.0, 32]",327.79,95,2.16,-0.01
07:37:38,"[324.8, 30]","[322.82, 66]","[329.64, 28]","[336.83, 48]",327.22,172,4.84,0.12
07:37:39,"[323.0, 54]","[321.0, 27]","[336.0, 36]","[338.33, 36]",329.5,153,13.0,0.06
07:37:40,"[323.87, 69]","[322.05, 57]","[337.27, 44]","[364.79, 95]",330.57,265,13.4,-0.05
07:37:41,"[327.0, 48]","[322.32, 57]","[333.71, 34]","[336.79, 86]",330.35,225,6.71,-0.07
07:37:42,"[327.0, 75]","[326.0, 15]","[332.33, 60]","[334.0, 15]",329.67,165,5.33,0.09
07:37:43,"[327.0, 32]","[326.0, 12]","[329.42, 48]","[334.0, 12]",328.21,104,2.42,-0.15
07:37:44,"[327.0, 9]","[326.0, 9]","[328.0, 36]","[334.0, 9]",327.5,63,1.0,-0.43
07:37:45,"[326.25, 12]","[323.0, 12]","[331.41, 37]","[337.89, 18]",328.83,79,5.16,-0.39
07:37:46,"[326.0, 11]","[322.0, 11]","[331.36, 33]","[334.0, 11]",328.68,66,5.36,-0.33
07:37:47,"[326.0, 13]","[322.0, 13]","[330.09, 33]","[338.36, 22]",328.05,81,4.09,-0.36
07:37:48,"[326.0, 15]","[322.0, 15]","[332.93, 15]","[340.38, 39]",329.47,84,6.93,-0.29
07:37:49,"[326.0, 12]","[322.0, 12]","[329.42, 12]","[331.25, 12]",327.71,48,3.42,0.0
07:37:50,"[325.67, 12]","[321.79, 14]","[328.58, 12]","[330.25, 12]",327.12,50,2.92,0.04
07:37:51,"[322.8, 44]","[321.21, 34]","[328.41, 17]","[333.8, 25]",325.6,120,5.62,0.3
07:37:52,"[324.54, 82]","[322.91, 22]","[327.0, 28]","[328.0, 14]",325.77,146,2.46,0.42
07:37:53,"[326.0, 66]","[324.0, 65]","[331.12, 32]","[337.7, 40]",328.56,203,5.12,0.29
07:37:54,"[326.83, 30]","[324.0, 10]","[338.0, 40]","[340.0, 30]",332.42,110,11.17,-0.27
07:37:55,"[326.0, 9]","[324.91, 33]","[336.86, 28]","[338.97, 31]",331.43,101,10.86,-0.17
07:37:56,"[326.0, 7]","[325.0, 28]","[334.0, 14]","[337.71, 28]",330.0,77,8.0,-0.09
07:37:57,"[323.57, 14]","[324.2, 20]","[334.0, 16]","[336.0, 32]",328.79,82,10.43,-0.17
07:37:58,"[326.05, 21]","[321.83, 23]","[335.07, 30]","[337.2, 40]",330.56,114,9.02,-0.23
07:37:59,"[322.25, 16]","[320.75, 16]","[336.0, 32]","[340.0, 24]",329.12,88,13.75,-0.27
07:38:00,"[321.4, 15]","[320.75, 16]","[336.0, 40]","[340.0, 30]",328.7,101,14.6,-0.39
07:38:01,"[322.0, 7]","[320.98, 58]","[336.92, 24]","[368.63, 19]",329.46,108,14.92,0.2
07:38:02,"[322.0, 13]","[321.0, 143]","[333.69, 39]","[335.0, 52]",327.85,247,11.69,0.26
07:38:03,"[322.0, 9]","[321.0, 99]","[333.0, 27]","[336.11, 36]",327.5,171,11.0,0.26
07:38:04,"[321.01, 81]","[320.46, 24]","[332.37, 41]","[338.59, 49]",326.69,195,11.35,0.08
07:38:05,"[321.0, 56]","[320.0, 14]","[327.59, 58]","[329.0, 54]",324.29,182,6.59,-0.23
07:38:06,"[321.0, 22]","[320.0, 13]","[323.95, 59]","[325.67, 45]",322.47,139,2.95,-0.5
07:38:07,"[321.0, 10]","[320.0, 10]","[322.0, 30]","[323.0, 50]",321.5,100,1.0,-0.6
07:38:08,"[321.0, 10]","[320.0, 10]","[322.42, 36]","[325.81, 47]",321.71,103,1.42,-0.61
07:38:09,"[321.86, 49]","[320.5, 14]","[327.4, 63]","[335.83, 52]",324.63,178,5.54,-0.29
07:38:10,"[322.0, 48]","[319.62, 24]","[337.0, 32]","[340.0, 24]",329.5,128,15.0,0.12
07:38:11,"[322.0, 78]","[320.87, 69]","[337.0, 52]","[340.0, 39]",329.5,238,15.0,0.24
07:38:12,"[322.0, 42]","[321.0, 42]","[337.0, 28]","[340.0, 21]",329.5,133,15.0,0.26
07:38:13,"[322.0, 60]","[321.0, 60]","[337.0, 40]","[340.0, 30]",329.5,190,15.0,0.26
07:38:14,"[322.0, 23]","[321.0, 48]","[337.0, 32]","[340.0, 24]",329.5,127,15.0,0.12
07:38:15,"[321.2, 20]","[320.5, 48]","[337.0, 48]","[340.0, 36]",329.1,152,15.8,-0.11
07:38:16,"[320.54, 61]","[314.92, 37]","[338.12, 48]","[350.8, 45]",329.33,191,17.58,0.03
07:38:17,"[325.0, 65]","[319.0, 52]","[337.0, 13]","[339.62, 39]",331.0,169,12.0,0.38
07:38:18,"[325.0, 13]","[319.0, 36]","[337.0, 9]","[339.0, 27]",331.0,85,12.0,0.15
07:38:19,"[325.0, 10]","[319.0, 40]","[337.0, 10]","[339.0, 30]",331.0,90,12.0,0.11
07:38:20,"[325.0, 10]","[319.0, 40]","[335.38, 21]","[338.12, 16]",330.19,87,10.38,0.15
07:38:21,"[325.96, 24]","[323.67, 18]","[334.27, 33]","[336.71, 21]",330.12,96,8.31,-0.12
07:38:22,"[326.33, 30]","[325.17, 12]","[332.18, 22]","[333.18, 22]",329.26,86,5.85,-0.02
07:38:23,"[327.21, 140]","[326.0, 28]","[331.0, 28]","[332.0, 28]",329.11,224,3.79,0.5
07:38:24,"[328.0, 110]","[326.0, 22]","[330.91, 22]","[332.2, 20]",329.45,174,2.91,0.52
07:38:25,"[328.0, 80]","[326.0, 9]","[329.6, 20]","[335.4, 10]",328.8,119,1.6,0.5
07:38:26,"[328.0, 82]","[326.0, 12]","[329.6, 30]","[338.27, 15]",328.8,139,1.6,0.35
07:38:27,"[328.0, 12]","[326.0, 3]","[329.33, 6]","[344.0, 3]",328.67,24,1.33,0.25
07:38:28,"[328.0, 20]","[326.0, 7]","[341.77, 22]","[355.29, 17]",334.89,66,13.77,-0.18
07:38:29,"[324.78, 18]","[323.43, 14]","[347.0, 55]","[379.0, 33]",335.89,120,22.22,-0.47
07:38:30,"[321.65, 51]","[320.08, 78]","[347.0, 70]","[451.78, 54]",334.32,253,25.35,0.02
07:38:31,"[323.46, 39]","[320.0, 78]","[347.0, 65]","[503.56, 32]",335.23,214,23.54,0.09
07:38:32,"[325.47, 57]","[321.6, 70]","[346.53, 75]","[540.37, 51]",336.0,253,21.06,0.0
07:38:33,"[326.04, 168]","[321.99, 128]","[336.0, 41]","[341.02, 94]",331.02,431,9.96,0.37
07:38:34,"[328.0, 36]","[326.0, 72]","[332.33, 12]","[343.0, 60]",330.17,180,4.33,0.2
07:38:35,"[327.2, 50]","[324.35, 102]","[330.5, 16]","[343.5, 80]",328.85,248,3.3,0.23
07:38:36,"[325.5, 18]","[322.16, 74]","[329.5, 12]","[341.67, 36]",327.5,140,4.0,0.31
07:38:37,"[323.0, 21]","[321.83, 59]","[326.67, 9]","[337.53, 17]",324.83,106,3.67,0.51
07:38:38,"[322.96, 52]","[321.54, 65]","[341.97, 35]","[345.45, 55]",332.47,207,19.01,0.13
07:38:39,"[322.7, 57]","[321.4, 70]","[341.09, 55]","[348.91, 55]",331.9,237,18.39,0.07
07:38:40,"[322.0, 49]","[321.0, 42]","[336.08, 26]","[345.71, 35]",329.04,152,14.08,0.2
07:38:41,"[322.0, 55]","[321.0, 48]","[340.0, 40]","[347.75, 40]",331.0,183,18.0,0.13
07:38:42,"[322.11, 54]","[321.26, 68]","[340.0, 65]","[347.0, 65]",331.06,252,17.89,-0.03
07:38:43,"[323.71, 51]","[321.7, 23]","[339.1, 58]","[340.93, 75]",331.4,207,15.4,-0.29
07:38:44,"[326.0, 83]","[322.0, 45]","[336.69, 58]","[338.78, 69]",331.34,255,10.69,0.0
07:38:45,"[326.93, 56]","[324.67, 18]","[336.0, 40]","[339.0, 32]",331.46,146,9.07,0.01
07:38:46,"[327.71, 98]","[326.0, 28]","[335.0, 56]","[336.0, 70]",331.36,252,7.29,0.0
07:38:47,"[328.08, 74]","[326.0, 22]","[335.0, 44]","[336.0, 55]",331.54,195,6.92,-0.02
07:38:48,"[329.0, 54]","[326.0, 18]","[335.0, 36]","[336.0, 45]",332.0,153,6.0,-0.06
07:38:49,"[329.0, 60]","[326.0, 20]","[335.0, 40]","[336.0, 50]",332.0,170,6.0,-0.06
07:38:50,"[329.0, 48]","[326.0, 16]","[335.0, 32]","[336.0, 40]",332.0,136,6.0,-0.06
07:38:51,"[329.0, 75]","[326.0, 28]","[334.17, 48]","[335.24, 58]",331.58,209,5.17,-0.01
07:38:52,"[329.0, 71]","[326.0, 30]","[331.45, 51]","[333.29, 55]",330.23,207,2.45,-0.02
07:38:53,"[326.0, 14]","[321.6, 25]","[338.29, 17]","[339.57, 35]",332.15,91,12.29,-0.14
07:38:54,"[326.0, 26]","[321.0, 104]","[337.05, 38]","[338.09, 53]",331.53,221,11.05,0.18
07:38:55,"[326.0, 10]","[321.0, 90]","[335.4, 10]","[338.6, 25]",330.7,135,9.4,0.48
07:38:56,"[321.1, 164]","[320.58, 96]","[335.0, 28]","[339.03, 66]",328.05,354,13.9,0.47
07:38:57,"[325.0, 16]","[321.0, 284]","[332.83, 47]","[337.67, 21]",328.91,368,7.83,0.63
07:38:58,"[325.0, 4]","[321.0, 72]","[331.0, 20]","[334.0, 8]",328.0,104,6.0,0.46
07:38:59,"[325.0, 7]","[321.0, 126]","[329.33, 15]","[330.88, 32]",327.17,180,4.33,0.48
07:39:00,"[325.38, 13]","[321.72, 117]","[327.11, 38]","[329.34, 29]",326.24,197,1.72,0.32
07:39:01,"[325.0, 14]","[321.0, 312]","[327.43, 28]","[329.48, 33]",326.21,387,2.43,0.68
07:39:02,"[321.59, 74]","[320.92, 234]","[326.43, 28]","[328.21, 28]",324.01,364,4.83,0.69
07:39:03,"[321.0, 202]","[319.0, 30]","[323.54, 13]","[325.43, 23]",322.27,268,2.54,0.73
07:39:04,"[321.0, 191]","[319.0, 33]","[329.91, 11]","[337.46, 13]",325.45,248,8.91,0.81
07:39:05,"[321.45, 29]","[320.41, 51]","[334.36, 14]","[336.29, 14]",327.9,108,12.91,0.48
07:39:06,"[323.0, 8]","[321.0, 72]","[334.25, 8]","[364.5, 12]",328.62,100,11.25,0.6
07:39:07,"[324.0, 9]","[321.04, 75]","[334.56, 9]","[386.74, 27]",329.28,120,10.56,0.4
07:39:08,"[321.04, 71]","[319.2, 45]","[329.35, 31]","[342.35, 23]",325.2,170,8.31,0.36
07:39:09,"[321.0, 40]","[319.0, 27]","[333.08, 12]","[349.0, 27]",327.04,106,12.08,0.26
07:39:10,"[321.0, 36]","[319.0, 27]","[331.83, 12]","[334.78, 27]",326.42,102,10.83,0.24
07:39:11,"[321.95, 41]","[320.23, 39]","[329.91, 11]","[332.18, 33]",325.93,124,7.96,0.29
07:39:12,"[325.0, 20]","[321.0, 40]","[329.0, 10]","[332.0, 30]",327.0,100,4.0,0.2
07:39:13,"[325.0, 20]","[321.0, 40]","[327.1, 10]","[334.0, 30]",326.05,100,2.1,0.2
07:39:14,"[325.0, 16]","[321.0, 44]","[331.94, 18]","[335.19, 32]",328.47,110,6.94,0.09
07:39:15,"[322.71, 14]","[320.33, 36]","[334.0, 20]","[336.4, 30]",328.36,100,11.29,0.0
07:39:16,"[321.0, 18]","[319.0, 27]","[333.78, 18]","[337.0, 27]",327.39,90,12.78,0.0
07:39:17,"[321.0, 28]","[319.0, 42]","[332.29, 28]","[335.14, 42]",326.64,140,11.29,0.0
07:39:18,"[321.0, 22]","[319.22, 23]","[331.0, 22]","[335.65, 31]",326.0,98,10.0,-0.08
07:39:19,"[321.68, 44]","[320.63, 19]","[329.69, 26]","[334.0, 26]",325.69,115,8.01,0.1
07:39:20,"[324.86, 58]","[320.94, 17]","[328.0, 18]","[333.8, 30]",326.43,123,3.14,0.22
07:39:21,"[325.0, 101]","[321.0, 32]","[327.13, 46]","[329.26, 38]",326.07,217,2.13,0.23
07:39:22,"[325.0, 31]","[321.0, 18]","[326.2, 20]","[327.35, 34]",325.6,103,1.2,-0.05
07:39:23,"[325.0, 12]","[321.0, 24]","[326.0, 60]","[327.0, 48]",325.5,144,1.0,-0.5
07:39:24,"[321.21, 19]","[320.18, 11]","[325.8, 50]","[335.0, 20]",323.51,100,4.59,-0.4
07:39:25,"[321.0, 32]","[320.0, 16]","[324.11, 76]","[332.59, 51]",322.55,175,3.11,-0.45
07:39:26,"[320.91, 23]","[319.05, 21]","[322.46, 65]","[332.0, 44]",321.69,153,1.55,-0.42
07:39:27,"[318.95, 19]","[317.84, 49]","[322.11, 47]","[332.89, 27]",320.53,142,3.16,-0.04
07:39:28,"[318.2, 44]","[317.53, 59]","[329.44, 39]","[332.04, 27]",323.82,169,11.23,0.22
07:39:29,"[318.6, 15]","[317.65, 51]","[326.38, 16]","[327.65, 40]",322.49,122,7.77,0.08
07:39:30,"[318.0, 22]","[315.0, 22]","[324.82, 11]","[326.0, 33]",321.41,88,6.82,0.0
07:39:31,"[320.0, 36]","[318.0, 36]","[322.03, 37]","[323.19, 27]",321.01,136,2.03,0.06
07:39:32,"[318.88, 52]","[317.47, 34]","[325.38, 29]","[327.81, 64]",322.13,179,6.49,-0.04
07:39:33,"[319.83, 36]","[318.92, 49]","[324.66, 53]","[326.35, 23]",322.25,161,4.83,0.06
07:39:34,"[321.06, 17]","[319.17, 23]","[323.62, 32]","[326.5, 12]",322.34,84,2.57,-0.05
07:39:35,"[319.41, 17]","[315.92, 26]","[327.62, 39]","[334.0, 13]",323.51,95,8.2,-0.09
07:39:36,"[318.0, 8]","[315.0, 16]","[331.0, 24]","[334.0, 8]",324.5,56,13.0,-0.14
07:39:37,"[318.0, 10]","[315.0, 20]","[330.55, 22]","[331.55, 22]",324.27,74,12.55,-0.19
07:39:38,"[318.0, 13]","[315.0, 26]","[328.47, 36]","[329.52, 42]",323.24,117,10.47,-0.33
07:39:39,"[318.0, 17]","[315.0, 34]","[325.32, 71]","[325.69, 49]",321.66,171,7.32,-0.4
07:39:40,"[316.18, 22]","[313.95, 37]","[321.02, 53]","[322.7, 57]",318.6,169,4.84,-0.3
07:39:41,"[313.28, 43]","[311.79, 67]","[318.67, 63]","[319.31, 55]",315.97,228,5.39,-0.04
07:39:42,"[306.86, 28]","[304.6, 106]","[318.0, 10]","[319.0, 40]",312.43,184,11.14,0.46
07:39:43,"[306.0, 16]","[304.16, 184]","[310.26, 31]","[315.34, 64]",308.13,295,4.26,0.36
07:39:44,"[306.0, 10]","[304.84, 64]","[310.0, 20]","[315.0, 60]",308.0,154,4.0,-0.04
07:39:45,"[306.0, 13]","[299.0, 92]","[310.0, 26]","[313.03, 71]",308.0,202,4.0,0.04
07:39:46,"[306.0, 7]","[303.77, 39]","[310.0, 14]","[311.0, 35]",308.0,95,4.0,-0.03
07:39:47,"[306.0, 9]","[305.0, 54]","[310.0, 18]","[311.0, 45]",308.0,126,4.0,0.0
07:39:48,"[306.0, 10]","[305.0, 60]","[310.14, 21]","[311.17, 47]",308.07,138,4.14,0.01
07:39:49,"[306.86, 21]","[305.25, 24]","[311.0, 27]","[315.0, 18]",308.93,90,4.14,0.0
07:39:50,"[307.0, 36]","[304.62, 32]","[311.0, 36]","[315.0, 24]",309.0,128,4.0,0.06
07:39:51,"[308.67, 52]","[302.63, 59]","[311.0, 54]","[315.23, 39]",309.84,204,2.33,0.09
07:39:52,"[310.0, 18]","[304.0, 72]","[312.88, 72]","[314.86, 70]",311.44,232,2.88,-0.22
07:39:53,"[310.33, 12]","[301.0, 60]","[314.0, 60]","[316.0, 36]",312.17,168,3.67,-0.14
07:39:54,"[311.45, 11]","[299.22, 55]","[313.92, 39]","[315.33, 36]",312.69,141,2.47,-0.06
07:39:55,"[300.0, 16]","[298.5, 80]","[311.06, 31]","[313.94, 51]",305.53,178,11.06,0.08
07:39:56,"[298.85, 26]","[297.95, 58]","[309.0, 14]","[311.0, 42]",303.92,140,10.15,0.2
07:39:57,"[298.07, 27]","[297.67, 15]","[314.0, 14]","[316.0, 21]",306.04,77,15.93,0.09
07:39:58,"[300.06, 16]","[298.04, 51]","[314.0, 22]","[316.0, 33]",307.03,122,13.94,0.1
07:39:59,"[301.0, 9]","[300.0, 9]","[314.0, 42]","[316.0, 27]",307.5,87,13.0,-0.59
07:40:00,"[303.78, 23]","[300.12, 16]","[314.0, 80]","[316.0, 48]",308.89,167,10.22,-0.53
07:40:01,"[305.29, 28]","[302.0, 14]","[314.0, 70]","[316.0, 42]",309.64,154,8.71,-0.45
07:40:02,"[307.95, 22]","[306.38, 32]","[315.78, 51]","[318.69, 67]",311.87,172,7.83,-0.37
07:40:03,"[309.82, 22]","[308.2, 35]","[317.82, 90]","[321.95, 79]",313.82,226,8.0,-0.5
07:40:04,"[304.25, 57]","[301.93, 15]","[316.61, 69]","[318.4, 58]",310.43,199,12.36,-0.28
07:40:05,"[304.0, 65]","[299.62, 13]","[309.0, 13]","[316.0, 39]",306.5,130,5.0,0.2
07:40:06,"[304.0, 40]","[300.0, 8]","[309.0, 8]","[315.67, 18]",306.5,74,5.0,0.3
07:40:07,"[304.0, 60]","[300.0, 12]","[309.0, 12]","[311.19, 32]",306.5,116,5.0,0.24
07:40:08,"[304.91, 55]","[303.92, 51]","[309.0, 11]","[311.0, 33]",306.95,150,4.09,0.41
07:40:09,"[305.0, 70]","[304.0, 70]","[309.27, 15]","[311.07, 40]",307.13,195,4.27,0.44
07:40:10,"[307.19, 80]","[303.25, 80]","[311.0, 31]","[314.0, 16]",309.09,207,3.81,0.55
07:40:11,"[309.0, 40]","[300.0, 40]","[311.0, 8]","[314.0, 8]",310.0,96,2.0,0.67
07:40:12,"[309.0, 55]","[299.0, 55]","[311.0, 11]","[314.0, 11]",310.0,132,2.0,0.67
07:40:13,"[304.36, 36]","[298.84, 38]","[312.88, 8]","[315.25, 8]",308.62,90,8.51,0.64
07:40:14,"[303.35, 68]","[296.17, 89]","[318.15, 48]","[319.45, 77]",310.75,282,14.79,0.11
07:40:15,"[306.84, 76]","[298.88, 153]","[316.69, 51]","[318.57, 72]",311.76,352,9.84,0.3
07:40:16,"[308.6, 40]","[307.27, 44]","[310.0, 28]","[315.0, 28]",309.3,140,1.4,0.2
07:40:17,"[309.18, 45]","[298.33, 116]","[314.23, 26]","[318.38, 26]",311.7,213,5.05,0.51
07:40:18,"[311.4, 50]","[309.94, 31]","[315.75, 32]","[319.1, 29]",313.57,142,4.35,0.14
07:40:19,"[316.33, 70]","[305.78, 87]","[319.14, 28]","[321.37, 41]",317.74,226,2.81,0.39
07:40:20,"[319.73, 62]","[310.78, 68]","[322.0, 66]","[327.0, 90]",320.86,286,2.27,-0.09
07:40:21,"[321.0, 101]","[307.89, 37]","[322.0, 70]","[327.0, 65]",321.5,273,1.0,0.01
07:40:22,"[321.17, 69]","[309.29, 41]","[325.64, 55]","[423.74, 27]",323.41,192,4.46,0.15
07:40:23,"[323.17, 41]","[321.85, 47]","[327.0, 70]","[447.08, 26]",325.09,184,3.83,-0.04
07:40:24,"[324.76, 68]","[321.0, 91]","[327.0, 85]","[566.26, 69]",325.88,313,2.24,0.02
07:40:25,"[325.0, 44]","[321.0, 121]","[360.48, 31]","[611.24, 17]",342.74,213,35.48,0.55
07:40:26,"[323.81, 80]","[320.78, 148]","[338.54, 52]","[491.0, 30]",331.18,310,14.73,0.47
07:40:27,"[321.0, 73]","[319.0, 56]","[326.5, 46]","[329.97, 62]",323.75,237,5.5,0.09
07:40:28,"[323.5, 42]","[321.62, 39]","[326.82, 55]","[339.45, 55]",325.16,191,3.32,-0.15
07:40:29,"[327.0, 20]","[323.0, 30]","[332.0, 50]","[550.08, 12]",329.5,112,5.0,-0.11
07:40:30,"[323.4, 20]","[322.25, 12]","[331.3, 50]","[366.02, 44]",327.35,126,7.9,-0.49
07:40:31,"[323.0, 32]","[322.0, 16]","[331.0, 80]","[333.0, 80]",327.0,208,8.0,-0.54
07:40:32,"[323.0, 26]","[322.0, 13]","[331.0, 65]","[333.0, 65]",327.0,169,8.0,-0.54
07:40:33,"[323.0, 30]","[322.0, 15]","[329.73, 75]","[333.0, 75]",326.37,195,6.73,-0.54
07:40:34,"[323.0, 28]","[322.0, 8]","[328.62, 40]","[333.5, 40]",325.81,116,5.62,-0.38
07:40:35,"[323.0, 56]","[322.0, 14]","[326.7, 53]","[332.41, 64]",324.85,187,3.7,-0.25
07:40:36,"[321.44, 36]","[320.45, 75]","[323.25, 51]","[328.47, 51]",322.35,213,1.81,0.04
07:40:37,"[320.16, 77]","[315.25, 101]","[322.48, 21]","[328.74, 61]",321.32,260,2.32,0.37
07:40:38,"[320.0, 60]","[313.48, 71]","[321.3, 10]","[330.86, 14]",320.65,155,1.3,0.69
07:40:39,"[320.89, 45]","[319.14, 56]","[333.0, 11]","[336.0, 55]",326.94,167,12.11,0.21
07:40:40,"[321.0, 24]","[320.0, 30]","[333.0, 6]","[336.0, 30]",327.0,90,12.0,0.2
07:40:41,"[322.33, 48]","[320.0, 60]","[333.0, 12]","[336.0, 71]",327.67,191,10.67,0.13
07:40:42,"[321.71, 28]","[318.41, 44]","[333.0, 10]","[336.0, 53]",327.36,135,11.29,0.07
07:40:43,"[323.13, 30]","[321.47, 60]","[333.0, 15]","[336.0, 75]",328.07,180,9.87,0.0
07:40:44,"[323.76, 34]","[321.73, 60]","[333.0, 15]","[336.0, 75]",328.38,184,9.24,0.02
07:40:45,"[322.0, 48]","[320.0, 48]","[330.26, 34]","[333.34, 41]",326.13,171,8.26,0.12
07:40:46,"[322.0, 56]","[320.0, 56]","[327.75, 52]","[328.0, 46]",324.88,210,5.75,0.07
07:40:47,"[322.0, 60]","[320.0, 60]","[323.31, 51]","[325.48, 54]",322.66,225,1.31,0.07
07:40:48,"[322.0, 32]","[320.0, 32]","[323.0, 18]","[324.0, 16]",322.5,98,1.0,0.31
07:40:49,"[320.8, 30]","[318.7, 46]","[323.3, 20]","[334.8, 30]",322.05,126,2.5,0.21
07:40:50,"[320.8, 30]","[316.97, 38]","[329.5, 24]","[337.05, 38]",325.15,130,8.7,0.05
07:40:51,"[321.58, 12]","[320.32, 22]","[336.0, 36]","[338.0, 60]",328.79,130,14.42,-0.48
07:40:52,"[322.0, 11]","[321.0, 11]","[336.0, 41]","[338.0, 55]",329.0,118,14.0,-0.63
07:40:53,"[322.0, 8]","[321.0, 8]","[332.0, 8]","[335.89, 27]",327.0,51,10.0,-0.37
07:40:54,"[325.05, 41]","[322.5, 16]","[335.0, 36]","[337.0, 12]",330.02,105,9.95,0.09
07:40:55,"[327.0, 11]","[325.32, 31]","[335.0, 33]","[337.0, 11]",331.0,86,8.0,-0.02
07:40:56,"[327.36, 14]","[323.4, 10]","[335.0, 30]","[337.0, 10]",331.18,64,7.64,-0.25
07:40:57,"[328.0, 65]","[327.0, 13]","[333.34, 53]","[334.62, 29]",330.67,160,5.34,-0.03
07:40:58,"[328.0, 13]","[327.0, 13]","[332.0, 65]","[334.0, 39]",330.0,130,4.0,-0.6
07:40:59,"[328.0, 14]","[327.0, 14]","[329.73, 56]","[331.05, 56]",328.87,140,1.73,-0.6
07:41:00,"[322.27, 44]","[321.8, 15]","[328.59, 59]","[329.34, 61]",325.43,179,6.32,-0.34
07:41:01,"[322.0, 18]","[321.0, 9]","[327.0, 27]","[329.0, 45]",324.5,99,5.0,-0.45
07:41:02,"[322.0, 30]","[321.0, 15]","[325.08, 73]","[327.21, 47]",323.54,165,3.08,-0.45
07:41:03,"[320.47, 15]","[318.88, 50]","[324.9, 50]","[331.17, 36]",322.68,151,4.43,-0.14
07:41:04,"[319.0, 35]","[318.0, 39]","[326.03, 32]","[330.03, 32]",322.52,138,7.03,0.07
07:41:05,"[319.0, 42]","[318.0, 44]","[321.08, 36]","[323.65, 20]",320.04,142,2.08,0.21
07:41:06,"[318.64, 28]","[317.65, 34]","[320.25, 24]","[321.5, 16]",319.45,102,1.61,0.22
07:41:07,"[318.0, 80]","[315.0, 32]","[319.89, 46]","[325.61, 18]",318.95,176,1.89,0.27
07:41:08,"[318.0, 55]","[315.0, 22]","[324.0, 11]","[338.0, 33]",321.0,121,6.0,0.27
07:41:09,"[318.74, 57]","[317.68, 56]","[321.79, 77]","[328.0, 21]",320.26,211,3.06,0.07
07:41:10,"[319.0, 36]","[317.33, 27]","[321.0, 60]","[324.25, 12]",320.0,135,2.0,-0.07
07:41:11,"[318.2, 70]","[316.05, 44]","[323.54, 26]","[331.58, 36]",320.87,176,5.34,0.3
07:41:12,"[323.08, 48]","[322.0, 48]","[327.0, 12]","[332.0, 36]",325.04,144,3.92,0.33
07:41:13,"[323.0, 32]","[320.87, 71]","[325.63, 35]","[326.96, 25]",324.31,163,2.63,0.26
07:41:14,"[323.0, 70]","[322.0, 36]","[324.65, 23]","[330.95, 38]",323.83,167,1.65,0.27
07:41:15,"[323.5, 12]","[322.6, 15]","[327.0, 5]","[336.0, 25]",325.25,57,3.5,-0.05
07:41:16,"[324.0, 30]","[323.0, 45]","[335.1, 60]","[337.24, 51]",329.55,186,11.1,-0.19
07:41:17,"[323.67, 27]","[322.75, 36]","[333.58, 62]","[337.69, 16]",328.62,141,9.91,-0.11
07:41:18,"[325.16, 37]","[322.53, 45]","[333.0, 75]","[337.0, 15]",329.08,172,7.84,-0.05
07:41:19,"[328.0, 26]","[323.0, 39]","[333.0, 65]","[336.85, 13]",330.5,143,5.0,-0.09
07:41:20,"[328.0, 17]","[323.0, 30]","[333.0, 50]","[336.0, 10]",330.5,107,5.0,-0.12
07:41:21,"[328.0, 11]","[326.08, 13]","[333.0, 55]","[336.0, 11]",330.5,90,5.0,-0.47
07:41:22,"[328.0, 11]","[327.0, 11]","[333.0, 55]","[336.0, 11]",330.5,88,5.0,-0.5
07:41:23,"[327.88, 8]","[325.5, 10]","[333.0, 40]","[336.0, 8]",330.44,66,5.12,-0.45
07:41:24,"[323.67, 18]","[318.65, 46]","[331.32, 22]","[332.92, 38]",327.49,124,7.65,0.03
07:41:25,"[322.38, 80]","[318.0, 110]","[329.54, 28]","[330.09, 68]",325.96,286,7.16,0.33
07:41:26,"[323.0, 50]","[321.0, 50]","[328.3, 10]","[330.0, 50]",325.65,160,5.3,0.25
07:41:27,"[323.22, 74]","[321.47, 85]","[330.69, 39]","[332.88, 108]",326.95,306,7.48,0.04
07:41:28,"[324.7, 23]","[322.67, 61]","[336.0, 160]","[338.47, 19]",330.35,263,11.3,-0.36
07:41:29,"[326.6, 10]","[323.0, 30]","[336.0, 50]","[339.0, 10]",331.3,100,9.4,-0.2
07:41:30,"[327.0, 9]","[324.0, 18]","[336.0, 45]","[339.8, 25]",331.5,97,9.0,-0.44
07:41:31,"[327.64, 28]","[324.69, 26]","[335.38, 80]","[337.5, 80]",331.51,214,7.73,-0.5
07:41:32,"[328.0, 36]","[327.0, 12]","[334.42, 60]","[336.0, 60]",331.21,168,6.42,-0.43
07:41:33,"[324.39, 31]","[323.09, 43]","[333.0, 75]","[335.63, 81]",328.69,230,8.61,-0.36
07:41:34,"[321.6, 48]","[321.21, 34]","[330.96, 51]","[331.33, 75]",326.28,208,9.36,-0.21
07:41:35,"[320.55, 29]","[317.32, 19]","[327.0, 17]","[330.0, 85]",323.78,150,6.45,-0.36
07:41:36,"[320.0, 11]","[313.75, 64]","[325.36, 11]","[330.73, 55]",322.68,141,5.36,0.06
07:41:37,"[320.0, 17]","[313.0, 17]","[325.97, 69]","[329.48, 25]",322.99,128,5.97,-0.47
07:41:38,"[320.0, 10]","[313.0, 10]","[336.0, 30]","[337.0, 30]",328.0,80,16.0,-0.5
07:41:39,"[320.65, 23]","[313.78, 9]","[336.0, 27]","[337.0, 45]",328.33,104,15.35,-0.38
07:41:40,"[321.0, 165]","[320.0, 11]","[335.8, 30]","[336.82, 49]",328.4,255,14.8,0.38
07:41:41,"[321.0, 231]","[313.6, 45]","[334.13, 30]","[336.98, 58]",327.57,364,13.13,0.52
07:41:42,"[321.0, 144]","[312.0, 54]","[334.0, 18]","[336.0, 27]",327.5,243,13.0,0.63
07:41:43,"[321.0, 128]","[312.0, 69]","[332.87, 15]","[334.93, 15]",326.93,227,11.87,0.74
07:41:44,"[321.47, 30]","[320.65, 230]","[331.36, 44]","[332.36, 22]",326.42,326,9.9,0.6
07:41:45,"[322.0, 13]","[321.0, 195]","[329.69, 26]","[331.04, 23]",325.85,257,7.69,0.62
07:41:46,"[322.0, 11]","[321.0, 165]","[329.25, 12]","[333.48, 31]",325.62,219,7.25,0.61
07:41:47,"[322.18, 11]","[321.01, 136]","[327.18, 11]","[328.05, 19]",324.68,177,5.0,0.66
07:41:48,"[323.3, 23]","[321.02, 200]","[326.35, 34]","[332.46, 46]",324.83,303,3.05,0.47
07:41:49,"[328.0, 15]","[322.0, 10]","[336.0, 30]","[337.0, 30]",332.0,85,8.0,-0.41
07:41:50,"[328.0, 3]","[322.0, 3]","[336.0, 9]","[337.0, 9]",332.0,24,8.0,-0.5
07:41:51,"[328.0, 5]","[322.0, 5]","[336.57, 21]","[337.47, 17]",332.29,48,8.57,-0.58
07:41:52,"[321.09, 79]","[316.86, 7]","[337.15, 26]","[352.0, 28]",329.12,140,16.07,0.23
07:41:53,"[322.31, 96]","[320.97, 169]","[337.0, 75]","[338.0, 60]",329.66,400,14.69,0.33
07:41:54,"[323.77, 78]","[321.0, 156]","[337.0, 65]","[338.0, 52]",330.38,351,13.23,0.33
07:41:55,"[325.7, 60]","[321.12, 102]","[337.0, 50]","[338.0, 40]",331.35,252,11.3,0.29
07:41:56,"[326.0, 42]","[323.65, 43]","[336.5, 20]","[337.24, 33]",331.25,138,10.5,0.23
07:41:57,"[327.0, 90]","[324.0, 210]","[335.53, 30]","[337.0, 75]",331.27,405,8.53,0.48
07:41:58,"[327.0, 84]","[324.0, 196]","[335.0, 38]","[338.98, 53]",331.0,371,8.0,0.51
07:41:59,"[327.0, 42]","[324.0, 98]","[335.0, 28]","[340.0, 49]",331.0,217,8.0,0.29
07:42:00,"[328.57, 56]","[326.11, 94]","[334.82, 44]","[339.44, 71]",331.69,265,6.25,0.13
07:42:01,"[329.0, 52]","[327.0, 78]","[333.23, 26]","[335.92, 26]",331.12,182,4.23,0.43
07:42:02,"[327.83, 77]","[324.83, 174]","[330.88, 34]","[339.47, 34]",329.36,319,3.05,0.57
07:42:03,"[327.0, 27]","[324.0, 126]","[328.78, 18]","[340.0, 18]",327.89,189,1.78,0.62
07:42:04,"[324.45, 80]","[323.91, 92]","[336.4, 20]","[340.7, 20]",330.42,212,11.95,0.62
07:42:05,"[325.0, 30]","[324.0, 75]","[339.6, 10]","[341.0, 10]",332.3,125,14.6,0.68
07:42:06,"[325.88, 96]","[324.0, 240]","[339.0, 32]","[341.0, 32]",332.44,400,13.12,0.68
07:42:07,"[326.73, 90]","[324.0, 225]","[339.0, 30]","[341.0, 30]",332.87,375,12.27,0.68
07:42:08,"[329.23, 78]","[324.0, 195]","[339.0, 26]","[341.0, 26]",334.12,325,9.77,0.68
07:42:09,"[330.0, 60]","[324.0, 150]","[339.0, 20]","[341.0, 20]",334.5,250,9.0,0.68
07:42:10,"[330.73, 90]","[324.0, 225]","[339.0, 30]","[341.0, 30]",334.87,375,8.27,0.68
07:42:11,"[331.0, 72]","[324.0, 180]","[338.25, 32]","[340.33, 24]",334.62,308,7.25,0.64
07:42:12,"[331.84, 114]","[324.0, 285]","[336.42, 76]","[340.79, 38]",334.13,513,4.58,0.56
07:42:13,"[329.21, 86]","[323.97, 154]","[335.0, 48]","[341.0, 24]",332.1,312,5.79,0.54
07:42:14,"[324.0, 25]","[323.0, 22]","[335.0, 44]","[341.78, 36]",329.5,127,11.0,-0.26
07:42:15,"[324.16, 38]","[323.64, 56]","[334.46, 52]","[344.0, 52]",329.31,198,10.3,-0.05
07:42:16,"[326.56, 18]","[324.0, 144]","[332.98, 43]","[339.0, 48]",329.77,253,6.42,0.28
07:42:17,"[324.84, 50]","[323.9, 177]","[329.36, 53]","[334.61, 69]",327.1,349,4.52,0.3
07:42:18,"[324.0, 180]","[322.0, 45]","[328.77, 39]","[342.23, 71]",326.38,335,4.77,0.34
07:42:19,"[324.0, 144]","[322.0, 36]","[337.0, 43]","[341.39, 59]",330.5,282,13.0,0.28
07:42:20,"[324.0, 192]","[322.0, 48]","[335.82, 38]","[338.97, 72]",329.91,350,11.82,0.37
07:42:21,"[324.0, 117]","[321.52, 63]","[325.0, 11]","[336.0, 44]",324.5,235,1.0,0.53
07:42:22,"[324.0, 123]","[321.63, 95]","[332.45, 29]","[337.18, 68]",328.22,315,8.45,0.38
07:42:23,"[324.0, 72]","[322.0, 12]","[334.17, 24]","[336.0, 96]",329.08,204,10.17,-0.18
07:42:24,"[324.0, 96]","[322.0, 16]","[332.5, 32]","[333.87, 60]",328.25,204,8.5,0.1
07:42:25,"[324.0, 72]","[322.75, 12]","[331.08, 24]","[332.21, 28]",327.54,136,7.08,0.24
07:42:26,"[324.0, 60]","[323.0, 10]","[329.5, 20]","[332.0, 20]",326.75,110,5.5,0.27
07:42:27,"[325.92, 79]","[324.16, 64]","[330.5, 76]","[332.59, 115]",328.21,334,4.58,-0.14
07:42:28,"[329.05, 57]","[326.81, 37]","[331.73, 82]","[334.4, 50]",330.39,226,2.68,-0.17
07:42:29,"[329.0, 94]","[324.0, 96]","[330.96, 47]","[332.03, 35]",329.98,272,1.96,0.4
07:42:30,"[329.0, 44]","[323.56, 32]","[331.0, 33]","[333.36, 44]",330.0,153,2.0,-0.01
07:42:31,"[329.0, 37]","[323.0, 42]","[331.0, 42]","[335.0, 56]",330.0,177,2.0,-0.11
07:42:32,"[323.32, 38]","[322.2, 15]","[329.3, 44]","[330.96, 52]",326.31,149,5.98,-0.29
07:42:33,"[322.56, 50]","[320.33, 18]","[326.35, 52]","[327.78, 46]",324.45,166,3.79,-0.18
07:42:34,"[321.0, 124]","[316.0, 56]","[322.61, 54]","[326.76, 34]",321.81,268,1.61,0.34
07:42:35,"[321.0, 65]","[316.0, 75]","[331.61, 57]","[334.71, 49]",326.31,246,10.61,0.14
07:42:36,"[321.13, 45]","[316.34, 59]","[333.0, 48]","[336.0, 36]",327.07,188,11.87,0.11
07:42:37,"[324.6, 20]","[320.8, 50]","[333.0, 56]","[336.0, 42]",328.8,168,8.4,-0.17
07:42:38,"[321.31, 58]","[316.19, 108]","[333.0, 44]","[336.81, 37]",327.16,247,11.69,0.34
07:42:39,"[321.0, 60]","[315.04, 277]","[328.8, 50]","[335.24, 67]",324.9,454,7.8,0.48
07:42:40,"[321.0, 40]","[315.0, 183]","[330.35, 46]","[333.52, 62]",325.67,331,9.35,0.35
07:42:41,"[321.0, 44]","[315.0, 198]","[331.0, 55]","[334.0, 71]",326.0,368,10.0,0.32
07:42:42,"[315.71, 102]","[314.92, 59]","[331.0, 40]","[333.88, 34]",323.35,235,15.29,0.37
07:42:43,"[315.0, 198]","[314.0, 11]","[331.0, 55]","[333.0, 22]",323.0,286,16.0,0.46
07:42:44,"[315.01, 109]","[314.75, 24]","[333.0, 14]","[334.0, 35]",324.0,182,17.99,0.46
07:42:45,"[316.0, 157]","[315.0, 98]","[331.71, 17]","[333.41, 37]",323.85,309,15.71,0.65
07:42:46,"[318.29, 14]","[316.55, 20]","[330.31, 26]","[332.36, 28]",324.3,88,12.02,-0.23
07:42:47,"[319.05, 19]","[318.05, 19]","[328.17, 54]","[329.9, 42]",323.61,134,9.11,-0.43
07:42:48,"[320.0, 24]","[318.38, 13]","[326.54, 39]","[329.44, 36]",323.27,112,6.54,-0.34
07:42:49,"[320.47, 19]","[319.64, 14]","[324.21, 42]","[328.99, 92]",322.34,167,3.74,-0.6
07:42:50,"[317.17, 23]","[316.12, 17]","[321.52, 31]","[329.0, 38]",319.35,109,4.34,-0.27
07:42:51,"[314.29, 42]","[312.94, 33]","[319.93, 30]","[328.33, 30]",317.11,135,5.65,0.11
07:42:52,"[316.16, 19]","[314.09, 67]","[318.47, 38]","[328.89, 38]",317.32,162,2.32,0.06
07:42:53,"[316.31, 13]","[310.6, 40]","[322.37, 27]","[333.25, 57]",319.34,137,6.06,-0.23
07:42:54,"[315.09, 11]","[310.26, 35]","[317.17, 12]","[319.05, 43]",316.13,101,2.08,-0.09
07:42:55,"[320.61, 89]","[311.59, 27]","[330.43, 21]","[333.55, 20]",325.52,157,9.82,0.48
07:42:56,"[321.17, 69]","[320.29, 34]","[332.47, 15]","[335.33, 12]",326.82,130,11.29,0.58
07:42:57,"[322.0, 10]","[321.0, 56]","[329.0, 40]","[335.0, 8]",325.5,114,7.0,0.16
07:42:58,"[325.64, 33]","[321.02, 93]","[329.0, 75]","[331.18, 22]",327.32,223,3.36,0.13
07:42:59,"[328.0, 76]","[322.0, 10]","[329.0, 50]","[330.0, 20]",328.5,156,1.0,0.1
07:43:00,"[328.0, 35]","[322.0, 9]","[329.0, 45]","[330.0, 18]",328.5,107,1.0,-0.18
07:43:01,"[328.0, 39]","[322.0, 13]","[329.0, 65]","[330.0, 26]",328.5,143,1.0,-0.27
07:43:02,"[322.96, 46]","[321.61, 126]","[329.0, 70]","[330.0, 28]",325.98,270,6.04,0.27
07:43:03,"[322.0, 180]","[321.0, 84]","[327.11, 18]","[328.62, 21]",324.56,303,5.11,0.74
07:43:04,"[322.0, 210]","[321.0, 98]","[325.39, 18]","[326.14, 36]",323.69,362,3.39,0.7
07:43:05,"[322.0, 136]","[321.0, 98]","[325.02, 54]","[329.24, 33]",323.51,321,3.02,0.46
07:43:06,"[323.64, 66]","[321.18, 68]","[332.0, 50]","[337.5, 60]",327.82,244,8.36,0.1
07:43:07,"[328.0, 63]","[322.0, 42]","[333.4, 25]","[336.15, 39]",330.7,169,5.4,0.24
07:43:08,"[328.0, 110]","[323.29, 51]","[332.11, 54]","[333.17, 58]",330.06,273,4.11,0.18
07:43:09,"[328.0, 70]","[324.0, 42]","[330.79, 42]","[332.0, 70]",329.39,224,2.79,0.0
07:43:10,"[328.0, 43]","[324.0, 30]","[329.1, 30]","[332.8, 50]",328.55,153,1.1,-0.05
07:43:11,"[328.0, 31]","[324.0, 39]","[333.62, 53]","[337.27, 44]",330.81,167,5.62,-0.16
07:43:12,"[328.0, 7]","[324.0, 21]","[336.0, 35]","[340.0, 14]",332.0,77,8.0,-0.27
07:43:13,"[328.0, 5]","[324.0, 15]","[336.0, 25]","[340.0, 10]",332.0,55,8.0,-0.27
07:43:14,"[322.16, 37]","[321.2, 45]","[336.0, 35]","[340.0, 14]",329.08,131,13.84,0.25
07:43:15,"[323.0, 36]","[321.51, 71]","[335.0, 11]","[336.0, 55]",329.0,173,12.0,0.24
07:43:16,"[322.0, 34]","[321.0, 63]","[335.0, 9]","[336.0, 45]",328.5,151,13.0,0.28
07:43:17,"[321.32, 31]","[320.41, 41]","[335.0, 8]","[336.0, 40]",328.16,120,13.68,0.2
07:43:18,"[321.14, 73]","[319.64, 53]","[334.36, 14]","[336.0, 70]",327.75,210,13.22,0.2
07:43:19,"[322.5, 24]","[320.78, 46]","[333.27, 11]","[335.0, 55]",327.89,136,10.77,0.03
07:43:20,"[324.0, 19]","[323.0, 76]","[331.45, 20]","[334.98, 91]",327.73,206,7.45,-0.08
07:43:21,"[324.64, 25]","[323.1, 40]","[330.31, 13]","[336.18, 61]",327.47,139,5.67,-0.06
07:43:22,"[325.5, 40]","[324.0, 10]","[330.0, 10]","[337.0, 30]",327.75,90,4.5,0.11
07:43:23,"[328.31, 54]","[325.47, 15]","[333.15, 20]","[337.73, 52]",330.73,141,4.84,-0.02
07:43:24,"[330.0, 48]","[326.0, 16]","[337.2, 50]","[338.36, 87]",333.6,201,7.2,-0.36
07:43:25,"[330.0, 19]","[326.0, 9]","[337.0, 9]","[338.0, 60]",333.5,97,7.0,-0.42
07:43:26,"[329.14, 14]","[324.27, 26]","[335.42, 38]","[337.62, 32]",332.28,110,6.28,-0.27
07:43:27,"[326.0, 10]","[323.0, 50]","[334.1, 30]","[337.0, 10]",330.05,100,8.1,0.2
07:43:28,"[326.0, 16]","[323.0, 80]","[332.87, 38]","[333.74, 42]",329.43,176,6.87,0.09
07:43:29,"[326.0, 10]","[323.0, 50]","[331.0, 30]","[332.0, 10]",328.5,100,5.0,0.2
07:43:30,"[325.12, 17]","[322.97, 62]","[328.35, 17]","[328.91, 35]",326.74,131,3.24,0.21
07:43:31,"[323.0, 78]","[322.0, 34]","[325.21, 34]","[326.18, 34]",324.1,180,2.21,0.24
07:43:32,"[323.0, 31]","[322.0, 28]","[333.04, 50]","[336.83, 35]",328.02,144,10.04,-0.18
07:43:33,"[322.25, 16]","[321.18, 22]","[332.38, 32]","[335.39, 31]",327.31,101,10.12,-0.25
07:43:34,"[321.5, 24]","[320.31, 61]","[335.0, 52]","[338.43, 42]",328.25,179,13.5,-0.05
07:43:35,"[322.0, 14]","[321.0, 28]","[335.0, 60]","[339.0, 42]",328.5,144,13.0,-0.42
07:43:36,"[324.25, 12]","[321.0, 24]","[335.0, 48]","[339.0, 36]",329.62,120,10.75,-0.4
07:43:37,"[320.4, 60]","[319.0, 24]","[335.0, 48]","[339.0, 36]",327.7,168,14.6,0.0
07:43:38,"[320.17, 42]","[319.66, 59]","[335.0, 48]","[339.0, 36]",327.58,185,14.83,0.09
07:43:39,"[321.0, 10]","[320.0, 70]","[335.0, 40]","[339.0, 30]",328.0,150,14.0,0.07
07:43:40,"[321.0, 5]","[320.0, 35]","[335.0, 20]","[339.0, 15]",328.0,75,14.0,0.07
07:43:41,"[327.82, 79]","[320.52, 21]","[335.0, 36]","[339.0, 27]",331.41,163,7.18,0.23
07:43:42,"[328.0, 198]","[322.0, 18]","[336.06, 65]","[337.7, 81]",332.03,362,8.06,0.19
07:43:43,"[328.01, 199]","[324.28, 29]","[332.53, 38]","[335.0, 76]",330.27,342,4.52,0.33
07:43:44,"[328.1, 62]","[327.53, 86]","[330.0, 28]","[335.0, 56]",329.05,232,1.9,0.28
07:43:45,"[328.0, 56]","[327.0, 32]","[330.0, 16]","[335.0, 32]",329.0,136,2.0,0.29
07:43:46,"[328.0, 70]","[327.0, 40]","[329.0, 31]","[330.0, 20]",328.5,161,1.0,0.37
07:43:47,"[327.82, 44]","[326.74, 38]","[330.0, 22]","[337.18, 44]",328.91,148,2.18,0.11
07:43:48,"[328.39, 66]","[326.32, 37]","[335.0, 36]","[339.77, 52]",331.7,191,6.61,0.08
07:43:49,"[329.0, 45]","[327.0, 36]","[339.0, 36]","[341.0, 26]",334.0,143,10.0,0.13
07:43:50,"[329.0, 66]","[327.0, 56]","[339.0, 56]","[341.0, 28]",334.0,206,10.0,0.18
07:43:51,"[329.0, 36]","[327.0, 48]","[339.0, 48]","[341.0, 24]",334.0,156,10.0,0.08
07:43:52,"[329.0, 30]","[327.0, 52]","[338.9, 40]","[340.64, 22]",333.95,144,9.9,0.14
07:43:53,"[329.0, 15]","[327.0, 50]","[338.0, 20]","[339.22, 18]",333.5,103,9.0,0.26
07:43:54,"[327.29, 105]","[326.24, 59]","[336.43, 56]","[341.0, 28]",331.86,248,9.14,0.32
07:43:55,"[327.45, 29]","[326.88, 80]","[336.0, 60]","[340.2, 30]",331.72,199,8.55,0.1
07:43:56,"[328.0, 9]","[327.0, 54]","[336.0, 36]","[338.0, 18]",332.0,117,8.0,0.08
07:43:57,"[327.5, 12]","[326.92, 37]","[336.0, 28]","[338.0, 14]",331.75,91,8.5,0.08
07:43:58,"[327.0, 60]","[324.0, 10]","[334.9, 42]","[341.0, 31]",330.95,143,7.9,-0.02
07:43:59,"[327.0, 72]","[324.0, 12]","[332.42, 48]","[340.6, 40]",329.71,172,5.42,-0.02
07:44:00,"[327.0, 102]","[324.0, 17]","[329.43, 75]","[335.61, 59]",328.21,253,2.43,-0.06
07:44:01,"[323.92, 26]","[320.24, 51]","[327.94, 85]","[330.51, 82]",325.93,244,4.02,-0.37
07:44:02,"[322.0, 15]","[320.0, 45]","[325.16, 74]","[327.67, 61]",323.58,195,3.16,-0.38
07:44:03,"[319.4, 53]","[317.59, 64]","[324.0, 48]","[324.98, 55]",321.7,220,4.6,0.06
07:44:04,"[319.0, 36]","[316.0, 30]","[334.0, 18]","[335.0, 12]",326.5,96,15.0,0.38
07:44:05,"[319.75, 64]","[317.08, 50]","[334.0, 27]","[335.0, 18]",326.88,159,14.25,0.43
07:44:06,"[321.46, 104]","[317.0, 69]","[334.0, 39]","[335.0, 26]",327.73,238,12.54,0.45
07:44:07,"[322.44, 72]","[317.0, 27]","[334.0, 27]","[335.0, 18]",328.22,144,11.56,0.38
07:44:08,"[323.0, 64]","[317.0, 27]","[334.0, 27]","[335.0, 18]",328.5,136,11.0,0.34
07:44:09,"[324.0, 54]","[317.0, 27]","[333.71, 17]","[334.35, 23]",328.85,121,9.71,0.34
07:44:10,"[324.0, 62]","[317.0, 45]","[331.27, 15]","[334.91, 55]",327.63,177,7.27,0.21
07:44:11,"[324.0, 40]","[317.3, 60]","[329.63, 84]","[333.78, 36]",326.82,220,5.63,-0.09
07:44:12,"[322.7, 74]","[320.99, 107]","[327.37, 43]","[328.19, 47]",325.04,271,4.67,0.34
07:44:13,"[322.0, 84]","[318.0, 33]","[323.57, 30]","[325.91, 11]",322.78,158,1.57,0.48
07:44:14,"[322.0, 80]","[318.0, 39]","[325.6, 20]","[334.0, 21]",323.8,160,3.6,0.49
07:44:15,"[322.0, 32]","[318.0, 21]","[336.0, 7]","[338.0, 21]",329.0,81,14.0,0.31
07:44:16,"[318.57, 28]","[316.6, 20]","[326.4, 10]","[337.33, 18]",322.49,76,7.83,0.26
07:44:17,"[318.83, 29]","[316.92, 13]","[334.22, 9]","[337.2, 25]",326.52,76,15.39,0.11
07:44:18,"[321.75, 16]","[320.82, 51]","[336.0, 13]","[337.0, 39]",328.88,119,14.25,0.13
07:44:19,"[322.75, 12]","[321.0, 48]","[336.0, 12]","[337.0, 36]",329.38,108,13.25,0.11
07:44:20,"[324.35, 17]","[321.0, 68]","[336.0, 17]","[339.97, 61]",330.18,163,11.65,0.04
07:44:21,"[325.22, 9]","[321.14, 29]","[336.0, 8]","[340.0, 24]",330.61,70,10.78,0.09
07:44:22,"[326.48, 23]","[325.79, 28]","[335.8, 61]","[338.84, 55]",331.14,167,9.33,-0.39
07:44:23,"[327.42, 12]","[326.0, 24]","[335.0, 36]","[336.71, 34]",331.21,106,7.58,-0.32
07:44:24,"[328.0, 12]","[326.0, 24]","[334.92, 36]","[337.0, 36]",331.46,108,6.92,-0.33
07:44:25,"[329.0, 16]","[326.62, 32]","[334.0, 56]","[337.0, 48]",331.5,152,5.0,-0.37
07:44:26,"[330.0, 14]","[327.0, 28]","[333.76, 74]","[335.5, 48]",331.88,164,3.76,-0.49
07:44:27,"[327.88, 34]","[326.56, 18]","[332.1, 61]","[334.94, 49]",329.99,162,4.22,-0.36
07:44:28,"[328.0, 60]","[327.0, 20]","[335.4, 62]","[339.23, 30]",331.7,172,7.4,-0.07
07:44:29,"[328.0, 54]","[327.0, 38]","[333.75, 69]","[335.34, 29]",330.88,190,5.75,-0.03
07:44:30,"[328.0, 54]","[327.0, 90]","[330.17, 24]","[331.9, 63]",329.08,231,2.17,0.25
07:44:31,"[327.38, 48]","[325.12, 80]","[331.35, 40]","[336.0, 40]",329.36,208,3.98,0.23
07:44:32,"[324.86, 14]","[322.67, 60]","[338.91, 33]","[339.96, 25]",331.88,132,14.05,0.12
07:44:33,"[325.31, 103]","[323.16, 38]","[336.29, 38]","[339.78, 54]",330.8,233,10.98,0.21
07:44:34,"[326.67, 81]","[322.48, 42]","[336.0, 54]","[342.0, 36]",331.33,213,9.33,0.15
07:44:35,"[327.6, 47]","[325.0, 105]","[334.23, 13]","[335.17, 36]",330.91,201,6.64,0.51
07:44:36,"[327.0, 66]","[322.0, 198]","[332.13, 15]","[334.79, 29]",329.57,308,5.13,0.71
07:44:37,"[327.44, 50]","[322.0, 312]","[330.47, 47]","[331.43, 21]",328.95,430,3.03,0.68
07:44:38,"[322.12, 102]","[320.31, 128]","[328.56, 9]","[334.65, 43]",325.34,282,6.44,0.63
07:44:39,"[322.0, 120]","[320.0, 192]","[327.67, 12]","[335.0, 60]",324.83,384,5.67,0.62
07:44:40,"[322.0, 100]","[320.0, 160]","[326.2, 10]","[336.73, 44]",324.1,314,4.2,0.66
07:44:41,"[322.0, 147]","[320.0, 240]","[324.73, 15]","[334.37, 30]",323.37,432,2.73,0.79
07:44:42,"[322.0, 144]","[320.0, 190]","[323.88, 16]","[324.88, 16]",322.94,366,1.88,0.83
07:44:43,"[322.0, 121]","[320.13, 115]","[323.47, 15]","[337.1, 51]",322.73,302,1.47,0.56
07:44:44,"[322.0, 81]","[321.0, 36]","[329.32, 19]","[336.06, 34]",325.66,170,7.32,0.38
07:44:45,"[322.0, 72]","[320.62, 53]","[335.0, 48]","[341.0, 60]",328.5,233,13.0,0.07
07:44:46,"[322.7, 20]","[321.95, 88]","[335.0, 60]","[372.43, 35]",328.85,203,12.3,0.06
07:44:47,"[324.5, 144]","[323.0, 16]","[334.74, 43]","[361.23, 73]",329.62,276,10.24,0.16
07:44:48,"[327.96, 112]","[325.44, 48]","[331.41, 34]","[335.73, 33]",329.68,227,3.46,0.41
07:44:49,"[329.79, 38]","[326.14, 14]","[331.79, 14]","[340.78, 85]",330.79,151,2.0,-0.31
07:44:50,"[323.11, 57]","[321.63, 81]","[330.0, 17]","[339.0, 33]",326.55,188,6.89,0.47
07:44:51,"[322.0, 72]","[321.0, 48]","[328.75, 12]","[342.0, 36]",325.38,168,6.75,0.43
07:44:52,"[322.0, 66]","[321.0, 54]","[327.36, 11]","[342.0, 51]",324.68,182,5.36,0.32
07:44:53,"[322.0, 72]","[321.0, 126]","[326.07, 14]","[340.15, 62]",324.04,274,4.07,0.45
07:44:54,"[321.33, 48]","[320.06, 85]","[326.0, 9]","[339.37, 38]",323.67,180,4.67,0.48
07:44:55,"[321.0, 99]","[319.0, 190]","[323.47, 19]","[338.42, 57]",322.24,365,2.47,0.58
07:44:56,"[321.0, 39]","[319.0, 130]","[322.15, 13]","[337.31, 39]",321.58,221,1.15,0.53
07:44:57,"[321.0, 48]","[319.0, 160]","[322.0, 16]","[335.0, 48]",321.5,272,1.0,0.53
07:44:58,"[321.0, 30]","[319.0, 100]","[334.54, 28]","[337.0, 39]",327.77,197,13.54,0.32
07:44:59,"[321.0, 48]","[319.0, 160]","[334.8, 60]","[336.23, 47]",327.9,315,13.8,0.32
07:45:00,"[321.0, 12]","[319.0, 40]","[335.0, 32]","[336.0, 8]",328.0,92,14.0,0.13
07:45:01,"[327.11, 140]","[320.68, 62]","[335.0, 96]","[336.0, 24]",331.06,322,7.89,0.25
07:45:02,"[328.0, 270]","[325.67, 72]","[334.07, 60]","[335.02, 116]",331.03,518,6.07,0.32
07:45:03,"[328.0, 266]","[327.0, 84]","[332.5, 56]","[335.0, 80]",330.25,486,4.5,0.44
07:45:04,"[328.0, 142]","[327.0, 48]","[331.5, 32]","[335.0, 16]",329.75,238,3.5,0.6
07:45:05,"[328.1, 116]","[327.6, 154]","[330.05, 84]","[332.0, 68]",329.08,422,1.94,0.28
07:45:06,"[327.0, 96]","[323.0, 68]","[328.94, 85]","[337.0, 86]",327.97,335,1.94,-0.02
07:45:07,"[326.18, 22]","[323.38, 32]","[329.29, 49]","[336.95, 38]",327.73,141,3.1,-0.23
07:45:08,"[327.87, 62]","[323.88, 34]","[335.0, 48]","[337.22, 69]",331.44,213,7.13,-0.1
07:45:09,"[328.0, 40]","[324.0, 20]","[333.5, 40]","[338.25, 36]",330.75,136,5.5,-0.12
07:45:10,"[326.33, 48]","[323.26, 54]","[330.23, 52]","[334.62, 58]",328.28,212,3.9,-0.04
07:45:11,"[324.77, 26]","[323.67, 36]","[327.4, 60]","[329.0, 30]",326.08,152,2.63,-0.18
07:45:12,"[324.0, 30]","[323.0, 60]","[328.31, 39]","[335.14, 43]",326.15,172,4.31,0.05
07:45:13,"[324.0, 10]","[323.0, 20]","[328.0, 15]","[336.92, 13]",326.0,58,4.0,0.03
07:45:14,"[324.0, 22]","[323.0, 44]","[327.36, 33]","[336.0, 11]",325.68,110,3.36,0.2
07:45:15,"[324.0, 24]","[323.0, 48]","[325.5, 36]","[333.0, 12]",324.75,120,1.5,0.2
07:45:16,"[323.5, 24]","[322.69, 32]","[326.92, 25]","[336.61, 23]",325.21,104,3.42,0.08
07:45:17,"[322.91, 33]","[321.16, 61]","[337.71, 34]","[338.56, 64]",330.31,192,14.8,-0.02
07:45:18,"[321.0, 244]","[317.8, 20]","[337.0, 59]","[338.0, 56]",329.0,379,16.0,0.39
07:45:19,"[321.0, 144]","[317.0, 16]","[337.0, 56]","[338.0, 32]",329.0,248,16.0,0.29
07:45:20,"[321.0, 264]","[317.0, 20]","[336.4, 50]","[337.36, 55]",328.7,389,15.4,0.46
07:45:21,"[321.0, 230]","[317.0, 22]","[335.0, 33]","[337.0, 77]",328.0,362,14.0,0.39
07:45:22,"[321.1, 189]","[319.61, 75]","[334.11, 18]","[335.62, 48]",327.6,330,13.02,0.6
07:45:23,"[323.56, 108]","[321.0, 318]","[331.75, 57]","[332.49, 41]",327.65,524,8.2,0.63
07:45:24,"[324.0, 54]","[321.0, 153]","[327.43, 21]","[330.67, 36]",325.71,264,3.43,0.57
07:45:25,"[324.62, 96]","[321.0, 272]","[326.19, 64]","[328.0, 16]",325.41,448,1.56,0.64
07:45:26,"[325.0, 28]","[321.0, 238]","[327.5, 14]","[335.64, 42]",326.25,322,2.5,0.65
07:45:27,"[325.0, 26]","[320.84, 193]","[326.12, 57]","[337.53, 47]",325.56,323,1.12,0.36
07:45:28,"[322.16, 19]","[318.53, 19]","[334.55, 73]","[339.39, 38]",328.35,149,12.39,-0.49
07:45:29,"[320.95, 22]","[319.31, 29]","[338.46, 118]","[339.14, 81]",329.71,250,17.5,-0.59
07:45:30,"[322.71, 34]","[320.57, 28]","[333.0, 54]","[335.75, 64]",327.85,180,10.29,-0.31
07:45:31,"[321.2, 30]","[318.25, 40]","[331.4, 43]","[334.57, 42]",326.3,155,10.2,-0.1
07:45:32,"[319.36, 14]","[316.94, 35]","[329.11, 37]","[330.06, 47]",324.23,133,9.75,-0.26
07:45:33,"[319.27, 22]","[316.79, 38]","[328.0, 56]","[329.0, 42]",323.64,158,8.73,-0.24
07:45:34,"[322.0, 10]","[317.0, 10]","[327.95, 38]","[328.87, 31]",324.97,89,5.95,-0.55
07:45:35,"[322.0, 21]","[316.1, 21]","[325.15, 68]","[326.46, 52]",323.57,162,3.15,-0.48
07:45:36,"[317.38, 13]","[315.13, 23]","[322.56, 32]","[323.36, 33]",319.97,101,5.18,-0.29
07:45:37,"[316.0, 14]","[315.0, 28]","[320.33, 42]","[323.73, 45]",318.17,129,4.33,-0.35
07:45:38,"[316.88, 49]","[315.3, 20]","[330.89, 57]","[332.72, 53]",323.89,179,14.02,-0.23
07:45:39,"[317.19, 57]","[316.16, 38]","[332.0, 60]","[333.0, 60]",324.6,215,14.81,-0.12
07:45:40,"[317.08, 120]","[314.0, 57]","[324.8, 75]","[332.35, 72]",320.94,324,7.72,0.09
07:45:41,"[317.52, 50]","[316.15, 52]","[319.95, 65]","[330.98, 47]",318.74,214,2.43,-0.05
07:45:42,"[313.0, 24]","[312.0, 48]","[320.0, 36]","[334.0, 96]",316.5,204,7.0,-0.29
07:45:43,"[313.0, 16]","[312.0, 32]","[320.0, 24]","[334.0, 64]",316.5,136,7.0,-0.29
07:45:44,"[313.0, 20]","[312.0, 80]","[320.0, 30]","[334.0, 80]",316.5,210,7.0,-0.05
07:45:45,"[313.0, 26]","[312.0, 74]","[319.23, 39]","[326.22, 54]",316.12,193,6.23,0.04
07:45:46,"[313.0, 26]","[312.0, 21]","[318.06, 53]","[319.46, 39]",315.53,139,5.06,-0.32
07:45:47,"[312.62, 26]","[308.67, 48]","[314.42, 60]","[315.77, 64]",313.52,198,1.8,-0.25
07:45:48,"[308.0, 52]","[272.78, 49]","[312.45, 33]","[313.69, 39]",310.23,173,4.45,0.17
07:45:49,"[308.0, 64]","[273.38, 64]","[310.0, 55]","[312.69, 48]",309.0,231,2.0,0.11
07:45:50,"[308.67, 36]","[302.26, 46]","[310.58, 59]","[312.47, 51]",309.62,192,1.91,-0.15
07:45:51,"[309.09, 11]","[303.56, 27]","[311.0, 44]","[312.0, 66]",310.05,148,1.91,-0.49
07:45:52,"[310.0, 14]","[300.23, 47]","[311.53, 45]","[315.2, 60]",310.77,166,1.53,-0.27
07:45:53,"[310.89, 9]","[298.78, 36]","[315.56, 27]","[319.57, 21]",313.22,93,4.67,-0.03
07:45:54,"[312.0, 10]","[299.0, 40]","[321.03, 35]","[324.92, 26]",316.51,111,9.03,-0.1
07:45:55,"[314.14, 14]","[299.29, 45]","[322.97, 33]","[325.93, 58]",318.56,150,8.83,-0.21
07:45:56,"[319.06, 17]","[309.65, 40]","[324.77, 39]","[327.0, 91]",321.91,187,5.71,-0.39
07:45:57,"[322.5, 10]","[321.0, 30]","[326.0, 30]","[327.0, 70]",324.25,140,3.5,-0.43
07:45:58,"[323.23, 13]","[321.0, 39]","[326.0, 39]","[327.0, 91]",324.62,182,2.77,-0.43
07:45:59,"[323.36, 14]","[318.9, 40]","[326.0, 36]","[327.0, 84]",324.68,174,2.64,-0.38
07:46:00,"[321.0, 21]","[309.0, 49]","[326.0, 21]","[327.0, 49]",323.5,140,5.0,0.0
07:46:01,"[321.0, 24]","[320.0, 8]","[326.0, 24]","[327.0, 56]",323.5,112,5.0,-0.43
07:46:02,"[321.0, 27]","[320.0, 9]","[326.0, 27]","[327.0, 45]",323.5,108,5.0,-0.33
07:46:03,"[322.67, 12]","[321.0, 36]","[326.0, 36]","[327.0, 40]",324.33,124,3.33,-0.23
07:46:04,"[323.85, 13]","[321.0, 39]","[326.0, 39]","[327.0, 62]",324.92,153,2.15,-0.32
07:46:05,"[321.69, 13]","[320.53, 17]","[325.45, 20]","[326.31, 35]",323.57,85,3.76,-0.29
07:46:06,"[321.0, 9]","[320.0, 9]","[323.89, 9]","[326.0, 27]",322.44,54,2.89,-0.33
07:46:07,"[321.38, 8]","[320.38, 8]","[323.5, 8]","[327.47, 15]",322.44,39,2.12,-0.18
07:46:08,"[324.92, 109]","[323.03, 128]","[329.69, 49]","[330.62, 53]",327.31,339,4.78,0.4
07:46:09,"[328.0, 120]","[325.08, 12]","[330.0, 48]","[331.0, 36]",329.0,216,2.0,0.22
07:46:10,"[328.9, 200]","[327.97, 122]","[330.0, 56]","[334.89, 36]",329.45,414,1.1,0.56
07:46:11,"[329.0, 258]","[328.0, 180]","[330.0, 72]","[331.0, 36]",329.5,546,1.0,0.6
07:46:12,"[328.57, 69]","[327.82, 33]","[330.33, 18]","[335.67, 9]",329.45,129,1.77,0.58
07:46:13,"[328.1, 89]","[327.11, 18]","[331.0, 18]","[467.67, 9]",329.55,134,2.9,0.6
07:46:14,"[330.0, 81]","[328.0, 90]","[331.0, 18]","[536.84, 19]",330.5,208,1.0,0.64
07:46:15,"[330.0, 61]","[328.0, 90]","[331.0, 18]","[506.72, 18]",330.5,187,1.0,0.61
07:46:16,"[330.0, 10]","[328.0, 100]","[331.0, 20]","[475.6, 10]",330.5,140,1.0,0.57
07:46:17,"[328.46, 26]","[327.94, 62]","[331.0, 16]","[421.25, 8]",329.73,112,2.54,0.57
07:46:18,"[328.0, 80]","[326.0, 8]","[330.07, 30]","[339.07, 15]",329.03,133,2.07,0.32
07:46:19,"[328.0, 90]","[326.0, 9]","[329.0, 36]","[333.33, 18]",328.5,153,1.0,0.29
07:46:20,"[328.0, 81]","[326.0, 12]","[329.3, 46]","[340.7, 23]",328.65,162,1.3,0.15
07:46:21,"[323.08, 119]","[321.91, 11]","[336.0, 22]","[398.43, 14]",329.54,166,12.92,0.57
07:46:22,"[323.0, 117]","[321.0, 9]","[336.0, 18]","[416.67, 9]",329.5,153,13.0,0.65
07:46:23,"[323.21, 96]","[322.76, 84]","[336.0, 24]","[538.0, 13]",329.6,217,12.79,0.66
07:46:24,"[324.05, 65]","[322.94, 17]","[335.18, 22]","[362.95, 21]",329.61,125,11.14,0.31
07:46:25,"[322.0, 45]","[321.0, 15]","[332.87, 30]","[336.0, 30]",327.43,120,10.87,0.0
07:46:26,"[322.77, 64]","[321.81, 26]","[332.0, 24]","[336.0, 24]",327.38,138,9.23,0.3
07:46:27,"[323.83, 81]","[322.91, 69]","[332.0, 22]","[336.0, 22]",327.91,194,8.17,0.55
07:46:28,"[324.83, 54]","[323.0, 126]","[331.67, 36]","[335.83, 36]",328.25,252,6.83,0.43
07:46:29,"[326.0, 19]","[323.0, 77]","[330.45, 22]","[335.0, 22]",328.23,140,4.45,0.37
07:46:30,"[323.57, 49]","[322.34, 145]","[328.08, 26]","[334.77, 26]",325.82,246,4.51,0.58
07:46:31,"[323.0, 70]","[322.0, 150]","[326.3, 23]","[330.19, 26]",324.65,269,3.3,0.64
07:46:32,"[323.19, 42]","[322.12, 112]","[329.62, 26]","[333.37, 19]",326.4,199,6.42,0.55
07:46:33,"[323.0, 20]","[322.0, 70]","[330.0, 15]","[334.0, 10]",326.5,115,7.0,0.57
07:46:34,"[323.77, 52]","[322.49, 82]","[330.0, 39]","[334.0, 26]",326.88,199,6.23,0.35
07:46:35,"[324.44, 36]","[323.0, 36]","[330.0, 27]","[334.0, 18]",327.22,117,5.56,0.23
07:46:36,"[323.8, 40]","[322.11, 110]","[330.0, 30]","[334.0, 20]",326.9,200,6.2,0.5
07:46:37,"[323.0, 8]","[322.0, 28]","[330.0, 6]","[334.0, 4]",326.5,46,7.0,0.57
07:46:38,"[323.0, 8]","[322.0, 28]","[330.0, 6]","[334.0, 4]",326.5,46,7.0,0.57
07:46:39,"[323.0, 20]","[322.0, 70]","[330.0, 15]","[334.0, 10]",326.5,115,7.0,0.57
07:46:40,"[323.0, 52]","[322.0, 182]","[328.49, 63]","[330.21, 38]",325.75,335,5.49,0.4
07:46:41,"[323.35, 43]","[322.11, 110]","[326.7, 50]","[330.62, 32]",325.02,235,3.35,0.3
07:46:42,"[322.5, 52]","[321.98, 186]","[324.99, 71]","[333.15, 53]",323.74,362,2.49,0.31
07:46:43,"[322.0, 156]","[321.0, 24]","[325.82, 44]","[335.2, 20]",323.91,244,3.82,0.48
07:46:44,"[322.0, 130]","[321.0, 20]","[333.5, 10]","[335.75, 24]",327.75,184,11.5,0.63
07:46:45,"[322.0, 130]","[321.0, 20]","[330.2, 10]","[334.0, 10]",326.1,170,8.2,0.76
07:46:46,"[322.0, 123]","[321.0, 22]","[328.0, 11]","[334.0, 30]",325.0,186,6.0,0.56
07:46:47,"[322.06, 100]","[321.38, 29]","[333.3, 40]","[335.0, 10]",327.68,179,11.24,0.44
07:46:48,"[328.99, 79]","[325.25, 24]","[332.96, 50]","[334.06, 17]",330.97,170,3.97,0.21
07:46:49,"[329.08, 72]","[328.0, 12]","[332.0, 12]","[333.28, 25]",330.54,121,2.92,0.39
07:46:50,"[330.0, 63]","[328.0, 11]","[332.0, 11]","[333.73, 22]",331.0,107,2.0,0.38
07:46:51,"[330.0, 24]","[328.0, 8]","[331.5, 8]","[334.0, 16]",330.75,56,1.5,0.14
07:46:52,"[329.93, 30]","[327.91, 11]","[331.92, 13]","[334.71, 28]",330.93,82,1.99,0.0
07:46:53,"[328.0, 7]","[327.0, 7]","[335.91, 44]","[507.53, 17]",331.95,75,7.91,-0.63
07:46:54,"[327.4, 10]","[323.47, 34]","[336.0, 70]","[579.78, 18]",331.7,132,8.6,-0.33
07:46:55,"[325.67, 12]","[322.83, 48]","[336.0, 74]","[508.2, 15]",330.83,149,10.33,-0.19
07:46:56,"[323.0, 6]","[322.0, 12]","[336.0, 36]","[421.29, 7]",329.5,61,13.0,-0.41
07:46:57,"[323.0, 7]","[322.0, 14]","[336.0, 70]","[425.0, 14]",329.5,105,13.0,-0.6
07:46:58,"[323.0, 8]","[322.0, 16]","[336.0, 80]","[441.0, 16]",329.5,120,13.0,-0.6
07:46:59,"[323.0, 8]","[322.0, 16]","[336.0, 80]","[441.0, 16]",329.5,120,13.0,-0.6
07:47:00,"[323.0, 15]","[322.0, 30]","[334.89, 90]","[341.33, 126]",328.94,261,11.89,-0.66
07:47:01,"[322.12, 17]","[321.12, 34]","[333.53, 85]","[336.0, 170]",327.82,306,11.41,-0.67
07:47:02,"[321.43, 14]","[320.38, 32]","[330.8, 44]","[332.8, 41]",326.11,131,9.37,-0.3
07:47:03,"[322.0, 57]","[321.0, 38]","[328.76, 93]","[330.14, 58]",325.38,246,6.76,-0.23
07:47:04,"[323.0, 36]","[321.0, 26]","[329.17, 36]","[330.98, 41]",326.08,139,6.17,-0.11
07:47:05,"[323.0, 20]","[321.0, 20]","[327.34, 29]","[328.43, 21]",325.17,90,4.34,-0.11
07:47:06,"[323.0, 26]","[321.0, 26]","[324.77, 35]","[328.21, 38]",323.89,125,1.77,-0.17
07:47:07,"[318.73, 41]","[318.86, 21]","[324.46, 39]","[332.0, 52]",321.6,153,5.73,-0.19
07:47:08,"[317.21, 116]","[315.0, 34]","[328.15, 65]","[333.21, 58]",322.68,273,10.95,0.1
07:47:09,"[318.01, 101]","[315.36, 42]","[322.0, 22]","[332.0, 88]",320.0,253,3.99,0.13
07:47:10,"[319.94, 77]","[318.25, 109]","[326.44, 36]","[332.36, 88]",323.19,310,6.51,0.2
07:47:11,"[323.56, 16]","[320.0, 160]","[331.06, 64]","[334.88, 64]",327.31,304,7.5,0.16
07:47:12,"[325.0, 13]","[320.52, 81]","[331.0, 52]","[336.0, 70]",328.0,216,6.0,-0.13
07:47:13,"[323.8, 10]","[320.95, 38]","[331.0, 32]","[336.0, 48]",327.4,128,7.2,-0.25
07:47:14,"[322.0, 16]","[320.0, 80]","[331.0, 32]","[336.0, 48]",326.5,176,9.0,0.09
07:47:15,"[322.43, 7]","[320.12, 32]","[331.0, 16]","[336.0, 24]",326.71,79,8.57,-0.01
07:47:16,"[322.5, 12]","[320.23, 47]","[331.0, 28]","[336.0, 42]",326.75,129,8.5,-0.09
07:47:17,"[327.79, 29]","[323.65, 20]","[331.0, 48]","[336.0, 56]",329.4,153,3.21,-0.36
07:47:18,"[330.0, 27]","[328.0, 15]","[331.0, 36]","[336.0, 45]",330.5,123,1.0,-0.32
07:47:19,"[330.0, 11]","[328.0, 10]","[331.0, 20]","[336.0, 25]",330.5,66,1.0,-0.36
07:47:20,"[330.0, 14]","[328.0, 18]","[332.64, 61]","[378.22, 55]",331.32,148,2.64,-0.57
07:47:21,"[322.0, 8]","[321.0, 24]","[331.0, 40]","[337.65, 17]",326.5,89,9.0,-0.28
07:47:22,"[320.24, 51]","[319.7, 23]","[330.93, 43]","[336.02, 44]",325.58,161,10.69,-0.08
07:47:23,"[320.13, 46]","[318.26, 23]","[329.09, 11]","[331.0, 55]",324.61,135,8.96,0.02
07:47:24,"[322.14, 44]","[320.12, 104]","[328.27, 30]","[330.71, 75]",325.2,253,6.13,0.17
07:47:25,"[324.0, 16]","[323.0, 16]","[328.0, 8]","[334.66, 41]",326.0,81,4.0,-0.21
07:47:26,"[324.38, 26]","[323.0, 26]","[327.23, 13]","[337.0, 130]",325.81,195,2.85,-0.47
07:47:27,"[323.0, 14]","[320.0, 70]","[326.29, 14]","[336.39, 90]",324.64,188,3.29,-0.11
07:47:28,"[323.0, 6]","[320.0, 30]","[324.67, 6]","[335.0, 30]",323.83,72,1.67,0.0
07:47:29,"[323.0, 12]","[320.0, 60]","[324.0, 12]","[335.0, 65]",323.5,149,1.0,-0.03
07:47:30,"[320.12, 52]","[315.5, 20]","[335.47, 64]","[359.26, 43]",327.79,179,15.35,-0.2
07:47:31,"[321.5, 40]","[318.5, 30]","[335.0, 55]","[336.29, 34]",328.25,159,13.5,-0.12
07:47:32,"[321.4, 47]","[317.0, 15]","[335.0, 56]","[338.0, 7]",328.2,125,13.6,-0.01
07:47:33,"[323.08, 71]","[320.95, 66]","[335.0, 96]","[338.0, 12]",329.04,245,11.92,0.12
07:47:34,"[321.64, 55]","[319.29, 35]","[335.0, 88]","[338.0, 11]",328.32,189,13.36,-0.05
07:47:35,"[321.81, 27]","[319.49, 39]","[335.0, 88]","[338.0, 11]",328.41,165,13.19,-0.2
07:47:36,"[327.0, 9]","[320.18, 44]","[335.0, 72]","[338.0, 9]",331.0,134,8.0,-0.21
07:47:37,"[327.0, 12]","[322.0, 48]","[334.2, 87]","[335.18, 40]",330.6,187,7.2,-0.36
07:47:38,"[327.0, 9]","[322.0, 36]","[332.22, 45]","[335.0, 27]",329.61,117,5.22,-0.23
07:47:39,"[327.0, 12]","[322.0, 48]","[331.25, 60]","[335.8, 40]",329.12,160,4.25,-0.25
07:47:40,"[327.0, 18]","[322.97, 144]","[329.22, 90]","[337.0, 54]",328.11,306,2.22,0.06
07:47:41,"[324.56, 54]","[323.71, 164]","[328.57, 70]","[332.22, 54]",326.56,342,4.02,0.27
07:47:42,"[324.0, 143]","[322.0, 108]","[325.22, 90]","[335.44, 90]",324.61,431,1.22,0.16
07:47:43,"[324.44, 54]","[322.57, 84]","[339.45, 33]","[340.46, 46]",331.95,217,15.01,0.27
07:47:44,"[325.36, 33]","[323.0, 72]","[334.55, 33]","[334.81, 43]",329.95,181,9.18,0.16
07:47:45,"[329.0, 15]","[324.0, 60]","[330.53, 15]","[332.5, 24]",329.77,114,1.53,0.32
07:47:46,"[324.09, 53]","[322.47, 34]","[328.32, 44]","[330.61, 23]",326.21,154,4.22,0.13
07:47:47,"[324.0, 56]","[322.67, 24]","[325.89, 35]","[326.97, 35]",324.94,150,1.89,0.07
07:47:48,"[322.94, 34]","[321.85, 26]","[324.33, 72]","[332.83, 29]",323.64,161,1.39,-0.25
07:47:49,"[321.9, 20]","[317.57, 21]","[325.12, 34]","[336.53, 34]",323.51,109,3.22,-0.25
07:47:50,"[321.0, 12]","[316.33, 54]","[333.78, 45]","[334.72, 39]",327.39,150,12.78,-0.12
07:47:51,"[317.44, 18]","[315.29, 56]","[331.31, 49]","[332.83, 41]",324.38,164,13.86,-0.1
07:47:52,"[317.0, 20]","[315.0, 66]","[329.22, 46]","[330.3, 53]",323.11,185,12.22,-0.07
07:47:53,"[317.0, 7]","[314.0, 40]","[328.0, 25]","[329.25, 32]",322.5,104,11.0,-0.1
07:47:54,"[317.55, 11]","[316.12, 8]","[324.5, 24]","[325.36, 25]",321.02,68,6.95,-0.44
07:47:55,"[319.28, 54]","[316.0, 18]","[322.59, 56]","[324.14, 70]",320.93,198,3.31,-0.27
07:47:56,"[312.36, 89]","[310.25, 57]","[321.0, 60]","[331.6, 99]",316.68,305,8.64,-0.04
07:47:57,"[314.0, 80]","[309.0, 220]","[324.26, 50]","[327.58, 45]",319.13,395,10.26,0.52
07:47:58,"[316.69, 32]","[315.0, 80]","[330.0, 80]","[331.0, 32]",323.34,224,13.31,0.0
07:47:59,"[320.25, 24]","[315.0, 60]","[330.0, 60]","[331.0, 24]",325.12,168,9.75,0.0
07:48:00,"[320.94, 33]","[315.11, 56]","[330.0, 75]","[331.0, 30]",325.47,194,9.06,-0.08
07:48:01,"[316.0, 55]","[310.45, 11]","[322.29, 35]","[328.64, 25]",319.14,126,6.29,0.05
07:48:02,"[316.33, 45]","[310.0, 9]","[320.71, 17]","[323.43, 23]",318.52,94,4.37,0.15
07:48:03,"[317.29, 70]","[310.47, 17]","[319.14, 14]","[321.0, 42]",318.21,143,1.86,0.22
07:48:04,"[311.03, 33]","[310.11, 19]","[321.0, 33]","[324.0, 22]",316.02,107,9.97,-0.03
07:48:05,"[314.43, 49]","[313.25, 16]","[321.0, 39]","[324.0, 26]",317.71,130,6.57,0.0
07:48:06,"[317.0, 17]","[316.74, 23]","[321.0, 24]","[324.0, 16]",319.0,80,4.0,0.0
07:48:07,"[320.04, 27]","[319.0, 18]","[322.36, 22]","[327.57, 28]",321.2,95,2.33,-0.05
07:48:08,"[322.55, 29]","[320.57, 30]","[324.0, 28]","[329.0, 60]",323.28,147,1.45,-0.2
07:48:09,"[322.14, 28]","[316.82, 11]","[327.48, 23]","[329.83, 48]",324.81,110,5.34,-0.29
07:48:10,"[321.0, 36]","[308.68, 37]","[329.0, 36]","[331.0, 45]",325.0,154,8.0,-0.05
07:48:11,"[321.33, 30]","[316.52, 29]","[329.0, 40]","[331.0, 50]",325.17,149,7.67,-0.21
07:48:12,"[323.25, 56]","[321.62, 32]","[328.0, 52]","[329.37, 54]",325.62,194,4.75,-0.09
07:48:13,"[324.43, 53]","[322.0, 34]","[328.67, 75]","[331.12, 75]",326.55,237,4.23,-0.27
07:48:14,"[325.64, 11]","[322.0, 22]","[331.36, 44]","[335.45, 44]",328.5,121,5.73,-0.45
07:48:15,"[327.71, 21]","[323.52, 29]","[330.0, 48]","[335.0, 48]",328.86,146,2.29,-0.32
07:48:16,"[329.0, 38]","[322.4, 20]","[330.0, 35]","[335.0, 44]",329.5,137,1.0,-0.15
07:48:17,"[329.0, 7]","[327.59, 59]","[330.0, 21]","[335.86, 28]",329.5,115,1.0,0.15
07:48:18,"[329.0, 13]","[328.0, 143]","[330.0, 39]","[335.74, 42]",329.5,237,1.0,0.32
07:48:19,"[328.01, 73]","[324.28, 29]","[329.6, 25]","[333.27, 40]",328.81,167,1.59,0.22
07:48:20,"[328.0, 92]","[322.0, 26]","[330.69, 32]","[333.76, 51]",329.34,201,2.69,0.17
07:48:21,"[328.0, 73]","[324.65, 17]","[331.47, 45]","[334.15, 53]",329.73,188,3.47,-0.04
07:48:22,"[324.89, 18]","[318.38, 26]","[330.08, 48]","[333.0, 36]",327.49,128,5.19,-0.31
07:48:23,"[314.25, 144]","[312.79, 86]","[330.0, 52]","[333.0, 39]",322.12,321,15.75,0.43
07:48:24,"[315.49, 147]","[313.0, 131]","[329.0, 64]","[332.12, 48]",322.24,390,13.51,0.43
07:48:25,"[317.57, 133]","[315.08, 142]","[327.47, 64]","[330.62, 58]",322.52,397,9.9,0.39
07:48:26,"[319.77, 91]","[318.85, 137]","[324.11, 36]","[326.3, 44]",321.94,308,4.34,0.48
07:48:27,"[319.23, 77]","[317.98, 65]","[322.63, 51]","[328.33, 82]",320.93,275,3.39,0.03
07:48:28,"[312.23, 31]","[307.57, 7]","[332.0, 37]","[336.78, 27]",322.11,102,19.77,-0.25
07:48:29,"[317.42, 31]","[311.78, 37]","[330.71, 28]","[332.35, 34]",324.07,130,13.29,0.05
07:48:30,"[313.16, 49]","[311.3, 23]","[329.32, 53]","[331.02, 47]",321.24,172,16.16,-0.16
07:48:31,"[311.97, 159]","[310.99, 71]","[326.33, 45]","[329.4, 75]",319.15,350,14.36,0.31
07:48:32,"[312.44, 224]","[309.5, 60]","[317.43, 80]","[319.32, 95]",314.93,459,4.99,0.24
07:48:33,"[309.13, 115]","[306.17, 58]","[314.0, 70]","[317.0, 56]",311.57,299,4.87,0.16
07:48:34,"[310.2, 70]","[308.47, 81]","[314.0, 55]","[317.0, 44]",312.1,250,3.8,0.21
07:48:35,"[312.0, 22]","[310.0, 110]","[314.0, 55]","[317.0, 44]",313.0,231,2.0,0.14
07:48:36,"[312.53, 38]","[310.09, 94]","[314.0, 55]","[317.0, 44]",313.26,231,1.47,0.14
07:48:37,"[313.0, 130]","[312.0, 26]","[314.0, 63]","[317.0, 52]",313.5,271,1.0,0.15
07:48:38,"[313.0, 60]","[312.0, 12]","[314.0, 18]","[317.0, 24]",313.5,114,1.0,0.26
07:48:39,"[312.65, 34]","[302.32, 62]","[316.82, 51]","[321.8, 100]",314.74,247,4.18,-0.22
07:48:40,"[315.24, 37]","[303.7, 46]","[317.0, 44]","[322.0, 88]",316.12,215,1.76,-0.23
07:48:41,"[315.85, 54]","[305.71, 42]","[320.21, 67]","[323.09, 66]",318.03,229,4.36,-0.16
07:48:42,"[318.41, 17]","[316.91, 23]","[322.0, 56]","[326.0, 24]",320.21,120,3.59,-0.33
07:48:43,"[319.85, 26]","[317.0, 39]","[322.0, 90]","[326.65, 49]",320.92,204,2.15,-0.36
07:48:44,"[318.67, 33]","[308.63, 59]","[322.0, 62]","[328.0, 112]",320.33,266,3.33,-0.31
07:48:45,"[309.0, 39]","[305.25, 24]","[322.0, 18]","[326.0, 24]",315.5,105,13.0,0.2
07:48:46,"[306.0, 55]","[304.0, 51]","[317.0, 12]","[322.27, 22]",311.5,140,11.0,0.51
07:48:47,"[306.0, 65]","[304.0, 78]","[323.45, 53]","[324.85, 59]",314.73,255,17.45,0.12
07:48:48,"[306.0, 55]","[304.0, 66]","[318.73, 37]","[320.62, 16]",312.36,174,12.73,0.39
07:48:49,"[306.0, 55]","[304.0, 66]","[317.29, 51]","[320.52, 58]",311.65,230,11.29,0.05
07:48:50,"[306.0, 45]","[304.0, 54]","[315.0, 9]","[318.44, 45]",310.5,153,9.0,0.29
07:48:51,"[306.0, 65]","[304.0, 78]","[314.0, 13]","[319.15, 53]",310.0,209,8.0,0.37
07:48:52,"[306.0, 55]","[304.0, 61]","[313.18, 11]","[320.92, 78]",309.59,205,7.18,0.13
07:48:53,"[306.0, 55]","[304.0, 11]","[313.0, 11]","[321.0, 73]",309.5,150,7.0,-0.12
07:48:54,"[308.83, 65]","[307.82, 57]","[313.0, 14]","[321.0, 84]",310.92,220,4.17,0.11
07:48:55,"[310.83, 90]","[309.0, 72]","[313.0, 18]","[321.0, 108]",311.92,288,2.17,0.12
07:48:56,"[311.41, 68]","[310.04, 67]","[320.36, 55]","[321.28, 58]",315.89,248,8.95,0.09
07:48:57,"[313.65, 81]","[312.28, 90]","[319.3, 73]","[321.08, 78]",316.48,322,5.65,0.06
07:48:58,"[316.6, 60]","[314.0, 75]","[320.69, 71]","[410.13, 69]",318.65,275,4.09,-0.02
07:48:59,"[317.08, 74]","[311.03, 58]","[322.04, 55]","[351.06, 54]",319.56,241,4.96,0.1
