Time,Bid1,Bid2,Ask1,Ask2,Mid-Price,Total_volume,Bid_ask_spread,Order_imbalance
07:30:00,"[0, 0]","[0, 0]","[0, 0]","[0, 0]",0.0,0,0.0,0.0
07:30:01,"[325.0, 1]","[0, 0]","[0, 0]","[0, 0]",162.5,1,-325.0,1.0
07:30:02,"[325.0, 4]","[292.0, 2]","[724.38, 8]","[800.0, 15]",524.69,29,399.38,-0.59
07:30:03,"[325.0, 1]","[292.0, 1]","[713.0, 1]","[800.0, 5]",519.0,8,388.0,-0.5
07:30:04,"[325.0, 1]","[292.0, 1]","[713.0, 1]","[800.0, 5]",519.0,8,388.0,-0.5
07:30:05,"[325.0, 5]","[312.57, 14]","[507.82, 17]","[667.77, 13]",416.41,49,182.82,-0.22
07:30:06,"[325.0, 10]","[318.65, 34]","[365.6, 50]","[375.63, 46]",345.3,140,40.6,-0.37
07:30:07,"[325.0, 3]","[321.0, 9]","[348.67, 15]","[376.14, 7]",336.83,34,23.67,-0.29
07:30:08,"[325.5, 6]","[322.0, 12]","[356.67, 30]","[424.0, 6]",341.08,54,31.17,-0.33
07:30:09,"[326.0, 7]","[325.0, 7]","[355.56, 32]","[392.64, 11]",340.78,57,29.56,-0.51
07:30:10,"[326.0, 6]","[325.0, 6]","[353.0, 12]","[355.0, 30]",339.5,54,27.0,-0.56
07:30:11,"[325.6, 10]","[324.0, 12]","[331.34, 38]","[337.43, 35]",328.47,95,5.74,-0.54
07:30:12,"[322.0, 6]","[321.0, 18]","[329.0, 12]","[331.0, 30]",325.5,66,7.0,-0.27
07:30:13,"[322.0, 7]","[321.0, 21]","[327.28, 32]","[329.59, 17]",324.64,77,5.28,-0.27
07:30:14,"[322.0, 9]","[321.0, 27]","[326.9, 39]","[328.17, 24]",324.45,99,4.9,-0.27
07:30:15,"[316.35, 51]","[306.85, 26]","[323.41, 61]","[325.71, 58]",319.88,196,7.06,-0.21
07:30:16,"[316.0, 51]","[299.0, 17]","[320.86, 58]","[321.52, 61]",318.43,187,4.86,-0.27
07:30:17,"[316.0, 36]","[299.0, 12]","[319.36, 39]","[320.78, 45]",317.68,132,3.36,-0.27
07:30:18,"[316.0, 36]","[309.72, 47]","[318.23, 52]","[319.17, 48]",317.12,183,2.23,-0.09
07:30:19,"[311.24, 25]","[287.14, 42]","[317.03, 29]","[318.55, 31]",314.14,127,5.79,0.06
07:30:20,"[299.0, 15]","[265.0, 45]","[312.15, 48]","[316.5, 32]",305.57,140,13.15,-0.14
07:30:21,"[299.0, 14]","[282.86, 42]","[310.95, 38]","[312.62, 52]",304.97,146,11.95,-0.23
07:30:22,"[299.0, 5]","[290.0, 15]","[312.0, 15]","[317.0, 15]",305.5,50,13.0,-0.2
07:30:23,"[299.9, 29]","[295.32, 22]","[311.54, 39]","[314.19, 48]",305.72,138,11.64,-0.26
07:30:24,"[300.17, 36]","[299.12, 17]","[310.76, 50]","[311.62, 48]",305.46,151,10.59,-0.3
07:30:25,"[301.83, 36]","[300.48, 42]","[309.06, 32]","[311.0, 48]",305.45,158,7.23,-0.01
07:30:26,"[302.0, 20]","[300.0, 10]","[308.0, 20]","[311.0, 30]",305.0,80,6.0,-0.25
07:30:27,"[302.95, 38]","[301.47, 19]","[307.58, 24]","[311.0, 36]",305.27,117,4.64,-0.03
07:30:28,"[304.28, 50]","[302.0, 28]","[307.97, 31]","[311.21, 42]",306.12,151,3.69,0.03
07:30:29,"[306.77, 52]","[303.67, 36]","[313.9, 49]","[315.55, 80]",310.33,217,7.13,-0.19
07:30:30,"[308.76, 42]","[308.08, 74]","[316.87, 45]","[320.86, 65]",312.81,226,8.1,0.03
07:30:31,"[314.24, 82]","[312.71, 42]","[320.0, 17]","[496.0, 33]",317.12,174,5.76,0.43
07:30:32,"[317.38, 16]","[315.38, 32]","[320.0, 8]","[559.0, 40]",318.69,96,2.62,0.0
07:30:33,"[317.46, 26]","[315.33, 60]","[319.38, 24]","[494.6, 50]",318.42,160,1.91,0.07
07:30:34,"[317.33, 18]","[315.24, 68]","[319.67, 18]","[419.12, 34]",318.5,138,2.33,0.25
07:30:35,"[317.0, 16]","[315.0, 80]","[321.1, 20]","[380.75, 16]",319.05,132,4.1,0.45
07:30:36,"[315.74, 46]","[314.02, 86]","[319.64, 33]","[324.73, 11]",317.69,176,3.9,0.5
07:30:37,"[315.0, 90]","[301.11, 18]","[319.0, 27]","[327.0, 9]",317.0,144,4.0,0.5
07:30:38,"[315.0, 50]","[302.0, 10]","[318.4, 15]","[327.0, 5]",316.7,80,3.4,0.5
07:30:39,"[315.0, 84]","[302.29, 17]","[318.16, 25]","[413.09, 33]",316.58,159,3.16,0.27
07:30:40,"[315.0, 36]","[305.6, 10]","[325.0, 16]","[341.0, 32]",320.0,94,10.0,-0.02
07:30:41,"[315.0, 18]","[310.0, 6]","[325.0, 12]","[417.0, 24]",320.0,60,10.0,-0.2
07:30:42,"[315.0, 21]","[310.0, 7]","[323.33, 27]","[339.94, 31]",319.17,86,8.33,-0.35
07:30:43,"[314.8, 41]","[305.67, 21]","[319.7, 69]","[320.71, 66]",317.25,197,4.89,-0.37
07:30:44,"[311.0, 8]","[302.0, 16]","[316.22, 37]","[317.14, 35]",313.61,96,5.22,-0.5
07:30:45,"[309.71, 14]","[301.32, 31]","[315.0, 52]","[316.0, 65]",312.36,162,5.29,-0.44
07:30:46,"[302.0, 16]","[299.0, 56]","[312.32, 25]","[314.17, 36]",307.16,133,10.32,0.08
07:30:47,"[305.89, 72]","[301.22, 27]","[308.0, 11]","[309.0, 55]",306.94,165,2.11,0.2
07:30:48,"[306.0, 59]","[302.0, 18]","[307.14, 29]","[308.98, 41]",306.57,147,1.14,0.05
07:30:49,"[301.62, 32]","[298.4, 10]","[308.2, 25]","[309.6, 25]",304.91,92,6.57,-0.09
07:30:50,"[299.53, 38]","[296.3, 33]","[309.0, 57]","[310.0, 70]",304.26,198,9.47,-0.28
07:30:51,"[302.33, 24]","[298.67, 24]","[309.43, 42]","[311.67, 36]",305.88,126,7.1,-0.24
07:30:52,"[303.07, 15]","[301.12, 16]","[310.0, 24]","[320.0, 8]",306.53,63,6.93,-0.02
07:30:53,"[305.43, 14]","[303.6, 10]","[310.0, 28]","[320.0, 8]",307.71,60,4.57,-0.2
07:30:54,"[311.67, 18]","[305.0, 12]","[318.0, 21]","[342.4, 15]",314.83,66,6.33,-0.09
07:30:55,"[323.0, 18]","[317.2, 40]","[324.0, 23]","[359.33, 27]",323.5,108,1.0,0.07
07:30:56,"[323.0, 12]","[322.0, 48]","[324.0, 12]","[404.5, 36]",323.5,108,1.0,0.11
07:30:57,"[322.2, 15]","[319.67, 18]","[323.4, 10]","[354.0, 14]",322.8,57,1.2,0.16
07:30:58,"[307.62, 91]","[305.14, 42]","[322.77, 39]","[324.46, 13]",315.19,185,15.15,0.44
07:30:59,"[308.77, 48]","[306.1, 84]","[322.0, 36]","[327.0, 12]",315.39,180,13.23,0.47
07:31:00,"[309.28, 61]","[308.37, 75]","[319.72, 50]","[324.65, 20]",314.5,206,10.44,0.32
07:31:01,"[306.2, 15]","[303.0, 18]","[311.52, 21]","[313.0, 36]",308.86,90,5.32,-0.27
07:31:02,"[305.0, 18]","[302.0, 18]","[310.44, 18]","[313.0, 36]",307.72,90,5.44,-0.2
07:31:03,"[305.0, 20]","[303.2, 20]","[308.9, 20]","[313.0, 40]",306.95,100,3.9,-0.2
07:31:04,"[305.0, 18]","[304.0, 18]","[307.44, 18]","[313.0, 36]",306.22,90,2.44,-0.2
07:31:05,"[304.55, 22]","[302.24, 37]","[311.44, 36]","[314.22, 23]",307.99,118,6.9,0.0
07:31:06,"[305.33, 42]","[302.55, 55]","[313.0, 56]","[317.0, 20]",309.17,173,7.67,0.12
07:31:07,"[307.07, 15]","[304.06, 34]","[313.0, 44]","[317.0, 33]",310.03,126,5.93,-0.22
07:31:08,"[309.94, 18]","[308.95, 21]","[325.57, 30]","[451.4, 15]",317.76,84,15.62,-0.07
07:31:09,"[319.89, 18]","[312.93, 15]","[350.0, 9]","[640.67, 9]",334.94,51,30.11,0.29
07:31:10,"[321.48, 27]","[317.8, 49]","[484.38, 24]","[592.77, 35]",402.93,135,162.89,0.13
07:31:11,"[315.73, 44]","[314.43, 37]","[362.0, 23]","[538.83, 18]",338.86,122,46.27,0.33
07:31:12,"[312.0, 37]","[310.61, 59]","[514.38, 37]","[614.44, 36]",413.19,169,202.38,0.14
07:31:13,"[310.0, 52]","[309.0, 14]","[382.44, 25]","[478.83, 12]",346.22,103,72.44,0.28
07:31:14,"[315.33, 27]","[309.47, 19]","[391.5, 8]","[394.0, 32]",353.42,86,76.17,0.07
07:31:15,"[322.0, 40]","[310.0, 39]","[388.38, 13]","[396.94, 51]",355.19,143,66.38,0.1
07:31:16,"[322.0, 41]","[310.43, 23]","[356.24, 17]","[431.33, 15]",339.12,96,34.24,0.33
07:31:17,"[322.0, 30]","[315.0, 6]","[387.67, 6]","[400.0, 6]",354.83,48,65.67,0.5
07:31:18,"[322.0, 65]","[313.0, 29]","[371.31, 13]","[431.92, 13]",346.65,120,49.31,0.57
07:31:19,"[322.0, 50]","[319.0, 20]","[377.0, 10]","[446.6, 10]",349.5,90,55.0,0.56
07:31:20,"[322.0, 42]","[319.0, 118]","[356.89, 35]","[401.39, 28]",339.44,223,34.89,0.43
07:31:21,"[321.38, 48]","[318.88, 253]","[379.17, 36]","[379.92, 24]",350.27,361,57.79,0.67
07:31:22,"[319.0, 120]","[314.0, 72]","[358.58, 12]","[370.5, 12]",338.79,216,39.58,0.78
07:31:23,"[321.13, 60]","[318.27, 74]","[335.35, 20]","[339.5, 20]",328.24,174,14.22,0.54
07:31:24,"[323.46, 39]","[321.05, 43]","[331.5, 12]","[333.08, 12]",327.48,106,8.04,0.55
07:31:25,"[324.0, 51]","[323.0, 51]","[328.52, 29]","[328.68, 50]",326.26,181,4.52,0.13
07:31:26,"[323.38, 24]","[320.71, 35]","[325.03, 33]","[326.11, 9]",324.2,101,1.66,0.17
07:31:27,"[319.69, 70]","[318.16, 97]","[324.0, 13]","[355.47, 19]",321.84,199,4.31,0.68
07:31:28,"[319.02, 93]","[316.66, 64]","[321.88, 8]","[332.29, 7]",320.45,172,2.85,0.83
07:31:29,"[319.01, 167]","[314.96, 89]","[320.92, 12]","[324.18, 11]",319.96,279,1.91,0.84
07:31:30,"[319.0, 94]","[314.0, 42]","[398.29, 7]","[598.63, 19]",358.64,162,79.29,0.68
07:31:31,"[319.0, 60]","[314.0, 30]","[550.0, 5]","[592.0, 20]",434.5,115,231.0,0.57
07:31:32,"[319.0, 108]","[314.0, 54]","[550.0, 9]","[592.0, 36]",434.5,207,231.0,0.57
07:31:33,"[319.0, 80]","[314.0, 48]","[564.05, 20]","[632.0, 4]",441.52,152,245.05,0.68
07:31:34,"[319.0, 80]","[314.0, 60]","[337.17, 30]","[339.0, 2]",328.08,172,18.17,0.63
07:31:35,"[319.0, 96]","[316.08, 137]","[333.04, 49]","[406.21, 19]",326.02,301,14.04,0.55
07:31:36,"[319.0, 74]","[317.0, 190]","[320.97, 38]","[324.18, 28]",319.99,330,1.97,0.6
07:31:37,"[319.0, 42]","[317.0, 114]","[320.5, 30]","[331.0, 12]",319.75,198,1.5,0.58
07:31:38,"[319.0, 63]","[317.0, 171]","[320.0, 45]","[326.36, 11]",319.5,290,1.0,0.61
07:31:39,"[319.0, 66]","[317.0, 190]","[320.0, 50]","[330.0, 20]",319.5,326,1.0,0.57
07:31:40,"[318.02, 59]","[316.8, 183]","[325.16, 31]","[353.76, 29]",321.59,302,7.14,0.6
07:31:41,"[322.0, 9]","[317.0, 171]","[330.0, 18]","[331.0, 27]",326.0,225,8.0,0.6
07:31:42,"[322.0, 11]","[317.97, 74]","[329.06, 32]","[330.13, 23]",325.53,140,7.06,0.21
07:31:43,"[322.0, 10]","[319.0, 40]","[328.2, 30]","[330.0, 20]",325.1,100,6.2,0.0
07:31:44,"[321.2, 15]","[318.4, 63]","[328.0, 36]","[333.76, 50]",324.6,164,6.8,-0.05
07:31:45,"[320.36, 44]","[317.05, 214]","[327.57, 42]","[333.15, 74]",323.97,374,7.21,0.38
07:31:46,"[322.0, 40]","[319.0, 10]","[325.31, 26]","[326.55, 22]",323.65,98,3.31,0.02
07:31:47,"[322.0, 50]","[319.0, 14]","[324.42, 24]","[326.5, 30]",323.21,118,2.42,0.08
07:31:48,"[322.0, 43]","[319.0, 13]","[323.0, 13]","[334.38, 29]",322.5,98,1.0,0.14
07:31:49,"[319.43, 7]","[317.02, 115]","[323.0, 7]","[334.0, 14]",321.21,143,3.57,0.71
07:31:50,"[317.01, 208]","[314.07, 67]","[323.0, 12]","[330.8, 30]",320.01,317,5.99,0.74
07:31:51,"[317.0, 126]","[314.0, 42]","[322.4, 10]","[331.0, 11]",319.7,189,5.4,0.78
07:31:52,"[317.0, 180]","[314.0, 60]","[320.1, 10]","[322.0, 20]",318.55,270,3.1,0.78
07:31:53,"[317.0, 90]","[314.0, 30]","[320.0, 5]","[322.0, 10]",318.5,135,3.0,0.78
07:31:54,"[316.83, 210]","[313.92, 72]","[319.62, 16]","[321.74, 23]",318.23,321,2.8,0.76
07:31:55,"[316.0, 12]","[314.0, 72]","[318.25, 24]","[320.0, 12]",317.12,120,2.25,0.4
07:31:56,"[315.22, 181]","[312.15, 119]","[320.66, 29]","[328.64, 44]",317.94,373,5.43,0.61
07:31:57,"[315.0, 99]","[314.0, 66]","[329.0, 22]","[415.9, 41]",322.0,228,14.0,0.45
07:31:58,"[315.61, 59]","[312.17, 35]","[329.0, 22]","[474.36, 45]",322.31,161,13.39,0.17
07:31:59,"[317.0, 24]","[314.0, 6]","[329.0, 12]","[423.0, 24]",323.0,66,12.0,-0.09
07:32:00,"[312.96, 49]","[310.19, 27]","[329.0, 18]","[459.0, 36]",320.98,130,16.04,0.17
07:32:01,"[311.0, 74]","[306.0, 55]","[325.47, 17]","[425.13, 30]",318.24,176,14.47,0.47
07:32:02,"[311.0, 24]","[306.0, 22]","[317.0, 6]","[329.83, 12]",314.0,64,6.0,0.44
07:32:03,"[311.0, 40]","[306.0, 12]","[326.9, 21]","[355.78, 23]",318.95,96,15.9,0.08
07:32:04,"[311.44, 36]","[309.84, 49]","[322.07, 41]","[354.38, 32]",316.76,158,10.63,0.08
07:32:05,"[313.0, 28]","[310.0, 63]","[317.0, 35]","[329.25, 16]",315.0,142,4.0,0.28
07:32:06,"[313.0, 44]","[308.67, 27]","[315.27, 44]","[317.0, 55]",314.14,170,2.27,-0.16
07:32:07,"[312.4, 35]","[305.18, 11]","[313.91, 44]","[317.64, 55]",313.15,145,1.51,-0.37
07:32:08,"[306.0, 5]","[303.0, 5]","[312.18, 11]","[315.27, 22]",309.09,43,6.18,-0.53
07:32:09,"[306.8, 15]","[304.71, 7]","[309.25, 16]","[312.11, 19]",308.02,57,2.45,-0.23
07:32:10,"[307.0, 27]","[306.0, 9]","[309.0, 36]","[310.0, 9]",308.0,81,2.0,-0.11
07:32:11,"[307.0, 30]","[306.0, 10]","[309.0, 40]","[310.0, 10]",308.0,90,2.0,-0.11
07:32:12,"[307.29, 28]","[303.24, 38]","[309.0, 35]","[310.0, 14]",308.14,115,1.71,0.15
07:32:13,"[306.64, 11]","[303.82, 11]","[309.0, 11]","[310.0, 11]",307.82,44,2.36,0.0
07:32:14,"[307.67, 6]","[304.0, 6]","[309.0, 6]","[310.0, 6]",308.33,24,1.33,0.0
07:32:15,"[308.0, 9]","[302.0, 9]","[311.34, 29]","[316.97, 31]",309.67,78,3.34,-0.54
07:32:16,"[305.88, 17]","[300.54, 41]","[309.66, 79]","[311.43, 70]",307.77,207,3.78,-0.44
07:32:17,"[303.86, 98]","[302.0, 14]","[314.72, 39]","[313.82, 57]",309.29,208,10.86,0.08
07:32:18,"[305.73, 79]","[304.5, 52]","[317.0, 19]","[319.0, 52]",311.37,202,11.27,0.3
07:32:19,"[308.65, 113]","[304.74, 35]","[317.0, 17]","[319.0, 68]",312.82,233,8.35,0.27
07:32:20,"[312.42, 43]","[311.46, 61]","[318.12, 16]","[319.02, 49]",315.27,169,5.71,0.23
07:32:21,"[313.69, 13]","[304.23, 47]","[318.23, 52]","[319.27, 55]",315.96,167,4.54,-0.28
07:32:22,"[314.69, 77]","[307.0, 14]","[318.0, 56]","[320.53, 60]",316.34,207,3.31,-0.12
07:32:23,"[315.17, 48]","[314.9, 84]","[318.0, 48]","[321.0, 48]",316.58,228,2.83,0.16
07:32:24,"[316.79, 38]","[315.04, 83]","[318.0, 44]","[321.0, 44]",317.39,209,1.21,0.16
07:32:25,"[317.0, 111]","[316.0, 12]","[319.92, 52]","[331.0, 52]",318.46,227,2.92,0.08
07:32:26,"[318.57, 46]","[316.84, 25]","[322.81, 31]","[340.14, 35]",320.69,137,4.24,0.04
07:32:27,"[321.0, 54]","[319.0, 84]","[340.12, 48]","[362.61, 56]",330.56,242,19.12,0.14
07:32:28,"[321.0, 15]","[319.0, 77]","[429.77, 47]","[568.08, 39]",375.38,178,108.77,0.03
07:32:29,"[321.0, 7]","[319.0, 49]","[324.95, 19]","[477.57, 21]",322.97,96,3.95,0.17
07:32:30,"[321.0, 14]","[319.0, 98]","[323.07, 14]","[325.64, 42]",322.04,168,2.07,0.33
07:32:31,"[318.94, 65]","[318.17, 36]","[320.8, 15]","[326.67, 45]",319.87,161,1.86,0.25
07:32:32,"[308.4, 50]","[306.9, 29]","[318.33, 21]","[323.29, 21]",313.37,121,9.93,0.31
07:32:33,"[306.0, 90]","[305.0, 54]","[317.77, 39]","[318.29, 21]",311.88,204,11.77,0.41
07:32:34,"[306.0, 160]","[305.0, 96]","[313.56, 36]","[316.29, 28]",309.78,320,7.56,0.6
07:32:35,"[306.0, 120]","[305.0, 72]","[310.46, 13]","[312.14, 14]",308.23,219,4.46,0.75
07:32:36,"[306.0, 84]","[305.0, 72]","[307.0, 24]","[310.2, 15]",306.5,195,1.0,0.6
07:32:37,"[306.0, 56]","[305.0, 48]","[308.15, 13]","[313.74, 19]",307.08,136,2.15,0.53
07:32:38,"[306.0, 42]","[305.0, 36]","[316.0, 6]","[324.0, 18]",311.0,102,10.0,0.53
07:32:39,"[307.11, 47]","[305.58, 52]","[320.0, 9]","[329.0, 27]",313.55,135,12.89,0.47
07:32:40,"[320.43, 42]","[313.0, 30]","[328.74, 34]","[390.26, 35]",324.58,141,8.31,0.02
07:32:41,"[321.0, 52]","[307.3, 66]","[329.0, 39]","[410.14, 42]",325.0,199,8.0,0.19
07:32:42,"[321.21, 56]","[308.68, 100]","[329.0, 42]","[439.52, 54]",325.11,252,7.79,0.24
07:32:43,"[322.0, 40]","[310.79, 47]","[329.0, 30]","[448.42, 19]",325.5,136,7.0,0.28
07:32:44,"[322.0, 44]","[321.0, 11]","[328.97, 31]","[386.14, 37]",325.48,123,6.97,-0.11
07:32:45,"[322.92, 48]","[321.0, 12]","[328.0, 12]","[329.58, 36]",325.46,108,5.08,0.11
07:32:46,"[322.14, 37]","[314.73, 37]","[328.0, 16]","[330.0, 48]",325.07,138,5.86,0.07
07:32:47,"[322.0, 23]","[321.0, 8]","[326.38, 8]","[330.0, 24]",324.19,63,4.38,-0.02
07:32:48,"[322.0, 18]","[321.0, 10]","[323.64, 14]","[329.54, 26]",322.82,68,1.64,-0.18
07:32:49,"[315.88, 32]","[308.89, 18]","[320.48, 23]","[328.67, 27]",318.18,100,4.6,0.0
07:32:50,"[308.0, 20]","[300.4, 70]","[316.36, 25]","[319.0, 25]",312.18,140,8.36,0.29
07:32:51,"[307.62, 16]","[293.93, 54]","[314.09, 22]","[317.0, 33]",310.86,125,6.47,0.12
07:32:52,"[306.0, 9]","[302.0, 36]","[313.11, 18]","[317.0, 27]",309.56,90,7.11,0.0
07:32:53,"[306.0, 7]","[302.27, 22]","[310.71, 14]","[317.43, 23]",308.36,66,4.71,-0.12
07:32:54,"[306.0, 10]","[302.18, 34]","[309.96, 49]","[318.1, 50]",307.98,143,3.96,-0.38
07:32:55,"[306.0, 10]","[302.0, 40]","[310.0, 38]","[317.4, 50]",308.0,138,4.0,-0.28
07:32:56,"[308.12, 51]","[306.0, 17]","[313.62, 29]","[317.18, 85]",310.87,182,5.5,-0.25
07:32:57,"[311.08, 39]","[309.38, 21]","[317.0, 75]","[318.0, 75]",314.04,210,5.92,-0.43
07:32:58,"[313.85, 130]","[312.0, 39]","[317.0, 65]","[318.0, 65]",315.42,299,3.15,0.13
07:32:59,"[315.1, 73]","[312.77, 22]","[317.12, 40]","[318.55, 38]",316.11,173,2.03,0.1
07:33:00,"[314.23, 30]","[312.91, 22]","[318.0, 75]","[325.0, 45]",316.12,172,3.77,-0.4
07:33:01,"[314.89, 18]","[309.0, 36]","[317.04, 28]","[319.43, 47]",315.96,129,2.15,-0.16
07:33:02,"[314.0, 22]","[304.0, 44]","[315.36, 11]","[318.21, 19]",314.68,96,1.36,0.38
07:33:03,"[307.68, 38]","[303.65, 34]","[318.33, 51]","[320.26, 61]",313.01,184,10.65,-0.22
07:33:04,"[304.5, 48]","[303.6, 30]","[312.05, 42]","[320.2, 51]",308.27,171,7.55,-0.09
07:33:05,"[305.0, 44]","[304.0, 44]","[308.0, 43]","[316.4, 50]",306.5,181,3.0,-0.03
07:33:06,"[305.4, 40]","[304.36, 44]","[308.0, 33]","[309.63, 51]",306.7,168,2.6,0.0
07:33:07,"[306.6, 30]","[305.5, 48]","[308.38, 39]","[309.42, 57]",307.49,174,1.78,-0.1
07:33:08,"[306.5, 56]","[303.76, 50]","[309.0, 70]","[310.43, 47]",307.75,223,2.5,-0.05
07:33:09,"[308.0, 52]","[298.0, 13]","[309.0, 65]","[310.0, 39]",308.5,169,1.0,-0.23
07:33:10,"[304.86, 56]","[296.92, 26]","[309.34, 35]","[310.35, 46]",307.1,163,4.49,0.01
07:33:11,"[297.91, 22]","[296.95, 37]","[310.5, 30]","[316.0, 45]",304.2,134,12.59,-0.12
07:33:12,"[300.0, 20]","[297.0, 40]","[311.0, 20]","[320.0, 50]",305.5,130,11.0,-0.08
07:33:13,"[300.0, 28]","[297.0, 56]","[311.0, 14]","[320.0, 70]",305.5,168,11.0,0.0
07:33:14,"[300.5, 24]","[297.0, 48]","[309.18, 28]","[317.43, 28]",304.84,128,8.68,0.12
07:33:15,"[302.92, 24]","[297.0, 48]","[307.17, 36]","[311.0, 12]",305.04,120,4.25,0.2
07:33:16,"[299.77, 26]","[296.75, 48]","[305.58, 36]","[311.0, 12]",302.68,122,5.81,0.21
07:33:17,"[298.0, 20]","[297.0, 40]","[305.0, 30]","[311.0, 10]",301.5,100,7.0,0.2
07:33:18,"[299.6, 30]","[297.11, 54]","[305.0, 42]","[311.0, 14]",302.3,140,5.4,0.2
07:33:19,"[302.18, 34]","[301.26, 38]","[305.0, 39]","[311.0, 13]",303.59,124,2.82,0.16
07:33:20,"[303.21, 14]","[301.05, 38]","[310.26, 54]","[315.24, 68]",306.74,174,7.04,-0.4
07:33:21,"[305.31, 16]","[300.0, 32]","[310.46, 92]","[312.4, 98]",307.88,238,5.14,-0.6
07:33:22,"[306.86, 14]","[292.86, 49]","[308.45, 56]","[310.0, 90]",307.65,209,1.59,-0.4
07:33:23,"[291.34, 38]","[288.83, 36]","[308.83, 42]","[310.86, 43]",300.09,159,17.49,-0.07
07:33:24,"[290.47, 34]","[288.11, 19]","[309.0, 35]","[314.0, 28]",299.74,116,18.53,-0.09
07:33:25,"[293.12, 17]","[288.31, 13]","[309.0, 35]","[314.0, 28]",301.06,93,15.88,-0.35
07:33:26,"[294.0, 27]","[288.68, 19]","[309.0, 45]","[314.0, 36]",301.5,127,15.0,-0.28
07:33:27,"[294.0, 12]","[289.0, 12]","[309.0, 20]","[314.0, 16]",301.5,60,15.0,-0.2
07:33:28,"[294.0, 9]","[289.0, 9]","[309.0, 15]","[314.0, 12]",301.5,45,15.0,-0.2
07:33:29,"[294.0, 27]","[289.0, 27]","[309.0, 45]","[313.07, 15]",301.5,114,15.0,-0.05
07:33:30,"[294.0, 18]","[289.0, 18]","[308.93, 27]","[310.5, 10]",301.46,73,14.93,-0.01
07:33:31,"[294.0, 30]","[289.0, 30]","[307.4, 20]","[308.85, 41]",300.7,121,13.4,-0.01
07:33:32,"[294.85, 26]","[290.0, 30]","[307.0, 20]","[308.0, 20]",300.92,96,12.15,0.17
07:33:33,"[296.0, 28]","[291.12, 48]","[307.0, 28]","[308.71, 49]",301.5,153,11.0,-0.01
07:33:34,"[293.92, 72]","[292.54, 39]","[307.76, 21]","[308.8, 50]",300.84,182,13.85,0.22
07:33:35,"[294.0, 72]","[293.0, 36]","[308.74, 31]","[309.42, 53]",301.37,192,14.74,0.12
07:33:36,"[294.22, 54]","[293.6, 60]","[307.0, 28]","[309.71, 56]",300.61,198,12.78,0.15
07:33:37,"[297.0, 78]","[296.0, 13]","[305.9, 50]","[308.11, 36]",301.45,177,8.9,0.03
07:33:38,"[297.3, 60]","[296.0, 10]","[305.0, 50]","[307.0, 20]",301.15,140,7.7,0.0
07:33:39,"[299.33, 72]","[295.06, 31]","[305.0, 58]","[307.0, 24]",302.17,185,5.67,0.11
07:33:40,"[302.4, 30]","[301.54, 89]","[305.31, 42]","[307.2, 30]",303.85,191,2.91,0.25
07:33:41,"[304.93, 45]","[303.34, 41]","[306.02, 81]","[307.18, 34]",305.48,201,1.09,-0.14
07:33:42,"[305.19, 57]","[304.2, 99]","[307.12, 34]","[308.24, 34]",306.16,224,1.92,0.39
07:33:43,"[307.0, 17]","[291.88, 69]","[311.24, 21]","[313.9, 83]",309.12,190,4.24,-0.09
07:33:44,"[308.0, 80]","[307.0, 16]","[310.02, 46]","[311.42, 45]",309.01,187,2.02,0.03
07:33:45,"[308.46, 37]","[307.0, 9]","[310.0, 36]","[312.0, 9]",309.23,91,1.54,0.01
07:33:46,"[309.0, 13]","[292.53, 57]","[310.0, 41]","[312.0, 13]",309.5,124,1.0,0.13
07:33:47,"[295.09, 22]","[290.71, 28]","[310.0, 24]","[312.0, 10]",302.55,84,14.91,0.19
07:33:48,"[296.0, 37]","[290.38, 26]","[310.0, 22]","[312.0, 11]",303.0,96,14.0,0.31
07:33:49,"[292.2, 20]","[291.0, 36]","[310.0, 24]","[312.0, 12]",301.1,92,17.8,0.22
07:33:50,"[294.0, 8]","[292.0, 40]","[309.0, 8]","[310.0, 16]",301.5,72,15.0,0.33
07:33:51,"[294.0, 8]","[292.0, 40]","[309.0, 8]","[310.0, 16]",301.5,72,15.0,0.33
07:33:52,"[294.0, 11]","[292.0, 55]","[311.45, 11]","[314.5, 40]",302.73,117,17.45,0.13
07:33:53,"[294.75, 16]","[292.38, 34]","[312.0, 10]","[315.0, 40]",303.38,100,17.25,0.0
07:33:54,"[296.77, 30]","[295.72, 29]","[311.09, 22]","[324.5, 36]",303.93,117,14.32,0.01
07:33:55,"[300.75, 60]","[300.29, 38]","[307.0, 67]","[315.05, 60]",303.88,225,6.25,-0.13
07:33:56,"[306.23, 35]","[304.38, 48]","[357.37, 19]","[430.6, 45]",331.8,147,51.14,0.13
07:33:57,"[309.79, 29]","[306.17, 36]","[443.83, 24]","[474.0, 39]",376.81,128,134.04,0.02
07:33:58,"[309.27, 41]","[308.08, 36]","[441.69, 49]","[476.72, 43]",375.48,169,132.43,-0.09
07:33:59,"[314.76, 49]","[312.96, 49]","[331.47, 66]","[407.75, 28]",323.11,192,16.71,0.02
07:34:00,"[317.4, 45]","[313.24, 51]","[320.0, 74]","[322.0, 15]",318.7,185,2.6,0.04
07:34:01,"[315.0, 58]","[308.92, 100]","[318.19, 37]","[319.31, 26]",316.59,221,3.19,0.43
07:34:02,"[306.86, 56]","[292.08, 72]","[312.97, 30]","[314.44, 32]",309.91,190,6.11,0.35
07:34:03,"[304.05, 63]","[290.18, 76]","[308.45, 22]","[312.0, 11]",306.25,172,4.41,0.62
07:34:04,"[305.93, 45]","[301.8, 90]","[308.33, 24]","[318.33, 27]",307.13,186,2.4,0.45
07:34:05,"[308.45, 44]","[302.4, 60]","[311.0, 12]","[322.0, 36]",309.73,152,2.55,0.37
07:34:06,"[309.67, 52]","[302.52, 69]","[319.8, 30]","[364.68, 40]",314.74,191,10.13,0.27
07:34:07,"[311.94, 48]","[303.74, 57]","[322.0, 36]","[418.5, 32]",316.97,173,10.06,0.21
07:34:08,"[313.25, 72]","[312.75, 72]","[320.64, 14]","[337.92, 37]",316.95,195,7.39,0.48
07:34:09,"[314.27, 45]","[313.0, 141]","[323.09, 33]","[325.0, 36]",318.68,255,8.82,0.46
07:34:10,"[316.05, 66]","[314.7, 81]","[324.0, 36]","[327.0, 24]",320.02,207,7.95,0.42
07:34:11,"[317.33, 36]","[316.0, 108]","[324.0, 36]","[327.0, 24]",320.67,204,6.67,0.41
07:34:12,"[318.0, 39]","[316.0, 117]","[323.85, 39]","[326.36, 28]",320.92,223,5.85,0.4
07:34:13,"[318.0, 38]","[316.0, 126]","[320.67, 36]","[322.68, 22]",319.33,222,2.67,0.48
07:34:14,"[316.24, 42]","[313.75, 48]","[319.45, 20]","[323.0, 24]",317.84,134,3.21,0.34
07:34:15,"[317.4, 15]","[316.04, 84]","[320.38, 24]","[327.14, 35]",318.89,158,2.98,0.25
07:34:16,"[317.0, 12]","[316.0, 108]","[330.0, 36]","[334.0, 24]",323.5,180,13.0,0.33
07:34:17,"[316.34, 38]","[311.57, 122]","[332.5, 32]","[373.86, 56]",324.42,248,16.16,0.29
07:34:18,"[316.41, 29]","[307.49, 67]","[325.43, 23]","[333.37, 19]",320.92,138,9.02,0.39
07:34:19,"[319.33, 27]","[313.5, 48]","[323.35, 60]","[329.76, 17]",321.34,152,4.02,-0.01
07:34:20,"[322.0, 12]","[316.0, 36]","[327.0, 12]","[330.0, 12]",324.5,72,5.0,0.33
07:34:21,"[322.0, 15]","[315.5, 32]","[326.14, 42]","[328.2, 15]",324.07,104,4.14,-0.1
07:34:22,"[322.0, 10]","[317.0, 20]","[326.0, 40]","[327.0, 10]",324.0,80,4.0,-0.25
07:34:23,"[322.0, 13]","[318.88, 16]","[324.87, 46]","[327.73, 22]",323.43,97,2.87,-0.4
07:34:24,"[319.28, 18]","[315.04, 25]","[321.71, 34]","[327.18, 44]",320.49,121,2.43,-0.29
07:34:25,"[317.5, 24]","[311.4, 15]","[320.14, 21]","[326.2, 30]",318.82,90,2.64,-0.13
07:34:26,"[317.95, 19]","[315.46, 13]","[321.0, 26]","[333.08, 26]",319.47,84,3.05,-0.24
07:34:27,"[318.8, 20]","[315.2, 10]","[322.7, 20]","[332.2, 20]",320.75,70,3.9,-0.14
07:34:28,"[312.31, 16]","[306.83, 12]","[331.91, 22]","[332.83, 24]",322.11,74,19.6,-0.24
07:34:29,"[307.57, 14]","[304.0, 70]","[311.64, 59]","[327.22, 36]",309.61,179,4.07,-0.06
07:34:30,"[305.24, 21]","[303.78, 110]","[309.43, 28]","[311.0, 70]",307.33,229,4.19,0.14
07:34:31,"[304.0, 96]","[300.0, 72]","[307.94, 16]","[309.77, 35]",305.97,219,3.94,0.53
07:34:32,"[304.0, 88]","[300.0, 66]","[305.31, 16]","[308.0, 28]",304.66,198,1.31,0.56
07:34:33,"[304.0, 104]","[300.0, 78]","[305.0, 14]","[308.0, 26]",304.5,222,1.0,0.64
07:34:34,"[304.0, 64]","[300.0, 48]","[305.0, 8]","[308.0, 16]",304.5,136,1.0,0.65
07:34:35,"[304.0, 64]","[300.0, 48]","[305.0, 8]","[308.0, 16]",304.5,136,1.0,0.65
07:34:36,"[304.0, 88]","[300.0, 66]","[307.12, 17]","[308.55, 22]",305.56,193,3.12,0.6
07:34:37,"[304.5, 32]","[303.35, 74]","[308.0, 20]","[309.0, 20]",306.25,146,3.5,0.45
07:34:38,"[305.2, 10]","[304.0, 35]","[308.0, 10]","[309.0, 10]",306.6,65,2.8,0.38
07:34:39,"[306.0, 16]","[302.25, 56]","[308.45, 11]","[310.61, 31]",307.23,114,2.45,0.26
07:34:40,"[306.0, 14]","[302.0, 49]","[312.67, 24]","[315.73, 22]",309.33,109,6.67,0.16
07:34:41,"[306.27, 22]","[302.0, 77]","[313.69, 35]","[320.68, 38]",309.98,172,7.41,0.15
07:34:42,"[308.1, 20]","[302.0, 70]","[313.0, 40]","[319.68, 38]",310.55,168,4.9,0.07
07:34:43,"[309.45, 22]","[302.0, 77]","[312.81, 32]","[315.84, 37]",311.13,168,3.36,0.18
07:34:44,"[310.15, 13]","[298.0, 84]","[312.88, 34]","[316.5, 40]",311.52,171,2.73,0.13
07:34:45,"[295.85, 34]","[294.03, 39]","[313.0, 27]","[317.0, 36]",304.43,136,17.15,0.07
07:34:46,"[304.0, 8]","[294.05, 22]","[313.0, 12]","[317.0, 19]",308.5,61,9.0,-0.02
07:34:47,"[298.14, 29]","[293.94, 49]","[310.79, 19]","[312.11, 27]",304.46,124,12.65,0.26
07:34:48,"[294.0, 10]","[293.0, 10]","[311.0, 30]","[313.0, 30]",302.5,80,17.0,-0.5
07:34:49,"[294.0, 10]","[293.0, 10]","[311.0, 30]","[313.0, 30]",302.5,80,17.0,-0.5
07:34:50,"[297.82, 66]","[293.7, 10]","[311.0, 30]","[313.0, 30]",304.41,136,13.18,0.12
07:34:51,"[298.0, 45]","[292.4, 5]","[311.0, 15]","[313.0, 15]",304.5,80,13.0,0.25
07:34:52,"[298.0, 45]","[291.2, 5]","[311.0, 15]","[313.0, 15]",304.5,80,13.0,0.25
07:34:53,"[299.2, 75]","[296.15, 39]","[311.44, 27]","[313.8, 35]",305.32,176,12.24,0.3
07:34:54,"[299.0, 108]","[292.17, 24]","[314.65, 68]","[315.44, 36]",306.82,236,15.65,0.12
07:34:55,"[300.38, 72]","[298.76, 51]","[315.0, 84]","[321.24, 33]",307.69,240,14.62,0.03
07:34:56,"[302.0, 36]","[300.0, 18]","[315.0, 42]","[321.0, 15]",308.5,111,13.0,-0.03
07:34:57,"[302.9, 60]","[301.89, 57]","[314.23, 31]","[315.76, 55]",308.56,203,11.33,0.15
07:34:58,"[306.31, 48]","[304.77, 78]","[313.13, 46]","[315.16, 38]",309.72,210,6.82,0.2
07:34:59,"[308.0, 30]","[305.0, 84]","[310.27, 30]","[312.76, 41]",309.13,185,2.27,0.23
07:35:00,"[306.07, 41]","[303.78, 111]","[312.61, 23]","[314.47, 57]",309.34,232,6.54,0.31
07:35:01,"[306.0, 72]","[302.0, 108]","[313.33, 30]","[316.25, 40]",309.67,250,7.33,0.44
07:35:02,"[308.22, 55]","[303.28, 47]","[314.0, 50]","[317.07, 29]",311.11,181,5.78,0.13
07:35:03,"[310.83, 48]","[308.29, 14]","[314.8, 50]","[320.44, 41]",312.82,153,3.97,-0.19
07:35:04,"[314.0, 11]","[308.0, 6]","[318.0, 12]","[322.0, 30]",316.0,59,4.0,-0.42
07:35:05,"[314.22, 9]","[309.33, 9]","[318.0, 18]","[322.0, 45]",316.11,81,3.78,-0.56
07:35:06,"[314.7, 10]","[304.13, 15]","[317.86, 21]","[321.79, 39]",316.28,85,3.16,-0.41
07:35:07,"[302.0, 21]","[296.38, 146]","[314.93, 28]","[319.18, 17]",308.46,212,12.93,0.58
07:35:08,"[301.33, 18]","[296.24, 133]","[311.76, 29]","[318.85, 26]",306.55,206,10.43,0.47
07:35:09,"[300.32, 19]","[297.07, 83]","[322.0, 10]","[325.0, 40]",311.16,152,21.68,0.34
07:35:10,"[300.0, 18]","[297.0, 81]","[322.0, 9]","[324.14, 28]",311.0,136,22.0,0.46
07:35:11,"[301.83, 70]","[299.34, 41]","[321.1, 20]","[323.42, 52]",311.46,183,19.27,0.21
07:35:12,"[313.21, 76]","[302.12, 34]","[320.78, 36]","[330.03, 39]",316.99,185,7.57,0.19
07:35:13,"[319.5, 30]","[315.9, 31]","[321.0, 32]","[433.3, 20]",320.25,113,1.5,0.08
07:35:14,"[319.05, 58]","[306.78, 27]","[321.0, 15]","[652.41, 34]",320.03,134,1.95,0.27
07:35:15,"[314.71, 49]","[303.33, 21]","[318.33, 58]","[321.93, 56]",316.52,184,3.61,-0.24
07:35:16,"[304.0, 20]","[302.0, 10]","[318.83, 46]","[320.44, 18]",311.41,94,14.83,-0.36
07:35:17,"[304.0, 14]","[302.0, 7]","[320.0, 35]","[322.29, 7]",312.0,63,16.0,-0.33
07:35:18,"[303.9, 101]","[301.55, 22]","[320.0, 82]","[324.91, 43]",311.95,248,16.1,-0.01
07:35:19,"[304.0, 64]","[301.5, 8]","[318.33, 33]","[324.2, 25]",311.17,130,14.33,0.11
07:35:20,"[304.0, 104]","[301.0, 13]","[308.94, 35]","[315.61, 46]",306.47,198,4.94,0.18
07:35:21,"[306.18, 11]","[304.56, 25]","[309.0, 21]","[310.0, 14]",307.59,71,2.82,0.01
07:35:22,"[307.41, 34]","[306.58, 24]","[309.0, 31]","[310.0, 34]",308.21,123,1.59,-0.06
07:35:23,"[306.96, 23]","[302.38, 56]","[310.27, 22]","[313.23, 31]",308.61,132,3.32,0.2
07:35:24,"[299.15, 78]","[296.85, 79]","[314.0, 11]","[316.0, 44]",306.58,212,14.85,0.48
07:35:25,"[299.0, 40]","[296.0, 35]","[314.0, 5]","[316.0, 20]",306.5,100,15.0,0.5
07:35:26,"[299.0, 72]","[296.0, 63]","[314.0, 9]","[316.0, 36]",306.5,180,15.0,0.5
07:35:27,"[299.0, 88]","[296.0, 77]","[314.0, 11]","[316.0, 44]",306.5,220,15.0,0.5
07:35:28,"[299.0, 64]","[296.0, 56]","[315.93, 29]","[321.48, 46]",307.47,195,16.93,0.23
07:35:29,"[299.0, 48]","[296.0, 42]","[316.0, 24]","[318.43, 21]",307.5,135,17.0,0.33
07:35:30,"[299.0, 48]","[296.0, 42]","[316.0, 24]","[317.0, 18]",307.5,132,17.0,0.36
07:35:31,"[299.0, 80]","[296.0, 70]","[316.16, 19]","[319.31, 39]",307.58,208,17.16,0.44
07:35:32,"[299.44, 75]","[297.85, 117]","[315.0, 15]","[316.73, 45]",307.22,252,15.56,0.52
07:35:33,"[301.0, 45]","[298.0, 179]","[313.81, 54]","[317.59, 46]",307.41,324,12.81,0.38
07:35:34,"[303.32, 22]","[298.95, 88]","[311.0, 48]","[314.0, 48]",307.16,206,7.68,0.07
07:35:35,"[309.27, 30]","[303.09, 58]","[311.0, 43]","[314.0, 60]",310.13,191,1.73,-0.08
07:35:36,"[304.0, 37]","[300.86, 63]","[313.72, 53]","[316.56, 78]",308.86,231,9.72,-0.13
07:35:37,"[304.0, 28]","[301.15, 47]","[312.5, 22]","[313.73, 44]",308.25,141,8.5,0.06
07:35:38,"[304.64, 22]","[297.0, 88]","[309.83, 12]","[312.42, 19]",307.23,141,5.2,0.56
07:35:39,"[306.57, 46]","[298.14, 148]","[311.39, 46]","[314.0, 92]",308.98,332,4.83,0.17
07:35:40,"[307.0, 18]","[301.0, 81]","[310.38, 16]","[313.5, 32]",308.69,147,3.38,0.35
07:35:41,"[302.82, 38]","[301.48, 88]","[309.1, 63]","[310.96, 50]",305.96,239,6.28,0.05
07:35:42,"[305.0, 17]","[302.0, 123]","[308.12, 51]","[310.0, 34]",306.56,225,3.12,0.24
07:35:43,"[305.39, 23]","[300.42, 57]","[308.47, 38]","[310.62, 21]",306.93,139,3.08,0.15
07:35:44,"[299.94, 32]","[296.65, 69]","[306.63, 19]","[311.0, 14]",303.28,134,6.69,0.51
07:35:45,"[299.75, 24]","[297.13, 45]","[305.08, 36]","[306.38, 39]",302.42,144,5.33,-0.04
07:35:46,"[302.73, 15]","[296.39, 57]","[304.17, 36]","[306.0, 90]",303.45,198,1.43,-0.27
07:35:47,"[303.14, 14]","[293.65, 46]","[305.11, 18]","[307.47, 34]",304.13,112,1.97,0.07
07:35:48,"[296.32, 31]","[291.83, 72]","[308.69, 13]","[312.08, 13]",302.51,129,12.37,0.6
07:35:49,"[296.0, 27]","[294.62, 42]","[311.89, 9]","[313.44, 9]",303.94,87,15.89,0.59
07:35:50,"[295.07, 45]","[293.35, 34]","[312.5, 12]","[313.67, 9]",303.78,100,17.43,0.58
07:35:51,"[295.0, 72]","[293.0, 48]","[310.82, 33]","[312.33, 27]",302.91,180,15.82,0.33
07:35:52,"[295.0, 78]","[293.0, 52]","[310.13, 23]","[311.33, 36]",302.57,189,15.13,0.38
07:35:53,"[293.88, 68]","[289.94, 48]","[308.65, 60]","[310.28, 39]",301.27,215,14.77,0.08
07:35:54,"[298.91, 23]","[293.08, 48]","[307.87, 71]","[309.2, 25]",303.39,167,8.96,-0.15
07:35:55,"[293.71, 56]","[289.96, 25]","[308.0, 70]","[309.15, 27]",300.86,178,14.29,-0.09
07:35:56,"[294.29, 41]","[291.69, 52]","[308.0, 55]","[309.0, 22]",301.15,170,13.71,0.09
07:35:57,"[296.07, 90]","[293.24, 29]","[308.0, 70]","[309.0, 28]",302.03,217,11.93,0.1
07:35:58,"[297.0, 42]","[294.0, 70]","[308.0, 70]","[309.0, 28]",302.5,210,11.0,0.07
07:35:59,"[297.0, 36]","[294.0, 60]","[308.0, 60]","[309.0, 22]",302.5,178,11.0,0.08
07:36:00,"[297.64, 33]","[293.62, 39]","[308.0, 55]","[309.0, 31]",302.82,158,10.36,-0.09
07:36:01,"[298.0, 33]","[293.77, 13]","[308.0, 55]","[309.0, 33]",303.0,134,10.0,-0.31
07:36:02,"[300.6, 35]","[299.85, 39]","[308.0, 65]","[309.0, 39]",304.3,178,7.4,-0.17
07:36:03,"[304.13, 15]","[303.16, 37]","[310.18, 55]","[311.07, 28]",307.16,135,6.05,-0.23
07:36:04,"[308.52, 33]","[306.21, 34]","[311.12, 49]","[320.23, 30]",309.82,146,2.61,-0.08
07:36:05,"[311.91, 23]","[302.44, 54]","[314.86, 70]","[387.0, 26]",313.39,173,2.94,-0.11
07:36:06,"[305.26, 23]","[299.8, 98]","[313.91, 44]","[325.64, 44]",309.58,209,8.65,0.16
07:36:07,"[301.98, 84]","[298.2, 50]","[390.94, 33]","[409.78, 23]",346.46,190,88.96,0.41
07:36:08,"[323.54, 26]","[320.21, 43]","[371.0, 10]","[399.42, 19]",347.27,98,47.46,0.41
07:36:09,"[323.6, 20]","[321.8, 30]","[347.31, 26]","[391.57, 14]",335.45,90,23.71,0.11
07:36:10,"[323.0, 33]","[317.0, 27]","[333.22, 18]","[335.0, 45]",328.11,123,10.22,-0.02
07:36:11,"[323.0, 20]","[317.0, 30]","[331.7, 20]","[334.83, 47]",327.35,117,8.7,-0.15
07:36:12,"[320.27, 22]","[315.84, 43]","[329.0, 22]","[330.18, 22]",324.64,109,8.73,0.19
07:36:13,"[318.47, 60]","[315.33, 48]","[328.0, 24]","[330.0, 24]",323.23,156,9.53,0.38
07:36:14,"[319.0, 99]","[317.0, 18]","[327.89, 18]","[329.78, 18]",323.44,153,8.89,0.53
07:36:15,"[319.0, 143]","[317.0, 26]","[324.77, 26]","[325.85, 26]",321.88,221,5.77,0.53
07:36:16,"[319.0, 137]","[317.0, 26]","[320.77, 26]","[327.91, 23]",319.88,212,1.77,0.54
07:36:17,"[318.94, 66]","[316.64, 22]","[351.41, 39]","[413.4, 20]",335.17,147,32.47,0.2
07:36:18,"[314.1, 10]","[309.31, 13]","[360.25, 40]","[599.0, 8]",337.18,71,46.15,-0.35
07:36:19,"[311.22, 9]","[260.22, 18]","[334.0, 45]","[592.22, 9]",322.61,81,22.78,-0.33
07:36:20,"[312.28, 46]","[291.03, 35]","[543.29, 14]","[755.37, 19]",427.78,114,231.0,0.42
07:36:21,"[322.0, 18]","[315.0, 72]","[435.2, 20]","[675.31, 26]",378.6,136,113.2,0.32
07:36:22,"[322.0, 32]","[315.0, 64]","[329.0, 32]","[331.0, 16]",325.5,144,7.0,0.33
07:36:23,"[322.0, 32]","[315.0, 72]","[327.38, 32]","[404.71, 28]",324.69,164,5.38,0.27
07:36:24,"[316.27, 55]","[314.69, 58]","[326.57, 56]","[467.14, 56]",321.42,225,10.3,0.0
07:36:25,"[315.29, 35]","[314.83, 60]","[321.46, 57]","[330.54, 35]",318.37,187,6.17,0.02
07:36:26,"[307.65, 23]","[281.21, 38]","[316.85, 33]","[318.2, 45]",312.25,139,9.2,-0.12
07:36:27,"[303.0, 36]","[260.33, 24]","[313.71, 35]","[315.18, 28]",308.36,123,10.71,-0.02
07:36:28,"[304.33, 27]","[244.44, 39]","[309.38, 26]","[310.04, 27]",306.86,119,5.05,0.11
07:36:29,"[305.88, 24]","[244.75, 40]","[308.64, 22]","[310.74, 23]",307.26,109,2.76,0.17
07:36:30,"[289.47, 17]","[266.83, 23]","[307.89, 36]","[311.58, 31]",298.68,107,18.42,-0.25
07:36:31,"[282.64, 11]","[272.56, 18]","[308.44, 25]","[312.56, 27]",295.54,81,25.8,-0.28
07:36:32,"[283.1, 10]","[249.95, 37]","[307.08, 38]","[311.19, 16]",295.09,101,23.98,-0.07
07:36:33,"[284.45, 11]","[272.0, 55]","[459.63, 27]","[532.84, 25]",372.04,118,175.18,0.12
07:36:34,"[299.93, 15]","[272.7, 37]","[433.5, 32]","[625.45, 22]",366.72,106,133.57,-0.02
07:36:35,"[320.11, 57]","[308.06, 16]","[399.0, 20]","[421.0, 40]",359.55,133,78.89,0.1
07:36:36,"[322.0, 25]","[314.0, 5]","[418.56, 18]","[576.6, 20]",370.28,68,96.56,-0.12
07:36:37,"[322.0, 25]","[314.0, 5]","[421.0, 20]","[518.25, 16]",371.5,66,99.0,-0.09
07:36:38,"[322.0, 45]","[314.0, 9]","[340.0, 36]","[468.33, 36]",331.0,126,18.0,-0.14
07:36:39,"[322.0, 60]","[314.0, 12]","[510.1, 39]","[569.58, 38]",416.05,149,188.1,-0.03
07:36:40,"[322.0, 70]","[316.81, 94]","[424.62, 26]","[553.33, 49]",373.31,239,102.62,0.37
07:36:41,"[322.0, 85]","[317.0, 257]","[406.32, 71]","[467.77, 47]",364.16,460,84.32,0.49
07:36:42,"[318.04, 159]","[316.93, 164]","[342.83, 24]","[344.33, 30]",330.44,377,24.8,0.71
07:36:43,"[318.41, 152]","[316.96, 236]","[339.21, 38]","[341.75, 24]",328.81,450,20.8,0.72
07:36:44,"[319.6, 30]","[317.0, 110]","[333.67, 15]","[337.0, 20]",326.63,175,14.07,0.6
07:36:45,"[320.0, 27]","[317.0, 99]","[331.0, 9]","[332.44, 9]",325.5,144,11.0,0.75
07:36:46,"[318.25, 20]","[316.9, 52]","[330.0, 6]","[332.0, 6]",324.12,84,11.75,0.71
07:36:47,"[319.0, 28]","[317.0, 126]","[328.35, 17]","[329.72, 18]",323.68,189,9.35,0.63
07:36:48,"[318.2, 30]","[316.58, 90]","[321.9, 21]","[324.07, 15]",320.05,156,3.7,0.54
07:36:49,"[316.4, 45]","[315.24, 21]","[321.05, 22]","[323.12, 17]",318.72,105,4.65,0.26
07:36:50,"[317.0, 31]","[314.33, 12]","[318.88, 17]","[366.75, 16]",317.94,76,1.88,0.13
07:36:51,"[317.0, 9]","[314.0, 9]","[318.44, 9]","[423.4, 20]",317.72,47,1.44,-0.23
07:36:52,"[315.5, 8]","[311.0, 16]","[419.33, 12]","[536.88, 16]",367.42,52,103.83,-0.08
07:36:53,"[314.0, 8]","[310.0, 24]","[550.25, 16]","[620.5, 16]",432.12,64,236.25,0.0
07:36:54,"[314.0, 9]","[310.0, 27]","[577.0, 18]","[636.56, 18]",445.5,72,263.0,0.0
07:36:55,"[323.02, 55]","[318.36, 44]","[460.18, 44]","[603.81, 32]",391.6,175,137.16,0.13
07:36:56,"[324.0, 36]","[323.0, 32]","[525.38, 16]","[628.62, 26]",424.69,110,201.38,0.24
07:36:57,"[324.0, 18]","[323.0, 36]","[365.67, 18]","[534.5, 24]",344.83,96,41.67,0.12
07:36:58,"[324.0, 13]","[323.0, 32]","[337.38, 16]","[406.3, 20]",330.69,81,13.38,0.11
07:36:59,"[323.05, 21]","[316.57, 14]","[333.45, 22]","[336.82, 22]",328.25,79,10.41,-0.11
07:37:00,"[310.18, 34]","[308.43, 61]","[325.44, 18]","[333.0, 18]",317.81,131,15.27,0.45
07:37:01,"[314.25, 72]","[309.43, 88]","[322.62, 26]","[325.77, 26]",318.43,212,8.37,0.51
07:37:02,"[318.0, 58]","[315.0, 22]","[447.73, 22]","[665.59, 29]",382.86,131,129.73,0.22
07:37:03,"[323.0, 36]","[317.37, 19]","[469.81, 32]","[623.5, 18]",396.41,105,146.81,0.05
07:37:04,"[324.0, 36]","[322.12, 34]","[505.93, 15]","[574.44, 18]",414.97,103,181.93,0.36
07:37:05,"[324.0, 34]","[323.0, 77]","[354.0, 40]","[523.39, 31]",339.0,182,30.0,0.22
07:37:06,"[323.5, 36]","[322.38, 72]","[353.0, 48]","[582.0, 36]",338.25,192,29.5,0.12
07:37:07,"[323.0, 36]","[318.0, 18]","[352.87, 23]","[488.48, 25]",337.93,102,29.87,0.06
07:37:08,"[323.0, 66]","[318.0, 33]","[350.91, 33]","[353.0, 44]",336.95,176,27.91,0.12
07:37:09,"[323.0, 42]","[320.47, 51]","[348.4, 30]","[351.3, 33]",335.7,156,25.4,0.19
07:37:10,"[322.39, 23]","[320.85, 59]","[344.31, 35]","[345.57, 28]",333.35,145,21.92,0.13
07:37:11,"[321.0, 67]","[318.0, 33]","[339.78, 45]","[344.65, 34]",330.39,179,18.78,0.12
07:37:12,"[321.0, 54]","[318.0, 27]","[338.61, 33]","[343.12, 32]",329.8,146,17.61,0.11
07:37:13,"[321.0, 84]","[318.0, 42]","[338.36, 44]","[340.41, 54]",329.68,224,17.36,0.12
07:37:14,"[321.0, 72]","[318.0, 36]","[333.42, 48]","[336.0, 36]",327.21,192,12.42,0.12
07:37:15,"[321.0, 72]","[318.64, 22]","[330.18, 40]","[331.23, 39]",325.59,173,9.18,0.09
07:37:16,"[321.0, 72]","[320.0, 12]","[327.23, 39]","[328.14, 44]",324.12,167,6.23,0.01
07:37:17,"[321.0, 90]","[320.0, 15]","[324.22, 50]","[325.13, 46]",322.61,201,3.22,0.04
07:37:18,"[320.77, 26]","[318.5, 24]","[321.81, 26]","[322.81, 37]",321.29,113,1.04,-0.12
07:37:19,"[315.74, 93]","[314.75, 85]","[319.52, 58]","[321.38, 58]",317.63,294,3.78,0.21
07:37:20,"[315.0, 110]","[314.0, 70]","[316.8, 40]","[349.24, 42]",315.9,262,1.8,0.37
07:37:21,"[316.29, 14]","[315.0, 77]","[365.24, 25]","[501.72, 25]",340.76,141,48.95,0.29
07:37:22,"[317.5, 24]","[315.0, 132]","[477.25, 16]","[583.52, 40]",397.38,212,159.75,0.47
07:37:23,"[318.17, 12]","[316.39, 36]","[394.0, 18]","[548.12, 24]",356.08,90,75.83,0.07
07:37:24,"[319.83, 24]","[317.0, 60]","[409.24, 46]","[463.5, 36]",364.54,166,89.41,0.01
07:37:25,"[320.83, 24]","[316.0, 60]","[437.43, 56]","[474.5, 40]",379.13,180,116.6,-0.07
07:37:26,"[321.0, 12]","[316.0, 40]","[436.0, 24]","[437.0, 40]",378.5,116,115.0,-0.1
07:37:27,"[321.0, 10]","[316.0, 50]","[433.02, 44]","[434.33, 36]",377.01,140,112.02,-0.14
07:37:28,"[322.09, 11]","[316.0, 55]","[406.12, 51]","[416.19, 37]",364.1,154,84.03,-0.14
07:37:29,"[314.29, 42]","[216.57, 40]","[380.92, 38]","[381.81, 26]",347.6,146,66.64,0.12
07:37:30,"[315.74, 39]","[314.0, 77]","[379.0, 33]","[381.0, 55]",347.37,204,63.26,0.14
07:37:31,"[314.52, 64]","[243.33, 54]","[376.96, 53]","[379.19, 59]",345.74,230,62.45,0.03
07:37:32,"[314.0, 60]","[245.5, 48]","[373.23, 43]","[375.48, 44]",343.62,195,59.23,0.11
07:37:33,"[314.0, 84]","[227.29, 17]","[352.25, 65]","[353.12, 51]",333.12,217,38.25,-0.07
07:37:34,"[318.76, 102]","[290.11, 72]","[348.61, 75]","[349.61, 75]",333.69,324,29.85,0.07
07:37:35,"[323.0, 78]","[314.0, 78]","[341.3, 50]","[342.89, 56]",332.15,262,18.3,0.19
07:37:36,"[323.0, 83]","[319.43, 134]","[335.52, 61]","[336.92, 62]",329.26,340,12.52,0.28
07:37:37,"[323.0, 64]","[321.0, 208]","[332.32, 72]","[333.19, 80]",327.66,424,9.32,0.28
07:37:38,"[323.0, 44]","[321.0, 143]","[329.56, 52]","[331.32, 47]",326.28,286,6.56,0.31
07:37:39,"[323.0, 44]","[321.0, 143]","[328.36, 55]","[331.0, 44]",325.68,286,5.36,0.31
07:37:40,"[323.0, 37]","[321.0, 156]","[325.64, 56]","[327.63, 43]",324.32,292,2.64,0.32
07:37:41,"[321.36, 99]","[320.71, 110]","[323.82, 49]","[325.14, 58]",322.59,316,2.45,0.32
07:37:42,"[318.43, 77]","[319.74, 47]","[322.0, 28]","[364.14, 28]",320.21,180,3.57,0.38
07:37:43,"[318.31, 32]","[317.99, 169]","[321.36, 22]","[358.0, 55]",319.84,278,3.05,0.45
07:37:44,"[318.15, 27]","[317.67, 43]","[320.91, 22]","[380.65, 34]",319.53,126,2.76,0.11
07:37:45,"[316.42, 33]","[314.21, 48]","[328.0, 22]","[427.73, 22]",322.21,125,11.58,0.3
07:37:46,"[314.0, 61]","[312.0, 10]","[413.0, 10]","[642.0, 10]",363.5,91,99.0,0.56
07:37:47,"[314.0, 72]","[312.0, 14]","[385.86, 14]","[711.0, 14]",349.93,114,71.86,0.51
07:37:48,"[314.0, 80]","[312.0, 16]","[490.5, 16]","[513.0, 4]",402.25,116,176.5,0.66
07:37:49,"[314.0, 70]","[312.0, 14]","[593.14, 14]","[0, 0]",453.57,98,279.14,0.71
07:37:50,"[314.44, 89]","[313.5, 40]","[636.0, 12]","[0, 0]",475.22,141,321.56,0.83
07:37:51,"[312.2, 20]","[272.3, 47]","[728.8, 20]","[775.0, 4]",520.5,91,416.6,0.47
07:37:52,"[323.0, 30]","[299.67, 6]","[773.0, 14]","[773.86, 14]",548.0,64,450.0,0.12
07:37:53,"[323.0, 38]","[298.0, 10]","[591.0, 23]","[744.76, 25]",457.0,96,268.0,0.0
07:37:54,"[309.98, 43]","[268.95, 75]","[353.91, 34]","[424.76, 49]",331.94,201,43.94,0.17
07:37:55,"[271.1, 82]","[267.78, 55]","[332.77, 26]","[353.56, 27]",301.93,190,61.67,0.44
07:37:56,"[281.89, 72]","[280.96, 27]","[308.9, 21]","[320.96, 26]",295.4,146,27.02,0.36
07:37:57,"[295.63, 124]","[292.2, 115]","[307.46, 39]","[308.96, 45]",301.55,323,11.83,0.48
07:37:58,"[297.71, 70]","[297.0, 100]","[307.88, 34]","[310.7, 30]",302.8,234,10.17,0.45
07:37:59,"[299.87, 126]","[298.52, 84]","[308.56, 32]","[310.2, 45]",304.22,287,8.69,0.46
07:38:00,"[302.47, 190]","[299.0, 76]","[307.11, 38]","[310.0, 38]",304.79,342,4.63,0.56
07:38:01,"[302.76, 92]","[298.0, 32]","[306.62, 32]","[309.14, 28]",304.69,184,3.86,0.35
07:38:02,"[301.96, 55]","[297.0, 16]","[307.0, 26]","[310.0, 26]",304.48,123,5.04,0.15
07:38:03,"[304.0, 98]","[303.0, 56]","[309.57, 28]","[311.87, 30]",306.79,212,5.57,0.45
07:38:04,"[306.94, 108]","[304.68, 126]","[311.46, 54]","[312.98, 43]",309.2,331,4.52,0.41
07:38:05,"[304.2, 83]","[300.64, 55]","[309.53, 15]","[312.02, 44]",306.87,197,5.33,0.4
07:38:06,"[295.98, 43]","[294.78, 9]","[313.88, 34]","[314.55, 22]",304.93,108,17.91,-0.04
07:38:07,"[296.31, 78]","[295.67, 18]","[313.91, 34]","[318.23, 31]",305.11,161,17.6,0.19
07:38:08,"[298.86, 84]","[297.0, 72]","[319.12, 16]","[506.14, 28]",308.99,200,20.27,0.56
07:38:09,"[303.53, 51]","[300.47, 30]","[320.0, 11]","[659.0, 55]",311.76,147,16.47,0.1
07:38:10,"[305.0, 60]","[304.0, 10]","[461.71, 38]","[657.6, 50]",383.36,158,156.71,-0.11
07:38:11,"[311.58, 52]","[314.25, 55]","[431.0, 80]","[524.96, 76]",371.29,263,119.42,-0.19
07:38:12,"[319.65, 34]","[317.95, 86]","[429.0, 67]","[488.0, 35]",374.32,222,109.35,0.08
07:38:13,"[322.21, 38]","[317.93, 60]","[363.0, 18]","[417.6, 25]",342.61,141,40.79,0.39
07:38:14,"[323.0, 36]","[318.0, 72]","[363.0, 18]","[495.0, 45]",343.0,171,40.0,0.26
07:38:15,"[323.0, 40]","[318.0, 80]","[361.7, 20]","[468.03, 38]",342.35,178,38.7,0.35
07:38:16,"[323.0, 48]","[320.61, 46]","[357.38, 39]","[546.04, 25]",340.19,158,34.38,0.19
07:38:17,"[323.0, 32]","[322.0, 24]","[358.12, 16]","[615.81, 32]",340.56,104,35.12,0.08
07:38:18,"[323.0, 64]","[322.0, 48]","[355.88, 32]","[519.23, 62]",339.44,206,32.88,0.09
07:38:19,"[322.92, 26]","[320.77, 26]","[352.43, 14]","[356.0, 14]",337.68,80,29.51,0.3
07:38:20,"[318.34, 70]","[317.5, 32]","[348.29, 28]","[350.04, 25]",333.31,155,29.94,0.32
07:38:21,"[318.0, 72]","[316.0, 9]","[343.91, 33]","[344.67, 30]",330.95,144,25.91,0.12
07:38:22,"[318.1, 67]","[317.49, 47]","[340.25, 89]","[341.89, 44]",329.18,247,22.14,-0.08
07:38:23,"[321.47, 64]","[317.91, 53]","[337.35, 46]","[338.55, 66]",329.41,229,15.88,0.02
07:38:24,"[318.0, 28]","[317.0, 70]","[333.77, 26]","[334.46, 35]",325.88,159,15.77,0.23
07:38:25,"[318.0, 69]","[316.95, 66]","[331.0, 24]","[333.42, 48]",324.5,207,13.0,0.3
07:38:26,"[318.0, 165]","[316.0, 15]","[328.6, 30]","[329.73, 30]",323.3,240,10.6,0.5
07:38:27,"[318.0, 121]","[316.0, 11]","[324.79, 34]","[325.56, 25]",321.4,191,6.79,0.38
07:38:28,"[318.0, 123]","[316.0, 14]","[320.71, 34]","[415.42, 43]",319.35,214,2.71,0.28
07:38:29,"[318.0, 78]","[316.0, 13]","[320.36, 33]","[374.71, 28]",319.18,152,2.36,0.2
07:38:30,"[318.0, 54]","[316.0, 10]","[319.1, 30]","[321.0, 20]",318.55,114,1.1,0.12
07:38:31,"[318.0, 20]","[312.0, 18]","[319.0, 18]","[389.0, 12]",318.5,68,1.0,0.12
07:38:32,"[322.3, 40]","[316.62, 32]","[459.39, 31]","[684.33, 42]",390.84,145,137.09,-0.01
07:38:33,"[325.0, 72]","[324.0, 9]","[647.0, 18]","[685.0, 36]",486.0,135,322.0,0.2
07:38:34,"[324.98, 50]","[323.5, 16]","[461.6, 40]","[558.81, 32]",393.29,138,136.62,-0.04
07:38:35,"[325.14, 35]","[324.0, 14]","[381.91, 67]","[389.19, 59]",353.53,175,56.77,-0.44
07:38:36,"[326.0, 7]","[324.0, 7]","[378.71, 35]","[381.0, 28]",352.36,77,52.71,-0.64
07:38:37,"[326.0, 10]","[324.0, 10]","[376.4, 50]","[381.0, 40]",351.2,110,50.4,-0.64
07:38:38,"[322.31, 39]","[319.31, 48]","[374.42, 60]","[381.0, 48]",348.36,195,52.11,-0.11
07:38:39,"[322.0, 36]","[319.0, 45]","[372.19, 43]","[373.26, 38]",347.09,162,50.19,0.0
07:38:40,"[322.0, 52]","[319.0, 98]","[359.86, 59]","[362.15, 54]",340.93,263,37.86,0.14
07:38:41,"[322.0, 48]","[319.77, 26]","[340.93, 56]","[342.0, 56]",331.46,186,18.93,-0.2
07:38:42,"[322.0, 30]","[321.0, 9]","[339.44, 45]","[341.0, 45]",330.72,129,17.44,-0.4
07:38:43,"[322.0, 8]","[321.0, 8]","[337.14, 36]","[338.62, 40]",329.57,92,15.14,-0.65
07:38:44,"[323.91, 44]","[321.8, 10]","[335.71, 42]","[336.6, 50]",329.81,146,11.81,-0.26
07:38:45,"[320.88, 48]","[320.18, 11]","[332.77, 39]","[334.41, 49]",326.82,147,11.89,-0.2
07:38:46,"[319.0, 64]","[318.0, 14]","[327.94, 54]","[329.56, 62]",323.47,194,8.94,-0.2
07:38:47,"[319.0, 80]","[318.0, 15]","[323.92, 65]","[324.58, 59]",321.46,219,4.92,-0.13
07:38:48,"[318.81, 27]","[316.57, 14]","[320.0, 45]","[395.23, 26]",319.41,112,1.19,-0.27
07:38:49,"[316.89, 18]","[315.76, 21]","[319.49, 57]","[341.95, 38]",318.19,134,2.6,-0.42
07:38:50,"[300.9, 40]","[231.07, 29]","[318.52, 23]","[330.88, 66]",309.71,158,17.62,-0.13
07:38:51,"[159.0, 66]","[87.29, 59]","[316.85, 39]","[325.83, 59]",237.92,223,157.85,0.12
07:38:52,"[260.39, 31]","[119.72, 25]","[314.86, 21]","[315.86, 21]",287.62,98,54.47,0.14
07:38:53,"[236.71, 21]","[104.56, 45]","[311.44, 27]","[312.56, 27]",274.08,120,74.73,0.1
07:38:54,"[237.0, 45]","[214.07, 45]","[308.78, 27]","[309.78, 27]",272.89,144,71.78,0.25
07:38:55,"[243.52, 42]","[227.3, 56]","[308.43, 28]","[312.09, 33]",275.98,159,64.9,0.23
07:38:56,"[275.0, 14]","[273.0, 7]","[311.0, 14]","[317.0, 21]",293.0,56,36.0,-0.25
07:38:57,"[277.07, 28]","[275.92, 49]","[420.7, 30]","[429.62, 34]",348.89,141,143.63,0.09
07:38:58,"[300.42, 19]","[293.44, 36]","[385.4, 25]","[502.33, 15]",342.91,95,84.98,0.16
07:38:59,"[322.0, 9]","[321.0, 9]","[327.0, 27]","[525.9, 41]",324.5,86,5.0,-0.58
07:39:00,"[322.0, 10]","[321.0, 10]","[428.55, 38]","[465.47, 34]",375.28,92,106.55,-0.57
07:39:01,"[323.3, 23]","[321.92, 12]","[408.17, 36]","[472.5, 54]",365.74,125,84.86,-0.44
07:39:02,"[324.0, 20]","[322.0, 10]","[407.9, 30]","[472.0, 50]",365.95,110,83.9,-0.45
07:39:03,"[320.47, 17]","[318.67, 6]","[407.0, 18]","[466.17, 18]",363.74,59,86.53,-0.22
07:39:04,"[322.33, 36]","[319.41, 17]","[343.85, 39]","[412.53, 19]",333.09,111,21.51,-0.05
07:39:05,"[324.0, 27]","[320.0, 27]","[325.0, 45]","[522.31, 13]",324.5,112,1.0,-0.04
07:39:06,"[324.0, 39]","[320.0, 39]","[327.39, 61]","[477.77, 13]",325.7,152,3.39,0.03
07:39:07,"[324.0, 24]","[320.0, 24]","[471.0, 8]","[559.0, 8]",397.5,64,147.0,0.5
07:39:08,"[324.0, 21]","[320.0, 24]","[566.75, 20]","[645.62, 32]",445.38,97,242.75,-0.07
07:39:09,"[318.59, 37]","[318.91, 23]","[468.92, 65]","[646.87, 47]",393.76,172,150.33,-0.3
07:39:10,"[248.48, 48]","[222.0, 16]","[397.5, 40]","[445.88, 40]",322.99,144,149.02,-0.11
07:39:11,"[254.67, 108]","[239.0, 20]","[310.33, 24]","[420.33, 45]",282.5,197,55.67,0.3
07:39:12,"[270.0, 108]","[255.43, 23]","[308.78, 23]","[310.83, 24]",289.39,178,38.78,0.47
07:39:13,"[283.62, 16]","[277.85, 78]","[307.1, 20]","[308.6, 30]",295.36,144,23.48,0.31
07:39:14,"[298.6, 10]","[275.67, 18]","[307.0, 7]","[308.0, 21]",302.8,56,8.4,0.0
07:39:15,"[301.15, 13]","[273.71, 14]","[307.0, 12]","[308.0, 36]",304.08,75,5.85,-0.28
07:39:16,"[301.0, 10]","[269.29, 14]","[308.0, 22]","[311.0, 20]",304.5,66,7.0,-0.27
07:39:17,"[301.0, 7]","[216.78, 9]","[403.83, 18]","[517.94, 17]",352.42,51,102.83,-0.37
07:39:18,"[315.76, 21]","[305.9, 10]","[340.91, 22]","[426.41, 34]",328.34,87,25.15,-0.29
07:39:19,"[307.36, 14]","[281.73, 15]","[340.0, 22]","[342.0, 33]",323.68,84,32.64,-0.31
07:39:20,"[324.0, 10]","[200.0, 10]","[333.91, 11]","[338.5, 14]",328.95,45,9.91,-0.11
07:39:21,"[324.0, 22]","[187.79, 19]","[325.91, 22]","[404.19, 43]",324.95,106,1.91,-0.23
07:39:22,"[324.0, 17]","[320.44, 36]","[467.81, 31]","[580.13, 46]",395.9,130,143.81,-0.18
07:39:23,"[324.0, 9]","[322.0, 63]","[593.8, 41]","[754.04, 25]",458.9,138,269.8,0.04
07:39:24,"[322.0, 12]","[315.0, 3]","[613.0, 15]","[784.67, 6]",467.5,36,291.0,-0.17
07:39:25,"[325.4, 15]","[322.09, 104]","[645.47, 36]","[717.74, 27]",485.44,182,320.07,0.31
07:39:26,"[325.78, 18]","[322.28, 75]","[428.0, 22]","[507.1, 20]",376.89,135,102.22,0.38
07:39:27,"[325.0, 10]","[322.0, 170]","[482.47, 19]","[592.39, 23]",403.74,222,157.47,0.62
07:39:28,"[325.0, 8]","[322.0, 136]","[440.33, 21]","[568.0, 18]",382.67,183,115.33,0.57
07:39:29,"[325.0, 8]","[322.0, 136]","[365.0, 40]","[433.46, 13]",345.0,197,40.0,0.46
07:39:30,"[325.0, 10]","[322.0, 170]","[369.09, 33]","[395.9, 20]",347.05,233,44.09,0.55
07:39:31,"[322.28, 75]","[321.9, 125]","[363.83, 41]","[378.0, 33]",343.05,274,41.55,0.46
07:39:32,"[322.0, 99]","[320.0, 9]","[372.8, 20]","[386.44, 27]",347.4,155,50.8,0.39
07:39:33,"[322.99, 82]","[321.9, 104]","[368.33, 36]","[405.86, 43]",345.66,265,45.35,0.4
07:39:34,"[325.0, 33]","[322.0, 125]","[326.8, 30]","[335.32, 25]",325.9,213,1.8,0.48
07:39:35,"[323.12, 24]","[321.98, 106]","[346.0, 22]","[506.83, 18]",334.56,170,22.88,0.53
07:39:36,"[322.0, 78]","[320.0, 9]","[492.33, 18]","[686.62, 13]",407.17,118,170.33,0.47
07:39:37,"[322.0, 34]","[320.0, 8]","[324.62, 16]","[703.2, 10]",323.31,68,2.62,0.24
07:39:38,"[321.82, 22]","[319.37, 19]","[384.89, 18]","[665.45, 11]",353.35,70,63.07,0.17
07:39:39,"[324.86, 36]","[319.54, 13]","[573.2, 10]","[616.0, 14]",449.03,73,248.34,0.34
07:39:40,"[325.0, 40]","[320.0, 8]","[513.5, 20]","[572.2, 10]",419.25,78,188.5,0.23
07:39:41,"[325.0, 46]","[320.0, 10]","[385.11, 45]","[495.11, 45]",355.06,146,60.11,-0.23
07:39:42,"[325.0, 40]","[320.0, 10]","[333.89, 45]","[373.02, 45]",329.44,140,8.89,-0.29
07:39:43,"[325.0, 43]","[320.0, 13]","[332.62, 52]","[334.0, 65]",328.81,173,7.62,-0.35
07:39:44,"[325.0, 20]","[320.0, 8]","[331.44, 36]","[333.11, 36]",328.22,100,6.44,-0.44
07:39:45,"[325.0, 36]","[320.0, 12]","[329.08, 60]","[332.0, 48]",327.04,156,4.08,-0.38
07:39:46,"[325.0, 39]","[320.69, 13]","[327.4, 63]","[354.0, 52]",326.2,167,2.4,-0.38
07:39:47,"[325.86, 151]","[324.24, 37]","[329.3, 74]","[330.22, 59]",327.58,321,3.44,0.17
07:39:48,"[326.0, 124]","[325.0, 48]","[327.63, 41]","[329.48, 62]",326.82,275,1.63,0.25
07:39:49,"[326.0, 70]","[325.0, 42]","[328.0, 28]","[330.0, 56]",327.0,196,2.0,0.14
07:39:50,"[326.0, 60]","[325.0, 36]","[327.33, 36]","[329.33, 36]",326.67,168,1.33,0.14
07:39:51,"[326.0, 23]","[325.0, 33]","[327.5, 28]","[355.64, 22]",326.75,106,1.5,0.06
07:39:52,"[321.91, 69]","[320.02, 45]","[343.35, 26]","[379.55, 44]",332.63,184,21.43,0.24
07:39:53,"[319.75, 106]","[318.35, 184]","[335.54, 13]","[421.78, 18]",327.65,321,15.78,0.81
07:39:54,"[325.0, 99]","[324.0, 18]","[335.0, 9]","[453.8, 20]",330.0,146,10.0,0.6
07:39:55,"[325.0, 90]","[324.0, 20]","[334.8, 10]","[384.2, 40]",329.9,160,9.8,0.38
07:39:56,"[325.0, 111]","[324.0, 26]","[333.23, 13]","[435.14, 29]",329.12,179,8.23,0.53
07:39:57,"[325.0, 27]","[324.0, 12]","[333.0, 6]","[708.38, 24]",329.0,69,8.0,0.13
07:39:58,"[325.0, 18]","[324.0, 18]","[330.68, 41]","[432.0, 12]",327.84,89,5.68,-0.19
07:39:59,"[325.0, 18]","[324.0, 18]","[329.35, 37]","[330.65, 17]",327.18,90,4.35,-0.2
07:40:00,"[319.47, 118]","[318.2, 120]","[324.7, 27]","[327.18, 45]",322.09,310,5.23,0.54
07:40:01,"[319.08, 118]","[317.81, 106]","[323.0, 44]","[324.0, 11]",321.04,279,3.92,0.61
07:40:02,"[318.58, 65]","[316.13, 163]","[322.07, 41]","[339.91, 32]",320.33,301,3.49,0.51
07:40:03,"[316.0, 122]","[313.77, 52]","[320.19, 16]","[356.52, 64]",318.09,254,4.19,0.37
07:40:04,"[313.12, 124]","[234.08, 26]","[318.0, 13]","[319.0, 39]",315.56,202,4.88,0.49
07:40:05,"[313.7, 43]","[312.14, 186]","[317.65, 17]","[386.56, 54]",315.67,300,3.95,0.53
07:40:06,"[315.0, 12]","[312.0, 144]","[379.2, 30]","[560.45, 44]",347.1,230,64.2,0.36
07:40:07,"[324.47, 19]","[319.6, 53]","[422.89, 35]","[533.11, 36]",373.68,143,98.41,0.01
07:40:08,"[323.62, 26]","[320.27, 83]","[578.18, 44]","[595.55, 44]",450.9,197,254.57,0.11
07:40:09,"[322.0, 39]","[319.0, 156]","[410.76, 51]","[464.71, 49]",366.38,295,88.76,0.32
07:40:10,"[320.12, 48]","[318.56, 81]","[385.08, 37]","[394.44, 36]",352.6,202,64.96,0.28
07:40:11,"[318.48, 69]","[314.0, 24]","[330.44, 36]","[332.0, 45]",324.46,174,11.97,0.07
07:40:12,"[316.96, 47]","[313.78, 32]","[329.07, 60]","[345.52, 71]",323.01,210,12.11,-0.25
07:40:13,"[319.38, 80]","[318.0, 48]","[328.0, 64]","[360.06, 64]",323.69,256,8.62,0.0
07:40:14,"[320.23, 53]","[317.97, 61]","[325.33, 60]","[326.67, 60]",322.78,234,5.11,-0.03
07:40:15,"[320.69, 32]","[315.0, 112]","[324.5, 64]","[325.56, 64]",322.59,272,3.81,0.06
07:40:16,"[315.62, 58]","[313.04, 53]","[320.93, 30]","[341.91, 44]",318.28,185,5.31,0.2
07:40:17,"[315.0, 70]","[311.0, 70]","[316.0, 14]","[325.0, 56]",315.5,210,1.0,0.33
07:40:18,"[315.0, 31]","[311.0, 35]","[321.54, 13]","[339.31, 26]",318.27,105,6.54,0.26
07:40:19,"[315.0, 30]","[311.0, 45]","[323.67, 36]","[387.0, 27]",319.33,138,8.67,0.09
07:40:20,"[315.0, 20]","[311.0, 50]","[322.18, 34]","[372.0, 33]",318.59,137,7.18,0.02
07:40:21,"[315.0, 16]","[311.0, 40]","[319.76, 21]","[320.54, 26]",317.38,103,4.76,0.09
07:40:22,"[311.61, 23]","[310.68, 38]","[319.0, 10]","[320.0, 40]",315.3,111,7.39,0.1
07:40:23,"[312.29, 28]","[310.53, 77]","[317.16, 56]","[318.09, 44]",314.72,205,4.88,0.02
07:40:24,"[311.96, 70]","[310.73, 44]","[313.94, 51]","[338.11, 27]",312.95,192,1.98,0.19
07:40:25,"[312.0, 36]","[311.0, 27]","[313.44, 36]","[435.0, 27]",312.72,126,1.44,0.0
07:40:26,"[311.44, 27]","[306.89, 19]","[359.85, 20]","[449.47, 17]",335.65,83,48.41,0.11
07:40:27,"[311.93, 43]","[310.56, 32]","[408.84, 25]","[510.68, 31]",360.39,131,96.91,0.15
07:40:28,"[312.0, 12]","[309.67, 18]","[406.36, 11]","[417.18, 17]",359.18,58,94.36,0.03
07:40:29,"[307.23, 22]","[304.53, 17]","[319.17, 18]","[387.82, 11]",313.2,68,11.94,0.15
07:40:30,"[307.0, 30]","[304.0, 20]","[311.0, 30]","[341.88, 17]",309.0,97,4.0,0.03
07:40:31,"[307.0, 30]","[304.0, 20]","[310.33, 36]","[319.31, 26]",308.67,112,3.33,-0.11
07:40:32,"[309.05, 44]","[302.54, 37]","[328.92, 53]","[335.75, 32]",318.98,166,19.88,-0.02
07:40:33,"[320.69, 64]","[308.32, 44]","[336.32, 41]","[337.13, 45]",328.5,194,15.63,0.11
07:40:34,"[324.0, 61]","[322.0, 33]","[334.0, 20]","[340.87, 31]",329.0,145,10.0,0.3
07:40:35,"[324.0, 60]","[322.0, 36]","[333.0, 12]","[334.0, 24]",328.5,132,9.0,0.45
07:40:36,"[324.0, 55]","[322.28, 29]","[330.11, 18]","[332.6, 15]",327.06,117,6.11,0.44
07:40:37,"[324.0, 60]","[322.0, 36]","[327.42, 12]","[329.0, 40]",325.71,148,3.42,0.3
07:40:38,"[324.0, 32]","[322.0, 30]","[325.82, 11]","[328.92, 37]",324.91,110,1.82,0.13
07:40:39,"[323.44, 25]","[321.71, 34]","[331.45, 29]","[433.3, 20]",327.44,108,8.01,0.09
07:40:40,"[316.46, 26]","[316.2, 20]","[445.29, 14]","[687.71, 34]",380.87,94,128.82,-0.02
07:40:41,"[316.0, 23]","[315.0, 16]","[557.38, 8]","[682.0, 32]",436.69,79,241.38,-0.01
07:40:42,"[316.0, 10]","[315.0, 10]","[610.18, 11]","[644.45, 11]",463.09,42,294.18,-0.05
07:40:43,"[316.0, 9]","[315.0, 18]","[595.62, 32]","[610.21, 19]",455.81,78,279.62,-0.31
07:40:44,"[316.0, 8]","[315.0, 16]","[582.56, 27]","[584.62, 29]",449.28,80,266.56,-0.4
07:40:45,"[315.0, 32]","[312.69, 35]","[541.37, 43]","[557.29, 42]",428.19,152,226.37,-0.12
07:40:46,"[315.95, 19]","[312.92, 72]","[362.3, 86]","[452.19, 84]",339.12,261,46.35,-0.3
07:40:47,"[315.38, 16]","[313.93, 59]","[332.0, 60]","[333.0, 48]",323.69,183,16.62,-0.18
07:40:48,"[320.5, 18]","[313.93, 59]","[332.0, 60]","[333.0, 48]",326.25,185,11.5,-0.17
07:40:49,"[323.0, 11]","[314.0, 85]","[330.76, 49]","[331.8, 50]",326.88,195,7.76,-0.02
07:40:50,"[323.0, 9]","[314.0, 72]","[328.11, 38]","[329.58, 43]",325.55,162,5.11,0.0
07:40:51,"[314.66, 71]","[313.71, 83]","[324.41, 64]","[325.45, 62]",319.53,280,9.74,0.1
07:40:52,"[315.73, 60]","[313.32, 95]","[319.78, 63]","[320.62, 64]",317.76,282,4.04,0.1
07:40:53,"[316.0, 52]","[313.0, 144]","[319.0, 52]","[320.0, 65]",317.5,313,3.0,0.25
07:40:54,"[314.2, 40]","[312.04, 47]","[318.67, 30]","[319.71, 42]",316.43,159,4.47,0.09
07:40:55,"[313.07, 56]","[309.55, 47]","[317.07, 56]","[320.0, 75]",315.07,234,4.0,-0.12
07:40:56,"[313.93, 54]","[312.02, 43]","[353.54, 37]","[412.0, 45]",333.73,179,39.61,0.08
07:40:57,"[316.2, 71]","[314.25, 87]","[404.29, 42]","[405.94, 34]",360.24,234,88.09,0.35
07:40:58,"[317.0, 25]","[315.0, 55]","[319.0, 5]","[324.0, 15]",318.0,100,2.0,0.6
07:40:59,"[317.34, 53]","[315.6, 50]","[323.35, 23]","[376.7, 30]",320.34,156,6.01,0.32
07:41:00,"[318.28, 68]","[316.38, 80]","[323.55, 44]","[365.11, 44]",320.91,236,5.27,0.25
07:41:01,"[318.7, 56]","[315.59, 71]","[323.67, 60]","[348.96, 45]",321.18,232,4.97,0.09
07:41:02,"[320.0, 82]","[312.0, 64]","[326.79, 28]","[376.98, 45]",323.39,219,6.79,0.33
07:41:03,"[320.0, 28]","[308.14, 84]","[325.2, 30]","[326.86, 28]",322.6,170,5.2,0.32
07:41:04,"[320.0, 30]","[315.0, 30]","[323.27, 60]","[325.0, 30]",321.63,150,3.27,-0.2
07:41:05,"[320.0, 22]","[315.0, 22]","[321.1, 40]","[322.31, 26]",320.55,110,1.1,-0.2
07:41:06,"[315.31, 26]","[308.5, 40]","[320.5, 48]","[328.92, 24]",317.9,138,5.19,-0.04
07:41:07,"[307.0, 48]","[306.0, 48]","[318.9, 39]","[324.76, 34]",312.95,169,11.9,0.14
07:41:08,"[307.0, 48]","[306.0, 48]","[311.0, 12]","[313.0, 36]",309.0,144,4.0,0.33
07:41:09,"[307.0, 40]","[306.0, 40]","[310.27, 22]","[312.64, 22]",308.64,124,3.27,0.29
07:41:10,"[307.25, 64]","[306.23, 70]","[310.83, 48]","[320.54, 26]",309.04,208,3.58,0.29
07:41:11,"[308.14, 56]","[306.93, 56]","[313.0, 28]","[329.0, 28]",310.57,168,4.86,0.33
07:41:12,"[309.5, 48]","[306.0, 48]","[313.0, 24]","[329.0, 24]",311.25,144,3.5,0.33
07:41:13,"[310.76, 34]","[304.96, 51]","[313.0, 26]","[329.0, 26]",311.88,137,2.24,0.24
07:41:14,"[304.09, 46]","[301.82, 68]","[313.0, 29]","[329.0, 38]",308.54,181,8.91,0.26
07:41:15,"[304.5, 34]","[302.72, 53]","[312.73, 11]","[328.24, 21]",308.61,119,8.23,0.46
07:41:16,"[311.94, 77]","[304.98, 53]","[313.0, 13]","[329.0, 53]",312.47,196,1.06,0.33
07:41:17,"[312.0, 72]","[309.0, 8]","[313.0, 8]","[329.0, 34]",312.5,122,1.0,0.31
07:41:18,"[321.23, 234]","[315.34, 64]","[328.26, 54]","[369.59, 39]",324.75,391,7.03,0.52
07:41:19,"[322.09, 130]","[319.24, 58]","[328.0, 50]","[331.0, 20]",325.05,258,5.91,0.46
07:41:20,"[323.0, 72]","[322.0, 156]","[325.96, 50]","[327.03, 58]",324.48,336,2.96,0.36
07:41:21,"[322.01, 84]","[318.14, 57]","[324.17, 48]","[433.09, 33]",323.09,222,2.15,0.27
07:41:22,"[322.0, 105]","[317.0, 60]","[323.17, 24]","[337.0, 30]",322.58,219,1.17,0.51
07:41:23,"[322.0, 62]","[317.0, 40]","[334.56, 18]","[355.33, 12]",328.28,132,12.56,0.55
07:41:24,"[322.0, 60]","[317.0, 40]","[334.05, 41]","[344.78, 18]",328.02,159,12.05,0.26
07:41:25,"[323.0, 84]","[322.0, 72]","[332.58, 60]","[339.0, 24]",327.79,240,9.58,0.3
07:41:26,"[323.0, 84]","[322.0, 72]","[330.33, 60]","[338.83, 24]",326.67,240,7.33,0.3
07:41:27,"[323.0, 71]","[322.0, 78]","[327.2, 50]","[329.63, 41]",325.1,240,4.2,0.24
07:41:28,"[322.29, 34]","[320.26, 46]","[327.0, 45]","[335.0, 18]",324.65,143,4.71,0.12
07:41:29,"[320.33, 60]","[315.35, 65]","[325.25, 60]","[327.16, 37]",322.79,222,4.92,0.13
07:41:30,"[312.8, 15]","[307.23, 39]","[324.72, 32]","[325.12, 40]",318.76,126,11.92,-0.14
07:41:31,"[320.0, 13]","[308.36, 22]","[324.62, 65]","[344.46, 26]",322.31,126,4.62,-0.44
07:41:32,"[311.3, 40]","[309.03, 29]","[325.69, 32]","[336.77, 26]",318.49,127,14.39,0.09
07:41:33,"[310.0, 36]","[309.0, 18]","[324.8, 15]","[342.11, 18]",317.4,87,14.8,0.24
07:41:34,"[310.0, 20]","[309.0, 10]","[326.6, 10]","[352.2, 10]",318.3,50,16.6,0.2
07:41:35,"[310.0, 44]","[309.0, 22]","[324.14, 29]","[324.93, 30]",317.07,125,14.14,0.06
07:41:36,"[310.62, 52]","[309.63, 38]","[322.0, 39]","[323.0, 34]",316.31,163,11.38,0.1
07:41:37,"[312.83, 72]","[310.32, 76]","[321.0, 57]","[323.0, 76]",316.92,281,8.17,0.05
07:41:38,"[313.0, 34]","[310.0, 44]","[320.09, 33]","[323.0, 44]",316.55,155,7.09,0.01
07:41:39,"[314.48, 42]","[310.0, 52]","[319.0, 39]","[323.0, 52]",316.74,185,4.52,0.02
07:41:40,"[314.52, 66]","[309.1, 42]","[317.14, 29]","[320.66, 32]",315.83,169,2.62,0.28
07:41:41,"[314.04, 50]","[304.69, 26]","[321.61, 23]","[340.71, 28]",317.82,127,7.57,0.2
07:41:42,"[319.0, 83]","[312.62, 32]","[325.77, 26]","[350.0, 26]",322.38,167,6.77,0.38
07:41:43,"[319.0, 45]","[317.0, 27]","[325.23, 26]","[343.41, 17]",322.12,115,6.23,0.25
07:41:44,"[318.64, 61]","[316.65, 34]","[322.93, 28]","[327.86, 28]",320.78,151,4.29,0.26
07:41:45,"[317.0, 28]","[314.38, 16]","[318.71, 28]","[329.0, 28]",317.86,100,1.71,-0.12
07:41:46,"[317.0, 26]","[315.56, 27]","[329.0, 26]","[475.84, 19]",323.0,98,12.0,0.08
07:41:47,"[317.0, 14]","[314.0, 10]","[329.0, 20]","[442.04, 23]",323.0,67,12.0,-0.28
07:41:48,"[317.0, 12]","[314.0, 12]","[332.33, 24]","[417.5, 24]",324.67,72,15.33,-0.33
07:41:49,"[319.0, 20]","[316.5, 12]","[333.0, 18]","[414.16, 25]",326.0,75,14.0,-0.15
07:41:50,"[320.0, 36]","[318.0, 18]","[366.52, 23]","[438.5, 24]",343.26,101,46.52,0.07
07:41:51,"[320.83, 24]","[319.9, 42]","[333.33, 21]","[361.27, 33]",327.08,120,12.5,0.1
07:41:52,"[321.0, 14]","[320.0, 28]","[331.0, 7]","[333.43, 21]",326.0,70,10.0,0.2
07:41:53,"[320.41, 34]","[319.55, 33]","[325.42, 24]","[330.62, 32]",322.91,123,5.0,0.09
07:41:54,"[311.75, 64]","[308.2, 50]","[322.27, 22]","[325.69, 39]",317.01,175,10.52,0.3
07:41:55,"[308.27, 60]","[307.15, 52]","[321.0, 13]","[323.0, 26]",314.63,151,12.73,0.48
07:41:56,"[310.12, 128]","[308.0, 64]","[319.75, 16]","[326.32, 38]",314.94,246,9.62,0.56
07:41:57,"[311.0, 96]","[308.17, 48]","[317.92, 12]","[330.0, 36]",314.46,192,6.92,0.5
07:41:58,"[311.0, 152]","[309.57, 74]","[322.56, 45]","[332.12, 41]",316.78,312,11.56,0.45
07:41:59,"[311.09, 53]","[310.25, 64]","[323.37, 35]","[324.5, 20]",317.23,172,12.28,0.36
07:42:00,"[312.0, 11]","[311.0, 88]","[322.91, 55]","[448.93, 27]",317.45,181,10.91,0.09
07:42:01,"[313.62, 104]","[312.0, 14]","[419.65, 40]","[593.67, 36]",366.63,194,106.03,0.22
07:42:02,"[321.17, 35]","[315.84, 57]","[566.5, 54]","[658.13, 38]",443.84,184,245.33,0.0
07:42:03,"[324.0, 56]","[323.0, 14]","[497.51, 35]","[555.22, 54]",410.76,159,173.51,-0.12
07:42:04,"[324.8, 40]","[323.0, 10]","[500.08, 26]","[561.14, 42]",412.44,118,175.28,-0.15
07:42:05,"[325.0, 24]","[323.0, 6]","[495.56, 18]","[533.09, 22]",410.28,70,170.56,-0.14
07:42:06,"[325.0, 56]","[323.0, 14]","[425.34, 29]","[508.17, 29]",375.17,128,100.34,0.09
07:42:07,"[324.81, 31]","[322.1, 10]","[334.42, 26]","[337.89, 18]",329.61,85,9.62,-0.04
07:42:08,"[323.0, 65]","[320.0, 13]","[327.66, 38]","[329.0, 35]",325.33,151,4.66,0.03
07:42:09,"[322.5, 24]","[318.24, 68]","[324.38, 32]","[325.29, 28]",323.44,152,1.88,0.21
07:42:10,"[319.09, 57]","[317.99, 137]","[322.07, 28]","[322.89, 27]",320.58,249,2.98,0.56
07:42:11,"[318.0, 156]","[317.0, 12]","[320.83, 24]","[322.0, 36]",319.42,228,2.83,0.47
07:42:12,"[318.0, 91]","[317.0, 9]","[319.79, 19]","[322.4, 25]",318.89,144,1.79,0.39
07:42:13,"[318.0, 62]","[317.0, 11]","[321.09, 33]","[331.31, 13]",319.55,119,3.09,0.23
07:42:14,"[318.0, 29]","[317.0, 11]","[319.36, 25]","[326.55, 33]",318.68,98,1.36,-0.18
07:42:15,"[315.9, 40]","[313.67, 36]","[329.0, 36]","[513.0, 36]",322.45,148,13.1,0.03
07:42:16,"[318.1, 40]","[315.28, 29]","[327.89, 9]","[329.0, 27]",322.99,105,9.79,0.31
07:42:17,"[323.0, 30]","[316.0, 20]","[327.0, 5]","[329.0, 15]",325.0,70,4.0,0.43
07:42:18,"[323.0, 66]","[317.82, 44]","[327.0, 11]","[330.0, 35]",325.0,156,4.0,0.41
07:42:19,"[323.0, 54]","[318.0, 36]","[326.0, 9]","[332.81, 37]",324.5,136,3.0,0.32
07:42:20,"[323.42, 72]","[320.81, 64]","[325.0, 13]","[335.0, 65]",324.21,214,1.58,0.27
07:42:21,"[324.0, 36]","[323.0, 48]","[333.33, 24]","[344.38, 32]",328.67,140,9.33,0.2
07:42:22,"[324.0, 22]","[323.0, 78]","[332.92, 39]","[334.93, 59]",328.46,198,8.92,0.01
07:42:23,"[324.0, 23]","[323.0, 66]","[331.55, 33]","[334.0, 22]",327.77,144,7.55,0.24
07:42:24,"[324.0, 39]","[323.0, 78]","[329.15, 39]","[330.91, 35]",326.58,191,5.15,0.23
07:42:25,"[324.0, 48]","[323.0, 96]","[326.94, 48]","[330.0, 48]",325.47,240,2.94,0.2
07:42:26,"[323.44, 54]","[321.82, 68]","[324.85, 39]","[333.18, 44]",324.15,205,1.4,0.19
07:42:27,"[323.0, 33]","[319.0, 36]","[334.71, 34]","[338.91, 22]",328.85,125,11.71,0.1
07:42:28,"[319.63, 38]","[318.2, 40]","[333.3, 37]","[339.08, 26]",326.46,141,13.67,0.11
07:42:29,"[319.0, 28]","[318.0, 28]","[338.0, 38]","[360.71, 14]",328.5,108,19.0,0.04
07:42:30,"[319.0, 39]","[318.0, 32]","[337.71, 42]","[415.09, 22]",328.36,135,18.71,0.05
07:42:31,"[318.93, 54]","[317.74, 54]","[335.86, 28]","[337.16, 38]",327.39,174,16.93,0.24
07:42:32,"[318.0, 52]","[317.0, 182]","[333.39, 41]","[335.0, 34]",325.7,309,15.39,0.51
07:42:33,"[323.0, 154]","[318.0, 56]","[330.58, 60]","[331.71, 52]",326.79,322,7.58,0.3
07:42:34,"[323.0, 99]","[319.85, 52]","[329.67, 45]","[331.0, 27]",326.33,223,6.67,0.35
07:42:35,"[323.0, 159]","[322.0, 216]","[326.62, 72]","[328.08, 72]",324.81,519,3.62,0.45
07:42:36,"[322.12, 98]","[319.26, 252]","[324.48, 54]","[326.0, 42]",323.3,446,2.36,0.57
07:42:37,"[322.0, 58]","[317.0, 184]","[323.0, 24]","[331.94, 34]",322.5,300,1.0,0.61
07:42:38,"[322.0, 42]","[317.0, 253]","[331.59, 41]","[384.57, 28]",326.79,364,9.59,0.62
07:42:39,"[322.0, 33]","[317.0, 253]","[334.0, 44]","[432.48, 21]",328.0,351,12.0,0.63
07:42:40,"[322.0, 12]","[317.0, 92]","[336.25, 16]","[398.0, 8]",329.12,128,14.25,0.62
07:42:41,"[322.0, 30]","[317.0, 230]","[337.77, 31]","[344.47, 38]",329.89,329,15.77,0.58
07:42:42,"[322.0, 15]","[317.0, 115]","[337.0, 15]","[343.0, 20]",329.5,165,15.0,0.58
07:42:43,"[322.0, 33]","[317.0, 253]","[339.0, 36]","[359.36, 44]",330.5,366,17.0,0.56
07:42:44,"[322.0, 24]","[317.0, 134]","[337.75, 32]","[346.33, 30]",329.88,220,15.75,0.44
07:42:45,"[322.0, 20]","[317.0, 88]","[334.43, 28]","[339.62, 32]",328.21,168,12.43,0.29
07:42:46,"[322.0, 8]","[317.0, 88]","[331.0, 24]","[337.0, 32]",326.5,152,9.0,0.26
07:42:47,"[322.0, 5]","[317.0, 55]","[334.65, 23]","[337.8, 20]",328.33,103,12.65,0.17
07:42:48,"[322.0, 33]","[317.0, 88]","[337.0, 56]","[339.0, 32]",329.5,209,15.0,0.16
07:42:49,"[322.0, 30]","[317.0, 55]","[337.0, 26]","[339.0, 20]",329.5,131,15.0,0.3
07:42:50,"[322.0, 48]","[317.0, 88]","[336.27, 30]","[337.88, 32]",329.13,198,14.27,0.37
07:42:51,"[322.0, 58]","[317.17, 105]","[335.96, 73]","[339.64, 44]",328.98,280,13.96,0.16
07:42:52,"[322.0, 40]","[320.0, 30]","[334.1, 30]","[336.0, 40]",328.05,140,12.1,0.0
07:42:53,"[322.0, 52]","[320.0, 39]","[333.38, 39]","[339.2, 60]",327.69,190,11.38,-0.04
07:42:54,"[322.16, 77]","[319.41, 56]","[331.81, 48]","[340.0, 128]",326.98,309,9.66,-0.14
07:42:55,"[323.0, 85]","[320.0, 30]","[330.6, 30]","[340.0, 72]",326.8,217,7.6,0.06
07:42:56,"[323.0, 104]","[320.0, 39]","[329.77, 35]","[337.53, 45]",326.39,223,6.77,0.28
07:42:57,"[323.0, 104]","[320.0, 39]","[328.69, 26]","[329.85, 39]",325.85,208,5.69,0.38
07:42:58,"[323.0, 112]","[320.0, 42]","[327.14, 28]","[329.0, 42]",325.07,224,4.14,0.38
07:42:59,"[322.16, 64]","[317.72, 87]","[324.03, 32]","[324.97, 38]",323.09,221,1.88,0.37
07:43:00,"[318.72, 54]","[316.94, 146]","[321.02, 40]","[322.2, 30]",319.87,270,2.3,0.48
07:43:01,"[318.0, 94]","[317.0, 135]","[319.35, 34]","[322.89, 47]",318.68,310,1.35,0.48
07:43:02,"[318.75, 64]","[317.31, 26]","[320.0, 38]","[383.68, 38]",319.38,166,1.25,0.08
07:43:03,"[319.0, 63]","[318.0, 24]","[384.0, 21]","[466.2, 30]",351.5,138,65.0,0.26
07:43:04,"[319.59, 49]","[319.07, 42]","[342.0, 28]","[384.5, 28]",330.8,147,22.41,0.24
07:43:05,"[320.62, 26]","[319.49, 49]","[337.11, 18]","[351.38, 32]",328.86,125,16.5,0.2
07:43:06,"[320.0, 20]","[319.0, 50]","[331.0, 10]","[342.0, 20]",325.5,100,11.0,0.4
07:43:07,"[320.0, 20]","[319.0, 50]","[331.0, 10]","[341.1, 20]",325.5,100,11.0,0.4
07:43:08,"[320.33, 24]","[319.12, 51]","[329.82, 17]","[336.89, 19]",325.08,111,9.49,0.35
07:43:09,"[321.69, 32]","[319.4, 50]","[332.56, 36]","[404.7, 33]",327.12,151,10.87,0.09
07:43:10,"[319.89, 27]","[318.69, 71]","[332.0, 52]","[337.0, 31]",325.94,181,12.11,0.08
07:43:11,"[321.67, 18]","[317.9, 40]","[332.0, 32]","[335.93, 28]",326.83,118,10.33,-0.02
07:43:12,"[321.8, 20]","[317.98, 43]","[332.0, 36]","[335.0, 45]",326.9,144,10.2,-0.12
07:43:13,"[319.0, 34]","[317.0, 143]","[332.0, 52]","[335.0, 65]",325.5,294,13.0,0.2
07:43:14,"[319.0, 16]","[317.0, 88]","[332.0, 32]","[335.0, 40]",325.5,176,13.0,0.18
07:43:15,"[319.0, 24]","[317.0, 132]","[331.13, 52]","[334.14, 56]",325.07,264,12.13,0.18
07:43:16,"[319.0, 24]","[317.0, 132]","[328.17, 60]","[332.0, 48]",323.58,264,9.17,0.18
07:43:17,"[319.0, 32]","[317.0, 176]","[324.7, 50]","[326.27, 45]",321.85,303,5.7,0.37
07:43:18,"[317.62, 64]","[316.62, 126]","[320.5, 52]","[322.39, 18]",319.06,260,2.88,0.46
07:43:19,"[317.0, 77]","[314.0, 28]","[319.29, 21]","[321.0, 7]",318.14,133,2.29,0.58
07:43:20,"[317.0, 130]","[314.0, 56]","[318.35, 26]","[329.73, 22]",317.67,234,1.35,0.59
07:43:21,"[318.76, 51]","[315.12, 32]","[332.0, 15]","[334.87, 30]",325.38,128,13.24,0.3
07:43:22,"[322.0, 65]","[317.0, 52]","[329.92, 24]","[332.15, 26]",325.96,167,7.92,0.4
07:43:23,"[322.0, 70]","[318.8, 80]","[325.38, 32]","[327.68, 38]",323.69,220,3.38,0.36
07:43:24,"[322.0, 51]","[319.0, 66]","[324.77, 26]","[325.17, 29]",323.38,172,2.77,0.36
07:43:25,"[322.0, 33]","[319.0, 72]","[324.43, 21]","[326.29, 42]",323.21,168,2.43,0.25
07:43:26,"[322.0, 12]","[319.0, 36]","[323.67, 24]","[334.0, 12]",322.83,84,1.67,0.14
07:43:27,"[319.95, 40]","[318.6, 60]","[327.38, 32]","[346.75, 40]",323.66,172,7.43,0.16
07:43:28,"[320.18, 34]","[319.05, 88]","[333.92, 39]","[336.14, 42]",327.05,203,13.75,0.2
07:43:29,"[320.0, 20]","[319.0, 60]","[331.44, 34]","[334.0, 24]",325.72,138,11.44,0.16
07:43:30,"[320.0, 22]","[319.0, 66]","[331.0, 33]","[336.0, 22]",325.5,143,11.0,0.23
07:43:31,"[320.35, 43]","[319.11, 94]","[330.0, 68]","[332.63, 49]",325.17,254,9.65,0.08
07:43:32,"[321.0, 42]","[320.0, 28]","[326.78, 49]","[328.37, 49]",323.89,168,5.78,-0.17
07:43:33,"[320.56, 32]","[318.8, 40]","[324.08, 52]","[325.61, 41]",322.32,165,3.51,-0.13
07:43:34,"[319.0, 20]","[316.18, 22]","[323.22, 36]","[324.86, 35]",321.11,113,4.22,-0.26
07:43:35,"[316.19, 128]","[315.17, 48]","[319.39, 38]","[324.13, 46]",317.79,260,3.21,0.35
07:43:36,"[316.0, 135]","[314.0, 28]","[317.0, 42]","[327.77, 52]",316.5,257,1.0,0.27
07:43:37,"[316.0, 69]","[314.0, 18]","[323.19, 31]","[330.0, 40]",319.6,158,7.19,0.1
07:43:38,"[317.65, 34]","[316.4, 20]","[329.0, 32]","[331.0, 40]",323.32,126,11.35,-0.14
07:43:39,"[319.24, 63]","[318.24, 42]","[328.74, 65]","[330.8, 89]",323.99,259,9.5,-0.19
07:43:40,"[319.65, 23]","[318.38, 26]","[330.0, 27]","[332.33, 36]",324.83,112,10.35,-0.12
07:43:41,"[320.7, 66]","[318.09, 44]","[328.19, 58]","[330.32, 37]",324.44,205,7.49,0.07
07:43:42,"[321.0, 128]","[318.0, 64]","[325.29, 52]","[326.32, 76]",323.14,320,4.29,0.2
07:43:43,"[322.0, 154]","[321.0, 112]","[324.05, 58]","[325.17, 65]",323.03,389,2.05,0.37
07:43:44,"[321.28, 111]","[320.14, 70]","[326.0, 50]","[328.47, 30]",323.64,261,4.72,0.39
07:43:45,"[321.0, 88]","[319.0, 33]","[326.36, 22]","[328.0, 33]",323.68,176,5.36,0.38
07:43:46,"[321.0, 44]","[319.0, 21]","[326.0, 14]","[328.0, 21]",323.5,100,5.0,0.3
07:43:47,"[321.0, 60]","[319.0, 45]","[325.0, 30]","[328.33, 45]",323.0,180,4.0,0.17
07:43:48,"[321.0, 36]","[319.0, 27]","[324.0, 18]","[329.0, 27]",322.5,108,3.0,0.17
07:43:49,"[321.0, 48]","[319.0, 36]","[323.33, 24]","[329.0, 36]",322.17,144,2.33,0.17
07:43:50,"[321.0, 44]","[319.0, 33]","[322.18, 22]","[329.0, 33]",321.59,132,1.18,0.17
07:43:51,"[321.0, 28]","[319.0, 33]","[327.6, 30]","[330.88, 17]",324.3,108,6.6,0.13
07:43:52,"[319.2, 20]","[316.99, 74]","[329.6, 30]","[398.79, 14]",324.4,138,10.4,0.36
07:43:53,"[319.0, 18]","[318.0, 72]","[329.57, 23]","[331.85, 13]",324.28,126,10.57,0.43
07:43:54,"[319.0, 18]","[318.0, 72]","[331.0, 27]","[332.56, 9]",325.0,126,12.0,0.43
07:43:55,"[319.0, 22]","[318.0, 88]","[330.24, 37]","[331.13, 23]",324.62,170,11.24,0.29
07:43:56,"[319.0, 30]","[318.0, 120]","[328.27, 45]","[330.0, 15]",323.63,210,9.27,0.43
07:43:57,"[319.11, 27]","[318.02, 106]","[324.71, 42]","[326.68, 40]",321.91,215,5.6,0.24
07:43:58,"[319.0, 26]","[318.0, 104]","[322.42, 38]","[330.0, 15]",320.71,183,3.42,0.42
07:43:59,"[318.22, 63]","[316.76, 147]","[320.15, 39]","[321.29, 31]",319.19,280,1.93,0.5
07:44:00,"[318.46, 26]","[317.04, 54]","[320.0, 18]","[321.0, 12]",319.23,110,1.54,0.45
07:44:01,"[318.1, 93]","[316.24, 177]","[320.3, 33]","[330.43, 42]",319.2,345,2.21,0.57
07:44:02,"[316.37, 62]","[315.11, 84]","[328.69, 26]","[333.0, 18]",322.53,190,12.32,0.54
07:44:03,"[316.0, 165]","[313.0, 75]","[332.35, 37]","[333.61, 23]",324.18,300,16.35,0.6
07:44:04,"[316.0, 121]","[313.0, 55]","[330.0, 33]","[331.0, 11]",323.0,220,14.0,0.6
07:44:05,"[316.73, 103]","[314.74, 95]","[329.72, 25]","[330.22, 27]",323.22,250,12.99,0.58
07:44:06,"[316.0, 110]","[313.0, 50]","[328.4, 10]","[330.0, 30]",322.2,200,12.4,0.6
07:44:07,"[316.0, 154]","[313.0, 70]","[326.71, 14]","[330.0, 42]",321.36,280,10.71,0.6
07:44:08,"[316.31, 118]","[314.57, 126]","[324.33, 18]","[330.0, 72]",320.32,334,8.03,0.46
07:44:09,"[316.0, 36]","[313.0, 45]","[323.56, 9]","[330.0, 36]",319.78,126,7.56,0.29
07:44:10,"[321.51, 49]","[315.63, 41]","[323.0, 10]","[330.0, 31]",322.26,131,1.49,0.37
07:44:11,"[322.0, 22]","[316.0, 32]","[323.0, 8]","[328.79, 14]",322.5,76,1.0,0.42
07:44:12,"[322.0, 9]","[317.15, 26]","[325.0, 6]","[328.6, 15]",323.5,56,3.0,0.25
07:44:13,"[321.25, 12]","[318.76, 49]","[327.0, 10]","[329.0, 40]",324.12,111,5.75,0.1
07:44:14,"[319.0, 30]","[316.0, 40]","[327.0, 10]","[329.0, 40]",323.0,120,8.0,0.17
07:44:15,"[319.81, 32]","[318.49, 47]","[327.0, 15]","[329.0, 60]",323.41,154,7.19,0.03
07:44:16,"[320.0, 12]","[319.0, 18]","[327.0, 6]","[329.0, 24]",323.5,60,7.0,0.0
07:44:17,"[320.67, 12]","[319.0, 18]","[327.0, 6]","[329.0, 24]",323.83,60,6.33,0.0
07:44:18,"[321.0, 22]","[319.0, 21]","[327.0, 7]","[329.0, 28]",324.0,78,6.0,0.1
07:44:19,"[322.33, 24]","[320.85, 39]","[326.08, 26]","[328.0, 16]",324.21,105,3.74,0.2
07:44:20,"[322.76, 25]","[320.87, 47]","[325.2, 45]","[326.1, 30]",323.98,147,2.44,-0.02
07:44:21,"[319.92, 39]","[318.16, 25]","[322.58, 55]","[323.47, 60]",321.25,179,2.66,-0.28
07:44:22,"[317.57, 23]","[311.81, 67]","[320.13, 69]","[321.95, 59]",318.85,218,2.57,-0.17
07:44:23,"[314.4, 20]","[311.08, 48]","[320.0, 40]","[322.0, 32]",317.2,140,5.6,-0.03
07:44:24,"[314.09, 35]","[308.62, 52]","[318.94, 54]","[322.0, 44]",316.52,185,4.86,-0.06
07:44:25,"[314.09, 35]","[308.51, 49]","[321.55, 44]","[335.15, 54]",317.82,182,7.46,-0.08
07:44:26,"[314.0, 40]","[307.0, 50]","[320.39, 36]","[328.48, 46]",317.19,172,6.39,0.05
07:44:27,"[314.0, 20]","[307.0, 25]","[318.0, 15]","[320.0, 20]",316.0,80,4.0,0.12
07:44:28,"[308.91, 55]","[306.3, 69]","[315.91, 53]","[325.31, 68]",312.41,245,7.0,0.01
07:44:29,"[307.0, 80]","[304.18, 34]","[310.56, 66]","[312.32, 38]",308.78,218,3.56,0.05
07:44:30,"[307.0, 65]","[304.15, 26]","[308.89, 45]","[309.24, 33]",307.94,169,1.89,0.08
07:44:31,"[305.79, 28]","[304.0, 18]","[308.26, 27]","[308.96, 27]",307.02,100,2.47,-0.08
07:44:32,"[303.83, 24]","[298.67, 21]","[305.35, 20]","[306.31, 16]",304.59,81,1.52,0.11
07:44:33,"[302.0, 7]","[295.0, 35]","[305.0, 7]","[306.0, 7]",303.5,56,3.0,0.5
07:44:34,"[303.0, 49]","[302.0, 7]","[308.7, 27]","[312.36, 22]",305.85,105,5.7,0.07
07:44:35,"[303.75, 56]","[300.5, 8]","[309.0, 40]","[313.0, 32]",306.38,136,5.25,-0.06
07:44:36,"[304.27, 77]","[296.0, 11]","[308.49, 47]","[311.33, 48]",306.38,183,4.22,-0.04
07:44:37,"[305.84, 88]","[304.73, 79]","[308.38, 58]","[311.06, 62]",307.11,287,2.54,0.16
07:44:38,"[308.0, 42]","[307.0, 49]","[309.0, 17]","[313.0, 28]",308.5,136,1.0,0.34
07:44:39,"[307.64, 78]","[306.54, 78]","[311.67, 36]","[316.33, 54]",309.65,246,4.03,0.27
07:44:40,"[310.24, 74]","[308.94, 64]","[314.0, 48]","[319.37, 54]",312.12,240,3.76,0.15
07:44:41,"[312.48, 66]","[311.73, 80]","[319.0, 48]","[324.0, 24]",315.74,218,6.52,0.34
07:44:42,"[314.0, 44]","[313.0, 77]","[319.0, 44]","[324.0, 22]",316.5,187,5.0,0.29
07:44:43,"[315.0, 48]","[313.85, 47]","[318.31, 26]","[319.5, 40]",316.65,161,3.31,0.18
07:44:44,"[316.96, 53]","[314.36, 44]","[318.39, 31]","[319.91, 46]",317.67,174,1.42,0.11
07:44:45,"[314.36, 22]","[302.22, 55]","[319.0, 32]","[326.0, 16]",316.68,125,4.64,0.23
07:44:46,"[314.44, 9]","[303.57, 46]","[319.0, 28]","[326.0, 14]",316.72,97,4.56,0.13
07:44:47,"[303.26, 121]","[282.82, 61]","[319.0, 48]","[326.0, 24]",311.13,254,15.74,0.43
07:44:48,"[303.0, 207]","[300.0, 154]","[319.0, 36]","[326.0, 18]",311.0,415,16.0,0.74
07:44:49,"[303.0, 299]","[300.0, 247]","[317.98, 49]","[320.5, 40]",310.49,635,14.98,0.72
07:44:50,"[303.25, 163]","[301.51, 229]","[307.0, 18]","[317.0, 33]",305.12,443,3.75,0.77
07:44:51,"[303.32, 200]","[301.04, 200]","[316.14, 44]","[317.75, 59]",309.73,503,12.82,0.59
07:44:52,"[305.0, 56]","[298.41, 390]","[313.64, 56]","[315.46, 52]",309.32,554,8.64,0.61
07:44:53,"[305.0, 32]","[299.0, 184]","[311.88, 32]","[313.0, 32]",308.44,280,6.88,0.54
07:44:54,"[305.93, 56]","[299.0, 441]","[309.55, 62]","[311.71, 56]",307.74,615,3.62,0.62
07:44:55,"[306.96, 114]","[299.3, 179]","[308.4, 50]","[310.67, 48]",307.68,391,1.44,0.5
07:44:56,"[307.43, 70]","[297.54, 149]","[309.0, 21]","[313.0, 28]",308.21,268,1.57,0.63
07:44:57,"[301.84, 126]","[295.71, 212]","[311.29, 42]","[316.0, 42]",306.56,422,9.44,0.6
07:44:58,"[298.62, 8]","[297.19, 26]","[313.0, 32]","[320.0, 24]",305.81,90,14.38,-0.24
07:44:59,"[300.45, 33]","[299.91, 75]","[315.55, 44]","[336.34, 50]",308.0,202,15.09,0.07
07:45:00,"[304.11, 18]","[300.77, 247]","[320.0, 36]","[325.0, 90]",312.06,391,15.89,0.36
07:45:01,"[307.9, 20]","[306.99, 92]","[320.0, 28]","[325.0, 70]",313.95,210,12.1,0.07
07:45:02,"[311.26, 88]","[311.01, 92]","[324.1, 78]","[353.08, 60]",317.68,318,12.84,0.13
07:45:03,"[314.54, 24]","[312.06, 72]","[323.0, 36]","[462.13, 31]",318.77,163,8.46,0.18
07:45:04,"[315.05, 101]","[314.6, 35]","[320.81, 42]","[322.04, 45]",317.93,223,5.76,0.22
07:45:05,"[316.24, 46]","[314.88, 80]","[318.95, 40]","[320.0, 30]",317.59,196,2.71,0.29
07:45:06,"[316.71, 49]","[315.0, 15]","[318.76, 33]","[320.94, 33]",317.74,130,2.04,-0.02
07:45:07,"[317.0, 22]","[315.0, 11]","[318.55, 22]","[322.82, 33]",317.77,88,1.55,-0.25
07:45:08,"[317.2, 20]","[315.0, 10]","[319.0, 20]","[325.87, 31]",318.1,81,1.8,-0.26
07:45:09,"[315.0, 12]","[303.0, 36]","[325.0, 48]","[326.0, 36]",320.0,132,10.0,-0.27
07:45:10,"[315.0, 14]","[303.0, 42]","[323.02, 45]","[325.13, 47]",319.01,148,8.02,-0.24
07:45:11,"[315.0, 10]","[303.0, 30]","[317.32, 44]","[321.18, 34]",316.16,118,2.32,-0.32
07:45:12,"[303.0, 30]","[300.0, 30]","[312.27, 45]","[316.32, 37]",307.63,142,9.27,-0.15
07:45:13,"[303.26, 38]","[300.31, 39]","[307.17, 47]","[308.64, 56]",305.22,180,3.91,-0.14
07:45:14,"[304.0, 33]","[300.0, 39]","[308.16, 31]","[311.07, 58]",306.08,161,4.16,-0.11
07:45:15,"[300.08, 26]","[298.17, 35]","[309.0, 36]","[313.0, 45]",304.54,142,8.92,-0.14
07:45:16,"[300.22, 69]","[298.07, 43]","[310.67, 48]","[314.12, 43]",305.44,203,10.45,0.1
07:45:17,"[302.0, 98]","[298.0, 56]","[311.67, 30]","[313.74, 58]",306.83,242,9.67,0.27
07:45:18,"[304.92, 75]","[303.06, 72]","[309.0, 12]","[312.0, 60]",306.96,219,4.08,0.34
07:45:19,"[306.66, 170]","[305.63, 76]","[309.0, 15]","[311.0, 60]",307.83,321,2.34,0.53
07:45:20,"[309.11, 61]","[308.38, 127]","[311.59, 44]","[313.14, 35]",310.35,267,2.48,0.41
07:45:21,"[309.5, 112]","[307.5, 144]","[312.0, 56]","[316.0, 32]",310.75,344,2.5,0.49
07:45:22,"[310.54, 177]","[307.25, 59]","[312.35, 23]","[315.1, 40]",311.45,299,1.81,0.58
07:45:23,"[311.56, 198]","[310.0, 54]","[318.53, 60]","[386.75, 48]",315.04,360,6.98,0.4
07:45:24,"[317.63, 68]","[312.58, 64]","[323.0, 32]","[500.75, 24]",320.32,188,5.37,0.4
07:45:25,"[322.0, 68]","[314.5, 110]","[323.0, 32]","[455.8, 25]",322.5,235,1.0,0.51
07:45:26,"[322.0, 31]","[318.0, 88]","[323.0, 24]","[360.38, 24]",322.5,167,1.0,0.43
07:45:27,"[322.0, 18]","[318.19, 85]","[323.0, 27]","[430.33, 27]",322.5,157,1.0,0.31
07:45:28,"[322.0, 14]","[320.0, 28]","[323.0, 21]","[360.0, 21]",322.5,84,1.0,0.0
07:45:29,"[322.0, 10]","[320.0, 20]","[323.0, 15]","[360.0, 15]",322.5,60,1.0,0.0
07:45:30,"[322.0, 14]","[320.0, 28]","[323.0, 21]","[405.08, 13]",322.5,76,1.0,0.11
07:45:31,"[320.4, 25]","[319.76, 21]","[323.0, 27]","[433.0, 9]",321.7,82,2.6,0.12
07:45:32,"[320.4, 40]","[319.5, 16]","[330.3, 30]","[421.27, 22]",325.35,108,9.9,0.04
07:45:33,"[322.78, 89]","[321.38, 64]","[340.62, 16]","[442.81, 48]",331.7,217,17.85,0.41
07:45:34,"[322.64, 33]","[321.33, 36]","[340.0, 9]","[471.59, 34]",331.32,112,17.36,0.23
07:45:35,"[321.51, 37]","[319.9, 31]","[339.9, 10]","[507.0, 40]",330.71,118,18.39,0.15
07:45:36,"[320.0, 31]","[319.0, 12]","[324.31, 26]","[457.48, 31]",322.15,100,4.31,-0.14
07:45:37,"[320.0, 7]","[319.0, 7]","[387.94, 31]","[503.6, 30]",353.97,75,67.94,-0.63
07:45:38,"[320.86, 7]","[319.2, 5]","[404.0, 25]","[500.0, 20]",362.43,57,83.14,-0.58
07:45:39,"[321.91, 22]","[319.88, 8]","[404.0, 40]","[496.61, 23]",362.95,93,82.09,-0.35
07:45:40,"[320.0, 11]","[319.0, 11]","[355.98, 46]","[412.9, 29]",337.99,97,35.98,-0.55
07:45:41,"[319.45, 11]","[317.23, 44]","[329.29, 14]","[445.45, 44]",324.37,113,9.83,-0.03
07:45:42,"[317.06, 33]","[315.36, 22]","[321.0, 5]","[460.95, 21]",319.03,81,3.94,0.36
07:45:43,"[317.0, 63]","[313.76, 17]","[320.29, 21]","[332.41, 17]",318.64,118,3.29,0.36
07:45:44,"[316.74, 46]","[313.71, 14]","[323.36, 14]","[379.92, 12]",320.05,86,6.62,0.4
07:45:45,"[316.82, 34]","[313.19, 16]","[324.47, 19]","[368.62, 13]",320.65,82,7.65,0.22
07:45:46,"[322.0, 42]","[317.0, 24]","[327.0, 8]","[382.0, 8]",324.5,82,5.0,0.61
07:45:47,"[322.0, 97]","[317.27, 37]","[327.0, 13]","[382.0, 13]",324.5,160,5.0,0.68
07:45:48,"[322.0, 77]","[320.0, 22]","[326.69, 13]","[399.15, 13]",324.35,125,4.69,0.58
07:45:49,"[322.0, 98]","[320.0, 28]","[325.07, 28]","[327.14, 14]",323.54,168,3.07,0.5
07:45:50,"[322.0, 40]","[321.0, 72]","[324.75, 24]","[328.0, 12]",323.38,148,2.75,0.51
07:45:51,"[322.0, 25]","[321.0, 54]","[323.65, 17]","[349.18, 11]",322.82,107,1.65,0.48
07:45:52,"[322.0, 10]","[321.0, 60]","[330.0, 10]","[487.21, 24]",326.0,104,8.0,0.35
07:45:53,"[322.0, 11]","[321.0, 66]","[352.57, 14]","[402.82, 45]",337.29,136,30.57,0.13
07:45:54,"[321.0, 17]","[320.0, 22]","[330.0, 11]","[335.0, 55]",325.5,105,9.0,-0.26
07:45:55,"[321.0, 7]","[320.0, 14]","[329.43, 7]","[333.95, 19]",325.21,47,8.43,-0.11
07:45:56,"[321.0, 12]","[320.0, 24]","[329.0, 12]","[330.0, 12]",325.0,60,8.0,0.2
07:45:57,"[321.0, 11]","[320.0, 22]","[328.09, 11]","[330.0, 11]",324.55,55,7.09,0.2
07:45:58,"[323.18, 57]","[320.57, 23]","[328.0, 18]","[330.0, 27]",325.59,125,4.82,0.28
07:45:59,"[324.0, 48]","[321.0, 12]","[326.44, 18]","[327.94, 16]",325.22,94,2.44,0.28
07:46:00,"[323.33, 18]","[320.5, 16]","[326.67, 12]","[329.25, 16]",325.0,62,3.33,0.1
07:46:01,"[321.0, 8]","[320.0, 16]","[330.0, 8]","[333.0, 8]",325.5,40,9.0,0.2
07:46:02,"[319.08, 25]","[317.16, 38]","[323.6, 20]","[418.52, 29]",321.34,112,4.52,0.12
07:46:03,"[317.0, 42]","[314.0, 154]","[320.0, 28]","[333.0, 14]",318.5,238,3.0,0.65
07:46:04,"[315.47, 43]","[313.89, 87]","[320.0, 18]","[333.44, 9]",317.73,157,4.53,0.66
07:46:05,"[314.0, 55]","[313.0, 25]","[320.0, 10]","[334.0, 5]",317.0,95,6.0,0.68
07:46:06,"[313.88, 86]","[312.48, 46]","[322.47, 17]","[368.77, 22]",318.18,171,8.59,0.54
07:46:07,"[315.93, 97]","[314.41, 74]","[332.41, 85]","[365.1, 41]",324.17,297,16.48,0.15
07:46:08,"[318.0, 85]","[316.19, 59]","[331.24, 95]","[351.33, 27]",324.62,266,13.24,0.08
07:46:09,"[319.24, 85]","[316.71, 62]","[330.21, 89]","[342.33, 21]",324.72,257,10.98,0.14
07:46:10,"[320.79, 70]","[316.0, 42]","[328.08, 61]","[329.45, 31]",324.43,204,7.3,0.1
07:46:11,"[321.19, 48]","[316.0, 36]","[327.0, 60]","[328.0, 24]",324.09,168,5.81,0.0
07:46:12,"[322.14, 42]","[316.0, 42]","[325.7, 43]","[326.36, 55]",323.92,182,3.55,-0.08
07:46:13,"[323.0, 20]","[316.0, 24]","[324.4, 25]","[327.31, 35]",323.7,104,1.4,-0.15
07:46:14,"[323.0, 9]","[316.0, 27]","[324.0, 45]","[332.89, 36]",323.5,117,1.0,-0.38
07:46:15,"[316.68, 19]","[313.82, 22]","[331.52, 25]","[462.46, 26]",324.1,92,14.84,-0.11
07:46:16,"[318.0, 114]","[316.0, 57]","[329.11, 76]","[330.26, 76]",323.55,323,11.11,0.06
07:46:17,"[319.09, 87]","[316.97, 62]","[326.83, 72]","[328.0, 72]",322.96,293,7.74,0.02
07:46:18,"[318.71, 14]","[315.49, 70]","[325.21, 56]","[327.36, 56]",321.96,196,6.5,-0.14
07:46:19,"[320.77, 44]","[314.4, 30]","[323.69, 64]","[324.81, 64]",322.23,202,2.91,-0.27
07:46:20,"[318.62, 66]","[315.08, 26]","[323.5, 80]","[328.5, 80]",321.06,252,4.88,-0.27
07:46:21,"[318.0, 33]","[316.0, 11]","[324.0, 44]","[330.0, 44]",321.0,132,6.0,-0.33
07:46:22,"[318.0, 24]","[316.0, 8]","[323.57, 14]","[325.62, 32]",320.79,78,5.57,-0.18
07:46:23,"[313.35, 43]","[310.12, 49]","[319.08, 36]","[320.8, 35]",316.22,163,5.73,0.13
07:46:24,"[313.0, 33]","[310.0, 52]","[314.84, 19]","[317.87, 46]",313.92,150,1.84,0.13
07:46:25,"[310.53, 34]","[309.82, 34]","[313.86, 37]","[316.11, 36]",312.2,141,3.34,-0.04
07:46:26,"[310.06, 70]","[308.12, 145]","[311.92, 39]","[314.62, 26]",310.99,280,1.87,0.54
07:46:27,"[309.29, 93]","[307.81, 149]","[311.47, 34]","[321.0, 51]",310.38,327,2.18,0.48
07:46:28,"[308.71, 65]","[304.88, 96]","[311.0, 30]","[321.0, 45]",309.85,236,2.29,0.36
07:46:29,"[306.0, 27]","[304.0, 81]","[310.11, 18]","[321.78, 27]",308.06,153,4.11,0.41
07:46:30,"[304.61, 157]","[303.71, 42]","[310.52, 27]","[321.4, 45]",307.56,271,5.91,0.47
07:46:31,"[305.28, 103]","[303.93, 90]","[351.68, 41]","[409.92, 65]",328.48,299,46.4,0.29
07:46:32,"[320.57, 65]","[309.67, 72]","[493.93, 55]","[581.69, 91]",407.25,283,173.36,-0.03
07:46:33,"[323.0, 7]","[322.0, 28]","[493.55, 31]","[558.52, 23]",408.27,89,170.55,-0.21
07:46:34,"[323.0, 9]","[322.0, 36]","[453.86, 29]","[514.89, 45]",388.43,119,130.86,-0.24
07:46:35,"[322.18, 17]","[319.45, 33]","[438.5, 22]","[517.89, 38]",380.34,110,116.32,-0.09
07:46:36,"[320.5, 16]","[317.03, 29]","[423.18, 11]","[477.68, 31]",371.84,87,102.68,0.03
07:46:37,"[318.0, 21]","[316.0, 49]","[453.0, 7]","[522.0, 35]",385.5,112,135.0,0.25
07:46:38,"[316.07, 87]","[309.19, 27]","[386.62, 65]","[474.61, 59]",351.34,238,70.55,-0.04
07:46:39,"[319.78, 127]","[315.77, 86]","[408.0, 37]","[540.79, 57]",363.89,307,88.22,0.39
07:46:40,"[320.0, 80]","[316.59, 51]","[397.8, 10]","[567.68, 28]",358.9,169,77.8,0.55
07:46:41,"[320.0, 130]","[317.0, 78]","[343.92, 39]","[359.55, 33]",331.96,280,23.92,0.49
07:46:42,"[320.0, 90]","[317.0, 54]","[326.0, 9]","[327.22, 27]",323.0,180,6.0,0.6
07:46:43,"[320.0, 92]","[317.0, 105]","[324.79, 14]","[328.2, 30]",322.39,241,4.79,0.63
07:46:44,"[320.0, 79]","[317.0, 182]","[323.15, 34]","[323.86, 22]",321.57,317,3.15,0.65
07:46:45,"[317.85, 85]","[316.68, 95]","[321.0, 10]","[359.44, 36]",319.42,226,3.15,0.59
07:46:46,"[317.0, 156]","[316.0, 62]","[319.15, 13]","[388.05, 57]",318.08,288,2.15,0.51
07:46:47,"[317.0, 140]","[316.0, 56]","[331.15, 26]","[377.92, 39]",324.08,261,14.15,0.5
07:46:48,"[317.0, 108]","[315.24, 102]","[415.64, 47]","[537.87, 23]",366.32,280,98.64,0.5
07:46:49,"[317.0, 72]","[315.0, 104]","[435.21, 38]","[577.0, 20]",376.11,234,118.21,0.5
07:46:50,"[317.0, 72]","[315.0, 104]","[511.03, 35]","[600.78, 18]",414.01,229,194.03,0.54
07:46:51,"[317.0, 96]","[315.0, 100]","[407.0, 48]","[533.18, 22]",362.0,266,90.0,0.47
07:46:52,"[317.0, 80]","[315.0, 60]","[374.53, 34]","[407.75, 44]",345.76,218,57.53,0.28
07:46:53,"[317.0, 117]","[315.0, 72]","[397.86, 56]","[491.98, 46]",357.43,291,80.86,0.3
07:46:54,"[317.48, 101]","[316.22, 108]","[446.55, 40]","[538.12, 25]",382.01,274,129.07,0.53
07:46:55,"[319.0, 18]","[317.0, 99]","[331.62, 26]","[332.38, 32]",325.31,175,12.62,0.34
07:46:56,"[319.0, 9]","[317.0, 99]","[329.81, 21]","[331.6, 30]",324.4,159,10.81,0.36
07:46:57,"[319.43, 37]","[317.09, 127]","[327.53, 34]","[329.03, 31]",323.48,229,8.1,0.43
07:46:58,"[321.0, 152]","[319.0, 57]","[323.87, 55]","[326.3, 40]",322.44,304,2.87,0.38
07:46:59,"[321.0, 57]","[319.0, 36]","[323.95, 41]","[328.84, 38]",322.48,172,2.95,0.08
07:47:00,"[321.0, 18]","[319.0, 18]","[324.0, 24]","[326.0, 12]",322.5,72,3.0,0.0
07:47:01,"[320.07, 45]","[317.73, 66]","[322.09, 44]","[329.02, 53]",321.08,208,2.02,0.07
07:47:02,"[319.0, 39]","[317.0, 72]","[321.96, 25]","[331.68, 62]",320.48,198,2.96,0.12
07:47:03,"[319.16, 25]","[316.93, 29]","[321.6, 20]","[322.53, 34]",320.38,108,2.44,0.0
07:47:04,"[320.0, 11]","[317.0, 22]","[321.3, 20]","[323.0, 33]",320.65,86,1.3,-0.23
07:47:05,"[319.25, 8]","[316.92, 13]","[321.67, 9]","[325.0, 24]",320.46,54,2.42,-0.22
07:47:06,"[317.0, 16]","[316.0, 8]","[326.0, 24]","[331.0, 48]",321.5,96,9.0,-0.5
07:47:07,"[316.0, 11]","[313.8, 10]","[327.0, 21]","[331.0, 42]",321.5,84,11.0,-0.5
07:47:08,"[314.0, 12]","[313.0, 24]","[326.15, 41]","[329.11, 53]",320.07,130,12.15,-0.45
07:47:09,"[314.0, 14]","[313.0, 28]","[321.63, 49]","[322.94, 49]",317.82,140,7.63,-0.4
07:47:10,"[314.0, 8]","[313.0, 16]","[319.31, 26]","[320.4, 30]",316.65,80,5.31,-0.4
07:47:11,"[312.0, 30]","[309.0, 45]","[317.52, 50]","[318.42, 55]",314.76,180,5.52,-0.17
07:47:12,"[312.0, 26]","[309.0, 13]","[314.54, 48]","[316.54, 39]",313.27,126,2.54,-0.38
07:47:13,"[311.47, 17]","[308.77, 13]","[316.19, 37]","[321.16, 32]",313.83,99,4.72,-0.39
07:47:14,"[313.55, 11]","[314.7, 53]","[324.0, 28]","[325.86, 35]",318.77,127,10.45,0.01
07:47:15,"[316.08, 111]","[315.42, 72]","[323.0, 18]","[324.0, 27]",319.54,228,6.92,0.61
07:47:16,"[316.0, 180]","[309.0, 10]","[322.04, 23]","[323.06, 48]",319.02,261,6.04,0.46
07:47:17,"[316.0, 288]","[310.67, 48]","[318.91, 23]","[320.77, 35]",317.46,394,2.91,0.71
07:47:18,"[316.0, 218]","[311.0, 77]","[317.92, 26]","[319.0, 13]",316.96,334,1.92,0.77
07:47:19,"[316.0, 124]","[311.0, 50]","[318.33, 12]","[324.54, 26]",317.17,212,2.33,0.64
07:47:20,"[316.0, 112]","[311.0, 60]","[318.42, 12]","[325.0, 36]",317.21,220,2.42,0.56
07:47:21,"[316.0, 32]","[311.0, 20]","[318.0, 4]","[325.0, 20]",317.0,76,2.0,0.37
07:47:22,"[316.0, 98]","[311.05, 61]","[317.38, 13]","[325.0, 29]",316.69,201,1.38,0.58
07:47:23,"[316.02, 56]","[314.62, 16]","[325.93, 42]","[358.55, 29]",320.97,143,9.91,0.01
07:47:24,"[317.0, 9]","[316.0, 45]","[328.0, 53]","[414.11, 9]",322.5,116,11.0,-0.07
07:47:25,"[317.0, 9]","[316.0, 45]","[326.93, 45]","[334.23, 40]",321.97,139,9.93,-0.22
07:47:26,"[317.0, 9]","[316.0, 45]","[326.0, 36]","[327.0, 18]",321.5,108,9.0,0.0
07:47:27,"[318.25, 12]","[316.12, 40]","[326.0, 48]","[327.0, 24]",322.12,124,7.75,-0.16
07:47:28,"[320.0, 8]","[317.0, 8]","[326.0, 32]","[327.0, 16]",323.0,64,6.0,-0.5
07:47:29,"[316.69, 29]","[315.4, 15]","[325.03, 37]","[325.88, 32]",320.86,113,8.34,-0.22
07:47:30,"[318.02, 51]","[316.0, 42]","[324.0, 42]","[327.17, 48]",321.01,183,5.98,0.02
07:47:31,"[319.5, 42]","[316.0, 42]","[323.29, 42]","[327.79, 56]",321.39,182,3.79,-0.08
07:47:32,"[320.25, 36]","[316.0, 36]","[323.0, 36]","[327.0, 48]",321.62,156,2.75,-0.08
07:47:33,"[320.29, 28]","[315.85, 26]","[322.9, 30]","[327.0, 40]",321.59,124,2.61,-0.13
07:47:34,"[316.0, 26]","[314.0, 13]","[320.77, 13]","[322.0, 39]",318.38,91,4.77,-0.14
07:47:35,"[316.0, 31]","[314.0, 18]","[317.83, 42]","[319.19, 27]",316.92,118,1.83,-0.17
07:47:36,"[314.86, 14]","[310.67, 36]","[317.18, 34]","[320.82, 34]",316.02,118,2.32,-0.15
07:47:37,"[311.5, 12]","[305.64, 42]","[317.0, 17]","[318.0, 24]",314.25,95,5.5,0.14
07:47:38,"[304.0, 13]","[303.0, 91]","[314.0, 14]","[316.52, 23]",309.0,141,10.0,0.48
07:47:39,"[309.41, 91]","[303.11, 71]","[311.28, 25]","[319.3, 40]",310.34,227,1.87,0.43
07:47:40,"[310.43, 149]","[309.33, 81]","[319.36, 56]","[323.52, 42]",314.89,328,8.93,0.4
07:47:41,"[313.7, 80]","[309.68, 111]","[321.0, 32]","[326.5, 32]",317.35,255,7.3,0.5
07:47:42,"[320.0, 125]","[311.93, 120]","[323.8, 30]","[327.64, 66]",321.9,341,3.8,0.44
07:47:43,"[320.0, 97]","[313.79, 78]","[322.38, 26]","[325.5, 28]",321.19,229,2.38,0.53
07:47:44,"[320.0, 27]","[316.22, 27]","[327.0, 12]","[329.0, 12]",323.5,78,7.0,0.38
07:47:45,"[320.64, 22]","[317.68, 31]","[327.0, 26]","[329.0, 26]",323.82,105,6.36,0.01
07:47:46,"[321.0, 10]","[320.0, 5]","[327.0, 10]","[329.0, 10]",324.0,35,6.0,-0.14
07:47:47,"[318.0, 16]","[312.47, 34]","[327.0, 12]","[331.0, 30]",322.5,92,9.0,0.09
07:47:48,"[317.0, 36]","[312.0, 96]","[326.33, 24]","[329.56, 36]",321.67,192,9.33,0.38
07:47:49,"[317.0, 36]","[314.37, 76]","[322.71, 21]","[327.77, 39]",319.86,172,5.71,0.3
07:47:50,"[317.0, 18]","[315.0, 36]","[328.19, 27]","[329.67, 15]",322.59,96,11.19,0.12
07:47:51,"[317.0, 30]","[315.0, 60]","[329.0, 50]","[330.0, 20]",323.0,160,12.0,0.12
07:47:52,"[317.0, 27]","[315.0, 54]","[328.21, 47]","[338.59, 17]",322.61,145,11.21,0.12
07:47:53,"[317.0, 36]","[315.0, 72]","[328.0, 60]","[378.0, 18]",322.5,186,11.0,0.16
07:47:54,"[317.22, 27]","[315.35, 51]","[328.04, 55]","[353.0, 20]",322.63,153,10.81,0.02
07:47:55,"[319.14, 14]","[317.47, 17]","[328.0, 49]","[541.14, 7]",323.57,87,8.86,-0.29
07:47:56,"[320.0, 16]","[318.0, 16]","[328.0, 56]","[704.0, 8]",324.0,96,8.0,-0.33
07:47:57,"[318.67, 18]","[317.25, 24]","[328.0, 63]","[515.21, 29]",323.33,134,9.33,-0.37
07:47:58,"[318.0, 8]","[317.0, 12]","[328.0, 28]","[368.0, 12]",323.0,60,10.0,-0.33
07:47:59,"[317.4, 20]","[315.57, 42]","[328.0, 63]","[368.0, 27]",322.7,152,10.6,-0.18
07:48:00,"[317.0, 14]","[315.0, 42]","[328.0, 49]","[444.32, 25]",322.5,130,11.0,-0.14
07:48:01,"[317.0, 24]","[315.0, 72]","[327.88, 72]","[430.21, 47]",322.44,215,10.88,-0.11
07:48:02,"[317.0, 24]","[315.0, 72]","[324.81, 32]","[325.93, 28]",320.91,156,7.81,0.23
07:48:03,"[317.73, 55]","[314.55, 93]","[322.7, 60]","[323.74, 68]",320.21,276,4.97,0.07
07:48:04,"[315.0, 24]","[313.0, 48]","[319.25, 36]","[320.42, 36]",317.12,144,4.25,0.0
07:48:05,"[313.82, 34]","[312.65, 43]","[316.58, 36]","[318.17, 36]",315.2,149,2.76,0.03
07:48:06,"[312.58, 36]","[310.72, 47]","[314.25, 24]","[315.42, 38]",313.42,145,1.67,0.14
07:48:07,"[312.0, 48]","[309.0, 72]","[313.0, 38]","[319.0, 24]",312.5,182,1.0,0.32
07:48:08,"[312.0, 28]","[309.0, 56]","[313.0, 14]","[324.0, 28]",312.5,126,1.0,0.33
07:48:09,"[312.0, 13]","[309.0, 32]","[319.0, 11]","[325.38, 13]",315.5,69,7.0,0.3
07:48:10,"[306.94, 32]","[306.27, 44]","[324.0, 16]","[330.0, 8]",315.47,100,17.06,0.52
07:48:11,"[306.0, 117]","[286.11, 83]","[319.03, 29]","[327.75, 16]",312.52,245,13.03,0.63
07:48:12,"[306.0, 99]","[304.0, 22]","[308.0, 32]","[321.69, 26]",307.0,179,2.0,0.35
07:48:13,"[306.12, 48]","[304.78, 36]","[308.0, 14]","[319.5, 20]",307.06,118,1.88,0.42
07:48:14,"[305.21, 61]","[302.69, 64]","[308.0, 22]","[311.92, 48]",306.61,195,2.79,0.28
07:48:15,"[304.24, 37]","[302.39, 61]","[307.05, 38]","[308.65, 23]",305.65,159,2.81,0.23
07:48:16,"[303.3, 53]","[302.0, 79]","[307.0, 36]","[310.4, 50]",305.15,218,3.7,0.21
07:48:17,"[303.92, 52]","[302.0, 85]","[307.0, 13]","[308.0, 26]",305.46,176,3.08,0.56
07:48:18,"[303.56, 54]","[299.22, 41]","[310.38, 45]","[313.38, 58]",306.97,198,6.82,-0.04
07:48:19,"[306.35, 156]","[303.0, 16]","[310.47, 43]","[312.4, 60]",308.41,275,4.11,0.25
07:48:20,"[307.15, 104]","[306.35, 52]","[310.0, 32]","[311.0, 64]",308.58,252,2.85,0.24
07:48:21,"[310.17, 46]","[304.64, 36]","[316.54, 48]","[319.33, 63]",313.36,193,6.37,-0.15
07:48:22,"[317.97, 58]","[316.59, 17]","[320.0, 45]","[321.0, 36]",318.98,156,2.03,-0.04
07:48:23,"[318.0, 56]","[317.0, 16]","[321.0, 32]","[323.0, 64]",319.5,168,3.0,-0.14
07:48:24,"[318.32, 75]","[317.64, 66]","[320.91, 66]","[322.82, 132]",319.61,339,2.59,-0.17
07:48:25,"[318.0, 20]","[317.0, 10]","[320.0, 22]","[321.65, 23]",319.0,75,2.0,-0.2
07:48:26,"[318.0, 29]","[317.0, 16]","[320.0, 22]","[322.0, 40]",319.0,107,2.0,-0.16
07:48:27,"[318.0, 7]","[317.0, 14]","[320.0, 14]","[322.0, 35]",319.0,70,2.0,-0.4
07:48:28,"[318.0, 8]","[317.0, 16]","[320.0, 16]","[322.0, 40]",319.0,80,2.0,-0.4
07:48:29,"[317.33, 12]","[316.33, 12]","[319.88, 16]","[321.89, 37]",318.6,77,2.54,-0.38
07:48:30,"[316.83, 24]","[314.08, 13]","[320.0, 26]","[322.0, 65]",318.42,128,3.17,-0.42
07:48:31,"[315.6, 10]","[312.3, 10]","[323.23, 43]","[324.19, 31]",319.42,94,7.63,-0.57
07:48:32,"[315.0, 13]","[312.0, 13]","[323.62, 65]","[325.87, 55]",319.31,146,8.62,-0.64
07:48:33,"[315.0, 13]","[312.0, 13]","[322.68, 62]","[328.52, 87]",318.84,175,7.68,-0.7
07:48:34,"[315.0, 15]","[312.0, 15]","[321.0, 75]","[324.58, 38]",318.0,143,6.0,-0.58
07:48:35,"[315.0, 14]","[312.0, 14]","[319.07, 70]","[325.0, 28]",317.04,126,4.07,-0.56
07:48:36,"[315.0, 12]","[312.0, 12]","[318.25, 60]","[326.33, 24]",316.62,108,3.25,-0.56
07:48:37,"[315.0, 12]","[312.0, 12]","[317.18, 49]","[327.17, 24]",316.09,97,2.18,-0.51
07:48:38,"[315.0, 10]","[312.0, 10]","[316.7, 40]","[328.0, 20]",315.85,80,1.7,-0.5
07:48:39,"[314.1, 10]","[308.77, 13]","[321.14, 49]","[329.02, 59]",317.62,131,7.04,-0.65
07:48:40,"[312.0, 8]","[305.95, 44]","[328.0, 56]","[332.0, 40]",320.0,148,16.0,-0.3
07:48:41,"[312.0, 11]","[306.0, 66]","[327.74, 57]","[329.85, 65]",319.87,199,15.74,-0.23
07:48:42,"[311.12, 41]","[305.92, 48]","[325.68, 57]","[326.77, 77]",318.4,223,14.56,-0.2
07:48:43,"[321.29, 42]","[319.09, 235]","[324.41, 66]","[325.57, 63]",322.85,406,3.12,0.36
07:48:44,"[318.53, 144]","[314.7, 116]","[320.66, 64]","[321.93, 43]",319.6,367,2.12,0.42
07:48:45,"[313.0, 102]","[304.0, 136]","[317.93, 29]","[318.71, 41]",315.47,308,4.93,0.55
07:48:46,"[313.0, 72]","[309.54, 78]","[316.5, 12]","[318.0, 36]",314.75,198,3.5,0.52
07:48:47,"[313.0, 87]","[312.0, 126]","[316.2, 25]","[322.2, 60]",314.6,298,3.2,0.43
07:48:48,"[314.27, 63]","[313.05, 44]","[319.0, 13]","[326.0, 52]",316.63,172,4.73,0.24
07:48:49,"[315.61, 108]","[314.0, 64]","[319.0, 16]","[325.88, 64]",317.31,252,3.39,0.37
07:48:50,"[316.07, 90]","[314.14, 63]","[321.67, 33]","[324.21, 48]",318.87,234,5.6,0.31
07:48:51,"[318.62, 68]","[315.1, 40]","[325.73, 60]","[328.0, 75]",322.18,243,7.12,-0.11
07:48:52,"[321.08, 73]","[320.27, 22]","[325.0, 36]","[328.89, 45]",323.04,176,3.92,0.08
07:48:53,"[322.21, 84]","[321.0, 196]","[324.57, 56]","[327.5, 64]",323.39,400,2.36,0.4
07:48:54,"[322.22, 85]","[320.97, 227]","[324.74, 76]","[327.03, 62]",323.48,450,2.51,0.39
07:48:55,"[321.0, 110]","[319.0, 10]","[324.5, 40]","[326.29, 35]",322.75,195,3.5,0.23
