Time,Bid1_Price,Bid1_Volume,Ask1_Price,Ask1_Volume,Bid2_Price,Bid2_Volume,Ask2_Price,Ask2_Volume,Bid_Ask_Spread,Market_Depth_Bid,Market_Depth_Ask,Historical_Volatility,Weighted_Avg_Bid_Price,Weighted_Avg_Ask_Price,Total_volume,Cumulative_Volume_Difference,Total_Volume_Change_Corrected,Order_imbalance
07:30:15,100.84,43.0,110.13,23.0,98.85,168.0,162.17,53.0,9.289999999999992,211.0,76.0,2.0025059300784047,100.84,110.13,287,135.0,169.5,0.47
07:30:17,99.0,112.0,109.75,8.0,96.0,48.0,161.5,10.0,10.75,160.0,18.0,2.147060781626633,99.0,109.75,178,142.0,-26.0,0.8
07:30:18,99.0,168.0,107.59,41.0,96.0,72.0,126.5,12.0,8.590000000000003,240.0,53.0,2.151708623396572,99.0,107.59000000000002,293,187.0,115.0,0.64
07:30:19,99.07,165.0,106.65,26.0,97.92,117.0,111.0,10.0,7.5800000000000125,282.0,36.0,2.058790907304378,99.07,106.65,318,246.0,25.0,0.77
07:30:20,100.0,48.0,110.81,48.0,99.0,212.0,126.0,28.0,10.810000000000002,260.0,76.0,2.0395759363159716,100.0,110.81,336,184.0,18.0,0.55
07:30:21,118.0,9.0,123.0,9.0,100.33,60.0,126.0,45.0,5.0,69.0,54.0,7.45203797628535,118.0,123.0,123,15.0,-170.5,0.12
07:30:22,118.0,7.0,123.0,7.0,112.0,28.0,126.0,35.0,5.0,35.0,42.0,9.168711468903302,118.0,123.0,77,-7.0,-46.0,-0.09
07:30:23,118.0,6.0,123.0,6.0,115.16,19.0,126.0,30.0,5.0,25.0,36.0,9.00870578940165,118.0,123.0,61,-11.0,-16.0,-0.18
07:30:24,118.0,7.0,123.0,7.0,116.0,21.0,126.0,35.0,5.0,28.0,42.0,6.748453156094264,118.0,123.0,70,-14.0,9.0,-0.2
07:30:25,116.29,21.0,125.14,21.0,113.03,31.0,134.69,39.0,8.849999999999994,52.0,60.0,0.09391485504711197,116.29,125.14,112,-8.0,42.0,-0.07
07:30:26,116.0,30.0,124.28,47.0,112.0,40.0,173.85,34.0,8.280000000000001,70.0,81.0,0.20566963800844004,116.0,124.28,151,-11.0,39.0,-0.07
07:30:27,116.0,30.0,123.0,55.0,112.0,40.0,435.8,10.0,7.0,70.0,65.0,0.4767598976408663,116.0,123.0,135,5.0,-16.0,0.04
07:30:28,116.0,30.0,123.0,29.0,112.0,40.0,429.2,10.0,7.0,70.0,39.0,0.5588380803046018,116.0,123.0,109,31.0,-26.0,0.28
07:30:29,116.0,32.0,121.09,22.0,112.27,44.0,122.13,23.0,5.090000000000003,76.0,45.0,0.8084243934954832,116.0,121.09,121,31.0,12.0,0.26
07:30:30,116.0,24.0,120.06,65.0,112.42,48.0,121.5,24.0,4.060000000000002,72.0,89.0,0.8425140948367299,116.0,120.06,161,-17.0,40.0,-0.11
07:30:31,113.6,40.0,117.72,46.0,107.16,62.0,118.33,55.0,4.1200000000000045,102.0,101.0,1.5788825162115683,113.6,117.72,203,1.0,42.0,0.0
07:30:32,112.0,41.0,113.05,38.0,102.0,65.0,114.17,29.0,1.0499999999999972,106.0,67.0,2.801040877959223,112.0,113.05,173,39.0,-30.0,0.23
07:30:33,108.15,13.0,113.57,14.0,101.67,24.0,116.0,9.0,5.4199999999999875,37.0,23.0,3.3682384119890556,108.15,113.57000000000001,60,14.0,-113.0,0.23
07:30:34,103.43,166.0,116.58,38.0,103.29,137.0,118.38,24.0,13.149999999999991,303.0,62.0,3.3631636891472443,103.43,116.58,365,241.0,169.5,0.66
07:30:35,110.46,101.0,113.72,54.0,105.84,135.0,128.45,47.0,3.260000000000005,236.0,101.0,2.1610067098457773,110.46,113.72,337,135.0,-28.0,0.4
07:30:36,108.5,107.0,115.23,22.0,106.06,99.0,153.06,31.0,6.730000000000004,206.0,53.0,1.0212345470059558,108.5,115.23,259,153.0,-78.0,0.59
07:30:37,110.48,25.0,113.48,25.0,109.36,133.0,177.45,58.0,3.0,158.0,83.0,0.9013711777056437,110.48,113.48,241,75.0,-18.0,0.31
07:30:38,113.0,18.0,285.23,39.0,110.91,132.0,347.87,75.0,172.23000000000002,150.0,114.0,39.199805229107945,113.0,285.23,264,36.0,23.0,0.14
07:30:39,118.6,35.0,236.71,28.0,115.56,89.0,368.78,46.0,118.11000000000001,124.0,74.0,42.53373872586324,118.6,236.71,198,50.0,-66.0,0.25
07:30:40,119.09,89.0,362.7,43.0,117.45,33.0,579.87,31.0,243.60999999999999,122.0,74.0,56.26516977669219,119.09,362.7,196,48.0,-2.0,0.24
07:30:41,119.0,87.0,259.13,23.0,116.0,12.0,321.31,35.0,140.13,99.0,58.0,46.68388297903245,119.0,259.13,157,41.0,-39.0,0.26
07:30:42,119.0,84.0,236.36,28.0,116.0,14.0,360.65,34.0,117.36000000000001,98.0,62.0,26.177003839247813,119.0,236.35999999999999,160,36.0,3.0,0.23
07:30:43,119.0,14.0,276.56,18.0,116.0,9.0,333.78,18.0,157.56,23.0,36.0,26.15523905453733,119.0,276.56,59,-13.0,-101.0,-0.22
07:30:44,112.15,46.0,309.92,26.0,106.03,307.0,421.4,35.0,197.77,353.0,61.0,24.301559003487707,112.15,309.92,414,292.0,169.5,0.71
07:30:45,112.0,25.0,157.0,10.0,106.0,170.0,335.2,10.0,45.0,195.0,20.0,29.228523397530623,112.0,157.0,215,175.0,-170.5,0.81
07:30:46,119.38,130.0,206.75,24.0,108.54,118.0,350.52,42.0,87.37,248.0,66.0,29.962953459230203,119.38,206.75,314,182.0,99.0,0.58
07:30:47,120.0,132.0,153.0,22.0,115.75,159.0,186.19,37.0,33.0,291.0,59.0,34.91570019346591,120.0,153.0,350,232.0,36.0,0.66
07:30:48,120.0,92.0,329.21,19.0,116.0,105.0,449.63,19.0,209.20999999999998,197.0,38.0,41.890580444772965,120.0,329.21,235,159.0,-115.0,0.68
07:30:49,120.0,90.0,356.29,34.0,116.0,45.0,468.39,28.0,236.29000000000002,135.0,62.0,49.037204549199124,120.0,356.29,197,73.0,-38.0,0.37
07:30:50,120.0,40.0,187.83,18.0,116.0,20.0,305.0,14.0,67.83000000000001,60.0,32.0,45.21532760027284,120.0,187.83,92,28.0,-105.0,0.3
07:30:51,120.0,90.0,187.0,27.0,116.0,45.0,414.93,30.0,67.0,135.0,57.0,46.46831318221047,120.0,187.0,192,78.0,100.0,0.41
07:30:52,120.0,71.0,186.0,24.0,116.0,40.0,323.0,40.0,66.0,111.0,64.0,42.940157545123135,120.0,186.0,175,47.0,-17.0,0.27
07:30:53,120.0,61.0,180.12,24.0,116.0,45.0,290.92,39.0,60.120000000000005,106.0,63.0,38.28010945647878,120.0,180.12,169,43.0,-6.0,0.25
07:30:54,120.0,80.0,164.31,35.0,116.0,80.0,167.09,33.0,44.31,160.0,68.0,4.91659638367819,120.0,164.31,228,92.0,59.0,0.4
07:30:55,120.0,70.0,155.76,29.0,116.0,70.0,157.48,29.0,35.75999999999999,140.0,58.0,6.958836109580229,120.0,155.76,198,82.0,-30.0,0.41
07:30:56,120.0,45.0,152.55,33.0,118.71,14.0,152.97,37.0,32.55000000000001,59.0,70.0,7.386425387154322,120.0,152.55,129,-11.0,-69.0,-0.09
07:30:57,120.0,24.0,148.73,30.0,119.0,12.0,150.73,55.0,28.72999999999999,36.0,85.0,6.2422728232590154,120.0,148.73,121,-49.0,-8.0,-0.4
07:30:58,120.0,26.0,143.86,35.0,119.0,13.0,145.82,17.0,23.860000000000014,39.0,52.0,3.8539680849740066,120.0,143.86,91,-13.0,-30.0,-0.14
07:30:59,120.0,12.0,140.21,29.0,119.0,11.0,141.15,27.0,20.210000000000008,23.0,56.0,3.1535139130814556,120.0,140.21,79,-33.0,-12.0,-0.42
07:31:00,118.71,14.0,135.65,23.0,117.09,113.0,137.18,33.0,16.940000000000012,127.0,56.0,3.559936797191546,118.71,135.65,183,71.0,104.0,0.39
07:31:01,118.0,10.0,131.32,28.0,117.0,120.0,131.88,17.0,13.319999999999993,130.0,45.0,3.830152738468605,118.0,131.32,175,85.0,-8.0,0.49
07:31:02,117.01,171.0,126.84,43.0,116.1,117.0,127.64,47.0,9.829999999999998,288.0,90.0,4.034367360565804,117.00999999999999,126.84,378,198.0,169.5,0.52
07:31:03,117.79,33.0,120.75,24.0,116.93,98.0,123.35,23.0,2.9599999999999937,131.0,47.0,4.257285520140603,117.79,120.75,178,84.0,-170.5,0.47
07:31:04,117.06,66.0,119.4,30.0,116.18,77.0,120.11,19.0,2.3400000000000034,143.0,49.0,3.71694363691447,117.06,119.4,192,94.0,14.0,0.49
07:31:05,116.68,22.0,118.25,16.0,115.91,32.0,144.5,16.0,1.5699999999999932,54.0,32.0,2.9575412085039576,116.68,118.25,86,22.0,-106.0,0.26
07:31:06,116.0,29.0,119.0,14.0,113.0,7.0,197.0,35.0,3.0,36.0,49.0,1.8512617319004685,116.0,119.0,85,-13.0,-1.0,-0.15
07:31:07,112.85,47.0,119.0,22.0,111.49,55.0,497.45,55.0,6.150000000000006,102.0,77.0,1.2216382443256935,112.85,119.0,179,25.0,94.0,0.14
07:31:08,112.48,125.0,119.0,20.0,109.38,40.0,366.78,23.0,6.519999999999996,165.0,43.0,1.085463034837763,112.48,119.0,208,122.0,29.0,0.59
07:31:09,112.99,146.0,119.0,26.0,110.44,27.0,381.82,33.0,6.010000000000005,173.0,59.0,0.8803578817726503,112.99000000000001,119.0,232,114.0,24.0,0.49
07:31:10,112.78,45.0,119.0,24.0,109.86,49.0,257.48,27.0,6.219999999999999,94.0,51.0,0.7270144427721148,112.78,119.0,145,43.0,-87.0,0.3
07:31:11,113.0,45.0,119.0,17.0,112.0,18.0,302.81,21.0,6.0,63.0,38.0,0.10511898020465285,113.0,119.0,101,25.0,-44.0,0.25
07:31:12,113.0,33.0,116.33,15.0,112.0,26.0,145.32,25.0,3.3299999999999983,59.0,40.0,0.5621120884657098,113.0,116.33,99,19.0,-2.0,0.19
07:31:13,113.88,48.0,135.75,20.0,112.62,26.0,354.3,20.0,21.870000000000005,74.0,40.0,4.140147340373181,113.88,135.75,114,34.0,15.0,0.3
07:31:14,113.0,11.0,214.7,20.0,112.0,22.0,471.73,15.0,101.69999999999999,33.0,35.0,20.971229816107545,113.0,214.7,68,-2.0,-46.0,-0.03
07:31:15,112.3,10.0,271.76,17.0,111.46,13.0,408.89,27.0,159.45999999999998,23.0,44.0,34.272724140342234,112.3,271.76,67,-21.0,-1.0,-0.31
07:31:16,113.7,37.0,163.24,42.0,111.92,13.0,379.32,31.0,49.540000000000006,50.0,73.0,31.311880812241174,113.70000000000002,163.24,123,-23.0,56.0,-0.19
07:31:17,114.92,36.0,162.33,48.0,112.0,12.0,175.33,24.0,47.41000000000001,48.0,72.0,26.660922339634027,114.92,162.33,120,-24.0,-3.0,-0.2
07:31:18,114.09,23.0,159.71,56.0,111.5,14.0,161.57,56.0,45.620000000000005,37.0,112.0,24.04909208265453,114.09,159.71,149,-75.0,29.0,-0.5
07:31:19,111.46,13.0,123.52,50.0,109.44,27.0,139.05,42.0,12.060000000000002,40.0,92.0,27.915642030947403,111.46000000000001,123.52,132,-52.0,-17.0,-0.39
07:31:20,109.58,26.0,111.64,56.0,108.33,36.0,113.0,70.0,2.0600000000000023,62.0,126.0,13.356776182896771,109.58,111.64,188,-64.0,56.0,-0.34
07:31:21,107.52,54.0,111.74,54.0,105.71,58.0,138.36,47.0,4.219999999999999,112.0,101.0,14.135160062765436,107.52,111.74,213,11.0,25.0,0.05
07:31:22,108.18,44.0,110.27,44.0,106.33,39.0,111.43,28.0,2.089999999999989,83.0,72.0,11.742147163104343,108.18,110.27,155,11.0,-58.0,0.07
07:31:23,108.0,56.0,110.07,42.0,105.43,28.0,113.86,14.0,2.069999999999993,84.0,56.0,3.568038676920385,108.0,110.07,140,28.0,-15.0,0.2
07:31:24,108.0,52.0,205.0,29.0,105.0,26.0,304.86,36.0,97.0,78.0,65.0,20.970774186948823,108.0,205.0,143,13.0,3.0,0.09
07:31:25,108.0,36.0,109.78,9.0,105.0,18.0,111.0,18.0,1.7800000000000011,54.0,27.0,21.156137880057386,108.0,109.78,81,27.0,-62.0,0.33
07:31:26,108.0,56.0,269.91,22.0,94.7,46.0,229.42,31.0,161.91000000000003,102.0,53.0,36.713269671877455,108.0,269.91,155,49.0,74.0,0.32
07:31:27,112.8,10.0,280.0,21.0,107.24,25.0,299.0,28.0,167.2,35.0,49.0,42.014689454998894,112.8,280.0,84,-14.0,-71.0,-0.17
07:31:28,116.0,8.0,329.32,25.0,114.0,32.0,457.93,27.0,213.32,40.0,52.0,43.69298627926447,116.0,329.32,92,-12.0,8.0,-0.13
07:31:29,116.0,8.0,348.2,30.0,111.0,26.0,446.0,24.0,232.2,34.0,54.0,48.630700694108775,116.0,348.2,88,-20.0,-4.0,-0.23
07:31:30,116.0,10.0,117.0,30.0,111.0,30.0,285.69,26.0,1.0,40.0,56.0,45.48257820308774,116.0,117.0,96,-16.0,8.0,-0.17
07:31:31,109.14,7.0,190.0,8.0,106.5,12.0,281.0,12.0,80.86,19.0,20.0,49.24963431336311,109.14,190.0,39,-1.0,-57.0,-0.03
07:31:32,109.08,13.0,129.21,38.0,106.83,23.0,215.14,28.0,20.13000000000001,36.0,66.0,55.84742590307986,109.08,129.21,102,-30.0,63.0,-0.29
07:31:33,108.06,16.0,113.0,50.0,99.67,18.0,234.0,40.0,4.939999999999998,34.0,90.0,50.68247300596133,108.06,113.0,124,-56.0,22.0,-0.45
07:31:34,105.0,30.0,122.88,49.0,73.66,35.0,244.37,38.0,17.879999999999995,65.0,87.0,15.772115584156845,105.0,122.88,152,-22.0,28.0,-0.14
07:31:35,83.74,38.0,137.25,48.0,68.45,49.0,322.49,47.0,53.510000000000005,87.0,95.0,16.502085625762682,83.74,137.25,182,-8.0,30.0,-0.04
07:31:37,98.0,26.0,225.4,20.0,90.24,34.0,342.85,26.0,127.4,60.0,46.0,24.562672289472157,98.0,225.4,106,14.0,-35.0,0.13
07:31:38,108.75,32.0,142.55,40.0,71.26,34.0,181.24,29.0,33.80000000000001,66.0,69.0,24.182072491827554,108.75,142.55,135,-3.0,29.0,-0.02
07:31:39,104.06,31.0,132.5,48.0,88.26,31.0,139.65,46.0,28.439999999999998,62.0,94.0,23.89410031786095,104.06,132.5,156,-32.0,21.0,-0.21
07:31:56,99.75,24.0,107.0,21.0,97.67,18.0,108.0,14.0,7.25,42.0,35.0,4.082331441713958,99.75,107.0,77,7.0,-12.0,0.09
07:31:57,102.0,44.0,107.0,33.0,99.0,22.0,108.0,22.0,5.0,66.0,55.0,4.585790008276245,102.0,107.0,121,11.0,44.0,0.09
07:31:58,104.76,34.0,107.0,28.0,102.17,24.0,108.0,20.0,2.239999999999995,58.0,48.0,5.298101546781267,104.76,107.0,106,10.0,-15.0,0.09
07:31:59,106.4,15.0,107.89,9.0,85.62,21.0,108.67,6.0,1.4899999999999949,36.0,15.0,4.659141551831792,106.4,107.89,51,21.0,-55.0,0.41
07:32:09,101.63,35.0,105.81,48.0,62.79,14.0,106.75,24.0,4.180000000000007,49.0,72.0,4.581978830156898,101.63,105.81,121,-23.0,-41.0,-0.19
07:32:10,103.0,12.0,106.0,14.0,102.0,18.0,108.0,6.0,3.0,30.0,20.0,3.5712042786720213,103.0,106.0,50,10.0,-71.0,0.2
07:32:11,103.88,16.0,108.22,9.0,102.42,19.0,119.27,15.0,4.340000000000003,35.0,24.0,1.9204738998499276,103.88,108.22,59,11.0,9.0,0.19
07:32:12,105.88,24.0,153.8,30.0,105.46,37.0,421.53,36.0,47.920000000000016,61.0,66.0,11.652322515275799,105.88,153.8,127,-5.0,68.0,-0.04
07:32:13,108.81,26.0,281.86,37.0,107.36,33.0,397.41,54.0,173.05,59.0,91.0,39.24783943098012,108.81,281.86,150,-32.0,23.0,-0.21
07:32:14,110.61,23.0,174.57,44.0,107.97,31.0,235.5,38.0,63.959999999999994,54.0,82.0,37.0516440930763,110.61000000000001,174.57,136,-28.0,-14.0,-0.21
07:32:15,116.0,47.0,139.57,28.0,107.69,13.0,141.0,35.0,23.569999999999993,60.0,63.0,33.44255328170973,116.0,139.57,123,-3.0,-13.0,-0.02
07:32:16,116.89,36.0,139.0,60.0,113.52,127.0,141.0,75.0,22.11,163.0,135.0,28.967770884208417,116.89,139.0,298,28.0,169.5,0.09
07:32:17,116.0,32.0,138.5,32.0,111.0,72.0,141.0,40.0,22.5,104.0,72.0,29.320932283950203,116.0,138.5,176,32.0,-122.0,0.18
07:32:18,116.0,44.0,135.65,46.0,111.0,99.0,139.98,49.0,19.650000000000006,143.0,95.0,6.931724172238641,116.0,135.65,238,48.0,62.0,0.2
07:32:19,112.79,56.0,134.0,45.0,110.67,49.0,135.0,36.0,21.209999999999994,105.0,81.0,1.8975774029004846,112.79,134.0,186,24.0,-52.0,0.13
07:32:20,112.2,60.0,132.83,60.0,111.51,78.0,134.8,49.0,20.63000000000001,138.0,109.0,2.366036770635409,112.2,132.83,247,29.0,61.0,0.12
07:32:21,113.3,40.0,121.62,40.0,112.47,76.0,130.25,40.0,8.320000000000007,116.0,80.0,3.7658000477985376,113.3,121.62,196,36.0,-51.0,0.18
07:32:22,115.5,20.0,120.47,47.0,112.17,60.0,141.24,45.0,4.969999999999999,80.0,92.0,3.607385479817762,115.5,120.47,172,-12.0,-24.0,-0.07
07:32:23,118.0,20.0,119.24,42.0,113.0,20.0,120.17,48.0,1.2399999999999949,40.0,90.0,2.751305144835893,118.0,119.24,130,-50.0,-42.0,-0.38
07:32:24,113.0,18.0,119.11,45.0,112.0,90.0,323.53,17.0,6.109999999999999,108.0,62.0,2.4226266736748467,113.0,119.11,170,46.0,40.0,0.27
07:32:25,113.0,20.0,118.27,26.0,112.0,100.0,180.37,30.0,5.269999999999996,120.0,56.0,1.2692911407558258,113.0,118.27,176,64.0,6.0,0.36
07:32:26,113.0,22.0,116.24,21.0,112.0,110.0,116.5,28.0,3.239999999999995,132.0,49.0,1.668538282450053,113.0,116.24,181,83.0,5.0,0.46
07:32:27,112.03,73.0,113.38,24.0,111.11,94.0,117.92,26.0,1.3499999999999943,167.0,50.0,2.1607822657550773,112.03,113.38,217,117.0,36.0,0.54
07:32:28,112.67,18.0,122.0,16.0,111.2,44.0,208.0,8.0,9.329999999999998,62.0,24.0,1.7338310182949506,112.67,122.0,86,38.0,-131.0,0.44
07:32:29,118.32,25.0,122.0,24.0,114.22,18.0,544.21,14.0,3.680000000000007,43.0,38.0,2.8269718781766255,118.32,122.0,81,5.0,-5.0,0.06
07:32:30,120.0,48.0,122.0,19.0,117.0,16.0,236.21,28.0,2.0,64.0,47.0,3.539692077003478,120.0,122.0,111,17.0,30.0,0.15
07:32:31,120.0,18.0,190.21,39.0,117.0,18.0,277.35,17.0,70.21000000000001,36.0,56.0,16.994276095203322,120.0,190.21,92,-20.0,-19.0,-0.22
07:32:32,118.24,17.0,198.0,65.0,113.85,27.0,410.4,20.0,79.76,44.0,85.0,20.401189181025625,118.24,198.0,129,-41.0,37.0,-0.32
07:32:33,116.0,7.0,198.0,35.0,112.0,28.0,468.0,8.0,82.0,35.0,43.0,19.83726997346145,116.0,198.0,78,-8.0,-51.0,-0.1
07:32:34,116.0,7.0,197.0,35.0,113.0,7.0,220.37,27.0,81.0,14.0,62.0,15.993394886639713,116.0,197.0,76,-48.0,-2.0,-0.63
07:32:35,116.0,10.0,196.0,50.0,113.0,10.0,319.78,27.0,80.0,20.0,77.0,1.1263569594012686,116.0,196.0,97,-57.0,21.0,-0.59
07:32:36,115.33,12.0,196.0,55.0,111.76,17.0,353.91,22.0,80.67,29.0,77.0,0.9602707951362719,115.33,196.0,106,-48.0,9.0,-0.45
07:32:37,112.8,20.0,194.62,40.0,110.92,26.0,343.38,16.0,81.82000000000001,46.0,56.0,1.2601706233648915,112.8,194.62,102,-10.0,-4.0,-0.1
07:32:38,113.46,26.0,191.4,57.0,112.11,36.0,315.41,27.0,77.94000000000001,62.0,84.0,1.722837775297503,113.46000000000001,191.4,146,-22.0,44.0,-0.15
07:32:39,113.0,18.0,192.67,45.0,112.0,54.0,199.95,42.0,79.66999999999999,72.0,87.0,1.6297913976924114,113.0,192.67,159,-15.0,13.0,-0.09
07:32:40,114.0,18.0,189.86,70.0,112.71,28.0,192.07,70.0,75.86000000000001,46.0,140.0,1.4695849754241233,114.0,189.86,186,-94.0,27.0,-0.51
07:32:41,115.89,80.0,164.78,64.0,111.04,27.0,179.18,55.0,48.89,107.0,119.0,5.581422757684007,115.89000000000001,164.78,226,-12.0,40.0,-0.05
07:32:42,116.0,160.0,136.31,80.0,112.48,25.0,137.78,74.0,20.310000000000002,185.0,154.0,11.629109166225678,116.0,136.31,339,31.0,113.0,0.09
07:32:43,116.0,96.0,134.0,60.0,113.0,48.0,135.25,60.0,18.0,144.0,120.0,13.423634008717423,116.0,134.0,264,24.0,-75.0,0.09
07:32:44,116.0,52.0,131.71,35.0,113.0,28.0,133.0,35.0,15.710000000000008,80.0,70.0,12.302025442990914,116.0,131.71,150,10.0,-114.0,0.07
07:32:45,116.0,27.0,129.0,45.0,113.0,36.0,131.0,45.0,13.0,63.0,90.0,7.2608470580226925,116.0,129.0,153,-27.0,3.0,-0.18
07:32:46,116.0,21.0,127.0,35.0,113.0,32.0,128.0,35.0,11.0,53.0,70.0,1.8703689475601917,116.0,127.0,123,-17.0,-30.0,-0.14
07:32:47,113.82,11.0,125.67,15.0,112.75,8.0,126.67,15.0,11.850000000000009,19.0,30.0,2.0442113393672527,113.82,125.67,49,-11.0,-74.0,-0.22
07:32:48,113.0,36.0,124.56,45.0,112.0,9.0,125.56,45.0,11.560000000000002,45.0,90.0,2.050287784677525,113.0,124.56,135,-45.0,86.0,-0.33
07:32:49,113.0,28.0,121.67,27.0,112.0,7.0,161.42,33.0,8.670000000000002,35.0,60.0,2.0724623036374137,113.0,121.67,95,-25.0,-40.0,-0.26
07:32:50,117.55,44.0,120.0,9.0,112.97,33.0,121.0,45.0,2.450000000000003,77.0,54.0,1.5359785154741683,117.55,120.0,131,23.0,36.0,0.18
07:32:51,118.03,31.0,120.87,23.0,113.86,29.0,247.1,21.0,2.8400000000000034,60.0,44.0,0.9310370561896594,118.03,120.87,104,16.0,-27.0,0.15
07:32:52,118.0,15.0,120.0,15.0,113.0,12.0,489.0,6.0,2.0,27.0,21.0,0.7960716048185195,118.0,120.0,48,6.0,-56.0,0.12
07:32:53,116.43,51.0,166.56,41.0,112.88,32.0,535.17,18.0,50.129999999999995,83.0,59.0,10.255166990351624,116.43,166.56,142,24.0,94.0,0.17
07:32:55,113.0,27.0,409.5,20.0,112.0,9.0,737.44,25.0,296.5,36.0,45.0,114.40898893880666,113.0,409.5,81,-9.0,46.0,-0.11
07:32:56,113.0,21.0,256.14,21.0,110.92,13.0,506.0,14.0,143.14,34.0,35.0,105.73567624033046,113.0,256.14,69,-1.0,-12.0,-0.01
07:32:57,113.42,12.0,267.0,29.0,111.58,55.0,307.26,23.0,153.57999999999998,67.0,52.0,93.26884168895839,113.42,267.0,119,15.0,50.0,0.13
07:32:58,118.83,41.0,201.0,55.0,113.27,11.0,307.0,33.0,82.17,52.0,88.0,89.10262465270023,118.83,201.0,140,-36.0,21.0,-0.26
07:32:59,120.0,80.0,200.88,40.0,115.25,8.0,353.75,24.0,80.88,88.0,64.0,41.464298860585956,120.0,200.88,152,24.0,12.0,0.16
07:33:00,120.0,105.0,198.36,44.0,116.0,14.0,239.02,44.0,78.36000000000001,119.0,88.0,15.22570096908491,120.0,198.36,207,31.0,55.0,0.15
07:33:01,112.62,80.0,192.58,26.0,111.43,42.0,193.85,34.0,79.96000000000001,122.0,60.0,14.734848828542312,112.62,192.57999999999998,182,62.0,-25.0,0.34
07:33:02,112.0,57.0,189.85,27.0,110.0,18.0,190.61,33.0,77.85,75.0,60.0,4.486264593177348,112.0,189.85,135,15.0,-47.0,0.11
07:33:03,112.0,36.0,187.0,6.0,110.0,12.0,189.0,18.0,75.0,48.0,24.0,4.9632751283801815,112.0,187.0,72,24.0,-63.0,0.33
07:33:04,113.09,46.0,184.4,25.0,111.6,30.0,186.32,37.0,71.31,76.0,62.0,4.175954980600004,113.09,184.4,138,14.0,66.0,0.1
07:33:05,117.0,12.0,180.38,24.0,113.0,18.0,181.25,12.0,63.379999999999995,30.0,36.0,1.668553265556281,117.0,180.38,66,-6.0,-72.0,-0.09
07:33:06,114.82,22.0,178.04,25.0,112.38,39.0,179.52,27.0,63.22,61.0,52.0,1.6311560317758742,114.82,178.04,113,9.0,47.0,0.08
07:33:07,117.57,70.0,169.9,30.0,112.67,36.0,175.12,34.0,52.33000000000001,106.0,64.0,2.356066637427544,117.57,169.9,170,42.0,57.0,0.25
07:33:08,118.0,96.0,137.08,36.0,113.0,36.0,142.33,36.0,19.080000000000013,132.0,72.0,8.897245079236615,118.0,137.08,204,60.0,34.0,0.29
07:33:09,118.0,104.0,132.2,61.0,113.0,74.0,134.2,15.0,14.199999999999989,178.0,76.0,11.109232646767346,118.0,132.2,254,102.0,50.0,0.4
07:33:10,119.67,96.0,129.69,16.0,116.81,84.0,131.06,32.0,10.019999999999996,180.0,48.0,10.676100411667298,119.67,129.69,228,132.0,-26.0,0.58
07:33:11,120.0,130.0,125.84,31.0,118.0,104.0,126.7,37.0,5.840000000000003,234.0,68.0,8.515132412358824,120.0,125.84,302,166.0,74.0,0.55
07:33:12,120.0,65.0,121.5,30.0,118.0,80.0,122.97,32.0,1.5,145.0,62.0,2.536576432912071,120.0,121.5,207,83.0,-95.0,0.4
07:33:13,119.63,27.0,121.05,37.0,118.15,66.0,200.91,11.0,1.4200000000000017,93.0,48.0,2.1842664672620127,119.63,121.04999999999998,141,45.0,-66.0,0.32
07:33:14,119.0,41.0,121.3,20.0,118.0,88.0,545.21,33.0,2.299999999999997,129.0,53.0,1.9685197484418389,119.0,121.3,182,76.0,41.0,0.42
07:33:15,118.43,42.0,119.54,13.0,117.88,51.0,131.5,28.0,1.1099999999999994,93.0,41.0,1.4400937469504493,118.43,119.53999999999999,134,52.0,-48.0,0.39
07:33:16,118.0,59.0,209.1,21.0,116.0,12.0,337.92,25.0,91.1,71.0,46.0,19.46266245918076,118.0,209.09999999999997,117,25.0,-17.0,0.21
07:33:17,118.0,33.0,201.57,14.0,116.0,11.0,410.29,24.0,83.57,44.0,38.0,22.96478761060075,118.0,201.57,82,6.0,-35.0,0.07
07:33:18,114.91,55.0,126.46,13.0,113.47,19.0,172.4,15.0,11.549999999999997,74.0,28.0,22.903430310763536,114.91,126.46000000000001,102,46.0,20.0,0.45
07:33:19,113.0,40.0,121.0,10.0,112.0,20.0,124.0,10.0,8.0,60.0,20.0,23.505547643056566,113.0,121.0,80,40.0,-22.0,0.5
07:33:20,113.66,29.0,120.42,19.0,111.09,44.0,210.95,21.0,6.760000000000005,73.0,40.0,23.86995664009472,113.66,120.42,113,33.0,33.0,0.29
07:33:21,110.99,95.0,114.7,27.0,109.72,86.0,115.92,24.0,3.710000000000008,181.0,51.0,19.38285918021395,110.99,114.7,232,130.0,119.0,0.56
07:33:22,111.18,44.0,199.79,19.0,109.4,60.0,237.9,20.0,88.60999999999999,104.0,39.0,17.48181426511575,111.18,199.79,143,65.0,-89.0,0.45
07:33:23,112.0,44.0,344.97,32.0,109.0,91.0,443.16,43.0,232.97000000000003,135.0,75.0,49.171807674723524,112.0,344.97,210,60.0,67.0,0.29
07:33:24,112.73,30.0,264.33,24.0,109.0,81.0,434.4,25.0,151.59999999999997,111.0,49.0,48.96772682083575,112.73,264.33,160,62.0,-50.0,0.39
07:33:25,113.56,18.0,273.22,36.0,109.0,90.0,468.57,21.0,159.66000000000003,108.0,57.0,43.65154201170898,113.56,273.22,165,51.0,5.0,0.31
07:33:27,111.77,30.0,279.84,31.0,109.2,50.0,428.94,35.0,168.07,80.0,66.0,33.34116929563191,111.77,279.84,146,14.0,6.0,0.1
07:33:28,114.44,80.0,345.25,44.0,113.57,76.0,289.94,62.0,230.81,156.0,106.0,33.48704301666523,114.44000000000001,345.25,262,50.0,116.0,0.19
07:33:29,116.0,50.0,392.0,40.0,115.0,50.0,433.06,35.0,276.0,100.0,75.0,33.36855076265653,116.0,392.0,175,25.0,-87.0,0.14
07:33:30,116.8,45.0,260.19,37.0,115.74,53.0,442.85,40.0,143.39,98.0,77.0,34.68701457317977,116.8,260.19,175,21.0,0.0,0.12
07:33:31,115.62,32.0,335.67,36.0,112.91,23.0,372.18,33.0,220.05,55.0,69.0,26.718582110583394,115.62,335.67,124,-14.0,-51.0,-0.11
07:33:32,116.0,72.0,321.0,32.0,113.0,16.0,348.71,31.0,205.0,88.0,63.0,23.587921273397253,116.0,321.0,151,25.0,27.0,0.17
07:33:33,115.59,58.0,388.64,33.0,112.8,20.0,528.62,39.0,273.04999999999995,78.0,72.0,26.989776768250348,115.59,388.64,150,6.0,-1.0,0.04
07:33:34,111.36,22.0,237.0,24.0,109.12,50.0,405.0,8.0,125.64,72.0,32.0,30.90399699068048,111.36,237.0,104,40.0,-46.0,0.38
07:33:35,111.0,15.0,292.89,9.0,109.0,45.0,669.0,14.0,181.89,60.0,23.0,28.888958617437005,111.0,292.89,83,37.0,-21.0,0.45
07:33:36,111.0,24.0,227.94,16.0,109.0,86.0,565.95,19.0,116.94,110.0,35.0,33.94013479643222,111.0,227.94,145,75.0,62.0,0.52
07:33:37,111.0,30.0,192.2,10.0,109.0,98.0,220.2,30.0,81.19999999999999,128.0,40.0,39.19958864580074,111.0,192.2,168,88.0,23.0,0.52
07:33:38,111.18,22.0,191.12,8.0,109.2,60.0,272.25,24.0,79.94,82.0,32.0,20.804135886885366,111.18,191.12,114,50.0,-54.0,0.44
07:33:39,117.6,10.0,188.0,32.0,112.71,14.0,225.5,12.0,70.4,24.0,44.0,21.81741666650733,117.6,188.0,68,-20.0,-46.0,-0.29
07:33:40,119.0,24.0,185.0,60.0,109.74,62.0,190.0,12.0,66.0,86.0,72.0,7.886496687376032,119.0,185.0,158,14.0,90.0,0.09
07:33:41,119.0,24.0,181.84,44.0,109.0,97.0,184.29,28.0,62.84,121.0,72.0,0.8936889839276697,119.0,181.84,193,49.0,35.0,0.25
07:33:42,119.0,26.0,177.06,17.0,109.0,91.0,178.49,61.0,58.06,117.0,78.0,1.8267320547890313,119.0,177.06,195,39.0,2.0,0.2
07:33:43,115.88,32.0,169.79,47.0,112.92,13.0,171.64,45.0,53.91,45.0,92.0,4.007272139497626,115.88,169.79,137,-47.0,-58.0,-0.34
07:33:44,110.04,27.0,164.63,51.0,103.0,42.0,165.69,52.0,54.58999999999999,69.0,103.0,6.01665771005748,110.04000000000002,164.63,172,-34.0,35.0,-0.2
07:33:45,109.44,45.0,160.6,25.0,88.91,23.0,162.07,41.0,51.16,68.0,66.0,6.6302360440631745,109.44,160.6,134,2.0,-38.0,0.01
07:33:46,111.0,36.0,154.25,36.0,109.0,50.0,156.71,28.0,43.25,86.0,64.0,6.233091528286345,111.0,154.25,150,22.0,16.0,0.15
07:33:47,111.0,20.0,150.6,47.0,109.0,50.0,151.5,50.0,39.599999999999994,70.0,97.0,4.675751276532517,111.0,150.6,167,-27.0,17.0,-0.16
07:33:48,111.0,28.0,146.77,39.0,109.0,50.0,148.41,44.0,35.77000000000001,78.0,83.0,3.345280257317125,111.0,146.77,161,-5.0,-6.0,-0.03
07:33:49,114.25,20.0,141.8,44.0,111.02,42.0,143.26,61.0,27.55000000000001,62.0,105.0,2.8362157886867223,114.25,141.8,167,-43.0,6.0,-0.26
07:33:50,120.0,10.0,139.9,50.0,116.3,50.0,140.9,50.0,19.900000000000006,60.0,100.0,1.7795448856367508,120.0,139.9,160,-40.0,-7.0,-0.25
07:33:51,120.0,9.0,137.22,45.0,119.0,9.0,140.0,45.0,17.22,18.0,90.0,1.1126410022985624,120.0,137.22,108,-72.0,-52.0,-0.67
07:33:52,120.0,12.0,134.08,60.0,119.0,12.0,136.67,60.0,14.080000000000013,24.0,120.0,1.0748255672414693,120.0,134.08,144,-96.0,36.0,-0.67
07:33:53,119.27,11.0,130.92,49.0,117.61,23.0,132.91,55.0,11.649999999999991,34.0,104.0,1.8151391131249297,119.27,130.92,138,-70.0,-6.0,-0.51
07:33:54,118.0,12.0,128.62,45.0,117.0,48.0,129.98,53.0,10.620000000000005,60.0,98.0,2.6611219438417213,118.0,128.62,158,-38.0,20.0,-0.24
07:33:55,117.77,13.0,125.08,52.0,116.6,67.0,125.66,35.0,7.310000000000002,80.0,87.0,2.8648787059831897,117.77,125.08,167,-7.0,9.0,-0.04
07:33:56,117.0,7.0,120.68,22.0,116.0,63.0,122.31,26.0,3.680000000000007,70.0,48.0,3.183114826706042,117.0,120.68,118,22.0,-49.0,0.19
07:33:57,116.06,53.0,117.71,42.0,115.43,63.0,119.21,42.0,1.6499999999999915,116.0,84.0,3.309738660377249,116.06,117.71,200,32.0,82.0,0.16
07:33:58,115.22,23.0,117.65,23.0,113.58,57.0,118.97,37.0,2.430000000000007,80.0,60.0,2.949605058307938,115.22,117.65,140,20.0,-60.0,0.14
07:33:59,115.0,40.0,116.0,45.0,112.83,53.0,122.77,22.0,1.0,93.0,67.0,2.354767504446196,115.0,116.0,160,26.0,20.0,0.16
07:34:00,113.05,37.0,128.57,21.0,112.1,60.0,334.8,20.0,15.519999999999996,97.0,41.0,2.126059735754329,113.04999999999998,128.57,138,56.0,-22.0,0.41
07:34:01,113.86,63.0,132.0,48.0,112.5,54.0,162.17,24.0,18.14,117.0,72.0,3.1952026539792096,113.86,132.0,189,45.0,51.0,0.24
07:34:02,115.1,31.0,132.0,44.0,114.67,54.0,183.0,22.0,16.900000000000006,85.0,66.0,3.698537548815175,115.1,132.0,151,19.0,-38.0,0.13
07:34:03,116.05,41.0,130.22,36.0,113.6,30.0,193.0,16.0,14.170000000000002,71.0,52.0,3.3511236921360807,116.05000000000001,130.22,123,19.0,-28.0,0.15
07:34:04,116.0,60.0,127.86,57.0,113.0,36.0,149.54,41.0,11.86,96.0,98.0,1.103865933886776,116.0,127.85999999999999,194,-2.0,71.0,-0.01
07:34:05,115.25,60.0,124.58,45.0,112.38,72.0,125.68,50.0,9.329999999999998,132.0,95.0,1.4589105524314168,115.25,124.58000000000001,227,37.0,33.0,0.16
07:34:06,113.19,31.0,120.46,39.0,112.06,96.0,120.98,41.0,7.269999999999996,127.0,80.0,2.761253338611978,113.19,120.46,207,47.0,-20.0,0.23
07:34:07,113.62,21.0,117.39,36.0,112.43,42.0,118.32,44.0,3.769999999999996,63.0,80.0,3.257463737326305,113.62,117.39,143,-17.0,-64.0,-0.12
07:34:08,112.0,96.0,114.47,30.0,111.0,36.0,116.18,38.0,2.469999999999999,132.0,68.0,3.4681695460279807,112.0,114.47,200,64.0,57.0,0.32
07:34:09,112.41,68.0,130.43,28.0,111.5,60.0,208.87,30.0,18.02000000000001,128.0,58.0,3.308393870142418,112.41,130.43,186,70.0,-14.0,0.38
07:34:10,109.54,35.0,230.0,10.0,91.4,50.0,241.62,26.0,120.46,85.0,36.0,23.901300173839825,109.54,230.0,121,49.0,-65.0,0.4
07:34:11,108.25,40.0,159.88,24.0,78.23,65.0,176.77,44.0,51.629999999999995,105.0,68.0,23.238264349989553,108.25,159.88,173,37.0,52.0,0.21
07:34:12,111.55,29.0,133.0,10.0,109.38,21.0,232.62,32.0,21.450000000000003,50.0,42.0,22.30150600295853,111.55,133.0,92,8.0,-81.0,0.09
07:34:13,115.12,24.0,132.0,16.0,113.0,16.0,207.14,14.0,16.879999999999995,40.0,30.0,20.5174759656249,115.12,132.0,70,10.0,-22.0,0.14
07:34:14,116.0,42.0,128.0,28.0,113.0,28.0,131.25,28.0,12.0,70.0,56.0,20.428477182599668,116.0,128.0,126,14.0,56.0,0.11
07:34:15,116.0,21.0,127.0,21.0,113.0,14.0,129.0,7.0,11.0,35.0,28.0,5.29843373082981,116.0,127.0,63,7.0,-63.0,0.11
07:34:16,116.0,30.0,125.5,36.0,113.0,20.0,127.88,16.0,9.5,50.0,52.0,1.039576836984668,116.0,125.5,102,-2.0,39.0,-0.02
07:34:17,117.38,37.0,123.39,54.0,114.44,36.0,129.0,18.0,6.010000000000005,73.0,72.0,1.2465231646443848,117.37999999999998,123.39,145,1.0,43.0,0.01
07:34:18,113.0,22.0,120.6,15.0,111.0,52.0,121.93,29.0,7.599999999999994,74.0,44.0,2.048653216138607,113.0,120.6,118,30.0,-27.0,0.25
07:34:19,113.0,28.0,116.13,38.0,111.0,115.0,118.67,18.0,3.1299999999999955,143.0,56.0,2.978330069014359,113.0,116.13,199,87.0,81.0,0.44
07:34:20,113.0,12.0,114.33,18.0,111.0,50.0,288.43,30.0,1.3299999999999983,62.0,48.0,3.249881536301756,113.0,114.33,110,14.0,-89.0,0.13
07:34:21,113.0,7.0,114.0,21.0,111.0,35.0,344.43,35.0,1.0,42.0,56.0,2.885953915085103,113.0,114.0,98,-14.0,-12.0,-0.14
07:34:22,111.74,19.0,242.6,45.0,110.88,73.0,386.15,61.0,130.86,92.0,106.0,27.997374341176975,111.74,242.6,198,-14.0,100.0,-0.07
07:34:23,109.43,37.0,128.75,51.0,95.41,32.0,131.89,54.0,19.319999999999993,69.0,105.0,27.80396014959011,109.43,128.75,174,-36.0,-24.0,-0.21
07:34:24,115.33,84.0,126.43,28.0,92.36,14.0,271.17,30.0,11.100000000000009,98.0,58.0,27.20135603237447,115.33,126.42999999999999,156,40.0,-18.0,0.26
07:34:25,116.0,121.0,124.75,16.0,108.0,11.0,135.59,17.0,8.75,132.0,33.0,26.418732558546314,116.0,124.75,165,99.0,9.0,0.6
07:34:26,116.0,117.0,123.09,11.0,108.45,11.0,125.0,22.0,7.090000000000003,128.0,33.0,25.58789420800381,116.0,123.09,161,95.0,-4.0,0.59
07:34:27,116.0,91.0,119.11,19.0,108.01,67.0,122.8,20.0,3.1099999999999994,158.0,39.0,1.2895154128567394,116.0,119.11000000000001,197,119.0,36.0,0.6
07:34:28,116.0,69.0,117.0,22.0,110.4,50.0,186.17,23.0,1.0,119.0,45.0,1.8768244457047862,116.0,117.0,164,74.0,-33.0,0.45
07:34:29,116.0,44.0,117.0,22.0,111.0,88.0,180.18,55.0,1.0,132.0,77.0,1.7834881552718722,116.0,117.0,209,55.0,45.0,0.26
07:34:30,116.0,24.0,117.0,12.0,111.0,48.0,284.36,22.0,1.0,72.0,34.0,1.3269325529185936,116.0,117.0,106,38.0,-103.0,0.36
07:34:31,116.0,18.0,153.62,37.0,111.34,29.0,322.25,12.0,37.620000000000005,47.0,49.0,8.083883348984891,116.0,153.62,96,-2.0,-10.0,-0.02
07:34:32,116.0,22.0,274.79,19.0,113.0,11.0,422.48,31.0,158.79000000000002,33.0,50.0,34.166212110797346,116.0,274.79,83,-17.0,-13.0,-0.2
07:34:33,113.69,26.0,235.11,9.0,111.89,9.0,362.11,9.0,121.42000000000002,35.0,18.0,35.707478908486316,113.69,235.11,53,17.0,-30.0,0.32
07:34:34,111.77,52.0,148.8,10.0,110.88,50.0,345.0,10.0,37.030000000000015,102.0,20.0,33.15530017960922,111.77,148.8,122,82.0,69.0,0.67
07:34:35,113.09,33.0,190.79,19.0,111.0,78.0,381.04,25.0,77.69999999999999,111.0,44.0,27.421924257790423,113.09,190.79,155,67.0,33.0,0.43
07:34:36,114.0,14.0,395.05,19.0,112.0,12.0,501.43,7.0,281.05,26.0,26.0,47.628302195228336,114.0,395.05,52,0.0,-103.0,0.0
07:34:37,114.0,24.0,222.8,30.0,113.0,12.0,648.4,30.0,108.80000000000001,36.0,60.0,47.16047709682328,114.0,222.8,96,-24.0,44.0,-0.25
07:34:38,112.05,83.0,413.6,10.0,111.03,71.0,721.71,28.0,301.55,154.0,38.0,60.999776884837786,112.05,413.6,192,116.0,96.0,0.6
07:34:39,113.76,68.0,367.13,30.0,111.65,60.0,424.3,10.0,253.37,128.0,40.0,51.58300950894574,113.76,367.13,168,88.0,-24.0,0.52
07:34:40,118.0,40.0,192.5,8.0,117.0,24.0,342.17,24.0,74.5,64.0,32.0,50.57266504743434,118.0,192.5,96,32.0,-72.0,0.33
07:34:41,118.49,73.0,249.39,57.0,117.48,63.0,272.24,21.0,130.89999999999998,136.0,78.0,46.95213807698206,118.49000000000001,249.39,214,58.0,118.0,0.27
07:34:42,117.86,42.0,119.39,36.0,112.89,84.0,213.94,51.0,1.5300000000000011,126.0,87.0,59.50376483887377,117.86,119.39,213,39.0,-1.0,0.18
07:34:43,117.19,31.0,118.56,36.0,112.23,66.0,130.36,44.0,1.3700000000000045,97.0,80.0,51.24230312934807,117.19,118.56,177,17.0,-36.0,0.1
07:34:44,117.62,16.0,118.64,55.0,112.53,47.0,247.55,11.0,1.019999999999996,63.0,66.0,29.919730446646728,117.62,118.64,129,-3.0,-48.0,-0.02
07:34:45,116.55,11.0,162.0,35.0,112.43,47.0,417.19,26.0,45.45,58.0,61.0,28.539853363323356,116.55,162.0,119,-3.0,-10.0,-0.03
07:34:46,112.7,40.0,295.82,40.0,111.58,85.0,340.9,31.0,183.12,125.0,71.0,37.2637028487508,112.7,295.82,196,54.0,77.0,0.28
07:34:47,112.0,44.0,165.0,44.0,111.0,66.0,225.0,44.0,53.0,110.0,88.0,35.47938880533314,112.0,165.0,198,22.0,2.0,0.11
07:34:48,112.0,24.0,163.5,24.0,111.0,36.0,165.0,24.0,51.5,60.0,48.0,32.893982276398184,112.0,163.5,108,12.0,-90.0,0.11
07:34:49,112.0,36.0,163.0,36.0,111.0,54.0,165.0,36.0,51.0,90.0,72.0,29.526442894463216,112.0,163.0,162,18.0,54.0,0.11
07:34:50,111.22,54.0,161.9,40.0,109.19,52.0,214.54,13.0,50.68000000000001,106.0,53.0,29.829376124887318,111.22,161.9,159,53.0,-3.0,0.33
07:34:51,111.81,64.0,159.71,56.0,110.57,84.0,283.34,32.0,47.900000000000006,148.0,88.0,1.0682602679118574,111.81,159.71,236,60.0,77.0,0.25
07:34:52,112.06,34.0,157.11,36.0,111.08,52.0,311.0,27.0,45.05000000000001,86.0,63.0,1.3014991356121461,112.06,157.11,149,23.0,-87.0,0.15
07:34:53,112.14,28.0,157.0,40.0,111.1,81.0,296.4,40.0,44.86,109.0,80.0,1.2718411850538693,112.14,157.0,189,29.0,40.0,0.15
07:34:54,112.0,39.0,142.05,43.0,111.0,83.0,199.5,46.0,30.05000000000001,122.0,89.0,3.8267767115419047,112.0,142.05,211,33.0,22.0,0.16
07:34:55,112.62,55.0,114.86,56.0,110.92,80.0,217.68,47.0,2.239999999999995,135.0,103.0,9.281124931817262,112.62,114.86,238,32.0,27.0,0.13
07:34:56,113.0,50.0,114.0,40.0,110.2,60.0,336.41,34.0,1.0,110.0,74.0,10.559044464344321,113.0,114.0,184,36.0,-54.0,0.2
07:34:57,113.0,24.0,126.86,49.0,109.86,42.0,306.35,46.0,13.86,66.0,95.0,9.050694448494033,113.0,126.86000000000001,161,-29.0,-23.0,-0.18
07:34:58,113.0,8.0,222.92,24.0,109.0,8.0,462.81,27.0,109.91999999999999,16.0,51.0,22.779157139806564,113.0,222.92,67,-35.0,-94.0,-0.52
07:34:59,112.7,10.0,137.0,10.0,109.5,10.0,313.78,18.0,24.299999999999997,20.0,28.0,22.833344695860927,112.7,137.0,48,-8.0,-19.0,-0.17
07:35:00,111.0,36.0,135.24,21.0,110.0,9.0,353.27,33.0,24.24000000000001,45.0,54.0,21.727813281598312,111.0,135.24,99,-9.0,51.0,-0.09
07:35:01,117.32,47.0,131.32,40.0,112.55,58.0,132.51,80.0,14.0,105.0,120.0,20.17274968862698,117.32,131.32,225,-15.0,126.0,-0.07
07:35:02,115.6,20.0,129.62,24.0,112.0,16.0,130.06,48.0,14.02000000000001,36.0,72.0,19.80288539582048,115.6,129.62,108,-36.0,-117.0,-0.33
07:35:03,110.5,24.0,125.16,50.0,108.17,18.0,126.24,51.0,14.659999999999997,42.0,101.0,2.785216329120836,110.5,125.16,143,-59.0,35.0,-0.41
07:35:04,116.0,168.0,121.33,15.0,113.0,42.0,123.32,31.0,5.329999999999998,210.0,46.0,2.876899372588753,116.0,121.33,256,164.0,113.0,0.64
07:35:05,116.0,180.0,118.62,45.0,113.0,45.0,122.12,40.0,2.6200000000000045,225.0,85.0,3.1256551313287515,116.0,118.62000000000002,310,140.0,54.0,0.45
07:35:06,116.0,132.0,117.2,25.0,113.0,33.0,128.92,53.0,1.2000000000000028,165.0,78.0,2.3633620120502163,116.0,117.2,243,87.0,-67.0,0.36
07:35:07,116.0,124.0,117.0,26.0,113.0,39.0,124.38,63.0,1.0,163.0,89.0,0.9019811527977004,116.0,117.0,252,74.0,9.0,0.29
07:35:08,116.0,16.0,117.0,8.0,113.0,12.0,252.0,12.0,1.0,28.0,20.0,0.9324323031739723,116.0,117.0,48,8.0,-170.5,0.17
07:35:09,116.0,34.0,175.53,17.0,113.0,33.0,324.12,33.0,59.53,67.0,50.0,12.988147673937233,116.0,175.53,117,17.0,69.0,0.15
07:35:10,117.94,124.0,238.0,20.0,115.31,26.0,367.47,32.0,120.06,150.0,52.0,27.31620727699947,117.94,238.0,202,98.0,85.0,0.49
07:35:11,118.0,125.0,192.84,19.0,116.0,22.0,464.27,33.0,74.84,147.0,52.0,26.399102257463166,118.0,192.84,199,95.0,-3.0,0.48
07:35:13,118.0,143.0,321.77,61.0,116.0,104.0,488.76,37.0,203.76999999999998,247.0,98.0,79.770261689429,118.0,321.77,345,149.0,112.0,0.43
07:35:14,118.0,99.0,268.65,37.0,116.0,72.0,372.57,35.0,150.64999999999998,171.0,72.0,73.03392068073562,118.0,268.65,243,99.0,-102.0,0.41
07:35:15,118.0,88.0,278.36,22.0,116.43,28.0,313.67,36.0,160.36,116.0,58.0,70.81922853293433,118.0,278.36,174,58.0,-69.0,0.33
07:35:16,118.15,78.0,316.0,60.0,117.85,78.0,329.0,36.0,197.85,156.0,96.0,61.11206861169059,118.15,316.0,252,60.0,78.0,0.24
07:35:17,118.33,30.0,294.4,25.0,117.93,59.0,412.87,31.0,176.07,89.0,56.0,11.544317649821618,118.33,294.4,145,33.0,-107.0,0.23
07:35:18,118.0,100.0,410.12,40.0,117.0,20.0,451.75,24.0,292.12,120.0,64.0,28.440313289413346,118.0,410.12,184,56.0,39.0,0.3
07:35:19,118.0,43.0,387.13,15.0,117.0,14.0,580.13,15.0,269.13,57.0,30.0,29.067759975615235,118.0,387.13,87,27.0,-97.0,0.31
07:35:20,118.0,48.0,206.04,27.0,117.0,24.0,288.9,30.0,88.03999999999999,72.0,57.0,40.4882396505452,118.0,206.04,129,15.0,42.0,0.12
07:35:21,117.35,23.0,201.5,32.0,116.03,124.0,268.93,43.0,84.15,147.0,75.0,48.99515149481612,117.35,201.5,222,72.0,93.0,0.32
07:35:22,116.16,50.0,160.69,26.0,115.56,82.0,168.42,24.0,44.53,132.0,50.0,58.38861233151533,116.16,160.69,182,82.0,-40.0,0.45
07:35:23,116.0,80.0,156.5,24.0,114.0,36.0,161.0,24.0,40.5,116.0,48.0,47.77239234118372,116.0,156.5,164,68.0,-18.0,0.41
07:35:24,116.0,55.0,154.27,22.0,113.22,54.0,156.64,22.0,38.27000000000001,109.0,44.0,13.292161976141914,116.0,154.27,153,65.0,-11.0,0.42
07:35:25,116.0,63.0,154.0,28.0,113.0,55.0,155.0,28.0,38.0,118.0,56.0,10.472438588981735,116.0,154.0,174,62.0,21.0,0.36
07:35:26,115.84,19.0,153.4,20.0,112.44,25.0,155.0,20.0,37.56,44.0,40.0,1.5450469248520606,115.84,153.4,84,4.0,-90.0,0.05
07:35:27,114.07,15.0,154.05,40.0,112.33,21.0,158.78,27.0,39.98000000000002,36.0,67.0,0.8076385330053263,114.07,154.05,103,-31.0,19.0,-0.3
07:35:28,111.62,48.0,151.09,34.0,109.35,69.0,152.03,33.0,39.47,117.0,67.0,1.5532803996687885,111.62,151.09,184,50.0,81.0,0.27
07:35:29,111.0,48.0,149.0,24.0,109.0,72.0,150.0,16.0,38.0,120.0,40.0,2.204386535976747,111.0,149.0,160,80.0,-24.0,0.5
07:35:30,112.0,49.0,146.94,32.0,111.0,72.0,147.86,28.0,34.94,121.0,60.0,2.338294250088281,112.0,146.94,181,61.0,21.0,0.34
07:35:31,113.21,38.0,141.0,35.0,111.42,57.0,141.78,36.0,27.790000000000006,95.0,71.0,2.5576454015356433,113.21,141.0,166,24.0,-15.0,0.14
07:35:32,113.0,39.0,137.0,26.0,111.0,78.0,139.0,39.0,24.0,117.0,65.0,2.525563303502225,113.0,137.0,182,52.0,16.0,0.29
07:35:33,114.42,36.0,135.25,28.0,111.0,72.0,136.85,33.0,20.83,108.0,61.0,2.419931817220786,114.42,135.25,169,47.0,-13.0,0.28
07:35:34,112.44,25.0,131.5,26.0,109.5,72.0,133.35,26.0,19.060000000000002,97.0,52.0,2.7999071413170236,112.44,131.5,149,45.0,-20.0,0.3
07:35:35,109.0,96.0,127.91,46.0,78.38,16.0,128.94,34.0,18.909999999999997,112.0,80.0,3.3462710589548594,109.0,127.91,192,32.0,43.0,0.17
07:35:36,109.0,72.0,122.21,34.0,80.72,18.0,123.6,35.0,13.209999999999994,90.0,69.0,4.094920023639012,109.0,122.20999999999998,159,21.0,-33.0,0.13
07:35:37,109.0,54.0,117.8,25.0,106.0,9.0,118.78,27.0,8.799999999999997,63.0,52.0,4.634433082913219,109.0,117.8,115,11.0,-44.0,0.1
07:35:38,109.86,42.0,126.43,14.0,107.25,28.0,154.85,26.0,16.570000000000007,70.0,40.0,3.22998142409535,109.86,126.42999999999999,110,30.0,-5.0,0.27
07:35:39,114.82,44.0,276.5,10.0,110.11,54.0,408.57,21.0,161.68,98.0,31.0,35.50573643793345,114.82,276.5,129,67.0,19.0,0.52
07:35:40,118.26,23.0,295.0,8.0,113.27,37.0,345.0,32.0,176.74,60.0,40.0,46.98326063610303,118.26,295.0,100,20.0,-29.0,0.2
07:35:41,120.0,8.0,341.0,8.0,119.0,48.0,345.0,32.0,221.0,56.0,40.0,53.64790844012449,120.0,341.0,96,16.0,-4.0,0.17
07:35:42,119.45,11.0,276.08,26.0,118.71,42.0,341.62,26.0,156.63,53.0,52.0,42.346006305199246,119.45,276.08,105,1.0,9.0,0.01
07:35:43,119.0,22.0,225.95,38.0,118.0,44.0,232.91,44.0,106.94999999999999,66.0,82.0,20.940869848217154,119.0,225.95000000000002,148,-16.0,43.0,-0.11
07:35:44,116.33,86.0,229.61,46.0,114.84,55.0,280.53,38.0,113.28000000000002,141.0,84.0,24.44585077267657,116.32999999999998,229.61000000000004,225,57.0,77.0,0.25
07:35:45,116.0,96.0,232.0,56.0,112.45,22.0,524.58,19.0,116.0,118.0,75.0,25.26309502020633,116.0,232.0,193,43.0,-32.0,0.22
07:35:46,116.0,32.0,231.62,32.0,113.0,8.0,552.12,16.0,115.62,40.0,48.0,10.955395017979825,116.0,231.62,88,-8.0,-105.0,-0.09
07:35:47,120.0,35.0,229.6,20.0,116.0,20.0,496.45,22.0,109.6,55.0,42.0,0.9106865541877766,120.0,229.6,97,13.0,9.0,0.13
07:35:48,120.0,70.0,228.1,40.0,116.0,40.0,306.2,20.0,108.1,110.0,60.0,0.6542400171025216,120.0,228.1,170,50.0,73.0,0.29
07:35:49,120.0,77.0,149.5,48.0,116.0,11.0,211.75,32.0,29.5,88.0,80.0,17.630963388311507,120.0,149.5,168,8.0,-2.0,0.05
07:35:50,120.0,74.0,136.0,48.0,116.0,19.0,257.0,36.0,16.0,93.0,84.0,23.591033678073195,120.0,136.0,177,9.0,9.0,0.05
07:35:51,120.0,72.0,136.0,48.0,116.0,24.0,637.27,55.0,16.0,96.0,103.0,24.353505907774075,120.0,136.0,199,-7.0,22.0,-0.04
07:35:52,120.0,58.0,135.0,52.0,116.0,26.0,407.38,53.0,15.0,84.0,105.0,20.12061753525447,120.0,135.0,189,-21.0,-10.0,-0.11
07:35:53,120.0,26.0,133.85,52.0,116.87,89.0,495.0,65.0,13.849999999999994,115.0,117.0,3.2261866034053646,120.0,133.85,232,-2.0,43.0,-0.01
07:35:54,120.0,24.0,131.03,35.0,117.0,132.0,326.95,38.0,11.030000000000001,156.0,73.0,1.0372463545333503,120.0,131.03,229,83.0,-3.0,0.36
07:35:55,120.0,15.0,121.14,14.0,117.0,88.0,130.36,11.0,1.1400000000000006,103.0,25.0,3.0154352919592102,120.0,121.14,128,78.0,-101.0,0.61
07:35:56,117.59,41.0,131.67,21.0,116.94,94.0,202.43,28.0,14.079999999999984,135.0,49.0,2.7365544028930433,117.59000000000002,131.67,184,86.0,56.0,0.47
07:35:57,117.0,86.0,165.0,8.0,116.0,16.0,262.49,37.0,48.0,102.0,45.0,7.787055284251726,117.0,165.0,147,57.0,-37.0,0.39
07:35:58,117.0,100.0,163.9,10.0,116.0,20.0,295.5,48.0,46.900000000000006,120.0,58.0,9.581117888847423,117.0,163.9,178,62.0,31.0,0.35
07:35:59,117.0,80.0,162.75,8.0,116.0,16.0,309.0,40.0,45.75,96.0,48.0,9.885981488956553,117.0,162.75,144,48.0,-34.0,0.33
07:36:00,116.81,43.0,162.0,10.0,115.0,18.0,348.0,20.0,45.19,61.0,30.0,6.982021913456796,116.81,162.0,91,31.0,-53.0,0.34
07:36:01,118.0,20.0,161.25,20.0,116.0,12.0,286.0,15.0,43.25,32.0,35.0,0.6487449421693704,118.0,161.25,67,-3.0,-24.0,-0.04
07:36:02,111.86,35.0,160.58,24.0,110.24,46.0,177.67,27.0,48.72000000000001,81.0,51.0,1.665121617177108,111.86,160.58,132,30.0,65.0,0.23
07:36:03,112.92,60.0,158.25,36.0,111.15,39.0,160.25,36.0,45.33,99.0,72.0,2.0658460736440833,112.92,158.25,171,27.0,39.0,0.16
07:36:04,113.83,60.0,154.58,36.0,112.0,72.0,156.0,36.0,40.750000000000014,132.0,72.0,2.402138630468874,113.83,154.58,204,60.0,33.0,0.29
07:36:05,115.0,75.0,149.47,45.0,112.0,90.0,150.67,45.0,34.47,165.0,90.0,2.7308551774107563,115.0,149.47,255,75.0,51.0,0.29
07:36:06,115.46,65.0,146.46,39.0,112.0,78.0,148.0,39.0,31.000000000000014,143.0,78.0,2.2201013490359722,115.46,146.46,221,65.0,-34.0,0.29
07:36:07,116.0,59.0,142.08,39.0,112.0,78.0,143.69,39.0,26.080000000000013,137.0,78.0,2.587494927529627,116.0,142.08,215,59.0,-6.0,0.27
07:36:08,116.0,28.0,137.29,21.0,112.0,42.0,139.0,21.0,21.289999999999992,70.0,42.0,2.912581329335158,116.0,137.29,112,28.0,-103.0,0.25
07:36:09,117.0,44.0,134.64,33.0,116.0,44.0,136.09,33.0,17.639999999999986,88.0,66.0,2.735821631611232,117.0,134.64,154,22.0,42.0,0.14
07:36:10,118.91,33.0,131.1,30.0,116.7,40.0,132.1,30.0,12.189999999999998,73.0,60.0,2.4573807193823547,118.91,131.1,133,13.0,-21.0,0.1
07:36:11,120.0,36.0,128.42,36.0,118.43,28.0,129.58,36.0,8.419999999999987,64.0,72.0,1.8565344058196933,120.0,128.42,136,-8.0,3.0,-0.06
07:36:12,120.0,18.0,124.67,18.0,119.0,12.0,127.33,18.0,4.670000000000002,30.0,36.0,1.6518928536658863,120.0,124.67,66,-6.0,-70.0,-0.09
07:36:13,119.52,29.0,121.08,36.0,117.53,38.0,122.08,36.0,1.5600000000000023,67.0,72.0,2.2215017443145415,119.52,121.08,139,-5.0,73.0,-0.04
07:36:14,116.92,52.0,119.17,35.0,114.51,70.0,140.57,35.0,2.25,122.0,70.0,2.849696475064093,116.92,119.17,192,52.0,53.0,0.27
07:36:15,112.06,65.0,114.74,31.0,110.84,61.0,182.92,26.0,2.6799999999999926,126.0,57.0,4.18391802022852,112.06,114.74,183,69.0,-9.0,0.38
07:36:16,109.4,50.0,119.09,11.0,108.63,27.0,217.14,14.0,9.689999999999998,77.0,25.0,3.8309959540559646,109.4,119.09,102,52.0,-81.0,0.51
07:36:17,111.33,36.0,275.62,16.0,99.78,23.0,325.22,18.0,164.29000000000002,59.0,34.0,34.540741595976066,111.33,275.62,93,25.0,-9.0,0.27
07:36:18,110.5,40.0,184.75,8.0,88.0,25.0,234.12,16.0,74.25,65.0,24.0,34.408399410608894,110.5,184.75,89,41.0,-4.0,0.46
07:36:19,113.0,49.0,177.04,25.0,109.0,35.0,194.5,8.0,64.03999999999999,84.0,33.0,32.69585264219286,113.0,177.04,117,51.0,28.0,0.44
07:36:20,113.0,77.0,174.38,32.0,109.0,40.0,212.46,13.0,61.379999999999995,117.0,45.0,28.42444845551078,113.0,174.38,162,72.0,45.0,0.44
07:36:21,113.56,107.0,173.4,50.0,110.14,63.0,196.73,44.0,59.84,170.0,94.0,21.764747184380266,113.56,173.4,264,76.0,102.0,0.29
07:36:22,118.0,84.0,172.39,54.0,113.0,126.0,174.62,58.0,54.389999999999986,210.0,112.0,1.6528309048387009,118.0,172.39,322,98.0,58.0,0.3
07:36:23,118.0,46.0,170.43,35.0,113.78,46.0,172.35,37.0,52.43000000000001,92.0,72.0,0.7683553865171728,118.0,170.43,164,20.0,-158.0,0.12
07:36:24,118.0,24.0,168.76,50.0,116.0,48.0,169.91,46.0,50.75999999999999,72.0,96.0,0.7434043314307228,118.0,168.76,168,-24.0,4.0,-0.14
07:36:25,118.0,30.0,165.18,67.0,116.0,73.0,167.13,53.0,47.18000000000001,103.0,120.0,1.3227433613479032,118.0,165.18,223,-17.0,55.0,-0.08
07:36:26,116.62,32.0,164.26,76.0,113.47,160.0,165.35,52.0,47.639999999999986,192.0,128.0,1.9325553032164293,116.62,164.26,320,64.0,97.0,0.2
07:36:27,113.19,160.0,131.5,64.0,111.61,115.0,155.67,57.0,18.310000000000002,275.0,121.0,9.09419430186037,113.19000000000001,131.5,396,154.0,76.0,0.39
07:36:28,113.0,165.0,130.58,31.0,109.0,44.0,132.87,47.0,17.580000000000013,209.0,78.0,10.86351094259996,113.0,130.58,287,131.0,-109.0,0.46
07:36:29,113.0,125.0,128.31,42.0,109.0,40.0,129.42,38.0,15.310000000000002,165.0,80.0,10.662887507612032,113.0,128.31,245,85.0,-42.0,0.35
07:36:30,113.0,85.0,125.83,36.0,109.0,48.0,127.79,56.0,12.829999999999998,133.0,92.0,8.74365884512818,113.0,125.83,225,41.0,-20.0,0.18
07:36:31,113.18,171.0,120.87,53.0,110.62,74.0,122.92,39.0,7.689999999999998,245.0,92.0,2.122576264822479,113.18000000000002,120.87,337,153.0,112.0,0.45
07:36:32,113.21,141.0,118.36,55.0,110.82,66.0,122.0,33.0,5.150000000000006,207.0,88.0,2.494279455070659,113.21,118.36,295,119.0,-42.0,0.4
07:36:33,114.08,139.0,117.0,65.0,111.97,78.0,122.0,39.0,2.9200000000000017,217.0,104.0,2.2602942286320653,114.08,117.0,321,113.0,26.0,0.35
07:36:34,116.0,80.0,117.0,49.0,113.0,55.0,249.69,13.0,1.0,135.0,62.0,1.548864099909129,116.0,117.0,197,73.0,-124.0,0.37
07:36:35,114.93,58.0,327.22,32.0,112.0,80.0,370.18,44.0,212.29000000000002,138.0,76.0,46.89733926354446,114.93,327.22,214,62.0,17.0,0.29
07:36:36,116.14,28.0,288.16,19.0,113.0,35.0,337.55,22.0,172.02000000000004,63.0,41.0,52.82521320354505,116.14,288.16,104,22.0,-110.0,0.21
07:36:37,117.0,48.0,191.08,24.0,113.0,60.0,247.22,36.0,74.08000000000001,108.0,60.0,48.45960327943256,117.0,191.08,168,48.0,64.0,0.29
07:36:38,117.0,52.0,163.86,14.0,113.0,55.0,212.41,41.0,46.860000000000014,107.0,55.0,43.54059221002846,117.0,163.85999999999999,162,52.0,-6.0,0.32
07:36:39,117.02,43.0,161.5,36.0,113.14,57.0,162.67,24.0,44.480000000000004,100.0,60.0,37.7695677761871,117.02,161.5,160,40.0,-2.0,0.25
07:36:40,114.32,19.0,159.71,14.0,113.09,32.0,160.98,41.0,45.390000000000015,51.0,55.0,27.415666141824634,114.32,159.71,106,-4.0,-54.0,-0.04
07:36:41,113.07,14.0,158.92,52.0,109.29,69.0,159.75,16.0,45.849999999999994,83.0,68.0,7.307906677016891,113.07000000000001,158.92000000000002,151,15.0,45.0,0.1
07:36:42,114.0,8.0,157.36,11.0,109.78,45.0,158.12,32.0,43.360000000000014,53.0,43.0,2.080677774185078,114.0,157.36,96,10.0,-55.0,0.1
07:36:43,111.65,34.0,154.31,35.0,109.7,43.0,155.7,20.0,42.66,77.0,55.0,2.275636174784458,111.65,154.31,132,22.0,36.0,0.17
07:36:44,110.94,49.0,151.33,54.0,109.44,150.0,152.09,45.0,40.390000000000015,199.0,99.0,2.4275666829126528,110.93999999999998,151.33,298,100.0,166.0,0.34
07:36:45,113.0,12.0,146.53,17.0,110.0,36.0,148.93,28.0,33.53,48.0,45.0,2.7421378521123665,113.0,146.53,93,3.0,-170.5,0.03
07:36:46,113.5,24.0,132.31,42.0,110.0,72.0,136.19,47.0,18.810000000000002,96.0,89.0,4.78799749373234,113.5,132.31,185,7.0,92.0,0.04
07:36:47,111.92,52.0,128.19,54.0,109.67,90.0,129.22,54.0,16.269999999999996,142.0,108.0,5.589282601549752,111.92,128.19,250,34.0,65.0,0.14
07:36:48,111.91,93.0,125.05,76.0,110.12,163.0,126.72,81.0,13.14,256.0,157.0,5.7086408189678925,111.91,125.05,413,99.0,163.0,0.24
07:36:49,113.0,19.0,120.29,66.0,112.0,38.0,122.06,65.0,7.290000000000006,57.0,131.0,5.1236783661726975,113.0,120.29,188,-74.0,-170.5,-0.39
07:36:50,113.76,42.0,118.74,54.0,110.58,60.0,155.41,74.0,4.97999999999999,102.0,128.0,2.7213287195754052,113.76,118.74,230,-26.0,42.0,-0.11
07:36:51,112.57,21.0,122.0,11.0,110.07,56.0,288.98,42.0,9.430000000000007,77.0,53.0,1.5424234178674114,112.57,122.0,130,24.0,-100.0,0.18
07:36:52,113.18,66.0,259.48,29.0,112.0,11.0,312.9,40.0,146.3,77.0,69.0,30.9430746694634,113.18,259.48,146,8.0,16.0,0.05
07:36:53,114.0,34.0,211.81,36.0,112.0,8.0,295.29,41.0,97.81,42.0,77.0,32.7731043692841,114.0,211.81,119,-35.0,-27.0,-0.29
07:36:54,114.35,57.0,134.0,45.0,113.56,27.0,293.18,33.0,19.650000000000006,84.0,78.0,31.588357823729755,114.35,134.0,162,6.0,43.0,0.04
07:36:55,115.36,56.0,236.72,54.0,112.0,14.0,283.32,59.0,121.36,70.0,113.0,31.003755740232343,115.36,236.72,183,-43.0,21.0,-0.23
07:36:56,116.75,32.0,214.0,34.0,115.84,50.0,215.0,45.0,97.25,82.0,79.0,23.595505504226672,116.75,214.0,161,3.0,-22.0,0.02
07:36:57,117.0,18.0,210.47,17.0,116.0,36.0,213.84,37.0,93.47,54.0,54.0,19.87242109054633,117.0,210.47,108,0.0,-53.0,0.0
07:36:58,118.0,68.0,209.47,85.0,117.0,34.0,211.0,17.0,91.47,102.0,102.0,19.922953596291656,118.0,209.47,204,0.0,96.0,0.0
07:36:59,118.88,32.0,207.58,12.0,117.0,16.0,208.97,36.0,88.70000000000002,48.0,48.0,5.435225846272824,118.88,207.58,96,0.0,-108.0,0.0
07:37:00,118.0,32.0,203.64,44.0,112.83,48.0,206.43,28.0,85.63999999999999,80.0,72.0,1.6458493248143058,118.0,203.64,152,8.0,56.0,0.05
07:37:01,117.0,21.0,142.25,12.0,114.18,44.0,144.0,12.0,25.25,65.0,24.0,14.924479890434736,117.0,142.25,89,41.0,-63.0,0.46
07:37:02,117.0,11.0,142.0,11.0,116.0,33.0,244.18,45.0,25.0,44.0,56.0,18.128552617348973,117.0,142.0,100,-12.0,11.0,-0.12
07:37:03,116.1,10.0,141.5,10.0,113.43,21.0,232.0,30.0,25.400000000000006,31.0,40.0,17.943547029503105,116.1,141.5,71,-9.0,-29.0,-0.13
07:37:04,113.54,13.0,141.0,7.0,112.5,12.0,142.0,7.0,27.459999999999994,25.0,14.0,14.351443133008939,113.53999999999999,141.0,39,11.0,-32.0,0.28
07:37:05,113.11,36.0,139.62,13.0,111.73,37.0,141.92,13.0,26.510000000000005,73.0,26.0,1.436697602137953,113.11,139.62,99,47.0,60.0,0.47
07:37:06,115.25,32.0,122.88,16.0,112.0,64.0,138.75,16.0,7.6299999999999955,96.0,32.0,4.1773221087185455,115.25,122.88,128,64.0,29.0,0.5
07:37:07,116.29,42.0,121.53,15.0,114.4,50.0,122.22,18.0,5.239999999999995,92.0,33.0,4.732393686073528,116.29,121.53,125,59.0,-3.0,0.47
07:37:08,116.73,22.0,119.0,13.0,115.33,48.0,120.24,17.0,2.269999999999996,70.0,30.0,4.5292239953427345,116.73,119.0,100,40.0,-25.0,0.4
07:37:09,116.0,26.0,118.36,14.0,112.0,40.0,252.71,28.0,2.3599999999999994,66.0,42.0,3.7072199826808543,116.0,118.36,108,24.0,8.0,0.22
07:37:10,112.8,20.0,119.0,12.0,111.33,12.0,259.11,9.0,6.200000000000003,32.0,21.0,1.3053811703820646,112.8,119.0,53,11.0,-55.0,0.21
07:37:11,112.0,12.0,117.92,24.0,110.0,12.0,124.26,23.0,5.920000000000002,24.0,47.0,1.5640076726116132,112.0,117.92,71,-23.0,18.0,-0.32
07:37:12,113.0,56.0,116.79,28.0,112.0,14.0,117.79,28.0,3.7900000000000063,70.0,56.0,1.3276746589386819,113.0,116.79,126,14.0,55.0,0.11
07:37:13,113.55,33.0,115.2,30.0,110.67,54.0,141.5,24.0,1.6500000000000057,87.0,54.0,1.1084899638643049,113.55,115.2,141,33.0,15.0,0.23
07:37:14,112.0,80.0,114.8,10.0,109.0,40.0,275.0,32.0,2.799999999999997,120.0,42.0,0.914127999783298,112.0,114.8,162,78.0,21.0,0.48
07:37:15,112.0,65.0,246.29,34.0,109.0,40.0,332.64,44.0,134.29,105.0,78.0,28.96155434364649,112.0,246.29000000000002,183,27.0,21.0,0.15
07:37:16,112.0,27.0,351.49,43.0,109.0,33.0,411.03,37.0,239.49,60.0,80.0,53.316035580301644,112.0,351.49,140,-20.0,-43.0,-0.14
07:37:17,112.0,45.0,210.07,59.0,109.0,60.0,426.44,61.0,98.07,105.0,120.0,49.41671953903852,112.0,210.07,225,-15.0,85.0,-0.07
07:37:18,112.0,27.0,229.89,27.0,109.0,36.0,425.28,29.0,117.88999999999999,63.0,56.0,42.34565231520224,112.0,229.89,119,7.0,-106.0,0.06
07:37:19,112.0,24.0,227.08,36.0,109.0,48.0,230.0,36.0,115.08000000000001,72.0,72.0,28.276996834883192,112.0,227.08,144,0.0,25.0,0.0
07:37:20,119.92,99.0,225.25,24.0,114.86,21.0,244.23,26.0,105.33,120.0,50.0,28.62098146465271,119.92,225.25,170,70.0,26.0,0.41
07:37:21,120.0,83.0,225.0,18.0,118.0,36.0,376.3,20.0,105.0,119.0,38.0,4.799397878900307,120.0,225.0,157,81.0,-13.0,0.52
07:37:22,120.0,117.0,224.0,27.0,118.0,54.0,407.0,11.0,104.0,171.0,38.0,1.281686389095652,120.0,224.0,209,133.0,52.0,0.64
07:37:23,120.0,98.0,223.62,26.0,118.0,60.0,288.25,24.0,103.62,158.0,50.0,1.2430929168783313,120.0,223.62,208,108.0,-1.0,0.52
07:37:24,120.0,67.0,218.04,25.0,118.0,54.0,273.82,11.0,98.03999999999999,121.0,36.0,1.4687818081638426,120.0,218.04,157,85.0,-51.0,0.54
07:37:25,119.24,79.0,216.75,36.0,117.47,57.0,525.94,18.0,97.51,136.0,54.0,2.016725068023131,119.24,216.75,190,82.0,33.0,0.43
07:37:26,118.0,66.0,172.41,27.0,116.0,33.0,203.48,33.0,54.41,99.0,60.0,11.317732988544666,118.0,172.41,159,39.0,-31.0,0.25
07:37:27,119.05,38.0,143.0,10.0,117.65,51.0,168.0,30.0,23.950000000000003,89.0,40.0,18.017329713361814,119.05,143.0,129,49.0,-30.0,0.38
07:37:28,118.14,86.0,143.04,27.0,116.47,77.0,177.51,49.0,24.89999999999999,163.0,76.0,18.959300356289223,118.14000000000001,143.04,239,87.0,110.0,0.36
07:37:29,118.0,40.0,129.0,24.0,116.0,32.0,154.43,14.0,11.0,72.0,38.0,17.68993018640794,118.0,129.0,110,34.0,-129.0,0.31
07:37:30,118.0,45.0,128.78,27.0,116.0,36.0,168.0,27.0,10.780000000000001,81.0,54.0,8.883105875761322,118.0,128.78,135,27.0,25.0,0.2
07:37:31,116.0,32.0,127.12,24.0,112.0,32.0,138.0,24.0,11.120000000000005,64.0,48.0,4.448137812611541,116.0,127.12,112,16.0,-23.0,0.14
07:37:32,116.0,48.0,125.33,36.0,112.0,48.0,128.0,36.0,9.329999999999998,96.0,72.0,3.9075529426975373,116.0,125.33,168,24.0,56.0,0.14
07:37:33,116.0,52.0,119.5,34.0,112.0,52.0,121.55,31.0,3.5,104.0,65.0,2.358374440156539,116.0,119.5,169,39.0,1.0,0.23
07:37:34,116.0,18.0,118.5,12.0,112.0,24.0,120.6,15.0,2.5,42.0,27.0,2.5943554112695177,116.0,118.5,69,15.0,-100.0,0.22
07:37:35,116.0,20.0,119.14,28.0,112.3,40.0,120.27,22.0,3.1400000000000006,60.0,50.0,2.0002749810921525,116.0,119.14,110,10.0,41.0,0.09
07:37:36,113.86,28.0,117.28,25.0,112.44,36.0,189.8,25.0,3.4200000000000017,64.0,50.0,1.8412278511859903,113.86,117.28,114,14.0,4.0,0.12
07:37:37,113.0,36.0,115.67,27.0,112.0,36.0,161.33,21.0,2.6700000000000017,72.0,48.0,1.4869028212975837,113.0,115.67,120,24.0,6.0,0.2
07:37:38,112.24,41.0,114.0,36.0,110.09,44.0,161.09,46.0,1.7600000000000051,85.0,82.0,1.8948931368239499,112.24000000000001,114.0,167,3.0,47.0,0.02
07:37:39,112.0,30.0,113.7,30.0,109.0,30.0,255.3,40.0,1.7000000000000028,60.0,70.0,1.939644297282965,112.0,113.7,130,-10.0,-37.0,-0.08
07:37:40,110.97,70.0,113.0,42.0,105.46,52.0,125.0,56.0,2.030000000000001,122.0,98.0,1.3959656156159854,110.97,113.0,220,24.0,90.0,0.11
07:37:41,109.22,36.0,112.21,14.0,101.78,69.0,114.3,37.0,2.989999999999995,105.0,51.0,1.3446449345392022,109.22,112.21,156,54.0,-64.0,0.35
07:37:42,109.85,55.0,110.68,19.0,108.12,60.0,119.45,49.0,0.8300000000000125,115.0,68.0,1.2637048706014309,109.85,110.68,183,47.0,27.0,0.26
07:37:43,111.84,49.0,339.59,37.0,109.65,23.0,494.02,42.0,227.74999999999997,72.0,79.0,51.10995940127508,111.84,339.59,151,-7.0,-32.0,-0.05
07:37:44,120.0,21.0,244.9,29.0,115.31,65.0,400.75,32.0,124.9,86.0,61.0,53.2376929440034,120.0,244.9,147,25.0,-4.0,0.17
07:37:45,120.0,18.0,227.0,24.0,117.0,90.0,298.0,30.0,107.0,108.0,54.0,49.76330746644552,120.0,227.0,162,54.0,15.0,0.33
07:37:46,118.05,41.0,338.47,51.0,112.88,85.0,539.09,45.0,220.42000000000002,126.0,96.0,48.08394586553809,118.05000000000001,338.47,222,30.0,60.0,0.14
07:37:47,116.5,20.0,267.0,11.0,113.85,65.0,462.0,11.0,150.5,85.0,22.0,25.18876991835849,116.5,267.0,107,63.0,-115.0,0.59
07:37:48,116.92,13.0,264.92,13.0,115.95,61.0,404.05,38.0,148.0,74.0,51.0,20.85666632038782,116.92,264.92,125,23.0,18.0,0.18
07:37:49,116.33,12.0,264.62,8.0,112.5,8.0,361.0,32.0,148.29000000000002,20.0,40.0,20.10046815375204,116.33,264.62,60,-20.0,-65.0,-0.33
07:37:50,112.88,68.0,263.06,16.0,103.38,32.0,394.67,36.0,150.18,100.0,52.0,17.04355391343017,112.88,263.06,152,48.0,92.0,0.32
07:37:51,116.0,110.0,261.0,10.0,108.6,30.0,269.4,10.0,145.0,140.0,20.0,1.6187433397542736,116.0,261.0,160,120.0,8.0,0.75
07:37:52,116.39,18.0,216.96,24.0,115.85,80.0,239.5,12.0,100.57000000000001,98.0,36.0,10.272466597657909,116.39,216.96,134,62.0,-26.0,0.46
07:37:53,117.2,10.0,208.5,10.0,116.0,110.0,217.14,14.0,91.3,120.0,24.0,13.368998840601192,117.2,208.5,144,96.0,10.0,0.67
07:37:54,118.0,40.0,207.7,10.0,116.0,110.0,208.7,10.0,89.69999999999999,150.0,20.0,13.29958345212341,118.0,207.7,170,130.0,26.0,0.76
07:37:55,118.56,18.0,202.67,30.0,116.17,108.0,204.83,12.0,84.10999999999999,126.0,42.0,11.502585796245711,118.56,202.67,168,84.0,-2.0,0.5
07:37:56,116.47,38.0,200.38,16.0,115.38,78.0,200.85,34.0,83.91,116.0,50.0,3.0663659272813906,116.46999999999998,200.38,166,66.0,-2.0,0.4
07:37:57,116.0,64.0,197.0,14.0,112.0,24.0,198.0,17.0,81.0,88.0,31.0,2.7866162276122393,116.0,197.0,119,57.0,-47.0,0.48
07:37:58,116.0,72.0,193.29,24.0,112.0,27.0,194.78,9.0,77.28999999999999,99.0,33.0,3.246048366859555,116.0,193.29,132,66.0,13.0,0.5
07:37:59,116.0,72.0,191.47,15.0,112.0,27.0,192.13,15.0,75.47,99.0,30.0,2.7962600022157025,116.0,191.47,129,69.0,-3.0,0.53
07:38:00,116.0,114.0,185.94,16.0,112.0,48.0,187.44,16.0,69.94,162.0,32.0,2.8202889922827223,116.0,185.94,194,130.0,65.0,0.67
07:38:01,116.0,66.0,181.36,14.0,112.0,39.0,181.83,23.0,65.36000000000001,105.0,37.0,3.0921076954063045,116.0,181.35999999999999,142,68.0,-52.0,0.48
07:38:02,116.0,26.0,177.8,20.0,112.0,55.0,179.15,34.0,61.80000000000001,81.0,54.0,3.2774883676362063,116.0,177.8,135,27.0,-7.0,0.2
07:38:03,116.38,24.0,173.38,29.0,112.52,46.0,175.64,14.0,57.0,70.0,43.0,3.4545433851654574,116.38,173.38,113,27.0,-22.0,0.24
07:38:04,114.59,17.0,171.83,18.0,111.1,50.0,173.11,38.0,57.24000000000001,67.0,56.0,3.058834745452954,114.59,171.83,123,11.0,10.0,0.09
07:38:05,110.08,39.0,166.82,28.0,108.88,40.0,167.88,17.0,56.739999999999995,79.0,45.0,3.924745851643148,110.08,166.82,124,34.0,1.0,0.27
07:38:06,113.84,50.0,162.1,30.0,111.27,51.0,163.07,30.0,48.25999999999999,101.0,60.0,3.943801465590009,113.84,162.1,161,41.0,37.0,0.25
07:38:07,120.0,24.0,158.0,6.0,114.43,21.0,161.0,6.0,38.0,45.0,12.0,3.1296117970108845,120.0,158.0,57,33.0,-104.0,0.58
07:38:08,120.0,39.0,156.71,35.0,112.0,78.0,157.2,25.0,36.71000000000001,117.0,60.0,2.16246849687793,120.0,156.71,177,57.0,120.0,0.32
07:38:09,120.0,10.0,153.62,8.0,112.0,48.0,155.86,22.0,33.620000000000005,58.0,30.0,0.8184558631895161,120.0,153.62,88,28.0,-89.0,0.32
07:38:10,120.0,12.0,150.2,30.0,112.0,72.0,151.4,15.0,30.19999999999999,84.0,45.0,1.5356659793031762,120.0,150.2,129,39.0,41.0,0.3
07:38:11,120.0,11.0,146.86,14.0,113.64,61.0,148.43,35.0,26.860000000000014,72.0,49.0,2.3012279330802965,120.0,146.85999999999999,121,23.0,-8.0,0.19
07:38:12,117.65,23.0,143.48,29.0,116.18,55.0,145.39,41.0,25.829999999999984,78.0,70.0,3.0231986372034436,117.65,143.48,148,8.0,27.0,0.05
07:38:13,117.17,29.0,139.36,25.0,116.03,62.0,141.75,16.0,22.190000000000012,91.0,41.0,3.437088884505074,117.16999999999999,139.36,132,50.0,-16.0,0.38
07:38:14,118.0,30.0,139.0,24.0,117.0,12.0,140.0,6.0,21.0,42.0,30.0,3.0187464285673347,118.0,139.0,72,12.0,-60.0,0.17
07:38:15,118.7,50.0,137.96,28.0,117.0,20.0,138.58,19.0,19.260000000000005,70.0,47.0,2.2338084071799424,118.7,137.96,117,23.0,45.0,0.2
07:38:16,119.0,75.0,130.12,48.0,117.0,30.0,130.68,34.0,11.120000000000005,105.0,82.0,2.1713889564026663,119.0,130.12,187,23.0,70.0,0.12
07:38:17,119.0,44.0,127.9,40.0,118.0,60.0,129.0,50.0,8.900000000000006,104.0,90.0,2.422471878059113,119.0,127.9,194,14.0,7.0,0.07
07:38:18,119.0,30.0,124.24,50.0,118.0,90.0,125.62,61.0,5.239999999999995,120.0,111.0,3.038629625338868,119.0,124.24,231,9.0,37.0,0.04
07:38:19,118.03,68.0,120.14,43.0,117.21,28.0,121.54,26.0,2.1099999999999994,96.0,69.0,3.4454128925263454,118.03,120.14000000000001,165,27.0,-66.0,0.16
07:38:20,118.0,32.0,119.6,25.0,117.0,16.0,120.19,31.0,1.5999999999999943,48.0,56.0,2.565486308672577,118.0,119.6,104,-8.0,-61.0,-0.08
07:38:21,116.59,44.0,118.62,26.0,115.84,50.0,124.85,65.0,2.030000000000001,94.0,91.0,2.3723827684389893,116.59,118.61999999999999,185,3.0,81.0,0.02
07:38:22,116.0,49.0,118.0,18.0,113.0,9.0,123.0,45.0,2.0,58.0,63.0,1.7824701961003553,116.0,118.0,121,-5.0,-64.0,-0.04
07:38:23,116.0,48.0,133.22,27.0,112.42,24.0,144.33,60.0,17.22,72.0,87.0,3.0250983455064944,116.0,133.22,159,-15.0,38.0,-0.09
07:38:24,118.0,40.0,219.8,50.0,116.0,40.0,291.5,50.0,101.80000000000001,80.0,100.0,22.29659435878018,118.0,219.8,180,-20.0,21.0,-0.11
07:38:25,118.0,52.0,240.27,49.0,116.0,52.0,292.38,64.0,122.27000000000001,104.0,113.0,30.09773861937123,118.0,240.27000000000004,217,-9.0,37.0,-0.04
07:38:26,116.9,40.0,219.29,21.0,115.18,33.0,247.28,29.0,102.38999999999999,73.0,50.0,28.525061437269375,116.9,219.29000000000002,123,23.0,-94.0,0.19
07:38:27,117.0,48.0,234.09,33.0,116.0,56.0,365.94,54.0,117.09,104.0,87.0,22.0899406970683,117.0,234.09,191,17.0,68.0,0.09
07:38:28,116.67,36.0,237.62,24.0,114.88,32.0,313.0,40.0,120.95,68.0,64.0,4.98250740089724,116.67,237.62,132,4.0,-59.0,0.03
07:38:29,116.0,48.0,235.92,36.0,113.0,36.0,289.75,60.0,119.91999999999999,84.0,96.0,4.198116244221445,116.0,235.91999999999996,180,-12.0,48.0,-0.07
07:38:30,112.28,85.0,234.33,54.0,111.2,182.0,282.0,90.0,122.05000000000001,267.0,144.0,3.590615546114043,112.27999999999999,234.33000000000004,411,123.0,169.5,0.3
07:38:31,112.0,20.0,221.49,39.0,111.0,70.0,257.0,40.0,109.49000000000001,90.0,79.0,4.153837984321941,112.0,221.49,169,11.0,-170.5,0.07
07:38:32,113.0,29.0,170.1,20.0,112.0,14.0,185.41,17.0,57.099999999999994,43.0,37.0,14.755282782786452,113.0,170.1,80,6.0,-89.0,0.07
07:38:33,113.1,20.0,156.5,36.0,112.0,20.0,170.88,26.0,43.400000000000006,40.0,62.0,18.980739448187798,113.1,156.5,102,-22.0,22.0,-0.22
07:38:34,114.21,28.0,136.3,44.0,112.0,28.0,139.37,68.0,22.090000000000018,56.0,112.0,20.764417882521787,114.21,136.3,168,-56.0,66.0,-0.33
07:38:35,111.29,84.0,134.67,27.0,110.5,12.0,148.05,37.0,23.37999999999998,96.0,64.0,17.582978416638888,111.29,134.67,160,32.0,-8.0,0.2
07:38:36,111.0,143.0,132.36,33.0,109.0,11.0,158.91,33.0,21.360000000000014,154.0,66.0,8.583563945121371,111.0,132.36,220,88.0,60.0,0.4
07:38:37,111.0,221.0,125.76,51.0,109.0,17.0,126.88,51.0,14.760000000000005,238.0,102.0,6.210879164819336,111.0,125.76,340,136.0,120.0,0.4
07:38:38,111.0,96.0,119.58,36.0,109.0,12.0,120.67,36.0,8.579999999999998,108.0,72.0,3.921432136348449,111.0,119.58,180,36.0,-160.0,0.2
07:38:39,111.06,49.0,116.71,21.0,110.14,14.0,117.71,21.0,5.6499999999999915,63.0,42.0,3.928667713104033,111.06000000000002,116.71,105,21.0,-75.0,0.2
07:38:40,111.07,87.0,112.88,48.0,109.59,54.0,113.88,48.0,1.8100000000000023,141.0,96.0,3.8350710554024636,111.07000000000001,112.88,237,45.0,132.0,0.19
07:38:41,111.0,55.0,112.82,28.0,109.0,44.0,114.82,33.0,1.8199999999999932,99.0,61.0,2.6895575844338238,111.0,112.82000000000001,160,38.0,-77.0,0.24
07:38:42,111.34,35.0,318.25,12.0,109.8,40.0,562.61,28.0,206.91,75.0,40.0,45.42986154502332,111.34,318.25,115,35.0,-45.0,0.3
07:38:43,112.0,26.0,278.26,38.0,111.0,36.0,460.82,34.0,166.26,62.0,72.0,51.0777838203655,112.0,278.26,134,-10.0,19.0,-0.07
07:38:44,115.31,49.0,222.24,49.0,112.26,62.0,326.0,41.0,106.93,111.0,90.0,47.255773932927944,115.31000000000002,222.24,201,21.0,67.0,0.1
07:38:45,113.12,24.0,365.5,12.0,112.0,56.0,458.92,26.0,252.38,80.0,38.0,48.83801930873115,113.12,365.5,118,42.0,-83.0,0.36
07:38:46,114.14,21.0,329.06,17.0,112.0,49.0,500.57,23.0,214.92000000000002,70.0,40.0,26.99690963795671,114.14,329.06,110,30.0,-8.0,0.27
07:38:47,115.27,33.0,226.46,39.0,112.0,77.0,278.57,49.0,111.19000000000001,110.0,88.0,31.04465767245627,115.27,226.46,198,22.0,88.0,0.11
07:38:48,117.0,33.0,163.81,43.0,112.0,77.0,233.51,45.0,46.81,110.0,88.0,40.89358543830556,117.0,163.81,198,22.0,0.0,0.11
07:38:49,117.0,25.0,356.4,30.0,112.0,70.0,402.26,38.0,239.39999999999998,95.0,68.0,43.99558125539426,117.0,356.4,163,27.0,-35.0,0.17
07:38:50,116.63,38.0,292.21,58.0,114.34,58.0,356.43,42.0,175.57999999999998,96.0,100.0,39.04264143215719,116.63,292.21,196,-4.0,33.0,-0.02
07:38:51,116.89,54.0,331.5,32.0,113.75,64.0,394.32,44.0,214.61,118.0,76.0,39.501588195919375,116.89,331.5,194,42.0,-2.0,0.22
07:38:52,120.0,36.0,297.76,46.0,116.0,84.0,357.83,46.0,177.76,120.0,92.0,37.211466646720595,120.0,297.76,212,28.0,18.0,0.13
07:38:53,120.0,30.0,329.48,31.0,116.0,70.0,330.41,32.0,209.48000000000002,100.0,63.0,13.086973676140838,120.0,329.48,163,37.0,-49.0,0.23
07:38:54,120.0,45.0,324.6,55.0,116.0,105.0,326.16,50.0,204.60000000000002,150.0,105.0,9.537299408113524,120.0,324.6,255,45.0,92.0,0.18
07:38:55,120.0,26.0,321.33,36.0,116.0,84.0,323.0,48.0,201.32999999999998,110.0,84.0,6.505676751883955,120.0,321.33,194,26.0,-61.0,0.13
07:38:56,120.0,9.0,184.23,35.0,116.0,63.0,214.0,37.0,64.22999999999999,72.0,72.0,30.594832079944467,120.0,184.23,144,0.0,-50.0,0.0
07:38:57,120.0,10.0,123.43,35.0,116.0,70.0,125.17,35.0,3.430000000000007,80.0,70.0,48.155047814325705,120.0,123.43,150,10.0,6.0,0.07
07:38:58,116.13,30.0,120.9,31.0,112.25,72.0,121.84,25.0,4.77000000000001,102.0,56.0,51.38517850509025,116.12999999999998,120.9,158,46.0,8.0,0.29
07:38:59,112.59,116.0,116.65,46.0,111.75,73.0,118.71,51.0,4.060000000000002,189.0,97.0,44.558042259506685,112.59,116.65,286,92.0,128.0,0.32
07:39:00,112.16,62.0,113.92,39.0,111.69,51.0,129.02,45.0,1.7600000000000051,113.0,84.0,16.074456444930846,112.16,113.92,197,29.0,-89.0,0.15
07:39:01,110.36,44.0,112.85,39.0,104.06,68.0,297.55,44.0,2.489999999999995,112.0,83.0,4.151158874335759,110.36,112.85,195,29.0,-2.0,0.15
07:39:02,109.0,88.0,140.11,53.0,82.45,22.0,436.97,29.0,31.110000000000014,110.0,82.0,5.209483659632371,109.0,140.11,192,28.0,-3.0,0.15
07:39:03,110.6,20.0,173.71,35.0,91.69,29.0,618.0,14.0,63.110000000000014,49.0,49.0,12.7735382725374,110.6,173.71,98,0.0,-94.0,0.0
07:39:04,109.44,18.0,254.6,25.0,86.38,26.0,618.0,10.0,145.16,44.0,35.0,29.156544376862996,109.44,254.6,79,9.0,-19.0,0.11
07:39:05,110.56,36.0,361.57,28.0,107.43,28.0,665.5,16.0,251.01,64.0,44.0,50.45847599759616,110.56,361.57,108,20.0,29.0,0.19
07:39:08,113.0,8.0,250.45,11.0,110.91,11.0,271.33,15.0,137.45,19.0,26.0,82.03743426022062,113.0,250.45,45,-7.0,-16.0,-0.16
07:39:09,113.0,5.0,249.0,5.0,112.0,5.0,250.0,5.0,136.0,10.0,10.0,82.27074376714981,113.0,249.0,20,0.0,-25.0,0.0
07:39:10,113.0,10.0,247.1,10.0,112.0,10.0,248.4,10.0,134.1,20.0,20.0,89.27706239566811,113.0,247.1,40,0.0,20.0,0.0
07:39:11,113.0,8.0,153.56,16.0,112.0,8.0,245.62,8.0,40.56,16.0,24.0,71.85657958739759,113.0,153.56,40,-8.0,0.0,-0.2
07:39:12,109.0,10.0,170.09,11.0,75.26,38.0,245.2,5.0,61.09,48.0,16.0,24.48786372879416,109.0,170.09,64,32.0,24.0,0.5
07:39:13,110.44,36.0,221.95,19.0,82.32,28.0,240.08,13.0,111.50999999999999,64.0,32.0,22.43658909014452,110.44,221.95000000000002,96,32.0,32.0,0.33
07:39:14,113.71,31.0,192.44,16.0,112.74,39.0,206.94,16.0,78.73,70.0,32.0,19.140949558472553,113.71,192.44,102,38.0,6.0,0.37
07:39:15,111.73,30.0,114.25,24.0,92.04,23.0,123.14,14.0,2.519999999999996,53.0,38.0,20.16794659850097,111.73,114.25,91,15.0,-11.0,0.16
07:39:16,92.69,26.0,112.55,44.0,66.83,41.0,249.79,29.0,19.86,67.0,73.0,26.70911323874279,92.69,112.55,140,-6.0,49.0,-0.04
07:39:20,84.0,26.0,215.0,19.0,77.17,46.0,363.04,23.0,131.0,72.0,42.0,25.054698561347315,84.0,215.0,114,30.0,86.0,0.26
07:39:21,112.09,66.0,269.5,24.0,105.66,105.0,445.0,24.0,157.41,171.0,48.0,45.33621201644424,112.09,269.5,219,123.0,105.0,0.56
07:39:22,118.24,37.0,255.0,20.0,112.86,42.0,677.76,29.0,136.76,79.0,49.0,48.19388135437928,118.24000000000001,255.0,128,30.0,-91.0,0.23
07:39:24,118.87,31.0,342.75,24.0,116.32,50.0,418.22,27.0,223.88,81.0,51.0,58.51195322325173,118.87,342.75,132,30.0,60.0,0.23
07:39:25,113.64,117.0,236.91,43.0,110.62,213.0,265.06,32.0,123.27,330.0,75.0,52.425405387083075,113.63999999999999,236.90999999999997,405,255.0,169.5,0.63
07:39:26,112.0,132.0,233.91,33.0,109.0,154.0,284.0,22.0,121.91,286.0,55.0,55.220007062658,112.0,233.91,341,231.0,-64.0,0.68
07:39:27,112.0,180.0,188.91,44.0,109.0,210.0,240.71,31.0,76.91,390.0,75.0,61.663448816945014,112.0,188.90999999999997,465,315.0,124.0,0.68
07:39:28,112.22,92.0,158.12,24.0,109.67,108.0,160.0,16.0,45.900000000000006,200.0,40.0,36.35498040159,112.22,158.12,240,160.0,-170.5,0.67
07:39:29,114.27,150.0,157.93,45.0,112.0,180.0,209.27,30.0,43.66000000000001,330.0,75.0,19.359081073232506,114.27,157.93,405,255.0,165.0,0.63
07:39:30,115.2,75.0,156.4,30.0,112.0,120.0,159.0,20.0,41.2,195.0,50.0,16.320230696898477,115.2,156.4,245,145.0,-160.0,0.59
07:39:31,116.43,105.0,153.85,61.0,112.32,102.0,229.35,34.0,37.41999999999999,207.0,95.0,6.675063295579039,116.43,153.85,302,112.0,57.0,0.37
07:39:32,112.55,118.0,155.0,30.0,110.58,31.0,197.9,20.0,42.45,149.0,50.0,0.8931517228255395,112.55,155.0,199,99.0,-103.0,0.5
07:39:33,112.0,90.0,154.83,18.0,110.0,24.0,307.8,10.0,42.83000000000001,114.0,28.0,1.1977979796218483,112.0,154.83,142,86.0,-57.0,0.61
07:39:34,112.17,141.0,154.0,36.0,111.11,81.0,326.83,23.0,41.83,222.0,59.0,1.1672531858967337,112.17,154.0,281,163.0,139.0,0.58
07:39:35,112.0,105.0,138.5,18.0,110.0,28.0,202.12,17.0,26.5,133.0,35.0,3.927547580868452,112.0,138.5,168,98.0,-113.0,0.58
07:39:36,112.38,64.0,135.0,24.0,111.58,76.0,425.43,14.0,22.620000000000005,140.0,38.0,4.944515143063582,112.38,135.0,178,102.0,10.0,0.57
07:39:37,112.4,120.0,132.72,43.0,111.44,100.0,148.71,42.0,20.319999999999993,220.0,85.0,5.249397108238666,112.4,132.72,305,135.0,127.0,0.44
07:39:38,114.18,66.0,128.21,38.0,112.0,132.0,128.97,39.0,14.030000000000001,198.0,77.0,4.676950929824241,114.18,128.21,275,121.0,-30.0,0.44
07:39:39,115.59,102.0,122.76,67.0,112.03,160.0,124.46,52.0,7.170000000000002,262.0,119.0,2.3281816939369273,115.59,122.76,381,143.0,106.0,0.38
07:39:40,117.0,58.0,119.31,35.0,113.0,12.0,121.05,37.0,2.3100000000000023,70.0,72.0,2.2975269312855993,117.0,119.31000000000002,142,-2.0,-170.5,-0.01
07:39:41,112.38,58.0,120.12,52.0,111.87,103.0,257.43,37.0,7.740000000000009,161.0,89.0,2.4857332922061897,112.38,120.11999999999999,250,72.0,108.0,0.29
07:39:42,112.0,151.0,118.64,33.0,111.0,52.0,245.0,39.0,6.640000000000001,203.0,72.0,2.3386641486074566,112.0,118.64,275,131.0,25.0,0.48
07:39:43,112.0,112.0,116.47,45.0,111.0,64.0,118.26,35.0,4.469999999999999,176.0,80.0,2.0256431077515753,112.0,116.47,256,96.0,-19.0,0.38
07:39:44,113.0,36.0,115.33,54.0,112.0,126.0,118.0,36.0,2.3299999999999983,162.0,90.0,1.6562699055350811,113.0,115.33,252,72.0,-4.0,0.29
07:39:45,112.07,55.0,113.55,33.0,111.28,50.0,164.65,31.0,1.480000000000004,105.0,64.0,1.29972304741468,112.07,113.55,169,41.0,-83.0,0.24
07:39:46,111.72,43.0,226.25,48.0,109.77,88.0,396.5,48.0,114.53,131.0,96.0,24.549166584631415,111.72,226.25,227,35.0,58.0,0.15
07:39:47,111.87,61.0,313.05,19.0,109.62,52.0,515.84,25.0,201.18,113.0,44.0,44.885282888715196,111.87,313.05,157,69.0,-70.0,0.44
07:39:48,112.0,84.0,418.0,7.0,111.0,28.0,519.62,13.0,306.0,112.0,20.0,65.39641373959276,112.0,418.0,132,92.0,-25.0,0.7
07:39:49,112.0,204.0,272.18,17.0,111.0,68.0,380.47,17.0,160.18,272.0,34.0,55.975823799208186,112.0,272.18,306,238.0,169.5,0.78
07:39:50,112.37,76.0,144.0,11.0,111.84,100.0,300.18,11.0,31.629999999999995,176.0,22.0,50.845453385725676,112.37,144.0,198,154.0,-108.0,0.78
07:39:51,113.93,56.0,143.05,38.0,112.31,104.0,150.86,14.0,29.120000000000005,160.0,52.0,58.36504630341692,113.92999999999999,143.05,212,108.0,14.0,0.51
07:39:52,115.08,36.0,141.39,18.0,113.0,40.0,145.09,22.0,26.309999999999988,76.0,40.0,60.65488067748544,115.08,141.39,116,36.0,-96.0,0.31
07:39:53,116.0,21.0,139.8,15.0,113.0,28.0,140.31,13.0,23.80000000000001,49.0,28.0,28.572128902131013,116.0,139.8,77,21.0,-39.0,0.27
07:39:54,114.76,51.0,134.16,43.0,112.33,125.0,137.72,25.0,19.39999999999999,176.0,68.0,1.686795778980615,114.76,134.16,244,108.0,167.0,0.44
07:39:55,113.0,10.0,117.14,28.0,112.0,120.0,149.23,22.0,4.140000000000001,130.0,50.0,5.697435387960636,113.0,117.14,180,80.0,-64.0,0.44
07:39:56,113.82,17.0,135.0,5.0,112.05,38.0,328.0,15.0,21.180000000000007,55.0,20.0,5.322380106680273,113.82,135.0,75,35.0,-105.0,0.47
07:39:57,114.77,39.0,134.77,13.0,113.0,13.0,237.0,41.0,20.000000000000014,52.0,54.0,4.838106034388426,114.77,134.77,106,-2.0,31.0,-0.02
07:39:58,116.49,41.0,133.22,23.0,113.4,15.0,201.1,58.0,16.730000000000004,56.0,81.0,4.2762506942397,116.49000000000001,133.22,137,-25.0,31.0,-0.18
07:39:59,118.0,117.0,131.85,13.0,116.0,13.0,133.0,65.0,13.849999999999994,130.0,78.0,4.3278955625090525,118.0,131.85,208,52.0,71.0,0.25
07:40:00,118.0,162.0,129.7,30.0,116.0,18.0,130.62,78.0,11.699999999999989,180.0,108.0,0.442831796493882,118.0,129.7,288,72.0,80.0,0.25
07:40:01,118.0,126.0,121.81,59.0,116.0,14.0,125.25,24.0,3.8100000000000023,140.0,83.0,2.140934375450528,118.0,121.81,223,57.0,-65.0,0.26
07:40:02,118.0,64.0,119.47,15.0,116.0,18.0,184.21,42.0,1.4699999999999989,82.0,57.0,2.9202260186474236,118.0,119.47,139,25.0,-84.0,0.18
07:40:03,118.0,28.0,119.0,8.0,116.0,16.0,278.73,11.0,1.0,44.0,19.0,2.9964262046619816,118.0,119.0,63,25.0,-76.0,0.4
07:40:04,112.13,62.0,290.43,21.0,111.66,105.0,506.73,30.0,178.3,167.0,51.0,36.302414933444716,112.13,290.43,218,116.0,155.0,0.53
07:40:05,113.27,37.0,232.67,61.0,112.18,99.0,235.36,53.0,119.39999999999999,136.0,114.0,38.61173357931489,113.27,232.67,250,22.0,32.0,0.09
07:40:06,114.82,11.0,199.73,44.0,113.0,33.0,215.82,44.0,84.91,44.0,88.0,35.74165147275648,114.82,199.73,132,-44.0,-118.0,-0.33
07:40:07,116.38,8.0,197.0,32.0,113.0,24.0,222.0,32.0,80.62,32.0,64.0,30.016301737555846,116.38,197.0,96,-32.0,-36.0,-0.33
07:40:08,117.36,14.0,196.0,56.0,114.57,69.0,197.0,56.0,78.64,83.0,112.0,19.356318606594606,117.36,196.0,195,-29.0,99.0,-0.15
07:40:09,119.0,12.0,171.0,36.0,115.93,135.0,188.89,27.0,52.0,147.0,63.0,9.95873837391046,119.0,171.0,210,84.0,15.0,0.4
07:40:10,119.0,4.0,167.0,16.0,113.0,12.0,168.0,4.0,48.0,16.0,20.0,7.094037637339875,119.0,167.0,36,-4.0,-170.5,-0.11
07:40:11,113.71,34.0,163.39,61.0,112.09,134.0,163.84,49.0,49.67999999999999,168.0,110.0,8.27888458670571,113.71,163.39,278,58.0,169.5,0.21
07:40:12,112.47,34.0,148.42,31.0,111.86,84.0,157.95,19.0,35.94999999999999,118.0,50.0,9.596154438106531,112.47,148.42,168,68.0,-110.0,0.4
07:40:13,112.0,81.0,146.89,36.0,111.0,54.0,162.0,36.0,34.889999999999986,135.0,72.0,7.109513344807067,112.0,146.89,207,63.0,39.0,0.3
07:40:14,112.0,72.0,145.12,32.0,111.0,48.0,148.0,32.0,33.120000000000005,120.0,64.0,6.418007478960161,112.0,145.12,184,56.0,-23.0,0.3
07:40:15,111.48,58.0,145.0,48.0,110.21,57.0,146.0,48.0,33.519999999999996,115.0,96.0,4.281072295580561,111.48,145.0,211,19.0,27.0,0.09
07:40:16,116.61,64.0,142.64,56.0,113.63,54.0,143.93,56.0,26.029999999999987,118.0,112.0,0.879215559454393,116.61,142.64,230,6.0,19.0,0.03
07:40:17,120.0,50.0,137.3,40.0,116.12,34.0,138.3,40.0,17.30000000000001,84.0,80.0,0.5996082054029761,120.0,137.3,164,4.0,-66.0,0.02
07:40:18,120.0,30.0,134.5,24.0,117.0,6.0,136.0,24.0,14.5,36.0,48.0,0.855470630697752,120.0,134.5,84,-12.0,-80.0,-0.14
07:40:19,120.0,45.0,133.67,36.0,117.0,9.0,136.0,36.0,13.669999999999987,54.0,72.0,1.117631424033106,120.0,133.67,126,-18.0,42.0,-0.14
07:40:20,120.0,50.0,131.7,40.0,117.0,10.0,133.2,40.0,11.699999999999989,60.0,80.0,1.499373202370272,120.0,131.7,140,-20.0,14.0,-0.14
07:40:21,120.0,80.0,126.16,68.0,117.0,16.0,127.75,64.0,6.159999999999997,96.0,132.0,2.0779605386016264,120.0,126.15999999999998,228,-36.0,88.0,-0.16
07:40:22,119.85,40.0,121.56,36.0,117.86,21.0,122.61,41.0,1.710000000000008,61.0,77.0,2.782870819852208,119.85,121.56,138,-16.0,-90.0,-0.12
07:40:23,116.91,35.0,119.39,51.0,115.57,53.0,121.26,62.0,2.480000000000004,88.0,113.0,3.590956697035505,116.91,119.39,201,-25.0,63.0,-0.12
07:40:24,115.05,38.0,119.93,45.0,112.69,26.0,191.81,37.0,4.88000000000001,64.0,82.0,3.4773164940774937,115.05,119.93,146,-18.0,-55.0,-0.12
07:40:25,113.0,33.0,122.91,44.0,112.0,22.0,172.33,42.0,9.909999999999997,55.0,86.0,2.372663060778488,113.0,122.91,141,-31.0,-5.0,-0.22
07:40:26,112.65,23.0,121.06,35.0,111.71,14.0,122.0,36.0,8.409999999999997,37.0,71.0,1.4694965124090071,112.65,121.06000000000002,108,-34.0,-33.0,-0.31
07:40:27,113.31,39.0,116.82,45.0,111.75,24.0,117.59,54.0,3.509999999999991,63.0,99.0,1.2451104368616364,113.31,116.82,162,-36.0,54.0,-0.22
07:40:28,110.39,23.0,114.0,27.0,110.18,17.0,115.0,9.0,3.6099999999999994,40.0,36.0,2.3467104636024616,110.38999999999999,114.0,76,4.0,-86.0,0.05
07:40:29,109.0,85.0,111.25,51.0,105.61,69.0,112.81,27.0,2.25,154.0,78.0,3.2444675988489573,109.0,111.25,232,76.0,156.0,0.33
07:40:30,105.4,40.0,109.65,26.0,62.62,37.0,110.19,26.0,4.25,77.0,52.0,3.734210759983948,105.4,109.65,129,25.0,-103.0,0.19
07:40:31,108.0,13.0,109.0,5.0,78.33,6.0,110.0,18.0,1.0,19.0,23.0,3.01960759039635,108.0,109.0,42,-4.0,-87.0,-0.1
07:40:32,108.0,16.0,109.83,18.0,71.75,16.0,110.36,14.0,1.8299999999999983,32.0,32.0,1.795447019541029,108.0,109.83,64,0.0,22.0,0.0
07:40:33,116.47,34.0,215.43,21.0,100.78,18.0,585.29,21.0,98.96000000000001,52.0,42.0,25.58869144759033,116.47,215.42999999999998,94,10.0,30.0,0.11
07:40:34,120.0,30.0,299.6,10.0,108.0,10.0,616.0,15.0,179.60000000000002,40.0,25.0,46.25435601108279,120.0,299.6,65,15.0,-29.0,0.23
07:40:35,114.25,16.0,392.0,12.0,92.67,12.0,527.0,30.0,277.75,28.0,42.0,63.28435920509904,114.25,392.0,70,-14.0,5.0,-0.2
07:40:39,116.64,44.0,136.04,46.0,112.86,28.0,145.36,25.0,19.39999999999999,72.0,71.0,74.58433796716328,116.64,136.04,143,1.0,16.0,0.01
07:40:40,113.0,15.0,134.71,28.0,112.0,7.0,195.12,24.0,21.710000000000008,22.0,52.0,94.1892825644193,113.0,134.71,74,-30.0,-69.0,-0.41
07:40:41,113.0,20.0,133.3,40.0,112.0,10.0,235.97,38.0,20.30000000000001,30.0,78.0,94.56320991802257,113.0,133.3,108,-48.0,34.0,-0.44
07:40:42,115.6,30.0,132.0,28.0,112.9,20.0,146.83,41.0,16.400000000000006,50.0,69.0,65.9942393698115,115.6,132.0,119,-19.0,11.0,-0.16
07:40:43,116.04,73.0,131.0,16.0,114.25,24.0,183.86,28.0,14.959999999999994,97.0,44.0,1.2647450335781936,116.04,131.0,141,53.0,22.0,0.38
07:40:44,117.0,33.0,130.73,22.0,116.0,110.0,332.56,32.0,13.72999999999999,143.0,54.0,0.30695276503139507,117.0,130.73,197,89.0,56.0,0.45
07:40:45,117.0,25.0,128.67,18.0,116.0,90.0,136.67,18.0,11.669999999999987,115.0,36.0,0.4382579148860814,117.0,128.67,151,79.0,-46.0,0.52
07:40:46,116.12,51.0,124.82,22.0,115.67,66.0,125.82,22.0,8.699999999999989,117.0,44.0,1.4164850863881255,116.12,124.82,161,73.0,10.0,0.45
07:40:47,116.01,94.0,123.25,24.0,112.77,26.0,125.0,24.0,7.239999999999995,120.0,48.0,1.8972005692491984,116.01,123.25,168,72.0,7.0,0.43
07:40:48,119.46,28.0,121.67,24.0,116.25,40.0,137.36,22.0,2.210000000000008,68.0,46.0,1.7858667363381644,119.46,121.67,114,22.0,-54.0,0.19
07:40:49,120.0,18.0,141.77,26.0,118.9,10.0,221.13,15.0,21.77000000000001,28.0,41.0,4.628961006528353,120.0,141.77,69,-13.0,-45.0,-0.19
07:40:50,116.18,22.0,188.87,31.0,113.32,19.0,207.4,25.0,72.69,41.0,56.0,14.041445082325527,116.18,188.87,97,-15.0,28.0,-0.15
07:40:51,116.0,10.0,136.23,26.0,113.0,20.0,246.43,14.0,20.22999999999999,30.0,40.0,13.415261085791974,116.0,136.23,70,-10.0,-27.0,-0.14
07:40:52,116.0,8.0,118.12,24.0,113.0,16.0,168.0,12.0,2.1200000000000045,24.0,36.0,13.947984442203975,116.0,118.12,60,-12.0,-10.0,-0.2
07:40:53,113.0,12.0,154.43,14.0,112.0,6.0,158.71,14.0,41.43000000000001,18.0,28.0,13.071145703417343,113.0,154.43,46,-10.0,-14.0,-0.22
07:40:54,113.13,23.0,153.75,24.0,112.2,15.0,311.66,29.0,40.620000000000005,38.0,53.0,13.063505272321287,113.13,153.75,91,-15.0,45.0,-0.16
07:40:55,110.0,32.0,153.0,16.0,109.0,8.0,203.1,10.0,43.0,40.0,26.0,7.017761751439226,110.0,153.0,66,14.0,-25.0,0.21
07:40:56,111.0,24.0,150.89,18.0,109.76,21.0,317.58,26.0,39.889999999999986,45.0,44.0,6.96294477932749,111.0,150.89,89,1.0,23.0,0.01
07:40:57,110.04,25.0,149.0,14.0,109.4,10.0,257.33,18.0,38.959999999999994,35.0,32.0,1.758072808493851,110.04,149.0,67,3.0,-22.0,0.04
07:40:58,112.7,23.0,147.13,23.0,110.36,44.0,149.73,22.0,34.42999999999999,67.0,45.0,1.5464863400512052,112.7,147.13,112,22.0,45.0,0.2
07:40:59,115.97,59.0,146.09,23.0,112.45,44.0,147.27,22.0,30.120000000000005,103.0,45.0,0.8293069395372731,115.97,146.09,148,58.0,36.0,0.39
07:41:00,118.0,63.0,143.7,20.0,114.87,15.0,145.89,18.0,25.69999999999999,78.0,38.0,0.6879316826288777,118.0,143.7,116,40.0,-32.0,0.34
07:41:01,118.0,56.0,143.38,16.0,117.0,8.0,144.75,16.0,25.379999999999995,64.0,32.0,0.6515366451432834,118.0,143.38,96,32.0,-20.0,0.33
07:41:02,118.0,91.0,139.44,36.0,117.0,13.0,140.52,42.0,21.439999999999998,104.0,78.0,0.9510520490301637,118.0,139.44,182,26.0,86.0,0.14
07:41:03,118.0,49.0,134.31,32.0,117.0,12.0,135.3,40.0,16.310000000000002,61.0,72.0,2.0822463831074427,118.0,134.31,133,-11.0,-49.0,-0.08
07:41:04,114.14,21.0,128.8,35.0,111.88,43.0,129.14,51.0,14.66000000000001,64.0,86.0,3.9055434961043276,114.14,128.8,150,-22.0,17.0,-0.15
07:41:05,118.65,17.0,126.33,18.0,111.62,21.0,128.0,45.0,7.679999999999993,38.0,63.0,3.9438851403104724,118.65,126.33,101,-25.0,-49.0,-0.25
07:41:06,118.12,34.0,122.8,65.0,111.24,42.0,124.62,52.0,4.679999999999993,76.0,117.0,3.4662155155097336,118.12,122.8,193,-41.0,92.0,-0.21
07:41:07,112.0,16.0,120.0,24.0,110.0,32.0,121.17,24.0,8.0,48.0,48.0,3.6694318361237768,112.0,120.0,96,0.0,-97.0,0.0
07:41:08,112.86,57.0,117.45,44.0,111.24,42.0,118.11,36.0,4.590000000000003,99.0,80.0,3.3200496984167644,112.85999999999999,117.45,179,19.0,83.0,0.11
07:41:09,112.68,37.0,113.85,41.0,110.79,33.0,119.39,33.0,1.1699999999999875,70.0,74.0,3.8523213780727246,112.67999999999999,113.84999999999998,144,-4.0,-35.0,-0.03
07:41:10,109.83,12.0,111.39,31.0,108.02,50.0,134.23,13.0,1.5600000000000023,62.0,44.0,3.6431058178365605,109.83,111.39,106,18.0,-38.0,0.17
07:41:11,111.0,60.0,176.74,23.0,108.15,47.0,453.35,34.0,65.74000000000001,107.0,57.0,13.624978899064676,111.0,176.74,164,50.0,58.0,0.3
07:41:12,112.06,122.0,175.22,68.0,105.47,95.0,410.9,39.0,63.16,217.0,107.0,16.91728021875742,112.06,175.22,324,110.0,160.0,0.34
07:41:13,113.0,54.0,209.92,26.0,85.87,30.0,409.57,28.0,96.91999999999999,84.0,54.0,21.909043110094228,113.0,209.92000000000002,138,30.0,-170.5,0.22
07:41:14,113.0,45.0,118.0,20.0,85.56,32.0,457.58,19.0,5.0,77.0,39.0,21.380943150384354,113.0,118.0,116,38.0,-22.0,0.33
07:41:15,113.23,66.0,215.92,25.0,92.7,81.0,602.6,47.0,102.68999999999998,147.0,72.0,19.519404960192173,113.23,215.92,219,75.0,103.0,0.34
07:41:16,113.0,54.0,250.17,24.0,107.0,36.0,522.11,18.0,137.17,90.0,42.0,25.077380245950334,113.0,250.17,132,48.0,-87.0,0.36
07:41:17,113.0,27.0,249.33,15.0,107.0,18.0,251.0,6.0,136.33,45.0,21.0,26.98827578783025,113.0,249.33,66,24.0,-66.0,0.36
07:41:18,113.0,27.0,249.0,15.0,107.0,18.0,324.0,15.0,136.0,45.0,30.0,28.471572313449553,113.0,249.0,75,15.0,9.0,0.2
07:41:19,113.0,100.0,184.29,35.0,107.0,75.0,267.62,40.0,71.28999999999999,175.0,75.0,14.6279824309435,113.0,184.29,250,100.0,169.5,0.4
07:41:20,113.78,27.0,134.81,21.0,110.33,63.0,140.0,46.0,21.03,90.0,67.0,25.997473531095007,113.78,134.81,157,23.0,-93.0,0.15
07:41:21,116.0,6.0,131.8,10.0,113.0,30.0,133.19,26.0,15.800000000000011,36.0,36.0,28.55009894904003,116.0,131.8,72,0.0,-85.0,0.0
07:41:22,113.9,30.0,129.41,17.0,111.86,66.0,131.89,37.0,15.509999999999991,96.0,54.0,25.485129389508074,113.9,129.41,150,42.0,78.0,0.28
07:41:23,112.21,34.0,128.48,42.0,111.62,72.0,129.22,18.0,16.269999999999996,106.0,60.0,11.78114086156173,112.21,128.48,166,46.0,16.0,0.28
07:41:24,112.0,54.0,124.81,26.0,109.0,18.0,126.1,10.0,12.810000000000002,72.0,36.0,2.4641266201141576,112.0,124.81,108,36.0,-58.0,0.33
07:41:25,116.9,49.0,122.36,55.0,111.91,99.0,125.0,11.0,5.459999999999994,148.0,66.0,2.102921776946199,116.9,122.36,214,82.0,106.0,0.38
07:41:26,118.0,40.0,120.2,10.0,112.29,102.0,122.0,50.0,2.200000000000003,142.0,60.0,1.2476698281011207,118.0,120.2,202,82.0,-12.0,0.41
07:41:27,118.0,34.0,121.03,32.0,113.0,231.0,176.8,45.0,3.030000000000001,265.0,77.0,0.7142968570234549,118.0,121.03,342,188.0,140.0,0.55
07:41:28,118.94,77.0,122.0,55.0,113.31,96.0,229.43,28.0,3.0600000000000023,173.0,83.0,0.7581754414075957,118.93999999999998,122.0,256,90.0,-86.0,0.35
07:41:29,119.0,156.0,122.0,65.0,118.0,13.0,234.9,51.0,3.0,169.0,116.0,0.6177620900912403,119.0,122.0,285,53.0,29.0,0.19
07:41:30,119.0,108.0,120.56,45.0,118.0,9.0,202.53,34.0,1.5600000000000023,117.0,79.0,0.6083420090326804,119.0,120.56,196,38.0,-89.0,0.19
07:41:31,119.0,39.0,120.0,20.0,118.0,4.0,179.0,8.0,1.0,43.0,28.0,0.4972725610306387,119.0,120.0,71,15.0,-125.0,0.21
07:41:37,113.0,216.0,376.63,27.0,112.0,48.0,388.0,23.0,263.63,264.0,50.0,51.57449321127737,113.0,376.63,314,214.0,169.5,0.68
07:41:38,113.0,170.0,268.82,33.0,112.0,44.0,269.82,33.0,155.82,214.0,66.0,77.71137027488372,113.0,268.82,280,148.0,-34.0,0.53
07:41:39,113.73,48.0,267.1,30.0,112.97,80.0,268.1,30.0,153.37,128.0,60.0,85.7027235856601,113.73,267.1,188,68.0,-92.0,0.36
07:41:40,116.0,33.0,265.63,19.0,114.0,33.0,266.55,31.0,149.63,66.0,50.0,68.4523708135813,116.0,265.63,116,16.0,-72.0,0.14
07:41:41,116.58,36.0,262.7,30.0,114.43,46.0,265.0,10.0,146.12,82.0,40.0,24.31793926302176,116.58,262.7,122,42.0,6.0,0.34
07:41:42,120.0,12.0,261.25,12.0,117.0,18.0,261.79,14.0,141.25,30.0,26.0,0.5075923561359611,120.0,261.25,56,4.0,-66.0,0.07
07:41:43,119.4,10.0,259.62,8.0,116.67,18.0,260.94,16.0,140.22,28.0,24.0,0.5904659177357086,119.4,259.62,52,4.0,-4.0,0.08
07:41:44,117.0,6.0,258.17,18.0,116.0,18.0,258.93,14.0,141.17000000000002,24.0,32.0,1.2857993622673327,117.0,258.17,56,-8.0,4.0,-0.14
07:41:45,117.0,13.0,253.86,35.0,116.0,39.0,254.43,42.0,136.86,52.0,77.0,2.065775883295752,117.0,253.86,129,-25.0,73.0,-0.19
07:41:46,116.09,64.0,248.71,24.0,114.83,69.0,250.88,51.0,132.62,133.0,75.0,3.290420945715811,116.09,248.71,208,58.0,79.0,0.28
07:41:47,116.0,24.0,230.86,28.0,113.0,27.0,246.2,15.0,114.86000000000001,51.0,43.0,6.304002696700161,116.0,230.85999999999999,94,8.0,-114.0,0.09
07:41:48,116.0,27.0,226.96,26.0,113.0,54.0,229.91,23.0,110.96000000000001,81.0,49.0,7.218658462623134,116.0,226.96,130,32.0,36.0,0.25
07:41:49,116.0,27.0,220.78,27.0,113.0,54.0,221.78,27.0,104.78,81.0,54.0,7.3242221429990755,116.0,220.78,135,27.0,5.0,0.2
07:41:50,113.0,40.0,215.52,25.0,112.0,32.0,218.17,29.0,102.52000000000001,72.0,54.0,6.771533799664219,113.0,215.52,126,18.0,-9.0,0.14
07:41:51,113.0,35.0,194.23,13.0,112.0,28.0,203.86,14.0,81.22999999999999,63.0,27.0,7.857495147945731,113.0,194.23,90,36.0,-36.0,0.4
07:41:52,112.0,24.0,190.89,19.0,111.0,54.0,191.95,19.0,78.88999999999999,78.0,38.0,8.905181076204316,112.0,190.89,116,40.0,26.0,0.34
07:41:53,112.65,17.0,187.05,38.0,111.67,54.0,189.09,33.0,74.4,71.0,71.0,8.283539702324376,112.65,187.05,142,0.0,26.0,0.0
07:41:54,115.0,22.0,183.21,39.0,113.43,21.0,184.51,35.0,68.21000000000001,43.0,74.0,6.175664336731828,115.0,183.21,117,-31.0,-25.0,-0.26
07:41:55,114.48,33.0,146.67,36.0,112.59,54.0,176.74,46.0,32.18999999999998,87.0,82.0,9.297093631881753,114.48,146.67,169,5.0,52.0,0.03
07:41:56,111.27,88.0,117.82,45.0,109.98,110.0,118.5,50.0,6.549999999999997,198.0,95.0,16.150678933096607,111.27,117.82,293,103.0,124.0,0.35
07:41:57,110.79,87.0,112.95,39.0,108.06,77.0,114.45,31.0,2.1599999999999966,164.0,70.0,18.162377322365177,110.79000000000002,112.95,234,94.0,-59.0,0.4
07:41:58,109.0,66.0,111.11,18.0,107.0,80.0,113.36,22.0,2.1099999999999994,146.0,40.0,16.5915662310693,109.0,111.11,186,106.0,-48.0,0.57
07:41:59,110.4,40.0,246.81,42.0,107.72,25.0,456.58,24.0,136.41,65.0,66.0,28.825042411069635,110.4,246.81,131,-1.0,-55.0,-0.01
07:42:00,112.0,44.0,125.55,44.0,109.0,67.0,313.82,22.0,13.549999999999997,111.0,66.0,29.15866680765706,112.0,125.55,177,45.0,46.0,0.25
07:42:02,114.4,30.0,382.79,33.0,112.72,25.0,417.83,35.0,268.39,55.0,68.0,78.89075566883616,114.4,382.79,123,-13.0,-16.0,-0.11
07:42:03,120.0,5.0,255.86,14.0,113.0,15.0,256.73,11.0,135.86,20.0,25.0,66.03037747885452,120.0,255.85999999999999,45,-5.0,-78.0,-0.11
07:42:04,120.0,11.0,245.68,31.0,114.43,21.0,254.75,24.0,125.68,32.0,55.0,65.63825309985039,120.0,245.68,87,-23.0,42.0,-0.26
07:42:05,118.44,9.0,206.35,20.0,117.25,8.0,253.2,20.0,87.91,17.0,40.0,52.88784671358841,118.44,206.35,57,-23.0,-30.0,-0.4
07:42:06,115.28,36.0,237.9,42.0,112.96,27.0,247.52,33.0,122.62,63.0,75.0,33.226428486974164,115.28,237.90000000000003,138,-12.0,81.0,-0.09
07:42:07,116.17,24.0,241.9,30.0,109.64,44.0,519.6,35.0,125.73,68.0,65.0,9.59357441207388,116.17,241.9,133,3.0,-5.0,0.02
07:42:08,110.26,31.0,186.81,37.0,108.78,119.0,277.6,42.0,76.55,150.0,79.0,14.216900857781674,110.26,186.81,229,71.0,96.0,0.31
07:42:09,109.25,133.0,201.19,48.0,89.42,81.0,229.98,61.0,91.94,214.0,109.0,13.254732362442835,109.25,201.18999999999997,323,105.0,94.0,0.33
07:42:10,109.0,24.0,150.71,17.0,70.18,11.0,160.0,23.0,41.71000000000001,35.0,40.0,20.479008276769292,109.0,150.71,75,-5.0,-170.5,-0.07
07:42:11,109.0,30.0,148.0,36.0,79.0,10.0,148.79,28.0,39.0,40.0,64.0,20.76467745957011,109.0,148.0,104,-24.0,29.0,-0.23
07:42:12,104.95,20.0,129.4,30.0,96.38,21.0,142.74,31.0,24.450000000000003,41.0,61.0,15.609056025268513,104.95,129.4,102,-20.0,-2.0,-0.2
07:42:17,104.31,42.0,125.45,40.0,100.95,60.0,355.27,33.0,21.14,102.0,73.0,10.527326346226271,104.31000000000002,125.45,175,29.0,-59.0,0.17
07:42:18,115.65,66.0,212.44,64.0,114.67,30.0,540.0,51.0,96.78999999999999,96.0,115.0,30.597182876859073,115.65,212.44,211,-19.0,36.0,-0.09
07:42:19,118.0,72.0,264.92,48.0,117.0,72.0,304.91,43.0,146.92000000000002,144.0,91.0,41.945081714069545,118.0,264.92,235,53.0,24.0,0.23
07:42:20,118.0,48.0,210.25,32.0,117.0,48.0,277.0,32.0,92.25,96.0,64.0,38.29146745686275,118.0,210.25,160,32.0,-75.0,0.2
07:42:21,118.0,48.0,166.46,26.0,117.0,48.0,202.45,31.0,48.46000000000001,96.0,57.0,28.575847843939542,118.0,166.46,153,39.0,-7.0,0.25
07:42:22,118.0,72.0,127.2,50.0,117.0,72.0,144.63,41.0,9.200000000000003,144.0,91.0,25.928748523597996,118.0,127.2,235,53.0,82.0,0.23
07:42:23,118.0,90.0,126.4,60.0,117.0,90.0,177.4,60.0,8.400000000000006,180.0,120.0,29.543850798431478,118.0,126.4,300,60.0,65.0,0.2
07:42:24,118.0,78.0,124.93,46.0,117.0,78.0,244.51,45.0,6.930000000000007,156.0,91.0,18.706785667237757,118.0,124.93000000000002,247,65.0,-53.0,0.26
07:42:25,118.0,54.0,121.54,13.0,117.0,54.0,124.87,30.0,3.5400000000000063,108.0,43.0,9.32936385826852,118.0,121.53999999999999,151,65.0,-96.0,0.43
07:42:26,119.35,130.0,180.0,24.0,117.33,72.0,195.42,57.0,60.650000000000006,202.0,81.0,12.644490104388076,119.35,180.0,283,121.0,132.0,0.43
07:42:27,120.0,94.0,272.42,31.0,118.0,30.0,454.12,32.0,152.42000000000002,124.0,63.0,32.80743254203194,120.0,272.42,187,61.0,-96.0,0.33
07:42:28,120.0,105.0,255.22,46.0,118.2,49.0,494.08,59.0,135.22,154.0,105.0,35.90048356220266,120.0,255.22000000000003,259,49.0,72.0,0.19
07:42:29,120.0,84.0,328.08,48.0,119.0,60.0,447.33,42.0,208.07999999999998,144.0,90.0,40.939546528998,120.0,328.08,234,54.0,-25.0,0.23
07:42:30,119.94,77.0,313.62,47.0,118.95,63.0,513.89,35.0,193.68,140.0,82.0,29.272752347533046,119.93999999999998,313.62,222,58.0,-12.0,0.26
07:42:31,119.0,20.0,164.0,32.0,118.0,24.0,345.0,8.0,45.0,44.0,40.0,32.481980696995684,119.0,164.0,84,4.0,-138.0,0.05
07:42:32,119.0,6.0,164.0,24.0,118.0,18.0,335.0,12.0,45.0,24.0,36.0,39.65026204200919,119.0,164.0,60,-12.0,-24.0,-0.2
07:42:33,119.0,7.0,164.0,28.0,118.0,21.0,329.0,14.0,45.0,28.0,42.0,43.29693845989563,119.0,164.0,70,-14.0,10.0,-0.2
07:42:34,119.0,5.0,164.0,20.0,118.0,15.0,442.6,10.0,45.0,20.0,30.0,33.66623946923654,119.0,164.0,50,-10.0,-20.0,-0.2
07:42:35,118.45,11.0,164.0,32.0,117.83,18.0,471.0,16.0,45.55,29.0,48.0,0.12074767066245369,118.45,164.0,77,-19.0,27.0,-0.25
07:42:36,117.44,9.0,163.64,25.0,116.17,12.0,352.3,20.0,46.19999999999999,21.0,45.0,0.41590864377923603,117.44,163.64,66,-24.0,-11.0,-0.36
07:42:37,116.0,16.0,150.0,27.0,113.0,200.0,163.07,29.0,34.0,216.0,56.0,3.684763221696761,116.0,150.0,272,160.0,169.5,0.59
07:42:38,116.71,28.0,156.87,31.0,113.03,227.0,364.22,46.0,40.16000000000001,255.0,77.0,3.6648969971840195,116.71,156.87,332,178.0,60.0,0.54
07:42:39,118.0,88.0,157.3,30.0,116.0,20.0,314.51,43.0,39.30000000000001,108.0,73.0,3.291894591260159,118.0,157.3,181,35.0,-151.0,0.19
07:42:40,118.0,63.0,156.44,27.0,116.0,18.0,308.84,38.0,38.44,81.0,65.0,2.694373767680974,118.0,156.44,146,16.0,-35.0,0.11
07:42:41,118.0,91.0,150.44,63.0,116.0,26.0,163.82,44.0,32.44,117.0,107.0,2.046492120670532,118.0,150.44,224,10.0,78.0,0.04
07:42:42,118.0,103.0,151.27,74.0,116.0,30.0,238.96,52.0,33.27000000000001,133.0,126.0,1.5651613335266075,118.0,151.27,259,7.0,35.0,0.03
07:42:43,118.0,80.0,150.0,53.0,116.0,32.0,230.27,73.0,32.0,112.0,126.0,1.746304669857598,118.0,150.0,238,-14.0,-21.0,-0.06
07:42:44,116.04,55.0,130.0,70.0,113.28,85.0,131.36,67.0,13.959999999999994,140.0,137.0,5.51961955210363,116.04,130.0,277,3.0,39.0,0.01
07:42:45,113.0,63.0,128.27,22.0,112.0,32.0,129.25,40.0,15.27000000000001,95.0,62.0,6.878334100635312,113.0,128.27,157,33.0,-120.0,0.21
07:42:46,113.0,122.0,123.74,43.0,112.0,44.0,125.41,34.0,10.739999999999995,166.0,77.0,7.654846830600893,113.0,123.74,243,89.0,86.0,0.37
07:42:47,113.0,55.0,121.14,21.0,112.0,36.0,122.1,42.0,8.14,91.0,63.0,6.7536989864783274,113.0,121.14,154,28.0,-89.0,0.18
07:42:48,113.0,60.0,117.44,52.0,112.0,48.0,118.02,42.0,4.439999999999998,108.0,94.0,3.048266720606328,113.0,117.44,202,14.0,48.0,0.07
07:42:49,114.86,124.0,206.96,56.0,111.84,38.0,338.73,41.0,92.10000000000001,162.0,97.0,19.368989906548062,114.86,206.96,259,65.0,57.0,0.25
07:42:51,116.0,195.0,260.77,31.0,111.75,16.0,342.88,34.0,144.76999999999998,211.0,65.0,79.98547105568606,116.0,260.77,276,146.0,-40.0,0.53
07:42:52,117.3,129.0,157.0,18.0,116.31,65.0,158.0,18.0,39.7,194.0,36.0,76.56711761585383,117.3,157.0,230,158.0,-46.0,0.69
07:42:53,118.0,112.0,156.12,16.0,117.0,64.0,190.29,17.0,38.120000000000005,176.0,33.0,72.27791239375966,118.0,156.12,209,143.0,-21.0,0.68
07:42:54,118.0,124.0,149.9,20.0,117.0,80.0,222.2,25.0,31.900000000000006,204.0,45.0,75.6194444570971,118.0,149.9,249,159.0,40.0,0.64
07:42:55,118.0,69.0,153.25,24.0,117.0,96.0,279.95,44.0,35.25,165.0,68.0,23.49022839395075,118.0,153.25,233,97.0,-16.0,0.42
07:42:56,118.0,28.0,152.14,14.0,117.0,56.0,240.0,28.0,34.139999999999986,84.0,42.0,1.3595403634915577,118.0,152.14000000000001,126,42.0,-107.0,0.33
07:42:57,118.33,24.0,139.33,36.0,117.5,64.0,236.62,32.0,21.000000000000014,88.0,68.0,3.1546838193330276,118.33,139.33,156,20.0,30.0,0.13
07:42:58,119.83,24.0,150.07,28.0,118.38,26.0,298.29,42.0,30.239999999999995,50.0,70.0,2.779564714116461,119.83,150.07,120,-20.0,-36.0,-0.17
07:42:59,120.0,19.0,147.4,20.0,119.0,10.0,267.25,24.0,27.400000000000006,29.0,44.0,2.775829605714532,120.0,147.4,73,-15.0,-47.0,-0.21
07:43:00,120.0,11.0,146.09,22.0,119.0,11.0,169.45,22.0,26.090000000000003,22.0,44.0,2.54444492963808,120.0,146.09,66,-22.0,-7.0,-0.33
07:43:01,120.0,8.0,145.5,16.0,119.0,8.0,180.0,16.0,25.5,16.0,32.0,2.2997130255665854,120.0,145.5,48,-16.0,-18.0,-0.33
07:43:02,120.0,13.0,144.69,26.0,119.0,13.0,162.4,50.0,24.689999999999998,26.0,76.0,1.0163660757626352,120.0,144.69,102,-50.0,54.0,-0.49
07:43:03,118.77,13.0,142.67,18.0,117.27,37.0,157.14,35.0,23.89999999999999,50.0,53.0,1.1174658831304534,118.77,142.67,103,-3.0,1.0,-0.03
07:43:04,118.0,18.0,142.0,18.0,117.0,72.0,220.09,33.0,24.0,90.0,51.0,1.338891332394078,118.0,142.0,141,39.0,38.0,0.28
07:43:05,118.0,22.0,141.27,22.0,117.0,88.0,415.46,48.0,23.27000000000001,110.0,70.0,1.3937969722881094,118.0,141.27,180,40.0,39.0,0.22
07:43:06,118.0,24.0,137.15,33.0,117.0,96.0,269.94,36.0,19.150000000000006,120.0,69.0,1.7327781161933855,118.0,137.15,189,51.0,9.0,0.27
07:43:07,118.1,29.0,133.11,27.0,116.22,121.0,134.29,21.0,15.01000000000002,150.0,48.0,2.0890189084729855,118.1,133.11,198,102.0,9.0,0.52
07:43:08,117.0,9.0,130.76,21.0,116.0,180.0,131.8,10.0,13.759999999999991,189.0,31.0,2.616661995741256,117.0,130.76,220,158.0,22.0,0.72
07:43:09,116.47,32.0,127.25,48.0,115.93,307.0,128.36,50.0,10.780000000000001,339.0,98.0,3.0464372634202297,116.47,127.25,437,241.0,169.5,0.55
07:43:10,116.0,221.0,123.76,21.0,113.0,91.0,124.38,85.0,7.760000000000005,312.0,106.0,3.0287654250459655,116.0,123.76,418,206.0,-19.0,0.49
07:43:11,116.0,190.0,121.27,30.0,113.0,105.0,123.21,78.0,5.269999999999996,295.0,108.0,2.847519973582709,116.0,121.27,403,187.0,-15.0,0.46
07:43:12,117.21,91.0,119.11,36.0,115.4,105.0,120.33,18.0,1.9000000000000057,196.0,54.0,2.378512139962984,117.20999999999998,119.11,250,142.0,-153.0,0.57
07:43:13,116.11,184.0,117.81,21.0,113.56,129.0,126.53,30.0,1.7000000000000028,313.0,51.0,1.8648109823652979,116.11000000000001,117.81000000000002,364,262.0,114.0,0.72
07:43:14,116.0,135.0,222.15,34.0,113.0,100.0,255.36,47.0,106.15,235.0,81.0,22.68107911894753,116.0,222.15,316,154.0,-48.0,0.49
07:43:15,116.0,90.0,274.11,38.0,113.0,72.0,367.8,20.0,158.11,162.0,58.0,36.31874213130144,116.0,274.11,220,104.0,-96.0,0.47
07:43:16,116.0,63.0,261.17,24.0,113.0,49.0,356.14,14.0,145.17000000000002,112.0,38.0,37.75228642082466,116.0,261.17,150,74.0,-70.0,0.49
07:43:17,116.73,22.0,248.0,24.0,115.16,50.0,325.0,12.0,131.26999999999998,72.0,36.0,31.379845920590373,116.73,248.0,108,36.0,-42.0,0.33
07:43:18,120.0,8.0,248.04,27.0,116.0,72.0,326.25,16.0,128.04,80.0,43.0,9.598235775391355,120.0,248.04,123,37.0,15.0,0.3
07:43:19,116.43,37.0,257.89,61.0,114.09,99.0,453.95,42.0,141.45999999999998,136.0,103.0,4.919164563216532,116.42999999999999,257.89,239,33.0,116.0,0.14
07:43:20,113.69,52.0,287.23,52.0,112.33,84.0,447.05,38.0,173.54000000000002,136.0,90.0,7.117097723089531,113.69,287.23,226,46.0,-13.0,0.2
07:43:21,113.0,10.0,295.0,30.0,112.0,49.0,401.28,29.0,182.0,59.0,59.0,9.934877955969496,113.0,295.0,118,0.0,-108.0,0.0
07:43:22,112.72,25.0,286.95,43.0,111.85,74.0,401.54,41.0,174.23,99.0,84.0,8.89124738155516,112.72,286.95,183,15.0,65.0,0.08
07:43:23,112.0,46.0,345.41,44.0,111.0,110.0,418.16,31.0,233.41000000000003,156.0,75.0,15.194634579351302,112.0,345.41,231,81.0,48.0,0.35
07:43:25,115.53,17.0,264.43,21.0,111.48,21.0,491.27,22.0,148.9,38.0,43.0,32.12524676948068,115.53,264.43,81,-5.0,-90.0,-0.06
07:43:26,115.27,22.0,199.0,40.0,111.35,34.0,411.0,24.0,83.73,56.0,64.0,42.556223046694626,115.27,199.0,120,-8.0,39.0,-0.07
07:43:27,116.0,10.0,199.0,50.0,112.0,20.0,417.8,20.0,83.0,30.0,70.0,48.64441262879033,116.0,199.0,100,-40.0,-20.0,-0.4
07:43:28,116.0,10.0,243.73,44.0,112.0,20.0,310.08,26.0,127.72999999999999,30.0,70.0,46.46190783857255,116.0,243.73,100,-40.0,0.0,-0.4
07:43:29,116.69,13.0,266.25,16.0,113.09,11.0,311.92,26.0,149.56,24.0,42.0,16.913973513045285,116.69,266.25,66,-18.0,-34.0,-0.27
07:43:30,116.56,27.0,281.59,27.0,114.29,14.0,304.88,34.0,165.02999999999997,41.0,61.0,19.23093003471228,116.56,281.59,102,-20.0,36.0,-0.2
07:43:31,117.0,21.0,192.73,22.0,112.05,19.0,293.32,25.0,75.72999999999999,40.0,47.0,19.837284844453848,117.0,192.73,87,-7.0,-15.0,-0.08
07:43:32,120.0,84.0,122.11,27.0,113.0,7.0,153.73,22.0,2.1099999999999994,91.0,49.0,31.72097145422871,120.0,122.11,140,42.0,53.0,0.3
07:43:33,120.0,120.0,121.92,39.0,113.0,10.0,122.87,31.0,1.9200000000000017,130.0,70.0,37.25600394567275,120.0,121.92,200,60.0,60.0,0.3
07:43:34,120.0,107.0,121.0,27.0,115.0,9.0,122.0,36.0,1.0,116.0,63.0,34.487168628346,120.0,121.0,179,53.0,-21.0,0.3
07:43:35,120.0,94.0,185.27,37.0,116.0,15.0,250.12,40.0,65.27000000000001,109.0,77.0,18.04386543953277,120.0,185.27,186,32.0,7.0,0.17
07:43:36,119.48,23.0,227.0,8.0,113.75,20.0,249.0,8.0,107.52,43.0,16.0,24.182898916382385,119.48,227.0,59,27.0,-127.0,0.46
07:43:37,116.0,7.0,227.0,7.0,113.0,35.0,389.31,13.0,111.0,42.0,20.0,25.971040025381672,116.0,227.0,62,22.0,3.0,0.35
07:43:38,117.63,27.0,217.91,11.0,113.41,29.0,406.33,12.0,100.28,56.0,23.0,22.029273705685007,117.63,217.90999999999997,79,33.0,17.0,0.42
07:43:39,118.53,19.0,245.4,15.0,117.82,33.0,523.49,43.0,126.87,52.0,58.0,10.729180770217056,118.53000000000002,245.4,110,-6.0,31.0,-0.05
