Time,Bid1_Price,Bid1_Volume,Ask1_Price,Ask1_Volume,Bid2_Price,Bid2_Volume,Ask2_Price,Ask2_Volume,Bid_Ask_Spread,Market_Depth_Bid,Market_Depth_Ask,Historical_Volatility,Weighted_Avg_Bid_Price,Weighted_Avg_Ask_Price,Total_volume,Cumulative_Volume_Difference,Total_Volume_Change_Corrected,Order_imbalance
07:30:09,142.0,54.0,316.82,17.0,141.0,12.0,467.33,18.0,174.82,66.0,35.0,48.78367073109605,142.0,316.82,101,31.0,23.0,0.31
07:30:10,143.33,6.0,317.0,12.0,142.0,27.0,318.0,6.0,173.67,33.0,18.0,56.87225307652228,143.33,317.0,51,15.0,-50.0,0.29
07:30:11,144.0,16.0,249.53,30.0,142.0,72.0,261.8,20.0,105.53,88.0,50.0,60.88323685547605,144.0,249.53,138,38.0,87.0,0.28
07:30:12,144.17,6.0,170.4,20.0,142.0,54.0,171.8,20.0,26.230000000000018,60.0,40.0,55.74496273207111,144.17,170.4,100,20.0,-38.0,0.2
07:30:13,145.0,5.0,165.14,14.0,142.0,45.0,166.38,16.0,20.139999999999986,50.0,30.0,36.8557159745947,145.0,165.14000000000001,80,20.0,-20.0,0.25
07:30:14,142.05,63.0,150.53,30.0,141.36,25.0,162.47,34.0,8.47999999999999,88.0,64.0,35.46386160586569,142.05,150.53,152,24.0,72.0,0.16
07:30:15,142.0,24.0,143.83,24.0,141.0,12.0,146.67,24.0,1.8300000000000125,36.0,48.0,21.58048261740211,142.0,143.83,84,-12.0,-68.0,-0.14
07:30:16,141.73,30.0,144.6,40.0,139.4,20.0,148.25,32.0,2.8700000000000045,50.0,72.0,6.7765795206722395,141.73,144.6,122,-22.0,38.0,-0.18
07:30:17,141.26,19.0,145.46,26.0,138.67,24.0,147.22,46.0,4.200000000000017,43.0,72.0,5.164365401479102,141.26,145.46,115,-29.0,-7.0,-0.25
07:30:18,142.78,9.0,145.0,18.0,141.0,18.0,147.16,38.0,2.219999999999999,27.0,56.0,1.3687329907598693,142.78,145.0,83,-29.0,-32.0,-0.35
07:30:19,142.27,22.0,145.85,52.0,140.11,36.0,151.36,100.0,3.579999999999984,58.0,152.0,0.481819468260106,142.27,145.85,210,-94.0,127.0,-0.45
07:30:20,139.21,38.0,147.31,26.0,136.75,81.0,152.2,60.0,8.099999999999994,119.0,86.0,0.40008749042484504,139.21,147.31,205,33.0,-5.0,0.16
07:30:21,138.57,75.0,144.67,15.0,136.83,115.0,147.74,57.0,6.099999999999994,190.0,72.0,0.9661883874247543,138.57,144.67,262,118.0,57.0,0.45
07:30:22,137.0,154.0,142.36,14.0,134.83,23.0,143.43,14.0,5.360000000000014,177.0,28.0,1.8486535640823583,137.0,142.36,205,149.0,-57.0,0.73
07:30:23,137.0,132.0,141.0,12.0,135.0,12.0,143.6,20.0,4.0,144.0,32.0,2.1923229689063515,137.0,141.0,176,112.0,-29.0,0.64
07:30:24,137.0,99.0,140.89,9.0,135.0,9.0,144.0,18.0,3.8899999999999864,108.0,27.0,1.8860010604435724,137.0,140.89,135,81.0,-41.0,0.6
07:30:25,137.0,76.0,140.0,11.0,131.71,17.0,143.83,24.0,3.0,93.0,35.0,1.2327692403666777,137.0,140.0,128,58.0,-7.0,0.45
07:30:26,137.0,96.0,138.5,44.0,135.0,16.0,143.4,60.0,1.5,112.0,104.0,0.7111821145066735,137.0,138.5,216,8.0,88.0,0.04
07:30:27,138.45,44.0,143.25,48.0,138.12,32.0,144.81,32.0,4.800000000000011,76.0,80.0,1.1443644524338403,138.45,143.25,156,-4.0,-60.0,-0.03
07:30:28,143.0,20.0,144.0,60.0,142.0,40.0,145.0,20.0,1.0,60.0,80.0,2.311183679415011,143.0,144.0,140,-20.0,-16.0,-0.14
07:30:29,142.05,37.0,143.76,63.0,140.77,88.0,144.35,46.0,1.7099999999999795,125.0,109.0,2.5636438910258925,142.05,143.76,234,16.0,94.0,0.07
07:30:30,142.0,10.0,143.0,20.0,141.0,60.0,144.82,22.0,1.0,70.0,42.0,2.3169527401296794,142.0,143.0,112,28.0,-122.0,0.25
07:30:31,142.0,8.0,143.0,16.0,141.0,48.0,145.0,16.0,1.0,56.0,32.0,0.9847690084453724,142.0,143.0,88,24.0,-24.0,0.27
07:30:32,142.52,23.0,144.73,30.0,141.06,70.0,148.0,60.0,2.2099999999999795,93.0,90.0,0.5372801876065356,142.52,144.73,183,3.0,95.0,0.02
07:30:33,142.0,12.0,144.0,24.0,141.0,72.0,148.5,48.0,2.0,84.0,72.0,0.46440284236265256,142.0,144.0,156,12.0,-27.0,0.08
07:30:34,142.0,11.0,143.0,33.0,141.0,66.0,144.0,22.0,1.0,77.0,55.0,0.498878742776744,142.0,143.0,132,22.0,-24.0,0.17
07:30:35,141.01,91.0,143.12,33.0,137.48,124.0,145.72,36.0,2.1100000000000136,215.0,69.0,0.5966154540359345,141.01,143.12,284,146.0,152.0,0.51
07:30:36,141.0,46.0,142.22,18.0,137.0,108.0,148.08,26.0,1.2199999999999989,154.0,44.0,0.7881433879659782,141.0,142.22,198,110.0,-86.0,0.56
07:30:37,137.21,116.0,161.28,29.0,136.57,46.0,200.78,37.0,24.069999999999993,162.0,66.0,3.1482264848632693,137.21,161.28,228,96.0,30.0,0.42
07:30:38,138.0,20.0,144.0,20.0,137.0,100.0,146.0,20.0,6.0,120.0,40.0,3.3756969650717354,138.0,144.0,160,80.0,-68.0,0.5
07:30:39,138.12,16.0,143.07,30.0,137.0,80.0,144.25,16.0,4.949999999999989,96.0,46.0,3.5863811844245626,138.12,143.07,142,50.0,-18.0,0.35
07:30:40,139.82,34.0,142.8,60.0,137.0,172.0,144.0,34.0,2.980000000000018,206.0,94.0,3.6461719652252453,139.82,142.8,300,112.0,158.0,0.37
07:30:41,141.0,20.0,142.0,20.0,137.0,101.0,144.71,35.0,1.0,121.0,55.0,3.655106017613517,141.0,142.0,176,66.0,-124.0,0.38
07:30:42,141.0,60.0,142.0,18.0,137.0,90.0,145.0,45.0,1.0,150.0,63.0,0.38421348231754876,141.0,142.0,213,87.0,37.0,0.41
07:30:43,137.0,30.0,145.0,15.0,135.0,3.0,146.0,6.0,8.0,33.0,21.0,0.38421348231754876,137.0,145.0,54,12.0,-159.0,0.22
07:30:44,137.0,150.0,145.0,75.0,135.0,15.0,146.0,30.0,8.0,165.0,105.0,0.25143587650645915,137.0,145.0,270,60.0,180.0,0.22
07:30:45,137.0,90.0,145.0,45.0,135.0,9.0,146.0,18.0,8.0,99.0,63.0,0.2738612787426704,137.0,145.0,162,36.0,-108.0,0.22
07:30:46,139.88,51.0,145.0,30.0,136.82,33.0,146.0,12.0,5.1200000000000045,84.0,42.0,0.6266737588207811,139.88,145.0,126,42.0,-36.0,0.33
07:30:47,142.85,61.0,145.0,50.0,136.98,91.0,146.0,20.0,2.1500000000000057,152.0,70.0,1.3075855612519407,142.85,145.0,222,82.0,96.0,0.37
07:30:48,138.06,85.0,143.92,39.0,136.62,37.0,144.86,28.0,5.859999999999985,122.0,67.0,1.3092631515453819,138.06,143.92,189,55.0,-33.0,0.29
07:30:49,142.82,34.0,144.0,70.0,138.15,104.0,145.0,32.0,1.1800000000000068,138.0,102.0,1.3509367120611238,142.82,144.0,240,36.0,51.0,0.15
07:30:50,142.0,22.0,143.96,23.0,137.0,90.0,178.87,15.0,1.960000000000008,112.0,38.0,1.1263436420535704,142.0,143.96,150,74.0,-90.0,0.49
07:30:51,142.0,24.0,144.0,48.0,137.5,80.0,315.0,12.0,2.0,104.0,60.0,1.115602975970615,142.0,144.0,164,44.0,14.0,0.27
07:30:52,142.91,92.0,144.0,32.0,141.64,22.0,281.96,23.0,1.0900000000000034,114.0,55.0,1.0187099685359398,142.91,144.0,169,59.0,5.0,0.35
07:30:54,142.17,53.0,219.17,58.0,137.7,57.0,379.5,28.0,77.0,110.0,86.0,75.6029369138527,142.17,219.17,196,24.0,10.0,0.12
07:30:55,143.5,48.0,145.0,36.0,141.0,12.0,257.0,12.0,1.5,60.0,48.0,75.42609608086575,143.5,145.0,108,12.0,-88.0,0.11
07:30:56,142.75,20.0,327.61,33.0,137.87,46.0,517.57,35.0,184.86,66.0,68.0,73.59199868192186,142.75,327.61,134,-2.0,26.0,-0.01
07:30:57,144.0,1.0,187.0,1.0,141.0,1.0,382.0,4.0,43.0,2.0,5.0,69.59282312135346,144.0,187.0,7,-3.0,-127.0,-0.43
07:30:58,140.45,53.0,240.12,8.0,135.65,31.0,382.0,32.0,99.67000000000002,84.0,40.0,33.87100338047268,140.45,240.12,124,44.0,117.0,0.35
07:30:59,143.0,55.0,367.0,15.0,136.0,20.0,423.71,14.0,224.0,75.0,29.0,46.465307811312194,143.0,367.0,104,46.0,-20.0,0.44
07:31:00,143.0,88.0,256.75,32.0,136.0,32.0,353.52,25.0,113.75,120.0,57.0,35.80061591648932,143.0,256.75,177,63.0,73.0,0.36
07:31:01,143.0,99.0,147.0,49.0,136.0,36.0,169.33,9.0,4.0,135.0,58.0,41.657888568673165,143.0,147.0,193,77.0,16.0,0.4
07:31:02,143.0,55.0,144.0,20.0,136.0,20.0,147.0,30.0,1.0,75.0,50.0,45.979926924691725,143.0,144.0,125,25.0,-68.0,0.2
07:31:03,143.0,86.0,144.0,36.0,136.74,61.0,147.0,54.0,1.0,147.0,90.0,49.68724061567509,143.0,144.0,237,57.0,112.0,0.24
07:31:04,143.0,60.0,144.0,40.0,137.05,82.0,147.0,60.0,1.0,142.0,100.0,25.054617937617675,143.0,144.0,242,42.0,5.0,0.17
07:31:05,143.0,57.0,144.0,20.0,141.0,5.0,147.0,30.0,1.0,62.0,50.0,0.670820393245533,143.0,144.0,112,12.0,-130.0,0.11
07:31:06,143.0,90.0,144.0,24.0,141.67,9.0,147.0,36.0,1.0,99.0,60.0,0.0,143.0,144.0,159,39.0,47.0,0.25
07:31:07,143.0,100.0,144.0,48.0,141.59,17.0,147.0,12.0,1.0,117.0,60.0,0.0,143.0,144.0,177,57.0,18.0,0.32
07:31:08,143.0,45.0,144.0,36.0,141.0,9.0,147.0,9.0,1.0,54.0,45.0,0.0,143.0,144.0,99,9.0,-78.0,0.09
07:31:09,143.0,40.0,144.0,32.0,141.0,8.0,147.0,8.0,1.0,48.0,40.0,0.0,143.0,144.0,88,8.0,-11.0,0.09
07:31:10,143.0,45.0,144.0,36.0,141.0,9.0,147.0,9.0,1.0,54.0,45.0,0.0,143.0,144.0,99,9.0,11.0,0.09
07:31:11,143.0,17.0,144.0,40.0,141.0,9.0,147.0,12.0,1.0,26.0,52.0,0.0,143.0,144.0,78,-26.0,-21.0,-0.33
07:31:12,141.86,14.0,144.0,60.0,137.24,85.0,147.0,10.0,2.1399999999999864,99.0,70.0,0.25491174942339034,141.86,144.0,169,29.0,91.0,0.17
07:31:13,142.13,23.0,143.91,66.0,141.0,13.0,145.32,28.0,1.7800000000000011,36.0,94.0,0.2893095228195743,142.13,143.91,130,-58.0,-39.0,-0.45
07:31:14,141.62,13.0,144.0,42.0,137.28,85.0,145.6,10.0,2.3799999999999955,98.0,52.0,0.32629741033922577,141.62,144.0,150,46.0,20.0,0.31
07:31:15,142.33,15.0,144.0,40.0,138.6,25.0,145.0,10.0,1.6699999999999875,40.0,50.0,0.26613906138348675,142.33,144.0,90,-10.0,-60.0,-0.11
07:31:16,141.0,7.0,144.0,28.0,138.0,28.0,145.0,7.0,3.0,35.0,35.0,0.2526459973838459,141.0,144.0,70,0.0,-20.0,0.0
07:31:17,141.9,31.0,143.57,35.0,139.11,19.0,144.37,19.0,1.6699999999999875,50.0,54.0,0.2585923432626688,141.9,143.57,104,-4.0,34.0,-0.04
07:31:18,142.1,59.0,143.21,42.0,141.12,16.0,146.18,28.0,1.1100000000000136,75.0,70.0,0.2486563894093187,142.1,143.21,145,5.0,41.0,0.03
07:31:19,142.95,37.0,144.34,29.0,138.94,31.0,146.9,48.0,1.3900000000000148,68.0,77.0,0.4660793923722387,142.95,144.33999999999997,145,-9.0,0.0,-0.06
07:31:20,141.0,12.0,144.0,36.0,137.0,195.0,146.55,66.0,3.0,207.0,102.0,0.4809365862502878,141.0,144.0,309,105.0,164.0,0.34
07:31:21,141.0,14.0,143.19,16.0,137.21,189.0,145.05,44.0,2.1899999999999977,203.0,60.0,0.5731230234374416,141.0,143.19,263,143.0,-46.0,0.54
07:31:22,141.0,12.0,144.53,40.0,137.0,228.0,145.11,38.0,3.530000000000001,240.0,78.0,0.5732974794939136,141.0,144.53,318,162.0,55.0,0.51
07:31:23,141.0,9.0,144.7,23.0,137.0,171.0,145.04,49.0,3.6999999999999886,180.0,72.0,0.5736287998297123,141.0,144.7,252,108.0,-66.0,0.43
07:31:24,137.24,101.0,143.57,14.0,136.88,129.0,144.93,43.0,6.329999999999984,230.0,57.0,1.0057584202948733,137.24,143.57,287,173.0,35.0,0.6
07:31:25,137.0,171.0,143.64,11.0,136.0,27.0,144.95,37.0,6.639999999999986,198.0,48.0,1.2441181615883672,137.0,143.64,246,150.0,-41.0,0.61
07:31:26,137.26,122.0,143.0,10.0,136.81,94.0,145.0,50.0,5.740000000000009,216.0,60.0,1.385016245389919,137.26,143.0,276,156.0,30.0,0.57
07:31:27,141.0,16.0,142.0,8.0,137.0,152.0,145.0,40.0,1.0,168.0,48.0,1.1449672484372544,141.0,142.0,216,120.0,-60.0,0.56
07:31:28,141.0,24.0,142.0,12.0,137.0,165.0,145.28,50.0,1.0,189.0,62.0,0.6735725647574726,141.0,142.0,251,127.0,35.0,0.51
07:31:29,137.1,78.0,142.0,10.0,134.88,48.0,145.86,28.0,4.900000000000006,126.0,38.0,0.8691662671744346,137.1,142.0,164,88.0,-87.0,0.54
07:31:30,137.0,64.0,142.0,8.0,134.0,34.0,145.0,40.0,5.0,98.0,48.0,1.0023622099789724,137.0,142.0,146,50.0,-18.0,0.34
07:31:31,137.0,64.0,143.38,13.0,134.0,16.0,145.09,44.0,6.3799999999999955,80.0,57.0,0.9981332576334332,137.0,143.38,137,23.0,-9.0,0.17
07:31:32,140.5,80.0,145.0,66.0,136.59,74.0,147.0,26.0,4.5,154.0,92.0,1.4022374977135446,140.5,145.0,246,62.0,109.0,0.25
07:31:33,143.95,19.0,145.0,55.0,137.74,73.0,147.0,22.0,1.0500000000000114,92.0,77.0,2.2184273709080444,143.95,145.0,169,15.0,-77.0,0.09
07:31:34,139.57,21.0,145.0,60.0,136.92,78.0,147.0,24.0,5.430000000000007,99.0,84.0,2.0090793911625355,139.57,145.0,183,15.0,14.0,0.08
07:31:35,137.0,9.0,144.67,24.0,136.0,12.0,145.81,16.0,7.6699999999999875,21.0,40.0,1.6834726014978778,137.0,144.67,61,-19.0,-122.0,-0.31
07:31:36,135.55,20.0,143.0,20.0,133.79,38.0,144.0,30.0,7.449999999999989,58.0,50.0,1.9676076844721861,135.55,143.0,108,8.0,47.0,0.07
07:31:37,137.53,15.0,143.0,18.0,135.5,32.0,144.0,27.0,5.469999999999999,47.0,45.0,2.0192374798408284,137.53,143.0,92,2.0,-16.0,0.02
07:31:38,139.44,9.0,142.94,17.0,138.0,36.0,143.95,40.0,3.5,45.0,57.0,1.1136067528503455,139.44,142.94,102,-12.0,10.0,-0.12
07:31:39,138.44,45.0,144.27,41.0,137.6,43.0,144.91,35.0,5.8300000000000125,88.0,76.0,0.8409696784033823,138.44,144.27,164,12.0,62.0,0.07
07:31:40,141.11,53.0,144.88,48.0,136.64,22.0,145.92,26.0,3.769999999999982,75.0,74.0,1.3798079576498798,141.11,144.88,149,1.0,-15.0,0.01
07:31:41,143.0,70.0,144.85,41.0,138.0,28.0,145.83,24.0,1.8499999999999943,98.0,65.0,1.4790267069914622,143.0,144.85,163,33.0,14.0,0.2
07:31:42,143.0,90.0,145.0,63.0,138.0,36.0,147.0,18.0,2.0,126.0,81.0,1.3566981978295873,143.0,145.0,207,45.0,44.0,0.22
07:31:43,143.0,81.0,144.0,10.0,138.0,40.0,145.0,56.0,1.0,121.0,66.0,1.082002772636954,143.0,144.0,187,55.0,-20.0,0.29
07:31:44,143.0,34.0,144.88,34.0,140.7,40.0,145.38,32.0,1.8799999999999955,74.0,66.0,0.43031383895251946,143.0,144.88,140,8.0,-47.0,0.06
07:31:45,143.0,21.0,145.0,35.0,141.0,28.0,146.0,14.0,2.0,49.0,49.0,0.21161285403785376,143.0,145.0,98,0.0,-42.0,0.0
07:31:46,143.0,21.0,145.0,35.0,141.94,143.0,146.0,14.0,2.0,164.0,49.0,0.21844907872098207,143.0,145.0,213,115.0,115.0,0.54
07:31:47,143.0,31.0,144.7,50.0,142.0,270.0,145.48,29.0,1.6999999999999886,301.0,79.0,0.209332271745296,143.0,144.7,380,222.0,167.0,0.58
07:31:48,142.0,270.0,144.68,38.0,141.0,40.0,145.83,24.0,2.680000000000007,310.0,62.0,0.27853186531175167,142.0,144.68,372,248.0,-8.0,0.67
07:31:49,142.0,108.0,143.9,10.0,141.0,16.0,145.33,9.0,1.9000000000000057,124.0,19.0,0.4660150212107353,142.0,143.9,143,105.0,-180.0,0.73
07:31:50,142.0,161.0,143.38,8.0,141.0,24.0,144.24,17.0,1.3799999999999955,185.0,25.0,0.562787704195845,142.0,143.38,210,160.0,67.0,0.76
07:31:51,142.28,36.0,144.55,29.0,141.98,264.0,146.22,18.0,2.2700000000000102,300.0,47.0,0.44645268505635066,142.28,144.55,347,253.0,137.0,0.73
07:31:52,143.0,11.0,145.29,28.0,142.0,286.0,146.69,13.0,2.289999999999992,297.0,41.0,0.5508448057248279,143.0,145.29,338,256.0,-9.0,0.76
07:31:53,143.0,10.0,144.0,50.0,142.0,260.0,146.0,20.0,1.0,270.0,70.0,0.5579157642458438,143.0,144.0,340,200.0,2.0,0.59
07:31:54,143.0,11.0,144.0,55.0,142.0,286.0,146.59,17.0,1.0,297.0,72.0,0.5148494925645959,143.0,144.0,369,225.0,29.0,0.61
07:31:55,142.16,62.0,144.0,35.0,141.94,138.0,146.91,11.0,1.8400000000000034,200.0,46.0,0.38429155597542874,142.16,144.0,246,154.0,-123.0,0.63
07:31:56,143.0,48.0,144.0,40.0,142.0,208.0,146.0,24.0,1.0,256.0,64.0,0.37957871383155234,143.0,144.0,320,192.0,74.0,0.6
07:31:57,142.24,102.0,144.62,29.0,141.9,116.0,146.4,15.0,2.3799999999999955,218.0,44.0,0.18253766732930382,142.24,144.62,262,174.0,-58.0,0.66
07:31:58,142.0,182.0,145.0,9.0,141.0,28.0,146.11,19.0,3.0,210.0,28.0,0.18253766732930382,142.0,145.0,238,182.0,-24.0,0.76
07:31:59,142.0,338.0,145.61,31.0,141.0,52.0,148.44,64.0,3.6100000000000136,390.0,95.0,0.26024987991163406,142.0,145.61,485,295.0,180.0,0.61
07:32:00,142.0,364.0,145.65,26.0,141.0,56.0,147.11,54.0,3.6500000000000057,420.0,80.0,0.19034179781123778,142.0,145.65,500,340.0,15.0,0.68
07:32:01,142.0,312.0,145.91,23.0,141.0,48.0,148.6,42.0,3.9099999999999966,360.0,65.0,0.2287575135247074,142.0,145.91,425,295.0,-75.0,0.69
07:32:02,142.0,156.0,145.0,38.0,141.0,24.0,146.5,8.0,3.0,180.0,46.0,0.20892582414341881,142.0,145.0,226,134.0,-180.0,0.59
07:32:03,142.0,196.0,145.0,56.0,141.0,32.0,147.0,8.0,3.0,228.0,64.0,0.20892582414341881,142.0,145.0,292,164.0,66.0,0.56
07:32:04,142.0,146.0,145.0,49.0,141.0,28.0,147.0,7.0,3.0,174.0,56.0,0.22117866080166168,142.0,145.0,230,118.0,-62.0,0.51
07:32:05,142.0,100.0,145.0,35.0,141.0,20.0,147.0,5.0,3.0,120.0,40.0,0.20571825391546425,142.0,145.0,160,80.0,-70.0,0.5
07:32:06,142.0,180.0,145.0,63.0,141.0,36.0,147.0,9.0,3.0,216.0,72.0,0.0,142.0,145.0,288,144.0,128.0,0.5
07:32:07,142.0,280.0,144.81,86.0,141.0,56.0,145.53,38.0,2.8100000000000023,336.0,124.0,0.04024922352100812,142.0,144.81,460,212.0,172.0,0.46
07:32:08,142.0,280.0,143.43,56.0,141.0,56.0,145.0,94.0,1.4300000000000068,336.0,150.0,0.3454417461657857,142.0,143.43,486,186.0,26.0,0.38
07:32:09,142.0,240.0,143.0,39.0,141.0,48.0,145.0,60.0,1.0,288.0,99.0,0.4809677743821345,142.0,143.0,387,189.0,-99.0,0.49
07:32:10,142.0,231.0,144.75,40.0,141.0,48.0,145.36,39.0,2.75,279.0,79.0,0.4600543446095338,142.0,144.75,358,200.0,-29.0,0.56
07:32:11,142.0,209.0,145.0,55.0,141.0,44.0,146.0,22.0,3.0,253.0,77.0,0.4600543446095338,142.0,145.0,330,176.0,-28.0,0.53
07:32:12,143.76,66.0,145.0,35.0,142.51,78.0,146.0,14.0,1.240000000000009,144.0,49.0,0.7417411947533129,143.76,145.0,193,95.0,-137.0,0.49
07:32:13,144.0,83.0,145.0,65.0,143.0,104.0,146.53,17.0,1.0,187.0,82.0,0.8175084097390152,144.0,145.0,269,105.0,76.0,0.39
07:32:14,143.56,32.0,145.0,36.0,142.46,105.0,148.0,13.0,1.4399999999999977,137.0,49.0,0.5260418234265718,143.56,145.0,186,88.0,-83.0,0.47
07:32:15,143.0,39.0,145.0,26.0,142.0,247.0,146.0,13.0,2.0,286.0,39.0,0.3986477141461253,143.0,145.0,325,247.0,139.0,0.76
07:32:16,143.0,30.0,145.0,20.0,141.83,115.0,146.0,10.0,2.0,145.0,30.0,0.22565460330761028,143.0,145.0,175,115.0,-150.0,0.66
07:32:17,143.0,24.0,144.67,12.0,141.78,18.0,145.45,11.0,1.6699999999999875,42.0,23.0,0.26593232220610374,143.0,144.67,65,19.0,-110.0,0.29
07:32:18,143.0,27.0,144.6,10.0,142.0,20.0,146.75,28.0,1.5999999999999943,47.0,38.0,0.19084024731160726,143.0,144.6,85,9.0,20.0,0.11
07:32:19,143.0,18.0,146.0,9.0,142.0,18.0,147.0,63.0,3.0,36.0,72.0,0.28085583489389,143.0,146.0,108,-36.0,23.0,-0.33
07:32:20,142.8,20.0,146.0,10.0,141.29,21.0,147.0,70.0,3.1999999999999886,41.0,80.0,0.32508460436312236,142.8,146.0,121,-39.0,13.0,-0.32
07:32:21,142.81,70.0,146.39,18.0,140.52,25.0,147.18,82.0,3.579999999999984,95.0,100.0,0.3819424040269701,142.81,146.39,195,-5.0,74.0,-0.03
07:32:22,144.11,46.0,146.8,61.0,142.95,86.0,148.36,77.0,2.6899999999999977,132.0,138.0,0.5954158210812358,144.11,146.8,270,-6.0,75.0,-0.02
07:32:23,143.44,32.0,146.91,46.0,142.35,31.0,191.66,44.0,3.469999999999999,63.0,90.0,0.4653170961761392,143.44,146.91,153,-27.0,-117.0,-0.18
07:32:24,143.89,27.0,146.65,43.0,142.67,36.0,291.3,40.0,2.7600000000000193,63.0,83.0,0.4569682702264594,143.89,146.65,146,-20.0,-7.0,-0.14
07:32:25,143.0,39.0,146.0,27.0,141.0,18.0,148.0,63.0,3.0,57.0,90.0,0.42628628877054153,143.0,146.0,147,-33.0,1.0,-0.22
07:32:26,143.0,20.0,145.13,46.0,141.0,20.0,146.77,39.0,2.1299999999999955,40.0,85.0,0.5868815894145868,143.0,145.13,125,-45.0,-22.0,-0.36
07:32:27,143.0,15.0,144.93,41.0,141.0,22.0,145.62,39.0,1.9300000000000068,37.0,80.0,0.6094505722319525,143.0,144.93,117,-43.0,-8.0,-0.37
07:32:28,142.0,16.0,143.56,48.0,138.14,56.0,145.86,72.0,1.5600000000000023,72.0,120.0,0.9069895258457763,142.0,143.56,192,-48.0,75.0,-0.25
07:32:29,141.0,9.0,143.0,27.0,137.0,60.0,146.0,72.0,2.0,69.0,99.0,1.0365423290893934,141.0,143.0,168,-30.0,-24.0,-0.18
07:32:30,141.0,6.0,143.0,18.0,137.0,54.0,146.0,48.0,2.0,60.0,66.0,1.0133706133464502,141.0,143.0,126,-6.0,-42.0,-0.05
07:32:31,141.19,48.0,143.0,33.0,137.44,91.0,146.0,88.0,1.8100000000000023,139.0,121.0,0.8450325437486021,141.19,143.0,260,18.0,134.0,0.07
07:32:32,140.16,38.0,143.0,30.0,136.84,74.0,146.0,80.0,2.8400000000000034,112.0,110.0,0.4337049688374575,140.16,143.0,222,2.0,-38.0,0.01
07:32:33,137.06,77.0,141.43,42.0,136.17,65.0,144.78,82.0,4.3700000000000045,142.0,124.0,1.2093097204580856,137.06,141.43,266,18.0,44.0,0.07
07:32:34,137.05,42.0,140.3,30.0,136.43,28.0,143.7,50.0,3.25,70.0,80.0,1.6292851193067837,137.05,140.3,150,-10.0,-116.0,-0.07
07:32:35,137.0,50.0,139.8,30.0,136.0,20.0,142.61,46.0,2.8000000000000114,70.0,76.0,1.714342439536105,137.0,139.8,146,-6.0,-4.0,-0.04
07:32:36,137.0,38.0,138.4,30.0,136.0,20.0,141.83,46.0,1.4000000000000057,58.0,76.0,1.483728411804094,137.0,138.4,134,-18.0,-12.0,-0.13
07:32:37,136.0,18.0,142.12,25.0,135.0,27.0,142.28,39.0,6.1200000000000045,45.0,64.0,0.6098606398143176,136.0,142.12,109,-19.0,-25.0,-0.17
07:32:38,136.0,20.0,139.23,39.0,135.0,30.0,140.98,41.0,3.2299999999999898,50.0,80.0,0.6217716622641727,136.0,139.23,130,-30.0,21.0,-0.23
07:32:39,136.0,20.0,138.92,37.0,135.0,30.0,140.45,29.0,2.9199999999999875,50.0,66.0,0.6704625269131494,136.0,138.92,116,-16.0,-14.0,-0.14
07:32:40,136.23,39.0,163.57,53.0,135.04,47.0,193.36,53.0,27.340000000000003,86.0,106.0,5.378059129462468,136.23,163.57,192,-20.0,76.0,-0.1
07:32:41,137.0,108.0,220.3,50.0,136.0,24.0,286.07,42.0,83.30000000000001,132.0,92.0,17.609265174901363,137.0,220.3,224,40.0,32.0,0.18
07:32:42,137.72,79.0,192.6,75.0,137.67,86.0,338.71,59.0,54.879999999999995,165.0,134.0,17.96219140305529,137.72,192.6,299,31.0,75.0,0.1
07:32:43,140.0,18.0,141.44,45.0,138.0,54.0,150.22,45.0,1.4399999999999977,72.0,90.0,17.307467174603953,140.0,141.44,162,-18.0,-137.0,-0.11
07:32:44,141.0,16.0,142.0,35.0,140.0,14.0,174.0,35.0,1.0,30.0,70.0,16.39019157911198,141.0,142.0,100,-40.0,-62.0,-0.4
07:32:45,139.47,17.0,141.22,23.0,135.33,43.0,145.2,50.0,1.75,60.0,73.0,17.668734533066974,139.47,141.22,133,-13.0,33.0,-0.1
07:32:46,136.85,13.0,141.0,20.0,134.88,51.0,142.0,50.0,4.150000000000006,64.0,70.0,11.125849181073503,136.85,141.0,134,-6.0,1.0,-0.04
07:32:47,136.56,9.0,140.33,18.0,133.82,11.0,141.56,27.0,3.7700000000000102,20.0,45.0,1.2730593073358198,136.56,140.33,65,-25.0,-69.0,-0.38
07:32:48,135.78,18.0,141.31,35.0,124.73,33.0,142.28,43.0,5.530000000000001,51.0,78.0,1.328118970572437,135.78,141.31,129,-27.0,64.0,-0.21
07:32:52,140.88,17.0,142.0,42.0,125.69,13.0,144.0,30.0,1.1200000000000045,30.0,72.0,16.2782993583481,140.88,142.0,102,-42.0,-40.0,-0.41
07:32:53,140.93,30.0,142.0,36.0,138.8,25.0,144.0,55.0,1.0699999999999932,55.0,91.0,17.018112410017626,140.93,142.0,146,-36.0,44.0,-0.25
07:32:54,138.0,14.0,142.0,35.0,134.93,29.0,144.0,35.0,4.0,43.0,70.0,17.906343847921484,138.0,142.0,113,-27.0,-33.0,-0.24
07:32:55,138.0,18.0,142.0,63.0,135.0,38.0,144.0,45.0,4.0,56.0,108.0,12.582165950264482,138.0,142.0,164,-52.0,51.0,-0.32
07:32:56,135.06,69.0,142.0,98.0,134.51,71.0,144.0,70.0,6.939999999999998,140.0,168.0,1.2227714422550067,135.06,142.0,308,-28.0,144.0,-0.09
07:32:57,137.0,9.0,142.0,20.0,134.45,22.0,144.0,20.0,5.0,31.0,40.0,1.0632262223978637,137.0,142.0,71,-9.0,-180.0,-0.13
07:32:58,141.0,13.0,142.0,61.0,136.54,78.0,144.0,65.0,1.0,91.0,126.0,1.0743276967454725,141.0,142.0,217,-35.0,146.0,-0.16
07:32:59,141.0,10.0,143.09,35.0,137.0,69.0,148.6,47.0,2.0900000000000034,79.0,82.0,1.443045390829539,141.0,143.09,161,-3.0,-56.0,-0.02
07:33:00,137.74,43.0,142.89,65.0,136.68,63.0,221.87,60.0,5.149999999999977,106.0,125.0,1.4326967578641228,137.74,142.89,231,-19.0,70.0,-0.08
07:33:01,137.0,30.0,143.71,21.0,135.0,6.0,190.0,21.0,6.710000000000008,36.0,42.0,1.015618038434887,137.0,143.71,78,-6.0,-153.0,-0.08
07:33:02,138.09,55.0,144.0,55.0,136.05,19.0,322.0,22.0,5.909999999999997,74.0,77.0,0.7401891650073552,138.09,144.0,151,-3.0,73.0,-0.02
07:33:03,143.0,33.0,144.0,36.0,137.0,45.0,262.89,18.0,1.0,78.0,54.0,1.3393580551869693,143.0,144.0,132,24.0,-19.0,0.18
07:33:04,143.0,20.0,144.0,20.0,137.0,50.0,295.13,23.0,1.0,70.0,43.0,1.627261503260669,143.0,144.0,113,27.0,-19.0,0.24
07:33:05,140.53,17.0,294.0,14.0,136.81,32.0,561.33,18.0,153.47,49.0,32.0,33.641380471080424,140.53,294.0,81,17.0,-32.0,0.21
07:33:11,144.31,16.0,356.68,25.0,143.32,25.0,481.29,31.0,212.37,41.0,56.0,68.60070626458553,144.31,356.68,97,-15.0,-66.0,-0.15
07:33:12,143.0,45.0,358.47,19.0,141.0,10.0,480.33,12.0,215.47000000000003,55.0,31.0,78.34179854968835,143.0,358.47,86,24.0,-11.0,0.28
07:33:13,143.0,57.0,415.43,28.0,141.0,14.0,584.11,27.0,272.43,71.0,55.0,63.40962087885371,143.0,415.43,126,16.0,40.0,0.13
07:33:14,143.0,42.0,328.43,28.0,141.0,14.0,363.0,28.0,185.43,56.0,56.0,31.14732942003171,143.0,328.43,112,0.0,-14.0,0.0
07:33:15,143.0,26.0,299.0,24.0,141.0,12.0,366.67,24.0,156.0,38.0,48.0,21.600073379504522,143.0,299.0,86,-10.0,-26.0,-0.12
07:33:16,143.0,10.0,326.2,40.0,141.0,20.0,386.0,40.0,183.2,30.0,80.0,22.19762532344352,143.0,326.2,110,-50.0,24.0,-0.45
07:33:17,143.0,8.0,325.0,32.0,141.0,16.0,447.07,28.0,182.0,24.0,60.0,22.236805750826317,143.0,325.0,84,-36.0,-26.0,-0.43
07:33:18,137.42,86.0,320.06,64.0,138.27,22.0,450.45,49.0,182.64000000000001,108.0,113.0,6.104735866520934,137.42,320.06,221,-5.0,137.0,-0.02
07:33:19,137.0,65.0,243.76,49.0,135.0,13.0,251.83,46.0,106.75999999999999,78.0,95.0,18.362218820175055,137.0,243.76,173,-17.0,-48.0,-0.1
07:33:20,141.19,31.0,241.19,27.0,136.94,31.0,243.45,22.0,100.0,62.0,49.0,22.934419983945386,141.19,241.19,111,13.0,-62.0,0.12
07:33:21,142.0,67.0,219.23,47.0,137.0,74.0,235.84,51.0,77.22999999999999,141.0,98.0,24.512402575023067,142.0,219.23,239,43.0,128.0,0.18
07:33:22,142.0,70.0,211.21,56.0,137.0,84.0,238.96,46.0,69.21000000000001,154.0,102.0,20.664548628024804,142.0,211.21,256,52.0,17.0,0.2
07:33:23,142.0,55.0,208.7,40.0,137.0,66.0,214.46,37.0,66.69999999999999,121.0,77.0,7.523546371227182,142.0,208.7,198,44.0,-58.0,0.22
07:33:24,142.0,85.0,207.48,67.0,137.91,70.0,208.46,52.0,65.47999999999999,155.0,119.0,6.817966705698036,142.0,207.48,274,36.0,76.0,0.13
07:33:25,142.0,75.0,171.78,46.0,141.0,30.0,174.32,41.0,29.78,105.0,87.0,9.206707880671022,142.0,171.78,192,18.0,-82.0,0.09
07:33:26,142.0,51.0,143.12,34.0,141.0,22.0,144.1,40.0,1.1200000000000045,73.0,74.0,15.048616215453597,142.0,143.12,147,-1.0,-45.0,-0.01
07:33:27,137.79,19.0,142.75,16.0,135.46,13.0,183.43,21.0,4.960000000000008,32.0,37.0,16.84652397380586,137.79,142.75,69,-5.0,-78.0,-0.07
07:33:28,137.0,108.0,141.44,9.0,135.0,18.0,143.0,27.0,4.439999999999998,126.0,36.0,15.191001612797576,137.0,141.44,162,90.0,93.0,0.56
07:33:29,137.0,72.0,139.33,12.0,135.0,12.0,142.25,12.0,2.3300000000000125,84.0,24.0,7.702361326244134,137.0,139.33,108,60.0,-54.0,0.56
07:33:30,137.0,123.0,178.3,20.0,135.0,24.0,233.58,26.0,41.30000000000001,147.0,46.0,8.03490696897116,137.0,178.3,193,101.0,85.0,0.52
07:33:31,143.4,40.0,169.77,22.0,137.92,86.0,180.0,48.0,26.370000000000005,126.0,70.0,9.839446122623993,143.4,169.77,196,56.0,3.0,0.29
07:33:32,144.75,48.0,153.92,12.0,143.0,36.0,198.34,38.0,9.169999999999987,84.0,50.0,9.249492959077257,144.75,153.92,134,34.0,-62.0,0.25
07:33:33,144.8,41.0,153.0,12.0,142.86,28.0,200.0,48.0,8.199999999999989,69.0,60.0,7.8018664433595015,144.8,153.0,129,9.0,-5.0,0.07
07:33:34,143.0,26.0,151.62,21.0,142.0,13.0,314.59,27.0,8.620000000000005,39.0,48.0,4.7884214517958155,143.0,151.62,87,-9.0,-42.0,-0.1
07:33:35,142.83,12.0,144.95,19.0,141.11,9.0,150.45,33.0,2.119999999999976,21.0,52.0,4.649922580002733,142.83,144.95,73,-31.0,-14.0,-0.42
07:33:36,142.0,10.0,143.05,42.0,139.44,32.0,144.43,14.0,1.0500000000000114,42.0,56.0,3.042079880611309,142.0,143.05,98,-14.0,25.0,-0.14
07:33:37,138.84,43.0,143.04,47.0,136.38,65.0,145.6,15.0,4.199999999999989,108.0,62.0,3.3165298129250367,138.84,143.04,170,46.0,72.0,0.27
07:33:38,137.0,104.0,141.5,20.0,131.0,48.0,145.5,12.0,4.5,152.0,32.0,3.0686756100997488,137.0,141.5,184,120.0,14.0,0.65
07:33:39,137.0,165.0,139.97,33.0,116.81,53.0,143.0,48.0,2.969999999999999,218.0,81.0,2.240408444909433,137.0,139.97,299,137.0,115.0,0.46
07:33:40,137.0,112.0,138.08,13.0,14.0,69.0,143.55,73.0,1.0800000000000125,181.0,86.0,1.9897185730705378,137.0,138.08,267,95.0,-32.0,0.36
07:33:41,137.0,213.0,141.08,25.0,23.57,53.0,143.72,76.0,4.0800000000000125,266.0,101.0,1.2467156853196355,137.0,141.08,367,165.0,100.0,0.45
07:33:42,137.0,132.0,142.0,55.0,135.0,11.0,144.0,55.0,5.0,143.0,110.0,0.7798846068631429,137.0,142.0,253,33.0,-114.0,0.13
07:33:43,137.0,228.0,141.15,54.0,123.8,30.0,143.18,51.0,4.150000000000006,258.0,105.0,0.7554998345612582,137.0,141.15,363,153.0,110.0,0.42
07:33:44,133.88,48.0,138.07,28.0,117.39,31.0,142.02,47.0,4.189999999999998,79.0,75.0,1.4627132323262209,133.88,138.07,154,4.0,-180.0,0.03
07:33:48,126.04,23.0,138.0,77.0,116.0,23.0,139.0,55.0,11.959999999999994,46.0,132.0,2.808668723794954,126.04,138.0,178,-86.0,28.0,-0.48
07:33:49,127.77,13.0,138.0,49.0,81.5,28.0,139.0,35.0,10.230000000000004,41.0,84.0,1.6367284441910779,127.77,138.0,125,-43.0,-53.0,-0.34
07:33:50,130.06,16.0,138.0,50.0,97.45,33.0,139.0,50.0,7.939999999999998,49.0,100.0,1.8674581655351397,130.06,138.0,149,-51.0,24.0,-0.34
07:33:51,134.11,27.0,138.0,45.0,105.0,27.0,139.0,45.0,3.8899999999999864,54.0,90.0,2.186257075465626,134.11,138.0,144,-36.0,-5.0,-0.25
07:33:52,136.21,19.0,138.55,33.0,120.56,27.0,139.86,21.0,2.3400000000000034,46.0,54.0,2.2203783461435354,136.21,138.55,100,-8.0,-44.0,-0.08
07:33:53,137.0,22.0,139.0,30.0,118.0,14.0,142.0,10.0,2.0,36.0,40.0,2.1782332290236552,137.0,139.0,76,-4.0,-24.0,-0.05
07:33:54,137.1,10.0,140.0,18.0,134.96,27.0,208.0,28.0,2.9000000000000057,37.0,46.0,1.8068840582678656,137.1,140.0,83,-9.0,7.0,-0.11
07:33:55,141.2,10.0,240.27,37.0,135.88,16.0,262.62,13.0,99.07000000000002,26.0,50.0,23.828824561862465,141.2,240.26999999999998,76,-24.0,-7.0,-0.32
07:33:56,143.0,7.0,259.89,19.0,137.0,7.0,273.82,22.0,116.88999999999999,14.0,41.0,32.05981175864912,143.0,259.89,55,-27.0,-21.0,-0.49
07:33:57,143.43,23.0,243.62,21.0,137.43,14.0,277.2,20.0,100.19,37.0,41.0,31.44798451411495,143.43,243.62000000000003,78,-4.0,23.0,-0.05
07:33:58,143.0,11.0,206.8,15.0,139.74,35.0,266.12,17.0,63.80000000000001,46.0,32.0,25.012425512133206,143.0,206.8,78,14.0,0.0,0.18
07:33:59,142.1,10.0,249.57,14.0,139.75,16.0,319.87,23.0,107.47,26.0,37.0,9.973468303454402,142.1,249.57,63,-11.0,-15.0,-0.17
07:34:00,139.4,10.0,213.25,12.0,135.89,18.0,248.68,34.0,73.85,28.0,46.0,12.04314203187899,139.4,213.25,74,-18.0,11.0,-0.24
07:34:01,138.69,13.0,212.12,8.0,135.5,20.0,269.38,24.0,73.43,33.0,32.0,10.52837831767133,138.69,212.12,65,1.0,-9.0,0.02
07:34:02,138.12,24.0,212.0,8.0,137.0,8.0,337.5,20.0,73.88,32.0,28.0,9.147534093951913,138.12,212.0,60,4.0,-5.0,0.07
07:34:03,139.0,18.0,211.5,6.0,137.0,6.0,385.6,15.0,72.5,24.0,21.0,9.104714712719595,139.0,211.5,45,3.0,-15.0,0.07
07:34:04,136.27,37.0,166.71,21.0,129.4,25.0,439.16,19.0,30.439999999999998,62.0,40.0,10.752959127608284,136.27,166.71,102,22.0,57.0,0.22
07:34:05,136.94,71.0,209.93,15.0,135.13,75.0,310.53,55.0,72.99000000000001,146.0,70.0,10.449921052334052,136.94,209.93,216,76.0,114.0,0.35
07:34:06,137.0,55.0,147.46,24.0,135.0,55.0,156.38,32.0,10.460000000000008,110.0,56.0,15.549537935257627,137.0,147.46,166,54.0,-50.0,0.33
07:34:07,137.0,28.0,138.0,20.0,135.0,50.0,164.82,22.0,1.0,78.0,42.0,17.513690930241335,137.0,138.0,120,36.0,-46.0,0.3
07:34:08,137.0,20.0,138.0,20.0,135.0,50.0,207.0,10.0,1.0,70.0,30.0,15.101601570695047,137.0,138.0,100,40.0,-20.0,0.4
07:34:09,137.0,16.0,138.0,14.0,135.0,40.0,207.0,8.0,1.0,56.0,22.0,15.678382569640899,137.0,138.0,78,34.0,-22.0,0.44
07:34:10,137.57,21.0,181.12,8.0,129.0,21.0,329.5,18.0,43.55000000000001,42.0,26.0,9.466996883913088,137.57,181.12,68,16.0,-10.0,0.24
07:34:11,137.56,36.0,207.0,10.0,135.17,23.0,338.0,26.0,69.44,59.0,36.0,16.168484159005725,137.56,207.0,95,23.0,27.0,0.24
07:34:12,138.4,10.0,207.0,8.0,136.45,22.0,323.0,16.0,68.6,32.0,24.0,17.60370074728657,138.4,207.0,56,8.0,-39.0,0.14
07:34:15,138.0,98.0,305.64,22.0,136.0,12.0,324.53,19.0,167.64,110.0,41.0,80.6141379039682,138.0,305.64,151,69.0,-104.0,0.46
07:34:16,138.0,91.0,301.3,27.0,107.14,21.0,303.2,25.0,163.3,112.0,52.0,72.14084384036549,138.0,301.3,164,60.0,13.0,0.37
07:34:17,138.65,74.0,299.44,27.0,137.21,84.0,300.31,29.0,160.79,158.0,56.0,60.979931944861974,138.65,299.44,214,102.0,50.0,0.48
07:34:18,140.85,104.0,295.96,46.0,138.0,169.0,297.44,45.0,155.10999999999999,273.0,91.0,47.591935556352404,140.85,295.96,364,182.0,150.0,0.5
07:34:19,143.17,96.0,216.0,48.0,138.0,156.0,222.17,46.0,72.83000000000001,252.0,94.0,18.001554099577184,143.17,216.0,346,158.0,-18.0,0.46
07:34:20,144.0,25.0,198.67,18.0,139.18,17.0,200.8,20.0,54.66999999999999,42.0,38.0,24.050458831382116,144.0,198.67,80,4.0,-180.0,0.05
07:34:21,144.73,44.0,196.94,36.0,143.0,111.0,198.05,41.0,52.21000000000001,155.0,77.0,24.788028360480954,144.73,196.94,232,78.0,152.0,0.34
07:34:22,145.0,50.0,191.79,63.0,143.0,220.0,193.82,66.0,46.78999999999999,270.0,129.0,20.938901594878615,145.0,191.79,399,141.0,167.0,0.35
07:34:23,145.0,15.0,189.59,27.0,143.0,165.0,190.08,48.0,44.59,180.0,75.0,4.821835750003556,145.0,189.59,255,105.0,-144.0,0.41
07:34:24,145.0,11.0,186.55,20.0,143.0,121.0,187.41,34.0,41.55000000000001,132.0,54.0,2.348850782832522,145.0,186.55,186,78.0,-69.0,0.42
07:34:25,143.35,52.0,183.0,10.0,142.71,55.0,187.0,30.0,39.650000000000006,107.0,40.0,2.8681387693090046,143.35,183.0,147,67.0,-39.0,0.46
07:34:26,143.0,45.0,169.73,15.0,142.0,20.0,183.33,9.0,26.72999999999999,65.0,24.0,4.798857155616757,143.0,169.73,89,41.0,-58.0,0.46
07:34:27,142.74,62.0,144.77,39.0,139.52,84.0,146.71,56.0,2.030000000000001,146.0,95.0,9.631211242622378,142.74,144.77,241,51.0,152.0,0.21
07:34:28,143.0,100.0,144.0,16.0,142.0,48.0,147.0,60.0,1.0,148.0,76.0,10.51487660412699,143.0,144.0,224,72.0,-17.0,0.32
07:34:29,143.0,58.0,146.81,32.0,142.0,32.0,462.53,34.0,3.8100000000000023,90.0,66.0,8.951769098899863,143.0,146.81,156,24.0,-68.0,0.15
07:34:30,143.0,44.0,146.38,40.0,142.0,32.0,498.53,34.0,3.3799999999999955,76.0,74.0,5.468594883516217,143.0,146.38,150,2.0,-6.0,0.01
07:34:31,143.0,25.0,146.0,25.0,142.0,20.0,545.62,24.0,3.0,45.0,49.0,0.6107126984273802,143.0,146.0,94,-4.0,-56.0,-0.04
07:34:32,143.0,55.0,146.0,55.0,142.0,44.0,349.65,48.0,3.0,99.0,103.0,0.5413409277159891,143.0,146.0,202,-4.0,108.0,-0.02
07:34:33,143.0,31.0,146.0,35.0,142.0,28.0,361.43,35.0,3.0,59.0,70.0,0.18179658968293474,143.0,146.0,129,-11.0,-73.0,-0.09
07:34:34,143.0,28.0,146.0,35.0,142.0,28.0,515.76,34.0,3.0,56.0,69.0,0.08497058326486209,143.0,146.0,125,-13.0,-4.0,-0.1
07:34:35,142.8,30.0,144.75,40.0,140.44,50.0,509.12,40.0,1.9499999999999886,80.0,80.0,0.32199378879169743,142.8,144.75,160,0.0,35.0,0.0
07:34:36,139.1,41.0,144.0,30.0,138.33,72.0,336.0,30.0,4.900000000000006,113.0,60.0,1.2774114450797023,139.1,144.0,173,53.0,13.0,0.31
07:34:37,137.0,144.0,143.0,45.0,135.0,36.0,469.57,35.0,6.0,180.0,80.0,2.0075557277497666,137.0,143.0,260,100.0,87.0,0.38
07:34:38,139.0,48.0,141.65,40.0,137.0,288.0,534.25,40.0,2.6500000000000057,336.0,80.0,2.0272395023827734,139.0,141.65,416,256.0,156.0,0.62
07:34:40,137.0,279.0,222.23,26.0,135.0,36.0,534.24,29.0,85.22999999999999,315.0,55.0,81.1925321073312,137.0,222.23,370,260.0,69.0,0.7
07:34:41,137.0,181.0,139.06,16.0,135.0,24.0,313.57,14.0,2.0600000000000023,205.0,30.0,81.6868424533597,137.0,139.06,235,175.0,-135.0,0.74
07:34:42,137.0,281.0,141.48,25.0,135.0,44.0,405.07,28.0,4.47999999999999,325.0,53.0,81.7925771081949,137.0,141.48,378,272.0,143.0,0.72
07:34:43,137.0,230.0,141.0,16.0,97.5,64.0,142.0,20.0,4.0,294.0,36.0,81.97489902403056,137.0,141.0,330,258.0,-48.0,0.78
07:34:44,137.0,245.0,138.57,23.0,135.0,88.0,140.44,18.0,1.5699999999999932,333.0,41.0,18.39427574002348,137.0,138.57,374,292.0,44.0,0.78
07:34:45,137.06,204.0,141.0,15.0,135.47,94.0,157.6,25.0,3.9399999999999977,298.0,40.0,0.6615360912437783,137.06,141.0,338,258.0,-36.0,0.76
07:34:46,141.0,12.0,142.0,12.0,139.0,36.0,168.0,18.0,1.0,48.0,30.0,1.352442235371978,141.0,142.0,78,18.0,-180.0,0.23
07:34:47,141.0,22.0,142.0,22.0,139.0,66.0,221.68,31.0,1.0,88.0,53.0,1.6647882748319258,141.0,142.0,141,35.0,63.0,0.25
07:34:48,141.0,22.0,142.0,12.0,139.0,66.0,292.9,31.0,1.0,88.0,43.0,1.7518618667057504,141.0,142.0,131,45.0,-10.0,0.34
07:34:49,139.0,30.0,142.0,8.0,137.0,160.0,227.3,20.0,3.0,190.0,28.0,1.0831343407064713,139.0,142.0,218,162.0,87.0,0.74
07:34:50,139.0,39.0,295.72,25.0,137.0,260.0,481.39,36.0,156.72000000000003,299.0,61.0,34.040180963091466,139.0,295.72,360,238.0,142.0,0.66
07:34:51,141.67,18.0,428.8,15.0,137.46,52.0,589.71,17.0,287.13,70.0,32.0,64.9186700418301,141.67,428.8,102,38.0,-180.0,0.37
07:34:52,143.0,33.0,220.67,21.0,139.0,37.0,264.62,29.0,77.66999999999999,70.0,50.0,60.48274158799356,143.0,220.67,120,20.0,18.0,0.17
07:34:53,143.0,21.0,209.71,31.0,139.0,21.0,246.0,9.0,66.71000000000001,42.0,40.0,54.760664075593574,143.0,209.71,82,2.0,-38.0,0.02
07:34:54,140.6,40.0,230.71,14.0,137.18,202.0,292.41,46.0,90.11000000000001,242.0,60.0,45.358242139659716,140.6,230.71,302,182.0,180.0,0.6
07:34:55,139.0,33.0,226.13,15.0,137.0,253.0,253.89,18.0,87.13,286.0,33.0,46.464951522626215,139.0,226.13,319,253.0,17.0,0.79
07:34:56,139.0,17.0,222.1,29.0,137.0,275.0,223.43,21.0,83.1,292.0,50.0,3.3884391687042643,139.0,222.1,342,242.0,23.0,0.71
07:34:57,139.88,48.0,219.9,31.0,137.09,157.0,220.71,21.0,80.02000000000001,205.0,52.0,3.4364778480312306,139.88,219.9,257,153.0,-85.0,0.6
07:34:58,140.58,72.0,158.19,31.0,139.0,12.0,196.82,17.0,17.609999999999985,84.0,48.0,14.829484819103156,140.58,158.19,132,36.0,-125.0,0.27
07:34:59,141.2,60.0,155.25,12.0,139.0,10.0,158.21,28.0,14.050000000000011,70.0,40.0,17.668213831624662,141.2,155.25,110,30.0,-22.0,0.27
07:35:00,142.07,82.0,153.31,13.0,139.75,16.0,156.0,39.0,11.240000000000009,98.0,52.0,17.42269841327729,142.07,153.31,150,46.0,40.0,0.31
07:35:01,143.0,178.0,153.0,11.0,142.0,44.0,156.0,33.0,10.0,222.0,44.0,14.130936628547188,143.0,153.0,266,178.0,116.0,0.67
07:35:02,143.12,182.0,150.07,45.0,142.75,130.0,156.39,18.0,6.949999999999989,312.0,63.0,1.007754930535282,143.12,150.07,375,249.0,109.0,0.66
07:35:03,143.08,111.0,146.27,63.0,142.75,130.0,161.95,44.0,3.1899999999999977,241.0,107.0,1.4584683747062823,143.08,146.27,348,134.0,-27.0,0.39
07:35:04,142.8,119.0,144.19,62.0,140.12,86.0,202.35,68.0,1.3899999999999864,205.0,130.0,1.9464249279174919,142.8,144.19,335,75.0,-13.0,0.22
07:35:05,140.11,54.0,177.55,44.0,137.95,97.0,305.59,37.0,37.44,151.0,81.0,6.124487733681751,140.11,177.55,232,70.0,-103.0,0.3
07:35:06,139.0,80.0,220.53,47.0,138.0,10.0,434.58,36.0,81.53,90.0,83.0,15.30662372961514,139.0,220.53,173,7.0,-59.0,0.04
07:35:07,139.0,92.0,216.68,50.0,138.0,24.0,235.18,57.0,77.68,116.0,107.0,17.415301605198124,139.0,216.68,223,9.0,50.0,0.04
07:35:08,139.33,72.0,160.25,51.0,138.64,56.0,215.78,55.0,20.919999999999987,128.0,106.0,16.340493566597562,139.33,160.25,234,22.0,11.0,0.09
07:35:09,140.1,40.0,142.7,43.0,138.96,69.0,201.14,44.0,2.5999999999999943,109.0,87.0,16.948806152647336,140.1,142.7,196,22.0,-38.0,0.11
07:35:10,139.0,90.0,141.0,15.0,138.0,15.0,204.0,45.0,2.0,105.0,60.0,19.58465343068436,139.0,141.0,165,45.0,-31.0,0.27
07:35:11,140.66,76.0,189.75,24.0,138.83,36.0,337.11,37.0,49.09,112.0,61.0,16.29947177058253,140.66,189.75,173,51.0,8.0,0.29
07:35:12,142.0,49.0,203.0,14.0,139.0,35.0,218.0,14.0,61.0,84.0,28.0,14.49075291349683,142.0,203.0,112,56.0,-61.0,0.5
07:35:13,142.0,70.0,187.2,20.0,139.0,50.0,315.42,24.0,45.19999999999999,120.0,44.0,14.977249413694645,142.0,187.2,164,76.0,52.0,0.46
07:35:14,143.82,222.0,199.06,36.0,141.88,124.0,235.59,54.0,55.24000000000001,346.0,90.0,13.205738146730612,143.82,199.06,436,256.0,180.0,0.59
07:35:15,144.0,80.0,152.0,16.0,142.0,56.0,387.83,24.0,8.0,136.0,40.0,9.808135398739958,144.0,152.0,176,96.0,-180.0,0.55
07:35:16,144.28,152.0,150.88,34.0,142.88,137.0,288.84,62.0,6.599999999999994,289.0,96.0,12.279506504742612,144.28,150.88,385,193.0,180.0,0.5
07:35:17,145.38,79.0,149.1,20.0,144.23,91.0,200.22,36.0,3.719999999999999,170.0,56.0,11.442548667146522,145.38,149.1,226,114.0,-159.0,0.5
07:35:18,146.0,110.0,148.0,24.0,145.0,84.0,200.13,23.0,2.0,194.0,47.0,10.733010761199163,146.0,148.0,241,147.0,15.0,0.61
07:35:19,146.0,81.0,148.0,18.0,145.0,63.0,350.0,9.0,2.0,144.0,27.0,0.42764471236937635,146.0,148.0,171,117.0,-70.0,0.68
07:35:20,146.0,91.0,147.77,26.0,145.0,91.0,158.52,42.0,1.7700000000000102,182.0,68.0,0.27856776557510465,146.0,147.77,250,114.0,79.0,0.46
07:35:21,145.02,93.0,232.05,42.0,143.18,38.0,363.71,34.0,87.03,131.0,76.0,18.559824891415776,145.02,232.05,207,55.0,-43.0,0.27
07:35:22,145.0,49.0,400.43,14.0,143.0,14.0,616.0,17.0,255.43,63.0,31.0,54.63959306217437,145.0,400.43,94,32.0,-113.0,0.34
07:35:23,145.27,37.0,433.36,22.0,144.49,47.0,684.73,33.0,288.09000000000003,84.0,55.0,68.2497602193591,145.27,433.36,139,29.0,45.0,0.21
07:35:24,144.76,62.0,231.33,24.0,142.59,34.0,746.91,35.0,86.57000000000002,96.0,59.0,61.0311319737723,144.76,231.33,155,37.0,16.0,0.24
07:35:25,145.0,23.0,291.3,20.0,143.0,16.0,574.42,19.0,146.3,39.0,39.0,47.312400277305834,145.0,291.3,78,0.0,-77.0,0.0
07:35:26,145.0,9.0,244.59,27.0,143.0,18.0,356.36,33.0,99.59,27.0,60.0,45.957358823152674,145.0,244.59,87,-33.0,9.0,-0.38
07:35:27,145.0,8.0,232.88,16.0,143.0,16.0,292.48,25.0,87.88,24.0,41.0,42.84629937345829,145.0,232.88,65,-17.0,-22.0,-0.26
07:35:28,145.0,7.0,231.57,14.0,143.0,14.0,232.57,14.0,86.57,21.0,28.0,12.883381931776105,145.0,231.57,49,-7.0,-16.0,-0.14
07:35:29,145.0,16.0,230.06,32.0,143.0,32.0,231.25,32.0,85.06,48.0,64.0,12.961889137005263,145.0,230.06,112,-16.0,63.0,-0.14
07:35:30,145.0,13.0,182.19,27.0,143.0,26.0,185.45,31.0,37.19,39.0,58.0,12.108800518631718,145.0,182.19,97,-19.0,-15.0,-0.2
07:35:31,145.0,10.0,167.0,20.0,143.0,20.0,168.0,20.0,22.0,30.0,40.0,15.824444697998608,145.0,167.0,70,-10.0,-27.0,-0.14
07:35:32,144.56,9.0,166.56,18.0,142.91,23.0,167.67,18.0,22.0,32.0,36.0,16.486650053907763,144.56,166.56,68,-4.0,-2.0,-0.06
07:35:33,143.0,10.0,164.22,27.0,142.0,10.0,165.6,20.0,21.22,20.0,47.0,14.091326055415006,143.0,164.22,67,-27.0,-1.0,-0.4
07:35:34,142.7,10.0,162.96,23.0,141.4,10.0,163.82,22.0,20.26000000000002,20.0,45.0,4.273671723473734,142.7,162.96,65,-25.0,-2.0,-0.38
07:35:35,142.0,12.0,158.32,25.0,140.0,12.0,159.66,29.0,16.319999999999993,24.0,54.0,2.3464377255787974,142.0,158.32,78,-30.0,13.0,-0.38
07:35:36,143.76,17.0,153.45,29.0,138.59,27.0,154.92,26.0,9.689999999999998,44.0,55.0,2.7709980151598073,143.76,153.45,99,-11.0,21.0,-0.11
07:35:37,146.9,40.0,151.9,40.0,142.36,14.0,152.8,30.0,5.0,54.0,70.0,2.185650932793191,146.9,151.9,124,-16.0,25.0,-0.13
07:35:38,143.0,12.0,149.19,27.0,142.0,12.0,151.45,33.0,6.189999999999998,24.0,60.0,2.4454590571137937,143.0,149.19,84,-36.0,-40.0,-0.43
07:35:39,143.0,10.0,147.31,29.0,142.0,10.0,148.29,21.0,4.310000000000002,20.0,50.0,2.1589418704587726,143.0,147.31,70,-30.0,-14.0,-0.43
07:35:40,141.5,12.0,143.92,25.0,138.5,40.0,145.94,33.0,2.4199999999999875,52.0,58.0,2.698783059087959,141.5,143.92,110,-6.0,40.0,-0.05
07:35:41,137.7,54.0,141.0,24.0,137.36,139.0,143.58,33.0,3.3000000000000114,193.0,57.0,3.7646872380079985,137.7,141.0,250,136.0,140.0,0.54
07:35:42,137.0,83.0,140.1,20.0,136.0,26.0,332.22,49.0,3.0999999999999943,109.0,69.0,3.3708633908867385,137.0,140.1,178,40.0,-72.0,0.22
07:35:43,137.0,50.0,199.0,24.0,136.0,24.0,470.02,56.0,62.0,74.0,80.0,12.169758830807616,137.0,199.0,154,-6.0,-24.0,-0.04
07:35:44,144.61,23.0,179.0,14.0,141.38,32.0,529.62,32.0,34.389999999999986,55.0,46.0,13.791985716350624,144.61,179.0,101,9.0,-53.0,0.09
07:35:45,146.0,18.0,179.0,18.0,137.95,37.0,443.41,37.0,33.0,55.0,55.0,13.98576955337171,146.0,179.0,110,0.0,9.0,0.0
07:35:46,142.14,28.0,437.56,27.0,136.84,38.0,498.19,36.0,295.42,66.0,63.0,60.168340927767126,142.14,437.56,129,3.0,19.0,0.02
07:35:47,137.0,44.0,314.31,32.0,136.0,14.0,414.14,14.0,177.31,58.0,46.0,56.144342724801895,137.0,314.31,104,12.0,-25.0,0.12
07:35:48,137.0,74.0,183.38,26.0,136.0,16.0,369.48,33.0,46.379999999999995,90.0,59.0,57.40597573423881,137.0,183.38,149,31.0,45.0,0.21
07:35:49,137.0,40.0,138.0,15.0,136.0,10.0,145.0,5.0,1.0,50.0,20.0,62.27097277223165,137.0,138.0,70,30.0,-79.0,0.43
07:35:50,137.0,48.0,138.39,18.0,136.0,12.0,165.0,7.0,1.3899999999999864,60.0,25.0,66.3753001499806,137.0,138.39,85,35.0,15.0,0.41
07:35:51,137.0,80.0,145.0,10.0,136.0,20.0,240.1,20.0,8.0,100.0,30.0,37.66770991180666,137.0,145.0,130,70.0,45.0,0.54
07:35:52,137.0,159.0,140.0,21.0,136.0,24.0,359.0,18.0,3.0,183.0,39.0,9.723545135392746,137.0,140.0,222,144.0,92.0,0.65
07:35:53,137.08,119.0,140.91,11.0,136.36,22.0,391.92,13.0,3.829999999999984,141.0,24.0,1.402472816143162,137.08,140.91,165,117.0,-57.0,0.71
07:35:54,141.3,74.0,144.0,15.0,139.27,131.0,236.48,58.0,2.6999999999999886,205.0,73.0,2.0220608299505742,141.3,144.0,278,132.0,113.0,0.47
07:35:56,144.55,71.0,380.29,48.0,143.0,10.0,479.74,35.0,235.74,81.0,83.0,84.7243372945461,144.55,380.29,164,-2.0,-15.0,-0.01
07:35:57,144.25,8.0,329.5,40.0,142.45,11.0,519.88,16.0,185.25,19.0,56.0,77.96866017830507,144.25,329.5,75,-37.0,-89.0,-0.49
07:35:58,142.25,8.0,195.72,39.0,141.0,16.0,227.19,31.0,53.47,24.0,70.0,71.03637378132429,142.25,195.72,94,-46.0,19.0,-0.49
07:35:59,140.0,4.0,176.0,20.0,137.2,20.0,177.0,16.0,36.0,24.0,36.0,66.74262056587243,140.0,176.0,60,-12.0,-34.0,-0.2
07:36:00,143.95,81.0,174.82,55.0,138.67,18.0,370.87,46.0,30.870000000000005,99.0,101.0,48.9680724554277,143.95,174.82,200,-2.0,140.0,-0.01
07:36:01,144.0,88.0,172.52,46.0,141.29,14.0,211.58,53.0,28.52000000000001,102.0,99.0,34.169199580909364,144.0,172.52,201,3.0,1.0,0.01
07:36:02,144.0,48.0,169.58,26.0,143.0,12.0,172.86,28.0,25.580000000000013,60.0,54.0,4.94870892253907,144.0,169.57999999999998,114,6.0,-87.0,0.05
07:36:03,141.08,26.0,166.97,40.0,138.09,22.0,168.31,39.0,25.889999999999986,48.0,79.0,2.042711433369365,141.08,166.97,127,-31.0,13.0,-0.24
07:36:04,142.58,60.0,164.86,35.0,139.59,41.0,165.93,43.0,22.28,101.0,78.0,2.514205639962241,142.58,164.86,179,23.0,52.0,0.13
07:36:05,143.11,38.0,163.08,48.0,141.59,34.0,164.05,42.0,19.97,72.0,90.0,2.230508910544405,143.11,163.08,162,-18.0,-17.0,-0.11
07:36:06,144.31,26.0,156.81,58.0,142.9,63.0,158.15,54.0,12.5,89.0,112.0,2.228782178683709,144.31,156.81,201,-23.0,39.0,-0.11
07:36:07,143.0,10.0,152.4,25.0,141.0,15.0,155.0,20.0,9.400000000000006,25.0,45.0,2.6771720153957856,143.0,152.4,70,-20.0,-131.0,-0.29
07:36:08,143.0,14.0,151.0,28.0,141.0,21.0,152.0,35.0,8.0,35.0,63.0,3.0468475511614477,143.0,151.0,98,-28.0,28.0,-0.29
07:36:09,143.0,20.0,148.52,42.0,141.0,30.0,149.71,45.0,5.52000000000001,50.0,87.0,2.9660950760248284,143.0,148.52,137,-37.0,39.0,-0.27
07:36:10,142.05,19.0,144.5,30.0,140.83,18.0,145.32,37.0,2.4499999999999886,37.0,67.0,2.666533330003403,142.05,144.5,104,-30.0,-33.0,-0.29
07:36:11,139.78,40.0,141.98,64.0,137.46,70.0,143.09,58.0,2.1999999999999886,110.0,122.0,2.8183115512695496,139.78,141.98,232,-12.0,128.0,-0.05
07:36:12,138.56,27.0,141.32,38.0,137.18,44.0,175.52,27.0,2.759999999999991,71.0,65.0,3.0357074957939614,138.56,141.32,136,6.0,-96.0,0.04
07:36:13,141.27,11.0,232.64,22.0,137.75,24.0,361.0,40.0,91.36999999999998,35.0,62.0,20.02212076679236,141.27,232.64,97,-27.0,-39.0,-0.28
07:36:14,142.0,8.0,246.38,24.0,138.0,16.0,400.58,24.0,104.38,24.0,48.0,27.098447741522314,142.0,246.38,72,-24.0,-25.0,-0.33
07:36:15,142.0,12.0,245.0,36.0,138.0,24.0,392.6,30.0,103.0,36.0,66.0,28.152816377762516,142.0,245.0,102,-30.0,30.0,-0.29
07:36:16,139.56,16.0,243.17,12.0,130.55,31.0,280.31,32.0,103.60999999999999,47.0,44.0,23.230933472420148,139.56,243.17,91,3.0,-11.0,0.03
07:36:17,137.08,49.0,238.94,17.0,128.69,52.0,244.33,27.0,101.85999999999999,101.0,44.0,3.228865125707246,137.08,238.94,145,57.0,54.0,0.39
07:36:18,137.0,84.0,227.31,39.0,123.68,75.0,235.81,32.0,90.31,159.0,71.0,4.927308595979005,137.0,227.31,230,88.0,85.0,0.38
07:36:19,137.0,48.0,161.31,13.0,94.33,36.0,171.57,23.0,24.310000000000002,84.0,36.0,18.223109778520513,137.0,161.31,120,48.0,-110.0,0.4
07:36:20,137.0,24.0,156.92,26.0,108.0,36.0,157.77,26.0,19.919999999999987,60.0,52.0,21.691893186165455,137.0,156.92,112,8.0,-8.0,0.07
07:36:21,137.0,17.0,145.35,34.0,99.54,39.0,153.12,24.0,8.349999999999994,56.0,58.0,21.82910098927605,137.0,145.35,114,-2.0,2.0,-0.02
07:36:22,137.0,10.0,140.31,29.0,92.0,60.0,143.28,18.0,3.3100000000000023,70.0,47.0,17.584457625983646,137.0,140.31,117,23.0,3.0,0.2
07:36:24,117.38,16.0,268.22,23.0,97.2,30.0,386.31,32.0,150.84000000000003,46.0,55.0,26.3135227592205,117.38,268.22,101,-9.0,-37.0,-0.09
07:36:25,136.29,14.0,152.38,16.0,118.2,10.0,457.61,33.0,16.090000000000003,24.0,49.0,26.378309650165516,136.29,152.38,73,-25.0,-28.0,-0.34
07:36:26,138.0,108.0,152.0,18.0,137.0,18.0,347.46,39.0,14.0,126.0,57.0,26.186819585432957,138.0,152.0,183,69.0,110.0,0.38
07:36:27,139.0,32.0,152.0,12.0,137.92,52.0,479.36,28.0,13.0,84.0,40.0,25.702649668857394,139.0,152.0,124,44.0,-59.0,0.35
07:36:28,142.0,16.0,151.38,16.0,138.0,96.0,630.64,28.0,9.379999999999995,112.0,44.0,21.22441118146779,142.0,151.38,156,68.0,32.0,0.44
07:36:29,142.92,53.0,150.89,18.0,139.47,38.0,560.0,27.0,7.969999999999999,91.0,45.0,1.1011493994983335,142.92,150.89,136,46.0,-20.0,0.34
07:36:30,143.0,63.0,150.0,18.0,142.0,18.0,286.54,37.0,7.0,81.0,55.0,0.8264683902095205,143.0,150.0,136,26.0,0.0,0.19
07:36:31,143.0,54.0,149.1,20.0,142.0,20.0,354.0,48.0,6.099999999999994,74.0,68.0,0.5617383732802124,143.0,149.1,142,6.0,6.0,0.04
07:36:32,143.08,53.0,148.67,24.0,142.29,28.0,425.33,48.0,5.589999999999975,81.0,72.0,0.4351781244680072,143.08,148.67,153,9.0,11.0,0.06
07:36:33,143.52,42.0,147.14,28.0,142.67,42.0,230.86,56.0,3.619999999999976,84.0,84.0,0.604003311262054,143.52,147.14000000000001,168,0.0,15.0,0.0
07:36:34,143.0,101.0,146.93,28.0,142.0,28.0,237.15,52.0,3.930000000000007,129.0,80.0,0.6056153895135017,143.0,146.93,209,49.0,41.0,0.23
07:36:35,143.27,123.0,145.29,28.0,142.64,56.0,295.93,45.0,2.019999999999982,179.0,73.0,0.7148916001854247,143.27,145.29,252,106.0,43.0,0.42
07:36:36,144.0,63.0,154.27,22.0,143.0,90.0,197.08,39.0,10.27000000000001,153.0,61.0,1.8927572480419999,144.0,154.27,214,92.0,-38.0,0.43
07:36:37,143.04,73.0,195.0,44.0,142.31,29.0,208.27,44.0,51.96000000000001,102.0,88.0,10.499265688609597,143.04,195.0,190,14.0,-24.0,0.07
07:36:38,143.0,98.0,193.79,56.0,142.0,28.0,241.0,56.0,50.78999999999999,126.0,112.0,12.507870322321617,143.0,193.79,238,14.0,48.0,0.06
07:36:39,143.0,63.0,190.8,40.0,142.0,18.0,218.78,36.0,47.80000000000001,81.0,76.0,11.867918098807943,143.0,190.8,157,5.0,-81.0,0.03
07:36:40,142.62,52.0,188.3,60.0,141.5,20.0,189.41,64.0,45.68000000000001,72.0,124.0,8.300543355709452,142.62,188.3,196,-52.0,39.0,-0.27
07:36:41,139.94,54.0,183.63,43.0,137.38,58.0,185.45,55.0,43.69,112.0,98.0,2.879734362751506,139.94,183.63,210,14.0,14.0,0.07
07:36:42,142.29,42.0,180.51,51.0,139.5,32.0,182.43,47.0,38.22,74.0,98.0,3.096493177775795,142.29,180.51,172,-24.0,-38.0,-0.14
07:36:43,142.0,24.0,177.77,57.0,138.92,59.0,180.18,44.0,35.77000000000001,83.0,101.0,2.9546184186815774,142.0,177.77,184,-18.0,12.0,-0.1
07:36:44,142.0,12.0,176.16,44.0,138.0,24.0,177.11,53.0,34.16,36.0,97.0,2.4607580132984874,142.0,176.16,133,-61.0,-51.0,-0.46
07:36:45,142.0,9.0,172.5,30.0,138.0,18.0,173.95,42.0,30.5,27.0,72.0,1.8381702859128841,142.0,172.5,99,-45.0,-34.0,-0.45
07:36:46,137.65,62.0,168.9,42.0,120.27,22.0,170.26,35.0,31.25,84.0,77.0,3.1255191568783274,137.65,168.9,161,7.0,62.0,0.04
07:36:47,139.77,52.0,166.9,39.0,135.86,147.0,167.9,31.0,27.129999999999995,199.0,70.0,3.1293897168639377,139.77,166.9,269,129.0,108.0,0.48
07:36:48,137.28,195.0,160.67,45.0,125.35,79.0,163.5,52.0,23.389999999999986,274.0,97.0,3.9347680999030126,137.28,160.67,371,177.0,102.0,0.48
07:36:49,137.0,140.0,157.44,36.0,106.92,26.0,221.07,54.0,20.439999999999998,166.0,90.0,3.967785276450193,137.0,157.44,256,76.0,-115.0,0.3
07:36:50,137.0,110.0,158.3,50.0,126.57,21.0,355.55,33.0,21.30000000000001,131.0,83.0,3.0022857958587728,137.0,158.3,214,48.0,-42.0,0.22
07:36:51,137.04,69.0,156.44,45.0,135.4,45.0,394.3,30.0,19.400000000000006,114.0,75.0,2.6744476065190717,137.04,156.44,189,39.0,-25.0,0.21
07:36:52,139.06,17.0,149.66,47.0,137.03,91.0,233.96,48.0,10.599999999999994,108.0,95.0,1.6873262873599733,139.06,149.66,203,13.0,14.0,0.06
07:36:53,137.35,83.0,141.08,39.0,112.54,39.0,142.82,49.0,3.730000000000018,122.0,88.0,3.4966312359207308,137.35,141.08,210,34.0,7.0,0.16
07:36:54,137.0,182.0,138.2,70.0,100.58,31.0,141.2,71.0,1.1999999999999886,213.0,141.0,4.497807243537356,137.0,138.2,354,72.0,144.0,0.2
07:36:55,137.43,28.0,141.59,39.0,132.1,10.0,155.73,26.0,4.159999999999997,38.0,65.0,3.8746006245828144,137.43,141.59,103,-27.0,-180.0,-0.26
07:36:56,137.84,25.0,142.0,75.0,135.06,17.0,159.0,45.0,4.159999999999997,42.0,120.0,2.5282503831736776,137.84,142.0,162,-78.0,59.0,-0.48
07:36:57,138.97,33.0,142.0,65.0,137.63,19.0,159.0,39.0,3.030000000000001,52.0,104.0,1.085048386026167,138.97,142.0,156,-52.0,-6.0,-0.33
07:36:58,139.0,14.0,140.41,39.0,138.0,15.0,142.0,55.0,1.4099999999999966,29.0,94.0,1.0926252788664412,139.0,140.41,123,-65.0,-33.0,-0.53
07:36:59,139.0,6.0,140.0,18.0,138.0,6.0,142.0,30.0,1.0,12.0,48.0,0.4050061728145168,139.0,140.0,60,-36.0,-63.0,-0.6
07:37:00,136.79,19.0,140.98,41.0,134.5,20.0,250.55,51.0,4.189999999999998,39.0,92.0,0.585081190962331,136.79,140.98,131,-53.0,71.0,-0.4
07:37:01,136.94,33.0,141.9,39.0,134.6,25.0,338.48,42.0,4.960000000000008,58.0,81.0,0.5803619560394473,136.94,141.9,139,-23.0,8.0,-0.17
07:37:02,137.33,27.0,150.72,50.0,136.11,72.0,228.34,73.0,13.389999999999986,99.0,123.0,2.1030620532969775,137.33,150.72,222,-24.0,83.0,-0.11
07:37:03,136.0,45.0,244.34,32.0,134.5,40.0,313.32,34.0,108.34,85.0,66.0,22.328852411174523,136.0,244.34,151,19.0,-71.0,0.13
07:37:04,136.0,40.0,139.95,19.0,134.19,31.0,141.75,40.0,3.9499999999999886,71.0,59.0,22.525193228916248,136.0,139.95,130,12.0,-21.0,0.09
07:37:05,136.0,40.0,141.88,40.0,134.0,40.0,185.5,40.0,5.8799999999999955,80.0,80.0,22.5177403395637,136.0,141.88,160,0.0,30.0,0.0
07:37:06,134.5,20.0,142.0,20.0,80.0,11.0,340.44,16.0,7.5,31.0,36.0,22.66216494512416,134.5,142.0,67,-5.0,-93.0,-0.07
07:37:07,134.77,31.0,142.0,30.0,90.0,9.0,561.71,28.0,7.22999999999999,40.0,58.0,23.160528491379786,134.77,142.0,98,-18.0,31.0,-0.18
07:37:08,136.0,6.0,142.0,30.0,135.0,38.0,421.71,28.0,6.0,44.0,58.0,0.44682211227537916,136.0,142.0,102,-14.0,4.0,-0.14
07:37:09,135.38,13.0,142.0,32.0,134.89,37.0,423.1,29.0,6.6200000000000045,50.0,61.0,0.3300454514429573,135.38,142.0,111,-11.0,9.0,-0.1
07:37:10,135.65,23.0,140.5,14.0,134.29,7.0,214.0,16.0,4.849999999999994,30.0,30.0,0.36588249482345186,135.65,140.5,60,0.0,-51.0,0.0
07:37:11,136.89,27.0,141.0,23.0,133.44,9.0,142.0,18.0,4.110000000000014,36.0,41.0,0.3860699418734827,136.89,141.0,77,-5.0,17.0,-0.06
07:37:12,134.25,16.0,140.75,24.0,132.5,12.0,142.0,24.0,6.5,28.0,48.0,0.6401718519415287,134.25,140.75,76,-20.0,-1.0,-0.26
07:37:13,136.0,8.0,139.38,16.0,131.0,16.0,142.0,16.0,3.3799999999999955,24.0,32.0,0.6225351395851695,136.0,139.38,56,-8.0,-20.0,-0.14
07:37:14,137.91,23.0,139.33,18.0,135.2,10.0,144.14,21.0,1.420000000000016,33.0,39.0,0.6088349530195633,137.91,139.33,72,-6.0,16.0,-0.08
07:37:15,138.31,13.0,141.4,35.0,134.12,25.0,148.7,47.0,3.0900000000000034,38.0,82.0,0.9597655963922781,138.31,141.4,120,-44.0,48.0,-0.37
07:37:16,137.0,10.0,140.45,22.0,135.0,10.0,141.5,24.0,3.4499999999999886,20.0,46.0,0.9412066723192297,137.0,140.45,66,-26.0,-54.0,-0.39
07:37:17,135.25,8.0,138.0,8.0,133.05,43.0,141.82,17.0,2.75,51.0,25.0,1.2128767456004244,135.25,138.0,76,26.0,10.0,0.34
07:37:18,135.25,12.0,138.0,12.0,132.29,62.0,142.42,24.0,2.75,74.0,36.0,1.4238925521324732,135.25,138.0,110,38.0,34.0,0.35
07:37:22,131.0,49.0,422.04,27.0,130.0,20.0,446.42,24.0,291.04,69.0,51.0,62.858226032875045,131.0,422.04,120,18.0,-37.0,0.15
07:37:23,135.29,56.0,368.23,44.0,130.6,40.0,424.27,52.0,232.94000000000003,96.0,96.0,70.85846681942817,135.29,368.23,192,0.0,72.0,0.0
07:37:24,142.52,25.0,323.56,18.0,135.55,22.0,339.93,30.0,181.04,47.0,48.0,66.70135290981732,142.52,323.56,95,-1.0,-97.0,-0.01
07:37:25,143.0,43.0,245.3,20.0,137.67,24.0,338.67,30.0,102.30000000000001,67.0,50.0,55.70067997789607,143.0,245.3,117,17.0,22.0,0.15
07:37:26,143.0,48.0,270.79,28.0,141.0,24.0,432.0,41.0,127.79000000000002,72.0,69.0,33.30011366346949,143.0,270.79,141,3.0,24.0,0.02
07:37:27,143.0,48.0,237.76,34.0,141.0,24.0,238.82,44.0,94.75999999999999,72.0,78.0,26.37745495683757,143.0,237.76,150,-6.0,9.0,-0.04
07:37:28,143.33,24.0,173.08,48.0,142.14,42.0,233.57,46.0,29.75,66.0,94.0,27.167162715307658,143.33,173.08,160,-28.0,10.0,-0.17
07:37:29,144.9,10.0,216.8,40.0,143.0,40.0,297.67,24.0,71.9,50.0,64.0,18.171127648002667,144.9,216.8,114,-14.0,-46.0,-0.12
07:37:30,145.0,10.0,228.12,34.0,143.0,40.0,256.15,26.0,83.12,50.0,60.0,17.63934721014379,145.0,228.12,110,-10.0,-4.0,-0.09
07:37:31,145.0,17.0,223.57,46.0,140.86,115.0,224.29,56.0,78.57,132.0,102.0,12.694559070720388,145.0,223.57,234,30.0,124.0,0.13
07:37:32,145.0,15.0,222.0,30.0,143.0,30.0,223.0,60.0,77.0,45.0,90.0,11.623431076924305,145.0,222.0,135,-45.0,-99.0,-0.33
07:37:33,141.2,118.0,219.24,42.0,138.64,44.0,220.25,40.0,78.04000000000002,162.0,82.0,2.592261560878548,141.2,219.24,244,80.0,109.0,0.33
07:37:34,141.0,166.0,214.97,60.0,137.5,96.0,216.25,48.0,73.97,262.0,108.0,3.4014879097254886,141.0,214.97,370,154.0,126.0,0.42
07:37:35,141.0,104.0,184.57,23.0,138.0,104.0,206.68,31.0,43.56999999999999,208.0,54.0,8.745828720024768,141.0,184.57,262,154.0,-108.0,0.59
07:37:36,141.0,96.0,142.0,30.0,138.0,120.0,157.33,15.0,1.0,216.0,45.0,17.403484708529284,141.0,142.0,261,171.0,-1.0,0.66
07:37:37,139.5,32.0,154.33,18.0,137.97,62.0,298.12,16.0,14.830000000000013,94.0,34.0,17.574993598861276,139.5,154.33,128,60.0,-133.0,0.47
07:37:38,138.0,64.0,226.0,8.0,137.0,32.0,331.88,32.0,88.0,96.0,40.0,18.050946789573523,138.0,226.0,136,56.0,8.0,0.41
07:37:39,138.0,32.0,226.0,4.0,137.0,16.0,263.0,16.0,88.0,48.0,20.0,18.992477458194195,138.0,226.0,68,28.0,-68.0,0.41
07:37:40,138.0,44.0,177.56,18.0,137.0,40.0,304.21,28.0,39.56,84.0,46.0,19.140642622441256,138.0,177.56,130,38.0,62.0,0.29
07:37:41,138.0,31.0,139.0,45.0,137.0,32.0,357.36,11.0,1.0,63.0,56.0,19.974338537233596,138.0,139.0,119,7.0,-11.0,0.06
07:37:42,137.35,31.0,138.9,50.0,133.38,52.0,521.93,41.0,1.5500000000000114,83.0,91.0,21.868754422692106,137.35,138.9,174,-8.0,55.0,-0.05
07:37:44,137.0,26.0,140.86,42.0,136.0,18.0,492.43,21.0,3.8600000000000136,44.0,63.0,8.812449716169734,137.0,140.86,107,-19.0,-110.0,-0.18
07:37:45,137.81,31.0,140.62,42.0,136.62,16.0,281.37,27.0,2.8100000000000023,47.0,69.0,0.8615857473408961,137.81,140.62,116,-22.0,9.0,-0.19
07:37:46,138.0,40.0,139.86,28.0,137.0,16.0,166.75,16.0,1.8600000000000136,56.0,44.0,0.900388804917606,138.0,139.86,100,12.0,-16.0,0.12
07:37:47,138.0,40.0,142.0,34.0,137.0,16.0,267.44,16.0,4.0,56.0,50.0,1.104640212929477,138.0,142.0,106,6.0,6.0,0.06
07:37:48,138.0,30.0,142.0,30.0,137.0,68.0,171.0,6.0,4.0,98.0,36.0,0.5470191952946113,138.0,142.0,134,62.0,28.0,0.46
07:37:49,139.0,40.0,142.0,30.0,137.1,102.0,156.58,26.0,3.0,142.0,56.0,0.6420825492261205,139.0,142.0,198,86.0,64.0,0.43
07:37:50,138.5,12.0,142.0,20.0,137.22,46.0,244.75,20.0,3.5,58.0,40.0,0.5993579898697304,138.5,142.0,98,18.0,-100.0,0.18
07:37:51,141.0,3.0,142.0,15.0,138.0,15.0,250.33,15.0,1.0,18.0,30.0,0.6224949799159826,141.0,142.0,48,-12.0,-50.0,-0.25
07:37:52,137.05,92.0,142.0,35.0,136.38,48.0,258.86,35.0,4.949999999999989,140.0,70.0,0.7330961737866439,137.05,142.0,210,70.0,162.0,0.33
07:37:53,137.0,60.0,142.0,20.0,136.0,25.0,173.0,25.0,5.0,85.0,45.0,0.8224536461227704,137.0,142.0,130,40.0,-80.0,0.31
07:37:54,137.0,84.0,140.48,33.0,136.0,35.0,156.62,21.0,3.4799999999999898,119.0,54.0,1.0398221001790195,137.0,140.48,173,65.0,43.0,0.38
07:37:55,137.0,126.0,140.0,50.0,136.0,50.0,141.0,31.0,3.0,176.0,81.0,1.1793981516098722,137.0,140.0,257,95.0,84.0,0.37
07:37:56,137.62,65.0,140.0,52.0,136.93,205.0,141.0,56.0,2.3799999999999955,270.0,108.0,0.46992552603673216,137.62,140.0,378,162.0,121.0,0.43
07:37:57,137.0,198.0,141.0,36.0,135.0,27.0,258.73,33.0,4.0,225.0,69.0,0.37523326081375025,137.0,141.0,294,156.0,-84.0,0.53
07:37:58,137.0,220.0,140.97,37.0,135.0,30.0,223.6,45.0,3.969999999999999,250.0,82.0,0.2058397435407991,137.0,140.97,332,168.0,38.0,0.51
07:37:59,137.0,249.0,138.11,28.0,135.0,39.0,140.28,25.0,1.1100000000000136,288.0,53.0,0.6050206608215818,137.0,138.11,341,235.0,9.0,0.69
07:38:00,137.0,92.0,140.6,15.0,135.0,18.0,199.5,14.0,3.5999999999999943,110.0,29.0,0.6111873689965894,137.0,140.6,139,81.0,-180.0,0.58
07:38:01,137.0,150.0,141.0,30.0,135.0,30.0,143.0,10.0,4.0,180.0,40.0,0.6307693714987811,137.0,141.0,220,140.0,81.0,0.64
07:38:02,137.78,68.0,141.07,28.0,136.96,138.0,143.36,11.0,3.289999999999992,206.0,39.0,0.7114984188464177,137.78,141.07,245,167.0,25.0,0.68
07:38:03,139.0,20.0,141.62,26.0,137.0,150.0,143.92,12.0,2.6200000000000045,170.0,38.0,1.0052213686650795,139.0,141.62,208,132.0,-37.0,0.63
07:38:04,139.0,22.0,140.09,33.0,137.0,165.0,144.0,11.0,1.0900000000000034,187.0,44.0,0.5852093642627574,139.0,140.09,231,143.0,23.0,0.62
07:38:05,137.09,94.0,139.42,12.0,135.28,72.0,144.0,37.0,2.329999999999984,166.0,49.0,0.7569147904624696,137.09,139.42,215,117.0,-16.0,0.54
07:38:06,137.7,43.0,144.77,52.0,136.7,94.0,145.29,17.0,7.070000000000022,137.0,69.0,1.1063814893700754,137.7,144.77,206,68.0,-9.0,0.33
07:38:07,137.0,70.0,145.0,40.0,134.0,15.0,146.0,5.0,8.0,85.0,45.0,1.209429617638286,137.0,145.0,130,40.0,-76.0,0.31
07:38:08,137.0,27.0,145.0,64.0,134.0,36.0,146.0,8.0,8.0,63.0,72.0,1.2811830470392067,137.0,145.0,135,-9.0,5.0,-0.07
07:38:09,137.0,10.0,145.0,80.0,134.0,70.0,179.43,14.0,8.0,80.0,94.0,1.2594959309265825,137.0,145.0,174,-14.0,39.0,-0.08
07:38:10,137.31,13.0,145.0,72.0,134.16,56.0,146.0,9.0,7.689999999999998,69.0,81.0,0.10784247781147631,137.31,145.0,150,-12.0,-24.0,-0.08
07:38:11,141.0,11.0,145.0,88.0,137.0,33.0,146.0,11.0,4.0,44.0,99.0,0.8800568163592849,141.0,145.0,143,-55.0,-7.0,-0.38
07:38:12,138.23,13.0,144.71,51.0,135.73,33.0,145.43,14.0,6.480000000000018,46.0,65.0,0.847130450415058,138.23,144.71,111,-19.0,-32.0,-0.17
07:38:13,137.91,35.0,143.81,63.0,135.17,69.0,145.13,46.0,5.900000000000006,104.0,109.0,0.8707640323419554,137.91,143.81,213,-5.0,102.0,-0.02
07:38:14,141.0,36.0,145.0,72.0,137.0,98.0,146.0,9.0,4.0,134.0,81.0,1.0306454288553002,141.0,145.0,215,53.0,2.0,0.25
07:38:15,141.0,34.0,145.0,72.0,137.0,135.0,146.0,9.0,4.0,169.0,81.0,1.0279494151076864,141.0,145.0,250,88.0,35.0,0.35
07:38:16,141.0,36.0,143.1,80.0,137.0,180.0,144.93,30.0,2.0999999999999943,216.0,110.0,0.942618692802282,141.0,143.1,326,106.0,76.0,0.33
07:38:17,138.65,51.0,142.46,35.0,136.81,129.0,143.73,30.0,3.8100000000000023,180.0,65.0,1.1561012066511842,138.65,142.46,245,115.0,-81.0,0.47
07:38:18,137.87,83.0,144.0,36.0,136.48,116.0,146.53,15.0,6.1299999999999955,199.0,51.0,1.1408023492351018,137.87,144.0,250,148.0,5.0,0.59
07:38:19,143.0,30.0,144.0,40.0,137.0,140.0,147.0,40.0,1.0,170.0,80.0,1.2747274218515445,143.0,144.0,250,90.0,0.0,0.36
07:38:20,143.0,30.0,145.14,37.0,137.0,140.0,147.12,34.0,2.1399999999999864,170.0,71.0,1.5445711378956315,143.0,145.14,241,99.0,-9.0,0.41
07:38:21,143.0,72.0,145.54,72.0,137.0,292.0,146.48,46.0,2.539999999999992,364.0,118.0,1.7840067264503443,143.0,145.54,482,246.0,180.0,0.51
07:38:22,143.59,46.0,145.24,21.0,138.93,112.0,147.42,53.0,1.6500000000000057,158.0,74.0,1.4431146870640028,143.59,145.24,232,84.0,-180.0,0.36
07:38:23,143.86,29.0,147.05,22.0,141.32,50.0,183.07,40.0,3.1899999999999977,79.0,62.0,0.7107038764630269,143.86,147.05,141,17.0,-91.0,0.12
07:38:24,138.37,127.0,147.56,54.0,136.45,154.0,195.17,36.0,9.189999999999998,281.0,90.0,0.8889431927967042,138.37,147.56,371,191.0,180.0,0.51
07:38:25,136.51,122.0,145.23,60.0,135.91,110.0,146.58,65.0,8.719999999999999,232.0,125.0,1.759948862899087,136.51,145.23,357,107.0,-14.0,0.3
07:38:26,137.0,98.0,142.68,53.0,136.0,98.0,145.13,62.0,5.680000000000007,196.0,115.0,2.3496020939767783,137.0,142.68,311,81.0,-46.0,0.26
07:38:27,137.0,77.0,142.05,42.0,136.0,77.0,144.0,42.0,5.050000000000011,154.0,84.0,2.477250491981058,137.0,142.05,238,70.0,-73.0,0.29
07:38:28,137.0,63.0,142.32,37.0,136.0,63.0,143.21,19.0,5.319999999999993,126.0,56.0,1.4374978260925633,137.0,142.32,182,70.0,-56.0,0.38
07:38:29,137.0,112.0,141.36,56.0,136.0,112.0,142.17,72.0,4.360000000000014,224.0,128.0,0.6379498413050092,137.0,141.36,352,96.0,170.0,0.27
07:38:30,137.0,98.0,140.22,40.0,136.0,98.0,141.31,48.0,3.219999999999999,196.0,88.0,0.48499484535532633,137.0,140.22,284,108.0,-68.0,0.38
07:38:31,137.0,64.0,139.2,10.0,135.68,62.0,142.0,30.0,2.1999999999999886,126.0,40.0,0.6518281982404294,137.0,139.2,166,86.0,-118.0,0.52
07:38:32,137.0,41.0,138.2,10.0,135.02,46.0,142.0,30.0,1.1999999999999886,87.0,40.0,0.8224354078111576,137.0,138.2,127,47.0,-39.0,0.37
07:38:33,137.0,40.0,138.6,10.0,136.0,10.0,143.0,28.0,1.5999999999999943,50.0,38.0,0.6406403047121174,137.0,138.6,88,12.0,-39.0,0.14
07:38:34,141.18,11.0,144.67,9.0,137.64,22.0,208.15,13.0,3.4899999999999807,33.0,22.0,2.2208286741712624,141.18,144.67,55,11.0,-33.0,0.2
07:38:35,144.46,76.0,146.43,14.0,143.0,14.0,327.36,14.0,1.9699999999999989,90.0,28.0,3.5929820483855295,144.46,146.43,118,62.0,63.0,0.53
07:38:36,146.0,70.0,147.0,14.0,145.0,28.0,248.38,52.0,1.0,98.0,66.0,4.180803750479074,146.0,147.0,164,32.0,46.0,0.2
07:38:37,146.0,35.0,147.0,7.0,145.0,14.0,287.0,35.0,1.0,49.0,42.0,3.6755571006337266,146.0,147.0,91,7.0,-73.0,0.08
07:38:38,145.24,21.0,225.19,21.0,143.4,10.0,306.82,39.0,79.94999999999999,31.0,60.0,17.890298488287296,145.24,225.19,91,-29.0,0.0,-0.32
07:38:39,145.0,16.0,147.0,40.0,143.0,8.0,353.84,31.0,2.0,24.0,71.0,17.49152080294948,145.0,147.0,95,-47.0,4.0,-0.49
07:38:40,145.0,12.0,147.0,30.0,143.0,6.0,224.67,12.0,2.0,18.0,42.0,17.425235149059375,145.0,147.0,60,-24.0,-35.0,-0.4
07:38:41,145.0,22.0,147.0,44.0,143.0,11.0,295.33,15.0,2.0,33.0,59.0,17.4806841971364,145.0,147.0,92,-26.0,32.0,-0.28
07:38:42,143.0,11.0,147.0,32.0,141.71,17.0,374.88,8.0,4.0,28.0,40.0,17.652360182140363,143.0,147.0,68,-12.0,-24.0,-0.18
07:38:43,142.29,14.0,147.0,24.0,141.12,17.0,368.0,6.0,4.710000000000008,31.0,30.0,0.658726043221449,142.29,147.0,61,1.0,-7.0,0.02
07:38:44,143.0,32.0,147.0,32.0,142.0,16.0,248.07,14.0,4.0,48.0,46.0,0.6308090043890351,143.0,147.0,94,2.0,33.0,0.02
07:38:45,143.0,20.0,147.0,20.0,142.0,10.0,172.0,20.0,4.0,30.0,40.0,0.5117812032679464,143.0,147.0,70,-10.0,-24.0,-0.14
07:38:46,143.0,24.0,147.0,24.0,142.0,12.0,514.07,29.0,4.0,36.0,53.0,0.16099689443741216,143.0,147.0,89,-17.0,19.0,-0.19
07:38:47,142.94,17.0,147.0,20.0,141.89,9.0,565.4,25.0,4.060000000000002,26.0,45.0,0.15817711597602918,142.94,147.0,71,-19.0,-18.0,-0.27
07:38:48,142.0,7.0,147.0,28.0,141.0,7.0,548.53,17.0,5.0,14.0,45.0,0.2206354459702769,142.0,147.0,59,-31.0,-12.0,-0.53
07:38:49,142.0,9.0,147.0,36.0,141.0,9.0,228.08,13.0,5.0,18.0,49.0,0.2686633581613781,142.0,147.0,67,-31.0,8.0,-0.46
07:38:50,143.3,23.0,147.0,44.0,141.55,11.0,278.15,47.0,3.6999999999999886,34.0,91.0,0.30352924079655985,143.3,147.0,125,-57.0,58.0,-0.46
07:38:51,144.15,34.0,147.0,48.0,139.39,23.0,275.67,54.0,2.8499999999999943,57.0,102.0,0.4552691511825512,144.15,147.0,159,-45.0,34.0,-0.28
07:38:52,137.14,56.0,147.0,32.0,136.52,92.0,315.92,26.0,9.860000000000014,148.0,58.0,1.3575234804668213,137.14,147.0,206,90.0,47.0,0.44
07:38:53,137.62,96.0,146.55,44.0,136.32,113.0,162.84,25.0,8.930000000000007,209.0,69.0,1.6832646850745012,137.62,146.55,278,140.0,72.0,0.5
07:38:54,142.0,44.0,145.91,55.0,137.48,100.0,147.0,44.0,3.9099999999999966,144.0,99.0,1.6499333319922374,142.0,145.91,243,45.0,-35.0,0.19
07:38:55,142.0,52.0,144.75,60.0,137.0,126.0,146.29,56.0,2.75,178.0,116.0,1.4574017977274394,142.0,144.75,294,62.0,51.0,0.21
07:38:56,142.0,36.0,143.32,37.0,137.0,90.0,144.95,38.0,1.3199999999999932,126.0,75.0,0.8232557318473284,142.0,143.32,201,51.0,-93.0,0.25
07:38:57,139.58,48.0,143.0,50.0,136.78,102.0,145.0,40.0,3.4199999999999875,150.0,90.0,1.0468189910483874,139.58,143.0,240,60.0,39.0,0.25
07:38:58,137.02,93.0,141.5,68.0,136.01,135.0,143.0,58.0,4.47999999999999,228.0,126.0,1.8772240143413528,137.02,141.5,354,102.0,114.0,0.29
07:38:59,137.0,69.0,139.37,54.0,134.73,30.0,141.13,46.0,2.3700000000000045,99.0,100.0,2.2032997980348674,137.0,139.37,199,-1.0,-155.0,-0.01
07:39:00,136.04,27.0,139.2,40.0,134.78,36.0,180.6,15.0,3.1599999999999966,63.0,55.0,2.123424121559593,136.04,139.2,118,8.0,-81.0,0.07
07:39:01,136.41,34.0,144.0,27.0,134.43,21.0,269.0,15.0,7.590000000000003,55.0,42.0,1.4868860077428339,136.41,144.0,97,13.0,-21.0,0.13
07:39:02,135.0,48.0,141.2,10.0,92.7,33.0,149.71,35.0,6.199999999999989,81.0,45.0,1.0461022894639822,135.0,141.2,126,36.0,29.0,0.29
07:39:03,135.2,30.0,142.75,36.0,124.23,39.0,143.48,21.0,7.550000000000011,69.0,57.0,1.0131485577257764,135.2,142.75,126,12.0,0.0,0.1
07:39:04,138.0,20.0,143.0,70.0,135.0,37.0,145.0,10.0,5.0,57.0,80.0,1.264654102915728,138.0,143.0,137,-23.0,11.0,-0.17
07:39:05,138.0,20.0,143.0,70.0,135.0,16.0,145.0,10.0,5.0,36.0,80.0,1.0750953446189182,138.0,143.0,116,-44.0,-21.0,-0.38
07:39:06,138.0,6.0,143.0,21.0,135.0,3.0,145.0,3.0,5.0,9.0,24.0,1.1193658919322296,138.0,143.0,33,-15.0,-83.0,-0.45
07:39:07,138.0,14.0,143.0,49.0,135.0,7.0,145.0,7.0,5.0,21.0,56.0,0.6842368011302474,138.0,143.0,77,-35.0,44.0,-0.45
07:39:08,134.44,18.0,143.0,63.0,87.2,41.0,145.0,9.0,8.560000000000002,59.0,72.0,0.7960402000031106,134.44,143.0,131,-13.0,54.0,-0.1
07:39:09,134.0,91.0,143.0,27.0,86.0,30.0,145.0,6.0,9.0,121.0,33.0,1.0381136739400212,134.0,143.0,154,88.0,23.0,0.57
07:39:10,136.0,60.0,142.78,23.0,124.4,50.0,144.27,11.0,6.780000000000001,110.0,34.0,0.9510625636735951,136.0,142.78,144,76.0,-10.0,0.53
07:39:11,139.0,31.0,142.0,56.0,133.04,112.0,143.0,24.0,3.0,143.0,80.0,0.9510625636735951,139.0,142.0,223,63.0,79.0,0.28
07:39:12,139.0,4.0,142.0,8.0,137.0,4.0,143.0,8.0,3.0,8.0,16.0,0.9510625636735951,139.0,142.0,24,-8.0,-180.0,-0.33
07:39:13,137.0,11.0,141.53,15.0,133.0,198.0,142.62,37.0,4.530000000000001,209.0,52.0,0.8628267497135923,137.0,141.53,261,157.0,180.0,0.6
07:39:14,137.0,9.0,141.53,15.0,133.0,162.0,142.92,53.0,4.530000000000001,171.0,68.0,0.6536283347753653,137.0,141.53,239,103.0,-22.0,0.43
07:39:15,137.0,4.0,141.0,4.0,133.0,72.0,143.0,28.0,4.0,76.0,32.0,0.731348070361346,137.0,141.0,108,44.0,-131.0,0.41
07:39:16,138.49,47.0,141.82,17.0,133.12,130.0,143.06,72.0,3.329999999999984,177.0,89.0,0.6506535176430731,138.49,141.82,266,88.0,158.0,0.33
07:39:17,140.57,70.0,143.0,49.0,137.0,7.0,145.0,14.0,2.430000000000007,77.0,63.0,1.1449323124189974,140.57,143.0,140,14.0,-126.0,0.1
07:39:18,140.88,82.0,142.21,56.0,133.76,29.0,149.31,29.0,1.3300000000000125,111.0,85.0,1.278526495627216,140.88,142.21,196,26.0,56.0,0.13
07:39:19,139.79,73.0,141.16,50.0,134.6,30.0,205.86,29.0,1.3700000000000045,103.0,79.0,1.127665730622622,139.79,141.16,182,24.0,-14.0,0.13
07:39:20,135.85,34.0,145.0,22.0,129.29,82.0,384.73,55.0,9.150000000000006,116.0,77.0,0.7344862149968965,135.85,145.0,193,39.0,11.0,0.2
07:39:21,142.99,137.0,145.0,18.0,136.56,25.0,382.95,44.0,2.009999999999991,162.0,62.0,1.4499482749463697,142.99,145.0,224,100.0,31.0,0.45
07:39:22,143.0,179.0,144.13,46.0,142.0,11.0,185.71,28.0,1.1299999999999955,190.0,74.0,1.6913397056829593,143.0,144.13,264,116.0,40.0,0.44
07:39:23,143.0,132.0,144.55,33.0,142.0,12.0,226.43,42.0,1.5500000000000114,144.0,75.0,1.827607725968418,143.0,144.55,219,69.0,-45.0,0.32
07:39:24,143.0,90.0,145.0,20.0,142.0,10.0,240.0,40.0,2.0,100.0,60.0,1.5333068838360464,143.0,145.0,160,40.0,-59.0,0.25
07:39:25,143.0,72.0,144.86,21.0,142.0,10.0,230.33,42.0,1.8600000000000136,82.0,63.0,0.18447222018117646,143.0,144.86,145,19.0,-15.0,0.13
07:39:26,143.0,77.0,144.71,17.0,142.0,13.0,190.59,37.0,1.710000000000008,90.0,54.0,0.16607227347932757,143.0,144.71,144,36.0,-1.0,0.25
07:39:27,143.36,78.0,147.0,22.0,142.33,15.0,225.82,44.0,3.6399999999999864,93.0,66.0,0.5844056810284963,143.36,147.0,159,27.0,15.0,0.17
07:39:28,144.58,264.0,147.0,20.0,143.0,50.0,272.96,49.0,2.4199999999999875,314.0,69.0,0.8819580488992095,144.58,147.0,383,245.0,180.0,0.64
07:39:29,145.0,216.0,147.0,18.0,143.0,45.0,319.29,42.0,2.0,261.0,60.0,1.013829374213348,145.0,147.0,321,201.0,-62.0,0.63
07:39:30,145.0,384.0,146.63,41.0,143.0,80.0,338.84,68.0,1.6299999999999955,464.0,109.0,0.8822527982486544,145.0,146.63,573,355.0,180.0,0.62
07:39:31,145.0,162.0,146.35,34.0,143.0,40.0,258.48,21.0,1.3499999999999943,202.0,55.0,0.3094834406189391,145.0,146.35,257,147.0,-180.0,0.57
07:39:32,145.0,144.0,149.0,22.0,142.98,50.0,284.0,44.0,4.0,194.0,66.0,0.5389990723712724,145.0,149.0,260,128.0,3.0,0.49
07:39:33,145.0,96.0,149.0,54.0,143.0,52.0,293.54,52.0,4.0,148.0,106.0,0.6489992295965589,145.0,149.0,254,42.0,-6.0,0.17
07:39:34,145.87,104.0,149.0,68.0,144.79,78.0,295.04,53.0,3.1299999999999955,182.0,121.0,0.7846527894659756,145.87,149.0,303,61.0,49.0,0.2
07:39:35,146.0,81.0,206.18,34.0,145.0,63.0,268.38,39.0,60.18000000000001,144.0,73.0,13.125427612082307,146.0,206.18,217,71.0,-86.0,0.33
07:39:36,146.0,72.0,149.0,24.0,145.0,56.0,320.94,34.0,3.0,128.0,58.0,12.90758420464544,146.0,149.0,186,70.0,-31.0,0.38
07:39:37,146.0,108.0,149.0,36.0,145.0,84.0,405.14,56.0,3.0,192.0,92.0,12.851254024413818,146.0,149.0,284,100.0,98.0,0.35
07:39:38,146.0,81.0,148.22,27.0,145.0,78.0,251.9,31.0,2.219999999999999,159.0,58.0,12.83827986920414,146.0,148.22,217,101.0,-67.0,0.47
07:39:39,146.0,117.0,148.0,39.0,145.0,97.0,149.0,39.0,2.0,214.0,78.0,12.887321288771082,146.0,148.0,292,136.0,75.0,0.47
07:39:40,146.0,99.0,148.0,33.0,145.0,77.0,149.0,33.0,2.0,176.0,66.0,0.2577207791698621,146.0,148.0,242,110.0,-50.0,0.45
07:39:41,146.0,99.0,148.0,33.0,145.0,77.0,149.0,33.0,2.0,176.0,66.0,0.21661024910189405,146.0,148.0,242,110.0,0.0,0.45
07:39:42,146.0,67.0,148.33,36.0,144.15,71.0,173.86,44.0,2.3300000000000125,138.0,80.0,0.0795612972243707,146.0,148.33,218,58.0,-24.0,0.27
07:39:43,145.05,19.0,148.69,48.0,144.93,40.0,178.31,64.0,3.6399999999999864,59.0,112.0,0.1066302021758032,145.05,148.69,171,-53.0,-47.0,-0.31
07:39:44,140.58,43.0,148.0,45.0,137.1,21.0,150.0,27.0,7.4199999999999875,64.0,72.0,1.2210773931313226,140.58,148.0,136,-8.0,-35.0,-0.06
07:39:45,137.51,47.0,148.0,80.0,136.18,82.0,150.0,48.0,10.490000000000009,129.0,128.0,1.988584924014282,137.51,148.0,257,1.0,121.0,0.0
07:39:46,137.65,20.0,142.03,33.0,136.9,67.0,146.61,59.0,4.3799999999999955,87.0,92.0,3.0430297402453417,137.65,142.03,179,-5.0,-78.0,-0.03
07:39:47,138.0,10.0,141.0,20.0,137.0,54.0,142.0,20.0,3.0,64.0,40.0,3.0955080358510534,138.0,141.0,104,24.0,-75.0,0.23
07:39:48,138.0,13.0,140.0,26.0,137.0,78.0,142.0,36.0,2.0,91.0,62.0,2.31769713293589,138.0,140.0,153,29.0,49.0,0.19
07:39:49,137.82,11.0,140.0,20.0,136.89,61.0,142.0,20.0,2.180000000000007,72.0,40.0,1.5875515739716353,137.82,140.0,112,32.0,-41.0,0.29
07:39:50,137.0,28.0,139.71,49.0,136.0,118.0,140.68,41.0,2.710000000000008,146.0,90.0,0.5698420834058155,137.0,139.71,236,56.0,124.0,0.24
07:39:51,137.0,14.0,138.86,14.0,136.0,63.0,140.0,7.0,1.8600000000000136,77.0,21.0,0.6071655458114289,137.0,138.86,98,56.0,-138.0,0.57
07:39:52,136.03,121.0,138.46,24.0,134.82,44.0,141.58,65.0,2.430000000000007,165.0,89.0,0.7253619786153395,136.03,138.46,254,76.0,156.0,0.3
07:39:53,136.0,62.0,140.86,29.0,134.0,16.0,142.33,24.0,4.860000000000014,78.0,53.0,0.6235222530277733,136.0,140.86,131,25.0,-123.0,0.19
07:39:54,136.0,61.0,140.08,39.0,117.86,14.0,143.92,50.0,4.0800000000000125,75.0,89.0,0.46996808404500773,136.0,140.08,164,-14.0,33.0,-0.09
07:39:55,136.0,20.0,138.6,30.0,135.0,50.0,143.94,65.0,2.5999999999999943,70.0,95.0,0.505816172162436,136.0,138.6,165,-25.0,1.0,-0.15
07:39:58,136.0,18.0,138.76,17.0,135.0,45.0,143.14,28.0,2.759999999999991,63.0,45.0,0.5861740356083728,136.0,138.76,108,18.0,-60.0,0.17
07:39:59,142.33,54.0,143.93,30.0,139.6,30.0,144.47,15.0,1.5999999999999943,84.0,45.0,2.7636153856896963,142.33,143.93,129,39.0,21.0,0.3
07:40:00,143.0,44.0,144.2,20.0,142.0,48.0,330.67,12.0,1.1999999999999886,92.0,32.0,3.5570170086773656,143.0,144.2,124,60.0,-5.0,0.48
07:40:01,143.0,21.0,145.0,7.0,142.0,42.0,346.14,14.0,2.0,63.0,21.0,3.661313971789264,143.0,145.0,84,42.0,-40.0,0.5
07:40:02,143.96,68.0,218.1,29.0,141.85,47.0,451.65,34.0,74.13999999999999,115.0,63.0,17.650313594948226,143.96,218.1,178,52.0,94.0,0.29
07:40:05,145.0,36.0,307.42,19.0,143.0,27.0,489.27,15.0,162.42000000000002,63.0,34.0,104.08777435414761,145.0,307.42,97,29.0,-10.0,0.3
07:40:06,145.0,20.0,328.2,5.0,143.0,15.0,491.11,18.0,183.2,35.0,23.0,85.70570091890002,145.0,328.2,58,12.0,-39.0,0.21
07:40:07,145.0,40.0,373.67,12.0,143.0,30.0,619.08,26.0,228.67000000000002,70.0,38.0,69.97260085204731,145.0,373.67,108,32.0,50.0,0.3
07:40:08,145.0,49.0,368.0,13.0,143.0,39.0,569.0,26.0,223.0,88.0,39.0,49.868259143466695,145.0,368.0,127,49.0,19.0,0.39
07:40:09,145.0,9.0,401.0,10.0,143.0,27.0,516.68,19.0,256.0,36.0,29.0,18.730223437000443,145.0,401.0,65,7.0,-62.0,0.11
07:40:10,142.42,50.0,259.5,34.0,139.49,135.0,388.18,11.0,117.08000000000001,185.0,45.0,27.978983541221858,142.42,259.5,230,140.0,165.0,0.61
07:40:11,142.0,110.0,149.14,28.0,137.0,230.0,258.62,16.0,7.139999999999986,340.0,44.0,53.245608926933826,142.0,149.14000000000001,384,296.0,154.0,0.77
07:40:12,142.0,77.0,144.0,7.0,137.0,161.0,145.0,28.0,2.0,238.0,35.0,60.54206867955528,142.0,144.0,273,203.0,-111.0,0.74
07:40:13,142.0,132.0,143.0,12.0,137.0,276.0,145.0,48.0,1.0,408.0,60.0,57.10502674896493,142.0,143.0,468,348.0,180.0,0.74
07:40:14,142.0,118.0,144.41,54.0,137.0,345.0,178.58,38.0,2.4099999999999966,463.0,92.0,25.693996964271932,142.0,144.41,555,371.0,87.0,0.67
07:40:15,142.0,45.0,146.0,36.0,137.0,207.0,213.0,18.0,4.0,252.0,54.0,1.1996166054291362,142.0,146.0,306,198.0,-180.0,0.65
07:40:16,143.0,120.0,146.0,40.0,142.0,50.0,213.0,20.0,3.0,170.0,60.0,0.8018728078825554,143.0,146.0,230,110.0,-76.0,0.48
07:40:17,143.32,87.0,146.0,44.0,142.0,55.0,213.0,22.0,2.680000000000007,142.0,66.0,0.9104504379818016,143.32,146.0,208,76.0,-22.0,0.37
07:40:18,144.0,47.0,146.0,32.0,142.0,40.0,270.5,16.0,2.0,87.0,48.0,0.6992281459015661,144.0,146.0,135,39.0,-73.0,0.29
07:40:19,144.0,34.0,145.8,35.0,142.0,55.0,279.12,32.0,1.8000000000000114,89.0,67.0,0.39461373521549764,144.0,145.8,156,22.0,21.0,0.14
07:40:20,144.69,13.0,149.38,32.0,142.26,47.0,163.22,36.0,4.689999999999998,60.0,68.0,1.0318527026762718,144.69,149.38,128,-8.0,-28.0,-0.06
07:40:21,143.63,19.0,150.0,36.0,142.49,49.0,167.0,36.0,6.3700000000000045,68.0,72.0,1.1438181673762673,143.63,150.0,140,-4.0,12.0,-0.03
07:40:22,142.11,56.0,147.94,51.0,141.17,60.0,162.58,48.0,5.829999999999984,116.0,99.0,1.0725110722132185,142.11,147.94,215,17.0,75.0,0.08
07:40:23,142.0,75.0,143.0,27.0,141.0,75.0,149.0,60.0,1.0,150.0,87.0,1.8283271042185771,142.0,143.0,237,63.0,22.0,0.27
07:40:24,142.0,55.0,143.0,11.0,141.0,55.0,149.0,44.0,1.0,110.0,55.0,2.218012623954297,142.0,143.0,165,55.0,-72.0,0.33
07:40:25,142.25,60.0,218.0,46.0,141.36,70.0,292.95,56.0,75.75,130.0,102.0,16.162757190529593,142.25,218.0,232,28.0,67.0,0.12
07:40:26,143.22,27.0,162.7,23.0,142.26,47.0,355.24,42.0,19.47999999999999,74.0,65.0,15.960532572568347,143.22,162.7,139,9.0,-93.0,0.06
07:40:27,145.0,16.0,149.0,16.0,143.0,48.0,400.0,32.0,4.0,64.0,48.0,15.747973837926418,145.0,149.0,112,16.0,-27.0,0.14
07:40:28,143.08,74.0,148.6,30.0,142.09,66.0,310.05,41.0,5.519999999999982,140.0,71.0,15.253461246550385,143.08,148.6,211,69.0,99.0,0.33
07:40:29,143.0,51.0,145.89,27.0,142.0,45.0,149.0,18.0,2.8899999999999864,96.0,45.0,14.918857865132109,143.0,145.89,141,51.0,-70.0,0.36
07:40:30,143.0,27.0,145.0,27.0,142.0,45.0,149.0,18.0,2.0,72.0,45.0,3.6161194670557,143.0,145.0,117,27.0,-24.0,0.23
07:40:31,142.78,37.0,144.71,35.0,141.36,64.0,159.8,25.0,1.9300000000000068,101.0,60.0,1.3767280050977406,142.78,144.71,161,41.0,44.0,0.25
07:40:32,141.3,50.0,149.8,20.0,139.06,102.0,221.08,36.0,8.5,152.0,56.0,0.9328611901138333,141.3,149.8,208,96.0,47.0,0.46
07:40:33,142.0,165.0,149.53,38.0,141.0,33.0,172.77,31.0,7.530000000000001,198.0,69.0,0.9091479527670938,142.0,149.53,267,129.0,59.0,0.48
07:40:34,142.0,185.0,148.79,58.0,141.0,39.0,169.94,35.0,6.789999999999992,224.0,93.0,0.9413129129149743,142.0,148.79,317,131.0,50.0,0.41
07:40:35,142.0,143.0,147.55,44.0,141.0,33.0,149.0,22.0,5.550000000000011,176.0,66.0,0.8131605007748312,142.0,147.55,242,110.0,-75.0,0.45
07:40:36,142.0,78.0,146.96,25.0,141.0,18.0,162.09,22.0,4.960000000000008,96.0,47.0,0.5429272511306557,142.0,146.96,143,49.0,-99.0,0.34
07:40:37,142.0,91.0,144.9,29.0,141.0,21.0,146.42,12.0,2.9000000000000057,112.0,41.0,0.89491340364338,142.0,144.9,153,71.0,10.0,0.46
07:40:38,142.0,104.0,143.88,26.0,141.0,24.0,144.4,20.0,1.8799999999999955,128.0,46.0,0.9991346255740408,142.0,143.88,174,82.0,21.0,0.47
07:40:39,142.0,118.0,143.54,13.0,141.0,39.0,145.5,28.0,1.539999999999992,157.0,41.0,0.9023136926930418,142.0,143.54,198,116.0,24.0,0.59
07:40:40,142.0,73.0,143.17,12.0,141.0,36.0,145.43,14.0,1.1699999999999875,109.0,26.0,0.7629089067651941,142.0,143.17,135,83.0,-63.0,0.61
07:40:41,141.4,30.0,144.0,12.0,139.45,62.0,149.0,24.0,2.5999999999999943,92.0,36.0,0.34010292562975575,141.4,144.0,128,56.0,-7.0,0.44
07:40:42,139.0,24.0,142.0,11.0,138.0,128.0,143.48,27.0,3.0,152.0,38.0,1.013518623421559,139.0,142.0,190,114.0,62.0,0.6
07:40:43,139.0,9.0,141.0,3.0,138.0,48.0,142.67,12.0,2.0,57.0,15.0,1.3461797799784234,139.0,141.0,72,42.0,-118.0,0.58
07:40:44,138.06,51.0,141.0,4.0,137.4,40.0,142.0,16.0,2.9399999999999977,91.0,20.0,1.481391238000017,138.06,141.0,111,71.0,39.0,0.64
07:40:45,138.0,153.0,141.0,13.0,137.0,104.0,142.0,52.0,3.0,257.0,65.0,1.3244168528162403,138.0,141.0,322,192.0,180.0,0.6
07:40:46,138.0,120.0,141.0,16.0,137.0,128.0,142.0,64.0,3.0,248.0,80.0,0.44235732165771763,138.0,141.0,328,168.0,6.0,0.51
07:40:47,138.0,56.0,141.0,8.0,137.0,64.0,144.55,11.0,3.0,120.0,19.0,0.22063544598352317,138.0,141.0,139,101.0,-180.0,0.73
07:40:48,138.54,89.0,143.31,13.0,137.15,95.0,146.92,13.0,4.77000000000001,184.0,26.0,0.6318227599764022,138.54,143.31,210,158.0,71.0,0.75
07:40:49,142.0,45.0,146.0,11.0,137.29,119.0,148.0,11.0,4.0,164.0,22.0,1.9530181770847668,142.0,146.0,186,142.0,-24.0,0.76
07:40:50,142.0,7.0,146.0,5.0,137.0,70.0,148.0,5.0,4.0,77.0,10.0,2.280412243438191,142.0,146.0,87,67.0,-99.0,0.77
07:40:51,142.2,15.0,145.35,23.0,137.25,116.0,147.13,15.0,3.1500000000000057,131.0,38.0,2.09702646621881,142.2,145.35,169,93.0,82.0,0.55
07:40:52,142.0,6.0,143.17,6.0,141.0,6.0,145.0,14.0,1.1699999999999875,12.0,20.0,1.330518695855748,142.0,143.17,32,-8.0,-137.0,-0.25
07:40:53,142.0,4.0,144.14,7.0,141.0,4.0,145.38,8.0,2.1399999999999864,8.0,15.0,0.6330323846544703,142.0,144.14,23,-7.0,-9.0,-0.3
07:40:54,141.56,9.0,143.77,26.0,137.27,73.0,145.0,24.0,2.210000000000008,82.0,50.0,0.6435293311276071,141.56,143.77,132,32.0,109.0,0.24
07:40:55,142.88,17.0,144.0,36.0,138.28,25.0,147.0,9.0,1.1200000000000045,42.0,45.0,0.5072770446429004,142.88,144.0,87,-3.0,-45.0,-0.03
07:40:56,143.0,16.0,144.0,32.0,141.0,8.0,147.0,8.0,1.0,24.0,40.0,0.4266145801794343,143.0,144.0,64,-16.0,-23.0,-0.25
07:40:57,142.43,7.0,144.0,28.0,137.51,39.0,147.0,7.0,1.5699999999999932,46.0,35.0,0.3366452138699954,142.43,144.0,81,11.0,17.0,0.14
07:40:58,141.67,18.0,144.0,36.0,137.11,105.0,147.0,9.0,2.3300000000000125,123.0,45.0,0.3709043003547031,141.67,144.0,168,78.0,87.0,0.46
07:40:59,142.26,38.0,144.0,36.0,141.53,15.0,147.0,9.0,1.740000000000009,53.0,45.0,0.26789923482819944,142.26,144.0,98,8.0,-70.0,0.08
07:41:00,142.43,63.0,145.36,22.0,141.77,31.0,330.68,40.0,2.930000000000007,94.0,62.0,0.4052530074181552,142.43,145.36,156,32.0,58.0,0.21
07:41:01,143.25,16.0,147.0,7.0,142.62,32.0,567.67,27.0,3.75,48.0,34.0,0.9163896551255926,143.25,147.0,82,14.0,-74.0,0.17
07:41:02,144.98,42.0,146.53,17.0,143.04,25.0,283.74,38.0,1.5500000000000114,67.0,55.0,1.2595753252667317,144.98,146.53,122,12.0,40.0,0.1
07:41:03,143.11,19.0,147.87,15.0,142.02,92.0,503.79,28.0,4.759999999999991,111.0,43.0,1.118646503601724,143.11,147.87,154,68.0,32.0,0.44
07:41:04,143.0,14.0,147.29,14.0,142.0,70.0,149.14,7.0,4.289999999999992,84.0,21.0,0.7096830278511789,143.0,147.29,105,63.0,-49.0,0.6
07:41:05,143.0,16.0,146.38,16.0,142.0,80.0,150.0,8.0,3.3799999999999955,96.0,24.0,0.4029516100227077,143.0,146.38,120,72.0,15.0,0.6
07:41:06,143.0,26.0,145.09,22.0,142.0,122.0,148.36,11.0,2.0900000000000034,148.0,33.0,0.6741513183403649,143.0,145.09,181,115.0,61.0,0.64
07:41:07,142.3,60.0,145.0,22.0,141.9,60.0,148.0,11.0,2.6999999999999886,120.0,33.0,0.7577466595243987,142.3,145.0,153,87.0,-28.0,0.57
07:41:08,142.17,36.0,145.0,14.0,141.71,17.0,148.0,7.0,2.8300000000000125,53.0,21.0,0.6765131188829082,142.17,145.0,74,32.0,-79.0,0.43
07:41:09,142.59,32.0,146.62,13.0,141.89,38.0,190.0,17.0,4.030000000000001,70.0,30.0,0.5178127074732457,142.59,146.62,100,40.0,26.0,0.4
07:41:10,142.03,67.0,147.75,16.0,140.26,58.0,189.64,28.0,5.719999999999999,125.0,44.0,0.5776936904802911,142.03,147.75,169,81.0,69.0,0.48
07:41:11,143.92,26.0,147.0,26.0,142.0,65.0,148.0,13.0,3.0800000000000125,91.0,39.0,0.8111904831915462,143.92,147.0,130,52.0,-39.0,0.4
07:41:12,145.0,28.0,146.5,28.0,142.0,70.0,148.0,14.0,1.5,98.0,42.0,0.8454170568543286,145.0,146.5,140,56.0,10.0,0.4
07:41:13,143.79,28.0,146.4,20.0,141.76,66.0,402.62,26.0,2.6100000000000136,94.0,46.0,0.4553789630846292,143.79,146.4,140,48.0,0.0,0.34
07:41:14,143.0,9.0,148.0,9.0,142.0,45.0,305.33,18.0,5.0,54.0,27.0,0.3439040564167644,143.0,148.0,81,27.0,-59.0,0.33
07:41:15,143.0,6.0,148.0,6.0,142.0,30.0,281.8,20.0,5.0,36.0,26.0,0.23674881207688322,143.0,148.0,62,10.0,-19.0,0.16
07:41:16,143.0,6.0,148.0,6.0,142.0,30.0,192.82,22.0,5.0,36.0,28.0,0.23742367198703954,143.0,148.0,64,8.0,2.0,0.12
07:41:17,143.0,2.0,148.0,2.0,142.0,10.0,166.0,10.0,5.0,12.0,12.0,0.18335757420910478,143.0,148.0,24,0.0,-40.0,0.0
07:41:18,143.0,7.0,147.57,7.0,142.0,35.0,165.4,20.0,4.569999999999993,42.0,27.0,0.09391485516050707,143.0,147.57,69,15.0,45.0,0.22
07:41:19,143.0,12.0,147.0,12.0,142.0,60.0,148.0,12.0,4.0,72.0,24.0,0.21981810666978965,143.0,147.0,96,48.0,27.0,0.5
07:41:20,143.0,10.0,146.9,10.0,142.0,50.0,148.0,10.0,3.9000000000000057,60.0,20.0,0.26414011437108703,143.0,146.9,80,40.0,-16.0,0.5
07:41:21,142.25,24.0,146.0,12.0,141.38,78.0,147.0,12.0,3.75,102.0,24.0,0.526089346043194,142.25,146.0,126,78.0,46.0,0.62
07:41:22,142.0,36.0,145.0,60.0,141.0,96.0,146.0,12.0,3.0,132.0,72.0,0.7407901187383725,142.0,145.0,204,60.0,78.0,0.29
07:41:23,141.17,87.0,143.92,38.0,140.45,49.0,144.29,49.0,2.75,136.0,87.0,1.0327778076724734,141.17,143.92,223,49.0,19.0,0.22
07:41:24,141.14,56.0,144.0,50.0,139.8,20.0,147.08,13.0,2.8600000000000136,76.0,63.0,1.0304222435589532,141.14,144.0,139,13.0,-84.0,0.09
07:41:25,142.72,43.0,144.53,68.0,140.27,55.0,177.11,63.0,1.8100000000000023,98.0,131.0,0.6916140542392342,142.72,144.53,229,-33.0,90.0,-0.14
07:41:26,141.0,42.0,144.4,15.0,137.0,91.0,167.3,46.0,3.4000000000000057,133.0,61.0,0.5300471677326392,141.0,144.4,194,72.0,-35.0,0.37
07:41:27,141.0,16.0,142.0,6.0,137.0,72.0,146.0,35.0,1.0,88.0,41.0,0.7556123344821913,141.0,142.0,129,47.0,-65.0,0.36
07:41:28,137.04,103.0,139.82,11.0,136.44,25.0,145.57,28.0,2.780000000000001,128.0,39.0,2.012021371661362,137.04,139.82,167,89.0,38.0,0.53
07:41:29,137.0,220.0,145.47,40.0,136.0,34.0,146.67,30.0,8.469999999999999,254.0,70.0,1.9665579066028591,137.0,145.47,324,184.0,157.0,0.57
07:41:30,137.55,31.0,145.0,6.0,136.97,64.0,146.0,6.0,7.449999999999989,95.0,12.0,1.5709455751306267,137.55,145.0,107,83.0,-180.0,0.78
07:41:31,140.18,88.0,143.6,30.0,137.31,95.0,145.43,14.0,3.4199999999999875,183.0,44.0,1.3863368998993673,140.18,143.6,227,139.0,120.0,0.61
07:41:32,141.0,72.0,142.33,45.0,138.0,9.0,144.0,9.0,1.3300000000000125,81.0,54.0,1.4076931483894375,141.0,142.33,135,27.0,-92.0,0.2
07:41:33,141.0,96.0,142.0,60.0,138.0,12.0,144.0,12.0,1.0,108.0,72.0,0.2740985224736801,141.0,142.0,180,36.0,45.0,0.2
07:41:34,141.0,38.0,143.33,15.0,138.0,11.0,146.08,13.0,2.3300000000000125,49.0,28.0,0.3474190553526872,141.0,143.33,77,21.0,-103.0,0.27
07:41:35,141.0,18.0,143.83,6.0,138.0,6.0,147.0,18.0,2.8300000000000125,24.0,24.0,0.3714162086151224,141.0,143.83,48,0.0,-29.0,0.0
07:41:36,141.12,34.0,143.27,22.0,139.12,16.0,144.5,44.0,2.1500000000000057,50.0,66.0,0.38854858128939285,141.12,143.27,116,-16.0,68.0,-0.14
07:41:37,141.06,18.0,144.0,45.0,138.6,10.0,145.0,27.0,2.9399999999999977,28.0,72.0,0.4005371393790033,141.06,144.0,100,-44.0,-16.0,-0.44
07:41:38,141.0,7.0,144.0,35.0,138.0,7.0,145.0,21.0,3.0,14.0,56.0,0.1686119806592043,141.0,144.0,70,-42.0,-30.0,-0.6
07:41:39,141.0,9.0,144.0,45.0,138.6,15.0,145.0,27.0,3.0,24.0,72.0,0.1349073757130617,141.0,144.0,96,-48.0,26.0,-0.5
07:41:40,141.0,7.0,144.0,35.0,138.12,32.0,145.0,21.0,3.0,39.0,56.0,0.1381303732774837,141.0,144.0,95,-17.0,-1.0,-0.18
07:41:41,141.0,13.0,144.0,65.0,137.0,151.0,145.0,39.0,3.0,164.0,104.0,0.013416408675413575,141.0,144.0,268,60.0,173.0,0.22
07:41:42,137.18,55.0,144.0,45.0,136.79,78.0,145.0,27.0,6.819999999999993,133.0,72.0,0.8541779674177601,137.18,144.0,205,61.0,-63.0,0.3
07:41:43,141.37,27.0,144.0,50.0,137.49,47.0,145.0,30.0,2.6299999999999955,74.0,80.0,0.8792781130119868,141.37,144.0,154,-6.0,-51.0,-0.04
07:41:44,142.54,26.0,144.0,40.0,139.6,10.0,145.0,24.0,1.460000000000008,36.0,64.0,1.0120029644333355,142.54,144.0,100,-28.0,-54.0,-0.28
07:41:45,142.0,26.0,143.92,65.0,138.0,13.0,144.88,41.0,1.9199999999999875,39.0,106.0,1.0536460506364647,142.0,143.92,145,-67.0,45.0,-0.46
07:41:46,139.88,17.0,142.43,44.0,137.04,94.0,189.3,60.0,2.5500000000000114,111.0,104.0,1.1847489185569842,139.88,142.43,215,7.0,70.0,0.03
07:41:47,137.06,53.0,139.0,19.0,136.5,60.0,140.0,16.0,1.9399999999999977,113.0,35.0,2.1657954658790346,137.06,139.0,148,78.0,-67.0,0.53
07:41:48,137.0,120.0,138.58,24.0,135.67,54.0,140.0,24.0,1.5800000000000125,174.0,48.0,2.622226153485369,137.0,138.58,222,126.0,74.0,0.57
07:41:49,137.0,146.0,138.56,32.0,135.0,48.0,141.58,38.0,1.5600000000000023,194.0,70.0,2.38542029840093,137.0,138.56,264,124.0,42.0,0.47
07:41:50,137.0,56.0,141.0,14.0,135.0,21.0,143.0,28.0,4.0,77.0,42.0,1.436269473331354,137.0,141.0,119,35.0,-145.0,0.29
07:41:51,137.0,56.0,141.0,40.0,135.0,36.0,144.09,44.0,4.0,92.0,84.0,0.6287686379136009,137.0,141.0,176,8.0,57.0,0.05
07:41:52,137.0,32.0,141.0,48.0,135.0,24.0,147.0,24.0,4.0,56.0,72.0,0.6654922989964901,137.0,141.0,128,-16.0,-48.0,-0.12
07:41:53,137.0,32.0,141.0,48.0,135.0,24.0,147.0,24.0,4.0,56.0,72.0,0.5456005865315059,137.0,141.0,128,-16.0,0.0,-0.12
07:41:54,138.12,88.0,141.0,60.0,136.83,70.0,147.0,30.0,2.8799999999999955,158.0,90.0,0.25043961352662314,138.12,141.0,248,68.0,120.0,0.27
07:41:55,139.0,63.0,144.46,26.0,137.0,55.0,151.55,11.0,5.460000000000008,118.0,37.0,1.1833934257139902,139.0,144.46,155,81.0,-93.0,0.52
07:41:56,139.64,116.0,146.4,50.0,136.99,138.0,216.98,49.0,6.760000000000019,254.0,99.0,1.8193185537510312,139.64,146.4,353,155.0,180.0,0.44
07:41:57,143.0,50.0,229.4,30.0,137.0,148.0,251.09,47.0,86.4,198.0,77.0,20.356196108311053,143.0,229.4,275,121.0,-78.0,0.44
07:41:58,144.0,60.0,149.0,48.0,143.0,24.0,299.0,48.0,5.0,84.0,96.0,19.61484692777431,144.0,149.0,180,-12.0,-95.0,-0.07
07:41:59,144.44,62.0,149.0,44.0,143.2,25.0,409.67,39.0,4.560000000000002,87.0,83.0,18.7776723797178,144.44,149.0,170,4.0,-10.0,0.02
07:42:00,145.2,90.0,149.0,60.0,144.07,56.0,494.55,47.0,3.8000000000000114,146.0,107.0,18.12606189992785,145.2,149.0,253,39.0,83.0,0.15
07:42:01,146.0,30.0,149.0,40.0,145.0,50.0,473.06,36.0,3.0,80.0,76.0,17.555030048393984,146.0,149.0,156,4.0,-97.0,0.03
07:42:02,146.0,24.0,148.31,26.0,145.0,40.0,207.6,30.0,2.3100000000000023,64.0,56.0,0.39074288223743353,146.0,148.31,120,8.0,-36.0,0.07
07:42:03,146.0,27.0,147.44,27.0,145.0,45.0,149.22,36.0,1.4399999999999977,72.0,63.0,0.32866396215465565,146.0,147.44,135,9.0,15.0,0.07
07:42:04,145.0,70.0,151.0,56.0,143.0,56.0,292.7,46.0,6.0,126.0,102.0,0.4818505992723287,145.0,151.0,228,24.0,93.0,0.11
07:42:05,144.84,49.0,151.0,40.0,142.97,37.0,222.0,20.0,6.159999999999997,86.0,60.0,0.5358357957611939,144.84,151.0,146,26.0,-82.0,0.18
07:42:06,143.53,17.0,150.89,45.0,142.95,38.0,313.81,42.0,7.359999999999985,55.0,87.0,0.5457563559126513,143.53,150.89,142,-32.0,-4.0,-0.23
07:42:07,143.6,10.0,150.0,50.0,142.5,32.0,344.0,41.0,6.400000000000006,42.0,91.0,0.6050619803120008,143.6,150.0,133,-49.0,-9.0,-0.37
07:42:08,142.0,11.0,150.0,55.0,141.0,22.0,438.63,38.0,8.0,33.0,93.0,0.8302891062871608,142.0,150.0,126,-60.0,-7.0,-0.48
07:42:09,143.83,23.0,150.0,70.0,141.22,23.0,199.2,35.0,6.1699999999999875,46.0,105.0,0.6952481571490958,143.83,150.0,151,-59.0,25.0,-0.39
07:42:10,142.0,14.0,149.86,70.0,141.0,28.0,152.0,14.0,7.860000000000014,42.0,84.0,0.5728437832597761,142.0,149.86,126,-42.0,-25.0,-0.33
07:42:11,142.0,11.0,148.09,55.0,141.0,22.0,152.0,11.0,6.090000000000003,33.0,66.0,0.7550298007493021,142.0,148.09,99,-33.0,-27.0,-0.33
07:42:12,141.89,73.0,146.46,65.0,140.43,42.0,151.92,13.0,4.570000000000022,115.0,78.0,1.0371740451918954,141.89,146.46,193,37.0,94.0,0.19
07:42:13,142.0,82.0,144.89,66.0,141.0,28.0,147.55,22.0,2.8899999999999864,110.0,88.0,1.372617936652411,142.0,144.89,198,22.0,5.0,0.11
07:42:14,138.51,65.0,143.0,23.0,137.43,130.0,144.0,50.0,4.490000000000009,195.0,73.0,1.977554044778654,138.51,143.0,268,122.0,70.0,0.46
07:42:15,139.33,30.0,144.0,30.0,137.56,72.0,148.0,6.0,4.6699999999999875,102.0,36.0,1.7767104434940264,139.33,144.0,138,66.0,-130.0,0.48
07:42:16,139.62,40.0,144.0,22.0,137.54,117.0,148.0,10.0,4.3799999999999955,157.0,32.0,1.4027187886461676,139.62,144.0,189,125.0,51.0,0.66
07:42:17,138.0,63.0,141.38,16.0,137.0,126.0,143.7,10.0,3.3799999999999955,189.0,26.0,1.393082912113027,138.0,141.38,215,163.0,26.0,0.76
07:42:18,138.0,63.0,140.67,9.0,137.0,126.0,141.92,25.0,2.6699999999999875,189.0,34.0,1.124722187929815,138.0,140.67,223,155.0,8.0,0.7
07:42:19,138.3,80.0,140.75,60.0,137.16,180.0,142.0,36.0,2.4499999999999886,260.0,96.0,1.2254305365959004,138.3,140.75,356,164.0,133.0,0.46
07:42:20,137.15,130.0,138.89,45.0,136.83,89.0,144.18,33.0,1.7399999999999807,219.0,78.0,1.3635908477332943,137.15,138.89,297,141.0,-59.0,0.47
07:42:21,137.0,78.0,141.11,18.0,136.0,12.0,172.15,13.0,4.110000000000014,90.0,31.0,0.6615360912468998,137.0,141.11,121,59.0,-176.0,0.49
07:42:22,137.0,136.0,143.88,26.0,135.0,16.0,298.54,13.0,6.8799999999999955,152.0,39.0,0.8727141571111122,137.0,143.88,191,113.0,70.0,0.59
07:42:23,137.0,97.0,142.0,30.0,136.0,30.0,143.0,21.0,5.0,127.0,51.0,0.8786353054721533,137.0,142.0,178,76.0,-13.0,0.43
07:42:24,137.0,120.0,142.0,50.0,136.0,50.0,143.0,40.0,5.0,170.0,90.0,0.8768580272895645,137.0,142.0,260,80.0,82.0,0.31
07:42:25,137.0,118.0,140.51,37.0,136.0,45.0,141.49,43.0,3.509999999999991,163.0,80.0,0.6350747987616034,137.0,140.51,243,83.0,-17.0,0.34
07:42:26,137.0,140.0,139.82,33.0,136.0,55.0,141.0,105.0,2.819999999999993,195.0,138.0,0.7843596114169504,137.0,139.82,333,57.0,90.0,0.17
07:42:27,137.0,131.0,140.53,49.0,136.0,55.0,141.96,67.0,3.530000000000001,186.0,116.0,0.48935672062647134,137.0,140.53,302,70.0,-31.0,0.23
07:42:28,137.0,50.0,142.0,30.0,136.0,25.0,143.8,15.0,5.0,75.0,45.0,0.48935672062647134,137.0,142.0,120,30.0,-180.0,0.25
07:42:29,137.0,70.0,142.0,49.0,136.0,35.0,144.0,21.0,5.0,105.0,70.0,0.48935672062647134,137.0,142.0,175,35.0,55.0,0.2
07:42:30,137.19,63.0,142.0,36.0,136.29,35.0,144.0,18.0,4.810000000000002,98.0,54.0,0.5336946692840571,137.19,142.0,152,44.0,-23.0,0.29
07:42:31,141.0,18.0,142.0,36.0,137.0,60.0,144.0,18.0,1.0,78.0,54.0,1.0207252323823208,141.0,142.0,132,24.0,-20.0,0.18
07:42:32,141.0,18.0,142.0,36.0,137.0,60.0,144.0,18.0,1.0,78.0,54.0,1.077961038267025,141.0,142.0,132,24.0,0.0,0.18
07:42:33,141.0,21.0,142.0,42.0,135.0,35.0,144.0,21.0,1.0,56.0,63.0,1.06864400060149,141.0,142.0,119,-7.0,-13.0,-0.06
07:42:34,136.1,49.0,141.94,51.0,134.48,31.0,143.14,42.0,5.840000000000003,80.0,93.0,1.2169141300936506,136.1,141.94,173,-13.0,54.0,-0.08
07:42:35,135.59,17.0,140.85,13.0,134.12,24.0,142.0,53.0,5.259999999999991,41.0,66.0,1.6025978909326304,135.59,140.85,107,-25.0,-66.0,-0.23
07:42:36,134.0,17.0,138.48,21.0,119.42,33.0,139.73,45.0,4.47999999999999,50.0,66.0,2.2521278826972035,134.0,138.48,116,-16.0,9.0,-0.14
07:42:42,135.25,24.0,139.0,8.0,90.0,40.0,176.0,24.0,3.75,64.0,32.0,0.7372719986706627,135.25,139.0,96,32.0,-8.0,0.33
07:42:46,119.7,30.0,187.0,23.0,113.0,50.0,482.83,23.0,67.3,80.0,46.0,17.168344998864274,119.7,187.0,126,34.0,10.0,0.27
07:42:47,123.88,33.0,182.0,10.0,105.85,47.0,283.36,22.0,58.120000000000005,80.0,32.0,20.200760629244286,123.88,182.0,112,48.0,-14.0,0.43
07:42:48,133.55,31.0,182.0,11.0,129.59,22.0,365.9,31.0,48.44999999999999,53.0,42.0,21.217798424907844,133.55,182.0,95,11.0,-17.0,0.12
07:42:49,135.0,21.0,289.87,15.0,133.0,7.0,402.57,21.0,154.87,28.0,36.0,31.1917541988265,135.0,289.87,64,-8.0,-31.0,-0.12
07:42:50,135.35,23.0,235.27,15.0,134.66,29.0,257.83,24.0,99.92000000000002,52.0,39.0,26.099291178114477,135.35,235.27,91,13.0,27.0,0.14
07:42:51,142.76,76.0,234.38,13.0,139.98,45.0,269.4,30.0,91.62,121.0,43.0,24.382300547733387,142.76,234.38,164,78.0,73.0,0.48
07:42:52,143.0,40.0,234.0,7.0,142.0,28.0,304.86,21.0,91.0,68.0,28.0,19.41312391141611,143.0,234.0,96,40.0,-68.0,0.42
07:42:53,143.0,75.0,166.35,26.0,142.0,60.0,183.29,28.0,23.349999999999994,135.0,54.0,20.575414455120864,143.0,166.34999999999997,189,81.0,93.0,0.43
07:42:54,143.0,49.0,179.86,21.0,142.0,44.0,206.37,27.0,36.860000000000014,93.0,48.0,16.33801334312107,143.0,179.86,141,45.0,-48.0,0.32
07:42:55,143.39,31.0,416.2,20.0,142.2,30.0,566.56,27.0,272.81,61.0,47.0,50.06386041846946,143.39,416.2,108,14.0,-33.0,0.13
07:42:56,145.0,24.0,277.57,28.0,143.0,41.0,497.86,21.0,132.57,65.0,49.0,50.41051358595735,145.0,277.57,114,16.0,6.0,0.14
07:42:57,145.11,19.0,444.91,35.0,143.0,77.0,605.98,41.0,299.8,96.0,76.0,65.14350098052745,145.11,444.91,172,20.0,58.0,0.12
07:42:58,146.0,8.0,392.16,31.0,143.0,56.0,542.8,25.0,246.16000000000003,64.0,56.0,55.67177830822336,146.0,392.16,120,8.0,-52.0,0.07
07:42:59,146.0,5.0,322.8,20.0,143.0,35.0,552.84,19.0,176.8,40.0,39.0,34.30035612059973,146.0,322.8,79,1.0,-41.0,0.01
07:43:00,146.0,12.0,359.78,46.0,143.0,84.0,500.25,48.0,213.77999999999997,96.0,94.0,32.04690671500083,146.0,359.7799999999999,190,2.0,111.0,0.01
07:43:01,143.27,22.0,242.69,26.0,138.73,181.0,264.32,37.0,99.41999999999999,203.0,63.0,38.36201597935081,143.27,242.69,266,140.0,76.0,0.53
07:43:02,137.29,373.0,233.37,75.0,136.94,471.0,240.55,49.0,96.08000000000001,844.0,124.0,36.70663196208521,137.29,233.37,968,720.0,180.0,0.74
07:43:03,137.0,457.0,160.59,17.0,134.0,12.0,186.84,25.0,23.590000000000003,469.0,42.0,41.31056487147068,137.0,160.59,511,427.0,-180.0,0.84
07:43:04,137.0,292.0,156.38,16.0,134.0,8.0,159.0,8.0,19.379999999999995,300.0,24.0,43.15986885985632,137.0,156.38,324,276.0,-180.0,0.85
07:43:05,137.09,407.0,148.86,42.0,136.2,45.0,154.09,33.0,11.77000000000001,452.0,75.0,23.80100249989495,137.09,148.86,527,377.0,180.0,0.72
07:43:06,143.0,54.0,144.15,52.0,138.47,258.0,146.23,52.0,1.1500000000000057,312.0,104.0,17.965191899893806,143.0,144.15,416,208.0,-111.0,0.5
07:43:07,143.0,21.0,144.0,36.0,140.07,116.0,168.11,36.0,1.0,137.0,72.0,2.5274156761430127,143.0,144.0,209,65.0,-180.0,0.31
07:43:08,140.17,89.0,240.0,44.0,137.78,156.0,358.82,44.0,99.83000000000001,245.0,88.0,20.57709479008177,140.17,240.0,333,157.0,124.0,0.47
07:43:09,140.0,140.0,240.74,31.0,137.0,84.0,252.62,39.0,100.74000000000001,224.0,70.0,25.675769706086832,140.0,240.74,294,154.0,-39.0,0.52
07:43:10,140.49,122.0,231.34,35.0,138.41,119.0,236.69,39.0,90.85,241.0,74.0,24.846909264534332,140.49,231.34,315,167.0,21.0,0.53
07:43:11,146.0,26.0,231.85,39.0,139.69,67.0,233.0,39.0,85.85,93.0,78.0,20.34522843322231,146.0,231.85,171,15.0,-144.0,0.09
07:43:12,140.37,65.0,190.98,50.0,138.01,69.0,206.2,49.0,50.609999999999985,134.0,99.0,10.502864847268828,140.37,190.98,233,35.0,62.0,0.15
07:43:13,140.0,39.0,174.08,36.0,139.0,12.0,175.17,36.0,34.08000000000001,51.0,72.0,15.21080964314519,140.0,174.08,123,-21.0,-110.0,-0.17
07:43:14,140.0,10.0,170.4,30.0,139.0,10.0,171.8,30.0,30.400000000000006,20.0,60.0,15.934638370543656,140.0,170.4,80,-40.0,-43.0,-0.5
07:43:15,140.0,25.0,164.95,58.0,139.0,19.0,166.12,59.0,24.94999999999999,44.0,117.0,14.853617404524911,140.0,164.95,161,-73.0,81.0,-0.45
07:43:16,140.0,14.0,160.67,36.0,139.0,14.0,163.36,42.0,20.669999999999987,28.0,78.0,5.910572730286725,140.0,160.67,106,-50.0,-55.0,-0.47
07:43:17,140.0,9.0,149.08,24.0,139.0,9.0,151.3,20.0,9.080000000000013,18.0,44.0,4.854578251507667,140.0,149.08,62,-26.0,-44.0,-0.42
07:43:18,139.93,14.0,143.59,51.0,137.79,33.0,144.62,29.0,3.6599999999999966,47.0,80.0,5.578104516770259,139.93,143.59,127,-33.0,65.0,-0.26
07:43:19,137.19,166.0,144.18,17.0,136.02,55.0,382.88,51.0,6.990000000000009,221.0,68.0,5.2204338900147125,137.19,144.18,289,153.0,162.0,0.53
07:43:20,142.0,78.0,145.21,14.0,137.0,221.0,289.9,31.0,3.210000000000008,299.0,45.0,3.7544413698997867,142.0,145.21,344,254.0,55.0,0.74
07:43:21,142.0,36.0,143.67,6.0,137.42,38.0,146.0,12.0,1.6699999999999875,74.0,18.0,1.5160244061411638,142.0,143.67,92,56.0,-180.0,0.61
07:43:22,141.12,34.0,407.36,39.0,137.26,91.0,522.66,47.0,266.24,125.0,86.0,59.05148541738813,141.12,407.36,211,39.0,119.0,0.18
07:43:23,142.22,36.0,341.08,65.0,137.57,87.0,515.98,53.0,198.85999999999999,123.0,118.0,64.35027482458791,142.22,341.08,241,5.0,30.0,0.02
07:43:24,143.0,30.0,186.0,50.0,139.0,20.0,299.42,36.0,43.0,50.0,86.0,60.693371384361164,143.0,186.0,136,-36.0,-105.0,-0.26
07:43:25,143.0,33.0,186.0,55.0,139.0,22.0,332.86,35.0,43.0,55.0,90.0,57.01984154660541,143.0,186.0,145,-35.0,9.0,-0.24
07:43:26,143.0,42.0,186.0,50.0,139.0,20.0,260.64,14.0,43.0,62.0,64.0,52.46288135434411,143.0,186.0,126,-2.0,-19.0,-0.02
07:43:27,137.28,64.0,185.0,8.0,135.88,16.0,207.17,36.0,47.72,80.0,44.0,34.908520736347434,137.28,185.0,124,36.0,-2.0,0.29
07:43:28,137.0,84.0,184.75,12.0,134.0,24.0,389.14,36.0,47.75,108.0,48.0,1.9137606955956308,137.0,184.75,156,60.0,32.0,0.38
