Time,Bid1_Price,Bid1_Volume,Ask1_Price,Ask1_Volume,Bid2_Price,Bid2_Volume,Ask2_Price,Ask2_Volume,Bid_Ask_Spread,Market_Depth_Bid,Market_Depth_Ask,Historical_Volatility,Weighted_Avg_Bid_Price,Weighted_Avg_Ask_Price,Total_volume,Cumulative_Volume_Difference,Total_Volume_Change_Corrected,Order_imbalance
07:30:17,102.68,34.0,103.67,36.0,93.9,10.0,104.71,34.0,0.9899999999999949,44.0,70.0,2.590438186870782,102.68,103.67,114,-26.0,74.0,-0.23
07:30:18,101.76,88.0,107.37,30.0,78.4,20.0,111.07,27.0,5.609999999999999,108.0,57.0,2.7844155580657026,101.76,107.37000000000002,165,51.0,51.0,0.31
07:30:19,104.47,66.0,112.71,56.0,100.0,77.0,113.91,44.0,8.239999999999995,143.0,100.0,3.709208810514485,104.47,112.71,243,43.0,78.0,0.18
07:30:20,106.74,34.0,112.78,54.0,99.38,24.0,113.28,25.0,6.040000000000006,58.0,79.0,3.718006186116189,106.74,112.78,137,-21.0,-106.0,-0.15
07:30:21,102.0,9.0,113.0,38.0,101.0,19.0,114.0,7.0,11.0,28.0,45.0,2.7665375471874962,102.0,113.0,73,-17.0,-64.0,-0.23
07:30:22,109.45,38.0,113.0,20.0,106.54,28.0,114.0,10.0,3.549999999999997,66.0,30.0,2.518249391938412,109.45,113.0,96,36.0,23.0,0.38
07:30:23,110.0,28.0,113.0,16.0,109.0,24.0,114.0,8.0,3.0,52.0,24.0,1.7047815109268851,110.0,113.0,76,28.0,-20.0,0.37
07:30:24,110.49,55.0,113.29,34.0,109.54,59.0,113.96,24.0,2.8000000000000114,114.0,58.0,1.7971310469740747,110.49,113.29,172,56.0,96.0,0.33
07:30:25,112.0,18.0,114.0,27.0,110.0,36.0,115.0,9.0,2.0,54.0,36.0,2.0819510080686645,112.0,114.0,90,18.0,-82.0,0.2
07:30:26,110.91,22.0,113.43,28.0,109.69,29.0,114.25,16.0,2.5200000000000102,51.0,44.0,0.6873354348483132,110.91,113.42999999999999,95,7.0,5.0,0.07
07:30:27,110.0,19.0,114.0,13.0,109.0,15.0,115.0,7.0,4.0,34.0,20.0,0.5541389717373416,110.0,114.0,54,14.0,-41.0,0.26
07:30:28,109.47,30.0,112.57,28.0,106.4,120.0,113.86,21.0,3.0999999999999943,150.0,49.0,0.7071279940704636,109.47,112.57000000000001,199,101.0,145.0,0.51
07:30:29,110.0,14.0,112.0,28.0,109.0,28.0,113.0,14.0,2.0,42.0,42.0,0.8452928486614054,110.0,112.0,84,0.0,-115.0,0.0
07:30:30,109.67,12.0,112.0,15.0,108.44,27.0,113.0,9.0,2.3299999999999983,39.0,24.0,0.6289117585147398,109.67,112.0,63,15.0,-21.0,0.24
07:30:31,109.0,10.0,112.0,5.0,108.0,25.0,113.0,5.0,3.0,35.0,10.0,0.5600892785959092,109.0,112.0,45,25.0,-18.0,0.56
07:30:32,109.0,24.0,111.33,12.0,108.0,60.0,112.75,12.0,2.3299999999999983,84.0,24.0,0.36404670029828257,109.0,111.33,108,60.0,63.0,0.56
07:30:33,109.0,29.0,111.33,12.0,108.0,60.0,112.94,18.0,2.3299999999999983,89.0,30.0,0.37779624137629864,109.0,111.33,119,59.0,11.0,0.5
07:30:34,108.09,22.0,112.71,14.0,106.3,66.0,128.3,23.0,4.61999999999999,88.0,37.0,0.27373344698456603,108.09,112.71,125,51.0,6.0,0.41
07:30:35,108.0,104.0,112.5,28.0,106.0,140.0,134.88,32.0,4.5,244.0,60.0,0.14686728702488314,108.0,112.5,304,184.0,176.0,0.61
07:30:36,108.0,88.0,112.92,26.0,106.0,112.0,155.4,35.0,4.920000000000002,200.0,61.0,0.13360389215157004,108.0,112.92,261,139.0,-43.0,0.53
07:30:37,108.0,24.0,112.0,9.0,106.04,102.0,113.67,27.0,4.0,126.0,36.0,0.18392933425108826,108.0,112.0,162,90.0,-99.0,0.56
07:30:38,108.0,24.0,112.0,8.0,107.0,16.0,114.0,24.0,4.0,40.0,32.0,0.21661024906049423,108.0,112.0,72,8.0,-90.0,0.11
07:30:39,108.34,59.0,113.69,32.0,107.1,29.0,218.28,57.0,5.349999999999994,88.0,89.0,0.419082330811081,108.34,113.69,177,-1.0,105.0,-0.01
07:30:40,109.0,160.0,114.0,22.0,108.0,24.0,140.0,40.0,5.0,184.0,62.0,0.655270936329427,109.0,114.0,246,122.0,69.0,0.5
07:30:41,109.0,280.0,112.38,64.0,108.0,42.0,130.96,46.0,3.3799999999999955,322.0,110.0,0.6515750148663179,109.0,112.38,432,212.0,176.0,0.49
07:30:42,107.3,10.0,112.0,48.0,106.02,84.0,114.0,12.0,4.700000000000003,94.0,60.0,0.7490327095648356,107.3,112.0,154,34.0,-176.0,0.22
07:30:43,108.04,24.0,112.0,96.0,106.19,95.0,114.0,24.0,3.9599999999999937,119.0,120.0,0.7452717625121986,108.04,112.0,239,-1.0,85.0,-0.0
07:30:44,109.0,10.0,112.0,80.0,108.0,30.0,114.0,20.0,3.0,40.0,100.0,0.704464335504671,109.0,112.0,140,-60.0,-99.0,-0.43
07:30:45,110.14,28.0,112.0,120.0,107.17,47.0,114.0,30.0,1.8599999999999994,75.0,150.0,0.5587754468460824,110.14,112.0,225,-75.0,85.0,-0.33
07:30:46,108.1,63.0,112.0,92.0,106.08,165.0,121.64,22.0,3.9000000000000057,228.0,114.0,0.5448577796067882,108.1,112.0,342,114.0,117.0,0.33
07:30:47,108.0,51.0,112.0,72.0,106.0,168.0,131.77,13.0,4.0,219.0,85.0,0.46364857381215213,108.0,112.0,304,134.0,-38.0,0.44
07:30:48,106.14,118.0,111.9,80.0,105.58,96.0,113.63,35.0,5.760000000000005,214.0,115.0,0.7543010009260523,106.14,111.9,329,99.0,25.0,0.3
07:30:49,106.37,27.0,112.0,42.0,105.87,63.0,113.0,14.0,5.6299999999999955,90.0,56.0,0.8176368386992139,106.37,112.0,146,34.0,-176.0,0.23
07:30:50,106.08,50.0,112.0,48.0,105.48,46.0,113.0,16.0,5.920000000000002,96.0,64.0,0.5202403290769042,106.08,112.0,160,32.0,14.0,0.2
07:30:51,106.2,59.0,112.0,48.0,105.22,36.0,113.0,16.0,5.799999999999997,95.0,64.0,0.41340053216952405,106.2,112.0,159,31.0,-1.0,0.19
07:30:52,107.58,152.0,112.0,36.0,105.8,80.0,113.0,24.0,4.420000000000002,232.0,60.0,0.32104516815869905,107.58,112.0,292,172.0,133.0,0.59
07:30:53,108.0,118.0,112.0,31.0,106.0,64.0,113.0,16.0,4.0,182.0,47.0,0.4395793443714637,108.0,112.0,229,135.0,-63.0,0.59
07:30:54,108.0,140.0,111.0,19.0,105.67,60.0,112.0,50.0,3.0,200.0,69.0,0.41973801352515594,108.0,111.0,269,131.0,40.0,0.49
07:30:55,108.05,129.0,111.0,10.0,105.84,50.0,112.0,64.0,2.950000000000003,179.0,74.0,0.3394407164705513,108.05,111.0,253,105.0,-16.0,0.42
07:30:56,110.0,66.0,111.92,53.0,108.0,154.0,115.57,51.0,1.9200000000000017,220.0,104.0,0.5990659396076655,110.0,111.92,324,116.0,71.0,0.36
07:30:57,110.0,34.0,112.0,56.0,108.0,112.0,126.0,8.0,2.0,146.0,64.0,0.7432899837869471,110.0,112.0,210,82.0,-114.0,0.39
07:30:58,110.0,33.0,111.55,64.0,108.0,150.0,113.94,36.0,1.5499999999999972,183.0,100.0,0.7717512552616869,110.0,111.55,283,83.0,73.0,0.29
07:30:59,110.0,27.0,111.0,63.0,108.02,100.0,112.0,37.0,1.0,127.0,100.0,0.6087692502073163,110.0,111.0,227,27.0,-56.0,0.12
07:31:00,108.21,116.0,110.95,84.0,106.93,120.0,111.87,39.0,2.740000000000009,236.0,123.0,0.5834552253583611,108.21,110.95000000000002,359,113.0,132.0,0.31
07:31:01,109.02,53.0,111.0,110.0,107.76,133.0,113.27,22.0,1.980000000000004,186.0,132.0,0.5760815914416892,109.02,111.0,318,54.0,-41.0,0.17
07:31:02,108.16,112.0,110.87,76.0,106.43,182.0,112.78,37.0,2.710000000000008,294.0,113.0,0.5550045044844297,108.16,110.87,407,181.0,89.0,0.44
07:31:03,106.47,72.0,111.0,40.0,105.74,107.0,113.25,32.0,4.530000000000001,179.0,72.0,0.6525105363118953,106.47,111.0,251,107.0,-156.0,0.43
07:31:04,108.05,22.0,111.0,40.0,107.34,98.0,113.0,30.0,2.950000000000003,120.0,70.0,0.4584430171766677,108.05,111.0,190,50.0,-61.0,0.26
07:31:05,108.15,87.0,111.0,60.0,107.17,155.0,113.0,45.0,2.8499999999999943,242.0,105.0,0.45787552893559025,108.15,111.0,347,137.0,157.0,0.39
07:31:06,108.0,120.0,110.67,48.0,106.0,136.0,112.47,34.0,2.6700000000000017,256.0,82.0,0.3442818612678401,108.0,110.67,338,174.0,-9.0,0.51
07:31:07,108.23,78.0,110.0,51.0,106.82,147.0,112.0,24.0,1.769999999999996,225.0,75.0,0.33857052440820673,108.23,110.0,300,150.0,-38.0,0.5
07:31:08,108.0,104.0,110.0,24.0,106.0,204.0,112.0,45.0,2.0,308.0,69.0,0.24712345092695473,108.0,110.0,377,239.0,77.0,0.63
07:31:09,108.0,45.0,110.0,14.0,106.0,119.0,112.0,35.0,2.0,164.0,49.0,0.24501020386516445,108.0,110.0,213,115.0,-164.0,0.54
07:31:10,108.0,63.0,110.57,14.0,106.0,153.0,112.28,29.0,2.569999999999993,216.0,43.0,0.15642889757986664,108.0,110.57000000000001,259,173.0,46.0,0.67
07:31:11,108.0,42.0,113.0,6.0,106.0,102.0,187.12,8.0,5.0,144.0,14.0,0.6361760762540837,108.0,113.0,158,130.0,-101.0,0.82
07:31:12,108.0,55.0,114.0,8.0,106.0,136.0,134.12,8.0,6.0,191.0,16.0,0.9302257790440069,108.0,114.0,207,175.0,49.0,0.85
07:31:13,108.16,50.0,112.72,32.0,106.11,112.0,145.11,9.0,4.560000000000002,162.0,41.0,0.8569013945595015,108.16,112.72,203,121.0,-4.0,0.6
07:31:14,108.0,84.0,109.81,73.0,106.67,72.0,111.21,56.0,1.8100000000000023,156.0,129.0,0.8880202700378058,108.0,109.81,285,27.0,82.0,0.09
07:31:15,108.0,24.0,109.0,20.0,107.0,16.0,111.0,24.0,1.0,40.0,44.0,1.0973240177805417,108.0,109.0,84,-4.0,-176.0,-0.05
07:31:16,108.0,12.0,109.88,32.0,107.0,48.0,111.13,46.0,1.8799999999999955,60.0,78.0,1.094477044070844,108.0,109.88,138,-18.0,54.0,-0.13
07:31:17,107.2,20.0,111.33,36.0,106.33,48.0,112.31,45.0,4.1299999999999955,68.0,81.0,0.7398648525224559,107.2,111.33,149,-13.0,11.0,-0.09
07:31:18,106.66,94.0,111.42,40.0,105.75,128.0,112.23,122.0,4.760000000000005,222.0,162.0,0.2799999999965968,106.66,111.42,384,60.0,176.0,0.16
07:31:19,107.0,30.0,108.43,7.0,106.0,56.0,111.96,75.0,1.4300000000000068,86.0,82.0,0.6160113635300172,107.0,108.42999999999999,168,4.0,-176.0,0.02
07:31:20,107.0,35.0,109.42,12.0,104.8,105.0,111.25,36.0,2.4200000000000017,140.0,48.0,0.651252639148675,107.0,109.42,188,92.0,20.0,0.49
07:31:21,107.96,75.0,110.0,9.0,106.04,80.0,111.0,27.0,2.0400000000000063,155.0,36.0,0.6561783294182426,107.96,110.0,191,119.0,3.0,0.62
07:31:22,108.0,63.0,110.0,7.0,106.0,70.0,111.0,21.0,2.0,133.0,28.0,0.6003082541479159,108.0,110.0,161,105.0,-30.0,0.65
07:31:23,107.65,68.0,110.77,31.0,105.68,76.0,111.83,70.0,3.1199999999999903,144.0,101.0,0.6360581734386533,107.65,110.77,245,43.0,84.0,0.18
07:31:24,105.25,48.0,111.0,86.0,103.0,60.0,112.0,50.0,5.75,108.0,136.0,0.5012284908084442,105.25,111.0,244,-28.0,-1.0,-0.11
07:31:25,104.76,25.0,111.0,126.0,103.57,47.0,119.76,34.0,6.239999999999995,72.0,160.0,0.5954158210848187,104.76,111.0,232,-88.0,-12.0,-0.38
07:31:26,105.78,27.0,111.0,119.0,104.6,25.0,123.0,28.0,5.219999999999999,52.0,147.0,0.5685507892863259,105.78,111.0,199,-95.0,-33.0,-0.48
07:31:27,106.36,28.0,111.0,119.0,105.85,40.0,192.17,29.0,4.640000000000001,68.0,148.0,0.5166526879811054,106.36,111.0,216,-80.0,17.0,-0.37
07:31:28,107.0,20.0,111.0,135.0,106.0,70.0,137.65,49.0,4.0,90.0,184.0,0.4433734317684171,107.0,111.0,274,-94.0,58.0,-0.34
07:31:29,107.25,8.0,111.0,68.0,106.0,28.0,117.0,20.0,3.75,36.0,88.0,0.4995798234497781,107.25,111.0,124,-52.0,-150.0,-0.42
07:31:30,108.3,20.0,111.0,170.0,106.0,70.0,131.21,38.0,2.700000000000003,90.0,208.0,0.47599369743529324,108.3,111.0,298,-118.0,174.0,-0.4
07:31:31,109.49,43.0,111.0,204.0,107.57,67.0,136.17,36.0,1.5100000000000051,110.0,240.0,0.6135307653232501,109.49,111.0,350,-130.0,52.0,-0.37
07:31:32,110.0,27.0,111.0,86.0,109.0,30.0,113.5,18.0,1.0,57.0,104.0,0.6634154053066287,110.0,111.0,161,-47.0,-176.0,-0.29
07:31:33,110.0,24.0,111.0,52.0,109.0,17.0,112.0,12.0,1.0,41.0,64.0,0.6030091209908662,110.0,111.0,105,-23.0,-56.0,-0.22
07:31:34,110.0,36.0,111.0,78.0,109.0,12.0,112.0,18.0,1.0,48.0,96.0,0.3686732971048961,110.0,111.0,144,-48.0,39.0,-0.33
07:31:35,110.0,66.0,111.0,143.0,109.0,22.0,268.19,53.0,1.0,88.0,196.0,0.11627553482227557,110.0,111.0,284,-108.0,140.0,-0.38
07:31:36,109.68,25.0,111.0,143.0,108.64,22.0,148.36,55.0,1.3199999999999932,47.0,198.0,0.07155417526745946,109.68,111.0,245,-151.0,-39.0,-0.62
07:31:37,108.5,20.0,110.65,60.0,106.57,42.0,130.37,119.0,2.1500000000000057,62.0,179.0,0.39959979979749166,108.5,110.65,241,-117.0,-4.0,-0.49
07:31:38,107.73,22.0,110.12,32.0,106.18,51.0,111.1,104.0,2.3900000000000006,73.0,136.0,0.6950539547388945,107.73,110.12,209,-63.0,-32.0,-0.3
07:31:39,107.67,54.0,110.19,32.0,106.25,48.0,111.14,74.0,2.519999999999996,102.0,106.0,0.7483515216782549,107.67,110.19,208,-4.0,-1.0,-0.02
07:31:40,108.0,103.0,109.43,35.0,107.0,45.0,110.82,65.0,1.4300000000000068,148.0,100.0,0.6674353901301145,108.0,109.43,248,48.0,40.0,0.19
07:31:41,108.0,44.0,111.0,55.0,106.29,51.0,113.0,55.0,3.0,95.0,110.0,0.38594040990562994,108.0,111.0,205,-15.0,-43.0,-0.07
07:31:42,107.54,48.0,111.0,50.0,105.98,55.0,113.0,50.0,3.4599999999999937,103.0,100.0,0.31371962004012466,107.54,111.0,203,3.0,-2.0,0.01
07:31:43,106.8,118.0,111.0,75.0,105.94,70.0,113.0,75.0,4.200000000000003,188.0,150.0,0.31728536051655415,106.8,111.0,338,38.0,135.0,0.11
07:31:44,107.94,32.0,110.19,62.0,106.0,96.0,111.44,80.0,2.25,128.0,142.0,0.30878795312985025,107.94,110.19,270,-14.0,-68.0,-0.05
07:31:45,106.0,78.0,107.94,16.0,105.0,52.0,109.43,35.0,1.9399999999999977,130.0,51.0,1.0156131153141372,106.0,107.94,181,79.0,-89.0,0.44
07:31:46,106.0,52.0,107.31,13.0,105.0,48.0,109.82,79.0,1.3100000000000023,100.0,92.0,1.2553166931089665,106.0,107.31,192,8.0,11.0,0.04
07:31:47,106.1,42.0,108.86,22.0,105.21,39.0,109.93,54.0,2.760000000000005,81.0,76.0,1.1108240184646745,106.1,108.86,157,5.0,-35.0,0.03
07:31:48,106.0,27.0,109.0,39.0,105.0,27.0,110.0,45.0,3.0,54.0,84.0,0.9304461295518347,106.0,109.0,138,-30.0,-19.0,-0.22
07:31:49,106.0,7.0,109.0,25.0,105.0,15.0,110.0,25.0,3.0,22.0,50.0,0.3910882253379395,106.0,109.0,72,-28.0,-66.0,-0.39
07:31:50,106.0,10.0,109.0,44.0,105.0,30.0,110.0,50.0,3.0,40.0,94.0,0.37799470895500903,106.0,109.0,134,-54.0,62.0,-0.4
07:31:51,105.25,8.0,110.5,12.0,103.29,42.0,170.06,32.0,5.25,50.0,44.0,0.17239489551024478,105.25,110.5,94,6.0,-40.0,0.06
07:31:52,81.91,33.0,110.0,30.0,66.35,68.0,111.0,10.0,28.090000000000003,101.0,40.0,5.210401136188836,81.91,110.0,141,61.0,47.0,0.43
07:31:53,103.0,12.0,110.0,9.0,96.0,27.0,111.0,3.0,7.0,39.0,12.0,5.12164817221936,103.0,110.0,51,27.0,-90.0,0.53
07:31:54,103.0,28.0,106.8,25.0,88.86,63.0,110.2,15.0,3.799999999999997,91.0,40.0,4.9415665532296424,103.0,106.8,131,51.0,80.0,0.39
07:31:55,103.0,28.0,107.79,19.0,58.29,21.0,191.95,21.0,4.790000000000006,49.0,40.0,4.710947887633431,103.0,107.79,89,9.0,-42.0,0.1
07:31:56,106.43,56.0,109.47,19.0,97.2,30.0,122.23,26.0,3.039999999999992,86.0,45.0,4.724983597854905,106.42999999999999,109.46999999999998,131,41.0,42.0,0.31
07:31:57,105.07,57.0,109.0,30.0,94.98,51.0,110.0,45.0,3.930000000000007,108.0,75.0,1.2331382728623264,105.07,109.0,183,33.0,52.0,0.18
07:31:58,111.76,21.0,242.78,49.0,104.72,29.0,313.53,15.0,131.01999999999998,50.0,64.0,31.75365569505341,111.76,242.77999999999997,114,-14.0,-69.0,-0.12
07:31:59,116.0,27.0,238.0,25.0,110.0,5.0,459.4,5.0,122.0,32.0,30.0,38.538761656285715,116.0,238.0,62,2.0,-52.0,0.03
07:32:00,111.39,49.0,236.63,57.0,108.09,46.0,300.24,21.0,125.24,95.0,78.0,37.59600550590445,111.38999999999999,236.63,173,17.0,111.0,0.1
07:32:01,114.98,41.0,162.6,20.0,109.56,36.0,242.6,48.0,47.61999999999999,77.0,68.0,31.241399936622525,114.98,162.6,145,9.0,-28.0,0.06
07:32:02,116.0,18.0,183.14,14.0,110.0,12.0,512.28,18.0,67.13999999999999,30.0,32.0,17.936025758233033,116.0,183.14000000000001,62,-2.0,-83.0,-0.03
07:32:03,116.0,21.0,181.87,23.0,110.0,14.0,182.84,19.0,65.87,35.0,42.0,16.87524814632361,116.0,181.87,77,-7.0,15.0,-0.09
07:32:04,116.0,33.0,180.35,23.0,110.0,22.0,182.29,31.0,64.35,55.0,54.0,13.12332579798269,116.0,180.35,109,1.0,32.0,0.01
07:32:05,116.0,45.0,144.91,55.0,110.0,30.0,170.69,35.0,28.909999999999997,75.0,90.0,8.368388136313813,116.0,144.91,165,-15.0,56.0,-0.09
07:32:06,116.0,24.0,130.47,17.0,111.56,9.0,131.11,28.0,14.469999999999999,33.0,45.0,12.350636420848831,116.0,130.47,78,-12.0,-87.0,-0.15
07:32:07,109.01,97.0,126.92,26.0,108.07,116.0,128.05,39.0,17.909999999999997,213.0,65.0,14.219065370128844,109.01,126.92,278,148.0,176.0,0.53
07:32:08,109.0,80.0,123.0,20.0,108.0,90.0,124.0,50.0,14.0,170.0,70.0,13.005884437438194,109.0,123.0,240,100.0,-38.0,0.42
07:32:09,109.17,72.0,123.0,20.0,108.14,84.0,124.0,50.0,13.829999999999998,156.0,70.0,6.17231480078559,109.17,123.0,226,86.0,-14.0,0.38
07:32:10,110.0,100.0,120.86,35.0,109.0,60.0,122.06,31.0,10.86,160.0,66.0,3.21800093225542,110.0,120.86000000000001,226,94.0,0.0,0.42
07:32:11,110.0,165.0,114.27,51.0,109.0,90.0,115.25,55.0,4.269999999999996,255.0,106.0,2.1200778287592827,110.0,114.27,361,149.0,135.0,0.41
07:32:12,110.0,65.0,111.0,9.0,109.0,54.0,112.0,45.0,1.0,119.0,54.0,2.5532528272767316,110.0,111.0,173,65.0,-176.0,0.38
07:32:13,109.8,50.0,111.42,36.0,108.77,78.0,142.17,36.0,1.6200000000000045,128.0,72.0,2.6495980827281302,109.8,111.42,200,56.0,27.0,0.28
07:32:14,109.19,31.0,111.0,36.0,108.25,60.0,293.0,8.0,1.8100000000000023,91.0,44.0,2.1953883483330583,109.19,111.0,135,47.0,-65.0,0.35
07:32:15,109.0,21.0,110.56,27.0,108.0,81.0,293.0,9.0,1.5600000000000023,102.0,36.0,0.9083941875620353,109.0,110.56,138,66.0,3.0,0.48
07:32:16,109.0,14.0,110.0,21.0,108.0,63.0,414.26,19.0,1.0,77.0,40.0,0.4697020332045219,109.0,110.0,117,37.0,-21.0,0.32
07:32:17,108.09,44.0,110.0,21.0,107.42,43.0,334.5,24.0,1.9099999999999966,87.0,45.0,0.5913290116309603,108.09,110.0,132,42.0,15.0,0.32
07:32:18,108.0,64.0,330.79,29.0,107.0,40.0,412.56,27.0,222.79000000000002,104.0,56.0,49.10221257743889,108.0,330.79,160,48.0,28.0,0.3
07:32:19,108.09,44.0,312.87,23.0,107.39,41.0,478.0,26.0,204.78,85.0,49.0,57.86948781525545,108.09,312.87,134,36.0,-26.0,0.27
07:32:20,109.0,12.0,228.5,18.0,108.0,63.0,412.0,24.0,119.5,75.0,42.0,53.010081399673396,109.0,228.5,117,33.0,-17.0,0.28
07:32:21,108.03,124.0,151.47,34.0,107.13,184.0,239.53,38.0,43.44,308.0,72.0,48.43530974402868,108.03,151.47,380,236.0,176.0,0.62
07:32:22,108.0,60.0,109.0,10.0,107.0,80.0,133.0,5.0,1.0,140.0,15.0,48.60153937891267,108.0,109.0,155,125.0,-176.0,0.81
07:32:23,108.0,52.0,179.67,24.0,107.0,176.0,394.29,17.0,71.66999999999999,228.0,41.0,39.22432625297721,108.0,179.67,269,187.0,114.0,0.7
07:32:24,107.03,77.0,401.67,24.0,106.62,26.0,647.0,6.0,294.64,103.0,30.0,56.572740608883336,107.02999999999999,401.67,133,73.0,-136.0,0.55
07:32:25,107.91,129.0,257.15,26.0,106.86,87.0,468.5,20.0,149.23999999999998,216.0,46.0,57.372485740117604,107.91,257.15,262,170.0,129.0,0.65
07:32:26,110.0,120.0,241.5,8.0,107.31,65.0,447.12,17.0,131.5,185.0,25.0,54.146432200099746,110.0,241.5,210,160.0,-52.0,0.76
07:32:27,110.0,105.0,284.55,22.0,108.0,28.0,382.89,19.0,174.55,133.0,41.0,40.563299668542754,110.0,284.55,174,92.0,-36.0,0.53
07:32:28,111.12,80.0,259.4,15.0,109.68,101.0,272.47,30.0,148.27999999999997,181.0,45.0,31.887384966472275,111.12,259.4,226,136.0,52.0,0.6
07:32:29,116.0,21.0,277.08,25.0,110.0,105.0,282.6,10.0,161.07999999999998,126.0,35.0,9.286428269254046,116.0,277.08,161,91.0,-65.0,0.57
07:32:30,111.12,48.0,277.83,24.0,109.58,57.0,322.67,6.0,166.70999999999998,105.0,30.0,9.234811855149028,111.12,277.83,135,75.0,-26.0,0.56
07:32:31,110.16,126.0,202.27,45.0,109.11,90.0,255.11,27.0,92.11000000000001,216.0,72.0,17.3060327631725,110.16,202.26999999999998,288,144.0,153.0,0.5
07:32:32,114.0,9.0,214.44,36.0,110.0,90.0,215.56,36.0,100.44,99.0,72.0,18.19146283287846,114.0,214.44,171,27.0,-117.0,0.16
07:32:33,110.06,64.0,212.0,32.0,108.44,45.0,213.88,32.0,101.94,109.0,64.0,19.407507052684462,110.06,212.0,173,45.0,2.0,0.26
07:32:34,110.17,47.0,209.86,28.0,108.84,43.0,211.71,28.0,99.69000000000001,90.0,56.0,15.52114203272412,110.17,209.85999999999999,146,34.0,-27.0,0.23
07:32:35,114.0,9.0,207.33,36.0,110.0,81.0,208.89,36.0,93.33000000000001,90.0,72.0,2.8621006271606997,114.0,207.33,162,18.0,16.0,0.11
07:32:36,111.09,22.0,203.62,32.0,109.69,64.0,204.62,32.0,92.53,86.0,64.0,2.455762610675902,111.09,203.62,150,22.0,-12.0,0.15
07:32:37,110.0,64.0,202.88,32.0,108.0,40.0,203.88,32.0,92.88,104.0,64.0,2.068881340239992,110.0,202.88,168,40.0,18.0,0.24
07:32:38,110.0,62.0,200.29,28.0,108.0,35.0,201.29,28.0,90.28999999999999,97.0,56.0,2.35387552771867,110.0,200.29,153,41.0,-15.0,0.27
07:32:39,110.0,56.0,190.59,17.0,109.0,40.0,200.38,32.0,80.59,96.0,49.0,3.7813291314023765,110.0,190.59,145,47.0,-8.0,0.32
07:32:40,110.0,27.0,165.79,33.0,109.0,45.0,166.67,24.0,55.78999999999999,72.0,57.0,8.041456957541394,110.0,165.79,129,15.0,-16.0,0.12
07:32:41,108.94,48.0,145.0,56.0,108.03,73.0,152.74,53.0,36.06,121.0,109.0,12.61657362361068,108.94,145.0,230,12.0,101.0,0.05
07:32:42,109.0,20.0,142.56,36.0,108.0,45.0,143.89,36.0,33.56,65.0,72.0,13.30841951547916,109.0,142.56,137,-7.0,-93.0,-0.05
07:32:43,108.57,14.0,138.92,26.0,107.4,50.0,140.0,28.0,30.349999999999994,64.0,54.0,11.145486979041536,108.57000000000001,138.92,118,10.0,-19.0,0.08
07:32:44,108.0,12.0,135.62,21.0,107.0,60.0,137.0,23.0,27.620000000000005,72.0,44.0,6.270805370921869,108.0,135.62,116,28.0,-2.0,0.24
07:32:45,109.0,8.0,134.0,24.0,107.03,72.0,135.0,32.0,25.0,80.0,56.0,2.4026381333820526,109.0,134.0,136,24.0,20.0,0.18
07:32:46,107.15,40.0,130.6,40.0,106.82,51.0,131.84,37.0,23.44999999999999,91.0,77.0,2.5874562798202176,107.15,130.6,168,14.0,32.0,0.08
07:32:47,107.0,49.0,125.92,26.0,106.0,14.0,126.86,28.0,18.92,63.0,54.0,2.838247698841744,107.0,125.92,117,9.0,-51.0,0.08
07:32:48,109.61,36.0,122.0,34.0,108.04,47.0,123.12,32.0,12.39,83.0,66.0,2.7717268985201065,109.61,122.0,149,17.0,32.0,0.11
07:32:49,111.0,30.0,118.9,40.0,110.0,40.0,121.0,40.0,7.900000000000006,70.0,80.0,2.6618884274100196,111.0,118.9,150,-10.0,1.0,-0.07
07:32:50,111.0,39.0,116.49,51.0,110.0,52.0,117.92,52.0,5.489999999999995,91.0,103.0,1.9171984769394195,111.0,116.49,194,-12.0,44.0,-0.06
07:32:51,110.23,26.0,114.11,27.0,108.57,35.0,115.18,22.0,3.8799999999999955,61.0,49.0,1.7080456668304735,110.23,114.11,110,12.0,-84.0,0.11
07:32:52,110.0,36.0,112.41,29.0,108.0,45.0,113.29,35.0,2.4099999999999966,81.0,64.0,1.902871514311459,110.0,112.41,145,17.0,35.0,0.12
07:32:53,108.14,59.0,125.84,37.0,106.62,16.0,175.27,33.0,17.700000000000003,75.0,70.0,2.2839176867781505,108.14,125.84,145,5.0,0.0,0.03
07:32:54,108.0,37.0,188.86,21.0,106.0,7.0,554.43,7.0,80.86000000000001,44.0,28.0,15.761186503559326,108.0,188.86,72,16.0,-73.0,0.22
07:32:55,108.81,67.0,193.67,21.0,107.5,28.0,481.62,26.0,84.85999999999999,95.0,47.0,20.0698485295725,108.81,193.67,142,48.0,70.0,0.34
07:32:56,111.0,54.0,191.7,20.0,108.0,63.0,422.11,18.0,80.69999999999999,117.0,38.0,19.988668790091705,111.0,191.7,155,79.0,13.0,0.51
07:32:57,111.0,84.0,190.0,28.0,108.29,82.0,191.0,42.0,79.0,166.0,70.0,14.978410129248992,111.0,190.0,236,96.0,81.0,0.41
07:32:58,111.0,54.0,189.22,18.0,110.0,27.0,191.0,27.0,78.22,81.0,45.0,1.1785287438120056,111.0,189.22,126,36.0,-110.0,0.29
07:32:59,111.0,60.0,188.0,20.0,110.0,30.0,191.0,30.0,77.0,90.0,50.0,0.7768848048399394,111.0,188.0,140,40.0,14.0,0.29
07:33:00,110.25,87.0,186.93,29.0,109.26,94.0,187.86,21.0,76.68,181.0,50.0,1.039495069729041,110.25,186.93,231,131.0,91.0,0.57
07:33:01,110.0,87.0,153.13,23.0,108.0,63.0,166.8,20.0,43.129999999999995,150.0,43.0,8.128814796757863,110.0,153.13,193,107.0,-38.0,0.55
07:33:02,113.2,90.0,144.74,38.0,109.14,98.0,149.18,39.0,31.540000000000006,188.0,77.0,10.53207576881158,113.2,144.74,265,111.0,72.0,0.42
07:33:03,116.0,35.0,141.24,34.0,110.0,70.0,142.69,26.0,25.24000000000001,105.0,60.0,10.650772272468616,116.0,141.24,165,45.0,-100.0,0.27
07:33:04,116.0,10.0,138.1,40.0,110.0,70.0,141.0,20.0,22.099999999999994,80.0,60.0,8.886967986888697,116.0,138.1,140,20.0,-25.0,0.14
07:33:05,116.0,11.0,136.28,36.0,110.0,132.0,138.3,40.0,20.28,143.0,76.0,2.0813337070211997,116.0,136.28,219,67.0,79.0,0.31
07:33:06,110.3,101.0,133.59,37.0,109.25,128.0,134.65,62.0,23.290000000000006,229.0,99.0,2.8159953835157143,110.3,133.59,328,130.0,109.0,0.4
07:33:07,110.0,144.0,129.08,26.0,108.0,72.0,130.21,29.0,19.080000000000013,216.0,55.0,3.779636225879554,110.0,129.08,271,161.0,-57.0,0.59
07:33:08,110.2,120.0,118.75,32.0,109.07,120.0,121.85,26.0,8.549999999999997,240.0,58.0,5.129634489900807,110.2,118.75,298,182.0,27.0,0.61
07:33:09,112.0,170.0,116.69,52.0,110.0,70.0,117.62,42.0,4.689999999999998,240.0,94.0,5.042236606901639,112.0,116.69,334,146.0,36.0,0.44
07:33:10,112.0,138.0,113.64,33.0,110.0,60.0,115.8,30.0,1.6400000000000006,198.0,63.0,3.9099398972334574,112.0,113.64,261,135.0,-73.0,0.52
07:33:11,112.0,64.0,114.33,24.0,110.0,40.0,116.33,24.0,2.3299999999999983,104.0,48.0,2.7079420230088598,112.0,114.33,152,56.0,-109.0,0.37
07:33:12,112.0,112.0,113.25,48.0,110.0,60.0,115.0,24.0,1.25,172.0,72.0,0.867196632821403,112.0,113.25,244,100.0,92.0,0.41
07:33:13,112.1,118.0,113.73,44.0,110.74,81.0,125.37,54.0,1.6300000000000097,199.0,98.0,0.686461943574924,112.1,113.73,297,101.0,53.0,0.34
07:33:14,111.45,33.0,113.5,16.0,110.61,31.0,251.97,36.0,2.049999999999997,64.0,52.0,0.2665520586612018,111.45,113.5,116,12.0,-176.0,0.1
07:33:15,109.97,33.0,111.15,26.0,108.8,15.0,294.92,65.0,1.1800000000000068,48.0,91.0,1.0343935421184525,109.97,111.15,139,-43.0,23.0,-0.31
07:33:16,109.0,8.0,110.67,18.0,108.0,54.0,486.14,28.0,1.6700000000000017,62.0,46.0,1.3886504239642574,109.0,110.67,108,16.0,-31.0,0.15
07:33:17,108.02,41.0,109.6,10.0,106.7,23.0,132.25,16.0,1.5799999999999983,64.0,26.0,1.743809049172477,108.02,109.6,90,38.0,-18.0,0.42
07:33:18,108.0,56.0,109.0,8.0,106.0,24.0,110.0,24.0,1.0,80.0,32.0,1.5931509658458296,108.0,109.0,112,48.0,22.0,0.43
07:33:19,108.0,37.0,109.6,10.0,106.0,24.0,126.5,26.0,1.5999999999999943,61.0,36.0,0.8658233075952838,108.0,109.6,97,25.0,-15.0,0.26
07:33:20,106.65,37.0,110.76,37.0,105.12,102.0,210.42,45.0,4.109999999999999,139.0,82.0,0.5193938774909647,106.65,110.75999999999999,221,57.0,124.0,0.26
07:33:21,109.26,38.0,111.0,39.0,105.63,35.0,368.55,22.0,1.7399999999999949,73.0,61.0,0.6504383137355289,109.26,111.0,134,12.0,-87.0,0.09
07:33:22,110.0,30.0,111.0,18.0,106.0,16.0,431.57,7.0,1.0,46.0,25.0,0.9186294138417481,110.0,111.0,71,21.0,-63.0,0.3
07:33:23,110.0,30.0,111.0,18.0,106.0,12.0,434.0,15.0,1.0,42.0,33.0,0.9043671820534908,110.0,111.0,75,9.0,4.0,0.12
07:33:24,110.0,37.0,111.0,33.0,106.0,22.0,407.79,28.0,1.0,59.0,61.0,0.780243551703883,110.0,111.0,120,-2.0,45.0,-0.02
07:33:25,109.0,32.0,110.94,35.0,104.62,52.0,294.1,30.0,1.9399999999999977,84.0,65.0,0.2528833722797542,109.0,110.94,149,19.0,29.0,0.13
07:33:26,106.0,24.0,110.0,24.0,104.0,108.0,111.0,36.0,4.0,132.0,60.0,1.0833651277272303,106.0,110.0,192,72.0,43.0,0.38
07:33:27,106.8,25.0,111.0,33.0,104.5,72.0,194.0,55.0,4.200000000000003,97.0,88.0,1.0958467045966465,106.8,111.0,185,9.0,-7.0,0.05
07:33:28,110.0,13.0,151.69,32.0,106.0,26.0,237.26,19.0,41.69,39.0,51.0,9.662371344549781,110.0,151.69,90,-12.0,-95.0,-0.13
07:33:29,111.8,41.0,276.5,8.0,109.56,9.0,446.0,6.0,164.7,50.0,14.0,36.897313858870305,111.80000000000001,276.5,64,36.0,-26.0,0.56
07:33:30,112.0,292.0,206.0,14.0,111.0,28.0,578.65,34.0,94.0,320.0,48.0,36.633931265972336,112.0,206.0,368,272.0,176.0,0.74
07:33:31,112.0,161.0,187.8,10.0,111.0,14.0,391.45,11.0,75.80000000000001,175.0,21.0,31.922371779051563,112.0,187.8,196,154.0,-172.0,0.79
07:33:32,112.0,181.0,197.5,24.0,111.0,24.0,296.6,30.0,85.5,205.0,54.0,23.02873574471666,112.0,197.5,259,151.0,63.0,0.58
07:33:33,112.0,54.0,153.0,20.0,111.0,20.0,160.0,50.0,41.0,74.0,70.0,22.551202850402255,112.0,153.0,144,4.0,-115.0,0.03
07:33:34,112.0,24.0,172.5,12.0,111.0,12.0,279.12,16.0,60.5,36.0,28.0,10.523461882859069,112.0,172.5,64,8.0,-80.0,0.12
07:33:35,112.0,32.0,191.38,32.0,111.0,22.0,315.96,24.0,79.38,54.0,56.0,8.947394592840272,112.0,191.38,110,-2.0,46.0,-0.02
07:33:36,112.0,10.0,191.0,40.0,111.0,20.0,309.62,26.0,79.0,30.0,66.0,9.138570457133186,112.0,191.0,96,-36.0,-14.0,-0.38
07:33:37,112.0,11.0,189.64,44.0,111.0,22.0,191.0,44.0,77.63999999999999,33.0,88.0,8.394395153909969,112.0,189.64,121,-55.0,25.0,-0.45
07:33:38,112.0,10.0,187.9,40.0,111.0,20.0,188.9,40.0,75.9,30.0,80.0,3.967703365926987,112.0,187.9,110,-50.0,-11.0,-0.45
07:33:39,113.32,53.0,186.55,44.0,111.47,15.0,188.0,44.0,73.23000000000002,68.0,88.0,0.8305841317945595,113.32000000000001,186.55,156,-20.0,46.0,-0.13
07:33:40,112.7,27.0,184.6,60.0,111.3,23.0,187.73,60.0,71.89999999999999,50.0,120.0,1.0732893365671197,112.7,184.6,170,-70.0,14.0,-0.41
07:33:41,112.0,20.0,179.15,52.0,111.0,26.0,180.54,52.0,67.15,46.0,104.0,2.0553418207169845,112.0,179.15000000000003,150,-58.0,-20.0,-0.39
07:33:42,111.0,9.0,175.33,36.0,110.0,135.0,176.56,36.0,64.33000000000001,144.0,72.0,2.9856121650320984,111.0,175.33,216,72.0,66.0,0.33
07:33:43,110.05,79.0,171.89,36.0,109.8,75.0,173.44,36.0,61.83999999999999,154.0,72.0,3.720739173872176,110.04999999999998,171.89,226,82.0,10.0,0.36
07:33:44,110.0,159.0,133.05,43.0,109.0,39.0,171.62,52.0,23.05000000000001,198.0,95.0,10.705800764071073,110.0,133.05,293,103.0,67.0,0.35
07:33:45,109.92,39.0,111.0,21.0,108.67,27.0,173.0,28.0,1.0799999999999983,66.0,49.0,15.515074927308014,109.92,111.0,115,17.0,-176.0,0.15
07:33:46,108.0,117.0,110.11,45.0,106.0,39.0,152.05,44.0,2.1099999999999994,156.0,89.0,16.300221777631698,108.0,110.11,245,67.0,130.0,0.27
07:33:47,108.59,83.0,162.13,23.0,107.97,67.0,353.29,14.0,53.53999999999999,150.0,37.0,14.39038498442548,108.59000000000002,162.13,187,113.0,-58.0,0.6
07:33:49,112.57,140.0,287.91,45.0,109.27,151.0,464.0,24.0,175.34000000000003,291.0,69.0,91.7037926151367,112.57,287.91,360,222.0,111.0,0.62
07:33:50,116.0,110.0,192.76,49.0,110.0,176.0,265.43,46.0,76.75999999999999,286.0,95.0,85.72864573758298,116.0,192.76,381,191.0,21.0,0.5
07:33:51,116.0,80.0,193.62,40.0,110.27,44.0,415.36,22.0,77.62,124.0,62.0,77.64552112002346,116.0,193.62,186,62.0,-176.0,0.33
07:33:52,116.0,50.0,192.4,25.0,111.0,10.0,526.0,10.0,76.4,60.0,35.0,74.46587453323845,116.0,192.4,95,25.0,-91.0,0.26
07:33:53,116.0,50.0,191.0,25.0,111.0,10.0,491.6,10.0,75.0,60.0,35.0,20.58507177543955,116.0,191.0,95,25.0,0.0,0.26
07:33:54,116.0,90.0,191.0,45.0,111.0,18.0,304.36,22.0,75.0,108.0,67.0,0.5722936309228089,116.0,191.0,175,41.0,80.0,0.23
07:33:55,116.0,170.0,190.53,85.0,111.0,34.0,227.13,61.0,74.53,204.0,146.0,0.6397499511486886,116.0,190.53,350,58.0,175.0,0.17
07:33:56,116.0,49.0,188.57,35.0,111.0,14.0,189.86,35.0,72.57,63.0,70.0,0.6890573270741656,116.0,188.57,133,-7.0,-176.0,-0.05
07:33:57,116.0,73.0,170.62,53.0,111.0,22.0,182.16,51.0,54.620000000000005,95.0,104.0,4.4232307197334775,116.0,170.62,199,-9.0,66.0,-0.05
07:33:58,116.0,47.0,118.36,55.0,111.0,22.0,121.92,53.0,2.3599999999999994,69.0,108.0,15.527941589276793,116.0,118.36,177,-39.0,-22.0,-0.22
07:33:59,114.07,27.0,116.82,55.0,111.69,13.0,136.3,37.0,2.75,40.0,92.0,18.6598411032889,114.07,116.82,132,-52.0,-45.0,-0.39
07:34:00,114.0,16.0,115.38,26.0,112.0,39.0,165.76,25.0,1.3799999999999955,55.0,51.0,17.849551254863183,114.0,115.38000000000001,106,4.0,-26.0,0.04
07:34:01,112.08,100.0,114.6,30.0,111.6,40.0,135.5,44.0,2.519999999999996,140.0,74.0,12.663041893636212,112.08,114.6,214,66.0,108.0,0.31
07:34:02,112.0,47.0,113.0,12.0,111.0,12.0,223.12,24.0,1.0,59.0,36.0,1.8288985756416094,112.0,113.0,95,23.0,-119.0,0.24
07:34:03,112.0,78.0,285.4,40.0,111.0,28.0,352.33,54.0,173.39999999999998,106.0,94.0,37.89859403724614,112.0,285.4,200,12.0,105.0,0.06
07:34:04,112.0,36.0,221.56,27.0,111.0,18.0,371.79,28.0,109.56,54.0,55.0,39.5703047751719,112.0,221.56,109,-1.0,-91.0,-0.01
07:34:05,110.32,50.0,193.75,20.0,110.0,16.0,361.0,18.0,83.43,66.0,38.0,36.73806064560288,110.32,193.75,104,28.0,-5.0,0.27
07:34:06,110.0,64.0,112.0,20.0,109.0,16.0,221.0,12.0,2.0,80.0,32.0,37.311075031416536,110.0,112.0,112,48.0,8.0,0.43
07:34:07,110.0,104.0,111.0,36.0,109.0,48.0,113.83,60.0,1.0,152.0,96.0,37.79706761112553,110.0,111.0,248,56.0,136.0,0.23
07:34:08,110.0,47.0,111.0,27.0,109.0,36.0,114.0,45.0,1.0,83.0,72.0,27.20045073155934,110.0,111.0,155,11.0,-93.0,0.07
07:34:09,110.0,35.0,111.0,21.0,109.0,28.0,114.0,35.0,1.0,63.0,56.0,18.51814461548409,110.0,111.0,119,7.0,-36.0,0.06
07:34:10,110.0,39.0,113.14,35.0,109.0,40.0,195.85,41.0,3.1400000000000006,79.0,76.0,0.4748473438685755,110.0,113.14,155,3.0,36.0,0.02
07:34:11,110.0,14.0,114.0,35.0,108.89,27.0,342.29,21.0,4.0,41.0,56.0,0.7200555533978759,110.0,114.0,97,-15.0,-58.0,-0.15
07:34:12,110.0,20.0,114.0,50.0,108.58,43.0,154.73,22.0,4.0,63.0,72.0,0.7635312698110289,110.0,114.0,135,-9.0,38.0,-0.07
07:34:13,111.95,74.0,114.0,50.0,109.72,25.0,128.0,20.0,2.049999999999997,99.0,70.0,0.8932356911697168,111.95000000000002,114.0,169,29.0,34.0,0.17
07:34:14,112.0,61.0,114.0,40.0,110.0,16.0,128.75,16.0,2.0,77.0,56.0,0.6425496089638899,112.0,114.0,133,21.0,-36.0,0.16
07:34:15,112.0,232.0,114.0,50.0,110.0,20.0,155.0,24.0,2.0,252.0,74.0,0.5423836280528408,112.0,114.0,326,178.0,176.0,0.55
07:34:16,112.0,150.0,114.0,30.0,110.0,12.0,272.67,18.0,2.0,162.0,48.0,0.444049546762345,112.0,114.0,210,114.0,-116.0,0.54
07:34:17,112.0,225.0,113.57,35.0,110.0,18.0,141.15,33.0,1.5699999999999932,243.0,68.0,0.09148770398203963,112.0,113.57,311,175.0,101.0,0.56
07:34:18,112.0,181.0,113.74,34.0,110.0,16.0,144.0,25.0,1.7399999999999949,197.0,59.0,0.09731392490233558,112.0,113.74,256,138.0,-55.0,0.54
07:34:19,112.0,144.0,114.5,40.0,110.0,16.0,196.76,17.0,2.5,160.0,57.0,0.17455658102723287,112.0,114.5,217,103.0,-39.0,0.47
07:34:20,112.37,139.0,199.75,32.0,110.83,36.0,361.57,23.0,87.38,175.0,55.0,19.267867811462253,112.37,199.75,230,120.0,13.0,0.52
07:34:21,116.0,110.0,183.29,42.0,112.67,27.0,311.53,32.0,67.28999999999999,137.0,74.0,21.961479230689033,116.0,183.29,211,63.0,-19.0,0.3
07:34:22,116.0,64.0,186.83,12.0,112.08,131.0,353.54,39.0,70.83000000000001,195.0,51.0,21.660387115653972,116.0,186.83,246,144.0,35.0,0.59
07:34:23,114.95,65.0,184.05,21.0,111.97,219.0,185.11,18.0,69.10000000000001,284.0,39.0,17.379001122043565,114.95,184.05,323,245.0,77.0,0.76
07:34:24,112.0,238.0,137.48,42.0,110.93,42.0,166.76,21.0,25.47999999999999,280.0,63.0,12.32575839451644,112.0,137.48,343,217.0,20.0,0.63
07:34:25,112.0,231.0,118.15,20.0,110.07,45.0,119.88,32.0,6.150000000000006,276.0,52.0,16.948164502387552,112.0,118.15,328,224.0,-15.0,0.68
07:34:26,112.0,115.0,114.3,20.0,110.0,30.0,115.3,20.0,2.299999999999997,145.0,40.0,18.50835270897945,112.0,114.3,185,105.0,-143.0,0.57
07:34:27,112.0,62.0,113.0,16.0,110.0,24.0,114.0,16.0,1.0,86.0,32.0,15.614707169844232,112.0,113.0,118,54.0,-67.0,0.46
07:34:28,112.0,52.0,211.57,42.0,110.0,36.0,288.44,54.0,99.57,88.0,96.0,20.902326903959413,112.0,211.57000000000002,184,-8.0,66.0,-0.04
07:34:29,112.0,38.0,218.33,30.0,110.0,18.0,315.0,30.0,106.33000000000001,56.0,60.0,27.375740537928607,112.0,218.33,116,-4.0,-68.0,-0.03
07:34:30,112.0,104.0,283.5,40.0,110.0,21.0,354.75,40.0,171.5,125.0,80.0,36.78770881694038,112.0,283.5,205,45.0,89.0,0.22
07:34:31,112.0,117.0,222.44,45.0,110.0,27.0,402.33,45.0,110.44,144.0,90.0,30.65717257021588,112.0,222.44,234,54.0,29.0,0.23
07:34:34,112.0,88.0,402.62,40.0,110.0,32.0,556.75,40.0,290.62,120.0,80.0,63.332376159433835,112.0,402.62,200,40.0,53.0,0.2
07:34:35,112.0,71.0,267.86,35.0,110.0,28.0,502.0,35.0,155.86,99.0,70.0,64.93415688218353,112.0,267.86,169,29.0,-31.0,0.17
07:34:36,112.0,80.0,322.0,25.0,110.0,32.0,402.35,37.0,210.0,112.0,62.0,52.5459479884037,112.0,322.0,174,50.0,5.0,0.29
07:34:39,110.88,43.0,271.43,47.0,109.36,56.0,359.23,52.0,160.55,99.0,99.0,48.164673049861115,110.88000000000001,271.43,198,0.0,84.0,0.0
07:34:40,113.54,39.0,251.18,40.0,109.57,56.0,303.62,40.0,137.64,95.0,80.0,49.92858119354101,113.54,251.18,175,15.0,-23.0,0.09
07:34:41,116.0,24.0,229.25,60.0,110.0,48.0,256.69,48.0,113.25,72.0,108.0,56.56592154292205,116.0,229.25,180,-36.0,5.0,-0.2
07:34:42,110.0,21.0,254.0,35.0,109.0,42.0,297.0,7.0,144.0,63.0,42.0,38.30415251640484,110.0,254.0,105,21.0,-75.0,0.2
07:34:43,110.0,30.0,242.79,34.0,109.0,60.0,243.81,26.0,132.79,90.0,60.0,7.021615198798252,110.0,242.79000000000002,150,30.0,45.0,0.2
07:34:44,110.0,24.0,223.62,8.0,109.0,63.0,225.0,40.0,113.62,87.0,48.0,6.566636886564696,110.0,223.62,135,39.0,-15.0,0.29
07:34:45,110.0,24.0,156.04,28.0,109.0,52.0,280.78,18.0,46.03999999999999,76.0,46.0,19.340219750560916,110.0,156.04,122,30.0,-13.0,0.25
07:34:46,109.94,32.0,148.0,60.0,108.71,34.0,166.0,60.0,38.06,66.0,120.0,24.785829620974596,109.94,148.0,186,-54.0,64.0,-0.29
07:34:47,110.0,30.0,147.36,14.0,109.0,34.0,149.8,50.0,37.360000000000014,64.0,64.0,22.98199795492062,110.0,147.35999999999999,128,0.0,-58.0,0.0
07:34:48,110.0,42.0,119.31,42.0,109.0,56.0,133.78,51.0,9.310000000000002,98.0,93.0,19.39442522994607,110.0,119.31000000000002,191,5.0,63.0,0.03
07:34:49,110.0,30.0,111.59,37.0,109.0,40.0,128.08,26.0,1.5900000000000034,70.0,63.0,9.831267975188274,110.0,111.59,133,7.0,-58.0,0.05
07:34:50,109.11,83.0,110.98,53.0,108.15,82.0,272.13,39.0,1.8700000000000045,165.0,92.0,9.471740600331065,109.10999999999999,110.98,257,73.0,124.0,0.28
07:34:51,109.0,51.0,110.93,30.0,108.0,81.0,282.76,25.0,1.9300000000000068,132.0,55.0,7.9790268830201185,109.0,110.93,187,77.0,-70.0,0.41
07:34:52,109.0,37.0,110.33,48.0,108.0,108.0,348.4,58.0,1.3299999999999983,145.0,106.0,2.0682432158611292,109.0,110.33,251,39.0,64.0,0.16
07:34:53,109.0,7.0,166.08,26.0,108.0,63.0,460.18,17.0,57.08000000000001,70.0,43.0,12.269667069646106,109.0,166.07999999999998,113,27.0,-138.0,0.24
07:34:54,109.2,10.0,318.04,28.0,108.03,74.0,341.5,28.0,208.84000000000003,84.0,56.0,44.921727148452,109.2,318.04,140,28.0,27.0,0.2
07:34:55,113.69,29.0,266.38,24.0,110.08,62.0,268.0,16.0,152.69,91.0,40.0,47.462113627608055,113.69,266.38,131,51.0,-9.0,0.39
07:34:56,116.0,18.0,266.0,18.0,112.0,36.0,268.0,12.0,150.0,54.0,30.0,43.08426011898065,116.0,266.0,84,24.0,-47.0,0.29
07:34:57,116.0,15.0,243.46,41.0,112.0,66.0,296.73,37.0,127.46000000000001,81.0,78.0,27.957165986558696,116.0,243.46,159,3.0,75.0,0.02
07:34:58,116.0,10.0,216.46,28.0,112.0,60.0,270.91,46.0,100.46000000000001,70.0,74.0,17.40514780172801,116.0,216.46,144,-4.0,-15.0,-0.03
07:34:59,112.31,52.0,206.1,39.0,110.46,104.0,207.55,53.0,93.78999999999999,156.0,92.0,14.189985905559992,112.31,206.1,248,64.0,104.0,0.26
07:35:00,112.0,56.0,204.91,55.0,110.0,110.0,206.0,33.0,92.91,166.0,88.0,14.101804139895997,112.0,204.91,254,78.0,6.0,0.31
07:35:01,112.0,44.0,166.65,48.0,110.0,110.0,202.76,45.0,54.650000000000006,154.0,93.0,14.637674678718,112.0,166.65,247,61.0,-7.0,0.25
07:35:02,115.59,39.0,149.31,26.0,111.33,30.0,195.89,18.0,33.72,69.0,44.0,14.450754997576322,115.59,149.31,113,25.0,-134.0,0.22
07:35:03,116.0,42.0,117.0,24.0,112.0,24.0,175.0,10.0,1.0,66.0,34.0,18.11151926261217,116.0,117.0,100,32.0,-13.0,0.32
07:35:04,115.32,22.0,116.63,41.0,112.02,41.0,182.87,46.0,1.3100000000000023,63.0,87.0,17.669322284682195,115.32,116.63,150,-24.0,50.0,-0.16
07:35:05,112.17,24.0,115.55,47.0,110.48,66.0,258.26,31.0,3.3799999999999955,90.0,78.0,11.497613665450865,112.17,115.54999999999998,168,12.0,18.0,0.07
07:35:06,112.0,33.0,115.09,35.0,110.0,90.0,203.8,30.0,3.0900000000000034,123.0,65.0,7.922725541122824,112.0,115.09,188,58.0,20.0,0.31
07:35:07,110.06,33.0,113.0,10.0,109.71,14.0,117.0,20.0,2.9399999999999977,47.0,30.0,2.0065442930466024,110.06,113.0,77,17.0,-111.0,0.22
07:35:08,110.0,110.0,114.62,32.0,109.0,11.0,177.91,35.0,4.6200000000000045,121.0,67.0,1.7002146923131414,110.0,114.62,188,54.0,111.0,0.29
07:35:09,111.65,66.0,116.0,36.0,110.32,62.0,203.0,18.0,4.349999999999994,128.0,54.0,1.0435660017254542,111.65,116.0,182,74.0,-6.0,0.41
07:35:10,112.0,99.0,116.0,36.0,110.0,57.0,198.29,21.0,4.0,156.0,57.0,1.0733918203327542,112.0,116.0,213,99.0,31.0,0.46
07:35:11,112.0,103.0,115.85,40.0,110.0,87.0,348.22,37.0,3.8499999999999943,190.0,77.0,1.1294556210658753,112.0,115.85,267,113.0,54.0,0.42
07:35:12,112.0,81.0,114.0,18.0,110.0,111.0,116.0,36.0,2.0,192.0,54.0,0.7353026587449909,112.0,114.0,246,138.0,-21.0,0.56
07:35:13,112.0,88.0,114.77,26.0,110.0,165.0,144.91,44.0,2.769999999999996,253.0,70.0,0.4243583390927585,112.0,114.77,323,183.0,77.0,0.57
07:35:14,112.0,16.0,118.0,16.0,110.0,60.0,245.77,13.0,6.0,76.0,29.0,0.757099729201966,112.0,118.0,105,47.0,-176.0,0.45
07:35:15,112.0,24.0,117.87,23.0,110.0,90.0,210.37,19.0,5.8700000000000045,114.0,42.0,0.9007108303766482,112.0,117.87,156,72.0,51.0,0.46
07:35:16,112.0,54.0,116.13,45.0,110.0,225.0,118.0,60.0,4.1299999999999955,279.0,105.0,0.8979587963586116,112.0,116.12999999999998,384,174.0,176.0,0.45
07:35:17,112.0,20.0,114.2,50.0,110.33,67.0,116.69,52.0,2.200000000000003,87.0,102.0,0.8686368631124395,112.0,114.2,189,-15.0,-176.0,-0.08
07:35:18,110.06,62.0,113.25,24.0,109.56,54.0,115.2,20.0,3.1899999999999977,116.0,44.0,1.4007033947119691,110.06,113.25,160,72.0,-29.0,0.45
07:35:19,110.0,160.0,112.23,43.0,109.0,72.0,115.46,41.0,2.230000000000004,232.0,84.0,1.597413534422821,110.0,112.23,316,148.0,156.0,0.47
07:35:20,110.0,74.0,113.0,24.0,109.0,48.0,117.0,32.0,3.0,122.0,56.0,1.246434916053313,110.0,113.0,178,66.0,-138.0,0.37
07:35:21,110.0,56.0,112.88,24.0,109.0,48.0,117.0,32.0,2.8799999999999955,104.0,56.0,0.7721916860187948,110.0,112.88,160,48.0,-18.0,0.3
07:35:22,110.0,77.0,111.27,33.0,109.0,66.0,117.0,44.0,1.269999999999996,143.0,77.0,0.40412869232001103,110.0,111.27,220,66.0,60.0,0.3
07:35:23,110.0,41.0,113.0,24.0,109.0,42.0,141.11,19.0,3.0,83.0,43.0,0.37067505979801907,110.0,113.0,126,40.0,-94.0,0.32
07:35:24,110.0,26.0,112.8,20.0,109.0,60.0,114.33,24.0,2.799999999999997,86.0,44.0,0.3691612113376707,110.0,112.8,130,42.0,4.0,0.32
07:35:25,110.0,11.0,111.09,22.0,109.0,66.0,112.18,22.0,1.0900000000000034,77.0,44.0,0.46891363805736347,110.0,111.09,121,33.0,-9.0,0.27
07:35:26,109.23,31.0,111.36,22.0,108.57,74.0,113.6,30.0,2.1299999999999955,105.0,52.0,0.5406755033807832,109.23,111.36,157,53.0,36.0,0.34
07:35:27,109.0,73.0,112.0,23.0,108.0,117.0,163.62,45.0,3.0,190.0,68.0,0.5592584375367501,109.0,112.0,258,122.0,101.0,0.47
07:35:28,109.0,21.0,115.71,28.0,108.0,63.0,515.17,23.0,6.709999999999994,84.0,51.0,0.8608426104440611,109.0,115.71,135,33.0,-123.0,0.24
07:35:29,109.0,27.0,115.08,26.0,108.0,81.0,337.2,40.0,6.079999999999998,108.0,66.0,0.971889911438647,109.0,115.08,174,42.0,39.0,0.24
07:35:30,109.0,18.0,115.0,24.0,108.0,54.0,498.0,18.0,6.0,72.0,42.0,0.9651528376150513,109.0,115.0,114,30.0,-60.0,0.26
07:35:31,108.2,45.0,115.0,28.0,107.74,31.0,232.14,7.0,6.799999999999997,76.0,35.0,0.7230490992709548,108.2,115.0,111,41.0,-3.0,0.37
07:35:32,108.0,85.0,114.9,40.0,106.0,11.0,169.42,24.0,6.900000000000006,96.0,64.0,0.36510272521120896,108.0,114.9,160,32.0,49.0,0.2
07:35:33,108.97,31.0,113.5,16.0,107.84,38.0,115.0,32.0,4.530000000000001,69.0,48.0,0.3508988457611594,108.97,113.5,117,21.0,-43.0,0.18
07:35:34,108.98,43.0,114.58,38.0,107.78,55.0,195.17,58.0,5.599999999999994,98.0,96.0,0.2962600208541165,108.98,114.58,194,2.0,77.0,0.01
07:35:35,108.43,37.0,116.0,40.0,106.5,12.0,178.54,26.0,7.569999999999993,49.0,66.0,0.3743394181174473,108.43,116.0,115,-17.0,-79.0,-0.15
07:35:36,110.0,64.0,115.14,14.0,108.0,24.0,127.47,34.0,5.140000000000001,88.0,48.0,0.5487713548980362,110.0,115.14,136,40.0,21.0,0.29
07:35:37,110.0,64.0,116.0,32.0,108.0,24.0,258.57,28.0,6.0,88.0,60.0,0.6867677918749672,110.0,116.0,148,28.0,12.0,0.19
07:35:38,110.0,74.0,326.17,24.0,108.0,30.0,618.53,34.0,216.17000000000002,104.0,58.0,47.26701704148433,110.0,326.17,162,46.0,14.0,0.28
07:35:39,110.0,60.0,241.0,35.0,109.0,72.0,422.0,25.0,131.0,132.0,60.0,48.51044815294925,110.0,241.0,192,72.0,30.0,0.38
07:35:40,110.83,29.0,248.51,41.0,109.91,66.0,409.83,30.0,137.68,95.0,71.0,45.985790522725445,110.83000000000001,248.51,166,24.0,-26.0,0.14
07:35:41,112.0,138.0,123.95,78.0,110.0,84.0,139.72,53.0,11.950000000000003,222.0,131.0,44.64416120838184,112.0,123.95,353,91.0,176.0,0.26
07:35:42,112.0,117.0,114.07,75.0,110.0,105.0,116.4,60.0,2.069999999999993,222.0,135.0,44.63612494381636,112.0,114.07,357,87.0,4.0,0.24
07:35:43,110.88,25.0,113.6,53.0,109.84,75.0,121.0,38.0,2.719999999999999,100.0,91.0,34.70148656758052,110.88,113.59999999999998,191,9.0,-166.0,0.05
07:35:44,110.0,63.0,116.56,36.0,109.0,54.0,135.1,21.0,6.560000000000002,117.0,57.0,29.39661324030309,110.0,116.56,174,60.0,-17.0,0.34
07:35:45,110.0,56.0,115.93,57.0,109.0,48.0,138.0,15.0,5.930000000000007,104.0,72.0,2.310049783003566,110.0,115.93,176,32.0,2.0,0.18
07:35:46,112.0,9.0,114.11,36.0,110.0,63.0,116.0,39.0,2.1099999999999994,72.0,75.0,0.3953226529737479,112.0,114.11,147,-3.0,-29.0,-0.02
07:35:47,112.0,7.0,113.29,28.0,110.0,47.0,116.0,28.0,1.2900000000000063,54.0,56.0,0.40506789548685795,112.0,113.29,110,-2.0,-37.0,-0.02
07:35:48,112.0,8.0,113.0,32.0,110.0,46.0,413.67,27.0,1.0,54.0,59.0,0.3164174457171779,112.0,113.0,113,-5.0,3.0,-0.04
07:35:49,112.0,10.0,228.05,43.0,110.0,70.0,419.21,38.0,116.05000000000001,80.0,81.0,25.595051865545457,112.0,228.04999999999998,161,-1.0,48.0,-0.01
07:35:50,110.67,24.0,338.59,34.0,109.93,60.0,629.81,32.0,227.91999999999996,84.0,66.0,50.19510932351852,110.67,338.59,150,18.0,-11.0,0.12
07:35:51,109.29,14.0,388.35,31.0,108.03,31.0,388.84,19.0,279.06,45.0,50.0,62.698051963358424,109.29,388.35,95,-5.0,-55.0,-0.05
07:35:52,108.8,15.0,200.0,47.0,107.77,47.0,291.8,35.0,91.2,62.0,82.0,54.81270911020543,108.8,200.0,144,-20.0,49.0,-0.14
07:35:53,107.03,86.0,108.73,45.0,106.53,36.0,279.83,42.0,1.7000000000000028,122.0,87.0,56.297583429486544,107.03,108.73,209,35.0,65.0,0.17
07:35:54,105.17,24.0,150.29,28.0,98.04,25.0,390.76,25.0,45.11999999999999,49.0,53.0,61.338817807323224,105.17,150.29,102,-4.0,-107.0,-0.04
07:35:55,108.0,45.0,262.47,17.0,95.31,26.0,266.52,27.0,154.47000000000003,71.0,44.0,55.225411542151384,108.0,262.47,115,27.0,13.0,0.23
07:35:56,108.0,54.0,199.68,25.0,105.0,36.0,226.35,20.0,91.68,90.0,45.0,29.404782264114402,108.0,199.68,135,45.0,20.0,0.33
07:35:57,108.38,40.0,111.86,37.0,106.91,55.0,117.29,21.0,3.480000000000004,95.0,58.0,32.66158936732828,108.38,111.85999999999999,153,37.0,18.0,0.24
07:35:58,108.0,70.0,109.44,25.0,105.33,36.0,183.27,26.0,1.4399999999999977,106.0,51.0,32.476239006387,108.0,109.44,157,55.0,4.0,0.35
07:35:59,108.0,49.0,109.0,7.0,106.0,21.0,110.0,7.0,1.0,70.0,14.0,34.91483466952078,108.0,109.0,84,56.0,-73.0,0.67
07:36:00,108.0,33.0,109.0,12.0,106.0,36.0,324.2,30.0,1.0,69.0,42.0,20.082317595336495,108.0,109.0,111,27.0,27.0,0.24
07:36:01,108.67,9.0,393.91,11.0,106.85,26.0,543.73,30.0,285.24,35.0,41.0,63.6554976416018,108.67,393.91,76,-6.0,-35.0,-0.08
07:36:02,110.0,6.0,375.83,6.0,108.0,60.0,543.0,30.0,265.83,66.0,36.0,75.93465598789518,110.0,375.83,102,30.0,26.0,0.29
07:36:03,110.9,73.0,362.25,28.0,108.16,76.0,480.96,51.0,251.35,149.0,79.0,74.17919196108838,110.9,362.25,228,70.0,126.0,0.31
07:36:04,111.0,131.0,270.64,22.0,110.0,13.0,480.45,58.0,159.64,144.0,80.0,59.34241080374143,111.0,270.64,224,64.0,-4.0,0.29
07:36:05,111.56,90.0,113.0,9.0,110.0,9.0,229.0,9.0,1.4399999999999977,99.0,18.0,57.79327659858029,111.56,113.0,117,81.0,-107.0,0.69
07:36:06,112.0,80.0,113.0,8.0,110.0,22.0,297.25,8.0,1.0,102.0,16.0,64.06001404932718,112.0,113.0,118,86.0,1.0,0.73
07:36:07,112.0,56.0,113.0,7.0,110.0,56.0,573.27,15.0,1.0,112.0,22.0,57.78098026167419,112.0,113.0,134,90.0,16.0,0.67
07:36:08,112.0,47.0,113.0,9.0,110.0,72.0,391.55,11.0,1.0,119.0,20.0,35.05049500363682,112.0,113.0,139,99.0,5.0,0.71
07:36:09,110.0,46.0,113.0,10.0,108.38,64.0,225.0,10.0,3.0,110.0,20.0,0.4332204980865222,110.0,113.0,130,90.0,-9.0,0.69
07:36:10,110.0,37.0,113.0,11.0,109.0,143.0,183.18,11.0,3.0,180.0,22.0,0.5477225574707184,110.0,113.0,202,158.0,72.0,0.78
07:36:11,109.12,34.0,113.0,5.0,108.46,56.0,195.0,5.0,3.8799999999999955,90.0,10.0,0.6532380882665462,109.12,113.0,100,80.0,-102.0,0.8
07:36:12,109.0,100.0,113.0,10.0,108.0,100.0,288.41,37.0,4.0,200.0,47.0,0.6005997002679803,109.0,113.0,247,153.0,147.0,0.62
07:36:13,109.0,100.0,113.0,10.0,108.0,100.0,275.8,40.0,4.0,200.0,50.0,0.26404545056077205,109.0,113.0,250,150.0,3.0,0.6
07:36:14,110.0,81.0,113.0,9.0,109.0,90.0,233.29,28.0,3.0,171.0,37.0,0.26404545056077205,110.0,113.0,208,134.0,-42.0,0.64
07:36:15,110.0,100.0,111.19,31.0,109.0,120.0,146.44,18.0,1.1899999999999977,220.0,49.0,0.3195622004583084,110.0,111.19,269,171.0,61.0,0.64
07:36:16,110.0,78.0,112.25,16.0,109.0,120.0,135.85,40.0,2.25,198.0,56.0,0.32199378870059264,110.0,112.25,254,142.0,-15.0,0.56
07:36:17,110.0,42.0,191.67,9.0,109.0,70.0,246.25,24.0,81.66999999999999,112.0,33.0,17.790817856410246,110.0,191.67,145,79.0,-109.0,0.54
07:36:18,110.0,50.0,200.78,37.0,109.0,100.0,332.11,27.0,90.78,150.0,64.0,23.08301691720494,110.0,200.78,214,86.0,69.0,0.4
07:36:19,110.0,44.0,195.89,38.0,109.0,110.0,264.31,36.0,85.88999999999999,154.0,74.0,23.169049829459407,110.0,195.89,228,80.0,14.0,0.35
07:36:20,110.0,32.0,174.0,16.0,109.0,80.0,222.59,22.0,64.0,112.0,38.0,18.232451014605125,110.0,174.0,150,74.0,-78.0,0.49
07:36:21,110.0,34.0,145.0,20.0,109.0,100.0,231.0,30.0,35.0,134.0,50.0,11.376507812152948,110.0,145.0,184,84.0,34.0,0.46
07:36:22,110.88,16.0,175.0,14.0,109.29,42.0,250.55,11.0,64.12,58.0,25.0,11.035018350685982,110.88,175.0,83,33.0,-101.0,0.4
07:36:23,112.0,10.0,126.84,38.0,110.0,30.0,215.54,13.0,14.840000000000003,40.0,51.0,13.360251494637875,112.0,126.84,91,-11.0,8.0,-0.12
07:36:24,112.0,7.0,114.0,35.0,110.0,21.0,347.29,14.0,2.0,28.0,49.0,13.354269729190381,112.0,114.0,77,-21.0,-14.0,-0.27
07:36:25,112.0,7.0,272.35,23.0,110.0,21.0,321.24,17.0,160.35000000000002,28.0,40.0,31.757671199254744,112.0,272.35,68,-12.0,-9.0,-0.18
07:36:26,109.97,40.0,201.03,37.0,108.93,84.0,237.26,43.0,91.06,124.0,80.0,31.690151151422054,109.97,201.03,204,44.0,136.0,0.22
07:36:27,109.0,92.0,188.42,48.0,108.0,180.0,190.0,36.0,79.41999999999999,272.0,84.0,31.719360806926378,109.0,188.42,356,188.0,152.0,0.53
07:36:28,109.0,98.0,187.0,40.0,108.0,150.0,269.66,29.0,78.0,248.0,69.0,28.161721005648428,109.0,187.0,317,179.0,-39.0,0.56
07:36:29,109.6,60.0,186.1,40.0,108.67,136.0,487.4,50.0,76.5,196.0,90.0,19.119171791685503,109.6,186.1,286,106.0,-31.0,0.37
07:36:30,111.04,49.0,184.27,44.0,108.91,104.0,186.0,44.0,73.23,153.0,88.0,3.3530776907162614,111.04,184.27,241,65.0,-45.0,0.27
07:36:31,109.0,74.0,181.6,40.0,108.0,150.0,183.4,40.0,72.6,224.0,80.0,1.2944226512149302,109.0,181.6,304,144.0,63.0,0.47
07:36:32,109.0,144.0,124.73,62.0,108.0,240.0,153.49,65.0,15.730000000000004,384.0,127.0,13.61449521649539,109.0,124.73,511,257.0,176.0,0.5
07:36:33,109.0,90.0,110.0,54.0,108.0,270.0,146.5,48.0,1.0,360.0,102.0,18.698502079042928,109.0,110.0,462,258.0,-49.0,0.56
07:36:34,109.0,8.0,110.0,17.0,108.0,120.0,114.0,16.0,1.0,128.0,33.0,19.16642063610129,109.0,110.0,161,95.0,-176.0,0.59
07:36:35,109.0,11.0,110.0,22.0,108.0,165.0,114.0,22.0,1.0,176.0,44.0,15.518154529452465,109.0,110.0,220,132.0,59.0,0.6
07:36:36,108.01,122.0,109.9,20.0,106.91,33.0,113.6,20.0,1.8900000000000006,155.0,40.0,3.3614312427837363,108.01,109.9,195,115.0,-25.0,0.59
07:36:37,108.0,33.0,110.79,29.0,106.0,22.0,113.82,22.0,2.7900000000000063,55.0,51.0,0.23874672764660942,108.0,110.79,106,4.0,-89.0,0.04
07:36:38,108.0,36.0,111.0,36.0,106.0,24.0,113.0,24.0,3.0,60.0,60.0,0.23874672764660942,108.0,111.0,120,0.0,14.0,0.0
07:36:39,109.0,59.0,111.0,38.0,107.48,54.0,113.0,34.0,2.0,113.0,72.0,0.3734969878888004,109.0,111.0,185,41.0,65.0,0.22
07:36:40,110.0,57.0,111.0,28.0,108.0,56.0,113.0,28.0,1.0,113.0,56.0,0.5953990258323378,110.0,111.0,169,57.0,-16.0,0.34
07:36:41,110.0,32.0,111.0,26.0,108.55,44.0,113.0,26.0,1.0,76.0,52.0,0.526307894641759,110.0,111.0,128,24.0,-41.0,0.19
07:36:42,108.0,26.0,109.89,36.0,106.0,24.0,111.83,24.0,1.8900000000000006,50.0,60.0,0.6728447071666706,108.0,109.89,110,-10.0,-18.0,-0.09
07:36:43,109.2,35.0,111.9,10.0,106.6,20.0,113.0,20.0,2.700000000000003,55.0,30.0,0.6852152946062265,109.2,111.9,85,25.0,-25.0,0.29
07:36:44,110.0,91.0,112.87,23.0,107.23,26.0,411.4,50.0,2.8700000000000045,117.0,73.0,0.8991273546958919,110.0,112.87,190,44.0,105.0,0.23
07:36:45,110.0,56.0,111.97,35.0,108.0,16.0,245.97,32.0,1.9699999999999989,72.0,67.0,0.9406752893334005,110.0,111.97,139,5.0,-51.0,0.04
07:36:46,110.0,63.0,111.0,27.0,108.0,18.0,112.0,45.0,1.0,81.0,72.0,0.9406752893334005,110.0,111.0,153,9.0,14.0,0.06
07:36:47,110.0,35.0,111.0,17.0,108.0,10.0,112.0,25.0,1.0,45.0,42.0,0.4108892794447432,110.0,111.0,87,3.0,-66.0,0.03
07:36:48,110.0,35.0,111.0,25.0,108.86,14.0,112.0,25.0,1.0,49.0,50.0,0.4188436462006015,110.0,111.0,99,-1.0,12.0,-0.01
07:36:49,110.0,9.0,111.0,6.0,109.0,9.0,112.0,15.0,1.0,18.0,21.0,0.2191346617094681,110.0,111.0,39,-3.0,-60.0,-0.08
07:36:50,110.0,28.0,111.0,20.0,108.14,21.0,112.0,50.0,1.0,49.0,70.0,0.0,110.0,111.0,119,-21.0,80.0,-0.18
07:36:51,109.56,27.0,111.0,10.0,107.6,15.0,112.0,45.0,1.4399999999999977,42.0,55.0,0.09838699081920846,109.56,111.0,97,-13.0,-22.0,-0.13
07:36:52,108.0,14.0,111.0,7.0,106.0,7.0,112.0,35.0,3.0,21.0,42.0,0.43322049808655877,108.0,111.0,63,-21.0,-34.0,-0.33
07:36:53,108.85,13.0,111.94,48.0,107.95,39.0,164.86,51.0,3.0900000000000034,52.0,99.0,0.42033320111829875,108.85,111.94,151,-47.0,88.0,-0.31
07:36:54,109.0,57.0,111.4,30.0,108.0,54.0,134.27,41.0,2.4000000000000057,111.0,71.0,0.39342089416085635,109.0,111.4,182,40.0,31.0,0.22
07:36:55,108.69,97.0,159.47,59.0,107.82,66.0,303.23,70.0,50.78,163.0,129.0,10.733200827337793,108.69,159.47,292,34.0,110.0,0.12
07:36:56,108.0,45.0,226.59,34.0,106.0,9.0,432.56,36.0,118.59,54.0,70.0,25.175813194412807,108.0,226.59,124,-16.0,-168.0,-0.13
07:36:57,108.0,20.0,136.0,12.0,106.0,4.0,230.25,16.0,28.0,24.0,28.0,23.666887628075884,108.0,136.0,52,-4.0,-72.0,-0.08
07:36:58,108.0,25.0,285.33,18.0,106.0,5.0,431.0,20.0,177.32999999999998,30.0,38.0,35.42748890339223,108.0,285.33,68,-8.0,16.0,-0.12
07:36:59,108.0,35.0,188.46,41.0,106.0,7.0,398.12,32.0,80.46000000000001,42.0,73.0,29.371983760038805,108.0,188.46,115,-31.0,47.0,-0.27
07:37:00,108.0,62.0,202.66,59.0,106.0,13.0,366.67,60.0,94.66,75.0,119.0,27.295643974817406,108.0,202.66,194,-44.0,79.0,-0.23
07:37:01,108.0,31.0,156.89,35.0,106.76,29.0,373.15,54.0,48.889999999999986,60.0,89.0,28.712464714823465,108.0,156.89,149,-29.0,-45.0,-0.19
07:37:02,109.6,50.0,112.2,44.0,106.0,10.0,215.5,36.0,2.6000000000000085,60.0,80.0,31.774696379351624,109.6,112.2,140,-20.0,-9.0,-0.14
07:37:03,110.0,41.0,111.57,35.0,106.0,7.0,113.0,21.0,1.5699999999999932,48.0,56.0,20.62705916993435,110.0,111.57,104,-8.0,-36.0,-0.08
07:37:04,109.57,28.0,111.53,34.0,104.71,14.0,114.5,30.0,1.960000000000008,42.0,64.0,19.873468997635232,109.57000000000001,111.53,106,-22.0,2.0,-0.21
07:37:05,106.0,4.0,114.0,12.0,104.0,12.0,116.0,20.0,8.0,16.0,32.0,9.791191449459232,106.0,114.0,48,-16.0,-58.0,-0.33
07:37:06,104.17,48.0,113.44,25.0,91.6,20.0,115.69,51.0,9.269999999999996,68.0,76.0,0.8602732123929839,104.17,113.44,144,-8.0,96.0,-0.06
07:37:07,107.84,64.0,111.28,29.0,97.55,44.0,112.78,55.0,3.4399999999999977,108.0,84.0,0.7972138984995103,107.84,111.28,192,24.0,48.0,0.12
07:37:08,105.95,38.0,108.56,50.0,104.89,27.0,110.3,54.0,2.6099999999999994,65.0,104.0,1.2795975929800647,105.95,108.56,169,-39.0,-23.0,-0.23
07:37:09,102.25,28.0,106.42,52.0,94.16,38.0,109.9,58.0,4.170000000000002,66.0,110.0,2.2929893152737715,102.25,106.42,176,-44.0,7.0,-0.25
07:37:10,89.03,67.0,108.19,77.0,78.48,31.0,109.81,72.0,19.159999999999997,98.0,149.0,4.444915072299855,89.03,108.18999999999998,247,-51.0,71.0,-0.21
07:37:22,97.86,14.0,104.0,32.0,60.81,63.0,276.76,29.0,6.140000000000001,77.0,61.0,11.15673428920597,97.86,104.0,138,16.0,-25.0,0.12
07:37:24,99.86,56.0,103.65,23.0,64.71,56.0,295.42,31.0,3.7900000000000063,112.0,54.0,12.070311926373323,99.86,103.65,166,58.0,60.0,0.35
07:37:25,100.49,94.0,104.0,34.0,100.67,72.0,143.3,30.0,3.510000000000005,166.0,64.0,9.12247389691814,100.49,104.0,230,102.0,64.0,0.44
07:37:26,102.0,70.0,143.43,14.0,0.0,0.0,391.25,8.0,41.43000000000001,70.0,22.0,9.65235359899114,102.0,143.43,92,48.0,-138.0,0.52
07:37:27,102.6,55.0,170.29,7.0,0.0,0.0,306.78,9.0,67.69,55.0,16.0,16.24718529468908,102.6,170.29,71,39.0,-21.0,0.55
07:37:29,103.34,35.0,181.23,13.0,46.5,22.0,184.0,39.0,77.88999999999999,57.0,52.0,21.74215835651935,103.34,181.23,109,5.0,71.0,0.05
07:37:30,111.8,40.0,173.65,37.0,108.29,42.0,180.82,17.0,61.85000000000001,82.0,54.0,21.44786073248259,111.8,173.65,136,28.0,27.0,0.21
07:37:31,113.0,16.0,142.0,20.0,112.0,12.0,143.0,20.0,29.0,28.0,40.0,21.30613479728243,113.0,142.0,68,-12.0,-68.0,-0.18
07:37:32,113.0,36.0,137.0,45.0,112.0,27.0,140.44,45.0,24.0,63.0,90.0,20.796667521503725,113.0,137.0,153,-27.0,85.0,-0.18
07:37:33,113.0,35.0,120.42,19.0,112.0,33.0,123.09,55.0,7.420000000000002,68.0,74.0,11.370520216769805,113.0,120.42,142,-6.0,-11.0,-0.04
07:37:34,112.6,5.0,119.0,4.0,111.5,12.0,121.0,20.0,6.400000000000006,17.0,24.0,10.86418335633046,112.6,119.0,41,-7.0,-101.0,-0.17
07:37:35,112.0,12.0,118.67,6.0,110.0,18.0,121.0,30.0,6.670000000000002,30.0,36.0,5.733669854461855,112.0,118.67,66,-6.0,25.0,-0.09
07:37:36,112.0,29.0,114.89,36.0,110.0,48.0,121.05,20.0,2.8900000000000006,77.0,56.0,4.490515560596914,112.0,114.89,133,21.0,67.0,0.16
07:37:37,110.25,8.0,112.94,32.0,108.5,12.0,113.38,16.0,2.6899999999999977,20.0,48.0,2.051055825656988,110.25,112.94,68,-28.0,-65.0,-0.41
07:37:38,106.28,29.0,109.52,27.0,102.48,29.0,112.79,39.0,3.239999999999995,58.0,66.0,3.212626651193761,106.28,109.52,124,-8.0,56.0,-0.06
07:37:39,103.17,46.0,232.81,21.0,89.97,33.0,251.38,40.0,129.64,79.0,61.0,25.160525630438777,103.16999999999999,232.81,140,18.0,16.0,0.13
07:37:40,109.89,37.0,210.3,33.0,105.75,16.0,478.1,31.0,100.41000000000001,53.0,64.0,29.26830077062848,109.89,210.3,117,-11.0,-23.0,-0.09
07:37:41,110.0,70.0,206.22,23.0,108.0,10.0,314.69,16.0,96.22,80.0,39.0,28.92440613046319,110.0,206.22000000000003,119,41.0,2.0,0.34
07:37:42,110.0,70.0,197.29,28.0,106.5,28.0,451.32,44.0,87.28999999999999,98.0,72.0,23.854036765293653,110.0,197.29,170,26.0,51.0,0.15
07:37:43,110.0,18.0,382.91,22.0,109.0,54.0,507.26,19.0,272.91,72.0,41.0,39.026534178684074,110.0,382.91,113,31.0,-57.0,0.27
07:37:44,109.37,67.0,395.68,19.0,108.81,37.0,440.23,26.0,286.31,104.0,45.0,50.60350116345711,109.37,395.68,149,59.0,36.0,0.4
07:37:45,114.19,81.0,238.89,28.0,108.81,37.0,269.48,42.0,124.69999999999999,118.0,70.0,48.31921491497981,114.19,238.89000000000001,188,48.0,39.0,0.26
07:37:46,116.0,72.0,214.95,20.0,109.0,36.0,218.64,22.0,98.94999999999999,108.0,42.0,46.91262655192106,116.0,214.95,150,66.0,-38.0,0.44
07:37:47,116.0,78.0,213.47,53.0,109.0,39.0,214.1,31.0,97.47,117.0,84.0,44.43083647648341,116.0,213.47,201,33.0,51.0,0.16
07:37:48,116.0,84.0,211.17,54.0,110.62,72.0,211.32,41.0,95.16999999999999,156.0,95.0,38.345995488447045,116.0,211.16999999999996,251,61.0,50.0,0.24
07:37:49,116.0,60.0,207.18,17.0,111.3,100.0,209.56,41.0,91.18,160.0,58.0,5.8636021352060075,116.0,207.18,218,102.0,-33.0,0.47
07:37:50,116.0,95.0,161.91,22.0,110.71,76.0,161.29,41.0,45.91,171.0,63.0,11.22948930272384,116.0,161.91,234,108.0,16.0,0.46
07:37:51,115.57,56.0,118.03,36.0,111.36,44.0,119.83,36.0,2.460000000000008,100.0,72.0,20.955831407987255,115.57000000000001,118.03,172,28.0,-62.0,0.16
07:37:52,112.0,27.0,115.55,20.0,110.0,63.0,116.62,13.0,3.549999999999997,90.0,33.0,23.682046997672746,112.0,115.55,123,57.0,-49.0,0.46
07:37:53,110.42,71.0,113.82,51.0,109.67,73.0,115.36,22.0,3.3999999999999915,144.0,73.0,21.365356772120045,110.42,113.82,217,71.0,94.0,0.33
07:37:54,110.0,84.0,112.42,24.0,109.0,36.0,116.0,12.0,2.4200000000000017,120.0,36.0,11.588717357842988,110.0,112.42,156,84.0,-61.0,0.54
07:37:55,110.0,63.0,111.12,34.0,109.0,36.0,141.88,34.0,1.1200000000000045,99.0,68.0,2.496213131919825,110.0,111.12,167,31.0,11.0,0.19
07:37:56,110.0,48.0,111.0,36.0,109.0,36.0,138.51,43.0,1.0,84.0,79.0,1.365715929455471,110.0,111.0,163,5.0,-4.0,0.03
07:37:57,109.92,74.0,111.0,22.0,108.86,28.0,421.35,23.0,1.0799999999999983,102.0,45.0,0.7122499561025712,109.92,111.0,147,57.0,-16.0,0.39
07:37:58,110.0,95.0,239.67,15.0,109.0,30.0,443.48,31.0,129.67,125.0,46.0,28.689272733897845,110.0,239.67,171,79.0,24.0,0.46
07:37:59,110.12,51.0,268.29,28.0,109.31,26.0,357.33,12.0,158.17000000000002,77.0,40.0,39.494884478878795,110.12,268.29,117,37.0,-54.0,0.32
07:38:00,109.25,16.0,254.0,30.0,108.57,14.0,398.25,8.0,144.75,30.0,38.0,39.438168314463944,109.25,254.0,68,-8.0,-49.0,-0.12
07:38:01,109.67,55.0,251.49,61.0,108.73,33.0,293.06,17.0,141.82,88.0,78.0,32.204464286803365,109.67,251.49,166,10.0,98.0,0.06
07:38:02,111.18,51.0,233.02,56.0,109.9,80.0,247.03,32.0,121.84,131.0,88.0,6.636676879282127,111.18,233.02,219,43.0,53.0,0.2
07:38:03,110.0,54.0,183.0,30.0,109.0,12.0,184.0,6.0,73.0,66.0,36.0,16.524684565824426,110.0,183.0,102,30.0,-117.0,0.29
07:38:04,110.0,42.0,182.6,25.0,109.0,10.0,184.0,5.0,72.6,52.0,30.0,17.751259110271384,110.0,182.6,82,22.0,-20.0,0.27
07:38:05,110.0,34.0,166.86,28.0,109.0,16.0,182.33,24.0,56.860000000000014,50.0,52.0,18.394113732387037,110.0,166.85999999999999,102,-2.0,20.0,-0.02
07:38:06,110.0,28.0,178.69,32.0,109.0,14.0,197.53,17.0,68.69,42.0,49.0,13.030394468318539,110.0,178.69,91,-7.0,-11.0,-0.08
07:38:07,110.0,40.0,181.9,50.0,109.0,20.0,204.0,20.0,71.9,60.0,70.0,3.3919360253378126,110.0,181.9,130,-10.0,39.0,-0.08
07:38:08,110.62,29.0,180.64,70.0,109.78,46.0,272.03,31.0,70.01999999999998,75.0,101.0,3.271291793769614,110.62,180.64,176,-26.0,46.0,-0.15
07:38:09,110.16,19.0,180.0,35.0,109.6,20.0,258.33,15.0,69.84,39.0,50.0,3.110519249254748,110.16,180.0,89,-11.0,-87.0,-0.12
07:38:10,112.76,34.0,180.0,45.0,110.29,21.0,468.64,33.0,67.24,55.0,78.0,0.792609613861011,112.76,180.0,133,-23.0,44.0,-0.17
07:38:11,113.0,24.0,180.0,20.0,112.0,4.0,596.0,4.0,67.0,28.0,24.0,0.5783338136276143,113.0,180.0,52,4.0,-81.0,0.08
07:38:12,113.0,30.0,179.8,25.0,112.0,5.0,652.92,13.0,66.80000000000001,35.0,38.0,0.6200161288104494,113.0,179.8,73,-3.0,21.0,-0.04
07:38:13,113.0,90.0,176.71,72.0,112.0,15.0,449.21,33.0,63.71000000000001,105.0,105.0,0.8059900743712891,113.0,176.71,210,0.0,137.0,0.0
07:38:14,113.0,66.0,170.22,37.0,112.0,11.0,185.47,45.0,57.22,77.0,82.0,2.092813895210167,113.0,170.22,159,-5.0,-51.0,-0.03
07:38:15,113.75,24.0,175.0,45.0,112.92,39.0,176.0,45.0,61.25,63.0,90.0,1.9869247595177337,113.75,175.0,153,-27.0,-6.0,-0.18
07:38:16,116.0,10.0,172.4,50.0,113.0,60.0,173.5,50.0,56.400000000000006,70.0,100.0,1.7294710173878103,116.0,172.4,170,-30.0,17.0,-0.18
07:38:17,116.0,10.0,167.9,50.0,113.0,60.0,168.9,50.0,51.900000000000006,70.0,100.0,1.5007897920708484,116.0,167.9,170,-30.0,0.0,-0.18
07:38:18,116.0,13.0,165.56,55.0,113.0,78.0,167.46,65.0,49.56,91.0,120.0,1.6157134646909785,116.0,165.55999999999997,211,-29.0,41.0,-0.14
07:38:19,113.21,56.0,160.46,78.0,112.67,36.0,161.89,72.0,47.250000000000014,92.0,150.0,3.0796266007396595,113.21,160.46,242,-58.0,31.0,-0.24
07:38:20,110.41,73.0,155.49,63.0,109.65,23.0,157.37,63.0,45.08000000000001,96.0,126.0,4.460586284333297,110.41,155.49,222,-30.0,-20.0,-0.14
07:38:21,110.0,105.0,151.73,74.0,109.0,32.0,152.97,70.0,41.72999999999999,137.0,144.0,4.806082604365129,110.0,151.73,281,-7.0,59.0,-0.02
07:38:22,110.17,87.0,146.62,63.0,109.2,30.0,147.56,57.0,36.45,117.0,120.0,4.907909942121997,110.17000000000002,146.62,237,-3.0,-44.0,-0.01
07:38:23,111.34,250.0,138.93,70.0,110.0,96.0,144.1,78.0,27.590000000000003,346.0,148.0,4.444381846778996,111.34,138.93,494,198.0,176.0,0.4
07:38:24,112.0,250.0,131.71,35.0,110.0,60.0,139.11,45.0,19.710000000000008,310.0,80.0,4.434258675356853,112.0,131.71,390,230.0,-104.0,0.59
07:38:25,112.0,255.0,131.59,49.0,110.0,66.0,136.82,51.0,19.590000000000003,321.0,100.0,4.004859548096129,112.0,131.59,421,221.0,31.0,0.52
07:38:26,112.0,264.0,127.36,55.0,110.0,142.0,128.49,68.0,15.36,406.0,123.0,3.419046650745768,112.0,127.36,529,283.0,108.0,0.53
07:38:27,112.0,160.0,126.0,36.0,110.0,170.0,127.33,43.0,14.0,330.0,79.0,2.395762926496511,112.0,126.0,409,251.0,-120.0,0.61
07:38:28,112.0,146.0,123.12,41.0,110.0,195.0,124.06,48.0,11.120000000000005,341.0,89.0,1.8542923178330193,112.0,123.12,430,252.0,21.0,0.59
07:38:29,112.0,154.0,122.0,55.0,110.0,176.0,123.0,44.0,10.0,330.0,99.0,1.8957636983480226,112.0,122.0,429,231.0,-1.0,0.54
07:38:30,112.0,151.0,123.0,56.0,110.0,174.0,125.0,42.0,11.0,325.0,98.0,1.1353942046592607,112.0,123.0,423,227.0,-6.0,0.54
07:38:31,112.0,117.0,120.46,48.0,110.0,169.0,122.2,45.0,8.459999999999994,286.0,93.0,1.0133706133362819,112.0,120.46,379,193.0,-44.0,0.51
07:38:32,112.14,116.0,118.61,49.0,110.83,123.0,120.61,57.0,6.469999999999999,239.0,106.0,0.925624113759614,112.14,118.61000000000001,345,133.0,-34.0,0.39
07:38:33,111.95,56.0,113.8,40.0,110.16,93.0,116.83,36.0,1.8499999999999943,149.0,76.0,1.8218205180458638,111.95,113.8,225,73.0,-120.0,0.32
07:38:34,110.05,55.0,112.0,18.0,109.58,67.0,113.0,17.0,1.9500000000000028,122.0,35.0,2.6178750925077456,110.05,112.0,157,87.0,-68.0,0.55
07:38:35,110.0,89.0,132.41,51.0,109.0,119.0,376.85,33.0,22.409999999999997,208.0,84.0,3.8706433573726073,110.0,132.41,292,124.0,135.0,0.42
07:38:36,110.0,40.0,227.45,40.0,109.0,70.0,308.07,30.0,117.44999999999999,110.0,70.0,24.27498650874963,110.0,227.45,180,40.0,-112.0,0.22
07:38:38,110.0,20.0,347.76,34.0,109.0,56.0,505.23,22.0,237.76,76.0,56.0,74.89091513661721,110.0,347.76,132,20.0,72.0,0.15
07:38:40,113.0,55.0,197.55,55.0,110.0,19.0,270.26,35.0,84.55000000000001,74.0,90.0,63.71167263539717,113.0,197.55,164,-16.0,-49.0,-0.1
07:38:41,112.08,65.0,341.54,65.0,109.62,73.0,442.79,29.0,229.46000000000004,138.0,94.0,55.362667656102175,112.08,341.54,232,44.0,68.0,0.19
07:38:42,111.61,46.0,357.3,50.0,110.34,53.0,415.85,46.0,245.69,99.0,96.0,47.74088415603566,111.61000000000001,357.3,195,3.0,-37.0,0.02
07:38:43,111.12,75.0,284.1,61.0,110.09,66.0,384.02,61.0,172.98000000000002,141.0,122.0,49.44932476788752,111.12,284.1,263,19.0,68.0,0.07
07:38:44,114.0,24.0,207.09,32.0,111.0,48.0,321.75,40.0,93.09,72.0,72.0,36.53849641131943,114.0,207.09,144,0.0,-119.0,0.0
07:38:45,114.0,30.0,386.02,44.0,111.0,60.0,393.7,50.0,272.02,90.0,94.0,35.37120410729624,114.0,386.0199999999999,184,-4.0,40.0,-0.02
07:38:46,114.0,32.0,253.0,36.0,111.94,96.0,307.78,45.0,139.0,128.0,81.0,36.69337923931246,114.0,253.0,209,47.0,25.0,0.22
07:38:47,112.7,69.0,154.18,71.0,111.78,138.0,155.38,50.0,41.480000000000004,207.0,121.0,43.71440231777164,112.7,154.18,328,86.0,119.0,0.26
07:38:48,112.4,90.0,149.64,36.0,111.6,90.0,152.19,52.0,37.23999999999998,180.0,88.0,48.771683690436525,112.4,149.64,268,92.0,-60.0,0.34
07:38:49,113.0,78.0,139.0,53.0,112.0,117.0,139.94,49.0,26.0,195.0,102.0,53.01040445044717,113.0,139.0,297,93.0,29.0,0.31
07:38:50,112.25,72.0,135.0,18.0,111.43,63.0,137.0,45.0,22.75,135.0,63.0,24.895065374486926,112.25,135.0,198,72.0,-99.0,0.36
07:38:51,112.0,68.0,133.03,33.0,111.0,72.0,133.81,47.0,21.03,140.0,80.0,4.7333075116637575,112.0,133.03,220,60.0,22.0,0.27
07:38:52,111.65,34.0,129.93,30.0,110.79,84.0,131.53,59.0,18.28,118.0,89.0,3.9622846944624546,111.65,129.93,207,29.0,-13.0,0.14
07:38:53,111.0,78.0,128.0,39.0,110.0,117.0,129.0,26.0,17.0,195.0,65.0,2.5213052175352266,111.0,128.0,260,130.0,53.0,0.5
07:38:54,111.36,28.0,126.22,36.0,110.69,87.0,127.36,33.0,14.86,115.0,69.0,2.0213436125433257,111.36,126.22,184,46.0,-76.0,0.25
07:38:55,111.0,90.0,123.55,29.0,110.0,117.0,125.03,62.0,12.549999999999997,207.0,91.0,1.9897311376085807,111.0,123.55,298,116.0,114.0,0.39
07:38:56,112.23,31.0,122.88,25.0,110.77,78.0,124.93,57.0,10.649999999999991,109.0,82.0,1.4423487788911205,112.23,122.88,191,27.0,-107.0,0.14
07:38:57,111.46,28.0,121.44,36.0,110.1,120.0,122.47,34.0,9.980000000000004,148.0,70.0,1.2207088104737784,111.46,121.44,218,78.0,27.0,0.36
07:38:58,112.0,12.0,117.74,35.0,110.0,108.0,119.79,29.0,5.739999999999995,120.0,64.0,1.4511788311465532,112.0,117.74,184,56.0,-34.0,0.3
07:38:59,110.81,32.0,114.98,61.0,110.0,217.0,116.0,35.0,4.170000000000002,249.0,96.0,1.933248561351415,110.81,114.98,345,153.0,161.0,0.44
07:39:00,110.0,146.0,112.36,28.0,109.0,8.0,114.21,19.0,2.3599999999999994,154.0,47.0,2.587653377090282,110.0,112.36,201,107.0,-144.0,0.53
07:39:01,110.0,211.0,111.71,28.0,109.0,13.0,131.43,42.0,1.7099999999999937,224.0,70.0,2.397075301271557,110.0,111.71,294,154.0,93.0,0.52
07:39:02,110.0,69.0,111.0,7.0,109.0,7.0,330.0,21.0,1.0,76.0,28.0,1.8200054944877375,110.0,111.0,104,48.0,-176.0,0.46
07:39:03,110.0,60.0,152.62,16.0,109.0,8.0,384.38,16.0,42.620000000000005,68.0,32.0,8.96933107873531,110.0,152.62,100,36.0,-4.0,0.36
07:39:04,110.0,36.0,325.5,8.0,109.0,6.0,537.38,16.0,215.5,42.0,24.0,46.375771152617794,110.0,325.5,66,18.0,-34.0,0.27
07:39:05,114.7,23.0,246.29,24.0,109.98,46.0,267.43,28.0,131.58999999999997,69.0,52.0,47.331392014180004,114.7,246.29,121,17.0,55.0,0.14
07:39:06,116.0,18.0,247.23,35.0,110.0,51.0,249.71,28.0,131.23,69.0,63.0,43.01578105765358,116.0,247.23,132,6.0,11.0,0.05
07:39:07,113.83,36.0,237.43,28.0,112.1,80.0,303.57,21.0,123.60000000000001,116.0,49.0,30.752263656517922,113.83,237.43,165,67.0,33.0,0.41
07:39:08,113.0,67.0,227.46,24.0,110.0,56.0,448.96,23.0,114.46000000000001,123.0,47.0,18.776605657040246,113.0,227.46,170,76.0,5.0,0.45
07:39:09,113.0,36.0,204.89,9.0,110.0,48.0,235.24,21.0,91.88999999999999,84.0,30.0,9.243695148585948,113.0,204.89,114,54.0,-56.0,0.47
07:39:10,113.0,48.0,190.88,17.0,110.0,64.0,195.2,15.0,77.88,112.0,32.0,12.123165840653558,113.0,190.88,144,80.0,30.0,0.56
07:39:11,113.0,46.0,181.64,22.0,110.0,72.0,184.94,32.0,68.63999999999999,118.0,54.0,11.963723082719131,113.0,181.64,172,64.0,28.0,0.37
07:39:12,113.0,12.0,179.0,12.0,110.0,48.0,180.05,19.0,66.0,60.0,31.0,9.959386527290931,113.0,179.0,91,29.0,-81.0,0.32
07:39:13,113.0,16.0,176.79,14.0,110.0,41.0,177.86,28.0,63.78999999999999,57.0,42.0,5.762292946387054,113.0,176.79,99,15.0,8.0,0.15
07:39:14,110.0,46.0,172.66,41.0,108.7,20.0,173.49,37.0,62.66,66.0,78.0,3.8609882154676853,110.0,172.66,144,-12.0,45.0,-0.08
07:39:15,110.0,16.0,170.08,26.0,109.0,8.0,171.55,22.0,60.08000000000001,24.0,48.0,3.1060312297173134,110.0,170.07999999999998,72,-24.0,-72.0,-0.33
07:39:16,109.98,49.0,126.05,40.0,108.7,20.0,151.31,29.0,16.069999999999993,69.0,69.0,11.470703117070734,109.98,126.05,138,0.0,66.0,0.0
07:39:17,111.24,54.0,141.35,26.0,109.0,29.0,212.96,26.0,30.11,83.0,52.0,11.444038622792846,111.24,141.35,135,31.0,-3.0,0.23
07:39:18,112.0,30.0,151.94,17.0,109.0,10.0,164.85,13.0,39.94,40.0,30.0,9.732698495277317,112.0,151.94,70,10.0,-65.0,0.14
07:39:19,112.0,27.0,148.33,18.0,109.0,9.0,167.0,9.0,36.33000000000001,36.0,27.0,8.058497378542247,112.0,148.33,63,9.0,-7.0,0.14
07:39:20,112.0,33.0,146.71,17.0,109.64,11.0,154.5,16.0,34.71000000000001,44.0,33.0,5.51070957318304,112.0,146.71,77,11.0,14.0,0.14
07:39:21,112.0,50.0,144.17,24.0,110.0,14.0,146.44,18.0,32.16999999999999,64.0,42.0,2.1421297813093134,112.0,144.17,106,22.0,29.0,0.21
07:39:22,112.0,36.0,140.29,17.0,110.0,9.0,144.8,10.0,28.289999999999992,45.0,27.0,2.1896072707159795,112.0,140.29,72,18.0,-34.0,0.25
07:39:23,112.86,88.0,138.07,14.0,109.71,14.0,140.0,53.0,25.209999999999994,102.0,67.0,2.0149143902339093,112.86,138.07,169,35.0,97.0,0.21
07:39:24,113.0,64.0,135.67,15.0,110.0,8.0,137.67,9.0,22.669999999999987,72.0,24.0,2.0221473734550623,113.0,135.67,96,48.0,-73.0,0.5
07:39:25,113.0,120.0,132.14,21.0,109.46,37.0,134.46,24.0,19.139999999999986,157.0,45.0,2.053752662803062,113.0,132.14,202,112.0,106.0,0.55
07:39:26,113.0,72.0,129.85,13.0,110.0,42.0,130.57,14.0,16.849999999999994,114.0,27.0,1.974391045352999,113.0,129.85,141,87.0,-61.0,0.62
07:39:27,113.0,72.0,127.78,9.0,110.89,27.0,130.0,18.0,14.780000000000001,99.0,27.0,2.075374664962847,113.0,127.78,126,72.0,-15.0,0.57
07:39:28,113.0,96.0,125.86,14.0,112.0,24.0,129.64,22.0,12.86,120.0,36.0,1.9101884723684144,113.0,125.86,156,84.0,30.0,0.54
07:39:29,113.0,88.0,123.11,19.0,112.0,22.0,124.5,16.0,10.11,110.0,35.0,1.7470603881860205,113.0,123.11000000000001,145,75.0,-11.0,0.52
07:39:30,113.0,72.0,117.2,15.0,112.0,18.0,118.67,30.0,4.200000000000003,90.0,45.0,2.450075509033982,113.0,117.2,135,45.0,-10.0,0.33
07:39:31,113.0,88.0,116.0,11.0,112.0,43.0,117.0,44.0,3.0,131.0,55.0,2.604770623292498,113.0,116.0,186,76.0,51.0,0.41
07:39:32,113.0,80.0,114.31,32.0,112.0,50.0,115.83,23.0,1.3100000000000023,130.0,55.0,2.469487801137532,113.0,114.31,185,75.0,-1.0,0.41
07:39:33,113.0,32.0,114.86,14.0,112.0,16.0,115.6,10.0,1.8599999999999994,48.0,24.0,1.7671643952860367,113.0,114.86,72,24.0,-113.0,0.33
07:39:34,113.0,14.0,129.65,23.0,112.0,14.0,177.24,29.0,16.650000000000006,28.0,52.0,3.1934041397804447,113.0,129.65,80,-24.0,8.0,-0.3
07:39:35,112.0,6.0,132.0,30.0,110.0,30.0,201.0,30.0,20.0,36.0,60.0,4.1995273543539815,112.0,132.0,96,-24.0,16.0,-0.25
07:39:36,112.0,9.0,131.78,45.0,110.0,45.0,185.67,45.0,19.78,54.0,90.0,4.360111237109425,112.0,131.78,144,-36.0,48.0,-0.25
07:39:37,115.84,25.0,130.0,35.0,111.09,11.0,132.0,35.0,14.159999999999997,36.0,70.0,3.6693091992864995,115.84,130.0,106,-34.0,-38.0,-0.32
07:39:38,116.0,28.0,127.71,35.0,112.0,7.0,132.0,35.0,11.709999999999994,35.0,70.0,0.5759774300865543,116.0,127.70999999999998,105,-35.0,-1.0,-0.33
07:39:39,110.0,48.0,126.45,58.0,107.93,28.0,129.31,65.0,16.450000000000003,76.0,123.0,1.8187963052439078,110.0,126.45,199,-47.0,94.0,-0.24
07:39:40,108.3,27.0,123.64,25.0,106.8,25.0,125.88,32.0,15.340000000000003,52.0,57.0,2.950401667564684,108.3,123.64,109,-5.0,-90.0,-0.05
07:39:41,108.29,14.0,122.08,51.0,106.44,50.0,123.33,49.0,13.789999999999992,64.0,100.0,3.4562696654005416,108.29,122.08,164,-36.0,55.0,-0.22
07:39:42,106.0,17.0,117.75,36.0,103.46,13.0,119.09,45.0,11.75,30.0,81.0,3.707468138766291,106.0,117.75,111,-51.0,-53.0,-0.46
07:39:43,107.54,26.0,112.48,56.0,106.4,20.0,113.52,46.0,4.939999999999998,46.0,102.0,3.2855243112730674,107.53999999999999,112.48,148,-56.0,37.0,-0.38
07:39:44,107.8,20.0,109.97,39.0,105.38,13.0,111.39,31.0,2.1700000000000017,33.0,70.0,3.1134755499225855,107.8,109.97,103,-37.0,-45.0,-0.36
07:39:45,104.67,12.0,108.27,26.0,99.66,71.0,110.31,29.0,3.5999999999999943,83.0,55.0,3.274099876296559,104.67,108.27,138,28.0,35.0,0.2
07:39:46,106.42,48.0,196.0,32.0,86.0,10.0,271.38,26.0,89.58,58.0,58.0,18.839169833088917,106.42,196.0,116,0.0,-22.0,0.0
07:39:47,108.0,80.0,294.0,30.0,106.53,40.0,320.8,40.0,186.0,120.0,70.0,41.041521414294245,108.0,294.0,190,50.0,74.0,0.26
07:39:48,108.0,35.0,271.32,22.0,106.48,29.0,328.11,27.0,163.32,64.0,49.0,44.016525646624785,108.0,271.32,113,15.0,-77.0,0.13
07:39:49,108.71,35.0,256.0,27.0,106.91,33.0,257.0,36.0,147.29000000000002,68.0,63.0,38.12778579985969,108.71,256.0,131,5.0,18.0,0.04
07:39:50,109.36,11.0,255.4,30.0,106.59,34.0,257.0,40.0,146.04000000000002,45.0,70.0,18.477522020010834,109.36,255.4,115,-25.0,-16.0,-0.22
07:39:51,108.0,13.0,244.27,44.0,106.0,39.0,252.49,47.0,136.27,52.0,91.0,9.506509348861254,108.0,244.27,143,-39.0,28.0,-0.27
07:39:52,108.93,106.0,168.03,29.0,100.16,61.0,197.84,19.0,59.099999999999994,167.0,48.0,20.3187568517364,108.92999999999999,168.03,215,119.0,72.0,0.55
07:39:53,112.0,80.0,148.0,24.0,102.92,38.0,181.6,10.0,36.0,118.0,34.0,25.529013298597793,112.0,148.0,152,84.0,-63.0,0.55
07:39:54,112.0,112.0,147.42,36.0,106.0,12.0,191.75,36.0,35.41999999999999,124.0,72.0,25.82224661023864,112.0,147.42,196,52.0,44.0,0.27
07:39:55,112.0,54.0,146.33,27.0,109.56,9.0,148.0,27.0,34.33000000000001,63.0,54.0,20.18125987147431,112.0,146.33,117,9.0,-79.0,0.08
07:39:56,112.0,60.0,145.5,30.0,110.0,10.0,147.0,30.0,33.5,70.0,60.0,4.085935633362078,112.0,145.5,130,10.0,13.0,0.08
07:39:57,112.0,50.0,143.4,30.0,110.0,74.0,145.1,30.0,31.400000000000006,124.0,60.0,0.9032884367562839,112.0,143.4,184,64.0,54.0,0.35
07:39:58,110.06,31.0,141.67,18.0,107.14,14.0,143.0,18.0,31.609999999999985,45.0,36.0,1.5161134522117528,110.06,141.67,81,9.0,-103.0,0.11
07:39:59,110.0,63.0,139.55,33.0,102.0,11.0,141.64,33.0,29.55000000000001,74.0,66.0,1.8837250330070066,110.0,139.55,140,8.0,59.0,0.06
07:40:00,110.0,45.0,136.24,29.0,102.0,9.0,137.38,29.0,26.24000000000001,54.0,58.0,2.2509931141558464,110.0,136.24,112,-4.0,-28.0,-0.04
07:40:01,110.44,55.0,134.31,32.0,109.03,33.0,135.91,32.0,23.870000000000005,88.0,64.0,2.1375991205033755,110.44,134.31,152,24.0,40.0,0.16
07:40:02,110.38,16.0,130.2,25.0,109.76,17.0,132.0,15.0,19.819999999999993,33.0,40.0,2.1634417024677464,110.38,130.2,73,-7.0,-79.0,-0.1
07:40:03,111.0,20.0,127.48,25.0,110.0,50.0,128.65,34.0,16.480000000000004,70.0,59.0,2.21342946577846,111.0,127.48,129,11.0,56.0,0.09
07:40:04,110.0,65.0,125.2,30.0,108.0,96.0,127.18,38.0,15.200000000000003,161.0,68.0,2.2583246002238204,110.0,125.2,229,93.0,100.0,0.41
07:40:05,110.0,120.0,123.48,27.0,108.0,77.0,124.76,37.0,13.480000000000004,197.0,64.0,2.2270316567071653,110.0,123.48,261,133.0,32.0,0.51
07:40:06,113.0,29.0,119.42,24.0,110.0,190.0,121.56,16.0,6.420000000000002,219.0,40.0,1.7126091206038971,113.0,119.42,259,179.0,-2.0,0.69
07:40:07,110.2,183.0,114.13,45.0,109.3,175.0,115.32,28.0,3.9299999999999926,358.0,73.0,2.624398978809317,110.20000000000002,114.12999999999998,431,285.0,172.0,0.66
07:40:08,110.0,186.0,139.31,29.0,108.0,77.0,242.47,19.0,29.310000000000002,263.0,48.0,4.5255751015727865,110.0,139.31,311,215.0,-120.0,0.69
07:40:12,110.07,41.0,302.0,6.0,109.56,18.0,492.5,8.0,191.93,59.0,14.0,86.52054946658617,110.07,302.0,73,45.0,-3.0,0.62
07:40:13,110.14,42.0,385.71,7.0,109.71,28.0,508.0,11.0,275.57,70.0,18.0,50.077870062533464,110.14,385.71,88,52.0,15.0,0.59
07:40:14,110.0,80.0,256.47,15.0,109.0,16.0,364.56,9.0,146.47000000000003,96.0,24.0,60.376137918883025,110.0,256.47,120,72.0,32.0,0.6
07:40:15,110.0,64.0,197.0,16.0,108.32,31.0,546.0,8.0,87.0,95.0,24.0,62.411600283921466,110.0,197.0,119,71.0,-1.0,0.6
07:40:16,110.0,40.0,196.0,10.0,108.0,35.0,392.2,5.0,86.0,75.0,15.0,39.85069447324583,110.0,196.0,90,60.0,-29.0,0.67
07:40:17,110.02,123.0,196.0,24.0,108.51,94.0,217.67,12.0,85.98,217.0,36.0,41.1315515146218,110.02,196.0,253,181.0,163.0,0.72
07:40:18,110.04,52.0,195.29,14.0,108.81,59.0,203.0,7.0,85.24999999999999,111.0,21.0,13.503579155171673,110.03999999999999,195.29,132,90.0,-121.0,0.68
07:40:19,110.0,59.0,193.12,16.0,108.3,20.0,203.0,8.0,83.12,79.0,24.0,0.7274475926052993,110.0,193.12,103,55.0,-29.0,0.53
07:40:20,111.46,67.0,192.2,20.0,110.16,19.0,364.19,37.0,80.74,86.0,57.0,0.6762913573211227,111.46,192.2,143,29.0,40.0,0.2
07:40:21,116.0,28.0,191.83,12.0,112.0,7.0,499.67,24.0,75.83000000000001,35.0,36.0,0.9471694674065639,116.0,191.83,71,-1.0,-72.0,-0.01
07:40:22,116.0,48.0,154.69,13.0,112.62,24.0,165.45,20.0,38.69,72.0,33.0,7.721180609206553,116.0,154.69,105,39.0,34.0,0.37
07:40:23,110.0,90.0,146.08,13.0,109.0,9.0,146.57,14.0,36.08000000000001,99.0,27.0,11.686691148481131,110.0,146.08,126,72.0,21.0,0.57
07:40:24,110.0,107.0,143.45,22.0,109.0,11.0,145.0,11.0,33.44999999999999,118.0,33.0,12.952421781272678,110.0,143.45,151,85.0,25.0,0.56
07:40:25,110.0,69.0,138.58,26.0,109.0,15.0,140.11,19.0,28.580000000000013,84.0,45.0,12.049167191137585,110.0,138.58,129,39.0,-22.0,0.3
07:40:26,110.0,46.0,132.0,20.0,109.0,10.0,135.4,10.0,22.0,56.0,30.0,5.342927100381029,110.0,132.0,86,26.0,-43.0,0.3
07:40:27,112.72,53.0,130.14,21.0,109.98,61.0,131.33,18.0,17.419999999999987,114.0,39.0,3.1232787259522357,112.72,130.14,153,75.0,67.0,0.49
07:40:28,113.0,16.0,127.27,11.0,110.0,40.0,129.54,13.0,14.269999999999996,56.0,24.0,2.7305622131688807,113.0,127.27,80,32.0,-73.0,0.4
07:40:29,113.0,18.0,124.88,16.0,110.0,45.0,126.18,11.0,11.879999999999995,63.0,27.0,1.9914944137470354,113.0,124.88,90,36.0,10.0,0.4
07:40:30,113.0,36.0,123.2,20.0,111.18,85.0,124.06,34.0,10.200000000000003,121.0,54.0,1.3935278970962763,113.0,123.2,175,67.0,85.0,0.38
07:40:31,113.0,25.0,122.53,15.0,112.0,90.0,124.0,30.0,9.530000000000001,115.0,45.0,1.512458263882188,113.0,122.53,160,70.0,-15.0,0.44
07:40:32,113.0,5.0,120.4,5.0,112.0,30.0,124.0,10.0,7.400000000000006,35.0,15.0,1.2914720283403087,113.0,120.4,50,20.0,-110.0,0.4
07:40:33,112.71,14.0,119.0,11.0,111.62,74.0,195.0,19.0,6.290000000000006,88.0,30.0,1.2075512411427414,112.71,119.0,118,58.0,68.0,0.49
07:40:34,112.0,63.0,115.0,30.0,110.0,196.0,228.54,28.0,3.0,259.0,58.0,1.8410268873607794,112.0,115.0,317,201.0,176.0,0.63
07:40:35,110.0,93.0,112.29,21.0,109.0,7.0,114.0,35.0,2.2900000000000063,100.0,56.0,2.667017060310127,110.0,112.29,156,44.0,-161.0,0.28
07:40:36,110.0,45.0,167.04,25.0,109.0,8.0,194.6,25.0,57.03999999999999,53.0,50.0,11.046559645427417,110.0,167.04,103,3.0,-53.0,0.03
07:40:37,108.18,22.0,404.0,16.0,106.16,37.0,506.71,7.0,295.82,59.0,23.0,61.94841660607626,108.18,404.0,82,36.0,-21.0,0.44
07:40:38,108.0,20.0,403.0,20.0,106.0,35.0,405.0,5.0,295.0,55.0,25.0,74.57708361152227,108.0,403.0,80,30.0,-2.0,0.38
07:40:39,112.0,16.0,398.57,37.0,107.39,46.0,466.0,16.0,286.57,62.0,53.0,72.29014165154184,112.0,398.57,115,9.0,35.0,0.08
07:40:40,116.0,5.0,402.0,20.0,108.33,18.0,405.0,5.0,286.0,23.0,25.0,52.7688176862054,116.0,402.0,48,-2.0,-67.0,-0.04
07:40:41,116.0,7.0,401.86,28.0,111.0,14.0,407.86,7.0,285.86,21.0,35.0,1.85427883555393,116.0,401.86,56,-14.0,8.0,-0.25
07:40:42,110.4,20.0,414.03,29.0,109.0,24.0,497.22,9.0,303.63,44.0,38.0,2.8787462548795704,110.4,414.03,82,6.0,26.0,0.07
07:40:43,109.57,7.0,414.0,28.0,108.03,33.0,415.57,7.0,304.43,40.0,35.0,2.78433654574712,109.57000000000001,414.0,75,5.0,-7.0,0.07
07:40:44,109.5,10.0,397.67,24.0,107.59,29.0,410.82,22.0,288.17,39.0,46.0,3.4452764765665713,109.5,397.67,85,-7.0,10.0,-0.08
07:40:45,108.0,24.0,392.78,32.0,106.0,70.0,404.86,29.0,284.78,94.0,61.0,5.209997120918902,108.0,392.78,155,33.0,70.0,0.21
07:40:46,106.29,28.0,325.26,23.0,105.54,26.0,337.83,18.0,218.96999999999997,54.0,41.0,19.138844008977767,106.29,325.26,95,13.0,-60.0,0.14
07:40:47,106.65,54.0,321.45,33.0,105.75,48.0,322.47,34.0,214.79999999999998,102.0,67.0,22.493114057417323,106.65,321.45,169,35.0,74.0,0.21
07:40:48,109.0,40.0,318.46,26.0,105.67,36.0,319.43,28.0,209.45999999999998,76.0,54.0,20.567855503187143,109.0,318.46,130,22.0,-39.0,0.17
07:40:49,109.0,45.0,314.03,29.0,105.14,21.0,315.25,28.0,205.02999999999997,66.0,57.0,16.447708655006828,109.0,314.03,123,9.0,-7.0,0.07
07:40:50,111.14,35.0,309.83,30.0,108.59,29.0,311.68,28.0,198.69,64.0,58.0,2.1057112812511267,111.14,309.83,122,6.0,-1.0,0.05
07:40:51,109.64,22.0,304.36,22.0,108.14,14.0,305.3,20.0,194.72000000000003,36.0,42.0,2.8567936572298356,109.64,304.36,78,-6.0,-44.0,-0.08
07:40:52,116.0,10.0,147.36,33.0,109.0,50.0,190.0,33.0,31.360000000000014,60.0,66.0,35.41545750092736,116.0,147.36,126,-6.0,48.0,-0.05
07:40:53,116.0,5.0,144.2,15.0,109.0,25.0,145.6,15.0,28.19999999999999,30.0,30.0,43.185698095550066,116.0,144.2,60,0.0,-66.0,0.0
07:40:54,111.8,10.0,141.43,21.0,108.61,23.0,142.43,21.0,29.63000000000001,33.0,42.0,43.48059831695052,111.8,141.43,75,-9.0,15.0,-0.12
07:40:55,109.0,10.0,140.6,15.0,107.85,13.0,141.6,15.0,31.599999999999994,23.0,30.0,35.30239821881801,109.0,140.6,53,-7.0,-22.0,-0.13
07:40:56,110.5,12.0,139.25,36.0,109.0,24.0,140.25,36.0,28.75,36.0,72.0,3.127056123578578,110.5,139.25,108,-36.0,55.0,-0.33
07:40:57,110.69,32.0,136.0,54.0,109.74,76.0,137.17,54.0,25.310000000000002,108.0,108.0,2.595068399871328,110.69,136.0,216,0.0,108.0,0.0
07:40:58,110.0,55.0,133.09,33.0,109.0,22.0,134.09,33.0,23.090000000000003,77.0,66.0,1.8964519503565698,110.0,133.09,143,11.0,-73.0,0.08
07:40:59,111.6,75.0,129.53,45.0,109.91,66.0,130.18,50.0,17.930000000000007,141.0,95.0,1.929603586235166,111.6,129.53,236,46.0,93.0,0.19
07:41:00,112.0,50.0,124.4,30.0,110.0,50.0,126.0,30.0,12.400000000000006,100.0,60.0,2.5666651515170447,112.0,124.4,160,40.0,-76.0,0.25
07:41:01,112.0,70.0,123.64,42.0,110.0,76.0,125.29,42.0,11.64,146.0,84.0,2.315022678077364,112.0,123.64,230,62.0,70.0,0.27
07:41:02,112.0,71.0,119.8,45.0,110.0,105.0,120.93,45.0,7.799999999999997,176.0,90.0,2.2597278597240362,112.0,119.8,266,86.0,36.0,0.32
07:41:03,110.06,72.0,114.08,36.0,109.41,34.0,115.33,36.0,4.019999999999996,106.0,72.0,3.175432254042533,110.06,114.08,178,34.0,-88.0,0.19
07:41:04,110.0,44.0,112.0,33.0,109.0,22.0,114.0,33.0,2.0,66.0,66.0,3.3010331716016283,110.0,112.0,132,0.0,-46.0,0.0
07:41:05,109.38,16.0,111.64,33.0,108.32,37.0,114.55,33.0,2.260000000000005,53.0,66.0,3.2268173174220443,109.38,111.64,119,-13.0,-13.0,-0.11
07:41:06,108.75,63.0,111.62,58.0,107.89,76.0,300.3,70.0,2.8700000000000045,139.0,128.0,2.330465618715569,108.75,111.62,267,11.0,148.0,0.04
07:41:07,108.42,45.0,131.57,54.0,107.46,35.0,183.24,34.0,23.14999999999999,80.0,88.0,4.1143006696175,108.41999999999999,131.57,168,-8.0,-99.0,-0.05
07:41:08,110.29,14.0,256.74,39.0,105.38,13.0,535.94,17.0,146.45,27.0,56.0,31.832391521844684,110.29,256.74,83,-29.0,-85.0,-0.35
07:41:10,105.14,14.0,125.6,25.0,47.89,27.0,192.77,31.0,20.459999999999994,41.0,56.0,76.103981039102,105.14,125.6,97,-15.0,47.0,-0.15
07:41:11,105.0,20.0,123.5,20.0,82.97,33.0,132.89,46.0,18.5,53.0,66.0,75.40856562752003,105.0,123.5,119,-13.0,22.0,-0.11
07:41:14,86.08,38.0,153.33,18.0,63.16,80.0,342.62,21.0,67.25000000000001,118.0,39.0,21.282395776791958,86.08,153.33,157,79.0,9.0,0.5
07:41:21,92.0,66.0,263.67,24.0,91.0,11.0,453.49,35.0,171.67000000000002,77.0,59.0,38.56347663268978,92.0,263.67,136,18.0,40.0,0.13
07:41:22,105.55,44.0,313.5,32.0,101.21,56.0,616.0,34.0,207.95,100.0,66.0,56.156689450144796,105.55,313.5,166,34.0,30.0,0.2
07:41:23,109.94,34.0,360.09,32.0,109.2,20.0,534.95,38.0,250.14999999999998,54.0,70.0,65.24083360902124,109.94,360.09,124,-16.0,-42.0,-0.13
07:41:24,110.19,21.0,180.85,39.0,107.22,81.0,285.0,42.0,70.66,102.0,81.0,54.92055871893505,110.18999999999998,180.85,183,21.0,59.0,0.11
07:41:25,110.0,16.0,197.89,27.0,107.45,80.0,259.0,14.0,87.88999999999999,96.0,41.0,37.66969577790599,110.0,197.89,137,55.0,-46.0,0.4
07:41:26,112.2,25.0,199.0,32.0,108.06,65.0,236.0,8.0,86.8,90.0,40.0,39.88092526509371,112.2,199.0,130,50.0,-7.0,0.38
07:41:27,110.0,22.0,203.0,28.0,108.0,99.0,330.86,21.0,93.0,121.0,49.0,36.98670409755365,110.0,203.0,170,72.0,40.0,0.42
07:41:28,110.0,11.0,214.9,30.0,108.0,90.0,366.18,28.0,104.9,101.0,58.0,6.10144409136023,110.0,214.9,159,43.0,-11.0,0.27
07:41:29,108.21,28.0,192.71,28.0,106.95,57.0,230.43,28.0,84.50000000000001,85.0,56.0,4.379703186289513,108.21,192.71,141,29.0,-18.0,0.21
07:41:30,108.19,42.0,170.0,50.0,106.34,58.0,171.0,30.0,61.81,100.0,80.0,8.772338342767862,108.18999999999998,170.0,180,20.0,39.0,0.11
07:41:31,112.44,27.0,167.12,48.0,109.43,42.0,168.73,64.0,54.68000000000001,69.0,112.0,10.248630152366507,112.44,167.12,181,-43.0,1.0,-0.24
07:41:32,116.0,36.0,163.52,27.0,113.0,36.0,164.47,43.0,47.52000000000001,72.0,70.0,10.188837028827033,116.0,163.52,142,2.0,-39.0,0.01
07:41:33,116.0,46.0,160.62,45.0,113.0,48.0,161.64,42.0,44.620000000000005,94.0,87.0,5.054752219446407,116.0,160.62,181,7.0,39.0,0.04
07:41:34,112.76,38.0,146.0,48.0,109.59,64.0,152.48,52.0,33.239999999999995,102.0,100.0,4.449233641875808,112.76,146.0,202,2.0,21.0,0.01
07:41:35,111.0,10.0,115.16,25.0,109.0,30.0,118.81,21.0,4.159999999999997,40.0,46.0,11.46051569520328,111.0,115.16,86,-6.0,-116.0,-0.07
07:41:36,110.56,25.0,113.05,38.0,109.56,41.0,114.74,31.0,2.489999999999995,66.0,69.0,13.411613251208893,110.56,113.05,135,-3.0,49.0,-0.02
07:41:37,109.09,45.0,110.54,37.0,108.0,53.0,111.84,37.0,1.4500000000000028,98.0,74.0,12.657968636396731,109.09,110.54,172,24.0,37.0,0.14
07:41:38,107.82,34.0,136.73,33.0,105.18,62.0,161.4,25.0,28.909999999999997,96.0,58.0,8.288116191270731,107.82,136.73,154,38.0,-18.0,0.25
07:41:39,108.0,24.0,223.73,22.0,106.0,8.0,350.5,10.0,115.72999999999999,32.0,32.0,23.573308422875275,108.0,223.73,64,0.0,-90.0,0.0
07:41:40,108.0,18.0,230.14,21.0,106.0,6.0,425.14,21.0,122.13999999999999,24.0,42.0,29.343999897764434,108.0,230.14,66,-18.0,2.0,-0.27
07:41:41,108.0,18.0,191.92,26.0,106.0,6.0,235.0,13.0,83.91999999999999,24.0,39.0,26.366534281167805,108.0,191.92000000000002,63,-15.0,-3.0,-0.24
07:41:42,108.14,28.0,150.23,26.0,106.5,12.0,221.22,18.0,42.08999999999999,40.0,44.0,21.091767825386192,108.14,150.23,84,-4.0,21.0,-0.05
07:41:43,106.05,40.0,250.68,28.0,103.64,22.0,459.25,16.0,144.63,62.0,44.0,19.31528591556422,106.05,250.68,106,18.0,22.0,0.17
07:41:44,105.0,155.0,141.8,20.0,94.11,45.0,295.9,20.0,36.80000000000001,200.0,40.0,24.023801322854716,105.0,141.8,240,160.0,134.0,0.67
07:41:45,106.0,70.0,139.4,30.0,105.0,120.0,168.61,18.0,33.400000000000006,190.0,48.0,23.768628904503494,106.0,139.4,238,142.0,-2.0,0.6
07:41:46,106.0,42.0,138.29,21.0,103.84,74.0,196.64,11.0,32.28999999999999,116.0,32.0,24.31537826150357,106.0,138.29,148,84.0,-90.0,0.57
07:41:47,103.35,74.0,137.31,39.0,82.65,34.0,230.76,17.0,33.96000000000001,108.0,56.0,25.166958099857855,103.35,137.31,164,52.0,16.0,0.32
07:41:48,103.74,38.0,136.75,36.0,70.38,58.0,156.38,16.0,33.010000000000005,96.0,52.0,1.4206407005301538,103.74,136.75,148,44.0,-16.0,0.3
07:41:49,106.53,34.0,133.58,36.0,39.67,24.0,137.0,36.0,27.05000000000001,58.0,72.0,1.2303983094928743,106.53,133.58,130,-14.0,-18.0,-0.11
07:41:50,108.0,30.0,130.4,30.0,105.97,118.0,131.8,30.0,22.400000000000006,148.0,60.0,1.0739553063340455,108.0,130.4,208,88.0,78.0,0.42
07:41:51,107.37,35.0,129.0,27.0,105.97,105.0,130.0,27.0,21.629999999999995,140.0,54.0,0.9085868147861287,107.37,129.0,194,86.0,-14.0,0.44
07:41:52,106.0,121.0,126.82,33.0,103.0,11.0,128.36,33.0,20.819999999999993,132.0,66.0,1.5734833967993875,106.0,126.81999999999998,198,66.0,4.0,0.33
07:41:53,106.95,63.0,124.22,27.0,104.83,69.0,128.0,27.0,17.269999999999996,132.0,54.0,1.8705213177089164,106.95,124.22,186,78.0,-12.0,0.42
07:41:54,113.0,21.0,122.57,21.0,108.0,35.0,128.0,21.0,9.569999999999993,56.0,42.0,1.4375256519462802,113.0,122.57,98,14.0,-88.0,0.14
07:41:55,110.3,23.0,120.29,21.0,107.06,47.0,122.57,21.0,9.990000000000009,70.0,42.0,1.2917739740386855,110.3,120.29,112,28.0,14.0,0.25
07:41:56,110.0,6.0,119.0,12.0,108.0,20.0,120.0,12.0,9.0,26.0,24.0,1.249667955900213,110.0,119.0,50,2.0,-62.0,0.04
07:41:57,108.0,5.0,118.4,15.0,106.0,55.0,120.0,15.0,10.400000000000006,60.0,30.0,1.683101304141823,108.0,118.4,90,30.0,40.0,0.33
07:41:58,115.11,45.0,117.07,45.0,107.25,83.0,120.0,45.0,1.9599999999999937,128.0,90.0,1.7208515333996406,115.11,117.07,218,38.0,128.0,0.17
07:41:59,116.0,9.0,118.52,23.0,110.0,84.0,206.29,21.0,2.519999999999996,93.0,44.0,1.5420116731088327,116.0,118.52,137,49.0,-81.0,0.36
07:42:00,110.05,121.0,116.73,22.0,108.91,22.0,145.68,19.0,6.680000000000007,143.0,41.0,1.754642413713962,110.05,116.73,184,102.0,47.0,0.55
07:42:01,110.0,140.0,111.24,45.0,108.35,23.0,123.24,25.0,1.2399999999999949,163.0,70.0,2.6157924229579175,110.0,111.24000000000001,233,93.0,49.0,0.4
07:42:02,110.0,25.0,111.0,30.0,109.0,80.0,282.43,28.0,1.0,105.0,58.0,3.0873240840579266,110.0,111.0,163,47.0,-70.0,0.29
07:42:03,109.24,63.0,250.0,27.0,108.87,46.0,489.5,28.0,140.76,109.0,55.0,29.94541734556396,109.24,250.0,164,54.0,1.0,0.33
07:42:04,111.76,34.0,268.77,26.0,109.11,83.0,490.07,29.0,157.01,117.0,55.0,40.418039907942116,111.76,268.77,172,62.0,8.0,0.36
07:42:05,115.69,52.0,335.0,12.0,110.0,24.0,546.5,18.0,219.31,76.0,30.0,51.007215862071895,115.69,335.0,106,46.0,-66.0,0.43
07:42:06,116.0,84.0,395.86,14.0,112.0,14.0,578.0,21.0,279.86,98.0,35.0,54.76590390014571,116.0,395.86,133,63.0,27.0,0.47
07:42:07,116.0,44.0,397.0,8.0,112.0,8.0,602.75,12.0,281.0,52.0,20.0,35.89738472368135,116.0,397.0,72,32.0,-61.0,0.44
07:42:08,116.0,88.0,334.0,12.0,112.0,16.0,428.27,15.0,218.0,104.0,27.0,27.3763118407135,116.0,334.0,131,77.0,59.0,0.59
07:42:09,116.0,121.0,217.24,29.0,112.0,22.0,389.0,16.0,101.24000000000001,143.0,45.0,36.58343135901813,116.0,217.24,188,98.0,57.0,0.52
07:42:10,116.0,77.0,344.5,16.0,112.0,14.0,382.53,17.0,228.5,91.0,33.0,36.63128376128785,116.0,344.5,124,58.0,-64.0,0.47
07:42:11,116.0,66.0,335.88,8.0,112.0,16.0,337.0,32.0,219.88,82.0,40.0,32.95187885386798,116.0,335.88,122,42.0,-2.0,0.34
07:42:12,116.0,20.0,319.0,9.0,112.0,14.0,336.92,25.0,203.0,34.0,34.0,26.364470789302665,116.0,319.0,68,0.0,-54.0,0.0
07:42:13,116.0,14.0,231.0,14.0,112.0,14.0,335.0,7.0,115.0,28.0,21.0,30.300690091151317,116.0,231.0,49,7.0,-19.0,0.14
07:42:14,116.0,18.0,229.29,17.0,112.0,18.0,230.37,19.0,113.28999999999999,36.0,36.0,28.57334194664662,116.0,229.29,72,0.0,23.0,0.0
07:42:15,112.38,42.0,210.57,23.0,111.07,56.0,224.48,31.0,98.19,98.0,54.0,29.30419031469728,112.38,210.57,152,44.0,80.0,0.29
07:42:16,112.0,32.0,201.5,26.0,111.0,40.0,201.85,34.0,89.5,72.0,60.0,24.086855959215608,112.0,201.5,132,12.0,-20.0,0.09
07:42:17,112.0,20.0,195.0,13.0,111.0,40.0,198.5,10.0,83.0,60.0,23.0,9.129328014700901,112.0,195.0,83,37.0,-49.0,0.45
07:42:18,112.0,16.0,189.5,32.0,111.0,32.0,197.0,8.0,77.5,48.0,40.0,8.599353464069463,112.0,189.5,88,8.0,5.0,0.09
07:42:19,112.84,37.0,173.58,26.0,111.6,30.0,190.08,50.0,60.74000000000001,67.0,76.0,6.834974762206818,112.84,173.57999999999998,143,-9.0,55.0,-0.06
07:42:20,113.0,45.0,134.32,34.0,112.0,30.0,139.24,21.0,21.319999999999993,75.0,55.0,13.231849077132232,113.0,134.32,130,20.0,-13.0,0.15
07:42:21,112.5,24.0,130.83,18.0,111.25,32.0,132.24,42.0,18.330000000000013,56.0,60.0,15.005867852277184,112.5,130.83,116,-4.0,-14.0,-0.03
07:42:22,111.45,22.0,126.08,12.0,110.5,72.0,127.08,12.0,14.629999999999995,94.0,24.0,14.385507290325446,111.45,126.08,118,70.0,2.0,0.59
07:42:23,110.68,22.0,122.0,21.0,110.07,123.0,125.38,13.0,11.319999999999993,145.0,34.0,10.699679901754395,110.68,122.0,179,111.0,61.0,0.62
07:42:24,110.0,110.0,119.0,23.0,109.0,33.0,120.0,35.0,9.0,143.0,58.0,3.749075886136085,110.0,119.0,201,85.0,22.0,0.42
07:42:25,110.0,111.0,115.0,12.0,109.0,36.0,116.0,12.0,5.0,147.0,24.0,3.590951127487976,110.0,115.0,171,123.0,-30.0,0.72
07:42:26,110.0,122.0,112.71,14.0,109.0,42.0,115.14,14.0,2.7099999999999937,164.0,28.0,2.9702659813570973,110.0,112.71,192,136.0,21.0,0.71
07:42:27,110.0,65.0,113.96,23.0,109.0,30.0,258.33,18.0,3.9599999999999937,95.0,41.0,2.0506779366851617,110.0,113.96,136,54.0,-56.0,0.4
07:42:28,115.8,121.0,145.0,20.0,109.95,38.0,330.5,40.0,29.200000000000003,159.0,60.0,8.053578086788951,115.8,145.0,219,99.0,83.0,0.45
07:42:29,116.0,143.0,251.3,40.0,110.0,55.0,380.42,38.0,135.3,198.0,78.0,31.051972884182515,116.0,251.3,276,120.0,57.0,0.43
07:42:30,116.0,122.0,204.59,34.0,110.0,50.0,377.76,17.0,88.59,172.0,51.0,31.675937713033928,116.0,204.59,223,121.0,-53.0,0.54
07:42:31,116.0,88.0,244.96,27.0,110.0,40.0,300.86,22.0,128.96,128.0,49.0,31.386579138224093,116.0,244.96,177,79.0,-46.0,0.45
07:42:32,116.0,94.0,252.69,26.0,110.15,40.0,260.44,36.0,136.69,134.0,62.0,23.1358040707472,116.0,252.69,196,72.0,19.0,0.37
07:42:33,116.0,60.0,252.82,34.0,113.0,10.0,260.4,40.0,136.82,70.0,74.0,10.38153553189516,116.0,252.81999999999996,144,-4.0,-52.0,-0.03
07:42:34,116.0,54.0,240.27,30.0,113.0,9.0,251.76,34.0,124.27000000000001,63.0,64.0,10.001585874250235,116.0,240.27,127,-1.0,-17.0,-0.01
07:42:35,116.0,84.0,218.93,56.0,113.0,14.0,219.93,56.0,102.93,98.0,112.0,6.964260908380842,116.0,218.93,210,-14.0,83.0,-0.07
07:42:36,116.0,60.0,154.18,34.0,113.0,10.0,187.14,28.0,38.18000000000001,70.0,62.0,20.64439681850749,116.0,154.18,132,8.0,-78.0,0.06
07:42:37,116.0,42.0,144.5,56.0,113.0,11.0,170.14,35.0,28.5,53.0,91.0,24.906947223616207,116.0,144.5,144,-38.0,12.0,-0.26
07:42:38,116.0,22.0,142.82,44.0,113.0,11.0,143.67,39.0,26.819999999999993,33.0,83.0,22.98806255429118,116.0,142.82,116,-50.0,-28.0,-0.43
07:42:39,116.0,22.0,138.55,44.0,113.0,11.0,139.55,44.0,22.55000000000001,33.0,88.0,16.772664666057256,116.0,138.55,121,-55.0,5.0,-0.45
07:42:40,116.0,14.0,134.43,28.0,113.0,7.0,135.86,28.0,18.430000000000007,21.0,56.0,3.7141997792265187,116.0,134.43,77,-35.0,-44.0,-0.45
07:42:41,112.74,27.0,125.03,58.0,110.57,37.0,130.14,57.0,12.290000000000006,64.0,115.0,4.535072215522755,112.74,125.03,179,-51.0,102.0,-0.28
07:42:42,110.15,20.0,111.78,36.0,109.05,37.0,113.94,34.0,1.6299999999999955,57.0,70.0,7.482200211168281,110.15,111.78,127,-13.0,-52.0,-0.1
07:42:43,109.03,36.0,110.88,24.0,108.19,26.0,112.0,32.0,1.8499999999999943,62.0,56.0,7.93778180602155,109.03,110.88,118,6.0,-9.0,0.05
07:42:44,106.2,30.0,111.57,35.0,102.84,19.0,228.46,28.0,5.36999999999999,49.0,63.0,7.040781206656457,106.2,111.57,112,-14.0,-6.0,-0.12
07:42:45,106.0,27.0,110.23,26.0,103.0,23.0,209.16,31.0,4.230000000000004,50.0,57.0,4.3430254431682505,106.0,110.23,107,-7.0,-5.0,-0.07
07:42:46,106.0,21.0,110.71,28.0,102.12,17.0,437.73,15.0,4.709999999999994,38.0,43.0,1.1845378845806254,106.0,110.71,81,-5.0,-26.0,-0.06
07:42:47,106.55,22.0,109.43,28.0,104.67,27.0,355.33,12.0,2.8800000000000097,49.0,40.0,0.7980413523162394,106.55,109.42999999999999,89,9.0,8.0,0.1
07:42:48,107.47,17.0,162.89,9.0,104.2,20.0,500.14,14.0,55.41999999999999,37.0,23.0,12.00814598512222,107.47,162.89,60,14.0,-29.0,0.23
07:42:49,111.0,55.0,232.55,20.0,106.92,26.0,517.15,26.0,121.55000000000001,81.0,46.0,27.99507063752487,111.0,232.55,127,35.0,67.0,0.28
07:42:50,111.0,49.0,162.69,13.0,110.0,42.0,187.4,15.0,51.69,91.0,28.0,26.226932149986723,111.0,162.69,119,63.0,-8.0,0.53
07:42:51,111.0,25.0,161.8,5.0,110.0,30.0,163.0,15.0,50.80000000000001,55.0,20.0,22.65433402243393,111.0,161.8,75,35.0,-44.0,0.47
07:42:52,110.0,42.0,149.1,20.0,107.91,46.0,158.89,35.0,39.099999999999994,88.0,55.0,16.928040938041452,110.0,149.1,143,33.0,68.0,0.23
07:42:53,110.0,18.0,127.33,24.0,108.0,24.0,159.0,6.0,17.33,42.0,30.0,19.92429296110673,110.0,127.33,72,12.0,-71.0,0.17
07:42:54,110.0,24.0,124.37,19.0,108.0,32.0,131.55,11.0,14.370000000000005,56.0,30.0,9.421276452795908,110.0,124.37,86,26.0,14.0,0.3
07:42:55,112.38,58.0,118.56,32.0,109.68,63.0,120.13,23.0,6.180000000000007,121.0,55.0,9.09332337487272,112.38,118.56,176,66.0,90.0,0.38
07:42:56,116.0,47.0,117.4,15.0,113.0,100.0,203.81,21.0,1.4000000000000057,147.0,36.0,5.7261182314030545,116.0,117.4,183,111.0,7.0,0.61
07:42:57,113.22,54.0,117.0,16.0,110.97,31.0,329.79,29.0,3.780000000000001,85.0,45.0,1.4252122648947267,113.22,117.0,130,40.0,-53.0,0.31
07:42:58,113.0,40.0,116.62,16.0,110.0,24.0,161.75,32.0,3.6200000000000045,64.0,48.0,1.0325841370107949,113.0,116.62,112,16.0,-18.0,0.14
07:42:59,113.0,41.0,115.67,18.0,110.0,27.0,128.0,30.0,2.6700000000000017,68.0,48.0,0.8950865879937533,113.0,115.67,116,20.0,4.0,0.17
07:43:00,113.0,26.0,114.75,16.0,110.0,24.0,286.73,22.0,1.75,50.0,38.0,1.076536111798524,113.0,114.75,88,12.0,-28.0,0.14
07:43:01,112.85,13.0,115.0,14.0,110.67,12.0,346.57,28.0,2.1500000000000057,25.0,42.0,0.542540321087982,112.85,115.0,67,-17.0,-21.0,-0.25
07:43:02,109.33,6.0,115.0,10.0,108.06,17.0,254.0,20.0,5.670000000000002,23.0,30.0,0.9970305913091287,109.33,115.0,53,-7.0,-14.0,-0.13
07:43:03,109.67,9.0,115.0,12.0,108.2,15.0,394.71,28.0,5.329999999999998,24.0,40.0,0.9995148823335345,109.67,115.0,64,-16.0,11.0,-0.25
07:43:04,110.22,45.0,113.83,12.0,109.58,12.0,451.0,30.0,3.6099999999999994,57.0,42.0,0.9499631571835871,110.22,113.83,99,15.0,35.0,0.15
07:43:05,111.0,90.0,158.83,36.0,110.0,63.0,411.36,39.0,47.83000000000001,153.0,75.0,10.005300095449723,111.0,158.83,228,78.0,129.0,0.34
07:43:06,111.0,40.0,168.0,20.0,110.0,28.0,510.25,16.0,57.0,68.0,36.0,13.807014521612064,111.0,168.0,104,32.0,-124.0,0.31
07:43:07,111.0,110.0,133.21,58.0,110.0,84.0,351.25,53.0,22.210000000000008,194.0,111.0,12.673015821027233,111.0,133.21,305,83.0,176.0,0.27
07:43:08,111.0,48.0,126.0,30.0,110.0,42.0,690.0,5.0,15.0,90.0,35.0,11.474937908329029,111.0,126.0,125,55.0,-176.0,0.44
07:43:09,111.72,85.0,126.0,60.0,110.19,86.0,526.5,60.0,14.280000000000001,171.0,120.0,9.762749612686305,111.72000000000001,126.0,291,51.0,166.0,0.18
07:43:10,112.0,45.0,124.67,45.0,110.0,63.0,412.89,45.0,12.670000000000002,108.0,90.0,9.099583506952756,112.0,124.66999999999999,198,18.0,-93.0,0.09
07:43:11,112.0,60.0,124.0,60.0,110.0,84.0,384.64,42.0,12.0,144.0,102.0,1.67359493307269,112.0,124.0,246,42.0,48.0,0.17
07:43:12,112.0,35.0,120.25,32.0,110.0,49.0,252.83,30.0,8.25,84.0,62.0,1.0753697038723709,112.0,120.25,146,22.0,-100.0,0.15
07:43:13,112.0,46.0,120.52,46.0,110.0,70.0,219.0,50.0,8.519999999999996,116.0,96.0,1.2479503195265977,112.0,120.52,212,20.0,66.0,0.09
07:43:14,112.0,75.0,123.4,75.0,110.0,105.0,195.0,75.0,11.400000000000006,180.0,150.0,1.0226534114774841,112.0,123.4,330,30.0,118.0,0.09
07:43:15,112.0,80.0,120.54,56.0,110.0,120.0,121.75,80.0,8.540000000000006,200.0,136.0,0.9028288874457518,112.0,120.54,336,64.0,6.0,0.19
07:43:16,112.0,40.0,118.58,26.0,110.0,72.0,120.05,38.0,6.579999999999998,112.0,64.0,0.8676231901041597,112.0,118.58,176,48.0,-160.0,0.27
07:43:17,112.33,36.0,115.89,27.0,110.43,69.0,118.0,45.0,3.5600000000000023,105.0,72.0,1.3303495781209187,112.33,115.89,177,33.0,1.0,0.19
07:43:18,110.24,99.0,117.73,55.0,109.8,55.0,177.73,55.0,7.490000000000009,154.0,110.0,1.5584447375529513,110.24000000000001,117.73,264,44.0,87.0,0.17
07:43:19,110.3,61.0,114.12,49.0,109.97,121.0,116.38,29.0,3.8200000000000074,182.0,78.0,1.5282081010145343,110.3,114.12,260,104.0,-4.0,0.4
07:43:20,110.0,87.0,114.0,35.0,109.0,7.0,115.0,7.0,4.0,94.0,42.0,1.3891616176696004,110.0,114.0,136,52.0,-124.0,0.38
07:43:21,110.0,159.0,112.34,65.0,108.42,43.0,114.01,76.0,2.3400000000000034,202.0,141.0,1.2939590410853008,110.0,112.34,343,61.0,176.0,0.18
07:43:22,110.0,59.0,111.6,40.0,109.0,80.0,114.0,50.0,1.5999999999999943,139.0,90.0,1.2337220108299845,110.0,111.6,229,49.0,-114.0,0.21
07:43:23,109.21,70.0,111.0,40.0,108.41,59.0,239.15,47.0,1.7900000000000063,129.0,87.0,0.8649103999873989,109.21,111.0,216,42.0,-13.0,0.19
07:43:24,108.9,61.0,110.76,37.0,107.89,57.0,264.3,40.0,1.8599999999999994,118.0,77.0,0.8649103999873989,108.9,110.75999999999999,195,41.0,-21.0,0.21
07:43:25,108.18,34.0,111.0,22.0,106.89,27.0,323.08,26.0,2.819999999999993,61.0,48.0,0.6648308055485661,108.18,111.0,109,13.0,-86.0,0.12
07:43:26,112.73,44.0,226.15,33.0,107.85,47.0,402.78,45.0,113.42,91.0,78.0,26.549350839521605,112.73,226.15,169,13.0,60.0,0.08
07:43:27,116.0,40.0,298.8,25.0,112.0,30.0,443.0,25.0,182.8,70.0,50.0,45.082611171049166,116.0,298.8,120,20.0,-49.0,0.17
07:43:28,116.0,80.0,290.72,46.0,112.0,60.0,389.5,44.0,174.72000000000003,140.0,90.0,48.15114567692037,116.0,290.72,230,50.0,110.0,0.22
