Time,Bid1_Price,Bid1_Volume,Ask1_Price,Ask1_Volume,Bid2_Price,Bid2_Volume,Ask2_Price,Ask2_Volume,Bid_Ask_Spread,Market_Depth_Bid,Market_Depth_Ask,Historical_Volatility,Weighted_Avg_Bid_Price,Weighted_Avg_Ask_Price,Total_volume,Cumulative_Volume_Difference,Total_Volume_Change_Corrected,Order_imbalance
07:30:17,220.0,12.0,221.5,12.0,219.0,18.0,222.5,8.0,1.5,30.0,20.0,4.263570100279975,220.0,221.5,50,10.0,-25.0,0.2
07:30:18,219.67,18.0,221.29,14.0,215.0,26.0,227.0,12.0,1.6200000000000045,44.0,26.0,3.129400901131239,219.67,221.29,70,18.0,20.0,0.26
07:30:19,219.0,30.0,222.6,10.0,200.0,30.0,231.0,38.0,3.5999999999999943,60.0,48.0,2.362801303537976,219.0,222.6,108,12.0,38.0,0.11
07:30:20,219.0,39.0,221.62,13.0,201.86,43.0,228.0,39.0,2.6200000000000045,82.0,52.0,1.00181335587054,219.0,221.62,134,30.0,26.0,0.22
07:30:31,220.69,13.0,227.59,27.0,219.43,21.0,230.45,44.0,6.900000000000006,34.0,71.0,0.7758994780260082,220.69,227.59,105,-37.0,24.0,-0.35
07:30:36,216.78,27.0,230.0,33.0,209.1,20.0,232.0,44.0,13.219999999999999,47.0,77.0,1.2166963466703602,216.78,230.0,124,-30.0,17.0,-0.24
07:30:37,215.65,20.0,230.0,21.0,212.0,15.0,232.0,28.0,14.349999999999994,35.0,49.0,1.5691621968429543,215.65,230.0,84,-14.0,-40.0,-0.17
07:30:38,216.0,30.0,230.0,30.0,214.0,20.0,232.43,28.0,14.0,50.0,58.0,1.57298124591522,216.0,230.0,108,-8.0,24.0,-0.07
07:30:39,216.0,27.0,230.0,54.0,214.56,18.0,233.0,18.0,14.0,45.0,72.0,1.2594721116408223,216.0,230.0,117,-27.0,9.0,-0.23
07:30:40,217.12,34.0,230.0,72.0,215.46,26.0,233.0,24.0,12.879999999999995,60.0,96.0,0.3080259729324531,217.12,230.0,156,-36.0,39.0,-0.23
07:30:41,219.49,47.0,229.28,100.0,216.15,66.0,230.75,80.0,9.789999999999992,113.0,180.0,0.6385295607886782,219.49,229.28,293,-67.0,137.0,-0.23
07:30:42,221.39,31.0,226.83,69.0,217.39,46.0,228.6,75.0,5.440000000000026,77.0,144.0,0.6303967004997549,221.39,226.83,221,-67.0,-72.0,-0.3
07:30:43,215.62,71.0,225.57,56.0,214.83,23.0,227.5,48.0,9.949999999999989,94.0,104.0,1.51043040223673,215.62,225.57,198,-10.0,-23.0,-0.05
07:30:44,212.44,68.0,222.81,31.0,211.94,83.0,227.2,61.0,10.370000000000005,151.0,92.0,2.9017201794799345,212.44,222.81,243,59.0,45.0,0.24
07:30:45,213.15,13.0,223.64,33.0,212.0,130.0,225.46,39.0,10.48999999999998,143.0,72.0,3.1400031847119396,213.15000000000003,223.64,215,71.0,-28.0,0.33
07:30:46,214.0,14.0,222.39,36.0,212.29,140.0,224.23,78.0,8.389999999999986,154.0,114.0,2.6701741516240483,214.0,222.39,268,40.0,53.0,0.15
07:30:47,215.41,17.0,218.78,45.0,212.94,170.0,222.53,60.0,3.3700000000000045,187.0,105.0,1.3422555643398275,215.41,218.78,292,82.0,24.0,0.28
07:30:48,213.14,28.0,217.88,26.0,211.86,84.0,223.05,22.0,4.740000000000009,112.0,48.0,1.1547164154030727,213.14000000000001,217.88,160,64.0,-132.0,0.4
07:30:49,212.0,140.0,221.73,41.0,209.0,28.0,223.11,38.0,9.72999999999999,168.0,79.0,1.161516250424989,212.0,221.73000000000002,247,89.0,87.0,0.36
07:30:50,212.0,100.0,218.0,20.0,209.0,20.0,219.1,40.0,6.0,120.0,60.0,1.2812181703368664,212.0,218.0,180,60.0,-67.0,0.33
07:30:51,212.32,68.0,219.55,29.0,212.05,82.0,223.07,28.0,7.230000000000018,150.0,57.0,0.8881272431365667,212.32,219.55,207,93.0,27.0,0.45
07:30:52,213.3,20.0,219.0,24.0,212.94,64.0,220.0,16.0,5.699999999999989,84.0,40.0,0.701234625500876,213.3,219.0,124,44.0,-83.0,0.35
07:30:53,212.0,14.0,219.0,21.0,211.0,49.0,220.0,14.0,7.0,63.0,35.0,0.7026165383773386,212.0,219.0,98,28.0,-26.0,0.29
07:30:54,212.0,26.0,217.49,37.0,211.0,91.0,220.0,26.0,5.490000000000009,117.0,63.0,0.5995665100731805,212.0,217.49,180,54.0,82.0,0.3
07:30:55,212.0,22.0,217.0,22.0,211.0,77.0,220.0,22.0,5.0,99.0,44.0,0.7252447862627697,212.0,217.0,143,55.0,-37.0,0.38
07:30:56,212.0,14.0,216.73,11.0,211.0,49.0,219.29,14.0,4.72999999999999,63.0,25.0,0.7561745830172485,212.0,216.73,88,38.0,-55.0,0.43
07:30:57,212.0,18.0,214.89,9.0,211.0,63.0,217.0,18.0,2.8899999999999864,81.0,27.0,0.7417007482814636,212.0,214.89,108,54.0,20.0,0.5
07:30:58,211.12,34.0,214.0,7.0,181.94,31.0,217.0,14.0,2.8799999999999955,65.0,21.0,0.9058697478121592,211.12,214.0,86,44.0,-22.0,0.51
07:30:59,214.64,66.0,218.82,22.0,209.49,61.0,222.33,24.0,4.180000000000007,127.0,46.0,1.558370944288062,214.64,218.82,173,81.0,87.0,0.47
07:31:00,216.02,82.0,220.71,68.0,210.1,96.0,261.31,32.0,4.689999999999998,178.0,100.0,2.4033455848049203,216.01999999999998,220.71,278,78.0,105.0,0.28
07:31:01,218.43,23.0,226.0,25.0,216.51,41.0,395.0,18.0,7.569999999999993,64.0,43.0,3.905794413432608,218.43,226.0,107,21.0,-168.0,0.2
07:31:02,220.57,28.0,223.0,48.0,219.5,48.0,240.42,24.0,2.430000000000007,76.0,72.0,3.9673076512921757,220.57,223.0,148,4.0,41.0,0.03
07:31:03,220.8,15.0,222.0,55.0,219.73,41.0,226.25,24.0,1.1999999999999886,56.0,79.0,2.418174931637815,220.8,222.0,135,-23.0,-13.0,-0.17
07:31:04,219.05,82.0,223.79,39.0,212.97,62.0,227.82,17.0,4.739999999999981,144.0,56.0,1.5295260703896456,219.05000000000004,223.79,200,88.0,65.0,0.44
07:31:05,219.62,48.0,226.87,23.0,218.4,75.0,228.67,12.0,7.25,123.0,35.0,0.7665050554312659,219.62,226.87,158,88.0,-42.0,0.56
07:31:06,219.95,76.0,225.07,42.0,217.75,64.0,227.0,28.0,5.1200000000000045,140.0,70.0,0.7961972117520212,219.95000000000002,225.07000000000002,210,70.0,52.0,0.33
07:31:07,221.03,61.0,223.0,39.0,219.37,54.0,227.0,26.0,1.9699999999999989,115.0,65.0,0.7822084121266507,221.03,223.0,180,50.0,-30.0,0.28
07:31:08,221.0,34.0,223.45,22.0,219.0,32.0,229.86,14.0,2.4499999999999886,66.0,36.0,0.6714387537234586,221.0,223.45,102,30.0,-78.0,0.29
07:31:09,221.0,14.0,230.0,14.0,219.0,28.0,231.0,7.0,9.0,42.0,21.0,1.418967934803939,221.0,230.0,63,21.0,-39.0,0.33
07:31:10,221.0,22.0,229.27,22.0,219.0,44.0,230.6,15.0,8.27000000000001,66.0,37.0,1.6934432379037017,221.0,229.27,103,29.0,40.0,0.28
07:31:11,221.0,18.0,229.11,18.0,219.0,36.0,232.0,9.0,8.110000000000014,54.0,27.0,1.7121623754778061,221.0,229.11,81,27.0,-22.0,0.33
07:31:12,221.0,16.0,228.0,16.0,219.0,32.0,231.25,8.0,7.0,48.0,24.0,1.3110225017145387,221.0,228.0,72,24.0,-9.0,0.33
07:31:13,221.0,24.0,228.0,24.0,219.0,48.0,230.0,12.0,7.0,72.0,36.0,0.4345112196501702,221.0,228.0,108,36.0,36.0,0.33
07:31:14,221.0,20.0,228.0,20.0,219.14,28.0,255.59,34.0,7.0,48.0,54.0,0.32984845005223296,221.0,228.0,102,-6.0,-6.0,-0.06
07:31:15,221.31,32.0,226.12,32.0,220.27,15.0,229.83,48.0,4.810000000000002,47.0,80.0,0.47757721888907384,221.31,226.12,127,-33.0,25.0,-0.26
07:31:16,220.6,20.0,222.0,30.0,219.0,10.0,228.0,20.0,1.4000000000000057,30.0,50.0,1.3856695132684769,220.6,222.0,80,-20.0,-47.0,-0.25
07:31:17,219.0,16.0,222.0,24.0,215.0,50.0,228.0,16.0,3.0,66.0,40.0,1.8783183968650232,219.0,222.0,106,26.0,26.0,0.25
07:31:18,219.0,14.0,222.0,21.0,215.0,7.0,229.8,20.0,3.0,21.0,41.0,1.8804467554284778,219.0,222.0,62,-20.0,-44.0,-0.32
07:31:19,219.0,14.0,222.0,21.0,215.0,7.0,231.0,28.0,3.0,21.0,49.0,1.3943026931055515,219.0,222.0,70,-28.0,8.0,-0.4
07:31:20,219.0,21.0,221.87,38.0,216.93,28.0,229.93,45.0,2.8700000000000045,49.0,83.0,0.36685146858273,219.0,221.86999999999998,132,-34.0,62.0,-0.26
07:31:21,216.12,25.0,220.9,41.0,214.96,81.0,224.74,23.0,4.780000000000001,106.0,64.0,0.8826494207788623,216.12,220.89999999999998,170,42.0,38.0,0.25
07:31:22,215.0,42.0,222.0,14.0,214.0,91.0,227.72,25.0,7.0,133.0,39.0,1.0803101406546292,215.0,222.0,172,94.0,2.0,0.55
07:31:23,215.0,48.0,221.78,18.0,214.0,104.0,228.08,24.0,6.780000000000001,152.0,42.0,1.0958238909611309,215.0,221.78,194,110.0,22.0,0.57
07:31:24,215.0,54.0,221.2,30.0,214.0,117.0,225.0,21.0,6.199999999999989,171.0,51.0,0.9338254654918937,215.0,221.2,222,120.0,28.0,0.54
07:31:25,217.73,44.0,222.0,18.0,214.37,82.0,229.0,27.0,4.27000000000001,126.0,45.0,0.6844486832488973,217.73,222.0,171,81.0,-51.0,0.47
07:31:26,221.0,22.0,222.0,20.0,215.0,60.0,229.0,30.0,1.0,82.0,50.0,1.4192603707569575,221.0,222.0,132,32.0,-39.0,0.24
07:31:27,218.75,16.0,222.64,33.0,214.85,71.0,229.18,33.0,3.8899999999999864,87.0,66.0,1.4595787063400174,218.75,222.64,153,21.0,21.0,0.14
07:31:28,215.16,50.0,222.0,27.0,214.13,89.0,229.0,27.0,6.840000000000003,139.0,54.0,1.418583800838423,215.16,222.0,193,85.0,40.0,0.44
07:31:29,216.41,29.0,222.0,42.0,215.24,85.0,229.0,42.0,5.590000000000003,114.0,84.0,1.1598577498991813,216.41000000000003,222.0,198,30.0,5.0,0.15
07:31:30,218.67,18.0,222.0,54.0,214.09,88.0,226.44,43.0,3.3300000000000125,106.0,97.0,1.1679340734824029,218.67,222.0,203,9.0,5.0,0.04
07:31:31,212.41,58.0,223.0,42.0,207.9,138.0,225.4,30.0,10.590000000000003,196.0,72.0,1.229585295943789,212.41000000000003,223.0,268,124.0,65.0,0.46
07:31:32,213.27,22.0,229.0,18.0,207.81,62.0,231.0,18.0,15.72999999999999,84.0,36.0,1.3653680822405219,213.27,229.0,120,48.0,-148.0,0.4
07:31:33,218.53,91.0,228.15,39.0,209.83,71.0,229.59,34.0,9.620000000000005,162.0,73.0,2.11149946720362,218.53,228.15,235,89.0,115.0,0.38
07:31:34,221.0,131.0,227.03,39.0,213.43,84.0,228.45,47.0,6.030000000000001,215.0,86.0,2.517941619657052,221.0,227.03,301,129.0,66.0,0.43
07:31:35,221.0,60.0,226.0,20.0,212.54,52.0,228.0,40.0,5.0,112.0,60.0,2.6082273673898144,221.0,226.0,172,52.0,-129.0,0.3
07:31:36,221.0,60.0,223.63,54.0,219.0,15.0,227.55,33.0,2.6299999999999955,75.0,87.0,1.1427379402125508,221.0,223.63,162,-12.0,-10.0,-0.07
07:31:37,220.26,19.0,225.77,26.0,213.47,38.0,231.33,27.0,5.510000000000019,57.0,53.0,0.6292296877938891,220.26,225.77,110,4.0,-52.0,0.04
07:31:38,219.0,7.0,229.0,14.0,213.0,35.0,231.0,14.0,10.0,42.0,28.0,0.7192843665763814,219.0,229.0,70,14.0,-40.0,0.2
07:31:39,219.0,13.0,226.78,27.0,213.27,59.0,228.21,19.0,7.780000000000001,72.0,46.0,0.6393199511990905,219.0,226.78,118,26.0,48.0,0.22
07:31:40,220.18,83.0,222.65,51.0,214.84,38.0,224.49,43.0,2.469999999999999,121.0,94.0,0.9541121527374231,220.18000000000004,222.65,215,27.0,97.0,0.13
07:31:41,221.0,30.0,222.36,33.0,219.0,9.0,228.0,9.0,1.3600000000000136,39.0,42.0,1.058654806819128,221.0,222.36,81,-3.0,-134.0,-0.04
07:31:42,213.67,9.0,222.0,18.0,212.67,12.0,232.77,26.0,8.330000000000013,21.0,44.0,2.3276748054660255,213.67,222.0,65,-23.0,-16.0,-0.35
07:31:43,218.74,19.0,222.0,18.0,212.57,7.0,232.0,18.0,3.259999999999991,26.0,36.0,1.9048569500099917,218.74,222.0,62,-10.0,-3.0,-0.16
07:31:44,220.0,48.0,222.0,36.0,214.0,12.0,232.0,36.0,2.0,60.0,72.0,1.549796760869445,220.0,222.0,132,-12.0,70.0,-0.09
07:31:45,220.0,32.0,222.0,24.0,214.25,8.0,232.0,24.0,2.0,40.0,48.0,1.4967731959122696,220.0,222.0,88,-8.0,-44.0,-0.09
07:31:46,220.0,28.0,221.69,13.0,215.0,7.0,226.29,21.0,1.6899999999999977,35.0,34.0,1.3553412854338331,220.0,221.69,69,1.0,-19.0,0.01
07:31:47,220.0,30.0,221.86,21.0,216.0,18.0,228.67,27.0,1.8600000000000136,48.0,48.0,0.2644806231114142,220.0,221.86,96,0.0,27.0,0.0
07:31:48,220.0,27.0,222.0,27.0,216.0,24.0,232.25,24.0,2.0,51.0,51.0,0.06655824517961897,220.0,222.0,102,0.0,6.0,0.0
07:31:49,220.0,21.0,222.0,14.0,216.0,14.0,232.29,14.0,2.0,35.0,28.0,0.06655824517961897,220.0,222.0,63,7.0,-39.0,0.11
07:31:50,220.0,18.0,221.91,11.0,215.29,7.0,230.33,12.0,1.9099999999999966,25.0,23.0,0.06188699379830421,220.0,221.90999999999997,48,2.0,-15.0,0.04
07:31:51,211.0,96.0,220.33,12.0,210.0,12.0,221.42,24.0,9.330000000000013,108.0,36.0,2.37043244999757,211.0,220.33,144,72.0,96.0,0.5
07:31:52,211.0,80.0,218.3,10.0,210.0,10.0,220.4,20.0,7.300000000000011,90.0,30.0,3.2099579436499694,211.0,218.3,120,60.0,-24.0,0.5
07:31:53,211.0,112.0,213.57,14.0,210.0,14.0,216.38,16.0,2.569999999999993,126.0,30.0,3.906381957771363,211.0,213.57,156,96.0,36.0,0.62
07:31:54,211.0,72.0,213.0,9.0,210.0,9.0,214.0,9.0,2.0,81.0,18.0,3.614390681705795,211.0,213.0,99,63.0,-57.0,0.64
07:31:55,211.03,66.0,215.25,12.0,210.67,24.0,217.54,13.0,4.219999999999999,90.0,25.0,1.57023883533742,211.03,215.25,115,65.0,16.0,0.57
07:31:56,211.69,112.0,214.21,48.0,210.85,47.0,219.1,29.0,2.5200000000000102,159.0,77.0,1.0305969144150613,211.69,214.21,236,82.0,121.0,0.35
07:31:57,212.0,91.0,213.52,21.0,210.81,37.0,217.67,24.0,1.5200000000000102,128.0,45.0,0.4721969927920333,212.0,213.52,173,83.0,-63.0,0.48
07:31:58,211.11,27.0,213.71,17.0,207.93,29.0,216.74,35.0,2.5999999999999943,56.0,52.0,0.4533982796635201,211.11,213.71,108,4.0,-65.0,0.04
07:31:59,212.57,28.0,216.25,28.0,209.5,16.0,217.4,35.0,3.680000000000007,44.0,63.0,0.7625811432246712,212.57,216.25,107,-19.0,-1.0,-0.18
07:32:00,215.32,37.0,218.14,51.0,213.22,23.0,221.78,94.0,2.819999999999993,60.0,145.0,1.7804269150970031,215.32,218.14,205,-85.0,98.0,-0.41
07:32:01,220.88,59.0,327.28,58.0,220.22,40.0,508.84,38.0,106.39999999999998,99.0,96.0,26.888206894473292,220.88,327.28,195,3.0,-10.0,0.02
07:32:05,220.8,15.0,324.13,46.0,220.45,33.0,442.97,31.0,103.32999999999998,48.0,77.0,49.89472687569296,220.8,324.13,125,-29.0,71.0,-0.23
07:32:06,219.0,10.0,340.6,5.0,215.63,19.0,342.0,20.0,121.60000000000002,29.0,25.0,49.14303582401068,219.0,340.6,54,4.0,-71.0,0.07
07:32:07,219.5,20.0,246.18,17.0,215.33,49.0,300.17,24.0,26.680000000000007,69.0,41.0,58.2550355763345,219.5,246.18000000000004,110,28.0,56.0,0.25
07:32:08,219.0,10.0,222.0,5.0,215.0,25.0,225.4,5.0,3.0,35.0,10.0,32.87694709062871,219.0,222.0,45,25.0,-65.0,0.56
07:32:09,219.0,14.0,221.0,15.0,215.0,35.0,223.71,7.0,2.0,49.0,22.0,28.890664928312074,219.0,221.0,71,27.0,26.0,0.38
07:32:10,219.0,17.0,220.38,32.0,217.75,60.0,329.71,14.0,1.3799999999999955,77.0,46.0,25.886337709301444,219.0,220.38,123,31.0,52.0,0.25
07:32:11,219.0,8.0,226.0,8.0,218.0,40.0,466.31,26.0,7.0,48.0,34.0,5.55034953854284,219.0,226.0,82,14.0,-41.0,0.17
07:32:12,218.62,8.0,226.0,6.0,217.79,28.0,574.5,24.0,7.3799999999999955,36.0,30.0,1.3164535692545278,218.62,226.0,66,6.0,-16.0,0.09
07:32:13,218.0,16.0,222.92,13.0,215.44,27.0,259.64,22.0,4.9199999999999875,43.0,35.0,1.3203673731212018,218.0,222.92000000000002,78,8.0,12.0,0.1
07:32:14,218.0,12.0,226.0,6.0,215.0,30.0,279.82,22.0,8.0,42.0,28.0,1.2455400435164388,218.0,226.0,70,14.0,-8.0,0.2
07:32:15,218.0,20.0,224.31,13.0,215.0,50.0,409.0,17.0,6.310000000000002,70.0,30.0,0.8574555382076051,218.0,224.31,100,40.0,30.0,0.4
07:32:16,219.04,84.0,222.0,26.0,218.54,74.0,226.31,13.0,2.960000000000008,158.0,39.0,0.8434868108055686,219.04000000000002,222.0,197,119.0,97.0,0.6
07:32:17,220.38,40.0,221.77,35.0,219.1,142.0,224.73,22.0,1.3900000000000148,182.0,57.0,0.6207656562689253,220.38000000000002,221.77,239,125.0,42.0,0.52
07:32:18,220.79,28.0,227.0,14.0,219.45,44.0,408.0,23.0,6.210000000000008,72.0,37.0,1.3204658268970324,220.79,227.0,109,35.0,-130.0,0.32
07:32:40,221.31,52.0,224.93,28.0,220.8,90.0,226.0,42.0,3.6200000000000045,142.0,70.0,1.6408473420774623,221.31,224.93,212,72.0,-6.0,0.34
07:32:41,221.0,84.0,223.57,28.0,220.0,42.0,226.0,42.0,2.569999999999993,126.0,70.0,1.5552427463270517,221.0,223.57,196,56.0,-16.0,0.29
07:32:42,221.0,44.0,224.62,16.0,220.0,30.0,226.42,26.0,3.6200000000000045,74.0,42.0,0.9823543149002029,221.0,224.62,116,32.0,-80.0,0.28
07:32:44,221.53,45.0,231.0,12.0,220.57,42.0,236.33,12.0,9.469999999999999,87.0,24.0,1.5772285820397252,221.53,231.0,111,63.0,-37.0,0.57
07:32:45,221.0,15.0,234.2,5.0,220.0,15.0,315.0,5.0,13.199999999999989,30.0,10.0,2.372368015296708,221.0,234.2,40,20.0,-71.0,0.5
07:32:46,221.0,20.0,227.29,7.0,220.0,21.0,249.29,7.0,6.289999999999992,41.0,14.0,2.086942739991386,221.0,227.29,55,27.0,15.0,0.49
07:32:47,221.0,20.0,222.2,20.0,220.0,30.0,232.1,10.0,1.1999999999999886,50.0,30.0,2.4161084412755223,221.0,222.2,80,20.0,25.0,0.25
07:32:48,221.0,18.0,227.0,18.0,220.0,27.0,232.6,10.0,6.0,45.0,28.0,2.3068419971907024,221.0,227.0,73,17.0,-7.0,0.23
07:32:49,221.0,16.0,231.0,16.0,220.0,24.0,233.0,8.0,10.0,40.0,24.0,2.2643144657937415,221.0,231.0,64,16.0,-9.0,0.25
07:32:50,221.0,7.0,231.0,12.0,220.0,18.0,233.0,6.0,10.0,25.0,18.0,1.8148057747326287,221.0,231.0,43,7.0,-21.0,0.16
07:33:13,221.57,14.0,223.11,36.0,220.95,21.0,227.33,18.0,1.5400000000000205,35.0,54.0,0.8155856791308607,221.57,223.11,89,-19.0,-10.0,-0.21
07:33:14,221.0,18.0,222.11,36.0,220.0,9.0,226.0,18.0,1.1100000000000136,27.0,54.0,1.027034566119127,221.0,222.11,81,-27.0,-8.0,-0.33
07:33:15,220.85,13.0,222.77,26.0,219.75,8.0,226.47,15.0,1.920000000000016,21.0,41.0,0.6634154053107871,220.84999999999997,222.77,62,-20.0,-19.0,-0.32
07:33:16,216.31,75.0,223.4,55.0,216.25,40.0,224.65,46.0,7.090000000000003,115.0,101.0,1.1782487004040698,216.31,223.4,216,14.0,154.0,0.06
07:33:17,215.0,180.0,220.26,39.0,214.0,127.0,221.45,66.0,5.259999999999991,307.0,105.0,1.9228546486940246,215.0,220.26,412,202.0,168.0,0.49
07:33:18,214.53,160.0,218.0,80.0,213.37,171.0,219.0,32.0,3.469999999999999,331.0,112.0,2.4324000493349334,214.53000000000003,218.0,443,219.0,31.0,0.49
07:33:19,213.29,102.0,215.52,50.0,208.71,147.0,218.63,38.0,2.230000000000018,249.0,88.0,2.9150849044247353,213.29,215.52,337,161.0,-106.0,0.48
07:33:20,213.22,113.0,224.77,35.0,204.89,74.0,373.63,41.0,11.550000000000011,187.0,76.0,2.1708638833434732,213.22,224.77,263,111.0,-74.0,0.42
07:33:21,218.0,9.0,226.78,27.0,213.0,117.0,231.67,27.0,8.780000000000001,126.0,54.0,3.012701445547651,218.0,226.78,180,72.0,-83.0,0.4
07:33:22,214.12,52.0,226.19,48.0,211.32,160.0,236.0,48.0,12.069999999999993,212.0,96.0,3.15568851441405,214.12,226.18999999999997,308,116.0,128.0,0.38
07:33:23,213.0,228.0,225.0,38.0,212.0,17.0,291.92,53.0,12.0,245.0,91.0,2.9104209317561915,213.0,225.0,336,154.0,28.0,0.46
07:33:24,213.0,168.0,224.12,16.0,212.0,12.0,251.94,35.0,11.120000000000005,180.0,51.0,1.5529166107696541,213.0,224.12,231,129.0,-105.0,0.56
07:33:25,213.0,182.0,222.35,23.0,212.0,13.0,223.19,37.0,9.349999999999994,195.0,60.0,1.819513671288133,213.0,222.35,255,135.0,24.0,0.53
07:33:26,215.68,131.0,220.79,14.0,212.6,73.0,223.07,54.0,5.109999999999985,204.0,68.0,0.934275120082281,215.68,220.79,272,136.0,17.0,0.5
07:33:27,216.0,108.0,218.31,16.0,212.0,26.0,221.33,12.0,2.3100000000000023,134.0,28.0,0.7252792565660303,216.0,218.31,162,106.0,-110.0,0.65
07:33:28,215.84,103.0,217.0,41.0,211.48,46.0,220.0,13.0,1.1599999999999966,149.0,54.0,0.8528012664185968,215.84,217.0,203,95.0,41.0,0.47
07:33:29,211.04,103.0,213.96,23.0,210.73,33.0,215.5,18.0,2.920000000000016,136.0,41.0,2.277593027739059,211.04,213.96,177,95.0,-26.0,0.54
07:33:30,210.97,33.0,212.0,14.0,200.71,21.0,213.0,28.0,1.0300000000000011,54.0,42.0,2.9845636196948453,210.97,212.0,96,12.0,-81.0,0.12
07:33:31,211.0,24.0,212.0,15.0,206.75,32.0,213.0,32.0,1.0,56.0,47.0,2.762049963343611,211.0,212.0,103,9.0,7.0,0.09
07:33:32,211.0,24.0,212.0,8.0,206.53,60.0,213.0,32.0,1.0,84.0,40.0,2.135696607668517,211.0,212.0,124,44.0,21.0,0.35
07:33:33,211.0,33.0,212.91,11.0,210.0,22.0,214.43,42.0,1.9099999999999966,55.0,53.0,0.44551094263452434,211.0,212.90999999999997,108,2.0,-16.0,0.02
07:33:34,211.0,36.0,220.0,24.0,210.0,24.0,221.75,48.0,9.0,60.0,72.0,1.7519931506735247,211.0,220.0,132,-12.0,24.0,-0.09
07:33:35,211.0,18.0,217.43,28.0,210.0,12.0,221.83,18.0,6.430000000000007,30.0,46.0,1.8230112451674028,211.0,217.43,76,-16.0,-56.0,-0.21
07:33:36,211.29,34.0,217.53,43.0,210.16,19.0,221.31,29.0,6.240000000000009,53.0,72.0,1.7127258975115232,211.29,217.53000000000003,125,-19.0,49.0,-0.15
07:33:37,212.94,52.0,218.0,56.0,211.26,69.0,222.0,42.0,5.060000000000002,121.0,98.0,1.4449290640050303,212.94,218.0,219,23.0,94.0,0.11
07:33:39,172.29,14.0,217.62,47.0,169.45,143.0,220.29,42.0,45.33000000000001,157.0,89.0,17.693224126767007,172.29,217.61999999999998,246,68.0,45.0,0.28
07:33:40,192.66,32.0,215.32,66.0,156.82,180.0,216.25,60.0,22.659999999999997,212.0,126.0,16.607790942807856,192.66,215.32,338,86.0,92.0,0.25
07:33:41,208.15,13.0,212.31,39.0,206.09,66.0,213.6,30.0,4.159999999999997,79.0,69.0,15.838294731441604,208.15000000000003,212.31,148,10.0,-168.0,0.07
07:33:42,209.56,9.0,211.0,13.0,206.62,13.0,213.0,15.0,1.4399999999999977,22.0,28.0,14.696257006462947,209.56,211.0,50,-6.0,-98.0,-0.12
07:33:43,208.62,8.0,211.0,8.0,206.0,72.0,213.0,24.0,2.3799999999999955,80.0,32.0,6.6475649677162965,208.62,211.0,112,48.0,62.0,0.43
07:33:44,209.0,6.0,210.5,10.0,156.57,42.0,212.88,16.0,1.5,48.0,26.0,2.7061633357962696,209.0,210.5,74,22.0,-38.0,0.3
07:33:45,209.18,11.0,211.05,40.0,153.92,39.0,215.85,26.0,1.8700000000000045,50.0,66.0,0.24345430784365985,209.18,211.05,116,-16.0,42.0,-0.14
07:33:46,212.62,8.0,217.0,34.0,175.12,16.0,218.83,36.0,4.3799999999999955,24.0,70.0,2.1666171789237167,212.62,217.0,94,-46.0,-22.0,-0.49
07:33:47,213.56,9.0,216.24,21.0,199.36,11.0,217.52,29.0,2.680000000000007,20.0,50.0,2.7214279340094776,213.56,216.24,70,-30.0,-24.0,-0.43
07:33:48,209.0,8.0,215.47,17.0,197.4,60.0,218.66,35.0,6.469999999999999,68.0,52.0,2.46465616263343,209.0,215.47,120,16.0,50.0,0.13
07:33:49,209.0,10.0,211.33,27.0,206.0,120.0,216.86,29.0,2.3300000000000125,130.0,56.0,2.3581496983878982,209.0,211.33000000000004,186,74.0,66.0,0.4
07:33:50,206.05,61.0,211.38,16.0,205.71,17.0,216.23,13.0,5.329999999999984,78.0,29.0,2.756760780337496,206.05,211.38,107,49.0,-79.0,0.46
07:33:51,206.0,96.0,215.0,16.0,205.0,8.0,216.0,31.0,9.0,104.0,47.0,2.370048522711557,206.0,215.0,151,57.0,44.0,0.38
07:33:52,206.0,120.0,214.5,20.0,205.0,10.0,216.0,31.0,8.5,130.0,51.0,1.257350388717278,206.0,214.5,181,79.0,30.0,0.44
07:33:53,206.04,75.0,214.0,18.0,205.86,42.0,216.0,9.0,7.960000000000008,117.0,27.0,0.703811054195374,206.04,214.0,144,90.0,-37.0,0.62
07:33:54,207.93,15.0,216.25,48.0,206.02,133.0,219.0,24.0,8.319999999999993,148.0,72.0,1.2095577704299627,207.93,216.25,220,76.0,76.0,0.35
07:33:55,212.29,45.0,217.39,64.0,210.28,39.0,222.56,63.0,5.099999999999994,84.0,127.0,2.015477610892062,212.29,217.39,211,-43.0,-9.0,-0.2
07:33:56,217.06,34.0,272.51,37.0,217.32,31.0,305.03,35.0,55.44999999999999,65.0,72.0,14.879253005443696,217.06,272.51,137,-7.0,-74.0,-0.05
07:33:57,219.0,18.0,233.31,35.0,217.33,72.0,249.0,30.0,14.310000000000002,90.0,65.0,14.394459003380582,219.0,233.31,155,25.0,18.0,0.16
07:33:58,219.0,29.0,221.16,25.0,216.95,76.0,224.52,31.0,2.1599999999999966,105.0,56.0,13.011316997137675,219.0,221.16,161,49.0,6.0,0.3
07:33:59,219.0,48.0,221.0,36.0,216.0,24.0,226.0,48.0,2.0,72.0,84.0,11.675511980208974,219.0,221.0,156,-12.0,-5.0,-0.08
07:34:00,219.84,25.0,221.8,25.0,218.8,30.0,235.97,31.0,1.960000000000008,55.0,56.0,10.60994816198472,219.84,221.8,111,-1.0,-45.0,-0.01
07:34:01,219.22,36.0,350.29,42.0,213.73,82.0,458.44,25.0,131.07000000000002,118.0,67.0,28.283615751880102,219.22,350.29,185,51.0,74.0,0.28
07:34:02,220.0,44.0,259.43,51.0,219.0,36.0,300.57,35.0,39.43000000000001,80.0,86.0,27.948668662388897,220.0,259.43,166,-6.0,-19.0,-0.04
07:34:03,220.0,33.0,225.83,29.0,219.0,27.0,332.67,27.0,5.8300000000000125,60.0,56.0,27.544207194980203,220.0,225.83,116,4.0,-50.0,0.03
07:34:04,220.0,21.0,224.1,21.0,218.53,17.0,225.57,23.0,4.099999999999994,38.0,44.0,27.229448213285536,220.0,224.09999999999997,82,-6.0,-34.0,-0.07
07:34:05,220.87,69.0,223.08,13.0,219.55,33.0,230.0,39.0,2.210000000000008,102.0,52.0,27.051804006387425,220.87,223.07999999999998,154,50.0,72.0,0.32
07:34:07,220.65,31.0,229.0,45.0,219.09,69.0,232.44,27.0,8.349999999999994,100.0,72.0,1.6731616777833433,220.65,229.0,172,28.0,-119.0,0.16
07:34:08,221.22,37.0,225.58,43.0,219.36,70.0,228.24,49.0,4.360000000000014,107.0,92.0,1.645402686275536,221.22,225.58,199,15.0,27.0,0.08
07:34:12,219.27,55.0,224.54,13.0,218.31,127.0,232.0,39.0,5.269999999999982,182.0,52.0,0.9446163242305293,219.27,224.54,234,130.0,154.0,0.56
07:34:13,219.0,33.0,223.33,9.0,218.0,108.0,233.67,27.0,4.3300000000000125,141.0,36.0,1.369572926135332,219.0,223.33,177,105.0,-57.0,0.59
07:34:14,219.0,21.0,223.0,7.0,218.0,84.0,235.0,21.0,4.0,105.0,28.0,1.5590798568396,219.0,223.0,133,77.0,-44.0,0.58
07:34:15,219.38,53.0,222.0,15.0,218.08,144.0,235.0,45.0,2.6200000000000045,197.0,60.0,1.1663747253790924,219.38,222.0,257,137.0,124.0,0.53
07:34:16,220.0,55.0,221.18,11.0,219.0,33.0,233.91,33.0,1.1800000000000068,88.0,44.0,0.5232781287262948,220.0,221.18,132,44.0,-125.0,0.33
07:34:17,220.09,88.0,227.0,20.0,219.35,46.0,240.0,36.0,6.909999999999997,134.0,56.0,1.224295715913124,220.09000000000003,227.0,190,78.0,58.0,0.41
07:34:18,221.0,40.0,231.0,30.0,220.0,80.0,258.0,30.0,10.0,120.0,60.0,2.368381303760648,221.0,231.0,180,60.0,-10.0,0.33
07:34:19,221.0,48.0,231.0,36.0,220.0,96.0,277.64,25.0,10.0,144.0,61.0,2.682206181486192,221.0,231.0,205,83.0,25.0,0.4
07:34:20,221.12,33.0,231.0,24.0,220.02,57.0,238.0,16.0,9.879999999999995,90.0,40.0,2.4034454435252846,221.12,231.0,130,50.0,-75.0,0.38
07:34:22,221.0,22.0,231.0,30.0,220.0,80.0,277.2,20.0,10.0,102.0,50.0,0.15646085773131405,221.0,231.0,152,52.0,28.0,0.34
07:34:39,221.38,48.0,228.6,25.0,220.4,105.0,236.96,53.0,7.219999999999999,153.0,78.0,0.6262188116004496,221.38,228.6,231,75.0,59.0,0.32
07:34:40,221.0,36.0,231.83,6.0,220.0,38.0,238.0,30.0,10.830000000000013,74.0,36.0,0.7439287600316549,221.0,231.83,110,38.0,-121.0,0.35
07:34:41,221.0,84.0,230.36,14.0,220.0,14.0,238.0,70.0,9.360000000000014,98.0,84.0,0.7305272068870601,221.0,230.35999999999999,182,14.0,72.0,0.08
07:34:42,220.95,41.0,230.0,10.0,219.67,12.0,238.0,50.0,9.050000000000011,53.0,60.0,0.5858924816057699,220.94999999999996,230.0,113,-7.0,-69.0,-0.06
07:34:43,220.22,9.0,229.22,9.0,219.06,17.0,238.89,45.0,9.0,26.0,54.0,0.6593329962941916,220.22,229.22,80,-28.0,-33.0,-0.35
07:34:44,219.12,25.0,228.38,13.0,218.03,74.0,237.15,65.0,9.259999999999991,99.0,78.0,1.016070863671601,219.12,228.38,177,21.0,97.0,0.12
07:34:45,220.73,15.0,228.0,14.0,218.81,32.0,239.65,69.0,7.27000000000001,47.0,83.0,0.7953929846324276,220.73,228.0,130,-36.0,-47.0,-0.28
07:34:46,218.38,32.0,226.45,11.0,216.42,19.0,315.3,40.0,8.069999999999993,51.0,51.0,1.1543093172987415,218.38,226.45,102,0.0,-28.0,0.0
07:34:47,218.0,40.0,224.0,13.0,214.0,20.0,227.18,17.0,6.0,60.0,30.0,1.535692026417732,218.0,224.0,90,30.0,-12.0,0.33
07:34:48,218.0,52.0,221.84,25.0,214.0,13.0,222.71,14.0,3.8400000000000034,65.0,39.0,1.8542788355593502,218.0,221.84,104,26.0,14.0,0.25
07:34:49,215.66,38.0,218.82,22.0,213.3,23.0,224.1,20.0,3.1599999999999966,61.0,42.0,2.676204401760782,215.66,218.82,103,19.0,-1.0,0.18
07:34:50,220.65,62.0,226.08,24.0,213.82,33.0,236.08,25.0,5.430000000000007,95.0,49.0,2.3786929183910788,220.65,226.08,144,46.0,41.0,0.32
07:34:51,221.0,63.0,226.22,18.0,215.78,36.0,231.11,18.0,5.219999999999999,99.0,36.0,2.6306995267426156,221.0,226.22,135,63.0,-9.0,0.47
07:34:52,221.0,75.0,225.24,42.0,218.25,16.0,228.31,26.0,4.240000000000009,91.0,68.0,2.7913974994621804,221.0,225.24,159,23.0,24.0,0.14
07:34:53,220.74,23.0,223.35,17.0,217.0,18.0,225.74,19.0,2.609999999999985,41.0,36.0,2.6589151923300594,220.74,223.35,77,5.0,-82.0,0.06
07:34:54,216.5,24.0,220.22,18.0,215.03,31.0,229.73,15.0,3.719999999999999,55.0,33.0,2.1736029996306887,216.5,220.22,88,22.0,11.0,0.25
07:34:55,216.0,32.0,219.38,16.0,214.0,24.0,230.0,16.0,3.3799999999999955,56.0,32.0,2.7535849360431417,216.0,219.38,88,24.0,0.0,0.27
07:34:56,216.5,24.0,224.11,18.0,215.21,33.0,241.4,20.0,7.610000000000014,57.0,38.0,2.323280008953675,216.5,224.11,95,19.0,7.0,0.2
07:34:57,217.75,16.0,227.31,26.0,214.62,52.0,230.0,26.0,9.560000000000002,68.0,52.0,2.1533973158717807,217.75,227.31,120,16.0,25.0,0.13
07:34:58,215.0,44.0,222.24,42.0,211.77,39.0,484.74,38.0,7.240000000000009,83.0,80.0,1.9485302153171373,215.0,222.24,163,3.0,43.0,0.02
07:34:59,215.0,48.0,216.86,42.0,213.0,84.0,221.2,30.0,1.8600000000000136,132.0,72.0,2.522950653501551,215.0,216.86,204,60.0,41.0,0.29
07:35:00,215.0,28.0,216.78,46.0,213.0,63.0,218.17,48.0,1.7800000000000011,91.0,94.0,2.8647303538036444,215.0,216.77999999999997,185,-3.0,-19.0,-0.02
07:35:01,213.75,24.0,216.26,35.0,212.85,41.0,217.25,56.0,2.509999999999991,65.0,91.0,3.074821946065174,213.75,216.26,156,-26.0,-29.0,-0.17
07:35:02,212.27,73.0,216.0,56.0,212.43,44.0,217.0,126.0,3.7299999999999898,117.0,182.0,1.6811989769221518,212.27,216.0,299,-65.0,143.0,-0.22
07:35:03,212.0,42.0,216.0,24.0,208.1,10.0,217.0,54.0,4.0,52.0,78.0,0.9214499443833587,212.0,216.0,130,-26.0,-168.0,-0.2
07:35:04,211.63,43.0,215.0,36.0,209.45,22.0,217.0,73.0,3.3700000000000045,65.0,109.0,0.9965791488909012,211.63,215.0,174,-44.0,44.0,-0.25
07:35:05,211.96,90.0,214.22,37.0,209.82,17.0,217.0,40.0,2.259999999999991,107.0,77.0,0.7552284422637567,211.96,214.22,184,30.0,10.0,0.16
07:35:06,212.0,108.0,214.0,73.0,209.35,23.0,216.14,37.0,2.0,131.0,110.0,0.5276078088923202,212.0,214.0,241,21.0,57.0,0.09
07:35:07,212.08,78.0,214.71,34.0,210.59,49.0,216.38,39.0,2.6299999999999955,127.0,73.0,0.3922626671047922,212.08,214.71,200,54.0,-41.0,0.27
07:35:08,211.1,120.0,216.0,40.0,206.0,20.0,217.0,50.0,4.900000000000006,140.0,90.0,0.22342784070962765,211.1,216.0,230,50.0,30.0,0.22
07:35:09,211.0,96.0,213.0,24.0,206.0,16.0,216.0,32.0,2.0,112.0,56.0,0.6046734656028533,211.0,213.0,168,56.0,-62.0,0.33
07:35:10,211.0,120.0,212.87,31.0,206.0,20.0,215.77,39.0,1.8700000000000045,140.0,70.0,0.7627778182434068,211.0,212.87,210,70.0,42.0,0.33
07:35:11,211.0,96.0,212.27,33.0,206.0,18.0,215.1,40.0,1.2700000000000102,114.0,73.0,0.894108494537543,211.0,212.27,187,41.0,-23.0,0.22
07:35:12,211.0,56.0,213.0,21.0,206.0,14.0,217.0,63.0,2.0,70.0,84.0,0.7550364229652854,211.0,213.0,154,-14.0,-33.0,-0.09
07:35:13,211.1,58.0,215.2,60.0,207.54,26.0,216.87,61.0,4.099999999999994,84.0,121.0,0.5807581252158328,211.1,215.2,205,-37.0,51.0,-0.18
07:35:14,210.7,40.0,216.75,48.0,206.0,20.0,217.75,32.0,6.050000000000011,60.0,80.0,0.8963258336141888,210.7,216.75,140,-20.0,-65.0,-0.14
07:35:15,208.0,44.0,216.96,69.0,206.0,22.0,217.83,24.0,8.960000000000008,66.0,93.0,0.8445235343104179,208.0,216.96,159,-27.0,19.0,-0.17
07:35:16,208.0,28.0,298.17,36.0,206.0,14.0,418.09,22.0,90.17000000000002,42.0,58.0,18.00883616450556,208.0,298.17,100,-16.0,-59.0,-0.16
07:35:24,221.0,16.0,363.5,20.0,220.0,8.0,364.0,10.0,142.5,24.0,30.0,14.591511916178673,221.0,363.5,54,-6.0,-49.0,-0.11
07:35:25,221.1,21.0,362.67,30.0,220.29,14.0,540.17,30.0,141.57000000000002,35.0,60.0,7.180373945692839,221.09999999999997,362.67,95,-25.0,41.0,-0.26
07:35:26,221.06,33.0,360.33,45.0,220.2,20.0,362.0,45.0,139.26999999999998,53.0,90.0,7.47167518030491,221.06,360.33,143,-37.0,48.0,-0.26
07:35:27,221.0,44.0,357.64,55.0,220.0,22.0,358.64,55.0,136.64,66.0,110.0,7.483896044172736,221.0,357.64,176,-44.0,33.0,-0.25
07:35:28,220.69,32.0,354.0,55.0,216.67,27.0,356.18,55.0,133.31,59.0,110.0,2.011273228575432,220.69,354.0,169,-51.0,-7.0,-0.3
07:35:29,220.27,22.0,341.89,35.0,215.54,26.0,351.83,47.0,121.61999999999998,48.0,82.0,4.254066290031734,220.27,341.89,130,-34.0,-39.0,-0.26
07:35:30,221.0,18.0,267.67,45.0,220.0,18.0,268.68,41.0,46.670000000000016,36.0,86.0,19.482612247847683,221.0,267.67,122,-50.0,-8.0,-0.41
07:35:31,221.0,33.0,246.08,65.0,220.0,26.0,258.62,65.0,25.080000000000013,59.0,130.0,26.189551733467788,221.0,246.08,189,-71.0,67.0,-0.38
07:35:32,221.0,21.0,222.5,40.0,220.0,16.0,224.0,40.0,1.5,37.0,80.0,29.138877294775543,221.0,222.5,117,-43.0,-72.0,-0.37
07:35:33,220.07,30.0,223.1,39.0,219.02,86.0,259.79,63.0,3.030000000000001,116.0,102.0,24.593526180683938,220.07,223.1,218,14.0,101.0,0.06
07:35:34,219.61,31.0,221.51,49.0,218.58,72.0,222.98,45.0,1.8999999999999773,103.0,94.0,10.396796141119003,219.61,221.51,197,9.0,-21.0,0.05
07:35:35,219.61,70.0,270.92,62.0,217.75,60.0,447.3,53.0,51.31,130.0,115.0,10.760099906598771,219.61,270.92,245,15.0,48.0,0.06
07:35:36,219.58,24.0,384.67,18.0,218.12,41.0,387.0,27.0,165.09,65.0,45.0,35.0410192488744,219.58,384.67,110,20.0,-135.0,0.18
07:35:37,219.98,43.0,270.57,35.0,218.32,40.0,311.24,33.0,50.59,83.0,68.0,33.12643279920109,219.98,270.57,151,15.0,41.0,0.1
07:35:38,220.55,11.0,260.18,17.0,219.08,39.0,263.95,42.0,39.629999999999995,50.0,59.0,30.489014907011768,220.55,260.18,109,-9.0,-42.0,-0.08
07:35:39,220.0,10.0,260.9,20.0,219.0,30.0,270.42,36.0,40.89999999999998,40.0,56.0,26.623317411622196,220.0,260.9,96,-16.0,-13.0,-0.17
07:35:40,220.0,12.0,260.0,24.0,219.0,36.0,329.33,36.0,40.0,48.0,60.0,27.188009305574134,220.0,260.0,108,-12.0,12.0,-0.11
07:35:41,220.86,22.0,260.0,22.0,219.47,17.0,328.0,11.0,39.139999999999986,39.0,33.0,2.225639234014973,220.86,260.0,72,6.0,-36.0,0.08
07:35:42,221.0,30.0,258.9,20.0,220.0,10.0,287.91,22.0,37.89999999999998,40.0,42.0,0.24304320600830406,221.0,258.9,82,-2.0,10.0,-0.02
07:35:50,220.0,63.0,247.44,18.0,219.0,45.0,281.11,45.0,27.439999999999998,108.0,63.0,1.9421817628601956,220.0,247.44,171,45.0,93.0,0.26
07:35:51,220.0,51.0,223.26,23.0,219.0,45.0,299.95,39.0,3.259999999999991,96.0,62.0,7.034036536725319,220.0,223.26,158,34.0,-13.0,0.22
07:35:52,220.03,35.0,302.26,53.0,219.04,57.0,410.06,54.0,82.22999999999999,92.0,107.0,14.351966764175094,220.03,302.26,199,-15.0,41.0,-0.08
07:35:53,219.0,48.0,303.67,48.0,218.0,36.0,404.06,53.0,84.67000000000002,84.0,101.0,17.671316589320295,219.0,303.67,185,-17.0,-14.0,-0.09
07:36:06,221.21,97.0,222.5,80.0,220.25,16.0,224.0,48.0,1.289999999999992,113.0,128.0,14.219856890981243,221.20999999999998,222.5,241,-15.0,88.0,-0.06
07:36:07,221.0,69.0,222.55,55.0,220.0,14.0,224.31,48.0,1.5500000000000114,83.0,103.0,12.685498413542371,221.0,222.55,186,-20.0,-55.0,-0.11
07:36:08,219.23,52.0,222.53,34.0,218.96,94.0,339.67,36.0,3.3000000000000114,146.0,70.0,7.753852590808345,219.23,222.53,216,76.0,30.0,0.35
07:36:09,219.0,153.0,222.45,11.0,215.0,7.0,286.73,22.0,3.4499999999999886,160.0,33.0,0.8447780773580482,219.0,222.45,193,127.0,-23.0,0.66
07:36:10,219.0,147.0,220.05,19.0,215.0,7.0,234.67,9.0,1.0500000000000114,154.0,28.0,0.9423481309922879,219.0,220.04999999999998,182,126.0,-11.0,0.69
07:36:11,219.0,78.0,220.25,8.0,215.0,4.0,298.2,10.0,1.25,82.0,18.0,0.9387917766920403,219.0,220.25,100,64.0,-82.0,0.64
07:36:12,219.0,213.0,390.29,21.0,215.0,12.0,468.77,43.0,171.29000000000002,225.0,64.0,37.77224576325832,219.0,390.29,289,161.0,168.0,0.56
07:36:13,219.0,102.0,354.67,9.0,215.0,6.0,528.3,23.0,135.67000000000002,108.0,32.0,41.981282138591084,219.0,354.67,140,76.0,-149.0,0.54
07:36:14,219.0,153.0,223.0,27.0,215.0,9.0,224.44,9.0,4.0,162.0,36.0,41.93393291834177,219.0,223.0,198,126.0,58.0,0.64
07:36:15,219.27,123.0,222.73,33.0,218.81,125.0,239.63,19.0,3.4599999999999795,248.0,52.0,41.66837313838863,219.27,222.73,300,196.0,102.0,0.65
07:36:16,219.44,137.0,224.44,18.0,218.38,64.0,256.85,26.0,5.0,201.0,44.0,41.247692299084896,219.44,224.44,245,157.0,-55.0,0.64
07:36:17,219.26,76.0,223.9,50.0,218.58,114.0,226.2,10.0,4.640000000000015,190.0,60.0,29.27287310804984,219.26,223.9,250,130.0,5.0,0.52
07:36:18,220.0,10.0,221.8,50.0,219.0,170.0,227.8,10.0,1.8000000000000114,180.0,60.0,0.4546207210277201,220.0,221.8,240,120.0,-10.0,0.5
07:36:19,220.0,10.0,221.0,50.0,219.0,158.0,229.0,10.0,1.0,168.0,60.0,0.5724334022292579,220.0,221.0,228,108.0,-12.0,0.47
07:36:20,219.05,39.0,222.85,13.0,218.45,33.0,422.71,14.0,3.799999999999983,72.0,27.0,0.5768708694220599,219.05,222.84999999999997,99,45.0,-129.0,0.45
07:36:21,219.0,120.0,227.5,34.0,213.0,12.0,289.53,15.0,8.5,132.0,49.0,1.0852326939360892,219.0,227.5,181,83.0,82.0,0.46
07:36:22,219.0,88.0,225.5,36.0,213.0,12.0,228.17,12.0,6.5,100.0,48.0,1.1470614630383955,219.0,225.5,148,52.0,-33.0,0.35
07:36:23,219.0,120.0,223.0,35.0,213.0,28.0,228.4,15.0,4.0,148.0,50.0,1.1332475457673772,219.0,223.0,198,98.0,50.0,0.49
07:36:24,219.0,82.0,224.76,17.0,213.0,24.0,419.0,34.0,5.759999999999991,106.0,51.0,0.9555260331292942,219.0,224.76,157,55.0,-41.0,0.35
07:36:25,219.0,20.0,230.43,21.0,213.0,24.0,359.69,35.0,11.430000000000007,44.0,56.0,1.420728686269087,219.0,230.42999999999998,100,-12.0,-57.0,-0.12
07:36:26,219.0,20.0,228.0,40.0,213.0,20.0,233.0,10.0,9.0,40.0,50.0,1.4525735781666604,219.0,228.0,90,-10.0,-10.0,-0.11
07:36:27,221.17,29.0,227.73,22.0,215.57,14.0,370.73,11.0,6.560000000000002,43.0,33.0,1.6180760179880145,221.17,227.73,76,10.0,-14.0,0.13
07:36:37,220.0,9.0,229.0,36.0,219.0,18.0,230.0,45.0,9.0,27.0,81.0,75.63283632126986,220.0,229.0,108,-54.0,-54.0,-0.5
07:36:38,220.92,39.0,229.0,28.0,219.4,10.0,230.0,35.0,8.080000000000013,49.0,63.0,71.5529110518922,220.92,229.0,112,-14.0,4.0,-0.12
07:36:44,220.0,12.0,233.25,60.0,219.0,12.0,375.65,37.0,13.25,24.0,97.0,1.4442402847147866,220.0,233.25,121,-73.0,2.0,-0.6
07:36:45,217.08,36.0,281.0,17.0,164.42,12.0,285.61,23.0,63.91999999999999,48.0,40.0,10.530144823315286,217.08,281.0,88,8.0,-33.0,0.09
07:36:46,203.5,28.0,233.0,11.0,153.44,27.0,294.05,42.0,29.5,55.0,53.0,11.711685190440932,203.5,233.0,108,2.0,20.0,0.02
07:36:47,197.5,8.0,229.13,38.0,144.0,24.0,231.07,14.0,31.629999999999995,32.0,52.0,13.692630499651747,197.5,229.13000000000002,84,-20.0,-24.0,-0.24
07:36:48,209.0,11.0,218.78,45.0,147.35,31.0,221.19,32.0,9.780000000000001,42.0,77.0,14.857255130070051,209.0,218.78,119,-35.0,35.0,-0.29
07:36:49,175.85,20.0,216.65,34.0,126.68,31.0,218.58,19.0,40.80000000000001,51.0,53.0,19.20474290377228,175.85,216.65,104,-2.0,-15.0,-0.02
07:36:51,183.0,12.0,211.29,21.0,80.0,24.0,212.71,21.0,28.289999999999992,36.0,42.0,17.82942147126451,183.0,211.29000000000002,78,-6.0,-76.0,-0.08
07:36:56,179.7,27.0,221.82,33.0,163.53,34.0,274.22,36.0,42.120000000000005,61.0,69.0,5.564092917986451,179.7,221.82,130,-8.0,-27.0,-0.06
07:36:57,189.67,24.0,220.21,28.0,164.0,36.0,243.0,36.0,30.54000000000002,60.0,64.0,6.749494795907889,189.67,220.21,124,-4.0,-6.0,-0.03
07:36:58,177.52,31.0,219.5,10.0,169.65,37.0,287.59,34.0,41.97999999999999,68.0,44.0,4.694200677430418,177.52,219.5,112,24.0,-12.0,0.21
07:36:59,181.0,20.0,250.33,12.0,180.21,38.0,294.11,18.0,69.33000000000001,58.0,30.0,8.251319288452542,181.0,250.33,88,28.0,-24.0,0.32
07:37:00,218.71,55.0,301.78,51.0,210.26,46.0,353.8,45.0,83.06999999999996,101.0,96.0,25.586370004359573,218.71,301.78,197,5.0,109.0,0.03
07:37:02,220.25,51.0,360.24,33.0,218.78,18.0,580.91,22.0,139.99,69.0,55.0,36.79716592347835,220.25,360.24,124,14.0,36.0,0.11
07:37:03,221.54,78.0,231.16,19.0,220.76,63.0,250.08,26.0,9.620000000000005,141.0,45.0,29.567967464808902,221.54,231.16,186,96.0,62.0,0.52
07:37:06,221.03,35.0,228.0,22.0,219.69,52.0,283.45,33.0,6.969999999999999,87.0,55.0,28.772397884083187,221.03,228.0,142,32.0,-76.0,0.23
07:37:47,221.17,66.0,223.64,75.0,220.75,157.0,266.2,66.0,2.469999999999999,223.0,141.0,3.494757502315937,221.17,223.64,364,82.0,168.0,0.23
07:37:48,221.0,70.0,222.0,20.0,219.0,40.0,253.32,38.0,1.0,110.0,58.0,3.161254497820935,221.0,222.0,168,52.0,-168.0,0.31
07:37:49,220.29,55.0,358.47,34.0,219.58,71.0,466.61,69.0,138.18000000000004,126.0,103.0,29.281560238484477,220.29,358.47,229,23.0,61.0,0.1
07:37:51,220.83,12.0,369.67,12.0,219.88,24.0,455.33,30.0,148.84,36.0,42.0,37.86347118265835,220.83,369.67,78,-6.0,-84.0,-0.08
07:37:52,220.77,52.0,359.8,20.0,219.75,16.0,481.94,34.0,139.03,68.0,54.0,31.086275589076315,220.77,359.8,122,14.0,44.0,0.11
07:37:53,221.0,50.0,346.0,20.0,220.0,15.0,396.0,12.0,125.0,65.0,32.0,4.228537572258871,221.0,346.0,97,33.0,-25.0,0.34
07:37:54,221.0,83.0,371.43,28.0,220.0,27.0,462.78,27.0,150.43,110.0,55.0,5.243774403996144,221.0,371.43,165,55.0,68.0,0.33
07:37:55,221.0,63.0,352.86,14.0,220.0,21.0,446.0,28.0,131.86,84.0,42.0,5.406896522036004,221.0,352.86,126,42.0,-39.0,0.33
07:38:14,221.44,18.0,225.22,27.0,220.5,32.0,225.91,23.0,3.780000000000001,50.0,50.0,2.7851660632735737,221.44,225.22,100,0.0,-75.0,0.0
07:38:15,220.0,30.0,222.29,28.0,219.0,10.0,224.25,12.0,2.289999999999992,40.0,40.0,2.2555775313677415,220.0,222.29,80,0.0,-20.0,0.0
07:38:16,220.0,35.0,221.83,36.0,219.0,12.0,224.21,14.0,1.8300000000000125,47.0,50.0,1.9697284076773278,220.0,221.83,97,-3.0,17.0,-0.03
07:38:17,219.38,16.0,220.97,37.0,217.14,43.0,394.8,45.0,1.5900000000000034,59.0,82.0,1.5894244241268976,219.38,220.97,141,-23.0,44.0,-0.16
07:38:18,217.15,26.0,295.28,29.0,216.14,14.0,411.45,31.0,78.12999999999997,40.0,60.0,15.616348164664176,217.15000000000003,295.28,100,-20.0,-41.0,-0.2
07:38:29,219.34,88.0,224.27,48.0,217.09,272.0,253.0,30.0,4.930000000000007,360.0,78.0,2.5803817547043546,219.34000000000003,224.27,438,282.0,168.0,0.64
07:38:30,219.14,71.0,225.79,78.0,217.29,210.0,277.54,37.0,6.650000000000006,281.0,115.0,2.0688958407834916,219.14,225.79,396,166.0,-42.0,0.42
07:38:31,219.0,6.0,342.0,12.0,217.0,60.0,658.36,14.0,123.0,66.0,26.0,25.602389146327933,219.0,342.0,92,40.0,-168.0,0.43
07:38:32,217.29,35.0,400.43,28.0,216.62,80.0,686.67,18.0,183.14000000000001,115.0,46.0,40.65603485338934,217.29,400.43,161,69.0,69.0,0.43
07:38:35,219.22,36.0,386.48,27.0,216.3,100.0,454.71,34.0,167.26000000000002,136.0,61.0,54.58059114740326,219.22,386.48,197,75.0,-78.0,0.38
07:38:37,218.36,22.0,398.29,35.0,216.14,111.0,461.51,35.0,179.93,133.0,70.0,46.96186293153194,218.36,398.29,203,63.0,123.0,0.31
07:38:38,216.11,54.0,394.27,15.0,215.16,67.0,530.26,23.0,178.15999999999997,121.0,38.0,20.658679289828772,216.11,394.2699999999999,159,83.0,-44.0,0.52
07:38:39,216.22,108.0,347.62,16.0,215.19,121.0,356.94,36.0,131.4,229.0,52.0,16.38143613972851,216.22,347.62,281,177.0,122.0,0.63
07:38:40,218.0,52.0,250.25,16.0,216.0,156.0,273.49,45.0,32.25,208.0,61.0,35.98953153348909,218.0,250.25,269,147.0,-12.0,0.55
07:38:41,220.27,55.0,226.93,14.0,216.93,110.0,228.0,56.0,6.659999999999997,165.0,70.0,39.645916561482224,220.27,226.93,235,95.0,-34.0,0.4
07:38:51,220.5,40.0,231.0,32.0,218.23,74.0,431.0,16.0,10.5,114.0,48.0,1.3945501066736323,220.5,231.0,162,66.0,82.0,0.41
07:38:54,220.08,104.0,231.0,48.0,219.0,45.0,450.89,36.0,10.919999999999987,149.0,84.0,0.47415187442819834,220.07999999999998,231.0,233,65.0,143.0,0.28
07:38:55,220.0,100.0,229.41,51.0,218.0,40.0,313.11,35.0,9.409999999999997,140.0,86.0,0.7480307480470709,220.0,229.41,226,54.0,-7.0,0.24
07:38:56,220.0,64.0,227.63,59.0,218.0,40.0,289.27,40.0,7.6299999999999955,104.0,99.0,1.1665204670403115,220.0,227.63,203,5.0,-23.0,0.02
07:38:57,220.0,60.0,225.45,44.0,218.0,40.0,226.35,46.0,5.449999999999989,100.0,90.0,1.4671298511120643,220.0,225.45,190,10.0,-13.0,0.05
07:38:58,220.0,72.0,224.31,49.0,218.47,60.0,225.58,57.0,4.310000000000002,132.0,106.0,1.3894675239185277,220.0,224.31,238,26.0,48.0,0.11
07:38:59,219.82,76.0,222.13,60.0,218.91,92.0,223.38,55.0,2.3100000000000023,168.0,115.0,1.4506136632558428,219.82,222.13,283,53.0,45.0,0.19
07:39:00,219.0,84.0,222.78,45.0,218.0,48.0,225.13,30.0,3.780000000000001,132.0,75.0,1.2312595177397572,219.0,222.78,207,57.0,-76.0,0.28
07:39:01,218.93,55.0,220.8,30.0,217.9,40.0,221.84,38.0,1.8700000000000045,95.0,68.0,1.1309288218207718,218.93,220.8,163,27.0,-44.0,0.17
07:39:02,217.49,37.0,222.0,35.0,195.58,76.0,327.11,37.0,4.509999999999991,113.0,72.0,0.9793211934932748,217.49,222.0,185,41.0,22.0,0.22
07:39:03,217.44,18.0,227.0,18.0,152.2,40.0,228.83,12.0,9.560000000000002,58.0,30.0,1.0050024875715868,217.44,227.0,88,28.0,-97.0,0.32
07:39:31,221.0,82.0,234.67,24.0,219.0,18.0,542.64,22.0,13.669999999999987,100.0,46.0,1.184229707456935,221.0,234.67,146,54.0,21.0,0.37
07:39:32,221.0,91.0,234.6,20.0,219.0,21.0,455.16,31.0,13.599999999999994,112.0,51.0,1.4074444926971177,221.0,234.6,163,61.0,17.0,0.37
07:39:33,221.0,143.0,233.36,14.0,219.0,33.0,234.43,28.0,12.360000000000014,176.0,42.0,1.4458146492629609,221.0,233.35999999999999,218,134.0,55.0,0.61
07:39:34,221.0,169.0,231.04,25.0,219.0,39.0,232.12,34.0,10.039999999999992,208.0,59.0,1.3173534074132613,221.0,231.04,267,149.0,49.0,0.56
07:39:35,221.0,127.0,229.31,29.0,219.0,33.0,230.88,16.0,8.310000000000002,160.0,45.0,1.1729535370266364,221.0,229.31,205,115.0,-62.0,0.56
07:39:36,221.0,136.0,228.63,35.0,219.0,45.0,229.06,36.0,7.6299999999999955,181.0,71.0,1.2812415853474148,221.0,228.63,252,110.0,47.0,0.44
07:39:37,221.0,60.0,225.23,13.0,219.0,30.0,226.71,17.0,4.22999999999999,90.0,30.0,1.5046660759198383,221.0,225.23,120,60.0,-132.0,0.5
07:39:38,221.0,30.0,222.8,10.0,219.0,15.0,224.0,5.0,1.8000000000000114,45.0,15.0,1.6630153336708988,221.0,222.8,60,30.0,-60.0,0.5
07:39:39,220.92,60.0,225.23,26.0,219.82,66.0,530.74,27.0,4.310000000000002,126.0,53.0,1.3507664491039162,220.92,225.23,179,73.0,119.0,0.41
07:39:40,220.0,50.0,227.42,38.0,218.6,25.0,456.08,24.0,7.4199999999999875,75.0,62.0,1.0596084182493781,220.0,227.42,137,13.0,-42.0,0.09
07:39:41,220.0,55.0,227.0,55.0,219.0,11.0,230.0,22.0,7.0,66.0,77.0,0.7009636224691531,220.0,227.0,143,-11.0,6.0,-0.08
07:39:42,221.08,48.0,229.17,36.0,219.65,17.0,275.75,32.0,8.089999999999975,65.0,68.0,1.1624758062105554,221.08,229.16999999999996,133,-3.0,-10.0,-0.02
07:39:47,220.23,13.0,228.62,39.0,219.23,13.0,233.0,26.0,8.390000000000015,26.0,65.0,0.35688933862504596,220.23,228.62,91,-39.0,28.0,-0.43
07:39:48,221.11,54.0,228.0,42.0,218.28,25.0,232.21,28.0,6.889999999999986,79.0,70.0,0.2673574386926537,221.11,228.0,149,9.0,58.0,0.06
07:39:54,219.18,22.0,337.54,26.0,217.3,43.0,425.33,21.0,118.36000000000001,65.0,47.0,27.551415027181562,219.18,337.54,112,18.0,-48.0,0.16
07:39:55,221.07,30.0,374.43,35.0,218.17,71.0,582.16,57.0,153.36,101.0,92.0,26.851264029836592,221.07,374.43,193,9.0,81.0,0.05
07:40:14,221.27,60.0,228.33,46.0,220.77,31.0,229.48,31.0,7.060000000000002,91.0,77.0,2.075748057934029,221.27,228.33,168,14.0,-71.0,0.08
07:40:16,221.15,39.0,226.0,45.0,220.75,24.0,227.0,18.0,4.849999999999994,63.0,63.0,2.090435361358409,221.15,226.0,126,0.0,-32.0,0.0
07:40:17,221.0,48.0,226.0,50.0,220.0,10.0,227.0,20.0,5.0,58.0,70.0,1.2430607386680785,221.0,226.0,128,-12.0,2.0,-0.09
07:40:19,221.0,27.0,224.25,24.0,220.0,9.0,228.89,27.0,3.25,36.0,51.0,0.6657326790975845,221.0,224.25,87,-15.0,-78.0,-0.17
07:40:20,219.26,46.0,224.0,30.0,218.1,42.0,225.0,20.0,4.740000000000009,88.0,50.0,0.8443814304084943,219.26,224.0,138,38.0,51.0,0.28
07:40:21,220.48,134.0,222.97,33.0,218.69,80.0,226.14,43.0,2.490000000000009,214.0,76.0,0.9131703017613214,220.48,222.97,290,138.0,152.0,0.48
07:40:22,219.3,53.0,222.0,39.0,218.31,65.0,230.0,65.0,2.6999999999999886,118.0,104.0,1.080430469775419,219.30000000000004,222.0,222,14.0,-68.0,0.06
07:40:23,219.91,106.0,223.74,57.0,218.65,71.0,268.11,79.0,3.8300000000000125,177.0,136.0,0.7014057313846969,219.91,223.74,313,41.0,91.0,0.13
07:40:24,221.31,52.0,227.63,62.0,219.0,39.0,404.14,35.0,6.319999999999993,91.0,97.0,1.427784997826737,221.31,227.63,188,-6.0,-125.0,-0.03
07:40:26,219.0,33.0,225.0,55.0,218.0,55.0,311.18,22.0,6.0,88.0,77.0,1.3960121776041094,219.0,225.0,165,11.0,-58.0,0.07
07:40:27,219.0,33.0,264.22,51.0,218.0,55.0,506.28,43.0,45.22000000000003,88.0,94.0,8.522087185661547,219.0,264.22,182,-6.0,17.0,-0.03
07:40:28,219.0,15.0,225.0,15.0,218.0,25.0,425.0,25.0,6.0,40.0,40.0,8.497815601671803,219.0,225.0,80,0.0,-102.0,0.0
07:40:29,220.93,87.0,225.0,39.0,218.88,41.0,441.55,44.0,4.069999999999993,128.0,83.0,8.61387659535571,220.93,225.0,211,45.0,131.0,0.21
07:40:30,221.0,56.0,224.84,25.0,219.25,16.0,334.18,17.0,3.8400000000000034,72.0,42.0,8.57160136730686,221.0,224.84,114,30.0,-97.0,0.26
07:40:31,220.96,53.0,223.38,29.0,219.6,15.0,224.34,38.0,2.4199999999999875,68.0,67.0,8.550592377140712,220.96,223.38,135,1.0,21.0,0.01
07:40:32,219.29,17.0,221.17,24.0,218.43,35.0,225.03,29.0,1.8799999999999955,52.0,53.0,1.1104368509820093,219.29,221.17,105,-1.0,-30.0,-0.01
07:40:33,218.73,49.0,222.12,57.0,216.05,117.0,258.27,45.0,3.390000000000015,166.0,102.0,1.3310071374786057,218.72999999999996,222.12,268,64.0,163.0,0.24
07:40:34,219.5,36.0,227.0,24.0,215.29,84.0,313.8,40.0,7.5,120.0,64.0,1.3996070877281805,219.5,227.0,184,56.0,-84.0,0.3
07:40:35,218.25,24.0,223.65,17.0,213.26,171.0,225.85,13.0,5.400000000000006,195.0,30.0,1.2774505861359873,218.25,223.65,225,165.0,41.0,0.73
07:40:36,219.79,19.0,221.94,16.0,218.0,36.0,223.06,32.0,2.1500000000000057,55.0,48.0,1.2143640310958306,219.79000000000002,221.94,103,7.0,-122.0,0.07
07:40:37,218.0,26.0,226.9,21.0,214.71,17.0,237.49,37.0,8.900000000000006,43.0,58.0,1.2024225546866125,218.0,226.90000000000003,101,-15.0,-2.0,-0.15
07:40:43,213.45,22.0,342.76,42.0,211.64,94.0,539.85,40.0,129.31,116.0,82.0,44.005978911961,213.45,342.76,198,34.0,30.0,0.17
07:40:44,219.65,23.0,228.11,27.0,214.29,21.0,450.65,23.0,8.460000000000008,44.0,50.0,65.5415293535326,219.65,228.11,94,-6.0,-104.0,-0.06
07:40:50,220.5,12.0,231.17,23.0,218.16,19.0,321.42,19.0,10.669999999999987,31.0,42.0,24.757793722381795,220.5,231.17,73,-11.0,10.0,-0.15
07:40:51,219.67,18.0,222.82,34.0,218.08,26.0,284.75,24.0,3.1500000000000057,44.0,58.0,25.976421616535404,219.67,222.82,102,-14.0,29.0,-0.14
07:40:52,216.33,9.0,221.83,6.0,215.5,12.0,586.0,12.0,5.5,21.0,18.0,25.721361355884987,216.33,221.83,39,3.0,-63.0,0.08
07:40:53,214.8,15.0,216.23,35.0,200.5,48.0,353.09,11.0,1.4299999999999784,63.0,46.0,14.104817262198821,214.8,216.23,109,17.0,70.0,0.16
07:40:54,199.6,10.0,216.0,40.0,168.52,23.0,220.0,10.0,16.400000000000006,33.0,50.0,6.770903189385209,199.6,216.0,83,-17.0,-26.0,-0.2
07:40:56,182.88,25.0,215.54,26.0,83.38,21.0,295.76,25.0,32.66,46.0,51.0,30.09483792945294,182.88,215.54,97,-5.0,-67.0,-0.05
07:40:57,194.29,84.0,213.0,80.0,180.42,36.0,216.0,40.0,18.710000000000008,120.0,120.0,28.03336280220482,194.29,213.0,240,0.0,143.0,0.0
07:40:58,194.0,60.0,213.0,48.0,113.83,12.0,214.8,15.0,19.0,72.0,63.0,26.21670021188865,194.0,213.0,135,9.0,-105.0,0.07
07:40:59,194.32,41.0,299.8,25.0,151.15,13.0,348.1,20.0,105.48000000000002,54.0,45.0,36.1643322902558,194.32,299.8,99,9.0,-36.0,0.09
07:41:00,194.6,50.0,239.0,30.0,160.19,21.0,437.0,20.0,44.400000000000006,71.0,50.0,19.603051293103075,194.6,239.0,121,21.0,22.0,0.17
07:41:01,195.0,40.0,225.5,24.0,156.38,8.0,292.64,22.0,30.5,48.0,46.0,18.07714855833267,195.0,225.5,94,2.0,-27.0,0.02
07:41:02,200.4,50.0,237.56,50.0,197.26,34.0,288.65,52.0,37.16,84.0,102.0,16.647153510436162,200.4,237.56,186,-18.0,92.0,-0.1
07:41:03,201.77,65.0,216.2,49.0,198.92,13.0,227.27,41.0,14.429999999999978,78.0,90.0,15.483388840949072,201.77,216.2,168,-12.0,-18.0,-0.07
07:41:04,202.0,28.0,215.0,30.0,198.0,6.0,216.0,6.0,13.0,34.0,36.0,4.838773604957207,202.0,215.0,70,-2.0,-98.0,-0.03
07:41:05,203.69,80.0,213.9,80.0,200.0,20.0,215.0,100.0,10.210000000000008,100.0,180.0,4.45435404969469,203.69,213.9,280,-80.0,168.0,-0.29
07:41:06,207.02,53.0,374.36,25.0,208.34,29.0,508.91,32.0,167.34,82.0,57.0,35.772790637578474,207.02000000000004,374.36,139,25.0,-141.0,0.18
07:41:13,221.12,8.0,223.95,22.0,218.1,31.0,347.53,17.0,2.829999999999984,39.0,39.0,1.00167359954524,221.12,223.95,78,0.0,24.0,0.0
07:41:14,221.0,9.0,223.89,27.0,218.0,44.0,439.6,10.0,2.8899999999999864,53.0,37.0,0.4887944353470235,221.0,223.89,90,16.0,12.0,0.18
07:41:15,214.0,22.0,223.0,33.0,211.21,14.0,346.36,11.0,9.0,36.0,44.0,1.8641030014531825,214.0,223.0,80,-8.0,-10.0,-0.1
07:41:16,214.0,44.0,222.36,33.0,203.49,111.0,259.2,15.0,8.360000000000014,155.0,48.0,2.2779640032334276,214.0,222.36,203,107.0,123.0,0.53
07:41:17,214.0,44.0,219.86,28.0,184.09,132.0,220.73,33.0,5.860000000000014,176.0,61.0,2.597829863564561,214.0,219.85999999999999,237,115.0,34.0,0.49
07:41:18,216.6,30.0,219.0,18.0,208.88,58.0,220.0,27.0,2.4000000000000057,88.0,45.0,2.134033739196357,216.6,219.0,133,43.0,-104.0,0.32
07:41:19,216.8,40.0,219.78,27.0,215.83,46.0,299.39,23.0,2.9799999999999898,86.0,50.0,0.6191526467914131,216.8,219.78,136,36.0,3.0,0.26
07:41:20,216.1,39.0,220.0,27.0,212.12,33.0,349.0,18.0,3.9000000000000057,72.0,45.0,0.5457563559216306,216.1,220.0,117,27.0,-19.0,0.23
07:41:21,212.0,52.0,217.57,14.0,208.0,8.0,256.14,21.0,5.569999999999993,60.0,35.0,1.4272070627730216,212.0,217.57,95,25.0,-22.0,0.26
07:41:22,213.78,37.0,245.52,27.0,210.32,19.0,332.87,15.0,31.74000000000001,56.0,42.0,5.732144450380499,213.78,245.52,98,14.0,3.0,0.14
07:41:23,220.0,6.0,381.0,3.0,213.0,3.0,743.6,5.0,161.0,9.0,8.0,36.35228851117932,220.0,381.0,17,1.0,-81.0,0.06
07:41:24,214.77,13.0,288.79,33.0,212.03,34.0,358.74,19.0,74.02000000000001,47.0,52.0,35.28405064614912,214.77,288.79,99,-5.0,82.0,-0.05
07:41:25,214.6,10.0,221.0,10.0,212.0,30.0,271.5,10.0,6.400000000000006,40.0,20.0,35.328313432713095,214.6,221.0,60,20.0,-39.0,0.33
07:41:26,217.14,21.0,221.0,15.0,215.61,41.0,341.3,23.0,3.8600000000000136,62.0,38.0,34.51940686048959,217.14,221.0,100,24.0,40.0,0.24
07:41:27,215.5,22.0,275.78,18.0,213.73,49.0,329.11,28.0,60.27999999999997,71.0,46.0,33.614223477569944,215.5,275.78,117,25.0,17.0,0.21
07:41:28,217.03,37.0,300.86,28.0,213.5,42.0,377.94,16.0,83.83000000000001,79.0,44.0,19.04625895025107,217.03,300.86,123,35.0,6.0,0.28
07:41:29,221.0,104.0,347.27,22.0,218.0,32.0,463.14,14.0,126.26999999999998,136.0,36.0,28.012533266379442,221.0,347.27,172,100.0,49.0,0.58
07:41:30,221.0,65.0,417.0,5.0,218.0,20.0,594.2,15.0,196.0,85.0,20.0,38.088045631142634,221.0,417.0,105,65.0,-67.0,0.62
07:41:34,221.0,91.0,257.79,24.0,218.0,36.0,409.3,23.0,36.79000000000002,127.0,47.0,65.73362784754822,221.0,257.79,174,80.0,-111.0,0.46
07:41:35,221.0,30.0,222.0,18.0,218.71,14.0,451.5,10.0,1.0,44.0,28.0,81.8577414176569,221.0,222.0,72,16.0,-102.0,0.22
07:41:36,221.0,50.0,447.88,26.0,219.0,20.0,596.77,30.0,226.88,70.0,56.0,82.65286970214633,221.0,447.88,126,14.0,54.0,0.11
07:41:37,220.81,36.0,376.76,46.0,218.2,40.0,489.4,40.0,155.95,76.0,86.0,79.5893195095924,220.81,376.76,162,-10.0,36.0,-0.06
07:41:40,219.0,24.0,227.17,48.0,218.0,48.0,457.25,40.0,8.169999999999987,72.0,88.0,41.57259758542878,219.0,227.17,160,-16.0,18.0,-0.1
07:41:41,218.85,33.0,226.0,44.0,214.92,52.0,275.73,51.0,7.150000000000006,85.0,95.0,37.623410664106714,218.85,226.0,180,-10.0,20.0,-0.06
07:41:42,219.22,135.0,225.13,60.0,218.71,35.0,284.59,51.0,5.909999999999997,170.0,111.0,34.157345183723415,219.22,225.13,281,59.0,101.0,0.21
07:41:43,219.36,36.0,223.7,40.0,217.07,70.0,472.93,14.0,4.339999999999975,106.0,54.0,20.126662664238385,219.36,223.7,160,52.0,-121.0,0.33
07:41:44,219.44,50.0,223.0,44.0,217.63,57.0,516.0,29.0,3.5600000000000023,107.0,73.0,0.7361249894247277,219.44,223.0,180,34.0,20.0,0.19
07:41:45,221.5,34.0,223.0,51.0,218.93,80.0,625.88,40.0,1.5,114.0,91.0,0.516865553171914,221.5,223.0,205,23.0,25.0,0.11
07:41:46,219.0,32.0,222.29,21.0,213.09,35.0,627.0,7.0,3.289999999999992,67.0,28.0,0.6751518348164741,219.0,222.29000000000002,95,39.0,-110.0,0.41
07:41:47,220.43,21.0,419.33,15.0,215.0,10.0,679.0,21.0,198.89999999999998,31.0,36.0,44.04095173812708,220.42999999999998,419.33,67,-5.0,-28.0,-0.07
07:42:09,221.0,38.0,222.0,30.0,219.0,20.0,228.13,46.0,1.0,58.0,76.0,1.147924213551082,221.0,222.0,134,-18.0,-157.0,-0.13
07:42:10,219.56,25.0,291.0,22.0,218.31,13.0,418.47,15.0,71.44,38.0,37.0,14.735485061580128,219.56,291.0,75,1.0,-59.0,0.01
07:42:11,218.15,26.0,302.91,11.0,216.8,10.0,376.11,19.0,84.76000000000002,36.0,30.0,19.70957838209746,218.15000000000003,302.91,66,6.0,-9.0,0.09
07:42:12,218.36,56.0,440.21,29.0,216.42,48.0,680.75,59.0,221.84999999999997,104.0,88.0,43.886133345283696,218.35999999999999,440.21,192,16.0,126.0,0.08
07:42:14,198.31,32.0,432.7,63.0,158.38,16.0,516.65,63.0,234.39,48.0,126.0,48.25014580288823,198.31,432.7,174,-78.0,26.0,-0.45
07:42:15,206.0,5.0,220.4,20.0,180.8,10.0,309.53,17.0,14.400000000000006,15.0,37.0,61.237602255476844,206.0,220.4,52,-22.0,-122.0,-0.42
07:42:18,187.0,18.0,215.09,22.0,186.0,12.0,216.67,24.0,28.090000000000003,30.0,46.0,56.829986626780645,187.0,215.09000000000003,76,-16.0,19.0,-0.21
07:42:19,187.55,33.0,212.56,27.0,154.6,42.0,213.62,29.0,25.00999999999999,75.0,56.0,16.580425808768982,187.55,212.56,131,19.0,55.0,0.15
07:42:20,198.3,56.0,209.15,52.0,158.87,79.0,211.0,26.0,10.849999999999994,135.0,78.0,14.38457229117692,198.3,209.15000000000003,213,57.0,82.0,0.27
07:42:21,203.96,51.0,208.57,56.0,202.09,75.0,211.0,28.0,4.609999999999985,126.0,84.0,15.49684484016317,203.96,208.57,210,42.0,-3.0,0.2
07:42:22,213.88,94.0,216.82,44.0,207.73,48.0,268.21,28.0,2.9399999999999977,142.0,72.0,6.124393847564164,213.88000000000002,216.82,214,70.0,4.0,0.33
07:42:23,214.76,84.0,217.0,40.0,212.51,57.0,292.0,20.0,2.240000000000009,141.0,60.0,7.0749120135927095,214.76,217.0,201,81.0,-13.0,0.4
07:42:24,215.11,90.0,217.92,38.0,214.48,62.0,277.0,16.0,2.809999999999974,152.0,54.0,6.060540404953568,215.11,217.92,206,98.0,5.0,0.48
07:42:25,217.56,48.0,250.31,26.0,216.63,46.0,262.0,16.0,32.75,94.0,42.0,10.056732570774047,217.56000000000003,250.31,136,52.0,-70.0,0.38
07:42:28,221.0,70.0,242.0,24.0,218.0,70.0,243.56,18.0,21.0,140.0,42.0,7.586397036805641,221.0,242.0,182,98.0,-42.0,0.54
07:42:29,221.0,136.0,237.88,50.0,218.0,130.0,238.68,38.0,16.879999999999995,266.0,88.0,2.03204822778658,221.0,237.88,354,178.0,168.0,0.5
07:42:30,221.0,78.0,235.67,18.0,218.0,60.0,236.5,24.0,14.669999999999987,138.0,42.0,2.5499509799311477,221.0,235.66999999999996,180,96.0,-168.0,0.53
07:42:31,221.0,156.0,232.54,41.0,218.0,120.0,233.55,44.0,11.539999999999992,276.0,85.0,2.7173976521763263,221.0,232.54,361,191.0,168.0,0.53
07:42:32,221.0,65.0,228.68,22.0,218.0,50.0,229.42,19.0,7.680000000000007,115.0,41.0,2.5385094051540094,221.0,228.68,156,74.0,-168.0,0.47
07:42:33,221.0,130.0,226.91,35.0,218.0,100.0,228.24,37.0,5.909999999999997,230.0,72.0,2.2984494773775186,221.0,226.91,302,158.0,146.0,0.52
07:42:34,221.0,115.0,224.0,35.0,218.0,100.0,224.59,37.0,3.0,215.0,72.0,2.301466923520405,221.0,224.0,287,143.0,-15.0,0.5
07:42:35,219.7,73.0,222.0,48.0,217.64,74.0,223.0,24.0,2.3000000000000114,147.0,72.0,2.253847820963084,219.7,222.0,219,75.0,-68.0,0.34
07:42:36,220.0,32.0,222.24,17.0,215.41,51.0,274.25,16.0,2.240000000000009,83.0,33.0,1.7403677772417006,220.0,222.24,116,50.0,-103.0,0.43
07:42:49,219.87,46.0,262.98,47.0,218.31,39.0,285.97,37.0,43.110000000000014,85.0,84.0,30.104128952686967,219.87,262.98,169,1.0,67.0,0.01
07:42:50,220.2,50.0,246.44,27.0,217.78,27.0,261.33,27.0,26.24000000000001,77.0,54.0,35.24364368223031,220.2,246.44,131,23.0,-38.0,0.18
07:43:01,219.05,146.0,436.35,31.0,217.16,38.0,549.25,53.0,217.3,184.0,84.0,51.69197858468938,219.05,436.35,268,100.0,168.0,0.37
07:43:02,219.0,118.0,415.05,39.0,217.06,32.0,560.98,47.0,196.05,150.0,86.0,32.646303466088895,219.0,415.05,236,64.0,-32.0,0.27
07:43:03,219.0,70.0,264.67,18.0,218.0,14.0,449.14,29.0,45.670000000000016,84.0,47.0,42.35775253716811,219.0,264.67,131,37.0,-105.0,0.28
07:43:04,219.0,45.0,264.0,10.0,218.0,10.0,265.0,15.0,45.0,55.0,25.0,41.72611256755167,219.0,264.0,80,30.0,-51.0,0.38
07:43:05,219.0,50.0,263.2,20.0,218.0,20.0,265.0,30.0,44.19999999999999,70.0,50.0,44.46543230420687,219.0,263.2,120,20.0,40.0,0.17
07:43:06,221.36,33.0,260.9,40.0,219.51,73.0,302.27,55.0,39.539999999999964,106.0,95.0,33.82855701918157,221.36,260.9,201,11.0,81.0,0.05
07:43:08,220.56,9.0,255.47,36.0,219.11,45.0,257.56,27.0,34.91,54.0,63.0,1.5052807047297518,220.56,255.47,117,-9.0,-26.0,-0.08
07:43:09,220.0,11.0,250.41,39.0,218.19,133.0,252.5,48.0,30.409999999999997,144.0,87.0,2.7522045708908744,220.0,250.41,231,57.0,114.0,0.25
07:43:10,220.0,13.0,236.26,38.0,218.0,234.0,244.43,61.0,16.25999999999999,247.0,99.0,5.503189984003334,220.0,236.26,346,148.0,115.0,0.43
07:43:11,220.0,15.0,230.91,54.0,218.0,270.0,232.47,57.0,10.909999999999997,285.0,111.0,6.757749625432794,220.0,230.91,396,174.0,50.0,0.44
07:43:12,219.93,15.0,226.38,48.0,218.1,180.0,227.16,67.0,6.449999999999989,195.0,115.0,6.372315120899147,219.93,226.38,310,80.0,-86.0,0.26
07:43:13,218.03,111.0,223.4,10.0,217.29,84.0,226.0,45.0,5.3700000000000045,195.0,55.0,5.575966283976507,218.03000000000003,223.4,250,140.0,-60.0,0.56
07:43:14,218.09,138.0,220.2,10.0,217.21,89.0,249.33,48.0,2.109999999999985,227.0,58.0,3.605076975606129,218.09,220.2,285,169.0,35.0,0.59
07:43:15,218.0,144.0,219.5,8.0,216.0,40.0,394.0,8.0,1.5,184.0,16.0,2.8312188188211405,218.0,219.5,200,168.0,-85.0,0.84
07:43:16,218.0,128.0,266.5,8.0,216.0,40.0,485.26,19.0,48.5,168.0,27.0,9.906957151418597,218.0,266.5,195,141.0,-5.0,0.72
07:43:17,218.0,36.0,307.86,22.0,216.0,170.0,363.19,36.0,89.86000000000001,206.0,58.0,19.54018884248659,218.0,307.86,264,148.0,69.0,0.56
07:43:18,218.0,8.0,339.64,22.0,216.0,98.0,384.53,19.0,121.63999999999999,106.0,41.0,26.592797333113097,218.0,339.64,147,65.0,-117.0,0.44
07:43:19,220.29,7.0,348.08,26.0,216.39,33.0,467.18,17.0,127.78999999999999,40.0,43.0,27.064320239016077,220.29,348.08,83,-3.0,-64.0,-0.04
07:43:22,221.0,102.0,427.9,31.0,218.5,12.0,487.14,28.0,206.89999999999998,114.0,59.0,26.465542692338065,221.0,427.9,173,55.0,66.0,0.32
07:43:23,221.0,77.0,332.43,28.0,219.2,15.0,525.08,25.0,111.43,92.0,53.0,27.023212614342675,221.0,332.43,145,39.0,-28.0,0.27
07:43:24,221.0,111.0,296.43,46.0,220.0,42.0,394.0,54.0,75.43,153.0,100.0,33.696815576549255,221.0,296.43,253,53.0,108.0,0.21
07:43:25,221.0,37.0,267.43,28.0,220.0,21.0,315.0,28.0,46.43000000000001,58.0,56.0,32.49740789663059,221.0,267.43,114,2.0,-139.0,0.02
07:43:27,221.14,14.0,320.25,48.0,220.1,42.0,604.09,46.0,99.11000000000001,56.0,94.0,14.8217249333539,221.14000000000001,320.25,150,-38.0,-2.0,-0.25
07:43:28,220.0,9.0,274.26,31.0,219.0,9.0,373.16,19.0,54.25999999999999,18.0,50.0,11.504928074525676,220.0,274.26,68,-32.0,-82.0,-0.47
07:43:29,216.04,99.0,310.22,18.0,215.11,36.0,336.05,21.0,94.18000000000004,135.0,39.0,12.195806656388434,216.04,310.22,174,96.0,106.0,0.55
07:43:30,216.0,80.0,286.33,24.0,215.0,30.0,295.22,18.0,70.32999999999998,110.0,42.0,11.16089691736321,216.0,286.33,152,68.0,-22.0,0.45
07:43:31,216.18,79.0,287.83,30.0,215.34,38.0,302.33,15.0,71.64999999999998,117.0,45.0,9.76505094712807,216.18,287.83,162,72.0,10.0,0.44
07:43:32,217.53,34.0,285.88,8.0,218.34,160.0,287.0,40.0,68.35,194.0,48.0,5.980988212662584,217.53,285.88,242,146.0,80.0,0.6
07:43:33,220.0,11.0,250.78,46.0,219.0,264.0,262.72,25.0,30.78,275.0,71.0,9.897423907260409,220.0,250.77999999999997,346,204.0,104.0,0.59
07:43:34,220.0,15.0,242.65,37.0,219.0,360.0,568.11,46.0,22.650000000000006,375.0,83.0,10.115185119413923,220.0,242.65000000000003,458,292.0,112.0,0.64
07:43:37,221.05,101.0,282.0,11.0,220.5,20.0,520.1,40.0,60.94999999999999,121.0,51.0,11.313949354668877,221.05000000000004,282.0,172,70.0,44.0,0.41
07:43:38,221.0,110.0,281.09,11.0,220.0,11.0,331.73,33.0,60.089999999999975,121.0,44.0,9.870231506910597,221.0,281.09,165,77.0,-7.0,0.47
07:43:39,221.0,60.0,280.56,9.0,220.0,6.0,587.0,16.0,59.56,66.0,25.0,2.03229673030505,221.0,280.56,91,41.0,-74.0,0.45
07:43:43,221.09,132.0,225.19,31.0,220.62,32.0,226.57,35.0,4.099999999999994,164.0,66.0,11.272607506695955,221.09,225.19,230,98.0,-51.0,0.43
07:43:45,221.0,62.0,308.4,10.0,220.0,10.0,452.0,30.0,87.39999999999998,72.0,40.0,17.469428153205705,221.0,308.4,112,32.0,-168.0,0.29
07:43:46,220.33,72.0,266.24,41.0,218.92,26.0,320.29,28.0,45.91,98.0,69.0,16.83362468394774,220.33,266.24,167,29.0,55.0,0.17
07:43:47,219.06,270.0,250.2,20.0,218.33,229.0,368.68,40.0,31.139999999999986,499.0,60.0,15.26797465284816,219.06,250.2,559,439.0,168.0,0.79
07:43:48,221.46,46.0,243.47,36.0,219.08,182.0,245.21,48.0,22.00999999999999,228.0,84.0,12.747655862942523,221.46,243.47,312,144.0,-168.0,0.46
07:43:49,219.54,128.0,227.27,33.0,218.24,76.0,238.77,13.0,7.730000000000018,204.0,46.0,15.663450130798605,219.54,227.27,250,158.0,-62.0,0.63
07:43:50,219.0,206.0,224.2,25.0,218.0,154.0,226.26,19.0,5.199999999999989,360.0,44.0,8.835868378377915,219.0,224.2,404,316.0,154.0,0.78
07:43:51,219.0,180.0,223.9,30.0,218.0,140.0,225.0,10.0,4.900000000000006,320.0,40.0,6.333612713137792,219.0,223.9,360,280.0,-44.0,0.78
07:43:52,219.0,237.0,221.58,24.0,218.0,196.0,267.25,40.0,2.5800000000000125,433.0,64.0,4.945237102508007,219.0,221.58,497,369.0,137.0,0.74
07:43:53,220.18,65.0,330.77,44.0,219.26,159.0,546.48,44.0,110.58999999999997,224.0,88.0,24.082620912185174,220.18,330.77,312,136.0,-168.0,0.44
07:43:54,219.26,69.0,329.3,23.0,218.45,101.0,426.36,33.0,110.04000000000002,170.0,56.0,29.456635075989478,219.26,329.3,226,114.0,-86.0,0.5
07:43:55,219.04,195.0,294.15,73.0,218.13,210.0,310.15,47.0,75.10999999999999,405.0,120.0,27.291818371079835,219.03999999999996,294.15,525,285.0,168.0,0.54
07:43:56,220.0,60.0,268.54,63.0,219.0,210.0,291.17,65.0,48.54000000000002,270.0,128.0,22.968981910394035,220.0,268.54,398,142.0,-127.0,0.36
07:43:57,220.83,48.0,276.82,55.0,219.57,120.0,289.73,37.0,55.98999999999998,168.0,92.0,14.38099683610303,220.83,276.82,260,76.0,-138.0,0.29
07:44:11,220.33,159.0,241.0,36.0,219.81,77.0,242.0,12.0,20.669999999999987,236.0,48.0,4.224614775340049,220.33,241.0,284,188.0,168.0,0.66
07:44:12,221.13,230.0,236.81,37.0,219.96,337.0,238.74,31.0,15.680000000000007,567.0,68.0,3.9585767644474483,221.13,236.80999999999997,635,499.0,168.0,0.79
07:44:13,220.87,78.0,232.45,20.0,220.51,146.0,233.08,36.0,11.579999999999984,224.0,56.0,3.142446499150814,220.87,232.45,280,168.0,-168.0,0.6
07:44:18,220.79,119.0,243.27,44.0,219.92,153.0,403.4,50.0,22.480000000000018,272.0,94.0,4.9936229333046125,220.79,243.27,366,178.0,168.0,0.49
07:44:25,221.13,90.0,245.08,60.0,220.09,162.0,310.78,54.0,23.950000000000017,252.0,114.0,3.389520615076346,221.13,245.08,366,138.0,100.0,0.38
07:44:26,220.0,264.0,462.17,60.0,218.0,156.0,611.0,60.0,242.17000000000002,420.0,120.0,50.79392709763649,220.0,462.17,540,300.0,168.0,0.56
07:44:27,220.0,232.0,278.59,17.0,218.0,130.0,280.68,22.0,58.589999999999975,362.0,39.0,49.26789603788665,220.0,278.59,401,323.0,-139.0,0.81
07:44:28,220.0,303.0,275.8,30.0,218.0,195.0,277.0,24.0,55.80000000000001,498.0,54.0,46.872385580424684,220.0,275.8,552,444.0,151.0,0.8
07:44:29,220.0,201.0,272.73,22.0,218.0,233.0,274.17,23.0,52.73000000000002,434.0,45.0,43.82140082197282,220.0,272.73,479,389.0,-73.0,0.81
07:44:30,220.0,216.0,268.68,28.0,218.0,260.0,270.18,22.0,48.68000000000001,476.0,50.0,42.12633831701966,220.0,268.68,526,426.0,47.0,0.81
07:44:38,221.0,44.0,229.61,46.0,220.0,55.0,230.93,29.0,8.610000000000014,99.0,75.0,6.867504641427482,221.0,229.61000000000004,174,24.0,11.0,0.14
07:44:40,221.32,37.0,224.39,31.0,220.21,57.0,227.37,43.0,3.069999999999993,94.0,74.0,2.5844883439537614,221.32,224.39,168,20.0,-75.0,0.12
07:44:41,220.64,28.0,222.2,30.0,219.71,42.0,223.4,20.0,1.5600000000000023,70.0,50.0,2.287295346043961,220.64000000000001,222.2,120,20.0,-48.0,0.17
07:44:42,219.16,43.0,220.6,20.0,218.27,45.0,261.6,40.0,1.4399999999999977,88.0,60.0,2.262635631301618,219.15999999999997,220.6,148,28.0,28.0,0.19
07:44:43,218.23,43.0,289.56,36.0,217.25,59.0,324.84,50.0,71.33000000000001,102.0,86.0,14.273550714521964,218.23,289.56,188,16.0,40.0,0.09
07:44:44,219.02,164.0,349.0,14.0,218.22,50.0,364.67,24.0,129.98,214.0,38.0,28.16369063173397,219.01999999999998,349.0,252,176.0,64.0,0.7
07:44:45,219.0,80.0,349.0,10.0,218.0,30.0,369.0,10.0,130.0,110.0,20.0,31.68988403260588,219.0,349.0,130,90.0,-122.0,0.69
07:44:46,221.14,28.0,348.5,6.0,218.84,38.0,369.0,6.0,127.36000000000001,66.0,12.0,28.609207433971285,221.14000000000001,348.5,78,54.0,-52.0,0.69
07:44:47,220.55,58.0,266.7,20.0,218.76,63.0,274.97,29.0,46.14999999999998,121.0,49.0,19.79139333144571,220.55,266.7,170,72.0,92.0,0.42
07:44:48,219.02,58.0,256.7,10.0,218.1,30.0,285.25,16.0,37.67999999999998,88.0,26.0,23.932700014833177,219.02,256.7,114,62.0,-56.0,0.54
07:44:49,220.79,24.0,255.31,13.0,219.35,23.0,289.49,61.0,34.52000000000001,47.0,74.0,24.519856647215597,220.79,255.31,121,-27.0,7.0,-0.22
07:44:50,221.0,40.0,255.0,8.0,220.0,8.0,316.0,40.0,34.0,48.0,48.0,20.466542697778976,221.0,255.0,96,0.0,-25.0,0.0
07:44:51,221.0,35.0,254.57,7.0,220.0,7.0,316.0,35.0,33.56999999999999,42.0,42.0,2.553493685133557,221.0,254.57,84,0.0,-12.0,0.0
07:44:52,221.0,54.0,239.0,20.0,220.0,12.0,510.51,49.0,18.0,66.0,69.0,3.5457086738787362,221.0,239.0,135,-3.0,51.0,-0.02
07:45:03,219.0,39.0,224.68,47.0,218.0,65.0,225.2,41.0,5.680000000000007,104.0,88.0,5.274341665082371,219.0,224.68,192,16.0,5.0,0.08
07:45:04,219.86,86.0,221.35,43.0,218.47,38.0,222.15,41.0,1.4899999999999807,124.0,84.0,5.18914540170401,219.86000000000004,221.35,208,40.0,16.0,0.19
07:45:05,220.0,54.0,221.43,35.0,219.0,24.0,230.21,34.0,1.4300000000000068,78.0,69.0,3.722411852553079,220.0,221.43,147,9.0,-61.0,0.06
07:45:06,218.75,24.0,220.75,40.0,215.46,48.0,246.65,26.0,2.0,72.0,66.0,2.4691030760235617,218.75,220.75,138,6.0,-9.0,0.04
07:45:07,214.63,38.0,218.5,30.0,159.47,59.0,238.0,22.0,3.8700000000000045,97.0,52.0,2.0013070728977085,214.63,218.5,149,45.0,11.0,0.3
07:45:08,214.0,58.0,260.4,43.0,161.86,56.0,321.0,25.0,46.39999999999998,114.0,68.0,8.132430755931958,214.0,260.4,182,46.0,33.0,0.25
07:45:09,214.0,24.0,345.0,20.0,138.13,60.0,504.55,20.0,131.0,84.0,40.0,26.273555716728165,214.0,345.0,124,44.0,-58.0,0.35
07:45:10,214.0,9.0,295.82,28.0,121.89,117.0,330.21,24.0,81.82,126.0,52.0,26.157448843494166,214.0,295.82,178,74.0,54.0,0.42
07:45:11,217.56,18.0,279.14,36.0,144.22,46.0,317.69,32.0,61.579999999999984,64.0,68.0,23.141938769256345,217.56,279.14,132,-4.0,-46.0,-0.03
07:45:13,212.0,7.0,346.33,27.0,158.0,91.0,682.91,11.0,134.32999999999998,98.0,38.0,14.127744689085906,212.0,346.33,136,60.0,40.0,0.44
07:45:14,213.27,11.0,378.0,30.0,161.44,18.0,579.0,8.0,164.73,29.0,38.0,18.95602147076206,213.27,378.0,67,-9.0,-69.0,-0.13
07:45:15,216.45,29.0,402.65,37.0,214.33,30.0,466.57,35.0,186.2,59.0,72.0,23.682125538050503,216.45,402.65,131,-13.0,64.0,-0.1
07:45:17,215.44,81.0,437.11,9.0,214.22,27.0,709.9,21.0,221.67000000000002,108.0,30.0,24.932092772167323,215.44,437.11,138,78.0,-98.0,0.57
07:45:20,221.0,15.0,295.0,5.0,218.41,37.0,309.0,25.0,74.0,52.0,30.0,47.10808879587384,221.0,295.0,82,22.0,-91.0,0.27
07:45:21,219.4,25.0,292.8,10.0,215.46,65.0,295.0,10.0,73.4,90.0,20.0,57.9583232159105,219.4,292.8,110,70.0,28.0,0.64
07:45:22,215.35,78.0,260.83,24.0,214.19,86.0,267.83,24.0,45.47999999999999,164.0,48.0,67.14374825700429,215.35,260.83,212,116.0,102.0,0.55
07:45:23,217.88,16.0,241.2,30.0,215.82,51.0,245.61,28.0,23.319999999999993,67.0,58.0,57.25763416348947,217.88,241.2,125,9.0,-87.0,0.07
07:45:24,218.52,56.0,241.0,42.0,215.16,58.0,289.0,14.0,22.47999999999999,114.0,56.0,13.916925666253473,218.52,241.0,170,58.0,45.0,0.34
07:45:25,221.0,7.0,240.71,21.0,218.0,91.0,289.0,7.0,19.710000000000008,98.0,28.0,11.310198937243772,221.0,240.70999999999998,126,70.0,-44.0,0.56
07:45:29,221.59,78.0,235.07,14.0,221.22,85.0,269.0,28.0,13.47999999999999,163.0,42.0,1.2477058948472584,221.59,235.07,205,121.0,45.0,0.59
07:45:30,221.0,151.0,235.97,32.0,220.0,13.0,329.52,33.0,14.969999999999999,164.0,65.0,1.408960609824522,221.0,235.97,229,99.0,24.0,0.43
07:45:31,221.0,77.0,232.09,22.0,220.0,11.0,234.0,33.0,11.090000000000003,88.0,55.0,1.6547598013119835,221.0,232.09000000000003,143,33.0,-86.0,0.23
07:45:32,221.33,75.0,229.75,24.0,220.21,19.0,231.29,31.0,8.419999999999987,94.0,55.0,1.6726774943303324,221.33,229.75,149,39.0,6.0,0.26
07:45:33,221.0,49.0,228.1,20.0,219.0,21.0,229.2,15.0,7.099999999999994,70.0,35.0,1.7186768166354858,221.0,228.1,105,35.0,-44.0,0.33
07:45:34,221.0,59.0,227.04,25.0,219.0,33.0,228.2,30.0,6.039999999999992,92.0,55.0,1.7705564097314697,221.0,227.04,147,37.0,42.0,0.25
07:45:35,221.0,44.0,225.88,16.0,219.0,24.0,228.0,24.0,4.8799999999999955,68.0,40.0,1.237800468590266,221.0,225.88,108,28.0,-39.0,0.26
07:45:36,221.0,98.0,223.37,27.0,219.0,39.0,273.39,36.0,2.3700000000000045,137.0,63.0,1.2500679981677794,221.0,223.37,200,74.0,92.0,0.37
07:45:37,221.0,35.0,428.71,14.0,219.0,21.0,646.0,6.0,207.70999999999998,56.0,20.0,45.31571327917086,221.0,428.71,76,36.0,-124.0,0.47
07:45:39,220.21,14.0,433.0,16.0,218.2,15.0,0.0,0.0,212.79,29.0,16.0,68.98393994256902,220.21,433.0,45,13.0,9.0,0.29
07:45:40,219.0,6.0,271.0,12.0,218.0,12.0,0.0,0.0,52.0,18.0,12.0,63.89284662620664,219.0,271.0,30,6.0,-15.0,0.2
07:45:41,219.0,24.0,269.1,10.0,218.0,16.0,270.85,13.0,50.10000000000002,40.0,23.0,57.76602435688265,219.0,269.1,63,17.0,33.0,0.27
07:45:42,219.36,11.0,261.25,28.0,218.22,18.0,286.53,30.0,41.889999999999986,29.0,58.0,62.159026858534226,219.36,261.25,87,-29.0,24.0,-0.33
07:45:43,220.6,10.0,258.83,30.0,219.0,10.0,259.17,30.0,38.22999999999999,20.0,60.0,37.787411528179774,220.6,258.83,80,-40.0,-7.0,-0.5
07:45:44,221.57,7.0,255.6,10.0,219.0,7.0,257.09,11.0,34.03,14.0,21.0,2.8195442894259197,221.57,255.6,35,-7.0,-45.0,-0.2
07:45:46,218.17,36.0,250.78,46.0,217.71,51.0,251.91,23.0,32.610000000000014,87.0,69.0,2.3260954408704544,218.17,250.77999999999997,156,18.0,126.0,0.12
07:45:47,219.3,53.0,245.49,35.0,217.86,63.0,247.15,33.0,26.189999999999998,116.0,68.0,3.012918850556748,219.30000000000004,245.48999999999998,184,48.0,28.0,0.26
07:45:48,218.91,22.0,241.33,21.0,217.88,41.0,242.2,41.0,22.420000000000016,63.0,62.0,3.4607629216752818,218.90999999999997,241.33,125,1.0,-59.0,0.01
07:45:49,218.49,49.0,238.58,38.0,217.29,21.0,239.58,33.0,20.090000000000003,70.0,71.0,3.4593091795971094,218.49,238.58,141,-1.0,16.0,-0.01
07:45:50,219.0,33.0,236.12,41.0,218.0,10.0,237.07,29.0,17.120000000000005,43.0,70.0,2.8256379810667784,219.0,236.12,113,-27.0,-28.0,-0.24
07:45:51,219.0,36.0,232.48,27.0,218.0,12.0,233.52,27.0,13.47999999999999,48.0,54.0,2.5289068784850963,219.0,232.48,102,-6.0,-11.0,-0.06
07:45:52,219.0,27.0,228.9,20.0,218.0,10.0,229.9,20.0,9.900000000000006,37.0,40.0,2.4040070715476958,219.0,228.9,77,-3.0,-25.0,-0.04
07:45:53,219.0,30.0,224.95,44.0,218.0,15.0,227.09,35.0,5.949999999999989,45.0,79.0,2.6580763721257825,219.0,224.95,124,-34.0,47.0,-0.27
07:45:54,218.71,14.0,222.0,33.0,216.24,41.0,222.64,22.0,3.289999999999992,55.0,55.0,2.8722848048296683,218.71,222.0,110,0.0,-14.0,0.0
07:45:55,216.44,72.0,219.0,61.0,215.07,118.0,221.52,21.0,2.5600000000000023,190.0,82.0,3.1139203586569075,216.44,219.0,272,108.0,162.0,0.4
07:45:56,217.0,90.0,218.45,22.0,213.43,187.0,272.24,33.0,1.4499999999999886,277.0,55.0,2.7110090372516393,217.0,218.45,332,222.0,60.0,0.67
07:45:57,212.72,109.0,260.91,33.0,203.86,142.0,376.8,49.0,48.190000000000026,251.0,82.0,7.97845975110839,212.72,260.91,333,169.0,1.0,0.51
07:45:58,211.13,52.0,331.0,9.0,200.44,43.0,571.0,45.0,119.87,95.0,54.0,22.858259995022433,211.13,331.0,149,41.0,-168.0,0.28
07:45:59,212.64,22.0,326.35,78.0,211.44,64.0,463.03,66.0,113.71000000000004,86.0,144.0,26.47898657426356,212.64,326.35,230,-58.0,81.0,-0.25
07:46:04,221.19,59.0,242.3,40.0,219.91,22.0,248.43,42.0,21.110000000000014,81.0,82.0,1.3828340464577031,221.19,242.3,163,-1.0,7.0,-0.01
07:46:05,220.0,150.0,240.45,33.0,218.0,50.0,257.61,28.0,20.44999999999999,200.0,61.0,1.5994592836468338,220.0,240.45,261,139.0,98.0,0.53
07:46:06,220.0,120.0,235.25,24.0,218.0,40.0,238.75,24.0,15.25,160.0,48.0,2.689726751929556,220.0,235.25,208,112.0,-53.0,0.54
07:46:07,220.0,105.0,226.29,21.0,218.0,35.0,230.14,21.0,6.289999999999992,140.0,42.0,4.21262151160634,220.0,226.29000000000002,182,98.0,-26.0,0.54
07:46:08,220.0,180.0,224.33,43.0,218.0,60.0,225.47,40.0,4.3300000000000125,240.0,83.0,4.231066059523509,220.0,224.33,323,157.0,141.0,0.49
07:46:09,220.0,153.0,221.33,36.0,217.33,90.0,224.0,48.0,1.3300000000000125,243.0,84.0,4.006648225144655,220.0,221.33,327,159.0,4.0,0.49
07:46:10,219.38,132.0,221.0,45.0,216.86,144.0,224.0,60.0,1.6200000000000045,276.0,105.0,2.962132677659394,219.38,221.0,381,171.0,54.0,0.45
07:46:11,218.0,130.0,220.8,41.0,217.0,130.0,225.85,47.0,2.8000000000000114,260.0,88.0,1.5155428070694037,218.0,220.80000000000004,348,172.0,-33.0,0.49
07:46:12,218.0,60.0,221.0,18.0,217.0,60.0,410.0,30.0,3.0,120.0,48.0,1.1206382110479707,218.0,221.0,168,72.0,-168.0,0.43
07:46:13,218.62,53.0,221.0,39.0,217.79,97.0,432.96,51.0,2.3799999999999955,150.0,90.0,0.5230009560807847,218.62,221.0,240,60.0,72.0,0.25
07:46:14,218.43,49.0,232.32,41.0,217.92,53.0,288.55,55.0,13.889999999999986,102.0,96.0,2.543251855412713,218.43,232.31999999999996,198,6.0,-42.0,0.03
07:46:15,218.0,35.0,225.0,25.0,215.62,13.0,264.0,25.0,7.0,48.0,50.0,2.525159400921031,218.0,225.0,98,-2.0,-100.0,-0.02
07:46:16,218.24,83.0,225.0,65.0,217.76,37.0,315.69,65.0,6.759999999999991,120.0,130.0,2.3360971726491364,218.24,225.0,250,-10.0,152.0,-0.04
07:46:17,218.0,91.0,225.0,61.0,217.0,13.0,478.49,57.0,7.0,104.0,118.0,2.0487435173927397,218.0,225.0,222,-14.0,-28.0,-0.06
07:46:18,218.0,20.0,225.0,30.0,217.0,5.0,552.0,15.0,7.0,25.0,45.0,1.7180861445394218,218.0,225.0,70,-20.0,-152.0,-0.29
07:46:19,217.91,35.0,225.0,78.0,216.57,14.0,535.78,37.0,7.090000000000003,49.0,115.0,0.060663004041518996,217.91,225.0,164,-66.0,94.0,-0.4
07:46:20,217.0,10.0,225.0,30.0,216.0,20.0,351.61,46.0,8.0,30.0,76.0,0.24016660896026923,217.0,225.0,106,-46.0,-58.0,-0.43
07:46:21,218.91,85.0,223.35,62.0,216.89,19.0,224.32,59.0,4.439999999999998,104.0,121.0,0.23605084210738322,218.91,223.35,225,-17.0,119.0,-0.08
07:46:22,218.6,47.0,221.04,56.0,216.16,19.0,226.15,61.0,2.4399999999999977,66.0,117.0,0.6836080748938366,218.59999999999997,221.04,183,-51.0,-42.0,-0.28
07:46:23,218.07,28.0,221.0,33.0,216.18,39.0,227.0,33.0,2.930000000000007,67.0,66.0,0.853229160343569,218.07,221.0,133,1.0,-50.0,0.01
07:46:24,218.82,76.0,227.0,24.0,217.0,8.0,506.5,30.0,8.180000000000007,84.0,54.0,1.3338853024380295,218.82,227.0,138,30.0,5.0,0.22
07:46:25,219.0,62.0,227.0,36.0,217.0,12.0,630.03,58.0,8.0,74.0,94.0,1.6429394389507033,219.0,227.0,168,-20.0,30.0,-0.12
07:46:26,219.0,3.0,227.0,9.0,217.0,3.0,674.0,12.0,8.0,6.0,21.0,1.8050983352878998,219.0,227.0,27,-15.0,-141.0,-0.56
07:46:27,219.25,8.0,227.0,24.0,217.77,13.0,390.34,29.0,7.75,21.0,53.0,1.5525076489532224,219.25,227.0,74,-32.0,47.0,-0.43
07:46:28,220.0,13.0,227.0,39.0,219.0,13.0,283.31,42.0,7.0,26.0,81.0,0.23255106978293258,220.0,227.0,107,-55.0,33.0,-0.51
07:46:29,216.19,48.0,227.0,42.0,214.26,73.0,415.0,43.0,10.810000000000002,121.0,85.0,0.7293284582803067,216.18999999999997,227.0,206,36.0,99.0,0.17
07:46:30,215.68,22.0,226.53,17.0,213.43,47.0,262.14,21.0,10.849999999999994,69.0,38.0,1.047391999233345,215.68,226.53,107,31.0,-99.0,0.29
07:46:31,215.58,57.0,226.0,18.0,213.36,66.0,248.0,39.0,10.419999999999987,123.0,57.0,1.2171976010733088,215.58,226.0,180,66.0,73.0,0.37
07:46:32,216.7,110.0,225.0,20.0,213.28,72.0,228.0,50.0,8.300000000000011,182.0,70.0,1.1251311034982612,216.7,225.0,252,112.0,72.0,0.44
07:46:33,217.0,110.0,224.9,20.0,213.25,40.0,228.0,50.0,7.900000000000006,150.0,70.0,0.32112302947606747,217.0,224.9,220,80.0,-32.0,0.36
07:46:34,217.0,88.0,222.38,16.0,214.0,16.0,227.12,40.0,5.3799999999999955,104.0,56.0,0.5654378834676668,217.0,222.38,160,48.0,-60.0,0.3
07:46:35,217.06,94.0,222.71,28.0,214.86,28.0,246.18,51.0,5.650000000000006,122.0,79.0,0.5948781388324202,217.06,222.71,201,43.0,41.0,0.21
07:46:36,220.0,22.0,224.0,55.0,217.0,88.0,405.0,33.0,4.0,110.0,88.0,0.9284826331495871,220.0,224.0,198,22.0,-3.0,0.11
07:46:37,220.39,23.0,224.0,61.0,217.21,86.0,455.73,48.0,3.6100000000000136,109.0,109.0,1.1593230783780688,220.38999999999996,224.0,218,0.0,20.0,0.0
07:46:38,220.11,19.0,224.0,30.0,217.08,74.0,406.75,24.0,3.8899999999999864,93.0,54.0,1.260249975227017,220.11,224.0,147,39.0,-71.0,0.27
07:46:39,218.86,28.0,222.56,36.0,217.57,112.0,246.03,30.0,3.6999999999999886,140.0,66.0,1.0215429506679616,218.85999999999999,222.56,206,74.0,59.0,0.36
07:46:40,218.0,78.0,219.83,60.0,217.0,96.0,227.71,42.0,1.8300000000000125,174.0,102.0,1.3962557072612798,218.0,219.83,276,72.0,70.0,0.26
07:46:41,218.0,23.0,228.0,35.0,217.0,104.0,240.36,33.0,10.0,127.0,68.0,1.6004780536012966,218.0,228.0,195,59.0,-81.0,0.3
07:46:42,218.0,10.0,226.75,32.0,217.0,80.0,228.29,28.0,8.75,90.0,60.0,1.625475315118425,218.0,226.75,150,30.0,-45.0,0.2
07:46:43,218.71,55.0,225.86,28.0,216.89,88.0,230.43,42.0,7.150000000000006,143.0,70.0,1.6510966053079004,218.71,225.85999999999999,213,73.0,63.0,0.34
07:46:44,219.3,54.0,224.27,22.0,217.15,65.0,230.45,33.0,4.969999999999999,119.0,55.0,1.5984117116872476,219.3,224.27,174,64.0,-39.0,0.37
07:46:52,220.0,24.0,226.0,32.0,219.0,32.0,227.0,24.0,6.0,56.0,56.0,0.9893937537981065,220.0,226.0,112,0.0,21.0,0.0
07:46:53,220.0,11.0,225.45,44.0,217.17,59.0,227.64,33.0,5.449999999999989,70.0,77.0,1.230256070928052,220.0,225.45,147,-7.0,35.0,-0.05
07:46:54,220.0,9.0,225.0,36.0,219.0,9.0,230.0,27.0,5.0,18.0,63.0,0.9821507012960091,220.0,225.0,81,-45.0,-66.0,-0.56
07:46:55,217.68,31.0,224.36,44.0,214.2,15.0,230.0,33.0,6.680000000000007,46.0,77.0,1.3073561106512475,217.68,224.36,123,-31.0,42.0,-0.25
07:46:56,217.0,74.0,220.5,56.0,210.0,28.0,221.96,54.0,3.5,102.0,110.0,1.7681770273529827,217.0,220.5,212,-8.0,89.0,-0.04
07:46:57,212.06,17.0,218.67,43.0,130.06,48.0,234.61,38.0,6.609999999999985,65.0,81.0,3.070639998446741,212.06,218.67,146,-16.0,-66.0,-0.11
07:46:58,214.0,81.0,313.7,27.0,210.0,18.0,370.17,23.0,99.69999999999999,99.0,50.0,20.05510084741658,214.0,313.7,149,49.0,3.0,0.33
07:46:59,214.0,110.0,245.8,35.0,210.0,22.0,285.94,34.0,31.80000000000001,132.0,69.0,19.791575733125622,214.0,245.8,201,63.0,52.0,0.31
07:47:00,216.56,27.0,242.44,25.0,214.51,41.0,312.9,20.0,25.879999999999995,68.0,45.0,19.208191742067875,216.56,242.44,113,23.0,-88.0,0.2
07:47:01,216.63,57.0,228.28,46.0,215.21,103.0,239.78,49.0,11.650000000000006,160.0,95.0,18.657556914023964,216.63,228.27999999999997,255,65.0,142.0,0.25
07:47:02,219.56,27.0,225.56,27.0,218.0,90.0,226.5,24.0,6.0,117.0,51.0,17.259266496582097,219.56,225.56,168,66.0,-87.0,0.39
07:47:03,220.0,36.0,223.58,36.0,217.41,51.0,225.0,36.0,3.5800000000000125,87.0,72.0,4.082783364330412,220.0,223.58,159,15.0,-9.0,0.09
07:47:04,219.29,80.0,221.18,33.0,217.47,45.0,223.13,30.0,1.8900000000000148,125.0,63.0,3.5846157395257836,219.29000000000002,221.18,188,62.0,29.0,0.33
07:47:05,220.0,43.0,221.0,21.0,218.0,21.0,225.0,14.0,1.0,64.0,35.0,1.088792909629107,220.0,221.0,99,29.0,-89.0,0.29
07:47:06,220.0,25.0,224.48,23.0,218.0,33.0,376.29,31.0,4.47999999999999,58.0,54.0,1.0442365632646093,220.0,224.48,112,4.0,13.0,0.04
07:47:07,220.88,16.0,225.0,16.0,218.0,24.0,414.71,28.0,4.1200000000000045,40.0,44.0,1.1521935601532298,220.88,225.0,84,-4.0,-28.0,-0.05
07:47:12,219.28,106.0,415.79,38.0,218.89,135.0,536.33,36.0,196.51000000000002,241.0,74.0,100.99829538165466,219.28,415.79,315,167.0,74.0,0.53
07:47:13,219.16,172.0,379.25,32.0,218.71,84.0,564.12,32.0,160.09,256.0,64.0,94.21088084717148,219.15999999999997,379.25,320,192.0,5.0,0.6
07:47:14,219.0,138.0,307.67,12.0,218.0,18.0,468.0,10.0,88.67000000000002,156.0,22.0,87.3375075783591,219.0,307.67,178,134.0,-142.0,0.75
07:47:15,219.0,207.0,298.53,17.0,218.0,27.0,304.78,18.0,79.52999999999997,234.0,35.0,79.79393604779703,219.0,298.53,269,199.0,91.0,0.74
07:47:16,219.0,272.0,239.78,23.0,216.75,72.0,276.65,23.0,20.78,344.0,46.0,34.879422730314545,219.0,239.77999999999997,390,298.0,121.0,0.76
07:47:17,219.27,226.0,237.64,28.0,217.29,102.0,281.71,28.0,18.369999999999976,328.0,56.0,29.13129640095005,219.27,237.64000000000001,384,272.0,-6.0,0.71
07:47:30,220.0,17.0,223.18,55.0,219.0,187.0,224.38,68.0,3.180000000000007,204.0,123.0,1.4681723332249526,220.0,223.18,327,81.0,168.0,0.25
07:47:31,219.0,97.0,220.85,41.0,218.0,30.0,222.51,41.0,1.8499999999999943,127.0,82.0,2.04115163573131,219.0,220.85000000000002,209,45.0,-118.0,0.22
07:47:32,217.28,58.0,221.58,12.0,214.32,53.0,223.0,12.0,4.300000000000011,111.0,24.0,2.2538012334830944,217.28,221.58,135,87.0,-74.0,0.64
07:47:33,217.0,12.0,220.14,7.0,214.0,42.0,221.86,7.0,3.1399999999999864,54.0,14.0,2.088894444449384,217.0,220.14000000000001,68,40.0,-67.0,0.59
07:47:34,217.0,16.0,218.25,16.0,214.0,96.0,221.0,16.0,1.25,112.0,32.0,1.4942623598462208,217.0,218.25,144,80.0,76.0,0.56
07:47:35,214.16,69.0,221.77,22.0,213.25,73.0,232.2,60.0,7.610000000000014,142.0,82.0,0.9697834810173699,214.16,221.77,224,60.0,80.0,0.27
07:47:36,219.0,12.0,226.25,60.0,214.0,72.0,316.0,48.0,7.25,84.0,108.0,2.0091465850090233,219.0,226.25,192,-24.0,-32.0,-0.12
07:47:37,219.0,12.0,226.0,60.0,214.0,72.0,286.53,34.0,7.0,84.0,94.0,2.492033306369029,219.0,226.0,178,-10.0,-14.0,-0.06
07:47:38,214.71,68.0,226.0,65.0,212.98,117.0,404.79,28.0,11.289999999999992,185.0,93.0,2.3873353346465707,214.71,226.0,278,92.0,100.0,0.33
07:47:39,213.0,99.0,226.0,45.0,211.0,81.0,436.0,33.0,13.0,180.0,78.0,1.9924281668485664,213.0,226.0,258,102.0,-20.0,0.4
07:47:40,213.0,176.0,226.0,80.0,211.0,144.0,512.75,32.0,13.0,320.0,112.0,1.5605063281035112,213.0,226.0,432,208.0,168.0,0.48
07:47:41,215.3,60.0,226.0,60.0,213.37,105.0,370.08,24.0,10.699999999999989,165.0,84.0,1.2293290853354275,215.3,226.0,249,81.0,-168.0,0.33
07:47:42,220.56,16.0,226.0,80.0,219.0,25.0,364.0,32.0,5.439999999999998,41.0,112.0,1.5533608724476822,220.56,226.0,153,-71.0,-96.0,-0.46
07:47:46,219.27,75.0,224.91,47.0,218.47,75.0,377.49,53.0,5.639999999999986,150.0,100.0,0.942878571210174,219.27,224.91,250,50.0,108.0,0.2
07:47:47,219.0,77.0,227.45,22.0,218.0,44.0,394.37,35.0,8.449999999999989,121.0,57.0,0.947480870544285,219.0,227.45,178,64.0,-72.0,0.36
07:47:48,219.0,42.0,228.0,12.0,218.0,24.0,315.0,18.0,9.0,66.0,30.0,0.8750542840576021,219.0,228.0,96,36.0,-82.0,0.38
07:47:49,219.0,70.0,228.0,22.0,218.0,44.0,357.25,51.0,9.0,114.0,73.0,0.7887141434307735,219.0,228.0,187,41.0,91.0,0.22
07:47:50,218.79,56.0,227.82,17.0,214.75,61.0,330.0,27.0,9.030000000000001,117.0,44.0,0.5903642943539205,218.79,227.82,161,73.0,-26.0,0.45
07:47:51,219.0,98.0,226.17,24.0,218.0,56.0,227.89,18.0,7.1699999999999875,154.0,42.0,0.37844418353023274,219.0,226.17,196,112.0,35.0,0.57
07:47:52,219.0,91.0,225.69,26.0,218.0,52.0,227.0,13.0,6.689999999999998,143.0,39.0,0.542752245548662,219.0,225.69,182,104.0,-14.0,0.57
07:47:53,219.0,70.0,223.0,30.0,218.0,92.0,223.87,30.0,4.0,162.0,60.0,0.988473570738646,219.0,223.0,222,102.0,40.0,0.46
07:47:54,219.0,19.0,220.72,29.0,218.0,110.0,221.74,19.0,1.7199999999999989,129.0,48.0,1.3750345450387051,219.0,220.72,177,81.0,-45.0,0.46
07:47:55,218.04,73.0,219.5,30.0,216.09,44.0,314.81,26.0,1.460000000000008,117.0,56.0,1.624244439747604,218.04,219.5,173,61.0,-4.0,0.35
07:47:56,218.0,31.0,353.17,18.0,212.0,8.0,519.53,17.0,135.17000000000002,39.0,35.0,29.137264284761418,218.0,353.17,74,4.0,-99.0,0.05
07:47:57,218.0,61.0,318.76,21.0,212.0,18.0,409.48,31.0,100.75999999999999,79.0,52.0,31.872228036333144,218.0,318.76,131,27.0,57.0,0.21
07:47:58,218.09,57.0,226.0,24.0,215.0,36.0,372.92,39.0,7.909999999999997,93.0,63.0,31.697979115395043,218.09000000000003,226.0,156,30.0,25.0,0.19
07:47:59,220.53,15.0,226.0,18.0,215.3,23.0,265.67,30.0,5.469999999999999,38.0,48.0,31.108840704854615,220.53,226.0,86,-10.0,-70.0,-0.12
07:48:01,219.33,43.0,226.0,22.0,215.08,48.0,408.26,35.0,6.6699999999999875,91.0,57.0,20.29512305949476,219.33,226.0,148,34.0,45.0,0.23
07:48:02,217.0,30.0,226.0,12.0,214.0,48.0,453.4,15.0,9.0,78.0,27.0,1.040471047193863,217.0,226.0,105,51.0,-43.0,0.49
07:48:03,217.37,19.0,226.0,14.0,216.87,23.0,425.0,28.0,8.629999999999995,42.0,42.0,1.1099459446517124,217.36999999999998,226.0,84,0.0,-21.0,0.0
07:48:04,217.5,20.0,226.0,20.0,216.83,30.0,425.0,40.0,8.5,50.0,60.0,1.1072036849871794,217.5,226.0,110,-10.0,26.0,-0.09
07:48:05,217.0,10.0,226.0,16.0,216.0,8.0,408.33,36.0,9.0,18.0,52.0,0.48344596394002415,217.0,226.0,70,-34.0,-40.0,-0.49
07:48:06,217.0,9.0,225.36,22.0,216.0,9.0,346.78,36.0,8.360000000000014,18.0,58.0,0.22072607469504088,217.0,225.36,76,-40.0,6.0,-0.53
07:48:07,217.0,7.0,223.0,10.0,216.0,5.0,225.0,20.0,6.0,12.0,30.0,0.7177882696524468,217.0,223.0,42,-18.0,-34.0,-0.43
07:48:08,217.0,9.0,222.2,30.0,216.0,9.0,225.0,24.0,5.199999999999989,18.0,54.0,0.9508837994472129,217.0,222.2,72,-36.0,30.0,-0.5
07:48:09,218.25,8.0,221.11,27.0,216.62,8.0,223.33,24.0,2.8600000000000136,16.0,51.0,0.8855055053762679,218.25,221.11,67,-35.0,-5.0,-0.52
07:48:10,217.69,16.0,343.28,53.0,216.69,16.0,473.82,49.0,125.58999999999997,32.0,102.0,27.00793587077763,217.69,343.28000000000003,134,-70.0,67.0,-0.52
07:48:11,219.68,22.0,407.32,34.0,216.67,27.0,483.33,39.0,187.64,49.0,73.0,43.883977486094096,219.68,407.32,122,-24.0,-12.0,-0.2
07:48:12,216.0,12.0,224.53,17.0,213.58,60.0,226.97,32.0,8.530000000000001,72.0,49.0,43.83870413230772,216.0,224.53,121,23.0,-1.0,0.19
07:48:13,210.92,13.0,217.69,16.0,201.62,26.0,219.42,19.0,6.77000000000001,39.0,35.0,44.82972417938811,210.92000000000002,217.69,74,4.0,-47.0,0.05
07:48:14,207.97,29.0,211.62,29.0,166.53,15.0,212.5,28.0,3.6500000000000057,44.0,57.0,46.66324410068397,207.97,211.62,101,-13.0,27.0,-0.13
07:48:15,190.5,10.0,207.7,10.0,107.0,12.0,209.33,12.0,17.19999999999999,22.0,22.0,46.54798459654336,190.5,207.7,44,0.0,-57.0,0.0
07:48:16,201.0,6.0,208.0,11.0,19.67,12.0,209.0,6.0,7.0,18.0,17.0,8.247961566354743,201.0,208.0,35,1.0,-9.0,0.03
07:48:17,201.0,4.0,208.0,4.0,140.75,8.0,209.0,4.0,7.0,12.0,8.0,5.800047413605253,201.0,208.0,20,4.0,-15.0,0.2
07:48:18,186.0,12.0,208.0,8.0,148.67,12.0,209.0,8.0,22.0,24.0,16.0,5.045088700912349,186.0,208.0,40,8.0,20.0,0.2
07:48:23,169.95,38.0,206.93,14.0,160.75,8.0,208.25,8.0,36.98000000000002,46.0,22.0,5.040920550861837,169.95,206.93,68,24.0,25.0,0.35
07:48:24,170.91,43.0,207.53,17.0,171.13,23.0,208.69,13.0,36.620000000000005,66.0,30.0,5.834541970034949,170.91,207.53,96,36.0,28.0,0.38
07:48:25,175.45,44.0,208.0,12.0,174.38,47.0,209.0,12.0,32.55000000000001,91.0,24.0,5.120571257203172,175.45,208.0,115,67.0,19.0,0.58
07:48:26,178.38,40.0,208.0,9.0,176.62,39.0,209.0,9.0,29.620000000000005,79.0,18.0,2.5677869849524457,178.38,208.0,97,61.0,-18.0,0.63
07:48:27,181.2,30.0,208.0,8.0,180.31,26.0,209.0,8.0,26.80000000000001,56.0,16.0,2.600986351384626,181.2,208.0,72,40.0,-25.0,0.56
07:48:28,186.6,90.0,208.0,12.0,185.01,77.0,209.0,12.0,21.400000000000006,167.0,24.0,3.0319581131814464,186.6,208.0,191,143.0,119.0,0.75
07:48:29,202.3,46.0,208.0,9.0,189.8,79.0,209.0,9.0,5.699999999999989,125.0,18.0,5.308609045699498,202.3,208.0,143,107.0,-48.0,0.75
07:48:30,206.44,55.0,212.93,69.0,205.58,154.0,436.45,51.0,6.490000000000009,209.0,120.0,7.124775785951276,206.44000000000003,212.93,329,89.0,168.0,0.27
07:48:31,209.74,57.0,213.0,90.0,208.28,47.0,520.09,55.0,3.259999999999991,104.0,145.0,7.423439229903661,209.74,213.0,249,-41.0,-80.0,-0.16
07:48:32,211.83,36.0,274.69,71.0,210.72,58.0,531.59,44.0,62.859999999999985,94.0,115.0,17.584367204993736,211.83,274.69,209,-21.0,-40.0,-0.1
07:48:44,218.57,21.0,250.0,15.0,217.33,27.0,250.67,30.0,31.430000000000007,48.0,45.0,4.146725213950662,218.57000000000002,250.0,93,3.0,-63.0,0.03
07:48:45,216.0,28.0,247.77,13.0,214.88,24.0,249.95,37.0,31.77000000000001,52.0,50.0,3.6421394811316112,216.0,247.77,102,2.0,9.0,0.02
07:48:46,216.7,40.0,245.31,16.0,215.0,30.0,246.44,16.0,28.610000000000014,70.0,32.0,3.6904295143004697,216.7,245.31,102,38.0,0.0,0.37
07:48:47,219.22,27.0,239.67,12.0,218.7,60.0,244.5,12.0,20.44999999999999,87.0,24.0,3.313498151504303,219.22,239.67,111,63.0,9.0,0.57
07:48:48,220.11,9.0,235.52,27.0,219.0,60.0,236.67,12.0,15.409999999999997,69.0,39.0,2.456792624546255,220.11,235.52,108,30.0,-3.0,0.28
07:48:49,220.43,68.0,233.37,35.0,218.63,41.0,234.82,17.0,12.939999999999998,109.0,52.0,2.092957237983289,220.43,233.37,161,57.0,53.0,0.35
07:48:52,220.62,78.0,223.4,25.0,217.77,77.0,393.31,35.0,2.780000000000001,155.0,60.0,2.3110668532154675,220.62,223.4,215,95.0,25.0,0.44
07:48:53,218.0,63.0,221.57,14.0,216.0,21.0,363.14,28.0,3.569999999999993,84.0,42.0,3.0263096338664996,218.0,221.57,126,42.0,-89.0,0.33
07:48:54,218.0,108.0,220.67,24.0,215.45,31.0,589.0,8.0,2.6699999999999875,139.0,32.0,3.0746999853701134,218.0,220.67,171,107.0,45.0,0.63
07:48:55,218.0,34.0,425.0,24.0,216.0,18.0,507.0,4.0,207.0,52.0,28.0,44.8050642226971,218.0,425.0,80,24.0,-91.0,0.3
07:48:57,218.0,20.0,286.92,24.0,216.0,20.0,376.11,36.0,68.92000000000002,40.0,60.0,61.285196989158614,218.0,286.92,100,-20.0,60.0,-0.2
07:48:58,221.41,41.0,363.0,19.0,217.0,28.0,608.58,38.0,141.59,69.0,57.0,53.51656818219903,221.41,363.0,126,12.0,26.0,0.1
07:48:59,220.22,27.0,375.0,9.0,216.47,34.0,412.22,36.0,154.78,61.0,45.0,37.507877439278545,220.22,375.0,106,16.0,-20.0,0.15
07:49:00,218.0,16.0,266.5,8.0,217.0,16.0,379.73,11.0,48.5,32.0,19.0,44.16800731298571,218.0,266.5,51,13.0,-55.0,0.25
07:49:01,216.21,39.0,251.0,9.0,214.1,123.0,393.22,9.0,34.78999999999999,162.0,18.0,29.390180843267796,216.21,251.0,180,144.0,129.0,0.8
07:49:02,216.44,36.0,286.8,15.0,214.74,108.0,366.0,12.0,70.36000000000001,144.0,27.0,29.472250847194985,216.44,286.8,171,117.0,-9.0,0.68
07:49:03,217.7,47.0,291.0,14.0,214.32,162.0,367.36,14.0,73.30000000000001,209.0,28.0,24.718700006270435,217.7,291.0,237,181.0,66.0,0.76
07:49:12,221.15,52.0,223.56,32.0,219.06,68.0,224.63,43.0,2.4099999999999966,120.0,75.0,0.43257369317611394,221.15000000000003,223.56,195,45.0,-32.0,0.23
07:49:13,219.8,30.0,222.33,36.0,217.09,66.0,293.12,34.0,2.530000000000001,96.0,70.0,0.8194815434337368,219.8,222.33,166,26.0,-29.0,0.16
07:49:14,218.0,44.0,319.94,33.0,216.0,110.0,438.58,24.0,101.94,154.0,57.0,20.864797386987,218.0,319.94,211,97.0,45.0,0.46
07:49:15,218.0,52.0,351.57,28.0,216.0,197.0,356.8,50.0,133.57,249.0,78.0,30.505705531916593,218.0,351.57,327,171.0,116.0,0.52
07:49:16,218.0,61.0,348.23,26.0,216.0,260.0,457.89,36.0,130.23000000000002,321.0,62.0,31.954321616958065,218.0,348.22999999999996,383,259.0,56.0,0.68
07:49:17,218.0,77.0,315.18,22.0,216.0,214.0,405.85,26.0,97.18,291.0,48.0,25.82668232661685,218.0,315.18,339,243.0,-44.0,0.72
07:49:18,218.23,66.0,345.62,26.0,216.36,195.0,400.85,26.0,127.39000000000001,261.0,52.0,8.590161232478062,218.23,345.62,313,209.0,-26.0,0.67
07:49:19,218.0,27.0,329.61,33.0,216.0,180.0,358.11,18.0,111.61000000000001,207.0,51.0,7.67305871214133,218.0,329.61,258,156.0,-55.0,0.6
07:49:20,218.85,33.0,272.9,20.0,216.69,61.0,311.23,26.0,54.04999999999998,94.0,46.0,15.183937236434353,218.85,272.9,140,48.0,-118.0,0.34
07:49:21,218.0,24.0,252.92,24.0,216.0,240.0,319.0,24.0,34.91999999999999,264.0,48.0,19.45233327906937,218.0,252.92,312,216.0,168.0,0.69
07:49:22,218.0,24.0,251.25,24.0,216.0,240.0,319.0,24.0,33.25,264.0,48.0,22.115726983303045,218.0,251.25,312,216.0,0.0,0.69
07:49:23,216.11,106.0,250.78,18.0,215.67,90.0,310.5,16.0,34.66999999999999,196.0,34.0,17.041914505125636,216.10999999999999,250.78,230,162.0,-82.0,0.7
07:49:24,216.67,180.0,248.33,54.0,215.74,188.0,249.33,36.0,31.660000000000025,368.0,90.0,5.423177113097344,216.67,248.33000000000004,458,278.0,168.0,0.61
07:49:25,220.78,95.0,246.33,24.0,215.97,226.0,248.0,48.0,25.55000000000001,321.0,72.0,1.1432934881412933,220.77999999999997,246.33,393,249.0,-65.0,0.63
07:49:35,219.19,96.0,223.31,29.0,217.56,208.0,271.1,40.0,4.1200000000000045,304.0,69.0,1.9517479345551754,219.18999999999997,223.31,373,235.0,124.0,0.63
07:49:36,219.0,162.0,222.0,27.0,216.0,180.0,223.0,18.0,3.0,342.0,45.0,1.8344154382369795,219.0,222.0,387,297.0,14.0,0.77
07:49:37,219.0,121.0,221.04,25.0,216.0,92.0,222.08,25.0,2.039999999999992,213.0,50.0,1.8797420035854626,219.0,221.04,263,163.0,-124.0,0.62
07:49:38,219.0,24.0,221.62,24.0,216.31,32.0,479.11,19.0,2.6200000000000045,56.0,43.0,1.4378282234135733,219.0,221.62,99,13.0,-164.0,0.13
07:49:39,218.93,29.0,221.0,24.0,216.5,24.0,440.05,19.0,2.069999999999993,53.0,43.0,0.5170589908759626,218.93,221.0,96,10.0,-3.0,0.1
07:49:40,219.0,51.0,220.78,27.0,218.0,9.0,369.0,18.0,1.7800000000000011,60.0,45.0,0.25704085287372413,219.0,220.78,105,15.0,9.0,0.14
07:49:41,217.48,48.0,220.0,36.0,215.85,13.0,517.0,60.0,2.5200000000000102,61.0,96.0,0.6058300091993949,217.48,220.0,157,-35.0,52.0,-0.22
07:49:42,217.0,40.0,220.0,24.0,213.56,18.0,466.82,22.0,3.0,58.0,46.0,0.8070130110766288,217.0,220.0,104,12.0,-53.0,0.12
07:49:43,217.0,50.0,220.0,20.0,216.0,30.0,479.57,47.0,3.0,80.0,67.0,0.7464248120524151,217.0,220.0,147,13.0,43.0,0.09
07:49:44,217.0,26.0,220.0,12.0,216.0,18.0,482.0,30.0,3.0,44.0,42.0,0.6038046041956799,217.0,220.0,86,2.0,-61.0,0.02
07:49:45,212.0,61.0,218.67,24.0,193.71,14.0,490.67,51.0,6.6699999999999875,75.0,75.0,1.4482334066196652,212.0,218.67,150,0.0,64.0,0.0
07:49:46,210.22,9.0,212.75,24.0,160.22,9.0,416.89,27.0,2.530000000000001,18.0,51.0,3.1009079315663737,210.22,212.75,69,-33.0,-81.0,-0.48
07:49:47,210.0,7.0,211.0,25.0,193.29,7.0,256.65,17.0,1.0,14.0,42.0,3.7777810947768726,210.0,211.0,56,-28.0,-13.0,-0.5
07:49:48,210.0,5.0,211.0,24.0,209.0,5.0,224.0,10.0,1.0,10.0,34.0,3.53943922112753,210.0,211.0,44,-24.0,-12.0,-0.55
07:49:49,210.0,10.0,211.0,40.0,204.0,10.0,308.85,13.0,1.0,20.0,53.0,2.0937120145946935,210.0,211.0,73,-33.0,29.0,-0.45
07:49:50,210.0,8.0,274.75,16.0,118.25,8.0,484.76,21.0,64.75,16.0,37.0,14.152977778547175,210.0,274.75,53,-21.0,-20.0,-0.4
07:49:51,175.31,13.0,386.72,46.0,84.21,14.0,454.49,41.0,211.41000000000003,27.0,87.0,31.189950625161785,175.31,386.7200000000001,114,-60.0,61.0,-0.53
07:49:52,210.73,37.0,213.52,31.0,172.85,13.0,291.0,40.0,2.7900000000000205,50.0,71.0,30.931387295108983,210.73,213.52,121,-21.0,7.0,-0.17
07:49:53,209.96,75.0,213.29,42.0,198.83,18.0,231.0,27.0,3.329999999999984,93.0,69.0,30.746584851004656,209.96,213.29000000000002,162,24.0,41.0,0.15
07:49:54,211.9,50.0,213.13,31.0,210.07,43.0,214.24,41.0,1.2299999999999898,93.0,72.0,30.414295487484637,211.9,213.13,165,21.0,3.0,0.13
07:49:55,211.54,13.0,214.0,28.0,207.29,7.0,216.0,35.0,2.460000000000008,20.0,63.0,30.751226479606252,211.54,214.0,83,-43.0,-82.0,-0.52
07:49:56,212.03,58.0,214.0,40.0,211.64,22.0,216.0,50.0,1.9699999999999989,80.0,90.0,0.5522408895185522,212.03,214.0,170,-10.0,87.0,-0.06
07:49:57,213.0,12.0,214.52,27.0,212.0,84.0,329.2,61.0,1.5200000000000102,96.0,88.0,0.7789287515914269,213.0,214.52,184,8.0,14.0,0.04
07:49:58,213.0,5.0,286.95,21.0,212.0,35.0,556.0,17.0,73.94999999999999,40.0,38.0,16.53782845478949,213.0,286.95,78,2.0,-106.0,0.03
07:49:59,219.76,108.0,283.0,85.0,217.02,53.0,451.01,67.0,63.24000000000001,161.0,152.0,20.54695889906908,219.76,283.0,313,9.0,168.0,0.03
07:50:12,211.34,38.0,234.91,43.0,206.84,44.0,235.81,32.0,23.569999999999993,82.0,75.0,8.431131003609517,211.34,234.90999999999997,157,7.0,69.0,0.04
07:50:13,206.78,36.0,234.55,22.0,186.56,57.0,396.78,27.0,27.77000000000001,93.0,49.0,7.8541059325700475,206.78,234.55,142,44.0,-15.0,0.31
07:50:14,207.88,32.0,234.3,20.0,192.58,38.0,402.25,24.0,26.420000000000016,70.0,44.0,5.763690657906365,207.88,234.3,114,26.0,-28.0,0.23
07:50:15,215.26,47.0,229.72,18.0,199.83,48.0,231.57,14.0,14.460000000000008,95.0,32.0,3.367962291956405,215.26,229.72,127,63.0,13.0,0.5
07:50:16,219.0,90.0,227.59,32.0,208.0,60.0,228.55,22.0,8.590000000000003,150.0,54.0,1.1959389616706044,219.0,227.59,204,96.0,77.0,0.47
07:50:17,219.0,70.0,223.55,29.0,214.0,40.0,224.31,35.0,4.550000000000011,110.0,64.0,1.0947282768076452,219.0,223.55,174,46.0,-30.0,0.26
07:50:18,218.41,94.0,220.24,34.0,217.2,80.0,222.15,13.0,1.8300000000000125,174.0,47.0,1.5120747336168838,218.41,220.24,221,127.0,47.0,0.57
07:50:19,218.0,106.0,219.0,30.0,216.0,40.0,222.0,10.0,1.0,146.0,40.0,2.038712829224177,218.0,219.0,186,106.0,-35.0,0.57
07:50:20,218.0,72.0,220.9,10.0,216.0,32.0,354.55,29.0,2.9000000000000057,104.0,39.0,1.925998442378405,218.0,220.9,143,65.0,-43.0,0.45
07:50:21,218.0,81.0,219.82,11.0,216.0,44.0,439.81,42.0,1.8199999999999932,125.0,53.0,1.066269196800316,218.0,219.82,178,72.0,35.0,0.4
07:50:22,218.0,18.0,219.0,6.0,216.0,24.0,361.77,22.0,1.0,42.0,28.0,0.4472918510837576,218.0,219.0,70,14.0,-108.0,0.2
07:50:26,221.11,38.0,237.2,75.0,219.0,30.0,372.27,45.0,16.089999999999975,68.0,120.0,86.61190004843398,221.11,237.2,188,-52.0,38.0,-0.28
07:50:28,218.62,64.0,421.4,35.0,215.11,18.0,568.45,33.0,202.77999999999997,82.0,68.0,53.60609088527081,218.62,421.4,150,14.0,14.0,0.09
07:50:29,219.0,98.0,336.5,36.0,216.0,24.0,414.58,38.0,117.5,122.0,74.0,45.76334865369819,219.0,336.5,196,48.0,46.0,0.24
07:50:30,219.0,80.0,280.88,24.0,216.0,16.0,309.83,29.0,61.879999999999995,96.0,53.0,39.9381261453259,219.0,280.88,149,43.0,-47.0,0.29
07:50:31,219.1,60.0,279.0,45.0,217.38,26.0,280.0,27.0,59.900000000000006,86.0,72.0,34.38817849203356,219.1,279.0,158,14.0,9.0,0.09
07:50:32,220.09,33.0,260.58,36.0,219.0,66.0,254.5,42.0,40.48999999999998,99.0,78.0,32.59122075037967,220.09,260.58,177,21.0,19.0,0.12
07:50:34,221.4,30.0,223.27,22.0,218.86,56.0,224.91,33.0,1.8700000000000045,86.0,55.0,13.596471968860861,221.4,223.27,141,31.0,6.0,0.22
07:50:35,219.25,24.0,221.0,65.0,218.39,92.0,223.0,65.0,1.75,116.0,130.0,12.972437319178967,219.25,221.0,246,-14.0,105.0,-0.06
07:50:36,218.09,46.0,220.0,55.0,217.48,67.0,300.52,48.0,1.9099999999999966,113.0,103.0,8.752347113776699,218.08999999999997,220.0,216,10.0,-30.0,0.05
07:50:37,217.32,22.0,219.91,47.0,216.85,41.0,335.24,37.0,2.5900000000000034,63.0,84.0,1.9094763680237234,217.32,219.91,147,-21.0,-69.0,-0.14
07:50:38,216.22,23.0,218.0,20.0,214.07,56.0,372.49,41.0,1.7800000000000011,79.0,61.0,1.9450912575101948,216.22000000000003,218.0,140,18.0,-7.0,0.13
07:50:39,216.0,20.0,218.0,20.0,214.0,60.0,398.8,40.0,2.0,80.0,60.0,1.3264689970157748,216.0,218.0,140,20.0,0.0,0.14
07:50:40,214.34,58.0,218.0,26.0,172.73,55.0,228.0,52.0,3.6599999999999966,113.0,78.0,1.1998208199748472,214.33999999999997,218.0,191,35.0,51.0,0.18
07:50:41,214.0,96.0,217.12,32.0,90.49,80.0,221.72,36.0,3.1200000000000045,176.0,68.0,1.1554955647020269,214.0,217.12,244,108.0,53.0,0.44
07:50:42,214.0,48.0,217.0,16.0,117.27,44.0,221.0,16.0,3.0,92.0,32.0,0.7657480003544792,214.0,217.0,124,60.0,-120.0,0.48
07:50:43,214.0,72.0,216.73,22.0,209.6,30.0,223.29,28.0,2.7299999999999898,102.0,50.0,0.6797940865051347,214.0,216.73,152,52.0,28.0,0.34
07:50:44,215.1,31.0,226.96,53.0,181.88,42.0,357.06,17.0,11.860000000000014,73.0,70.0,2.4270414088033667,215.1,226.96,143,3.0,-9.0,0.02
