Time,Bid1_Price,Bid1_Volume,Ask1_Price,Ask1_Volume,Bid2_Price,Bid2_Volume,Ask2_Price,Ask2_Volume,Bid_Ask_Spread,Market_Depth_Bid,Market_Depth_Ask,Historical_Volatility,Weighted_Avg_Bid_Price,Weighted_Avg_Ask_Price,Total_volume,Cumulative_Volume_Difference,Total_Volume_Change_Corrected,Order_imbalance
07:30:04,92.0,12.0,340.67,15.0,45.0,9.0,0.0,0.0,248.67000000000002,21.0,15.0,119.3828848704872,92.0,340.67,36,6.0,-9.0,0.17
07:30:05,92.0,8.0,301.5,10.0,24.0,6.0,0.0,0.0,209.5,14.0,10.0,89.41051084743897,92.0,301.5,24,4.0,-12.0,0.17
07:30:06,92.0,8.0,115.83,6.0,24.0,6.0,121.0,10.0,23.83,14.0,16.0,121.69362485356415,92.0,115.83,30,-2.0,6.0,-0.07
07:30:07,98.55,44.0,112.26,19.0,81.14,44.0,114.76,38.0,13.710000000000008,88.0,57.0,117.20500642037445,98.55,112.26,145,31.0,115.0,0.21
07:30:08,94.0,36.0,101.11,18.0,20.56,18.0,104.29,17.0,7.109999999999999,54.0,35.0,57.59173352140065,94.0,101.11,89,19.0,-56.0,0.21
07:30:13,97.58,12.0,103.0,40.0,94.0,32.0,104.0,8.0,5.420000000000002,44.0,48.0,1.764587770565913,97.58,103.0,92,-4.0,-13.0,-0.04
07:30:14,101.4,10.0,103.0,34.0,98.71,14.0,104.0,7.0,1.5999999999999943,24.0,41.0,2.6150468447105535,101.4,103.0,65,-17.0,-27.0,-0.26
07:30:15,101.0,4.0,103.0,8.0,94.0,8.0,104.0,2.0,2.0,12.0,10.0,2.5055298840824967,101.0,103.0,22,2.0,-43.0,0.09
07:30:16,101.8,10.0,103.0,12.0,97.5,8.0,104.0,3.0,1.2000000000000028,18.0,15.0,1.9606886545370465,101.8,103.0,33,3.0,11.0,0.09
07:30:17,103.27,15.0,109.52,21.0,101.82,17.0,113.36,14.0,6.25,32.0,35.0,2.2538456025269404,103.27,109.52000000000001,67,-3.0,34.0,-0.04
07:30:18,107.78,18.0,112.0,35.0,106.57,28.0,121.0,7.0,4.219999999999999,46.0,42.0,3.4850279769364403,107.78,112.0,88,4.0,21.0,0.05
07:30:19,108.0,25.0,111.0,5.0,106.1,20.0,112.0,25.0,3.0,45.0,30.0,3.7581538020721577,108.0,111.0,75,15.0,-13.0,0.2
07:30:20,106.0,57.0,111.0,11.0,98.36,44.0,112.0,55.0,5.0,101.0,66.0,3.0741210125870375,106.0,111.0,167,35.0,92.0,0.21
07:30:21,107.4,154.0,110.37,19.0,104.96,46.0,111.9,50.0,2.969999999999999,200.0,69.0,1.3603051128437706,107.40000000000002,110.37,269,131.0,102.0,0.49
07:30:22,108.91,132.0,111.0,11.0,106.0,33.0,113.27,55.0,2.0900000000000034,165.0,66.0,0.6340583569583816,108.91,111.0,231,99.0,-38.0,0.43
07:30:23,109.0,144.0,111.0,12.0,106.0,52.0,114.27,44.0,2.0,196.0,56.0,0.6590675231178966,109.0,111.0,252,140.0,21.0,0.56
07:30:24,109.0,132.0,111.0,11.0,106.0,41.0,115.2,20.0,2.0,173.0,31.0,0.7192843665955356,109.0,111.0,204,142.0,-48.0,0.7
07:30:25,109.0,132.0,110.82,11.0,106.0,55.0,114.0,44.0,1.8199999999999932,187.0,55.0,0.4822343828769245,109.0,110.82,242,132.0,38.0,0.55
07:30:26,109.0,143.0,112.92,60.0,106.0,65.0,136.42,45.0,3.9200000000000017,208.0,105.0,0.44657586144865896,109.0,112.92,313,103.0,71.0,0.33
07:30:27,109.0,132.0,111.58,60.0,106.0,60.0,113.67,48.0,2.5799999999999983,192.0,108.0,0.4314742171075815,109.0,111.58,300,84.0,-13.0,0.28
07:30:28,109.0,110.0,110.5,50.0,106.0,44.0,113.0,40.0,1.5,154.0,90.0,0.4771477758814451,109.0,110.5,244,64.0,-56.0,0.26
07:30:29,109.0,41.0,112.57,35.0,102.71,28.0,357.03,31.0,3.569999999999993,69.0,66.0,0.5297169055529398,109.0,112.57,135,3.0,-109.0,0.02
07:30:30,108.92,48.0,113.0,78.0,106.73,15.0,306.57,49.0,4.079999999999998,63.0,127.0,0.5247380299049633,108.92,113.0,190,-64.0,55.0,-0.34
07:30:31,103.58,55.0,113.0,90.0,85.52,61.0,483.0,15.0,9.420000000000002,116.0,105.0,1.0741415176915172,103.58,113.0,221,11.0,31.0,0.05
07:30:32,104.79,19.0,112.6,43.0,102.92,36.0,184.04,26.0,7.809999999999988,55.0,69.0,1.200653988469906,104.79,112.60000000000001,124,-14.0,-97.0,-0.11
07:30:33,102.75,51.0,109.62,52.0,90.71,49.0,110.78,67.0,6.8700000000000045,100.0,119.0,1.9742669525747591,102.75,109.61999999999999,219,-19.0,95.0,-0.09
07:30:34,102.0,36.0,107.4,25.0,75.65,26.0,108.69,35.0,5.400000000000006,62.0,60.0,2.4116550333804074,102.0,107.4,122,2.0,-97.0,0.02
07:30:35,102.0,42.0,108.32,37.0,81.12,8.0,156.13,31.0,6.319999999999993,50.0,68.0,1.8114855782007475,102.0,108.32,118,-18.0,-4.0,-0.15
07:30:36,102.0,24.0,109.0,16.0,82.25,4.0,341.0,4.0,7.0,28.0,20.0,1.5776945205043353,102.0,109.0,48,8.0,-70.0,0.17
07:30:37,104.3,20.0,108.14,28.0,102.11,38.0,117.52,25.0,3.8400000000000034,58.0,53.0,0.6562926176862781,104.3,108.14,111,5.0,63.0,0.05
07:30:38,106.94,36.0,108.75,48.0,104.0,24.0,315.1,21.0,1.8100000000000023,60.0,69.0,1.2299918699037944,106.94,108.75,129,-9.0,18.0,-0.07
07:30:40,107.89,18.0,147.18,39.0,105.33,24.0,273.91,23.0,39.290000000000006,42.0,62.0,74.89736277066116,107.89,147.18,104,-20.0,4.0,-0.19
07:30:41,104.55,22.0,108.0,52.0,101.55,44.0,109.0,52.0,3.450000000000003,66.0,104.0,74.79651281978339,104.55,108.0,170,-38.0,66.0,-0.22
07:30:42,104.0,18.0,107.0,51.0,101.0,36.0,109.0,36.0,3.0,54.0,87.0,74.89089030048996,104.0,107.0,141,-33.0,-29.0,-0.23
07:30:43,104.0,18.0,106.82,66.0,101.0,36.0,108.23,39.0,2.819999999999993,54.0,105.0,75.20103569765526,104.0,106.82,159,-51.0,18.0,-0.32
07:30:44,104.3,23.0,134.45,40.0,102.13,30.0,125.69,45.0,30.14999999999999,53.0,85.0,10.134232580715018,104.3,134.45,138,-32.0,-21.0,-0.23
07:30:45,105.68,47.0,300.61,18.0,104.35,31.0,377.0,23.0,194.93,78.0,41.0,42.45751134958364,105.68,300.61,119,37.0,-19.0,0.31
07:30:46,105.62,8.0,317.0,12.0,104.43,21.0,362.17,12.0,211.38,29.0,24.0,53.582713163855566,105.62,317.0,53,5.0,-66.0,0.09
07:30:47,101.95,21.0,293.0,18.0,101.29,14.0,629.67,18.0,191.05,35.0,36.0,50.64489836103947,101.95000000000002,293.0,71,-1.0,18.0,-0.01
07:30:48,110.0,139.0,213.0,24.0,101.02,45.0,649.6,20.0,103.0,184.0,44.0,38.17234902386828,110.0,213.0,228,140.0,157.0,0.61
07:30:49,110.0,160.0,203.2,49.0,102.87,38.0,340.88,24.0,93.19999999999999,198.0,73.0,25.15511220408323,110.0,203.2,271,125.0,43.0,0.46
07:30:50,110.0,110.0,196.18,33.0,103.53,38.0,370.55,22.0,86.18,148.0,55.0,26.550256684258578,110.0,196.18,203,93.0,-68.0,0.46
07:30:51,110.0,80.0,194.0,24.0,104.0,32.0,227.18,22.0,84.0,112.0,46.0,19.005648634025036,110.0,194.0,158,66.0,-45.0,0.42
07:30:52,110.0,80.0,191.12,24.0,104.0,32.0,193.0,24.0,81.12,112.0,48.0,4.383468945939748,110.0,191.12,160,64.0,2.0,0.4
07:30:53,110.0,90.0,163.7,23.0,104.0,36.0,169.43,23.0,53.69999999999999,126.0,46.0,7.5858783275253066,110.0,163.7,172,80.0,12.0,0.47
07:30:54,110.0,98.0,152.93,45.0,104.0,52.0,154.2,44.0,42.93000000000001,150.0,89.0,9.932684934096027,110.0,152.93,239,61.0,67.0,0.26
07:30:55,110.0,90.0,148.36,47.0,104.53,60.0,149.86,50.0,38.360000000000014,150.0,97.0,10.668513017286823,110.0,148.36,247,53.0,8.0,0.21
07:30:56,110.0,66.0,143.09,35.0,105.14,42.0,143.97,37.0,33.09,108.0,72.0,9.531644663961137,110.0,143.09,180,36.0,-67.0,0.2
07:30:57,110.0,72.0,124.0,48.0,108.0,24.0,142.0,36.0,14.0,96.0,84.0,7.325828963333734,110.0,124.0,180,12.0,0.0,0.07
07:30:58,110.0,48.0,123.0,28.0,108.0,16.0,127.64,28.0,13.0,64.0,56.0,6.968494815957013,110.0,123.0,120,8.0,-60.0,0.07
07:30:59,110.0,54.0,120.37,30.0,108.0,18.0,121.91,33.0,10.370000000000005,72.0,63.0,6.474071361980804,110.0,120.37000000000002,135,9.0,15.0,0.07
07:31:00,110.0,90.0,116.76,55.0,108.0,30.0,117.76,50.0,6.760000000000005,120.0,105.0,5.1255828936834265,110.0,116.76,225,15.0,90.0,0.07
07:31:01,110.0,84.0,111.45,51.0,108.98,184.0,112.55,47.0,1.4500000000000028,268.0,98.0,2.5574831377782954,110.0,111.45,366,170.0,141.0,0.46
07:31:02,109.65,43.0,112.78,41.0,108.96,187.0,138.27,51.0,3.1299999999999955,230.0,92.0,2.4829458310684847,109.64999999999999,112.78000000000002,322,138.0,-44.0,0.43
07:31:03,109.0,195.0,120.47,19.0,108.0,96.0,164.83,46.0,11.469999999999999,291.0,65.0,2.014522275880903,109.0,120.46999999999998,356,226.0,34.0,0.63
07:31:04,109.0,115.0,115.53,15.0,108.0,81.0,116.74,42.0,6.530000000000001,196.0,57.0,1.6287326361378036,109.0,115.53,253,139.0,-103.0,0.55
07:31:05,109.0,91.0,111.54,48.0,108.0,84.0,112.96,24.0,2.5400000000000063,175.0,72.0,1.7801769575018191,109.0,111.54,247,103.0,-6.0,0.42
07:31:06,109.0,44.0,110.97,36.0,108.0,56.0,134.35,26.0,1.9699999999999989,100.0,62.0,1.9213198588523595,109.0,110.97,162,38.0,-85.0,0.23
07:31:07,109.0,50.0,173.34,47.0,108.0,50.0,277.21,43.0,64.34,100.0,90.0,13.26400844390639,109.0,173.34,190,10.0,28.0,0.05
07:31:08,109.9,67.0,360.79,43.0,108.7,54.0,463.07,41.0,250.89000000000001,121.0,84.0,53.91698730455939,109.9,360.79,205,37.0,15.0,0.18
07:31:09,113.0,53.0,252.78,41.0,110.0,90.0,380.36,47.0,139.78,143.0,88.0,53.49291186690081,113.0,252.78,231,55.0,26.0,0.24
07:31:10,112.14,63.0,206.25,48.0,109.89,91.0,266.77,47.0,94.11,154.0,95.0,47.15081939903078,112.14,206.25,249,59.0,18.0,0.24
07:31:11,110.0,99.0,193.73,44.0,109.0,55.0,407.18,45.0,83.72999999999999,154.0,89.0,37.5120443324543,110.0,193.73,243,65.0,-6.0,0.27
07:31:12,110.0,72.0,192.88,32.0,109.0,40.0,278.0,32.0,82.88,112.0,64.0,35.48511772560458,110.0,192.88,176,48.0,-67.0,0.27
07:31:13,110.0,99.0,190.36,44.0,109.0,55.0,330.96,45.0,80.36000000000001,154.0,89.0,13.75347883264515,110.0,190.36,243,65.0,67.0,0.27
07:31:14,110.0,99.0,175.96,47.0,109.0,55.0,292.11,45.0,65.96000000000001,154.0,92.0,5.767990984738026,110.0,175.96,246,62.0,3.0,0.25
07:31:15,110.0,81.0,145.41,41.0,109.0,45.0,168.0,40.0,35.41,126.0,81.0,10.225609028318056,110.0,145.41,207,45.0,-39.0,0.22
07:31:16,110.0,99.0,144.0,44.0,109.0,55.0,146.0,55.0,34.0,154.0,99.0,11.867342583747217,110.0,144.0,253,55.0,46.0,0.22
07:31:17,110.0,75.0,143.25,48.0,109.0,60.0,146.0,60.0,33.25,135.0,108.0,10.970748379213715,110.0,143.25,243,27.0,-10.0,0.11
07:31:18,110.0,50.0,139.23,26.0,109.0,50.0,141.47,34.0,29.22999999999999,100.0,60.0,7.464320464718852,110.0,139.23,160,40.0,-83.0,0.25
07:31:19,110.0,50.0,136.67,24.0,109.0,50.0,137.89,36.0,26.669999999999987,100.0,60.0,1.8192113676043942,110.0,136.67,160,40.0,0.0,0.25
07:31:20,109.78,55.0,134.92,48.0,108.58,78.0,137.0,24.0,25.139999999999986,133.0,72.0,2.0215662244955412,109.77999999999999,134.92,205,61.0,45.0,0.3
07:31:21,109.0,52.0,132.0,42.0,108.0,143.0,134.0,36.0,23.0,195.0,78.0,2.3097034441722766,109.0,132.0,273,117.0,68.0,0.43
07:31:22,109.0,64.0,128.41,58.0,108.0,176.0,129.58,38.0,19.409999999999997,240.0,96.0,2.333553084894667,109.0,128.41,336,144.0,63.0,0.43
07:31:23,109.0,34.0,124.95,40.0,108.0,121.0,126.54,26.0,15.950000000000003,155.0,66.0,2.5987727873020234,109.0,124.95,221,89.0,-115.0,0.4
07:31:24,108.09,99.0,121.87,45.0,107.79,42.0,122.82,39.0,13.780000000000001,141.0,84.0,2.8893719040687094,108.09,121.87000000000002,225,57.0,4.0,0.25
07:31:25,108.0,150.0,118.12,32.0,107.0,15.0,120.03,58.0,10.120000000000005,165.0,90.0,2.9435233989254725,108.0,118.12,255,75.0,30.0,0.29
07:31:26,109.47,76.0,117.0,18.0,107.97,72.0,120.0,36.0,7.530000000000001,148.0,54.0,2.4360972887021295,109.46999999999998,117.0,202,94.0,-53.0,0.47
07:31:27,109.24,79.0,112.45,47.0,107.97,103.0,119.96,47.0,3.210000000000008,182.0,94.0,2.2946938793708336,109.24,112.45000000000002,276,88.0,74.0,0.32
07:31:28,108.0,120.0,110.0,60.0,107.0,12.0,111.92,60.0,2.0,132.0,120.0,2.3257428920717054,108.0,110.0,252,12.0,-24.0,0.05
07:31:29,108.0,76.0,200.64,70.0,107.0,14.0,342.24,66.0,92.63999999999999,90.0,136.0,19.213191301811932,108.0,200.64,226,-46.0,-26.0,-0.2
07:31:31,106.2,45.0,185.71,14.0,105.31,39.0,352.31,26.0,79.51,84.0,40.0,64.99676776578985,106.2,185.71,124,44.0,-39.0,0.35
07:31:32,107.54,26.0,150.0,10.0,106.0,40.0,543.14,35.0,42.459999999999994,66.0,45.0,62.203960725986086,107.53999999999999,150.0,111,21.0,-13.0,0.19
07:31:33,108.96,56.0,148.95,19.0,107.06,17.0,321.2,40.0,39.989999999999995,73.0,59.0,58.5475663883651,108.96,148.95,132,14.0,21.0,0.11
07:31:34,112.45,66.0,138.65,34.0,109.67,54.0,139.12,41.0,26.200000000000003,120.0,75.0,61.23805246739987,112.45,138.65,195,45.0,63.0,0.23
07:31:35,113.0,54.0,125.67,9.0,110.0,36.0,127.0,18.0,12.670000000000002,90.0,27.0,9.881276739370426,113.0,125.67,117,63.0,-78.0,0.54
07:31:36,113.0,78.0,119.66,29.0,110.0,52.0,119.67,33.0,6.659999999999997,130.0,62.0,5.704605157241273,113.0,119.66,192,68.0,75.0,0.35
07:31:37,113.0,35.0,114.77,39.0,110.0,44.0,116.52,54.0,1.769999999999996,79.0,93.0,6.308244605278404,113.0,114.77,172,-14.0,-20.0,-0.08
07:31:38,110.19,47.0,142.31,59.0,109.15,26.0,261.12,16.0,32.120000000000005,73.0,75.0,5.497228392565121,110.19000000000001,142.31,148,-2.0,-24.0,-0.01
07:31:39,109.88,32.0,167.0,9.0,108.33,42.0,281.62,29.0,57.120000000000005,74.0,38.0,9.873825499775855,109.88,167.0,112,36.0,-36.0,0.32
07:31:40,109.0,16.0,144.25,12.0,108.0,112.0,268.64,36.0,35.25,128.0,48.0,9.762449999873176,109.0,144.25,176,80.0,64.0,0.45
07:31:41,108.12,135.0,159.72,47.0,107.92,171.0,220.71,73.0,51.599999999999994,306.0,120.0,9.330365480517012,108.12,159.72,426,186.0,164.0,0.44
07:31:43,108.0,135.0,318.5,40.0,106.0,8.0,472.38,32.0,210.5,143.0,72.0,65.37279533567478,108.0,318.5,215,71.0,-115.0,0.33
07:31:44,108.26,95.0,198.0,55.0,107.86,86.0,461.37,27.0,89.74,181.0,82.0,63.46687584874508,108.26,198.0,263,99.0,48.0,0.38
07:31:45,108.0,157.0,189.81,42.0,106.0,10.0,279.24,34.0,81.81,167.0,76.0,59.3719527218031,108.0,189.81,243,91.0,-20.0,0.37
07:31:46,108.0,80.0,273.0,25.0,106.0,5.0,491.65,17.0,165.0,85.0,42.0,52.117345193323324,108.0,273.0,127,43.0,-116.0,0.34
07:31:47,108.0,134.0,248.89,45.0,106.0,9.0,437.65,37.0,140.89,143.0,82.0,26.7285022027053,108.0,248.89,225,61.0,98.0,0.27
07:31:48,108.0,43.0,156.86,21.0,106.0,5.0,237.33,9.0,48.860000000000014,48.0,30.0,23.443993900357977,108.0,156.86,78,18.0,-147.0,0.23
07:31:49,107.6,25.0,109.0,25.0,105.57,7.0,144.0,5.0,1.4000000000000057,32.0,30.0,33.478349421678814,107.6,109.0,62,2.0,-16.0,0.03
07:31:50,107.48,42.0,109.0,50.0,106.5,10.0,176.28,46.0,1.519999999999996,52.0,96.0,38.841416297555654,107.47999999999999,109.0,148,-44.0,86.0,-0.3
07:31:51,107.75,24.0,109.0,32.0,105.38,16.0,293.7,50.0,1.25,40.0,82.0,30.511332648706475,107.75,109.0,122,-42.0,-26.0,-0.34
07:31:52,105.0,4.0,109.0,12.0,104.0,16.0,491.0,20.0,4.0,20.0,32.0,10.949114119417201,105.0,109.0,52,-12.0,-70.0,-0.23
07:31:53,106.44,54.0,109.0,27.0,105.0,9.0,560.64,33.0,2.5600000000000023,63.0,60.0,0.5797585704590156,106.44,109.0,123,3.0,71.0,0.02
07:31:54,107.0,60.0,108.06,51.0,105.0,10.0,158.9,30.0,1.0600000000000023,70.0,81.0,0.5581039329915807,107.0,108.06,151,-11.0,28.0,-0.07
07:31:55,107.0,48.0,108.0,34.0,105.0,8.0,110.0,24.0,1.0,56.0,58.0,0.4985779778737352,107.0,108.0,114,-2.0,-37.0,-0.02
07:31:56,107.0,30.0,108.0,21.0,104.38,13.0,110.0,21.0,1.0,43.0,42.0,0.26776855681848555,107.0,108.0,85,1.0,-29.0,0.01
07:31:57,107.0,14.0,108.0,27.0,104.91,44.0,110.0,27.0,1.0,58.0,54.0,0.09591663057395566,107.0,108.0,112,4.0,27.0,0.04
07:31:58,105.0,20.0,107.43,14.0,104.0,40.0,108.55,22.0,2.430000000000007,60.0,36.0,0.5804050310090786,105.0,107.42999999999999,96,24.0,-16.0,0.25
07:31:59,104.47,30.0,107.31,13.0,103.58,48.0,131.7,20.0,2.8400000000000034,78.0,33.0,0.8022156817344244,104.47,107.31,111,45.0,15.0,0.41
07:32:00,104.0,28.0,108.7,20.0,103.0,35.0,309.93,14.0,4.700000000000003,63.0,34.0,0.7579907651288449,104.0,108.7,97,29.0,-14.0,0.3
07:32:01,104.05,42.0,107.88,16.0,103.14,58.0,172.08,26.0,3.8299999999999983,100.0,42.0,0.652050611548357,104.04999999999998,107.88,142,58.0,45.0,0.41
07:32:02,104.0,40.0,231.88,32.0,102.08,49.0,552.0,16.0,127.88,89.0,48.0,27.65519571436843,104.0,231.88,137,41.0,-5.0,0.3
07:32:03,102.0,20.0,147.53,15.0,72.0,4.0,206.27,15.0,45.53,24.0,30.0,26.83154430889177,102.0,147.53,54,-6.0,-83.0,-0.11
07:32:04,102.0,35.0,107.0,28.0,76.0,7.0,108.0,14.0,5.0,42.0,42.0,27.048865595437128,102.0,107.0,84,0.0,30.0,0.0
07:32:05,102.78,9.0,106.0,20.0,101.8,15.0,107.43,28.0,3.219999999999999,24.0,48.0,27.34323261796275,102.78,106.0,72,-24.0,-12.0,-0.33
07:32:06,103.0,17.0,106.47,15.0,84.0,16.0,193.33,36.0,3.469999999999999,33.0,51.0,27.523070867910473,103.0,106.47,84,-18.0,12.0,-0.21
07:32:07,103.0,16.0,108.0,32.0,80.43,23.0,319.2,35.0,5.0,39.0,67.0,8.950299994973413,103.0,108.0,106,-28.0,22.0,-0.26
07:32:08,103.0,6.0,108.0,12.0,56.67,6.0,110.0,12.0,5.0,12.0,24.0,0.5399351813141626,103.0,108.0,36,-12.0,-70.0,-0.33
07:32:09,104.0,12.0,107.87,31.0,42.33,6.0,108.8,30.0,3.8700000000000045,18.0,61.0,0.6332219200412936,104.0,107.87,79,-43.0,43.0,-0.54
07:32:10,103.0,16.0,106.71,17.0,80.47,38.0,108.12,67.0,3.7099999999999937,54.0,84.0,0.5042122569124965,103.0,106.71,138,-30.0,59.0,-0.22
07:32:11,102.11,18.0,108.0,27.0,65.67,45.0,170.53,34.0,5.890000000000001,63.0,61.0,0.4257933771453018,102.11,108.0,124,2.0,-14.0,0.02
07:32:12,102.27,22.0,108.0,33.0,92.2,25.0,296.89,36.0,5.730000000000004,47.0,69.0,0.42874234689472174,102.27,108.0,116,-22.0,-8.0,-0.19
07:32:13,103.0,28.0,108.0,30.0,95.36,28.0,375.21,42.0,5.0,56.0,72.0,0.42874234689472174,103.0,108.0,128,-16.0,12.0,-0.12
07:32:14,102.0,21.0,108.0,21.0,101.0,21.0,206.14,29.0,6.0,42.0,50.0,0.24248711310247997,102.0,108.0,92,-8.0,-36.0,-0.09
07:32:15,102.0,19.0,377.81,21.0,101.0,21.0,492.27,30.0,275.81,40.0,51.0,60.251164304103064,102.0,377.81,91,-11.0,-1.0,-0.12
07:32:16,106.0,50.0,404.63,38.0,102.0,10.0,600.94,34.0,298.63,60.0,72.0,78.1843879556528,106.0,404.63,132,-12.0,41.0,-0.09
07:32:17,106.0,45.0,145.67,27.0,102.0,9.0,284.51,37.0,39.66999999999999,54.0,64.0,74.88936973963678,106.0,145.67,118,-10.0,-14.0,-0.08
07:32:18,104.89,18.0,182.62,42.0,101.77,35.0,254.0,40.0,77.73,53.0,82.0,68.83341448744227,104.89,182.62,135,-29.0,17.0,-0.21
07:32:19,110.0,67.0,188.96,23.0,105.0,8.0,256.67,24.0,78.96000000000001,75.0,47.0,60.00052191439694,110.0,188.96,122,28.0,-13.0,0.23
07:32:20,110.0,110.0,276.2,50.0,106.43,14.0,451.52,27.0,166.2,124.0,77.0,51.993086367324125,110.0,276.2,201,47.0,79.0,0.23
07:32:21,108.7,23.0,414.11,18.0,107.0,11.0,504.76,34.0,305.41,34.0,52.0,54.400544758302054,108.7,414.11,86,-18.0,-115.0,-0.21
07:32:24,106.18,33.0,228.19,32.0,105.05,19.0,390.31,26.0,122.00999999999999,52.0,58.0,55.13065463061394,106.18,228.19,110,-6.0,-56.0,-0.05
07:32:25,107.33,27.0,158.05,42.0,106.4,15.0,324.2,30.0,50.72000000000001,42.0,72.0,71.57211412275058,107.33,158.05,114,-30.0,4.0,-0.26
07:32:26,108.0,30.0,154.3,50.0,107.0,20.0,506.0,28.0,46.30000000000001,50.0,78.0,78.7309517915288,108.0,154.3,128,-28.0,14.0,-0.22
07:32:27,112.15,53.0,153.0,35.0,107.67,18.0,503.56,18.0,40.849999999999994,71.0,53.0,59.90640308013849,112.15000000000002,153.0,124,18.0,-4.0,0.15
07:32:28,113.0,88.0,153.0,40.0,108.0,26.0,357.75,16.0,40.0,114.0,56.0,15.590505123312095,113.0,153.0,170,58.0,46.0,0.34
07:32:29,113.0,88.0,153.0,40.0,108.0,24.0,278.67,24.0,40.0,112.0,64.0,0.7687197148632274,113.0,153.0,176,48.0,6.0,0.27
07:32:30,113.0,102.0,151.73,55.0,108.0,33.0,310.0,41.0,38.72999999999999,135.0,96.0,0.7607364852689714,113.0,151.73,231,39.0,55.0,0.17
07:32:31,113.0,116.0,151.0,80.0,108.75,56.0,252.58,24.0,38.0,172.0,104.0,0.42932505170258056,113.0,151.0,276,68.0,45.0,0.25
07:32:32,113.0,56.0,138.21,38.0,108.0,37.0,150.29,34.0,25.210000000000008,93.0,72.0,3.150933195105714,113.0,138.21,165,21.0,-111.0,0.13
07:32:33,113.0,20.0,148.58,36.0,108.79,33.0,149.43,44.0,35.58000000000001,53.0,80.0,2.984890282743907,113.0,148.58,133,-27.0,-32.0,-0.2
07:32:34,113.0,30.0,144.66,62.0,110.0,23.0,146.76,46.0,31.659999999999997,53.0,108.0,2.7749360353022268,113.0,144.66,161,-55.0,28.0,-0.34
07:32:35,113.0,18.0,140.88,33.0,110.0,9.0,142.15,39.0,27.879999999999995,27.0,72.0,2.6377509359336027,113.0,140.88,99,-45.0,-62.0,-0.45
07:32:36,113.0,16.0,138.09,22.0,110.0,8.0,139.67,36.0,25.090000000000003,24.0,58.0,2.2511952380942772,113.0,138.09,82,-34.0,-17.0,-0.41
07:32:37,113.0,32.0,132.47,49.0,110.0,16.0,133.4,42.0,19.47,48.0,91.0,3.084107650523608,113.0,132.47,139,-43.0,57.0,-0.31
07:32:38,113.0,26.0,128.0,39.0,110.0,13.0,130.0,26.0,15.0,39.0,65.0,3.3202936617139653,113.0,128.0,104,-26.0,-35.0,-0.25
07:32:39,113.0,18.0,124.76,34.0,110.0,9.0,126.0,26.0,11.760000000000005,27.0,60.0,3.364944278887482,113.0,124.76,87,-33.0,-17.0,-0.38
07:32:40,113.0,36.0,119.81,64.0,110.0,18.0,120.33,72.0,6.810000000000002,54.0,136.0,3.5119410587333637,113.0,119.81,190,-82.0,103.0,-0.43
07:32:41,111.11,18.0,112.64,66.0,108.57,56.0,114.16,44.0,1.5300000000000011,74.0,110.0,4.1674896520587446,111.11,112.64,184,-36.0,-6.0,-0.2
07:32:42,108.02,122.0,109.24,66.0,107.47,45.0,122.9,39.0,1.2199999999999989,167.0,105.0,4.932886578872071,108.02,109.24,272,62.0,88.0,0.23
07:32:43,107.4,30.0,109.0,60.0,106.4,15.0,136.55,40.0,1.5999999999999943,45.0,100.0,4.7279033408071856,107.4,109.0,145,-55.0,-127.0,-0.38
07:32:44,106.78,9.0,162.11,45.0,105.64,11.0,229.67,21.0,55.33000000000001,20.0,66.0,10.867094827966499,106.78,162.11,86,-46.0,-59.0,-0.53
07:32:45,102.67,15.0,290.81,21.0,102.4,10.0,335.76,34.0,188.14,25.0,55.0,37.79891572519004,102.67,290.81,80,-30.0,-6.0,-0.38
07:32:46,101.95,19.0,103.31,13.0,94.4,15.0,260.8,25.0,1.3599999999999994,34.0,38.0,39.226563321300766,101.95,103.31,72,-4.0,-8.0,-0.06
07:32:47,101.0,9.0,102.89,9.0,67.2,45.0,290.67,21.0,1.8900000000000006,54.0,30.0,40.24407161309624,101.0,102.89,84,24.0,12.0,0.29
07:32:48,101.0,9.0,102.0,9.0,66.65,49.0,104.0,9.0,1.0,58.0,18.0,41.20121114724685,101.0,102.0,76,40.0,-8.0,0.53
07:32:49,101.62,16.0,105.33,12.0,67.74,23.0,143.96,27.0,3.7099999999999937,39.0,39.0,42.20235680622609,101.62,105.33,78,0.0,2.0,0.0
07:32:50,102.0,35.0,105.57,14.0,101.0,7.0,186.5,16.0,3.569999999999993,42.0,30.0,0.976457884404633,102.0,105.57000000000001,72,12.0,-6.0,0.17
07:32:51,102.0,25.0,104.0,6.0,101.0,5.0,106.0,10.0,2.0,30.0,16.0,0.9868231857916486,102.0,104.0,46,14.0,-26.0,0.3
07:32:52,102.0,35.0,170.8,10.0,101.0,7.0,147.73,11.0,68.80000000000001,42.0,21.0,14.988451554447403,102.0,170.8,63,21.0,17.0,0.33
07:32:53,102.91,46.0,224.76,21.0,99.66,73.0,387.06,32.0,121.85,119.0,53.0,27.356389016096735,102.91,224.76,172,66.0,109.0,0.38
07:32:54,109.46,39.0,111.0,52.0,105.96,50.0,365.49,35.0,1.5400000000000063,89.0,87.0,26.355934246389715,109.46,111.0,176,2.0,4.0,0.01
07:32:55,108.59,22.0,214.77,26.0,107.57,35.0,368.9,21.0,106.18,57.0,47.0,28.209379645784832,108.59,214.77,104,10.0,-72.0,0.1
07:32:56,108.0,9.0,408.33,12.0,107.0,15.0,621.0,15.0,300.33,24.0,27.0,55.91303363259789,108.0,408.33,51,-3.0,-53.0,-0.06
07:32:57,108.0,21.0,222.76,29.0,107.0,35.0,479.48,25.0,114.75999999999999,56.0,54.0,53.52012752226982,108.0,222.76,110,2.0,59.0,0.02
07:32:58,108.5,24.0,146.0,50.0,107.47,38.0,188.33,12.0,37.5,62.0,62.0,57.26164134916167,108.5,146.0,124,0.0,14.0,0.0
07:32:59,107.89,54.0,306.12,40.0,107.19,32.0,575.18,22.0,198.23000000000002,86.0,62.0,50.239541896797014,107.89,306.12,148,24.0,24.0,0.16
07:33:02,109.13,45.0,311.81,27.0,107.37,54.0,432.0,24.0,202.68,99.0,51.0,65.86944876040809,109.12999999999998,311.81,150,48.0,-39.0,0.32
07:33:03,113.0,27.0,309.0,9.0,110.0,18.0,410.0,36.0,196.0,45.0,45.0,41.57983922527875,113.0,309.0,90,0.0,-60.0,0.0
07:33:04,113.0,24.0,248.0,30.0,110.0,16.0,316.0,22.0,135.0,40.0,52.0,48.00432407606661,113.0,248.0,92,-12.0,2.0,-0.13
07:33:05,107.89,131.0,242.86,28.0,106.98,98.0,252.0,30.0,134.97000000000003,229.0,58.0,43.21497946314477,107.89,242.85999999999999,287,171.0,164.0,0.6
07:33:06,108.39,103.0,241.3,10.0,107.06,86.0,243.0,40.0,132.91000000000003,189.0,50.0,18.660665047098988,108.39,241.3,239,139.0,-48.0,0.58
07:33:07,109.0,87.0,238.32,19.0,108.0,10.0,241.84,31.0,129.32,97.0,50.0,15.828034622151314,109.0,238.32,147,47.0,-92.0,0.32
07:33:08,109.0,72.0,235.64,33.0,108.0,8.0,236.65,31.0,126.63999999999999,80.0,64.0,3.115284898692159,109.0,235.64,144,16.0,-3.0,0.11
07:33:09,109.0,62.0,234.07,14.0,108.0,65.0,234.85,20.0,125.07,127.0,34.0,1.6261980199284025,109.0,234.07,161,93.0,17.0,0.58
07:33:10,109.0,63.0,229.08,12.0,108.0,72.0,230.19,27.0,120.08000000000001,135.0,39.0,2.208211946353611,109.0,229.08,174,96.0,13.0,0.55
07:33:11,109.19,52.0,225.55,20.0,108.23,62.0,226.4,20.0,116.36000000000001,114.0,40.0,2.5445589008742724,109.19,225.55,154,74.0,-20.0,0.48
07:33:12,109.19,52.0,222.62,8.0,108.23,62.0,224.0,11.0,113.43,114.0,19.0,2.7111860873090468,109.19,222.62,133,95.0,-21.0,0.71
07:33:13,109.0,91.0,220.78,37.0,108.0,104.0,221.26,19.0,111.78,195.0,56.0,2.6333343881888305,109.0,220.78,251,139.0,118.0,0.55
07:33:14,109.0,35.0,218.2,5.0,108.0,40.0,220.0,5.0,109.19999999999999,75.0,10.0,2.120582467157912,109.0,218.2,85,65.0,-164.0,0.76
07:33:15,109.0,84.0,215.86,21.0,108.0,96.0,219.0,12.0,106.86000000000001,180.0,33.0,1.929637271617982,109.0,215.86,213,147.0,128.0,0.69
07:33:16,109.0,77.0,211.04,23.0,108.0,90.0,212.95,20.0,102.03999999999999,167.0,43.0,2.286973983240072,109.0,211.04,210,124.0,-3.0,0.59
07:33:17,109.0,80.0,208.64,14.0,108.0,99.0,210.02,41.0,99.63999999999999,179.0,55.0,2.5059070214229195,109.0,208.64000000000001,234,124.0,24.0,0.53
07:33:18,109.36,22.0,207.83,6.0,108.14,42.0,210.0,24.0,98.47000000000001,64.0,30.0,2.225394347080183,109.36,207.83,94,34.0,-140.0,0.36
07:33:19,111.46,13.0,202.63,35.0,108.35,69.0,205.59,44.0,91.17,82.0,79.0,2.0039286414481228,111.46000000000001,202.63,161,3.0,67.0,0.02
07:33:20,109.21,14.0,197.4,50.0,108.01,118.0,199.14,14.0,88.19000000000001,132.0,64.0,2.6001634564034037,109.21,197.4,196,68.0,35.0,0.35
07:33:21,109.85,26.0,186.0,29.0,108.26,43.0,196.96,45.0,76.15,69.0,74.0,4.599983695624926,109.85,186.0,143,-5.0,-53.0,-0.03
07:33:22,108.54,82.0,190.16,55.0,107.36,61.0,191.3,46.0,81.61999999999999,143.0,101.0,4.655236836081997,108.54,190.16,244,42.0,101.0,0.17
07:33:23,108.0,84.0,187.09,22.0,107.0,70.0,188.29,7.0,79.09,154.0,29.0,4.0633582170433975,108.0,187.09000000000003,183,125.0,-61.0,0.68
07:33:24,108.0,156.0,185.15,61.0,107.0,112.0,186.29,56.0,77.15,268.0,117.0,2.63886339169224,108.0,185.15,385,151.0,164.0,0.39
07:33:25,108.0,182.0,181.88,24.0,107.0,43.0,183.14,42.0,73.88,225.0,66.0,1.6390637571531437,108.0,181.88,291,159.0,-94.0,0.55
07:33:26,108.0,153.0,170.6,25.0,107.0,65.0,177.98,49.0,62.599999999999994,218.0,74.0,3.8377949398075506,108.0,170.6,292,144.0,1.0,0.49
07:33:27,108.0,125.0,158.49,37.0,107.0,65.0,160.02,41.0,50.49000000000001,190.0,78.0,5.996803315101429,108.0,158.49,268,112.0,-24.0,0.42
07:33:28,108.0,72.0,155.14,28.0,107.0,40.0,157.5,20.0,47.139999999999986,112.0,48.0,6.726516929288925,108.0,155.14000000000001,160,64.0,-108.0,0.4
07:33:29,108.0,90.0,154.02,41.0,107.0,50.0,155.02,46.0,46.02000000000001,140.0,87.0,5.978199561741782,108.0,154.02,227,53.0,67.0,0.23
07:33:30,108.0,64.0,154.18,51.0,107.0,60.0,154.71,24.0,46.18000000000001,124.0,75.0,3.503850738831329,108.0,154.18,199,49.0,-28.0,0.25
07:33:31,107.07,75.0,150.3,27.0,106.04,131.0,150.89,35.0,43.23000000000002,206.0,62.0,1.6327492152832777,107.07,150.3,268,144.0,69.0,0.54
07:33:32,107.0,70.0,147.85,34.0,106.0,150.0,148.21,42.0,40.849999999999994,220.0,76.0,1.803518782826457,107.0,147.85,296,144.0,28.0,0.49
07:33:33,106.65,77.0,144.64,25.0,105.86,105.0,145.48,33.0,37.98999999999998,182.0,58.0,2.3452398598027417,106.65000000000002,144.64,240,124.0,-56.0,0.52
07:33:34,106.0,135.0,139.35,55.0,105.0,75.0,140.37,43.0,33.349999999999994,210.0,98.0,3.1734003844468344,106.0,139.35,308,112.0,68.0,0.36
07:33:35,106.0,144.0,133.87,54.0,105.0,80.0,134.7,74.0,27.870000000000005,224.0,128.0,3.5639682939115693,106.0,133.87,352,96.0,44.0,0.27
07:33:36,107.57,74.0,119.79,39.0,105.78,115.0,121.77,43.0,12.220000000000013,189.0,82.0,5.398321035285539,107.57,119.79,271,107.0,-81.0,0.39
07:33:37,111.07,29.0,115.07,14.0,107.08,61.0,117.0,70.0,4.0,90.0,84.0,5.520629493092773,111.07,115.07000000000001,174,6.0,-97.0,0.03
07:33:38,109.73,22.0,113.97,34.0,106.06,82.0,115.59,22.0,4.239999999999995,104.0,56.0,4.767323148267293,109.73,113.97,160,48.0,-14.0,0.3
07:33:39,106.43,63.0,108.86,29.0,105.6,75.0,111.36,28.0,2.4299999999999926,138.0,57.0,4.424157546923981,106.43,108.86,195,81.0,35.0,0.42
07:33:40,106.32,66.0,108.0,36.0,105.64,70.0,109.0,40.0,1.6800000000000068,136.0,76.0,3.0680726849284046,106.32,108.0,212,60.0,17.0,0.28
07:33:41,106.16,107.0,108.0,45.0,105.27,77.0,218.33,45.0,1.8400000000000034,184.0,90.0,2.86908870549578,106.16,108.0,274,94.0,62.0,0.34
07:33:42,106.0,90.0,108.0,23.0,105.0,10.0,217.0,30.0,2.0,100.0,53.0,2.084914866368206,106.0,108.0,153,47.0,-121.0,0.31
07:33:43,106.0,41.0,165.29,28.0,105.0,10.0,413.8,40.0,59.28999999999999,51.0,68.0,12.711214733455032,106.0,165.29,119,-17.0,-34.0,-0.14
07:33:44,106.0,14.0,381.92,24.0,105.0,7.0,488.86,21.0,275.92,21.0,45.0,59.32483055180194,106.0,381.92,66,-24.0,-53.0,-0.36
07:33:45,106.0,20.0,393.0,30.0,105.0,10.0,481.0,20.0,287.0,30.0,50.0,72.26611432753265,106.0,393.0,80,-20.0,14.0,-0.25
07:33:46,106.0,76.0,348.86,42.0,105.0,13.0,388.33,36.0,242.86,89.0,78.0,66.44609454287004,106.0,348.86,167,11.0,87.0,0.07
07:33:47,106.0,19.0,268.0,14.0,105.0,7.0,510.74,27.0,162.0,26.0,41.0,47.61137973216096,106.0,268.0,67,-15.0,-100.0,-0.22
07:33:48,106.44,18.0,196.0,11.0,105.44,9.0,321.75,12.0,89.56,27.0,23.0,41.78763716699029,106.44,196.0,50,4.0,-17.0,0.08
07:33:49,107.75,16.0,109.0,12.0,106.0,12.0,241.5,12.0,1.25,28.0,24.0,56.95576248282541,107.75,109.0,52,4.0,2.0,0.08
07:33:50,107.5,16.0,124.0,40.0,105.86,14.0,399.62,8.0,16.5,30.0,48.0,49.88659769918188,107.5,124.0,78,-18.0,26.0,-0.23
07:33:51,105.59,22.0,168.09,22.0,104.31,13.0,255.54,26.0,62.5,35.0,48.0,31.355341171800617,105.59,168.09,83,-13.0,5.0,-0.16
07:33:52,106.3,30.0,265.64,14.0,104.0,30.0,554.0,14.0,159.33999999999997,60.0,28.0,30.969035664676657,106.3,265.64,88,32.0,5.0,0.36
07:33:53,104.81,16.0,286.0,8.0,103.2,15.0,320.4,10.0,181.19,31.0,18.0,40.07080296175778,104.81,286.0,49,13.0,-39.0,0.27
07:33:54,102.6,10.0,300.0,10.0,80.52,23.0,575.8,5.0,197.4,33.0,15.0,38.339446135801424,102.6,300.0,48,18.0,-1.0,0.38
07:33:55,106.82,44.0,312.9,21.0,103.09,22.0,683.12,17.0,206.07999999999998,66.0,38.0,28.760073539544738,106.82,312.9,104,28.0,56.0,0.27
07:33:56,109.33,60.0,180.67,9.0,105.5,32.0,333.86,29.0,71.33999999999999,92.0,38.0,25.305969058702768,109.33,180.67,130,54.0,26.0,0.42
07:33:57,110.0,28.0,114.0,4.0,107.8,10.0,344.5,4.0,4.0,38.0,8.0,42.327144718254026,110.0,114.0,46,30.0,-84.0,0.65
07:33:58,110.1,58.0,170.5,10.0,109.47,30.0,425.85,34.0,60.400000000000006,88.0,44.0,42.114383766119836,110.1,170.5,132,44.0,86.0,0.33
07:33:59,113.0,9.0,223.56,9.0,110.0,63.0,366.56,9.0,110.56,72.0,18.0,36.57536493324457,113.0,223.56,90,54.0,-42.0,0.6
07:34:00,113.0,10.0,329.3,10.0,110.0,70.0,591.9,10.0,216.3,80.0,20.0,40.89545304798587,113.0,329.3,100,60.0,10.0,0.6
07:34:01,110.18,51.0,214.0,10.0,109.54,39.0,484.0,10.0,103.82,90.0,20.0,40.315693346388294,110.18,214.0,110,70.0,10.0,0.64
07:34:02,110.0,117.0,321.33,9.0,109.0,36.0,733.78,9.0,211.32999999999998,153.0,18.0,35.31525123795695,110.0,321.33,171,135.0,61.0,0.79
07:34:04,113.0,4.0,279.6,10.0,110.0,44.0,344.0,8.0,166.60000000000002,48.0,18.0,51.79025120618771,113.0,279.6,66,30.0,-86.0,0.45
07:34:05,113.0,8.0,275.71,14.0,110.0,88.0,279.82,22.0,162.70999999999998,96.0,36.0,52.95322700270519,113.0,275.71,132,60.0,66.0,0.45
07:34:06,113.0,9.0,248.35,17.0,110.0,115.0,255.8,10.0,135.35,124.0,27.0,48.87819830967614,113.0,248.35,151,97.0,19.0,0.64
07:34:07,113.0,9.0,235.8,15.0,112.0,18.0,249.0,12.0,122.80000000000001,27.0,27.0,52.682912599817655,113.0,235.8,54,0.0,-97.0,0.0
07:34:08,113.0,8.0,189.1,10.0,110.05,79.0,228.59,17.0,76.1,87.0,27.0,18.301391203950047,113.0,189.1,114,60.0,60.0,0.53
07:34:09,110.03,91.0,193.0,20.0,109.29,38.0,210.0,18.0,82.97,129.0,38.0,18.88542347949918,110.03,193.0,167,91.0,53.0,0.54
07:34:10,110.0,48.0,192.5,12.0,109.0,18.0,242.0,6.0,82.5,66.0,18.0,14.558123162001952,110.0,192.5,84,48.0,-83.0,0.57
07:34:11,110.0,21.0,192.0,14.0,109.0,21.0,340.0,7.0,82.0,42.0,21.0,10.375135179843044,110.0,192.0,63,21.0,-21.0,0.33
07:34:12,110.0,21.0,186.86,14.0,109.0,21.0,403.57,14.0,76.86000000000001,42.0,28.0,1.257755938175569,110.0,186.85999999999999,70,14.0,7.0,0.2
07:34:13,109.0,16.0,156.67,18.0,108.0,36.0,174.15,13.0,47.66999999999999,52.0,31.0,8.020700094132387,109.0,156.67,83,21.0,13.0,0.25
07:34:14,109.0,7.0,142.27,11.0,108.0,28.0,162.17,12.0,33.27000000000001,35.0,23.0,11.826890969312883,109.0,142.27,58,12.0,-25.0,0.21
07:34:15,108.0,48.0,132.46,26.0,107.0,12.0,165.27,22.0,24.460000000000008,60.0,48.0,13.646216691816594,108.0,132.46,108,12.0,50.0,0.11
07:34:16,108.0,28.0,130.54,26.0,107.0,7.0,131.5,16.0,22.539999999999992,35.0,42.0,11.986212913177084,108.0,130.54,77,-7.0,-31.0,-0.09
07:34:17,108.0,36.0,127.85,26.0,107.0,9.0,129.29,28.0,19.849999999999994,45.0,54.0,6.140689700677936,108.0,127.85,99,-9.0,22.0,-0.09
07:34:18,108.0,44.0,125.05,42.0,107.0,11.0,126.17,24.0,17.049999999999997,55.0,66.0,3.4927396123976306,108.0,125.04999999999998,121,-11.0,22.0,-0.09
07:34:19,108.0,29.0,124.49,35.0,107.0,9.0,125.6,20.0,16.489999999999995,38.0,55.0,1.7229132305520436,108.0,124.49,93,-17.0,-28.0,-0.18
07:34:20,108.0,31.0,122.73,37.0,107.0,11.0,123.86,42.0,14.730000000000004,42.0,79.0,1.5392920450684897,108.0,122.73,121,-37.0,28.0,-0.31
07:34:21,107.64,14.0,119.84,50.0,106.38,24.0,120.78,46.0,12.200000000000003,38.0,96.0,1.5428804231083477,107.64,119.84,134,-58.0,13.0,-0.43
07:34:22,107.33,9.0,109.26,38.0,106.14,21.0,110.72,39.0,1.9300000000000068,30.0,77.0,3.382679411355846,107.33,109.26,107,-47.0,-27.0,-0.44
07:34:23,105.41,63.0,108.49,59.0,105.17,111.0,111.03,60.0,3.0799999999999983,174.0,119.0,4.225449088559752,105.41,108.49,293,55.0,164.0,0.19
07:34:24,105.0,248.0,108.03,33.0,104.0,12.0,131.41,39.0,3.030000000000001,260.0,72.0,4.088664818740972,105.0,108.03,332,188.0,39.0,0.57
07:34:25,105.0,153.0,106.56,27.0,104.0,11.0,185.57,28.0,1.5600000000000023,164.0,55.0,3.1986747255714856,105.0,106.56,219,109.0,-113.0,0.5
07:34:26,105.06,64.0,261.0,20.0,104.91,53.0,452.0,39.0,155.94,117.0,59.0,34.064295530658086,105.06,261.0,176,58.0,-43.0,0.33
07:34:27,106.13,106.0,269.58,24.0,104.92,13.0,360.4,35.0,163.45,119.0,59.0,43.321293494077665,106.13,269.58,178,60.0,2.0,0.34
07:34:28,106.78,36.0,140.29,14.0,104.98,82.0,147.74,19.0,33.50999999999999,118.0,33.0,40.915487654432475,106.78,140.29,151,85.0,-27.0,0.56
07:34:29,109.0,26.0,121.0,18.0,105.0,130.0,125.32,19.0,12.0,156.0,37.0,39.25309478245016,109.0,121.0,193,119.0,42.0,0.62
07:34:30,109.0,20.0,111.53,15.0,105.0,100.0,113.33,15.0,2.530000000000001,120.0,30.0,38.22549895030824,109.0,111.53,150,90.0,-43.0,0.6
07:34:31,105.11,72.0,107.83,24.0,104.59,17.0,111.78,9.0,2.719999999999999,89.0,33.0,33.719930753191264,105.11,107.83,122,56.0,-28.0,0.46
07:34:32,105.0,140.0,107.54,70.0,104.0,14.0,135.07,15.0,2.5400000000000063,154.0,85.0,7.208905603488645,105.0,107.54,239,69.0,117.0,0.29
07:34:33,107.78,135.0,199.94,32.0,105.98,86.0,273.0,66.0,92.16,221.0,98.0,20.15271023956856,107.78,199.94,319,123.0,80.0,0.39
07:34:34,110.0,70.0,276.76,29.0,105.41,34.0,475.9,20.0,166.76,104.0,49.0,38.7632499927446,110.0,276.76,153,55.0,-164.0,0.36
07:34:35,110.0,56.0,163.38,16.0,106.4,30.0,365.12,16.0,53.379999999999995,86.0,32.0,36.44254423061067,110.0,163.38,118,54.0,-35.0,0.46
07:34:36,110.0,42.0,185.55,20.0,107.0,36.0,500.5,8.0,75.55000000000001,78.0,28.0,31.473104867489898,110.0,185.55,106,50.0,-12.0,0.47
07:34:37,109.47,19.0,164.0,40.0,107.38,48.0,492.27,11.0,54.53,67.0,51.0,23.380310092041483,109.46999999999998,164.0,118,16.0,12.0,0.14
07:34:38,109.0,26.0,315.75,24.0,108.0,55.0,514.36,22.0,206.75,81.0,46.0,35.16434529463073,109.0,315.75,127,35.0,9.0,0.28
07:34:39,109.0,26.0,189.0,26.0,108.0,89.0,300.4,25.0,80.0,115.0,51.0,31.77166536396884,109.0,189.0,166,64.0,39.0,0.39
07:34:40,109.0,18.0,216.1,20.0,108.0,45.0,341.2,20.0,107.1,63.0,40.0,29.779365339107173,109.0,216.1,103,23.0,-63.0,0.22
07:34:41,112.0,16.0,161.56,9.0,108.38,16.0,418.67,6.0,49.56,32.0,15.0,31.424760937833998,112.0,161.56,47,17.0,-56.0,0.36
07:34:42,112.29,34.0,160.06,17.0,108.48,29.0,262.84,19.0,47.769999999999996,63.0,36.0,31.526945935184045,112.29,160.06,99,27.0,52.0,0.27
07:34:43,109.0,20.0,159.0,15.0,108.0,50.0,170.67,15.0,50.0,70.0,30.0,12.061708834158454,109.0,159.0,100,40.0,1.0,0.4
07:34:44,111.86,28.0,198.44,18.0,108.33,30.0,296.33,9.0,86.58,58.0,27.0,13.01309609585729,111.86,198.44,85,31.0,-15.0,0.36
07:34:45,113.0,44.0,266.64,22.0,109.0,22.0,482.42,12.0,153.64,66.0,34.0,23.62821787609079,113.0,266.64,100,32.0,15.0,0.32
07:34:46,113.0,8.0,391.0,8.0,109.0,8.0,550.67,6.0,278.0,16.0,14.0,49.2907770277566,113.0,391.0,30,2.0,-70.0,0.07
07:34:47,113.0,10.0,303.0,11.0,109.0,10.0,459.4,10.0,190.0,20.0,21.0,46.08205377367656,113.0,303.0,41,-1.0,11.0,-0.02
07:34:48,113.0,26.0,155.79,28.0,109.0,68.0,207.5,32.0,42.78999999999999,94.0,60.0,45.96842688193733,113.0,155.79,154,34.0,113.0,0.22
07:34:49,113.0,24.0,133.33,24.0,109.0,108.0,138.23,31.0,20.330000000000013,132.0,55.0,53.29976669742579,113.0,133.33,187,77.0,33.0,0.41
07:34:50,111.11,38.0,132.69,26.0,108.97,93.0,173.06,34.0,21.58,131.0,60.0,58.99261114749896,111.11000000000001,132.69,191,71.0,4.0,0.37
07:34:51,109.0,66.0,131.09,22.0,108.0,11.0,190.04,25.0,22.090000000000003,77.0,47.0,37.59339529757879,109.0,131.09,124,30.0,-67.0,0.24
07:34:52,109.0,72.0,130.0,26.0,108.0,13.0,540.78,37.0,21.0,85.0,63.0,6.097283821507668,109.0,130.0,148,22.0,24.0,0.15
07:34:53,109.0,22.0,128.1,20.0,108.0,100.0,187.0,21.0,19.099999999999994,122.0,41.0,1.8711039522216073,109.0,128.1,163,81.0,15.0,0.5
07:34:54,108.18,50.0,126.83,24.0,107.96,147.0,129.0,24.0,18.64999999999999,197.0,48.0,1.6526554389888244,108.18,126.83,245,149.0,82.0,0.61
07:34:55,108.0,215.0,123.78,23.0,106.0,17.0,124.65,34.0,15.780000000000001,232.0,57.0,1.6581013238096591,108.0,123.78,289,175.0,44.0,0.61
07:34:56,109.74,23.0,121.75,24.0,106.67,15.0,123.57,21.0,12.010000000000005,38.0,45.0,1.6411185210152708,109.74,121.75,83,-7.0,-164.0,-0.08
07:34:57,109.0,32.0,119.35,31.0,108.0,16.0,121.0,17.0,10.349999999999994,48.0,48.0,1.6937620848334451,109.0,119.35,96,0.0,13.0,0.0
07:34:58,106.8,15.0,114.5,32.0,105.08,79.0,116.32,19.0,7.700000000000003,94.0,51.0,2.599159479527818,106.8,114.5,145,43.0,49.0,0.3
07:34:59,108.68,66.0,112.62,42.0,106.05,84.0,234.42,19.0,3.9399999999999977,150.0,61.0,2.6175694833221312,108.68,112.62,211,89.0,66.0,0.42
07:35:00,107.0,44.0,115.55,20.0,106.0,99.0,156.53,15.0,8.549999999999997,143.0,35.0,2.3266606972266666,107.0,115.55,178,108.0,-33.0,0.61
07:35:01,107.0,28.0,109.86,14.0,106.0,63.0,112.0,21.0,2.8599999999999994,91.0,35.0,2.0635818374901618,107.0,109.86,126,56.0,-52.0,0.44
07:35:02,107.0,40.0,111.71,14.0,106.0,99.0,153.53,19.0,4.709999999999994,139.0,33.0,1.1543959459471673,107.0,111.71,172,106.0,46.0,0.62
07:35:03,110.61,77.0,118.6,10.0,106.85,40.0,301.5,12.0,7.989999999999995,117.0,22.0,2.368423526318563,110.60999999999999,118.6,139,95.0,-33.0,0.68
07:35:04,109.45,22.0,116.64,11.0,106.6,45.0,253.0,11.0,7.189999999999998,67.0,22.0,2.5499470582777306,109.45,116.64,89,45.0,-50.0,0.51
07:35:05,107.55,22.0,113.41,27.0,106.05,85.0,206.82,11.0,5.859999999999999,107.0,38.0,2.580044573262108,107.55,113.40999999999998,145,69.0,56.0,0.48
07:35:06,110.0,64.0,112.0,55.0,107.0,22.0,125.73,11.0,2.0,86.0,66.0,2.1062169878764294,110.0,112.0,152,20.0,7.0,0.13
07:35:07,106.95,44.0,406.28,32.0,105.92,101.0,687.67,21.0,299.33,145.0,53.0,64.56967918458338,106.95,406.28,198,92.0,46.0,0.46
07:35:08,106.0,60.0,107.0,27.0,105.0,63.0,322.0,18.0,1.0,123.0,45.0,65.4982877638799,106.0,107.0,168,78.0,-30.0,0.46
07:35:09,106.0,36.0,107.0,18.0,105.0,42.0,188.0,12.0,1.0,78.0,30.0,66.22181060647631,106.0,107.0,108,48.0,-60.0,0.44
07:35:10,106.91,66.0,187.52,31.0,105.9,67.0,498.29,14.0,80.61000000000001,133.0,45.0,64.38712355743203,106.91,187.52,178,88.0,70.0,0.49
07:35:11,107.35,49.0,176.2,54.0,106.33,72.0,194.38,45.0,68.85,121.0,99.0,61.67019231362927,107.35,176.2,220,22.0,42.0,0.1
07:35:12,108.0,12.0,161.88,17.0,107.0,20.0,162.6,25.0,53.879999999999995,32.0,42.0,19.55563294807968,108.0,161.88,74,-10.0,-146.0,-0.14
07:35:13,107.0,22.0,158.74,35.0,105.29,56.0,161.14,35.0,51.74000000000001,78.0,70.0,15.688092618289184,107.0,158.74,148,8.0,74.0,0.05
07:35:14,105.67,42.0,113.91,55.0,104.67,42.0,117.0,11.0,8.239999999999995,84.0,66.0,14.32647444418966,105.67,113.91,150,18.0,2.0,0.12
07:35:15,105.05,57.0,111.27,33.0,104.11,63.0,111.46,37.0,6.219999999999999,120.0,70.0,15.459206641998774,105.05,111.27,190,50.0,40.0,0.26
07:35:16,104.31,61.0,107.7,20.0,103.54,52.0,184.69,32.0,3.3900000000000006,113.0,52.0,14.277987603301053,104.31,107.7,165,61.0,-25.0,0.37
07:35:17,104.0,42.0,115.17,6.0,103.0,24.0,259.5,6.0,11.170000000000002,66.0,12.0,11.053342028545854,104.0,115.17,78,54.0,-87.0,0.69
07:35:18,106.48,29.0,116.57,7.0,103.7,40.0,234.0,13.0,10.08999999999999,69.0,20.0,2.06192385892831,106.48,116.57000000000001,89,49.0,11.0,0.55
07:35:19,113.0,14.0,115.71,7.0,104.86,49.0,214.2,10.0,2.7099999999999937,63.0,17.0,3.1940053224780134,113.0,115.71,80,46.0,-9.0,0.57
07:35:20,113.0,20.0,115.0,10.0,106.8,40.0,243.0,20.0,2.0,60.0,30.0,3.4438684643897126,113.0,115.0,90,30.0,10.0,0.33
07:35:21,113.0,14.0,196.15,13.0,105.89,27.0,267.38,16.0,83.15,41.0,29.0,18.977768572727904,113.0,196.15000000000003,70,12.0,-20.0,0.17
07:35:22,113.0,10.0,229.37,19.0,109.0,10.0,246.89,18.0,116.37,20.0,37.0,27.806180967547846,113.0,229.36999999999998,57,-17.0,-13.0,-0.3
07:35:23,111.71,14.0,226.79,56.0,106.8,25.0,251.86,28.0,115.08,39.0,84.0,28.567943223130726,111.71,226.79,123,-45.0,66.0,-0.37
07:35:24,108.82,17.0,221.83,24.0,105.07,59.0,237.42,24.0,113.01000000000002,76.0,48.0,23.731061291059476,108.82,221.83,124,28.0,1.0,0.23
07:35:25,110.0,27.0,223.44,36.0,106.0,9.0,442.0,11.0,113.44,36.0,47.0,6.462388877189493,110.0,223.44,83,-11.0,-41.0,-0.13
07:35:26,110.0,27.0,222.56,36.0,106.0,9.0,296.5,14.0,112.56,36.0,50.0,2.402762992894395,110.0,222.56,86,-14.0,3.0,-0.16
07:35:27,110.0,30.0,210.3,40.0,106.0,10.0,222.5,40.0,100.30000000000001,40.0,80.0,3.3466445882439437,110.0,210.3,120,-40.0,34.0,-0.33
07:35:28,110.0,18.0,214.92,25.0,106.0,6.0,221.44,27.0,104.91999999999999,24.0,52.0,2.801030167638729,110.0,214.92,76,-28.0,-44.0,-0.37
07:35:29,110.0,10.0,218.57,35.0,106.0,8.0,220.35,37.0,108.57,18.0,72.0,2.732809909236682,110.0,218.57,90,-54.0,14.0,-0.6
07:35:30,110.0,11.0,176.18,55.0,106.0,11.0,218.49,49.0,66.18,22.0,104.0,9.315070048046946,110.0,176.18,126,-82.0,36.0,-0.65
07:35:31,110.0,14.0,207.59,66.0,106.0,14.0,216.55,62.0,97.59,28.0,128.0,8.466603214986579,110.0,207.59,156,-100.0,30.0,-0.64
07:35:32,112.9,30.0,159.91,66.0,109.71,14.0,161.43,70.0,47.00999999999999,44.0,136.0,12.493633178544188,112.9,159.91,180,-92.0,24.0,-0.51
07:35:33,113.0,9.0,157.24,42.0,110.0,9.0,158.77,39.0,44.24000000000001,18.0,81.0,13.280705930033196,113.0,157.24,99,-63.0,-81.0,-0.64
07:35:34,106.33,60.0,152.75,69.0,106.43,21.0,153.86,70.0,46.42,81.0,139.0,11.263143433341215,106.33,152.75,220,-58.0,121.0,-0.26
07:35:35,105.0,130.0,147.21,57.0,103.43,21.0,149.67,60.0,42.21000000000001,151.0,117.0,12.778790240082056,105.0,147.21,268,34.0,48.0,0.13
07:35:36,106.55,29.0,143.51,53.0,105.66,29.0,144.92,48.0,36.959999999999994,58.0,101.0,5.153906285528932,106.55,143.51,159,-43.0,-109.0,-0.27
07:35:37,109.16,31.0,138.48,69.0,105.23,119.0,139.25,75.0,29.319999999999993,150.0,144.0,4.552541048690722,109.16,138.48,294,6.0,135.0,0.02
07:35:38,109.75,57.0,134.42,55.0,107.8,25.0,136.0,68.0,24.669999999999987,82.0,123.0,2.7928247349257824,109.75,134.42,205,-41.0,-89.0,-0.2
07:35:39,108.0,8.0,130.77,39.0,107.0,8.0,131.84,38.0,22.77000000000001,16.0,77.0,2.6452277784744216,108.0,130.77,93,-61.0,-112.0,-0.66
07:35:40,108.0,37.0,127.85,41.0,107.0,10.0,128.81,43.0,19.849999999999994,47.0,84.0,2.971455872129393,108.0,127.84999999999998,131,-37.0,38.0,-0.28
07:35:41,107.97,63.0,122.79,42.0,105.82,34.0,124.8,56.0,14.820000000000007,97.0,98.0,3.3384951699847836,107.97,122.79,195,-1.0,64.0,-0.01
07:35:42,107.85,48.0,117.37,27.0,105.11,74.0,123.17,41.0,9.52000000000001,122.0,68.0,3.6466244665458882,107.84999999999998,117.37,190,54.0,-5.0,0.28
07:35:43,107.0,11.0,116.73,41.0,105.13,115.0,118.06,47.0,9.730000000000004,126.0,88.0,3.2588694358642925,107.0,116.73,214,38.0,24.0,0.18
07:35:44,108.62,37.0,114.09,33.0,106.19,37.0,115.23,39.0,5.469999999999999,74.0,72.0,2.7678240551035733,108.62,114.09,146,2.0,-68.0,0.01
07:35:45,109.0,45.0,111.0,45.0,107.0,9.0,112.0,27.0,2.0,54.0,72.0,1.9953270408656087,109.0,111.0,126,-18.0,-20.0,-0.14
07:35:46,109.51,35.0,134.37,49.0,106.17,58.0,206.92,49.0,24.86,93.0,98.0,4.78269066530649,109.51,134.37,191,-5.0,65.0,-0.03
07:35:47,106.74,94.0,253.09,55.0,105.34,65.0,347.86,35.0,146.35000000000002,159.0,90.0,29.952691364884274,106.74,253.09,249,69.0,58.0,0.28
07:35:48,108.2,50.0,336.93,55.0,106.66,88.0,434.57,35.0,228.73000000000002,138.0,90.0,50.09244334228487,108.2,336.93,228,48.0,-21.0,0.21
07:35:49,110.0,22.0,313.41,41.0,109.0,11.0,334.43,47.0,203.41000000000003,33.0,88.0,51.2529324039125,110.0,313.41,121,-55.0,-107.0,-0.45
07:35:50,108.16,76.0,290.68,38.0,106.09,101.0,313.43,42.0,182.52,177.0,80.0,39.72475172987275,108.16,290.68,257,97.0,136.0,0.38
07:35:51,108.0,74.0,310.86,44.0,106.0,140.0,312.83,36.0,202.86,214.0,80.0,16.06531263312459,108.0,310.86,294,134.0,37.0,0.46
07:35:52,106.49,74.0,180.21,34.0,105.76,166.0,205.43,42.0,73.72000000000001,240.0,76.0,31.256796540912998,106.49,180.21,316,164.0,22.0,0.52
07:35:53,106.0,84.0,107.38,24.0,105.0,60.0,108.25,12.0,1.3799999999999955,144.0,36.0,46.88681051212617,106.0,107.38,180,108.0,-136.0,0.6
07:35:54,106.0,90.0,107.53,51.0,105.0,110.0,115.41,17.0,1.5300000000000011,200.0,68.0,49.282230570460364,106.0,107.53,268,132.0,88.0,0.49
07:35:55,106.0,35.0,108.0,35.0,105.0,70.0,110.0,7.0,2.0,105.0,42.0,44.69864237311927,106.0,108.0,147,63.0,-121.0,0.43
07:35:56,106.0,40.0,108.0,40.0,105.0,80.0,110.0,8.0,2.0,120.0,48.0,16.318304139830463,106.0,108.0,168,72.0,21.0,0.43
07:35:57,106.0,40.0,107.75,40.0,105.0,80.0,110.0,8.0,1.75,120.0,48.0,0.1399285532199499,106.0,107.75,168,72.0,0.0,0.43
07:35:58,106.0,35.0,107.0,40.0,104.53,38.0,110.0,8.0,1.0,73.0,48.0,0.2086144769813909,106.0,107.0,121,25.0,-47.0,0.21
07:35:59,105.97,37.0,107.07,46.0,104.44,16.0,121.8,10.0,1.0999999999999943,53.0,56.0,0.25139610181187894,105.97,107.06999999999998,109,-3.0,-12.0,-0.03
07:36:00,105.0,6.0,109.67,6.0,104.0,18.0,345.67,6.0,4.670000000000002,24.0,12.0,0.3482527817637983,105.0,109.67,36,12.0,-73.0,0.33
07:36:01,106.0,10.0,108.2,10.0,105.0,10.0,110.0,10.0,2.200000000000003,20.0,20.0,0.3619115914228614,106.0,108.2,40,0.0,4.0,0.0
07:36:02,103.0,20.0,107.0,10.0,83.2,10.0,110.0,10.0,4.0,30.0,20.0,0.9081299466519811,103.0,107.0,50,10.0,10.0,0.2
07:36:03,103.0,26.0,200.3,20.0,95.47,72.0,190.12,17.0,97.30000000000001,98.0,37.0,20.21768903707861,103.0,200.3,135,61.0,85.0,0.45
07:36:04,110.0,72.0,218.46,39.0,103.0,24.0,314.29,51.0,108.46000000000001,96.0,90.0,28.550810321250278,110.0,218.46,186,6.0,51.0,0.03
07:36:05,110.0,66.0,175.47,38.0,107.34,29.0,236.5,30.0,65.47,95.0,68.0,26.76877528016576,110.0,175.47,163,27.0,-23.0,0.17
07:36:06,110.0,66.0,174.45,44.0,109.0,33.0,255.46,35.0,64.44999999999999,99.0,79.0,22.098933232172435,110.0,174.45,178,20.0,15.0,0.11
07:36:07,110.0,72.0,173.17,48.0,109.0,36.0,207.04,28.0,63.16999999999999,108.0,76.0,9.717655581467042,110.0,173.17,184,32.0,6.0,0.17
07:36:08,110.0,55.0,172.2,40.0,109.0,30.0,332.69,32.0,62.19999999999999,85.0,72.0,10.000161498696755,110.0,172.2,157,13.0,-27.0,0.08
07:36:09,110.0,65.0,169.91,43.0,109.0,39.0,308.6,50.0,59.91,104.0,93.0,1.0767311642260886,110.0,169.91,197,11.0,40.0,0.06
07:36:10,110.0,65.0,170.77,52.0,109.0,39.0,394.69,61.0,60.77000000000001,104.0,113.0,0.9130553104908297,110.0,170.77,217,-9.0,20.0,-0.04
07:36:11,110.0,35.0,170.0,28.0,109.0,21.0,468.41,17.0,60.0,56.0,45.0,0.7143668525452151,110.0,170.0,101,11.0,-116.0,0.11
07:36:12,110.0,63.0,169.47,60.0,109.0,45.0,357.03,39.0,59.47,108.0,99.0,0.5386742986399303,110.0,169.47,207,9.0,106.0,0.04
07:36:13,110.0,38.0,168.43,28.0,109.0,21.0,208.24,25.0,58.43000000000001,59.0,53.0,0.42933669772694805,110.0,168.43,112,6.0,-95.0,0.05
07:36:14,110.0,24.0,162.77,26.0,109.0,24.0,167.93,29.0,52.77000000000001,48.0,55.0,1.6006092590057126,110.0,162.77,103,-7.0,-9.0,-0.07
07:36:15,108.44,18.0,143.44,36.0,107.22,55.0,148.33,24.0,35.0,73.0,60.0,5.942379153168679,108.44,143.44,133,13.0,30.0,0.1
07:36:16,108.0,10.0,141.2,20.0,107.0,35.0,142.4,20.0,33.19999999999999,45.0,40.0,7.340590575697058,108.0,141.2,85,5.0,-48.0,0.06
07:36:17,108.49,43.0,139.05,42.0,107.07,83.0,140.95,42.0,30.560000000000016,126.0,84.0,7.245395089297148,108.49,139.05,210,42.0,125.0,0.2
07:36:18,109.0,73.0,138.4,60.0,108.0,75.0,139.14,42.0,29.400000000000006,148.0,102.0,5.38786785287186,109.0,138.4,250,46.0,40.0,0.18
07:36:19,108.01,106.0,136.04,56.0,107.06,112.0,137.5,64.0,28.029999999999987,218.0,120.0,1.4306222422460266,108.01000000000002,136.04,338,98.0,88.0,0.29
07:36:20,108.17,87.0,132.47,60.0,107.17,109.0,133.6,50.0,24.299999999999997,196.0,110.0,1.7114379918678522,108.17000000000002,132.47,306,86.0,-32.0,0.28
07:36:21,108.29,51.0,128.44,64.0,107.49,82.0,131.0,64.0,20.14999999999999,133.0,128.0,2.3108504927857716,108.29,128.44,261,5.0,-45.0,0.02
07:36:22,110.29,14.0,126.07,56.0,107.96,27.0,128.14,56.0,15.779999999999987,41.0,112.0,2.3717335432143036,110.29,126.07000000000001,153,-71.0,-108.0,-0.46
07:36:23,109.0,14.0,123.5,56.0,108.0,196.0,124.86,56.0,14.5,210.0,112.0,2.207412512424309,109.0,123.5,322,98.0,164.0,0.3
07:36:24,109.0,11.0,118.72,36.0,108.0,154.0,120.53,30.0,9.719999999999999,165.0,66.0,2.4459006521130204,109.0,118.72,231,99.0,-91.0,0.43
07:36:25,107.62,78.0,111.29,14.0,106.94,68.0,118.14,28.0,3.6700000000000017,146.0,42.0,3.704304253163641,107.62,111.29,188,104.0,-43.0,0.55
07:36:26,107.0,85.0,118.7,27.0,106.0,14.0,269.9,39.0,11.700000000000003,99.0,66.0,3.335786264137123,107.0,118.7,165,33.0,-23.0,0.2
07:36:27,106.8,20.0,118.25,24.0,105.22,36.0,307.33,60.0,11.450000000000003,56.0,84.0,2.4569940984881407,106.8,118.25,140,-28.0,-25.0,-0.2
07:36:28,104.86,14.0,118.0,16.0,104.24,17.0,348.57,28.0,13.14,31.0,44.0,1.6798452309678036,104.86,118.0,75,-13.0,-65.0,-0.17
07:36:29,107.52,89.0,117.89,18.0,104.17,24.0,263.33,42.0,10.370000000000005,113.0,60.0,1.4234184205655094,107.51999999999998,117.89,173,53.0,98.0,0.31
07:36:30,105.0,90.0,117.0,12.0,104.0,24.0,229.35,23.0,12.0,114.0,35.0,0.8316068782816205,105.0,117.0,149,79.0,-24.0,0.53
07:36:31,105.0,23.0,117.0,18.0,104.0,36.0,219.0,27.0,12.0,59.0,45.0,0.827145694545527,105.0,117.0,104,14.0,-45.0,0.13
07:36:32,104.55,11.0,116.73,22.0,103.83,29.0,234.27,55.0,12.180000000000007,40.0,77.0,0.8027951170785068,104.55,116.73,117,-37.0,13.0,-0.32
07:36:33,104.0,4.0,114.75,8.0,103.0,4.0,184.0,20.0,10.75,8.0,28.0,1.1862040296698424,104.0,114.75,36,-20.0,-81.0,-0.56
07:36:34,104.0,9.0,112.67,18.0,103.0,9.0,188.22,45.0,8.670000000000002,18.0,63.0,1.1788129622652987,104.0,112.67,81,-45.0,45.0,-0.56
07:36:35,109.85,41.0,196.5,12.0,103.83,6.0,393.14,21.0,86.65,47.0,33.0,19.412206984266565,109.84999999999998,196.5,80,14.0,-1.0,0.17
07:36:36,110.0,36.0,279.65,23.0,104.0,5.0,280.38,16.0,169.64999999999998,41.0,39.0,38.310750057914724,110.0,279.65,80,2.0,0.0,0.03
07:36:37,110.0,48.0,271.91,46.0,105.97,67.0,279.8,59.0,161.91000000000003,115.0,105.0,42.05654443722188,110.0,271.91,220,10.0,140.0,0.05
07:36:38,111.0,24.0,147.19,31.0,107.6,40.0,197.55,29.0,36.19,64.0,60.0,37.85290543670354,111.0,147.19,124,4.0,-96.0,0.03
07:36:39,113.0,24.0,146.25,60.0,110.0,55.0,277.0,48.0,33.25,79.0,108.0,31.995507809691365,113.0,146.25,187,-29.0,63.0,-0.16
07:36:40,113.0,30.0,142.94,66.0,110.0,75.0,174.48,69.0,29.939999999999998,105.0,135.0,35.08509555352557,113.0,142.94,240,-30.0,53.0,-0.12
07:36:41,113.0,18.0,139.56,36.0,110.0,45.0,143.0,45.0,26.560000000000002,63.0,81.0,28.077332138221678,113.0,139.56,144,-18.0,-96.0,-0.12
07:36:42,113.0,20.0,136.24,42.0,110.23,61.0,137.17,48.0,23.24000000000001,81.0,90.0,2.0649745761175633,113.0,136.24,171,-9.0,27.0,-0.05
07:36:43,111.14,56.0,134.38,26.0,110.8,35.0,135.64,28.0,23.239999999999995,91.0,54.0,2.6996851668317823,111.14,134.38,145,37.0,-26.0,0.26
07:36:44,111.0,98.0,131.83,48.0,110.0,40.0,132.76,42.0,20.830000000000013,138.0,90.0,2.6304562341941877,111.0,131.83,228,48.0,83.0,0.21
07:36:45,110.71,56.0,130.0,32.0,109.53,38.0,132.0,40.0,19.290000000000006,94.0,72.0,2.391008155571751,110.71,130.0,166,22.0,-62.0,0.13
07:36:46,110.13,45.0,129.94,48.0,109.3,60.0,239.85,33.0,19.810000000000002,105.0,81.0,1.8829232591930667,110.12999999999998,129.94,186,24.0,20.0,0.13
07:36:47,110.8,30.0,125.53,72.0,109.89,81.0,127.17,63.0,14.730000000000004,111.0,135.0,1.7065520794894684,110.8,125.53,246,-24.0,60.0,-0.1
07:36:48,110.0,56.0,121.12,69.0,109.0,42.0,122.58,60.0,11.120000000000005,98.0,129.0,2.3058881152409234,110.0,121.12,227,-31.0,-19.0,-0.14
07:36:49,110.0,110.0,119.09,55.0,109.0,33.0,120.09,55.0,9.090000000000003,143.0,110.0,2.6105133594771885,110.0,119.09,253,33.0,26.0,0.13
07:36:50,110.29,31.0,116.6,75.0,109.25,48.0,117.6,75.0,6.309999999999988,79.0,150.0,2.700290725090245,110.29,116.6,229,-71.0,-24.0,-0.31
07:36:51,110.0,12.0,112.7,50.0,109.0,30.0,114.2,50.0,2.700000000000003,42.0,100.0,2.5239710774903483,110.0,112.7,142,-58.0,-87.0,-0.41
07:36:52,108.56,25.0,110.18,55.0,106.71,35.0,111.18,55.0,1.6200000000000045,60.0,110.0,2.4977149557159564,108.56,110.18,170,-50.0,28.0,-0.29
07:36:53,106.5,28.0,108.0,51.0,105.53,30.0,109.57,35.0,1.5,58.0,86.0,2.968952677293211,106.5,108.0,144,-28.0,-26.0,-0.19
07:36:54,105.82,22.0,107.75,40.0,104.86,14.0,116.05,22.0,1.9300000000000068,36.0,62.0,2.801999286225092,105.82,107.75,98,-26.0,-46.0,-0.27
07:36:55,105.47,34.0,109.31,32.0,104.47,17.0,116.67,103.0,3.8400000000000034,51.0,135.0,1.910921243799817,105.47,109.31,186,-84.0,88.0,-0.45
07:36:56,106.0,52.0,107.17,35.0,105.0,26.0,108.9,40.0,1.1700000000000017,78.0,75.0,1.108503495711707,106.0,107.17,153,3.0,-33.0,0.02
07:36:57,105.36,28.0,108.83,48.0,103.89,38.0,109.77,71.0,3.469999999999999,66.0,119.0,0.3311646116433474,105.36,108.83,185,-53.0,32.0,-0.29
07:36:58,106.0,10.0,109.0,40.0,105.0,62.0,110.0,50.0,3.0,72.0,90.0,0.3881623371798329,106.0,109.0,162,-18.0,-23.0,-0.11
07:36:59,105.11,18.0,108.0,50.0,104.2,20.0,109.0,40.0,2.8900000000000006,38.0,90.0,0.43871402987013014,105.11,108.0,128,-52.0,-34.0,-0.41
07:37:00,104.75,24.0,106.55,33.0,103.6,30.0,108.4,45.0,1.7999999999999972,54.0,78.0,0.6950179853821982,104.75,106.55,132,-24.0,4.0,-0.18
07:37:01,104.0,20.0,107.0,20.0,103.0,40.0,109.0,40.0,3.0,60.0,60.0,0.8773368794280967,104.0,107.0,120,0.0,-12.0,0.0
07:37:02,104.92,65.0,108.74,46.0,103.37,38.0,172.64,44.0,3.819999999999993,103.0,90.0,0.835565676655406,104.92,108.74,193,13.0,73.0,0.07
07:37:03,106.1,118.0,109.0,56.0,104.4,30.0,238.08,48.0,2.9000000000000057,148.0,104.0,0.8520387315167116,106.1,109.0,252,44.0,59.0,0.17
07:37:04,107.0,68.0,108.5,56.0,105.2,35.0,272.0,56.0,1.5,103.0,112.0,1.0457915662333028,107.0,108.5,215,-9.0,-37.0,-0.04
07:37:05,88.67,24.0,109.0,40.0,67.61,41.0,438.3,33.0,20.33,65.0,73.0,3.7184163295688366,88.67,109.0,138,-8.0,-77.0,-0.06
07:37:06,85.14,56.0,108.8,45.0,73.73,33.0,396.11,37.0,23.659999999999997,89.0,82.0,5.243250899966883,85.14,108.8,171,7.0,33.0,0.04
07:37:07,90.99,77.0,104.9,49.0,82.26,61.0,467.22,36.0,13.91000000000001,138.0,85.0,5.373873835512223,90.99,104.9,223,53.0,52.0,0.24
07:37:08,104.17,69.0,295.11,36.0,78.68,82.0,550.24,42.0,190.94,151.0,78.0,44.60249466117348,104.17,295.11,229,73.0,6.0,0.32
07:37:09,110.0,50.0,337.13,31.0,109.0,10.0,475.23,39.0,227.13,60.0,70.0,62.84386183232231,110.0,337.13,130,-10.0,-99.0,-0.08
07:37:10,110.0,30.0,119.0,30.0,109.0,6.0,167.33,24.0,9.0,36.0,54.0,60.40984042356028,110.0,119.0,90,-18.0,-40.0,-0.2
07:37:11,110.0,35.0,117.57,28.0,109.0,7.0,128.71,35.0,7.569999999999993,42.0,63.0,57.35153860185461,110.0,117.57000000000001,105,-21.0,15.0,-0.2
07:37:12,109.91,33.0,117.0,36.0,107.5,24.0,517.91,22.0,7.090000000000003,57.0,58.0,54.17074644122988,109.91,117.0,115,-1.0,10.0,-0.01
07:37:13,109.0,12.0,116.08,48.0,107.0,82.0,333.18,44.0,7.079999999999998,94.0,92.0,49.19407657431955,109.0,116.08,186,2.0,71.0,0.01
07:37:14,109.0,12.0,114.67,48.0,107.0,72.0,156.04,50.0,5.670000000000002,84.0,98.0,1.050080949265375,109.0,114.67,182,-14.0,-4.0,-0.08
07:37:15,108.29,24.0,112.17,48.0,106.09,53.0,114.0,48.0,3.8799999999999955,77.0,96.0,1.4215203129079357,108.29,112.17,173,-19.0,-9.0,-0.11
07:37:16,108.0,8.0,112.0,25.0,107.0,40.0,114.0,32.0,4.0,48.0,57.0,1.4828519818274861,108.0,112.0,105,-9.0,-68.0,-0.09
07:37:17,108.0,13.0,111.08,48.0,107.0,65.0,112.74,43.0,3.0799999999999983,78.0,91.0,1.2881265465821006,108.0,111.08,169,-13.0,64.0,-0.08
07:37:18,108.0,11.0,110.0,24.0,107.0,55.0,112.0,33.0,2.0,66.0,57.0,1.0655280381150811,108.0,110.0,123,9.0,-46.0,0.07
07:37:19,107.33,15.0,109.1,20.0,106.76,33.0,132.94,17.0,1.769999999999996,48.0,37.0,0.8094566078606222,107.33,109.1,85,11.0,-38.0,0.13
07:37:20,106.16,43.0,268.0,34.0,102.6,53.0,451.06,35.0,161.84,96.0,69.0,34.83976635972195,106.16,268.0,165,27.0,80.0,0.16
07:37:21,106.75,48.0,235.8,50.0,104.48,48.0,319.75,32.0,129.05,96.0,82.0,38.88914347218277,106.75,235.8,178,14.0,13.0,0.08
07:37:22,107.37,30.0,241.82,34.0,106.66,44.0,432.57,37.0,134.45,74.0,71.0,38.273642105240235,107.37000000000002,241.81999999999996,145,3.0,-33.0,0.02
07:37:23,110.0,9.0,258.0,18.0,106.0,27.0,360.59,22.0,148.0,36.0,40.0,32.41946452364723,110.0,258.0,76,-4.0,-69.0,-0.05
07:37:24,84.49,61.0,217.59,37.0,71.26,43.0,282.81,42.0,133.10000000000002,104.0,79.0,14.18807950358409,84.49,217.59,183,25.0,107.0,0.14
07:37:34,106.09,33.0,135.48,23.0,93.11,19.0,243.42,26.0,29.389999999999986,52.0,49.0,42.98950011339987,106.09,135.48,101,3.0,23.0,0.03
07:37:35,107.0,17.0,115.44,9.0,106.0,27.0,119.11,18.0,8.439999999999998,44.0,27.0,36.099358443052836,107.0,115.44,71,17.0,-30.0,0.24
07:37:36,107.0,14.0,114.0,7.0,106.0,21.0,156.0,14.0,7.0,35.0,21.0,28.211694029249855,107.0,114.0,56,14.0,-15.0,0.25
07:37:37,107.22,18.0,113.0,16.0,106.28,29.0,133.76,17.0,5.780000000000001,47.0,33.0,16.70771139324635,107.22,113.0,80,14.0,24.0,0.17
07:37:38,108.0,26.0,110.07,14.0,107.0,15.0,118.58,24.0,2.069999999999993,41.0,38.0,4.7889456042026355,108.0,110.07000000000001,79,3.0,-1.0,0.04
07:37:39,108.0,30.0,120.67,12.0,107.0,7.0,126.16,19.0,12.670000000000002,37.0,31.0,2.000812335030804,108.0,120.67,68,6.0,-11.0,0.09
07:37:40,108.0,24.0,123.0,12.0,107.0,6.0,127.0,18.0,15.0,30.0,30.0,2.8376275301758085,108.0,123.0,60,0.0,-8.0,0.0
07:37:41,108.0,28.0,123.0,18.0,107.0,9.0,127.0,27.0,15.0,37.0,45.0,3.092269393182285,108.0,123.0,82,-8.0,22.0,-0.1
07:37:42,108.0,6.0,123.0,12.0,107.0,6.0,127.0,18.0,15.0,12.0,30.0,2.8043323626154297,108.0,123.0,42,-18.0,-40.0,-0.43
07:37:43,108.89,63.0,125.77,39.0,107.5,14.0,139.54,24.0,16.879999999999995,77.0,63.0,1.0759507423728563,108.89,125.77,140,14.0,98.0,0.1
07:37:44,109.0,64.0,123.0,40.0,108.0,8.0,128.71,28.0,14.0,72.0,68.0,0.7926411546297534,109.0,123.0,140,4.0,0.0,0.03
07:37:45,109.0,29.0,122.6,60.0,108.0,10.0,125.59,41.0,13.599999999999994,39.0,101.0,0.7591969441540218,109.0,122.6,140,-62.0,0.0,-0.44
07:37:46,109.0,27.0,120.0,48.0,108.0,18.0,123.48,63.0,11.0,45.0,111.0,1.0194998773971247,109.0,120.0,156,-66.0,16.0,-0.42
07:37:47,109.1,39.0,120.57,56.0,107.63,19.0,122.41,85.0,11.469999999999999,58.0,141.0,1.1108915338649037,109.1,120.57000000000001,199,-83.0,43.0,-0.42
07:37:48,110.22,36.0,116.33,60.0,109.82,39.0,117.55,62.0,6.109999999999999,75.0,122.0,1.0962116584002037,110.22,116.33,197,-47.0,-2.0,-0.24
07:37:49,111.0,9.0,116.0,36.0,110.0,36.0,117.0,36.0,5.0,45.0,72.0,1.0279494151038762,111.0,116.0,117,-27.0,-80.0,-0.23
07:37:50,111.0,5.0,116.0,20.0,110.0,20.0,117.0,20.0,5.0,25.0,40.0,0.6973377947682795,111.0,116.0,65,-15.0,-52.0,-0.23
07:37:51,110.4,20.0,114.86,73.0,109.64,50.0,116.18,44.0,4.459999999999994,70.0,117.0,0.8044252606750885,110.4,114.86000000000001,187,-47.0,122.0,-0.25
07:37:52,110.0,42.0,115.0,90.0,109.0,60.0,116.0,40.0,5.0,102.0,130.0,0.48261786126504114,110.0,115.0,232,-28.0,45.0,-0.12
07:37:53,110.0,45.0,114.59,61.0,109.0,54.0,115.44,36.0,4.590000000000003,99.0,97.0,0.5726953815179464,110.0,114.59,196,2.0,-36.0,0.01
07:37:54,109.92,76.0,112.61,67.0,108.98,86.0,113.96,67.0,2.6899999999999977,162.0,134.0,0.7987177223599397,109.92,112.61,296,28.0,100.0,0.09
07:37:55,109.0,33.0,110.18,44.0,108.0,22.0,114.91,44.0,1.1800000000000068,55.0,88.0,1.2740761358771289,109.0,110.18,143,-33.0,-153.0,-0.23
07:37:56,108.15,53.0,109.81,54.0,107.24,17.0,113.38,52.0,1.6599999999999966,70.0,106.0,1.5855188425280147,108.15000000000002,109.81,176,-36.0,33.0,-0.2
07:37:57,107.9,21.0,109.5,24.0,106.5,8.0,114.0,48.0,1.5999999999999943,29.0,72.0,1.5540495487632142,107.9,109.5,101,-43.0,-75.0,-0.43
07:37:58,108.0,50.0,110.09,44.0,107.0,11.0,113.43,56.0,2.0900000000000034,61.0,100.0,1.0310528599499427,108.0,110.09,161,-39.0,60.0,-0.24
07:37:59,107.9,20.0,112.0,76.0,106.69,13.0,115.25,72.0,4.099999999999994,33.0,148.0,0.5052029295351291,107.9,112.0,181,-115.0,20.0,-0.64
07:38:00,107.79,34.0,112.0,80.0,106.18,17.0,114.0,50.0,4.209999999999994,51.0,130.0,0.5714280357235699,107.79,112.0,181,-79.0,0.0,-0.44
07:38:01,108.0,117.0,111.96,83.0,106.85,68.0,113.35,74.0,3.9599999999999937,185.0,157.0,0.5987737469286418,108.0,111.96000000000001,342,28.0,161.0,0.08
07:38:02,108.0,99.0,110.27,11.0,107.0,121.0,111.87,60.0,2.269999999999996,220.0,71.0,0.46661547339430964,108.0,110.27,291,149.0,-51.0,0.51
07:38:03,108.0,54.0,110.0,6.0,107.0,66.0,111.0,24.0,2.0,120.0,30.0,0.48174682148509324,108.0,110.0,150,90.0,-141.0,0.6
07:38:04,108.0,99.0,109.18,11.0,107.0,121.0,110.91,44.0,1.1800000000000068,220.0,55.0,0.59993332963829,108.0,109.18,275,165.0,125.0,0.6
07:38:05,108.0,40.0,109.92,26.0,107.0,88.0,112.61,62.0,1.9200000000000017,128.0,88.0,0.5147620809760681,108.0,109.92,216,40.0,-59.0,0.19
07:38:06,108.5,16.0,110.0,40.0,107.03,131.0,112.69,65.0,1.5,147.0,105.0,0.25053941807778,108.5,110.0,252,42.0,36.0,0.17
07:38:07,109.0,20.0,110.0,40.0,107.0,126.0,112.0,40.0,1.0,146.0,80.0,0.3406611219537393,109.0,110.0,226,66.0,-26.0,0.29
07:38:08,109.0,21.0,110.0,28.0,107.0,80.0,112.0,28.0,1.0,101.0,56.0,0.3886515148700953,109.0,110.0,157,45.0,-69.0,0.29
07:38:09,109.0,27.0,110.0,36.0,107.04,75.0,112.0,36.0,1.0,102.0,72.0,0.23941595604907873,109.0,110.0,174,30.0,17.0,0.17
07:38:10,109.0,19.0,110.0,36.0,107.0,108.0,112.0,36.0,1.0,127.0,72.0,0.11180339892389562,109.0,110.0,199,55.0,25.0,0.28
07:38:11,109.0,20.0,111.47,49.0,107.0,156.0,112.74,61.0,2.469999999999999,176.0,110.0,0.3264659247318379,109.0,111.47,286,66.0,87.0,0.23
07:38:12,109.0,6.0,110.0,18.0,107.0,72.0,112.71,28.0,1.0,78.0,46.0,0.3264659247318379,109.0,110.0,124,32.0,-162.0,0.26
07:38:13,109.0,9.0,110.0,27.0,107.0,108.0,112.9,42.0,1.0,117.0,69.0,0.3264659247318379,109.0,110.0,186,48.0,62.0,0.26
07:38:14,109.0,6.0,110.0,18.0,107.0,54.0,111.0,12.0,1.0,60.0,30.0,0.3264659247318379,109.0,110.0,90,30.0,-96.0,0.33
07:38:15,107.72,25.0,110.0,33.0,106.45,66.0,111.0,22.0,2.280000000000001,91.0,55.0,0.484994845344736,107.72,110.0,146,36.0,56.0,0.25
07:38:16,108.0,48.0,109.53,17.0,107.0,22.0,110.93,44.0,1.5300000000000011,70.0,61.0,0.37957871385372394,108.0,109.53,131,9.0,-15.0,0.07
07:38:17,108.0,50.0,110.47,19.0,107.0,18.0,111.3,33.0,2.469999999999999,68.0,52.0,0.3488839348706486,108.0,110.46999999999998,120,16.0,-11.0,0.13
07:38:18,108.0,41.0,111.0,21.0,107.0,14.0,112.0,14.0,3.0,55.0,35.0,0.3488839348706486,108.0,111.0,90,20.0,-30.0,0.22
07:38:19,108.0,36.0,111.0,17.0,107.0,12.0,112.0,12.0,3.0,48.0,29.0,0.3488839348706486,108.0,111.0,77,19.0,-13.0,0.25
07:38:20,108.0,18.0,111.0,6.0,107.0,6.0,112.0,6.0,3.0,24.0,12.0,0.32218007388862185,108.0,111.0,36,12.0,-41.0,0.33
07:38:21,108.89,54.0,111.0,24.0,107.77,44.0,112.0,24.0,2.1099999999999994,98.0,48.0,0.2523489647511392,108.89,111.0,146,50.0,110.0,0.34
07:38:22,109.5,16.0,111.0,14.0,107.92,26.0,112.0,14.0,1.5,42.0,28.0,0.34383135402555337,109.5,111.0,70,14.0,-76.0,0.2
07:38:23,108.0,32.0,111.0,16.0,107.0,16.0,112.0,16.0,3.0,48.0,32.0,0.34383135402555337,108.0,111.0,80,16.0,10.0,0.2
07:38:24,110.0,36.0,111.86,14.0,107.67,24.0,112.86,14.0,1.8599999999999994,60.0,28.0,0.5975198741557911,110.0,111.86,88,32.0,8.0,0.36
07:38:25,111.0,43.0,112.0,16.0,108.0,32.0,113.0,16.0,1.0,75.0,32.0,0.7956318244083057,111.0,112.0,107,43.0,19.0,0.4
07:38:26,111.0,45.0,112.0,18.0,108.22,36.0,113.71,28.0,1.0,81.0,46.0,0.8615277128516496,111.0,112.0,127,35.0,20.0,0.28
07:38:27,111.0,45.0,112.0,18.0,110.0,36.0,171.25,16.0,1.0,81.0,34.0,0.8665910223464584,111.0,112.0,115,47.0,-12.0,0.41
07:38:28,111.0,25.0,112.0,10.0,110.0,20.0,113.0,20.0,1.0,45.0,30.0,0.25491174945776046,111.0,112.0,75,15.0,-40.0,0.2
07:38:29,111.0,26.0,112.0,20.0,110.0,40.0,113.0,40.0,1.0,66.0,60.0,0.0,111.0,112.0,126,6.0,51.0,0.05
07:38:30,111.0,18.0,112.0,18.0,110.0,36.0,113.0,36.0,1.0,54.0,54.0,0.0,111.0,112.0,108,0.0,-18.0,0.0
07:38:31,111.0,14.0,112.0,14.0,110.0,28.0,113.0,28.0,1.0,42.0,42.0,0.0,111.0,112.0,84,0.0,-24.0,0.0
07:38:32,110.04,46.0,112.67,36.0,108.31,26.0,113.33,36.0,2.6299999999999955,72.0,72.0,0.06260990346300373,110.04,112.67,144,0.0,60.0,0.0
07:38:33,110.0,28.0,112.14,28.0,108.0,14.0,113.08,26.0,2.1400000000000006,42.0,54.0,0.1867618805099672,110.0,112.14,96,-12.0,-48.0,-0.12
07:38:34,110.0,41.0,111.7,40.0,108.85,27.0,112.64,44.0,1.7000000000000028,68.0,84.0,0.28693204772485054,110.0,111.7,152,-16.0,56.0,-0.11
07:38:35,109.44,27.0,111.0,27.0,108.55,22.0,112.0,72.0,1.5600000000000023,49.0,99.0,0.5038352905578226,109.44,111.0,148,-50.0,-4.0,-0.34
07:38:36,108.39,23.0,111.0,30.0,107.15,41.0,112.0,80.0,2.6099999999999994,64.0,110.0,0.6721978875386019,108.38999999999999,111.0,174,-46.0,26.0,-0.26
07:38:37,108.0,10.0,110.8,15.0,107.0,25.0,112.0,40.0,2.799999999999997,35.0,55.0,0.717335346969058,108.0,110.8,90,-20.0,-84.0,-0.22
07:38:38,107.41,34.0,110.49,53.0,106.69,51.0,111.33,48.0,3.0799999999999983,85.0,101.0,0.7362947779327782,107.41,110.48999999999998,186,-16.0,96.0,-0.09
07:38:39,107.0,35.0,110.57,14.0,106.0,28.0,111.08,50.0,3.569999999999993,63.0,64.0,0.5779878891559482,107.0,110.57000000000001,127,-1.0,-59.0,-0.01
07:38:40,107.0,35.0,109.0,7.0,106.0,28.0,110.6,40.0,2.0,63.0,47.0,0.6502845531079566,107.0,109.0,110,16.0,-17.0,0.15
07:38:41,106.76,51.0,109.07,42.0,105.43,84.0,110.42,48.0,2.309999999999988,135.0,90.0,0.6364510978941736,106.76,109.07,225,45.0,115.0,0.2
07:38:42,106.0,34.0,109.18,44.0,105.0,176.0,110.17,48.0,3.180000000000007,210.0,92.0,0.5891943652230363,106.0,109.18,302,118.0,77.0,0.39
07:38:43,106.86,22.0,109.09,44.0,105.18,101.0,110.07,56.0,2.230000000000004,123.0,100.0,0.44252683535635984,106.86,109.09,223,23.0,-79.0,0.1
07:38:44,105.23,78.0,110.0,48.0,104.65,95.0,111.0,48.0,4.769999999999996,173.0,96.0,0.2005492458486077,105.23,110.0,269,77.0,46.0,0.29
07:38:45,106.0,25.0,110.0,40.0,105.0,70.0,111.0,40.0,4.0,95.0,80.0,0.2005492458486077,106.0,110.0,175,15.0,-94.0,0.09
07:38:46,106.0,6.0,110.0,24.0,105.0,42.0,111.0,24.0,4.0,48.0,48.0,0.21311968470896853,106.0,110.0,96,0.0,-79.0,0.0
07:38:47,106.0,9.0,110.38,21.0,105.0,63.0,111.12,32.0,4.3799999999999955,72.0,53.0,0.2074126322346015,106.0,110.38,125,19.0,29.0,0.15
07:38:48,105.52,21.0,110.21,75.0,104.89,87.0,111.86,28.0,4.689999999999998,108.0,103.0,0.2103092960629171,105.52000000000001,110.21,211,5.0,86.0,0.02
07:38:49,105.7,46.0,110.0,60.0,104.4,50.0,111.3,20.0,4.299999999999997,96.0,80.0,0.13590437818736087,105.7,110.0,176,16.0,-35.0,0.09
07:38:50,107.41,34.0,110.0,35.0,105.48,33.0,111.0,14.0,2.5900000000000034,67.0,49.0,0.3545137515111747,107.41,110.0,116,18.0,-60.0,0.16
07:38:51,108.0,84.0,110.0,36.0,107.0,48.0,111.0,24.0,2.0,132.0,60.0,0.5134978091584985,108.0,110.0,192,72.0,76.0,0.38
07:38:52,109.0,96.0,110.0,36.0,108.0,84.0,111.0,24.0,1.0,180.0,60.0,0.7205067661102452,109.0,110.0,240,120.0,48.0,0.5
07:38:53,109.0,88.0,110.0,42.0,108.0,77.0,111.0,22.0,1.0,165.0,64.0,0.6833520322723342,109.0,110.0,229,101.0,-11.0,0.44
07:38:54,108.76,58.0,110.0,66.0,107.35,62.0,111.0,22.0,1.2399999999999949,120.0,88.0,0.35031414474840655,108.76,110.0,208,32.0,-21.0,0.15
07:38:55,108.0,16.0,110.0,48.0,107.0,56.0,111.0,16.0,2.0,72.0,64.0,0.2566709956555696,108.0,110.0,136,8.0,-72.0,0.06
07:38:56,107.3,20.0,110.0,30.0,106.72,29.0,111.0,10.0,2.700000000000003,49.0,40.0,0.3723976369565206,107.3,110.0,89,9.0,-47.0,0.1
07:38:57,107.0,84.0,109.17,35.0,106.0,52.0,110.03,60.0,2.1700000000000017,136.0,95.0,0.57361136670286,107.0,109.17,231,41.0,142.0,0.18
07:38:58,107.0,67.0,108.89,28.0,106.0,50.0,109.82,50.0,1.8900000000000006,117.0,78.0,0.6026026883533098,107.0,108.89,195,39.0,-36.0,0.2
07:38:59,107.0,60.0,108.16,32.0,106.0,47.0,109.13,39.0,1.1599999999999966,107.0,71.0,0.5672124822414818,107.0,108.16,178,36.0,-17.0,0.2
07:39:00,107.0,22.0,108.0,15.0,106.0,20.0,109.0,20.0,1.0,42.0,35.0,0.4606842736739157,107.0,108.0,77,7.0,-101.0,0.09
07:39:01,107.0,26.0,108.0,39.0,106.0,52.0,109.0,44.0,1.0,78.0,83.0,0.2766405610361536,107.0,108.0,161,-5.0,84.0,-0.03
07:39:02,106.29,34.0,108.0,33.0,105.77,26.0,109.0,44.0,1.7099999999999937,60.0,77.0,0.285008771812982,106.29,108.0,137,-17.0,-24.0,-0.12
07:39:03,106.56,36.0,108.0,24.0,105.8,20.0,109.0,32.0,1.4399999999999977,56.0,56.0,0.17977764046261827,106.56,108.0,112,0.0,-25.0,0.0
07:39:04,107.0,55.0,109.0,11.0,105.23,52.0,110.0,33.0,2.0,107.0,44.0,0.32400617279664556,107.0,109.0,151,63.0,39.0,0.42
07:39:05,107.0,25.0,109.92,13.0,105.0,25.0,281.3,23.0,2.9200000000000017,50.0,36.0,0.5440772004140423,107.0,109.92,86,14.0,-65.0,0.16
07:39:06,107.5,40.0,110.0,42.0,106.43,70.0,264.5,56.0,2.5,110.0,98.0,0.7051737374650694,107.5,110.0,208,12.0,122.0,0.06
07:39:07,107.61,23.0,109.86,29.0,106.84,38.0,355.76,46.0,2.25,61.0,75.0,0.6199838707664473,107.61000000000001,109.86,136,-14.0,-72.0,-0.1
07:39:08,107.0,24.0,108.0,16.0,105.0,8.0,109.25,24.0,1.0,32.0,40.0,0.536469943249908,107.0,108.0,72,-8.0,-64.0,-0.11
07:39:09,105.38,52.0,108.0,24.0,103.2,20.0,109.0,38.0,2.6200000000000045,72.0,62.0,0.9060739484227982,105.38000000000001,108.0,134,10.0,62.0,0.07
07:39:10,104.0,29.0,108.0,14.0,102.0,19.0,109.0,35.0,4.0,48.0,49.0,1.2247162936820624,104.0,108.0,97,-1.0,-37.0,-0.01
07:39:11,104.0,20.0,108.0,10.0,103.0,15.0,109.0,18.0,4.0,35.0,28.0,1.1589564271404498,104.0,108.0,63,7.0,-34.0,0.11
07:39:12,104.0,32.0,108.0,16.0,103.0,24.0,109.0,56.0,4.0,56.0,72.0,0.6646201922978197,104.0,108.0,128,-16.0,65.0,-0.12
07:39:13,104.55,44.0,108.0,14.0,102.44,43.0,109.0,49.0,3.450000000000003,87.0,63.0,0.30194370337848286,104.55,108.0,150,24.0,22.0,0.16
07:39:14,105.23,156.0,108.0,26.0,104.0,43.0,109.0,91.0,2.769999999999996,199.0,117.0,0.27334959303044565,105.23,108.0,316,82.0,164.0,0.26
07:39:15,106.86,84.0,108.0,14.0,104.0,21.0,109.0,49.0,1.1400000000000006,105.0,63.0,0.5970175876890034,106.86,108.0,168,42.0,-148.0,0.25
07:39:16,107.0,64.0,108.0,16.0,104.0,24.0,109.0,56.0,1.0,88.0,72.0,0.6770745896945799,107.0,108.0,160,16.0,-8.0,0.1
07:39:17,104.0,18.0,108.23,30.0,103.0,48.0,135.9,30.0,4.230000000000004,66.0,60.0,0.6445696238654822,104.0,108.23,126,6.0,-34.0,0.05
07:39:18,105.56,41.0,108.0,26.0,103.33,36.0,109.0,35.0,2.4399999999999977,77.0,61.0,0.5791372894315457,105.56,108.0,138,16.0,12.0,0.12
07:39:19,106.47,15.0,108.71,14.0,105.9,59.0,112.86,28.0,2.239999999999995,74.0,42.0,0.6266019470207391,106.47,108.71,116,32.0,-22.0,0.28
07:39:20,106.19,63.0,108.57,14.0,105.51,75.0,113.97,30.0,2.3799999999999955,138.0,44.0,0.620064512780869,106.19,108.57000000000001,182,94.0,66.0,0.52
07:39:21,106.68,25.0,108.2,10.0,105.99,73.0,126.9,10.0,1.519999999999996,98.0,20.0,0.6102622387221514,106.68,108.2,118,78.0,-64.0,0.66
07:39:22,107.12,42.0,109.1,31.0,105.88,52.0,173.41,17.0,1.9799999999999898,94.0,48.0,0.47660255980250404,107.12,109.1,142,46.0,24.0,0.32
07:39:23,105.69,59.0,107.41,49.0,103.56,48.0,108.27,44.0,1.7199999999999989,107.0,93.0,0.5620765072570546,105.69,107.41,200,14.0,58.0,0.07
07:39:24,103.13,46.0,106.6,10.0,101.46,61.0,108.2,50.0,3.469999999999999,107.0,60.0,1.247497494991527,103.13,106.6,167,47.0,-33.0,0.28
07:39:25,103.0,25.0,106.0,5.0,101.0,30.0,109.0,25.0,3.0,55.0,30.0,1.5750333329837765,103.0,106.0,85,25.0,-82.0,0.29
07:39:26,103.0,55.0,104.73,11.0,101.0,66.0,109.0,55.0,1.730000000000004,121.0,66.0,1.7299335247372398,103.0,104.73,187,55.0,102.0,0.29
07:39:27,103.0,50.0,107.27,22.0,101.0,60.0,109.25,53.0,4.269999999999996,110.0,75.0,0.9984137418974498,103.0,107.27,185,35.0,-2.0,0.19
07:39:28,103.0,27.0,108.0,27.0,101.0,54.0,110.0,54.0,5.0,81.0,81.0,0.6286334385073873,103.0,108.0,162,0.0,-23.0,0.0
07:39:29,103.74,19.0,108.0,39.0,102.38,48.0,110.0,78.0,4.260000000000005,67.0,117.0,0.8019850372729345,103.74,108.0,184,-50.0,22.0,-0.27
07:39:30,105.33,9.0,110.0,54.0,104.0,27.0,415.39,31.0,4.670000000000002,36.0,85.0,1.3790105148293175,105.33,110.0,121,-49.0,-63.0,-0.4
07:39:31,106.85,13.0,110.0,78.0,104.0,39.0,444.69,45.0,3.1500000000000057,52.0,123.0,1.440468673734368,106.85,110.0,175,-71.0,54.0,-0.41
07:39:32,107.56,9.0,110.0,36.0,104.0,27.0,318.6,30.0,2.4399999999999977,36.0,66.0,1.4877062882203074,107.56,110.0,102,-30.0,-73.0,-0.29
07:39:33,108.0,6.0,110.0,18.0,104.0,18.0,184.2,20.0,2.0,24.0,38.0,1.2665978051498576,108.0,110.0,62,-14.0,-40.0,-0.23
07:39:34,108.57,7.0,110.0,18.0,104.0,21.0,180.43,21.0,1.4300000000000068,28.0,39.0,0.6246358939499331,108.57000000000001,110.0,67,-11.0,5.0,-0.16
07:39:35,106.88,17.0,110.0,22.0,104.12,32.0,243.18,33.0,3.1200000000000045,49.0,55.0,0.37199462363141145,106.88,110.0,104,-6.0,37.0,-0.06
07:39:36,106.94,34.0,110.0,26.0,105.68,19.0,328.81,32.0,3.0600000000000023,53.0,58.0,0.3601805103148669,106.94,110.0,111,-5.0,7.0,-0.05
07:39:37,106.58,48.0,108.05,58.0,105.2,69.0,109.0,64.0,1.4699999999999989,117.0,122.0,0.7534785995704133,106.58,108.05,239,-5.0,128.0,-0.02
07:39:38,105.17,40.0,107.66,41.0,104.43,47.0,125.13,53.0,2.489999999999995,87.0,94.0,1.122127443747117,105.17,107.65999999999998,181,-7.0,-58.0,-0.04
07:39:39,105.0,29.0,108.0,16.0,104.0,24.0,110.0,16.0,3.0,53.0,32.0,0.9998499887534481,105.0,108.0,85,21.0,-96.0,0.25
07:39:40,105.0,11.0,108.0,22.0,104.0,33.0,110.0,22.0,3.0,44.0,44.0,0.8790449362860565,105.0,108.0,88,0.0,3.0,0.0
07:39:41,105.0,7.0,107.5,20.0,104.0,21.0,109.43,14.0,2.5,28.0,34.0,0.4163171867819458,105.0,107.5,62,-6.0,-26.0,-0.1
07:39:42,103.07,56.0,107.0,55.0,102.25,24.0,108.0,22.0,3.930000000000007,80.0,77.0,0.6244357453012342,103.07000000000001,107.0,157,3.0,95.0,0.02
07:39:43,103.93,30.0,106.48,31.0,102.95,38.0,107.2,30.0,2.549999999999997,68.0,61.0,0.7173214063513309,103.93,106.48,129,7.0,-28.0,0.05
07:39:44,102.2,41.0,107.07,29.0,70.14,29.0,221.33,30.0,4.86999999999999,70.0,59.0,0.8080408405580553,102.19999999999999,107.07,129,11.0,0.0,0.09
07:39:45,102.0,24.0,108.5,16.0,58.62,24.0,382.32,25.0,6.5,48.0,41.0,0.5972269250542142,102.0,108.5,89,7.0,-40.0,0.08
07:39:46,102.57,28.0,108.0,16.0,80.5,24.0,420.85,33.0,5.430000000000007,52.0,49.0,0.27107194618711405,102.57000000000001,108.0,101,3.0,12.0,0.03
07:39:47,104.13,124.0,108.0,22.0,102.09,43.0,368.18,51.0,3.8700000000000045,167.0,73.0,0.5090383089804901,104.13,108.0,240,94.0,139.0,0.39
07:39:48,106.13,155.0,175.67,51.0,104.91,130.0,231.04,53.0,69.53999999999999,285.0,104.0,15.925527620773238,106.12999999999998,175.67,389,181.0,149.0,0.47
07:39:49,110.0,17.0,155.59,68.0,108.31,140.0,274.38,73.0,45.59,157.0,141.0,17.391143435668983,110.0,155.59,298,16.0,-91.0,0.05
07:39:50,109.94,50.0,154.06,64.0,108.75,63.0,249.56,72.0,44.120000000000005,113.0,136.0,16.56071767768575,109.94,154.06,249,-23.0,-49.0,-0.09
07:39:51,109.86,28.0,150.5,48.0,108.27,88.0,229.0,58.0,40.64,116.0,106.0,13.140824936053837,109.86,150.5,222,10.0,-27.0,0.05
07:39:52,110.25,8.0,149.25,32.0,108.09,53.0,237.0,27.0,39.0,61.0,59.0,4.52471325058452,110.25,149.25,120,2.0,-102.0,0.02
07:39:53,111.0,12.0,149.0,48.0,109.0,12.0,202.27,44.0,38.0,24.0,92.0,1.362288515702444,111.0,149.0,116,-68.0,-4.0,-0.59
07:39:54,111.0,9.0,142.89,27.0,109.0,9.0,147.95,21.0,31.889999999999986,18.0,48.0,1.8168048877120933,111.0,142.89,66,-30.0,-50.0,-0.45
07:39:55,111.0,10.0,145.11,19.0,109.0,10.0,145.96,25.0,34.110000000000014,20.0,44.0,1.4230003513753522,111.0,145.11,64,-24.0,-2.0,-0.38
07:39:56,109.95,19.0,144.0,22.0,108.15,94.0,145.0,11.0,34.05,113.0,33.0,1.471791425445273,109.95,144.0,146,80.0,82.0,0.55
07:39:57,109.0,12.0,142.73,11.0,108.0,112.0,143.8,10.0,33.72999999999999,124.0,21.0,1.5665343915835441,109.0,142.73,145,103.0,-1.0,0.71
07:39:58,108.12,74.0,138.07,29.0,107.79,163.0,139.45,22.0,29.94999999999999,237.0,51.0,1.8899285700823925,108.12,138.07,288,186.0,143.0,0.65
07:39:59,108.0,130.0,131.93,28.0,107.0,30.0,134.15,26.0,23.930000000000007,160.0,54.0,3.2676398210349538,108.0,131.93,214,106.0,-74.0,0.5
07:40:00,108.0,83.0,120.0,16.0,107.0,21.0,131.4,20.0,12.0,104.0,36.0,5.219427171636039,108.0,120.0,140,68.0,-74.0,0.49
07:40:01,108.0,41.0,109.0,7.0,107.0,21.0,139.75,8.0,1.0,62.0,15.0,7.026341864726743,108.0,109.0,77,47.0,-63.0,0.61
07:40:02,108.0,54.0,109.0,6.0,107.0,18.0,366.77,13.0,1.0,72.0,19.0,6.624478847427238,108.0,109.0,91,53.0,14.0,0.58
07:40:03,108.0,42.0,109.0,6.0,107.0,18.0,413.82,11.0,1.0,60.0,17.0,5.100325479811097,108.0,109.0,77,43.0,-14.0,0.56
07:40:04,108.0,53.0,109.0,10.0,107.0,30.0,201.77,30.0,1.0,83.0,40.0,2.459674775251762,108.0,109.0,123,43.0,46.0,0.35
07:40:05,108.0,33.0,109.0,10.0,107.0,30.0,132.2,40.0,1.0,63.0,50.0,0.0,108.0,109.0,113,13.0,-10.0,0.12
07:40:06,108.0,21.0,109.0,7.0,107.0,21.0,300.8,20.0,1.0,42.0,27.0,0.0,108.0,109.0,69,15.0,-44.0,0.22
07:40:07,108.0,12.0,109.0,4.0,107.0,12.0,275.0,12.0,1.0,24.0,16.0,0.0,108.0,109.0,40,8.0,-29.0,0.2
07:40:08,108.0,24.0,109.0,8.0,107.0,24.0,275.0,24.0,1.0,48.0,32.0,0.0,108.0,109.0,80,16.0,40.0,0.2
07:40:09,107.38,24.0,109.0,8.0,106.23,39.0,434.35,31.0,1.6200000000000045,63.0,39.0,0.13863621463940273,107.38,109.0,102,24.0,22.0,0.24
07:40:10,107.62,16.0,163.43,28.0,105.92,39.0,606.45,22.0,55.81,55.0,50.0,12.123585690710936,107.62,163.43,105,5.0,3.0,0.05
07:40:11,109.35,17.0,118.0,36.0,106.61,31.0,262.73,22.0,8.650000000000006,48.0,58.0,11.76889332095466,109.35,118.0,106,-10.0,1.0,-0.09
07:40:12,107.0,15.0,120.24,17.0,106.0,30.0,195.56,18.0,13.239999999999995,45.0,35.0,11.287910789867693,107.0,120.24,80,10.0,-26.0,0.12
07:40:13,107.0,11.0,108.0,18.0,106.0,42.0,193.0,28.0,1.0,53.0,46.0,11.459447194346305,107.0,108.0,99,7.0,19.0,0.07
07:40:14,107.0,11.0,108.24,17.0,106.0,66.0,138.95,42.0,1.2399999999999949,77.0,59.0,11.55531912151332,107.0,108.24,136,18.0,37.0,0.13
07:40:15,105.97,31.0,108.27,48.0,105.04,46.0,155.5,40.0,2.299999999999997,77.0,88.0,3.421011546313424,105.97,108.27,165,-11.0,29.0,-0.07
07:40:16,105.62,16.0,108.17,18.0,104.6,50.0,123.83,48.0,2.549999999999997,66.0,66.0,2.84779212724689,105.62,108.17,132,0.0,-33.0,0.0
07:40:17,105.0,21.0,110.59,27.0,104.0,70.0,194.14,28.0,5.590000000000003,91.0,55.0,0.36948612965718397,105.0,110.59000000000002,146,36.0,14.0,0.25
07:40:18,104.47,34.0,110.0,56.0,103.97,62.0,295.25,32.0,5.530000000000001,96.0,88.0,0.36807607910462226,104.47,110.0,184,8.0,38.0,0.04
07:40:19,104.0,81.0,109.15,26.0,103.0,13.0,153.78,36.0,5.150000000000006,94.0,62.0,0.4517964143383383,104.0,109.15,156,32.0,-28.0,0.21
07:40:20,104.0,99.0,108.0,22.0,103.0,11.0,110.0,44.0,4.0,110.0,66.0,0.6778495408340468,104.0,108.0,176,44.0,20.0,0.25
07:40:21,104.94,51.0,108.0,18.0,103.95,57.0,110.0,36.0,3.0600000000000023,108.0,54.0,0.7052091888290376,104.94,108.0,162,54.0,-14.0,0.33
07:40:22,106.12,17.0,108.92,26.0,101.42,31.0,126.0,36.0,2.799999999999997,48.0,62.0,0.6127968668399801,106.12,108.92,110,-14.0,-52.0,-0.13
07:40:23,103.33,9.0,110.0,36.0,89.14,14.0,229.7,20.0,6.670000000000002,23.0,56.0,0.551606743984221,103.33,110.0,79,-33.0,-31.0,-0.42
07:40:24,104.0,13.0,109.14,58.0,102.0,13.0,152.79,47.0,5.140000000000001,26.0,105.0,0.5519329669523954,104.0,109.14,131,-79.0,52.0,-0.6
07:40:26,106.0,28.0,108.64,25.0,29.0,14.0,172.23,31.0,2.6400000000000006,42.0,56.0,9.663946916245358,106.0,108.64,98,-14.0,-82.0,-0.14
07:40:27,100.32,28.0,108.08,48.0,28.26,23.0,111.68,57.0,7.760000000000005,51.0,105.0,9.359405429834103,100.32000000000001,108.08,156,-54.0,58.0,-0.35
07:40:39,98.75,8.0,100.82,17.0,97.71,14.0,102.36,22.0,2.069999999999993,22.0,39.0,6.431673965617866,98.75,100.82,61,-17.0,-64.0,-0.28
07:40:40,99.4,10.0,102.0,24.0,98.14,14.0,104.0,48.0,2.5999999999999943,24.0,72.0,3.6317791783101128,99.4,102.0,96,-48.0,35.0,-0.5
07:40:41,99.78,23.0,170.5,32.0,97.23,26.0,194.7,74.0,70.72,49.0,106.0,16.77005008937085,99.78,170.5,155,-57.0,59.0,-0.37
07:40:42,92.17,40.0,340.33,60.0,51.7,60.0,403.59,39.0,248.15999999999997,100.0,99.0,50.816585186334684,92.17,340.33,199,1.0,44.0,0.01
07:40:43,107.68,25.0,296.0,50.0,105.36,44.0,385.58,43.0,188.32,69.0,93.0,55.330900317996026,107.68,296.0,162,-24.0,-37.0,-0.15
07:40:44,106.86,14.0,296.0,40.0,104.14,28.0,421.27,22.0,189.14,42.0,62.0,50.3801962084311,106.86,296.0,104,-20.0,-58.0,-0.19
07:40:45,106.75,20.0,225.23,53.0,105.0,44.0,381.0,38.0,118.47999999999999,64.0,91.0,33.06700848277656,106.75,225.22999999999996,155,-27.0,51.0,-0.17
07:40:46,108.0,5.0,159.0,25.0,105.0,20.0,307.67,18.0,51.0,25.0,43.0,33.67694715974144,108.0,159.0,68,-18.0,-87.0,-0.26
07:40:47,108.0,8.0,164.62,40.0,105.0,52.0,234.4,35.0,56.620000000000005,60.0,75.0,33.39567232441975,108.0,164.62,135,-15.0,67.0,-0.11
07:40:48,106.08,25.0,291.19,58.0,103.12,68.0,496.19,37.0,185.11,93.0,95.0,32.59938680404917,106.08,291.19,188,-2.0,53.0,-0.01
07:40:49,105.0,8.0,188.0,10.0,101.0,16.0,387.57,7.0,83.0,24.0,17.0,26.93111638978255,105.0,188.0,41,7.0,-147.0,0.17
07:40:50,106.0,24.0,188.0,45.0,105.0,36.0,372.33,45.0,82.0,60.0,90.0,26.539029183450058,106.0,188.0,150,-30.0,109.0,-0.2
07:40:51,106.0,10.0,189.08,13.0,105.0,20.0,293.05,22.0,83.08000000000001,30.0,35.0,24.721460919614238,106.0,189.07999999999998,65,-5.0,-85.0,-0.08
07:40:52,106.0,18.0,144.33,30.0,104.2,40.0,234.81,42.0,38.33000000000001,58.0,72.0,27.224356190735048,106.0,144.33,130,-14.0,65.0,-0.11
07:40:53,106.0,12.0,123.33,12.0,101.21,43.0,183.83,30.0,17.33,55.0,42.0,15.30134405861172,106.0,123.33,97,13.0,-33.0,0.13
07:40:54,106.0,16.0,121.71,21.0,105.0,24.0,144.17,23.0,15.709999999999994,40.0,44.0,16.694830637056835,106.0,121.71,84,-4.0,-13.0,-0.05
07:40:55,109.64,22.0,121.29,21.0,105.47,17.0,123.0,14.0,11.650000000000006,39.0,35.0,14.28392978140158,109.64,121.29,74,4.0,-10.0,0.05
07:40:56,111.0,48.0,117.75,36.0,106.17,24.0,123.0,24.0,6.75,72.0,60.0,4.765686729109502,111.0,117.75,132,12.0,58.0,0.09
07:40:57,111.0,40.0,115.0,30.0,108.0,22.0,120.12,25.0,4.0,62.0,55.0,0.9177581380789545,111.0,115.0,117,7.0,-15.0,0.06
07:40:58,110.18,22.0,112.13,30.0,107.45,22.0,115.65,31.0,1.9499999999999886,44.0,61.0,1.615957920247333,110.18,112.12999999999998,105,-17.0,-12.0,-0.16
07:40:59,107.6,20.0,109.5,32.0,105.73,22.0,111.06,48.0,1.9000000000000057,42.0,80.0,2.736037280449586,107.6,109.5,122,-38.0,17.0,-0.31
07:41:00,105.36,33.0,244.02,41.0,104.46,39.0,242.59,44.0,138.66000000000003,72.0,85.0,28.222131918053453,105.36,244.01999999999998,157,-13.0,35.0,-0.08
07:41:01,110.0,39.0,185.0,37.0,107.18,66.0,188.64,28.0,75.0,105.0,65.0,29.166299902456124,110.0,185.0,170,40.0,13.0,0.24
07:41:02,110.0,14.0,152.0,28.0,109.0,144.0,181.25,32.0,42.0,158.0,60.0,27.45274212169,110.0,152.0,218,98.0,48.0,0.45
07:41:03,110.0,8.0,173.0,24.0,109.0,96.0,174.0,16.0,63.0,104.0,40.0,24.1345140825336,110.0,173.0,144,64.0,-74.0,0.44
07:41:04,110.0,11.0,171.09,33.0,107.77,125.0,231.73,22.0,61.09,136.0,55.0,16.544085650165535,110.0,171.09,191,81.0,47.0,0.42
07:41:05,107.28,89.0,157.42,38.0,106.44,86.0,217.06,32.0,50.139999999999986,175.0,70.0,6.8600838187308275,107.28,157.42,245,105.0,54.0,0.43
07:41:06,108.57,70.0,168.92,26.0,107.0,49.0,193.26,19.0,60.349999999999994,119.0,45.0,4.832002690397878,108.57,168.92000000000002,164,74.0,-81.0,0.45
07:41:07,109.0,100.0,159.06,34.0,105.59,34.0,166.33,24.0,50.06,134.0,58.0,4.043758153007223,109.0,159.06,192,76.0,28.0,0.4
07:41:08,109.0,140.0,149.34,53.0,107.67,18.0,159.89,35.0,40.34,158.0,88.0,4.658669337913144,109.0,149.34,246,70.0,54.0,0.28
07:41:09,109.9,93.0,145.7,40.0,108.78,85.0,146.57,37.0,35.79999999999998,178.0,77.0,4.317777205925721,109.9,145.7,255,101.0,9.0,0.4
07:41:10,111.0,30.0,144.33,18.0,109.0,66.0,146.0,24.0,33.33000000000001,96.0,42.0,4.815337994368788,111.0,144.33,138,54.0,-117.0,0.39
07:41:11,110.18,60.0,141.64,28.0,108.99,80.0,145.09,35.0,31.45999999999998,140.0,63.0,3.084295705669495,110.18,141.64,203,77.0,65.0,0.38
07:41:12,110.0,97.0,139.03,30.0,109.0,72.0,140.36,33.0,29.03,169.0,63.0,1.8121341010010865,110.0,139.03,232,106.0,29.0,0.46
07:41:13,110.0,120.0,136.33,36.0,109.0,120.0,138.0,48.0,26.330000000000013,240.0,84.0,2.003953592279732,110.0,136.33,324,156.0,92.0,0.48
07:41:14,110.0,93.0,134.0,34.0,109.0,120.0,135.0,36.0,24.0,213.0,70.0,2.2325837050401196,110.0,134.0,283,143.0,-41.0,0.51
07:41:15,110.0,81.0,133.0,36.0,109.0,108.0,134.0,27.0,23.0,189.0,63.0,1.8148966912776245,110.0,133.0,252,126.0,-31.0,0.5
07:41:16,110.98,49.0,132.33,36.0,109.57,84.0,134.0,27.0,21.35000000000001,133.0,63.0,1.2708658465826872,110.98,132.33,196,70.0,-56.0,0.36
07:41:17,111.0,64.0,129.28,36.0,109.73,88.0,131.75,32.0,18.28,152.0,68.0,1.0869590608712931,111.0,129.28,220,84.0,24.0,0.38
07:41:18,110.0,256.0,123.8,51.0,109.0,128.0,124.74,57.0,13.799999999999997,384.0,108.0,2.101618423979485,110.0,123.8,492,276.0,164.0,0.56
07:41:19,110.0,144.0,120.81,26.0,109.0,72.0,122.07,30.0,10.810000000000002,216.0,56.0,2.825030973283269,110.0,120.81,272,160.0,-164.0,0.59
07:41:20,110.0,237.0,111.91,44.0,109.0,120.0,113.0,38.0,1.9099999999999966,357.0,82.0,4.205567738131147,110.0,111.91,439,275.0,164.0,0.63
07:41:21,110.0,84.0,111.45,22.0,109.0,64.0,113.88,16.0,1.4500000000000028,148.0,38.0,4.020886718126894,110.0,111.45,186,110.0,-164.0,0.59
07:41:22,110.0,126.0,111.07,28.0,109.0,112.0,115.0,28.0,1.0699999999999932,238.0,56.0,3.013756791781488,110.0,111.07000000000001,294,182.0,108.0,0.62
07:41:23,110.0,98.0,113.43,28.0,109.0,112.0,343.5,28.0,3.430000000000007,210.0,56.0,2.0249271591859586,110.0,113.42999999999999,266,154.0,-28.0,0.58
07:41:24,110.19,62.0,113.0,28.0,109.4,106.0,446.71,28.0,2.8100000000000023,168.0,56.0,0.5231921253314332,110.19,113.0,224,112.0,-42.0,0.5
07:41:25,110.0,42.0,112.09,22.0,109.0,88.0,238.86,14.0,2.0900000000000034,130.0,36.0,0.5176195514166991,110.0,112.09,166,94.0,-58.0,0.57
07:41:26,110.0,22.0,112.0,22.0,109.0,88.0,368.65,20.0,2.0,110.0,42.0,0.4785916840155423,110.0,112.0,152,68.0,-14.0,0.45
07:41:27,109.36,50.0,111.0,26.0,108.9,80.0,265.71,14.0,1.6400000000000006,130.0,40.0,0.6084159761288499,109.36,111.0,170,90.0,18.0,0.53
07:41:28,108.65,34.0,239.67,24.0,107.4,30.0,369.37,19.0,131.01999999999998,64.0,43.0,28.26956172281435,108.65,239.67,107,21.0,-63.0,0.2
07:41:29,107.17,36.0,274.86,21.0,106.47,19.0,289.44,18.0,167.69,55.0,39.0,39.79921041930369,107.17,274.86,94,16.0,-13.0,0.17
07:41:30,106.47,19.0,180.15,13.0,105.13,23.0,333.25,24.0,73.68,42.0,37.0,36.51770488406976,106.47,180.15000000000003,79,5.0,-15.0,0.06
07:41:31,105.12,17.0,420.64,11.0,103.45,33.0,619.53,19.0,315.52,50.0,30.0,57.3961111051961,105.12,420.64,80,20.0,1.0,0.25
07:41:32,109.0,9.0,159.0,9.0,106.08,13.0,176.6,15.0,50.0,22.0,24.0,51.1879631358781,109.0,159.0,46,-2.0,-34.0,-0.04
07:41:33,109.0,39.0,204.42,12.0,107.0,45.0,385.27,22.0,95.41999999999999,84.0,34.0,52.35852623976361,109.0,204.42,118,50.0,72.0,0.42
07:41:35,109.97,198.0,406.61,46.0,108.6,30.0,454.0,42.0,296.64,228.0,88.0,75.28504333531345,109.97000000000001,406.61,316,140.0,155.0,0.44
07:41:36,110.0,144.0,281.75,24.0,109.0,44.0,323.84,51.0,171.75,188.0,75.0,72.62377537693853,110.0,281.75,263,113.0,-53.0,0.43
07:41:37,110.0,84.0,170.0,18.0,109.0,54.0,326.0,45.0,60.0,138.0,63.0,71.06773353639485,110.0,170.0,201,75.0,-62.0,0.37
07:41:38,110.0,96.0,169.0,60.0,109.0,72.0,222.0,30.0,59.0,168.0,90.0,74.74455612283761,110.0,169.0,258,78.0,57.0,0.3
07:41:39,110.0,56.0,168.71,35.0,109.0,42.0,281.14,35.0,58.71000000000001,98.0,70.0,52.74438813750726,110.0,168.71,168,28.0,-90.0,0.17
07:41:40,110.0,75.0,166.13,54.0,109.0,72.0,167.42,60.0,56.129999999999995,147.0,114.0,25.344770663788058,110.0,166.13,261,33.0,93.0,0.13
07:41:41,110.0,55.0,165.45,55.0,109.0,66.0,166.64,55.0,55.44999999999999,121.0,110.0,0.9812746812234883,110.0,165.45,231,11.0,-30.0,0.05
07:41:42,110.0,45.0,161.67,45.0,109.0,54.0,163.11,45.0,51.66999999999999,99.0,90.0,1.4865160611342672,110.0,161.67,189,9.0,-42.0,0.05
07:41:43,110.0,65.0,116.9,62.0,109.0,78.0,149.24,62.0,6.900000000000006,143.0,124.0,10.938150209245144,110.0,116.9,267,19.0,78.0,0.07
07:41:44,110.0,45.0,114.22,45.0,109.0,54.0,116.0,45.0,4.219999999999999,99.0,90.0,13.41444669004313,110.0,114.22,189,9.0,-78.0,0.05
07:41:45,110.71,38.0,114.0,60.0,109.22,69.0,200.34,29.0,3.2900000000000063,107.0,89.0,13.248659554838316,110.71,114.0,196,18.0,7.0,0.09
07:41:46,109.21,38.0,175.93,30.0,108.55,44.0,281.73,22.0,66.72000000000001,82.0,52.0,14.749995932203124,109.21,175.93,134,30.0,-62.0,0.22
07:41:47,111.07,58.0,314.88,16.0,108.59,51.0,513.0,16.0,203.81,109.0,32.0,43.50113699663503,111.07,314.88,141,77.0,7.0,0.55
07:41:48,112.0,56.0,336.0,16.0,109.0,48.0,523.86,14.0,224.0,104.0,30.0,54.234286848819266,112.0,336.0,134,74.0,-7.0,0.55
07:41:50,112.0,63.0,327.33,9.0,109.0,54.0,452.62,13.0,215.32999999999998,117.0,22.0,60.394039192622444,112.0,327.33,139,95.0,29.0,0.68
07:41:51,112.0,70.0,171.33,18.0,109.0,60.0,216.78,18.0,59.33000000000001,130.0,36.0,60.69183940201528,112.0,171.33,166,94.0,27.0,0.57
07:41:52,112.0,35.0,159.6,5.0,109.0,30.0,161.0,5.0,47.599999999999994,65.0,10.0,72.31330769644003,112.0,159.6,75,55.0,-91.0,0.73
07:41:53,112.0,103.0,159.0,16.0,109.0,96.0,277.1,20.0,47.0,199.0,36.0,77.66194994976632,112.0,159.0,235,163.0,160.0,0.69
07:41:54,112.0,42.0,159.0,7.0,109.0,42.0,457.67,9.0,47.0,84.0,16.0,37.01224756752834,112.0,159.0,100,68.0,-135.0,0.68
07:41:55,112.0,54.0,158.56,9.0,109.0,54.0,330.71,17.0,46.56,108.0,26.0,2.756573960554544,112.0,158.56,134,82.0,34.0,0.61
07:41:56,112.0,78.0,136.71,21.0,109.17,72.0,249.89,18.0,24.710000000000008,150.0,39.0,4.994328783731328,112.0,136.71,189,111.0,55.0,0.59
07:41:57,111.58,57.0,149.15,13.0,108.82,67.0,173.6,20.0,37.57000000000001,124.0,33.0,4.901042746192606,111.57999999999998,149.15,157,91.0,-32.0,0.58
07:41:58,108.69,107.0,137.74,31.0,107.93,72.0,151.03,39.0,29.05000000000001,179.0,70.0,5.82496180245047,108.69,137.74,249,109.0,92.0,0.44
07:41:59,109.0,76.0,118.6,25.0,108.0,84.0,119.06,53.0,9.599999999999994,160.0,78.0,8.104152022266538,109.0,118.6,238,82.0,-11.0,0.34
07:42:00,109.0,32.0,115.55,31.0,108.0,49.0,117.45,11.0,6.549999999999997,81.0,42.0,7.613732987175645,109.0,115.55,123,39.0,-115.0,0.32
07:42:01,109.73,30.0,114.49,37.0,108.76,58.0,115.29,41.0,4.759999999999991,88.0,78.0,8.13639539353923,109.73,114.49000000000001,166,10.0,43.0,0.06
07:42:02,109.12,50.0,113.67,40.0,108.27,97.0,127.8,64.0,4.549999999999997,147.0,104.0,4.919486761848851,109.12,113.67,251,43.0,85.0,0.17
07:42:03,109.0,41.0,110.33,12.0,108.0,84.0,112.0,60.0,1.3299999999999983,125.0,72.0,1.500116662131955,109.0,110.33,197,53.0,-54.0,0.27
07:42:04,108.0,20.0,110.0,7.0,107.0,7.0,112.0,35.0,2.0,27.0,42.0,1.4759234397508174,108.0,110.0,69,-15.0,-128.0,-0.22
07:42:05,108.0,26.0,111.81,27.0,107.0,7.0,198.76,33.0,3.8100000000000023,33.0,60.0,1.289910849634918,108.0,111.81,93,-27.0,24.0,-0.29
07:42:06,108.36,22.0,112.0,35.0,107.73,11.0,468.0,28.0,3.6400000000000006,33.0,63.0,0.8809483526324738,108.36,112.0,96,-30.0,3.0,-0.31
07:42:07,108.82,22.0,111.54,52.0,107.9,20.0,304.07,41.0,2.720000000000013,42.0,93.0,0.4891523280184456,108.82,111.53999999999999,135,-51.0,39.0,-0.38
07:42:08,108.0,16.0,109.62,40.0,107.0,8.0,267.86,28.0,1.6200000000000045,24.0,68.0,0.661762797387299,108.0,109.62,92,-44.0,-43.0,-0.48
07:42:09,105.18,38.0,108.16,38.0,104.24,34.0,179.5,24.0,2.9799999999999898,72.0,62.0,1.4971138901252146,105.18,108.16,134,10.0,42.0,0.07
07:42:10,104.68,37.0,106.56,25.0,103.5,32.0,117.53,30.0,1.8799999999999955,69.0,55.0,2.071707025620621,104.68,106.56,124,14.0,-10.0,0.11
07:42:11,103.38,16.0,107.09,23.0,74.73,22.0,376.0,14.0,3.710000000000008,38.0,37.0,2.1259515516600604,103.38,107.09,75,1.0,-49.0,0.01
07:42:15,83.1,20.0,100.56,9.0,64.35,23.0,101.0,4.0,17.460000000000008,43.0,13.0,8.751465591545506,83.1,100.56,56,30.0,32.0,0.54
07:42:16,89.81,21.0,350.71,14.0,79.0,14.0,101.0,2.0,260.9,35.0,16.0,59.75566441769354,89.81,350.71,51,19.0,-5.0,0.37
07:42:19,106.33,12.0,345.83,18.0,98.71,14.0,568.0,12.0,239.5,26.0,30.0,85.48174734994608,106.33,345.83,56,-4.0,-13.0,-0.07
07:42:20,96.6,15.0,344.0,21.0,90.67,15.0,629.86,28.0,247.4,30.0,49.0,43.23334939603932,96.6,344.0,79,-19.0,23.0,-0.24
07:42:21,100.0,28.0,195.72,25.0,86.57,7.0,439.15,26.0,95.72,35.0,51.0,64.21289979435605,100.0,195.72,86,-16.0,7.0,-0.19
07:42:22,100.0,32.0,102.0,44.0,91.16,19.0,543.48,31.0,2.0,51.0,75.0,74.96751950011424,100.0,102.0,126,-24.0,40.0,-0.19
07:42:23,100.0,8.0,102.0,16.0,97.0,16.0,429.71,14.0,2.0,24.0,30.0,61.45976016874785,100.0,102.0,54,-6.0,-72.0,-0.11
07:42:24,100.0,20.0,102.0,40.0,90.71,28.0,329.18,34.0,2.0,48.0,74.0,52.217143928024285,100.0,102.0,122,-26.0,68.0,-0.21
07:42:25,100.0,14.0,102.0,28.0,79.29,7.0,411.23,22.0,2.0,21.0,50.0,20.956429085128097,100.0,102.0,71,-29.0,-51.0,-0.41
07:42:26,94.58,19.0,101.6,40.0,64.45,11.0,309.88,41.0,7.019999999999996,30.0,81.0,1.3013915629058823,94.58,101.6,111,-51.0,40.0,-0.46
07:42:33,90.02,46.0,146.1,29.0,88.07,85.0,319.87,23.0,56.08,131.0,52.0,111.23258650233751,90.02,146.1,183,79.0,154.0,0.43
07:42:34,92.02,133.0,156.73,44.0,89.03,88.0,338.71,35.0,64.71,221.0,79.0,86.37767755618344,92.02,156.73,300,142.0,117.0,0.47
07:42:35,104.85,110.0,186.38,26.0,93.89,125.0,312.33,43.0,81.53,235.0,69.0,22.874682511457916,104.85,186.38,304,166.0,4.0,0.55
07:42:36,108.83,167.0,153.55,33.0,107.9,174.0,230.5,24.0,44.72000000000001,341.0,57.0,19.38747972274887,108.83,153.55,398,284.0,94.0,0.71
07:42:37,112.0,51.0,204.89,19.0,109.0,234.0,419.52,23.0,92.88999999999999,285.0,42.0,16.399056985082968,112.0,204.89,327,243.0,-71.0,0.74
07:42:38,112.0,24.0,299.0,10.0,109.0,208.0,512.33,18.0,187.0,232.0,28.0,32.15496275849185,112.0,299.0,260,204.0,-67.0,0.78
07:42:40,112.0,30.0,415.33,12.0,109.0,260.0,558.23,13.0,303.33,290.0,25.0,72.31050290241383,112.0,415.33,315,265.0,84.0,0.84
07:42:41,109.2,134.0,353.0,8.0,108.53,148.0,576.75,8.0,243.8,282.0,16.0,56.05077100272572,109.2,353.0,298,266.0,-17.0,0.89
07:42:42,109.0,276.0,182.08,39.0,108.0,168.0,331.69,13.0,73.08000000000001,444.0,52.0,60.462389797294634,109.0,182.08,496,392.0,164.0,0.79
07:42:43,109.0,198.0,179.75,64.0,108.0,224.0,316.35,31.0,70.75,422.0,95.0,71.84537911376067,109.0,179.75,517,327.0,21.0,0.63
07:42:44,109.0,42.0,176.88,32.0,108.0,112.0,269.57,14.0,67.88,154.0,46.0,57.638778439519335,109.0,176.88,200,108.0,-164.0,0.54
07:42:45,109.0,24.0,175.29,28.0,108.0,98.0,177.0,28.0,66.28999999999999,122.0,56.0,39.08601796039088,109.0,175.29,178,66.0,-22.0,0.37
07:42:46,109.27,41.0,173.6,80.0,108.05,194.0,249.34,64.0,64.33,235.0,144.0,1.6699640714694346,109.27,173.6,379,91.0,164.0,0.24
07:42:47,108.29,41.0,172.62,26.0,108.09,22.0,230.03,29.0,64.33,63.0,55.0,1.4946471155422576,108.29,172.62,118,8.0,-164.0,0.07
07:42:48,109.15,26.0,170.25,16.0,108.34,29.0,172.68,19.0,61.099999999999994,55.0,35.0,1.293201453756843,109.15,170.25,90,20.0,-28.0,0.22
07:42:49,109.55,44.0,168.0,28.0,108.26,61.0,167.81,37.0,58.45,105.0,65.0,1.3406975796199592,109.55,168.0,170,40.0,80.0,0.24
07:42:50,112.0,22.0,163.93,14.0,109.0,44.0,165.2,41.0,51.93000000000001,66.0,55.0,1.3638804932980302,112.0,163.93,121,11.0,-49.0,0.09
07:42:51,112.0,15.0,161.93,30.0,109.0,36.0,163.53,15.0,49.93000000000001,51.0,45.0,1.3768986890831592,112.0,161.93,96,6.0,-25.0,0.06
07:42:52,112.0,14.0,159.11,38.0,109.0,56.0,160.5,32.0,47.110000000000014,70.0,70.0,1.6068136170691858,112.0,159.11,140,0.0,44.0,0.0
07:42:53,112.0,13.0,156.59,22.0,109.0,52.0,157.87,46.0,44.59,65.0,68.0,1.8046744858835422,112.0,156.59,133,-3.0,-7.0,-0.02
07:42:54,112.0,9.0,152.69,32.0,109.0,36.0,153.71,24.0,40.69,45.0,56.0,2.214256082750848,112.0,152.69,101,-11.0,-32.0,-0.11
07:42:55,112.0,13.0,149.59,34.0,109.0,52.0,151.03,38.0,37.59,65.0,72.0,2.468430675550616,112.0,149.59,137,-7.0,36.0,-0.05
07:42:56,112.0,17.0,126.38,32.0,109.0,32.0,147.25,16.0,14.379999999999995,49.0,48.0,6.5442058341711515,112.0,126.38,97,1.0,-40.0,0.01
07:42:57,112.0,5.0,113.0,15.0,109.0,20.0,114.0,25.0,1.0,25.0,40.0,9.493430886671067,112.0,113.0,65,-15.0,-32.0,-0.23
07:42:58,109.18,17.0,113.0,24.0,108.05,74.0,121.58,38.0,3.819999999999993,91.0,62.0,9.975072430814754,109.18,113.0,153,29.0,88.0,0.19
07:42:59,109.0,28.0,112.21,42.0,108.0,140.0,136.94,62.0,3.2099999999999937,168.0,104.0,8.526956080571827,109.0,112.21,272,64.0,119.0,0.24
07:43:00,108.11,55.0,110.76,37.0,107.68,44.0,111.64,33.0,2.6500000000000057,99.0,70.0,3.8639591095146484,108.11,110.75999999999999,169,29.0,-103.0,0.17
07:43:01,108.0,78.0,109.84,43.0,107.0,28.0,146.58,55.0,1.8400000000000034,106.0,98.0,1.4143019479592802,108.0,109.84,204,8.0,35.0,0.04
07:43:02,108.0,36.0,382.91,46.0,107.0,24.0,500.33,51.0,274.91,60.0,97.0,60.58025891327966,108.0,382.91,157,-37.0,-47.0,-0.24
07:43:03,112.0,18.0,300.0,36.0,108.0,27.0,394.67,45.0,188.0,45.0,81.0,65.09339390445085,112.0,300.0,126,-36.0,-31.0,-0.29
07:43:04,112.0,30.0,260.38,63.0,108.6,53.0,487.92,72.0,148.38,83.0,135.0,60.50747681072148,112.0,260.38,218,-52.0,92.0,-0.24
07:43:05,112.0,26.0,204.88,32.0,109.0,40.0,208.0,40.0,92.88,66.0,72.0,51.262822005816226,112.0,204.88,138,-6.0,-80.0,-0.04
07:43:06,112.0,20.0,202.59,37.0,109.0,50.0,206.17,46.0,90.59,70.0,83.0,36.7741515197835,112.0,202.59,153,-13.0,15.0,-0.08
07:43:07,112.0,22.0,200.45,47.0,109.0,55.0,202.09,44.0,88.44999999999999,77.0,91.0,22.376793782845564,112.0,200.45,168,-14.0,15.0,-0.08
07:43:08,110.85,26.0,195.72,53.0,108.73,55.0,196.89,56.0,84.87,81.0,109.0,13.499606660936323,110.85,195.72,190,-28.0,22.0,-0.15
07:43:09,108.9,29.0,191.27,41.0,107.95,41.0,191.59,54.0,82.37,70.0,95.0,3.382170900471589,108.9,191.27,165,-25.0,-25.0,-0.15
07:43:10,108.97,87.0,182.82,39.0,107.95,44.0,184.16,56.0,73.85,131.0,95.0,4.664244847775147,108.97,182.82,226,36.0,61.0,0.16
07:43:11,109.0,60.0,174.76,42.0,108.0,39.0,176.24,42.0,65.75999999999999,99.0,84.0,5.720034964927856,109.0,174.76,183,15.0,-43.0,0.08
07:43:12,109.0,28.0,170.2,44.0,108.0,42.0,171.06,54.0,61.19999999999999,70.0,98.0,5.645456580295115,109.0,170.2,168,-28.0,-15.0,-0.17
07:43:13,107.88,50.0,165.8,64.0,106.39,67.0,167.2,45.0,57.920000000000016,117.0,109.0,5.223449052110825,107.88,165.8,226,8.0,58.0,0.04
07:43:14,107.0,22.0,163.09,53.0,106.0,121.0,164.34,41.0,56.09,143.0,94.0,4.265122507032763,107.0,163.09,237,49.0,11.0,0.21
07:43:15,107.0,22.0,159.08,37.0,106.0,121.0,159.91,44.0,52.08000000000001,143.0,81.0,3.524431869109904,107.0,159.08,224,62.0,-13.0,0.28
07:43:16,107.0,22.0,157.38,26.0,106.0,121.0,158.43,37.0,50.379999999999995,143.0,63.0,2.9872278118679914,107.0,157.38,206,80.0,-18.0,0.39
07:43:17,107.0,16.0,154.42,31.0,106.0,88.0,155.71,21.0,47.41999999999999,104.0,52.0,2.410815214817954,107.0,154.42,156,52.0,-50.0,0.33
07:43:18,107.0,26.0,150.38,53.0,106.0,143.0,151.73,45.0,43.379999999999995,169.0,98.0,2.398953938698668,107.0,150.38,267,71.0,111.0,0.27
07:43:19,106.99,84.0,144.3,46.0,105.96,115.0,145.53,45.0,37.31000000000002,199.0,91.0,2.9649924114570543,106.99,144.3,290,108.0,23.0,0.37
07:43:20,107.58,74.0,140.6,60.0,105.99,144.0,142.06,66.0,33.019999999999996,218.0,126.0,3.385008124066754,107.58,140.6,344,92.0,54.0,0.27
07:43:21,107.69,58.0,128.89,37.0,106.8,112.0,132.11,44.0,21.19999999999999,170.0,81.0,4.777915863637397,107.69,128.89,251,89.0,-93.0,0.35
07:43:22,108.0,73.0,111.41,68.0,107.0,171.0,112.7,66.0,3.4099999999999966,244.0,134.0,7.495097064081155,108.0,111.41,378,110.0,127.0,0.29
07:43:23,107.93,184.0,109.0,78.0,106.86,155.0,110.0,72.0,1.0699999999999932,339.0,150.0,7.945791338815662,107.93000000000002,109.0,489,189.0,111.0,0.39
07:43:24,108.0,103.0,109.0,18.0,107.0,72.0,244.3,33.0,1.0,175.0,51.0,7.06005311594735,108.0,109.0,226,124.0,-164.0,0.55
07:43:25,108.6,60.0,231.67,12.0,107.63,86.0,301.57,42.0,123.07,146.0,54.0,26.65382280274254,108.6,231.67,200,92.0,-26.0,0.46
07:43:26,110.32,25.0,340.78,45.0,108.32,75.0,491.0,23.0,230.45999999999998,100.0,68.0,52.51480886378621,110.32,340.78,168,32.0,-32.0,0.19
07:43:27,112.0,8.0,149.86,29.0,110.0,24.0,157.54,35.0,37.860000000000014,32.0,64.0,49.79015193790835,112.0,149.86,96,-32.0,-72.0,-0.33
07:43:28,112.0,11.0,137.1,41.0,110.0,33.0,154.47,38.0,25.099999999999994,44.0,79.0,46.97864855442309,112.0,137.1,123,-35.0,27.0,-0.28
07:43:29,110.59,17.0,115.0,36.0,109.38,39.0,174.33,9.0,4.409999999999997,56.0,45.0,46.016438367174814,110.59,115.0,101,11.0,-22.0,0.11
07:43:30,110.0,21.0,115.0,28.0,109.0,42.0,542.76,17.0,5.0,63.0,45.0,47.77137092443547,110.0,115.0,108,18.0,7.0,0.17
07:43:31,110.0,28.0,114.09,44.0,109.0,66.0,386.09,33.0,4.090000000000003,94.0,77.0,8.67890430872474,110.0,114.09,171,17.0,63.0,0.1
07:43:32,110.0,14.0,112.16,19.0,109.0,42.0,113.75,16.0,2.1599999999999966,56.0,35.0,5.603153576335486,110.0,112.16,91,21.0,-80.0,0.23
