Time,Bid1_Price,Bid1_Volume,Ask1_Price,Ask1_Volume,Bid2_Price,Bid2_Volume,Ask2_Price,Ask2_Volume,Bid_Ask_Spread,Market_Depth_Bid,Market_Depth_Ask,Historical_Volatility,Weighted_Avg_Bid_Price,Weighted_Avg_Ask_Price,Total_volume,Cumulative_Volume_Difference,Total_Volume_Change_Corrected,Order_imbalance
07:30:27,309.0,15.0,329.5,12.0,309.47,19.0,332.19,21.0,20.5,34.0,33.0,5.351032610628317,309.0,329.5,67,1.0,12.0,0.01
07:30:28,320.03,73.0,328.71,14.0,319.18,67.0,331.88,25.0,8.680000000000007,140.0,39.0,7.062624866153371,320.03,328.71,179,101.0,112.0,0.56
07:30:29,321.72,25.0,327.0,26.0,320.12,48.0,329.89,28.0,5.279999999999973,73.0,54.0,4.900717294438476,321.72,327.0,127,19.0,-52.0,0.15
07:30:30,322.79,57.0,326.43,47.0,321.0,19.0,329.07,58.0,3.6399999999999864,76.0,105.0,3.7655371462792306,322.79,326.43,181,-29.0,54.0,-0.16
07:30:31,322.81,37.0,326.23,47.0,320.33,52.0,328.11,38.0,3.420000000000016,89.0,85.0,2.334581332917939,322.81,326.23,174,4.0,-7.0,0.02
07:30:32,321.0,16.0,327.64,14.0,319.83,58.0,329.86,21.0,6.639999999999986,74.0,35.0,0.12340988618865371,321.0,327.64,109,39.0,-65.0,0.36
07:30:33,320.0,44.0,326.0,11.0,319.0,55.0,331.79,28.0,6.0,99.0,39.0,0.6601666456350508,320.0,326.0,138,60.0,29.0,0.43
07:30:34,319.08,48.0,326.0,13.0,316.17,89.0,335.0,65.0,6.920000000000016,137.0,78.0,0.9581857857477092,319.08,326.0,215,59.0,77.0,0.27
07:30:35,319.0,42.0,324.21,14.0,316.0,98.0,332.0,48.0,5.2099999999999795,140.0,62.0,1.2247938602102935,319.0,324.21,202,78.0,-13.0,0.39
07:30:36,319.0,24.0,322.3,20.0,316.0,56.0,332.23,13.0,3.3000000000000114,80.0,33.0,1.3919159457412325,319.0,322.3,113,47.0,-89.0,0.42
07:30:37,319.0,32.0,321.88,60.0,316.05,79.0,323.7,56.0,2.8799999999999955,111.0,116.0,1.126973824012167,319.0,321.88,227,-5.0,114.0,-0.02
07:30:38,319.0,24.0,321.66,88.0,318.0,24.0,327.12,41.0,2.660000000000025,48.0,129.0,0.9438908835286869,319.0,321.66,177,-81.0,-50.0,-0.46
07:30:39,318.25,24.0,329.74,57.0,316.17,69.0,337.43,70.0,11.490000000000009,93.0,127.0,1.531430703626063,318.25,329.74,220,-34.0,43.0,-0.15
07:30:40,318.0,19.0,330.6,53.0,316.0,98.0,331.87,46.0,12.600000000000023,117.0,99.0,2.0173175258269866,318.0,330.6000000000001,216,18.0,-4.0,0.08
07:30:41,318.0,13.0,327.09,47.0,316.0,91.0,328.23,44.0,9.089999999999975,104.0,91.0,1.8876043017562636,318.0,327.09,195,13.0,-21.0,0.07
07:30:42,318.0,9.0,325.73,33.0,316.0,63.0,326.6,30.0,7.730000000000018,72.0,63.0,1.6221991246480165,318.0,325.73,135,9.0,-60.0,0.07
07:30:43,316.76,17.0,324.69,65.0,310.21,107.0,331.69,64.0,7.930000000000007,124.0,129.0,1.4861796661267963,316.76,324.69,253,-5.0,118.0,-0.02
07:30:44,315.0,14.0,323.29,56.0,314.0,84.0,329.94,34.0,8.29000000000002,98.0,90.0,1.9355051020363112,315.0,323.29,188,8.0,-65.0,0.04
07:30:45,314.62,16.0,324.02,41.0,313.98,61.0,329.2,30.0,9.399999999999977,77.0,71.0,1.5056958524245376,314.62,324.02,148,6.0,-40.0,0.04
07:30:46,315.54,39.0,329.1,20.0,313.82,22.0,330.2,15.0,13.560000000000002,61.0,35.0,1.4409649544692067,315.54,329.1,96,26.0,-52.0,0.27
07:31:03,317.14,7.0,324.0,14.0,315.0,21.0,330.0,28.0,6.860000000000014,28.0,42.0,2.3786193474383017,317.14,324.0,70,-14.0,-110.0,-0.2
07:31:04,318.88,8.0,324.0,16.0,315.0,24.0,330.0,32.0,5.1200000000000045,32.0,48.0,2.5611071824522615,318.88,324.0,80,-16.0,10.0,-0.2
07:31:05,319.0,11.0,324.0,22.0,315.0,33.0,331.7,46.0,5.0,44.0,68.0,1.6963195453714985,319.0,324.0,112,-24.0,32.0,-0.21
07:31:06,319.0,11.0,324.0,22.0,315.0,33.0,330.0,55.0,5.0,44.0,77.0,1.30976333740483,319.0,324.0,121,-33.0,9.0,-0.27
07:31:07,319.0,9.0,323.7,20.0,315.0,27.0,329.38,39.0,4.699999999999989,36.0,59.0,0.39720271903677407,319.0,323.7,95,-23.0,-26.0,-0.24
07:31:08,319.0,8.0,323.0,24.0,315.0,24.0,324.0,16.0,4.0,32.0,40.0,0.20933227178403907,319.0,323.0,72,-8.0,-23.0,-0.11
07:31:09,315.36,11.0,321.16,31.0,311.36,33.0,323.92,24.0,5.800000000000011,44.0,55.0,1.391373422201893,315.36,321.16,99,-11.0,27.0,-0.11
07:31:31,314.08,26.0,321.83,12.0,313.0,48.0,325.09,22.0,7.75,74.0,34.0,1.5126037154539964,314.08,321.83,108,40.0,-55.0,0.37
07:31:32,315.88,33.0,325.29,14.0,314.42,43.0,378.57,28.0,9.410000000000025,76.0,42.0,2.1927083709436532,315.88,325.29,118,34.0,10.0,0.29
07:31:33,319.78,54.0,325.07,30.0,317.67,36.0,350.88,32.0,5.2900000000000205,90.0,62.0,3.1062115188775388,319.78,325.07,152,28.0,34.0,0.18
07:31:34,320.0,70.0,325.0,28.0,319.0,28.0,329.0,28.0,5.0,98.0,56.0,2.8970467721472435,320.0,325.0,154,42.0,2.0,0.27
07:31:35,320.47,51.0,323.65,48.0,318.86,21.0,326.33,24.0,3.17999999999995,72.0,72.0,1.9205415902838128,320.47,323.65,144,0.0,-10.0,0.0
07:31:36,314.15,27.0,322.82,55.0,310.0,32.0,330.27,22.0,8.670000000000016,59.0,77.0,1.7102982196125607,314.15,322.82,136,-18.0,-8.0,-0.13
07:31:37,314.86,56.0,321.71,70.0,313.0,28.0,330.0,44.0,6.849999999999966,84.0,114.0,2.166333307690547,314.86,321.71,198,-30.0,62.0,-0.15
07:31:44,313.0,87.0,322.43,28.0,304.46,91.0,326.0,28.0,9.430000000000007,178.0,56.0,1.8437651694307362,313.0,322.43,234,122.0,7.0,0.52
07:31:45,313.0,56.0,322.0,36.0,304.0,100.0,329.4,20.0,9.0,156.0,56.0,1.7809884895770356,313.0,322.0,212,100.0,-22.0,0.47
07:31:50,313.1,72.0,324.21,28.0,308.26,133.0,330.95,37.0,11.109999999999957,205.0,65.0,2.054081303163361,313.1,324.21,270,140.0,142.0,0.52
07:31:51,315.77,22.0,325.0,28.0,313.11,112.0,333.0,28.0,9.230000000000018,134.0,56.0,2.9318645944187285,315.77,325.0,190,78.0,-80.0,0.41
07:31:52,317.88,16.0,325.0,32.0,316.28,25.0,333.0,32.0,7.1200000000000045,41.0,64.0,3.5989762433235586,317.88,325.0,105,-23.0,-85.0,-0.22
07:31:53,319.0,12.0,325.0,24.0,317.0,12.0,333.0,24.0,6.0,24.0,48.0,3.4298425619857777,319.0,325.0,72,-24.0,-33.0,-0.33
07:31:54,319.0,8.0,325.0,16.0,317.0,8.0,333.0,16.0,6.0,16.0,32.0,1.4132657216571973,319.0,325.0,48,-16.0,-24.0,-0.33
07:31:55,313.0,72.0,325.0,18.0,309.0,45.0,339.32,25.0,12.0,117.0,43.0,1.2806170387791098,313.0,325.0,160,74.0,112.0,0.46
07:31:56,313.0,88.0,325.0,22.0,309.0,55.0,340.56,27.0,12.0,143.0,49.0,1.5577933110689146,313.0,325.0,192,94.0,32.0,0.49
07:31:57,313.32,150.0,325.0,36.0,309.88,101.0,334.84,51.0,11.680000000000007,251.0,87.0,1.6152770660201072,313.32,325.0,338,164.0,146.0,0.49
07:31:58,313.0,68.0,325.0,20.0,308.0,70.0,327.0,20.0,12.0,138.0,40.0,1.325564030897743,313.0,325.0,178,98.0,-160.0,0.55
07:31:59,313.0,36.0,325.0,12.0,308.0,42.0,327.0,12.0,12.0,78.0,24.0,0.07155417534432838,313.0,325.0,102,54.0,-76.0,0.53
07:32:00,313.45,80.0,324.41,27.0,310.23,101.0,325.65,34.0,10.960000000000036,181.0,61.0,0.08497058319909129,313.45,324.4100000000001,242,120.0,140.0,0.5
07:32:01,314.71,84.0,321.65,20.0,313.62,78.0,323.82,34.0,6.939999999999998,162.0,54.0,0.3861087929703754,314.71,321.65,216,108.0,-26.0,0.5
07:32:07,313.44,36.0,327.71,49.0,310.91,67.0,328.76,79.0,14.269999999999982,103.0,128.0,2.861552026437126,313.44,327.71,231,-25.0,77.0,-0.11
07:32:08,314.41,22.0,328.0,105.0,313.0,60.0,330.0,75.0,13.589999999999975,82.0,180.0,3.7456748390653445,314.41,328.0,262,-98.0,31.0,-0.37
07:32:09,310.23,43.0,328.0,70.0,311.03,30.0,330.0,50.0,17.769999999999982,73.0,120.0,3.708463293603958,310.23,328.0,193,-47.0,-69.0,-0.24
07:32:10,311.0,22.0,325.53,45.0,309.72,29.0,328.0,52.0,14.529999999999973,51.0,97.0,3.0433501277389614,311.0,325.53,148,-46.0,-45.0,-0.31
07:32:11,310.66,29.0,323.18,51.0,308.26,47.0,325.6,77.0,12.519999999999982,76.0,128.0,1.7300635826493045,310.66,323.18,204,-52.0,56.0,-0.25
07:32:31,317.25,24.0,323.42,24.0,313.4,30.0,324.96,57.0,6.170000000000016,54.0,81.0,3.7891859284026634,317.25,323.42,135,-27.0,29.0,-0.2
07:32:32,318.0,15.0,322.29,56.0,312.0,60.0,324.44,36.0,4.2900000000000205,75.0,92.0,3.561849238809306,318.0,322.29,167,-17.0,32.0,-0.1
07:32:33,312.53,38.0,321.47,34.0,310.14,56.0,322.55,44.0,8.940000000000055,94.0,78.0,2.9959856474968554,312.53,321.47,172,16.0,5.0,0.09
07:32:37,314.0,41.0,325.89,36.0,312.0,44.0,386.17,29.0,11.889999999999986,85.0,65.0,1.7167323612047212,314.0,325.89,150,20.0,-51.0,0.13
07:32:38,314.0,21.0,329.0,28.0,312.0,28.0,347.75,8.0,15.0,49.0,36.0,2.431598239843173,314.0,329.0,85,13.0,-65.0,0.15
07:32:39,314.0,24.0,329.0,32.0,312.0,32.0,332.0,16.0,15.0,56.0,48.0,2.780390260378757,314.0,329.0,104,8.0,19.0,0.08
07:32:40,313.65,23.0,329.0,28.0,311.78,27.0,331.57,14.0,15.350000000000023,50.0,42.0,2.6914401349481647,313.65,329.0,92,8.0,-12.0,0.09
07:32:41,314.0,64.0,328.67,48.0,312.0,64.0,329.96,46.0,14.670000000000016,128.0,94.0,0.6650939783300986,314.0,328.67,222,34.0,130.0,0.15
07:32:42,314.64,66.0,328.86,21.0,313.08,52.0,339.92,26.0,14.220000000000027,118.0,47.0,0.17224981861038346,314.64,328.86,165,71.0,-57.0,0.43
07:32:44,315.0,39.0,328.0,13.0,314.0,52.0,331.23,26.0,13.0,91.0,39.0,1.7425756798516665,315.0,328.0,130,52.0,-36.0,0.4
07:32:45,314.81,32.0,327.17,12.0,313.57,42.0,330.86,21.0,12.360000000000014,74.0,33.0,1.718409148023379,314.81,327.17,107,41.0,-23.0,0.38
07:32:46,317.43,84.0,322.5,24.0,313.0,36.0,324.67,18.0,5.069999999999993,120.0,42.0,1.6886533095961955,317.43,322.5,162,78.0,55.0,0.48
07:32:47,318.32,66.0,322.0,24.0,317.23,78.0,323.85,20.0,3.680000000000007,144.0,44.0,1.5007065002890754,318.32,322.0,188,100.0,26.0,0.53
07:32:48,318.65,51.0,321.0,26.0,317.77,105.0,326.23,13.0,2.3500000000000227,156.0,39.0,0.7260716218186242,318.65,321.0,195,117.0,7.0,0.6
07:32:50,318.0,70.0,329.22,18.0,314.0,30.0,333.88,34.0,11.220000000000027,100.0,52.0,1.779865163435233,318.0,329.22,152,48.0,-43.0,0.32
07:32:51,318.04,76.0,322.43,68.0,315.33,54.0,323.37,46.0,4.389999999999986,130.0,114.0,1.7627166533536722,318.04,322.43,244,16.0,92.0,0.07
07:32:53,319.33,243.0,321.21,56.0,317.0,72.0,322.33,49.0,1.8799999999999955,315.0,105.0,1.8048545647808671,319.33,321.21,420,210.0,176.0,0.5
07:32:55,318.0,54.0,327.0,9.0,314.0,27.0,330.0,36.0,9.0,81.0,45.0,1.1903276859799012,318.0,327.0,126,36.0,-178.5,0.29
07:32:56,318.96,134.0,327.22,9.0,317.76,51.0,330.0,36.0,8.260000000000048,185.0,45.0,1.6521561669560325,318.96,327.22,230,140.0,104.0,0.61
07:32:57,319.0,112.0,328.0,7.0,318.0,42.0,330.0,28.0,9.0,154.0,35.0,1.6776978273848149,319.0,328.0,189,119.0,-41.0,0.63
07:32:58,319.75,128.0,328.0,10.0,318.0,60.0,330.0,40.0,8.25,188.0,50.0,1.6096117544341257,319.75,328.0,238,138.0,49.0,0.58
07:32:59,321.0,72.0,328.0,6.0,318.0,36.0,330.0,24.0,7.0,108.0,30.0,0.7603157239025933,321.0,328.0,138,78.0,-100.0,0.57
07:33:00,321.0,56.0,328.0,8.0,318.0,48.0,330.0,32.0,7.0,104.0,40.0,0.61974188176525,321.0,328.0,144,64.0,6.0,0.44
07:33:01,321.0,69.0,328.0,10.0,317.95,41.0,330.0,40.0,7.0,110.0,50.0,0.4635515074014953,321.0,328.0,160,60.0,16.0,0.38
07:33:02,321.0,5.0,328.0,5.0,318.0,5.0,330.0,20.0,7.0,10.0,25.0,0.2772724292359588,321.0,328.0,35,-15.0,-125.0,-0.43
07:33:03,317.57,7.0,328.0,7.0,315.04,79.0,330.0,28.0,10.430000000000007,86.0,35.0,0.7647352483142013,317.57,328.0,121,51.0,86.0,0.42
07:33:04,317.0,12.0,328.0,12.0,315.0,156.0,330.0,48.0,11.0,168.0,60.0,1.0211855854906176,317.0,328.0,228,108.0,107.0,0.47
07:33:05,317.0,10.0,326.0,14.0,315.0,130.0,327.08,26.0,9.0,140.0,40.0,1.3152262162887627,317.0,326.0,180,100.0,-48.0,0.56
07:33:06,317.0,18.0,324.44,18.0,315.0,234.0,327.0,54.0,7.439999999999998,252.0,72.0,1.4321731738908294,317.0,324.44,324,180.0,144.0,0.56
07:33:07,317.0,16.0,323.62,16.0,315.0,208.0,327.0,48.0,6.6200000000000045,224.0,64.0,1.0802916272987437,317.0,323.62,288,160.0,-36.0,0.56
07:33:08,317.43,23.0,321.2,50.0,314.76,187.0,323.56,43.0,3.769999999999982,210.0,93.0,1.2033702672125086,317.43,321.2,303,117.0,15.0,0.39
07:33:15,316.0,50.0,327.43,35.0,315.0,88.0,330.14,42.0,11.430000000000007,138.0,77.0,2.2770002195889627,316.0,327.43,215,61.0,22.0,0.28
07:33:16,316.0,14.0,328.14,28.0,315.0,56.0,330.5,24.0,12.139999999999986,70.0,52.0,2.86420495076894,316.0,328.14,122,18.0,-93.0,0.15
07:33:17,316.0,18.0,328.0,36.0,315.0,72.0,330.56,27.0,12.0,90.0,63.0,2.9241631281463007,316.0,328.0,153,27.0,31.0,0.18
07:33:18,315.12,48.0,328.0,40.0,314.16,150.0,329.0,30.0,12.879999999999995,198.0,70.0,2.3949676407023475,315.12,328.0,268,128.0,115.0,0.48
07:33:19,315.0,76.0,325.0,48.0,314.0,234.0,328.63,43.0,10.0,310.0,91.0,0.8466817584028304,315.0,325.0,401,219.0,133.0,0.55
07:33:20,315.0,52.0,326.69,64.0,314.0,234.0,329.64,47.0,11.689999999999998,286.0,111.0,0.8734872637949176,315.0,326.69,397,175.0,-4.0,0.44
07:33:21,315.88,65.0,324.08,48.0,314.53,76.0,327.0,36.0,8.199999999999989,141.0,84.0,0.9086693568132905,315.88,324.08,225,57.0,-172.0,0.25
07:33:22,316.8,45.0,321.47,60.0,315.0,60.0,327.0,45.0,4.670000000000016,105.0,105.0,0.9274265469625421,316.8,321.47,210,0.0,-15.0,0.0
07:33:25,316.36,25.0,326.55,71.0,314.65,104.0,328.15,79.0,10.189999999999998,129.0,150.0,1.381024981674805,316.36,326.55,279,-21.0,142.0,-0.08
07:33:26,317.0,10.0,322.37,35.0,315.0,40.0,323.14,42.0,5.3700000000000045,50.0,77.0,1.3571956380750079,317.0,322.37,127,-27.0,-152.0,-0.21
07:33:32,314.0,72.0,326.19,21.0,312.0,24.0,330.75,8.0,12.189999999999998,96.0,29.0,2.273064011418672,314.0,326.19,125,67.0,-166.0,0.54
07:33:33,314.09,92.0,328.46,13.0,313.26,76.0,331.86,29.0,14.370000000000005,168.0,42.0,3.218061528312917,314.09,328.46,210,126.0,85.0,0.6
07:33:34,316.44,50.0,325.0,30.0,314.6,84.0,331.93,54.0,8.560000000000002,134.0,84.0,3.257878143824419,316.44,325.0,218,50.0,8.0,0.23
07:33:35,319.86,28.0,324.6,20.0,317.32,65.0,329.2,40.0,4.740000000000009,93.0,60.0,2.850882319565334,319.86,324.6,153,33.0,-65.0,0.22
07:33:36,321.0,44.0,323.83,12.0,320.0,22.0,324.95,21.0,2.829999999999984,66.0,33.0,0.985530314100724,321.0,323.83,99,33.0,-54.0,0.33
07:33:37,320.92,39.0,322.36,22.0,318.92,39.0,323.43,14.0,1.4399999999999977,78.0,36.0,0.6961537186654586,320.92,322.36,114,42.0,15.0,0.37
07:33:38,318.28,57.0,321.0,15.0,317.14,98.0,323.67,30.0,2.7200000000000273,155.0,45.0,1.153516363131233,318.28,321.0,200,110.0,86.0,0.55
07:33:39,318.0,38.0,321.0,8.0,316.0,40.0,329.0,16.0,3.0,78.0,24.0,1.4143479062844888,318.0,321.0,102,54.0,-98.0,0.53
07:33:44,314.25,57.0,329.44,80.0,313.88,56.0,333.09,32.0,15.189999999999998,113.0,112.0,2.2911460014607092,314.25,329.44,225,1.0,54.0,0.0
07:33:45,314.0,40.0,330.0,56.0,313.0,8.0,339.0,8.0,16.0,48.0,64.0,2.734093999848909,314.0,330.0,112,-16.0,-113.0,-0.14
07:33:46,314.0,55.0,330.0,77.0,313.0,11.0,339.0,11.0,16.0,66.0,88.0,2.936685206148301,314.0,330.0,154,-22.0,42.0,-0.14
07:33:47,317.15,41.0,330.16,57.0,315.88,67.0,349.15,13.0,13.010000000000048,108.0,70.0,3.213608563594975,317.15,330.16,178,38.0,24.0,0.21
07:33:48,318.73,15.0,339.0,15.0,317.18,51.0,419.62,52.0,20.269999999999982,66.0,67.0,2.998628019613812,318.7300000000001,339.0,133,-1.0,-45.0,-0.01
07:33:49,319.09,11.0,331.16,31.0,318.0,11.0,423.0,19.0,12.07000000000005,22.0,50.0,2.8535854639406795,319.09,331.16,72,-28.0,-61.0,-0.39
07:33:50,320.0,12.0,330.0,48.0,318.0,12.0,337.0,12.0,10.0,24.0,60.0,2.5392813944133867,320.0,330.0,84,-36.0,12.0,-0.43
07:33:51,320.0,19.0,329.67,78.0,318.21,19.0,332.6,35.0,9.670000000000016,38.0,113.0,1.9757985727331575,320.0,329.67,151,-75.0,67.0,-0.5
07:33:52,317.5,20.0,329.0,40.0,316.1,50.0,330.0,24.0,11.5,70.0,64.0,2.074844572495569,317.5,329.0,134,6.0,-17.0,0.04
07:33:53,317.0,60.0,328.83,71.0,314.0,60.0,330.15,26.0,11.829999999999984,120.0,97.0,1.0534846937728286,317.0,328.83,217,23.0,83.0,0.11
07:33:54,317.0,93.0,327.0,19.0,314.0,95.0,328.0,76.0,10.0,188.0,95.0,1.2862542516988187,317.0,327.0,283,93.0,66.0,0.33
07:33:55,317.0,51.0,325.83,24.0,314.0,45.0,327.96,23.0,8.829999999999984,96.0,47.0,1.3083309978797228,317.0,325.83,143,49.0,-140.0,0.34
07:33:56,317.0,66.0,323.47,30.0,314.0,55.0,325.5,40.0,6.470000000000027,121.0,70.0,1.2115816109584148,317.0,323.47,191,51.0,48.0,0.27
07:34:02,312.53,45.0,326.09,33.0,311.06,94.0,329.57,42.0,13.560000000000002,139.0,75.0,1.9061820479718758,312.53,326.09,214,64.0,7.0,0.3
07:34:03,312.0,30.0,329.38,53.0,311.0,80.0,330.64,22.0,17.379999999999995,110.0,75.0,2.5827562796381893,312.0,329.38,185,35.0,-29.0,0.19
07:34:04,311.16,37.0,329.0,72.0,307.69,93.0,332.0,9.0,17.839999999999975,130.0,81.0,2.71572273990017,311.16,329.0,211,49.0,26.0,0.23
07:34:05,311.9,30.0,329.0,72.0,308.68,57.0,332.0,9.0,17.100000000000023,87.0,81.0,2.471865692146588,311.9,329.0,168,6.0,-43.0,0.04
07:34:06,313.54,26.0,329.0,48.0,310.45,22.0,332.0,6.0,15.45999999999998,48.0,54.0,0.7290404652775353,313.54,329.0,102,-6.0,-66.0,-0.06
07:34:07,314.46,110.0,326.87,115.0,310.7,129.0,328.85,62.0,12.410000000000025,239.0,177.0,0.43292031600773395,314.46,326.87,416,62.0,177.5,0.15
07:34:08,315.23,70.0,325.54,65.0,308.89,149.0,328.0,13.0,10.310000000000002,219.0,78.0,0.444578452033161,315.23,325.54,297,141.0,-119.0,0.47
07:34:09,316.18,22.0,324.54,65.0,315.0,11.0,325.43,35.0,8.360000000000014,33.0,100.0,0.3804339627481048,316.18,324.54,133,-67.0,-164.0,-0.5
07:34:10,317.0,16.0,323.5,40.0,311.57,28.0,324.5,40.0,6.5,44.0,80.0,0.41271055233928483,317.0,323.5,124,-36.0,-9.0,-0.29
07:34:11,317.64,22.0,321.27,55.0,312.67,36.0,323.0,55.0,3.6299999999999955,58.0,110.0,0.4586610949404528,317.64,321.27,168,-52.0,44.0,-0.31
07:34:18,316.0,45.0,321.62,48.0,315.0,26.0,328.37,43.0,5.6200000000000045,71.0,91.0,1.334814593870354,316.0,321.62,162,-20.0,40.0,-0.12
07:34:19,316.5,30.0,327.0,30.0,315.0,20.0,328.2,40.0,10.5,50.0,70.0,2.5827601514678435,316.5,327.0,120,-20.0,-42.0,-0.17
07:34:20,317.83,36.0,327.0,36.0,315.0,24.0,328.0,48.0,9.170000000000016,60.0,84.0,3.068212834861865,317.83,327.0,144,-24.0,24.0,-0.17
07:34:21,318.0,30.0,327.0,30.0,315.0,20.0,328.0,40.0,9.0,50.0,70.0,2.8424936235657396,318.0,327.0,120,-20.0,-24.0,-0.17
07:34:22,318.15,26.0,327.0,36.0,315.0,24.0,328.0,48.0,8.850000000000023,50.0,84.0,1.600677981360645,318.15,327.0,134,-34.0,14.0,-0.25
07:34:23,319.71,7.0,327.0,21.0,316.64,44.0,328.0,28.0,7.2900000000000205,51.0,49.0,0.5728175975067592,319.71,327.0,100,2.0,-34.0,0.02
07:34:24,320.0,8.0,327.0,24.0,317.0,96.0,328.0,32.0,7.0,104.0,56.0,0.5148980481742647,320.0,327.0,160,48.0,60.0,0.3
07:34:25,320.73,11.0,326.06,53.0,317.0,132.0,327.86,42.0,5.329999999999984,143.0,95.0,0.48381814766893183,320.73,326.06,238,48.0,78.0,0.2
07:34:26,322.0,14.0,325.36,70.0,317.0,168.0,329.0,56.0,3.3600000000000136,182.0,126.0,0.4226345939626157,322.0,325.36,308,56.0,70.0,0.18
07:34:27,317.43,81.0,323.92,65.0,316.75,96.0,329.0,52.0,6.490000000000009,177.0,117.0,1.2595713556657615,317.43,323.92,294,60.0,-14.0,0.2
07:34:28,317.0,130.0,322.0,50.0,315.0,20.0,329.0,40.0,5.0,150.0,90.0,1.9290152928406699,317.0,322.0,240,60.0,-54.0,0.25
07:34:29,317.0,70.0,321.5,30.0,315.0,12.0,326.14,14.0,4.5,82.0,44.0,2.113019166977102,317.0,321.5,126,38.0,-114.0,0.3
07:34:30,317.0,40.0,321.0,20.0,315.0,8.0,325.0,8.0,4.0,48.0,28.0,1.931766031384768,317.0,321.0,76,20.0,-50.0,0.26
07:34:40,315.62,52.0,321.8,25.0,303.93,61.0,325.36,33.0,6.180000000000007,113.0,58.0,5.1430875940436955,315.62,321.8,171,55.0,-41.0,0.32
07:34:42,320.39,79.0,324.87,61.0,318.77,71.0,326.66,29.0,4.480000000000018,150.0,90.0,4.821465544832559,320.39,324.87,240,60.0,129.0,0.25
07:34:43,322.0,128.0,325.0,70.0,319.0,42.0,327.0,28.0,3.0,170.0,98.0,3.862754198756157,322.0,325.0,268,72.0,28.0,0.27
07:34:44,322.0,70.0,325.0,50.0,319.0,30.0,327.0,20.0,3.0,100.0,70.0,3.187706071771451,322.0,325.0,170,30.0,-98.0,0.18
07:34:45,322.0,105.0,325.0,75.0,319.75,85.0,327.0,30.0,3.0,190.0,105.0,3.0565307130811905,322.0,325.0,295,85.0,125.0,0.29
07:34:46,322.0,56.0,325.0,40.0,320.0,64.0,327.0,16.0,3.0,120.0,56.0,0.38907582809611024,322.0,325.0,176,64.0,-119.0,0.36
07:34:47,322.0,56.0,325.0,40.0,320.0,64.0,327.0,16.0,3.0,120.0,56.0,0.0,322.0,325.0,176,64.0,0.0,0.36
07:34:48,320.96,77.0,324.81,43.0,319.76,63.0,325.82,34.0,3.8500000000000227,140.0,77.0,0.2728002932708754,320.96,324.81,217,63.0,41.0,0.29
07:34:49,320.6,80.0,323.25,24.0,319.84,76.0,325.0,60.0,2.6499999999999773,156.0,84.0,0.686753230795901,320.6,323.25,240,72.0,23.0,0.3
07:34:50,321.0,68.0,322.67,24.0,320.0,96.0,325.0,60.0,1.670000000000016,164.0,84.0,0.8156898920598031,321.0,322.67,248,80.0,8.0,0.32
07:34:51,320.08,78.0,324.29,48.0,319.47,51.0,325.86,42.0,4.210000000000036,129.0,90.0,0.711076648476436,320.08,324.29,219,39.0,-29.0,0.18
07:34:52,320.0,96.0,322.25,48.0,319.0,36.0,327.5,70.0,2.25,132.0,118.0,0.6387879147325929,320.0,322.25,250,14.0,31.0,0.06
07:34:53,320.0,104.0,324.16,38.0,319.0,39.0,329.97,72.0,4.160000000000025,143.0,110.0,0.41805502031239933,320.0,324.16,253,33.0,3.0,0.13
07:34:54,320.0,35.0,329.0,14.0,319.0,21.0,331.0,35.0,9.0,56.0,49.0,1.275468541363722,320.0,329.0,105,7.0,-148.0,0.07
07:34:55,320.44,27.0,330.45,29.0,319.69,29.0,354.62,32.0,10.009999999999991,56.0,61.0,1.822355618425947,320.44,330.45,117,-5.0,12.0,-0.04
07:34:56,322.1,30.0,331.0,70.0,320.0,50.0,395.2,40.0,8.899999999999977,80.0,110.0,2.2813263685866576,322.1,331.0,190,-30.0,73.0,-0.16
07:34:57,323.0,21.0,331.0,49.0,320.0,35.0,385.75,16.0,8.0,56.0,65.0,1.9566629755808678,323.0,331.0,121,-9.0,-69.0,-0.07
07:34:58,323.0,42.0,331.0,53.0,320.0,70.0,416.08,38.0,8.0,112.0,91.0,1.0960155108433245,323.0,331.0,203,21.0,82.0,0.1
07:34:59,321.5,24.0,330.29,14.0,319.69,29.0,384.78,18.0,8.79000000000002,53.0,32.0,0.6896883354162399,321.5,330.29,85,21.0,-118.0,0.25
07:35:00,320.0,60.0,328.76,34.0,319.0,51.0,331.17,29.0,8.759999999999991,111.0,63.0,1.0959607657252985,320.0,328.76,174,48.0,89.0,0.28
07:35:01,320.0,48.0,321.53,34.0,319.0,48.0,323.67,49.0,1.5299999999999727,96.0,83.0,2.6054711666047936,320.0,321.53,179,13.0,5.0,0.07
07:35:02,319.86,21.0,322.33,27.0,318.6,60.0,345.69,26.0,2.4699999999999704,81.0,53.0,2.805027629098978,319.86,322.33,134,28.0,-45.0,0.21
07:35:03,318.05,193.0,332.4,15.0,317.38,104.0,358.1,29.0,14.349999999999966,297.0,44.0,2.3826455884181743,318.05,332.4,341,253.0,177.5,0.74
07:35:04,318.0,327.0,331.27,15.0,316.0,60.0,333.0,45.0,13.269999999999982,387.0,60.0,2.114218531753176,318.0,331.2699999999999,447,327.0,106.0,0.73
07:35:05,318.0,63.0,331.0,3.0,316.0,12.0,333.0,9.0,13.0,75.0,12.0,2.131318840532444,318.0,331.0,87,63.0,-178.5,0.72
07:35:06,319.8,70.0,330.2,10.0,318.0,210.0,333.0,18.0,10.399999999999977,280.0,28.0,1.6959363195617732,319.8,330.2,308,252.0,177.5,0.82
07:35:07,321.75,84.0,327.58,12.0,318.0,252.0,330.67,12.0,5.829999999999984,336.0,24.0,0.2966985001797953,321.75,327.58,360,312.0,52.0,0.87
07:35:08,322.0,101.0,323.94,17.0,318.0,357.0,327.35,17.0,1.9399999999999977,458.0,34.0,0.7953175466496475,322.0,323.94,492,424.0,132.0,0.86
07:35:09,322.0,40.0,323.0,10.0,318.0,210.0,328.29,31.0,1.0,250.0,41.0,1.1162302629873213,322.0,323.0,291,209.0,-178.5,0.72
07:35:10,322.0,24.0,327.5,16.0,318.0,210.0,330.7,33.0,5.5,234.0,49.0,1.1532432527479837,322.0,327.5,283,185.0,-8.0,0.65
07:35:11,322.0,8.0,330.0,32.0,318.0,168.0,331.0,8.0,8.0,176.0,40.0,1.428625213276296,322.0,330.0,216,136.0,-67.0,0.63
07:35:12,322.0,8.0,330.0,32.0,318.0,168.0,331.0,8.0,8.0,176.0,40.0,1.6498272636881497,322.0,330.0,216,136.0,0.0,0.63
07:35:13,322.0,8.0,328.88,32.0,318.0,168.0,331.0,8.0,6.8799999999999955,176.0,40.0,1.4566125085309214,322.0,328.88,216,136.0,0.0,0.63
07:35:14,322.0,15.0,327.4,60.0,317.66,203.0,330.07,15.0,5.399999999999977,218.0,75.0,0.6386861514145644,322.0,327.4,293,143.0,77.0,0.49
07:35:15,322.0,15.0,327.0,60.0,317.7,33.0,333.44,27.0,5.0,48.0,87.0,0.7063426930384022,322.0,327.0,135,-39.0,-158.0,-0.29
07:35:16,316.75,40.0,326.67,48.0,315.41,73.0,329.0,36.0,9.920000000000016,113.0,84.0,1.6547809522739607,316.75,326.67,197,29.0,62.0,0.15
07:35:17,319.42,24.0,324.27,45.0,316.75,40.0,325.75,53.0,4.849999999999966,64.0,98.0,1.73695710943267,319.42,324.27,162,-34.0,-35.0,-0.21
07:35:18,320.0,12.0,321.25,36.0,319.0,12.0,323.0,48.0,1.25,24.0,84.0,1.822273305519418,320.0,321.25,108,-60.0,-54.0,-0.56
07:35:19,319.18,17.0,322.21,63.0,316.12,73.0,325.38,48.0,3.0299999999999727,90.0,111.0,1.5730766033504597,319.18,322.21,201,-21.0,93.0,-0.1
07:35:20,316.38,32.0,321.45,44.0,315.26,76.0,328.0,33.0,5.069999999999993,108.0,77.0,1.1742785018931605,316.38,321.45,185,31.0,-16.0,0.17
07:35:21,316.19,32.0,322.42,43.0,315.06,102.0,326.19,59.0,6.230000000000018,134.0,102.0,1.1783760011169735,316.19,322.42,236,32.0,51.0,0.14
07:35:22,316.0,24.0,328.0,36.0,315.0,56.0,333.0,60.0,12.0,80.0,96.0,1.2325299185043994,316.0,328.0,176,-16.0,-60.0,-0.09
07:35:23,316.0,22.0,328.72,25.0,315.0,44.0,331.98,47.0,12.720000000000027,66.0,72.0,1.5490545503656383,316.0,328.72,138,-6.0,-38.0,-0.04
07:35:24,318.3,46.0,327.0,12.0,315.37,27.0,329.0,36.0,8.699999999999989,73.0,48.0,1.7902876863812933,318.3,327.0,121,25.0,-17.0,0.21
07:35:25,320.77,62.0,325.07,15.0,319.57,42.0,329.0,45.0,4.300000000000011,104.0,60.0,1.4637212849475632,320.77,325.07,164,44.0,43.0,0.27
07:35:26,321.85,52.0,324.58,19.0,320.0,26.0,329.54,35.0,2.7299999999999613,78.0,54.0,0.47187922184446945,321.85,324.58,132,24.0,-32.0,0.18
07:35:27,323.0,32.0,324.25,8.0,320.0,16.0,329.38,24.0,1.25,48.0,32.0,0.48874328640765713,323.0,324.25,80,16.0,-52.0,0.2
07:35:28,322.79,29.0,340.31,13.0,319.75,24.0,411.67,33.0,17.519999999999982,53.0,46.0,3.796030821793801,322.79,340.31,99,7.0,19.0,0.07
07:35:29,320.0,26.0,420.83,47.0,319.0,78.0,682.43,37.0,100.82999999999998,104.0,84.0,20.48194741717711,320.0,420.83,188,20.0,89.0,0.11
07:35:30,319.25,40.0,329.0,30.0,318.57,35.0,336.0,30.0,9.75,75.0,60.0,20.321047463160166,319.25,329.0,135,15.0,-53.0,0.11
07:35:31,319.0,66.0,329.0,33.0,316.78,23.0,336.0,33.0,10.0,89.0,66.0,20.213308734593852,319.0,329.0,155,23.0,20.0,0.15
07:35:32,319.0,48.0,329.0,24.0,317.0,24.0,336.0,24.0,10.0,72.0,48.0,20.16169462123678,319.0,329.0,120,24.0,-35.0,0.2
07:35:33,319.23,31.0,329.0,33.0,318.74,46.0,336.0,33.0,9.769999999999982,77.0,66.0,20.72954823434434,319.23,329.0,143,11.0,23.0,0.08
07:35:34,320.92,13.0,329.0,39.0,319.0,78.0,336.0,39.0,8.079999999999984,91.0,78.0,0.40770087074956635,320.92,329.0,169,13.0,26.0,0.08
07:35:35,322.0,19.0,327.19,75.0,319.0,114.0,330.21,57.0,5.189999999999998,133.0,132.0,0.4273991109138201,322.0,327.19,265,1.0,96.0,0.0
07:35:36,319.1,62.0,325.27,44.0,316.9,40.0,326.4,40.0,6.169999999999959,102.0,84.0,1.0711069040996926,319.1,325.27,186,18.0,-79.0,0.1
07:35:37,319.0,48.0,324.8,30.0,316.0,32.0,325.69,26.0,5.800000000000011,80.0,56.0,1.4126818467051148,319.0,324.8,136,24.0,-50.0,0.18
07:35:38,316.91,46.0,323.5,36.0,315.5,32.0,325.0,48.0,6.589999999999975,78.0,84.0,1.9853891306266378,316.91,323.5,162,-6.0,26.0,-0.04
07:35:39,316.0,40.0,321.92,26.0,315.0,20.0,324.53,38.0,5.920000000000016,60.0,64.0,2.136766248331988,316.0,321.92,124,-4.0,-38.0,-0.03
07:35:43,315.0,9.0,322.09,11.0,314.0,18.0,329.74,39.0,7.089999999999975,27.0,50.0,1.3216920972798119,315.0,322.09,77,-23.0,8.0,-0.3
07:35:44,311.67,12.0,326.12,17.0,311.0,16.0,331.4,67.0,14.449999999999989,28.0,84.0,1.303828976519513,311.67,326.12,112,-56.0,35.0,-0.5
07:35:45,310.97,66.0,326.71,72.0,308.67,18.0,329.11,57.0,15.739999999999952,84.0,129.0,1.4176141929353947,310.97,326.71,213,-45.0,101.0,-0.21
07:35:46,316.26,130.0,325.38,39.0,310.7,40.0,326.38,39.0,9.120000000000005,170.0,78.0,1.7197819629277646,316.26,325.38,248,92.0,35.0,0.37
07:35:47,318.17,48.0,324.0,30.0,316.79,112.0,325.4,30.0,5.829999999999984,160.0,60.0,1.2100123966354572,318.17,324.0,220,100.0,-28.0,0.45
07:35:48,320.0,55.0,323.0,42.0,319.0,56.0,325.86,42.0,3.0,111.0,84.0,1.2660094786420006,320.0,323.0,195,27.0,-25.0,0.14
07:35:49,320.0,24.0,323.22,27.0,318.08,52.0,328.89,27.0,3.2200000000000273,76.0,54.0,1.1249444430776665,320.0,323.22,130,22.0,-65.0,0.17
07:35:50,321.15,26.0,328.0,39.0,317.0,156.0,331.54,39.0,6.850000000000023,182.0,78.0,1.5218147062014915,321.15,328.0,260,104.0,130.0,0.4
07:35:51,323.25,16.0,330.5,72.0,319.5,48.0,337.9,40.0,7.25,64.0,112.0,2.5166843266510077,323.25,330.5,176,-48.0,-84.0,-0.27
07:35:52,324.0,9.0,330.0,36.0,322.0,18.0,331.0,33.0,6.0,27.0,69.0,2.697217084331636,324.0,330.0,96,-42.0,-80.0,-0.44
07:35:53,324.0,11.0,329.27,44.0,322.64,22.0,331.55,33.0,5.269999999999982,33.0,77.0,2.30801213168608,324.0,329.27,110,-44.0,14.0,-0.4
07:35:54,324.0,11.0,327.45,44.0,323.0,22.0,332.55,33.0,3.4499999999999886,33.0,77.0,1.0167988985094176,324.0,327.45,110,-44.0,0.0,-0.4
07:35:55,323.29,17.0,328.12,34.0,317.73,82.0,343.14,29.0,4.829999999999984,99.0,63.0,0.6270326945303014,323.29,328.12,162,36.0,52.0,0.22
07:35:56,323.0,22.0,331.39,31.0,318.28,100.0,332.67,27.0,8.389999999999986,122.0,58.0,0.6985914399775579,323.0,331.39,180,64.0,18.0,0.36
07:35:57,321.95,19.0,328.59,22.0,318.65,68.0,329.7,10.0,6.639999999999986,87.0,32.0,0.7837856849994079,321.95,328.59,119,55.0,-61.0,0.46
07:35:58,319.0,50.0,327.3,30.0,317.0,120.0,329.0,10.0,8.300000000000011,170.0,40.0,1.4567086187738945,319.0,327.3,210,130.0,91.0,0.62
07:35:59,319.0,75.0,326.18,17.0,317.0,180.0,327.05,43.0,7.180000000000007,255.0,60.0,1.895130602362357,319.0,326.18,315,195.0,105.0,0.62
07:36:00,319.0,64.0,324.88,24.0,317.0,168.0,325.72,32.0,5.8799999999999955,232.0,56.0,2.1644445014854266,319.0,324.88,288,176.0,-27.0,0.61
07:36:01,319.0,139.0,321.66,35.0,317.0,180.0,323.82,33.0,2.660000000000025,319.0,68.0,1.8030751509603629,319.0,321.66,387,251.0,99.0,0.65
07:36:04,319.36,33.0,329.39,23.0,317.22,108.0,333.46,37.0,10.029999999999973,141.0,60.0,2.071979729633239,319.36,329.39,201,81.0,39.0,0.4
07:36:05,320.0,12.0,332.0,12.0,319.0,12.0,334.0,18.0,12.0,24.0,30.0,3.0387694878043825,320.0,332.0,54,-6.0,-147.0,-0.11
07:36:06,320.0,24.0,332.0,16.0,319.0,16.0,334.0,24.0,12.0,40.0,40.0,3.3307476638152425,320.0,332.0,80,0.0,26.0,0.0
07:36:07,320.75,24.0,331.55,33.0,319.0,24.0,333.64,33.0,10.800000000000011,48.0,66.0,2.836931440837166,320.75,331.55,114,-18.0,34.0,-0.16
07:36:08,322.18,34.0,331.03,60.0,319.0,38.0,332.17,35.0,8.849999999999966,72.0,95.0,0.8449141968331916,322.18,331.03,167,-23.0,53.0,-0.14
07:36:09,319.0,9.0,330.78,27.0,317.0,108.0,332.0,18.0,11.779999999999973,117.0,45.0,0.6302142492916759,319.0,330.78,162,72.0,-5.0,0.44
07:36:10,317.77,26.0,328.25,36.0,316.9,134.0,332.0,36.0,10.480000000000018,160.0,72.0,1.4413708752469823,317.77000000000004,328.25,232,88.0,70.0,0.38
07:36:11,317.0,80.0,327.69,26.0,316.0,70.0,330.86,42.0,10.689999999999998,150.0,68.0,1.8759797440298152,317.0,327.69,218,82.0,-14.0,0.38
07:36:12,317.0,104.0,326.06,63.0,316.0,64.0,327.4,30.0,9.060000000000002,168.0,93.0,2.0512630255552744,317.0,326.06,261,75.0,43.0,0.29
07:36:13,317.03,58.0,324.73,26.0,316.19,43.0,326.16,38.0,7.7000000000000455,101.0,64.0,1.545548446348453,317.03,324.72999999999996,165,37.0,-96.0,0.22
07:36:14,317.81,72.0,321.88,59.0,316.88,129.0,324.52,67.0,4.069999999999993,201.0,126.0,1.2390601276815167,317.81,321.88,327,75.0,162.0,0.23
07:36:16,318.71,34.0,321.0,41.0,316.78,32.0,331.0,56.0,2.2900000000000205,66.0,97.0,1.2196843854088228,318.71,321.0,163,-31.0,-51.0,-0.19
07:36:17,320.0,42.0,321.0,28.0,317.0,42.0,331.0,111.0,1.0,84.0,139.0,0.9773024097024003,320.0,321.0,223,-55.0,60.0,-0.25
07:36:18,320.0,29.0,321.0,24.0,317.19,26.0,331.0,108.0,1.0,55.0,132.0,0.8908535233191447,320.0,321.0,187,-77.0,-36.0,-0.41
07:36:19,315.79,42.0,330.18,40.0,314.61,36.0,335.54,117.0,14.389999999999986,78.0,157.0,1.680833126758913,315.79,330.18,235,-79.0,48.0,-0.34
07:36:20,314.57,28.0,324.32,28.0,311.5,24.0,321.71,24.0,9.75,52.0,52.0,1.3742015863803045,314.57,324.32,104,0.0,-131.0,0.0
07:36:23,312.71,14.0,325.47,34.0,310.35,23.0,329.3,37.0,12.760000000000048,37.0,71.0,4.709635867029467,312.71,325.47,108,-34.0,-3.0,-0.31
07:36:24,318.8,25.0,327.48,46.0,312.3,30.0,331.55,62.0,8.680000000000007,55.0,108.0,4.758523930801476,318.8,327.48,163,-53.0,55.0,-0.33
07:36:25,320.0,50.0,328.0,40.0,317.0,10.0,450.1,29.0,8.0,60.0,69.0,5.630102130513298,320.0,328.0,129,-9.0,-34.0,-0.07
07:36:26,320.0,40.0,329.25,32.0,317.0,8.0,369.6,20.0,9.25,48.0,52.0,5.26190839905166,320.0,329.25,100,-4.0,-29.0,-0.04
07:36:27,320.0,50.0,328.0,40.0,319.0,40.0,330.1,40.0,8.0,90.0,80.0,2.2320170250269875,320.0,328.0,170,10.0,70.0,0.06
07:36:28,320.0,40.0,328.0,32.0,319.0,32.0,331.0,32.0,8.0,72.0,64.0,0.5273708372769399,320.0,328.0,136,8.0,-34.0,0.06
07:36:29,320.0,45.0,327.76,21.0,319.0,36.0,330.0,36.0,7.759999999999991,81.0,57.0,0.29529646122186043,320.0,327.76,138,24.0,2.0,0.17
07:36:30,320.0,30.0,326.5,6.0,319.0,24.0,331.0,32.0,6.5,54.0,38.0,0.4870318264858988,320.0,326.5,92,16.0,-46.0,0.17
07:36:31,320.0,40.0,325.25,8.0,319.0,32.0,329.67,36.0,5.25,72.0,44.0,0.605970296310224,320.0,325.25,116,28.0,24.0,0.24
07:36:32,320.0,21.0,325.0,5.0,319.0,20.0,330.0,36.0,5.0,41.0,41.0,0.6926037828444168,320.0,325.0,82,0.0,-34.0,0.0
07:36:33,320.0,33.0,323.67,15.0,319.0,44.0,329.92,65.0,3.670000000000016,77.0,80.0,0.7795703945189991,320.0,323.67,157,-3.0,75.0,-0.02
07:36:34,320.0,21.0,321.0,45.0,319.0,36.0,329.1,21.0,1.0,57.0,66.0,1.0461596436541967,320.0,321.0,123,-9.0,-34.0,-0.07
07:36:35,320.0,34.0,324.38,29.0,319.0,68.0,329.9,59.0,4.3799999999999955,102.0,88.0,0.8549093519261135,320.0,324.38,190,14.0,67.0,0.07
07:36:36,320.0,32.0,326.5,46.0,319.0,64.0,328.79,19.0,6.5,96.0,65.0,1.014016765152679,320.0,326.5,161,31.0,-29.0,0.19
07:36:37,320.0,22.0,324.0,33.0,319.0,44.0,327.0,15.0,4.0,66.0,48.0,0.9832242877445234,320.0,324.0,114,18.0,-47.0,0.16
07:36:38,319.92,26.0,323.0,42.0,318.92,52.0,324.0,42.0,3.079999999999984,78.0,84.0,1.0084889687104857,319.92,323.0,162,-6.0,48.0,-0.04
07:36:39,320.0,34.0,323.08,36.0,318.33,36.0,327.5,50.0,3.079999999999984,70.0,86.0,0.7181712887680117,320.0,323.08,156,-16.0,-6.0,-0.1
07:36:40,320.0,201.0,322.25,48.0,319.0,32.0,329.0,35.0,2.25,233.0,83.0,0.8307707265008505,320.0,322.25,316,150.0,160.0,0.47
07:36:41,319.73,44.0,326.73,44.0,318.2,40.0,329.5,32.0,7.0,84.0,76.0,0.8224962006056767,319.73,326.73,160,8.0,-156.0,0.05
07:36:42,319.0,4.0,328.0,16.0,318.0,16.0,331.5,4.0,9.0,20.0,20.0,1.1063453348799908,319.0,328.0,40,0.0,-120.0,0.0
07:36:43,319.0,13.0,329.23,26.0,316.31,52.0,331.12,17.0,10.230000000000018,65.0,43.0,1.301852526214329,319.0,329.22999999999996,108,22.0,68.0,0.2
07:36:44,319.78,51.0,327.79,28.0,316.46,52.0,329.75,40.0,8.010000000000048,103.0,68.0,1.1832455366535695,319.78,327.79,171,35.0,63.0,0.2
07:36:45,320.0,65.0,325.0,33.0,319.0,13.0,326.14,21.0,5.0,78.0,54.0,0.615524166877763,320.0,325.0,132,24.0,-39.0,0.18
07:36:46,321.65,72.0,323.25,44.0,320.89,74.0,325.0,33.0,1.6000000000000227,146.0,77.0,0.7601118338840626,321.65,323.25,223,69.0,91.0,0.31
07:36:47,322.29,42.0,324.56,32.0,321.29,28.0,330.0,32.0,2.269999999999982,70.0,64.0,0.7549370834782171,322.29,324.56,134,6.0,-89.0,0.04
07:36:48,322.0,45.0,323.93,15.0,319.87,15.0,329.18,33.0,1.9300000000000068,60.0,48.0,0.5810593773536454,322.0,323.93,108,12.0,-26.0,0.11
07:36:49,322.0,19.0,325.18,11.0,321.0,42.0,327.63,19.0,3.180000000000007,61.0,30.0,0.5188737804231237,322.0,325.18,91,31.0,-17.0,0.34
07:36:50,321.2,40.0,327.0,42.0,319.29,56.0,330.0,19.0,5.800000000000011,96.0,61.0,0.6264423357425277,321.2,327.0,157,35.0,66.0,0.22
07:36:51,321.0,52.0,326.12,50.0,318.88,57.0,328.12,32.0,5.1200000000000045,109.0,82.0,0.4046850627469821,321.0,326.12,191,27.0,34.0,0.14
07:36:52,321.0,48.0,325.67,48.0,320.0,60.0,332.0,24.0,4.670000000000016,108.0,72.0,0.41261362072831576,321.0,325.67,180,36.0,-11.0,0.2
07:36:53,321.0,47.0,323.38,21.0,320.0,60.0,325.45,40.0,2.3799999999999955,107.0,61.0,0.7088935039979796,321.0,323.38,168,46.0,-12.0,0.27
07:36:54,321.0,19.0,322.0,32.0,320.0,40.0,331.0,8.0,1.0,59.0,40.0,1.0627934888822517,321.0,322.0,99,19.0,-69.0,0.19
07:36:55,319.78,36.0,331.0,14.0,317.93,56.0,335.0,28.0,11.220000000000027,92.0,42.0,1.4876592351780369,319.78,331.0,134,50.0,35.0,0.37
07:36:56,322.06,32.0,328.38,16.0,318.0,64.0,335.0,31.0,6.319999999999993,96.0,47.0,1.751579287389115,322.06,328.38,143,49.0,9.0,0.34
07:36:57,324.24,34.0,327.21,43.0,322.47,38.0,331.94,18.0,2.9699999999999704,72.0,61.0,1.9940486453471087,324.24,327.21,133,11.0,-10.0,0.08
07:36:58,324.69,13.0,326.9,58.0,322.23,26.0,327.86,21.0,2.2099999999999795,39.0,79.0,1.8174240011650247,324.69,326.9,118,-40.0,-15.0,-0.34
07:36:59,323.0,20.0,328.43,42.0,318.0,40.0,332.21,14.0,5.430000000000007,60.0,56.0,0.2476489451031852,323.0,328.43,116,4.0,-2.0,0.03
07:37:00,323.87,30.0,332.35,31.0,318.0,60.0,333.44,27.0,8.480000000000018,90.0,58.0,1.1408987685201464,323.87,332.35,148,32.0,32.0,0.22
07:37:01,321.3,20.0,330.91,11.0,317.91,44.0,334.0,11.0,9.610000000000014,64.0,22.0,1.0319544563646303,321.3,330.91,86,42.0,-62.0,0.49
07:37:02,318.25,24.0,330.0,13.0,317.0,76.0,334.0,13.0,11.75,100.0,26.0,1.4246859303056023,318.25,330.0,126,74.0,40.0,0.59
07:37:03,317.0,48.0,329.42,12.0,316.0,144.0,333.75,12.0,12.420000000000016,192.0,24.0,1.8942148769373084,317.0,329.42,216,168.0,90.0,0.78
07:37:04,317.0,32.0,328.0,8.0,316.0,68.0,331.0,8.0,11.0,100.0,16.0,2.287262555984872,317.0,328.0,116,84.0,-100.0,0.72
07:37:05,317.0,36.0,328.0,9.0,316.0,72.0,331.0,9.0,11.0,108.0,18.0,1.504619553245961,317.0,328.0,126,90.0,10.0,0.71
07:37:06,317.0,44.0,328.0,11.0,316.0,88.0,331.0,11.0,11.0,132.0,22.0,0.7146187794970009,317.0,328.0,154,110.0,28.0,0.71
07:37:07,316.05,81.0,326.36,39.0,315.11,74.0,327.54,24.0,10.310000000000002,155.0,63.0,0.7287798021415938,316.05,326.36,218,92.0,64.0,0.42
07:37:12,315.0,48.0,327.19,21.0,314.0,27.0,331.54,39.0,12.189999999999998,75.0,60.0,1.907739500038698,315.0,327.19,135,15.0,-31.0,0.11
07:37:13,315.0,60.0,328.0,36.0,313.05,44.0,329.0,60.0,13.0,104.0,96.0,2.5006259216460305,315.0,328.0,200,8.0,65.0,0.04
07:37:14,318.0,26.0,327.23,39.0,315.0,98.0,328.59,51.0,9.230000000000018,124.0,90.0,2.9426348737157695,318.0,327.23,214,34.0,14.0,0.16
07:37:15,318.53,17.0,324.85,39.0,316.08,50.0,328.0,39.0,6.32000000000005,67.0,78.0,2.43819195306858,318.53,324.85,145,-11.0,-69.0,-0.08
07:37:16,320.06,18.0,323.69,48.0,318.13,30.0,328.28,54.0,3.6299999999999955,48.0,102.0,0.5611862436024232,320.06,323.69,150,-54.0,5.0,-0.36
07:37:17,320.0,14.0,327.62,24.0,318.0,28.0,328.48,52.0,7.6200000000000045,42.0,76.0,0.9459756867957574,320.0,327.62,118,-34.0,-32.0,-0.29
07:37:18,314.81,16.0,327.0,8.0,313.2,25.0,328.0,24.0,12.189999999999998,41.0,32.0,1.0953994705168861,314.81,327.0,73,9.0,-45.0,0.12
07:37:19,317.0,17.0,325.97,29.0,311.0,82.0,326.92,39.0,8.970000000000027,99.0,68.0,1.099554455226588,317.0,325.97,167,31.0,94.0,0.19
07:37:20,317.0,17.0,323.53,17.0,316.0,34.0,326.0,51.0,6.529999999999973,51.0,68.0,1.3436256919278535,317.0,323.53,119,-17.0,-48.0,-0.14
07:37:21,318.6,30.0,323.6,30.0,317.17,36.0,326.43,54.0,5.0,66.0,84.0,1.3584439627782112,318.6,323.6,150,-18.0,31.0,-0.12
07:37:22,319.9,40.0,324.6,40.0,318.85,40.0,326.0,60.0,4.7000000000000455,80.0,100.0,0.734608739403862,319.9,324.6,180,-20.0,30.0,-0.11
07:37:23,321.77,26.0,323.11,37.0,320.77,26.0,324.43,28.0,1.3400000000000318,52.0,65.0,0.8865551308342807,321.77000000000004,323.11,117,-13.0,-63.0,-0.11
07:37:24,319.89,54.0,322.33,15.0,309.4,45.0,332.4,75.0,2.4399999999999977,99.0,90.0,0.9045275009686372,319.88999999999993,322.33,189,9.0,72.0,0.05
07:37:25,321.0,120.0,325.75,16.0,316.0,24.0,334.06,67.0,4.75,144.0,83.0,0.9678481285866505,321.0,325.75,227,61.0,38.0,0.27
07:37:26,321.0,110.0,334.0,55.0,316.0,22.0,336.0,22.0,13.0,132.0,77.0,2.4636416135487265,321.0,334.0,209,55.0,-18.0,0.26
07:37:27,321.13,76.0,334.0,60.0,319.73,98.0,336.0,24.0,12.870000000000005,174.0,84.0,2.9734239522828383,321.13,334.0,258,90.0,49.0,0.35
07:37:28,322.0,16.0,334.0,40.0,321.0,72.0,336.0,16.0,12.0,88.0,56.0,3.0943771586556337,322.0,334.0,144,32.0,-114.0,0.22
07:37:29,322.0,18.0,332.48,29.0,321.0,81.0,334.03,30.0,10.480000000000018,99.0,59.0,1.896950183850455,322.0,332.48,158,40.0,14.0,0.25
07:37:30,321.07,114.0,330.49,72.0,320.18,147.0,332.88,69.0,9.420000000000016,261.0,141.0,0.8490111895673045,321.06999999999994,330.49,402,120.0,177.5,0.3
07:37:31,321.0,144.0,328.27,71.0,320.0,160.0,329.27,41.0,7.269999999999982,304.0,112.0,1.4012601471569062,321.0,328.27,416,192.0,14.0,0.46
07:37:32,321.0,135.0,325.41,66.0,320.0,150.0,327.38,39.0,4.410000000000025,285.0,105.0,1.9389687981011374,321.0,325.41,390,180.0,-26.0,0.46
07:37:33,321.0,130.0,324.03,69.0,320.0,150.0,327.28,36.0,3.0299999999999727,280.0,105.0,1.914750636508378,321.0,324.03,385,175.0,-5.0,0.45
07:37:34,320.31,90.0,322.0,26.0,318.94,51.0,333.11,45.0,1.6899999999999977,141.0,71.0,1.80356036771952,320.31,322.0,212,70.0,-173.0,0.33
07:37:35,321.75,76.0,326.56,25.0,320.0,102.0,334.58,53.0,4.810000000000002,178.0,78.0,1.3748272618799868,321.75,326.56,256,100.0,44.0,0.39
07:37:36,322.0,36.0,324.0,18.0,320.0,54.0,331.0,9.0,2.0,90.0,27.0,1.0950022831064237,322.0,324.0,117,63.0,-139.0,0.54
07:37:37,322.0,32.0,327.67,15.0,320.0,48.0,332.67,12.0,5.670000000000016,80.0,27.0,1.4328817117991337,322.0,327.67,107,53.0,-10.0,0.5
07:37:38,322.0,36.0,330.0,18.0,320.0,54.0,331.0,9.0,8.0,90.0,27.0,1.8458791943159991,322.0,330.0,117,63.0,10.0,0.54
07:37:39,322.0,20.0,330.0,12.0,320.0,36.0,331.0,6.0,8.0,56.0,18.0,1.2789956997617475,322.0,330.0,74,38.0,-43.0,0.51
07:37:40,322.0,8.0,329.25,8.0,320.0,24.0,331.0,4.0,7.25,32.0,12.0,1.2622202660427821,322.0,329.25,44,20.0,-30.0,0.45
07:37:41,320.1,41.0,327.86,28.0,318.27,45.0,329.24,25.0,7.759999999999991,86.0,53.0,0.8724563026359252,320.1,327.86,139,33.0,95.0,0.24
07:37:42,320.0,30.0,325.5,20.0,318.0,30.0,327.8,20.0,5.5,60.0,40.0,1.4493791774442895,320.0,325.5,100,20.0,-39.0,0.2
07:37:43,320.0,24.0,323.89,18.0,318.0,27.0,325.78,18.0,3.8899999999999864,51.0,36.0,1.7616810153966473,320.0,323.89,87,15.0,-13.0,0.17
07:37:44,319.09,33.0,322.06,36.0,317.27,86.0,327.04,25.0,2.9700000000000273,119.0,61.0,1.930795172981537,319.09,322.06,180,58.0,93.0,0.32
07:37:45,319.69,26.0,325.0,16.0,317.11,47.0,337.25,53.0,5.310000000000002,73.0,69.0,1.23978627190684,319.69,325.0,142,4.0,-38.0,0.03
07:37:46,319.67,18.0,330.0,12.0,318.31,13.0,338.0,96.0,10.329999999999984,31.0,108.0,1.5452896168707797,319.67,330.0,139,-77.0,-3.0,-0.55
07:37:47,320.0,10.0,330.0,10.0,318.0,10.0,335.0,40.0,10.0,20.0,50.0,1.9222824974515909,320.0,330.0,70,-30.0,-69.0,-0.43
07:37:48,321.0,9.0,330.0,9.0,318.0,9.0,335.0,36.0,9.0,18.0,45.0,2.1103198809680186,321.0,330.0,63,-27.0,-7.0,-0.43
07:37:49,321.1,10.0,330.0,10.0,318.0,10.0,335.0,40.0,8.899999999999977,20.0,50.0,1.3207308582785022,321.1,330.0,70,-30.0,7.0,-0.43
07:37:50,322.0,6.0,330.0,6.0,319.67,6.0,335.0,24.0,8.0,12.0,30.0,0.46757887036231705,322.0,330.0,42,-18.0,-28.0,-0.43
07:37:51,322.0,11.0,325.09,11.0,320.0,11.0,331.29,14.0,3.089999999999975,22.0,25.0,0.9464407007357519,322.0,325.09,47,-3.0,5.0,-0.06
07:37:52,322.0,11.0,327.55,11.0,320.0,11.0,332.88,41.0,5.550000000000011,22.0,52.0,0.9592340694581102,322.0,327.55,74,-30.0,27.0,-0.41
07:37:53,322.0,12.0,327.75,24.0,320.0,12.0,329.92,48.0,5.75,24.0,72.0,0.9300268813368338,322.0,327.75,96,-48.0,22.0,-0.5
07:37:54,322.0,10.0,325.1,10.0,320.0,10.0,327.0,40.0,3.1000000000000227,20.0,50.0,1.0319641466683502,322.0,325.1,70,-30.0,-26.0,-0.43
07:37:55,320.91,11.0,323.91,11.0,318.91,11.0,329.91,44.0,3.0,22.0,55.0,1.019715646643025,320.91,323.91,77,-33.0,7.0,-0.43
07:37:56,321.17,24.0,328.65,34.0,317.62,52.0,332.85,52.0,7.479999999999961,76.0,86.0,1.1036213118677607,321.17,328.65,162,-10.0,85.0,-0.06
07:37:57,321.08,12.0,331.0,48.0,318.1,30.0,333.55,44.0,9.920000000000016,42.0,92.0,1.4012387376920528,321.08,331.0,134,-50.0,-28.0,-0.37
07:37:58,320.0,13.0,330.32,37.0,317.0,130.0,332.23,52.0,10.319999999999993,143.0,89.0,1.4325606444436652,320.0,330.32,232,54.0,98.0,0.23
07:37:59,320.0,12.0,330.53,30.0,317.52,108.0,332.5,48.0,10.529999999999973,120.0,78.0,1.3787204212634863,320.0,330.53,198,42.0,-34.0,0.21
07:38:00,320.0,9.0,331.91,33.0,317.37,38.0,334.18,34.0,11.910000000000025,47.0,67.0,0.5012284908195647,320.0,331.91,114,-20.0,-84.0,-0.18
07:38:01,320.0,9.0,333.0,51.0,318.0,117.0,335.5,24.0,13.0,126.0,75.0,0.5610971395484038,320.0,333.0,201,51.0,87.0,0.25
07:38:02,320.0,13.0,331.65,46.0,318.0,169.0,332.87,31.0,11.649999999999977,182.0,77.0,0.5447660048216837,320.0,331.65,259,105.0,58.0,0.41
07:38:03,320.0,11.0,331.0,33.0,318.0,143.0,332.0,22.0,11.0,154.0,55.0,0.47005318848978206,320.0,331.0,209,99.0,-50.0,0.47
07:38:04,320.0,13.0,327.0,38.0,318.0,169.0,328.17,36.0,7.0,182.0,74.0,1.151273208239155,320.0,327.0,256,108.0,47.0,0.42
07:38:05,318.17,71.0,324.27,33.0,317.84,93.0,326.0,33.0,6.099999999999966,164.0,66.0,2.1521384713834983,318.17,324.27,230,98.0,-26.0,0.43
07:38:06,318.0,156.0,323.6,30.0,317.0,36.0,325.0,36.0,5.600000000000023,192.0,66.0,2.336279092918581,318.0,323.6,258,126.0,28.0,0.49
07:38:07,318.0,156.0,321.78,27.0,317.0,36.0,323.5,34.0,3.7799999999999727,192.0,61.0,2.2822620357899206,318.0,321.78,253,131.0,-5.0,0.52
07:38:09,318.0,84.0,328.09,33.0,317.0,45.0,333.56,54.0,10.089999999999975,129.0,87.0,1.6260781039074275,318.0,328.09,216,42.0,-44.0,0.19
07:38:10,318.0,50.0,333.0,20.0,317.0,30.0,334.0,40.0,15.0,80.0,60.0,2.7138478218219118,318.0,333.0,140,20.0,-76.0,0.14
07:38:11,318.0,80.0,331.41,95.0,317.0,48.0,333.33,36.0,13.410000000000025,128.0,131.0,2.9822441214642055,318.0,331.41,259,-3.0,119.0,-0.01
07:38:12,318.0,95.0,330.16,131.0,317.0,57.0,331.94,98.0,12.160000000000025,152.0,229.0,2.68737232255005,318.0,330.16,381,-77.0,122.0,-0.2
07:38:13,318.88,52.0,326.74,68.0,318.35,68.0,328.25,51.0,7.860000000000014,120.0,119.0,1.1263436420597102,318.88,326.74,239,1.0,-142.0,0.0
07:38:14,323.57,98.0,326.0,72.0,320.14,28.0,327.0,90.0,2.430000000000007,126.0,162.0,1.010727460796645,323.57,326.0,288,-36.0,49.0,-0.12
07:38:15,324.0,78.0,326.0,52.0,321.0,13.0,327.0,65.0,2.0,91.0,117.0,0.889421160085814,324.0,326.0,208,-26.0,-80.0,-0.12
07:38:16,322.28,65.0,325.07,81.0,318.18,17.0,326.28,72.0,2.7900000000000205,82.0,153.0,0.8836119057642666,322.28,325.07,235,-71.0,27.0,-0.3
07:38:17,317.0,28.0,322.54,65.0,315.47,30.0,324.77,61.0,5.5400000000000205,58.0,126.0,2.1163057435087813,317.0,322.54,184,-68.0,-51.0,-0.37
07:38:19,316.0,306.0,323.82,78.0,310.01,150.0,324.57,51.0,7.819999999999993,456.0,129.0,2.8164996005694434,316.0,323.82,585,327.0,133.0,0.56
07:38:20,318.58,83.0,328.33,64.0,316.39,172.0,329.9,58.0,9.75,255.0,122.0,2.3651046488491256,318.58,328.33,377,133.0,-178.5,0.35
07:38:21,321.09,70.0,325.28,54.0,317.46,127.0,330.5,72.0,4.189999999999998,197.0,126.0,2.2330965048577136,321.09,325.28,323,71.0,-54.0,0.22
07:38:22,320.1,86.0,322.13,45.0,316.08,243.0,333.19,42.0,2.0299999999999727,329.0,87.0,2.1338626947411137,320.1,322.13,416,242.0,93.0,0.58
07:38:23,321.25,110.0,333.14,84.0,320.47,95.0,336.74,38.0,11.889999999999986,205.0,122.0,2.7817925875248712,321.25,333.14,327,83.0,-89.0,0.25
07:38:24,323.0,60.0,332.95,81.0,321.0,135.0,335.02,59.0,9.949999999999989,195.0,140.0,2.899686189919331,323.0,332.95,335,55.0,8.0,0.16
07:38:25,323.0,44.0,329.27,55.0,321.0,99.0,334.0,11.0,6.269999999999982,143.0,66.0,2.8857373407864055,323.0,329.27,209,77.0,-126.0,0.37
07:38:26,321.0,117.0,327.84,62.0,319.0,13.0,328.91,43.0,6.839999999999975,130.0,105.0,2.725751272586889,321.0,327.84,235,25.0,26.0,0.11
07:38:27,321.0,116.0,324.09,57.0,319.0,14.0,325.49,69.0,3.089999999999975,130.0,126.0,2.194101182719037,321.0,324.09,256,4.0,21.0,0.02
07:38:28,321.0,77.0,322.0,55.0,319.0,11.0,323.0,44.0,1.0,88.0,99.0,2.629007417260133,321.0,322.0,187,-11.0,-69.0,-0.06
07:38:29,321.0,65.0,322.0,55.0,319.0,11.0,325.87,47.0,1.0,76.0,102.0,2.021484602961011,321.0,322.0,178,-26.0,-9.0,-0.15
07:38:30,319.75,16.0,330.33,60.0,317.1,42.0,336.0,50.0,10.579999999999984,58.0,110.0,1.6499696966939776,319.75,330.33,168,-52.0,-10.0,-0.31
07:38:31,318.75,8.0,332.0,40.0,316.73,30.0,337.0,32.0,13.25,38.0,72.0,1.8942861452294957,318.75,332.0,110,-34.0,-58.0,-0.31
07:38:32,317.0,12.0,329.93,27.0,315.2,45.0,331.94,32.0,12.930000000000007,57.0,59.0,1.8594837993401443,317.0,329.93,116,-2.0,6.0,-0.02
07:38:33,317.47,15.0,327.56,18.0,316.04,25.0,328.56,18.0,10.089999999999975,40.0,36.0,1.6475193473851835,317.47,327.56,76,4.0,-40.0,0.05
07:38:34,320.11,46.0,326.77,26.0,317.0,13.0,328.0,26.0,6.659999999999968,59.0,52.0,1.2047323354208526,320.11,326.77000000000004,111,7.0,35.0,0.06
07:38:35,321.0,32.0,324.38,32.0,317.0,16.0,325.75,32.0,3.3799999999999955,48.0,64.0,1.1375104395162727,321.0,324.38,112,-16.0,1.0,-0.14
07:38:36,321.0,34.0,322.0,34.0,317.0,17.0,323.0,34.0,1.0,51.0,68.0,0.8061327434165972,321.0,322.0,119,-17.0,7.0,-0.14
07:38:37,319.67,12.0,322.0,16.0,315.5,16.0,330.14,28.0,2.329999999999984,28.0,44.0,1.0296261457481946,319.67,322.0,72,-16.0,-47.0,-0.22
07:38:45,312.0,53.0,325.72,25.0,310.1,60.0,327.34,47.0,13.720000000000027,113.0,72.0,1.928115660432787,312.0,325.72,185,41.0,-35.0,0.22
07:38:46,313.8,30.0,324.0,30.0,311.96,28.0,329.0,10.0,10.199999999999989,58.0,40.0,2.4388870412560038,313.8,324.0,98,18.0,-87.0,0.18
07:38:47,314.0,48.0,322.97,35.0,311.65,51.0,324.21,28.0,8.970000000000027,99.0,63.0,2.4089686589922508,314.0,322.97,162,36.0,64.0,0.22
07:39:00,320.22,9.0,323.29,21.0,316.33,9.0,325.6,10.0,3.069999999999993,18.0,31.0,2.80573876189624,320.22,323.29,49,-13.0,-67.0,-0.27
07:39:01,321.0,9.0,323.78,18.0,319.0,9.0,325.6,10.0,2.7799999999999727,18.0,28.0,2.3604597009922315,321.0,323.78,46,-10.0,-3.0,-0.22
07:39:02,309.26,132.0,322.02,41.0,307.33,60.0,324.21,29.0,12.759999999999991,192.0,70.0,2.825938782070146,309.26,322.02,262,122.0,177.5,0.47
07:39:06,314.32,102.0,325.0,16.0,313.58,74.0,326.0,8.0,10.680000000000007,176.0,24.0,3.4033689191747185,314.32,325.0,200,152.0,102.0,0.76
07:39:07,316.0,108.0,323.12,24.0,315.0,216.0,324.83,18.0,7.1200000000000045,324.0,42.0,4.0235457000020745,316.0,323.12,366,282.0,166.0,0.77
07:39:08,315.75,188.0,321.82,68.0,314.0,104.0,323.0,17.0,6.069999999999993,292.0,85.0,3.031415510946448,315.75,321.82,377,207.0,11.0,0.55
07:39:12,319.0,64.0,324.29,28.0,317.32,56.0,326.5,40.0,5.2900000000000205,120.0,68.0,1.345039032894104,319.0,324.29,188,52.0,-173.0,0.28
07:39:13,320.29,56.0,326.0,35.0,316.0,35.0,327.0,35.0,5.7099999999999795,91.0,70.0,2.0845095346410325,320.29,326.0,161,21.0,-27.0,0.13
07:39:14,321.48,62.0,326.0,40.0,319.08,52.0,327.0,40.0,4.519999999999982,114.0,80.0,2.520416632227704,321.48,326.0,194,34.0,33.0,0.18
07:39:15,322.0,35.0,326.0,25.0,321.0,40.0,327.0,25.0,4.0,75.0,50.0,2.1863256847988035,322.0,326.0,125,25.0,-69.0,0.2
07:39:16,322.7,70.0,326.0,50.0,321.0,80.0,327.0,50.0,3.3000000000000114,150.0,100.0,1.0653544011322593,322.7,326.0,250,50.0,125.0,0.2
07:39:17,323.0,27.0,326.0,35.0,321.0,56.0,327.0,35.0,3.0,83.0,70.0,0.5397036223820563,323.0,326.0,153,13.0,-97.0,0.08
07:39:18,323.0,18.0,326.0,30.0,321.0,48.0,327.0,30.0,3.0,66.0,60.0,0.3363331681718717,323.0,326.0,126,6.0,-27.0,0.05
07:39:19,323.0,15.0,326.0,29.0,321.0,40.0,328.12,16.0,3.0,55.0,45.0,0.21679483391597892,323.0,326.0,100,10.0,-26.0,0.1
07:39:20,323.0,21.0,325.8,45.0,321.0,56.0,327.03,31.0,2.8000000000000114,77.0,76.0,0.07071067820863115,323.0,325.8,153,1.0,53.0,0.01
07:39:21,323.0,24.0,324.25,24.0,321.0,64.0,326.54,37.0,1.25,88.0,61.0,0.384811642251886,323.0,324.25,149,27.0,-4.0,0.18
07:39:22,321.22,54.0,327.37,38.0,320.45,22.0,329.58,38.0,6.149999999999977,76.0,76.0,0.3694319964655975,321.22,327.37,152,0.0,3.0,0.0
07:39:23,321.0,64.0,328.0,52.0,319.0,8.0,330.0,40.0,7.0,72.0,92.0,0.3694319964655975,321.0,328.0,164,-20.0,12.0,-0.12
07:39:24,321.0,72.0,328.0,44.0,319.0,9.0,330.0,45.0,7.0,81.0,89.0,0.3694319964655975,321.0,328.0,170,-8.0,6.0,-0.05
07:39:25,321.0,67.0,327.43,42.0,317.4,45.0,328.53,57.0,6.430000000000007,112.0,99.0,0.3616351752975946,321.0,327.43,211,13.0,41.0,0.06
07:39:26,321.0,50.0,325.3,30.0,317.0,180.0,328.0,40.0,4.300000000000011,230.0,70.0,0.5633560153335035,321.0,325.3,300,160.0,89.0,0.53
07:39:27,319.84,83.0,324.8,45.0,317.17,207.0,328.8,60.0,4.960000000000036,290.0,105.0,0.9670211993602084,319.84,324.8,395,185.0,95.0,0.47
07:39:28,319.0,54.0,324.0,27.0,317.0,45.0,329.0,36.0,5.0,99.0,63.0,1.2606069966533862,319.0,324.0,162,36.0,-178.5,0.22
07:39:29,319.0,72.0,322.33,36.0,317.0,60.0,329.0,48.0,3.329999999999984,132.0,84.0,1.3823349811137338,319.0,322.33,216,48.0,54.0,0.22
07:39:30,319.72,65.0,322.0,48.0,318.68,93.0,330.17,72.0,2.2799999999999727,158.0,120.0,1.036026061453119,319.72,322.0,278,38.0,62.0,0.14
07:39:31,320.2,30.0,322.0,30.0,319.0,60.0,329.0,20.0,1.8000000000000114,90.0,50.0,0.65391130897827,320.2,322.0,140,40.0,-138.0,0.29
07:39:32,319.0,60.0,321.92,36.0,317.0,60.0,328.16,25.0,2.920000000000016,120.0,61.0,0.40201990001656135,319.0,321.92,181,59.0,41.0,0.33
07:39:41,314.61,31.0,324.69,26.0,312.78,36.0,330.57,14.0,10.079999999999984,67.0,40.0,1.3865893407948036,314.61,324.69,107,27.0,32.0,0.25
07:39:42,315.69,45.0,327.0,22.0,308.73,11.0,332.0,11.0,11.310000000000002,56.0,33.0,2.268263653107093,315.69,327.0,89,23.0,-18.0,0.26
07:39:43,316.0,28.0,327.0,14.0,312.0,7.0,332.0,7.0,11.0,35.0,21.0,2.4799233859149465,316.0,327.0,56,14.0,-33.0,0.25
07:39:44,316.0,16.0,327.0,8.0,312.0,12.0,332.0,4.0,11.0,28.0,12.0,2.157549535933989,316.0,327.0,40,16.0,-16.0,0.4
07:39:45,317.56,50.0,327.0,32.0,314.62,61.0,332.0,16.0,9.439999999999998,111.0,48.0,0.9687517741972123,317.56,327.0,159,63.0,119.0,0.4
07:39:46,318.85,39.0,327.0,26.0,309.67,27.0,332.0,13.0,8.149999999999977,66.0,39.0,0.6741809846109164,318.85,327.0,105,27.0,-54.0,0.26
07:39:47,320.0,27.0,327.0,18.0,313.14,14.0,332.0,9.0,7.0,41.0,27.0,0.8798863563048405,320.0,327.0,68,14.0,-37.0,0.21
07:39:48,320.83,18.0,327.0,12.0,316.0,12.0,332.0,6.0,6.170000000000016,30.0,18.0,0.9638879603003161,320.83,327.0,48,12.0,-20.0,0.25
07:39:49,321.91,33.0,327.0,22.0,316.0,22.0,332.0,11.0,5.089999999999975,55.0,33.0,0.8465695482430691,321.91,327.0,88,22.0,40.0,0.25
07:39:50,322.4,30.0,327.0,20.0,316.79,38.0,332.0,10.0,4.600000000000023,68.0,30.0,0.7182060985629103,322.4,327.0,98,38.0,10.0,0.39
07:39:51,323.0,27.0,325.3,10.0,317.6,50.0,328.0,17.0,2.3000000000000114,77.0,27.0,0.4657574476197107,323.0,325.3,104,50.0,6.0,0.48
07:39:52,321.38,37.0,326.4,10.0,319.57,70.0,331.6,20.0,5.019999999999982,107.0,30.0,0.3489555845853668,321.38,326.4,137,77.0,33.0,0.56
07:39:53,320.17,36.0,329.09,22.0,318.71,35.0,331.33,12.0,8.919999999999959,71.0,34.0,0.3396763165330909,320.17,329.09,105,37.0,-32.0,0.35
07:39:54,321.33,36.0,329.0,60.0,320.0,120.0,330.0,24.0,7.670000000000016,156.0,84.0,0.5000199996136813,321.33,329.0,240,72.0,135.0,0.3
07:39:55,320.75,152.0,328.57,102.0,319.56,144.0,330.1,39.0,7.819999999999993,296.0,141.0,0.496487663506012,320.75,328.57,437,155.0,177.5,0.35
07:39:56,321.0,162.0,324.35,66.0,320.0,180.0,326.06,52.0,3.3500000000000227,342.0,118.0,0.9713804610003751,321.0,324.35,460,224.0,23.0,0.49
07:39:57,320.1,144.0,321.35,31.0,317.44,137.0,322.93,59.0,1.25,281.0,90.0,1.8538662303447275,320.1,321.35,371,191.0,-89.0,0.51
07:39:58,319.5,54.0,321.38,16.0,316.97,65.0,333.08,26.0,1.8799999999999955,119.0,42.0,2.1752080360304884,319.5,321.38,161,77.0,-178.5,0.48
07:39:59,317.0,45.0,322.0,5.0,316.0,10.0,334.0,20.0,5.0,55.0,25.0,2.062825731856742,317.0,322.0,80,30.0,-81.0,0.38
07:40:00,318.91,110.0,330.22,27.0,316.85,66.0,334.83,48.0,11.310000000000002,176.0,75.0,2.0295738468974722,318.91,330.22,251,101.0,171.0,0.4
07:40:01,320.0,80.0,331.0,32.0,317.0,64.0,336.0,48.0,11.0,144.0,80.0,2.6945259323322155,320.0,331.0,224,64.0,-27.0,0.29
07:40:02,320.0,70.0,331.0,28.0,317.0,56.0,336.0,42.0,11.0,126.0,70.0,2.903294680188666,320.0,331.0,196,56.0,-28.0,0.29
07:40:03,320.29,28.0,331.0,24.0,319.14,56.0,336.0,36.0,10.70999999999998,84.0,60.0,2.629813681615654,320.29,331.0,144,24.0,-52.0,0.17
07:40:04,321.67,30.0,330.5,44.0,320.0,150.0,333.84,74.0,8.829999999999984,180.0,118.0,0.5504725243045323,321.67,330.5,298,62.0,154.0,0.21
07:40:05,320.67,90.0,329.0,26.0,319.26,133.0,335.84,124.0,8.329999999999984,223.0,150.0,0.4484417465114785,320.67,329.0,373,73.0,75.0,0.2
07:40:06,321.75,48.0,328.71,28.0,320.78,92.0,335.48,108.0,6.9599999999999795,140.0,136.0,0.46586478726579555,321.75,328.71,276,4.0,-97.0,0.01
07:40:07,322.84,43.0,327.33,30.0,320.08,142.0,328.6,30.0,4.490000000000009,185.0,60.0,0.491558745232065,322.84,327.33,245,125.0,-31.0,0.51
07:40:08,324.0,14.0,325.9,20.0,320.0,100.0,327.8,20.0,1.8999999999999773,114.0,40.0,0.49505555245242006,324.0,325.9,154,74.0,-91.0,0.48
07:40:09,320.82,107.0,324.86,29.0,319.14,154.0,333.09,55.0,4.0400000000000205,261.0,84.0,0.9885949625671931,320.82,324.86,345,177.0,177.5,0.51
07:40:10,321.0,135.0,322.71,14.0,320.0,120.0,323.94,32.0,1.7099999999999795,255.0,46.0,1.5434150446372175,321.0,322.71,301,209.0,-44.0,0.69
07:40:11,321.0,74.0,326.0,24.0,320.0,100.0,333.45,31.0,5.0,174.0,55.0,1.3825953855022324,321.0,326.0,229,119.0,-72.0,0.52
07:40:12,321.0,48.0,333.83,48.0,320.0,120.0,336.0,48.0,12.829999999999984,168.0,96.0,2.1627020136885875,321.0,333.83,264,72.0,35.0,0.27
07:40:13,321.0,32.0,333.0,32.0,320.0,80.0,334.0,32.0,12.0,112.0,64.0,2.5248128643551286,321.0,333.0,176,48.0,-88.0,0.27
07:40:14,321.0,36.0,333.0,36.0,320.0,90.0,334.0,36.0,12.0,126.0,72.0,2.5165611456934793,321.0,333.0,198,54.0,22.0,0.27
07:40:15,321.0,27.0,333.11,37.0,320.0,90.0,334.47,34.0,12.110000000000014,117.0,71.0,1.627322955044657,321.0,333.11,188,46.0,-10.0,0.24
07:40:16,321.0,21.0,333.0,35.0,320.0,70.0,334.0,28.0,12.0,91.0,63.0,0.18352111599503038,321.0,333.0,154,28.0,-34.0,0.18
07:40:17,321.0,21.0,333.0,35.0,320.0,70.0,334.0,28.0,12.0,91.0,63.0,0.022360680131905588,321.0,333.0,154,28.0,0.0,0.18
07:40:18,321.0,33.0,333.0,55.0,319.74,68.0,334.0,44.0,12.0,101.0,99.0,0.022360680131905588,321.0,333.0,200,2.0,46.0,0.01
07:40:19,320.5,54.0,333.0,60.0,319.91,99.0,334.0,48.0,12.5,153.0,108.0,0.11937336392974218,320.5,333.0,261,45.0,61.0,0.17
07:40:20,320.0,90.0,332.47,53.0,319.0,30.0,333.44,45.0,12.470000000000027,120.0,98.0,0.3301817681455395,320.0,332.46999999999997,218,22.0,-43.0,0.1
07:40:21,320.0,72.0,332.0,53.0,319.0,24.0,333.0,40.0,12.0,96.0,93.0,0.45609209598006684,320.0,332.0,189,3.0,-29.0,0.02
07:40:22,320.0,72.0,331.51,41.0,319.0,24.0,332.67,30.0,11.509999999999991,96.0,71.0,0.5160426339123716,320.0,331.51,167,25.0,-22.0,0.15
07:40:23,320.37,71.0,331.0,44.0,319.78,69.0,332.0,33.0,10.629999999999995,140.0,77.0,0.4310220412170618,320.37,331.0,217,63.0,50.0,0.29
07:40:24,321.43,56.0,330.29,56.0,320.0,126.0,332.0,42.0,8.860000000000014,182.0,98.0,0.22072607461449928,321.43,330.29,280,84.0,63.0,0.3
07:40:25,323.0,62.0,329.11,72.0,320.0,162.0,332.0,54.0,6.110000000000014,224.0,126.0,0.159122594293474,323.0,329.11,350,98.0,70.0,0.28
07:40:26,323.83,23.0,327.2,60.0,320.0,135.0,334.62,61.0,3.3700000000000045,158.0,121.0,0.20489021454081016,323.83,327.2,279,37.0,-71.0,0.13
07:40:27,324.0,12.0,326.83,48.0,320.0,108.0,336.0,60.0,2.829999999999984,120.0,108.0,0.25976912829376586,324.0,326.83,228,12.0,-51.0,0.05
07:40:28,324.0,12.0,328.0,50.0,320.0,108.0,336.11,56.0,4.0,120.0,106.0,0.28948229654776947,324.0,328.0,226,14.0,-2.0,0.06
07:40:29,324.0,11.0,335.27,55.0,320.0,99.0,336.42,43.0,11.269999999999982,110.0,98.0,1.7639671198793068,324.0,335.27,208,12.0,-18.0,0.06
07:40:30,324.0,10.0,334.0,50.0,320.0,90.0,336.0,50.0,10.0,100.0,100.0,2.0384503918456898,324.0,334.0,200,0.0,-8.0,0.0
07:40:31,321.9,20.0,333.47,75.0,319.48,75.0,334.93,75.0,11.57000000000005,95.0,150.0,1.8321353661823792,321.9,333.47,245,-55.0,45.0,-0.22
07:40:32,317.0,96.0,332.08,60.0,316.0,48.0,333.38,80.0,15.079999999999984,144.0,140.0,2.1090092460717207,317.0,332.08,284,4.0,39.0,0.01
07:40:33,318.88,112.0,328.04,45.0,316.74,81.0,330.09,57.0,9.160000000000025,193.0,102.0,2.735083179725164,318.88,328.04,295,91.0,11.0,0.31
07:40:34,320.0,98.0,322.63,46.0,316.6,35.0,324.98,46.0,2.6299999999999955,133.0,92.0,3.126819470326655,320.0,322.63,225,41.0,-70.0,0.18
07:40:49,309.69,115.0,322.0,52.0,307.28,106.0,323.0,26.0,12.310000000000002,221.0,78.0,3.86735439286313,309.69,322.0,299,143.0,-10.0,0.48
07:40:50,312.69,64.0,321.69,58.0,310.0,208.0,322.81,64.0,9.0,272.0,122.0,4.505066037251857,312.69,321.69,394,150.0,95.0,0.38
07:40:51,313.0,48.0,321.0,60.0,312.0,36.0,322.59,34.0,8.0,84.0,94.0,4.143171490537451,313.0,321.0,178,-10.0,-178.5,-0.06
07:40:55,316.75,156.0,321.0,60.0,305.0,60.0,327.33,36.0,4.25,216.0,96.0,1.044734416015055,316.75,321.0,312,120.0,12.0,0.38
07:40:56,318.57,182.0,321.0,70.0,305.03,62.0,327.82,67.0,2.430000000000007,244.0,137.0,1.3957077057919294,318.57,321.0,381,107.0,69.0,0.28
07:40:57,319.0,143.0,321.0,55.0,315.0,22.0,328.0,55.0,2.0,165.0,110.0,1.5569296708610687,319.0,321.0,275,55.0,-106.0,0.2
07:40:58,319.0,156.0,321.0,60.0,313.0,56.0,328.0,60.0,2.0,212.0,120.0,0.8361997369099929,319.0,321.0,332,92.0,57.0,0.28
07:40:59,319.0,115.0,321.0,50.0,316.0,80.0,328.0,50.0,2.0,195.0,100.0,0.4859835388248549,319.0,321.0,295,95.0,-37.0,0.32
07:41:00,319.0,80.0,321.0,50.0,316.0,80.0,328.0,50.0,2.0,160.0,100.0,0.09391485510269794,319.0,321.0,260,60.0,-35.0,0.23
07:41:02,320.0,56.0,321.0,42.0,319.0,28.0,328.0,70.0,1.0,84.0,112.0,0.22154006411737198,320.0,321.0,196,-28.0,-171.0,-0.14
07:41:03,320.0,29.0,321.0,27.0,319.0,18.0,328.0,45.0,1.0,47.0,72.0,0.2703331278427474,320.0,321.0,119,-25.0,-77.0,-0.21
07:41:04,317.33,36.0,321.0,21.0,315.18,11.0,328.0,35.0,3.670000000000016,47.0,56.0,0.5436175126033455,317.33,321.0,103,-9.0,-16.0,-0.09
07:41:05,316.18,44.0,321.67,27.0,314.51,37.0,328.67,36.0,5.490000000000009,81.0,63.0,0.741161251016807,316.18,321.67,144,18.0,41.0,0.12
07:41:06,316.02,105.0,322.6,30.0,309.19,21.0,328.16,38.0,6.580000000000041,126.0,68.0,0.7614788243993688,316.02,322.6,194,58.0,50.0,0.3
07:41:07,316.0,112.0,321.91,22.0,303.55,22.0,326.35,46.0,5.910000000000025,134.0,68.0,0.651805185625509,316.0,321.91,202,66.0,8.0,0.33
07:41:08,316.16,45.0,326.0,39.0,313.62,78.0,327.0,52.0,9.839999999999975,123.0,91.0,0.905444642155682,316.16,326.0,214,32.0,12.0,0.15
07:41:09,316.72,54.0,324.0,13.0,313.65,68.0,326.0,39.0,7.279999999999973,122.0,52.0,0.9565720046126758,316.72,324.0,174,70.0,-40.0,0.4
07:41:10,318.83,36.0,325.36,22.0,316.25,32.0,326.49,41.0,6.53000000000003,68.0,63.0,1.2880799664654057,318.83,325.36,131,5.0,-43.0,0.04
07:41:11,319.4,20.0,325.87,31.0,317.0,10.0,326.92,39.0,6.470000000000027,30.0,70.0,1.4589996573030235,319.4,325.87,100,-40.0,-31.0,-0.4
07:41:12,320.62,13.0,325.0,52.0,317.0,13.0,326.0,39.0,4.3799999999999955,26.0,91.0,1.0497237731952558,320.62,325.0,117,-65.0,17.0,-0.56
07:41:13,322.33,9.0,325.0,36.0,317.0,9.0,326.0,27.0,2.670000000000016,18.0,63.0,1.2303373521160454,322.33,325.0,81,-45.0,-36.0,-0.56
07:41:14,323.0,15.0,325.33,51.0,317.0,15.0,327.31,52.0,2.329999999999984,30.0,103.0,0.8311257426002853,323.0,325.33,133,-73.0,52.0,-0.55
07:41:15,323.0,11.0,325.53,17.0,319.31,26.0,327.0,36.0,2.5299999999999727,37.0,53.0,0.7534255105937078,323.0,325.53,90,-16.0,-43.0,-0.18
07:41:16,321.88,16.0,325.0,12.0,319.86,42.0,328.84,45.0,3.1200000000000045,58.0,57.0,0.5896185207518249,321.88,325.0,115,1.0,25.0,0.01
07:41:17,320.0,45.0,323.7,23.0,317.0,15.0,327.64,44.0,3.6999999999999886,60.0,67.0,0.971992798334075,320.0,323.7,127,-7.0,12.0,-0.06
07:41:18,320.0,35.0,322.33,21.0,317.0,13.0,325.98,47.0,2.329999999999984,48.0,68.0,1.3981308951642062,320.0,322.33,116,-20.0,-11.0,-0.17
07:41:19,320.0,12.0,322.0,18.0,317.0,6.0,330.0,30.0,2.0,18.0,48.0,1.4405658610462266,320.0,322.0,66,-30.0,-50.0,-0.45
07:41:20,318.67,18.0,325.22,23.0,316.38,13.0,334.83,53.0,6.550000000000011,31.0,76.0,0.963924270890226,318.67,325.22,107,-45.0,41.0,-0.42
07:41:21,314.5,8.0,334.0,6.0,312.5,8.0,338.0,24.0,19.5,16.0,30.0,1.3008343476444204,314.5,334.0,46,-14.0,-61.0,-0.3
07:41:22,312.82,11.0,334.0,10.0,311.7,20.0,338.0,40.0,21.180000000000007,31.0,50.0,1.4244753420161091,312.82,334.0,81,-19.0,35.0,-0.23
07:41:23,310.69,26.0,333.56,16.0,308.71,35.0,337.35,43.0,22.870000000000005,61.0,59.0,1.2826262121180023,310.69,333.56,120,2.0,39.0,0.02
07:41:24,311.9,42.0,332.75,12.0,309.17,24.0,334.0,12.0,20.850000000000023,66.0,24.0,0.9853019841716175,311.9,332.75,90,42.0,-30.0,0.47
07:41:25,314.85,68.0,330.68,19.0,312.82,110.0,335.13,31.0,15.829999999999984,178.0,50.0,0.8641296199140268,314.85,330.68,228,128.0,138.0,0.56
07:41:26,320.0,26.0,330.67,15.0,317.24,34.0,335.65,43.0,10.670000000000016,60.0,58.0,1.2910770697417877,320.0,330.67,118,2.0,-110.0,0.02
07:41:27,320.52,21.0,328.1,63.0,319.69,32.0,330.02,46.0,7.580000000000041,53.0,109.0,1.3878328429653504,320.52,328.1,162,-56.0,44.0,-0.35
07:41:28,321.0,12.0,326.49,41.0,320.0,24.0,328.05,43.0,5.490000000000009,36.0,84.0,1.2012826478450946,321.0,326.49,120,-48.0,-42.0,-0.4
07:41:29,321.81,37.0,324.55,60.0,320.64,56.0,326.21,68.0,2.740000000000009,93.0,128.0,1.0035088440138122,321.81,324.55,221,-35.0,101.0,-0.16
07:41:30,322.0,46.0,324.49,43.0,321.0,52.0,327.53,60.0,2.490000000000009,98.0,103.0,0.8908703609471152,322.0,324.49,201,-5.0,-20.0,-0.02
07:41:31,321.07,54.0,327.95,74.0,320.24,34.0,331.39,33.0,6.8799999999999955,88.0,107.0,0.6053346182185761,321.07,327.95,195,-19.0,-6.0,-0.1
07:41:32,320.75,32.0,331.31,29.0,319.69,26.0,334.88,50.0,10.560000000000002,58.0,79.0,1.1832793414972878,320.75,331.31,137,-21.0,-58.0,-0.15
07:41:33,320.0,22.0,332.0,22.0,319.0,22.0,335.0,44.0,12.0,44.0,66.0,1.4034493222111224,320.0,332.0,110,-22.0,-27.0,-0.2
07:41:34,320.0,18.0,331.38,24.0,319.0,18.0,334.26,35.0,11.379999999999995,36.0,59.0,1.2073234860697069,320.0,331.38,95,-23.0,-15.0,-0.24
07:41:35,320.0,30.0,329.13,75.0,319.0,30.0,334.65,51.0,9.129999999999995,60.0,126.0,0.7605918748026862,320.0,329.13,186,-66.0,91.0,-0.35
07:41:36,320.0,30.0,324.93,75.0,319.0,30.0,336.81,64.0,4.930000000000007,60.0,139.0,1.509244844289768,320.0,324.93,199,-79.0,13.0,-0.4
07:41:37,319.46,13.0,322.4,50.0,317.6,20.0,334.27,44.0,2.9399999999999977,33.0,94.0,2.175067815037924,319.46,322.4,127,-61.0,-72.0,-0.48
07:41:39,317.5,28.0,330.88,68.0,316.14,28.0,332.66,79.0,13.379999999999995,56.0,147.0,2.004923938709821,317.5,330.88,203,-91.0,25.0,-0.45
07:41:40,321.0,21.0,330.43,28.0,317.0,14.0,331.48,31.0,9.430000000000007,35.0,59.0,2.3460605277809883,321.0,330.43,94,-24.0,-109.0,-0.26
07:41:41,321.0,42.0,328.93,56.0,317.0,28.0,331.0,56.0,7.930000000000007,70.0,112.0,2.553413401706182,321.0,328.93,182,-42.0,88.0,-0.23
07:41:42,319.61,46.0,327.19,86.0,316.56,36.0,328.67,72.0,7.579999999999984,82.0,158.0,2.236262506955185,319.61,327.19,240,-76.0,58.0,-0.32
07:41:43,321.0,16.0,326.33,75.0,317.0,32.0,327.28,69.0,5.329999999999984,48.0,144.0,0.9494366750945695,321.0,326.33,192,-96.0,-48.0,-0.5
07:41:44,321.0,18.0,323.94,72.0,317.0,36.0,326.1,77.0,2.9399999999999977,54.0,149.0,1.2890577954514042,321.0,323.94,203,-95.0,11.0,-0.47
07:41:45,321.0,12.0,323.0,48.0,317.0,24.0,324.0,48.0,2.0,36.0,96.0,1.1490648371666732,321.0,323.0,132,-60.0,-71.0,-0.45
07:41:46,321.6,25.0,323.27,74.0,318.0,36.0,329.15,78.0,1.669999999999959,61.0,152.0,0.7062789817148273,321.6,323.27,213,-91.0,81.0,-0.43
07:41:47,318.52,29.0,326.06,69.0,315.0,59.0,333.51,83.0,7.5400000000000205,88.0,152.0,0.6403358493882911,318.52,326.06,240,-64.0,27.0,-0.27
07:41:48,308.8,120.0,329.89,72.0,305.7,37.0,332.1,49.0,21.089999999999975,157.0,121.0,1.3367759722595947,308.8,329.89,278,36.0,38.0,0.13
07:41:49,310.0,180.0,327.09,55.0,308.0,64.0,328.89,61.0,17.089999999999975,244.0,116.0,1.8348651176610735,310.0,327.09,360,128.0,82.0,0.36
07:41:50,310.5,144.0,323.73,59.0,309.36,118.0,325.26,46.0,13.230000000000018,262.0,105.0,2.349112598409874,310.5,323.73,367,157.0,7.0,0.43
07:41:51,310.0,108.0,321.22,36.0,309.0,36.0,324.0,27.0,11.220000000000027,144.0,63.0,2.5161677209610085,310.0,321.22,207,81.0,-160.0,0.39
07:41:55,316.0,18.0,322.22,46.0,310.0,168.0,324.72,58.0,6.220000000000027,186.0,104.0,1.9822209765821617,316.0,322.22,290,82.0,-27.0,0.28
07:41:56,316.38,21.0,323.0,68.0,310.19,126.0,325.0,85.0,6.6200000000000045,147.0,153.0,2.659864658211669,316.38,323.0,300,-6.0,10.0,-0.02
07:41:57,317.08,65.0,323.0,52.0,308.25,130.0,325.0,65.0,5.920000000000016,195.0,117.0,2.8781799804746293,317.08,323.0,312,78.0,12.0,0.25
07:41:58,318.0,140.0,323.0,40.0,316.0,10.0,325.0,50.0,5.0,150.0,90.0,2.338788147739509,318.0,323.0,240,60.0,-72.0,0.25
07:41:59,318.67,210.0,322.8,50.0,316.0,15.0,324.43,70.0,4.1299999999999955,225.0,120.0,0.6464750575301982,318.66999999999996,322.8,345,105.0,105.0,0.3
07:42:00,321.0,224.0,322.0,32.0,316.0,16.0,323.69,72.0,1.0,240.0,104.0,0.6928708393412303,321.0,322.0,344,136.0,-1.0,0.4
07:42:01,317.71,62.0,323.95,77.0,308.13,244.0,325.81,80.0,6.240000000000009,306.0,157.0,0.5318364410321664,317.71,323.95,463,149.0,119.0,0.32
07:42:02,317.98,90.0,324.0,65.0,317.35,31.0,326.0,65.0,6.019999999999982,121.0,130.0,0.37463315391200286,317.98,324.0,251,-9.0,-178.5,-0.04
07:42:03,321.58,84.0,324.43,70.0,319.25,84.0,326.49,61.0,2.8500000000000227,168.0,131.0,0.9411801102928147,321.58,324.43,299,37.0,48.0,0.12
07:42:04,322.44,112.0,324.0,16.0,321.0,80.0,325.19,80.0,1.5600000000000023,192.0,96.0,1.129933626374386,322.44,324.0,288,96.0,-11.0,0.33
07:42:05,323.0,63.0,324.71,21.0,321.0,45.0,325.83,36.0,1.7099999999999795,108.0,57.0,1.380894637549259,323.0,324.71,165,51.0,-123.0,0.31
07:42:06,323.29,69.0,325.0,85.0,321.46,91.0,330.0,34.0,1.7099999999999795,160.0,119.0,1.2367416868583672,323.29,325.0,279,41.0,114.0,0.15
07:42:07,324.0,54.0,325.0,36.0,321.0,40.0,330.0,16.0,1.0,94.0,52.0,0.6235222530225526,324.0,325.0,146,42.0,-133.0,0.29
07:42:08,324.0,88.0,325.0,42.0,321.0,70.0,333.73,30.0,1.0,158.0,72.0,0.5333666656388953,324.0,325.0,230,86.0,84.0,0.37
07:42:09,324.0,26.0,325.0,39.0,321.0,65.0,338.31,52.0,1.0,91.0,91.0,0.29120439559722333,324.0,325.0,182,0.0,-48.0,0.0
07:42:10,324.0,18.0,325.0,27.0,321.0,45.0,336.66,38.0,1.0,63.0,65.0,0.16099689442764023,324.0,325.0,128,-2.0,-54.0,-0.02
07:42:11,321.58,31.0,325.0,24.0,319.29,35.0,329.0,40.0,3.420000000000016,66.0,64.0,0.5411284505688625,321.58,325.0,130,2.0,2.0,0.02
07:42:12,321.69,64.0,324.38,29.0,320.32,71.0,327.72,50.0,2.6899999999999977,135.0,79.0,0.7396823642717217,321.69,324.38,214,56.0,84.0,0.26
07:42:13,322.0,42.0,323.78,23.0,321.0,65.0,326.03,38.0,1.7799999999999727,107.0,61.0,0.7962851248228324,322.0,323.78,168,46.0,-46.0,0.27
07:42:14,321.14,51.0,324.76,29.0,318.82,55.0,330.67,45.0,3.6200000000000045,106.0,74.0,0.6705370981635752,321.14,324.76,180,32.0,12.0,0.18
07:42:15,321.0,42.0,332.0,42.0,318.0,56.0,334.43,70.0,11.0,98.0,112.0,1.5548697694708147,321.0,332.0,210,-14.0,30.0,-0.07
07:42:16,319.25,24.0,332.0,24.0,318.1,31.0,336.0,40.0,12.75,55.0,64.0,1.7287191790498926,319.25,332.0,119,-9.0,-91.0,-0.08
07:42:17,319.0,24.0,331.95,22.0,318.0,32.0,335.03,38.0,12.949999999999989,56.0,60.0,1.6607739159848462,319.0,331.95,116,-4.0,-3.0,-0.03
07:42:18,320.2,10.0,331.0,6.0,318.6,20.0,332.0,18.0,10.800000000000011,30.0,24.0,1.3381703927439266,320.2,331.0,54,6.0,-62.0,0.11
07:42:19,319.95,22.0,330.75,12.0,318.51,41.0,332.0,36.0,10.800000000000011,63.0,48.0,0.45464271688561236,319.95,330.75,111,15.0,57.0,0.14
07:42:20,319.0,30.0,327.04,28.0,318.0,40.0,328.27,22.0,8.04000000000002,70.0,50.0,1.119901781414826,319.0,327.04,120,20.0,9.0,0.17
07:42:21,319.0,39.0,324.31,13.0,318.0,52.0,326.0,52.0,5.310000000000002,91.0,65.0,1.7898184265491477,319.0,324.31,156,26.0,36.0,0.17
07:42:22,317.65,69.0,322.18,34.0,316.52,133.0,325.32,31.0,4.53000000000003,202.0,65.0,2.4288536390678224,317.65,322.18,267,137.0,111.0,0.51
07:42:23,318.0,42.0,321.71,56.0,317.0,126.0,323.0,14.0,3.7099999999999795,168.0,70.0,2.308910998720214,318.0,321.71,238,98.0,-29.0,0.41
07:42:27,317.0,24.0,326.11,18.0,316.0,84.0,331.14,21.0,9.110000000000014,108.0,39.0,1.581872308375965,317.0,326.11,147,69.0,-178.5,0.47
07:42:28,317.0,22.0,330.0,33.0,316.0,132.0,332.0,33.0,13.0,154.0,66.0,2.553601378447293,317.0,330.0,220,88.0,73.0,0.4
07:42:29,317.0,16.0,330.0,24.0,316.0,96.0,332.0,24.0,13.0,112.0,48.0,2.77375557683255,317.0,330.0,160,64.0,-60.0,0.4
07:42:30,316.06,104.0,330.0,36.0,315.3,54.0,332.0,36.0,13.939999999999998,158.0,72.0,2.3302832445887973,316.06,330.0,230,86.0,70.0,0.37
07:42:31,316.08,98.0,330.0,33.0,313.86,70.0,332.0,33.0,13.920000000000016,168.0,66.0,0.7982355542150618,316.08,330.0,234,102.0,4.0,0.44
07:42:32,317.38,52.0,331.42,31.0,316.0,130.0,332.83,24.0,14.04000000000002,182.0,55.0,0.5572970482731879,317.38,331.42,237,127.0,3.0,0.54
07:42:33,318.55,44.0,329.0,25.0,316.8,100.0,333.6,20.0,10.449999999999989,144.0,45.0,0.5709378249985757,318.55,329.0,189,99.0,-48.0,0.52
07:42:34,319.0,16.0,329.0,21.0,318.0,56.0,336.0,28.0,10.0,72.0,49.0,0.603299262401575,319.0,329.0,121,23.0,-68.0,0.19
07:42:35,319.45,29.0,327.79,33.0,318.0,120.0,333.25,24.0,8.340000000000032,149.0,57.0,0.5012783657953793,319.45,327.79,206,92.0,85.0,0.45
07:42:36,320.67,12.0,326.25,24.0,317.41,102.0,331.0,12.0,5.579999999999984,114.0,36.0,0.36619666849201676,320.67,326.25,150,78.0,-56.0,0.52
07:42:37,321.0,8.0,324.88,16.0,316.0,80.0,331.0,8.0,3.8799999999999955,88.0,24.0,0.3986477141714825,321.0,324.88,112,64.0,-38.0,0.57
07:42:38,316.5,50.0,323.0,20.0,315.67,60.0,333.45,22.0,6.5,110.0,42.0,1.721882690549154,316.5,323.0,152,68.0,40.0,0.45
07:42:39,316.0,55.0,322.0,14.0,313.07,56.0,332.67,9.0,6.0,111.0,23.0,2.202244309791982,316.0,322.0,134,88.0,-18.0,0.66
07:42:40,316.0,35.0,321.0,14.0,313.0,77.0,332.0,7.0,5.0,112.0,21.0,2.3056018737001107,316.0,321.0,133,91.0,-1.0,0.68
07:42:45,314.54,50.0,322.64,14.0,306.94,51.0,329.35,17.0,8.099999999999966,101.0,31.0,1.205562109558258,314.54,322.64,132,70.0,-6.0,0.53
07:42:46,316.12,34.0,321.0,8.0,308.32,68.0,327.0,8.0,4.8799999999999955,102.0,16.0,1.450265492936862,316.12,321.0,118,86.0,-14.0,0.73
07:42:48,316.31,39.0,322.55,11.0,314.36,97.0,327.22,9.0,6.240000000000009,136.0,20.0,1.5467772948959537,316.31,322.55,156,116.0,47.0,0.74
07:42:49,316.0,50.0,324.0,10.0,315.0,130.0,331.0,10.0,8.0,180.0,20.0,0.6312131177400331,316.0,324.0,200,160.0,44.0,0.8
07:42:50,316.0,35.0,324.0,7.0,315.0,91.0,331.0,7.0,8.0,126.0,14.0,0.58963548062135,316.0,324.0,140,112.0,-60.0,0.8
07:42:51,316.0,70.0,322.77,26.0,315.0,182.0,325.0,14.0,6.769999999999982,252.0,40.0,0.3057286378602162,316.0,322.77000000000004,292,212.0,152.0,0.73
07:42:52,315.02,111.0,322.0,20.0,308.11,47.0,325.2,10.0,6.980000000000018,158.0,30.0,0.6109255273824162,315.02000000000004,322.0,188,128.0,-104.0,0.68
07:42:53,316.0,20.0,321.0,20.0,315.0,110.0,326.0,10.0,5.0,130.0,30.0,0.7496799317089444,316.0,321.0,160,100.0,-28.0,0.62
07:42:56,317.82,34.0,325.35,17.0,316.0,34.0,328.74,19.0,7.53000000000003,68.0,36.0,1.4932079560484768,317.82,325.35,104,32.0,-7.0,0.31
07:42:57,318.0,28.0,322.2,30.0,316.0,28.0,325.14,14.0,4.199999999999989,56.0,44.0,1.543988341927183,318.0,322.2,100,12.0,-4.0,0.12
07:42:58,319.62,52.0,321.82,33.0,317.73,22.0,329.0,11.0,2.1999999999999886,74.0,44.0,1.585837318266864,319.62,321.82,118,30.0,18.0,0.25
07:42:59,318.07,73.0,321.0,17.0,314.67,36.0,329.0,15.0,2.930000000000007,109.0,32.0,1.26892474166453,318.07,321.0,141,77.0,23.0,0.55
07:43:01,318.0,31.0,326.62,21.0,315.0,117.0,330.68,34.0,8.620000000000005,148.0,55.0,1.6184097132705875,318.0,326.62,203,93.0,-64.0,0.46
07:43:02,316.65,34.0,329.0,28.0,312.84,116.0,331.0,82.0,12.350000000000023,150.0,110.0,2.021219928659316,316.65,329.0,260,40.0,57.0,0.15
07:43:03,315.0,21.0,329.0,6.0,307.0,46.0,331.0,24.0,14.0,67.0,30.0,2.110746313513311,315.0,329.0,97,37.0,-163.0,0.38
07:43:04,317.79,73.0,329.0,18.0,313.05,44.0,331.0,72.0,11.20999999999998,117.0,90.0,2.186396578851007,317.79,329.0,207,27.0,110.0,0.13
07:43:05,319.18,99.0,329.0,22.0,317.0,38.0,331.0,88.0,9.819999999999993,137.0,110.0,0.8407912939686698,319.18,329.0,247,27.0,40.0,0.11
07:43:06,320.0,103.0,328.12,51.0,317.22,37.0,330.43,42.0,8.120000000000005,140.0,93.0,0.8844094074658623,320.0,328.12,233,47.0,-14.0,0.2
07:43:07,320.71,56.0,327.62,40.0,319.0,32.0,330.0,16.0,6.910000000000025,88.0,56.0,0.9166406056981047,320.71,327.62,144,32.0,-89.0,0.22
07:43:08,321.4,60.0,325.94,85.0,319.7,77.0,330.46,52.0,4.5400000000000205,137.0,137.0,0.3298029715074759,321.4,325.94,274,0.0,130.0,0.0
07:43:09,320.24,58.0,326.32,76.0,315.83,72.0,331.15,65.0,6.079999999999984,130.0,141.0,0.37460646018871885,320.24,326.32,271,-11.0,-3.0,-0.04
07:43:10,317.0,33.0,329.18,11.0,315.0,77.0,331.18,55.0,12.180000000000007,110.0,66.0,0.4715188225456051,317.0,329.18,176,44.0,-95.0,0.25
07:43:11,316.53,45.0,329.0,14.0,314.87,92.0,333.0,70.0,12.470000000000027,137.0,84.0,0.5415533214877041,316.53,329.0,221,53.0,45.0,0.24
07:43:12,315.78,27.0,328.38,8.0,314.74,46.0,333.0,40.0,12.600000000000023,73.0,48.0,0.5983895052669933,315.78,328.38,121,25.0,-100.0,0.21
07:43:13,315.0,84.0,328.0,14.0,312.0,56.0,332.31,48.0,13.0,140.0,62.0,0.7409655862541322,315.0,328.0,202,78.0,81.0,0.39
07:43:14,315.0,78.0,327.0,16.0,312.0,52.0,331.23,39.0,12.0,130.0,55.0,0.865834857240183,315.0,327.0,185,75.0,-17.0,0.41
07:43:15,315.0,78.0,325.77,22.0,311.82,44.0,326.53,17.0,10.769999999999982,122.0,39.0,0.924645878166992,315.0,325.77,161,83.0,-24.0,0.52
07:43:16,315.0,66.0,323.73,11.0,313.0,77.0,326.0,22.0,8.730000000000018,143.0,33.0,1.04741586774788,315.0,323.73,176,110.0,15.0,0.62
07:43:17,315.0,78.0,321.75,16.0,313.0,91.0,323.17,23.0,6.75,169.0,39.0,1.2606268282123696,315.0,321.75,208,130.0,32.0,0.62
07:43:21,313.07,83.0,325.0,68.0,310.59,58.0,326.0,85.0,11.930000000000007,141.0,153.0,0.8761392583401001,313.07,325.0,294,-12.0,113.0,-0.04
07:43:22,316.58,33.0,325.0,56.0,315.59,78.0,328.62,56.0,8.420000000000016,111.0,112.0,1.6069691969685262,316.58,325.0,223,-1.0,-71.0,-0.0
07:43:23,321.9,78.0,330.53,66.0,318.76,33.0,337.4,60.0,8.629999999999995,111.0,126.0,3.78595694640189,321.9,330.53,237,-15.0,14.0,-0.06
07:43:24,322.0,48.0,329.47,75.0,320.0,24.0,334.67,54.0,7.470000000000027,72.0,129.0,4.12915245540921,322.0,329.47,201,-57.0,-36.0,-0.28
07:43:25,322.32,25.0,328.61,92.0,320.71,31.0,334.56,54.0,6.2900000000000205,56.0,146.0,3.2931641319580742,322.32,328.61,202,-90.0,1.0,-0.45
07:43:26,322.82,11.0,325.48,48.0,320.75,16.0,328.23,62.0,2.660000000000025,27.0,110.0,2.1931757795528357,322.82,325.48,137,-83.0,-65.0,-0.61
07:43:27,320.24,25.0,325.0,52.0,319.41,69.0,327.3,47.0,4.759999999999991,94.0,99.0,1.4541079739888394,320.24,325.0,193,-5.0,56.0,-0.03
07:43:28,319.0,70.0,325.0,40.0,317.07,68.0,330.0,40.0,6.0,138.0,80.0,1.66215823555287,319.0,325.0,218,58.0,25.0,0.27
07:43:29,319.0,63.0,325.0,36.0,317.0,63.0,330.0,36.0,6.0,126.0,72.0,1.5178866887929023,319.0,325.0,198,54.0,-20.0,0.27
07:43:30,319.0,56.0,324.38,32.0,317.0,56.0,330.0,32.0,5.3799999999999955,112.0,64.0,0.9864937911680742,319.0,324.38,176,48.0,-22.0,0.27
07:43:31,318.52,87.0,321.6,60.0,316.88,96.0,327.27,60.0,3.080000000000041,183.0,120.0,0.9634209879442561,318.52,321.6,303,63.0,127.0,0.21
07:43:33,317.0,49.0,324.42,31.0,316.0,28.0,331.41,29.0,7.420000000000016,77.0,60.0,1.3391527172093893,317.0,324.42,137,17.0,-34.0,0.12
07:43:34,318.38,74.0,331.0,60.0,316.57,79.0,333.0,48.0,12.620000000000005,153.0,108.0,2.255788110619094,318.38,331.0,261,45.0,124.0,0.17
07:43:35,319.6,60.0,330.29,34.0,317.0,120.0,331.33,48.0,10.689999999999998,180.0,82.0,2.8410350226654866,319.6,330.29,262,98.0,1.0,0.37
07:43:36,320.87,90.0,329.2,45.0,317.0,180.0,331.0,75.0,8.329999999999984,270.0,120.0,2.9407482041164283,320.87,329.2,390,150.0,128.0,0.38
07:43:37,321.09,69.0,326.36,42.0,317.0,168.0,331.0,70.0,5.270000000000039,237.0,112.0,1.8152134860715892,321.09,326.36,349,125.0,-41.0,0.36
07:43:38,322.75,36.0,324.83,36.0,317.0,144.0,331.83,60.0,2.079999999999984,180.0,96.0,0.6347282883387573,322.75,324.83,276,84.0,-73.0,0.3
07:43:39,317.0,96.0,326.38,34.0,313.0,20.0,329.41,32.0,9.379999999999995,116.0,66.0,1.3497703508435095,317.0,326.38,182,50.0,-94.0,0.27
07:43:42,317.0,62.0,329.71,34.0,312.0,115.0,332.65,85.0,12.70999999999998,177.0,119.0,3.0825687340285226,317.0,329.71,296,58.0,177.5,0.2
07:43:43,317.0,40.0,328.0,16.0,312.0,80.0,332.55,55.0,11.0,120.0,71.0,2.8079476490863677,317.0,328.0,191,49.0,-105.0,0.26
07:43:44,317.0,55.0,327.11,18.0,312.0,110.0,331.26,43.0,10.110000000000014,165.0,61.0,2.8514242055523407,317.0,327.11,226,104.0,35.0,0.46
07:43:45,317.64,28.0,322.7,20.0,315.46,65.0,325.75,16.0,5.060000000000002,93.0,36.0,2.3327944615869587,317.64,322.7,129,57.0,-97.0,0.44
07:43:51,316.71,56.0,326.64,72.0,312.08,52.0,327.58,24.0,9.930000000000007,108.0,96.0,4.129378887919878,316.71,326.64,204,12.0,-49.0,0.06
07:43:52,322.0,50.0,326.96,46.0,321.0,10.0,327.64,14.0,4.9599999999999795,60.0,60.0,6.036958671384311,322.0,326.96,120,0.0,-84.0,0.0
07:43:53,321.62,16.0,325.0,8.0,319.5,8.0,327.0,40.0,3.3799999999999955,24.0,48.0,6.1706847269980365,321.62,325.0,72,-24.0,-48.0,-0.33
07:43:54,313.67,9.0,325.0,5.0,310.54,13.0,327.0,25.0,11.329999999999984,22.0,30.0,5.007617197830709,313.67,325.0,52,-8.0,-20.0,-0.15
07:43:55,309.5,36.0,324.06,53.0,306.35,31.0,326.2,25.0,14.560000000000002,67.0,78.0,3.0999564513089823,309.5,324.06,145,-11.0,93.0,-0.08
07:43:56,313.34,77.0,322.83,72.0,308.3,54.0,323.46,56.0,9.490000000000009,131.0,128.0,3.342898442969905,313.34,322.83,259,3.0,114.0,0.01
07:44:10,311.0,85.0,324.0,30.0,309.24,50.0,325.0,90.0,13.0,135.0,120.0,2.493976744076651,311.0,324.0,255,15.0,-5.0,0.06
07:44:11,318.0,22.0,323.0,55.0,311.0,77.0,324.06,17.0,5.0,99.0,72.0,4.1052308095888925,318.0,323.0,171,27.0,-84.0,0.16
07:44:12,319.35,93.0,323.0,70.0,316.52,33.0,324.0,14.0,3.6499999999999773,126.0,84.0,4.625838302405451,319.35,323.0,210,42.0,39.0,0.2
07:44:13,320.0,91.0,323.0,65.0,318.0,26.0,324.0,13.0,3.0,117.0,78.0,4.0107630196766,320.0,323.0,195,39.0,-15.0,0.2
07:44:14,320.73,22.0,323.2,25.0,319.2,35.0,326.67,15.0,2.4699999999999704,57.0,40.0,1.774125136513604,320.73,323.2,97,17.0,-98.0,0.18
07:44:15,319.43,35.0,322.82,22.0,312.78,46.0,325.87,23.0,3.3899999999999864,81.0,45.0,0.5363953765749016,319.43,322.82,126,36.0,29.0,0.29
07:44:16,320.31,26.0,322.26,19.0,318.0,24.0,323.5,12.0,1.9499999999999886,50.0,31.0,0.33985290937590196,320.31,322.26,81,19.0,-45.0,0.23
07:44:17,318.0,20.0,321.88,16.0,317.0,30.0,324.4,10.0,3.8799999999999955,50.0,26.0,0.752077123711872,318.0,321.88,76,24.0,-5.0,0.32
07:45:10,318.02,104.0,339.22,45.0,312.11,70.0,474.65,49.0,21.200000000000045,174.0,94.0,4.745473632842946,318.02000000000004,339.22,268,80.0,80.0,0.3
07:45:13,321.82,49.0,447.23,39.0,320.0,9.0,658.67,45.0,125.41000000000003,58.0,84.0,56.678493452103595,321.82,447.23,142,-26.0,-36.0,-0.18
07:45:16,323.0,48.0,325.0,24.0,321.0,84.0,632.17,60.0,2.0,132.0,84.0,49.586054188654764,323.0,325.0,216,48.0,39.0,0.22
07:45:17,323.0,23.0,324.8,10.0,321.0,42.0,543.12,24.0,1.8000000000000114,65.0,34.0,53.28244101015035,323.0,324.8,99,31.0,-117.0,0.31
07:45:18,323.0,21.0,324.55,11.0,321.0,49.0,354.35,23.0,1.5500000000000114,70.0,34.0,58.259872725574375,323.0,324.55,104,36.0,5.0,0.35
07:45:19,321.63,41.0,323.58,12.0,320.73,45.0,332.33,24.0,1.9499999999999886,86.0,36.0,45.234652314349376,321.63,323.58,122,50.0,18.0,0.41
07:45:20,320.5,12.0,323.0,9.0,318.43,21.0,336.0,18.0,2.5,33.0,27.0,0.9880941250850557,320.5,323.0,60,6.0,-62.0,0.1
07:45:21,319.0,10.0,322.4,10.0,318.0,30.0,336.0,20.0,3.3999999999999773,40.0,30.0,1.358024300234049,319.0,322.4,70,10.0,10.0,0.14
07:45:22,318.92,12.0,333.76,21.0,317.94,35.0,514.82,51.0,14.839999999999975,47.0,72.0,2.1649087740658226,318.92,333.76,119,-25.0,49.0,-0.21
07:45:23,314.43,28.0,336.5,16.0,313.43,21.0,563.0,40.0,22.069999999999993,49.0,56.0,2.424864944698544,314.43,336.5,105,-7.0,-14.0,-0.07
07:45:24,316.0,45.0,335.93,42.0,315.21,63.0,469.73,66.0,19.930000000000007,108.0,108.0,2.6168912854815414,316.0,335.93,216,0.0,111.0,0.0
07:45:25,318.91,46.0,333.56,50.0,308.97,62.0,346.5,52.0,14.649999999999977,108.0,102.0,2.3947024867467492,318.91,333.56,210,6.0,-6.0,0.03
07:45:40,326.0,63.0,444.96,23.0,323.0,132.0,591.92,13.0,118.95999999999998,195.0,36.0,55.67416474452133,326.0,444.96,231,159.0,32.0,0.69
07:45:41,326.0,44.0,394.73,30.0,323.0,121.0,549.73,15.0,68.73000000000002,165.0,45.0,34.514947051967624,326.0,394.7300000000001,210,120.0,-21.0,0.57
07:45:43,326.0,20.0,459.0,26.0,324.0,30.0,571.62,16.0,133.0,50.0,42.0,23.686437680667733,326.0,459.0,92,8.0,-54.0,0.09
07:45:46,323.0,95.0,475.0,22.0,321.0,110.0,555.73,22.0,152.0,205.0,44.0,10.693978212067575,323.0,475.0,249,161.0,-22.0,0.65
07:45:47,323.0,99.0,387.57,28.0,321.0,58.0,391.67,24.0,64.57,157.0,52.0,22.47186173863116,323.0,387.57,209,105.0,-40.0,0.5
07:45:48,323.0,42.0,381.17,12.0,321.0,18.0,383.0,24.0,58.170000000000016,60.0,36.0,29.105667317554193,323.0,381.17,96,24.0,-113.0,0.25
07:45:49,323.0,52.0,326.71,42.0,321.0,44.0,408.82,22.0,3.7099999999999795,96.0,64.0,35.196093959417084,323.0,326.71,160,32.0,64.0,0.2
07:45:50,321.0,9.0,324.0,12.0,320.0,12.0,683.0,3.0,3.0,21.0,15.0,30.898209980516516,321.0,324.0,36,6.0,-124.0,0.17
07:45:51,321.0,15.0,324.0,20.0,320.0,20.0,484.2,5.0,3.0,35.0,25.0,16.716275901051286,321.0,324.0,60,10.0,24.0,0.17
07:45:52,321.0,27.0,343.26,23.0,320.0,36.0,566.08,25.0,22.25999999999999,63.0,48.0,12.526670746852918,321.0,343.26,111,15.0,51.0,0.14
07:45:53,321.0,12.0,338.6,15.0,320.0,16.0,365.5,10.0,17.600000000000023,28.0,25.0,4.392484490587781,321.0,338.6,53,3.0,-58.0,0.06
07:45:54,321.0,86.0,364.22,32.0,319.0,36.0,385.0,16.0,43.22000000000003,122.0,48.0,8.307326284675433,321.0,364.22,170,74.0,117.0,0.44
07:45:55,321.35,111.0,361.6,20.0,319.94,51.0,362.14,28.0,40.25,162.0,48.0,8.411767352944604,321.3500000000001,361.6,210,114.0,40.0,0.54
07:45:56,322.89,89.0,357.85,34.0,321.93,126.0,358.72,18.0,34.960000000000036,215.0,52.0,5.875157019184221,322.89,357.85,267,163.0,57.0,0.61
07:45:57,323.29,126.0,355.24,51.0,322.21,109.0,356.24,51.0,31.94999999999999,235.0,102.0,5.131493934525458,323.29,355.24,337,133.0,70.0,0.39
07:45:58,325.6,165.0,351.31,29.0,322.85,155.0,352.86,37.0,25.70999999999998,320.0,66.0,1.6664423182559014,325.6,351.31,386,254.0,49.0,0.66
07:45:59,326.0,143.0,348.26,31.0,323.0,143.0,349.27,37.0,22.25999999999999,286.0,68.0,1.6811751842304996,326.0,348.26,354,218.0,-32.0,0.62
07:46:00,326.0,88.0,345.0,24.0,323.0,88.0,346.0,12.0,19.0,176.0,36.0,1.8920438684318857,326.0,345.0,212,140.0,-142.0,0.66
07:46:01,326.0,84.0,343.33,36.0,323.0,132.0,344.33,36.0,17.329999999999984,216.0,72.0,1.9322862107019945,326.0,343.33,288,144.0,76.0,0.5
07:46:02,326.0,68.0,340.67,21.0,323.0,121.0,341.67,27.0,14.670000000000016,189.0,48.0,2.0193241443778898,326.0,340.67,237,141.0,-51.0,0.59
07:46:03,323.8,75.0,337.38,26.0,322.51,194.0,337.94,34.0,13.579999999999984,269.0,60.0,2.4634893951599417,323.8,337.38,329,209.0,92.0,0.64
07:46:04,323.0,145.0,333.73,26.0,322.0,266.0,335.19,36.0,10.730000000000018,411.0,62.0,2.9623672966165486,323.0,333.72999999999996,473,349.0,144.0,0.74
07:46:05,323.06,68.0,331.45,33.0,322.19,165.0,332.45,33.0,8.389999999999986,233.0,66.0,3.1562921284414087,323.06,331.45,299,167.0,-174.0,0.56
07:46:06,325.0,15.0,329.53,45.0,323.0,117.0,331.6,45.0,4.529999999999973,132.0,90.0,2.5996115094489167,325.0,329.53,222,42.0,-77.0,0.19
07:46:07,323.06,62.0,327.5,34.0,322.07,204.0,328.67,36.0,4.439999999999998,266.0,70.0,1.9378673845382623,323.06,327.5,336,196.0,114.0,0.58
07:46:08,322.56,43.0,324.54,13.0,321.96,99.0,390.59,17.0,1.9800000000000182,142.0,30.0,1.9196171493439307,322.56,324.54,172,112.0,-164.0,0.65
07:46:09,322.21,68.0,324.0,25.0,321.87,204.0,724.57,70.0,1.7900000000000205,272.0,95.0,1.9764285972566553,322.21,324.0,367,177.0,177.5,0.48
07:46:10,321.78,74.0,362.0,19.0,319.73,33.0,558.28,58.0,40.22000000000003,107.0,77.0,7.817261029290106,321.78,362.0,184,30.0,-178.5,0.16
07:46:12,322.0,24.0,464.67,30.0,321.0,12.0,673.0,24.0,142.67000000000002,36.0,54.0,42.18980421855616,322.0,464.67,90,-18.0,-27.0,-0.2
07:46:16,325.0,20.0,472.04,23.0,319.5,16.0,582.52,31.0,147.04000000000002,36.0,54.0,18.352515631383586,325.0,472.04,90,-18.0,-23.0,-0.2
07:46:18,326.0,28.0,467.12,32.0,321.0,7.0,554.38,26.0,141.12,35.0,58.0,23.410333615738693,326.0,467.12,93,-23.0,-51.0,-0.25
07:46:20,326.0,24.0,353.67,12.0,323.0,54.0,440.2,20.0,27.670000000000016,78.0,32.0,40.05943709040553,326.0,353.67,110,46.0,-3.0,0.42
07:46:21,326.0,28.0,353.0,14.0,323.0,63.0,355.0,14.0,27.0,91.0,28.0,48.30120371171035,326.0,353.0,119,63.0,9.0,0.53
07:46:22,324.53,55.0,350.25,12.0,322.91,66.0,352.84,19.0,25.720000000000027,121.0,31.0,36.08354791314331,324.53,350.25,152,90.0,33.0,0.59
07:46:23,323.0,71.0,348.56,18.0,321.0,9.0,349.33,12.0,25.560000000000002,80.0,30.0,32.87341889734154,323.0,348.56,110,50.0,-42.0,0.45
07:46:24,323.0,68.0,345.8,20.0,319.35,17.0,347.2,20.0,22.80000000000001,85.0,40.0,2.341868911802834,323.0,345.8,125,45.0,15.0,0.36
07:46:25,323.0,38.0,341.27,22.0,319.0,18.0,342.3,20.0,18.269999999999982,56.0,42.0,2.809149337444781,323.0,341.27,98,14.0,-27.0,0.14
07:46:26,323.0,36.0,336.89,18.0,321.27,33.0,338.44,18.0,13.889999999999986,69.0,36.0,2.946998473033825,323.0,336.89,105,33.0,7.0,0.31
07:46:27,323.0,48.0,332.08,25.0,322.0,60.0,333.33,30.0,9.079999999999984,108.0,55.0,3.323973525776188,323.0,332.08,163,53.0,58.0,0.33
07:46:28,323.0,64.0,327.28,50.0,322.0,80.0,328.15,40.0,4.279999999999973,144.0,90.0,3.656271324732088,323.0,327.28,234,54.0,71.0,0.23
07:46:29,323.0,32.0,324.29,21.0,322.0,40.0,325.53,19.0,1.2900000000000205,72.0,40.0,3.456587912964898,323.0,324.29,112,32.0,-122.0,0.29
07:46:30,322.7,20.0,325.79,29.0,321.9,61.0,374.07,57.0,3.090000000000032,81.0,86.0,2.608394142006282,322.7,325.79,167,-5.0,55.0,-0.03
07:46:31,322.33,24.0,325.31,32.0,321.5,32.0,593.31,61.0,2.980000000000018,56.0,93.0,1.5969721350264288,322.33,325.31,149,-37.0,-18.0,-0.25
07:46:32,322.0,10.0,325.0,20.0,321.0,20.0,517.4,40.0,3.0,30.0,60.0,0.6613622305890191,322.0,325.0,90,-30.0,-59.0,-0.33
07:46:33,320.04,24.0,322.21,39.0,319.57,23.0,460.88,50.0,2.169999999999959,47.0,89.0,1.232387925958584,320.04,322.21,136,-42.0,46.0,-0.31
07:46:36,319.0,24.0,445.78,27.0,318.0,10.0,680.61,31.0,126.77999999999997,34.0,58.0,27.57567279324415,319.0,445.78,92,-24.0,5.0,-0.26
07:46:39,319.89,9.0,483.03,35.0,318.38,13.0,624.96,28.0,163.14,22.0,63.0,55.616632674049825,319.89,483.03,85,-41.0,2.0,-0.48
07:46:45,321.59,64.0,463.75,48.0,319.23,88.0,544.79,52.0,142.16000000000003,152.0,100.0,16.907436825261865,321.59,463.75,252,52.0,163.0,0.21
07:46:46,323.41,41.0,330.73,45.0,321.21,106.0,333.24,45.0,7.319999999999993,147.0,90.0,44.91807008321028,323.41,330.73,237,57.0,-15.0,0.24
07:46:47,325.0,22.0,329.0,55.0,324.0,22.0,332.0,11.0,4.0,44.0,66.0,53.70476766545183,325.0,329.0,110,-22.0,-127.0,-0.2
07:46:48,319.35,51.0,326.6,53.0,318.73,33.0,326.87,23.0,7.25,84.0,76.0,49.96654530783697,319.35,326.6000000000001,160,8.0,50.0,0.05
07:46:50,317.03,70.0,387.87,15.0,307.17,36.0,455.12,16.0,70.84000000000003,106.0,31.0,12.988550727470416,317.03,387.87,137,75.0,25.0,0.55
07:46:52,317.02,55.0,429.0,16.0,302.8,60.0,557.44,18.0,111.98000000000002,115.0,34.0,38.778887941766975,317.02,429.0,149,81.0,16.0,0.54
07:46:53,317.0,14.0,388.0,4.0,307.0,16.0,568.0,4.0,71.0,30.0,8.0,34.42963011709727,317.0,388.0,38,22.0,-111.0,0.58
07:46:54,317.0,27.0,347.0,6.0,258.8,10.0,568.0,6.0,30.0,37.0,12.0,30.921465521545645,317.0,347.0,49,25.0,11.0,0.51
07:46:55,317.0,68.0,346.86,14.0,220.48,23.0,484.48,21.0,29.860000000000014,91.0,35.0,34.147871822415645,317.0,346.86,126,56.0,77.0,0.44
07:46:56,318.33,27.0,345.17,6.0,301.25,24.0,493.67,12.0,26.840000000000032,51.0,18.0,18.39357414968877,318.33,345.17,69,33.0,-57.0,0.48
07:46:57,323.0,16.0,344.38,8.0,317.0,56.0,452.67,18.0,21.379999999999995,72.0,26.0,9.048675593703447,323.0,344.38,98,46.0,29.0,0.47
07:46:58,323.0,14.0,343.86,7.0,322.0,7.0,529.0,14.0,20.860000000000014,21.0,21.0,0.9220086767906032,323.0,343.86,42,0.0,-56.0,0.0
07:46:59,317.75,48.0,340.43,21.0,272.44,9.0,368.96,27.0,22.680000000000007,57.0,48.0,1.832626530440977,317.75,340.43,105,9.0,63.0,0.09
07:47:00,317.0,70.0,338.17,30.0,300.68,25.0,339.03,30.0,21.170000000000016,95.0,60.0,2.6921032669781786,317.0,338.17,155,35.0,50.0,0.23
07:47:01,317.0,91.0,334.89,45.0,303.0,78.0,336.03,33.0,17.889999999999986,169.0,78.0,3.4833360446664456,317.0,334.89,247,91.0,92.0,0.37
07:47:02,318.46,48.0,334.0,60.0,316.23,109.0,335.0,12.0,15.54000000000002,157.0,72.0,3.0493983013161383,318.46,334.0,229,85.0,-18.0,0.37
07:47:03,325.69,13.0,332.92,65.0,322.11,19.0,333.38,37.0,7.230000000000018,32.0,102.0,1.5630579004209086,325.69,332.92,134,-70.0,-95.0,-0.52
07:47:04,327.0,11.0,330.06,47.0,326.0,11.0,331.43,35.0,3.0600000000000023,22.0,82.0,1.4481263757241716,327.0,330.06,104,-60.0,-30.0,-0.58
07:47:05,325.75,16.0,328.22,18.0,321.05,38.0,332.45,22.0,2.4700000000000273,54.0,40.0,1.465742132869147,325.75,328.22,94,14.0,-10.0,0.15
07:47:06,322.0,19.0,327.5,14.0,319.0,140.0,335.0,14.0,5.5,159.0,28.0,1.8166782874431422,322.0,327.5,187,131.0,93.0,0.7
07:47:07,319.16,95.0,323.06,18.0,317.01,89.0,333.43,14.0,3.8999999999999773,184.0,32.0,3.305921959161376,319.16,323.06,216,152.0,29.0,0.7
07:47:09,320.47,86.0,321.62,21.0,315.77,91.0,417.35,17.0,1.1499999999999773,177.0,38.0,3.087388864406125,320.47,321.62,215,139.0,108.0,0.65
07:47:10,322.0,48.0,323.0,8.0,319.0,56.0,430.75,16.0,1.0,104.0,24.0,1.9706724740700186,322.0,323.0,128,80.0,-87.0,0.62
07:47:12,323.32,142.0,340.0,33.0,322.0,55.0,575.68,25.0,16.680000000000007,197.0,58.0,47.13059388550179,323.32,340.0,255,139.0,47.0,0.55
07:47:13,324.07,88.0,340.0,30.0,322.57,56.0,418.75,12.0,15.930000000000007,144.0,42.0,45.772845334325716,324.07,340.0,186,102.0,-69.0,0.55
07:47:14,325.0,27.0,340.0,27.0,324.0,97.0,568.0,9.0,15.0,124.0,36.0,44.404931370289354,325.0,340.0,160,88.0,-26.0,0.55
07:47:15,326.81,31.0,346.55,33.0,324.51,79.0,572.36,11.0,19.74000000000001,110.0,44.0,42.67293580245111,326.81,346.55,154,66.0,-6.0,0.43
07:47:16,327.0,8.0,386.8,20.0,325.0,40.0,605.0,12.0,59.80000000000001,48.0,32.0,10.782257648567242,327.0,386.8,80,16.0,-74.0,0.2
07:47:17,327.0,10.0,424.12,26.0,325.29,42.0,603.14,14.0,97.12,52.0,40.0,19.06687651399944,327.0,424.12,92,12.0,12.0,0.13
07:47:18,327.0,11.0,426.0,15.0,326.0,33.0,474.48,29.0,99.0,44.0,44.0,20.78746064338114,327.0,426.0,88,0.0,-4.0,0.0
07:47:25,326.82,88.0,422.53,34.0,324.0,77.0,473.39,33.0,95.70999999999998,165.0,67.0,22.787895251651143,326.82,422.53,232,98.0,-53.0,0.42
07:47:26,328.0,18.0,352.0,36.0,327.0,72.0,448.33,9.0,24.0,90.0,45.0,36.615817893366646,328.0,352.0,135,45.0,-97.0,0.33
07:47:27,328.0,14.0,463.0,7.0,327.0,56.0,464.0,21.0,135.0,70.0,28.0,29.459116076355258,328.0,463.0,98,42.0,-37.0,0.43
07:47:28,327.09,66.0,453.17,46.0,324.67,108.0,460.63,43.0,126.08000000000004,174.0,89.0,26.129455600914515,327.09,453.17,263,85.0,165.0,0.32
07:47:29,327.0,45.0,450.0,27.0,324.0,63.0,452.0,27.0,123.0,108.0,54.0,22.4635137500827,327.0,450.0,162,54.0,-101.0,0.33
07:47:30,327.0,35.0,449.57,21.0,324.0,105.0,452.0,29.0,122.57,140.0,50.0,22.818138179969036,327.0,449.57,190,90.0,28.0,0.47
07:47:31,327.0,70.0,448.21,42.0,324.0,210.0,450.86,50.0,121.20999999999998,280.0,92.0,3.2075270848710855,327.0,448.21,372,188.0,177.5,0.51
07:47:32,327.0,45.0,430.65,26.0,324.17,48.0,443.58,26.0,103.64999999999998,93.0,52.0,4.480348200773504,327.0,430.65,145,41.0,-178.5,0.28
07:47:33,327.0,70.0,364.0,42.0,325.0,28.0,388.0,42.0,37.0,98.0,84.0,18.47364690579946,327.0,364.0,182,14.0,37.0,0.08
07:47:34,327.0,36.0,330.56,27.0,325.0,18.0,353.29,28.0,3.5600000000000023,54.0,55.0,27.08240886627568,327.0,330.56,109,-1.0,-73.0,-0.01
07:47:35,327.0,64.0,329.06,54.0,325.0,32.0,330.19,48.0,2.0600000000000023,96.0,102.0,27.966890245433092,327.0,329.06,198,-6.0,89.0,-0.03
07:47:36,326.02,41.0,328.0,55.0,324.11,36.0,329.73,33.0,1.9800000000000182,77.0,88.0,22.15086792882104,326.02,328.0,165,-11.0,-33.0,-0.07
07:47:37,324.0,63.0,327.17,30.0,323.0,36.0,374.14,14.0,3.170000000000016,99.0,44.0,8.205086836837769,324.0,327.17,143,55.0,-22.0,0.38
07:47:38,324.0,120.0,325.71,35.0,323.0,54.0,334.67,27.0,1.7099999999999795,174.0,62.0,1.6367559378351657,324.0,325.71,236,112.0,93.0,0.47
07:47:39,324.0,112.0,325.64,42.0,323.0,84.0,383.09,44.0,1.6399999999999864,196.0,86.0,1.4134532181989243,324.0,325.64,282,110.0,46.0,0.39
07:47:40,324.74,114.0,390.49,59.0,323.47,102.0,515.07,30.0,65.75,216.0,89.0,14.357208294095708,324.74,390.49,305,127.0,23.0,0.42
07:47:41,326.0,43.0,484.21,19.0,324.0,72.0,520.3,20.0,158.20999999999998,115.0,39.0,35.1016969675269,326.0,484.21,154,76.0,-151.0,0.49
07:47:42,324.44,36.0,480.0,8.0,323.57,56.0,692.13,30.0,155.56,92.0,38.0,39.5375003003493,324.44,480.0,130,54.0,-24.0,0.42
07:47:44,323.0,30.0,385.33,18.0,322.0,36.0,456.5,12.0,62.329999999999984,66.0,30.0,31.938592955861075,323.0,385.33,96,36.0,-99.0,0.38
07:47:45,323.0,35.0,342.0,7.0,322.0,42.0,392.8,20.0,19.0,77.0,27.0,39.28346153281515,323.0,342.0,104,50.0,8.0,0.48
07:47:46,323.0,55.0,342.0,11.0,322.0,66.0,419.45,22.0,19.0,121.0,33.0,42.881910755004085,323.0,342.0,154,88.0,50.0,0.57
07:47:47,323.0,50.0,376.5,16.0,322.0,60.0,495.2,20.0,53.5,110.0,36.0,39.19185412812349,323.0,376.5,146,74.0,-8.0,0.51
07:47:48,323.0,53.0,388.0,22.0,322.0,66.0,466.65,17.0,65.0,119.0,39.0,11.50363116585697,323.0,388.0,158,80.0,12.0,0.51
07:47:49,325.08,13.0,388.0,20.0,322.86,42.0,404.3,20.0,62.920000000000016,55.0,40.0,12.019185496533323,325.08,388.0,95,15.0,-63.0,0.16
07:47:50,322.29,42.0,433.2,20.0,321.8,30.0,478.9,20.0,110.90999999999997,72.0,40.0,16.21555981149275,322.29,433.2,112,32.0,17.0,0.29
07:47:54,322.98,43.0,376.23,26.0,321.75,8.0,518.09,22.0,53.25,51.0,48.0,34.84226140766709,322.98,376.22999999999996,99,3.0,39.0,0.03
07:47:55,323.04,72.0,370.44,54.0,322.33,18.0,428.33,48.0,47.39999999999998,90.0,102.0,41.729919482311395,323.04,370.44,192,-12.0,93.0,-0.06
07:47:56,323.12,26.0,366.5,24.0,322.5,10.0,468.83,18.0,43.379999999999995,36.0,42.0,41.89450584504076,323.12,366.5,78,-6.0,-114.0,-0.08
07:47:57,326.0,11.0,365.82,44.0,323.83,87.0,553.0,22.0,39.81999999999999,98.0,66.0,29.281443441198622,326.0,365.82,164,32.0,86.0,0.2
07:47:58,326.0,5.0,364.8,20.0,324.0,45.0,561.64,22.0,38.80000000000001,50.0,42.0,1.8762649066918635,326.0,364.8,92,8.0,-72.0,0.09
07:47:59,326.29,7.0,363.14,28.0,324.09,47.0,600.13,23.0,36.849999999999966,54.0,51.0,0.8388861663426359,326.29,363.14,105,3.0,13.0,0.03
07:48:00,327.0,13.0,361.96,52.0,326.0,13.0,502.03,33.0,34.95999999999998,26.0,85.0,0.5829837048151043,327.0,361.96,111,-59.0,6.0,-0.53
07:48:01,327.0,11.0,358.37,43.0,326.0,11.0,359.23,44.0,31.370000000000005,22.0,87.0,1.2271389489698992,327.0,358.37,109,-65.0,-2.0,-0.6
07:48:02,327.33,12.0,357.0,18.0,326.11,9.0,358.0,36.0,29.670000000000016,21.0,54.0,1.3873535959073735,327.33,357.0,75,-33.0,-34.0,-0.44
07:48:03,328.0,24.0,354.87,60.0,327.0,14.0,356.11,36.0,26.870000000000005,38.0,96.0,1.4420748940589778,328.0,354.87,134,-58.0,59.0,-0.43
07:48:04,328.0,17.0,349.85,60.0,327.0,17.0,351.57,40.0,21.850000000000023,34.0,100.0,2.0240553352298543,328.0,349.85,134,-66.0,0.0,-0.49
07:48:05,328.0,14.0,345.35,43.0,327.0,14.0,346.22,63.0,17.350000000000023,28.0,106.0,2.5253356212726823,328.0,345.35,134,-78.0,0.0,-0.58
07:48:06,328.0,12.0,342.2,41.0,327.0,12.0,343.1,41.0,14.199999999999989,24.0,82.0,3.020744941246291,328.0,342.2,106,-58.0,-28.0,-0.55
07:48:07,328.0,12.0,337.0,24.0,327.0,12.0,338.38,26.0,9.0,24.0,50.0,3.4384342366926726,328.0,337.0,74,-26.0,-32.0,-0.35
07:48:08,326.14,14.0,332.03,36.0,325.05,40.0,332.54,35.0,5.889999999999986,54.0,71.0,3.806346016858461,326.14,332.03,125,-17.0,51.0,-0.14
07:48:09,326.04,27.0,328.53,53.0,324.88,33.0,329.65,49.0,2.4899999999999523,60.0,102.0,3.947577738316069,326.04,328.53000000000003,162,-42.0,37.0,-0.26
07:48:10,323.0,78.0,326.27,64.0,321.0,16.0,327.82,68.0,3.269999999999982,94.0,132.0,4.1512468006663505,323.0,326.27,226,-38.0,64.0,-0.17
07:48:11,321.44,16.0,323.19,16.0,319.67,18.0,344.46,54.0,1.75,34.0,70.0,3.942660269416599,321.44,323.19,104,-36.0,-122.0,-0.35
07:48:14,326.57,54.0,482.89,57.0,324.7,23.0,497.78,55.0,156.32,77.0,112.0,69.53116078421391,326.57,482.89,189,-35.0,67.0,-0.19
07:48:15,327.0,61.0,458.3,30.0,326.0,10.0,460.0,50.0,131.3,71.0,80.0,58.001672217275264,327.0,458.3,151,-9.0,-38.0,-0.06
07:48:16,325.24,17.0,415.06,36.0,321.2,10.0,439.39,44.0,89.82,27.0,80.0,41.90527866510692,325.24,415.06,107,-53.0,-44.0,-0.5
07:48:17,325.0,13.0,406.27,45.0,320.0,13.0,407.34,59.0,81.26999999999998,26.0,104.0,36.214995236783,325.0,406.2699999999999,130,-78.0,23.0,-0.6
07:48:18,325.0,23.0,394.92,39.0,320.0,11.0,403.13,46.0,69.92000000000002,34.0,85.0,19.152346592524065,325.0,394.92,119,-51.0,-11.0,-0.43
07:48:19,325.0,36.0,379.71,56.0,320.0,12.0,381.21,48.0,54.70999999999998,48.0,104.0,15.223342274288553,325.0,379.71,152,-56.0,33.0,-0.37
07:48:20,323.29,42.0,377.25,40.0,316.62,16.0,378.11,56.0,53.95999999999998,58.0,96.0,8.473961883329396,323.29,377.25,154,-38.0,2.0,-0.25
07:48:21,320.07,30.0,351.3,57.0,318.68,75.0,354.64,55.0,31.230000000000018,105.0,112.0,11.352988593322094,320.07,351.3,217,-7.0,63.0,-0.03
07:48:22,322.17,69.0,338.62,56.0,320.12,96.0,339.56,72.0,16.44999999999999,165.0,128.0,12.278769482325309,322.17,338.62,293,37.0,76.0,0.13
07:48:23,324.0,30.0,334.64,44.0,322.5,24.0,337.25,36.0,10.639999999999986,54.0,80.0,10.981246741607604,324.0,334.64,134,-26.0,-159.0,-0.19
07:48:24,325.0,14.0,332.4,50.0,324.0,42.0,356.32,62.0,7.399999999999977,56.0,112.0,9.036984010169284,325.0,332.4,168,-56.0,34.0,-0.33
07:48:25,325.0,14.0,330.46,39.0,324.0,42.0,369.89,37.0,5.4599999999999795,56.0,76.0,3.124816794636692,325.0,330.46,132,-20.0,-36.0,-0.15
