Time,Bid1_Price,Bid1_Volume,Ask1_Price,Ask1_Volume,Bid2_Price,Bid2_Volume,Ask2_Price,Ask2_Volume,Bid_Ask_Spread,Market_Depth_Bid,Market_Depth_Ask,Historical_Volatility,Weighted_Avg_Bid_Price,Weighted_Avg_Ask_Price,Total_volume,Cumulative_Volume_Difference,Total_Volume_Change_Corrected,Order_imbalance
07:30:05,104.5,24.0,109.0,8.0,99.0,24.0,0.0,0.0,4.5,48.0,8.0,46.50209167338605,104.5,109.0,56,40.0,17.0,0.71
07:30:06,105.33,9.0,109.0,3.0,101.0,9.0,0.0,0.0,3.6700000000000017,18.0,3.0,25.03608595607549,105.33,109.0,21,15.0,-35.0,0.71
07:30:07,108.44,25.0,141.21,28.0,107.36,25.0,144.0,10.0,32.77000000000001,50.0,38.0,9.759276612536437,108.44,141.21,88,12.0,67.0,0.14
07:30:10,116.94,16.0,136.0,10.0,113.0,41.0,140.0,50.0,19.060000000000002,57.0,60.0,8.887104702882791,116.94,136.0,117,-3.0,47.0,-0.03
07:30:11,113.62,13.0,136.0,7.0,112.82,45.0,140.0,35.0,22.379999999999995,58.0,42.0,1.5902421199306813,113.61999999999999,136.0,100,16.0,-17.0,0.16
07:30:12,115.0,12.0,120.69,32.0,113.0,83.0,133.85,40.0,5.689999999999998,95.0,72.0,4.2266925603835395,115.0,120.69,167,23.0,67.0,0.14
07:30:13,115.0,9.0,116.0,9.0,113.0,63.0,118.0,45.0,1.0,72.0,54.0,5.524032041905757,115.0,116.0,126,18.0,-41.0,0.14
07:30:14,115.0,7.0,116.0,7.0,113.0,49.0,118.0,35.0,1.0,56.0,42.0,5.247850035967245,115.0,116.0,98,14.0,-28.0,0.14
07:30:15,115.0,6.0,116.0,6.0,113.0,42.0,118.0,30.0,1.0,48.0,36.0,4.031352130489389,115.0,116.0,84,12.0,-14.0,0.14
07:30:16,115.0,7.0,116.0,7.0,113.0,49.0,118.0,35.0,1.0,56.0,42.0,1.0464798134704993,115.0,116.0,98,14.0,14.0,0.14
07:30:17,113.21,47.0,117.48,29.0,112.66,53.0,120.22,50.0,4.27000000000001,100.0,79.0,0.06708203933419102,113.21,117.48,179,21.0,81.0,0.12
07:30:18,113.0,63.0,115.96,25.0,112.0,27.0,117.86,43.0,2.9599999999999937,90.0,68.0,0.44416213256109727,113.0,115.96,158,22.0,-21.0,0.14
07:30:19,113.0,66.0,114.77,13.0,112.0,33.0,116.2,25.0,1.769999999999996,99.0,38.0,0.7298081939805865,113.0,114.77,137,61.0,-21.0,0.45
07:30:20,112.94,51.0,115.64,33.0,111.92,52.0,117.02,61.0,2.700000000000003,103.0,94.0,0.6984625974246539,112.94,115.64,197,9.0,60.0,0.05
07:30:21,113.51,63.0,117.0,65.0,111.9,40.0,120.06,53.0,3.489999999999995,103.0,118.0,0.6327321708283783,113.51,117.0,221,-15.0,24.0,-0.07
07:30:22,112.81,94.0,117.0,55.0,111.38,39.0,120.0,55.0,4.189999999999998,133.0,110.0,0.5323063028005519,112.80999999999999,117.0,243,23.0,22.0,0.09
07:30:23,113.71,105.0,117.0,35.0,112.0,21.0,120.0,35.0,3.2900000000000063,126.0,70.0,0.6348464381259394,113.71,117.0,196,56.0,-47.0,0.29
07:30:24,114.6,150.0,117.0,40.0,112.0,30.0,120.0,50.0,2.4000000000000057,180.0,90.0,0.5644023387630369,114.6,117.0,270,90.0,74.0,0.33
07:30:25,115.0,209.0,116.89,37.0,112.0,39.0,119.7,61.0,1.8900000000000006,248.0,98.0,0.42517055401472537,115.0,116.89000000000001,346,150.0,76.0,0.43
07:30:26,115.0,171.0,116.7,30.0,112.0,33.0,118.63,49.0,1.7000000000000028,204.0,79.0,0.4383719881575324,115.0,116.7,283,125.0,-63.0,0.44
07:30:27,115.0,112.0,116.0,24.0,112.0,24.0,119.0,40.0,1.0,136.0,64.0,0.25013996082431267,115.0,116.0,200,72.0,-83.0,0.36
07:30:28,115.0,130.0,116.0,30.0,112.53,45.0,118.2,50.0,1.0,175.0,80.0,0.20796634343370946,115.0,116.0,255,95.0,55.0,0.37
07:30:29,115.0,129.0,116.0,36.0,113.0,96.0,118.0,60.0,1.0,225.0,96.0,0.22192341021439738,115.0,116.0,321,129.0,66.0,0.4
07:30:30,115.0,44.0,116.91,22.0,113.0,58.0,118.29,28.0,1.9099999999999966,102.0,50.0,0.22192341021439738,115.0,116.91,152,52.0,-169.0,0.34
07:30:31,115.76,17.0,118.0,35.0,113.67,30.0,120.64,22.0,2.239999999999995,47.0,57.0,0.599399699700614,115.76,118.0,104,-10.0,-48.0,-0.1
07:30:32,113.2,30.0,118.0,30.0,112.75,16.0,121.0,18.0,4.799999999999997,46.0,48.0,0.5856449436315376,113.2,118.0,94,-2.0,-10.0,-0.02
07:30:33,113.5,48.0,118.0,60.0,112.7,60.0,119.67,36.0,4.5,108.0,96.0,0.5542833210562875,113.5,118.0,204,12.0,110.0,0.06
07:30:34,117.0,10.0,118.0,50.0,113.0,88.0,119.0,30.0,1.0,98.0,80.0,0.8192862747545568,117.0,118.0,178,18.0,-26.0,0.1
07:30:35,117.0,9.0,118.0,45.0,113.0,117.0,119.0,27.0,1.0,126.0,72.0,0.9233525870441978,117.0,118.0,198,54.0,20.0,0.27
07:30:36,114.64,22.0,118.53,34.0,112.98,119.0,120.2,30.0,3.8900000000000006,141.0,64.0,0.9140459507055491,114.64,118.53,205,77.0,7.0,0.38
07:30:37,113.0,91.0,118.0,28.0,112.0,14.0,119.0,21.0,5.0,105.0,49.0,0.9416899702137687,113.0,118.0,154,56.0,-51.0,0.36
07:30:38,113.0,104.0,118.0,32.0,112.0,16.0,119.0,24.0,5.0,120.0,56.0,1.0006397953315709,113.0,118.0,176,64.0,22.0,0.36
07:30:39,113.0,117.0,116.57,28.0,112.0,18.0,118.03,29.0,3.569999999999993,135.0,57.0,1.0661988557493332,113.0,116.57000000000001,192,78.0,16.0,0.41
07:30:40,113.0,127.0,114.6,40.0,112.0,20.0,116.0,20.0,1.5999999999999943,147.0,60.0,1.0255145050174437,113.0,114.6,207,87.0,15.0,0.42
07:30:41,117.62,101.0,163.49,39.0,113.39,72.0,508.03,29.0,45.870000000000005,173.0,68.0,11.497751954186576,117.62,163.49,241,105.0,34.0,0.44
07:30:46,116.6,47.0,319.97,31.0,114.15,78.0,457.32,38.0,203.37000000000003,125.0,69.0,52.780080522863976,116.6,319.97,194,56.0,82.0,0.29
07:30:47,114.42,57.0,250.44,32.0,113.28,75.0,377.94,34.0,136.01999999999998,132.0,66.0,58.87400844175641,114.42000000000002,250.44,198,66.0,4.0,0.33
07:30:50,118.4,45.0,198.15,39.0,114.57,21.0,202.0,13.0,79.75,66.0,52.0,22.434007221181105,118.4,198.15,118,14.0,-14.0,0.12
07:30:51,114.0,60.0,153.27,30.0,113.0,50.0,195.95,21.0,39.27000000000001,110.0,51.0,21.593809992680928,114.0,153.27,161,59.0,43.0,0.37
07:30:52,115.01,83.0,131.44,64.0,113.22,83.0,142.09,43.0,16.429999999999993,166.0,107.0,26.443978142480894,115.01,131.44,273,59.0,112.0,0.22
07:30:53,114.0,20.0,130.76,37.0,113.0,50.0,133.35,37.0,16.75999999999999,70.0,74.0,21.951043255390122,114.0,130.76,144,-4.0,-129.0,-0.03
07:30:54,114.0,12.0,130.0,18.0,113.0,21.0,131.0,24.0,16.0,33.0,42.0,15.515154527106992,114.0,130.0,75,-9.0,-69.0,-0.12
07:30:55,114.0,16.0,120.38,32.0,113.0,16.0,124.45,31.0,6.3799999999999955,32.0,63.0,6.038346628010755,114.0,120.38,95,-31.0,20.0,-0.33
07:30:56,113.32,37.0,117.22,40.0,112.38,29.0,137.0,59.0,3.9000000000000057,66.0,99.0,3.546162714824155,113.32000000000001,117.22,165,-33.0,70.0,-0.2
07:30:57,113.0,24.0,117.57,14.0,111.0,8.0,132.0,39.0,4.569999999999993,32.0,53.0,3.5259792965939374,113.0,117.57000000000001,85,-21.0,-80.0,-0.25
07:30:58,113.0,36.0,118.0,84.0,111.15,13.0,350.1,48.0,5.0,49.0,132.0,2.8805641808522786,113.0,118.0,181,-83.0,96.0,-0.46
07:30:59,113.0,39.0,116.67,54.0,112.0,26.0,117.65,52.0,3.6700000000000017,65.0,106.0,0.9130607865904917,113.0,116.67,171,-41.0,-10.0,-0.24
07:31:00,112.88,16.0,115.33,30.0,111.78,18.0,116.78,27.0,2.450000000000003,34.0,57.0,0.5580949740046937,112.88,115.33,91,-23.0,-80.0,-0.25
07:31:01,111.0,22.0,113.84,38.0,108.92,25.0,116.0,36.0,2.8400000000000034,47.0,74.0,1.2443351638563211,111.0,113.84,121,-27.0,30.0,-0.22
07:31:02,108.82,22.0,114.0,28.0,108.5,16.0,117.0,33.0,5.180000000000007,38.0,61.0,1.699108589822732,108.82,114.0,99,-23.0,-22.0,-0.23
07:31:03,107.0,24.0,114.0,24.0,55.12,40.0,117.0,36.0,7.0,64.0,60.0,1.8074761409239875,107.0,114.0,124,4.0,25.0,0.03
07:31:04,106.59,17.0,114.0,24.0,68.39,44.0,117.0,36.0,7.409999999999997,61.0,60.0,1.563723121274846,106.59,114.0,121,1.0,-3.0,0.01
07:31:05,107.0,91.0,113.14,14.0,105.71,7.0,117.0,21.0,6.140000000000001,98.0,35.0,0.9726612976826248,107.0,113.14,133,63.0,12.0,0.47
07:31:06,107.2,124.0,112.0,24.0,106.73,60.0,116.58,36.0,4.799999999999997,184.0,60.0,0.6685282342651716,107.2,112.0,244,124.0,111.0,0.51
07:31:07,109.12,51.0,174.76,37.0,107.23,132.0,495.19,32.0,65.63999999999999,183.0,69.0,14.236490087096925,109.12,174.76,252,114.0,8.0,0.45
07:31:08,110.53,85.0,116.0,85.0,107.0,221.0,410.12,34.0,5.469999999999999,306.0,119.0,13.998170237570656,110.52999999999999,116.0,425,187.0,167.0,0.44
07:31:09,112.46,46.0,116.0,75.0,107.52,132.0,250.7,46.0,3.5400000000000063,178.0,121.0,13.629811077194317,112.46,116.0,299,57.0,-126.0,0.19
07:31:10,113.35,23.0,115.17,60.0,112.71,28.0,121.36,56.0,1.8200000000000074,51.0,116.0,13.154722345986965,113.35,115.17,167,-65.0,-132.0,-0.39
07:31:11,108.89,57.0,115.61,41.0,109.33,9.0,131.48,25.0,6.719999999999999,66.0,66.0,12.74556275728964,108.89000000000001,115.61,132,0.0,-35.0,0.0
07:31:12,107.61,66.0,113.7,40.0,106.98,112.0,116.0,50.0,6.090000000000003,178.0,90.0,1.5189305448273254,107.61,113.7,268,88.0,136.0,0.33
07:31:13,107.88,97.0,112.93,54.0,105.17,161.0,240.44,59.0,5.050000000000011,258.0,113.0,1.8631076190090285,107.87999999999998,112.93,371,145.0,103.0,0.39
07:31:14,113.18,55.0,114.87,46.0,107.28,127.0,332.45,55.0,1.6899999999999977,182.0,101.0,1.8143786815352239,113.18,114.87,283,81.0,-88.0,0.29
07:31:15,113.0,31.0,316.25,28.0,107.0,117.0,379.87,31.0,203.25,148.0,59.0,45.99094965316554,113.0,316.25,207,89.0,-76.0,0.43
07:31:16,113.0,30.0,163.1,20.0,107.11,108.0,307.48,23.0,50.099999999999994,138.0,43.0,44.592481989680806,113.0,163.1,181,95.0,-26.0,0.52
07:31:17,113.0,27.0,358.44,9.0,107.71,51.0,375.67,9.0,245.44,78.0,18.0,58.60715766866708,113.0,358.44,96,60.0,-85.0,0.62
07:31:21,115.89,27.0,192.5,12.0,112.58,36.0,271.0,12.0,76.61,63.0,24.0,39.879160848744014,115.89,192.5,87,39.0,-11.0,0.45
07:31:22,118.0,9.0,158.6,10.0,113.0,27.0,188.62,13.0,40.599999999999994,36.0,23.0,41.21030004743961,118.0,158.6,59,13.0,-28.0,0.22
07:31:24,117.0,14.0,128.21,14.0,116.36,11.0,136.81,21.0,11.210000000000008,25.0,35.0,24.145889505255457,117.0,128.21,60,-10.0,1.0,-0.17
07:31:25,113.0,11.0,114.0,24.0,112.0,6.0,134.14,7.0,1.0,17.0,31.0,15.655608260301076,113.0,114.0,48,-14.0,-12.0,-0.29
07:31:26,113.0,10.0,114.0,32.0,112.0,10.0,172.33,24.0,1.0,20.0,56.0,10.41836983409633,113.0,114.0,76,-36.0,28.0,-0.47
07:31:27,115.56,25.0,202.71,45.0,112.38,13.0,200.85,34.0,87.15,38.0,79.0,18.819210132202883,115.56,202.71,117,-41.0,41.0,-0.35
07:31:28,117.0,35.0,226.0,28.0,114.0,45.0,443.38,32.0,109.0,80.0,60.0,27.328964488249582,117.0,226.0,140,20.0,23.0,0.14
07:31:29,115.36,33.0,134.0,28.0,113.96,47.0,303.18,11.0,18.64,80.0,39.0,27.089091531463488,115.36,134.0,119,41.0,-21.0,0.34
07:31:30,114.0,63.0,126.77,13.0,113.0,7.0,140.84,25.0,12.769999999999996,70.0,38.0,25.773816170680018,114.0,126.77,108,32.0,-11.0,0.3
07:31:31,114.0,117.0,127.23,30.0,113.0,13.0,133.06,49.0,13.230000000000004,130.0,79.0,24.244134960852005,114.0,127.23,209,51.0,101.0,0.24
07:31:32,114.0,72.0,133.0,32.0,112.88,8.0,134.0,32.0,19.0,80.0,64.0,22.08233864426519,114.0,133.0,144,16.0,-65.0,0.11
07:31:33,116.31,85.0,131.02,41.0,113.98,82.0,246.2,20.0,14.710000000000008,167.0,61.0,1.944582217343643,116.31,131.02,228,106.0,84.0,0.46
07:31:34,118.0,57.0,127.31,42.0,115.0,108.0,128.28,18.0,9.310000000000002,165.0,60.0,1.569691052407822,118.0,127.31000000000002,225,105.0,-3.0,0.47
07:31:35,118.0,44.0,122.29,14.0,115.0,99.0,123.02,41.0,4.290000000000006,143.0,55.0,1.6399786584005223,118.0,122.29,198,88.0,-27.0,0.44
07:31:36,118.0,44.0,119.51,35.0,115.0,99.0,122.2,20.0,1.5100000000000051,143.0,55.0,2.1846578679530633,118.0,119.51,198,88.0,0.0,0.44
07:31:37,115.62,68.0,135.82,38.0,114.0,72.0,206.0,34.0,20.19999999999999,140.0,72.0,2.7762510693395823,115.62,135.82,212,68.0,14.0,0.32
07:31:38,115.0,24.0,116.0,8.0,113.0,48.0,117.0,40.0,1.0,72.0,48.0,3.8734196777536707,115.0,116.0,120,24.0,-92.0,0.2
07:31:39,115.0,10.0,116.87,23.0,113.0,42.0,195.29,35.0,1.8700000000000045,52.0,58.0,4.122196016689343,115.0,116.87,110,-6.0,-10.0,-0.05
07:31:40,113.75,24.0,117.0,40.0,112.93,30.0,222.62,32.0,3.25,54.0,72.0,4.3943850536803915,113.75,117.0,126,-18.0,16.0,-0.14
07:31:41,114.32,22.0,117.0,50.0,113.59,37.0,190.0,20.0,2.680000000000007,59.0,70.0,4.5226673545607685,114.32,117.0,129,-11.0,3.0,-0.09
07:31:42,116.0,12.0,117.0,60.0,113.15,54.0,164.0,44.0,1.0,66.0,104.0,0.44517412324833927,116.0,117.0,170,-38.0,41.0,-0.22
07:31:43,116.0,5.0,117.0,25.0,114.4,47.0,128.0,25.0,1.0,52.0,50.0,0.5011786108862797,116.0,117.0,102,2.0,-68.0,0.02
07:31:44,116.0,8.0,117.0,40.0,115.0,88.0,252.17,30.0,1.0,96.0,70.0,0.5458204833183561,116.0,117.0,166,26.0,64.0,0.16
07:31:45,116.0,9.0,117.0,30.0,115.0,99.0,163.0,45.0,1.0,108.0,75.0,0.3756594202330716,116.0,117.0,183,33.0,17.0,0.18
07:31:46,115.02,62.0,117.0,14.0,113.27,83.0,183.82,33.0,1.980000000000004,145.0,47.0,0.21913466181741836,115.02,117.0,192,98.0,9.0,0.51
07:31:47,115.0,80.0,117.0,18.0,113.0,108.0,383.42,31.0,2.0,188.0,49.0,0.2711457172994824,115.0,117.0,237,139.0,45.0,0.59
07:31:48,115.0,82.0,116.9,20.0,113.23,62.0,240.26,47.0,1.9000000000000057,144.0,67.0,0.28208154851012207,115.0,116.9,211,77.0,-26.0,0.36
07:31:49,115.9,73.0,117.0,14.0,114.95,44.0,368.0,21.0,1.0999999999999943,117.0,35.0,0.26901672812275224,115.9,117.0,152,82.0,-59.0,0.54
07:31:50,116.0,100.0,117.0,24.0,115.0,84.0,440.67,36.0,1.0,184.0,60.0,0.26901672812275224,116.0,117.0,244,124.0,92.0,0.51
07:31:51,116.0,20.0,117.0,10.0,115.0,39.0,528.21,19.0,1.0,59.0,29.0,0.27973201463160474,116.0,117.0,88,30.0,-156.0,0.34
07:31:52,116.0,31.0,117.0,20.0,115.0,78.0,124.0,30.0,1.0,109.0,50.0,0.24135036774333038,116.0,117.0,159,59.0,71.0,0.37
07:31:53,116.0,36.0,117.0,24.0,115.0,84.0,236.47,47.0,1.0,120.0,71.0,0.02236067999465332,116.0,117.0,191,49.0,32.0,0.26
07:31:54,116.0,21.0,147.55,22.0,115.0,49.0,211.5,32.0,31.55000000000001,70.0,54.0,6.828951603285042,116.0,147.55,124,16.0,-67.0,0.13
07:31:55,117.78,40.0,263.42,57.0,115.84,50.0,382.77,56.0,145.64000000000001,90.0,113.0,32.119244698467085,117.78,263.42,203,-23.0,79.0,-0.11
07:31:56,118.0,49.0,259.71,21.0,116.0,21.0,510.0,28.0,141.70999999999998,70.0,49.0,37.84386978098308,118.0,259.71,119,21.0,-84.0,0.18
07:31:58,118.0,82.0,166.6,30.0,116.0,30.0,355.46,39.0,48.599999999999994,112.0,69.0,58.2138482665422,118.0,166.6,181,43.0,-59.0,0.24
07:31:59,118.0,80.0,163.73,26.0,116.0,30.0,218.0,25.0,45.72999999999999,110.0,51.0,56.1803242247675,118.0,163.73,161,59.0,-20.0,0.37
07:32:00,118.0,83.0,162.57,28.0,116.0,33.0,163.57,14.0,44.56999999999999,116.0,42.0,60.04998109908111,118.0,162.57,158,74.0,-3.0,0.47
07:32:01,117.85,39.0,160.54,26.0,115.16,58.0,160.87,30.0,42.69,97.0,56.0,61.94364697045209,117.85,160.54,153,41.0,-5.0,0.27
07:32:06,117.0,5.0,149.8,10.0,116.0,15.0,151.0,5.0,32.80000000000001,20.0,15.0,2.0217245114014815,117.0,149.8,35,5.0,-69.0,0.14
07:32:07,115.11,83.0,134.53,38.0,113.19,212.0,147.56,32.0,19.42,295.0,70.0,5.435399709313184,115.10999999999999,134.53,365,225.0,167.0,0.62
07:32:08,115.0,100.0,116.31,64.0,113.0,317.0,121.11,54.0,1.3100000000000023,417.0,118.0,8.90678224725419,115.0,116.31,535,299.0,167.0,0.56
07:32:09,113.37,141.0,115.91,44.0,112.77,150.0,128.86,28.0,2.539999999999992,291.0,72.0,9.682480054201148,113.37,115.91,363,219.0,-169.0,0.6
07:32:10,113.0,295.0,114.13,23.0,112.0,91.0,116.53,34.0,1.1299999999999955,386.0,57.0,8.526852877820968,113.0,114.13,443,329.0,80.0,0.74
07:32:11,113.0,104.0,116.25,16.0,112.0,35.0,168.6,20.0,3.25,139.0,36.0,4.6199480516564515,113.0,116.25,175,103.0,-169.0,0.59
07:32:12,113.0,160.0,116.57,14.0,112.0,56.0,148.68,38.0,3.569999999999993,216.0,52.0,0.7427852987267635,113.0,116.57000000000001,268,164.0,93.0,0.61
07:32:13,113.0,220.0,115.55,11.0,112.0,77.0,129.57,42.0,2.549999999999997,297.0,53.0,0.4902754327973863,113.0,115.55,350,244.0,82.0,0.7
07:32:14,113.75,80.0,116.15,13.0,112.97,207.0,149.0,33.0,2.4000000000000057,287.0,46.0,0.5479051012763521,113.75,116.15,333,241.0,-17.0,0.72
07:32:15,114.38,40.0,117.0,8.0,113.0,160.0,118.0,20.0,2.6200000000000045,200.0,28.0,0.5261938806224739,114.38,117.0,228,172.0,-105.0,0.75
07:32:16,115.0,50.0,117.8,50.0,113.0,200.0,378.74,42.0,2.799999999999997,250.0,92.0,0.8327064308653164,115.0,117.8,342,158.0,114.0,0.46
07:32:17,116.36,61.0,132.05,63.0,113.18,169.0,235.92,49.0,15.690000000000012,230.0,112.0,4.047205208536377,116.36,132.05,342,118.0,0.0,0.35
07:32:18,118.0,52.0,211.5,32.0,116.0,40.0,254.0,12.0,93.5,92.0,44.0,21.320090759656754,118.0,211.5,136,48.0,-169.0,0.35
07:32:19,116.89,45.0,222.0,20.0,113.5,151.0,317.44,32.0,105.11,196.0,52.0,26.733528199622253,116.89,222.0,248,144.0,112.0,0.58
07:32:20,117.3,37.0,233.91,11.0,113.86,105.0,295.67,45.0,116.61,142.0,56.0,27.59259719562467,117.29999999999998,233.90999999999997,198,86.0,-50.0,0.43
07:32:21,116.0,45.0,217.31,13.0,113.24,51.0,300.36,39.0,101.31,96.0,52.0,20.498882164644773,116.0,217.31,148,44.0,-50.0,0.3
07:32:22,116.0,50.0,187.13,38.0,115.0,10.0,315.86,22.0,71.13,60.0,60.0,8.85171565291102,116.0,187.13,120,0.0,-28.0,0.0
07:32:23,116.0,55.0,197.21,47.0,115.0,11.0,284.63,19.0,81.21000000000001,66.0,66.0,9.750509217471174,116.0,197.21,132,0.0,12.0,0.0
07:32:24,117.6,75.0,224.47,45.0,115.94,53.0,357.61,33.0,106.87,128.0,78.0,9.996175268570989,117.6,224.47,206,50.0,74.0,0.24
07:32:25,118.0,60.0,215.64,14.0,116.0,55.0,439.54,37.0,97.63999999999999,115.0,51.0,8.105496900251755,118.0,215.64000000000001,166,64.0,-40.0,0.39
07:32:26,118.0,48.0,207.0,28.0,116.0,60.0,209.25,32.0,89.0,108.0,60.0,7.78505170181875,118.0,207.0,168,48.0,2.0,0.29
07:32:27,118.0,36.0,204.12,25.0,116.0,45.0,205.71,21.0,86.12,81.0,46.0,5.524828504124856,118.0,204.12,127,35.0,-41.0,0.28
07:32:28,117.38,52.0,203.33,36.0,115.92,49.0,271.3,46.0,85.95000000000002,101.0,82.0,4.496941182625177,117.38000000000001,203.33,183,19.0,56.0,0.1
07:32:29,116.0,40.0,129.84,19.0,115.0,10.0,198.26,19.0,13.840000000000003,50.0,38.0,17.959557901017288,116.0,129.84,88,12.0,-95.0,0.14
07:32:30,115.16,31.0,117.0,14.0,113.97,35.0,174.56,32.0,1.8400000000000034,66.0,46.0,23.03872131868421,115.16,117.0,112,20.0,24.0,0.18
07:32:31,114.0,182.0,115.4,20.0,113.0,70.0,126.03,31.0,1.4000000000000057,252.0,51.0,23.654984252795344,114.0,115.4,303,201.0,167.0,0.66
07:32:32,113.57,68.0,115.2,10.0,112.17,87.0,142.48,21.0,1.6300000000000097,155.0,31.0,19.688219828110338,113.57,115.2,186,124.0,-117.0,0.67
07:32:33,113.0,32.0,116.2,15.0,112.0,96.0,184.19,16.0,3.200000000000003,128.0,31.0,3.6293139847632365,113.0,116.2,159,97.0,-27.0,0.61
07:32:34,113.0,28.0,116.0,14.0,112.0,84.0,118.0,7.0,3.0,112.0,21.0,0.6949676251439486,113.0,116.0,133,91.0,-26.0,0.68
07:32:35,113.0,56.0,114.79,28.0,112.0,168.0,115.74,23.0,1.7900000000000063,224.0,51.0,0.31580056997776634,113.0,114.79,275,173.0,142.0,0.63
07:32:36,112.03,148.0,113.93,28.0,111.12,204.0,114.93,28.0,1.9000000000000057,352.0,56.0,0.6687077089419026,112.02999999999999,113.92999999999999,408,296.0,133.0,0.73
07:32:37,112.0,132.0,293.52,27.0,111.0,165.0,353.74,27.0,181.51999999999998,297.0,54.0,39.703266616236945,112.0,293.52,351,243.0,-57.0,0.69
07:32:38,112.69,78.0,165.38,40.0,111.32,111.0,321.88,40.0,52.69,189.0,80.0,38.55224986949522,112.69,165.38,269,109.0,-82.0,0.41
07:32:39,115.33,86.0,118.0,60.0,112.1,128.0,309.33,60.0,2.6700000000000017,214.0,120.0,38.253189801636076,115.32999999999998,118.0,334,94.0,65.0,0.28
07:32:40,117.0,85.0,118.0,65.0,115.43,137.0,274.0,65.0,1.0,222.0,130.0,37.73703591963728,117.0,118.0,352,92.0,18.0,0.26
07:32:41,116.06,86.0,118.0,35.0,114.05,41.0,274.0,35.0,1.9399999999999977,127.0,70.0,37.1097322814379,116.06,118.0,197,57.0,-155.0,0.29
07:32:42,116.0,60.0,118.0,25.0,114.0,15.0,243.2,25.0,2.0,75.0,50.0,9.835417123843664,116.0,118.0,125,25.0,-72.0,0.2
07:32:43,116.0,48.0,118.0,20.0,114.0,12.0,222.75,20.0,2.0,60.0,40.0,0.29969984984612513,116.0,118.0,100,20.0,-25.0,0.2
07:32:44,116.22,46.0,118.0,40.0,115.74,69.0,709.0,40.0,1.7800000000000011,115.0,80.0,0.2127674787127428,116.22,118.0,195,35.0,95.0,0.18
07:32:45,116.61,59.0,141.84,25.0,115.33,45.0,670.95,37.0,25.230000000000004,104.0,62.0,5.453955445362332,116.61,141.84,166,42.0,-29.0,0.25
07:32:46,118.78,36.0,214.64,22.0,115.94,103.0,670.0,55.0,95.85999999999999,139.0,77.0,21.509466520581032,118.78,214.64,216,62.0,50.0,0.29
07:32:47,118.0,32.0,356.41,29.0,116.0,100.0,478.88,41.0,238.41000000000003,132.0,70.0,51.05725139488017,118.0,356.41,202,62.0,-14.0,0.31
07:32:50,118.0,33.0,408.73,30.0,116.0,33.0,431.19,27.0,290.73,66.0,57.0,50.08023043077961,118.0,408.7300000000001,123,9.0,12.0,0.07
07:32:51,118.0,34.0,307.89,36.0,116.0,36.0,382.79,38.0,189.89,70.0,74.0,32.42623737037623,118.0,307.89,144,-4.0,21.0,-0.03
07:32:52,118.0,10.0,153.0,20.0,116.0,30.0,214.6,20.0,35.0,40.0,40.0,64.42329664026815,118.0,153.0,80,0.0,-64.0,0.0
07:32:53,118.0,14.0,150.9,39.0,116.0,42.0,157.05,37.0,32.900000000000006,56.0,76.0,72.04038554866283,118.0,150.9,132,-20.0,52.0,-0.15
07:32:54,118.0,10.0,148.6,20.0,116.0,30.0,150.0,40.0,30.599999999999994,40.0,60.0,59.556662683531805,118.0,148.6,100,-20.0,-32.0,-0.2
07:32:55,118.0,9.0,129.12,32.0,116.22,27.0,144.79,29.0,11.120000000000005,36.0,61.0,36.64166753847309,118.0,129.12,97,-25.0,-3.0,-0.26
07:32:56,118.0,9.0,121.65,34.0,116.33,27.0,122.82,44.0,3.6500000000000057,36.0,78.0,7.137526182088182,118.0,121.65,114,-42.0,17.0,-0.37
07:32:57,116.67,18.0,119.1,20.0,115.39,46.0,121.91,44.0,2.4299999999999926,64.0,64.0,7.6579514231937065,116.67,119.1,128,0.0,14.0,0.0
07:32:58,115.42,38.0,116.86,29.0,114.78,54.0,121.95,38.0,1.4399999999999977,92.0,67.0,6.8207770818283455,115.42,116.86,159,25.0,31.0,0.16
07:32:59,115.0,48.0,116.0,33.0,113.25,96.0,181.93,41.0,1.0,144.0,74.0,3.250692233970325,115.0,116.0,218,70.0,59.0,0.32
07:33:00,115.0,14.0,116.0,27.0,113.08,78.0,119.0,36.0,1.0,92.0,63.0,1.8682398132988947,115.0,116.0,155,29.0,-63.0,0.19
07:33:01,115.0,11.0,116.46,26.0,114.0,11.0,119.78,45.0,1.4599999999999937,22.0,71.0,1.0017983829070412,115.0,116.46000000000001,93,-49.0,-62.0,-0.53
07:33:02,113.04,139.0,117.14,35.0,112.09,67.0,118.77,26.0,4.099999999999994,206.0,61.0,0.3834970664753717,113.04,117.13999999999999,267,145.0,167.0,0.54
07:33:03,113.0,168.0,117.0,50.0,112.0,80.0,118.0,14.0,4.0,248.0,64.0,0.3076198953176476,113.0,117.0,312,184.0,45.0,0.59
07:33:04,113.0,109.0,117.0,35.0,112.0,56.0,118.0,35.0,4.0,165.0,70.0,0.3326108837594632,113.0,117.0,235,95.0,-77.0,0.4
07:33:05,113.0,136.0,115.2,15.0,112.0,72.0,116.76,25.0,2.200000000000003,208.0,40.0,0.5808872523952291,113.0,115.2,248,168.0,13.0,0.68
07:33:06,113.0,125.0,114.38,13.0,112.0,72.0,116.92,49.0,1.3799999999999955,197.0,62.0,0.6393981545135347,113.0,114.38000000000001,259,135.0,11.0,0.52
07:33:07,113.0,117.0,114.0,9.0,112.0,72.0,117.0,81.0,1.0,189.0,90.0,0.7112102361435352,113.0,114.0,279,99.0,20.0,0.35
07:33:08,113.52,54.0,117.0,36.0,112.62,42.0,120.0,20.0,3.480000000000004,96.0,56.0,0.7847292526695681,113.52,117.0,152,40.0,-127.0,0.26
07:33:09,114.71,92.0,117.0,63.0,113.0,91.0,120.0,35.0,2.2900000000000063,183.0,98.0,1.026425837552482,114.71,117.0,281,85.0,129.0,0.3
07:33:10,115.07,123.0,117.0,90.0,113.0,143.0,147.83,47.0,1.9300000000000068,266.0,137.0,1.1990287736310872,115.07,117.0,403,129.0,122.0,0.32
07:33:11,116.0,54.0,117.0,18.0,113.0,78.0,425.15,26.0,1.0,132.0,44.0,1.1669618674126396,116.0,117.0,176,88.0,-169.0,0.5
07:33:12,116.0,45.0,183.0,13.0,113.0,65.0,460.82,22.0,67.0,110.0,35.0,15.027368365751679,116.0,183.0,145,75.0,-31.0,0.52
07:33:14,116.0,45.0,273.33,24.0,113.0,117.0,376.08,37.0,157.32999999999998,162.0,61.0,65.94950621498229,116.0,273.33,223,101.0,46.0,0.45
07:33:15,118.8,20.0,318.0,36.0,113.64,33.0,417.18,28.0,199.2,53.0,64.0,60.71954751148913,118.8,318.0,117,-11.0,-106.0,-0.09
07:33:18,118.44,18.0,191.79,47.0,115.57,83.0,261.32,44.0,73.35,101.0,91.0,33.32734507877861,118.44,191.79,192,10.0,43.0,0.05
07:33:19,116.0,10.0,197.0,20.0,115.0,110.0,571.5,30.0,81.0,120.0,50.0,31.651428403785996,116.0,197.0,170,70.0,-22.0,0.41
07:33:20,116.0,10.0,174.82,22.0,115.0,110.0,374.21,24.0,58.81999999999999,120.0,46.0,12.539761959462908,116.0,174.82,166,74.0,-4.0,0.45
07:33:21,115.04,83.0,116.78,23.0,114.61,41.0,152.69,39.0,1.7399999999999949,124.0,62.0,19.43072129386847,115.03999999999999,116.78,186,62.0,20.0,0.33
07:33:22,115.0,59.0,116.8,15.0,113.0,7.0,150.58,19.0,1.7999999999999972,66.0,34.0,20.410545558607566,115.0,116.8,100,32.0,-86.0,0.32
07:33:23,115.0,93.0,116.5,36.0,113.0,12.0,129.0,24.0,1.5,105.0,60.0,19.621815155586297,115.0,116.5,165,45.0,65.0,0.27
07:33:24,115.0,32.0,117.57,21.0,113.0,7.0,212.14,7.0,2.569999999999993,39.0,28.0,13.170832168090117,115.0,117.57,67,11.0,-98.0,0.16
07:33:25,115.0,22.0,118.0,33.0,113.86,35.0,178.6,43.0,3.0,57.0,76.0,0.31232995373217426,115.0,118.0,133,-19.0,66.0,-0.14
07:33:26,115.0,22.0,117.13,69.0,113.0,11.0,139.54,39.0,2.1299999999999955,33.0,108.0,0.29978325503326003,115.0,117.13,141,-75.0,8.0,-0.53
07:33:27,114.2,10.0,117.0,70.0,111.62,13.0,130.2,25.0,2.799999999999997,23.0,95.0,0.37171225430209776,114.2,117.0,118,-72.0,-23.0,-0.61
07:33:28,114.41,17.0,116.11,95.0,112.55,11.0,117.64,28.0,1.7000000000000028,28.0,123.0,0.5076711534038144,114.41,116.11000000000001,151,-95.0,33.0,-0.63
07:33:29,113.14,29.0,127.96,71.0,112.32,19.0,123.8,35.0,14.819999999999993,48.0,106.0,2.1504022879447984,113.14,127.96,154,-58.0,3.0,-0.38
07:33:30,114.0,24.0,283.7,37.0,112.74,31.0,426.97,31.0,169.7,55.0,68.0,36.72520837245169,114.0,283.7,123,-13.0,-31.0,-0.11
07:33:31,114.85,40.0,229.88,16.0,110.29,34.0,263.15,27.0,115.03,74.0,43.0,38.71010630313477,114.85,229.88,117,31.0,-6.0,0.26
07:33:32,111.0,15.0,223.2,10.0,107.0,5.0,225.0,5.0,112.19999999999999,20.0,15.0,35.834750313068916,111.0,223.2,35,5.0,-82.0,0.14
07:33:33,111.93,87.0,194.17,18.0,110.72,29.0,220.11,19.0,82.23999999999998,116.0,37.0,28.673757514493833,111.92999999999999,194.17,153,79.0,118.0,0.52
07:33:34,112.21,42.0,130.25,20.0,111.42,36.0,340.94,16.0,18.040000000000006,78.0,36.0,28.4262901202389,112.21,130.25,114,42.0,-39.0,0.37
07:33:35,116.25,40.0,171.48,27.0,115.03,35.0,246.12,43.0,55.22999999999999,75.0,70.0,20.343238925991955,116.25,171.48,145,5.0,31.0,0.03
07:33:36,116.86,21.0,169.4,50.0,115.69,48.0,260.32,22.0,52.540000000000006,69.0,72.0,16.738535778257177,116.86,169.4,141,-3.0,-4.0,-0.02
07:33:37,116.0,36.0,158.26,57.0,111.0,36.0,240.17,24.0,42.25999999999999,72.0,81.0,11.780497442807638,116.0,158.26,153,-9.0,12.0,-0.06
07:33:38,116.0,21.0,169.0,35.0,111.0,21.0,436.5,10.0,53.0,42.0,45.0,9.514432195354473,116.0,169.0,87,-3.0,-66.0,-0.03
07:33:39,116.0,24.0,167.38,40.0,111.0,24.0,494.0,8.0,51.379999999999995,48.0,48.0,2.658586090386556,116.0,167.38,96,0.0,9.0,0.0
07:33:40,114.65,31.0,165.85,65.0,110.89,37.0,234.27,15.0,51.19999999999999,68.0,80.0,2.386650372383239,114.65,165.85,148,-12.0,52.0,-0.08
07:33:41,111.71,21.0,163.87,75.0,110.66,35.0,324.82,22.0,52.16000000000001,56.0,97.0,2.356251259946059,111.71,163.87,153,-41.0,5.0,-0.27
07:33:42,111.78,18.0,161.36,55.0,108.12,34.0,352.0,22.0,49.58000000000001,52.0,77.0,2.526341227941594,111.78,161.36,129,-25.0,-24.0,-0.19
07:33:43,111.0,24.0,159.33,60.0,107.0,48.0,342.79,19.0,48.33000000000001,72.0,79.0,2.6619691959145455,111.0,159.33,151,-7.0,22.0,-0.05
07:33:44,112.72,25.0,157.0,50.0,109.87,30.0,317.0,10.0,44.28,55.0,60.0,2.195112753367892,112.72,157.0,115,-5.0,-36.0,-0.04
07:33:45,118.89,9.0,137.76,41.0,115.22,9.0,229.77,13.0,18.86999999999999,18.0,54.0,3.669846045817074,118.89,137.76,72,-36.0,-43.0,-0.5
07:33:50,118.94,17.0,123.81,84.0,115.45,53.0,125.25,79.0,4.8700000000000045,70.0,163.0,1.3651446809784316,118.94,123.81000000000002,233,-93.0,77.0,-0.4
07:33:51,115.26,68.0,119.0,60.0,114.67,36.0,122.22,54.0,3.739999999999995,104.0,114.0,2.984912059006827,115.26,119.0,218,-10.0,-15.0,-0.05
07:33:52,115.0,349.0,116.71,73.0,113.0,37.0,146.93,58.0,1.7099999999999937,386.0,131.0,3.640826829170143,115.0,116.71,517,255.0,167.0,0.49
07:33:53,115.0,108.0,116.33,48.0,113.0,72.0,190.88,26.0,1.3299999999999983,180.0,74.0,3.5196377654533997,115.0,116.33,254,106.0,-169.0,0.42
07:33:54,113.75,67.0,116.0,48.0,112.46,65.0,199.0,20.0,2.25,132.0,68.0,2.588681131388445,113.75,116.0,200,64.0,-54.0,0.32
07:33:55,113.0,37.0,115.83,48.0,112.0,60.0,293.19,27.0,2.8299999999999983,97.0,75.0,1.0414173034894185,113.0,115.83,172,22.0,-28.0,0.13
07:33:56,113.0,10.0,114.7,40.0,112.0,50.0,180.33,15.0,1.7000000000000028,60.0,55.0,0.8429887306527046,113.0,114.7,115,5.0,-57.0,0.04
07:33:57,113.0,9.0,114.0,34.0,112.0,45.0,119.0,18.0,1.0,54.0,52.0,0.8554940093347588,113.0,114.0,106,2.0,-9.0,0.02
07:33:58,113.0,11.0,114.0,22.0,112.0,55.0,119.0,22.0,1.0,66.0,44.0,0.6024699162679005,113.0,114.0,110,22.0,4.0,0.2
07:33:59,112.47,15.0,114.0,18.0,111.89,36.0,118.57,21.0,1.5300000000000011,51.0,39.0,0.45874829700827535,112.47,114.0,90,12.0,-20.0,0.13
07:34:00,112.0,40.0,114.0,44.0,111.0,20.0,118.0,30.0,2.0,60.0,74.0,0.32020306058517345,112.0,114.0,134,-14.0,44.0,-0.1
07:34:01,110.2,41.0,117.5,48.0,105.32,53.0,118.9,31.0,7.299999999999997,94.0,79.0,0.32020306058517345,110.19999999999999,117.5,173,15.0,39.0,0.09
07:34:02,108.0,24.0,118.0,24.0,91.62,8.0,119.0,16.0,10.0,32.0,40.0,0.3626706494991767,108.0,118.0,72,-8.0,-101.0,-0.11
07:34:03,110.75,61.0,117.18,51.0,100.87,23.0,118.22,36.0,6.430000000000007,84.0,87.0,0.46792093350064534,110.75,117.18,171,-3.0,99.0,-0.02
07:34:04,113.81,93.0,116.27,41.0,107.66,47.0,131.35,51.0,2.4599999999999937,140.0,92.0,0.8433682469763517,113.81,116.27,232,48.0,61.0,0.21
07:34:05,108.0,39.0,115.0,14.0,100.0,14.0,118.0,28.0,7.0,53.0,42.0,1.3191929350963403,108.0,115.0,95,11.0,-137.0,0.12
07:34:06,108.0,89.0,202.31,32.0,100.0,20.0,255.06,34.0,94.31,109.0,66.0,18.7310191927723,108.0,202.31,175,43.0,80.0,0.25
07:34:07,108.0,40.0,173.82,44.0,50.1,10.0,277.21,43.0,65.82,50.0,87.0,19.615344248827288,108.0,173.82,137,-37.0,-38.0,-0.27
07:34:08,108.0,36.0,113.73,41.0,84.0,18.0,135.37,43.0,5.730000000000004,54.0,84.0,20.183409771393983,108.0,113.73,138,-30.0,1.0,-0.22
07:34:09,108.0,13.0,112.6,25.0,84.0,14.0,114.12,32.0,4.599999999999994,27.0,57.0,20.963975529464886,108.0,112.6,84,-30.0,-54.0,-0.36
07:34:17,100.85,78.0,106.81,21.0,79.24,51.0,107.88,34.0,5.960000000000008,129.0,55.0,2.5897818440971023,100.85,106.81000000000002,184,74.0,-5.0,0.4
07:34:18,104.14,42.0,107.0,10.0,102.55,33.0,108.0,15.0,2.8599999999999994,75.0,25.0,2.94288463926369,104.14,107.0,100,50.0,-84.0,0.5
07:34:19,105.0,24.0,107.8,5.0,104.0,36.0,157.5,12.0,2.799999999999997,60.0,17.0,3.154544341107533,105.0,107.8,77,43.0,-23.0,0.56
07:34:20,106.35,60.0,131.92,12.0,104.4,60.0,203.42,36.0,25.569999999999993,120.0,48.0,7.204436133384206,106.35,131.92,168,72.0,91.0,0.43
07:34:21,108.51,35.0,164.0,30.0,106.29,42.0,520.2,15.0,55.489999999999995,77.0,45.0,13.72766440440649,108.51,164.0,122,32.0,-46.0,0.26
07:34:22,109.65,51.0,188.0,29.0,107.89,54.0,623.59,29.0,78.35,105.0,58.0,18.951011318660683,109.65,188.0,163,47.0,41.0,0.29
07:34:23,114.6,20.0,285.04,25.0,112.17,36.0,676.11,36.0,170.44000000000003,56.0,61.0,36.100458168837655,114.6,285.04,117,-5.0,-46.0,-0.04
07:34:30,118.24,17.0,326.12,26.0,116.46,13.0,575.6,10.0,207.88,30.0,36.0,33.925699992777865,118.24,326.12,66,-6.0,-54.0,-0.09
07:34:31,118.0,21.0,238.26,31.0,116.0,14.0,483.19,21.0,120.25999999999999,35.0,52.0,27.45563475864242,118.0,238.26,87,-17.0,21.0,-0.2
07:34:32,118.0,21.0,348.45,29.0,116.0,14.0,463.37,27.0,230.45,35.0,56.0,24.65818160367821,118.0,348.45,91,-21.0,4.0,-0.23
07:34:33,118.0,24.0,299.21,28.0,116.0,16.0,349.67,24.0,181.20999999999998,40.0,52.0,23.56669408296321,118.0,299.21,92,-12.0,1.0,-0.13
07:34:34,117.64,11.0,151.0,4.0,115.67,9.0,504.33,18.0,33.36,20.0,22.0,39.84653648687645,117.64,151.0,42,-2.0,-50.0,-0.05
07:34:35,115.19,31.0,126.0,36.0,113.4,45.0,492.44,34.0,10.810000000000002,76.0,70.0,47.810085023977756,115.19,126.0,146,6.0,104.0,0.04
07:34:36,115.97,31.0,342.29,35.0,114.2,10.0,482.24,25.0,226.32000000000002,41.0,60.0,53.72551749401749,115.97,342.29,101,-19.0,-45.0,-0.19
07:34:37,116.0,30.0,367.0,18.0,115.0,6.0,463.09,22.0,251.0,36.0,40.0,55.669067443239776,116.0,367.0,76,-4.0,-25.0,-0.05
07:34:38,116.0,25.0,171.0,5.0,114.0,8.0,310.21,19.0,55.0,33.0,24.0,56.9027653106594,116.0,171.0,57,9.0,-19.0,0.16
07:34:39,116.0,38.0,170.0,9.0,114.09,44.0,285.13,23.0,54.0,82.0,32.0,55.51222009611921,116.0,170.0,114,50.0,57.0,0.44
07:34:40,118.0,108.0,151.85,26.0,116.0,48.0,281.22,27.0,33.849999999999994,156.0,53.0,52.241800313541845,118.0,151.85,209,103.0,95.0,0.49
07:34:41,118.0,98.0,144.8,15.0,116.0,48.0,146.0,21.0,26.80000000000001,146.0,36.0,46.48659462683824,118.0,144.8,182,110.0,-27.0,0.6
07:34:42,118.0,60.0,139.65,23.0,116.0,60.0,141.78,23.0,21.650000000000006,120.0,46.0,6.679086763921613,118.0,139.65,166,74.0,-16.0,0.45
07:34:43,118.0,52.0,133.72,18.0,115.41,41.0,134.85,26.0,15.719999999999999,93.0,44.0,6.603387009709036,118.0,133.72,137,49.0,-29.0,0.36
07:34:44,116.73,22.0,130.57,21.0,115.01,146.0,132.56,27.0,13.83999999999999,168.0,48.0,4.4523667863278416,116.73,130.57,216,120.0,79.0,0.56
07:34:45,115.02,48.0,128.37,19.0,113.12,96.0,131.56,18.0,13.350000000000009,144.0,37.0,3.901221603548851,115.02,128.37,181,107.0,-35.0,0.59
07:34:46,114.52,75.0,125.34,38.0,112.95,132.0,126.85,39.0,10.820000000000007,207.0,77.0,3.4932678110899342,114.52,125.34,284,130.0,103.0,0.46
07:34:47,115.0,18.0,123.77,39.0,113.0,81.0,124.55,33.0,8.769999999999996,99.0,72.0,2.6840026080459993,115.0,123.77,171,27.0,-113.0,0.16
07:34:48,115.0,16.0,120.34,32.0,113.0,72.0,121.61,23.0,5.340000000000003,88.0,55.0,2.2869368159173775,115.0,120.34,143,33.0,-28.0,0.23
07:34:49,115.0,12.0,119.5,30.0,113.0,54.0,120.38,24.0,4.5,66.0,54.0,1.7963518586286906,115.0,119.5,120,12.0,-23.0,0.1
07:34:50,114.03,39.0,117.23,53.0,112.91,99.0,118.74,47.0,3.200000000000003,138.0,100.0,1.7258099547746217,114.03,117.23,238,38.0,118.0,0.16
07:34:51,113.0,42.0,114.5,28.0,112.0,33.0,115.81,43.0,1.5,75.0,71.0,2.136979176313984,113.0,114.5,146,4.0,-92.0,0.03
07:34:52,111.8,15.0,113.24,17.0,108.75,16.0,115.05,19.0,1.4399999999999977,31.0,36.0,2.2157797724503334,111.8,113.24,67,-5.0,-79.0,-0.07
07:34:53,108.18,34.0,114.4,15.0,63.38,64.0,259.09,22.0,6.219999999999999,98.0,37.0,2.3862983887184908,108.18,114.4,135,61.0,68.0,0.45
07:34:54,108.0,40.0,114.7,10.0,61.37,92.0,180.0,11.0,6.700000000000003,132.0,21.0,1.824423196520168,108.0,114.7,153,111.0,18.0,0.73
07:34:55,103.39,28.0,113.0,9.0,65.83,72.0,114.11,9.0,9.61,100.0,18.0,2.063315293405578,103.39,113.0,118,82.0,-35.0,0.69
07:34:56,107.0,24.0,149.0,9.0,96.88,24.0,229.67,12.0,42.0,48.0,21.0,7.839436842018718,107.0,149.0,69,27.0,-49.0,0.39
07:34:57,114.0,10.0,264.47,19.0,105.5,24.0,406.03,37.0,150.47000000000003,34.0,56.0,34.22633094563301,114.0,264.47,90,-22.0,21.0,-0.24
07:34:59,117.0,41.0,407.55,38.0,109.0,156.0,468.49,43.0,290.55,197.0,81.0,84.81439689109376,117.0,407.55,278,116.0,51.0,0.42
07:35:00,117.0,65.0,168.0,26.0,111.12,64.0,256.21,28.0,51.0,129.0,54.0,76.66101173347488,117.0,168.0,183,75.0,-95.0,0.41
07:35:01,117.0,75.0,137.93,30.0,113.0,103.0,173.93,30.0,20.930000000000007,178.0,60.0,76.79529360579315,117.0,137.93,238,118.0,55.0,0.5
07:35:02,117.0,50.0,123.43,21.0,115.0,80.0,170.57,21.0,6.430000000000007,130.0,42.0,86.07994731643356,117.0,123.43,172,88.0,-66.0,0.51
07:35:03,117.0,55.0,122.0,33.0,115.0,88.0,123.0,22.0,5.0,143.0,55.0,61.01617629776541,117.0,122.0,198,88.0,26.0,0.44
07:35:04,117.0,50.0,121.86,28.0,115.57,74.0,169.72,29.0,4.859999999999999,124.0,57.0,9.91452822881663,117.0,121.86,181,67.0,-17.0,0.37
07:35:05,117.0,14.0,121.9,30.0,116.0,70.0,349.43,44.0,4.900000000000006,84.0,74.0,3.513462679466435,117.0,121.9,158,10.0,-23.0,0.06
07:35:06,116.48,29.0,120.12,50.0,115.67,146.0,290.92,65.0,3.6400000000000006,175.0,115.0,0.6850328459308552,116.48,120.12,290,60.0,132.0,0.21
07:35:07,115.04,133.0,119.82,22.0,113.42,76.0,388.73,55.0,4.779999999999987,209.0,77.0,0.9265365616122917,115.04,119.82,286,132.0,-4.0,0.46
07:35:08,115.0,64.0,117.25,16.0,113.0,48.0,337.5,40.0,2.25,112.0,56.0,1.4133400157090867,115.0,117.25,168,56.0,-118.0,0.33
07:35:09,115.0,40.0,116.0,10.0,113.0,30.0,306.2,25.0,1.0,70.0,35.0,1.6010777620105876,115.0,116.0,105,35.0,-63.0,0.33
07:35:10,115.21,58.0,424.4,50.0,113.2,60.0,565.18,38.0,309.19,118.0,88.0,68.41566852702672,115.21,424.4,206,30.0,101.0,0.15
07:35:12,118.0,21.0,365.92,25.0,115.0,42.0,548.79,29.0,247.92000000000002,63.0,54.0,90.40047721112965,118.0,365.92,117,9.0,4.0,0.08
07:35:13,118.0,33.0,212.87,46.0,115.0,70.0,388.37,43.0,94.87,103.0,89.0,79.48983626854422,118.0,212.87,192,14.0,75.0,0.07
07:35:14,118.0,15.0,263.6,25.0,115.0,35.0,427.95,20.0,145.60000000000002,50.0,45.0,59.032142685150454,118.0,263.6,95,5.0,-97.0,0.05
07:35:15,118.0,62.0,193.29,48.0,115.0,70.0,312.2,50.0,75.28999999999999,132.0,98.0,64.48825838863979,118.0,193.29,230,34.0,135.0,0.15
07:35:16,118.0,72.0,309.09,46.0,115.0,70.0,467.6,50.0,191.08999999999997,142.0,96.0,35.27679024514528,118.0,309.09,238,46.0,8.0,0.19
07:35:17,118.0,39.0,286.59,68.0,116.88,115.0,434.11,72.0,168.58999999999997,154.0,140.0,24.44409069693491,118.0,286.59,294,14.0,56.0,0.05
07:35:18,118.0,33.0,156.0,55.0,117.0,99.0,318.18,33.0,38.0,132.0,88.0,32.32736658003528,118.0,156.0,220,44.0,-74.0,0.2
07:35:19,118.0,30.0,153.52,44.0,117.0,90.0,155.3,46.0,35.52000000000001,120.0,90.0,36.73908096291993,118.0,153.52,210,30.0,-10.0,0.14
07:35:20,118.0,50.0,150.32,63.0,117.0,126.0,152.33,63.0,32.31999999999999,176.0,126.0,39.79870098382593,118.0,150.32,302,50.0,92.0,0.17
07:35:21,117.06,106.0,146.57,94.0,115.71,152.0,148.57,106.0,29.50999999999999,258.0,200.0,30.295822814374798,117.06,146.57,458,58.0,156.0,0.13
07:35:22,117.93,211.0,142.34,76.0,115.3,132.0,144.17,77.0,24.409999999999997,343.0,153.0,2.8073261299673993,117.93000000000002,142.34,496,190.0,38.0,0.38
07:35:23,118.0,108.0,137.82,56.0,116.09,88.0,139.54,52.0,19.819999999999993,196.0,108.0,3.1230786093209804,118.0,137.82,304,88.0,-169.0,0.29
07:35:24,118.0,165.0,135.65,31.0,117.0,90.0,136.45,71.0,17.650000000000006,255.0,102.0,2.9569240774830154,118.0,135.65,357,153.0,53.0,0.43
07:35:25,118.17,120.0,133.25,60.0,117.48,115.0,133.61,28.0,15.079999999999998,235.0,88.0,2.4831733729240955,118.17,133.25,323,147.0,-34.0,0.46
07:35:28,118.35,80.0,121.93,41.0,117.68,113.0,123.5,38.0,3.5800000000000125,193.0,79.0,2.641300815886071,118.35,121.93,272,114.0,-41.0,0.42
07:35:29,118.0,46.0,119.07,29.0,117.0,66.0,120.95,38.0,1.0699999999999932,112.0,67.0,2.9790736815327112,118.0,119.07,179,45.0,-93.0,0.25
07:35:30,117.0,60.0,119.54,13.0,116.0,20.0,417.15,46.0,2.5400000000000063,80.0,59.0,2.6972726966328895,117.0,119.53999999999999,139,21.0,-40.0,0.15
07:35:31,117.0,53.0,140.09,11.0,116.0,18.0,296.83,30.0,23.090000000000003,71.0,41.0,4.242815103206959,117.0,140.09,112,30.0,-27.0,0.27
07:35:32,116.33,30.0,218.93,30.0,115.03,144.0,319.24,29.0,102.60000000000001,174.0,59.0,21.110103742047276,116.33,218.93,233,115.0,121.0,0.49
07:35:33,115.43,46.0,232.76,29.0,114.91,132.0,292.11,19.0,117.32999999999998,178.0,48.0,27.296785158695798,115.43000000000002,232.76,226,130.0,-7.0,0.58
07:35:34,117.57,28.0,219.0,24.0,115.09,88.0,242.5,12.0,101.43,116.0,36.0,25.902168249009435,117.57000000000001,219.0,152,80.0,-74.0,0.53
07:35:35,116.05,129.0,244.08,13.0,114.64,78.0,417.67,18.0,128.03000000000003,207.0,31.0,20.29680836979029,116.05,244.07999999999998,238,176.0,86.0,0.74
07:35:36,115.21,78.0,176.7,20.0,114.58,71.0,227.65,17.0,61.489999999999995,149.0,37.0,12.902760557337668,115.21,176.7,186,112.0,-52.0,0.6
07:35:37,115.0,91.0,130.6,10.0,113.0,21.0,132.6,15.0,15.599999999999994,112.0,25.0,23.64155345995672,115.0,130.6,137,87.0,-49.0,0.64
07:35:38,115.0,52.0,129.25,8.0,113.0,12.0,131.0,4.0,14.25,64.0,12.0,26.212701692118547,115.0,129.25,76,52.0,-61.0,0.68
07:35:39,115.0,130.0,126.7,20.0,113.0,30.0,131.0,10.0,11.700000000000003,160.0,30.0,25.53893752684315,115.0,126.7,190,130.0,114.0,0.68
07:35:40,115.0,110.0,125.09,22.0,112.87,30.0,131.0,11.0,10.090000000000003,140.0,33.0,11.00676292104088,115.0,125.09,173,107.0,-17.0,0.62
07:35:41,115.0,122.0,121.26,23.0,112.0,60.0,123.82,22.0,6.260000000000005,182.0,45.0,1.832743844622605,115.0,121.26,227,137.0,54.0,0.6
07:35:42,115.91,66.0,204.96,27.0,113.0,42.0,348.5,24.0,89.05000000000001,108.0,51.0,18.01502345266306,115.91,204.96,159,57.0,-68.0,0.36
07:35:45,116.4,25.0,377.87,31.0,114.41,29.0,455.25,12.0,261.47,54.0,43.0,47.621507955964475,116.4,377.87,97,11.0,-1.0,0.11
07:35:46,115.0,40.0,180.81,21.0,112.0,50.0,244.31,26.0,65.81,90.0,47.0,38.899081223082725,115.0,180.81,137,43.0,40.0,0.31
07:35:47,115.0,7.0,156.29,7.0,112.0,33.0,159.0,28.0,41.28999999999999,40.0,35.0,44.29075885554444,115.0,156.29,75,5.0,-62.0,0.07
07:35:48,115.0,23.0,153.67,15.0,112.06,34.0,154.73,30.0,38.66999999999999,57.0,45.0,49.20703506613653,115.0,153.67,102,12.0,27.0,0.12
07:35:49,115.0,36.0,150.57,37.0,113.0,24.0,153.15,27.0,35.56999999999999,60.0,64.0,49.32570242784175,115.0,150.57,124,-4.0,22.0,-0.03
07:35:50,114.68,25.0,150.07,14.0,112.37,38.0,151.05,41.0,35.389999999999986,63.0,55.0,6.445252516387436,114.68,150.07,118,8.0,-6.0,0.07
07:35:51,113.0,8.0,148.88,8.0,112.0,38.0,151.0,32.0,35.879999999999995,46.0,40.0,1.815621105847569,113.0,148.88,86,6.0,-32.0,0.07
07:35:52,113.0,11.0,146.13,23.0,112.0,44.0,147.5,32.0,33.129999999999995,55.0,55.0,1.8172919413235045,113.0,146.13,110,0.0,24.0,0.0
07:35:53,113.0,9.0,143.61,18.0,112.0,27.0,145.24,33.0,30.610000000000014,36.0,51.0,1.8807790938862283,113.0,143.61,87,-15.0,-23.0,-0.17
07:35:54,114.0,28.0,139.98,48.0,111.93,44.0,141.58,57.0,25.97999999999999,72.0,105.0,2.120959688442868,114.0,139.98,177,-33.0,90.0,-0.19
07:35:55,114.16,25.0,135.8,40.0,111.86,28.0,138.0,30.0,21.640000000000015,53.0,70.0,2.3032737570683817,114.16,135.8,123,-17.0,-54.0,-0.14
07:35:56,112.0,32.0,133.18,22.0,111.0,8.0,134.58,24.0,21.180000000000007,40.0,46.0,2.7630997086605826,112.0,133.18,86,-6.0,-37.0,-0.07
07:35:57,112.0,28.0,131.42,36.0,111.0,10.0,132.27,22.0,19.419999999999987,38.0,58.0,2.8068452041394254,112.0,131.42,96,-20.0,10.0,-0.21
07:35:58,111.0,10.0,128.91,22.0,108.0,90.0,130.56,27.0,17.909999999999997,100.0,49.0,2.7693645480508273,111.0,128.91,149,51.0,53.0,0.34
07:35:59,108.74,73.0,124.0,24.0,80.36,11.0,125.73,26.0,15.260000000000005,84.0,50.0,3.2148094811358803,108.74,124.0,134,34.0,-15.0,0.25
07:36:00,113.42,33.0,119.62,26.0,103.77,70.0,122.45,22.0,6.200000000000003,103.0,48.0,2.8847044909316875,113.42,119.61999999999999,151,55.0,17.0,0.36
07:36:01,111.53,19.0,117.73,22.0,110.09,44.0,209.5,20.0,6.200000000000003,63.0,42.0,2.8998413749723837,111.53000000000002,117.73,105,21.0,-46.0,0.2
07:36:02,116.0,12.0,414.05,19.0,113.0,18.0,621.67,9.0,298.05,30.0,28.0,66.28834286660057,116.0,414.05,58,2.0,-47.0,0.03
07:36:03,116.0,16.0,182.5,30.0,113.0,27.0,479.0,24.0,66.5,43.0,54.0,64.62882406480868,116.0,182.5,97,-11.0,39.0,-0.11
07:36:04,116.0,25.0,181.8,50.0,113.0,30.0,183.0,30.0,65.80000000000001,55.0,80.0,61.66966620632865,116.0,181.8,135,-25.0,38.0,-0.19
07:36:05,115.32,37.0,180.54,65.0,112.43,90.0,321.62,39.0,65.22,127.0,104.0,57.75310744886367,115.32000000000001,180.54,231,23.0,96.0,0.1
07:36:06,112.43,35.0,144.0,22.0,111.98,102.0,321.38,24.0,31.569999999999993,137.0,46.0,55.03896328965501,112.43,144.0,183,91.0,-48.0,0.5
07:36:07,112.0,56.0,113.0,12.0,111.0,12.0,114.0,18.0,1.0,68.0,30.0,16.49250344853678,112.0,113.0,98,38.0,-85.0,0.39
07:36:08,110.08,50.0,113.6,25.0,81.19,21.0,122.0,20.0,3.519999999999996,71.0,45.0,18.1511550596649,110.08,113.6,116,26.0,18.0,0.22
07:36:09,109.19,36.0,242.0,10.0,91.97,31.0,315.91,22.0,132.81,67.0,32.0,26.944625252543364,109.19,242.0,99,35.0,-17.0,0.35
07:36:10,109.34,53.0,319.56,27.0,105.0,94.0,390.16,25.0,210.22,147.0,52.0,45.09836526970789,109.34,319.56,199,95.0,100.0,0.48
07:36:11,117.0,122.0,318.0,27.0,109.0,45.0,462.0,9.0,201.0,167.0,36.0,52.169564115487795,117.0,318.0,203,131.0,4.0,0.65
07:36:12,118.86,58.0,338.17,12.0,116.18,50.0,482.25,12.0,219.31,108.0,24.0,47.834444179900196,118.86,338.17,132,84.0,-71.0,0.64
07:36:22,118.8,20.0,120.87,63.0,115.54,13.0,121.95,64.0,2.0700000000000074,33.0,127.0,9.22309872006173,118.8,120.87,160,-94.0,-11.0,-0.59
07:36:23,114.0,14.0,117.06,68.0,112.71,14.0,118.01,68.0,3.0600000000000023,28.0,136.0,3.2924109707029885,114.0,117.06,164,-108.0,4.0,-0.66
07:36:24,110.94,31.0,114.37,35.0,108.82,11.0,115.44,48.0,3.430000000000007,42.0,83.0,4.575079234287182,110.94,114.37,125,-41.0,-39.0,-0.33
07:36:25,111.48,27.0,114.46,71.0,107.6,15.0,221.44,43.0,2.9799999999999898,42.0,114.0,4.352185657805306,111.48,114.46,156,-72.0,31.0,-0.46
07:36:26,112.77,26.0,114.42,36.0,109.67,12.0,133.38,52.0,1.6500000000000057,38.0,88.0,2.970804604817789,112.77,114.42,126,-50.0,-30.0,-0.4
07:36:27,110.0,10.0,113.14,14.0,85.23,13.0,242.65,17.0,3.1400000000000006,23.0,31.0,1.464076500735845,110.0,113.14,54,-8.0,-72.0,-0.15
07:36:28,110.0,7.0,112.71,7.0,81.14,14.0,144.0,14.0,2.7099999999999937,21.0,21.0,0.944732766451494,110.0,112.71,42,0.0,-12.0,0.0
07:36:29,109.38,8.0,111.75,8.0,91.36,11.0,153.23,26.0,2.3700000000000045,19.0,34.0,1.2386080897552596,109.38,111.75,53,-15.0,11.0,-0.28
07:36:30,86.33,30.0,140.82,22.0,80.67,15.0,320.1,40.0,54.489999999999995,45.0,62.0,1.3789017368932237,86.33,140.82,107,-17.0,54.0,-0.16
07:36:31,100.94,33.0,251.4,40.0,89.79,24.0,593.7,40.0,150.46,57.0,80.0,28.82314122367658,100.94,251.4,137,-23.0,30.0,-0.17
07:36:34,118.0,72.0,293.59,39.0,116.0,27.0,378.11,38.0,175.58999999999997,99.0,77.0,80.08480892154257,118.0,293.59,176,22.0,2.0,0.12
07:36:35,118.0,40.0,134.6,20.0,116.0,15.0,136.0,25.0,16.599999999999994,55.0,45.0,76.02275435683703,118.0,134.6,100,10.0,-76.0,0.1
07:36:36,118.0,64.0,131.51,37.0,116.0,30.0,135.22,41.0,13.509999999999991,94.0,78.0,86.3611760573001,118.0,131.51,172,16.0,72.0,0.09
07:36:37,118.0,20.0,128.5,8.0,116.0,15.0,129.06,17.0,10.5,35.0,25.0,76.62454260874898,118.0,128.5,60,10.0,-112.0,0.17
07:36:38,118.0,36.0,125.67,24.0,116.0,27.0,127.62,21.0,7.670000000000002,63.0,45.0,36.59999357923434,118.0,125.67,108,18.0,48.0,0.17
07:36:39,118.0,36.0,123.63,19.0,116.0,27.0,124.71,24.0,5.6299999999999955,63.0,43.0,2.2024463671103143,118.0,123.63,106,20.0,-2.0,0.19
07:36:40,118.0,44.0,120.0,33.0,116.0,36.0,121.07,27.0,2.0,80.0,60.0,2.212367510156847,118.0,120.0,140,20.0,34.0,0.14
07:36:41,117.71,14.0,119.0,44.0,115.54,35.0,192.09,11.0,1.2900000000000063,49.0,55.0,2.0092212421726323,117.71,119.0,104,-6.0,-36.0,-0.06
07:36:42,116.0,47.0,121.34,47.0,113.92,52.0,285.41,22.0,5.340000000000003,99.0,69.0,1.510903703085619,116.0,121.34,168,30.0,64.0,0.18
07:36:43,116.0,16.0,260.3,20.0,113.0,16.0,358.21,14.0,144.3,32.0,34.0,30.844583803319445,116.0,260.3,66,-2.0,-102.0,-0.03
07:36:44,116.0,16.0,351.0,8.0,113.0,16.0,406.11,19.0,235.0,32.0,27.0,52.95775325672335,116.0,351.0,59,5.0,-7.0,0.08
07:36:45,113.86,14.0,240.18,11.0,112.21,19.0,305.79,14.0,126.32000000000001,33.0,25.0,49.171926441822386,113.86,240.18,58,8.0,-1.0,0.14
07:36:46,112.79,33.0,150.67,39.0,110.28,150.0,157.61,61.0,37.87999999999998,183.0,100.0,46.12521468784716,112.79,150.67,283,83.0,167.0,0.29
07:36:47,113.12,32.0,148.23,30.0,112.0,18.0,149.39,31.0,35.109999999999985,50.0,61.0,43.00306651856343,113.12,148.23,111,-11.0,-169.0,-0.1
07:36:48,115.65,46.0,143.09,43.0,110.16,188.0,144.95,42.0,27.439999999999998,234.0,85.0,45.519019651130385,115.65,143.09,319,149.0,167.0,0.47
07:36:49,118.0,59.0,141.0,33.0,115.0,22.0,143.0,22.0,23.0,81.0,55.0,20.906964150732133,118.0,141.0,136,26.0,-169.0,0.19
07:36:50,118.0,45.0,139.43,21.0,115.78,18.0,140.75,24.0,21.430000000000007,63.0,45.0,1.2006539884581324,118.0,139.43,108,18.0,-28.0,0.17
07:36:51,118.0,60.0,139.0,24.0,116.0,24.0,140.0,36.0,21.0,84.0,60.0,0.8549678356526448,118.0,139.0,144,24.0,36.0,0.17
07:36:52,118.0,50.0,137.4,20.0,116.0,20.0,139.6,40.0,19.400000000000006,70.0,60.0,0.7268631232912309,118.0,137.4,130,10.0,-14.0,0.08
07:36:53,118.0,65.0,132.49,37.0,116.0,26.0,133.71,28.0,14.490000000000009,91.0,65.0,1.6345641620936324,118.0,132.49,156,26.0,26.0,0.17
07:36:54,118.0,51.0,130.2,30.0,116.0,22.0,131.16,25.0,12.199999999999989,73.0,55.0,2.065139220488797,118.0,130.2,128,18.0,-28.0,0.14
07:36:55,118.0,10.0,128.5,24.0,116.0,20.0,129.31,26.0,10.5,30.0,50.0,2.269211316735683,118.0,128.5,80,-20.0,-48.0,-0.25
07:36:56,118.06,33.0,128.0,22.0,116.33,24.0,129.0,33.0,9.939999999999998,57.0,55.0,1.9063394241324176,118.06,128.0,112,2.0,32.0,0.02
07:36:57,118.0,39.0,125.14,28.0,116.0,26.0,126.35,31.0,7.140000000000001,65.0,59.0,1.3580022091299389,118.0,125.14,124,6.0,12.0,0.05
07:36:58,117.75,36.0,121.4,25.0,115.44,27.0,123.06,35.0,3.6500000000000057,63.0,60.0,1.7752830760197222,117.75,121.4,123,3.0,-1.0,0.02
07:36:59,115.0,43.0,119.0,32.0,113.0,75.0,120.47,36.0,4.0,118.0,68.0,2.6201011430863392,115.0,119.0,186,50.0,63.0,0.27
07:37:00,115.0,11.0,117.33,18.0,113.0,55.0,130.69,29.0,2.3299999999999983,66.0,47.0,2.919186530525692,115.0,117.33,113,19.0,-73.0,0.17
07:37:01,115.0,10.0,117.0,10.0,113.0,50.0,118.0,30.0,2.0,60.0,40.0,2.4274328003063044,115.0,117.0,100,20.0,-13.0,0.2
07:37:02,113.61,33.0,117.92,39.0,112.58,105.0,144.4,45.0,4.310000000000002,138.0,84.0,1.5680306119470848,113.61,117.92,222,54.0,122.0,0.24
07:37:03,113.1,51.0,116.39,41.0,112.17,145.0,316.36,42.0,3.2900000000000063,196.0,83.0,0.8142972430282178,113.1,116.39,279,113.0,57.0,0.41
07:37:04,112.0,108.0,288.83,35.0,111.0,48.0,395.0,36.0,176.82999999999998,156.0,71.0,37.902061025754264,112.0,288.83,227,85.0,-52.0,0.37
07:37:05,112.0,85.0,348.89,27.0,111.0,36.0,516.52,23.0,236.89,121.0,50.0,55.7534806088373,112.0,348.88999999999993,171,71.0,-56.0,0.42
07:37:06,112.0,72.0,209.4,20.0,111.0,32.0,395.25,20.0,97.4,104.0,40.0,51.243673755889084,112.0,209.4,144,64.0,-27.0,0.44
07:37:07,112.04,47.0,405.0,16.0,111.31,29.0,478.0,18.0,292.96,76.0,34.0,56.82746360695673,112.04,405.0,110,42.0,-34.0,0.38
07:37:08,112.22,27.0,391.0,18.0,111.69,39.0,486.0,18.0,278.78,66.0,36.0,40.28544935829794,112.22,391.0,102,30.0,-8.0,0.29
07:37:10,112.0,77.0,354.27,15.0,111.0,44.0,633.91,22.0,242.26999999999998,121.0,37.0,50.726514467288055,112.0,354.2699999999999,158,84.0,128.0,0.53
07:37:11,112.62,24.0,333.43,14.0,111.84,44.0,402.38,21.0,220.81,68.0,35.0,29.33173827102619,112.62,333.43,103,33.0,-55.0,0.32
07:37:12,112.55,44.0,372.0,23.0,111.59,54.0,373.83,35.0,259.45,98.0,58.0,29.475152586542837,112.55,372.0,156,40.0,53.0,0.26
07:37:13,112.0,45.0,268.3,10.0,111.0,36.0,358.42,12.0,156.3,81.0,22.0,39.60903280818637,112.0,268.3,103,59.0,-53.0,0.57
07:37:14,112.39,38.0,221.43,23.0,111.04,46.0,221.87,23.0,109.04,84.0,46.0,31.58667947094135,112.38999999999999,221.43,130,38.0,27.0,0.29
07:37:15,113.36,11.0,122.25,28.0,111.09,35.0,132.58,31.0,8.89,46.0,59.0,48.85789270936673,113.36,122.25,105,-13.0,-25.0,-0.12
07:37:16,112.0,8.0,116.62,24.0,111.0,32.0,120.0,24.0,4.6200000000000045,40.0,48.0,53.373390373855706,112.0,116.62,88,-8.0,-17.0,-0.09
07:37:17,111.16,19.0,208.0,23.0,110.29,42.0,294.62,29.0,96.84,61.0,52.0,32.78494959581293,111.16,208.0,113,9.0,25.0,0.08
07:37:18,118.76,34.0,368.0,18.0,114.86,28.0,404.0,27.0,249.24,62.0,45.0,52.1222818955578,118.76,368.0,107,17.0,-6.0,0.16
07:37:19,118.0,48.0,323.11,28.0,116.0,48.0,491.59,27.0,205.11,96.0,55.0,58.87982702080561,118.0,323.11,151,41.0,44.0,0.27
07:37:20,118.0,30.0,349.64,22.0,116.0,30.0,568.5,16.0,231.64,60.0,38.0,55.37060113453696,118.0,349.64,98,22.0,-53.0,0.22
07:37:21,118.0,51.0,324.59,56.0,116.0,96.0,431.46,52.0,206.58999999999997,147.0,108.0,32.78238444652831,118.0,324.59,255,39.0,157.0,0.15
07:37:22,118.0,36.0,251.96,51.0,116.0,90.0,254.36,33.0,133.96,126.0,84.0,22.151476925929366,118.0,251.96,210,42.0,-45.0,0.2
07:37:23,117.66,47.0,151.68,50.0,115.8,123.0,198.11,36.0,34.02000000000001,170.0,86.0,40.33785157888291,117.66,151.68,256,84.0,46.0,0.33
07:37:24,116.0,88.0,133.44,25.0,112.0,66.0,135.88,52.0,17.439999999999998,154.0,77.0,49.337840751293434,116.0,133.44,231,77.0,-25.0,0.33
07:37:25,116.0,73.0,130.73,59.0,112.0,96.0,131.68,53.0,14.72999999999999,169.0,112.0,43.54632395507108,116.0,130.73,281,57.0,50.0,0.2
07:37:26,116.0,30.0,128.55,22.0,112.0,48.0,130.76,34.0,12.550000000000011,78.0,56.0,26.722323065182852,116.0,128.55,134,22.0,-147.0,0.16
07:37:29,116.71,34.0,123.92,38.0,115.05,44.0,125.57,53.0,7.210000000000008,78.0,91.0,1.4132480320199021,116.71,123.92,169,-13.0,13.0,-0.08
07:37:30,116.0,38.0,119.27,22.0,113.0,24.0,120.25,40.0,3.269999999999996,62.0,62.0,2.5074429205883266,116.0,119.27,124,0.0,-45.0,0.0
07:37:31,116.0,12.0,117.25,24.0,113.0,27.0,129.07,27.0,1.25,39.0,51.0,3.2082892637679827,116.0,117.25,90,-12.0,-34.0,-0.13
07:37:32,115.6,10.0,170.83,29.0,113.5,20.0,291.96,23.0,55.23000000000002,30.0,52.0,10.938722503108288,115.6,170.83,82,-22.0,-8.0,-0.27
07:37:33,115.0,6.0,257.0,18.0,113.0,18.0,260.0,12.0,142.0,24.0,30.0,29.614086681847933,115.0,257.0,54,-6.0,-28.0,-0.11
07:37:34,119.0,69.0,254.25,16.0,115.0,6.0,256.14,14.0,135.25,75.0,30.0,34.801296240226435,119.0,254.25,105,45.0,51.0,0.43
07:37:35,119.0,72.0,251.89,18.0,115.0,8.0,253.36,22.0,132.89,80.0,40.0,32.13851303343068,119.0,251.89,120,40.0,15.0,0.33
07:37:36,118.83,47.0,250.33,15.0,115.0,14.0,252.7,20.0,131.5,61.0,35.0,18.999039449403465,118.83,250.33,96,26.0,-24.0,0.27
07:37:37,115.0,15.0,242.53,34.0,113.0,45.0,248.49,39.0,127.53,60.0,73.0,3.1756889016380314,115.0,242.53,133,-13.0,37.0,-0.1
07:37:38,116.86,43.0,241.0,25.0,114.05,19.0,243.2,15.0,124.14,62.0,40.0,3.7418952417174234,116.85999999999999,241.0,102,22.0,-31.0,0.22
07:37:39,117.62,26.0,239.73,22.0,116.83,35.0,243.0,11.0,122.10999999999999,61.0,33.0,3.4234675403730783,117.61999999999999,239.73,94,28.0,-8.0,0.3
07:37:40,117.0,30.0,237.62,24.0,115.93,58.0,238.8,20.0,120.62,88.0,44.0,2.8306977938290596,117.0,237.62,132,44.0,38.0,0.33
07:37:41,116.0,18.0,235.13,23.0,113.3,27.0,236.47,19.0,119.13,45.0,42.0,1.4280126049826578,116.0,235.13,87,3.0,-45.0,0.03
07:37:42,115.0,13.0,192.3,43.0,113.0,26.0,202.55,29.0,77.30000000000001,39.0,72.0,10.802383070415127,115.0,192.29999999999998,111,-33.0,24.0,-0.3
07:37:43,112.28,86.0,183.13,23.0,111.7,46.0,184.87,31.0,70.85,132.0,54.0,14.711903343891096,112.28,183.13,186,78.0,75.0,0.42
07:37:44,112.45,139.0,180.75,24.0,111.21,63.0,181.87,31.0,68.3,202.0,55.0,15.10873687639032,112.45,180.75,257,147.0,71.0,0.57
07:37:45,119.0,109.0,179.23,39.0,112.0,169.0,181.0,26.0,60.22999999999999,278.0,65.0,12.065010153331789,119.0,179.23,343,213.0,86.0,0.62
07:37:47,118.65,69.0,169.89,18.0,112.21,175.0,171.79,14.0,51.23999999999998,244.0,32.0,1.8282013018272267,118.65,169.89,276,212.0,8.0,0.77
07:37:48,118.0,114.0,166.89,19.0,112.65,37.0,167.35,23.0,48.889999999999986,151.0,42.0,2.7087949350224565,118.0,166.89,193,109.0,-83.0,0.56
07:37:49,118.0,213.0,163.75,16.0,113.0,32.0,166.0,16.0,45.75,245.0,32.0,3.5172674052457116,118.0,163.75,277,213.0,84.0,0.77
07:37:50,118.0,96.0,162.08,13.0,113.6,20.0,163.2,15.0,44.08000000000001,116.0,28.0,3.1350869206458696,118.0,162.07999999999998,144,88.0,-133.0,0.61
07:37:51,118.0,100.0,146.3,20.0,115.0,36.0,140.47,34.0,28.30000000000001,136.0,54.0,4.653629766107998,118.0,146.3,190,82.0,46.0,0.43
07:37:52,118.0,64.0,124.53,17.0,115.0,27.0,124.8,15.0,6.530000000000001,91.0,32.0,8.828291454183454,118.0,124.53000000000002,123,59.0,-67.0,0.48
07:37:53,118.0,34.0,119.0,10.0,115.6,30.0,129.0,22.0,1.0,64.0,32.0,10.37827442304408,118.0,119.0,96,32.0,-27.0,0.33
07:37:54,118.0,21.0,119.0,7.0,115.0,21.0,131.0,21.0,1.0,42.0,28.0,9.616017886839295,118.0,119.0,70,14.0,-26.0,0.2
07:37:55,115.0,39.0,118.22,23.0,113.0,37.0,205.46,65.0,3.219999999999999,76.0,88.0,6.231896180137763,115.0,118.22,164,-12.0,94.0,-0.07
07:37:56,114.0,12.0,117.46,13.0,112.07,84.0,183.62,40.0,3.4599999999999937,96.0,53.0,2.1295891622604577,114.0,117.46000000000001,149,43.0,-15.0,0.29
07:37:57,114.0,48.0,117.08,12.0,113.0,8.0,183.62,40.0,3.0799999999999983,56.0,52.0,1.4485958718765288,114.0,117.08,108,4.0,-41.0,0.04
07:38:01,117.96,27.0,221.0,24.0,114.94,34.0,442.58,60.0,103.04,61.0,84.0,76.96322284052285,117.95999999999998,221.0,145,-23.0,24.0,-0.16
07:38:02,113.0,15.0,221.0,18.0,111.97,65.0,502.67,45.0,108.0,80.0,63.0,64.71876196281859,113.0,221.0,143,17.0,-2.0,0.12
07:38:03,112.68,44.0,220.4,25.0,111.78,36.0,355.14,29.0,107.72,80.0,54.0,37.13439403033242,112.68,220.4,134,26.0,-9.0,0.19
07:38:04,113.0,70.0,218.7,50.0,112.0,70.0,221.0,20.0,105.69999999999999,140.0,70.0,2.1277640846665142,113.0,218.7,210,70.0,76.0,0.33
07:38:05,113.92,84.0,216.73,30.0,112.16,75.0,218.22,54.0,102.80999999999999,159.0,84.0,1.6105651182107692,113.92,216.73,243,75.0,33.0,0.31
07:38:06,114.56,63.0,215.44,18.0,113.0,84.0,218.0,45.0,100.88,147.0,63.0,0.830614230553334,114.56,215.44,210,84.0,-33.0,0.4
07:38:07,116.0,42.0,214.25,16.0,113.0,60.0,216.67,18.0,98.25,102.0,34.0,0.6342554690326934,116.0,214.25,136,68.0,-74.0,0.5
07:38:08,114.93,90.0,213.56,41.0,112.81,148.0,214.46,39.0,98.63,238.0,80.0,0.5795429233440047,114.93,213.56000000000003,318,158.0,167.0,0.5
07:38:09,113.0,72.0,209.75,28.0,112.0,63.0,212.0,20.0,96.75,135.0,48.0,1.6351391378101627,113.0,209.75,183,87.0,-135.0,0.48
07:38:10,113.86,73.0,203.76,29.0,112.3,80.0,205.03,33.0,89.89999999999999,153.0,62.0,2.7476662825021574,113.86000000000001,203.76,215,91.0,32.0,0.42
07:38:11,114.12,64.0,189.61,57.0,112.19,158.0,195.57,49.0,75.49000000000001,222.0,106.0,5.321778837945133,114.12,189.61,328,116.0,113.0,0.35
07:38:12,117.0,27.0,144.06,35.0,113.0,45.0,145.0,33.0,27.060000000000002,72.0,68.0,13.56506247681906,117.0,144.06,140,4.0,-169.0,0.03
07:38:13,117.0,30.0,140.36,47.0,113.35,34.0,140.88,32.0,23.360000000000014,64.0,79.0,15.605112303344958,117.0,140.36,143,-15.0,3.0,-0.1
07:38:14,117.0,24.0,135.26,35.0,116.0,8.0,136.6,30.0,18.25999999999999,32.0,65.0,15.014535623855046,117.0,135.26,97,-33.0,-46.0,-0.34
07:38:15,117.0,48.0,131.74,70.0,116.0,16.0,132.31,59.0,14.740000000000009,64.0,129.0,11.18229314586307,117.0,131.74,193,-65.0,96.0,-0.34
07:38:16,117.6,30.0,129.86,28.0,116.82,22.0,130.87,46.0,12.26000000000002,52.0,74.0,2.879378405145704,117.6,129.86,126,-22.0,-67.0,-0.17
07:38:17,118.0,87.0,127.26,34.0,117.0,42.0,128.69,29.0,9.260000000000005,129.0,63.0,2.3657810549626808,118.0,127.26,192,66.0,66.0,0.34
07:38:18,118.0,84.0,123.81,36.0,117.0,39.0,124.97,35.0,5.810000000000002,123.0,71.0,1.95128675494434,118.0,123.81,194,52.0,2.0,0.27
07:38:19,118.0,56.0,119.64,28.0,117.0,24.0,121.67,36.0,1.6400000000000006,80.0,64.0,2.2521434235017295,118.0,119.64,144,16.0,-50.0,0.11
07:38:20,117.1,20.0,118.45,33.0,116.12,16.0,119.76,25.0,1.3500000000000085,36.0,58.0,2.499033813301223,117.1,118.45,94,-22.0,-50.0,-0.23
07:38:21,115.33,6.0,117.5,12.0,113.57,14.0,142.0,8.0,2.1700000000000017,20.0,20.0,2.4740452704070877,115.33,117.5,40,0.0,-54.0,0.0
07:38:22,114.57,28.0,116.8,30.0,113.0,41.0,419.0,40.0,2.230000000000004,69.0,70.0,2.057479039996395,114.57000000000001,116.8,139,-1.0,99.0,-0.01
07:38:23,113.0,35.0,297.55,40.0,112.0,20.0,358.7,20.0,184.55,55.0,60.0,39.419182132560984,113.0,297.55,115,-5.0,-24.0,-0.04
07:38:24,113.13,15.0,333.18,34.0,112.12,16.0,444.69,13.0,220.05,31.0,47.0,53.826845811360734,113.12999999999998,333.18,78,-16.0,-37.0,-0.21
07:38:25,118.0,8.0,269.0,24.0,114.0,6.0,371.4,10.0,151.0,14.0,34.0,51.085661099764515,118.0,269.0,48,-20.0,-30.0,-0.42
07:38:26,118.0,36.0,179.87,38.0,116.0,12.0,319.52,27.0,61.870000000000005,48.0,65.0,44.01190577559655,118.0,179.87,113,-17.0,65.0,-0.15
07:38:27,118.8,25.0,371.43,28.0,117.5,20.0,485.2,20.0,252.63,45.0,48.0,36.048924117093605,118.8,371.43,93,-3.0,-20.0,-0.03
07:38:29,118.0,10.0,127.56,45.0,116.0,10.0,265.19,47.0,9.560000000000002,20.0,92.0,50.310007652553416,118.0,127.56,112,-72.0,-24.0,-0.64
07:38:30,116.67,9.0,126.0,41.0,114.0,9.0,127.0,40.0,9.329999999999998,18.0,81.0,57.52782213850956,116.67,126.0,99,-63.0,-13.0,-0.64
07:38:31,112.71,17.0,123.45,44.0,110.96,46.0,124.35,46.0,10.740000000000009,63.0,90.0,62.06505433816999,112.71,123.45,153,-27.0,54.0,-0.18
07:38:32,111.44,18.0,121.64,44.0,110.18,34.0,123.3,46.0,10.200000000000003,52.0,90.0,45.24036947240823,111.44,121.64,142,-38.0,-11.0,-0.27
07:38:33,113.16,32.0,119.54,65.0,112.5,36.0,120.49,63.0,6.38000000000001,68.0,128.0,2.899849996123622,113.16,119.54,196,-60.0,54.0,-0.31
07:38:34,113.08,25.0,117.56,57.0,111.29,28.0,118.67,60.0,4.480000000000004,53.0,117.0,2.3451503150158497,113.08,117.56,170,-64.0,-26.0,-0.38
07:38:35,114.2,30.0,116.36,55.0,112.09,22.0,117.31,51.0,2.1599999999999966,52.0,106.0,1.1432759946834974,114.2,116.36,158,-54.0,-12.0,-0.34
07:38:36,113.0,28.0,115.18,11.0,111.0,14.0,116.14,35.0,2.180000000000007,42.0,46.0,0.9838343356581557,113.0,115.18,88,-4.0,-70.0,-0.05
07:38:37,112.53,38.0,115.85,54.0,103.86,28.0,116.71,70.0,3.319999999999993,66.0,124.0,0.9323250506235169,112.53000000000002,115.85,190,-58.0,102.0,-0.31
07:38:38,110.36,22.0,115.25,40.0,86.89,18.0,116.25,40.0,4.890000000000001,40.0,80.0,1.0331843978789488,110.36,115.25,120,-40.0,-70.0,-0.33
07:38:39,109.2,30.0,113.1,50.0,95.0,20.0,114.6,50.0,3.8999999999999915,50.0,100.0,1.580436648531311,109.2,113.1,150,-50.0,30.0,-0.33
07:38:40,100.65,23.0,111.09,55.0,70.0,20.0,114.0,55.0,10.439999999999998,43.0,110.0,3.4425746179308496,100.65,111.09,153,-67.0,3.0,-0.44
07:38:41,109.0,36.0,110.25,60.0,74.14,21.0,134.24,54.0,1.25,57.0,114.0,3.2142681904318646,109.0,110.25,171,-57.0,18.0,-0.33
07:38:42,110.02,47.0,237.24,33.0,108.16,31.0,408.59,22.0,127.22000000000001,78.0,55.0,28.632933485761054,110.02,237.24,133,23.0,-38.0,0.17
07:38:43,111.6,15.0,245.33,36.0,107.76,42.0,272.97,29.0,133.73000000000002,57.0,65.0,36.88036089845123,111.6,245.33000000000004,122,-8.0,-11.0,-0.07
07:38:44,118.61,36.0,374.63,27.0,114.29,17.0,539.21,24.0,256.02,53.0,51.0,58.003790134783415,118.61,374.63,104,2.0,-18.0,0.02
07:38:48,109.83,12.0,203.22,18.0,74.0,13.0,220.5,24.0,93.39,25.0,42.0,36.14572685671141,109.83,203.22,67,-17.0,16.0,-0.25
07:38:49,117.87,30.0,216.71,17.0,63.08,13.0,217.42,19.0,98.84,43.0,36.0,6.036577672820502,117.87000000000002,216.71,79,7.0,12.0,0.09
07:38:50,116.74,31.0,215.0,30.0,91.75,12.0,216.0,10.0,98.26,43.0,40.0,5.564231303602986,116.74,215.0,83,3.0,4.0,0.04
07:38:51,118.0,32.0,214.83,18.0,114.93,43.0,215.36,14.0,96.83000000000001,75.0,32.0,4.998346726668299,118.0,214.83,107,43.0,24.0,0.4
07:38:52,118.0,43.0,212.0,19.0,115.09,53.0,213.73,33.0,94.0,96.0,52.0,4.3798367549482995,118.0,212.0,148,44.0,41.0,0.3
07:38:53,118.04,25.0,209.78,9.0,115.18,51.0,211.0,27.0,91.74,76.0,36.0,1.3009112191058678,118.04,209.78,112,40.0,-36.0,0.36
07:38:54,118.0,25.0,207.77,13.0,115.0,80.0,209.48,31.0,89.77000000000001,105.0,44.0,1.4393158096803667,118.0,207.77,149,61.0,37.0,0.41
07:38:55,118.0,12.0,200.88,16.0,115.0,96.0,204.07,28.0,82.88,108.0,44.0,2.6366645596276204,118.0,200.88,152,64.0,3.0,0.42
07:38:56,118.91,11.0,195.04,27.0,116.67,18.0,195.95,19.0,76.13,29.0,46.0,3.3402469968547215,118.91,195.04,75,-17.0,-77.0,-0.23
07:38:57,118.31,13.0,185.0,47.0,117.06,70.0,193.95,22.0,66.69,83.0,69.0,4.936977820488742,118.31,185.0,152,14.0,77.0,0.09
07:38:58,117.12,64.0,189.88,24.0,115.93,120.0,193.09,32.0,72.75999999999999,184.0,56.0,4.509397964251803,117.12,189.88,240,128.0,88.0,0.53
07:38:59,117.0,77.0,188.06,31.0,115.0,88.0,190.09,11.0,71.06,165.0,42.0,3.278806185183678,117.0,188.06,207,123.0,-33.0,0.59
07:39:00,116.65,46.0,185.91,11.0,114.75,73.0,187.12,25.0,69.25999999999999,119.0,36.0,2.282527108272543,116.65,185.91,155,83.0,-52.0,0.54
07:39:01,115.0,96.0,184.58,12.0,113.0,108.0,186.62,26.0,69.58000000000001,204.0,38.0,1.3913482669695725,115.0,184.58,242,166.0,87.0,0.69
07:39:02,115.0,88.0,180.75,24.0,113.0,117.0,181.78,23.0,65.75,205.0,47.0,2.228661032997015,115.0,180.75,252,158.0,10.0,0.63
07:39:03,115.0,48.0,155.66,29.0,113.0,108.0,154.19,31.0,40.66,156.0,60.0,6.9460686722778435,115.0,155.66000000000003,216,96.0,-36.0,0.44
07:39:04,115.0,44.0,126.13,15.0,113.0,99.0,131.69,32.0,11.129999999999995,143.0,47.0,13.036546705320406,115.0,126.12999999999998,190,96.0,-26.0,0.51
07:39:05,115.0,40.0,121.15,26.0,113.0,96.0,122.39,23.0,6.150000000000006,136.0,49.0,14.80721276945803,115.0,121.15,185,87.0,-5.0,0.47
07:39:06,113.28,115.0,119.7,33.0,112.83,53.0,120.47,30.0,6.420000000000002,168.0,63.0,13.550739832201112,113.28,119.7,231,105.0,46.0,0.45
07:39:07,113.0,80.0,115.1,21.0,112.0,12.0,115.55,29.0,2.0999999999999943,92.0,50.0,8.40619890319059,113.0,115.1,142,42.0,-89.0,0.3
07:39:08,113.0,57.0,114.78,9.0,112.0,7.0,197.17,24.0,1.7800000000000011,64.0,33.0,2.8199609926385856,113.0,114.78,97,31.0,-45.0,0.32
07:39:09,113.37,19.0,312.0,20.0,112.67,9.0,712.0,4.0,198.63,28.0,24.0,43.43850906741621,113.37,312.0,52,4.0,-45.0,0.08
07:39:15,115.56,9.0,142.13,30.0,113.09,57.0,218.5,24.0,26.569999999999993,66.0,54.0,70.60645459163052,115.56,142.13,120,12.0,42.0,0.1
07:39:16,113.29,14.0,140.71,35.0,112.74,19.0,143.0,14.0,27.42,33.0,49.0,49.4961278283462,113.29,140.71,82,-16.0,-38.0,-0.2
07:39:17,114.78,73.0,138.0,33.0,112.71,14.0,139.0,30.0,23.22,87.0,63.0,47.95810306924146,114.78,138.0,150,24.0,68.0,0.16
07:39:18,115.0,104.0,133.68,19.0,113.0,16.0,137.73,37.0,18.680000000000007,120.0,56.0,35.49034967424227,115.0,133.68,176,64.0,26.0,0.36
07:39:19,115.52,81.0,130.61,23.0,114.88,97.0,132.04,47.0,15.090000000000018,178.0,70.0,2.2687838151726973,115.51999999999998,130.61,248,108.0,72.0,0.44
07:39:20,116.0,60.0,127.28,67.0,115.0,182.0,129.48,31.0,11.280000000000001,242.0,98.0,2.2416467161418705,116.0,127.28,340,144.0,92.0,0.42
07:39:21,116.56,27.0,125.88,40.0,115.34,59.0,128.21,19.0,9.319999999999993,86.0,59.0,2.107415478729734,116.56,125.88,145,27.0,-169.0,0.19
07:39:22,117.25,32.0,123.58,48.0,116.27,44.0,124.95,42.0,6.329999999999998,76.0,90.0,1.5605383686374725,117.25,123.58,166,-14.0,21.0,-0.08
07:39:23,118.5,24.0,122.67,42.0,117.25,24.0,123.52,21.0,4.170000000000002,48.0,63.0,1.0579603017078256,118.5,122.67,111,-15.0,-55.0,-0.14
07:39:24,117.11,38.0,118.87,67.0,115.96,52.0,129.2,61.0,1.7600000000000051,90.0,128.0,1.4183088521156897,117.11000000000001,118.87,218,-38.0,107.0,-0.17
07:39:25,114.56,39.0,116.95,19.0,113.71,35.0,140.0,26.0,2.3900000000000006,74.0,45.0,2.2787452687805474,114.56,116.95,119,29.0,-99.0,0.24
07:39:26,114.0,29.0,134.57,14.0,113.0,14.0,241.06,17.0,20.569999999999993,43.0,31.0,3.191797299326782,114.0,134.57,74,12.0,-45.0,0.16
07:39:27,114.0,27.0,159.0,18.0,113.0,18.0,327.34,41.0,45.0,45.0,59.0,8.17443147870173,114.0,159.0,104,-14.0,30.0,-0.13
07:39:28,115.0,6.0,153.61,18.0,114.0,18.0,225.08,25.0,38.610000000000014,24.0,43.0,9.367275484365221,115.0,153.61,67,-19.0,-37.0,-0.28
07:39:29,114.25,8.0,386.67,15.0,113.43,14.0,571.86,14.0,272.42,22.0,29.0,55.51664372059959,114.25,386.67,51,-7.0,-16.0,-0.14
07:39:30,114.0,12.0,373.0,24.0,113.0,31.0,531.67,45.0,259.0,43.0,69.0,63.3568368055097,114.0,373.0,112,-26.0,61.0,-0.23
07:39:31,115.0,72.0,288.33,15.0,114.0,9.0,457.25,24.0,173.32999999999998,81.0,39.0,56.04333564305383,115.0,288.33,120,42.0,8.0,0.35
07:39:32,115.17,36.0,292.86,14.0,114.53,15.0,357.88,16.0,177.69,51.0,30.0,46.211433109134234,115.17,292.86,81,21.0,-39.0,0.26
07:39:33,118.0,33.0,242.55,11.0,115.0,22.0,284.75,20.0,124.55000000000001,55.0,31.0,29.872570528831076,118.0,242.55,86,24.0,5.0,0.28
07:39:34,118.0,18.0,201.0,6.0,115.0,12.0,202.0,6.0,83.0,30.0,12.0,31.289860178658323,118.0,201.0,42,18.0,-44.0,0.43
07:39:35,118.0,30.0,197.48,29.0,115.0,20.0,200.15,13.0,79.47999999999999,50.0,42.0,22.13517720733196,118.0,197.48,92,8.0,50.0,0.09
07:39:36,118.0,38.0,198.74,27.0,115.0,24.0,199.15,33.0,80.74000000000001,62.0,60.0,20.238608400776684,118.0,198.74,122,2.0,30.0,0.02
07:39:37,118.0,65.0,196.03,39.0,115.0,26.0,196.38,32.0,78.03,91.0,71.0,9.932233887700647,118.0,196.03,162,20.0,40.0,0.12
07:39:38,118.0,45.0,192.14,28.0,115.0,20.0,193.67,18.0,74.13999999999999,65.0,46.0,1.6547114552058169,118.0,192.14000000000001,111,19.0,-51.0,0.17
07:39:39,118.0,32.0,190.9,40.0,115.0,20.0,193.0,10.0,72.9,52.0,50.0,1.69838747051119,118.0,190.9,102,2.0,-9.0,0.02
07:39:40,118.55,33.0,189.32,25.0,116.08,25.0,189.77,26.0,70.77,58.0,51.0,1.8651755949479454,118.55,189.32,109,7.0,7.0,0.06
07:39:43,118.31,13.0,150.17,18.0,117.02,135.0,165.89,27.0,31.859999999999985,148.0,45.0,8.420485140417355,118.31,150.17,193,103.0,7.0,0.53
07:39:44,117.11,88.0,119.84,61.0,116.79,134.0,124.72,40.0,2.730000000000004,222.0,101.0,15.189724487296983,117.11,119.84,323,121.0,130.0,0.37
07:39:45,117.02,92.0,119.0,44.0,115.62,29.0,161.37,38.0,1.980000000000004,121.0,82.0,16.430227326485465,117.02,119.0,203,39.0,-120.0,0.19
07:39:46,116.74,62.0,118.0,28.0,114.8,20.0,142.11,38.0,1.2600000000000051,82.0,66.0,14.267457026393663,116.74,118.0,148,16.0,-55.0,0.11
07:39:47,114.84,19.0,116.42,38.0,113.28,29.0,117.29,28.0,1.5799999999999983,48.0,66.0,7.62110097033164,114.84,116.42,114,-18.0,-34.0,-0.16
07:39:48,113.05,59.0,114.91,44.0,112.34,61.0,261.29,34.0,1.8599999999999994,120.0,78.0,1.860166659197455,113.05,114.91,198,42.0,84.0,0.21
07:39:49,113.0,80.0,114.0,18.0,112.0,60.0,171.92,48.0,1.0,140.0,66.0,1.9955124655059997,113.0,114.0,206,74.0,8.0,0.36
07:39:50,115.25,32.0,154.0,20.0,112.19,31.0,254.83,24.0,38.75,63.0,44.0,8.852211588071638,115.25,154.0,107,19.0,-99.0,0.18
07:39:51,117.0,60.0,319.5,32.0,113.0,20.0,465.21,28.0,202.5,80.0,60.0,45.06096459242733,117.0,319.5,140,20.0,33.0,0.14
07:39:52,118.03,73.0,421.85,52.0,115.61,46.0,641.08,26.0,303.82000000000005,119.0,78.0,70.53063887418,118.03,421.85,197,41.0,57.0,0.21
07:39:59,117.5,24.0,138.22,9.0,116.83,29.0,451.56,18.0,20.72,53.0,27.0,85.71645279641471,117.5,138.22,80,26.0,-20.0,0.33
07:40:00,117.0,36.0,135.78,9.0,116.0,9.0,424.89,18.0,18.78,45.0,27.0,63.704695117392944,117.0,135.78,72,18.0,-8.0,0.25
07:40:01,117.0,44.0,129.31,13.0,116.0,11.0,292.29,14.0,12.310000000000002,55.0,27.0,2.8466172907479845,117.0,129.31,82,28.0,10.0,0.34
07:40:02,116.9,40.0,118.28,40.0,115.2,20.0,130.28,25.0,1.3799999999999955,60.0,65.0,4.732036559451447,116.9,118.28,125,-5.0,43.0,-0.04
07:40:03,115.0,11.0,118.0,33.0,113.48,46.0,211.73,22.0,3.0,57.0,55.0,5.103633019720835,115.0,118.0,112,2.0,-13.0,0.02
07:40:04,115.0,12.0,117.33,36.0,113.0,72.0,133.5,32.0,2.3299999999999983,84.0,68.0,4.568194391658978,115.0,117.33,152,16.0,40.0,0.11
07:40:05,115.0,6.0,116.83,18.0,113.25,32.0,171.0,12.0,1.8299999999999983,38.0,30.0,3.021842153386617,115.0,116.83,68,8.0,-84.0,0.12
07:40:06,117.91,70.0,171.0,16.0,114.43,14.0,243.57,23.0,53.09,84.0,39.0,12.500230797868692,117.90999999999998,171.0,123,45.0,55.0,0.37
07:40:07,118.0,80.0,163.04,28.0,115.0,8.0,166.33,24.0,45.03999999999999,88.0,52.0,14.470127159081418,118.0,163.04,140,36.0,17.0,0.26
07:40:08,118.0,42.0,160.38,13.0,115.0,5.0,163.0,18.0,42.379999999999995,47.0,31.0,14.016917278773757,118.0,160.38,78,16.0,-62.0,0.21
07:40:09,118.0,78.0,158.86,35.0,115.0,11.0,166.43,28.0,40.860000000000014,89.0,63.0,11.301010131841613,118.0,158.86,152,26.0,74.0,0.17
07:40:10,118.0,66.0,156.5,36.0,115.0,11.0,157.59,41.0,38.5,77.0,77.0,2.776733692666138,118.0,156.5,154,0.0,2.0,0.0
07:40:11,118.0,72.0,153.1,41.0,115.0,12.0,153.98,43.0,35.099999999999994,84.0,84.0,1.8933884968455839,118.0,153.1,168,0.0,14.0,0.0
07:40:12,118.0,54.0,151.18,34.0,115.27,11.0,152.28,29.0,33.18000000000001,65.0,63.0,1.9244531690813178,118.0,151.18,128,2.0,-40.0,0.02
07:40:13,118.0,60.0,151.0,40.0,116.0,30.0,152.0,30.0,33.0,90.0,70.0,1.7239141509910227,118.0,151.0,160,20.0,32.0,0.12
07:40:14,118.0,72.0,148.81,42.0,116.0,36.0,150.29,42.0,30.810000000000002,108.0,84.0,1.442764707077031,118.0,148.81,192,24.0,32.0,0.12
07:40:15,118.0,42.0,145.77,26.0,116.0,21.0,147.7,23.0,27.77000000000001,63.0,49.0,1.4012244645263119,118.0,145.77,112,14.0,-80.0,0.12
07:40:16,118.0,42.0,144.23,39.0,116.0,33.0,145.6,35.0,26.22999999999999,75.0,74.0,1.5555449205943848,118.0,144.23,149,1.0,37.0,0.01
07:40:18,114.71,14.0,138.58,36.0,113.35,51.0,139.58,36.0,23.87000000000002,65.0,72.0,2.5207538554938003,114.71,138.58,137,-7.0,25.0,-0.05
07:40:19,113.0,22.0,136.73,33.0,112.0,29.0,139.0,33.0,23.72999999999999,51.0,66.0,3.046870525635574,113.0,136.73,117,-15.0,-20.0,-0.13
07:40:20,113.0,10.0,135.2,15.0,112.0,10.0,139.0,15.0,22.19999999999999,20.0,30.0,3.168292915749233,113.0,135.2,50,-10.0,-67.0,-0.2
07:40:21,117.3,20.0,131.62,50.0,113.33,30.0,132.81,47.0,14.320000000000007,50.0,97.0,2.5576512662962387,117.3,131.62,147,-47.0,97.0,-0.32
07:40:22,118.0,90.0,127.29,48.0,117.0,15.0,129.0,46.0,9.290000000000006,105.0,94.0,1.442785500338395,118.0,127.29,199,11.0,52.0,0.06
07:40:23,118.0,40.0,122.35,31.0,117.0,10.0,123.32,31.0,4.349999999999994,50.0,62.0,1.908114252340957,118.0,122.35,112,-12.0,-87.0,-0.11
07:40:24,116.59,22.0,120.46,35.0,115.27,51.0,121.29,51.0,3.8699999999999903,73.0,86.0,2.564433660671824,116.59,120.45999999999998,159,-13.0,47.0,-0.08
07:40:25,115.0,105.0,119.13,45.0,113.0,30.0,120.68,57.0,4.1299999999999955,135.0,102.0,3.0026205221417355,115.0,119.12999999999998,237,33.0,78.0,0.14
07:40:26,113.91,45.0,116.41,37.0,112.87,30.0,117.24,41.0,2.5,75.0,78.0,2.872826134660205,113.91,116.41,153,-3.0,-84.0,-0.02
07:40:27,113.15,40.0,119.52,50.0,112.07,30.0,195.77,60.0,6.36999999999999,70.0,110.0,1.9505332604153802,113.15,119.52,180,-40.0,27.0,-0.22
07:40:28,113.0,12.0,233.0,40.0,112.0,16.0,331.0,16.0,120.0,28.0,56.0,25.175160774064317,113.0,233.0,84,-28.0,-96.0,-0.33
07:40:29,112.32,44.0,275.11,36.0,110.35,79.0,290.04,47.0,162.79000000000002,123.0,83.0,37.51557849747204,112.32,275.11,206,40.0,122.0,0.19
07:40:30,111.73,83.0,284.33,55.0,109.06,153.0,285.61,49.0,172.59999999999997,236.0,104.0,40.82168137154551,111.73,284.33,340,132.0,134.0,0.39
07:40:31,118.8,80.0,282.64,55.0,112.68,94.0,284.0,33.0,163.83999999999997,174.0,88.0,35.27644752522545,118.8,282.64,262,86.0,-78.0,0.33
07:40:36,116.14,127.0,149.2,49.0,115.27,49.0,150.08,71.0,33.05999999999999,176.0,120.0,27.088830354963466,116.14,149.2,296,56.0,112.0,0.19
07:40:37,116.0,187.0,130.35,63.0,113.0,17.0,143.35,62.0,14.349999999999994,204.0,125.0,6.660715427038739,116.0,130.35,329,79.0,33.0,0.24
07:40:38,116.0,83.0,122.08,39.0,113.0,10.0,133.77,26.0,6.079999999999998,93.0,65.0,8.291270710813423,116.0,122.08,158,28.0,-169.0,0.18
07:40:39,116.78,27.0,129.49,57.0,115.69,39.0,137.15,39.0,12.710000000000008,66.0,96.0,7.150065034668783,116.78,129.49,162,-30.0,4.0,-0.19
07:40:40,117.23,13.0,127.0,37.0,115.93,41.0,128.1,39.0,9.769999999999996,54.0,76.0,5.117306908911531,117.23,127.0,130,-22.0,-32.0,-0.17
07:40:41,118.0,11.0,125.09,33.0,116.0,75.0,127.0,55.0,7.090000000000003,86.0,88.0,1.6902869578844357,118.0,125.09,174,-2.0,44.0,-0.01
07:40:42,118.0,15.0,124.03,69.0,117.0,150.0,125.1,49.0,6.030000000000001,165.0,118.0,1.5207728298448526,118.0,124.03,283,47.0,109.0,0.17
07:40:43,118.0,10.0,121.35,26.0,117.0,100.0,122.03,30.0,3.3499999999999943,110.0,56.0,1.2877033819922574,118.0,121.35,166,54.0,-117.0,0.33
07:40:44,116.86,51.0,118.88,33.0,116.36,66.0,119.55,33.0,2.019999999999996,117.0,66.0,1.7012583578030036,116.86,118.88,183,51.0,17.0,0.28
07:40:45,114.0,15.0,192.83,29.0,112.09,11.0,240.45,20.0,78.83000000000001,26.0,49.0,14.99760380860866,114.0,192.83,75,-23.0,-108.0,-0.31
07:40:46,116.0,25.0,285.0,10.0,113.0,5.0,287.0,15.0,169.0,30.0,25.0,35.611422605675116,116.0,285.0,55,5.0,-20.0,0.09
07:40:47,116.0,25.0,285.0,10.0,113.0,5.0,443.36,11.0,169.0,30.0,21.0,40.96465976912276,116.0,285.0,51,9.0,-4.0,0.18
07:40:48,116.0,52.0,328.4,20.0,113.0,10.0,521.64,22.0,212.39999999999998,62.0,42.0,42.37455285899757,116.0,328.4,104,20.0,53.0,0.19
07:40:50,113.93,14.0,171.31,45.0,112.29,14.0,494.53,38.0,57.379999999999995,28.0,83.0,60.09159741594469,113.92999999999999,171.31,111,-55.0,47.0,-0.5
07:40:51,113.07,14.0,116.72,18.0,110.43,21.0,119.0,18.0,3.6500000000000057,35.0,36.0,75.43754555922385,113.07000000000001,116.72,71,-1.0,-40.0,-0.01
07:40:53,108.53,17.0,115.91,11.0,109.79,56.0,181.08,52.0,7.3799999999999955,73.0,63.0,86.95085324480712,108.53,115.91,136,10.0,-88.0,0.07
07:40:54,112.13,105.0,186.57,23.0,111.93,104.0,275.64,55.0,74.44,209.0,78.0,21.339238037005742,112.13,186.57,287,131.0,151.0,0.46
07:40:55,113.41,22.0,273.83,36.0,104.75,12.0,572.31,55.0,160.42,34.0,91.0,38.19274905004863,113.41,273.83,125,-57.0,-162.0,-0.46
07:40:56,118.86,7.0,265.0,21.0,115.86,7.0,435.0,16.0,146.14,14.0,37.0,43.75644695356317,118.86,265.0,51,-23.0,-74.0,-0.45
07:40:57,118.0,9.0,143.67,27.0,114.67,9.0,322.2,20.0,25.669999999999987,18.0,47.0,36.399960851627114,118.0,143.67,65,-29.0,14.0,-0.45
07:40:58,118.0,8.0,208.25,24.0,113.38,8.0,457.0,24.0,90.25,16.0,48.0,27.19103988449107,118.0,208.25,64,-32.0,-1.0,-0.5
07:40:59,118.0,27.0,300.0,27.0,113.0,9.0,416.89,27.0,182.0,36.0,54.0,31.004042478360482,118.0,300.0,90,-18.0,26.0,-0.2
07:41:01,112.0,8.0,120.5,12.0,106.72,29.0,150.25,24.0,8.5,37.0,36.0,38.28788254787655,112.0,120.5,73,1.0,-142.0,0.01
07:41:02,117.18,17.0,120.61,23.0,111.03,32.0,168.45,33.0,3.4299999999999926,49.0,56.0,39.99881085732413,117.18,120.61000000000001,105,-7.0,32.0,-0.07
07:41:08,117.94,16.0,310.58,48.0,116.46,24.0,388.54,48.0,192.64,40.0,96.0,5.282362161000845,117.94,310.58,136,-56.0,48.0,-0.41
07:41:09,116.27,11.0,308.43,21.0,112.67,18.0,310.0,28.0,192.16000000000003,29.0,49.0,1.6351238485124633,116.27,308.43,78,-20.0,-58.0,-0.26
07:41:10,115.0,47.0,261.54,13.0,113.0,5.0,309.33,18.0,146.54000000000002,52.0,31.0,11.894495785865637,115.0,261.54,83,21.0,5.0,0.25
07:41:11,115.0,171.0,268.07,29.0,113.0,9.0,281.71,34.0,153.07,180.0,63.0,13.42350811077255,115.0,268.07,243,117.0,160.0,0.48
07:41:12,115.0,168.0,248.73,33.0,113.0,9.0,249.6,30.0,133.73,177.0,63.0,14.720265962270442,115.0,248.73000000000002,240,114.0,-3.0,0.47
07:41:13,115.0,128.0,151.22,27.0,113.0,8.0,196.97,29.0,36.22,136.0,56.0,29.32511346951587,115.0,151.22,192,80.0,-48.0,0.42
07:41:14,115.38,78.0,121.56,27.0,114.94,99.0,122.61,28.0,6.180000000000007,177.0,55.0,34.21968322471711,115.38,121.56,232,122.0,40.0,0.53
07:41:15,115.72,57.0,118.18,44.0,114.99,209.0,132.73,44.0,2.460000000000008,266.0,88.0,35.701746175782326,115.72,118.18,354,178.0,122.0,0.5
07:41:16,115.02,178.0,231.19,31.0,114.19,27.0,266.94,51.0,116.17,205.0,82.0,30.742467370072763,115.01999999999998,231.19,287,123.0,-67.0,0.43
07:41:17,117.0,69.0,242.73,22.0,115.0,176.0,268.73,44.0,125.72999999999999,245.0,66.0,30.145303116737587,117.0,242.73,311,179.0,24.0,0.58
07:41:18,117.43,61.0,178.52,29.0,115.53,152.0,258.41,34.0,61.09,213.0,63.0,29.491719515823224,117.43,178.52,276,150.0,-35.0,0.54
07:41:19,117.65,20.0,153.78,46.0,115.53,152.0,321.71,31.0,36.129999999999995,172.0,77.0,26.093232264324552,117.65,153.78,249,95.0,-27.0,0.38
07:41:20,117.0,11.0,152.0,44.0,115.0,176.0,153.0,22.0,35.0,187.0,66.0,21.121268191090874,117.0,152.0,253,121.0,4.0,0.48
07:41:21,115.46,39.0,151.1,40.0,114.57,184.0,152.08,26.0,35.64,223.0,66.0,19.683454473236857,115.46,151.1,289,157.0,36.0,0.54
07:41:22,115.0,195.0,148.22,36.0,113.0,280.0,149.73,44.0,33.22,475.0,80.0,6.526532770161269,115.0,148.22,555,395.0,167.0,0.71
07:41:23,115.0,130.0,144.04,28.0,113.0,200.0,144.93,30.0,29.039999999999992,330.0,58.0,2.4362840556859005,115.0,144.04,388,272.0,-167.0,0.7
07:41:24,115.0,105.0,140.44,32.0,113.0,180.0,141.58,19.0,25.439999999999998,285.0,51.0,2.7494508542597225,115.0,140.44,336,234.0,-52.0,0.7
07:41:25,115.0,66.0,140.0,18.0,113.0,159.0,141.3,20.0,25.0,225.0,38.0,2.5000959981548068,115.0,140.0,263,187.0,-73.0,0.71
07:41:27,115.65,23.0,134.57,14.0,113.44,108.0,136.7,20.0,18.919999999999987,131.0,34.0,1.6555512677020816,115.65,134.57,165,97.0,-24.0,0.59
07:41:28,115.0,65.0,131.03,38.0,113.0,273.0,133.08,26.0,16.03,338.0,64.0,2.3006020951025303,115.0,131.03,402,274.0,167.0,0.68
07:41:29,115.0,60.0,128.62,29.0,113.0,252.0,130.29,31.0,13.620000000000005,312.0,60.0,2.893420121584548,115.0,128.62,372,252.0,-30.0,0.68
07:41:30,115.0,50.0,126.61,23.0,113.0,68.0,128.56,27.0,11.61,118.0,50.0,3.11423826962398,115.0,126.61000000000001,168,68.0,-169.0,0.4
07:41:31,115.0,55.0,123.09,22.0,113.0,88.0,125.4,30.0,8.090000000000003,143.0,52.0,2.2836987542123066,115.0,123.09,195,91.0,27.0,0.47
07:41:32,116.23,26.0,120.55,22.0,114.58,55.0,122.09,22.0,4.319999999999993,81.0,44.0,1.9103716915802136,116.23,120.55,125,37.0,-70.0,0.3
07:41:33,115.4,40.0,117.52,25.0,113.91,88.0,119.03,31.0,2.1199999999999903,128.0,56.0,2.0920253344525377,115.4,117.52,184,72.0,59.0,0.39
07:41:34,115.0,18.0,116.0,8.0,113.0,64.0,119.0,16.0,1.0,82.0,24.0,2.1040556076281476,115.0,116.0,106,58.0,-78.0,0.55
07:41:35,113.61,46.0,115.73,11.0,112.74,76.0,170.33,36.0,2.1200000000000045,122.0,47.0,1.8662877591603204,113.61000000000001,115.73,169,75.0,63.0,0.44
07:41:36,113.0,46.0,114.0,6.0,112.0,30.0,185.0,24.0,1.0,76.0,30.0,1.8543543350697118,113.0,114.0,106,46.0,-63.0,0.43
07:41:37,113.0,84.0,178.54,26.0,112.0,60.0,234.4,45.0,65.53999999999999,144.0,71.0,13.789229492614556,113.0,178.54,215,73.0,109.0,0.34
07:41:38,116.45,49.0,182.45,22.0,114.29,68.0,185.0,44.0,65.99999999999999,117.0,66.0,18.164648909351094,116.45,182.45,183,51.0,-32.0,0.28
07:41:39,118.0,50.0,181.0,20.0,117.0,60.0,208.0,36.0,63.0,110.0,56.0,18.773078330417437,118.0,181.0,166,54.0,-17.0,0.33
07:41:40,118.0,50.0,150.18,22.0,117.0,60.0,152.53,38.0,32.18000000000001,110.0,60.0,15.314994939600478,118.0,150.18,170,50.0,4.0,0.29
07:41:41,117.52,52.0,149.09,22.0,116.18,61.0,151.0,44.0,31.570000000000007,113.0,66.0,8.110960485663078,117.52,149.09,179,47.0,9.0,0.26
07:41:42,116.83,60.0,134.66,29.0,114.77,62.0,149.95,38.0,17.83,122.0,67.0,10.607434656880436,116.83,134.66,189,55.0,10.0,0.29
07:41:43,115.11,74.0,132.55,40.0,113.19,108.0,242.38,52.0,17.440000000000012,182.0,92.0,10.12297535312562,115.10999999999999,132.55,274,90.0,85.0,0.33
07:41:44,115.13,31.0,146.0,16.0,113.12,52.0,192.0,32.0,30.870000000000005,83.0,48.0,4.555055433250969,115.13,146.0,131,35.0,-143.0,0.27
07:41:45,117.0,18.0,138.85,26.0,115.0,27.0,221.0,28.0,21.849999999999994,45.0,54.0,3.7710303631752073,117.0,138.85,99,-9.0,-32.0,-0.09
07:41:46,115.15,26.0,134.78,27.0,113.1,59.0,415.94,36.0,19.629999999999995,85.0,63.0,2.668956725012514,115.15,134.78,148,22.0,49.0,0.15
07:41:47,114.05,21.0,134.71,34.0,112.85,53.0,175.27,49.0,20.66000000000001,74.0,83.0,2.8426695200092382,114.04999999999998,134.71,157,-9.0,9.0,-0.06
07:41:48,114.0,11.0,131.64,22.0,113.0,33.0,180.75,48.0,17.639999999999986,44.0,70.0,3.09003236228839,114.0,131.64,114,-26.0,-43.0,-0.23
07:41:49,114.0,10.0,128.75,24.0,113.0,30.0,129.61,23.0,14.75,40.0,47.0,2.4635502836332956,114.0,128.75,87,-7.0,-27.0,-0.08
07:41:50,114.9,10.0,125.62,21.0,113.0,30.0,126.72,25.0,10.719999999999999,40.0,46.0,1.9790452243417227,114.9,125.62,86,-6.0,-1.0,-0.07
07:41:51,118.0,22.0,122.72,25.0,115.0,11.0,125.4,30.0,4.719999999999999,33.0,55.0,1.7543089807641783,118.0,122.72,88,-22.0,2.0,-0.25
07:41:52,117.1,20.0,119.41,32.0,113.47,30.0,121.06,32.0,2.3100000000000023,50.0,64.0,1.6756729991230257,117.1,119.41,114,-14.0,26.0,-0.12
07:41:53,115.0,6.0,116.17,18.0,113.0,39.0,118.0,12.0,1.1700000000000017,45.0,30.0,2.303406173472255,115.0,116.17,75,15.0,-39.0,0.2
07:41:54,113.0,70.0,117.83,12.0,112.0,30.0,141.0,24.0,4.829999999999998,100.0,36.0,2.410867063939907,113.0,117.83,136,64.0,61.0,0.47
07:41:55,113.0,156.0,176.57,30.0,112.0,39.0,305.89,37.0,63.56999999999999,195.0,67.0,12.413086642732729,113.0,176.57,262,128.0,126.0,0.49
07:41:56,113.28,109.0,174.83,23.0,112.8,81.0,235.44,16.0,61.55000000000001,190.0,39.0,15.378629002612337,113.28,174.83,229,151.0,-33.0,0.66
07:41:57,113.0,140.0,169.87,23.0,112.0,28.0,171.0,19.0,56.870000000000005,168.0,42.0,15.343166883013067,113.0,169.87,210,126.0,-19.0,0.6
07:41:58,118.0,24.0,167.88,8.0,113.0,72.0,169.0,16.0,49.879999999999995,96.0,24.0,12.532107963147636,118.0,167.88,120,72.0,-90.0,0.6
07:41:59,118.0,30.0,165.0,15.0,113.0,90.0,167.68,22.0,47.0,120.0,37.0,1.4976147702222287,118.0,165.0,157,83.0,37.0,0.53
07:42:00,114.25,60.0,162.14,28.0,112.79,57.0,163.84,49.0,47.889999999999986,117.0,77.0,2.201937782951186,114.25,162.14000000000001,194,40.0,37.0,0.21
07:42:01,111.14,42.0,160.83,36.0,109.6,20.0,161.29,42.0,49.69000000000001,62.0,78.0,2.8398010493673977,111.14,160.83,140,-16.0,-54.0,-0.11
07:42:02,102.65,40.0,107.9,52.0,99.65,69.0,123.33,42.0,5.25,109.0,94.0,15.614052004524302,102.65,107.9,203,15.0,63.0,0.07
07:42:04,98.73,22.0,107.0,48.0,78.06,18.0,110.0,60.0,8.269999999999996,40.0,108.0,18.335381915847634,98.73,107.0,148,-68.0,28.0,-0.46
07:42:05,109.94,54.0,138.15,20.0,96.62,21.0,164.35,51.0,28.210000000000008,75.0,71.0,15.054465450489868,109.94,138.15,146,4.0,-2.0,0.03
07:42:06,118.0,44.0,158.0,8.0,108.0,24.0,187.0,24.0,40.0,68.0,32.0,15.789799555408958,118.0,158.0,100,36.0,-46.0,0.36
07:42:07,118.0,64.0,157.08,13.0,114.15,39.0,329.48,25.0,39.08000000000001,103.0,38.0,17.512168626414933,118.0,157.08,141,65.0,41.0,0.46
07:42:08,116.33,36.0,169.49,45.0,92.79,29.0,395.11,35.0,53.16000000000001,65.0,80.0,16.241889360539,116.33,169.49,145,-15.0,4.0,-0.1
07:42:09,116.0,20.0,231.29,34.0,112.16,208.0,542.81,26.0,115.28999999999999,228.0,60.0,18.39211923623775,116.0,231.29,288,168.0,143.0,0.58
07:42:10,116.82,17.0,369.33,6.0,113.05,117.0,371.0,6.0,252.51,134.0,12.0,45.05996593429673,116.82,369.33,146,122.0,-142.0,0.84
07:42:11,118.0,51.0,367.85,13.0,116.0,26.0,371.0,13.0,249.85000000000002,77.0,26.0,52.046260672597576,118.0,367.85,103,51.0,-43.0,0.5
07:42:12,118.0,18.0,200.92,13.0,116.0,18.0,176.4,25.0,82.91999999999999,36.0,38.0,47.45155139718802,118.0,200.92000000000002,74,-2.0,-29.0,-0.03
07:42:13,118.0,16.0,126.0,8.0,116.0,16.0,266.62,24.0,8.0,32.0,32.0,53.44675032216624,118.0,126.0,64,0.0,-10.0,0.0
07:42:14,116.0,26.0,125.62,13.0,113.0,299.0,476.71,59.0,9.620000000000005,325.0,72.0,61.643819479327995,116.0,125.61999999999999,397,253.0,167.0,0.64
07:42:15,113.16,186.0,121.14,49.0,111.84,187.0,211.35,17.0,7.980000000000004,373.0,66.0,53.404918968199745,113.16,121.13999999999999,439,307.0,42.0,0.7
07:42:16,113.0,242.0,116.79,38.0,110.13,93.0,118.71,17.0,3.7900000000000063,335.0,55.0,18.442797239030334,113.0,116.79,390,280.0,-49.0,0.72
07:42:17,113.0,293.0,114.53,53.0,110.64,116.0,202.13,53.0,1.5300000000000011,409.0,106.0,3.601453873088791,113.0,114.53,515,303.0,125.0,0.59
07:42:18,113.0,69.0,289.83,23.0,111.0,60.0,774.0,20.0,176.82999999999998,129.0,43.0,38.00023789399197,113.0,289.83,172,86.0,-169.0,0.5
07:42:28,115.0,51.0,142.0,50.0,113.0,140.0,143.0,30.0,27.0,191.0,80.0,69.53582875036406,115.0,142.0,271,111.0,156.0,0.41
07:42:29,115.0,30.0,140.53,40.0,113.0,140.0,141.07,40.0,25.53,170.0,80.0,6.221223352360754,115.0,140.53,250,90.0,-21.0,0.36
07:42:30,115.0,15.0,138.13,23.0,113.0,70.0,139.29,17.0,23.129999999999995,85.0,40.0,2.4186979968485107,115.0,138.13,125,45.0,-125.0,0.36
07:42:31,115.14,21.0,137.59,37.0,113.34,101.0,138.43,35.0,22.450000000000003,122.0,72.0,2.030849575906367,115.14,137.59,194,50.0,69.0,0.26
07:42:32,114.41,44.0,131.38,50.0,113.14,172.0,132.36,42.0,16.97,216.0,92.0,2.156842599718208,114.41,131.38,308,124.0,114.0,0.4
07:42:33,113.0,168.0,128.0,26.0,112.0,48.0,128.65,46.0,15.0,216.0,72.0,3.020591001767587,113.0,128.0,288,144.0,-20.0,0.5
07:42:34,113.0,112.0,124.26,34.0,112.0,44.0,125.33,18.0,11.260000000000005,156.0,52.0,3.5164072574091096,113.0,124.26,208,104.0,-80.0,0.5
07:42:35,113.0,126.0,122.95,37.0,111.53,85.0,124.06,47.0,9.950000000000003,211.0,84.0,3.43099402505449,113.0,122.95000000000002,295,127.0,87.0,0.43
07:42:36,113.0,90.0,117.96,26.0,110.83,72.0,120.85,34.0,4.959999999999994,162.0,60.0,2.780562892645981,113.0,117.96000000000001,222,102.0,-73.0,0.46
07:42:37,110.0,30.0,116.31,51.0,79.86,58.0,116.6,53.0,6.310000000000002,88.0,104.0,2.8633145129307644,110.0,116.31,192,-16.0,-30.0,-0.08
07:42:38,89.52,50.0,110.39,38.0,71.93,58.0,145.59,49.0,20.870000000000005,108.0,87.0,7.625736030047213,89.52,110.38999999999999,195,21.0,3.0,0.11
07:42:39,113.15,13.0,124.67,39.0,84.68,31.0,161.37,41.0,11.519999999999996,44.0,80.0,7.677898801101785,113.15,124.67,124,-36.0,-71.0,-0.29
07:42:40,115.5,16.0,124.71,34.0,111.57,14.0,126.0,36.0,9.209999999999994,30.0,70.0,8.065253870769363,115.5,124.70999999999998,100,-40.0,-24.0,-0.4
07:42:41,117.97,77.0,121.85,27.0,116.9,21.0,123.36,28.0,3.8799999999999955,98.0,55.0,8.56214167133201,117.97000000000001,121.85,153,43.0,53.0,0.28
07:42:42,118.0,88.0,120.0,33.0,117.0,22.0,121.0,22.0,2.0,110.0,55.0,8.745697799487475,118.0,120.0,165,55.0,12.0,0.33
07:42:43,118.0,99.0,119.38,32.0,117.0,28.0,120.21,38.0,1.3799999999999955,127.0,70.0,0.6371577512357455,118.0,119.38,197,57.0,32.0,0.29
07:42:44,118.0,36.0,281.96,54.0,117.0,24.0,339.6,50.0,163.95999999999998,60.0,104.0,36.030189147435216,118.0,281.96,164,-44.0,-33.0,-0.27
07:42:45,116.2,35.0,288.6,45.0,115.94,17.0,364.92,48.0,172.40000000000003,52.0,93.0,44.91816035858945,116.2,288.6,145,-41.0,-19.0,-0.28
07:42:46,115.0,62.0,408.76,42.0,112.36,22.0,568.48,42.0,293.76,84.0,84.0,61.40938527619336,115.0,408.75999999999993,168,0.0,23.0,0.0
07:42:47,116.76,37.0,404.18,44.0,113.94,48.0,593.8,45.0,287.42,85.0,89.0,58.57852106361129,116.75999999999999,404.18000000000006,174,-4.0,6.0,-0.02
07:42:49,116.0,55.0,163.91,44.0,115.0,36.0,276.63,43.0,47.91,91.0,87.0,61.304683915667916,116.0,163.91,178,4.0,25.0,0.02
07:42:50,116.0,54.0,152.91,46.0,115.0,56.0,248.14,56.0,36.91,110.0,102.0,67.92069809711877,116.0,152.91,212,8.0,34.0,0.04
07:42:51,115.37,19.0,209.5,40.0,114.3,43.0,578.39,46.0,94.13,62.0,86.0,53.46145929545842,115.37,209.5,148,-24.0,-64.0,-0.16
07:42:52,115.0,40.0,176.19,43.0,113.0,50.0,438.52,44.0,61.19,90.0,87.0,11.124471672846333,115.0,176.19,177,3.0,29.0,0.02
07:42:53,115.0,27.0,146.17,48.0,113.0,60.0,360.42,60.0,31.169999999999987,87.0,108.0,12.449211621623302,115.0,146.17,195,-21.0,18.0,-0.11
07:42:54,115.0,8.0,145.0,32.0,113.0,44.0,320.75,40.0,30.0,52.0,72.0,13.710473004238805,115.0,145.0,124,-20.0,-71.0,-0.16
07:42:55,113.0,45.0,145.0,36.0,111.0,18.0,329.44,45.0,32.0,63.0,81.0,14.516692116317726,113.0,145.0,144,-18.0,20.0,-0.12
07:42:56,117.31,39.0,144.89,36.0,113.83,24.0,396.33,45.0,27.579999999999984,63.0,81.0,6.9399553312656215,117.31,144.89,144,-18.0,0.0,-0.12
07:42:58,119.0,36.0,141.5,48.0,114.14,42.0,315.38,53.0,22.5,78.0,101.0,1.1099909909375172,119.0,141.5,179,-23.0,-3.0,-0.13
07:42:59,117.11,18.0,138.22,36.0,113.19,42.0,284.05,37.0,21.11,60.0,73.0,1.6872373869620476,117.11,138.22,133,-13.0,-46.0,-0.1
07:43:00,118.0,18.0,137.22,36.0,117.0,18.0,260.8,44.0,19.22,36.0,80.0,1.979861106230072,118.0,137.22,116,-44.0,-17.0,-0.38
07:43:01,118.0,17.0,135.5,48.0,117.0,24.0,363.75,60.0,17.5,41.0,108.0,2.16358498792229,118.0,135.5,149,-67.0,33.0,-0.45
07:43:02,113.93,29.0,132.17,52.0,113.65,26.0,230.23,53.0,18.23999999999998,55.0,105.0,2.599361460044177,113.93,132.17,160,-50.0,11.0,-0.31
07:43:03,118.0,11.0,129.63,54.0,117.0,11.0,131.6,50.0,11.629999999999995,22.0,104.0,2.1906437409955934,118.0,129.63,126,-82.0,-34.0,-0.65
07:43:04,118.0,9.0,126.22,45.0,117.0,9.0,130.0,36.0,8.219999999999999,18.0,81.0,2.392045150067889,118.0,126.22,99,-63.0,-27.0,-0.64
07:43:05,118.0,11.0,123.12,51.0,117.0,11.0,124.2,50.0,5.1200000000000045,22.0,101.0,2.2988649373035153,118.0,123.12,123,-79.0,24.0,-0.64
07:43:06,118.0,6.0,120.07,28.0,117.0,6.0,121.0,30.0,2.069999999999993,12.0,58.0,1.9246376282208884,118.0,120.07000000000001,70,-46.0,-53.0,-0.66
07:43:07,114.23,22.0,118.17,48.0,112.73,26.0,120.58,60.0,3.9399999999999977,48.0,108.0,2.917692581469807,114.23,118.17,156,-60.0,86.0,-0.38
07:43:08,112.9,30.0,114.8,30.0,111.9,30.0,117.0,40.0,1.8999999999999915,60.0,70.0,3.330551005459047,112.9,114.8,130,-10.0,-26.0,-0.08
07:43:09,110.89,27.0,112.33,24.0,105.44,27.0,134.97,37.0,1.4399999999999977,54.0,61.0,3.662385834393286,110.89,112.33,115,-7.0,-15.0,-0.06
07:43:10,102.53,19.0,344.2,20.0,82.67,15.0,670.5,48.0,241.67,34.0,68.0,48.46041962261534,102.53,344.2,102,-34.0,-13.0,-0.33
07:43:13,107.0,26.0,268.42,12.0,72.62,8.0,401.58,36.0,161.42000000000002,34.0,48.0,126.0323838146369,107.0,268.42,82,-14.0,-2.0,-0.17
07:43:14,86.74,23.0,188.23,13.0,54.0,18.0,316.14,35.0,101.49,41.0,48.0,118.80075323835261,86.74,188.23,89,-7.0,7.0,-0.08
07:43:15,90.0,12.0,137.29,7.0,68.78,9.0,203.29,21.0,47.28999999999999,21.0,28.0,136.9360557705674,90.0,137.29,49,-7.0,-40.0,-0.14
07:43:16,117.73,37.0,137.0,8.0,111.89,18.0,334.0,36.0,19.269999999999996,55.0,44.0,95.17379560572309,117.73,137.0,99,11.0,50.0,0.11
07:43:17,118.0,35.0,136.0,12.0,115.0,18.0,137.0,6.0,18.0,53.0,18.0,28.709486585446857,118.0,136.0,71,35.0,-28.0,0.49
07:43:18,118.0,66.0,134.92,24.0,115.0,36.0,137.0,26.0,16.919999999999987,102.0,50.0,8.468596105610013,118.0,134.92,152,52.0,81.0,0.34
07:43:19,118.0,43.0,130.58,24.0,115.0,33.0,133.37,19.0,12.580000000000013,76.0,43.0,5.775863571791942,118.0,130.58,119,33.0,-33.0,0.28
07:43:20,112.88,32.0,129.0,50.0,102.52,42.0,130.0,10.0,16.120000000000005,74.0,60.0,2.667789346997458,112.88,129.0,134,14.0,15.0,0.1
07:43:21,114.35,135.0,127.19,80.0,112.62,88.0,128.01,68.0,12.840000000000003,223.0,148.0,2.9527055389850787,114.35,127.19000000000001,371,75.0,167.0,0.2
07:43:23,115.42,108.0,121.44,36.0,113.47,115.0,122.74,54.0,6.019999999999996,223.0,90.0,2.0982373554851326,115.42,121.44,313,133.0,2.0,0.42
07:43:24,115.09,94.0,119.02,56.0,113.72,50.0,120.15,13.0,3.9299999999999926,144.0,69.0,1.9236215843957738,115.09,119.02,213,75.0,-100.0,0.35
07:43:25,116.54,26.0,118.23,65.0,114.97,102.0,120.0,13.0,1.6899999999999977,128.0,78.0,2.02987684354331,116.53999999999999,118.23,206,50.0,-7.0,0.24
07:43:26,115.0,54.0,118.0,45.0,113.0,18.0,120.0,9.0,3.0,72.0,54.0,2.0182740150815506,115.0,118.0,126,18.0,-80.0,0.14
07:43:27,114.63,97.0,136.16,74.0,113.39,46.0,174.96,50.0,21.53,143.0,124.0,3.6725427158786568,114.62999999999998,136.16,267,19.0,141.0,0.07
07:43:28,117.75,24.0,191.3,30.0,113.12,34.0,194.0,40.0,73.55000000000001,58.0,70.0,16.269833127600076,117.75,191.3,128,-12.0,-139.0,-0.09
07:43:29,112.16,93.0,187.86,42.0,98.12,49.0,194.0,56.0,75.70000000000002,142.0,98.0,18.21123911215138,112.16,187.86,240,44.0,112.0,0.18
07:43:30,112.28,25.0,185.11,27.0,111.72,29.0,194.0,36.0,72.83000000000001,54.0,63.0,16.938839098354748,112.28,185.11,117,-9.0,-123.0,-0.08
07:43:31,113.56,16.0,124.89,35.0,111.96,56.0,135.33,27.0,11.329999999999998,72.0,62.0,16.055088601435735,113.56,124.88999999999999,134,10.0,17.0,0.07
07:43:32,112.0,40.0,118.67,36.0,110.0,8.0,127.04,25.0,6.670000000000002,48.0,61.0,18.69232115067446,112.0,118.67,109,-13.0,-25.0,-0.12
07:43:33,112.0,35.0,127.86,21.0,110.67,15.0,245.64,33.0,15.86,50.0,54.0,17.181946048103867,112.0,127.86,104,-4.0,-5.0,-0.04
07:43:34,112.0,31.0,126.0,30.0,110.92,38.0,214.25,16.0,14.0,69.0,46.0,13.681389914769362,112.0,126.0,115,23.0,11.0,0.2
07:43:35,112.0,24.0,123.41,29.0,110.0,12.0,127.08,26.0,11.409999999999997,36.0,55.0,1.8126693024248886,112.0,123.41,91,-19.0,-24.0,-0.21
07:43:36,112.0,20.0,121.08,26.0,110.6,10.0,122.39,23.0,9.079999999999998,30.0,49.0,1.8456353919324322,112.0,121.08,79,-19.0,-12.0,-0.24
07:43:37,111.77,26.0,116.79,38.0,109.89,27.0,117.8,30.0,5.02000000000001,53.0,68.0,2.2072992547349783,111.77,116.79,121,-15.0,42.0,-0.12
07:43:38,110.0,17.0,115.96,24.0,109.0,85.0,117.54,37.0,5.959999999999994,102.0,61.0,2.461832650679912,110.0,115.96,163,41.0,42.0,0.25
07:43:39,110.17,23.0,115.0,15.0,90.46,37.0,117.0,30.0,4.829999999999998,60.0,45.0,2.23386436471729,110.16999999999999,115.0,105,15.0,-58.0,0.14
07:43:40,111.59,29.0,210.06,17.0,101.9,10.0,247.6,20.0,98.47,39.0,37.0,20.951814241252542,111.59,210.06,76,2.0,-29.0,0.03
07:43:41,114.73,11.0,281.0,22.0,88.0,10.0,369.0,24.0,166.26999999999998,21.0,46.0,38.482875152461666,114.73,281.0,67,-25.0,-9.0,-0.37
07:43:42,116.67,18.0,221.4,20.0,92.0,16.0,352.0,36.0,104.73,34.0,56.0,37.2076259656532,116.67,221.4,90,-22.0,23.0,-0.24
07:43:43,116.94,49.0,176.04,28.0,108.16,25.0,392.67,18.0,59.099999999999994,74.0,46.0,31.268675539586734,116.93999999999998,176.04,120,28.0,30.0,0.23
07:43:44,118.0,84.0,272.81,26.0,116.0,48.0,320.71,28.0,154.81,132.0,54.0,22.26230558589897,118.0,272.81,186,78.0,66.0,0.42
07:43:45,118.0,77.0,204.74,31.0,116.0,44.0,305.43,14.0,86.74000000000001,121.0,45.0,22.182611433281437,118.0,204.74,166,76.0,-20.0,0.46
07:43:46,118.0,63.0,230.0,9.0,116.0,36.0,532.33,27.0,112.0,99.0,36.0,17.934220640996603,118.0,230.0,135,63.0,-31.0,0.47
07:43:47,118.0,56.0,409.39,18.0,116.0,32.0,563.43,14.0,291.39,88.0,32.0,45.8579126214871,118.0,409.39,120,56.0,-15.0,0.47
07:43:48,118.0,29.0,378.83,12.0,116.0,42.0,581.0,11.0,260.83,71.0,23.0,45.339305574743236,118.0,378.83,94,48.0,-26.0,0.51
07:43:49,118.0,7.0,279.67,6.0,116.0,48.0,435.9,10.0,161.67000000000002,55.0,16.0,45.11550476277466,118.0,279.67,71,39.0,-23.0,0.55
07:43:50,118.0,7.0,386.44,16.0,116.0,63.0,626.71,21.0,268.44,70.0,37.0,38.867199153012564,118.0,386.44,107,33.0,36.0,0.31
07:43:51,118.0,8.0,155.47,19.0,116.0,72.0,386.62,24.0,37.47,80.0,43.0,52.76133859181305,118.0,155.47,123,37.0,16.0,0.3
07:43:52,118.0,9.0,154.22,18.0,116.0,81.0,269.33,27.0,36.22,90.0,45.0,57.01604361931775,118.0,154.22,135,45.0,12.0,0.33
07:43:53,116.32,44.0,154.0,24.0,115.86,73.0,278.42,36.0,37.68000000000001,117.0,60.0,52.54394798642321,116.32,154.0,177,57.0,42.0,0.32
07:43:54,116.0,50.0,152.3,20.0,115.0,20.0,283.0,30.0,36.30000000000001,70.0,50.0,52.190083636644516,116.0,152.3,120,20.0,-57.0,0.17
07:43:57,117.44,34.0,146.0,22.0,115.87,46.0,148.0,44.0,28.560000000000002,80.0,66.0,1.3493998665900708,117.44,146.0,146,14.0,-25.0,0.1
07:43:58,117.0,36.0,142.78,36.0,116.0,60.0,144.07,28.0,25.78,96.0,64.0,1.9701395889513915,117.0,142.78,160,32.0,14.0,0.2
07:43:59,117.0,39.0,136.44,36.0,116.0,65.0,137.41,37.0,19.439999999999998,104.0,73.0,3.135742336346196,117.0,136.44,177,31.0,17.0,0.18
07:44:00,117.0,51.0,130.45,22.0,116.0,85.0,133.73,44.0,13.449999999999989,136.0,66.0,3.893973548954126,117.0,130.45,202,70.0,25.0,0.35
07:44:01,116.0,38.0,128.33,21.0,115.0,28.0,130.33,21.0,12.330000000000013,66.0,42.0,4.01908322879172,116.0,128.33,108,24.0,-94.0,0.22
07:44:02,113.21,70.0,126.0,30.0,112.67,45.0,127.0,18.0,12.790000000000006,115.0,48.0,3.9964208987486973,113.21,126.0,163,67.0,55.0,0.41
07:44:03,113.0,104.0,122.07,30.0,112.0,56.0,123.67,18.0,9.069999999999993,160.0,48.0,3.5700728283826213,113.0,122.07,208,112.0,45.0,0.54
07:44:04,114.32,91.0,120.16,45.0,112.3,60.0,121.09,55.0,5.840000000000003,151.0,100.0,2.8494174843213647,114.32,120.16,251,51.0,43.0,0.2
07:44:05,113.12,52.0,118.4,25.0,112.03,62.0,120.11,37.0,5.280000000000001,114.0,62.0,2.4864573191504036,113.11999999999999,118.4,176,52.0,-75.0,0.3
07:44:06,112.81,59.0,116.45,44.0,111.92,61.0,117.74,35.0,3.6400000000000006,120.0,79.0,1.8904047185608033,112.81,116.45,199,41.0,23.0,0.21
07:44:07,112.12,48.0,114.37,27.0,111.41,17.0,116.0,28.0,2.25,65.0,55.0,1.7937307490137024,112.12,114.37,120,10.0,-79.0,0.08
07:44:08,111.33,9.0,114.5,16.0,109.43,14.0,176.71,28.0,3.1700000000000017,23.0,44.0,1.7911588427488754,111.33,114.5,67,-21.0,-53.0,-0.31
07:44:09,93.6,48.0,114.64,22.0,68.99,105.0,194.6,25.0,21.040000000000006,153.0,47.0,4.622372767308817,93.59999999999998,114.64,200,106.0,133.0,0.53
07:44:10,100.04,115.0,129.64,22.0,76.97,102.0,309.43,28.0,29.59999999999998,217.0,50.0,4.457417413700249,100.04,129.64,267,167.0,67.0,0.63
07:44:12,86.01,68.0,161.21,14.0,68.54,89.0,205.0,56.0,75.2,157.0,70.0,9.374906932869173,86.01,161.21,227,87.0,90.0,0.38
07:44:13,111.0,21.0,161.0,7.0,66.01,105.0,201.36,22.0,50.0,126.0,29.0,14.69871150815462,111.0,161.0,155,97.0,-72.0,0.63
07:44:14,111.17,29.0,159.56,9.0,65.64,75.0,197.39,23.0,48.39,104.0,32.0,15.19715762897639,111.16999999999999,159.56,136,72.0,-19.0,0.53
07:44:15,114.47,57.0,158.69,13.0,112.69,59.0,228.0,46.0,44.22,116.0,59.0,15.767949137410168,114.47,158.69,175,57.0,39.0,0.33
07:44:16,115.27,22.0,156.29,42.0,113.31,59.0,212.0,16.0,41.019999999999996,81.0,58.0,5.527221725238796,115.27,156.29,139,23.0,-36.0,0.17
07:44:17,118.0,11.0,154.46,37.0,115.0,77.0,155.14,42.0,36.46000000000001,88.0,79.0,0.4601086827598095,118.0,154.46,167,9.0,28.0,0.05
07:44:18,118.0,11.0,150.03,32.0,115.0,77.0,153.22,27.0,32.03,88.0,59.0,0.9929149006592086,118.0,150.03,147,29.0,-20.0,0.2
07:44:19,115.17,70.0,146.78,54.0,113.92,61.0,148.42,31.0,31.61,131.0,85.0,2.313856088859333,115.17,146.78,216,46.0,69.0,0.21
07:44:20,115.0,42.0,148.05,19.0,113.0,21.0,148.75,16.0,33.05000000000001,63.0,35.0,2.3974632426695814,115.0,148.05,98,28.0,-118.0,0.29
07:44:21,116.2,35.0,146.3,10.0,114.27,41.0,148.0,40.0,30.10000000000001,76.0,50.0,2.270330372424252,116.2,146.3,126,26.0,28.0,0.21
07:44:22,116.63,27.0,142.68,59.0,113.96,49.0,144.25,24.0,26.05000000000001,76.0,83.0,1.5902767054674727,116.63,142.68,159,-7.0,33.0,-0.04
07:44:23,113.0,19.0,129.0,15.0,112.0,15.0,141.0,20.0,16.0,34.0,35.0,4.463597204044422,113.0,129.0,69,-1.0,-90.0,-0.01
07:44:24,114.79,76.0,135.86,36.0,112.92,36.0,141.45,44.0,21.070000000000007,112.0,80.0,4.515730284234599,114.79,135.86,192,32.0,123.0,0.17
07:44:25,116.0,88.0,138.27,30.0,113.0,33.0,138.85,41.0,22.27000000000001,121.0,71.0,3.9940230344796115,116.0,138.27,192,50.0,0.0,0.26
07:44:26,116.0,71.0,127.47,49.0,113.0,33.0,128.29,45.0,11.469999999999999,104.0,94.0,3.6385464130548293,116.0,127.47,198,10.0,6.0,0.05
07:44:27,116.0,97.0,118.5,46.0,113.5,36.0,120.13,31.0,2.5,133.0,77.0,3.8681545987660186,116.0,118.5,210,56.0,12.0,0.27
07:44:28,116.0,15.0,170.88,8.0,115.0,15.0,242.55,11.0,54.879999999999995,30.0,19.0,9.948767762891732,116.0,170.88,49,11.0,-161.0,0.22
07:44:30,118.0,12.0,366.0,24.0,116.0,18.0,576.33,18.0,248.0,30.0,42.0,81.6551126996953,118.0,366.0,72,-12.0,-109.0,-0.17
