Time,Bid1,Bid2,Ask1,Ask2,Mid-Price,Total_volume,Bid_ask_spread,Order_imbalance
07:30:00,"[0, 0]","[0, 0]","[0, 0]","[0, 0]",0.0,0,0.0,0.0
07:30:01,"[1.0, 2]","[0, 0]","[0, 0]","[0, 0]",0.5,2,-1.0,1.0
07:30:02,"[1.0, 4]","[0, 0]","[594.0, 6]","[800.0, 3]",297.5,13,593.0,-0.38
07:30:03,"[169.0, 12]","[3.0, 4]","[386.8, 15]","[388.0, 15]",277.9,46,217.8,-0.3
07:30:04,"[336.0, 6]","[333.0, 4]","[386.0, 6]","[388.0, 6]",361.0,22,50.0,-0.09
07:30:05,"[336.0, 9]","[333.0, 6]","[385.67, 9]","[388.0, 9]",360.83,33,49.67,-0.09
07:30:06,"[336.0, 47]","[333.0, 12]","[381.83, 18]","[387.5, 18]",358.92,95,45.83,0.24
07:30:07,"[336.47, 17]","[335.7, 20]","[366.0, 9]","[385.0, 9]",351.24,55,29.53,0.35
07:30:08,"[337.0, 12]","[336.0, 27]","[366.0, 9]","[385.0, 9]",351.5,57,29.0,0.37
07:30:09,"[337.0, 16]","[336.0, 36]","[366.0, 12]","[385.0, 12]",351.5,76,29.0,0.37
07:30:10,"[337.0, 32]","[336.0, 72]","[358.68, 25]","[364.82, 28]",347.84,157,21.68,0.32
07:30:11,"[337.0, 16]","[336.0, 45]","[354.86, 21]","[359.94, 17]",345.93,99,17.86,0.23
07:30:12,"[337.0, 20]","[336.0, 90]","[352.2, 30]","[357.7, 30]",344.6,170,15.2,0.29
07:30:13,"[337.0, 24]","[336.0, 108]","[349.93, 46]","[351.46, 37]",343.47,215,12.93,0.23
07:30:14,"[337.0, 18]","[336.0, 81]","[348.67, 36]","[351.0, 27]",342.83,162,11.67,0.22
07:30:15,"[337.0, 18]","[336.0, 90]","[347.0, 40]","[351.0, 30]",342.0,178,10.0,0.21
07:30:16,"[337.0, 21]","[336.0, 117]","[346.68, 47]","[349.18, 44]",341.84,229,9.68,0.21
07:30:17,"[337.0, 16]","[336.0, 144]","[345.5, 24]","[346.31, 52]",341.25,236,8.5,0.36
07:30:18,"[337.06, 16]","[336.01, 136]","[342.25, 24]","[343.88, 16]",339.66,192,5.19,0.58
07:30:19,"[336.23, 39]","[335.61, 93]","[340.0, 23]","[341.0, 37]",338.12,192,3.77,0.38
07:30:20,"[335.25, 24]","[332.32, 62]","[337.69, 29]","[338.71, 17]",336.47,132,2.44,0.3
07:30:21,"[333.97, 74]","[332.17, 118]","[336.1, 49]","[338.12, 17]",335.04,258,2.13,0.49
07:30:22,"[333.0, 30]","[332.0, 210]","[336.47, 15]","[338.07, 15]",334.73,270,3.47,0.78
07:30:23,"[335.14, 44]","[332.85, 98]","[345.61, 33]","[352.24, 66]",340.37,241,10.47,0.18
07:30:24,"[337.67, 73]","[336.63, 65]","[346.43, 23]","[348.49, 73]",342.05,234,8.76,0.18
07:30:25,"[339.0, 36]","[337.0, 60]","[345.42, 12]","[348.56, 36]",342.21,144,6.42,0.33
07:30:26,"[339.0, 45]","[337.0, 57]","[343.27, 15]","[348.0, 45]",341.13,162,4.27,0.26
07:30:27,"[338.09, 33]","[336.55, 33]","[340.84, 31]","[342.71, 17]",339.46,114,2.75,0.16
07:30:28,"[337.0, 39]","[336.0, 39]","[339.86, 21]","[340.26, 31]",338.43,130,2.86,0.2
07:30:29,"[337.0, 37]","[336.0, 42]","[338.75, 24]","[342.98, 47]",337.88,150,1.75,0.05
07:30:30,"[337.0, 32]","[336.0, 48]","[338.81, 48]","[350.38, 37]",337.91,165,1.81,-0.03
07:30:31,"[336.17, 47]","[334.44, 25]","[342.97, 29]","[348.07, 28]",339.57,129,6.8,0.12
07:30:32,"[336.0, 36]","[333.0, 12]","[346.0, 12]","[347.0, 24]",341.0,84,10.0,0.14
07:30:33,"[336.0, 39]","[333.0, 13]","[346.0, 13]","[347.0, 26]",341.0,91,10.0,0.14
07:30:34,"[336.0, 36]","[333.0, 12]","[345.12, 32]","[345.74, 34]",340.56,114,9.12,-0.16
07:30:35,"[336.0, 60]","[332.08, 131]","[339.68, 57]","[343.51, 45]",337.84,293,3.68,0.3
07:30:36,"[336.0, 65]","[332.0, 260]","[337.23, 43]","[338.48, 60]",336.62,428,1.23,0.52
07:30:37,"[332.84, 76]","[332.25, 61]","[338.0, 55]","[345.0, 44]",335.42,236,5.16,0.16
07:30:38,"[332.0, 200]","[331.0, 11]","[337.55, 55]","[345.0, 44]",334.77,310,5.55,0.36
07:30:39,"[332.0, 198]","[331.0, 11]","[337.0, 55]","[345.82, 44]",334.5,308,5.0,0.36
07:30:40,"[332.02, 221]","[331.6, 30]","[336.09, 44]","[345.08, 52]",334.06,347,4.07,0.45
07:30:41,"[333.0, 90]","[332.0, 52]","[334.61, 36]","[342.44, 72]",333.81,250,1.61,0.14
07:30:42,"[332.97, 38]","[331.67, 12]","[343.69, 45]","[345.86, 21]",338.33,116,10.72,-0.14
07:30:43,"[333.78, 54]","[332.86, 42]","[343.69, 72]","[345.33, 30]",338.74,198,9.92,-0.03
07:30:44,"[335.0, 48]","[333.0, 48]","[342.95, 55]","[343.52, 25]",338.97,176,7.95,0.09
07:30:45,"[333.5, 12]","[332.03, 111]","[341.7, 10]","[343.0, 40]",337.6,173,8.2,0.42
07:30:46,"[332.02, 112]","[328.76, 68]","[338.95, 40]","[340.64, 25]",335.48,245,6.93,0.47
07:30:47,"[333.6, 15]","[332.0, 150]","[337.2, 15]","[342.73, 60]",335.4,240,3.6,0.38
07:30:48,"[334.0, 8]","[332.0, 80]","[337.0, 8]","[342.0, 32]",335.5,128,3.0,0.38
07:30:49,"[334.0, 9]","[332.86, 139]","[337.0, 9]","[342.0, 36]",335.5,193,3.0,0.53
07:30:50,"[333.02, 174]","[332.4, 168]","[335.14, 14]","[341.64, 44]",334.08,400,2.12,0.71
07:30:51,"[333.0, 216]","[332.0, 130]","[334.0, 13]","[338.11, 18]",333.5,377,1.0,0.84
07:30:52,"[333.0, 94]","[332.0, 60]","[337.0, 8]","[342.67, 12]",335.0,174,4.0,0.77
07:30:53,"[333.0, 165]","[332.0, 110]","[341.92, 13]","[348.0, 24]",337.46,312,8.92,0.76
07:30:54,"[333.26, 81]","[332.72, 145]","[341.0, 11]","[346.0, 22]",337.13,259,7.74,0.75
07:30:55,"[334.0, 22]","[333.0, 120]","[341.0, 8]","[346.0, 16]",337.5,166,7.0,0.71
07:30:56,"[334.0, 12]","[333.0, 90]","[340.5, 10]","[345.55, 11]",337.25,123,6.5,0.66
07:30:57,"[334.0, 32]","[333.0, 240]","[336.73, 66]","[338.02, 62]",335.36,400,2.73,0.36
07:30:58,"[333.02, 208]","[332.18, 170]","[334.65, 52]","[336.36, 44]",333.84,474,1.63,0.59
07:30:59,"[333.16, 147]","[331.47, 163]","[337.6, 43]","[351.19, 21]",335.38,374,4.44,0.66
07:31:00,"[337.0, 24]","[333.0, 72]","[348.0, 12]","[351.0, 12]",342.5,120,11.0,0.6
07:31:01,"[337.0, 14]","[333.0, 42]","[348.0, 7]","[351.0, 15]",342.5,78,11.0,0.44
07:31:02,"[329.86, 65]","[325.94, 50]","[348.0, 15]","[351.0, 45]",338.93,175,18.14,0.31
07:31:03,"[332.82, 33]","[330.19, 31]","[348.0, 13]","[351.0, 39]",340.41,116,15.18,0.1
07:31:04,"[332.0, 33]","[330.0, 33]","[344.57, 14]","[350.9, 30]",338.29,110,12.57,0.2
07:31:05,"[332.32, 44]","[330.33, 36]","[334.75, 24]","[336.0, 48]",333.53,152,2.43,0.05
07:31:06,"[333.64, 87]","[330.8, 45]","[339.59, 79]","[347.57, 75]",336.62,286,5.95,-0.08
07:31:07,"[330.1, 20]","[325.54, 13]","[348.0, 30]","[349.0, 20]",339.05,83,17.9,-0.2
07:31:08,"[331.0, 26]","[325.38, 37]","[348.0, 39]","[349.0, 26]",339.5,128,17.0,-0.02
07:31:09,"[331.55, 22]","[325.0, 33]","[348.0, 33]","[349.0, 22]",339.77,110,16.45,0.0
07:31:10,"[333.58, 24]","[325.0, 69]","[348.0, 36]","[349.0, 24]",340.79,153,14.42,0.22
07:31:11,"[337.0, 28]","[325.0, 185]","[348.0, 42]","[349.0, 28]",342.5,283,11.0,0.51
07:31:12,"[334.82, 34]","[324.84, 74]","[347.6, 25]","[348.25, 40]",341.21,173,12.78,0.25
07:31:13,"[327.0, 42]","[325.0, 170]","[346.79, 14]","[348.0, 44]",336.89,270,19.79,0.57
07:31:14,"[328.05, 41]","[327.07, 42]","[341.0, 22]","[344.74, 46]",334.52,151,12.95,0.1
07:31:15,"[329.76, 34]","[327.71, 51]","[339.0, 17]","[340.0, 59]",334.38,161,9.24,0.06
07:31:16,"[330.64, 22]","[327.0, 33]","[338.27, 11]","[340.0, 11]",334.45,77,7.64,0.43
07:31:17,"[332.0, 28]","[327.0, 42]","[337.71, 14]","[340.0, 14]",334.86,98,5.71,0.43
07:31:18,"[331.55, 33]","[326.79, 61]","[333.74, 27]","[338.59, 17]",332.64,138,2.2,0.36
07:31:19,"[327.47, 102]","[325.8, 118]","[331.25, 48]","[342.12, 49]",329.36,317,3.78,0.39
07:31:20,"[328.85, 59]","[325.9, 162]","[342.95, 60]","[345.8, 45]",335.9,326,14.1,0.36
07:31:21,"[333.0, 17]","[326.04, 169]","[341.41, 54]","[341.67, 67]",337.2,307,8.41,0.21
07:31:22,"[333.0, 9]","[328.33, 63]","[337.44, 18]","[340.2, 30]",335.22,120,4.44,0.2
07:31:23,"[333.0, 12]","[331.0, 60]","[336.0, 13]","[341.0, 36]",334.5,121,3.0,0.19
07:31:24,"[333.0, 8]","[331.0, 40]","[335.5, 8]","[340.5, 24]",334.25,80,2.5,0.2
07:31:25,"[333.0, 10]","[331.0, 50]","[341.88, 24]","[345.39, 44]",337.44,128,8.88,-0.06
07:31:26,"[336.17, 70]","[334.82, 44]","[343.31, 49]","[345.64, 67]",339.74,230,7.13,-0.01
07:31:27,"[336.04, 75]","[334.0, 18]","[342.77, 52]","[343.85, 39]",339.4,184,6.73,0.01
07:31:28,"[336.0, 64]","[333.0, 14]","[342.0, 56]","[343.0, 42]",339.0,176,6.0,-0.11
07:31:29,"[331.0, 50]","[328.0, 30]","[340.49, 39]","[341.34, 35]",335.74,154,9.49,0.04
07:31:30,"[331.0, 60]","[328.0, 36]","[336.5, 48]","[338.33, 48]",333.75,192,5.5,0.0
07:31:31,"[331.0, 30]","[328.0, 18]","[334.82, 22]","[336.22, 23]",332.91,93,3.82,0.03
07:31:32,"[331.0, 26]","[328.0, 30]","[332.3, 40]","[334.53, 34]",331.65,130,1.3,-0.14
07:31:33,"[328.12, 25]","[326.07, 91]","[334.57, 28]","[343.95, 37]",331.35,181,6.45,0.28
07:31:34,"[329.71, 219]","[326.9, 100]","[333.4, 60]","[344.17, 64]",331.55,443,3.69,0.44
07:31:35,"[331.0, 156]","[324.67, 63]","[343.14, 71]","[344.04, 57]",337.07,347,12.14,0.26
07:31:36,"[331.62, 96]","[323.04, 50]","[342.0, 24]","[343.0, 32]",336.81,202,10.38,0.45
07:31:37,"[332.0, 96]","[325.0, 8]","[341.75, 24]","[343.0, 32]",336.88,160,9.75,0.3
07:31:38,"[332.0, 60]","[325.0, 5]","[341.0, 15]","[343.0, 20]",336.5,100,9.0,0.3
07:31:39,"[332.92, 144]","[326.08, 12]","[341.0, 36]","[343.0, 48]",336.96,240,8.08,0.3
07:31:40,"[334.0, 115]","[328.0, 10]","[341.0, 30]","[343.0, 40]",337.5,195,7.0,0.28
07:31:41,"[334.0, 121]","[328.0, 11]","[339.82, 33]","[340.82, 33]",336.91,198,5.82,0.33
07:31:42,"[334.0, 110]","[328.0, 10]","[338.5, 30]","[339.5, 30]",336.25,180,4.5,0.33
07:31:43,"[334.0, 104]","[327.4, 10]","[336.41, 34]","[337.49, 35]",335.21,183,2.41,0.25
07:31:44,"[334.16, 83]","[332.22, 65]","[340.7, 73]","[343.87, 85]",337.43,306,6.54,-0.03
07:31:45,"[335.0, 9]","[334.0, 36]","[345.0, 45]","[347.0, 36]",340.0,126,10.0,-0.29
07:31:46,"[335.9, 10]","[334.0, 40]","[344.0, 50]","[346.09, 66]",339.95,166,8.1,-0.4
07:31:47,"[336.8, 15]","[334.0, 60]","[344.0, 75]","[347.0, 135]",340.4,285,7.2,-0.47
07:31:48,"[334.53, 17]","[332.38, 26]","[344.0, 50]","[347.0, 50]",339.26,143,9.47,-0.4
07:31:49,"[334.0, 30]","[331.0, 30]","[341.67, 75]","[347.0, 75]",337.83,210,7.67,-0.43
07:31:50,"[334.0, 26]","[331.0, 26]","[338.09, 57]","[340.78, 63]",336.04,172,4.09,-0.4
07:31:51,"[334.0, 24]","[331.0, 24]","[336.86, 58]","[337.8, 50]",335.43,156,2.86,-0.38
07:31:52,"[332.56, 25]","[329.95, 38]","[334.94, 66]","[341.67, 60]",333.75,189,2.38,-0.33
07:31:53,"[327.0, 21]","[325.49, 55]","[332.12, 42]","[338.16, 88]",329.56,206,5.12,-0.26
07:31:54,"[323.26, 23]","[320.63, 41]","[329.27, 44]","[336.52, 58]",326.27,166,6.01,-0.23
07:31:55,"[321.93, 60]","[320.83, 36]","[324.73, 51]","[326.1, 41]",323.33,188,2.79,0.02
07:31:56,"[322.0, 30]","[321.0, 30]","[324.0, 51]","[327.0, 30]",323.0,141,2.0,-0.15
07:31:57,"[333.88, 48]","[321.62, 26]","[341.14, 63]","[340.71, 14]",337.51,151,7.27,-0.02
07:31:58,"[337.0, 15]","[322.0, 10]","[342.0, 25]","[343.0, 5]",339.5,55,5.0,-0.09
07:31:59,"[335.73, 22]","[323.45, 31]","[342.0, 60]","[343.0, 12]",338.86,125,6.27,-0.15
07:32:00,"[333.0, 8]","[320.0, 24]","[342.0, 40]","[343.0, 8]",337.5,80,9.0,-0.2
07:32:01,"[338.3, 10]","[330.44, 9]","[342.0, 35]","[343.0, 7]",340.15,61,3.7,-0.38
07:32:02,"[340.86, 14]","[338.0, 7]","[342.0, 35]","[343.0, 7]",341.43,63,1.14,-0.33
07:32:03,"[340.67, 21]","[336.09, 11]","[342.0, 55]","[343.0, 11]",341.33,98,1.33,-0.35
07:32:04,"[334.0, 14]","[333.0, 14]","[339.6, 20]","[340.42, 52]",336.8,100,5.6,-0.44
07:32:05,"[328.38, 16]","[325.5, 36]","[337.91, 55]","[339.48, 25]",333.14,132,9.53,-0.21
07:32:06,"[325.0, 12]","[324.0, 36]","[336.0, 39]","[339.0, 12]",330.5,99,11.0,-0.03
07:32:07,"[325.0, 11]","[324.0, 33]","[327.46, 13]","[330.75, 24]",326.23,81,2.46,0.09
07:32:08,"[324.08, 26]","[322.4, 30]","[328.29, 21]","[333.2, 25]",326.18,102,4.21,0.1
07:32:09,"[324.21, 29]","[322.77, 39]","[328.0, 39]","[329.0, 26]",326.1,133,3.79,0.02
07:32:10,"[325.2, 15]","[323.08, 39]","[327.63, 38]","[329.82, 33]",326.42,125,2.43,-0.14
07:32:11,"[320.21, 47]","[316.14, 42]","[325.44, 43]","[327.09, 33]",322.83,165,5.23,0.08
07:32:12,"[319.64, 138]","[317.87, 45]","[338.62, 97]","[339.4, 67]",329.13,347,18.97,0.05
07:32:13,"[324.66, 67]","[323.81, 53]","[338.75, 51]","[340.93, 45]",331.7,216,14.09,0.11
07:32:14,"[330.98, 106]","[329.53, 34]","[338.0, 56]","[340.0, 42]",334.49,238,7.02,0.18
07:32:15,"[331.87, 78]","[331.56, 72]","[336.4, 53]","[337.54, 52]",334.13,255,4.52,0.18
07:32:16,"[333.92, 24]","[332.0, 96]","[335.4, 30]","[336.6, 30]",334.66,180,1.48,0.33
07:32:17,"[332.25, 48]","[327.43, 101]","[335.0, 27]","[338.0, 20]",333.62,196,2.75,0.52
07:32:18,"[332.0, 72]","[326.0, 132]","[333.95, 21]","[338.0, 24]",332.98,249,1.95,0.64
07:32:19,"[332.0, 52]","[326.0, 132]","[333.0, 12]","[338.33, 24]",332.5,220,1.0,0.67
07:32:20,"[332.0, 118]","[326.0, 121]","[338.89, 19]","[342.33, 18]",335.45,276,6.89,0.73
07:32:21,"[331.13, 76]","[325.77, 62]","[340.0, 12]","[343.0, 6]",335.57,156,8.87,0.77
07:32:22,"[325.11, 79]","[323.85, 33]","[340.0, 18]","[343.0, 9]",332.56,139,14.89,0.61
07:32:23,"[324.0, 70]","[319.0, 18]","[340.0, 20]","[343.0, 17]",332.0,125,16.0,0.41
07:32:24,"[324.0, 105]","[323.0, 15]","[334.29, 42]","[341.53, 30]",329.14,192,10.29,0.25
07:32:25,"[324.0, 63]","[323.0, 9]","[330.0, 36]","[338.0, 18]",327.0,126,6.0,0.14
07:32:26,"[329.08, 36]","[323.29, 35]","[336.51, 35]","[339.16, 31]",332.8,137,7.43,0.04
07:32:27,"[324.79, 38]","[316.74, 31]","[330.6, 30]","[337.03, 31]",327.69,130,5.81,0.06
07:32:28,"[326.65, 81]","[319.43, 21]","[330.22, 27]","[338.11, 37]",328.44,166,3.57,0.23
07:32:29,"[320.0, 9]","[319.0, 27]","[338.0, 9]","[342.0, 27]",329.0,72,18.0,0.0
07:32:30,"[320.0, 7]","[319.0, 21]","[339.29, 14]","[342.73, 22]",329.64,64,19.29,-0.12
07:32:31,"[320.0, 11]","[319.0, 33]","[335.77, 22]","[340.79, 29]",327.89,95,15.77,-0.07
07:32:32,"[320.81, 26]","[319.1, 30]","[333.85, 52]","[335.17, 12]",327.33,120,13.04,-0.07
07:32:33,"[319.5, 36]","[318.23, 26]","[331.68, 62]","[332.51, 55]",325.59,179,12.18,-0.31
07:32:34,"[319.83, 24]","[318.85, 39]","[326.02, 43]","[331.0, 50]",322.93,156,6.19,-0.19
07:32:35,"[320.0, 26]","[319.0, 52]","[321.0, 30]","[330.0, 52]",320.5,160,1.0,-0.03
07:32:36,"[320.0, 18]","[319.0, 36]","[321.0, 18]","[326.0, 36]",320.5,108,1.0,0.0
07:32:37,"[320.0, 12]","[319.0, 24]","[321.86, 14]","[324.33, 24]",320.93,74,1.86,-0.03
07:32:38,"[320.93, 30]","[319.78, 18]","[324.0, 28]","[326.0, 32]",322.47,108,3.07,-0.11
07:32:39,"[322.22, 36]","[321.33, 30]","[324.29, 28]","[326.15, 33]",323.25,127,2.06,0.04
07:32:40,"[322.24, 37]","[317.1, 30]","[326.0, 40]","[331.0, 10]",324.12,117,3.76,0.15
07:32:41,"[324.62, 21]","[323.73, 55]","[326.8, 60]","[330.27, 33]",325.71,169,2.18,-0.1
07:32:42,"[327.79, 33]","[325.37, 19]","[330.0, 52]","[331.0, 13]",328.89,117,2.21,-0.11
07:32:43,"[328.5, 30]","[311.6, 10]","[330.0, 30]","[331.0, 10]",329.25,80,1.5,0.0
07:32:44,"[329.0, 27]","[320.11, 27]","[332.0, 36]","[335.0, 36]",330.5,126,3.0,-0.14
07:32:45,"[330.0, 33]","[321.0, 44]","[332.0, 44]","[370.18, 40]",331.0,161,2.0,-0.04
07:32:46,"[325.04, 50]","[319.5, 32]","[332.0, 32]","[366.52, 31]",328.52,145,6.96,0.13
07:32:47,"[322.56, 54]","[320.38, 26]","[495.56, 27]","[550.27, 30]",409.06,137,173.0,0.17
07:32:48,"[323.1, 60]","[322.0, 40]","[422.18, 33]","[515.31, 32]",372.64,165,99.08,0.21
07:32:49,"[326.25, 24]","[322.0, 16]","[505.0, 12]","[611.23, 13]",415.62,65,178.75,0.23
07:32:50,"[327.92, 39]","[326.02, 86]","[379.59, 51]","[561.05, 55]",353.76,231,51.67,0.08
07:32:51,"[331.36, 33]","[328.66, 73]","[455.35, 26]","[561.87, 39]",393.35,171,123.98,0.24
07:32:52,"[336.84, 51]","[332.67, 42]","[396.67, 15]","[398.47, 17]",366.75,125,59.82,0.49
07:32:53,"[337.0, 48]","[336.0, 24]","[374.75, 16]","[378.38, 16]",355.88,104,37.75,0.38
07:32:54,"[336.0, 49]","[334.11, 27]","[342.24, 17]","[343.83, 29]",339.12,122,6.24,0.25
07:32:55,"[332.14, 113]","[330.83, 23]","[339.15, 26]","[340.86, 14]",335.65,176,7.01,0.55
07:32:56,"[333.37, 41]","[331.94, 81]","[340.43, 14]","[342.67, 12]",336.9,148,7.06,0.65
07:32:57,"[329.62, 94]","[328.44, 79]","[338.71, 14]","[340.86, 14]",334.17,201,9.1,0.72
07:32:58,"[329.0, 80]","[326.0, 16]","[338.38, 8]","[535.62, 32]",333.69,136,9.38,0.41
07:32:59,"[329.0, 108]","[326.0, 24]","[339.86, 28]","[417.02, 44]",334.43,204,10.86,0.29
07:33:00,"[329.17, 48]","[324.5, 24]","[336.83, 12]","[339.56, 32]",333.0,116,7.67,0.24
07:33:01,"[331.18, 22]","[329.0, 22]","[336.21, 34]","[339.42, 31]",333.69,109,5.02,-0.19
07:33:02,"[332.79, 28]","[328.93, 30]","[334.94, 18]","[452.56, 48]",333.87,124,2.16,-0.06
07:33:03,"[324.0, 18]","[317.76, 25]","[340.09, 23]","[497.08, 37]",332.04,103,16.09,-0.17
07:33:04,"[321.88, 34]","[319.83, 24]","[341.0, 36]","[584.44, 45]",331.44,139,19.12,-0.17
07:33:05,"[322.0, 56]","[320.0, 42]","[337.08, 52]","[338.0, 44]",329.54,194,15.08,0.01
07:33:06,"[322.85, 52]","[321.13, 92]","[330.75, 40]","[331.77, 52]",326.8,236,7.9,0.22
07:33:07,"[323.0, 70]","[321.0, 126]","[326.05, 42]","[329.0, 42]",324.52,280,3.05,0.4
07:33:08,"[323.0, 37]","[321.0, 72]","[324.0, 29]","[327.0, 16]",323.5,154,1.0,0.42
07:33:09,"[323.0, 56]","[321.0, 126]","[324.0, 31]","[325.57, 49]",323.5,262,1.0,0.39
07:33:10,"[323.0, 28]","[321.0, 75]","[325.29, 14]","[329.88, 32]",324.14,149,2.29,0.38
07:33:11,"[321.8, 70]","[320.08, 156]","[327.0, 22]","[338.0, 44]",324.4,292,5.2,0.55
07:33:12,"[321.0, 36]","[319.0, 72]","[325.33, 6]","[334.33, 12]",323.17,126,4.33,0.71
07:33:13,"[321.0, 72]","[319.0, 144]","[327.45, 11]","[340.16, 19]",324.23,246,6.45,0.76
07:33:14,"[333.0, 52]","[321.0, 36]","[337.0, 16]","[377.0, 20]",335.0,124,4.0,0.42
07:33:15,"[333.05, 92]","[321.63, 76]","[338.67, 36]","[455.5, 40]",335.86,244,5.61,0.38
07:33:16,"[334.09, 46]","[330.67, 170]","[340.0, 70]","[567.93, 70]",337.04,356,5.91,0.21
07:33:17,"[333.25, 72]","[327.71, 93]","[340.0, 60]","[377.0, 50]",336.62,275,6.75,0.2
07:33:18,"[333.46, 72]","[331.15, 78]","[337.92, 60]","[341.49, 59]",335.69,269,4.46,0.12
07:33:19,"[333.0, 135]","[327.0, 60]","[334.47, 53]","[337.73, 82]",333.74,330,1.47,0.18
07:33:20,"[333.0, 93]","[327.0, 44]","[337.14, 42]","[339.77, 47]",335.07,226,4.14,0.21
07:33:21,"[333.0, 88]","[327.0, 40]","[341.0, 40]","[343.0, 40]",337.0,208,8.0,0.23
07:33:22,"[333.41, 51]","[332.12, 82]","[341.0, 40]","[343.0, 40]",337.21,213,7.59,0.25
07:33:23,"[333.0, 106]","[327.55, 44]","[341.0, 44]","[343.0, 44]",337.0,238,8.0,0.26
07:33:24,"[338.0, 64]","[333.0, 81]","[341.0, 36]","[343.0, 36]",339.5,217,3.0,0.34
07:33:25,"[338.0, 42]","[333.0, 90]","[341.0, 40]","[343.0, 40]",339.5,212,3.0,0.25
07:33:26,"[338.0, 40]","[333.0, 72]","[340.32, 37]","[341.75, 32]",339.16,181,2.32,0.24
07:33:27,"[338.0, 41]","[333.0, 90]","[339.9, 50]","[342.2, 40]",338.95,221,1.9,0.19
07:33:28,"[337.63, 49]","[333.52, 87]","[339.77, 62]","[345.48, 58]",338.7,256,2.14,0.06
07:33:29,"[333.38, 72]","[329.57, 63]","[341.33, 12]","[345.55, 44]",337.35,191,7.96,0.41
07:33:30,"[333.0, 77]","[327.0, 44]","[340.0, 11]","[344.11, 35]",336.5,167,7.0,0.45
07:33:31,"[333.0, 98]","[328.09, 46]","[337.07, 14]","[338.14, 14]",335.04,172,4.07,0.67
07:33:32,"[333.24, 34]","[332.84, 50]","[336.0, 10]","[337.0, 10]",334.62,104,2.76,0.62
07:33:33,"[333.05, 41]","[332.23, 31]","[335.23, 13]","[336.23, 13]",334.14,98,2.18,0.47
07:33:34,"[333.0, 7]","[332.0, 14]","[334.14, 7]","[335.14, 7]",333.57,35,1.14,0.2
07:33:35,"[332.42, 12]","[329.79, 38]","[334.0, 12]","[335.0, 12]",333.21,74,1.58,0.35
07:33:36,"[332.0, 9]","[329.0, 36]","[333.56, 9]","[334.56, 9]",332.78,63,1.56,0.43
07:33:37,"[329.23, 39]","[321.28, 57]","[339.75, 24]","[342.21, 38]",334.49,158,10.52,0.22
07:33:38,"[324.44, 25]","[319.66, 38]","[341.25, 24]","[342.31, 26]",332.85,113,16.81,0.12
07:33:39,"[331.33, 39]","[327.22, 41]","[339.86, 21]","[341.24, 29]",335.6,130,8.52,0.23
07:33:40,"[335.5, 14]","[329.33, 18]","[338.0, 42]","[340.62, 24]",336.75,98,2.5,-0.35
07:33:41,"[334.0, 6]","[332.0, 6]","[338.0, 18]","[341.0, 18]",336.0,48,4.0,-0.5
07:33:42,"[334.0, 9]","[332.0, 9]","[337.22, 27]","[339.0, 27]",335.61,72,3.22,-0.5
07:33:43,"[333.29, 14]","[329.14, 14]","[335.0, 42]","[340.49, 53]",334.14,123,1.71,-0.54
07:33:44,"[325.18, 11]","[323.29, 21]","[334.78, 27]","[344.0, 33]",329.98,92,9.6,-0.3
07:33:45,"[325.0, 15]","[323.65, 17]","[333.46, 26]","[344.0, 39]",329.23,97,8.46,-0.34
07:33:46,"[325.04, 23]","[323.09, 33]","[333.0, 22]","[339.94, 36]",329.02,114,7.96,-0.02
07:33:47,"[326.0, 8]","[325.0, 24]","[332.0, 16]","[336.38, 26]",329.0,74,6.0,-0.14
07:33:48,"[326.0, 13]","[323.09, 66]","[332.0, 26]","[339.64, 44]",329.0,149,6.0,0.06
07:33:49,"[323.0, 48]","[320.0, 24]","[331.75, 16]","[339.39, 31]",327.38,119,8.75,0.21
07:33:50,"[325.7, 71]","[321.39, 51]","[341.0, 36]","[342.56, 54]",333.35,212,15.3,0.15
07:33:51,"[337.0, 52]","[336.0, 11]","[341.0, 22]","[342.0, 33]",339.0,118,4.0,0.07
07:33:52,"[328.75, 24]","[325.71, 21]","[340.45, 22]","[341.65, 23]",334.6,90,11.7,0.0
07:33:53,"[326.0, 18]","[324.0, 18]","[340.0, 18]","[341.56, 18]",333.0,72,14.0,0.0
07:33:54,"[326.63, 76]","[324.91, 66]","[338.55, 66]","[342.0, 80]",332.59,288,11.91,-0.01
07:33:55,"[328.6, 40]","[325.25, 20]","[338.0, 30]","[342.4, 30]",333.3,120,9.4,0.0
07:33:56,"[330.04, 54]","[328.86, 44]","[336.68, 62]","[340.67, 54]",333.36,214,6.64,-0.08
07:33:57,"[331.0, 51]","[328.52, 52]","[335.48, 87]","[337.63, 57]",333.24,247,4.48,-0.17
07:33:58,"[327.67, 27]","[319.62, 87]","[332.91, 44]","[337.3, 44]",330.29,202,5.24,0.13
07:33:59,"[324.4, 15]","[319.0, 90]","[329.47, 45]","[331.0, 15]",326.93,165,5.07,0.27
07:34:00,"[322.91, 43]","[319.27, 66]","[327.72, 32]","[328.92, 36]",325.31,177,4.81,0.23
07:34:01,"[320.38, 32]","[317.75, 88]","[327.81, 32]","[334.0, 32]",324.09,184,7.44,0.3
07:34:02,"[320.0, 10]","[317.93, 45]","[327.0, 20]","[334.6, 20]",323.5,95,7.0,0.16
07:34:03,"[322.15, 39]","[321.64, 47]","[326.53, 30]","[335.67, 30]",324.34,146,4.38,0.18
07:34:04,"[323.57, 14]","[322.0, 70]","[325.0, 28]","[327.0, 28]",324.29,140,1.43,0.2
07:34:05,"[313.79, 57]","[310.74, 39]","[327.0, 19]","[336.0, 28]",320.39,143,13.21,0.34
07:34:06,"[313.53, 45]","[312.57, 42]","[326.0, 14]","[331.74, 19]",319.77,120,12.47,0.45
07:34:07,"[328.9, 63]","[319.93, 61]","[333.88, 76]","[336.6, 40]",331.39,240,4.98,0.03
07:34:08,"[335.92, 130]","[331.11, 57]","[338.67, 42]","[355.73, 63]",337.29,292,2.74,0.28
07:34:09,"[338.0, 108]","[333.31, 39]","[339.0, 36]","[360.44, 45]",338.5,228,1.0,0.29
07:34:10,"[338.0, 60]","[337.0, 5]","[339.0, 20]","[360.2, 25]",338.5,110,1.0,0.18
07:34:11,"[338.0, 120]","[337.0, 10]","[339.0, 31]","[420.8, 50]",338.5,211,1.0,0.23
07:34:12,"[338.0, 108]","[337.0, 9]","[339.0, 27]","[507.11, 45]",338.5,189,1.0,0.24
07:34:13,"[338.0, 94]","[337.0, 10]","[339.0, 30]","[493.1, 50]",338.5,184,1.0,0.13
07:34:14,"[338.0, 20]","[337.0, 5]","[339.0, 15]","[459.8, 25]",338.5,65,1.0,-0.23
07:34:15,"[338.0, 48]","[337.0, 30]","[339.0, 36]","[536.08, 60]",338.5,174,1.0,-0.1
07:34:16,"[338.0, 24]","[337.0, 18]","[339.0, 18]","[543.0, 30]",338.5,90,1.0,-0.07
07:34:17,"[338.0, 30]","[337.0, 27]","[339.0, 27]","[537.56, 45]",338.5,129,1.0,-0.12
07:34:18,"[337.24, 17]","[335.64, 22]","[338.96, 25]","[408.19, 43]",338.1,107,1.72,-0.27
07:34:19,"[335.4, 30]","[330.5, 24]","[349.07, 29]","[425.55, 55]",342.23,138,13.67,-0.22
07:34:20,"[333.0, 48]","[320.0, 27]","[334.78, 18]","[346.71, 21]",333.89,114,1.78,0.32
07:34:21,"[333.0, 45]","[320.0, 27]","[334.0, 18]","[395.52, 31]",333.5,121,1.0,0.19
07:34:22,"[333.0, 60]","[320.0, 36]","[334.0, 24]","[342.0, 48]",333.5,168,1.0,0.14
07:34:23,"[328.97, 29]","[318.29, 21]","[334.0, 14]","[342.0, 28]",331.48,92,5.03,0.09
07:34:24,"[330.4, 35]","[318.5, 24]","[342.0, 32]","[638.8, 25]",336.2,116,11.6,0.02
07:34:25,"[334.0, 20]","[323.75, 36]","[342.0, 40]","[475.09, 44]",338.0,140,8.0,-0.2
07:34:26,"[331.82, 22]","[325.21, 38]","[342.0, 40]","[481.24, 42]",336.91,142,10.18,-0.15
07:34:27,"[334.8, 50]","[326.89, 38]","[342.0, 48]","[486.83, 60]",338.4,196,7.2,-0.1
07:34:28,"[336.0, 18]","[327.0, 27]","[342.0, 36]","[473.44, 45]",339.0,126,6.0,-0.29
07:34:29,"[336.45, 11]","[327.0, 33]","[341.89, 45]","[444.78, 54]",339.17,143,5.43,-0.38
07:34:30,"[337.56, 18]","[326.35, 20]","[340.3, 50]","[342.0, 40]",338.93,128,2.74,-0.41
07:34:31,"[337.98, 59]","[336.71, 17]","[339.82, 49]","[392.19, 64]",338.9,189,1.83,-0.2
07:34:32,"[338.48, 69]","[337.0, 11]","[344.0, 44]","[477.05, 86]",341.24,210,5.52,-0.24
07:34:33,"[339.4, 20]","[338.83, 35]","[343.48, 42]","[374.27, 44]",341.44,141,4.08,-0.22
07:34:34,"[339.67, 9]","[338.0, 22]","[342.9, 21]","[368.33, 24]",341.29,76,3.24,-0.18
07:34:35,"[339.0, 22]","[331.0, 20]","[343.0, 40]","[381.4, 47]",341.0,129,4.0,-0.35
07:34:36,"[339.0, 16]","[333.0, 16]","[343.0, 32]","[497.78, 37]",341.0,101,4.0,-0.37
07:34:37,"[335.31, 26]","[320.71, 31]","[343.0, 48]","[478.0, 60]",339.15,165,7.69,-0.31
07:34:38,"[335.33, 60]","[328.0, 44]","[342.44, 54]","[428.49, 53]",338.89,211,7.11,-0.01
07:34:39,"[338.0, 50]","[334.0, 50]","[342.0, 50]","[344.0, 40]",340.0,190,4.0,0.05
07:34:40,"[338.0, 25]","[334.0, 30]","[342.0, 30]","[344.0, 24]",340.0,109,4.0,0.01
07:34:41,"[338.0, 32]","[334.0, 40]","[341.62, 40]","[344.0, 32]",339.81,144,3.62,0.0
07:34:42,"[338.0, 36]","[334.41, 17]","[340.95, 37]","[343.63, 38]",339.47,128,2.95,-0.17
07:34:43,"[337.43, 42]","[326.72, 29]","[340.0, 11]","[341.0, 55]",338.71,137,2.57,0.04
07:34:44,"[334.0, 24]","[323.0, 80]","[339.25, 20]","[340.89, 28]",336.62,152,5.25,0.37
07:34:45,"[334.0, 24]","[323.0, 80]","[337.94, 32]","[338.75, 16]",335.97,152,3.94,0.37
07:34:46,"[334.0, 33]","[323.0, 110]","[335.91, 11]","[338.0, 55]",334.95,209,1.91,0.37
07:34:47,"[335.08, 37]","[324.57, 105]","[344.74, 70]","[352.56, 50]",339.91,262,9.66,0.08
07:34:48,"[338.0, 22]","[334.64, 25]","[348.0, 22]","[352.0, 44]",343.0,113,10.0,-0.17
07:34:49,"[339.16, 31]","[336.75, 24]","[348.0, 24]","[352.0, 48]",343.58,127,8.84,-0.13
07:34:50,"[340.0, 30]","[338.0, 20]","[348.0, 20]","[352.0, 40]",344.0,110,8.0,-0.09
07:34:51,"[341.0, 21]","[338.0, 14]","[348.0, 14]","[352.0, 28]",344.5,77,7.0,-0.09
07:34:52,"[340.81, 48]","[337.7, 53]","[347.29, 34]","[351.73, 60]",344.05,195,6.48,0.04
07:34:53,"[338.0, 21]","[336.0, 56]","[344.0, 21]","[347.45, 22]",341.0,120,6.0,0.28
07:34:54,"[336.92, 52]","[335.86, 74]","[344.0, 39]","[347.74, 38]",340.46,203,7.08,0.24
07:34:55,"[336.0, 32]","[335.0, 16]","[343.88, 24]","[348.12, 17]",339.94,89,7.88,0.08
07:34:56,"[336.0, 42]","[335.0, 22]","[343.0, 33]","[347.8, 30]",339.5,127,7.0,0.01
07:34:57,"[336.0, 39]","[335.0, 26]","[340.23, 39]","[347.0, 26]",338.12,130,4.23,0.0
07:34:58,"[336.0, 18]","[335.0, 12]","[338.67, 18]","[342.71, 14]",337.33,62,2.67,-0.03
07:34:59,"[334.0, 28]","[333.0, 49]","[336.86, 21]","[338.29, 21]",335.43,119,2.86,0.29
07:35:00,"[334.0, 52]","[333.0, 91]","[336.63, 35]","[347.09, 44]",335.31,222,2.63,0.29
07:35:01,"[334.0, 22]","[333.0, 49]","[335.0, 7]","[339.71, 21]",334.5,99,1.0,0.43
07:35:02,"[334.0, 9]","[333.0, 63]","[343.4, 15]","[350.2, 30]",338.7,117,9.4,0.23
07:35:03,"[335.63, 27]","[333.22, 27]","[349.0, 27]","[351.0, 27]",342.31,108,13.37,0.0
07:35:04,"[336.0, 40]","[334.0, 10]","[349.0, 30]","[351.0, 30]",342.5,110,13.0,-0.09
07:35:05,"[337.67, 24]","[335.9, 21]","[349.0, 18]","[351.0, 18]",343.33,81,11.33,0.11
07:35:06,"[338.0, 48]","[336.0, 48]","[348.42, 36]","[350.33, 36]",343.21,168,10.42,0.14
07:35:07,"[338.0, 56]","[336.0, 56]","[345.5, 42]","[348.29, 56]",341.75,210,7.5,0.07
07:35:08,"[338.67, 24]","[337.33, 24]","[344.0, 18]","[347.33, 24]",341.33,90,5.33,0.07
07:35:09,"[339.0, 28]","[338.0, 28]","[344.0, 21]","[349.0, 28]",341.5,105,5.0,0.07
07:35:10,"[339.0, 32]","[338.0, 32]","[343.12, 24]","[348.5, 32]",341.06,120,4.12,0.07
07:35:11,"[338.7, 27]","[337.62, 32]","[345.09, 32]","[349.94, 31]",341.9,122,6.39,-0.03
07:35:12,"[334.82, 33]","[331.43, 21]","[348.0, 24]","[352.0, 18]",341.41,96,13.18,0.12
07:35:13,"[333.0, 73]","[331.0, 78]","[348.17, 42]","[350.71, 34]",340.58,227,15.17,0.33
07:35:14,"[333.0, 48]","[331.0, 72]","[346.42, 60]","[347.46, 46]",339.71,226,13.42,0.06
07:35:15,"[332.29, 68]","[330.54, 78]","[344.33, 75]","[345.8, 75]",338.31,296,12.04,-0.01
07:35:16,"[332.87, 15]","[331.0, 90]","[336.19, 73]","[341.6, 75]",334.53,253,3.33,-0.17
07:35:17,"[326.6, 114]","[325.04, 168]","[335.13, 39]","[339.24, 54]",330.86,375,8.53,0.5
07:35:18,"[329.47, 76]","[327.0, 303]","[333.11, 38]","[346.85, 52]",331.29,469,3.63,0.62
07:35:19,"[331.0, 48]","[326.68, 111]","[336.0, 24]","[345.67, 27]",333.5,210,5.0,0.51
07:35:20,"[325.47, 76]","[321.1, 93]","[345.0, 18]","[347.0, 27]",335.24,214,19.53,0.58
07:35:21,"[329.94, 68]","[324.02, 95]","[345.0, 26]","[347.0, 39]",337.47,228,15.06,0.43
07:35:22,"[336.5, 64]","[331.14, 63]","[344.95, 44]","[346.4, 43]",340.73,214,8.45,0.19
07:35:23,"[338.0, 30]","[335.62, 32]","[339.46, 26]","[343.16, 38]",338.73,126,1.46,-0.02
07:35:24,"[335.52, 29]","[334.38, 52]","[339.82, 22]","[344.35, 46]",337.67,149,4.3,0.09
07:35:25,"[335.0, 18]","[334.0, 24]","[339.0, 6]","[345.5, 16]",337.0,64,4.0,0.31
07:35:26,"[335.0, 30]","[334.0, 61]","[338.4, 10]","[346.0, 20]",336.7,121,3.4,0.5
07:35:27,"[335.97, 90]","[334.81, 37]","[337.23, 26]","[345.2, 20]",336.6,173,1.26,0.47
07:35:28,"[336.55, 49]","[335.0, 42]","[344.8, 30]","[347.94, 67]",340.68,188,8.25,-0.03
07:35:29,"[335.29, 31]","[333.04, 155]","[343.29, 56]","[346.84, 49]",339.29,291,8.0,0.28
07:35:30,"[335.0, 16]","[333.0, 144]","[336.0, 32]","[343.0, 32]",335.5,224,1.0,0.43
07:35:31,"[335.0, 8]","[333.0, 72]","[341.25, 16]","[348.14, 28]",338.12,124,6.25,0.29
07:35:32,"[335.0, 8]","[333.0, 72]","[343.0, 16]","[349.0, 32]",339.0,128,8.0,0.25
07:35:33,"[335.0, 24]","[333.0, 216]","[342.75, 48]","[349.0, 73]",338.88,361,7.75,0.33
07:35:34,"[333.5, 96]","[332.9, 240]","[339.79, 53]","[341.08, 59]",336.65,448,6.29,0.5
07:35:35,"[333.06, 170]","[332.79, 252]","[337.87, 62]","[338.92, 78]",335.47,562,4.81,0.5
07:35:36,"[333.0, 225]","[332.0, 90]","[335.41, 49]","[336.43, 56]",334.2,420,2.41,0.5
07:35:37,"[333.0, 105]","[332.0, 42]","[335.0, 21]","[336.0, 28]",334.0,196,2.0,0.5
07:35:38,"[333.0, 149]","[332.0, 66]","[334.91, 33]","[336.0, 44]",333.95,292,1.91,0.47
07:35:39,"[333.0, 105]","[332.0, 72]","[335.6, 45]","[343.11, 57]",334.3,279,2.6,0.27
07:35:40,"[334.5, 92]","[332.8, 60]","[336.0, 32]","[345.0, 40]",335.25,224,1.5,0.36
07:35:41,"[335.0, 35]","[333.0, 56]","[336.0, 28]","[345.0, 35]",335.5,154,1.0,0.18
07:35:42,"[335.83, 23]","[333.65, 46]","[345.0, 45]","[349.0, 27]",340.41,141,9.17,-0.02
07:35:43,"[337.0, 40]","[336.0, 10]","[345.0, 50]","[349.0, 30]",341.0,130,8.0,-0.23
07:35:44,"[337.04, 54]","[333.52, 84]","[345.0, 75]","[349.0, 45]",341.02,258,7.96,0.07
07:35:45,"[337.0, 63]","[333.0, 104]","[344.0, 13]","[345.0, 92]",340.5,272,7.0,0.23
07:35:46,"[337.0, 64]","[333.0, 112]","[341.46, 24]","[344.49, 57]",339.23,257,4.46,0.37
07:35:47,"[337.0, 14]","[333.0, 56]","[339.29, 7]","[344.33, 9]",338.14,86,2.29,0.63
07:35:48,"[334.18, 34]","[332.93, 43]","[338.25, 16]","[341.5, 8]",336.21,101,4.07,0.52
07:35:49,"[333.0, 123]","[332.0, 12]","[338.25, 12]","[343.5, 12]",335.62,159,5.25,0.7
07:35:50,"[333.0, 154]","[332.0, 14]","[335.86, 14]","[337.21, 14]",334.43,196,2.86,0.71
07:35:51,"[333.0, 122]","[332.0, 12]","[334.0, 12]","[348.08, 53]",333.5,199,1.0,0.35
07:35:52,"[333.0, 93]","[332.0, 10]","[344.71, 17]","[347.96, 56]",338.85,176,11.71,0.17
07:35:53,"[333.0, 48]","[332.0, 7]","[347.0, 14]","[348.0, 42]",340.0,111,14.0,-0.01
07:35:54,"[333.0, 108]","[332.0, 9]","[347.0, 18]","[348.0, 54]",340.0,189,14.0,0.24
07:35:55,"[333.67, 109]","[333.43, 72]","[346.05, 37]","[347.9, 101]",339.86,319,12.38,0.13
07:35:56,"[338.0, 33]","[337.0, 22]","[344.16, 25]","[347.45, 29]",341.08,109,6.16,0.01
07:35:57,"[338.58, 36]","[334.44, 61]","[341.07, 28]","[348.7, 50]",339.83,175,2.49,0.11
07:35:58,"[333.91, 35]","[332.98, 105]","[340.0, 20]","[349.0, 50]",336.96,210,6.09,0.33
07:35:59,"[333.2, 120]","[332.9, 80]","[339.07, 28]","[349.0, 70]",336.14,298,5.87,0.34
07:36:00,"[333.51, 98]","[332.97, 124]","[337.88, 34]","[348.31, 64]",335.7,320,4.37,0.39
07:36:01,"[334.0, 72]","[333.0, 192]","[335.05, 74]","[341.4, 50]",334.53,388,1.05,0.36
07:36:02,"[333.15, 99]","[332.81, 74]","[343.17, 60]","[350.58, 53]",338.16,286,10.02,0.21
07:36:03,"[333.0, 168]","[332.0, 28]","[347.04, 45]","[348.36, 77]",340.02,318,14.04,0.23
07:36:04,"[333.0, 187]","[332.0, 32]","[346.0, 41]","[347.0, 119]",339.5,379,13.0,0.16
07:36:05,"[333.0, 77]","[332.0, 22]","[345.47, 34]","[348.23, 47]",339.24,180,12.47,0.1
07:36:06,"[333.0, 98]","[332.0, 28]","[342.86, 28]","[347.85, 48]",337.93,202,9.86,0.25
07:36:07,"[333.0, 84]","[332.0, 24]","[341.08, 24]","[347.79, 14]",337.04,146,8.08,0.48
07:36:08,"[333.0, 60]","[332.0, 30]","[338.67, 30]","[346.0, 30]",335.83,150,5.67,0.2
07:36:09,"[326.66, 58]","[321.38, 32]","[337.31, 26]","[341.2, 20]",331.98,136,10.65,0.32
07:36:10,"[326.0, 216]","[322.43, 63]","[336.28, 54]","[338.0, 36]",331.14,369,10.28,0.51
07:36:11,"[326.11, 135]","[323.5, 96]","[333.43, 21]","[335.11, 36]",329.77,288,7.32,0.6
07:36:12,"[327.0, 90]","[326.0, 216]","[335.75, 48]","[336.43, 42]",331.38,396,8.75,0.55
07:36:13,"[327.0, 40]","[326.0, 96]","[341.36, 28]","[342.65, 17]",334.18,181,14.36,0.5
07:36:14,"[336.71, 173]","[326.83, 72]","[341.36, 44]","[342.62, 39]",339.04,328,4.65,0.49
07:36:15,"[337.28, 193]","[333.08, 237]","[340.55, 55]","[342.14, 35]",338.92,520,3.26,0.65
07:36:16,"[337.0, 168]","[324.0, 108]","[341.72, 29]","[342.54, 13]",339.36,318,4.72,0.74
07:36:17,"[337.04, 169]","[331.5, 228]","[340.12, 64]","[342.0, 48]",338.58,509,3.08,0.56
07:36:18,"[337.08, 168]","[329.85, 178]","[339.56, 48]","[342.08, 39]",338.32,433,2.49,0.6
07:36:19,"[337.0, 143]","[327.55, 47]","[342.0, 33]","[344.47, 15]",339.5,238,5.0,0.6
07:36:20,"[337.07, 57]","[336.44, 36]","[342.0, 21]","[345.0, 14]",339.54,128,4.93,0.45
07:36:21,"[337.0, 100]","[335.0, 20]","[344.08, 26]","[349.94, 34]",340.54,180,7.08,0.33
07:36:22,"[337.0, 120]","[335.0, 24]","[341.0, 24]","[343.1, 42]",339.0,210,4.0,0.37
07:36:23,"[337.0, 140]","[335.0, 28]","[341.5, 24]","[347.86, 50]",339.25,242,4.5,0.39
07:36:24,"[337.0, 66]","[335.0, 18]","[347.73, 30]","[349.87, 15]",342.37,129,10.73,0.3
07:36:25,"[336.37, 35]","[333.9, 29]","[348.0, 52]","[352.0, 13]",342.19,129,11.63,-0.01
07:36:26,"[334.6, 20]","[332.64, 56]","[348.0, 48]","[352.0, 12]",341.3,136,13.4,0.12
07:36:27,"[336.78, 127]","[335.54, 76]","[347.96, 92]","[351.38, 26]",342.37,321,11.18,0.26
07:36:28,"[338.0, 36]","[337.0, 198]","[345.39, 72]","[347.22, 72]",341.69,378,7.39,0.24
07:36:29,"[338.0, 30]","[337.0, 165]","[342.07, 60]","[343.6, 60]",340.03,315,4.07,0.24
07:36:30,"[338.65, 62]","[337.15, 143]","[340.59, 88]","[342.18, 88]",339.62,381,1.95,0.08
07:36:31,"[337.33, 90]","[336.85, 72]","[339.45, 58]","[340.59, 54]",338.39,274,2.11,0.18
07:36:32,"[337.0, 74]","[334.0, 13]","[341.3, 20]","[347.49, 37]",339.15,144,4.3,0.21
07:36:33,"[337.0, 44]","[334.0, 11]","[349.31, 26]","[350.51, 49]",343.15,130,12.31,-0.15
07:36:34,"[337.0, 24]","[334.0, 6]","[349.0, 24]","[355.8, 25]",343.0,79,12.0,-0.24
07:36:35,"[334.1, 58]","[332.07, 116]","[348.18, 44]","[351.1, 42]",341.14,260,14.08,0.34
07:36:36,"[333.49, 41]","[332.05, 118]","[348.0, 36]","[351.0, 36]",340.74,231,14.51,0.38
07:36:37,"[334.0, 120]","[333.0, 36]","[346.25, 32]","[347.38, 42]",340.12,230,12.25,0.36
07:36:38,"[334.0, 150]","[333.0, 45]","[343.8, 50]","[345.5, 40]",338.9,285,9.8,0.37
07:36:39,"[334.0, 120]","[333.0, 36]","[341.75, 40]","[343.35, 34]",337.88,230,7.75,0.36
07:36:40,"[334.0, 100]","[333.0, 30]","[339.94, 32]","[340.95, 19]",336.97,181,5.94,0.44
07:36:41,"[334.0, 140]","[333.0, 42]","[338.96, 27]","[339.87, 15]",336.48,224,4.96,0.62
07:36:42,"[334.0, 130]","[333.0, 42]","[337.36, 14]","[339.0, 28]",335.68,214,3.36,0.61
07:36:43,"[334.0, 41]","[333.0, 33]","[342.25, 20]","[346.27, 41]",338.12,135,8.25,0.1
07:36:44,"[334.0, 42]","[333.0, 42]","[345.49, 65]","[350.74, 76]",339.75,225,11.49,-0.25
07:36:45,"[335.03, 29]","[333.36, 42]","[345.0, 98]","[351.0, 84]",340.02,253,9.97,-0.44
07:36:46,"[335.0, 55]","[334.0, 11]","[344.82, 68]","[349.17, 69]",339.91,203,9.82,-0.35
07:36:47,"[336.07, 67]","[335.0, 47]","[342.63, 87]","[343.99, 123]",339.35,324,6.56,-0.3
07:36:48,"[339.76, 41]","[338.0, 13]","[342.25, 64]","[343.87, 77]",341.0,195,2.49,-0.45
07:36:49,"[340.0, 6]","[338.0, 6]","[341.67, 30]","[344.0, 24]",340.83,66,1.67,-0.64
07:36:50,"[339.0, 10]","[337.5, 10]","[343.93, 45]","[349.61, 46]",341.47,111,4.93,-0.64
07:36:51,"[337.73, 11]","[334.6, 20]","[347.0, 44]","[348.45, 44]",342.36,119,9.27,-0.48
07:36:52,"[337.0, 11]","[333.0, 89]","[345.88, 43]","[348.73, 44]",341.44,187,8.88,0.07
07:36:53,"[337.0, 8]","[334.0, 24]","[345.12, 32]","[349.0, 32]",341.06,96,8.12,-0.33
07:36:54,"[333.0, 143]","[332.0, 77]","[344.18, 44]","[349.44, 50]",338.59,314,11.18,0.4
07:36:55,"[333.0, 91]","[332.0, 49]","[343.43, 28]","[347.6, 20]",338.21,188,10.43,0.49
07:36:56,"[333.0, 146]","[332.0, 84]","[343.0, 48]","[345.5, 48]",338.0,326,10.0,0.41
07:36:57,"[333.0, 198]","[332.0, 126]","[341.67, 72]","[344.17, 72]",337.33,468,8.67,0.38
07:36:58,"[333.0, 96]","[332.0, 70]","[339.65, 31]","[341.27, 37]",336.32,234,6.65,0.42
07:36:59,"[333.0, 92]","[332.0, 98]","[336.64, 56]","[339.0, 14]",334.82,260,3.64,0.46
07:37:00,"[333.0, 60]","[332.0, 70]","[334.5, 16]","[335.24, 34]",333.75,180,1.5,0.44
07:37:01,"[332.7, 47]","[328.89, 103]","[334.47, 17]","[335.63, 38]",333.59,205,1.77,0.46
07:37:02,"[332.48, 23]","[331.08, 87]","[334.46, 52]","[347.76, 29]",333.47,191,1.98,0.15
07:37:03,"[332.0, 66]","[324.27, 55]","[333.78, 36]","[338.57, 23]",332.89,180,1.78,0.34
07:37:04,"[329.86, 49]","[324.85, 41]","[335.82, 17]","[341.3, 37]",332.84,144,5.97,0.25
07:37:05,"[325.0, 45]","[324.0, 18]","[349.92, 39]","[350.67, 45]",337.46,147,24.92,-0.14
07:37:06,"[325.41, 59]","[321.11, 83]","[350.0, 78]","[351.0, 65]",337.7,285,24.59,-0.0
07:37:07,"[327.7, 81]","[323.69, 68]","[348.0, 61]","[348.72, 74]",337.85,284,20.3,0.05
07:37:08,"[327.91, 46]","[323.3, 69]","[330.26, 23]","[341.29, 35]",329.09,173,2.35,0.33
07:37:09,"[322.09, 350]","[306.24, 67]","[328.78, 32]","[329.38, 24]",325.43,473,6.7,0.76
07:37:10,"[322.0, 480]","[283.33, 30]","[326.27, 15]","[328.87, 45]",324.13,570,4.27,0.79
07:37:11,"[322.0, 224]","[234.29, 14]","[326.0, 13]","[327.5, 16]",324.0,267,4.0,0.78
07:37:12,"[322.12, 136]","[312.08, 105]","[326.0, 40]","[327.0, 16]",324.06,297,3.88,0.62
07:37:13,"[324.0, 28]","[319.0, 210]","[325.4, 50]","[326.59, 37]",324.7,325,1.4,0.46
07:37:14,"[324.22, 46]","[319.89, 177]","[325.98, 53]","[326.86, 37]",325.1,313,1.76,0.42
07:37:15,"[323.0, 16]","[320.0, 120]","[326.0, 8]","[327.0, 16]",324.5,160,3.0,0.7
07:37:16,"[323.0, 18]","[320.0, 135]","[326.0, 9]","[327.0, 18]",324.5,180,3.0,0.7
07:37:17,"[323.0, 14]","[320.0, 105]","[327.43, 7]","[333.67, 30]",325.21,156,4.43,0.53
07:37:18,"[323.0, 6]","[320.0, 45]","[331.0, 3]","[337.0, 30]",327.0,84,8.0,0.21
07:37:19,"[323.0, 16]","[320.0, 120]","[329.25, 8]","[336.81, 62]",326.12,206,6.25,0.32
07:37:20,"[325.5, 32]","[316.45, 198]","[334.29, 35]","[336.77, 26]",329.89,291,8.79,0.58
07:37:21,"[335.65, 51]","[327.48, 42]","[339.0, 120]","[415.57, 23]",337.32,236,3.35,-0.21
07:37:22,"[336.4, 15]","[333.04, 75]","[338.56, 57]","[352.5, 44]",337.48,191,2.16,-0.06
07:37:23,"[333.38, 58]","[332.94, 147]","[338.04, 73]","[339.1, 52]",335.71,330,4.66,0.24
07:37:24,"[334.0, 39]","[333.0, 156]","[338.71, 41]","[340.11, 57]",336.35,293,4.71,0.33
07:37:25,"[334.22, 100]","[333.07, 168]","[339.66, 59]","[341.42, 53]",336.94,380,5.44,0.41
07:37:26,"[335.0, 88]","[334.0, 48]","[339.0, 40]","[346.25, 24]",337.0,200,4.0,0.36
07:37:27,"[335.07, 165]","[334.0, 90]","[338.69, 51]","[339.3, 47]",336.88,353,3.62,0.44
07:37:28,"[336.34, 164]","[333.78, 108]","[338.73, 41]","[339.31, 68]",337.53,381,2.4,0.43
07:37:29,"[335.33, 135]","[334.0, 90]","[340.0, 75]","[345.46, 37]",337.67,337,4.67,0.34
07:37:30,"[337.57, 127]","[334.0, 90]","[339.77, 71]","[343.74, 53]",338.67,341,2.2,0.27
07:37:31,"[338.9, 50]","[334.0, 60]","[340.2, 50]","[346.0, 30]",339.55,190,1.3,0.16
07:37:32,"[339.0, 70]","[334.0, 84]","[341.55, 60]","[342.69, 35]",340.27,249,2.55,0.24
07:37:33,"[339.0, 35]","[334.12, 82]","[340.77, 39]","[341.85, 59]",339.88,215,1.77,0.09
07:37:34,"[336.22, 54]","[334.62, 122]","[341.77, 35]","[346.88, 41]",339.0,252,5.55,0.4
07:37:35,"[334.0, 96]","[333.0, 224]","[346.65, 31]","[347.32, 84]",340.32,435,12.65,0.47
07:37:36,"[333.22, 125]","[331.59, 119]","[345.57, 14]","[347.21, 70]",339.39,328,12.36,0.49
07:37:37,"[333.0, 168]","[325.0, 36]","[343.58, 12]","[347.69, 48]",338.29,264,10.58,0.55
07:37:38,"[333.88, 102]","[332.04, 144]","[342.0, 15]","[343.0, 15]",337.94,276,8.12,0.78
07:37:39,"[333.0, 126]","[326.17, 29]","[340.78, 9]","[342.89, 9]",336.89,173,7.78,0.79
07:37:40,"[333.2, 60]","[331.42, 76]","[340.0, 8]","[344.0, 8]",336.6,152,6.8,0.79
07:37:41,"[333.27, 89]","[330.5, 72]","[339.67, 12]","[345.26, 19]",336.47,192,6.4,0.68
07:37:42,"[334.4, 60]","[333.0, 105]","[338.6, 15]","[345.81, 62]",336.5,242,4.2,0.36
07:37:43,"[336.88, 65]","[333.0, 119]","[339.92, 24]","[344.49, 79]",338.4,287,3.04,0.28
07:37:44,"[337.64, 33]","[333.0, 77]","[345.0, 30]","[347.45, 31]",341.32,171,7.36,0.29
07:37:45,"[338.08, 39]","[333.0, 91]","[345.0, 26]","[346.0, 26]",341.54,182,6.92,0.43
07:37:46,"[339.51, 35]","[333.56, 85]","[345.0, 30]","[346.0, 30]",342.26,180,5.49,0.33
07:37:47,"[339.0, 10]","[333.0, 70]","[345.0, 20]","[346.0, 20]",342.0,120,6.0,0.33
07:37:48,"[335.29, 17]","[331.9, 49]","[345.0, 18]","[346.0, 18]",340.15,102,9.71,0.29
07:37:49,"[333.14, 36]","[330.67, 12]","[345.0, 16]","[346.0, 16]",339.07,80,11.86,0.2
07:37:50,"[333.0, 41]","[329.0, 7]","[345.0, 14]","[346.0, 14]",339.0,76,12.0,0.26
07:37:51,"[333.0, 76]","[327.11, 38]","[344.9, 20]","[345.82, 22]",338.95,156,11.9,0.46
07:37:52,"[333.0, 70]","[327.42, 113]","[343.14, 14]","[344.21, 28]",338.07,225,10.14,0.63
07:37:53,"[334.47, 19]","[333.0, 95]","[342.0, 19]","[344.58, 38]",338.24,171,7.53,0.33
07:37:54,"[335.0, 11]","[333.0, 55]","[341.0, 11]","[343.0, 22]",338.0,99,6.0,0.33
07:37:55,"[335.9, 80]","[333.33, 48]","[339.81, 21]","[342.44, 27]",337.85,176,3.91,0.45
07:37:56,"[336.24, 142]","[335.0, 16]","[338.59, 37]","[339.6, 20]",337.42,215,2.36,0.47
07:37:57,"[336.72, 72]","[333.23, 79]","[341.35, 55]","[345.14, 42]",339.03,248,4.62,0.22
07:37:58,"[336.98, 97]","[334.26, 19]","[344.0, 52]","[345.0, 26]",340.49,194,7.02,0.2
07:37:59,"[337.48, 62]","[336.93, 111]","[344.0, 56]","[345.0, 28]",340.74,257,6.52,0.35
07:38:00,"[338.55, 33]","[337.0, 121]","[343.73, 44]","[344.57, 28]",341.14,226,5.18,0.36
07:38:01,"[337.99, 82]","[336.9, 104]","[342.36, 56]","[345.93, 30]",340.17,272,4.37,0.37
07:38:02,"[337.0, 165]","[335.0, 15]","[342.0, 60]","[348.0, 30]",339.5,270,5.0,0.33
07:38:03,"[337.0, 65]","[334.5, 10]","[342.0, 40]","[348.0, 32]",339.5,147,5.0,0.02
07:38:04,"[337.0, 66]","[334.0, 17]","[342.0, 44]","[348.0, 66]",339.5,193,5.0,-0.14
07:38:05,"[337.0, 84]","[334.0, 56]","[340.86, 56]","[347.53, 68]",338.93,264,3.86,0.06
07:38:06,"[336.26, 105]","[333.96, 56]","[339.79, 73]","[348.23, 62]",338.03,296,3.54,0.09
07:38:07,"[337.54, 98]","[334.0, 24]","[347.0, 24]","[348.0, 48]",342.27,194,9.46,0.26
07:38:08,"[338.0, 48]","[334.0, 24]","[346.33, 24]","[348.33, 48]",342.17,144,8.33,0.0
07:38:09,"[338.0, 48]","[334.0, 24]","[344.92, 24]","[352.5, 96]",341.46,192,6.92,-0.25
07:38:10,"[338.0, 64]","[334.0, 32]","[342.81, 32]","[353.0, 120]",340.41,248,4.81,-0.23
07:38:11,"[338.0, 48]","[334.0, 24]","[341.48, 29]","[347.79, 28]",339.74,129,3.48,0.12
07:38:12,"[338.11, 36]","[337.07, 28]","[340.3, 30]","[342.0, 20]",339.21,114,2.19,0.12
07:38:13,"[338.2, 40]","[337.4, 40]","[340.0, 36]","[348.4, 40]",339.1,156,1.8,0.03
07:38:14,"[337.18, 22]","[334.6, 15]","[340.0, 21]","[350.0, 28]",338.59,86,2.82,-0.14
07:38:15,"[335.92, 37]","[332.57, 77]","[338.44, 48]","[348.44, 36]",337.18,198,2.52,0.15
07:38:16,"[333.0, 34]","[332.0, 163]","[335.12, 51]","[348.83, 36]",334.06,284,2.12,0.39
07:38:17,"[332.2, 50]","[331.34, 73]","[340.29, 31]","[350.38, 42]",336.25,196,8.09,0.26
07:38:18,"[332.0, 60]","[331.0, 72]","[344.92, 26]","[350.78, 46]",338.46,204,12.92,0.29
07:38:19,"[332.0, 80]","[331.0, 96]","[340.47, 57]","[341.89, 36]",336.24,269,8.47,0.31
07:38:20,"[332.12, 51]","[331.14, 84]","[334.95, 43]","[336.89, 47]",333.54,225,2.84,0.2
07:38:21,"[331.3, 69]","[329.76, 66]","[334.14, 51]","[340.0, 21]",332.72,207,2.83,0.3
07:38:22,"[329.74, 46]","[326.15, 39]","[332.9, 21]","[337.0, 27]",331.32,133,3.17,0.28
07:38:23,"[324.0, 11]","[318.0, 33]","[331.0, 11]","[345.0, 22]",327.5,77,7.0,0.14
07:38:24,"[324.0, 5]","[318.0, 15]","[331.0, 5]","[349.0, 20]",327.5,45,7.0,-0.11
07:38:25,"[320.0, 18]","[289.06, 34]","[344.15, 26]","[348.84, 38]",332.08,116,24.15,-0.1
07:38:26,"[318.0, 21]","[251.75, 16]","[343.0, 34]","[344.0, 14]",330.5,85,25.0,-0.13
07:38:27,"[324.24, 41]","[297.83, 36]","[343.0, 99]","[345.27, 44]",333.62,220,18.76,-0.3
07:38:28,"[324.17, 23]","[318.77, 31]","[343.0, 99]","[345.0, 44]",333.59,197,18.83,-0.45
07:38:29,"[324.0, 14]","[318.71, 21]","[343.0, 63]","[345.0, 28]",333.5,126,19.0,-0.44
07:38:30,"[321.43, 28]","[162.33, 21]","[341.06, 32]","[343.19, 54]",331.25,135,19.63,-0.27
07:38:31,"[324.15, 33]","[281.85, 33]","[339.73, 22]","[341.84, 45]",331.94,133,15.58,-0.01
07:38:32,"[328.77, 70]","[325.25, 48]","[337.73, 33]","[338.54, 35]",333.25,186,8.96,0.27
07:38:33,"[330.11, 54]","[328.0, 36]","[335.56, 27]","[336.45, 22]",332.83,139,5.44,0.29
07:38:34,"[331.0, 54]","[320.76, 41]","[334.35, 17]","[336.84, 19]",332.68,131,3.35,0.45
07:38:35,"[331.0, 48]","[319.0, 36]","[333.0, 8]","[337.77, 26]",332.0,118,2.0,0.42
07:38:36,"[325.44, 68]","[290.94, 71]","[336.56, 54]","[340.7, 73]",331.0,266,11.11,0.05
07:38:37,"[323.12, 40]","[320.33, 27]","[338.0, 44]","[343.0, 99]",330.56,210,14.88,-0.36
07:38:38,"[331.75, 122]","[327.45, 112]","[338.0, 80]","[342.85, 162]",334.88,476,6.25,-0.02
07:38:39,"[332.59, 44]","[331.43, 47]","[338.0, 36]","[341.0, 36]",335.3,163,5.41,0.12
07:38:40,"[333.75, 120]","[332.57, 95]","[337.32, 73]","[340.64, 56]",335.53,344,3.57,0.25
07:38:41,"[335.0, 130]","[334.0, 91]","[338.96, 46]","[340.75, 16]",336.98,283,3.96,0.56
07:38:42,"[335.3, 71]","[334.56, 99]","[339.47, 53]","[340.98, 41]",337.38,264,4.18,0.29
07:38:43,"[336.82, 33]","[334.8, 100]","[340.0, 15]","[344.0, 22]",338.41,170,3.18,0.56
07:38:44,"[337.0, 27]","[333.73, 33]","[340.0, 9]","[343.62, 16]",338.5,85,3.0,0.41
07:38:45,"[337.36, 33]","[336.0, 22]","[340.0, 11]","[341.0, 11]",338.68,77,2.64,0.43
07:38:46,"[338.0, 36]","[336.0, 24]","[339.2, 30]","[341.08, 12]",338.6,102,1.2,0.18
07:38:47,"[338.0, 30]","[336.0, 20]","[339.0, 40]","[342.0, 10]",338.5,100,1.0,0.0
07:38:48,"[337.12, 16]","[334.38, 13]","[338.8, 40]","[342.0, 10]",337.96,79,1.68,-0.27
07:38:49,"[336.0, 37]","[333.0, 13]","[338.0, 52]","[342.0, 13]",337.0,115,2.0,-0.13
07:38:50,"[336.0, 36]","[333.0, 9]","[337.22, 36]","[342.22, 9]",336.61,90,1.22,0.0
07:38:51,"[335.18, 22]","[332.1, 40]","[338.64, 22]","[346.5, 32]",336.91,116,3.45,0.07
07:38:52,"[333.0, 19]","[332.0, 114]","[341.34, 58]","[344.54, 41]",337.17,232,8.34,0.15
07:38:53,"[333.0, 14]","[332.0, 84]","[339.41, 46]","[340.46, 52]",336.21,196,6.41,0.0
07:38:54,"[332.06, 89]","[326.95, 61]","[335.89, 53]","[338.07, 80]",333.97,283,3.83,0.06
07:38:55,"[332.0, 66]","[322.26, 19]","[333.45, 55]","[335.0, 22]",332.73,162,1.45,0.05
07:38:56,"[332.4, 15]","[322.22, 27]","[335.0, 30]","[344.0, 54]",333.7,126,2.6,-0.33
07:38:57,"[332.0, 12]","[321.5, 24]","[335.0, 24]","[344.0, 48]",333.5,108,3.0,-0.33
07:38:58,"[332.0, 12]","[323.4, 20]","[334.83, 24]","[344.0, 48]",333.42,104,2.83,-0.38
07:38:59,"[330.71, 14]","[322.88, 25]","[333.08, 26]","[344.82, 49]",331.9,114,2.36,-0.32
07:39:00,"[326.81, 96]","[325.56, 61]","[331.56, 36]","[343.18, 39]",329.18,232,4.74,0.35
07:39:01,"[328.99, 194]","[328.2, 91]","[337.94, 48]","[342.25, 44]",333.46,377,8.95,0.51
07:39:02,"[331.87, 98]","[331.11, 239]","[341.0, 69]","[342.35, 23]",336.43,429,9.13,0.57
07:39:03,"[336.0, 11]","[332.0, 99]","[340.38, 26]","[341.6, 15]",338.19,151,4.38,0.46
07:39:04,"[336.43, 21]","[332.11, 111]","[338.67, 30]","[342.13, 15]",337.55,177,2.24,0.49
07:39:05,"[337.97, 149]","[336.71, 17]","[344.0, 17]","[345.65, 69]",340.98,252,6.03,0.32
07:39:06,"[338.0, 197]","[337.0, 27]","[344.0, 18]","[345.0, 54]",341.0,296,6.0,0.51
07:39:07,"[338.29, 42]","[337.0, 70]","[344.0, 7]","[345.0, 27]",341.14,146,5.71,0.53
07:39:08,"[339.0, 30]","[337.0, 50]","[344.0, 5]","[345.0, 20]",341.5,105,5.0,0.52
07:39:09,"[339.0, 66]","[337.0, 106]","[344.0, 11]","[345.0, 44]",341.5,227,5.0,0.52
07:39:10,"[339.0, 78]","[337.26, 61]","[341.77, 31]","[343.73, 44]",340.39,214,2.77,0.3
07:39:11,"[339.0, 36]","[338.0, 12]","[341.0, 12]","[342.0, 18]",340.0,78,2.0,0.23
07:39:12,"[339.0, 64]","[338.0, 26]","[341.03, 33]","[343.12, 25]",340.02,148,2.03,0.22
07:39:13,"[338.65, 23]","[337.33, 54]","[344.53, 17]","[352.61, 23]",341.59,117,5.88,0.32
07:39:14,"[337.4, 30]","[336.96, 56]","[347.0, 8]","[351.0, 8]",342.2,102,9.6,0.69
07:39:15,"[337.0, 36]","[336.0, 4]","[347.0, 4]","[351.0, 4]",342.0,48,10.0,0.67
07:39:16,"[337.0, 108]","[336.0, 12]","[346.02, 56]","[347.33, 12]",341.51,188,9.02,0.28
07:39:17,"[337.0, 84]","[336.0, 11]","[346.0, 55]","[352.45, 11]",341.5,161,9.0,0.18
07:39:18,"[337.0, 40]","[336.0, 10]","[345.7, 50]","[353.0, 20]",341.35,120,8.7,-0.17
07:39:19,"[337.18, 34]","[336.53, 15]","[345.0, 45]","[352.0, 18]",341.09,112,7.82,-0.12
07:39:20,"[338.8, 30]","[337.0, 40]","[345.0, 50]","[349.0, 40]",341.9,160,6.2,-0.12
07:39:21,"[338.6, 45]","[336.94, 51]","[342.53, 75]","[348.33, 60]",340.57,231,3.93,-0.17
07:39:22,"[337.0, 45]","[336.0, 15]","[342.0, 75]","[347.6, 60]",339.5,195,5.0,-0.38
07:39:23,"[337.0, 30]","[336.0, 10]","[342.0, 50]","[347.0, 40]",339.5,130,5.0,-0.38
07:39:24,"[337.0, 24]","[336.0, 8]","[342.0, 40]","[347.0, 32]",339.5,104,5.0,-0.38
07:39:25,"[336.25, 20]","[335.14, 7]","[342.0, 30]","[347.0, 24]",339.12,81,5.75,-0.33
07:39:26,"[334.0, 60]","[333.0, 24]","[339.68, 57]","[342.0, 29]",336.84,170,5.68,-0.01
07:39:27,"[334.0, 75]","[333.0, 30]","[337.67, 60]","[338.96, 45]",335.83,210,3.67,0.0
07:39:28,"[333.94, 62]","[332.82, 34]","[337.45, 49]","[340.77, 60]",335.69,205,3.51,-0.06
07:39:29,"[333.0, 12]","[332.0, 18]","[347.0, 24]","[351.0, 6]",340.0,60,14.0,0.0
07:39:30,"[333.0, 22]","[332.0, 33]","[346.98, 41]","[348.09, 22]",339.99,118,13.98,-0.07
07:39:31,"[333.69, 26]","[332.06, 32]","[345.0, 11]","[347.0, 60]",339.35,129,11.31,-0.1
07:39:32,"[336.0, 72]","[333.0, 24]","[344.58, 12]","[347.0, 60]",340.29,168,8.58,0.14
07:39:33,"[336.0, 96]","[333.0, 73]","[342.21, 38]","[344.62, 21]",339.11,228,6.21,0.48
07:39:34,"[336.0, 48]","[333.0, 135]","[341.43, 21]","[342.14, 21]",338.71,225,5.43,0.63
07:39:35,"[336.0, 56]","[333.0, 210]","[339.8, 15]","[341.1, 29]",337.9,310,3.8,0.72
07:39:36,"[336.0, 30]","[333.0, 165]","[337.16, 31]","[339.33, 12]",336.58,238,1.16,0.64
07:39:37,"[333.06, 107]","[332.19, 78]","[336.43, 23]","[338.1, 10]",334.75,218,3.38,0.7
07:39:38,"[333.0, 137]","[332.0, 90]","[334.88, 24]","[338.77, 26]",333.94,277,1.88,0.64
07:39:39,"[333.0, 105]","[332.0, 81]","[335.54, 26]","[345.4, 20]",334.27,232,2.54,0.6
07:39:40,"[333.88, 100]","[332.69, 117]","[345.0, 26]","[347.0, 52]",339.44,295,11.12,0.47
07:39:41,"[335.58, 76]","[333.0, 172]","[346.87, 62]","[349.33, 36]",341.22,346,11.29,0.43
07:39:42,"[336.0, 112]","[333.0, 154]","[346.0, 56]","[347.0, 20]",341.0,342,10.0,0.56
07:39:43,"[336.47, 60]","[334.43, 84]","[345.36, 56]","[347.63, 19]",340.91,219,8.89,0.32
07:39:44,"[336.43, 28]","[334.71, 84]","[344.88, 64]","[349.0, 96]",340.65,272,8.45,-0.18
07:39:45,"[337.4, 57]","[335.69, 67]","[343.24, 68]","[347.6, 60]",340.32,252,5.83,-0.02
07:39:46,"[338.67, 108]","[337.0, 24]","[341.75, 48]","[350.23, 35]",340.21,215,3.08,0.23
07:39:47,"[339.0, 97]","[337.0, 26]","[340.0, 52]","[343.62, 47]",339.5,222,1.0,0.11
07:39:48,"[339.0, 36]","[337.0, 16]","[340.0, 32]","[349.0, 24]",339.5,108,1.0,-0.04
07:39:49,"[339.0, 16]","[337.0, 8]","[340.0, 16]","[349.0, 12]",339.5,52,1.0,-0.08
07:39:50,"[339.0, 32]","[337.0, 16]","[340.0, 32]","[349.0, 24]",339.5,104,1.0,-0.08
07:39:51,"[338.88, 33]","[336.83, 24]","[340.63, 43]","[349.06, 31]",339.75,131,1.75,-0.13
07:39:52,"[336.8, 20]","[335.76, 34]","[347.32, 22]","[348.39, 28]",342.06,104,10.52,0.04
07:39:53,"[330.75, 40]","[328.11, 44]","[345.81, 31]","[346.14, 35]",338.28,150,15.06,0.12
07:39:54,"[333.0, 10]","[330.0, 60]","[340.25, 36]","[344.44, 16]",336.62,122,7.25,0.15
07:39:55,"[333.0, 12]","[330.0, 72]","[339.91, 44]","[344.4, 20]",336.45,148,6.91,0.14
07:39:56,"[333.99, 73]","[332.0, 18]","[343.48, 29]","[344.35, 23]",338.73,143,9.5,0.27
07:39:57,"[335.67, 36]","[333.98, 61]","[340.0, 33]","[341.0, 11]",337.83,141,4.33,0.38
07:39:58,"[336.0, 33]","[334.0, 66]","[338.37, 49]","[340.11, 27]",337.18,175,2.37,0.13
07:39:59,"[336.0, 45]","[334.0, 90]","[337.29, 51]","[341.72, 29]",336.65,215,1.29,0.26
07:40:00,"[334.25, 48]","[333.6, 20]","[346.08, 26]","[351.8, 20]",340.16,114,11.83,0.19
07:40:01,"[334.0, 30]","[333.0, 10]","[349.0, 30]","[354.0, 20]",341.5,90,15.0,-0.11
07:40:02,"[335.43, 42]","[333.88, 34]","[346.31, 36]","[348.5, 36]",340.87,148,10.88,0.03
07:40:03,"[336.99, 227]","[335.9, 59]","[342.59, 61]","[343.88, 41]",339.79,388,5.6,0.47
07:40:04,"[337.65, 173]","[336.77, 235]","[341.77, 52]","[342.12, 68]",339.71,528,4.12,0.55
07:40:05,"[338.32, 97]","[336.85, 213]","[341.69, 54]","[345.72, 96]",340.0,460,3.37,0.35
07:40:06,"[337.0, 88]","[336.0, 88]","[341.12, 40]","[349.0, 24]",339.06,240,4.12,0.47
07:40:07,"[337.0, 88]","[336.0, 88]","[339.12, 40]","[349.0, 35]",338.06,251,2.12,0.4
07:40:08,"[337.0, 49]","[336.0, 99]","[339.0, 45]","[349.0, 36]",338.0,229,2.0,0.29
07:40:09,"[336.21, 42]","[335.57, 42]","[342.28, 25]","[349.36, 22]",339.25,131,6.07,0.28
07:40:10,"[336.0, 55]","[334.0, 15]","[347.0, 30]","[351.0, 15]",341.5,115,11.0,0.22
07:40:11,"[336.0, 110]","[334.0, 45]","[346.75, 48]","[348.71, 42]",341.38,245,10.75,0.27
07:40:12,"[336.0, 99]","[333.71, 17]","[346.0, 27]","[347.0, 54]",341.0,197,10.0,0.18
07:40:13,"[336.0, 66]","[333.0, 6]","[345.23, 26]","[346.43, 28]",340.62,126,9.23,0.14
07:40:14,"[336.0, 110]","[333.99, 91]","[345.0, 84]","[346.0, 46]",340.5,331,9.0,0.21
07:40:15,"[336.0, 55]","[334.0, 50]","[345.0, 45]","[346.0, 20]",340.5,170,9.0,0.24
07:40:16,"[336.0, 99]","[334.0, 90]","[342.12, 33]","[343.65, 37]",339.06,259,6.12,0.46
07:40:17,"[336.0, 75]","[334.0, 120]","[337.74, 27]","[345.26, 39]",336.87,261,1.74,0.49
07:40:18,"[336.0, 24]","[333.67, 30]","[349.33, 48]","[351.93, 45]",342.67,147,13.33,-0.27
07:40:19,"[336.0, 22]","[333.0, 11]","[349.0, 52]","[352.0, 44]",342.5,129,13.0,-0.49
07:40:20,"[334.5, 12]","[332.2, 15]","[349.0, 18]","[352.0, 36]",341.75,81,14.5,-0.33
07:40:21,"[334.95, 79]","[332.24, 21]","[347.26, 46]","[350.12, 32]",341.11,178,12.31,0.12
07:40:22,"[335.0, 84]","[332.0, 24]","[346.58, 48]","[347.37, 38]",340.79,194,11.58,0.11
07:40:23,"[335.0, 71]","[332.0, 28]","[345.07, 56]","[347.0, 100]",340.04,255,10.07,-0.22
07:40:24,"[335.0, 36]","[332.0, 18]","[342.67, 36]","[347.68, 50]",338.83,140,7.67,-0.23
07:40:25,"[335.0, 40]","[332.0, 20]","[341.4, 40]","[348.0, 80]",338.2,180,6.4,-0.33
07:40:26,"[335.5, 32]","[334.4, 40]","[340.67, 48]","[348.0, 36]",338.08,156,5.17,-0.08
07:40:27,"[335.16, 25]","[331.58, 66]","[339.33, 36]","[348.0, 24]",337.25,151,4.17,0.21
07:40:28,"[335.49, 71]","[332.08, 72]","[337.24, 68]","[346.17, 46]",336.36,257,1.74,0.11
07:40:29,"[336.0, 80]","[335.0, 36]","[337.43, 46]","[343.55, 42]",336.72,204,1.43,0.14
07:40:30,"[336.0, 12]","[335.0, 12]","[347.0, 8]","[353.0, 20]",341.5,52,11.0,-0.08
07:40:31,"[336.0, 51]","[335.0, 51]","[346.13, 46]","[352.43, 82]",341.07,230,10.13,-0.11
07:40:32,"[336.0, 18]","[335.0, 18]","[345.4, 10]","[349.33, 18]",340.7,64,9.4,0.12
07:40:33,"[335.53, 17]","[332.28, 95]","[344.0, 11]","[346.0, 22]",339.76,145,8.47,0.54
07:40:34,"[335.0, 9]","[332.0, 99]","[343.22, 9]","[346.0, 18]",339.11,135,8.22,0.6
07:40:35,"[335.0, 6]","[332.0, 66]","[341.33, 6]","[346.0, 12]",338.17,90,6.33,0.6
07:40:36,"[335.0, 11]","[332.0, 121]","[339.73, 11]","[346.73, 22]",337.36,165,4.73,0.6
07:40:37,"[332.25, 48]","[331.66, 53]","[338.08, 13]","[347.15, 26]",335.16,140,5.83,0.44
07:40:38,"[332.05, 44]","[330.8, 20]","[337.28, 18]","[346.11, 70]",334.66,152,5.23,-0.16
07:40:39,"[331.67, 36]","[327.9, 42]","[334.5, 36]","[341.37, 52]",333.08,166,2.83,-0.06
07:40:40,"[331.68, 31]","[329.44, 18]","[344.95, 22]","[347.7, 50]",338.32,121,13.28,-0.19
07:40:41,"[330.0, 10]","[329.0, 20]","[344.95, 43]","[345.86, 28]",337.48,101,14.95,-0.41
07:40:42,"[333.5, 12]","[329.52, 21]","[343.13, 31]","[344.61, 51]",338.31,115,9.63,-0.43
07:40:43,"[336.0, 16]","[330.0, 48]","[341.23, 62]","[342.57, 47]",338.61,173,5.23,-0.26
07:40:44,"[333.3, 20]","[328.4, 45]","[338.0, 54]","[342.4, 48]",335.65,167,4.7,-0.22
07:40:45,"[327.71, 63]","[321.56, 86]","[332.48, 52]","[335.94, 53]",330.1,254,4.77,0.17
07:40:46,"[326.86, 78]","[323.12, 68]","[330.9, 49]","[331.41, 51]",328.88,246,4.04,0.19
07:40:47,"[328.0, 20]","[326.0, 20]","[340.0, 8]","[343.0, 4]",334.0,52,12.0,0.54
07:40:48,"[328.0, 70]","[326.0, 70]","[337.0, 14]","[339.36, 28]",332.5,182,9.0,0.54
07:40:49,"[328.33, 60]","[325.15, 59]","[337.0, 12]","[339.0, 24]",332.67,155,8.67,0.54
07:40:50,"[328.57, 42]","[324.49, 69]","[337.0, 11]","[339.0, 22]",332.79,144,8.43,0.54
07:40:51,"[326.94, 35]","[325.02, 100]","[335.09, 67]","[336.35, 20]",331.02,222,8.15,0.22
07:40:52,"[327.0, 126]","[326.0, 36]","[332.89, 87]","[335.66, 50]",329.94,299,5.89,0.08
07:40:53,"[327.0, 105]","[325.02, 100]","[330.28, 71]","[331.44, 50]",328.64,326,3.28,0.26
07:40:54,"[327.0, 98]","[325.0, 98]","[329.12, 49]","[334.74, 38]",328.06,283,2.12,0.39
07:40:55,"[327.0, 37]","[325.0, 77]","[329.0, 44]","[337.67, 36]",328.0,194,2.0,0.18
07:40:56,"[325.23, 87]","[323.84, 57]","[334.62, 42]","[341.5, 32]",329.92,218,9.39,0.32
07:40:57,"[328.78, 78]","[323.69, 83]","[338.64, 44]","[339.64, 45]",333.71,250,9.85,0.29
07:40:58,"[333.0, 52]","[322.0, 111]","[336.69, 26]","[338.68, 34]",334.85,223,3.69,0.46
07:40:59,"[333.0, 42]","[322.0, 84]","[334.5, 24]","[337.0, 27]",333.75,177,1.5,0.42
07:41:00,"[333.53, 17]","[323.2, 55]","[339.36, 22]","[342.08, 25]",336.45,119,5.83,0.21
07:41:01,"[336.0, 15]","[333.0, 50]","[344.0, 22]","[346.0, 33]",340.0,120,8.0,0.08
07:41:02,"[336.62, 48]","[334.36, 66]","[344.0, 32]","[346.0, 48]",340.31,194,7.38,0.18
07:41:03,"[336.07, 43]","[333.03, 37]","[344.0, 26]","[346.0, 39]",340.03,145,7.93,0.1
07:41:04,"[333.0, 17]","[331.0, 55]","[344.0, 10]","[346.0, 15]",338.5,97,11.0,0.48
07:41:05,"[335.62, 8]","[331.78, 18]","[344.0, 16]","[346.0, 24]",339.81,66,8.38,-0.21
07:41:06,"[336.0, 10]","[333.0, 10]","[343.6, 20]","[345.38, 26]",339.8,66,7.6,-0.39
07:41:07,"[336.0, 10]","[333.0, 10]","[343.0, 20]","[345.39, 33]",339.5,73,7.0,-0.45
07:41:08,"[336.0, 15]","[333.0, 15]","[342.44, 45]","[344.24, 33]",339.22,108,6.44,-0.44
07:41:09,"[336.42, 19]","[333.8, 15]","[339.53, 62]","[341.12, 69]",337.98,165,3.11,-0.59
07:41:10,"[335.03, 31]","[332.36, 74]","[337.92, 50]","[339.57, 61]",336.48,216,2.89,-0.03
07:41:11,"[332.0, 129]","[331.0, 11]","[335.94, 34]","[343.25, 32]",333.97,206,3.94,0.36
07:41:12,"[332.06, 108]","[331.78, 54]","[333.93, 60]","[335.5, 48]",332.99,270,1.88,0.2
07:41:13,"[332.0, 50]","[331.0, 10]","[333.27, 22]","[334.43, 28]",332.64,110,1.27,0.09
07:41:14,"[329.0, 16]","[324.53, 34]","[332.82, 17]","[339.4, 30]",330.91,97,3.82,0.03
07:41:15,"[325.0, 39]","[323.0, 91]","[334.67, 30]","[345.05, 41]",329.83,201,9.67,0.29
07:41:16,"[325.0, 24]","[323.0, 56]","[336.66, 29]","[342.75, 16]",330.83,125,11.66,0.28
07:41:17,"[325.0, 33]","[323.0, 77]","[329.0, 33]","[339.0, 22]",327.0,165,4.0,0.33
07:41:18,"[325.0, 24]","[322.35, 55]","[329.0, 24]","[338.5, 16]",327.0,119,4.0,0.33
07:41:19,"[325.0, 21]","[317.31, 39]","[329.0, 21]","[338.43, 14]",327.0,95,4.0,0.26
07:41:20,"[325.33, 18]","[322.2, 30]","[329.0, 26]","[339.0, 20]",327.17,94,3.67,0.02
07:41:21,"[324.64, 11]","[320.89, 27]","[329.0, 18]","[339.0, 18]",326.82,74,4.36,0.03
07:41:22,"[320.09, 33]","[318.18, 33]","[329.0, 22]","[339.0, 22]",324.55,110,8.91,0.2
07:41:23,"[321.94, 54]","[318.26, 70]","[328.72, 25]","[334.62, 32]",325.33,181,6.78,0.37
07:41:24,"[318.16, 38]","[316.38, 26]","[328.0, 8]","[329.0, 16]",323.08,88,9.84,0.45
07:41:25,"[318.0, 45]","[316.0, 82]","[327.22, 9]","[329.0, 18]",322.61,154,9.22,0.65
07:41:26,"[318.46, 46]","[316.55, 101]","[330.73, 15]","[329.57, 23]",324.59,185,12.28,0.59
07:41:27,"[329.35, 34]","[318.89, 57]","[340.51, 63]","[341.17, 47]",334.93,201,11.15,-0.09
07:41:28,"[321.72, 29]","[319.94, 33]","[339.88, 68]","[340.9, 30]",330.8,160,18.16,-0.23
07:41:29,"[331.19, 32]","[328.24, 29]","[337.71, 28]","[340.57, 14]",334.45,103,6.53,0.18
07:41:30,"[331.0, 18]","[323.0, 6]","[335.5, 16]","[336.4, 20]",333.25,60,4.5,-0.2
07:41:31,"[330.2, 20]","[320.8, 30]","[332.6, 20]","[335.5, 24]",331.4,94,2.4,0.06
07:41:32,"[324.0, 15]","[320.0, 165]","[328.94, 17]","[332.4, 30]",326.47,227,4.94,0.59
07:41:33,"[324.0, 17]","[320.0, 187]","[327.0, 34]","[328.0, 17]",325.5,255,3.0,0.6
07:41:34,"[320.94, 32]","[319.59, 112]","[325.53, 15]","[327.43, 14]",323.24,173,4.6,0.66
07:41:35,"[322.0, 18]","[316.04, 185]","[323.11, 18]","[328.0, 18]",322.56,239,1.11,0.7
07:41:36,"[316.46, 26]","[315.41, 34]","[325.5, 4]","[336.75, 16]",320.98,80,9.04,0.5
07:41:37,"[316.09, 66]","[315.48, 97]","[327.73, 11]","[337.49, 59]",321.91,233,11.64,0.4
07:41:38,"[317.38, 13]","[315.49, 86]","[326.46, 13]","[328.0, 13]",321.92,125,9.08,0.58
07:41:39,"[318.0, 12]","[315.0, 132]","[326.0, 12]","[328.0, 12]",322.0,168,8.0,0.71
07:41:40,"[319.28, 36]","[317.81, 78]","[324.44, 16]","[328.0, 16]",321.86,146,5.16,0.56
07:41:41,"[313.93, 70]","[315.38, 120]","[326.15, 47]","[328.13, 78]",320.04,315,12.22,0.21
07:41:42,"[312.66, 128]","[312.11, 56]","[326.7, 54]","[329.0, 33]",319.68,271,14.05,0.36
07:41:43,"[314.29, 196]","[313.47, 186]","[324.35, 80]","[327.0, 100]",319.32,562,10.06,0.36
07:41:44,"[317.9, 100]","[315.0, 180]","[323.0, 80]","[327.85, 78]",320.45,438,5.1,0.28
07:41:45,"[320.93, 70]","[315.0, 126]","[323.0, 56]","[329.0, 42]",321.96,294,2.07,0.33
07:41:46,"[327.93, 72]","[326.66, 114]","[333.0, 84]","[408.55, 44]",330.47,314,5.07,0.18
07:41:47,"[332.0, 64]","[331.0, 72]","[333.0, 48]","[352.88, 8]",332.5,192,1.0,0.42
07:41:48,"[332.0, 68]","[331.0, 99]","[333.0, 66]","[548.5, 32]",332.5,265,1.0,0.26
07:41:49,"[332.0, 33]","[331.0, 99]","[333.0, 66]","[466.11, 38]",332.5,236,1.0,0.12
07:41:50,"[332.0, 26]","[331.0, 90]","[333.0, 60]","[376.0, 20]",332.5,196,1.0,0.18
07:41:51,"[331.01, 99]","[327.36, 44]","[333.0, 90]","[403.06, 34]",332.01,267,1.99,0.07
07:41:52,"[331.88, 41]","[330.84, 62]","[413.6, 30]","[596.35, 34]",372.74,167,81.72,0.23
07:41:53,"[332.0, 36]","[331.0, 60]","[334.0, 24]","[407.78, 18]",333.0,138,2.0,0.39
07:41:54,"[332.67, 36]","[331.0, 60]","[376.67, 36]","[459.89, 36]",354.67,168,44.0,0.14
07:41:55,"[333.36, 56]","[331.1, 63]","[398.0, 52]","[489.73, 44]",365.68,215,64.64,0.11
07:41:56,"[334.0, 260]","[333.0, 39]","[396.23, 13]","[421.04, 46]",365.12,358,62.23,0.67
07:41:57,"[334.0, 140]","[333.0, 21]","[392.86, 7]","[497.94, 16]",363.43,184,58.86,0.75
07:41:58,"[334.0, 180]","[333.0, 27]","[376.56, 9]","[380.89, 9]",355.28,225,42.56,0.84
07:41:59,"[334.69, 260]","[333.0, 39]","[372.46, 13]","[373.46, 13]",353.58,325,37.77,0.84
07:42:00,"[336.92, 260]","[333.0, 39]","[371.54, 13]","[372.54, 13]",354.23,325,34.62,0.84
07:42:01,"[337.0, 220]","[333.0, 54]","[370.36, 14]","[372.0, 14]",353.68,302,33.36,0.81
07:42:02,"[337.94, 136]","[336.06, 130]","[368.92, 13]","[371.31, 13]",353.43,292,30.98,0.82
07:42:03,"[339.0, 63]","[337.0, 154]","[368.0, 15]","[369.0, 9]",353.5,241,29.0,0.8
07:42:04,"[339.0, 44]","[337.06, 70]","[342.0, 24]","[368.0, 18]",340.5,156,3.0,0.46
07:42:05,"[338.67, 15]","[337.38, 26]","[341.35, 23]","[353.25, 24]",340.01,88,2.68,-0.07
07:42:06,"[338.0, 10]","[337.0, 50]","[340.3, 10]","[363.22, 18]",339.15,88,2.3,0.36
07:42:07,"[337.3, 23]","[336.59, 44]","[340.0, 11]","[476.0, 26]",338.65,104,2.7,0.29
07:42:08,"[337.0, 35]","[333.0, 34]","[338.9, 10]","[423.25, 16]",337.95,95,1.9,0.45
07:42:09,"[337.0, 22]","[335.0, 18]","[368.44, 9]","[460.71, 14]",352.72,63,31.44,0.27
07:42:10,"[337.0, 16]","[335.0, 16]","[370.0, 8]","[529.94, 17]",353.5,57,33.0,0.12
07:42:11,"[337.0, 20]","[335.0, 16]","[669.93, 15]","[736.83, 12]",503.47,63,332.93,0.14
07:42:12,"[337.0, 33]","[335.0, 22]","[463.84, 19]","[629.13, 31]",400.42,105,126.84,0.05
07:42:13,"[337.0, 27]","[335.0, 18]","[393.32, 19]","[575.96, 24]",365.16,88,56.32,0.02
07:42:14,"[337.0, 27]","[335.31, 26]","[412.38, 39]","[428.74, 19]",374.69,111,75.38,-0.05
07:42:15,"[337.0, 16]","[336.0, 16]","[410.38, 26]","[440.8, 10]",373.69,68,73.38,-0.06
07:42:16,"[337.0, 14]","[336.0, 26]","[402.73, 33]","[406.0, 51]",369.86,124,65.73,-0.35
07:42:17,"[334.33, 12]","[333.09, 35]","[391.93, 14]","[399.41, 22]",363.13,83,57.6,0.13
07:42:18,"[332.95, 43]","[331.94, 32]","[390.1, 39]","[391.63, 19]",361.53,133,57.15,0.13
07:42:19,"[332.0, 24]","[331.0, 24]","[387.33, 18]","[388.74, 38]",359.67,104,55.33,-0.08
07:42:20,"[332.0, 24]","[331.0, 24]","[372.1, 29]","[384.98, 40]",352.05,117,40.1,-0.18
07:42:21,"[332.33, 15]","[331.5, 20]","[348.0, 10]","[351.2, 20]",340.17,65,15.67,0.08
07:42:22,"[332.71, 24]","[328.37, 71]","[344.24, 29]","[350.77, 47]",338.47,171,11.53,0.11
07:42:23,"[336.0, 15]","[331.07, 30]","[338.54, 39]","[340.25, 24]",337.27,108,2.54,-0.17
07:42:24,"[332.19, 21]","[331.09, 22]","[336.67, 36]","[338.92, 25]",334.43,104,4.48,-0.17
07:42:25,"[332.0, 20]","[331.0, 20]","[334.82, 22]","[335.67, 36]",333.41,98,2.82,-0.18
07:42:26,"[331.54, 26]","[329.41, 34]","[335.56, 39]","[336.95, 41]",333.55,140,4.03,-0.14
07:42:27,"[332.5, 10]","[331.05, 19]","[335.76, 21]","[337.21, 29]",334.13,79,3.26,-0.27
07:42:28,"[332.06, 16]","[327.3, 37]","[334.08, 26]","[337.0, 39]",333.07,118,2.01,-0.1
07:42:29,"[326.28, 64]","[323.54, 74]","[332.94, 32]","[334.93, 29]",329.61,199,6.66,0.39
07:42:30,"[326.0, 16]","[325.0, 43]","[333.0, 16]","[334.0, 16]",329.5,91,7.0,0.3
07:42:31,"[326.6, 20]","[325.0, 10]","[330.66, 32]","[331.57, 44]",328.63,106,4.06,-0.43
07:42:32,"[321.04, 48]","[316.8, 41]","[331.13, 30]","[334.1, 59]",326.09,178,10.09,0.0
07:42:33,"[319.0, 42]","[311.0, 18]","[331.5, 16]","[332.2, 20]",325.25,96,12.5,0.25
07:42:34,"[319.0, 77]","[311.0, 33]","[338.0, 55]","[345.0, 33]",328.5,198,19.0,0.11
07:42:35,"[319.0, 63]","[311.0, 27]","[337.56, 45]","[344.78, 27]",328.28,162,18.56,0.11
07:42:36,"[320.0, 27]","[319.0, 63]","[337.0, 45]","[343.0, 27]",328.5,162,17.0,0.11
07:42:37,"[320.0, 73]","[315.25, 28]","[337.0, 40]","[343.0, 24]",328.5,165,17.0,0.22
07:42:38,"[322.0, 39]","[320.0, 91]","[335.13, 30]","[337.1, 50]",328.57,210,13.13,0.24
07:42:39,"[323.0, 39]","[320.0, 91]","[337.24, 50]","[339.2, 41]",330.12,221,14.24,0.18
07:42:40,"[326.65, 51]","[321.76, 51]","[339.0, 36]","[340.0, 48]",332.82,186,12.35,0.1
07:42:41,"[324.92, 36]","[323.74, 47]","[336.86, 42]","[339.47, 34]",330.89,159,11.94,0.04
07:42:42,"[328.92, 48]","[324.25, 73]","[336.0, 70]","[339.0, 42]",332.46,233,7.08,0.04
07:42:43,"[328.82, 55]","[324.95, 42]","[336.0, 70]","[339.0, 42]",332.41,209,7.18,-0.07
07:42:44,"[329.88, 48]","[328.0, 16]","[336.0, 40]","[339.0, 24]",332.94,128,6.12,0.0
07:42:45,"[332.22, 36]","[331.25, 32]","[337.75, 36]","[339.8, 44]",334.99,148,5.53,-0.08
07:42:46,"[335.87, 31]","[332.31, 64]","[339.0, 42]","[340.0, 70]",337.44,207,3.13,-0.08
07:42:47,"[336.56, 36]","[333.33, 45]","[339.0, 45]","[340.0, 75]",337.78,201,2.44,-0.19
07:42:48,"[336.0, 20]","[333.0, 30]","[339.0, 15]","[340.0, 25]",337.5,90,3.0,0.11
07:42:49,"[336.0, 28]","[333.0, 42]","[339.0, 21]","[340.0, 35]",337.5,126,3.0,0.11
07:42:50,"[336.0, 28]","[333.0, 48]","[339.0, 24]","[340.0, 40]",337.5,140,3.0,0.09
07:42:51,"[336.0, 14]","[333.0, 42]","[339.0, 21]","[340.0, 35]",337.5,112,3.0,0.0
07:42:52,"[334.88, 16]","[332.2, 50]","[339.0, 21]","[340.0, 35]",336.94,122,4.12,0.08
07:42:53,"[333.0, 12]","[331.0, 40]","[339.0, 12]","[354.67, 15]",336.0,79,6.0,0.32
07:42:54,"[333.25, 16]","[331.26, 46]","[339.0, 48]","[342.0, 18]",336.12,128,5.75,-0.03
07:42:55,"[334.0, 14]","[333.0, 21]","[339.0, 56]","[342.0, 21]",336.5,112,5.0,-0.38
07:42:56,"[335.54, 26]","[333.0, 39]","[339.0, 104]","[342.0, 39]",337.27,208,3.46,-0.38
07:42:57,"[336.0, 44]","[333.34, 29]","[339.0, 134]","[342.0, 39]",337.5,246,3.0,-0.41
07:42:58,"[335.87, 39]","[333.75, 24]","[337.14, 56]","[339.0, 109]",336.51,228,1.27,-0.45
07:42:59,"[333.0, 27]","[331.0, 153]","[339.0, 27]","[342.0, 24]",336.0,231,6.0,0.56
07:43:00,"[333.0, 45]","[331.0, 255]","[335.93, 61]","[338.29, 42]",334.47,403,2.93,0.49
07:43:01,"[331.3, 140]","[330.5, 126]","[334.08, 52]","[335.18, 50]",332.69,368,2.78,0.45
07:43:02,"[331.0, 302]","[320.3, 33]","[332.0, 53]","[333.0, 54]",331.5,442,1.0,0.52
07:43:03,"[331.0, 227]","[321.0, 26]","[332.11, 27]","[333.24, 41]",331.56,321,1.11,0.58
07:43:04,"[331.66, 64]","[330.43, 70]","[333.0, 24]","[335.0, 40]",332.33,198,1.34,0.35
07:43:05,"[331.29, 93]","[329.77, 78]","[334.9, 58]","[342.82, 38]",333.09,267,3.61,0.28
07:43:06,"[331.0, 55]","[323.0, 10]","[335.0, 25]","[344.0, 15]",333.0,105,4.0,0.24
07:43:07,"[331.0, 128]","[326.46, 26]","[335.0, 50]","[344.0, 30]",333.0,234,4.0,0.32
07:43:08,"[331.0, 110]","[322.1, 20]","[334.38, 26]","[337.7, 46]",332.69,202,3.38,0.29
07:43:09,"[331.0, 142]","[323.0, 26]","[333.15, 26]","[337.0, 65]",332.08,259,2.15,0.3
07:43:10,"[328.88, 68]","[321.07, 28]","[331.07, 28]","[338.25, 61]",329.98,185,2.19,0.04
07:43:11,"[323.69, 51]","[321.0, 26]","[332.08, 48]","[334.88, 32]",327.88,157,8.4,-0.02
07:43:12,"[324.0, 91]","[321.0, 26]","[332.0, 53]","[333.0, 26]",328.0,196,8.0,0.19
07:43:13,"[324.5, 126]","[321.0, 36]","[328.88, 26]","[330.0, 28]",326.69,216,4.38,0.5
07:43:14,"[321.97, 97]","[320.7, 37]","[326.05, 38]","[339.28, 101]",324.01,273,4.08,-0.02
07:43:15,"[322.14, 69]","[318.0, 33]","[338.78, 72]","[406.07, 60]",330.46,234,16.63,-0.13
07:43:16,"[329.94, 68]","[318.94, 34]","[337.0, 56]","[340.0, 56]",333.47,214,7.06,-0.05
07:43:17,"[331.0, 44]","[319.8, 20]","[337.0, 40]","[340.0, 40]",334.0,144,6.0,-0.11
07:43:18,"[331.56, 54]","[328.0, 52]","[337.0, 64]","[340.0, 64]",334.28,234,5.44,-0.09
07:43:19,"[332.38, 48]","[331.0, 64]","[337.04, 54]","[339.12, 64]",334.71,230,4.66,-0.03
07:43:20,"[333.0, 39]","[331.19, 54]","[338.62, 52]","[341.0, 52]",335.81,197,5.62,-0.06
07:43:21,"[332.92, 24]","[331.94, 34]","[338.0, 32]","[341.84, 25]",335.46,115,5.08,0.01
07:43:22,"[332.89, 101]","[331.64, 56]","[338.0, 56]","[342.0, 62]",335.45,275,5.11,0.14
07:43:23,"[334.73, 66]","[333.55, 58]","[338.0, 40]","[342.0, 80]",336.36,244,3.27,0.02
07:43:24,"[336.41, 106]","[335.68, 66]","[338.0, 48]","[342.0, 96]",337.2,316,1.59,0.09
07:43:25,"[337.0, 41]","[336.0, 72]","[341.43, 56]","[344.4, 40]",339.21,209,4.43,0.08
07:43:26,"[336.0, 61]","[335.0, 18]","[342.0, 48]","[346.0, 24]",339.0,151,6.0,0.05
07:43:27,"[336.0, 90]","[335.0, 27]","[340.3, 37]","[342.58, 55]",338.15,209,4.3,0.12
07:43:28,"[336.0, 60]","[335.0, 18]","[339.0, 18]","[342.0, 30]",337.5,126,3.0,0.24
07:43:29,"[336.0, 45]","[335.0, 21]","[339.0, 21]","[342.0, 35]",337.5,122,3.0,0.08
07:43:30,"[336.0, 30]","[335.0, 18]","[338.4, 20]","[341.31, 26]",337.2,94,2.4,0.02
07:43:31,"[336.0, 14]","[335.0, 42]","[337.77, 22]","[341.24, 46]",336.89,124,1.77,-0.1
07:43:32,"[335.0, 28]","[332.0, 48]","[336.1, 42]","[344.59, 68]",335.55,186,1.1,-0.18
07:43:33,"[333.4, 30]","[331.64, 44]","[339.27, 33]","[345.43, 46]",336.34,153,5.87,-0.03
07:43:34,"[334.06, 105]","[331.59, 68]","[343.67, 15]","[345.58, 55]",338.86,243,9.61,0.42
07:43:35,"[335.0, 108]","[332.0, 48]","[342.33, 12]","[344.67, 36]",338.67,204,7.33,0.53
07:43:36,"[335.0, 108]","[332.0, 12]","[340.6, 15]","[343.7, 30]",337.8,165,5.6,0.45
07:43:37,"[335.0, 81]","[332.0, 9]","[339.71, 14]","[340.38, 13]",337.36,117,4.71,0.54
07:43:38,"[335.0, 67]","[332.0, 9]","[338.38, 13]","[339.71, 14]",336.69,103,3.38,0.48
07:43:39,"[335.81, 37]","[334.96, 71]","[337.18, 22]","[339.0, 11]",336.5,141,1.37,0.53
07:43:40,"[335.75, 28]","[334.96, 71]","[339.86, 28]","[346.83, 75]",337.8,202,4.11,-0.02
07:43:41,"[335.0, 70]","[332.0, 10]","[347.0, 80]","[348.0, 50]",341.0,210,12.0,-0.24
07:43:42,"[335.0, 42]","[332.0, 6]","[347.0, 45]","[348.0, 30]",341.0,123,12.0,-0.22
07:43:43,"[335.2, 79]","[334.27, 37]","[346.89, 45]","[347.62, 65]",341.05,226,11.69,0.03
07:43:44,"[335.0, 91]","[332.0, 13]","[346.0, 13]","[347.0, 65]",340.5,182,11.0,0.14
07:43:45,"[335.0, 28]","[332.0, 4]","[346.0, 4]","[347.0, 20]",340.5,56,11.0,0.14
07:43:46,"[335.0, 122]","[332.0, 18]","[343.46, 71]","[345.44, 34]",339.23,245,8.46,0.14
07:43:47,"[335.0, 65]","[332.0, 13]","[340.21, 38]","[341.79, 29]",337.61,145,5.21,0.08
07:43:48,"[335.0, 48]","[332.0, 12]","[336.33, 60]","[338.07, 54]",335.67,174,1.33,-0.31
07:43:49,"[335.0, 42]","[332.0, 14]","[336.43, 70]","[338.1, 58]",335.71,184,1.43,-0.39
07:43:50,"[335.0, 27]","[332.0, 9]","[338.0, 45]","[340.0, 9]",336.5,90,3.0,-0.2
07:43:51,"[335.0, 34]","[331.48, 23]","[337.8, 46]","[342.12, 56]",336.4,159,2.8,-0.28
07:43:52,"[333.84, 43]","[332.11, 63]","[336.43, 70]","[347.0, 14]",335.13,190,2.59,0.12
07:43:53,"[333.0, 85]","[331.0, 68]","[338.11, 47]","[348.59, 17]",335.55,217,5.11,0.41
07:43:54,"[333.0, 30]","[331.0, 24]","[347.0, 6]","[350.0, 6]",340.0,66,14.0,0.64
07:43:55,"[333.19, 37]","[332.19, 59]","[347.0, 13]","[350.0, 13]",340.09,122,13.81,0.57
07:43:56,"[333.19, 37]","[331.88, 57]","[347.0, 13]","[350.0, 13]",340.09,120,13.81,0.57
07:43:57,"[333.0, 40]","[331.0, 40]","[347.0, 10]","[350.0, 14]",340.0,104,14.0,0.54
07:43:58,"[333.0, 40]","[331.0, 40]","[347.0, 10]","[350.0, 12]",340.0,102,14.0,0.57
07:43:59,"[333.8, 30]","[331.49, 37]","[347.0, 10]","[350.0, 10]",340.4,87,13.2,0.54
07:44:00,"[333.0, 24]","[331.0, 32]","[347.0, 8]","[350.0, 8]",340.0,72,14.0,0.56
07:44:01,"[333.0, 33]","[331.0, 38]","[347.0, 11]","[350.0, 29]",340.0,111,14.0,0.28
07:44:02,"[333.0, 51]","[331.0, 34]","[346.07, 28]","[349.06, 35]",339.54,148,13.07,0.15
07:44:03,"[333.0, 33]","[331.0, 43]","[345.0, 22]","[348.87, 15]",339.0,113,12.0,0.35
07:44:04,"[333.0, 21]","[331.09, 33]","[345.0, 14]","[347.0, 21]",339.0,89,12.0,0.21
07:44:05,"[333.0, 30]","[332.0, 30]","[345.0, 20]","[347.0, 30]",339.0,110,12.0,0.09
07:44:06,"[333.0, 27]","[332.0, 27]","[344.67, 18]","[347.0, 27]",338.83,99,11.67,0.09
07:44:07,"[332.36, 33]","[331.46, 26]","[343.82, 22]","[345.82, 33]",338.09,114,11.45,0.04
07:44:08,"[333.82, 11]","[331.79, 19]","[343.0, 14]","[344.0, 21]",338.41,65,9.18,-0.08
07:44:09,"[336.0, 14]","[332.0, 42]","[341.93, 28]","[344.0, 42]",338.96,126,5.93,-0.11
07:44:10,"[336.0, 9]","[332.15, 26]","[340.58, 24]","[343.52, 25]",338.29,84,4.58,-0.17
07:44:11,"[332.8, 30]","[331.53, 34]","[339.5, 70]","[341.0, 28]",336.15,162,6.7,-0.21
07:44:12,"[332.0, 33]","[331.0, 22]","[337.0, 55]","[341.0, 22]",334.5,132,5.0,-0.17
07:44:13,"[332.14, 59]","[331.14, 42]","[335.49, 49]","[336.43, 69]",333.81,219,3.35,-0.08
07:44:14,"[331.5, 24]","[326.44, 82]","[333.9, 10]","[335.0, 50]",332.7,166,2.4,0.28
07:44:15,"[331.73, 22]","[328.12, 25]","[333.0, 11]","[336.47, 49]",332.36,107,1.27,-0.12
07:44:16,"[331.0, 22]","[325.0, 33]","[332.36, 11]","[342.82, 33]",331.68,99,1.36,0.11
07:44:17,"[327.91, 23]","[324.57, 42]","[333.62, 16]","[341.09, 34]",330.77,115,5.71,0.13
07:44:18,"[329.6, 20]","[327.2, 30]","[342.0, 30]","[345.0, 30]",335.8,110,12.4,-0.09
07:44:19,"[332.38, 13]","[329.41, 37]","[340.28, 61]","[342.46, 39]",336.33,150,7.89,-0.33
07:44:20,"[334.5, 16]","[332.5, 24]","[339.91, 67]","[341.53, 51]",337.21,158,5.41,-0.49
07:44:21,"[336.97, 36]","[333.67, 46]","[339.0, 36]","[340.0, 72]",337.99,190,2.03,-0.14
07:44:22,"[337.0, 13]","[336.0, 26]","[338.37, 38]","[340.1, 42]",337.68,119,1.37,-0.34
07:44:23,"[336.03, 35]","[333.11, 53]","[337.93, 60]","[340.9, 58]",336.98,206,1.9,-0.15
07:44:24,"[332.0, 9]","[325.0, 27]","[336.67, 9]","[338.0, 36]",334.33,81,4.67,-0.11
07:44:25,"[332.0, 42]","[325.0, 30]","[336.0, 10]","[338.0, 40]",334.0,122,4.0,0.18
07:44:26,"[332.0, 75]","[325.0, 39]","[334.45, 22]","[336.67, 43]",333.23,179,2.45,0.27
07:44:27,"[328.35, 63]","[325.42, 62]","[333.98, 61]","[343.12, 50]",331.17,236,5.63,0.06
07:44:28,"[333.6, 15]","[326.19, 93]","[339.36, 28]","[344.49, 41]",336.48,177,5.76,0.22
07:44:29,"[331.0, 36]","[328.5, 16]","[344.0, 36]","[345.0, 48]",337.5,136,13.0,-0.24
07:44:30,"[328.54, 65]","[325.0, 26]","[340.44, 27]","[343.47, 60]",334.49,178,11.91,0.02
07:44:31,"[329.79, 52]","[327.67, 15]","[340.0, 22]","[342.0, 33]",334.89,122,10.21,0.1
07:44:32,"[337.28, 43]","[333.92, 26]","[339.55, 33]","[341.64, 33]",338.41,135,2.27,0.02
07:44:33,"[337.0, 18]","[336.0, 9]","[340.6, 20]","[342.55, 29]",338.8,76,3.6,-0.29
07:44:34,"[337.0, 22]","[336.0, 11]","[342.0, 33]","[344.0, 44]",339.5,110,5.0,-0.4
07:44:35,"[337.0, 18]","[336.0, 9]","[342.0, 27]","[344.0, 36]",339.5,90,5.0,-0.4
07:44:36,"[336.43, 23]","[334.67, 12]","[342.0, 36]","[344.0, 48]",339.22,119,5.57,-0.41
07:44:37,"[324.0, 13]","[320.0, 13]","[341.62, 39]","[344.43, 51]",332.81,116,17.62,-0.55
07:44:38,"[324.0, 12]","[320.0, 12]","[341.42, 36]","[344.67, 48]",332.71,108,17.42,-0.56
07:44:39,"[324.0, 6]","[320.0, 6]","[341.0, 18]","[343.0, 24]",332.5,54,17.0,-0.56
07:44:40,"[324.78, 27]","[322.15, 13]","[341.91, 44]","[345.28, 50]",333.34,134,17.13,-0.4
07:44:41,"[325.93, 42]","[324.0, 14]","[341.0, 28]","[343.0, 74]",333.46,158,15.07,-0.29
07:44:42,"[326.57, 74]","[325.46, 46]","[332.44, 32]","[341.9, 59]",329.5,211,5.87,0.14
07:44:43,"[326.73, 30]","[322.0, 16]","[331.76, 37]","[339.08, 39]",329.25,122,5.02,-0.25
07:44:44,"[324.0, 14]","[320.0, 10]","[330.26, 31]","[338.31, 39]",327.13,94,6.26,-0.49
07:44:45,"[320.55, 11]","[318.86, 7]","[341.68, 19]","[344.86, 14]",331.11,51,21.14,-0.29
07:44:46,"[329.12, 59]","[323.32, 25]","[336.0, 19]","[341.89, 36]",332.56,139,6.88,0.21
07:44:47,"[328.89, 27]","[325.32, 19]","[336.0, 20]","[340.0, 14]",332.44,80,7.11,0.15
07:44:48,"[324.19, 16]","[321.72, 18]","[336.0, 37]","[340.0, 15]",330.09,86,11.81,-0.21
07:44:49,"[323.0, 11]","[313.36, 11]","[336.0, 11]","[340.0, 14]",329.5,47,13.0,-0.06
07:44:50,"[323.0, 6]","[313.0, 6]","[336.0, 6]","[340.0, 12]",329.5,30,13.0,-0.2
07:44:51,"[313.77, 13]","[227.19, 73]","[333.41, 27]","[337.68, 22]",323.59,135,19.64,0.27
07:44:52,"[314.0, 16]","[313.0, 16]","[330.52, 40]","[331.5, 40]",322.26,112,16.52,-0.43
07:44:53,"[321.55, 29]","[316.1, 20]","[328.63, 35]","[330.48, 31]",325.09,115,7.08,-0.15
07:44:54,"[324.95, 38]","[322.58, 24]","[328.14, 14]","[332.14, 14]",326.55,90,3.2,0.38
07:44:55,"[325.44, 36]","[320.21, 19]","[331.0, 9]","[334.0, 9]",328.22,73,5.56,0.51
07:44:56,"[326.0, 32]","[323.74, 78]","[331.0, 8]","[334.0, 8]",328.5,126,5.0,0.75
07:44:57,"[326.93, 54]","[322.93, 122]","[332.08, 12]","[334.25, 12]",329.5,200,5.16,0.76
07:44:58,"[323.0, 90]","[316.09, 11]","[331.83, 18]","[333.09, 11]",327.42,130,8.83,0.55
07:44:59,"[323.0, 120]","[318.0, 24]","[330.33, 24]","[333.0, 12]",326.67,180,7.33,0.6
07:45:00,"[323.0, 100]","[318.0, 20]","[330.0, 20]","[334.0, 10]",326.5,150,7.0,0.6
07:45:01,"[321.79, 66]","[317.11, 18]","[329.0, 26]","[334.0, 13]",325.39,123,7.21,0.37
07:45:02,"[318.0, 26]","[316.0, 13]","[326.77, 26]","[333.35, 23]",322.38,88,8.77,-0.11
07:45:03,"[318.0, 28]","[316.0, 14]","[330.78, 54]","[334.94, 35]",324.39,131,12.78,-0.36
07:45:04,"[318.24, 21]","[316.8, 15]","[330.82, 44]","[334.2, 20]",324.53,100,12.58,-0.28
07:45:05,"[320.6, 10]","[318.0, 20]","[329.6, 20]","[331.9, 30]",325.1,80,9.0,-0.25
07:45:06,"[321.0, 18]","[317.11, 36]","[326.47, 38]","[331.59, 44]",323.74,136,5.47,-0.21
07:45:07,"[321.0, 9]","[316.0, 18]","[322.0, 36]","[326.0, 18]",321.5,81,1.0,-0.33
07:45:08,"[316.79, 19]","[310.91, 22]","[322.0, 46]","[327.36, 22]",319.39,109,5.21,-0.25
07:45:09,"[318.67, 12]","[314.08, 24]","[360.83, 18]","[405.67, 9]",339.75,63,42.17,0.14
07:45:10,"[320.36, 22]","[315.11, 54]","[581.37, 19]","[615.95, 19]",450.87,114,261.0,0.33
07:45:11,"[316.0, 20]","[315.0, 60]","[546.97, 38]","[608.15, 26]",431.49,144,230.97,0.11
07:45:12,"[328.0, 10]","[317.25, 16]","[576.8, 15]","[636.8, 15]",452.4,56,248.8,-0.07
07:45:13,"[323.4, 25]","[316.37, 38]","[448.34, 38]","[508.42, 36]",385.87,137,124.94,-0.08
07:45:14,"[317.92, 36]","[316.0, 26]","[331.0, 60]","[415.67, 36]",324.46,158,13.08,-0.22
07:45:15,"[319.0, 33]","[316.0, 92]","[333.34, 41]","[381.06, 35]",326.17,201,14.34,0.24
07:45:16,"[320.35, 51]","[316.63, 86]","[331.86, 49]","[333.57, 49]",326.11,235,11.5,0.17
07:45:17,"[322.0, 65]","[321.0, 39]","[328.04, 48]","[329.32, 31]",325.02,183,6.04,0.14
07:45:18,"[322.79, 58]","[321.26, 38]","[325.58, 48]","[328.5, 36]",324.19,180,2.79,0.07
07:45:19,"[318.17, 24]","[313.69, 52]","[327.41, 41]","[328.85, 39]",322.79,156,9.25,-0.03
07:45:20,"[318.01, 72]","[313.92, 100]","[327.0, 34]","[328.04, 47]",322.51,253,8.99,0.36
07:45:21,"[320.07, 14]","[318.31, 35]","[323.39, 28]","[327.2, 35]",321.73,112,3.32,-0.12
07:45:22,"[310.61, 49]","[309.69, 52]","[323.33, 30]","[328.77, 39]",316.97,170,12.72,0.19
07:45:23,"[310.55, 51]","[312.3, 47]","[322.86, 14]","[330.09, 43]",316.7,155,12.31,0.26
07:45:24,"[325.67, 9]","[314.05, 21]","[332.67, 21]","[374.22, 18]",329.17,69,7.0,-0.13
07:45:25,"[320.0, 8]","[314.91, 46]","[336.0, 8]","[426.0, 32]",328.0,94,16.0,0.15
07:45:26,"[320.18, 11]","[315.67, 42]","[335.17, 12]","[423.8, 41]",327.67,106,14.98,0.0
07:45:27,"[321.77, 13]","[318.85, 26]","[331.0, 26]","[336.31, 13]",326.38,78,9.23,0.0
07:45:28,"[327.82, 17]","[319.24, 17]","[331.0, 15]","[340.0, 9]",329.41,58,3.18,0.17
07:45:29,"[330.0, 36]","[317.67, 24]","[331.0, 12]","[337.5, 12]",330.5,84,1.0,0.43
07:45:30,"[330.0, 21]","[318.43, 14]","[331.0, 7]","[340.0, 7]",330.5,49,1.0,0.43
07:45:31,"[330.0, 18]","[321.0, 12]","[331.0, 6]","[340.0, 6]",330.5,42,1.0,0.43
07:45:32,"[318.21, 28]","[315.06, 93]","[337.12, 25]","[355.07, 14]",327.67,160,18.91,0.51
07:45:33,"[318.0, 32]","[315.0, 112]","[329.45, 22]","[330.33, 27]",323.73,193,11.45,0.49
07:45:34,"[318.0, 20]","[315.0, 70]","[325.6, 10]","[327.0, 20]",321.8,120,7.6,0.5
07:45:35,"[318.0, 23]","[315.59, 54]","[325.0, 12]","[327.0, 24]",321.5,113,7.0,0.36
07:45:36,"[317.26, 57]","[316.49, 47]","[323.83, 24]","[328.82, 22]",320.55,150,6.57,0.39
07:45:37,"[318.69, 72]","[317.89, 124]","[321.0, 36]","[325.75, 24]",319.85,256,2.31,0.53
07:45:38,"[319.04, 77]","[317.38, 135]","[321.11, 37]","[323.54, 26]",320.07,275,2.07,0.54
07:45:39,"[319.0, 121]","[309.85, 41]","[322.0, 22]","[323.56, 32]",320.5,216,3.0,0.5
07:45:40,"[319.68, 125]","[311.81, 53]","[322.31, 29]","[323.33, 36]",321.0,243,2.63,0.47
07:45:41,"[320.71, 179]","[310.66, 32]","[323.27, 45]","[326.89, 38]",321.99,294,2.56,0.44
07:45:42,"[322.75, 132]","[303.0, 30]","[325.0, 24]","[331.0, 48]",323.88,234,2.25,0.38
07:45:43,"[325.58, 185]","[313.05, 61]","[329.98, 49]","[331.79, 38]",327.78,333,4.4,0.48
07:45:44,"[327.0, 135]","[318.0, 105]","[329.0, 30]","[332.0, 30]",328.0,300,2.0,0.6
07:45:45,"[328.0, 103]","[317.29, 45]","[329.0, 30]","[332.0, 30]",328.5,208,1.0,0.42
07:45:46,"[325.0, 24]","[316.67, 24]","[331.25, 24]","[332.86, 42]",328.12,114,6.25,-0.16
07:45:47,"[321.9, 41]","[314.69, 32]","[332.0, 28]","[333.0, 56]",326.95,157,10.1,-0.07
07:45:48,"[322.88, 112]","[321.25, 32]","[332.26, 35]","[334.27, 60]",327.57,239,9.38,0.21
07:45:49,"[323.54, 96]","[320.91, 33]","[332.62, 32]","[333.56, 18]",328.08,179,9.08,0.44
07:45:50,"[326.47, 76]","[325.07, 82]","[330.4, 45]","[332.48, 29]",328.44,232,3.93,0.36
07:45:51,"[326.41, 34]","[325.07, 43]","[332.0, 22]","[335.64, 11]",329.21,110,5.59,0.4
07:45:52,"[326.29, 28]","[324.57, 28]","[331.88, 17]","[339.12, 16]",329.08,89,5.6,0.26
07:45:53,"[326.79, 39]","[324.26, 27]","[330.0, 45]","[335.22, 9]",328.4,120,3.21,0.1
07:45:54,"[327.91, 55]","[320.0, 22]","[330.0, 55]","[335.0, 11]",328.95,143,2.09,0.08
07:45:55,"[325.28, 36]","[315.2, 50]","[331.2, 25]","[338.79, 19]",328.24,130,5.92,0.32
07:45:56,"[322.58, 53]","[312.4, 104]","[335.33, 18]","[344.0, 72]",328.96,247,12.75,0.27
07:45:57,"[315.63, 67]","[313.92, 95]","[336.0, 16]","[340.25, 64]",325.81,242,20.37,0.34
07:45:58,"[318.82, 34]","[317.47, 19]","[336.0, 8]","[338.0, 32]",327.41,93,17.18,0.14
07:45:59,"[330.87, 60]","[326.76, 58]","[337.83, 48]","[406.47, 38]",334.35,204,6.97,0.16
07:46:00,"[332.0, 36]","[331.0, 36]","[336.0, 9]","[337.44, 36]",334.0,117,4.0,0.23
07:46:01,"[332.0, 24]","[331.0, 24]","[336.0, 6]","[337.0, 24]",334.0,78,4.0,0.23
07:46:02,"[332.5, 12]","[331.0, 36]","[336.0, 9]","[337.0, 36]",334.25,93,3.5,0.03
07:46:03,"[333.0, 9]","[331.0, 36]","[336.0, 9]","[337.0, 36]",334.5,90,3.0,0.0
07:46:04,"[332.11, 37]","[329.38, 26]","[336.0, 13]","[337.0, 52]",334.05,128,3.89,-0.02
07:46:05,"[331.31, 58]","[324.26, 61]","[336.0, 16]","[337.0, 64]",333.66,199,4.69,0.2
07:46:06,"[331.0, 48]","[326.0, 120]","[336.0, 28]","[346.62, 39]",333.5,235,5.0,0.43
07:46:07,"[331.0, 44]","[326.0, 120]","[336.0, 26]","[344.81, 32]",333.5,222,5.0,0.48
07:46:08,"[331.0, 14]","[326.0, 120]","[336.55, 33]","[399.4, 30]",333.77,197,5.55,0.36
07:46:09,"[331.0, 9]","[326.0, 90]","[336.0, 36]","[337.67, 27]",333.5,162,5.0,0.22
07:46:10,"[331.99, 109]","[325.94, 94]","[336.0, 64]","[338.0, 48]",334.0,315,4.01,0.29
07:46:11,"[335.0, 72]","[327.0, 90]","[336.0, 60]","[338.0, 45]",335.5,267,1.0,0.21
07:46:12,"[327.0, 30]","[320.0, 50]","[336.0, 20]","[338.0, 15]",331.5,115,9.0,0.39
07:46:13,"[327.89, 54]","[322.71, 42]","[335.48, 33]","[337.45, 29]",331.69,158,7.6,0.22
07:46:14,"[331.0, 42]","[327.0, 42]","[335.0, 35]","[338.0, 21]",333.0,140,4.0,0.2
07:46:15,"[331.0, 66]","[327.0, 66]","[334.07, 15]","[335.9, 40]",332.53,187,3.07,0.41
07:46:16,"[331.0, 71]","[327.0, 84]","[332.0, 40]","[336.43, 35]",331.5,230,1.0,0.35
07:46:17,"[331.0, 27]","[327.0, 60]","[332.46, 13]","[335.31, 26]",331.73,126,1.46,0.38
07:46:18,"[331.0, 27]","[324.45, 66]","[333.0, 22]","[338.0, 44]",332.0,159,2.0,0.17
07:46:19,"[331.0, 27]","[323.0, 54]","[333.0, 18]","[338.0, 36]",332.0,135,2.0,0.2
07:46:20,"[331.0, 27]","[323.0, 90]","[333.0, 22]","[338.0, 60]",332.0,199,2.0,0.18
07:46:21,"[331.17, 12]","[327.57, 37]","[333.0, 12]","[338.0, 48]",332.08,109,1.83,-0.1
07:46:22,"[328.58, 19]","[328.8, 40]","[337.8, 50]","[347.0, 44]",333.19,153,9.22,-0.23
07:46:23,"[323.83, 36]","[320.0, 36]","[338.0, 24]","[349.0, 18]",330.92,114,14.17,0.26
07:46:24,"[324.11, 54]","[320.54, 134]","[338.0, 44]","[349.0, 33]",331.06,265,13.89,0.42
07:46:25,"[327.0, 18]","[321.52, 63]","[338.0, 36]","[349.0, 27]",332.5,144,11.0,0.12
07:46:26,"[325.49, 67]","[318.34, 87]","[338.0, 40]","[349.0, 30]",331.75,224,12.51,0.38
07:46:27,"[320.0, 18]","[318.0, 36]","[338.0, 24]","[349.0, 18]",329.0,96,18.0,0.12
07:46:28,"[320.88, 48]","[317.0, 28]","[337.64, 44]","[347.71, 34]",329.26,154,16.76,-0.01
07:46:29,"[321.7, 43]","[320.73, 37]","[333.86, 56]","[337.43, 56]",327.78,192,12.16,-0.17
07:46:30,"[328.21, 111]","[323.93, 45]","[333.0, 61]","[334.0, 76]",330.6,293,4.79,0.06
07:46:31,"[331.0, 45]","[321.0, 45]","[332.78, 18]","[335.07, 55]",331.89,163,1.78,0.1
07:46:32,"[327.43, 42]","[320.47, 57]","[332.0, 67]","[342.33, 36]",329.71,202,4.57,-0.02
07:46:33,"[320.42, 72]","[319.9, 67]","[331.56, 73]","[335.34, 50]",325.99,262,11.14,0.06
07:46:34,"[320.2, 60]","[318.03, 31]","[327.29, 28]","[329.78, 36]",323.74,155,7.09,0.17
07:46:35,"[318.43, 42]","[314.24, 87]","[326.76, 34]","[327.87, 30]",322.6,193,8.34,0.34
07:46:36,"[318.0, 59]","[314.0, 165]","[327.59, 49]","[328.84, 31]",322.8,304,9.59,0.47
07:46:37,"[327.94, 17]","[320.32, 65]","[334.0, 64]","[407.7, 46]",330.97,192,6.06,-0.15
07:46:38,"[331.0, 24]","[324.0, 66]","[334.97, 65]","[459.29, 21]",332.98,176,3.97,0.02
07:46:39,"[331.0, 18]","[318.0, 54]","[335.0, 54]","[498.33, 12]",333.0,138,4.0,0.04
07:46:40,"[331.0, 18]","[319.31, 48]","[335.0, 44]","[383.0, 20]",333.0,130,4.0,0.02
07:46:41,"[331.0, 24]","[318.0, 72]","[334.88, 48]","[335.71, 34]",332.94,178,3.88,0.08
07:46:42,"[331.0, 27]","[318.0, 81]","[333.8, 25]","[334.38, 32]",332.4,165,2.8,0.31
07:46:43,"[331.0, 27]","[317.8, 60]","[332.11, 9]","[334.58, 48]",331.56,144,1.11,0.21
07:46:44,"[331.0, 23]","[318.0, 10]","[334.71, 31]","[343.31, 55]",332.85,119,3.71,-0.45
07:46:45,"[326.67, 9]","[317.08, 39]","[335.0, 24]","[344.0, 24]",330.83,96,8.33,0.0
07:46:46,"[318.0, 5]","[317.0, 60]","[325.0, 12]","[336.0, 20]",321.5,97,7.0,0.34
07:46:47,"[318.0, 13]","[317.0, 156]","[320.0, 26]","[335.0, 52]",319.0,247,2.0,0.37
07:46:48,"[318.0, 9]","[317.0, 108]","[323.0, 20]","[335.33, 36]",320.5,173,5.0,0.35
07:46:49,"[318.0, 6]","[317.0, 72]","[335.0, 12]","[338.0, 24]",326.5,114,17.0,0.37
07:46:50,"[318.0, 10]","[317.0, 120]","[336.76, 29]","[339.46, 37]",327.38,196,18.76,0.33
07:46:51,"[318.0, 11]","[317.0, 132]","[332.0, 44]","[337.09, 33]",325.0,220,14.0,0.3
07:46:52,"[321.21, 14]","[320.07, 14]","[332.0, 56]","[335.0, 42]",326.61,126,10.79,-0.56
07:46:53,"[322.44, 16]","[321.44, 16]","[330.46, 59]","[331.44, 73]",326.45,164,8.02,-0.61
07:46:54,"[315.98, 41]","[313.51, 89]","[327.18, 51]","[331.0, 85]",321.58,266,11.2,-0.02
07:46:55,"[315.29, 24]","[313.46, 52]","[323.5, 20]","[325.77, 80]",319.4,176,8.21,-0.14
07:46:56,"[316.0, 14]","[314.14, 28]","[322.0, 14]","[324.0, 110]",319.0,166,6.0,-0.49
07:46:57,"[316.74, 19]","[315.41, 17]","[322.0, 33]","[324.0, 60]",319.37,129,5.26,-0.44
07:46:58,"[317.9, 20]","[316.0, 10]","[323.4, 10]","[326.92, 36]",320.65,76,5.5,-0.21
07:46:59,"[318.0, 26]","[316.0, 13]","[321.13, 46]","[325.76, 17]",319.57,102,3.13,-0.24
07:47:00,"[318.0, 22]","[316.0, 11]","[320.1, 40]","[321.07, 41]",319.05,114,2.1,-0.42
07:47:01,"[318.0, 14]","[316.0, 7]","[320.0, 21]","[321.0, 28]",319.0,70,2.0,-0.4
07:47:02,"[318.0, 18]","[315.44, 9]","[320.0, 27]","[321.0, 36]",319.0,90,2.0,-0.4
07:47:03,"[319.33, 42]","[316.38, 37]","[320.58, 52]","[321.45, 62]",319.96,193,1.24,-0.18
07:47:04,"[317.58, 24]","[315.65, 46]","[322.0, 80]","[324.0, 16]",319.79,166,4.42,-0.16
07:47:05,"[318.74, 19]","[316.0, 57]","[321.48, 31]","[322.07, 83]",320.11,190,2.75,-0.2
07:47:06,"[319.18, 11]","[316.0, 33]","[321.0, 11]","[322.0, 55]",320.09,110,1.82,-0.2
07:47:07,"[312.71, 14]","[305.24, 38]","[322.0, 40]","[324.0, 8]",317.36,100,9.29,0.04
07:47:08,"[306.0, 3]","[305.0, 21]","[324.0, 3]","[326.0, 3]",315.0,30,18.0,0.6
07:47:09,"[306.0, 5]","[305.0, 35]","[324.0, 5]","[326.0, 5]",315.0,50,18.0,0.6
07:47:10,"[306.94, 17]","[305.18, 55]","[323.14, 35]","[324.91, 11]",315.04,118,16.2,0.22
07:47:11,"[308.0, 57]","[307.0, 38]","[322.0, 89]","[324.0, 19]",315.0,203,14.0,-0.06
07:47:12,"[308.64, 25]","[307.8, 30]","[322.55, 33]","[326.37, 19]",315.59,107,13.91,0.03
07:47:13,"[310.6, 30]","[309.69, 35]","[328.0, 28]","[329.0, 126]",319.3,219,17.4,-0.41
07:47:14,"[314.85, 60]","[313.69, 48]","[328.0, 44]","[329.0, 198]",321.43,350,13.15,-0.38
07:47:15,"[319.15, 55]","[318.24, 50]","[328.0, 28]","[329.0, 126]",323.57,259,8.85,-0.19
07:47:16,"[320.5, 32]","[319.0, 96]","[327.06, 32]","[328.78, 81]",323.78,241,6.56,0.06
07:47:17,"[320.46, 52]","[318.62, 52]","[326.0, 28]","[328.0, 28]",323.23,160,5.54,0.3
07:47:18,"[322.12, 64]","[321.07, 56]","[327.79, 68]","[330.06, 62]",324.96,250,5.67,-0.04
07:47:19,"[325.93, 43]","[324.88, 34]","[328.0, 83]","[330.0, 22]",326.97,182,2.07,-0.15
07:47:20,"[326.17, 48]","[323.79, 43]","[328.0, 61]","[330.0, 26]",327.08,178,1.83,0.02
07:47:21,"[325.0, 36]","[318.7, 47]","[328.0, 12]","[330.0, 24]",326.5,119,3.0,0.39
07:47:22,"[323.62, 48]","[316.88, 48]","[328.8, 20]","[330.25, 32]",326.21,148,5.18,0.3
07:47:23,"[317.0, 42]","[315.0, 42]","[328.33, 33]","[329.36, 28]",322.67,145,11.33,0.16
07:47:24,"[318.14, 44]","[316.73, 45]","[327.43, 35]","[329.71, 42]",322.78,166,9.29,0.07
07:47:25,"[321.39, 31]","[320.09, 33]","[327.0, 60]","[331.6, 60]",324.19,184,5.61,-0.3
07:47:26,"[324.7, 20]","[323.0, 20]","[326.5, 40]","[331.95, 44]",325.6,124,1.8,-0.35
07:47:27,"[325.0, 22]","[321.83, 23]","[326.16, 32]","[331.67, 12]",325.58,89,1.16,0.01
07:47:28,"[327.42, 24]","[322.77, 35]","[331.0, 17]","[335.0, 34]",329.21,110,3.58,0.07
07:47:29,"[319.61, 23]","[317.4, 30]","[331.35, 31]","[334.62, 21]",325.48,105,11.75,0.01
07:47:30,"[319.52, 75]","[315.13, 45]","[334.03, 72]","[564.89, 63]",326.77,255,14.51,-0.06
07:47:31,"[320.0, 33]","[315.0, 33]","[330.91, 55]","[379.3, 54]",325.45,175,10.91,-0.25
07:47:32,"[320.0, 24]","[315.0, 24]","[335.71, 28]","[349.5, 40]",327.86,116,15.71,-0.17
07:47:33,"[320.0, 39]","[315.0, 39]","[333.93, 44]","[335.32, 44]",326.97,166,13.93,-0.06
07:47:34,"[324.75, 32]","[319.29, 34]","[332.22, 23]","[333.59, 22]",328.48,111,7.47,0.19
07:47:35,"[322.0, 45]","[317.1, 31]","[332.0, 30]","[333.87, 15]",327.0,121,10.0,0.26
07:47:36,"[322.0, 30]","[313.57, 28]","[331.4, 20]","[334.0, 10]",326.7,88,9.4,0.32
07:47:37,"[322.88, 25]","[321.75, 36]","[330.08, 24]","[333.58, 12]",326.48,97,7.2,0.26
07:47:38,"[323.0, 26]","[322.0, 39]","[329.0, 26]","[331.31, 13]",326.0,104,6.0,0.25
07:47:39,"[321.75, 32]","[319.33, 54]","[327.65, 68]","[329.12, 34]",324.7,188,5.9,-0.09
07:47:40,"[313.0, 15]","[310.94, 153]","[326.95, 42]","[328.73, 30]",319.98,240,13.95,0.4
07:47:41,"[313.0, 12]","[310.92, 117]","[325.6, 15]","[328.38, 13]",319.3,157,12.6,0.64
07:47:42,"[314.37, 19]","[312.25, 12]","[325.5, 10]","[328.36, 22]",319.93,63,11.13,-0.02
07:47:43,"[317.09, 86]","[316.46, 37]","[325.0, 15]","[328.0, 45]",321.05,183,7.91,0.34
07:47:44,"[319.86, 28]","[318.29, 28]","[324.14, 14]","[328.0, 42]",322.0,112,4.29,0.0
07:47:45,"[321.98, 99]","[320.16, 43]","[323.41, 34]","[327.67, 49]",322.7,225,1.43,0.26
07:47:46,"[323.5, 102]","[323.35, 92]","[327.77, 43]","[329.64, 42]",325.63,279,4.27,0.39
07:47:47,"[326.33, 101]","[325.23, 39]","[330.82, 57]","[331.52, 67]",328.58,264,4.5,0.06
07:47:48,"[331.16, 25]","[330.92, 39]","[334.0, 75]","[336.0, 15]",332.58,154,2.84,-0.17
07:47:49,"[332.12, 16]","[326.21, 29]","[333.79, 57]","[334.46, 39]",332.96,141,1.66,-0.36
07:47:50,"[320.8, 10]","[315.23, 26]","[334.18, 40]","[335.73, 22]",327.49,98,13.38,-0.27
07:47:51,"[318.0, 8]","[315.76, 34]","[335.0, 8]","[337.57, 46]",326.5,96,17.0,-0.12
07:47:52,"[327.27, 11]","[318.76, 119]","[338.0, 66]","[341.0, 11]",332.64,207,10.73,0.26
07:47:53,"[335.0, 13]","[321.0, 169]","[337.57, 42]","[338.32, 44]",336.29,268,2.57,0.36
07:47:54,"[325.23, 60]","[320.91, 159]","[337.0, 30]","[338.9, 51]",331.12,300,11.77,0.46
07:47:55,"[331.0, 120]","[319.5, 156]","[335.17, 24]","[338.0, 60]",333.08,360,4.17,0.53
07:47:56,"[331.0, 120]","[319.27, 147]","[333.5, 24]","[338.0, 60]",332.25,351,2.5,0.52
07:47:57,"[330.6, 60]","[323.18, 67]","[338.0, 41]","[342.09, 43]",334.3,211,7.4,0.2
07:47:58,"[322.39, 59]","[319.56, 72]","[340.29, 28]","[341.5, 16]",331.34,175,17.9,0.5
07:47:59,"[319.0, 143]","[317.0, 36]","[340.0, 55]","[341.0, 22]",329.5,256,21.0,0.4
07:48:00,"[319.0, 78]","[317.0, 18]","[339.5, 30]","[342.64, 28]",329.25,154,20.5,0.25
07:48:01,"[319.0, 78]","[316.23, 13]","[339.0, 30]","[343.0, 60]",329.0,181,20.0,0.01
07:48:02,"[319.0, 91]","[316.0, 14]","[338.29, 35]","[341.91, 55]",328.64,195,19.29,0.08
07:48:03,"[319.95, 80]","[319.22, 67]","[329.09, 67]","[336.58, 71]",324.52,285,9.14,0.03
07:48:04,"[324.17, 58]","[320.88, 48]","[326.33, 60]","[330.89, 36]",325.25,202,2.16,0.05
07:48:05,"[325.69, 52]","[324.36, 50]","[327.0, 60]","[334.0, 34]",326.35,196,1.31,0.04
07:48:06,"[326.42, 24]","[325.0, 22]","[331.48, 25]","[340.09, 46]",328.95,117,5.06,-0.21
07:48:07,"[326.0, 22]","[315.24, 84]","[332.6, 25]","[340.5, 40]",329.3,171,6.6,0.24
07:48:08,"[324.0, 14]","[315.13, 95]","[328.71, 14]","[337.46, 13]",326.36,136,4.71,0.6
07:48:09,"[319.0, 10]","[315.0, 150]","[333.0, 10]","[339.0, 20]",326.0,190,14.0,0.68
07:48:10,"[319.0, 5]","[315.0, 65]","[330.4, 5]","[338.33, 9]",324.7,84,11.4,0.67
07:48:11,"[319.0, 8]","[315.0, 104]","[320.0, 8]","[333.0, 8]",319.5,128,1.0,0.75
07:48:12,"[319.0, 5]","[315.0, 65]","[320.0, 5]","[324.0, 14]",319.5,89,1.0,0.57
07:48:13,"[319.0, 9]","[315.0, 117]","[320.0, 9]","[323.0, 36]",319.5,171,1.0,0.47
07:48:14,"[319.0, 5]","[315.0, 65]","[320.0, 5]","[323.0, 20]",319.5,95,1.0,0.47
07:48:15,"[319.0, 6]","[315.0, 78]","[323.0, 24]","[330.0, 6]",321.0,114,4.0,0.47
07:48:16,"[319.0, 11]","[315.0, 143]","[323.0, 22]","[330.0, 11]",321.0,187,4.0,0.65
07:48:17,"[319.0, 6]","[315.0, 78]","[323.0, 12]","[330.0, 6]",321.0,102,4.0,0.65
07:48:18,"[319.0, 4]","[314.75, 8]","[324.0, 7]","[332.25, 4]",321.5,23,5.0,0.04
07:48:19,"[319.0, 9]","[315.0, 18]","[329.87, 15]","[334.85, 13]",324.43,55,10.87,-0.02
07:48:20,"[319.0, 8]","[315.0, 16]","[330.0, 22]","[337.25, 8]",324.5,54,11.0,-0.11
07:48:21,"[319.92, 12]","[317.92, 13]","[330.0, 12]","[336.06, 16]",324.96,53,10.08,-0.06
07:48:22,"[320.0, 9]","[318.0, 9]","[329.33, 9]","[331.67, 36]",324.67,63,9.33,-0.43
07:48:23,"[322.57, 21]","[320.71, 21]","[326.71, 49]","[327.53, 64]",324.64,155,4.14,-0.46
07:48:24,"[323.0, 13]","[321.0, 13]","[330.89, 28]","[329.05, 57]",326.95,111,7.89,-0.53
07:48:25,"[324.53, 19]","[322.37, 19]","[333.06, 96]","[334.06, 102]",328.79,236,8.54,-0.68
07:48:26,"[328.12, 17]","[326.24, 17]","[332.41, 85]","[334.35, 85]",330.26,204,4.29,-0.67
07:48:27,"[329.0, 21]","[328.0, 21]","[330.81, 105]","[334.76, 105]",329.9,252,1.81,-0.67
07:48:28,"[320.19, 139]","[319.2, 87]","[330.0, 36]","[334.0, 55]",325.1,317,9.81,0.43
07:48:29,"[319.41, 83]","[318.5, 28]","[330.0, 27]","[334.0, 45]",324.7,183,10.59,0.21
07:48:30,"[319.0, 35]","[318.0, 10]","[330.0, 15]","[334.0, 25]",324.5,85,11.0,0.06
07:48:31,"[322.27, 154]","[318.58, 48]","[328.39, 38]","[333.45, 66]",325.33,306,6.12,0.32
07:48:32,"[319.47, 107]","[318.66, 64]","[326.71, 51]","[332.29, 85]",323.09,307,7.24,0.11
07:48:33,"[322.36, 70]","[318.49, 43]","[327.09, 46]","[331.27, 66]",324.72,225,4.73,0.0
07:48:34,"[323.91, 86]","[321.33, 48]","[331.0, 80]","[334.0, 48]",327.45,262,7.09,0.02
07:48:35,"[327.61, 76]","[325.3, 54]","[331.0, 65]","[334.0, 39]",329.3,234,3.39,0.11
07:48:36,"[329.0, 44]","[326.73, 44]","[331.0, 56]","[334.0, 36]",330.0,180,2.0,-0.02
07:48:37,"[328.0, 48]","[314.0, 24]","[332.25, 36]","[335.25, 36]",330.12,144,4.25,0.0
07:48:38,"[329.0, 52]","[314.82, 22]","[332.8, 30]","[334.92, 39]",330.9,143,3.8,0.03
07:48:39,"[329.22, 59]","[316.3, 20]","[331.36, 28]","[332.77, 39]",330.29,146,2.14,0.08
07:48:40,"[316.0, 6]","[314.33, 12]","[332.0, 12]","[334.0, 18]",324.0,48,16.0,-0.25
07:48:41,"[330.55, 11]","[321.5, 16]","[335.64, 33]","[338.0, 11]",333.09,71,5.09,-0.24
07:48:42,"[332.95, 22]","[331.81, 16]","[336.0, 42]","[338.0, 14]",334.48,94,3.05,-0.19
07:48:43,"[333.21, 14]","[331.43, 14]","[335.75, 44]","[337.1, 20]",334.48,92,2.54,-0.39
07:48:44,"[332.0, 16]","[330.5, 16]","[335.17, 30]","[337.57, 40]",333.58,102,3.17,-0.37
07:48:45,"[332.0, 10]","[331.0, 10]","[340.45, 22]","[344.17, 24]",336.23,66,8.45,-0.39
07:48:46,"[332.96, 25]","[331.92, 13]","[341.0, 39]","[346.0, 26]",336.98,103,8.04,-0.26
07:48:47,"[335.73, 30]","[332.0, 15]","[341.0, 45]","[346.0, 32]",338.37,122,5.27,-0.26
07:48:48,"[329.6, 110]","[328.38, 21]","[341.0, 51]","[346.0, 51]",335.3,233,11.4,0.12
07:48:49,"[327.0, 210]","[323.0, 20]","[342.97, 37]","[450.4, 30]",334.99,297,15.97,0.55
07:48:50,"[326.11, 81]","[322.25, 24]","[342.0, 48]","[346.14, 21]",334.06,174,15.89,0.21
07:48:51,"[327.38, 26]","[322.67, 24]","[342.0, 48]","[347.0, 12]",334.69,110,14.62,-0.09
07:48:52,"[333.0, 263]","[326.0, 26]","[341.69, 52]","[343.8, 25]",337.35,366,8.69,0.58
07:48:53,"[335.18, 68]","[332.32, 187]","[341.0, 68]","[342.0, 68]",338.09,391,5.82,0.3
07:48:54,"[336.0, 44]","[325.18, 22]","[341.0, 88]","[345.0, 17]",338.5,171,5.0,-0.23
07:48:55,"[336.0, 14]","[327.0, 16]","[341.0, 64]","[345.0, 8]",338.5,102,5.0,-0.41
07:48:56,"[336.0, 1]","[327.0, 2]","[341.0, 8]","[345.0, 1]",338.5,12,5.0,-0.5
07:48:57,"[336.0, 17]","[328.42, 33]","[340.21, 75]","[341.1, 78]",338.11,203,4.21,-0.51
07:48:58,"[336.0, 17]","[332.89, 79]","[338.03, 34]","[339.41, 29]",337.01,159,2.03,0.21
07:48:59,"[333.5, 48]","[332.71, 56]","[336.84, 49]","[337.36, 22]",335.17,175,3.34,0.19
07:49:00,"[333.0, 61]","[332.0, 30]","[337.59, 46]","[339.02, 51]",335.29,188,4.59,-0.03
