Time,Bid1,Bid2,Ask1,Ask2,Mid-Price,Total_volume,Bid_ask_spread,Order_imbalance
07:30:00,"[0, 0]","[0, 0]","[0, 0]","[0, 0]",0.0,0,0.0,0.0
07:30:01,"[291.0, 14]","[0, 0]","[745.0, 5]","[0, 0]",518.0,19,454.0,0.47
07:30:02,"[291.0, 21]","[121.0, 2]","[743.67, 12]","[745.0, 15]",517.33,50,452.67,-0.08
07:30:03,"[291.0, 7]","[121.0, 1]","[350.0, 3]","[743.0, 4]",320.5,15,59.0,0.07
07:30:04,"[291.0, 42]","[116.0, 6]","[350.0, 18]","[683.33, 30]",320.5,96,59.0,0.0
07:30:05,"[295.34, 85]","[289.11, 71]","[350.0, 21]","[387.0, 35]",322.67,212,54.66,0.47
07:30:06,"[320.59, 44]","[302.19, 32]","[348.61, 23]","[349.79, 19]",334.6,118,28.02,0.29
07:30:07,"[321.0, 120]","[320.0, 10]","[343.59, 37]","[345.39, 33]",332.3,200,22.59,0.3
07:30:08,"[321.87, 46]","[320.95, 63]","[338.41, 27]","[341.07, 29]",330.14,165,16.54,0.32
07:30:09,"[325.0, 14]","[321.0, 84]","[336.29, 28]","[339.0, 21]",330.64,147,11.29,0.33
07:30:10,"[325.0, 16]","[321.0, 96]","[335.75, 32]","[339.0, 24]",330.38,168,10.75,0.33
07:30:11,"[321.43, 37]","[320.53, 45]","[334.8, 20]","[339.0, 15]",328.12,117,13.37,0.4
07:30:12,"[322.0, 8]","[321.0, 88]","[333.35, 20]","[335.57, 28]",327.68,144,11.35,0.33
07:30:13,"[322.0, 12]","[321.0, 132]","[329.36, 39]","[332.14, 21]",325.68,204,7.36,0.41
07:30:14,"[321.08, 49]","[320.56, 79]","[326.76, 21]","[327.56, 18]",323.92,167,5.68,0.53
07:30:15,"[321.0, 71]","[320.0, 56]","[322.71, 24]","[323.67, 12]",321.85,163,1.71,0.56
07:30:16,"[321.0, 66]","[320.0, 63]","[322.0, 36]","[323.09, 23]",321.5,188,1.0,0.37
07:30:17,"[320.22, 45]","[318.24, 102]","[332.12, 24]","[342.34, 32]",326.17,203,11.9,0.45
07:30:18,"[320.0, 63]","[317.0, 108]","[337.0, 27]","[340.56, 27]",328.5,225,17.0,0.52
07:30:19,"[320.0, 84]","[317.0, 144]","[337.0, 36]","[339.0, 36]",328.5,300,17.0,0.52
07:30:20,"[320.1, 84]","[317.13, 163]","[337.0, 42]","[339.0, 42]",328.55,331,16.9,0.49
07:30:21,"[320.0, 48]","[317.0, 96]","[331.64, 28]","[338.5, 24]",325.82,196,11.64,0.47
07:30:22,"[320.78, 64]","[317.33, 135]","[327.6, 75]","[337.0, 45]",324.19,319,6.82,0.25
07:30:23,"[321.58, 19]","[317.23, 117]","[337.0, 36]","[339.0, 36]",329.29,208,15.42,0.31
07:30:24,"[320.95, 65]","[317.65, 46]","[337.0, 39]","[339.0, 39]",328.98,189,16.05,0.17
07:30:25,"[321.2, 100]","[320.56, 36]","[335.3, 60]","[337.2, 60]",328.25,256,14.1,0.06
07:30:26,"[321.57, 105]","[320.0, 21]","[334.52, 63]","[337.0, 63]",328.05,252,12.95,0.0
07:30:27,"[322.0, 65]","[320.0, 13]","[333.0, 39]","[338.11, 54]",327.5,171,11.0,-0.09
07:30:28,"[322.0, 59]","[320.0, 112]","[332.92, 39]","[339.0, 78]",327.46,288,10.92,0.19
07:30:29,"[322.0, 52]","[320.0, 130]","[331.38, 39]","[337.0, 39]",326.69,260,9.38,0.4
07:30:30,"[322.0, 40]","[320.0, 100]","[331.0, 30]","[335.8, 30]",326.5,200,9.0,0.4
07:30:31,"[323.33, 54]","[320.42, 114]","[330.0, 45]","[335.0, 45]",326.67,258,6.67,0.3
07:30:32,"[326.0, 42]","[322.0, 56]","[328.69, 26]","[331.57, 42]",327.35,166,2.69,0.18
07:30:33,"[326.0, 33]","[322.0, 56]","[328.1, 20]","[330.93, 42]",327.05,151,2.1,0.18
07:30:34,"[322.39, 31]","[320.29, 82]","[327.02, 46]","[328.92, 26]",324.7,185,4.63,0.22
07:30:35,"[322.0, 44]","[320.0, 110]","[326.0, 45]","[327.21, 43]",324.0,242,4.0,0.27
07:30:36,"[320.24, 102]","[318.34, 174]","[322.5, 36]","[333.0, 42]",321.37,354,2.26,0.56
07:30:37,"[320.0, 65]","[318.0, 112]","[321.0, 13]","[337.0, 35]",320.5,225,1.0,0.57
07:30:38,"[320.0, 80]","[318.0, 160]","[337.0, 50]","[340.0, 10]",328.5,300,17.0,0.6
07:30:39,"[320.0, 88]","[318.0, 176]","[332.39, 41]","[337.4, 15]",326.2,320,12.39,0.65
07:30:40,"[320.0, 64]","[318.0, 128]","[331.58, 24]","[336.62, 16]",325.79,232,11.58,0.66
07:30:41,"[320.0, 120]","[318.0, 240]","[335.0, 103]","[336.0, 15]",327.5,478,15.0,0.51
07:30:42,"[320.0, 72]","[318.3, 46]","[335.0, 63]","[336.0, 9]",327.5,190,15.0,0.24
07:30:43,"[320.27, 55]","[318.67, 120]","[334.85, 66]","[335.36, 22]",327.56,263,14.58,0.33
07:30:44,"[321.0, 27]","[320.0, 168]","[333.86, 145]","[334.82, 92]",327.43,432,12.86,-0.1
07:30:45,"[321.0, 16]","[320.0, 128]","[331.06, 62]","[332.61, 71]",326.03,277,10.06,0.04
07:30:46,"[321.0, 18]","[320.0, 144]","[327.72, 90]","[328.57, 63]",324.36,315,6.72,0.03
07:30:47,"[321.0, 12]","[320.0, 96]","[325.0, 60]","[328.0, 60]",323.0,228,4.0,-0.05
07:30:48,"[320.13, 45]","[319.64, 75]","[323.27, 75]","[325.8, 75]",321.7,270,3.13,-0.11
07:30:49,"[319.94, 52]","[318.8, 56]","[321.28, 71]","[323.96, 68]",320.61,247,1.34,-0.13
07:30:50,"[319.93, 80]","[318.69, 70]","[328.55, 44]","[332.5, 60]",324.24,254,8.62,0.18
07:30:51,"[321.0, 46]","[319.0, 39]","[330.0, 26]","[332.0, 52]",325.5,163,9.0,0.04
07:30:52,"[322.67, 9]","[319.0, 27]","[330.0, 19]","[332.0, 36]",326.33,91,7.33,-0.21
07:30:53,"[323.0, 23]","[319.0, 33]","[329.13, 45]","[330.5, 32]",326.07,133,6.13,-0.16
07:30:54,"[320.23, 26]","[316.58, 38]","[328.8, 51]","[329.64, 25]",324.52,140,8.57,-0.09
07:30:55,"[319.75, 32]","[318.65, 34]","[327.0, 52]","[328.95, 38]",323.38,156,7.25,-0.15
07:30:56,"[321.93, 28]","[320.0, 42]","[326.5, 56]","[329.0, 40]",324.21,166,4.57,-0.16
07:30:57,"[320.94, 34]","[319.67, 36]","[323.5, 56]","[332.11, 18]",322.22,144,2.56,-0.03
07:30:58,"[320.0, 33]","[319.0, 22]","[321.36, 44]","[330.82, 11]",320.68,110,1.36,0.0
07:30:59,"[320.4, 15]","[318.25, 24]","[332.33, 9]","[334.83, 23]",326.37,71,11.93,0.1
07:31:00,"[326.0, 14]","[322.45, 58]","[327.9, 20]","[330.26, 23]",326.95,115,1.9,0.25
07:31:01,"[323.35, 34]","[321.5, 32]","[327.75, 16]","[331.46, 26]",325.55,108,4.4,0.22
07:31:02,"[323.0, 70]","[319.0, 28]","[326.64, 50]","[329.45, 31]",324.82,179,3.64,0.09
07:31:03,"[323.0, 60]","[319.0, 24]","[324.5, 32]","[325.8, 40]",323.75,156,1.5,0.08
07:31:04,"[320.24, 29]","[318.12, 48]","[331.0, 42]","[335.53, 51]",325.62,170,10.76,-0.09
07:31:05,"[319.0, 20]","[318.0, 39]","[331.47, 19]","[332.46, 39]",325.24,117,12.47,0.01
07:31:06,"[319.0, 15]","[318.0, 45]","[331.0, 15]","[332.53, 45]",325.0,120,12.0,0.0
07:31:07,"[319.0, 9]","[318.0, 27]","[331.0, 9]","[333.0, 47]",325.0,92,12.0,-0.22
07:31:08,"[320.33, 18]","[318.06, 32]","[330.67, 12]","[333.0, 96]",325.5,158,10.33,-0.37
07:31:09,"[319.4, 20]","[318.18, 44]","[322.8, 20]","[331.61, 67]",321.1,151,3.4,-0.15
07:31:10,"[322.02, 50]","[321.9, 194]","[329.51, 39]","[331.34, 85]",325.77,368,7.49,0.33
07:31:11,"[322.04, 166]","[321.73, 112]","[328.75, 16]","[332.0, 136]",325.39,430,6.71,0.29
07:31:12,"[322.0, 146]","[319.0, 11]","[327.0, 11]","[331.0, 33]",324.5,201,5.0,0.56
07:31:13,"[322.0, 143]","[319.0, 13]","[326.0, 13]","[331.0, 39]",324.0,208,4.0,0.5
07:31:14,"[322.0, 132]","[319.0, 12]","[324.67, 12]","[331.0, 36]",323.33,192,2.67,0.5
07:31:15,"[322.0, 154]","[319.25, 16]","[323.64, 14]","[331.62, 48]",322.82,232,1.64,0.47
07:31:16,"[322.0, 113]","[320.0, 32]","[326.5, 24]","[330.75, 48]",324.25,217,4.5,0.34
07:31:17,"[322.0, 132]","[320.0, 22]","[329.36, 33]","[331.0, 33]",325.68,220,7.36,0.4
07:31:18,"[322.0, 120]","[320.54, 13]","[329.0, 30]","[330.0, 30]",325.5,193,7.0,0.38
07:31:19,"[322.0, 144]","[321.0, 12]","[328.2, 45]","[330.67, 36]",325.1,237,6.2,0.32
07:31:20,"[322.0, 144]","[321.0, 12]","[326.85, 60]","[329.75, 36]",324.43,252,4.85,0.24
07:31:21,"[322.0, 168]","[320.44, 25]","[330.18, 66]","[334.14, 70]",326.09,329,8.18,0.17
07:31:22,"[322.0, 124]","[320.82, 67]","[328.53, 34]","[331.0, 55]",325.26,280,6.53,0.36
07:31:23,"[322.0, 65]","[321.0, 55]","[328.0, 22]","[331.0, 29]",325.0,171,6.0,0.4
07:31:24,"[322.0, 84]","[321.0, 80]","[326.44, 32]","[332.74, 23]",324.22,219,4.44,0.5
07:31:25,"[322.0, 14]","[321.0, 70]","[325.0, 28]","[336.0, 112]",323.5,224,3.0,-0.25
07:31:26,"[322.0, 10]","[321.0, 50]","[325.0, 20]","[336.0, 30]",323.5,110,3.0,0.09
07:31:27,"[322.0, 13]","[321.0, 65]","[324.23, 26]","[336.0, 39]",323.12,143,2.23,0.09
07:31:28,"[322.0, 8]","[321.0, 40]","[324.0, 16]","[334.0, 24]",323.0,88,2.0,0.09
07:31:29,"[321.08, 53]","[319.7, 54]","[322.96, 54]","[330.09, 43]",322.02,204,1.89,0.05
07:31:30,"[321.0, 48]","[318.35, 17]","[323.0, 48]","[333.2, 30]",322.0,143,2.0,-0.09
07:31:31,"[320.96, 50]","[318.92, 26]","[322.92, 52]","[332.6, 30]",321.94,158,1.96,-0.04
07:31:32,"[318.19, 54]","[317.14, 49]","[332.0, 24]","[334.75, 40]",325.09,167,13.81,0.23
07:31:33,"[318.5, 64]","[317.33, 72]","[329.78, 36]","[335.35, 54]",324.14,226,11.28,0.2
07:31:34,"[322.0, 9]","[318.0, 63]","[333.78, 18]","[337.0, 27]",327.89,117,11.78,0.23
07:31:35,"[322.0, 14]","[318.0, 98]","[331.71, 42]","[333.86, 28]",326.86,182,9.71,0.23
07:31:36,"[322.0, 10]","[318.0, 70]","[330.66, 29]","[331.86, 21]",326.33,130,8.66,0.23
07:31:37,"[318.25, 32]","[316.33, 24]","[329.6, 30]","[330.8, 30]",323.93,116,11.35,-0.03
07:31:38,"[318.0, 33]","[314.0, 11]","[328.0, 51]","[333.69, 64]",323.0,159,10.0,-0.45
07:31:39,"[318.96, 160]","[317.82, 44]","[326.56, 50]","[328.52, 80]",322.76,334,7.6,0.22
07:31:40,"[319.71, 231]","[318.0, 98]","[325.71, 45]","[328.0, 63]",322.71,437,6.0,0.51
07:31:41,"[320.4, 180]","[318.0, 54]","[323.06, 18]","[327.75, 48]",321.73,300,2.66,0.56
07:31:42,"[319.73, 78]","[315.88, 26]","[322.39, 18]","[327.8, 35]",321.06,157,2.66,0.32
07:31:43,"[319.45, 22]","[317.8, 50]","[328.51, 35]","[331.32, 62]",323.98,169,9.06,-0.15
07:31:44,"[320.97, 58]","[319.33, 18]","[328.98, 66]","[332.47, 30]",324.98,172,8.02,-0.12
07:31:45,"[324.87, 75]","[321.36, 33]","[328.0, 19]","[329.84, 76]",326.43,203,3.13,0.06
07:31:46,"[326.0, 41]","[323.0, 6]","[330.11, 9]","[333.14, 28]",328.06,84,4.11,0.12
07:31:47,"[326.0, 14]","[323.0, 9]","[334.0, 36]","[335.0, 69]",330.0,128,8.0,-0.64
07:31:48,"[323.68, 19]","[321.94, 17]","[334.0, 56]","[335.0, 70]",328.84,162,10.32,-0.56
07:31:49,"[322.0, 18]","[321.0, 18]","[334.0, 36]","[335.0, 36]",328.0,108,12.0,-0.33
07:31:50,"[322.0, 20]","[321.0, 20]","[334.0, 40]","[335.0, 40]",328.0,120,12.0,-0.33
07:31:51,"[322.18, 11]","[320.22, 18]","[334.0, 28]","[335.0, 28]",328.09,85,11.82,-0.32
07:31:52,"[320.93, 15]","[318.5, 24]","[334.0, 36]","[335.0, 36]",327.47,111,13.07,-0.3
07:31:53,"[322.0, 16]","[320.0, 8]","[334.0, 32]","[335.0, 32]",328.0,88,12.0,-0.45
07:31:54,"[322.0, 10]","[320.0, 5]","[334.0, 20]","[335.0, 20]",328.0,55,12.0,-0.45
07:31:55,"[322.0, 20]","[320.0, 10]","[334.0, 40]","[335.0, 40]",328.0,110,12.0,-0.45
07:31:56,"[322.0, 20]","[320.0, 10]","[333.57, 28]","[334.6, 40]",327.79,98,11.57,-0.39
07:31:57,"[322.0, 20]","[320.0, 10]","[332.0, 16]","[333.7, 40]",327.0,86,10.0,-0.3
07:31:58,"[322.0, 16]","[320.0, 8]","[332.33, 24]","[333.5, 32]",327.17,80,10.33,-0.4
07:31:59,"[322.0, 7]","[320.0, 4]","[331.0, 8]","[333.0, 16]",326.5,35,9.0,-0.37
07:32:00,"[322.0, 10]","[320.0, 10]","[332.51, 35]","[334.67, 30]",327.26,85,10.51,-0.53
07:32:01,"[322.0, 60]","[320.0, 18]","[330.8, 81]","[331.89, 81]",326.4,240,8.8,-0.35
07:32:02,"[321.91, 44]","[319.08, 26]","[325.99, 73]","[326.96, 72]",323.95,215,4.08,-0.35
07:32:03,"[318.22, 74]","[317.37, 129]","[322.29, 63]","[323.58, 95]",320.25,361,4.07,0.12
07:32:04,"[318.0, 66]","[317.0, 121]","[320.91, 55]","[322.0, 55]",319.45,297,2.91,0.26
07:32:05,"[318.0, 60]","[317.0, 132]","[320.14, 57]","[327.04, 84]",319.07,333,2.14,0.15
07:32:06,"[317.11, 56]","[316.18, 91]","[322.65, 63]","[334.34, 133]",319.88,343,5.54,-0.14
07:32:07,"[325.39, 99]","[319.09, 86]","[331.64, 95]","[334.99, 92]",328.52,372,6.25,-0.01
07:32:08,"[326.0, 76]","[322.0, 36]","[330.0, 48]","[331.0, 48]",328.0,208,4.0,0.08
07:32:09,"[326.0, 78]","[322.0, 39]","[330.0, 52]","[331.0, 52]",328.0,221,4.0,0.06
07:32:10,"[326.0, 54]","[322.0, 27]","[330.46, 35]","[332.0, 40]",328.23,156,4.46,0.04
07:32:11,"[326.0, 49]","[322.0, 27]","[330.0, 27]","[331.0, 36]",328.0,139,4.0,0.09
07:32:12,"[326.0, 50]","[322.0, 30]","[330.0, 30]","[331.33, 30]",328.0,140,4.0,0.14
07:32:13,"[326.0, 38]","[322.0, 30]","[330.0, 30]","[332.0, 20]",328.0,118,4.0,0.15
07:32:14,"[326.0, 9]","[322.0, 27]","[330.0, 27]","[332.0, 18]",328.0,81,4.0,-0.11
07:32:15,"[326.0, 8]","[322.0, 24]","[329.38, 24]","[330.71, 21]",327.69,77,3.38,-0.17
07:32:16,"[326.0, 13]","[322.0, 39]","[329.0, 39]","[331.0, 39]",327.5,130,3.0,-0.2
07:32:17,"[326.0, 9]","[322.0, 27]","[329.0, 27]","[331.0, 27]",327.5,90,3.0,-0.2
07:32:18,"[323.52, 29]","[320.63, 105]","[327.83, 54]","[330.88, 51]",325.68,239,4.32,0.12
07:32:19,"[322.0, 51]","[320.0, 204]","[325.71, 59]","[328.66, 61]",323.86,375,3.71,0.36
07:32:20,"[322.0, 45]","[320.0, 180]","[324.6, 53]","[325.46, 52]",323.3,330,2.6,0.36
07:32:21,"[320.13, 182]","[318.57, 168]","[322.18, 51]","[327.57, 65]",321.15,466,2.04,0.5
07:32:22,"[320.43, 42]","[319.45, 87]","[331.08, 36]","[333.93, 80]",325.76,245,10.65,0.05
07:32:23,"[321.0, 24]","[318.92, 89]","[330.17, 12]","[332.0, 36]",325.58,161,9.17,0.4
07:32:24,"[321.0, 22]","[320.0, 66]","[330.0, 11]","[333.61, 61]",325.5,160,9.0,0.1
07:32:25,"[323.0, 17]","[320.07, 80]","[330.0, 15]","[334.0, 105]",326.5,217,7.0,-0.11
07:32:26,"[326.0, 24]","[323.0, 12]","[329.33, 12]","[333.5, 48]",327.67,96,3.33,-0.25
07:32:27,"[321.36, 44]","[318.36, 69]","[327.15, 13]","[328.31, 13]",324.26,139,5.79,0.63
07:32:28,"[320.0, 20]","[318.0, 80]","[325.9, 10]","[327.1, 10]",322.95,120,5.9,0.67
07:32:29,"[320.0, 30]","[318.0, 120]","[324.8, 15]","[326.6, 15]",322.4,180,4.8,0.67
07:32:30,"[320.0, 30]","[318.0, 120]","[322.33, 15]","[323.67, 15]",321.17,180,2.33,0.67
07:32:31,"[318.0, 48]","[310.0, 18]","[320.5, 6]","[322.0, 6]",319.25,78,2.5,0.69
07:32:32,"[317.06, 51]","[309.16, 57]","[327.95, 19]","[330.74, 27]",322.5,154,10.89,0.4
07:32:33,"[314.72, 89]","[313.07, 174]","[321.36, 39]","[326.57, 56]",318.04,358,6.64,0.47
07:32:34,"[317.19, 32]","[309.75, 48]","[324.42, 24]","[325.67, 72]",320.8,176,7.23,-0.09
07:32:35,"[318.22, 36]","[312.25, 170]","[324.0, 18]","[326.0, 90]",321.11,314,5.78,0.31
07:32:36,"[319.54, 26]","[313.71, 85]","[324.0, 13]","[326.0, 65]",321.77,189,4.46,0.17
07:32:37,"[320.08, 26]","[310.06, 31]","[324.0, 13]","[326.0, 65]",322.04,135,3.92,-0.16
07:32:38,"[321.0, 32]","[318.0, 16]","[323.8, 20]","[326.19, 78]",322.4,146,2.8,-0.34
07:32:39,"[321.0, 20]","[318.0, 10]","[326.0, 50]","[331.0, 18]",323.5,98,5.0,-0.39
07:32:40,"[321.0, 22]","[318.0, 11]","[326.0, 55]","[331.0, 11]",323.5,99,5.0,-0.33
07:32:41,"[321.0, 22]","[318.0, 28]","[326.0, 55]","[331.0, 11]",323.5,116,5.0,-0.14
07:32:42,"[321.0, 14]","[318.0, 252]","[326.28, 54]","[332.8, 20]",323.64,340,5.28,0.56
07:32:43,"[321.0, 11]","[318.0, 198]","[326.0, 11]","[331.0, 11]",323.5,231,5.0,0.81
07:32:44,"[321.0, 9]","[318.0, 162]","[326.0, 9]","[332.0, 18]",323.5,198,5.0,0.73
07:32:45,"[318.85, 78]","[317.35, 74]","[325.67, 6]","[330.8, 10]",322.26,168,6.82,0.81
07:32:46,"[320.36, 440]","[310.0, 66]","[324.86, 22]","[326.77, 22]",322.61,550,4.5,0.84
07:32:47,"[320.64, 227]","[312.9, 82]","[323.0, 39]","[325.42, 19]",321.82,367,2.36,0.68
07:32:48,"[319.52, 157]","[313.2, 15]","[324.0, 11]","[327.0, 11]",321.76,194,4.48,0.77
07:32:49,"[321.83, 204]","[318.0, 12]","[324.0, 12]","[327.0, 12]",322.92,240,2.17,0.8
07:32:50,"[322.0, 197]","[318.0, 12]","[326.75, 12]","[329.58, 12]",324.38,233,4.75,0.79
07:32:51,"[322.0, 80]","[318.0, 5]","[330.0, 5]","[332.0, 5]",326.0,95,8.0,0.79
07:32:52,"[322.0, 144]","[318.0, 9]","[330.0, 9]","[332.0, 9]",326.0,171,8.0,0.79
07:32:53,"[322.1, 230]","[320.13, 30]","[330.0, 15]","[332.0, 15]",326.05,290,7.9,0.79
07:32:54,"[326.0, 78]","[322.0, 208]","[328.3, 37]","[330.77, 13]",327.15,336,2.3,0.7
07:32:55,"[322.69, 174]","[321.27, 126]","[326.93, 42]","[331.0, 14]",324.81,356,4.24,0.69
07:32:56,"[322.88, 75]","[322.06, 105]","[327.4, 25]","[333.15, 13]",325.14,218,4.52,0.65
07:32:57,"[326.0, 48]","[323.0, 48]","[334.78, 37]","[336.07, 28]",330.39,161,8.78,0.19
07:32:58,"[326.0, 39]","[323.0, 39]","[334.0, 39]","[336.85, 13]",330.0,130,8.0,0.2
07:32:59,"[326.0, 27]","[323.0, 27]","[334.0, 27]","[335.0, 9]",330.0,90,8.0,0.2
07:33:00,"[326.0, 24]","[323.0, 24]","[334.0, 24]","[335.0, 8]",330.0,80,8.0,0.2
07:33:01,"[326.0, 45]","[323.0, 45]","[333.6, 45]","[334.33, 27]",329.8,162,7.6,0.11
07:33:02,"[326.0, 39]","[323.0, 39]","[332.31, 39]","[334.0, 45]",329.15,162,6.31,-0.04
07:33:03,"[326.0, 39]","[323.0, 39]","[330.62, 39]","[334.27, 44]",328.31,161,4.62,-0.03
07:33:04,"[326.0, 39]","[323.0, 39]","[328.92, 39]","[336.09, 33]",327.46,150,2.92,0.04
07:33:05,"[325.0, 27]","[322.22, 81]","[328.43, 21]","[337.33, 9]",326.71,138,3.43,0.57
07:33:06,"[323.0, 30]","[322.0, 210]","[337.0, 10]","[338.67, 18]",330.0,268,14.0,0.79
07:33:07,"[323.83, 36]","[322.26, 57]","[337.0, 7]","[339.0, 21]",330.42,121,13.17,0.54
07:33:08,"[322.66, 76]","[321.98, 252]","[329.96, 25]","[338.97, 30]",326.31,383,7.3,0.71
07:33:09,"[323.5, 80]","[321.94, 192]","[335.05, 55]","[336.56, 16]",329.28,343,11.55,0.59
07:33:10,"[322.0, 154]","[321.0, 33]","[335.0, 44]","[336.0, 11]",328.5,242,13.0,0.55
07:33:11,"[321.16, 58]","[320.01, 83]","[334.53, 60]","[336.0, 15]",327.84,216,13.38,0.31
07:33:12,"[320.0, 75]","[319.0, 30]","[331.6, 60]","[334.67, 27]",325.8,192,11.6,0.09
07:33:13,"[320.0, 55]","[319.0, 22]","[331.0, 44]","[334.0, 33]",325.5,154,11.0,0.0
07:33:14,"[322.72, 128]","[321.57, 51]","[331.0, 40]","[334.0, 30]",326.86,249,8.28,0.44
07:33:15,"[323.0, 176]","[322.0, 66]","[331.0, 44]","[334.0, 33]",327.0,319,8.0,0.52
07:33:16,"[323.0, 202]","[322.0, 90]","[328.93, 60]","[334.55, 33]",325.97,385,5.93,0.52
07:33:17,"[323.0, 90]","[322.0, 54]","[326.55, 29]","[328.6, 30]",324.78,203,3.55,0.42
07:33:18,"[323.0, 111]","[322.0, 90]","[327.52, 58]","[332.29, 21]",325.26,280,4.52,0.44
07:33:19,"[323.0, 131]","[322.0, 84]","[326.93, 56]","[335.2, 50]",324.96,321,3.93,0.34
07:33:20,"[323.0, 140]","[322.0, 84]","[325.18, 44]","[326.93, 56]",324.09,324,2.18,0.38
07:33:21,"[323.0, 76]","[322.0, 84]","[324.43, 49]","[328.95, 39]",323.71,248,1.43,0.29
07:33:22,"[323.0, 28]","[322.0, 84]","[324.86, 42]","[335.0, 42]",323.93,196,1.86,0.14
07:33:23,"[322.0, 108]","[321.0, 90]","[334.85, 46]","[336.62, 26]",328.42,270,12.85,0.47
07:33:24,"[325.18, 88]","[321.75, 61]","[332.0, 10]","[336.09, 33]",328.59,192,6.82,0.55
07:33:25,"[326.0, 112]","[322.0, 128]","[331.0, 16]","[337.38, 64]",328.5,320,5.0,0.5
07:33:26,"[326.0, 60]","[322.0, 80]","[329.0, 22]","[335.14, 28]",327.5,190,3.0,0.47
07:33:27,"[326.0, 42]","[322.0, 56]","[328.0, 28]","[330.0, 7]",327.0,133,2.0,0.47
07:33:28,"[325.91, 65]","[322.43, 46]","[327.56, 41]","[338.82, 34]",326.73,186,1.65,0.19
07:33:29,"[323.9, 40]","[322.27, 44]","[328.75, 16]","[334.75, 24]",326.32,124,4.85,0.35
07:33:30,"[322.1, 40]","[321.52, 62]","[327.1, 10]","[328.1, 10]",324.6,122,5.0,0.67
07:33:31,"[322.0, 24]","[321.0, 60]","[327.0, 12]","[328.0, 12]",324.5,108,5.0,0.56
07:33:32,"[322.0, 22]","[321.0, 55]","[325.55, 11]","[326.91, 11]",323.77,99,3.55,0.56
07:33:33,"[322.0, 24]","[321.0, 60]","[324.08, 12]","[325.08, 12]",323.04,108,2.08,0.56
07:33:34,"[321.21, 38]","[320.43, 42]","[323.08, 12]","[336.83, 12]",322.15,104,1.87,0.54
07:33:35,"[319.94, 34]","[318.94, 33]","[322.41, 17]","[339.59, 41]",321.18,125,2.47,0.07
07:33:36,"[320.0, 108]","[319.0, 45]","[322.0, 12]","[339.39, 33]",321.0,198,2.0,0.55
07:33:37,"[320.0, 90]","[319.0, 20]","[322.0, 10]","[336.0, 10]",321.0,130,2.0,0.69
07:33:38,"[320.0, 108]","[319.0, 24]","[321.5, 12]","[336.0, 12]",320.75,156,1.5,0.69
07:33:39,"[320.0, 27]","[319.0, 6]","[321.0, 3]","[336.0, 3]",320.5,39,1.0,0.69
07:33:40,"[320.39, 155]","[318.9, 31]","[333.35, 31]","[337.25, 32]",326.87,249,12.97,0.49
07:33:41,"[323.68, 44]","[319.91, 47]","[334.64, 22]","[335.91, 11]",329.16,124,10.95,0.47
07:33:42,"[323.0, 18]","[320.05, 41]","[334.0, 18]","[335.0, 9]",328.5,86,11.0,0.37
07:33:43,"[323.0, 18]","[322.0, 9]","[333.33, 18]","[335.0, 9]",328.17,54,10.33,0.0
07:33:44,"[323.0, 16]","[322.0, 8]","[333.0, 16]","[335.0, 8]",328.0,48,10.0,0.0
07:33:45,"[323.0, 18]","[322.0, 9]","[332.0, 18]","[335.0, 9]",327.5,54,9.0,0.0
07:33:46,"[323.0, 22]","[322.0, 11]","[330.36, 55]","[332.0, 22]",326.68,110,7.36,-0.4
07:33:47,"[322.5, 12]","[320.18, 33]","[328.78, 45]","[332.0, 18]",325.64,108,6.28,-0.17
07:33:48,"[320.05, 77]","[319.25, 40]","[327.08, 79]","[329.85, 40]",323.56,236,7.02,-0.01
07:33:49,"[320.0, 90]","[319.0, 36]","[323.97, 63]","[324.57, 63]",321.98,252,3.97,0.0
07:33:50,"[319.79, 38]","[312.18, 122]","[323.55, 53]","[327.1, 29]",321.67,242,3.76,0.32
07:33:51,"[320.75, 65]","[319.47, 30]","[324.0, 63]","[334.0, 15]",322.38,173,3.25,0.1
07:33:52,"[322.75, 48]","[321.0, 91]","[324.0, 13]","[334.0, 13]",323.38,165,1.25,0.68
07:33:53,"[323.0, 12]","[321.0, 70]","[324.0, 10]","[334.0, 10]",323.5,102,1.0,0.61
07:33:54,"[322.05, 66]","[321.08, 39]","[331.5, 12]","[336.57, 21]",326.77,138,9.45,0.52
07:33:55,"[322.0, 49]","[320.0, 14]","[334.0, 7]","[337.0, 14]",328.0,84,12.0,0.5
07:33:56,"[322.0, 63]","[320.0, 18]","[334.0, 9]","[337.0, 18]",328.0,108,12.0,0.5
07:33:57,"[322.0, 56]","[320.0, 16]","[333.43, 14]","[336.57, 14]",327.71,100,11.43,0.44
07:33:58,"[322.0, 56]","[320.0, 16]","[333.0, 32]","[335.75, 8]",327.5,112,11.0,0.29
07:33:59,"[322.0, 105]","[320.0, 30]","[332.07, 60]","[336.97, 37]",327.03,232,10.07,0.16
07:34:00,"[320.42, 43]","[319.11, 38]","[329.89, 74]","[335.85, 53]",325.16,208,9.47,-0.22
07:34:01,"[320.67, 36]","[314.0, 80]","[327.06, 68]","[328.2, 40]",323.86,224,6.39,0.04
07:34:02,"[319.0, 32]","[310.0, 240]","[327.0, 64]","[328.0, 32]",323.0,368,8.0,0.48
07:34:03,"[321.66, 71]","[314.07, 83]","[324.81, 84]","[327.14, 70]",323.24,308,3.15,0.0
07:34:04,"[321.45, 22]","[318.43, 28]","[323.0, 40]","[324.0, 40]",322.23,130,1.55,-0.23
07:34:05,"[320.92, 119]","[319.57, 28]","[322.6, 60]","[325.42, 57]",321.76,264,1.68,0.11
07:34:06,"[320.59, 39]","[319.56, 18]","[324.02, 49]","[334.43, 42]",322.31,148,3.43,-0.23
07:34:07,"[322.9, 30]","[320.0, 20]","[331.6, 30]","[336.43, 21]",327.25,101,8.7,-0.01
07:34:08,"[323.0, 27]","[320.0, 18]","[329.18, 22]","[333.71, 17]",326.09,84,6.18,0.07
07:34:09,"[323.0, 30]","[320.0, 20]","[333.0, 20]","[334.47, 34]",328.0,104,10.0,-0.04
07:34:10,"[325.42, 78]","[322.46, 37]","[333.0, 28]","[336.29, 34]",329.21,177,7.58,0.3
07:34:11,"[326.0, 89]","[323.0, 39]","[332.77, 26]","[336.08, 26]",329.38,180,6.77,0.42
07:34:12,"[326.0, 60]","[323.0, 30]","[331.1, 20]","[334.0, 20]",328.55,130,5.1,0.38
07:34:13,"[326.0, 66]","[323.0, 33]","[330.82, 22]","[333.73, 22]",328.41,143,4.82,0.38
07:34:14,"[326.0, 40]","[323.0, 45]","[328.8, 30]","[331.53, 30]",327.4,145,2.8,0.17
07:34:15,"[323.84, 25]","[322.27, 33]","[327.46, 26]","[330.77, 26]",325.65,110,3.62,0.05
07:34:16,"[322.07, 45]","[319.55, 66]","[324.5, 30]","[327.24, 29]",323.28,170,2.43,0.31
07:34:17,"[319.2, 40]","[317.5, 128]","[322.09, 23]","[325.58, 19]",320.64,210,2.89,0.6
07:34:18,"[318.05, 91]","[316.38, 110]","[329.6, 20]","[336.0, 22]",323.83,243,11.55,0.65
07:34:19,"[318.0, 64]","[315.0, 8]","[335.0, 16]","[338.0, 8]",326.5,96,17.0,0.5
07:34:20,"[318.0, 64]","[313.12, 8]","[335.2, 15]","[338.89, 9]",326.6,96,17.2,0.5
07:34:21,"[318.0, 32]","[312.0, 7]","[335.23, 13]","[339.0, 8]",326.62,60,17.23,0.3
07:34:22,"[318.0, 10]","[312.0, 5]","[335.0, 10]","[338.0, 5]",326.5,30,17.0,0.0
07:34:23,"[318.0, 26]","[312.0, 13]","[332.37, 43]","[335.0, 19]",325.19,101,14.37,-0.23
07:34:24,"[318.0, 32]","[312.0, 16]","[329.52, 62]","[331.33, 49]",323.76,159,11.52,-0.4
07:34:25,"[313.12, 159]","[311.29, 14]","[326.38, 42]","[328.0, 50]",319.75,265,13.26,0.31
07:34:26,"[314.5, 246]","[312.94, 141]","[322.84, 44]","[324.83, 46]",318.67,477,8.34,0.62
07:34:27,"[317.0, 332]","[312.0, 12]","[319.32, 47]","[321.71, 35]",318.16,426,2.32,0.62
07:34:28,"[317.0, 297]","[312.0, 11]","[320.4, 50]","[322.65, 37]",318.7,395,3.4,0.56
07:34:29,"[317.47, 106]","[316.89, 138]","[322.0, 40]","[324.0, 16]",319.74,300,4.53,0.63
07:34:30,"[319.92, 61]","[318.44, 97]","[321.73, 75]","[324.13, 30]",320.83,263,1.82,0.2
07:34:31,"[320.0, 56]","[319.0, 70]","[321.0, 70]","[325.0, 28]",320.5,224,1.0,0.12
07:34:32,"[319.07, 59]","[317.03, 302]","[323.78, 32]","[328.33, 24]",321.42,417,4.71,0.73
07:34:33,"[319.0, 60]","[317.0, 324]","[323.9, 30]","[326.25, 24]",321.45,438,4.9,0.75
07:34:34,"[319.0, 49]","[317.0, 270]","[322.2, 10]","[325.2, 20]",320.6,349,3.2,0.83
07:34:35,"[319.0, 36]","[317.0, 243]","[321.44, 9]","[327.89, 18]",320.22,306,2.44,0.82
07:34:36,"[319.0, 28]","[317.0, 216]","[321.0, 8]","[327.0, 16]",320.0,268,2.0,0.82
07:34:37,"[319.0, 27]","[317.0, 243]","[321.0, 9]","[326.56, 18]",320.0,297,2.0,0.82
07:34:38,"[319.49, 35]","[317.22, 152]","[323.62, 13]","[328.3, 20]",321.55,220,4.13,0.7
07:34:39,"[317.11, 168]","[317.25, 24]","[326.0, 22]","[330.71, 42]",321.55,256,8.89,0.5
07:34:40,"[317.0, 270]","[305.24, 58]","[324.3, 10]","[326.65, 23]",320.65,361,7.3,0.82
07:34:41,"[317.0, 247]","[305.0, 77]","[324.0, 11]","[330.03, 31]",320.5,366,7.0,0.77
07:34:42,"[319.48, 58]","[316.4, 139]","[323.86, 7]","[331.0, 14]",321.67,218,4.37,0.81
07:34:43,"[321.0, 60]","[318.1, 49]","[322.9, 10]","[331.0, 38]",321.95,157,1.9,0.39
07:34:44,"[321.0, 62]","[319.0, 36]","[325.11, 18]","[330.35, 57]",323.06,173,4.11,0.13
07:34:45,"[323.5, 32]","[320.28, 25]","[330.0, 49]","[331.0, 7]",326.75,113,6.5,0.01
07:34:46,"[325.0, 70]","[321.0, 56]","[329.82, 82]","[330.43, 23]",327.41,231,4.82,0.09
07:34:47,"[325.0, 26]","[321.0, 32]","[327.25, 24]","[330.0, 16]",326.12,98,2.25,0.18
07:34:48,"[322.94, 62]","[320.83, 48]","[326.17, 54]","[328.23, 40]",324.55,204,3.23,0.08
07:34:49,"[320.82, 39]","[319.28, 29]","[324.76, 33]","[325.33, 27]",322.79,128,3.94,0.06
07:34:50,"[319.36, 28]","[317.37, 162]","[323.68, 28]","[327.25, 48]",321.52,266,4.32,0.43
07:34:51,"[319.0, 18]","[317.0, 132]","[324.0, 18]","[329.0, 18]",321.5,186,5.0,0.61
07:34:52,"[317.37, 81]","[316.55, 80]","[324.0, 30]","[329.0, 30]",320.69,221,6.63,0.46
07:34:53,"[319.1, 30]","[317.0, 40]","[324.0, 30]","[329.0, 30]",321.55,130,4.9,0.08
07:34:54,"[320.82, 50]","[318.92, 38]","[324.0, 30]","[329.0, 30]",322.41,148,3.18,0.19
07:34:55,"[321.71, 42]","[320.59, 78]","[324.0, 36]","[328.17, 36]",322.86,192,2.29,0.25
07:34:56,"[321.0, 35]","[317.0, 28]","[327.0, 21]","[329.62, 13]",324.0,97,6.0,0.3
07:34:57,"[321.0, 45]","[317.0, 36]","[328.0, 9]","[331.0, 27]",324.5,117,7.0,0.38
07:34:58,"[321.0, 34]","[317.0, 37]","[328.0, 10]","[331.0, 30]",324.5,111,7.0,0.28
07:34:59,"[321.0, 42]","[317.0, 66]","[326.9, 29]","[330.53, 32]",323.95,169,5.9,0.28
07:35:00,"[319.4, 30]","[313.75, 48]","[326.0, 36]","[328.0, 9]",322.7,123,6.6,0.27
07:35:01,"[317.0, 44]","[307.0, 154]","[323.42, 24]","[325.07, 41]",320.21,263,6.42,0.51
07:35:02,"[317.7, 93]","[310.19, 144]","[320.44, 50]","[323.35, 34]",319.07,321,2.74,0.48
07:35:03,"[318.0, 60]","[317.0, 72]","[326.21, 38]","[332.89, 27]",322.11,197,8.21,0.34
07:35:04,"[318.0, 21]","[317.0, 28]","[332.0, 49]","[335.23, 13]",325.0,111,14.0,-0.12
07:35:05,"[318.43, 42]","[317.0, 56]","[331.07, 56]","[332.01, 80]",324.75,234,12.64,-0.16
07:35:06,"[320.42, 38]","[318.24, 95]","[330.0, 54]","[331.0, 90]",325.21,277,9.58,-0.04
07:35:07,"[325.0, 13]","[319.48, 75]","[330.0, 94]","[332.38, 32]",327.5,214,5.0,-0.18
07:35:08,"[325.0, 11]","[322.68, 41]","[329.19, 48]","[330.39, 46]",327.09,146,4.19,-0.29
07:35:09,"[322.83, 29]","[321.63, 38]","[326.39, 41]","[329.28, 64]",324.61,172,3.56,-0.22
07:35:10,"[321.63, 38]","[319.73, 44]","[323.27, 44]","[324.24, 42]",322.45,168,1.64,-0.02
07:35:11,"[316.21, 58]","[311.79, 61]","[320.54, 37]","[331.22, 58]",318.37,214,4.33,0.11
07:35:12,"[310.0, 108]","[309.0, 18]","[318.18, 44]","[330.34, 73]",314.09,243,8.18,0.04
07:35:13,"[310.84, 70]","[309.53, 45]","[324.56, 52]","[322.86, 35]",317.7,202,13.71,0.14
07:35:14,"[308.09, 46]","[307.28, 87]","[328.94, 31]","[331.76, 50]",318.51,214,20.85,0.24
07:35:15,"[308.67, 42]","[307.6, 90]","[327.89, 45]","[332.93, 58]",318.28,235,19.22,0.12
07:35:16,"[311.0, 26]","[309.69, 78]","[317.0, 13]","[328.75, 57]",314.0,174,6.0,0.2
07:35:17,"[311.15, 33]","[308.72, 94]","[317.0, 14]","[327.0, 56]",314.08,197,5.85,0.29
07:35:18,"[305.95, 84]","[303.0, 41]","[317.0, 9]","[327.0, 36]",311.48,170,11.05,0.47
07:35:19,"[305.0, 55]","[302.0, 60]","[317.0, 5]","[327.0, 20]",311.0,140,12.0,0.64
07:35:20,"[305.0, 132]","[302.0, 144]","[316.14, 21]","[322.71, 21]",310.57,318,11.14,0.74
07:35:21,"[306.12, 98]","[304.57, 251]","[319.66, 44]","[323.12, 34]",312.89,427,13.54,0.63
07:35:22,"[307.0, 55]","[305.0, 247]","[322.0, 44]","[323.18, 55]",314.5,401,15.0,0.51
07:35:23,"[308.06, 85]","[305.52, 184]","[313.0, 51]","[322.0, 68]",310.53,388,4.94,0.39
07:35:24,"[310.0, 65]","[306.0, 104]","[313.0, 33]","[322.0, 52]",311.5,254,3.0,0.33
07:35:25,"[307.54, 52]","[305.67, 48]","[313.0, 8]","[323.15, 47]",310.27,155,5.46,0.29
07:35:26,"[307.04, 54]","[306.07, 54]","[324.0, 99]","[332.0, 33]",315.52,240,16.96,-0.1
07:35:27,"[309.76, 50]","[308.43, 28]","[323.15, 82]","[330.87, 69]",316.45,229,13.39,-0.32
07:35:28,"[315.26, 19]","[311.4, 43]","[320.53, 45]","[324.07, 85]",317.9,192,5.27,-0.35
07:35:29,"[317.5, 52]","[316.87, 55]","[320.69, 58]","[322.84, 86]",319.09,251,3.19,-0.15
07:35:30,"[318.06, 34]","[311.0, 72]","[320.94, 34]","[323.43, 56]",319.5,196,2.88,0.08
07:35:31,"[319.67, 30]","[306.55, 62]","[322.0, 40]","[326.0, 50]",320.83,182,2.33,0.01
07:35:32,"[320.74, 31]","[316.47, 19]","[322.0, 40]","[326.0, 50]",321.37,140,1.26,-0.29
07:35:33,"[317.0, 20]","[307.0, 10]","[322.0, 40]","[326.0, 50]",319.5,120,5.0,-0.5
07:35:34,"[317.0, 16]","[307.0, 8]","[322.0, 32]","[326.0, 40]",319.5,96,5.0,-0.5
07:35:35,"[317.0, 14]","[307.0, 7]","[322.0, 28]","[326.94, 34]",319.5,83,5.0,-0.49
07:35:36,"[317.13, 15]","[311.23, 13]","[328.55, 44]","[419.3, 37]",322.84,109,11.41,-0.49
07:35:37,"[317.0, 8]","[305.2, 50]","[331.6, 20]","[388.2, 20]",324.3,98,14.6,0.18
07:35:38,"[317.0, 13]","[310.5, 192]","[320.94, 31]","[328.38, 24]",318.97,260,3.94,0.58
07:35:39,"[317.0, 9]","[311.0, 144]","[320.0, 27]","[322.0, 9]",318.5,189,3.0,0.62
07:35:40,"[311.88, 75]","[310.16, 200]","[318.9, 30]","[320.29, 21]",315.39,326,7.02,0.69
07:35:41,"[311.0, 208]","[303.85, 52]","[317.04, 24]","[319.0, 26]",314.02,310,6.04,0.68
07:35:42,"[312.64, 205]","[310.84, 148]","[316.8, 20]","[318.6, 20]",314.72,393,4.16,0.8
07:35:43,"[313.21, 399]","[311.0, 304]","[315.16, 38]","[317.0, 38]",314.18,779,1.95,0.8
07:35:44,"[311.74, 255]","[308.21, 96]","[316.6, 30]","[325.23, 40]",314.17,421,4.86,0.67
07:35:45,"[311.81, 165]","[310.6, 120]","[317.0, 18]","[325.0, 18]",314.4,321,5.19,0.78
07:35:46,"[312.2, 190]","[309.8, 100]","[317.0, 20]","[326.85, 27]",314.6,337,4.8,0.72
07:35:47,"[313.16, 170]","[311.74, 203]","[317.0, 34]","[325.68, 47]",315.08,454,3.84,0.64
07:35:48,"[316.0, 26]","[313.0, 247]","[319.48, 29]","[325.33, 36]",317.74,338,3.48,0.62
07:35:49,"[316.99, 173]","[314.46, 37]","[325.0, 30]","[327.0, 20]",320.99,260,8.01,0.62
07:35:50,"[317.02, 199]","[316.71, 62]","[325.0, 33]","[327.0, 22]",321.01,316,7.98,0.65
07:35:51,"[318.62, 26]","[317.0, 286]","[325.0, 39]","[327.0, 26]",321.81,377,6.38,0.66
07:35:52,"[319.0, 32]","[317.0, 352]","[325.0, 48]","[327.0, 32]",322.0,464,6.0,0.66
07:35:53,"[320.29, 28]","[317.13, 188]","[324.89, 44]","[326.79, 29]",322.59,289,4.6,0.49
07:35:54,"[319.86, 22]","[317.36, 134]","[322.35, 85]","[325.38, 47]",321.11,288,2.49,0.08
07:35:55,"[320.57, 23]","[317.57, 136]","[322.43, 79]","[326.74, 38]",321.5,276,1.87,0.15
07:35:56,"[317.24, 178]","[316.05, 200]","[323.0, 60]","[328.0, 68]",320.12,506,5.76,0.49
07:35:57,"[317.0, 247]","[315.0, 65]","[321.62, 52]","[328.0, 26]",319.31,390,4.62,0.6
07:35:58,"[317.0, 228]","[307.67, 108]","[319.85, 47]","[324.43, 28]",318.43,411,2.85,0.64
07:35:59,"[317.0, 264]","[306.0, 187]","[318.71, 55]","[324.74, 38]",317.85,544,1.71,0.66
07:36:00,"[317.0, 126]","[306.0, 99]","[319.0, 27]","[332.0, 18]",318.0,270,2.0,0.67
07:36:01,"[317.0, 123]","[306.0, 132]","[321.0, 52]","[326.6, 30]",319.0,337,4.0,0.51
07:36:02,"[317.64, 110]","[312.52, 135]","[329.32, 38]","[331.2, 41]",323.48,324,11.68,0.51
07:36:03,"[317.89, 76]","[315.78, 99]","[328.95, 42]","[331.31, 26]",323.42,243,11.06,0.44
07:36:04,"[318.0, 94]","[317.0, 88]","[325.82, 11]","[329.0, 33]",321.91,226,7.82,0.61
07:36:05,"[318.0, 176]","[315.95, 115]","[319.44, 54]","[327.18, 22]",318.72,367,1.44,0.59
07:36:06,"[318.0, 139]","[306.0, 99]","[319.0, 42]","[328.57, 14]",318.5,294,1.0,0.62
07:36:07,"[318.21, 116]","[309.2, 120]","[327.8, 20]","[332.25, 32]",323.0,288,9.59,0.64
07:36:08,"[320.64, 84]","[318.0, 112]","[330.0, 28]","[333.0, 42]",325.32,266,9.36,0.47
07:36:09,"[321.83, 36]","[318.0, 48]","[330.0, 12]","[333.0, 18]",325.92,114,8.17,0.47
07:36:10,"[327.0, 70]","[322.0, 84]","[330.0, 28]","[333.0, 42]",328.5,224,3.0,0.38
07:36:11,"[327.0, 40]","[322.0, 48]","[329.55, 11]","[331.42, 19]",328.27,118,2.55,0.49
07:36:12,"[327.0, 44]","[323.53, 49]","[329.0, 10]","[330.47, 19]",328.0,122,2.0,0.52
07:36:13,"[325.8, 50]","[323.23, 61]","[330.0, 22]","[332.0, 33]",327.9,166,4.2,0.34
07:36:14,"[322.28, 53]","[318.34, 70]","[331.5, 24]","[334.29, 24]",326.89,171,9.22,0.44
07:36:15,"[322.0, 54]","[318.0, 72]","[331.22, 27]","[334.0, 35]",326.61,188,9.22,0.34
07:36:16,"[322.02, 55]","[318.31, 78]","[331.0, 30]","[332.0, 30]",326.51,193,8.98,0.38
07:36:17,"[323.0, 9]","[322.0, 54]","[331.0, 27]","[332.0, 27]",327.0,117,8.0,0.08
07:36:18,"[323.93, 15]","[322.0, 90]","[330.0, 75]","[331.0, 45]",326.97,225,6.07,-0.07
07:36:19,"[324.0, 15]","[322.0, 90]","[328.33, 75]","[331.0, 45]",326.17,225,4.33,-0.07
07:36:20,"[322.77, 31]","[321.86, 84]","[325.85, 47]","[327.99, 67]",324.31,229,3.08,0.0
07:36:21,"[322.0, 70]","[321.0, 40]","[325.0, 30]","[333.0, 30]",323.5,170,3.0,0.29
07:36:22,"[322.0, 82]","[321.0, 60]","[324.14, 35]","[326.31, 52]",323.07,229,2.14,0.24
07:36:23,"[322.93, 181]","[321.64, 44]","[324.0, 68]","[325.0, 51]",323.47,344,1.07,0.31
07:36:24,"[323.0, 104]","[322.0, 24]","[324.27, 44]","[327.0, 36]",323.64,208,1.27,0.23
07:36:25,"[323.0, 42]","[322.0, 14]","[324.86, 21]","[331.0, 21]",323.93,98,1.86,0.14
07:36:26,"[323.0, 48]","[322.0, 24]","[324.0, 36]","[332.5, 36]",323.5,144,1.0,0.0
07:36:27,"[323.0, 17]","[322.0, 8]","[324.0, 12]","[333.0, 12]",323.5,49,1.0,0.02
07:36:28,"[323.14, 22]","[322.17, 12]","[330.0, 18]","[335.86, 14]",326.57,66,6.86,0.03
07:36:29,"[324.0, 21]","[323.0, 14]","[333.0, 21]","[338.0, 14]",328.5,70,9.0,0.0
07:36:30,"[324.0, 12]","[323.0, 8]","[333.0, 12]","[338.0, 8]",328.5,40,9.0,0.0
07:36:31,"[323.81, 26]","[322.58, 24]","[333.0, 36]","[338.92, 24]",328.4,110,9.19,-0.09
07:36:32,"[325.37, 19]","[322.13, 23]","[332.77, 39]","[336.59, 29]",329.07,110,7.4,-0.24
07:36:33,"[323.0, 11]","[322.0, 22]","[331.18, 33]","[332.18, 33]",327.09,99,8.18,-0.33
07:36:34,"[323.0, 12]","[322.0, 24]","[329.55, 47]","[332.26, 34]",326.28,117,6.55,-0.38
07:36:35,"[323.0, 15]","[322.0, 30]","[325.56, 59]","[330.78, 59]",324.28,163,2.56,-0.45
07:36:36,"[322.05, 19]","[321.05, 38]","[329.5, 26]","[335.24, 34]",325.78,117,7.45,-0.03
07:36:37,"[319.23, 47]","[318.23, 53]","[332.35, 40]","[334.62, 32]",325.79,172,13.12,0.16
07:36:38,"[321.0, 45]","[318.0, 45]","[329.59, 51]","[330.22, 54]",325.29,195,8.59,-0.08
07:36:39,"[321.0, 45]","[318.0, 45]","[326.61, 36]","[328.68, 63]",323.81,189,5.61,-0.05
07:36:40,"[320.83, 54]","[317.98, 52]","[324.17, 78]","[325.24, 42]",322.5,226,3.33,-0.06
07:36:41,"[318.21, 33]","[313.93, 68]","[322.89, 36]","[325.95, 44]",320.55,181,4.68,0.12
07:36:42,"[311.14, 147]","[308.98, 81]","[328.33, 48]","[330.0, 12]",319.74,288,17.19,0.58
07:36:43,"[313.21, 177]","[310.78, 144]","[325.83, 41]","[327.88, 41]",319.52,403,12.61,0.59
07:36:44,"[319.0, 103]","[311.24, 210]","[324.07, 74]","[325.74, 19]",321.53,406,5.07,0.54
07:36:45,"[319.0, 36]","[312.0, 60]","[324.0, 30]","[326.0, 6]",321.5,132,5.0,0.45
07:36:46,"[319.0, 66]","[312.0, 200]","[323.08, 88]","[324.22, 32]",321.04,386,4.08,0.38
07:36:47,"[319.74, 57]","[313.62, 65]","[323.29, 42]","[327.33, 27]",321.51,191,3.55,0.28
07:36:48,"[321.34, 53]","[315.67, 63]","[327.0, 56]","[329.0, 42]",324.17,214,5.66,0.08
07:36:49,"[323.11, 18]","[320.39, 23]","[326.83, 29]","[328.64, 22]",324.97,92,3.72,-0.11
07:36:50,"[323.0, 30]","[319.0, 30]","[325.0, 50]","[327.0, 40]",324.0,150,2.0,-0.2
07:36:51,"[323.0, 24]","[319.0, 24]","[324.0, 40]","[327.0, 32]",323.5,120,1.0,-0.2
07:36:52,"[321.18, 33]","[314.59, 68]","[325.02, 53]","[327.91, 43]",323.1,197,3.84,0.03
07:36:53,"[319.55, 20]","[316.14, 63]","[325.94, 64]","[326.83, 58]",322.74,205,6.39,-0.19
07:36:54,"[320.0, 12]","[319.0, 36]","[322.26, 39]","[324.29, 49]",321.13,136,2.26,-0.29
07:36:55,"[320.0, 20]","[317.3, 46]","[324.24, 34]","[333.26, 54]",322.12,154,4.24,-0.14
07:36:56,"[319.0, 51]","[315.0, 170]","[328.83, 36]","[333.8, 71]",323.92,328,9.83,0.35
07:36:57,"[319.0, 30]","[315.0, 100]","[322.0, 20]","[332.0, 10]",320.5,160,3.0,0.62
07:36:58,"[319.29, 34]","[313.17, 72]","[321.13, 15]","[332.27, 44]",320.21,165,1.84,0.28
07:36:59,"[319.0, 29]","[315.0, 42]","[330.68, 73]","[334.09, 97]",324.84,241,11.68,-0.41
07:37:00,"[319.0, 14]","[315.0, 39]","[330.0, 52]","[331.08, 52]",324.5,157,11.0,-0.32
07:37:01,"[317.55, 11]","[309.47, 47]","[326.67, 18]","[329.89, 36]",322.11,112,9.12,0.04
07:37:02,"[315.0, 20]","[305.0, 109]","[320.0, 10]","[330.19, 43]",317.5,182,5.0,0.42
07:37:03,"[315.0, 20]","[305.0, 100]","[319.27, 22]","[328.95, 38]",317.14,180,4.27,0.33
07:37:04,"[315.0, 24]","[307.08, 60]","[318.0, 48]","[320.0, 12]",316.5,144,3.0,0.17
07:37:05,"[313.29, 28]","[310.56, 18]","[318.0, 40]","[320.0, 10]",315.64,96,4.71,-0.04
07:37:06,"[306.0, 4]","[305.0, 20]","[318.0, 16]","[320.0, 4]",312.0,44,12.0,0.09
07:37:07,"[306.94, 32]","[305.33, 15]","[318.0, 28]","[320.0, 7]",312.47,82,11.06,0.15
07:37:08,"[307.5, 12]","[306.97, 37]","[318.0, 28]","[320.0, 7]",312.75,84,10.5,0.17
07:37:09,"[311.63, 65]","[310.35, 79]","[318.0, 60]","[320.0, 15]",314.82,219,6.37,0.32
07:37:10,"[314.28, 36]","[313.56, 64]","[318.0, 52]","[320.0, 13]",316.14,165,3.72,0.21
07:37:11,"[316.77, 62]","[313.0, 66]","[318.25, 32]","[319.64, 14]",317.51,174,1.48,0.47
07:37:12,"[318.06, 51]","[309.43, 14]","[322.14, 14]","[325.28, 50]",320.1,129,4.08,0.01
07:37:13,"[323.53, 158]","[320.74, 54]","[325.0, 66]","[332.0, 22]",324.27,300,1.47,0.41
07:37:14,"[324.0, 189]","[322.03, 66]","[325.0, 54]","[332.0, 18]",324.5,327,1.0,0.56
07:37:15,"[324.0, 84]","[323.0, 8]","[325.0, 24]","[332.0, 8]",324.5,124,1.0,0.48
07:37:16,"[324.0, 184]","[323.0, 18]","[325.0, 54]","[332.0, 18]",324.5,274,1.0,0.47
07:37:17,"[324.0, 60]","[323.0, 8]","[325.0, 24]","[332.0, 8]",324.5,100,1.0,0.36
07:37:18,"[324.0, 88]","[323.0, 14]","[325.0, 42]","[332.0, 14]",324.5,158,1.0,0.29
07:37:19,"[324.0, 84]","[323.0, 14]","[325.0, 42]","[332.0, 14]",324.5,154,1.0,0.27
07:37:20,"[324.0, 145]","[323.0, 30]","[325.0, 90]","[332.0, 30]",324.5,295,1.0,0.19
07:37:21,"[324.0, 48]","[323.0, 16]","[325.0, 23]","[332.0, 16]",324.5,103,1.0,0.24
07:37:22,"[324.0, 42]","[323.0, 14]","[326.17, 12]","[333.25, 16]",325.08,84,2.17,0.33
07:37:23,"[324.0, 60]","[323.0, 28]","[331.36, 28]","[334.63, 38]",327.68,154,7.36,0.14
07:37:24,"[323.4, 15]","[322.05, 76]","[331.0, 22]","[332.55, 22]",327.2,135,7.6,0.35
07:37:25,"[323.0, 7]","[322.0, 56]","[330.23, 26]","[331.86, 14]",326.62,103,7.23,0.22
07:37:26,"[323.0, 10]","[322.0, 80]","[329.22, 23]","[330.04, 47]",326.11,160,6.22,0.12
07:37:27,"[322.7, 56]","[318.25, 76]","[325.74, 43]","[329.59, 34]",324.22,209,3.05,0.26
07:37:28,"[324.0, 33]","[322.0, 275]","[325.0, 55]","[334.73, 30]",324.5,393,1.0,0.57
07:37:29,"[324.0, 27]","[322.0, 225]","[325.0, 17]","[338.0, 36]",324.5,305,1.0,0.65
07:37:30,"[324.0, 21]","[322.0, 175]","[325.0, 7]","[338.0, 28]",324.5,231,1.0,0.7
07:37:31,"[324.0, 12]","[322.0, 200]","[325.0, 8]","[337.22, 23]",324.5,243,1.0,0.74
07:37:32,"[324.0, 5]","[322.0, 125]","[325.0, 5]","[332.0, 5]",324.5,140,1.0,0.86
07:37:33,"[324.0, 7]","[322.0, 175]","[325.0, 7]","[332.0, 7]",324.5,196,1.0,0.86
07:37:34,"[324.0, 7]","[322.0, 175]","[325.0, 7]","[332.0, 7]",324.5,196,1.0,0.86
07:37:35,"[322.0, 299]","[320.0, 78]","[324.33, 21]","[328.47, 15]",323.17,413,2.33,0.83
07:37:36,"[322.0, 120]","[320.0, 30]","[323.6, 20]","[328.6, 5]",322.8,175,1.6,0.71
07:37:37,"[322.0, 192]","[320.0, 48]","[324.76, 17]","[330.88, 8]",323.38,265,2.76,0.81
07:37:38,"[322.29, 136]","[321.78, 216]","[329.0, 12]","[332.0, 12]",325.65,376,6.71,0.87
07:37:39,"[323.63, 81]","[322.12, 192]","[328.62, 21]","[331.6, 15]",326.12,309,4.99,0.77
07:37:40,"[325.0, 9]","[323.14, 21]","[328.0, 36]","[329.22, 9]",326.5,75,3.0,-0.2
07:37:41,"[325.0, 10]","[324.0, 10]","[326.7, 40]","[331.8, 20]",325.85,80,1.7,-0.5
07:37:42,"[324.73, 11]","[323.47, 17]","[328.52, 50]","[333.06, 51]",326.62,129,3.79,-0.57
07:37:43,"[324.0, 7]","[323.0, 21]","[331.62, 24]","[333.03, 37]",327.81,89,7.62,-0.37
07:37:44,"[324.0, 11]","[323.0, 33]","[331.0, 33]","[333.0, 28]",327.5,105,7.0,-0.16
07:37:45,"[324.0, 14]","[323.0, 21]","[331.0, 21]","[333.0, 14]",327.5,70,7.0,0.0
07:37:46,"[324.0, 22]","[323.0, 33]","[330.55, 33]","[333.0, 22]",327.27,110,6.55,0.0
07:37:47,"[324.0, 30]","[323.0, 45]","[328.07, 45]","[331.29, 35]",326.03,155,4.07,-0.03
07:37:48,"[322.26, 144]","[321.77, 171]","[325.82, 51]","[329.0, 51]",324.04,417,3.56,0.51
07:37:49,"[322.0, 192]","[320.0, 48]","[325.0, 24]","[329.5, 20]",323.5,284,3.0,0.69
07:37:50,"[322.13, 220]","[321.43, 134]","[325.0, 36]","[334.0, 12]",323.56,402,2.87,0.76
07:37:51,"[323.0, 112]","[321.75, 111]","[325.0, 48]","[331.84, 25]",324.0,296,2.0,0.51
07:37:52,"[323.0, 51]","[322.0, 91]","[327.72, 43]","[334.08, 48]",325.36,233,4.72,0.22
07:37:53,"[323.71, 70]","[322.17, 59]","[332.0, 12]","[333.0, 60]",327.86,201,8.29,0.28
07:37:54,"[324.06, 96]","[323.53, 38]","[331.03, 31]","[332.44, 18]",327.55,183,6.97,0.46
07:37:55,"[325.0, 44]","[324.0, 150]","[330.97, 87]","[331.36, 33]",327.98,314,5.97,0.24
07:37:56,"[324.32, 87]","[323.91, 157]","[327.22, 49]","[330.33, 63]",325.77,356,2.9,0.37
07:37:57,"[324.0, 88]","[323.0, 22]","[326.64, 33]","[328.0, 11]",325.32,154,2.64,0.43
07:37:58,"[324.0, 67]","[323.0, 18]","[325.22, 27]","[332.67, 24]",324.61,136,1.22,0.25
07:37:59,"[324.0, 67]","[323.0, 26]","[325.9, 40]","[334.08, 52]",324.95,185,1.9,0.01
07:38:00,"[325.2, 10]","[323.18, 17]","[334.0, 44]","[335.8, 40]",329.6,111,8.8,-0.51
07:38:01,"[328.0, 12]","[324.0, 12]","[333.29, 28]","[334.33, 48]",330.64,100,5.29,-0.52
07:38:02,"[328.0, 9]","[324.8, 30]","[333.0, 18]","[334.29, 28]",330.5,85,5.0,-0.08
07:38:03,"[328.0, 9]","[325.0, 72]","[333.0, 18]","[335.0, 36]",330.5,135,5.0,0.2
07:38:04,"[328.0, 15]","[325.0, 124]","[332.67, 30]","[335.0, 68]",330.33,237,4.67,0.17
07:38:05,"[326.11, 19]","[324.44, 32]","[330.38, 26]","[334.32, 62]",328.24,139,4.28,-0.27
07:38:06,"[325.0, 30]","[324.0, 45]","[327.67, 60]","[330.4, 30]",326.33,165,2.67,-0.09
07:38:07,"[324.22, 36]","[322.8, 82]","[326.48, 58]","[328.64, 50]",325.35,226,2.26,0.04
07:38:08,"[322.02, 97]","[320.09, 157]","[329.43, 42]","[335.18, 57]",325.72,353,7.41,0.44
07:38:09,"[320.66, 74]","[319.29, 140]","[331.32, 31]","[333.63, 19]",325.99,264,10.66,0.62
07:38:10,"[327.1, 52]","[320.33, 79]","[330.94, 32]","[333.0, 16]",329.02,179,3.84,0.46
07:38:11,"[328.0, 57]","[324.0, 12]","[329.58, 24]","[337.92, 52]",328.79,145,1.58,-0.05
07:38:12,"[324.73, 11]","[320.04, 91]","[337.67, 36]","[340.15, 40]",331.2,178,12.94,0.15
07:38:13,"[324.0, 5]","[320.0, 50]","[341.0, 10]","[342.0, 25]",332.5,90,17.0,0.22
07:38:14,"[326.0, 54]","[320.4, 43]","[341.0, 26]","[342.0, 65]",333.5,188,15.0,0.03
07:38:15,"[323.0, 4]","[320.0, 24]","[341.0, 8]","[342.0, 20]",332.0,56,18.0,0.0
07:38:16,"[320.43, 14]","[319.0, 18]","[339.0, 8]","[340.75, 16]",329.71,56,18.57,0.14
07:38:17,"[320.0, 24]","[317.0, 12]","[338.29, 31]","[339.69, 26]",329.15,93,18.29,-0.23
07:38:18,"[320.0, 24]","[317.0, 12]","[337.84, 64]","[338.22, 64]",328.92,164,17.84,-0.56
07:38:19,"[320.0, 16]","[317.0, 15]","[335.73, 30]","[337.23, 70]",327.87,131,15.73,-0.53
07:38:20,"[320.0, 11]","[317.0, 11]","[334.45, 22]","[335.81, 54]",327.23,98,14.45,-0.55
07:38:21,"[320.96, 175]","[318.5, 14]","[330.0, 28]","[332.0, 28]",325.48,245,9.04,0.54
07:38:22,"[321.0, 264]","[320.0, 11]","[328.73, 22]","[331.36, 22]",324.86,319,7.73,0.72
07:38:23,"[321.0, 312]","[320.0, 13]","[324.69, 26]","[326.08, 26]",322.85,377,3.69,0.72
07:38:24,"[321.0, 188]","[320.0, 8]","[323.0, 16]","[326.0, 16]",322.0,228,2.0,0.72
07:38:25,"[321.0, 286]","[320.0, 13]","[323.92, 26]","[332.0, 26]",322.46,351,2.92,0.7
07:38:26,"[321.0, 154]","[320.0, 7]","[323.0, 10]","[332.0, 14]",322.0,185,2.0,0.74
07:38:27,"[321.0, 226]","[320.0, 13]","[324.43, 14]","[333.0, 27]",322.71,280,3.43,0.71
07:38:28,"[330.0, 39]","[321.0, 221]","[333.0, 26]","[335.08, 38]",331.5,324,3.0,0.6
07:38:29,"[322.11, 97]","[320.93, 73]","[333.0, 18]","[335.0, 36]",327.56,224,10.89,0.52
07:38:30,"[321.0, 153]","[320.0, 9]","[332.36, 28]","[334.88, 34]",326.68,224,11.36,0.45
07:38:31,"[321.0, 114]","[320.0, 7]","[331.22, 23]","[333.62, 16]",326.11,160,10.22,0.51
07:38:32,"[323.15, 68]","[322.48, 88]","[329.89, 54]","[333.0, 64]",326.52,274,6.74,0.14
07:38:33,"[325.48, 23]","[324.82, 34]","[327.62, 39]","[333.0, 26]",326.55,122,2.14,-0.07
07:38:34,"[325.0, 36]","[324.0, 9]","[326.78, 27]","[333.0, 18]",325.89,90,1.78,0.0
07:38:35,"[325.0, 75]","[324.0, 12]","[331.64, 33]","[337.23, 26]",328.32,146,6.64,0.19
07:38:36,"[325.0, 35]","[324.0, 7]","[337.38, 13]","[338.6, 20]",331.19,75,12.38,0.12
07:38:37,"[328.27, 33]","[324.91, 33]","[336.0, 9]","[338.0, 18]",332.14,93,7.73,0.42
07:38:38,"[328.86, 28]","[324.94, 32]","[336.0, 8]","[339.2, 25]",332.43,93,7.14,0.29
07:38:39,"[325.0, 65]","[324.0, 13]","[333.0, 31]","[335.0, 34]",329.0,143,8.0,0.09
07:38:40,"[325.0, 40]","[324.0, 8]","[331.52, 29]","[335.35, 31]",328.26,108,6.52,-0.11
07:38:41,"[325.0, 104]","[321.14, 191]","[329.62, 16]","[330.87, 46]",327.31,357,4.62,0.65
07:38:42,"[325.0, 48]","[321.73, 82]","[329.07, 15]","[330.82, 33]",327.03,178,4.07,0.46
07:38:43,"[323.0, 36]","[321.0, 468]","[326.24, 54]","[327.0, 36]",324.62,594,3.24,0.7
07:38:44,"[324.68, 28]","[322.26, 47]","[326.0, 40]","[334.29, 59]",325.34,174,1.32,-0.14
07:38:45,"[323.89, 9]","[321.09, 134]","[326.0, 18]","[335.0, 36]",324.94,197,2.11,0.45
07:38:46,"[323.0, 14]","[321.0, 364]","[325.5, 28]","[335.0, 56]",324.25,462,2.5,0.64
07:38:47,"[323.0, 11]","[321.0, 286]","[324.82, 22]","[335.0, 44]",323.91,363,1.82,0.64
07:38:48,"[321.02, 328]","[317.36, 143]","[325.77, 26]","[332.57, 37]",323.39,534,4.75,0.76
07:38:49,"[321.0, 216]","[313.0, 45]","[333.0, 9]","[334.89, 36]",327.0,306,12.0,0.71
07:38:50,"[321.0, 264]","[313.0, 60]","[333.0, 12]","[334.0, 48]",327.0,384,12.0,0.69
07:38:51,"[321.0, 242]","[313.0, 55]","[329.5, 22]","[331.58, 19]",325.25,338,8.5,0.76
07:38:52,"[321.0, 286]","[314.66, 29]","[327.47, 34]","[328.18, 44]",324.24,393,6.47,0.6
07:38:53,"[321.0, 183]","[315.0, 18]","[326.89, 18]","[328.78, 36]",323.94,255,5.89,0.58
07:38:54,"[321.08, 166]","[319.22, 54]","[324.7, 20]","[329.0, 40]",322.89,280,3.62,0.57
07:38:55,"[322.46, 65]","[321.04, 138]","[328.75, 48]","[331.11, 35]",325.61,286,6.29,0.42
07:38:56,"[323.6, 60]","[322.0, 10]","[333.0, 40]","[336.0, 40]",328.3,150,9.4,-0.07
07:38:57,"[324.8, 60]","[321.01, 172]","[333.0, 40]","[336.0, 40]",328.9,312,8.2,0.49
07:38:58,"[326.0, 72]","[321.0, 228]","[333.0, 48]","[336.83, 23]",329.5,371,7.0,0.62
07:38:59,"[326.5, 12]","[321.16, 185]","[333.0, 48]","[337.0, 36]",329.75,281,6.5,0.4
07:39:00,"[327.0, 8]","[322.0, 84]","[333.0, 32]","[337.0, 24]",330.0,148,6.0,0.24
07:39:01,"[327.0, 7]","[322.0, 84]","[333.0, 28]","[337.0, 21]",330.0,140,6.0,0.3
07:39:02,"[327.0, 14]","[322.0, 96]","[332.0, 40]","[336.7, 53]",329.5,203,5.0,0.08
07:39:03,"[327.0, 10]","[322.0, 96]","[332.0, 40]","[337.0, 56]",329.5,202,5.0,0.05
07:39:04,"[327.0, 11]","[322.0, 132]","[331.18, 49]","[334.17, 53]",329.09,245,4.18,0.17
07:39:05,"[324.6, 25]","[321.97, 157]","[329.33, 57]","[332.35, 69]",326.97,308,4.73,0.18
07:39:06,"[323.3, 20]","[322.0, 240]","[330.73, 94]","[334.18, 84]",327.02,438,7.43,0.19
07:39:07,"[325.0, 19]","[322.0, 228]","[329.49, 71]","[330.26, 81]",327.25,399,4.49,0.24
07:39:08,"[325.0, 16]","[322.0, 192]","[328.81, 52]","[329.92, 76]",326.9,336,3.81,0.24
07:39:09,"[325.0, 20]","[322.0, 240]","[327.58, 78]","[328.33, 82]",326.29,420,2.58,0.24
07:39:10,"[323.44, 27]","[320.51, 141]","[326.44, 68]","[328.21, 85]",324.94,321,3.0,0.05
07:39:11,"[321.22, 36]","[316.39, 76]","[324.97, 67]","[325.88, 34]",323.1,213,3.75,0.05
07:39:12,"[321.0, 28]","[316.0, 70]","[323.92, 26]","[324.92, 52]",322.46,176,2.92,0.11
07:39:13,"[321.0, 41]","[315.82, 87]","[322.93, 30]","[324.11, 36]",321.97,194,1.93,0.32
07:39:14,"[321.0, 38]","[316.0, 52]","[322.87, 46]","[326.62, 32]",321.93,168,1.87,0.07
07:39:15,"[321.0, 18]","[317.5, 40]","[322.44, 36]","[332.0, 18]",321.72,112,1.44,0.04
07:39:16,"[321.0, 12]","[319.0, 30]","[322.0, 24]","[332.0, 12]",321.5,78,1.0,0.08
07:39:17,"[321.0, 18]","[316.41, 37]","[322.0, 32]","[332.0, 18]",321.5,105,1.0,0.05
07:39:18,"[317.11, 94]","[314.91, 44]","[323.72, 58]","[332.67, 42]",320.42,238,6.62,0.16
07:39:19,"[317.86, 98]","[315.29, 14]","[321.0, 38]","[332.0, 56]",319.43,206,3.14,0.09
07:39:20,"[318.0, 70]","[315.0, 10]","[321.0, 10]","[331.89, 38]",319.5,128,3.0,0.25
07:39:21,"[320.22, 109]","[320.51, 47]","[330.38, 61]","[332.88, 48]",325.3,265,10.16,0.18
07:39:22,"[326.0, 75]","[324.0, 105]","[331.93, 30]","[335.23, 39]",328.97,249,5.93,0.45
07:39:23,"[326.0, 40]","[324.0, 56]","[335.0, 16]","[339.0, 16]",330.5,128,9.0,0.5
07:39:24,"[326.74, 43]","[324.58, 69]","[336.45, 22]","[340.09, 22]",331.6,156,9.71,0.44
07:39:25,"[330.0, 18]","[326.0, 45]","[339.0, 18]","[342.0, 18]",334.5,99,9.0,0.27
07:39:26,"[329.71, 28]","[325.71, 76]","[336.39, 54]","[341.75, 48]",333.05,206,6.67,0.01
07:39:27,"[326.0, 14]","[324.0, 77]","[336.0, 42]","[342.53, 17]",331.0,150,10.0,0.21
07:39:28,"[326.0, 20]","[324.0, 110]","[336.0, 60]","[344.0, 20]",331.0,210,10.0,0.24
07:39:29,"[324.39, 62]","[323.74, 76]","[335.08, 39]","[336.57, 40]",329.73,217,10.69,0.27
07:39:30,"[324.0, 120]","[322.0, 24]","[334.0, 36]","[335.0, 36]",329.0,216,10.0,0.33
07:39:31,"[324.0, 120]","[322.0, 24]","[333.33, 36]","[335.0, 36]",328.67,216,9.33,0.33
07:39:32,"[324.25, 48]","[322.67, 36]","[329.88, 48]","[335.0, 48]",327.06,180,5.62,-0.07
07:39:33,"[324.86, 42]","[323.8, 40]","[327.43, 42]","[332.0, 36]",326.14,160,2.57,0.03
07:39:34,"[324.0, 27]","[322.0, 18]","[325.89, 27]","[326.89, 27]",324.94,99,1.89,-0.09
07:39:35,"[322.0, 26]","[318.0, 13]","[323.54, 39]","[326.0, 39]",322.77,117,1.54,-0.33
07:39:36,"[329.84, 146]","[322.19, 42]","[336.64, 42]","[339.62, 16]",333.24,246,6.81,0.53
07:39:37,"[330.0, 204]","[327.0, 187]","[336.07, 45]","[336.68, 40]",333.03,476,6.07,0.64
07:39:38,"[330.0, 168]","[327.0, 154]","[331.86, 14]","[334.0, 70]",330.93,406,1.86,0.59
07:39:39,"[330.0, 144]","[327.0, 132]","[331.0, 12]","[334.0, 60]",330.5,348,1.0,0.59
07:39:40,"[330.0, 121]","[327.0, 154]","[336.25, 28]","[335.52, 40]",333.12,343,6.25,0.6
07:39:41,"[330.0, 14]","[327.0, 99]","[338.0, 27]","[341.0, 9]",334.0,149,8.0,0.52
07:39:42,"[330.0, 10]","[326.96, 101]","[338.0, 30]","[341.0, 10]",334.0,151,8.0,0.47
07:39:43,"[320.42, 120]","[319.77, 48]","[338.0, 74]","[341.0, 14]",329.21,256,17.58,0.31
07:39:44,"[323.29, 63]","[322.34, 141]","[337.63, 73]","[338.24, 33]",330.46,310,14.34,0.32
07:39:45,"[325.85, 39]","[324.0, 117]","[334.94, 33]","[335.58, 19]",330.39,208,9.09,0.5
07:39:46,"[326.0, 34]","[324.0, 108]","[333.42, 12]","[334.77, 30]",329.71,184,7.42,0.54
07:39:47,"[326.0, 66]","[324.0, 188]","[332.0, 19]","[333.0, 19]",329.0,292,6.0,0.74
07:39:48,"[326.0, 117]","[324.0, 130]","[331.23, 13]","[332.23, 13]",328.62,273,5.23,0.81
07:39:49,"[326.0, 126]","[324.0, 140]","[330.57, 14]","[331.71, 14]",328.29,294,4.57,0.81
07:39:50,"[326.0, 108]","[324.0, 120]","[328.92, 12]","[329.92, 12]",327.46,252,2.92,0.81
07:39:51,"[326.0, 117]","[324.0, 130]","[333.27, 22]","[332.0, 13]",329.64,282,7.27,0.75
07:39:52,"[326.0, 112]","[324.0, 130]","[338.0, 59]","[344.0, 16]",332.0,317,12.0,0.53
07:39:53,"[326.0, 42]","[324.0, 60]","[338.0, 30]","[344.0, 12]",332.0,144,12.0,0.42
07:39:54,"[326.0, 49]","[324.0, 70]","[338.0, 35]","[346.0, 7]",332.0,161,12.0,0.48
07:39:55,"[326.0, 52]","[324.0, 80]","[338.0, 40]","[346.0, 8]",332.0,180,12.0,0.47
07:39:56,"[324.94, 102]","[323.31, 87]","[338.0, 60]","[346.0, 12]",331.47,261,13.06,0.45
07:39:57,"[325.45, 99]","[323.69, 96]","[338.0, 60]","[346.0, 12]",331.73,267,12.55,0.46
07:39:58,"[324.0, 90]","[322.0, 56]","[337.22, 46]","[339.14, 14]",330.61,206,13.22,0.42
07:39:59,"[324.0, 117]","[322.0, 65]","[335.23, 43]","[337.02, 41]",329.62,266,11.23,0.37
07:40:00,"[324.0, 88]","[322.0, 60]","[334.89, 36]","[335.67, 24]",329.44,208,10.89,0.42
07:40:01,"[324.0, 50]","[322.0, 50]","[333.5, 10]","[336.8, 41]",328.75,151,9.5,0.32
07:40:02,"[324.37, 43]","[323.07, 75]","[332.0, 15]","[335.67, 27]",328.19,160,7.63,0.47
07:40:03,"[326.0, 18]","[322.92, 86]","[328.78, 18]","[330.83, 18]",327.39,140,2.78,0.49
07:40:04,"[325.89, 9]","[323.71, 14]","[327.56, 9]","[332.0, 12]",326.72,44,1.67,0.05
07:40:05,"[325.0, 10]","[322.0, 60]","[328.0, 10]","[338.24, 37]",326.5,117,3.0,0.2
07:40:06,"[325.0, 11]","[322.0, 66]","[327.0, 11]","[340.03, 31]",326.0,119,2.0,0.29
07:40:07,"[323.26, 124]","[321.63, 95]","[340.57, 53]","[343.12, 48]",331.91,320,17.31,0.37
07:40:08,"[325.75, 108]","[322.0, 74]","[339.92, 48]","[340.92, 48]",332.83,278,14.17,0.31
07:40:09,"[326.1, 60]","[324.25, 96]","[339.0, 48]","[340.0, 48]",332.55,252,12.9,0.24
07:40:10,"[327.12, 49]","[325.6, 105]","[338.38, 64]","[340.85, 52]",332.75,270,11.25,0.14
07:40:11,"[327.22, 54]","[323.11, 54]","[338.0, 43]","[345.0, 35]",332.61,186,10.78,0.16
07:40:12,"[328.0, 51]","[327.0, 54]","[338.0, 45]","[345.0, 27]",333.0,177,10.0,0.19
07:40:13,"[328.0, 35]","[327.0, 42]","[338.0, 35]","[342.14, 21]",333.0,133,10.0,0.16
07:40:14,"[327.0, 60]","[322.0, 240]","[337.1, 50]","[338.19, 48]",332.05,398,10.1,0.51
07:40:15,"[327.0, 78]","[322.0, 296]","[336.81, 62]","[337.73, 56]",331.9,492,9.81,0.52
07:40:16,"[327.0, 84]","[322.02, 245]","[336.0, 56]","[337.0, 70]",331.5,455,9.0,0.45
07:40:17,"[327.0, 72]","[324.0, 12]","[334.75, 48]","[336.0, 48]",330.88,180,7.75,-0.07
07:40:18,"[327.0, 66]","[324.0, 11]","[331.87, 46]","[333.38, 52]",329.43,175,4.87,-0.12
07:40:19,"[329.5, 72]","[326.93, 92]","[330.94, 68]","[332.95, 83]",330.22,315,1.44,0.04
07:40:20,"[327.0, 120]","[324.0, 20]","[329.6, 80]","[331.0, 80]",328.3,300,2.6,-0.07
07:40:21,"[326.29, 42]","[322.07, 172]","[332.53, 45]","[335.19, 53]",329.41,312,6.25,0.37
07:40:22,"[322.04, 92]","[320.42, 38]","[335.04, 23]","[336.21, 29]",328.54,182,13.0,0.43
07:40:23,"[322.09, 94]","[321.03, 62]","[334.1, 40]","[335.08, 26]",328.09,222,12.01,0.41
07:40:24,"[322.0, 135]","[319.0, 30]","[331.81, 21]","[333.56, 45]",326.9,231,9.81,0.43
07:40:25,"[324.48, 190]","[321.51, 97]","[327.94, 36]","[332.4, 57]",326.21,380,3.46,0.51
07:40:26,"[326.02, 116]","[322.13, 223]","[334.04, 50]","[336.0, 30]",330.03,419,8.02,0.62
07:40:27,"[327.8, 30]","[326.17, 93]","[331.82, 22]","[333.0, 70]",329.81,215,4.02,0.14
07:40:28,"[327.0, 18]","[326.0, 98]","[331.05, 20]","[335.42, 19]",329.02,155,4.05,0.5
07:40:29,"[327.0, 12]","[326.0, 84]","[329.81, 26]","[332.67, 27]",328.4,149,2.81,0.29
07:40:30,"[326.55, 11]","[324.95, 57]","[329.44, 27]","[333.29, 17]",327.99,112,2.9,0.21
07:40:31,"[326.0, 40]","[322.0, 120]","[328.62, 40]","[330.0, 24]",327.31,224,2.62,0.43
07:40:32,"[323.3, 111]","[321.85, 130]","[327.39, 51]","[330.12, 48]",325.34,340,4.09,0.42
07:40:33,"[322.09, 82]","[321.1, 151]","[325.91, 57]","[330.63, 27]",324.0,317,3.83,0.47
07:40:34,"[322.0, 105]","[319.0, 77]","[325.0, 35]","[326.0, 14]",323.5,231,3.0,0.58
07:40:35,"[322.0, 139]","[319.0, 66]","[329.31, 52]","[333.7, 37]",325.65,294,7.31,0.39
07:40:36,"[322.86, 42]","[321.4, 30]","[336.96, 47]","[337.53, 19]",329.91,138,14.1,0.04
07:40:37,"[324.0, 48]","[322.0, 64]","[336.0, 16]","[337.0, 32]",330.0,160,12.0,0.4
07:40:38,"[322.22, 54]","[319.9, 20]","[336.0, 14]","[338.0, 35]",329.11,123,13.78,0.2
07:40:39,"[322.62, 64]","[319.66, 61]","[336.0, 16]","[338.0, 40]",329.31,181,13.38,0.38
07:40:40,"[325.0, 64]","[322.0, 64]","[336.0, 16]","[338.0, 40]",330.5,184,11.0,0.39
07:40:41,"[325.92, 104]","[322.0, 98]","[336.0, 26]","[338.0, 65]",330.96,293,10.08,0.38
07:40:42,"[326.0, 58]","[322.0, 94]","[336.0, 22]","[338.0, 55]",331.0,229,10.0,0.33
07:40:43,"[326.0, 22]","[322.0, 80]","[336.0, 16]","[338.0, 40]",331.0,158,10.0,0.29
07:40:44,"[326.0, 12]","[322.0, 44]","[336.0, 12]","[338.0, 30]",331.0,98,10.0,0.14
07:40:45,"[325.1, 31]","[321.7, 89]","[336.0, 26]","[338.0, 65]",330.55,211,10.9,0.14
07:40:46,"[323.88, 64]","[320.07, 98]","[336.0, 24]","[338.0, 60]",329.94,246,12.12,0.32
07:40:47,"[330.0, 21]","[322.0, 63]","[336.0, 18]","[338.0, 45]",333.0,147,6.0,0.14
07:40:48,"[324.0, 20]","[321.84, 38]","[336.0, 16]","[338.0, 40]",330.0,114,12.0,0.02
07:40:49,"[322.0, 40]","[320.0, 8]","[338.0, 40]","[339.0, 32]",330.0,120,16.0,-0.2
07:40:50,"[322.0, 40]","[320.0, 8]","[336.0, 16]","[338.0, 52]",329.0,116,14.0,-0.17
07:40:51,"[323.09, 55]","[321.71, 35]","[336.0, 22]","[338.0, 99]",329.55,211,12.91,-0.15
07:40:52,"[324.19, 43]","[322.73, 55]","[335.04, 52]","[337.81, 83]",329.61,233,10.85,-0.16
07:40:53,"[325.0, 22]","[324.0, 70]","[335.0, 70]","[338.0, 154]",330.0,316,10.0,-0.42
07:40:54,"[325.72, 25]","[324.2, 44]","[334.81, 80]","[338.0, 116]",330.27,265,9.09,-0.48
07:40:55,"[326.0, 22]","[325.0, 11]","[333.28, 39]","[336.55, 69]",329.64,141,7.28,-0.53
07:40:56,"[325.54, 26]","[322.66, 50]","[329.57, 14]","[333.0, 70]",327.55,160,4.03,-0.05
07:40:57,"[324.0, 22]","[322.0, 169]","[325.92, 65]","[336.91, 35]",324.96,291,1.92,0.31
07:40:58,"[324.0, 13]","[322.0, 169]","[328.93, 61]","[340.36, 56]",326.47,299,4.93,0.22
07:40:59,"[323.52, 25]","[321.68, 142]","[339.4, 50]","[340.44, 39]",331.46,256,15.88,0.3
07:41:00,"[326.0, 24]","[322.0, 144]","[339.0, 78]","[340.0, 30]",332.5,276,13.0,0.22
07:41:01,"[326.38, 13]","[322.69, 58]","[337.28, 53]","[339.55, 22]",331.83,146,10.9,-0.03
07:41:02,"[327.0, 10]","[326.0, 20]","[335.97, 58]","[338.5, 24]",331.48,112,8.97,-0.46
07:41:03,"[327.0, 11]","[326.0, 22]","[331.98, 51]","[333.1, 48]",329.49,132,4.98,-0.5
07:41:04,"[323.17, 69]","[322.17, 138]","[328.94, 66]","[330.33, 60]",326.06,333,5.77,0.24
07:41:05,"[323.0, 36]","[322.0, 72]","[328.0, 30]","[330.0, 24]",325.5,162,5.0,0.33
07:41:06,"[323.2, 90]","[322.09, 198]","[326.34, 41]","[327.85, 73]",324.77,402,3.14,0.43
07:41:07,"[322.52, 92]","[320.17, 138]","[324.86, 28]","[326.67, 48]",323.69,306,2.34,0.5
07:41:08,"[322.0, 64]","[316.0, 119]","[323.0, 16]","[325.0, 16]",322.5,215,1.0,0.7
07:41:09,"[327.16, 62]","[317.64, 88]","[333.11, 27]","[337.51, 37]",330.14,214,5.95,0.4
07:41:10,"[330.0, 56]","[322.0, 40]","[336.0, 30]","[338.0, 40]",333.0,166,6.0,0.16
07:41:11,"[330.0, 30]","[322.0, 29]","[336.0, 18]","[338.0, 12]",333.0,89,6.0,0.33
07:41:12,"[330.0, 55]","[322.0, 55]","[336.0, 33]","[338.0, 42]",333.0,185,6.0,0.19
07:41:13,"[330.0, 55]","[322.0, 55]","[336.0, 33]","[338.0, 77]",333.0,220,6.0,0.0
07:41:14,"[330.0, 25]","[322.0, 25]","[336.0, 15]","[338.0, 35]",333.0,100,6.0,0.0
07:41:15,"[330.0, 39]","[322.0, 45]","[336.0, 27]","[338.0, 53]",333.0,164,6.0,0.02
07:41:16,"[330.0, 30]","[324.22, 18]","[336.0, 30]","[338.0, 60]",333.0,138,6.0,-0.3
07:41:17,"[330.0, 21]","[327.0, 7]","[336.0, 21]","[338.0, 42]",333.0,91,6.0,-0.38
07:41:18,"[330.0, 42]","[327.0, 14]","[335.6, 50]","[337.86, 84]",332.8,190,5.6,-0.41
07:41:19,"[330.0, 37]","[327.0, 19]","[332.95, 95]","[337.89, 91]",331.47,242,2.95,-0.54
07:41:20,"[330.0, 15]","[327.0, 15]","[331.0, 75]","[338.0, 60]",330.5,165,1.0,-0.64
07:41:21,"[330.0, 7]","[327.0, 7]","[331.0, 35]","[337.0, 7]",330.5,56,1.0,-0.5
07:41:22,"[328.2, 10]","[325.15, 52]","[332.38, 26]","[337.82, 22]",330.29,110,4.18,0.13
07:41:23,"[327.0, 13]","[325.0, 88]","[333.75, 51]","[335.11, 47]",330.37,199,6.75,0.02
07:41:24,"[326.58, 19]","[324.94, 62]","[331.99, 76]","[333.41, 68]",329.28,225,5.41,-0.28
07:41:25,"[325.68, 38]","[324.79, 58]","[330.44, 72]","[331.56, 72]",328.06,240,4.76,-0.2
07:41:26,"[326.0, 30]","[325.0, 60]","[329.14, 70]","[330.23, 65]",327.57,225,3.14,-0.2
07:41:27,"[324.67, 36]","[323.12, 32]","[326.7, 50]","[327.53, 53]",325.68,171,2.03,-0.2
07:41:28,"[323.0, 12]","[322.0, 18]","[325.11, 28]","[326.25, 20]",324.05,78,2.11,-0.23
07:41:29,"[320.13, 141]","[318.88, 24]","[324.38, 80]","[330.0, 61]",322.25,306,4.25,0.08
07:41:30,"[320.0, 63]","[317.0, 7]","[326.0, 21]","[337.43, 28]",323.0,119,6.0,0.18
07:41:31,"[325.16, 93]","[320.26, 35]","[332.77, 40]","[337.22, 41]",328.97,209,7.61,0.22
07:41:32,"[330.0, 96]","[322.67, 36]","[336.0, 48]","[337.25, 12]",333.0,192,6.0,0.38
07:41:33,"[330.0, 88]","[324.0, 33]","[334.18, 44]","[337.0, 11]",332.09,176,4.18,0.38
07:41:34,"[330.0, 72]","[324.0, 30]","[332.0, 40]","[337.0, 10]",331.0,152,2.0,0.34
07:41:35,"[330.0, 42]","[324.21, 19]","[332.0, 28]","[338.0, 14]",331.0,103,2.0,0.18
07:41:36,"[329.28, 50]","[323.0, 54]","[332.0, 44]","[338.0, 22]",330.64,170,2.72,0.22
07:41:37,"[324.0, 54]","[322.0, 216]","[330.76, 72]","[332.75, 55]",327.38,397,6.76,0.36
07:41:38,"[324.0, 39]","[322.0, 156]","[328.12, 51]","[329.66, 53]",326.06,299,4.12,0.3
07:41:39,"[322.2, 120]","[321.84, 57]","[327.4, 47]","[333.0, 25]",324.8,249,5.2,0.42
07:41:40,"[323.29, 34]","[322.0, 204]","[327.38, 52]","[333.52, 23]",325.34,313,4.09,0.52
07:41:41,"[323.18, 34]","[319.9, 118]","[325.92, 49]","[328.38, 32]",324.55,233,2.74,0.3
07:41:42,"[322.0, 20]","[315.33, 48]","[323.08, 24]","[325.0, 36]",322.54,128,1.08,0.06
07:41:43,"[316.0, 56]","[314.0, 7]","[324.0, 19]","[330.25, 12]",320.0,94,8.0,0.34
07:41:44,"[316.0, 120]","[314.0, 15]","[320.82, 38]","[321.51, 47]",318.41,220,4.82,0.23
07:41:45,"[316.83, 29]","[315.85, 78]","[319.09, 75]","[320.48, 31]",317.96,213,2.27,0.0
07:41:46,"[313.56, 36]","[312.3, 43]","[318.97, 87]","[319.7, 20]",316.26,186,5.41,-0.15
07:41:47,"[312.0, 120]","[309.08, 75]","[316.49, 53]","[317.6, 73]",314.25,321,4.49,0.21
07:41:48,"[312.0, 64]","[309.0, 48]","[314.0, 24]","[315.0, 40]",313.0,176,2.0,0.27
07:41:49,"[312.0, 80]","[309.0, 60]","[314.0, 30]","[315.0, 50]",313.0,220,2.0,0.27
07:41:50,"[312.17, 58]","[309.92, 52]","[314.0, 24]","[315.0, 40]",313.09,174,1.83,0.26
07:41:51,"[311.43, 97]","[310.61, 124]","[314.6, 67]","[316.04, 69]",313.02,357,3.16,0.24
07:41:52,"[313.0, 32]","[310.0, 128]","[315.0, 80]","[318.0, 48]",314.0,288,2.0,0.11
07:41:53,"[312.15, 26]","[308.2, 71]","[315.0, 46]","[318.0, 49]",313.58,192,2.85,0.01
07:41:54,"[306.0, 60]","[300.59, 17]","[315.0, 20]","[318.0, 50]",310.5,147,9.0,0.05
07:41:55,"[306.0, 90]","[299.33, 90]","[315.0, 30]","[318.0, 75]",310.5,285,9.0,0.26
07:41:56,"[306.0, 42]","[302.0, 14]","[315.0, 14]","[318.0, 35]",310.5,105,9.0,0.07
07:41:57,"[306.0, 60]","[302.0, 20]","[315.0, 20]","[318.0, 50]",310.5,150,9.0,0.07
07:41:58,"[306.92, 72]","[305.79, 38]","[315.0, 14]","[318.0, 35]",310.96,159,8.08,0.38
07:41:59,"[308.25, 132]","[306.0, 72]","[317.87, 46]","[319.86, 71]",313.06,321,9.62,0.27
07:42:00,"[309.27, 165]","[306.0, 90]","[317.67, 54]","[319.71, 84]",313.47,393,8.4,0.3
07:42:01,"[310.73, 121]","[303.45, 66]","[318.0, 44]","[320.0, 66]",314.36,297,7.27,0.26
07:42:02,"[312.36, 85]","[310.41, 121]","[318.0, 48]","[320.0, 102]",315.18,356,5.64,0.16
07:42:03,"[316.87, 165]","[315.0, 30]","[319.45, 58]","[320.42, 83]",318.16,336,2.58,0.16
07:42:04,"[317.48, 65]","[316.68, 199]","[320.0, 116]","[321.0, 105]",318.74,485,2.52,0.09
07:42:05,"[313.14, 141]","[307.14, 69]","[319.25, 71]","[320.53, 95]",316.2,376,6.11,0.12
07:42:06,"[311.0, 81]","[308.0, 36]","[319.79, 43]","[321.05, 42]",315.4,202,8.79,0.16
07:42:07,"[311.89, 81]","[303.66, 29]","[321.0, 45]","[322.0, 36]",316.44,191,9.11,0.15
07:42:08,"[313.0, 81]","[304.67, 27]","[321.0, 45]","[322.0, 36]",317.0,189,8.0,0.14
07:42:09,"[313.0, 81]","[305.0, 27]","[321.0, 45]","[322.0, 36]",317.0,189,8.0,0.14
07:42:10,"[313.0, 99]","[305.0, 33]","[321.0, 55]","[322.0, 44]",317.0,231,8.0,0.14
07:42:11,"[313.0, 54]","[305.0, 18]","[321.0, 30]","[322.0, 24]",317.0,126,8.0,0.14
07:42:12,"[316.11, 45]","[313.97, 135]","[321.0, 95]","[323.79, 84]",318.56,359,4.89,0.0
07:42:13,"[318.06, 52]","[317.66, 41]","[321.64, 14]","[324.87, 47]",319.85,154,3.59,0.21
07:42:14,"[318.44, 73]","[312.45, 33]","[321.44, 18]","[324.95, 66]",319.94,190,3.01,0.12
07:42:15,"[317.78, 18]","[314.0, 20]","[322.0, 9]","[325.0, 45]",319.89,92,4.22,-0.17
07:42:16,"[318.25, 24]","[317.0, 24]","[322.0, 12]","[325.0, 60]",320.12,120,3.75,-0.2
07:42:17,"[320.0, 20]","[317.0, 20]","[322.0, 10]","[325.0, 50]",321.0,100,2.0,-0.2
07:42:18,"[321.76, 29]","[319.87, 30]","[326.71, 91]","[327.96, 145]",324.24,295,4.96,-0.6
07:42:19,"[322.64, 22]","[315.29, 21]","[327.0, 65]","[328.0, 74]",324.82,182,4.36,-0.53
07:42:20,"[321.98, 112]","[317.25, 16]","[327.0, 60]","[328.0, 36]",324.49,224,5.02,0.14
07:42:21,"[323.0, 154]","[321.0, 14]","[325.72, 64]","[326.64, 66]",324.36,298,2.72,0.13
07:42:22,"[323.0, 113]","[321.0, 16]","[329.58, 78]","[334.76, 116]",326.29,323,6.58,-0.2
07:42:23,"[324.38, 32]","[322.0, 20]","[334.33, 45]","[336.43, 88]",329.35,185,9.96,-0.44
07:42:24,"[325.0, 24]","[321.0, 12]","[332.56, 27]","[335.42, 64]",328.78,127,7.56,-0.43
07:42:25,"[325.0, 24]","[321.0, 12]","[332.4, 45]","[335.95, 60]",328.7,141,7.4,-0.49
07:42:26,"[325.0, 24]","[321.0, 12]","[332.0, 48]","[334.0, 36]",328.5,120,7.0,-0.4
07:42:27,"[325.0, 18]","[321.0, 9]","[331.0, 27]","[333.56, 36]",328.0,90,6.0,-0.4
07:42:28,"[325.0, 26]","[321.0, 13]","[330.18, 17]","[333.92, 52]",327.59,108,5.18,-0.28
07:42:29,"[325.0, 26]","[321.0, 13]","[329.26, 19]","[331.58, 38]",327.13,96,4.26,-0.19
07:42:30,"[312.65, 102]","[311.0, 66]","[319.23, 52]","[329.05, 38]",315.94,258,6.58,0.3
07:42:31,"[311.0, 63]","[310.0, 42]","[318.0, 35]","[319.0, 7]",314.5,147,7.0,0.43
07:42:32,"[311.0, 90]","[310.0, 60]","[318.0, 59]","[319.0, 10]",314.5,219,7.0,0.37
07:42:33,"[311.0, 99]","[310.0, 66]","[316.57, 56]","[318.17, 36]",313.79,257,5.57,0.28
07:42:34,"[311.0, 117]","[310.0, 78]","[314.0, 52]","[318.0, 78]",312.5,325,3.0,0.2
07:42:35,"[311.0, 90]","[310.0, 60]","[314.0, 38]","[318.0, 60]",312.5,248,3.0,0.21
07:42:36,"[311.04, 84]","[310.33, 81]","[314.0, 36]","[318.0, 72]",312.52,273,2.96,0.21
07:42:37,"[312.0, 9]","[311.0, 81]","[318.0, 9]","[319.0, 9]",315.0,108,6.0,0.67
07:42:38,"[313.29, 14]","[311.44, 27]","[318.91, 11]","[319.95, 21]",316.1,73,5.62,0.12
07:42:39,"[314.22, 18]","[313.53, 15]","[319.0, 11]","[320.0, 22]",316.61,66,4.78,0.0
07:42:40,"[316.88, 16]","[314.23, 26]","[318.29, 14]","[319.44, 18]",317.58,74,1.41,0.14
07:42:41,"[317.5, 22]","[307.17, 81]","[319.81, 26]","[320.55, 22]",318.65,151,2.31,0.36
07:42:42,"[319.56, 18]","[306.52, 234]","[323.75, 24]","[329.15, 54]",321.65,330,4.19,0.53
07:42:43,"[322.15, 13]","[317.5, 16]","[330.31, 52]","[331.2, 40]",326.23,121,8.15,-0.52
07:42:44,"[324.56, 18]","[322.5, 18]","[330.86, 74]","[332.33, 24]",327.71,134,6.31,-0.46
07:42:45,"[325.0, 17]","[323.0, 17]","[329.82, 85]","[331.0, 68]",327.41,187,4.82,-0.64
07:42:46,"[325.9, 21]","[315.9, 29]","[329.0, 70]","[331.0, 103]",327.45,223,3.1,-0.55
07:42:47,"[326.0, 40]","[312.0, 40]","[329.0, 50]","[331.0, 56]",327.5,186,3.0,-0.14
07:42:48,"[326.0, 28]","[312.0, 28]","[329.0, 35]","[331.0, 49]",327.5,140,3.0,-0.2
07:42:49,"[326.0, 24]","[312.0, 24]","[329.0, 30]","[331.0, 42]",327.5,120,3.0,-0.2
07:42:50,"[321.94, 69]","[309.83, 92]","[327.52, 82]","[328.67, 90]",324.73,333,5.58,-0.03
07:42:51,"[312.0, 56]","[307.0, 112]","[325.09, 66]","[326.22, 46]",318.55,280,13.09,0.2
07:42:52,"[312.0, 52]","[307.0, 104]","[322.87, 47]","[324.19, 52]",317.44,255,10.87,0.22
07:42:53,"[312.0, 76]","[307.0, 152]","[321.94, 68]","[325.36, 50]",316.97,346,9.94,0.32
07:42:54,"[312.48, 100]","[307.94, 128]","[322.04, 47]","[325.83, 36]",317.26,311,9.56,0.47
07:42:55,"[313.0, 120]","[311.33, 60]","[320.87, 30]","[325.68, 50]",316.93,260,7.87,0.38
07:42:56,"[314.08, 104]","[310.0, 52]","[320.0, 26]","[322.2, 40]",317.04,222,5.92,0.41
07:42:57,"[315.64, 88]","[306.16, 50]","[320.33, 24]","[322.33, 45]",317.98,207,4.7,0.33
07:42:58,"[316.69, 104]","[305.0, 82]","[322.0, 52]","[325.0, 65]",319.35,303,5.31,0.23
07:42:59,"[318.3, 44]","[315.87, 106]","[322.0, 52]","[325.0, 65]",320.15,267,3.7,0.12
07:43:00,"[316.43, 77]","[309.15, 67]","[323.67, 81]","[325.86, 63]",320.05,288,7.24,0.0
07:43:01,"[311.17, 65]","[309.78, 27]","[325.0, 60]","[327.1, 58]",318.08,210,13.83,-0.12
07:43:02,"[313.42, 306]","[312.11, 174]","[323.53, 76]","[326.57, 92]",318.48,648,10.1,0.48
07:43:03,"[316.89, 163]","[315.33, 196]","[320.0, 60]","[324.71, 70]",318.44,489,3.11,0.47
07:43:04,"[319.95, 185]","[318.27, 90]","[324.0, 22]","[325.0, 55]",321.98,352,4.05,0.56
07:43:05,"[321.26, 94]","[320.13, 198]","[324.42, 48]","[325.37, 86]",322.84,426,3.16,0.37
07:43:06,"[323.35, 62]","[320.45, 284]","[325.0, 72]","[327.0, 60]",324.18,478,1.65,0.45
07:43:07,"[323.64, 28]","[322.06, 106]","[325.0, 16]","[327.0, 32]",324.32,182,1.36,0.47
07:43:08,"[324.0, 66]","[322.54, 67]","[325.2, 40]","[327.01, 73]",324.6,246,1.2,0.08
07:43:09,"[322.7, 54]","[321.86, 283]","[326.84, 38]","[327.69, 13]",324.77,388,4.14,0.74
07:43:10,"[322.01, 438]","[316.5, 127]","[328.61, 28]","[487.52, 48]",325.31,641,6.6,0.76
07:43:11,"[322.0, 248]","[311.0, 32]","[327.5, 12]","[329.12, 16]",324.75,308,5.5,0.82
07:43:12,"[322.0, 379]","[311.0, 52]","[326.15, 13]","[331.97, 33]",324.08,477,4.15,0.81
07:43:13,"[322.08, 234]","[318.88, 113]","[326.0, 11]","[332.0, 11]",324.04,369,3.92,0.88
07:43:14,"[323.5, 60]","[322.0, 270]","[325.8, 10]","[330.4, 10]",324.65,350,2.3,0.89
07:43:15,"[324.0, 80]","[322.0, 378]","[326.15, 26]","[330.29, 51]",325.08,535,2.15,0.71
07:43:16,"[324.0, 40]","[322.0, 270]","[327.0, 50]","[335.71, 35]",325.5,395,3.0,0.57
07:43:17,"[324.0, 24]","[322.0, 162]","[326.5, 18]","[329.0, 18]",325.25,222,2.5,0.68
07:43:18,"[324.0, 40]","[322.0, 270]","[325.0, 30]","[330.0, 30]",324.5,370,1.0,0.68
07:43:19,"[322.29, 190]","[321.23, 234]","[327.19, 48]","[331.6, 45]",324.74,517,4.89,0.64
07:43:20,"[322.0, 326]","[312.0, 48]","[329.0, 80]","[330.31, 48]",325.5,502,7.0,0.49
07:43:21,"[322.0, 120]","[312.0, 18]","[329.0, 30]","[331.0, 18]",325.5,186,7.0,0.48
07:43:22,"[322.0, 200]","[312.0, 30]","[329.0, 50]","[331.0, 30]",325.5,310,7.0,0.48
07:43:23,"[322.0, 231]","[312.0, 36]","[329.0, 60]","[331.0, 36]",325.5,363,7.0,0.47
07:43:24,"[322.06, 145]","[318.8, 75]","[329.0, 55]","[331.0, 33]",325.53,308,6.94,0.43
07:43:25,"[323.0, 34]","[322.0, 170]","[329.0, 50]","[331.0, 30]",326.0,284,6.0,0.44
07:43:26,"[323.0, 26]","[322.0, 187]","[329.0, 55]","[331.0, 33]",326.0,301,6.0,0.42
07:43:27,"[324.54, 26]","[322.0, 221]","[329.0, 65]","[331.0, 39]",326.77,351,4.46,0.41
07:43:28,"[325.0, 24]","[322.0, 204]","[329.0, 60]","[331.0, 36]",327.0,324,4.0,0.41
07:43:29,"[325.0, 24]","[322.05, 174]","[329.6, 50]","[333.44, 41]",327.3,289,4.6,0.37
07:43:30,"[325.0, 20]","[324.0, 20]","[330.77, 26]","[335.21, 38]",327.88,104,5.77,-0.23
07:43:31,"[322.22, 68]","[317.47, 15]","[331.29, 21]","[333.63, 38]",326.75,142,9.07,0.17
07:43:32,"[325.21, 62]","[322.11, 111]","[335.0, 30]","[336.0, 40]",330.1,243,9.79,0.42
07:43:33,"[323.82, 78]","[321.55, 95]","[334.86, 28]","[337.06, 35]",329.34,236,11.04,0.47
07:43:34,"[323.0, 154]","[322.0, 182]","[333.91, 44]","[334.98, 46]",328.45,426,10.91,0.58
07:43:35,"[323.0, 165]","[322.0, 69]","[330.33, 42]","[330.88, 33]",326.67,309,7.33,0.51
07:43:36,"[323.0, 50]","[322.0, 24]","[329.0, 6]","[330.0, 24]",326.0,104,6.0,0.42
07:43:37,"[323.0, 40]","[322.0, 40]","[329.0, 10]","[330.0, 40]",326.0,130,6.0,0.23
07:43:38,"[323.62, 58]","[322.23, 52]","[327.11, 19]","[328.35, 46]",325.36,175,3.48,0.26
07:43:39,"[325.0, 23]","[323.0, 40]","[332.86, 35]","[467.22, 51]",328.93,149,7.86,-0.15
07:43:40,"[325.0, 8]","[323.0, 32]","[334.0, 48]","[608.0, 40]",329.5,128,9.0,-0.38
07:43:41,"[325.0, 12]","[323.0, 48]","[330.91, 55]","[332.0, 45]",327.95,160,5.91,-0.25
07:43:42,"[325.91, 46]","[323.61, 23]","[328.0, 53]","[329.0, 46]",326.96,168,2.09,-0.18
07:43:43,"[325.79, 28]","[323.29, 28]","[327.56, 36]","[332.74, 38]",326.67,130,1.77,-0.14
07:43:44,"[325.0, 12]","[323.0, 48]","[327.0, 36]","[338.83, 36]",326.0,132,2.0,-0.09
07:43:45,"[325.0, 18]","[323.0, 40]","[330.5, 30]","[357.1, 30]",327.75,118,5.5,-0.02
07:43:46,"[325.0, 24]","[323.0, 48]","[340.25, 36]","[346.97, 34]",332.62,142,15.25,0.01
07:43:47,"[323.33, 12]","[321.57, 14]","[341.0, 18]","[342.0, 18]",332.17,62,17.67,-0.16
07:43:48,"[322.43, 14]","[318.14, 14]","[341.0, 21]","[342.0, 21]",331.71,70,18.57,-0.2
07:43:49,"[323.67, 36]","[321.67, 24]","[341.0, 30]","[342.0, 30]",332.33,120,17.33,0.0
07:43:50,"[327.67, 18]","[322.87, 30]","[341.0, 24]","[342.0, 24]",334.33,96,13.33,0.0
07:43:51,"[322.61, 33]","[320.89, 19]","[341.0, 30]","[342.0, 30]",331.8,112,18.39,-0.07
07:43:52,"[322.83, 36]","[320.58, 33]","[341.0, 39]","[342.0, 39]",331.92,147,18.17,-0.06
07:43:53,"[321.0, 24]","[320.0, 72]","[333.75, 32]","[340.03, 39]",327.38,167,12.75,0.15
07:43:54,"[321.44, 36]","[319.06, 68]","[322.96, 27]","[338.54, 69]",322.2,200,1.52,0.04
07:43:55,"[321.0, 14]","[317.0, 54]","[322.62, 13]","[330.45, 20]",321.81,101,1.62,0.35
07:43:56,"[317.62, 39]","[316.5, 16]","[326.0, 12]","[337.0, 6]",321.81,73,8.38,0.51
07:43:57,"[318.0, 130]","[312.73, 37]","[326.0, 26]","[337.47, 19]",322.0,212,8.0,0.58
07:43:58,"[319.15, 130]","[312.0, 91]","[325.7, 20]","[333.64, 33]",322.43,274,6.55,0.61
07:43:59,"[320.65, 162]","[312.0, 121]","[326.26, 38]","[337.82, 67]",323.46,388,5.62,0.46
07:44:00,"[321.0, 49]","[315.79, 19]","[327.0, 14]","[335.0, 28]",324.0,110,6.0,0.24
07:44:01,"[321.0, 31]","[312.57, 7]","[327.0, 10]","[335.0, 20]",324.0,68,6.0,0.12
07:44:02,"[321.0, 35]","[309.03, 58]","[326.44, 18]","[332.71, 28]",323.72,139,5.44,0.34
07:44:03,"[323.0, 22]","[319.33, 36]","[325.0, 20]","[329.73, 22]",324.0,100,2.0,0.16
07:44:04,"[312.66, 88]","[311.1, 40]","[321.8, 25]","[326.24, 29]",317.23,182,9.14,0.41
07:44:05,"[313.0, 90]","[312.0, 9]","[320.71, 14]","[325.45, 22]",316.86,135,7.71,0.47
07:44:06,"[313.31, 101]","[312.94, 119]","[322.5, 40]","[327.55, 58]",317.9,318,9.19,0.38
07:44:07,"[316.66, 106]","[317.43, 70]","[326.0, 32]","[329.0, 80]",321.33,288,9.34,0.22
07:44:08,"[320.87, 46]","[318.12, 64]","[326.0, 20]","[329.0, 50]",323.43,180,5.13,0.22
07:44:09,"[321.33, 151]","[316.9, 20]","[325.13, 63]","[328.66, 58]",323.23,292,3.8,0.17
07:44:10,"[323.0, 120]","[321.0, 15]","[324.31, 64]","[327.67, 75]",323.66,274,1.31,-0.01
07:44:11,"[322.0, 20]","[311.32, 62]","[327.53, 58]","[331.61, 49]",324.77,189,5.53,-0.13
07:44:12,"[322.08, 13]","[312.24, 34]","[328.0, 45]","[331.0, 18]",325.04,110,5.92,-0.15
07:44:13,"[323.93, 42]","[322.0, 14]","[328.0, 70]","[332.8, 40]",325.96,166,4.07,-0.33
07:44:14,"[324.84, 45]","[323.21, 29]","[327.8, 50]","[330.35, 57]",326.32,181,2.96,-0.18
07:44:15,"[326.0, 76]","[324.0, 36]","[328.05, 38]","[330.07, 54]",327.03,204,2.05,0.1
07:44:16,"[326.0, 20]","[324.0, 15]","[331.0, 10]","[332.0, 25]",328.5,70,5.0,0.0
07:44:17,"[326.0, 32]","[324.0, 24]","[331.0, 16]","[332.0, 40]",328.5,112,5.0,0.0
07:44:18,"[324.77, 13]","[322.29, 14]","[331.0, 20]","[332.0, 50]",327.88,97,6.23,-0.44
07:44:19,"[310.96, 23]","[313.0, 7]","[331.0, 14]","[332.0, 35]",320.98,79,20.04,-0.24
07:44:20,"[310.89, 36]","[308.93, 27]","[331.0, 22]","[332.0, 55]",320.94,140,20.11,-0.1
07:44:21,"[310.0, 36]","[308.0, 36]","[331.0, 18]","[332.0, 45]",320.5,135,21.0,0.07
07:44:22,"[310.0, 48]","[308.0, 48]","[319.0, 18]","[326.24, 34]",314.5,148,9.0,0.3
07:44:23,"[310.3, 40]","[308.4, 40]","[317.0, 10]","[326.45, 31]",313.65,121,6.7,0.32
07:44:24,"[311.0, 68]","[309.0, 85]","[317.0, 17]","[320.0, 17]",314.0,187,6.0,0.64
07:44:25,"[312.0, 32]","[310.45, 55]","[317.0, 13]","[320.0, 13]",314.5,113,5.0,0.54
07:44:26,"[314.76, 34]","[313.64, 50]","[324.58, 38]","[326.55, 22]",319.67,144,9.81,0.17
07:44:27,"[317.57, 21]","[314.8, 20]","[326.0, 28]","[329.0, 14]",321.79,83,8.43,-0.01
07:44:28,"[319.69, 32]","[317.74, 19]","[324.33, 30]","[327.41, 54]",322.01,135,4.65,-0.24
07:44:29,"[319.87, 15]","[306.75, 65]","[329.24, 85]","[330.04, 49]",324.55,214,9.37,-0.25
07:44:30,"[321.75, 12]","[315.17, 12]","[326.88, 51]","[330.04, 52]",324.32,127,5.13,-0.62
07:44:31,"[324.98, 47]","[322.09, 11]","[326.44, 45]","[330.23, 52]",325.71,155,1.47,-0.25
07:44:32,"[325.0, 5]","[321.0, 5]","[330.0, 25]","[336.0, 10]",327.5,45,5.0,-0.56
07:44:33,"[325.0, 21]","[321.0, 9]","[329.77, 39]","[332.67, 27]",327.38,96,4.77,-0.38
07:44:34,"[325.0, 36]","[321.0, 12]","[328.17, 36]","[331.33, 60]",326.58,144,3.17,-0.33
07:44:35,"[323.18, 22]","[312.18, 34]","[332.6, 62]","[336.6, 40]",327.89,158,9.41,-0.29
07:44:36,"[321.93, 43]","[315.71, 17]","[333.33, 15]","[334.27, 52]",327.63,127,11.4,-0.06
07:44:37,"[322.0, 20]","[321.0, 4]","[332.0, 4]","[334.0, 20]",327.0,48,10.0,0.0
07:44:38,"[322.0, 35]","[321.0, 7]","[332.0, 7]","[334.0, 35]",327.0,84,10.0,0.0
07:44:39,"[321.97, 58]","[318.44, 18]","[330.33, 15]","[334.0, 75]",326.15,166,8.37,-0.08
07:44:40,"[321.0, 8]","[316.6, 70]","[330.0, 8]","[334.0, 40]",325.5,126,9.0,0.24
07:44:41,"[321.16, 19]","[314.65, 52]","[330.0, 13]","[334.0, 65]",325.58,149,8.84,-0.05
07:44:42,"[325.12, 24]","[323.5, 18]","[330.0, 12]","[334.0, 60]",327.56,114,4.88,-0.26
07:44:43,"[325.56, 27]","[324.79, 19]","[329.11, 9]","[333.44, 45]",327.33,100,3.56,-0.08
07:44:44,"[325.72, 29]","[324.75, 32]","[332.0, 76]","[334.8, 60]",328.86,197,6.28,-0.38
07:44:45,"[317.57, 35]","[317.29, 28]","[330.56, 39]","[332.24, 88]",324.07,190,12.99,-0.34
07:44:46,"[318.8, 59]","[315.05, 19]","[324.8, 30]","[331.2, 50]",321.8,158,6.0,-0.01
07:44:47,"[316.0, 24]","[315.0, 12]","[323.64, 44]","[328.72, 39]",319.82,119,7.64,-0.39
07:44:48,"[316.0, 16]","[315.0, 8]","[327.71, 34]","[330.87, 30]",321.85,88,11.71,-0.45
07:44:49,"[316.67, 18]","[315.33, 12]","[328.0, 80]","[337.5, 20]",322.33,130,11.33,-0.54
07:44:50,"[322.0, 9]","[315.94, 17]","[328.0, 72]","[336.0, 18]",325.0,116,6.0,-0.55
07:44:51,"[325.84, 51]","[320.44, 9]","[328.0, 42]","[334.0, 14]",326.92,116,2.16,0.03
07:44:52,"[326.0, 35]","[322.0, 5]","[328.0, 15]","[329.0, 5]",327.0,60,2.0,0.33
07:44:53,"[326.0, 99]","[322.0, 15]","[327.93, 45]","[328.82, 17]",326.97,176,1.93,0.3
07:44:54,"[326.0, 28]","[322.0, 11]","[328.0, 21]","[329.0, 7]",327.0,67,2.0,0.16
07:44:55,"[326.0, 34]","[322.0, 12]","[328.0, 36]","[330.0, 12]",327.0,94,2.0,-0.02
07:44:56,"[325.64, 22]","[320.86, 14]","[328.43, 23]","[331.43, 21]",327.04,80,2.8,-0.1
07:44:57,"[322.0, 14]","[314.0, 14]","[330.0, 7]","[332.0, 21]",326.0,56,8.0,0.0
07:44:58,"[323.0, 22]","[322.0, 22]","[330.0, 11]","[332.0, 33]",326.5,88,7.0,0.0
07:44:59,"[323.6, 30]","[322.0, 30]","[330.0, 15]","[332.0, 45]",326.8,120,6.4,0.0
07:45:00,"[317.77, 26]","[315.83, 35]","[329.81, 21]","[331.78, 37]",323.79,119,12.04,0.03
07:45:01,"[315.0, 24]","[314.0, 36]","[328.5, 24]","[330.06, 17]",321.75,101,13.5,0.19
07:45:02,"[315.0, 30]","[313.57, 47]","[326.37, 38]","[327.43, 37]",320.68,152,11.37,0.01
07:45:03,"[315.0, 20]","[310.0, 44]","[324.0, 22]","[326.57, 28]",319.5,114,9.0,0.12
07:45:04,"[315.0, 28]","[309.68, 19]","[322.72, 29]","[323.71, 28]",318.86,104,7.72,-0.1
07:45:05,"[314.8, 25]","[309.63, 19]","[322.0, 26]","[323.0, 26]",318.4,96,7.2,-0.08
07:45:06,"[315.49, 49]","[312.75, 103]","[320.93, 30]","[322.33, 30]",318.21,212,5.44,0.43
07:45:07,"[317.0, 42]","[313.0, 112]","[321.0, 40]","[324.36, 22]",319.0,216,4.0,0.43
07:45:08,"[317.0, 36]","[313.02, 90]","[321.0, 48]","[327.25, 12]",319.0,186,4.0,0.35
07:45:09,"[318.79, 57]","[314.34, 62]","[322.09, 44]","[329.18, 33]",320.44,196,3.3,0.21
07:45:10,"[321.28, 90]","[319.0, 54]","[323.95, 42]","[329.32, 38]",322.62,224,2.67,0.29
07:45:11,"[321.8, 45]","[318.75, 28]","[323.26, 34]","[328.5, 18]",322.53,125,1.46,0.17
07:45:12,"[319.18, 28]","[316.2, 20]","[326.0, 36]","[331.0, 36]",322.59,120,6.82,-0.2
07:45:13,"[322.44, 18]","[320.11, 38]","[326.0, 42]","[331.0, 42]",324.22,140,3.56,-0.2
07:45:14,"[324.75, 12]","[323.43, 21]","[327.67, 36]","[330.42, 36]",326.21,105,2.92,-0.37
07:45:15,"[326.08, 12]","[324.67, 12]","[330.4, 30]","[334.2, 40]",328.24,94,4.32,-0.49
07:45:16,"[319.57, 23]","[310.43, 97]","[328.62, 39]","[332.31, 29]",324.09,188,9.05,0.28
07:45:17,"[309.75, 48]","[307.2, 30]","[316.26, 31]","[327.7, 10]",313.0,119,6.51,0.31
07:45:18,"[308.0, 30]","[306.0, 60]","[315.0, 40]","[321.0, 30]",311.5,160,7.0,0.12
07:45:19,"[308.0, 15]","[306.0, 30]","[315.0, 16]","[321.0, 15]",311.5,76,7.0,0.18
07:45:20,"[308.0, 21]","[306.0, 42]","[320.0, 18]","[323.73, 11]",314.0,92,12.0,0.37
07:45:21,"[308.0, 30]","[306.0, 60]","[320.13, 46]","[321.46, 26]",314.07,162,12.13,0.11
07:45:22,"[308.0, 36]","[306.0, 72]","[319.14, 42]","[321.0, 36]",313.57,186,11.14,0.16
07:45:23,"[308.0, 36]","[306.0, 45]","[318.71, 21]","[321.05, 40]",313.36,142,10.71,0.14
07:45:24,"[308.0, 44]","[306.0, 55]","[320.32, 19]","[321.78, 18]",314.16,136,12.32,0.46
07:45:25,"[308.0, 28]","[306.0, 35]","[319.0, 36]","[321.0, 7]",313.5,106,11.0,0.19
07:45:26,"[308.0, 20]","[306.0, 25]","[319.0, 30]","[321.0, 5]",313.5,80,11.0,0.12
07:45:27,"[308.0, 19]","[306.0, 25]","[319.0, 30]","[321.0, 5]",313.5,79,11.0,0.11
07:45:28,"[308.0, 50]","[306.0, 50]","[319.0, 60]","[321.0, 10]",313.5,170,11.0,0.18
07:45:29,"[308.0, 45]","[306.0, 45]","[319.0, 54]","[321.0, 34]",313.5,178,11.0,0.01
07:45:30,"[308.0, 15]","[306.0, 15]","[319.0, 18]","[321.0, 18]",313.5,66,11.0,-0.09
07:45:31,"[308.0, 35]","[306.0, 35]","[319.0, 42]","[321.0, 42]",313.5,154,11.0,-0.09
07:45:32,"[308.0, 65]","[305.76, 33]","[319.0, 78]","[321.0, 78]",313.5,254,11.0,-0.23
07:45:33,"[309.73, 83]","[308.97, 38]","[319.0, 78]","[321.0, 78]",314.37,277,9.27,-0.13
07:45:34,"[312.76, 66]","[311.89, 90]","[319.0, 72]","[321.0, 88]",315.88,316,6.24,-0.01
07:45:35,"[314.7, 44]","[312.2, 98]","[319.0, 63]","[321.0, 130]",316.85,335,4.3,-0.15
07:45:36,"[318.0, 11]","[316.0, 22]","[320.93, 60]","[321.47, 38]",319.47,131,2.93,-0.5
07:45:37,"[319.1, 20]","[310.67, 15]","[321.33, 36]","[322.43, 14]",320.22,85,2.23,-0.18
07:45:38,"[320.93, 60]","[312.6, 20]","[322.4, 10]","[324.33, 18]",321.67,108,1.47,0.48
07:45:39,"[321.92, 84]","[311.33, 24]","[324.5, 24]","[325.5, 36]",323.21,168,2.58,0.29
07:45:40,"[322.0, 56]","[312.0, 16]","[325.0, 24]","[326.0, 24]",323.5,120,3.0,0.2
07:45:41,"[322.67, 89]","[312.0, 34]","[325.0, 51]","[326.0, 51]",323.84,225,2.33,0.09
07:45:42,"[322.63, 54]","[312.83, 23]","[324.83, 36]","[325.83, 36]",323.73,149,2.2,0.03
07:45:43,"[313.0, 22]","[309.0, 11]","[318.0, 11]","[327.73, 41]",315.5,85,5.0,-0.22
07:45:44,"[313.75, 16]","[311.0, 8]","[318.0, 6]","[323.0, 6]",315.88,36,4.25,0.33
07:45:45,"[311.28, 32]","[307.88, 17]","[318.0, 11]","[323.0, 11]",314.64,71,6.72,0.38
07:45:46,"[309.0, 21]","[307.0, 14]","[318.0, 7]","[320.0, 14]",313.5,56,9.0,0.25
07:45:47,"[313.51, 39]","[308.93, 57]","[318.0, 15]","[320.0, 30]",315.76,141,4.49,0.36
07:45:48,"[311.38, 16]","[309.1, 40]","[318.31, 13]","[320.13, 23]",314.84,92,6.93,0.22
07:45:49,"[312.0, 30]","[306.56, 18]","[320.0, 20]","[323.0, 10]",316.0,78,8.0,0.23
07:45:50,"[312.0, 39]","[303.0, 26]","[320.0, 26]","[323.0, 13]",316.0,104,8.0,0.25
07:45:51,"[312.0, 36]","[303.0, 24]","[318.67, 24]","[320.6, 20]",315.33,104,6.67,0.15
07:45:52,"[312.11, 44]","[306.29, 41]","[318.0, 36]","[320.0, 36]",315.06,157,5.89,0.08
07:45:53,"[314.56, 9]","[312.0, 27]","[318.0, 18]","[320.0, 18]",316.28,72,3.44,0.0
07:45:54,"[316.78, 37]","[306.25, 28]","[318.32, 19]","[320.43, 35]",317.55,119,1.53,0.09
07:45:55,"[315.31, 32]","[301.82, 44]","[320.71, 28]","[321.18, 44]",318.01,148,5.4,0.03
07:45:56,"[304.71, 28]","[302.9, 31]","[320.62, 66]","[321.53, 34]",312.67,159,15.91,-0.26
07:45:57,"[305.55, 22]","[303.4, 30]","[321.0, 33]","[323.0, 11]",313.27,96,15.45,0.08
07:45:58,"[306.0, 22]","[305.0, 22]","[323.38, 39]","[325.41, 41]",314.69,124,17.38,-0.29
07:45:59,"[308.96, 27]","[307.62, 32]","[322.83, 54]","[326.14, 42]",315.9,155,13.87,-0.24
07:46:00,"[310.14, 28]","[308.0, 42]","[322.76, 67]","[326.55, 44]",316.45,181,12.62,-0.23
07:46:01,"[313.14, 44]","[311.33, 36]","[315.0, 32]","[323.17, 36]",314.07,148,1.86,0.08
07:46:02,"[313.45, 33]","[304.4, 73]","[316.89, 19]","[324.4, 50]",315.17,175,3.44,0.21
07:46:03,"[316.04, 28]","[314.87, 39]","[319.0, 14]","[325.0, 70]",317.52,151,2.96,-0.11
07:46:04,"[318.2, 30]","[314.67, 27]","[324.28, 50]","[326.42, 57]",321.24,164,6.08,-0.3
07:46:05,"[320.29, 28]","[317.43, 14]","[325.0, 40]","[328.0, 62]",322.64,144,4.71,-0.42
07:46:06,"[322.0, 56]","[320.0, 28]","[323.74, 46]","[326.24, 68]",322.87,198,1.74,-0.15
07:46:07,"[322.11, 36]","[309.37, 57]","[324.56, 48]","[328.83, 63]",323.34,204,2.45,-0.09
07:46:08,"[324.1, 20]","[311.84, 38]","[328.0, 30]","[332.95, 38]",326.05,126,3.9,-0.08
07:46:09,"[312.36, 28]","[306.41, 94]","[322.55, 22]","[329.74, 46]",317.45,190,10.19,0.28
07:46:10,"[309.86, 74]","[308.88, 139]","[316.0, 17]","[326.99, 71]",312.93,301,6.14,0.42
07:46:11,"[310.57, 56]","[306.64, 106]","[316.0, 14]","[319.0, 14]",313.29,190,5.43,0.71
07:46:12,"[311.5, 56]","[302.67, 121]","[319.19, 32]","[320.27, 22]",315.34,231,7.69,0.53
07:46:13,"[312.0, 52]","[302.0, 104]","[320.62, 52]","[324.53, 19]",316.31,227,8.62,0.37
07:46:14,"[312.43, 28]","[302.0, 56]","[323.83, 24]","[326.86, 28]",318.13,136,11.4,0.24
07:46:15,"[313.53, 76]","[302.26, 137]","[324.0, 38]","[325.63, 76]",318.76,327,10.47,0.3
07:46:16,"[316.07, 60]","[311.23, 26]","[324.0, 28]","[325.0, 56]",320.03,170,7.93,0.01
07:46:17,"[317.0, 52]","[306.77, 70]","[320.47, 34]","[324.56, 36]",318.74,192,3.47,0.27
07:46:18,"[318.26, 46]","[307.94, 64]","[321.22, 27]","[328.07, 28]",319.74,165,2.96,0.33
07:46:19,"[321.07, 86]","[320.05, 74]","[324.0, 32]","[328.29, 41]",322.53,233,2.93,0.37
07:46:20,"[321.94, 71]","[320.0, 60]","[327.87, 46]","[330.62, 64]",324.91,241,5.93,0.09
07:46:21,"[323.5, 48]","[321.72, 50]","[330.04, 54]","[331.41, 37]",326.77,189,6.54,0.04
07:46:22,"[325.85, 52]","[323.69, 39]","[331.0, 26]","[332.0, 65]",328.42,182,5.15,0.0
07:46:23,"[325.47, 38]","[322.65, 26]","[328.83, 24]","[331.0, 24]",327.15,112,3.36,0.14
07:46:24,"[324.0, 16]","[317.0, 8]","[327.0, 16]","[337.6, 25]",325.5,65,3.0,-0.26
07:46:25,"[324.83, 24]","[323.36, 22]","[326.42, 24]","[339.5, 48]",325.62,118,1.58,-0.22
07:46:26,"[325.0, 22]","[321.95, 19]","[331.71, 28]","[348.8, 45]",328.36,114,6.71,-0.28
07:46:27,"[325.0, 30]","[324.0, 30]","[340.92, 39]","[368.76, 59]",332.96,158,15.92,-0.24
07:46:28,"[325.71, 28]","[324.71, 28]","[336.41, 17]","[337.77, 77]",331.06,150,10.7,-0.25
07:46:29,"[327.85, 26]","[326.82, 22]","[332.78, 27]","[333.58, 33]",330.31,108,4.93,-0.11
07:46:30,"[328.36, 33]","[327.5, 24]","[329.27, 22]","[330.82, 22]",328.82,101,0.91,0.13
07:46:31,"[328.77, 26]","[327.88, 34]","[331.45, 20]","[334.27, 44]",330.11,124,2.68,-0.03
07:46:32,"[328.0, 23]","[327.0, 18]","[330.0, 9]","[332.33, 27]",329.0,77,2.0,0.06
07:46:33,"[326.8, 5]","[325.2, 10]","[330.0, 5]","[333.0, 15]",328.4,35,3.2,-0.14
07:46:34,"[321.29, 7]","[320.73, 11]","[326.71, 7]","[332.53, 17]",324.0,42,5.43,-0.14
07:46:35,"[315.0, 7]","[312.0, 7]","[318.14, 7]","[320.0, 7]",316.57,28,3.14,0.0
07:46:36,"[315.0, 8]","[312.0, 8]","[332.59, 34]","[397.19, 32]",323.79,82,17.59,-0.61
07:46:37,"[315.0, 4]","[312.0, 4]","[330.5, 18]","[332.29, 14]",322.75,40,15.5,-0.6
07:46:38,"[319.74, 27]","[316.45, 11]","[331.0, 55]","[333.0, 33]",325.37,126,11.26,-0.4
07:46:39,"[320.52, 62]","[318.02, 51]","[331.0, 60]","[333.0, 36]",325.76,209,10.48,0.08
07:46:40,"[322.98, 42]","[321.91, 77]","[331.62, 58]","[383.77, 40]",327.3,217,8.64,0.1
07:46:41,"[323.0, 65]","[316.56, 54]","[332.27, 33]","[392.38, 39]",327.64,191,9.27,0.25
07:46:42,"[323.53, 74]","[318.27, 22]","[334.0, 39]","[443.38, 39]",328.76,174,10.47,0.1
07:46:43,"[325.0, 75]","[324.0, 45]","[333.32, 31]","[373.2, 45]",329.16,196,8.32,0.22
07:46:44,"[325.57, 30]","[322.9, 41]","[423.59, 29]","[456.21, 33]",374.58,133,98.02,0.07
07:46:45,"[324.1, 20]","[317.15, 40]","[393.2, 30]","[414.27, 22]",358.65,112,69.1,0.07
07:46:46,"[321.52, 27]","[313.86, 58]","[324.0, 24]","[329.8, 20]",322.76,129,2.48,0.32
07:46:47,"[315.0, 55]","[303.23, 26]","[322.56, 16]","[323.08, 48]",318.78,145,7.56,0.12
07:46:48,"[315.0, 33]","[312.0, 22]","[322.14, 58]","[324.7, 20]",318.57,133,7.14,-0.17
07:46:49,"[315.0, 21]","[312.0, 14]","[324.0, 14]","[331.0, 19]",319.5,68,9.0,0.03
07:46:50,"[321.05, 43]","[316.94, 34]","[332.44, 32]","[391.47, 15]",326.74,124,11.39,0.24
07:46:51,"[332.0, 16]","[323.0, 48]","[333.0, 24]","[447.0, 16]",332.5,104,1.0,0.23
07:46:52,"[323.45, 40]","[318.82, 17]","[333.0, 24]","[377.45, 22]",328.23,103,9.55,0.11
07:46:53,"[324.0, 7]","[323.0, 28]","[331.33, 27]","[370.8, 15]",327.67,77,7.33,-0.09
07:46:54,"[324.0, 5]","[323.0, 20]","[330.0, 25]","[335.0, 15]",327.0,65,6.0,-0.23
07:46:55,"[324.0, 10]","[323.0, 40]","[330.0, 50]","[335.0, 30]",327.0,130,6.0,-0.23
07:46:56,"[324.0, 12]","[323.0, 48]","[329.96, 52]","[333.75, 40]",326.98,152,5.96,-0.21
07:46:57,"[323.6, 10]","[322.3, 23]","[328.4, 10]","[331.43, 42]",326.0,85,4.8,-0.22
07:46:58,"[324.0, 11]","[322.45, 11]","[328.0, 11]","[335.73, 33]",326.0,66,4.0,-0.33
07:46:59,"[324.23, 13]","[320.85, 20]","[326.24, 29]","[333.48, 25]",325.24,87,2.01,-0.24
07:47:00,"[321.0, 13]","[316.0, 26]","[324.8, 30]","[329.08, 39]",322.9,108,3.8,-0.28
07:47:01,"[321.57, 21]","[316.5, 40]","[325.71, 14]","[333.38, 39]",323.64,114,4.14,0.07
07:47:02,"[322.43, 40]","[320.6, 15]","[331.9, 30]","[335.38, 58]",327.16,143,9.47,-0.23
07:47:03,"[319.38, 24]","[314.59, 27]","[333.12, 24]","[336.0, 40]",326.25,115,13.75,-0.11
07:47:04,"[329.0, 27]","[323.0, 36]","[333.0, 27]","[336.0, 45]",331.0,135,4.0,-0.07
07:47:05,"[329.0, 30]","[323.0, 40]","[333.0, 30]","[337.4, 50]",331.0,150,4.0,-0.07
07:47:06,"[323.47, 38]","[319.73, 22]","[331.75, 40]","[335.9, 40]",327.61,140,8.28,-0.14
07:47:07,"[323.42, 38]","[319.92, 26]","[331.38, 48]","[334.5, 36]",327.4,148,7.95,-0.14
07:47:08,"[325.0, 54]","[323.0, 45]","[330.4, 45]","[331.67, 45]",327.7,189,5.4,0.05
07:47:09,"[325.0, 18]","[323.0, 29]","[329.29, 28]","[330.78, 27]",327.14,102,4.29,-0.08
07:47:10,"[323.8, 35]","[321.5, 40]","[326.51, 35]","[330.25, 40]",325.16,150,2.71,0.0
07:47:11,"[318.71, 21]","[316.36, 11]","[332.8, 30]","[340.6, 30]",325.76,92,14.09,-0.3
07:47:12,"[318.92, 78]","[316.4, 10]","[333.78, 45]","[335.0, 27]",326.35,160,14.85,0.1
07:47:13,"[327.0, 8]","[319.46, 78]","[332.25, 40]","[335.25, 24]",329.62,150,5.25,0.15
07:47:14,"[327.94, 77]","[319.73, 66]","[332.0, 55]","[338.0, 30]",329.97,228,4.06,0.25
07:47:15,"[328.0, 148]","[327.0, 13]","[330.85, 65]","[337.58, 38]",329.42,264,2.85,0.22
07:47:16,"[328.0, 67]","[327.0, 9]","[329.22, 45]","[339.0, 36]",328.61,157,1.22,-0.03
07:47:17,"[328.0, 10]","[327.0, 5]","[339.0, 10]","[341.0, 5]",333.5,30,11.0,0.0
07:47:18,"[327.14, 14]","[324.33, 12]","[339.0, 12]","[341.0, 6]",333.07,44,11.86,0.18
07:47:19,"[327.0, 11]","[326.0, 33]","[339.0, 22]","[341.0, 11]",333.0,77,12.0,0.14
07:47:20,"[327.0, 6]","[326.0, 18]","[339.0, 12]","[341.0, 6]",333.0,42,12.0,0.14
07:47:21,"[327.0, 11]","[326.0, 33]","[339.0, 22]","[341.0, 11]",333.0,77,12.0,0.14
07:47:22,"[327.0, 6]","[326.0, 18]","[339.0, 12]","[341.0, 6]",333.0,42,12.0,0.14
07:47:23,"[326.86, 7]","[325.45, 22]","[339.0, 14]","[341.0, 7]",332.93,50,12.14,0.16
07:47:24,"[326.0, 10]","[323.0, 40]","[339.0, 20]","[341.0, 10]",332.5,80,13.0,0.25
07:47:25,"[326.0, 5]","[323.0, 20]","[339.0, 10]","[341.0, 5]",332.5,40,13.0,0.25
07:47:26,"[326.0, 4]","[323.0, 16]","[339.0, 8]","[341.0, 4]",332.5,32,13.0,0.25
07:47:27,"[323.0, 12]","[322.0, 8]","[339.0, 8]","[341.0, 4]",331.0,32,16.0,0.25
07:47:28,"[323.92, 39]","[322.9, 20]","[339.0, 14]","[341.0, 7]",331.46,80,15.08,0.47
07:47:29,"[323.67, 36]","[322.6, 20]","[339.0, 16]","[341.0, 8]",331.33,80,15.33,0.4
07:47:30,"[323.0, 30]","[322.0, 20]","[337.17, 46]","[338.0, 36]",330.09,132,14.17,-0.24
07:47:31,"[323.0, 18]","[322.0, 12]","[336.0, 24]","[337.0, 24]",329.5,78,13.0,-0.23
07:47:32,"[318.31, 13]","[312.88, 32]","[333.67, 24]","[336.56, 36]",325.99,105,15.36,-0.14
07:47:33,"[312.0, 8]","[311.0, 64]","[320.42, 31]","[331.12, 24]",316.21,127,8.42,0.13
07:47:34,"[312.0, 12]","[311.0, 96]","[319.22, 49]","[320.06, 72]",315.61,229,7.22,-0.06
07:47:35,"[312.0, 12]","[311.0, 96]","[317.33, 24]","[319.89, 76]",314.67,208,5.33,0.04
07:47:36,"[312.0, 9]","[311.0, 72]","[317.0, 20]","[318.0, 9]",314.5,110,5.0,0.47
07:47:37,"[312.0, 11]","[311.0, 88]","[315.09, 22]","[316.11, 18]",313.55,139,3.09,0.42
07:47:38,"[313.15, 143]","[311.69, 13]","[316.84, 38]","[318.0, 35]",315.0,229,3.69,0.36
07:47:39,"[315.33, 99]","[306.18, 44]","[320.0, 54]","[322.0, 80]",317.67,277,4.67,0.03
07:47:40,"[316.23, 66]","[311.91, 120]","[320.0, 78]","[322.0, 130]",318.11,394,3.77,-0.06
07:47:41,"[316.89, 74]","[315.08, 52]","[321.62, 74]","[322.73, 66]",319.26,266,4.73,-0.05
07:47:42,"[319.15, 104]","[318.16, 96]","[322.0, 148]","[330.0, 16]",320.58,364,2.85,0.1
07:47:43,"[318.53, 51]","[261.37, 65]","[321.2, 20]","[347.97, 29]",319.86,165,2.67,0.41
07:47:44,"[303.91, 66]","[283.42, 36]","[315.0, 48]","[325.88, 24]",309.45,174,11.09,0.17
07:47:45,"[305.89, 90]","[303.86, 28]","[322.77, 30]","[325.6, 15]",314.33,163,16.88,0.45
07:47:46,"[306.73, 52]","[304.33, 15]","[325.67, 6]","[327.54, 24]",316.2,97,18.94,0.38
07:47:47,"[317.0, 48]","[307.19, 96]","[327.0, 16]","[328.0, 80]",322.0,240,10.0,0.2
07:47:48,"[309.73, 59]","[308.42, 43]","[327.0, 13]","[328.0, 65]",318.36,180,17.27,0.13
07:47:49,"[314.68, 50]","[312.37, 46]","[327.0, 12]","[328.0, 60]",320.84,168,12.32,0.14
07:47:50,"[317.18, 90]","[315.5, 70]","[324.34, 32]","[325.69, 98]",320.76,290,7.17,0.1
07:47:51,"[320.0, 85]","[319.0, 51]","[322.75, 48]","[325.71, 85]",321.38,269,2.75,0.01
07:47:52,"[321.13, 53]","[320.0, 34]","[324.91, 46]","[328.51, 41]",323.02,174,3.78,0.0
07:47:53,"[322.0, 53]","[321.0, 33]","[327.27, 49]","[339.71, 49]",324.63,184,5.27,-0.07
07:47:54,"[323.6, 30]","[321.9, 30]","[334.0, 50]","[529.0, 30]",328.8,140,10.4,-0.14
07:47:55,"[325.0, 25]","[322.0, 30]","[334.8, 50]","[429.0, 42]",329.9,147,9.8,-0.25
07:47:56,"[325.0, 18]","[322.04, 25]","[332.89, 36]","[336.56, 45]",328.94,124,7.89,-0.31
07:47:57,"[325.0, 17]","[323.0, 10]","[331.1, 40]","[338.0, 50]",328.05,117,6.1,-0.54
07:47:58,"[322.0, 16]","[313.0, 48]","[330.38, 32]","[338.0, 40]",326.19,136,8.38,-0.06
07:47:59,"[317.24, 34]","[312.52, 63]","[329.18, 44]","[338.0, 55]",323.21,196,11.95,-0.01
07:48:00,"[313.0, 72]","[311.0, 60]","[331.57, 51]","[354.83, 54]",322.28,237,18.57,0.11
07:48:01,"[313.0, 54]","[311.0, 45]","[335.33, 45]","[450.0, 27]",324.17,171,22.33,0.16
07:48:02,"[313.0, 36]","[311.0, 30]","[334.0, 30]","[453.67, 18]",323.5,114,21.0,0.16
07:48:03,"[313.0, 30]","[311.0, 25]","[473.0, 15]","[493.0, 15]",393.0,85,160.0,0.29
07:48:04,"[313.25, 48]","[311.51, 71]","[319.5, 60]","[338.18, 56]",316.38,235,6.25,0.01
07:48:05,"[316.06, 32]","[311.0, 88]","[319.0, 80]","[322.0, 80]",317.53,280,2.94,-0.14
07:48:06,"[317.0, 24]","[306.83, 66]","[318.49, 69]","[319.93, 81]",317.75,240,1.49,-0.25
07:48:07,"[306.77, 125]","[305.23, 95]","[318.0, 39]","[319.0, 99]",312.38,358,11.23,0.23
07:48:08,"[309.67, 96]","[306.0, 72]","[318.0, 24]","[319.0, 36]",313.83,228,8.33,0.47
07:48:09,"[311.62, 122]","[306.17, 77]","[318.0, 16]","[319.0, 48]",314.81,263,6.38,0.51
07:48:10,"[314.75, 96]","[304.17, 60]","[318.0, 12]","[319.0, 36]",316.38,204,3.25,0.53
07:48:11,"[315.71, 84]","[306.54, 71]","[318.75, 16]","[320.0, 45]",317.23,216,3.04,0.44
07:48:12,"[316.7, 30]","[309.0, 60]","[320.0, 20]","[322.0, 50]",318.35,160,3.3,0.12
07:48:13,"[318.0, 36]","[308.17, 72]","[323.0, 12]","[332.0, 24]",320.5,144,5.0,0.5
07:48:14,"[319.17, 36]","[308.5, 72]","[323.0, 12]","[332.0, 24]",321.08,144,3.83,0.5
07:48:15,"[320.91, 33]","[308.59, 61]","[322.69, 13]","[331.1, 20]",321.8,127,1.78,0.48
07:48:16,"[311.98, 46]","[308.17, 86]","[322.65, 17]","[330.92, 25]",317.31,174,10.67,0.52
07:48:17,"[318.64, 28]","[313.29, 56]","[329.8, 35]","[333.95, 40]",324.22,159,11.16,0.06
07:48:18,"[325.0, 10]","[323.0, 20]","[330.0, 20]","[333.0, 20]",327.5,70,5.0,-0.14
07:48:19,"[325.0, 10]","[323.0, 20]","[330.0, 15]","[333.0, 20]",327.5,65,5.0,-0.08
07:48:20,"[325.0, 11]","[323.0, 22]","[328.17, 35]","[331.57, 14]",326.59,82,3.17,-0.2
07:48:21,"[325.83, 6]","[324.43, 7]","[328.0, 24]","[331.0, 6]",326.92,43,2.17,-0.4
07:48:22,"[325.22, 49]","[324.36, 44]","[328.0, 45]","[331.0, 13]",326.61,151,2.78,0.23
07:48:23,"[325.0, 52]","[323.0, 26]","[327.1, 41]","[328.19, 31]",326.05,150,2.1,0.04
07:48:24,"[323.25, 32]","[322.03, 72]","[325.73, 44]","[327.41, 49]",324.49,197,2.48,0.06
07:48:25,"[322.31, 39]","[319.33, 54]","[324.15, 20]","[328.06, 34]",323.23,147,1.84,0.27
07:48:26,"[322.0, 15]","[316.0, 40]","[329.86, 22]","[332.36, 33]",325.93,110,7.86,0.0
07:48:27,"[322.0, 10]","[316.0, 40]","[334.0, 40]","[335.0, 30]",328.0,120,12.0,-0.17
07:48:28,"[325.22, 67]","[322.17, 60]","[334.0, 48]","[335.0, 36]",329.61,211,8.78,0.2
07:48:29,"[327.04, 89]","[325.96, 92]","[334.0, 48]","[335.0, 36]",330.52,265,6.96,0.37
07:48:30,"[327.0, 72]","[325.0, 54]","[333.0, 27]","[334.0, 36]",330.0,189,6.0,0.33
07:48:31,"[327.0, 68]","[325.1, 40]","[333.0, 30]","[334.75, 32]",330.0,170,6.0,0.27
07:48:32,"[325.05, 74]","[323.08, 74]","[332.71, 42]","[335.0, 42]",328.88,232,7.66,0.28
07:48:33,"[325.0, 48]","[323.0, 48]","[331.0, 24]","[335.0, 24]",328.0,144,6.0,0.33
07:48:34,"[325.0, 60]","[323.0, 60]","[328.3, 30]","[335.4, 30]",326.65,180,3.3,0.33
07:48:35,"[325.0, 63]","[323.0, 84]","[334.0, 60]","[339.98, 52]",329.5,259,9.0,0.14
07:48:36,"[324.45, 47]","[320.68, 111]","[336.69, 67]","[338.4, 50]",330.57,275,12.24,0.15
07:48:37,"[323.0, 60]","[317.0, 160]","[336.0, 40]","[338.88, 34]",329.5,294,13.0,0.5
07:48:38,"[323.0, 72]","[318.8, 159]","[335.17, 48]","[339.58, 60]",329.08,339,12.17,0.36
07:48:39,"[323.0, 12]","[319.0, 91]","[334.0, 28]","[339.0, 55]",328.5,186,11.0,0.11
07:48:40,"[323.0, 8]","[318.18, 44]","[333.75, 32]","[338.87, 75]",328.38,159,10.75,-0.35
07:48:41,"[323.0, 12]","[318.45, 44]","[331.67, 48]","[337.0, 60]",327.33,164,8.67,-0.32
07:48:42,"[323.0, 71]","[319.0, 68]","[329.65, 68]","[337.12, 85]",326.32,292,6.65,-0.05
07:48:43,"[323.49, 74]","[321.27, 74]","[328.93, 56]","[339.0, 70]",326.21,274,5.44,0.08
07:48:44,"[325.0, 34]","[323.0, 105]","[327.0, 60]","[339.0, 75]",326.0,274,2.0,0.01
07:48:45,"[323.92, 26]","[322.36, 50]","[328.5, 32]","[338.03, 37]",326.21,145,4.58,0.05
07:48:46,"[323.0, 84]","[319.0, 48]","[336.0, 48]","[342.0, 120]",329.5,300,13.0,-0.12
07:48:47,"[323.0, 60]","[320.36, 66]","[335.38, 42]","[339.78, 81]",329.19,249,12.38,0.01
07:48:48,"[326.33, 24]","[322.89, 45]","[334.0, 22]","[339.0, 44]",330.17,135,7.67,0.02
07:48:49,"[327.94, 102]","[325.29, 28]","[333.0, 22]","[339.72, 43]",330.47,195,5.06,0.33
07:48:50,"[328.0, 96]","[327.0, 16]","[331.75, 16]","[339.14, 22]",329.88,150,3.75,0.49
07:48:51,"[328.0, 180]","[327.0, 30]","[329.6, 30]","[338.0, 45]",328.8,285,1.6,0.47
07:48:52,"[328.0, 182]","[327.0, 32]","[337.05, 57]","[339.03, 37]",332.53,308,9.05,0.39
07:48:53,"[328.0, 41]","[327.0, 12]","[338.0, 36]","[340.0, 6]",333.0,95,10.0,0.12
07:48:54,"[328.0, 54]","[327.0, 18]","[338.0, 54]","[340.0, 9]",333.0,135,10.0,0.07
07:48:55,"[328.0, 62]","[327.0, 30]","[338.0, 90]","[340.0, 15]",333.0,197,10.0,-0.07
07:48:56,"[328.0, 18]","[327.0, 18]","[337.81, 42]","[338.5, 24]",332.9,102,9.81,-0.29
07:48:57,"[328.0, 26]","[327.0, 36]","[336.0, 26]","[338.85, 39]",332.0,127,8.0,-0.02
07:48:58,"[328.0, 24]","[327.0, 36]","[335.08, 24]","[336.36, 25]",331.54,109,7.08,0.1
07:48:59,"[327.82, 34]","[326.81, 52]","[333.0, 40]","[335.25, 32]",330.41,158,5.18,0.09
07:49:00,"[326.8, 41]","[325.26, 73]","[330.92, 26]","[332.23, 26]",328.86,166,4.12,0.37
07:49:01,"[326.0, 48]","[323.0, 108]","[329.58, 24]","[330.83, 24]",327.79,204,3.58,0.53
07:49:02,"[326.0, 36]","[323.0, 117]","[327.38, 26]","[331.81, 21]",326.69,200,1.38,0.53
