Time,Bid1,Bid2,Ask1,Ask2,Mid-Price,Total_volume,Bid_ask_spread,Order_imbalance
07:30:00,"[0, 0]","[0, 0]","[0, 0]","[0, 0]",0.0,0,0.0,0.0
07:30:01,"[0, 0]","[0, 0]","[279.0, 2]","[0, 0]",139.5,2,279.0,-1.0
07:30:03,"[111.2, 10]","[103.14, 7]","[279.0, 8]","[0, 0]",195.1,25,167.8,0.36
07:30:04,"[265.0, 10]","[108.0, 6]","[279.0, 4]","[282.0, 4]",272.0,24,14.0,0.33
07:30:05,"[267.62, 40]","[228.04, 25]","[278.0, 14]","[279.0, 14]",272.81,93,10.38,0.4
07:30:06,"[270.27, 33]","[269.18, 33]","[278.67, 12]","[280.6, 20]",274.47,98,8.39,0.35
07:30:07,"[271.0, 27]","[270.0, 72]","[279.0, 18]","[281.0, 36]",275.0,153,8.0,0.29
07:30:08,"[272.91, 67]","[270.75, 32]","[279.0, 18]","[281.0, 36]",275.96,153,6.09,0.29
07:30:09,"[276.16, 67]","[272.81, 32]","[280.68, 25]","[281.78, 36]",278.42,160,4.52,0.24
07:30:10,"[279.65, 62]","[271.93, 43]","[281.52, 31]","[282.44, 36]",280.58,172,1.87,0.22
07:30:11,"[270.81, 67]","[263.74, 89]","[282.77, 52]","[283.45, 22]",276.79,230,11.96,0.36
07:30:12,"[266.0, 20]","[265.0, 25]","[283.0, 15]","[284.0, 5]",274.5,65,17.0,0.38
07:30:13,"[267.2, 20]","[264.71, 21]","[283.0, 15]","[284.0, 5]",275.1,61,15.8,0.34
07:30:14,"[269.25, 48]","[264.0, 36]","[281.73, 22]","[283.19, 26]",275.49,132,12.48,0.27
07:30:15,"[270.77, 52]","[265.9, 63]","[279.0, 13]","[283.0, 39]",274.88,167,8.23,0.38
07:30:16,"[274.55, 58]","[273.14, 77]","[279.0, 17]","[283.0, 51]",276.78,203,4.45,0.33
07:30:17,"[276.67, 24]","[275.76, 42]","[282.79, 19]","[283.75, 12]",279.73,97,6.12,0.36
07:30:18,"[277.36, 28]","[276.1, 40]","[283.0, 19]","[284.0, 11]",280.18,98,5.64,0.39
07:30:19,"[279.69, 39]","[278.61, 46]","[283.0, 11]","[284.0, 11]",281.35,107,3.31,0.59
07:30:20,"[282.35, 34]","[278.08, 77]","[310.07, 40]","[332.69, 42]",296.21,193,27.72,0.15
07:30:21,"[294.25, 40]","[284.94, 35]","[313.0, 36]","[344.93, 15]",303.62,126,18.75,0.19
07:30:22,"[296.57, 47]","[295.0, 75]","[313.0, 45]","[342.44, 27]",304.79,194,16.43,0.26
07:30:23,"[297.0, 40]","[295.0, 70]","[305.15, 62]","[318.57, 30]",301.07,202,8.15,0.09
07:30:24,"[297.0, 8]","[295.0, 20]","[303.25, 20]","[314.0, 12]",300.12,60,6.25,-0.07
07:30:25,"[296.63, 27]","[294.59, 59]","[301.52, 48]","[307.29, 38]",299.08,172,4.89,0.0
07:30:26,"[295.0, 50]","[289.0, 40]","[299.4, 30]","[300.4, 30]",297.2,150,4.4,0.2
07:30:27,"[295.0, 50]","[289.0, 40]","[298.29, 42]","[299.4, 30]",296.64,162,3.29,0.11
07:30:28,"[295.0, 70]","[289.0, 56]","[297.21, 70]","[298.14, 64]",296.11,260,2.21,-0.03
07:30:29,"[294.0, 72]","[288.55, 101]","[296.76, 85]","[297.76, 85]",295.38,343,2.76,0.01
07:30:30,"[289.0, 40]","[288.0, 150]","[295.4, 50]","[297.0, 50]",292.2,290,6.4,0.31
07:30:31,"[289.31, 29]","[288.64, 56]","[291.98, 64]","[293.66, 61]",290.65,210,2.67,-0.19
07:30:32,"[288.62, 52]","[287.86, 37]","[290.0, 44]","[292.86, 42]",289.31,175,1.38,0.02
07:30:33,"[288.0, 38]","[287.0, 11]","[289.44, 32]","[293.68, 19]",288.72,100,1.44,-0.02
07:30:34,"[288.0, 12]","[287.0, 12]","[291.31, 13]","[296.38, 29]",289.65,66,3.31,-0.27
07:30:35,"[288.0, 13]","[287.0, 13]","[301.04, 48]","[307.83, 53]",294.52,127,13.04,-0.59
07:30:36,"[288.0, 12]","[287.0, 12]","[300.0, 60]","[305.0, 36]",294.0,120,12.0,-0.6
07:30:37,"[285.65, 23]","[283.4, 50]","[300.0, 70]","[305.0, 42]",292.83,185,14.35,-0.21
07:30:38,"[292.0, 135]","[285.88, 34]","[300.0, 85]","[305.04, 47]",296.0,301,8.0,0.12
07:30:39,"[288.18, 33]","[283.83, 46]","[300.0, 55]","[305.1, 39]",294.09,173,11.82,-0.09
07:30:40,"[289.0, 55]","[285.06, 36]","[300.0, 55]","[305.0, 55]",294.5,201,11.0,-0.09
07:30:41,"[289.35, 62]","[287.22, 18]","[300.0, 50]","[305.0, 50]",294.68,180,10.65,-0.11
07:30:42,"[291.77, 143]","[289.0, 65]","[300.0, 65]","[305.0, 65]",295.88,338,8.23,0.23
07:30:43,"[292.0, 112]","[289.0, 55]","[300.0, 55]","[305.0, 55]",296.0,277,8.0,0.21
07:30:44,"[292.0, 96]","[289.0, 60]","[298.37, 49]","[300.42, 60]",295.18,265,6.37,0.18
07:30:45,"[292.38, 104]","[289.0, 95]","[295.32, 76]","[300.0, 95]",293.85,370,2.93,0.08
07:30:46,"[290.45, 33]","[288.83, 53]","[301.4, 73]","[305.0, 85]",295.93,244,10.94,-0.3
07:30:47,"[290.42, 19]","[288.78, 73]","[305.0, 150]","[306.0, 75]",297.71,317,14.58,-0.42
07:30:48,"[290.1, 10]","[288.68, 25]","[305.0, 80]","[306.0, 40]",297.55,155,14.9,-0.55
07:30:49,"[290.53, 19]","[288.91, 44]","[305.0, 130]","[306.0, 65]",297.76,258,14.47,-0.51
07:30:50,"[289.0, 40]","[287.3, 10]","[305.0, 100]","[306.0, 50]",297.0,200,16.0,-0.5
07:30:51,"[289.0, 68]","[288.0, 14]","[302.48, 62]","[304.09, 47]",295.74,191,13.48,-0.14
07:30:52,"[289.0, 44]","[288.0, 10]","[300.0, 40]","[302.96, 46]",294.5,140,11.0,-0.23
07:30:53,"[289.0, 40]","[288.0, 15]","[298.53, 60]","[299.64, 61]",293.77,176,9.53,-0.38
07:30:54,"[288.67, 18]","[287.5, 12]","[293.67, 48]","[295.21, 53]",291.17,131,5.0,-0.54
07:30:55,"[288.0, 26]","[287.0, 10]","[290.74, 35]","[292.0, 40]",289.37,111,2.74,-0.35
07:30:56,"[288.71, 24]","[286.07, 59]","[296.38, 63]","[294.64, 61]",292.54,207,7.67,-0.2
07:30:57,"[293.26, 46]","[284.63, 59]","[302.47, 116]","[304.32, 95]",297.86,316,9.2,-0.34
07:30:58,"[287.0, 7]","[285.41, 17]","[305.0, 63]","[306.0, 35]",296.0,122,18.0,-0.61
07:30:59,"[288.39, 23]","[286.12, 16]","[303.15, 52]","[305.35, 66]",295.77,157,14.76,-0.5
07:31:00,"[289.0, 56]","[287.0, 7]","[302.0, 63]","[304.0, 49]",295.5,175,13.0,-0.28
07:31:01,"[291.0, 64]","[288.88, 68]","[302.0, 84]","[304.0, 84]",296.5,300,11.0,-0.12
07:31:02,"[293.0, 36]","[289.0, 72]","[302.0, 53]","[304.0, 63]",297.5,224,9.0,-0.04
07:31:03,"[293.0, 40]","[289.0, 80]","[300.57, 54]","[302.17, 42]",296.79,216,7.57,0.11
07:31:04,"[293.0, 48]","[289.0, 96]","[299.0, 60]","[300.33, 60]",296.0,264,6.0,0.09
07:31:05,"[293.0, 44]","[289.0, 88]","[297.14, 35]","[298.27, 55]",295.07,222,4.14,0.19
07:31:06,"[293.0, 36]","[289.0, 72]","[297.0, 27]","[298.0, 45]",295.0,180,4.0,0.2
07:31:07,"[293.0, 72]","[288.04, 384]","[296.68, 62]","[297.85, 82]",294.84,600,3.68,0.52
07:31:08,"[293.0, 44]","[288.0, 253]","[294.98, 51]","[296.46, 37]",293.99,385,1.98,0.54
07:31:09,"[293.0, 20]","[289.0, 56]","[294.38, 66]","[297.82, 34]",293.69,176,1.38,-0.14
07:31:10,"[289.13, 52]","[288.03, 284]","[300.68, 77]","[302.12, 68]",294.9,481,11.54,0.4
07:31:11,"[290.23, 39]","[289.0, 52]","[300.68, 88]","[339.64, 70]",295.46,249,10.45,-0.27
07:31:12,"[291.89, 54]","[289.0, 72]","[298.71, 56]","[299.9, 80]",295.3,262,6.83,-0.04
07:31:13,"[293.0, 27]","[289.0, 36]","[297.8, 20]","[298.94, 34]",295.4,117,4.8,0.08
07:31:14,"[294.92, 113]","[292.57, 42]","[297.0, 52]","[298.0, 26]",295.96,233,2.08,0.33
07:31:15,"[295.22, 108]","[292.99, 152]","[297.0, 45]","[298.0, 30]",296.11,335,1.78,0.55
07:31:16,"[295.0, 140]","[289.06, 142]","[296.0, 15]","[300.54, 52]",295.5,349,1.0,0.62
07:31:17,"[295.0, 38]","[293.0, 23]","[296.0, 11]","[301.0, 44]",295.5,116,1.0,0.05
07:31:18,"[293.0, 12]","[289.0, 60]","[301.0, 24]","[302.0, 12]",297.0,108,8.0,0.33
07:31:19,"[289.65, 43]","[288.8, 88]","[298.4, 57]","[299.33, 55]",294.03,243,8.75,0.08
07:31:20,"[289.0, 120]","[288.0, 60]","[294.59, 82]","[296.16, 98]",291.79,360,5.59,0.0
07:31:21,"[289.0, 93]","[288.0, 51]","[291.57, 46]","[292.36, 78]",290.28,268,2.57,0.07
07:31:22,"[288.67, 82]","[286.26, 207]","[290.83, 72]","[291.89, 72]",289.75,433,2.16,0.33
07:31:23,"[286.95, 65]","[284.1, 408]","[289.24, 49]","[290.29, 84]",288.1,606,2.29,0.56
07:31:24,"[284.09, 267]","[281.45, 80]","[289.0, 30]","[301.63, 70]",286.54,447,4.91,0.55
07:31:25,"[287.0, 24]","[281.9, 200]","[288.0, 10]","[302.07, 60]",287.5,294,1.0,0.52
07:31:26,"[287.0, 24]","[281.0, 240]","[302.65, 57]","[303.63, 38]",294.82,359,15.65,0.47
07:31:27,"[287.0, 24]","[281.0, 240]","[299.69, 52]","[300.92, 24]",293.35,340,12.69,0.55
07:31:28,"[288.84, 38]","[282.2, 120]","[297.0, 13]","[298.0, 61]",292.92,232,8.16,0.36
07:31:29,"[291.29, 21]","[290.0, 96]","[296.29, 21]","[298.13, 23]",293.79,161,5.0,0.45
07:31:30,"[290.21, 47]","[289.05, 44]","[295.39, 18]","[299.64, 22]",292.8,131,5.18,0.39
07:31:31,"[290.0, 72]","[287.0, 24]","[292.57, 56]","[294.92, 13]",291.29,165,2.57,0.16
07:31:32,"[290.0, 84]","[287.0, 28]","[291.07, 70]","[294.0, 14]",290.54,196,1.07,0.14
07:31:33,"[290.0, 9]","[287.0, 18]","[294.0, 9]","[300.79, 39]",292.0,75,4.0,-0.28
07:31:34,"[290.5, 10]","[288.17, 23]","[294.0, 10]","[301.0, 50]",292.25,93,3.5,-0.29
07:31:35,"[291.5, 12]","[290.0, 12]","[293.08, 12]","[301.0, 60]",292.29,96,1.58,-0.5
07:31:36,"[295.62, 94]","[288.2, 20]","[301.0, 70]","[303.0, 56]",298.31,240,5.38,-0.05
07:31:37,"[296.0, 110]","[290.0, 10]","[300.0, 50]","[304.78, 46]",298.0,216,4.0,0.11
07:31:38,"[296.0, 121]","[291.12, 16]","[299.82, 55]","[301.89, 19]",297.91,211,3.82,0.3
07:31:39,"[296.0, 176]","[290.86, 21]","[297.88, 80]","[300.0, 80]",296.94,357,1.88,0.1
07:31:40,"[296.0, 119]","[290.0, 13]","[297.0, 65]","[300.0, 65]",296.5,262,1.0,0.01
07:31:41,"[296.0, 60]","[290.0, 14]","[299.14, 70]","[301.0, 30]",297.57,174,3.14,-0.15
07:31:42,"[296.0, 18]","[290.0, 9]","[301.56, 45]","[303.0, 9]",298.78,81,5.56,-0.33
07:31:43,"[290.29, 35]","[286.0, 15]","[302.0, 50]","[303.0, 10]",296.14,110,11.71,-0.09
07:31:44,"[288.0, 55]","[284.0, 22]","[302.0, 55]","[303.0, 11]",295.0,143,14.0,0.08
07:31:45,"[288.0, 60]","[284.0, 24]","[300.86, 56]","[302.29, 28]",294.43,168,12.86,0.0
07:31:46,"[288.0, 28]","[284.0, 40]","[300.94, 63]","[301.59, 37]",294.47,168,12.94,-0.19
07:31:47,"[289.78, 49]","[287.31, 16]","[296.79, 28]","[299.0, 14]",293.28,107,7.01,0.21
07:31:48,"[290.33, 147]","[289.17, 18]","[300.25, 92]","[302.06, 85]",295.29,342,9.92,-0.04
07:31:49,"[291.08, 87]","[290.0, 12]","[299.08, 60]","[300.58, 60]",295.08,219,8.0,-0.1
07:31:50,"[292.0, 77]","[290.0, 11]","[299.36, 28]","[301.27, 55]",295.68,171,7.36,0.03
07:31:51,"[292.0, 112]","[290.0, 16]","[299.0, 32]","[300.0, 80]",295.5,240,7.0,0.07
07:31:52,"[293.1, 58]","[291.4, 15]","[298.45, 22]","[299.76, 33]",295.78,128,5.35,0.14
07:31:53,"[296.0, 30]","[293.0, 105]","[297.67, 27]","[298.73, 49]",296.83,211,1.67,0.28
07:31:54,"[296.81, 62]","[293.06, 50]","[299.76, 51]","[304.96, 121]",298.29,284,2.96,-0.21
07:31:55,"[296.0, 14]","[290.0, 14]","[303.0, 28]","[307.0, 126]",299.5,182,7.0,-0.69
07:31:56,"[296.0, 11]","[290.0, 11]","[303.0, 22]","[307.0, 99]",299.5,143,7.0,-0.69
07:31:57,"[287.0, 40]","[280.0, 96]","[300.14, 28]","[305.48, 52]",293.57,216,13.14,0.26
07:31:58,"[289.95, 38]","[285.95, 55]","[301.78, 46]","[302.83, 41]",295.86,180,11.84,0.03
07:31:59,"[292.46, 26]","[291.0, 65]","[300.0, 26]","[302.0, 52]",296.23,169,7.54,0.08
07:32:00,"[291.54, 37]","[289.59, 75]","[298.75, 64]","[300.5, 32]",295.15,208,7.21,0.08
07:32:01,"[291.11, 37]","[289.08, 75]","[297.31, 65]","[300.0, 26]",294.21,203,6.2,0.1
07:32:02,"[295.0, 7]","[291.0, 21]","[297.0, 35]","[302.0, 34]",296.0,97,2.0,-0.42
07:32:03,"[295.0, 7]","[291.0, 21]","[297.0, 35]","[302.0, 14]",296.0,77,2.0,-0.27
07:32:04,"[290.66, 35]","[289.36, 50]","[296.08, 65]","[301.38, 26]",293.37,176,5.42,-0.03
07:32:05,"[291.0, 20]","[289.0, 60]","[295.4, 50]","[301.0, 20]",293.2,150,4.4,0.07
07:32:06,"[291.0, 23]","[289.0, 72]","[294.17, 60]","[300.42, 24]",292.58,179,3.17,0.06
07:32:07,"[291.0, 8]","[289.0, 48]","[293.62, 40]","[300.0, 16]",292.31,112,2.62,0.0
07:32:08,"[289.15, 52]","[288.0, 48]","[295.21, 33]","[300.71, 34]",292.18,167,6.06,0.2
07:32:09,"[289.0, 108]","[287.0, 54]","[300.08, 37]","[301.14, 44]",294.54,243,11.08,0.33
07:32:10,"[290.56, 41]","[289.29, 51]","[298.4, 43]","[300.04, 46]",294.48,181,7.83,0.02
07:32:11,"[296.14, 14]","[290.46, 26]","[298.12, 43]","[299.69, 29]",297.13,112,1.97,-0.29
07:32:12,"[293.18, 17]","[289.43, 42]","[297.39, 41]","[301.73, 22]",295.28,122,4.21,-0.03
07:32:13,"[290.64, 22]","[289.0, 66]","[297.82, 22]","[303.44, 27]",294.23,137,7.18,0.28
07:32:14,"[291.0, 30]","[289.0, 90]","[295.53, 30]","[304.85, 47]",293.27,197,4.53,0.22
07:32:15,"[291.21, 19]","[289.0, 96]","[294.06, 32]","[304.0, 16]",292.64,163,2.85,0.41
07:32:16,"[289.15, 40]","[287.76, 25]","[292.61, 23]","[304.14, 51]",290.88,139,3.46,-0.06
07:32:17,"[288.2, 50]","[287.56, 45]","[289.87, 71]","[292.5, 44]",289.04,210,1.67,-0.1
07:32:18,"[288.0, 6]","[286.0, 6]","[289.0, 30]","[302.0, 14]",288.5,56,1.0,-0.57
07:32:19,"[293.54, 13]","[287.71, 7]","[302.0, 21]","[305.0, 28]",297.77,69,8.46,-0.42
07:32:20,"[294.0, 22]","[288.36, 11]","[302.0, 33]","[305.0, 44]",298.0,110,8.0,-0.4
07:32:21,"[294.0, 20]","[290.0, 10]","[302.0, 30]","[305.0, 40]",298.0,100,8.0,-0.4
07:32:22,"[294.0, 24]","[290.0, 12]","[300.67, 48]","[302.37, 43]",297.33,127,6.67,-0.43
07:32:23,"[291.09, 22]","[288.32, 19]","[295.98, 46]","[298.92, 59]",293.53,146,4.89,-0.44
07:32:24,"[290.0, 12]","[288.0, 12]","[293.06, 34]","[294.54, 26]",291.53,84,3.06,-0.43
07:32:25,"[288.5, 16]","[282.88, 26]","[290.6, 43]","[291.79, 42]",289.55,127,2.1,-0.34
07:32:26,"[279.4, 60]","[274.8, 45]","[285.94, 47]","[289.07, 45]",282.67,197,6.54,0.07
07:32:27,"[279.0, 126]","[270.49, 55]","[285.58, 62]","[289.31, 32]",282.29,275,6.58,0.32
07:32:28,"[279.0, 78]","[244.63, 71]","[284.38, 13]","[286.0, 33]",281.69,195,5.38,0.53
07:32:29,"[279.0, 84]","[270.86, 154]","[280.18, 44]","[290.29, 14]",279.59,296,1.18,0.61
07:32:30,"[279.0, 48]","[263.5, 88]","[280.0, 24]","[288.0, 8]",279.5,168,1.0,0.62
07:32:31,"[279.0, 90]","[219.72, 181]","[280.0, 45]","[288.0, 15]",279.5,331,1.0,0.64
07:32:32,"[279.0, 42]","[84.26, 57]","[280.0, 21]","[288.0, 7]",279.5,127,1.0,0.56
07:32:33,"[279.0, 52]","[132.27, 11]","[288.0, 11]","[296.0, 44]",283.5,118,9.0,0.07
07:32:34,"[279.0, 30]","[173.2, 40]","[288.0, 6]","[296.0, 24]",283.5,100,9.0,0.4
07:32:35,"[286.0, 92]","[242.15, 52]","[295.09, 35]","[296.67, 48]",290.54,227,9.09,0.27
07:32:36,"[291.0, 238]","[290.0, 140]","[296.0, 56]","[297.0, 56]",293.5,490,5.0,0.54
07:32:37,"[291.67, 204]","[290.0, 276]","[296.0, 48]","[297.0, 48]",293.83,576,4.33,0.67
07:32:38,"[292.0, 119]","[290.0, 161]","[296.0, 28]","[297.0, 28]",294.0,336,4.0,0.67
07:32:39,"[292.54, 193]","[290.0, 299]","[295.7, 40]","[296.49, 57]",294.12,589,3.16,0.67
07:32:40,"[294.75, 109]","[291.48, 202]","[327.18, 73]","[388.4, 57]",310.97,441,32.43,0.41
07:32:41,"[296.0, 48]","[295.0, 48]","[386.0, 28]","[413.4, 20]",341.0,144,90.0,0.33
07:32:42,"[296.96, 50]","[295.59, 44]","[304.0, 22]","[402.0, 44]",300.48,160,7.04,0.17
07:32:43,"[298.0, 44]","[296.0, 44]","[388.22, 36]","[534.38, 42]",343.11,166,90.22,0.06
07:32:44,"[293.36, 39]","[290.4, 201]","[427.69, 52]","[573.17, 36]",360.53,328,134.33,0.46
07:32:45,"[291.0, 9]","[290.0, 207]","[411.49, 37]","[420.44, 36]",351.24,289,120.49,0.49
07:32:46,"[291.0, 16]","[290.0, 368]","[366.55, 66]","[398.18, 68]",328.77,518,75.55,0.48
07:32:47,"[292.08, 37]","[290.23, 80]","[359.15, 33]","[360.72, 39]",325.62,189,67.07,0.24
07:32:48,"[294.0, 70]","[292.6, 30]","[358.0, 40]","[386.92, 37]",326.0,177,64.0,0.13
07:32:49,"[294.22, 54]","[291.0, 8]","[356.62, 32]","[443.86, 22]",325.42,116,62.4,0.07
07:32:50,"[295.45, 55]","[291.0, 11]","[355.58, 48]","[501.2, 51]",325.52,165,60.13,-0.2
07:32:51,"[296.0, 80]","[293.69, 29]","[352.94, 66]","[436.38, 58]",324.47,233,56.94,-0.06
07:32:52,"[296.0, 45]","[294.0, 18]","[351.33, 36]","[503.0, 18]",323.67,117,55.33,0.08
07:32:53,"[296.0, 42]","[294.0, 20]","[351.0, 40]","[514.75, 24]",323.5,126,55.0,-0.02
07:32:54,"[296.0, 33]","[294.0, 22]","[349.81, 42]","[388.38, 42]",322.9,139,53.81,-0.21
07:32:55,"[296.0, 30]","[294.0, 20]","[345.56, 43]","[350.17, 41]",320.78,134,49.56,-0.25
07:32:56,"[296.06, 16]","[294.46, 13]","[313.0, 12]","[348.0, 24]",304.53,65,16.94,-0.11
07:32:57,"[292.0, 18]","[291.0, 23]","[311.6, 48]","[319.49, 39]",301.8,128,19.6,-0.36
07:32:58,"[290.0, 16]","[289.0, 8]","[305.9, 29]","[307.73, 11]",297.95,64,15.9,-0.25
07:32:59,"[290.0, 26]","[289.0, 13]","[300.18, 44]","[301.83, 29]",295.09,112,10.18,-0.3
07:33:00,"[289.71, 35]","[288.81, 16]","[295.14, 70]","[296.39, 67]",292.43,188,5.43,-0.46
07:33:01,"[288.0, 75]","[286.0, 15]","[290.33, 60]","[291.84, 63]",289.17,213,2.33,-0.15
07:33:02,"[211.02, 45]","[166.39, 57]","[286.89, 27]","[289.97, 31]",248.96,160,75.87,0.28
07:33:03,"[231.0, 66]","[150.57, 56]","[284.53, 19]","[285.62, 26]",257.76,167,53.53,0.46
07:33:04,"[258.0, 60]","[107.53, 38]","[283.89, 18]","[284.89, 36]",270.94,152,25.89,0.29
07:33:05,"[155.0, 52]","[110.64, 50]","[283.0, 9]","[284.0, 18]",219.0,129,128.0,0.58
07:33:06,"[179.3, 40]","[106.89, 54]","[283.0, 9]","[284.69, 26]",231.15,129,103.7,0.46
07:33:07,"[241.0, 36]","[152.89, 54]","[282.11, 9]","[284.0, 36]",261.56,135,41.11,0.33
07:33:08,"[242.23, 104]","[220.16, 76]","[296.51, 55]","[366.89, 54]",269.37,289,54.28,0.25
07:33:09,"[247.59, 79]","[220.67, 64]","[326.38, 48]","[519.58, 62]",286.98,253,78.78,0.13
07:33:10,"[260.67, 66]","[259.0, 16]","[289.2, 15]","[330.2, 15]",274.93,112,28.53,0.46
07:33:11,"[271.18, 68]","[265.14, 42]","[279.26, 58]","[292.12, 32]",275.22,200,8.08,0.1
07:33:12,"[273.0, 72]","[272.0, 9]","[279.0, 72]","[280.0, 27]",276.0,180,6.0,-0.1
07:33:13,"[273.93, 30]","[273.88, 51]","[279.0, 72]","[280.0, 27]",276.47,180,5.07,-0.1
07:33:14,"[276.74, 43]","[275.89, 99]","[279.32, 71]","[281.2, 45]",278.03,258,2.58,0.1
07:33:15,"[276.26, 35]","[253.82, 44]","[281.6, 15]","[289.69, 13]",278.93,107,5.34,0.48
07:33:16,"[276.33, 144]","[207.52, 73]","[288.56, 32]","[462.21, 19]",282.45,268,12.23,0.62
07:33:17,"[277.13, 170]","[276.3, 80]","[337.57, 14]","[487.62, 16]",307.35,280,60.44,0.79
07:33:18,"[277.03, 272]","[276.21, 112]","[341.0, 24]","[531.86, 21]",309.01,429,63.97,0.79
07:33:19,"[278.8, 160]","[277.57, 224]","[325.23, 13]","[425.8, 15]",302.02,412,46.43,0.86
07:33:20,"[282.53, 114]","[280.21, 169]","[294.8, 10]","[331.29, 14]",288.66,307,12.27,0.84
07:33:21,"[295.37, 82]","[293.51, 65]","[318.13, 39]","[336.0, 40]",306.75,226,22.76,0.3
07:33:22,"[296.0, 38]","[294.0, 39]","[348.46, 13]","[510.92, 52]",322.23,142,52.46,0.08
07:33:23,"[296.0, 20]","[294.0, 30]","[414.0, 10]","[718.8, 40]",355.0,100,118.0,0.0
07:33:24,"[296.0, 26]","[294.0, 39]","[361.04, 27]","[359.69, 26]",328.52,118,65.04,0.1
07:33:25,"[296.0, 22]","[294.0, 33]","[317.71, 41]","[318.57, 14]",306.85,110,21.71,0.0
07:33:26,"[296.0, 44]","[294.0, 21]","[314.0, 7]","[315.0, 28]",305.0,100,18.0,0.3
07:33:27,"[296.0, 84]","[294.0, 36]","[311.64, 33]","[314.48, 27]",303.82,180,15.64,0.33
07:33:28,"[296.0, 49]","[294.0, 24]","[311.0, 28]","[313.0, 7]",303.5,108,15.0,0.35
07:33:29,"[296.0, 98]","[294.0, 53]","[308.55, 29]","[309.2, 41]",302.28,221,12.55,0.37
07:33:30,"[296.0, 93]","[294.0, 45]","[302.38, 48]","[303.44, 27]",299.19,213,6.38,0.3
07:33:31,"[295.49, 63]","[292.25, 55]","[299.24, 41]","[299.65, 46]",297.37,205,3.75,0.15
07:33:32,"[292.05, 60]","[290.12, 80]","[295.7, 37]","[296.31, 42]",293.88,219,3.65,0.28
07:33:33,"[290.76, 100]","[289.94, 149]","[293.15, 27]","[295.55, 58]",291.95,334,2.39,0.49
07:33:34,"[290.0, 59]","[289.0, 24]","[291.62, 8]","[377.39, 23]",290.81,114,1.62,0.46
07:33:35,"[290.0, 63]","[289.0, 27]","[291.11, 9]","[379.89, 36]",290.56,135,1.11,0.33
07:33:36,"[290.0, 43]","[289.0, 48]","[300.6, 25]","[498.71, 31]",295.3,147,10.6,0.24
07:33:37,"[290.86, 28]","[289.03, 110]","[299.4, 15]","[423.52, 61]",295.13,214,8.54,0.29
07:33:38,"[290.0, 12]","[289.0, 41]","[298.42, 12]","[370.0, 48]",294.21,113,8.42,-0.06
07:33:39,"[288.11, 38]","[287.06, 216]","[297.0, 8]","[396.29, 35]",292.55,297,8.89,0.71
07:33:40,"[288.43, 105]","[287.04, 400]","[324.18, 22]","[390.1, 68]",306.31,595,35.75,0.7
07:33:41,"[294.0, 28]","[288.95, 116]","[328.43, 28]","[595.0, 28]",311.21,200,34.43,0.44
07:33:42,"[296.0, 40]","[289.32, 100]","[506.0, 40]","[706.3, 40]",401.0,220,210.0,0.27
07:33:43,"[292.0, 24]","[289.06, 128]","[407.5, 24]","[632.33, 24]",349.75,200,115.5,0.52
07:33:44,"[289.06, 124]","[288.83, 72]","[316.09, 22]","[443.86, 21]",302.58,239,27.03,0.64
07:33:45,"[291.93, 271]","[290.38, 125]","[328.4, 40]","[588.0, 30]",310.16,466,36.47,0.7
07:33:46,"[292.0, 290]","[291.0, 170]","[430.62, 40]","[636.22, 32]",361.31,532,138.62,0.73
07:33:47,"[291.13, 221]","[289.2, 50]","[438.48, 50]","[502.31, 45]",364.81,366,147.35,0.48
07:33:48,"[294.0, 118]","[291.06, 255]","[349.5, 44]","[354.97, 58]",321.75,475,55.5,0.57
07:33:49,"[294.0, 104]","[293.0, 104]","[331.23, 39]","[347.04, 47]",312.62,294,37.23,0.41
07:33:50,"[294.0, 73]","[293.0, 88]","[302.28, 25]","[303.55, 33]",298.14,219,8.28,0.47
07:33:51,"[294.0, 36]","[293.0, 96]","[299.58, 31]","[301.55, 29]",296.79,192,5.58,0.38
07:33:52,"[293.6, 30]","[292.12, 86]","[298.5, 20]","[299.4, 20]",296.05,156,4.9,0.49
07:33:53,"[293.0, 36]","[291.0, 133]","[297.0, 14]","[299.0, 21]",295.0,204,4.0,0.66
07:33:54,"[293.88, 76]","[291.54, 78]","[295.78, 27]","[299.92, 24]",294.83,205,1.9,0.5
07:33:55,"[293.62, 48]","[291.27, 132]","[382.36, 45]","[509.05, 44]",337.99,269,88.73,0.34
07:33:56,"[293.05, 60]","[291.47, 76]","[514.8, 30]","[663.09, 11]",403.92,177,221.75,0.54
07:33:57,"[292.0, 96]","[291.0, 80]","[453.29, 31]","[493.27, 22]",372.65,229,161.29,0.54
07:33:58,"[292.0, 144]","[291.0, 120]","[316.45, 58]","[320.71, 42]",304.22,364,24.45,0.45
07:33:59,"[292.0, 56]","[291.0, 50]","[315.8, 25]","[318.0, 20]",303.9,151,23.8,0.4
07:34:00,"[292.06, 68]","[291.08, 87]","[314.08, 37]","[316.95, 38]",303.07,230,22.02,0.35
07:34:01,"[293.0, 36]","[292.0, 63]","[313.62, 24]","[318.0, 38]",303.31,161,20.62,0.23
07:34:02,"[293.18, 44]","[292.0, 77]","[310.27, 22]","[312.18, 22]",301.73,165,17.09,0.47
07:34:03,"[294.08, 52]","[292.0, 91]","[307.69, 29]","[309.54, 26]",300.88,198,13.61,0.44
07:34:04,"[295.0, 40]","[291.64, 22]","[307.1, 20]","[308.2, 20]",301.05,102,12.1,0.22
07:34:05,"[296.43, 53]","[290.61, 108]","[306.13, 30]","[307.13, 30]",301.28,221,9.7,0.46
07:34:06,"[298.0, 27]","[295.16, 114]","[305.5, 20]","[307.0, 18]",301.75,179,7.5,0.58
07:34:07,"[298.0, 39]","[297.0, 156]","[303.69, 29]","[305.0, 32]",300.84,256,5.69,0.52
07:34:08,"[297.45, 44]","[294.86, 173]","[300.42, 24]","[326.73, 22]",298.94,263,2.96,0.65
07:34:09,"[297.0, 120]","[291.23, 176]","[299.1, 20]","[504.54, 28]",298.05,344,2.1,0.72
07:34:10,"[297.0, 46]","[296.0, 24]","[337.29, 7]","[565.88, 8]",317.14,85,40.29,0.65
07:34:11,"[297.0, 110]","[296.0, 66]","[563.12, 25]","[630.53, 15]",430.06,216,266.12,0.63
07:34:12,"[297.0, 60]","[296.0, 36]","[444.78, 9]","[570.86, 7]",370.89,112,147.78,0.71
07:34:13,"[297.0, 70]","[296.0, 42]","[414.86, 7]","[435.57, 7]",355.93,126,117.86,0.78
07:34:14,"[297.0, 89]","[296.0, 54]","[358.0, 13]","[445.17, 12]",327.5,168,61.0,0.7
07:34:15,"[297.0, 60]","[296.0, 54]","[331.67, 21]","[452.17, 24]",314.33,159,34.67,0.43
07:34:16,"[296.62, 52]","[295.71, 68]","[375.5, 38]","[379.78, 23]",336.06,181,78.88,0.33
07:34:17,"[296.0, 70]","[295.0, 70]","[331.0, 42]","[385.63, 19]",313.5,201,35.0,0.39
07:34:18,"[296.0, 85]","[295.0, 85]","[328.9, 48]","[341.34, 47]",312.45,265,32.9,0.28
07:34:19,"[296.64, 42]","[295.67, 90]","[321.0, 44]","[323.77, 66]",308.82,242,24.36,0.09
07:34:20,"[297.38, 24]","[295.79, 70]","[301.31, 26]","[317.62, 24]",299.34,144,3.93,0.31
07:34:21,"[295.13, 52]","[293.63, 79]","[298.02, 44]","[299.79, 29]",296.58,204,2.89,0.28
07:34:22,"[295.0, 45]","[293.0, 72]","[296.52, 46]","[298.97, 29]",295.76,192,1.52,0.22
07:34:23,"[292.81, 31]","[291.8, 41]","[294.81, 43]","[295.98, 47]",293.81,162,2.01,-0.11
07:34:24,"[292.0, 47]","[291.0, 44]","[293.68, 41]","[295.0, 33]",292.84,165,1.68,0.1
07:34:25,"[292.0, 58]","[291.0, 48]","[293.0, 12]","[295.0, 36]",292.5,154,1.0,0.38
07:34:26,"[292.0, 40]","[291.0, 48]","[308.86, 28]","[362.26, 34]",300.43,150,16.86,0.17
07:34:27,"[292.0, 24]","[291.0, 32]","[400.71, 21]","[475.86, 21]",346.36,98,108.71,0.14
07:34:28,"[292.0, 18]","[291.0, 24]","[417.57, 21]","[467.86, 21]",354.79,84,125.57,0.0
07:34:29,"[292.5, 30]","[291.31, 29]","[400.0, 28]","[439.58, 26]",346.25,113,107.5,0.04
07:34:30,"[291.95, 57]","[290.47, 79]","[408.27, 44]","[427.95, 43]",350.11,223,116.33,0.22
07:34:31,"[290.08, 50]","[289.87, 106]","[408.0, 24]","[414.5, 28]",349.04,208,117.92,0.5
07:34:32,"[291.67, 12]","[290.01, 186]","[408.0, 40]","[427.0, 44]",349.83,282,116.33,0.4
07:34:33,"[293.35, 17]","[290.03, 166]","[407.06, 63]","[427.0, 52]",350.21,298,113.71,0.23
07:34:34,"[295.43, 35]","[292.5, 16]","[332.93, 56]","[354.81, 54]",314.18,161,37.5,-0.37
07:34:35,"[296.44, 43]","[293.8, 20]","[307.37, 41]","[338.08, 50]",301.9,154,10.92,-0.18
07:34:36,"[295.0, 16]","[291.0, 8]","[303.0, 32]","[390.1, 20]",299.0,76,8.0,-0.37
07:34:37,"[295.0, 22]","[291.0, 33]","[301.64, 44]","[352.92, 26]",298.32,125,6.64,-0.12
07:34:38,"[290.27, 219]","[289.44, 81]","[301.0, 60]","[437.02, 50]",295.64,410,10.73,0.46
07:34:39,"[297.0, 60]","[290.0, 184]","[300.75, 32]","[499.0, 40]",298.88,316,3.75,0.54
07:34:40,"[297.0, 48]","[290.0, 48]","[300.0, 32]","[563.88, 40]",298.5,168,3.0,0.14
07:34:41,"[297.0, 96]","[290.0, 129]","[299.0, 64]","[466.2, 60]",298.0,349,2.0,0.29
07:34:42,"[297.0, 92]","[290.0, 90]","[298.94, 34]","[363.88, 32]",297.97,248,1.94,0.47
07:34:43,"[297.0, 120]","[294.31, 65]","[298.0, 9]","[299.0, 36]",297.5,230,1.0,0.61
07:34:44,"[297.0, 71]","[295.0, 70]","[298.0, 10]","[343.11, 37]",297.5,188,1.0,0.5
07:34:45,"[295.15, 52]","[291.4, 100]","[297.67, 12]","[446.5, 36]",296.41,200,2.51,0.52
07:34:46,"[295.0, 76]","[291.81, 93]","[296.27, 15]","[310.53, 45]",295.63,229,1.27,0.48
07:34:47,"[295.0, 26]","[292.0, 66]","[296.0, 11]","[302.0, 33]",295.5,136,1.0,0.35
07:34:48,"[292.95, 44]","[290.97, 87]","[295.75, 12]","[392.33, 36]",294.35,179,2.8,0.46
07:34:49,"[291.74, 68]","[289.94, 115]","[295.05, 55]","[339.62, 29]",293.39,267,3.32,0.37
07:34:50,"[292.0, 63]","[290.0, 99]","[324.97, 31]","[347.1, 30]",308.48,223,32.97,0.45
07:34:51,"[292.18, 45]","[290.14, 87]","[322.73, 11]","[332.0, 33]",307.45,176,30.55,0.5
07:34:52,"[292.24, 41]","[290.71, 84]","[322.0, 11]","[362.31, 45]",307.12,181,29.76,0.38
07:34:53,"[292.0, 36]","[290.0, 75]","[319.67, 12]","[413.55, 44]",305.83,167,27.67,0.33
07:34:54,"[292.0, 42]","[290.0, 84]","[317.64, 14]","[368.14, 42]",304.82,182,25.64,0.38
07:34:55,"[292.0, 21]","[290.0, 42]","[315.43, 7]","[514.61, 33]",303.71,103,23.43,0.22
07:34:56,"[294.66, 94]","[291.67, 63]","[313.33, 18]","[426.36, 56]",304.0,231,18.67,0.36
07:34:57,"[296.0, 95]","[293.0, 27]","[310.78, 9]","[416.0, 29]",303.39,160,14.78,0.53
07:34:58,"[296.4, 91]","[295.31, 91]","[310.0, 14]","[392.0, 70]",303.2,266,13.6,0.37
07:34:59,"[298.0, 30]","[296.0, 100]","[309.44, 16]","[391.34, 32]",303.72,178,11.44,0.46
07:35:00,"[298.0, 27]","[296.0, 90]","[308.0, 25]","[309.0, 11]",303.0,153,10.0,0.53
07:35:01,"[296.97, 62]","[295.57, 112]","[304.5, 30]","[306.77, 26]",300.73,230,7.53,0.51
07:35:02,"[296.0, 95]","[292.0, 48]","[299.64, 61]","[302.28, 43]",297.82,247,3.64,0.16
07:35:03,"[296.0, 46]","[292.0, 39]","[297.0, 52]","[302.35, 31]",296.5,168,1.0,0.01
07:35:04,"[292.27, 45]","[290.1, 59]","[295.72, 57]","[298.0, 48]",293.99,209,3.45,-0.0
07:35:05,"[292.0, 24]","[290.0, 32]","[295.0, 32]","[296.0, 24]",293.5,112,3.0,0.0
07:35:06,"[290.88, 57]","[290.42, 53]","[295.35, 68]","[319.84, 49]",293.12,227,4.48,-0.03
07:35:07,"[287.46, 26]","[277.61, 23]","[295.55, 33]","[369.0, 22]",291.5,104,8.08,-0.06
07:35:08,"[284.15, 55]","[228.93, 29]","[289.43, 42]","[318.64, 33]",286.79,159,5.28,0.06
07:35:09,"[238.64, 25]","[169.77, 47]","[282.68, 37]","[284.45, 29]",260.66,138,44.04,0.04
07:35:10,"[275.2, 45]","[241.36, 45]","[281.34, 41]","[283.3, 20]",278.27,151,6.14,0.19
07:35:11,"[257.23, 13]","[256.09, 33]","[312.92, 37]","[350.61, 38]",285.07,121,55.69,-0.24
07:35:12,"[259.0, 13]","[257.15, 13]","[288.82, 34]","[438.96, 49]",273.91,109,29.82,-0.52
07:35:13,"[271.95, 20]","[259.43, 14]","[288.0, 28]","[448.21, 70]",279.98,132,16.05,-0.48
07:35:14,"[261.95, 59]","[260.45, 11]","[287.45, 22]","[473.29, 49]",274.7,141,25.51,-0.01
07:35:15,"[264.59, 39]","[265.46, 81]","[285.27, 30]","[485.07, 30]",274.93,180,20.68,0.33
07:35:16,"[271.05, 22]","[269.09, 22]","[304.92, 26]","[455.23, 26]",287.98,96,33.88,-0.08
07:35:17,"[281.12, 56]","[280.0, 8]","[284.0, 24]","[285.0, 16]",282.56,104,2.88,0.23
07:35:18,"[282.62, 40]","[274.0, 10]","[284.4, 25]","[363.0, 35]",283.51,110,1.77,-0.09
07:35:19,"[282.26, 19]","[280.33, 33]","[285.0, 29]","[362.29, 82]",283.63,163,2.74,-0.36
07:35:20,"[284.0, 8]","[283.0, 32]","[285.0, 8]","[407.24, 25]",284.5,73,1.0,0.1
07:35:21,"[286.18, 98]","[284.2, 49]","[341.79, 39]","[420.22, 37]",313.99,223,55.61,0.32
07:35:22,"[288.22, 50]","[287.66, 177]","[372.73, 44]","[431.62, 32]",330.47,303,84.51,0.5
07:35:23,"[295.19, 128]","[287.68, 125]","[372.26, 31]","[461.64, 22]",333.72,306,77.07,0.65
07:35:24,"[296.0, 236]","[289.08, 50]","[438.31, 26]","[609.4, 43]",367.15,355,142.31,0.61
07:35:25,"[296.0, 56]","[295.0, 16]","[369.82, 22]","[482.46, 26]",332.91,120,73.82,0.2
07:35:26,"[296.0, 14]","[295.0, 8]","[368.0, 16]","[620.0, 12]",332.0,50,72.0,-0.12
07:35:27,"[295.13, 23]","[290.45, 22]","[368.0, 24]","[620.0, 18]",331.57,87,72.87,0.03
07:35:28,"[295.0, 44]","[290.0, 44]","[368.0, 44]","[650.0, 33]",331.5,165,73.0,0.07
07:35:29,"[295.75, 64]","[292.5, 32]","[367.4, 20]","[430.6, 30]",331.57,146,71.65,0.32
07:35:30,"[296.41, 148]","[295.0, 56]","[312.42, 38]","[385.53, 30]",304.41,272,16.02,0.5
07:35:31,"[298.0, 38]","[295.0, 44]","[365.45, 22]","[459.0, 22]",331.73,126,67.45,0.3
07:35:32,"[298.0, 27]","[295.0, 36]","[363.22, 18]","[441.0, 18]",330.61,99,65.22,0.27
07:35:33,"[298.0, 18]","[295.0, 24]","[362.0, 12]","[441.0, 12]",330.0,66,64.0,0.27
07:35:34,"[298.0, 27]","[295.0, 36]","[347.12, 32]","[379.56, 18]",322.56,113,49.12,0.12
07:35:35,"[296.5, 12]","[294.0, 16]","[350.67, 12]","[425.8, 10]",323.58,50,54.17,0.12
07:35:36,"[295.0, 18]","[293.0, 24]","[361.17, 12]","[479.0, 12]",328.08,66,66.17,0.27
07:35:37,"[294.54, 26]","[291.21, 58]","[360.0, 20]","[557.79, 28]",327.27,132,65.46,0.27
07:35:38,"[293.0, 15]","[289.0, 65]","[357.4, 10]","[534.17, 12]",325.2,102,64.4,0.57
07:35:39,"[293.0, 24]","[289.0, 104]","[337.47, 30]","[358.75, 16]",315.23,174,44.47,0.47
07:35:40,"[293.0, 33]","[289.0, 143]","[353.87, 31]","[354.42, 43]",323.44,250,60.87,0.41
07:35:41,"[293.0, 30]","[289.0, 130]","[349.3, 20]","[350.3, 20]",321.15,200,56.3,0.6
07:35:42,"[293.0, 48]","[289.0, 241]","[346.56, 32]","[347.56, 32]",319.78,353,53.56,0.64
07:35:43,"[289.64, 131]","[288.91, 169]","[343.25, 24]","[344.75, 24]",316.45,348,53.61,0.72
07:35:44,"[290.07, 150]","[288.94, 251]","[338.51, 37]","[339.74, 34]",314.29,472,48.45,0.7
07:35:45,"[293.0, 64]","[289.0, 384]","[330.03, 38]","[330.97, 36]",311.51,522,37.03,0.72
07:35:46,"[289.0, 216]","[288.0, 27]","[324.25, 24]","[325.33, 18]",306.62,285,35.25,0.71
07:35:47,"[289.0, 228]","[288.0, 30]","[321.39, 36]","[322.92, 39]",305.19,333,32.39,0.55
07:35:48,"[289.0, 38]","[288.0, 16]","[318.25, 16]","[321.57, 23]",303.62,93,29.25,0.16
07:35:49,"[289.0, 36]","[288.0, 64]","[313.26, 27]","[316.33, 24]",301.13,151,24.26,0.32
07:35:50,"[289.0, 42]","[288.0, 84]","[312.08, 39]","[313.03, 31]",300.54,196,23.08,0.29
07:35:51,"[289.0, 25]","[288.0, 66]","[307.83, 24]","[308.75, 24]",298.42,139,18.83,0.31
07:35:52,"[289.0, 65]","[288.0, 60]","[300.62, 32]","[303.31, 26]",294.81,183,11.62,0.37
07:35:53,"[289.0, 56]","[288.0, 48]","[297.12, 16]","[305.0, 16]",293.06,136,8.12,0.53
07:35:54,"[289.0, 76]","[288.0, 72]","[294.17, 24]","[305.0, 24]",291.58,196,5.17,0.51
07:35:55,"[289.93, 60]","[288.04, 142]","[291.6, 50]","[436.3, 54]",290.77,306,1.67,0.32
07:35:56,"[288.47, 38]","[287.53, 34]","[464.45, 31]","[626.58, 31]",376.46,134,175.98,0.07
07:35:57,"[288.0, 52]","[287.0, 26]","[409.26, 34]","[493.07, 30]",348.63,142,121.26,0.1
07:35:58,"[289.2, 20]","[287.25, 16]","[397.4, 10]","[425.0, 11]",343.3,57,108.2,0.26
07:35:59,"[291.59, 34]","[289.29, 14]","[387.09, 11]","[393.82, 11]",339.34,70,95.5,0.37
07:36:00,"[292.65, 85]","[288.0, 17]","[350.11, 45]","[361.48, 31]",321.38,178,57.46,0.15
07:36:01,"[293.27, 44]","[287.33, 18]","[345.58, 12]","[347.5, 20]",319.43,94,52.31,0.32
07:36:02,"[294.0, 24]","[287.64, 28]","[343.82, 11]","[345.55, 11]",318.91,74,49.82,0.41
07:36:03,"[294.69, 32]","[288.0, 48]","[341.8, 40]","[343.25, 16]",318.24,136,47.11,0.18
07:36:04,"[297.0, 22]","[288.0, 33]","[337.44, 16]","[339.0, 12]",317.22,83,40.44,0.33
07:36:05,"[297.0, 24]","[288.89, 81]","[315.58, 24]","[325.17, 24]",306.29,153,18.58,0.37
07:36:06,"[297.0, 18]","[288.0, 27]","[312.33, 9]","[320.67, 9]",304.67,63,15.33,0.43
07:36:07,"[297.0, 16]","[288.0, 24]","[311.0, 12]","[311.8, 10]",304.0,62,14.0,0.29
07:36:08,"[297.0, 26]","[288.5, 42]","[307.92, 38]","[310.2, 20]",302.46,126,10.92,0.08
07:36:09,"[292.64, 11]","[288.62, 24]","[306.58, 24]","[307.4, 20]",299.61,79,13.95,-0.11
07:36:10,"[287.54, 26]","[286.04, 112]","[302.21, 33]","[304.51, 45]",294.88,216,14.67,0.28
07:36:11,"[287.37, 19]","[286.02, 83]","[299.22, 18]","[300.78, 36]",293.3,156,11.85,0.31
07:36:12,"[285.22, 93]","[281.31, 35]","[297.57, 14]","[298.84, 19]",291.39,161,12.36,0.59
07:36:13,"[285.0, 136]","[206.21, 14]","[295.08, 26]","[297.0, 16]",290.04,192,10.08,0.56
07:36:14,"[285.0, 58]","[282.07, 82]","[287.48, 54]","[290.67, 36]",286.24,230,2.48,0.22
07:36:15,"[286.0, 17]","[284.04, 85]","[289.28, 58]","[291.5, 36]",287.64,196,3.28,0.04
07:36:16,"[284.12, 25]","[278.29, 42]","[287.3, 10]","[294.8, 25]",285.71,102,3.18,0.31
07:36:17,"[284.24, 17]","[280.12, 67]","[291.9, 21]","[324.56, 45]",288.07,150,7.67,0.12
07:36:18,"[286.15, 13]","[285.62, 13]","[300.0, 21]","[378.0, 35]",293.08,82,13.85,-0.37
07:36:19,"[283.43, 46]","[280.79, 43]","[298.91, 33]","[322.94, 51]",291.17,173,15.47,0.03
07:36:20,"[280.0, 44]","[278.0, 11]","[293.81, 27]","[297.97, 33]",286.91,115,13.81,-0.04
07:36:21,"[281.56, 32]","[249.69, 13]","[293.74, 19]","[299.4, 30]",287.65,94,12.17,-0.04
07:36:22,"[287.0, 10]","[283.0, 30]","[293.0, 22]","[299.0, 28]",290.0,90,6.0,-0.11
07:36:23,"[287.0, 11]","[283.0, 33]","[288.91, 22]","[322.0, 41]",287.95,107,1.91,-0.18
07:36:24,"[283.62, 16]","[282.4, 15]","[304.73, 22]","[363.09, 22]",294.18,75,21.1,-0.17
07:36:25,"[285.87, 30]","[283.9, 31]","[289.16, 19]","[296.98, 47]",287.51,127,3.29,-0.04
07:36:26,"[280.5, 48]","[271.41, 17]","[288.0, 13]","[291.82, 33]",284.25,111,7.5,0.17
07:36:27,"[280.75, 16]","[279.12, 16]","[287.23, 13]","[292.11, 27]",283.99,72,6.48,-0.11
07:36:28,"[281.53, 15]","[280.4, 15]","[295.63, 43]","[340.55, 56]",288.58,129,14.09,-0.53
07:36:29,"[282.97, 31]","[280.05, 114]","[297.0, 57]","[491.32, 68]",289.98,270,14.03,0.07
07:36:30,"[284.35, 17]","[283.15, 26]","[296.57, 37]","[492.68, 50]",290.46,130,12.21,-0.34
07:36:31,"[144.37, 19]","[168.59, 37]","[291.24, 29]","[367.22, 37]",217.8,122,146.87,-0.08
07:36:32,"[281.62, 32]","[208.14, 58]","[298.67, 42]","[301.6, 35]",290.15,167,17.04,0.08
07:36:33,"[294.0, 33]","[263.62, 96]","[298.0, 44]","[300.0, 45]",296.0,218,4.0,0.18
07:36:34,"[294.0, 45]","[288.0, 45]","[297.8, 60]","[303.12, 49]",295.9,199,3.8,-0.1
07:36:35,"[294.0, 30]","[291.64, 22]","[296.0, 40]","[303.0, 30]",295.0,122,2.0,-0.15
07:36:36,"[290.37, 110]","[288.61, 89]","[295.6, 60]","[300.24, 51]",292.99,310,5.23,0.28
07:36:37,"[292.46, 112]","[291.29, 136]","[294.9, 40]","[297.7, 37]",293.68,325,2.44,0.53
07:36:38,"[293.09, 130]","[290.72, 125]","[299.89, 45]","[318.18, 33]",296.49,333,6.8,0.53
07:36:39,"[294.0, 42]","[293.0, 80]","[303.5, 24]","[308.62, 24]",298.75,170,9.5,0.44
07:36:40,"[294.97, 150]","[289.83, 93]","[303.0, 36]","[306.0, 36]",298.98,315,8.03,0.54
07:36:41,"[295.5, 160]","[290.75, 89]","[302.23, 26]","[304.03, 34]",298.87,309,6.73,0.61
07:36:42,"[297.0, 110]","[295.0, 55]","[298.94, 32]","[299.77, 13]",297.97,210,1.94,0.57
07:36:43,"[297.0, 56]","[295.0, 35]","[298.57, 21]","[300.0, 7]",297.79,119,1.57,0.53
07:36:44,"[297.0, 17]","[295.0, 55]","[299.2, 15]","[308.69, 29]",298.1,116,2.2,0.24
07:36:45,"[295.04, 46]","[289.35, 86]","[298.1, 10]","[308.7, 30]",296.57,172,3.06,0.53
07:36:46,"[295.0, 20]","[288.5, 36]","[296.75, 4]","[309.0, 12]",295.88,72,1.75,0.56
07:36:47,"[295.0, 62]","[288.0, 117]","[301.45, 22]","[308.7, 40]",298.23,241,6.45,0.49
07:36:48,"[295.0, 48]","[288.21, 85]","[306.0, 48]","[308.25, 36]",300.5,217,11.0,0.23
07:36:49,"[291.45, 53]","[288.43, 65]","[306.0, 44]","[308.0, 33]",298.73,195,14.55,0.21
07:36:50,"[287.94, 65]","[286.66, 53]","[306.0, 48]","[308.0, 36]",296.97,202,18.06,0.17
07:36:51,"[288.0, 50]","[287.0, 40]","[306.0, 40]","[308.0, 30]",297.0,160,18.0,0.12
07:36:52,"[294.7, 117]","[287.93, 54]","[306.0, 44]","[308.0, 33]",300.35,248,11.3,0.38
07:36:53,"[295.0, 40]","[288.17, 18]","[306.0, 16]","[308.0, 12]",300.5,86,11.0,0.35
07:36:54,"[295.0, 100]","[289.0, 30]","[305.94, 34]","[307.5, 32]",300.47,196,10.94,0.33
07:36:55,"[295.0, 80]","[289.0, 24]","[301.07, 27]","[305.0, 18]",298.04,149,6.07,0.4
07:36:56,"[295.0, 60]","[289.0, 18]","[300.0, 12]","[305.96, 23]",297.5,113,5.0,0.38
07:36:57,"[295.0, 120]","[289.4, 30]","[299.58, 24]","[307.95, 57]",297.29,231,4.58,0.3
07:36:58,"[295.0, 120]","[293.0, 12]","[298.08, 24]","[306.21, 57]",296.54,213,3.08,0.24
07:36:59,"[295.0, 74]","[293.0, 11]","[297.18, 22]","[307.0, 49]",296.09,156,2.18,0.09
07:37:00,"[295.0, 72]","[293.0, 12]","[296.0, 19]","[306.96, 84]",295.5,187,1.0,-0.1
07:37:01,"[295.0, 28]","[293.0, 9]","[301.56, 9]","[306.92, 49]",298.28,95,6.56,-0.22
07:37:02,"[295.0, 12]","[293.0, 6]","[305.56, 9]","[306.98, 46]",300.28,73,10.56,-0.51
07:37:03,"[295.0, 13]","[293.0, 12]","[303.5, 48]","[306.0, 12]",299.25,85,8.5,-0.41
07:37:04,"[296.14, 28]","[294.2, 10]","[303.0, 40]","[306.0, 10]",299.57,88,6.86,-0.14
07:37:05,"[296.89, 37]","[292.38, 16]","[302.2, 40]","[306.0, 10]",299.55,103,5.31,0.03
07:37:06,"[291.22, 18]","[288.88, 80]","[302.0, 48]","[306.0, 12]",296.61,158,10.78,0.24
07:37:07,"[289.0, 32]","[288.0, 40]","[301.0, 32]","[306.0, 8]",295.0,112,12.0,0.29
07:37:08,"[289.0, 16]","[288.0, 20]","[301.0, 16]","[306.0, 4]",295.0,56,12.0,0.29
07:37:09,"[289.0, 52]","[288.0, 65]","[299.54, 52]","[302.97, 33]",294.27,202,10.54,0.16
07:37:10,"[288.18, 44]","[287.12, 82]","[295.32, 47]","[298.18, 49]",291.75,222,7.14,0.14
07:37:11,"[293.71, 84]","[289.98, 49]","[302.0, 45]","[651.56, 27]",297.86,205,8.29,0.3
07:37:12,"[294.0, 246]","[293.0, 91]","[301.6, 60]","[489.6, 58]",297.8,455,7.6,0.48
07:37:13,"[294.0, 212]","[293.0, 70]","[299.19, 37]","[301.34, 47]",296.59,366,5.19,0.54
07:37:14,"[294.0, 252]","[293.0, 84]","[297.35, 43]","[298.49, 41]",295.67,420,3.35,0.6
07:37:15,"[294.0, 231]","[293.0, 77]","[295.23, 35]","[296.29, 42]",294.61,385,1.23,0.6
07:37:16,"[294.0, 173]","[293.0, 63]","[295.0, 27]","[301.5, 40]",294.5,303,1.0,0.56
07:37:17,"[294.0, 79]","[293.0, 35]","[301.32, 19]","[309.0, 25]",297.66,158,7.32,0.44
07:37:18,"[294.0, 153]","[293.0, 84]","[307.07, 44]","[321.14, 44]",300.53,325,13.07,0.46
07:37:19,"[294.0, 44]","[293.0, 28]","[314.0, 20]","[463.0, 4]",304.0,96,20.0,0.5
07:37:20,"[294.0, 40]","[293.0, 28]","[314.0, 20]","[576.67, 6]",304.0,94,20.0,0.45
07:37:21,"[294.0, 67]","[293.0, 91]","[313.53, 59]","[452.48, 25]",303.76,242,19.53,0.31
07:37:22,"[294.0, 36]","[293.0, 63]","[310.89, 27]","[322.18, 33]",302.44,159,16.89,0.25
07:37:23,"[294.0, 32]","[293.0, 56]","[310.5, 30]","[336.5, 20]",302.25,138,16.5,0.28
07:37:24,"[294.0, 44]","[293.0, 77]","[307.0, 66]","[377.42, 19]",300.5,206,13.0,0.17
07:37:25,"[294.0, 56]","[293.0, 98]","[307.0, 84]","[536.5, 70]",300.5,308,13.0,0.0
07:37:26,"[294.0, 44]","[293.0, 77]","[307.0, 21]","[601.16, 31]",300.5,173,13.0,0.4
07:37:27,"[293.4, 25]","[291.64, 53]","[307.0, 16]","[531.0, 8]",300.2,102,13.6,0.53
07:37:28,"[293.0, 39]","[289.0, 90]","[305.58, 52]","[315.67, 24]",299.29,205,12.58,0.26
07:37:29,"[293.33, 9]","[290.0, 24]","[303.05, 21]","[304.36, 14]",298.19,68,9.71,-0.03
07:37:30,"[293.22, 27]","[289.62, 78]","[303.0, 68]","[304.0, 20]",298.11,193,9.78,0.09
07:37:31,"[293.0, 6]","[289.0, 36]","[303.0, 24]","[304.0, 6]",298.0,72,10.0,0.17
07:37:32,"[293.8, 25]","[289.47, 34]","[302.21, 38]","[304.67, 9]",298.01,106,8.41,0.11
07:37:33,"[294.0, 50]","[293.0, 10]","[300.81, 37]","[301.59, 17]",297.41,114,6.81,0.05
07:37:34,"[294.0, 70]","[293.0, 14]","[297.54, 52]","[299.0, 32]",295.77,168,3.54,0.0
07:37:35,"[294.0, 4]","[293.0, 4]","[298.0, 8]","[305.0, 4]",296.0,20,4.0,-0.2
07:37:36,"[295.06, 17]","[293.54, 13]","[297.0, 26]","[304.23, 13]",296.03,69,1.94,-0.13
07:37:37,"[295.33, 9]","[293.67, 9]","[298.2, 15]","[303.56, 9]",296.77,42,2.87,-0.14
07:37:38,"[294.0, 73]","[290.14, 21]","[302.36, 14]","[303.56, 9]",298.18,117,8.36,0.61
07:37:39,"[294.0, 153]","[290.45, 29]","[300.58, 24]","[301.76, 33]",297.29,239,6.58,0.52
07:37:40,"[294.0, 93]","[292.0, 15]","[298.89, 27]","[299.67, 18]",296.44,153,4.89,0.41
07:37:41,"[293.73, 30]","[290.18, 33]","[296.35, 20]","[298.15, 27]",295.04,110,2.62,0.15
07:37:42,"[290.1, 30]","[288.82, 67]","[294.0, 15]","[302.6, 15]",292.05,127,3.9,0.53
07:37:43,"[289.0, 28]","[288.0, 21]","[294.0, 7]","[304.29, 7]",291.5,63,5.0,0.56
07:37:44,"[289.0, 36]","[288.0, 27]","[290.44, 9]","[298.89, 9]",289.72,81,1.44,0.56
07:37:45,"[288.71, 34]","[287.23, 78]","[290.0, 11]","[304.18, 11]",289.35,134,1.29,0.67
07:37:46,"[288.0, 30]","[287.0, 180]","[301.2, 15]","[305.6, 15]",294.6,240,13.2,0.75
07:37:47,"[289.3, 46]","[287.62, 73]","[304.0, 12]","[306.0, 12]",296.65,143,14.7,0.66
07:37:48,"[292.1, 21]","[289.84, 51]","[304.0, 13]","[306.0, 13]",298.05,98,11.9,0.47
07:37:49,"[294.71, 21]","[292.67, 9]","[302.94, 33]","[304.67, 9]",298.83,72,8.23,-0.17
07:37:50,"[295.88, 80]","[294.0, 16]","[301.06, 80]","[304.0, 16]",298.47,192,5.19,0.0
07:37:51,"[296.0, 30]","[294.0, 6]","[299.0, 30]","[306.33, 6]",297.5,72,3.0,0.0
07:37:52,"[295.25, 16]","[292.5, 8]","[298.0, 40]","[310.88, 8]",296.62,72,2.75,-0.33
07:37:53,"[294.0, 12]","[292.0, 12]","[297.04, 48]","[304.5, 24]",295.52,96,3.04,-0.5
07:37:54,"[288.0, 19]","[286.27, 51]","[294.22, 49]","[294.7, 23]",291.11,142,6.22,-0.01
07:37:55,"[287.0, 22]","[286.0, 66]","[291.64, 25]","[293.2, 41]",289.32,154,4.64,0.14
07:37:56,"[286.29, 35]","[285.88, 41]","[288.27, 55]","[291.84, 25]",287.28,156,1.99,-0.03
07:37:57,"[253.03, 39]","[207.18, 49]","[287.49, 39]","[290.0, 35]",270.26,162,34.46,0.09
07:37:58,"[261.33, 54]","[216.52, 126]","[280.38, 16]","[283.67, 18]",270.85,214,19.04,0.68
07:37:59,"[249.23, 78]","[220.0, 36]","[286.4, 15]","[291.67, 9]",267.82,138,37.17,0.65
07:38:00,"[288.0, 24]","[233.67, 36]","[289.5, 24]","[394.83, 30]",288.75,114,1.5,0.05
07:38:01,"[288.82, 66]","[287.44, 32]","[290.0, 24]","[295.0, 36]",289.41,158,1.18,0.24
07:38:02,"[288.86, 43]","[287.71, 21]","[294.5, 20]","[489.85, 33]",291.68,117,5.64,0.09
07:38:03,"[289.0, 44]","[288.0, 28]","[295.0, 30]","[534.35, 34]",292.0,136,6.0,0.06
07:38:04,"[289.0, 56]","[288.0, 45]","[294.43, 44]","[340.75, 28]",291.72,173,5.43,0.17
07:38:05,"[288.91, 23]","[287.6, 15]","[292.31, 13]","[335.48, 25]",290.61,76,3.39,0.0
07:38:06,"[291.53, 34]","[288.4, 45]","[294.3, 30]","[600.8, 35]",292.91,144,2.77,0.1
07:38:07,"[292.0, 25]","[289.0, 50]","[294.0, 15]","[575.2, 10]",293.0,100,2.0,0.5
07:38:08,"[292.0, 35]","[288.37, 82]","[294.0, 21]","[494.0, 10]",293.0,148,2.0,0.58
07:38:09,"[292.41, 34]","[289.61, 87]","[294.0, 29]","[411.36, 11]",293.21,161,1.59,0.5
07:38:10,"[292.0, 65]","[288.0, 169]","[294.0, 13]","[349.26, 23]",293.0,270,2.0,0.73
07:38:11,"[292.0, 35]","[288.0, 91]","[294.0, 7]","[489.0, 15]",293.0,148,2.0,0.7
07:38:12,"[292.0, 35]","[288.0, 91]","[293.6, 10]","[537.87, 31]",292.8,167,1.6,0.51
07:38:13,"[292.0, 40]","[288.0, 104]","[293.0, 32]","[294.0, 8]",292.5,184,1.0,0.57
07:38:14,"[292.0, 11]","[288.0, 143]","[311.18, 17]","[409.71, 28]",301.59,199,19.18,0.55
07:38:15,"[288.0, 52]","[287.0, 6]","[298.0, 12]","[457.15, 27]",293.0,97,10.0,0.2
07:38:16,"[288.0, 48]","[287.0, 13]","[295.62, 26]","[468.36, 22]",291.81,109,7.62,0.12
07:38:17,"[288.0, 34]","[287.0, 11]","[293.0, 33]","[297.0, 22]",290.5,100,5.0,-0.1
07:38:18,"[288.0, 42]","[287.0, 14]","[293.0, 14]","[297.0, 28]",290.5,98,5.0,0.14
07:38:19,"[288.0, 21]","[287.0, 10]","[292.18, 22]","[295.29, 14]",290.09,67,4.18,-0.07
07:38:20,"[288.0, 22]","[287.0, 11]","[291.45, 33]","[294.09, 11]",289.73,77,3.45,-0.14
07:38:21,"[288.56, 36]","[287.71, 28]","[290.68, 50]","[293.32, 28]",289.62,142,2.12,-0.1
07:38:22,"[287.42, 19]","[286.03, 125]","[288.8, 15]","[293.96, 27]",288.11,186,1.38,0.55
07:38:23,"[286.08, 48]","[284.5, 88]","[288.0, 8]","[294.5, 8]",287.04,152,1.92,0.79
07:38:24,"[286.0, 91]","[283.0, 99]","[290.11, 9]","[299.78, 9]",288.06,208,4.11,0.83
07:38:25,"[287.15, 110]","[284.78, 135]","[297.13, 15]","[298.13, 15]",292.14,275,9.99,0.78
07:38:26,"[289.69, 93]","[286.95, 92]","[296.0, 49]","[447.09, 43]",292.84,277,6.31,0.34
07:38:27,"[294.21, 261]","[292.92, 39]","[307.14, 42]","[455.14, 44]",300.67,386,12.94,0.55
07:38:28,"[294.0, 198]","[292.67, 18]","[397.1, 20]","[601.0, 30]",345.55,266,103.1,0.62
07:38:29,"[294.56, 129]","[293.26, 19]","[414.58, 24]","[511.09, 22]",354.57,194,120.03,0.53
07:38:30,"[294.0, 9]","[292.0, 7]","[521.45, 22]","[653.22, 18]",407.73,56,227.45,-0.43
07:38:31,"[294.99, 137]","[293.64, 11]","[470.63, 43]","[592.03, 39]",382.81,230,175.64,0.29
07:38:32,"[295.0, 55]","[294.0, 5]","[457.54, 13]","[504.5, 12]",376.27,85,162.54,0.41
07:38:33,"[295.25, 40]","[294.0, 4]","[468.0, 12]","[541.0, 8]",381.62,64,172.75,0.38
07:38:34,"[296.0, 62]","[294.0, 7]","[467.29, 21]","[483.37, 19]",381.64,109,171.29,0.27
07:38:35,"[296.0, 56]","[294.0, 7]","[465.86, 21]","[468.0, 21]",380.93,105,169.86,0.2
07:38:36,"[296.0, 66]","[294.0, 9]","[464.11, 27]","[468.0, 27]",380.06,129,168.11,0.16
07:38:37,"[296.0, 84]","[294.0, 22]","[462.42, 36]","[568.32, 22]",379.21,164,166.42,0.29
07:38:38,"[296.0, 49]","[294.0, 21]","[409.43, 21]","[429.06, 17]",352.71,108,113.43,0.3
07:38:39,"[296.0, 56]","[294.0, 30]","[388.8, 30]","[390.0, 30]",342.4,146,92.8,0.18
07:38:40,"[296.0, 28]","[294.0, 21]","[386.38, 24]","[388.05, 22]",341.19,95,90.38,0.03
07:38:41,"[296.0, 24]","[294.0, 18]","[384.6, 20]","[385.73, 22]",340.3,84,88.6,0.0
07:38:42,"[294.0, 78]","[292.0, 17]","[378.26, 57]","[381.98, 60]",336.13,212,84.26,-0.1
07:38:43,"[292.29, 7]","[288.11, 37]","[294.45, 11]","[369.12, 17]",293.37,72,2.17,0.22
07:38:44,"[288.07, 61]","[287.03, 210]","[291.34, 35]","[292.07, 28]",289.7,334,3.28,0.62
07:38:45,"[288.0, 42]","[287.0, 180]","[289.75, 16]","[290.92, 26]",288.88,264,1.75,0.68
07:38:46,"[288.0, 52]","[286.57, 84]","[289.0, 44]","[377.0, 29]",288.5,209,1.0,0.3
07:38:47,"[288.0, 27]","[287.0, 12]","[289.0, 48]","[412.67, 36]",288.5,123,1.0,-0.37
07:38:48,"[287.88, 8]","[286.64, 11]","[311.74, 31]","[474.0, 24]",299.81,74,23.87,-0.49
07:38:49,"[292.3, 20]","[286.2, 20]","[521.5, 24]","[527.88, 24]",406.9,88,229.2,-0.09
07:38:50,"[294.0, 70]","[287.0, 19]","[352.23, 48]","[382.75, 32]",323.11,169,58.23,0.05
07:38:51,"[294.85, 47]","[293.76, 58]","[305.0, 45]","[309.0, 27]",299.93,177,10.15,0.19
07:38:52,"[295.0, 36]","[294.0, 63]","[303.44, 45]","[433.63, 19]",299.22,163,8.44,0.21
07:38:53,"[295.0, 48]","[294.0, 84]","[302.58, 60]","[398.58, 36]",298.79,228,7.58,0.16
07:38:54,"[295.0, 52]","[294.0, 91]","[300.31, 65]","[540.61, 38]",297.65,246,5.31,0.16
07:38:55,"[295.0, 35]","[293.42, 48]","[300.0, 45]","[600.09, 11]",297.5,139,5.0,0.19
07:38:56,"[296.89, 27]","[294.0, 54]","[300.0, 45]","[539.29, 14]",298.44,140,3.11,0.16
07:38:57,"[295.5, 48]","[293.0, 56]","[298.5, 50]","[323.77, 40]",297.0,194,3.0,0.07
07:38:58,"[294.0, 78]","[287.48, 31]","[298.0, 65]","[317.27, 49]",296.0,223,4.0,-0.02
07:38:59,"[293.95, 57]","[288.95, 37]","[295.95, 79]","[300.25, 71]",294.95,244,2.0,-0.23
07:39:00,"[289.21, 57]","[288.46, 39]","[294.0, 41]","[295.0, 40]",291.61,177,4.79,0.08
07:39:01,"[289.0, 88]","[288.0, 36]","[290.27, 49]","[295.06, 49]",289.63,222,1.27,0.12
07:39:02,"[288.31, 26]","[287.33, 18]","[296.43, 14]","[308.69, 26]",292.37,84,8.12,0.05
07:39:03,"[288.0, 24]","[287.0, 18]","[305.0, 9]","[309.0, 36]",296.5,87,17.0,-0.03
07:39:04,"[294.0, 11]","[288.0, 22]","[305.0, 11]","[309.0, 44]",299.5,88,11.0,-0.25
07:39:05,"[294.0, 9]","[288.0, 18]","[305.0, 9]","[309.0, 36]",299.5,72,11.0,-0.25
07:39:06,"[294.0, 9]","[288.0, 18]","[305.0, 9]","[309.0, 36]",299.5,72,11.0,-0.25
07:39:07,"[287.58, 72]","[286.5, 48]","[305.0, 12]","[309.0, 48]",296.29,180,17.42,0.33
07:39:08,"[287.01, 81]","[286.12, 68]","[305.0, 11]","[309.0, 44]",296.01,204,17.99,0.46
07:39:09,"[288.0, 12]","[286.33, 49]","[305.0, 6]","[309.0, 24]",296.5,91,17.0,0.34
07:39:10,"[288.0, 26]","[286.0, 143]","[304.06, 35]","[307.11, 19]",296.03,223,16.06,0.52
07:39:11,"[287.05, 38]","[285.96, 114]","[304.0, 36]","[306.0, 12]",295.53,200,16.95,0.52
07:39:12,"[286.0, 81]","[285.0, 18]","[303.22, 27]","[305.11, 9]",294.61,135,17.22,0.47
07:39:13,"[286.0, 60]","[285.0, 16]","[301.75, 24]","[303.0, 12]",293.88,112,15.75,0.36
07:39:14,"[287.45, 126]","[286.02, 59]","[298.11, 56]","[299.48, 54]",292.78,295,10.65,0.25
07:39:15,"[287.0, 48]","[286.0, 71]","[294.19, 64]","[297.83, 58]",290.59,241,7.19,-0.01
07:39:16,"[287.0, 48]","[286.0, 16]","[292.12, 64]","[298.0, 56]",289.56,184,5.12,-0.3
07:39:17,"[287.0, 24]","[286.0, 8]","[290.9, 31]","[296.88, 25]",288.95,88,3.9,-0.27
07:39:18,"[287.45, 56]","[284.62, 26]","[289.58, 67]","[291.49, 55]",288.51,204,2.14,-0.2
07:39:19,"[286.0, 24]","[283.0, 16]","[288.36, 28]","[289.43, 28]",287.18,96,2.36,-0.17
07:39:20,"[283.0, 24]","[282.0, 12]","[286.67, 30]","[292.88, 16]",284.83,82,3.67,-0.12
07:39:21,"[187.11, 124]","[171.66, 280]","[283.29, 17]","[285.64, 22]",235.2,443,96.18,0.82
07:39:22,"[179.79, 133]","[173.91, 128]","[281.56, 32]","[291.88, 24]",230.68,317,101.77,0.65
07:39:23,"[280.1, 40]","[248.35, 46]","[294.0, 12]","[299.0, 24]",287.05,122,13.9,0.41
07:39:24,"[291.7, 23]","[287.27, 30]","[294.0, 9]","[299.0, 18]",292.85,80,2.3,0.33
07:39:25,"[292.0, 80]","[291.0, 10]","[294.0, 10]","[298.0, 20]",293.0,120,2.0,0.5
07:39:26,"[291.9, 29]","[284.73, 30]","[296.86, 14]","[298.56, 18]",294.38,91,4.96,0.3
07:39:27,"[288.6, 30]","[282.58, 55]","[298.0, 32]","[299.0, 32]",293.3,149,9.4,0.14
07:39:28,"[292.71, 42]","[287.0, 14]","[297.48, 21]","[298.35, 40]",295.1,117,4.76,-0.04
07:39:29,"[295.0, 32]","[287.0, 15]","[383.81, 31]","[421.09, 43]",339.4,121,88.81,-0.22
07:39:30,"[295.0, 11]","[290.72, 29]","[305.26, 47]","[309.82, 40]",300.13,127,10.26,-0.37
07:39:31,"[291.73, 22]","[289.0, 24]","[296.84, 38]","[299.48, 46]",294.28,130,5.11,-0.29
07:39:32,"[286.2, 75]","[282.71, 171]","[294.78, 69]","[296.35, 104]",290.49,419,8.58,0.17
07:39:33,"[286.47, 15]","[285.58, 48]","[291.14, 28]","[292.09, 35]",288.8,126,4.68,0.0
07:39:34,"[287.0, 67]","[286.0, 48]","[290.92, 36]","[292.0, 48]",288.96,199,3.92,0.16
07:39:35,"[287.0, 41]","[286.0, 36]","[288.59, 27]","[294.34, 38]",287.8,142,1.59,0.08
07:39:36,"[287.19, 48]","[286.15, 61]","[289.0, 31]","[303.0, 80]",288.09,220,1.81,-0.01
07:39:37,"[285.29, 63]","[281.14, 86]","[287.73, 11]","[302.55, 55]",286.51,215,2.44,0.39
07:39:38,"[285.0, 78]","[277.4, 60]","[287.0, 10]","[302.9, 50]",286.0,198,2.0,0.39
07:39:39,"[285.0, 60]","[277.0, 76]","[287.0, 10]","[302.83, 46]",286.0,192,2.0,0.42
07:39:40,"[285.0, 65]","[277.0, 88]","[287.27, 11]","[297.67, 15]",286.14,179,2.27,0.71
07:39:41,"[287.05, 41]","[281.18, 67]","[294.73, 11]","[303.0, 55]",290.89,174,7.68,0.24
07:39:42,"[288.43, 35]","[283.9, 58]","[292.89, 18]","[297.95, 37]",290.66,148,4.46,0.26
07:39:43,"[285.91, 55]","[277.98, 118]","[291.79, 19]","[293.21, 19]",288.85,211,5.88,0.64
07:39:44,"[288.0, 70]","[286.0, 14]","[290.43, 14]","[291.43, 14]",289.21,112,2.43,0.5
07:39:45,"[287.6, 45]","[284.67, 49]","[294.29, 17]","[298.74, 35]",290.95,146,6.69,0.29
07:39:46,"[288.17, 36]","[286.97, 68]","[299.0, 13]","[300.0, 39]",293.58,156,10.83,0.33
07:39:47,"[288.38, 39]","[287.0, 78]","[299.0, 13]","[300.0, 39]",293.69,169,10.62,0.38
07:39:48,"[290.87, 45]","[287.0, 90]","[298.53, 15]","[299.77, 31]",294.7,181,7.67,0.49
07:39:49,"[287.06, 31]","[285.17, 87]","[297.0, 41]","[300.84, 19]",292.03,178,9.94,0.33
07:39:50,"[286.0, 12]","[285.0, 72]","[296.0, 12]","[297.75, 36]",291.0,132,10.0,0.27
07:39:51,"[286.93, 108]","[285.17, 58]","[294.22, 18]","[300.44, 54]",290.57,238,7.3,0.39
07:39:52,"[287.0, 110]","[286.0, 11]","[292.36, 11]","[299.0, 37]",289.68,169,5.36,0.43
07:39:53,"[287.0, 100]","[286.0, 10]","[292.0, 10]","[299.0, 10]",289.5,130,5.0,0.69
07:39:54,"[287.0, 90]","[286.0, 9]","[291.33, 9]","[299.0, 9]",289.17,117,4.33,0.69
07:39:55,"[287.09, 94]","[286.82, 49]","[293.31, 13]","[301.0, 25]",290.2,181,6.22,0.58
07:39:56,"[287.0, 88]","[286.0, 10]","[297.0, 10]","[302.73, 37]",292.0,145,10.0,0.35
07:39:57,"[287.0, 78]","[286.0, 12]","[301.0, 22]","[333.84, 43]",294.0,155,14.0,0.16
07:39:58,"[287.0, 54]","[286.0, 12]","[297.0, 9]","[305.0, 27]",292.0,102,10.0,0.29
07:39:59,"[287.33, 36]","[286.27, 15]","[297.0, 9]","[304.11, 27]",292.17,87,9.67,0.17
07:40:00,"[293.0, 7]","[287.0, 14]","[297.0, 7]","[304.0, 21]",295.0,49,4.0,-0.14
07:40:01,"[285.64, 56]","[282.42, 31]","[297.0, 7]","[304.0, 21]",291.32,115,11.36,0.51
07:40:02,"[290.15, 74]","[286.22, 69]","[297.0, 13]","[304.0, 39]",293.57,195,6.85,0.47
07:40:03,"[291.0, 8]","[285.0, 40]","[297.0, 8]","[304.0, 24]",294.0,80,6.0,0.2
07:40:04,"[291.0, 10]","[284.08, 52]","[294.39, 23]","[299.15, 20]",292.7,105,3.39,0.18
07:40:05,"[291.0, 7]","[281.84, 38]","[293.0, 28]","[296.0, 14]",292.0,87,2.0,0.03
07:40:06,"[281.53, 57]","[279.86, 84]","[292.53, 38]","[294.0, 34]",287.03,213,11.0,0.32
07:40:07,"[281.0, 48]","[279.0, 64]","[290.15, 26]","[291.09, 22]",285.58,160,9.15,0.4
07:40:08,"[283.29, 102]","[279.21, 172]","[289.0, 68]","[290.0, 34]",286.15,376,5.71,0.46
07:40:09,"[284.38, 48]","[278.41, 54]","[288.25, 32]","[290.0, 16]",286.31,150,3.88,0.36
07:40:10,"[285.15, 92]","[279.74, 46]","[288.19, 52]","[290.37, 38]",286.67,228,3.04,0.21
07:40:11,"[285.78, 54]","[279.73, 44]","[292.0, 33]","[297.0, 11]",288.89,142,6.22,0.38
07:40:12,"[289.85, 26]","[286.79, 47]","[296.01, 70]","[331.94, 17]",292.93,160,6.17,-0.09
07:40:13,"[292.0, 14]","[291.0, 4]","[296.0, 20]","[297.0, 4]",294.0,42,4.0,-0.14
07:40:14,"[292.31, 32]","[291.71, 21]","[295.78, 46]","[296.52, 23]",294.05,122,3.47,-0.13
07:40:15,"[287.71, 42]","[279.55, 22]","[296.67, 15]","[302.63, 27]",292.19,106,8.95,0.21
07:40:16,"[286.0, 40]","[278.0, 4]","[298.0, 4]","[303.0, 20]",292.0,68,12.0,0.29
07:40:17,"[286.0, 100]","[278.0, 10]","[302.17, 30]","[336.0, 50]",294.08,190,16.17,0.16
07:40:18,"[286.0, 127]","[278.0, 13]","[298.76, 17]","[308.08, 65]",292.38,222,12.76,0.26
07:40:19,"[286.0, 105]","[278.0, 15]","[297.0, 15]","[303.0, 75]",291.5,210,11.0,0.14
07:40:20,"[286.75, 57]","[285.83, 93]","[297.0, 15]","[303.0, 75]",291.88,240,10.25,0.25
07:40:21,"[287.0, 13]","[286.0, 91]","[297.0, 13]","[300.92, 65]",292.0,182,10.0,0.14
07:40:22,"[287.0, 15]","[286.0, 118]","[295.53, 15]","[297.79, 19]",291.27,167,8.53,0.59
07:40:23,"[287.0, 12]","[286.0, 96]","[293.33, 12]","[297.42, 12]",290.17,132,6.33,0.64
07:40:24,"[289.5, 18]","[286.0, 144]","[292.67, 18]","[297.82, 22]",291.08,202,3.17,0.6
07:40:25,"[287.1, 42]","[285.69, 84]","[293.43, 14]","[297.62, 26]",290.26,166,6.33,0.52
07:40:26,"[286.0, 86]","[278.0, 12]","[297.0, 12]","[298.0, 48]",291.5,158,11.0,0.24
07:40:27,"[286.0, 30]","[278.0, 10]","[297.0, 10]","[298.0, 40]",291.5,90,11.0,-0.11
07:40:28,"[286.0, 30]","[278.0, 10]","[296.8, 10]","[297.94, 34]",291.4,84,10.8,-0.05
07:40:29,"[286.27, 45]","[283.29, 17]","[295.23, 13]","[298.0, 87]",290.75,162,8.96,-0.23
07:40:30,"[287.0, 90]","[286.0, 45]","[295.0, 15]","[298.0, 135]",291.0,285,8.0,-0.05
07:40:31,"[287.26, 93]","[286.09, 103]","[293.59, 27]","[297.7, 90]",290.43,313,6.33,0.25
07:40:32,"[289.28, 122]","[287.0, 48]","[291.48, 25]","[293.52, 31]",290.38,226,2.2,0.5
07:40:33,"[288.65, 40]","[286.22, 69]","[296.25, 40]","[299.96, 49]",292.45,198,7.6,0.1
07:40:34,"[290.82, 65]","[286.77, 39]","[300.71, 62]","[302.64, 55]",295.76,221,9.89,-0.06
07:40:35,"[291.38, 96]","[286.67, 54]","[302.0, 76]","[303.0, 70]",296.69,296,10.62,0.01
07:40:36,"[292.0, 179]","[286.02, 120]","[302.0, 56]","[303.0, 70]",297.0,425,10.0,0.41
07:40:37,"[292.0, 78]","[286.0, 54]","[302.0, 24]","[303.0, 30]",297.0,186,10.0,0.42
07:40:38,"[292.0, 142]","[286.0, 99]","[302.0, 44]","[303.0, 55]",297.0,340,10.0,0.42
07:40:39,"[292.0, 69]","[286.0, 54]","[302.0, 24]","[303.0, 30]",297.0,177,10.0,0.39
07:40:40,"[292.0, 72]","[286.0, 72]","[302.0, 32]","[303.0, 40]",297.0,216,10.0,0.33
07:40:41,"[292.0, 99]","[286.0, 99]","[301.49, 49]","[302.6, 50]",296.74,297,9.49,0.33
07:40:42,"[292.0, 99]","[286.0, 99]","[301.0, 55]","[302.22, 46]",296.5,299,9.0,0.32
07:40:43,"[292.0, 73]","[286.0, 81]","[300.67, 45]","[304.79, 73]",296.33,272,8.67,0.13
07:40:44,"[292.0, 91]","[288.29, 21]","[299.31, 65]","[303.54, 69]",295.65,246,7.31,-0.09
07:40:45,"[292.0, 84]","[290.0, 12]","[299.0, 60]","[304.0, 108]",295.5,264,7.0,-0.27
07:40:46,"[292.0, 77]","[290.0, 11]","[297.45, 55]","[304.0, 99]",294.73,242,5.45,-0.27
07:40:47,"[292.0, 74]","[290.0, 13]","[294.62, 65]","[303.56, 113]",293.31,265,2.62,-0.34
07:40:48,"[291.28, 25]","[286.19, 85]","[301.52, 81]","[333.56, 81]",296.4,272,10.24,-0.19
07:40:49,"[288.75, 32]","[285.35, 54]","[301.42, 57]","[347.76, 45]",295.09,188,12.67,-0.09
07:40:50,"[291.0, 56]","[286.84, 100]","[304.79, 94]","[331.37, 38]",297.89,288,13.79,0.08
07:40:51,"[291.83, 93]","[288.76, 100]","[303.64, 39]","[305.36, 69]",297.73,301,11.81,0.28
07:40:52,"[292.83, 83]","[291.0, 52]","[302.0, 13]","[306.15, 65]",297.42,213,9.17,0.27
07:40:53,"[293.0, 59]","[291.0, 48]","[297.95, 20]","[303.71, 55]",295.48,182,4.95,0.18
07:40:54,"[293.0, 57]","[291.0, 60]","[305.43, 61]","[307.37, 57]",299.21,235,12.43,-0.0
07:40:55,"[293.0, 39]","[291.0, 52]","[301.43, 56]","[303.24, 41]",297.21,188,8.43,-0.03
07:40:56,"[293.0, 27]","[291.0, 36]","[300.7, 40]","[302.82, 44]",296.85,147,7.7,-0.14
07:40:57,"[293.0, 39]","[291.0, 52]","[297.12, 40]","[299.28, 25]",295.06,156,4.12,0.17
07:40:58,"[291.69, 61]","[287.51, 218]","[294.55, 20]","[302.53, 99]",293.12,398,2.86,0.4
07:40:59,"[291.0, 52]","[287.0, 247]","[292.69, 13]","[294.0, 13]",291.85,325,1.69,0.84
07:41:00,"[287.09, 184]","[286.66, 29]","[291.91, 11]","[293.82, 11]",289.5,235,4.82,0.81
07:41:01,"[287.0, 176]","[286.0, 12]","[290.83, 12]","[294.0, 12]",288.92,212,3.83,0.77
07:41:02,"[287.68, 37]","[286.99, 149]","[289.64, 14]","[295.18, 17]",288.66,217,1.97,0.71
07:41:03,"[287.01, 149]","[286.5, 20]","[301.7, 23]","[456.13, 15]",294.35,207,14.69,0.63
07:41:04,"[287.0, 184]","[286.0, 10]","[301.11, 38]","[354.25, 16]",294.05,248,14.11,0.56
07:41:05,"[287.19, 59]","[286.98, 179]","[301.0, 56]","[305.32, 66]",294.09,360,13.81,0.32
07:41:06,"[288.0, 7]","[287.0, 112]","[300.67, 30]","[302.52, 33]",294.33,182,12.67,0.31
07:41:07,"[287.08, 52]","[286.91, 70]","[299.38, 39]","[301.34, 29]",293.23,190,12.31,0.28
07:41:08,"[291.91, 88]","[286.99, 204]","[298.38, 61]","[299.63, 60]",295.14,413,6.47,0.41
07:41:09,"[293.0, 33]","[291.0, 42]","[295.6, 63]","[299.67, 55]",294.3,193,2.6,-0.22
07:41:10,"[292.7, 27]","[289.54, 71]","[296.0, 75]","[304.0, 75]",294.35,248,3.3,-0.21
07:41:11,"[291.0, 54]","[287.0, 288]","[293.06, 90]","[305.93, 150]",292.03,582,2.06,0.18
07:41:12,"[291.0, 15]","[287.0, 80]","[292.0, 25]","[306.0, 25]",291.5,145,1.0,0.31
07:41:13,"[291.0, 18]","[287.0, 96]","[292.0, 30]","[306.0, 30]",291.5,174,1.0,0.31
07:41:14,"[287.0, 192]","[286.0, 60]","[303.86, 37]","[305.11, 62]",295.43,351,16.86,0.44
07:41:15,"[287.0, 224]","[286.0, 70]","[302.14, 42]","[305.0, 113]",294.57,449,15.14,0.31
07:41:16,"[287.0, 268]","[286.0, 85]","[299.38, 40]","[302.0, 53]",293.19,446,12.38,0.58
07:41:17,"[287.0, 210]","[286.0, 70]","[294.82, 38]","[296.38, 32]",290.91,350,7.82,0.6
07:41:18,"[287.0, 150]","[286.0, 50]","[292.1, 20]","[294.0, 30]",289.55,250,5.1,0.6
07:41:19,"[287.0, 144]","[286.0, 55]","[291.45, 22]","[294.0, 33]",289.23,254,4.45,0.57
07:41:20,"[287.0, 150]","[286.0, 75]","[290.07, 30]","[294.0, 45]",288.53,300,3.07,0.5
07:41:21,"[287.0, 65]","[286.0, 70]","[291.9, 40]","[296.46, 46]",289.45,221,4.9,0.22
07:41:22,"[285.97, 35]","[284.82, 34]","[299.93, 43]","[300.93, 54]",292.95,166,13.96,-0.17
07:41:23,"[285.0, 5]","[282.33, 18]","[298.0, 15]","[300.0, 20]",291.5,58,13.0,-0.21
07:41:24,"[287.35, 46]","[286.74, 46]","[296.39, 62]","[298.7, 46]",291.87,200,9.04,-0.08
07:41:25,"[288.17, 46]","[285.9, 20]","[296.89, 54]","[299.28, 50]",292.53,170,8.71,-0.22
07:41:26,"[293.0, 36]","[287.29, 28]","[296.0, 24]","[298.0, 36]",294.5,124,3.0,0.03
07:41:27,"[293.0, 18]","[287.27, 22]","[295.12, 17]","[297.62, 16]",294.06,73,2.12,0.1
07:41:28,"[293.0, 24]","[287.0, 64]","[294.5, 24]","[299.95, 37]",293.75,149,1.5,0.18
07:41:29,"[287.18, 99]","[285.5, 32]","[296.59, 17]","[299.4, 30]",291.89,178,9.41,0.47
07:41:30,"[287.0, 72]","[285.0, 18]","[295.33, 9]","[300.45, 22]",291.17,121,8.33,0.49
07:41:31,"[287.0, 59]","[285.0, 20]","[294.2, 10]","[301.0, 20]",290.6,109,7.2,0.45
07:41:32,"[287.0, 60]","[285.9, 50]","[292.75, 12]","[301.0, 24]",289.88,146,5.75,0.51
07:41:33,"[287.0, 60]","[286.0, 60]","[289.42, 24]","[298.2, 30]",288.21,174,2.42,0.38
07:41:34,"[286.62, 40]","[285.89, 28]","[288.32, 28]","[295.14, 14]",287.47,110,1.7,0.24
07:41:35,"[286.0, 60]","[285.0, 12]","[288.03, 30]","[290.93, 14]",287.02,116,2.03,0.24
07:41:36,"[286.0, 50]","[285.0, 10]","[287.33, 18]","[293.33, 24]",286.67,102,1.33,0.18
07:41:37,"[286.0, 33]","[285.0, 9]","[291.57, 23]","[297.18, 22]",288.78,87,5.57,-0.03
07:41:38,"[286.0, 28]","[283.14, 42]","[292.34, 44]","[295.09, 32]",289.17,146,6.34,-0.04
07:41:39,"[287.48, 29]","[282.24, 76]","[293.0, 33]","[300.0, 22]",290.24,160,5.52,0.31
07:41:40,"[285.8, 20]","[283.17, 36]","[293.0, 33]","[300.0, 22]",289.4,111,7.2,0.01
07:41:41,"[286.92, 39]","[280.92, 13]","[293.0, 39]","[300.0, 26]",289.96,117,6.08,-0.11
07:41:42,"[288.0, 28]","[279.31, 13]","[293.37, 38]","[302.86, 28]",290.68,107,5.37,-0.23
07:41:43,"[279.72, 61]","[277.53, 30]","[300.0, 14]","[460.0, 28]",289.86,133,20.28,0.37
07:41:44,"[284.72, 115]","[280.94, 79]","[298.4, 30]","[446.67, 48]",291.56,272,13.68,0.43
07:41:45,"[289.2, 130]","[288.0, 40]","[294.0, 40]","[302.7, 20]",291.6,230,4.8,0.48
07:41:46,"[290.58, 156]","[288.0, 48]","[293.71, 51]","[300.47, 30]",292.14,285,3.12,0.43
07:41:47,"[291.0, 136]","[288.0, 48]","[293.0, 60]","[298.0, 48]",292.0,292,2.0,0.26
07:41:48,"[292.0, 86]","[288.0, 44]","[293.0, 55]","[298.0, 44]",292.5,229,1.0,0.14
07:41:49,"[292.0, 71]","[288.0, 40]","[293.0, 50]","[298.0, 40]",292.5,201,1.0,0.1
07:41:50,"[292.0, 38]","[288.0, 44]","[297.44, 45]","[303.83, 24]",294.72,151,5.44,0.09
07:41:51,"[292.0, 21]","[288.17, 24]","[298.0, 28]","[305.0, 14]",295.0,87,6.0,0.03
07:41:52,"[292.0, 18]","[289.0, 12]","[298.0, 24]","[305.0, 12]",295.0,66,6.0,-0.09
07:41:53,"[292.0, 37]","[289.0, 26]","[297.33, 60]","[299.67, 42]",294.67,165,5.33,-0.24
07:41:54,"[291.54, 13]","[288.85, 26]","[296.42, 60]","[301.27, 66]",293.98,165,4.88,-0.53
07:41:55,"[289.0, 30]","[288.0, 60]","[293.57, 67]","[300.82, 76]",291.28,233,4.57,-0.23
07:41:56,"[289.0, 24]","[288.0, 48]","[290.39, 56]","[299.88, 26]",289.7,154,1.39,-0.06
07:41:57,"[289.0, 16]","[288.0, 32]","[290.0, 40]","[301.8, 15]",289.5,103,1.0,-0.07
07:41:58,"[290.24, 49]","[288.56, 25]","[300.0, 36]","[304.29, 51]",295.12,161,9.76,-0.08
07:41:59,"[291.38, 64]","[289.38, 65]","[298.64, 50]","[301.93, 30]",295.01,209,7.26,0.23
07:42:00,"[292.58, 48]","[291.0, 60]","[296.92, 39]","[297.81, 21]",294.75,168,4.34,0.29
07:42:01,"[291.49, 77]","[289.14, 78]","[297.45, 44]","[335.72, 78]",294.47,277,5.96,0.12
07:42:02,"[288.38, 55]","[286.96, 25]","[298.0, 64]","[355.72, 68]",293.19,212,9.62,-0.25
07:42:03,"[288.38, 37]","[286.89, 18]","[298.0, 48]","[311.0, 60]",293.19,163,9.62,-0.33
07:42:04,"[289.56, 27]","[287.12, 16]","[298.0, 40]","[311.0, 50]",293.78,133,8.44,-0.35
07:42:05,"[287.58, 19]","[285.15, 33]","[298.0, 36]","[318.44, 43]",292.79,131,10.42,-0.21
07:42:06,"[287.89, 38]","[285.31, 68]","[297.37, 52]","[309.49, 61]",292.63,219,9.47,-0.03
07:42:07,"[289.0, 72]","[287.0, 36]","[295.92, 36]","[298.0, 48]",292.46,192,6.92,0.12
07:42:08,"[289.45, 106]","[287.7, 69]","[294.53, 57]","[302.35, 98]",291.99,330,5.07,0.06
07:42:09,"[292.0, 48]","[289.0, 72]","[293.67, 36]","[305.0, 96]",292.83,252,1.67,-0.05
07:42:10,"[290.29, 35]","[288.75, 48]","[302.55, 44]","[306.3, 43]",296.42,170,12.26,-0.02
07:42:11,"[289.0, 64]","[288.0, 51]","[305.0, 85]","[307.0, 68]",297.0,268,16.0,-0.14
07:42:12,"[289.0, 18]","[288.0, 27]","[305.0, 45]","[307.0, 36]",297.0,126,16.0,-0.29
07:42:13,"[289.0, 14]","[288.0, 21]","[303.92, 25]","[305.26, 31]",296.46,91,14.92,-0.23
07:42:14,"[288.61, 23]","[286.88, 48]","[303.0, 39]","[304.44, 57]",295.8,167,14.39,-0.15
07:42:15,"[285.22, 46]","[284.91, 66]","[300.76, 50]","[302.06, 78]",292.99,240,15.54,-0.07
07:42:16,"[285.27, 33]","[284.75, 60]","[298.0, 65]","[300.0, 39]",291.64,197,12.73,-0.06
07:42:17,"[287.44, 16]","[283.69, 96]","[295.46, 52]","[298.22, 76]",291.45,240,8.02,-0.07
07:42:18,"[291.21, 24]","[288.06, 17]","[293.98, 49]","[298.82, 83]",292.59,173,2.77,-0.53
07:42:19,"[292.2, 15]","[287.14, 14]","[293.97, 31]","[299.07, 68]",293.08,128,1.77,-0.55
07:42:20,"[282.64, 45]","[280.14, 35]","[299.38, 37]","[301.4, 50]",291.01,167,16.73,-0.04
07:42:21,"[279.0, 117]","[277.0, 65]","[300.0, 35]","[301.0, 65]",289.5,282,21.0,0.29
07:42:22,"[280.55, 96]","[279.0, 64]","[298.33, 42]","[300.16, 64]",289.44,266,17.78,0.2
07:42:23,"[285.55, 112]","[280.83, 93]","[294.97, 66]","[298.38, 61]",290.26,332,9.42,0.23
07:42:24,"[286.11, 76]","[281.64, 94]","[291.59, 44]","[293.15, 53]",288.85,267,5.49,0.27
07:42:25,"[286.29, 70]","[282.5, 100]","[288.34, 35]","[290.1, 63]",287.31,268,2.06,0.27
07:42:26,"[286.74, 68]","[283.93, 60]","[288.23, 61]","[292.81, 37]",287.48,226,1.49,0.13
07:42:27,"[286.0, 68]","[278.68, 19]","[296.98, 41]","[300.41, 58]",291.49,186,10.98,-0.06
07:42:28,"[286.0, 52]","[279.0, 13]","[296.08, 39]","[298.52, 31]",291.04,135,10.08,-0.04
07:42:29,"[286.55, 44]","[281.0, 14]","[295.55, 33]","[298.73, 22]",291.05,113,9.0,0.03
07:42:30,"[292.0, 60]","[286.0, 60]","[293.93, 45]","[300.27, 66]",292.97,231,1.93,0.04
07:42:31,"[292.0, 48]","[286.0, 59]","[293.0, 42]","[300.51, 59]",292.5,208,1.0,0.03
07:42:32,"[289.23, 26]","[284.05, 37]","[292.87, 31]","[299.46, 39]",291.05,133,3.64,-0.05
07:42:33,"[286.0, 36]","[278.0, 27]","[290.11, 36]","[293.0, 27]",288.06,126,4.11,0.0
07:42:34,"[286.0, 40]","[278.0, 30]","[289.47, 34]","[291.0, 36]",287.74,140,3.47,0.0
07:42:35,"[286.0, 35]","[278.0, 30]","[287.5, 30]","[290.0, 40]",286.75,135,1.5,-0.04
07:42:36,"[278.73, 33]","[276.46, 13]","[288.56, 41]","[295.05, 84]",283.64,171,9.83,-0.46
07:42:37,"[278.0, 27]","[276.0, 9]","[286.89, 36]","[296.0, 81]",282.44,153,8.89,-0.53
07:42:38,"[278.59, 44]","[277.45, 22]","[285.48, 46]","[294.55, 66]",282.03,178,6.89,-0.26
07:42:39,"[281.09, 66]","[279.85, 53]","[284.23, 66]","[294.41, 88]",282.66,273,3.14,-0.13
07:42:40,"[283.43, 44]","[278.53, 30]","[291.18, 49]","[295.62, 64]",287.31,187,7.75,-0.21
07:42:41,"[285.67, 48]","[272.88, 43]","[295.42, 48]","[302.77, 39]",290.54,178,9.75,0.02
07:42:42,"[275.42, 62]","[273.96, 53]","[291.0, 95]","[411.88, 65]",283.21,275,15.58,-0.16
07:42:43,"[279.0, 20]","[275.8, 25]","[282.34, 41]","[297.35, 46]",280.67,132,3.34,-0.32
07:42:44,"[279.0, 24]","[275.0, 36]","[291.93, 59]","[363.89, 28]",285.47,147,12.93,-0.18
07:42:45,"[279.89, 18]","[272.78, 36]","[290.67, 36]","[292.0, 45]",285.28,135,10.78,-0.2
07:42:46,"[280.29, 28]","[272.91, 79]","[289.79, 56]","[292.86, 70]",285.04,233,9.5,-0.08
07:42:47,"[280.7, 27]","[272.0, 34]","[289.0, 60]","[300.67, 75]",284.85,196,8.3,-0.38
07:42:48,"[273.0, 43]","[268.48, 25]","[281.74, 43]","[286.0, 57]",277.37,168,8.74,-0.19
07:42:49,"[273.0, 24]","[272.0, 6]","[280.75, 20]","[281.87, 23]",276.88,73,7.75,-0.18
07:42:50,"[273.13, 46]","[272.55, 22]","[277.62, 65]","[279.25, 63]",275.37,196,4.48,-0.31
07:42:51,"[275.68, 38]","[273.2, 20]","[280.44, 27]","[281.94, 47]",278.06,132,4.76,-0.12
07:42:52,"[277.2, 41]","[275.0, 52]","[281.0, 18]","[282.0, 36]",279.1,147,3.8,0.27
07:42:53,"[277.0, 42]","[268.0, 21]","[280.08, 26]","[281.25, 16]",278.54,105,3.08,0.2
07:42:54,"[277.0, 60]","[272.0, 40]","[280.67, 24]","[281.89, 36]",278.83,160,3.67,0.25
07:42:55,"[277.0, 38]","[272.0, 28]","[281.0, 14]","[282.0, 28]",279.0,108,4.0,0.22
07:42:56,"[277.0, 18]","[272.0, 36]","[281.0, 18]","[282.0, 36]",279.0,108,4.0,0.0
07:42:57,"[277.5, 12]","[272.0, 24]","[281.0, 12]","[282.0, 24]",279.25,72,3.5,0.0
07:42:58,"[278.0, 16]","[272.0, 32]","[281.0, 15]","[282.0, 32]",279.5,95,3.0,0.01
07:42:59,"[278.77, 26]","[273.59, 34]","[281.0, 12]","[282.0, 48]",279.88,120,2.23,0.0
07:43:00,"[279.92, 50]","[274.94, 34]","[281.92, 26]","[283.34, 65]",280.92,175,2.0,-0.04
07:43:01,"[279.17, 12]","[278.05, 21]","[283.0, 22]","[285.0, 99]",281.08,154,3.83,-0.57
07:43:02,"[280.33, 15]","[271.55, 51]","[283.0, 26]","[285.0, 117]",281.67,209,2.67,-0.37
07:43:03,"[269.73, 30]","[268.19, 43]","[281.0, 41]","[283.0, 18]",275.37,132,11.27,0.11
07:43:04,"[269.0, 48]","[268.0, 50]","[282.36, 33]","[285.0, 30]",275.68,161,13.36,0.22
07:43:05,"[269.0, 15]","[268.0, 35]","[284.0, 21]","[286.0, 28]",276.5,99,15.0,0.01
07:43:06,"[269.0, 15]","[268.0, 35]","[283.9, 20]","[285.78, 27]",276.45,97,14.9,0.03
07:43:07,"[269.0, 42]","[268.0, 70]","[282.43, 28]","[284.85, 47]",275.71,187,13.43,0.2
07:43:08,"[269.0, 30]","[268.0, 50]","[282.0, 20]","[286.0, 40]",275.5,140,13.0,0.14
07:43:09,"[269.0, 30]","[268.0, 60]","[279.6, 15]","[280.92, 25]",274.3,130,10.6,0.38
07:43:10,"[269.0, 12]","[268.0, 42]","[284.6, 20]","[286.71, 14]",276.8,88,15.6,0.23
07:43:11,"[274.05, 38]","[268.08, 53]","[284.55, 22]","[286.04, 23]",279.3,136,10.49,0.34
07:43:12,"[277.0, 108]","[269.89, 18]","[284.0, 18]","[285.0, 27]",280.5,171,7.0,0.47
07:43:13,"[277.35, 68]","[275.79, 58]","[284.84, 25]","[287.1, 20]",281.1,171,7.49,0.47
07:43:14,"[277.23, 78]","[274.38, 64]","[285.0, 30]","[288.0, 20]",281.12,192,7.77,0.48
07:43:15,"[277.58, 72]","[276.0, 72]","[285.0, 27]","[288.0, 18]",281.29,189,7.42,0.52
07:43:16,"[278.31, 51]","[277.53, 106]","[285.0, 39]","[288.0, 26]",281.66,222,6.69,0.41
07:43:17,"[280.24, 34]","[279.38, 74]","[285.0, 36]","[288.0, 24]",282.62,168,4.76,0.29
07:43:18,"[282.58, 53]","[280.27, 73]","[285.0, 42]","[288.0, 28]",283.79,196,2.42,0.29
07:43:19,"[283.67, 126]","[282.0, 36]","[285.35, 51]","[298.33, 45]",284.51,258,1.69,0.26
07:43:20,"[285.07, 121]","[280.32, 41]","[287.61, 36]","[312.71, 69]",286.34,267,2.54,0.21
07:43:21,"[287.34, 118]","[271.95, 38]","[300.32, 62]","[315.67, 90]",293.83,308,12.98,0.01
07:43:22,"[290.92, 122]","[289.21, 122]","[303.0, 64]","[312.97, 58]",296.96,366,12.08,0.33
07:43:23,"[294.0, 96]","[290.54, 132]","[302.18, 65]","[362.97, 36]",298.09,329,8.18,0.39
07:43:24,"[295.0, 44]","[294.0, 44]","[298.14, 42]","[299.23, 35]",296.57,165,3.14,0.07
07:43:25,"[294.2, 80]","[287.26, 78]","[296.98, 53]","[399.85, 47]",295.59,258,2.78,0.22
07:43:26,"[291.96, 46]","[288.43, 51]","[295.82, 44]","[421.9, 63]",293.89,204,3.86,-0.05
07:43:27,"[288.48, 42]","[286.52, 46]","[295.0, 48]","[624.28, 74]",291.74,210,6.52,-0.16
07:43:28,"[288.0, 6]","[286.0, 18]","[294.17, 18]","[458.5, 30]",291.08,72,6.17,-0.33
07:43:29,"[288.0, 9]","[286.0, 27]","[294.0, 27]","[417.0, 17]",291.0,80,6.0,-0.1
07:43:30,"[286.0, 33]","[281.0, 168]","[293.41, 37]","[366.0, 27]",289.7,265,7.41,0.52
07:43:31,"[288.25, 48]","[281.56, 81]","[291.8, 25]","[321.0, 35]",290.02,189,3.55,0.37
07:43:32,"[288.64, 100]","[282.4, 60]","[293.0, 60]","[379.57, 49]",290.82,269,4.36,0.19
07:43:33,"[286.0, 27]","[280.0, 81]","[291.7, 40]","[314.26, 34]",288.85,182,5.7,0.19
07:43:34,"[286.0, 21]","[280.0, 81]","[288.62, 32]","[290.22, 41]",287.31,175,2.62,0.17
07:43:35,"[281.24, 34]","[279.78, 81]","[287.38, 40]","[288.57, 35]",284.31,190,6.14,0.21
07:43:36,"[280.12, 102]","[279.13, 69]","[335.51, 43]","[337.53, 38]",307.81,252,55.39,0.36
07:43:37,"[284.9, 79]","[281.39, 132]","[507.06, 68]","[540.75, 48]",395.98,327,222.16,0.29
07:43:38,"[286.0, 8]","[285.0, 9]","[496.0, 15]","[513.33, 12]",391.0,44,210.0,-0.23
07:43:39,"[286.15, 13]","[285.03, 34]","[454.0, 52]","[519.71, 55]",370.08,154,167.85,-0.39
07:43:40,"[286.0, 8]","[285.0, 24]","[504.25, 40]","[630.0, 20]",395.12,92,218.25,-0.3
07:43:41,"[288.8, 10]","[286.72, 65]","[587.56, 45]","[639.45, 29]",438.18,149,298.76,0.01
07:43:42,"[291.09, 11]","[287.0, 88]","[392.93, 54]","[472.57, 42]",342.01,195,101.84,0.02
07:43:43,"[292.23, 31]","[286.92, 76]","[380.45, 55]","[582.13, 46]",336.34,208,88.23,0.03
07:43:44,"[294.0, 27]","[287.0, 63]","[379.64, 44]","[420.38, 21]",336.82,155,85.64,0.16
07:43:45,"[287.0, 22]","[285.0, 30]","[378.87, 47]","[420.07, 29]",332.94,128,91.87,-0.19
07:43:46,"[292.09, 11]","[285.62, 13]","[374.72, 29]","[411.0, 20]",333.41,73,82.63,-0.34
07:43:47,"[289.33, 6]","[285.15, 13]","[357.06, 17]","[392.26, 19]",323.2,55,67.73,-0.31
07:43:48,"[287.0, 25]","[285.0, 30]","[295.0, 50]","[296.0, 30]",291.0,135,8.0,-0.19
07:43:49,"[285.07, 28]","[280.18, 84]","[294.3, 50]","[296.0, 30]",289.69,192,9.23,0.17
07:43:50,"[285.0, 24]","[280.0, 72]","[293.75, 40]","[296.0, 24]",289.38,160,8.75,0.2
07:43:51,"[285.0, 8]","[280.0, 54]","[292.5, 30]","[296.0, 18]",288.75,110,7.5,0.13
07:43:52,"[285.0, 9]","[280.0, 81]","[292.0, 45]","[293.33, 27]",288.5,162,7.0,0.11
07:43:53,"[285.0, 17]","[280.0, 153]","[291.7, 57]","[292.61, 41]",288.35,268,6.7,0.27
07:43:54,"[285.71, 28]","[279.85, 92]","[287.17, 12]","[291.5, 22]",286.44,154,1.45,0.56
07:43:55,"[286.22, 36]","[283.46, 57]","[291.74, 31]","[367.71, 51]",288.98,175,5.52,0.06
07:43:56,"[289.58, 24]","[287.22, 18]","[294.0, 36]","[381.08, 36]",291.79,114,4.42,-0.26
07:43:57,"[292.03, 65]","[290.12, 32]","[293.92, 24]","[417.38, 16]",292.97,137,1.89,0.42
07:43:58,"[292.0, 91]","[288.0, 39]","[312.64, 28]","[456.83, 29]",302.32,187,20.64,0.39
07:43:59,"[292.37, 65]","[289.33, 36]","[476.38, 13]","[604.19, 31]",384.38,145,184.02,0.39
07:44:00,"[292.67, 24]","[290.5, 32]","[439.33, 27]","[528.65, 17]",366.0,100,146.67,0.12
07:44:01,"[292.0, 28]","[288.0, 21]","[376.0, 21]","[516.43, 21]",334.0,91,84.0,0.08
07:44:02,"[293.27, 44]","[292.0, 44]","[373.09, 33]","[508.91, 33]",333.18,154,79.82,0.14
07:44:03,"[294.0, 32]","[292.0, 32]","[515.0, 24]","[706.0, 24]",404.5,112,221.0,0.14
07:44:04,"[292.74, 38]","[290.06, 31]","[488.9, 30]","[719.0, 30]",390.82,129,196.16,0.07
07:44:05,"[292.0, 20]","[288.0, 10]","[663.0, 15]","[736.0, 15]",477.5,60,371.0,0.0
07:44:06,"[292.0, 32]","[287.55, 22]","[556.25, 24]","[736.0, 24]",424.12,102,264.25,0.06
07:44:07,"[292.29, 28]","[288.95, 41]","[540.76, 21]","[639.89, 27]",416.52,117,248.48,0.18
07:44:08,"[293.0, 22]","[292.0, 44]","[497.64, 11]","[557.12, 24]",395.32,101,204.64,0.31
07:44:09,"[294.29, 14]","[292.0, 32]","[388.12, 8]","[648.12, 8]",341.21,62,93.84,0.48
07:44:10,"[293.5, 4]","[288.33, 30]","[388.0, 4]","[791.0, 4]",340.75,42,94.5,0.62
07:44:11,"[287.0, 72]","[286.0, 80]","[387.75, 8]","[642.67, 12]",337.38,172,100.75,0.77
07:44:12,"[287.0, 43]","[286.0, 70]","[367.26, 19]","[433.96, 23]",327.13,155,80.26,0.46
07:44:13,"[287.0, 32]","[286.0, 80]","[361.89, 28]","[368.25, 20]",324.45,160,74.89,0.4
07:44:14,"[287.0, 32]","[286.0, 80]","[359.38, 8]","[400.38, 32]",323.19,152,72.38,0.47
07:44:15,"[287.0, 24]","[286.0, 60]","[358.33, 6]","[457.73, 22]",322.67,112,71.33,0.5
07:44:16,"[287.0, 36]","[286.0, 90]","[326.0, 18]","[337.76, 17]",306.5,161,39.0,0.57
07:44:17,"[287.0, 56]","[286.0, 140]","[292.18, 17]","[313.96, 25]",289.59,238,5.18,0.65
07:44:18,"[287.0, 72]","[286.0, 180]","[289.94, 18]","[291.9, 48]",288.47,318,2.94,0.58
07:44:19,"[287.0, 32]","[286.0, 120]","[289.0, 12]","[292.0, 24]",288.0,188,2.0,0.62
07:44:20,"[286.14, 73]","[285.74, 68]","[288.73, 15]","[291.59, 27]",287.44,183,2.6,0.54
07:44:21,"[289.7, 89]","[285.87, 90]","[293.73, 22]","[372.24, 49]",291.71,250,4.03,0.43
07:44:22,"[293.0, 24]","[286.12, 41]","[296.0, 9]","[467.39, 18]",294.5,92,3.0,0.41
07:44:23,"[293.43, 56]","[292.2, 20]","[304.85, 39]","[326.45, 11]",299.14,126,11.42,0.21
07:44:24,"[294.29, 112]","[293.0, 56]","[304.5, 70]","[308.0, 14]",299.39,252,10.21,0.33
07:44:25,"[295.0, 80]","[293.0, 40]","[303.0, 50]","[308.0, 10]",299.0,180,8.0,0.33
07:44:26,"[295.0, 72]","[293.0, 36]","[301.56, 45]","[305.06, 17]",298.28,170,6.56,0.27
07:44:27,"[295.0, 80]","[293.0, 48]","[301.7, 50]","[303.19, 52]",298.35,230,6.7,0.11
07:44:28,"[295.0, 52]","[293.0, 52]","[301.62, 39]","[305.24, 17]",298.31,160,6.62,0.3
07:44:29,"[295.0, 32]","[293.0, 32]","[300.0, 24]","[307.75, 8]",297.5,96,5.0,0.33
07:44:30,"[295.0, 48]","[293.0, 27]","[297.92, 36]","[309.17, 12]",296.46,123,2.92,0.22
07:44:31,"[294.6, 30]","[292.44, 16]","[296.58, 36]","[309.33, 12]",295.59,94,1.98,-0.02
07:44:32,"[290.7, 27]","[288.07, 30]","[294.36, 33]","[308.0, 11]",292.53,101,3.66,0.13
07:44:33,"[286.0, 72]","[283.22, 27]","[294.0, 27]","[408.78, 18]",290.0,144,8.0,0.38
07:44:34,"[286.0, 18]","[285.0, 3]","[294.0, 9]","[306.0, 3]",290.0,33,8.0,0.27
07:44:35,"[286.0, 25]","[285.0, 5]","[293.92, 13]","[300.86, 7]",289.96,50,7.92,0.2
07:44:36,"[286.35, 34]","[285.81, 37]","[290.17, 29]","[290.96, 23]",288.26,123,3.82,0.15
07:44:37,"[286.0, 22]","[285.0, 11]","[287.37, 19]","[289.68, 25]",286.68,77,1.37,-0.14
07:44:38,"[285.78, 9]","[284.33, 15]","[289.31, 13]","[412.13, 15]",287.54,52,3.53,-0.08
07:44:39,"[286.97, 61]","[284.64, 14]","[301.0, 31]","[394.86, 14]",293.98,120,14.03,0.25
07:44:40,"[287.0, 30]","[285.0, 5]","[301.0, 20]","[609.46, 13]",294.0,68,14.0,0.03
07:44:41,"[287.0, 30]","[285.0, 5]","[300.67, 18]","[602.5, 8]",293.83,61,13.67,0.15
07:44:42,"[288.42, 19]","[286.97, 79]","[298.71, 31]","[298.89, 28]",293.57,157,10.29,0.25
07:44:43,"[289.1, 20]","[286.98, 85]","[293.77, 39]","[295.58, 43]",291.43,187,4.67,0.12
07:44:44,"[287.72, 46]","[286.7, 92]","[291.56, 54]","[295.8, 30]",289.64,222,3.84,0.24
07:44:45,"[287.18, 51]","[285.71, 68]","[289.89, 44]","[295.62, 21]",288.53,184,2.71,0.29
07:44:46,"[284.22, 36]","[283.53, 60]","[286.35, 34]","[287.14, 56]",285.29,186,2.13,0.03
07:44:47,"[284.0, 52]","[281.15, 39]","[285.52, 25]","[333.86, 14]",284.76,130,1.52,0.4
07:44:48,"[284.78, 27]","[282.95, 43]","[289.7, 23]","[401.83, 23]",287.24,116,4.92,0.21
07:44:49,"[282.2, 25]","[281.26, 35]","[288.0, 30]","[292.13, 15]",285.1,105,5.8,0.14
07:44:50,"[281.49, 43]","[280.5, 42]","[285.6, 42]","[291.65, 26]",283.54,153,4.11,0.11
07:44:51,"[281.0, 30]","[280.0, 30]","[282.0, 10]","[283.0, 40]",281.5,110,1.0,0.09
07:44:52,"[280.0, 36]","[278.33, 36]","[280.67, 27]","[282.85, 33]",280.33,132,0.67,0.09
07:44:53,"[277.0, 48]","[275.11, 99]","[282.53, 19]","[284.02, 43]",279.76,209,5.53,0.41
07:44:54,"[277.0, 18]","[274.0, 24]","[286.0, 24]","[297.0, 6]",281.5,72,9.0,0.17
07:44:55,"[277.0, 18]","[274.0, 24]","[286.0, 24]","[297.0, 6]",281.5,72,9.0,0.17
07:44:56,"[277.0, 58]","[274.0, 40]","[286.0, 40]","[320.92, 25]",281.5,163,9.0,0.2
07:44:57,"[277.73, 179]","[276.06, 89]","[282.38, 58]","[286.93, 56]",280.05,382,4.65,0.4
07:44:58,"[278.64, 137]","[274.69, 52]","[280.84, 50]","[283.07, 30]",279.74,269,2.2,0.41
07:44:59,"[278.47, 72]","[274.23, 52]","[285.0, 45]","[288.0, 36]",281.74,205,6.53,0.21
07:45:00,"[279.67, 72]","[276.0, 30]","[285.0, 36]","[288.0, 36]",282.33,174,5.33,0.17
07:45:01,"[280.91, 66]","[271.43, 14]","[285.0, 33]","[288.0, 33]",282.95,146,4.09,0.1
07:45:02,"[282.0, 30]","[271.67, 18]","[285.0, 15]","[288.0, 15]",283.5,78,3.0,0.23
07:45:03,"[282.0, 38]","[275.0, 24]","[285.0, 24]","[288.0, 24]",283.5,110,3.0,0.13
07:45:04,"[282.38, 32]","[275.0, 29]","[285.0, 24]","[288.0, 24]",283.69,109,2.62,0.12
07:45:05,"[279.5, 24]","[274.0, 15]","[286.5, 18]","[288.62, 24]",283.0,81,7.0,-0.04
07:45:06,"[276.66, 38]","[275.1, 52]","[288.0, 52]","[289.0, 90]",282.33,232,11.34,-0.22
07:45:07,"[277.24, 33]","[276.89, 45]","[287.91, 56]","[330.46, 65]",282.58,199,10.67,-0.22
07:45:08,"[278.36, 11]","[277.0, 55]","[285.65, 46]","[288.73, 55]",282.01,167,7.29,-0.21
07:45:09,"[280.97, 32]","[278.34, 70]","[284.48, 42]","[287.17, 69]",282.72,213,3.51,-0.04
07:45:10,"[282.27, 55]","[273.15, 34]","[284.0, 22]","[285.0, 44]",283.14,155,1.73,0.15
07:45:11,"[283.0, 45]","[271.0, 39]","[284.87, 46]","[289.08, 65]",283.93,195,1.87,-0.14
07:45:12,"[283.22, 27]","[271.0, 27]","[285.0, 36]","[289.0, 36]",284.11,126,1.78,-0.14
07:45:13,"[275.17, 42]","[270.69, 26]","[289.04, 72]","[290.31, 54]",282.1,194,13.88,-0.3
07:45:14,"[274.56, 27]","[273.33, 18]","[279.55, 51]","[289.94, 54]",277.05,150,4.99,-0.4
07:45:15,"[276.42, 36]","[275.86, 69]","[286.18, 49]","[289.37, 78]",281.3,232,9.77,-0.09
07:45:16,"[282.31, 78]","[281.58, 31]","[287.0, 54]","[288.0, 90]",284.65,253,4.69,-0.14
07:45:17,"[286.74, 31]","[285.53, 34]","[288.0, 56]","[474.62, 26]",287.37,147,1.26,-0.12
07:45:18,"[286.25, 16]","[284.59, 27]","[287.75, 24]","[461.64, 22]",287.0,89,1.5,-0.03
07:45:19,"[285.0, 40]","[276.55, 66]","[286.71, 34]","[287.84, 31]",285.85,171,1.71,0.24
07:45:20,"[277.56, 142]","[276.65, 93]","[283.86, 56]","[290.44, 36]",280.71,327,6.29,0.44
07:45:21,"[277.0, 116]","[276.0, 33]","[279.88, 51]","[284.38, 37]",278.44,237,2.88,0.26
07:45:22,"[277.92, 95]","[276.97, 91]","[279.45, 44]","[282.5, 48]",278.69,278,1.54,0.34
07:45:23,"[277.5, 64]","[275.2, 100]","[286.67, 36]","[312.62, 42]",282.08,242,9.17,0.36
07:45:24,"[279.12, 17]","[275.27, 80]","[295.0, 34]","[317.0, 97]",287.06,228,15.88,-0.15
07:45:25,"[281.93, 15]","[280.87, 15]","[286.54, 52]","[305.1, 42]",284.24,124,4.61,-0.52
07:45:26,"[284.15, 20]","[282.0, 19]","[289.16, 50]","[293.95, 38]",286.65,127,5.01,-0.39
07:45:27,"[285.13, 15]","[278.12, 25]","[293.0, 26]","[294.0, 26]",289.07,92,7.87,-0.13
07:45:28,"[283.6, 15]","[278.0, 30]","[291.38, 65]","[292.17, 60]",287.49,170,7.78,-0.47
07:45:29,"[284.92, 13]","[281.45, 58]","[290.73, 55]","[291.81, 62]",287.83,188,5.8,-0.24
07:45:30,"[285.4, 15]","[283.0, 150]","[289.2, 75]","[291.0, 60]",287.3,300,3.8,0.1
07:45:31,"[287.84, 87]","[283.38, 80]","[289.4, 81]","[291.43, 56]",288.62,304,1.56,0.1
07:45:32,"[287.67, 45]","[286.91, 33]","[291.0, 36]","[296.22, 9]",289.33,123,3.33,0.27
07:45:33,"[286.92, 49]","[282.71, 17]","[289.39, 49]","[291.91, 22]",288.15,137,2.47,-0.04
07:45:34,"[286.0, 10]","[279.0, 20]","[287.33, 36]","[289.73, 22]",286.67,88,1.33,-0.32
07:45:35,"[286.0, 9]","[279.0, 18]","[288.0, 25]","[298.0, 9]",287.0,61,2.0,-0.11
07:45:36,"[286.58, 12]","[281.65, 17]","[288.17, 12]","[296.0, 12]",287.38,53,1.58,0.09
07:45:37,"[286.0, 4]","[277.0, 8]","[290.0, 4]","[298.0, 4]",288.0,20,4.0,0.2
07:45:38,"[281.27, 11]","[276.57, 14]","[298.0, 8]","[302.0, 16]",289.64,49,16.73,0.02
07:45:39,"[276.69, 26]","[273.29, 28]","[298.0, 11]","[302.0, 22]",287.35,87,21.31,0.24
07:45:40,"[277.32, 74]","[275.67, 60]","[298.0, 11]","[302.0, 22]",287.66,167,20.68,0.6
07:45:41,"[279.0, 56]","[276.36, 70]","[298.0, 10]","[302.0, 20]",288.5,156,19.0,0.62
07:45:42,"[279.0, 50]","[277.0, 50]","[297.08, 26]","[299.84, 19]",288.04,145,18.08,0.38
07:45:43,"[287.87, 52]","[278.33, 30]","[293.14, 58]","[295.85, 65]",290.5,205,5.27,-0.2
07:45:44,"[291.31, 48]","[280.6, 15]","[293.0, 75]","[294.0, 30]",292.16,168,1.69,-0.25
07:45:45,"[285.5, 18]","[277.29, 21]","[292.09, 33]","[292.92, 24]",288.8,96,6.59,-0.19
07:45:46,"[279.0, 12]","[277.0, 24]","[293.12, 16]","[357.52, 29]",286.06,81,14.12,-0.11
07:45:47,"[292.81, 74]","[283.94, 32]","[296.46, 13]","[368.72, 29]",294.64,148,3.65,0.43
07:45:48,"[293.0, 45]","[285.4, 30]","[298.0, 9]","[359.11, 45]",295.5,129,5.0,0.16
07:45:49,"[293.0, 40]","[287.0, 48]","[298.0, 8]","[315.83, 36]",295.5,132,5.0,0.33
07:45:50,"[293.0, 46]","[287.0, 60]","[298.96, 25]","[322.8, 30]",295.98,161,5.96,0.32
07:45:51,"[293.0, 8]","[287.0, 48]","[295.25, 16]","[298.0, 8]",294.12,80,2.25,0.4
07:45:52,"[289.4, 25]","[286.96, 49]","[294.56, 18]","[296.0, 21]",291.98,113,5.16,0.31
07:45:53,"[287.0, 45]","[285.0, 27]","[292.58, 12]","[294.6, 15]",289.79,99,5.58,0.45
07:45:54,"[287.0, 55]","[285.0, 33]","[291.9, 20]","[292.69, 13]",289.45,121,4.9,0.45
07:45:55,"[287.19, 43]","[286.25, 56]","[289.72, 25]","[293.65, 17]",288.45,141,2.53,0.4
07:45:56,"[286.84, 38]","[284.68, 22]","[298.75, 8]","[381.0, 8]",292.8,76,11.91,0.58
07:45:57,"[282.24, 29]","[273.0, 21]","[297.0, 9]","[388.67, 9]",289.62,68,14.76,0.47
07:45:58,"[275.0, 40]","[271.0, 70]","[285.91, 22]","[322.37, 19]",280.45,151,10.91,0.46
07:45:59,"[275.0, 24]","[271.0, 42]","[277.0, 24]","[282.0, 24]",276.0,114,2.0,0.16
07:46:00,"[275.14, 44]","[271.73, 60]","[280.5, 40]","[284.74, 23]",277.82,167,5.36,0.25
07:46:01,"[276.42, 24]","[272.43, 42]","[282.0, 44]","[291.0, 11]",279.21,121,5.58,0.09
07:46:02,"[271.23, 52]","[268.0, 156]","[291.0, 13]","[448.56, 43]",281.12,264,19.77,0.58
07:46:03,"[271.7, 71]","[268.4, 159]","[288.11, 65]","[332.65, 37]",279.91,332,16.4,0.39
07:46:04,"[271.61, 108]","[268.74, 94]","[284.81, 47]","[285.13, 47]",278.21,296,13.2,0.36
07:46:05,"[272.0, 117]","[269.0, 63]","[277.0, 9]","[279.0, 45]",274.5,234,5.0,0.54
07:46:06,"[272.19, 86]","[270.66, 94]","[277.0, 10]","[279.0, 50]",274.59,240,4.81,0.5
07:46:07,"[275.0, 30]","[274.0, 20]","[278.36, 22]","[279.15, 41]",276.68,113,3.36,-0.12
07:46:08,"[275.5, 36]","[274.0, 24]","[278.64, 55]","[279.36, 39]",277.07,154,3.14,-0.22
07:46:09,"[274.69, 48]","[269.05, 111]","[277.67, 57]","[279.03, 67]",276.18,283,2.98,0.12
07:46:10,"[269.0, 21]","[267.93, 43]","[278.47, 15]","[279.14, 29]",273.73,108,9.47,0.19
07:46:11,"[269.35, 17]","[268.11, 55]","[278.76, 38]","[279.48, 29]",274.06,139,9.41,0.04
07:46:12,"[270.3, 86]","[267.5, 60]","[278.93, 59]","[279.52, 42]",274.62,247,8.63,0.18
07:46:13,"[267.83, 69]","[265.86, 21]","[284.42, 12]","[284.81, 16]",276.12,118,16.59,0.53
07:46:14,"[266.0, 16]","[264.04, 50]","[285.0, 8]","[288.0, 8]",275.5,82,19.0,0.61
07:46:15,"[266.0, 22]","[264.0, 88]","[277.0, 16]","[280.3, 23]",271.5,149,11.0,0.48
07:46:16,"[267.52, 23]","[264.24, 82]","[278.8, 40]","[283.0, 18]",273.16,163,11.28,0.29
07:46:17,"[274.35, 46]","[272.35, 43]","[279.0, 52]","[281.36, 66]",276.67,207,4.65,-0.14
07:46:18,"[277.71, 87]","[276.12, 34]","[280.05, 19]","[281.17, 47]",278.88,187,2.34,0.29
07:46:19,"[279.77, 39]","[278.43, 81]","[283.96, 52]","[328.57, 40]",281.87,212,4.19,0.13
07:46:20,"[282.05, 22]","[280.67, 18]","[353.67, 24]","[442.83, 24]",317.86,88,71.62,-0.09
07:46:21,"[285.03, 31]","[283.91, 44]","[383.41, 39]","[426.36, 39]",334.22,153,98.38,-0.02
07:46:22,"[286.65, 57]","[284.48, 27]","[355.0, 55]","[400.0, 55]",320.82,194,68.35,-0.13
07:46:23,"[287.82, 39]","[285.88, 25]","[373.0, 50]","[413.6, 50]",330.41,164,85.18,-0.22
07:46:24,"[287.1, 29]","[286.05, 38]","[382.15, 41]","[442.47, 43]",334.62,151,95.04,-0.11
07:46:25,"[287.0, 10]","[286.0, 12]","[388.0, 20]","[515.0, 8]",337.5,50,101.0,-0.12
07:46:26,"[288.5, 24]","[286.29, 17]","[387.0, 36]","[388.0, 45]",337.75,122,98.5,-0.33
07:46:27,"[290.0, 44]","[287.0, 11]","[386.18, 44]","[458.27, 55]",338.09,154,96.18,-0.29
07:46:28,"[290.17, 72]","[287.0, 18]","[311.6, 68]","[333.21, 76]",300.88,234,21.44,-0.23
07:46:29,"[292.0, 38]","[288.8, 90]","[298.02, 63]","[300.22, 63]",295.01,254,6.02,0.01
07:46:30,"[291.05, 38]","[288.9, 41]","[297.0, 40]","[298.0, 32]",294.03,151,5.95,0.05
07:46:31,"[291.0, 82]","[287.0, 30]","[294.61, 71]","[295.81, 64]",292.8,247,3.61,-0.09
07:46:32,"[290.06, 34]","[286.54, 26]","[293.06, 52]","[301.57, 35]",291.56,147,3.0,-0.18
07:46:33,"[287.0, 10]","[286.0, 15]","[304.06, 18]","[364.0, 5]",295.53,48,17.06,0.04
07:46:34,"[287.0, 16]","[286.0, 24]","[359.0, 16]","[401.94, 18]",323.0,74,72.0,0.08
07:46:35,"[287.0, 17]","[286.0, 52]","[359.0, 28]","[409.0, 42]",323.0,139,72.0,-0.01
07:46:36,"[287.0, 12]","[286.0, 34]","[341.83, 23]","[365.16, 32]",314.41,101,54.83,-0.09
07:46:37,"[286.81, 26]","[285.98, 61]","[319.89, 37]","[330.24, 29]",303.35,153,33.08,0.14
07:46:38,"[286.54, 26]","[285.85, 26]","[302.42, 24]","[322.04, 24]",294.48,100,15.88,0.04
07:46:39,"[287.5, 36]","[286.42, 36]","[302.84, 19]","[309.24, 29]",295.17,120,15.34,0.2
07:46:40,"[288.5, 12]","[287.2, 15]","[309.0, 10]","[310.0, 15]",298.75,52,20.5,0.04
07:46:41,"[290.77, 26]","[288.0, 39]","[307.46, 26]","[310.0, 39]",299.12,130,16.69,0.0
07:46:42,"[292.4, 25]","[287.16, 57]","[303.05, 39]","[306.37, 38]",297.73,159,10.65,0.03
07:46:43,"[287.0, 12]","[281.36, 42]","[301.55, 40]","[302.46, 37]",294.27,131,14.55,-0.18
07:46:44,"[285.64, 22]","[268.0, 52]","[296.86, 51]","[299.45, 29]",291.25,154,11.23,-0.04
07:46:45,"[287.0, 33]","[284.0, 11]","[294.2, 50]","[318.29, 34]",290.6,128,7.2,-0.31
07:46:46,"[287.89, 56]","[286.81, 32]","[290.89, 53]","[292.02, 55]",289.39,196,2.99,-0.1
07:46:47,"[287.54, 13]","[286.48, 23]","[288.89, 45]","[303.27, 30]",288.21,111,1.35,-0.35
07:46:48,"[282.12, 16]","[125.74, 54]","[307.89, 27]","[440.48, 21]",295.01,118,25.76,0.19
07:46:49,"[281.0, 12]","[140.41, 68]","[303.5, 16]","[384.91, 22]",292.25,118,22.5,0.36
07:46:50,"[285.77, 39]","[268.06, 32]","[344.04, 28]","[351.73, 11]",314.9,110,58.27,0.29
07:46:51,"[287.21, 38]","[285.53, 68]","[343.08, 39]","[345.0, 13]",315.14,158,55.87,0.34
07:46:52,"[287.38, 16]","[286.71, 51]","[344.22, 23]","[410.52, 25]",315.8,115,56.84,0.17
07:46:53,"[287.0, 22]","[286.0, 33]","[332.35, 34]","[464.94, 33]",309.68,122,45.35,-0.1
07:46:54,"[287.0, 26]","[286.0, 39]","[289.0, 39]","[300.38, 52]",288.0,156,2.0,-0.17
07:46:55,"[286.4, 30]","[282.07, 84]","[288.43, 42]","[400.79, 38]",287.41,194,2.03,0.18
07:46:56,"[282.73, 78]","[278.48, 119]","[287.31, 39]","[298.55, 31]",285.02,267,4.58,0.48
07:46:57,"[281.0, 88]","[221.4, 30]","[286.57, 37]","[287.5, 28]",283.78,183,5.57,0.29
07:46:58,"[281.0, 40]","[215.42, 38]","[285.42, 24]","[368.38, 26]",283.21,128,4.42,0.22
07:46:59,"[281.0, 9]","[205.0, 26]","[393.32, 25]","[564.35, 26]",337.16,86,112.32,-0.19
07:47:00,"[281.0, 8]","[151.4, 20]","[338.86, 28]","[448.29, 28]",309.93,84,57.86,-0.33
07:47:01,"[287.0, 100]","[279.6, 10]","[288.0, 30]","[377.0, 40]",287.5,180,1.0,0.22
07:47:02,"[287.0, 120]","[284.29, 35]","[288.0, 30]","[377.0, 48]",287.5,233,1.0,0.33
07:47:03,"[287.0, 100]","[286.0, 40]","[288.0, 20]","[432.61, 36]",287.5,196,1.0,0.43
07:47:04,"[287.0, 76]","[286.0, 26]","[288.0, 16]","[295.0, 32]",287.5,150,1.0,0.36
07:47:05,"[287.0, 117]","[284.86, 21]","[288.0, 26]","[305.68, 50]",287.5,214,1.0,0.29
07:47:06,"[287.0, 31]","[284.17, 23]","[288.0, 18]","[385.45, 33]",287.5,105,1.0,0.03
07:47:07,"[286.63, 41]","[285.54, 39]","[288.0, 26]","[299.0, 52]",287.32,158,1.37,0.01
07:47:08,"[286.36, 11]","[285.07, 30]","[297.67, 33]","[339.92, 24]",292.02,98,11.3,-0.16
07:47:09,"[286.0, 7]","[285.0, 28]","[337.12, 16]","[509.21, 19]",311.56,70,51.12,0.0
07:47:10,"[286.0, 6]","[285.0, 24]","[460.62, 16]","[542.05, 19]",373.31,65,174.62,-0.08
07:47:11,"[287.4, 15]","[285.02, 49]","[387.29, 28]","[429.08, 51]",337.34,143,99.89,-0.1
07:47:12,"[286.0, 10]","[285.0, 40]","[498.86, 28]","[591.38, 32]",392.43,110,212.86,-0.09
07:47:13,"[285.37, 19]","[284.7, 40]","[474.9, 20]","[730.0, 40]",380.13,119,189.53,-0.01
07:47:14,"[284.89, 36]","[283.0, 40]","[410.5, 24]","[530.97, 32]",347.69,132,125.61,0.15
07:47:15,"[284.91, 22]","[282.12, 64]","[514.52, 40]","[687.21, 39]",399.72,165,229.62,0.04
07:47:16,"[286.0, 7]","[284.0, 28]","[532.13, 23]","[570.54, 26]",409.07,84,246.13,-0.17
07:47:17,"[284.62, 26]","[281.0, 80]","[409.43, 46]","[489.03, 38]",347.03,190,124.82,0.12
07:47:18,"[285.29, 42]","[280.1, 82]","[304.77, 31]","[363.71, 34]",295.03,189,19.49,0.31
07:47:19,"[285.71, 21]","[283.0, 18]","[288.38, 29]","[289.45, 29]",287.05,97,2.67,-0.2
07:47:20,"[284.0, 23]","[280.5, 28]","[285.37, 49]","[297.16, 37]",284.68,137,1.37,-0.26
07:47:21,"[281.02, 49]","[261.45, 40]","[292.76, 51]","[310.4, 30]",286.89,170,11.74,0.05
07:47:22,"[290.96, 50]","[288.0, 24]","[296.0, 40]","[608.0, 30]",293.48,144,5.04,0.03
07:47:23,"[291.5, 18]","[290.14, 21]","[296.0, 48]","[513.08, 36]",293.75,123,4.5,-0.37
07:47:24,"[293.33, 9]","[292.0, 27]","[296.0, 36]","[378.67, 27]",294.67,99,2.67,-0.27
07:47:25,"[294.0, 8]","[292.0, 24]","[296.0, 32]","[392.0, 32]",295.0,96,2.0,-0.33
07:47:26,"[294.0, 7]","[292.0, 21]","[296.0, 28]","[343.48, 23]",295.0,79,2.0,-0.29
07:47:27,"[294.0, 6]","[292.0, 18]","[296.0, 24]","[315.67, 18]",295.0,66,2.0,-0.27
07:47:28,"[287.45, 33]","[286.21, 38]","[296.0, 28]","[317.0, 21]",291.73,120,8.55,0.18
07:47:29,"[287.0, 45]","[286.0, 54]","[296.0, 36]","[370.33, 27]",291.5,162,9.0,0.22
07:47:30,"[287.0, 35]","[286.0, 42]","[290.0, 21]","[296.0, 28]",288.5,126,3.0,0.22
07:47:31,"[287.0, 40]","[286.0, 48]","[290.0, 24]","[296.38, 32]",288.5,144,3.0,0.22
07:47:32,"[289.25, 24]","[286.45, 33]","[299.0, 24]","[432.0, 24]",294.12,105,9.75,0.09
07:47:33,"[288.2, 25]","[286.73, 89]","[297.0, 68]","[299.0, 68]",292.6,250,8.8,-0.09
07:47:34,"[286.18, 45]","[285.67, 72]","[295.71, 56]","[302.0, 56]",290.95,229,9.54,0.02
07:47:35,"[286.0, 52]","[285.0, 32]","[294.12, 32]","[300.0, 32]",290.06,148,8.12,0.14
07:47:36,"[286.0, 56]","[285.0, 40]","[293.7, 40]","[299.2, 40]",289.85,176,7.7,0.09
07:47:37,"[286.0, 65]","[285.0, 52]","[291.75, 48]","[297.64, 50]",288.88,215,5.75,0.09
07:47:38,"[285.96, 90]","[284.97, 74]","[288.28, 72]","[290.0, 56]",287.12,292,2.32,0.12
07:47:39,"[284.25, 16]","[283.05, 42]","[298.09, 23]","[304.2, 41]",291.17,122,13.84,-0.05
07:47:40,"[284.0, 11]","[283.0, 44]","[299.18, 11]","[303.0, 44]",291.59,110,15.18,0.0
07:47:41,"[284.0, 11]","[283.0, 44]","[298.26, 19]","[323.7, 46]",291.13,120,14.26,-0.08
07:47:42,"[284.0, 7]","[283.0, 28]","[295.83, 23]","[330.41, 17]",289.91,75,11.83,-0.07
07:47:43,"[284.0, 15]","[283.0, 54]","[294.11, 47]","[373.32, 41]",289.05,157,10.11,-0.12
07:47:44,"[284.0, 15]","[283.0, 37]","[289.07, 15]","[291.7, 33]",286.53,100,5.07,0.04
07:47:45,"[284.0, 13]","[283.0, 117]","[285.4, 25]","[293.2, 40]",284.7,195,1.4,0.33
07:47:46,"[284.02, 41]","[281.21, 28]","[293.55, 55]","[458.74, 77]",288.78,201,9.52,-0.31
07:47:47,"[291.78, 36]","[285.8, 20]","[297.75, 48]","[526.73, 56]",294.76,160,5.97,-0.3
07:47:48,"[288.31, 52]","[283.19, 47]","[299.0, 60]","[435.55, 51]",293.65,210,10.69,-0.06
07:47:49,"[284.0, 15]","[282.21, 19]","[299.0, 20]","[434.0, 25]",291.5,79,15.0,-0.14
07:47:50,"[284.0, 24]","[282.12, 34]","[299.0, 32]","[432.62, 40]",291.5,130,15.0,-0.11
07:47:51,"[284.0, 50]","[282.0, 60]","[298.7, 27]","[368.43, 53]",291.35,190,14.7,0.16
07:47:52,"[284.0, 54]","[282.0, 45]","[295.6, 10]","[297.19, 21]",289.8,130,11.6,0.52
07:47:53,"[284.16, 69]","[282.96, 94]","[294.03, 37]","[295.1, 20]",289.09,220,9.87,0.48
07:47:54,"[287.74, 23]","[285.7, 23]","[292.22, 46]","[295.0, 23]",289.98,115,4.48,-0.2
07:47:55,"[288.06, 18]","[284.15, 95]","[291.52, 31]","[296.82, 56]",289.79,200,3.46,0.13
07:47:56,"[287.0, 9]","[284.33, 36]","[290.11, 18]","[298.0, 36]",288.56,99,3.11,-0.09
07:47:57,"[284.08, 59]","[281.37, 87]","[299.17, 35]","[326.12, 43]",291.63,224,15.09,0.3
07:47:58,"[284.0, 30]","[281.62, 73]","[297.77, 22]","[299.86, 43]",290.89,168,13.77,0.23
07:47:59,"[282.47, 38]","[280.03, 29]","[296.85, 20]","[357.92, 25]",289.66,112,14.38,0.2
07:48:00,"[285.68, 62]","[281.33, 90]","[295.15, 20]","[296.2, 25]",290.41,197,9.47,0.54
07:48:01,"[285.0, 78]","[280.0, 66]","[291.91, 11]","[297.09, 22]",288.45,177,6.91,0.63
07:48:02,"[285.0, 117]","[280.0, 78]","[289.23, 13]","[300.0, 26]",287.12,234,4.23,0.67
07:48:03,"[285.0, 97]","[282.61, 46]","[287.0, 38]","[291.25, 16]",286.0,197,2.0,0.45
07:48:04,"[285.0, 41]","[283.0, 40]","[297.45, 22]","[385.32, 47]",291.23,150,12.45,0.08
07:48:05,"[285.0, 88]","[283.0, 44]","[293.34, 29]","[317.82, 34]",289.17,195,8.34,0.35
07:48:06,"[289.0, 18]","[285.0, 72]","[292.5, 24]","[316.33, 27]",290.75,141,3.5,0.28
07:48:07,"[289.0, 14]","[285.0, 56]","[297.0, 14]","[401.14, 29]",293.0,113,8.0,0.24
07:48:08,"[289.0, 24]","[285.0, 96]","[418.13, 30]","[633.2, 45]",353.57,195,129.13,0.23
07:48:09,"[285.14, 57]","[283.79, 19]","[405.55, 38]","[612.9, 58]",345.35,172,120.41,-0.12
07:48:10,"[285.12, 32]","[284.33, 18]","[401.64, 22]","[542.18, 45]",343.38,117,116.51,-0.15
07:48:11,"[288.1, 10]","[285.0, 30]","[296.0, 10]","[412.33, 36]",292.05,86,7.9,-0.07
07:48:12,"[284.8, 10]","[278.93, 56]","[296.0, 8]","[378.65, 23]",290.4,97,11.2,0.36
07:48:13,"[283.85, 20]","[280.31, 13]","[296.0, 9]","[502.79, 39]",289.93,81,12.15,-0.19
07:48:14,"[283.0, 36]","[280.0, 12]","[296.0, 12]","[474.62, 40]",289.5,100,13.0,-0.04
07:48:15,"[285.61, 69]","[282.09, 35]","[296.0, 17]","[364.0, 17]",290.8,138,10.39,0.51
07:48:16,"[283.84, 38]","[282.69, 26]","[295.67, 12]","[350.4, 10]",289.75,86,11.82,0.49
07:48:17,"[284.57, 42]","[283.13, 31]","[295.0, 20]","[296.0, 10]",289.79,103,10.43,0.42
07:48:18,"[287.3, 46]","[283.23, 35]","[295.0, 26]","[296.0, 13]",291.15,120,7.7,0.35
07:48:19,"[291.0, 30]","[285.0, 26]","[293.26, 38]","[296.47, 17]",292.13,111,2.26,0.01
07:48:20,"[289.0, 24]","[284.5, 32]","[292.25, 51]","[294.26, 23]",290.63,130,3.25,-0.14
07:48:21,"[284.43, 14]","[282.5, 24]","[293.0, 21]","[294.0, 14]",288.71,73,8.57,0.04
07:48:22,"[283.04, 25]","[279.38, 52]","[292.19, 27]","[293.18, 33]",287.61,137,9.15,0.12
07:48:23,"[281.0, 20]","[278.67, 24]","[286.7, 20]","[291.5, 24]",283.85,88,5.7,0.0
07:48:24,"[281.0, 28]","[279.0, 28]","[283.07, 28]","[285.14, 28]",282.04,112,2.07,0.0
07:48:25,"[280.75, 16]","[278.93, 15]","[282.09, 23]","[283.5, 16]",281.42,70,1.34,-0.11
07:48:26,"[274.69, 29]","[256.44, 32]","[280.43, 21]","[285.29, 14]",277.56,96,5.74,0.27
07:48:27,"[274.0, 45]","[260.2, 30]","[280.0, 27]","[287.0, 18]",277.0,120,6.0,0.25
07:48:28,"[276.22, 27]","[271.67, 36]","[280.0, 27]","[287.75, 16]",278.11,106,3.78,0.19
07:48:29,"[279.0, 14]","[274.0, 35]","[280.0, 21]","[290.27, 11]",279.5,81,1.0,0.21
07:48:30,"[276.73, 22]","[267.38, 32]","[280.0, 24]","[287.0, 40]",278.36,118,3.27,-0.08
07:48:31,"[266.24, 41]","[166.0, 33]","[280.0, 24]","[287.0, 48]",273.12,146,13.76,0.01
07:48:32,"[276.33, 15]","[252.0, 28]","[279.36, 33]","[283.73, 45]",277.85,121,3.03,-0.29
07:48:33,"[276.86, 21]","[262.43, 21]","[279.67, 27]","[284.67, 54]",278.26,123,2.81,-0.32
07:48:34,"[272.5, 28]","[198.35, 17]","[276.41, 29]","[280.93, 45]",274.46,119,3.91,-0.24
07:48:35,"[270.89, 18]","[268.71, 17]","[276.0, 18]","[280.0, 27]",273.44,80,5.11,-0.12
07:48:36,"[271.0, 20]","[268.0, 20]","[276.0, 20]","[278.26, 46]",273.5,106,5.0,-0.25
07:48:37,"[272.25, 24]","[268.83, 24]","[275.55, 33]","[277.76, 51]",273.9,132,3.3,-0.27
07:48:38,"[273.0, 28]","[266.64, 28]","[275.07, 41]","[276.63, 43]",274.04,140,2.07,-0.2
07:48:39,"[274.17, 24]","[269.5, 24]","[277.94, 35]","[279.75, 60]",276.05,143,3.78,-0.33
07:48:40,"[277.0, 19]","[273.25, 32]","[280.0, 121]","[285.0, 65]",278.5,237,3.0,-0.57
07:48:41,"[279.0, 9]","[268.0, 72]","[280.0, 45]","[285.0, 45]",279.5,171,1.0,-0.05
07:48:42,"[279.0, 5]","[267.94, 34]","[280.0, 25]","[285.0, 25]",279.5,89,1.0,-0.12
07:48:43,"[279.0, 9]","[267.0, 18]","[280.68, 37]","[285.02, 41]",279.84,105,1.68,-0.49
07:48:44,"[279.0, 12]","[268.2, 15]","[284.71, 56]","[286.43, 37]",281.86,120,5.71,-0.55
07:48:45,"[279.0, 21]","[267.0, 28]","[283.79, 56]","[285.0, 70]",281.39,175,4.79,-0.44
07:48:46,"[279.0, 24]","[267.0, 24]","[281.15, 33]","[284.5, 32]",280.08,113,2.15,-0.15
07:48:47,"[273.86, 28]","[250.91, 22]","[280.14, 42]","[280.93, 28]",277.0,120,6.29,-0.17
07:48:48,"[267.0, 12]","[177.5, 8]","[275.17, 12]","[276.5, 12]",271.08,44,8.17,-0.09
07:48:49,"[267.2, 15]","[215.0, 15]","[275.0, 17]","[276.0, 18]",271.1,65,7.8,-0.08
07:48:50,"[269.0, 9]","[267.0, 18]","[275.08, 13]","[278.89, 9]",272.04,49,6.08,0.1
07:48:51,"[271.56, 32]","[263.63, 19]","[276.0, 11]","[280.0, 11]",273.78,73,4.44,0.4
07:48:52,"[272.56, 72]","[271.0, 9]","[279.06, 17]","[280.33, 12]",275.81,110,6.5,0.47
07:48:53,"[273.0, 56]","[271.0, 7]","[279.1, 10]","[281.63, 27]",276.05,100,6.1,0.26
07:48:54,"[275.91, 64]","[275.2, 40]","[281.0, 13]","[282.0, 130]",278.45,247,5.09,-0.16
07:48:55,"[280.71, 7]","[279.31, 13]","[282.0, 28]","[285.0, 7]",281.36,55,1.29,-0.27
07:48:56,"[281.0, 5]","[279.0, 15]","[282.0, 5]","[285.0, 5]",281.5,30,1.0,0.33
