Time,Bid1,Bid2,Ask1,Ask2,Mid-Price,Total_volume,Bid_ask_spread,Order_imbalance
07:30:00,"[0, 0]","[0, 0]","[0, 0]","[0, 0]",0.0,0,0.0,0.0
07:30:01,"[247.0, 4]","[0, 0]","[0, 0]","[0, 0]",123.5,4,-247.0,1.0
07:30:04,"[247.0, 4]","[0, 0]","[345.0, 2]","[0, 0]",296.0,6,98.0,0.33
07:30:05,"[247.0, 8]","[0, 0]","[345.0, 2]","[350.0, 1]",296.0,11,98.0,0.45
07:30:06,"[247.0, 8]","[0, 0]","[345.0, 2]","[347.0, 8]",296.0,18,98.0,-0.11
07:30:07,"[313.92, 24]","[278.0, 18]","[345.0, 5]","[347.0, 20]",329.46,67,31.08,0.25
07:30:08,"[327.0, 26]","[283.82, 22]","[345.0, 5]","[347.0, 20]",336.0,73,18.0,0.32
07:30:09,"[326.0, 12]","[287.0, 8]","[345.0, 2]","[347.0, 8]",335.5,30,19.0,0.33
07:30:10,"[326.0, 36]","[287.0, 24]","[345.0, 6]","[347.0, 24]",335.5,90,19.0,0.33
07:30:11,"[326.0, 36]","[287.0, 24]","[346.62, 8]","[348.95, 21]",336.31,89,20.62,0.35
07:30:12,"[331.33, 30]","[328.0, 50]","[350.0, 11]","[352.0, 77]",340.67,168,18.67,-0.05
07:30:13,"[342.79, 28]","[336.1, 60]","[348.38, 24]","[351.46, 74]",345.58,186,5.59,-0.05
07:30:14,"[343.0, 8]","[335.0, 24]","[346.5, 12]","[348.0, 12]",344.75,56,3.5,0.14
07:30:15,"[343.0, 16]","[335.0, 48]","[346.0, 24]","[348.0, 24]",344.5,112,3.0,0.14
07:30:16,"[339.93, 30]","[334.48, 62]","[345.21, 29]","[348.0, 33]",342.57,154,5.27,0.19
07:30:17,"[336.33, 45]","[334.68, 100]","[345.0, 13]","[348.0, 39]",340.67,197,8.67,0.47
07:30:18,"[339.46, 39]","[337.48, 40]","[345.23, 13]","[348.05, 37]",342.35,129,5.77,0.22
07:30:19,"[342.73, 33]","[340.0, 33]","[348.0, 11]","[350.0, 11]",345.36,88,5.27,0.5
07:30:20,"[343.59, 58]","[341.0, 36]","[348.0, 12]","[350.0, 52]",345.79,158,4.41,0.19
07:30:21,"[345.19, 48]","[344.35, 43]","[349.5, 36]","[350.79, 89]",347.34,216,4.31,-0.16
07:30:22,"[348.1, 58]","[346.87, 45]","[350.57, 63]","[352.99, 137]",349.34,303,2.47,-0.32
07:30:23,"[349.22, 51]","[347.92, 61]","[351.56, 169]","[356.68, 126]",350.39,407,2.35,-0.45
07:30:24,"[349.51, 63]","[343.13, 62]","[351.9, 168]","[358.87, 115]",350.7,408,2.39,-0.39
07:30:25,"[350.91, 44]","[344.24, 34]","[352.0, 110]","[366.0, 60]",351.45,248,1.09,-0.37
07:30:26,"[351.1, 40]","[350.0, 20]","[355.28, 64]","[369.6, 50]",353.19,174,4.18,-0.31
07:30:27,"[354.67, 54]","[353.0, 30]","[366.0, 70]","[378.0, 70]",360.33,224,11.33,-0.25
07:30:28,"[356.0, 32]","[355.0, 20]","[366.0, 50]","[378.24, 49]",361.0,151,10.0,-0.31
07:30:29,"[356.0, 39]","[355.0, 26]","[365.51, 49]","[370.33, 60]",360.76,174,9.51,-0.25
07:30:30,"[356.36, 33]","[355.0, 22]","[364.09, 33]","[366.0, 55]",360.23,143,7.73,-0.23
07:30:31,"[357.48, 23]","[356.61, 41]","[361.16, 55]","[363.69, 52]",359.32,171,3.69,-0.25
07:30:32,"[358.0, 9]","[357.0, 27]","[360.0, 27]","[361.0, 36]",359.0,99,2.0,-0.27
07:30:33,"[358.0, 9]","[357.0, 27]","[360.22, 23]","[363.37, 38]",359.11,97,2.22,-0.26
07:30:34,"[358.0, 7]","[357.0, 21]","[360.81, 16]","[366.62, 32]",359.41,76,2.81,-0.26
07:30:35,"[357.76, 21]","[356.12, 17]","[361.0, 33]","[370.0, 55]",359.38,126,3.24,-0.4
07:30:36,"[359.0, 60]","[357.0, 20]","[361.0, 30]","[371.2, 50]",360.0,160,2.0,0.0
07:30:37,"[359.8, 60]","[357.0, 20]","[361.0, 30]","[376.0, 50]",360.4,160,1.2,0.0
07:30:38,"[358.92, 39]","[355.91, 22]","[372.17, 47]","[377.75, 48]",365.55,156,13.25,-0.22
07:30:39,"[358.67, 45]","[357.0, 30]","[376.0, 75]","[379.0, 60]",367.33,210,17.33,-0.29
07:30:40,"[360.0, 36]","[357.0, 40]","[374.5, 32]","[379.5, 48]",367.25,156,14.5,-0.03
07:30:41,"[358.0, 69]","[356.72, 86]","[370.83, 29]","[378.34, 47]",364.41,231,12.83,0.34
07:30:42,"[358.38, 26]","[356.9, 82]","[375.76, 58]","[378.13, 31]",367.07,197,17.37,0.1
07:30:43,"[358.0, 22]","[355.0, 22]","[374.18, 44]","[376.0, 17]",366.09,105,16.18,-0.16
07:30:44,"[358.0, 20]","[355.0, 20]","[373.77, 52]","[375.27, 33]",365.88,125,15.77,-0.36
07:30:45,"[362.52, 104]","[356.93, 28]","[373.0, 56]","[375.6, 40]",367.76,228,10.48,0.16
07:30:46,"[362.21, 38]","[356.8, 40]","[373.0, 44]","[376.75, 40]",367.61,162,10.79,-0.04
07:30:47,"[358.86, 28]","[357.6, 80]","[373.0, 40]","[377.0, 22]",365.93,170,14.14,0.27
07:30:48,"[359.12, 17]","[358.11, 56]","[372.43, 28]","[377.0, 35]",365.77,136,13.31,0.07
07:30:49,"[360.77, 13]","[359.0, 39]","[371.54, 52]","[376.03, 34]",366.15,138,10.77,-0.25
07:30:50,"[362.55, 11]","[359.0, 36]","[370.64, 44]","[372.0, 11]",366.59,102,8.09,-0.08
07:30:51,"[363.25, 12]","[359.0, 72]","[370.0, 48]","[373.91, 23]",366.62,155,6.75,0.08
07:30:52,"[364.78, 9]","[359.0, 54]","[368.25, 32]","[369.86, 28]",366.51,123,3.47,0.02
07:30:53,"[365.62, 13]","[359.0, 57]","[367.0, 52]","[368.0, 39]",366.31,161,1.38,-0.13
07:30:54,"[362.18, 11]","[358.79, 19]","[367.23, 26]","[369.26, 19]",364.71,75,5.05,-0.2
07:30:55,"[358.46, 13]","[357.07, 60]","[366.78, 27]","[369.5, 24]",362.62,124,8.32,0.18
07:30:56,"[358.0, 9]","[357.0, 72]","[364.0, 27]","[368.0, 27]",361.0,135,6.0,0.2
07:30:57,"[357.27, 33]","[356.86, 84]","[359.42, 53]","[366.8, 45]",358.34,215,2.14,0.09
07:30:58,"[357.0, 10]","[356.0, 10]","[358.0, 25]","[368.0, 15]",357.5,60,1.0,-0.33
07:30:59,"[357.0, 18]","[356.0, 18]","[358.0, 45]","[368.0, 27]",357.5,108,1.0,-0.33
07:31:00,"[356.0, 26]","[354.55, 89]","[367.67, 45]","[368.5, 20]",361.83,180,11.67,0.28
07:31:01,"[356.0, 21]","[355.0, 126]","[364.6, 48]","[365.47, 60]",360.3,255,8.6,0.15
07:31:02,"[356.0, 25]","[355.0, 126]","[360.36, 42]","[364.07, 58]",358.18,251,4.36,0.2
07:31:03,"[356.0, 20]","[355.0, 90]","[359.38, 40]","[363.12, 40]",357.69,190,3.38,0.16
07:31:04,"[356.0, 26]","[355.0, 117]","[358.36, 56]","[359.36, 42]",357.18,241,2.36,0.19
07:31:05,"[355.0, 121]","[350.0, 28]","[356.58, 43]","[357.36, 53]",355.79,245,1.58,0.22
07:31:06,"[355.0, 26]","[350.0, 16]","[357.89, 19]","[360.67, 18]",356.45,79,2.89,0.06
07:31:07,"[351.67, 30]","[346.5, 20]","[359.53, 45]","[364.0, 15]",355.6,110,7.87,-0.09
07:31:08,"[350.0, 22]","[343.0, 11]","[358.0, 33]","[364.0, 11]",354.0,77,8.0,-0.14
07:31:09,"[345.53, 15]","[257.91, 22]","[356.64, 42]","[363.23, 47]",351.09,126,11.11,-0.41
07:31:10,"[350.64, 73]","[346.65, 23]","[355.69, 48]","[362.71, 68]",353.17,212,5.04,-0.09
07:31:11,"[352.98, 102]","[351.72, 69]","[361.14, 146]","[364.83, 82]",357.06,399,8.16,-0.14
07:31:12,"[353.33, 75]","[351.78, 73]","[362.0, 109]","[368.0, 64]",357.67,321,8.67,-0.08
07:31:13,"[354.1, 50]","[338.57, 7]","[362.0, 49]","[368.0, 28]",358.05,134,7.9,-0.15
07:31:14,"[355.0, 55]","[340.73, 11]","[360.34, 58]","[364.44, 59]",357.67,183,5.34,-0.28
07:31:15,"[355.09, 55]","[344.87, 15]","[361.52, 40]","[366.44, 54]",358.31,164,6.43,-0.15
07:31:16,"[357.0, 8]","[355.07, 15]","[360.75, 8]","[362.0, 24]",358.88,55,3.75,-0.16
07:31:17,"[357.38, 42]","[354.74, 23]","[359.06, 18]","[361.45, 42]",358.22,125,1.67,0.04
07:31:18,"[355.0, 16]","[353.0, 11]","[356.1, 39]","[359.82, 39]",355.55,105,1.1,-0.49
07:31:19,"[353.89, 9]","[345.93, 27]","[360.0, 30]","[367.2, 20]",356.94,86,6.11,-0.16
07:31:20,"[353.5, 10]","[344.15, 40]","[367.0, 40]","[369.6, 20]",360.25,110,13.5,-0.09
07:31:21,"[351.69, 13]","[344.45, 31]","[364.28, 54]","[365.17, 53]",357.99,151,12.59,-0.42
07:31:22,"[349.0, 7]","[344.0, 7]","[359.26, 27]","[360.14, 29]",354.13,70,10.26,-0.6
07:31:23,"[347.33, 9]","[343.22, 27]","[357.07, 27]","[359.52, 25]",352.2,88,9.74,-0.18
07:31:24,"[345.85, 13]","[343.19, 43]","[348.62, 26]","[354.54, 26]",347.23,108,2.77,0.04
07:31:25,"[347.26, 19]","[344.2, 15]","[348.93, 30]","[351.2, 30]",348.1,94,1.67,-0.28
07:31:26,"[348.0, 45]","[347.0, 9]","[350.0, 18]","[352.0, 18]",349.0,90,2.0,0.2
07:31:27,"[348.24, 33]","[344.45, 22]","[352.73, 22]","[358.26, 31]",350.48,108,4.48,0.02
07:31:28,"[356.43, 42]","[350.37, 19]","[361.36, 44]","[362.51, 47]",358.9,152,4.94,-0.2
07:31:29,"[359.0, 12]","[355.8, 15]","[362.0, 24]","[364.0, 18]",360.5,69,3.0,-0.22
07:31:30,"[359.0, 2]","[357.0, 2]","[362.0, 4]","[364.0, 3]",360.5,11,3.0,-0.27
07:31:31,"[359.0, 16]","[357.0, 16]","[362.0, 32]","[364.0, 24]",360.5,88,3.0,-0.27
07:31:32,"[359.0, 12]","[357.0, 12]","[362.0, 24]","[364.0, 18]",360.5,66,3.0,-0.27
07:31:33,"[359.0, 15]","[357.0, 28]","[362.0, 56]","[364.0, 42]",360.5,141,3.0,-0.39
07:31:34,"[358.04, 27]","[356.54, 13]","[362.0, 36]","[364.0, 27]",360.02,103,3.96,-0.22
07:31:35,"[357.0, 8]","[355.0, 24]","[361.71, 34]","[363.38, 26]",359.35,92,4.71,-0.3
07:31:36,"[357.0, 13]","[355.0, 39]","[360.31, 65]","[363.59, 79]",358.65,196,3.31,-0.47
07:31:37,"[355.24, 17]","[347.5, 36]","[361.33, 27]","[366.57, 28]",358.28,108,6.1,-0.02
07:31:38,"[355.0, 27]","[346.0, 54]","[361.78, 36]","[364.0, 27]",358.39,144,6.78,0.12
07:31:39,"[355.0, 39]","[346.0, 88]","[360.0, 43]","[361.25, 48]",357.5,218,5.0,0.17
07:31:40,"[355.33, 18]","[349.52, 46]","[359.0, 40]","[360.0, 30]",357.17,134,3.67,-0.04
07:31:41,"[354.11, 27]","[350.18, 55]","[357.17, 53]","[362.94, 51]",355.64,186,3.06,-0.12
07:31:42,"[347.0, 56]","[342.0, 14]","[357.0, 56]","[367.25, 79]",352.0,205,10.0,-0.32
07:31:43,"[347.0, 44]","[342.0, 11]","[355.29, 28]","[364.39, 46]",351.14,129,8.29,-0.15
07:31:44,"[348.86, 14]","[347.21, 56]","[355.38, 16]","[362.14, 42]",352.12,128,6.52,0.09
07:31:45,"[350.0, 12]","[344.25, 48]","[354.14, 28]","[359.8, 20]",352.07,108,4.14,0.11
07:31:46,"[350.0, 12]","[343.0, 48]","[352.94, 34]","[354.36, 14]",351.47,108,2.94,0.11
07:31:47,"[350.0, 15]","[343.0, 60]","[361.36, 47]","[412.43, 74]",355.68,196,11.36,-0.23
07:31:48,"[351.67, 15]","[343.0, 60]","[363.15, 39]","[497.46, 39]",357.41,153,11.49,-0.02
07:31:49,"[355.55, 22]","[344.76, 34]","[363.95, 20]","[369.29, 28]",359.75,104,8.4,0.08
07:31:50,"[347.07, 28]","[343.11, 37]","[360.8, 30]","[363.88, 16]",353.94,111,13.73,0.17
07:31:51,"[347.91, 46]","[342.84, 19]","[360.0, 39]","[363.39, 31]",353.96,135,12.09,-0.04
07:31:52,"[349.56, 54]","[347.33, 27]","[360.0, 27]","[364.89, 9]",354.78,117,10.44,0.38
07:31:53,"[350.0, 84]","[346.67, 48]","[360.0, 36]","[364.0, 12]",355.0,180,10.0,0.47
07:31:54,"[348.68, 47]","[346.55, 58]","[360.0, 33]","[364.0, 11]",354.34,149,11.32,0.41
07:31:55,"[347.29, 41]","[345.77, 62]","[358.0, 54]","[360.14, 28]",352.65,185,10.71,0.11
07:31:56,"[350.54, 61]","[346.39, 62]","[355.61, 46]","[356.46, 52]",353.07,221,5.07,0.11
07:31:57,"[350.38, 55]","[346.36, 58]","[355.17, 48]","[356.6, 43]",352.77,204,4.78,0.11
07:31:58,"[346.0, 48]","[345.0, 60]","[353.67, 48]","[354.67, 48]",349.83,204,7.67,0.06
07:31:59,"[345.18, 67]","[342.02, 59]","[349.0, 42]","[353.0, 108]",347.09,276,3.82,-0.09
07:32:00,"[345.0, 55]","[341.0, 44]","[350.73, 37]","[353.22, 72]",347.86,208,5.73,-0.05
07:32:01,"[350.68, 63]","[344.39, 71]","[353.0, 56]","[354.0, 56]",351.84,246,2.32,0.09
07:32:02,"[352.0, 64]","[341.0, 96]","[353.0, 64]","[354.0, 64]",352.5,288,1.0,0.11
07:32:03,"[352.0, 21]","[341.0, 30]","[353.0, 24]","[354.0, 24]",352.5,99,1.0,0.03
07:32:04,"[341.0, 35]","[337.0, 28]","[353.0, 7]","[354.0, 28]",347.0,98,12.0,0.29
07:32:05,"[342.35, 52]","[338.97, 38]","[353.0, 8]","[354.0, 32]",347.67,130,10.65,0.38
07:32:06,"[343.0, 42]","[338.44, 27]","[353.0, 6]","[354.32, 19]",348.0,94,10.0,0.47
07:32:07,"[343.33, 63]","[339.0, 36]","[353.0, 9]","[354.0, 18]",348.17,126,9.67,0.57
07:32:08,"[344.67, 84]","[341.75, 48]","[353.0, 12]","[354.0, 24]",348.83,168,8.33,0.57
07:32:09,"[349.0, 94]","[344.06, 68]","[360.83, 29]","[361.76, 37]",354.91,228,11.83,0.42
07:32:10,"[356.79, 43]","[353.11, 75]","[364.0, 44]","[368.0, 44]",360.4,206,7.21,0.15
07:32:11,"[360.94, 67]","[357.73, 37]","[364.0, 52]","[368.0, 52]",362.47,208,3.06,0.0
07:32:12,"[362.2, 70]","[360.0, 10]","[364.0, 40]","[368.0, 40]",363.1,160,1.8,0.0
07:32:13,"[362.44, 32]","[357.33, 18]","[366.5, 32]","[386.62, 32]",364.47,114,4.06,-0.12
07:32:14,"[361.66, 32]","[355.48, 23]","[368.0, 48]","[386.16, 43]",364.83,146,6.34,-0.25
07:32:15,"[356.0, 22]","[350.0, 44]","[362.17, 24]","[369.05, 43]",359.08,133,6.17,-0.01
07:32:16,"[356.0, 20]","[350.0, 40]","[360.78, 23]","[366.89, 38]",358.39,121,4.78,-0.01
07:32:17,"[354.0, 24]","[348.81, 42]","[359.4, 50]","[361.0, 20]",356.7,136,5.4,-0.03
07:32:18,"[346.68, 38]","[344.4, 50]","[357.83, 36]","[359.89, 27]",352.26,151,11.15,0.17
07:32:19,"[349.27, 15]","[345.27, 59]","[354.43, 42]","[360.29, 63]",351.85,179,5.16,-0.17
07:32:20,"[349.41, 22]","[345.18, 68]","[356.19, 48]","[358.0, 50]",352.8,188,6.78,-0.04
07:32:21,"[351.53, 34]","[345.94, 90]","[355.45, 60]","[356.97, 64]",353.49,248,3.92,0.0
07:32:22,"[343.11, 75]","[340.01, 265]","[353.18, 51]","[356.0, 51]",348.14,442,10.07,0.54
07:32:23,"[340.0, 144]","[339.0, 378]","[348.63, 76]","[351.11, 61]",344.32,659,8.63,0.58
07:32:24,"[340.89, 36]","[339.68, 65]","[348.0, 32]","[350.0, 24]",344.44,157,7.11,0.29
07:32:25,"[342.71, 56]","[340.92, 65]","[348.0, 72]","[350.0, 42]",345.36,235,5.29,0.03
07:32:26,"[345.64, 28]","[343.29, 56]","[348.2, 41]","[350.91, 44]",346.92,169,2.55,-0.01
07:32:27,"[346.0, 24]","[342.0, 98]","[352.0, 24]","[358.0, 60]",349.0,206,6.0,0.18
07:32:28,"[346.91, 22]","[342.81, 64]","[353.3, 23]","[358.09, 47]",350.11,156,6.4,0.1
07:32:29,"[350.44, 32]","[349.44, 32]","[357.16, 68]","[358.0, 51]",353.8,183,6.72,-0.3
07:32:30,"[351.78, 45]","[350.64, 44]","[353.87, 84]","[358.33, 107]",352.82,280,2.09,-0.36
07:32:31,"[353.06, 67]","[351.88, 52]","[361.13, 97]","[363.41, 110]",357.1,326,8.07,-0.27
07:32:32,"[356.72, 72]","[355.53, 64]","[364.59, 82]","[367.93, 147]",360.65,365,7.86,-0.25
07:32:33,"[363.0, 32]","[357.0, 32]","[366.0, 64]","[367.0, 64]",364.5,192,3.0,-0.33
07:32:34,"[363.0, 28]","[357.44, 36]","[365.14, 56]","[366.29, 56]",364.07,176,2.14,-0.27
07:32:35,"[360.69, 26]","[357.82, 34]","[365.67, 45]","[369.6, 47]",363.18,152,4.97,-0.21
07:32:36,"[358.0, 56]","[357.0, 28]","[367.56, 61]","[368.58, 72]",362.78,217,9.56,-0.23
07:32:37,"[358.0, 52]","[357.0, 26]","[365.12, 32]","[366.86, 59]",361.56,169,7.12,-0.08
07:32:38,"[358.0, 40]","[357.0, 20]","[363.6, 50]","[365.0, 20]",360.8,130,5.6,-0.08
07:32:39,"[358.0, 46]","[357.0, 32]","[361.71, 34]","[362.94, 64]",359.85,176,3.71,-0.11
07:32:40,"[355.68, 88]","[351.46, 79]","[359.18, 73]","[368.49, 61]",357.43,301,3.5,0.11
07:32:41,"[355.0, 110]","[344.0, 16]","[357.94, 35]","[372.38, 26]",356.47,187,2.94,0.35
07:32:42,"[355.0, 110]","[342.0, 40]","[357.0, 20]","[372.0, 20]",356.0,190,2.0,0.58
07:32:43,"[354.35, 130]","[341.95, 84]","[369.78, 92]","[373.77, 110]",362.07,416,15.43,0.03
07:32:44,"[363.0, 140]","[351.33, 18]","[372.0, 76]","[373.0, 28]",367.5,262,9.0,0.21
07:32:45,"[363.0, 110]","[356.43, 21]","[372.0, 38]","[373.0, 22]",367.5,191,9.0,0.37
07:32:46,"[363.0, 60]","[357.0, 18]","[372.0, 18]","[373.0, 12]",367.5,108,9.0,0.44
07:32:47,"[363.0, 70]","[357.0, 21]","[372.0, 21]","[373.0, 14]",367.5,126,9.0,0.44
07:32:48,"[363.0, 80]","[357.0, 24]","[372.0, 24]","[373.0, 16]",367.5,144,9.0,0.44
07:32:49,"[363.08, 65]","[361.41, 68]","[371.18, 33]","[372.62, 39]",367.13,205,8.1,0.3
07:32:50,"[364.91, 22]","[363.0, 220]","[370.27, 66]","[372.13, 90]",367.59,398,5.36,0.22
07:32:51,"[364.18, 22]","[362.86, 133]","[366.95, 40]","[368.73, 33]",365.57,228,2.77,0.36
07:32:52,"[363.0, 92]","[357.0, 39]","[365.93, 30]","[370.68, 41]",364.47,202,2.93,0.3
07:32:53,"[357.86, 28]","[355.55, 11]","[370.0, 27]","[379.0, 29]",363.93,95,12.14,-0.18
07:32:54,"[357.0, 30]","[355.0, 10]","[369.0, 20]","[370.0, 30]",363.0,90,12.0,-0.11
07:32:55,"[357.0, 36]","[355.0, 12]","[368.18, 33]","[369.33, 27]",362.59,108,11.18,-0.11
07:32:56,"[357.0, 30]","[355.0, 10]","[366.1, 20]","[368.0, 30]",361.55,90,9.1,-0.11
07:32:57,"[350.23, 91]","[349.5, 12]","[365.37, 27]","[367.09, 33]",357.8,163,15.14,0.26
07:32:58,"[350.15, 117]","[348.87, 62]","[363.26, 38]","[365.0, 57]",356.71,274,13.11,0.31
07:32:59,"[349.6, 91]","[347.43, 42]","[359.12, 32]","[361.56, 36]",354.36,201,9.52,0.32
07:33:00,"[351.25, 40]","[349.0, 84]","[355.36, 39]","[357.2, 30]",353.3,193,4.11,0.28
07:33:01,"[349.15, 82]","[345.11, 38]","[353.23, 30]","[355.32, 28]",351.19,178,4.09,0.35
07:33:02,"[346.0, 8]","[341.67, 18]","[353.09, 22]","[357.71, 7]",349.55,55,7.09,-0.05
07:33:03,"[347.0, 12]","[343.83, 24]","[351.87, 30]","[352.8, 45]",349.43,111,4.87,-0.35
07:33:04,"[344.67, 18]","[341.48, 50]","[348.63, 41]","[350.46, 13]",346.65,122,3.97,0.11
07:33:05,"[344.0, 30]","[341.0, 90]","[347.05, 42]","[350.0, 15]",345.52,177,3.05,0.36
07:33:06,"[344.0, 14]","[341.0, 42]","[346.0, 14]","[350.0, 7]",345.0,77,2.0,0.45
07:33:07,"[344.0, 10]","[341.0, 30]","[346.0, 10]","[350.0, 5]",345.0,55,2.0,0.45
07:33:08,"[344.0, 14]","[341.0, 42]","[345.06, 32]","[346.31, 13]",344.53,101,1.06,0.11
07:33:09,"[344.0, 14]","[341.0, 42]","[345.0, 11]","[346.0, 14]",344.5,81,1.0,0.38
07:33:10,"[344.0, 18]","[341.0, 54]","[347.76, 17]","[348.47, 15]",345.88,104,3.76,0.38
07:33:11,"[344.29, 17]","[341.65, 46]","[349.4, 20]","[352.71, 14]",346.85,97,5.11,0.3
07:33:12,"[345.97, 29]","[345.1, 20]","[353.94, 16]","[359.11, 19]",349.95,84,7.97,0.17
07:33:13,"[348.8, 41]","[346.62, 29]","[353.56, 16]","[356.71, 14]",351.18,100,4.76,0.4
07:33:14,"[350.84, 38]","[349.29, 17]","[353.0, 11]","[361.0, 11]",351.92,77,2.16,0.43
07:33:15,"[352.82, 44]","[343.0, 18]","[358.09, 11]","[362.27, 11]",355.45,84,5.27,0.48
07:33:16,"[354.57, 28]","[341.0, 14]","[361.0, 7]","[363.0, 7]",357.79,56,6.43,0.5
07:33:17,"[356.2, 40]","[345.0, 20]","[362.43, 14]","[363.8, 10]",359.31,84,6.23,0.43
07:33:18,"[359.0, 36]","[352.71, 28]","[365.0, 50]","[371.0, 10]",362.0,124,6.0,0.03
07:33:19,"[363.0, 21]","[357.0, 28]","[365.0, 35]","[425.8, 15]",364.0,99,2.0,-0.01
07:33:20,"[363.0, 36]","[357.75, 48]","[365.0, 60]","[431.0, 12]",364.0,156,2.0,0.08
07:33:21,"[358.42, 48]","[355.85, 52]","[368.3, 20]","[406.42, 19]",363.36,139,9.88,0.44
07:33:22,"[355.79, 56]","[351.18, 61]","[365.0, 14]","[369.0, 28]",360.39,159,9.21,0.47
07:33:23,"[354.0, 56]","[347.0, 38]","[362.91, 22]","[368.92, 52]",358.45,168,8.91,0.12
07:33:24,"[354.43, 49]","[350.23, 26]","[361.03, 37]","[363.85, 13]",357.73,125,6.6,0.2
07:33:25,"[355.92, 91]","[354.0, 52]","[360.86, 37]","[361.29, 28]",358.39,208,4.94,0.38
07:33:26,"[357.16, 127]","[355.29, 63]","[359.0, 18]","[363.2, 82]",358.08,290,1.84,0.31
07:33:27,"[358.0, 41]","[357.0, 42]","[362.33, 18]","[371.11, 94]",360.17,195,4.33,-0.15
07:33:28,"[358.64, 33]","[357.44, 32]","[371.0, 65]","[373.0, 65]",364.82,195,12.36,-0.33
07:33:29,"[358.0, 20]","[357.0, 30]","[369.6, 50]","[372.29, 42]",363.8,142,11.6,-0.3
07:33:30,"[358.0, 18]","[357.0, 36]","[369.0, 60]","[373.0, 12]",363.5,126,11.0,-0.14
07:33:31,"[358.67, 15]","[357.25, 20]","[369.0, 50]","[370.3, 10]",363.83,95,10.33,-0.26
07:33:32,"[359.13, 30]","[358.0, 15]","[369.0, 75]","[370.0, 15]",364.07,135,9.87,-0.33
07:33:33,"[359.46, 26]","[355.82, 22]","[369.0, 65]","[370.0, 13]",364.23,126,9.54,-0.24
07:33:34,"[357.0, 16]","[354.0, 32]","[369.0, 40]","[370.0, 8]",363.0,96,12.0,0.0
07:33:35,"[358.2, 20]","[354.33, 36]","[368.92, 38]","[369.32, 22]",363.56,116,10.72,-0.03
07:33:36,"[363.0, 34]","[357.0, 34]","[367.59, 17]","[369.07, 73]",365.29,158,4.59,-0.14
07:33:37,"[363.0, 23]","[357.0, 30]","[364.8, 15]","[371.99, 70]",363.9,138,1.8,-0.23
07:33:38,"[360.6, 10]","[355.73, 33]","[364.0, 8]","[372.0, 8]",362.3,59,3.4,0.46
07:33:39,"[357.0, 22]","[355.0, 176]","[363.36, 11]","[370.52, 27]",360.18,236,6.36,0.68
07:33:40,"[357.0, 32]","[355.0, 256]","[363.0, 16]","[370.0, 108]",360.0,412,6.0,0.4
07:33:41,"[357.0, 19]","[355.0, 184]","[361.3, 10]","[370.0, 65]",359.15,278,4.3,0.46
07:33:42,"[357.0, 14]","[355.0, 280]","[360.57, 14]","[370.0, 56]",358.79,364,3.57,0.62
07:33:43,"[357.0, 12]","[355.0, 240]","[359.92, 12]","[368.75, 48]",358.46,312,2.92,0.62
07:33:44,"[355.07, 145]","[350.89, 184]","[357.27, 22]","[369.52, 46]",356.17,397,2.2,0.66
07:33:45,"[355.0, 224]","[346.0, 144]","[365.22, 36]","[369.91, 44]",360.11,448,10.22,0.64
07:33:46,"[357.15, 80]","[350.59, 88]","[366.18, 79]","[368.7, 53]",361.66,300,9.03,0.12
07:33:47,"[362.3, 23]","[356.14, 86]","[364.24, 63]","[365.52, 69]",363.27,241,1.93,-0.1
07:33:48,"[356.75, 56]","[354.48, 69]","[364.39, 49]","[366.09, 55]",360.57,229,7.64,0.09
07:33:49,"[355.0, 105]","[349.0, 15]","[361.31, 55]","[363.91, 65]",358.15,240,6.31,0.0
07:33:50,"[355.0, 98]","[349.0, 14]","[358.22, 46]","[359.09, 66]",356.61,224,3.22,0.0
07:33:51,"[355.0, 69]","[349.0, 12]","[356.58, 36]","[362.71, 63]",355.79,180,1.58,-0.1
07:33:52,"[353.0, 27]","[350.0, 22]","[369.0, 56]","[370.84, 63]",361.0,168,16.0,-0.42
07:33:53,"[353.0, 26]","[351.0, 26]","[364.49, 49]","[365.83, 29]",358.74,130,11.49,-0.2
07:33:54,"[354.57, 84]","[352.65, 46]","[362.12, 43]","[363.04, 95]",358.34,268,7.54,-0.03
07:33:55,"[355.64, 78]","[354.48, 54]","[361.0, 85]","[362.0, 17]",358.32,234,5.36,0.13
07:33:56,"[357.0, 85]","[355.0, 68]","[360.41, 85]","[362.0, 17]",358.71,255,3.41,0.2
07:33:57,"[357.0, 65]","[355.0, 100]","[359.57, 53]","[360.56, 25]",358.28,243,2.57,0.36
07:33:58,"[356.07, 69]","[354.63, 76]","[358.0, 62]","[361.67, 57]",357.04,264,1.93,0.1
07:33:59,"[355.07, 86]","[352.94, 34]","[362.11, 36]","[367.6, 47]",358.59,203,7.04,0.18
07:34:00,"[355.0, 112]","[348.0, 14]","[363.83, 29]","[364.51, 41]",359.41,196,8.83,0.29
07:34:01,"[355.0, 50]","[348.0, 15]","[362.6, 15]","[363.9, 58]",358.8,138,7.6,-0.06
07:34:02,"[351.05, 41]","[343.64, 22]","[361.56, 16]","[363.57, 56]",356.31,135,10.51,-0.07
07:34:03,"[350.19, 64]","[347.06, 16]","[361.0, 16]","[366.5, 64]",355.59,160,10.81,0.0
07:34:04,"[351.0, 60]","[348.14, 42]","[365.0, 27]","[368.79, 58]",358.0,187,14.0,0.09
07:34:05,"[354.57, 42]","[351.97, 35]","[366.0, 84]","[367.46, 39]",360.29,200,11.43,-0.23
07:34:06,"[357.0, 68]","[354.0, 34]","[365.38, 84]","[366.38, 64]",361.19,250,8.38,-0.18
07:34:07,"[356.54, 35]","[352.89, 19]","[365.0, 52]","[368.54, 52]",360.77,158,8.46,-0.32
07:34:08,"[355.84, 98]","[353.91, 33]","[364.35, 68]","[368.36, 73]",360.09,272,8.52,-0.04
07:34:09,"[356.35, 92]","[355.09, 44]","[363.57, 56]","[367.0, 56]",359.96,248,7.22,0.1
07:34:10,"[358.34, 94]","[356.9, 116]","[362.33, 60]","[366.45, 65]",360.34,335,3.99,0.25
07:34:11,"[358.93, 55]","[356.86, 84]","[361.5, 48]","[364.6, 50]",360.21,237,2.57,0.17
07:34:12,"[357.0, 102]","[354.0, 28]","[362.7, 53]","[363.85, 61]",359.85,244,5.7,0.07
07:34:13,"[357.0, 98]","[354.0, 28]","[358.79, 28]","[361.0, 70]",357.89,224,1.79,0.12
07:34:14,"[357.0, 47]","[355.86, 29]","[361.0, 50]","[369.0, 35]",359.0,161,4.0,-0.06
07:34:15,"[357.0, 12]","[356.0, 18]","[361.0, 30]","[367.33, 30]",359.0,90,4.0,-0.33
07:34:16,"[357.0, 24]","[356.0, 36]","[360.17, 60]","[366.0, 60]",358.58,180,3.17,-0.33
07:34:17,"[357.0, 43]","[356.0, 48]","[359.0, 75]","[360.25, 72]",358.0,238,2.0,-0.24
07:34:18,"[357.0, 24]","[356.0, 24]","[359.88, 40]","[371.43, 14]",358.44,102,2.88,-0.06
07:34:19,"[357.0, 24]","[356.0, 24]","[359.0, 40]","[370.0, 24]",358.0,112,2.0,-0.14
07:34:20,"[357.0, 27]","[356.0, 27]","[359.0, 44]","[368.0, 27]",358.0,125,2.0,-0.14
07:34:21,"[356.36, 25]","[354.72, 25]","[358.45, 44]","[368.27, 33]",357.41,127,2.09,-0.21
07:34:22,"[356.0, 24]","[354.0, 24]","[357.0, 33]","[367.47, 45]",356.5,126,1.0,-0.24
07:34:23,"[356.0, 14]","[354.0, 14]","[357.0, 10]","[365.75, 16]",356.5,54,1.0,0.04
07:34:24,"[356.0, 14]","[354.0, 16]","[357.0, 14]","[367.0, 16]",356.5,60,1.0,0.0
07:34:25,"[356.0, 8]","[354.0, 16]","[366.33, 15]","[368.56, 9]",361.17,48,10.33,0.0
07:34:26,"[356.67, 9]","[355.0, 12]","[367.0, 18]","[369.0, 9]",361.83,48,10.33,-0.12
07:34:27,"[353.67, 12]","[347.26, 68]","[367.0, 24]","[369.0, 12]",360.33,116,13.33,0.38
07:34:28,"[353.0, 10]","[347.0, 52]","[367.0, 20]","[369.0, 10]",360.0,92,14.0,0.35
07:34:29,"[353.0, 11]","[347.0, 66]","[365.2, 20]","[366.23, 13]",359.1,110,12.2,0.4
07:34:30,"[353.0, 29]","[347.0, 114]","[361.75, 24]","[363.06, 33]",357.38,200,8.75,0.43
07:34:31,"[353.92, 25]","[348.03, 58]","[360.59, 17]","[364.68, 28]",357.25,128,6.67,0.3
07:34:32,"[356.0, 16]","[353.0, 16]","[357.56, 16]","[359.0, 16]",356.78,64,1.56,0.0
07:34:33,"[353.82, 11]","[346.45, 11]","[357.0, 11]","[366.38, 13]",355.41,46,3.18,-0.04
07:34:34,"[353.0, 10]","[345.4, 10]","[357.0, 10]","[370.0, 20]",355.0,50,4.0,-0.2
07:34:35,"[353.0, 6]","[346.0, 6]","[357.0, 6]","[370.0, 12]",355.0,30,4.0,-0.2
07:34:36,"[348.0, 15]","[345.47, 15]","[354.65, 23]","[364.25, 24]",351.33,77,6.65,-0.22
07:34:37,"[346.27, 15]","[343.8, 15]","[349.17, 36]","[351.52, 23]",347.72,89,2.9,-0.33
07:34:38,"[342.97, 74]","[341.9, 20]","[347.65, 40]","[350.0, 40]",345.31,174,4.68,0.08
07:34:39,"[343.0, 30]","[342.0, 9]","[345.8, 30]","[350.57, 14]",344.4,83,2.8,-0.06
07:34:40,"[343.0, 30]","[342.0, 10]","[344.0, 35]","[350.0, 20]",343.5,95,1.0,-0.16
07:34:41,"[344.53, 59]","[341.33, 27]","[348.55, 33]","[351.29, 17]",346.54,136,4.02,0.26
07:34:42,"[345.82, 85]","[335.32, 19]","[350.0, 32]","[358.0, 17]",347.91,153,4.18,0.36
07:34:43,"[347.66, 108]","[339.46, 26]","[350.89, 18]","[358.2, 20]",349.27,172,3.23,0.56
07:34:44,"[349.32, 95]","[337.73, 99]","[361.12, 80]","[374.63, 38]",355.22,312,11.81,0.24
07:34:45,"[351.0, 64]","[337.06, 67]","[361.0, 60]","[362.0, 24]",356.0,215,10.0,0.22
07:34:46,"[352.84, 61]","[349.67, 92]","[360.55, 60]","[445.33, 72]",356.69,285,7.71,0.07
07:34:47,"[354.08, 52]","[351.0, 65]","[360.0, 39]","[555.0, 65]",357.04,221,5.92,0.06
07:34:48,"[354.6, 70]","[351.98, 98]","[358.44, 41]","[429.61, 54]",356.52,263,3.84,0.28
07:34:49,"[353.0, 50]","[351.0, 40]","[357.0, 30]","[449.8, 25]",355.0,145,4.0,0.24
07:34:50,"[353.19, 52]","[352.26, 95]","[357.0, 85]","[512.65, 52]",355.1,284,3.81,0.04
07:34:51,"[354.0, 30]","[353.0, 72]","[357.0, 60]","[480.75, 28]",355.5,190,3.0,0.07
07:34:52,"[353.57, 70]","[352.37, 79]","[356.62, 56]","[384.84, 43]",355.1,248,3.05,0.2
07:34:53,"[353.45, 89]","[348.45, 66]","[361.32, 65]","[366.25, 57]",357.39,277,7.87,0.12
07:34:54,"[353.44, 64]","[344.33, 63]","[363.0, 42]","[364.0, 56]",358.22,225,9.56,0.13
07:34:55,"[355.14, 28]","[353.82, 34]","[363.0, 30]","[364.0, 40]",359.07,132,7.86,-0.06
07:34:56,"[355.33, 42]","[353.42, 38]","[363.7, 40]","[477.96, 52]",359.52,172,8.37,-0.07
07:34:57,"[355.0, 44]","[353.0, 33]","[360.92, 25]","[362.04, 48]",357.96,150,5.92,0.03
07:34:58,"[355.0, 65]","[353.0, 39]","[358.85, 26]","[361.0, 65]",356.92,195,3.85,0.07
07:34:59,"[355.0, 61]","[353.0, 39]","[356.85, 26]","[360.4, 53]",355.92,179,1.85,0.12
07:35:00,"[351.39, 31]","[345.78, 23]","[355.0, 24]","[367.73, 44]",353.19,122,3.61,-0.11
07:35:01,"[347.95, 60]","[342.6, 40]","[354.75, 40]","[369.0, 80]",351.35,220,6.8,-0.09
07:35:02,"[349.49, 118]","[347.48, 46]","[352.66, 29]","[369.56, 64]",351.07,257,3.16,0.28
07:35:03,"[350.29, 112]","[344.73, 33]","[359.37, 38]","[369.55, 55]",354.83,238,9.08,0.22
07:35:04,"[352.77, 124]","[344.71, 42]","[362.62, 66]","[370.36, 33]",357.7,265,9.85,0.25
07:35:05,"[362.0, 140]","[356.61, 124]","[363.0, 70]","[372.0, 56]",362.5,390,1.0,0.35
07:35:06,"[362.0, 130]","[357.0, 104]","[363.0, 65]","[371.67, 48]",362.5,347,1.0,0.35
07:35:07,"[362.0, 100]","[357.0, 80]","[363.0, 50]","[368.0, 20]",362.5,250,1.0,0.44
07:35:08,"[362.0, 149]","[357.0, 120]","[363.0, 95]","[371.56, 54]",362.5,418,1.0,0.29
07:35:09,"[362.0, 36]","[357.0, 32]","[363.0, 24]","[372.0, 16]",362.5,108,1.0,0.26
07:35:10,"[362.0, 99]","[357.0, 88]","[363.0, 48]","[369.94, 34]",362.5,269,1.0,0.39
07:35:11,"[358.21, 95]","[355.41, 51]","[363.0, 60]","[369.12, 34]",360.61,240,4.79,0.22
07:35:12,"[357.0, 39]","[354.0, 24]","[363.0, 40]","[372.0, 32]",360.0,135,6.0,-0.07
07:35:13,"[357.0, 52]","[354.0, 39]","[362.74, 54]","[368.43, 53]",359.87,198,5.74,-0.08
07:35:14,"[357.0, 44]","[354.0, 33]","[362.0, 65]","[368.82, 44]",359.5,186,5.0,-0.17
07:35:15,"[357.6, 40]","[356.4, 60]","[360.94, 32]","[362.0, 36]",359.27,168,3.34,0.19
07:35:16,"[357.11, 47]","[356.0, 27]","[360.0, 28]","[362.0, 14]",358.55,116,2.89,0.28
07:35:17,"[355.0, 36]","[348.89, 27]","[359.91, 22]","[362.0, 11]",357.45,96,4.91,0.31
07:35:18,"[354.0, 33]","[348.0, 33]","[359.0, 22]","[364.69, 39]",356.5,127,5.0,0.04
07:35:19,"[354.0, 27]","[348.0, 27]","[359.0, 18]","[365.0, 45]",356.5,117,5.0,-0.08
07:35:20,"[346.8, 30]","[345.2, 20]","[359.21, 19]","[365.08, 36]",353.01,105,12.41,-0.05
07:35:21,"[349.21, 58]","[344.97, 62]","[365.33, 75]","[366.46, 52]",357.27,247,16.13,-0.03
07:35:22,"[349.47, 75]","[347.95, 85]","[362.73, 75]","[364.47, 75]",356.1,310,13.27,0.03
07:35:23,"[350.08, 71]","[348.19, 43]","[360.05, 88]","[361.18, 94]",355.06,296,9.96,-0.23
07:35:24,"[351.0, 15]","[350.0, 75]","[357.0, 60]","[358.0, 75]",354.0,225,6.0,-0.2
07:35:25,"[352.14, 35]","[348.93, 42]","[356.45, 44]","[358.0, 55]",354.3,176,4.31,-0.12
07:35:26,"[350.6, 63]","[340.63, 54]","[354.7, 53]","[358.46, 65]",352.65,235,4.09,-0.0
07:35:27,"[342.6, 40]","[340.73, 74]","[357.0, 90]","[361.0, 90]",349.8,294,14.4,-0.22
07:35:28,"[348.03, 60]","[346.48, 77]","[355.47, 75]","[361.0, 75]",351.75,287,7.43,-0.05
07:35:29,"[350.0, 22]","[347.38, 64]","[354.26, 39]","[361.0, 55]",352.13,180,4.26,-0.04
07:35:30,"[350.0, 18]","[343.0, 18]","[352.78, 27]","[363.0, 45]",351.39,108,2.78,-0.33
07:35:31,"[345.18, 34]","[341.32, 76]","[351.44, 18]","[363.0, 50]",348.31,178,6.27,0.24
07:35:32,"[345.86, 118]","[342.62, 110]","[349.85, 13]","[363.0, 80]",347.86,321,3.98,0.42
07:35:33,"[344.0, 99]","[341.0, 176]","[350.06, 17]","[359.95, 63]",347.03,355,6.06,0.55
07:35:34,"[341.88, 68]","[340.75, 73]","[355.8, 25]","[363.19, 31]",348.84,197,13.92,0.43
07:35:35,"[341.0, 208]","[339.0, 39]","[362.68, 44]","[363.34, 53]",351.84,344,21.68,0.44
07:35:36,"[342.0, 112]","[341.0, 224]","[360.52, 31]","[362.94, 90]",351.26,457,18.52,0.47
07:35:37,"[352.6, 126]","[348.99, 163]","[357.36, 50]","[360.35, 46]",354.98,385,4.76,0.5
07:35:38,"[356.0, 36]","[354.0, 72]","[357.0, 32]","[359.0, 32]",356.5,172,1.0,0.26
07:35:39,"[355.68, 57]","[353.57, 112]","[357.24, 51]","[360.33, 42]",356.46,262,1.55,0.29
07:35:40,"[354.72, 72]","[352.81, 84]","[361.0, 36]","[364.0, 12]",357.86,204,6.28,0.53
07:35:41,"[354.07, 58]","[353.75, 48]","[361.0, 30]","[364.0, 10]",357.53,146,6.93,0.45
07:35:42,"[354.0, 53]","[353.0, 12]","[361.0, 18]","[364.0, 6]",357.5,89,7.0,0.46
07:35:43,"[354.0, 64]","[353.0, 16]","[359.0, 24]","[361.0, 24]",356.5,128,5.0,0.25
07:35:44,"[354.0, 40]","[353.0, 10]","[359.0, 15]","[361.0, 15]",356.5,80,5.0,0.25
07:35:45,"[344.03, 60]","[337.99, 139]","[361.0, 36]","[366.83, 60]",352.52,295,16.97,0.35
07:35:46,"[340.0, 70]","[337.0, 138]","[356.0, 30]","[364.75, 40]",348.0,278,16.0,0.5
07:35:47,"[341.42, 55]","[339.41, 22]","[355.5, 30]","[366.29, 65]",348.46,172,14.08,-0.1
07:35:48,"[354.67, 45]","[349.21, 38]","[359.0, 64]","[360.0, 48]",356.83,195,4.33,-0.15
07:35:49,"[355.4, 45]","[353.0, 30]","[357.47, 60]","[361.2, 45]",356.43,180,2.07,-0.17
07:35:50,"[356.36, 39]","[352.11, 27]","[357.6, 50]","[362.93, 43]",356.98,159,1.24,-0.17
07:35:51,"[361.0, 30]","[353.0, 20]","[362.0, 30]","[366.0, 50]",361.5,130,1.0,-0.23
07:35:52,"[359.5, 28]","[353.33, 24]","[365.13, 60]","[369.67, 39]",362.32,151,5.63,-0.31
07:35:53,"[355.0, 14]","[353.0, 56]","[362.87, 46]","[363.42, 38]",358.93,154,7.87,-0.09
07:35:54,"[355.0, 14]","[353.0, 63]","[360.93, 14]","[363.14, 70]",357.96,161,5.93,-0.04
07:35:55,"[342.37, 38]","[349.25, 16]","[359.9, 10]","[364.91, 44]",351.13,108,17.53,0.0
07:35:56,"[340.85, 104]","[339.86, 103]","[358.27, 30]","[361.96, 27]",349.56,264,17.42,0.57
07:35:57,"[357.0, 36]","[346.58, 48]","[358.0, 24]","[359.0, 12]",357.5,120,1.0,0.4
07:35:58,"[354.71, 35]","[347.86, 35]","[359.09, 22]","[362.38, 42]",356.9,134,4.38,0.04
07:35:59,"[350.18, 68]","[340.57, 75]","[355.88, 85]","[357.25, 69]",353.03,297,5.71,-0.04
07:36:00,"[341.23, 52]","[340.19, 99]","[354.67, 76]","[356.5, 20]",347.95,247,13.44,0.22
07:36:01,"[342.0, 32]","[341.0, 48]","[351.7, 56]","[353.93, 28]",346.85,164,9.7,-0.02
07:36:02,"[341.95, 38]","[339.85, 41]","[345.0, 15]","[346.0, 75]",343.47,169,3.05,-0.07
07:36:03,"[341.53, 83]","[338.94, 34]","[345.88, 59]","[347.78, 90]",343.71,266,4.35,-0.12
07:36:04,"[337.0, 60]","[335.67, 12]","[346.0, 48]","[348.0, 60]",341.5,180,9.0,-0.2
07:36:05,"[337.0, 35]","[335.0, 7]","[346.0, 28]","[348.0, 35]",341.5,105,9.0,-0.2
07:36:06,"[337.29, 42]","[336.54, 26]","[346.0, 26]","[348.0, 50]",341.64,144,8.71,-0.06
07:36:07,"[338.4, 30]","[336.84, 38]","[346.0, 20]","[348.0, 50]",342.2,138,7.6,-0.01
07:36:08,"[339.36, 33]","[335.0, 11]","[346.0, 22]","[348.0, 55]",342.68,121,6.64,-0.27
07:36:09,"[340.85, 39]","[335.0, 13]","[346.34, 29]","[348.15, 65]",343.6,146,5.5,-0.29
07:36:10,"[341.56, 48]","[335.0, 16]","[347.0, 48]","[348.0, 80]",344.28,192,5.44,-0.33
07:36:11,"[342.94, 48]","[330.66, 38]","[347.0, 104]","[348.0, 80]",344.97,270,4.06,-0.36
07:36:12,"[344.19, 48]","[330.36, 28]","[347.0, 78]","[348.0, 80]",345.59,234,2.81,-0.35
07:36:13,"[335.4, 35]","[329.66, 35]","[347.74, 47]","[349.52, 83]",341.57,200,12.34,-0.3
07:36:14,"[330.73, 22]","[329.07, 67]","[348.0, 70]","[350.0, 126]",339.36,285,17.27,-0.38
07:36:15,"[332.88, 16]","[329.63, 114]","[347.99, 76]","[349.93, 140]",340.43,346,15.11,-0.25
07:36:16,"[333.0, 12]","[331.0, 144]","[344.21, 42]","[347.83, 36]",338.61,234,11.21,0.33
07:36:17,"[334.55, 29]","[331.08, 100]","[344.0, 27]","[348.0, 60]",339.28,216,9.45,0.19
07:36:18,"[334.78, 23]","[334.24, 45]","[344.0, 22]","[348.0, 59]",339.39,149,9.22,-0.09
07:36:19,"[340.48, 54]","[336.92, 26]","[344.0, 28]","[348.0, 59]",342.24,167,3.52,-0.04
07:36:20,"[341.84, 57]","[341.43, 37]","[344.0, 24]","[348.0, 24]",342.92,142,2.16,0.32
07:36:21,"[347.34, 87]","[343.93, 84]","[349.0, 36]","[350.59, 87]",348.17,294,1.66,0.16
07:36:22,"[349.1, 93]","[346.82, 44]","[350.88, 48]","[351.36, 55]",349.99,240,1.78,0.14
07:36:23,"[335.95, 37]","[333.8, 35]","[347.75, 40]","[351.79, 28]",341.85,140,11.8,0.03
07:36:24,"[337.02, 51]","[335.5, 24]","[347.0, 30]","[351.0, 67]",342.01,172,9.98,-0.13
07:36:25,"[340.54, 57]","[340.02, 51]","[347.0, 36]","[350.44, 79]",343.77,223,6.46,-0.03
07:36:26,"[342.91, 35]","[341.2, 35]","[347.0, 26]","[349.62, 26]",344.96,122,4.09,0.15
07:36:27,"[344.68, 62]","[343.0, 20]","[350.53, 51]","[351.25, 24]",347.6,157,5.85,0.04
07:36:28,"[347.61, 23]","[346.0, 15]","[351.0, 50]","[352.0, 20]",349.3,108,3.39,-0.3
07:36:29,"[348.0, 44]","[346.38, 16]","[350.79, 39]","[351.76, 34]",349.4,133,2.79,-0.1
07:36:30,"[348.0, 32]","[346.0, 16]","[351.0, 40]","[352.58, 31]",349.5,119,3.0,-0.19
07:36:31,"[349.08, 52]","[346.0, 26]","[351.0, 65]","[352.0, 65]",350.04,208,1.92,-0.25
07:36:32,"[348.88, 34]","[338.32, 25]","[351.0, 32]","[352.0, 60]",349.94,151,2.12,-0.22
07:36:33,"[348.0, 20]","[334.0, 90]","[351.63, 19]","[353.28, 47]",349.82,176,3.63,0.25
07:36:34,"[336.0, 42]","[332.35, 40]","[352.0, 28]","[357.0, 28]",344.0,138,16.0,0.19
07:36:35,"[334.0, 72]","[330.0, 16]","[349.0, 32]","[352.0, 32]",341.5,152,15.0,0.16
07:36:36,"[334.54, 78]","[333.48, 62]","[349.0, 10]","[352.0, 40]",341.77,190,14.46,0.47
07:36:37,"[337.33, 60]","[336.28, 75]","[349.0, 15]","[352.0, 60]",343.17,210,11.67,0.29
07:36:38,"[341.28, 71]","[340.2, 40]","[349.0, 12]","[352.0, 48]",345.14,171,7.72,0.3
07:36:39,"[345.0, 40]","[344.0, 16]","[349.0, 8]","[352.0, 32]",347.0,96,4.0,0.17
07:36:40,"[345.11, 45]","[344.0, 18]","[351.4, 15]","[354.67, 36]",348.26,114,6.29,0.11
07:36:41,"[347.42, 84]","[346.1, 61]","[351.26, 38]","[354.35, 34]",349.34,217,3.85,0.34
07:36:42,"[348.49, 47]","[347.75, 55]","[351.5, 24]","[355.2, 30]",349.99,156,3.01,0.31
07:36:43,"[349.52, 42]","[348.66, 83]","[351.44, 45]","[355.2, 50]",350.48,220,1.92,0.14
07:36:44,"[350.31, 58]","[348.68, 74]","[352.0, 24]","[355.42, 48]",351.16,204,1.69,0.29
07:36:45,"[345.86, 84]","[340.76, 100]","[353.2, 40]","[357.75, 64]",349.53,288,7.34,0.28
07:36:46,"[338.96, 50]","[335.63, 82]","[361.91, 33]","[443.37, 54]",350.43,219,22.95,0.21
07:36:47,"[336.34, 41]","[334.63, 98]","[355.0, 56]","[374.63, 38]",345.67,233,18.66,0.19
07:36:48,"[338.2, 60]","[337.82, 88]","[348.0, 28]","[359.0, 40]",343.1,216,9.8,0.37
07:36:49,"[340.34, 83]","[339.5, 135]","[353.58, 24]","[370.62, 71]",346.96,313,13.25,0.39
07:36:50,"[350.0, 28]","[343.36, 50]","[359.0, 48]","[515.25, 24]",354.5,150,9.0,0.04
07:36:51,"[341.65, 57]","[341.06, 79]","[357.0, 28]","[427.71, 31]",349.32,195,15.35,0.39
07:36:52,"[344.48, 69]","[342.22, 111]","[353.18, 28]","[364.7, 47]",348.83,255,8.7,0.41
07:36:53,"[346.38, 141]","[344.0, 52]","[352.8, 30]","[353.92, 36]",349.59,259,6.42,0.49
07:36:54,"[348.0, 48]","[347.0, 120]","[351.5, 36]","[353.0, 24]",349.75,228,3.5,0.47
07:36:55,"[349.53, 118]","[347.69, 64]","[351.0, 39]","[353.0, 26]",350.26,247,1.47,0.47
07:36:56,"[349.25, 105]","[347.93, 86]","[352.84, 37]","[360.11, 45]",351.04,273,3.59,0.4
07:36:57,"[350.25, 16]","[349.0, 28]","[353.0, 8]","[361.0, 12]",351.62,64,2.75,0.38
07:36:58,"[352.0, 70]","[350.63, 38]","[354.14, 21]","[396.74, 31]",353.07,160,2.14,0.35
07:36:59,"[353.34, 64]","[351.77, 44]","[356.0, 12]","[361.0, 36]",354.67,156,2.66,0.38
07:37:00,"[355.0, 12]","[354.0, 77]","[358.0, 15]","[424.31, 35]",356.5,139,3.0,0.28
07:37:01,"[356.54, 91]","[355.0, 13]","[361.0, 37]","[428.0, 52]",358.77,193,4.46,0.08
07:37:02,"[357.0, 70]","[355.0, 10]","[362.6, 10]","[365.0, 40]",359.8,130,5.6,0.23
07:37:03,"[356.77, 26]","[339.81, 47]","[359.2, 20]","[361.5, 8]",357.98,101,2.43,0.45
07:37:04,"[355.0, 11]","[338.0, 91]","[359.0, 44]","[366.6, 15]",357.0,161,4.0,0.27
07:37:05,"[338.4, 43]","[335.84, 25]","[359.0, 28]","[369.0, 21]",348.7,117,20.6,0.16
07:37:06,"[338.0, 49]","[335.0, 21]","[354.86, 28]","[364.18, 22]",346.43,120,16.86,0.17
07:37:07,"[338.18, 34]","[336.81, 54]","[348.0, 40]","[357.0, 48]",343.09,176,9.82,0.0
07:37:08,"[339.62, 13]","[334.24, 97]","[348.0, 52]","[356.79, 76]",343.81,238,8.38,-0.08
07:37:09,"[341.33, 9]","[334.81, 27]","[348.0, 36]","[353.0, 36]",344.67,108,6.67,-0.33
07:37:10,"[343.06, 16]","[341.94, 16]","[347.77, 53]","[352.52, 62]",345.42,147,4.71,-0.56
07:37:11,"[340.64, 25]","[334.79, 47]","[346.24, 29]","[349.45, 55]",343.44,156,5.6,-0.08
07:37:12,"[337.0, 36]","[329.0, 48]","[351.37, 35]","[353.53, 30]",344.19,149,14.37,0.13
07:37:13,"[337.0, 39]","[329.0, 49]","[349.0, 39]","[353.0, 26]",343.0,153,12.0,0.15
07:37:14,"[337.0, 21]","[329.0, 21]","[349.0, 21]","[351.0, 21]",343.0,84,12.0,0.0
07:37:15,"[338.36, 33]","[332.64, 33]","[349.0, 57]","[351.0, 33]",343.68,156,10.64,-0.15
07:37:16,"[337.35, 37]","[332.09, 66]","[349.0, 90]","[351.0, 45]",343.18,238,11.65,-0.13
07:37:17,"[339.31, 13]","[337.0, 39]","[349.0, 78]","[351.0, 39]",344.15,169,9.69,-0.38
07:37:18,"[344.47, 32]","[335.0, 18]","[349.0, 48]","[351.0, 24]",346.73,122,4.53,-0.18
07:37:19,"[343.09, 11]","[333.71, 51]","[348.78, 54]","[349.93, 45]",345.93,161,5.69,-0.23
07:37:20,"[346.67, 30]","[338.4, 30]","[348.0, 46]","[349.0, 96]",347.33,202,1.33,-0.41
07:37:21,"[337.02, 43]","[331.34, 131]","[348.87, 76]","[350.05, 63]",342.95,313,11.85,0.11
07:37:22,"[334.0, 30]","[331.0, 150]","[349.25, 28]","[350.78, 27]",341.62,235,15.25,0.53
07:37:23,"[334.0, 27]","[331.0, 135]","[355.69, 26]","[354.9, 20]",344.85,208,21.69,0.56
07:37:24,"[336.29, 48]","[331.11, 171]","[357.0, 52]","[358.0, 26]",346.65,297,20.71,0.47
07:37:25,"[336.04, 114]","[332.21, 53]","[354.37, 41]","[357.1, 40]",345.2,248,18.33,0.35
07:37:26,"[338.22, 126]","[333.07, 169]","[353.88, 84]","[355.67, 48]",346.05,427,15.66,0.38
07:37:27,"[341.0, 152]","[337.26, 209]","[350.06, 36]","[353.31, 59]",345.53,456,9.06,0.58
07:37:28,"[342.93, 112]","[341.21, 112]","[350.0, 28]","[353.0, 56]",346.46,308,7.07,0.45
07:37:29,"[346.64, 88]","[345.64, 88]","[352.18, 22]","[383.83, 48]",349.41,246,5.55,0.43
07:37:30,"[354.64, 78]","[349.45, 88]","[413.76, 46]","[459.75, 53]",384.2,265,59.12,0.25
07:37:31,"[357.0, 100]","[355.9, 62]","[399.0, 60]","[429.38, 74]",378.0,296,42.0,0.09
07:37:32,"[357.86, 56]","[356.67, 48]","[398.36, 33]","[420.6, 40]",378.11,177,40.51,0.18
07:37:33,"[358.91, 66]","[357.47, 68]","[397.7, 30]","[399.0, 40]",378.3,204,38.79,0.31
07:37:34,"[358.0, 48]","[357.0, 48]","[396.62, 24]","[534.0, 32]",377.31,152,38.62,0.26
07:37:35,"[358.0, 42]","[357.0, 44]","[394.62, 24]","[533.4, 30]",376.31,140,36.62,0.23
07:37:36,"[359.5, 16]","[355.62, 52]","[391.5, 36]","[489.91, 43]",375.5,147,32.0,-0.07
07:37:37,"[362.0, 11]","[357.0, 22]","[381.16, 37]","[445.0, 34]",371.58,104,19.16,-0.37
07:37:38,"[362.0, 7]","[358.0, 49]","[390.0, 21]","[403.0, 14]",376.0,91,28.0,0.23
07:37:39,"[362.0, 10]","[358.0, 70]","[387.45, 40]","[394.0, 25]",374.73,145,25.45,0.1
07:37:40,"[362.0, 11]","[358.0, 77]","[385.27, 55]","[388.0, 33]",373.64,176,23.27,0.0
07:37:41,"[359.47, 19]","[357.89, 55]","[385.0, 50]","[388.0, 30]",372.24,154,25.53,-0.04
07:37:42,"[356.71, 34]","[355.13, 93]","[384.29, 52]","[393.31, 59]",370.5,238,27.58,0.07
07:37:43,"[356.93, 46]","[354.82, 65]","[383.33, 60]","[392.4, 58]",370.13,229,26.4,-0.03
07:37:44,"[359.0, 66]","[358.0, 40]","[382.75, 40]","[391.0, 40]",370.88,186,23.75,0.14
07:37:45,"[359.0, 30]","[358.0, 50]","[381.7, 50]","[435.88, 41]",370.35,171,22.7,-0.06
07:37:46,"[359.0, 18]","[358.0, 30]","[379.86, 22]","[403.46, 26]",369.43,96,20.86,0.0
07:37:47,"[358.62, 39]","[357.93, 43]","[376.47, 15]","[379.87, 47]",367.54,144,17.85,0.14
07:37:48,"[358.0, 60]","[357.0, 12]","[376.12, 40]","[379.34, 32]",367.06,144,18.12,0.0
07:37:49,"[361.85, 135]","[357.98, 51]","[376.0, 55]","[377.0, 11]",368.93,252,14.15,0.48
07:37:50,"[362.0, 129]","[358.0, 40]","[376.0, 40]","[377.0, 8]",369.0,217,14.0,0.56
07:37:51,"[362.0, 216]","[358.0, 60]","[370.47, 36]","[370.36, 36]",366.24,348,8.47,0.59
07:37:52,"[362.52, 92]","[361.06, 85]","[367.0, 9]","[368.0, 45]",364.76,231,4.48,0.53
07:37:53,"[364.0, 33]","[362.0, 104]","[365.67, 12]","[390.17, 24]",364.83,173,1.67,0.58
07:37:54,"[364.0, 6]","[362.0, 78]","[366.0, 6]","[546.0, 6]",365.0,96,2.0,0.75
07:37:55,"[362.56, 18]","[361.71, 70]","[365.17, 6]","[407.33, 6]",363.86,100,2.61,0.76
07:37:56,"[362.0, 181]","[358.0, 75]","[364.73, 15]","[430.68, 59]",363.37,330,2.73,0.55
07:37:57,"[362.0, 110]","[358.0, 60]","[465.43, 40]","[498.22, 32]",413.71,242,103.43,0.4
07:37:58,"[362.0, 99]","[358.0, 55]","[505.29, 17]","[518.66, 35]",433.65,206,143.29,0.5
07:37:59,"[362.0, 48]","[358.0, 40]","[406.75, 32]","[499.54, 13]",384.38,133,44.75,0.32
07:38:00,"[362.0, 15]","[358.0, 25]","[381.79, 19]","[398.2, 10]",371.89,69,19.79,0.16
07:38:01,"[359.81, 21]","[357.93, 46]","[373.0, 24]","[374.0, 24]",366.4,115,13.19,0.17
07:38:02,"[363.0, 11]","[358.0, 44]","[372.64, 22]","[374.0, 22]",367.82,99,9.64,0.11
07:38:03,"[363.0, 9]","[358.0, 36]","[370.33, 18]","[372.67, 18]",366.67,81,7.33,0.11
07:38:04,"[363.0, 30]","[358.0, 56]","[367.86, 28]","[369.14, 28]",365.43,142,4.86,0.21
07:38:05,"[358.81, 43]","[356.82, 66]","[366.0, 21]","[452.29, 21]",362.41,151,7.19,0.44
07:38:06,"[359.0, 48]","[357.0, 70]","[364.44, 16]","[366.14, 14]",361.72,148,5.44,0.59
07:38:07,"[358.42, 24]","[356.84, 73]","[361.48, 31]","[362.22, 36]",359.95,164,3.07,0.18
07:38:08,"[358.0, 8]","[357.0, 48]","[361.0, 8]","[407.5, 32]",359.5,96,3.0,0.17
07:38:09,"[357.05, 42]","[355.33, 72]","[361.0, 12]","[480.62, 48]",359.02,174,3.95,0.31
07:38:10,"[357.22, 41]","[355.66, 64]","[359.31, 13]","[361.62, 13]",358.26,131,2.09,0.6
07:38:11,"[358.57, 14]","[357.0, 56]","[360.42, 26]","[395.91, 34]",359.5,130,1.85,0.08
07:38:12,"[357.0, 56]","[355.0, 102]","[358.88, 34]","[374.43, 47]",357.94,239,1.88,0.32
07:38:13,"[355.89, 54]","[353.04, 92]","[359.52, 42]","[430.88, 40]",357.71,228,3.63,0.28
07:38:14,"[355.0, 30]","[350.0, 42]","[360.0, 28]","[499.8, 15]",357.5,115,5.0,0.25
07:38:15,"[355.0, 41]","[350.0, 78]","[358.29, 62]","[359.45, 55]",356.65,236,3.29,0.01
07:38:16,"[350.21, 72]","[346.18, 68]","[355.18, 22]","[356.69, 49]",352.7,211,4.97,0.33
07:38:17,"[350.0, 70]","[345.0, 154]","[354.25, 24]","[381.79, 38]",352.12,286,4.25,0.57
07:38:18,"[350.0, 30]","[345.0, 99]","[358.0, 36]","[500.78, 27]",354.0,192,8.0,0.34
07:38:19,"[348.1, 29]","[344.98, 101]","[358.0, 40]","[522.67, 18]",353.05,188,9.9,0.38
07:38:20,"[347.19, 32]","[344.93, 59]","[357.86, 28]","[585.71, 7]",352.52,126,10.67,0.44
07:38:21,"[352.0, 28]","[345.0, 154]","[356.86, 56]","[664.61, 28]",354.43,266,4.86,0.37
07:38:22,"[352.0, 18]","[345.0, 110]","[355.5, 40]","[420.08, 26]",353.75,194,3.5,0.32
07:38:23,"[352.0, 7]","[345.0, 77]","[353.86, 28]","[456.86, 21]",352.93,133,1.86,0.26
07:38:24,"[346.87, 30]","[344.87, 92]","[376.05, 38]","[531.61, 28]",361.46,188,29.19,0.3
07:38:25,"[346.7, 56]","[344.58, 53]","[387.48, 29]","[563.0, 19]",367.09,157,40.79,0.39
07:38:26,"[356.0, 49]","[345.0, 77]","[359.57, 21]","[382.4, 20]",357.79,167,3.57,0.51
07:38:27,"[356.0, 4]","[345.0, 44]","[360.21, 14]","[446.6, 10]",358.11,72,4.21,0.33
07:38:28,"[357.65, 17]","[352.6, 10]","[359.92, 37]","[368.92, 26]",358.78,90,2.27,-0.4
07:38:29,"[341.62, 63]","[338.29, 77]","[357.65, 34]","[359.18, 22]",349.63,196,16.03,0.43
07:38:30,"[341.09, 70]","[338.86, 42]","[351.0, 39]","[352.0, 27]",346.04,178,9.91,0.26
07:38:31,"[343.4, 30]","[341.89, 47]","[351.0, 60]","[352.0, 30]",347.2,167,7.6,-0.08
07:38:32,"[345.84, 126]","[343.94, 77]","[351.0, 102]","[352.0, 51]",348.42,356,5.16,0.14
07:38:33,"[348.14, 56]","[344.0, 42]","[351.0, 42]","[352.0, 21]",349.57,161,2.86,0.22
07:38:34,"[349.63, 86]","[348.44, 81]","[351.31, 29]","[352.09, 33]",350.47,229,1.68,0.46
07:38:35,"[350.91, 88]","[344.0, 11]","[358.09, 23]","[365.73, 11]",354.5,133,7.18,0.49
07:38:36,"[355.39, 72]","[355.2, 50]","[359.0, 24]","[367.0, 12]",357.19,158,3.61,0.54
07:38:37,"[359.33, 63]","[348.0, 66]","[365.86, 14]","[421.17, 36]",362.6,179,6.52,0.44
07:38:38,"[360.0, 60]","[358.0, 30]","[367.0, 10]","[412.0, 20]",363.5,120,7.0,0.5
07:38:39,"[361.44, 54]","[359.49, 47]","[367.0, 13]","[415.86, 21]",364.22,135,5.56,0.5
07:38:40,"[362.0, 66]","[360.0, 77]","[367.0, 22]","[429.0, 38]",364.5,203,5.0,0.41
07:38:41,"[364.58, 66]","[363.19, 64]","[367.0, 24]","[545.0, 24]",365.79,178,2.42,0.46
07:38:42,"[365.0, 35]","[364.0, 35]","[367.0, 14]","[540.43, 14]",366.0,98,2.0,0.43
07:38:43,"[365.17, 48]","[363.33, 54]","[367.0, 20]","[497.37, 19]",366.08,141,1.83,0.45
07:38:44,"[364.0, 34]","[360.0, 72]","[366.93, 15]","[445.12, 16]",365.47,137,2.93,0.55
07:38:45,"[364.0, 22]","[360.0, 81]","[365.14, 35]","[366.6, 15]",364.57,153,1.14,0.35
07:38:46,"[361.05, 38]","[359.49, 47]","[365.06, 33]","[366.22, 9]",363.06,127,4.01,0.34
07:38:47,"[360.0, 66]","[358.0, 36]","[364.06, 16]","[365.06, 32]",362.03,150,4.06,0.36
07:38:48,"[360.0, 53]","[358.0, 33]","[361.12, 43]","[364.14, 21]",360.56,150,1.12,0.15
07:38:49,"[360.0, 28]","[358.0, 21]","[361.0, 20]","[365.0, 21]",360.5,90,1.0,0.09
07:38:50,"[360.0, 48]","[358.0, 36]","[364.0, 32]","[367.8, 20]",362.0,136,4.0,0.24
07:38:51,"[360.0, 24]","[358.0, 18]","[364.86, 14]","[367.8, 10]",362.43,66,4.86,0.27
07:38:52,"[358.33, 24]","[356.11, 53]","[362.58, 19]","[364.68, 25]",360.46,121,4.25,0.27
07:38:53,"[358.0, 26]","[356.0, 65]","[362.0, 39]","[363.0, 13]",360.0,143,4.0,0.27
07:38:54,"[358.0, 18]","[356.0, 45]","[361.91, 23]","[362.54, 13]",359.96,99,3.91,0.27
07:38:55,"[358.0, 16]","[356.0, 40]","[360.88, 8]","[362.0, 24]",359.44,88,2.88,0.27
07:38:56,"[356.44, 36]","[354.25, 48]","[358.75, 48]","[360.75, 24]",357.6,156,2.31,0.08
07:38:57,"[356.24, 34]","[352.2, 30]","[358.45, 31]","[374.0, 64]",357.34,159,2.22,-0.19
07:38:58,"[354.0, 10]","[346.62, 16]","[375.24, 42]","[488.22, 36]",364.62,104,21.24,-0.5
07:38:59,"[348.1, 21]","[346.68, 38]","[364.18, 44]","[399.58, 99]",356.14,202,16.09,-0.42
07:39:00,"[348.52, 25]","[346.44, 32]","[368.57, 42]","[375.27, 74]",358.55,173,20.05,-0.34
07:39:01,"[350.05, 19]","[346.4, 20]","[370.0, 30]","[375.2, 50]",360.03,119,19.95,-0.34
07:39:02,"[350.07, 15]","[346.5, 16]","[370.0, 24]","[375.0, 40]",360.03,95,19.93,-0.35
07:39:03,"[350.0, 20]","[348.1, 20]","[370.0, 30]","[375.0, 50]",360.0,120,20.0,-0.33
07:39:04,"[352.92, 24]","[347.59, 27]","[369.88, 34]","[374.72, 53]",361.4,138,16.97,-0.26
07:39:05,"[347.0, 42]","[344.0, 56]","[362.4, 40]","[367.44, 50]",354.7,188,15.4,0.04
07:39:06,"[347.0, 23]","[344.2, 40]","[360.27, 49]","[378.65, 43]",353.63,155,13.27,-0.19
07:39:07,"[347.0, 42]","[346.0, 12]","[348.0, 20]","[372.5, 30]",347.5,104,1.0,0.04
07:39:08,"[347.0, 28]","[346.0, 8]","[348.0, 12]","[372.0, 20]",347.5,68,1.0,0.06
07:39:09,"[347.0, 49]","[346.0, 14]","[348.0, 15]","[372.0, 35]",347.5,113,1.0,0.12
07:39:10,"[347.0, 70]","[346.0, 20]","[348.0, 10]","[357.85, 26]",347.5,126,1.0,0.43
07:39:11,"[347.0, 51]","[346.0, 18]","[348.0, 9]","[349.0, 18]",347.5,96,1.0,0.44
07:39:12,"[347.0, 40]","[346.0, 16]","[348.0, 8]","[349.0, 16]",347.5,80,1.0,0.4
07:39:13,"[347.0, 49]","[346.0, 26]","[348.0, 13]","[349.0, 26]",347.5,114,1.0,0.32
07:39:14,"[347.0, 36]","[346.0, 64]","[348.29, 14]","[349.33, 24]",347.64,138,1.29,0.45
07:39:15,"[347.06, 50]","[345.57, 46]","[349.0, 24]","[351.0, 24]",348.03,144,1.94,0.33
07:39:16,"[344.92, 79]","[341.65, 71]","[350.78, 27]","[352.58, 31]",347.85,208,5.85,0.44
07:39:17,"[344.65, 69]","[341.62, 42]","[351.0, 26]","[352.0, 65]",347.83,202,6.35,0.1
07:39:18,"[345.0, 45]","[341.67, 18]","[351.62, 16]","[352.44, 27]",348.31,106,6.62,0.19
07:39:19,"[346.6, 75]","[341.0, 30]","[352.0, 15]","[353.0, 30]",349.3,150,5.4,0.4
07:39:20,"[347.3, 50]","[344.85, 39]","[352.0, 12]","[353.0, 24]",349.65,125,4.7,0.42
07:39:21,"[348.95, 37]","[346.81, 78]","[352.11, 18]","[353.21, 33]",350.53,166,3.17,0.39
07:39:22,"[351.84, 31]","[339.2, 20]","[353.0, 14]","[360.0, 11]",352.42,76,1.16,0.34
07:39:23,"[352.21, 42]","[340.09, 43]","[355.5, 14]","[362.5, 24]",353.86,123,3.29,0.38
07:39:24,"[359.26, 46]","[355.51, 43]","[363.48, 31]","[396.37, 57]",361.37,177,4.22,0.01
07:39:25,"[363.0, 24]","[359.0, 32]","[389.04, 26]","[412.12, 40]",376.02,122,26.04,-0.08
07:39:26,"[363.0, 27]","[359.0, 36]","[386.45, 33]","[419.78, 45]",374.73,141,23.45,-0.11
07:39:27,"[363.0, 27]","[359.0, 36]","[365.91, 33]","[389.52, 25]",364.45,121,2.91,0.04
07:39:28,"[363.0, 21]","[359.0, 28]","[364.0, 28]","[371.0, 21]",363.5,98,1.0,0.0
07:39:29,"[363.0, 24]","[359.0, 32]","[364.0, 14]","[369.85, 26]",363.5,96,1.0,0.17
07:39:30,"[363.0, 27]","[359.0, 36]","[364.0, 9]","[371.0, 27]",363.5,99,1.0,0.27
07:39:31,"[360.82, 11]","[357.7, 23]","[364.0, 5]","[371.0, 15]",362.41,54,3.18,0.26
07:39:32,"[359.0, 24]","[357.0, 60]","[362.89, 18]","[369.79, 24]",360.94,126,3.89,0.33
07:39:33,"[359.0, 24]","[357.5, 20]","[361.67, 48]","[363.0, 12]",360.33,104,2.67,-0.15
07:39:34,"[358.6, 30]","[356.02, 41]","[360.85, 47]","[365.96, 54]",359.73,172,2.25,-0.17
07:39:35,"[357.0, 18]","[355.0, 81]","[361.0, 36]","[375.0, 36]",359.0,171,4.0,0.16
07:39:36,"[357.94, 66]","[356.18, 44]","[359.87, 60]","[374.7, 30]",358.9,200,1.93,0.1
07:39:37,"[357.62, 32]","[355.31, 64]","[358.7, 40]","[363.87, 23]",358.16,159,1.07,0.21
07:39:38,"[355.0, 70]","[341.0, 48]","[356.7, 20]","[362.67, 24]",355.85,162,1.7,0.46
07:39:39,"[355.0, 42]","[341.0, 30]","[356.0, 18]","[360.33, 12]",355.5,102,1.0,0.41
07:39:40,"[355.0, 51]","[341.0, 54]","[357.76, 25]","[369.0, 13]",356.38,143,2.76,0.47
07:39:41,"[355.0, 48]","[341.0, 60]","[357.77, 26]","[367.29, 14]",356.38,148,2.77,0.46
07:39:42,"[355.0, 32]","[341.0, 28]","[361.0, 26]","[360.0, 14]",358.0,100,6.0,0.2
07:39:43,"[356.45, 139]","[355.75, 157]","[370.0, 76]","[372.0, 19]",363.23,391,13.55,0.51
07:39:44,"[357.47, 137]","[355.88, 75]","[370.0, 60]","[371.53, 19]",363.73,291,12.53,0.46
07:39:45,"[359.65, 161]","[357.26, 19]","[369.05, 41]","[370.98, 56]",364.35,277,9.4,0.3
07:39:46,"[360.46, 152]","[359.58, 38]","[365.9, 20]","[367.71, 34]",363.18,244,5.44,0.56
07:39:47,"[361.82, 80]","[360.0, 36]","[363.58, 12]","[365.0, 24]",362.7,152,1.76,0.53
07:39:48,"[360.38, 53]","[359.04, 23]","[365.0, 30]","[369.97, 62]",362.69,168,4.62,-0.1
07:39:49,"[361.0, 70]","[360.0, 42]","[365.0, 28]","[374.49, 68]",363.0,208,4.0,0.08
07:39:50,"[362.43, 42]","[360.0, 42]","[364.43, 28]","[370.0, 56]",363.43,168,2.0,0.0
07:39:51,"[363.0, 39]","[360.0, 39]","[364.0, 26]","[370.0, 52]",363.5,156,1.0,0.0
07:39:52,"[360.75, 36]","[359.0, 18]","[364.0, 24]","[370.0, 48]",362.38,126,3.25,-0.14
07:39:53,"[360.0, 39]","[358.31, 13]","[363.46, 26]","[370.0, 52]",361.73,130,3.46,-0.2
07:39:54,"[360.0, 36]","[359.0, 12]","[362.0, 24]","[372.83, 53]",361.0,125,2.0,-0.23
07:39:55,"[360.0, 21]","[359.0, 7]","[362.0, 14]","[376.0, 35]",361.0,77,2.0,-0.27
07:39:56,"[358.0, 9]","[355.0, 90]","[362.0, 18]","[376.0, 45]",360.0,162,4.0,0.22
07:39:57,"[358.0, 6]","[355.0, 60]","[361.33, 12]","[376.0, 30]",359.67,108,3.33,0.22
07:39:58,"[358.0, 13]","[355.0, 70]","[359.46, 26]","[365.12, 32]",358.73,141,1.46,0.18
07:39:59,"[355.11, 54]","[349.65, 34]","[358.67, 21]","[366.9, 40]",356.89,149,3.56,0.18
07:40:00,"[355.0, 48]","[348.0, 24]","[368.12, 33]","[372.12, 57]",361.56,162,13.12,-0.11
07:40:01,"[352.35, 37]","[346.49, 65]","[368.42, 62]","[372.78, 73]",360.39,237,16.07,-0.14
07:40:02,"[348.91, 85]","[346.43, 42]","[357.84, 45]","[371.43, 46]",353.38,218,8.94,0.17
07:40:03,"[349.45, 86]","[348.89, 57]","[371.0, 108]","[377.0, 24]",360.23,275,21.55,0.04
07:40:04,"[361.78, 36]","[357.41, 71]","[371.0, 108]","[377.0, 24]",366.39,239,9.22,-0.1
07:40:05,"[362.0, 32]","[358.09, 100]","[371.0, 144]","[377.0, 32]",366.5,308,9.0,-0.14
07:40:06,"[362.0, 14]","[361.0, 21]","[371.0, 63]","[377.0, 14]",366.5,112,9.0,-0.38
07:40:07,"[362.0, 16]","[361.0, 24]","[371.0, 72]","[529.13, 30]",366.5,142,9.0,-0.44
07:40:08,"[362.0, 28]","[361.0, 42]","[369.69, 48]","[377.0, 64]",365.84,182,7.69,-0.23
07:40:09,"[362.0, 24]","[361.0, 36]","[367.0, 36]","[371.6, 50]",364.5,146,5.0,-0.18
07:40:10,"[358.23, 105]","[357.48, 75]","[363.86, 42]","[374.0, 70]",361.04,292,5.63,0.23
07:40:11,"[358.0, 144]","[357.0, 96]","[361.07, 44]","[368.28, 50]",359.53,334,3.07,0.44
07:40:12,"[358.0, 95]","[357.0, 72]","[364.51, 41]","[374.72, 36]",361.26,244,6.51,0.37
07:40:13,"[358.0, 50]","[357.0, 84]","[368.0, 56]","[378.92, 129]",363.0,319,10.0,-0.16
07:40:14,"[358.0, 21]","[357.0, 42]","[368.0, 28]","[375.0, 17]",363.0,108,10.0,0.17
07:40:15,"[357.33, 27]","[356.25, 24]","[363.69, 29]","[368.52, 23]",360.51,103,6.36,-0.01
07:40:16,"[357.25, 32]","[356.57, 56]","[370.68, 31]","[376.78, 54]",363.96,173,13.43,0.02
07:40:17,"[358.0, 14]","[356.36, 84]","[372.64, 28]","[378.43, 61]",365.32,187,14.64,0.05
07:40:18,"[358.1, 20]","[356.52, 127]","[366.38, 58]","[372.71, 84]",362.24,289,8.28,0.02
07:40:19,"[356.44, 27]","[355.45, 66]","[372.0, 36]","[379.94, 77]",364.22,206,15.56,-0.1
07:40:20,"[356.0, 91]","[354.0, 78]","[372.0, 52]","[380.0, 117]",364.0,338,16.0,0.0
07:40:21,"[358.44, 43]","[354.93, 45]","[371.0, 25]","[379.18, 50]",364.72,163,12.56,0.08
07:40:22,"[354.56, 34]","[350.81, 67]","[365.79, 28]","[367.25, 24]",360.17,153,11.23,0.32
07:40:23,"[351.45, 62]","[349.05, 65]","[364.89, 18]","[366.0, 54]",358.17,199,13.44,0.28
07:40:24,"[352.37, 38]","[349.41, 58]","[362.62, 13]","[366.0, 39]",357.49,148,10.25,0.3
07:40:25,"[352.75, 48]","[348.0, 24]","[363.71, 21]","[365.69, 39]",358.23,132,10.96,0.09
07:40:26,"[356.57, 28]","[352.36, 47]","[365.0, 48]","[368.14, 42]",360.79,165,8.43,-0.09
07:40:27,"[358.5, 48]","[354.0, 60]","[364.14, 58]","[366.54, 74]",361.32,240,5.64,-0.1
07:40:28,"[359.47, 68]","[358.0, 34]","[362.94, 51]","[366.0, 68]",361.21,221,3.47,-0.08
07:40:29,"[360.0, 20]","[358.0, 22]","[367.54, 41]","[370.29, 49]",363.77,132,7.54,-0.36
07:40:30,"[360.0, 7]","[358.0, 14]","[368.91, 22]","[369.65, 23]",364.45,66,8.91,-0.36
07:40:31,"[360.0, 14]","[358.0, 28]","[367.0, 14]","[369.0, 56]",363.5,112,7.0,-0.25
07:40:32,"[360.0, 12]","[358.0, 24]","[364.5, 12]","[367.67, 24]",362.25,72,4.5,0.0
07:40:33,"[360.0, 13]","[358.0, 26]","[362.85, 13]","[363.85, 13]",361.42,65,2.85,0.2
07:40:34,"[359.6, 10]","[357.76, 17]","[361.11, 9]","[363.67, 12]",360.36,48,1.51,0.12
07:40:35,"[358.0, 14]","[354.0, 7]","[361.43, 7]","[367.86, 28]",359.71,56,3.43,-0.25
07:40:36,"[358.0, 28]","[354.0, 10]","[360.3, 10]","[369.0, 40]",359.15,88,2.3,-0.14
07:40:37,"[358.0, 38]","[354.0, 10]","[364.25, 16]","[369.47, 38]",361.12,102,6.25,-0.06
07:40:38,"[358.0, 21]","[354.0, 7]","[369.0, 28]","[372.0, 21]",363.5,77,11.0,-0.27
07:40:39,"[359.0, 29]","[356.62, 45]","[369.0, 68]","[372.0, 51]",364.0,193,10.0,-0.23
07:40:40,"[359.0, 19]","[358.0, 57]","[367.78, 59]","[371.05, 101]",363.39,236,8.78,-0.36
07:40:41,"[358.12, 33]","[356.75, 32]","[364.93, 54]","[367.43, 70]",361.52,189,6.8,-0.31
07:40:42,"[356.75, 24]","[355.3, 20]","[372.21, 42]","[374.66, 41]",364.48,127,15.46,-0.31
07:40:43,"[362.6, 45]","[352.08, 39]","[370.87, 75]","[373.26, 62]",366.73,221,8.27,-0.24
07:40:44,"[365.0, 27]","[356.0, 27]","[370.0, 45]","[372.0, 73]",367.5,172,5.0,-0.37
07:40:45,"[365.0, 45]","[361.0, 45]","[367.47, 75]","[372.4, 89]",366.23,254,2.47,-0.29
07:40:46,"[365.0, 36]","[361.0, 36]","[366.0, 60]","[376.0, 36]",365.5,168,1.0,-0.14
07:40:47,"[358.6, 30]","[354.62, 24]","[372.43, 42]","[380.17, 54]",365.51,150,13.83,-0.28
07:40:48,"[352.0, 24]","[349.0, 12]","[376.0, 36]","[381.0, 60]",364.0,132,24.0,-0.45
07:40:49,"[351.14, 14]","[348.11, 9]","[372.0, 27]","[378.29, 31]",361.57,81,20.86,-0.43
07:40:50,"[349.0, 10]","[347.0, 10]","[350.43, 14]","[366.88, 34]",349.71,68,1.43,-0.41
07:40:51,"[347.43, 14]","[298.25, 36]","[350.65, 17]","[370.05, 58]",349.04,125,3.22,-0.2
07:40:52,"[347.0, 12]","[280.75, 16]","[364.57, 28]","[370.67, 60]",355.79,116,17.57,-0.52
07:40:53,"[359.86, 28]","[322.83, 12]","[369.75, 60]","[371.58, 60]",364.8,160,9.89,-0.5
07:40:54,"[357.86, 22]","[317.29, 14]","[369.0, 50]","[371.0, 50]",363.43,136,11.14,-0.47
07:40:55,"[302.88, 32]","[197.61, 44]","[366.56, 59]","[368.0, 61]",334.72,196,63.68,-0.22
07:40:56,"[252.55, 38]","[124.38, 63]","[353.31, 29]","[361.33, 42]",302.93,172,100.76,0.17
07:40:57,"[313.0, 39]","[146.53, 77]","[349.96, 46]","[359.89, 45]",331.48,207,36.96,0.12
07:40:58,"[213.1, 51]","[63.78, 91]","[351.2, 20]","[353.34, 29]",282.15,191,138.1,0.49
07:40:59,"[225.32, 25]","[219.07, 43]","[351.67, 36]","[353.67, 18]",288.49,122,126.35,0.11
07:41:00,"[331.85, 94]","[309.61, 93]","[353.0, 44]","[355.0, 11]",342.43,242,21.15,0.55
07:41:01,"[346.41, 132]","[285.16, 225]","[351.75, 48]","[353.44, 36]",349.08,441,5.34,0.62
07:41:02,"[346.21, 48]","[323.74, 212]","[350.14, 42]","[353.54, 13]",348.18,315,3.93,0.65
07:41:03,"[347.0, 6]","[341.0, 114]","[349.0, 30]","[352.0, 6]",348.0,156,2.0,0.54
07:41:04,"[340.87, 139]","[295.45, 191]","[349.0, 49]","[352.0, 13]",344.94,392,8.13,0.68
07:41:05,"[340.0, 114]","[271.5, 54]","[349.0, 18]","[352.0, 6]",344.5,192,9.0,0.75
07:41:06,"[340.0, 152]","[229.5, 64]","[349.0, 22]","[352.0, 8]",344.5,246,9.0,0.76
07:41:07,"[340.0, 171]","[219.93, 83]","[349.0, 18]","[351.09, 23]",344.5,295,9.0,0.72
07:41:08,"[340.0, 114]","[197.25, 56]","[349.0, 12]","[351.0, 18]",344.5,200,9.0,0.7
07:41:09,"[340.0, 76]","[245.5, 44]","[348.14, 14]","[349.67, 9]",344.07,143,8.14,0.68
07:41:10,"[340.03, 176]","[233.53, 106]","[349.84, 19]","[353.12, 34]",344.94,335,9.81,0.68
07:41:11,"[342.13, 39]","[339.33, 75]","[353.16, 19]","[354.29, 17]",347.64,150,11.03,0.52
07:41:12,"[343.89, 36]","[343.11, 27]","[354.0, 27]","[355.0, 13]",348.94,103,10.11,0.22
07:41:13,"[349.0, 25]","[347.69, 62]","[354.0, 27]","[355.0, 27]",351.5,141,5.0,0.23
07:41:14,"[351.97, 30]","[341.42, 55]","[354.44, 27]","[356.33, 27]",353.21,139,2.48,0.22
07:41:15,"[354.0, 24]","[353.0, 24]","[355.75, 32]","[360.55, 33]",354.88,113,1.75,-0.15
07:41:16,"[341.84, 25]","[259.91, 79]","[358.0, 22]","[386.73, 33]",349.92,159,16.16,0.31
07:41:17,"[343.0, 54]","[261.7, 37]","[358.0, 24]","[415.25, 36]",350.5,151,15.0,0.21
07:41:18,"[346.0, 60]","[337.0, 30]","[357.6, 10]","[594.74, 35]",351.8,135,11.6,0.33
07:41:19,"[347.6, 60]","[341.29, 84]","[358.38, 24]","[462.5, 18]",352.99,186,10.77,0.55
07:41:20,"[346.0, 78]","[340.14, 35]","[359.15, 34]","[460.14, 37]",352.57,184,13.15,0.23
07:41:21,"[346.0, 36]","[341.0, 18]","[359.0, 24]","[360.0, 6]",352.5,84,13.0,0.29
07:41:22,"[345.95, 76]","[343.84, 31]","[357.38, 50]","[360.0, 17]",351.66,174,11.43,0.23
07:41:23,"[346.12, 34]","[343.25, 32]","[357.68, 25]","[425.21, 19]",351.9,110,11.56,0.2
07:41:24,"[347.67, 60]","[345.8, 40]","[357.33, 36]","[359.56, 18]",352.5,154,9.67,0.3
07:41:25,"[348.17, 82]","[344.7, 40]","[355.74, 39]","[357.84, 25]",351.96,186,7.57,0.31
07:41:26,"[350.74, 57]","[343.76, 34]","[353.89, 65]","[356.22, 37]",352.31,193,3.16,-0.06
07:41:27,"[352.58, 36]","[342.67, 24]","[354.0, 60]","[365.0, 12]",353.29,132,1.42,-0.09
07:41:28,"[349.67, 27]","[337.65, 17]","[354.0, 41]","[365.0, 10]",351.83,95,4.33,-0.07
07:41:29,"[338.0, 20]","[336.0, 10]","[354.0, 20]","[365.0, 10]",346.0,60,16.0,0.0
07:41:30,"[338.0, 32]","[336.0, 12]","[353.71, 28]","[361.86, 14]",345.86,86,15.71,0.02
07:41:31,"[338.71, 35]","[336.8, 15]","[352.6, 40]","[353.82, 22]",345.66,112,13.89,-0.11
07:41:32,"[340.19, 80]","[334.11, 35]","[349.0, 44]","[353.0, 64]",344.59,223,8.81,0.03
07:41:33,"[342.15, 65]","[335.38, 13]","[347.7, 46]","[350.5, 32]",344.92,156,5.54,0.0
07:41:34,"[343.22, 45]","[334.0, 9]","[347.0, 36]","[349.0, 18]",345.11,108,3.78,0.0
07:41:35,"[344.7, 50]","[334.0, 10]","[347.0, 40]","[349.0, 20]",345.85,120,2.3,0.0
07:41:36,"[341.06, 17]","[330.78, 9]","[348.27, 22]","[350.56, 18]",344.67,66,7.21,-0.21
07:41:37,"[334.92, 13]","[333.94, 79]","[349.0, 26]","[351.0, 26]",341.96,144,14.08,0.28
07:41:38,"[335.0, 14]","[334.0, 98]","[347.31, 39]","[349.43, 28]",341.15,179,12.31,0.25
07:41:39,"[335.0, 15]","[334.0, 105]","[349.0, 21]","[351.0, 30]",342.0,171,14.0,0.4
07:41:40,"[335.64, 14]","[334.0, 50]","[349.0, 8]","[351.0, 16]",342.32,88,13.36,0.45
07:41:41,"[336.85, 92]","[334.83, 18]","[349.0, 18]","[351.0, 36]",342.92,164,12.15,0.34
07:41:42,"[340.05, 21]","[335.85, 13]","[349.0, 13]","[351.0, 26]",344.52,73,8.95,-0.07
07:41:43,"[343.08, 49]","[341.0, 34]","[349.0, 14]","[351.0, 28]",346.04,125,5.92,0.33
07:41:44,"[346.47, 30]","[344.0, 90]","[349.0, 15]","[351.0, 30]",347.73,165,2.53,0.45
07:41:45,"[347.88, 68]","[345.36, 44]","[350.14, 14]","[351.94, 31]",349.01,157,2.26,0.43
07:41:46,"[348.25, 64]","[346.42, 43]","[350.28, 25]","[351.67, 21]",349.26,153,2.03,0.4
07:41:47,"[344.36, 28]","[332.23, 53]","[350.62, 16]","[351.87, 23]",347.49,120,6.27,0.35
07:41:48,"[337.48, 46]","[334.1, 21]","[350.29, 17]","[353.63, 49]",343.89,133,12.82,0.01
07:41:49,"[341.7, 67]","[336.85, 52]","[349.0, 56]","[356.67, 24]",345.35,199,7.3,0.2
07:41:50,"[343.0, 36]","[338.0, 9]","[354.0, 18]","[358.11, 18]",348.5,81,11.0,0.11
07:41:51,"[343.0, 36]","[336.33, 9]","[359.33, 18]","[362.76, 42]",351.17,105,16.33,-0.14
07:41:52,"[343.36, 56]","[335.0, 14]","[355.19, 36]","[359.83, 54]",349.28,160,11.84,-0.12
07:41:53,"[344.85, 52]","[332.23, 13]","[356.38, 26]","[363.0, 65]",350.62,156,11.54,-0.17
07:41:54,"[346.0, 48]","[333.25, 12]","[354.58, 33]","[378.67, 49]",350.29,142,8.58,-0.15
07:41:55,"[347.72, 72]","[335.79, 91]","[357.62, 52]","[395.38, 69]",352.67,284,9.89,0.15
07:41:56,"[348.6, 40]","[336.84, 64]","[353.0, 20]","[361.0, 50]",350.8,174,4.4,0.2
07:41:57,"[350.0, 28]","[343.0, 28]","[353.0, 14]","[361.0, 35]",351.5,105,3.0,0.07
07:41:58,"[348.64, 44]","[340.23, 53]","[353.0, 22]","[361.0, 55]",350.82,174,4.36,0.11
07:41:59,"[345.86, 35]","[343.39, 44]","[353.0, 28]","[360.74, 68]",349.43,175,7.14,-0.1
07:42:00,"[348.29, 28]","[347.86, 37]","[353.0, 13]","[357.55, 47]",350.64,125,4.71,0.04
07:42:01,"[349.83, 29]","[348.23, 26]","[353.0, 11]","[360.74, 47]",351.41,113,3.17,-0.03
07:42:02,"[351.0, 50]","[350.31, 58]","[357.57, 35]","[401.53, 19]",354.29,162,6.57,0.33
07:42:03,"[353.97, 33]","[352.8, 20]","[361.0, 85]","[391.91, 77]",357.48,215,7.03,-0.51
07:42:04,"[355.1, 42]","[353.09, 46]","[361.0, 65]","[572.54, 65]",358.05,218,5.9,-0.19
07:42:05,"[356.89, 54]","[355.82, 132]","[361.0, 90]","[512.67, 90]",358.94,366,4.11,0.02
07:42:06,"[359.0, 27]","[356.0, 90]","[361.0, 50]","[478.25, 44]",360.0,211,2.0,0.11
07:42:07,"[356.59, 56]","[353.0, 122]","[360.71, 84]","[428.26, 54]",358.65,316,4.12,0.13
07:42:08,"[356.03, 89]","[344.53, 68]","[360.65, 46]","[440.32, 59]",358.34,262,4.62,0.2
07:42:09,"[356.0, 81]","[348.0, 70]","[358.0, 36]","[359.28, 36]",357.0,223,2.0,0.35
07:42:10,"[357.84, 44]","[354.0, 34]","[437.97, 38]","[481.17, 48]",397.91,164,80.13,-0.05
07:42:11,"[359.39, 61]","[358.68, 69]","[514.33, 18]","[588.77, 39]",436.86,187,154.94,0.39
07:42:12,"[362.0, 18]","[359.0, 117]","[421.93, 41]","[561.0, 12]",391.96,188,59.93,0.44
07:42:13,"[360.62, 85]","[358.75, 119]","[428.91, 46]","[470.12, 24]",394.77,274,68.29,0.49
07:42:14,"[362.0, 77]","[359.0, 143]","[425.5, 20]","[566.06, 17]",393.75,257,63.5,0.71
07:42:15,"[362.0, 49]","[359.0, 103]","[473.27, 15]","[540.6, 15]",417.63,182,111.27,0.67
07:42:16,"[362.0, 91]","[359.0, 199]","[399.12, 32]","[548.24, 50]",380.56,372,37.12,0.56
07:42:17,"[362.12, 26]","[359.1, 148]","[370.14, 42]","[379.0, 24]",366.13,240,8.03,0.45
07:42:18,"[365.0, 10]","[359.34, 59]","[369.0, 20]","[372.0, 10]",367.0,99,4.0,0.39
07:42:19,"[365.0, 28]","[359.2, 49]","[368.24, 66]","[370.94, 34]",366.62,177,3.24,-0.13
07:42:20,"[361.0, 14]","[358.11, 27]","[367.42, 48]","[368.74, 43]",364.21,132,6.42,-0.38
07:42:21,"[361.0, 10]","[359.0, 20]","[366.0, 50]","[367.0, 40]",363.5,120,5.0,-0.5
07:42:22,"[358.5, 20]","[355.62, 32]","[365.58, 60]","[367.0, 48]",362.04,160,7.08,-0.35
07:42:23,"[354.41, 68]","[349.73, 66]","[362.36, 55]","[364.6, 47]",358.39,236,7.95,0.14
07:42:24,"[350.0, 54]","[274.3, 20]","[359.0, 31]","[359.83, 29]",354.5,134,9.0,0.1
07:42:25,"[350.0, 60]","[163.54, 35]","[358.0, 10]","[371.76, 25]",354.0,130,8.0,0.46
07:42:26,"[350.51, 49]","[336.82, 34]","[357.67, 9]","[366.0, 18]",354.09,110,7.16,0.51
07:42:27,"[352.27, 75]","[309.88, 88]","[366.29, 34]","[371.39, 33]",359.28,230,14.03,0.42
07:42:28,"[353.38, 65]","[339.48, 25]","[364.06, 33]","[370.76, 29]",358.72,152,10.68,0.18
07:42:29,"[355.84, 129]","[346.07, 30]","[358.0, 43]","[364.0, 21]",356.92,223,2.16,0.43
07:42:30,"[360.42, 55]","[344.36, 25]","[366.72, 25]","[372.68, 38]",363.57,143,6.3,0.12
07:42:31,"[365.0, 16]","[357.0, 26]","[369.0, 18]","[373.92, 26]",367.0,86,4.0,-0.02
07:42:32,"[361.11, 18]","[356.52, 54]","[370.2, 15]","[374.2, 30]",365.66,117,9.09,0.23
07:42:33,"[360.0, 16]","[350.0, 16]","[366.0, 8]","[373.0, 24]",363.0,64,6.0,0.0
07:42:34,"[360.0, 20]","[352.0, 32]","[366.0, 10]","[375.7, 30]",363.0,92,6.0,0.13
07:42:35,"[360.0, 18]","[356.18, 68]","[364.89, 45]","[366.0, 9]",362.44,140,4.89,0.23
07:42:36,"[360.0, 26]","[356.29, 68]","[362.69, 65]","[371.54, 13]",361.35,172,2.69,0.09
07:42:37,"[356.59, 29]","[350.6, 15]","[361.58, 24]","[366.21, 42]",359.08,110,5.0,-0.2
07:42:38,"[351.0, 52]","[350.0, 24]","[359.58, 12]","[369.33, 12]",355.29,100,8.58,0.52
07:42:39,"[351.85, 66]","[350.16, 31]","[356.38, 34]","[357.33, 24]",354.12,155,4.53,0.25
07:42:40,"[350.94, 68]","[345.76, 34]","[352.42, 50]","[355.15, 39]",351.68,191,1.48,0.07
07:42:41,"[346.0, 7]","[345.0, 14]","[353.0, 7]","[355.0, 21]",349.5,49,7.0,-0.14
07:42:42,"[345.85, 13]","[261.92, 26]","[356.5, 12]","[360.0, 16]",351.17,67,10.65,0.16
07:42:43,"[350.54, 74]","[349.64, 94]","[358.38, 37]","[366.68, 31]",354.46,236,7.84,0.42
07:42:44,"[353.35, 62]","[351.61, 138]","[362.62, 53]","[364.43, 23]",357.99,276,9.27,0.45
07:42:45,"[353.67, 63]","[351.56, 86]","[362.0, 39]","[363.0, 33]",357.83,221,8.33,0.35
07:42:46,"[354.0, 30]","[348.6, 10]","[362.0, 5]","[363.0, 15]",358.0,60,8.0,0.33
07:42:47,"[355.32, 75]","[349.95, 40]","[362.0, 14]","[363.0, 42]",358.66,171,6.68,0.35
07:42:48,"[358.55, 60]","[356.6, 55]","[362.0, 13]","[363.0, 39]",360.27,167,3.45,0.38
07:42:49,"[360.09, 33]","[350.0, 44]","[362.0, 11]","[363.0, 33]",361.05,121,1.91,0.27
07:42:50,"[352.43, 80]","[349.8, 60]","[362.95, 44]","[367.2, 20]",357.69,204,10.53,0.37
07:42:51,"[355.2, 60]","[354.69, 52]","[363.0, 42]","[369.0, 14]",359.1,168,7.8,0.33
07:42:52,"[357.31, 64]","[355.38, 48]","[366.3, 20]","[375.42, 36]",361.81,168,8.99,0.33
07:42:53,"[366.91, 22]","[362.18, 22]","[369.0, 12]","[453.47, 30]",367.95,86,2.09,0.02
07:42:54,"[367.0, 26]","[366.0, 13]","[369.0, 13]","[533.05, 44]",368.0,96,2.0,-0.19
07:42:55,"[359.95, 38]","[356.88, 51]","[367.11, 45]","[468.0, 24]",363.53,158,7.16,0.13
07:42:56,"[359.5, 24]","[356.6, 30]","[362.31, 59]","[363.39, 57]",360.9,170,2.81,-0.36
07:42:57,"[353.05, 55]","[351.85, 60]","[358.95, 58]","[373.64, 67]",356.0,240,5.89,-0.04
07:42:58,"[351.11, 35]","[351.12, 69]","[354.47, 76]","[356.0, 55]",352.79,235,3.36,-0.11
07:42:59,"[350.0, 40]","[349.0, 30]","[352.17, 48]","[353.71, 42]",351.08,160,2.17,-0.12
07:43:00,"[350.0, 24]","[349.0, 18]","[352.44, 27]","[353.33, 18]",351.22,87,2.44,-0.03
07:43:01,"[350.45, 44]","[349.18, 22]","[353.0, 28]","[354.0, 14]",351.73,108,2.55,0.22
07:43:02,"[350.0, 40]","[344.12, 24]","[353.0, 40]","[354.0, 20]",351.5,124,3.0,0.03
07:43:03,"[348.0, 24]","[341.0, 18]","[353.0, 24]","[354.0, 12]",350.5,78,5.0,0.08
07:43:04,"[344.0, 32]","[341.0, 24]","[353.0, 29]","[354.0, 16]",348.5,101,9.0,0.11
07:43:05,"[344.0, 44]","[341.0, 33]","[353.0, 49]","[354.0, 22]",348.5,148,9.0,0.04
07:43:06,"[344.0, 56]","[341.0, 42]","[352.1, 41]","[354.21, 29]",348.05,168,8.1,0.17
07:43:07,"[344.0, 36]","[341.0, 27]","[350.33, 27]","[354.0, 18]",347.17,108,6.33,0.17
07:43:08,"[344.0, 40]","[341.0, 30]","[349.5, 30]","[354.0, 20]",346.75,120,5.5,0.17
07:43:09,"[344.0, 32]","[341.0, 24]","[349.0, 24]","[354.0, 16]",346.5,96,5.0,0.17
07:43:10,"[344.0, 32]","[341.0, 24]","[349.0, 24]","[354.0, 16]",346.5,96,5.0,0.17
07:43:11,"[344.0, 28]","[341.0, 21]","[349.0, 21]","[354.0, 14]",346.5,84,5.0,0.17
07:43:12,"[344.0, 48]","[339.98, 44]","[349.0, 29]","[352.24, 34]",346.5,155,5.0,0.19
07:43:13,"[344.0, 48]","[341.0, 60]","[349.0, 24]","[352.0, 36]",346.5,168,5.0,0.29
07:43:14,"[344.02, 45]","[341.2, 59]","[349.0, 24]","[352.0, 36]",346.51,164,4.98,0.27
07:43:15,"[346.33, 18]","[343.25, 51]","[349.56, 32]","[352.34, 47]",347.95,148,3.23,-0.07
07:43:16,"[349.93, 14]","[339.0, 70]","[353.92, 26]","[356.67, 46]",351.93,156,3.99,0.08
07:43:17,"[352.93, 15]","[338.8, 75]","[356.0, 45]","[363.0, 45]",354.47,180,3.07,0.0
07:43:18,"[354.0, 8]","[337.75, 40]","[356.0, 16]","[363.0, 24]",355.0,88,2.0,0.09
07:43:19,"[352.78, 36]","[340.56, 43]","[356.0, 11]","[363.62, 26]",354.39,116,3.22,0.36
07:43:20,"[340.51, 49]","[338.85, 27]","[356.0, 6]","[364.0, 9]",348.26,91,15.49,0.67
07:43:21,"[341.0, 109]","[339.0, 50]","[355.04, 23]","[357.25, 12]",348.02,194,14.04,0.64
07:43:22,"[341.0, 154]","[339.0, 70]","[351.67, 45]","[354.52, 21]",346.33,290,10.67,0.54
07:43:23,"[341.0, 88]","[338.88, 40]","[348.0, 32]","[353.0, 24]",344.5,184,7.0,0.39
07:43:24,"[341.0, 99]","[338.0, 45]","[357.88, 41]","[359.43, 21]",349.44,206,16.88,0.4
07:43:25,"[341.0, 57]","[338.0, 35]","[356.67, 30]","[359.93, 30]",348.83,152,15.67,0.21
07:43:26,"[349.8, 93]","[342.0, 33]","[355.0, 65]","[356.0, 52]",352.4,243,5.2,0.04
07:43:27,"[348.66, 91]","[342.24, 29]","[355.0, 85]","[358.41, 81]",351.83,286,6.34,-0.16
07:43:28,"[345.94, 51]","[342.27, 41]","[354.28, 71]","[356.9, 81]",350.11,244,8.34,-0.25
07:43:29,"[346.0, 27]","[342.0, 45]","[352.48, 33]","[354.63, 19]",349.24,124,6.48,0.16
07:43:30,"[346.91, 33]","[340.27, 73]","[354.0, 22]","[357.0, 11]",350.45,139,7.09,0.53
07:43:31,"[347.92, 36]","[342.0, 84]","[354.0, 24]","[355.04, 45]",350.96,189,6.08,0.27
07:43:32,"[349.68, 19]","[343.0, 63]","[353.5, 18]","[354.97, 33]",351.59,133,3.82,0.23
07:43:33,"[347.2, 25]","[344.85, 81]","[351.0, 37]","[354.0, 13]",349.1,156,3.8,0.36
07:43:34,"[345.0, 56]","[342.0, 16]","[358.29, 34]","[488.2, 20]",351.65,126,13.29,0.14
07:43:35,"[347.89, 54]","[343.91, 33]","[361.0, 45]","[603.0, 30]",354.44,162,13.11,0.07
07:43:36,"[358.0, 24]","[346.0, 42]","[361.0, 30]","[436.0, 6]",359.5,102,3.0,0.29
07:43:37,"[358.0, 32]","[346.0, 56]","[361.0, 40]","[415.0, 8]",359.5,136,3.0,0.29
07:43:38,"[358.0, 44]","[348.5, 28]","[359.7, 23]","[360.79, 29]",358.85,124,1.7,0.16
07:43:39,"[358.0, 23]","[346.3, 67]","[360.89, 37]","[389.4, 50]",359.45,177,2.89,0.02
07:43:40,"[347.93, 60]","[344.65, 49]","[362.0, 60]","[367.22, 36]",354.97,205,14.07,0.06
07:43:41,"[346.55, 73]","[345.57, 98]","[353.34, 64]","[366.29, 80]",349.95,315,6.8,0.09
07:43:42,"[348.4, 20]","[346.7, 70]","[351.0, 20]","[352.0, 40]",349.7,150,2.6,0.2
07:43:43,"[349.0, 14]","[347.0, 49]","[351.0, 14]","[352.0, 28]",350.0,105,2.0,0.2
07:43:44,"[344.98, 57]","[343.33, 49]","[351.78, 36]","[359.55, 51]",348.38,193,6.8,0.1
07:43:45,"[345.0, 10]","[344.0, 35]","[352.41, 17]","[362.08, 13]",348.71,75,7.41,0.2
07:43:46,"[358.0, 48]","[345.0, 12]","[362.33, 18]","[376.28, 18]",360.17,96,4.33,0.25
07:43:47,"[358.46, 56]","[352.6, 60]","[362.93, 59]","[373.56, 16]",360.7,191,4.47,0.21
07:43:48,"[360.4, 20]","[358.43, 46]","[362.6, 50]","[363.39, 31]",361.5,147,2.2,-0.1
07:43:49,"[358.71, 28]","[353.1, 60]","[362.94, 53]","[396.58, 19]",360.83,160,4.23,0.1
07:43:50,"[356.46, 59]","[344.96, 100]","[360.28, 61]","[396.49, 59]",358.37,279,3.82,0.14
07:43:51,"[345.72, 116]","[344.63, 86]","[359.75, 44]","[362.4, 50]",352.74,296,14.03,0.36
07:43:52,"[348.0, 78]","[344.21, 61]","[352.08, 26]","[357.47, 30]",350.04,195,4.08,0.43
07:43:53,"[348.0, 78]","[340.33, 54]","[351.0, 26]","[353.0, 26]",349.5,184,3.0,0.43
07:43:54,"[348.0, 36]","[340.0, 54]","[349.1, 42]","[351.33, 12]",348.55,144,1.1,0.25
07:43:55,"[342.0, 48]","[339.69, 26]","[350.11, 9]","[352.33, 12]",346.06,95,8.11,0.56
07:43:56,"[342.98, 43]","[339.92, 78]","[351.0, 11]","[353.0, 22]",346.99,154,8.02,0.57
07:43:57,"[346.11, 36]","[339.65, 85]","[351.0, 17]","[352.75, 40]",348.56,178,4.89,0.36
07:43:58,"[340.0, 32]","[339.0, 16]","[351.0, 8]","[352.0, 40]",345.5,96,11.0,0.0
07:43:59,"[342.85, 54]","[340.87, 69]","[351.0, 17]","[352.0, 85]",346.93,225,8.15,0.09
07:44:00,"[347.33, 42]","[345.67, 24]","[351.0, 11]","[352.0, 55]",349.17,132,3.67,0.0
07:44:01,"[349.15, 52]","[347.81, 32]","[353.48, 23]","[353.73, 64]",351.32,171,4.32,-0.02
07:44:02,"[350.46, 52]","[349.0, 26]","[356.0, 39]","[365.0, 39]",353.23,156,5.54,0.0
07:44:03,"[352.25, 63]","[344.23, 44]","[354.44, 34]","[359.46, 39]",353.35,180,2.19,0.19
07:44:04,"[336.19, 68]","[331.82, 71]","[353.86, 14]","[363.94, 51]",345.02,204,17.67,0.36
07:44:05,"[333.69, 90]","[332.18, 49]","[356.73, 30]","[368.64, 39]",345.21,208,23.04,0.34
07:44:06,"[334.0, 52]","[333.0, 26]","[354.0, 52]","[362.86, 28]",344.0,158,20.0,-0.01
07:44:07,"[335.92, 26]","[332.96, 50]","[351.66, 58]","[354.47, 38]",343.79,172,15.73,-0.12
07:44:08,"[348.71, 62]","[336.75, 16]","[352.13, 30]","[354.56, 36]",350.42,144,3.42,0.08
07:44:09,"[337.9, 40]","[329.64, 50]","[354.0, 40]","[359.0, 10]",345.95,140,16.1,0.29
07:44:10,"[333.0, 36]","[329.0, 63]","[354.0, 36]","[359.0, 21]",343.5,156,21.0,0.27
07:44:11,"[335.54, 26]","[329.59, 41]","[354.0, 28]","[358.0, 27]",344.77,122,18.46,0.1
07:44:12,"[334.5, 28]","[330.09, 44]","[354.0, 40]","[356.0, 30]",344.25,142,19.5,0.01
07:44:13,"[334.6, 60]","[332.93, 56]","[354.0, 60]","[356.0, 45]",344.3,221,19.4,0.05
07:44:14,"[338.38, 52]","[335.68, 57]","[354.0, 52]","[356.0, 39]",346.19,200,15.62,0.09
07:44:15,"[340.0, 24]","[335.18, 22]","[354.0, 24]","[355.23, 13]",347.0,83,14.0,0.11
07:44:16,"[342.2, 60]","[333.44, 68]","[353.0, 60]","[354.0, 60]",347.6,248,10.8,0.03
07:44:17,"[346.93, 54]","[343.94, 47]","[353.0, 56]","[354.0, 56]",349.96,213,6.07,-0.05
07:44:18,"[348.0, 60]","[347.0, 45]","[352.24, 66]","[354.0, 60]",350.12,231,4.24,-0.09
07:44:19,"[349.21, 38]","[348.03, 31]","[351.79, 62]","[353.4, 40]",350.5,171,2.58,-0.19
07:44:20,"[350.0, 56]","[348.05, 162]","[351.6, 47]","[352.34, 93]",350.8,358,1.6,0.22
07:44:21,"[350.31, 39]","[348.0, 182]","[352.0, 82]","[354.0, 52]",351.15,355,1.69,0.25
07:44:22,"[344.27, 85]","[340.26, 282]","[352.0, 46]","[354.0, 52]",348.14,465,7.73,0.58
07:44:23,"[339.98, 210]","[337.4, 10]","[352.0, 10]","[354.0, 40]",345.99,270,12.02,0.63
07:44:24,"[338.15, 13]","[335.23, 13]","[352.0, 13]","[354.0, 52]",345.08,91,13.85,-0.43
07:44:25,"[340.0, 12]","[336.67, 12]","[352.0, 12]","[354.0, 48]",346.0,84,12.0,-0.43
07:44:26,"[340.0, 6]","[336.0, 6]","[351.11, 9]","[353.9, 21]",345.56,42,11.11,-0.43
07:44:27,"[340.0, 9]","[336.0, 9]","[350.0, 36]","[352.0, 9]",345.0,63,10.0,-0.43
07:44:28,"[340.0, 7]","[336.0, 7]","[350.0, 24]","[352.0, 7]",345.0,45,10.0,-0.38
07:44:29,"[340.0, 10]","[336.0, 10]","[352.69, 13]","[358.45, 38]",346.35,71,12.69,-0.44
07:44:30,"[340.0, 7]","[336.0, 7]","[355.0, 7]","[359.0, 35]",347.5,56,15.0,-0.5
07:44:31,"[340.42, 12]","[337.67, 12]","[354.11, 36]","[358.18, 28]",347.26,88,13.69,-0.45
07:44:32,"[341.1, 86]","[340.0, 55]","[353.07, 60]","[355.82, 22]",347.09,223,11.96,0.26
07:44:33,"[342.0, 14]","[336.33, 21]","[350.99, 78]","[353.65, 17]",346.49,130,8.99,-0.46
07:44:34,"[342.4, 15]","[337.0, 30]","[346.29, 51]","[349.97, 33]",344.35,129,3.89,-0.3
07:44:35,"[343.75, 24]","[339.0, 18]","[346.0, 60]","[347.0, 12]",344.88,114,2.25,-0.26
07:44:36,"[344.25, 40]","[338.22, 27]","[346.0, 53]","[347.0, 14]",345.12,134,1.75,0.0
07:44:37,"[337.9, 20]","[336.29, 17]","[347.0, 10]","[351.0, 40]",342.45,87,9.1,-0.15
07:44:38,"[344.25, 40]","[337.79, 19]","[350.5, 32]","[351.47, 30]",347.38,121,6.25,-0.02
07:44:39,"[340.0, 16]","[334.0, 8]","[351.0, 32]","[352.0, 16]",345.5,72,11.0,-0.33
07:44:40,"[340.47, 30]","[334.07, 15]","[350.74, 46]","[351.8, 30]",345.6,121,10.27,-0.26
07:44:41,"[343.71, 31]","[338.86, 14]","[351.0, 22]","[352.0, 22]",347.35,89,7.29,0.01
07:44:42,"[347.74, 43]","[346.91, 68]","[351.0, 30]","[352.0, 63]",349.37,204,3.26,0.09
07:44:43,"[349.0, 26]","[348.0, 65]","[351.0, 26]","[352.0, 65]",350.0,182,2.0,0.0
07:44:44,"[348.59, 29]","[336.59, 41]","[351.86, 14]","[352.75, 32]",350.22,116,3.27,0.21
07:44:45,"[349.56, 27]","[335.0, 24]","[352.33, 18]","[353.8, 15]",350.94,84,2.78,0.21
07:44:46,"[350.42, 36]","[335.5, 16]","[352.0, 48]","[353.0, 12]",351.21,112,1.58,-0.07
07:44:47,"[337.1, 20]","[334.4, 10]","[352.0, 10]","[353.0, 10]",344.55,50,14.9,0.2
07:44:48,"[338.71, 14]","[337.82, 22]","[352.0, 12]","[353.0, 12]",345.36,60,13.29,0.2
07:44:49,"[340.0, 27]","[335.91, 43]","[352.0, 15]","[353.72, 39]",346.0,124,12.0,0.13
07:44:50,"[342.05, 21]","[340.88, 25]","[351.54, 67]","[353.46, 35]",346.79,148,9.49,-0.38
07:44:51,"[343.0, 10]","[342.0, 10]","[352.5, 30]","[353.4, 25]",347.75,75,9.5,-0.47
07:44:52,"[343.62, 16]","[342.12, 16]","[351.5, 48]","[353.0, 48]",347.56,128,7.88,-0.5
07:44:53,"[345.86, 14]","[344.0, 14]","[351.0, 42]","[353.0, 42]",348.43,112,5.14,-0.5
07:44:54,"[348.06, 16]","[346.33, 12]","[351.0, 36]","[353.0, 36]",349.53,100,2.94,-0.44
07:44:55,"[350.0, 14]","[347.89, 18]","[351.0, 22]","[353.0, 42]",350.5,96,1.0,-0.33
07:44:56,"[344.95, 19]","[334.39, 59]","[353.26, 35]","[354.86, 42]",349.1,155,8.31,0.01
07:44:57,"[337.35, 23]","[334.22, 46]","[354.31, 65]","[355.84, 57]",345.83,191,16.96,-0.28
07:44:58,"[337.4, 20]","[334.16, 76]","[352.72, 47]","[354.64, 55]",345.06,198,15.32,-0.03
07:44:59,"[337.0, 20]","[334.0, 80]","[349.0, 24]","[353.33, 48]",343.0,172,12.0,0.16
07:45:00,"[337.0, 16]","[334.0, 64]","[349.0, 8]","[350.0, 32]",343.0,120,12.0,0.33
07:45:01,"[337.0, 18]","[334.0, 72]","[349.0, 9]","[350.0, 36]",343.0,135,12.0,0.33
07:45:02,"[339.06, 17]","[334.27, 66]","[349.82, 11]","[353.4, 53]",344.44,147,10.76,0.13
07:45:03,"[345.89, 53]","[342.68, 50]","[350.0, 13]","[354.0, 65]",347.94,181,4.11,0.14
07:45:04,"[347.29, 85]","[346.0, 85]","[353.11, 45]","[355.44, 78]",350.2,293,5.82,0.16
07:45:05,"[348.88, 80]","[346.83, 60]","[353.76, 59]","[356.03, 71]",351.32,270,4.89,0.04
07:45:06,"[347.33, 30]","[338.55, 44]","[351.59, 27]","[353.9, 61]",349.46,162,4.26,-0.09
07:45:07,"[344.0, 10]","[336.44, 36]","[349.7, 10]","[354.0, 50]",346.85,106,5.7,-0.13
07:45:08,"[336.32, 38]","[334.35, 34]","[348.23, 13]","[354.0, 65]",342.27,150,11.91,-0.04
07:45:09,"[339.73, 30]","[335.77, 52]","[347.65, 17]","[354.0, 85]",343.69,184,7.91,-0.11
07:45:10,"[345.53, 55]","[343.85, 40]","[351.0, 35]","[354.53, 91]",348.26,221,5.47,-0.14
07:45:11,"[346.0, 39]","[344.0, 26]","[354.0, 65]","[356.08, 52]",350.0,182,8.0,-0.29
07:45:12,"[347.46, 26]","[346.0, 39]","[354.0, 65]","[356.0, 52]",350.73,182,6.54,-0.29
07:45:13,"[349.19, 27]","[347.26, 27]","[354.0, 55]","[356.0, 44]",351.59,153,4.81,-0.29
07:45:14,"[351.68, 37]","[350.59, 46]","[353.41, 61]","[354.5, 80]",352.54,224,1.73,-0.26
07:45:15,"[352.28, 25]","[348.35, 23]","[354.0, 80]","[356.0, 64]",353.14,192,1.72,-0.5
07:45:16,"[349.71, 28]","[338.04, 48]","[353.92, 78]","[356.32, 73]",351.82,227,4.21,-0.33
07:45:17,"[343.0, 9]","[339.64, 67]","[349.0, 18]","[351.0, 45]",346.0,139,6.0,0.09
07:45:18,"[341.42, 36]","[340.15, 96]","[349.0, 32]","[351.0, 80]",345.21,244,7.58,0.08
07:45:19,"[340.0, 143]","[338.0, 13]","[354.53, 38]","[357.92, 52]",347.26,246,14.53,0.27
07:45:20,"[340.0, 66]","[338.0, 6]","[357.0, 24]","[361.0, 24]",348.5,120,17.0,0.2
07:45:21,"[340.95, 88]","[339.97, 123]","[357.0, 88]","[361.0, 52]",348.98,351,16.05,0.2
07:45:22,"[342.0, 212]","[339.77, 87]","[357.0, 109]","[451.84, 62]",349.5,470,15.0,0.27
07:45:23,"[342.06, 216]","[340.59, 34]","[357.0, 43]","[430.23, 31]",349.53,324,14.94,0.54
07:45:24,"[343.0, 72]","[340.0, 132]","[351.27, 33]","[358.25, 24]",347.14,261,8.27,0.56
07:45:25,"[344.21, 86]","[341.66, 99]","[350.0, 42]","[357.0, 30]",347.1,257,5.79,0.44
07:45:26,"[346.8, 40]","[345.56, 50]","[350.0, 18]","[357.0, 18]",348.4,126,3.2,0.43
07:45:27,"[343.69, 83]","[342.67, 54]","[353.23, 26]","[360.23, 26]",348.46,189,9.54,0.45
07:45:28,"[341.98, 62]","[341.66, 89]","[361.03, 29]","[398.07, 28]",351.51,208,19.05,0.45
07:45:29,"[344.25, 16]","[343.0, 72]","[354.0, 24]","[359.8, 10]",349.12,122,9.75,0.44
07:45:30,"[346.0, 21]","[344.52, 56]","[354.0, 21]","[357.0, 7]",350.0,105,8.0,0.47
07:45:31,"[350.11, 36]","[346.19, 85]","[353.62, 39]","[355.41, 17]",351.86,177,3.5,0.37
07:45:32,"[351.53, 96]","[340.37, 99]","[353.32, 47]","[354.52, 29]",352.43,271,1.79,0.44
07:45:33,"[342.26, 106]","[336.1, 82]","[352.02, 40]","[355.27, 22]",347.14,250,9.76,0.5
07:45:34,"[340.52, 92]","[339.36, 112]","[347.0, 55]","[354.0, 36]",343.76,295,6.48,0.38
07:45:35,"[342.0, 78]","[340.31, 143]","[347.0, 52]","[353.77, 39]",344.5,312,5.0,0.42
07:45:36,"[343.03, 58]","[341.2, 123]","[359.85, 33]","[359.41, 17]",351.44,231,16.81,0.57
07:45:37,"[358.23, 73]","[352.26, 19]","[360.66, 38]","[384.0, 20]",359.45,150,2.43,0.23
07:45:38,"[359.71, 42]","[357.0, 14]","[362.0, 14]","[401.29, 56]",360.86,126,2.29,-0.11
07:45:39,"[360.0, 21]","[357.0, 7]","[362.0, 7]","[455.2, 25]",361.0,60,2.0,-0.07
07:45:40,"[360.0, 15]","[357.0, 5]","[362.0, 5]","[399.0, 20]",361.0,45,2.0,-0.11
07:45:41,"[360.0, 36]","[357.0, 12]","[361.17, 12]","[427.17, 58]",360.58,118,1.17,-0.19
07:45:42,"[360.0, 18]","[357.0, 6]","[361.0, 6]","[434.0, 30]",360.5,60,1.0,-0.2
07:45:43,"[355.89, 18]","[342.0, 50]","[361.0, 10]","[408.88, 40]",358.44,118,5.11,0.15
07:45:44,"[343.75, 12]","[340.02, 62]","[354.38, 32]","[359.75, 12]",349.06,118,10.62,0.25
07:45:45,"[345.33, 12]","[337.58, 72]","[353.95, 44]","[456.0, 18]",349.64,146,8.62,0.15
07:45:46,"[347.54, 13]","[339.61, 23]","[352.31, 65]","[355.0, 13]",349.92,114,4.77,-0.37
07:45:47,"[348.67, 15]","[347.67, 15]","[351.13, 75]","[355.0, 15]",349.9,120,2.47,-0.5
07:45:48,"[355.87, 75]","[342.4, 15]","[356.56, 41]","[375.56, 39]",356.21,170,0.69,0.06
07:45:49,"[357.0, 195]","[348.0, 17]","[359.1, 20]","[361.57, 40]",358.05,272,2.1,0.56
07:45:50,"[357.0, 86]","[341.16, 57]","[376.33, 36]","[468.53, 34]",366.67,213,19.33,0.34
07:45:51,"[352.2, 20]","[340.88, 43]","[377.0, 24]","[428.35, 17]",364.6,104,24.8,0.21
07:45:52,"[342.0, 80]","[341.0, 60]","[367.81, 16]","[385.19, 16]",354.91,172,25.81,0.63
07:45:53,"[342.22, 72]","[341.0, 54]","[355.0, 9]","[356.0, 9]",348.61,144,12.78,0.75
07:45:54,"[343.64, 112]","[341.0, 81]","[353.53, 15]","[355.36, 14]",348.59,222,9.89,0.74
07:45:55,"[344.0, 48]","[341.0, 18]","[355.0, 6]","[366.33, 18]",349.5,90,11.0,0.47
07:45:56,"[344.0, 88]","[341.0, 33]","[353.64, 11]","[361.23, 53]",348.82,185,9.64,0.31
07:45:57,"[344.75, 96]","[342.75, 36]","[350.0, 12]","[361.0, 43]",347.38,187,5.25,0.41
07:45:58,"[345.51, 82]","[344.77, 47]","[359.24, 25]","[361.74, 47]",352.38,201,13.73,0.28
07:45:59,"[347.97, 36]","[346.76, 42]","[361.0, 18]","[362.0, 30]",354.49,126,13.03,0.24
07:46:00,"[350.14, 74]","[348.83, 95]","[361.0, 39]","[362.0, 65]",355.57,273,10.86,0.24
07:46:01,"[351.15, 53]","[350.05, 97]","[361.0, 30]","[362.0, 50]",356.08,230,9.85,0.3
07:46:02,"[354.05, 78]","[352.8, 75]","[361.0, 45]","[362.0, 75]",357.53,273,6.95,0.12
07:46:03,"[357.5, 70]","[355.5, 70]","[361.0, 14]","[362.0, 70]",359.25,224,3.5,0.25
07:46:04,"[358.81, 48]","[358.37, 95]","[361.0, 19]","[362.0, 95]",359.91,257,2.19,0.11
07:46:05,"[359.95, 74]","[358.92, 61]","[361.0, 15]","[362.0, 75]",360.47,225,1.05,0.2
07:46:06,"[360.0, 35]","[359.0, 28]","[361.0, 7]","[362.0, 35]",360.5,105,1.0,0.2
07:46:07,"[360.0, 37]","[359.0, 44]","[361.0, 11]","[362.0, 55]",360.5,147,1.0,0.1
07:46:08,"[359.6, 20]","[358.2, 40]","[361.0, 8]","[362.0, 40]",360.3,108,1.4,0.11
07:46:09,"[359.0, 49]","[357.0, 128]","[360.55, 44]","[362.38, 80]",359.77,301,1.55,0.18
07:46:10,"[357.18, 44]","[355.09, 47]","[361.72, 29]","[364.08, 65]",359.45,185,4.54,-0.02
07:46:11,"[357.0, 80]","[342.52, 156]","[363.6, 50]","[365.0, 40]",360.3,326,6.6,0.45
07:46:12,"[357.0, 104]","[342.0, 336]","[363.25, 40]","[364.27, 75]",360.12,555,6.25,0.59
07:46:13,"[357.32, 38]","[343.57, 230]","[362.0, 20]","[365.0, 124]",359.66,412,4.68,0.3
07:46:14,"[357.0, 7]","[345.5, 40]","[364.9, 31]","[365.86, 35]",360.95,113,7.9,-0.17
07:46:15,"[357.0, 10]","[349.0, 40]","[365.0, 50]","[366.0, 50]",361.0,150,8.0,-0.33
07:46:16,"[357.0, 10]","[349.0, 40]","[365.3, 50]","[367.28, 47]",361.15,147,8.3,-0.32
07:46:17,"[350.9, 21]","[345.84, 38]","[369.75, 32]","[391.11, 36]",360.33,127,18.85,-0.07
07:46:18,"[350.06, 33]","[345.66, 122]","[359.65, 51]","[367.78, 54]",354.85,260,9.59,0.19
07:46:19,"[352.0, 7]","[347.0, 70]","[354.18, 22]","[356.22, 27]",353.09,126,2.18,0.22
07:46:20,"[347.03, 74]","[345.89, 144]","[354.0, 34]","[355.0, 56]",350.51,308,6.97,0.42
07:46:21,"[345.0, 36]","[344.0, 180]","[354.0, 50]","[355.0, 36]",349.5,302,9.0,0.43
07:46:22,"[349.2, 60]","[344.23, 156]","[353.43, 42]","[354.06, 51]",351.31,309,4.23,0.4
07:46:23,"[347.69, 52]","[344.56, 36]","[353.0, 26]","[354.0, 52]",350.35,166,5.31,0.06
07:46:24,"[344.73, 44]","[343.18, 88]","[352.71, 28]","[354.0, 56]",348.72,216,7.99,0.22
07:46:25,"[344.0, 20]","[343.0, 120]","[353.4, 20]","[354.37, 19]",348.7,179,9.4,0.56
07:46:26,"[344.0, 20]","[343.0, 120]","[354.0, 20]","[355.0, 10]",349.0,170,10.0,0.65
07:46:27,"[344.0, 26]","[343.0, 156]","[354.0, 26]","[355.0, 13]",349.0,221,10.0,0.65
07:46:28,"[344.0, 19]","[343.0, 84]","[354.0, 22]","[359.09, 11]",349.0,136,10.0,0.51
07:46:29,"[344.0, 12]","[343.0, 48]","[354.0, 16]","[357.25, 8]",349.0,84,10.0,0.43
07:46:30,"[344.0, 27]","[343.0, 120]","[353.37, 38]","[359.0, 16]",348.68,201,9.37,0.46
07:46:31,"[345.11, 57]","[343.23, 62]","[350.0, 33]","[354.0, 44]",347.55,196,4.89,0.21
07:46:32,"[346.87, 105]","[343.39, 36]","[350.0, 45]","[354.0, 60]",348.43,246,3.13,0.15
07:46:33,"[347.0, 51]","[340.0, 36]","[350.0, 51]","[354.0, 34]",348.5,172,3.0,0.01
07:46:34,"[347.0, 33]","[340.0, 44]","[350.0, 69]","[354.0, 22]",348.5,168,3.0,-0.08
07:46:35,"[347.0, 36]","[340.0, 48]","[350.0, 60]","[353.06, 35]",348.5,179,3.0,-0.06
07:46:36,"[347.91, 33]","[335.04, 104]","[350.0, 75]","[353.0, 33]",348.95,245,2.09,0.12
07:46:37,"[348.36, 33]","[334.0, 77]","[350.0, 81]","[352.36, 25]",349.18,216,1.64,0.02
07:46:38,"[341.27, 33]","[332.98, 57]","[350.5, 8]","[352.2, 15]",345.89,113,9.23,0.59
07:46:39,"[332.02, 126]","[330.08, 100]","[352.0, 24]","[353.0, 36]",342.01,286,19.98,0.58
07:46:40,"[337.26, 39]","[333.64, 42]","[353.0, 13]","[354.0, 26]",345.13,120,15.74,0.35
07:46:41,"[337.46, 24]","[336.31, 36]","[353.94, 17]","[362.67, 18]",345.7,95,16.48,0.26
07:46:42,"[345.78, 23]","[344.4, 25]","[352.94, 17]","[358.65, 17]",349.36,82,7.16,0.17
07:46:43,"[348.67, 18]","[344.89, 27]","[351.39, 23]","[353.2, 15]",350.03,83,2.72,0.08
07:46:44,"[346.92, 25]","[343.82, 22]","[350.67, 12]","[352.5, 12]",348.79,71,3.75,0.32
07:46:45,"[349.0, 10]","[347.0, 30]","[354.0, 10]","[355.0, 10]",351.5,60,5.0,0.33
07:46:46,"[350.75, 24]","[347.47, 32]","[354.0, 26]","[355.0, 14]",352.38,96,3.25,0.17
07:46:47,"[352.27, 33]","[343.0, 11]","[354.0, 44]","[355.0, 11]",353.14,99,1.73,-0.11
07:46:48,"[345.15, 41]","[338.05, 21]","[354.0, 24]","[355.0, 12]",349.57,98,8.85,0.27
07:46:49,"[351.09, 44]","[341.43, 93]","[354.0, 11]","[355.0, 11]",352.55,159,2.91,0.72
07:46:50,"[352.37, 38]","[339.29, 131]","[354.24, 21]","[357.69, 13]",353.3,203,1.87,0.67
07:46:51,"[353.24, 17]","[336.72, 109]","[357.8, 15]","[362.0, 15]",355.52,156,4.56,0.62
07:46:52,"[353.2, 10]","[339.19, 58]","[363.0, 10]","[370.0, 10]",358.1,88,9.8,0.55
07:46:53,"[356.41, 17]","[353.36, 11]","[363.0, 11]","[370.0, 11]",359.71,50,6.59,0.12
07:46:54,"[357.65, 17]","[354.0, 14]","[363.0, 14]","[370.0, 14]",360.32,59,5.35,0.05
07:46:55,"[359.0, 17]","[356.88, 17]","[363.0, 17]","[370.0, 17]",361.0,68,4.0,0.0
07:46:56,"[358.03, 34]","[356.65, 23]","[363.0, 15]","[370.0, 15]",360.51,87,4.97,0.31
07:46:57,"[352.33, 24]","[342.0, 48]","[365.86, 35]","[370.09, 45]",359.1,152,13.52,-0.05
07:46:58,"[358.0, 11]","[349.0, 33]","[367.09, 44]","[371.09, 23]",362.55,111,9.09,-0.21
07:46:59,"[366.0, 49]","[358.0, 11]","[370.34, 35]","[434.0, 20]",368.17,115,4.34,0.04
07:47:00,"[366.0, 24]","[358.0, 8]","[374.0, 8]","[505.38, 32]",370.0,72,8.0,-0.11
07:47:01,"[362.2, 60]","[352.5, 24]","[374.0, 14]","[590.57, 56]",368.1,154,11.8,0.09
07:47:02,"[362.0, 70]","[358.0, 10]","[370.0, 10]","[509.14, 28]",366.0,118,8.0,0.36
07:47:03,"[362.0, 59]","[359.68, 25]","[364.0, 11]","[374.0, 11]",363.0,106,2.0,0.58
07:47:04,"[362.0, 70]","[360.0, 42]","[364.0, 14]","[379.0, 14]",363.0,140,2.0,0.6
07:47:05,"[362.0, 40]","[360.0, 24]","[363.17, 24]","[371.5, 8]",362.58,96,1.17,0.33
07:47:06,"[362.0, 55]","[360.0, 33]","[363.0, 55]","[364.0, 11]",362.5,154,1.0,0.14
07:47:07,"[362.0, 65]","[360.0, 39]","[363.0, 64]","[365.45, 33]",362.5,201,1.0,0.03
07:47:08,"[362.0, 40]","[360.0, 24]","[363.0, 32]","[366.0, 42]",362.5,138,1.0,-0.07
07:47:09,"[362.0, 20]","[360.0, 24]","[365.14, 42]","[368.17, 23]",363.57,109,3.14,-0.19
07:47:10,"[362.92, 38]","[360.88, 16]","[365.67, 36]","[367.24, 34]",364.29,124,2.75,-0.13
07:47:11,"[363.11, 19]","[360.74, 19]","[366.12, 16]","[372.73, 11]",364.62,65,3.02,0.17
07:47:12,"[364.0, 7]","[362.0, 7]","[368.0, 7]","[377.0, 7]",366.0,28,4.0,0.0
07:47:13,"[362.89, 9]","[360.42, 19]","[368.0, 9]","[377.0, 9]",365.44,46,5.11,0.22
07:47:14,"[360.0, 21]","[358.0, 6]","[367.04, 26]","[369.5, 6]",363.52,59,7.04,-0.08
07:47:15,"[360.0, 24]","[358.0, 6]","[366.33, 30]","[368.0, 6]",363.17,66,6.33,-0.09
07:47:16,"[360.0, 30]","[356.77, 96]","[364.05, 74]","[365.08, 61]",362.03,261,4.05,-0.03
07:47:17,"[359.12, 68]","[357.24, 102]","[363.65, 46]","[364.55, 44]",361.38,260,4.53,0.31
07:47:18,"[359.0, 90]","[357.0, 90]","[361.56, 36]","[364.0, 45]",360.28,261,2.56,0.38
07:47:19,"[359.0, 56]","[357.0, 120]","[362.25, 55]","[365.57, 30]",360.63,261,3.25,0.35
07:47:20,"[357.43, 60]","[356.85, 109]","[362.8, 50]","[369.58, 31]",360.12,250,5.37,0.35
07:47:21,"[357.0, 208]","[349.1, 63]","[360.77, 65]","[369.38, 52]",358.88,388,3.77,0.4
07:47:22,"[357.0, 160]","[349.0, 60]","[359.5, 50]","[371.2, 40]",358.25,310,2.5,0.42
07:47:23,"[357.0, 154]","[351.86, 127]","[359.0, 54]","[372.92, 39]",358.0,374,2.0,0.5
07:47:24,"[357.0, 99]","[351.02, 41]","[371.91, 46]","[376.0, 17]",364.46,203,14.91,0.38
07:47:25,"[357.0, 108]","[347.0, 12]","[374.88, 51]","[378.0, 24]",365.94,195,17.88,0.23
07:47:26,"[358.0, 33]","[357.0, 99]","[372.3, 46]","[374.97, 31]",365.15,209,14.3,0.26
07:47:27,"[358.91, 33]","[357.0, 99]","[370.86, 29]","[371.75, 16]",364.89,177,11.95,0.49
07:47:28,"[359.46, 39]","[357.6, 90]","[367.74, 38]","[369.36, 22]",363.6,189,8.28,0.37
07:47:29,"[357.45, 67]","[353.14, 43]","[365.17, 18]","[366.36, 33]",361.31,161,7.72,0.37
07:47:30,"[357.0, 91]","[350.0, 26]","[362.28, 25]","[364.3, 33]",359.64,175,5.28,0.34
07:47:31,"[357.0, 91]","[350.0, 26]","[360.0, 39]","[362.0, 26]",358.5,182,3.0,0.29
07:47:32,"[357.0, 75]","[350.0, 22]","[359.19, 26]","[360.77, 22]",358.1,145,2.19,0.34
07:47:33,"[351.75, 24]","[348.05, 74]","[357.67, 18]","[359.38, 26]",354.71,142,5.92,0.38
07:47:34,"[350.0, 16]","[347.49, 49]","[355.62, 8]","[358.0, 16]",352.81,89,5.62,0.46
07:47:35,"[350.81, 52]","[347.55, 44]","[355.0, 12]","[358.0, 24]",352.9,132,4.19,0.45
07:47:36,"[352.9, 104]","[346.16, 50]","[355.0, 18]","[358.65, 34]",353.95,206,2.1,0.5
07:47:37,"[354.0, 21]","[344.55, 22]","[362.0, 6]","[372.33, 18]",358.0,67,8.0,0.28
07:47:38,"[354.5, 30]","[344.6, 30]","[369.0, 10]","[373.0, 50]",361.75,120,14.5,0.0
07:47:39,"[356.56, 55]","[347.0, 39]","[369.0, 13]","[373.0, 65]",362.78,172,12.44,0.09
07:47:40,"[352.37, 51]","[345.0, 45]","[352.35, 31]","[359.86, 35]",352.36,162,-0.02,0.19
07:47:41,"[345.1, 31]","[344.05, 44]","[350.0, 45]","[354.0, 75]",347.55,195,4.9,-0.23
07:47:42,"[346.26, 57]","[344.38, 48]","[349.38, 72]","[352.6, 77]",347.82,254,3.11,-0.17
07:47:43,"[347.75, 60]","[342.05, 117]","[351.52, 29]","[356.97, 89]",349.63,295,3.77,0.2
07:47:44,"[348.33, 45]","[340.4, 90]","[360.0, 48]","[367.0, 75]",354.17,258,11.67,0.05
07:47:45,"[349.56, 54]","[336.0, 108]","[352.85, 68]","[362.54, 67]",351.2,297,3.3,0.09
07:47:46,"[356.09, 92]","[343.5, 48]","[358.17, 24]","[364.71, 69]",357.13,233,2.08,0.2
07:47:47,"[357.0, 150]","[347.85, 41]","[360.53, 38]","[364.38, 56]",358.76,285,3.53,0.34
07:47:48,"[357.95, 22]","[356.7, 122]","[362.89, 63]","[364.5, 48]",360.42,255,4.93,0.13
07:47:49,"[359.0, 9]","[339.0, 103]","[362.0, 45]","[366.0, 27]",360.5,184,3.0,0.22
07:47:50,"[341.12, 97]","[338.82, 156]","[359.81, 80]","[365.38, 48]",350.47,381,18.69,0.33
07:47:51,"[353.54, 52]","[341.69, 70]","[358.36, 14]","[359.31, 48]",355.95,184,4.82,0.33
07:47:52,"[357.0, 34]","[343.29, 154]","[358.5, 70]","[364.0, 42]",357.75,300,1.5,0.25
07:47:53,"[346.29, 76]","[344.35, 148]","[354.92, 36]","[362.83, 41]",350.6,301,8.63,0.49
07:47:54,"[346.0, 55]","[345.0, 121]","[348.0, 33]","[349.0, 11]",347.0,220,2.0,0.6
07:47:55,"[345.06, 159]","[339.23, 115]","[348.82, 17]","[362.12, 57]",346.94,348,3.76,0.57
07:47:56,"[351.54, 35]","[345.71, 149]","[360.9, 30]","[385.81, 64]",356.22,278,9.36,0.32
07:47:57,"[364.0, 28]","[348.0, 26]","[366.0, 39]","[397.19, 59]",365.0,152,2.0,-0.29
07:47:58,"[355.13, 30]","[344.53, 111]","[362.88, 65]","[365.61, 57]",359.01,263,7.74,0.07
07:47:59,"[352.21, 39]","[347.36, 72]","[354.57, 47]","[359.12, 85]",353.39,243,2.37,-0.09
07:48:00,"[343.15, 143]","[338.0, 104]","[362.13, 60]","[364.64, 45]",352.64,352,18.98,0.4
07:48:01,"[342.0, 121]","[338.0, 88]","[354.69, 51]","[356.75, 48]",348.34,308,12.69,0.36
07:48:02,"[342.0, 44]","[338.0, 32]","[354.0, 16]","[355.5, 20]",348.0,112,12.0,0.36
07:48:03,"[342.0, 110]","[338.0, 80]","[352.83, 24]","[354.71, 42]",347.42,256,10.83,0.48
07:48:04,"[342.14, 84]","[340.32, 133]","[351.42, 76]","[353.17, 48]",346.78,341,9.28,0.27
07:48:05,"[345.0, 12]","[339.05, 128]","[350.66, 74]","[352.21, 39]",347.83,253,5.66,0.11
07:48:06,"[345.0, 7]","[339.0, 70]","[349.73, 11]","[351.0, 14]",347.36,102,4.73,0.51
07:48:07,"[346.11, 9]","[339.0, 83]","[349.0, 9]","[351.0, 18]",347.56,119,2.89,0.55
07:48:08,"[347.5, 10]","[339.0, 30]","[350.89, 19]","[351.96, 47]",349.2,106,3.39,-0.25
07:48:09,"[348.0, 7]","[338.16, 25]","[351.0, 14]","[352.0, 35]",349.5,81,3.0,-0.21
07:48:10,"[348.0, 3]","[336.0, 21]","[350.25, 8]","[351.56, 9]",349.12,41,2.25,0.17
07:48:11,"[349.0, 16]","[348.0, 8]","[350.0, 24]","[351.0, 16]",349.5,64,1.0,-0.25
07:48:12,"[349.0, 8]","[348.0, 4]","[350.4, 10]","[351.71, 14]",349.7,36,1.4,-0.33
07:48:13,"[350.0, 45]","[348.2, 10]","[351.95, 42]","[353.66, 29]",350.98,126,1.95,-0.13
07:48:14,"[350.0, 30]","[348.83, 24]","[352.37, 27]","[356.0, 25]",351.19,106,2.37,0.02
07:48:15,"[350.86, 22]","[350.14, 14]","[357.0, 12]","[359.0, 60]",353.93,108,6.14,-0.33
07:48:16,"[353.47, 19]","[351.21, 39]","[359.0, 99]","[441.0, 27]",356.24,184,5.53,-0.37
07:48:17,"[357.61, 71]","[355.5, 18]","[359.0, 117]","[448.46, 13]",358.3,219,1.39,-0.19
07:48:18,"[358.0, 18]","[355.17, 6]","[359.0, 54]","[384.8, 10]",358.5,88,1.0,-0.45
07:48:19,"[358.0, 11]","[356.0, 7]","[359.0, 41]","[360.0, 21]",358.5,80,1.0,-0.55
07:48:20,"[358.0, 8]","[356.0, 8]","[359.0, 24]","[368.86, 22]",358.5,62,1.0,-0.48
07:48:21,"[358.0, 5]","[356.0, 5]","[424.33, 9]","[645.13, 15]",391.17,34,66.33,-0.41
07:48:22,"[343.0, 21]","[342.0, 63]","[485.33, 9]","[666.24, 25]",414.17,118,142.33,0.42
07:48:23,"[351.08, 39]","[342.22, 69]","[583.46, 13]","[736.8, 35]",467.27,156,232.38,0.38
07:48:24,"[358.0, 36]","[345.56, 16]","[598.38, 34]","[756.23, 26]",478.19,112,240.38,-0.07
07:48:25,"[346.75, 16]","[345.38, 8]","[489.12, 24]","[630.6, 20]",417.94,68,142.38,-0.29
07:48:26,"[346.0, 24]","[345.0, 8]","[359.65, 34]","[377.79, 28]",352.82,94,13.65,-0.32
07:48:27,"[349.0, 60]","[345.84, 32]","[359.27, 60]","[380.53, 59]",354.13,211,10.27,-0.13
07:48:28,"[351.0, 33]","[349.71, 82]","[357.28, 47]","[357.97, 58]",354.14,220,6.28,0.05
07:48:29,"[351.0, 52]","[349.27, 22]","[355.64, 50]","[356.8, 61]",353.32,185,4.64,-0.2
07:48:30,"[350.75, 72]","[348.3, 30]","[352.51, 47]","[357.29, 68]",351.63,217,1.76,-0.06
07:48:31,"[345.0, 27]","[344.0, 9]","[351.0, 22]","[365.04, 25]",348.0,83,6.0,-0.13
07:48:32,"[346.2, 10]","[343.8, 30]","[349.5, 30]","[351.0, 20]",347.85,90,3.3,-0.11
07:48:33,"[347.9, 10]","[343.0, 30]","[349.8, 25]","[361.8, 25]",348.85,90,1.9,-0.11
07:48:34,"[355.67, 54]","[341.0, 18]","[366.19, 32]","[460.2, 40]",360.93,144,10.52,0.0
07:48:35,"[359.0, 56]","[355.0, 15]","[369.0, 24]","[548.93, 28]",364.0,123,10.0,0.15
07:48:36,"[359.0, 42]","[356.0, 12]","[369.0, 18]","[509.0, 18]",364.0,90,10.0,0.2
07:48:37,"[359.0, 39]","[356.0, 18]","[369.0, 27]","[488.33, 45]",364.0,129,10.0,-0.12
07:48:38,"[362.4, 53]","[358.73, 44]","[369.0, 36]","[484.15, 54]",365.7,187,6.6,0.04
07:48:39,"[363.0, 16]","[359.0, 32]","[369.0, 24]","[439.24, 34]",366.0,106,6.0,-0.09
07:48:40,"[363.0, 8]","[359.0, 32]","[369.0, 24]","[514.51, 37]",366.0,101,6.0,-0.21
07:48:41,"[363.0, 7]","[359.0, 28]","[367.71, 7]","[369.0, 21]",365.36,63,4.71,0.11
07:48:42,"[363.0, 6]","[359.0, 24]","[367.0, 6]","[369.0, 18]",365.0,54,4.0,0.11
07:48:43,"[361.0, 18]","[358.57, 42]","[365.5, 16]","[370.0, 28]",363.25,104,4.5,0.15
07:48:44,"[359.38, 13]","[356.39, 23]","[363.82, 22]","[367.96, 25]",361.6,83,4.43,-0.13
07:48:45,"[362.71, 41]","[359.71, 14]","[369.36, 14]","[392.71, 35]",366.03,104,6.65,0.06
07:48:46,"[363.0, 105]","[361.0, 15]","[367.88, 25]","[368.97, 35]",365.44,180,4.88,0.33
07:48:47,"[363.04, 92]","[362.39, 49]","[366.0, 22]","[370.52, 46]",364.52,209,2.96,0.35
07:48:48,"[363.0, 87]","[359.0, 18]","[367.0, 27]","[380.0, 9]",365.0,141,4.0,0.49
07:48:49,"[363.0, 117]","[359.43, 28]","[366.54, 39]","[380.0, 13]",364.77,197,3.54,0.47
07:48:50,"[363.0, 84]","[360.0, 56]","[364.88, 24]","[366.78, 32]",363.94,196,1.88,0.43
07:48:51,"[363.0, 60]","[360.0, 40]","[364.0, 30]","[365.0, 10]",363.5,140,1.0,0.43
07:48:52,"[363.0, 36]","[360.0, 40]","[364.14, 14]","[377.8, 10]",363.57,100,1.14,0.52
07:48:53,"[362.65, 17]","[359.97, 29]","[369.22, 18]","[384.0, 12]",365.93,76,6.58,0.21
07:48:54,"[360.0, 10]","[359.0, 7]","[368.0, 21]","[380.71, 7]",364.0,45,8.0,-0.24
07:48:55,"[360.0, 5]","[359.0, 5]","[370.0, 11]","[442.33, 9]",365.0,30,10.0,-0.33
07:48:56,"[359.33, 9]","[355.57, 21]","[379.0, 9]","[434.22, 45]",369.17,84,19.67,-0.29
07:48:57,"[359.0, 5]","[355.71, 21]","[379.0, 5]","[429.0, 25]",369.0,56,20.0,-0.07
07:48:58,"[359.0, 12]","[356.3, 50]","[376.85, 13]","[407.66, 56]",367.92,131,17.85,-0.05
07:48:59,"[362.06, 47]","[356.76, 41]","[366.0, 28]","[421.17, 23]",364.03,139,3.94,0.27
07:49:00,"[363.0, 28]","[357.0, 28]","[376.52, 23]","[500.1, 42]",369.76,121,13.52,-0.07
07:49:01,"[363.0, 6]","[357.0, 6]","[376.0, 9]","[495.0, 15]",369.5,36,13.0,-0.33
