Time,Bid1,Bid2,Ask1,Ask2,Mid-Price,Total_volume,Bid_ask_spread,Order_imbalance
07:30:00,"[221.0, 3]","[0, 0]","[0, 0]","[0, 0]",110.5,3,-221.0,1.0
07:30:02,"[233.25, 4]","[219.0, 4]","[0, 0]","[0, 0]",116.62,8,-233.25,1.0
07:30:03,"[271.33, 18]","[230.4, 10]","[299.0, 12]","[0, 0]",285.17,40,27.67,0.4
07:30:04,"[272.83, 24]","[265.5, 16]","[299.0, 12]","[343.25, 16]",285.92,68,26.17,0.18
07:30:05,"[274.5, 8]","[264.0, 12]","[299.0, 4]","[317.0, 8]",286.75,32,24.5,0.25
07:30:06,"[290.15, 27]","[255.88, 16]","[343.25, 16]","[357.25, 16]",316.7,75,53.1,0.15
07:30:07,"[276.44, 54]","[275.0, 36]","[315.27, 22]","[349.07, 41]",295.86,153,38.83,0.18
07:30:08,"[311.27, 45]","[303.47, 51]","[339.0, 28]","[482.5, 24]",325.13,148,27.73,0.3
07:30:09,"[314.38, 13]","[313.53, 38]","[339.0, 28]","[350.0, 21]",326.69,100,24.62,0.02
07:30:10,"[315.0, 4]","[314.0, 16]","[338.0, 16]","[339.0, 16]",326.5,52,23.0,-0.23
07:30:11,"[315.0, 9]","[314.0, 36]","[338.0, 36]","[339.0, 36]",326.5,117,23.0,-0.23
07:30:12,"[313.11, 76]","[311.57, 84]","[336.08, 48]","[338.5, 48]",324.59,256,22.98,0.25
07:30:13,"[313.0, 127]","[311.0, 121]","[332.09, 44]","[334.73, 44]",322.55,336,19.09,0.48
07:30:14,"[313.0, 117]","[311.0, 99]","[324.69, 52]","[328.36, 28]",318.85,296,11.69,0.46
07:30:15,"[313.0, 73]","[311.0, 77]","[324.0, 56]","[329.0, 7]",318.5,213,11.0,0.41
07:30:16,"[313.0, 80]","[311.0, 88]","[324.0, 64]","[329.0, 8]",318.5,240,11.0,0.4
07:30:17,"[313.0, 140]","[311.0, 154]","[323.73, 88]","[325.75, 32]",318.36,414,10.73,0.42
07:30:18,"[313.0, 152]","[311.0, 176]","[321.81, 54]","[324.44, 64]",317.41,446,8.81,0.47
07:30:19,"[313.0, 66]","[311.0, 121]","[317.91, 22]","[321.0, 44]",315.45,253,4.91,0.48
07:30:20,"[312.21, 112]","[310.65, 160]","[314.27, 45]","[320.9, 51]",313.24,368,2.05,0.48
07:30:21,"[310.71, 98]","[308.94, 65]","[312.36, 33]","[327.0, 55]",311.54,251,1.65,0.3
07:30:22,"[309.0, 66]","[307.0, 18]","[314.45, 60]","[324.58, 33]",311.73,177,5.45,-0.05
07:30:23,"[309.0, 9]","[307.0, 9]","[321.0, 36]","[323.0, 9]",315.0,63,12.0,-0.43
07:30:24,"[296.55, 22]","[287.16, 43]","[321.0, 56]","[323.84, 19]",308.77,140,24.45,-0.07
07:30:25,"[297.0, 20]","[290.2, 70]","[313.0, 33]","[321.33, 55]",305.0,178,16.0,0.01
07:30:26,"[297.0, 24]","[291.0, 84]","[299.0, 12]","[311.22, 54]",298.0,174,2.0,0.24
07:30:27,"[297.0, 28]","[291.0, 98]","[298.03, 30]","[299.94, 17]",297.52,173,1.03,0.46
07:30:28,"[297.0, 14]","[291.0, 49]","[298.0, 14]","[299.0, 7]",297.5,84,1.0,0.5
07:30:29,"[297.0, 28]","[291.0, 98]","[298.0, 28]","[299.0, 14]",297.5,168,1.0,0.5
07:30:30,"[297.0, 14]","[291.0, 49]","[298.0, 9]","[299.0, 7]",297.5,79,1.0,0.59
07:30:31,"[297.0, 16]","[291.0, 56]","[298.25, 8]","[305.5, 12]",297.62,92,1.25,0.57
07:30:32,"[297.2, 25]","[291.36, 78]","[302.0, 13]","[312.71, 34]",299.6,150,4.8,0.37
07:30:33,"[295.33, 18]","[291.22, 72]","[312.0, 27]","[318.0, 36]",303.67,153,16.67,0.18
07:30:34,"[296.44, 18]","[293.0, 18]","[312.0, 27]","[318.0, 36]",304.22,99,15.56,-0.27
07:30:35,"[297.22, 18]","[291.17, 46]","[310.33, 27]","[316.36, 33]",303.78,124,13.11,0.03
07:30:36,"[298.07, 30]","[291.0, 42]","[310.4, 45]","[317.05, 57]",304.23,174,12.33,-0.17
07:30:37,"[299.88, 32]","[291.0, 32]","[315.39, 54]","[318.06, 49]",307.63,167,15.51,-0.23
07:30:38,"[301.91, 22]","[299.42, 38]","[315.37, 95]","[340.27, 51]",308.64,206,13.46,-0.42
07:30:39,"[304.93, 43]","[303.18, 22]","[309.88, 81]","[313.18, 51]",307.4,197,4.95,-0.34
07:30:40,"[306.13, 23]","[296.7, 79]","[309.22, 41]","[312.52, 46]",307.67,189,3.09,0.08
07:30:41,"[294.66, 68]","[291.94, 176]","[311.53, 45]","[313.0, 45]",303.1,334,16.87,0.46
07:30:42,"[294.04, 104]","[292.62, 143]","[310.62, 48]","[313.0, 48]",302.33,343,16.59,0.44
07:30:43,"[295.0, 136]","[293.0, 102]","[308.41, 51]","[312.73, 66]",301.71,355,13.41,0.34
07:30:44,"[295.63, 134]","[292.33, 108]","[305.09, 67]","[306.77, 71]",300.36,380,9.46,0.27
07:30:45,"[297.71, 84]","[292.0, 84]","[304.0, 57]","[305.56, 64]",300.86,289,6.29,0.16
07:30:46,"[299.45, 66]","[291.24, 102]","[304.0, 96]","[308.67, 36]",301.73,300,4.55,0.12
07:30:47,"[301.36, 33]","[293.0, 22]","[304.0, 88]","[309.0, 33]",302.68,176,2.64,-0.38
07:30:48,"[297.79, 19]","[293.28, 36]","[304.0, 58]","[309.0, 30]",300.89,143,6.21,-0.23
07:30:49,"[291.0, 76]","[290.0, 40]","[304.0, 40]","[309.0, 30]",297.5,186,13.0,0.25
07:30:50,"[292.35, 51]","[291.23, 44]","[303.68, 38]","[307.86, 35]",298.02,168,11.33,0.13
07:30:51,"[293.64, 70]","[291.65, 51]","[306.68, 38]","[308.23, 44]",300.16,203,13.04,0.19
07:30:52,"[294.92, 65]","[292.0, 78]","[306.35, 17]","[308.29, 51]",300.64,211,11.43,0.36
07:30:53,"[295.43, 70]","[292.0, 84]","[307.8, 35]","[309.83, 72]",301.61,261,12.37,0.18
07:30:54,"[296.0, 60]","[291.32, 57]","[308.58, 24]","[310.0, 72]",302.29,213,12.58,0.1
07:30:55,"[296.5, 70]","[291.0, 70]","[305.38, 56]","[306.57, 53]",300.94,249,8.88,0.12
07:30:56,"[298.12, 80]","[291.21, 67]","[304.0, 64]","[305.0, 41]",301.06,252,5.88,0.17
07:30:57,"[299.0, 65]","[293.0, 13]","[302.33, 46]","[305.0, 26]",300.66,150,3.33,0.04
07:30:58,"[297.27, 37]","[291.32, 25]","[303.06, 31]","[306.41, 34]",300.17,127,5.79,-0.02
07:30:59,"[292.02, 43]","[291.46, 41]","[308.52, 29]","[396.95, 38]",300.27,151,16.49,0.11
07:31:00,"[295.44, 41]","[292.81, 32]","[303.93, 56]","[366.81, 32]",299.68,161,8.49,-0.09
07:31:01,"[299.44, 36]","[297.95, 44]","[303.0, 64]","[314.97, 31]",301.22,175,3.56,-0.09
07:31:02,"[301.59, 17]","[300.45, 11]","[302.86, 28]","[303.43, 14]",302.22,70,1.27,-0.2
07:31:03,"[308.26, 23]","[306.77, 22]","[311.96, 25]","[358.89, 37]",310.11,107,3.7,-0.16
07:31:04,"[315.0, 20]","[312.0, 30]","[316.0, 20]","[352.14, 35]",315.5,105,1.0,-0.05
07:31:05,"[315.0, 14]","[312.0, 30]","[316.0, 20]","[447.0, 14]",315.5,78,1.0,0.13
07:31:06,"[315.0, 8]","[312.0, 24]","[316.0, 16]","[519.21, 14]",315.5,62,1.0,0.03
07:31:07,"[305.6, 10]","[297.69, 26]","[316.0, 16]","[477.0, 32]",310.8,84,10.4,-0.14
07:31:08,"[298.0, 11]","[293.31, 52]","[323.8, 40]","[397.15, 41]",310.9,144,25.8,-0.12
07:31:09,"[298.0, 9]","[294.0, 72]","[317.0, 36]","[497.67, 9]",307.5,126,19.0,0.29
07:31:10,"[294.24, 68]","[293.5, 64]","[315.67, 30]","[331.1, 39]",304.95,201,21.43,0.31
07:31:11,"[308.12, 33]","[294.59, 148]","[399.74, 74]","[531.33, 27]",353.93,282,91.62,0.28
07:31:12,"[309.0, 20]","[293.0, 98]","[310.0, 10]","[480.77, 26]",309.5,154,1.0,0.53
07:31:13,"[297.79, 33]","[292.82, 44]","[302.94, 17]","[488.45, 29]",300.36,123,5.15,0.25
07:31:14,"[301.2, 49]","[297.0, 42]","[305.0, 16]","[527.74, 31]",303.1,138,3.8,0.32
07:31:15,"[308.0, 33]","[299.18, 33]","[309.18, 11]","[515.0, 11]",308.59,88,1.18,0.5
07:31:16,"[307.22, 27]","[300.8, 30]","[309.0, 10]","[364.77, 22]",308.11,89,1.78,0.28
07:31:17,"[301.19, 32]","[299.33, 36]","[309.0, 12]","[406.06, 16]",305.09,96,7.81,0.42
07:31:18,"[301.5, 18]","[299.68, 34]","[308.41, 17]","[311.92, 12]",304.96,81,6.91,0.28
07:31:19,"[298.0, 33]","[292.0, 22]","[308.88, 25]","[310.55, 11]",303.44,91,10.88,0.21
07:31:20,"[296.17, 23]","[291.58, 24]","[314.0, 16]","[318.0, 8]",305.09,71,17.83,0.32
07:31:21,"[294.04, 23]","[292.59, 54]","[314.0, 14]","[318.0, 7]",304.02,98,19.96,0.57
07:31:22,"[295.0, 59]","[293.0, 76]","[314.0, 18]","[318.0, 9]",304.5,162,19.0,0.67
07:31:23,"[295.03, 113]","[293.33, 48]","[314.0, 32]","[434.0, 17]",304.51,210,18.97,0.53
07:31:24,"[297.68, 62]","[295.66, 65]","[319.41, 22]","[492.0, 36]",308.54,185,21.73,0.37
07:31:25,"[313.14, 29]","[303.65, 23]","[331.0, 13]","[498.38, 65]",322.07,130,17.86,-0.2
07:31:26,"[313.89, 35]","[312.23, 13]","[328.03, 37]","[350.15, 59]",320.96,144,14.14,-0.33
07:31:27,"[312.0, 7]","[308.0, 7]","[324.43, 21]","[327.0, 35]",318.21,70,12.43,-0.6
07:31:28,"[309.32, 62]","[307.62, 21]","[323.64, 42]","[477.97, 58]",316.48,183,14.32,-0.09
07:31:29,"[309.0, 108]","[308.0, 12]","[322.75, 36]","[411.57, 56]",315.88,212,13.75,0.13
07:31:30,"[310.0, 15]","[309.0, 135]","[318.59, 51]","[319.81, 52]",314.29,253,8.59,0.19
07:31:31,"[310.14, 7]","[309.0, 63]","[317.0, 21]","[319.0, 28]",313.57,119,6.86,0.18
07:31:32,"[311.38, 13]","[309.0, 117]","[315.39, 44]","[316.26, 46]",313.39,220,4.0,0.18
07:31:33,"[309.36, 80]","[308.9, 80]","[313.8, 41]","[314.91, 47]",311.58,248,4.44,0.29
07:31:34,"[309.0, 81]","[308.0, 9]","[310.67, 33]","[312.28, 25]",309.83,148,1.67,0.22
07:31:35,"[309.0, 37]","[308.0, 9]","[311.08, 26]","[314.38, 16]",310.04,88,2.08,0.05
07:31:36,"[309.0, 22]","[308.0, 11]","[312.0, 22]","[318.91, 11]",310.5,66,3.0,0.0
07:31:37,"[309.0, 14]","[308.0, 7]","[312.0, 14]","[314.19, 31]",310.5,66,3.0,-0.36
07:31:38,"[309.87, 109]","[308.59, 17]","[312.92, 39]","[314.75, 40]",311.4,205,3.05,0.23
07:31:39,"[304.71, 14]","[300.97, 33]","[313.97, 62]","[318.82, 17]",309.34,126,9.25,-0.25
07:31:40,"[301.36, 84]","[298.89, 61]","[308.89, 18]","[313.25, 36]",305.12,199,7.53,0.46
07:31:41,"[302.84, 186]","[301.24, 58]","[305.93, 28]","[310.72, 29]",304.38,301,3.09,0.62
07:31:42,"[302.93, 114]","[301.92, 51]","[311.68, 19]","[315.55, 55]",307.31,239,8.75,0.38
07:31:43,"[306.3, 114]","[304.82, 174]","[315.0, 80]","[318.0, 80]",310.65,448,8.7,0.29
07:31:44,"[309.34, 107]","[308.82, 154]","[314.0, 80]","[318.0, 80]",311.67,421,4.66,0.24
07:31:45,"[313.0, 12]","[309.71, 62]","[317.91, 69]","[497.76, 50]",315.46,193,4.91,-0.23
07:31:46,"[313.0, 7]","[312.0, 14]","[318.82, 22]","[328.0, 17]",315.91,60,5.82,-0.3
07:31:47,"[311.1, 21]","[299.81, 32]","[316.64, 11]","[319.0, 11]",313.87,75,5.54,0.41
07:31:48,"[303.54, 28]","[298.86, 29]","[315.0, 8]","[321.25, 8]",309.27,73,11.46,0.56
07:31:49,"[308.89, 76]","[301.51, 71]","[312.38, 42]","[316.67, 18]",310.64,207,3.49,0.42
07:31:50,"[307.92, 39]","[299.78, 46]","[312.0, 30]","[319.4, 10]",309.96,125,4.08,0.36
07:31:51,"[299.47, 64]","[298.45, 77]","[315.2, 20]","[322.73, 44]",307.33,205,15.73,0.38
07:31:52,"[307.21, 19]","[299.5, 38]","[320.0, 7]","[323.0, 35]",313.61,99,12.79,0.15
07:31:53,"[312.0, 16]","[300.0, 61]","[320.0, 8]","[323.0, 40]",316.0,125,8.0,0.23
07:31:54,"[312.0, 20]","[302.08, 26]","[320.0, 10]","[323.0, 50]",316.0,106,8.0,-0.13
07:31:55,"[308.33, 24]","[302.33, 48]","[320.0, 12]","[322.89, 56]",314.17,140,11.67,0.03
07:31:56,"[311.77, 64]","[300.41, 78]","[315.2, 50]","[320.67, 18]",313.48,210,3.43,0.35
07:31:57,"[308.71, 21]","[306.0, 21]","[315.0, 68]","[432.08, 25]",311.86,135,6.29,-0.38
07:31:58,"[312.88, 48]","[311.0, 16]","[315.0, 51]","[327.37, 27]",313.94,142,2.12,-0.1
07:31:59,"[312.62, 24]","[309.06, 17]","[314.55, 44]","[316.95, 41]",313.59,126,1.92,-0.35
07:32:00,"[309.71, 14]","[305.0, 14]","[317.18, 34]","[321.67, 48]",313.45,110,7.46,-0.49
07:32:01,"[309.02, 43]","[307.12, 16]","[320.17, 18]","[321.08, 49]",314.59,126,11.14,-0.06
07:32:02,"[309.81, 48]","[308.75, 101]","[320.0, 15]","[321.13, 45]",314.91,209,10.19,0.43
07:32:03,"[310.74, 57]","[309.05, 147]","[319.08, 12]","[324.18, 34]",314.91,250,8.35,0.63
07:32:04,"[312.27, 286]","[311.0, 88]","[318.14, 22]","[323.73, 66]",315.2,462,5.86,0.62
07:32:05,"[313.0, 195]","[311.0, 60]","[316.0, 15]","[320.4, 45]",314.5,315,3.0,0.62
07:32:06,"[313.0, 195]","[311.0, 60]","[315.2, 20]","[319.69, 39]",314.1,314,2.2,0.62
07:32:07,"[313.0, 193]","[311.0, 64]","[314.76, 21]","[318.61, 38]",313.88,316,1.76,0.63
07:32:08,"[313.0, 132]","[311.0, 44]","[314.36, 11]","[318.86, 28]",313.68,215,1.36,0.64
07:32:09,"[313.77, 43]","[310.61, 46]","[323.75, 55]","[325.46, 41]",318.76,185,9.98,-0.04
07:32:10,"[316.0, 8]","[313.68, 74]","[323.0, 16]","[324.0, 24]",319.5,122,7.0,0.34
07:32:11,"[316.0, 15]","[314.0, 165]","[322.88, 32]","[323.95, 44]",319.44,256,6.88,0.41
07:32:12,"[316.0, 12]","[314.0, 132]","[322.0, 48]","[323.58, 36]",319.0,228,6.0,0.26
07:32:13,"[315.0, 18]","[313.88, 103]","[320.62, 52]","[322.21, 43]",317.81,216,5.62,0.12
07:32:14,"[314.0, 63]","[311.91, 46]","[319.0, 28]","[322.0, 49]",316.5,186,5.0,0.17
07:32:15,"[314.0, 108]","[312.0, 84]","[318.42, 48]","[322.0, 84]",316.21,324,4.42,0.19
07:32:16,"[314.0, 62]","[312.0, 49]","[318.0, 28]","[322.0, 49]",316.0,188,4.0,0.18
07:32:17,"[314.0, 96]","[312.0, 84]","[316.92, 26]","[318.55, 51]",315.46,257,2.92,0.4
07:32:18,"[314.0, 48]","[312.0, 63]","[315.0, 18]","[322.2, 30]",314.5,159,1.0,0.4
07:32:19,"[314.0, 24]","[312.0, 84]","[323.69, 26]","[324.82, 44]",318.85,178,9.69,0.21
07:32:20,"[313.51, 43]","[312.12, 120]","[320.37, 54]","[321.78, 36]",316.94,253,6.86,0.29
07:32:21,"[312.13, 68]","[311.32, 65]","[319.0, 56]","[320.0, 14]",315.57,203,6.87,0.31
07:32:22,"[312.0, 75]","[311.0, 60]","[316.87, 60]","[320.0, 15]",314.43,210,4.87,0.29
07:32:23,"[312.0, 65]","[311.0, 52]","[314.44, 25]","[315.42, 48]",313.22,190,2.44,0.23
07:32:24,"[312.0, 80]","[310.95, 76]","[314.48, 42]","[316.0, 100]",313.24,298,2.48,0.05
07:32:25,"[312.0, 44]","[311.0, 36]","[314.53, 30]","[317.39, 56]",313.27,166,2.53,-0.04
07:32:26,"[313.0, 32]","[312.0, 32]","[322.13, 52]","[329.34, 58]",317.57,174,9.13,-0.26
07:32:27,"[313.0, 34]","[312.0, 34]","[325.94, 67]","[327.5, 40]",319.47,175,12.94,-0.22
07:32:28,"[313.89, 71]","[312.69, 26]","[325.0, 26]","[326.0, 65]",319.44,188,11.11,0.03
07:32:29,"[314.0, 84]","[313.0, 24]","[324.17, 24]","[325.84, 51]",319.08,183,10.17,0.18
07:32:30,"[314.2, 20]","[313.2, 20]","[320.4, 20]","[325.2, 25]",317.3,85,6.2,-0.06
07:32:31,"[314.25, 16]","[313.25, 16]","[324.0, 16]","[404.59, 29]",319.12,77,9.75,-0.17
07:32:32,"[315.29, 28]","[313.55, 22]","[322.0, 33]","[323.78, 18]",318.64,101,6.71,-0.01
07:32:33,"[314.43, 28]","[313.15, 26]","[320.36, 28]","[322.6, 35]",317.39,117,5.93,-0.08
07:32:34,"[314.0, 26]","[313.0, 26]","[316.62, 52]","[317.36, 44]",315.31,148,2.62,-0.3
07:32:35,"[311.43, 23]","[309.47, 19]","[313.38, 52]","[314.46, 52]",312.41,146,1.95,-0.42
07:32:36,"[307.11, 18]","[304.5, 32]","[310.0, 56]","[311.36, 56]",308.56,162,2.89,-0.38
07:32:37,"[306.0, 26]","[302.0, 39]","[308.85, 52]","[309.85, 52]",307.42,169,2.85,-0.23
07:32:38,"[303.31, 49]","[301.37, 35]","[306.92, 51]","[308.11, 63]",305.11,198,3.62,-0.15
07:32:39,"[302.0, 27]","[300.0, 9]","[305.44, 9]","[317.21, 19]",303.72,64,3.44,0.12
07:32:40,"[222.27, 22]","[137.48, 23]","[315.0, 30]","[317.0, 48]",268.64,123,92.73,-0.27
07:32:41,"[187.45, 38]","[167.18, 66]","[314.19, 58]","[316.73, 113]",250.82,275,126.74,-0.24
07:32:42,"[234.57, 84]","[227.77, 90]","[316.29, 70]","[319.86, 70]",275.43,314,81.71,0.11
07:32:43,"[240.56, 96]","[237.56, 108]","[316.72, 87]","[320.15, 89]",278.64,380,76.16,0.07
07:32:44,"[269.11, 114]","[248.8, 75]","[310.29, 56]","[316.53, 68]",289.7,313,41.18,0.21
07:32:45,"[305.88, 48]","[299.28, 36]","[315.7, 40]","[317.0, 90]",310.79,214,9.82,-0.21
07:32:46,"[311.34, 68]","[307.37, 65]","[315.55, 80]","[322.81, 93]",313.44,306,4.21,-0.13
07:32:47,"[312.37, 57]","[309.8, 81]","[315.79, 61]","[318.31, 58]",314.08,257,3.42,0.07
07:32:48,"[310.62, 94]","[308.38, 56]","[314.06, 33]","[315.91, 57]",312.34,240,3.44,0.25
07:32:49,"[309.0, 70]","[307.0, 30]","[312.26, 19]","[312.68, 31]",310.63,150,3.26,0.33
07:32:50,"[309.0, 48]","[307.0, 24]","[310.0, 8]","[314.06, 31]",309.5,111,1.0,0.3
07:32:51,"[309.0, 21]","[307.0, 21]","[310.0, 7]","[321.43, 28]",309.5,77,1.0,0.09
07:32:52,"[308.75, 24]","[306.77, 22]","[310.0, 8]","[321.75, 32]",309.38,86,1.25,0.07
07:32:53,"[307.62, 71]","[304.86, 21]","[309.31, 13]","[322.0, 16]",308.46,121,1.69,0.52
07:32:54,"[308.0, 101]","[307.0, 30]","[311.4, 10]","[322.11, 18]",309.7,159,3.4,0.65
07:32:55,"[312.68, 77]","[307.84, 38]","[321.0, 9]","[323.0, 45]",316.84,169,8.32,0.36
07:32:56,"[314.65, 80]","[312.9, 84]","[321.0, 14]","[323.0, 70]",317.82,248,6.35,0.32
07:32:57,"[315.0, 20]","[313.0, 80]","[320.06, 34]","[322.22, 18]",317.53,152,5.06,0.32
07:32:58,"[315.0, 14]","[313.0, 56]","[320.0, 28]","[323.36, 11]",317.5,109,5.0,0.28
07:32:59,"[315.0, 14]","[313.0, 56]","[319.8, 40]","[323.79, 33]",317.4,143,4.8,-0.02
07:33:00,"[315.0, 16]","[313.0, 64]","[317.88, 32]","[321.38, 32]",316.44,144,2.88,0.11
07:33:01,"[315.0, 14]","[313.0, 104]","[317.0, 52]","[322.0, 52]",316.0,222,2.0,0.06
07:33:02,"[313.08, 75]","[312.45, 33]","[322.26, 50]","[327.0, 57]",317.67,215,9.18,0.0
07:33:03,"[313.0, 96]","[311.0, 12]","[321.33, 36]","[324.75, 40]",317.17,184,8.33,0.17
07:33:04,"[313.0, 72]","[311.0, 9]","[319.22, 27]","[327.46, 39]",316.11,147,6.22,0.1
07:33:05,"[313.0, 88]","[311.0, 11]","[317.82, 33]","[328.19, 37]",315.41,169,4.82,0.17
07:33:06,"[313.0, 48]","[311.0, 6]","[317.0, 18]","[326.0, 30]",315.0,102,4.0,0.06
07:33:07,"[313.0, 33]","[311.8, 10]","[315.52, 31]","[322.11, 37]",314.26,111,2.52,-0.23
07:33:08,"[308.25, 16]","[305.41, 17]","[313.73, 44]","[327.0, 55]",310.99,132,5.48,-0.5
07:33:09,"[302.14, 28]","[282.4, 20]","[321.22, 49]","[359.13, 60]",311.68,157,19.08,-0.39
07:33:10,"[297.0, 30]","[272.85, 13]","[322.0, 100]","[326.8, 30]",309.5,173,25.0,-0.5
07:33:11,"[229.77, 26]","[185.39, 33]","[315.7, 66]","[320.93, 59]",272.73,184,85.93,-0.36
07:33:12,"[247.2, 30]","[223.9, 20]","[296.0, 28]","[297.98, 40]",271.6,118,48.8,-0.15
07:33:13,"[287.33, 12]","[105.6, 20]","[296.3, 10]","[297.2, 15]",291.82,57,8.97,0.12
07:33:14,"[290.0, 12]","[211.0, 24]","[297.0, 6]","[298.0, 6]",293.5,48,7.0,0.5
07:33:15,"[290.0, 14]","[246.29, 28]","[298.0, 7]","[310.0, 21]",294.0,70,8.0,0.2
07:33:16,"[291.19, 31]","[190.45, 33]","[298.0, 12]","[308.18, 44]",294.6,120,6.81,0.07
07:33:17,"[299.19, 16]","[293.78, 18]","[309.45, 22]","[319.94, 31]",304.32,87,10.27,-0.22
07:33:18,"[304.12, 17]","[302.75, 8]","[310.0, 18]","[321.0, 24]",307.06,67,5.88,-0.25
07:33:19,"[307.95, 40]","[306.7, 46]","[310.0, 45]","[321.0, 60]",308.98,191,2.05,-0.1
07:33:20,"[308.67, 24]","[304.75, 16]","[319.26, 38]","[321.83, 48]",313.96,126,10.6,-0.37
07:33:21,"[307.11, 9]","[304.0, 15]","[321.0, 36]","[322.0, 45]",314.06,105,13.89,-0.54
07:33:22,"[310.0, 11]","[307.0, 11]","[319.57, 49]","[335.71, 51]",314.79,122,9.57,-0.64
07:33:23,"[311.0, 6]","[307.0, 6]","[317.5, 24]","[319.07, 28]",314.25,64,6.5,-0.62
07:33:24,"[311.0, 2]","[307.0, 2]","[316.0, 8]","[318.0, 8]",313.5,20,5.0,-0.6
07:33:25,"[301.12, 85]","[295.41, 29]","[311.4, 57]","[314.36, 56]",306.26,227,10.29,0.0
07:33:26,"[301.0, 48]","[296.88, 16]","[302.04, 25]","[303.3, 10]",301.52,99,1.04,0.29
07:33:27,"[301.33, 36]","[299.57, 28]","[303.67, 24]","[305.71, 42]",302.5,130,2.33,-0.02
07:33:28,"[302.3, 20]","[300.04, 27]","[304.0, 48]","[313.0, 36]",303.15,131,1.7,-0.28
07:33:29,"[295.73, 22]","[291.22, 54]","[300.72, 50]","[312.45, 44]",298.22,170,4.99,-0.11
07:33:30,"[295.25, 8]","[292.33, 18]","[299.0, 49]","[309.0, 28]",297.12,103,3.75,-0.5
07:33:31,"[296.0, 12]","[292.33, 24]","[299.0, 84]","[309.0, 48]",297.5,168,3.0,-0.57
07:33:32,"[296.0, 4]","[292.0, 8]","[299.0, 28]","[309.0, 16]",297.5,56,3.0,-0.57
07:33:33,"[296.0, 8]","[292.0, 16]","[299.0, 38]","[309.0, 32]",297.5,94,3.0,-0.49
07:33:34,"[296.0, 11]","[292.0, 22]","[299.0, 37]","[309.0, 44]",297.5,114,3.0,-0.42
07:33:35,"[296.96, 25]","[294.14, 14]","[299.0, 39]","[309.0, 52]",297.98,130,2.04,-0.4
07:33:36,"[297.0, 14]","[294.0, 7]","[299.0, 12]","[309.0, 28]",298.0,61,2.0,-0.31
07:33:37,"[298.0, 24]","[294.0, 12]","[299.0, 12]","[303.87, 15]",298.5,63,1.0,0.14
07:33:38,"[297.2, 15]","[293.0, 12]","[300.0, 9]","[306.67, 18]",298.6,54,2.8,0.0
07:33:39,"[295.82, 11]","[289.86, 29]","[300.85, 13]","[308.83, 41]",298.33,94,5.03,-0.15
07:33:40,"[289.8, 82]","[287.5, 84]","[297.0, 38]","[302.0, 13]",293.4,217,7.2,0.53
07:33:41,"[290.0, 143]","[289.0, 33]","[297.0, 44]","[302.0, 11]",293.5,231,7.0,0.52
07:33:42,"[290.75, 104]","[288.5, 24]","[297.0, 32]","[305.73, 22]",293.88,182,6.25,0.41
07:33:43,"[291.75, 156]","[288.0, 36]","[297.0, 48]","[302.74, 19]",294.38,259,5.25,0.48
07:33:44,"[292.21, 182]","[288.0, 42]","[297.0, 56]","[302.0, 14]",294.61,294,4.79,0.52
07:33:45,"[291.77, 69]","[286.23, 79]","[300.44, 61]","[305.35, 40]",296.11,249,8.67,0.19
07:33:46,"[286.32, 56]","[284.51, 43]","[297.0, 30]","[302.53, 64]",291.66,193,10.68,0.03
07:33:47,"[288.54, 26]","[285.75, 48]","[299.06, 31]","[301.78, 41]",293.8,146,10.53,0.01
07:33:48,"[290.71, 28]","[288.3, 20]","[301.0, 22]","[303.0, 22]",295.86,92,10.29,0.04
07:33:49,"[293.74, 38]","[292.03, 58]","[300.63, 41]","[302.62, 32]",297.19,169,6.9,0.14
07:33:50,"[295.56, 32]","[294.0, 64]","[299.38, 80]","[302.87, 60]",297.47,236,3.81,-0.19
07:33:51,"[296.77, 26]","[293.86, 49]","[298.55, 53]","[303.04, 50]",297.66,178,1.78,-0.16
07:33:52,"[297.69, 26]","[287.0, 25]","[303.0, 52]","[304.0, 26]",300.35,129,5.31,-0.21
07:33:53,"[299.53, 34]","[288.13, 85]","[302.81, 27]","[303.79, 48]",301.17,194,3.29,0.23
07:33:54,"[300.27, 30]","[289.6, 70]","[303.0, 30]","[304.0, 50]",301.63,180,2.73,0.11
07:33:55,"[302.21, 28]","[300.0, 28]","[304.86, 28]","[308.81, 54]",303.54,138,2.64,-0.19
07:33:56,"[300.5, 16]","[287.7, 37]","[308.73, 30]","[310.91, 11]",304.62,94,8.23,0.13
07:33:57,"[300.12, 16]","[287.78, 46]","[312.61, 36]","[372.0, 24]",306.37,122,12.49,0.02
07:33:58,"[291.23, 44]","[287.77, 86]","[310.62, 40]","[328.0, 44]",300.93,214,19.4,0.21
07:33:59,"[290.54, 26]","[288.08, 100]","[309.0, 26]","[319.0, 65]",299.77,217,18.46,0.16
07:34:00,"[293.25, 16]","[290.86, 28]","[309.0, 16]","[319.0, 40]",301.12,100,15.75,-0.12
07:34:01,"[294.43, 28]","[290.73, 30]","[309.0, 24]","[318.48, 54]",301.71,136,14.57,-0.15
07:34:02,"[295.47, 19]","[292.0, 11]","[309.0, 22]","[319.0, 55]",302.24,107,13.53,-0.44
07:34:03,"[293.67, 60]","[291.33, 15]","[299.24, 41]","[312.52, 42]",296.46,158,5.58,-0.05
07:34:04,"[305.57, 140]","[293.62, 42]","[312.76, 50]","[330.59, 63]",309.17,295,7.19,0.23
07:34:05,"[312.08, 72]","[302.5, 16]","[314.0, 9]","[336.67, 45]",313.04,142,1.92,0.24
07:34:06,"[312.69, 78]","[311.32, 75]","[380.25, 20]","[519.81, 48]",346.47,221,67.56,0.38
07:34:07,"[313.12, 94]","[310.81, 86]","[316.36, 56]","[332.55, 53]",314.74,289,3.24,0.25
07:34:08,"[313.61, 83]","[310.67, 96]","[316.33, 54]","[368.23, 65]",314.97,298,2.72,0.2
07:34:09,"[312.0, 68]","[296.0, 48]","[318.0, 12]","[319.0, 60]",315.0,188,6.0,0.23
07:34:10,"[308.0, 32]","[295.92, 26]","[317.62, 8]","[321.0, 60]",312.81,126,9.62,-0.08
07:34:11,"[296.0, 52]","[295.0, 13]","[315.63, 19]","[322.06, 51]",305.82,135,19.63,-0.04
07:34:12,"[296.71, 42]","[295.8, 15]","[312.5, 6]","[314.0, 18]",304.61,81,15.79,0.41
07:34:13,"[296.14, 70]","[295.21, 19]","[301.36, 36]","[309.67, 27]",298.75,152,5.22,0.17
07:34:14,"[296.31, 64]","[295.55, 31]","[304.39, 18]","[306.85, 27]",300.35,140,8.08,0.36
07:34:15,"[297.44, 64]","[293.17, 70]","[305.55, 20]","[316.41, 17]",301.49,171,8.11,0.57
07:34:16,"[306.21, 42]","[300.95, 44]","[309.0, 49]","[452.54, 37]",307.61,172,2.79,0.0
07:34:17,"[308.46, 13]","[307.1, 48]","[445.85, 40]","[539.14, 37]",377.16,138,137.39,-0.12
07:34:18,"[310.0, 24]","[308.95, 21]","[480.86, 37]","[511.75, 40]",395.43,122,170.86,-0.26
07:34:19,"[310.08, 48]","[308.85, 27]","[539.93, 29]","[573.06, 32]",425.01,136,229.85,0.1
07:34:20,"[312.44, 18]","[310.0, 18]","[585.67, 18]","[674.71, 21]",449.06,75,273.22,-0.04
07:34:21,"[313.0, 16]","[310.0, 16]","[512.07, 30]","[586.47, 19]",412.53,81,199.07,-0.21
07:34:22,"[312.0, 15]","[309.33, 15]","[522.0, 32]","[583.21, 33]",417.0,95,210.0,-0.37
07:34:23,"[310.25, 16]","[308.17, 24]","[494.48, 54]","[504.05, 42]",402.37,136,184.23,-0.41
07:34:24,"[315.0, 60]","[311.91, 23]","[456.0, 58]","[481.1, 49]",385.5,190,141.0,-0.13
07:34:25,"[315.0, 32]","[314.0, 8]","[385.0, 32]","[386.0, 32]",350.0,104,70.0,-0.23
07:34:26,"[315.0, 36]","[314.0, 9]","[384.22, 36]","[436.62, 26]",349.61,107,69.22,-0.16
07:34:27,"[314.97, 33]","[313.89, 9]","[382.33, 36]","[535.46, 26]",348.65,104,67.36,-0.19
07:34:28,"[316.17, 29]","[313.64, 11]","[359.09, 44]","[421.27, 44]",337.63,128,42.92,-0.38
07:34:29,"[310.55, 11]","[309.04, 83]","[348.0, 32]","[392.33, 24]",329.27,150,37.45,0.25
07:34:30,"[309.09, 82]","[308.79, 125]","[346.5, 48]","[402.0, 24]",327.79,279,37.41,0.48
07:34:31,"[309.0, 210]","[307.86, 64]","[345.5, 56]","[402.0, 28]",327.25,358,36.5,0.53
07:34:32,"[309.27, 66]","[308.51, 89]","[342.75, 32]","[359.09, 22]",326.01,209,33.48,0.48
07:34:33,"[309.28, 65]","[308.45, 100]","[340.79, 38]","[342.41, 34]",325.03,237,31.51,0.39
07:34:34,"[309.0, 99]","[308.0, 99]","[324.39, 28]","[337.22, 32]",316.7,258,15.39,0.53
07:34:35,"[309.0, 75]","[308.0, 110]","[310.75, 40]","[312.44, 16]",309.88,241,1.75,0.54
07:34:36,"[309.0, 44]","[308.0, 88]","[310.62, 13]","[315.0, 8]",309.81,153,1.62,0.73
07:34:37,"[309.0, 32]","[308.0, 88]","[310.0, 8]","[315.0, 8]",309.5,136,1.0,0.76
07:34:38,"[309.0, 15]","[308.0, 44]","[312.0, 4]","[324.0, 6]",310.5,69,3.0,0.71
07:34:39,"[313.94, 17]","[308.66, 32]","[316.33, 24]","[327.75, 16]",315.14,89,2.39,0.1
07:34:40,"[315.0, 12]","[308.0, 66]","[316.0, 30]","[318.0, 6]",315.5,114,1.0,0.37
07:34:41,"[308.0, 44]","[307.0, 4]","[316.0, 20]","[320.25, 4]",312.0,72,8.0,0.33
07:34:42,"[308.23, 40]","[307.96, 80]","[315.29, 34]","[316.24, 42]",311.76,196,7.07,0.22
07:34:43,"[308.73, 22]","[307.96, 92]","[313.8, 30]","[317.2, 50]",311.26,194,5.07,0.18
07:34:44,"[308.0, 91]","[307.0, 26]","[312.0, 45]","[315.2, 45]",310.0,207,4.0,0.13
07:34:45,"[308.0, 63]","[307.0, 18]","[310.0, 27]","[311.0, 27]",309.0,135,2.0,0.2
07:34:46,"[308.0, 97]","[307.0, 22]","[310.09, 33]","[314.26, 43]",309.05,195,2.09,0.22
07:34:47,"[308.0, 36]","[307.0, 18]","[311.0, 27]","[316.0, 45]",309.5,126,3.0,-0.14
07:34:48,"[307.64, 25]","[302.15, 26]","[310.38, 39]","[316.54, 65]",309.01,155,2.74,-0.34
07:34:49,"[307.0, 6]","[300.0, 12]","[310.0, 16]","[317.0, 30]",308.5,64,3.0,-0.44
07:34:50,"[307.38, 8]","[301.62, 13]","[309.4, 20]","[315.0, 28]",308.39,69,2.02,-0.39
07:34:51,"[306.12, 16]","[299.85, 26]","[309.77, 26]","[319.4, 25]",307.95,93,3.64,-0.1
07:34:52,"[300.0, 8]","[299.0, 16]","[308.12, 16]","[311.77, 13]",304.06,53,8.12,-0.09
07:34:53,"[300.0, 6]","[299.0, 12]","[307.0, 12]","[308.0, 12]",303.5,42,7.0,-0.14
07:34:54,"[301.0, 16]","[299.29, 17]","[305.82, 22]","[307.27, 22]",303.41,77,4.82,-0.14
07:34:55,"[301.22, 18]","[205.38, 29]","[305.84, 19]","[309.45, 20]",303.53,86,4.62,0.09
07:34:56,"[301.18, 33]","[251.76, 94]","[313.79, 14]","[317.39, 56]",307.48,197,12.6,0.29
07:34:57,"[312.61, 31]","[306.88, 16]","[314.0, 8]","[317.0, 40]",313.31,95,1.39,-0.01
07:34:58,"[313.0, 40]","[311.0, 16]","[315.88, 16]","[335.17, 36]",314.44,108,2.88,0.04
07:34:59,"[313.0, 60]","[311.0, 80]","[316.79, 57]","[380.64, 42]",314.89,239,3.79,0.17
07:35:00,"[311.51, 51]","[310.74, 123]","[315.31, 64]","[321.5, 80]",313.41,318,3.8,0.09
07:35:01,"[311.14, 147]","[308.14, 42]","[313.12, 51]","[314.87, 91]",312.13,331,1.98,0.14
07:35:02,"[311.0, 77]","[303.0, 9]","[312.14, 37]","[313.43, 42]",311.57,165,1.14,0.04
07:35:03,"[311.0, 34]","[303.0, 10]","[315.0, 50]","[322.0, 20]",313.0,114,4.0,-0.23
07:35:04,"[311.0, 21]","[303.0, 7]","[314.86, 29]","[322.0, 14]",312.93,71,3.86,-0.21
07:35:05,"[304.33, 27]","[298.5, 12]","[312.33, 24]","[318.04, 50]",308.33,113,8.0,-0.31
07:35:06,"[301.0, 18]","[297.0, 9]","[310.89, 18]","[317.86, 73]",305.94,118,9.89,-0.54
07:35:07,"[301.0, 22]","[297.0, 11]","[309.09, 22]","[314.37, 67]",305.05,122,8.09,-0.46
07:35:08,"[302.62, 52]","[299.95, 19]","[308.67, 24]","[313.61, 93]",305.64,188,6.05,-0.24
07:35:09,"[302.93, 81]","[286.63, 52]","[306.55, 33]","[312.62, 90]",304.74,256,3.62,0.04
07:35:10,"[299.17, 47]","[277.0, 44]","[312.42, 53]","[316.0, 67]",305.79,211,13.24,-0.14
07:35:11,"[310.58, 124]","[303.75, 59]","[318.0, 80]","[319.65, 46]",314.29,309,7.42,0.18
07:35:12,"[313.96, 94]","[312.74, 69]","[317.56, 45]","[318.76, 63]",315.76,271,3.6,0.2
07:35:13,"[316.0, 48]","[314.0, 55]","[317.0, 22]","[318.18, 44]",316.5,169,1.0,0.22
07:35:14,"[316.0, 12]","[314.0, 30]","[318.0, 24]","[321.0, 24]",317.0,90,2.0,-0.07
07:35:15,"[316.0, 10]","[314.0, 30]","[318.0, 24]","[321.0, 24]",317.0,88,2.0,-0.09
07:35:16,"[316.0, 8]","[314.0, 40]","[318.0, 32]","[321.0, 32]",317.0,112,2.0,-0.14
07:35:17,"[316.0, 9]","[314.0, 45]","[318.0, 36]","[321.0, 36]",317.0,126,2.0,-0.14
07:35:18,"[314.0, 7]","[313.0, 63]","[318.0, 28]","[321.0, 28]",316.0,126,4.0,0.11
07:35:19,"[314.0, 6]","[313.0, 54]","[318.0, 24]","[321.0, 24]",316.0,108,4.0,0.11
07:35:20,"[313.05, 42]","[311.33, 36]","[318.0, 40]","[321.0, 40]",315.52,158,4.95,-0.01
07:35:21,"[313.0, 60]","[312.0, 48]","[317.31, 39]","[318.75, 48]",315.15,195,4.31,0.11
07:35:22,"[313.0, 70]","[311.9, 124]","[315.84, 32]","[317.41, 51]",314.42,277,2.84,0.4
07:35:23,"[312.23, 78]","[311.63, 82]","[314.09, 11]","[323.57, 14]",313.16,185,1.86,0.73
07:35:24,"[312.16, 43]","[311.8, 90]","[318.57, 14]","[325.03, 37]",315.37,184,6.41,0.45
07:35:25,"[312.0, 132]","[309.0, 22]","[322.67, 30]","[323.44, 36]",317.33,220,10.67,0.4
07:35:26,"[312.0, 136]","[309.0, 16]","[321.12, 16]","[324.5, 32]",316.56,200,9.12,0.52
07:35:27,"[312.1, 196]","[311.62, 126]","[320.27, 30]","[324.58, 48]",316.18,400,8.16,0.61
07:35:28,"[312.0, 220]","[309.0, 20]","[317.87, 30]","[318.93, 30]",314.93,300,5.87,0.6
07:35:29,"[312.41, 138]","[311.82, 164]","[317.17, 24]","[325.0, 60]",314.79,386,4.76,0.56
07:35:30,"[315.55, 29]","[312.12, 164]","[322.33, 36]","[326.09, 55]",318.94,284,6.78,0.36
07:35:31,"[317.0, 21]","[314.0, 14]","[325.0, 28]","[327.0, 35]",321.0,98,8.0,-0.29
07:35:32,"[317.0, 9]","[314.0, 6]","[325.0, 12]","[327.0, 15]",321.0,42,8.0,-0.29
07:35:33,"[317.0, 12]","[314.0, 8]","[325.0, 16]","[327.0, 20]",321.0,56,8.0,-0.29
07:35:34,"[317.0, 24]","[314.0, 16]","[325.0, 32]","[327.0, 40]",321.0,112,8.0,-0.29
07:35:35,"[312.0, 161]","[309.0, 16]","[325.0, 32]","[327.0, 40]",318.5,249,13.0,0.42
07:35:36,"[312.04, 53]","[311.55, 40]","[325.0, 20]","[327.0, 25]",318.52,138,12.96,0.35
07:35:37,"[315.4, 35]","[312.01, 171]","[326.54, 52]","[454.37, 38]",320.97,296,11.14,0.39
07:35:38,"[316.0, 56]","[312.0, 136]","[324.0, 30]","[327.0, 33]",320.0,255,8.0,0.51
07:35:39,"[316.0, 84]","[312.23, 92]","[324.0, 48]","[327.5, 24]",320.0,248,8.0,0.42
07:35:40,"[316.0, 55]","[315.0, 8]","[324.0, 32]","[327.8, 20]",320.0,115,8.0,0.1
07:35:41,"[316.0, 18]","[315.0, 7]","[324.0, 29]","[328.0, 28]",320.0,82,8.0,-0.39
07:35:42,"[315.99, 172]","[313.3, 30]","[323.96, 68]","[327.65, 57]",319.98,327,7.96,0.24
07:35:43,"[316.0, 247]","[315.0, 13]","[321.67, 27]","[323.15, 33]",318.83,320,5.67,0.62
07:35:44,"[316.0, 239]","[315.0, 16]","[320.25, 48]","[323.96, 46]",318.12,349,4.25,0.46
07:35:45,"[316.0, 114]","[315.0, 17]","[317.94, 51]","[324.53, 49]",316.97,231,1.94,0.13
07:35:46,"[316.0, 66]","[315.0, 11]","[317.0, 33]","[331.0, 33]",316.5,143,1.0,0.08
07:35:47,"[315.56, 16]","[312.07, 122]","[325.35, 34]","[331.06, 18]",320.46,190,9.79,0.45
07:35:48,"[315.0, 3]","[312.0, 51]","[328.0, 12]","[333.0, 3]",321.5,69,13.0,0.57
07:35:49,"[315.0, 7]","[312.05, 87]","[328.0, 14]","[332.0, 14]",321.5,122,13.0,0.54
07:35:50,"[315.0, 8]","[314.0, 8]","[328.0, 16]","[332.45, 11]",321.5,43,13.0,-0.26
07:35:51,"[315.0, 8]","[314.0, 8]","[324.62, 16]","[330.18, 11]",319.81,43,9.62,-0.26
07:35:52,"[315.0, 11]","[314.0, 11]","[327.73, 22]","[331.56, 41]",321.36,85,12.73,-0.48
07:35:53,"[315.0, 15]","[314.0, 15]","[323.44, 36]","[326.24, 37]",319.22,103,8.44,-0.42
07:35:54,"[315.0, 11]","[314.0, 11]","[322.15, 26]","[324.78, 27]",318.58,75,7.15,-0.41
07:35:55,"[315.0, 15]","[314.0, 15]","[320.4, 30]","[323.94, 17]",317.7,77,5.4,-0.22
07:35:56,"[315.0, 13]","[314.0, 13]","[319.15, 26]","[328.3, 40]",317.08,92,4.15,-0.43
07:35:57,"[315.0, 8]","[314.0, 8]","[318.0, 16]","[329.0, 16]",316.5,48,3.0,-0.33
07:35:58,"[315.0, 11]","[314.0, 11]","[316.65, 23]","[319.55, 29]",315.83,74,1.65,-0.41
07:35:59,"[312.18, 76]","[311.46, 152]","[315.71, 28]","[322.58, 48]",313.95,304,3.53,0.5
07:36:00,"[312.0, 108]","[311.0, 95]","[314.94, 17]","[319.71, 34]",313.47,254,2.94,0.6
07:36:01,"[312.0, 83]","[311.0, 91]","[313.02, 49]","[314.14, 14]",312.51,237,1.02,0.47
07:36:02,"[311.09, 85]","[309.23, 124]","[312.62, 52]","[322.55, 31]",311.85,292,1.52,0.43
07:36:03,"[311.38, 106]","[310.09, 88]","[315.97, 39]","[325.44, 36]",313.68,269,4.6,0.44
07:36:04,"[312.0, 40]","[311.0, 48]","[323.0, 16]","[328.0, 32]",317.5,136,11.0,0.29
07:36:05,"[312.0, 38]","[311.0, 60]","[323.0, 20]","[328.0, 40]",317.5,158,11.0,0.24
07:36:06,"[312.75, 16]","[311.05, 38]","[323.0, 14]","[328.0, 28]",317.88,96,10.25,0.12
07:36:07,"[315.0, 36]","[312.0, 18]","[323.0, 18]","[328.0, 36]",319.0,108,8.0,0.0
07:36:08,"[315.0, 48]","[312.0, 24]","[323.0, 24]","[328.0, 48]",319.0,144,8.0,0.0
07:36:09,"[315.0, 40]","[313.67, 60]","[328.0, 40]","[330.0, 10]",321.5,150,13.0,0.33
07:36:10,"[313.58, 62]","[311.76, 42]","[322.71, 68]","[328.07, 55]",318.14,227,9.13,-0.08
07:36:11,"[311.0, 60]","[309.0, 60]","[321.44, 39]","[323.18, 49]",316.22,208,10.44,0.15
07:36:12,"[311.0, 45]","[309.0, 45]","[318.33, 18]","[322.29, 21]",314.67,129,7.33,0.4
07:36:13,"[311.0, 50]","[309.0, 50]","[316.4, 20]","[324.83, 42]",313.7,162,5.4,0.23
07:36:14,"[310.03, 34]","[308.79, 38]","[314.25, 24]","[324.0, 12]",312.14,108,4.22,0.33
07:36:15,"[310.0, 24]","[308.08, 13]","[312.0, 16]","[324.62, 8]",311.0,61,2.0,0.21
07:36:16,"[310.0, 21]","[308.0, 14]","[311.29, 14]","[325.0, 12]",310.64,61,1.29,0.15
07:36:17,"[310.0, 24]","[308.0, 16]","[321.8, 20]","[325.07, 41]",315.9,101,11.8,-0.21
07:36:18,"[310.0, 36]","[308.0, 24]","[320.78, 45]","[322.82, 74]",315.39,179,10.78,-0.33
07:36:19,"[310.0, 39]","[308.0, 26]","[317.69, 32]","[319.07, 59]",313.84,156,7.69,-0.17
07:36:20,"[310.0, 21]","[308.0, 14]","[315.0, 35]","[316.0, 14]",312.5,84,5.0,-0.17
07:36:21,"[311.6, 40]","[310.29, 34]","[314.61, 41]","[315.2, 50]",313.1,165,3.01,-0.1
07:36:22,"[311.38, 42]","[309.82, 33]","[313.62, 40]","[316.71, 70]",312.5,185,2.24,-0.19
07:36:23,"[309.74, 35]","[305.43, 42]","[313.55, 47]","[315.57, 51]",311.65,175,3.81,-0.12
07:36:24,"[307.0, 13]","[301.19, 74]","[311.21, 58]","[312.85, 55]",309.1,200,4.21,-0.13
07:36:25,"[307.56, 18]","[300.84, 51]","[309.23, 65]","[315.15, 52]",308.39,186,1.68,-0.26
07:36:26,"[304.83, 30]","[303.32, 77]","[308.3, 50]","[320.0, 50]",306.57,207,3.47,0.03
07:36:27,"[300.0, 126]","[296.0, 144]","[315.57, 75]","[321.2, 83]",307.79,428,15.57,0.26
07:36:28,"[300.0, 105]","[296.0, 120]","[314.59, 37]","[316.3, 27]",307.3,289,14.59,0.56
07:36:29,"[302.67, 45]","[297.33, 60]","[309.7, 20]","[313.84, 31]",306.18,156,7.03,0.35
07:36:30,"[306.6, 15]","[298.75, 24]","[313.77, 13]","[315.83, 24]",310.18,76,7.17,0.03
07:36:31,"[301.0, 8]","[300.0, 16]","[312.38, 8]","[316.0, 32]",306.69,64,11.38,-0.25
07:36:32,"[303.6, 10]","[300.2, 15]","[312.0, 8]","[314.5, 32]",307.8,65,8.4,-0.23
07:36:33,"[307.19, 26]","[305.73, 22]","[312.0, 12]","[314.0, 48]",309.6,108,4.81,-0.11
07:36:34,"[303.89, 38]","[296.78, 69]","[312.0, 15]","[314.0, 60]",307.95,182,8.11,0.18
07:36:35,"[311.0, 120]","[306.4, 60]","[312.0, 10]","[314.0, 40]",311.5,230,1.0,0.57
07:36:36,"[311.0, 108]","[303.81, 84]","[312.0, 9]","[314.0, 36]",311.5,237,1.0,0.62
07:36:37,"[311.0, 168]","[308.17, 36]","[315.14, 35]","[316.03, 35]",313.07,274,4.14,0.49
07:36:38,"[311.0, 72]","[310.0, 13]","[312.54, 37]","[317.23, 52]",311.77,174,1.54,-0.02
07:36:39,"[311.0, 24]","[310.0, 8]","[312.0, 16]","[317.25, 32]",311.5,80,1.0,-0.2
07:36:40,"[310.95, 19]","[309.33, 9]","[312.0, 14]","[318.0, 28]",311.47,70,1.05,-0.2
07:36:41,"[310.0, 11]","[308.0, 33]","[317.0, 23]","[316.44, 25]",313.5,92,7.0,-0.04
07:36:42,"[310.0, 7]","[308.0, 21]","[322.0, 28]","[324.29, 7]",316.0,63,12.0,-0.11
07:36:43,"[310.51, 41]","[308.05, 40]","[315.17, 48]","[322.06, 54]",312.84,183,4.65,-0.11
07:36:44,"[308.0, 24]","[307.0, 48]","[317.73, 22]","[321.83, 41]",312.86,135,9.73,0.07
07:36:45,"[308.0, 12]","[304.13, 92]","[311.6, 50]","[316.22, 18]",309.8,172,3.6,0.21
07:36:46,"[308.0, 15]","[304.6, 50]","[310.56, 27]","[311.98, 63]",309.28,155,2.56,-0.16
07:36:47,"[308.0, 10]","[307.0, 10]","[310.0, 10]","[312.0, 50]",309.0,80,2.0,-0.5
07:36:48,"[307.29, 14]","[298.56, 59]","[311.29, 14]","[314.51, 67]",309.29,154,4.0,-0.05
07:36:49,"[301.13, 31]","[298.24, 58]","[312.67, 18]","[325.11, 54]",306.9,161,11.54,0.11
07:36:50,"[304.15, 26]","[302.64, 22]","[323.03, 71]","[478.25, 71]",313.59,190,18.87,-0.49
07:36:51,"[315.0, 20]","[308.0, 10]","[323.0, 50]","[468.89, 45]",319.0,125,8.0,-0.52
07:36:52,"[315.0, 14]","[308.5, 8]","[323.0, 35]","[461.55, 22]",319.0,79,8.0,-0.44
07:36:53,"[315.0, 16]","[310.0, 16]","[323.0, 40]","[528.78, 18]",319.0,90,8.0,-0.29
07:36:54,"[315.0, 14]","[310.0, 14]","[323.0, 35]","[493.44, 18]",319.0,81,8.0,-0.31
07:36:55,"[315.0, 70]","[310.0, 22]","[322.06, 77]","[326.9, 20]",318.53,189,7.06,-0.03
07:36:56,"[315.0, 97]","[310.0, 22]","[321.71, 68]","[322.23, 26]",318.35,213,6.71,0.12
07:36:57,"[315.0, 70]","[311.62, 32]","[319.9, 40]","[322.0, 40]",317.45,182,4.9,0.12
07:36:58,"[315.0, 111]","[312.0, 112]","[317.43, 56]","[323.82, 39]",316.21,318,2.43,0.4
07:36:59,"[315.0, 32]","[312.0, 56]","[325.4, 20]","[328.31, 13]",320.2,121,10.4,0.45
07:37:00,"[315.0, 52]","[312.0, 104]","[326.54, 26]","[329.0, 31]",320.77,213,11.54,0.46
07:37:01,"[315.0, 32]","[312.0, 64]","[325.79, 14]","[329.6, 40]",320.39,150,10.79,0.28
07:37:02,"[315.0, 70]","[312.12, 127]","[322.0, 25]","[323.69, 32]",318.5,254,7.0,0.55
07:37:03,"[315.0, 12]","[313.25, 24]","[319.04, 23]","[320.31, 13]",317.02,72,4.04,0.0
07:37:04,"[315.0, 11]","[314.0, 11]","[317.92, 12]","[319.05, 21]",316.46,55,2.92,-0.2
07:37:05,"[314.17, 12]","[313.06, 32]","[315.11, 36]","[317.5, 16]",314.64,96,0.94,-0.08
07:37:06,"[314.0, 14]","[313.0, 42]","[315.0, 70]","[316.0, 14]",314.5,140,1.0,-0.2
07:37:07,"[312.83, 47]","[311.96, 106]","[314.59, 59]","[319.14, 28]",313.71,240,1.76,0.28
07:37:08,"[312.0, 82]","[310.0, 28]","[317.31, 26]","[319.63, 35]",314.65,171,5.31,0.29
07:37:09,"[312.0, 27]","[310.0, 28]","[313.45, 22]","[314.88, 25]",312.73,102,1.45,0.08
07:37:10,"[310.12, 16]","[308.24, 17]","[311.77, 52]","[315.71, 34]",310.95,119,1.64,-0.45
07:37:11,"[307.57, 21]","[304.3, 23]","[310.62, 37]","[311.47, 30]",309.1,111,3.05,-0.21
07:37:12,"[304.0, 40]","[302.85, 65]","[307.87, 15]","[313.07, 28]",305.93,148,3.87,0.42
07:37:13,"[302.69, 45]","[300.21, 34]","[313.36, 14]","[320.34, 32]",308.02,125,10.67,0.26
07:37:14,"[301.0, 16]","[286.86, 14]","[318.4, 10]","[325.0, 40]",309.7,80,17.4,-0.25
07:37:15,"[301.0, 116]","[277.0, 30]","[315.61, 18]","[319.48, 56]",308.31,220,14.61,0.33
07:37:16,"[303.17, 48]","[294.11, 63]","[314.0, 12]","[316.0, 68]",308.58,191,10.83,0.16
07:37:17,"[312.0, 87]","[309.0, 22]","[314.0, 11]","[316.0, 55]",313.0,175,2.0,0.25
07:37:18,"[312.0, 104]","[309.0, 16]","[315.29, 14]","[317.12, 40]",313.64,174,3.29,0.38
07:37:19,"[312.0, 116]","[309.0, 16]","[316.0, 24]","[319.0, 40]",314.0,196,4.0,0.35
07:37:20,"[312.5, 16]","[311.89, 57]","[316.0, 18]","[319.0, 30]",314.25,121,3.5,0.21
07:37:21,"[314.0, 8]","[312.0, 88]","[316.0, 24]","[319.0, 40]",315.0,160,2.0,0.2
07:37:22,"[314.0, 6]","[312.0, 66]","[316.0, 18]","[319.0, 30]",315.0,120,2.0,0.2
07:37:23,"[313.2, 20]","[311.99, 133]","[315.04, 75]","[318.37, 57]",314.12,285,1.84,0.07
07:37:24,"[312.0, 56]","[311.0, 7]","[315.0, 49]","[319.0, 35]",313.5,147,3.0,-0.14
07:37:25,"[312.2, 50]","[311.94, 85]","[314.84, 92]","[322.01, 67]",313.52,294,2.64,-0.08
07:37:26,"[312.0, 64]","[311.0, 8]","[313.38, 24]","[317.62, 24]",312.69,120,1.38,0.2
07:37:27,"[311.87, 23]","[308.12, 16]","[316.0, 30]","[322.29, 42]",313.93,111,4.13,-0.3
07:37:28,"[313.0, 7]","[311.0, 7]","[318.24, 17]","[321.09, 11]",315.62,42,5.24,-0.33
07:37:29,"[310.6, 25]","[307.16, 25]","[319.65, 17]","[321.69, 39]",315.12,106,9.05,-0.06
07:37:30,"[308.73, 33]","[305.0, 45]","[319.0, 15]","[322.0, 30]",313.86,123,10.27,0.27
07:37:31,"[308.35, 23]","[304.67, 27]","[318.64, 11]","[321.33, 9]",313.49,70,10.29,0.43
07:37:32,"[312.9, 31]","[306.86, 42]","[317.23, 26]","[319.14, 14]",315.07,113,4.33,0.29
07:37:33,"[310.94, 156]","[307.73, 45]","[317.0, 15]","[318.4, 15]",313.97,231,6.06,0.74
07:37:34,"[311.0, 63]","[308.0, 27]","[315.89, 9]","[318.0, 9]",313.44,108,4.89,0.67
07:37:35,"[311.0, 84]","[308.0, 36]","[314.17, 12]","[317.53, 30]",312.58,162,3.17,0.48
07:37:36,"[311.0, 25]","[308.0, 30]","[312.1, 10]","[317.36, 22]",311.55,87,1.1,0.26
07:37:37,"[311.0, 18]","[308.0, 27]","[312.0, 9]","[319.0, 27]",311.5,81,1.0,0.11
07:37:38,"[308.5, 36]","[303.76, 59]","[311.38, 13]","[318.69, 39]",309.94,147,2.88,0.29
07:37:39,"[308.0, 33]","[303.0, 55]","[310.0, 11]","[318.0, 33]",309.0,132,2.0,0.33
07:37:40,"[308.0, 33]","[303.0, 55]","[310.0, 11]","[318.0, 33]",309.0,132,2.0,0.33
07:37:41,"[308.0, 15]","[303.0, 55]","[309.45, 11]","[317.58, 24]",308.73,105,1.45,0.33
07:37:42,"[304.21, 33]","[302.56, 45]","[312.89, 18]","[316.24, 21]",308.55,117,8.68,0.33
07:37:43,"[303.0, 30]","[299.0, 6]","[316.0, 12]","[317.0, 6]",309.5,54,13.0,0.33
07:37:44,"[303.0, 60]","[299.0, 12]","[315.14, 29]","[315.72, 25]",309.07,126,12.14,0.14
07:37:45,"[303.0, 80]","[299.0, 16]","[312.76, 45]","[314.37, 35]",307.88,176,9.76,0.09
07:37:46,"[307.33, 49]","[303.24, 54]","[311.74, 34]","[312.36, 36]",309.53,173,4.41,0.19
07:37:47,"[314.76, 97]","[306.0, 44]","[318.0, 26]","[319.0, 13]",316.38,180,3.24,0.57
07:37:48,"[316.0, 99]","[313.0, 22]","[318.0, 22]","[321.9, 29]",317.0,172,2.0,0.41
07:37:49,"[316.0, 55]","[313.0, 18]","[318.0, 18]","[322.0, 9]",317.0,100,2.0,0.46
07:37:50,"[316.0, 27]","[313.0, 18]","[318.0, 18]","[322.0, 9]",317.0,72,2.0,0.25
07:37:51,"[313.65, 34]","[309.94, 32]","[318.0, 20]","[322.0, 10]",315.82,96,4.35,0.38
07:37:52,"[311.0, 36]","[309.0, 9]","[318.0, 18]","[322.0, 9]",314.5,72,7.0,0.25
07:37:53,"[311.0, 48]","[309.0, 12]","[318.0, 24]","[322.0, 12]",314.5,96,7.0,0.25
07:37:54,"[311.0, 36]","[309.0, 9]","[318.0, 18]","[322.0, 9]",314.5,72,7.0,0.25
07:37:55,"[311.0, 44]","[309.0, 11]","[318.0, 22]","[322.31, 13]",314.5,90,7.0,0.22
07:37:56,"[311.0, 72]","[309.0, 18]","[318.0, 36]","[322.71, 42]",314.5,168,7.0,0.07
07:37:57,"[311.0, 48]","[309.0, 12]","[316.58, 48]","[319.28, 36]",313.79,144,5.58,-0.17
07:37:58,"[311.76, 83]","[310.76, 41]","[314.71, 56]","[322.67, 30]",313.24,210,2.96,0.18
07:37:59,"[312.0, 89]","[311.0, 56]","[315.77, 26]","[323.79, 48]",313.88,219,3.77,0.32
07:38:00,"[312.0, 90]","[311.0, 148]","[323.4, 30]","[324.72, 50]",317.7,318,11.4,0.5
07:38:01,"[311.36, 28]","[310.38, 29]","[315.79, 42]","[322.04, 26]",313.57,125,4.43,-0.09
07:38:02,"[311.47, 19]","[310.57, 23]","[314.64, 70]","[316.0, 14]",313.06,126,3.17,-0.33
07:38:03,"[311.31, 16]","[310.06, 81]","[313.62, 32]","[314.12, 64]",312.47,193,2.31,0.01
07:38:04,"[310.01, 141]","[309.46, 24]","[311.11, 55]","[314.59, 29]",310.56,249,1.1,0.33
07:38:05,"[309.24, 34]","[307.95, 63]","[311.21, 42]","[323.06, 32]",310.22,171,1.98,0.13
07:38:06,"[308.32, 74]","[307.71, 85]","[322.62, 32]","[323.77, 26]",315.47,217,14.3,0.47
07:38:07,"[311.31, 39]","[310.18, 102]","[321.48, 100]","[322.31, 52]",316.39,293,10.17,-0.04
07:38:08,"[315.0, 12]","[314.0, 36]","[318.92, 48]","[322.0, 48]",316.96,144,3.92,-0.33
07:38:09,"[315.0, 11]","[314.0, 33]","[318.0, 44]","[325.27, 30]",316.5,118,3.0,-0.25
07:38:10,"[314.53, 19]","[313.67, 36]","[318.22, 46]","[329.46, 26]",316.37,127,3.69,-0.13
07:38:11,"[314.0, 30]","[312.0, 22]","[329.92, 26]","[332.33, 24]",321.96,102,15.92,0.02
07:38:12,"[312.22, 27]","[308.21, 116]","[328.1, 29]","[330.07, 30]",320.16,202,15.88,0.42
07:38:13,"[309.09, 77]","[307.6, 77]","[323.81, 32]","[324.89, 38]",316.45,224,14.72,0.38
07:38:14,"[308.0, 152]","[303.0, 19]","[313.66, 61]","[318.8, 44]",310.83,276,5.66,0.24
07:38:15,"[308.0, 88]","[303.0, 11]","[309.0, 22]","[320.18, 11]",308.5,132,1.0,0.5
07:38:16,"[308.0, 40]","[303.0, 15]","[314.7, 20]","[321.8, 15]",311.35,90,6.7,0.22
07:38:17,"[308.0, 26]","[303.0, 13]","[319.08, 13]","[321.0, 13]",313.54,65,11.08,0.2
07:38:18,"[308.0, 36]","[303.0, 18]","[312.27, 62]","[315.33, 30]",310.14,146,4.27,-0.26
07:38:19,"[307.21, 19]","[301.94, 17]","[309.36, 11]","[311.63, 19]",308.29,66,2.15,0.09
07:38:20,"[303.0, 10]","[301.0, 30]","[307.6, 10]","[315.0, 10]",305.3,60,4.6,0.33
07:38:21,"[301.46, 48]","[299.24, 102]","[307.0, 13]","[315.77, 13]",304.23,176,5.54,0.7
07:38:22,"[302.0, 98]","[299.57, 84]","[313.21, 14]","[321.25, 24]",307.61,220,11.21,0.65
07:38:23,"[302.0, 49]","[299.57, 70]","[320.0, 7]","[322.38, 16]",311.0,142,18.0,0.68
07:38:24,"[302.0, 63]","[300.0, 90]","[319.14, 14]","[322.11, 18]",310.57,185,17.14,0.65
07:38:25,"[302.0, 79]","[300.0, 110]","[318.07, 29]","[319.75, 16]",310.03,234,16.07,0.62
07:38:26,"[302.46, 91]","[300.11, 87]","[317.12, 48]","[318.65, 34]",309.79,260,14.66,0.37
07:38:27,"[301.0, 12]","[300.0, 120]","[316.0, 24]","[318.0, 12]",308.5,168,15.0,0.57
07:38:28,"[303.22, 67]","[299.71, 49]","[315.8, 25]","[317.25, 16]",309.51,157,12.58,0.48
07:38:29,"[312.0, 42]","[300.0, 98]","[313.4, 47]","[314.48, 25]",312.7,212,1.4,0.32
07:38:30,"[308.43, 47]","[299.95, 79]","[313.0, 52]","[314.0, 26]",310.71,204,4.57,0.24
07:38:31,"[299.0, 98]","[298.0, 14]","[312.33, 36]","[313.0, 48]",305.67,196,13.33,0.14
07:38:32,"[299.59, 46]","[298.63, 19]","[310.29, 28]","[311.6, 30]",304.94,123,10.7,0.06
07:38:33,"[300.19, 54]","[299.05, 41]","[310.5, 32]","[311.92, 52]",305.34,179,10.31,0.06
07:38:34,"[302.33, 36]","[299.25, 96]","[310.48, 33]","[311.65, 37]",306.41,202,8.15,0.31
07:38:35,"[305.22, 98]","[304.22, 92]","[308.04, 56]","[310.86, 44]",306.63,290,2.81,0.31
07:38:36,"[302.38, 104]","[296.28, 36]","[307.07, 45]","[314.0, 30]",304.73,215,4.68,0.3
07:38:37,"[299.57, 115]","[297.66, 70]","[316.68, 50]","[318.58, 48]",308.12,283,17.11,0.31
07:38:38,"[314.0, 70]","[300.0, 100]","[318.0, 40]","[319.0, 40]",316.0,250,4.0,0.36
07:38:39,"[314.0, 27]","[304.88, 32]","[318.0, 20]","[319.0, 20]",316.0,99,4.0,0.19
07:38:40,"[314.0, 110]","[313.0, 40]","[318.0, 40]","[319.0, 40]",316.0,230,4.0,0.3
07:38:41,"[314.0, 91]","[313.0, 28]","[317.6, 20]","[318.48, 25]",315.8,164,3.6,0.45
07:38:42,"[314.0, 143]","[313.0, 44]","[317.0, 22]","[318.45, 11]",315.5,220,3.0,0.7
07:38:43,"[314.0, 170]","[313.0, 56]","[318.59, 34]","[321.19, 26]",316.29,286,4.59,0.58
07:38:44,"[314.0, 44]","[313.0, 16]","[321.0, 16]","[324.0, 4]",317.5,80,7.0,0.5
07:38:45,"[314.0, 88]","[313.0, 52]","[321.0, 52]","[324.0, 13]",317.5,205,7.0,0.37
07:38:46,"[314.0, 48]","[313.0, 60]","[318.19, 42]","[318.69, 35]",316.1,185,4.19,0.17
07:38:47,"[314.0, 36]","[313.0, 48]","[315.75, 24]","[317.0, 24]",314.88,132,1.75,0.27
07:38:48,"[313.41, 17]","[312.0, 40]","[316.4, 20]","[322.73, 11]",314.91,88,2.99,0.3
07:38:49,"[313.0, 30]","[311.0, 60]","[315.0, 30]","[324.98, 43]",314.0,163,2.0,0.1
07:38:50,"[313.0, 16]","[311.0, 32]","[314.0, 16]","[325.2, 20]",313.5,84,1.0,0.14
07:38:51,"[313.0, 16]","[311.0, 32]","[314.0, 16]","[325.2, 20]",313.5,84,1.0,0.14
07:38:52,"[313.0, 18]","[311.0, 36]","[314.0, 18]","[325.0, 27]",313.5,99,1.0,0.09
07:38:53,"[311.32, 38]","[306.6, 20]","[313.36, 22]","[323.36, 33]",312.34,113,2.05,0.03
07:38:54,"[300.0, 8]","[297.0, 48]","[312.25, 16]","[322.0, 24]",306.12,96,12.25,0.17
07:38:55,"[301.75, 16]","[298.62, 26]","[311.94, 32]","[322.84, 55]",306.84,129,10.19,-0.35
07:38:56,"[305.04, 93]","[302.57, 21]","[310.1, 42]","[312.64, 44]",307.57,200,5.05,0.14
07:38:57,"[308.37, 102]","[308.0, 88]","[310.94, 36]","[322.8, 121]",309.66,347,2.57,0.1
07:38:58,"[310.82, 40]","[309.75, 60]","[321.0, 30]","[323.04, 100]",315.91,230,10.18,-0.13
07:38:59,"[313.56, 18]","[311.0, 90]","[320.2, 30]","[322.93, 90]",316.88,228,6.64,-0.05
07:39:00,"[314.0, 12]","[311.83, 60]","[319.0, 76]","[322.0, 12]",316.5,160,5.0,-0.1
07:39:01,"[314.0, 33]","[312.0, 65]","[319.0, 64]","[327.6, 15]",316.5,177,5.0,0.11
07:39:02,"[314.0, 36]","[312.0, 30]","[318.32, 28]","[319.62, 24]",316.16,118,4.32,0.12
07:39:03,"[314.0, 52]","[312.0, 50]","[318.0, 70]","[319.82, 51]",316.0,223,4.0,-0.09
07:39:04,"[312.48, 33]","[311.67, 30]","[318.0, 70]","[320.0, 60]",315.24,193,5.52,-0.35
07:39:05,"[312.0, 55]","[310.96, 83]","[318.0, 77]","[320.0, 66]",315.0,281,6.0,-0.02
07:39:06,"[312.76, 21]","[311.8, 50]","[318.0, 63]","[320.0, 54]",315.38,188,5.24,-0.24
07:39:07,"[313.08, 26]","[312.0, 65]","[318.0, 91]","[320.0, 66]",315.54,248,4.92,-0.27
07:39:08,"[314.0, 24]","[312.0, 60]","[318.0, 84]","[320.0, 36]",316.0,204,4.0,-0.18
07:39:09,"[314.0, 20]","[312.0, 50]","[316.12, 56]","[318.15, 52]",315.06,178,2.12,-0.21
07:39:10,"[314.0, 32]","[311.52, 105]","[317.27, 62]","[319.59, 32]",315.64,231,3.27,0.19
07:39:11,"[314.0, 22]","[311.0, 118]","[315.91, 33]","[321.0, 23]",314.95,196,1.91,0.43
07:39:12,"[311.96, 127]","[310.86, 177]","[317.06, 32]","[322.49, 59]",314.51,395,5.1,0.54
07:39:13,"[312.56, 160]","[311.0, 176]","[320.07, 42]","[321.96, 25]",316.32,403,7.51,0.67
07:39:14,"[313.0, 130]","[311.0, 187]","[316.24, 41]","[317.74, 27]",314.62,385,3.24,0.65
07:39:15,"[313.0, 39]","[311.0, 99]","[314.29, 21]","[322.94, 34]",313.64,193,1.29,0.43
07:39:16,"[313.22, 37]","[311.08, 103]","[320.82, 44]","[329.43, 58]",317.02,242,7.6,0.16
07:39:17,"[315.0, 10]","[313.0, 10]","[328.76, 42]","[329.83, 48]",321.88,110,13.76,-0.64
07:39:18,"[315.0, 10]","[313.0, 10]","[326.95, 42]","[329.21, 48]",320.98,110,11.95,-0.64
07:39:19,"[311.61, 59]","[310.93, 29]","[325.07, 54]","[326.67, 30]",318.34,172,13.46,0.02
07:39:20,"[311.0, 100]","[310.0, 40]","[324.7, 50]","[326.8, 10]",317.85,200,13.7,0.4
07:39:21,"[311.0, 150]","[310.0, 60]","[323.36, 55]","[324.44, 45]",317.18,310,12.36,0.35
07:39:22,"[311.0, 86]","[310.0, 52]","[320.54, 65]","[322.75, 72]",315.77,275,9.54,0.0
07:39:23,"[311.0, 37]","[310.0, 48]","[319.0, 60]","[321.0, 60]",315.0,205,8.0,-0.17
07:39:24,"[311.0, 13]","[310.0, 52]","[318.54, 65]","[321.0, 65]",314.77,195,7.54,-0.33
07:39:25,"[311.4, 25]","[310.08, 65]","[316.22, 82]","[317.2, 64]",313.81,236,4.82,-0.24
07:39:26,"[310.09, 11]","[308.1, 84]","[314.06, 49]","[315.13, 39]",312.08,183,3.97,0.04
07:39:27,"[308.75, 32]","[307.86, 112]","[311.25, 48]","[314.0, 80]",310.0,272,2.5,0.06
07:39:28,"[308.0, 65]","[307.0, 52]","[309.39, 38]","[311.33, 45]",308.7,200,1.39,0.17
07:39:29,"[307.56, 18]","[306.67, 24]","[311.5, 12]","[325.09, 11]",309.53,65,3.94,0.29
07:39:30,"[307.0, 24]","[305.0, 12]","[324.0, 6]","[325.6, 15]",315.5,57,17.0,0.26
07:39:31,"[309.2, 40]","[307.0, 40]","[324.0, 10]","[325.0, 20]",316.6,110,14.8,0.45
07:39:32,"[311.85, 52]","[307.0, 52]","[323.09, 33]","[324.62, 16]",317.47,153,11.24,0.36
07:39:33,"[314.0, 88]","[306.77, 91]","[319.55, 66]","[324.42, 36]",316.77,281,5.55,0.27
07:39:34,"[314.0, 48]","[306.09, 34]","[316.58, 36]","[325.0, 12]",315.29,130,2.58,0.26
07:39:35,"[314.0, 28]","[311.0, 24]","[315.0, 21]","[325.29, 7]",314.5,80,1.0,0.3
07:39:36,"[311.32, 37]","[308.07, 15]","[313.6, 47]","[316.24, 34]",312.46,133,2.27,-0.22
07:39:37,"[307.0, 7]","[304.0, 63]","[311.43, 35]","[317.59, 29]",309.21,134,4.43,0.04
07:39:38,"[307.0, 11]","[304.0, 99]","[309.81, 37]","[314.13, 45]",308.41,192,2.81,0.15
07:39:39,"[307.0, 3]","[304.0, 27]","[309.0, 6]","[310.0, 15]",308.0,51,2.0,0.18
07:39:40,"[305.69, 36]","[303.99, 89]","[310.12, 56]","[318.8, 44]",307.91,225,4.43,0.11
07:39:41,"[314.69, 29]","[306.63, 43]","[321.0, 45]","[323.0, 75]",317.84,192,6.31,-0.25
07:39:42,"[306.55, 11]","[302.26, 105]","[321.98, 41]","[323.19, 43]",314.26,200,15.43,0.16
07:39:43,"[308.73, 15]","[304.57, 93]","[320.59, 61]","[323.47, 66]",314.66,235,11.86,-0.08
07:39:44,"[314.74, 23]","[310.93, 27]","[322.03, 36]","[326.77, 35]",318.38,121,7.29,-0.17
07:39:45,"[312.5, 36]","[310.95, 19]","[315.86, 44]","[322.69, 35]",314.18,134,3.36,-0.18
07:39:46,"[309.77, 53]","[305.17, 41]","[314.47, 58]","[321.63, 43]",312.12,195,4.69,-0.04
07:39:47,"[307.55, 31]","[303.65, 82]","[320.31, 13]","[322.92, 26]",313.93,152,12.76,0.49
07:39:48,"[311.25, 16]","[306.33, 24]","[319.0, 11]","[326.0, 22]",315.12,73,7.75,0.1
07:39:49,"[305.0, 42]","[301.0, 24]","[318.08, 12]","[325.33, 24]",311.54,102,13.08,0.29
07:39:50,"[305.0, 15]","[301.0, 10]","[318.0, 5]","[325.0, 10]",311.5,40,13.0,0.25
07:39:51,"[305.0, 24]","[301.0, 16]","[317.12, 8]","[324.67, 18]",311.06,66,12.12,0.21
07:39:52,"[305.0, 27]","[301.0, 18]","[316.67, 9]","[323.78, 27]",310.83,81,11.67,0.11
07:39:53,"[306.42, 186]","[304.53, 51]","[315.24, 17]","[322.0, 106]",310.83,360,8.82,0.32
07:39:54,"[307.87, 180]","[305.0, 45]","[313.78, 27]","[320.06, 54]",310.82,306,5.91,0.47
07:39:55,"[308.0, 166]","[305.0, 45]","[312.55, 55]","[312.57, 35]",310.27,301,4.55,0.4
07:39:56,"[308.68, 94]","[305.99, 67]","[311.8, 41]","[312.38, 37]",310.24,239,3.12,0.35
07:39:57,"[309.65, 114]","[303.3, 47]","[311.21, 47]","[314.0, 13]",310.43,221,1.56,0.46
07:39:58,"[304.33, 64]","[299.0, 34]","[312.27, 22]","[317.67, 52]",308.3,172,7.94,0.14
07:39:59,"[302.0, 65]","[300.89, 37]","[311.46, 41]","[311.38, 37]",306.73,180,9.46,0.13
07:40:00,"[302.0, 61]","[300.56, 27]","[308.05, 19]","[310.44, 32]",305.03,139,6.05,0.27
07:40:01,"[302.0, 91]","[295.26, 38]","[305.69, 26]","[308.65, 17]",303.85,172,3.69,0.5
07:40:02,"[302.0, 83]","[295.0, 39]","[311.1, 49]","[315.56, 36]",306.55,207,9.1,0.18
07:40:03,"[302.0, 24]","[295.0, 24]","[312.0, 40]","[317.0, 48]",307.0,136,10.0,-0.29
07:40:04,"[302.0, 21]","[295.0, 21]","[312.0, 35]","[317.0, 42]",307.0,119,10.0,-0.29
07:40:05,"[302.0, 34]","[295.0, 36]","[312.0, 36]","[317.0, 72]",307.0,178,10.0,-0.21
07:40:06,"[302.38, 13]","[298.18, 22]","[314.14, 14]","[317.04, 50]",308.26,99,11.76,-0.29
07:40:07,"[310.82, 34]","[305.44, 25]","[317.0, 66]","[318.0, 22]",313.91,147,6.18,-0.2
07:40:08,"[314.5, 14]","[313.0, 70]","[316.85, 78]","[317.65, 34]",315.67,196,2.35,-0.14
07:40:09,"[313.21, 38]","[312.33, 30]","[315.93, 56]","[317.67, 36]",314.57,160,2.72,-0.15
07:40:10,"[313.0, 42]","[311.0, 14]","[314.87, 46]","[319.2, 30]",313.93,132,1.87,-0.15
07:40:11,"[314.0, 15]","[313.0, 45]","[317.2, 15]","[319.0, 30]",315.6,105,3.2,0.14
07:40:12,"[313.37, 19]","[312.68, 25]","[315.14, 35]","[320.75, 24]",314.26,103,1.77,-0.15
07:40:13,"[312.73, 37]","[310.12, 17]","[314.4, 75]","[325.88, 34]",313.56,163,1.67,-0.34
07:40:14,"[309.0, 12]","[308.0, 36]","[312.33, 60]","[327.0, 24]",310.67,132,3.33,-0.27
07:40:15,"[309.0, 12]","[308.0, 36]","[312.0, 60]","[326.0, 32]",310.5,140,3.0,-0.31
07:40:16,"[309.0, 9]","[308.0, 27]","[311.33, 45]","[322.67, 18]",310.17,99,2.33,-0.27
07:40:17,"[309.0, 4]","[308.0, 12]","[311.0, 20]","[322.0, 8]",310.0,44,2.0,-0.27
07:40:18,"[309.0, 9]","[308.0, 27]","[311.0, 45]","[322.97, 69]",310.0,150,2.0,-0.52
07:40:19,"[309.0, 12]","[308.0, 36]","[310.17, 60]","[321.86, 63]",309.58,171,1.17,-0.44
07:40:20,"[307.79, 34]","[302.0, 54]","[310.94, 78]","[321.3, 66]",309.37,232,3.14,-0.24
07:40:21,"[309.02, 57]","[299.61, 84]","[320.04, 54]","[323.94, 64]",314.53,259,11.02,0.09
07:40:22,"[306.17, 115]","[304.16, 37]","[317.52, 66]","[319.11, 84]",311.84,302,11.34,0.01
07:40:23,"[301.21, 196]","[300.0, 14]","[312.6, 60]","[315.0, 44]",306.91,314,11.39,0.34
07:40:24,"[301.2, 180]","[300.78, 54]","[311.58, 48]","[314.33, 60]",306.39,342,10.38,0.37
07:40:25,"[302.15, 59]","[300.97, 98]","[312.62, 32]","[314.22, 72]",307.39,261,10.47,0.2
07:40:26,"[305.0, 8]","[301.0, 8]","[312.0, 8]","[313.24, 37]",308.5,61,7.0,-0.48
07:40:27,"[305.0, 2]","[301.0, 2]","[312.0, 2]","[314.0, 18]",308.5,24,7.0,-0.67
07:40:28,"[305.0, 10]","[301.0, 10]","[311.3, 10]","[313.9, 80]",308.15,110,6.3,-0.64
07:40:29,"[305.0, 10]","[301.0, 10]","[310.7, 10]","[313.0, 40]",307.85,70,5.7,-0.43
07:40:30,"[305.0, 13]","[301.0, 13]","[307.38, 13]","[313.58, 77]",306.19,116,2.38,-0.55
07:40:31,"[305.0, 8]","[301.0, 8]","[307.0, 8]","[313.0, 32]",306.0,56,2.0,-0.43
07:40:32,"[302.09, 11]","[300.03, 115]","[313.91, 32]","[315.78, 51]",308.0,209,11.82,0.21
07:40:33,"[305.88, 16]","[300.0, 211]","[315.07, 45]","[316.72, 75]",310.47,347,9.19,0.31
07:40:34,"[307.0, 15]","[300.0, 125]","[314.14, 58]","[315.95, 44]",310.57,242,7.14,0.16
07:40:35,"[307.75, 16]","[300.75, 68]","[314.35, 68]","[316.56, 68]",311.05,220,6.6,-0.24
07:40:36,"[307.96, 52]","[304.0, 20]","[317.0, 96]","[318.0, 36]",312.48,204,9.04,-0.29
07:40:37,"[309.33, 30]","[307.86, 29]","[317.0, 72]","[318.0, 27]",313.17,158,7.67,-0.25
07:40:38,"[312.0, 26]","[309.67, 90]","[316.5, 80]","[317.2, 75]",314.25,271,4.5,-0.14
07:40:39,"[312.84, 76]","[311.21, 76]","[315.0, 70]","[321.56, 54]",313.92,276,2.16,0.1
07:40:40,"[312.12, 80]","[311.16, 74]","[314.19, 79]","[321.34, 70]",313.16,303,2.06,0.02
07:40:41,"[311.0, 72]","[310.0, 26]","[312.29, 17]","[320.27, 55]",311.65,170,1.29,0.15
07:40:42,"[308.55, 49]","[308.29, 14]","[322.44, 36]","[323.44, 36]",315.5,135,13.89,-0.07
07:40:43,"[308.74, 38]","[307.95, 37]","[319.08, 24]","[320.95, 38]",313.91,137,10.35,0.09
07:40:44,"[309.0, 56]","[308.0, 70]","[316.93, 28]","[323.39, 62]",312.96,216,7.93,0.17
07:40:45,"[310.44, 54]","[308.91, 46]","[316.0, 24]","[324.32, 44]",313.22,168,5.56,0.19
07:40:46,"[311.14, 28]","[310.0, 21]","[316.0, 14]","[324.0, 21]",313.57,84,4.86,0.17
07:40:47,"[310.86, 28]","[308.38, 45]","[316.0, 22]","[324.0, 33]",313.43,128,5.14,0.14
07:40:48,"[311.0, 39]","[310.0, 26]","[315.85, 26]","[324.0, 39]",313.42,130,4.85,0.0
07:40:49,"[311.9, 91]","[311.04, 47]","[317.81, 32]","[324.52, 46]",314.86,216,5.91,0.28
07:40:50,"[312.06, 85]","[311.52, 66]","[324.0, 39]","[327.0, 100]",318.03,290,11.94,0.04
07:40:51,"[313.29, 7]","[312.0, 70]","[324.0, 21]","[327.0, 56]",318.64,154,10.71,0.0
07:40:52,"[314.0, 8]","[312.0, 80]","[323.5, 24]","[326.18, 44]",318.75,156,9.5,0.13
07:40:53,"[312.6, 20]","[311.88, 64]","[322.12, 24]","[324.48, 25]",317.36,133,9.52,0.26
07:40:54,"[312.0, 56]","[310.0, 16]","[320.5, 24]","[327.25, 32]",316.25,128,8.5,0.12
07:40:55,"[312.0, 50]","[310.0, 16]","[319.25, 24]","[327.14, 28]",315.62,118,7.25,0.12
07:40:56,"[312.0, 60]","[310.0, 24]","[319.0, 36]","[326.0, 84]",315.5,204,7.0,-0.18
07:40:57,"[312.0, 55]","[310.0, 22]","[317.73, 33]","[324.36, 44]",314.86,154,5.73,0.0
07:40:58,"[312.0, 45]","[310.12, 16]","[317.0, 27]","[323.09, 35]",314.5,123,5.0,-0.01
07:40:59,"[312.0, 22]","[311.0, 8]","[317.0, 24]","[322.0, 24]",314.5,78,5.0,-0.23
07:41:00,"[312.0, 30]","[311.0, 15]","[315.43, 44]","[319.38, 48]",313.72,137,3.43,-0.34
07:41:01,"[311.14, 36]","[308.96, 50]","[312.76, 68]","[314.29, 42]",311.95,196,1.63,-0.12
07:41:02,"[310.73, 60]","[308.5, 64]","[312.86, 37]","[318.09, 44]",311.8,205,2.13,0.21
07:41:03,"[310.16, 61]","[307.84, 79]","[316.27, 44]","[321.0, 60]",313.22,244,6.11,0.15
07:41:04,"[309.53, 45]","[307.68, 57]","[317.27, 60]","[319.0, 45]",313.4,207,7.73,-0.01
07:41:05,"[310.93, 42]","[308.0, 42]","[316.64, 56]","[319.0, 42]",313.79,182,5.71,-0.08
07:41:06,"[308.0, 31]","[304.15, 39]","[316.0, 52]","[319.0, 39]",312.0,161,8.0,-0.13
07:41:07,"[306.53, 38]","[302.29, 49]","[314.57, 56]","[318.45, 44]",310.55,187,8.05,-0.07
07:41:08,"[304.0, 26]","[301.0, 52]","[313.69, 52]","[318.37, 57]",308.85,187,9.69,-0.17
07:41:09,"[301.9, 40]","[299.89, 38]","[312.68, 50]","[314.47, 47]",307.29,175,10.78,-0.11
07:41:10,"[301.0, 64]","[298.0, 32]","[308.72, 36]","[310.16, 62]",304.86,194,7.72,-0.01
07:41:11,"[301.0, 44]","[298.0, 22]","[308.0, 44]","[309.64, 44]",304.5,154,7.0,-0.14
07:41:12,"[301.0, 36]","[296.33, 48]","[305.67, 36]","[307.11, 36]",303.33,156,4.67,0.08
07:41:13,"[301.0, 48]","[297.2, 80]","[305.6, 50]","[307.92, 48]",303.3,226,4.6,0.13
07:41:14,"[302.07, 30]","[299.36, 50]","[314.0, 36]","[315.63, 38]",308.03,154,11.93,0.04
07:41:15,"[312.0, 9]","[303.0, 74]","[314.0, 27]","[315.0, 47]",313.0,157,2.0,0.06
07:41:16,"[304.0, 29]","[302.77, 60]","[314.0, 35]","[315.0, 51]",309.0,175,10.0,0.02
07:41:17,"[311.33, 18]","[310.93, 28]","[314.9, 31]","[317.94, 139]",313.12,216,3.57,-0.57
07:41:18,"[314.0, 5]","[312.0, 10]","[315.0, 10]","[318.0, 40]",314.5,65,1.0,-0.54
07:41:19,"[314.0, 9]","[312.0, 18]","[315.0, 18]","[317.0, 36]",314.5,81,1.0,-0.33
07:41:20,"[314.0, 6]","[312.83, 12]","[315.0, 12]","[317.0, 24]",314.5,54,1.0,-0.33
07:41:21,"[313.23, 13]","[312.38, 16]","[315.0, 16]","[317.0, 32]",314.12,77,1.77,-0.25
07:41:22,"[313.0, 14]","[312.0, 14]","[315.0, 14]","[317.83, 48]",314.0,90,2.0,-0.38
07:41:23,"[312.93, 30]","[311.73, 30]","[314.06, 69]","[315.84, 38]",313.5,167,1.12,-0.28
07:41:24,"[310.93, 118]","[305.2, 40]","[312.7, 54]","[314.2, 40]",311.82,252,1.77,0.25
07:41:25,"[311.0, 88]","[308.0, 16]","[313.25, 32]","[316.27, 30]",312.12,166,2.25,0.25
07:41:26,"[311.0, 132]","[308.0, 24]","[318.6, 30]","[322.15, 26]",314.8,212,7.6,0.47
07:41:27,"[311.0, 132]","[308.0, 24]","[317.58, 12]","[319.0, 24]",314.29,192,6.58,0.62
07:41:28,"[311.0, 121]","[308.0, 22]","[317.0, 11]","[319.0, 22]",314.0,176,6.0,0.62
07:41:29,"[311.0, 139]","[309.83, 48]","[316.31, 13]","[319.46, 26]",313.65,226,5.31,0.65
07:41:30,"[311.29, 68]","[310.62, 73]","[316.0, 12]","[320.0, 24]",313.65,177,4.71,0.59
07:41:31,"[311.35, 69]","[310.66, 82]","[316.47, 34]","[320.15, 26]",313.91,211,5.12,0.43
07:41:32,"[311.0, 49]","[310.0, 36]","[318.67, 45]","[320.0, 18]",314.83,148,7.67,0.15
07:41:33,"[311.04, 47]","[310.22, 46]","[316.91, 55]","[321.09, 22]",313.98,170,5.87,0.09
07:41:34,"[312.0, 8]","[311.0, 40]","[316.0, 40]","[321.75, 16]",314.0,104,4.0,-0.08
07:41:35,"[311.14, 29]","[310.5, 40]","[316.0, 45]","[321.0, 18]",313.57,132,4.86,0.05
07:41:36,"[311.0, 31]","[310.0, 28]","[315.57, 35]","[321.0, 14]",313.29,108,4.57,0.09
07:41:37,"[311.0, 42]","[310.0, 44]","[312.18, 39]","[314.48, 27]",311.59,152,1.18,0.13
07:41:38,"[310.12, 50]","[308.71, 34]","[312.05, 40]","[316.0, 19]",311.09,143,1.93,0.17
07:41:39,"[310.0, 55]","[308.0, 34]","[311.91, 43]","[321.26, 76]",310.95,208,1.91,-0.14
07:41:40,"[308.58, 31]","[300.79, 61]","[320.78, 49]","[325.43, 74]",314.68,215,12.19,-0.14
07:41:41,"[309.25, 64]","[302.91, 55]","[320.53, 68]","[323.0, 34]",314.89,221,11.28,0.08
07:41:42,"[311.07, 112]","[309.58, 76]","[317.3, 80]","[322.6, 50]",314.19,318,6.23,0.18
07:41:43,"[312.48, 115]","[311.14, 116]","[315.0, 84]","[322.32, 75]",313.74,390,2.52,0.18
07:41:44,"[312.33, 72]","[309.84, 57]","[320.89, 61]","[326.68, 50]",316.61,240,8.55,0.07
07:41:45,"[312.71, 51]","[310.47, 113]","[323.78, 64]","[327.16, 95]",318.24,323,11.08,0.02
07:41:46,"[313.0, 33]","[311.0, 77]","[323.0, 22]","[326.03, 62]",318.0,194,10.0,0.13
07:41:47,"[311.12, 52]","[309.0, 21]","[323.0, 16]","[327.0, 48]",317.06,137,11.88,0.07
07:41:48,"[311.0, 56]","[308.0, 28]","[321.61, 36]","[325.31, 51]",316.31,171,10.61,-0.02
07:41:49,"[311.0, 44]","[308.0, 22]","[321.0, 44]","[325.0, 55]",316.0,165,10.0,-0.2
07:41:50,"[311.0, 40]","[308.0, 20]","[320.67, 30]","[323.86, 35]",315.83,125,9.67,-0.04
07:41:51,"[312.53, 106]","[310.13, 30]","[318.72, 36]","[319.83, 36]",315.63,208,6.19,0.31
07:41:52,"[313.0, 96]","[312.0, 12]","[316.0, 24]","[318.0, 24]",314.5,156,3.0,0.38
07:41:53,"[313.05, 84]","[312.76, 42]","[316.0, 28]","[318.0, 28]",314.52,182,2.95,0.38
07:41:54,"[313.37, 19]","[312.65, 68]","[315.5, 20]","[317.2, 20]",314.43,127,2.13,0.37
07:41:55,"[313.5, 24]","[311.5, 48]","[321.07, 30]","[326.46, 70]",317.28,172,7.57,-0.16
07:41:56,"[315.0, 9]","[313.0, 18]","[326.24, 21]","[327.18, 44]",320.62,92,11.24,-0.41
07:41:57,"[315.0, 11]","[313.0, 22]","[327.0, 55]","[329.0, 44]",321.0,132,12.0,-0.5
07:41:58,"[315.0, 9]","[313.0, 18]","[327.0, 45]","[329.0, 36]",321.0,108,12.0,-0.5
07:41:59,"[314.0, 6]","[311.9, 20]","[327.0, 50]","[329.0, 24]",320.5,100,13.0,-0.48
07:42:00,"[313.0, 5]","[312.0, 30]","[327.0, 50]","[329.0, 22]",320.0,107,14.0,-0.35
07:42:01,"[313.0, 3]","[312.0, 18]","[327.0, 30]","[329.67, 9]",320.0,60,14.0,-0.3
07:42:02,"[313.0, 11]","[312.0, 66]","[326.09, 58]","[327.5, 50]",319.54,185,13.09,-0.17
07:42:03,"[312.08, 24]","[311.21, 56]","[325.05, 37]","[327.71, 41]",318.57,158,12.97,0.01
07:42:04,"[312.0, 26]","[311.0, 52]","[323.83, 36]","[326.29, 35]",317.92,149,11.83,0.05
07:42:05,"[312.0, 24]","[311.0, 48]","[321.42, 26]","[322.95, 22]",316.71,120,9.42,0.2
07:42:06,"[309.83, 24]","[308.94, 36]","[319.14, 22]","[320.15, 26]",314.48,108,9.3,0.11
07:42:07,"[309.29, 28]","[307.25, 32]","[316.31, 26]","[315.9, 30]",312.8,116,7.02,0.03
07:42:08,"[309.55, 99]","[308.48, 50]","[312.87, 15]","[317.69, 39]",311.21,203,3.32,0.47
07:42:09,"[309.0, 168]","[308.0, 28]","[311.57, 14]","[318.0, 42]",310.29,252,2.57,0.56
07:42:10,"[309.0, 168]","[308.0, 28]","[317.39, 36]","[319.85, 119]",313.19,351,8.39,0.12
07:42:11,"[309.0, 156]","[308.0, 26]","[316.31, 39]","[320.0, 100]",312.65,321,7.31,0.13
07:42:12,"[312.0, 42]","[309.0, 168]","[316.0, 42]","[320.15, 67]",314.0,319,4.0,0.32
07:42:13,"[312.0, 15]","[309.0, 84]","[316.0, 21]","[322.0, 35]",314.0,155,4.0,0.28
07:42:14,"[312.0, 10]","[309.0, 60]","[316.0, 15]","[322.8, 25]",314.0,110,4.0,0.27
07:42:15,"[312.0, 16]","[309.0, 96]","[314.62, 24]","[322.5, 40]",313.31,176,2.62,0.27
07:42:16,"[312.0, 30]","[309.0, 180]","[314.0, 39]","[322.79, 87]",313.0,336,2.0,0.25
07:42:17,"[310.29, 42]","[308.96, 112]","[313.08, 49]","[315.82, 22]",311.68,225,2.8,0.37
07:42:18,"[309.0, 168]","[308.0, 28]","[322.73, 37]","[323.76, 50]",315.86,283,13.73,0.39
07:42:19,"[309.42, 86]","[309.0, 42]","[322.0, 20]","[323.0, 50]",315.71,198,12.58,0.29
07:42:20,"[312.1, 80]","[311.0, 60]","[319.05, 40]","[323.0, 70]",315.58,250,6.95,0.12
07:42:21,"[313.0, 61]","[311.0, 54]","[317.84, 38]","[322.62, 52]",315.42,205,4.84,0.12
07:42:22,"[312.03, 35]","[309.35, 102]","[314.75, 36]","[316.03, 29]",313.39,202,2.72,0.36
07:42:23,"[309.87, 87]","[308.97, 194]","[321.03, 74]","[323.21, 96]",315.45,451,11.15,0.25
07:42:24,"[313.0, 83]","[309.15, 139]","[322.05, 81]","[323.47, 86]",317.52,389,9.05,0.14
07:42:25,"[313.0, 62]","[309.0, 168]","[321.0, 56]","[323.14, 70]",317.0,356,8.0,0.29
07:42:26,"[313.03, 91]","[310.16, 95]","[321.0, 48]","[324.0, 60]",317.02,294,7.97,0.27
07:42:27,"[314.35, 37]","[313.49, 79]","[319.75, 104]","[321.18, 85]",317.05,305,5.4,-0.24
07:42:28,"[314.74, 23]","[313.84, 61]","[317.56, 93]","[322.08, 83]",316.15,260,2.82,-0.35
07:42:29,"[314.0, 39]","[313.0, 65]","[318.46, 52]","[322.43, 70]",316.23,226,4.46,-0.08
07:42:30,"[314.0, 48]","[313.0, 80]","[316.56, 64]","[318.12, 64]",315.28,256,2.56,0.0
07:42:31,"[313.58, 36]","[312.77, 65]","[314.92, 48]","[317.26, 53]",314.25,202,1.33,0.0
07:42:32,"[312.86, 35]","[311.94, 53]","[315.36, 45]","[323.36, 55]",314.11,188,2.5,-0.06
07:42:33,"[312.0, 55]","[311.0, 33]","[323.0, 55]","[327.0, 35]",317.5,178,11.0,-0.01
07:42:34,"[312.0, 65]","[311.0, 39]","[322.19, 21]","[325.6, 57]",317.1,182,10.19,0.14
07:42:35,"[312.0, 65]","[311.0, 39]","[319.38, 13]","[323.85, 52]",315.69,169,7.38,0.23
07:42:36,"[312.0, 60]","[311.0, 36]","[318.5, 12]","[323.0, 48]",315.25,156,6.5,0.23
07:42:37,"[312.0, 36]","[311.0, 24]","[318.0, 8]","[324.58, 57]",315.0,125,6.0,-0.04
07:42:38,"[312.0, 33]","[311.0, 33]","[316.6, 15]","[324.28, 43]",314.3,124,4.6,0.06
07:42:39,"[312.0, 33]","[311.0, 33]","[316.0, 33]","[317.0, 11]",314.0,110,4.0,0.2
07:42:40,"[311.92, 39]","[310.9, 40]","[313.78, 23]","[314.93, 27]",312.85,129,1.86,0.22
07:42:41,"[311.0, 33]","[310.0, 44]","[312.91, 11]","[324.0, 11]",311.95,99,1.91,0.56
07:42:42,"[311.0, 27]","[310.0, 48]","[322.76, 29]","[326.12, 40]",316.88,144,11.76,0.04
07:42:43,"[310.75, 16]","[309.71, 28]","[324.0, 20]","[325.0, 10]",317.38,74,13.25,0.19
07:42:44,"[309.14, 7]","[307.57, 7]","[324.0, 14]","[325.0, 7]",316.57,35,14.86,-0.2
07:42:45,"[304.25, 24]","[304.5, 12]","[324.0, 18]","[325.0, 9]",314.12,63,19.75,0.14
07:42:46,"[303.0, 21]","[300.8, 25]","[324.0, 12]","[325.0, 6]",313.5,64,21.0,0.44
07:42:47,"[304.68, 19]","[302.13, 23]","[324.0, 16]","[325.0, 8]",314.34,66,19.32,0.27
07:42:48,"[309.17, 36]","[303.21, 39]","[323.81, 21]","[324.6, 15]",316.49,111,14.64,0.35
07:42:49,"[315.0, 51]","[313.94, 33]","[321.94, 17]","[325.39, 31]",318.47,132,6.94,0.27
07:42:50,"[315.0, 48]","[314.0, 32]","[321.0, 16]","[327.69, 91]",318.0,187,6.0,-0.14
07:42:51,"[314.5, 18]","[313.25, 24]","[319.75, 12]","[325.6, 30]",317.12,84,5.25,0.0
07:42:52,"[314.0, 11]","[313.0, 22]","[318.0, 11]","[320.0, 11]",316.0,55,4.0,0.2
07:42:53,"[314.0, 8]","[313.0, 16]","[315.75, 8]","[316.75, 8]",314.88,40,1.75,0.2
07:42:54,"[313.03, 31]","[312.12, 17]","[315.25, 16]","[323.74, 61]",314.14,125,2.22,-0.23
07:42:55,"[313.0, 18]","[312.0, 9]","[314.78, 9]","[322.47, 30]",313.89,66,1.78,-0.18
07:42:56,"[313.0, 18]","[312.0, 11]","[314.0, 11]","[315.0, 11]",313.5,51,1.0,0.14
07:42:57,"[313.0, 12]","[312.0, 12]","[314.0, 12]","[315.0, 12]",313.5,48,1.0,0.0
07:42:58,"[312.54, 13]","[311.16, 43]","[313.84, 19]","[320.45, 22]",313.19,97,1.3,0.15
07:42:59,"[311.06, 64]","[310.41, 34]","[312.64, 42]","[324.11, 45]",311.85,185,1.58,0.06
07:43:00,"[311.0, 54]","[309.0, 9]","[312.0, 27]","[325.0, 43]",311.5,133,1.0,-0.05
07:43:01,"[311.0, 54]","[309.76, 21]","[312.0, 27]","[325.0, 72]",311.5,174,1.0,-0.14
07:43:02,"[311.0, 87]","[310.0, 64]","[316.55, 60]","[325.37, 97]",313.77,308,5.55,-0.02
07:43:03,"[311.0, 27]","[310.0, 36]","[325.0, 63]","[329.0, 27]",318.0,153,14.0,-0.18
07:43:04,"[310.56, 27]","[309.87, 23]","[325.0, 56]","[329.0, 24]",317.78,130,14.44,-0.23
07:43:05,"[310.0, 36]","[309.0, 9]","[325.0, 63]","[329.0, 27]",317.5,135,15.0,-0.33
07:43:06,"[310.0, 29]","[309.0, 7]","[325.0, 49]","[329.8, 25]",317.5,110,15.0,-0.35
07:43:07,"[310.11, 38]","[309.31, 13]","[325.0, 70]","[329.0, 40]",317.55,161,14.89,-0.37
07:43:08,"[310.42, 19]","[309.62, 13]","[324.91, 43]","[328.1, 31]",317.66,106,14.49,-0.4
07:43:09,"[310.0, 18]","[309.0, 9]","[323.5, 24]","[324.95, 38]",316.75,89,13.5,-0.39
07:43:10,"[310.45, 22]","[309.62, 16]","[323.53, 30]","[325.48, 50]",316.99,118,13.08,-0.36
07:43:11,"[310.84, 19]","[309.84, 19]","[322.91, 22]","[324.38, 39]",316.88,99,12.07,-0.23
07:43:12,"[310.0, 11]","[309.0, 11]","[321.27, 22]","[324.0, 44]",315.64,88,11.27,-0.5
07:43:13,"[310.0, 10]","[309.0, 10]","[319.6, 20]","[321.92, 26]",314.8,66,9.6,-0.39
07:43:14,"[310.0, 11]","[309.0, 11]","[315.27, 26]","[316.59, 27]",312.63,75,5.27,-0.41
07:43:15,"[309.33, 12]","[307.4, 20]","[313.25, 28]","[318.33, 24]",311.29,84,3.92,-0.24
07:43:16,"[309.0, 10]","[307.0, 20]","[311.3, 20]","[314.4, 20]",310.15,70,2.3,-0.14
07:43:17,"[306.57, 28]","[304.65, 17]","[308.96, 25]","[313.25, 28]",307.77,98,2.39,-0.08
07:43:18,"[305.4, 15]","[304.25, 12]","[307.13, 15]","[308.5, 16]",306.27,58,1.73,-0.07
07:43:19,"[305.26, 23]","[300.12, 17]","[308.58, 26]","[314.91, 44]",306.92,110,3.32,-0.27
07:43:20,"[300.92, 13]","[298.94, 49]","[308.38, 26]","[317.0, 52]",304.65,140,7.46,-0.11
07:43:21,"[300.0, 13]","[299.0, 52]","[307.23, 26]","[316.68, 47]",303.62,138,7.23,-0.06
07:43:22,"[302.11, 125]","[301.62, 64]","[308.5, 28]","[315.14, 42]",305.31,259,6.39,0.46
07:43:23,"[304.19, 148]","[301.01, 85]","[313.66, 53]","[316.51, 47]",308.92,333,9.47,0.4
07:43:24,"[304.73, 180]","[295.26, 27]","[313.87, 60]","[315.47, 45]",309.3,312,9.13,0.33
07:43:25,"[309.39, 115]","[306.94, 158]","[313.0, 60]","[315.0, 45]",311.2,378,3.61,0.44
07:43:26,"[307.6, 149]","[295.82, 33]","[311.25, 16]","[313.07, 81]",309.42,279,3.65,0.3
07:43:27,"[296.44, 54]","[295.0, 36]","[309.33, 24]","[312.75, 48]",302.89,162,12.89,0.11
07:43:28,"[297.59, 68]","[296.83, 48]","[306.29, 35]","[308.6, 35]",301.94,186,8.7,0.25
07:43:29,"[299.44, 232]","[299.36, 270]","[305.35, 80]","[307.0, 20]",302.39,602,5.91,0.67
07:43:30,"[302.98, 221]","[301.66, 67]","[307.15, 41]","[309.27, 48]",305.06,377,4.16,0.53
07:43:31,"[303.11, 187]","[302.7, 121]","[308.25, 59]","[309.58, 26]",305.68,393,5.15,0.57
07:43:32,"[305.83, 126]","[301.29, 132]","[309.71, 70]","[312.41, 80]",307.77,408,3.89,0.26
07:43:33,"[294.73, 132]","[293.29, 109]","[312.0, 70]","[313.0, 98]",303.37,409,17.27,0.18
07:43:34,"[307.81, 32]","[299.38, 13]","[312.0, 25]","[313.0, 35]",309.91,105,4.19,-0.14
07:43:35,"[309.36, 182]","[307.0, 28]","[312.0, 56]","[313.0, 98]",310.68,364,2.64,0.15
07:43:36,"[310.26, 93]","[307.0, 22]","[312.0, 44]","[313.0, 77]",311.13,236,1.74,-0.03
07:43:37,"[310.2, 50]","[304.0, 15]","[312.64, 55]","[313.73, 55]",311.42,175,2.44,-0.26
07:43:38,"[307.82, 34]","[305.41, 17]","[312.71, 68]","[314.49, 43]",310.26,162,4.88,-0.37
07:43:39,"[309.0, 36]","[307.0, 18]","[312.72, 57]","[313.91, 35]",310.86,146,3.72,-0.26
07:43:40,"[309.0, 32]","[307.0, 16]","[311.0, 32]","[314.0, 32]",310.0,112,2.0,-0.14
07:43:41,"[309.33, 48]","[307.0, 24]","[311.0, 42]","[314.0, 48]",310.17,162,1.67,-0.11
07:43:42,"[310.58, 52]","[307.75, 24]","[314.0, 52]","[406.67, 24]",312.29,152,3.42,0.0
07:43:43,"[312.25, 24]","[311.23, 60]","[314.0, 56]","[333.12, 34]",313.12,174,1.75,-0.03
07:43:44,"[311.5, 20]","[310.62, 48]","[314.0, 16]","[315.0, 24]",312.75,108,2.5,0.26
07:43:45,"[311.0, 27]","[310.0, 66]","[313.64, 25]","[314.8, 30]",312.32,148,2.64,0.26
07:43:46,"[311.0, 9]","[310.0, 54]","[312.33, 27]","[314.0, 18]",311.67,108,1.33,0.17
07:43:47,"[311.0, 9]","[310.0, 54]","[313.74, 23]","[318.64, 22]",312.37,108,2.74,0.17
07:43:48,"[310.1, 31]","[301.08, 95]","[317.0, 20]","[320.0, 30]",313.55,176,6.9,0.43
07:43:49,"[310.0, 20]","[302.56, 18]","[317.0, 12]","[320.0, 18]",313.5,68,7.0,0.12
07:43:50,"[311.68, 38]","[310.27, 22]","[317.0, 18]","[320.0, 27]",314.34,105,5.32,0.14
07:43:51,"[312.35, 23]","[311.55, 22]","[317.0, 18]","[320.0, 27]",314.67,90,4.65,0.0
07:43:52,"[313.0, 8]","[312.0, 12]","[317.0, 8]","[320.0, 12]",315.0,40,4.0,0.0
07:43:53,"[313.0, 14]","[312.0, 21]","[316.75, 16]","[319.7, 20]",314.88,71,3.75,-0.01
07:43:54,"[312.8, 15]","[311.8, 20]","[315.07, 30]","[317.91, 22]",313.93,87,2.27,-0.2
07:43:55,"[311.11, 27]","[308.36, 22]","[313.72, 39]","[315.69, 36]",312.41,124,2.61,-0.21
07:43:56,"[310.0, 28]","[307.0, 28]","[311.78, 32]","[312.44, 55]",310.89,143,1.78,-0.22
07:43:57,"[310.0, 10]","[307.5, 8]","[311.0, 5]","[312.0, 30]",310.5,53,1.0,-0.32
07:43:58,"[310.27, 11]","[307.2, 20]","[319.31, 26]","[315.24, 17]",314.79,74,9.03,-0.16
07:43:59,"[316.0, 10]","[313.8, 10]","[321.89, 36]","[323.5, 16]",318.94,72,5.89,-0.44
07:44:00,"[316.0, 10]","[315.0, 10]","[320.1, 20]","[322.0, 40]",318.05,80,4.1,-0.5
07:44:01,"[316.0, 13]","[315.0, 13]","[319.08, 26]","[321.23, 52]",317.54,104,3.08,-0.5
07:44:02,"[316.0, 12]","[315.0, 12]","[319.0, 24]","[320.0, 48]",317.5,96,3.0,-0.5
07:44:03,"[315.08, 12]","[311.15, 79]","[317.79, 28]","[318.91, 35]",316.43,154,2.7,0.18
07:44:04,"[311.0, 151]","[307.72, 25]","[313.56, 36]","[316.67, 52]",312.28,264,2.56,0.33
07:44:05,"[311.0, 28]","[307.67, 6]","[314.0, 12]","[327.0, 20]",312.5,66,3.0,0.03
07:44:06,"[311.0, 98]","[309.0, 14]","[316.51, 41]","[327.06, 62]",313.76,215,5.51,0.04
07:44:07,"[311.35, 37]","[310.88, 67]","[326.81, 37]","[327.35, 34]",319.08,175,15.46,0.19
07:44:08,"[311.41, 29]","[310.71, 41]","[326.0, 11]","[327.0, 44]",318.71,125,14.59,0.12
07:44:09,"[309.57, 14]","[307.08, 25]","[324.52, 31]","[325.85, 33]",317.04,103,14.94,-0.24
07:44:10,"[309.0, 11]","[307.0, 30]","[319.23, 47]","[320.44, 32]",314.12,120,10.23,-0.32
07:44:11,"[309.0, 15]","[307.0, 30]","[315.43, 42]","[317.3, 40]",312.21,127,6.43,-0.29
07:44:12,"[309.0, 15]","[307.0, 30]","[311.0, 42]","[311.76, 51]",310.0,138,2.0,-0.35
07:44:13,"[307.19, 31]","[306.21, 28]","[309.43, 61]","[310.76, 58]",308.31,178,2.23,-0.34
07:44:14,"[307.0, 22]","[306.0, 33]","[308.81, 31]","[309.25, 40]",307.9,126,1.81,-0.13
07:44:15,"[307.0, 26]","[306.0, 39]","[309.11, 18]","[312.32, 22]",308.06,105,2.11,0.24
07:44:16,"[308.24, 108]","[307.69, 78]","[315.68, 19]","[322.64, 33]",311.96,238,7.44,0.56
07:44:17,"[309.09, 66]","[308.0, 132]","[316.18, 44]","[318.84, 25]",312.64,267,7.09,0.48
07:44:18,"[310.89, 54]","[308.0, 108]","[315.44, 36]","[319.0, 27]",313.17,225,4.56,0.44
07:44:19,"[312.0, 120]","[311.0, 60]","[315.0, 40]","[320.92, 50]",313.5,270,3.0,0.33
07:44:20,"[312.61, 216]","[311.0, 108]","[315.0, 72]","[321.31, 102]",313.81,498,2.39,0.3
07:44:21,"[314.0, 116]","[311.0, 72]","[318.82, 55]","[321.46, 46]",316.41,289,4.82,0.3
07:44:22,"[314.86, 59]","[311.0, 48]","[321.0, 40]","[322.0, 24]",317.93,171,6.14,0.25
07:44:23,"[315.0, 77]","[311.0, 66]","[321.0, 55]","[322.0, 33]",318.0,231,6.0,0.24
07:44:24,"[315.0, 82]","[311.0, 78]","[321.0, 65]","[322.0, 39]",318.0,264,6.0,0.21
07:44:25,"[315.0, 42]","[311.0, 42]","[321.0, 35]","[322.0, 21]",318.0,140,6.0,0.2
07:44:26,"[315.0, 42]","[311.0, 42]","[321.0, 35]","[322.0, 21]",318.0,140,6.0,0.2
07:44:27,"[315.0, 66]","[311.0, 66]","[319.83, 41]","[321.19, 27]",317.41,200,4.83,0.32
07:44:28,"[315.0, 48]","[311.0, 48]","[317.5, 24]","[319.0, 8]",316.25,128,2.5,0.5
07:44:29,"[315.0, 91]","[309.0, 90]","[316.91, 46]","[322.64, 78]",315.96,305,1.91,0.19
07:44:30,"[315.0, 36]","[310.41, 102]","[322.0, 24]","[328.31, 16]",318.5,178,7.0,0.55
07:44:31,"[315.0, 27]","[311.0, 108]","[322.0, 18]","[328.0, 9]",318.5,162,7.0,0.67
07:44:32,"[311.48, 69]","[310.64, 95]","[322.0, 22]","[328.0, 11]",316.74,197,10.52,0.66
07:44:33,"[312.8, 30]","[311.0, 120]","[322.0, 20]","[328.0, 10]",317.4,180,9.2,0.67
07:44:34,"[314.5, 66]","[313.65, 129]","[322.0, 32]","[324.41, 49]",318.25,276,7.5,0.41
07:44:35,"[315.0, 30]","[314.0, 90]","[322.0, 20]","[324.0, 40]",318.5,180,7.0,0.33
07:44:36,"[315.0, 18]","[314.0, 90]","[322.0, 20]","[324.0, 40]",318.5,168,7.0,0.29
07:44:37,"[315.0, 6]","[314.0, 54]","[322.0, 12]","[326.22, 9]",318.5,81,7.0,0.48
07:44:38,"[315.0, 17]","[314.0, 153]","[320.92, 52]","[323.85, 26]",317.96,248,5.92,0.37
07:44:39,"[315.0, 9]","[314.0, 81]","[319.0, 36]","[322.0, 18]",317.0,144,4.0,0.25
07:44:40,"[315.0, 9]","[314.0, 81]","[318.0, 36]","[324.31, 13]",316.5,139,3.0,0.29
07:44:41,"[315.0, 12]","[314.0, 108]","[317.0, 48]","[328.0, 38]",316.0,206,2.0,0.17
07:44:42,"[314.04, 73]","[313.73, 37]","[318.08, 51]","[327.96, 46]",316.06,207,4.04,0.06
07:44:43,"[314.0, 91]","[313.0, 13]","[323.57, 47]","[324.75, 48]",318.79,199,9.57,0.05
07:44:44,"[314.0, 111]","[313.0, 17]","[320.8, 75]","[321.89, 76]",317.4,279,6.8,-0.08
07:44:45,"[314.0, 32]","[312.08, 60]","[318.56, 54]","[319.91, 66]",316.28,212,4.56,-0.13
07:44:46,"[314.0, 26]","[312.0, 91]","[315.59, 64]","[317.06, 51]",314.8,232,1.59,0.01
07:44:47,"[312.03, 121]","[311.03, 211]","[316.21, 57]","[317.67, 55]",314.12,444,4.18,0.5
07:44:48,"[312.0, 91]","[311.0, 156]","[315.69, 26]","[319.31, 13]",313.85,286,3.69,0.73
07:44:49,"[312.0, 63]","[311.0, 108]","[315.0, 18]","[322.0, 9]",313.5,198,3.0,0.73
07:44:50,"[312.0, 95]","[311.0, 180]","[313.94, 36]","[315.84, 37]",312.97,348,1.94,0.58
07:44:51,"[312.0, 14]","[311.0, 84]","[313.0, 14]","[323.14, 7]",312.5,119,1.0,0.65
07:44:52,"[310.3, 20]","[310.15, 78]","[316.67, 15]","[324.67, 15]",313.48,128,6.37,0.53
07:44:53,"[309.82, 22]","[308.82, 22]","[324.0, 11]","[325.81, 43]",316.91,98,14.18,-0.1
07:44:54,"[310.92, 26]","[309.92, 26]","[323.35, 23]","[325.8, 45]",317.14,120,12.42,-0.13
07:44:55,"[309.5, 32]","[307.82, 39]","[318.06, 51]","[323.39, 57]",313.78,179,8.56,-0.21
07:44:56,"[309.69, 48]","[305.79, 73]","[316.0, 36]","[323.0, 36]",312.84,193,6.31,0.25
07:44:57,"[312.0, 30]","[307.0, 70]","[314.6, 30]","[324.1, 48]",313.3,178,2.6,0.12
07:44:58,"[311.12, 40]","[306.96, 78]","[313.51, 35]","[323.39, 23]",312.32,176,2.39,0.34
07:44:59,"[311.39, 41]","[307.09, 34]","[322.0, 16]","[326.67, 18]",316.7,109,10.61,0.38
07:45:00,"[316.0, 40]","[311.0, 30]","[322.0, 20]","[327.0, 60]",319.0,150,6.0,-0.07
07:45:01,"[316.0, 36]","[307.5, 48]","[322.0, 18]","[327.0, 54]",319.0,156,6.0,0.08
07:45:02,"[308.64, 44]","[306.67, 36]","[322.0, 22]","[327.0, 64]",315.32,166,13.36,-0.04
07:45:03,"[307.0, 40]","[305.0, 8]","[322.0, 16]","[327.0, 48]",314.5,112,15.0,-0.14
07:45:04,"[307.0, 24]","[300.23, 22]","[322.0, 16]","[327.0, 48]",314.5,110,15.0,-0.16
07:45:05,"[307.0, 13]","[303.43, 14]","[322.0, 12]","[327.0, 31]",314.5,70,15.0,-0.23
07:45:06,"[307.0, 16]","[306.0, 16]","[322.0, 16]","[327.0, 8]",314.5,56,15.0,0.14
07:45:07,"[307.86, 14]","[306.17, 12]","[322.0, 12]","[327.0, 6]",314.93,44,14.14,0.18
07:45:08,"[311.8, 60]","[306.4, 20]","[322.0, 20]","[327.0, 10]",316.9,110,10.2,0.45
07:45:09,"[313.0, 120]","[307.0, 20]","[322.0, 20]","[327.0, 10]",317.5,170,9.0,0.65
07:45:10,"[313.51, 49]","[312.62, 64]","[322.38, 13]","[327.14, 7]",317.95,133,8.87,0.7
07:45:11,"[314.0, 24]","[313.0, 108]","[322.0, 9]","[327.0, 9]",318.0,150,8.0,0.76
07:45:12,"[314.0, 10]","[313.0, 60]","[322.0, 5]","[327.0, 5]",318.0,80,8.0,0.75
07:45:13,"[314.0, 22]","[313.0, 132]","[321.47, 15]","[325.18, 11]",317.73,180,7.47,0.71
07:45:14,"[313.11, 111]","[311.8, 90]","[319.0, 30]","[322.0, 15]",316.05,246,5.89,0.63
07:45:15,"[313.14, 71]","[311.93, 67]","[317.09, 22]","[322.0, 11]",315.12,171,3.95,0.61
07:45:16,"[313.06, 68]","[310.88, 34]","[316.0, 16]","[322.0, 8]",314.53,126,2.94,0.62
07:45:17,"[313.0, 99]","[307.0, 18]","[314.56, 18]","[322.56, 9]",313.78,144,1.56,0.62
07:45:18,"[313.0, 87]","[307.0, 26]","[320.77, 13]","[323.69, 13]",316.88,139,7.77,0.63
07:45:19,"[313.0, 60]","[306.41, 17]","[322.0, 12]","[324.0, 12]",317.5,101,9.0,0.52
07:45:20,"[313.0, 50]","[307.0, 10]","[322.0, 10]","[324.0, 10]",317.5,80,9.0,0.5
07:45:21,"[313.0, 55]","[309.0, 15]","[322.0, 11]","[323.82, 11]",317.5,92,9.0,0.52
07:45:22,"[313.95, 76]","[312.65, 69]","[320.21, 61]","[321.17, 29]",317.08,235,6.27,0.23
07:45:23,"[315.0, 76]","[313.0, 95]","[316.47, 19]","[319.1, 39]",315.74,229,1.47,0.49
07:45:24,"[315.0, 15]","[313.0, 70]","[318.98, 45]","[322.17, 58]",316.99,188,3.98,-0.1
07:45:25,"[313.0, 70]","[312.0, 70]","[318.64, 64]","[320.63, 67]",315.82,271,5.64,0.03
07:45:26,"[313.0, 40]","[312.0, 40]","[317.25, 40]","[319.0, 40]",315.12,160,4.25,0.0
07:45:27,"[313.0, 32]","[312.0, 80]","[316.06, 80]","[317.62, 80]",314.53,272,3.06,-0.18
07:45:28,"[312.06, 53]","[310.05, 41]","[314.0, 65]","[321.68, 41]",313.03,200,1.94,-0.06
07:45:29,"[312.0, 65]","[308.76, 29]","[314.0, 65]","[325.17, 24]",313.0,183,2.0,0.03
07:45:30,"[310.41, 29]","[308.1, 49]","[312.72, 25]","[316.61, 31]",311.57,134,2.31,0.16
07:45:31,"[308.0, 108]","[307.0, 12]","[309.83, 24]","[312.12, 24]",308.92,168,1.83,0.43
07:45:32,"[308.0, 105]","[307.0, 14]","[309.71, 14]","[318.43, 42]",308.86,175,1.71,0.36
07:45:33,"[308.25, 80]","[307.71, 34]","[320.5, 44]","[322.64, 22]",314.38,180,12.25,0.27
07:45:34,"[310.5, 100]","[308.99, 71]","[320.54, 39]","[322.14, 21]",315.52,231,10.04,0.48
07:45:35,"[311.15, 130]","[310.42, 95]","[317.0, 45]","[318.0, 45]",314.08,315,5.85,0.43
07:45:36,"[312.87, 75]","[311.42, 130]","[317.0, 48]","[319.5, 48]",314.93,301,4.13,0.36
07:45:37,"[315.0, 57]","[313.42, 95]","[316.4, 45]","[320.09, 43]",315.7,240,1.4,0.27
07:45:38,"[314.0, 49]","[313.0, 35]","[320.0, 21]","[324.82, 22]",317.0,127,6.0,0.32
07:45:39,"[314.0, 53]","[313.0, 40]","[319.0, 24]","[324.5, 24]",316.5,141,5.0,0.32
07:45:40,"[314.0, 16]","[313.0, 20]","[319.0, 12]","[324.0, 8]",316.5,56,5.0,0.29
07:45:41,"[314.0, 36]","[313.0, 45]","[319.0, 27]","[324.0, 18]",316.5,126,5.0,0.29
07:45:42,"[314.0, 34]","[313.0, 45]","[319.0, 27]","[324.0, 26]",316.5,132,5.0,0.2
07:45:43,"[314.0, 15]","[313.0, 25]","[319.0, 15]","[324.0, 15]",316.5,70,5.0,0.14
07:45:44,"[314.0, 24]","[313.0, 40]","[319.0, 24]","[324.0, 24]",316.5,112,5.0,0.14
07:45:45,"[314.0, 6]","[313.0, 10]","[319.0, 6]","[324.0, 6]",316.5,28,5.0,0.14
07:45:46,"[314.0, 30]","[313.0, 50]","[319.0, 30]","[324.0, 30]",316.5,140,5.0,0.14
07:45:47,"[313.43, 35]","[312.5, 50]","[320.69, 29]","[324.35, 26]",317.06,140,7.26,0.21
07:45:48,"[313.0, 40]","[311.25, 100]","[322.43, 23]","[325.08, 13]",317.72,176,9.43,0.59
07:45:49,"[313.0, 20]","[311.0, 75]","[320.0, 15]","[324.8, 10]",316.5,120,7.0,0.58
07:45:50,"[313.0, 44]","[311.35, 69]","[320.0, 33]","[325.0, 22]",316.5,168,7.0,0.35
07:45:51,"[313.0, 16]","[312.0, 12]","[320.0, 12]","[325.0, 8]",316.5,48,7.0,0.17
07:45:52,"[313.0, 9]","[312.0, 18]","[319.6, 15]","[322.0, 15]",316.3,57,6.6,-0.05
07:45:53,"[313.0, 8]","[312.0, 24]","[319.0, 16]","[320.62, 24]",316.0,72,6.0,-0.11
07:45:54,"[313.09, 11]","[312.03, 31]","[316.91, 22]","[321.0, 33]",315.0,97,3.82,-0.13
07:45:55,"[311.28, 86]","[311.02, 59]","[315.06, 32]","[317.17, 35]",313.17,212,3.78,0.37
07:45:56,"[311.0, 237]","[310.0, 102]","[312.82, 34]","[318.4, 43]",311.91,416,1.82,0.63
07:45:57,"[311.0, 104]","[310.0, 60]","[318.23, 26]","[322.0, 24]",314.62,214,7.23,0.53
07:45:58,"[311.0, 54]","[310.0, 36]","[321.0, 18]","[323.0, 12]",316.0,120,10.0,0.5
07:45:59,"[311.69, 29]","[310.94, 96]","[321.29, 35]","[323.36, 22]",316.49,182,9.6,0.37
07:46:00,"[313.78, 36]","[311.64, 50]","[322.34, 64]","[323.53, 75]",318.06,225,8.57,-0.24
07:46:01,"[311.6, 60]","[310.5, 48]","[321.0, 36]","[323.0, 33]",316.3,177,9.4,0.22
07:46:02,"[311.0, 52]","[310.0, 114]","[319.84, 57]","[324.26, 43]",315.42,266,8.84,0.25
07:46:03,"[311.0, 16]","[310.0, 48]","[319.0, 24]","[323.0, 24]",315.0,112,8.0,0.14
07:46:04,"[311.0, 24]","[310.0, 72]","[318.03, 35]","[322.49, 37]",314.51,168,7.03,0.14
07:46:05,"[311.0, 26]","[310.0, 78]","[313.38, 26]","[316.0, 39]",312.19,169,2.38,0.23
07:46:06,"[310.31, 39]","[308.57, 69]","[311.62, 26]","[323.31, 67]",310.96,201,1.31,0.07
07:46:07,"[307.33, 91]","[304.25, 144]","[323.67, 36]","[324.76, 49]",315.5,320,16.34,0.47
07:46:08,"[307.0, 153]","[305.0, 187]","[319.71, 17]","[323.0, 85]",313.35,442,12.71,0.54
07:46:09,"[307.3, 107]","[305.46, 157]","[315.28, 18]","[322.94, 71]",311.29,353,7.98,0.5
07:46:10,"[307.34, 117]","[304.07, 188]","[312.46, 48]","[313.17, 42]",309.9,395,5.12,0.54
07:46:11,"[307.65, 17]","[305.1, 58]","[310.0, 43]","[311.0, 11]",308.82,129,2.35,0.16
07:46:12,"[307.0, 54]","[300.02, 195]","[308.05, 41]","[309.32, 19]",307.52,309,1.05,0.61
07:46:13,"[299.28, 116]","[298.5, 44]","[308.29, 14]","[316.44, 18]",303.78,192,9.01,0.67
07:46:14,"[299.0, 140]","[298.0, 24]","[307.3, 10]","[309.0, 10]",303.15,184,8.3,0.78
07:46:15,"[299.0, 126]","[298.0, 18]","[303.78, 9]","[305.0, 9]",301.39,162,4.78,0.78
07:46:16,"[299.0, 64]","[298.0, 28]","[300.71, 14]","[303.29, 14]",299.86,120,1.71,0.53
07:46:17,"[299.0, 38]","[298.0, 182]","[300.86, 14]","[304.78, 18]",299.93,252,1.86,0.75
07:46:18,"[299.55, 22]","[298.13, 95]","[301.09, 11]","[303.0, 11]",300.32,139,1.55,0.68
07:46:19,"[300.47, 17]","[298.36, 33]","[307.38, 21]","[308.93, 28]",303.93,99,6.91,0.01
07:46:20,"[303.43, 14]","[297.53, 34]","[312.9, 61]","[313.79, 70]",308.17,179,9.47,-0.46
07:46:21,"[304.21, 19]","[297.39, 36]","[312.18, 56]","[313.46, 59]",308.19,170,7.97,-0.35
07:46:22,"[303.41, 17]","[296.0, 41]","[314.12, 64]","[318.0, 31]",308.77,153,10.71,-0.24
07:46:23,"[295.0, 19]","[292.0, 84]","[316.0, 44]","[318.0, 11]",305.5,158,21.0,0.3
07:46:24,"[296.4, 103]","[293.74, 19]","[308.68, 38]","[315.85, 48]",302.54,208,12.29,0.17
07:46:25,"[304.06, 105]","[299.48, 95]","[313.0, 56]","[317.0, 14]",308.53,270,8.94,0.48
07:46:26,"[306.58, 108]","[305.0, 72]","[313.0, 48]","[317.0, 12]",309.79,240,6.42,0.5
07:46:27,"[308.21, 126]","[306.13, 143]","[312.14, 56]","[314.0, 32]",310.18,357,3.93,0.51
07:46:28,"[310.0, 144]","[308.25, 144]","[312.76, 34]","[317.28, 71]",311.38,393,2.76,0.47
07:46:29,"[310.0, 75]","[309.0, 90]","[314.6, 10]","[318.76, 34]",312.3,209,4.6,0.58
07:46:30,"[310.0, 32]","[309.0, 72]","[315.5, 8]","[319.81, 32]",312.75,144,5.5,0.44
07:46:31,"[312.0, 16]","[310.03, 33]","[319.73, 33]","[320.29, 21]",315.86,103,7.73,-0.05
07:46:32,"[313.0, 117]","[310.0, 52]","[319.7, 47]","[320.71, 17]",316.35,233,6.7,0.45
07:46:33,"[313.0, 70]","[310.0, 56]","[317.43, 28]","[323.5, 24]",315.21,178,4.43,0.42
07:46:34,"[313.99, 76]","[312.37, 19]","[317.0, 32]","[326.0, 96]",315.49,223,3.01,-0.15
07:46:35,"[314.0, 60]","[313.0, 12]","[316.58, 24]","[325.99, 67]",315.29,163,2.58,-0.12
07:46:36,"[314.0, 60]","[313.0, 12]","[315.5, 24]","[325.0, 12]",314.75,108,1.5,0.33
07:46:37,"[313.59, 17]","[311.08, 51]","[314.44, 18]","[317.12, 16]",314.02,102,0.86,0.33
07:46:38,"[311.14, 56]","[310.39, 72]","[312.71, 31]","[316.0, 24]",311.93,183,1.57,0.4
07:46:39,"[309.52, 27]","[308.63, 38]","[311.33, 9]","[315.4, 15]",310.43,89,1.81,0.46
07:46:40,"[309.0, 60]","[307.0, 36]","[311.0, 12]","[324.05, 56]",310.0,164,2.0,0.17
07:46:41,"[309.0, 30]","[307.0, 27]","[311.0, 9]","[324.0, 53]",310.0,119,2.0,-0.04
07:46:42,"[309.0, 12]","[307.0, 18]","[320.6, 10]","[338.93, 15]",314.8,55,11.6,0.09
07:46:43,"[308.0, 12]","[305.4, 45]","[323.0, 23]","[374.31, 13]",315.5,93,15.0,0.23
07:46:44,"[307.0, 6]","[305.0, 36]","[323.0, 18]","[382.0, 6]",315.0,66,16.0,0.27
07:46:45,"[307.63, 19]","[305.17, 46]","[323.0, 33]","[382.0, 11]",315.32,109,15.37,0.19
07:46:46,"[308.0, 39]","[307.0, 13]","[323.0, 39]","[497.3, 23]",315.5,114,15.0,-0.09
07:46:47,"[308.82, 33]","[307.0, 11]","[323.0, 33]","[488.0, 22]",315.91,99,14.18,-0.11
07:46:48,"[302.4, 30]","[300.8, 10]","[323.0, 30]","[488.0, 20]",312.7,90,20.6,-0.11
07:46:49,"[297.85, 26]","[294.93, 14]","[305.73, 26]","[311.67, 30]",301.79,96,7.88,-0.17
07:46:50,"[296.0, 8]","[294.0, 24]","[299.89, 19]","[302.5, 30]",297.95,81,3.89,-0.21
07:46:51,"[296.0, 9]","[294.0, 27]","[298.0, 18]","[302.0, 27]",297.0,81,2.0,-0.11
07:46:52,"[294.59, 17]","[248.29, 35]","[304.0, 26]","[305.14, 28]",299.29,106,9.41,-0.02
07:46:53,"[297.79, 56]","[295.9, 63]","[309.0, 44]","[315.0, 22]",303.39,185,11.21,0.29
07:46:54,"[298.33, 46]","[296.13, 47]","[309.0, 48]","[315.0, 24]",303.66,165,10.67,0.13
07:46:55,"[300.0, 33]","[297.0, 11]","[309.0, 36]","[315.0, 22]",304.5,102,9.0,-0.14
07:46:56,"[298.0, 45]","[294.1, 20]","[309.0, 20]","[315.0, 20]",303.5,105,11.0,0.24
07:46:57,"[301.81, 64]","[295.33, 72]","[309.0, 20]","[315.0, 20]",305.41,176,7.19,0.55
07:46:58,"[295.0, 66]","[294.0, 93]","[308.64, 22]","[313.0, 22]",301.82,203,13.64,0.57
07:46:59,"[295.0, 60]","[294.0, 60]","[307.9, 20]","[311.0, 40]",301.45,180,12.9,0.33
07:47:00,"[296.08, 102]","[294.9, 120]","[306.4, 40]","[309.75, 112]",301.24,374,10.32,0.19
07:47:01,"[299.18, 85]","[295.82, 66]","[305.92, 99]","[308.39, 46]",302.55,296,6.74,0.02
07:47:02,"[301.0, 40]","[299.97, 79]","[305.0, 34]","[306.31, 89]",303.0,242,4.0,-0.02
07:47:03,"[302.24, 66]","[301.0, 28]","[307.41, 37]","[308.28, 64]",304.82,195,5.16,-0.04
07:47:04,"[303.29, 38]","[301.0, 24]","[308.75, 24]","[311.35, 55]",306.02,141,5.46,-0.12
07:47:05,"[305.33, 42]","[304.28, 43]","[312.77, 26]","[315.2, 30]",309.05,141,7.44,0.21
07:47:06,"[306.24, 50]","[305.33, 75]","[314.0, 30]","[387.12, 32]",310.12,187,7.76,0.34
07:47:07,"[306.0, 88]","[304.0, 35]","[314.0, 33]","[512.38, 29]",310.0,185,8.0,0.33
07:47:08,"[306.58, 134]","[301.57, 84]","[313.31, 39]","[325.64, 33]",309.94,290,6.73,0.5
07:47:09,"[307.83, 156]","[306.0, 96]","[311.0, 18]","[313.42, 36]",309.42,306,3.17,0.65
07:47:10,"[308.0, 124]","[306.0, 112]","[309.0, 14]","[317.14, 42]",308.5,292,1.0,0.62
07:47:11,"[306.22, 18]","[301.71, 28]","[316.5, 8]","[320.14, 14]",311.36,68,10.28,0.35
07:47:12,"[306.0, 72]","[296.0, 54]","[319.0, 27]","[321.0, 36]",312.5,189,13.0,0.33
07:47:13,"[306.0, 56]","[296.0, 42]","[319.0, 21]","[321.0, 28]",312.5,147,13.0,0.33
07:47:14,"[306.0, 96]","[296.0, 72]","[319.0, 36]","[321.0, 48]",312.5,252,13.0,0.33
07:47:15,"[307.82, 88]","[306.0, 94]","[313.4, 40]","[320.07, 45]",310.61,267,5.58,0.36
07:47:16,"[308.0, 48]","[306.0, 66]","[318.94, 16]","[320.74, 23]",313.47,153,10.94,0.49
07:47:17,"[308.73, 89]","[307.13, 101]","[317.15, 13]","[319.26, 31]",312.94,234,8.42,0.62
07:47:18,"[310.84, 159]","[309.44, 183]","[316.0, 18]","[319.67, 54]",313.42,414,5.16,0.65
07:47:19,"[312.0, 193]","[306.0, 110]","[315.8, 10]","[320.77, 31]",313.9,344,3.8,0.76
07:47:20,"[312.61, 155]","[310.15, 107]","[314.14, 21]","[319.17, 18]",313.38,301,1.53,0.74
07:47:21,"[313.0, 117]","[312.0, 104]","[314.02, 49]","[317.0, 15]",313.51,285,1.02,0.55
07:47:22,"[313.0, 56]","[312.0, 112]","[314.0, 56]","[324.77, 86]",313.5,310,1.0,0.08
07:47:23,"[312.24, 42]","[311.54, 52]","[314.0, 36]","[325.0, 63]",313.12,193,1.76,-0.03
07:47:24,"[312.0, 52]","[310.0, 21]","[321.87, 46]","[370.02, 44]",316.93,163,9.87,-0.1
07:47:25,"[312.0, 60]","[310.0, 26]","[324.54, 52]","[327.32, 41]",318.27,179,12.54,-0.04
07:47:26,"[312.0, 61]","[310.0, 28]","[322.6, 35]","[327.54, 41]",317.3,165,10.6,0.08
07:47:27,"[312.0, 12]","[310.0, 12]","[325.0, 24]","[371.17, 18]",318.5,66,13.0,-0.27
07:47:28,"[309.6, 40]","[306.33, 96]","[325.0, 48]","[443.25, 24]",317.3,208,15.4,0.31
07:47:29,"[309.0, 28]","[306.0, 77]","[325.0, 28]","[485.4, 15]",317.0,148,16.0,0.42
07:47:30,"[314.0, 12]","[309.0, 48]","[324.43, 51]","[397.53, 36]",319.22,147,10.43,-0.18
07:47:31,"[314.0, 9]","[309.0, 36]","[321.75, 28]","[323.81, 21]",317.88,94,7.75,-0.04
07:47:32,"[314.0, 16]","[309.0, 64]","[318.56, 78]","[321.07, 58]",316.28,216,4.56,-0.26
07:47:33,"[312.18, 22]","[308.15, 78]","[315.43, 72]","[322.54, 52]",313.81,224,3.25,-0.11
07:47:34,"[309.0, 30]","[306.0, 110]","[322.18, 22]","[327.86, 28]",315.59,190,13.18,0.47
07:47:35,"[306.69, 35]","[305.12, 34]","[320.1, 31]","[321.63, 19]",313.39,119,13.41,0.16
07:47:36,"[306.0, 48]","[302.87, 15]","[319.38, 32]","[322.0, 8]",312.69,103,13.38,0.22
07:47:37,"[306.29, 93]","[304.1, 29]","[310.46, 52]","[313.38, 29]",308.38,203,4.17,0.2
07:47:38,"[307.0, 72]","[306.0, 72]","[309.8, 30]","[317.6, 15]",308.4,189,2.8,0.52
07:47:39,"[308.26, 65]","[307.17, 70]","[310.93, 30]","[320.62, 16]",309.6,181,2.67,0.49
07:47:40,"[309.0, 30]","[308.0, 40]","[314.36, 22]","[315.79, 29]",311.68,121,5.36,0.16
07:47:41,"[308.29, 42]","[306.42, 76]","[311.0, 38]","[312.87, 46]",309.64,202,2.71,0.17
07:47:42,"[306.8, 50]","[304.37, 57]","[311.79, 43]","[315.8, 25]",309.3,175,4.99,0.22
07:47:43,"[306.0, 66]","[293.0, 55]","[319.45, 44]","[320.98, 41]",312.73,206,13.45,0.17
07:47:44,"[306.0, 57]","[295.73, 44]","[317.64, 44]","[319.15, 40]",311.82,185,11.64,0.09
07:47:45,"[309.94, 201]","[305.2, 30]","[315.0, 40]","[318.0, 30]",312.47,301,5.06,0.53
07:47:46,"[306.9, 31]","[305.25, 24]","[315.0, 32]","[318.0, 24]",310.95,111,8.1,-0.01
07:47:47,"[307.79, 58]","[306.87, 69]","[315.0, 72]","[317.58, 38]",311.4,237,7.21,0.07
07:47:48,"[308.76, 38]","[307.0, 52]","[314.68, 47]","[315.75, 32]",311.72,169,5.92,0.07
07:47:49,"[307.8, 15]","[306.31, 39]","[313.92, 36]","[315.0, 48]",310.86,138,6.12,-0.22
07:47:50,"[307.0, 10]","[306.0, 30]","[313.0, 30]","[315.4, 40]",310.0,110,6.0,-0.27
07:47:51,"[310.6, 60]","[306.25, 24]","[313.0, 36]","[319.0, 48]",311.8,168,2.4,0.0
07:47:52,"[311.0, 117]","[307.0, 17]","[317.21, 57]","[319.79, 38]",314.11,229,6.21,0.17
07:47:53,"[311.0, 72]","[307.0, 12]","[316.25, 12]","[319.0, 48]",313.62,144,5.25,0.17
07:47:54,"[311.43, 84]","[309.4, 30]","[316.69, 36]","[318.34, 53]",314.06,203,5.27,0.12
07:47:55,"[314.0, 60]","[311.2, 82]","[317.0, 60]","[320.0, 45]",315.5,247,3.0,0.15
07:47:56,"[314.0, 28]","[312.0, 28]","[317.0, 28]","[319.29, 21]",315.5,105,3.0,0.07
07:47:57,"[314.0, 15]","[312.39, 46]","[317.0, 36]","[319.0, 27]",315.5,124,3.0,-0.02
07:47:58,"[314.0, 15]","[313.0, 135]","[316.18, 51]","[318.18, 56]",315.09,257,2.18,0.17
07:47:59,"[313.01, 109]","[312.16, 57]","[320.71, 42]","[323.86, 58]",316.86,266,7.71,0.25
07:48:00,"[313.0, 78]","[312.0, 56]","[320.29, 31]","[322.56, 54]",316.65,219,7.29,0.22
07:48:01,"[312.45, 60]","[311.27, 90]","[317.58, 38]","[320.32, 47]",315.01,235,5.13,0.28
07:48:02,"[311.71, 41]","[310.94, 70]","[314.32, 31]","[316.76, 34]",313.01,176,2.62,0.26
07:48:03,"[311.0, 72]","[309.45, 22]","[312.23, 26]","[319.19, 32]",311.62,152,1.23,0.24
07:48:04,"[311.0, 44]","[310.0, 22]","[312.0, 22]","[324.0, 33]",311.5,121,1.0,0.09
07:48:05,"[311.15, 33]","[310.08, 24]","[320.77, 47]","[324.44, 32]",315.96,136,9.61,-0.16
07:48:06,"[312.0, 50]","[311.0, 20]","[319.9, 50]","[328.82, 28]",315.95,148,7.9,-0.05
07:48:07,"[312.0, 65]","[311.0, 26]","[316.92, 65]","[324.62, 13]",314.46,169,4.92,0.08
07:48:08,"[312.0, 61]","[311.0, 26]","[315.0, 65]","[325.0, 13]",313.5,165,3.0,0.05
07:48:09,"[312.0, 36]","[311.0, 24]","[315.0, 60]","[325.0, 12]",313.5,132,3.0,-0.09
07:48:10,"[312.0, 45]","[311.0, 79]","[314.33, 75]","[316.18, 51]",313.17,250,2.33,-0.01
07:48:11,"[312.0, 24]","[311.0, 51]","[313.0, 40]","[315.0, 40]",312.5,155,1.0,-0.03
07:48:12,"[311.61, 41]","[309.27, 37]","[313.0, 52]","[316.5, 60]",312.3,190,1.39,-0.18
07:48:13,"[310.52, 25]","[308.12, 48]","[315.55, 29]","[322.72, 39]",313.04,141,5.03,0.04
07:48:14,"[310.64, 11]","[308.75, 24]","[320.43, 23]","[322.32, 19]",315.54,77,9.8,-0.09
07:48:15,"[310.0, 24]","[307.0, 60]","[318.11, 18]","[320.86, 42]",314.06,144,8.11,0.17
07:48:16,"[311.0, 52]","[308.57, 42]","[315.91, 57]","[316.89, 18]",313.46,169,4.91,0.11
07:48:17,"[312.0, 49]","[310.0, 30]","[313.94, 51]","[318.17, 24]",312.97,154,1.94,0.03
07:48:18,"[311.91, 22]","[309.78, 18]","[314.0, 32]","[321.0, 12]",312.95,84,2.09,-0.05
07:48:19,"[310.0, 11]","[309.0, 44]","[312.18, 44]","[323.0, 11]",311.09,110,2.18,0.0
07:48:20,"[309.09, 44]","[307.48, 66]","[317.95, 42]","[324.71, 14]",313.52,166,8.86,0.33
07:48:21,"[309.0, 42]","[307.0, 90]","[321.88, 41]","[326.12, 51]",315.44,224,12.88,0.18
07:48:22,"[309.0, 12]","[307.0, 60]","[319.0, 36]","[320.0, 12]",314.0,120,10.0,0.2
07:48:23,"[307.31, 32]","[306.28, 88]","[318.57, 47]","[319.38, 24]",312.94,191,11.26,0.26
07:48:24,"[307.0, 33]","[306.0, 77]","[316.24, 41]","[317.36, 36]",311.62,187,9.24,0.18
07:48:25,"[310.93, 162]","[309.64, 204]","[313.46, 59]","[314.49, 74]",312.19,499,2.53,0.47
07:48:26,"[311.0, 42]","[310.0, 112]","[312.31, 26]","[313.46, 26]",311.65,206,1.31,0.5
07:48:27,"[311.3, 30]","[310.07, 135]","[313.0, 48]","[319.0, 12]",312.15,225,1.7,0.47
07:48:28,"[310.03, 101]","[308.64, 77]","[312.74, 38]","[315.11, 19]",311.38,235,2.71,0.51
07:48:29,"[310.0, 154]","[307.0, 55]","[311.07, 43]","[312.12, 34]",310.53,286,1.07,0.46
07:48:30,"[310.0, 93]","[307.0, 45]","[311.89, 27]","[321.52, 25]",310.94,190,1.89,0.45
07:48:31,"[314.0, 14]","[310.0, 49]","[319.0, 7]","[326.0, 35]",316.5,105,5.0,0.2
07:48:32,"[312.82, 17]","[309.66, 41]","[319.0, 7]","[326.0, 35]",315.91,100,6.18,0.16
07:48:33,"[310.0, 85]","[307.0, 86]","[317.49, 53]","[323.73, 37]",313.75,261,7.49,0.31
07:48:34,"[310.0, 35]","[307.0, 42]","[317.0, 28]","[319.0, 7]",313.5,112,7.0,0.38
07:48:35,"[309.37, 57]","[305.55, 76]","[314.91, 44]","[317.36, 11]",312.14,188,5.54,0.41
07:48:36,"[307.0, 42]","[302.0, 77]","[314.0, 28]","[320.0, 7]",310.5,154,7.0,0.55
07:48:37,"[307.0, 84]","[302.0, 154]","[312.94, 51]","[338.9, 40]",309.97,329,5.94,0.45
07:48:38,"[307.0, 69]","[302.0, 143]","[310.24, 49]","[311.57, 42]",308.62,303,3.24,0.4
07:48:39,"[307.0, 24]","[302.0, 88]","[309.57, 28]","[316.53, 38]",308.29,178,2.57,0.26
07:48:40,"[307.69, 13]","[302.85, 53]","[310.46, 39]","[316.0, 65]",309.08,170,2.77,-0.22
07:48:41,"[301.29, 28]","[299.08, 60]","[307.71, 28]","[313.72, 32]",304.5,148,6.43,0.19
07:48:42,"[299.39, 62]","[298.8, 49]","[305.0, 27]","[307.0, 9]",302.19,147,5.61,0.51
07:48:43,"[299.07, 117]","[297.91, 22]","[303.92, 39]","[307.92, 13]",301.5,191,4.85,0.46
07:48:44,"[299.0, 45]","[294.26, 23]","[303.0, 27]","[309.0, 9]",301.0,104,4.0,0.31
07:48:45,"[299.0, 30]","[294.0, 18]","[302.83, 18]","[309.0, 6]",300.92,72,3.83,0.33
07:48:46,"[299.0, 75]","[294.0, 45]","[301.13, 45]","[309.65, 31]",300.07,196,2.13,0.22
07:48:47,"[297.56, 61]","[275.18, 85]","[305.82, 57]","[308.98, 86]",301.69,289,8.27,0.01
07:48:48,"[298.0, 40]","[294.0, 32]","[305.38, 52]","[307.0, 13]",301.69,137,7.38,0.05
07:48:49,"[298.42, 43]","[296.35, 34]","[305.0, 48]","[307.0, 12]",301.71,137,6.58,0.12
07:48:50,"[297.03, 74]","[295.53, 60]","[304.33, 61]","[307.0, 19]",300.68,214,7.3,0.25
07:48:51,"[294.0, 62]","[291.0, 58]","[296.89, 27]","[300.39, 23]",295.44,170,2.89,0.41
07:48:52,"[294.29, 28]","[292.33, 36]","[296.0, 18]","[297.0, 36]",295.14,118,1.71,0.08
07:48:53,"[295.0, 22]","[293.84, 25]","[296.0, 22]","[297.0, 44]",295.5,113,1.0,-0.17
07:48:54,"[295.0, 34]","[293.0, 17]","[296.39, 18]","[297.34, 61]",295.69,130,1.39,-0.22
07:48:55,"[295.0, 14]","[293.0, 7]","[297.0, 7]","[298.0, 21]",296.0,49,2.0,-0.14
07:48:56,"[295.89, 18]","[293.0, 9]","[297.78, 9]","[299.62, 13]",296.83,49,1.89,0.1
07:48:57,"[294.7, 10]","[292.2, 10]","[300.67, 9]","[301.89, 9]",297.68,38,5.97,0.05
07:48:58,"[295.33, 12]","[292.56, 9]","[301.0, 9]","[302.0, 9]",298.17,39,5.67,0.08
07:48:59,"[296.8, 40]","[295.0, 10]","[301.0, 10]","[302.0, 10]",298.9,70,4.2,0.43
07:49:00,"[297.0, 48]","[295.0, 12]","[301.67, 12]","[302.67, 12]",299.33,84,4.67,0.43
