Time,Bid1,Bid2,Ask1,Ask2,Mid-Price,Total_volume,Bid_ask_spread,Order_imbalance
07:30:00,"[0, 0]","[0, 0]","[0, 0]","[0, 0]",0.0,0,0.0,0.0
07:30:02,"[58.67, 6]","[58.0, 4]","[799.75, 20]","[0, 0]",429.21,30,741.08,-0.33
07:30:03,"[161.0, 4]","[59.0, 4]","[799.0, 10]","[0, 0]",480.0,18,638.0,-0.11
07:30:04,"[264.0, 18]","[235.0, 18]","[575.73, 41]","[592.37, 19]",419.87,96,311.73,-0.25
07:30:05,"[331.18, 22]","[323.45, 22]","[348.92, 13]","[362.04, 23]",340.05,80,17.74,0.1
07:30:06,"[345.45, 53]","[333.32, 53]","[347.21, 14]","[348.82, 22]",346.33,142,1.76,0.49
07:30:07,"[345.0, 49]","[288.43, 14]","[346.0, 7]","[349.0, 21]",345.5,91,1.0,0.38
07:30:08,"[345.0, 32]","[342.0, 10]","[348.45, 11]","[358.0, 15]",346.73,68,3.45,0.24
07:30:09,"[345.0, 6]","[342.0, 2]","[349.0, 3]","[364.0, 3]",347.0,14,4.0,0.14
07:30:10,"[345.0, 21]","[342.0, 14]","[349.0, 21]","[364.0, 21]",347.0,77,4.0,-0.09
07:30:11,"[345.0, 6]","[342.0, 12]","[349.0, 18]","[364.0, 18]",347.0,54,4.0,-0.33
07:30:12,"[345.0, 7]","[342.0, 14]","[349.0, 21]","[364.0, 21]",347.0,63,4.0,-0.33
07:30:13,"[345.0, 8]","[342.0, 16]","[348.71, 21]","[358.5, 24]",346.86,69,3.71,-0.3
07:30:14,"[292.69, 13]","[290.57, 14]","[347.0, 10]","[350.0, 15]",319.85,52,54.31,0.04
07:30:15,"[335.23, 77]","[334.91, 67]","[346.27, 30]","[349.8, 45]",340.75,219,11.03,0.32
07:30:16,"[344.0, 26]","[343.0, 60]","[348.77, 35]","[360.25, 36]",346.39,157,4.77,0.1
07:30:17,"[344.0, 22]","[343.0, 55]","[348.45, 33]","[360.0, 33]",346.23,143,4.45,0.08
07:30:18,"[344.0, 22]","[343.0, 55]","[348.0, 33]","[362.0, 33]",346.0,143,4.0,0.08
07:30:19,"[344.0, 8]","[343.0, 20]","[348.0, 12]","[362.0, 12]",346.0,52,4.0,0.08
07:30:20,"[345.33, 24]","[343.55, 33]","[347.6, 30]","[354.5, 36]",346.47,123,2.27,-0.07
07:30:21,"[344.0, 22]","[343.0, 55]","[347.0, 33]","[360.0, 33]",345.5,143,3.0,0.08
07:30:22,"[344.0, 20]","[343.0, 50]","[357.4, 30]","[364.36, 22]",350.7,122,13.4,0.15
07:30:23,"[344.67, 60]","[337.44, 54]","[359.9, 30]","[364.0, 27]",352.28,171,15.23,0.33
07:30:24,"[345.0, 90]","[343.0, 60]","[356.47, 19]","[358.78, 41]",350.74,210,11.47,0.43
07:30:25,"[345.0, 96]","[343.0, 64]","[353.71, 17]","[354.81, 31]",349.35,208,8.71,0.54
07:30:26,"[345.0, 38]","[343.0, 44]","[351.0, 11]","[354.0, 22]",348.0,115,6.0,0.43
07:30:27,"[345.0, 28]","[343.0, 56]","[348.82, 22]","[353.5, 24]",346.91,130,3.82,0.29
07:30:28,"[346.0, 123]","[345.0, 42]","[347.0, 63]","[354.8, 41]",346.5,269,1.0,0.23
07:30:29,"[346.0, 40]","[345.0, 20]","[347.0, 30]","[358.0, 30]",346.5,120,1.0,0.0
07:30:30,"[346.0, 44]","[345.0, 22]","[347.0, 33]","[358.0, 33]",346.5,132,1.0,0.0
07:30:31,"[347.77, 124]","[345.0, 32]","[357.06, 18]","[358.56, 48]",352.41,222,9.28,0.41
07:30:32,"[348.0, 110]","[345.0, 32]","[355.12, 16]","[360.86, 84]",351.56,242,7.12,0.17
07:30:33,"[347.5, 48]","[344.67, 24]","[352.86, 14]","[360.78, 32]",350.18,118,5.36,0.22
07:30:34,"[347.94, 286]","[344.82, 34]","[351.42, 31]","[352.68, 37]",349.68,388,3.48,0.65
07:30:35,"[348.0, 273]","[345.37, 19]","[349.38, 39]","[362.0, 13]",348.69,344,1.38,0.7
07:30:36,"[348.0, 99]","[346.0, 5]","[351.36, 11]","[363.0, 9]",349.68,124,3.36,0.68
07:30:37,"[348.0, 108]","[346.0, 6]","[363.71, 14]","[364.67, 18]",355.86,146,15.71,0.56
07:30:38,"[348.0, 72]","[346.0, 4]","[364.0, 12]","[365.0, 12]",356.0,100,16.0,0.52
07:30:39,"[348.0, 157]","[346.0, 9]","[349.0, 9]","[364.0, 27]",348.5,202,1.0,0.64
07:30:40,"[348.0, 133]","[345.2, 20]","[364.34, 32]","[366.0, 16]",356.17,201,16.34,0.52
07:30:41,"[348.0, 96]","[345.0, 24]","[364.33, 12]","[367.0, 33]",356.17,165,16.33,0.45
07:30:42,"[348.0, 42]","[345.0, 14]","[364.0, 7]","[365.0, 14]",356.0,77,16.0,0.45
07:30:43,"[348.0, 39]","[345.0, 18]","[364.0, 9]","[365.0, 18]",356.0,84,16.0,0.36
07:30:44,"[345.0, 40]","[344.31, 26]","[364.0, 13]","[365.0, 26]",354.5,105,19.0,0.26
07:30:45,"[344.0, 50]","[342.0, 10]","[364.0, 5]","[365.0, 10]",354.0,75,20.0,0.6
07:30:46,"[345.46, 210]","[343.85, 108]","[364.0, 14]","[365.0, 28]",354.73,360,18.54,0.77
07:30:47,"[347.38, 136]","[345.0, 10]","[364.0, 8]","[365.0, 16]",355.69,170,16.62,0.72
07:30:48,"[348.0, 221]","[345.0, 26]","[364.0, 13]","[365.0, 26]",356.0,286,16.0,0.73
07:30:49,"[348.0, 153]","[345.0, 18]","[364.0, 9]","[365.0, 18]",356.0,198,16.0,0.73
07:30:50,"[348.0, 272]","[345.0, 28]","[359.48, 52]","[360.33, 49]",353.74,401,11.48,0.5
07:30:51,"[348.0, 153]","[346.87, 30]","[353.74, 42]","[356.24, 21]",350.87,246,5.74,0.49
07:30:52,"[348.0, 204]","[347.0, 48]","[350.5, 36]","[351.83, 48]",349.25,336,2.5,0.5
07:30:53,"[348.0, 281]","[347.0, 76]","[350.14, 92]","[356.49, 59]",349.07,508,2.14,0.41
07:30:54,"[348.0, 117]","[347.0, 36]","[349.44, 45]","[358.57, 42]",348.72,240,1.44,0.28
07:30:55,"[348.0, 90]","[347.0, 36]","[349.0, 45]","[359.0, 51]",348.5,222,1.0,0.14
07:30:56,"[348.0, 70]","[347.0, 28]","[359.0, 29]","[458.2, 20]",353.5,147,11.0,0.33
07:30:57,"[348.07, 86]","[347.65, 92]","[359.0, 36]","[441.0, 49]",353.53,263,10.93,0.35
07:30:58,"[349.0, 9]","[348.0, 90]","[359.0, 54]","[360.0, 45]",354.0,198,10.0,0.0
07:30:59,"[348.06, 82]","[347.58, 86]","[359.0, 84]","[360.0, 70]",353.53,322,10.94,0.04
07:31:00,"[348.0, 77]","[347.0, 44]","[356.7, 30]","[358.31, 36]",352.35,187,8.7,0.29
07:31:01,"[348.0, 49]","[347.0, 44]","[354.18, 33]","[356.0, 11]",351.09,137,6.18,0.36
07:31:02,"[348.0, 24]","[347.0, 32]","[352.12, 24]","[356.0, 8]",350.06,88,4.12,0.27
07:31:03,"[348.0, 36]","[347.0, 48]","[351.27, 26]","[352.59, 22]",349.63,132,3.27,0.27
07:31:04,"[348.0, 27]","[346.87, 30]","[349.04, 25]","[350.27, 11]",348.52,93,1.04,0.23
07:31:05,"[348.03, 90]","[347.02, 40]","[359.87, 76]","[361.99, 80]",353.95,286,11.84,-0.09
07:31:06,"[348.0, 70]","[345.0, 14]","[361.41, 22]","[362.04, 75]",354.7,181,13.41,-0.07
07:31:07,"[348.0, 60]","[345.0, 12]","[360.0, 12]","[362.0, 48]",354.0,132,12.0,0.09
07:31:08,"[348.0, 55]","[345.0, 11]","[356.72, 47]","[359.19, 27]",352.36,140,8.72,-0.06
07:31:09,"[348.0, 70]","[345.0, 14]","[355.79, 38]","[356.95, 76]",351.89,198,7.79,-0.15
07:31:10,"[347.88, 25]","[344.8, 15]","[355.0, 13]","[356.0, 65]",351.44,118,7.12,-0.32
07:31:11,"[345.0, 15]","[344.0, 75]","[348.63, 19]","[355.23, 35]",346.82,144,3.63,0.25
07:31:12,"[345.0, 9]","[344.0, 45]","[346.31, 13]","[350.11, 9]",345.65,76,1.31,0.42
07:31:13,"[344.23, 31]","[343.71, 41]","[345.85, 13]","[347.0, 13]",345.04,98,1.62,0.47
07:31:14,"[344.0, 39]","[342.0, 13]","[353.92, 13]","[362.0, 70]",348.96,135,9.92,-0.23
07:31:15,"[344.62, 8]","[343.88, 16]","[356.0, 6]","[362.0, 30]",350.31,60,11.38,-0.2
07:31:16,"[345.0, 6]","[344.0, 18]","[356.0, 6]","[362.0, 30]",350.5,60,11.0,-0.2
07:31:17,"[344.14, 7]","[343.0, 6]","[356.0, 4]","[362.0, 20]",350.07,37,11.86,-0.3
07:31:18,"[343.18, 11]","[338.31, 13]","[356.0, 9]","[362.0, 45]",349.59,78,12.82,-0.38
07:31:19,"[343.0, 11]","[342.0, 11]","[353.71, 17]","[355.05, 38]",348.35,77,10.71,-0.43
07:31:20,"[343.0, 15]","[342.0, 15]","[348.71, 21]","[351.44, 54]",345.86,105,5.71,-0.43
07:31:21,"[343.55, 22]","[342.17, 12]","[345.4, 45]","[350.44, 16]",344.47,95,1.85,-0.28
07:31:22,"[343.29, 24]","[339.14, 22]","[347.0, 16]","[359.62, 80]",345.15,142,3.71,-0.35
07:31:23,"[333.4, 104]","[317.72, 18]","[359.29, 52]","[361.34, 85]",346.35,259,25.88,-0.06
07:31:24,"[330.27, 140]","[327.88, 69]","[360.07, 68]","[360.88, 58]",345.17,335,29.8,0.25
07:31:25,"[333.26, 358]","[330.11, 112]","[355.37, 65]","[355.83, 71]",344.31,606,22.11,0.55
07:31:26,"[334.89, 253]","[333.4, 50]","[353.0, 33]","[354.0, 61]",343.95,397,18.11,0.53
07:31:27,"[337.16, 218]","[335.34, 155]","[353.0, 42]","[354.0, 84]",345.08,499,15.84,0.49
07:31:28,"[338.5, 114]","[333.71, 42]","[352.0, 6]","[353.0, 18]",345.25,180,13.5,0.73
07:31:29,"[339.15, 199]","[335.52, 202]","[350.06, 17]","[351.48, 21]",344.6,439,10.91,0.83
07:31:30,"[342.82, 217]","[342.83, 152]","[347.55, 22]","[348.82, 22]",345.18,413,4.73,0.79
07:31:31,"[344.0, 160]","[340.0, 60]","[346.2, 10]","[350.0, 10]",345.1,240,2.2,0.83
07:31:32,"[344.89, 270]","[340.0, 108]","[354.2, 41]","[355.94, 67]",349.54,486,9.31,0.56
07:31:33,"[345.13, 237]","[339.18, 102]","[355.14, 65]","[357.0, 54]",350.13,458,10.01,0.48
07:31:34,"[341.75, 44]","[337.94, 79]","[354.37, 76]","[357.14, 59]",348.06,258,12.62,-0.05
07:31:35,"[346.57, 14]","[345.0, 14]","[354.0, 56]","[357.21, 56]",350.29,140,7.43,-0.6
07:31:36,"[345.31, 13]","[341.12, 68]","[353.16, 38]","[354.85, 52]",349.23,171,7.85,-0.05
07:31:37,"[347.88, 25]","[343.67, 18]","[350.76, 34]","[352.64, 44]",349.32,121,2.88,-0.29
07:31:38,"[346.91, 22]","[342.82, 40]","[348.93, 60]","[356.39, 46]",347.92,168,2.02,-0.26
07:31:39,"[344.79, 14]","[343.54, 39]","[347.75, 48]","[360.45, 47]",346.27,148,2.96,-0.28
07:31:40,"[344.0, 27]","[341.0, 54]","[359.27, 30]","[360.27, 33]",351.63,144,15.27,0.12
07:31:41,"[344.78, 96]","[341.79, 57]","[358.0, 36]","[359.0, 48]",351.39,237,13.22,0.29
07:31:42,"[345.0, 195]","[344.0, 39]","[358.0, 39]","[359.0, 52]",351.5,325,13.0,0.44
07:31:43,"[345.4, 75]","[344.94, 159]","[354.92, 39]","[358.75, 48]",350.16,321,9.52,0.46
07:31:44,"[345.07, 129]","[344.65, 69]","[354.45, 29]","[357.62, 42]",349.76,269,9.38,0.47
07:31:45,"[345.0, 195]","[344.0, 42]","[356.47, 38]","[358.57, 46]",350.74,321,11.47,0.48
07:31:46,"[345.0, 110]","[344.0, 33]","[356.0, 44]","[357.44, 27]",350.5,214,11.0,0.34
07:31:47,"[345.0, 102]","[344.0, 33]","[356.7, 40]","[359.73, 41]",350.85,216,11.7,0.25
07:31:48,"[345.0, 96]","[344.0, 36]","[357.0, 60]","[359.0, 48]",351.0,240,12.0,0.1
07:31:49,"[345.0, 72]","[344.0, 27]","[356.19, 27]","[357.57, 42]",350.59,168,11.19,0.18
07:31:50,"[345.0, 120]","[344.0, 45]","[352.76, 17]","[354.31, 32]",348.88,214,7.76,0.54
07:31:51,"[345.15, 103]","[344.14, 70]","[349.28, 25]","[351.13, 30]",347.21,228,4.13,0.52
07:31:52,"[346.26, 31]","[345.0, 147]","[349.0, 42]","[357.0, 42]",347.63,262,2.74,0.36
07:31:53,"[345.93, 57]","[344.94, 94]","[348.12, 17]","[357.0, 28]",347.02,196,2.19,0.54
07:31:54,"[346.0, 22]","[345.0, 77]","[348.0, 11]","[357.0, 22]",347.0,132,2.0,0.5
07:31:55,"[346.36, 22]","[345.0, 77]","[348.0, 11]","[357.0, 22]",347.18,132,1.64,0.5
07:31:56,"[347.1, 49]","[345.0, 126]","[358.05, 39]","[360.85, 54]",352.58,268,10.95,0.31
07:31:57,"[346.32, 28]","[344.77, 79]","[362.0, 52]","[363.0, 52]",354.16,211,15.68,0.01
07:31:58,"[345.0, 36]","[343.0, 18]","[362.0, 24]","[363.0, 24]",353.5,102,17.0,0.06
07:31:59,"[345.0, 30]","[343.0, 15]","[362.0, 20]","[363.0, 20]",353.5,85,17.0,0.06
07:32:00,"[345.0, 66]","[343.0, 33]","[362.0, 44]","[363.0, 44]",353.5,187,17.0,0.06
07:32:01,"[349.0, 65]","[345.0, 78]","[361.51, 35]","[362.15, 52]",355.26,230,12.51,0.24
07:32:02,"[349.0, 55]","[345.0, 66]","[359.0, 11]","[361.0, 44]",354.0,176,10.0,0.38
07:32:03,"[349.0, 65]","[345.67, 63]","[357.29, 14]","[360.2, 49]",353.14,191,8.29,0.34
07:32:04,"[349.0, 65]","[345.85, 78]","[357.28, 25]","[358.72, 50]",353.14,218,8.28,0.31
07:32:05,"[348.13, 62]","[345.33, 72]","[356.83, 36]","[357.69, 58]",352.48,228,8.7,0.18
07:32:06,"[346.0, 21]","[345.0, 42]","[356.0, 35]","[357.0, 27]",351.0,125,10.0,0.01
07:32:07,"[346.0, 33]","[345.0, 66]","[354.73, 55]","[357.0, 49]",350.36,203,8.73,-0.02
07:32:08,"[346.0, 39]","[345.0, 78]","[352.13, 55]","[354.02, 49]",349.06,221,6.13,0.06
07:32:09,"[345.39, 38]","[344.43, 42]","[347.78, 45]","[349.35, 31]",346.59,156,2.38,0.03
07:32:10,"[345.0, 58]","[343.12, 51]","[346.21, 63]","[347.28, 50]",345.6,222,1.21,-0.02
07:32:11,"[344.33, 36]","[343.67, 36]","[346.0, 16]","[352.71, 28]",345.17,116,1.67,0.24
07:32:12,"[344.0, 54]","[343.0, 27]","[345.78, 18]","[355.78, 36]",344.89,135,1.78,0.2
07:32:13,"[344.0, 54]","[343.0, 33]","[355.76, 58]","[359.67, 54]",349.88,199,11.76,-0.13
07:32:14,"[344.0, 38]","[343.0, 33]","[358.0, 88]","[361.0, 55]",351.0,214,14.0,-0.34
07:32:15,"[344.0, 9]","[337.87, 39]","[358.0, 72]","[361.0, 45]",351.0,165,14.0,-0.42
07:32:16,"[344.0, 31]","[343.0, 52]","[357.92, 61]","[361.0, 65]",350.96,209,13.92,-0.21
07:32:17,"[344.91, 11]","[343.23, 26]","[356.09, 55]","[360.61, 33]",350.5,125,11.18,-0.41
07:32:18,"[346.33, 15]","[344.0, 15]","[355.0, 75]","[357.99, 79]",350.67,184,8.67,-0.67
07:32:19,"[348.64, 36]","[345.25, 16]","[353.38, 80]","[357.0, 80]",351.01,212,4.74,-0.51
07:32:20,"[349.51, 47]","[347.37, 27]","[351.6, 75]","[357.0, 75]",350.56,224,2.09,-0.34
07:32:21,"[345.93, 28]","[343.04, 79]","[350.4, 53]","[359.73, 64]",348.16,224,4.47,-0.04
07:32:22,"[346.03, 30]","[344.49, 49]","[350.0, 32]","[359.0, 61]",348.02,172,3.97,-0.08
07:32:23,"[345.44, 27]","[344.26, 23]","[348.79, 38]","[358.97, 92]",347.12,180,3.35,-0.44
07:32:24,"[345.56, 16]","[344.56, 16]","[346.92, 25]","[358.83, 48]",346.24,105,1.36,-0.39
07:32:25,"[345.0, 17]","[344.0, 17]","[359.27, 83]","[360.84, 82]",352.13,199,14.27,-0.66
07:32:26,"[345.0, 17]","[344.0, 17]","[356.53, 85]","[358.41, 37]",350.76,156,11.53,-0.56
07:32:27,"[343.92, 13]","[335.09, 55]","[355.0, 65]","[362.62, 52]",349.46,185,11.08,-0.26
07:32:28,"[343.0, 10]","[334.0, 70]","[355.0, 50]","[363.0, 20]",349.0,150,12.0,0.07
07:32:29,"[343.0, 13]","[334.0, 91]","[354.23, 65]","[361.62, 26]",348.62,195,11.23,0.07
07:32:30,"[346.0, 21]","[343.0, 15]","[352.9, 69]","[356.22, 32]",349.45,137,6.9,-0.47
07:32:31,"[346.0, 11]","[343.0, 11]","[350.18, 33]","[352.0, 11]",348.09,66,4.18,-0.33
07:32:32,"[344.5, 16]","[339.0, 24]","[347.13, 67]","[350.59, 27]",345.82,134,2.63,-0.4
07:32:33,"[343.4, 10]","[338.5, 16]","[346.87, 30]","[356.0, 16]",345.13,72,3.47,-0.28
07:32:34,"[343.0, 13]","[337.0, 26]","[348.44, 25]","[348.93, 30]",345.72,94,5.44,-0.17
07:32:35,"[343.56, 16]","[339.35, 23]","[345.62, 26]","[347.71, 34]",344.59,99,2.05,-0.21
07:32:36,"[342.94, 17]","[341.33, 18]","[346.47, 17]","[347.98, 61]",344.71,113,3.53,-0.38
07:32:37,"[336.88, 34]","[333.19, 43]","[343.9, 21]","[347.48, 54]",340.39,152,7.02,0.01
07:32:38,"[335.71, 77]","[333.65, 49]","[338.13, 55]","[342.22, 45]",336.92,226,2.41,0.12
07:32:39,"[336.87, 90]","[334.43, 42]","[350.97, 73]","[352.63, 97]",343.92,302,14.11,-0.13
07:32:40,"[337.78, 108]","[334.09, 66]","[348.29, 59]","[349.45, 67]",343.03,300,10.51,0.16
07:32:41,"[338.0, 65]","[333.0, 75]","[345.8, 45]","[349.0, 90]",341.9,275,7.8,0.02
07:32:42,"[338.22, 9]","[333.0, 45]","[345.0, 27]","[349.0, 22]",341.61,103,6.78,0.05
07:32:43,"[340.38, 16]","[336.49, 63]","[344.44, 48]","[349.0, 32]",342.41,159,4.06,-0.01
07:32:44,"[338.03, 32]","[337.29, 62]","[343.5, 60]","[346.0, 50]",340.77,204,5.47,-0.08
07:32:45,"[331.92, 87]","[330.0, 17]","[340.16, 43]","[342.73, 59]",336.04,206,8.24,0.01
07:32:46,"[332.0, 136]","[328.0, 17]","[339.5, 44]","[340.47, 64]",335.75,261,7.5,0.17
07:32:47,"[332.95, 152]","[327.09, 35]","[337.65, 74]","[338.52, 42]",335.3,303,4.7,0.23
07:32:48,"[333.03, 91]","[330.51, 41]","[335.0, 68]","[336.86, 56]",334.02,256,1.97,0.03
07:32:49,"[333.74, 118]","[326.69, 16]","[335.16, 49]","[337.5, 64]",334.45,247,1.43,0.09
07:32:50,"[328.6, 50]","[326.29, 14]","[340.86, 57]","[347.18, 62]",334.73,183,12.26,-0.3
07:32:51,"[329.93, 60]","[325.33, 15]","[345.0, 93]","[346.0, 75]",337.47,243,15.07,-0.38
07:32:52,"[332.0, 56]","[323.47, 17]","[345.0, 73]","[346.0, 70]",338.5,216,13.0,-0.32
07:32:53,"[332.96, 46]","[327.0, 14]","[345.0, 73]","[346.0, 70]",338.98,203,12.04,-0.41
07:32:54,"[334.94, 51]","[330.84, 73]","[344.08, 25]","[345.12, 85]",339.51,234,9.14,0.06
07:32:55,"[338.0, 45]","[331.0, 75]","[341.13, 15]","[347.3, 100]",339.57,235,3.13,0.02
07:32:56,"[342.09, 99]","[334.48, 69]","[348.0, 85]","[349.0, 85]",345.05,338,5.91,-0.01
07:32:57,"[343.92, 108]","[342.65, 60]","[348.0, 70]","[349.59, 61]",345.96,299,4.08,0.12
07:32:58,"[345.11, 106]","[343.76, 114]","[348.0, 80]","[349.4, 40]",346.56,340,2.89,0.29
07:32:59,"[345.67, 63]","[343.0, 81]","[348.0, 45]","[349.0, 18]",346.83,207,2.33,0.39
07:33:00,"[346.0, 209]","[343.0, 99]","[348.0, 55]","[349.0, 22]",347.0,385,2.0,0.6
07:33:01,"[346.0, 230]","[343.0, 135]","[348.0, 75]","[349.0, 30]",347.0,470,2.0,0.55
07:33:02,"[346.03, 116]","[343.75, 96]","[348.0, 50]","[349.0, 20]",347.02,282,1.97,0.5
07:33:03,"[346.0, 117]","[343.0, 90]","[347.71, 35]","[348.78, 23]",346.86,265,1.71,0.56
07:33:04,"[346.0, 64]","[345.0, 24]","[348.36, 22]","[350.45, 31]",347.18,141,2.36,0.25
07:33:05,"[346.0, 28]","[343.67, 54]","[350.0, 50]","[353.6, 50]",348.0,182,4.0,-0.1
07:33:06,"[349.0, 24]","[345.0, 36]","[350.0, 60]","[356.0, 60]",349.5,180,1.0,-0.33
07:33:07,"[349.0, 24]","[345.0, 36]","[350.0, 60]","[356.0, 60]",349.5,180,1.0,-0.33
07:33:08,"[349.0, 12]","[345.0, 18]","[350.0, 30]","[353.33, 15]",349.5,75,1.0,-0.2
07:33:09,"[349.0, 18]","[345.0, 27]","[350.0, 45]","[352.0, 18]",349.5,108,1.0,-0.17
07:33:10,"[349.0, 18]","[345.0, 27]","[350.0, 45]","[352.0, 18]",349.5,108,1.0,-0.17
07:33:11,"[344.5, 28]","[339.58, 36]","[350.0, 36]","[352.0, 16]",347.25,116,5.5,0.1
07:33:12,"[343.18, 66]","[339.09, 69]","[350.0, 27]","[352.0, 18]",346.59,180,6.82,0.5
07:33:13,"[345.75, 16]","[343.0, 56]","[350.0, 12]","[352.0, 8]",347.88,92,4.25,0.57
07:33:14,"[347.7, 30]","[346.0, 40]","[350.0, 30]","[352.0, 20]",348.85,120,2.3,0.17
07:33:15,"[348.0, 21]","[346.0, 40]","[350.0, 30]","[352.0, 20]",349.0,111,2.0,0.1
07:33:16,"[348.58, 38]","[343.57, 77]","[350.0, 51]","[352.0, 34]",349.29,200,1.42,0.15
07:33:17,"[345.85, 20]","[342.82, 66]","[349.08, 26]","[351.2, 20]",347.46,132,3.23,0.3
07:33:18,"[346.87, 69]","[343.35, 51]","[348.0, 30]","[352.0, 78]",347.43,228,1.13,0.05
07:33:19,"[347.0, 39]","[346.0, 13]","[348.0, 26]","[352.64, 56]",347.5,134,1.0,-0.22
07:33:20,"[346.98, 49]","[345.64, 25]","[349.11, 38]","[355.03, 97]",348.04,209,2.13,-0.29
07:33:21,"[347.0, 14]","[345.27, 62]","[355.0, 84]","[358.0, 14]",351.0,174,8.0,-0.13
07:33:22,"[348.36, 11]","[346.0, 22]","[354.92, 65]","[356.88, 16]",351.64,114,6.56,-0.42
07:33:23,"[349.0, 13]","[346.0, 26]","[352.96, 57]","[354.39, 66]",350.98,162,3.96,-0.52
07:33:24,"[349.93, 68]","[347.42, 19]","[351.43, 42]","[353.0, 70]",350.68,199,1.5,-0.13
07:33:25,"[349.68, 34]","[346.56, 27]","[352.47, 78]","[357.99, 77]",351.08,216,2.8,-0.44
07:33:26,"[349.98, 65]","[345.78, 69]","[351.63, 87]","[357.62, 48]",350.81,269,1.65,-0.0
07:33:27,"[346.0, 30]","[345.0, 135]","[356.89, 18]","[358.33, 36]",351.44,219,10.89,0.51
07:33:28,"[346.23, 26]","[345.02, 104]","[355.21, 14]","[357.43, 28]",350.72,172,8.98,0.51
07:33:29,"[349.0, 16]","[346.0, 32]","[355.0, 16]","[357.22, 36]",352.0,100,6.0,-0.04
07:33:30,"[349.0, 15]","[346.0, 30]","[354.27, 15]","[358.06, 63]",351.63,123,5.27,-0.27
07:33:31,"[349.0, 14]","[346.0, 28]","[352.43, 14]","[357.5, 32]",350.71,88,3.43,-0.05
07:33:32,"[346.72, 29]","[345.08, 168]","[350.18, 22]","[353.79, 28]",348.45,247,3.46,0.6
07:33:33,"[345.19, 113]","[344.91, 161]","[348.09, 33]","[349.29, 21]",346.64,328,2.9,0.67
07:33:34,"[345.0, 167]","[343.0, 13]","[346.91, 22]","[354.31, 29]",345.95,231,1.91,0.56
07:33:35,"[345.0, 144]","[343.0, 12]","[346.0, 24]","[361.0, 84]",345.5,264,1.0,0.18
07:33:36,"[345.04, 47]","[343.67, 12]","[357.67, 45]","[361.36, 55]",351.35,159,12.62,-0.26
07:33:37,"[346.0, 15]","[345.0, 30]","[361.0, 105]","[362.52, 67]",353.5,217,15.0,-0.59
07:33:38,"[346.0, 11]","[345.0, 22]","[361.0, 77]","[363.0, 55]",353.5,165,15.0,-0.6
07:33:39,"[346.0, 14]","[345.0, 28]","[361.0, 98]","[363.0, 70]",353.5,210,15.0,-0.6
07:33:40,"[346.62, 26]","[345.29, 28]","[359.73, 48]","[361.25, 44]",353.17,146,13.11,-0.26
07:33:41,"[348.08, 25]","[347.83, 23]","[358.23, 22]","[359.25, 44]",353.15,114,10.15,-0.16
07:33:42,"[349.33, 24]","[347.0, 32]","[355.75, 16]","[359.88, 120]",352.54,192,6.42,-0.42
07:33:43,"[349.0, 16]","[345.0, 16]","[355.0, 8]","[360.46, 26]",352.0,66,6.0,-0.03
07:33:44,"[349.0, 20]","[345.0, 20]","[354.5, 10]","[360.0, 30]",351.75,80,5.5,0.0
07:33:45,"[343.83, 29]","[339.52, 66]","[353.53, 15]","[360.87, 45]",348.68,155,9.71,0.23
07:33:46,"[338.0, 120]","[334.0, 36]","[347.6, 15]","[358.33, 27]",342.8,198,9.6,0.58
07:33:47,"[338.0, 80]","[334.0, 40]","[351.0, 10]","[356.57, 37]",344.5,167,13.0,0.44
07:33:48,"[338.0, 88]","[334.0, 30]","[350.0, 11]","[354.69, 48]",344.0,177,12.0,0.33
07:33:49,"[338.94, 70]","[337.63, 60]","[349.48, 21]","[352.06, 66]",344.21,217,10.53,0.2
07:33:50,"[342.54, 39]","[340.85, 39]","[346.31, 13]","[351.0, 52]",344.42,143,3.77,0.09
07:33:51,"[343.0, 21]","[337.79, 38]","[346.0, 7]","[351.0, 28]",344.5,94,3.0,0.26
07:33:52,"[343.0, 32]","[337.05, 93]","[344.75, 12]","[352.14, 42]",343.88,179,1.75,0.4
07:33:53,"[336.22, 41]","[290.36, 36]","[353.32, 37]","[354.46, 39]",344.77,153,17.1,0.01
07:33:54,"[326.0, 9]","[206.06, 32]","[354.0, 27]","[355.0, 27]",340.0,95,28.0,-0.14
07:33:55,"[326.0, 77]","[252.2, 35]","[346.83, 23]","[353.09, 33]",336.41,168,20.83,0.33
07:33:56,"[337.8, 30]","[331.0, 66]","[350.0, 33]","[352.27, 33]",343.9,162,12.2,0.19
07:33:57,"[338.0, 33]","[337.0, 30]","[349.7, 33]","[353.24, 29]",343.85,125,11.7,0.01
07:33:58,"[339.26, 23]","[338.03, 38]","[341.83, 60]","[345.95, 81]",340.55,202,2.57,-0.4
07:33:59,"[339.78, 18]","[334.08, 13]","[341.67, 30]","[343.56, 41]",340.72,102,1.89,-0.39
07:34:00,"[339.93, 15]","[331.43, 21]","[346.0, 44]","[350.81, 47]",342.97,127,6.07,-0.43
07:34:01,"[341.0, 45]","[340.0, 9]","[346.0, 29]","[351.0, 33]",343.5,116,5.0,-0.07
07:34:02,"[341.1, 62]","[340.19, 37]","[346.0, 37]","[351.0, 75]",343.55,211,4.9,-0.06
07:34:03,"[345.0, 33]","[342.0, 55]","[350.35, 46]","[352.23, 39]",347.67,173,5.35,0.02
07:34:04,"[346.83, 60]","[345.0, 36]","[351.0, 60]","[353.0, 36]",348.92,192,4.17,0.0
07:34:05,"[349.0, 43]","[345.0, 33]","[351.0, 55]","[386.75, 48]",350.0,179,2.0,-0.15
07:34:06,"[349.77, 13]","[345.0, 39]","[351.0, 65]","[353.0, 65]",350.38,182,1.23,-0.43
07:34:07,"[345.0, 30]","[338.09, 47]","[351.0, 40]","[353.0, 50]",348.0,167,6.0,-0.08
07:34:08,"[345.41, 39]","[343.83, 24]","[351.0, 36]","[353.0, 45]",348.21,144,5.59,-0.12
07:34:09,"[349.0, 14]","[345.0, 35]","[351.0, 28]","[352.76, 33]",350.0,110,2.0,-0.11
07:34:10,"[345.0, 32]","[343.0, 16]","[351.0, 32]","[353.0, 40]",348.0,120,6.0,-0.2
07:34:11,"[345.0, 56]","[343.0, 28]","[348.05, 64]","[349.4, 62]",346.52,210,3.05,-0.2
07:34:12,"[343.52, 27]","[338.34, 118]","[346.97, 60]","[348.86, 58]",345.24,263,3.45,0.1
07:34:13,"[343.0, 28]","[338.1, 148]","[345.71, 56]","[347.43, 56]",344.36,288,2.71,0.22
07:34:14,"[343.67, 36]","[338.77, 78]","[345.42, 48]","[349.3, 53]",344.54,215,1.75,0.06
07:34:15,"[343.0, 26]","[338.07, 123]","[346.0, 52]","[354.55, 29]",344.5,230,3.0,0.3
07:34:16,"[343.0, 20]","[337.87, 90]","[344.9, 40]","[346.35, 34]",343.95,184,1.9,0.2
07:34:17,"[343.0, 18]","[338.83, 41]","[344.0, 36]","[345.0, 36]",343.5,131,1.0,-0.1
07:34:18,"[340.33, 30]","[337.0, 35]","[343.35, 69]","[344.4, 60]",341.84,194,3.01,-0.33
07:34:19,"[339.0, 32]","[332.56, 16]","[341.18, 79]","[342.32, 65]",340.09,192,2.18,-0.5
07:34:20,"[333.4, 20]","[329.18, 34]","[339.69, 58]","[340.78, 82]",336.54,194,6.29,-0.44
07:34:21,"[333.13, 23]","[330.48, 25]","[337.03, 73]","[338.41, 29]",335.08,150,3.9,-0.36
07:34:22,"[335.65, 20]","[331.89, 36]","[345.0, 80]","[352.48, 123]",340.32,259,9.35,-0.57
07:34:23,"[343.88, 59]","[339.52, 27]","[348.0, 76]","[353.0, 171]",345.94,333,4.12,-0.48
07:34:24,"[342.0, 21]","[337.12, 16]","[348.0, 44]","[353.0, 99]",345.0,180,6.0,-0.59
07:34:25,"[338.0, 6]","[329.67, 6]","[348.0, 24]","[353.0, 54]",343.0,90,10.0,-0.73
07:34:26,"[342.48, 25]","[331.45, 11]","[348.0, 44]","[353.0, 99]",345.24,179,5.52,-0.6
07:34:27,"[346.69, 13]","[345.04, 85]","[348.0, 46]","[353.0, 117]",347.35,261,1.31,-0.25
07:34:28,"[345.02, 82]","[333.9, 30]","[347.9, 30]","[353.0, 90]",346.46,232,2.88,-0.03
07:34:29,"[345.0, 90]","[331.62, 13]","[347.0, 30]","[351.4, 45]",346.0,178,2.0,0.16
07:34:30,"[345.0, 90]","[333.0, 10]","[346.0, 30]","[352.91, 44]",345.5,174,1.0,0.15
07:34:31,"[345.0, 87]","[330.0, 21]","[353.19, 89]","[356.5, 64]",349.1,261,8.19,-0.17
07:34:32,"[345.0, 72]","[329.0, 24]","[353.77, 47]","[355.54, 52]",349.38,195,8.77,-0.02
07:34:33,"[345.08, 85]","[332.35, 31]","[350.07, 14]","[357.2, 120]",347.58,250,4.99,-0.07
07:34:34,"[346.52, 138]","[344.56, 118]","[349.11, 47]","[355.99, 123]",347.81,426,2.58,0.2
07:34:35,"[346.07, 42]","[344.19, 64]","[353.08, 48]","[356.0, 48]",349.58,202,7.01,0.05
07:34:36,"[345.83, 54]","[340.41, 56]","[354.0, 60]","[356.0, 60]",349.92,230,8.17,-0.04
07:34:37,"[345.0, 44]","[334.0, 22]","[354.0, 44]","[356.0, 44]",349.5,154,9.0,-0.14
07:34:38,"[345.0, 20]","[334.0, 10]","[354.0, 20]","[356.0, 26]",349.5,76,9.0,-0.21
07:34:39,"[345.0, 16]","[335.5, 12]","[350.92, 26]","[355.56, 36]",347.96,90,5.92,-0.38
07:34:40,"[345.0, 22]","[337.0, 22]","[346.0, 55]","[354.0, 44]",345.5,143,1.0,-0.38
07:34:41,"[335.66, 35]","[332.64, 44]","[346.0, 53]","[354.0, 52]",340.83,184,10.34,-0.14
07:34:42,"[332.0, 45]","[330.0, 18]","[345.88, 32]","[352.22, 36]",338.94,131,13.88,-0.04
07:34:43,"[332.0, 70]","[330.0, 28]","[344.12, 17]","[345.35, 34]",338.06,149,12.12,0.32
07:34:44,"[334.26, 121]","[331.49, 47]","[341.44, 18]","[344.29, 21]",337.85,207,7.19,0.62
07:34:45,"[335.48, 142]","[333.74, 96]","[350.11, 76]","[394.84, 55]",342.79,369,14.63,0.29
07:34:46,"[349.0, 28]","[336.92, 50]","[350.0, 56]","[353.71, 56]",349.5,190,1.0,-0.18
07:34:47,"[349.0, 20]","[335.0, 130]","[350.0, 40]","[354.0, 40]",349.5,230,1.0,0.3
07:34:48,"[342.26, 27]","[334.69, 97]","[350.0, 32]","[354.0, 32]",346.13,188,7.74,0.32
07:34:49,"[335.03, 161]","[330.94, 69]","[342.38, 52]","[350.15, 52]",338.71,334,7.35,0.38
07:34:50,"[335.0, 182]","[330.79, 28]","[337.5, 28]","[339.0, 56]",336.25,294,2.5,0.43
07:34:51,"[335.07, 137]","[333.04, 70]","[337.53, 30]","[340.54, 52]",336.3,289,2.46,0.43
07:34:52,"[331.75, 16]","[330.32, 38]","[339.0, 32]","[349.0, 32]",335.38,118,7.25,-0.08
07:34:53,"[333.0, 22]","[329.82, 44]","[339.0, 44]","[348.31, 42]",336.0,152,6.0,-0.13
07:34:54,"[329.0, 195]","[327.0, 30]","[338.59, 51]","[346.09, 66]",333.79,342,9.59,0.32
07:34:55,"[329.71, 34]","[328.12, 59]","[336.42, 19]","[342.14, 43]",333.06,155,6.72,0.2
07:34:56,"[327.53, 34]","[325.37, 54]","[338.21, 57]","[346.61, 69]",332.87,214,10.68,-0.18
07:34:57,"[328.53, 45]","[325.0, 60]","[339.0, 60]","[346.0, 75]",333.77,240,10.47,-0.12
07:34:58,"[329.8, 35]","[325.6, 45]","[339.0, 26]","[346.0, 60]",334.4,166,9.2,-0.04
07:34:59,"[332.0, 36]","[325.46, 52]","[338.91, 22]","[343.8, 49]",335.45,159,6.91,0.11
07:35:00,"[330.31, 48]","[322.89, 132]","[338.86, 14]","[341.82, 68]",334.58,262,8.54,0.37
07:35:01,"[323.0, 117]","[322.0, 173]","[339.81, 27]","[344.54, 56]",331.41,373,16.81,0.55
07:35:02,"[331.57, 53]","[323.88, 110]","[344.69, 29]","[345.56, 81]",338.13,273,13.12,0.19
07:35:03,"[341.0, 33]","[325.0, 99]","[345.0, 44]","[346.0, 55]",343.0,231,4.0,0.14
07:35:04,"[328.08, 78]","[324.33, 136]","[344.33, 42]","[366.68, 50]",336.21,306,16.26,0.4
07:35:05,"[325.0, 90]","[324.0, 130]","[331.0, 10]","[343.71, 35]",328.0,265,6.0,0.66
07:35:06,"[325.0, 108]","[323.46, 111]","[331.0, 12]","[342.76, 21]",328.0,252,6.0,0.74
07:35:07,"[323.86, 63]","[321.32, 38]","[331.0, 9]","[334.47, 34]",327.43,144,7.14,0.4
07:35:08,"[324.65, 74]","[323.12, 34]","[331.0, 13]","[334.0, 52]",327.82,173,6.35,0.25
07:35:09,"[326.45, 22]","[322.74, 70]","[331.0, 11]","[334.0, 44]",328.73,147,4.55,0.25
07:35:10,"[327.62, 26]","[320.0, 130]","[331.0, 13]","[334.0, 52]",329.31,221,3.38,0.41
07:35:11,"[328.0, 32]","[320.0, 120]","[330.88, 17]","[332.32, 73]",329.44,242,2.88,0.26
07:35:12,"[328.25, 24]","[320.0, 72]","[330.0, 24]","[331.0, 12]",329.12,132,1.75,0.45
07:35:13,"[320.48, 62]","[317.48, 88]","[330.6, 15]","[331.94, 48]",325.54,213,10.12,0.41
07:35:14,"[317.0, 108]","[315.0, 72]","[331.0, 12]","[332.0, 60]",324.0,252,14.0,0.43
07:35:15,"[319.44, 86]","[316.05, 76]","[331.23, 13]","[332.15, 54]",325.34,229,11.79,0.41
07:35:16,"[323.0, 98]","[317.57, 94]","[334.5, 48]","[335.08, 50]",328.75,290,11.5,0.32
07:35:17,"[323.6, 48]","[321.88, 104]","[338.52, 23]","[340.36, 45]",331.06,220,14.92,0.38
07:35:18,"[327.86, 36]","[326.1, 20]","[339.29, 34]","[340.63, 43]",333.58,133,11.43,-0.16
07:35:19,"[329.06, 31]","[328.21, 29]","[338.31, 39]","[339.8, 30]",333.69,129,9.24,-0.07
07:35:20,"[332.94, 33]","[331.33, 27]","[337.8, 45]","[339.9, 40]",335.37,145,4.86,-0.17
07:35:21,"[332.09, 56]","[321.94, 67]","[337.94, 51]","[340.91, 103]",335.02,277,5.85,-0.11
07:35:22,"[322.14, 14]","[320.8, 30]","[341.37, 51]","[342.38, 91]",331.76,186,19.23,-0.53
07:35:23,"[323.94, 16]","[320.13, 89]","[342.0, 105]","[343.0, 105]",332.97,315,18.06,-0.33
07:35:24,"[326.4, 30]","[325.61, 36]","[342.0, 119]","[343.0, 109]",334.2,294,15.6,-0.55
07:35:25,"[334.17, 42]","[333.3, 70]","[342.0, 149]","[344.03, 58]",338.08,319,7.83,-0.3
07:35:26,"[339.55, 58]","[335.87, 92]","[341.85, 80]","[344.06, 67]",340.7,297,2.3,0.01
07:35:27,"[339.09, 44]","[334.2, 60]","[341.2, 30]","[342.3, 46]",340.15,180,2.11,0.16
07:35:28,"[340.88, 8]","[335.0, 48]","[342.0, 36]","[345.0, 40]",341.44,132,1.12,-0.15
07:35:29,"[329.74, 54]","[328.29, 56]","[340.48, 29]","[343.76, 37]",335.11,176,10.74,0.25
07:35:30,"[330.75, 32]","[327.67, 72]","[336.41, 37]","[338.13, 53]",333.58,194,5.66,0.07
07:35:31,"[332.86, 28]","[326.15, 78]","[336.0, 28]","[337.0, 42]",334.43,176,3.14,0.2
07:35:32,"[334.24, 34]","[324.41, 122]","[336.32, 53]","[342.21, 70]",335.28,279,2.09,0.12
07:35:33,"[330.0, 38]","[321.97, 178]","[337.0, 34]","[345.0, 92]",333.5,342,7.0,0.26
07:35:34,"[322.14, 172]","[320.5, 40]","[337.0, 12]","[344.68, 75]",329.57,299,14.86,0.42
07:35:35,"[324.0, 36]","[322.0, 54]","[337.0, 6]","[344.0, 24]",330.5,120,13.0,0.5
07:35:36,"[323.75, 48]","[322.15, 66]","[337.0, 12]","[344.0, 48]",330.38,174,13.25,0.31
07:35:37,"[323.0, 44]","[322.0, 54]","[340.11, 18]","[344.23, 52]",331.56,168,17.11,0.17
07:35:38,"[323.0, 34]","[322.0, 20]","[332.75, 32]","[341.21, 38]",327.88,124,9.75,-0.13
07:35:39,"[323.0, 12]","[322.0, 12]","[329.0, 14]","[330.0, 24]",326.0,62,6.0,-0.23
07:35:40,"[323.0, 16]","[321.05, 37]","[329.0, 8]","[330.0, 32]",326.0,93,6.0,0.14
07:35:41,"[323.86, 14]","[321.7, 23]","[330.0, 27]","[335.0, 10]",326.93,74,6.14,0.0
07:35:42,"[325.91, 22]","[322.8, 20]","[330.25, 32]","[332.58, 19]",328.08,93,4.34,-0.1
07:35:43,"[327.2, 10]","[321.0, 5]","[331.0, 20]","[341.0, 5]",329.1,40,3.8,-0.25
07:35:44,"[323.31, 26]","[317.89, 19]","[331.0, 34]","[341.0, 10]",327.15,89,7.69,0.01
07:35:45,"[317.0, 44]","[315.57, 14]","[341.42, 59]","[343.17, 48]",329.21,165,24.42,-0.3
07:35:46,"[319.6, 15]","[317.55, 44]","[341.0, 117]","[343.38, 52]",330.3,228,21.4,-0.48
07:35:47,"[321.44, 9]","[320.29, 14]","[340.53, 51]","[341.39, 61]",330.99,135,19.08,-0.66
07:35:48,"[322.62, 13]","[321.0, 37]","[338.2, 59]","[339.67, 55]",330.41,164,15.59,-0.39
07:35:49,"[324.81, 16]","[321.5, 48]","[336.25, 64]","[337.32, 71]",330.53,199,11.44,-0.36
07:35:50,"[328.13, 15]","[326.07, 15]","[334.2, 60]","[335.2, 60]",331.17,150,6.07,-0.6
07:35:51,"[329.23, 13]","[322.74, 19]","[332.8, 45]","[335.66, 53]",331.02,130,3.57,-0.51
07:35:52,"[320.0, 26]","[318.2, 60]","[332.1, 31]","[336.1, 58]",326.05,175,12.1,-0.02
07:35:53,"[320.0, 14]","[318.0, 27]","[331.4, 10]","[336.0, 28]",325.7,79,11.4,0.04
07:35:54,"[320.0, 22]","[318.0, 25]","[339.67, 42]","[340.93, 54]",329.83,143,19.67,-0.34
07:35:55,"[318.06, 67]","[313.19, 81]","[338.27, 55]","[343.36, 56]",328.17,259,20.21,0.14
07:35:56,"[326.08, 36]","[316.13, 45]","[335.0, 45]","[336.53, 75]",330.54,201,8.92,-0.19
07:35:57,"[319.0, 11]","[318.0, 22]","[333.91, 33]","[335.82, 49]",326.45,115,14.91,-0.43
07:35:58,"[319.0, 5]","[318.0, 10]","[331.0, 15]","[335.0, 15]",325.0,45,12.0,-0.33
07:35:59,"[319.98, 132]","[318.09, 22]","[331.0, 36]","[335.0, 36]",325.49,226,11.02,0.36
07:36:00,"[320.0, 130]","[318.0, 20]","[331.0, 30]","[335.0, 80]",325.5,260,11.0,0.15
07:36:01,"[320.94, 215]","[320.24, 150]","[331.0, 51]","[335.0, 136]",325.97,552,10.06,0.32
07:36:02,"[322.58, 186]","[321.62, 189]","[331.0, 45]","[335.0, 120]",326.79,540,8.42,0.39
07:36:03,"[323.54, 134]","[322.34, 130]","[331.0, 33]","[335.0, 120]",327.27,417,7.46,0.27
07:36:04,"[325.0, 110]","[324.0, 143]","[331.0, 33]","[335.0, 132]",328.0,418,6.0,0.21
07:36:05,"[326.12, 171]","[325.15, 174]","[331.0, 45]","[335.0, 180]",328.56,570,4.88,0.21
07:36:06,"[327.81, 161]","[326.43, 161]","[331.0, 42]","[335.0, 168]",329.4,532,3.19,0.21
07:36:07,"[329.0, 148]","[327.0, 120]","[331.0, 38]","[335.0, 144]",330.0,450,2.0,0.19
07:36:08,"[329.18, 153]","[327.0, 150]","[331.0, 62]","[335.0, 180]",330.09,545,1.82,0.11
07:36:09,"[329.03, 93]","[324.95, 88]","[333.25, 64]","[335.03, 87]",331.14,332,4.22,0.09
07:36:10,"[327.0, 90]","[317.0, 54]","[334.79, 57]","[335.15, 33]",330.89,234,7.79,0.23
07:36:11,"[327.18, 114]","[317.69, 58]","[334.88, 41]","[335.72, 50]",331.03,263,7.7,0.31
07:36:12,"[328.86, 140]","[321.38, 48]","[334.93, 54]","[336.22, 59]",331.89,301,6.07,0.25
07:36:13,"[330.88, 125]","[322.84, 95]","[336.0, 38]","[338.28, 76]",333.44,334,5.12,0.32
07:36:14,"[334.96, 135]","[321.61, 87]","[337.94, 62]","[338.78, 46]",336.45,330,2.97,0.35
07:36:15,"[335.8, 100]","[320.0, 60]","[338.0, 50]","[339.33, 18]",336.9,228,2.2,0.4
07:36:16,"[337.0, 90]","[320.0, 54]","[338.18, 33]","[341.2, 15]",337.59,192,1.18,0.5
07:36:17,"[337.17, 60]","[320.0, 36]","[340.0, 6]","[342.0, 18]",338.58,120,2.83,0.6
07:36:18,"[338.0, 90]","[321.0, 54]","[340.0, 9]","[342.0, 27]",339.0,180,2.0,0.6
07:36:19,"[338.39, 82]","[323.07, 82]","[341.56, 27]","[395.41, 44]",339.97,235,3.17,0.4
07:36:20,"[340.8, 80]","[334.82, 66]","[377.29, 51]","[435.77, 62]",359.05,259,36.49,0.13
07:36:21,"[342.56, 66]","[341.26, 69]","[416.38, 64]","[449.52, 58]",379.47,257,73.81,0.05
07:36:22,"[343.2, 40]","[339.4, 40]","[415.72, 29]","[416.8, 25]",379.46,134,72.52,0.19
07:36:23,"[343.09, 106]","[339.71, 28]","[414.11, 57]","[430.52, 48]",378.6,239,71.01,0.12
07:36:24,"[344.73, 62]","[343.0, 35]","[365.9, 31]","[369.37, 51]",355.31,179,21.18,0.08
07:36:25,"[344.96, 46]","[342.71, 28]","[359.43, 42]","[361.28, 18]",352.19,134,14.47,0.1
07:36:26,"[343.0, 33]","[341.0, 9]","[356.03, 33]","[358.0, 21]",349.52,96,13.03,-0.12
07:36:27,"[343.99, 81]","[342.78, 9]","[355.86, 29]","[356.2, 25]",349.92,144,11.87,0.25
07:36:28,"[344.14, 58]","[343.89, 45]","[353.12, 33]","[355.43, 21]",348.63,157,8.98,0.31
07:36:29,"[345.46, 37]","[343.99, 151]","[352.56, 80]","[354.0, 16]",349.01,284,7.1,0.32
07:36:30,"[344.0, 49]","[343.0, 7]","[351.47, 15]","[352.15, 27]",347.73,98,7.47,0.14
07:36:31,"[344.0, 42]","[343.0, 6]","[348.86, 14]","[349.77, 22]",346.43,84,4.86,0.14
07:36:32,"[344.0, 74]","[343.0, 11]","[348.0, 11]","[349.0, 55]",346.0,151,4.0,0.13
07:36:33,"[344.0, 38]","[343.0, 8]","[345.75, 12]","[409.64, 36]",344.88,94,1.75,-0.02
07:36:34,"[341.68, 50]","[336.69, 118]","[439.54, 35]","[597.59, 68]",390.61,271,97.86,0.24
07:36:35,"[334.0, 35]","[331.0, 30]","[476.09, 23]","[735.0, 4]",405.04,92,142.09,0.41
07:36:36,"[334.0, 26]","[331.0, 30]","[338.0, 25]","[760.0, 25]",336.0,106,4.0,0.06
07:36:37,"[334.0, 20]","[331.0, 30]","[338.0, 13]","[694.8, 25]",336.0,88,4.0,0.14
07:36:38,"[334.74, 38]","[331.84, 45]","[338.0, 10]","[546.25, 40]",336.37,133,3.26,0.25
07:36:39,"[333.12, 32]","[332.3, 23]","[338.0, 5]","[415.0, 25]",335.56,85,4.88,0.29
07:36:40,"[333.85, 65]","[332.7, 40]","[336.1, 20]","[337.08, 13]",334.97,138,2.25,0.52
07:36:41,"[334.35, 79]","[331.94, 79]","[336.95, 22]","[344.71, 28]",335.65,208,2.6,0.52
07:36:42,"[336.1, 30]","[328.83, 46]","[339.0, 10]","[347.0, 30]",337.55,116,2.9,0.31
07:36:43,"[337.0, 30]","[330.43, 49]","[338.87, 15]","[346.08, 24]",337.93,118,1.87,0.34
07:36:44,"[335.85, 39]","[333.22, 54]","[340.0, 18]","[341.0, 30]",337.92,141,4.15,0.32
07:36:45,"[336.27, 33]","[330.47, 53]","[339.36, 22]","[341.0, 17]",337.82,125,3.09,0.38
07:36:46,"[332.83, 18]","[327.48, 33]","[343.54, 26]","[350.93, 54]",338.19,131,10.71,-0.22
07:36:47,"[338.71, 7]","[333.43, 7]","[346.57, 14]","[351.0, 35]",342.64,63,7.86,-0.56
07:36:48,"[343.11, 53]","[342.84, 69]","[347.0, 26]","[350.53, 76]",345.06,224,3.89,0.09
07:36:49,"[344.25, 20]","[342.91, 100]","[347.0, 24]","[350.0, 48]",345.62,192,2.75,0.25
07:36:50,"[343.0, 153]","[334.0, 17]","[345.65, 20]","[349.92, 60]",344.32,250,2.65,0.36
07:36:51,"[343.0, 139]","[334.0, 17]","[344.0, 34]","[347.55, 47]",343.5,237,1.0,0.32
07:36:52,"[343.0, 55]","[334.0, 9]","[346.33, 24]","[349.38, 37]",344.67,125,3.33,0.02
07:36:53,"[345.42, 103]","[342.27, 49]","[348.0, 39]","[351.0, 13]",346.71,204,2.58,0.49
07:36:54,"[346.0, 90]","[343.0, 51]","[348.0, 30]","[351.0, 10]",347.0,181,2.0,0.56
07:36:55,"[346.0, 54]","[343.0, 36]","[348.0, 18]","[351.0, 6]",347.0,114,2.0,0.58
07:36:56,"[346.65, 77]","[345.5, 108]","[348.0, 39]","[351.0, 13]",347.32,237,1.35,0.56
07:36:57,"[347.0, 60]","[346.0, 108]","[348.0, 36]","[351.0, 12]",347.5,216,1.0,0.56
07:36:58,"[346.86, 64]","[345.86, 104]","[348.09, 34]","[351.92, 13]",347.47,215,1.23,0.56
07:36:59,"[346.0, 126]","[343.0, 70]","[351.0, 14]","[357.0, 28]",348.5,238,5.0,0.65
07:37:00,"[346.91, 44]","[345.76, 127]","[351.0, 15]","[357.0, 30]",348.95,216,4.09,0.58
07:37:01,"[346.29, 56]","[344.42, 76]","[350.2, 30]","[355.0, 18]",348.24,180,3.91,0.47
07:37:02,"[346.7, 40]","[345.68, 94]","[350.0, 64]","[354.0, 16]",348.35,214,3.3,0.25
07:37:03,"[346.14, 56]","[344.12, 64]","[351.72, 29]","[357.86, 44]",348.93,193,5.58,0.24
07:37:04,"[346.0, 34]","[343.0, 65]","[356.9, 51]","[359.29, 70]",351.45,220,10.9,-0.1
07:37:05,"[346.0, 24]","[343.0, 60]","[355.33, 12]","[356.75, 64]",350.67,160,9.33,0.05
07:37:06,"[346.0, 18]","[343.0, 45]","[355.0, 9]","[356.38, 39]",350.5,111,9.0,0.14
07:37:07,"[342.76, 76]","[341.5, 133]","[353.58, 24]","[356.74, 80]",348.17,313,10.82,0.34
07:37:08,"[342.0, 135]","[340.0, 120]","[349.24, 33]","[350.31, 32]",345.62,320,7.24,0.59
07:37:09,"[342.0, 87]","[340.0, 104]","[344.95, 22]","[346.84, 25]",343.48,238,2.95,0.61
07:37:10,"[342.0, 84]","[340.0, 152]","[344.6, 43]","[345.69, 29]",343.3,308,2.6,0.53
07:37:11,"[342.0, 34]","[340.0, 72]","[344.71, 21]","[346.33, 27]",343.36,154,2.71,0.38
07:37:12,"[342.0, 28]","[340.0, 56]","[344.14, 21]","[347.0, 21]",343.07,126,2.14,0.33
07:37:13,"[342.0, 18]","[340.0, 72]","[343.0, 27]","[353.92, 39]",342.5,156,1.0,0.15
07:37:14,"[340.16, 61]","[338.51, 47]","[349.53, 32]","[356.33, 46]",344.85,186,9.37,0.16
07:37:15,"[341.15, 52]","[339.06, 53]","[355.0, 22]","[358.0, 22]",348.08,149,13.85,0.41
07:37:16,"[345.0, 10]","[340.0, 40]","[355.0, 10]","[358.0, 10]",350.0,70,10.0,0.43
07:37:17,"[345.0, 26]","[339.19, 42]","[354.46, 26]","[358.0, 91]",349.73,185,9.46,-0.26
07:37:18,"[345.0, 26]","[339.0, 26]","[354.0, 26]","[357.6, 73]",349.5,151,9.0,-0.31
07:37:19,"[346.23, 114]","[344.65, 34]","[353.74, 69]","[354.83, 96]",349.98,313,7.51,-0.05
07:37:20,"[347.0, 147]","[345.45, 144]","[349.67, 42]","[351.38, 52]",348.33,385,2.67,0.51
07:37:21,"[346.16, 69]","[345.09, 169]","[349.29, 28]","[356.54, 70]",347.72,336,3.13,0.42
07:37:22,"[346.0, 27]","[345.0, 99]","[356.0, 9]","[359.0, 63]",351.0,198,10.0,0.27
07:37:23,"[346.0, 27]","[345.0, 55]","[356.0, 9]","[359.0, 63]",351.0,154,10.0,0.06
07:37:24,"[346.0, 18]","[345.0, 18]","[356.0, 6]","[359.0, 42]",351.0,84,10.0,-0.14
07:37:25,"[346.0, 18]","[345.0, 18]","[356.0, 6]","[359.0, 42]",351.0,84,10.0,-0.14
07:37:26,"[346.0, 21]","[345.0, 21]","[356.0, 7]","[359.0, 49]",351.0,98,10.0,-0.14
07:37:27,"[346.0, 24]","[345.0, 24]","[356.0, 8]","[359.0, 56]",351.0,112,10.0,-0.14
07:37:28,"[346.0, 27]","[345.0, 9]","[354.03, 33]","[358.33, 27]",350.02,96,8.03,-0.25
07:37:29,"[346.0, 48]","[345.0, 16]","[351.58, 72]","[353.08, 24]",348.79,160,5.58,-0.2
07:37:30,"[346.0, 58]","[345.0, 12]","[351.0, 60]","[352.0, 12]",348.5,142,5.0,-0.01
07:37:31,"[346.0, 90]","[345.0, 15]","[350.93, 59]","[351.35, 31]",348.47,195,4.93,0.08
07:37:32,"[346.0, 96]","[345.0, 16]","[348.02, 48]","[348.81, 36]",347.01,196,2.02,0.14
07:37:33,"[346.0, 61]","[345.0, 14]","[347.45, 66]","[356.69, 26]",346.73,167,1.45,-0.1
07:37:34,"[345.29, 14]","[344.05, 21]","[347.0, 55]","[357.88, 34]",346.14,124,1.71,-0.44
07:37:35,"[345.0, 10]","[344.0, 20]","[346.5, 50]","[356.0, 20]",345.75,100,1.5,-0.4
07:37:36,"[338.96, 45]","[335.79, 38]","[345.69, 65]","[355.47, 30]",342.32,178,6.74,-0.07
07:37:37,"[338.32, 38]","[335.6, 40]","[343.93, 70]","[354.16, 50]",341.12,198,5.61,-0.21
07:37:38,"[340.15, 13]","[338.09, 46]","[342.98, 64]","[353.93, 30]",341.57,153,2.83,-0.23
07:37:39,"[340.08, 12]","[338.04, 45]","[352.58, 48]","[355.29, 28]",346.33,133,12.5,-0.14
07:37:40,"[341.0, 15]","[340.0, 15]","[345.11, 54]","[348.5, 36]",343.06,120,4.11,-0.5
07:37:41,"[341.12, 16]","[340.0, 25]","[343.0, 64]","[346.0, 32]",342.06,137,1.88,-0.4
07:37:42,"[339.55, 31]","[337.52, 50]","[341.82, 68]","[345.6, 30]",340.69,179,2.28,-0.09
07:37:43,"[338.0, 48]","[331.0, 24]","[339.83, 48]","[346.35, 52]",338.92,172,1.83,-0.16
07:37:44,"[334.92, 50]","[326.45, 157]","[339.0, 24]","[347.94, 90]",336.96,321,4.08,0.29
07:37:45,"[331.0, 32]","[326.0, 208]","[336.46, 48]","[337.6, 48]",333.73,336,5.46,0.43
07:37:46,"[326.42, 142]","[324.99, 158]","[332.96, 75]","[333.44, 48]",329.69,423,6.54,0.42
07:37:47,"[326.88, 130]","[325.38, 136]","[331.76, 17]","[332.96, 108]",329.32,391,4.89,0.36
07:37:48,"[331.71, 17]","[327.0, 64]","[332.99, 121]","[344.89, 53]",332.35,255,1.29,-0.36
07:37:49,"[326.38, 32]","[321.32, 125]","[333.0, 79]","[347.0, 33]",329.69,269,6.62,0.17
07:37:50,"[326.0, 10]","[321.0, 130]","[332.94, 67]","[345.6, 30]",329.47,237,6.94,0.18
07:37:51,"[326.0, 8]","[321.49, 74]","[332.0, 32]","[333.0, 24]",329.0,138,6.0,0.19
07:37:52,"[327.73, 75]","[321.02, 90]","[331.83, 48]","[333.0, 36]",329.78,249,4.1,0.33
07:37:53,"[328.92, 118]","[320.76, 63]","[330.33, 60]","[331.55, 55]",329.62,296,1.42,0.22
07:37:54,"[324.13, 46]","[320.74, 27]","[330.12, 34]","[331.13, 47]",327.12,154,5.99,-0.05
07:37:55,"[321.0, 60]","[319.47, 15]","[330.0, 30]","[331.0, 60]",325.5,165,9.0,-0.09
07:37:56,"[321.0, 40]","[318.0, 10]","[334.55, 29]","[335.04, 24]",327.78,103,13.55,-0.03
07:37:57,"[321.0, 32]","[318.0, 8]","[342.0, 8]","[345.0, 24]",331.5,72,21.0,0.11
07:37:58,"[337.57, 60]","[329.81, 37]","[342.0, 12]","[345.0, 36]",339.78,145,4.43,0.34
07:37:59,"[327.18, 22]","[327.08, 26]","[342.0, 8]","[345.0, 24]",334.59,80,14.82,0.2
07:38:00,"[339.0, 20]","[338.0, 40]","[342.0, 10]","[345.0, 30]",340.5,100,3.0,0.2
07:38:01,"[340.07, 30]","[338.18, 44]","[344.83, 35]","[346.69, 39]",342.45,148,4.76,0.0
07:38:02,"[339.12, 8]","[338.03, 29]","[345.0, 24]","[347.0, 24]",342.06,85,5.88,-0.13
07:38:03,"[340.0, 15]","[339.0, 15]","[343.92, 52]","[346.33, 45]",341.96,127,3.92,-0.53
07:38:04,"[341.0, 10]","[339.0, 10]","[342.33, 24]","[343.47, 38]",341.67,82,1.33,-0.51
07:38:05,"[339.0, 12]","[338.0, 48]","[341.58, 12]","[345.37, 38]",340.29,110,2.58,0.09
07:38:06,"[339.0, 13]","[338.0, 48]","[341.0, 12]","[345.6, 20]",340.0,93,2.0,0.31
07:38:07,"[338.62, 21]","[337.41, 54]","[340.47, 15]","[343.4, 15]",339.54,105,1.85,0.43
07:38:08,"[338.8, 20]","[337.36, 25]","[341.43, 7]","[347.18, 11]",340.11,63,2.63,0.43
07:38:09,"[339.0, 24]","[338.0, 48]","[345.0, 12]","[350.87, 47]",342.0,131,6.0,0.1
07:38:10,"[339.6, 20]","[338.33, 24]","[345.0, 8]","[351.0, 32]",342.3,84,5.4,0.05
07:38:11,"[340.0, 18]","[339.0, 12]","[345.0, 6]","[351.0, 24]",342.5,60,5.0,0.0
07:38:12,"[340.55, 33]","[339.25, 24]","[344.47, 15]","[350.25, 32]",342.51,104,3.92,0.1
07:38:13,"[341.31, 32]","[339.6, 30]","[345.12, 16]","[350.14, 28]",343.22,106,3.81,0.17
07:38:14,"[340.0, 27]","[339.0, 18]","[347.0, 9]","[351.0, 27]",343.5,81,7.0,0.11
07:38:15,"[340.1, 20]","[339.2, 15]","[346.07, 27]","[349.18, 11]",343.09,73,5.97,-0.04
07:38:16,"[341.81, 32]","[340.0, 48]","[345.43, 82]","[347.0, 16]",343.62,178,3.61,-0.1
07:38:17,"[342.0, 28]","[340.0, 42]","[343.4, 72]","[345.07, 27]",342.7,169,1.4,-0.17
07:38:18,"[339.86, 28]","[337.86, 42]","[342.21, 70]","[350.5, 38]",341.04,178,2.36,-0.21
07:38:19,"[337.33, 36]","[328.3, 69]","[348.85, 52]","[353.16, 25]",343.09,182,11.51,0.15
07:38:20,"[329.8, 75]","[326.61, 69]","[352.08, 49]","[353.09, 47]",340.94,240,22.28,0.2
07:38:21,"[327.0, 66]","[326.0, 33]","[346.76, 29]","[352.67, 27]",336.88,155,19.76,0.28
07:38:22,"[327.25, 40]","[326.8, 75]","[333.0, 30]","[349.4, 45]",330.12,190,5.75,0.21
07:38:23,"[338.73, 15]","[332.8, 25]","[349.0, 45]","[352.0, 45]",343.87,130,10.27,-0.38
07:38:24,"[341.0, 13]","[339.0, 13]","[348.46, 39]","[350.54, 39]",344.73,104,7.46,-0.5
07:38:25,"[341.35, 17]","[339.0, 17]","[346.0, 51]","[352.59, 51]",343.68,136,4.65,-0.5
07:38:26,"[342.43, 14]","[339.0, 14]","[345.0, 42]","[354.0, 42]",343.71,112,2.57,-0.5
07:38:27,"[342.25, 16]","[334.91, 22]","[344.19, 48]","[355.12, 48]",343.22,134,1.94,-0.43
07:38:28,"[339.0, 12]","[326.64, 14]","[343.33, 36]","[356.0, 36]",341.17,98,4.33,-0.47
07:38:29,"[339.82, 34]","[333.0, 13]","[342.38, 39]","[354.15, 39]",341.1,125,2.56,-0.25
07:38:30,"[340.04, 46]","[339.42, 19]","[346.93, 43]","[354.11, 38]",343.49,146,6.89,-0.11
07:38:31,"[340.0, 44]","[339.0, 11]","[353.0, 22]","[354.45, 33]",346.5,110,13.0,0.0
07:38:32,"[340.0, 50]","[339.0, 14]","[351.86, 28]","[354.85, 41]",345.93,133,11.86,-0.04
07:38:33,"[340.0, 36]","[339.0, 18]","[347.34, 41]","[348.28, 39]",343.67,134,7.34,-0.19
07:38:34,"[340.0, 24]","[339.0, 12]","[345.33, 24]","[347.0, 36]",342.67,96,5.33,-0.25
07:38:35,"[340.0, 30]","[339.0, 15]","[341.62, 53]","[342.83, 42]",340.81,140,1.62,-0.36
07:38:36,"[334.18, 17]","[329.67, 15]","[340.23, 26]","[341.78, 36]",337.2,94,6.05,-0.32
07:38:37,"[327.7, 40]","[324.47, 19]","[333.71, 34]","[334.74, 38]",330.7,131,6.01,-0.1
07:38:38,"[327.55, 29]","[322.67, 18]","[329.77, 22]","[331.23, 39]",328.66,108,2.22,-0.13
07:38:39,"[324.67, 12]","[321.0, 12]","[326.95, 21]","[331.6, 30]",325.81,75,2.29,-0.36
07:38:40,"[324.47, 64]","[323.32, 47]","[326.03, 65]","[328.32, 19]",325.25,195,1.56,0.14
07:38:41,"[325.26, 95]","[324.44, 27]","[329.74, 31]","[332.88, 59]",327.5,212,4.48,0.15
07:38:42,"[330.91, 35]","[327.47, 43]","[349.96, 55]","[417.82, 28]",340.44,161,19.05,-0.03
07:38:43,"[342.0, 35]","[331.69, 39]","[351.0, 44]","[549.0, 22]",346.5,140,9.0,0.06
07:38:44,"[343.56, 77]","[342.29, 107]","[351.0, 76]","[512.26, 38]",347.28,298,7.44,0.23
07:38:45,"[343.73, 66]","[342.85, 99]","[379.27, 41]","[453.87, 31]",361.5,237,35.54,0.39
07:38:46,"[343.0, 45]","[342.0, 75]","[348.47, 60]","[353.0, 30]",345.73,210,5.47,0.14
07:38:47,"[343.0, 8]","[342.0, 40]","[347.8, 30]","[351.0, 20]",345.4,98,4.8,-0.02
07:38:48,"[342.58, 19]","[340.93, 67]","[346.6, 45]","[348.0, 60]",344.59,191,4.02,-0.1
07:38:49,"[332.7, 23]","[326.81, 37]","[341.75, 24]","[347.4, 30]",337.22,114,9.05,0.05
07:38:50,"[329.0, 29]","[323.0, 66]","[330.92, 39]","[333.83, 36]",329.96,170,1.92,0.12
07:38:51,"[329.22, 9]","[323.14, 43]","[331.71, 21]","[345.16, 19]",330.47,92,2.49,0.13
07:38:52,"[330.0, 4]","[323.0, 24]","[332.0, 12]","[342.0, 8]",331.0,48,2.0,0.17
07:38:53,"[330.0, 1]","[323.0, 6]","[332.0, 3]","[337.0, 2]",331.0,12,2.0,0.17
07:38:54,"[330.68, 22]","[323.47, 45]","[333.2, 25]","[337.52, 29]",331.94,121,2.52,0.11
07:38:55,"[333.6, 15]","[323.54, 39]","[337.0, 18]","[338.0, 45]",335.3,117,3.4,-0.08
07:38:56,"[330.0, 6]","[323.0, 36]","[337.0, 12]","[338.0, 30]",333.5,84,7.0,0.0
07:38:57,"[330.75, 20]","[324.88, 41]","[335.73, 60]","[337.21, 48]",333.24,169,4.98,-0.28
07:38:58,"[324.48, 33]","[323.21, 28]","[333.38, 48]","[335.12, 49]",328.93,158,8.89,-0.23
07:38:59,"[322.0, 60]","[316.27, 15]","[332.39, 23]","[336.43, 49]",327.2,147,10.39,0.02
07:39:00,"[321.38, 48]","[315.0, 32]","[332.25, 24]","[340.73, 45]",326.81,149,10.88,0.07
07:39:01,"[321.0, 48]","[315.0, 32]","[331.57, 35]","[337.97, 29]",326.29,144,10.57,0.11
07:39:02,"[316.06, 34]","[314.36, 11]","[325.87, 23]","[334.19, 47]",320.96,115,9.81,-0.22
07:39:03,"[315.0, 48]","[314.0, 12]","[325.8, 30]","[326.67, 36]",320.4,126,10.8,-0.05
07:39:04,"[320.0, 14]","[314.95, 20]","[326.0, 24]","[327.0, 12]",323.0,70,6.0,-0.03
07:39:05,"[322.0, 12]","[315.0, 18]","[326.0, 24]","[327.0, 12]",324.0,66,4.0,-0.09
07:39:06,"[322.0, 20]","[315.0, 30]","[326.0, 40]","[327.0, 20]",324.0,110,4.0,-0.09
07:39:07,"[322.0, 10]","[315.0, 15]","[329.7, 20]","[331.92, 13]",325.85,58,7.7,-0.14
07:39:08,"[322.0, 20]","[315.73, 33]","[331.3, 50]","[333.71, 35]",326.65,138,9.3,-0.23
07:39:09,"[322.97, 58]","[321.38, 32]","[329.55, 73]","[334.71, 51]",326.26,214,6.58,-0.16
07:39:10,"[323.81, 54]","[323.11, 54]","[327.28, 72]","[335.93, 86]",325.55,266,3.46,-0.19
07:39:11,"[325.0, 26]","[324.0, 52]","[333.64, 61]","[336.47, 38]",329.32,177,8.64,-0.12
07:39:12,"[325.4, 30]","[323.46, 52]","[336.0, 70]","[337.0, 28]",330.7,180,10.6,-0.09
07:39:13,"[324.0, 45]","[317.0, 30]","[329.4, 75]","[336.6, 48]",326.7,198,5.4,-0.24
07:39:14,"[324.0, 21]","[317.0, 14]","[325.0, 20]","[335.68, 19]",324.5,74,1.0,-0.05
07:39:15,"[321.85, 27]","[316.4, 20]","[326.0, 15]","[333.6, 15]",323.93,77,4.15,0.22
07:39:16,"[318.05, 42]","[317.38, 26]","[330.0, 10]","[336.0, 30]",324.02,108,11.95,0.26
07:39:17,"[319.0, 6]","[318.0, 30]","[331.71, 7]","[336.5, 20]",325.36,63,12.71,0.14
07:39:18,"[320.64, 14]","[318.07, 46]","[335.89, 18]","[338.73, 44]",328.27,122,15.25,-0.02
07:39:19,"[322.86, 76]","[322.36, 44]","[338.71, 80]","[341.88, 91]",330.78,291,15.86,-0.18
07:39:20,"[328.0, 55]","[326.15, 59]","[336.0, 57]","[340.38, 105]",332.0,276,8.0,-0.17
07:39:21,"[329.46, 13]","[328.0, 65]","[336.0, 39]","[342.0, 130]",332.73,247,6.54,-0.37
07:39:22,"[328.75, 36]","[322.65, 37]","[333.09, 22]","[338.25, 56]",330.92,151,4.34,-0.03
07:39:23,"[329.47, 45]","[319.36, 28]","[331.12, 42]","[335.0, 25]",330.29,140,1.65,0.04
07:39:24,"[318.43, 14]","[313.89, 18]","[332.0, 7]","[337.0, 21]",325.21,60,13.57,0.07
07:39:25,"[315.0, 34]","[314.0, 51]","[330.88, 68]","[332.0, 17]",322.94,170,15.88,0.0
07:39:26,"[316.33, 24]","[314.48, 29]","[329.24, 34]","[330.67, 18]",322.78,105,12.9,0.01
07:39:27,"[318.0, 24]","[314.82, 22]","[330.0, 24]","[332.0, 27]",324.0,97,12.0,-0.05
07:39:28,"[318.12, 16]","[314.0, 16]","[330.0, 16]","[332.0, 48]",324.06,96,11.88,-0.33
07:39:29,"[320.75, 24]","[313.25, 32]","[330.0, 24]","[332.0, 72]",325.38,152,9.25,-0.26
07:39:30,"[322.26, 46]","[321.56, 54]","[324.64, 56]","[330.57, 63]",323.45,219,2.38,-0.09
07:39:31,"[322.0, 54]","[315.0, 18]","[328.36, 33]","[330.44, 27]",325.18,132,6.36,0.09
07:39:32,"[322.38, 48]","[311.57, 42]","[330.0, 32]","[332.0, 8]",326.19,130,7.62,0.38
07:39:33,"[323.3, 60]","[311.0, 60]","[326.4, 25]","[329.53, 30]",324.85,175,3.1,0.37
07:39:34,"[318.65, 62]","[311.19, 47]","[326.62, 39]","[332.63, 38]",322.63,186,7.97,0.17
07:39:35,"[315.0, 27]","[314.0, 18]","[327.0, 18]","[333.33, 18]",321.0,81,12.0,0.11
07:39:36,"[315.0, 21]","[314.0, 14]","[327.0, 14]","[333.0, 28]",321.0,77,12.0,-0.09
07:39:37,"[315.36, 42]","[314.33, 27]","[327.0, 24]","[333.0, 48]",321.18,141,11.64,-0.02
07:39:38,"[317.67, 60]","[315.0, 36]","[327.0, 15]","[333.0, 48]",322.33,159,9.33,0.21
07:39:39,"[319.18, 55]","[315.0, 33]","[327.0, 11]","[333.0, 44]",323.09,143,7.82,0.23
07:39:40,"[321.42, 60]","[315.0, 38]","[327.0, 12]","[330.92, 48]",324.21,158,5.58,0.24
07:39:41,"[324.19, 80]","[315.0, 50]","[327.0, 16]","[328.0, 64]",325.59,210,2.81,0.24
07:39:42,"[326.41, 114]","[325.78, 92]","[331.67, 36]","[329.2, 40]",329.04,282,5.25,0.46
07:39:43,"[330.55, 87]","[329.85, 117]","[333.0, 34]","[334.0, 17]",331.78,255,2.45,0.6
07:39:44,"[332.36, 42]","[328.46, 78]","[333.75, 16]","[336.88, 50]",333.05,186,1.39,0.29
07:39:45,"[329.83, 107]","[326.75, 57]","[336.3, 74]","[339.61, 69]",333.06,307,6.47,0.07
07:39:46,"[331.93, 85]","[330.6, 87]","[337.0, 64]","[342.63, 98]",334.46,334,5.07,0.03
07:39:47,"[334.78, 90]","[333.26, 86]","[340.65, 92]","[375.96, 96]",337.71,364,5.87,-0.03
07:39:48,"[338.68, 75]","[336.47, 68]","[343.0, 104]","[466.17, 48]",340.84,295,4.32,-0.03
07:39:49,"[340.65, 17]","[339.79, 71]","[343.0, 96]","[510.64, 44]",341.82,228,2.35,-0.23
07:39:50,"[341.9, 40]","[337.32, 44]","[343.0, 83]","[527.0, 44]",342.45,211,1.1,-0.2
07:39:51,"[342.0, 75]","[335.82, 110]","[343.0, 105]","[507.78, 36]",342.5,326,1.0,0.13
07:39:52,"[342.0, 31]","[337.6, 30]","[343.0, 24]","[669.7, 23]",342.5,108,1.0,0.13
07:39:53,"[342.0, 48]","[338.0, 36]","[343.0, 32]","[614.4, 30]",342.5,146,1.0,0.15
07:39:54,"[342.0, 54]","[336.0, 90]","[343.0, 40]","[539.11, 38]",342.5,222,1.0,0.3
07:39:55,"[342.0, 4]","[336.0, 36]","[343.0, 16]","[624.57, 14]",342.5,70,1.0,0.14
07:39:56,"[336.53, 57]","[332.45, 66]","[343.08, 39]","[468.75, 16]",339.8,178,6.55,0.38
07:39:57,"[336.0, 32]","[324.0, 30]","[342.63, 19]","[446.15, 13]",339.32,94,6.63,0.32
07:39:58,"[336.0, 68]","[323.95, 61]","[339.64, 75]","[340.38, 69]",337.82,273,3.64,-0.05
07:39:59,"[328.43, 74]","[321.92, 76]","[337.49, 57]","[338.87, 47]",332.96,254,9.06,0.18
07:40:00,"[322.0, 190]","[321.0, 19]","[328.15, 61]","[331.63, 76]",325.07,346,6.15,0.21
07:40:01,"[322.0, 70]","[321.0, 7]","[325.0, 21]","[328.14, 28]",323.5,126,3.0,0.22
07:40:02,"[322.66, 146]","[321.89, 101]","[325.3, 53]","[327.81, 64]",323.98,364,2.64,0.36
07:40:03,"[323.83, 96]","[321.0, 24]","[329.22, 36]","[335.88, 34]",326.53,190,5.39,0.26
07:40:04,"[325.5, 112]","[321.66, 32]","[331.0, 28]","[337.79, 58]",328.25,230,5.5,0.25
07:40:05,"[327.0, 96]","[318.48, 25]","[330.6, 30]","[334.53, 51]",328.8,202,3.6,0.2
07:40:06,"[327.89, 72]","[316.64, 11]","[330.0, 36]","[331.0, 18]",328.94,137,2.11,0.21
07:40:07,"[320.48, 69]","[316.94, 16]","[329.2, 30]","[331.71, 56]",324.84,171,8.72,-0.01
07:40:08,"[320.07, 59]","[318.37, 35]","[331.33, 42]","[333.0, 105]",325.7,241,11.27,-0.22
07:40:09,"[324.42, 48]","[322.26, 27]","[332.0, 30]","[335.71, 79]",328.21,184,7.58,-0.18
07:40:10,"[326.0, 52]","[320.71, 21]","[332.0, 26]","[339.0, 81]",329.0,180,6.0,-0.19
07:40:11,"[327.46, 28]","[326.0, 56]","[332.0, 32]","[339.0, 80]",329.73,196,4.54,-0.14
07:40:12,"[329.21, 19]","[327.03, 61]","[336.65, 51]","[339.24, 62]",332.93,193,7.44,-0.17
07:40:13,"[330.94, 16]","[329.98, 49]","[338.0, 52]","[339.0, 39]",334.47,156,7.06,-0.17
07:40:14,"[332.82, 11]","[330.0, 44]","[338.0, 44]","[339.0, 33]",335.41,132,5.18,-0.17
07:40:15,"[330.0, 12]","[319.17, 6]","[338.0, 24]","[339.0, 18]",334.0,60,8.0,-0.4
07:40:16,"[330.0, 28]","[319.86, 14]","[333.23, 40]","[339.26, 57]",331.61,139,3.23,-0.4
07:40:17,"[330.36, 44]","[323.0, 18]","[337.18, 34]","[339.77, 62]",333.77,158,6.81,-0.22
07:40:18,"[333.39, 98]","[331.79, 84]","[337.58, 50]","[340.57, 101]",335.48,333,4.19,0.09
07:40:19,"[335.14, 98]","[333.0, 28]","[343.18, 51]","[347.48, 46]",339.16,223,8.03,0.13
07:40:20,"[337.77, 113]","[335.59, 39]","[342.0, 85]","[348.0, 34]",339.88,271,4.23,0.12
07:40:21,"[340.43, 72]","[335.96, 25]","[342.89, 54]","[349.78, 36]",341.66,187,2.46,0.04
07:40:22,"[336.26, 35]","[330.89, 19]","[348.0, 32]","[352.0, 64]",342.13,150,11.74,-0.28
07:40:23,"[337.29, 21]","[336.0, 26]","[342.78, 46]","[349.5, 32]",340.03,125,5.5,-0.25
07:40:24,"[338.0, 13]","[336.0, 26]","[342.0, 55]","[348.0, 26]",340.0,120,4.0,-0.35
07:40:25,"[337.75, 16]","[329.87, 31]","[342.0, 60]","[350.0, 24]",339.88,131,4.25,-0.28
07:40:26,"[339.0, 27]","[322.0, 9]","[341.93, 43]","[348.1, 21]",340.47,100,2.93,-0.28
07:40:27,"[329.35, 49]","[320.68, 19]","[341.09, 34]","[342.38, 48]",335.22,150,11.74,-0.09
07:40:28,"[322.0, 10]","[320.0, 56]","[343.0, 19]","[344.0, 28]",332.5,113,21.0,0.17
07:40:29,"[322.0, 18]","[320.0, 36]","[342.5, 40]","[343.67, 30]",332.25,124,20.5,-0.13
07:40:30,"[322.0, 18]","[320.0, 18]","[340.44, 45]","[342.76, 21]",331.22,102,18.44,-0.29
07:40:31,"[322.0, 18]","[320.0, 18]","[340.0, 45]","[343.0, 39]",331.0,120,18.0,-0.4
07:40:32,"[322.0, 18]","[320.0, 18]","[339.95, 42]","[342.75, 61]",330.98,139,17.95,-0.48
07:40:33,"[322.0, 32]","[320.0, 32]","[330.76, 38]","[336.44, 64]",326.38,166,8.76,-0.23
07:40:34,"[325.47, 166]","[325.12, 131]","[329.0, 36]","[338.8, 82]",327.23,415,3.53,0.43
07:40:35,"[329.27, 52]","[327.21, 132]","[337.0, 12]","[338.0, 48]",333.13,244,7.73,0.51
07:40:36,"[330.6, 75]","[329.0, 195]","[332.24, 41]","[337.38, 21]",331.42,332,1.64,0.63
07:40:37,"[331.93, 80]","[330.53, 166]","[338.0, 35]","[339.0, 70]",334.96,351,6.07,0.4
07:40:38,"[335.55, 147]","[333.97, 136]","[338.24, 42]","[339.07, 86]",336.89,411,2.69,0.38
07:40:39,"[336.14, 220]","[328.12, 56]","[339.0, 75]","[340.0, 45]",337.57,396,2.86,0.39
07:40:40,"[338.0, 52]","[336.0, 28]","[339.0, 20]","[340.0, 21]",338.5,121,1.0,0.32
07:40:41,"[336.35, 17]","[335.0, 21]","[340.0, 27]","[342.0, 9]",338.18,74,3.65,0.03
07:40:42,"[337.98, 224]","[336.21, 34]","[339.62, 34]","[341.71, 41]",338.8,333,1.64,0.55
07:40:43,"[338.0, 184]","[336.0, 42]","[341.27, 41]","[372.88, 56]",339.63,323,3.27,0.4
07:40:44,"[338.0, 99]","[336.0, 27]","[339.0, 18]","[342.0, 27]",338.5,171,1.0,0.47
07:40:45,"[338.13, 76]","[337.51, 73]","[342.0, 33]","[347.0, 11]",340.07,193,3.87,0.54
07:40:46,"[338.78, 36]","[337.94, 96]","[342.0, 30]","[347.0, 10]",340.39,172,3.22,0.53
07:40:47,"[339.0, 98]","[338.0, 112]","[341.65, 46]","[343.91, 35]",340.33,291,2.65,0.44
07:40:48,"[339.0, 83]","[338.0, 104]","[340.94, 49]","[344.11, 57]",339.97,293,1.94,0.28
07:40:49,"[339.15, 39]","[338.06, 94]","[343.0, 26]","[344.0, 39]",341.08,198,3.85,0.34
07:40:50,"[340.0, 33]","[339.0, 33]","[342.18, 22]","[345.6, 45]",341.09,133,2.18,-0.01
07:40:51,"[339.88, 24]","[338.58, 57]","[346.74, 76]","[352.0, 24]",343.31,181,6.86,-0.1
07:40:52,"[341.7, 10]","[339.0, 30]","[347.0, 60]","[357.0, 10]",344.35,110,5.3,-0.27
07:40:53,"[342.0, 13]","[339.0, 39]","[347.0, 78]","[357.0, 13]",344.5,143,5.0,-0.27
07:40:54,"[343.0, 36]","[342.0, 9]","[346.55, 44]","[348.6, 25]",344.77,114,3.55,-0.21
07:40:55,"[343.0, 50]","[342.0, 13]","[346.0, 52]","[347.38, 39]",344.5,154,3.0,-0.18
07:40:56,"[343.0, 36]","[342.0, 12]","[345.25, 48]","[347.33, 36]",344.12,132,2.25,-0.27
07:40:57,"[343.0, 22]","[342.0, 8]","[344.75, 32]","[347.0, 24]",343.88,86,1.75,-0.3
07:40:58,"[342.08, 12]","[339.07, 45]","[343.92, 48]","[348.0, 36]",343.0,141,1.83,-0.19
07:40:59,"[338.42, 62]","[336.84, 43]","[348.51, 55]","[352.97, 61]",343.46,221,10.09,-0.05
07:41:00,"[341.86, 43]","[340.84, 38]","[350.0, 21]","[351.0, 21]",345.93,123,8.14,0.32
07:41:01,"[344.0, 60]","[342.0, 70]","[348.3, 30]","[350.2, 30]",346.15,190,4.3,0.37
07:41:02,"[344.0, 60]","[340.72, 39]","[347.0, 30]","[349.0, 30]",345.5,159,3.0,0.25
07:41:03,"[344.0, 57]","[342.0, 48]","[346.08, 36]","[350.51, 45]",345.04,186,2.08,0.13
07:41:04,"[343.5, 32]","[341.78, 36]","[347.82, 34]","[354.5, 48]",345.66,150,4.32,-0.09
07:41:05,"[342.0, 28]","[340.0, 14]","[353.71, 35]","[355.0, 28]",347.86,105,11.71,-0.2
07:41:06,"[342.0, 44]","[340.0, 22]","[352.0, 55]","[354.09, 44]",347.0,165,10.0,-0.2
07:41:07,"[342.0, 52]","[340.0, 26]","[352.0, 65]","[354.0, 52]",347.0,195,10.0,-0.2
07:41:08,"[342.67, 60]","[341.23, 26]","[352.0, 45]","[354.0, 36]",347.33,167,9.33,0.03
07:41:09,"[343.82, 110]","[342.0, 44]","[351.77, 52]","[353.36, 47]",347.79,253,7.95,0.22
07:41:10,"[345.0, 75]","[342.0, 36]","[351.0, 36]","[352.0, 45]",348.0,192,6.0,0.16
07:41:11,"[345.0, 71]","[342.0, 44]","[349.45, 44]","[353.27, 55]",347.23,214,4.45,0.07
07:41:12,"[345.0, 66]","[342.36, 50]","[348.45, 44]","[354.45, 55]",346.73,215,3.45,0.08
07:41:13,"[345.0, 24]","[343.0, 42]","[347.89, 27]","[354.18, 34]",346.44,127,2.89,0.04
07:41:14,"[345.0, 20]","[343.0, 54]","[346.72, 29]","[347.82, 34]",345.86,137,1.72,0.08
07:41:15,"[343.86, 56]","[342.83, 92]","[346.15, 59]","[347.93, 45]",345.0,252,2.3,0.17
07:41:16,"[343.0, 104]","[342.0, 52]","[346.0, 26]","[347.0, 39]",344.5,221,3.0,0.41
07:41:17,"[343.0, 72]","[342.0, 60]","[347.97, 31]","[353.2, 50]",345.48,213,4.97,0.24
07:41:18,"[343.0, 33]","[342.0, 44]","[353.09, 22]","[354.36, 28]",348.05,127,10.09,0.21
07:41:19,"[343.0, 39]","[342.0, 52]","[352.0, 26]","[354.85, 53]",347.5,170,9.0,0.07
07:41:20,"[343.0, 39]","[342.0, 52]","[352.0, 26]","[356.8, 49]",347.5,166,9.0,0.1
07:41:21,"[343.0, 48]","[342.0, 64]","[350.0, 40]","[351.0, 40]",346.5,192,7.0,0.17
07:41:22,"[342.19, 48]","[340.63, 38]","[347.12, 34]","[348.17, 46]",344.65,166,4.93,0.04
07:41:23,"[342.0, 36]","[340.0, 24]","[346.0, 24]","[348.0, 36]",344.0,120,4.0,0.0
07:41:24,"[342.0, 24]","[340.0, 16]","[345.18, 22]","[346.67, 18]",343.59,80,3.18,0.0
07:41:25,"[342.0, 48]","[340.0, 32]","[344.19, 48]","[346.0, 32]",343.09,160,2.19,0.0
07:41:26,"[340.86, 21]","[339.11, 88]","[347.89, 27]","[354.36, 28]",344.37,164,7.03,0.33
07:41:27,"[340.0, 22]","[339.0, 143]","[353.73, 22]","[358.14, 35]",346.86,222,13.73,0.49
07:41:28,"[340.67, 162]","[338.87, 131]","[352.7, 40]","[354.0, 40]",346.69,373,12.03,0.57
07:41:29,"[342.0, 112]","[340.0, 34]","[348.57, 53]","[351.54, 39]",345.28,238,6.57,0.23
07:41:30,"[340.25, 32]","[339.01, 184]","[343.5, 36]","[344.47, 51]",341.88,303,3.25,0.43
07:41:31,"[340.0, 26]","[339.0, 169]","[343.0, 26]","[344.0, 39]",341.5,260,3.0,0.5
07:41:32,"[340.0, 32]","[338.53, 148]","[342.12, 32]","[344.0, 48]",341.06,260,2.12,0.38
07:41:33,"[340.0, 18]","[338.0, 133]","[342.44, 25]","[349.85, 41]",341.22,217,2.44,0.39
07:41:34,"[341.27, 33]","[340.0, 11]","[344.0, 33]","[356.0, 55]",342.64,132,2.73,-0.33
07:41:35,"[341.38, 26]","[338.1, 118]","[349.38, 34]","[356.7, 91]",345.38,269,8.0,0.07
07:41:36,"[340.0, 12]","[338.0, 168]","[356.0, 24]","[357.0, 96]",348.0,300,16.0,0.2
07:41:37,"[340.0, 11]","[338.0, 154]","[355.0, 22]","[357.0, 64]",347.5,251,15.0,0.31
07:41:38,"[340.0, 13]","[338.0, 182]","[355.0, 26]","[357.92, 120]",347.5,341,15.0,0.14
07:41:39,"[340.0, 10]","[338.0, 140]","[357.93, 92]","[424.91, 44]",348.97,286,17.93,0.05
07:41:40,"[338.12, 81]","[337.9, 78]","[358.0, 130]","[510.45, 44]",348.06,333,19.88,-0.05
07:41:41,"[338.43, 42]","[337.9, 40]","[357.06, 62]","[358.66, 59]",347.75,203,18.64,-0.19
07:41:42,"[339.53, 45]","[338.04, 75]","[356.0, 45]","[357.0, 120]",347.77,285,16.47,-0.16
07:41:43,"[340.88, 48]","[339.0, 16]","[354.12, 49]","[354.93, 106]",347.5,219,13.25,-0.42
07:41:44,"[341.0, 51]","[339.0, 17]","[352.03, 61]","[353.76, 123]",346.52,252,11.03,-0.46
07:41:45,"[341.16, 57]","[339.11, 19]","[347.67, 69]","[349.19, 81]",344.41,226,6.51,-0.33
07:41:46,"[342.0, 57]","[340.79, 19]","[344.69, 71]","[346.55, 66]",343.35,213,2.69,-0.29
07:41:47,"[339.0, 8]","[338.0, 48]","[343.0, 24]","[344.0, 64]",341.0,144,4.0,-0.22
07:41:48,"[339.0, 12]","[338.0, 72]","[342.27, 44]","[343.57, 56]",340.64,184,3.27,-0.09
07:41:49,"[337.4, 40]","[335.17, 65]","[341.13, 67]","[342.85, 52]",339.27,224,3.73,-0.06
07:41:50,"[335.38, 58]","[329.8, 41]","[338.25, 53]","[341.74, 54]",336.81,206,2.87,-0.04
07:41:51,"[330.0, 36]","[326.0, 12]","[336.25, 36]","[350.14, 29]",333.12,113,6.25,-0.15
07:41:52,"[330.78, 41]","[304.96, 23]","[336.0, 33]","[342.0, 22]",333.39,119,5.22,0.08
07:41:53,"[332.57, 42]","[328.0, 36]","[338.05, 44]","[345.79, 66]",335.31,188,5.47,-0.17
07:41:54,"[336.91, 33]","[325.71, 42]","[342.0, 26]","[347.0, 65]",339.45,166,5.09,-0.1
07:41:55,"[338.0, 90]","[335.29, 21]","[342.0, 30]","[347.0, 75]",340.0,216,4.0,0.03
07:41:56,"[338.0, 54]","[334.0, 11]","[342.0, 22]","[347.0, 55]",340.0,142,4.0,-0.08
07:41:57,"[335.45, 33]","[327.14, 21]","[343.32, 38]","[346.92, 37]",339.39,129,7.86,-0.16
07:41:58,"[328.5, 48]","[322.11, 76]","[339.32, 92]","[346.78, 64]",333.91,280,10.82,-0.11
07:41:59,"[342.0, 88]","[324.0, 26]","[344.38, 65]","[348.85, 65]",343.19,244,2.38,-0.07
07:42:00,"[342.0, 91]","[329.68, 38]","[343.54, 65]","[346.15, 26]",342.77,220,1.54,0.17
07:42:01,"[342.0, 14]","[329.4, 20]","[348.0, 14]","[350.0, 35]",345.0,83,6.0,-0.18
07:42:02,"[333.33, 30]","[323.37, 38]","[347.85, 33]","[396.05, 41]",340.59,142,14.52,-0.04
07:42:03,"[325.73, 33]","[323.8, 90]","[346.3, 73]","[346.77, 52]",336.01,248,20.57,-0.01
07:42:04,"[342.55, 22]","[339.29, 34]","[344.26, 70]","[345.48, 63]",343.4,189,1.71,-0.41
07:42:05,"[342.0, 27]","[338.0, 30]","[343.5, 36]","[344.69, 39]",342.75,132,1.5,-0.14
07:42:06,"[338.36, 22]","[327.41, 34]","[341.92, 36]","[343.5, 24]",340.14,116,3.55,-0.03
07:42:07,"[331.45, 22]","[325.11, 27]","[341.0, 33]","[345.73, 22]",336.23,104,9.55,-0.06
07:42:08,"[326.0, 26]","[324.0, 26]","[336.67, 30]","[338.2, 30]",331.33,112,10.67,-0.07
07:42:09,"[326.0, 26]","[324.0, 26]","[330.62, 26]","[332.23, 26]",328.31,104,4.62,0.0
07:42:10,"[326.67, 18]","[325.4, 20]","[328.88, 34]","[330.4, 30]",327.77,102,2.22,-0.25
07:42:11,"[326.58, 12]","[324.82, 17]","[328.0, 39]","[329.33, 24]",327.29,92,1.42,-0.37
07:42:12,"[325.08, 13]","[323.61, 23]","[327.69, 26]","[329.2, 20]",326.38,82,2.62,-0.12
07:42:13,"[324.0, 16]","[323.0, 24]","[328.0, 16]","[330.0, 16]",326.0,72,4.0,0.11
07:42:14,"[324.0, 16]","[323.0, 24]","[327.77, 13]","[329.25, 16]",325.88,69,3.77,0.16
07:42:15,"[324.0, 28]","[323.0, 42]","[326.29, 14]","[328.0, 28]",325.14,112,2.29,0.25
07:42:16,"[324.87, 45]","[322.78, 27]","[326.0, 12]","[328.0, 24]",325.43,108,1.13,0.33
07:42:17,"[323.0, 28]","[319.9, 29]","[327.78, 18]","[329.6, 20]",325.39,95,4.78,0.2
07:42:18,"[323.78, 49]","[322.38, 29]","[328.0, 12]","[330.0, 22]",325.89,112,4.22,0.39
07:42:19,"[326.36, 77]","[324.73, 33]","[328.24, 17]","[330.12, 34]",327.3,161,1.87,0.37
07:42:20,"[326.6, 60]","[325.0, 30]","[335.25, 40]","[337.67, 60]",330.93,190,8.65,-0.05
07:42:21,"[328.29, 68]","[325.0, 34]","[337.0, 45]","[340.47, 76]",332.65,223,8.71,-0.09
07:42:22,"[330.78, 51]","[328.2, 49]","[334.65, 79]","[336.59, 56]",332.71,235,3.86,-0.15
07:42:23,"[333.0, 13]","[325.94, 34]","[337.1, 31]","[340.26, 35]",335.05,113,4.1,-0.17
07:42:24,"[333.73, 11]","[321.37, 19]","[340.0, 22]","[341.0, 33]",336.86,85,6.27,-0.29
07:42:25,"[327.17, 12]","[324.21, 14]","[340.5, 24]","[341.94, 34]",333.83,84,13.33,-0.38
07:42:26,"[329.72, 64]","[320.62, 16]","[341.0, 36]","[343.0, 48]",335.36,164,11.28,-0.02
07:42:27,"[335.0, 266]","[323.71, 14]","[339.4, 30]","[340.58, 33]",337.2,343,4.4,0.63
07:42:28,"[336.85, 262]","[335.43, 184]","[340.25, 32]","[343.27, 59]",338.55,537,3.4,0.66
07:42:29,"[338.0, 285]","[337.0, 165]","[342.91, 66]","[344.23, 39]",340.45,555,4.91,0.62
07:42:30,"[338.12, 152]","[337.0, 88]","[343.0, 40]","[345.0, 16]",340.56,296,4.88,0.62
07:42:31,"[339.0, 228]","[337.0, 132]","[343.0, 60]","[345.0, 24]",341.0,444,4.0,0.62
07:42:32,"[340.0, 257]","[337.0, 154]","[343.0, 70]","[345.0, 28]",341.5,509,3.0,0.61
07:42:33,"[340.06, 100]","[338.15, 125]","[343.0, 50]","[345.0, 20]",341.53,295,2.94,0.53
07:42:34,"[340.0, 180]","[337.0, 165]","[343.0, 75]","[345.0, 30]",341.5,450,3.0,0.53
07:42:35,"[341.33, 108]","[337.0, 99]","[343.0, 45]","[345.0, 18]",342.17,270,1.67,0.53
07:42:36,"[342.0, 132]","[337.0, 121]","[343.0, 55]","[345.0, 22]",342.5,330,1.0,0.53
07:42:37,"[342.0, 120]","[337.0, 120]","[343.0, 50]","[345.0, 20]",342.5,310,1.0,0.55
07:42:38,"[342.0, 72]","[337.1, 62]","[343.0, 30]","[345.0, 12]",342.5,176,1.0,0.52
07:42:39,"[342.0, 126]","[340.0, 22]","[343.0, 55]","[345.0, 26]",342.5,229,1.0,0.29
07:42:40,"[342.0, 41]","[340.0, 18]","[343.0, 45]","[345.0, 18]",342.5,122,1.0,-0.03
07:42:41,"[342.0, 24]","[340.0, 12]","[343.0, 30]","[345.0, 12]",342.5,78,1.0,-0.08
07:42:42,"[341.45, 22]","[337.51, 47]","[343.0, 35]","[345.0, 14]",342.23,118,1.55,0.17
07:42:43,"[340.0, 36]","[337.0, 80]","[343.0, 90]","[345.0, 57]",341.5,263,3.0,-0.12
07:42:44,"[340.0, 20]","[337.0, 20]","[343.0, 50]","[345.0, 70]",341.5,160,3.0,-0.5
07:42:45,"[341.29, 14]","[339.77, 26]","[343.0, 65]","[345.0, 81]",342.14,186,1.71,-0.57
07:42:46,"[342.0, 14]","[340.0, 28]","[343.0, 70]","[344.93, 54]",342.5,166,1.0,-0.49
07:42:47,"[342.0, 10]","[340.0, 20]","[343.0, 50]","[344.0, 10]",342.5,90,1.0,-0.33
07:42:48,"[340.0, 18]","[337.0, 9]","[343.0, 45]","[344.0, 9]",341.5,81,3.0,-0.33
07:42:49,"[340.0, 14]","[337.0, 7]","[343.0, 35]","[344.0, 7]",341.5,63,3.0,-0.33
07:42:50,"[336.55, 58]","[334.86, 14]","[343.12, 25]","[344.87, 31]",339.84,128,6.57,0.12
07:42:51,"[336.0, 30]","[334.0, 6]","[342.33, 12]","[345.0, 6]",339.17,54,6.33,0.33
07:42:52,"[336.0, 60]","[334.0, 12]","[341.5, 24]","[344.42, 12]",338.75,108,5.5,0.33
07:42:53,"[336.0, 55]","[334.0, 11]","[340.22, 36]","[341.89, 18]",338.11,120,4.22,0.1
07:42:54,"[336.0, 60]","[334.0, 6]","[339.5, 16]","[340.2, 20]",337.75,102,3.5,0.29
07:42:55,"[336.0, 47]","[334.0, 9]","[338.33, 18]","[340.0, 36]",337.17,110,2.33,0.02
07:42:56,"[335.41, 17]","[328.0, 11]","[337.33, 18]","[340.0, 36]",336.37,82,1.92,-0.32
07:42:57,"[326.57, 35]","[323.53, 17]","[335.38, 32]","[338.39, 46]",330.97,130,8.8,-0.2
07:42:58,"[325.74, 38]","[324.0, 44]","[332.3, 27]","[334.13, 15]",329.02,124,6.56,0.32
07:42:59,"[327.79, 29]","[326.32, 37]","[330.39, 83]","[331.77, 35]",329.09,184,2.59,-0.28
07:43:00,"[325.58, 38]","[318.09, 35]","[328.31, 71]","[329.61, 56]",326.94,200,2.73,-0.27
07:43:01,"[320.67, 24]","[317.52, 25]","[327.83, 36]","[329.0, 24]",324.25,109,7.17,-0.1
07:43:02,"[327.9, 71]","[316.51, 73]","[339.55, 62]","[343.92, 104]",333.72,310,11.65,-0.07
07:43:03,"[336.0, 72]","[318.0, 54]","[338.44, 18]","[341.0, 72]",337.22,216,2.44,0.17
07:43:04,"[336.3, 37]","[319.38, 26]","[340.32, 31]","[342.55, 58]",338.31,152,4.03,-0.17
07:43:05,"[339.77, 91]","[338.54, 61]","[343.56, 82]","[344.48, 29]",341.67,263,3.79,0.16
07:43:06,"[341.16, 62]","[340.49, 71]","[344.0, 70]","[345.0, 14]",342.58,217,2.84,0.23
07:43:07,"[340.92, 24]","[340.48, 54]","[343.8, 30]","[345.13, 38]",342.36,146,2.88,0.07
07:43:08,"[340.0, 40]","[336.0, 20]","[341.4, 10]","[344.0, 50]",340.7,120,1.4,0.0
07:43:09,"[340.0, 35]","[336.0, 78]","[343.87, 47]","[348.14, 57]",341.94,217,3.87,0.04
07:43:10,"[340.0, 27]","[336.0, 81]","[351.6, 50]","[353.6, 47]",345.8,205,11.6,0.05
07:43:11,"[340.0, 27]","[336.0, 81]","[350.76, 41]","[353.31, 51]",345.38,200,10.76,0.08
07:43:12,"[336.89, 81]","[335.59, 68]","[341.0, 13]","[352.7, 69]",338.94,231,4.11,0.29
07:43:13,"[336.0, 108]","[334.0, 24]","[338.81, 32]","[339.41, 29]",337.41,193,2.81,0.37
07:43:14,"[336.0, 61]","[334.0, 22]","[337.0, 22]","[340.78, 18]",336.5,123,1.0,0.35
07:43:15,"[336.0, 8]","[334.0, 16]","[347.0, 8]","[349.0, 16]",341.5,48,11.0,0.0
07:43:16,"[336.0, 8]","[334.0, 16]","[347.0, 16]","[351.14, 28]",341.5,68,11.0,-0.29
07:43:17,"[337.2, 25]","[334.26, 23]","[347.0, 39]","[352.0, 65]",342.1,152,9.8,-0.37
07:43:18,"[338.0, 65]","[336.0, 13]","[347.0, 39]","[352.0, 65]",342.5,182,9.0,-0.14
07:43:19,"[338.0, 38]","[336.0, 9]","[347.0, 27]","[352.0, 45]",342.5,119,9.0,-0.21
07:43:20,"[338.05, 42]","[336.89, 18]","[347.0, 36]","[352.0, 60]",342.52,156,8.95,-0.23
07:43:21,"[339.0, 15]","[338.0, 60]","[347.0, 45]","[352.0, 75]",343.0,195,8.0,-0.23
07:43:22,"[339.97, 71]","[338.28, 39]","[347.0, 54]","[352.09, 47]",343.49,211,7.03,0.04
07:43:23,"[340.0, 50]","[338.0, 40]","[347.0, 30]","[352.0, 20]",343.5,140,7.0,0.29
07:43:24,"[340.0, 40]","[338.0, 32]","[347.0, 24]","[352.0, 16]",343.5,112,7.0,0.29
07:43:25,"[339.31, 35]","[337.45, 33]","[347.0, 30]","[352.0, 20]",343.16,118,7.69,0.15
07:43:26,"[338.0, 52]","[334.59, 34]","[346.04, 73]","[347.62, 16]",342.02,175,8.04,-0.02
07:43:27,"[338.0, 52]","[336.0, 130]","[343.3, 46]","[346.8, 51]",340.65,279,5.3,0.3
07:43:28,"[338.0, 44]","[336.0, 110]","[340.45, 11]","[342.0, 44]",339.23,209,2.45,0.47
07:43:29,"[338.0, 36]","[336.0, 90]","[339.11, 9]","[342.0, 36]",338.56,171,1.11,0.47
07:43:30,"[338.0, 23]","[336.0, 70]","[341.73, 22]","[345.46, 13]",339.86,128,3.73,0.45
07:43:31,"[336.37, 54]","[335.85, 108]","[342.0, 56]","[351.0, 14]",339.19,232,5.63,0.4
07:43:32,"[337.0, 14]","[336.0, 140]","[340.07, 56]","[350.14, 14]",338.54,224,3.07,0.38
07:43:33,"[337.0, 13]","[336.0, 130]","[339.0, 52]","[349.14, 21]",338.0,216,2.0,0.32
07:43:34,"[337.0, 8]","[336.0, 80]","[339.0, 32]","[346.0, 24]",338.0,144,2.0,0.22
07:43:35,"[339.98, 121]","[336.5, 20]","[346.0, 33]","[353.0, 44]",342.99,218,6.02,0.29
07:43:36,"[340.0, 76]","[337.0, 8]","[346.0, 24]","[353.0, 32]",343.0,140,6.0,0.2
07:43:37,"[340.0, 63]","[337.0, 9]","[346.0, 27]","[353.0, 36]",343.0,135,6.0,0.07
07:43:38,"[338.11, 57]","[335.5, 12]","[346.0, 27]","[353.0, 36]",342.05,132,7.89,0.05
07:43:39,"[336.02, 92]","[334.62, 29]","[346.0, 33]","[353.0, 44]",341.01,198,9.98,0.22
07:43:40,"[336.44, 96]","[335.68, 75]","[346.0, 39]","[353.0, 52]",341.22,262,9.56,0.31
07:43:41,"[338.63, 90]","[337.21, 159]","[343.61, 33]","[345.64, 45]",341.12,327,4.97,0.52
07:43:42,"[340.33, 21]","[336.25, 189]","[351.58, 45]","[353.62, 66]",345.96,321,11.24,0.31
07:43:43,"[341.87, 52]","[336.52, 86]","[354.59, 98]","[356.72, 43]",348.23,279,12.73,-0.01
07:43:44,"[342.0, 75]","[341.0, 15]","[355.0, 124]","[358.78, 27]",348.5,241,13.0,-0.25
07:43:45,"[342.0, 70]","[341.0, 14]","[354.63, 70]","[355.55, 33]",348.31,187,12.63,-0.1
07:43:46,"[342.0, 21]","[341.0, 9]","[353.3, 40]","[354.52, 23]",347.65,93,11.3,-0.35
07:43:47,"[342.0, 16]","[341.0, 16]","[351.56, 64]","[352.45, 31]",346.78,127,9.56,-0.5
07:43:48,"[336.76, 46]","[335.06, 50]","[349.8, 40]","[350.8, 40]",343.28,176,13.04,0.09
07:43:49,"[336.0, 135]","[334.0, 135]","[348.47, 60]","[350.0, 60]",342.23,390,12.47,0.38
07:43:50,"[335.0, 90]","[333.19, 111]","[337.62, 64]","[344.38, 53]",336.31,318,2.62,0.26
07:43:51,"[334.01, 136]","[331.27, 99]","[339.33, 72]","[345.74, 46]",336.67,353,5.33,0.33
07:43:52,"[334.0, 81]","[331.0, 54]","[347.67, 36]","[350.0, 18]",340.83,189,13.67,0.43
07:43:53,"[334.13, 93]","[333.0, 162]","[343.81, 84]","[346.11, 76]",338.97,415,9.68,0.23
07:43:54,"[335.59, 27]","[334.27, 99]","[342.5, 64]","[343.53, 68]",339.05,258,6.91,-0.02
07:43:55,"[337.5, 18]","[335.15, 39]","[341.0, 54]","[342.0, 72]",339.25,183,3.5,-0.38
07:43:56,"[337.81, 16]","[335.0, 32]","[340.29, 51]","[341.33, 61]",339.05,160,2.48,-0.4
07:43:57,"[335.17, 36]","[334.03, 157]","[337.95, 57]","[345.33, 39]",336.56,289,2.78,0.34
07:43:58,"[334.02, 92]","[331.69, 39]","[335.53, 17]","[336.27, 33]",334.78,181,1.51,0.45
07:43:59,"[333.35, 69]","[329.06, 54]","[342.39, 23]","[343.73, 44]",337.87,190,9.04,0.29
07:44:00,"[331.0, 45]","[324.0, 45]","[348.53, 30]","[350.44, 18]",339.77,138,17.53,0.3
07:44:01,"[324.7, 30]","[323.02, 174]","[338.62, 32]","[348.27, 11]",331.66,247,13.93,0.65
07:44:02,"[325.48, 90]","[323.22, 122]","[331.97, 39]","[346.67, 15]",328.73,266,6.5,0.59
07:44:03,"[327.0, 126]","[321.04, 228]","[337.62, 32]","[346.22, 18]",332.31,404,10.62,0.75
07:44:04,"[338.85, 106]","[334.56, 86]","[345.0, 32]","[346.0, 16]",341.92,240,6.15,0.6
07:44:05,"[341.0, 115]","[337.0, 95]","[342.97, 74]","[344.03, 36]",341.99,320,1.97,0.31
07:44:06,"[338.8, 100]","[335.84, 57]","[344.12, 51]","[349.25, 28]",341.46,236,5.32,0.33
07:44:07,"[336.88, 52]","[333.71, 21]","[345.83, 23]","[350.59, 22]",341.36,118,8.94,0.24
07:44:08,"[334.0, 30]","[328.0, 15]","[345.67, 30]","[350.47, 15]",339.83,90,11.67,0.0
07:44:09,"[334.0, 34]","[328.0, 17]","[343.76, 34]","[347.0, 17]",338.88,102,9.76,0.0
07:44:10,"[331.0, 16]","[326.67, 12]","[341.0, 24]","[343.4, 30]",336.0,82,10.0,-0.32
07:44:11,"[337.52, 50]","[335.45, 51]","[340.37, 38]","[342.38, 39]",338.94,178,2.85,0.13
07:44:12,"[339.0, 26]","[336.0, 52]","[340.0, 39]","[343.0, 39]",339.5,156,1.0,0.0
07:44:13,"[336.0, 24]","[323.0, 6]","[340.0, 6]","[343.5, 18]",338.0,54,4.0,0.11
07:44:14,"[336.0, 44]","[323.0, 11]","[340.0, 11]","[346.0, 33]",338.0,99,4.0,0.11
07:44:15,"[336.0, 44]","[323.0, 11]","[341.38, 13]","[346.13, 31]",338.69,99,5.38,0.11
07:44:16,"[336.0, 44]","[323.0, 11]","[346.0, 33]","[350.0, 11]",341.0,99,10.0,0.11
07:44:17,"[336.12, 48]","[330.8, 25]","[346.0, 39]","[350.27, 15]",341.06,127,9.88,0.15
07:44:18,"[339.8, 41]","[336.48, 62]","[346.0, 45]","[350.43, 42]",342.9,190,6.2,0.08
07:44:19,"[340.0, 18]","[336.0, 30]","[346.0, 18]","[350.0, 24]",343.0,90,6.0,0.07
07:44:20,"[340.0, 27]","[336.0, 45]","[346.0, 27]","[350.0, 36]",343.0,135,6.0,0.07
07:44:21,"[340.0, 35]","[336.0, 65]","[345.83, 36]","[349.27, 49]",342.92,185,5.83,0.08
07:44:22,"[337.75, 24]","[336.05, 58]","[345.0, 24]","[346.0, 36]",341.38,142,7.25,0.15
07:44:23,"[337.0, 33]","[336.0, 61]","[343.64, 22]","[348.64, 33]",340.32,149,6.64,0.26
07:44:24,"[337.0, 48]","[336.0, 66]","[342.86, 35]","[348.9, 121]",339.93,270,5.86,-0.16
07:44:25,"[336.06, 47]","[334.24, 50]","[340.33, 24]","[342.0, 60]",338.2,181,4.27,0.07
07:44:26,"[336.02, 53]","[334.14, 56]","[338.0, 28]","[348.33, 52]",337.01,189,1.98,0.15
07:44:27,"[336.0, 40]","[334.0, 52]","[343.48, 33]","[348.38, 29]",339.74,154,7.48,0.19
07:44:28,"[336.0, 20]","[334.0, 40]","[346.53, 34]","[348.0, 24]",341.26,118,10.53,0.02
07:44:29,"[336.0, 26]","[334.0, 52]","[345.68, 47]","[346.55, 44]",340.84,169,9.68,-0.08
07:44:30,"[336.0, 32]","[334.0, 64]","[344.05, 63]","[348.31, 35]",340.02,194,8.05,-0.01
07:44:31,"[335.83, 24]","[333.7, 46]","[342.38, 52]","[348.73, 33]",339.11,155,6.55,-0.1
07:44:32,"[334.0, 13]","[327.0, 13]","[341.15, 52]","[348.0, 47]",337.58,125,7.15,-0.58
07:44:33,"[334.0, 13]","[327.0, 13]","[340.08, 52]","[347.55, 53]",337.04,131,6.08,-0.6
07:44:34,"[334.0, 12]","[327.0, 12]","[339.26, 46]","[345.72, 25]",336.63,95,5.26,-0.49
07:44:35,"[333.12, 8]","[325.15, 13]","[345.0, 16]","[351.0, 24]",339.06,61,11.88,-0.31
07:44:36,"[327.0, 12]","[323.0, 60]","[334.17, 23]","[344.0, 24]",330.59,119,7.17,0.21
07:44:37,"[323.21, 57]","[322.18, 33]","[328.86, 21]","[344.1, 20]",326.03,131,5.65,0.37
07:44:38,"[328.0, 45]","[322.16, 75]","[329.0, 18]","[346.0, 18]",328.5,156,1.0,0.54
07:44:39,"[322.0, 126]","[316.0, 42]","[329.0, 28]","[340.6, 40]",325.5,236,7.0,0.42
07:44:40,"[322.41, 169]","[318.19, 78]","[329.0, 32]","[344.25, 32]",325.71,311,6.59,0.59
07:44:41,"[323.53, 238]","[322.0, 153]","[329.0, 34]","[345.91, 46]",326.26,471,5.47,0.66
07:44:42,"[325.02, 90]","[323.91, 115]","[341.06, 36]","[343.57, 37]",333.04,278,16.03,0.47
07:44:43,"[336.97, 188]","[330.16, 37]","[338.88, 82]","[339.41, 34]",337.92,341,1.91,0.32
07:44:44,"[338.78, 175]","[337.83, 60]","[342.93, 60]","[345.69, 183]",340.86,478,4.16,-0.02
07:44:45,"[341.0, 20]","[340.0, 130]","[344.0, 40]","[346.0, 144]",342.5,334,3.0,-0.1
07:44:46,"[341.0, 12]","[340.0, 78]","[344.0, 24]","[346.0, 84]",342.5,198,3.0,-0.09
07:44:47,"[340.46, 48]","[339.94, 145]","[342.9, 41]","[344.78, 72]",341.68,306,2.44,0.26
07:44:48,"[340.0, 184]","[336.0, 16]","[341.33, 36]","[343.6, 60]",340.67,296,1.33,0.35
07:44:49,"[340.0, 120]","[335.09, 45]","[344.51, 70]","[346.55, 127]",342.26,362,4.51,-0.09
07:44:50,"[340.0, 64]","[336.0, 48]","[346.0, 64]","[351.95, 38]",343.0,214,6.0,0.05
07:44:51,"[340.0, 153]","[336.39, 62]","[345.78, 49]","[346.83, 77]",342.89,341,5.78,0.26
07:44:52,"[340.0, 43]","[339.0, 13]","[343.31, 13]","[346.0, 65]",341.65,134,3.31,-0.16
07:44:53,"[340.0, 21]","[339.0, 7]","[343.0, 7]","[348.75, 59]",341.5,94,3.0,-0.4
07:44:54,"[340.0, 24]","[339.0, 8]","[343.0, 8]","[349.0, 72]",341.5,112,3.0,-0.43
07:44:55,"[340.0, 30]","[339.0, 10]","[342.2, 10]","[349.0, 90]",341.1,140,2.2,-0.43
07:44:56,"[340.0, 36]","[339.0, 12]","[342.0, 12]","[348.76, 83]",341.0,143,2.0,-0.33
07:44:57,"[338.86, 42]","[336.11, 36]","[341.42, 12]","[348.0, 48]",340.14,138,2.56,0.13
07:44:58,"[336.0, 42]","[335.0, 91]","[341.0, 7]","[348.0, 28]",338.5,168,5.0,0.58
07:44:59,"[336.74, 27]","[335.58, 93]","[340.67, 12]","[347.46, 39]",338.7,171,3.93,0.4
07:45:00,"[336.0, 76]","[335.0, 169]","[339.23, 13]","[348.13, 46]",337.62,304,3.23,0.61
07:45:01,"[336.0, 18]","[335.0, 130]","[338.0, 10]","[349.82, 55]",337.0,213,2.0,0.39
07:45:02,"[335.08, 71]","[334.77, 88]","[348.22, 37]","[350.89, 72]",341.65,268,13.13,0.19
07:45:03,"[335.29, 103]","[334.52, 58]","[350.47, 17]","[351.65, 46]",342.88,224,15.18,0.44
07:45:04,"[335.48, 100]","[334.69, 103]","[349.41, 17]","[351.56, 63]",342.45,283,13.93,0.43
07:45:05,"[339.0, 19]","[336.0, 38]","[345.89, 35]","[347.93, 87]",342.44,179,6.89,-0.36
07:45:06,"[339.0, 12]","[336.0, 24]","[342.06, 48]","[343.62, 24]",340.53,108,3.06,-0.33
07:45:07,"[336.43, 21]","[335.08, 78]","[340.42, 60]","[343.33, 54]",338.42,213,3.99,-0.07
07:45:08,"[336.0, 45]","[335.0, 96]","[339.64, 45]","[343.09, 43]",337.82,229,3.64,0.23
07:45:09,"[336.0, 34]","[335.0, 64]","[337.5, 40]","[343.74, 19]",336.75,157,1.5,0.25
07:45:10,"[335.03, 107]","[333.47, 34]","[347.64, 44]","[351.86, 64]",341.33,249,12.61,0.13
07:45:11,"[336.24, 92]","[334.82, 88]","[349.69, 58]","[353.16, 91]",342.96,329,13.45,0.09
07:45:12,"[338.18, 68]","[335.27, 88]","[349.0, 28]","[350.0, 14]",343.59,198,10.82,0.58
07:45:13,"[339.0, 40]","[338.0, 28]","[348.57, 28]","[351.09, 22]",343.79,118,9.57,0.15
07:45:14,"[340.73, 22]","[339.45, 22]","[348.0, 22]","[352.0, 21]",344.36,87,7.27,0.01
07:45:15,"[340.2, 10]","[335.15, 66]","[347.67, 18]","[352.0, 9]",343.93,103,7.47,0.48
07:45:16,"[340.0, 11]","[335.0, 88]","[347.0, 22]","[352.0, 11]",343.5,132,7.0,0.5
07:45:17,"[340.0, 10]","[335.0, 80]","[347.0, 20]","[352.98, 46]",343.5,156,7.0,0.15
07:45:18,"[340.0, 8]","[335.0, 64]","[347.0, 16]","[352.81, 31]",343.5,119,7.0,0.21
07:45:19,"[340.0, 7]","[335.0, 56]","[346.29, 14]","[352.0, 14]",343.14,91,6.29,0.38
07:45:20,"[340.0, 15]","[335.35, 114]","[343.82, 39]","[350.4, 30]",341.91,198,3.82,0.3
07:45:21,"[340.0, 13]","[339.0, 65]","[342.93, 59]","[343.69, 32]",341.47,169,2.93,-0.08
07:45:22,"[340.0, 14]","[339.0, 70]","[341.06, 64]","[342.29, 34]",340.53,182,1.06,-0.08
07:45:23,"[339.17, 30]","[336.75, 40]","[341.22, 37]","[346.57, 28]",340.19,135,2.05,0.04
07:45:24,"[338.41, 41]","[333.18, 33]","[340.14, 28]","[341.04, 50]",339.28,152,1.73,-0.03
07:45:25,"[335.0, 7]","[333.0, 21]","[338.86, 14]","[341.0, 28]",336.93,70,3.86,-0.2
07:45:26,"[333.6, 20]","[331.88, 25]","[340.1, 42]","[346.79, 56]",336.85,143,6.5,-0.37
07:45:27,"[333.47, 15]","[332.11, 18]","[339.0, 11]","[340.0, 44]",336.23,88,5.53,-0.25
07:45:28,"[335.66, 59]","[333.27, 33]","[338.63, 27]","[340.22, 82]",337.15,201,2.97,-0.08
07:45:29,"[336.0, 45]","[333.0, 30]","[338.6, 60]","[345.0, 45]",337.3,180,2.6,-0.17
07:45:30,"[333.69, 13]","[329.43, 7]","[344.89, 19]","[351.42, 19]",339.29,58,11.2,-0.31
07:45:31,"[333.0, 20]","[328.0, 10]","[345.1, 10]","[347.0, 30]",339.05,70,12.1,-0.14
07:45:32,"[333.13, 30]","[329.9, 21]","[344.47, 17]","[347.0, 51]",338.8,119,11.34,-0.14
07:45:33,"[335.7, 76]","[333.22, 36]","[345.25, 32]","[347.15, 60]",340.47,204,9.55,0.1
07:45:34,"[336.47, 295]","[335.0, 57]","[346.0, 84]","[347.0, 63]",341.24,499,9.53,0.41
07:45:35,"[337.11, 90]","[336.88, 97]","[345.9, 49]","[346.61, 59]",341.5,295,8.79,0.27
07:45:36,"[339.91, 114]","[337.12, 138]","[343.38, 39]","[345.83, 84]",341.65,375,3.47,0.34
07:45:37,"[340.0, 149]","[339.0, 12]","[341.79, 47]","[348.65, 20]",340.89,228,1.79,0.41
07:45:38,"[340.0, 64]","[339.0, 8]","[352.5, 30]","[353.26, 34]",346.25,136,12.5,0.06
07:45:39,"[340.0, 88]","[339.0, 11]","[353.0, 55]","[354.0, 33]",346.5,187,13.0,0.06
07:45:40,"[340.0, 66]","[335.5, 20]","[353.0, 40]","[354.0, 24]",346.5,150,13.0,0.15
07:45:41,"[340.0, 126]","[335.14, 98]","[353.0, 70]","[354.0, 42]",346.5,336,13.0,0.33
07:45:42,"[340.0, 99]","[338.0, 77]","[352.13, 47]","[352.95, 43]",346.06,266,12.13,0.32
07:45:43,"[340.0, 99]","[338.06, 82]","[350.0, 36]","[351.83, 36]",345.0,253,10.0,0.43
07:45:44,"[340.0, 72]","[339.0, 45]","[349.05, 37]","[350.21, 19]",344.53,173,9.05,0.35
07:45:45,"[340.0, 108]","[339.0, 70]","[347.29, 70]","[350.16, 32]",343.64,280,7.29,0.27
07:45:46,"[340.0, 84]","[339.0, 70]","[346.07, 70]","[351.75, 28]",343.04,252,6.07,0.22
07:45:47,"[339.88, 24]","[338.71, 35]","[345.0, 30]","[349.32, 28]",342.44,117,5.12,0.01
07:45:48,"[338.43, 70]","[337.12, 128]","[343.07, 70]","[346.93, 70]",340.75,338,4.64,0.17
07:45:49,"[338.0, 150]","[334.0, 105]","[340.94, 64]","[342.27, 75]",339.47,394,2.94,0.29
07:45:50,"[336.12, 104]","[333.14, 98]","[339.62, 65]","[344.84, 56]",337.87,323,3.5,0.25
07:45:51,"[334.0, 105]","[332.0, 90]","[338.73, 60]","[349.19, 93]",336.37,348,4.73,0.12
07:45:52,"[334.0, 70]","[331.48, 58]","[337.5, 40]","[348.1, 30]",335.75,198,3.5,0.29
07:45:53,"[334.0, 91]","[330.64, 137]","[336.62, 52]","[346.85, 39]",335.31,319,2.62,0.43
07:45:54,"[334.0, 22]","[331.0, 56]","[336.0, 16]","[340.25, 12]",335.0,106,2.0,0.47
07:45:55,"[334.0, 131]","[331.88, 50]","[335.92, 52]","[339.0, 39]",334.96,272,1.92,0.33
07:45:56,"[334.0, 108]","[333.0, 18]","[335.0, 34]","[339.0, 27]",334.5,187,1.0,0.35
07:45:57,"[334.0, 81]","[333.0, 26]","[342.43, 42]","[347.59, 49]",338.21,198,8.43,0.08
07:45:58,"[334.0, 65]","[333.0, 26]","[344.77, 52]","[349.31, 39]",339.38,182,10.77,0.0
07:45:59,"[334.0, 65]","[333.0, 26]","[342.69, 52]","[345.38, 39]",338.35,182,8.69,0.0
07:46:00,"[334.25, 60]","[333.26, 95]","[342.0, 64]","[343.12, 48]",338.12,267,7.75,0.16
07:46:01,"[337.0, 9]","[334.0, 45]","[342.0, 36]","[343.0, 27]",339.5,117,5.0,-0.08
07:46:02,"[337.0, 12]","[334.0, 60]","[341.67, 48]","[343.0, 36]",339.33,156,4.67,-0.08
07:46:03,"[337.0, 14]","[334.0, 70]","[340.21, 56]","[343.93, 42]",338.61,182,3.21,-0.08
07:46:04,"[336.2, 15]","[333.66, 83]","[339.69, 52]","[344.0, 39]",337.95,189,3.49,0.04
07:46:05,"[334.0, 24]","[333.0, 168]","[338.58, 48]","[345.86, 21]",336.29,261,4.58,0.47
07:46:06,"[334.0, 24]","[333.0, 168]","[337.25, 48]","[345.25, 12]",335.62,252,3.25,0.52
07:46:07,"[333.68, 44]","[332.99, 211]","[336.0, 64]","[345.75, 16]",334.84,335,2.32,0.52
07:46:08,"[333.0, 154]","[331.0, 11]","[336.0, 44]","[345.0, 11]",334.5,220,3.0,0.5
07:46:09,"[333.9, 50]","[333.01, 158]","[336.67, 42]","[347.0, 25]",335.28,275,2.77,0.51
07:46:10,"[335.52, 27]","[333.06, 149]","[346.0, 13]","[347.0, 28]",340.76,217,10.48,0.62
07:46:11,"[336.82, 11]","[333.0, 154]","[346.0, 35]","[347.0, 44]",341.41,244,9.18,0.35
07:46:12,"[334.45, 29]","[333.01, 172]","[345.54, 28]","[346.19, 64]",339.99,293,11.09,0.37
07:46:13,"[334.8, 20]","[333.0, 280]","[343.74, 27]","[345.76, 59]",339.27,386,8.94,0.55
07:46:14,"[333.13, 60]","[332.75, 55]","[343.0, 22]","[344.0, 11]",338.07,148,9.87,0.55
07:46:15,"[333.0, 195]","[331.0, 15]","[342.57, 21]","[343.25, 24]",337.79,255,9.57,0.65
07:46:16,"[333.0, 104]","[331.0, 8]","[341.0, 9]","[342.87, 15]",337.0,136,8.0,0.65
07:46:17,"[333.5, 80]","[332.86, 69]","[339.08, 26]","[341.0, 22]",336.29,197,5.58,0.51
07:46:18,"[334.79, 70]","[333.0, 112]","[338.86, 28]","[341.0, 14]",336.82,224,4.07,0.62
07:46:19,"[335.0, 22]","[333.0, 88]","[337.0, 28]","[341.0, 14]",336.0,152,2.0,0.45
07:46:20,"[333.03, 61]","[332.29, 17]","[338.1, 29]","[340.36, 28]",335.57,135,5.07,0.16
07:46:21,"[333.0, 57]","[332.0, 13]","[334.77, 13]","[336.0, 16]",333.88,99,1.77,0.41
07:46:22,"[332.0, 10]","[331.0, 10]","[333.14, 28]","[336.18, 22]",332.57,70,1.14,-0.43
07:46:23,"[331.18, 11]","[325.21, 56]","[333.17, 23]","[339.79, 29]",332.18,119,1.99,0.13
07:46:24,"[325.09, 128]","[324.13, 46]","[329.0, 24]","[342.58, 48]",327.05,246,3.91,0.41
07:46:25,"[325.0, 72]","[323.0, 16]","[326.0, 16]","[343.0, 32]",325.5,136,1.0,0.29
07:46:26,"[325.0, 48]","[323.0, 20]","[326.0, 17]","[343.0, 40]",325.5,125,1.0,0.09
07:46:27,"[325.0, 9]","[323.0, 6]","[326.0, 3]","[342.08, 13]",325.5,31,1.0,-0.03
07:46:28,"[325.0, 20]","[322.33, 18]","[339.22, 27]","[343.12, 48]",332.11,113,14.22,-0.33
07:46:29,"[325.0, 8]","[267.81, 31]","[343.0, 28]","[344.0, 8]",334.0,75,18.0,0.04
07:46:30,"[325.0, 16]","[322.0, 64]","[338.5, 40]","[343.22, 36]",331.75,156,13.5,0.03
07:46:31,"[325.0, 24]","[322.0, 96]","[340.69, 32]","[342.43, 35]",332.84,187,15.69,0.28
07:46:32,"[325.0, 16]","[322.0, 64]","[337.55, 22]","[340.25, 16]",331.27,118,12.55,0.36
07:46:33,"[325.0, 20]","[322.0, 80]","[340.0, 20]","[341.0, 20]",332.5,140,15.0,0.43
07:46:34,"[331.6, 30]","[326.96, 90]","[340.0, 24]","[341.0, 24]",335.8,168,8.4,0.43
07:46:35,"[336.0, 41]","[333.0, 98]","[339.52, 31]","[342.15, 26]",337.76,196,3.52,0.42
07:46:36,"[336.0, 112]","[333.0, 153]","[337.53, 85]","[341.76, 34]",336.76,384,1.53,0.38
07:46:37,"[334.0, 27]","[332.78, 83]","[337.81, 27]","[346.14, 21]",335.91,158,3.81,0.39
07:46:38,"[333.0, 81]","[328.92, 13]","[341.0, 9]","[345.78, 18]",337.0,121,8.0,0.55
07:46:39,"[333.09, 69]","[332.56, 32]","[341.0, 9]","[344.0, 18]",337.04,128,7.91,0.58
07:46:40,"[336.94, 51]","[333.0, 153]","[341.0, 17]","[344.0, 34]",338.97,255,4.06,0.6
07:46:41,"[338.0, 45]","[333.0, 135]","[340.59, 27]","[341.56, 43]",339.3,250,2.59,0.44
07:46:42,"[338.0, 31]","[333.0, 117]","[341.13, 15]","[344.62, 24]",339.57,187,3.13,0.58
07:46:43,"[338.0, 26]","[333.0, 117]","[344.0, 29]","[350.0, 65]",341.0,237,6.0,0.21
07:46:44,"[333.08, 119]","[332.26, 35]","[343.29, 14]","[348.74, 38]",338.18,206,10.2,0.5
07:46:45,"[333.0, 126]","[332.0, 28]","[341.29, 14]","[344.86, 14]",337.14,182,8.29,0.69
07:46:46,"[333.0, 63]","[332.0, 14]","[340.43, 7]","[344.0, 7]",336.71,91,7.43,0.69
07:46:47,"[333.5, 98]","[332.76, 59]","[338.08, 12]","[346.0, 12]",335.79,181,4.58,0.73
07:46:48,"[335.73, 77]","[333.0, 99]","[338.0, 11]","[347.0, 11]",336.86,198,2.27,0.78
07:46:49,"[335.82, 135]","[332.96, 150]","[340.37, 19]","[348.92, 39]",338.1,343,4.55,0.66
07:46:50,"[335.88, 65]","[333.16, 114]","[347.0, 14]","[350.0, 70]",341.44,263,11.12,0.36
07:46:51,"[337.73, 44]","[336.0, 48]","[347.0, 16]","[350.0, 80]",342.36,188,9.27,-0.02
07:46:52,"[337.05, 19]","[334.07, 42]","[347.0, 8]","[350.0, 40]",342.03,109,9.95,0.12
07:46:53,"[336.0, 33]","[333.0, 63]","[347.0, 7]","[350.0, 35]",341.5,138,11.0,0.39
07:46:54,"[336.0, 40]","[333.0, 72]","[347.0, 8]","[350.0, 40]",341.5,160,11.0,0.4
07:46:55,"[336.0, 50]","[333.0, 84]","[347.0, 10]","[350.0, 50]",341.5,194,11.0,0.38
07:46:56,"[336.0, 55]","[333.0, 88]","[347.0, 11]","[350.0, 55]",341.5,209,11.0,0.37
07:46:57,"[335.29, 51]","[330.62, 148]","[344.47, 30]","[346.16, 70]",339.88,299,9.17,0.33
07:46:58,"[333.0, 90]","[328.27, 165]","[340.94, 32]","[344.8, 81]",336.97,368,7.94,0.39
07:46:59,"[333.0, 120]","[332.0, 200]","[337.04, 98]","[340.03, 59]",335.02,477,4.04,0.34
07:47:00,"[332.15, 122]","[326.62, 286]","[334.43, 46]","[336.65, 49]",333.29,503,2.29,0.62
07:47:01,"[332.0, 70]","[325.0, 220]","[333.0, 30]","[344.11, 47]",332.5,367,1.0,0.58
07:47:02,"[332.33, 21]","[327.18, 90]","[346.39, 49]","[349.0, 60]",339.36,220,14.05,0.01
07:47:03,"[332.42, 52]","[330.02, 52]","[348.0, 37]","[353.0, 80]",340.21,221,15.58,-0.06
07:47:04,"[332.0, 15]","[330.0, 15]","[348.0, 20]","[353.0, 25]",340.0,75,16.0,-0.2
07:47:05,"[334.11, 19]","[331.25, 24]","[348.0, 32]","[353.0, 40]",341.05,115,13.89,-0.25
07:47:06,"[337.0, 14]","[336.0, 14]","[348.0, 28]","[353.0, 35]",342.5,91,11.0,-0.38
07:47:07,"[337.0, 22]","[336.0, 22]","[347.55, 44]","[351.66, 41]",342.27,129,10.55,-0.32
07:47:08,"[337.0, 24]","[336.0, 24]","[346.33, 48]","[348.92, 12]",341.67,108,9.33,-0.11
07:47:09,"[337.0, 14]","[336.0, 14]","[344.89, 36]","[348.12, 8]",340.94,72,7.89,-0.22
07:47:10,"[335.21, 28]","[335.14, 21]","[344.0, 40]","[345.3, 20]",339.61,109,8.79,-0.1
07:47:11,"[332.0, 40]","[330.0, 18]","[344.0, 24]","[346.0, 12]",338.0,94,12.0,0.23
07:47:12,"[332.73, 44]","[331.45, 66]","[343.64, 56]","[346.0, 28]",338.19,194,10.92,0.13
07:47:13,"[336.0, 10]","[332.0, 60]","[343.0, 40]","[346.0, 39]",339.5,149,7.0,-0.06
07:47:14,"[332.24, 83]","[328.02, 147]","[341.24, 21]","[343.09, 98]",336.74,349,9.0,0.32
07:47:15,"[332.0, 42]","[327.78, 18]","[338.4, 25]","[340.31, 13]",335.2,98,6.4,0.22
07:47:16,"[332.0, 84]","[331.0, 14]","[335.39, 46]","[336.29, 56]",333.7,200,3.39,-0.02
07:47:17,"[331.96, 48]","[330.29, 17]","[333.0, 15]","[334.0, 30]",332.48,110,1.04,0.18
07:47:18,"[327.5, 24]","[326.1, 20]","[333.0, 8]","[334.0, 16]",330.25,68,5.5,0.29
07:47:19,"[326.03, 62]","[324.31, 26]","[332.12, 17]","[333.16, 31]",329.07,136,6.09,0.29
07:47:20,"[325.0, 55]","[324.0, 33]","[333.11, 18]","[335.67, 30]",329.06,136,8.11,0.29
07:47:21,"[325.0, 40]","[324.0, 17]","[333.25, 16]","[340.38, 16]",329.12,89,8.25,0.28
07:47:22,"[328.25, 59]","[236.79, 47]","[336.18, 22]","[341.82, 22]",332.22,150,7.93,0.41
07:47:23,"[333.65, 85]","[330.67, 90]","[340.0, 75]","[344.0, 30]",336.82,280,6.35,0.25
07:47:24,"[334.08, 84]","[333.45, 88]","[340.0, 60]","[344.0, 24]",337.04,256,5.92,0.34
07:47:25,"[336.9, 10]","[334.95, 19]","[340.0, 44]","[344.0, 20]",338.45,93,3.1,-0.38
07:47:26,"[337.4, 10]","[336.4, 10]","[339.0, 40]","[340.0, 42]",338.2,102,1.6,-0.61
07:47:27,"[337.25, 12]","[334.11, 84]","[339.6, 30]","[343.53, 51]",338.43,177,2.35,0.08
07:47:28,"[334.29, 85]","[333.71, 165]","[338.38, 61]","[340.95, 42]",336.34,353,4.08,0.42
07:47:29,"[334.0, 90]","[333.0, 60]","[336.0, 20]","[340.0, 20]",335.0,190,2.0,0.58
07:47:30,"[333.6, 91]","[332.11, 54]","[334.77, 26]","[339.85, 26]",334.19,197,1.16,0.47
07:47:31,"[333.0, 64]","[331.0, 48]","[338.0, 24]","[346.18, 56]",335.5,192,5.0,0.17
07:47:32,"[334.0, 36]","[333.0, 58]","[346.0, 24]","[348.0, 75]",340.0,193,12.0,-0.03
07:47:33,"[334.0, 24]","[333.0, 72]","[346.0, 16]","[348.0, 40]",340.0,152,12.0,0.26
07:47:34,"[334.38, 24]","[333.17, 54]","[346.0, 16]","[348.0, 40]",340.19,134,11.62,0.16
07:47:35,"[334.09, 33]","[333.03, 93]","[346.0, 22]","[348.0, 55]",340.05,203,11.91,0.24
07:47:36,"[334.0, 24]","[333.0, 72]","[346.0, 16]","[348.0, 40]",340.0,152,12.0,0.26
07:47:37,"[334.0, 19]","[333.0, 72]","[346.0, 16]","[348.0, 40]",340.0,147,12.0,0.24
07:47:38,"[334.0, 16]","[333.0, 72]","[346.0, 16]","[348.5, 40]",340.0,144,12.0,0.22
07:47:39,"[334.0, 18]","[333.0, 81]","[345.09, 23]","[347.96, 24]",339.54,146,11.09,0.36
07:47:40,"[333.45, 44]","[332.76, 102]","[343.77, 39]","[346.0, 26]",338.61,211,10.31,0.38
07:47:41,"[333.24, 84]","[331.57, 56]","[342.0, 36]","[346.82, 33]",337.62,209,8.76,0.34
07:47:42,"[333.45, 66]","[331.86, 56]","[341.36, 33]","[347.0, 33]",337.41,188,7.91,0.3
07:47:43,"[333.86, 84]","[332.5, 48]","[340.75, 36]","[347.0, 36]",337.3,204,6.89,0.29
07:47:44,"[334.0, 176]","[333.0, 88]","[337.09, 66]","[338.41, 66]",335.55,396,3.09,0.33
07:47:45,"[334.0, 93]","[333.0, 60]","[336.4, 45]","[345.75, 88]",335.2,286,2.4,0.07
07:47:46,"[334.0, 50]","[333.0, 40]","[337.0, 30]","[347.4, 20]",335.5,140,3.0,0.29
07:47:47,"[333.82, 65]","[332.6, 60]","[336.0, 39]","[342.55, 33]",334.91,197,2.18,0.27
07:47:48,"[333.0, 52]","[331.0, 52]","[334.46, 39]","[345.0, 26]",333.73,169,1.46,0.23
07:47:49,"[333.0, 10]","[331.0, 40]","[345.2, 20]","[348.0, 20]",339.1,90,12.2,0.11
07:47:50,"[333.0, 12]","[329.29, 21]","[344.33, 24]","[346.17, 24]",338.67,81,11.33,-0.19
07:47:51,"[333.0, 8]","[325.0, 8]","[344.0, 16]","[345.0, 32]",338.5,64,11.0,-0.5
07:47:52,"[325.55, 29]","[323.95, 19]","[344.12, 16]","[346.05, 19]",334.84,83,18.57,0.16
07:47:53,"[326.26, 78]","[325.02, 53]","[345.0, 24]","[349.0, 60]",335.63,215,18.74,0.22
07:47:54,"[330.45, 55]","[327.62, 52]","[345.0, 22]","[348.0, 45]",337.73,174,14.55,0.23
07:47:55,"[332.0, 56]","[327.69, 64]","[344.55, 33]","[345.82, 33]",338.27,186,12.55,0.29
07:47:56,"[333.54, 37]","[329.85, 53]","[343.07, 75]","[345.0, 52]",338.3,217,9.53,-0.17
07:47:57,"[335.0, 30]","[334.0, 35]","[343.0, 50]","[345.0, 58]",339.0,173,8.0,-0.25
07:47:58,"[336.04, 49]","[334.96, 53]","[342.53, 85]","[345.0, 91]",339.29,278,6.49,-0.27
07:47:59,"[335.74, 31]","[335.17, 23]","[339.89, 61]","[341.6, 75]",337.81,190,4.14,-0.43
07:48:00,"[335.92, 24]","[334.74, 19]","[338.59, 54]","[339.45, 40]",337.25,137,2.68,-0.37
07:48:01,"[334.95, 21]","[333.82, 11]","[336.91, 33]","[341.14, 42]",335.93,107,1.96,-0.4
07:48:02,"[336.83, 24]","[329.0, 28]","[345.58, 71]","[348.6, 85]",341.21,208,8.74,-0.5
07:48:03,"[339.0, 18]","[334.12, 17]","[349.0, 57]","[389.33, 45]",344.0,137,10.0,-0.49
07:48:04,"[333.75, 8]","[326.13, 53]","[349.0, 21]","[352.0, 35]",341.38,117,15.25,0.04
07:48:05,"[332.86, 37]","[326.7, 67]","[349.0, 33]","[351.98, 51]",340.93,188,16.14,0.11
07:48:06,"[336.0, 40]","[335.0, 30]","[349.0, 15]","[351.0, 5]",342.5,90,13.0,0.56
07:48:07,"[335.0, 30]","[329.0, 50]","[349.0, 15]","[351.0, 5]",342.0,100,14.0,0.6
07:48:08,"[335.0, 36]","[329.0, 60]","[349.0, 18]","[351.0, 6]",342.0,120,14.0,0.6
07:48:09,"[335.59, 27]","[334.89, 57]","[349.0, 36]","[351.0, 12]",342.3,132,13.41,0.27
07:48:10,"[336.15, 26]","[335.08, 25]","[348.4, 30]","[349.36, 22]",342.28,103,12.25,-0.01
07:48:11,"[335.0, 30]","[333.0, 6]","[347.67, 18]","[349.0, 18]",341.33,72,12.67,0.0
07:48:12,"[335.0, 60]","[333.0, 12]","[344.52, 40]","[345.86, 42]",339.76,154,9.52,-0.06
07:48:13,"[335.0, 35]","[333.0, 7]","[341.0, 35]","[342.0, 7]",338.0,84,6.0,0.0
07:48:14,"[336.4, 101]","[334.7, 53]","[339.6, 35]","[340.54, 65]",338.0,254,3.2,0.21
07:48:15,"[336.4, 47]","[334.6, 25]","[339.43, 35]","[346.76, 37]",337.92,144,3.02,0.0
07:48:16,"[335.0, 70]","[333.0, 14]","[337.93, 42]","[349.71, 56]",336.46,182,2.93,-0.08
07:48:17,"[335.0, 41]","[333.0, 10]","[339.33, 27]","[349.52, 29]",337.17,107,4.33,-0.05
07:48:18,"[335.0, 20]","[333.0, 10]","[347.4, 47]","[352.26, 23]",341.2,100,12.4,-0.4
07:48:19,"[336.69, 26]","[334.83, 24]","[347.0, 65]","[354.0, 26]",341.85,141,10.31,-0.29
07:48:20,"[337.0, 16]","[335.0, 16]","[347.0, 40]","[354.0, 16]",342.0,88,10.0,-0.27
07:48:21,"[337.0, 26]","[335.0, 26]","[347.0, 65]","[354.0, 26]",342.0,143,10.0,-0.27
07:48:22,"[335.44, 18]","[329.07, 54]","[344.36, 55]","[345.54, 52]",339.9,179,8.92,-0.2
07:48:23,"[336.0, 84]","[330.0, 12]","[344.0, 60]","[348.65, 40]",340.0,196,8.0,-0.02
07:48:24,"[336.04, 71]","[331.31, 32]","[344.0, 55]","[352.0, 22]",340.02,180,7.96,0.14
07:48:25,"[336.32, 19]","[331.5, 56]","[344.0, 45]","[352.0, 18]",340.16,138,7.68,0.09
07:48:26,"[336.0, 13]","[332.35, 46]","[343.85, 65]","[349.5, 32]",339.92,156,7.85,-0.24
07:48:27,"[334.29, 35]","[332.4, 25]","[342.0, 75]","[344.0, 75]",338.14,210,7.71,-0.43
07:48:28,"[334.51, 39]","[330.39, 38]","[340.48, 62]","[341.71, 77]",337.5,216,5.97,-0.29
07:48:29,"[334.0, 24]","[327.0, 12]","[336.6, 42]","[338.38, 42]",335.3,120,2.6,-0.4
07:48:30,"[330.11, 18]","[326.09, 44]","[342.27, 60]","[346.3, 63]",336.19,185,12.16,-0.33
07:48:31,"[327.0, 8]","[326.0, 32]","[343.62, 24]","[345.85, 39]",335.31,103,16.62,-0.22
07:48:32,"[325.62, 29]","[318.75, 71]","[342.71, 42]","[343.71, 42]",334.17,184,17.09,0.09
07:48:33,"[335.38, 21]","[323.44, 54]","[341.09, 65]","[343.67, 42]",338.24,182,5.71,-0.18
07:48:34,"[336.68, 53]","[335.0, 17]","[339.65, 75]","[340.24, 58]",338.17,203,2.97,-0.31
07:48:35,"[335.78, 23]","[332.5, 24]","[339.0, 56]","[345.0, 28]",337.39,131,3.22,-0.28
07:48:36,"[333.11, 18]","[324.0, 14]","[339.0, 32]","[345.0, 16]",336.06,80,5.89,-0.2
07:48:37,"[321.0, 44]","[313.0, 65]","[337.45, 44]","[345.0, 22]",329.23,175,16.45,0.25
07:48:38,"[321.53, 51]","[318.33, 54]","[335.6, 60]","[341.37, 38]",328.56,203,14.07,0.03
07:48:39,"[326.58, 36]","[321.89, 37]","[335.0, 48]","[340.0, 72]",330.79,193,8.42,-0.24
07:48:40,"[327.0, 33]","[321.27, 33]","[334.09, 44]","[340.0, 50]",330.55,160,7.09,-0.17
07:48:41,"[327.0, 48]","[321.0, 48]","[331.38, 64]","[340.0, 32]",329.19,192,4.38,0.0
07:48:42,"[327.0, 39]","[321.0, 39]","[330.0, 52]","[340.77, 26]",328.5,156,3.0,0.0
07:48:43,"[325.0, 39]","[320.6, 40]","[334.25, 44]","[342.82, 49]",329.62,172,9.25,-0.08
07:48:44,"[323.71, 51]","[321.0, 87]","[339.59, 63]","[340.62, 55]",331.65,256,15.88,0.08
07:48:45,"[325.5, 62]","[305.8, 89]","[336.0, 54]","[337.6, 100]",330.75,305,10.5,-0.01
07:48:46,"[322.97, 37]","[312.82, 28]","[336.0, 36]","[338.0, 69]",329.49,170,13.03,-0.24
07:48:47,"[326.67, 30]","[324.82, 39]","[334.88, 32]","[336.05, 40]",330.77,141,8.21,-0.02
07:48:48,"[329.67, 27]","[326.67, 54]","[332.78, 36]","[334.17, 36]",331.22,153,3.11,0.06
07:48:49,"[330.0, 28]","[318.0, 42]","[332.39, 23]","[334.22, 23]",331.2,116,2.39,0.21
07:48:50,"[331.57, 40]","[287.05, 76]","[336.14, 42]","[339.18, 34]",333.86,192,4.57,0.21
07:48:51,"[290.36, 89]","[259.0, 100]","[336.0, 76]","[342.33, 60]",313.18,325,45.64,0.16
07:48:52,"[322.0, 51]","[318.0, 68]","[334.0, 54]","[336.21, 58]",328.0,231,12.0,0.03
07:48:53,"[322.0, 33]","[318.0, 44]","[334.43, 28]","[335.32, 47]",328.21,152,12.43,0.01
07:48:54,"[325.63, 59]","[319.3, 60]","[328.97, 62]","[332.69, 58]",327.3,239,3.34,-0.0
07:48:55,"[320.0, 24]","[317.0, 32]","[322.0, 40]","[327.75, 32]",321.0,128,2.0,-0.12
07:48:56,"[320.11, 27]","[317.66, 41]","[322.0, 55]","[325.86, 28]",321.06,151,1.89,-0.1
07:48:57,"[321.0, 29]","[319.43, 42]","[322.0, 59]","[325.0, 28]",321.5,158,1.0,-0.1
07:48:58,"[321.0, 14]","[319.0, 21]","[327.0, 28]","[332.0, 7]",324.0,70,6.0,0.0
