Time,Bid1,Bid2,Ask1,Ask2,Mid-Price,Total_volume,Bid_ask_spread,Order_imbalance
07:30:00,"[0, 0]","[0, 0]","[0, 0]","[0, 0]",0.0,0,0.0,0.0
07:30:01,"[0, 0]","[0, 0]","[281.0, 5]","[0, 0]",140.5,5,281.0,-1.0
07:30:03,"[1.5, 4]","[0, 0]","[280.2, 25]","[291.71, 17]",140.85,46,278.7,-0.83
07:30:04,"[2.0, 1]","[0, 0]","[279.0, 5]","[281.0, 5]",140.5,11,277.0,-0.82
07:30:05,"[3.0, 5]","[0, 0]","[277.0, 25]","[281.0, 25]",140.0,55,274.0,-0.82
07:30:06,"[3.86, 7]","[0, 0]","[273.48, 21]","[276.43, 35]",138.67,63,269.62,-0.78
07:30:07,"[5.0, 1]","[0, 0]","[273.0, 6]","[277.0, 5]",139.0,12,268.0,-0.83
07:30:08,"[6.0, 3]","[0, 0]","[273.0, 18]","[277.0, 15]",139.5,36,267.0,-0.83
07:30:09,"[221.23, 13]","[190.88, 8]","[273.0, 18]","[277.0, 15]",247.12,54,51.77,-0.22
07:30:10,"[228.2, 5]","[226.25, 8]","[273.0, 18]","[277.0, 15]",250.6,46,44.8,-0.43
07:30:11,"[234.5, 10]","[233.27, 11]","[273.0, 24]","[277.0, 20]",253.75,65,38.5,-0.35
07:30:12,"[241.14, 14]","[236.53, 17]","[273.0, 36]","[277.0, 34]",257.07,101,31.86,-0.39
07:30:13,"[247.0, 7]","[245.06, 31]","[273.0, 36]","[277.0, 36]",260.0,110,26.0,-0.31
07:30:14,"[259.94, 17]","[252.87, 23]","[273.0, 54]","[277.0, 45]",266.47,139,13.06,-0.42
07:30:15,"[269.76, 29]","[268.26, 23]","[273.2, 80]","[276.11, 72]",271.48,204,3.44,-0.49
07:30:16,"[272.06, 16]","[271.14, 21]","[275.0, 28]","[276.95, 58]",273.53,123,2.94,-0.4
07:30:17,"[274.08, 24]","[272.88, 16]","[275.53, 19]","[276.89, 56]",274.8,115,1.44,-0.3
07:30:18,"[274.0, 17]","[261.0, 57]","[276.84, 61]","[281.0, 85]",275.42,220,2.84,-0.33
07:30:19,"[262.3, 53]","[260.31, 55]","[280.05, 37]","[283.13, 31]",271.18,176,17.75,0.23
07:30:20,"[265.37, 54]","[260.86, 74]","[280.62, 64]","[283.23, 40]",273.0,232,15.25,0.1
07:30:21,"[261.75, 88]","[260.75, 72]","[279.64, 66]","[282.5, 36]",270.69,262,17.89,0.22
07:30:22,"[264.11, 54]","[263.5, 36]","[276.0, 27]","[281.0, 36]",270.06,153,11.89,0.18
07:30:23,"[265.44, 32]","[264.0, 96]","[278.14, 28]","[282.36, 44]",271.79,200,12.71,0.28
07:30:24,"[266.42, 31]","[264.17, 77]","[281.1, 49]","[283.41, 17]",273.76,174,14.68,0.24
07:30:25,"[270.38, 26]","[269.24, 34]","[281.0, 92]","[282.0, 20]",275.69,172,10.62,-0.3
07:30:26,"[275.43, 21]","[273.06, 36]","[280.29, 56]","[281.03, 70]",277.86,183,4.86,-0.38
07:30:27,"[278.06, 35]","[277.62, 47]","[280.43, 42]","[281.38, 78]",279.24,202,2.37,-0.19
07:30:28,"[279.33, 15]","[278.21, 48]","[281.0, 28]","[282.0, 50]",280.17,141,1.67,-0.11
07:30:29,"[272.87, 45]","[269.08, 74]","[281.68, 56]","[283.6, 25]",277.27,200,8.81,0.19
07:30:30,"[271.0, 33]","[264.07, 105]","[281.09, 55]","[283.89, 19]",276.05,212,10.09,0.3
07:30:31,"[271.0, 27]","[263.0, 99]","[276.81, 43]","[280.89, 45]",273.91,214,5.81,0.18
07:30:32,"[271.0, 39]","[263.12, 103]","[275.15, 52]","[277.0, 65]",273.08,259,4.15,0.1
07:30:33,"[271.12, 25]","[267.36, 11]","[275.0, 36]","[277.0, 45]",273.06,117,3.88,-0.38
07:30:34,"[269.76, 17]","[265.93, 45]","[275.0, 44]","[277.0, 75]",272.38,181,5.24,-0.31
07:30:35,"[268.06, 33]","[264.02, 54]","[275.0, 64]","[277.0, 112]",271.53,263,6.94,-0.34
07:30:36,"[271.0, 30]","[262.0, 80]","[273.7, 46]","[276.27, 55]",272.35,211,2.7,0.04
07:30:37,"[271.0, 16]","[262.0, 56]","[273.0, 24]","[275.0, 16]",272.0,112,2.0,0.29
07:30:38,"[271.64, 11]","[265.27, 33]","[273.0, 25]","[275.0, 18]",272.32,87,1.36,0.01
07:30:39,"[272.0, 9]","[263.2, 35]","[273.0, 9]","[275.0, 18]",272.5,71,1.0,0.24
07:30:40,"[272.2, 10]","[264.0, 30]","[276.84, 25]","[281.7, 47]",274.52,112,4.64,-0.29
07:30:41,"[273.71, 14]","[263.73, 45]","[277.0, 28]","[282.0, 70]",275.36,157,3.29,-0.25
07:30:42,"[275.09, 11]","[263.0, 107]","[277.0, 22]","[282.0, 55]",276.05,195,1.91,0.21
07:30:43,"[265.85, 26]","[263.14, 57]","[277.0, 10]","[282.0, 40]",271.42,133,11.15,0.25
07:30:44,"[266.42, 60]","[262.95, 59]","[274.65, 17]","[281.73, 37]",270.53,173,8.23,0.38
07:30:45,"[263.46, 13]","[262.48, 29]","[273.0, 35]","[277.0, 7]",268.23,84,9.54,0.0
07:30:46,"[264.0, 12]","[262.3, 69]","[273.0, 57]","[277.0, 12]",268.5,150,9.0,0.08
07:30:47,"[265.41, 128]","[263.2, 35]","[278.4, 40]","[283.86, 28]",271.9,231,12.99,0.41
07:30:48,"[266.0, 108]","[264.0, 12]","[282.0, 24]","[285.0, 24]",274.0,168,16.0,0.43
07:30:49,"[268.54, 142]","[266.57, 70]","[277.0, 56]","[283.33, 36]",272.77,304,8.46,0.39
07:30:50,"[271.0, 60]","[269.0, 135]","[274.8, 50]","[278.5, 40]",272.9,285,3.8,0.37
07:30:51,"[271.33, 48]","[269.0, 108]","[273.08, 24]","[275.0, 48]",272.21,228,1.75,0.37
07:30:52,"[272.67, 73]","[270.59, 34]","[275.0, 52]","[276.0, 26]",273.84,185,2.33,0.16
07:30:53,"[273.67, 63]","[272.0, 36]","[281.22, 36]","[284.0, 18]",277.44,153,7.56,0.29
07:30:54,"[274.66, 61]","[273.71, 82]","[281.82, 44]","[283.8, 30]",278.24,217,7.16,0.32
07:30:55,"[276.0, 63]","[275.0, 36]","[281.0, 27]","[282.0, 18]",278.5,144,5.0,0.38
07:30:56,"[277.62, 84]","[275.48, 73]","[280.95, 39]","[281.87, 30]",279.28,226,3.33,0.39
07:30:57,"[279.34, 65]","[267.04, 49]","[282.0, 50]","[285.24, 34]",280.67,198,2.66,0.15
07:30:58,"[270.39, 106]","[269.6, 47]","[283.74, 38]","[285.14, 44]",277.06,235,13.35,0.3
07:30:59,"[272.2, 45]","[271.05, 86]","[279.31, 89]","[281.42, 52]",275.76,272,7.11,-0.04
07:31:00,"[276.75, 65]","[274.52, 29]","[278.93, 75]","[281.0, 15]",277.84,184,2.18,0.02
07:31:01,"[276.55, 44]","[272.32, 57]","[280.27, 33]","[283.79, 28]",278.41,162,3.73,0.25
07:31:02,"[278.74, 38]","[275.0, 18]","[282.0, 14]","[285.0, 21]",280.37,91,3.26,0.23
07:31:03,"[280.16, 38]","[278.22, 46]","[282.82, 22]","[285.14, 28]",281.49,134,2.66,0.25
07:31:04,"[280.0, 72]","[267.8, 51]","[285.0, 36]","[286.0, 24]",282.5,183,5.0,0.34
07:31:05,"[282.95, 74]","[276.58, 48]","[285.13, 30]","[316.12, 33]",284.04,185,2.19,0.32
07:31:06,"[283.24, 66]","[278.86, 43]","[285.07, 59]","[305.47, 38]",284.16,206,1.83,0.06
07:31:07,"[278.97, 29]","[270.16, 61]","[284.0, 50]","[286.85, 26]",281.48,166,5.03,0.08
07:31:08,"[270.0, 21]","[268.0, 77]","[280.57, 21]","[285.41, 17]",275.29,136,10.57,0.44
07:31:09,"[270.0, 48]","[268.0, 110]","[276.0, 30]","[282.49, 37]",273.0,225,6.0,0.4
07:31:10,"[270.14, 42]","[268.11, 108]","[275.12, 25]","[276.71, 34]",272.63,209,4.98,0.44
07:31:11,"[272.36, 22]","[269.68, 50]","[276.54, 26]","[279.53, 34]",274.45,132,4.17,0.09
07:31:12,"[273.3, 20]","[272.16, 25]","[281.14, 28]","[282.17, 35]",277.22,108,7.84,-0.17
07:31:13,"[274.0, 33]","[273.0, 22]","[280.55, 33]","[282.0, 44]",277.27,132,6.55,-0.17
07:31:14,"[274.69, 29]","[273.83, 36]","[281.42, 52]","[282.42, 38]",278.06,155,6.73,-0.16
07:31:15,"[276.46, 35]","[274.88, 25]","[283.53, 38]","[284.71, 14]",279.99,112,7.07,0.07
07:31:16,"[278.66, 41]","[277.47, 34]","[280.27, 45]","[281.59, 41]",279.46,161,1.61,-0.07
07:31:17,"[278.83, 24]","[267.2, 40]","[280.87, 31]","[283.4, 15]",279.85,110,2.04,0.16
07:31:18,"[277.53, 34]","[266.78, 64]","[281.0, 44]","[285.75, 16]",279.26,158,3.47,0.24
07:31:19,"[266.77, 26]","[265.48, 58]","[281.0, 10]","[282.0, 42]",273.88,136,14.23,0.24
07:31:20,"[270.23, 26]","[265.32, 73]","[281.0, 13]","[282.0, 39]",275.62,151,10.77,0.31
07:31:21,"[271.0, 14]","[266.0, 7]","[281.0, 7]","[282.0, 21]",276.0,49,10.0,-0.14
07:31:22,"[271.0, 26]","[266.0, 13]","[273.56, 43]","[281.47, 19]",272.28,101,2.56,-0.23
07:31:23,"[271.75, 16]","[266.0, 8]","[273.0, 32]","[281.0, 8]",272.38,64,1.25,-0.25
07:31:24,"[270.0, 15]","[264.13, 75]","[273.0, 30]","[281.0, 10]",271.5,130,3.0,0.38
07:31:25,"[264.48, 48]","[260.8, 56]","[273.0, 16]","[281.0, 8]",268.74,128,8.52,0.62
07:31:26,"[267.1, 72]","[265.71, 56]","[273.0, 88]","[281.69, 16]",270.05,232,5.9,0.1
07:31:27,"[268.09, 33]","[267.0, 55]","[273.0, 66]","[281.0, 11]",270.55,165,4.91,0.07
07:31:28,"[271.31, 61]","[268.63, 59]","[273.0, 90]","[281.0, 15]",272.16,225,1.69,0.07
07:31:29,"[272.0, 35]","[267.5, 24]","[274.0, 24]","[281.67, 12]",273.0,95,2.0,0.24
07:31:30,"[272.83, 30]","[264.0, 24]","[281.0, 6]","[282.0, 6]",276.92,66,8.17,0.64
07:31:31,"[273.46, 65]","[264.32, 47]","[281.0, 13]","[282.0, 13]",277.23,138,7.54,0.62
07:31:32,"[275.09, 55]","[265.0, 33]","[285.0, 110]","[386.45, 55]",280.05,253,9.91,-0.3
07:31:33,"[276.53, 58]","[266.63, 71]","[342.0, 80]","[398.57, 46]",309.27,255,65.47,0.01
07:31:34,"[290.0, 24]","[283.55, 66]","[382.23, 52]","[505.2, 44]",336.12,186,92.23,-0.03
07:31:35,"[290.0, 12]","[284.0, 24]","[385.0, 27]","[540.0, 27]",337.5,90,95.0,-0.2
07:31:36,"[290.0, 8]","[285.92, 13]","[329.0, 35]","[431.15, 26]",309.5,82,39.0,-0.49
07:31:37,"[290.0, 7]","[289.0, 7]","[353.89, 27]","[402.28, 25]",321.94,66,63.89,-0.58
07:31:38,"[288.27, 37]","[285.0, 25]","[392.1, 30]","[446.88, 40]",340.19,132,103.83,-0.06
07:31:39,"[288.0, 80]","[284.0, 50]","[446.31, 35]","[450.21, 39]",367.16,204,158.31,0.27
07:31:40,"[292.54, 347]","[287.13, 92]","[443.46, 39]","[531.58, 53]",368.0,531,150.92,0.65
07:31:41,"[293.0, 425]","[288.0, 112]","[420.68, 44]","[450.14, 44]",356.84,625,127.68,0.72
07:31:42,"[293.0, 240]","[292.0, 72]","[409.0, 27]","[410.0, 27]",351.0,366,116.0,0.7
07:31:43,"[293.0, 225]","[292.0, 72]","[406.11, 27]","[409.33, 27]",349.56,351,113.11,0.69
07:31:44,"[293.0, 396]","[292.0, 128]","[396.82, 49]","[399.94, 50]",344.91,623,103.82,0.68
07:31:45,"[293.04, 75]","[292.75, 96]","[392.17, 18]","[393.33, 18]",342.6,207,99.13,0.65
07:31:46,"[294.0, 10]","[293.0, 240]","[341.48, 40]","[390.94, 31]",317.74,321,47.48,0.56
07:31:47,"[294.0, 11]","[293.0, 264]","[380.67, 48]","[389.88, 34]",337.33,357,86.67,0.54
07:31:48,"[293.0, 337]","[292.18, 136]","[368.09, 53]","[373.16, 57]",330.55,583,75.09,0.62
07:31:49,"[293.0, 192]","[292.0, 64]","[364.5, 24]","[366.46, 26]",328.75,306,71.5,0.67
07:31:50,"[292.46, 104]","[291.39, 23]","[360.89, 27]","[363.21, 29]",326.68,183,68.43,0.39
07:31:51,"[292.0, 56]","[290.0, 7]","[359.86, 21]","[361.71, 21]",325.93,105,67.86,0.2
07:31:52,"[292.0, 72]","[290.0, 9]","[351.39, 28]","[354.1, 30]",321.7,139,59.39,0.17
07:31:53,"[292.0, 96]","[290.0, 12]","[347.92, 36]","[359.5, 40]",319.96,184,55.92,0.17
07:31:54,"[292.0, 59]","[290.0, 13]","[356.32, 34]","[361.82, 55]",324.16,161,64.32,-0.11
07:31:55,"[291.69, 32]","[284.58, 73]","[354.0, 36]","[355.0, 24]",322.84,165,62.31,0.27
07:31:56,"[284.0, 65]","[283.0, 148]","[326.25, 40]","[346.6, 40]",305.12,293,42.25,0.45
07:31:57,"[283.08, 92]","[281.22, 108]","[315.59, 22]","[323.57, 21]",299.33,243,32.51,0.65
07:31:58,"[287.94, 16]","[286.04, 48]","[317.44, 18]","[318.17, 24]",302.69,106,29.51,0.21
07:31:59,"[289.0, 15]","[287.0, 45]","[313.89, 18]","[317.56, 27]",301.44,105,24.89,0.14
07:32:00,"[289.38, 8]","[288.0, 24]","[312.38, 16]","[314.0, 8]",300.88,56,23.0,0.14
07:32:01,"[290.0, 10]","[288.0, 30]","[312.0, 20]","[314.0, 10]",301.0,70,22.0,0.14
07:32:02,"[290.0, 11]","[288.0, 33]","[311.16, 19]","[312.71, 14]",300.58,77,21.16,0.14
07:32:03,"[287.16, 19]","[285.43, 21]","[309.17, 12]","[310.44, 9]",298.16,61,22.01,0.31
07:32:04,"[287.0, 20]","[285.0, 24]","[308.86, 14]","[370.9, 20]",297.93,78,21.86,0.13
07:32:05,"[288.9, 20]","[287.9, 20]","[304.18, 22]","[355.74, 27]",296.54,89,15.28,-0.1
07:32:06,"[290.46, 26]","[288.92, 26]","[307.0, 26]","[308.46, 26]",298.73,104,16.54,0.0
07:32:07,"[291.0, 20]","[290.0, 20]","[304.5, 20]","[306.5, 20]",297.75,80,13.5,0.0
07:32:08,"[291.91, 22]","[290.91, 22]","[303.82, 22]","[305.0, 22]",297.86,88,11.91,0.0
07:32:09,"[292.89, 36]","[291.0, 36]","[300.7, 54]","[302.0, 39]",296.8,165,7.81,-0.13
07:32:10,"[293.0, 24]","[291.0, 24]","[295.83, 36]","[297.5, 24]",294.42,108,2.83,-0.11
07:32:11,"[291.33, 12]","[290.12, 17]","[294.05, 21]","[295.1, 21]",292.69,71,2.71,-0.18
07:32:12,"[290.5, 18]","[289.33, 27]","[293.03, 29]","[394.2, 50]",291.77,124,2.53,-0.27
07:32:13,"[290.0, 20]","[287.0, 20]","[292.0, 50]","[427.0, 50]",291.0,140,2.0,-0.43
07:32:14,"[287.6, 15]","[285.5, 24]","[292.0, 45]","[340.11, 27]",289.8,111,4.4,-0.3
07:32:15,"[288.0, 26]","[286.57, 28]","[290.93, 59]","[342.16, 38]",289.47,151,2.93,-0.28
07:32:16,"[284.4, 67]","[283.27, 41]","[289.46, 35]","[290.71, 56]",286.93,199,5.05,0.09
07:32:17,"[284.0, 37]","[280.79, 38]","[287.14, 14]","[288.86, 29]",285.57,118,3.14,0.27
07:32:18,"[281.78, 54]","[280.36, 50]","[287.37, 38]","[288.68, 38]",284.57,180,5.59,0.16
07:32:19,"[284.25, 24]","[280.33, 12]","[287.67, 24]","[292.0, 24]",285.96,84,3.42,-0.14
07:32:20,"[289.26, 76]","[281.17, 23]","[290.53, 34]","[316.24, 46]",289.9,179,1.27,0.11
07:32:21,"[291.0, 92]","[285.18, 17]","[293.23, 39]","[314.91, 43]",292.12,191,2.23,0.14
07:32:22,"[290.09, 11]","[285.33, 9]","[292.36, 14]","[295.17, 12]",291.22,46,2.27,-0.13
07:32:23,"[289.7, 10]","[282.4, 10]","[292.4, 10]","[295.25, 16]",291.05,46,2.7,-0.13
07:32:24,"[281.48, 23]","[277.21, 24]","[292.0, 16]","[354.31, 77]",286.74,140,10.52,-0.33
07:32:25,"[283.04, 25]","[279.5, 20]","[365.3, 33]","[554.11, 37]",324.17,115,82.26,-0.22
07:32:26,"[291.0, 8]","[290.0, 8]","[318.0, 40]","[410.17, 24]",304.5,80,27.0,-0.6
07:32:27,"[284.91, 46]","[282.0, 14]","[293.0, 70]","[411.29, 14]",288.96,144,8.09,-0.17
07:32:28,"[284.0, 30]","[276.0, 9]","[293.0, 43]","[618.73, 37]",288.5,119,9.0,-0.34
07:32:29,"[283.25, 16]","[280.0, 20]","[293.0, 24]","[415.0, 8]",288.12,68,9.75,0.06
07:32:30,"[284.0, 24]","[277.88, 17]","[293.0, 40]","[348.92, 13]",288.5,94,9.0,-0.13
07:32:31,"[291.0, 30]","[288.0, 10]","[292.9, 30]","[313.81, 32]",291.95,102,1.9,-0.22
07:32:32,"[290.08, 13]","[279.2, 15]","[292.57, 21]","[375.93, 29]",291.32,78,2.49,-0.28
07:32:33,"[288.0, 3]","[277.5, 8]","[293.0, 9]","[379.0, 15]",290.5,35,5.0,-0.37
07:32:34,"[279.69, 13]","[277.5, 8]","[293.0, 21]","[392.14, 35]",286.35,77,13.31,-0.45
07:32:35,"[277.0, 7]","[272.0, 7]","[293.0, 21]","[472.0, 35]",285.0,70,16.0,-0.6
07:32:36,"[277.0, 12]","[272.0, 12]","[285.97, 35]","[354.48, 29]",281.49,88,8.97,-0.45
07:32:37,"[277.0, 11]","[272.0, 11]","[281.0, 15]","[282.5, 40]",279.0,77,4.0,-0.43
07:32:38,"[277.0, 10]","[272.0, 10]","[282.0, 30]","[287.0, 20]",279.5,70,5.0,-0.43
07:32:39,"[277.0, 6]","[272.0, 6]","[282.0, 18]","[286.67, 12]",279.5,42,5.0,-0.43
07:32:40,"[279.06, 17]","[274.33, 15]","[282.27, 30]","[286.07, 30]",280.66,92,3.21,-0.3
07:32:41,"[281.5, 8]","[273.25, 8]","[286.0, 16]","[287.0, 20]",283.75,52,4.5,-0.38
07:32:42,"[284.05, 19]","[282.18, 11]","[286.0, 22]","[287.0, 22]",285.03,74,1.95,-0.19
07:32:43,"[284.5, 14]","[278.5, 14]","[287.17, 18]","[289.21, 29]",285.83,75,2.67,-0.25
07:32:44,"[282.44, 9]","[273.11, 9]","[289.14, 28]","[296.74, 27]",285.79,73,6.7,-0.51
07:32:45,"[282.0, 9]","[274.0, 9]","[288.31, 51]","[289.72, 25]",285.16,94,6.31,-0.62
07:32:46,"[282.0, 15]","[274.0, 15]","[285.91, 110]","[289.83, 63]",283.95,203,3.91,-0.7
07:32:47,"[282.0, 6]","[274.0, 6]","[285.0, 30]","[287.67, 30]",283.5,72,3.0,-0.67
07:32:48,"[274.8, 10]","[272.07, 28]","[284.3, 50]","[288.0, 75]",279.55,163,9.5,-0.53
07:32:49,"[274.0, 11]","[272.0, 33]","[283.36, 33]","[287.81, 105]",278.68,182,9.36,-0.52
07:32:50,"[274.0, 11]","[272.0, 33]","[285.4, 30]","[287.67, 60]",279.7,134,11.4,-0.34
07:32:51,"[274.0, 9]","[272.0, 27]","[286.0, 27]","[288.0, 45]",280.0,108,12.0,-0.33
07:32:52,"[279.45, 22]","[272.12, 32]","[286.0, 36]","[288.0, 60]",282.73,150,6.55,-0.28
07:32:53,"[284.0, 18]","[273.29, 7]","[286.0, 21]","[288.0, 35]",285.0,81,2.0,-0.38
07:32:54,"[280.04, 28]","[272.21, 19]","[286.0, 51]","[288.0, 85]",283.02,183,5.96,-0.49
07:32:55,"[275.15, 26]","[270.52, 23]","[278.42, 57]","[284.73, 33]",276.79,139,3.27,-0.29
07:32:56,"[273.0, 9]","[269.0, 27]","[275.43, 21]","[276.29, 42]",274.21,99,2.43,-0.27
07:32:57,"[272.89, 18]","[269.75, 24]","[276.0, 60]","[277.0, 48]",274.44,150,3.11,-0.44
07:32:58,"[273.27, 22]","[269.1, 31]","[276.0, 45]","[277.0, 44]",274.64,142,2.73,-0.25
07:32:59,"[266.91, 33]","[199.69, 29]","[276.0, 18]","[277.0, 48]",271.45,128,9.09,-0.03
07:33:00,"[264.78, 32]","[183.57, 23]","[276.0, 10]","[277.0, 40]",270.39,105,11.22,0.05
07:33:01,"[269.78, 45]","[267.29, 41]","[280.62, 13]","[279.89, 38]",275.2,137,10.84,0.26
07:33:02,"[270.08, 60]","[267.0, 60]","[286.0, 36]","[288.04, 52]",278.04,208,15.92,0.15
07:33:03,"[271.5, 40]","[267.0, 24]","[286.0, 24]","[288.0, 40]",278.75,128,14.5,0.0
07:33:04,"[276.57, 46]","[270.25, 57]","[285.2, 50]","[287.09, 46]",280.88,199,8.63,0.04
07:33:05,"[271.27, 55]","[267.53, 51]","[276.0, 105]","[285.71, 35]",273.64,246,4.73,-0.14
07:33:06,"[268.0, 60]","[257.94, 31]","[276.0, 120]","[283.27, 22]",272.0,233,8.0,-0.22
07:33:07,"[268.19, 43]","[266.35, 34]","[276.0, 70]","[277.0, 11]",272.09,158,7.81,-0.03
07:33:08,"[269.0, 31]","[264.0, 16]","[276.0, 16]","[277.0, 8]",272.5,71,7.0,0.32
07:33:09,"[269.48, 63]","[268.22, 37]","[276.0, 16]","[277.0, 8]",272.74,124,6.52,0.61
07:33:10,"[273.11, 105]","[270.9, 108]","[275.02, 52]","[276.07, 14]",274.07,279,1.9,0.53
07:33:11,"[263.14, 72]","[261.17, 29]","[284.58, 53]","[284.89, 45]",273.86,199,21.45,0.02
07:33:12,"[263.29, 102]","[262.71, 102]","[277.56, 36]","[283.13, 46]",270.42,286,14.26,0.43
07:33:13,"[265.89, 108]","[264.0, 45]","[282.0, 18]","[283.0, 45]",273.94,216,16.11,0.42
07:33:14,"[268.53, 102]","[267.16, 76]","[282.0, 22]","[283.0, 55]",275.26,255,13.47,0.4
07:33:15,"[281.0, 19]","[269.0, 120]","[282.0, 27]","[283.0, 50]",281.5,216,1.0,0.29
07:33:16,"[272.4, 10]","[267.67, 48]","[282.62, 24]","[283.17, 18]",277.51,100,10.23,0.16
07:33:17,"[281.0, 81]","[269.52, 21]","[283.0, 54]","[284.0, 9]",282.0,165,2.0,0.24
07:33:18,"[278.15, 47]","[265.28, 29]","[283.1, 31]","[486.2, 10]",280.62,117,4.95,0.3
07:33:19,"[266.6, 20]","[265.76, 29]","[284.0, 9]","[629.44, 18]",275.3,76,17.4,0.29
07:33:20,"[268.6, 10]","[267.16, 19]","[284.0, 7]","[491.38, 16]",276.3,52,15.4,0.12
07:33:21,"[273.07, 14]","[269.17, 35]","[296.93, 15]","[481.71, 35]",285.0,99,23.86,-0.01
07:33:22,"[277.3, 30]","[274.35, 26]","[420.69, 26]","[551.44, 61]",349.0,143,143.39,-0.22
07:33:23,"[288.15, 40]","[285.16, 64]","[404.31, 61]","[530.65, 40]",346.23,205,116.16,0.01
07:33:24,"[292.0, 16]","[291.0, 16]","[351.89, 19]","[393.11, 38]",321.95,89,59.89,-0.28
07:33:25,"[292.0, 6]","[291.0, 12]","[385.0, 30]","[508.94, 17]",338.5,65,93.0,-0.45
07:33:26,"[291.33, 15]","[290.36, 28]","[329.0, 40]","[399.41, 17]",310.17,100,37.67,-0.14
07:33:27,"[291.57, 28]","[290.47, 34]","[315.72, 29]","[402.27, 11]",303.65,102,24.15,0.22
07:33:28,"[292.0, 24]","[291.0, 24]","[396.17, 12]","[484.0, 6]",344.08,66,104.17,0.45
07:33:29,"[292.0, 29]","[291.0, 22]","[431.88, 16]","[472.44, 9]",361.94,76,139.88,0.34
07:33:30,"[290.54, 26]","[289.71, 28]","[399.88, 16]","[422.0, 18]",345.21,88,109.34,0.23
07:33:31,"[289.14, 28]","[287.57, 21]","[387.74, 27]","[388.33, 36]",338.44,112,98.6,-0.12
07:33:32,"[284.0, 30]","[283.0, 50]","[296.76, 25]","[310.84, 32]",290.38,137,12.76,0.17
07:33:33,"[284.0, 14]","[283.0, 45]","[285.74, 23]","[286.23, 30]",284.87,112,1.74,0.05
07:33:34,"[279.39, 23]","[234.52, 29]","[285.0, 7]","[401.07, 14]",282.2,73,5.61,0.42
07:33:35,"[276.0, 24]","[187.5, 14]","[284.38, 8]","[434.46, 13]",280.19,59,8.38,0.29
07:33:36,"[280.35, 86]","[250.34, 61]","[338.53, 15]","[446.47, 17]",309.44,179,58.18,0.64
07:33:37,"[283.0, 9]","[281.0, 81]","[397.22, 18]","[571.89, 18]",340.11,126,114.22,0.43
07:33:38,"[283.56, 9]","[281.03, 73]","[386.26, 35]","[393.05, 38]",334.91,155,102.7,0.06
07:33:39,"[283.0, 14]","[281.0, 126]","[318.81, 43]","[367.89, 35]",300.91,218,35.81,0.28
07:33:40,"[283.57, 14]","[281.26, 62]","[292.57, 70]","[294.0, 14]",288.07,160,9.0,-0.05
07:33:41,"[287.35, 68]","[286.77, 40]","[291.03, 87]","[292.5, 30]",289.19,225,3.68,-0.04
07:33:42,"[282.14, 111]","[275.5, 24]","[286.43, 47]","[301.5, 14]",284.28,196,4.29,0.38
07:33:43,"[279.0, 81]","[274.0, 27]","[282.91, 35]","[322.83, 12]",280.96,155,3.91,0.39
07:33:44,"[278.91, 69]","[275.6, 25]","[283.0, 40]","[391.0, 15]",280.96,149,4.09,0.26
07:33:45,"[274.0, 27]","[272.0, 9]","[351.53, 19]","[496.65, 17]",312.76,72,77.53,0.0
07:33:46,"[275.0, 156]","[274.0, 36]","[285.0, 52]","[359.69, 26]",280.0,270,10.0,0.42
07:33:47,"[275.0, 182]","[274.0, 42]","[278.65, 54]","[282.45, 38]",276.82,316,3.65,0.42
07:33:48,"[276.27, 175]","[275.74, 74]","[281.0, 64]","[282.0, 48]",278.64,361,4.73,0.38
07:33:49,"[280.28, 234]","[277.09, 103]","[281.54, 56]","[283.36, 44]",280.91,437,1.26,0.54
07:33:50,"[282.24, 122]","[281.1, 129]","[284.57, 42]","[419.16, 55]",283.4,348,2.33,0.44
07:33:51,"[288.4, 43]","[284.05, 58]","[326.44, 32]","[552.47, 51]",307.42,184,38.04,0.1
07:33:52,"[291.62, 34]","[289.19, 104]","[549.96, 51]","[686.22, 59]",420.79,248,258.34,0.11
07:33:53,"[291.0, 20]","[289.0, 110]","[471.64, 33]","[494.58, 38]",381.32,201,180.64,0.29
07:33:54,"[291.0, 12]","[289.0, 132]","[466.58, 36]","[502.61, 41]",378.79,221,175.58,0.3
07:33:55,"[291.0, 8]","[289.0, 88]","[430.15, 26]","[469.6, 30]",360.58,152,139.15,0.26
07:33:56,"[289.07, 80]","[288.02, 46]","[360.33, 46]","[402.36, 36]",324.7,208,71.25,0.21
07:33:57,"[289.0, 77]","[288.0, 7]","[350.57, 21]","[352.0, 35]",319.79,140,61.57,0.2
07:33:58,"[289.0, 77]","[288.0, 7]","[349.0, 21]","[352.0, 35]",319.0,140,60.0,0.2
07:33:59,"[289.0, 88]","[288.0, 8]","[315.88, 32]","[350.88, 32]",302.44,160,26.88,0.2
07:34:00,"[289.76, 92]","[288.86, 49]","[320.0, 50]","[350.71, 56]",304.88,247,30.24,0.14
07:34:01,"[291.0, 50]","[289.0, 60]","[313.8, 44]","[336.2, 30]",302.4,184,22.8,0.2
07:34:02,"[291.0, 24]","[289.0, 96]","[345.11, 28]","[347.19, 27]",318.05,175,54.11,0.37
07:34:03,"[291.0, 11]","[289.0, 66]","[341.55, 20]","[341.93, 28]",316.27,125,50.55,0.23
07:34:04,"[291.0, 11]","[289.0, 99]","[338.29, 21]","[340.57, 23]",314.64,154,47.29,0.43
07:34:05,"[289.16, 51]","[288.09, 44]","[336.72, 29]","[337.38, 26]",312.94,150,47.57,0.27
07:34:06,"[290.43, 98]","[288.0, 35]","[333.39, 28]","[334.97, 29]",311.91,190,42.96,0.4
07:34:07,"[291.0, 92]","[289.0, 56]","[329.93, 15]","[331.12, 33]",310.47,196,38.93,0.51
07:34:08,"[291.0, 42]","[289.0, 40]","[327.62, 16]","[328.3, 23]",309.31,121,36.62,0.36
07:34:09,"[291.0, 33]","[289.0, 44]","[319.46, 24]","[326.38, 24]",305.23,125,28.46,0.23
07:34:10,"[291.0, 39]","[289.0, 52]","[297.28, 25]","[301.0, 27]",294.14,143,6.28,0.27
07:34:11,"[289.93, 28]","[288.05, 21]","[312.48, 23]","[521.45, 20]",301.2,92,22.55,0.07
07:34:12,"[292.18, 22]","[291.31, 49]","[321.65, 51]","[533.39, 49]",306.91,171,29.47,-0.17
07:34:13,"[292.0, 26]","[291.0, 24]","[318.5, 24]","[404.0, 16]",305.25,90,26.5,0.11
07:34:14,"[292.0, 44]","[291.0, 33]","[316.19, 31]","[365.29, 21]",304.1,129,24.19,0.19
07:34:15,"[292.0, 48]","[291.0, 36]","[314.68, 22]","[315.19, 26]",303.34,132,22.68,0.27
07:34:16,"[291.31, 26]","[289.8, 15]","[312.69, 13]","[314.06, 31]",302.0,85,21.38,-0.04
07:34:17,"[291.0, 28]","[289.0, 14]","[307.19, 26]","[311.83, 36]",299.1,104,16.19,-0.19
07:34:18,"[290.23, 13]","[288.44, 9]","[308.29, 17]","[311.37, 19]",299.26,58,18.06,-0.24
07:34:19,"[289.0, 10]","[288.0, 10]","[306.55, 20]","[307.85, 20]",297.77,60,17.55,-0.33
07:34:20,"[288.8, 10]","[286.33, 18]","[306.25, 20]","[353.62, 24]",297.52,72,17.45,-0.22
07:34:21,"[289.61, 23]","[287.2, 15]","[304.35, 23]","[401.25, 32]",296.98,93,14.74,-0.18
07:34:22,"[291.0, 47]","[289.0, 13]","[301.18, 34]","[302.38, 24]",296.09,118,10.18,0.02
07:34:23,"[291.62, 32]","[289.0, 16]","[297.44, 32]","[299.5, 32]",294.53,112,5.81,-0.14
07:34:24,"[291.13, 15]","[288.36, 11]","[295.45, 33]","[298.0, 11]",293.29,70,4.32,-0.26
07:34:25,"[289.33, 12]","[288.2, 10]","[293.24, 25]","[294.29, 21]",291.29,68,3.91,-0.35
07:34:26,"[284.42, 127]","[284.25, 57]","[289.8, 40]","[290.52, 21]",287.11,245,5.38,0.5
07:34:27,"[284.05, 179]","[283.39, 67]","[343.74, 23]","[377.38, 32]",313.89,301,59.69,0.63
07:34:28,"[285.22, 23]","[284.18, 117]","[416.36, 53]","[486.0, 19]",350.79,212,131.14,0.32
07:34:29,"[285.0, 14]","[284.0, 84]","[524.57, 14]","[641.36, 22]",404.79,134,239.57,0.46
07:34:30,"[284.35, 102]","[282.69, 64]","[476.65, 40]","[554.0, 26]",380.5,232,192.3,0.43
07:34:31,"[285.0, 64]","[284.0, 24]","[518.88, 17]","[541.25, 8]",401.94,113,233.88,0.56
07:34:32,"[286.0, 80]","[284.0, 30]","[508.0, 24]","[541.67, 9]",397.0,143,222.0,0.54
07:34:33,"[286.12, 128]","[284.0, 48]","[343.91, 11]","[463.11, 18]",315.02,205,57.78,0.72
07:34:34,"[287.0, 288]","[284.0, 108]","[314.21, 24]","[403.56, 54]",300.6,474,27.21,0.67
07:34:35,"[287.0, 192]","[284.0, 72]","[292.83, 12]","[296.42, 48]",289.92,324,5.83,0.63
07:34:36,"[289.24, 42]","[288.69, 58]","[296.55, 22]","[306.23, 13]",292.89,135,7.31,0.48
07:34:37,"[293.03, 74]","[291.67, 36]","[297.0, 32]","[310.57, 23]",295.01,165,3.97,0.33
07:34:38,"[293.0, 132]","[289.0, 22]","[296.21, 47]","[327.91, 46]",294.61,247,3.21,0.25
07:34:39,"[293.0, 129]","[289.0, 24]","[294.91, 44]","[297.14, 56]",293.95,253,1.91,0.21
07:34:40,"[293.0, 80]","[289.0, 20]","[295.5, 50]","[300.4, 40]",294.25,190,2.5,0.05
07:34:41,"[293.0, 115]","[289.0, 32]","[294.38, 52]","[300.79, 67]",293.69,266,1.38,0.11
07:34:42,"[292.79, 73]","[285.57, 42]","[294.0, 45]","[303.0, 60]",293.4,220,1.21,0.05
07:34:43,"[288.0, 16]","[281.0, 72]","[294.0, 36]","[303.0, 48]",291.0,172,6.0,0.02
07:34:44,"[288.48, 66]","[283.8, 100]","[293.72, 54]","[302.78, 72]",291.1,292,5.24,0.14
07:34:45,"[290.0, 20]","[288.0, 50]","[293.0, 30]","[302.0, 40]",291.5,140,3.0,0.0
07:34:46,"[290.0, 20]","[288.0, 50]","[292.1, 30]","[298.67, 36]",291.05,136,2.1,0.03
07:34:47,"[288.0, 59]","[285.56, 99]","[290.28, 29]","[298.34, 32]",289.14,219,2.28,0.44
07:34:48,"[288.0, 20]","[286.0, 9]","[289.8, 10]","[290.96, 25]",288.9,64,1.8,-0.09
07:34:49,"[286.06, 16]","[280.37, 54]","[288.0, 14]","[297.17, 36]",287.03,120,1.94,0.17
07:34:50,"[279.56, 61]","[278.5, 56]","[286.14, 14]","[299.88, 43]",282.85,174,6.59,0.34
07:34:51,"[280.85, 52]","[278.89, 74]","[285.38, 13]","[301.0, 52]",283.12,191,4.54,0.32
07:34:52,"[285.69, 64]","[281.55, 58]","[298.47, 47]","[357.9, 63]",292.08,232,12.78,0.05
07:34:53,"[291.8, 10]","[290.0, 20]","[349.07, 45]","[403.43, 35]",320.43,110,57.27,-0.45
07:34:54,"[292.0, 13]","[290.0, 26]","[325.44, 32]","[474.0, 47]",308.72,118,33.44,-0.34
07:34:55,"[292.0, 9]","[290.74, 38]","[297.0, 18]","[441.0, 18]",294.5,83,5.0,0.13
07:34:56,"[292.0, 10]","[291.0, 70]","[296.0, 56]","[374.16, 25]",294.0,161,4.0,-0.01
07:34:57,"[291.04, 28]","[290.28, 25]","[296.0, 60]","[485.77, 35]",293.52,148,4.96,-0.28
07:34:58,"[290.06, 36]","[288.83, 24]","[294.31, 52]","[296.0, 26]",292.18,138,4.25,-0.13
07:34:59,"[289.0, 34]","[284.0, 11]","[291.18, 44]","[296.0, 22]",290.09,111,2.18,-0.19
07:35:00,"[288.17, 18]","[282.91, 11]","[291.69, 26]","[322.62, 16]",289.93,71,3.53,-0.18
07:35:01,"[284.55, 44]","[281.11, 36]","[297.18, 11]","[304.9, 20]",290.86,111,12.64,0.44
07:35:02,"[289.23, 53]","[283.49, 115]","[295.8, 10]","[297.4, 20]",292.51,198,6.57,0.7
07:35:03,"[293.0, 7]","[289.0, 49]","[294.86, 7]","[297.86, 14]",293.93,77,1.86,0.45
07:35:04,"[286.53, 53]","[284.91, 110]","[298.58, 19]","[478.27, 22]",292.55,204,12.05,0.6
07:35:05,"[286.0, 56]","[285.0, 8]","[298.38, 24]","[300.88, 16]",292.19,104,12.38,0.23
07:35:06,"[286.0, 56]","[285.0, 8]","[296.88, 24]","[299.0, 16]",291.44,104,10.88,0.23
07:35:07,"[286.0, 43]","[285.0, 7]","[296.0, 21]","[297.86, 14]",291.0,85,10.0,0.18
07:35:08,"[286.0, 21]","[285.0, 7]","[296.0, 21]","[297.0, 14]",291.0,63,10.0,-0.11
07:35:09,"[288.33, 18]","[285.6, 10]","[295.0, 18]","[447.0, 21]",291.67,67,6.67,-0.16
07:35:10,"[288.35, 26]","[284.5, 46]","[387.18, 44]","[574.2, 45]",337.76,161,98.84,-0.11
07:35:11,"[284.11, 36]","[283.91, 70]","[297.96, 26]","[528.43, 23]",291.04,155,13.85,0.37
07:35:12,"[284.0, 160]","[281.86, 14]","[295.95, 20]","[297.83, 30]",289.98,224,11.95,0.55
07:35:13,"[284.0, 176]","[282.6, 15]","[293.6, 15]","[294.21, 29]",288.8,235,9.6,0.63
07:35:14,"[284.0, 176]","[283.0, 22]","[293.0, 11]","[294.0, 33]",288.5,242,9.0,0.64
07:35:15,"[284.0, 192]","[283.0, 28]","[292.67, 18]","[293.95, 38]",288.33,276,8.67,0.59
07:35:16,"[284.0, 147]","[283.0, 26]","[290.96, 25]","[291.44, 27]",287.48,225,6.96,0.54
07:35:17,"[284.81, 42]","[283.42, 154]","[292.54, 52]","[298.16, 49]",288.67,297,7.73,0.32
07:35:18,"[285.5, 26]","[281.74, 90]","[294.0, 24]","[297.75, 60]",289.75,200,8.5,0.16
07:35:19,"[290.67, 27]","[287.14, 42]","[293.0, 24]","[298.67, 60]",291.83,153,2.33,-0.1
07:35:20,"[291.17, 29]","[290.05, 38]","[293.0, 26]","[299.0, 65]",292.09,158,1.83,-0.15
07:35:21,"[292.0, 43]","[291.0, 22]","[296.53, 34]","[405.9, 51]",294.26,150,4.53,-0.13
07:35:22,"[291.69, 13]","[290.75, 24]","[299.0, 55]","[499.45, 44]",295.35,136,7.31,-0.46
07:35:23,"[290.0, 17]","[288.0, 21]","[299.0, 35]","[319.0, 28]",294.5,101,9.0,-0.25
07:35:24,"[290.0, 18]","[288.0, 27]","[299.0, 45]","[405.0, 36]",294.5,126,9.0,-0.29
07:35:25,"[288.1, 41]","[285.13, 68]","[298.5, 70]","[422.95, 63]",293.3,242,10.4,-0.1
07:35:26,"[288.0, 21]","[285.0, 35]","[297.86, 35]","[300.0, 35]",292.93,126,9.86,-0.11
07:35:27,"[288.0, 33]","[285.0, 55]","[296.73, 55]","[434.02, 48]",292.36,191,8.73,-0.08
07:35:28,"[288.0, 21]","[285.0, 35]","[294.86, 35]","[295.86, 35]",291.43,126,6.86,-0.11
07:35:29,"[288.0, 21]","[285.0, 35]","[293.0, 35]","[294.0, 35]",290.5,126,5.0,-0.11
07:35:30,"[288.0, 24]","[285.0, 40]","[292.45, 38]","[293.38, 40]",290.22,142,4.45,-0.1
07:35:31,"[286.54, 41]","[283.67, 63]","[288.96, 54]","[291.11, 45]",287.75,203,2.43,0.02
07:35:32,"[285.0, 39]","[284.0, 15]","[290.52, 42]","[292.71, 73]",287.76,169,5.52,-0.36
07:35:33,"[287.71, 31]","[284.7, 10]","[290.65, 23]","[293.25, 48]",289.18,112,2.94,-0.27
07:35:34,"[289.0, 32]","[287.56, 36]","[292.33, 60]","[297.0, 36]",290.67,164,3.33,-0.17
07:35:35,"[288.48, 62]","[286.86, 28]","[291.84, 61]","[301.32, 37]",290.16,188,3.35,-0.04
07:35:36,"[288.0, 28]","[284.0, 13]","[297.77, 39]","[374.85, 52]",292.88,132,9.77,-0.38
07:35:37,"[288.77, 13]","[286.77, 13]","[297.38, 39]","[299.53, 49]",293.08,114,8.62,-0.54
07:35:38,"[285.95, 42]","[285.22, 73]","[296.08, 39]","[298.62, 39]",291.01,193,10.12,0.19
07:35:39,"[286.93, 28]","[284.78, 50]","[295.0, 42]","[299.0, 42]",290.96,162,8.07,-0.04
07:35:40,"[287.0, 12]","[284.0, 7]","[295.0, 21]","[299.0, 21]",291.0,61,8.0,-0.38
07:35:41,"[288.14, 14]","[284.67, 12]","[294.58, 36]","[299.0, 36]",291.36,98,6.44,-0.47
07:35:42,"[288.98, 124]","[285.83, 23]","[293.0, 45]","[299.0, 45]",290.99,237,4.02,0.24
07:35:43,"[289.57, 172]","[289.71, 84]","[293.94, 62]","[301.47, 97]",291.75,415,4.37,0.23
07:35:44,"[291.21, 57]","[290.0, 171]","[297.82, 51]","[299.25, 63]",294.52,342,6.61,0.33
07:35:45,"[292.94, 51]","[290.0, 153]","[295.18, 51]","[296.18, 51]",294.06,306,2.24,0.33
07:35:46,"[291.87, 38]","[289.75, 140]","[293.81, 48]","[299.35, 60]",292.84,286,1.94,0.24
07:35:47,"[290.02, 150]","[284.69, 112]","[292.0, 43]","[302.92, 97]",291.01,402,1.98,0.3
07:35:48,"[290.0, 92]","[286.5, 60]","[291.83, 24]","[302.56, 54]",290.92,230,1.83,0.32
07:35:49,"[290.0, 66]","[289.0, 65]","[300.25, 44]","[305.26, 47]",295.12,222,10.25,0.18
07:35:50,"[290.0, 30]","[289.0, 45]","[302.0, 18]","[304.33, 45]",296.0,138,12.0,0.09
07:35:51,"[290.0, 12]","[289.0, 60]","[299.58, 24]","[304.89, 45]",294.79,141,9.58,0.02
07:35:52,"[290.0, 8]","[289.0, 40]","[297.88, 16]","[304.0, 46]",293.94,110,7.88,-0.13
07:35:53,"[291.67, 36]","[289.17, 36]","[297.0, 24]","[303.66, 59]",294.33,155,5.33,-0.07
07:35:54,"[292.0, 65]","[290.0, 13]","[297.0, 32]","[302.0, 26]",294.5,136,5.0,0.15
07:35:55,"[292.0, 52]","[290.0, 13]","[296.7, 46]","[300.69, 26]",294.35,137,4.7,-0.05
07:35:56,"[292.0, 32]","[290.0, 8]","[294.75, 16]","[300.2, 25]",293.38,81,2.75,-0.01
07:35:57,"[290.0, 2]","[289.0, 10]","[296.0, 4]","[303.0, 10]",293.0,26,6.0,-0.08
07:35:58,"[290.0, 7]","[289.0, 35]","[296.0, 14]","[303.0, 35]",293.0,91,6.0,-0.08
07:35:59,"[290.0, 25]","[289.0, 65]","[296.0, 26]","[303.0, 65]",293.0,181,6.0,-0.01
07:36:00,"[290.0, 36]","[289.0, 45]","[294.33, 18]","[301.33, 45]",292.17,144,4.33,0.12
07:36:01,"[290.0, 30]","[289.0, 45]","[292.56, 18]","[300.0, 45]",291.28,138,2.56,0.09
07:36:02,"[289.5, 18]","[288.84, 38]","[292.0, 24]","[299.91, 44]",290.75,124,2.5,-0.1
07:36:03,"[283.44, 48]","[281.5, 54]","[291.5, 24]","[299.96, 52]",287.47,178,8.06,0.15
07:36:04,"[283.0, 21]","[280.0, 25]","[291.0, 10]","[300.0, 25]",287.0,81,8.0,0.14
07:36:05,"[280.13, 47]","[277.82, 55]","[296.7, 43]","[300.88, 34]",288.41,179,16.57,0.14
07:36:06,"[283.64, 55]","[277.5, 70]","[297.56, 54]","[299.62, 52]",290.6,231,13.92,0.08
07:36:07,"[290.0, 26]","[280.0, 65]","[297.0, 39]","[298.0, 65]",293.5,195,7.0,-0.07
07:36:08,"[290.0, 32]","[280.0, 80]","[294.15, 60]","[296.94, 68]",292.07,240,4.15,-0.07
07:36:09,"[290.0, 16]","[280.0, 40]","[292.12, 40]","[294.0, 24]",291.06,120,2.12,-0.07
07:36:10,"[287.37, 19]","[279.33, 42]","[291.75, 40]","[294.05, 22]",289.56,123,4.38,-0.01
07:36:11,"[280.61, 49]","[276.96, 83]","[289.35, 62]","[291.35, 23]",284.98,217,8.74,0.22
07:36:12,"[281.49, 35]","[278.61, 72]","[290.15, 71]","[295.83, 47]",285.82,225,8.67,-0.05
07:36:13,"[287.25, 24]","[279.5, 40]","[297.42, 38]","[301.46, 56]",292.34,158,10.17,-0.19
07:36:14,"[288.0, 34]","[287.0, 34]","[295.41, 68]","[296.52, 58]",291.71,194,7.41,-0.3
07:36:15,"[288.0, 18]","[287.0, 18]","[293.88, 34]","[295.78, 36]",290.94,106,5.88,-0.32
07:36:16,"[287.93, 28]","[286.07, 30]","[291.0, 18]","[293.76, 50]",289.46,126,3.07,-0.08
07:36:17,"[280.33, 43]","[278.22, 37]","[287.1, 21]","[291.9, 20]",283.71,121,6.77,0.32
07:36:18,"[282.17, 81]","[280.23, 78]","[286.52, 46]","[292.27, 49]",284.35,254,4.35,0.25
07:36:19,"[281.54, 41]","[276.11, 54]","[294.38, 21]","[296.32, 62]",287.96,178,12.84,0.07
07:36:20,"[278.12, 33]","[276.03, 58]","[286.0, 13]","[295.73, 30]",282.06,134,7.88,0.36
07:36:21,"[276.0, 88]","[275.0, 32]","[287.06, 18]","[293.25, 16]",281.53,154,11.06,0.56
07:36:22,"[277.71, 238]","[275.75, 83]","[289.75, 20]","[291.56, 52]",283.73,393,12.04,0.63
07:36:23,"[277.68, 141]","[274.4, 47]","[284.31, 29]","[301.39, 46]",281.0,263,6.63,0.43
07:36:24,"[275.0, 36]","[274.0, 48]","[287.29, 24]","[289.79, 14]",281.15,122,12.29,0.38
07:36:25,"[275.75, 84]","[274.11, 54]","[282.79, 39]","[284.88, 32]",279.27,209,7.04,0.32
07:36:26,"[276.05, 132]","[272.63, 126]","[279.42, 62]","[280.2, 30]",277.73,350,3.37,0.47
07:36:27,"[276.05, 133]","[272.1, 78]","[277.48, 31]","[280.18, 34]",276.76,276,1.44,0.53
07:36:28,"[272.94, 47]","[269.73, 22]","[281.36, 28]","[286.12, 33]",277.15,130,8.42,0.06
07:36:29,"[270.53, 17]","[269.96, 45]","[282.0, 38]","[290.0, 22]",276.26,122,11.47,0.02
07:36:30,"[280.69, 35]","[271.36, 55]","[286.24, 45]","[300.44, 54]",283.47,189,5.56,-0.05
07:36:31,"[285.0, 12]","[284.0, 60]","[288.0, 24]","[361.16, 37]",286.5,133,3.0,0.08
07:36:32,"[286.26, 19]","[284.14, 35]","[288.0, 25]","[326.04, 28]",287.13,107,1.74,0.01
07:36:33,"[284.0, 15]","[274.0, 9]","[288.0, 6]","[290.0, 9]",286.0,39,4.0,0.23
07:36:34,"[284.0, 15]","[274.0, 9]","[288.0, 5]","[290.0, 9]",286.0,38,4.0,0.26
07:36:35,"[284.07, 43]","[275.72, 29]","[288.0, 9]","[289.72, 29]",286.03,110,3.93,0.31
07:36:36,"[285.21, 19]","[284.32, 37]","[288.0, 9]","[290.0, 27]",286.61,92,2.79,0.22
07:36:37,"[287.14, 28]","[285.03, 33]","[289.2, 25]","[291.2, 50]",288.17,136,2.06,-0.1
07:36:38,"[285.15, 41]","[278.42, 24]","[290.0, 39]","[293.0, 52]",287.57,156,4.85,-0.17
07:36:39,"[288.0, 32]","[284.0, 16]","[289.88, 24]","[292.71, 31]",288.94,103,1.88,-0.07
07:36:40,"[288.0, 36]","[284.42, 24]","[289.0, 27]","[290.0, 27]",288.5,114,1.0,0.05
07:36:41,"[286.67, 36]","[279.32, 44]","[288.62, 39]","[290.0, 39]",287.64,158,1.95,0.01
07:36:42,"[284.0, 26]","[275.0, 63]","[287.0, 39]","[291.54, 39]",285.5,167,3.0,0.07
07:36:43,"[284.0, 12]","[275.0, 48]","[287.0, 18]","[292.0, 18]",285.5,96,3.0,0.25
07:36:44,"[284.22, 18]","[275.6, 60]","[287.0, 27]","[292.0, 27]",285.61,132,2.78,0.18
07:36:45,"[284.93, 29]","[281.75, 32]","[288.11, 37]","[318.82, 33]",286.52,131,3.18,-0.07
07:36:46,"[286.53, 43]","[284.9, 40]","[290.22, 27]","[292.76, 41]",288.38,151,3.69,0.1
07:36:47,"[289.91, 131]","[286.91, 22]","[292.06, 17]","[310.33, 27]",290.98,197,2.15,0.55
07:36:48,"[290.0, 120]","[288.0, 16]","[293.0, 24]","[374.54, 13]",291.5,173,3.0,0.57
07:36:49,"[291.71, 70]","[289.95, 154]","[321.16, 25]","[394.55, 31]",306.44,280,29.45,0.6
07:36:50,"[290.12, 102]","[289.03, 29]","[388.95, 21]","[483.61, 23]",339.54,175,98.83,0.5
07:36:51,"[290.0, 193]","[288.0, 28]","[379.62, 32]","[492.81, 27]",334.81,280,89.62,0.58
07:36:52,"[290.0, 104]","[288.0, 16]","[292.62, 16]","[356.5, 20]",291.31,156,2.62,0.54
07:36:53,"[290.0, 120]","[288.0, 20]","[291.9, 20]","[295.8, 20]",290.95,180,1.9,0.56
07:36:54,"[290.0, 120]","[288.0, 24]","[297.0, 24]","[593.78, 23]",293.5,191,7.0,0.51
07:36:55,"[290.0, 93]","[288.0, 24]","[298.17, 24]","[497.45, 20]",294.08,161,8.17,0.45
07:36:56,"[290.93, 42]","[289.2, 35]","[297.86, 42]","[299.0, 28]",294.39,147,6.93,0.05
07:36:57,"[290.0, 18]","[288.0, 12]","[297.0, 18]","[299.0, 12]",293.5,60,7.0,0.0
07:36:58,"[290.0, 12]","[288.0, 8]","[296.6, 10]","[297.8, 10]",293.3,40,6.6,0.0
07:36:59,"[290.0, 42]","[288.0, 28]","[294.95, 66]","[392.25, 20]",292.48,156,4.95,-0.1
07:37:00,"[289.91, 22]","[287.8, 15]","[292.75, 24]","[297.62, 16]",291.33,77,2.84,-0.04
07:37:01,"[287.0, 9]","[284.4, 15]","[290.22, 27]","[298.67, 18]",288.61,69,3.22,-0.3
07:37:02,"[285.71, 34]","[284.21, 38]","[288.39, 54]","[297.8, 41]",287.05,167,2.68,-0.14
07:37:03,"[284.91, 35]","[282.13, 82]","[286.15, 54]","[291.29, 48]",285.53,219,1.23,0.07
07:37:04,"[284.02, 40]","[279.54, 76]","[291.78, 37]","[344.73, 44]",287.9,197,7.76,0.18
07:37:05,"[284.18, 33]","[279.59, 51]","[363.77, 30]","[487.05, 38]",323.97,152,79.58,0.11
07:37:06,"[291.75, 36]","[287.67, 36]","[302.0, 12]","[377.04, 50]",296.88,134,10.25,0.07
07:37:07,"[292.55, 11]","[291.29, 21]","[298.44, 9]","[332.91, 22]",295.49,63,5.9,0.02
07:37:08,"[292.0, 7]","[291.0, 21]","[294.0, 14]","[302.0, 7]",293.0,49,2.0,0.14
07:37:09,"[292.0, 9]","[291.0, 27]","[294.0, 18]","[302.0, 9]",293.0,63,2.0,0.14
07:37:10,"[289.82, 11]","[289.08, 25]","[294.0, 22]","[300.91, 11]",291.91,69,4.18,0.04
07:37:11,"[289.0, 4]","[288.0, 8]","[294.0, 8]","[300.0, 4]",291.5,24,5.0,0.0
07:37:12,"[289.0, 8]","[288.0, 16]","[294.0, 16]","[300.0, 8]",291.5,48,5.0,0.0
07:37:13,"[289.0, 9]","[288.0, 18]","[293.11, 18]","[294.59, 17]",291.06,62,4.11,-0.13
07:37:14,"[289.0, 12]","[288.0, 24]","[290.92, 24]","[295.0, 24]",289.96,84,1.92,-0.14
07:37:15,"[288.11, 9]","[284.8, 10]","[295.8, 10]","[301.67, 6]",291.96,35,7.69,0.09
07:37:16,"[286.5, 16]","[281.43, 28]","[298.0, 16]","[305.0, 8]",292.25,68,11.5,0.29
07:37:17,"[290.0, 40]","[284.0, 20]","[298.0, 20]","[305.0, 10]",294.0,90,8.0,0.33
07:37:18,"[290.0, 36]","[284.0, 18]","[296.67, 12]","[298.5, 16]",293.33,82,6.67,0.32
07:37:19,"[284.0, 8]","[283.0, 4]","[294.25, 4]","[298.0, 8]",289.12,24,10.25,0.0
07:37:20,"[284.0, 16]","[283.0, 8]","[292.38, 8]","[298.0, 16]",288.19,48,8.38,0.0
07:37:21,"[280.06, 140]","[269.49, 61]","[283.26, 47]","[294.82, 22]",281.66,270,3.2,0.49
07:37:22,"[281.35, 80]","[268.87, 103]","[287.93, 15]","[295.87, 23]",284.64,221,6.58,0.66
07:37:23,"[281.86, 65]","[280.82, 55]","[289.0, 10]","[294.0, 20]",285.43,150,7.14,0.6
07:37:24,"[285.0, 32]","[281.0, 72]","[286.75, 8]","[291.38, 16]",285.88,128,1.75,0.62
07:37:25,"[286.85, 26]","[282.2, 65]","[294.63, 19]","[353.95, 43]",290.74,153,7.79,0.19
07:37:26,"[293.0, 6]","[283.0, 30]","[297.0, 12]","[357.33, 30]",295.0,78,4.0,-0.08
07:37:27,"[293.0, 6]","[283.0, 30]","[297.0, 12]","[329.17, 30]",295.0,78,4.0,-0.08
07:37:28,"[293.0, 10]","[283.0, 50]","[297.4, 20]","[463.6, 50]",295.2,130,4.4,-0.08
07:37:29,"[293.0, 7]","[283.0, 35]","[299.0, 14]","[406.0, 35]",296.0,91,6.0,-0.08
07:37:30,"[287.74, 19]","[282.59, 49]","[298.25, 28]","[467.51, 37]",292.99,133,10.51,0.02
07:37:31,"[283.0, 89]","[278.0, 32]","[296.34, 64]","[377.58, 36]",289.67,221,13.34,0.1
07:37:32,"[283.0, 16]","[278.0, 16]","[295.62, 32]","[309.75, 28]",289.31,92,12.62,-0.3
07:37:33,"[283.0, 24]","[278.0, 24]","[292.95, 39]","[294.95, 20]",287.97,107,9.95,-0.1
07:37:34,"[284.64, 11]","[281.82, 22]","[291.95, 38]","[292.53, 17]",288.29,88,7.31,-0.25
07:37:35,"[286.0, 19]","[282.0, 60]","[288.68, 41]","[290.91, 45]",287.34,165,2.68,-0.04
07:37:36,"[281.74, 43]","[258.33, 43]","[287.0, 15]","[289.04, 23]",284.37,124,5.26,0.39
07:37:37,"[278.82, 40]","[252.5, 48]","[286.8, 15]","[289.78, 37]",282.81,140,7.98,0.26
07:37:38,"[277.0, 28]","[207.0, 21]","[281.31, 13]","[284.86, 7]",279.15,69,4.31,0.42
07:37:39,"[277.0, 48]","[210.82, 33]","[279.76, 34]","[281.36, 14]",278.38,129,2.76,0.26
07:37:40,"[217.17, 35]","[159.38, 39]","[294.85, 13]","[339.31, 49]",256.01,136,77.67,0.09
07:37:41,"[290.0, 39]","[278.92, 126]","[398.57, 37]","[486.0, 25]",344.28,227,108.57,0.45
07:37:42,"[284.15, 164]","[283.32, 100]","[532.75, 48]","[580.62, 24]",408.45,336,248.6,0.57
07:37:43,"[284.0, 144]","[283.0, 51]","[384.56, 25]","[406.93, 29]",334.28,249,100.56,0.57
07:37:44,"[283.58, 59]","[253.92, 37]","[320.3, 10]","[373.15, 26]",301.94,132,36.72,0.45
07:37:45,"[285.86, 59]","[282.45, 22]","[300.0, 36]","[538.4, 55]",292.93,172,14.14,-0.06
07:37:46,"[286.0, 55]","[284.57, 14]","[293.53, 17]","[298.82, 38]",289.76,124,7.53,0.11
07:37:47,"[288.4, 110]","[287.42, 93]","[291.94, 66]","[292.83, 53]",290.17,322,3.54,0.26
07:37:48,"[288.58, 57]","[287.81, 64]","[290.29, 56]","[291.73, 44]",289.43,221,1.71,0.1
07:37:49,"[288.25, 48]","[287.57, 42]","[292.47, 30]","[361.5, 26]",290.36,146,4.22,0.23
07:37:50,"[288.0, 42]","[285.0, 7]","[297.31, 13]","[324.0, 9]",292.65,71,9.31,0.38
07:37:51,"[288.0, 54]","[285.0, 9]","[296.0, 18]","[299.0, 9]",292.0,90,8.0,0.4
07:37:52,"[288.22, 46]","[287.5, 36]","[296.0, 22]","[300.27, 11]",292.11,115,7.78,0.43
07:37:53,"[291.37, 76]","[288.67, 36]","[296.0, 28]","[301.0, 14]",293.68,154,4.63,0.45
07:37:54,"[293.6, 60]","[289.0, 28]","[296.0, 28]","[301.0, 14]",294.8,130,2.4,0.35
07:37:55,"[293.38, 13]","[289.5, 20]","[296.4, 20]","[305.62, 13]",294.89,66,3.02,0.0
07:37:56,"[292.0, 22]","[288.27, 11]","[300.64, 11]","[350.43, 23]",296.32,67,8.64,-0.01
07:37:57,"[292.0, 18]","[291.0, 9]","[298.18, 33]","[301.67, 9]",295.09,69,6.18,-0.22
07:37:58,"[291.0, 21]","[285.38, 24]","[300.0, 12]","[306.17, 12]",295.5,69,9.0,0.3
07:37:59,"[285.0, 5]","[282.0, 25]","[300.0, 5]","[307.0, 5]",292.5,40,15.0,0.5
07:38:00,"[282.69, 26]","[281.65, 34]","[290.47, 15]","[306.3, 10]",286.58,85,7.77,0.41
07:38:01,"[282.12, 40]","[281.34, 32]","[292.43, 23]","[305.6, 20]",287.28,115,10.31,0.25
07:38:02,"[290.4, 83]","[288.68, 69]","[304.21, 33]","[305.4, 25]",297.3,210,13.81,0.45
07:38:03,"[291.33, 9]","[290.0, 72]","[302.0, 18]","[303.0, 18]",296.67,117,10.67,0.38
07:38:04,"[292.0, 65]","[290.0, 136]","[300.41, 34]","[301.88, 34]",296.21,269,8.41,0.49
07:38:05,"[292.06, 34]","[290.17, 70]","[296.6, 20]","[298.0, 20]",294.33,144,4.54,0.44
07:38:06,"[292.16, 31]","[290.27, 111]","[294.1, 31]","[295.41, 34]",293.13,207,1.94,0.37
07:38:07,"[290.29, 28]","[288.76, 41]","[294.0, 14]","[296.82, 11]",292.14,94,3.71,0.47
07:38:08,"[290.0, 72]","[283.09, 11]","[298.55, 11]","[488.76, 17]",294.27,111,8.55,0.5
07:38:09,"[290.0, 36]","[281.0, 6]","[300.0, 6]","[301.5, 6]",295.0,54,10.0,0.56
07:38:10,"[290.0, 54]","[284.33, 12]","[299.56, 9]","[302.0, 9]",294.78,84,9.56,0.57
07:38:11,"[290.0, 66]","[289.0, 44]","[298.27, 11]","[302.0, 11]",294.14,132,8.27,0.67
07:38:12,"[290.0, 68]","[289.0, 48]","[298.0, 12]","[302.5, 12]",294.0,140,8.0,0.66
07:38:13,"[289.33, 18]","[286.5, 32]","[297.25, 8]","[303.0, 8]",293.29,66,7.92,0.52
07:38:14,"[289.79, 19]","[285.24, 34]","[296.11, 9]","[302.11, 9]",292.95,71,6.32,0.49
07:38:15,"[294.0, 32]","[289.0, 24]","[295.03, 34]","[298.42, 12]",294.51,102,1.03,0.1
07:38:16,"[294.0, 20]","[289.0, 20]","[295.0, 30]","[310.0, 17]",294.5,87,1.0,-0.08
07:38:17,"[290.07, 28]","[285.48, 50]","[299.09, 32]","[310.67, 60]",294.58,170,9.02,-0.08
07:38:18,"[286.6, 15]","[284.6, 15]","[299.0, 6]","[301.0, 24]",292.8,60,12.4,0.0
07:38:19,"[285.0, 33]","[283.0, 11]","[293.33, 15]","[301.47, 38]",289.17,97,8.33,-0.09
07:38:20,"[285.04, 28]","[283.5, 12]","[289.25, 12]","[290.14, 28]",287.14,80,4.21,0.0
07:38:21,"[282.64, 14]","[280.78, 118]","[298.85, 26]","[305.6, 50]",290.74,208,16.2,0.27
07:38:22,"[283.04, 25]","[280.23, 109]","[303.67, 60]","[326.0, 75]",293.35,269,20.63,-0.0
07:38:23,"[282.23, 26]","[280.51, 70]","[303.0, 52]","[326.0, 65]",292.62,213,20.77,-0.1
07:38:24,"[283.25, 16]","[282.14, 56]","[297.33, 30]","[315.33, 45]",290.29,147,14.08,-0.02
07:38:25,"[284.14, 7]","[282.13, 46]","[302.57, 28]","[324.0, 35]",293.36,116,18.43,-0.09
07:38:26,"[286.82, 17]","[282.07, 73]","[301.06, 64]","[304.08, 53]",293.94,207,14.24,-0.13
07:38:27,"[289.0, 60]","[287.0, 12]","[301.0, 60]","[302.17, 48]",295.0,180,12.0,-0.2
07:38:28,"[290.0, 9]","[289.0, 45]","[300.11, 45]","[304.11, 36]",295.06,135,10.11,-0.2
07:38:29,"[290.53, 15]","[289.0, 75]","[299.53, 75]","[305.0, 60]",295.03,225,9.0,-0.2
07:38:30,"[291.0, 14]","[289.0, 70]","[297.0, 52]","[298.76, 62]",294.0,198,6.0,-0.15
07:38:31,"[289.68, 37]","[288.71, 65]","[293.32, 81]","[294.51, 55]",291.5,238,3.65,-0.14
07:38:32,"[289.0, 75]","[283.25, 24]","[290.86, 51]","[295.0, 64]",289.93,214,1.86,-0.07
07:38:33,"[289.06, 64]","[286.18, 17]","[302.57, 56]","[333.91, 43]",295.82,180,13.51,-0.1
07:38:34,"[289.24, 34]","[286.48, 54]","[305.42, 31]","[309.45, 33]",297.33,152,16.18,0.16
07:38:35,"[289.0, 50]","[285.0, 80]","[304.0, 10]","[305.0, 40]",296.5,180,15.0,0.44
07:38:36,"[289.0, 50]","[285.0, 80]","[304.0, 10]","[305.0, 40]",296.5,180,15.0,0.44
07:38:37,"[289.0, 50]","[285.0, 80]","[302.14, 22]","[303.57, 28]",295.57,180,13.14,0.44
07:38:38,"[289.0, 50]","[285.0, 80]","[296.53, 30]","[299.08, 26]",292.77,186,7.53,0.4
07:38:39,"[286.92, 25]","[284.88, 51]","[290.86, 21]","[295.85, 33]",288.89,130,3.94,0.17
07:38:40,"[285.0, 15]","[283.0, 7]","[291.0, 21]","[298.0, 28]",288.0,71,6.0,-0.38
07:38:41,"[286.0, 34]","[284.85, 13]","[298.0, 48]","[429.97, 29]",292.0,124,12.0,-0.24
07:38:42,"[288.07, 28]","[287.07, 28]","[298.0, 56]","[303.0, 14]",293.04,126,9.93,-0.11
07:38:43,"[291.06, 34]","[289.41, 34]","[297.36, 78]","[298.74, 47]",294.21,193,6.3,-0.3
07:38:44,"[293.0, 42]","[290.26, 31]","[296.0, 65]","[298.0, 52]",294.5,190,3.0,-0.23
07:38:45,"[293.03, 109]","[292.24, 37]","[300.67, 55]","[302.63, 27]",296.85,228,7.65,0.28
07:38:46,"[293.0, 63]","[292.0, 18]","[300.55, 22]","[301.79, 33]",296.77,136,7.55,0.19
07:38:47,"[293.0, 63]","[292.0, 18]","[298.56, 18]","[302.78, 37]",295.78,136,5.56,0.19
07:38:48,"[293.0, 56]","[289.5, 14]","[297.12, 16]","[302.26, 19]",295.06,105,4.12,0.33
07:38:49,"[293.0, 98]","[292.0, 42]","[296.14, 28]","[299.71, 14]",294.57,182,3.14,0.54
07:38:50,"[293.0, 49]","[292.0, 39]","[298.35, 40]","[477.43, 42]",295.68,170,5.35,0.04
07:38:51,"[287.35, 34]","[289.14, 21]","[301.0, 48]","[469.73, 33]",294.18,136,13.65,-0.19
07:38:52,"[285.0, 66]","[282.0, 7]","[298.67, 36]","[317.02, 41]",291.83,150,13.67,-0.03
07:38:53,"[285.0, 100]","[283.0, 18]","[299.55, 31]","[347.79, 24]",292.27,173,14.55,0.36
07:38:54,"[285.0, 36]","[283.0, 27]","[299.0, 36]","[301.0, 36]",292.0,135,14.0,-0.07
07:38:55,"[284.37, 52]","[282.76, 33]","[294.27, 44]","[299.93, 60]",289.32,189,9.91,-0.1
07:38:56,"[280.69, 16]","[171.78, 94]","[283.44, 16]","[287.12, 32]",282.06,158,2.75,0.39
07:38:57,"[279.0, 9]","[160.0, 171]","[293.18, 22]","[295.41, 37]",286.09,239,14.18,0.51
07:38:58,"[281.9, 62]","[184.79, 48]","[293.5, 56]","[295.8, 60]",287.7,226,11.6,-0.03
07:38:59,"[282.0, 58]","[279.0, 13]","[291.84, 49]","[293.13, 90]",286.92,210,9.84,-0.32
07:39:00,"[282.71, 70]","[281.07, 28]","[291.74, 43]","[333.55, 44]",287.23,185,9.03,0.06
07:39:01,"[283.47, 150]","[281.96, 54]","[293.83, 72]","[478.69, 32]",288.65,308,10.37,0.32
07:39:02,"[286.75, 134]","[285.56, 59]","[294.0, 70]","[454.56, 18]",290.37,281,7.25,0.37
07:39:03,"[289.16, 37]","[286.79, 57]","[294.75, 16]","[350.86, 14]",291.96,124,5.59,0.52
07:39:04,"[295.0, 12]","[292.0, 12]","[296.0, 6]","[360.0, 12]",295.5,42,1.0,0.14
07:39:05,"[292.92, 26]","[291.09, 89]","[295.44, 18]","[316.6, 42]",294.18,175,2.52,0.31
07:39:06,"[291.26, 61]","[290.74, 97]","[295.0, 26]","[298.0, 13]",293.13,197,3.74,0.6
07:39:07,"[291.0, 54]","[290.0, 34]","[294.17, 12]","[298.0, 6]",292.58,106,3.17,0.66
07:39:08,"[291.03, 102]","[290.25, 106]","[293.21, 28]","[298.64, 14]",292.12,250,2.18,0.66
07:39:09,"[291.0, 45]","[290.0, 55]","[295.4, 15]","[437.07, 27]",293.2,142,4.4,0.41
07:39:10,"[291.0, 24]","[290.0, 40]","[297.5, 16]","[626.57, 14]",294.25,94,6.5,0.36
07:39:11,"[291.0, 12]","[290.0, 20]","[296.0, 20]","[300.0, 4]",293.5,56,5.0,0.14
07:39:12,"[289.12, 24]","[282.23, 52]","[296.0, 45]","[300.0, 9]",292.56,130,6.88,0.17
07:39:13,"[286.0, 18]","[279.08, 39]","[296.0, 45]","[300.33, 9]",291.0,111,10.0,0.03
07:39:14,"[286.0, 12]","[280.0, 18]","[296.0, 30]","[301.0, 6]",291.0,66,10.0,-0.09
07:39:15,"[286.0, 28]","[280.0, 42]","[296.0, 70]","[301.0, 14]",291.0,154,10.0,-0.09
07:39:16,"[286.0, 20]","[280.0, 30]","[288.8, 50]","[296.24, 42]",287.4,142,2.8,-0.3
07:39:17,"[287.49, 49]","[282.59, 29]","[295.09, 56]","[297.93, 44]",291.29,178,7.6,-0.12
07:39:18,"[292.22, 82]","[289.91, 44]","[295.0, 16]","[298.0, 80]",293.61,222,2.78,0.14
07:39:19,"[292.0, 72]","[286.0, 18]","[294.89, 9]","[298.0, 45]",293.44,144,2.89,0.25
07:39:20,"[292.05, 95]","[290.54, 94]","[296.64, 25]","[299.21, 53]",294.35,267,4.59,0.42
07:39:21,"[293.0, 64]","[292.0, 98]","[300.0, 14]","[304.0, 70]",296.5,246,7.0,0.32
07:39:22,"[294.25, 24]","[291.88, 88]","[300.0, 57]","[304.0, 60]",297.12,229,5.75,-0.02
07:39:23,"[295.78, 9]","[291.33, 69]","[300.0, 54]","[304.0, 45]",297.89,177,4.22,-0.12
07:39:24,"[292.23, 35]","[291.11, 105]","[300.0, 66]","[304.0, 55]",296.11,261,7.77,0.07
07:39:25,"[292.0, 13]","[291.0, 143]","[300.0, 78]","[304.0, 65]",296.0,299,8.0,0.04
07:39:26,"[292.0, 11]","[291.0, 121]","[300.0, 66]","[304.0, 55]",296.0,253,8.0,0.04
07:39:27,"[292.0, 11]","[291.0, 121]","[300.0, 66]","[304.0, 55]",296.0,253,8.0,0.04
07:39:28,"[292.0, 8]","[291.0, 88]","[300.0, 48]","[304.0, 40]",296.0,184,8.0,0.04
07:39:29,"[292.0, 12]","[291.0, 132]","[300.0, 72]","[304.0, 60]",296.0,276,8.0,0.04
07:39:30,"[292.0, 8]","[291.0, 88]","[300.0, 48]","[303.89, 28]",296.0,172,8.0,0.12
07:39:31,"[292.0, 8]","[291.0, 88]","[300.0, 48]","[303.0, 8]",296.0,152,8.0,0.26
07:39:32,"[292.0, 10]","[291.0, 110]","[300.0, 50]","[303.0, 10]",296.0,180,8.0,0.33
07:39:33,"[292.0, 14]","[291.0, 154]","[299.12, 25]","[300.2, 44]",295.56,237,7.12,0.42
07:39:34,"[291.11, 61]","[289.76, 131]","[298.0, 26]","[300.0, 52]",294.56,270,6.89,0.42
07:39:35,"[291.28, 50]","[289.91, 99]","[297.0, 22]","[300.0, 36]",294.14,207,5.72,0.44
07:39:36,"[292.0, 28]","[291.0, 126]","[296.5, 28]","[299.21, 42]",294.25,224,4.5,0.38
07:39:37,"[292.8, 30]","[291.0, 135]","[296.0, 30]","[298.73, 45]",294.4,240,3.2,0.38
07:39:38,"[291.05, 88]","[288.53, 68]","[295.5, 32]","[298.0, 48]",293.27,236,4.45,0.32
07:39:39,"[292.13, 30]","[291.0, 90]","[296.67, 36]","[300.35, 51]",294.4,207,4.53,0.16
07:39:40,"[294.2, 15]","[291.88, 32]","[301.0, 21]","[303.76, 33]",297.6,101,6.8,-0.07
07:39:41,"[296.0, 34]","[295.0, 51]","[299.24, 59]","[301.21, 58]",297.62,202,3.24,-0.16
07:39:42,"[295.45, 49]","[292.38, 96]","[297.09, 45]","[300.55, 84]",296.27,274,1.64,0.06
07:39:43,"[291.15, 80]","[289.57, 58]","[296.24, 25]","[303.47, 43]",293.69,206,5.09,0.34
07:39:44,"[291.0, 105]","[290.0, 75]","[295.33, 42]","[299.98, 45]",293.17,267,4.33,0.35
07:39:45,"[290.0, 55]","[288.0, 44]","[292.16, 37]","[293.75, 40]",291.08,176,2.16,0.12
07:39:46,"[290.0, 64]","[288.0, 56]","[291.82, 55]","[294.8, 46]",290.91,221,1.82,0.09
07:39:47,"[289.76, 33]","[287.96, 53]","[291.21, 66]","[301.39, 28]",290.48,180,1.45,-0.04
07:39:48,"[288.47, 38]","[287.55, 31]","[300.0, 13]","[304.0, 13]",294.24,95,11.53,0.45
07:39:49,"[288.0, 22]","[286.0, 11]","[299.11, 27]","[301.09, 11]",293.56,71,11.11,-0.07
07:39:50,"[290.18, 22]","[287.41, 17]","[298.63, 19]","[299.16, 25]",294.41,83,8.45,-0.06
07:39:51,"[292.0, 22]","[285.04, 23]","[296.33, 27]","[298.53, 17]",294.17,89,4.33,0.01
07:39:52,"[292.0, 22]","[286.0, 11]","[295.82, 33]","[298.0, 11]",293.91,77,3.82,-0.14
07:39:53,"[284.47, 179]","[283.37, 60]","[293.46, 39]","[295.52, 21]",288.97,299,8.99,0.6
07:39:54,"[284.0, 391]","[278.0, 34]","[289.41, 51]","[290.47, 51]",286.71,527,5.41,0.61
07:39:55,"[284.0, 350]","[280.45, 77]","[286.62, 48]","[289.53, 36]",285.31,511,2.62,0.67
07:39:56,"[291.86, 140]","[283.8, 214]","[295.64, 14]","[299.08, 12]",293.75,380,3.79,0.86
07:39:57,"[295.0, 88]","[284.12, 162]","[296.94, 34]","[298.4, 10]",295.97,294,1.94,0.7
07:39:58,"[294.91, 46]","[284.85, 94]","[296.7, 40]","[338.0, 20]",295.81,200,1.79,0.4
07:39:59,"[294.0, 8]","[284.0, 160]","[300.0, 24]","[387.87, 23]",297.0,215,6.0,0.56
07:40:00,"[294.0, 12]","[287.07, 123]","[300.0, 45]","[342.95, 37]",297.0,217,6.0,0.24
07:40:01,"[294.0, 10]","[290.0, 70]","[299.53, 58]","[338.84, 45]",296.77,183,5.53,-0.13
07:40:02,"[295.11, 76]","[294.55, 29]","[299.68, 93]","[342.3, 47]",297.39,245,4.57,-0.14
07:40:03,"[295.46, 26]","[294.92, 26]","[299.0, 25]","[300.0, 10]",297.23,87,3.54,0.2
07:40:04,"[295.0, 63]","[294.0, 10]","[299.0, 50]","[300.0, 20]",297.0,143,4.0,0.02
07:40:05,"[295.0, 72]","[289.4, 30]","[299.0, 60]","[300.0, 24]",297.0,186,4.0,0.1
07:40:06,"[295.0, 36]","[290.71, 21]","[298.96, 26]","[299.67, 15]",296.98,98,3.96,0.16
07:40:07,"[295.0, 68]","[293.0, 42]","[297.21, 38]","[298.87, 46]",296.11,194,2.21,0.13
07:40:08,"[295.0, 36]","[293.0, 27]","[296.95, 37]","[297.41, 17]",295.97,117,1.95,0.08
07:40:09,"[295.0, 46]","[293.0, 36]","[296.0, 12]","[297.0, 60]",295.5,154,1.0,0.06
07:40:10,"[291.18, 33]","[286.17, 164]","[296.08, 59]","[298.42, 31]",293.63,287,4.9,0.37
07:40:11,"[291.44, 16]","[288.32, 47]","[295.64, 70]","[301.21, 14]",293.54,147,4.21,-0.14
07:40:12,"[292.0, 12]","[291.0, 24]","[294.02, 54]","[295.33, 36]",293.01,126,2.02,-0.43
07:40:13,"[291.67, 24]","[289.94, 34]","[294.56, 52]","[297.33, 33]",293.11,143,2.89,-0.19
07:40:14,"[291.0, 30]","[289.0, 45]","[299.4, 45]","[300.78, 37]",295.2,157,8.4,-0.04
07:40:15,"[291.0, 22]","[289.0, 33]","[296.45, 33]","[297.45, 33]",293.73,121,5.45,-0.09
07:40:16,"[291.0, 36]","[289.0, 54]","[295.06, 54]","[296.33, 54]",293.03,198,4.06,-0.09
07:40:17,"[290.76, 25]","[288.61, 38]","[293.17, 36]","[295.5, 36]",291.96,135,2.41,-0.07
07:40:18,"[289.0, 27]","[286.0, 45]","[293.44, 27]","[304.0, 41]",291.22,140,4.44,0.03
07:40:19,"[289.0, 42]","[286.0, 70]","[292.0, 24]","[294.97, 37]",290.5,173,3.0,0.29
07:40:20,"[287.67, 45]","[284.55, 66]","[291.47, 32]","[296.12, 26]",289.57,169,3.8,0.31
07:40:21,"[286.0, 75]","[280.0, 60]","[290.26, 38]","[296.87, 45]",288.13,218,4.26,0.24
07:40:22,"[286.0, 45]","[280.0, 36]","[289.6, 20]","[292.44, 25]",287.8,126,3.6,0.29
07:40:23,"[288.18, 116]","[287.1, 87]","[294.0, 38]","[300.64, 44]",291.09,285,5.82,0.42
07:40:24,"[291.04, 77]","[290.21, 112]","[298.56, 25]","[300.3, 54]",294.8,268,7.52,0.41
07:40:25,"[293.84, 76]","[290.9, 100]","[297.0, 19]","[300.0, 76]",295.42,271,3.16,0.3
07:40:26,"[295.0, 110]","[294.0, 17]","[297.61, 23]","[299.26, 38]",296.3,188,2.61,0.35
07:40:27,"[288.86, 22]","[287.25, 16]","[299.0, 20]","[300.0, 56]",293.93,114,10.14,-0.33
07:40:28,"[286.0, 45]","[282.0, 27]","[299.0, 18]","[300.0, 36]",292.5,126,13.0,0.14
07:40:29,"[286.0, 35]","[282.0, 21]","[299.0, 14]","[300.0, 28]",292.5,98,13.0,0.14
07:40:30,"[286.0, 40]","[282.0, 24]","[299.0, 16]","[300.0, 38]",292.5,118,13.0,0.08
07:40:31,"[286.0, 30]","[282.0, 18]","[298.25, 8]","[299.5, 16]",292.12,72,12.25,0.33
07:40:32,"[286.19, 47]","[284.37, 59]","[293.17, 24]","[296.07, 15]",289.68,145,6.98,0.46
07:40:33,"[286.42, 38]","[284.52, 54]","[290.84, 44]","[292.15, 26]",288.63,162,4.42,0.14
07:40:34,"[286.0, 55]","[282.0, 11]","[289.33, 24]","[291.16, 38]",287.67,128,3.33,0.03
07:40:35,"[286.0, 45]","[282.0, 9]","[299.0, 46]","[299.88, 17]",292.5,117,13.0,-0.08
07:40:36,"[285.64, 11]","[280.5, 4]","[298.91, 11]","[300.67, 12]",292.27,38,13.27,-0.21
07:40:37,"[288.8, 20]","[280.36, 11]","[298.0, 24]","[299.29, 34]",293.4,89,9.2,-0.3
07:40:38,"[290.86, 29]","[286.44, 9]","[298.0, 27]","[299.0, 36]",294.43,101,7.14,-0.25
07:40:39,"[291.0, 14]","[290.0, 6]","[298.0, 18]","[299.0, 24]",294.5,62,7.0,-0.35
07:40:40,"[291.0, 9]","[290.0, 9]","[298.0, 27]","[299.0, 36]",294.5,81,7.0,-0.56
07:40:41,"[294.11, 27]","[291.32, 25]","[298.0, 39]","[299.14, 37]",296.06,128,3.89,-0.19
07:40:42,"[295.0, 36]","[292.0, 120]","[298.0, 36]","[300.0, 12]",296.5,204,3.0,0.53
07:40:43,"[295.0, 39]","[292.0, 143]","[297.0, 57]","[298.22, 27]",296.0,266,2.0,0.37
07:40:44,"[295.0, 48]","[292.0, 176]","[296.21, 56]","[297.08, 50]",295.61,330,1.21,0.36
07:40:45,"[295.0, 57]","[292.24, 87]","[296.0, 39]","[298.6, 20]",295.5,203,1.0,0.42
07:40:46,"[295.0, 59]","[293.0, 36]","[296.0, 36]","[300.0, 48]",295.5,179,1.0,0.06
07:40:47,"[293.2, 20]","[292.08, 72]","[299.2, 30]","[301.62, 26]",296.2,148,6.0,0.24
07:40:48,"[293.0, 30]","[292.0, 110]","[299.75, 32]","[301.59, 34]",296.38,206,6.75,0.36
07:40:49,"[293.0, 48]","[292.0, 176]","[297.12, 32]","[300.0, 50]",295.06,306,4.12,0.46
07:40:50,"[293.0, 38]","[292.0, 176]","[297.58, 38]","[300.79, 52]",295.29,304,4.58,0.41
07:40:51,"[293.0, 6]","[292.0, 66]","[301.0, 24]","[302.0, 18]",297.0,114,8.0,0.26
07:40:52,"[293.0, 11]","[292.0, 60]","[301.0, 34]","[303.3, 37]",297.0,142,8.0,0.0
07:40:53,"[293.0, 11]","[292.0, 55]","[300.07, 43]","[301.88, 51]",296.53,160,7.07,-0.17
07:40:54,"[294.0, 75]","[293.0, 10]","[300.0, 40]","[302.52, 62]",297.0,187,6.0,-0.09
07:40:55,"[294.0, 35]","[293.0, 7]","[300.0, 28]","[303.0, 56]",297.0,126,6.0,-0.33
07:40:56,"[294.0, 32]","[293.0, 12]","[300.0, 48]","[303.0, 96]",297.0,188,6.0,-0.53
07:40:57,"[294.0, 7]","[293.0, 7]","[300.0, 28]","[303.0, 56]",297.0,98,6.0,-0.71
07:40:58,"[294.0, 9]","[293.0, 9]","[300.0, 36]","[303.0, 72]",297.0,126,6.0,-0.71
07:40:59,"[292.5, 8]","[291.2, 5]","[300.0, 20]","[303.0, 40]",296.25,73,7.5,-0.64
07:41:00,"[291.8, 20]","[289.6, 15]","[300.0, 44]","[303.0, 88]",295.9,167,8.2,-0.58
07:41:01,"[291.76, 34]","[289.45, 22]","[300.0, 56]","[303.0, 112]",295.88,224,8.24,-0.5
07:41:02,"[292.45, 66]","[290.86, 21]","[298.93, 45]","[300.0, 60]",295.69,192,6.48,-0.09
07:41:03,"[293.97, 124]","[292.0, 39]","[298.0, 39]","[300.0, 52]",295.98,254,4.03,0.28
07:41:04,"[295.0, 92]","[292.0, 51]","[297.71, 51]","[300.53, 68]",296.35,262,2.71,0.09
07:41:05,"[295.5, 32]","[292.0, 24]","[297.0, 24]","[302.0, 32]",296.25,112,1.5,0.0
07:41:06,"[296.0, 52]","[291.48, 31]","[297.0, 39]","[302.0, 52]",296.5,174,1.0,-0.05
07:41:07,"[296.0, 28]","[292.0, 40]","[299.35, 34]","[303.36, 44]",297.68,146,3.35,-0.07
07:41:08,"[296.0, 8]","[292.0, 32]","[302.0, 32]","[305.0, 40]",299.0,112,6.0,-0.29
07:41:09,"[296.0, 8]","[292.0, 32]","[302.0, 32]","[306.09, 22]",299.0,94,6.0,-0.15
07:41:10,"[296.0, 12]","[292.0, 48]","[302.0, 48]","[307.0, 36]",299.0,144,6.0,-0.17
07:41:11,"[296.0, 9]","[292.0, 36]","[302.0, 36]","[307.0, 27]",299.0,108,6.0,-0.17
07:41:12,"[296.0, 7]","[292.0, 28]","[302.0, 28]","[307.0, 21]",299.0,84,6.0,-0.17
07:41:13,"[296.0, 7]","[292.0, 28]","[301.18, 22]","[302.56, 27]",298.59,84,5.18,-0.17
07:41:14,"[296.0, 12]","[292.0, 48]","[300.33, 36]","[303.0, 48]",298.17,144,4.33,-0.17
07:41:15,"[294.35, 23]","[291.94, 64]","[298.0, 44]","[302.41, 59]",296.17,190,3.65,-0.08
07:41:16,"[292.24, 37]","[291.32, 38]","[295.5, 18]","[303.33, 55]",293.87,148,3.26,0.01
07:41:17,"[293.0, 52]","[292.0, 12]","[294.2, 20]","[301.05, 21]",293.6,105,1.2,0.22
07:41:18,"[292.67, 18]","[291.25, 16]","[294.33, 18]","[299.2, 10]",293.5,62,1.67,0.1
07:41:19,"[292.0, 13]","[291.0, 26]","[294.0, 13]","[305.44, 36]",293.0,88,2.0,-0.11
07:41:20,"[292.0, 4]","[291.0, 8]","[294.0, 4]","[305.0, 8]",293.0,24,2.0,0.0
07:41:21,"[292.0, 23]","[291.0, 26]","[294.0, 13]","[305.0, 26]",293.0,88,2.0,0.11
07:41:22,"[291.27, 11]","[290.25, 24]","[292.56, 9]","[305.0, 18]",291.91,62,1.28,0.13
07:41:23,"[290.05, 22]","[287.2, 10]","[304.94, 17]","[306.23, 26]",297.49,75,14.9,-0.15
07:41:24,"[290.0, 41]","[286.0, 14]","[303.8, 20]","[305.52, 52]",296.9,127,13.8,-0.13
07:41:25,"[290.0, 51]","[286.0, 12]","[302.85, 33]","[303.85, 27]",296.42,123,12.85,0.02
07:41:26,"[286.62, 26]","[282.43, 14]","[301.29, 14]","[302.71, 68]",293.95,122,14.67,-0.34
07:41:27,"[287.85, 26]","[286.0, 11]","[299.36, 11]","[302.0, 77]",293.6,125,11.52,-0.41
07:41:28,"[289.12, 34]","[286.0, 17]","[298.94, 17]","[301.71, 98]",294.03,166,9.82,-0.39
07:41:29,"[287.42, 24]","[285.38, 13]","[297.15, 13]","[300.32, 34]",292.29,84,9.74,-0.12
07:41:30,"[286.83, 36]","[285.5, 12]","[295.5, 12]","[296.5, 12]",291.17,72,8.67,0.33
07:41:31,"[286.0, 9]","[285.0, 9]","[297.76, 21]","[298.47, 17]",291.88,56,11.76,-0.36
07:41:32,"[285.61, 18]","[284.85, 13]","[297.2, 40]","[300.02, 44]",291.41,115,11.59,-0.46
07:41:33,"[285.0, 60]","[283.7, 10]","[297.0, 30]","[301.0, 51]",291.0,151,12.0,-0.07
07:41:34,"[285.0, 54]","[283.0, 9]","[293.97, 29]","[300.5, 48]",289.48,140,8.97,-0.1
07:41:35,"[285.0, 48]","[283.67, 9]","[296.65, 23]","[299.86, 42]",290.83,122,11.65,-0.07
07:41:36,"[285.7, 40]","[284.8, 30]","[296.0, 20]","[297.0, 30]",290.85,120,10.3,0.17
07:41:37,"[290.78, 23]","[287.08, 50]","[295.29, 42]","[296.47, 38]",293.03,153,4.5,-0.05
07:41:38,"[290.0, 22]","[285.8, 25]","[293.45, 33]","[295.2, 30]",291.73,110,3.45,-0.15
07:41:39,"[290.0, 26]","[285.0, 65]","[291.0, 39]","[295.0, 39]",290.5,169,1.0,0.08
07:41:40,"[287.58, 31]","[284.86, 43]","[292.0, 30]","[296.11, 27]",289.79,131,4.42,0.13
07:41:41,"[285.19, 86]","[283.73, 22]","[293.26, 23]","[295.62, 39]",289.22,170,8.07,0.27
07:41:42,"[288.03, 195]","[285.91, 159]","[290.29, 34]","[292.45, 33]",289.16,421,2.26,0.68
07:41:43,"[290.2, 120]","[286.44, 75]","[292.79, 47]","[295.98, 49]",291.49,291,2.59,0.34
07:41:44,"[291.62, 78]","[285.0, 39]","[293.0, 39]","[297.0, 26]",292.31,182,1.38,0.29
07:41:45,"[292.0, 126]","[285.0, 27]","[293.0, 27]","[297.0, 18]",292.5,198,1.0,0.55
07:41:46,"[292.09, 68]","[288.03, 37]","[296.37, 19]","[297.95, 42]",294.23,166,4.28,0.27
07:41:47,"[293.0, 18]","[292.0, 48]","[297.0, 12]","[298.0, 30]",295.0,108,4.0,0.22
07:41:48,"[292.11, 81]","[288.76, 34]","[295.89, 73]","[297.8, 51]",294.0,239,3.78,-0.04
07:41:49,"[292.0, 75]","[285.0, 20]","[294.86, 58]","[297.33, 46]",293.43,199,2.86,-0.05
07:41:50,"[286.71, 49]","[281.7, 20]","[293.0, 32]","[295.62, 32]",289.86,133,6.29,0.04
07:41:51,"[285.62, 64]","[284.54, 52]","[293.0, 24]","[296.0, 24]",289.31,164,7.38,0.41
07:41:52,"[286.18, 55]","[278.67, 45]","[293.0, 22]","[296.0, 22]",289.59,144,6.82,0.39
07:41:53,"[287.58, 59]","[282.51, 41]","[293.0, 26]","[296.0, 26]",290.29,152,5.42,0.32
07:41:54,"[289.0, 60]","[288.0, 24]","[293.0, 24]","[296.0, 24]",291.0,132,4.0,0.27
07:41:55,"[290.33, 45]","[290.1, 67]","[293.0, 28]","[296.75, 40]",291.67,180,2.67,0.24
07:41:56,"[291.71, 34]","[290.12, 40]","[293.0, 18]","[296.0, 27]",292.35,119,1.29,0.24
07:41:57,"[292.11, 57]","[290.67, 108]","[294.84, 32]","[296.82, 61]",293.47,258,2.74,0.28
07:41:58,"[291.69, 52]","[288.76, 58]","[295.72, 29]","[297.49, 47]",293.71,186,4.03,0.18
07:41:59,"[291.0, 36]","[278.0, 16]","[296.0, 24]","[299.12, 40]",293.5,116,5.0,-0.1
07:42:00,"[291.0, 22]","[278.0, 14]","[297.0, 21]","[301.0, 35]",294.0,92,6.0,-0.22
07:42:01,"[291.0, 2]","[278.0, 4]","[297.0, 6]","[301.0, 10]",294.0,22,6.0,-0.45
07:42:02,"[291.0, 12]","[287.91, 110]","[297.0, 36]","[301.0, 60]",294.0,218,6.0,0.12
07:42:03,"[289.78, 45]","[288.05, 76]","[296.71, 21]","[299.94, 34]",293.25,176,6.94,0.38
07:42:04,"[290.85, 129]","[289.43, 105]","[296.0, 30]","[297.0, 45]",293.43,309,5.15,0.51
07:42:05,"[292.78, 170]","[291.38, 80]","[295.87, 30]","[297.67, 45]",294.32,325,3.09,0.54
07:42:06,"[293.0, 99]","[292.0, 45]","[295.0, 18]","[298.78, 27]",294.0,189,2.0,0.52
07:42:07,"[292.96, 126]","[291.54, 65]","[295.24, 25]","[299.53, 38]",294.1,254,2.28,0.5
07:42:08,"[294.0, 90]","[292.0, 50]","[299.4, 30]","[303.0, 50]",296.7,220,5.4,0.27
07:42:09,"[295.0, 81]","[292.0, 45]","[301.0, 27]","[303.0, 45]",298.0,198,6.0,0.27
07:42:10,"[295.0, 47]","[292.0, 35]","[301.43, 23]","[303.03, 31]",298.22,136,6.43,0.21
07:42:11,"[295.0, 25]","[292.0, 25]","[303.0, 25]","[304.0, 5]",299.0,80,8.0,0.25
07:42:12,"[295.0, 34]","[292.0, 40]","[301.91, 22]","[303.06, 32]",298.45,128,6.91,0.16
07:42:13,"[295.0, 26]","[292.0, 65]","[300.08, 26]","[301.34, 29]",297.54,146,5.08,0.25
07:42:14,"[295.0, 10]","[292.0, 25]","[300.0, 10]","[301.0, 10]",297.5,55,5.0,0.27
07:42:15,"[293.64, 22]","[291.81, 32]","[299.29, 21]","[300.38, 16]",296.46,91,5.65,0.19
07:42:16,"[292.0, 45]","[289.0, 9]","[295.88, 17]","[297.48, 31]",293.94,102,3.88,0.06
07:42:17,"[285.78, 18]","[282.54, 26]","[291.71, 17]","[295.81, 16]",288.74,77,5.93,0.14
07:42:18,"[285.71, 28]","[283.88, 32]","[288.03, 31]","[289.31, 39]",286.87,130,2.32,-0.08
07:42:19,"[285.68, 38]","[283.38, 26]","[288.71, 28]","[292.43, 14]",287.2,106,3.03,0.21
07:42:20,"[286.47, 187]","[285.0, 34]","[288.06, 51]","[295.0, 17]",287.26,289,1.59,0.53
07:42:21,"[285.6, 40]","[278.6, 30]","[295.64, 11]","[299.73, 11]",290.62,92,10.04,0.52
07:42:22,"[288.33, 66]","[286.83, 24]","[296.0, 9]","[300.0, 9]",292.17,108,7.67,0.67
07:42:23,"[292.0, 80]","[291.0, 20]","[296.0, 10]","[300.0, 10]",294.0,120,4.0,0.67
07:42:24,"[292.75, 96]","[291.0, 24]","[296.0, 12]","[300.0, 12]",294.38,144,3.25,0.67
07:42:25,"[293.08, 78]","[291.94, 34]","[296.0, 11]","[300.0, 11]",294.54,134,2.92,0.67
07:42:26,"[294.0, 21]","[293.0, 56]","[296.0, 7]","[300.89, 9]",295.0,93,2.0,0.66
07:42:27,"[294.0, 30]","[293.0, 80]","[296.0, 10]","[302.0, 30]",295.0,150,2.0,0.47
07:42:28,"[293.17, 87]","[291.78, 103]","[296.0, 14]","[302.0, 42]",294.59,246,2.83,0.54
07:42:29,"[293.0, 56]","[291.28, 29]","[296.0, 7]","[301.14, 21]",294.5,113,3.0,0.5
07:42:30,"[293.0, 56]","[292.0, 14]","[295.56, 9]","[298.73, 11]",294.28,90,2.56,0.56
07:42:31,"[293.0, 112]","[292.0, 28]","[294.5, 28]","[296.0, 14]",293.75,182,1.5,0.54
07:42:32,"[293.0, 73]","[292.0, 22]","[296.77, 26]","[300.73, 33]",294.88,154,3.77,0.23
07:42:33,"[293.0, 27]","[292.0, 18]","[301.32, 22]","[302.88, 24]",297.16,91,8.32,-0.01
07:42:34,"[293.0, 33]","[292.0, 22]","[302.42, 31]","[303.67, 27]",297.71,113,9.42,-0.03
07:42:35,"[293.0, 36]","[292.0, 24]","[300.83, 60]","[302.9, 39]",296.92,159,7.83,-0.25
07:42:36,"[294.6, 45]","[293.0, 45]","[300.0, 75]","[302.28, 71]",297.3,236,5.4,-0.24
07:42:37,"[294.76, 34]","[292.88, 34]","[298.28, 57]","[299.0, 39]",296.52,164,3.52,-0.17
07:42:38,"[292.7, 40]","[291.4, 70]","[294.29, 91]","[298.76, 92]",293.49,293,1.59,-0.25
07:42:39,"[292.0, 28]","[291.0, 98]","[293.0, 56]","[305.71, 68]",292.5,250,1.0,0.01
07:42:40,"[291.05, 74]","[290.19, 74]","[301.57, 42]","[305.35, 68]",296.31,258,10.52,0.15
07:42:41,"[291.0, 91]","[290.0, 78]","[303.35, 40]","[304.8, 79]",297.18,288,12.35,0.17
07:42:42,"[291.05, 103]","[290.29, 119]","[299.26, 47]","[301.85, 73]",295.15,342,8.21,0.3
07:42:43,"[292.0, 69]","[291.0, 126]","[294.13, 39]","[294.98, 46]",293.06,280,2.13,0.39
07:42:44,"[291.73, 45]","[290.6, 85]","[294.38, 29]","[300.72, 60]",293.06,219,2.65,0.19
07:42:45,"[291.09, 66]","[289.86, 111]","[301.0, 95]","[304.57, 46]",296.05,318,9.91,0.11
07:42:46,"[291.9, 30]","[290.54, 39]","[301.0, 50]","[302.0, 30]",296.45,149,9.1,-0.07
07:42:47,"[290.0, 50]","[289.0, 50]","[301.0, 50]","[302.0, 20]",295.5,170,11.0,0.18
07:42:48,"[290.0, 40]","[289.0, 40]","[301.0, 40]","[302.0, 16]",295.5,136,11.0,0.18
07:42:49,"[290.0, 20]","[289.0, 20]","[301.0, 20]","[302.0, 8]",295.5,68,11.0,0.18
07:42:50,"[290.0, 30]","[289.0, 30]","[301.0, 30]","[302.0, 12]",295.5,102,11.0,0.18
07:42:51,"[290.0, 55]","[289.0, 55]","[301.0, 55]","[302.0, 22]",295.5,187,11.0,0.18
07:42:52,"[290.0, 39]","[289.0, 45]","[301.0, 45]","[302.0, 18]",295.5,147,11.0,0.14
07:42:53,"[290.0, 14]","[289.0, 35]","[301.0, 35]","[302.0, 14]",295.5,98,11.0,0.0
07:42:54,"[290.0, 13]","[289.0, 35]","[301.0, 35]","[302.0, 14]",295.5,97,11.0,-0.01
07:42:55,"[290.78, 9]","[289.29, 21]","[301.0, 45]","[302.0, 18]",295.89,93,10.22,-0.35
07:42:56,"[292.0, 13]","[289.52, 21]","[301.0, 65]","[302.0, 26]",296.5,125,9.0,-0.46
07:42:57,"[293.74, 54]","[289.82, 33]","[300.96, 68]","[301.84, 31]",297.35,186,7.22,-0.06
07:42:58,"[294.14, 49]","[293.71, 49]","[300.0, 42]","[301.0, 42]",297.07,182,5.86,0.08
07:42:59,"[295.0, 9]","[294.0, 54]","[299.11, 27]","[301.0, 18]",297.06,108,4.11,0.17
07:43:00,"[294.08, 59]","[292.5, 48]","[296.25, 28]","[296.97, 30]",295.17,165,2.17,0.3
07:43:01,"[293.64, 33]","[289.52, 31]","[295.0, 11]","[299.0, 24]",294.32,99,1.36,0.29
07:43:02,"[290.0, 16]","[289.0, 80]","[293.53, 38]","[295.18, 68]",291.76,202,3.53,-0.05
07:43:03,"[289.69, 16]","[288.38, 65]","[291.0, 48]","[293.0, 24]",290.34,153,1.31,0.06
07:43:04,"[285.27, 146]","[284.42, 48]","[288.45, 44]","[289.92, 50]",286.86,288,3.18,0.35
07:43:05,"[285.0, 90]","[284.0, 34]","[289.59, 34]","[295.92, 24]",287.29,182,4.59,0.36
07:43:06,"[285.41, 59]","[284.14, 44]","[296.96, 25]","[300.91, 22]",291.18,150,11.55,0.37
07:43:07,"[285.0, 55]","[283.0, 22]","[297.9, 20]","[299.38, 13]",291.45,110,12.9,0.4
07:43:08,"[286.0, 29]","[280.89, 47]","[296.08, 24]","[297.27, 15]",291.04,115,10.08,0.32
07:43:09,"[282.0, 8]","[275.74, 131]","[296.0, 16]","[297.0, 8]",289.0,163,14.0,0.71
07:43:10,"[285.0, 6]","[280.33, 6]","[296.0, 12]","[297.0, 6]",290.5,30,11.0,-0.2
07:43:11,"[285.0, 11]","[280.0, 11]","[296.0, 22]","[297.0, 11]",290.5,55,11.0,-0.2
07:43:12,"[285.0, 13]","[279.08, 13]","[294.55, 20]","[295.54, 26]",289.77,72,9.55,-0.28
07:43:13,"[277.54, 41]","[275.14, 42]","[286.33, 18]","[295.5, 24]",281.93,125,8.8,0.33
07:43:14,"[277.0, 41]","[276.0, 28]","[278.0, 22]","[293.86, 14]",277.5,105,1.0,0.31
07:43:15,"[276.0, 16]","[274.0, 96]","[295.0, 16]","[297.4, 20]",285.5,148,19.0,0.51
07:43:16,"[273.63, 59]","[259.94, 53]","[295.0, 18]","[297.06, 33]",284.31,163,21.37,0.37
07:43:17,"[274.0, 36]","[272.0, 45]","[290.08, 26]","[296.52, 33]",282.04,140,16.08,0.16
07:43:18,"[274.0, 44]","[259.02, 50]","[290.1, 40]","[295.71, 31]",282.05,165,16.1,0.14
07:43:19,"[282.44, 36]","[275.79, 39]","[296.14, 70]","[298.21, 28]",289.29,173,13.7,-0.13
07:43:20,"[282.08, 24]","[276.79, 38]","[295.45, 44]","[296.42, 38]",288.77,144,13.37,-0.14
07:43:21,"[281.0, 28]","[277.0, 56]","[294.12, 26]","[295.21, 48]",287.56,158,13.12,0.06
07:43:22,"[282.35, 31]","[279.7, 33]","[290.25, 16]","[291.25, 16]",286.3,96,7.9,0.33
07:43:23,"[283.36, 42]","[282.87, 46]","[289.94, 18]","[291.0, 18]",286.65,124,6.59,0.42
07:43:24,"[287.74, 19]","[283.89, 27]","[289.53, 15]","[291.84, 19]",288.64,80,1.8,0.15
07:43:25,"[289.17, 30]","[286.41, 34]","[292.44, 25]","[294.44, 50]",290.8,139,3.27,-0.08
07:43:26,"[289.0, 21]","[286.0, 63]","[293.35, 46]","[295.1, 84]",291.17,214,4.35,-0.21
07:43:27,"[291.26, 39]","[290.85, 39]","[295.0, 64]","[296.0, 52]",293.13,194,3.74,-0.2
07:43:28,"[294.0, 10]","[291.0, 40]","[295.0, 40]","[296.0, 20]",294.5,110,1.0,-0.09
07:43:29,"[291.19, 27]","[286.86, 58]","[294.73, 26]","[295.91, 44]",292.96,155,3.55,0.1
07:43:30,"[291.4, 15]","[288.31, 39]","[294.94, 17]","[296.44, 64]",293.17,135,3.54,-0.2
07:43:31,"[292.0, 7]","[291.0, 7]","[296.0, 7]","[297.0, 28]",294.0,49,4.0,-0.43
07:43:32,"[288.4, 15]","[287.4, 15]","[295.78, 9]","[296.93, 30]",292.09,69,7.38,-0.13
07:43:33,"[286.0, 33]","[285.0, 33]","[296.91, 11]","[298.56, 55]",291.45,132,10.91,0.0
07:43:34,"[286.0, 51]","[285.0, 51]","[298.0, 17]","[299.0, 102]",292.0,221,12.0,-0.08
07:43:35,"[286.0, 33]","[285.0, 33]","[298.0, 11]","[299.0, 66]",292.0,143,12.0,-0.08
07:43:36,"[286.0, 24]","[285.0, 24]","[298.0, 8]","[299.0, 48]",292.0,104,12.0,-0.08
07:43:37,"[286.0, 24]","[285.0, 24]","[298.0, 8]","[299.0, 48]",292.0,104,12.0,-0.08
07:43:38,"[285.97, 37]","[284.74, 70]","[297.65, 17]","[298.97, 68]",291.81,192,11.67,0.11
07:43:39,"[282.87, 90]","[280.86, 111]","[296.33, 45]","[298.0, 74]",289.6,320,13.47,0.26
07:43:40,"[285.07, 90]","[283.79, 117]","[295.77, 31]","[297.14, 70]",290.42,308,10.71,0.34
07:43:41,"[286.18, 132]","[284.0, 112]","[294.23, 22]","[296.0, 93]",290.2,359,8.05,0.36
07:43:42,"[288.11, 95]","[286.22, 45]","[293.7, 20]","[296.26, 69]",290.9,229,5.59,0.22
07:43:43,"[290.94, 77]","[288.57, 42]","[294.83, 29]","[296.87, 95]",292.88,243,3.89,-0.02
07:43:44,"[291.97, 140]","[289.97, 106]","[296.59, 59]","[297.69, 52]",294.28,357,4.62,0.38
07:43:45,"[293.19, 106]","[290.67, 99]","[295.45, 20]","[296.94, 48]",294.32,273,2.26,0.5
07:43:46,"[292.64, 84]","[290.0, 154]","[295.86, 42]","[298.5, 70]",294.25,350,3.21,0.36
07:43:47,"[293.0, 78]","[290.0, 143]","[297.07, 55]","[298.98, 51]",295.04,327,4.07,0.35
07:43:48,"[293.0, 14]","[290.0, 154]","[297.87, 46]","[299.18, 61]",295.43,275,4.87,0.22
07:43:49,"[293.67, 24]","[290.13, 92]","[297.0, 12]","[300.0, 58]",295.33,186,3.33,0.25
07:43:50,"[293.8, 25]","[290.25, 60]","[297.0, 10]","[300.0, 90]",295.4,185,3.2,-0.08
07:43:51,"[293.0, 8]","[290.0, 88]","[297.0, 8]","[300.0, 72]",295.0,176,4.0,0.09
07:43:52,"[290.18, 51]","[288.69, 49]","[297.0, 9]","[300.0, 81]",293.59,190,6.82,0.05
07:43:53,"[290.0, 80]","[286.0, 10]","[297.0, 10]","[300.0, 90]",293.5,190,7.0,-0.05
07:43:54,"[290.0, 28]","[286.0, 5]","[297.0, 5]","[300.0, 45]",293.5,83,7.0,-0.2
07:43:55,"[290.0, 43]","[286.0, 11]","[297.0, 11]","[300.0, 99]",293.5,164,7.0,-0.34
07:43:56,"[290.0, 33]","[286.0, 11]","[296.18, 11]","[299.31, 35]",293.09,90,6.18,-0.02
07:43:57,"[290.14, 29]","[287.6, 15]","[293.73, 11]","[297.0, 11]",291.93,66,3.59,0.33
07:43:58,"[285.66, 29]","[282.03, 37]","[292.17, 35]","[299.48, 29]",288.91,130,6.52,0.02
07:43:59,"[278.87, 70]","[277.33, 45]","[289.67, 36]","[291.31, 39]",284.27,190,10.8,0.21
07:44:00,"[279.79, 152]","[278.0, 57]","[286.31, 64]","[287.19, 31]",283.05,304,6.52,0.38
07:44:01,"[280.43, 112]","[279.45, 88]","[282.88, 16]","[284.0, 64]",281.65,280,2.45,0.43
07:44:02,"[282.16, 32]","[280.0, 128]","[288.09, 44]","[292.73, 60]",285.12,264,5.93,0.21
07:44:03,"[285.0, 12]","[280.0, 96]","[292.67, 60]","[294.17, 48]",288.83,216,7.67,0.0
07:44:04,"[280.82, 131]","[276.67, 84]","[292.0, 95]","[295.0, 76]",286.41,386,11.18,0.11
07:44:05,"[281.48, 23]","[280.44, 54]","[292.0, 40]","[295.0, 32]",286.74,149,10.52,0.03
07:44:06,"[284.28, 25]","[281.04, 137]","[289.92, 78]","[294.0, 90]",287.1,330,5.64,-0.02
07:44:07,"[288.62, 37]","[287.94, 107]","[293.31, 80]","[295.64, 66]",290.97,290,4.69,-0.01
07:44:08,"[290.96, 104]","[288.58, 45]","[294.86, 69]","[296.18, 61]",292.91,279,3.89,0.07
07:44:09,"[291.0, 70]","[290.0, 10]","[295.7, 40]","[297.0, 30]",293.35,150,4.7,0.07
07:44:10,"[291.09, 33]","[285.34, 98]","[296.0, 60]","[297.0, 45]",293.55,236,4.91,0.11
07:44:11,"[294.38, 13]","[291.0, 91]","[296.0, 52]","[297.0, 39]",295.19,195,1.62,0.07
07:44:12,"[291.18, 88]","[290.7, 40]","[295.53, 58]","[296.56, 54]",293.36,240,4.35,0.07
07:44:13,"[291.0, 60]","[290.0, 9]","[293.44, 27]","[296.33, 24]",292.22,120,2.44,0.15
07:44:14,"[291.0, 48]","[290.0, 12]","[292.67, 36]","[298.9, 30]",291.83,126,1.67,-0.05
07:44:15,"[290.48, 21]","[289.04, 80]","[297.5, 42]","[300.26, 35]",293.99,178,7.02,0.13
07:44:16,"[289.7, 23]","[288.53, 120]","[299.0, 51]","[301.56, 25]",294.35,219,9.3,0.31
07:44:17,"[289.0, 70]","[282.0, 80]","[299.82, 51]","[301.31, 16]",294.41,217,10.82,0.38
07:44:18,"[289.0, 31]","[282.0, 72]","[300.0, 54]","[303.0, 9]",294.5,166,11.0,0.24
07:44:19,"[289.0, 24]","[282.0, 64]","[300.0, 48]","[303.0, 8]",294.5,144,11.0,0.22
07:44:20,"[285.34, 47]","[281.82, 102]","[300.0, 84]","[303.0, 14]",292.67,247,14.66,0.21
07:44:21,"[285.43, 37]","[284.81, 62]","[294.61, 33]","[297.22, 41]",290.02,173,9.17,0.14
07:44:22,"[286.2, 30]","[285.12, 96]","[294.62, 26]","[300.33, 46]",290.41,198,8.42,0.27
07:44:23,"[286.12, 32]","[285.0, 112]","[299.66, 50]","[300.16, 70]",292.89,264,13.54,0.09
07:44:24,"[294.05, 118]","[285.86, 65]","[298.0, 15]","[299.0, 45]",296.03,243,3.95,0.51
07:44:25,"[295.0, 117]","[293.0, 18]","[298.0, 9]","[299.0, 27]",296.5,171,3.0,0.58
07:44:26,"[295.84, 162]","[294.95, 173]","[297.74, 23]","[299.41, 37]",296.79,395,1.9,0.7
07:44:27,"[296.0, 80]","[295.0, 130]","[299.0, 22]","[300.53, 38]",297.5,270,3.0,0.56
07:44:28,"[296.0, 72]","[294.23, 26]","[299.0, 36]","[301.0, 45]",297.5,179,3.0,0.09
07:44:29,"[296.0, 32]","[295.0, 4]","[299.0, 16]","[301.0, 20]",297.5,72,3.0,0.0
07:44:30,"[296.0, 50]","[295.0, 7]","[299.0, 28]","[301.0, 35]",297.5,120,3.0,-0.05
07:44:31,"[296.0, 66]","[295.0, 11]","[299.0, 44]","[301.0, 55]",297.5,176,3.0,-0.12
07:44:32,"[296.0, 22]","[295.0, 9]","[299.0, 36]","[301.0, 45]",297.5,112,3.0,-0.45
07:44:33,"[296.0, 22]","[295.0, 11]","[299.0, 44]","[301.0, 55]",297.5,132,3.0,-0.5
07:44:34,"[293.0, 18]","[292.0, 45]","[298.66, 35]","[300.82, 44]",295.83,142,5.66,-0.11
07:44:35,"[293.0, 20]","[292.0, 50]","[295.0, 30]","[298.25, 32]",294.0,132,2.0,0.06
07:44:36,"[293.0, 16]","[292.0, 40]","[295.0, 24]","[298.0, 24]",294.0,104,2.0,0.08
07:44:37,"[293.0, 10]","[292.0, 25]","[295.0, 15]","[298.0, 15]",294.0,65,2.0,0.08
07:44:38,"[293.0, 14]","[292.0, 35]","[295.0, 21]","[298.0, 23]",294.0,93,2.0,0.05
07:44:39,"[292.84, 19]","[291.95, 42]","[295.0, 27]","[298.0, 36]",293.92,124,2.16,-0.02
07:44:40,"[291.78, 46]","[290.71, 34]","[294.1, 58]","[295.86, 70]",292.94,208,2.32,-0.23
07:44:41,"[289.17, 24]","[285.9, 29]","[292.22, 36]","[294.5, 56]",290.69,145,3.06,-0.27
07:44:42,"[287.45, 33]","[285.0, 27]","[291.15, 52]","[293.53, 49]",289.3,161,3.7,-0.25
07:44:43,"[283.88, 34]","[282.48, 31]","[290.0, 52]","[297.62, 39]",286.94,156,6.12,-0.17
07:44:44,"[277.62, 24]","[278.25, 32]","[289.88, 50]","[296.29, 51]",283.75,157,12.25,-0.29
07:44:45,"[273.5, 28]","[272.2, 40]","[282.89, 18]","[284.83, 48]",278.19,134,9.39,0.01
07:44:46,"[275.0, 9]","[274.0, 27]","[279.27, 11]","[292.21, 43]",277.14,90,4.27,-0.2
07:44:47,"[275.0, 11]","[274.0, 33]","[280.0, 11]","[294.18, 49]",277.5,104,5.0,-0.15
07:44:48,"[275.0, 9]","[274.0, 27]","[280.0, 9]","[285.0, 18]",277.5,63,5.0,0.14
07:44:49,"[275.0, 33]","[274.0, 39]","[282.78, 18]","[291.1, 41]",278.89,131,7.78,0.1
07:44:50,"[275.0, 14]","[274.0, 46]","[283.92, 52]","[287.94, 34]",279.46,146,8.92,-0.18
07:44:51,"[275.0, 11]","[274.0, 33]","[283.0, 29]","[285.0, 22]",279.0,95,8.0,-0.07
07:44:52,"[275.08, 13]","[274.03, 37]","[280.77, 13]","[285.0, 26]",277.92,89,5.69,0.12
07:44:53,"[275.0, 29]","[273.91, 33]","[285.33, 51]","[288.97, 58]",280.17,171,10.33,-0.27
07:44:54,"[273.55, 31]","[270.6, 15]","[284.97, 59]","[287.76, 55]",279.26,160,11.42,-0.42
07:44:55,"[277.21, 48]","[276.51, 68]","[281.38, 48]","[284.0, 80]",279.29,244,4.17,-0.05
07:44:56,"[277.07, 68]","[273.28, 25]","[283.57, 84]","[287.46, 148]",280.32,325,6.5,-0.43
07:44:57,"[276.26, 46]","[273.7, 10]","[284.0, 40]","[288.0, 80]",280.13,176,7.74,-0.36
07:44:58,"[280.47, 19]","[273.14, 14]","[284.0, 36]","[288.0, 88]",282.24,157,3.53,-0.58
07:44:59,"[283.0, 14]","[273.0, 7]","[286.46, 26]","[288.05, 42]",284.73,89,3.46,-0.53
07:45:00,"[272.47, 30]","[271.23, 22]","[288.0, 96]","[289.0, 12]",280.23,160,15.53,-0.35
07:45:01,"[274.82, 51]","[271.19, 31]","[284.68, 38]","[288.03, 115]",279.75,235,9.86,-0.3
07:45:02,"[276.12, 48]","[270.25, 28]","[278.42, 26]","[287.42, 78]",277.27,180,2.3,-0.16
07:45:03,"[277.0, 33]","[269.43, 21]","[278.0, 43]","[279.0, 11]",277.5,108,1.0,0.0
07:45:04,"[272.15, 13]","[267.28, 25]","[278.0, 24]","[279.0, 9]",275.08,71,5.85,0.07
07:45:05,"[268.0, 8]","[267.0, 24]","[278.0, 16]","[279.0, 8]",273.0,56,10.0,0.14
07:45:06,"[267.84, 19]","[266.71, 51]","[278.0, 34]","[279.0, 17]",272.92,121,10.16,0.16
07:45:07,"[268.89, 133]","[267.08, 101]","[282.66, 58]","[283.66, 29]",275.77,321,13.76,0.46
07:45:08,"[270.69, 91]","[269.28, 83]","[287.0, 70]","[288.0, 39]",278.85,283,16.31,0.23
07:45:09,"[274.33, 112]","[273.22, 105]","[287.0, 68]","[288.0, 51]",280.67,336,12.67,0.29
07:45:10,"[277.33, 108]","[276.11, 88]","[287.0, 72]","[288.0, 42]",282.17,310,9.67,0.26
07:45:11,"[282.34, 56]","[280.68, 44]","[287.0, 48]","[288.0, 24]",284.67,172,4.66,0.16
07:45:12,"[284.38, 65]","[281.0, 39]","[287.0, 47]","[288.0, 26]",285.69,177,2.62,0.18
07:45:13,"[285.32, 66]","[281.44, 55]","[287.17, 46]","[288.45, 44]",286.25,211,1.86,0.15
07:45:14,"[286.24, 51]","[273.97, 29]","[288.0, 24]","[290.53, 85]",287.12,189,1.76,-0.15
07:45:15,"[285.46, 28]","[274.67, 12]","[291.0, 60]","[352.88, 50]",288.23,150,5.54,-0.47
07:45:16,"[273.43, 35]","[272.13, 15]","[286.67, 24]","[290.58, 57]",280.05,131,13.24,-0.24
07:45:17,"[274.53, 38]","[272.85, 41]","[277.18, 22]","[281.16, 37]",275.85,138,2.66,0.14
07:45:18,"[276.0, 20]","[269.4, 10]","[279.0, 20]","[290.3, 50]",277.5,100,3.0,-0.4
07:45:19,"[273.93, 110]","[270.33, 120]","[284.24, 42]","[299.97, 59]",279.08,331,10.31,0.39
07:45:20,"[272.83, 115]","[266.38, 40]","[290.0, 50]","[377.0, 17]",281.41,222,17.17,0.4
07:45:21,"[286.28, 25]","[267.73, 15]","[290.0, 45]","[403.0, 18]",288.14,103,3.72,-0.22
07:45:22,"[277.0, 16]","[268.5, 12]","[289.0, 57]","[322.71, 51]",283.0,136,12.0,-0.59
07:45:23,"[271.0, 11]","[268.0, 11]","[286.89, 73]","[288.44, 50]",278.95,145,15.89,-0.7
07:45:24,"[271.0, 11]","[268.0, 11]","[278.24, 58]","[286.06, 123]",274.62,203,7.24,-0.78
07:45:25,"[269.25, 12]","[267.09, 54]","[277.0, 60]","[284.94, 99]",273.12,225,7.75,-0.41
07:45:26,"[269.33, 15]","[267.01, 71]","[277.0, 35]","[279.0, 33]",273.17,154,7.67,0.12
07:45:27,"[272.0, 25]","[268.0, 5]","[277.0, 5]","[279.0, 15]",274.5,50,5.0,0.2
07:45:28,"[272.0, 50]","[267.09, 44]","[279.31, 39]","[280.6, 30]",275.65,163,7.31,0.15
07:45:29,"[274.67, 45]","[268.63, 46]","[286.0, 45]","[287.0, 27]",280.33,163,11.33,0.12
07:45:30,"[269.53, 38]","[268.44, 63]","[284.93, 59]","[286.67, 45]",277.23,205,15.41,-0.01
07:45:31,"[272.0, 57]","[271.0, 32]","[279.0, 48]","[286.0, 80]",275.5,217,7.0,-0.18
07:45:32,"[272.67, 21]","[271.95, 37]","[281.5, 28]","[286.35, 46]",277.08,132,8.83,-0.12
07:45:33,"[274.4, 25]","[272.08, 52]","[285.67, 45]","[286.7, 69]",280.03,191,11.27,-0.19
07:45:34,"[276.0, 40]","[274.0, 16]","[285.0, 20]","[286.0, 49]",280.5,125,9.0,-0.1
07:45:35,"[278.55, 22]","[276.12, 34]","[285.72, 29]","[286.09, 70]",282.13,155,7.18,-0.28
07:45:36,"[280.67, 18]","[279.56, 18]","[286.0, 63]","[287.0, 18]",283.33,117,5.33,-0.38
07:45:37,"[281.08, 24]","[280.08, 24]","[284.35, 40]","[286.03, 79]",282.72,167,3.27,-0.43
07:45:38,"[282.87, 30]","[281.87, 30]","[284.0, 37]","[285.88, 96]",283.43,193,1.13,-0.38
07:45:39,"[282.5, 16]","[272.0, 56]","[285.0, 32]","[286.0, 24]",283.75,128,2.5,0.12
07:45:40,"[275.72, 43]","[273.61, 41]","[285.0, 26]","[286.0, 30]",280.36,140,9.28,0.2
07:45:41,"[276.94, 17]","[275.0, 157]","[279.83, 48]","[288.13, 39]",278.39,261,2.89,0.33
07:45:42,"[275.88, 81]","[274.95, 151]","[279.0, 41]","[288.47, 34]",277.44,307,3.12,0.51
07:45:43,"[275.89, 97]","[273.38, 130]","[279.0, 30]","[280.0, 30]",277.44,287,3.11,0.58
07:45:44,"[276.0, 60]","[268.02, 63]","[282.33, 12]","[287.2, 20]",279.17,155,6.33,0.59
07:45:45,"[277.64, 84]","[276.03, 89]","[283.18, 55]","[287.45, 29]",280.41,257,5.54,0.35
07:45:46,"[279.0, 45]","[278.0, 90]","[282.24, 51]","[283.23, 39]",280.62,225,3.24,0.2
07:45:47,"[279.81, 48]","[277.85, 46]","[282.36, 22]","[284.93, 54]",281.09,170,2.55,0.11
07:45:48,"[281.11, 27]","[280.11, 27]","[284.91, 33]","[287.67, 45]",283.01,132,3.8,-0.18
07:45:49,"[282.29, 42]","[281.29, 42]","[285.0, 114]","[289.0, 70]",283.64,268,2.71,-0.37
07:45:50,"[283.92, 39]","[276.53, 19]","[285.0, 87]","[289.0, 65]",284.46,210,1.08,-0.45
07:45:51,"[284.0, 18]","[277.45, 11]","[285.0, 36]","[289.0, 30]",284.5,95,1.0,-0.39
07:45:52,"[279.22, 23]","[275.27, 11]","[285.0, 27]","[289.0, 40]",282.11,101,5.78,-0.33
07:45:53,"[279.08, 60]","[274.74, 35]","[285.0, 36]","[288.25, 60]",282.04,191,5.92,-0.01
07:45:54,"[280.62, 42]","[274.0, 80]","[287.81, 48]","[289.28, 76]",284.22,246,7.19,-0.01
07:45:55,"[282.55, 22]","[281.0, 22]","[288.0, 33]","[290.0, 54]",285.27,131,5.45,-0.33
07:45:56,"[283.23, 30]","[278.52, 31]","[288.0, 51]","[290.0, 102]",285.62,214,4.77,-0.43
07:45:57,"[286.65, 26]","[278.06, 35]","[288.0, 42]","[290.0, 102]",287.33,205,1.35,-0.4
07:45:58,"[276.14, 42]","[274.17, 47]","[289.27, 44]","[295.41, 59]",282.71,192,13.13,-0.07
07:45:59,"[276.74, 35]","[276.22, 64]","[287.33, 27]","[288.83, 54]",282.04,180,10.59,0.1
07:46:00,"[278.67, 30]","[277.11, 45]","[285.8, 30]","[287.43, 21]",282.23,126,7.13,0.19
07:46:01,"[279.37, 35]","[277.2, 30]","[282.55, 71]","[286.65, 49]",280.96,185,3.18,-0.3
07:46:02,"[275.95, 41]","[273.93, 28]","[283.48, 29]","[290.83, 48]",279.72,146,7.53,-0.05
07:46:03,"[274.17, 90]","[272.15, 26]","[278.56, 27]","[281.35, 34]",276.36,177,4.39,0.31
07:46:04,"[274.0, 34]","[272.37, 19]","[279.0, 14]","[284.0, 14]",276.5,81,5.0,0.31
07:46:05,"[273.0, 40]","[267.0, 8]","[279.0, 37]","[284.0, 16]",276.0,101,6.0,-0.05
07:46:06,"[272.64, 33]","[266.9, 21]","[279.0, 65]","[284.0, 26]",275.82,145,6.36,-0.26
07:46:07,"[273.83, 36]","[269.5, 12]","[279.0, 60]","[284.0, 24]",276.42,132,5.17,-0.27
07:46:08,"[275.0, 39]","[269.54, 13]","[277.9, 29]","[279.77, 26]",276.45,107,2.9,-0.03
07:46:09,"[275.0, 21]","[270.14, 7]","[277.0, 14]","[279.0, 14]",276.0,56,2.0,0.0
07:46:10,"[275.77, 26]","[274.69, 32]","[277.0, 24]","[279.0, 24]",276.38,106,1.23,0.09
07:46:11,"[273.88, 41]","[271.36, 39]","[281.19, 32]","[284.71, 63]",277.53,175,7.31,-0.09
07:46:12,"[269.69, 26]","[268.95, 81]","[281.61, 23]","[286.12, 51]",275.65,181,11.92,0.18
07:46:13,"[272.58, 24]","[269.43, 42]","[284.0, 24]","[289.0, 72]",278.29,162,11.42,-0.19
07:46:14,"[273.65, 20]","[272.86, 28]","[284.0, 24]","[285.0, 24]",278.82,96,10.35,0.0
07:46:15,"[278.19, 37]","[277.0, 15]","[284.0, 26]","[285.0, 26]",281.09,104,5.81,0.0
07:46:16,"[280.24, 29]","[279.8, 15]","[284.0, 22]","[285.0, 22]",282.12,88,3.76,0.0
07:46:17,"[283.14, 14]","[278.59, 32]","[284.57, 28]","[287.94, 64]",283.86,138,1.43,-0.33
07:46:18,"[283.55, 11]","[277.09, 11]","[287.81, 31]","[302.4, 55]",285.68,108,4.26,-0.59
07:46:19,"[283.8, 10]","[270.64, 11]","[285.0, 10]","[288.0, 30]",284.4,61,1.2,-0.31
07:46:20,"[279.0, 16]","[272.93, 28]","[286.8, 20]","[288.14, 28]",282.9,92,7.8,-0.04
07:46:21,"[275.86, 14]","[272.2, 10]","[289.5, 24]","[324.62, 16]",282.68,64,13.64,-0.25
07:46:22,"[282.5, 20]","[277.06, 17]","[330.43, 42]","[371.65, 34]",306.46,113,47.93,-0.35
07:46:23,"[282.0, 40]","[281.0, 8]","[318.72, 36]","[328.53, 32]",300.36,116,36.72,-0.17
07:46:24,"[281.94, 16]","[280.2, 5]","[284.0, 4]","[286.0, 20]",282.97,45,2.06,-0.07
07:46:25,"[281.95, 38]","[280.38, 13]","[294.44, 43]","[353.8, 50]",288.19,144,12.49,-0.29
07:46:26,"[282.0, 30]","[281.0, 12]","[326.79, 39]","[370.89, 35]",304.4,116,44.79,-0.28
07:46:27,"[291.0, 30]","[283.6, 5]","[318.8, 20]","[321.0, 10]",304.9,65,27.8,0.08
07:46:28,"[292.43, 84]","[290.19, 37]","[318.0, 52]","[593.73, 41]",305.21,214,25.57,0.13
07:46:29,"[293.1, 58]","[291.0, 32]","[317.5, 32]","[385.21, 28]",305.3,150,24.4,0.2
07:46:30,"[294.71, 42]","[291.25, 16]","[316.71, 28]","[511.0, 21]",305.71,107,22.0,0.08
07:46:31,"[295.12, 24]","[293.8, 15]","[315.33, 36]","[392.49, 39]",305.23,114,20.21,-0.32
07:46:32,"[296.0, 10]","[295.0, 30]","[313.8, 40]","[344.06, 34]",304.9,114,17.8,-0.3
07:46:33,"[296.0, 24]","[295.0, 27]","[312.56, 36]","[328.84, 31]",304.28,118,16.56,-0.14
07:46:34,"[295.78, 41]","[294.33, 36]","[311.91, 44]","[340.67, 45]",303.84,166,16.13,-0.07
07:46:35,"[295.0, 20]","[293.0, 40]","[310.0, 40]","[371.21, 38]",302.5,138,15.0,-0.13
07:46:36,"[295.0, 11]","[293.0, 44]","[307.91, 44]","[451.19, 31]",301.45,130,12.91,-0.15
07:46:37,"[295.0, 7]","[293.0, 34]","[306.0, 28]","[391.0, 7]",300.5,76,11.0,0.08
07:46:38,"[292.74, 19]","[291.97, 70]","[306.0, 52]","[391.0, 13]",299.37,154,13.26,0.16
07:46:39,"[292.0, 39]","[291.0, 52]","[304.63, 49]","[337.0, 24]",298.32,164,12.63,0.11
07:46:40,"[293.21, 14]","[291.89, 37]","[301.21, 47]","[302.56, 45]",297.21,143,8.0,-0.29
07:46:41,"[294.0, 13]","[292.0, 39]","[300.15, 65]","[302.0, 52]",297.08,169,6.15,-0.38
07:46:42,"[294.0, 11]","[292.0, 33]","[298.32, 44]","[299.63, 51]",296.16,139,4.32,-0.37
07:46:43,"[291.72, 54]","[288.22, 166]","[294.66, 50]","[295.65, 80]",293.19,350,2.94,0.26
07:46:44,"[287.16, 50]","[286.18, 22]","[291.38, 8]","[294.82, 17]",289.27,97,4.21,0.48
07:46:45,"[287.0, 96]","[284.0, 12]","[289.92, 12]","[291.83, 12]",288.46,132,2.92,0.64
07:46:46,"[287.0, 85]","[284.0, 12]","[295.38, 39]","[327.6, 15]",291.19,151,8.38,0.28
07:46:47,"[287.0, 112]","[284.0, 8]","[295.8, 20]","[324.9, 20]",291.4,160,8.8,0.5
07:46:48,"[287.89, 36]","[286.95, 114]","[294.8, 10]","[296.0, 40]",291.34,200,6.91,0.5
07:46:49,"[287.31, 91]","[286.83, 104]","[293.46, 13]","[296.0, 52]",290.38,260,6.15,0.5
07:46:50,"[288.48, 29]","[286.81, 123]","[292.22, 36]","[320.53, 32]",290.35,220,3.74,0.38
07:46:51,"[287.0, 101]","[282.0, 13]","[290.31, 13]","[370.62, 13]",288.65,140,3.31,0.63
07:46:52,"[287.0, 46]","[282.0, 10]","[288.0, 10]","[291.38, 13]",287.5,79,1.0,0.42
07:46:53,"[287.0, 22]","[282.75, 8]","[288.0, 8]","[290.0, 32]",287.5,70,1.0,-0.14
07:46:54,"[287.0, 22]","[284.0, 11]","[288.0, 18]","[290.0, 44]",287.5,95,1.0,-0.31
07:46:55,"[287.0, 24]","[281.38, 40]","[289.96, 45]","[497.27, 15]",288.48,124,2.96,0.03
07:46:56,"[287.0, 20]","[281.27, 44]","[290.0, 40]","[424.5, 10]",288.5,114,3.0,0.12
07:46:57,"[287.0, 16]","[284.0, 16]","[290.0, 32]","[302.0, 40]",288.5,104,3.0,-0.38
07:46:58,"[287.8, 15]","[286.54, 26]","[290.0, 39]","[302.0, 65]",288.9,145,2.2,-0.43
07:46:59,"[284.0, 14]","[279.25, 16]","[290.0, 20]","[302.0, 50]",287.0,100,6.0,-0.4
07:47:00,"[279.21, 14]","[277.2, 61]","[288.0, 18]","[295.4, 40]",283.61,133,8.79,0.13
07:47:01,"[279.0, 12]","[277.0, 60]","[280.63, 35]","[292.3, 27]",279.81,134,1.63,0.07
07:47:02,"[279.36, 14]","[277.1, 58]","[292.64, 53]","[342.85, 59]",286.0,184,13.28,-0.22
07:47:03,"[277.63, 73]","[259.72, 103]","[293.09, 77]","[308.07, 75]",285.36,328,15.46,0.07
07:47:04,"[284.95, 22]","[280.29, 103]","[293.77, 65]","[352.79, 28]",289.36,218,8.81,0.15
07:47:05,"[293.86, 44]","[286.23, 71]","[309.24, 49]","[440.05, 42]",301.55,206,15.38,0.12
07:47:06,"[295.33, 72]","[294.11, 28]","[338.75, 12]","[521.95, 38]",317.04,150,43.42,0.33
07:47:07,"[296.92, 78]","[295.0, 13]","[466.27, 22]","[529.65, 46]",381.6,159,169.35,0.14
07:47:08,"[297.0, 28]","[295.0, 7]","[402.86, 7]","[561.65, 23]",349.93,65,105.86,0.08
07:47:09,"[297.0, 48]","[295.0, 12]","[530.68, 28]","[557.24, 41]",413.84,129,233.68,-0.07
07:47:10,"[297.0, 48]","[295.0, 12]","[526.12, 25]","[537.56, 34]",411.56,119,229.12,0.01
07:47:11,"[297.0, 52]","[295.0, 13]","[345.37, 41]","[398.8, 45]",321.18,151,48.37,-0.14
07:47:12,"[297.0, 30]","[295.0, 10]","[331.2, 30]","[382.2, 50]",314.1,120,34.2,-0.33
07:47:13,"[297.0, 12]","[295.0, 6]","[329.67, 6]","[331.0, 18]",313.33,42,32.67,-0.14
07:47:14,"[296.47, 19]","[294.41, 17]","[327.22, 32]","[329.75, 16]",311.85,84,30.75,-0.14
07:47:15,"[295.0, 15]","[294.0, 30]","[320.1, 40]","[324.04, 47]",307.55,132,25.1,-0.32
07:47:16,"[293.36, 55]","[292.8, 50]","[320.0, 37]","[322.29, 31]",306.68,173,26.64,0.21
07:47:17,"[293.0, 131]","[292.0, 90]","[316.32, 31]","[317.63, 41]",304.66,293,23.32,0.51
07:47:18,"[293.0, 143]","[292.0, 110]","[311.37, 41]","[312.74, 39]",302.18,333,18.37,0.52
07:47:19,"[293.0, 161]","[292.0, 130]","[309.6, 45]","[310.19, 47]",301.3,383,16.6,0.52
07:47:20,"[293.0, 103]","[292.0, 110]","[306.34, 47]","[306.42, 19]",299.67,279,13.34,0.53
07:47:21,"[293.0, 87]","[292.0, 110]","[300.91, 35]","[302.31, 35]",296.96,267,7.91,0.48
07:47:22,"[293.0, 84]","[292.0, 140]","[297.5, 14]","[298.75, 28]",295.25,266,4.5,0.68
07:47:23,"[293.0, 84]","[292.0, 150]","[294.58, 43]","[295.74, 23]",293.79,300,1.58,0.56
07:47:24,"[292.06, 95]","[287.84, 119]","[293.86, 21]","[295.13, 15]",292.96,250,1.79,0.71
07:47:25,"[292.0, 70]","[288.68, 19]","[293.14, 29]","[319.4, 25]",292.57,143,1.14,0.24
07:47:26,"[292.78, 45]","[291.67, 15]","[294.0, 10]","[413.4, 50]",293.39,120,1.22,0.0
07:47:27,"[293.0, 27]","[292.0, 16]","[523.82, 28]","[564.12, 40]",408.41,111,230.82,-0.23
07:47:28,"[291.0, 7]","[287.0, 77]","[539.71, 35]","[616.71, 35]",415.36,154,248.71,0.09
07:47:29,"[291.0, 10]","[287.21, 56]","[433.83, 48]","[485.33, 30]",362.42,144,142.83,-0.08
07:47:30,"[287.0, 100]","[285.56, 36]","[383.0, 40]","[681.6, 50]",335.0,226,96.0,0.2
07:47:31,"[287.0, 60]","[286.0, 24]","[379.67, 24]","[677.67, 30]",333.33,138,92.67,0.22
07:47:32,"[287.0, 100]","[286.0, 40]","[433.6, 40]","[695.0, 50]",360.3,230,146.6,0.22
07:47:33,"[288.06, 34]","[286.45, 22]","[659.67, 18]","[683.0, 18]",473.86,92,371.61,0.22
07:47:34,"[296.0, 32]","[288.15, 26]","[461.25, 32]","[587.38, 37]",378.62,127,165.25,-0.09
07:47:35,"[296.0, 28]","[292.0, 7]","[459.43, 28]","[630.13, 31]",377.71,94,163.43,-0.26
07:47:36,"[296.0, 28]","[292.0, 7]","[472.14, 28]","[604.57, 35]",384.07,98,176.14,-0.29
07:47:37,"[296.0, 52]","[292.0, 13]","[487.37, 46]","[560.08, 50]",391.68,161,191.37,-0.19
07:47:38,"[296.0, 40]","[294.08, 38]","[363.26, 46]","[405.89, 36]",329.63,160,67.26,-0.03
07:47:39,"[296.0, 20]","[295.0, 11]","[309.0, 55]","[317.82, 44]",302.5,130,13.0,-0.52
07:47:40,"[295.7, 10]","[294.32, 22]","[309.0, 50]","[392.79, 38]",302.35,120,13.3,-0.47
07:47:41,"[295.0, 10]","[294.0, 50]","[308.43, 46]","[349.89, 47]",301.72,153,13.43,-0.22
07:47:42,"[295.0, 11]","[294.0, 55]","[306.04, 54]","[307.67, 45]",300.52,165,11.04,-0.2
07:47:43,"[295.32, 37]","[293.78, 41]","[302.11, 36]","[303.52, 42]",298.72,156,6.79,0.0
07:47:44,"[294.13, 45]","[292.3, 20]","[297.52, 23]","[298.32, 31]",295.83,119,3.39,0.09
07:47:45,"[293.5, 20]","[290.93, 28]","[296.24, 34]","[302.71, 84]",294.87,166,2.74,-0.42
07:47:46,"[291.2, 15]","[289.74, 31]","[293.36, 25]","[299.64, 44]",292.28,115,2.16,-0.2
07:47:47,"[290.5, 16]","[288.78, 36]","[292.0, 60]","[293.0, 24]",291.25,136,1.5,-0.24
07:47:48,"[287.98, 47]","[287.62, 32]","[292.11, 73]","[301.84, 38]",290.04,190,4.13,-0.17
07:47:49,"[286.94, 69]","[282.5, 36]","[290.36, 50]","[291.17, 41]",288.65,196,3.42,0.07
07:47:50,"[280.78, 36]","[270.42, 62]","[287.95, 42]","[305.48, 25]",284.37,165,7.17,0.19
07:47:51,"[281.88, 25]","[277.55, 51]","[288.67, 46]","[316.0, 13]",285.28,135,6.79,0.13
07:47:52,"[283.26, 46]","[276.32, 47]","[290.71, 42]","[295.93, 14]",286.99,149,7.45,0.25
07:47:53,"[282.0, 52]","[275.16, 38]","[284.0, 45]","[285.76, 59]",283.0,194,2.0,-0.07
07:47:54,"[282.0, 48]","[276.71, 28]","[285.0, 54]","[298.77, 13]",283.5,143,3.0,0.06
07:47:55,"[282.0, 29]","[275.0, 27]","[285.0, 27]","[292.0, 18]",283.5,101,3.0,0.11
07:47:56,"[282.19, 26]","[277.92, 36]","[289.8, 15]","[292.87, 23]",286.0,100,7.61,0.24
07:47:57,"[287.0, 12]","[281.92, 24]","[291.71, 21]","[296.8, 15]",289.36,72,4.71,0.0
07:47:58,"[292.48, 25]","[290.52, 48]","[298.86, 14]","[458.94, 31]",295.67,118,6.38,0.24
07:47:59,"[293.0, 18]","[292.0, 45]","[299.73, 11]","[454.3, 30]",296.36,104,6.73,0.21
07:48:00,"[293.98, 82]","[292.86, 37]","[298.0, 29]","[299.23, 35]",295.99,183,4.02,0.3
07:48:01,"[294.0, 34]","[293.0, 26]","[302.69, 13]","[376.36, 33]",298.35,106,8.69,0.13
07:48:02,"[294.0, 7]","[293.0, 14]","[305.0, 7]","[321.0, 21]",299.5,49,11.0,-0.14
07:48:03,"[292.38, 26]","[292.05, 19]","[305.0, 14]","[321.0, 42]",298.69,101,12.62,-0.11
07:48:04,"[292.0, 5]","[291.0, 5]","[305.0, 5]","[472.8, 5]",298.5,20,13.0,0.0
07:48:05,"[292.0, 9]","[291.0, 9]","[303.47, 17]","[332.22, 9]",297.74,44,11.47,-0.18
07:48:06,"[286.91, 11]","[286.71, 7]","[303.0, 10]","[315.18, 11]",294.95,39,16.09,-0.08
07:48:07,"[284.0, 42]","[281.0, 18]","[297.33, 12]","[304.5, 16]",290.67,88,13.33,0.36
07:48:08,"[284.24, 37]","[282.91, 33]","[286.0, 14]","[303.0, 14]",285.12,98,1.76,0.43
07:48:09,"[284.42, 45]","[283.66, 47]","[297.4, 35]","[360.94, 16]",290.91,143,12.98,0.29
07:48:10,"[287.0, 36]","[284.0, 72]","[303.95, 42]","[322.29, 31]",295.48,181,16.95,0.19
07:48:11,"[287.0, 15]","[284.0, 19]","[291.86, 14]","[301.0, 11]",289.43,59,4.86,0.15
07:48:12,"[287.0, 36]","[284.0, 36]","[289.67, 48]","[297.5, 16]",288.33,136,2.67,0.06
07:48:13,"[287.0, 30]","[284.0, 30]","[288.11, 38]","[305.0, 30]",287.55,128,1.11,-0.06
07:48:14,"[287.0, 21]","[284.0, 39]","[298.64, 45]","[391.13, 47]",292.82,152,11.64,-0.21
07:48:15,"[288.67, 92]","[284.52, 23]","[299.0, 60]","[301.0, 36]",293.84,211,10.33,0.09
07:48:16,"[292.04, 142]","[288.91, 88]","[299.0, 90]","[301.0, 54]",295.52,374,6.96,0.23
07:48:17,"[293.44, 54]","[290.78, 54]","[299.0, 45]","[301.0, 27]",296.22,180,5.56,0.2
07:48:18,"[295.0, 60]","[293.0, 60]","[299.0, 50]","[301.0, 30]",297.0,200,4.0,0.2
07:48:19,"[295.53, 90]","[293.0, 90]","[299.0, 75]","[301.0, 45]",297.27,300,3.47,0.2
07:48:20,"[296.0, 21]","[293.0, 42]","[299.0, 35]","[301.0, 21]",297.5,119,3.0,0.06
07:48:21,"[294.18, 51]","[292.25, 48]","[298.69, 65]","[300.04, 52]",296.43,216,4.52,-0.08
07:48:22,"[293.0, 36]","[291.0, 24]","[296.42, 48]","[299.0, 60]",294.71,168,3.42,-0.29
07:48:23,"[293.35, 46]","[292.19, 21]","[295.33, 60]","[299.07, 75]",294.34,202,1.99,-0.34
07:48:24,"[292.71, 14]","[291.38, 13]","[294.53, 15]","[298.57, 42]",293.62,84,1.82,-0.36
07:48:25,"[291.5, 16]","[290.2, 20]","[298.04, 28]","[300.69, 52]",294.77,116,6.54,-0.38
07:48:26,"[291.0, 20]","[287.0, 10]","[299.71, 35]","[302.25, 40]",295.36,105,8.71,-0.43
07:48:27,"[291.0, 16]","[287.0, 8]","[298.5, 16]","[300.0, 40]",294.75,80,7.5,-0.4
07:48:28,"[291.67, 21]","[290.0, 24]","[298.0, 30]","[299.0, 75]",294.83,150,6.33,-0.4
07:48:29,"[293.54, 13]","[288.88, 17]","[296.74, 38]","[298.35, 49]",295.14,117,3.2,-0.49
07:48:30,"[292.17, 48]","[288.9, 21]","[296.07, 27]","[297.55, 73]",294.12,169,3.91,-0.18
07:48:31,"[292.0, 28]","[287.0, 7]","[294.14, 7]","[297.0, 35]",293.07,77,2.14,-0.09
07:48:32,"[290.67, 30]","[290.9, 39]","[296.55, 47]","[299.57, 67]",293.61,183,5.89,-0.25
07:48:33,"[284.93, 45]","[283.07, 14]","[296.05, 40]","[299.73, 44]",290.49,143,11.12,-0.17
07:48:34,"[285.8, 20]","[284.15, 33]","[293.72, 50]","[295.33, 36]",289.76,139,7.92,-0.24
07:48:35,"[287.36, 14]","[283.79, 14]","[292.92, 38]","[298.15, 52]",290.14,118,5.56,-0.53
07:48:36,"[282.53, 47]","[279.57, 21]","[291.41, 51]","[299.18, 57]",286.97,176,8.88,-0.23
07:48:37,"[283.0, 45]","[278.0, 21]","[290.16, 57]","[293.65, 51]",286.58,174,7.16,-0.24
07:48:38,"[282.24, 46]","[277.24, 45]","[285.57, 77]","[288.86, 71]",283.91,239,3.33,-0.24
07:48:39,"[277.22, 9]","[276.02, 93]","[284.17, 29]","[285.74, 19]",280.7,150,6.95,0.36
07:48:40,"[276.82, 146]","[275.96, 111]","[285.0, 48]","[287.0, 36]",280.91,341,8.18,0.51
07:48:41,"[277.0, 72]","[276.0, 60]","[285.0, 18]","[287.0, 18]",281.0,168,8.0,0.57
07:48:42,"[277.0, 144]","[275.9, 84]","[285.0, 36]","[287.0, 36]",281.0,300,8.0,0.52
07:48:43,"[277.0, 108]","[274.0, 9]","[285.0, 27]","[287.0, 27]",281.0,171,8.0,0.37
07:48:44,"[277.0, 48]","[273.17, 6]","[285.0, 18]","[287.0, 18]",281.0,90,8.0,0.2
07:48:45,"[277.0, 80]","[273.0, 10]","[286.36, 22]","[293.88, 40]",281.68,152,9.36,0.18
07:48:46,"[277.68, 38]","[276.9, 115]","[285.8, 71]","[292.0, 77]",281.74,301,8.12,0.02
07:48:47,"[281.27, 151]","[280.14, 88]","[285.0, 110]","[287.0, 108]",283.14,457,3.73,0.05
07:48:48,"[284.01, 86]","[283.42, 74]","[287.78, 45]","[291.27, 74]",285.89,279,3.77,0.15
07:48:49,"[288.62, 21]","[286.04, 77]","[295.4, 20]","[296.86, 56]",292.01,174,6.78,0.13
07:48:50,"[294.0, 18]","[292.33, 24]","[296.0, 14]","[298.0, 56]",295.0,112,2.0,-0.25
07:48:51,"[293.67, 24]","[292.33, 48]","[297.0, 34]","[298.73, 60]",295.33,166,3.33,-0.13
07:48:52,"[293.0, 20]","[292.0, 40]","[296.0, 30]","[298.4, 40]",294.5,130,3.0,-0.08
07:48:53,"[292.64, 22]","[287.52, 62]","[294.23, 39]","[299.38, 32]",293.43,155,1.59,0.08
07:48:54,"[292.0, 48]","[280.0, 122]","[293.97, 36]","[295.43, 42]",292.99,248,1.97,0.37
07:48:55,"[293.58, 101]","[287.5, 64]","[295.0, 65]","[299.0, 26]",294.29,256,1.42,0.29
07:48:56,"[292.76, 42]","[281.5, 64]","[299.59, 34]","[375.41, 17]",296.18,157,6.83,0.35
07:48:57,"[285.9, 63]","[284.59, 34]","[325.58, 55]","[633.68, 25]",305.74,177,39.68,0.1
07:48:58,"[279.0, 52]","[276.0, 27]","[303.0, 33]","[632.06, 16]",291.0,128,24.0,0.23
