Time,Bid1,Bid2,Ask1,Ask2,Mid-Price,Total_volume,Bid_ask_spread,Order_imbalance
07:30:00,"[0, 0]","[0, 0]","[451.0, 4]","[0, 0]",225.5,4,451.0,-1.0
07:30:01,"[277.0, 1]","[0, 0]","[451.0, 4]","[0, 0]",364.0,5,174.0,-0.6
07:30:02,"[277.0, 1]","[274.0, 4]","[451.0, 4]","[0, 0]",364.0,9,174.0,0.11
07:30:03,"[277.0, 2]","[156.5, 8]","[451.0, 8]","[0, 0]",364.0,18,174.0,0.11
07:30:04,"[344.38, 13]","[264.71, 7]","[451.0, 16]","[0, 0]",397.69,36,106.62,0.11
07:30:05,"[359.0, 22]","[346.58, 12]","[449.83, 24]","[451.0, 4]",404.42,62,90.83,0.1
07:30:06,"[365.0, 8]","[348.0, 5]","[438.6, 20]","[446.8, 20]",401.8,53,73.6,-0.51
07:30:07,"[365.0, 6]","[348.0, 6]","[427.0, 24]","[435.0, 24]",396.0,60,62.0,-0.6
07:30:08,"[366.67, 36]","[365.64, 22]","[426.82, 34]","[433.22, 36]",396.75,128,60.16,-0.09
07:30:09,"[368.18, 17]","[366.32, 62]","[424.5, 24]","[427.0, 32]",396.34,135,56.32,0.17
07:30:10,"[371.0, 6]","[367.0, 24]","[417.05, 21]","[420.0, 21]",394.02,72,46.05,-0.17
07:30:11,"[371.0, 5]","[367.0, 12]","[409.33, 12]","[415.2, 10]",390.17,39,38.33,-0.13
07:30:12,"[372.89, 38]","[370.43, 28]","[399.27, 49]","[402.59, 41]",386.08,156,26.37,-0.15
07:30:13,"[373.0, 21]","[371.0, 14]","[393.43, 21]","[395.23, 26]",383.21,82,20.43,-0.15
07:30:14,"[373.0, 36]","[371.97, 68]","[388.62, 48]","[390.65, 51]",380.81,203,15.62,0.02
07:30:15,"[372.5, 36]","[371.8, 45]","[385.44, 27]","[387.0, 36]",378.97,144,12.94,0.12
07:30:16,"[371.7, 40]","[368.9, 61]","[384.67, 45]","[387.0, 60]",378.18,206,12.97,-0.02
07:30:17,"[371.0, 15]","[368.83, 46]","[379.26, 39]","[381.56, 43]",375.13,143,8.26,-0.15
07:30:18,"[370.22, 23]","[368.56, 54]","[374.37, 54]","[375.15, 53]",372.29,184,4.15,-0.16
07:30:19,"[367.82, 34]","[366.31, 102]","[370.0, 33]","[373.27, 44]",368.91,213,2.18,0.28
07:30:20,"[367.0, 24]","[366.0, 84]","[370.0, 12]","[376.0, 24]",368.5,144,3.0,0.5
07:30:21,"[366.71, 48]","[365.99, 155]","[368.2, 51]","[381.67, 42]",367.45,296,1.49,0.37
07:30:22,"[366.03, 144]","[365.47, 38]","[368.0, 60]","[386.0, 48]",367.01,290,1.97,0.26
07:30:23,"[366.02, 192]","[365.17, 42]","[367.79, 47]","[376.56, 54]",366.9,335,1.77,0.4
07:30:24,"[366.0, 99]","[363.0, 14]","[367.21, 42]","[379.88, 50]",366.61,205,1.21,0.1
07:30:25,"[337.74, 35]","[161.0, 24]","[369.0, 30]","[382.57, 53]",353.37,142,31.26,-0.17
07:30:26,"[323.7, 20]","[305.58, 73]","[382.0, 32]","[388.0, 40]",352.85,165,58.3,0.13
07:30:27,"[315.1, 62]","[305.06, 100]","[377.32, 57]","[382.67, 45]",346.21,264,62.22,0.23
07:30:28,"[317.02, 114]","[316.55, 129]","[367.3, 61]","[368.12, 66]",342.16,370,50.28,0.31
07:30:29,"[320.38, 16]","[319.12, 80]","[372.38, 16]","[399.5, 24]",346.38,136,52.0,0.41
07:30:30,"[348.88, 141]","[342.2, 50]","[372.0, 54]","[426.47, 43]",360.44,288,23.12,0.33
07:30:31,"[351.07, 98]","[349.0, 40]","[368.14, 28]","[371.0, 40]",359.61,206,17.07,0.34
07:30:32,"[352.32, 31]","[351.39, 44]","[365.62, 16]","[369.65, 23]",358.97,114,13.3,0.32
07:30:33,"[353.89, 18]","[352.0, 63]","[365.0, 18]","[417.52, 25]",359.44,124,11.11,0.31
07:30:34,"[354.54, 39]","[352.17, 69]","[365.0, 24]","[415.5, 24]",359.77,156,10.46,0.38
07:30:35,"[357.35, 75]","[355.87, 60]","[363.73, 30]","[367.0, 30]",360.54,195,6.39,0.38
07:30:36,"[361.0, 112]","[358.8, 30]","[362.44, 32]","[365.25, 32]",361.72,206,1.44,0.38
07:30:37,"[361.5, 70]","[354.09, 22]","[368.6, 20]","[468.5, 16]",365.05,128,7.1,0.44
07:30:38,"[362.1, 70]","[345.5, 10]","[371.0, 20]","[446.8, 25]",366.55,125,8.9,0.28
07:30:39,"[363.47, 105]","[347.0, 15]","[381.5, 36]","[512.95, 21]",372.48,177,18.03,0.36
07:30:40,"[368.61, 87]","[362.76, 42]","[445.21, 38]","[604.72, 18]",406.91,185,76.6,0.39
07:30:41,"[372.0, 110]","[367.85, 26]","[561.64, 11]","[643.71, 14]",466.82,161,189.64,0.69
07:30:42,"[372.0, 121]","[370.0, 44]","[375.0, 55]","[396.64, 11]",373.5,231,3.0,0.43
07:30:43,"[372.2, 41]","[371.57, 56]","[375.0, 35]","[383.0, 7]",373.6,139,2.8,0.4
07:30:44,"[372.08, 78]","[371.38, 87]","[374.67, 60]","[377.29, 28]",373.37,253,2.59,0.3
07:30:45,"[372.0, 156]","[370.52, 58]","[374.0, 60]","[378.75, 60]",373.0,334,2.0,0.28
07:30:46,"[372.0, 70]","[370.0, 20]","[374.0, 25]","[380.0, 25]",373.0,140,2.0,0.29
07:30:47,"[372.0, 190]","[370.48, 23]","[373.14, 70]","[380.71, 70]",372.57,353,1.14,0.21
07:30:48,"[372.0, 87]","[371.0, 9]","[373.0, 45]","[381.0, 45]",372.5,186,1.0,0.03
07:30:49,"[372.0, 72]","[371.0, 11]","[380.55, 53]","[409.33, 15]",376.27,151,8.55,0.1
07:30:50,"[372.0, 60]","[371.0, 12]","[380.3, 54]","[407.5, 60]",376.15,186,8.3,-0.23
07:30:51,"[371.64, 25]","[370.1, 40]","[377.02, 49]","[378.13, 55]",374.33,169,5.38,-0.23
07:30:52,"[371.0, 12]","[370.0, 48]","[375.25, 60]","[377.0, 36]",373.12,156,4.25,-0.23
07:30:53,"[371.0, 10]","[370.0, 40]","[373.8, 50]","[377.0, 30]",372.4,130,2.8,-0.23
07:30:54,"[370.0, 36]","[369.28, 25]","[371.55, 33]","[381.18, 55]",370.77,149,1.55,-0.18
07:30:55,"[369.0, 22]","[368.0, 11]","[370.91, 33]","[383.64, 55]",369.95,121,1.91,-0.45
07:30:56,"[367.2, 60]","[365.23, 39]","[370.0, 36]","[387.17, 60]",368.6,195,2.8,0.02
07:30:57,"[367.0, 36]","[365.0, 61]","[369.5, 30]","[387.2, 50]",368.25,177,2.5,0.1
07:30:58,"[365.67, 45]","[363.92, 65]","[367.54, 28]","[381.77, 40]",366.6,178,1.87,0.24
07:30:59,"[365.0, 23]","[363.0, 77]","[380.89, 47]","[415.23, 31]",372.95,178,15.89,0.12
07:31:00,"[365.0, 14]","[363.0, 98]","[386.0, 70]","[510.86, 28]",375.5,210,21.0,0.07
07:31:01,"[371.67, 12]","[365.24, 34]","[385.84, 58]","[517.25, 20]",378.76,124,14.18,-0.26
07:31:02,"[373.0, 10]","[366.0, 10]","[382.71, 34]","[402.93, 30]",377.85,84,9.71,-0.52
07:31:03,"[369.5, 22]","[340.5, 12]","[381.8, 50]","[383.0, 30]",375.65,114,12.3,-0.4
07:31:04,"[362.04, 95]","[264.87, 115]","[380.06, 85]","[382.56, 27]",371.05,322,18.02,0.3
07:31:05,"[365.39, 71]","[360.43, 87]","[380.0, 60]","[382.0, 12]",372.7,230,14.61,0.37
07:31:06,"[368.77, 43]","[367.24, 92]","[377.94, 80]","[379.04, 76]",373.35,291,9.17,-0.07
07:31:07,"[369.67, 36]","[368.0, 24]","[375.33, 60]","[377.25, 60]",372.5,180,5.67,-0.33
07:31:08,"[367.75, 80]","[367.02, 102]","[371.74, 58]","[373.8, 65]",369.75,305,3.99,0.19
07:31:09,"[367.2, 30]","[366.95, 88]","[370.0, 16]","[371.0, 24]",368.6,158,2.8,0.49
07:31:10,"[367.0, 90]","[365.4, 20]","[368.2, 20]","[369.2, 20]",367.6,150,1.2,0.47
07:31:11,"[364.0, 27]","[354.0, 105]","[366.53, 30]","[367.6, 30]",365.27,192,2.53,0.38
07:31:12,"[353.82, 65]","[351.21, 81]","[364.82, 17]","[375.5, 24]",359.32,187,11.01,0.56
07:31:13,"[354.32, 38]","[348.12, 67]","[364.0, 8]","[365.0, 16]",359.16,129,9.68,0.63
07:31:14,"[363.86, 29]","[351.33, 49]","[369.0, 22]","[392.14, 35]",366.43,135,5.14,0.16
07:31:15,"[367.0, 7]","[351.41, 37]","[376.0, 28]","[465.0, 35]",371.5,107,9.0,-0.18
07:31:16,"[370.91, 23]","[368.44, 9]","[376.0, 36]","[428.09, 33]",373.46,101,5.09,-0.37
07:31:17,"[366.86, 21]","[352.03, 71]","[376.0, 44]","[550.0, 55]",371.43,191,9.14,-0.04
07:31:18,"[355.0, 10]","[352.0, 110]","[376.0, 40]","[509.39, 44]",365.5,204,21.0,0.18
07:31:19,"[367.77, 31]","[352.14, 104]","[375.07, 43]","[453.57, 23]",371.42,201,7.3,0.34
07:31:20,"[373.0, 60]","[353.0, 12]","[375.0, 36]","[378.33, 12]",374.0,120,2.0,0.2
07:31:21,"[373.0, 7]","[355.53, 19]","[375.0, 21]","[379.86, 7]",374.0,54,2.0,-0.04
07:31:22,"[373.0, 10]","[356.0, 40]","[375.0, 30]","[379.75, 16]",374.0,96,2.0,0.04
07:31:23,"[373.0, 10]","[364.25, 64]","[375.0, 30]","[377.71, 34]",374.0,138,2.0,0.07
07:31:24,"[367.0, 40]","[356.0, 40]","[374.64, 33]","[377.1, 30]",370.82,143,7.64,0.12
07:31:25,"[367.0, 44]","[364.87, 71]","[373.45, 44]","[375.0, 33]",370.23,192,6.45,0.2
07:31:26,"[367.0, 56]","[366.0, 98]","[373.0, 56]","[376.57, 42]",370.0,252,6.0,0.22
07:31:27,"[367.79, 115]","[366.4, 70]","[371.38, 52]","[377.0, 39]",369.59,276,3.59,0.34
07:31:28,"[368.44, 105]","[366.63, 95]","[374.39, 69]","[380.5, 60]",371.41,329,5.95,0.22
07:31:29,"[372.95, 92]","[367.76, 17]","[381.16, 58]","[384.07, 42]",377.05,209,8.21,0.04
07:31:30,"[373.0, 70]","[368.0, 10]","[381.0, 50]","[383.0, 30]",377.0,160,8.0,0.0
07:31:31,"[373.0, 42]","[368.67, 6]","[381.0, 30]","[383.0, 18]",377.0,96,8.0,0.0
07:31:32,"[373.0, 42]","[370.0, 6]","[381.0, 30]","[383.0, 18]",377.0,96,8.0,0.0
07:31:33,"[373.0, 54]","[370.27, 11]","[381.0, 45]","[383.0, 27]",377.0,137,8.0,-0.05
07:31:34,"[373.0, 36]","[371.0, 18]","[381.0, 30]","[383.0, 18]",377.0,102,8.0,0.06
07:31:35,"[373.0, 42]","[371.0, 21]","[381.0, 35]","[383.0, 21]",377.0,119,8.0,0.06
07:31:36,"[373.0, 78]","[371.0, 39]","[379.81, 32]","[380.62, 61]",376.41,210,6.81,0.11
07:31:37,"[373.0, 52]","[371.65, 60]","[379.0, 20]","[380.0, 50]",376.0,182,6.0,0.23
07:31:38,"[373.0, 56]","[372.0, 221]","[377.47, 34]","[381.68, 81]",375.24,392,4.47,0.41
07:31:39,"[373.0, 35]","[372.0, 169]","[375.38, 26]","[383.6, 35]",374.19,265,2.38,0.54
07:31:40,"[373.36, 11]","[372.04, 95]","[374.91, 22]","[388.65, 51]",374.14,179,1.55,0.18
07:31:41,"[372.01, 106]","[371.27, 30]","[387.05, 19]","[389.13, 46]",379.53,201,15.04,0.35
07:31:42,"[372.0, 88]","[370.64, 14]","[386.12, 32]","[388.62, 16]",379.06,150,14.12,0.36
07:31:43,"[372.0, 121]","[371.0, 33]","[384.73, 11]","[386.0, 55]",378.36,220,12.73,0.4
07:31:44,"[372.0, 88]","[371.0, 24]","[383.88, 8]","[386.0, 29]",377.94,149,11.88,0.5
07:31:45,"[372.0, 43]","[371.0, 15]","[382.0, 5]","[386.0, 15]",377.0,78,10.0,0.49
07:31:46,"[372.0, 77]","[371.0, 33]","[385.0, 22]","[386.91, 33]",378.5,165,13.0,0.33
07:31:47,"[372.0, 42]","[371.0, 18]","[385.0, 12]","[389.0, 18]",378.5,90,13.0,0.33
07:31:48,"[372.0, 70]","[371.0, 30]","[385.0, 20]","[389.0, 30]",378.5,150,13.0,0.33
07:31:49,"[372.0, 30]","[371.0, 18]","[385.0, 12]","[389.0, 18]",378.5,78,13.0,0.23
07:31:50,"[372.0, 21]","[371.0, 18]","[384.54, 13]","[388.53, 17]",378.27,69,12.54,0.13
07:31:51,"[372.0, 18]","[371.0, 27]","[383.57, 21]","[387.87, 23]",377.79,89,11.57,0.01
07:31:52,"[372.0, 12]","[371.0, 18]","[382.31, 16]","[384.14, 14]",377.16,60,10.31,0.0
07:31:53,"[371.6, 10]","[370.82, 11]","[378.54, 13]","[385.0, 12]",375.07,46,6.94,-0.09
07:31:54,"[371.89, 36]","[370.8, 10]","[382.0, 12]","[392.0, 18]",376.94,76,10.11,0.21
07:31:55,"[372.0, 88]","[371.0, 22]","[381.36, 22]","[391.29, 35]",376.68,167,9.36,0.32
07:31:56,"[372.4, 60]","[371.0, 20]","[377.58, 24]","[380.93, 30]",374.99,134,5.18,0.19
07:31:57,"[373.0, 84]","[371.3, 46]","[375.17, 36]","[377.08, 49]",374.08,215,2.17,0.21
07:31:58,"[373.86, 28]","[372.0, 196]","[376.9, 40]","[377.8, 30]",375.38,294,3.04,0.52
07:31:59,"[372.83, 48]","[371.97, 144]","[375.16, 32]","[379.88, 34]",373.99,258,2.32,0.49
07:32:00,"[372.0, 154]","[371.0, 22]","[374.0, 23]","[388.43, 42]",373.0,241,2.0,0.46
07:32:01,"[372.0, 77]","[371.0, 22]","[375.43, 37]","[387.06, 34]",373.72,170,3.43,0.16
07:32:02,"[372.0, 22]","[371.0, 22]","[385.35, 34]","[387.3, 40]",378.68,118,13.35,-0.25
07:32:03,"[373.0, 13]","[372.0, 26]","[381.5, 48]","[383.8, 30]",377.25,117,8.5,-0.33
07:32:04,"[373.0, 13]","[372.0, 26]","[381.0, 52]","[383.0, 26]",377.0,117,8.0,-0.33
07:32:05,"[373.0, 12]","[372.0, 24]","[380.33, 48]","[386.5, 32]",376.67,116,7.33,-0.38
07:32:06,"[373.0, 8]","[372.0, 16]","[377.38, 32]","[386.0, 32]",375.19,88,4.38,-0.45
07:32:07,"[373.0, 7]","[372.0, 14]","[375.29, 28]","[386.0, 28]",374.14,77,2.29,-0.45
07:32:08,"[373.0, 12]","[372.0, 24]","[374.67, 48]","[386.5, 32]",373.83,116,1.67,-0.38
07:32:09,"[371.0, 12]","[370.0, 24]","[373.0, 24]","[387.0, 12]",372.0,72,2.0,0.0
07:32:10,"[371.0, 14]","[370.0, 28]","[372.0, 28]","[387.33, 18]",371.5,88,1.0,-0.05
07:32:11,"[370.29, 14]","[369.35, 23]","[372.0, 28]","[388.0, 18]",371.14,83,1.71,-0.11
07:32:12,"[370.84, 25]","[369.7, 20]","[372.0, 36]","[388.0, 18]",371.42,99,1.16,-0.09
07:32:13,"[370.0, 18]","[368.62, 26]","[371.75, 32]","[388.0, 16]",370.88,92,1.75,-0.04
07:32:14,"[368.65, 34]","[366.99, 73]","[371.06, 17]","[376.4, 30]",369.85,154,2.41,0.39
07:32:15,"[367.0, 63]","[366.0, 11]","[374.0, 22]","[380.0, 22]",370.5,118,7.0,0.25
07:32:16,"[366.33, 15]","[359.33, 21]","[375.09, 22]","[382.14, 28]",370.71,86,8.76,-0.16
07:32:17,"[367.47, 17]","[365.1, 31]","[380.0, 34]","[386.0, 85]",373.74,167,12.53,-0.43
07:32:18,"[369.87, 15]","[366.38, 16]","[380.0, 18]","[386.0, 45]",374.93,94,10.13,-0.34
07:32:19,"[369.13, 45]","[367.5, 12]","[380.0, 18]","[386.0, 45]",374.57,120,10.87,-0.05
07:32:20,"[367.0, 91]","[366.0, 26]","[378.38, 65]","[380.0, 26]",372.69,208,11.38,0.12
07:32:21,"[367.0, 77]","[366.0, 22]","[378.0, 55]","[380.0, 22]",372.5,176,11.0,0.12
07:32:22,"[367.62, 42]","[367.14, 35]","[378.0, 60]","[380.0, 24]",372.81,161,10.38,-0.04
07:32:23,"[371.0, 13]","[369.23, 39]","[377.68, 44]","[379.57, 47]",374.34,143,6.68,-0.27
07:32:24,"[371.0, 10]","[370.0, 30]","[376.0, 40]","[377.3, 20]",373.5,100,5.0,-0.2
07:32:25,"[370.67, 12]","[369.75, 32]","[375.33, 48]","[379.5, 24]",373.0,116,4.67,-0.24
07:32:26,"[367.21, 29]","[366.95, 19]","[374.45, 44]","[378.0, 22]",370.83,114,7.25,-0.16
07:32:27,"[366.0, 24]","[362.0, 24]","[372.75, 48]","[375.75, 24]",369.38,120,6.75,-0.2
07:32:28,"[360.0, 45]","[359.0, 18]","[372.0, 36]","[375.0, 18]",366.0,117,12.0,0.08
07:32:29,"[360.0, 50]","[359.0, 20]","[372.0, 40]","[375.0, 20]",366.0,130,12.0,0.08
07:32:30,"[360.0, 65]","[359.0, 26]","[371.85, 52]","[375.0, 26]",365.92,169,11.85,0.08
07:32:31,"[359.93, 58]","[357.12, 32]","[371.0, 64]","[375.0, 32]",365.47,186,11.07,-0.03
07:32:32,"[363.33, 21]","[358.86, 28]","[370.88, 41]","[372.89, 38]",367.11,128,7.54,-0.23
07:32:33,"[366.5, 16]","[362.21, 28]","[368.77, 31]","[372.96, 25]",367.64,100,2.27,-0.12
07:32:34,"[365.0, 14]","[358.0, 14]","[368.0, 14]","[377.0, 35]",366.5,77,3.0,-0.27
07:32:35,"[360.69, 26]","[356.77, 26]","[366.83, 59]","[375.14, 56]",363.76,167,6.14,-0.38
07:32:36,"[358.0, 24]","[356.0, 24]","[365.42, 60]","[376.16, 63]",361.71,171,7.42,-0.44
07:32:37,"[358.0, 24]","[356.0, 24]","[363.24, 49]","[367.04, 51]",360.62,148,5.24,-0.35
07:32:38,"[358.0, 28]","[356.0, 28]","[361.21, 38]","[363.29, 70]",359.61,164,3.21,-0.32
07:32:39,"[358.0, 22]","[355.45, 22]","[360.72, 25]","[365.0, 55]",359.36,124,2.72,-0.29
07:32:40,"[358.0, 24]","[356.0, 24]","[365.25, 36]","[374.17, 54]",361.62,138,7.25,-0.3
07:32:41,"[359.31, 64]","[357.25, 24]","[369.0, 60]","[375.36, 42]",364.16,190,9.69,-0.07
07:32:42,"[361.82, 73]","[360.26, 19]","[369.0, 65]","[376.0, 65]",365.41,222,7.18,-0.17
07:32:43,"[363.0, 12]","[362.0, 72]","[369.0, 60]","[376.0, 60]",366.0,204,6.0,-0.18
07:32:44,"[362.7, 43]","[355.82, 28]","[369.0, 65]","[376.0, 65]",365.85,201,6.3,-0.29
07:32:45,"[364.98, 164]","[363.29, 34]","[369.0, 45]","[376.0, 45]",366.99,288,4.02,0.38
07:32:46,"[366.84, 200]","[363.51, 70]","[368.9, 83]","[374.71, 70]",367.87,423,2.06,0.28
07:32:47,"[368.07, 182]","[367.12, 91]","[372.69, 65]","[375.83, 41]",370.38,379,4.63,0.44
07:32:48,"[370.47, 174]","[368.7, 57]","[373.0, 55]","[374.0, 44]",371.73,330,2.53,0.4
07:32:49,"[371.38, 136]","[369.0, 32]","[373.0, 40]","[374.0, 32]",372.19,240,1.62,0.4
07:32:50,"[372.0, 150]","[369.0, 40]","[373.0, 50]","[374.0, 40]",372.5,280,1.0,0.36
07:32:51,"[372.0, 98]","[369.0, 32]","[373.0, 40]","[375.29, 35]",372.5,205,1.0,0.27
07:32:52,"[372.0, 96]","[369.0, 40]","[373.0, 50]","[377.0, 50]",372.5,236,1.0,0.15
07:32:53,"[372.0, 96]","[369.0, 44]","[373.0, 55]","[377.0, 55]",372.5,250,1.0,0.12
07:32:54,"[372.0, 76]","[369.0, 44]","[373.0, 55]","[378.23, 39]",372.5,214,1.0,0.12
07:32:55,"[372.0, 11]","[369.0, 44]","[373.0, 55]","[379.0, 33]",372.5,143,1.0,-0.23
07:32:56,"[372.0, 9]","[369.0, 36]","[373.0, 45]","[376.53, 34]",372.5,124,1.0,-0.27
07:32:57,"[369.78, 27]","[368.65, 43]","[373.0, 60]","[376.0, 48]",371.39,178,3.22,-0.21
07:32:58,"[369.0, 44]","[368.0, 33]","[373.0, 55]","[376.0, 44]",371.0,176,4.0,-0.12
07:32:59,"[369.0, 24]","[367.13, 23]","[372.86, 29]","[375.4, 25]",370.93,101,3.86,-0.07
07:33:00,"[369.0, 36]","[367.0, 36]","[372.44, 36]","[375.13, 38]",370.72,146,3.44,-0.01
07:33:01,"[370.16, 38]","[368.47, 60]","[375.69, 64]","[377.45, 29]",372.92,191,5.53,0.03
07:33:02,"[371.0, 40]","[369.0, 80]","[374.1, 100]","[379.2, 80]",372.55,300,3.1,-0.2
07:33:03,"[371.0, 26]","[369.0, 52]","[374.0, 65]","[380.0, 58]",372.5,201,3.0,-0.22
07:33:04,"[369.89, 38]","[367.64, 50]","[372.71, 76]","[379.51, 81]",371.3,245,2.82,-0.28
07:33:05,"[367.0, 52]","[366.0, 91]","[369.85, 34]","[378.33, 36]",368.43,213,2.85,0.34
07:33:06,"[366.6, 40]","[365.96, 95]","[368.32, 47]","[376.0, 51]",367.46,233,1.72,0.16
07:33:07,"[360.2, 40]","[353.96, 25]","[366.39, 31]","[373.45, 33]",363.29,129,6.19,0.01
07:33:08,"[350.86, 21]","[349.33, 18]","[362.76, 17]","[363.53, 19]",356.81,75,11.91,0.04
07:33:09,"[350.13, 23]","[349.09, 22]","[359.36, 33]","[364.41, 27]",354.75,105,9.23,-0.14
07:33:10,"[351.79, 42]","[349.0, 32]","[365.28, 53]","[367.64, 56]",358.53,183,13.5,-0.19
07:33:11,"[353.89, 47]","[351.0, 31]","[364.0, 45]","[365.0, 60]",358.95,183,10.11,-0.15
07:33:12,"[355.25, 36]","[349.9, 31]","[363.43, 42]","[364.57, 42]",359.34,151,8.18,-0.11
07:33:13,"[359.82, 74]","[357.12, 75]","[363.0, 72]","[364.0, 54]",361.41,275,3.18,0.08
07:33:14,"[361.0, 56]","[347.0, 24]","[362.05, 22]","[364.5, 10]",361.52,112,1.05,0.43
07:33:15,"[359.73, 44]","[346.83, 36]","[365.0, 12]","[369.9, 50]",362.36,142,5.27,0.13
07:33:16,"[347.0, 7]","[346.0, 28]","[365.0, 7]","[372.0, 21]",356.0,63,18.0,0.11
07:33:17,"[347.0, 8]","[346.0, 32]","[358.0, 16]","[363.88, 8]",352.5,64,11.0,0.25
07:33:18,"[347.0, 11]","[346.0, 44]","[358.0, 22]","[362.0, 11]",352.5,88,11.0,0.25
07:33:19,"[347.0, 9]","[346.0, 36]","[358.5, 16]","[366.15, 13]",352.75,74,11.5,0.22
07:33:20,"[347.0, 13]","[346.0, 52]","[360.12, 40]","[365.32, 22]",353.56,127,13.12,0.02
07:33:21,"[347.2, 10]","[346.03, 33]","[359.79, 19]","[361.22, 41]",353.49,103,12.59,-0.17
07:33:22,"[348.0, 34]","[347.0, 11]","[360.0, 33]","[363.85, 60]",354.0,138,12.0,-0.35
07:33:23,"[348.43, 51]","[347.36, 25]","[365.0, 16]","[368.0, 14]",356.72,106,16.57,0.43
07:33:24,"[353.57, 21]","[352.13, 31]","[364.27, 30]","[366.26, 19]",358.92,101,10.7,0.03
07:33:25,"[357.6, 10]","[356.81, 16]","[372.44, 18]","[558.85, 26]",365.02,70,14.84,-0.26
07:33:26,"[364.42, 24]","[363.19, 27]","[382.14, 70]","[478.0, 44]",373.28,165,17.73,-0.38
07:33:27,"[358.0, 5]","[357.0, 10]","[382.0, 25]","[479.75, 16]",370.0,56,24.0,-0.46
07:33:28,"[359.33, 15]","[357.5, 12]","[380.83, 42]","[457.44, 27]",370.08,96,21.5,-0.44
07:33:29,"[361.3, 61]","[360.84, 73]","[380.65, 54]","[489.44, 45]",370.97,233,19.35,0.15
07:33:30,"[363.86, 14]","[361.21, 58]","[379.12, 40]","[547.13, 30]",371.49,142,15.27,0.01
07:33:31,"[368.0, 12]","[364.5, 16]","[378.39, 57]","[496.27, 37]",373.19,122,10.39,-0.54
07:33:32,"[365.96, 26]","[364.67, 18]","[368.0, 56]","[385.64, 33]",366.98,133,2.04,-0.34
07:33:33,"[366.0, 26]","[365.0, 8]","[369.73, 22]","[613.38, 16]",367.86,72,3.73,-0.06
07:33:34,"[365.78, 23]","[363.18, 11]","[374.0, 22]","[464.14, 42]",369.89,98,8.22,-0.31
07:33:35,"[365.0, 10]","[361.0, 10]","[374.0, 20]","[487.4, 20]",369.5,60,9.0,-0.33
07:33:36,"[365.0, 8]","[361.0, 8]","[374.0, 16]","[633.27, 33]",369.5,65,9.0,-0.51
07:33:37,"[356.47, 51]","[354.21, 72]","[373.12, 40]","[567.29, 35]",364.8,198,16.65,0.24
07:33:38,"[355.38, 39]","[353.31, 145]","[371.54, 65]","[374.0, 26]",363.46,275,16.15,0.34
07:33:39,"[356.38, 39]","[354.0, 117]","[364.53, 64]","[366.35, 49]",360.46,269,8.15,0.16
07:33:40,"[357.5, 60]","[354.0, 180]","[361.57, 88]","[364.26, 46]",359.53,374,4.07,0.28
07:33:41,"[358.0, 42]","[354.0, 126]","[359.29, 14]","[361.75, 16]",358.64,198,1.29,0.7
07:33:42,"[358.0, 38]","[351.3, 83]","[361.18, 33]","[363.8, 51]",359.59,205,3.18,0.18
07:33:43,"[358.27, 30]","[350.0, 60]","[364.61, 33]","[366.62, 32]",361.44,155,6.34,0.16
07:33:44,"[359.57, 21]","[349.04, 75]","[364.0, 44]","[365.0, 22]",361.79,162,4.43,0.19
07:33:45,"[360.92, 26]","[347.71, 96]","[364.0, 52]","[365.62, 26]",362.46,200,3.08,0.22
07:33:46,"[361.0, 26]","[347.0, 52]","[364.0, 52]","[365.05, 38]",362.5,168,3.0,-0.07
07:33:47,"[349.21, 38]","[346.12, 100]","[364.0, 23]","[365.0, 33]",356.61,194,14.79,0.42
07:33:48,"[359.02, 106]","[346.09, 85]","[364.0, 9]","[365.0, 27]",361.51,227,4.98,0.68
07:33:49,"[348.23, 94]","[344.7, 122]","[362.15, 26]","[363.53, 17]",355.19,259,13.92,0.67
07:33:50,"[347.92, 26]","[346.32, 75]","[360.39, 36]","[361.47, 34]",354.16,171,12.47,0.18
07:33:51,"[349.0, 34]","[348.0, 17]","[358.47, 38]","[360.0, 34]",353.74,123,9.47,-0.17
07:33:52,"[350.0, 34]","[348.0, 17]","[356.29, 34]","[358.76, 34]",353.15,119,6.29,-0.14
07:33:53,"[350.59, 17]","[348.6, 10]","[356.22, 18]","[359.55, 22]",353.41,67,5.63,-0.19
07:33:54,"[354.81, 16]","[351.88, 17]","[357.0, 22]","[363.81, 42]",355.91,97,2.19,-0.32
07:33:55,"[354.91, 11]","[343.49, 65]","[363.92, 26]","[366.81, 42]",359.42,144,9.01,0.06
07:33:56,"[355.22, 9]","[343.0, 99]","[365.0, 18]","[368.0, 36]",360.11,162,9.78,0.33
07:33:57,"[356.0, 8]","[343.0, 88]","[365.0, 16]","[368.0, 32]",360.5,144,9.0,0.33
07:33:58,"[358.69, 55]","[346.61, 36]","[363.63, 35]","[366.41, 34]",361.16,160,4.94,0.14
07:33:59,"[359.21, 19]","[356.9, 29]","[368.61, 62]","[371.13, 60]",363.91,170,9.4,-0.44
07:34:00,"[362.65, 20]","[359.93, 15]","[370.0, 48]","[373.0, 48]",366.32,131,7.35,-0.47
07:34:01,"[364.29, 14]","[363.09, 11]","[370.0, 44]","[373.0, 44]",367.14,113,5.71,-0.56
07:34:02,"[366.17, 18]","[364.31, 16]","[370.0, 56]","[373.0, 56]",368.08,146,3.83,-0.53
07:34:03,"[361.94, 33]","[349.86, 28]","[370.0, 52]","[373.0, 52]",365.97,165,8.06,-0.26
07:34:04,"[358.0, 11]","[346.29, 21]","[370.0, 24]","[373.0, 24]",364.0,80,12.0,-0.2
07:34:05,"[352.0, 7]","[348.0, 21]","[371.71, 28]","[404.2, 20]",361.86,76,19.71,-0.26
07:34:06,"[352.0, 3]","[348.0, 9]","[371.71, 7]","[388.6, 10]",361.86,29,19.71,-0.17
07:34:07,"[352.0, 9]","[347.67, 24]","[367.0, 11]","[369.29, 17]",359.5,61,15.0,0.08
07:34:08,"[352.0, 6]","[348.0, 6]","[364.83, 6]","[366.0, 6]",358.42,24,12.83,0.0
07:34:09,"[352.71, 17]","[349.23, 13]","[361.06, 17]","[361.36, 45]",356.88,92,8.35,-0.35
07:34:10,"[354.33, 30]","[352.0, 15]","[358.84, 19]","[360.15, 59]",356.59,123,4.51,-0.27
07:34:11,"[354.16, 19]","[351.38, 13]","[356.54, 13]","[357.85, 41]",355.35,86,2.38,-0.26
07:34:12,"[353.0, 9]","[349.33, 21]","[357.0, 39]","[360.0, 45]",355.0,114,4.0,-0.47
07:34:13,"[353.88, 8]","[348.0, 20]","[357.0, 36]","[361.0, 40]",355.44,104,3.12,-0.46
07:34:14,"[354.0, 13]","[347.01, 73]","[360.18, 44]","[361.38, 37]",357.09,167,6.18,0.03
07:34:15,"[355.92, 13]","[347.89, 27]","[361.0, 35]","[363.0, 7]",358.46,82,5.08,-0.02
07:34:16,"[357.0, 36]","[355.0, 12]","[361.0, 60]","[363.0, 12]",359.0,120,4.0,-0.2
07:34:17,"[357.21, 33]","[356.33, 27]","[361.0, 75]","[363.0, 15]",359.11,150,3.79,-0.2
07:34:18,"[359.77, 13]","[357.0, 39]","[361.16, 49]","[369.55, 33]",360.47,134,1.39,-0.22
07:34:19,"[361.44, 27]","[359.12, 41]","[368.03, 31]","[372.4, 85]",364.74,184,6.59,-0.26
07:34:20,"[362.18, 17]","[357.11, 46]","[366.95, 61]","[371.02, 47]",364.56,171,4.77,-0.26
07:34:21,"[364.36, 67]","[361.3, 47]","[367.0, 80]","[370.0, 108]",365.68,302,2.64,-0.25
07:34:22,"[366.0, 33]","[364.71, 68]","[368.53, 59]","[371.44, 73]",367.26,233,2.53,-0.13
07:34:23,"[366.0, 10]","[364.0, 40]","[370.0, 60]","[373.0, 50]",368.0,160,4.0,-0.38
07:34:24,"[366.86, 35]","[364.32, 37]","[370.0, 66]","[373.0, 55]",368.43,193,3.14,-0.25
07:34:25,"[367.45, 55]","[366.0, 11]","[370.0, 66]","[373.0, 55]",368.73,187,2.55,-0.29
07:34:26,"[368.41, 59]","[367.85, 92]","[370.0, 78]","[373.0, 65]",369.2,294,1.59,0.03
07:34:27,"[369.0, 28]","[368.0, 57]","[370.0, 42]","[373.0, 35]",369.5,162,1.0,0.05
07:34:28,"[369.0, 28]","[368.0, 35]","[370.0, 42]","[373.0, 35]",369.5,140,1.0,-0.1
07:34:29,"[368.91, 53]","[367.97, 61]","[370.0, 78]","[373.0, 65]",369.45,257,1.09,-0.11
07:34:30,"[368.0, 35]","[366.0, 11]","[369.8, 60]","[373.38, 68]",368.9,174,1.8,-0.47
07:34:31,"[368.99, 107]","[367.85, 13]","[370.0, 75]","[376.71, 90]",369.5,285,1.01,-0.16
07:34:32,"[369.0, 110]","[368.0, 17]","[371.25, 57]","[375.2, 49]",370.12,233,2.25,0.09
07:34:33,"[369.0, 47]","[368.0, 13]","[370.56, 62]","[375.76, 103]",369.78,225,1.56,-0.47
07:34:34,"[368.68, 22]","[367.12, 40]","[372.0, 34]","[378.68, 47]",370.34,143,3.32,-0.13
07:34:35,"[369.89, 37]","[367.41, 17]","[376.0, 18]","[378.0, 9]",372.95,81,6.11,0.33
07:34:36,"[370.0, 66]","[368.0, 12]","[374.0, 24]","[379.28, 18]",372.0,120,4.0,0.3
07:34:37,"[370.27, 37]","[369.88, 67]","[374.0, 26]","[379.0, 52]",372.14,182,3.73,0.14
07:34:38,"[370.56, 32]","[369.75, 72]","[376.71, 42]","[380.42, 65]",373.64,211,6.15,-0.01
07:34:39,"[370.0, 24]","[368.0, 12]","[378.0, 12]","[379.0, 48]",374.0,96,8.0,-0.25
07:34:40,"[370.0, 30]","[368.0, 15]","[378.0, 15]","[384.22, 69]",374.0,129,8.0,-0.3
07:34:41,"[370.0, 24]","[368.0, 12]","[378.0, 12]","[387.0, 63]",374.0,111,8.0,-0.35
07:34:42,"[367.62, 29]","[363.5, 30]","[377.58, 12]","[387.0, 96]",372.6,167,9.96,-0.29
07:34:43,"[366.12, 34]","[351.56, 284]","[376.5, 14]","[384.68, 97]",371.31,429,10.38,0.48
07:34:44,"[370.0, 36]","[364.56, 18]","[375.78, 9]","[377.89, 37]",372.89,100,5.78,0.08
07:34:45,"[370.0, 40]","[367.0, 20]","[373.5, 10]","[375.0, 10]",371.75,80,3.5,0.5
07:34:46,"[368.73, 33]","[365.76, 34]","[370.82, 17]","[377.11, 45]",369.78,129,2.1,0.04
07:34:47,"[367.4, 20]","[365.71, 28]","[369.07, 14]","[386.28, 61]",368.24,123,1.67,-0.22
07:34:48,"[355.25, 36]","[357.85, 39]","[389.0, 60]","[390.0, 36]",372.12,171,33.75,-0.12
07:34:49,"[356.58, 50]","[351.11, 73]","[389.0, 45]","[390.0, 27]",372.79,195,32.42,0.26
07:34:50,"[356.41, 44]","[354.03, 67]","[388.38, 26]","[389.07, 86]",372.4,223,31.98,-0.0
07:34:51,"[363.9, 20]","[362.92, 13]","[387.4, 10]","[388.87, 23]",375.65,66,23.5,0.0
07:34:52,"[364.73, 33]","[363.86, 42]","[375.78, 46]","[383.2, 50]",370.25,171,11.06,-0.12
07:34:53,"[364.45, 31]","[362.56, 75]","[365.91, 33]","[378.73, 44]",365.18,183,1.46,0.16
07:34:54,"[364.21, 28]","[362.11, 105]","[366.0, 42]","[374.78, 32]",365.11,207,1.79,0.29
07:34:55,"[362.35, 34]","[359.75, 79]","[366.0, 26]","[371.57, 42]",364.18,181,3.65,0.25
07:34:56,"[359.4, 141]","[357.78, 83]","[364.05, 21]","[369.28, 25]",361.73,270,4.64,0.66
07:34:57,"[354.87, 39]","[309.92, 37]","[362.8, 30]","[363.31, 26]",358.84,132,7.93,0.15
07:34:58,"[355.05, 44]","[350.82, 44]","[362.28, 18]","[363.81, 36]",358.66,142,7.23,0.24
07:34:59,"[355.75, 24]","[350.13, 31]","[371.0, 12]","[374.29, 28]",363.38,95,15.25,0.16
07:35:00,"[357.0, 16]","[354.0, 16]","[371.0, 8]","[374.0, 24]",364.0,64,14.0,0.0
07:35:01,"[355.12, 32]","[346.77, 39]","[359.33, 72]","[363.28, 29]",357.23,172,4.21,-0.17
07:35:02,"[354.14, 21]","[345.0, 24]","[359.0, 60]","[362.0, 24]",356.57,129,4.86,-0.3
07:35:03,"[355.0, 7]","[354.0, 14]","[359.0, 35]","[362.0, 14]",357.0,70,4.0,-0.4
07:35:04,"[356.09, 11]","[352.18, 22]","[359.0, 25]","[362.0, 22]",357.55,80,2.91,-0.17
07:35:05,"[357.25, 12]","[342.06, 66]","[359.0, 24]","[362.0, 24]",358.12,126,1.75,0.24
07:35:06,"[346.0, 56]","[341.04, 50]","[361.5, 12]","[367.0, 9]",353.75,127,15.5,0.67
07:35:07,"[346.0, 80]","[342.0, 80]","[361.1, 20]","[365.0, 21]",353.55,201,15.1,0.59
07:35:08,"[347.03, 58]","[342.62, 52]","[358.5, 20]","[361.14, 14]",352.77,144,11.47,0.53
07:35:09,"[349.22, 93]","[344.87, 134]","[356.6, 100]","[359.0, 40]",352.91,367,7.38,0.24
07:35:10,"[356.78, 144]","[347.48, 109]","[362.0, 34]","[365.72, 72]",359.39,359,5.22,0.41
07:35:11,"[359.0, 100]","[351.0, 50]","[362.0, 20]","[365.17, 48]",360.5,218,3.0,0.38
07:35:12,"[359.25, 80]","[355.29, 70]","[366.0, 30]","[367.0, 40]",362.62,220,6.75,0.36
07:35:13,"[360.34, 53]","[358.35, 85]","[366.0, 30]","[367.0, 40]",363.17,208,5.66,0.33
07:35:14,"[361.83, 63]","[360.62, 58]","[366.0, 33]","[367.0, 44]",363.91,198,4.17,0.22
07:35:15,"[358.84, 95]","[354.61, 125]","[366.09, 43]","[367.02, 61]",362.47,324,7.25,0.36
07:35:16,"[347.73, 102]","[346.63, 126]","[522.54, 57]","[637.38, 64]",435.13,349,174.82,0.31
07:35:17,"[369.0, 12]","[358.83, 66]","[418.0, 60]","[533.6, 43]",393.5,181,49.0,-0.14
07:35:18,"[369.0, 15]","[368.0, 75]","[412.21, 61]","[557.75, 73]",390.61,224,43.21,-0.2
07:35:19,"[369.0, 11]","[368.0, 55]","[560.64, 55]","[777.0, 30]",464.82,151,191.64,-0.13
07:35:20,"[369.0, 9]","[368.0, 45]","[548.44, 16]","[597.23, 31]",458.72,101,179.44,0.07
07:35:21,"[368.69, 16]","[367.86, 57]","[370.0, 12]","[443.0, 32]",369.34,117,1.31,0.25
07:35:22,"[368.0, 28]","[364.0, 12]","[371.0, 6]","[391.82, 11]",369.5,57,3.0,0.4
07:35:23,"[368.0, 30]","[366.4, 10]","[377.0, 9]","[404.0, 17]",372.5,66,9.0,0.21
07:35:24,"[368.0, 15]","[367.0, 5]","[377.0, 5]","[424.0, 5]",372.5,30,9.0,0.33
07:35:25,"[368.0, 25]","[367.0, 11]","[376.69, 13]","[458.8, 35]",372.35,84,8.69,-0.14
07:35:26,"[364.97, 91]","[363.43, 37]","[381.0, 10]","[433.73, 30]",372.98,168,16.03,0.52
07:35:27,"[365.0, 182]","[364.0, 82]","[382.0, 13]","[522.82, 34]",373.5,311,17.0,0.7
07:35:28,"[369.0, 60]","[365.75, 112]","[382.0, 10]","[497.84, 19]",375.5,201,13.0,0.71
07:35:29,"[369.0, 96]","[368.0, 112]","[382.0, 16]","[502.53, 17]",375.5,241,13.0,0.73
07:35:30,"[370.0, 195]","[369.0, 129]","[382.0, 15]","[602.38, 16]",376.0,355,12.0,0.83
07:35:31,"[371.0, 126]","[369.0, 126]","[382.0, 14]","[496.0, 21]",376.5,287,11.0,0.76
07:35:32,"[371.0, 81]","[369.0, 81]","[380.89, 9]","[420.33, 9]",375.94,180,9.89,0.8
07:35:33,"[371.0, 99]","[369.0, 99]","[378.07, 15]","[380.09, 11]",374.53,224,7.07,0.77
07:35:34,"[371.0, 126]","[369.0, 126]","[375.25, 52]","[376.0, 36]",373.12,340,4.25,0.48
07:35:35,"[370.85, 118]","[368.88, 150]","[372.41, 17]","[375.71, 85]",371.63,370,1.56,0.45
07:35:36,"[369.0, 99]","[366.1, 63]","[372.0, 11]","[387.0, 55]",370.5,228,3.0,0.42
07:35:37,"[369.0, 99]","[368.0, 33]","[371.0, 11]","[385.18, 55]",370.0,198,2.0,0.33
07:35:38,"[369.0, 99]","[368.0, 33]","[370.0, 11]","[385.0, 55]",369.5,198,1.0,0.33
07:35:39,"[369.0, 88]","[368.0, 33]","[385.0, 55]","[390.0, 11]",377.0,187,16.0,0.29
07:35:40,"[369.0, 128]","[368.0, 48]","[379.85, 47]","[384.75, 60]",374.43,283,10.85,0.24
07:35:41,"[369.0, 90]","[368.0, 45]","[371.87, 30]","[383.33, 72]",370.43,237,2.87,0.14
07:35:42,"[369.0, 36]","[368.0, 36]","[370.0, 24]","[380.0, 24]",369.5,120,1.0,0.2
07:35:43,"[369.0, 27]","[368.0, 27]","[375.7, 20]","[381.11, 27]",372.35,101,6.7,0.07
07:35:44,"[368.63, 19]","[366.44, 54]","[377.52, 25]","[378.34, 29]",373.08,127,8.89,0.15
07:35:45,"[368.0, 11]","[366.0, 66]","[375.18, 22]","[377.0, 22]",371.59,121,7.18,0.27
07:35:46,"[368.0, 14]","[366.0, 84]","[373.47, 34]","[375.71, 28]",370.74,160,5.47,0.23
07:35:47,"[368.0, 10]","[365.5, 40]","[372.2, 30]","[374.0, 20]",370.1,100,4.2,0.0
07:35:48,"[368.0, 10]","[364.86, 14]","[371.2, 30]","[374.0, 20]",369.6,74,3.2,-0.35
07:35:49,"[368.0, 18]","[366.0, 18]","[370.39, 54]","[371.89, 47]",369.19,137,2.39,-0.47
07:35:50,"[366.31, 13]","[363.46, 13]","[368.38, 39]","[371.0, 39]",367.35,104,2.08,-0.5
07:35:51,"[361.71, 42]","[360.1, 40]","[367.75, 32]","[370.0, 36]",364.73,150,6.04,0.09
07:35:52,"[363.33, 86]","[362.81, 187]","[365.88, 17]","[367.19, 32]",364.6,322,2.56,0.7
07:35:53,"[366.9, 31]","[363.79, 151]","[369.18, 34]","[374.47, 43]",368.04,259,2.27,0.41
07:35:54,"[369.0, 25]","[368.0, 9]","[371.0, 27]","[380.0, 27]",370.0,88,2.0,-0.23
07:35:55,"[369.0, 14]","[368.0, 88]","[370.0, 24]","[380.0, 24]",369.5,150,1.0,0.36
07:35:56,"[369.0, 5]","[368.0, 70]","[370.0, 15]","[380.0, 15]",369.5,105,1.0,0.43
07:35:57,"[367.43, 138]","[367.13, 97]","[377.32, 25]","[382.67, 45]",372.38,305,9.89,0.54
07:35:58,"[367.95, 74]","[366.87, 68]","[371.0, 8]","[379.08, 38]",369.47,188,3.05,0.51
07:35:59,"[369.0, 69]","[367.27, 89]","[378.71, 56]","[380.22, 37]",373.86,251,9.71,0.26
07:36:00,"[369.0, 9]","[368.0, 12]","[379.0, 24]","[382.0, 9]",374.0,54,10.0,-0.22
07:36:01,"[369.0, 18]","[368.0, 24]","[379.0, 48]","[382.0, 18]",374.0,108,10.0,-0.22
07:36:02,"[369.0, 27]","[368.0, 36]","[379.0, 72]","[382.0, 27]",374.0,162,10.0,-0.22
07:36:03,"[369.0, 24]","[368.0, 32]","[379.0, 64]","[382.0, 24]",374.0,144,10.0,-0.22
07:36:04,"[369.0, 21]","[368.0, 28]","[379.0, 56]","[382.45, 11]",374.0,116,10.0,-0.16
07:36:05,"[369.0, 27]","[368.0, 36]","[379.0, 72]","[440.67, 45]",374.0,180,10.0,-0.3
07:36:06,"[368.0, 24]","[367.0, 78]","[379.0, 48]","[383.0, 30]",373.5,180,11.0,0.13
07:36:07,"[368.0, 20]","[367.0, 65]","[379.0, 40]","[383.0, 25]",373.5,150,11.0,0.13
07:36:08,"[368.0, 60]","[367.0, 195]","[379.0, 120]","[383.0, 75]",373.5,450,11.0,0.13
07:36:09,"[368.98, 160]","[367.8, 65]","[379.0, 112]","[383.0, 70]",373.99,407,10.02,0.11
07:36:10,"[369.0, 96]","[368.0, 32]","[379.0, 64]","[383.0, 40]",374.0,232,10.0,0.1
07:36:11,"[369.0, 192]","[368.0, 64]","[376.97, 39]","[379.66, 47]",372.99,342,7.97,0.5
07:36:12,"[369.0, 175]","[368.0, 56]","[376.0, 32]","[380.24, 34]",372.5,297,7.0,0.56
07:36:13,"[369.0, 146]","[368.0, 48]","[373.75, 48]","[377.0, 12]",371.38,254,4.75,0.53
07:36:14,"[369.0, 110]","[368.0, 40]","[372.3, 40]","[377.0, 10]",370.65,200,3.3,0.5
07:36:15,"[369.0, 101]","[368.0, 52]","[370.31, 52]","[381.7, 37]",369.65,242,1.31,0.26
07:36:16,"[369.0, 12]","[368.0, 24]","[383.0, 54]","[389.0, 18]",376.0,108,14.0,-0.33
07:36:17,"[369.81, 62]","[368.29, 34]","[382.98, 83]","[387.54, 41]",376.39,220,13.17,-0.13
07:36:18,"[370.87, 134]","[369.0, 32]","[381.31, 16]","[383.0, 80]",376.09,262,10.45,0.27
07:36:19,"[371.0, 72]","[369.0, 18]","[380.95, 44]","[384.39, 31]",375.98,165,9.95,0.09
07:36:20,"[371.0, 80]","[369.0, 20]","[380.0, 10]","[381.0, 50]",375.5,160,9.0,0.25
07:36:21,"[371.0, 104]","[369.0, 51]","[378.46, 13]","[381.0, 65]",374.73,233,7.46,0.33
07:36:22,"[371.0, 44]","[369.0, 56]","[376.5, 8]","[381.75, 40]",373.75,148,5.5,0.35
07:36:23,"[371.0, 48]","[369.0, 105]","[374.2, 15]","[385.19, 63]",372.6,231,3.2,0.32
07:36:24,"[371.0, 20]","[369.0, 70]","[374.0, 10]","[389.0, 30]",372.5,130,3.0,0.38
07:36:25,"[371.0, 16]","[369.0, 56]","[373.12, 8]","[385.5, 40]",372.06,120,2.12,0.2
07:36:26,"[369.17, 69]","[367.5, 84]","[372.69, 13]","[385.77, 56]",370.93,222,3.52,0.38
07:36:27,"[369.0, 84]","[367.0, 84]","[372.0, 12]","[386.0, 60]",370.5,240,3.0,0.4
07:36:28,"[369.0, 24]","[367.38, 91]","[372.0, 13]","[386.0, 65]",370.5,193,3.0,0.19
07:36:29,"[369.0, 10]","[368.0, 70]","[383.48, 23]","[386.67, 48]",376.24,151,14.48,0.06
07:36:30,"[369.0, 5]","[368.0, 35]","[384.0, 10]","[386.0, 25]",376.5,75,15.0,0.07
07:36:31,"[368.04, 46]","[367.15, 91]","[383.23, 26]","[386.0, 65]",375.64,228,15.19,0.2
07:36:32,"[368.0, 52]","[366.89, 79]","[381.46, 26]","[385.52, 52]",374.73,209,13.46,0.25
07:36:33,"[368.0, 112]","[366.0, 33]","[381.0, 54]","[385.0, 33]",374.5,232,13.0,0.25
07:36:34,"[368.16, 183]","[367.45, 87]","[381.0, 66]","[388.88, 51]",374.58,387,12.84,0.4
07:36:35,"[368.0, 247]","[366.0, 39]","[380.94, 70]","[387.15, 54]",374.47,410,12.94,0.4
07:36:36,"[368.0, 228]","[366.0, 36]","[379.08, 24]","[382.08, 52]",373.54,340,11.08,0.55
07:36:37,"[368.0, 228]","[366.0, 36]","[378.0, 24]","[388.0, 111]",373.0,399,10.0,0.32
07:36:38,"[368.06, 202]","[367.58, 144]","[377.0, 32]","[387.23, 145]",372.53,523,8.94,0.32
07:36:39,"[369.38, 32]","[368.0, 304]","[375.69, 32]","[383.88, 64]",372.53,432,6.31,0.56
07:36:40,"[369.18, 66]","[367.96, 272]","[372.44, 32]","[385.72, 109]",370.81,479,3.26,0.41
07:36:41,"[368.0, 170]","[366.0, 33]","[369.62, 21]","[382.81, 36]",368.81,260,1.62,0.56
07:36:42,"[368.0, 53]","[366.0, 33]","[369.0, 22]","[383.44, 50]",368.5,158,1.0,0.09
07:36:43,"[367.0, 24]","[365.25, 48]","[369.0, 16]","[384.0, 48]",368.0,136,2.0,0.06
07:36:44,"[365.6, 20]","[364.8, 40]","[369.0, 10]","[384.0, 30]",367.3,100,3.4,0.2
07:36:45,"[366.5, 156]","[365.0, 96]","[369.0, 24]","[384.0, 72]",367.75,348,2.5,0.45
07:36:46,"[366.97, 116]","[364.41, 68]","[379.71, 42]","[385.23, 61]",373.34,287,12.75,0.28
07:36:47,"[365.66, 95]","[364.56, 72]","[383.21, 56]","[384.54, 56]",374.44,279,17.55,0.2
07:36:48,"[366.0, 72]","[365.0, 64]","[382.6, 40]","[383.67, 24]",374.3,200,16.6,0.36
07:36:49,"[366.69, 117]","[365.0, 104]","[381.23, 52]","[383.0, 26]",373.96,299,14.54,0.48
07:36:50,"[367.69, 87]","[366.7, 159]","[379.3, 46]","[381.32, 44]",373.5,336,11.61,0.46
07:36:51,"[369.02, 123]","[367.45, 98]","[377.29, 21]","[378.27, 30]",373.16,272,8.26,0.62
07:36:52,"[370.25, 108]","[368.0, 48]","[375.11, 36]","[377.0, 16]",372.68,208,4.86,0.5
07:36:53,"[371.0, 126]","[368.0, 56]","[374.16, 38]","[375.06, 32]",372.58,252,3.16,0.44
07:36:54,"[371.0, 81]","[368.0, 36]","[372.0, 36]","[373.0, 9]",371.5,162,1.0,0.44
07:36:55,"[371.0, 44]","[368.0, 32]","[372.55, 11]","[382.66, 29]",371.77,116,1.55,0.31
07:36:56,"[371.0, 35]","[368.0, 28]","[372.0, 7]","[383.0, 28]",371.5,98,1.0,0.29
07:36:57,"[369.04, 46]","[366.48, 66]","[383.24, 41]","[386.38, 29]",376.14,182,14.2,0.23
07:36:58,"[368.0, 45]","[366.0, 75]","[383.07, 44]","[385.66, 32]",375.53,196,15.07,0.22
07:36:59,"[368.0, 69]","[366.0, 60]","[379.67, 42]","[381.54, 39]",373.83,210,11.67,0.23
07:37:00,"[368.17, 72]","[366.75, 64]","[379.0, 48]","[381.0, 24]",373.58,208,10.83,0.31
07:37:01,"[368.11, 81]","[366.46, 78]","[371.0, 30]","[379.07, 58]",369.56,247,2.89,0.29
07:37:02,"[368.0, 78]","[366.0, 65]","[370.75, 24]","[378.54, 26]",369.38,193,2.75,0.48
07:37:03,"[368.0, 135]","[365.71, 24]","[369.72, 25]","[370.56, 32]",368.86,216,1.72,0.47
07:37:04,"[368.0, 121]","[366.0, 11]","[369.18, 22]","[373.94, 17]",368.59,171,1.18,0.54
07:37:05,"[368.0, 65]","[366.0, 11]","[379.67, 12]","[383.9, 31]",373.83,119,11.67,0.28
07:37:06,"[368.0, 45]","[366.0, 9]","[383.0, 9]","[384.0, 27]",375.5,90,15.0,0.2
07:37:07,"[368.52, 46]","[367.3, 23]","[383.0, 11]","[384.0, 33]",375.76,113,14.48,0.22
07:37:08,"[372.0, 9]","[368.57, 42]","[383.0, 8]","[384.0, 24]",377.5,83,11.0,0.23
07:37:09,"[368.0, 14]","[368.17, 24]","[383.0, 10]","[384.0, 30]",375.5,78,15.0,-0.03
07:37:10,"[366.86, 7]","[365.43, 7]","[383.0, 7]","[384.0, 21]",374.93,42,16.14,-0.33
07:37:11,"[368.0, 12]","[366.0, 12]","[383.0, 12]","[384.0, 36]",375.5,72,15.0,-0.33
07:37:12,"[368.0, 7]","[366.0, 7]","[383.0, 7]","[384.0, 21]",375.5,42,15.0,-0.33
07:37:13,"[367.82, 11]","[365.91, 11]","[382.0, 33]","[383.0, 11]",374.91,66,14.18,-0.33
07:37:14,"[364.61, 18]","[362.67, 43]","[370.47, 32]","[378.67, 33]",367.54,126,5.86,-0.03
07:37:15,"[363.52, 50]","[362.04, 100]","[365.07, 28]","[377.14, 14]",364.3,192,1.55,0.56
07:37:16,"[364.0, 135]","[363.0, 20]","[365.0, 20]","[380.0, 10]",364.5,185,1.0,0.68
07:37:17,"[364.0, 70]","[363.0, 20]","[373.08, 13]","[383.68, 38]",368.54,141,9.08,0.28
07:37:18,"[364.87, 78]","[364.27, 60]","[380.0, 14]","[384.0, 80]",372.44,232,15.13,0.19
07:37:19,"[366.0, 14]","[365.0, 56]","[380.0, 7]","[384.0, 70]",373.0,147,14.0,-0.05
07:37:20,"[366.14, 79]","[364.62, 37]","[380.0, 12]","[384.0, 120]",373.07,248,13.86,-0.06
07:37:21,"[369.0, 84]","[368.0, 24]","[379.71, 14]","[383.92, 102]",374.36,224,10.71,-0.04
07:37:22,"[369.0, 90]","[368.0, 26]","[376.69, 26]","[380.69, 29]",372.85,171,7.69,0.36
07:37:23,"[369.79, 84]","[368.0, 28]","[374.0, 28]","[381.0, 70]",371.89,210,4.21,0.07
07:37:24,"[369.86, 28]","[367.79, 28]","[372.5, 28]","[381.05, 58]",371.18,142,2.64,-0.21
07:37:25,"[364.67, 15]","[361.88, 17]","[371.4, 20]","[381.9, 10]",368.03,62,6.73,0.03
07:37:26,"[362.0, 5]","[358.0, 5]","[370.0, 10]","[379.8, 5]",366.0,25,8.0,-0.2
07:37:27,"[367.4, 10]","[361.6, 10]","[370.0, 20]","[378.0, 10]",368.7,50,2.6,-0.2
07:37:28,"[368.0, 8]","[362.0, 8]","[372.67, 12]","[410.0, 12]",370.33,40,4.67,-0.2
07:37:29,"[368.0, 9]","[362.0, 9]","[377.45, 11]","[495.68, 25]",372.73,54,9.45,-0.33
07:37:30,"[368.0, 16]","[362.0, 16]","[375.52, 21]","[376.81, 27]",371.76,80,7.52,-0.2
07:37:31,"[368.0, 25]","[362.0, 10]","[374.33, 18]","[375.0, 12]",371.17,65,6.33,0.08
07:37:32,"[368.0, 32]","[364.5, 18]","[371.44, 9]","[372.87, 15]",369.72,74,3.44,0.35
07:37:33,"[368.0, 44]","[365.0, 33]","[369.27, 22]","[371.0, 11]",368.64,110,1.27,0.4
07:37:34,"[368.0, 18]","[365.0, 27]","[371.0, 9]","[382.89, 9]",369.5,63,3.0,0.43
07:37:35,"[368.0, 11]","[365.5, 12]","[371.0, 6]","[383.0, 6]",369.5,35,3.0,0.31
07:37:36,"[368.0, 9]","[367.0, 9]","[371.0, 9]","[383.0, 9]",369.5,36,3.0,0.0
07:37:37,"[366.8, 15]","[365.75, 12]","[370.17, 12]","[383.0, 12]",368.48,51,3.37,0.06
07:37:38,"[365.6, 15]","[364.57, 21]","[368.5, 20]","[380.67, 12]",367.05,68,2.9,0.06
07:37:39,"[364.54, 26]","[363.93, 29]","[367.21, 38]","[369.08, 36]",365.87,129,2.67,-0.15
07:37:40,"[363.0, 18]","[362.0, 13]","[372.27, 22]","[375.78, 27]",367.64,80,9.27,-0.23
07:37:41,"[363.62, 29]","[362.15, 13]","[373.08, 50]","[376.92, 53]",368.35,145,9.46,-0.42
07:37:42,"[364.0, 87]","[362.62, 13]","[372.0, 52]","[373.46, 39]",368.0,191,8.0,0.05
07:37:43,"[364.0, 72]","[362.96, 23]","[372.0, 48]","[375.0, 36]",368.0,179,8.0,0.06
07:37:44,"[364.0, 84]","[363.0, 28]","[371.57, 56]","[377.44, 16]",367.79,184,7.57,0.22
07:37:45,"[367.52, 67]","[366.94, 79]","[371.73, 44]","[379.27, 49]",369.62,239,4.2,0.22
07:37:46,"[368.44, 32]","[366.72, 47]","[374.55, 29]","[381.37, 41]",371.49,149,6.11,0.06
07:37:47,"[368.0, 27]","[364.44, 50]","[374.0, 25]","[381.45, 29]",371.0,131,6.0,0.18
07:37:48,"[368.0, 66]","[365.0, 126]","[378.86, 7]","[382.0, 19]",373.43,218,10.86,0.76
07:37:49,"[368.0, 120]","[365.0, 180]","[377.82, 44]","[379.4, 10]",372.91,354,9.82,0.69
07:37:50,"[368.0, 108]","[365.44, 96]","[377.0, 45]","[378.0, 9]",372.5,258,9.0,0.58
07:37:51,"[368.0, 120]","[366.0, 70]","[375.5, 50]","[378.0, 10]",371.75,250,7.5,0.52
07:37:52,"[368.0, 144]","[366.0, 84]","[374.06, 81]","[378.0, 32]",371.03,341,6.06,0.34
07:37:53,"[368.0, 84]","[366.0, 49]","[373.27, 41]","[375.6, 25]",370.63,199,5.27,0.34
07:37:54,"[368.0, 111]","[366.0, 84]","[371.0, 60]","[377.91, 45]",369.5,300,3.0,0.3
07:37:55,"[368.0, 36]","[366.0, 28]","[371.0, 20]","[379.0, 16]",369.5,100,3.0,0.28
07:37:56,"[368.0, 75]","[366.0, 70]","[370.62, 26]","[376.21, 43]",369.31,214,2.62,0.36
07:37:57,"[368.0, 22]","[366.0, 70]","[369.0, 10]","[383.32, 59]",368.5,161,1.0,0.14
07:37:58,"[366.08, 51]","[365.1, 140]","[369.0, 9]","[384.0, 63]",367.54,263,2.92,0.45
07:37:59,"[366.34, 83]","[365.08, 156]","[369.0, 10]","[383.0, 28]",367.67,277,2.66,0.73
07:38:00,"[367.0, 182]","[366.0, 78]","[368.31, 13]","[381.62, 13]",367.65,286,1.31,0.82
07:38:01,"[366.49, 57]","[365.07, 174]","[380.0, 11]","[383.7, 23]",373.25,265,13.51,0.74
07:38:02,"[367.0, 36]","[366.0, 9]","[382.78, 9]","[383.91, 23]",374.89,77,15.78,0.17
07:38:03,"[369.94, 157]","[368.09, 44]","[381.72, 18]","[383.31, 49]",375.83,268,11.79,0.5
07:38:04,"[370.0, 90]","[369.0, 18]","[381.0, 18]","[383.14, 29]",375.5,155,11.0,0.39
07:38:05,"[370.0, 170]","[367.53, 45]","[380.36, 33]","[383.5, 26]",375.18,274,10.36,0.57
07:38:06,"[370.0, 130]","[367.0, 39]","[377.43, 21]","[378.74, 19]",373.71,209,7.43,0.62
07:38:07,"[370.0, 110]","[367.0, 33]","[377.0, 22]","[378.0, 11]",373.5,176,7.0,0.62
07:38:08,"[368.04, 67]","[367.0, 45]","[375.24, 34]","[378.0, 17]",371.64,163,7.19,0.37
07:38:09,"[369.79, 78]","[367.68, 47]","[372.55, 31]","[374.78, 23]",371.17,179,2.75,0.4
07:38:10,"[367.88, 216]","[366.68, 57]","[371.19, 36]","[372.48, 29]",369.54,338,3.31,0.62
07:38:11,"[368.0, 183]","[367.0, 33]","[369.85, 13]","[374.75, 24]",368.92,253,1.85,0.71
07:38:12,"[368.0, 196]","[367.0, 42]","[379.83, 48]","[384.31, 26]",373.92,312,11.83,0.53
07:38:13,"[368.0, 143]","[367.0, 33]","[384.0, 20]","[388.83, 35]",376.0,231,16.0,0.52
07:38:14,"[368.0, 65]","[367.0, 15]","[387.0, 5]","[389.0, 20]",377.5,105,19.0,0.52
07:38:15,"[368.0, 65]","[367.0, 15]","[387.0, 5]","[389.0, 20]",377.5,105,19.0,0.52
07:38:16,"[368.0, 104]","[367.0, 24]","[387.0, 8]","[389.0, 32]",377.5,168,19.0,0.52
07:38:17,"[368.0, 104]","[367.0, 24]","[387.0, 8]","[389.0, 32]",377.5,168,19.0,0.52
07:38:18,"[368.0, 157]","[367.0, 39]","[371.32, 19]","[385.26, 27]",369.66,242,3.32,0.62
07:38:19,"[368.0, 130]","[367.0, 39]","[381.36, 33]","[385.62, 29]",374.68,231,13.36,0.46
07:38:20,"[368.0, 86]","[367.0, 30]","[379.78, 46]","[387.17, 30]",373.89,192,11.78,0.21
07:38:21,"[368.0, 92]","[367.0, 39]","[379.23, 57]","[383.73, 44]",373.61,232,11.23,0.13
07:38:22,"[368.0, 24]","[367.0, 12]","[376.0, 20]","[388.0, 16]",372.0,72,8.0,0.0
07:38:23,"[368.0, 66]","[367.0, 33]","[376.0, 55]","[387.18, 44]",372.0,198,8.0,0.0
07:38:24,"[368.0, 72]","[367.0, 36]","[376.0, 60]","[387.0, 48]",372.0,216,8.0,0.0
07:38:25,"[368.0, 54]","[367.0, 33]","[374.27, 55]","[375.27, 55]",371.14,197,6.27,-0.12
07:38:26,"[368.0, 42]","[367.0, 42]","[371.86, 70]","[373.93, 70]",369.93,224,3.86,-0.25
07:38:27,"[368.0, 39]","[367.0, 39]","[369.08, 65]","[370.15, 65]",368.54,208,1.08,-0.25
07:38:28,"[367.24, 25]","[366.25, 24]","[368.38, 39]","[369.73, 55]",367.81,143,1.14,-0.31
07:38:29,"[366.25, 16]","[365.25, 32]","[371.68, 38]","[371.94, 34]",368.97,120,5.43,-0.2
07:38:30,"[366.0, 26]","[365.0, 52]","[374.04, 52]","[375.0, 60]",370.02,190,8.04,-0.18
07:38:31,"[367.55, 44]","[365.69, 52]","[373.5, 88]","[375.0, 110]",370.52,294,5.95,-0.35
07:38:32,"[368.23, 22]","[366.1, 42]","[373.0, 64]","[380.0, 16]",370.61,144,4.77,-0.11
07:38:33,"[366.0, 9]","[365.0, 36]","[373.0, 36]","[380.0, 9]",369.5,90,7.0,0.0
07:38:34,"[365.96, 25]","[364.82, 45]","[370.87, 60]","[373.12, 57]",368.41,187,4.91,-0.25
07:38:35,"[365.86, 49]","[363.67, 42]","[367.86, 84]","[373.0, 84]",366.86,259,2.0,-0.3
07:38:36,"[363.8, 20]","[362.91, 35]","[366.62, 32]","[371.36, 44]",365.21,131,2.82,-0.16
07:38:37,"[363.0, 38]","[361.18, 17]","[364.56, 36]","[366.11, 36]",363.78,127,1.56,-0.13
07:38:38,"[362.38, 26]","[360.89, 38]","[364.23, 35]","[365.7, 40]",363.31,139,1.84,-0.08
07:38:39,"[361.0, 28]","[359.0, 7]","[363.16, 19]","[364.75, 16]",362.08,70,2.16,0.0
07:38:40,"[360.96, 50]","[358.57, 14]","[362.47, 53]","[365.47, 15]",361.72,132,1.51,-0.03
07:38:41,"[366.09, 79]","[360.8, 35]","[367.8, 56]","[376.59, 34]",366.95,204,1.71,0.12
07:38:42,"[367.0, 91]","[365.0, 65]","[373.0, 13]","[375.0, 26]",370.0,195,6.0,0.6
07:38:43,"[367.0, 98]","[365.0, 70]","[370.91, 23]","[372.21, 19]",368.96,210,3.91,0.6
07:38:44,"[367.0, 56]","[365.0, 65]","[368.08, 26]","[370.0, 13]",367.54,160,1.08,0.51
07:38:45,"[367.0, 24]","[365.0, 60]","[368.0, 24]","[370.0, 15]",367.5,123,1.0,0.37
07:38:46,"[366.41, 17]","[364.73, 41]","[368.15, 13]","[370.86, 7]",367.28,78,1.74,0.49
07:38:47,"[365.57, 42]","[364.14, 128]","[369.5, 16]","[376.0, 16]",367.54,202,3.93,0.68
07:38:48,"[367.0, 92]","[365.0, 57]","[371.82, 22]","[376.83, 29]",369.41,200,4.82,0.49
07:38:49,"[367.0, 50]","[365.0, 30]","[372.0, 16]","[376.89, 18]",369.5,114,5.0,0.4
07:38:50,"[367.0, 41]","[365.0, 27]","[376.88, 16]","[380.18, 11]",371.94,95,9.88,0.43
07:38:51,"[367.0, 24]","[365.0, 24]","[377.0, 16]","[382.0, 8]",372.0,72,10.0,0.33
07:38:52,"[367.0, 51]","[365.0, 27]","[377.0, 18]","[382.0, 9]",372.0,105,10.0,0.49
07:38:53,"[367.0, 73]","[365.0, 27]","[377.0, 18]","[382.0, 9]",372.0,127,10.0,0.57
07:38:54,"[367.0, 48]","[365.0, 18]","[377.0, 12]","[382.0, 6]",372.0,84,10.0,0.57
07:38:55,"[368.0, 64]","[367.0, 128]","[377.0, 32]","[382.0, 16]",372.5,240,9.0,0.6
07:38:56,"[367.25, 96]","[366.28, 75]","[375.64, 50]","[378.96, 25]",371.44,246,8.39,0.39
07:38:57,"[367.0, 112]","[365.0, 42]","[374.43, 56]","[378.88, 25]",370.71,235,7.43,0.31
07:38:58,"[367.0, 104]","[365.0, 39]","[373.21, 53]","[377.92, 25]",370.1,221,6.21,0.29
07:38:59,"[367.0, 128]","[365.0, 48]","[372.0, 80]","[373.0, 64]",369.5,320,5.0,0.1
07:39:00,"[367.0, 96]","[365.0, 36]","[371.29, 56]","[372.47, 51]",369.14,239,4.29,0.1
07:39:01,"[367.0, 108]","[365.75, 48]","[368.71, 68]","[372.12, 64]",367.85,288,1.71,0.08
07:39:02,"[366.59, 37]","[364.71, 85]","[368.77, 57]","[375.16, 38]",367.68,217,2.18,0.12
07:39:03,"[366.0, 24]","[364.35, 34]","[369.0, 32]","[381.0, 8]",367.5,98,3.0,0.18
07:39:04,"[366.0, 48]","[365.0, 32]","[368.5, 56]","[373.57, 28]",367.25,164,2.5,-0.02
07:39:05,"[366.0, 39]","[364.18, 80]","[367.0, 26]","[368.0, 52]",366.5,197,1.0,0.21
07:39:06,"[364.65, 51]","[363.93, 91]","[367.0, 22]","[371.69, 26]",365.82,190,2.35,0.49
07:39:07,"[364.0, 120]","[362.0, 11]","[366.15, 13]","[368.6, 20]",365.08,164,2.15,0.6
07:39:08,"[364.0, 130]","[362.0, 13]","[366.6, 25]","[380.24, 17]",365.3,185,2.6,0.55
07:39:09,"[364.06, 52]","[362.67, 12]","[373.07, 15]","[382.65, 23]",368.56,102,9.01,0.25
07:39:10,"[366.57, 28]","[364.8, 41]","[380.38, 26]","[382.52, 29]",373.48,124,13.81,0.11
07:39:11,"[367.0, 26]","[365.77, 39]","[378.41, 59]","[379.47, 38]",372.7,162,11.41,-0.2
07:39:12,"[366.67, 24]","[365.2, 40]","[377.33, 60]","[379.0, 48]",372.0,172,10.67,-0.26
07:39:13,"[364.12, 34]","[362.67, 12]","[374.19, 42]","[375.79, 39]",369.15,127,10.07,-0.28
07:39:14,"[364.0, 52]","[362.0, 13]","[372.27, 55]","[373.19, 62]",368.14,182,8.27,-0.29
07:39:15,"[364.83, 29]","[361.18, 62]","[371.57, 70]","[372.68, 74]",368.2,235,6.74,-0.23
07:39:16,"[364.0, 17]","[362.61, 143]","[368.86, 79]","[369.85, 74]",366.43,313,4.86,0.02
07:39:17,"[363.1, 50]","[362.39, 115]","[365.25, 48]","[366.48, 42]",364.18,255,2.15,0.29
07:39:18,"[363.0, 72]","[362.0, 112]","[364.79, 38]","[365.71, 34]",363.89,256,1.79,0.44
07:39:19,"[363.0, 35]","[362.0, 98]","[365.0, 27]","[375.29, 7]",364.0,167,2.0,0.59
07:39:20,"[363.26, 58]","[362.03, 159]","[372.42, 12]","[380.13, 39]",367.84,268,9.16,0.62
07:39:21,"[366.46, 39]","[362.52, 87]","[376.5, 12]","[380.0, 48]",371.48,186,10.04,0.35
07:39:22,"[366.66, 29]","[362.45, 65]","[377.0, 11]","[380.0, 44]",371.83,149,10.34,0.26
07:39:23,"[368.67, 6]","[362.37, 19]","[377.0, 3]","[380.0, 12]",372.83,40,8.33,0.25
07:39:24,"[363.0, 10]","[362.0, 140]","[375.77, 22]","[379.18, 22]",369.39,194,12.77,0.55
07:39:25,"[363.0, 6]","[362.0, 84]","[375.0, 18]","[377.0, 6]",369.0,114,12.0,0.58
07:39:26,"[363.0, 4]","[362.0, 56]","[375.0, 12]","[378.33, 9]",369.0,81,12.0,0.48
07:39:27,"[362.08, 76]","[359.27, 154]","[374.92, 39]","[377.62, 52]",368.5,321,12.84,0.43
07:39:28,"[362.0, 140]","[356.0, 140]","[373.21, 42]","[377.64, 56]",367.61,378,11.21,0.48
07:39:29,"[362.0, 90]","[356.0, 90]","[371.89, 27]","[378.0, 36]",366.94,243,9.89,0.48
07:39:30,"[362.0, 100]","[356.0, 100]","[371.0, 30]","[374.4, 40]",366.5,270,9.0,0.48
07:39:31,"[362.52, 54]","[357.0, 60]","[371.0, 18]","[374.0, 24]",366.76,156,8.48,0.46
07:39:32,"[369.0, 28]","[362.0, 70]","[371.0, 21]","[374.0, 28]",370.0,147,2.0,0.33
07:39:33,"[369.0, 57]","[362.0, 150]","[370.74, 46]","[373.4, 60]",369.87,313,1.74,0.32
07:39:34,"[369.0, 13]","[362.0, 130]","[376.37, 76]","[380.82, 49]",372.68,268,7.37,0.07
07:39:35,"[363.17, 72]","[360.0, 108]","[375.5, 56]","[377.38, 106]",369.33,342,12.33,0.05
07:39:36,"[364.35, 114]","[362.85, 115]","[375.0, 54]","[377.0, 102]",369.68,385,10.65,0.19
07:39:37,"[366.0, 52]","[364.0, 91]","[376.36, 44]","[377.54, 52]",371.18,239,10.36,0.2
07:39:38,"[367.86, 56]","[364.0, 98]","[375.86, 28]","[376.93, 56]",371.86,238,8.0,0.29
07:39:39,"[368.0, 80]","[364.0, 140]","[372.33, 55]","[373.76, 45]",370.16,320,4.33,0.38
07:39:40,"[365.45, 55]","[362.93, 98]","[372.61, 51]","[377.51, 57]",369.03,261,7.15,0.17
07:39:41,"[364.28, 58]","[363.61, 46]","[380.0, 40]","[383.0, 40]",372.14,184,15.72,0.13
07:39:42,"[365.0, 52]","[364.0, 91]","[380.0, 52]","[383.0, 52]",372.5,247,15.0,0.16
07:39:43,"[366.89, 76]","[364.72, 116]","[380.0, 80]","[383.0, 80]",373.45,352,13.11,0.09
07:39:44,"[367.75, 53]","[364.94, 81]","[380.0, 56]","[383.0, 56]",373.88,246,12.25,0.09
07:39:45,"[367.92, 52]","[364.99, 73]","[379.46, 52]","[381.38, 52]",373.69,229,11.54,0.09
07:39:46,"[369.0, 48]","[367.0, 48]","[376.92, 48]","[378.5, 48]",372.96,192,7.92,0.0
07:39:47,"[369.0, 60]","[367.0, 60]","[375.27, 60]","[380.37, 76]",372.13,256,6.27,-0.06
07:39:48,"[369.0, 52]","[367.0, 52]","[373.38, 52]","[382.53, 68]",371.19,224,4.38,-0.07
07:39:49,"[368.47, 76]","[366.37, 71]","[370.9, 84]","[375.68, 77]",369.69,308,2.43,-0.05
07:39:50,"[366.04, 23]","[364.02, 40]","[367.18, 44]","[369.52, 29]",366.61,136,1.14,-0.07
07:39:51,"[365.08, 13]","[364.03, 37]","[367.77, 13]","[375.8, 30]",366.42,93,2.69,0.08
07:39:52,"[366.0, 13]","[365.0, 13]","[367.0, 13]","[376.15, 26]",366.5,65,1.0,-0.2
07:39:53,"[366.0, 10]","[365.0, 10]","[367.0, 10]","[378.0, 20]",366.5,50,1.0,-0.2
07:39:54,"[356.68, 25]","[355.28, 43]","[378.0, 18]","[379.0, 36]",367.34,122,21.32,0.11
07:39:55,"[351.0, 65]","[348.0, 78]","[361.64, 44]","[374.44, 75]",356.32,262,10.64,0.09
07:39:56,"[351.0, 55]","[348.0, 66]","[357.17, 24]","[358.27, 44]",354.08,189,6.17,0.28
07:39:57,"[351.0, 35]","[348.0, 42]","[357.73, 22]","[359.71, 28]",354.36,127,6.73,0.21
07:39:58,"[351.0, 40]","[348.0, 48]","[358.0, 32]","[361.0, 32]",354.5,152,7.0,0.16
07:39:59,"[353.38, 39]","[351.0, 65]","[358.0, 52]","[361.0, 52]",355.69,208,4.62,0.0
07:40:00,"[355.0, 33]","[350.22, 46]","[358.0, 44]","[361.0, 44]",356.5,167,3.0,-0.05
07:40:01,"[355.92, 36]","[345.0, 72]","[357.92, 48]","[360.75, 48]",356.92,204,2.0,0.06
07:40:02,"[347.17, 87]","[341.21, 77]","[356.57, 56]","[358.0, 68]",351.87,288,9.4,0.14
07:40:03,"[351.71, 28]","[348.95, 43]","[356.75, 32]","[358.69, 52]",354.23,155,5.04,-0.08
07:40:04,"[346.56, 78]","[343.8, 45]","[356.73, 15]","[358.0, 60]",351.65,198,10.17,0.24
07:40:05,"[343.0, 72]","[336.15, 33]","[358.0, 36]","[361.0, 58]",350.5,199,15.0,0.06
07:40:06,"[343.0, 84]","[336.0, 56]","[358.0, 42]","[361.0, 70]",350.5,252,15.0,0.11
07:40:07,"[343.0, 24]","[336.0, 16]","[358.0, 12]","[361.0, 20]",350.5,72,15.0,0.11
07:40:08,"[343.0, 54]","[336.0, 36]","[358.0, 19]","[361.0, 45]",350.5,154,15.0,0.17
07:40:09,"[346.92, 25]","[342.0, 39]","[358.0, 20]","[361.0, 50]",352.46,134,11.08,-0.04
07:40:10,"[338.72, 43]","[337.08, 39]","[357.78, 18]","[360.69, 39]",348.25,139,19.06,0.18
07:40:11,"[337.62, 64]","[336.79, 76]","[356.84, 37]","[357.88, 25]",347.23,202,19.21,0.39
07:40:12,"[338.4, 60]","[337.1, 80]","[356.49, 37]","[358.0, 62]",347.44,239,18.09,0.17
07:40:13,"[340.0, 54]","[338.0, 36]","[357.85, 41]","[360.63, 49]",348.93,180,17.85,0.0
07:40:14,"[340.0, 54]","[335.0, 28]","[357.11, 27]","[358.08, 25]",348.56,134,17.11,0.22
07:40:15,"[340.0, 60]","[337.0, 60]","[358.0, 30]","[360.0, 10]",349.0,160,18.0,0.5
07:40:16,"[341.05, 43]","[337.9, 60]","[360.0, 36]","[361.0, 48]",350.52,187,18.95,0.1
07:40:17,"[343.0, 55]","[338.0, 22]","[358.76, 34]","[360.41, 59]",350.88,170,15.76,-0.09
07:40:18,"[344.39, 49]","[340.79, 42]","[357.0, 15]","[359.33, 15]",350.69,121,12.61,0.5
07:40:19,"[347.53, 75]","[345.0, 45]","[357.08, 26]","[360.52, 50]",352.31,196,9.54,0.22
07:40:20,"[349.0, 60]","[345.0, 36]","[360.6, 40]","[361.88, 68]",354.8,204,11.6,-0.06
07:40:21,"[349.09, 55]","[345.0, 33]","[360.53, 64]","[363.37, 57]",354.81,209,11.44,-0.16
07:40:22,"[351.0, 40]","[350.0, 56]","[358.0, 55]","[361.0, 61]",354.5,212,7.0,-0.09
07:40:23,"[353.06, 34]","[351.4, 35]","[357.31, 32]","[358.11, 57]",355.19,158,4.25,-0.13
07:40:24,"[354.18, 51]","[353.72, 75]","[357.32, 50]","[359.03, 76]",355.75,252,3.14,0.0
07:40:25,"[354.62, 48]","[351.52, 23]","[358.0, 40]","[361.0, 8]",356.31,119,3.38,0.19
07:40:26,"[355.67, 48]","[347.05, 40]","[358.14, 44]","[359.17, 41]",356.9,173,2.47,0.02
07:40:27,"[343.33, 18]","[340.32, 25]","[359.94, 53]","[360.67, 15]",351.64,111,16.61,-0.23
07:40:28,"[355.03, 38]","[342.04, 28]","[358.68, 34]","[360.98, 46]",356.85,146,3.65,-0.1
07:40:29,"[342.54, 13]","[339.0, 39]","[357.85, 26]","[361.0, 13]",350.19,91,15.31,0.14
07:40:30,"[344.79, 14]","[339.0, 42]","[356.29, 31]","[360.33, 15]",350.54,102,11.5,0.1
07:40:31,"[353.14, 73]","[341.99, 105]","[354.85, 65]","[356.0, 26]",353.99,269,1.71,0.32
07:40:32,"[345.71, 17]","[339.65, 187]","[354.67, 33]","[359.06, 34]",350.19,271,8.96,0.51
07:40:33,"[346.17, 6]","[338.0, 66]","[355.0, 6]","[360.0, 12]",350.58,90,8.83,0.6
07:40:34,"[347.38, 8]","[338.0, 212]","[355.0, 8]","[360.0, 16]",351.19,244,7.62,0.8
07:40:35,"[348.43, 14]","[337.97, 157]","[355.0, 14]","[360.0, 28]",351.71,213,6.57,0.61
07:40:36,"[351.42, 19]","[345.59, 29]","[363.02, 40]","[367.06, 68]",357.22,156,11.6,-0.38
07:40:37,"[357.61, 36]","[354.7, 33]","[365.67, 72]","[376.1, 100]",361.64,241,8.06,-0.43
07:40:38,"[360.09, 45]","[358.81, 104]","[368.0, 90]","[502.77, 69]",364.04,308,7.91,-0.03
07:40:39,"[355.36, 22]","[345.27, 41]","[366.18, 55]","[371.18, 55]",360.77,173,10.82,-0.27
07:40:40,"[348.12, 145]","[345.27, 79]","[359.6, 25]","[365.42, 60]",353.86,309,11.48,0.45
07:40:41,"[347.08, 102]","[344.15, 34]","[358.0, 10]","[361.0, 16]",352.54,162,10.92,0.68
07:40:42,"[346.26, 76]","[343.07, 56]","[352.18, 68]","[358.67, 18]",349.22,218,5.91,0.21
07:40:43,"[347.08, 26]","[341.46, 143]","[352.0, 52]","[358.0, 13]",349.54,234,4.92,0.44
07:40:44,"[348.25, 24]","[342.0, 132]","[352.0, 32]","[358.0, 12]",350.12,200,3.75,0.56
07:40:45,"[352.0, 25]","[343.31, 64]","[367.0, 52]","[369.79, 56]",359.5,197,15.0,-0.1
07:40:46,"[353.91, 22]","[343.45, 58]","[367.0, 44]","[368.0, 22]",360.45,146,13.09,0.1
07:40:47,"[354.77, 26]","[348.0, 26]","[367.0, 39]","[368.0, 86]",360.88,177,12.23,-0.41
07:40:48,"[355.96, 57]","[354.14, 57]","[366.12, 48]","[367.25, 56]",361.04,218,10.16,0.05
07:40:49,"[357.93, 30]","[356.0, 105]","[363.07, 45]","[365.6, 45]",360.5,225,5.13,0.2
07:40:50,"[359.8, 61]","[354.96, 56]","[363.56, 41]","[368.44, 61]",361.68,219,3.76,0.07
07:40:51,"[360.58, 79]","[354.17, 35]","[368.0, 65]","[370.0, 91]",364.29,270,7.42,-0.16
07:40:52,"[363.23, 88]","[362.12, 16]","[368.0, 70]","[370.0, 98]",365.61,272,4.77,-0.24
07:40:53,"[365.39, 49]","[363.0, 13]","[368.0, 65]","[370.0, 91]",366.69,218,2.61,-0.43
07:40:54,"[364.2, 10]","[362.25, 16]","[368.0, 50]","[370.0, 70]",366.1,146,3.8,-0.64
07:40:55,"[362.64, 11]","[357.11, 36]","[368.0, 45]","[370.0, 63]",365.32,155,5.36,-0.39
07:40:56,"[362.0, 16]","[354.0, 88]","[368.0, 30]","[370.0, 56]",365.0,190,6.0,0.09
07:40:57,"[362.0, 22]","[354.0, 121]","[369.79, 47]","[370.59, 41]",365.89,231,7.79,0.24
07:40:58,"[363.46, 48]","[356.13, 45]","[370.0, 63]","[374.0, 9]",366.73,165,6.54,0.13
07:40:59,"[367.45, 51]","[363.89, 74]","[369.79, 73]","[371.45, 29]",368.62,227,2.34,0.1
07:41:00,"[368.0, 56]","[362.0, 28]","[369.84, 31]","[371.94, 67]",368.92,182,1.84,-0.08
07:41:01,"[364.09, 46]","[354.57, 113]","[370.51, 41]","[374.98, 61]",367.3,261,6.43,0.22
07:41:02,"[365.42, 55]","[360.42, 48]","[373.0, 18]","[374.0, 18]",369.21,139,7.58,0.48
07:41:03,"[368.25, 101]","[366.93, 42]","[372.5, 14]","[374.0, 14]",370.37,171,4.25,0.67
07:41:04,"[369.81, 75]","[367.2, 30]","[371.07, 14]","[375.14, 21]",370.44,140,1.26,0.5
07:41:05,"[368.8, 10]","[367.18, 22]","[374.75, 16]","[379.0, 14]",371.77,62,5.95,0.03
07:41:06,"[368.0, 12]","[367.0, 36]","[376.0, 24]","[383.0, 12]",372.0,84,8.0,0.14
07:41:07,"[368.0, 10]","[367.0, 30]","[376.0, 20]","[383.0, 10]",372.0,70,8.0,0.14
07:41:08,"[368.0, 5]","[367.0, 15]","[376.0, 10]","[383.0, 5]",372.0,35,8.0,0.14
07:41:09,"[357.17, 12]","[356.0, 20]","[376.0, 10]","[383.43, 7]",366.58,49,18.83,0.31
07:41:10,"[356.11, 19]","[353.21, 43]","[374.33, 39]","[378.7, 20]",365.22,121,18.23,0.02
07:41:11,"[364.0, 9]","[353.08, 75]","[374.0, 45]","[375.89, 18]",369.0,147,10.0,0.14
07:41:12,"[364.0, 6]","[355.0, 18]","[374.0, 30]","[375.0, 12]",369.0,66,10.0,-0.27
07:41:13,"[364.0, 7]","[355.0, 21]","[371.73, 33]","[372.84, 19]",367.86,80,7.73,-0.3
07:41:14,"[360.14, 14]","[354.2, 40]","[367.1, 51]","[369.0, 33]",363.62,138,6.96,-0.22
07:41:15,"[355.8, 61]","[353.74, 38]","[360.46, 52]","[362.76, 50]",358.13,201,4.66,-0.01
07:41:16,"[356.0, 56]","[355.0, 16]","[358.38, 32]","[360.0, 32]",357.19,136,2.38,0.06
07:41:17,"[356.0, 72]","[355.0, 24]","[357.42, 48]","[360.0, 48]",356.71,192,1.42,0.0
07:41:18,"[355.64, 39]","[352.79, 38]","[357.8, 45]","[361.6, 45]",356.72,167,2.16,-0.08
07:41:19,"[356.0, 12]","[351.4, 50]","[357.0, 84]","[360.0, 48]",356.5,194,1.0,-0.36
07:41:20,"[349.0, 105]","[348.0, 14]","[357.0, 42]","[360.0, 28]",353.0,189,8.0,0.26
07:41:21,"[349.0, 90]","[348.0, 12]","[357.0, 36]","[360.0, 24]",353.0,162,8.0,0.26
07:41:22,"[349.14, 70]","[348.95, 160]","[357.0, 84]","[360.0, 56]",353.07,370,7.86,0.24
07:41:23,"[350.81, 16]","[348.88, 98]","[357.0, 90]","[360.0, 64]",353.91,268,6.19,-0.15
07:41:24,"[353.62, 16]","[352.62, 16]","[356.53, 64]","[359.61, 46]",355.08,142,2.91,-0.55
07:41:25,"[350.37, 38]","[346.43, 101]","[355.5, 30]","[358.05, 55]",352.93,224,5.13,0.24
07:41:26,"[347.0, 42]","[344.0, 112]","[351.0, 64]","[354.07, 14]",349.0,232,4.0,0.33
07:41:27,"[347.0, 39]","[344.0, 104]","[351.0, 65]","[353.0, 13]",349.0,221,4.0,0.29
07:41:28,"[347.0, 27]","[344.0, 72]","[351.0, 45]","[353.0, 9]",349.0,153,4.0,0.29
07:41:29,"[347.0, 21]","[344.0, 56]","[351.0, 28]","[353.0, 7]",349.0,112,4.0,0.38
07:41:30,"[347.25, 24]","[344.46, 50]","[351.0, 36]","[353.0, 9]",349.12,119,3.75,0.24
07:41:31,"[348.71, 28]","[347.44, 36]","[351.0, 64]","[353.0, 16]",349.86,144,2.29,-0.11
07:41:32,"[352.2, 80]","[350.6, 25]","[358.09, 33]","[358.33, 27]",355.15,165,5.89,0.27
07:41:33,"[354.25, 85]","[352.96, 50]","[357.86, 70]","[360.09, 33]",356.05,238,3.61,0.13
07:41:34,"[355.53, 119]","[354.0, 34]","[357.0, 85]","[359.0, 34]",356.26,272,1.47,0.12
07:41:35,"[356.0, 98]","[354.0, 28]","[357.0, 48]","[358.64, 28]",356.5,202,1.0,0.25
07:41:36,"[356.0, 91]","[354.0, 26]","[357.0, 39]","[359.0, 26]",356.5,182,1.0,0.29
07:41:37,"[355.3, 60]","[345.0, 20]","[358.71, 21]","[359.86, 42]",357.01,143,3.41,0.12
07:41:38,"[355.0, 30]","[354.0, 5]","[359.0, 10]","[360.0, 20]",357.0,65,4.0,0.08
07:41:39,"[355.22, 23]","[351.77, 39]","[359.0, 16]","[360.0, 32]",357.11,110,3.78,0.13
07:41:40,"[357.82, 49]","[350.58, 43]","[359.35, 34]","[360.38, 47]",358.58,173,1.54,0.06
07:41:41,"[359.0, 10]","[340.41, 29]","[363.0, 16]","[366.96, 50]",361.0,105,4.0,-0.26
07:41:42,"[360.0, 16]","[341.0, 92]","[365.03, 72]","[366.96, 83]",362.51,263,5.03,-0.18
07:41:43,"[360.0, 15]","[341.26, 43]","[363.68, 41]","[367.0, 105]",361.84,204,3.68,-0.43
07:41:44,"[343.71, 31]","[342.11, 45]","[361.0, 17]","[367.0, 94]",352.35,187,17.29,-0.19
07:41:45,"[344.0, 13]","[343.0, 39]","[359.54, 13]","[372.0, 26]",351.77,91,15.54,0.14
07:41:46,"[347.31, 32]","[346.12, 48]","[356.79, 24]","[362.0, 36]",352.05,140,9.48,0.14
07:41:47,"[348.0, 20]","[344.21, 56]","[353.11, 53]","[361.94, 34]",350.56,163,5.11,-0.07
07:41:48,"[348.56, 18]","[344.14, 42]","[353.0, 54]","[362.0, 90]",350.78,204,4.44,-0.41
07:41:49,"[351.67, 15]","[346.58, 24]","[361.24, 71]","[362.57, 23]",356.45,133,9.57,-0.41
07:41:50,"[352.44, 16]","[351.44, 16]","[361.17, 48]","[362.17, 48]",356.8,128,8.73,-0.5
07:41:51,"[355.0, 14]","[345.6, 20]","[356.1, 30]","[359.88, 26]",355.55,90,1.1,-0.24
07:41:52,"[344.09, 22]","[338.91, 32]","[355.92, 24]","[358.86, 14]",350.0,92,11.83,0.17
07:41:53,"[340.0, 28]","[336.0, 14]","[355.36, 28]","[358.31, 39]",347.68,109,15.36,-0.23
07:41:54,"[340.0, 8]","[336.0, 7]","[357.0, 4]","[359.0, 40]",348.5,59,17.0,-0.49
07:41:55,"[340.0, 10]","[336.0, 10]","[357.0, 5]","[359.0, 50]",348.5,75,17.0,-0.47
07:41:56,"[340.0, 24]","[336.1, 21]","[357.0, 12]","[359.0, 120]",348.5,177,17.0,-0.49
07:41:57,"[340.7, 40]","[337.43, 14]","[357.0, 10]","[359.0, 100]",348.85,164,16.3,-0.34
07:41:58,"[341.0, 71]","[338.0, 22]","[357.0, 11]","[359.0, 110]",349.0,214,16.0,-0.13
07:41:59,"[341.0, 75]","[338.0, 30]","[356.02, 43]","[357.83, 24]",348.51,172,15.02,0.22
07:42:00,"[342.0, 45]","[338.0, 18]","[356.0, 27]","[357.0, 9]",349.0,99,14.0,0.27
07:42:01,"[343.54, 65]","[341.0, 37]","[356.35, 23]","[358.78, 45]",349.94,170,12.81,0.2
07:42:02,"[345.0, 50]","[341.7, 30]","[351.65, 17]","[358.44, 18]",348.32,115,6.65,0.39
07:42:03,"[346.93, 159]","[346.59, 171]","[350.0, 30]","[357.0, 15]",348.47,375,3.07,0.76
07:42:04,"[348.87, 39]","[347.37, 27]","[350.0, 6]","[357.0, 3]",349.44,75,1.13,0.76
07:42:05,"[349.19, 140]","[346.81, 53]","[354.12, 17]","[358.76, 34]",351.66,244,4.92,0.58
07:42:06,"[352.27, 174]","[351.34, 141]","[357.0, 15]","[358.13, 69]",354.64,399,4.73,0.58
07:42:07,"[356.29, 143]","[353.61, 221]","[358.19, 57]","[359.18, 44]",357.24,465,1.91,0.57
07:42:08,"[358.03, 68]","[356.13, 61]","[359.79, 28]","[361.86, 59]",358.91,216,1.76,0.19
07:42:09,"[359.0, 35]","[347.52, 23]","[360.0, 10]","[362.0, 35]",359.5,103,1.0,0.13
07:42:10,"[359.11, 73]","[346.27, 49]","[361.94, 67]","[367.06, 36]",360.52,225,2.83,0.08
07:42:11,"[360.67, 60]","[354.47, 75]","[363.67, 49]","[437.24, 29]",362.17,213,3.01,0.27
07:42:12,"[361.0, 44]","[342.26, 47]","[368.0, 22]","[540.0, 22]",364.5,135,7.0,0.35
07:42:13,"[366.9, 31]","[361.52, 29]","[368.0, 22]","[518.18, 22]",367.45,104,1.1,0.15
07:42:14,"[362.0, 13]","[360.68, 38]","[365.83, 29]","[388.8, 20]",363.91,100,3.83,0.02
07:42:15,"[362.03, 149]","[361.6, 136]","[364.33, 45]","[384.66, 35]",363.18,365,2.3,0.56
07:42:16,"[360.82, 121]","[351.43, 101]","[446.75, 36]","[548.33, 27]",403.78,285,85.93,0.56
07:42:17,"[354.94, 163]","[350.87, 69]","[410.92, 37]","[439.49, 35]",382.93,304,55.97,0.53
07:42:18,"[357.41, 103]","[356.71, 93]","[371.08, 39]","[372.15, 39]",364.24,274,13.67,0.43
07:42:19,"[361.06, 134]","[359.67, 93]","[370.23, 39]","[372.0, 39]",365.65,305,9.17,0.49
07:42:20,"[362.67, 171]","[358.6, 77]","[369.95, 38]","[372.15, 39]",366.31,325,7.27,0.53
07:42:21,"[364.85, 145]","[361.43, 77]","[370.0, 39]","[374.54, 39]",367.42,300,5.15,0.48
07:42:22,"[366.0, 153]","[362.75, 106]","[369.06, 48]","[375.0, 48]",367.53,355,3.06,0.46
07:42:23,"[366.0, 125]","[361.0, 36]","[368.33, 27]","[375.0, 27]",367.17,215,2.33,0.5
07:42:24,"[366.0, 92]","[361.0, 48]","[369.92, 36]","[382.65, 34]",367.96,210,3.92,0.33
07:42:25,"[366.0, 24]","[361.0, 40]","[383.0, 30]","[416.0, 20]",374.5,114,17.0,0.12
07:42:26,"[361.38, 26]","[360.17, 48]","[382.24, 37]","[390.33, 27]",371.81,138,20.86,0.07
07:42:27,"[360.05, 21]","[352.89, 45]","[381.18, 44]","[383.0, 33]",370.61,143,21.13,-0.08
07:42:28,"[360.0, 18]","[352.0, 36]","[378.85, 54]","[500.71, 21]",369.43,129,18.85,-0.16
07:42:29,"[361.0, 15]","[355.3, 20]","[377.12, 32]","[379.0, 24]",369.06,91,16.12,-0.23
07:42:30,"[362.0, 30]","[361.0, 10]","[376.64, 55]","[467.81, 37]",369.32,132,14.64,-0.39
07:42:31,"[362.85, 39]","[361.0, 13]","[374.47, 60]","[454.15, 52]",368.66,164,11.62,-0.37
07:42:32,"[364.0, 25]","[362.89, 27]","[372.84, 44]","[381.24, 100]",368.42,196,8.84,-0.47
07:42:33,"[365.0, 33]","[364.0, 11]","[371.0, 33]","[374.0, 56]",368.0,133,6.0,-0.34
07:42:34,"[365.0, 30]","[364.0, 10]","[370.75, 32]","[373.53, 38]",367.88,110,5.75,-0.27
07:42:35,"[365.0, 18]","[364.0, 6]","[369.83, 24]","[371.0, 18]",367.42,66,4.83,-0.27
07:42:36,"[365.57, 63]","[364.75, 36]","[368.37, 67]","[373.95, 58]",366.97,224,2.8,-0.12
07:42:37,"[365.0, 17]","[364.0, 9]","[371.0, 27]","[380.4, 30]",368.0,83,6.0,-0.37
07:42:38,"[365.0, 8]","[364.0, 8]","[369.12, 24]","[381.62, 32]",367.06,72,4.12,-0.56
07:42:39,"[365.0, 9]","[364.0, 9]","[366.11, 27]","[385.0, 36]",365.56,81,1.11,-0.56
07:42:40,"[352.53, 47]","[351.85, 26]","[365.45, 33]","[381.51, 49]",358.99,155,12.92,-0.06
07:42:41,"[358.33, 86]","[350.89, 74]","[376.94, 34]","[449.2, 30]",367.63,224,18.62,0.43
07:42:42,"[366.0, 42]","[357.72, 50]","[378.0, 24]","[402.31, 13]",372.0,129,12.0,0.43
07:42:43,"[366.0, 52]","[353.76, 100]","[378.0, 44]","[390.18, 22]",372.0,218,12.0,0.39
07:42:44,"[366.0, 26]","[363.0, 26]","[378.45, 58]","[396.05, 40]",372.22,150,12.45,-0.31
07:42:45,"[366.0, 22]","[363.0, 22]","[379.0, 24]","[386.28, 43]",372.5,111,13.0,-0.21
07:42:46,"[366.0, 28]","[363.0, 28]","[378.0, 28]","[380.57, 56]",372.0,140,12.0,-0.2
07:42:47,"[366.0, 20]","[363.0, 24]","[377.42, 24]","[382.0, 48]",371.71,116,11.42,-0.24
07:42:48,"[366.0, 8]","[364.2, 30]","[376.0, 16]","[377.62, 32]",371.0,86,10.0,-0.12
07:42:49,"[366.0, 15]","[365.0, 135]","[374.47, 30]","[377.8, 60]",370.23,240,8.47,0.25
07:42:50,"[365.31, 16]","[364.7, 53]","[373.0, 18]","[383.0, 36]",369.16,123,7.69,0.12
07:42:51,"[365.0, 16]","[363.0, 16]","[373.0, 16]","[383.0, 32]",369.0,80,8.0,-0.2
07:42:52,"[365.0, 22]","[363.0, 22]","[372.64, 22]","[383.18, 44]",368.82,110,7.64,-0.2
07:42:53,"[360.46, 122]","[358.17, 123]","[369.8, 59]","[379.35, 46]",365.13,350,9.34,0.4
07:42:54,"[363.65, 68]","[361.06, 106]","[367.83, 60]","[371.0, 24]",365.74,258,4.19,0.35
07:42:55,"[367.25, 72]","[364.36, 110]","[371.0, 46]","[384.19, 86]",369.12,314,3.75,0.16
07:42:56,"[367.61, 41]","[364.12, 64]","[370.38, 26]","[380.16, 37]",369.0,168,2.77,0.25
07:42:57,"[366.0, 40]","[360.0, 100]","[368.5, 20]","[386.6, 10]",367.25,170,2.5,0.65
07:42:58,"[360.74, 137]","[355.76, 136]","[366.44, 32]","[383.75, 24]",363.59,329,5.69,0.66
07:42:59,"[360.0, 90]","[354.0, 88]","[365.45, 22]","[386.0, 11]",362.73,211,5.45,0.69
07:43:00,"[360.0, 45]","[354.0, 72]","[365.0, 18]","[382.67, 9]",362.5,144,5.0,0.62
07:43:01,"[360.41, 85]","[355.43, 105]","[364.27, 30]","[381.0, 15]",362.34,235,3.85,0.62
07:43:02,"[361.25, 56]","[360.62, 79]","[364.56, 25]","[384.19, 16]",362.9,176,3.31,0.53
07:43:03,"[361.0, 107]","[358.8, 100]","[384.56, 43]","[412.8, 55]",372.78,305,23.56,0.36
07:43:04,"[361.77, 39]","[359.62, 47]","[383.19, 37]","[401.23, 31]",372.48,154,21.42,0.12
07:43:05,"[362.0, 39]","[361.0, 39]","[382.15, 65]","[384.0, 13]",372.08,156,20.15,0.0
07:43:06,"[362.0, 54]","[361.0, 54]","[379.05, 62]","[380.15, 78]",370.52,248,17.05,-0.13
07:43:07,"[364.4, 25]","[361.69, 39]","[375.27, 55]","[377.02, 49]",369.84,168,10.87,-0.24
07:43:08,"[364.62, 13]","[360.09, 44]","[374.51, 49]","[375.27, 55]",369.56,161,9.89,-0.29
07:43:09,"[360.0, 13]","[356.0, 104]","[372.49, 63]","[374.12, 41]",366.25,221,12.49,0.06
07:43:10,"[360.0, 117]","[350.0, 39]","[371.77, 65]","[374.0, 39]",365.88,260,11.77,0.2
07:43:11,"[360.96, 50]","[352.21, 56]","[368.56, 50]","[370.15, 78]",364.76,234,7.6,-0.09
07:43:12,"[356.55, 22]","[351.8, 40]","[367.38, 40]","[369.94, 32]",361.96,134,10.83,-0.07
07:43:13,"[353.0, 56]","[350.0, 56]","[365.35, 46]","[366.77, 52]",359.17,210,12.35,0.07
07:43:14,"[353.0, 60]","[350.0, 60]","[363.5, 54]","[363.33, 51]",358.25,225,10.5,0.07
07:43:15,"[353.13, 46]","[350.27, 44]","[359.43, 14]","[360.97, 31]",356.28,135,6.3,0.33
07:43:16,"[354.94, 108]","[352.88, 96]","[358.2, 50]","[359.89, 36]",356.57,290,3.26,0.41
07:43:17,"[356.21, 42]","[353.0, 102]","[357.49, 49]","[360.96, 24]",356.85,217,1.28,0.33
07:43:18,"[353.27, 45]","[351.04, 25]","[361.23, 13]","[367.57, 28]",357.25,111,7.96,0.26
07:43:19,"[353.0, 66]","[346.0, 11]","[357.0, 11]","[365.0, 11]",355.0,99,4.0,0.56
07:43:20,"[349.23, 13]","[345.02, 43]","[357.0, 8]","[365.0, 8]",353.12,72,7.77,0.56
07:43:21,"[348.82, 22]","[345.47, 30]","[356.23, 39]","[361.8, 15]",352.52,106,7.41,-0.02
07:43:22,"[350.56, 27]","[348.59, 17]","[356.0, 85]","[358.94, 32]",353.28,161,5.44,-0.45
07:43:23,"[350.64, 33]","[350.34, 35]","[355.42, 66]","[356.3, 71]",353.03,205,4.79,-0.34
07:43:24,"[349.0, 84]","[348.0, 12]","[355.25, 60]","[357.0, 36]",352.12,192,6.25,0.0
07:43:25,"[349.9, 70]","[345.0, 10]","[354.6, 50]","[357.0, 30]",352.25,160,4.7,0.0
07:43:26,"[350.72, 126]","[345.0, 18]","[354.0, 90]","[357.0, 54]",352.36,288,3.28,0.0
07:43:27,"[352.29, 45]","[348.63, 27]","[355.22, 59]","[361.23, 53]",353.75,184,2.93,-0.22
07:43:28,"[357.95, 21]","[352.2, 25]","[361.63, 57]","[364.68, 38]",359.79,141,3.68,-0.35
07:43:29,"[367.0, 16]","[357.68, 25]","[368.0, 64]","[371.0, 16]",367.5,121,1.0,-0.32
07:43:30,"[363.0, 11]","[352.77, 13]","[368.0, 36]","[371.0, 9]",365.5,69,5.0,-0.3
07:43:31,"[356.9, 20]","[344.96, 46]","[368.0, 40]","[371.0, 10]",362.45,116,11.1,0.14
07:43:32,"[357.0, 14]","[346.0, 49]","[368.0, 28]","[371.0, 7]",362.5,98,11.0,0.29
07:43:33,"[357.75, 16]","[352.95, 38]","[367.95, 55]","[370.29, 17]",362.85,126,10.2,-0.14
07:43:34,"[359.43, 14]","[357.0, 28]","[365.21, 42]","[367.14, 56]",362.32,140,5.79,-0.4
07:43:35,"[360.9, 20]","[357.11, 18]","[365.0, 36]","[366.0, 48]",362.95,122,4.1,-0.38
07:43:36,"[361.9, 42]","[348.0, 63]","[365.34, 61]","[367.18, 51]",363.62,217,3.44,-0.03
07:43:37,"[353.36, 56]","[346.32, 108]","[366.38, 32]","[371.47, 30]",359.87,226,13.02,0.45
07:43:38,"[347.0, 32]","[346.0, 32]","[369.0, 16]","[370.0, 8]",358.0,88,22.0,0.45
07:43:39,"[347.0, 36]","[346.0, 36]","[357.92, 26]","[369.06, 17]",352.46,115,10.92,0.25
07:43:40,"[347.0, 40]","[346.0, 40]","[356.36, 22]","[361.76, 17]",351.68,119,9.36,0.34
07:43:41,"[347.0, 40]","[346.0, 40]","[354.14, 28]","[355.27, 22]",350.57,130,7.14,0.23
07:43:42,"[347.0, 48]","[346.0, 48]","[353.62, 26]","[354.73, 22]",350.31,144,6.62,0.33
07:43:43,"[347.6, 40]","[346.43, 28]","[354.0, 14]","[357.0, 7]",350.8,89,6.4,0.53
07:43:44,"[348.92, 104]","[347.0, 52]","[353.15, 26]","[357.0, 13]",351.04,195,4.23,0.6
07:43:45,"[350.7, 132]","[345.41, 68]","[353.0, 34]","[357.0, 17]",351.85,251,2.3,0.59
07:43:46,"[351.69, 78]","[343.0, 52]","[353.0, 18]","[357.0, 13]",352.35,161,1.31,0.61
07:43:47,"[352.0, 48]","[340.33, 48]","[364.72, 29]","[366.74, 27]",358.36,152,12.72,0.26
07:43:48,"[352.42, 72]","[339.11, 54]","[357.16, 62]","[364.17, 48]",354.79,236,4.74,0.07
07:43:49,"[354.25, 69]","[341.17, 94]","[356.0, 60]","[363.0, 48]",355.12,271,1.75,0.2
07:43:50,"[355.0, 50]","[339.7, 80]","[361.36, 22]","[363.4, 40]",358.18,192,6.36,0.35
07:43:51,"[355.7, 50]","[339.68, 38]","[361.56, 18]","[362.4, 40]",358.63,146,5.86,0.21
07:43:52,"[356.0, 65]","[340.15, 13]","[362.73, 40]","[364.44, 25]",359.36,143,6.73,0.09
07:43:53,"[356.17, 60]","[339.0, 12]","[363.0, 48]","[369.62, 24]",359.58,144,6.83,0.0
07:43:54,"[357.0, 85]","[338.71, 24]","[366.2, 35]","[368.59, 32]",361.6,176,9.2,0.24
07:43:55,"[351.61, 61]","[338.41, 59]","[361.08, 13]","[363.06, 17]",356.34,150,9.47,0.6
07:43:56,"[348.81, 64]","[347.57, 163]","[360.71, 42]","[362.0, 14]",354.76,283,11.9,0.6
07:43:57,"[349.0, 52]","[347.55, 101]","[359.69, 39]","[362.0, 13]",354.35,205,10.69,0.49
07:43:58,"[351.33, 54]","[342.57, 51]","[358.49, 49]","[361.47, 17]",354.91,171,7.16,0.23
07:43:59,"[355.04, 46]","[354.06, 62]","[359.18, 71]","[362.83, 18]",357.11,197,4.14,0.1
07:44:00,"[360.93, 28]","[357.06, 34]","[365.0, 46]","[369.14, 14]",362.96,122,4.07,0.02
07:44:01,"[363.75, 48]","[359.25, 24]","[365.0, 24]","[372.0, 12]",364.38,108,1.25,0.33
07:44:02,"[354.3, 20]","[346.39, 76]","[365.37, 19]","[389.85, 13]",359.83,128,11.07,0.5
07:44:03,"[351.15, 26]","[346.09, 112]","[365.33, 12]","[396.78, 18]",358.24,168,14.18,0.64
07:44:04,"[352.13, 60]","[348.42, 38]","[364.0, 15]","[370.0, 15]",358.07,128,11.87,0.53
07:44:05,"[354.6, 60]","[345.37, 38]","[365.67, 18]","[412.65, 51]",360.13,167,11.07,0.17
07:44:06,"[356.0, 44]","[346.0, 22]","[360.0, 13]","[369.09, 11]",358.0,90,4.0,0.47
07:44:07,"[357.12, 66]","[355.09, 64]","[360.0, 15]","[397.33, 51]",358.56,196,2.88,0.33
07:44:08,"[358.84, 86]","[357.59, 74]","[366.67, 24]","[429.77, 73]",362.75,257,7.83,0.25
07:44:09,"[361.55, 76]","[360.27, 74]","[367.47, 30]","[391.82, 33]",364.51,213,5.91,0.41
07:44:10,"[364.0, 36]","[362.0, 54]","[365.33, 18]","[372.22, 18]",364.67,126,1.33,0.43
07:44:11,"[364.95, 44]","[363.4, 20]","[375.0, 16]","[462.0, 8]",369.98,88,10.05,0.45
07:44:12,"[366.11, 36]","[364.95, 76]","[375.0, 28]","[408.3, 54]",370.56,194,8.89,0.15
07:44:13,"[367.38, 26]","[365.0, 78]","[375.0, 26]","[495.23, 65]",371.19,195,7.62,0.07
07:44:14,"[369.0, 26]","[365.0, 78]","[375.0, 26]","[539.56, 45]",372.0,175,6.0,0.19
07:44:15,"[365.57, 28]","[359.5, 24]","[373.61, 18]","[442.22, 9]",369.59,79,8.04,0.32
07:44:16,"[365.88, 64]","[359.18, 34]","[369.5, 34]","[370.74, 23]",367.69,155,3.62,0.26
07:44:17,"[367.0, 76]","[365.0, 52]","[368.0, 26]","[369.86, 29]",367.5,183,1.0,0.4
07:44:18,"[367.0, 8]","[365.0, 24]","[376.33, 18]","[397.29, 17]",371.67,67,9.33,-0.04
07:44:19,"[361.22, 18]","[364.22, 27]","[373.95, 21]","[402.52, 21]",367.59,87,12.73,0.03
07:44:20,"[359.57, 56]","[354.74, 35]","[373.0, 14]","[384.25, 8]",366.29,113,13.43,0.61
07:44:21,"[363.0, 69]","[358.22, 18]","[373.0, 18]","[383.0, 9]",368.0,114,10.0,0.53
07:44:22,"[363.0, 60]","[360.0, 18]","[373.0, 18]","[383.0, 9]",368.0,105,10.0,0.49
07:44:23,"[364.87, 105]","[363.76, 101]","[373.0, 30]","[383.0, 15]",368.93,251,8.13,0.64
07:44:24,"[365.0, 56]","[364.0, 56]","[373.0, 16]","[383.0, 8]",369.0,136,8.0,0.65
07:44:25,"[365.0, 56]","[364.0, 56]","[368.8, 25]","[377.73, 11]",366.9,148,3.8,0.51
07:44:26,"[365.0, 50]","[364.0, 70]","[373.95, 19]","[378.91, 11]",369.47,150,8.95,0.6
07:44:27,"[364.09, 44]","[363.19, 74]","[371.33, 12]","[374.0, 24]",367.71,154,7.24,0.53
07:44:28,"[364.53, 17]","[363.75, 48]","[370.82, 11]","[375.09, 22]",367.67,98,6.29,0.33
07:44:29,"[365.0, 9]","[364.0, 36]","[369.22, 9]","[379.67, 18]",367.11,72,4.22,0.25
07:44:30,"[365.0, 8]","[364.0, 32]","[368.75, 8]","[381.0, 21]",366.88,69,3.75,0.16
07:44:31,"[365.88, 16]","[364.47, 15]","[367.38, 13]","[379.67, 39]",366.63,83,1.51,-0.25
07:44:32,"[365.61, 23]","[364.06, 34]","[367.18, 22]","[377.0, 20]",366.4,99,1.57,0.15
07:44:33,"[364.0, 12]","[363.0, 36]","[366.83, 6]","[383.0, 32]",365.42,86,2.83,0.12
07:44:34,"[363.56, 32]","[362.86, 58]","[365.08, 13]","[381.23, 65]",364.32,168,1.51,0.07
07:44:35,"[363.0, 18]","[361.0, 9]","[365.0, 9]","[381.0, 45]",364.0,81,2.0,-0.33
07:44:36,"[363.0, 22]","[361.0, 11]","[380.32, 47]","[382.32, 25]",371.66,105,17.32,-0.37
07:44:37,"[366.25, 56]","[363.62, 29]","[379.49, 69]","[381.63, 67]",372.87,221,13.24,-0.23
07:44:38,"[367.75, 96]","[366.0, 24]","[378.0, 48]","[381.2, 59]",372.88,227,10.25,0.06
07:44:39,"[368.0, 96]","[366.0, 76]","[378.0, 48]","[383.64, 44]",373.0,264,10.0,0.3
07:44:40,"[368.0, 96]","[366.0, 37]","[377.42, 48]","[381.5, 32]",372.71,213,9.42,0.25
07:44:41,"[368.0, 80]","[366.0, 30]","[375.67, 60]","[382.86, 84]",371.83,254,7.67,-0.13
07:44:42,"[368.0, 45]","[366.0, 30]","[373.27, 60]","[374.8, 60]",370.63,195,5.27,-0.23
07:44:43,"[368.0, 39]","[366.0, 26]","[371.77, 52]","[373.0, 52]",369.88,169,3.77,-0.23
07:44:44,"[368.0, 24]","[366.0, 16]","[370.36, 11]","[371.25, 32]",369.18,83,2.36,-0.04
07:44:45,"[366.71, 31]","[363.63, 38]","[367.89, 53]","[373.63, 41]",367.3,163,1.18,-0.15
07:44:46,"[363.4, 15]","[360.25, 52]","[374.71, 56]","[386.39, 49]",369.06,172,11.31,-0.22
07:44:47,"[360.53, 34]","[358.98, 94]","[384.0, 56]","[388.72, 57]",372.26,241,23.47,0.06
07:44:48,"[360.0, 70]","[358.0, 120]","[381.83, 48]","[383.43, 56]",370.92,294,21.83,0.29
07:44:49,"[360.0, 70]","[358.0, 120]","[380.0, 55]","[381.0, 40]",370.0,285,20.0,0.33
07:44:50,"[360.0, 98]","[358.0, 168]","[377.21, 29]","[378.05, 37]",368.6,332,17.21,0.6
07:44:51,"[360.0, 105]","[358.0, 180]","[370.57, 49]","[371.49, 47]",365.29,381,10.57,0.5
07:44:52,"[360.0, 133]","[358.0, 228]","[365.5, 56]","[367.36, 77]",362.75,494,5.5,0.46
07:44:53,"[360.0, 91]","[358.0, 156]","[363.89, 56]","[364.57, 35]",361.95,338,3.89,0.46
07:44:54,"[358.88, 64]","[355.36, 67]","[361.53, 38]","[367.78, 37]",360.2,206,2.65,0.27
07:44:55,"[356.85, 40]","[353.89, 45]","[359.63, 19]","[360.68, 19]",358.24,123,2.78,0.38
07:44:56,"[350.0, 27]","[348.0, 9]","[356.87, 15]","[358.56, 9]",353.43,60,6.87,0.2
07:44:57,"[351.96, 28]","[349.78, 27]","[357.0, 11]","[358.0, 11]",354.48,77,5.04,0.43
07:44:58,"[351.46, 26]","[350.0, 39]","[363.4, 25]","[361.69, 13]",357.43,103,11.94,0.26
07:44:59,"[352.0, 20]","[348.0, 10]","[366.69, 39]","[368.46, 13]",359.35,82,14.69,-0.27
07:45:00,"[362.7, 60]","[354.82, 34]","[367.07, 27]","[368.87, 23]",364.89,144,4.37,0.31
07:45:01,"[365.0, 77]","[364.0, 11]","[367.91, 11]","[369.45, 11]",366.45,110,2.91,0.6
07:45:02,"[365.0, 92]","[363.65, 17]","[366.15, 26]","[368.83, 24]",365.58,159,1.15,0.37
07:45:03,"[365.0, 66]","[363.68, 31]","[367.36, 22]","[370.88, 32]",366.18,151,2.36,0.28
07:45:04,"[365.0, 60]","[364.0, 30]","[369.0, 11]","[371.31, 13]",367.0,114,4.0,0.58
07:45:05,"[365.0, 24]","[364.0, 36]","[367.85, 48]","[369.5, 12]",366.43,120,2.85,0.0
07:45:06,"[359.19, 84]","[356.3, 33]","[366.18, 55]","[368.11, 27]",362.69,199,6.99,0.18
07:45:07,"[361.0, 8]","[359.0, 80]","[366.0, 40]","[368.0, 24]",363.5,152,5.0,0.16
07:45:08,"[363.89, 81]","[359.78, 41]","[365.88, 66]","[368.11, 38]",364.88,226,1.99,0.08
07:45:09,"[364.0, 50]","[362.0, 12]","[368.0, 36]","[370.86, 14]",366.0,112,4.0,0.11
07:45:10,"[364.0, 40]","[362.0, 8]","[368.0, 24]","[373.0, 16]",366.0,88,4.0,0.09
07:45:11,"[364.0, 70]","[362.0, 14]","[367.29, 42]","[372.7, 20]",365.64,146,3.29,0.15
07:45:12,"[364.58, 72]","[363.67, 36]","[366.0, 48]","[370.74, 47]",365.29,203,1.42,0.06
07:45:13,"[365.43, 42]","[364.0, 50]","[369.5, 40]","[375.07, 27]",367.46,159,4.07,0.16
07:45:14,"[367.0, 30]","[364.0, 50]","[371.0, 39]","[378.3, 10]",369.0,129,4.0,0.24
07:45:15,"[367.0, 30]","[364.0, 50]","[369.67, 42]","[370.46, 26]",368.33,148,2.67,0.08
07:45:16,"[365.93, 42]","[363.88, 48]","[368.17, 54]","[371.25, 36]",367.05,180,2.24,0.0
07:45:17,"[364.0, 55]","[362.0, 11]","[367.45, 33]","[379.26, 35]",365.73,134,3.45,-0.01
07:45:18,"[364.0, 55]","[362.0, 13]","[366.31, 48]","[380.14, 28]",365.16,144,2.31,-0.06
07:45:19,"[364.0, 25]","[362.0, 16]","[376.33, 49]","[381.11, 56]",370.16,146,12.33,-0.44
07:45:20,"[364.0, 18]","[362.0, 45]","[374.38, 52]","[376.59, 54]",369.19,169,10.38,-0.25
07:45:21,"[364.0, 15]","[362.0, 15]","[373.0, 60]","[375.0, 30]",368.5,120,9.0,-0.5
07:45:22,"[364.0, 11]","[362.0, 11]","[371.44, 36]","[372.4, 30]",367.72,88,7.44,-0.5
07:45:23,"[362.8, 15]","[360.0, 27]","[369.27, 30]","[371.0, 60]",366.03,132,6.47,-0.36
07:45:24,"[361.0, 11]","[359.0, 33]","[368.36, 22]","[371.0, 44]",364.68,110,7.36,-0.2
07:45:25,"[361.0, 12]","[359.0, 36]","[366.04, 46]","[367.62, 26]",363.52,120,5.04,-0.2
07:45:26,"[361.0, 15]","[359.0, 45]","[363.65, 52]","[365.16, 38]",362.33,150,2.65,-0.2
07:45:27,"[359.8, 30]","[358.86, 42]","[362.03, 38]","[364.17, 70]",360.91,180,2.23,-0.2
07:45:28,"[357.44, 54]","[348.78, 96]","[360.0, 14]","[368.1, 58]",358.72,222,2.56,0.35
07:45:29,"[357.0, 98]","[346.0, 126]","[359.31, 26]","[373.91, 58]",358.15,308,2.31,0.45
07:45:30,"[357.72, 117]","[347.29, 153]","[373.34, 83]","[375.51, 102]",365.53,455,15.62,0.19
07:45:31,"[362.0, 81]","[359.89, 79]","[372.0, 84]","[374.77, 107]",367.0,351,10.0,-0.09
07:45:32,"[362.09, 11]","[359.07, 41]","[370.0, 44]","[372.0, 55]",366.05,151,7.91,-0.31
07:45:33,"[363.0, 12]","[362.0, 12]","[369.67, 36]","[371.89, 75]",366.33,135,6.67,-0.64
07:45:34,"[365.14, 14]","[362.71, 14]","[367.43, 28]","[372.25, 67]",366.29,123,2.29,-0.54
07:45:35,"[359.3, 46]","[357.18, 68]","[366.38, 26]","[368.0, 26]",362.84,166,7.08,0.37
07:45:36,"[359.0, 44]","[357.0, 66]","[364.47, 15]","[366.77, 22]",361.73,147,5.47,0.5
07:45:37,"[363.21, 61]","[360.0, 34]","[365.27, 11]","[368.67, 15]",364.24,121,2.06,0.57
07:45:38,"[364.0, 99]","[363.0, 22]","[368.0, 11]","[370.0, 55]",366.0,187,4.0,0.29
07:45:39,"[364.0, 45]","[363.0, 14]","[368.0, 5]","[370.0, 25]",366.0,89,4.0,0.33
07:45:40,"[364.0, 81]","[363.0, 24]","[368.0, 9]","[370.0, 45]",366.0,159,4.0,0.32
07:45:41,"[364.0, 56]","[363.0, 14]","[368.0, 7]","[370.0, 35]",366.0,112,4.0,0.25
07:45:42,"[364.94, 32]","[363.8, 50]","[368.0, 10]","[370.0, 50]",366.47,142,3.06,0.15
07:45:43,"[366.0, 14]","[363.0, 14]","[368.0, 7]","[370.0, 35]",367.0,70,2.0,-0.2
07:45:44,"[366.0, 20]","[363.25, 16]","[368.0, 10]","[370.0, 50]",367.0,96,2.0,-0.25
07:45:45,"[366.0, 8]","[364.0, 4]","[368.0, 4]","[370.0, 20]",367.0,36,2.0,-0.33
07:45:46,"[365.47, 19]","[361.45, 47]","[367.43, 21]","[369.88, 48]",366.45,135,1.95,-0.02
07:45:47,"[363.27, 11]","[361.55, 44]","[367.56, 9]","[369.85, 27]",365.41,91,4.28,0.21
07:45:48,"[363.0, 16]","[361.0, 64]","[365.88, 16]","[368.0, 8]",364.44,104,2.88,0.54
07:45:49,"[361.0, 96]","[359.0, 48]","[375.88, 67]","[379.67, 60]",368.44,271,14.88,0.06
07:45:50,"[361.0, 30]","[359.0, 40]","[376.0, 60]","[380.0, 50]",368.5,180,15.0,-0.22
07:45:51,"[359.12, 49]","[356.0, 47]","[376.0, 36]","[380.15, 65]",367.56,197,16.88,-0.03
07:45:52,"[359.0, 19]","[358.0, 6]","[375.33, 12]","[378.73, 22]",367.17,59,16.33,-0.15
07:45:53,"[359.0, 27]","[358.0, 9]","[371.17, 24]","[374.29, 21]",365.08,81,12.17,-0.11
07:45:54,"[362.07, 42]","[359.57, 42]","[370.57, 56]","[376.0, 35]",366.32,175,8.5,-0.04
07:45:55,"[361.0, 39]","[359.0, 39]","[369.31, 52]","[372.57, 28]",365.15,158,8.31,-0.01
07:45:56,"[361.61, 54]","[360.29, 51]","[367.35, 68]","[372.54, 52]",364.48,225,5.74,-0.07
07:45:57,"[361.86, 42]","[360.71, 42]","[364.71, 56]","[368.29, 70]",363.29,210,2.86,-0.2
07:45:58,"[360.64, 33]","[358.93, 29]","[365.92, 50]","[374.51, 67]",363.28,179,5.28,-0.31
07:45:59,"[359.0, 57]","[358.0, 19]","[373.39, 62]","[374.65, 40]",366.19,178,14.39,-0.15
07:46:00,"[362.68, 57]","[358.89, 47]","[370.25, 32]","[371.66, 41]",366.47,177,7.57,0.18
07:46:01,"[364.0, 33]","[358.84, 25]","[366.0, 22]","[367.16, 19]",365.0,99,2.0,0.17
07:46:02,"[363.6, 35]","[354.33, 18]","[365.0, 26]","[367.08, 24]",364.3,103,1.4,0.03
07:46:03,"[350.83, 41]","[347.25, 72]","[362.77, 70]","[364.34, 29]",356.8,212,11.94,0.07
07:46:04,"[353.47, 49]","[348.43, 56]","[360.69, 64]","[361.09, 55]",357.08,224,7.22,-0.06
07:46:05,"[353.05, 87]","[352.33, 129]","[355.81, 32]","[359.06, 51]",354.43,299,2.77,0.44
07:46:06,"[353.54, 117]","[347.0, 39]","[359.15, 59]","[361.17, 36]",356.35,251,5.61,0.24
07:46:07,"[354.92, 111]","[347.0, 42]","[357.69, 68]","[363.37, 49]",356.31,270,2.77,0.13
07:46:08,"[355.81, 96]","[346.25, 48]","[357.0, 76]","[365.25, 64]",356.41,284,1.19,0.01
07:46:09,"[347.91, 54]","[343.46, 68]","[364.59, 59]","[369.79, 76]",356.25,257,16.69,-0.05
07:46:10,"[349.0, 22]","[347.0, 71]","[365.0, 44]","[371.0, 55]",357.0,192,16.0,-0.03
07:46:11,"[352.33, 24]","[348.27, 63]","[368.56, 59]","[372.93, 58]",360.45,204,16.23,-0.15
07:46:12,"[361.0, 33]","[355.4, 30]","[366.5, 40]","[372.59, 58]",363.75,161,5.5,-0.22
07:46:13,"[361.0, 47]","[359.0, 24]","[365.0, 36]","[373.0, 60]",363.0,167,4.0,-0.15
07:46:14,"[351.78, 77]","[350.55, 44]","[365.0, 30]","[373.0, 50]",358.39,201,13.22,0.2
07:46:15,"[352.5, 90]","[351.0, 60]","[364.0, 20]","[365.0, 30]",358.25,200,11.5,0.5
07:46:16,"[354.67, 81]","[351.0, 54]","[364.0, 18]","[365.44, 27]",359.33,180,9.33,0.5
07:46:17,"[356.37, 79]","[354.2, 45]","[364.82, 22]","[371.05, 38]",360.59,184,8.45,0.35
07:46:18,"[359.14, 84]","[357.82, 132]","[366.84, 50]","[376.8, 110]",362.99,376,7.7,0.15
07:46:19,"[361.0, 72]","[358.0, 144]","[365.44, 36]","[367.0, 54]",363.22,306,4.44,0.41
07:46:20,"[361.8, 123]","[359.96, 100]","[372.18, 83]","[373.38, 74]",366.99,380,10.38,0.17
07:46:21,"[362.86, 51]","[361.95, 81]","[374.95, 81]","[382.93, 59]",368.91,272,12.09,-0.03
07:46:22,"[363.68, 76]","[362.09, 85]","[374.0, 52]","[375.0, 91]",368.84,304,10.32,0.06
07:46:23,"[364.0, 130]","[362.0, 91]","[371.46, 52]","[374.24, 58]",367.73,331,7.46,0.34
07:46:24,"[364.43, 92]","[363.44, 125]","[370.5, 72]","[373.53, 57]",367.47,346,6.07,0.25
07:46:25,"[365.2, 40]","[364.0, 90]","[370.0, 80]","[375.9, 30]",367.6,240,4.8,0.08
07:46:26,"[366.0, 68]","[364.0, 153]","[369.17, 92]","[371.74, 62]",367.59,375,3.17,0.18
07:46:27,"[366.0, 28]","[364.0, 63]","[368.0, 28]","[370.16, 19]",367.0,138,2.0,0.32
07:46:28,"[366.0, 44]","[364.0, 99]","[368.0, 44]","[371.0, 11]",367.0,198,2.0,0.44
07:46:29,"[366.0, 48]","[364.0, 108]","[368.0, 48]","[371.0, 12]",367.0,216,2.0,0.44
07:46:30,"[366.0, 28]","[364.0, 63]","[368.0, 28]","[375.0, 15]",367.0,134,2.0,0.36
07:46:31,"[366.0, 32]","[364.0, 72]","[368.0, 32]","[376.0, 24]",367.0,160,2.0,0.3
07:46:32,"[364.15, 109]","[362.35, 102]","[367.29, 56]","[375.5, 28]",365.72,295,3.14,0.43
07:46:33,"[364.0, 55]","[362.0, 77]","[366.36, 44]","[373.05, 21]",365.18,197,2.36,0.34
07:46:34,"[362.0, 63]","[358.0, 27]","[372.0, 27]","[373.0, 36]",367.0,153,10.0,0.18
07:46:35,"[362.0, 84]","[358.0, 36]","[372.63, 41]","[373.26, 27]",367.32,188,10.63,0.28
07:46:36,"[362.0, 98]","[358.0, 42]","[370.36, 28]","[373.0, 56]",366.18,224,8.36,0.25
07:46:37,"[362.0, 98]","[358.0, 42]","[368.17, 24]","[373.17, 48]",365.08,212,6.17,0.32
07:46:38,"[362.0, 70]","[359.38, 58]","[368.1, 20]","[374.0, 40]",365.05,188,6.1,0.36
07:46:39,"[362.0, 45]","[360.0, 110]","[366.48, 40]","[370.42, 33]",364.24,228,4.48,0.36
07:46:40,"[360.12, 104]","[358.8, 50]","[362.1, 51]","[365.06, 36]",361.11,241,1.98,0.28
07:46:41,"[360.0, 59]","[358.0, 24]","[362.75, 40]","[375.41, 39]",361.38,162,2.75,0.02
07:46:42,"[361.0, 28]","[360.0, 50]","[375.0, 74]","[379.0, 56]",368.0,208,14.0,-0.25
07:46:43,"[361.0, 24]","[360.0, 60]","[374.17, 60]","[376.07, 58]",367.58,202,13.17,-0.17
07:46:44,"[361.67, 42]","[360.29, 49]","[373.64, 70]","[376.0, 70]",367.65,231,11.98,-0.21
07:46:45,"[362.75, 32]","[361.92, 52]","[373.0, 70]","[376.0, 70]",367.88,224,10.25,-0.25
07:46:46,"[363.0, 28]","[362.0, 56]","[372.57, 70]","[375.29, 51]",367.79,205,9.57,-0.18
07:46:47,"[362.06, 35]","[360.64, 45]","[370.12, 51]","[371.45, 33]",366.09,164,8.06,-0.02
07:46:48,"[362.0, 33]","[361.0, 33]","[369.09, 55]","[371.0, 37]",365.55,158,7.09,-0.16
07:46:49,"[362.0, 45]","[361.0, 45]","[368.16, 57]","[370.0, 66]",365.08,213,6.16,-0.15
07:46:50,"[362.0, 21]","[361.0, 21]","[364.0, 14]","[365.0, 35]",363.0,91,2.0,-0.08
07:46:51,"[362.0, 22]","[361.0, 42]","[363.1, 61]","[364.97, 65]",362.55,190,1.1,-0.33
07:46:52,"[361.33, 18]","[360.47, 38]","[363.7, 46]","[367.67, 36]",362.51,138,2.36,-0.19
07:46:53,"[360.81, 26]","[359.84, 37]","[365.0, 32]","[370.38, 24]",362.9,119,4.19,0.06
07:46:54,"[359.5, 24]","[356.5, 16]","[365.43, 21]","[369.5, 18]",362.46,79,5.93,0.01
07:46:55,"[357.0, 22]","[356.0, 44]","[366.0, 33]","[373.0, 33]",361.5,132,9.0,0.0
07:46:56,"[358.75, 99]","[357.33, 36]","[365.82, 44]","[372.0, 42]",362.28,221,7.07,0.22
07:46:57,"[362.0, 16]","[359.94, 128]","[364.25, 64]","[366.0, 48]",363.12,256,2.25,0.12
07:46:58,"[360.96, 23]","[359.81, 94]","[363.07, 56]","[371.0, 42]",362.01,215,2.11,0.09
07:46:59,"[358.88, 32]","[356.29, 34]","[361.4, 53]","[369.67, 36]",360.14,155,2.52,-0.15
07:47:00,"[357.0, 30]","[356.0, 60]","[361.26, 77]","[371.09, 68]",359.13,235,4.26,-0.23
07:47:01,"[357.0, 19]","[356.0, 36]","[371.0, 35]","[372.18, 34]",364.0,124,14.0,-0.11
07:47:02,"[357.55, 77]","[356.21, 66]","[371.92, 78]","[374.61, 62]",364.73,283,14.38,0.01
07:47:03,"[358.9, 67]","[358.18, 67]","[370.78, 89]","[372.19, 84]",364.84,307,11.88,-0.13
07:47:04,"[361.76, 17]","[360.71, 93]","[368.31, 64]","[369.23, 71]",365.04,245,6.55,-0.1
07:47:05,"[362.23, 22]","[360.23, 124]","[367.51, 82]","[368.7, 80]",364.87,308,5.28,-0.05
07:47:06,"[362.14, 42]","[360.24, 91]","[365.94, 69]","[371.19, 57]",364.04,259,3.8,0.03
07:47:07,"[362.0, 78]","[361.0, 26]","[366.0, 65]","[373.66, 53]",364.0,222,4.0,-0.06
07:47:08,"[362.0, 53]","[361.0, 34]","[365.08, 61]","[366.76, 75]",363.54,223,3.08,-0.22
07:47:09,"[362.0, 13]","[361.0, 26]","[364.15, 53]","[370.08, 39]",363.08,131,2.15,-0.4
07:47:10,"[361.5, 16]","[360.0, 32]","[363.36, 42]","[367.81, 48]",362.43,138,1.86,-0.3
07:47:11,"[359.07, 54]","[357.27, 30]","[360.52, 50]","[363.92, 24]",359.8,158,1.45,0.06
07:47:12,"[351.23, 70]","[346.72, 69]","[359.58, 48]","[371.22, 27]",355.41,214,8.35,0.3
07:47:13,"[349.0, 99]","[345.0, 253]","[352.22, 36]","[359.94, 34]",350.61,422,3.22,0.67
07:47:14,"[349.0, 81]","[344.0, 27]","[358.1, 39]","[366.12, 32]",353.55,179,9.1,0.21
07:47:15,"[349.0, 108]","[344.0, 36]","[352.52, 27]","[354.81, 59]",350.76,230,3.52,0.25
07:47:16,"[349.36, 78]","[347.83, 66]","[352.36, 33]","[354.94, 51]",350.86,228,3.0,0.26
07:47:17,"[351.75, 48]","[347.92, 39]","[354.0, 60]","[363.5, 32]",352.88,179,2.25,-0.03
07:47:18,"[350.71, 28]","[342.64, 22]","[358.76, 37]","[366.12, 32]",354.74,119,8.04,-0.16
07:47:19,"[346.86, 14]","[345.5, 8]","[365.0, 24]","[368.0, 18]",355.93,64,18.14,-0.31
07:47:20,"[349.0, 25]","[347.58, 31]","[365.0, 56]","[368.0, 42]",357.0,154,16.0,-0.27
07:47:21,"[352.22, 46]","[350.35, 55]","[365.0, 56]","[367.98, 40]",358.61,197,12.78,0.03
07:47:22,"[353.0, 35]","[352.0, 33]","[364.27, 30]","[366.0, 36]",358.63,134,11.27,0.01
07:47:23,"[355.93, 56]","[354.59, 86]","[361.59, 34]","[365.72, 36]",358.76,212,5.66,0.34
07:47:24,"[359.69, 108]","[358.43, 69]","[363.26, 19]","[365.26, 38]",361.47,234,3.58,0.51
07:47:25,"[360.39, 69]","[359.92, 78]","[361.87, 15]","[368.21, 68]",361.13,230,1.48,0.28
07:47:26,"[360.0, 52]","[359.0, 11]","[365.57, 21]","[369.21, 58]",362.79,142,5.57,-0.11
07:47:27,"[361.61, 31]","[359.98, 43]","[369.0, 58]","[371.3, 46]",365.31,178,7.39,-0.17
07:47:28,"[362.25, 24]","[360.0, 36]","[370.18, 34]","[371.79, 38]",366.21,132,7.93,-0.09
07:47:29,"[363.0, 16]","[360.0, 24]","[369.53, 17]","[371.69, 26]",366.26,83,6.53,-0.04
07:47:30,"[363.0, 20]","[360.0, 30]","[369.29, 41]","[371.16, 38]",366.15,129,6.29,-0.22
07:47:31,"[363.0, 20]","[359.43, 14]","[368.53, 47]","[370.02, 43]",365.77,124,5.53,-0.45
07:47:32,"[362.87, 31]","[358.5, 18]","[366.22, 72]","[367.61, 72]",364.55,193,3.35,-0.49
07:47:33,"[359.0, 34]","[355.66, 58]","[367.0, 70]","[371.0, 56]",363.0,218,8.0,-0.16
07:47:34,"[356.0, 14]","[355.0, 77]","[365.06, 33]","[369.67, 30]",360.53,154,9.06,0.18
07:47:35,"[355.54, 70]","[354.44, 144]","[359.0, 72]","[367.0, 90]",357.27,376,3.46,0.14
07:47:36,"[357.6, 20]","[355.84, 45]","[364.97, 67]","[369.38, 37]",361.29,169,7.37,-0.23
07:47:37,"[360.0, 60]","[357.38, 16]","[365.0, 60]","[371.42, 24]",362.5,160,5.0,-0.05
07:47:38,"[360.92, 99]","[359.04, 25]","[363.88, 85]","[372.0, 34]",362.4,243,2.96,0.02
07:47:39,"[361.0, 26]","[360.0, 13]","[370.62, 26]","[373.69, 26]",365.81,91,9.62,-0.14
07:47:40,"[361.0, 22]","[360.0, 11]","[369.91, 22]","[375.91, 22]",365.45,77,8.91,-0.14
07:47:41,"[361.0, 26]","[360.0, 13]","[369.0, 26]","[377.0, 64]",365.0,129,8.0,-0.4
07:47:42,"[360.0, 11]","[358.0, 33]","[369.0, 22]","[377.0, 55]",364.5,121,9.0,-0.27
07:47:43,"[359.45, 11]","[357.96, 25]","[368.71, 14]","[375.06, 33]",364.08,83,9.26,-0.13
07:47:44,"[358.0, 39]","[357.0, 13]","[367.15, 13]","[369.0, 26]",362.58,91,9.15,0.14
07:47:45,"[358.0, 42]","[357.0, 14]","[365.21, 14]","[369.0, 28]",361.61,98,7.21,0.14
07:47:46,"[358.0, 48]","[357.0, 16]","[363.55, 22]","[367.85, 26]",360.77,112,5.55,0.14
07:47:47,"[358.0, 39]","[357.0, 11]","[361.89, 19]","[362.71, 14]",359.95,83,3.89,0.2
07:47:48,"[358.0, 79]","[357.0, 17]","[360.64, 25]","[372.42, 88]",359.32,209,2.64,-0.08
07:47:49,"[358.0, 45]","[357.0, 15]","[360.11, 55]","[369.68, 57]",359.05,172,2.11,-0.3
07:47:50,"[358.0, 30]","[357.0, 10]","[360.0, 40]","[361.0, 20]",359.0,100,2.0,-0.2
07:47:51,"[357.86, 28]","[356.29, 28]","[359.25, 48]","[361.0, 24]",358.55,128,1.39,-0.12
07:47:52,"[360.53, 51]","[356.14, 35]","[365.92, 52]","[369.0, 14]",363.23,152,5.39,0.13
07:47:53,"[361.0, 126]","[357.0, 15]","[368.0, 75]","[374.07, 59]",364.5,275,7.0,0.03
07:47:54,"[361.0, 128]","[357.0, 16]","[368.0, 80]","[374.05, 59]",364.5,283,7.0,0.02
07:47:55,"[361.0, 96]","[357.0, 12]","[368.0, 60]","[373.67, 48]",364.5,216,7.0,0.0
07:47:56,"[361.02, 98]","[358.45, 22]","[368.0, 75]","[374.0, 60]",364.51,255,6.98,-0.06
07:47:57,"[361.0, 52]","[357.0, 13]","[368.0, 65]","[374.0, 52]",364.5,182,7.0,-0.29
07:47:58,"[357.77, 31]","[355.33, 48]","[368.0, 65]","[374.0, 52]",362.89,196,10.23,-0.19
07:47:59,"[356.0, 32]","[349.5, 16]","[367.78, 36]","[373.52, 63]",361.89,147,11.78,-0.35
07:48:00,"[357.15, 46]","[356.63, 73]","[367.8, 118]","[373.01, 91]",362.47,328,10.64,-0.27
07:48:01,"[360.52, 181]","[357.74, 35]","[367.91, 65]","[372.89, 54]",364.21,335,7.39,0.29
07:48:02,"[362.52, 307]","[359.98, 49]","[367.0, 39]","[372.74, 54]",364.76,449,4.48,0.59
07:48:03,"[363.0, 276]","[360.0, 48]","[366.5, 36]","[373.0, 58]",364.75,418,3.5,0.55
07:48:04,"[363.0, 312]","[360.0, 56]","[365.18, 22]","[368.09, 46]",364.09,436,2.18,0.69
07:48:05,"[363.0, 233]","[360.0, 48]","[365.33, 36]","[371.5, 48]",364.17,365,2.33,0.54
07:48:06,"[363.0, 228]","[360.0, 48]","[370.33, 45]","[373.69, 52]",366.67,373,7.33,0.48
07:48:07,"[362.1, 91]","[360.69, 71]","[364.31, 64]","[369.06, 64]",363.21,290,2.21,0.12
07:48:08,"[361.27, 75]","[360.36, 69]","[369.38, 64]","[376.6, 75]",365.32,283,8.11,0.02
07:48:09,"[361.0, 40]","[360.0, 32]","[375.85, 33]","[378.84, 38]",368.42,143,14.85,0.01
07:48:10,"[361.0, 45]","[360.0, 36]","[379.0, 45]","[381.0, 45]",370.0,171,18.0,-0.05
07:48:11,"[361.0, 35]","[360.0, 28]","[378.45, 29]","[380.14, 35]",369.72,127,17.45,-0.01
07:48:12,"[360.56, 54]","[359.8, 30]","[376.36, 66]","[379.47, 53]",368.46,203,15.81,-0.17
07:48:13,"[360.0, 48]","[359.0, 12]","[371.71, 58]","[376.13, 38]",365.85,156,11.71,-0.23
07:48:14,"[360.0, 48]","[359.0, 12]","[369.25, 60]","[377.0, 69]",364.62,189,9.25,-0.37
07:48:15,"[360.0, 56]","[359.0, 14]","[367.57, 14]","[369.0, 70]",363.79,154,7.57,-0.09
07:48:16,"[360.0, 56]","[359.0, 14]","[365.85, 40]","[367.6, 48]",362.93,158,5.85,-0.11
07:48:17,"[360.0, 36]","[359.0, 9]","[362.63, 19]","[363.96, 27]",361.32,91,2.63,-0.01
07:48:18,"[359.5, 22]","[358.31, 16]","[360.79, 19]","[367.63, 46]",360.14,103,1.29,-0.26
07:48:19,"[359.93, 60]","[358.67, 12]","[360.56, 18]","[373.73, 22]",360.24,112,0.62,0.29
07:48:20,"[360.0, 94]","[359.0, 15]","[367.83, 35]","[375.36, 22]",363.91,166,7.83,0.31
07:48:21,"[360.0, 72]","[358.92, 12]","[364.17, 48]","[375.4, 20]",362.08,152,4.17,0.11
07:48:22,"[360.0, 78]","[358.0, 35]","[374.62, 26]","[377.0, 13]",367.31,152,14.62,0.49
07:48:23,"[359.85, 80]","[357.66, 47]","[374.0, 45]","[379.0, 90]",366.93,262,14.15,-0.03
07:48:24,"[359.93, 83]","[357.76, 34]","[374.0, 33]","[379.0, 66]",366.96,216,14.07,0.08
07:48:25,"[360.0, 72]","[358.0, 27]","[374.0, 27]","[378.8, 45]",367.0,171,14.0,0.16
07:48:26,"[360.0, 70]","[358.0, 24]","[374.0, 24]","[378.0, 24]",367.0,142,14.0,0.32
07:48:27,"[360.0, 110]","[358.0, 30]","[373.96, 28]","[377.6, 30]",366.98,198,13.96,0.41
07:48:28,"[360.0, 187]","[358.0, 51]","[371.62, 32]","[373.78, 46]",365.81,316,11.62,0.51
07:48:29,"[360.45, 141]","[359.61, 109]","[369.7, 27]","[370.96, 48]",365.08,325,9.25,0.54
07:48:30,"[361.0, 168]","[360.0, 169]","[368.13, 39]","[369.2, 75]",364.56,451,7.13,0.49
07:48:31,"[362.0, 104]","[360.0, 65]","[364.84, 31]","[368.47, 34]",363.42,234,2.84,0.44
07:48:32,"[362.0, 81]","[360.0, 55]","[363.0, 44]","[370.45, 11]",362.5,191,1.0,0.42
07:48:33,"[362.0, 70]","[360.0, 70]","[368.57, 49]","[379.0, 38]",365.29,227,6.57,0.23
07:48:34,"[362.0, 27]","[360.0, 45]","[374.88, 32]","[378.67, 27]",368.44,131,12.88,0.1
07:48:35,"[362.0, 24]","[360.0, 40]","[372.5, 32]","[376.0, 21]",367.25,117,10.5,0.09
07:48:36,"[362.0, 33]","[360.0, 55]","[371.0, 44]","[374.33, 12]",366.5,144,9.0,0.22
07:48:37,"[362.0, 30]","[360.0, 50]","[370.9, 40]","[374.0, 10]",366.45,130,8.9,0.23
07:48:38,"[362.0, 30]","[360.0, 50]","[370.0, 40]","[374.0, 22]",366.0,142,8.0,0.13
07:48:39,"[361.83, 46]","[359.99, 71]","[367.93, 60]","[374.0, 57]",364.88,234,6.11,0.0
07:48:40,"[360.0, 32]","[359.0, 13]","[365.7, 54]","[373.0, 32]",362.85,131,5.7,-0.31
07:48:41,"[360.0, 16]","[359.0, 8]","[364.88, 32]","[369.0, 8]",362.44,64,4.88,-0.25
07:48:42,"[360.0, 19]","[359.0, 11]","[363.45, 44]","[374.0, 11]",361.73,85,3.45,-0.29
07:48:43,"[357.84, 25]","[355.03, 34]","[362.45, 62]","[371.82, 34]",360.15,155,4.61,-0.24
07:48:44,"[354.0, 33]","[353.0, 66]","[360.53, 30]","[361.22, 36]",357.27,165,6.53,0.2
07:48:45,"[355.31, 64]","[353.91, 44]","[359.44, 32]","[361.0, 64]",357.38,204,4.12,0.06
07:48:46,"[356.0, 60]","[354.0, 100]","[358.1, 40]","[360.15, 54]",357.05,254,2.1,0.26
07:48:47,"[355.84, 61]","[353.54, 158]","[366.98, 60]","[372.9, 61]",361.41,340,11.15,0.29
07:48:48,"[357.0, 28]","[354.0, 98]","[366.14, 28]","[367.73, 30]",361.57,184,9.14,0.37
07:48:49,"[357.24, 21]","[354.26, 69]","[365.0, 24]","[367.0, 24]",361.12,138,7.76,0.3
07:48:50,"[359.0, 14]","[357.0, 28]","[364.67, 30]","[365.95, 38]",361.83,110,5.67,-0.24
07:48:51,"[357.17, 35]","[354.15, 118]","[361.96, 52]","[363.12, 48]",359.57,253,4.79,0.21
07:48:52,"[358.21, 106]","[354.48, 75]","[360.0, 30]","[361.14, 56]",359.1,267,1.79,0.36
07:48:53,"[359.3, 165]","[357.0, 38]","[361.95, 38]","[373.71, 79]",360.62,320,2.65,0.27
07:48:54,"[359.25, 88]","[356.4, 35]","[367.0, 31]","[374.2, 41]",363.12,195,7.75,0.26
07:48:55,"[358.0, 55]","[357.0, 22]","[371.0, 11]","[374.0, 33]",364.5,121,13.0,0.27
07:48:56,"[358.67, 75]","[357.0, 30]","[371.0, 15]","[374.0, 45]",364.83,165,12.33,0.27
07:48:57,"[354.7, 53]","[350.24, 108]","[369.71, 34]","[372.44, 32]",362.2,227,15.01,0.42
07:48:58,"[349.0, 13]","[345.0, 117]","[368.82, 44]","[369.53, 34]",358.91,208,19.82,0.25
