Time,Bid1,Bid2,Ask1,Ask2,Mid-Price,Total_volume,Bid_ask_spread,Order_imbalance
07:30:00,"[0, 0]","[0, 0]","[281.0, 2]","[354.0, 3]",140.5,5,281.0,-1.0
07:30:01,"[0, 0]","[0, 0]","[354.0, 3]","[0, 0]",177.0,3,354.0,-1.0
07:30:02,"[173.5, 12]","[0, 0]","[354.0, 6]","[0, 0]",263.75,18,180.5,0.33
07:30:03,"[57.0, 6]","[0, 0]","[354.0, 3]","[0, 0]",205.5,9,297.0,0.33
07:30:04,"[58.5, 4]","[57.0, 12]","[354.0, 6]","[0, 0]",206.25,22,295.5,0.45
07:30:05,"[60.17, 12]","[34.0, 36]","[345.3, 20]","[355.36, 11]",202.73,79,285.13,0.22
07:30:06,"[69.2, 10]","[47.43, 14]","[306.0, 9]","[348.0, 15]",187.6,48,236.8,0.0
07:30:07,"[91.57, 28]","[76.3, 60]","[304.67, 48]","[314.13, 31]",198.12,167,213.1,0.05
07:30:08,"[225.46, 13]","[224.53, 17]","[302.43, 37]","[303.82, 33]",263.95,100,76.97,-0.4
07:30:09,"[232.78, 9]","[227.17, 12]","[285.79, 28]","[291.31, 26]",259.28,75,53.01,-0.44
07:30:10,"[249.57, 23]","[246.79, 19]","[283.0, 33]","[284.0, 66]",266.28,141,33.43,-0.4
07:30:11,"[262.14, 14]","[261.0, 10]","[283.0, 24]","[284.0, 60]",272.57,108,20.86,-0.56
07:30:12,"[264.6, 10]","[263.86, 14]","[283.0, 24]","[284.0, 64]",273.8,112,18.4,-0.57
07:30:13,"[267.5, 10]","[265.22, 18]","[283.0, 30]","[284.0, 80]",275.25,138,15.5,-0.59
07:30:14,"[269.82, 17]","[268.7, 10]","[281.62, 24]","[283.72, 65]",275.72,116,11.8,-0.53
07:30:15,"[271.52, 23]","[270.55, 22]","[278.0, 15]","[282.0, 45]",274.76,105,6.48,-0.14
07:30:16,"[278.18, 11]","[274.58, 19]","[283.0, 10]","[284.0, 50]",280.59,90,4.82,-0.33
07:30:17,"[274.41, 22]","[268.88, 50]","[284.0, 70]","[286.0, 56]",279.2,198,9.59,-0.27
07:30:18,"[277.06, 32]","[271.49, 35]","[280.28, 78]","[284.4, 81]",278.67,226,3.22,-0.41
07:30:19,"[277.13, 30]","[274.31, 96]","[279.0, 45]","[284.0, 75]",278.07,246,1.87,0.02
07:30:20,"[277.75, 32]","[274.81, 52]","[280.28, 39]","[284.09, 66]",279.02,189,2.53,-0.11
07:30:21,"[277.0, 28]","[267.0, 7]","[284.0, 35]","[285.0, 21]",280.5,91,7.0,-0.23
07:30:22,"[275.48, 33]","[263.6, 47]","[284.22, 32]","[285.65, 43]",279.85,155,8.73,0.03
07:30:23,"[267.0, 7]","[263.0, 56]","[285.0, 7]","[286.0, 28]",276.0,98,18.0,0.29
07:30:24,"[267.0, 5]","[263.0, 40]","[285.0, 5]","[286.0, 20]",276.0,70,18.0,0.29
07:30:25,"[267.0, 11]","[263.0, 88]","[283.55, 11]","[285.95, 38]",275.27,148,16.55,0.34
07:30:26,"[267.0, 6]","[263.0, 48]","[285.0, 6]","[286.0, 24]",276.0,84,18.0,0.29
07:30:27,"[267.0, 9]","[263.0, 72]","[285.0, 9]","[286.0, 36]",276.0,126,18.0,0.29
07:30:28,"[265.0, 16]","[262.06, 70]","[285.0, 9]","[286.0, 36]",275.0,131,20.0,0.31
07:30:29,"[263.0, 72]","[252.61, 46]","[285.0, 9]","[286.0, 36]",274.0,163,22.0,0.45
07:30:30,"[263.0, 80]","[248.69, 39]","[285.25, 12]","[286.95, 38]",274.12,169,22.25,0.41
07:30:31,"[263.1, 124]","[251.85, 113]","[286.0, 48]","[304.0, 32]",274.55,317,22.9,0.5
07:30:32,"[266.0, 28]","[263.0, 56]","[286.0, 21]","[304.0, 14]",276.0,119,20.0,0.41
07:30:33,"[266.0, 40]","[263.0, 80]","[282.0, 14]","[288.21, 29]",274.0,163,16.0,0.47
07:30:34,"[267.1, 51]","[264.95, 113]","[283.47, 47]","[284.97, 59]",275.28,270,16.37,0.21
07:30:35,"[269.38, 13]","[267.71, 17]","[284.0, 39]","[286.0, 39]",276.69,108,14.62,-0.44
07:30:36,"[271.86, 14]","[270.07, 14]","[283.21, 34]","[285.38, 42]",277.53,104,11.35,-0.46
07:30:37,"[273.2, 15]","[272.0, 15]","[283.0, 60]","[284.0, 30]",278.1,120,9.8,-0.5
07:30:38,"[275.59, 22]","[274.14, 14]","[283.0, 56]","[284.0, 28]",279.3,120,7.41,-0.4
07:30:39,"[282.68, 22]","[278.84, 32]","[284.79, 47]","[313.05, 43]",283.73,144,2.11,-0.25
07:30:40,"[288.41, 71]","[287.33, 27]","[294.58, 24]","[297.68, 47]",291.5,169,6.17,0.16
07:30:41,"[287.23, 43]","[284.47, 59]","[293.47, 34]","[296.35, 23]",290.35,159,6.24,0.28
07:30:42,"[287.2, 86]","[283.97, 58]","[290.18, 28]","[291.53, 34]",288.69,206,2.98,0.4
07:30:43,"[286.4, 25]","[280.8, 15]","[294.6, 15]","[311.24, 34]",290.5,89,8.2,-0.1
07:30:44,"[282.0, 13]","[280.0, 32]","[295.71, 24]","[299.61, 59]",288.85,128,13.71,-0.3
07:30:45,"[286.56, 18]","[286.1, 60]","[294.93, 29]","[295.94, 88]",290.74,195,8.38,-0.2
07:30:46,"[287.32, 63]","[285.04, 92]","[294.0, 36]","[295.0, 90]",290.66,281,6.68,0.1
07:30:47,"[289.91, 22]","[286.93, 97]","[294.0, 34]","[295.0, 85]",291.95,238,4.09,0.0
07:30:48,"[287.0, 96]","[282.81, 16]","[292.08, 48]","[293.46, 52]",289.54,212,5.08,0.06
07:30:49,"[287.0, 96]","[282.27, 22]","[289.64, 36]","[292.37, 60]",288.32,214,2.64,0.1
07:30:50,"[287.0, 30]","[279.0, 15]","[290.0, 5]","[295.0, 25]",288.5,75,3.0,0.2
07:30:51,"[287.0, 30]","[279.0, 15]","[290.0, 5]","[295.0, 25]",288.5,75,3.0,0.2
07:30:52,"[287.0, 21]","[279.0, 18]","[290.0, 6]","[295.0, 30]",288.5,75,3.0,0.04
07:30:53,"[280.2, 45]","[278.87, 31]","[290.0, 13]","[295.0, 65]",285.1,154,9.8,-0.01
07:30:54,"[280.0, 128]","[278.0, 49]","[292.52, 56]","[296.12, 48]",286.26,281,12.52,0.26
07:30:55,"[280.56, 54]","[279.33, 27]","[294.0, 45]","[296.22, 27]",287.28,153,13.44,0.06
07:30:56,"[281.09, 65]","[279.02, 53]","[290.7, 50]","[294.91, 46]",285.9,214,9.61,0.1
07:30:57,"[282.2, 45]","[278.2, 45]","[291.38, 87]","[294.67, 69]",286.79,246,9.18,-0.27
07:30:58,"[281.25, 32]","[276.34, 35]","[284.0, 34]","[293.0, 71]",282.62,172,2.75,-0.22
07:30:59,"[276.0, 32]","[273.93, 30]","[284.0, 24]","[293.0, 40]",280.0,126,8.0,-0.02
07:31:00,"[276.0, 28]","[267.9, 10]","[284.0, 21]","[293.0, 43]",280.0,102,8.0,-0.25
07:31:01,"[277.0, 70]","[275.74, 46]","[284.0, 42]","[293.0, 126]",280.5,284,7.0,-0.18
07:31:02,"[280.42, 60]","[275.85, 27]","[284.0, 36]","[286.12, 64]",282.21,187,3.58,-0.07
07:31:03,"[281.97, 67]","[273.57, 23]","[284.0, 85]","[285.0, 85]",282.99,260,2.03,-0.31
07:31:04,"[281.23, 13]","[272.52, 29]","[284.0, 24]","[285.0, 65]",282.62,131,2.77,-0.36
07:31:05,"[275.63, 19]","[271.74, 35]","[284.78, 18]","[285.64, 56]",280.2,128,9.15,-0.16
07:31:06,"[276.0, 18]","[271.0, 67]","[284.29, 21]","[285.89, 27]",280.14,133,8.29,0.28
07:31:07,"[276.36, 22]","[271.0, 121]","[284.0, 22]","[285.0, 11]",280.18,176,7.64,0.62
07:31:08,"[277.78, 45]","[272.33, 63]","[280.0, 12]","[284.0, 24]",278.89,144,2.22,0.5
07:31:09,"[278.04, 47]","[273.48, 23]","[283.29, 17]","[284.54, 13]",280.67,100,5.25,0.4
07:31:10,"[278.05, 63]","[268.49, 111]","[284.0, 17]","[285.0, 15]",281.02,206,5.95,0.69
07:31:11,"[280.31, 29]","[279.92, 49]","[284.0, 13]","[285.0, 13]",282.16,104,3.69,0.5
07:31:12,"[281.0, 8]","[280.0, 40]","[284.0, 8]","[285.0, 8]",282.5,64,3.0,0.5
07:31:13,"[281.65, 31]","[280.07, 59]","[284.0, 15]","[285.0, 15]",282.82,120,2.35,0.5
07:31:14,"[282.56, 59]","[277.5, 24]","[284.36, 14]","[285.69, 29]",283.46,126,1.8,0.32
07:31:15,"[282.53, 17]","[281.95, 38]","[285.0, 11]","[286.0, 44]",283.76,110,2.47,0.0
07:31:16,"[283.52, 23]","[278.8, 59]","[285.52, 23]","[286.51, 53]",284.52,158,2.0,0.04
07:31:17,"[275.02, 99]","[273.89, 99]","[285.72, 61]","[287.98, 86]",280.37,345,10.7,0.15
07:31:18,"[275.0, 114]","[274.06, 68]","[284.0, 72]","[286.0, 72]",279.5,326,9.0,0.12
07:31:19,"[277.0, 96]","[275.0, 36]","[284.4, 30]","[287.67, 54]",280.7,216,7.4,0.22
07:31:20,"[277.04, 75]","[275.29, 41]","[286.0, 10]","[291.53, 32]",281.52,158,8.96,0.47
07:31:21,"[277.0, 88]","[275.0, 88]","[283.82, 11]","[291.33, 27]",280.41,214,6.82,0.64
07:31:22,"[277.0, 80]","[275.0, 80]","[278.0, 10]","[285.2, 10]",277.5,180,1.0,0.78
07:31:23,"[277.0, 88]","[275.0, 88]","[284.45, 11]","[286.18, 11]",280.73,198,7.45,0.78
07:31:24,"[277.63, 49]","[275.77, 70]","[286.0, 9]","[290.88, 17]",281.82,145,8.37,0.64
07:31:25,"[281.45, 44]","[279.58, 69]","[286.0, 17]","[291.0, 34]",283.73,164,4.55,0.38
07:31:26,"[283.22, 23]","[282.4, 30]","[286.0, 15]","[291.0, 30]",284.61,98,2.78,0.08
07:31:27,"[283.71, 17]","[282.62, 26]","[287.11, 18]","[289.15, 26]",285.41,87,3.41,-0.01
07:31:28,"[283.73, 11]","[282.4, 10]","[288.0, 14]","[291.0, 14]",285.86,49,4.27,-0.14
07:31:29,"[284.0, 26]","[283.0, 13]","[286.46, 13]","[289.94, 31]",285.23,83,2.46,-0.06
07:31:30,"[285.19, 16]","[283.94, 16]","[292.0, 48]","[293.0, 32]",288.59,112,6.81,-0.43
07:31:31,"[287.94, 31]","[284.31, 13]","[292.0, 47]","[293.18, 22]",289.97,113,4.06,-0.22
07:31:32,"[289.07, 85]","[288.53, 49]","[292.0, 24]","[293.17, 29]",290.54,187,2.93,0.43
07:31:33,"[289.07, 86]","[283.32, 124]","[291.37, 19]","[293.42, 19]",290.22,248,2.3,0.69
07:31:34,"[289.0, 117]","[278.0, 96]","[291.88, 24]","[293.31, 16]",290.44,253,2.88,0.68
07:31:35,"[289.0, 90]","[278.0, 80]","[293.0, 50]","[294.0, 18]",291.0,238,4.0,0.43
07:31:36,"[289.0, 84]","[278.0, 88]","[293.8, 25]","[299.62, 32]",291.4,229,4.8,0.5
07:31:37,"[289.0, 24]","[278.03, 89]","[294.0, 22]","[299.64, 33]",291.5,168,5.0,0.35
07:31:38,"[290.09, 22]","[281.22, 58]","[296.55, 33]","[299.08, 39]",293.32,152,6.45,0.05
07:31:39,"[295.0, 8]","[289.0, 16]","[298.0, 24]","[300.0, 24]",296.5,72,3.0,-0.33
07:31:40,"[289.14, 14]","[283.91, 54]","[297.67, 36]","[299.14, 42]",293.4,146,8.52,-0.07
07:31:41,"[287.0, 15]","[280.0, 75]","[296.13, 30]","[298.0, 85]",291.57,205,9.13,-0.12
07:31:42,"[287.0, 13]","[281.15, 65]","[294.6, 20]","[297.09, 53]",290.8,151,7.6,0.03
07:31:43,"[287.43, 28]","[284.25, 51]","[290.8, 20]","[293.31, 13]",289.11,112,3.37,0.41
07:31:44,"[288.0, 61]","[287.0, 56]","[289.93, 28]","[293.0, 14]",288.96,159,1.93,0.47
07:31:45,"[288.0, 48]","[287.0, 60]","[291.62, 24]","[300.0, 45]",289.81,177,3.62,0.22
07:31:46,"[287.06, 47]","[283.27, 59]","[295.75, 24]","[298.5, 36]",291.41,166,8.69,0.28
07:31:47,"[287.57, 28]","[284.39, 46]","[295.0, 10]","[296.0, 30]",291.29,114,7.43,0.3
07:31:48,"[291.0, 8]","[287.4, 40]","[294.62, 8]","[296.0, 24]",292.81,80,3.62,0.2
07:31:49,"[291.86, 42]","[287.93, 116]","[295.89, 27]","[297.52, 40]",293.87,225,4.03,0.4
07:31:50,"[295.0, 78]","[287.21, 56]","[298.0, 43]","[302.31, 39]",296.5,216,3.0,0.24
07:31:51,"[295.0, 21]","[287.0, 20]","[298.0, 5]","[300.0, 15]",296.5,61,3.0,0.34
07:31:52,"[295.0, 43]","[287.0, 60]","[296.93, 15]","[299.33, 27]",295.97,145,1.93,0.42
07:31:53,"[295.0, 20]","[287.0, 40]","[299.8, 10]","[301.8, 30]",297.4,100,4.8,0.2
07:31:54,"[295.0, 20]","[287.0, 40]","[301.0, 10]","[302.0, 30]",298.0,100,6.0,0.2
07:31:55,"[295.0, 14]","[287.0, 28]","[300.14, 7]","[301.25, 12]",297.57,61,5.14,0.38
07:31:56,"[295.0, 16]","[287.0, 47]","[299.75, 8]","[301.0, 32]",297.38,103,4.75,0.22
07:31:57,"[295.0, 20]","[287.0, 80]","[299.0, 10]","[301.0, 40]",297.0,150,4.0,0.33
07:31:58,"[291.24, 34]","[286.0, 84]","[298.27, 11]","[301.0, 29]",294.75,158,7.04,0.49
07:31:59,"[288.9, 82]","[286.29, 76]","[297.17, 12]","[301.57, 21]",293.03,191,8.26,0.65
07:32:00,"[290.38, 128]","[289.01, 106]","[296.5, 16]","[301.7, 61]",293.44,311,6.12,0.5
07:32:01,"[291.0, 70]","[290.0, 10]","[296.0, 10]","[300.0, 30]",293.5,120,5.0,0.33
07:32:02,"[291.0, 91]","[290.0, 13]","[294.54, 13]","[300.31, 39]",292.77,156,3.54,0.33
07:32:03,"[291.72, 39]","[290.0, 9]","[293.78, 9]","[302.0, 27]",292.75,84,2.06,0.14
07:32:04,"[292.5, 24]","[291.38, 13]","[302.0, 21]","[303.0, 28]",297.25,86,9.5,-0.14
07:32:05,"[293.0, 68]","[290.0, 10]","[301.33, 36]","[302.47, 34]",297.17,148,8.33,0.05
07:32:06,"[294.42, 50]","[291.8, 30]","[299.78, 74]","[300.96, 71]",297.1,225,5.36,-0.29
07:32:07,"[296.0, 45]","[295.0, 30]","[297.8, 45]","[301.91, 46]",296.9,166,1.8,-0.1
07:32:08,"[296.0, 27]","[295.0, 18]","[297.0, 27]","[302.0, 59]",296.5,131,1.0,-0.31
07:32:09,"[295.83, 36]","[294.53, 38]","[299.06, 51]","[302.88, 85]",297.45,210,3.23,-0.3
07:32:10,"[295.0, 20]","[294.0, 60]","[302.0, 70]","[305.71, 14]",298.5,164,7.0,-0.02
07:32:11,"[294.47, 30]","[293.57, 47]","[300.98, 52]","[301.9, 41]",297.72,170,6.51,-0.09
07:32:12,"[292.12, 32]","[288.36, 22]","[299.08, 12]","[301.0, 48]",295.6,114,6.96,-0.05
07:32:13,"[289.0, 48]","[287.0, 48]","[298.25, 16]","[301.25, 16]",293.62,128,9.25,0.5
07:32:14,"[289.0, 60]","[287.0, 60]","[297.17, 12]","[298.04, 28]",293.08,160,8.17,0.5
07:32:15,"[289.0, 54]","[287.0, 54]","[295.21, 19]","[297.41, 17]",292.11,144,6.21,0.5
07:32:16,"[287.75, 48]","[286.78, 23]","[295.0, 24]","[296.0, 8]",291.38,103,7.25,0.38
07:32:17,"[287.58, 43]","[287.12, 59]","[293.13, 15]","[295.0, 45]",290.36,162,5.55,0.26
07:32:18,"[289.33, 18]","[287.86, 42]","[291.7, 10]","[295.0, 30]",290.52,100,2.37,0.2
07:32:19,"[288.2, 60]","[286.64, 89]","[290.07, 14]","[295.55, 44]",289.14,207,1.87,0.44
07:32:20,"[287.0, 96]","[283.0, 32]","[289.25, 8]","[298.0, 32]",288.12,168,2.25,0.52
07:32:21,"[287.0, 96]","[283.0, 32]","[293.71, 14]","[299.11, 38]",290.36,180,6.71,0.42
07:32:22,"[287.82, 67]","[286.88, 136]","[298.0, 48]","[299.43, 69]",292.91,320,10.18,0.27
07:32:23,"[290.3, 44]","[287.91, 88]","[298.16, 50]","[299.26, 92]",294.23,274,7.86,-0.04
07:32:24,"[292.79, 70]","[290.71, 58]","[297.19, 32]","[298.9, 101]",294.99,261,4.4,-0.02
07:32:25,"[293.0, 70]","[292.0, 45]","[294.93, 30]","[297.47, 75]",293.97,220,1.93,0.05
07:32:26,"[292.28, 29]","[287.92, 75]","[297.83, 47]","[300.38, 26]",295.05,177,5.55,0.18
07:32:27,"[293.69, 32]","[292.0, 48]","[298.57, 58]","[304.94, 18]",296.13,156,4.88,0.03
07:32:28,"[293.25, 16]","[291.5, 24]","[299.0, 24]","[303.0, 8]",296.12,72,5.75,0.11
07:32:29,"[292.48, 27]","[291.32, 44]","[299.0, 51]","[303.0, 17]",295.74,139,6.52,0.02
07:32:30,"[292.2, 10]","[291.07, 29]","[299.0, 30]","[303.0, 10]",295.6,79,6.8,-0.01
07:32:31,"[292.0, 8]","[291.0, 24]","[299.0, 24]","[303.0, 8]",295.5,64,7.0,0.0
07:32:32,"[291.4, 20]","[289.64, 44]","[298.58, 24]","[300.0, 24]",294.99,112,7.18,0.14
07:32:33,"[291.0, 31]","[288.8, 50]","[295.82, 11]","[300.04, 25]",293.41,117,4.82,0.38
07:32:34,"[291.0, 11]","[290.0, 44]","[294.36, 11]","[301.0, 26]",292.68,92,3.36,0.2
07:32:35,"[290.31, 13]","[289.03, 31]","[293.71, 7]","[301.0, 28]",292.01,79,3.41,0.11
07:32:36,"[290.0, 24]","[288.0, 40]","[292.75, 8]","[300.57, 14]",291.38,86,2.75,0.49
07:32:37,"[290.0, 36]","[288.0, 60]","[291.33, 12]","[300.0, 12]",290.67,120,1.33,0.6
07:32:38,"[290.0, 26]","[288.0, 65]","[297.66, 29]","[304.27, 33]",293.83,153,7.66,0.19
07:32:39,"[290.0, 24]","[288.87, 38]","[297.75, 24]","[303.76, 29]",293.88,115,7.75,0.08
07:32:40,"[290.0, 24]","[289.0, 36]","[298.41, 17]","[301.21, 19]",294.21,96,8.41,0.25
07:32:41,"[290.0, 20]","[289.0, 30]","[295.9, 21]","[298.73, 11]",292.95,82,5.9,0.22
07:32:42,"[290.0, 22]","[289.0, 33]","[294.22, 36]","[295.67, 18]",292.11,109,4.22,0.01
07:32:43,"[291.25, 48]","[289.31, 39]","[293.7, 46]","[294.36, 44]",292.47,177,2.45,-0.02
07:32:44,"[288.0, 75]","[284.93, 90]","[297.59, 54]","[299.21, 47]",292.8,266,9.59,0.24
07:32:45,"[288.74, 38]","[287.56, 82]","[300.24, 74]","[302.82, 57]",294.49,251,11.51,-0.04
07:32:46,"[289.0, 22]","[288.0, 55]","[301.0, 88]","[302.0, 11]",295.0,176,12.0,-0.12
07:32:47,"[289.0, 26]","[288.0, 65]","[299.26, 66]","[300.77, 39]",294.13,196,10.26,-0.07
07:32:48,"[288.64, 22]","[287.63, 43]","[298.82, 55]","[301.0, 33]",293.73,153,10.18,-0.15
07:32:49,"[288.0, 24]","[286.0, 24]","[297.5, 60]","[302.11, 19]",292.75,127,9.5,-0.24
07:32:50,"[288.0, 30]","[286.0, 30]","[295.93, 75]","[302.0, 54]",291.97,189,7.93,-0.37
07:32:51,"[289.0, 12]","[288.0, 24]","[295.0, 60]","[302.0, 60]",292.0,156,6.0,-0.54
07:32:52,"[288.62, 13]","[286.46, 26]","[294.15, 65]","[302.0, 22]",291.38,126,5.54,-0.38
07:32:53,"[292.91, 114]","[287.06, 17]","[294.11, 71]","[302.62, 16]",293.51,218,1.2,0.2
07:32:54,"[293.0, 48]","[288.0, 12]","[301.14, 28]","[304.47, 17]",297.07,105,8.14,0.14
07:32:55,"[289.67, 45]","[287.56, 59]","[301.0, 43]","[302.38, 13]",295.33,160,11.33,0.3
07:32:56,"[291.0, 42]","[285.12, 32]","[300.76, 49]","[303.0, 14]",295.88,137,9.76,0.08
07:32:57,"[291.0, 27]","[284.0, 18]","[299.44, 27]","[303.0, 9]",295.22,81,8.44,0.11
07:32:58,"[291.0, 42]","[284.0, 28]","[298.07, 42]","[303.0, 50]",294.54,162,7.07,-0.14
07:32:59,"[292.75, 151]","[290.18, 51]","[296.06, 54]","[300.0, 36]",294.4,292,3.31,0.38
07:33:00,"[293.12, 153]","[291.0, 51]","[295.53, 51]","[299.0, 51]",294.32,306,2.41,0.33
07:33:01,"[291.0, 51]","[289.0, 85]","[298.47, 34]","[300.57, 51]",294.74,221,7.47,0.23
07:33:02,"[292.7, 107]","[290.62, 58]","[296.79, 19]","[297.94, 32]",294.75,216,4.09,0.53
07:33:03,"[294.0, 74]","[292.0, 15]","[295.95, 22]","[303.5, 48]",294.98,159,1.95,0.12
07:33:04,"[294.38, 45]","[292.0, 12]","[297.0, 12]","[303.7, 27]",295.69,96,2.62,0.19
07:33:05,"[294.09, 35]","[290.93, 14]","[298.1, 20]","[300.0, 10]",296.09,79,4.01,0.24
07:33:06,"[291.0, 94]","[289.0, 70]","[295.56, 18]","[296.83, 24]",293.28,206,4.56,0.59
07:33:07,"[291.03, 105]","[288.13, 97]","[294.88, 32]","[295.64, 22]",292.95,256,3.85,0.58
07:33:08,"[292.42, 26]","[291.0, 84]","[294.0, 14]","[297.8, 20]",293.21,144,1.58,0.53
07:33:09,"[295.35, 60]","[291.63, 41]","[301.5, 16]","[304.95, 61]",298.43,178,6.15,0.13
07:33:10,"[295.0, 9]","[291.0, 63]","[299.0, 9]","[302.0, 9]",297.0,90,4.0,0.6
07:33:11,"[291.19, 84]","[290.27, 79]","[302.0, 13]","[305.0, 39]",296.6,215,10.81,0.52
07:33:12,"[291.0, 110]","[289.0, 33]","[301.02, 41]","[303.23, 13]",296.01,197,10.02,0.45
07:33:13,"[291.84, 62]","[290.88, 49]","[300.64, 56]","[302.55, 40]",296.24,207,8.8,0.07
07:33:14,"[292.7, 92]","[291.6, 53]","[299.2, 60]","[301.73, 45]",295.95,250,6.5,0.16
07:33:15,"[293.0, 32]","[292.0, 16]","[299.0, 16]","[302.0, 12]",296.0,76,6.0,0.26
07:33:16,"[293.0, 72]","[292.0, 36]","[299.0, 36]","[302.0, 27]",296.0,171,6.0,0.26
07:33:17,"[293.0, 48]","[292.0, 24]","[298.83, 24]","[302.0, 18]",295.92,114,5.83,0.26
07:33:18,"[293.0, 96]","[292.0, 48]","[298.0, 48]","[302.18, 33]",295.5,225,5.0,0.28
07:33:19,"[293.0, 120]","[292.0, 60]","[296.44, 54]","[299.59, 54]",294.72,288,3.44,0.25
07:33:20,"[293.0, 65]","[292.0, 48]","[296.19, 32]","[299.64, 33]",294.59,178,3.19,0.27
07:33:21,"[295.14, 42]","[292.15, 39]","[305.0, 21]","[306.66, 35]",300.07,137,9.86,0.18
07:33:22,"[298.0, 126]","[293.0, 42]","[304.86, 14]","[306.29, 34]",301.43,216,6.86,0.56
07:33:23,"[298.0, 72]","[293.0, 24]","[304.0, 8]","[306.0, 32]",301.0,136,6.0,0.41
07:33:24,"[298.0, 109]","[293.0, 39]","[303.54, 13]","[306.0, 78]",300.77,239,5.54,0.24
07:33:25,"[298.0, 40]","[292.84, 25]","[302.12, 8]","[306.0, 20]",300.06,93,4.12,0.4
07:33:26,"[297.7, 54]","[293.02, 47]","[300.82, 11]","[306.95, 42]",299.26,154,3.11,0.31
07:33:27,"[294.0, 32]","[292.0, 56]","[300.0, 8]","[307.0, 32]",297.0,128,6.0,0.38
07:33:28,"[294.0, 24]","[292.0, 42]","[300.0, 6]","[307.17, 24]",297.0,96,6.0,0.38
07:33:29,"[294.0, 52]","[292.0, 91]","[299.0, 23]","[303.03, 29]",296.5,195,5.0,0.47
07:33:30,"[294.0, 32]","[292.0, 56]","[297.17, 18]","[298.64, 14]",295.58,120,3.17,0.47
07:33:31,"[294.73, 88]","[292.55, 58]","[296.9, 30]","[298.0, 10]",295.81,186,2.17,0.57
07:33:32,"[295.0, 105]","[294.0, 44]","[302.0, 33]","[305.32, 25]",298.5,207,7.0,0.44
07:33:33,"[296.59, 64]","[294.92, 52]","[302.15, 39]","[304.85, 39]",299.37,194,5.56,0.2
07:33:34,"[298.0, 64]","[296.0, 40]","[304.7, 30]","[308.78, 37]",301.35,171,6.7,0.22
07:33:35,"[298.0, 63]","[296.0, 36]","[304.46, 13]","[306.11, 27]",301.23,139,6.46,0.42
07:33:36,"[298.0, 84]","[296.0, 48]","[302.25, 12]","[305.0, 36]",300.12,180,4.25,0.47
07:33:37,"[298.0, 96]","[296.0, 60]","[299.87, 23]","[304.95, 37]",298.93,216,1.87,0.44
07:33:38,"[298.0, 35]","[296.0, 50]","[306.45, 29]","[309.95, 19]",302.22,133,8.45,0.28
07:33:39,"[298.0, 21]","[296.0, 28]","[307.0, 21]","[311.16, 19]",302.5,89,9.0,0.1
07:33:40,"[298.0, 18]","[296.0, 32]","[307.0, 24]","[311.0, 32]",302.5,106,9.0,-0.06
07:33:41,"[298.0, 15]","[296.0, 60]","[307.35, 46]","[311.02, 57]",302.67,178,9.35,-0.16
07:33:42,"[298.0, 9]","[296.0, 36]","[307.0, 27]","[311.0, 36]",302.5,108,9.0,-0.17
07:33:43,"[298.0, 7]","[296.0, 28]","[306.55, 11]","[308.39, 23]",302.27,69,8.55,0.01
07:33:44,"[298.0, 13]","[296.0, 52]","[304.92, 13]","[306.15, 39]",301.46,117,6.92,0.11
07:33:45,"[298.0, 15]","[296.0, 60]","[302.26, 27]","[303.63, 49]",300.13,151,4.26,-0.01
07:33:46,"[296.08, 50]","[294.8, 20]","[298.33, 66]","[304.98, 42]",297.21,178,2.25,-0.21
07:33:47,"[296.0, 48]","[294.0, 12]","[298.21, 58]","[307.03, 34]",297.1,152,2.21,-0.21
07:33:48,"[295.73, 30]","[292.89, 18]","[307.0, 33]","[308.0, 11]",301.37,92,11.27,0.04
07:33:49,"[294.0, 9]","[293.0, 27]","[307.0, 27]","[308.0, 9]",300.5,72,13.0,0.0
07:33:50,"[297.61, 31]","[293.44, 16]","[306.75, 32]","[307.57, 14]",302.18,93,9.14,0.01
07:33:51,"[298.0, 28]","[294.0, 7]","[306.0, 28]","[307.0, 21]",302.0,84,8.0,-0.17
07:33:52,"[298.0, 28]","[294.0, 7]","[306.0, 28]","[307.0, 21]",302.0,84,8.0,-0.17
07:33:53,"[298.0, 32]","[295.75, 32]","[305.88, 32]","[307.0, 24]",301.94,120,7.88,0.07
07:33:54,"[298.0, 48]","[296.0, 84]","[303.75, 48]","[307.33, 36]",300.88,216,5.75,0.22
07:33:55,"[298.0, 52]","[296.0, 91]","[300.38, 52]","[308.83, 41]",299.19,236,2.38,0.21
07:33:56,"[296.15, 52]","[294.93, 15]","[299.78, 36]","[311.0, 33]",297.97,136,3.62,-0.01
07:33:57,"[296.0, 66]","[294.0, 13]","[298.08, 52]","[311.11, 37]",297.04,168,2.08,-0.06
07:33:58,"[296.0, 30]","[294.0, 9]","[297.0, 36]","[312.0, 9]",296.5,84,1.0,-0.07
07:33:59,"[294.47, 17]","[293.05, 41]","[309.61, 46]","[326.05, 74]",302.04,178,15.14,-0.35
07:34:00,"[294.0, 17]","[293.0, 83]","[307.73, 44]","[310.19, 42]",300.86,186,13.73,0.08
07:34:01,"[293.06, 34]","[292.56, 25]","[305.47, 38]","[306.27, 52]",299.27,149,12.41,-0.21
07:34:02,"[293.5, 40]","[292.5, 20]","[301.4, 30]","[306.0, 70]",297.45,160,7.9,-0.25
07:34:03,"[295.27, 60]","[294.41, 54]","[299.1, 40]","[303.24, 42]",297.18,196,3.83,0.16
07:34:04,"[295.5, 56]","[294.26, 38]","[297.67, 36]","[299.71, 41]",296.58,171,2.17,0.1
07:34:05,"[294.62, 32]","[292.86, 21]","[300.09, 33]","[303.98, 46]",297.36,132,5.47,-0.2
07:34:06,"[292.6, 10]","[291.05, 55]","[305.0, 35]","[307.0, 21]",298.8,121,12.4,0.07
07:34:07,"[292.0, 5]","[291.0, 65]","[305.95, 19]","[308.5, 12]",298.97,101,13.95,0.39
07:34:08,"[292.0, 12]","[291.0, 156]","[307.0, 36]","[310.0, 24]",299.5,228,15.0,0.47
07:34:09,"[293.6, 111]","[291.6, 50]","[307.0, 54]","[310.0, 36]",300.3,251,13.4,0.28
07:34:10,"[296.64, 84]","[294.0, 14]","[310.0, 28]","[311.0, 28]",303.32,154,13.36,0.27
07:34:11,"[299.0, 90]","[296.33, 15]","[308.5, 48]","[310.5, 32]",303.75,185,9.5,0.14
07:34:12,"[299.0, 54]","[298.0, 9]","[308.0, 36]","[311.0, 36]",303.5,135,9.0,-0.07
07:34:13,"[299.0, 38]","[298.0, 7]","[308.0, 28]","[310.83, 24]",303.5,97,9.0,-0.07
07:34:14,"[299.0, 33]","[298.0, 7]","[308.0, 28]","[310.0, 14]",303.5,82,9.0,-0.02
07:34:15,"[299.0, 24]","[298.0, 6]","[308.0, 24]","[310.0, 12]",303.5,66,9.0,-0.09
07:34:16,"[298.71, 28]","[294.61, 33]","[308.0, 52]","[310.0, 26]",303.36,139,9.29,-0.12
07:34:17,"[299.0, 18]","[298.0, 9]","[308.0, 36]","[310.0, 18]",303.5,81,9.0,-0.33
07:34:18,"[299.0, 16]","[297.12, 8]","[308.0, 32]","[310.0, 16]",303.5,72,9.0,-0.33
07:34:19,"[299.0, 32]","[297.0, 16]","[306.84, 31]","[307.83, 24]",302.92,103,7.84,-0.07
07:34:20,"[299.0, 20]","[297.0, 10]","[301.9, 10]","[303.0, 10]",300.45,50,2.9,0.2
07:34:21,"[297.68, 47]","[294.63, 38]","[300.21, 14]","[301.21, 14]",298.95,113,2.53,0.5
07:34:22,"[297.02, 85]","[294.52, 48]","[299.53, 15]","[302.0, 24]",298.28,172,2.51,0.55
07:34:23,"[297.0, 75]","[295.0, 21]","[304.08, 71]","[307.0, 88]",300.54,255,7.08,-0.25
07:34:24,"[297.0, 28]","[295.0, 14]","[303.0, 42]","[306.59, 51]",300.0,135,6.0,-0.38
07:34:25,"[297.0, 8]","[295.0, 4]","[303.0, 12]","[306.0, 4]",300.0,28,6.0,-0.14
07:34:26,"[297.0, 28]","[295.0, 14]","[301.21, 42]","[302.44, 32]",299.11,116,4.21,-0.28
07:34:27,"[296.69, 26]","[294.22, 51]","[298.27, 45]","[299.93, 45]",297.48,167,1.57,-0.08
07:34:28,"[294.04, 102]","[293.32, 124]","[295.44, 32]","[297.0, 48]",294.74,306,1.4,0.48
07:34:29,"[294.0, 84]","[293.0, 143]","[295.0, 26]","[297.0, 39]",294.5,292,1.0,0.55
07:34:30,"[294.0, 68]","[293.0, 143]","[295.97, 31]","[300.64, 44]",294.98,286,1.97,0.48
07:34:31,"[293.14, 115]","[292.1, 80]","[296.0, 39]","[299.37, 41]",294.57,275,2.86,0.42
07:34:32,"[293.0, 88]","[291.0, 32]","[294.75, 24]","[301.11, 27]",293.88,171,1.75,0.4
07:34:33,"[293.25, 106]","[292.39, 95]","[303.78, 54]","[306.91, 22]",298.52,277,10.52,0.45
07:34:34,"[296.0, 42]","[293.0, 150]","[301.07, 56]","[308.0, 38]",298.54,286,5.07,0.34
07:34:35,"[297.93, 42]","[295.0, 84]","[300.0, 56]","[308.0, 14]",298.96,196,2.07,0.29
07:34:36,"[299.0, 18]","[295.0, 72]","[300.0, 48]","[307.17, 12]",299.5,150,1.0,0.2
07:34:37,"[299.0, 13]","[295.0, 78]","[300.0, 52]","[307.0, 13]",299.5,156,1.0,0.17
07:34:38,"[299.0, 6]","[295.0, 36]","[300.0, 24]","[307.0, 6]",299.5,72,1.0,0.17
07:34:39,"[299.0, 10]","[295.0, 60]","[300.0, 40]","[307.0, 10]",299.5,120,1.0,0.17
07:34:40,"[299.0, 8]","[295.0, 48]","[300.91, 23]","[308.64, 11]",299.96,90,1.91,0.24
07:34:41,"[299.0, 14]","[295.0, 84]","[301.75, 32]","[309.18, 22]",300.38,152,2.75,0.29
07:34:42,"[299.0, 11]","[296.26, 114]","[300.0, 44]","[307.64, 11]",299.5,180,1.0,0.39
07:34:43,"[297.04, 92]","[296.0, 72]","[300.0, 32]","[308.0, 8]",298.52,204,2.96,0.61
07:34:44,"[297.0, 210]","[295.0, 84]","[298.79, 14]","[301.71, 56]",297.89,364,1.79,0.62
07:34:45,"[297.0, 255]","[295.0, 102]","[298.0, 17]","[303.88, 64]",297.5,438,1.0,0.63
07:34:46,"[297.0, 217]","[295.0, 90]","[303.74, 39]","[305.78, 36]",300.37,382,6.74,0.61
07:34:47,"[297.0, 196]","[295.0, 84]","[305.0, 56]","[306.08, 53]",301.0,389,8.0,0.44
07:34:48,"[297.0, 168]","[295.0, 72]","[305.0, 48]","[306.0, 48]",301.0,336,8.0,0.43
07:34:49,"[297.0, 159]","[295.0, 72]","[305.0, 48]","[306.0, 48]",301.0,327,8.0,0.41
07:34:50,"[297.04, 79]","[295.47, 47]","[305.0, 28]","[306.0, 28]",301.02,182,7.96,0.38
07:34:51,"[298.0, 21]","[297.0, 77]","[305.0, 28]","[306.0, 28]",301.5,154,7.0,0.27
07:34:52,"[298.0, 21]","[297.0, 77]","[305.0, 28]","[306.0, 28]",301.5,154,7.0,0.27
07:34:53,"[297.13, 46]","[296.54, 26]","[305.0, 24]","[306.0, 24]",301.07,120,7.87,0.2
07:34:54,"[297.17, 92]","[295.8, 20]","[305.0, 40]","[306.0, 40]",301.09,192,7.83,0.17
07:34:55,"[298.0, 112]","[297.0, 84]","[304.0, 28]","[305.0, 56]",301.0,280,6.0,0.4
07:34:56,"[298.0, 72]","[297.0, 72]","[303.41, 34]","[304.74, 38]",300.71,216,5.41,0.33
07:34:57,"[298.0, 40]","[297.0, 60]","[302.1, 40]","[304.0, 20]",300.05,160,4.1,0.25
07:34:58,"[297.87, 46]","[296.95, 61]","[299.9, 42]","[304.33, 21]",298.89,170,2.04,0.26
07:34:59,"[297.0, 54]","[294.0, 9]","[303.11, 18]","[310.09, 33]",300.06,114,6.11,0.11
07:35:00,"[297.0, 36]","[294.0, 6]","[302.0, 12]","[310.0, 41]",299.5,95,5.0,-0.12
07:35:01,"[297.0, 72]","[294.0, 12]","[300.96, 23]","[308.7, 37]",298.98,144,3.96,0.17
07:35:02,"[297.08, 39]","[296.25, 24]","[299.0, 18]","[306.74, 19]",298.04,100,1.92,0.26
07:35:03,"[297.0, 47]","[293.58, 12]","[298.17, 24]","[308.0, 60]",297.58,143,1.17,-0.17
07:35:04,"[294.22, 23]","[292.78, 45]","[302.17, 24]","[308.56, 43]",298.19,135,7.95,0.01
07:35:05,"[293.0, 49]","[292.0, 35]","[307.0, 11]","[308.28, 43]",300.0,138,14.0,0.22
07:35:06,"[293.89, 47]","[291.65, 78]","[307.0, 68]","[308.38, 64]",300.45,257,13.11,-0.03
07:35:07,"[295.0, 192]","[294.0, 96]","[304.26, 70]","[305.24, 74]",299.63,432,9.26,0.33
07:35:08,"[295.0, 152]","[294.0, 78]","[301.15, 52]","[304.0, 65]",298.08,347,6.15,0.33
07:35:09,"[295.0, 82]","[294.0, 60]","[298.1, 40]","[306.0, 90]",296.55,272,3.1,0.04
07:35:10,"[295.0, 80]","[294.0, 60]","[296.0, 40]","[306.0, 60]",295.5,240,1.0,0.17
07:35:11,"[295.0, 52]","[294.0, 66]","[304.69, 61]","[307.92, 61]",299.84,240,9.69,-0.02
07:35:12,"[295.0, 24]","[294.0, 36]","[306.0, 30]","[309.0, 30]",300.5,120,11.0,0.0
07:35:13,"[295.0, 20]","[294.0, 30]","[306.0, 25]","[309.0, 25]",300.5,100,11.0,0.0
07:35:14,"[295.0, 28]","[294.0, 42]","[306.0, 35]","[309.0, 35]",300.5,140,11.0,0.0
07:35:15,"[297.0, 32]","[294.29, 42]","[306.0, 40]","[309.0, 40]",301.5,154,9.0,-0.04
07:35:16,"[293.81, 43]","[292.64, 44]","[306.0, 45]","[309.0, 45]",299.91,177,12.19,-0.02
07:35:17,"[293.0, 24]","[292.0, 48]","[306.0, 30]","[309.0, 30]",299.5,132,13.0,0.09
07:35:18,"[293.61, 23]","[292.74, 50]","[306.0, 45]","[309.0, 45]",299.8,163,12.39,-0.1
07:35:19,"[293.0, 20]","[292.0, 20]","[306.0, 23]","[309.0, 20]",299.5,83,13.0,-0.04
07:35:20,"[293.75, 32]","[292.24, 38]","[306.0, 50]","[309.0, 50]",299.88,170,12.25,-0.18
07:35:21,"[294.09, 23]","[291.64, 70]","[302.85, 65]","[304.69, 65]",298.47,223,8.76,-0.17
07:35:22,"[292.45, 22]","[291.03, 62]","[297.86, 70]","[299.29, 70]",295.16,224,5.4,-0.25
07:35:23,"[292.81, 31]","[291.12, 43]","[295.45, 55]","[296.45, 55]",294.13,184,2.65,-0.2
07:35:24,"[293.0, 45]","[292.0, 9]","[295.0, 45]","[296.0, 45]",294.0,144,2.0,-0.25
07:35:25,"[293.56, 45]","[291.01, 113]","[295.67, 45]","[301.33, 45]",294.61,248,2.11,0.27
07:35:26,"[292.51, 53]","[290.86, 83]","[298.1, 48]","[304.4, 50]",295.31,234,5.59,0.16
07:35:27,"[291.0, 91]","[289.0, 16]","[302.0, 18]","[303.74, 34]",296.5,159,11.0,0.35
07:35:28,"[294.4, 30]","[291.08, 78]","[303.0, 36]","[304.0, 60]",298.7,204,8.6,0.06
07:35:29,"[295.0, 44]","[294.0, 132]","[303.0, 33]","[304.0, 55]",299.0,264,8.0,0.33
07:35:30,"[295.0, 56]","[294.0, 168]","[303.74, 92]","[305.58, 76]",299.37,392,8.74,0.14
07:35:31,"[295.03, 68]","[294.08, 144]","[303.71, 34]","[304.44, 68]",299.37,314,8.68,0.35
07:35:32,"[295.03, 66]","[294.06, 204]","[302.0, 18]","[304.0, 90]",298.52,378,6.97,0.43
07:35:33,"[295.0, 36]","[294.0, 144]","[301.42, 12]","[304.0, 80]",298.21,272,6.42,0.32
07:35:34,"[295.0, 24]","[294.0, 96]","[300.0, 8]","[304.0, 80]",297.5,208,5.0,0.15
07:35:35,"[295.0, 24]","[294.0, 96]","[298.25, 8]","[304.0, 65]",296.62,193,3.25,0.24
07:35:36,"[295.0, 30]","[294.0, 120]","[296.94, 34]","[301.33, 18]",295.97,202,1.94,0.49
07:35:37,"[295.0, 42]","[294.0, 168]","[296.0, 56]","[298.0, 14]",295.5,280,1.0,0.5
07:35:38,"[294.0, 144]","[292.0, 36]","[297.67, 12]","[308.0, 24]",295.83,216,3.67,0.67
07:35:39,"[294.0, 128]","[292.0, 33]","[295.91, 11]","[307.37, 35]",294.95,207,1.91,0.56
07:35:40,"[294.0, 55]","[292.0, 15]","[296.0, 5]","[309.68, 25]",295.0,100,2.0,0.4
07:35:41,"[294.38, 125]","[292.92, 61]","[305.14, 28]","[308.69, 51]",299.76,265,10.76,0.4
07:35:42,"[298.0, 39]","[294.0, 91]","[306.76, 50]","[307.71, 28]",302.38,208,8.76,0.25
07:35:43,"[298.0, 42]","[294.0, 98]","[304.73, 22]","[305.73, 44]",301.36,206,6.73,0.36
07:35:44,"[298.0, 39]","[295.0, 13]","[302.85, 13]","[305.72, 50]",300.42,115,4.85,-0.1
07:35:45,"[298.0, 27]","[295.0, 9]","[300.67, 9]","[306.0, 36]",299.33,81,2.67,-0.11
07:35:46,"[298.0, 36]","[295.0, 12]","[299.0, 12]","[306.0, 48]",298.5,108,1.0,-0.11
07:35:47,"[298.0, 33]","[295.0, 15]","[303.55, 58]","[305.58, 45]",300.78,151,5.55,-0.36
07:35:48,"[293.66, 58]","[292.1, 29]","[301.48, 69]","[303.64, 66]",297.57,222,7.82,-0.22
07:35:49,"[292.0, 60]","[291.0, 30]","[298.57, 49]","[300.24, 41]",295.29,180,6.57,0.0
07:35:50,"[292.0, 54]","[291.0, 27]","[297.78, 45]","[305.7, 43]",294.89,169,5.78,-0.04
07:35:51,"[292.0, 54]","[291.0, 39]","[295.69, 65]","[298.08, 65]",293.85,223,3.69,-0.17
07:35:52,"[291.55, 66]","[290.15, 47]","[293.63, 87]","[298.91, 96]",292.59,296,2.09,-0.24
07:35:53,"[290.47, 49]","[288.92, 83]","[300.0, 45]","[306.66, 77]",295.23,254,9.53,0.04
07:35:54,"[290.37, 179]","[289.0, 32]","[302.21, 48]","[303.89, 38]",296.29,297,11.84,0.42
07:35:55,"[292.0, 154]","[289.0, 28]","[300.0, 42]","[302.05, 38]",296.0,262,8.0,0.39
07:35:56,"[294.25, 100]","[291.72, 109]","[299.71, 42]","[301.31, 39]",296.98,290,5.46,0.44
07:35:57,"[293.11, 144]","[290.89, 70]","[296.93, 55]","[299.58, 48]",295.02,317,3.82,0.35
07:35:58,"[294.0, 128]","[289.42, 24]","[299.93, 44]","[303.44, 41]",296.97,237,5.93,0.28
07:35:59,"[294.87, 83]","[289.75, 16]","[300.17, 36]","[303.18, 44]",297.52,179,5.3,0.11
07:36:00,"[296.0, 60]","[289.0, 40]","[301.0, 20]","[305.0, 53]",298.5,173,5.0,0.16
07:36:01,"[296.82, 66]","[291.9, 58]","[299.78, 37]","[304.13, 46]",298.3,207,2.97,0.2
07:36:02,"[297.0, 84]","[293.0, 84]","[298.57, 70]","[301.0, 28]",297.79,266,1.57,0.26
07:36:03,"[296.6, 60]","[292.97, 61]","[298.12, 52]","[301.19, 21]",297.36,194,1.52,0.25
07:36:04,"[293.0, 54]","[291.0, 9]","[300.33, 18]","[301.8, 15]",296.67,96,7.33,0.31
07:36:05,"[293.0, 78]","[291.0, 13]","[299.15, 26]","[304.56, 32]",296.08,149,6.15,0.22
07:36:06,"[293.0, 48]","[291.0, 12]","[298.08, 24]","[302.33, 12]",295.54,96,5.08,0.25
07:36:07,"[291.73, 22]","[289.18, 71]","[297.5, 32]","[301.0, 16]",294.61,141,5.77,0.32
07:36:08,"[291.0, 9]","[290.0, 9]","[296.11, 18]","[298.67, 9]",293.56,45,5.11,-0.2
07:36:09,"[291.0, 12]","[290.0, 12]","[298.0, 12]","[301.0, 24]",294.5,60,7.0,-0.2
07:36:10,"[291.08, 12]","[290.08, 12]","[296.53, 34]","[298.88, 16]",293.81,74,5.45,-0.35
07:36:11,"[292.46, 13]","[291.0, 13]","[294.62, 39]","[298.39, 18]",293.54,83,2.15,-0.37
07:36:12,"[294.55, 22]","[289.24, 91]","[298.2, 30]","[303.0, 42]",296.37,185,3.65,0.22
07:36:13,"[297.0, 52]","[295.0, 26]","[299.92, 26]","[301.89, 38]",298.46,142,2.92,0.1
07:36:14,"[297.0, 44]","[295.0, 22]","[298.91, 22]","[301.06, 53]",297.95,141,1.91,-0.06
07:36:15,"[297.0, 48]","[295.0, 26]","[298.94, 32]","[301.3, 61]",297.97,167,1.94,-0.11
07:36:16,"[296.23, 26]","[293.85, 26]","[300.66, 53]","[303.52, 63]",298.45,168,4.43,-0.38
07:36:17,"[295.0, 26]","[292.0, 26]","[300.0, 39]","[304.0, 68]",297.5,159,5.0,-0.35
07:36:18,"[295.0, 24]","[292.0, 24]","[297.08, 36]","[299.5, 40]",296.04,124,2.08,-0.23
07:36:19,"[294.67, 18]","[291.94, 17]","[296.0, 27]","[298.21, 29]",295.33,91,1.33,-0.23
07:36:20,"[289.56, 32]","[287.0, 9]","[295.8, 15]","[304.0, 25]",292.68,81,6.24,0.01
07:36:21,"[289.0, 140]","[285.0, 36]","[294.33, 36]","[304.0, 60]",291.67,272,5.33,0.29
07:36:22,"[289.12, 102]","[287.3, 60]","[293.47, 30]","[300.24, 54]",291.29,246,4.35,0.32
07:36:23,"[289.0, 118]","[286.0, 42]","[291.58, 26]","[299.59, 58]",290.29,244,2.58,0.31
07:36:24,"[289.0, 104]","[286.0, 42]","[294.89, 36]","[302.64, 56]",291.94,238,5.89,0.23
07:36:25,"[289.0, 90]","[286.0, 45]","[299.4, 60]","[301.36, 66]",294.2,261,10.4,0.03
07:36:26,"[291.29, 70]","[288.54, 78]","[298.12, 64]","[299.5, 64]",294.71,276,6.84,0.07
07:36:27,"[289.0, 42]","[287.0, 36]","[297.0, 48]","[298.0, 48]",293.0,174,8.0,-0.1
07:36:28,"[291.49, 35]","[288.76, 25]","[297.0, 48]","[298.0, 48]",294.24,156,5.51,-0.23
07:36:29,"[291.44, 48]","[288.94, 99]","[295.43, 42]","[296.84, 50]",293.43,239,3.99,0.23
07:36:30,"[289.67, 108]","[288.74, 93]","[292.12, 25]","[301.73, 74]",290.89,300,2.45,0.34
07:36:31,"[290.0, 67]","[289.0, 81]","[291.71, 14]","[298.27, 22]",290.86,184,1.71,0.61
07:36:32,"[290.14, 74]","[289.0, 108]","[294.0, 20]","[301.67, 24]",292.07,226,3.86,0.61
07:36:33,"[291.57, 69]","[289.0, 135]","[299.67, 30]","[301.44, 18]",295.62,252,8.1,0.62
07:36:34,"[293.14, 44]","[289.13, 94]","[298.71, 28]","[303.0, 56]",295.93,222,5.58,0.24
07:36:35,"[297.0, 21]","[289.54, 89]","[302.32, 50]","[303.71, 70]",299.66,230,5.32,-0.04
07:36:36,"[293.09, 64]","[289.47, 141]","[299.95, 38]","[304.34, 94]",296.52,337,6.85,0.22
07:36:37,"[292.0, 144]","[289.0, 84]","[298.92, 24]","[306.0, 84]",295.46,336,6.92,0.36
07:36:38,"[292.0, 142]","[289.0, 98]","[297.79, 28]","[305.1, 71]",294.89,339,5.79,0.42
07:36:39,"[292.0, 80]","[289.0, 52]","[297.0, 16]","[305.92, 53]",294.5,201,5.0,0.31
07:36:40,"[292.0, 70]","[289.0, 49]","[297.0, 14]","[305.02, 41]",294.5,174,5.0,0.37
07:36:41,"[292.0, 97]","[289.0, 70]","[296.2, 20]","[304.67, 75]",294.1,262,4.2,0.27
07:36:42,"[292.0, 36]","[289.44, 27]","[295.67, 18]","[305.0, 90]",293.83,171,3.67,-0.26
07:36:43,"[292.0, 38]","[291.0, 10]","[295.0, 20]","[304.75, 80]",293.5,148,3.0,-0.35
07:36:44,"[289.52, 58]","[284.2, 40]","[295.0, 32]","[304.0, 100]",292.26,230,5.48,-0.15
07:36:45,"[287.0, 79]","[284.78, 23]","[295.0, 22]","[304.0, 110]",291.0,234,8.0,-0.13
07:36:46,"[288.15, 65]","[287.61, 23]","[295.0, 22]","[304.0, 65]",291.58,175,6.85,0.01
07:36:47,"[293.95, 73]","[289.41, 39]","[296.36, 33]","[304.11, 74]",295.15,219,2.42,0.02
07:36:48,"[294.92, 26]","[293.0, 13]","[304.67, 60]","[306.38, 52]",299.79,151,9.74,-0.48
07:36:49,"[297.0, 38]","[293.0, 19]","[304.19, 68]","[305.07, 54]",300.6,179,7.19,-0.36
07:36:50,"[297.0, 24]","[293.0, 12]","[300.67, 12]","[301.67, 12]",298.83,60,3.67,0.2
07:36:51,"[297.0, 16]","[293.0, 11]","[298.91, 11]","[305.13, 23]",297.95,61,1.91,-0.11
07:36:52,"[297.0, 8]","[293.75, 8]","[299.0, 8]","[305.67, 27]",298.0,51,2.0,-0.37
07:36:53,"[297.0, 7]","[296.0, 7]","[299.0, 7]","[307.0, 21]",298.0,42,2.0,-0.33
07:36:54,"[290.16, 45]","[288.3, 27]","[298.38, 24]","[306.2, 30]",294.27,126,8.22,0.14
07:36:55,"[290.0, 40]","[288.0, 10]","[296.68, 22]","[296.45, 38]",293.34,110,6.68,-0.09
07:36:56,"[289.68, 19]","[285.75, 16]","[294.55, 11]","[295.97, 31]",292.11,77,4.86,-0.09
07:36:57,"[288.73, 11]","[285.69, 26]","[293.9, 39]","[296.06, 32]",291.31,108,5.17,-0.31
07:36:58,"[290.0, 9]","[288.0, 9]","[294.0, 45]","[304.0, 54]",292.0,117,4.0,-0.69
07:36:59,"[289.85, 13]","[287.5, 16]","[292.62, 55]","[296.37, 59]",291.23,143,2.77,-0.59
07:37:00,"[287.14, 14]","[286.0, 56]","[290.36, 56]","[303.09, 44]",288.75,170,3.21,-0.18
07:37:01,"[286.56, 18]","[284.7, 54]","[289.42, 48]","[293.33, 24]",287.99,144,2.86,0.0
07:37:02,"[281.21, 95]","[206.57, 30]","[286.14, 56]","[289.53, 32]",283.68,213,4.93,0.17
07:37:03,"[281.0, 56]","[218.92, 12]","[283.0, 32]","[284.0, 24]",282.0,124,2.0,0.1
07:37:04,"[281.0, 42]","[168.33, 6]","[283.94, 16]","[289.0, 18]",282.47,82,2.94,0.17
07:37:05,"[281.09, 23]","[268.47, 17]","[284.0, 15]","[288.8, 15]",282.54,70,2.91,0.14
07:37:06,"[282.0, 6]","[281.0, 42]","[284.0, 18]","[288.0, 18]",283.0,84,2.0,0.14
07:37:07,"[287.18, 33]","[280.47, 72]","[290.76, 29]","[297.1, 50]",288.97,184,3.58,0.14
07:37:08,"[289.1, 107]","[288.57, 98]","[298.0, 24]","[301.0, 70]",293.55,299,8.9,0.37
07:37:09,"[293.73, 11]","[289.0, 143]","[297.47, 15]","[300.69, 39]",295.6,208,3.74,0.48
07:37:10,"[295.79, 14]","[289.43, 83]","[297.23, 26]","[300.85, 40]",296.51,163,1.45,0.19
07:37:11,"[296.87, 31]","[293.65, 17]","[300.69, 13]","[302.0, 13]",298.78,74,3.82,0.3
07:37:12,"[297.0, 24]","[296.0, 8]","[300.0, 8]","[303.64, 11]",298.5,51,3.0,0.25
07:37:13,"[297.0, 38]","[296.0, 13]","[299.27, 15]","[304.22, 23]",298.13,89,2.27,0.15
07:37:14,"[297.0, 22]","[296.0, 11]","[303.8, 15]","[309.09, 11]",300.4,59,6.8,0.12
07:37:15,"[296.85, 27]","[295.71, 14]","[305.5, 14]","[308.43, 14]",301.18,69,8.65,0.19
07:37:16,"[293.0, 11]","[292.0, 11]","[305.0, 11]","[308.0, 11]",299.0,44,12.0,0.0
07:37:17,"[289.5, 40]","[287.23, 88]","[305.0, 10]","[308.0, 10]",297.25,148,15.5,0.73
07:37:18,"[289.0, 88]","[284.0, 88]","[304.38, 8]","[307.25, 8]",296.69,192,15.38,0.83
07:37:19,"[289.0, 99]","[284.0, 99]","[304.0, 9]","[306.0, 9]",296.5,216,15.0,0.83
07:37:20,"[289.0, 121]","[284.0, 121]","[301.57, 14]","[303.93, 14]",295.29,270,12.57,0.79
07:37:21,"[289.0, 94]","[284.0, 154]","[297.65, 17]","[299.94, 53]",293.32,318,8.65,0.56
07:37:22,"[289.0, 90]","[284.0, 165]","[295.48, 33]","[296.14, 42]",292.24,330,6.48,0.55
07:37:23,"[289.0, 84]","[284.0, 154]","[296.0, 56]","[300.32, 62]",292.5,356,7.0,0.34
07:37:24,"[289.0, 84]","[284.02, 123]","[295.0, 48]","[298.0, 48]",292.0,303,6.0,0.37
07:37:25,"[289.0, 100]","[285.0, 20]","[293.7, 40]","[298.0, 40]",291.35,200,4.7,0.2
07:37:26,"[289.0, 140]","[285.0, 28]","[292.77, 52]","[297.92, 65]",290.88,285,3.77,0.18
07:37:27,"[289.0, 110]","[284.78, 49]","[291.36, 55]","[292.62, 64]",290.18,278,2.36,0.14
07:37:28,"[289.0, 49]","[285.0, 36]","[290.0, 42]","[297.0, 45]",289.5,172,1.0,-0.01
07:37:29,"[289.0, 34]","[285.0, 36]","[290.0, 36]","[298.33, 54]",289.5,160,1.0,-0.12
07:37:30,"[289.0, 34]","[285.0, 36]","[290.0, 36]","[299.68, 47]",289.5,153,1.0,-0.08
07:37:31,"[287.15, 13]","[284.06, 100]","[295.92, 39]","[302.18, 44]",291.54,196,8.77,0.15
07:37:32,"[290.11, 38]","[287.96, 68]","[299.38, 52]","[302.62, 52]",294.74,210,9.28,0.01
07:37:33,"[293.0, 24]","[290.33, 60]","[299.0, 48]","[301.0, 48]",296.0,180,6.0,-0.07
07:37:34,"[293.0, 20]","[292.0, 50]","[298.5, 40]","[300.0, 40]",295.75,150,5.5,-0.07
07:37:35,"[293.0, 30]","[292.0, 75]","[297.4, 60]","[298.87, 60]",295.2,225,4.4,-0.07
07:37:36,"[292.86, 35]","[290.78, 79]","[296.26, 76]","[297.84, 76]",294.56,266,3.41,-0.14
07:37:37,"[292.81, 26]","[289.31, 78]","[295.0, 44]","[297.0, 44]",293.9,192,2.19,0.08
07:37:38,"[292.0, 22]","[288.69, 29]","[296.6, 20]","[297.95, 38]",294.3,109,4.6,-0.06
07:37:39,"[292.0, 22]","[285.0, 110]","[295.27, 11]","[298.27, 44]",293.64,187,3.27,0.41
07:37:40,"[292.0, 18]","[284.56, 45]","[293.33, 9]","[299.86, 28]",292.67,100,1.33,0.26
07:37:41,"[292.0, 6]","[286.0, 15]","[293.0, 3]","[303.0, 18]",292.5,42,1.0,0.0
07:37:42,"[292.0, 16]","[286.0, 40]","[301.28, 25]","[303.86, 42]",296.64,123,9.28,-0.09
07:37:43,"[292.0, 22]","[288.0, 15]","[301.76, 63]","[303.12, 48]",296.88,148,9.76,-0.5
07:37:44,"[288.35, 37]","[283.7, 37]","[301.0, 45]","[302.0, 90]",294.68,209,12.65,-0.29
07:37:45,"[294.09, 76]","[284.32, 96]","[299.5, 44]","[301.33, 72]",296.8,288,5.41,0.19
07:37:46,"[293.0, 42]","[286.0, 42]","[296.6, 30]","[298.0, 40]",294.8,154,3.6,0.09
07:37:47,"[287.56, 41]","[284.37, 107]","[294.11, 54]","[295.65, 51]",290.84,253,6.55,0.17
07:37:48,"[289.78, 37]","[285.16, 38]","[292.85, 39]","[295.17, 36]",291.31,150,3.06,0.0
07:37:49,"[288.5, 44]","[283.98, 135]","[291.71, 34]","[294.52, 23]",290.1,236,3.21,0.52
07:37:50,"[284.0, 121]","[283.0, 33]","[296.38, 21]","[299.0, 23]",290.19,198,12.38,0.56
07:37:51,"[284.0, 154]","[283.0, 42]","[297.5, 14]","[299.71, 28]",290.75,238,13.5,0.65
07:37:52,"[284.0, 110]","[283.0, 30]","[296.0, 28]","[301.61, 49]",290.0,217,12.0,0.29
07:37:53,"[284.0, 110]","[283.0, 30]","[295.79, 24]","[299.89, 27]",289.9,191,11.79,0.47
07:37:54,"[284.0, 121]","[283.0, 33]","[294.0, 25]","[295.06, 32]",289.0,211,10.0,0.46
07:37:55,"[284.0, 142]","[283.0, 42]","[293.62, 24]","[294.45, 33]",288.81,241,9.62,0.53
07:37:56,"[284.0, 84]","[283.0, 31]","[293.0, 12]","[295.03, 29]",288.5,156,9.0,0.47
07:37:57,"[285.0, 96]","[283.24, 42]","[292.71, 14]","[296.0, 42]",288.86,194,7.71,0.42
07:37:58,"[284.49, 94]","[281.62, 32]","[291.08, 39]","[294.0, 18]",287.78,183,6.59,0.38
07:37:59,"[283.0, 231]","[281.47, 34]","[291.0, 44]","[292.0, 11]",287.0,320,8.0,0.66
07:38:00,"[283.0, 315]","[280.86, 84]","[289.57, 21]","[291.52, 58]",286.29,478,6.57,0.67
07:38:01,"[283.0, 162]","[281.11, 36]","[291.0, 32]","[296.0, 24]",287.0,254,8.0,0.56
07:38:02,"[283.3, 201]","[283.61, 259]","[290.0, 84]","[295.43, 63]",286.65,607,6.7,0.52
07:38:03,"[284.13, 87]","[283.41, 245]","[286.78, 36]","[289.44, 55]",285.45,423,2.65,0.57
07:38:04,"[284.0, 171]","[280.0, 81]","[287.82, 17]","[291.37, 19]",285.91,288,3.82,0.75
07:38:05,"[284.12, 237]","[281.74, 175]","[293.0, 15]","[296.0, 45]",288.56,472,8.88,0.75
07:38:06,"[285.43, 134]","[284.09, 230]","[295.26, 35]","[296.55, 65]",290.34,464,9.83,0.57
07:38:07,"[286.94, 268]","[286.16, 148]","[293.3, 40]","[294.05, 88]",290.12,544,6.36,0.53
07:38:08,"[290.65, 108]","[289.93, 204]","[292.92, 24]","[294.0, 72]",291.78,408,2.27,0.53
07:38:09,"[290.07, 102]","[287.59, 29]","[293.76, 17]","[296.68, 28]",291.92,176,3.7,0.49
07:38:10,"[291.03, 234]","[286.43, 42]","[294.0, 42]","[297.0, 70]",292.51,388,2.97,0.42
07:38:11,"[293.0, 45]","[292.0, 144]","[294.0, 27]","[297.0, 45]",293.5,261,1.0,0.45
07:38:12,"[292.05, 186]","[286.7, 54]","[293.55, 44]","[296.18, 55]",292.8,339,1.49,0.42
07:38:13,"[292.0, 225]","[277.32, 50]","[293.0, 45]","[294.07, 45]",292.5,365,1.0,0.51
07:38:14,"[291.43, 194]","[279.76, 67]","[298.06, 32]","[355.31, 36]",294.75,329,6.63,0.59
07:38:15,"[290.94, 100]","[287.56, 32]","[297.53, 30]","[299.19, 64]",294.24,226,6.59,0.17
07:38:16,"[291.33, 36]","[290.0, 24]","[295.0, 48]","[298.0, 12]",293.17,120,3.67,0.0
07:38:17,"[292.19, 48]","[290.0, 32]","[295.0, 64]","[298.0, 16]",293.59,160,2.81,0.0
07:38:18,"[292.28, 29]","[284.12, 34]","[295.0, 32]","[298.0, 11]",293.64,106,2.72,0.19
07:38:19,"[290.28, 29]","[285.14, 44]","[295.0, 18]","[298.0, 18]",292.64,109,4.72,0.34
07:38:20,"[293.64, 14]","[290.0, 28]","[295.0, 14]","[298.93, 14]",294.32,70,1.36,0.2
07:38:21,"[292.82, 17]","[289.49, 35]","[295.31, 13]","[299.08, 13]",294.07,78,2.48,0.33
07:38:22,"[290.0, 65]","[281.0, 26]","[297.46, 26]","[298.48, 23]",293.73,140,7.46,0.3
07:38:23,"[290.0, 75]","[279.12, 69]","[295.07, 45]","[298.0, 24]",292.53,213,5.07,0.35
07:38:24,"[290.0, 37]","[279.0, 55]","[292.91, 33]","[300.45, 11]",291.45,136,2.91,0.35
07:38:25,"[288.88, 16]","[279.82, 17]","[293.87, 31]","[299.82, 17]",291.37,81,5.0,-0.19
07:38:26,"[281.0, 15]","[279.0, 75]","[296.72, 71]","[298.6, 47]",288.86,208,15.72,-0.13
07:38:27,"[279.95, 19]","[278.76, 51]","[294.24, 37]","[295.2, 59]",287.1,166,14.3,-0.16
07:38:28,"[279.0, 55]","[277.0, 33]","[291.86, 59]","[293.57, 46]",285.43,193,12.86,-0.09
07:38:29,"[279.0, 45]","[277.0, 27]","[291.0, 36]","[292.0, 36]",285.0,144,12.0,0.0
07:38:30,"[290.0, 18]","[278.2, 25]","[291.0, 20]","[292.0, 20]",290.5,83,1.0,0.04
07:38:31,"[287.2, 20]","[277.19, 36]","[291.11, 36]","[292.09, 33]",289.16,125,3.91,-0.1
07:38:32,"[275.44, 36]","[274.0, 27]","[291.88, 32]","[293.4, 15]",283.66,110,16.43,0.15
07:38:33,"[276.93, 56]","[274.62, 39]","[291.0, 20]","[292.0, 51]",283.96,166,14.07,0.14
07:38:34,"[278.0, 66]","[275.0, 44]","[290.4, 15]","[292.0, 51]",284.2,176,12.4,0.25
07:38:35,"[278.0, 54]","[273.0, 36]","[290.0, 45]","[293.56, 9]",284.0,144,12.0,0.25
07:38:36,"[278.22, 49]","[273.79, 38]","[289.72, 36]","[293.07, 40]",283.97,163,11.5,0.07
07:38:37,"[278.0, 54]","[274.56, 36]","[287.77, 26]","[288.5, 12]",282.88,128,9.77,0.41
07:38:38,"[278.67, 72]","[275.0, 48]","[285.08, 39]","[287.58, 24]",281.87,183,6.41,0.31
07:38:39,"[281.64, 44]","[279.0, 84]","[285.37, 92]","[287.28, 50]",283.5,270,3.73,-0.05
07:38:40,"[285.04, 25]","[277.94, 31]","[287.0, 94]","[288.0, 34]",286.02,184,1.96,-0.39
07:38:41,"[276.23, 31]","[273.8, 45]","[287.0, 24]","[289.69, 26]",281.61,126,10.77,0.21
07:38:42,"[275.67, 42]","[274.0, 36]","[287.0, 18]","[289.0, 24]",281.33,120,11.33,0.3
07:38:43,"[278.6, 105]","[273.39, 69]","[284.33, 45]","[287.8, 50]",281.47,269,5.73,0.29
07:38:44,"[280.38, 91]","[271.54, 35]","[288.23, 93]","[289.08, 39]",284.31,258,7.84,-0.02
07:38:45,"[282.0, 35]","[275.0, 10]","[289.0, 43]","[290.0, 15]",285.5,103,7.0,-0.13
07:38:46,"[282.05, 58]","[275.0, 24]","[285.59, 44]","[288.87, 70]",283.82,196,3.54,-0.16
07:38:47,"[283.0, 33]","[274.27, 22]","[284.0, 33]","[287.55, 53]",283.5,141,1.0,-0.22
07:38:48,"[277.74, 19]","[270.49, 37]","[284.69, 29]","[287.03, 37]",281.21,122,6.95,-0.08
07:38:49,"[273.0, 14]","[270.0, 48]","[285.0, 28]","[288.0, 35]",279.0,125,12.0,-0.01
07:38:50,"[273.0, 6]","[270.0, 18]","[285.0, 12]","[288.0, 15]",279.0,51,12.0,-0.06
07:38:51,"[273.0, 16]","[270.0, 48]","[285.0, 32]","[288.0, 40]",279.0,136,12.0,-0.06
07:38:52,"[273.0, 12]","[270.0, 36]","[285.0, 24]","[288.0, 30]",279.0,102,12.0,-0.06
07:38:53,"[273.0, 8]","[270.0, 24]","[285.0, 16]","[288.0, 20]",279.0,68,12.0,-0.06
07:38:54,"[273.0, 12]","[270.0, 36]","[285.0, 24]","[288.0, 30]",279.0,102,12.0,-0.06
07:38:55,"[273.0, 12]","[270.0, 36]","[285.0, 24]","[288.0, 30]",279.0,102,12.0,-0.06
07:38:56,"[273.79, 38]","[270.88, 34]","[285.0, 36]","[287.71, 21]",279.39,129,11.21,0.12
07:38:57,"[274.12, 41]","[273.43, 42]","[285.0, 26]","[287.0, 11]",279.56,120,10.88,0.38
07:38:58,"[275.89, 54]","[272.86, 42]","[285.0, 24]","[287.0, 12]",280.44,132,9.11,0.45
07:38:59,"[276.0, 104]","[275.0, 13]","[285.0, 26]","[287.0, 13]",280.5,156,9.0,0.5
07:39:00,"[276.07, 129]","[275.49, 49]","[287.24, 67]","[286.26, 27]",281.65,272,11.17,0.31
07:39:01,"[277.79, 42]","[276.0, 112]","[287.0, 28]","[288.0, 94]",282.39,276,9.21,0.12
07:39:02,"[282.29, 55]","[281.09, 82]","[287.0, 32]","[288.0, 80]",284.65,249,4.71,0.1
07:39:03,"[287.7, 37]","[285.04, 46]","[289.76, 58]","[290.83, 59]",288.73,200,2.06,-0.17
07:39:04,"[288.76, 41]","[282.98, 43]","[290.9, 77]","[296.79, 28]",289.83,189,2.14,-0.11
07:39:05,"[289.0, 30]","[272.0, 10]","[290.0, 11]","[291.26, 31]",289.5,82,1.0,-0.02
07:39:06,"[285.42, 19]","[271.17, 29]","[289.78, 9]","[292.8, 30]",287.6,87,4.36,0.1
07:39:07,"[272.0, 7]","[271.0, 57]","[289.43, 7]","[292.25, 16]",280.71,87,17.43,0.47
07:39:08,"[272.0, 7]","[271.0, 63]","[290.0, 13]","[292.5, 16]",281.0,99,18.0,0.41
07:39:09,"[272.0, 16]","[271.0, 51]","[290.0, 33]","[291.0, 11]",281.0,111,18.0,0.21
07:39:10,"[272.0, 18]","[271.0, 27]","[290.0, 27]","[291.0, 9]",281.0,81,18.0,0.11
07:39:11,"[274.07, 15]","[271.23, 26]","[290.0, 27]","[291.0, 9]",282.03,77,15.93,0.06
07:39:12,"[278.82, 22]","[271.81, 47]","[289.38, 13]","[290.53, 17]",284.1,99,10.57,0.39
07:39:13,"[274.34, 38]","[272.17, 41]","[282.0, 39]","[287.18, 17]",278.17,135,7.66,0.17
07:39:14,"[279.89, 54]","[274.11, 35]","[282.0, 18]","[284.0, 18]",280.94,125,2.11,0.42
07:39:15,"[281.0, 39]","[273.82, 34]","[282.0, 13]","[284.0, 13]",281.5,99,1.0,0.47
07:39:16,"[281.0, 30]","[274.0, 50]","[288.4, 10]","[292.57, 42]",284.7,132,7.4,0.21
07:39:17,"[282.0, 42]","[273.44, 34]","[292.02, 46]","[305.38, 55]",287.01,177,10.02,-0.14
07:39:18,"[282.11, 27]","[277.76, 17]","[288.0, 33]","[292.36, 47]",285.06,124,5.89,-0.29
07:39:19,"[284.67, 15]","[283.93, 29]","[288.0, 39]","[293.0, 44]",286.33,127,3.33,-0.31
07:39:20,"[284.38, 21]","[283.6, 15]","[288.0, 30]","[293.0, 36]",286.19,102,3.62,-0.29
07:39:21,"[284.12, 24]","[283.0, 8]","[288.0, 24]","[293.0, 32]",286.06,88,3.88,-0.27
07:39:22,"[285.05, 44]","[283.6, 20]","[292.26, 69]","[340.81, 67]",288.65,200,7.22,-0.36
07:39:23,"[286.55, 11]","[279.22, 27]","[295.0, 66]","[315.52, 27]",290.77,131,8.45,-0.42
07:39:24,"[288.7, 20]","[283.26, 19]","[295.0, 84]","[387.64, 44]",291.85,167,6.3,-0.53
07:39:25,"[290.85, 26]","[286.88, 16]","[295.0, 78]","[388.5, 40]",292.92,160,4.15,-0.47
07:39:26,"[292.11, 18]","[288.0, 20]","[295.0, 60]","[434.08, 37]",293.56,135,2.89,-0.44
07:39:27,"[287.44, 25]","[286.59, 34]","[295.0, 84]","[375.18, 68]",291.22,211,7.56,-0.44
07:39:28,"[285.92, 53]","[284.56, 18]","[295.0, 45]","[406.09, 43]",290.46,159,9.08,-0.11
07:39:29,"[286.22, 63]","[285.0, 18]","[341.12, 33]","[422.64, 36]",313.67,150,54.9,0.08
07:39:30,"[290.36, 53]","[287.07, 68]","[341.96, 50]","[362.4, 20]",316.16,191,51.6,0.27
07:39:31,"[296.0, 20]","[290.59, 29]","[304.86, 22]","[310.06, 34]",300.43,105,8.86,-0.07
07:39:32,"[297.92, 51]","[295.04, 25]","[301.5, 8]","[303.0, 32]",299.71,116,3.58,0.31
07:39:33,"[296.38, 74]","[295.11, 94]","[298.28, 47]","[302.04, 23]",297.33,238,1.9,0.41
07:39:34,"[296.0, 20]","[295.0, 84]","[299.06, 18]","[422.42, 33]",297.53,155,3.06,0.34
07:39:35,"[296.0, 12]","[295.0, 84]","[300.0, 12]","[363.48, 31]",298.0,139,4.0,0.38
07:39:36,"[296.0, 7]","[295.0, 49]","[310.71, 7]","[387.86, 7]",303.36,70,14.71,0.6
07:39:37,"[295.02, 47]","[293.38, 37]","[375.0, 11]","[432.27, 11]",335.01,106,79.98,0.58
07:39:38,"[294.58, 19]","[292.65, 23]","[513.0, 7]","[630.43, 35]",403.79,84,218.42,0.0
07:39:39,"[293.0, 8]","[292.0, 32]","[334.74, 23]","[670.88, 17]",313.87,80,41.74,0.0
07:39:40,"[293.0, 8]","[292.0, 32]","[416.5, 32]","[555.0, 8]",354.75,80,123.5,0.0
07:39:41,"[293.0, 19]","[292.0, 36]","[408.22, 41]","[459.5, 24]",350.61,120,115.22,-0.08
07:39:42,"[292.92, 25]","[283.58, 59]","[499.91, 35]","[584.26, 31]",396.42,150,206.99,0.12
07:39:43,"[295.18, 17]","[244.67, 42]","[418.97, 37]","[438.74, 19]",357.07,115,123.8,0.03
07:39:44,"[298.0, 16]","[292.0, 16]","[420.67, 24]","[419.17, 18]",359.33,74,122.67,-0.14
07:39:45,"[298.0, 20]","[293.6, 15]","[398.3, 10]","[400.0, 30]",348.15,75,100.3,-0.07
07:39:46,"[298.0, 12]","[295.0, 6]","[393.0, 12]","[398.62, 16]",345.5,46,95.0,-0.22
07:39:47,"[298.0, 20]","[295.0, 10]","[393.46, 24]","[396.17, 18]",345.73,72,95.46,-0.17
07:39:48,"[295.27, 44]","[293.7, 46]","[390.08, 26]","[391.32, 28]",342.67,144,94.8,0.25
07:39:49,"[296.0, 60]","[294.0, 36]","[388.17, 36]","[390.0, 36]",342.08,168,92.17,0.14
07:39:50,"[296.21, 58]","[294.62, 48]","[386.79, 42]","[388.14, 42]",341.5,190,90.58,0.12
07:39:51,"[296.0, 39]","[294.08, 51]","[366.62, 40]","[380.43, 44]",331.31,174,70.62,0.03
07:39:52,"[294.22, 18]","[292.22, 36]","[326.81, 16]","[352.78, 27]",310.52,97,32.59,0.11
07:39:53,"[296.35, 17]","[294.24, 25]","[323.43, 42]","[324.47, 38]",309.89,122,27.08,-0.31
07:39:54,"[296.0, 9]","[294.0, 18]","[320.04, 23]","[321.0, 37]",308.02,87,24.04,-0.38
07:39:55,"[292.0, 33]","[221.98, 53]","[317.13, 15]","[319.52, 31]",304.57,132,25.13,0.3
07:39:56,"[292.0, 36]","[234.76, 67]","[313.83, 36]","[315.0, 36]",302.92,175,21.83,0.18
07:39:57,"[292.0, 36]","[202.11, 45]","[310.5, 36]","[311.5, 36]",301.25,153,18.5,0.06
07:39:58,"[297.38, 87]","[268.67, 45]","[305.44, 50]","[307.53, 36]",301.41,218,8.06,0.21
07:39:59,"[294.82, 51]","[240.52, 65]","[300.77, 48]","[365.56, 41]",297.8,205,5.95,0.13
07:40:00,"[292.5, 40]","[219.13, 71]","[300.59, 44]","[353.28, 53]",296.55,208,8.09,0.07
07:40:01,"[294.0, 12]","[292.0, 57]","[298.38, 24]","[300.0, 24]",296.19,117,4.38,0.18
07:40:02,"[293.0, 36]","[291.23, 106]","[296.71, 34]","[298.29, 42]",294.85,218,3.71,0.3
07:40:03,"[292.07, 120]","[247.27, 60]","[295.59, 37]","[296.77, 43]",293.83,260,3.53,0.38
07:40:04,"[292.0, 72]","[161.5, 24]","[293.35, 46]","[295.77, 26]",292.67,168,1.35,0.14
07:40:05,"[292.0, 49]","[206.91, 22]","[293.0, 44]","[319.14, 28]",292.5,143,1.0,-0.01
07:40:06,"[279.0, 16]","[184.91, 22]","[293.0, 67]","[354.24, 25]",286.0,130,14.0,-0.42
07:40:07,"[188.33, 24]","[165.33, 24]","[294.22, 23]","[368.27, 26]",241.28,97,105.88,-0.01
07:40:08,"[203.56, 32]","[199.25, 24]","[298.0, 10]","[339.97, 32]",250.78,98,94.44,0.14
07:40:09,"[290.25, 16]","[233.5, 24]","[298.0, 8]","[348.88, 32]",294.12,80,7.75,0.0
07:40:10,"[293.34, 61]","[234.29, 42]","[297.31, 13]","[353.54, 39]",295.33,155,3.96,0.33
07:40:11,"[296.31, 26]","[279.52, 42]","[387.11, 35]","[455.09, 35]",341.71,138,90.81,-0.01
07:40:12,"[298.61, 33]","[293.26, 57]","[381.5, 60]","[506.0, 48]",340.05,198,82.89,-0.09
07:40:13,"[298.0, 14]","[292.0, 65]","[372.54, 52]","[621.34, 50]",335.27,181,74.54,-0.13
07:40:14,"[298.0, 11]","[292.0, 55]","[388.25, 24]","[473.11, 36]",343.12,126,90.25,0.05
07:40:15,"[298.0, 11]","[294.54, 91]","[354.41, 34]","[485.21, 43]",326.21,179,56.41,0.14
07:40:16,"[298.0, 10]","[292.0, 50]","[397.23, 26]","[474.67, 39]",347.62,125,99.23,-0.04
07:40:17,"[297.2, 15]","[294.17, 48]","[378.82, 22]","[481.64, 50]",338.01,135,81.62,-0.07
07:40:18,"[296.0, 13]","[294.0, 56]","[378.0, 18]","[486.7, 43]",337.0,130,82.0,0.06
07:40:19,"[296.0, 6]","[294.0, 48]","[377.0, 12]","[485.46, 28]",336.5,94,81.0,0.15
07:40:20,"[296.0, 12]","[294.0, 96]","[307.74, 38]","[363.0, 38]",301.87,184,11.74,0.17
07:40:21,"[296.0, 5]","[294.0, 40]","[438.65, 17]","[473.2, 20]",367.32,82,142.65,0.1
07:40:22,"[298.43, 37]","[294.88, 25]","[427.64, 44]","[577.5, 64]",363.03,170,129.2,-0.27
07:40:23,"[299.0, 78]","[296.0, 13]","[373.0, 39]","[545.22, 54]",336.0,184,74.0,-0.01
07:40:24,"[299.13, 46]","[298.0, 36]","[507.59, 49]","[560.04, 49]",403.36,180,208.46,-0.09
07:40:25,"[299.0, 22]","[296.0, 11]","[528.19, 31]","[574.49, 37]",413.6,101,229.19,-0.35
07:40:26,"[299.0, 14]","[296.5, 8]","[491.94, 34]","[514.33, 27]",395.47,83,192.94,-0.47
07:40:27,"[296.84, 19]","[294.08, 96]","[386.84, 55]","[473.68, 68]",341.84,238,89.99,-0.03
07:40:28,"[294.22, 27]","[292.5, 96]","[435.0, 17]","[457.0, 19]",364.61,159,140.78,0.55
07:40:29,"[292.21, 112]","[265.26, 87]","[433.58, 24]","[465.97, 36]",362.9,259,141.37,0.54
07:40:30,"[298.17, 53]","[268.14, 29]","[464.33, 9]","[466.0, 45]",381.25,136,166.16,0.21
07:40:31,"[300.0, 46]","[299.0, 8]","[462.88, 8]","[466.0, 40]",381.44,102,162.88,0.06
07:40:32,"[292.56, 71]","[260.74, 47]","[460.91, 23]","[462.81, 43]",376.74,184,168.35,0.28
07:40:33,"[292.0, 84]","[280.0, 99]","[447.61, 33]","[458.29, 41]",369.8,257,155.61,0.42
07:40:34,"[297.88, 98]","[283.75, 64]","[454.12, 32]","[458.75, 40]",376.0,234,156.25,0.38
07:40:35,"[300.0, 234]","[292.0, 65]","[387.24, 41]","[417.02, 57]",343.62,397,87.24,0.51
07:40:36,"[300.0, 144]","[292.0, 40]","[388.65, 31]","[389.95, 20]",344.32,235,88.65,0.57
07:40:37,"[300.0, 198]","[274.24, 29]","[373.68, 38]","[386.04, 49]",336.84,314,73.68,0.45
07:40:38,"[300.0, 264]","[292.0, 28]","[304.17, 18]","[306.94, 53]",302.08,363,4.17,0.61
07:40:39,"[300.0, 238]","[293.41, 34]","[304.77, 44]","[333.49, 43]",302.39,359,4.77,0.52
07:40:40,"[300.0, 140]","[295.6, 25]","[305.18, 44]","[315.0, 30]",302.59,239,5.18,0.38
07:40:41,"[300.0, 126]","[296.0, 27]","[303.51, 37]","[304.82, 44]",301.76,234,3.51,0.31
07:40:42,"[300.0, 78]","[296.0, 39]","[301.31, 65]","[303.0, 52]",300.65,234,1.31,0.0
07:40:43,"[300.0, 58]","[296.0, 30]","[301.33, 48]","[327.22, 36]",300.67,172,1.33,0.02
07:40:44,"[300.0, 51]","[296.0, 27]","[303.0, 36]","[424.18, 11]",301.5,125,3.0,0.25
07:40:45,"[297.69, 52]","[295.6, 35]","[301.46, 52]","[439.18, 22]",299.58,161,3.77,0.08
07:40:46,"[294.22, 54]","[293.81, 93]","[300.89, 36]","[421.0, 18]",297.56,201,6.67,0.46
07:40:47,"[296.97, 29]","[295.04, 27]","[299.47, 60]","[574.85, 20]",298.22,136,2.5,-0.18
07:40:48,"[297.72, 18]","[296.2, 10]","[299.0, 40]","[366.14, 29]",298.36,97,1.28,-0.42
07:40:49,"[294.42, 91]","[293.09, 66]","[308.89, 18]","[387.89, 18]",301.65,193,14.47,0.63
07:40:50,"[294.0, 324]","[292.0, 132]","[326.17, 12]","[442.76, 34]",310.08,502,32.17,0.82
07:40:51,"[294.0, 215]","[292.0, 88]","[324.62, 8]","[500.2, 20]",309.31,331,30.62,0.83
07:40:52,"[294.0, 182]","[292.0, 77]","[324.0, 7]","[516.89, 18]",309.0,284,30.0,0.82
07:40:53,"[294.0, 208]","[292.0, 88]","[320.0, 12]","[522.8, 20]",307.0,328,26.0,0.8
07:40:54,"[294.37, 136]","[293.23, 171]","[322.36, 11]","[567.0, 44]",308.37,362,28.0,0.7
07:40:55,"[299.0, 17]","[294.0, 189]","[318.56, 16]","[352.82, 11]",308.78,233,19.56,0.77
07:40:56,"[299.0, 8]","[294.0, 168]","[317.0, 16]","[318.0, 8]",308.0,200,18.0,0.76
07:40:57,"[299.0, 9]","[294.0, 189]","[317.0, 18]","[318.0, 9]",308.0,225,18.0,0.76
07:40:58,"[299.0, 9]","[294.0, 189]","[317.0, 18]","[318.0, 9]",308.0,225,18.0,0.76
07:40:59,"[299.0, 9]","[294.0, 189]","[315.76, 17]","[317.4, 10]",307.38,225,16.76,0.76
07:41:00,"[299.0, 10]","[294.0, 210]","[314.0, 10]","[315.0, 20]",306.5,250,15.0,0.76
07:41:01,"[299.0, 13]","[294.0, 273]","[313.9, 21]","[324.88, 34]",306.45,341,14.9,0.68
07:41:02,"[294.08, 197]","[292.83, 188]","[311.54, 52]","[317.4, 30]",302.81,467,17.46,0.65
07:41:03,"[294.0, 247]","[292.0, 143]","[310.17, 48]","[312.2, 30]",302.08,468,16.17,0.67
07:41:04,"[294.0, 207]","[292.0, 143]","[305.89, 38]","[306.94, 32]",299.95,420,11.89,0.67
07:41:05,"[294.0, 230]","[292.0, 100]","[299.3, 40]","[302.05, 40]",296.65,410,5.3,0.61
07:41:06,"[294.0, 64]","[292.0, 14]","[295.0, 22]","[300.09, 22]",294.5,122,1.0,0.28
07:41:07,"[293.33, 30]","[267.93, 15]","[295.0, 20]","[301.0, 20]",294.17,85,1.67,0.06
07:41:08,"[176.86, 14]","[98.94, 16]","[290.2, 25]","[299.17, 23]",233.53,78,113.34,-0.23
07:41:09,"[162.0, 48]","[92.87, 15]","[285.0, 22]","[288.65, 17]",223.5,102,123.0,0.24
07:41:10,"[214.25, 16]","[191.41, 34]","[285.8, 10]","[288.0, 12]",250.03,72,71.55,0.39
07:41:11,"[265.85, 27]","[242.4, 30]","[286.0, 12]","[289.0, 12]",275.93,81,20.15,0.41
07:41:12,"[268.8, 60]","[266.0, 15]","[288.4, 15]","[329.74, 19]",278.6,109,19.6,0.38
07:41:13,"[272.48, 33]","[265.56, 27]","[325.4, 15]","[393.52, 21]",298.94,96,52.92,0.25
07:41:14,"[293.36, 28]","[289.33, 15]","[449.96, 25]","[631.09, 22]",371.66,90,156.6,-0.04
07:41:15,"[295.0, 12]","[292.0, 12]","[317.38, 13]","[402.04, 23]",306.19,60,22.38,-0.2
07:41:16,"[295.0, 11]","[292.0, 11]","[316.0, 11]","[383.18, 17]",305.5,50,21.0,-0.12
07:41:17,"[293.88, 16]","[289.12, 16]","[308.93, 28]","[371.44, 48]",301.4,108,15.05,-0.41
07:41:18,"[292.0, 17]","[229.69, 49]","[308.24, 29]","[397.55, 38]",300.12,133,16.24,-0.01
07:41:19,"[292.0, 11]","[279.27, 55]","[311.27, 11]","[358.0, 22]",301.64,99,19.27,0.33
07:41:20,"[292.0, 6]","[280.0, 30]","[311.0, 6]","[376.0, 14]",301.5,56,19.0,0.29
07:41:21,"[297.24, 63]","[274.81, 21]","[309.45, 11]","[406.11, 36]",303.35,131,12.22,0.28
07:41:22,"[298.2, 45]","[297.44, 71]","[308.0, 11]","[467.64, 28]",303.1,155,9.8,0.5
07:41:23,"[299.67, 9]","[297.78, 81]","[307.44, 9]","[608.71, 14]",303.56,113,7.78,0.59
07:41:24,"[300.0, 12]","[296.0, 108]","[305.33, 12]","[605.58, 19]",302.67,151,5.33,0.59
07:41:25,"[296.0, 54]","[295.0, 27]","[304.0, 9]","[495.5, 12]",300.0,102,8.0,0.59
07:41:26,"[296.0, 38]","[295.0, 30]","[304.0, 10]","[450.92, 13]",300.0,91,8.0,0.49
07:41:27,"[296.0, 33]","[295.0, 33]","[303.45, 11]","[515.75, 24]",299.73,101,7.45,0.31
07:41:28,"[295.75, 24]","[294.0, 27]","[303.0, 9]","[510.23, 13]",299.38,73,7.25,0.4
07:41:29,"[295.0, 24]","[292.0, 36]","[302.5, 12]","[380.08, 12]",298.75,84,7.5,0.43
07:41:30,"[295.0, 10]","[292.67, 9]","[302.0, 5]","[370.0, 5]",298.5,29,7.0,0.31
07:41:31,"[295.0, 20]","[294.0, 10]","[301.03, 37]","[400.94, 16]",298.01,83,6.03,-0.28
07:41:32,"[295.0, 28]","[294.0, 14]","[299.95, 42]","[316.83, 35]",297.48,119,4.95,-0.29
07:41:33,"[296.0, 72]","[295.0, 24]","[297.86, 21]","[300.29, 42]",296.93,159,1.86,0.21
07:41:34,"[296.0, 56]","[295.0, 32]","[324.32, 40]","[477.67, 33]",310.16,161,28.32,0.09
07:41:35,"[296.0, 21]","[295.0, 18]","[393.48, 27]","[519.76, 17]",344.74,83,97.48,-0.06
07:41:36,"[296.0, 8]","[295.0, 16]","[328.0, 8]","[403.0, 8]",312.0,40,32.0,0.2
07:41:37,"[296.0, 11]","[295.0, 20]","[346.92, 25]","[423.9, 10]",321.46,66,50.92,-0.06
07:41:38,"[295.95, 20]","[294.75, 20]","[453.59, 17]","[496.61, 31]",374.77,88,157.64,-0.09
07:41:39,"[295.0, 6]","[292.05, 66]","[451.21, 19]","[559.0, 8]",373.11,99,156.21,0.45
07:41:40,"[298.69, 16]","[292.56, 18]","[347.0, 24]","[479.0, 18]",322.84,76,48.31,-0.11
07:41:41,"[299.0, 18]","[294.91, 11]","[359.33, 24]","[479.0, 18]",329.17,71,60.33,-0.18
07:41:42,"[294.97, 32]","[292.56, 18]","[394.5, 24]","[479.0, 18]",344.73,92,99.53,0.09
07:41:43,"[296.45, 66]","[294.0, 11]","[420.9, 39]","[484.15, 34]",358.68,150,124.44,0.03
07:41:44,"[299.23, 47]","[296.25, 24]","[454.0, 36]","[595.0, 17]",376.62,124,154.77,0.15
07:41:45,"[300.0, 40]","[294.0, 10]","[441.96, 27]","[534.17, 30]",370.98,107,141.96,-0.07
07:41:46,"[294.8, 80]","[261.3, 23]","[361.91, 33]","[398.52, 25]",328.35,161,67.11,0.28
07:41:47,"[292.0, 169]","[247.0, 52]","[304.57, 56]","[323.6, 47]",298.29,324,12.57,0.36
07:41:48,"[292.0, 85]","[243.75, 16]","[333.86, 14]","[505.44, 16]",312.93,131,41.86,0.54
07:41:49,"[293.1, 89]","[273.68, 94]","[401.21, 38]","[535.11, 19]",347.16,240,108.11,0.53
07:41:50,"[295.0, 105]","[292.0, 292]","[604.83, 24]","[673.05, 66]",449.92,487,309.83,0.63
07:41:51,"[296.18, 77]","[292.06, 167]","[480.0, 44]","[705.13, 23]",388.09,311,183.82,0.57
07:41:52,"[297.75, 56]","[294.0, 8]","[554.0, 32]","[580.75, 24]",425.88,120,256.25,0.07
07:41:53,"[299.19, 69]","[297.76, 67]","[336.62, 52]","[555.51, 35]",317.9,223,37.43,0.22
07:41:54,"[300.0, 10]","[298.0, 70]","[316.35, 34]","[393.06, 16]",308.18,130,16.35,0.23
07:41:55,"[300.0, 6]","[298.0, 42]","[305.17, 18]","[314.8, 15]",302.58,81,5.17,0.19
07:41:56,"[300.0, 12]","[298.0, 84]","[304.58, 60]","[350.12, 33]",302.29,189,4.58,0.02
07:41:57,"[299.22, 18]","[297.95, 78]","[316.21, 58]","[505.46, 24]",307.71,178,16.98,0.08
07:41:58,"[298.42, 24]","[297.78, 37]","[531.92, 26]","[562.46, 24]",415.17,111,233.51,0.1
07:41:59,"[298.71, 28]","[297.94, 65]","[398.36, 33]","[547.0, 11]",348.54,137,99.65,0.36
07:42:00,"[298.0, 56]","[296.0, 15]","[335.3, 40]","[362.5, 34]",316.65,145,37.3,-0.02
07:42:01,"[298.5, 4]","[297.6, 5]","[320.73, 11]","[328.8, 10]",309.61,30,22.23,-0.4
07:42:02,"[297.15, 26]","[297.73, 30]","[317.75, 59]","[319.2, 55]",307.45,170,20.59,-0.34
07:42:03,"[295.0, 127]","[294.0, 12]","[313.24, 38]","[315.19, 21]",304.12,198,18.24,0.4
07:42:04,"[295.0, 130]","[294.0, 10]","[310.85, 34]","[311.77, 13]",302.93,187,15.85,0.5
07:42:05,"[295.0, 97]","[294.0, 15]","[296.27, 11]","[305.4, 20]",295.64,143,1.27,0.57
07:42:06,"[295.0, 56]","[294.0, 40]","[309.92, 26]","[350.0, 20]",302.46,142,14.92,0.35
07:42:07,"[295.0, 56]","[294.0, 40]","[311.0, 32]","[376.0, 16]",303.0,144,16.0,0.33
07:42:08,"[295.13, 92]","[294.19, 74]","[309.0, 56]","[376.0, 28]",302.07,250,13.87,0.33
07:42:09,"[295.24, 67]","[294.13, 46]","[308.0, 40]","[381.6, 20]",301.62,173,12.76,0.31
07:42:10,"[295.0, 86]","[294.0, 45]","[307.11, 36]","[366.0, 18]",301.06,185,12.11,0.42
07:42:11,"[296.05, 40]","[294.74, 76]","[307.0, 52]","[459.89, 18]",301.52,186,10.95,0.25
07:42:12,"[295.61, 99]","[294.24, 75]","[306.79, 71]","[336.54, 26]",301.2,271,11.18,0.28
07:42:13,"[295.0, 40]","[294.0, 36]","[305.48, 44]","[306.73, 37]",300.24,157,10.48,-0.03
07:42:14,"[295.0, 36]","[294.0, 36]","[303.0, 36]","[305.0, 45]",299.0,153,8.0,-0.06
07:42:15,"[295.0, 36]","[294.0, 36]","[302.0, 36]","[305.0, 45]",298.5,153,7.0,-0.06
07:42:16,"[295.0, 52]","[294.0, 56]","[299.92, 53]","[304.65, 69]",297.46,230,4.92,-0.06
07:42:17,"[295.0, 39]","[294.0, 52]","[303.35, 62]","[366.31, 29]",299.18,182,8.35,0.0
07:42:18,"[296.33, 24]","[293.88, 43]","[302.11, 45]","[345.0, 9]",299.22,121,5.78,0.11
07:42:19,"[294.0, 32]","[293.0, 140]","[300.43, 70]","[301.43, 70]",297.21,312,6.43,0.1
07:42:20,"[294.0, 18]","[293.0, 90]","[298.22, 45]","[299.22, 45]",296.11,198,4.22,0.09
07:42:21,"[294.74, 54]","[293.05, 74]","[298.0, 45]","[299.0, 45]",296.37,218,3.26,0.17
07:42:22,"[295.6, 180]","[293.38, 48]","[298.07, 56]","[330.45, 51]",296.84,335,2.47,0.36
07:42:23,"[293.15, 82]","[291.98, 123]","[298.31, 65]","[535.69, 26]",295.73,296,5.16,0.39
07:42:24,"[293.56, 100]","[292.14, 98]","[297.0, 50]","[531.26, 19]",295.28,267,3.44,0.48
07:42:25,"[294.71, 101]","[293.66, 146]","[342.59, 37]","[706.1, 20]",318.65,304,47.88,0.62
07:42:26,"[296.73, 95]","[294.4, 20]","[522.0, 9]","[730.78, 18]",409.36,142,225.27,0.62
07:42:27,"[297.0, 50]","[295.0, 5]","[715.5, 8]","[741.43, 7]",506.25,70,418.5,0.57
07:42:28,"[297.0, 68]","[295.0, 8]","[485.23, 13]","[766.0, 5]",391.12,94,188.23,0.62
07:42:29,"[297.0, 56]","[295.0, 7]","[409.0, 7]","[432.0, 20]",353.0,90,112.0,0.4
07:42:30,"[299.0, 16]","[297.0, 64]","[324.0, 20]","[408.04, 28]",311.5,128,25.0,0.25
07:42:31,"[299.0, 20]","[297.0, 80]","[307.0, 50]","[486.43, 42]",303.0,192,8.0,0.04
07:42:32,"[299.0, 24]","[297.0, 96]","[307.0, 60]","[611.75, 60]",303.0,240,8.0,0.0
07:42:33,"[299.0, 20]","[297.0, 80]","[496.96, 26]","[545.75, 28]",397.98,154,197.96,0.3
07:42:34,"[296.8, 20]","[295.83, 24]","[494.27, 22]","[494.58, 12]",395.54,78,197.47,0.13
07:42:35,"[287.97, 31]","[284.7, 81]","[349.12, 25]","[378.81, 21]",318.54,158,61.15,0.42
07:42:36,"[283.0, 180]","[281.0, 48]","[291.31, 16]","[291.95, 22]",287.16,266,8.31,0.71
07:42:37,"[284.43, 80]","[285.85, 101]","[290.44, 27]","[299.09, 33]",287.43,241,6.02,0.5
07:42:38,"[290.0, 22]","[288.39, 157]","[299.59, 29]","[432.11, 27]",294.79,235,9.59,0.52
07:42:39,"[291.85, 13]","[290.84, 25]","[300.0, 27]","[377.6, 10]",295.92,75,8.15,0.01
07:42:40,"[294.39, 18]","[293.24, 38]","[297.43, 28]","[300.0, 42]",295.91,126,3.04,-0.11
07:42:41,"[298.44, 71]","[293.1, 20]","[302.46, 28]","[446.25, 20]",300.45,139,4.03,0.31
07:42:42,"[299.0, 77]","[294.0, 18]","[306.0, 27]","[473.38, 39]",302.5,161,7.0,0.18
07:42:43,"[299.0, 56]","[297.82, 44]","[306.0, 21]","[536.14, 35]",302.5,156,7.0,0.28
07:42:44,"[299.0, 40]","[298.0, 35]","[306.0, 15]","[530.16, 19]",302.5,109,7.0,0.38
07:42:45,"[299.0, 72]","[298.0, 63]","[306.0, 27]","[517.24, 42]",302.5,204,7.0,0.32
07:42:46,"[299.0, 56]","[298.0, 49]","[305.67, 18]","[441.17, 29]",302.33,152,6.67,0.38
07:42:47,"[299.0, 88]","[298.0, 91]","[304.78, 46]","[376.08, 50]",301.89,275,5.78,0.3
07:42:48,"[299.0, 58]","[298.0, 56]","[304.0, 16]","[307.0, 32]",301.5,162,5.0,0.41
07:42:49,"[299.0, 56]","[298.0, 49]","[304.0, 14]","[307.0, 28]",301.5,147,5.0,0.43
07:42:50,"[299.0, 40]","[298.0, 35]","[303.8, 10]","[307.0, 20]",301.4,105,4.8,0.43
07:42:51,"[299.0, 80]","[298.0, 70]","[303.0, 20]","[307.0, 40]",301.0,210,4.0,0.43
07:42:52,"[299.0, 88]","[298.0, 77]","[303.0, 22]","[307.0, 44]",301.0,231,4.0,0.43
07:42:53,"[299.0, 53]","[298.0, 70]","[303.0, 20]","[307.0, 40]",301.0,183,4.0,0.34
07:42:54,"[298.11, 54]","[297.84, 50]","[301.18, 34]","[303.7, 40]",299.64,178,3.07,0.17
07:42:55,"[298.69, 58]","[297.41, 58]","[300.77, 43]","[306.26, 35]",299.73,194,2.08,0.2
07:42:56,"[299.0, 16]","[297.0, 40]","[300.25, 24]","[313.0, 32]",299.62,112,1.25,0.0
07:42:57,"[298.34, 73]","[296.76, 49]","[312.14, 14]","[325.26, 39]",305.24,175,13.8,0.39
07:42:58,"[299.0, 94]","[297.0, 70]","[309.57, 14]","[310.57, 14]",304.29,192,10.57,0.71
07:42:59,"[297.44, 41]","[295.76, 29]","[308.73, 11]","[309.73, 11]",303.08,92,11.29,0.52
07:43:00,"[297.0, 32]","[296.0, 8]","[305.88, 8]","[307.5, 8]",301.44,56,8.88,0.43
07:43:01,"[297.0, 60]","[296.0, 15]","[302.47, 15]","[304.33, 15]",299.73,105,5.47,0.43
07:43:02,"[296.25, 12]","[295.02, 46]","[298.8, 10]","[308.79, 19]",297.52,87,2.55,0.33
07:43:03,"[296.81, 16]","[293.34, 65]","[311.89, 54]","[317.09, 44]",304.35,179,15.08,-0.09
07:43:04,"[298.0, 9]","[293.0, 54]","[310.22, 41]","[313.2, 35]",304.11,139,12.22,-0.09
07:43:05,"[293.42, 59]","[292.77, 39]","[304.06, 50]","[305.28, 50]",298.74,198,10.64,-0.01
07:43:06,"[293.0, 46]","[292.0, 10]","[300.47, 34]","[301.28, 32]",296.74,122,7.47,-0.08
07:43:07,"[293.42, 31]","[292.82, 34]","[297.83, 35]","[298.8, 41]",295.62,141,4.41,-0.08
07:43:08,"[293.02, 41]","[292.09, 23]","[295.32, 62]","[296.2, 49]",294.17,175,2.3,-0.27
07:43:09,"[290.25, 24]","[278.1, 58]","[292.73, 37]","[295.87, 53]",291.49,172,2.48,-0.05
07:43:10,"[287.0, 18]","[264.98, 97]","[290.45, 22]","[295.0, 26]",288.73,163,3.45,0.41
07:43:11,"[287.05, 19]","[266.42, 101]","[288.76, 21]","[289.95, 38]",287.91,179,1.71,0.34
07:43:12,"[287.0, 20]","[266.16, 90]","[289.63, 19]","[292.68, 37]",288.32,166,2.63,0.33
07:43:13,"[288.63, 30]","[274.84, 19]","[291.74, 19]","[301.75, 16]",290.19,84,3.1,0.17
07:43:14,"[283.5, 24]","[243.79, 62]","[301.0, 36]","[304.0, 48]",292.25,170,17.5,0.01
07:43:15,"[297.0, 73]","[280.0, 14]","[301.0, 21]","[311.55, 22]",299.0,130,4.0,0.34
07:43:16,"[296.84, 62]","[281.71, 14]","[301.0, 21]","[305.0, 14]",298.92,111,4.16,0.37
07:43:17,"[293.7, 30]","[292.0, 20]","[300.29, 28]","[303.91, 22]",296.99,100,6.59,0.0
07:43:18,"[294.0, 30]","[292.0, 20]","[296.0, 20]","[301.1, 30]",295.0,100,2.0,0.0
07:43:19,"[293.44, 48]","[289.55, 22]","[298.16, 25]","[303.0, 30]",295.8,125,4.72,0.12
07:43:20,"[292.06, 47]","[290.24, 41]","[302.0, 21]","[307.0, 14]",297.03,123,9.94,0.43
07:43:21,"[298.74, 39]","[292.05, 81]","[302.0, 33]","[307.0, 22]",300.37,175,3.26,0.37
07:43:22,"[300.0, 140]","[293.0, 13]","[302.0, 39]","[307.0, 26]",301.0,218,2.0,0.4
07:43:23,"[300.0, 96]","[293.0, 8]","[302.0, 24]","[307.0, 16]",301.0,144,2.0,0.44
07:43:24,"[300.0, 108]","[293.0, 9]","[302.0, 27]","[307.0, 18]",301.0,162,2.0,0.44
07:43:25,"[300.0, 76]","[292.65, 65]","[301.43, 21]","[303.67, 18]",300.71,180,1.43,0.57
07:43:26,"[298.55, 58]","[293.38, 71]","[301.22, 27]","[302.8, 25]",299.89,181,2.67,0.43
07:43:27,"[300.0, 32]","[294.0, 70]","[301.6, 30]","[305.5, 24]",300.8,156,1.6,0.31
07:43:28,"[300.0, 26]","[294.0, 97]","[301.1, 61]","[304.06, 35]",300.55,219,1.1,0.12
07:43:29,"[294.24, 100]","[292.28, 128]","[309.0, 30]","[318.45, 44]",301.62,302,14.76,0.51
07:43:30,"[294.0, 114]","[292.0, 132]","[296.52, 42]","[306.06, 34]",295.26,322,2.52,0.53
07:43:31,"[294.0, 98]","[292.0, 154]","[297.71, 56]","[314.73, 30]",295.86,338,3.71,0.49
07:43:32,"[298.0, 84]","[293.03, 91]","[307.27, 44]","[313.44, 36]",302.64,255,9.27,0.37
07:43:33,"[300.0, 96]","[294.0, 60]","[306.0, 48]","[313.0, 24]",303.0,228,6.0,0.37
07:43:34,"[300.0, 71]","[294.0, 65]","[306.0, 52]","[313.0, 26]",303.0,214,6.0,0.27
07:43:35,"[300.0, 60]","[294.0, 60]","[304.67, 45]","[307.84, 38]",302.33,203,4.67,0.18
07:43:36,"[300.0, 27]","[294.0, 35]","[304.0, 21]","[306.82, 22]",302.0,105,4.0,0.18
07:43:37,"[300.0, 27]","[294.0, 45]","[301.56, 27]","[309.5, 24]",300.78,123,1.56,0.17
07:43:38,"[294.81, 54]","[293.94, 71]","[312.75, 72]","[499.4, 50]",303.78,247,17.94,0.01
07:43:39,"[294.75, 48]","[293.56, 54]","[305.38, 26]","[312.67, 36]",300.07,164,10.63,0.24
07:43:40,"[294.0, 66]","[292.0, 33]","[298.0, 55]","[311.0, 22]",296.0,176,4.0,0.12
07:43:41,"[295.33, 54]","[293.58, 43]","[298.0, 45]","[308.43, 14]",296.67,156,2.67,0.24
07:43:42,"[296.17, 36]","[295.18, 61]","[298.0, 55]","[309.88, 34]",297.08,186,1.83,0.04
07:43:43,"[296.14, 49]","[295.09, 77]","[297.85, 60]","[302.63, 38]",297.0,224,1.71,0.12
07:43:44,"[296.0, 28]","[294.0, 50]","[297.0, 30]","[298.0, 40]",296.5,148,1.0,0.05
07:43:45,"[296.0, 16]","[294.0, 40]","[297.0, 24]","[298.0, 32]",296.5,112,1.0,0.0
07:43:46,"[296.0, 12]","[294.0, 30]","[297.0, 18]","[298.0, 24]",296.5,84,1.0,0.0
07:43:47,"[294.3, 53]","[292.54, 74]","[296.18, 49]","[297.68, 47]",295.24,223,1.88,0.14
07:43:48,"[294.0, 31]","[292.0, 54]","[295.86, 28]","[298.03, 31]",294.93,144,1.86,0.18
07:43:49,"[294.0, 11]","[292.0, 54]","[297.0, 33]","[299.0, 44]",295.5,142,3.0,-0.08
07:43:50,"[293.5, 16]","[291.65, 51]","[296.29, 51]","[297.85, 47]",294.9,165,2.79,-0.19
07:43:51,"[293.38, 13]","[291.25, 24]","[296.0, 44]","[297.0, 33]",294.69,114,2.62,-0.35
07:43:52,"[294.0, 12]","[292.0, 24]","[296.0, 48]","[299.0, 84]",295.0,168,2.0,-0.57
07:43:53,"[294.0, 8]","[292.0, 16]","[295.3, 27]","[299.28, 50]",294.65,101,1.3,-0.52
07:43:54,"[292.07, 29]","[287.23, 44]","[299.44, 48]","[303.23, 62]",295.75,183,7.37,-0.2
07:43:55,"[287.36, 53]","[280.86, 87]","[297.11, 19]","[299.37, 95]",292.23,254,9.75,0.1
07:43:56,"[296.0, 14]","[284.0, 39]","[297.98, 61]","[303.61, 77]",296.99,191,1.98,-0.45
07:43:57,"[296.0, 9]","[284.0, 27]","[298.0, 45]","[304.0, 27]",297.0,108,2.0,-0.33
07:43:58,"[296.0, 9]","[282.67, 45]","[298.0, 45]","[304.0, 27]",297.0,126,2.0,-0.14
07:43:59,"[296.0, 11]","[284.65, 37]","[297.38, 39]","[299.1, 49]",296.69,136,1.38,-0.29
07:44:00,"[296.0, 10]","[286.0, 20]","[297.0, 30]","[298.0, 50]",296.5,110,1.0,-0.45
07:44:01,"[286.0, 18]","[284.0, 45]","[300.73, 33]","[304.33, 27]",293.36,123,14.73,0.02
07:44:02,"[284.73, 49]","[281.65, 62]","[302.82, 45]","[304.62, 48]",293.78,204,18.09,0.09
07:44:03,"[282.86, 84]","[281.18, 88]","[286.66, 58]","[292.86, 35]",284.76,265,3.8,0.3
07:44:04,"[284.5, 16]","[279.74, 46]","[285.43, 21]","[287.54, 26]",284.96,109,0.93,0.14
07:44:05,"[285.06, 34]","[274.18, 85]","[289.46, 59]","[297.68, 53]",287.26,231,4.4,0.03
07:44:06,"[286.12, 32]","[277.66, 56]","[297.59, 37]","[299.69, 48]",291.86,173,11.47,0.02
07:44:07,"[279.03, 124]","[276.14, 65]","[295.67, 18]","[298.43, 42]",287.35,249,16.63,0.52
07:44:08,"[278.09, 241]","[276.91, 115]","[290.0, 45]","[298.79, 42]",284.04,443,11.91,0.61
07:44:09,"[279.35, 51]","[278.13, 208]","[288.0, 26]","[293.35, 51]",283.68,336,8.65,0.54
07:44:10,"[282.67, 18]","[278.41, 116]","[288.0, 26]","[293.0, 52]",285.33,212,5.33,0.26
07:44:11,"[283.83, 29]","[279.2, 170]","[288.0, 24]","[293.0, 48]",285.91,271,4.17,0.47
07:44:12,"[286.99, 222]","[284.97, 34]","[288.12, 25]","[290.6, 40]",287.56,321,1.13,0.6
07:44:13,"[287.08, 260]","[279.43, 108]","[289.73, 44]","[293.89, 55]",288.4,467,2.65,0.58
07:44:14,"[278.94, 68]","[273.58, 69]","[293.0, 36]","[300.0, 18]",285.97,191,14.06,0.43
07:44:15,"[287.61, 145]","[280.17, 48]","[293.0, 48]","[300.0, 24]",290.31,265,5.39,0.46
07:44:16,"[288.0, 117]","[279.0, 45]","[294.4, 30]","[300.43, 21]",291.2,213,6.4,0.52
07:44:17,"[288.62, 169]","[279.0, 65]","[295.69, 26]","[300.48, 31]",292.15,291,7.08,0.61
07:44:18,"[291.0, 52]","[289.0, 169]","[299.54, 26]","[301.0, 39]",295.27,286,8.54,0.55
07:44:19,"[290.0, 48]","[288.29, 140]","[297.39, 44]","[298.81, 42]",293.69,274,7.39,0.37
07:44:20,"[289.5, 144]","[278.68, 74]","[295.0, 36]","[296.71, 38]",292.25,292,5.5,0.49
07:44:21,"[290.18, 88]","[280.63, 123]","[293.0, 28]","[294.65, 34]",291.59,273,2.82,0.55
07:44:22,"[291.04, 54]","[290.03, 121]","[296.53, 43]","[300.04, 57]",293.79,275,5.5,0.27
07:44:23,"[291.0, 32]","[290.0, 72]","[300.88, 24]","[302.59, 22]",295.94,150,9.88,0.39
07:44:24,"[292.85, 61]","[291.97, 121]","[298.14, 42]","[303.0, 37]",295.5,261,5.29,0.39
07:44:25,"[292.42, 108]","[284.0, 158]","[298.0, 22]","[303.0, 24]",295.21,312,5.58,0.71
07:44:26,"[294.67, 108]","[283.69, 128]","[297.08, 12]","[302.67, 24]",295.88,272,2.42,0.74
07:44:27,"[295.0, 102]","[288.6, 43]","[296.93, 14]","[302.0, 28]",295.96,187,1.93,0.55
07:44:28,"[295.0, 66]","[293.0, 30]","[299.47, 32]","[306.55, 31]",297.23,159,4.47,0.21
07:44:29,"[295.97, 62]","[294.11, 36]","[299.62, 39]","[302.0, 26]",297.79,163,3.65,0.2
07:44:30,"[295.0, 36]","[293.0, 18]","[299.0, 27]","[300.0, 18]",297.0,99,4.0,0.09
07:44:31,"[295.0, 32]","[293.0, 16]","[297.57, 35]","[298.56, 27]",296.29,110,2.57,-0.13
07:44:32,"[289.31, 51]","[285.31, 131]","[295.2, 55]","[298.64, 64]",292.26,301,5.89,0.21
07:44:33,"[286.0, 44]","[284.0, 104]","[294.38, 24]","[296.92, 26]",290.19,198,8.38,0.49
07:44:34,"[287.77, 163]","[284.82, 107]","[291.58, 55]","[292.63, 57]",289.67,382,3.81,0.41
07:44:35,"[288.76, 134]","[283.31, 64]","[292.88, 50]","[298.57, 74]",290.82,322,4.12,0.23
07:44:36,"[286.53, 38]","[282.69, 58]","[301.11, 45]","[302.09, 55]",293.82,196,14.58,-0.02
07:44:37,"[300.0, 60]","[285.29, 63]","[301.0, 84]","[302.0, 60]",300.5,267,1.0,-0.08
07:44:38,"[300.0, 66]","[285.11, 56]","[301.0, 59]","[302.0, 55]",300.5,236,1.0,0.03
07:44:39,"[292.31, 68]","[285.36, 74]","[301.0, 95]","[393.42, 59]",296.65,296,8.69,-0.04
07:44:40,"[293.91, 43]","[292.97, 79]","[300.14, 37]","[308.58, 43]",297.02,202,6.23,0.21
07:44:41,"[294.67, 27]","[290.52, 33]","[300.0, 44]","[302.0, 55]",297.33,159,5.33,-0.25
07:44:42,"[293.6, 10]","[288.83, 46]","[300.0, 40]","[302.0, 50]",296.8,146,6.4,-0.23
07:44:43,"[294.95, 19]","[293.88, 51]","[300.0, 44]","[302.0, 55]",297.47,169,5.05,-0.17
07:44:44,"[294.0, 30]","[292.0, 6]","[300.0, 24]","[302.0, 30]",297.0,90,6.0,-0.2
07:44:45,"[295.06, 85]","[293.84, 38]","[300.0, 40]","[301.7, 50]",297.53,213,4.94,0.15
07:44:46,"[297.0, 40]","[294.0, 20]","[300.0, 16]","[301.0, 20]",298.5,96,3.0,0.25
07:44:47,"[297.0, 60]","[294.0, 30]","[300.0, 24]","[301.0, 30]",298.5,144,3.0,0.25
07:44:48,"[297.0, 102]","[294.0, 55]","[298.96, 46]","[300.61, 54]",297.98,257,1.96,0.22
07:44:49,"[298.08, 85]","[296.88, 86]","[301.71, 70]","[304.0, 70]",299.9,311,3.63,0.1
07:44:50,"[299.0, 118]","[297.21, 68]","[302.0, 55]","[304.0, 55]",300.5,296,3.0,0.26
07:44:51,"[299.0, 168]","[297.0, 84]","[301.71, 49]","[302.86, 88]",300.36,389,2.71,0.3
07:44:52,"[299.0, 132]","[297.0, 66]","[300.73, 22]","[302.0, 55]",299.86,275,1.73,0.44
07:44:53,"[299.0, 94]","[297.0, 54]","[301.94, 35]","[303.22, 45]",300.47,228,2.94,0.3
07:44:54,"[299.0, 110]","[297.0, 72]","[302.92, 36]","[304.0, 120]",300.96,338,3.92,0.08
07:44:55,"[299.43, 42]","[298.45, 66]","[301.56, 27]","[303.61, 62]",300.49,197,2.13,0.1
07:44:56,"[299.07, 86]","[297.42, 76]","[301.33, 36]","[303.6, 75]",300.2,273,2.26,0.19
07:44:57,"[299.0, 144]","[297.0, 108]","[302.0, 54]","[304.0, 90]",300.5,396,3.0,0.27
07:44:58,"[299.0, 62]","[297.0, 48]","[304.5, 38]","[305.62, 26]",301.75,174,5.5,0.26
07:44:59,"[299.0, 60]","[297.0, 60]","[305.0, 50]","[306.0, 30]",302.0,200,6.0,0.2
07:45:00,"[298.71, 41]","[296.91, 46]","[305.0, 40]","[306.0, 24]",301.85,151,6.29,0.15
07:45:01,"[297.0, 72]","[296.0, 48]","[305.0, 60]","[306.0, 36]",301.0,216,8.0,0.11
07:45:02,"[297.0, 66]","[296.0, 44]","[305.0, 55]","[306.0, 33]",301.0,198,8.0,0.11
07:45:03,"[297.0, 35]","[296.0, 28]","[305.0, 35]","[306.0, 21]",301.0,119,8.0,0.06
07:45:04,"[296.38, 53]","[294.7, 46]","[304.09, 46]","[305.78, 90]",300.23,235,7.71,-0.16
07:45:05,"[296.4, 50]","[294.57, 42]","[303.0, 42]","[306.0, 112]",299.7,246,6.6,-0.25
07:45:06,"[297.07, 70]","[296.0, 42]","[302.07, 42]","[305.39, 82]",299.57,236,5.0,-0.05
07:45:07,"[298.0, 80]","[296.0, 48]","[301.31, 48]","[305.0, 80]",299.66,256,3.31,0.0
07:45:08,"[298.0, 65]","[296.0, 39]","[299.69, 39]","[305.0, 65]",298.85,208,1.69,0.0
07:45:09,"[297.19, 59]","[294.93, 45]","[298.2, 45]","[305.0, 75]",297.69,224,1.01,-0.07
07:45:10,"[295.0, 42]","[292.29, 49]","[302.0, 52]","[306.33, 60]",298.5,203,7.0,-0.1
07:45:11,"[294.0, 17]","[291.0, 28]","[307.0, 21]","[310.0, 35]",300.5,101,13.0,-0.11
07:45:12,"[298.79, 73]","[294.0, 34]","[309.29, 63]","[312.12, 85]",304.04,255,10.49,-0.16
07:45:13,"[299.0, 63]","[295.0, 27]","[310.0, 72]","[313.0, 90]",304.5,252,11.0,-0.29
07:45:14,"[299.0, 43]","[295.0, 30]","[308.0, 38]","[311.43, 75]",303.5,186,9.0,-0.22
07:45:15,"[299.0, 40]","[295.0, 30]","[311.0, 80]","[314.5, 80]",305.0,230,12.0,-0.39
07:45:16,"[296.45, 33]","[294.39, 23]","[311.0, 80]","[315.0, 100]",303.73,236,14.55,-0.53
07:45:17,"[295.0, 21]","[294.0, 14]","[311.0, 46]","[315.0, 70]",303.0,151,16.0,-0.54
07:45:18,"[295.0, 21]","[294.0, 14]","[311.0, 21]","[315.0, 70]",303.0,126,16.0,-0.44
07:45:19,"[295.0, 9]","[294.0, 6]","[311.0, 9]","[315.0, 30]",303.0,54,16.0,-0.44
07:45:20,"[295.0, 21]","[294.0, 14]","[311.0, 21]","[315.0, 70]",303.0,126,16.0,-0.44
07:45:21,"[295.31, 39]","[294.4, 30]","[309.78, 41]","[313.6, 98]",302.54,208,14.47,-0.34
07:45:22,"[297.4, 50]","[296.0, 60]","[305.7, 98]","[306.72, 78]",301.55,286,8.3,-0.23
07:45:23,"[297.76, 37]","[295.0, 45]","[304.0, 75]","[305.0, 75]",300.88,232,6.24,-0.29
07:45:24,"[297.55, 33]","[294.15, 40]","[302.31, 32]","[304.0, 80]",299.93,185,4.77,-0.21
07:45:25,"[293.13, 45]","[291.21, 58]","[299.03, 66]","[302.54, 39]",296.08,208,5.9,-0.01
07:45:26,"[297.52, 25]","[293.92, 36]","[300.0, 30]","[304.63, 54]",298.76,145,2.48,-0.16
07:45:27,"[294.05, 39]","[292.09, 55]","[298.74, 38]","[305.52, 82]",296.39,214,4.69,-0.12
07:45:28,"[293.22, 41]","[291.06, 63]","[305.12, 66]","[309.41, 69]",299.17,239,11.9,-0.13
07:45:29,"[294.25, 144]","[293.0, 32]","[305.62, 48]","[310.41, 68]",299.94,292,11.38,0.21
07:45:30,"[295.0, 144]","[291.44, 18]","[304.56, 52]","[305.75, 48]",299.78,262,9.56,0.24
07:45:31,"[295.4, 135]","[292.0, 30]","[302.34, 71]","[303.59, 49]",298.87,285,6.94,0.16
07:45:32,"[296.0, 187]","[292.27, 33]","[299.53, 77]","[302.47, 93]",297.77,390,3.53,0.13
07:45:33,"[296.0, 78]","[293.0, 15]","[297.0, 71]","[306.0, 70]",296.5,234,1.0,-0.21
07:45:34,"[296.0, 25]","[293.0, 18]","[305.59, 22]","[308.76, 38]",300.8,103,9.59,-0.17
07:45:35,"[296.0, 42]","[293.0, 14]","[304.21, 14]","[307.43, 42]",300.11,112,8.21,0.0
07:45:36,"[294.29, 21]","[292.11, 27]","[303.0, 15]","[307.73, 45]",298.64,108,8.71,-0.11
07:45:37,"[293.0, 17]","[292.0, 34]","[301.59, 17]","[307.0, 51]",297.29,119,8.59,-0.14
07:45:38,"[294.26, 19]","[292.03, 31]","[300.0, 16]","[308.97, 58]",297.13,124,5.74,-0.19
07:45:39,"[299.0, 34]","[293.0, 10]","[303.0, 10]","[309.41, 34]",301.0,88,4.0,0.0
07:45:40,"[299.0, 33]","[293.0, 11]","[305.0, 11]","[310.0, 55]",302.0,110,6.0,-0.2
07:45:41,"[299.0, 33]","[293.0, 11]","[305.0, 11]","[308.73, 55]",302.0,110,6.0,-0.2
07:45:42,"[299.0, 37]","[293.0, 13]","[303.78, 27]","[307.42, 48]",301.39,125,4.78,-0.2
07:45:43,"[299.0, 14]","[293.0, 7]","[302.29, 14]","[304.29, 7]",300.64,42,3.29,0.0
07:45:44,"[299.0, 19]","[293.0, 18]","[301.33, 48]","[302.4, 30]",300.17,115,2.33,-0.36
07:45:45,"[296.86, 14]","[292.47, 19]","[300.0, 28]","[301.56, 41]",298.43,102,3.14,-0.35
07:45:46,"[292.6, 10]","[291.6, 20]","[298.56, 18]","[300.67, 15]",295.58,63,5.96,-0.05
07:45:47,"[291.45, 44]","[290.52, 58]","[295.21, 29]","[296.29, 31]",293.33,162,3.75,0.26
07:45:48,"[290.9, 40]","[289.84, 43]","[295.0, 30]","[298.0, 20]",292.95,133,4.1,0.25
07:45:49,"[291.12, 67]","[289.68, 65]","[294.14, 42]","[298.0, 28]",292.63,202,3.02,0.31
07:45:50,"[292.0, 65]","[288.25, 57]","[293.21, 28]","[294.43, 37]",292.61,187,1.21,0.3
07:45:51,"[291.5, 32]","[286.93, 43]","[300.09, 33]","[301.51, 39]",295.8,147,8.59,0.02
07:45:52,"[291.0, 40]","[285.56, 41]","[302.0, 20]","[304.0, 80]",296.5,181,11.0,-0.1
07:45:53,"[293.55, 33]","[289.59, 34]","[302.0, 20]","[304.0, 50]",297.77,137,8.45,-0.02
07:45:54,"[295.0, 24]","[293.0, 176]","[301.0, 16]","[302.95, 19]",298.0,235,6.0,0.7
07:45:55,"[295.0, 42]","[293.0, 380]","[299.29, 28]","[302.0, 28]",297.14,478,4.29,0.77
07:45:56,"[294.11, 65]","[292.98, 376]","[297.54, 26]","[302.0, 26]",295.82,493,3.43,0.79
07:45:57,"[293.0, 511]","[291.0, 76]","[295.47, 38]","[301.31, 51]",294.24,676,2.47,0.74
07:45:58,"[293.0, 54]","[291.0, 24]","[295.0, 12]","[304.0, 12]",294.0,102,2.0,0.53
07:45:59,"[292.85, 110]","[290.84, 89]","[295.46, 52]","[302.54, 37]",294.16,288,2.61,0.38
07:46:00,"[299.0, 29]","[291.0, 49]","[302.29, 14]","[306.0, 21]",300.64,113,3.29,0.38
07:46:01,"[299.0, 63]","[291.51, 39]","[302.0, 18]","[306.0, 27]",300.5,147,3.0,0.39
07:46:02,"[299.0, 47]","[296.0, 7]","[302.0, 14]","[306.2, 15]",300.5,83,3.0,0.3
07:46:03,"[299.0, 54]","[296.0, 9]","[302.0, 18]","[307.0, 9]",300.5,90,3.0,0.4
07:46:04,"[299.0, 30]","[296.0, 5]","[302.0, 10]","[307.0, 5]",300.5,50,3.0,0.4
07:46:05,"[299.0, 36]","[296.0, 6]","[302.0, 12]","[307.0, 6]",300.5,60,3.0,0.4
07:46:06,"[299.0, 78]","[296.0, 15]","[301.89, 27]","[305.33, 18]",300.44,138,2.89,0.35
07:46:07,"[299.0, 95]","[297.88, 115]","[300.68, 19]","[305.49, 67]",299.84,296,1.68,0.42
07:46:08,"[298.68, 76]","[297.95, 111]","[305.5, 48]","[306.81, 27]",302.09,262,6.82,0.43
07:46:09,"[298.0, 113]","[296.0, 16]","[305.04, 25]","[308.27, 59]",301.52,213,7.04,0.21
07:46:10,"[298.0, 72]","[296.0, 18]","[302.72, 18]","[309.33, 54]",300.36,162,4.72,0.11
07:46:11,"[298.0, 8]","[296.0, 4]","[302.0, 4]","[307.0, 12]",300.0,28,4.0,-0.14
07:46:12,"[298.0, 14]","[296.0, 7]","[300.43, 7]","[307.0, 21]",299.21,49,2.43,-0.14
07:46:13,"[298.0, 14]","[296.0, 9]","[304.76, 17]","[308.0, 27]",301.38,67,6.76,-0.31
07:46:14,"[298.0, 12]","[296.0, 12]","[307.0, 36]","[309.0, 36]",302.5,96,9.0,-0.5
07:46:15,"[298.98, 65]","[297.88, 17]","[305.59, 37]","[307.35, 51]",302.29,170,6.61,-0.04
07:46:16,"[299.0, 56]","[298.0, 14]","[303.29, 28]","[310.03, 70]",301.14,168,4.29,-0.17
07:46:17,"[299.0, 110]","[298.0, 17]","[301.65, 34]","[312.0, 110]",300.32,271,2.65,-0.06
07:46:18,"[299.0, 134]","[298.0, 14]","[302.61, 31]","[310.13, 46]",300.81,225,3.61,0.32
07:46:19,"[299.0, 79]","[298.0, 10]","[309.0, 30]","[313.43, 35]",304.0,154,10.0,0.16
07:46:20,"[299.0, 105]","[298.0, 15]","[309.0, 45]","[314.0, 105]",304.0,270,10.0,-0.11
07:46:21,"[299.0, 77]","[298.0, 11]","[312.12, 64]","[314.31, 65]",305.56,217,13.12,-0.19
07:46:22,"[299.0, 98]","[298.0, 14]","[309.0, 56]","[313.61, 61]",304.0,229,10.0,-0.02
07:46:23,"[299.0, 98]","[298.0, 14]","[307.93, 56]","[309.08, 52]",303.46,220,8.93,0.02
07:46:24,"[299.0, 84]","[298.0, 12]","[307.0, 48]","[308.71, 51]",303.0,195,8.0,-0.02
07:46:25,"[299.0, 98]","[298.0, 14]","[306.43, 56]","[307.71, 70]",302.71,238,7.43,-0.06
07:46:26,"[299.0, 60]","[298.0, 10]","[306.0, 40]","[307.0, 50]",302.5,160,7.0,-0.12
07:46:27,"[299.0, 60]","[298.0, 12]","[305.17, 48]","[308.82, 76]",302.08,196,6.17,-0.27
07:46:28,"[299.0, 65]","[298.0, 13]","[304.0, 52]","[310.0, 65]",301.5,195,5.0,-0.2
07:46:29,"[299.0, 80]","[298.0, 16]","[301.56, 64]","[308.97, 76]",300.28,236,2.56,-0.19
07:46:30,"[299.0, 70]","[298.0, 14]","[300.21, 56]","[306.46, 74]",299.61,214,1.21,-0.21
07:46:31,"[299.0, 53]","[298.0, 13]","[300.0, 52]","[306.0, 65]",299.5,183,1.0,-0.28
07:46:32,"[297.56, 18]","[296.86, 21]","[304.88, 43]","[307.24, 17]",301.22,99,7.33,-0.21
07:46:33,"[292.11, 35]","[290.44, 18]","[304.01, 69]","[305.05, 59]",298.06,181,11.9,-0.41
07:46:34,"[296.5, 48]","[293.14, 42]","[302.78, 67]","[303.91, 128]",299.64,285,6.28,-0.37
07:46:35,"[298.0, 44]","[294.0, 48]","[300.25, 80]","[303.0, 64]",299.12,236,2.25,-0.22
07:46:36,"[295.56, 90]","[293.25, 48]","[301.88, 75]","[303.56, 81]",298.72,294,6.32,-0.06
07:46:37,"[296.0, 143]","[294.0, 33]","[299.73, 44]","[302.0, 44]",297.86,264,3.73,0.33
07:46:38,"[296.0, 195]","[294.0, 45]","[298.27, 60]","[299.8, 60]",297.13,360,2.27,0.33
07:46:39,"[296.0, 156]","[294.0, 51]","[297.15, 54]","[298.82, 68]",296.57,329,1.15,0.26
07:46:40,"[294.71, 35]","[292.67, 36]","[301.5, 40]","[306.53, 51]",298.11,162,6.79,-0.12
07:46:41,"[293.0, 45]","[290.0, 36]","[301.22, 36]","[306.0, 36]",297.11,153,8.22,0.06
07:46:42,"[293.0, 65]","[290.0, 78]","[300.46, 52]","[306.0, 52]",296.73,247,7.46,0.16
07:46:43,"[293.0, 45]","[290.0, 54]","[299.0, 36]","[306.3, 37]",296.0,172,6.0,0.15
07:46:44,"[290.95, 79]","[289.25, 48]","[298.21, 56]","[304.5, 42]",294.58,225,7.26,0.13
07:46:45,"[290.0, 72]","[288.0, 24]","[297.25, 40]","[299.62, 16]",293.62,152,7.25,0.26
07:46:46,"[290.0, 54]","[288.0, 18]","[294.0, 27]","[295.33, 27]",292.0,126,4.0,0.14
07:46:47,"[290.0, 32]","[288.0, 20]","[292.18, 22]","[297.21, 38]",291.09,112,2.18,-0.07
07:46:48,"[290.0, 14]","[288.0, 14]","[293.0, 7]","[301.0, 35]",291.5,70,3.0,-0.2
07:46:49,"[290.0, 24]","[288.0, 24]","[292.05, 20]","[300.11, 36]",291.02,104,2.05,-0.08
07:46:50,"[290.17, 24]","[288.0, 30]","[302.0, 69]","[302.5, 36]",296.08,159,11.83,-0.32
07:46:51,"[291.82, 11]","[287.3, 23]","[301.0, 44]","[303.0, 55]",296.41,133,9.18,-0.49
07:46:52,"[294.0, 11]","[284.47, 30]","[301.0, 44]","[303.0, 55]",297.5,140,7.0,-0.41
07:46:53,"[294.0, 8]","[290.0, 16]","[301.0, 32]","[303.0, 40]",297.5,96,7.0,-0.5
07:46:54,"[293.2, 20]","[286.0, 32]","[300.65, 43]","[302.49, 47]",296.93,142,7.45,-0.27
07:46:55,"[297.27, 66]","[285.64, 44]","[299.85, 65]","[301.0, 52]",298.56,227,2.57,-0.03
07:46:56,"[298.0, 54]","[290.0, 18]","[299.0, 45]","[301.0, 36]",298.5,153,1.0,-0.06
07:46:57,"[298.0, 61]","[294.6, 43]","[300.31, 80]","[302.26, 54]",299.16,238,2.31,-0.13
07:46:58,"[298.0, 10]","[296.0, 30]","[302.0, 50]","[303.0, 29]",300.0,119,4.0,-0.33
07:46:59,"[298.0, 8]","[296.0, 24]","[302.0, 40]","[303.0, 40]",300.0,112,4.0,-0.43
07:47:00,"[298.0, 10]","[296.0, 30]","[301.28, 18]","[302.2, 50]",299.64,108,3.28,-0.26
07:47:01,"[298.0, 126]","[296.0, 39]","[302.0, 40]","[303.32, 50]",300.0,255,4.0,0.29
07:47:02,"[298.0, 63]","[296.0, 21]","[304.0, 14]","[305.0, 35]",301.0,133,6.0,0.26
07:47:03,"[298.0, 81]","[296.0, 27]","[304.0, 18]","[305.0, 45]",301.0,171,6.0,0.26
07:47:04,"[298.0, 80]","[296.0, 30]","[304.0, 20]","[305.0, 50]",301.0,180,6.0,0.22
07:47:05,"[298.0, 35]","[296.0, 21]","[302.31, 26]","[304.29, 17]",300.15,99,4.31,0.13
07:47:06,"[298.0, 70]","[296.0, 42]","[300.07, 14]","[302.0, 56]",299.04,182,2.07,0.23
07:47:07,"[298.0, 43]","[296.0, 30]","[301.19, 31]","[307.56, 41]",299.6,145,3.19,0.01
07:47:08,"[298.0, 36]","[293.79, 38]","[301.0, 36]","[309.65, 46]",299.5,156,3.0,-0.05
07:47:09,"[298.0, 80]","[292.18, 44]","[300.3, 40]","[309.0, 57]",299.15,221,2.3,0.12
07:47:10,"[298.0, 48]","[296.0, 12]","[299.33, 24]","[309.0, 30]",298.67,114,1.33,0.05
07:47:11,"[298.0, 48]","[296.0, 18]","[306.14, 42]","[310.33, 45]",302.07,153,8.14,-0.14
07:47:12,"[298.0, 68]","[296.0, 32]","[310.96, 140]","[311.89, 47]",304.48,287,12.96,-0.3
07:47:13,"[298.0, 45]","[296.0, 18]","[310.67, 48]","[310.67, 39]",304.33,150,12.67,-0.16
07:47:14,"[298.0, 35]","[296.0, 14]","[307.57, 7]","[309.0, 40]",302.79,96,9.57,0.02
07:47:15,"[298.0, 65]","[296.0, 26]","[305.77, 13]","[309.0, 52]",301.88,156,7.77,0.17
07:47:16,"[298.0, 60]","[296.0, 24]","[304.5, 12]","[309.06, 47]",301.25,143,6.5,0.17
07:47:17,"[298.0, 39]","[296.0, 20]","[303.1, 10]","[310.0, 30]",300.55,99,5.1,0.19
07:47:18,"[298.0, 28]","[296.0, 28]","[302.36, 14]","[308.67, 18]",300.18,88,4.36,0.27
07:47:19,"[298.0, 23]","[296.0, 22]","[300.73, 11]","[308.0, 13]",299.36,69,2.73,0.3
07:47:20,"[297.71, 14]","[295.0, 18]","[299.31, 13]","[307.75, 16]",298.51,61,1.59,0.05
07:47:21,"[294.5, 32]","[293.5, 48]","[304.18, 28]","[309.2, 20]",299.34,128,9.68,0.25
07:47:22,"[294.0, 32]","[293.0, 48]","[308.57, 14]","[309.08, 26]",301.29,120,14.57,0.33
07:47:23,"[294.0, 34]","[293.0, 102]","[307.47, 17]","[309.26, 76]",300.74,229,13.47,0.19
07:47:24,"[292.89, 18]","[290.68, 38]","[306.0, 5]","[309.0, 5]",299.44,66,13.11,0.7
07:47:25,"[294.07, 27]","[290.16, 166]","[305.4, 15]","[309.13, 15]",299.74,223,11.33,0.73
07:47:26,"[293.02, 59]","[290.6, 117]","[303.33, 12]","[309.08, 12]",298.18,200,10.32,0.76
07:47:27,"[298.0, 20]","[292.0, 70]","[303.0, 10]","[309.0, 10]",300.5,110,5.0,0.64
07:47:28,"[298.0, 24]","[292.0, 84]","[301.75, 12]","[309.59, 17]",299.88,137,3.75,0.58
07:47:29,"[293.33, 36]","[290.88, 64]","[302.59, 22]","[303.71, 28]",297.96,150,9.26,0.33
07:47:30,"[292.0, 32]","[290.0, 48]","[302.0, 8]","[303.0, 32]",297.0,120,10.0,0.33
07:47:31,"[292.0, 36]","[290.0, 54]","[301.33, 9]","[303.47, 15]",296.67,114,9.33,0.58
07:47:32,"[292.0, 32]","[290.0, 48]","[300.0, 8]","[301.38, 8]",296.0,96,8.0,0.67
07:47:33,"[292.74, 57]","[290.68, 82]","[297.59, 22]","[298.8, 20]",295.16,181,4.85,0.54
07:47:34,"[294.0, 18]","[292.0, 36]","[297.0, 18]","[305.72, 36]",295.5,108,3.0,0.0
07:47:35,"[292.32, 38]","[290.46, 52]","[294.92, 24]","[305.1, 49]",293.62,163,2.6,0.1
07:47:36,"[292.0, 22]","[290.0, 50]","[293.0, 30]","[294.0, 30]",292.5,132,1.0,0.09
07:47:37,"[290.07, 54]","[288.71, 14]","[293.6, 30]","[300.92, 12]",291.84,110,3.53,0.24
07:47:38,"[290.0, 77]","[288.0, 13]","[291.43, 21]","[293.23, 31]",290.71,142,1.43,0.27
07:47:39,"[293.03, 64]","[291.08, 48]","[301.11, 19]","[305.42, 33]",297.07,164,8.07,0.37
07:47:40,"[296.92, 39]","[291.82, 44]","[302.0, 13]","[303.94, 53]",299.46,149,5.08,0.11
07:47:41,"[296.0, 21]","[290.0, 14]","[302.0, 7]","[304.0, 35]",299.0,77,6.0,-0.09
07:47:42,"[296.0, 39]","[288.23, 26]","[303.47, 49]","[306.14, 63]",299.73,177,7.47,-0.27
07:47:43,"[296.0, 30]","[290.67, 15]","[298.82, 44]","[303.42, 38]",297.41,127,2.82,-0.29
07:47:44,"[296.0, 36]","[292.0, 24]","[299.86, 42]","[302.8, 30]",297.93,132,3.86,-0.09
07:47:45,"[296.0, 27]","[292.0, 18]","[302.0, 36]","[306.0, 9]",299.0,90,6.0,0.0
07:47:46,"[296.0, 35]","[292.88, 17]","[301.38, 64]","[306.0, 16]",298.69,132,5.38,-0.21
07:47:47,"[296.0, 28]","[293.0, 14]","[300.38, 64]","[303.22, 46]",298.19,152,4.38,-0.45
07:47:48,"[296.0, 18]","[293.0, 9]","[299.44, 45]","[301.0, 36]",297.72,108,3.44,-0.5
07:47:49,"[295.53, 19]","[292.57, 14]","[298.18, 55]","[301.0, 44]",296.85,132,2.66,-0.5
07:47:50,"[293.0, 14]","[292.0, 28]","[295.93, 67]","[299.47, 43]",294.46,152,2.93,-0.45
07:47:51,"[293.0, 12]","[292.0, 24]","[294.92, 60]","[296.0, 24]",293.96,120,1.92,-0.4
07:47:52,"[293.0, 10]","[292.0, 20]","[294.0, 43]","[296.0, 20]",293.5,93,1.0,-0.35
07:47:53,"[290.65, 66]","[289.71, 113]","[293.0, 64]","[296.0, 32]",291.83,275,2.35,0.3
07:47:54,"[290.0, 97]","[288.89, 110]","[291.0, 44]","[296.0, 22]",290.5,273,1.0,0.52
07:47:55,"[290.0, 57]","[287.0, 30]","[293.94, 36]","[301.89, 38]",291.97,161,3.94,0.08
07:47:56,"[288.5, 24]","[286.29, 34]","[294.0, 22]","[301.67, 15]",291.25,95,5.5,0.22
07:47:57,"[287.0, 28]","[286.0, 56]","[294.04, 28]","[302.27, 41]",290.52,153,7.04,0.1
07:47:58,"[286.57, 14]","[283.55, 88]","[299.0, 10]","[301.3, 40]",292.79,152,12.43,0.34
07:47:59,"[288.14, 63]","[279.31, 70]","[299.0, 15]","[301.0, 60]",293.57,208,10.86,0.28
07:48:00,"[292.88, 82]","[279.38, 55]","[299.0, 11]","[301.0, 44]",295.94,192,6.12,0.43
07:48:01,"[298.0, 50]","[290.0, 10]","[299.0, 10]","[301.0, 40]",298.5,110,1.0,0.09
07:48:02,"[298.0, 38]","[290.76, 29]","[299.0, 9]","[301.0, 36]",298.5,112,1.0,0.2
07:48:03,"[298.0, 32]","[291.0, 88]","[299.0, 8]","[304.53, 17]",298.5,145,1.0,0.66
07:48:04,"[298.0, 44]","[290.52, 21]","[299.2, 20]","[303.35, 17]",298.6,102,1.2,0.27
07:48:05,"[298.0, 56]","[294.15, 26]","[299.0, 56]","[302.79, 14]",298.5,152,1.0,0.08
07:48:06,"[296.0, 30]","[292.0, 10]","[298.5, 22]","[300.14, 28]",297.25,90,2.5,-0.11
07:48:07,"[293.84, 25]","[291.75, 16]","[296.0, 24]","[300.83, 47]",294.92,112,2.16,-0.27
07:48:08,"[292.33, 12]","[290.33, 12]","[295.25, 24]","[304.0, 48]",293.79,96,2.92,-0.5
07:48:09,"[286.35, 66]","[285.27, 63]","[294.0, 28]","[301.86, 56]",290.17,213,7.65,0.21
07:48:10,"[285.0, 44]","[283.0, 66]","[293.36, 22]","[300.12, 41]",289.18,173,8.36,0.27
07:48:11,"[285.0, 64]","[283.0, 96]","[290.06, 32]","[299.0, 48]",287.53,240,5.06,0.33
07:48:12,"[285.0, 44]","[283.0, 66]","[288.0, 22]","[298.64, 33]",286.5,165,3.0,0.33
07:48:13,"[284.86, 35]","[283.62, 58]","[287.0, 25]","[295.0, 14]",285.93,132,2.14,0.41
07:48:14,"[284.0, 40]","[281.0, 20]","[286.0, 10]","[295.0, 10]",285.0,80,2.0,0.5
07:48:15,"[284.0, 52]","[280.09, 66]","[294.54, 46]","[296.1, 41]",289.27,205,10.54,0.15
07:48:16,"[284.0, 48]","[279.8, 61]","[292.67, 76]","[295.52, 58]",288.34,243,8.67,-0.1
07:48:17,"[283.41, 61]","[279.29, 51]","[288.78, 97]","[292.85, 94]",286.1,303,5.37,-0.26
07:48:18,"[280.0, 33]","[277.0, 44]","[285.88, 65]","[289.6, 50]",282.94,192,5.88,-0.2
07:48:19,"[281.82, 22]","[278.45, 31]","[286.0, 63]","[291.0, 36]",283.91,152,4.18,-0.3
07:48:20,"[284.0, 20]","[279.1, 30]","[286.0, 70]","[291.0, 40]",285.0,160,2.0,-0.38
07:48:21,"[279.81, 27]","[275.97, 37]","[285.47, 34]","[290.21, 38]",282.64,136,5.66,-0.06
07:48:22,"[281.1, 40]","[280.49, 87]","[283.0, 48]","[286.0, 48]",282.05,223,1.9,0.14
07:48:23,"[282.62, 56]","[280.87, 67]","[284.93, 42]","[287.09, 33]",283.78,198,2.3,0.24
07:48:24,"[283.98, 55]","[282.53, 38]","[286.14, 29]","[288.18, 22]",285.06,144,2.16,0.29
07:48:25,"[287.21, 38]","[286.79, 56]","[291.5, 36]","[294.54, 59]",289.36,189,4.29,-0.01
07:48:26,"[290.04, 51]","[280.8, 35]","[294.05, 44]","[297.14, 70]",292.04,200,4.01,-0.14
07:48:27,"[282.92, 49]","[279.33, 15]","[290.76, 17]","[295.92, 65]",286.84,146,7.85,-0.12
07:48:28,"[284.68, 78]","[282.71, 24]","[292.62, 29]","[296.53, 85]",288.65,216,7.94,-0.06
07:48:29,"[285.54, 39]","[278.14, 21]","[296.0, 60]","[299.0, 60]",290.77,180,10.46,-0.33
07:48:30,"[278.14, 56]","[277.0, 14]","[291.13, 38]","[296.69, 62]",284.64,170,12.99,-0.18
07:48:31,"[280.54, 52]","[279.54, 52]","[286.0, 39]","[295.15, 65]",283.27,208,5.46,0.0
07:48:32,"[284.12, 64]","[281.0, 64]","[286.0, 28]","[295.0, 80]",285.06,236,1.88,0.08
07:48:33,"[285.76, 33]","[282.67, 48]","[294.78, 54]","[295.83, 60]",290.27,195,9.02,-0.17
07:48:34,"[290.45, 71]","[284.49, 69]","[294.0, 83]","[295.27, 52]",292.23,275,3.55,0.02
07:48:35,"[290.87, 47]","[284.71, 59]","[293.26, 65]","[294.85, 53]",292.07,224,2.39,-0.05
07:48:36,"[288.38, 32]","[276.95, 41]","[292.0, 45]","[294.98, 53]",290.19,171,3.62,-0.15
07:48:37,"[277.92, 52]","[275.0, 13]","[299.54, 65]","[301.12, 17]",288.73,147,21.62,-0.12
07:48:38,"[292.47, 55]","[279.32, 19]","[299.66, 53]","[300.96, 48]",296.07,175,7.19,-0.15
07:48:39,"[289.46, 13]","[279.71, 17]","[299.0, 22]","[302.0, 42]",294.23,94,9.54,-0.36
07:48:40,"[282.35, 40]","[280.86, 37]","[296.31, 26]","[299.27, 30]",289.33,133,13.96,0.16
07:48:41,"[282.0, 72]","[281.0, 48]","[290.17, 24]","[292.0, 24]",286.08,168,8.17,0.43
07:48:42,"[282.79, 84]","[281.0, 56]","[288.14, 28]","[289.36, 28]",285.46,196,5.36,0.43
07:48:43,"[284.5, 30]","[282.78, 60]","[290.46, 35]","[298.32, 47]",287.48,172,5.96,0.05
07:48:44,"[292.48, 31]","[288.04, 28]","[298.33, 27]","[300.32, 53]",295.41,139,5.85,-0.15
07:48:45,"[293.93, 42]","[292.0, 28]","[298.27, 26]","[299.95, 56]",296.1,152,4.34,-0.08
07:48:46,"[293.33, 36]","[288.57, 21]","[296.1, 41]","[298.04, 23]",294.72,121,2.76,-0.06
07:48:47,"[292.0, 30]","[284.0, 15]","[299.05, 42]","[302.07, 45]",295.52,132,7.05,-0.32
07:48:48,"[294.33, 24]","[288.0, 16]","[302.59, 37]","[313.14, 65]",298.46,142,8.26,-0.44
07:48:49,"[293.63, 19]","[256.62, 26]","[302.2, 25]","[303.96, 54]",297.92,124,8.57,-0.27
07:48:50,"[282.0, 10]","[271.31, 13]","[283.0, 10]","[301.33, 15]",282.5,48,1.0,-0.04
07:48:51,"[282.5, 14]","[281.5, 14]","[299.54, 26]","[301.41, 17]",291.02,71,17.04,-0.21
07:48:52,"[290.67, 24]","[279.24, 17]","[301.0, 22]","[302.0, 11]",295.83,74,10.33,0.11
07:48:53,"[293.37, 19]","[290.92, 25]","[301.0, 22]","[302.0, 11]",297.18,77,7.63,0.14
07:48:54,"[294.0, 12]","[293.0, 36]","[299.33, 36]","[301.6, 30]",296.67,114,5.33,-0.16
07:48:55,"[294.0, 10]","[287.6, 30]","[298.3, 30]","[300.2, 35]",296.15,105,4.3,-0.24
07:48:56,"[294.0, 11]","[287.0, 33]","[297.09, 33]","[298.18, 33]",295.55,110,3.09,-0.2
07:48:57,"[292.6, 15]","[289.15, 39]","[295.0, 27]","[298.38, 26]",293.8,107,2.4,0.01
07:48:58,"[291.0, 63]","[287.0, 27]","[293.48, 25]","[295.8, 20]",292.24,135,2.48,0.33
07:48:59,"[291.0, 98]","[287.0, 42]","[292.1, 29]","[293.49, 41]",291.55,210,1.1,0.33
07:49:00,"[291.0, 73]","[287.11, 28]","[292.71, 21]","[303.0, 20]",291.86,142,1.71,0.42
