Time,Bid1,Bid2,Ask1,Ask2,Mid-Price,Total_volume,Bid_ask_spread,Order_imbalance
07:30:00,"[0, 0]","[0, 0]","[0, 0]","[0, 0]",0.0,0,0.0,0.0
07:30:02,"[268.0, 2]","[0, 0]","[0, 0]","[0, 0]",134.0,2,-268.0,1.0
07:30:03,"[287.75, 8]","[277.0, 6]","[362.0, 8]","[0, 0]",324.88,22,74.25,0.27
07:30:04,"[310.7, 20]","[306.53, 17]","[360.55, 22]","[362.0, 8]",335.62,67,49.85,0.1
07:30:05,"[317.33, 6]","[311.44, 9]","[360.0, 12]","[362.0, 6]",338.67,33,42.67,-0.09
07:30:06,"[320.0, 12]","[312.0, 12]","[360.0, 24]","[362.0, 12]",340.0,60,40.0,-0.2
07:30:07,"[321.62, 13]","[319.77, 13]","[360.0, 20]","[362.0, 10]",340.81,56,38.38,-0.07
07:30:08,"[332.83, 12]","[324.33, 12]","[360.0, 24]","[362.0, 12]",346.42,60,27.17,-0.2
07:30:09,"[329.33, 15]","[328.33, 12]","[360.0, 20]","[362.0, 10]",344.67,57,30.67,-0.05
07:30:10,"[332.53, 38]","[331.74, 38]","[360.0, 40]","[362.0, 20]",346.26,136,27.47,0.12
07:30:11,"[335.71, 14]","[334.29, 14]","[360.0, 16]","[362.0, 8]",347.86,52,24.29,0.08
07:30:12,"[337.33, 61]","[336.48, 31]","[358.86, 56]","[360.07, 54]",348.09,202,21.53,-0.09
07:30:13,"[341.61, 51]","[340.82, 83]","[358.06, 68]","[360.35, 68]",349.83,270,16.45,-0.01
07:30:14,"[343.75, 40]","[342.32, 37]","[362.0, 22]","[363.0, 22]",352.88,121,18.25,0.27
07:30:15,"[346.21, 29]","[345.38, 24]","[362.0, 14]","[363.0, 14]",354.1,81,15.79,0.31
07:30:16,"[349.86, 63]","[348.87, 63]","[361.64, 28]","[362.64, 28]",355.75,182,11.79,0.38
07:30:17,"[353.99, 78]","[352.57, 60]","[359.15, 40]","[361.0, 38]",356.57,216,5.16,0.28
07:30:18,"[356.66, 29]","[355.81, 42]","[359.0, 11]","[362.0, 22]",357.83,104,2.34,0.37
07:30:19,"[358.73, 15]","[357.06, 32]","[361.47, 38]","[362.69, 26]",360.1,111,2.74,-0.15
07:30:20,"[359.0, 13]","[358.0, 26]","[361.15, 41]","[362.46, 26]",360.07,106,2.15,-0.26
07:30:21,"[360.88, 32]","[358.91, 23]","[362.25, 16]","[364.75, 32]",361.56,103,1.38,0.07
07:30:22,"[361.96, 75]","[360.87, 47]","[363.0, 32]","[370.0, 64]",362.48,218,1.04,0.12
07:30:23,"[361.79, 42]","[358.0, 28]","[369.35, 34]","[376.71, 56]",365.57,160,7.57,-0.12
07:30:24,"[369.45, 38]","[365.0, 24]","[379.73, 37]","[380.51, 55]",374.59,154,10.28,-0.19
07:30:25,"[371.0, 30]","[370.0, 10]","[378.0, 10]","[379.0, 40]",374.5,90,7.0,-0.11
07:30:26,"[371.0, 79]","[370.0, 13]","[378.0, 13]","[379.0, 52]",374.5,157,7.0,0.17
07:30:27,"[370.67, 27]","[365.71, 42]","[374.68, 44]","[378.87, 55]",372.67,168,4.02,-0.18
07:30:28,"[370.0, 10]","[365.0, 40]","[375.38, 37]","[383.61, 41]",372.69,128,5.38,-0.22
07:30:29,"[370.0, 6]","[365.0, 24]","[375.0, 6]","[376.0, 24]",372.5,60,5.0,0.0
07:30:30,"[365.22, 46]","[361.43, 35]","[373.08, 13]","[376.0, 52]",369.15,146,7.86,0.11
07:30:31,"[365.0, 32]","[354.62, 26]","[371.5, 8]","[377.25, 32]",368.25,98,6.5,0.18
07:30:32,"[365.0, 50]","[352.86, 42]","[369.25, 12]","[379.86, 42]",367.12,146,4.25,0.26
07:30:33,"[365.0, 50]","[350.0, 50]","[367.44, 16]","[377.03, 31]",366.22,147,2.44,0.36
07:30:34,"[358.53, 58]","[349.7, 50]","[366.75, 24]","[377.95, 37]",362.64,169,8.22,0.28
07:30:35,"[357.58, 95]","[348.94, 31]","[380.49, 37]","[385.93, 56]",369.03,219,22.91,0.15
07:30:36,"[368.37, 49]","[364.94, 111]","[383.85, 39]","[387.0, 52]",376.11,251,15.48,0.27
07:30:37,"[370.0, 29]","[368.0, 121]","[384.0, 33]","[387.0, 44]",377.0,227,14.0,0.32
07:30:38,"[368.18, 88]","[365.02, 86]","[384.0, 30]","[387.0, 40]",376.09,244,15.82,0.43
07:30:39,"[364.56, 96]","[354.38, 96]","[383.55, 44]","[386.32, 62]",374.05,298,18.98,0.29
07:30:40,"[357.19, 31]","[352.33, 45]","[382.0, 16]","[385.27, 22]",369.6,114,24.81,0.33
07:30:41,"[358.94, 32]","[357.0, 96]","[380.04, 50]","[381.06, 32]",369.49,210,21.1,0.22
07:30:42,"[360.41, 75]","[355.25, 157]","[364.0, 68]","[380.41, 54]",362.21,354,3.59,0.31
07:30:43,"[361.0, 40]","[352.31, 78]","[362.91, 44]","[373.66, 29]",361.95,191,1.91,0.24
07:30:44,"[361.0, 30]","[353.0, 60]","[362.5, 28]","[364.0, 15]",361.75,133,1.5,0.35
07:30:45,"[361.14, 21]","[354.29, 31]","[366.0, 7]","[378.0, 21]",363.57,80,4.86,0.3
07:30:46,"[362.38, 24]","[358.08, 39]","[366.0, 26]","[378.0, 24]",364.19,113,3.62,0.12
07:30:47,"[363.0, 24]","[358.0, 48]","[366.0, 20]","[378.31, 26]",364.5,118,3.0,0.22
07:30:48,"[369.57, 42]","[361.64, 42]","[379.0, 40]","[380.14, 29]",374.29,153,9.43,0.1
07:30:49,"[372.0, 55]","[367.0, 33]","[379.0, 44]","[380.0, 33]",375.5,165,7.0,0.07
07:30:50,"[372.0, 55]","[367.0, 33]","[379.62, 42]","[381.08, 26]",375.81,156,7.62,0.13
07:30:51,"[372.0, 35]","[367.0, 21]","[380.0, 28]","[382.0, 14]",376.0,98,8.0,0.14
07:30:52,"[372.0, 50]","[367.0, 30]","[379.65, 43]","[381.08, 26]",375.83,149,7.65,0.07
07:30:53,"[372.0, 45]","[367.0, 27]","[379.0, 45]","[380.0, 36]",375.5,153,7.0,-0.06
07:30:54,"[367.89, 38]","[358.92, 146]","[379.0, 60]","[380.9, 31]",373.45,275,11.11,0.34
07:30:55,"[363.19, 57]","[358.63, 119]","[377.82, 85]","[382.0, 51]",370.51,312,14.63,0.13
07:30:56,"[364.78, 90]","[363.28, 36]","[375.44, 90]","[382.22, 18]",370.11,234,10.67,0.08
07:30:57,"[365.0, 45]","[364.0, 18]","[374.0, 45]","[382.0, 9]",369.5,117,9.0,0.08
07:30:58,"[365.71, 17]","[364.97, 62]","[373.36, 55]","[375.18, 33]",369.53,167,7.66,-0.05
07:30:59,"[366.0, 18]","[365.0, 90]","[370.65, 62]","[372.38, 68]",368.32,238,4.65,-0.09
07:31:00,"[365.42, 52]","[361.04, 48]","[367.17, 54]","[369.03, 30]",366.29,184,1.74,0.09
07:31:01,"[366.0, 39]","[359.93, 30]","[367.0, 45]","[374.48, 21]",366.5,135,1.0,0.02
07:31:02,"[359.0, 20]","[358.0, 20]","[368.88, 16]","[372.75, 16]",363.94,72,9.88,0.11
07:31:03,"[359.0, 18]","[358.0, 18]","[376.0, 9]","[379.25, 16]",367.5,61,17.0,0.18
07:31:04,"[359.0, 16]","[358.0, 16]","[375.78, 9]","[378.0, 19]",367.39,60,16.78,0.07
07:31:05,"[358.12, 52]","[353.46, 39]","[375.0, 40]","[376.97, 64]",366.56,195,16.88,-0.07
07:31:06,"[358.0, 40]","[352.0, 34]","[373.76, 42]","[375.88, 64]",365.88,180,15.76,-0.18
07:31:07,"[358.0, 20]","[352.0, 20]","[372.3, 20]","[374.6, 40]",365.15,100,14.3,-0.2
07:31:08,"[359.2, 30]","[356.62, 32]","[364.6, 35]","[370.44, 50]",361.9,147,5.4,-0.16
07:31:09,"[360.67, 30]","[351.0, 30]","[363.0, 45]","[375.0, 60]",361.83,165,2.33,-0.27
07:31:10,"[349.18, 99]","[347.43, 47]","[362.05, 74]","[369.4, 30]",355.62,250,12.87,0.17
07:31:11,"[350.94, 176]","[347.18, 34]","[362.0, 76]","[363.0, 16]",356.47,302,11.06,0.39
07:31:12,"[353.08, 143]","[347.0, 26]","[362.0, 52]","[363.0, 13]",357.54,234,8.92,0.44
07:31:13,"[354.58, 132]","[347.0, 24]","[362.0, 48]","[363.0, 12]",358.29,216,7.42,0.44
07:31:14,"[355.0, 88]","[347.0, 16]","[362.0, 28]","[363.0, 8]",358.5,140,7.0,0.49
07:31:15,"[355.0, 88]","[347.0, 16]","[362.0, 16]","[363.0, 8]",358.5,128,7.0,0.62
07:31:16,"[359.29, 144]","[354.84, 49]","[371.1, 40]","[373.44, 32]",365.2,265,11.81,0.46
07:31:17,"[368.5, 216]","[366.0, 24]","[374.0, 72]","[377.0, 12]",371.25,324,5.5,0.48
07:31:18,"[369.0, 108]","[366.0, 12]","[374.0, 36]","[377.0, 6]",371.5,162,5.0,0.48
07:31:19,"[369.36, 143]","[367.92, 103]","[374.0, 66]","[375.58, 31]",371.68,343,4.64,0.43
07:31:20,"[370.0, 182]","[368.0, 209]","[373.7, 77]","[395.18, 85]",371.85,553,3.7,0.41
07:31:21,"[370.0, 130]","[368.0, 160]","[372.2, 40]","[374.0, 32]",371.1,362,2.2,0.6
07:31:22,"[370.0, 174]","[368.0, 224]","[372.23, 52]","[376.44, 36]",371.12,486,2.23,0.64
07:31:23,"[370.0, 108]","[368.0, 192]","[376.0, 24]","[379.5, 48]",373.0,372,6.0,0.61
07:31:24,"[370.0, 81]","[368.0, 144]","[376.0, 18]","[379.0, 36]",373.0,279,6.0,0.61
07:31:25,"[370.0, 108]","[368.0, 192]","[376.0, 24]","[379.0, 48]",373.0,372,6.0,0.61
07:31:26,"[370.0, 114]","[368.0, 224]","[376.0, 28]","[379.0, 64]",373.0,430,6.0,0.57
07:31:27,"[370.0, 38]","[368.0, 112]","[376.0, 14]","[379.0, 42]",373.0,206,6.0,0.46
07:31:28,"[370.0, 45]","[368.0, 60]","[376.0, 18]","[379.0, 54]",373.0,177,6.0,0.19
07:31:29,"[370.0, 30]","[368.0, 64]","[376.0, 16]","[379.0, 48]",373.0,158,6.0,0.19
07:31:30,"[370.0, 18]","[368.0, 48]","[375.5, 8]","[377.8, 20]",372.75,94,5.5,0.4
07:31:31,"[368.35, 34]","[367.33, 24]","[375.0, 10]","[376.0, 20]",371.68,88,6.65,0.32
07:31:32,"[368.0, 15]","[366.72, 29]","[372.67, 15]","[376.0, 30]",370.33,89,4.67,-0.01
07:31:33,"[368.0, 9]","[366.0, 9]","[370.33, 36]","[372.0, 9]",369.17,63,2.33,-0.43
07:31:34,"[367.71, 62]","[365.81, 31]","[369.61, 33]","[370.85, 41]",368.66,167,1.9,0.11
07:31:35,"[368.0, 44]","[366.0, 27]","[372.67, 18]","[375.95, 19]",370.33,108,4.67,0.31
07:31:36,"[368.62, 21]","[367.79, 58]","[380.35, 34]","[381.52, 23]",374.49,136,11.73,0.16
07:31:37,"[368.65, 17]","[367.76, 50]","[381.0, 31]","[382.0, 39]",374.82,137,12.35,-0.02
07:31:38,"[368.0, 39]","[366.0, 39]","[381.0, 17]","[382.0, 39]",374.5,134,13.0,0.16
07:31:39,"[368.0, 21]","[366.0, 21]","[381.0, 35]","[382.0, 21]",374.5,98,13.0,-0.14
07:31:40,"[368.0, 39]","[366.0, 39]","[381.0, 65]","[382.0, 42]",374.5,185,13.0,-0.16
07:31:41,"[368.77, 31]","[366.33, 54]","[381.0, 90]","[382.0, 90]",374.89,265,12.23,-0.36
07:31:42,"[366.25, 24]","[365.39, 23]","[380.21, 38]","[381.35, 48]",373.23,133,13.96,-0.29
07:31:43,"[364.48, 63]","[359.55, 22]","[370.83, 41]","[376.04, 57]",367.65,183,6.35,-0.07
07:31:44,"[356.78, 202]","[354.68, 38]","[363.65, 79]","[366.09, 34]",360.21,353,6.86,0.36
07:31:45,"[358.0, 196]","[353.58, 55]","[360.29, 62]","[361.49, 71]",359.15,384,2.29,0.31
07:31:46,"[356.44, 142]","[350.82, 102]","[359.38, 74]","[361.59, 59]",357.91,377,2.94,0.29
07:31:47,"[353.1, 40]","[352.0, 44]","[361.0, 20]","[362.0, 50]",357.05,154,7.9,0.09
07:31:48,"[355.92, 48]","[354.25, 48]","[361.0, 24]","[362.0, 60]",358.46,180,5.08,0.07
07:31:49,"[358.86, 28]","[355.0, 56]","[363.4, 30]","[362.75, 64]",361.13,178,4.54,-0.06
07:31:50,"[361.22, 41]","[356.29, 55]","[373.0, 45]","[374.0, 30]",367.11,171,11.78,0.12
07:31:51,"[366.43, 104]","[364.51, 119]","[373.0, 66]","[374.0, 44]",369.72,333,6.57,0.34
07:31:52,"[368.11, 45]","[365.11, 71]","[373.0, 27]","[374.0, 18]",370.56,161,4.89,0.44
07:31:53,"[369.73, 55]","[368.42, 62]","[373.0, 39]","[374.0, 26]",371.36,182,3.27,0.29
07:31:54,"[370.0, 24]","[369.0, 30]","[373.0, 18]","[375.6, 20]",371.5,92,3.0,0.17
07:31:55,"[370.0, 20]","[369.0, 25]","[373.0, 15]","[375.75, 16]",371.5,76,3.0,0.18
07:31:56,"[370.0, 12]","[369.0, 15]","[373.0, 9]","[375.0, 6]",371.5,42,3.0,0.29
07:31:57,"[369.17, 36]","[367.15, 39]","[373.0, 27]","[375.0, 18]",371.08,120,3.83,0.25
07:31:58,"[370.0, 20]","[369.0, 50]","[373.0, 30]","[375.0, 20]",371.5,120,3.0,0.17
07:31:59,"[369.2, 50]","[367.19, 63]","[372.39, 46]","[373.73, 33]",370.8,192,3.19,0.18
07:32:00,"[369.0, 78]","[366.67, 45]","[370.9, 84]","[373.0, 50]",369.95,257,1.9,-0.04
07:32:01,"[366.29, 41]","[365.58, 62]","[370.0, 44]","[374.0, 33]",368.15,180,3.71,0.14
07:32:02,"[366.0, 51]","[365.0, 55]","[369.09, 44]","[374.64, 33]",367.55,183,3.09,0.16
07:32:03,"[367.89, 9]","[366.0, 27]","[369.0, 36]","[375.0, 27]",368.44,99,1.11,-0.27
07:32:04,"[367.25, 16]","[365.75, 40]","[369.78, 46]","[375.33, 36]",368.52,138,2.53,-0.19
07:32:05,"[366.0, 48]","[362.55, 69]","[373.69, 48]","[375.38, 48]",369.84,213,7.69,0.1
07:32:06,"[366.0, 21]","[364.0, 42]","[374.55, 11]","[375.57, 21]",370.27,95,8.55,0.33
07:32:07,"[366.0, 36]","[364.0, 72]","[373.25, 12]","[376.0, 36]",369.62,156,7.25,0.38
07:32:08,"[366.29, 42]","[364.22, 81]","[372.0, 15]","[373.75, 32]",369.14,170,5.71,0.45
07:32:09,"[368.0, 32]","[366.0, 48]","[370.54, 28]","[375.43, 46]",369.27,154,2.54,0.04
07:32:10,"[368.0, 22]","[366.0, 33]","[370.0, 44]","[371.0, 11]",369.0,110,2.0,0.0
07:32:11,"[366.0, 92]","[364.0, 84]","[369.21, 56]","[371.0, 23]",367.61,255,3.21,0.38
07:32:12,"[366.0, 98]","[364.0, 84]","[367.93, 56]","[371.0, 14]",366.96,252,1.93,0.44
07:32:13,"[366.0, 47]","[364.0, 54]","[367.62, 24]","[375.31, 13]",366.81,138,1.62,0.46
07:32:14,"[366.36, 22]","[364.8, 60]","[369.0, 14]","[377.04, 53]",367.68,149,2.64,0.1
07:32:15,"[366.0, 18]","[364.0, 72]","[367.17, 12]","[377.22, 54]",366.58,156,1.17,0.15
07:32:16,"[364.07, 56]","[357.57, 21]","[378.48, 33]","[380.13, 31]",371.28,141,14.41,0.09
07:32:17,"[364.42, 38]","[362.58, 53]","[379.92, 76]","[382.11, 53]",372.17,220,15.5,-0.17
07:32:18,"[366.0, 6]","[364.0, 36]","[379.0, 12]","[380.0, 42]",372.5,96,13.0,-0.12
07:32:19,"[366.0, 9]","[364.0, 54]","[377.92, 26]","[379.81, 43]",371.96,132,11.92,-0.05
07:32:20,"[368.76, 63]","[364.38, 37]","[377.0, 70]","[380.74, 58]",372.88,228,8.24,-0.12
07:32:21,"[369.0, 64]","[366.0, 12]","[377.0, 72]","[379.67, 60]",373.0,208,8.0,-0.27
07:32:22,"[369.0, 27]","[366.0, 13]","[375.89, 54]","[377.78, 32]",372.44,126,6.89,-0.37
07:32:23,"[369.0, 43]","[368.0, 11]","[374.18, 44]","[379.61, 31]",371.59,129,5.18,-0.16
07:32:24,"[369.0, 11]","[368.0, 11]","[373.0, 44]","[378.0, 11]",371.0,77,4.0,-0.43
07:32:25,"[369.0, 9]","[368.0, 9]","[372.0, 36]","[379.72, 29]",370.5,83,3.0,-0.57
07:32:26,"[365.38, 34]","[360.49, 72]","[368.57, 46]","[375.8, 61]",366.97,213,3.18,-0.0
07:32:27,"[364.0, 96]","[351.0, 112]","[365.85, 27]","[379.89, 53]",364.93,288,1.85,0.44
07:32:28,"[364.0, 51]","[351.0, 84]","[377.67, 30]","[379.44, 36]",370.83,201,13.67,0.34
07:32:29,"[367.0, 56]","[355.73, 77]","[377.86, 28]","[379.07, 56]",372.43,217,10.86,0.23
07:32:30,"[365.2, 60]","[353.5, 96]","[377.0, 30]","[381.62, 74]",371.1,260,11.8,0.2
07:32:31,"[364.72, 25]","[358.75, 64]","[375.46, 26]","[378.45, 29]",370.09,144,10.74,0.24
07:32:32,"[366.0, 20]","[364.0, 82]","[373.45, 40]","[374.45, 40]",369.73,182,7.45,0.12
07:32:33,"[365.5, 24]","[363.08, 118]","[371.33, 42]","[372.57, 42]",368.42,226,5.83,0.26
07:32:34,"[364.0, 28]","[352.0, 42]","[368.29, 28]","[369.29, 28]",366.14,126,4.29,0.11
07:32:35,"[356.47, 43]","[351.14, 42]","[365.3, 40]","[366.44, 36]",360.88,161,8.83,0.06
07:32:36,"[352.0, 42]","[350.0, 28]","[363.8, 35]","[367.97, 37]",357.9,142,11.8,-0.01
07:32:37,"[364.25, 40]","[354.11, 47]","[369.93, 28]","[371.0, 70]",367.09,185,5.68,-0.06
07:32:38,"[353.67, 49]","[351.72, 25]","[369.0, 15]","[371.0, 45]",361.34,134,15.33,0.1
07:32:39,"[353.0, 104]","[346.0, 13]","[371.12, 33]","[372.92, 65]",362.06,215,18.12,0.09
07:32:40,"[353.0, 72]","[348.33, 9]","[364.62, 39]","[373.33, 45]",358.81,165,11.62,-0.02
07:32:41,"[354.8, 30]","[353.0, 76]","[364.55, 66]","[372.7, 63]",359.67,235,9.75,-0.1
07:32:42,"[355.0, 12]","[350.86, 14]","[370.0, 30]","[375.0, 18]",362.5,74,15.0,-0.3
07:32:43,"[352.04, 23]","[348.97, 38]","[363.62, 48]","[368.75, 76]",357.83,185,11.58,-0.34
07:32:44,"[349.0, 39]","[347.0, 39]","[355.0, 39]","[359.38, 39]",352.0,156,6.0,0.0
07:32:45,"[349.38, 26]","[347.43, 23]","[357.25, 24]","[362.64, 44]",353.32,117,7.87,-0.16
07:32:46,"[350.0, 20]","[348.6, 10]","[358.0, 20]","[361.0, 40]",354.0,90,8.0,-0.33
07:32:47,"[350.0, 14]","[348.0, 7]","[358.92, 13]","[361.73, 22]",354.46,56,8.92,-0.25
07:32:48,"[350.59, 29]","[348.5, 8]","[361.0, 14]","[369.0, 7]",355.79,58,10.41,0.28
07:32:49,"[352.33, 153]","[350.0, 18]","[360.78, 18]","[366.09, 11]",356.56,200,8.44,0.71
07:32:50,"[353.08, 218]","[346.93, 29]","[360.83, 24]","[367.37, 38]",356.96,309,7.76,0.6
07:32:51,"[355.79, 238]","[352.64, 28]","[361.0, 28]","[368.0, 70]",358.39,364,5.21,0.46
07:32:52,"[357.05, 125]","[355.91, 116]","[360.23, 26]","[364.0, 35]",358.64,302,3.18,0.6
07:32:53,"[359.63, 65]","[357.02, 241]","[365.29, 68]","[370.06, 81]",362.46,455,5.66,0.35
07:32:54,"[360.75, 204]","[359.0, 12]","[363.96, 45]","[367.41, 49]",362.35,310,3.21,0.39
07:32:55,"[361.43, 238]","[359.0, 14]","[364.08, 50]","[366.69, 39]",362.75,341,2.65,0.48
07:32:56,"[362.0, 119]","[359.0, 7]","[363.0, 16]","[366.0, 21]",362.5,163,1.0,0.55
07:32:57,"[362.22, 195]","[361.79, 128]","[364.87, 45]","[371.9, 61]",363.54,429,2.65,0.51
07:32:58,"[362.35, 155]","[361.81, 109]","[371.09, 46]","[375.69, 52]",366.72,362,8.74,0.46
07:32:59,"[364.74, 225]","[362.2, 97]","[373.83, 23]","[375.29, 68]",369.28,413,9.08,0.56
07:33:00,"[365.9, 194]","[365.44, 118]","[377.49, 49]","[378.38, 47]",371.69,408,11.59,0.53
07:33:01,"[371.0, 60]","[370.0, 90]","[376.82, 34]","[378.21, 56]",373.91,240,5.82,0.25
07:33:02,"[371.0, 56]","[370.0, 84]","[375.06, 34]","[377.86, 29]",373.03,203,4.06,0.38
07:33:03,"[371.0, 56]","[370.0, 84]","[373.69, 52]","[374.5, 32]",372.35,224,2.69,0.25
07:33:04,"[371.0, 44]","[370.0, 66]","[372.0, 22]","[373.0, 44]",371.5,176,1.0,0.25
07:33:05,"[371.0, 28]","[370.0, 60]","[372.75, 32]","[380.17, 46]",371.88,166,1.75,0.06
07:33:06,"[370.6, 30]","[369.67, 81]","[372.08, 48]","[383.33, 60]",371.34,219,1.48,0.01
07:33:07,"[369.18, 33]","[368.5, 72]","[371.17, 29]","[380.85, 61]",370.18,195,1.99,0.08
07:33:08,"[369.0, 75]","[367.0, 66]","[380.7, 61]","[384.41, 59]",374.85,261,11.7,0.08
07:33:09,"[369.0, 39]","[367.0, 72]","[380.54, 46]","[382.38, 65]",374.77,222,11.54,0.0
07:33:10,"[369.0, 20]","[367.0, 48]","[379.75, 24]","[381.0, 40]",374.38,132,10.75,0.03
07:33:11,"[369.0, 18]","[367.0, 54]","[378.44, 27]","[381.0, 45]",373.72,144,9.44,0.0
07:33:12,"[367.51, 47]","[365.49, 148]","[375.54, 39]","[379.85, 65]",371.52,299,8.03,0.3
07:33:13,"[367.04, 57]","[365.1, 172]","[372.77, 39]","[381.65, 74]",369.9,342,5.73,0.34
07:33:14,"[368.47, 15]","[367.0, 75]","[371.6, 45]","[382.49, 65]",370.03,200,3.13,-0.1
07:33:15,"[367.18, 33]","[364.6, 75]","[370.0, 27]","[382.0, 29]",368.59,164,2.82,0.32
07:33:16,"[367.0, 60]","[364.0, 120]","[369.6, 35]","[380.31, 52]",368.3,267,2.6,0.35
07:33:17,"[367.0, 20]","[364.0, 70]","[368.38, 16]","[380.21, 29]",367.69,135,1.38,0.33
07:33:18,"[367.0, 24]","[364.0, 120]","[368.0, 24]","[382.0, 48]",367.5,216,1.0,0.33
07:33:19,"[364.0, 60]","[351.0, 132]","[382.0, 12]","[383.0, 18]",373.0,222,18.0,0.73
07:33:20,"[364.45, 33]","[355.06, 96]","[382.0, 12]","[383.0, 18]",373.23,159,17.55,0.62
07:33:21,"[369.0, 14]","[364.0, 140]","[382.0, 28]","[383.0, 42]",375.5,224,13.0,0.38
07:33:22,"[369.0, 10]","[364.0, 100]","[382.0, 20]","[383.0, 30]",375.5,160,13.0,0.38
07:33:23,"[364.0, 56]","[354.44, 170]","[382.0, 16]","[383.0, 24]",373.0,266,18.0,0.7
07:33:24,"[364.0, 56]","[349.0, 128]","[382.0, 16]","[383.0, 24]",373.0,224,18.0,0.64
07:33:25,"[364.0, 131]","[349.0, 160]","[382.0, 20]","[383.0, 30]",373.0,341,18.0,0.71
07:33:26,"[366.0, 11]","[364.0, 154]","[381.84, 19]","[382.67, 36]",373.92,220,15.84,0.5
07:33:27,"[364.12, 64]","[357.6, 134]","[381.0, 10]","[382.0, 36]",372.56,244,16.88,0.62
07:33:28,"[364.0, 66]","[353.0, 117]","[381.0, 9]","[382.0, 27]",372.5,219,17.0,0.67
07:33:29,"[364.0, 35]","[352.79, 29]","[380.0, 9]","[382.0, 15]",372.0,88,16.0,0.45
07:33:30,"[371.0, 60]","[367.43, 49]","[380.0, 48]","[384.2, 30]",375.5,187,9.0,0.17
07:33:31,"[370.06, 47]","[364.3, 81]","[379.0, 23]","[380.1, 42]",374.53,193,8.94,0.33
07:33:32,"[370.0, 48]","[365.17, 64]","[377.0, 24]","[378.0, 12]",373.5,148,7.0,0.51
07:33:33,"[370.0, 48]","[369.0, 36]","[376.8, 20]","[377.5, 16]",373.4,120,6.8,0.4
07:33:34,"[370.0, 36]","[369.0, 27]","[376.0, 9]","[377.0, 18]",373.0,90,6.0,0.4
07:33:35,"[370.0, 55]","[369.0, 42]","[372.53, 17]","[374.16, 19]",371.26,133,2.53,0.46
07:33:36,"[369.71, 34]","[368.69, 48]","[371.71, 34]","[373.8, 40]",370.71,156,2.0,0.05
07:33:37,"[368.83, 24]","[367.11, 54]","[370.8, 35]","[371.4, 35]",369.82,148,1.97,0.05
07:33:38,"[368.0, 10]","[366.0, 60]","[369.5, 16]","[370.94, 34]",368.75,120,1.5,0.17
07:33:39,"[366.0, 48]","[364.0, 32]","[369.1, 20]","[380.62, 16]",367.55,116,3.1,0.38
07:33:40,"[366.0, 24]","[364.0, 24]","[369.0, 18]","[370.0, 6]",367.5,72,3.0,0.33
07:33:41,"[366.32, 38]","[356.91, 33]","[368.85, 27]","[381.44, 32]",367.58,130,2.54,0.09
07:33:42,"[366.0, 24]","[364.0, 132]","[367.0, 12]","[368.0, 12]",366.5,180,1.0,0.73
07:33:43,"[366.0, 22]","[364.0, 143]","[376.62, 24]","[382.44, 39]",371.31,228,10.62,0.45
07:33:44,"[366.94, 94]","[364.05, 124]","[378.33, 30]","[379.45, 40]",372.63,288,11.4,0.51
07:33:45,"[367.0, 189]","[364.0, 209]","[375.47, 38]","[376.68, 38]",371.24,474,8.47,0.68
07:33:46,"[367.32, 154]","[365.48, 170]","[372.68, 44]","[373.68, 44]",370.0,412,5.36,0.57
07:33:47,"[368.0, 73]","[366.0, 98]","[369.14, 28]","[377.72, 39]",368.57,238,1.14,0.44
07:33:48,"[368.0, 32]","[366.0, 56]","[369.0, 16]","[384.75, 73]",368.5,177,1.0,-0.01
07:33:49,"[367.4, 40]","[365.56, 99]","[382.38, 37]","[384.97, 87]",374.89,263,14.98,0.06
07:33:50,"[369.0, 28]","[368.0, 126]","[384.0, 42]","[385.0, 84]",376.5,280,15.0,0.1
07:33:51,"[369.69, 26]","[368.0, 117]","[383.78, 27]","[384.28, 25]",376.74,195,14.09,0.47
07:33:52,"[370.0, 34]","[368.64, 101]","[382.5, 26]","[384.04, 49]",376.25,210,12.5,0.29
07:33:53,"[370.0, 28]","[369.0, 70]","[381.19, 26]","[382.14, 57]",375.6,181,11.19,0.08
07:33:54,"[370.0, 26]","[369.0, 65]","[377.24, 25]","[379.76, 34]",373.62,150,7.24,0.21
07:33:55,"[368.94, 36]","[368.09, 76]","[376.0, 12]","[377.0, 48]",372.47,172,7.06,0.3
07:33:56,"[368.0, 59]","[366.0, 56]","[376.0, 8]","[377.0, 32]",372.0,155,8.0,0.48
07:33:57,"[368.0, 24]","[366.0, 59]","[376.0, 8]","[377.0, 32]",372.0,123,8.0,0.35
07:33:58,"[368.0, 33]","[366.0, 110]","[375.09, 11]","[377.0, 44]",371.55,198,7.09,0.44
07:33:59,"[368.0, 42]","[366.38, 32]","[373.86, 14]","[377.0, 56]",370.93,144,5.86,0.03
07:34:00,"[368.0, 28]","[367.0, 10]","[371.3, 10]","[377.29, 34]",369.65,82,3.3,-0.07
07:34:01,"[368.0, 12]","[367.0, 12]","[370.0, 12]","[382.0, 12]",369.0,48,2.0,0.0
07:34:02,"[368.0, 10]","[367.0, 10]","[369.0, 10]","[382.0, 10]",368.5,40,1.0,0.0
07:34:03,"[367.67, 9]","[366.4, 15]","[373.33, 9]","[383.2, 15]",370.5,48,5.67,0.0
07:34:04,"[368.22, 37]","[367.0, 28]","[382.43, 14]","[384.33, 36]",375.32,115,14.21,0.13
07:34:05,"[369.0, 27]","[368.0, 27]","[384.0, 27]","[388.0, 27]",376.5,108,15.0,0.0
07:34:06,"[369.0, 36]","[368.0, 36]","[383.5, 36]","[387.33, 36]",376.25,144,14.5,0.0
07:34:07,"[369.0, 39]","[368.0, 39]","[380.83, 36]","[383.31, 39]",374.92,153,11.83,0.02
07:34:08,"[368.0, 11]","[367.0, 11]","[380.0, 31]","[381.91, 33]",374.0,86,12.0,-0.49
07:34:09,"[370.12, 34]","[367.38, 16]","[377.58, 50]","[378.75, 80]",373.85,180,7.46,-0.44
07:34:10,"[365.18, 68]","[363.35, 46]","[373.42, 52]","[374.52, 25]",369.3,191,8.25,0.19
07:34:11,"[365.0, 112]","[363.0, 84]","[372.77, 52]","[373.35, 46]",368.88,294,7.77,0.33
07:34:12,"[365.36, 88]","[363.91, 141]","[370.93, 30]","[373.0, 75]",368.15,334,5.57,0.37
07:34:13,"[366.0, 40]","[365.0, 80]","[369.2, 20]","[373.0, 50]",367.6,190,3.2,0.26
07:34:14,"[366.0, 42]","[365.0, 104]","[367.69, 26]","[372.25, 53]",366.85,225,1.69,0.3
07:34:15,"[366.0, 14]","[365.0, 56]","[367.5, 20]","[372.31, 29]",366.75,119,1.5,0.18
07:34:16,"[364.77, 94]","[363.16, 148]","[366.31, 62]","[369.67, 27]",365.54,331,1.54,0.46
07:34:17,"[363.03, 65]","[361.2, 40]","[368.0, 18]","[383.0, 27]",365.52,150,4.97,0.4
07:34:18,"[365.0, 65]","[363.0, 117]","[367.23, 26]","[381.46, 39]",366.12,247,2.23,0.47
07:34:19,"[363.09, 113]","[358.39, 33]","[367.0, 26]","[381.0, 39]",365.04,211,3.91,0.38
07:34:20,"[363.0, 126]","[356.0, 28]","[366.43, 28]","[380.82, 44]",364.71,226,3.43,0.36
07:34:21,"[363.0, 108]","[356.0, 24]","[365.69, 16]","[381.0, 36]",364.34,184,2.69,0.43
07:34:22,"[363.56, 75]","[362.28, 116]","[375.04, 45]","[381.33, 67]",369.3,303,11.48,0.26
07:34:23,"[364.02, 55]","[362.71, 146]","[378.33, 60]","[379.39, 71]",371.18,332,14.32,0.21
07:34:24,"[363.0, 123]","[355.33, 42]","[375.18, 44]","[376.64, 55]",369.09,264,12.18,0.25
07:34:25,"[363.0, 99]","[355.0, 44]","[372.18, 44]","[374.0, 44]",367.59,231,9.18,0.24
07:34:26,"[363.0, 135]","[355.0, 60]","[370.97, 58]","[373.0, 52]",366.98,305,7.97,0.28
07:34:27,"[363.0, 125]","[355.0, 56]","[367.8, 50]","[369.29, 34]",365.4,265,4.8,0.37
07:34:28,"[363.0, 182]","[355.0, 64]","[364.78, 46]","[366.47, 60]",363.89,352,1.78,0.4
07:34:29,"[363.0, 59]","[355.0, 32]","[364.9, 30]","[368.0, 32]",363.95,153,1.9,0.19
07:34:30,"[359.34, 41]","[354.58, 38]","[371.12, 66]","[377.36, 44]",365.23,189,11.78,-0.16
07:34:31,"[355.98, 51]","[335.32, 37]","[372.51, 67]","[375.76, 45]",364.24,200,16.53,-0.12
07:34:32,"[355.0, 12]","[349.69, 26]","[367.1, 29]","[367.97, 37]",361.05,104,12.1,-0.27
07:34:33,"[355.0, 16]","[352.0, 48]","[363.43, 61]","[365.05, 41]",359.21,166,8.43,-0.23
07:34:34,"[355.0, 8]","[352.0, 24]","[362.0, 27]","[365.0, 21]",358.5,80,7.0,-0.2
07:34:35,"[355.0, 7]","[352.0, 21]","[362.0, 21]","[367.0, 49]",358.5,98,7.0,-0.43
07:34:36,"[355.0, 66]","[352.0, 36]","[361.08, 36]","[368.55, 40]",358.04,178,6.08,0.15
07:34:37,"[355.0, 70]","[352.0, 21]","[365.29, 21]","[371.33, 18]",360.14,130,10.29,0.4
07:34:38,"[355.0, 70]","[352.0, 21]","[370.53, 19]","[372.0, 18]",362.76,128,15.53,0.42
07:34:39,"[355.0, 160]","[352.95, 73]","[370.81, 47]","[372.24, 50]",362.9,330,15.81,0.41
07:34:40,"[355.0, 90]","[352.68, 37]","[372.47, 45]","[373.14, 21]",363.73,193,17.47,0.32
07:34:41,"[356.05, 84]","[354.98, 129]","[371.05, 85]","[373.73, 41]",363.55,339,15.0,0.26
07:34:42,"[363.78, 46]","[357.31, 98]","[372.0, 105]","[374.6, 53]",367.89,302,8.22,-0.05
07:34:43,"[365.08, 72]","[359.0, 24]","[371.78, 72]","[372.92, 52]",368.43,220,6.69,-0.13
07:34:44,"[366.0, 96]","[358.81, 32]","[371.0, 64]","[372.09, 68]",368.5,260,5.0,-0.02
07:34:45,"[366.42, 72]","[358.0, 24]","[371.0, 48]","[373.0, 36]",368.71,180,4.58,0.07
07:34:46,"[368.26, 114]","[360.33, 24]","[370.16, 76]","[373.38, 63]",369.21,277,1.89,-0.0
07:34:47,"[367.82, 34]","[363.9, 84]","[374.08, 38]","[376.0, 42]",370.95,198,6.26,0.19
07:34:48,"[364.0, 88]","[362.0, 11]","[373.32, 19]","[375.94, 35]",368.66,153,9.32,0.29
07:34:49,"[365.67, 42]","[363.82, 44]","[373.0, 18]","[376.0, 36]",369.33,140,7.33,0.23
07:34:50,"[371.0, 20]","[365.44, 50]","[373.0, 20]","[375.13, 31]",372.0,121,2.0,0.16
07:34:51,"[368.95, 19]","[364.37, 97]","[371.24, 50]","[373.37, 41]",370.09,207,2.29,0.12
07:34:52,"[364.12, 99]","[363.33, 36]","[370.73, 51]","[372.73, 33]",367.42,219,6.6,0.23
07:34:53,"[364.65, 51]","[365.21, 66]","[370.08, 53]","[374.94, 51]",367.36,221,5.43,0.06
07:34:54,"[366.35, 23]","[365.25, 64]","[368.29, 41]","[372.73, 33]",367.32,161,1.94,0.08
07:34:55,"[366.0, 52]","[364.38, 52]","[369.0, 42]","[378.86, 44]",367.5,190,3.0,0.09
07:34:56,"[364.0, 48]","[362.0, 12]","[368.17, 18]","[369.25, 20]",366.08,98,4.17,0.22
07:34:57,"[364.0, 163]","[362.0, 34]","[367.41, 51]","[368.59, 51]",365.71,299,3.41,0.32
07:34:58,"[364.0, 166]","[362.0, 28]","[365.33, 36]","[370.58, 36]",364.67,266,1.33,0.46
07:34:59,"[364.0, 87]","[362.0, 20]","[373.0, 30]","[378.4, 10]",368.5,147,9.0,0.46
07:35:00,"[364.0, 66]","[362.0, 22]","[372.52, 46]","[376.7, 33]",368.26,167,8.52,0.05
07:35:01,"[365.36, 66]","[363.68, 50]","[370.85, 52]","[374.05, 41]",368.1,209,5.48,0.11
07:35:02,"[364.0, 24]","[362.71, 21]","[370.0, 32]","[375.75, 24]",367.0,101,6.0,-0.11
07:35:03,"[364.0, 21]","[363.0, 24]","[370.0, 28]","[376.0, 24]",367.0,97,6.0,-0.07
07:35:04,"[364.0, 14]","[363.0, 21]","[369.2, 15]","[374.18, 17]",366.6,67,5.2,0.04
07:35:05,"[364.0, 42]","[363.0, 63]","[366.67, 45]","[368.01, 101]",365.33,251,2.67,-0.16
07:35:06,"[363.75, 24]","[362.87, 31]","[366.64, 28]","[368.71, 51]",365.2,134,2.89,-0.18
07:35:07,"[363.0, 42]","[362.0, 28]","[371.74, 73]","[375.32, 62]",367.37,205,8.74,-0.32
07:35:08,"[365.75, 52]","[357.64, 11]","[374.0, 48]","[378.0, 40]",369.88,151,8.25,-0.17
07:35:09,"[366.0, 80]","[362.0, 10]","[373.9, 40]","[377.18, 40]",369.95,170,7.9,0.06
07:35:10,"[366.0, 88]","[362.0, 11]","[371.73, 44]","[374.0, 33]",368.86,176,5.73,0.12
07:35:11,"[366.0, 104]","[362.0, 13]","[371.0, 52]","[374.0, 39]",368.5,208,5.0,0.12
07:35:12,"[366.6, 40]","[365.84, 50]","[371.0, 32]","[374.0, 38]",368.8,160,4.4,0.12
07:35:13,"[367.0, 32]","[366.0, 64]","[371.0, 32]","[374.0, 24]",369.0,152,4.0,0.26
07:35:14,"[367.0, 52]","[366.0, 104]","[369.62, 39]","[371.0, 52]",368.31,247,2.62,0.26
07:35:15,"[366.2, 60]","[365.48, 46]","[368.43, 35]","[372.5, 36]",367.31,177,2.23,0.2
07:35:16,"[366.0, 53]","[362.0, 107]","[367.17, 36]","[375.0, 36]",366.58,232,1.17,0.38
07:35:17,"[362.34, 35]","[361.52, 50]","[372.24, 29]","[376.3, 37]",367.29,151,9.9,0.13
07:35:18,"[362.29, 68]","[361.36, 56]","[373.71, 55]","[376.78, 65]",368.0,244,11.41,0.02
07:35:19,"[364.36, 44]","[362.0, 44]","[372.27, 22]","[376.27, 33]",368.32,143,7.91,0.23
07:35:20,"[365.0, 40]","[362.0, 40]","[371.0, 20]","[377.0, 30]",368.0,130,6.0,0.23
07:35:21,"[365.0, 60]","[362.32, 57]","[367.9, 39]","[373.0, 36]",366.45,192,2.9,0.22
07:35:22,"[365.0, 42]","[364.0, 63]","[366.0, 36]","[372.33, 27]",365.5,168,1.0,0.25
07:35:23,"[365.0, 22]","[364.0, 66]","[375.58, 31]","[379.5, 32]",370.29,151,10.58,0.17
07:35:24,"[364.6, 30]","[363.74, 62]","[375.75, 28]","[376.89, 27]",370.18,147,11.15,0.25
07:35:25,"[364.0, 84]","[361.85, 60]","[373.57, 28]","[375.89, 38]",368.79,210,9.57,0.37
07:35:26,"[364.0, 78]","[362.0, 86]","[371.07, 30]","[374.15, 33]",367.53,227,7.07,0.44
07:35:27,"[365.13, 45]","[363.81, 86]","[369.0, 42]","[370.0, 28]",367.07,201,3.87,0.3
07:35:28,"[366.0, 54]","[364.0, 60]","[369.0, 30]","[370.0, 20]",367.5,164,3.0,0.39
07:35:29,"[366.0, 46]","[364.0, 78]","[368.25, 53]","[369.36, 33]",367.12,210,2.25,0.18
07:35:30,"[363.83, 48]","[362.12, 102]","[366.38, 42]","[371.18, 34]",365.11,226,2.55,0.33
07:35:31,"[364.0, 56]","[362.0, 80]","[376.6, 10]","[377.73, 11]",370.3,157,12.6,0.73
07:35:32,"[364.0, 80]","[362.0, 128]","[374.25, 16]","[375.38, 16]",369.12,240,10.25,0.73
07:35:33,"[364.56, 43]","[362.53, 76]","[371.09, 11]","[374.73, 11]",367.82,141,6.53,0.69
07:35:34,"[364.0, 65]","[362.0, 104]","[369.62, 13]","[373.33, 15]",366.81,197,5.62,0.72
07:35:35,"[364.0, 60]","[362.0, 96]","[369.17, 12]","[373.33, 18]",366.58,186,5.17,0.68
07:35:36,"[367.63, 54]","[363.63, 43]","[374.14, 14]","[379.22, 23]",370.89,134,6.51,0.45
07:35:37,"[369.0, 35]","[368.0, 49]","[375.0, 14]","[380.0, 21]",372.0,119,6.0,0.41
07:35:38,"[369.0, 25]","[368.0, 35]","[375.0, 10]","[380.0, 15]",372.0,85,6.0,0.41
07:35:39,"[369.0, 30]","[368.0, 42]","[371.25, 16]","[377.14, 14]",370.12,102,2.25,0.41
07:35:40,"[369.0, 50]","[368.0, 70]","[377.5, 20]","[380.92, 39]",373.25,179,8.5,0.34
07:35:41,"[368.07, 75]","[364.49, 57]","[380.0, 22]","[381.0, 44]",374.03,198,11.93,0.33
07:35:42,"[368.0, 46]","[364.0, 40]","[380.0, 16]","[381.0, 32]",374.0,134,12.0,0.28
07:35:43,"[368.0, 13]","[364.0, 45]","[380.0, 18]","[381.0, 36]",374.0,112,12.0,0.04
07:35:44,"[368.0, 7]","[364.0, 35]","[380.0, 14]","[381.0, 28]",374.0,84,12.0,0.0
07:35:45,"[364.17, 47]","[362.24, 82]","[377.38, 29]","[379.74, 23]",370.77,181,13.21,0.43
07:35:46,"[364.0, 55]","[362.0, 88]","[376.05, 41]","[378.0, 31]",370.02,215,12.05,0.33
07:35:47,"[363.75, 63]","[361.84, 91]","[370.42, 48]","[372.5, 48]",367.08,250,6.67,0.23
07:35:48,"[362.04, 85]","[357.7, 44]","[369.31, 52]","[372.0, 52]",365.67,233,7.27,0.11
07:35:49,"[362.23, 52]","[359.31, 52]","[368.33, 48]","[372.0, 48]",365.28,200,6.1,0.04
07:35:50,"[362.39, 76]","[359.87, 93]","[368.94, 72]","[373.91, 88]",365.67,329,6.55,0.03
07:35:51,"[362.0, 78]","[354.76, 41]","[369.95, 37]","[371.27, 30]",365.97,186,7.95,0.28
07:35:52,"[362.19, 63]","[354.41, 46]","[368.02, 101]","[369.88, 52]",365.11,262,5.83,-0.17
07:35:53,"[363.0, 34]","[354.0, 34]","[364.98, 49]","[365.93, 59]",363.99,176,1.98,-0.23
07:35:54,"[363.0, 40]","[354.0, 34]","[364.33, 36]","[366.14, 49]",363.67,159,1.33,-0.07
07:35:55,"[363.0, 10]","[354.0, 20]","[365.4, 30]","[375.8, 20]",364.2,80,2.4,-0.25
07:35:56,"[354.43, 21]","[352.12, 32]","[362.59, 41]","[366.2, 30]",358.51,124,8.16,-0.15
07:35:57,"[354.0, 32]","[352.0, 48]","[360.19, 58]","[361.14, 64]",357.09,202,6.19,-0.21
07:35:58,"[354.0, 20]","[352.0, 30]","[358.0, 30]","[360.0, 50]",356.0,130,4.0,-0.23
07:35:59,"[352.39, 41]","[351.21, 56]","[355.76, 55]","[358.75, 63]",354.08,215,3.37,-0.1
07:36:00,"[352.0, 30]","[351.0, 40]","[354.76, 38]","[356.4, 30]",353.38,138,2.76,0.01
07:36:01,"[353.15, 41]","[351.93, 55]","[355.57, 56]","[359.6, 60]",354.36,212,2.43,-0.09
07:36:02,"[354.36, 22]","[352.09, 44]","[363.11, 54]","[369.43, 42]",358.74,162,8.75,-0.19
07:36:03,"[356.31, 52]","[354.0, 13]","[368.0, 26]","[371.0, 52]",362.15,143,11.69,-0.09
07:36:04,"[365.32, 88]","[362.83, 81]","[368.44, 41]","[371.39, 102]",366.88,312,3.12,0.08
07:36:05,"[367.86, 42]","[366.24, 75]","[369.17, 29]","[370.46, 65]",368.51,211,1.32,0.11
07:36:06,"[367.31, 26]","[364.0, 57]","[370.0, 27]","[371.0, 55]",368.65,165,2.69,0.01
07:36:07,"[367.47, 17]","[366.37, 57]","[369.07, 29]","[371.13, 23]",368.27,126,1.6,0.17
07:36:08,"[367.0, 30]","[354.6, 30]","[368.2, 30]","[372.0, 17]",367.6,107,1.2,0.12
07:36:09,"[356.66, 29]","[348.08, 37]","[371.18, 22]","[374.19, 21]",363.92,109,14.53,0.21
07:36:10,"[346.36, 28]","[344.5, 14]","[363.77, 47]","[372.34, 35]",355.06,124,17.41,-0.32
07:36:11,"[347.31, 32]","[344.43, 21]","[358.37, 35]","[359.47, 68]",352.84,156,11.06,-0.32
07:36:12,"[350.87, 30]","[349.8, 30]","[358.6, 40]","[362.2, 25]",354.73,125,7.73,-0.04
07:36:13,"[352.64, 22]","[351.18, 22]","[355.87, 23]","[359.32, 31]",354.25,98,3.23,-0.1
07:36:14,"[352.45, 33]","[347.42, 24]","[359.0, 36]","[369.96, 50]",355.73,143,6.55,-0.2
07:36:15,"[355.13, 53]","[353.37, 38]","[359.0, 39]","[370.0, 52]",357.07,182,3.87,0.0
07:36:16,"[356.4, 25]","[355.61, 31]","[368.94, 31]","[371.27, 11]",362.67,98,12.54,0.14
07:36:17,"[357.95, 37]","[356.74, 19]","[370.0, 32]","[372.0, 8]",363.97,96,12.05,0.17
07:36:18,"[358.87, 39]","[357.92, 24]","[370.0, 36]","[372.0, 9]",364.44,108,11.13,0.17
07:36:19,"[360.84, 31]","[359.97, 67]","[370.0, 56]","[372.0, 14]",365.42,168,9.16,0.17
07:36:20,"[361.55, 22]","[360.0, 55]","[370.0, 44]","[372.0, 11]",365.77,132,8.45,0.17
07:36:21,"[362.08, 39]","[355.66, 29]","[369.96, 50]","[371.2, 20]",366.02,138,7.88,-0.01
07:36:22,"[365.27, 45]","[351.0, 30]","[368.33, 15]","[370.0, 15]",366.8,105,3.07,0.43
07:36:23,"[366.0, 39]","[355.26, 23]","[368.0, 13]","[370.0, 13]",367.0,88,2.0,0.41
07:36:24,"[366.48, 25]","[361.67, 18]","[371.75, 12]","[377.59, 34]",369.12,89,5.27,-0.03
07:36:25,"[367.73, 30]","[366.0, 30]","[373.0, 15]","[377.73, 45]",370.37,120,5.27,0.0
07:36:26,"[368.0, 18]","[366.0, 18]","[373.0, 9]","[376.0, 27]",370.5,72,5.0,0.0
07:36:27,"[368.0, 22]","[366.0, 22]","[373.0, 11]","[376.0, 33]",370.5,88,5.0,0.0
07:36:28,"[368.0, 14]","[366.0, 14]","[373.0, 7]","[376.0, 21]",370.5,56,5.0,0.0
07:36:29,"[366.0, 24]","[364.0, 91]","[373.0, 12]","[376.0, 36]",369.5,163,7.0,0.41
07:36:30,"[366.0, 20]","[364.0, 80]","[373.0, 10]","[376.0, 30]",369.5,140,7.0,0.43
07:36:31,"[366.0, 30]","[364.0, 120]","[372.26, 23]","[375.88, 41]",369.13,214,6.26,0.4
07:36:32,"[366.0, 20]","[364.0, 80]","[374.0, 10]","[376.0, 30]",370.0,140,8.0,0.43
07:36:33,"[364.43, 70]","[362.65, 62]","[373.2, 20]","[375.2, 20]",368.81,172,8.77,0.53
07:36:34,"[365.62, 96]","[364.0, 64]","[371.62, 32]","[373.69, 16]",368.62,208,6.0,0.54
07:36:35,"[366.0, 78]","[364.0, 60]","[368.39, 36]","[370.68, 25]",367.19,199,2.39,0.39
07:36:36,"[366.0, 51]","[364.0, 68]","[367.39, 33]","[375.88, 41]",366.7,193,1.39,0.23
07:36:37,"[366.0, 18]","[364.0, 24]","[376.36, 22]","[380.43, 14]",371.18,78,10.36,0.08
07:36:38,"[366.0, 44]","[364.0, 48]","[376.0, 60]","[380.0, 60]",371.0,212,10.0,-0.13
07:36:39,"[366.0, 40]","[364.0, 32]","[375.95, 37]","[379.5, 40]",370.97,149,9.95,-0.03
07:36:40,"[365.28, 50]","[363.57, 56]","[375.0, 28]","[379.17, 59]",370.14,193,9.72,0.1
07:36:41,"[365.76, 41]","[362.92, 48]","[373.08, 24]","[376.53, 32]",369.42,145,7.33,0.23
07:36:42,"[364.71, 28]","[362.89, 54]","[371.0, 13]","[372.0, 26]",367.86,121,6.29,0.36
07:36:43,"[365.0, 51]","[363.0, 48]","[369.64, 14]","[371.73, 22]",367.32,135,4.64,0.47
07:36:44,"[365.0, 60]","[363.0, 48]","[367.56, 18]","[377.63, 38]",366.28,164,2.56,0.32
07:36:45,"[364.86, 28]","[362.77, 52]","[366.0, 12]","[379.94, 54]",365.43,146,1.14,0.1
07:36:46,"[364.5, 16]","[362.03, 62]","[378.62, 34]","[380.95, 115]",371.56,227,14.12,-0.31
07:36:47,"[367.0, 39]","[363.0, 15]","[379.0, 45]","[381.0, 89]",373.0,188,12.0,-0.43
07:36:48,"[367.71, 17]","[365.4, 10]","[379.0, 21]","[381.0, 63]",373.35,111,11.29,-0.51
07:36:49,"[369.0, 30]","[367.0, 20]","[379.82, 44]","[381.2, 80]",374.41,174,10.82,-0.43
07:36:50,"[369.0, 27]","[367.0, 18]","[378.11, 45]","[379.37, 49]",373.56,139,9.11,-0.35
07:36:51,"[369.0, 18]","[367.0, 12]","[378.0, 30]","[379.17, 30]",373.5,90,9.0,-0.33
07:36:52,"[369.0, 24]","[367.0, 23]","[378.0, 40]","[380.0, 40]",373.5,127,9.0,-0.26
07:36:53,"[367.22, 54]","[366.08, 26]","[378.0, 40]","[380.0, 40]",372.61,160,10.78,0.0
07:36:54,"[367.0, 40]","[365.0, 10]","[377.0, 15]","[378.0, 25]",372.0,90,10.0,0.11
07:36:55,"[367.0, 52]","[364.75, 16]","[376.22, 27]","[377.33, 45]",371.61,140,9.22,-0.03
07:36:56,"[364.34, 64]","[362.33, 12]","[375.37, 41]","[376.53, 49]",369.85,166,11.02,-0.08
07:36:57,"[362.0, 153]","[359.0, 9]","[373.25, 28]","[374.74, 35]",367.62,225,11.25,0.44
07:36:58,"[362.0, 204]","[359.0, 12]","[369.49, 41]","[370.7, 43]",365.74,300,7.49,0.44
07:36:59,"[362.0, 289]","[359.0, 17]","[368.12, 51]","[369.62, 64]",365.06,421,6.12,0.45
07:37:00,"[362.0, 152]","[359.0, 8]","[367.0, 24]","[368.0, 24]",364.5,208,5.0,0.54
07:37:01,"[362.11, 142]","[361.88, 178]","[365.94, 48]","[367.75, 48]",364.03,416,3.82,0.54
07:37:02,"[362.0, 289]","[357.0, 138]","[364.29, 34]","[367.41, 51]",363.15,512,2.29,0.67
07:37:03,"[362.0, 174]","[357.0, 53]","[367.07, 30]","[372.04, 45]",364.53,302,5.07,0.5
07:37:04,"[362.0, 180]","[357.0, 12]","[367.67, 48]","[374.78, 51]",364.83,291,5.67,0.32
07:37:05,"[362.0, 165]","[357.0, 11]","[366.0, 44]","[373.36, 55]",364.0,275,4.0,0.28
07:37:06,"[362.0, 75]","[357.0, 5]","[365.8, 20]","[373.0, 25]",363.9,125,3.8,0.28
07:37:07,"[362.78, 123]","[361.86, 185]","[365.0, 68]","[373.0, 85]",363.89,461,2.22,0.34
07:37:08,"[362.65, 80]","[361.79, 94]","[371.52, 46]","[375.26, 46]",367.09,266,8.87,0.31
07:37:09,"[366.77, 26]","[362.7, 115]","[375.0, 65]","[376.0, 65]",370.88,271,8.23,0.04
07:37:10,"[364.0, 14]","[362.0, 105]","[375.0, 35]","[376.0, 35]",369.5,189,11.0,0.26
07:37:11,"[362.47, 59]","[361.61, 114]","[375.65, 46]","[377.09, 44]",369.06,263,13.18,0.32
07:37:12,"[363.24, 34]","[356.45, 40]","[374.95, 41]","[375.96, 68]",369.09,183,11.72,-0.19
07:37:13,"[362.0, 21]","[356.0, 39]","[373.33, 30]","[374.3, 40]",367.67,130,11.33,-0.08
07:37:14,"[362.0, 66]","[356.0, 45]","[370.76, 58]","[371.39, 62]",366.38,231,8.76,-0.04
07:37:15,"[362.0, 80]","[356.0, 48]","[367.0, 56]","[370.08, 52]",364.5,236,5.0,0.08
07:37:16,"[362.0, 71]","[359.08, 65]","[364.04, 50]","[366.1, 40]",363.02,226,2.04,0.2
07:37:17,"[357.71, 14]","[355.71, 35]","[367.47, 36]","[375.0, 29]",362.59,114,9.76,-0.14
07:37:18,"[358.0, 14]","[355.77, 35]","[360.71, 42]","[366.5, 52]",359.36,143,2.71,-0.31
07:37:19,"[356.0, 45]","[352.0, 30]","[359.2, 30]","[360.38, 39]",357.6,144,3.2,0.04
07:37:20,"[352.0, 45]","[347.02, 51]","[359.89, 18]","[360.95, 42]",355.94,156,7.89,0.23
07:37:21,"[352.0, 35]","[347.25, 16]","[360.0, 14]","[361.0, 35]",356.0,100,8.0,0.02
07:37:22,"[352.26, 34]","[349.14, 35]","[360.0, 16]","[361.0, 40]",356.13,125,7.74,0.1
07:37:23,"[353.89, 27]","[351.89, 36]","[357.56, 18]","[359.0, 21]",355.72,102,3.67,0.24
07:37:24,"[354.94, 51]","[350.0, 34]","[356.0, 34]","[359.71, 31]",355.47,150,1.06,0.13
07:37:25,"[352.57, 28]","[345.71, 49]","[358.67, 24]","[360.83, 48]",355.62,149,6.1,0.03
07:37:26,"[351.03, 37]","[344.23, 60]","[360.0, 26]","[361.0, 65]",355.51,188,8.97,0.03
07:37:27,"[352.2, 45]","[350.41, 34]","[358.29, 42]","[360.74, 61]",355.24,182,6.09,-0.13
07:37:28,"[347.61, 23]","[342.35, 133]","[357.18, 34]","[360.9, 61]",352.39,251,9.57,0.24
07:37:29,"[346.84, 98]","[343.65, 57]","[352.0, 52]","[359.76, 25]",349.42,232,5.16,0.34
07:37:30,"[348.0, 64]","[347.0, 16]","[354.35, 17]","[360.81, 31]",351.18,128,6.35,0.25
07:37:31,"[350.43, 21]","[349.0, 16]","[360.0, 8]","[361.0, 40]",355.21,85,9.57,-0.13
07:37:32,"[355.52, 62]","[355.43, 70]","[362.84, 19]","[362.56, 77]",359.18,228,7.33,0.16
07:37:33,"[361.5, 104]","[358.57, 56]","[367.96, 50]","[369.7, 40]",364.73,250,6.46,0.28
07:37:34,"[362.93, 82]","[362.04, 54]","[365.33, 49]","[366.26, 54]",364.13,239,2.4,0.14
07:37:35,"[364.23, 26]","[363.0, 26]","[366.31, 52]","[368.0, 26]",365.27,130,2.08,-0.2
07:37:36,"[366.0, 30]","[362.2, 50]","[367.0, 40]","[368.0, 20]",366.5,140,1.0,0.14
07:37:37,"[362.45, 71]","[354.38, 101]","[365.76, 38]","[366.76, 29]",364.11,239,3.31,0.44
07:37:38,"[362.0, 98]","[352.0, 108]","[364.5, 42]","[369.43, 28]",363.25,276,2.5,0.49
07:37:39,"[363.64, 39]","[360.75, 64]","[373.0, 18]","[377.0, 18]",368.32,139,9.36,0.48
07:37:40,"[363.0, 36]","[358.39, 41]","[373.0, 18]","[377.0, 18]",368.0,113,10.0,0.36
07:37:41,"[362.0, 40]","[353.02, 42]","[373.0, 24]","[377.0, 24]",367.5,130,11.0,0.26
07:37:42,"[363.0, 24]","[355.56, 54]","[373.0, 32]","[377.0, 32]",368.0,142,10.0,0.1
07:37:43,"[362.78, 18]","[361.62, 16]","[373.0, 22]","[377.0, 22]",367.89,78,10.22,-0.13
07:37:44,"[364.62, 52]","[362.37, 38]","[371.35, 43]","[372.19, 52]",367.98,185,6.73,-0.03
07:37:45,"[366.0, 88]","[363.0, 26]","[369.92, 36]","[371.35, 31]",367.96,181,3.92,0.26
07:37:46,"[366.0, 48]","[363.0, 24]","[369.0, 36]","[371.0, 24]",367.5,132,3.0,0.09
07:37:47,"[366.0, 28]","[363.0, 14]","[368.57, 21]","[371.0, 14]",367.29,77,2.57,0.09
07:37:48,"[366.0, 106]","[363.0, 38]","[367.37, 57]","[371.0, 38]",366.68,239,1.37,0.21
07:37:49,"[362.5, 20]","[361.8, 25]","[364.68, 41]","[370.37, 35]",363.59,121,2.18,-0.26
07:37:50,"[361.88, 32]","[357.67, 42]","[365.98, 54]","[377.3, 53]",363.93,181,4.11,-0.18
07:37:51,"[362.81, 62]","[356.8, 50]","[373.34, 53]","[375.6, 30]",368.07,195,10.53,0.15
07:37:52,"[363.25, 119]","[362.5, 56]","[365.88, 34]","[369.32, 37]",364.57,246,2.63,0.42
07:37:53,"[363.0, 30]","[361.0, 9]","[364.22, 9]","[369.5, 24]",363.61,72,1.22,0.08
07:37:54,"[361.8, 15]","[359.52, 66]","[363.85, 13]","[375.85, 53]",362.82,147,2.05,0.1
07:37:55,"[363.31, 45]","[361.12, 24]","[372.51, 41]","[375.05, 20]",367.91,130,9.2,0.06
07:37:56,"[365.04, 46]","[362.46, 26]","[376.0, 36]","[377.0, 24]",370.52,132,10.96,0.09
07:37:57,"[366.0, 30]","[365.0, 74]","[375.07, 45]","[376.83, 29]",370.53,178,9.07,0.17
07:37:58,"[365.49, 61]","[364.78, 93]","[374.0, 39]","[378.08, 39]",369.75,232,8.51,0.33
07:37:59,"[365.0, 108]","[361.0, 12]","[374.0, 36]","[379.0, 36]",369.5,192,9.0,0.25
07:38:00,"[365.0, 99]","[361.0, 11]","[374.0, 33]","[379.0, 33]",369.5,176,9.0,0.25
07:38:01,"[365.0, 72]","[361.0, 8]","[374.0, 24]","[379.0, 24]",369.5,128,9.0,0.25
07:38:02,"[365.0, 106]","[361.29, 14]","[374.0, 42]","[379.0, 42]",369.5,204,9.0,0.18
07:38:03,"[365.0, 50]","[363.0, 19]","[374.0, 30]","[379.0, 30]",369.5,129,9.0,0.07
07:38:04,"[365.0, 40]","[361.0, 8]","[373.5, 42]","[377.89, 27]",369.25,117,8.5,-0.18
07:38:05,"[365.0, 50]","[361.0, 10]","[369.92, 36]","[374.88, 51]",367.46,147,4.92,-0.18
07:38:06,"[361.33, 49]","[356.5, 14]","[373.0, 42]","[379.0, 42]",367.16,147,11.67,-0.14
07:38:07,"[364.91, 22]","[359.89, 37]","[373.0, 30]","[379.0, 30]",368.95,119,8.09,-0.01
07:38:08,"[366.0, 16]","[360.31, 26]","[373.75, 24]","[379.14, 22]",369.88,88,7.75,-0.05
07:38:09,"[366.0, 24]","[364.0, 12]","[373.0, 60]","[380.2, 40]",369.5,136,7.0,-0.47
07:38:10,"[366.0, 18]","[364.0, 9]","[372.98, 41]","[378.77, 31]",369.49,99,6.98,-0.45
07:38:11,"[366.0, 22]","[361.66, 35]","[371.0, 11]","[373.0, 55]",368.5,123,5.0,-0.07
07:38:12,"[366.0, 32]","[363.0, 48]","[369.33, 24]","[374.24, 72]",367.67,176,3.33,-0.09
07:38:13,"[366.0, 30]","[363.0, 45]","[367.2, 15]","[369.0, 75]",366.6,165,1.2,-0.09
07:38:14,"[361.95, 74]","[361.87, 53]","[367.88, 68]","[374.64, 33]",364.91,228,5.94,0.11
07:38:15,"[361.0, 120]","[360.0, 40]","[365.73, 41]","[376.98, 42]",363.37,243,4.73,0.32
07:38:16,"[362.25, 96]","[360.92, 156]","[365.0, 30]","[375.41, 71]",363.62,353,2.75,0.43
07:38:17,"[363.0, 46]","[361.0, 120]","[367.22, 23]","[376.25, 48]",365.11,237,4.22,0.4
07:38:18,"[363.0, 26]","[361.0, 156]","[377.33, 45]","[378.85, 59]",370.17,286,14.33,0.27
07:38:19,"[361.25, 142]","[360.41, 118]","[378.0, 48]","[379.0, 95]",369.63,403,16.75,0.29
07:38:20,"[362.0, 44]","[361.0, 132]","[378.0, 11]","[379.0, 85]",370.0,272,16.0,0.29
07:38:21,"[362.06, 64]","[361.02, 160]","[379.0, 116]","[380.0, 28]",370.53,368,16.94,0.22
07:38:22,"[363.0, 60]","[362.0, 60]","[379.0, 135]","[380.0, 30]",371.0,285,16.0,-0.16
07:38:23,"[363.0, 56]","[361.45, 88]","[378.33, 82]","[379.05, 117]",370.66,343,15.33,-0.16
07:38:24,"[362.75, 48]","[361.26, 84]","[376.76, 85]","[378.29, 132]",369.76,349,14.01,-0.24
07:38:25,"[364.0, 24]","[363.0, 40]","[374.65, 63]","[376.05, 93]",369.33,220,10.65,-0.42
07:38:26,"[365.27, 37]","[363.4, 96]","[372.95, 100]","[375.98, 131]",369.11,364,7.68,-0.27
07:38:27,"[368.07, 30]","[365.38, 32]","[370.75, 80]","[375.0, 48]",369.41,190,2.68,-0.35
07:38:28,"[368.0, 16]","[365.0, 16]","[369.0, 40]","[375.0, 24]",368.5,96,1.0,-0.33
07:38:29,"[365.45, 40]","[363.17, 69]","[373.9, 50]","[377.93, 29]",369.67,188,8.45,0.16
07:38:30,"[365.0, 70]","[363.0, 90]","[376.0, 50]","[380.0, 20]",370.5,230,11.0,0.39
07:38:31,"[365.0, 77]","[363.16, 64]","[376.0, 55]","[380.0, 22]",370.5,218,11.0,0.29
07:38:32,"[365.0, 91]","[363.0, 117]","[374.87, 53]","[376.04, 53]",369.93,314,9.87,0.32
07:38:33,"[365.0, 112]","[363.0, 144]","[371.68, 68]","[373.26, 76]",368.34,400,6.68,0.28
07:38:34,"[365.0, 105]","[363.0, 135]","[371.0, 85]","[372.0, 75]",368.0,400,6.0,0.2
07:38:35,"[365.0, 104]","[363.0, 135]","[368.59, 63]","[369.51, 69]",366.79,371,3.59,0.29
07:38:36,"[363.5, 44]","[362.86, 63]","[365.51, 53]","[369.36, 67]",364.5,227,2.01,-0.06
07:38:37,"[362.57, 21]","[361.03, 130]","[364.18, 57]","[373.62, 47]",363.37,255,1.6,0.18
07:38:38,"[361.33, 18]","[359.19, 81]","[364.0, 45]","[380.0, 27]",362.67,171,2.67,0.16
07:38:39,"[361.0, 72]","[354.0, 77]","[363.36, 55]","[378.79, 39]",362.18,243,2.36,0.23
07:38:40,"[361.15, 71]","[354.55, 76]","[363.0, 55]","[375.25, 48]",362.08,250,1.85,0.18
07:38:41,"[364.5, 72]","[362.25, 72]","[374.0, 48]","[378.0, 36]",369.25,228,9.5,0.26
07:38:42,"[367.0, 58]","[366.0, 60]","[374.0, 40]","[378.0, 30]",370.5,188,7.0,0.26
07:38:43,"[367.0, 55]","[366.0, 66]","[373.0, 44]","[374.45, 47]",370.0,212,6.0,0.14
07:38:44,"[367.0, 40]","[366.0, 48]","[373.0, 32]","[377.0, 56]",370.0,176,6.0,0.0
07:38:45,"[367.0, 40]","[366.0, 48]","[373.0, 32]","[377.0, 56]",370.0,176,6.0,0.0
07:38:46,"[367.0, 35]","[366.0, 42]","[373.0, 28]","[377.0, 49]",370.0,154,6.0,0.0
07:38:47,"[367.0, 42]","[366.0, 60]","[372.0, 40]","[377.0, 79]",369.5,221,5.0,-0.08
07:38:48,"[366.3, 60]","[365.51, 71]","[370.54, 52]","[375.2, 80]",368.42,263,4.24,-0.0
07:38:49,"[366.0, 72]","[365.0, 60]","[368.46, 37]","[370.08, 48]",367.23,217,2.46,0.22
07:38:50,"[366.25, 24]","[365.26, 47]","[367.9, 40]","[369.88, 51]",367.07,162,1.65,-0.12
07:38:51,"[367.0, 11]","[366.0, 22]","[368.0, 33]","[370.0, 44]",367.5,110,1.0,-0.4
07:38:52,"[365.27, 45]","[362.18, 102]","[366.76, 58]","[370.51, 51]",366.01,256,1.49,0.15
07:38:53,"[361.57, 56]","[359.74, 38]","[371.08, 26]","[377.44, 32]",366.32,152,9.51,0.24
07:38:54,"[361.0, 112]","[353.89, 61]","[377.38, 32]","[381.0, 61]",369.19,266,16.38,0.3
07:38:55,"[361.44, 54]","[358.9, 120]","[374.7, 40]","[376.11, 36]",368.07,250,13.26,0.39
07:38:56,"[363.0, 33]","[361.0, 91]","[370.21, 38]","[371.26, 27]",366.61,189,7.21,0.31
07:38:57,"[363.0, 61]","[361.0, 119]","[369.41, 51]","[371.0, 34]",366.21,265,6.41,0.36
07:38:58,"[363.0, 22]","[361.0, 126]","[367.39, 54]","[371.0, 36]",365.19,238,4.39,0.24
07:38:59,"[365.95, 64]","[362.12, 16]","[368.86, 28]","[376.6, 20]",367.41,128,2.9,0.25
07:39:00,"[366.0, 36]","[363.0, 9]","[380.0, 18]","[381.0, 18]",373.0,81,14.0,0.11
07:39:01,"[366.0, 52]","[363.0, 13]","[376.0, 39]","[379.85, 26]",371.0,130,10.0,0.0
07:39:02,"[366.0, 31]","[365.0, 10]","[376.0, 30]","[378.2, 20]",371.0,91,10.0,-0.1
07:39:03,"[366.0, 7]","[365.0, 7]","[376.0, 21]","[378.0, 18]",371.0,53,10.0,-0.47
07:39:04,"[362.5, 20]","[361.75, 8]","[376.0, 24]","[378.0, 20]",369.25,72,13.5,-0.22
07:39:05,"[361.0, 42]","[352.0, 8]","[376.0, 24]","[378.0, 16]",368.5,90,15.0,0.11
07:39:06,"[361.0, 40]","[352.0, 8]","[376.0, 24]","[378.0, 16]",368.5,88,15.0,0.09
07:39:07,"[361.0, 18]","[352.0, 9]","[376.0, 27]","[378.0, 18]",368.5,72,15.0,-0.25
07:39:08,"[361.0, 20]","[352.0, 10]","[376.56, 32]","[379.5, 20]",368.78,82,15.56,-0.27
07:39:09,"[361.92, 131]","[359.33, 27]","[375.94, 64]","[377.76, 34]",368.93,256,14.01,0.23
07:39:10,"[364.2, 165]","[361.0, 30]","[374.53, 60]","[376.73, 60]",369.37,315,10.33,0.24
07:39:11,"[365.21, 154]","[356.83, 48]","[373.5, 56]","[377.0, 56]",369.36,314,8.29,0.29
07:39:12,"[366.33, 99]","[361.0, 36]","[372.89, 36]","[375.67, 36]",369.61,207,6.56,0.3
07:39:13,"[367.0, 121]","[361.0, 44]","[372.0, 44]","[377.8, 59]",369.5,268,5.0,0.23
07:39:14,"[367.0, 187]","[361.0, 101]","[369.71, 56]","[373.52, 66]",368.36,410,2.71,0.4
07:39:15,"[367.0, 139]","[361.0, 133]","[372.0, 72]","[375.12, 89]",369.5,433,5.0,0.26
07:39:16,"[367.0, 33]","[361.0, 77]","[378.0, 67]","[381.29, 28]",372.5,205,11.0,0.07
07:39:17,"[367.0, 33]","[361.69, 65]","[379.63, 43]","[381.24, 34]",373.31,175,12.63,0.12
07:39:18,"[367.0, 27]","[366.0, 27]","[380.0, 45]","[381.33, 36]",373.5,135,13.0,-0.2
07:39:19,"[367.0, 15]","[366.0, 27]","[380.0, 45]","[381.0, 45]",373.5,132,13.0,-0.36
07:39:20,"[367.0, 15]","[366.0, 45]","[377.77, 61]","[380.53, 75]",372.39,196,10.77,-0.39
07:39:21,"[366.33, 9]","[365.33, 27]","[378.0, 45]","[381.0, 45]",372.17,126,11.67,-0.43
07:39:22,"[366.0, 14]","[365.0, 42]","[378.0, 70]","[381.0, 70]",372.0,196,12.0,-0.43
07:39:23,"[366.0, 15]","[365.0, 45]","[376.65, 62]","[378.4, 75]",371.32,197,10.65,-0.39
07:39:24,"[366.0, 11]","[365.0, 33]","[375.27, 44]","[378.0, 55]",370.64,143,9.27,-0.38
07:39:25,"[366.0, 18]","[365.0, 54]","[374.56, 68]","[377.01, 72]",370.28,212,8.56,-0.32
07:39:26,"[366.0, 92]","[365.0, 42]","[373.58, 48]","[375.33, 61]",369.79,243,7.58,0.1
07:39:27,"[366.0, 100]","[365.0, 39]","[370.53, 34]","[371.8, 45]",368.26,218,4.53,0.28
07:39:28,"[366.12, 32]","[365.2, 30]","[368.7, 20]","[371.0, 40]",367.41,122,2.57,0.02
07:39:29,"[366.0, 30]","[365.0, 30]","[368.0, 20]","[371.0, 40]",367.0,120,2.0,0.0
07:39:30,"[366.0, 45]","[365.0, 45]","[367.6, 30]","[372.67, 63]",366.8,183,1.6,-0.02
07:39:31,"[365.87, 23]","[364.71, 35]","[370.67, 30]","[378.02, 97]",368.27,185,4.8,-0.37
07:39:32,"[365.0, 26]","[363.0, 65]","[377.98, 112]","[378.52, 42]",371.49,245,12.98,-0.26
07:39:33,"[365.0, 34]","[363.0, 70]","[375.61, 23]","[377.77, 101]",370.3,228,10.61,-0.09
07:39:34,"[365.0, 54]","[363.0, 90]","[373.22, 72]","[375.0, 18]",369.11,234,8.22,0.23
07:39:35,"[365.05, 44]","[363.16, 76]","[372.06, 64]","[375.0, 16]",368.55,200,7.02,0.2
07:39:36,"[366.0, 17]","[365.0, 39]","[370.31, 65]","[371.58, 36]",368.15,157,4.31,-0.29
07:39:37,"[363.57, 44]","[361.76, 55]","[368.44, 63]","[369.43, 49]",366.01,211,4.88,-0.06
07:39:38,"[364.25, 16]","[363.0, 80]","[366.76, 37]","[367.37, 57]",365.5,190,2.51,0.01
07:39:39,"[363.19, 43]","[361.41, 98]","[365.12, 41]","[366.62, 32]",364.15,214,1.94,0.32
07:39:40,"[361.08, 75]","[357.44, 54]","[363.46, 13]","[365.0, 39]",362.27,181,2.38,0.43
07:39:41,"[361.72, 75]","[358.44, 50]","[364.26, 19]","[366.92, 25]",362.99,169,2.54,0.48
07:39:42,"[363.49, 63]","[362.52, 97]","[367.07, 29]","[380.03, 33]",365.28,222,3.58,0.44
07:39:43,"[366.0, 32]","[364.25, 16]","[375.94, 16]","[380.53, 32]",370.97,96,9.94,0.0
07:39:44,"[366.0, 25]","[365.0, 13]","[375.0, 13]","[381.62, 37]",370.5,88,9.0,-0.14
07:39:45,"[365.39, 23]","[363.29, 63]","[383.47, 131]","[387.94, 64]",374.43,281,18.07,-0.39
07:39:46,"[365.0, 60]","[363.0, 108]","[383.23, 47]","[383.76, 63]",374.12,278,18.23,0.21
07:39:47,"[365.0, 53]","[363.0, 171]","[378.17, 71]","[381.39, 36]",371.58,331,13.17,0.35
07:39:48,"[363.29, 95]","[361.89, 142]","[374.02, 48]","[376.49, 37]",368.66,322,10.73,0.47
07:39:49,"[363.0, 22]","[361.0, 88]","[373.0, 55]","[375.0, 17]",368.0,182,10.0,0.21
07:39:50,"[361.25, 64]","[352.51, 94]","[371.19, 31]","[372.86, 35]",366.22,224,9.94,0.41
07:39:51,"[361.0, 104]","[350.0, 13]","[369.24, 37]","[368.76, 41]",365.12,195,8.24,0.2
07:39:52,"[361.0, 93]","[350.0, 13]","[366.0, 13]","[367.0, 65]",363.5,184,5.0,0.15
07:39:53,"[361.2, 60]","[357.33, 27]","[365.67, 12]","[367.0, 60]",363.43,159,4.47,0.09
07:39:54,"[363.0, 19]","[361.0, 66]","[366.22, 23]","[368.09, 55]",364.61,163,3.22,0.04
07:39:55,"[363.0, 9]","[361.0, 54]","[366.37, 41]","[369.48, 48]",364.68,152,3.37,-0.17
07:39:56,"[363.78, 23]","[361.46, 39]","[365.0, 70]","[366.0, 56]",364.39,188,1.22,-0.34
07:39:57,"[361.91, 33]","[359.73, 99]","[364.44, 80]","[366.71, 82]",363.17,294,2.53,-0.1
07:39:58,"[361.0, 36]","[347.0, 18]","[363.38, 26]","[369.16, 25]",362.19,105,2.38,0.03
07:39:59,"[354.71, 65]","[346.29, 59]","[362.0, 65]","[371.0, 55]",358.35,244,7.29,0.02
07:40:00,"[349.32, 56]","[345.64, 14]","[362.0, 60]","[374.0, 60]",355.66,190,12.68,-0.26
07:40:01,"[350.41, 239]","[347.55, 33]","[361.92, 53]","[374.0, 65]",356.17,390,11.52,0.39
07:40:02,"[347.36, 137]","[342.64, 33]","[359.77, 52]","[372.61, 82]",353.56,304,12.41,0.12
07:40:03,"[342.98, 43]","[339.57, 42]","[357.54, 63]","[364.17, 71]",350.26,219,14.56,-0.22
07:40:04,"[343.71, 28]","[342.91, 22]","[351.0, 36]","[357.0, 48]",347.36,134,7.29,-0.25
07:40:05,"[345.41, 184]","[343.93, 30]","[353.4, 50]","[357.2, 50]",349.41,314,7.99,0.36
07:40:06,"[347.25, 32]","[346.02, 160]","[357.0, 56]","[358.0, 28]",352.12,276,9.75,0.39
07:40:07,"[350.46, 110]","[350.19, 95]","[357.0, 38]","[358.0, 28]",353.73,271,6.54,0.51
07:40:08,"[355.35, 93]","[352.54, 111]","[357.0, 12]","[358.0, 24]",356.18,240,1.65,0.7
07:40:09,"[356.46, 169]","[352.08, 71]","[357.95, 21]","[359.33, 36]",357.21,297,1.49,0.62
07:40:10,"[357.32, 57]","[353.9, 105]","[359.0, 26]","[364.0, 36]",358.16,224,1.68,0.45
07:40:11,"[357.01, 145]","[348.75, 48]","[365.0, 44]","[369.03, 33]",361.01,270,7.99,0.43
07:40:12,"[360.09, 54]","[357.03, 198]","[363.0, 72]","[365.71, 28]",361.55,352,2.91,0.43
07:40:13,"[361.08, 127]","[354.56, 82]","[363.51, 41]","[367.71, 41]",362.3,291,2.43,0.44
07:40:14,"[361.0, 169]","[343.73, 137]","[364.0, 39]","[371.38, 32]",362.5,377,3.0,0.62
07:40:15,"[361.04, 149]","[351.76, 174]","[363.77, 39]","[367.68, 31]",362.4,393,2.73,0.64
07:40:16,"[361.0, 132]","[343.0, 207]","[362.67, 15]","[366.0, 45]",361.83,399,1.67,0.7
07:40:17,"[350.2, 60]","[342.95, 161]","[365.43, 21]","[368.39, 31]",357.81,273,15.23,0.62
07:40:18,"[343.0, 27]","[342.0, 6]","[368.0, 9]","[371.0, 3]",355.5,45,25.0,0.47
07:40:19,"[343.0, 45]","[342.0, 10]","[368.0, 15]","[371.0, 5]",355.5,75,25.0,0.47
07:40:20,"[344.88, 49]","[342.81, 32]","[368.0, 27]","[371.0, 9]",356.44,117,23.12,0.38
07:40:21,"[366.0, 11]","[344.0, 22]","[368.0, 33]","[371.0, 11]",367.0,77,2.0,-0.14
07:40:22,"[366.0, 12]","[344.0, 24]","[368.0, 36]","[371.0, 12]",367.0,84,2.0,-0.14
07:40:23,"[358.25, 40]","[341.63, 163]","[368.0, 30]","[371.0, 14]",363.12,247,9.75,0.64
07:40:24,"[364.0, 60]","[344.65, 129]","[368.0, 24]","[371.0, 12]",366.0,225,4.0,0.68
07:40:25,"[364.0, 30]","[345.74, 47]","[368.0, 12]","[371.0, 6]",366.0,95,4.0,0.62
07:40:26,"[364.0, 35]","[346.0, 49]","[367.14, 29]","[368.5, 12]",365.57,125,3.14,0.34
07:40:27,"[364.0, 50]","[346.0, 70]","[366.7, 50]","[369.29, 14]",365.35,184,2.7,0.3
07:40:28,"[364.0, 35]","[346.0, 49]","[365.71, 35]","[371.0, 7]",364.86,126,1.71,0.33
07:40:29,"[351.0, 126]","[345.76, 136]","[365.0, 75]","[372.33, 15]",358.0,352,14.0,0.49
07:40:30,"[349.0, 273]","[342.3, 81]","[358.92, 61]","[361.66, 58]",353.96,473,9.92,0.5
07:40:31,"[349.0, 273]","[344.69, 78]","[352.0, 65]","[356.0, 65]",350.5,481,3.0,0.46
07:40:32,"[349.42, 62]","[348.71, 168]","[352.0, 60]","[356.0, 60]",350.71,350,2.58,0.31
07:40:33,"[351.0, 22]","[346.08, 111]","[352.0, 55]","[356.0, 55]",351.5,243,1.0,0.09
07:40:34,"[347.73, 44]","[345.36, 66]","[352.0, 29]","[356.0, 35]",349.86,174,4.27,0.26
07:40:35,"[347.0, 144]","[341.0, 72]","[353.0, 40]","[356.33, 60]",350.0,316,6.0,0.37
07:40:36,"[347.0, 84]","[340.81, 43]","[356.0, 35]","[358.0, 35]",351.5,197,9.0,0.29
07:40:37,"[348.0, 60]","[345.67, 144]","[356.0, 50]","[358.0, 60]",352.0,314,8.0,0.3
07:40:38,"[349.24, 46]","[345.44, 80]","[356.0, 30]","[358.0, 50]",352.62,206,6.76,0.22
07:40:39,"[351.84, 56]","[346.76, 68]","[354.67, 60]","[356.71, 56]",353.25,240,2.83,0.03
07:40:40,"[346.04, 81]","[343.54, 170]","[356.0, 39]","[358.0, 75]",351.02,365,9.96,0.38
07:40:41,"[345.01, 134]","[342.44, 101]","[356.0, 26]","[358.0, 97]",350.51,358,10.99,0.31
07:40:42,"[346.94, 16]","[345.0, 192]","[357.1, 51]","[358.18, 111]",352.02,370,10.16,0.12
07:40:43,"[348.8, 15]","[343.29, 133]","[353.0, 15]","[358.0, 75]",350.9,238,4.2,0.24
07:40:44,"[349.0, 6]","[345.0, 12]","[353.0, 6]","[358.0, 20]",351.0,44,4.0,-0.18
07:40:45,"[349.0, 8]","[345.0, 16]","[353.0, 8]","[357.0, 24]",351.0,56,4.0,-0.14
07:40:46,"[350.69, 13]","[348.43, 14]","[355.1, 20]","[357.08, 39]",352.9,86,4.41,-0.37
07:40:47,"[354.56, 16]","[342.67, 21]","[356.0, 18]","[358.0, 39]",355.28,94,1.44,-0.21
07:40:48,"[355.0, 36]","[337.56, 18]","[356.0, 9]","[358.0, 27]",355.5,90,1.0,0.2
07:40:49,"[355.0, 31]","[338.0, 16]","[356.6, 10]","[358.16, 25]",355.8,82,1.6,0.15
07:40:50,"[355.44, 18]","[349.77, 26]","[358.0, 30]","[359.0, 40]",356.72,114,2.56,-0.23
07:40:51,"[357.92, 12]","[344.54, 48]","[359.0, 48]","[361.0, 48]",358.46,156,1.08,-0.23
07:40:52,"[358.0, 4]","[339.0, 16]","[359.0, 16]","[361.0, 16]",358.5,52,1.0,-0.23
07:40:53,"[358.0, 12]","[339.0, 48]","[359.0, 31]","[361.0, 48]",358.5,139,1.0,-0.14
07:40:54,"[358.0, 9]","[339.0, 36]","[359.0, 27]","[361.0, 36]",358.5,108,1.0,-0.17
07:40:55,"[358.0, 11]","[339.0, 44]","[359.0, 33]","[360.31, 26]",358.5,114,1.0,-0.04
07:40:56,"[347.14, 21]","[337.96, 48]","[359.0, 33]","[360.0, 24]",353.07,126,11.86,0.1
07:40:57,"[339.0, 40]","[334.43, 14]","[359.0, 20]","[360.0, 20]",349.0,94,20.0,0.15
07:40:58,"[340.33, 52]","[338.38, 32]","[360.72, 85]","[364.32, 74]",350.52,243,20.39,-0.31
07:40:59,"[342.61, 54]","[339.74, 65]","[358.61, 72]","[361.0, 90]",350.61,281,16.0,-0.15
07:41:00,"[344.07, 42]","[341.0, 42]","[356.07, 56]","[361.0, 70]",350.07,210,12.0,-0.2
07:41:01,"[346.92, 39]","[341.0, 29]","[355.91, 53]","[360.8, 100]",351.41,221,8.98,-0.38
07:41:02,"[348.12, 48]","[340.62, 16]","[354.29, 68]","[355.21, 76]",351.21,208,6.17,-0.38
07:41:03,"[350.89, 57]","[347.8, 41]","[353.87, 78]","[355.0, 91]",352.38,267,2.98,-0.27
07:41:04,"[352.34, 32]","[349.88, 50]","[354.51, 63]","[356.2, 60]",353.43,205,2.16,-0.2
07:41:05,"[341.18, 17]","[336.56, 18]","[356.0, 32]","[359.0, 8]",348.59,75,14.82,-0.07
07:41:06,"[343.11, 27]","[342.05, 38]","[356.0, 52]","[359.0, 13]",349.56,130,12.89,0.0
07:41:07,"[344.0, 45]","[342.87, 30]","[356.0, 60]","[359.48, 21]",350.0,156,12.0,-0.04
07:41:08,"[344.0, 24]","[341.0, 16]","[356.0, 32]","[360.0, 32]",350.0,104,12.0,-0.23
07:41:09,"[344.22, 27]","[342.69, 32]","[357.59, 34]","[359.75, 48]",350.91,141,13.37,-0.16
07:41:10,"[346.35, 31]","[344.77, 13]","[359.0, 22]","[360.0, 44]",352.68,110,12.65,-0.2
07:41:11,"[347.53, 57]","[345.69, 35]","[358.12, 68]","[359.35, 46]",352.82,206,10.59,-0.11
07:41:12,"[348.82, 22]","[347.62, 26]","[357.83, 48]","[359.0, 24]",353.33,120,9.02,-0.2
07:41:13,"[351.44, 54]","[350.0, 18]","[354.56, 72]","[359.0, 36]",353.0,180,3.11,-0.2
07:41:14,"[349.46, 41]","[340.54, 37]","[353.71, 34]","[359.62, 32]",351.58,144,4.24,0.08
07:41:15,"[339.14, 28]","[338.4, 40]","[360.45, 29]","[361.23, 26]",349.8,123,21.31,0.11
07:41:16,"[340.62, 8]","[338.18, 44]","[361.0, 24]","[362.0, 8]",350.81,84,20.38,0.24
07:41:17,"[341.31, 13]","[338.0, 52]","[360.21, 57]","[361.13, 31]",350.76,153,18.9,-0.15
07:41:18,"[342.46, 13]","[337.68, 47]","[353.4, 35]","[357.29, 35]",347.93,130,10.94,-0.08
07:41:19,"[343.08, 12]","[337.0, 44]","[355.4, 45]","[360.4, 30]",349.24,131,12.32,-0.15
07:41:20,"[344.55, 11]","[339.0, 44]","[358.14, 35]","[361.29, 21]",351.34,111,13.6,-0.01
07:41:21,"[343.55, 20]","[338.99, 86]","[361.0, 70]","[362.0, 14]",352.27,190,17.45,0.12
07:41:22,"[339.38, 68]","[338.86, 43]","[360.3, 57]","[361.77, 57]",349.84,225,20.92,-0.01
07:41:23,"[341.64, 28]","[340.26, 43]","[360.0, 45]","[361.0, 52]",350.82,168,18.36,-0.15
07:41:24,"[343.0, 48]","[342.0, 24]","[360.0, 34]","[361.0, 72]",351.5,178,17.0,-0.19
07:41:25,"[344.12, 48]","[343.23, 47]","[359.17, 59]","[362.01, 99]",351.65,253,15.04,-0.25
07:41:26,"[346.64, 28]","[344.33, 30]","[360.05, 74]","[369.1, 126]",353.35,258,13.41,-0.55
07:41:27,"[348.24, 74]","[347.61, 49]","[358.57, 63]","[360.82, 131]",353.41,317,10.33,-0.22
07:41:28,"[350.8, 40]","[349.5, 32]","[355.17, 36]","[356.33, 36]",352.98,144,4.37,0.0
07:41:29,"[351.79, 56]","[350.0, 28]","[355.27, 37]","[357.7, 47]",353.53,168,3.48,0.0
07:41:30,"[355.2, 60]","[353.54, 48]","[360.57, 46]","[362.44, 82]",357.88,236,5.37,-0.08
07:41:31,"[358.0, 52]","[357.0, 26]","[362.25, 48]","[363.43, 47]",360.12,173,4.25,-0.1
07:41:32,"[358.2, 60]","[357.0, 30]","[360.53, 60]","[363.66, 61]",359.37,211,2.33,-0.15
07:41:33,"[358.68, 38]","[352.32, 25]","[361.32, 41]","[365.79, 47]",360.0,151,2.63,-0.17
07:41:34,"[357.0, 22]","[344.0, 33]","[366.36, 33]","[368.47, 49]",361.68,137,9.36,-0.2
07:41:35,"[363.77, 60]","[348.9, 40]","[367.0, 45]","[369.0, 75]",365.38,220,3.23,-0.09
07:41:36,"[366.0, 110]","[360.0, 20]","[367.0, 30]","[369.0, 64]",366.5,224,1.0,0.16
07:41:37,"[366.0, 187]","[361.36, 22]","[368.14, 49]","[399.1, 61]",367.07,319,2.14,0.31
07:41:38,"[366.0, 55]","[363.0, 14]","[369.0, 49]","[492.52, 29]",367.5,147,3.0,-0.06
07:41:39,"[366.0, 15]","[363.0, 6]","[369.0, 21]","[460.43, 7]",367.5,49,3.0,-0.14
07:41:40,"[366.0, 30]","[363.0, 12]","[369.0, 42]","[490.92, 13]",367.5,97,3.0,-0.13
07:41:41,"[366.0, 50]","[363.0, 20]","[369.0, 65]","[467.04, 50]",367.5,185,3.0,-0.24
07:41:42,"[366.0, 70]","[363.0, 28]","[413.18, 51]","[454.31, 77]",389.59,226,47.18,-0.13
07:41:43,"[366.05, 42]","[364.11, 88]","[368.0, 11]","[369.0, 44]",367.02,185,1.95,0.41
07:41:44,"[366.0, 32]","[364.0, 152]","[367.12, 8]","[369.0, 32]",366.56,224,1.12,0.64
07:41:45,"[366.0, 21]","[364.0, 190]","[368.95, 37]","[376.35, 49]",367.47,297,2.95,0.42
07:41:46,"[366.0, 16]","[364.0, 148]","[369.0, 32]","[377.0, 40]",367.5,236,3.0,0.39
07:41:47,"[366.08, 13]","[364.04, 92]","[369.0, 28]","[377.0, 35]",367.54,168,2.92,0.25
07:41:48,"[366.0, 20]","[364.0, 150]","[369.0, 40]","[377.0, 50]",367.5,260,3.0,0.31
07:41:49,"[366.0, 20]","[364.0, 150]","[369.0, 40]","[377.0, 50]",367.5,260,3.0,0.31
07:41:50,"[366.0, 24]","[364.0, 180]","[369.0, 48]","[377.0, 60]",367.5,312,3.0,0.31
07:41:51,"[366.0, 8]","[364.0, 60]","[369.0, 16]","[377.0, 20]",367.5,104,3.0,0.31
07:41:52,"[364.17, 92]","[363.83, 72]","[369.0, 40]","[377.0, 50]",366.59,254,4.83,0.29
07:41:53,"[365.33, 126]","[363.91, 108]","[369.0, 48]","[377.0, 60]",367.17,342,3.67,0.37
07:41:54,"[367.0, 80]","[363.8, 20]","[369.0, 40]","[377.0, 50]",368.0,190,2.0,0.05
07:41:55,"[367.0, 48]","[364.0, 12]","[369.0, 24]","[377.0, 30]",368.0,114,2.0,0.05
07:41:56,"[367.0, 80]","[364.0, 20]","[369.0, 40]","[377.0, 50]",368.0,190,2.0,0.05
07:41:57,"[367.0, 56]","[364.0, 14]","[369.0, 28]","[377.0, 35]",368.0,133,2.0,0.05
07:41:58,"[367.0, 50]","[364.0, 20]","[368.63, 19]","[372.16, 43]",367.82,132,1.63,0.06
07:41:59,"[367.0, 23]","[364.0, 22]","[369.98, 41]","[376.48, 54]",368.49,140,2.98,-0.36
07:42:00,"[367.15, 13]","[364.25, 24]","[370.91, 47]","[378.03, 59]",369.03,143,3.76,-0.48
07:42:01,"[364.09, 22]","[350.24, 41]","[378.5, 40]","[384.9, 39]",371.3,142,14.41,-0.11
07:42:02,"[367.83, 46]","[365.04, 27]","[375.37, 38]","[381.57, 35]",371.6,146,7.54,0.0
07:42:03,"[369.0, 40]","[366.0, 38]","[371.5, 30]","[373.7, 20]",370.25,128,2.5,0.22
07:42:04,"[367.81, 43]","[365.92, 73]","[369.65, 51]","[390.76, 34]",368.73,201,1.83,0.15
07:42:05,"[368.0, 12]","[366.0, 60]","[369.0, 36]","[379.49, 57]",368.5,165,1.0,-0.13
07:42:06,"[368.0, 10]","[366.0, 50]","[373.53, 34]","[387.18, 44]",370.76,138,5.53,-0.13
07:42:07,"[368.0, 12]","[366.0, 60]","[376.67, 36]","[380.17, 60]",372.33,168,8.67,-0.14
07:42:08,"[366.29, 35]","[365.43, 35]","[373.33, 27]","[378.72, 50]",369.81,147,7.05,-0.05
07:42:09,"[366.0, 27]","[364.0, 9]","[367.14, 21]","[372.17, 12]",366.57,69,1.14,0.04
07:42:10,"[365.6, 15]","[353.22, 36]","[368.0, 15]","[379.89, 19]",366.8,85,2.4,0.2
07:42:11,"[364.0, 10]","[359.57, 63]","[372.0, 10]","[389.79, 47]",368.0,130,8.0,0.12
07:42:12,"[368.0, 100]","[364.0, 8]","[372.0, 8]","[462.62, 16]",370.0,132,4.0,0.64
07:42:13,"[368.0, 44]","[364.0, 4]","[372.0, 4]","[380.0, 8]",370.0,60,4.0,0.6
07:42:14,"[368.0, 120]","[364.0, 12]","[372.0, 12]","[380.0, 24]",370.0,168,4.0,0.57
07:42:15,"[368.0, 54]","[364.0, 6]","[372.0, 6]","[380.0, 12]",370.0,78,4.0,0.54
07:42:16,"[368.0, 93]","[363.48, 21]","[372.0, 13]","[378.81, 21]",370.0,148,4.0,0.54
07:42:17,"[368.0, 66]","[363.96, 50]","[370.57, 21]","[375.67, 12]",369.29,149,2.57,0.56
07:42:18,"[368.0, 62]","[367.0, 36]","[371.37, 19]","[379.53, 17]",369.68,134,3.37,0.46
07:42:19,"[368.84, 25]","[367.9, 31]","[376.0, 8]","[382.0, 16]",372.42,80,7.16,0.4
07:42:20,"[369.0, 36]","[368.0, 48]","[375.33, 18]","[381.14, 21]",372.17,123,6.33,0.37
07:42:21,"[369.0, 36]","[368.0, 48]","[372.92, 36]","[380.0, 18]",370.96,138,3.92,0.22
07:42:22,"[367.91, 35]","[366.11, 54]","[371.09, 33]","[381.27, 22]",369.5,144,3.18,0.24
07:42:23,"[367.0, 24]","[365.0, 56]","[370.75, 24]","[381.0, 16]",368.88,120,3.75,0.33
07:42:24,"[366.03, 58]","[364.56, 90]","[369.14, 42]","[377.81, 31]",367.59,221,3.11,0.34
07:42:25,"[363.86, 70]","[359.85, 33]","[365.42, 36]","[373.93, 29]",364.64,168,1.56,0.23
07:42:26,"[363.21, 85]","[356.98, 90]","[368.27, 44]","[379.35, 34]",365.74,253,5.06,0.38
07:42:27,"[365.19, 77]","[364.3, 69]","[380.0, 26]","[381.0, 13]",372.6,185,14.81,0.58
07:42:28,"[368.0, 13]","[365.0, 117]","[379.12, 16]","[379.95, 19]",373.56,165,11.12,0.58
07:42:29,"[368.0, 11]","[365.0, 99]","[377.27, 11]","[378.27, 11]",372.64,132,9.27,0.67
07:42:30,"[368.0, 12]","[365.0, 108]","[375.5, 12]","[377.17, 12]",371.75,144,7.5,0.67
07:42:31,"[368.0, 9]","[365.0, 81]","[373.33, 9]","[374.44, 9]",370.67,108,5.33,0.67
07:42:32,"[368.0, 14]","[366.05, 76]","[371.29, 14]","[372.29, 14]",369.64,118,3.29,0.53
07:42:33,"[367.18, 17]","[365.1, 229]","[370.0, 10]","[371.0, 10]",368.59,266,2.82,0.85
07:42:34,"[367.0, 18]","[365.0, 112]","[369.9, 10]","[370.9, 10]",368.45,150,2.9,0.73
07:42:35,"[365.06, 93]","[363.89, 61]","[368.85, 13]","[381.35, 62]",366.96,229,3.78,0.34
07:42:36,"[365.0, 90]","[363.0, 12]","[367.92, 12]","[379.97, 71]",366.46,185,2.92,0.1
07:42:37,"[365.0, 24]","[363.0, 13]","[369.33, 15]","[374.74, 23]",367.17,75,4.33,-0.01
07:42:38,"[365.89, 27]","[364.14, 7]","[378.0, 14]","[381.0, 7]",371.94,55,12.11,0.24
07:42:39,"[365.97, 37]","[364.71, 7]","[378.0, 14]","[381.0, 7]",371.99,65,12.03,0.35
07:42:40,"[365.0, 5]","[363.0, 49]","[378.0, 10]","[381.0, 5]",371.5,69,13.0,0.57
07:42:41,"[367.79, 121]","[363.38, 82]","[378.0, 74]","[381.0, 16]",372.9,293,10.21,0.39
07:42:42,"[367.86, 142]","[365.38, 16]","[376.25, 20]","[378.06, 48]",372.05,226,8.39,0.4
07:42:43,"[366.41, 17]","[364.16, 38]","[375.0, 17]","[381.53, 103]",370.71,175,8.59,-0.37
07:42:44,"[365.0, 16]","[363.57, 28]","[374.19, 16]","[381.86, 73]",369.59,133,9.19,-0.34
07:42:45,"[364.0, 31]","[363.0, 20]","[371.57, 14]","[377.21, 19]",367.79,84,7.57,0.21
07:42:46,"[364.71, 42]","[363.77, 70]","[369.2, 20]","[369.82, 22]",366.96,154,4.49,0.45
07:42:47,"[365.66, 29]","[364.0, 96]","[367.21, 19]","[370.06, 32]",366.43,176,1.56,0.42
07:42:48,"[364.56, 25]","[363.93, 45]","[367.0, 17]","[379.0, 20]",365.78,107,2.44,0.31
07:42:49,"[363.9, 40]","[362.59, 44]","[373.91, 23]","[378.9, 29]",368.91,136,10.01,0.24
07:42:50,"[364.09, 22]","[359.65, 51]","[379.5, 24]","[381.84, 49]",371.8,146,15.41,0.0
07:42:51,"[366.95, 42]","[365.79, 29]","[380.0, 22]","[382.0, 55]",373.48,148,13.05,-0.04
07:42:52,"[367.0, 44]","[366.0, 33]","[379.0, 55]","[380.0, 22]",373.0,154,12.0,0.0
07:42:53,"[367.0, 44]","[366.0, 33]","[378.36, 55]","[380.56, 27]",372.68,159,11.36,-0.03
07:42:54,"[367.0, 24]","[366.0, 36]","[378.0, 60]","[380.86, 28]",372.5,148,11.0,-0.19
07:42:55,"[366.23, 13]","[365.29, 14]","[378.0, 40]","[380.0, 8]",372.12,75,11.77,-0.28
07:42:56,"[366.0, 16]","[364.0, 8]","[377.62, 40]","[380.22, 9]",371.81,73,11.62,-0.34
07:42:57,"[362.29, 56]","[360.8, 10]","[376.67, 30]","[381.0, 12]",369.48,108,14.38,0.22
07:42:58,"[362.0, 102]","[360.0, 32]","[375.0, 50]","[382.91, 47]",368.5,231,13.0,0.16
07:42:59,"[362.0, 137]","[360.0, 26]","[374.69, 81]","[381.4, 50]",368.35,294,12.69,0.11
07:43:00,"[362.0, 112]","[360.0, 16]","[374.0, 40]","[375.0, 16]",368.0,184,12.0,0.39
07:43:01,"[362.0, 88]","[360.0, 14]","[374.0, 35]","[375.0, 14]",368.0,151,12.0,0.35
07:43:02,"[362.0, 72]","[360.0, 16]","[374.0, 40]","[375.0, 16]",368.0,144,12.0,0.22
07:43:03,"[362.67, 52]","[361.73, 73]","[372.5, 38]","[373.46, 41]",367.59,204,9.83,0.23
07:43:04,"[362.55, 91]","[358.68, 171]","[371.47, 59]","[372.89, 57]",367.01,378,8.93,0.39
07:43:05,"[366.41, 74]","[362.73, 73]","[369.45, 66]","[370.62, 78]",367.93,291,3.05,0.01
07:43:06,"[367.18, 28]","[365.44, 64]","[368.75, 48]","[369.92, 76]",367.96,216,1.57,-0.15
07:43:07,"[363.7, 47]","[361.55, 99]","[367.09, 55]","[369.93, 43]",365.4,244,3.39,0.2
07:43:08,"[362.23, 70]","[360.87, 90]","[365.47, 58]","[370.92, 26]",363.85,244,3.24,0.31
07:43:09,"[362.0, 81]","[357.3, 43]","[363.14, 29]","[364.8, 25]",362.57,178,1.14,0.39
07:43:10,"[362.0, 60]","[356.45, 31]","[363.54, 13]","[373.62, 16]",362.77,120,1.54,0.52
07:43:11,"[362.0, 66]","[356.0, 33]","[363.82, 11]","[375.0, 22]",362.91,132,1.82,0.5
07:43:12,"[362.03, 36]","[357.3, 23]","[368.33, 9]","[375.5, 12]",365.18,80,6.31,0.47
07:43:13,"[362.33, 18]","[358.62, 32]","[375.0, 20]","[379.54, 26]",368.67,96,12.67,0.04
07:43:14,"[363.58, 31]","[362.21, 28]","[375.0, 28]","[378.29, 70]",369.29,157,11.42,-0.25
07:43:15,"[355.86, 56]","[354.46, 26]","[363.88, 50]","[369.06, 36]",359.87,168,8.02,-0.02
07:43:16,"[355.0, 60]","[354.0, 24]","[361.25, 36]","[374.0, 24]",358.12,144,6.25,0.17
07:43:17,"[355.0, 50]","[354.0, 20]","[358.36, 28]","[364.21, 28]",356.68,126,3.36,0.11
07:43:18,"[355.0, 65]","[354.0, 26]","[357.0, 39]","[359.0, 26]",356.0,156,2.0,0.17
07:43:19,"[355.0, 35]","[354.0, 22]","[356.91, 33]","[358.07, 15]",355.95,105,1.91,0.09
07:43:20,"[354.3, 20]","[351.2, 40]","[356.41, 37]","[357.17, 29]",355.35,126,2.11,-0.05
07:43:21,"[354.0, 28]","[350.0, 56]","[355.1, 40]","[356.2, 30]",354.55,154,1.1,0.09
07:43:22,"[354.0, 18]","[350.0, 36]","[355.0, 25]","[356.25, 16]",354.5,95,1.0,0.14
07:43:23,"[354.0, 18]","[350.0, 36]","[357.29, 21]","[358.8, 15]",355.64,90,3.29,0.2
07:43:24,"[355.2, 10]","[352.33, 12]","[357.0, 25]","[358.0, 5]",356.1,52,1.8,-0.15
07:43:25,"[352.0, 20]","[350.0, 40]","[356.77, 26]","[357.12, 34]",354.38,120,4.77,0.0
07:43:26,"[352.4, 30]","[350.2, 40]","[356.0, 11]","[357.0, 55]",354.2,136,3.6,0.03
07:43:27,"[353.14, 42]","[344.29, 28]","[356.83, 35]","[357.19, 31]",354.99,136,3.69,0.03
07:43:28,"[350.75, 16]","[341.0, 8]","[356.97, 36]","[357.58, 12]",353.86,72,6.22,-0.33
07:43:29,"[354.13, 45]","[350.55, 44]","[367.77, 65]","[369.77, 35]",360.95,189,13.64,-0.06
07:43:30,"[362.26, 35]","[356.67, 57]","[365.73, 52]","[369.86, 50]",363.99,194,3.47,-0.05
07:43:31,"[364.8, 163]","[360.71, 77]","[369.77, 48]","[370.33, 48]",367.29,336,4.97,0.43
07:43:32,"[365.0, 179]","[361.0, 50]","[367.7, 10]","[370.0, 50]",366.35,289,2.7,0.58
07:43:33,"[365.0, 133]","[361.0, 70]","[366.07, 14]","[375.14, 70]",365.54,287,1.07,0.41
07:43:34,"[365.0, 39]","[361.0, 30]","[366.0, 6]","[374.29, 14]",365.5,89,1.0,0.55
07:43:35,"[365.0, 72]","[361.0, 60]","[366.0, 12]","[375.77, 52]",365.5,196,1.0,0.35
07:43:36,"[365.0, 48]","[361.0, 40]","[366.0, 8]","[376.0, 40]",365.5,136,1.0,0.29
07:43:37,"[365.0, 53]","[361.0, 45]","[369.85, 13]","[376.44, 45]",367.42,156,4.85,0.26
07:43:38,"[365.0, 30]","[361.0, 30]","[376.0, 30]","[380.0, 30]",370.5,120,11.0,0.0
07:43:39,"[365.0, 50]","[361.0, 50]","[376.0, 50]","[380.0, 50]",370.5,200,11.0,0.0
07:43:40,"[365.0, 42]","[361.0, 45]","[376.0, 45]","[380.0, 45]",370.5,177,11.0,-0.02
07:43:41,"[365.0, 12]","[361.0, 45]","[376.0, 45]","[380.0, 45]",370.5,147,11.0,-0.22
07:43:42,"[365.93, 15]","[363.95, 19]","[378.82, 71]","[380.62, 65]",372.38,170,12.88,-0.6
07:43:43,"[366.0, 12]","[365.0, 12]","[376.0, 12]","[378.17, 60]",371.0,96,10.0,-0.5
07:43:44,"[367.0, 12]","[365.2, 10]","[376.0, 10]","[378.0, 50]",371.5,82,9.0,-0.46
07:43:45,"[366.71, 17]","[365.13, 15]","[377.29, 31]","[378.9, 71]",372.0,134,10.58,-0.52
07:43:46,"[366.0, 7]","[365.0, 7]","[376.0, 7]","[378.0, 35]",371.0,56,10.0,-0.5
07:43:47,"[366.0, 15]","[365.0, 15]","[375.87, 15]","[377.49, 67]",370.93,112,9.87,-0.46
07:43:48,"[368.44, 27]","[365.46, 13]","[375.0, 13]","[376.0, 13]",371.72,66,6.56,0.21
07:43:49,"[365.35, 37]","[361.51, 47]","[373.62, 13]","[376.94, 53]",369.48,150,8.26,0.12
07:43:50,"[363.0, 24]","[361.0, 40]","[371.03, 29]","[374.08, 12]",367.02,105,8.03,0.22
07:43:51,"[363.0, 32]","[361.0, 67]","[370.13, 39]","[370.86, 21]",366.56,159,7.13,0.25
07:43:52,"[363.0, 33]","[361.0, 66]","[367.14, 35]","[369.2, 20]",365.07,154,4.14,0.29
07:43:53,"[363.0, 27]","[361.0, 54]","[366.97, 33]","[367.67, 12]",364.98,126,3.97,0.29
07:43:54,"[363.0, 39]","[361.0, 78]","[365.85, 13]","[367.0, 52]",364.42,182,2.85,0.29
07:43:55,"[363.0, 39]","[361.0, 78]","[374.2, 25]","[371.86, 37]",368.6,179,11.2,0.31
07:43:56,"[363.78, 27]","[362.0, 36]","[375.0, 9]","[376.0, 36]",369.39,108,11.22,0.17
07:43:57,"[365.38, 63]","[363.0, 63]","[374.1, 21]","[376.0, 84]",369.74,231,8.71,0.09
07:43:58,"[366.93, 42]","[364.4, 60]","[374.0, 14]","[376.64, 56]",370.46,172,7.07,0.19
07:43:59,"[367.0, 17]","[365.0, 56]","[373.38, 8]","[377.0, 32]",370.19,113,6.38,0.29
07:44:00,"[366.48, 27]","[364.92, 73]","[372.45, 11]","[379.64, 25]",369.47,136,5.97,0.47
07:44:01,"[366.0, 48]","[365.0, 84]","[372.0, 12]","[379.0, 12]",369.0,156,6.0,0.69
07:44:02,"[366.0, 51]","[365.0, 91]","[371.54, 13]","[379.0, 13]",368.77,168,5.54,0.69
07:44:03,"[366.56, 41]","[365.36, 66]","[368.41, 27]","[377.4, 30]",367.48,164,1.85,0.3
07:44:04,"[365.04, 102]","[363.92, 61]","[377.22, 27]","[380.32, 50]",371.13,240,12.18,0.36
07:44:05,"[365.0, 77]","[363.0, 21]","[374.6, 10]","[381.46, 13]",369.8,121,9.6,0.62
07:44:06,"[365.0, 99]","[363.0, 27]","[373.11, 36]","[375.0, 9]",369.06,171,8.11,0.47
07:44:07,"[365.0, 121]","[363.0, 30]","[372.73, 44]","[374.0, 11]",368.86,206,7.73,0.47
07:44:08,"[365.0, 99]","[363.0, 32]","[371.33, 36]","[374.0, 9]",368.17,176,6.33,0.49
07:44:09,"[365.0, 99]","[363.0, 81]","[370.0, 36]","[381.11, 45]",367.5,261,5.0,0.38
07:44:10,"[365.0, 74]","[363.0, 99]","[368.55, 44]","[381.0, 79]",366.77,296,3.55,0.17
07:44:11,"[364.29, 102]","[362.91, 94]","[368.69, 52]","[380.21, 76]",366.49,324,4.4,0.21
07:44:12,"[363.0, 47]","[361.0, 64]","[376.83, 18]","[379.76, 29]",369.92,158,13.83,0.41
07:44:13,"[363.0, 28]","[361.0, 56]","[375.85, 13]","[378.13, 23]",369.42,120,12.85,0.4
07:44:14,"[364.58, 38]","[362.43, 56]","[373.25, 12]","[376.0, 36]",368.91,142,8.67,0.32
07:44:15,"[365.0, 39]","[363.0, 52]","[372.03, 37]","[373.6, 15]",368.51,143,7.03,0.27
07:44:16,"[366.96, 153]","[364.78, 37]","[370.31, 26]","[371.77, 22]",368.63,238,3.35,0.6
07:44:17,"[367.0, 134]","[365.0, 42]","[368.88, 34]","[371.36, 22]",367.94,232,1.88,0.52
07:44:18,"[365.83, 46]","[363.4, 45]","[376.93, 40]","[380.7, 83]",371.38,214,11.1,-0.15
07:44:19,"[365.0, 33]","[363.0, 44]","[379.0, 55]","[381.0, 44]",372.0,176,14.0,-0.12
07:44:20,"[365.0, 36]","[363.0, 48]","[378.4, 53]","[380.0, 55]",371.7,192,13.4,-0.12
07:44:21,"[365.0, 39]","[363.0, 32]","[376.77, 52]","[380.0, 65]",370.88,188,11.77,-0.24
07:44:22,"[365.0, 54]","[363.0, 36]","[374.44, 72]","[380.0, 90]",369.72,252,9.44,-0.29
07:44:23,"[364.81, 43]","[362.29, 56]","[373.0, 60]","[380.0, 90]",368.91,249,8.19,-0.2
07:44:24,"[365.94, 49]","[361.89, 72]","[373.0, 40]","[377.45, 53]",369.47,214,7.06,0.13
07:44:25,"[366.4, 60]","[362.09, 46]","[373.0, 52]","[377.0, 65]",369.7,223,6.6,-0.05
07:44:26,"[363.0, 36]","[361.0, 84]","[372.25, 48]","[378.0, 60]",367.62,228,9.25,0.05
07:44:27,"[363.0, 51]","[361.0, 199]","[370.94, 68]","[379.92, 65]",366.97,383,7.94,0.31
07:44:28,"[365.93, 131]","[362.56, 54]","[372.23, 30]","[379.66, 58]",369.08,273,6.3,0.36
07:44:29,"[366.07, 46]","[363.47, 32]","[380.94, 77]","[385.62, 39]",373.5,194,14.87,-0.2
07:44:30,"[367.02, 85]","[366.26, 47]","[381.0, 64]","[384.75, 32]",374.01,228,13.98,0.16
07:44:31,"[367.0, 132]","[366.0, 85]","[379.75, 59]","[380.74, 61]",373.37,337,12.75,0.29
07:44:32,"[367.0, 108]","[365.11, 45]","[376.33, 27]","[383.6, 30]",371.67,210,9.33,0.46
07:44:33,"[367.0, 120]","[365.0, 50]","[376.0, 30]","[384.0, 42]",371.5,242,9.0,0.4
07:44:34,"[367.0, 108]","[365.0, 45]","[376.0, 27]","[384.0, 70]",371.5,250,9.0,0.22
07:44:35,"[367.0, 83]","[365.0, 35]","[376.0, 21]","[384.0, 42]",371.5,181,9.0,0.3
07:44:36,"[367.0, 33]","[365.0, 15]","[375.33, 9]","[383.8, 15]",371.17,72,8.33,0.33
07:44:37,"[367.0, 99]","[365.0, 45]","[374.11, 27]","[382.42, 31]",370.56,202,7.11,0.43
07:44:38,"[367.0, 110]","[366.0, 30]","[372.53, 34]","[379.71, 42]",369.76,216,5.53,0.3
07:44:39,"[367.0, 88]","[366.0, 24]","[372.0, 32]","[373.0, 24]",369.5,168,5.0,0.33
07:44:40,"[367.0, 88]","[366.0, 24]","[371.57, 28]","[372.43, 28]",369.29,168,4.57,0.33
07:44:41,"[367.0, 154]","[366.0, 42]","[369.9, 51]","[371.43, 47]",368.45,294,2.9,0.33
07:44:42,"[367.0, 101]","[366.0, 36]","[368.53, 47]","[370.95, 40]",367.77,224,1.53,0.22
07:44:43,"[366.0, 12]","[365.0, 40]","[370.25, 24]","[381.0, 24]",368.12,100,4.25,0.04
07:44:44,"[366.1, 20]","[364.42, 31]","[369.0, 33]","[381.0, 33]",367.55,117,2.9,-0.13
07:44:45,"[364.71, 21]","[362.64, 33]","[368.3, 30]","[380.6, 30]",366.51,114,3.59,-0.05
07:44:46,"[364.0, 90]","[363.0, 30]","[367.5, 30]","[379.0, 30]",365.75,180,3.5,0.33
07:44:47,"[365.0, 44]","[363.0, 18]","[367.0, 18]","[379.0, 18]",366.0,98,2.0,0.27
07:44:48,"[365.07, 57]","[363.0, 27]","[368.89, 27]","[381.21, 29]",366.98,140,3.82,0.2
07:44:49,"[366.0, 56]","[363.0, 33]","[378.87, 31]","[383.2, 15]",372.44,135,12.87,0.32
07:44:50,"[366.0, 36]","[363.0, 17]","[377.33, 12]","[379.0, 18]",371.67,83,11.33,0.28
07:44:51,"[366.0, 66]","[364.56, 36]","[376.09, 22]","[380.82, 33]",371.05,157,10.09,0.3
07:44:52,"[366.0, 40]","[365.0, 28]","[376.0, 14]","[385.22, 27]",371.0,109,10.0,0.25
07:44:53,"[366.0, 36]","[365.0, 36]","[374.89, 18]","[383.95, 22]",370.44,112,8.89,0.29
07:44:54,"[366.25, 32]","[365.4, 40]","[370.3, 20]","[372.4, 20]",368.27,112,4.05,0.29
07:44:55,"[367.0, 22]","[366.0, 44]","[368.8, 25]","[369.91, 22]",367.9,113,1.8,0.17
07:44:56,"[366.47, 30]","[365.64, 44]","[368.0, 55]","[369.36, 22]",367.23,151,1.53,-0.02
07:44:57,"[366.0, 36]","[365.0, 36]","[368.0, 45]","[370.0, 18]",367.0,135,2.0,0.07
07:44:58,"[365.21, 38]","[363.67, 24]","[368.5, 26]","[378.0, 36]",366.86,124,3.29,0.0
07:44:59,"[365.0, 39]","[363.0, 35]","[367.33, 21]","[376.21, 43]",366.17,138,2.33,0.07
07:45:00,"[365.0, 27]","[363.0, 60]","[366.29, 14]","[368.09, 22]",365.64,123,1.29,0.41
07:45:01,"[363.41, 44]","[362.45, 101]","[370.32, 25]","[381.92, 65]",366.86,235,6.91,0.23
07:45:02,"[363.25, 48]","[362.09, 97]","[380.0, 14]","[382.0, 72]",371.62,231,16.75,0.26
07:45:03,"[365.93, 15]","[364.08, 26]","[380.0, 11]","[382.0, 44]",372.97,96,14.07,-0.15
07:45:04,"[364.33, 18]","[362.43, 42]","[379.89, 9]","[381.94, 33]",372.11,102,15.56,0.18
07:45:05,"[363.0, 12]","[362.0, 48]","[376.78, 9]","[378.5, 6]",369.89,75,13.78,0.6
07:45:06,"[363.0, 22]","[362.0, 88]","[375.82, 44]","[377.0, 11]",369.41,165,12.82,0.33
07:45:07,"[363.0, 14]","[362.0, 56]","[374.25, 16]","[375.35, 20]",368.62,106,11.25,0.32
07:45:08,"[364.0, 14]","[363.0, 28]","[371.9, 20]","[373.04, 50]",367.95,112,7.9,-0.25
07:45:09,"[364.08, 12]","[363.0, 24]","[370.56, 18]","[372.9, 42]",367.32,96,6.47,-0.25
07:45:10,"[363.09, 22]","[362.01, 170]","[368.93, 61]","[370.02, 49]",366.01,302,5.84,0.27
07:45:11,"[362.06, 16]","[359.22, 18]","[372.27, 11]","[379.07, 29]",367.17,74,10.21,-0.08
07:45:12,"[367.62, 32]","[361.17, 12]","[375.0, 12]","[377.0, 48]",371.31,104,7.38,-0.15
07:45:13,"[368.0, 36]","[363.33, 27]","[375.0, 12]","[377.0, 48]",371.5,123,7.0,0.02
07:45:14,"[368.0, 33]","[363.83, 46]","[375.57, 35]","[381.83, 41]",371.79,155,7.57,0.02
07:45:15,"[368.0, 24]","[364.0, 12]","[375.0, 32]","[378.71, 28]",371.5,96,7.0,-0.25
07:45:16,"[366.35, 17]","[363.2, 10]","[375.0, 32]","[377.0, 24]",370.68,83,8.65,-0.35
07:45:17,"[366.0, 18]","[354.0, 72]","[374.29, 42]","[375.55, 33]",370.14,165,8.29,0.09
07:45:18,"[366.0, 26]","[362.98, 65]","[373.3, 57]","[374.18, 72]",369.65,220,7.3,-0.17
07:45:19,"[366.0, 24]","[364.0, 48]","[370.78, 36]","[372.67, 36]",368.39,144,4.78,0.0
07:45:20,"[366.0, 22]","[364.0, 44]","[368.71, 34]","[370.12, 32]",367.35,132,2.71,0.0
07:45:21,"[366.0, 76]","[364.0, 56]","[367.07, 28]","[369.0, 56]",366.54,216,1.07,0.22
07:45:22,"[365.92, 102]","[363.71, 56]","[368.55, 47]","[373.31, 58]",367.24,263,2.63,0.2
07:45:23,"[362.43, 84]","[356.09, 93]","[380.13, 45]","[382.75, 48]",371.28,270,17.7,0.31
07:45:24,"[365.0, 24]","[362.0, 96]","[379.0, 48]","[383.0, 48]",372.0,216,14.0,0.11
07:45:25,"[365.0, 20]","[362.0, 80]","[377.9, 31]","[380.45, 31]",371.45,162,12.9,0.23
07:45:26,"[372.0, 15]","[365.0, 30]","[376.52, 67]","[377.15, 47]",374.26,159,4.52,-0.43
07:45:27,"[363.68, 37]","[360.6, 81]","[373.0, 12]","[376.0, 48]",368.34,178,9.32,0.33
07:45:28,"[362.0, 84]","[357.0, 132]","[370.81, 32]","[372.43, 47]",366.41,295,8.81,0.46
07:45:29,"[362.0, 38]","[357.0, 121]","[368.67, 27]","[370.45, 49]",365.33,235,6.67,0.35
07:45:30,"[365.76, 50]","[358.41, 46]","[367.38, 32]","[369.38, 50]",366.57,178,1.62,0.08
07:45:31,"[363.52, 21]","[357.1, 139]","[371.39, 23]","[373.56, 54]",367.46,237,7.87,0.35
07:45:32,"[362.0, 11]","[355.0, 63]","[371.64, 11]","[376.27, 37]",366.82,122,9.64,0.21
07:45:33,"[363.54, 13]","[355.48, 58]","[371.0, 13]","[377.0, 91]",367.27,175,7.46,-0.19
07:45:34,"[367.0, 17]","[362.0, 17]","[371.0, 17]","[377.0, 86]",369.0,137,4.0,-0.5
07:45:35,"[367.0, 14]","[362.0, 14]","[370.57, 14]","[377.0, 56]",368.79,98,3.57,-0.43
07:45:36,"[367.0, 14]","[363.76, 41]","[369.0, 14]","[377.61, 72]",368.0,141,2.0,-0.22
07:45:37,"[367.0, 8]","[364.0, 32]","[369.0, 8]","[378.0, 32]",368.0,80,2.0,0.0
07:45:38,"[367.92, 26]","[365.8, 20]","[374.64, 42]","[378.14, 56]",371.28,144,6.72,-0.36
07:45:39,"[367.67, 18]","[364.6, 30]","[375.95, 41]","[381.82, 55]",371.81,144,8.28,-0.33
07:45:40,"[369.47, 34]","[364.6, 30]","[378.0, 48]","[380.25, 60]",373.74,172,8.53,-0.26
07:45:41,"[367.0, 5]","[364.0, 20]","[378.0, 20]","[379.0, 25]",372.5,70,11.0,-0.29
07:45:42,"[365.07, 14]","[362.31, 89]","[378.0, 40]","[379.0, 50]",371.54,193,12.93,0.07
07:45:43,"[364.2, 90]","[361.74, 106]","[377.83, 53]","[378.82, 67]",371.02,316,13.63,0.24
07:45:44,"[364.35, 69]","[361.88, 102]","[375.5, 24]","[376.55, 31]",369.92,226,11.15,0.51
07:45:45,"[362.58, 57]","[361.96, 138]","[373.54, 39]","[375.0, 26]",368.06,260,10.96,0.5
07:45:46,"[363.0, 36]","[362.0, 144]","[370.41, 34]","[372.12, 26]",366.71,240,7.41,0.5
07:45:47,"[363.0, 42]","[362.0, 168]","[367.57, 28]","[370.0, 42]",365.29,280,4.57,0.5
07:45:48,"[363.0, 30]","[362.0, 120]","[365.43, 14]","[366.58, 19]",364.21,183,2.43,0.64
07:45:49,"[363.0, 27]","[362.0, 156]","[364.49, 37]","[366.78, 27]",363.74,247,1.49,0.48
07:45:50,"[362.22, 65]","[361.55, 99]","[364.97, 31]","[377.68, 59]",363.59,254,2.75,0.29
07:45:51,"[362.0, 88]","[359.0, 48]","[364.66, 47]","[377.18, 71]",363.33,254,2.66,0.07
07:45:52,"[359.58, 55]","[355.04, 158]","[366.37, 43]","[375.79, 85]",362.98,341,6.79,0.25
07:45:53,"[356.0, 39]","[354.0, 116]","[375.0, 13]","[377.0, 65]",365.5,233,19.0,0.33
07:45:54,"[358.84, 57]","[354.63, 57]","[373.68, 19]","[377.0, 95]",366.26,228,14.84,0.0
07:45:55,"[365.0, 48]","[358.5, 24]","[372.81, 16]","[376.38, 80]",368.91,168,7.81,-0.14
07:45:56,"[365.0, 29]","[363.0, 11]","[372.0, 11]","[373.36, 55]",368.5,106,7.0,-0.25
07:45:57,"[365.0, 20]","[363.0, 10]","[372.0, 10]","[373.0, 50]",368.5,90,7.0,-0.33
07:45:58,"[365.0, 20]","[363.0, 10]","[370.8, 10]","[373.7, 50]",367.9,90,5.8,-0.33
07:45:59,"[365.0, 30]","[363.0, 15]","[371.06, 33]","[372.02, 49]",368.03,127,6.06,-0.29
07:46:00,"[365.0, 18]","[363.0, 9]","[373.95, 43]","[381.05, 38]",369.48,108,8.95,-0.5
07:46:01,"[369.5, 20]","[365.8, 25]","[374.0, 75]","[381.87, 60]",371.75,180,4.5,-0.5
07:46:02,"[367.0, 42]","[366.5, 24]","[374.0, 90]","[382.0, 72]",370.5,228,7.0,-0.42
07:46:03,"[366.0, 96]","[360.23, 13]","[374.0, 60]","[382.0, 48]",370.0,217,8.0,0.0
07:46:04,"[366.05, 124]","[363.56, 55]","[375.8, 71]","[383.81, 69]",370.93,319,9.75,0.12
07:46:05,"[368.0, 18]","[366.0, 60]","[382.0, 40]","[387.0, 50]",375.0,168,14.0,-0.07
07:46:06,"[368.99, 77]","[367.0, 20]","[380.39, 31]","[383.42, 53]",374.69,181,11.4,0.07
07:46:07,"[369.0, 77]","[368.0, 11]","[372.66, 41]","[374.43, 35]",370.83,164,3.66,0.07
07:46:08,"[368.96, 97]","[366.57, 56]","[370.91, 66]","[372.13, 86]",369.93,305,1.95,0.0
07:46:09,"[366.0, 120]","[364.0, 105]","[367.73, 15]","[379.0, 15]",366.87,255,1.73,0.76
07:46:10,"[366.0, 20]","[364.0, 84]","[367.0, 12]","[379.0, 12]",366.5,128,1.0,0.62
07:46:11,"[364.15, 41]","[363.21, 19]","[367.0, 7]","[379.0, 7]",365.57,74,2.85,0.62
07:46:12,"[365.0, 26]","[364.0, 91]","[366.54, 13]","[378.62, 13]",365.77,143,1.54,0.64
07:46:13,"[365.44, 16]","[364.0, 77]","[372.55, 11]","[382.94, 17]",368.99,121,7.11,0.54
07:46:14,"[368.95, 111]","[364.43, 47]","[378.0, 11]","[385.0, 22]",373.47,191,9.05,0.65
07:46:15,"[369.0, 252]","[368.0, 12]","[378.0, 12]","[385.0, 24]",373.5,300,9.0,0.76
07:46:16,"[370.0, 13]","[369.0, 273]","[378.0, 13]","[385.0, 26]",374.0,325,8.0,0.76
07:46:17,"[370.33, 6]","[369.01, 85]","[378.0, 5]","[385.0, 10]",374.17,106,7.67,0.72
07:46:18,"[370.0, 14]","[369.0, 294]","[377.12, 34]","[381.11, 18]",373.56,360,7.12,0.71
07:46:19,"[370.0, 11]","[369.0, 231]","[376.55, 33]","[378.0, 11]",373.27,286,6.55,0.69
07:46:20,"[370.0, 16]","[369.0, 336]","[375.19, 48]","[377.36, 28]",372.59,428,5.19,0.64
07:46:21,"[369.04, 79]","[367.46, 91]","[374.0, 21]","[384.0, 7]",371.52,198,4.96,0.72
07:46:22,"[369.0, 133]","[364.0, 49]","[373.14, 21]","[384.0, 7]",371.07,210,4.14,0.73
07:46:23,"[369.0, 228]","[364.0, 84]","[372.25, 36]","[384.0, 12]",370.62,360,3.25,0.73
07:46:24,"[368.02, 55]","[364.69, 58]","[375.77, 44]","[388.06, 34]",371.9,191,7.75,0.18
07:46:25,"[367.8, 20]","[364.92, 91]","[383.25, 36]","[385.69, 39]",375.52,186,15.45,0.19
07:46:26,"[365.0, 78]","[364.0, 91]","[382.0, 39]","[383.46, 26]",373.5,234,17.0,0.44
07:46:27,"[365.0, 66]","[364.0, 77]","[380.47, 32]","[382.57, 23]",372.73,198,15.47,0.44
07:46:28,"[364.87, 69]","[364.28, 85]","[377.34, 35]","[378.45, 40]",371.11,229,12.47,0.34
07:46:29,"[364.85, 62]","[363.94, 86]","[375.07, 55]","[380.72, 61]",369.96,264,10.22,0.12
07:46:30,"[367.0, 7]","[365.0, 21]","[375.0, 21]","[383.0, 21]",371.0,70,8.0,-0.2
07:46:31,"[367.0, 8]","[365.0, 24]","[375.0, 24]","[383.0, 24]",371.0,80,8.0,-0.2
07:46:32,"[365.86, 21]","[364.49, 55]","[375.0, 39]","[383.0, 39]",370.43,154,9.14,-0.01
07:46:33,"[364.32, 37]","[363.32, 88]","[374.11, 27]","[378.8, 20]",369.22,172,9.79,0.45
07:46:34,"[363.0, 48]","[359.0, 8]","[374.0, 12]","[377.0, 8]",368.5,76,11.0,0.47
07:46:35,"[363.01, 141]","[359.94, 34]","[373.31, 48]","[379.15, 39]",368.16,262,10.31,0.34
07:46:36,"[364.58, 12]","[363.0, 96]","[371.17, 36]","[372.38, 16]",367.88,160,6.58,0.35
07:46:37,"[363.09, 66]","[361.0, 32]","[367.0, 23]","[371.11, 27]",365.05,148,3.91,0.32
07:46:38,"[363.0, 21]","[355.0, 3]","[369.25, 8]","[377.0, 9]",366.12,41,6.25,0.17
07:46:39,"[363.0, 32]","[355.0, 8]","[371.0, 24]","[380.0, 24]",367.0,88,8.0,-0.09
07:46:40,"[363.77, 39]","[354.86, 14]","[370.62, 39]","[380.0, 39]",367.19,131,6.85,-0.19
07:46:41,"[364.0, 30]","[354.0, 20]","[375.7, 30]","[381.1, 30]",369.85,110,11.7,-0.09
07:46:42,"[370.2, 82]","[366.42, 57]","[380.0, 45]","[383.0, 45]",375.1,229,9.8,0.21
07:46:43,"[371.0, 76]","[370.0, 114]","[378.63, 57]","[381.47, 57]",374.82,304,7.63,0.25
07:46:44,"[370.17, 48]","[369.1, 116]","[376.5, 30]","[380.0, 30]",373.33,224,6.33,0.46
07:46:45,"[370.0, 60]","[369.0, 156]","[375.0, 36]","[380.0, 36]",372.5,288,5.0,0.5
07:46:46,"[370.0, 29]","[369.0, 117]","[372.26, 31]","[378.22, 27]",371.13,204,2.26,0.43
07:46:47,"[369.03, 110]","[367.49, 160]","[371.43, 40]","[381.92, 64]",370.23,374,2.4,0.44
07:46:48,"[369.0, 99]","[367.0, 121]","[370.73, 33]","[387.82, 55]",369.86,308,1.73,0.43
07:46:49,"[369.0, 68]","[367.0, 88]","[370.0, 24]","[388.1, 59]",369.5,239,1.0,0.31
07:46:50,"[369.0, 40]","[367.0, 55]","[370.0, 19]","[389.0, 50]",369.5,164,1.0,0.16
07:46:51,"[369.0, 47]","[367.0, 77]","[373.28, 29]","[389.06, 64]",371.14,217,4.28,0.14
07:46:52,"[369.0, 75]","[367.0, 165]","[381.88, 91]","[403.91, 85]",375.44,416,12.88,0.15
07:46:53,"[369.0, 14]","[367.0, 110]","[391.0, 90]","[514.4, 20]",380.0,234,22.0,0.06
07:46:54,"[369.0, 13]","[367.0, 143]","[384.1, 51]","[393.22, 64]",376.55,271,15.1,0.15
07:46:55,"[369.0, 6]","[367.0, 66]","[380.0, 12]","[381.0, 30]",374.5,114,11.0,0.26
07:46:56,"[369.0, 6]","[367.0, 66]","[379.5, 12]","[381.0, 30]",374.25,114,10.5,0.26
07:46:57,"[370.34, 61]","[367.65, 49]","[377.26, 38]","[381.84, 86]",373.8,234,6.92,-0.06
07:46:58,"[372.0, 16]","[369.0, 8]","[376.4, 25]","[381.62, 26]",374.2,75,4.4,-0.36
07:46:59,"[372.0, 32]","[369.0, 16]","[373.77, 71]","[375.17, 41]",372.89,160,1.77,-0.4
07:47:00,"[371.52, 25]","[367.67, 33]","[373.0, 65]","[374.0, 26]",372.26,149,1.48,-0.22
07:47:01,"[370.0, 33]","[369.0, 11]","[372.42, 31]","[374.57, 46]",371.21,121,2.42,-0.27
07:47:02,"[370.0, 22]","[368.0, 22]","[372.5, 60]","[385.0, 34]",371.25,138,2.5,-0.36
07:47:03,"[367.38, 91]","[366.75, 118]","[372.0, 70]","[385.0, 98]",369.69,377,4.62,0.11
07:47:04,"[368.0, 36]","[367.0, 99]","[370.67, 45]","[385.0, 28]",369.33,208,2.67,0.3
07:47:05,"[367.09, 85]","[366.39, 57]","[368.94, 17]","[385.0, 18]",368.02,177,1.85,0.6
07:47:06,"[367.0, 71]","[366.0, 45]","[376.5, 12]","[385.56, 27]",371.75,155,9.5,0.5
07:47:07,"[367.0, 80]","[366.0, 77]","[382.98, 65]","[384.26, 47]",374.99,269,15.98,0.17
07:47:08,"[367.55, 78]","[366.48, 101]","[381.0, 125]","[384.73, 90]",374.28,394,13.45,-0.09
07:47:09,"[368.0, 33]","[367.0, 54]","[380.62, 65]","[383.36, 61]",374.31,213,12.62,-0.18
07:47:10,"[368.96, 69]","[367.88, 51]","[380.0, 80]","[384.77, 132]",374.48,332,11.04,-0.28
07:47:11,"[370.64, 22]","[368.0, 33]","[379.45, 55]","[383.0, 55]",375.05,165,8.82,-0.33
07:47:12,"[371.48, 23]","[367.71, 35]","[374.82, 55]","[379.45, 55]",373.15,168,3.34,-0.31
07:47:13,"[368.0, 33]","[366.0, 64]","[374.0, 55]","[384.09, 55]",371.0,207,6.0,-0.06
07:47:14,"[368.0, 24]","[366.0, 48]","[373.5, 30]","[381.5, 40]",370.75,142,5.5,0.01
07:47:15,"[368.0, 39]","[366.0, 78]","[371.81, 27]","[380.0, 65]",369.91,209,3.81,0.12
07:47:16,"[368.0, 36]","[366.0, 48]","[369.14, 21]","[370.4, 15]",368.57,120,1.14,0.4
07:47:17,"[368.0, 34]","[366.0, 132]","[377.05, 55]","[381.06, 85]",372.53,306,9.05,0.08
07:47:18,"[368.0, 29]","[366.0, 99]","[375.45, 22]","[378.0, 55]",371.73,205,7.45,0.25
07:47:19,"[368.0, 54]","[366.0, 162]","[372.36, 39]","[374.61, 87]",370.18,342,4.36,0.26
07:47:20,"[368.0, 24]","[366.0, 90]","[369.09, 44]","[374.0, 35]",368.55,193,1.09,0.18
07:47:21,"[366.07, 56]","[365.43, 42]","[375.75, 40]","[381.43, 70]",370.91,208,9.68,-0.06
07:47:22,"[366.08, 79]","[365.16, 43]","[377.24, 42]","[379.33, 60]",371.66,224,11.16,0.09
07:47:23,"[367.0, 78]","[366.0, 91]","[377.0, 52]","[380.08, 65]",372.0,286,10.0,0.18
07:47:24,"[367.4, 100]","[366.26, 94]","[376.21, 56]","[380.53, 95]",371.81,345,8.81,0.12
07:47:25,"[368.93, 156]","[366.18, 109]","[376.0, 72]","[381.0, 125]",372.46,462,7.07,0.15
07:47:26,"[368.6, 20]","[367.96, 50]","[375.21, 56]","[381.0, 70]",371.91,196,6.61,-0.29
07:47:27,"[370.0, 15]","[368.0, 60]","[375.0, 60]","[380.13, 75]",372.5,210,5.0,-0.29
07:47:28,"[370.0, 11]","[368.0, 46]","[375.0, 44]","[380.0, 55]",372.5,156,5.0,-0.27
07:47:29,"[371.71, 34]","[370.71, 17]","[375.0, 44]","[380.0, 55]",373.35,150,3.29,-0.32
07:47:30,"[372.0, 40]","[370.18, 11]","[379.59, 49]","[382.7, 50]",375.8,150,7.59,-0.32
07:47:31,"[372.0, 20]","[370.0, 5]","[380.0, 25]","[383.0, 25]",376.0,75,8.0,-0.33
07:47:32,"[369.93, 27]","[366.35, 115]","[379.29, 85]","[381.65, 100]",374.61,327,9.37,-0.13
07:47:33,"[366.45, 115]","[365.44, 142]","[377.53, 75]","[382.8, 75]",371.99,407,11.08,0.26
07:47:34,"[370.0, 91]","[366.03, 134]","[376.0, 83]","[381.15, 65]",373.0,373,6.0,0.21
07:47:35,"[370.0, 98]","[368.0, 14]","[375.32, 73]","[380.57, 70]",372.66,255,5.32,-0.12
07:47:36,"[370.0, 77]","[368.0, 11]","[374.18, 55]","[379.0, 55]",372.09,198,4.18,-0.11
07:47:37,"[369.97, 67]","[367.0, 24]","[373.0, 65]","[378.54, 65]",371.49,221,3.03,-0.18
07:47:38,"[368.0, 14]","[366.0, 168]","[372.29, 70]","[374.43, 70]",370.14,322,4.29,0.13
07:47:39,"[366.04, 102]","[365.12, 34]","[371.75, 60]","[373.0, 60]",368.89,256,5.71,0.06
07:47:40,"[366.0, 140]","[363.0, 14]","[370.22, 46]","[371.29, 70]",368.11,270,4.22,0.14
07:47:41,"[366.0, 103]","[363.0, 13]","[368.26, 57]","[369.85, 47]",367.13,220,2.26,0.05
07:47:42,"[365.76, 50]","[361.91, 11]","[367.44, 45]","[372.05, 41]",366.6,147,1.68,-0.17
07:47:43,"[363.0, 12]","[360.0, 12]","[364.66, 32]","[367.81, 26]",363.83,82,1.66,-0.41
07:47:44,"[360.2, 15]","[356.14, 29]","[363.53, 57]","[366.7, 61]",361.86,162,3.33,-0.46
07:47:45,"[360.0, 14]","[358.91, 193]","[363.62, 56]","[368.5, 56]",361.81,319,3.62,0.3
07:47:46,"[360.0, 8]","[358.8, 91]","[363.0, 24]","[364.0, 40]",361.5,163,3.0,0.21
07:47:47,"[360.85, 13]","[357.47, 19]","[363.0, 39]","[364.0, 65]",361.92,136,2.15,-0.53
07:47:48,"[361.5, 12]","[356.31, 13]","[363.0, 35]","[364.0, 60]",362.25,120,1.5,-0.58
07:47:49,"[356.0, 11]","[352.0, 22]","[363.1, 42]","[369.86, 43]",359.55,118,7.1,-0.44
07:47:50,"[356.0, 8]","[352.0, 16]","[363.83, 36]","[375.97, 38]",359.92,98,7.83,-0.51
07:47:51,"[356.0, 10]","[352.0, 20]","[362.0, 10]","[364.0, 30]",359.0,70,6.0,-0.14
07:47:52,"[358.08, 26]","[353.78, 27]","[362.95, 19]","[365.0, 33]",360.51,105,4.87,0.01
07:47:53,"[363.33, 36]","[358.29, 14]","[375.0, 10]","[376.61, 44]",369.17,104,11.67,-0.04
07:47:54,"[364.66, 35]","[363.85, 78]","[375.0, 15]","[379.0, 45]",369.83,173,10.34,0.31
07:47:55,"[367.0, 7]","[365.71, 42]","[375.0, 7]","[379.0, 21]",371.0,77,8.0,0.27
07:47:56,"[367.0, 8]","[366.0, 48]","[375.0, 8]","[376.75, 24]",371.0,88,8.0,0.27
07:47:57,"[366.47, 68]","[363.55, 66]","[375.0, 11]","[376.0, 33]",370.74,178,8.53,0.51
07:47:58,"[371.0, 24]","[366.0, 144]","[374.25, 12]","[375.5, 18]",372.62,198,3.25,0.7
07:47:59,"[366.27, 59]","[361.66, 38]","[374.0, 7]","[375.0, 7]",370.14,111,7.73,0.75
07:48:00,"[369.0, 28]","[366.0, 154]","[372.42, 24]","[374.56, 16]",370.71,222,3.42,0.64
07:48:01,"[370.67, 18]","[366.94, 64]","[372.81, 16]","[374.95, 40]",371.74,138,2.15,0.19
07:48:02,"[366.88, 41]","[364.86, 66]","[374.33, 39]","[376.4, 45]",370.61,191,7.46,0.12
07:48:03,"[368.59, 146]","[365.44, 96]","[373.0, 44]","[375.0, 42]",370.79,328,4.41,0.48
07:48:04,"[369.08, 73]","[366.66, 64]","[372.89, 18]","[375.09, 23]",370.99,178,3.81,0.54
07:48:05,"[369.08, 146]","[366.66, 128]","[371.04, 27]","[372.12, 33]",370.06,334,1.95,0.64
07:48:06,"[369.0, 93]","[366.0, 110]","[370.98, 41]","[377.12, 49]",369.99,293,1.98,0.39
07:48:07,"[369.1, 31]","[367.03, 61]","[371.0, 26]","[376.2, 15]",370.05,133,1.9,0.38
07:48:08,"[369.0, 42]","[366.0, 68]","[370.25, 24]","[377.0, 24]",369.62,158,1.25,0.39
07:48:09,"[367.43, 23]","[366.08, 39]","[369.57, 21]","[377.0, 21]",368.5,104,2.14,0.19
07:48:10,"[366.33, 27]","[361.76, 34]","[372.5, 18]","[379.0, 18]",369.42,97,6.17,0.26
07:48:11,"[366.0, 36]","[355.0, 54]","[377.89, 27]","[381.0, 27]",371.94,144,11.89,0.25
07:48:12,"[367.36, 22]","[360.79, 38]","[378.0, 24]","[381.0, 24]",372.68,108,10.64,0.11
07:48:13,"[367.38, 26]","[358.76, 87]","[376.48, 29]","[378.69, 39]",371.93,181,9.1,0.25
07:48:14,"[366.0, 22]","[356.0, 99]","[375.0, 22]","[378.0, 33]",370.5,176,9.0,0.38
07:48:15,"[366.0, 18]","[356.0, 81]","[375.0, 18]","[377.22, 27]",370.5,144,9.0,0.38
07:48:16,"[366.0, 18]","[356.0, 81]","[374.78, 18]","[377.11, 27]",370.39,144,8.78,0.38
07:48:17,"[357.0, 72]","[355.9, 60]","[369.37, 19]","[376.06, 31]",363.18,182,12.37,0.45
07:48:18,"[356.11, 111]","[355.29, 93]","[358.88, 25]","[374.49, 37]",357.49,266,2.77,0.53
07:48:19,"[355.93, 68]","[354.94, 36]","[360.0, 12]","[368.43, 14]",357.96,130,4.07,0.6
07:48:20,"[355.0, 15]","[353.0, 3]","[362.0, 9]","[365.0, 6]",358.5,33,7.0,0.09
07:48:21,"[357.47, 45]","[355.0, 75]","[363.24, 51]","[369.12, 34]",360.35,205,5.77,0.17
07:48:22,"[359.46, 39]","[354.12, 49]","[375.0, 39]","[385.0, 26]",367.23,153,15.54,0.15
07:48:23,"[361.3, 30]","[359.0, 24]","[385.0, 24]","[388.0, 12]",373.15,90,23.7,0.2
07:48:24,"[364.91, 34]","[363.93, 43]","[377.5, 32]","[385.43, 28]",371.21,137,12.59,0.12
07:48:25,"[370.8, 30]","[369.31, 26]","[382.63, 27]","[387.2, 15]",376.71,98,11.83,0.14
07:48:26,"[371.52, 46]","[369.23, 43]","[375.0, 15]","[382.0, 30]",373.26,134,3.48,0.33
07:48:27,"[369.16, 50]","[367.75, 32]","[378.5, 12]","[383.33, 18]",373.83,112,9.34,0.46
07:48:28,"[370.4, 30]","[369.14, 42]","[382.0, 16]","[386.0, 16]",376.2,104,11.6,0.38
07:48:29,"[370.78, 27]","[369.17, 36]","[382.0, 14]","[386.0, 14]",376.39,91,11.22,0.38
07:48:30,"[371.0, 19]","[369.0, 54]","[381.8, 20]","[385.56, 18]",376.4,111,10.8,0.32
07:48:31,"[372.33, 24]","[369.0, 72]","[380.25, 48]","[382.67, 24]",376.29,168,7.92,0.14
07:48:32,"[371.55, 22]","[368.75, 48]","[379.0, 36]","[385.67, 18]",375.27,124,7.45,0.13
07:48:33,"[370.05, 38]","[367.55, 29]","[378.44, 36]","[387.0, 18]",374.25,121,8.39,0.11
07:48:34,"[373.0, 55]","[369.0, 44]","[376.8, 20]","[378.58, 38]",374.9,157,3.8,0.26
07:48:35,"[373.0, 56]","[369.0, 48]","[374.33, 12]","[377.0, 48]",373.67,164,1.33,0.27
07:48:36,"[373.0, 30]","[369.0, 40]","[375.3, 40]","[390.6, 20]",374.15,130,2.3,0.08
07:48:37,"[369.0, 32]","[367.0, 24]","[390.5, 16]","[397.12, 16]",379.75,88,21.5,0.27
07:48:38,"[367.0, 22]","[362.0, 22]","[389.0, 22]","[397.53, 19]",378.0,85,22.0,0.04
07:48:39,"[375.0, 39]","[367.0, 26]","[394.95, 21]","[449.18, 28]",384.98,114,19.95,0.14
07:48:40,"[371.24, 34]","[365.29, 28]","[388.0, 14]","[390.29, 14]",379.62,90,16.76,0.38
07:48:41,"[365.89, 19]","[363.1, 124]","[375.85, 13]","[386.37, 19]",370.87,175,9.95,0.63
07:48:42,"[372.18, 40]","[361.98, 62]","[374.19, 37]","[384.13, 23]",373.18,162,2.01,0.26
07:48:43,"[371.31, 16]","[360.14, 28]","[374.0, 18]","[375.0, 6]",372.66,68,2.69,0.29
07:48:44,"[372.0, 18]","[363.35, 23]","[373.93, 29]","[381.53, 15]",372.97,85,1.93,-0.04
07:48:45,"[364.67, 12]","[359.67, 12]","[372.75, 48]","[382.75, 32]",368.71,104,8.08,-0.54
07:48:46,"[361.0, 10]","[359.0, 10]","[372.0, 40]","[388.0, 30]",366.5,90,11.0,-0.56
07:48:47,"[361.0, 17]","[359.0, 17]","[370.75, 40]","[374.86, 44]",365.88,118,9.75,-0.42
07:48:48,"[361.0, 13]","[359.0, 13]","[366.32, 25]","[370.11, 27]",363.66,78,5.32,-0.33
07:48:49,"[361.88, 25]","[360.57, 14]","[365.35, 34]","[365.45, 22]",363.62,95,3.47,-0.18
07:48:50,"[361.67, 15]","[359.55, 11]","[363.71, 21]","[364.87, 23]",362.69,70,2.05,-0.26
07:48:51,"[360.27, 30]","[357.13, 15]","[363.33, 45]","[381.62, 21]",361.8,111,3.07,-0.19
07:48:52,"[360.48, 46]","[358.84, 31]","[368.13, 45]","[391.38, 42]",364.31,164,7.66,-0.06
07:48:53,"[365.47, 30]","[363.79, 39]","[375.27, 48]","[390.93, 41]",370.37,158,9.8,-0.13
07:48:54,"[368.0, 14]","[367.0, 28]","[371.67, 15]","[372.52, 27]",369.83,84,3.67,0.0
07:48:55,"[367.69, 26]","[364.0, 48]","[377.0, 55]","[379.0, 11]",372.35,140,9.31,0.06
07:48:56,"[367.0, 28]","[355.0, 42]","[377.0, 35]","[380.5, 16]",372.0,121,10.0,0.16
07:48:57,"[367.0, 36]","[355.0, 54]","[377.0, 45]","[378.18, 44]",372.0,179,10.0,0.01
07:48:58,"[367.0, 20]","[355.0, 30]","[377.0, 25]","[378.0, 25]",372.0,100,10.0,0.0
07:48:59,"[368.58, 38]","[364.23, 52]","[376.83, 36]","[377.5, 60]",372.71,186,8.25,-0.03
07:49:00,"[369.38, 32]","[367.14, 56]","[376.0, 15]","[379.02, 107]",372.69,210,6.62,-0.16
