Time,Bid1_Price,Bid1_Volume,Ask1_Price,Ask1_Volume,Bid2_Price,Bid2_Volume,Ask2_Price,Ask2_Volume,Bid_Ask_Spread,Market_Depth_Bid,Market_Depth_Ask,Historical_Volatility,Weighted_Avg_Bid_Price,Weighted_Avg_Ask_Price,Total_volume,Cumulative_Volume_Difference,Total_Volume_Change_Corrected,Order_imbalance
07:30:04,276.81,31.0,291.24,17.0,275.0,21.0,323.56,27.0,14.430000000000007,52.0,44.0,61.9936948406852,276.81,291.24,96,8.0,23.0,0.08
07:30:05,278.0,18.0,303.0,9.0,277.0,3.0,340.0,15.0,25.0,21.0,24.0,7.046857455632151,278.0,303.0,45,-3.0,-51.0,-0.07
07:30:06,278.21,14.0,303.0,12.0,277.86,14.0,340.0,20.0,24.79000000000002,28.0,32.0,7.577811029578291,278.21,303.0,60,-4.0,15.0,-0.07
07:30:07,287.5,12.0,303.0,18.0,282.4,15.0,340.0,30.0,15.5,27.0,48.0,7.50935882748976,287.5,303.0,75,-21.0,15.0,-0.28
07:30:08,289.57,7.0,303.0,21.0,288.24,25.0,340.0,35.0,13.430000000000007,32.0,56.0,4.8634175226889855,289.57,303.0,88,-24.0,13.0,-0.27
07:30:09,290.0,6.0,303.0,18.0,289.0,36.0,340.0,30.0,13.0,42.0,48.0,3.0271356097799935,290.0,303.0,90,-6.0,2.0,-0.07
07:30:10,290.0,6.0,302.0,16.0,289.0,36.0,331.46,26.0,12.0,42.0,42.0,2.4609043053312787,290.0,302.0,84,0.0,-6.0,0.0
07:30:11,290.0,7.0,303.0,21.0,289.0,42.0,337.43,35.0,13.0,49.0,56.0,0.5216032975337265,290.0,303.0,105,-7.0,21.0,-0.07
07:30:12,290.0,6.0,303.0,18.0,289.0,36.0,334.0,30.0,13.0,42.0,48.0,0.21981810662012838,290.0,303.0,90,-6.0,-15.0,-0.07
07:30:13,289.65,17.0,301.14,42.0,288.85,78.0,302.57,42.0,11.490000000000009,95.0,84.0,0.4908360214960432,289.65,301.14,179,11.0,89.0,0.06
07:30:14,294.0,11.0,300.36,33.0,289.0,22.0,302.27,33.0,6.360000000000014,33.0,66.0,0.6654922989772918,294.0,300.36,99,-33.0,-80.0,-0.33
07:30:15,294.0,16.0,299.25,48.0,289.0,32.0,305.0,48.0,5.25,48.0,96.0,0.6499384586236593,294.0,299.25,144,-48.0,45.0,-0.33
07:30:16,294.0,14.0,298.43,42.0,289.6,30.0,301.64,42.0,4.430000000000007,44.0,84.0,0.6559344479428486,294.0,298.43,128,-40.0,-16.0,-0.31
07:30:17,294.0,13.0,297.15,39.0,292.0,39.0,298.15,39.0,3.1499999999999773,52.0,78.0,0.7377872322004897,294.0,297.15,130,-26.0,2.0,-0.2
07:30:18,292.34,29.0,295.0,39.0,290.45,31.0,296.62,39.0,2.660000000000025,60.0,78.0,1.3524681142259782,292.34,295.0,138,-18.0,8.0,-0.13
07:30:19,292.0,43.0,294.35,34.0,289.0,30.0,295.53,45.0,2.3500000000000227,73.0,79.0,1.540509655924872,292.0,294.35,152,-6.0,14.0,-0.04
07:30:20,288.26,62.0,291.74,46.0,284.41,98.0,293.01,67.0,3.480000000000018,160.0,113.0,2.4388460386005106,288.26,291.74,273,47.0,121.0,0.17
07:30:21,288.0,24.0,289.55,44.0,284.0,84.0,292.18,68.0,1.5500000000000114,108.0,112.0,2.790277763950579,288.0,289.55,220,-4.0,-53.0,-0.02
07:30:22,288.0,54.0,289.63,62.0,283.89,72.0,294.69,70.0,1.6299999999999955,126.0,132.0,2.376200749094384,288.0,289.63,258,-6.0,38.0,-0.02
07:30:23,280.64,50.0,295.33,21.0,276.0,25.0,298.75,48.0,14.689999999999998,75.0,69.0,2.0474984737470274,280.64,295.33,144,6.0,-114.0,0.04
07:30:24,280.42,38.0,297.17,29.0,273.15,33.0,299.11,38.0,16.75,71.0,67.0,0.7193260734855612,280.42,297.17,138,4.0,-6.0,0.03
07:30:25,284.4,20.0,296.63,38.0,275.44,18.0,298.14,29.0,12.230000000000018,38.0,67.0,0.9296612286183462,284.4,296.63,105,-29.0,-33.0,-0.28
07:30:26,278.0,26.0,290.85,52.0,273.0,13.0,294.71,62.0,12.850000000000023,39.0,114.0,2.258576985625218,278.0,290.85,153,-75.0,48.0,-0.49
07:30:27,276.33,21.0,284.66,58.0,258.35,43.0,293.29,51.0,8.330000000000041,64.0,109.0,4.003164997848012,276.33,284.66,173,-45.0,20.0,-0.26
07:30:28,279.0,22.0,290.66,82.0,267.63,92.0,292.16,49.0,11.660000000000025,114.0,131.0,3.9471217361509554,279.0,290.66,245,-17.0,72.0,-0.07
07:30:29,288.62,8.0,290.59,29.0,278.5,18.0,292.43,42.0,1.9699999999999704,26.0,71.0,4.113530114147135,288.62,290.59,97,-45.0,-148.0,-0.46
07:30:30,276.33,49.0,289.68,44.0,272.24,89.0,292.03,62.0,13.350000000000023,138.0,106.0,3.3374016839444325,276.33,289.68,244,32.0,147.0,0.13
07:30:31,275.0,84.0,288.08,36.0,266.0,120.0,291.4,50.0,13.079999999999984,204.0,86.0,3.5873569657890214,275.0,288.08,290,118.0,46.0,0.41
07:30:32,280.57,14.0,287.4,30.0,275.54,37.0,290.12,41.0,6.829999999999984,51.0,71.0,3.0597597944928796,280.57,287.4,122,-20.0,-168.0,-0.16
07:30:33,279.64,11.0,284.34,29.0,277.0,22.0,285.92,26.0,4.699999999999989,33.0,55.0,3.2619212130269206,279.64,284.34,88,-22.0,-34.0,-0.25
07:30:34,278.0,12.0,282.21,29.0,277.0,24.0,283.26,31.0,4.2099999999999795,36.0,60.0,1.4752050704884148,278.0,282.21,96,-24.0,8.0,-0.25
07:30:35,277.16,19.0,280.87,31.0,275.22,54.0,281.81,32.0,3.7099999999999795,73.0,63.0,1.9006919792524732,277.16,280.87,136,10.0,40.0,0.07
07:30:36,277.0,16.0,280.0,16.0,275.0,48.0,281.0,24.0,3.0,64.0,40.0,2.2662016679886645,277.0,280.0,104,24.0,-32.0,0.23
07:30:37,277.0,26.0,279.46,26.0,275.0,78.0,281.0,39.0,2.4599999999999795,104.0,65.0,1.532263032248216,277.0,279.46,169,39.0,65.0,0.23
07:30:41,277.0,22.0,280.08,49.0,275.0,66.0,283.98,49.0,3.079999999999984,88.0,98.0,0.4969708240877579,277.0,280.08,186,-10.0,49.0,-0.05
07:30:42,277.0,16.0,280.5,40.0,275.0,48.0,284.78,36.0,3.5,64.0,76.0,0.6315219711098482,277.0,280.5,140,-12.0,-46.0,-0.09
07:30:43,277.0,12.0,283.0,30.0,275.0,36.0,287.0,24.0,6.0,48.0,54.0,1.0374584328995988,277.0,283.0,102,-6.0,-38.0,-0.06
07:30:44,278.4,15.0,283.0,55.0,275.74,38.0,287.0,44.0,4.600000000000023,53.0,99.0,1.2615545965175226,278.4,283.0,152,-46.0,50.0,-0.3
07:30:45,280.0,5.0,283.0,25.0,279.0,50.0,288.25,24.0,3.0,55.0,49.0,1.2631389472241241,280.0,283.0,104,6.0,-48.0,0.06
07:30:46,280.0,6.0,283.0,15.0,278.81,52.0,288.0,30.0,3.0,58.0,45.0,1.1567194992713075,280.0,283.0,103,13.0,-1.0,0.13
07:30:47,280.0,8.0,282.0,24.0,274.0,16.0,286.57,28.0,2.0,24.0,52.0,0.6268971207418759,280.0,282.0,76,-28.0,-27.0,-0.37
07:30:48,280.0,8.0,287.38,29.0,274.0,16.0,288.85,34.0,7.3799999999999955,24.0,63.0,1.1755509346661444,280.0,287.38,87,-39.0,11.0,-0.45
07:30:49,281.04,23.0,289.0,66.0,279.08,13.0,290.0,42.0,7.9599999999999795,36.0,108.0,1.7326049751730426,281.04,289.0,144,-72.0,57.0,-0.5
07:30:50,275.09,46.0,289.0,72.0,274.89,19.0,290.0,36.0,13.910000000000025,65.0,108.0,1.6670032993351778,275.09,289.0,173,-43.0,29.0,-0.25
07:30:51,275.38,26.0,286.45,29.0,274.71,55.0,288.55,51.0,11.069999999999993,81.0,80.0,1.7831657242091585,275.38,286.45,161,1.0,-12.0,0.01
07:30:52,277.71,34.0,286.22,103.0,275.12,64.0,290.86,42.0,8.510000000000048,98.0,145.0,1.6210120295649744,277.71,286.22,243,-47.0,82.0,-0.19
07:30:53,279.33,72.0,285.84,92.0,274.67,12.0,289.13,47.0,6.509999999999991,84.0,139.0,1.5295358773152035,279.33,285.84,223,-55.0,-20.0,-0.25
07:30:54,280.68,75.0,284.89,57.0,272.33,18.0,286.18,103.0,4.2099999999999795,93.0,160.0,0.7286631594876036,280.68,284.89,253,-67.0,30.0,-0.26
07:30:55,285.48,31.0,286.77,43.0,280.43,14.0,288.8,61.0,1.2899999999999636,45.0,104.0,1.95848666066286,285.48,286.77,149,-59.0,-104.0,-0.4
07:30:56,285.0,6.0,289.0,30.0,281.93,29.0,295.0,12.0,4.0,35.0,42.0,2.2970916394419767,285.0,289.0,77,-7.0,-72.0,-0.09
07:30:57,284.0,45.0,289.0,45.0,269.59,17.0,295.0,18.0,5.0,62.0,63.0,2.134190713126193,284.0,289.0,125,-1.0,48.0,-0.01
07:30:58,284.0,27.0,289.0,35.0,269.0,14.0,295.0,14.0,5.0,41.0,49.0,1.7020370148718666,284.0,289.0,90,-8.0,-35.0,-0.09
07:30:59,284.0,33.0,289.0,55.0,269.0,22.0,295.0,22.0,5.0,55.0,77.0,0.30964495796622227,284.0,289.0,132,-22.0,42.0,-0.17
07:31:00,284.0,30.0,289.0,50.0,269.0,20.0,295.0,20.0,5.0,50.0,70.0,0.22360679773634332,284.0,289.0,120,-20.0,-12.0,-0.17
07:31:01,284.0,39.0,288.48,21.0,269.0,26.0,289.49,59.0,4.480000000000018,65.0,80.0,0.11627553480376845,284.0,288.48,145,-15.0,25.0,-0.1
07:31:02,284.0,33.0,286.64,11.0,269.0,22.0,290.0,55.0,2.6399999999999864,55.0,66.0,0.5111946791525452,284.0,286.64,121,-11.0,-24.0,-0.09
07:31:03,285.05,76.0,288.74,77.0,279.53,47.0,290.51,71.0,3.6899999999999977,123.0,148.0,0.5923850099334734,285.05,288.74,271,-25.0,150.0,-0.09
07:31:04,288.0,100.0,292.45,62.0,284.99,76.0,295.89,76.0,4.449999999999989,176.0,138.0,1.8765446970413706,288.0,292.45,314,38.0,43.0,0.12
07:31:05,288.63,95.0,291.83,69.0,284.0,57.0,292.83,60.0,3.1999999999999886,152.0,129.0,2.302309709833639,288.63,291.83,281,23.0,-33.0,0.08
07:31:06,288.1,67.0,290.4,60.0,283.14,37.0,292.0,45.0,2.2999999999999545,104.0,105.0,2.1883624014304344,288.1,290.4,209,-1.0,-72.0,-0.0
07:31:07,284.7,30.0,288.89,36.0,283.0,24.0,290.06,34.0,4.189999999999998,54.0,70.0,1.7226723426102901,284.7,288.89,124,-16.0,-85.0,-0.13
07:31:08,278.38,45.0,284.83,58.0,275.02,49.0,286.87,54.0,6.449999999999989,94.0,112.0,3.6472729538648725,278.38,284.83,206,-18.0,82.0,-0.09
07:31:09,276.0,40.0,283.0,40.0,273.0,30.0,285.0,30.0,7.0,70.0,70.0,4.7250957662246185,276.0,283.0,140,0.0,-66.0,0.0
07:31:10,276.0,52.0,282.54,26.0,273.0,39.0,286.14,35.0,6.5400000000000205,91.0,61.0,4.504216913070842,276.0,282.54,152,30.0,12.0,0.2
07:31:11,276.0,44.0,284.0,22.0,273.0,33.0,291.26,38.0,8.0,77.0,60.0,3.1302507886738193,276.0,284.0,137,17.0,-15.0,0.12
07:31:12,276.0,44.0,283.64,22.0,273.0,33.0,292.0,66.0,7.639999999999986,77.0,88.0,0.9176164776161331,276.0,283.64,165,-11.0,28.0,-0.07
07:31:13,280.09,22.0,290.2,30.0,274.56,25.0,307.0,23.0,10.110000000000014,47.0,53.0,2.4769073458635424,280.09,290.2,100,-6.0,-65.0,-0.06
07:31:14,282.0,10.0,291.63,65.0,275.18,22.0,313.95,22.0,9.629999999999995,32.0,87.0,3.5048352315042193,282.0,291.63,119,-55.0,19.0,-0.46
07:31:15,280.65,43.0,290.0,52.0,275.24,33.0,292.0,65.0,9.350000000000023,76.0,117.0,3.2732751182864996,280.65,290.0,193,-41.0,74.0,-0.21
07:31:16,275.46,104.0,286.0,40.0,274.14,28.0,290.97,62.0,10.54000000000002,132.0,102.0,3.093727525169841,275.46,286.0,234,30.0,41.0,0.13
07:31:17,275.0,93.0,280.0,30.0,273.0,42.0,289.07,60.0,5.0,135.0,90.0,3.872677368435619,275.0,280.0,225,45.0,-9.0,0.2
07:31:18,275.0,25.0,280.0,10.0,273.0,20.0,288.0,20.0,5.0,45.0,30.0,4.345552899228493,275.0,280.0,75,15.0,-150.0,0.2
07:31:19,275.0,50.0,280.0,16.0,273.0,32.0,288.0,32.0,5.0,82.0,48.0,3.437916520218708,275.0,280.0,130,34.0,55.0,0.26
07:31:20,275.57,35.0,280.0,26.0,274.17,36.0,288.0,52.0,4.430000000000007,71.0,78.0,1.4176494630169598,275.57,280.0,149,-7.0,19.0,-0.05
07:31:21,276.86,28.0,280.0,28.0,274.41,34.0,288.0,56.0,3.1399999999999864,62.0,84.0,0.4035219944341688,276.86,280.0,146,-22.0,-3.0,-0.15
07:31:22,278.38,16.0,280.0,8.0,276.0,16.0,288.0,32.0,1.6200000000000045,32.0,40.0,0.7265466261653085,278.38,280.0,72,-8.0,-74.0,-0.11
07:31:23,276.9,21.0,288.0,38.0,275.16,25.0,290.0,42.0,11.100000000000023,46.0,80.0,1.9969777164486167,276.9,288.0,126,-34.0,54.0,-0.27
07:31:24,278.92,25.0,289.38,26.0,277.4,15.0,292.14,84.0,10.45999999999998,40.0,110.0,2.7578107259187497,278.92,289.38,150,-70.0,24.0,-0.47
07:31:25,286.33,21.0,290.0,39.0,282.33,15.0,293.0,130.0,3.670000000000016,36.0,169.0,3.9494455307033984,286.33,290.0,205,-133.0,55.0,-0.65
07:31:26,286.38,16.0,291.19,42.0,285.0,8.0,296.55,62.0,4.810000000000002,24.0,104.0,4.009266765880452,286.38,291.19,128,-80.0,-77.0,-0.62
07:31:27,285.0,27.0,288.97,77.0,280.5,18.0,293.65,85.0,3.9700000000000273,45.0,162.0,2.71035422039148,285.0,288.97,207,-117.0,79.0,-0.57
07:31:28,274.41,34.0,287.82,56.0,268.91,47.0,293.62,65.0,13.409999999999968,81.0,121.0,3.1831383884452418,274.41,287.82,202,-40.0,-5.0,-0.2
07:31:31,277.0,16.0,289.0,40.0,275.0,24.0,295.0,48.0,12.0,40.0,88.0,4.00462482637169,277.0,289.0,128,-48.0,32.0,-0.38
07:31:32,277.0,22.0,289.0,55.0,275.0,33.0,295.0,55.0,12.0,55.0,110.0,2.777387261436945,277.0,289.0,165,-55.0,37.0,-0.33
07:31:33,277.45,33.0,288.79,38.0,275.3,33.0,289.52,46.0,11.340000000000032,66.0,84.0,3.034778410360857,277.45,288.79,150,-18.0,-15.0,-0.12
07:31:34,287.1,30.0,294.38,45.0,283.33,36.0,308.88,81.0,7.279999999999973,66.0,126.0,4.718529431930397,287.1,294.38,192,-60.0,42.0,-0.31
07:31:35,290.78,18.0,295.0,90.0,284.2,40.0,472.07,15.0,4.220000000000027,58.0,105.0,4.866251123811277,290.78,295.0,163,-47.0,-29.0,-0.29
07:31:36,289.0,11.0,295.0,99.0,277.49,73.0,464.73,15.0,6.0,84.0,114.0,4.889314880430113,289.0,295.0,198,-30.0,35.0,-0.15
07:31:37,289.0,9.0,294.27,66.0,281.0,27.0,335.23,35.0,5.269999999999982,36.0,101.0,3.9652641778318065,289.0,294.27,137,-65.0,-61.0,-0.47
07:31:38,278.48,73.0,293.79,92.0,276.75,96.0,296.77,115.0,15.310000000000002,169.0,207.0,2.6534543523483634,278.48,293.79,376,-38.0,168.0,-0.1
07:31:39,278.0,100.0,292.08,72.0,276.81,69.0,294.32,69.0,14.079999999999984,169.0,141.0,3.6569823625491873,278.0,292.08,310,28.0,-66.0,0.09
07:31:40,279.17,82.0,289.0,90.0,278.4,50.0,291.09,110.0,9.829999999999984,132.0,200.0,3.7590317902346957,279.17,289.0,332,-68.0,22.0,-0.2
07:31:41,280.06,66.0,283.67,75.0,277.33,30.0,285.8,75.0,3.6100000000000136,96.0,150.0,3.6481474750884173,280.06,283.67,246,-54.0,-86.0,-0.22
07:31:42,281.97,79.0,283.0,32.0,278.7,20.0,285.0,40.0,1.0299999999999727,99.0,72.0,1.7677754382254254,281.97,283.0,171,27.0,-75.0,0.16
07:31:43,282.0,121.0,284.67,54.0,278.6,30.0,289.71,70.0,2.670000000000016,151.0,124.0,1.2612573091930337,282.0,284.67,275,27.0,104.0,0.1
07:31:44,282.0,80.0,289.05,39.0,279.31,16.0,293.55,58.0,7.050000000000011,96.0,97.0,1.4317471843844638,282.0,289.05,193,-1.0,-82.0,-0.01
07:31:45,282.0,128.0,290.84,74.0,278.0,48.0,294.33,98.0,8.839999999999975,176.0,172.0,1.96713751425595,282.0,290.84,348,4.0,155.0,0.01
07:31:46,282.0,56.0,291.0,28.0,278.0,21.0,294.0,56.0,9.0,77.0,84.0,1.8391383852210585,282.0,291.0,161,-7.0,-168.0,-0.04
07:31:47,283.46,104.0,290.69,52.0,278.0,39.0,294.0,104.0,7.230000000000018,143.0,156.0,1.4733193815306809,283.46,290.69,299,-13.0,138.0,-0.04
07:31:48,285.0,120.0,289.97,58.0,277.72,43.0,293.86,116.0,4.970000000000027,163.0,174.0,0.7402837293864563,285.0,289.97,337,-11.0,38.0,-0.03
07:31:49,286.41,74.0,291.67,48.0,283.57,84.0,293.92,79.0,5.259999999999991,158.0,127.0,1.0633343782623847,286.41,291.67,285,31.0,-52.0,0.11
07:31:50,289.97,107.0,293.0,28.0,288.24,42.0,294.0,56.0,3.0299999999999727,149.0,84.0,2.007665310751563,289.97,293.0,233,65.0,-52.0,0.28
07:31:51,290.0,18.0,292.96,25.0,289.0,26.0,293.96,50.0,2.9599999999999795,44.0,75.0,2.1128132903774732,290.0,292.96,119,-31.0,-114.0,-0.26
07:31:52,289.57,14.0,291.47,15.0,283.19,31.0,293.33,24.0,1.900000000000034,45.0,39.0,1.7286468696630992,289.57,291.47,84,6.0,-35.0,0.07
07:31:53,289.0,72.0,291.58,12.0,277.0,60.0,293.86,42.0,2.579999999999984,132.0,54.0,1.0119436743200545,289.0,291.58,186,78.0,102.0,0.42
07:31:54,289.0,64.0,290.0,12.0,277.0,60.0,294.0,36.0,1.0,124.0,48.0,0.846067373201706,289.0,290.0,172,76.0,-14.0,0.44
07:31:55,289.39,41.0,294.78,46.0,284.38,65.0,295.8,41.0,5.389999999999986,106.0,87.0,1.0188375729214538,289.39,294.78,193,19.0,21.0,0.1
07:31:56,290.82,22.0,295.0,44.0,289.0,55.0,296.0,33.0,4.180000000000007,77.0,77.0,1.3965564793436207,290.82,295.0,154,0.0,-39.0,0.0
07:31:57,291.0,16.0,294.71,17.0,289.0,40.0,295.77,35.0,3.7099999999999795,56.0,52.0,1.5507159636751318,291.0,294.71,108,4.0,-46.0,0.04
07:31:58,291.0,28.0,293.5,14.0,289.0,70.0,296.4,30.0,2.5,98.0,44.0,1.3999285696052879,291.0,293.5,142,54.0,34.0,0.38
07:31:59,291.0,16.0,293.45,11.0,289.0,45.0,297.8,20.0,2.4499999999999886,61.0,31.0,0.3835101041659596,291.0,293.45,92,30.0,-50.0,0.33
07:32:00,291.71,17.0,296.0,34.0,289.2,61.0,302.0,51.0,4.2900000000000205,78.0,85.0,0.6600909028289942,291.71,296.0,163,-7.0,71.0,-0.04
07:32:01,290.19,79.0,300.0,24.0,289.25,40.0,302.0,36.0,9.810000000000002,119.0,60.0,1.2192128608236776,290.19,300.0,179,59.0,16.0,0.33
07:32:02,290.0,50.0,300.0,10.0,289.0,25.0,302.0,15.0,10.0,75.0,25.0,1.4059445223756661,290.0,300.0,100,50.0,-79.0,0.5
07:32:03,290.0,84.0,300.0,24.0,289.0,92.0,302.0,36.0,10.0,176.0,60.0,1.2318400870236739,290.0,300.0,236,116.0,136.0,0.49
07:32:04,292.51,43.0,299.11,56.0,289.87,97.0,300.62,29.0,6.600000000000023,140.0,85.0,0.7025311380992073,292.51,299.11,225,55.0,-11.0,0.24
07:32:05,291.57,63.0,296.19,64.0,289.54,142.0,297.45,33.0,4.6200000000000045,205.0,97.0,0.6908183552852215,291.57,296.19,302,108.0,77.0,0.36
07:32:06,290.0,84.0,294.38,26.0,289.0,182.0,295.05,58.0,4.3799999999999955,266.0,84.0,1.401759608491631,290.0,294.38,350,182.0,48.0,0.52
07:32:07,289.51,106.0,293.0,13.0,288.14,149.0,295.0,65.0,3.490000000000009,255.0,78.0,1.8993235637979486,289.51,293.0,333,177.0,-17.0,0.53
07:32:08,289.17,94.0,291.07,58.0,287.74,152.0,294.09,23.0,1.8999999999999773,246.0,81.0,2.2400334818920724,289.17,291.07000000000005,327,165.0,-6.0,0.5
07:32:09,289.0,272.0,290.91,33.0,285.0,133.0,294.37,49.0,1.910000000000025,405.0,82.0,1.62076216638863,289.0,290.91,487,323.0,160.0,0.66
07:32:10,289.0,110.0,291.0,33.0,285.0,33.0,299.0,55.0,2.0,143.0,88.0,0.9888730960018253,289.0,291.0,231,55.0,-168.0,0.24
07:32:11,289.0,170.0,290.68,38.0,285.0,51.0,299.29,85.0,1.6800000000000068,221.0,123.0,0.5779013756653495,289.0,290.68,344,98.0,113.0,0.28
07:32:12,289.0,92.0,299.18,49.0,285.0,33.0,300.64,28.0,10.180000000000007,125.0,77.0,1.8419147645850258,289.0,299.18,202,48.0,-142.0,0.24
07:32:13,289.0,72.0,300.0,45.0,285.0,27.0,301.0,18.0,11.0,99.0,63.0,2.3958985788211216,289.0,300.0,162,36.0,-40.0,0.22
07:32:14,289.0,96.0,301.0,24.0,285.0,36.0,302.0,58.0,12.0,132.0,82.0,2.546110759569967,289.0,301.0,214,50.0,52.0,0.23
07:32:15,289.63,43.0,301.0,22.0,288.69,78.0,302.0,66.0,11.370000000000005,121.0,88.0,2.2339583702475068,289.63,301.0,209,33.0,-5.0,0.16
07:32:16,290.0,17.0,299.97,34.0,289.0,88.0,301.84,50.0,9.970000000000027,105.0,84.0,0.4816326400896613,290.0,299.97,189,21.0,-20.0,0.11
07:32:17,289.07,95.0,295.19,77.0,287.2,98.0,297.7,81.0,6.1200000000000045,193.0,158.0,1.2940363209738042,289.07,295.19,351,35.0,162.0,0.1
07:32:18,289.0,72.0,292.56,45.0,285.0,36.0,299.2,20.0,3.5600000000000023,108.0,65.0,2.056737708119076,289.0,292.56,173,43.0,-168.0,0.25
07:32:19,289.0,120.0,291.54,39.0,285.12,51.0,293.82,57.0,2.5400000000000205,171.0,96.0,2.343732066597695,289.0,291.54,267,75.0,94.0,0.28
07:32:20,289.0,96.0,292.0,60.0,285.0,48.0,299.0,24.0,3.0,144.0,84.0,1.9579657811099973,289.0,292.0,228,60.0,-39.0,0.26
07:32:21,289.0,114.0,290.27,75.0,285.0,60.0,291.36,73.0,1.2699999999999818,174.0,148.0,0.9238344007434384,289.0,290.27,322,26.0,94.0,0.08
07:32:22,289.92,26.0,294.29,34.0,287.18,44.0,296.27,30.0,4.3700000000000045,70.0,64.0,0.9158984659868193,289.92,294.29,134,6.0,-168.0,0.04
07:32:23,289.8,25.0,299.0,22.0,286.33,42.0,300.0,22.0,9.199999999999989,67.0,44.0,1.918481170091975,289.8,299.0,111,23.0,-23.0,0.21
07:32:24,295.0,11.0,299.73,22.0,290.0,44.0,301.68,38.0,4.730000000000018,55.0,60.0,3.129241122061148,295.0,299.73,115,-5.0,4.0,-0.04
07:32:25,295.0,7.0,299.5,20.0,290.0,28.0,301.67,24.0,4.5,35.0,44.0,3.337985919682618,295.0,299.5,79,-9.0,-36.0,-0.11
07:32:26,295.0,10.0,299.0,50.0,290.0,40.0,300.4,20.0,4.0,50.0,70.0,2.3128618635794753,295.0,299.0,120,-20.0,41.0,-0.17
07:32:27,295.0,8.0,299.0,40.0,290.0,32.0,301.0,16.0,4.0,40.0,56.0,1.2409754228029677,295.0,299.0,96,-16.0,-24.0,-0.17
07:32:28,295.0,8.0,299.0,40.0,290.0,32.0,301.0,16.0,4.0,40.0,56.0,0.1715225932677678,295.0,299.0,96,-16.0,0.0,-0.17
07:32:29,295.0,11.0,299.0,55.0,290.0,44.0,301.0,22.0,4.0,55.0,77.0,0.11180339888057683,295.0,299.0,132,-22.0,36.0,-0.17
07:32:30,295.0,11.0,298.69,51.0,290.0,44.0,299.82,34.0,3.6899999999999977,55.0,85.0,0.07155417528834702,295.0,298.69,140,-30.0,8.0,-0.21
07:32:31,294.0,20.0,296.82,68.0,289.96,67.0,299.0,85.0,2.819999999999993,87.0,153.0,0.6966347680104559,294.0,296.82,240,-66.0,100.0,-0.28
07:32:32,290.0,68.0,294.94,68.0,289.0,51.0,301.47,34.0,4.939999999999998,119.0,102.0,1.9485199511424904,290.0,294.94,221,17.0,-19.0,0.08
07:32:33,290.0,43.0,294.0,56.0,289.0,46.0,304.0,98.0,4.0,89.0,154.0,2.378388109623759,290.0,294.0,243,-65.0,22.0,-0.27
07:32:34,290.0,45.0,292.47,45.0,289.0,75.0,294.0,60.0,2.4700000000000273,120.0,105.0,2.4097199007351255,290.0,292.47,225,15.0,-18.0,0.07
07:32:35,290.0,33.0,291.73,33.0,289.0,55.0,294.0,44.0,1.7300000000000182,88.0,77.0,1.8003694065380593,290.0,291.73,165,11.0,-60.0,0.07
07:32:36,289.16,58.0,292.62,58.0,285.85,71.0,294.69,58.0,3.4599999999999795,129.0,116.0,0.7150174823021087,289.16,292.62,245,13.0,80.0,0.05
07:32:37,289.0,53.0,290.74,46.0,285.0,52.0,292.67,46.0,1.740000000000009,105.0,92.0,0.7676262111192839,289.0,290.74,197,13.0,-48.0,0.07
07:32:38,290.0,12.0,291.0,36.0,289.0,60.0,300.0,60.0,1.0,72.0,96.0,0.5164784603419553,290.0,291.0,168,-24.0,-29.0,-0.14
07:32:39,290.24,41.0,302.13,77.0,288.47,68.0,304.83,71.0,11.889999999999986,109.0,148.0,2.5643459205024723,290.24,302.13,257,-39.0,89.0,-0.15
07:32:40,290.09,22.0,299.03,33.0,287.64,59.0,302.23,66.0,8.939999999999998,81.0,99.0,2.798244092283247,290.09,299.03,180,-18.0,-77.0,-0.1
07:32:41,289.0,48.0,297.41,34.0,285.0,60.0,298.74,38.0,8.410000000000025,108.0,72.0,2.6744588237619893,289.0,297.41,180,36.0,0.0,0.2
07:32:42,289.0,44.0,297.0,44.0,285.0,55.0,298.0,22.0,8.0,99.0,66.0,2.1031809242190183,289.0,297.0,165,33.0,-15.0,0.2
07:32:43,289.0,29.0,295.87,30.0,285.0,70.0,297.04,54.0,6.8700000000000045,99.0,84.0,1.510321157899546,289.0,295.87,183,15.0,18.0,0.08
07:32:44,289.0,7.0,291.7,20.0,285.0,35.0,292.64,22.0,2.6999999999999886,42.0,42.0,1.533346014439782,289.0,291.7,84,0.0,-99.0,0.0
07:32:45,285.68,41.0,290.0,30.0,284.63,43.0,291.36,44.0,4.319999999999993,84.0,74.0,2.2730662110897244,285.68,290.0,158,10.0,74.0,0.06
07:32:46,285.0,60.0,289.2,30.0,282.0,90.0,290.4,30.0,4.199999999999989,150.0,60.0,2.645719183888787,285.0,289.2,210,90.0,52.0,0.43
07:32:47,284.27,49.0,287.66,29.0,281.94,64.0,290.36,28.0,3.390000000000043,113.0,57.0,2.6189749903342694,284.27,287.66,170,56.0,-40.0,0.33
07:32:48,286.83,84.0,298.0,26.0,282.23,93.0,300.27,44.0,11.170000000000016,177.0,70.0,2.615450248044572,286.83,298.0,247,107.0,77.0,0.43
07:32:49,295.0,99.0,298.0,11.0,291.0,11.0,299.0,78.0,3.0,110.0,89.0,4.401622428150455,295.0,298.0,199,21.0,-48.0,0.11
07:32:50,295.0,112.0,298.9,62.0,291.0,33.0,299.23,62.0,3.8999999999999773,145.0,124.0,5.128145863759929,295.0,298.9,269,21.0,70.0,0.08
07:32:51,295.0,28.0,297.15,33.0,291.0,21.0,298.37,41.0,2.1499999999999773,49.0,74.0,4.624480511365484,295.0,297.15,123,-25.0,-146.0,-0.2
07:32:52,295.0,40.0,296.0,50.0,291.0,30.0,297.0,40.0,1.0,70.0,90.0,1.7975538934897501,295.0,296.0,160,-20.0,37.0,-0.12
07:32:53,292.23,26.0,296.0,40.0,288.0,12.0,299.4,20.0,3.769999999999982,38.0,60.0,1.0953081758118859,292.23,296.0,98,-22.0,-62.0,-0.22
07:32:54,292.83,108.0,296.0,70.0,290.5,36.0,301.0,28.0,3.170000000000016,144.0,98.0,1.1696922672224923,292.83,296.0,242,46.0,144.0,0.19
07:32:55,293.0,126.0,295.14,70.0,291.0,42.0,301.0,28.0,2.1399999999999864,168.0,98.0,0.9028953427722115,293.0,295.14,266,70.0,24.0,0.26
07:32:56,293.0,90.0,294.1,50.0,291.0,30.0,300.6,20.0,1.1000000000000227,120.0,70.0,0.7240649142165639,293.0,294.1,190,50.0,-76.0,0.26
07:32:57,293.0,81.0,294.0,45.0,291.0,27.0,299.0,18.0,1.0,108.0,63.0,0.3953100049318519,293.0,294.0,171,45.0,-19.0,0.26
07:32:58,293.0,91.0,294.0,65.0,291.0,39.0,299.0,26.0,1.0,130.0,91.0,0.41817460467986517,293.0,294.0,221,39.0,50.0,0.18
07:32:59,293.0,61.0,296.78,72.0,291.0,54.0,301.22,54.0,3.7799999999999727,115.0,126.0,0.6023869188480068,293.0,296.78,241,-11.0,20.0,-0.05
07:33:00,293.0,32.0,296.19,80.0,291.0,48.0,299.0,32.0,3.1899999999999977,80.0,112.0,0.6786972815616963,293.0,296.19,192,-32.0,-49.0,-0.17
07:33:01,291.41,29.0,298.8,51.0,290.33,27.0,303.0,39.0,7.389999999999986,56.0,90.0,0.7692008840344566,291.41,298.8,146,-34.0,-46.0,-0.23
07:33:02,290.86,7.0,300.69,29.0,289.71,17.0,303.22,27.0,9.829999999999984,24.0,56.0,0.8329585824034683,290.86,300.69,80,-32.0,-66.0,-0.4
07:33:03,290.0,10.0,298.89,35.0,289.0,50.0,301.1,48.0,8.889999999999986,60.0,83.0,0.5222068555655722,290.0,298.89,143,-23.0,63.0,-0.16
07:33:04,291.42,19.0,298.0,27.0,289.95,40.0,301.0,45.0,6.579999999999984,59.0,72.0,0.5343032846611302,291.42,298.0,131,-13.0,-12.0,-0.1
07:33:05,291.55,33.0,297.69,39.0,290.89,46.0,301.0,65.0,6.139999999999986,79.0,104.0,0.5297640984435116,291.55,297.69,183,-25.0,52.0,-0.14
07:33:06,293.0,10.0,297.0,30.0,291.0,50.0,301.0,50.0,4.0,60.0,80.0,0.5226566750742373,293.0,297.0,140,-20.0,-43.0,-0.14
07:33:07,291.04,57.0,296.53,45.0,290.26,19.0,301.62,39.0,5.489999999999952,76.0,84.0,0.45552167895665135,291.04,296.53,160,-8.0,20.0,-0.05
07:33:08,291.0,44.0,294.27,33.0,290.0,11.0,301.18,22.0,3.269999999999982,55.0,55.0,0.9583840566283265,291.0,294.27,110,0.0,-50.0,0.0
07:33:09,291.0,56.0,292.93,42.0,290.0,14.0,297.86,28.0,1.9300000000000068,70.0,70.0,1.2887978895075807,291.0,292.93,140,0.0,30.0,0.0
07:33:10,290.9,29.0,292.0,42.0,289.25,44.0,299.0,28.0,1.1000000000000227,73.0,70.0,1.4332061959114433,290.9,292.0,143,3.0,3.0,0.02
07:33:11,289.11,74.0,291.0,42.0,288.14,112.0,299.71,42.0,1.8899999999999864,186.0,84.0,1.3857958002528887,289.11,291.0,270,102.0,127.0,0.38
07:33:12,289.0,99.0,290.44,27.0,285.0,36.0,297.11,27.0,1.4399999999999977,135.0,54.0,1.2470084201793665,289.0,290.44,189,81.0,-81.0,0.43
07:33:13,289.0,49.0,295.0,24.0,285.0,32.0,300.94,34.0,6.0,81.0,58.0,1.0791802444439975,289.0,295.0,139,23.0,-50.0,0.17
07:33:14,289.0,110.0,297.05,63.0,285.0,52.0,298.49,41.0,8.050000000000011,162.0,104.0,1.3707917420229339,289.0,297.05,266,58.0,127.0,0.22
07:33:15,289.0,80.0,297.0,40.0,285.0,32.0,298.0,24.0,8.0,112.0,64.0,1.5862282307405688,289.0,297.0,176,48.0,-90.0,0.27
07:33:16,289.0,50.0,296.8,25.0,285.0,20.0,298.0,15.0,7.800000000000011,70.0,40.0,1.4112831041284875,289.0,296.8,110,30.0,-66.0,0.27
07:33:17,289.0,120.0,295.58,60.0,285.0,48.0,298.0,36.0,6.579999999999984,168.0,96.0,0.4673542553553283,289.0,295.58,264,72.0,154.0,0.27
07:33:18,289.05,116.0,292.96,26.0,286.62,74.0,293.7,64.0,3.909999999999968,190.0,90.0,0.8557043882081379,289.05,292.96,280,100.0,16.0,0.36
07:33:19,289.41,51.0,291.14,35.0,288.25,153.0,292.86,64.0,1.7299999999999613,204.0,99.0,1.2019276184523346,289.41,291.14,303,105.0,23.0,0.35
07:33:20,289.0,45.0,290.67,18.0,288.0,18.0,293.0,45.0,1.670000000000016,63.0,63.0,1.3055918198266419,289.0,290.67,126,0.0,-168.0,0.0
07:33:21,288.36,28.0,289.64,22.0,285.14,85.0,292.96,25.0,1.2799999999999727,113.0,47.0,1.2459815407934216,288.36,289.64,160,66.0,34.0,0.41
07:33:22,286.41,34.0,290.0,24.0,284.51,82.0,292.12,34.0,3.589999999999975,116.0,58.0,1.092442218150518,286.41,290.0,174,58.0,14.0,0.33
07:33:23,285.0,81.0,292.0,36.0,281.0,45.0,297.47,19.0,7.0,126.0,55.0,0.8756312009044892,285.0,292.0,181,71.0,7.0,0.39
07:33:24,285.0,54.0,292.0,24.0,281.0,30.0,300.0,30.0,7.0,84.0,54.0,0.6380987384389313,285.0,292.0,138,30.0,-43.0,0.22
07:33:25,285.54,79.0,298.72,75.0,283.99,79.0,300.71,51.0,13.180000000000007,158.0,126.0,1.6249523069916605,285.54,298.72,284,32.0,146.0,0.11
07:33:26,285.75,16.0,300.0,36.0,284.62,26.0,301.0,18.0,14.25,42.0,54.0,2.2652659887964126,285.75,300.0,96,-12.0,-168.0,-0.12
07:33:27,285.0,18.0,298.86,43.0,284.0,90.0,300.2,30.0,13.860000000000014,108.0,73.0,2.1184593458450016,285.0,298.86,181,35.0,85.0,0.19
07:33:28,284.14,73.0,296.56,36.0,282.52,99.0,297.33,48.0,12.420000000000016,172.0,84.0,1.748133290112106,284.14,296.56,256,88.0,75.0,0.34
07:33:29,284.0,84.0,296.0,24.0,281.0,84.0,297.0,60.0,12.0,168.0,84.0,1.2298251908292877,284.0,296.0,252,84.0,-4.0,0.33
07:33:30,284.0,55.0,294.49,37.0,281.0,77.0,295.89,46.0,10.490000000000009,132.0,83.0,1.487228966903923,284.0,294.49,215,49.0,-37.0,0.23
07:33:31,284.0,50.0,290.76,34.0,281.0,70.0,292.21,29.0,6.759999999999991,120.0,63.0,1.6618814638829853,284.0,290.76,183,57.0,-32.0,0.31
07:33:32,282.14,79.0,286.78,49.0,280.2,70.0,288.28,32.0,4.639999999999986,149.0,81.0,2.4272989103111176,282.14,286.78,230,68.0,47.0,0.3
07:33:33,281.03,114.0,284.53,30.0,279.36,78.0,286.59,34.0,3.5,192.0,64.0,3.0887732192566597,281.03,284.53,256,128.0,26.0,0.5
07:33:34,281.01,86.0,283.46,35.0,280.27,105.0,292.19,26.0,2.4499999999999886,191.0,61.0,3.012361200121375,281.01,283.46,252,130.0,-4.0,0.52
07:33:35,282.38,90.0,293.05,37.0,276.48,83.0,295.79,42.0,10.670000000000016,173.0,79.0,2.545521557558816,282.38,293.05,252,94.0,0.0,0.37
07:33:36,284.27,45.0,295.0,20.0,278.42,55.0,296.0,30.0,10.730000000000018,100.0,50.0,3.2041270261955614,284.27,295.0,150,50.0,-102.0,0.33
07:33:37,292.0,11.0,295.0,22.0,289.0,66.0,296.0,33.0,3.0,77.0,55.0,4.746016224160794,292.0,295.0,132,22.0,-18.0,0.17
07:33:38,292.0,6.0,295.0,12.0,289.0,36.0,296.0,18.0,3.0,42.0,30.0,4.686921164261055,292.0,295.0,72,12.0,-60.0,0.17
07:33:39,292.0,6.0,295.0,12.0,289.0,36.0,296.0,18.0,3.0,42.0,30.0,2.727673000929387,292.0,295.0,72,12.0,0.0,0.17
07:33:40,292.8,15.0,295.0,22.0,289.11,56.0,296.12,26.0,2.1999999999999886,71.0,48.0,1.7838665869396446,292.8,295.0,119,23.0,47.0,0.19
07:33:41,294.0,33.0,295.0,22.0,292.0,11.0,296.0,22.0,1.0,44.0,44.0,0.438178046004253,294.0,295.0,88,0.0,-31.0,0.0
07:33:42,294.0,12.0,295.0,16.0,292.0,8.0,296.0,16.0,1.0,20.0,32.0,0.5019960159206278,294.0,295.0,52,-12.0,-36.0,-0.23
07:33:43,289.59,17.0,295.0,14.0,285.68,19.0,296.0,14.0,5.410000000000025,36.0,28.0,0.9139037148409358,289.59,295.0,64,8.0,12.0,0.12
07:33:44,289.0,24.0,295.0,16.0,284.0,8.0,296.0,16.0,6.0,32.0,32.0,1.2098429650165055,289.0,295.0,64,0.0,0.0,0.0
07:33:45,289.0,6.0,295.0,4.0,284.0,2.0,296.0,4.0,6.0,8.0,8.0,1.3216731819930978,289.0,295.0,16,0.0,-48.0,0.0
07:33:46,289.0,24.0,295.0,16.0,284.0,8.0,296.5,24.0,6.0,32.0,40.0,1.0928494864342164,289.0,295.0,72,-8.0,56.0,-0.11
07:33:47,291.7,30.0,295.0,20.0,288.82,28.0,296.6,50.0,3.3000000000000114,58.0,70.0,0.5849529895636435,291.7,295.0,128,-12.0,56.0,-0.09
07:33:48,292.0,18.0,295.0,12.0,289.0,18.0,296.0,24.0,3.0,36.0,36.0,0.7823042886240359,292.0,295.0,72,0.0,-56.0,0.0
07:33:49,292.0,33.0,295.0,22.0,289.36,33.0,296.0,44.0,3.0,66.0,66.0,0.7965550828409228,292.0,295.0,132,0.0,60.0,0.0
07:33:50,291.89,35.0,295.27,33.0,289.66,35.0,296.1,98.0,3.3799999999999955,70.0,131.0,0.6681915892914765,291.89,295.27,201,-61.0,69.0,-0.3
07:33:51,290.0,8.0,295.0,16.0,287.33,12.0,296.0,32.0,5.0,20.0,48.0,0.4471912342610392,290.0,295.0,68,-28.0,-133.0,-0.41
07:33:52,290.0,8.0,295.0,16.0,289.0,16.0,296.0,32.0,5.0,24.0,48.0,0.563276131217903,290.0,295.0,72,-24.0,4.0,-0.33
07:33:53,289.17,12.0,295.0,14.0,286.22,9.0,296.0,28.0,5.829999999999984,21.0,42.0,0.6692682571283693,289.17,295.0,63,-21.0,-9.0,-0.33
07:33:54,289.0,24.0,295.0,24.0,284.74,19.0,296.0,48.0,6.0,43.0,72.0,0.6300158728155076,289.0,295.0,115,-29.0,52.0,-0.25
07:33:55,289.0,20.0,295.0,20.0,285.0,20.0,296.0,40.0,6.0,40.0,60.0,0.2613044201680126,289.0,295.0,100,-20.0,-15.0,-0.2
07:33:56,289.0,22.0,295.0,22.0,285.0,22.0,296.0,44.0,6.0,44.0,66.0,0.21743964679719874,289.0,295.0,110,-22.0,10.0,-0.2
07:33:57,288.4,25.0,294.5,24.0,282.52,58.0,295.6,40.0,6.100000000000023,83.0,64.0,0.2572547375641275,288.4,294.5,147,19.0,37.0,0.13
07:33:58,281.7,40.0,294.0,45.0,280.99,169.0,295.73,90.0,12.300000000000011,209.0,135.0,1.810179549105193,281.7,294.0,344,74.0,168.0,0.22
07:33:59,285.03,62.0,293.44,43.0,282.11,53.0,294.32,65.0,8.410000000000025,115.0,108.0,1.8716490055558885,285.03,293.44,223,7.0,-121.0,0.03
07:34:00,285.89,38.0,289.75,48.0,278.75,96.0,291.46,28.0,3.8600000000000136,134.0,76.0,1.9695862509668989,285.89,289.75,210,58.0,-13.0,0.28
07:34:01,287.97,59.0,294.0,25.0,283.68,25.0,296.16,62.0,6.029999999999973,84.0,87.0,1.7029591891756346,287.97,294.0,171,-3.0,-39.0,-0.02
07:34:02,288.0,44.0,293.16,19.0,284.0,11.0,294.69,26.0,5.160000000000025,55.0,45.0,1.4796215732401357,288.0,293.16,100,10.0,-71.0,0.1
07:34:03,288.0,20.0,293.0,10.0,284.0,5.0,295.9,21.0,5.0,25.0,31.0,1.2963332904766294,288.0,293.0,56,-6.0,-44.0,-0.11
07:34:04,288.0,36.0,294.81,26.0,284.0,9.0,296.33,36.0,6.810000000000002,45.0,62.0,1.4081477195231438,288.0,294.81,107,-17.0,51.0,-0.16
07:34:05,288.0,36.0,293.05,41.0,282.29,14.0,295.38,13.0,5.050000000000011,50.0,54.0,0.3902307009943892,288.0,293.05,104,-4.0,-3.0,-0.04
07:34:06,288.0,32.0,293.0,40.0,280.0,48.0,295.0,8.0,5.0,80.0,48.0,0.3926830783195305,288.0,293.0,128,32.0,24.0,0.25
07:34:07,288.0,40.0,292.83,30.0,284.0,50.0,293.33,30.0,4.829999999999984,90.0,60.0,0.4109987834513341,288.0,292.83,150,30.0,22.0,0.2
07:34:08,288.0,69.0,291.75,12.0,284.0,66.0,293.83,60.0,3.75,135.0,72.0,0.545783839993807,288.0,291.75,207,63.0,57.0,0.3
07:34:09,288.0,67.0,289.15,13.0,284.0,80.0,294.0,65.0,1.1499999999999773,147.0,78.0,0.8254695633383528,288.0,289.15,225,69.0,18.0,0.31
07:34:10,286.33,48.0,288.91,11.0,282.37,59.0,299.0,99.0,2.580000000000041,107.0,110.0,1.2571396103844814,286.33,288.91,217,-3.0,-8.0,-0.01
07:34:11,284.0,50.0,288.0,10.0,280.0,60.0,298.22,46.0,4.0,110.0,56.0,1.7763445611696596,284.0,288.0,166,54.0,-51.0,0.33
07:34:12,284.0,23.0,287.4,5.0,280.0,30.0,298.0,20.0,3.3999999999999773,53.0,25.0,1.754958688971436,284.0,287.4,78,28.0,-88.0,0.36
07:34:13,284.0,60.0,286.27,15.0,280.0,90.0,297.0,60.0,2.269999999999982,150.0,75.0,1.4397499782933292,284.0,286.2699999999999,225,75.0,147.0,0.33
07:34:14,284.0,44.0,285.0,22.0,280.0,66.0,286.0,11.0,1.0,110.0,33.0,1.1726892171394074,284.0,285.0,143,77.0,-82.0,0.54
07:34:15,284.0,26.0,285.77,13.0,280.0,72.0,296.04,57.0,1.7699999999999818,98.0,70.0,0.6079638147082314,284.0,285.77,168,28.0,25.0,0.17
07:34:16,284.0,22.0,293.7,61.0,280.0,102.0,296.24,25.0,9.699999999999989,124.0,86.0,1.753359632247498,284.0,293.7,210,38.0,42.0,0.18
07:34:17,287.52,21.0,294.0,45.0,282.92,26.0,297.0,15.0,6.480000000000018,47.0,60.0,2.812761987797031,287.52,294.0,107,-13.0,-103.0,-0.12
07:34:18,290.0,14.0,294.0,42.0,285.9,21.0,297.0,14.0,4.0,35.0,56.0,3.3958975249552186,290.0,294.0,91,-21.0,-16.0,-0.23
07:34:19,288.47,17.0,294.0,24.0,286.18,11.0,297.0,8.0,5.529999999999973,28.0,32.0,2.855762595174541,288.47,294.0,60,-4.0,-31.0,-0.07
07:34:20,289.0,21.0,294.0,21.0,288.0,14.0,297.0,7.0,5.0,35.0,28.0,1.2148250902903592,289.0,294.0,63,7.0,3.0,0.11
07:34:21,289.0,36.0,294.0,36.0,288.0,24.0,297.0,12.0,5.0,60.0,48.0,0.45144213361113134,289.0,294.0,108,12.0,45.0,0.11
07:34:22,289.0,21.0,294.0,21.0,288.0,14.0,297.0,7.0,5.0,35.0,28.0,0.2766224864313378,289.0,294.0,63,7.0,-45.0,0.11
07:34:23,289.0,48.0,292.14,29.0,288.0,32.0,298.61,31.0,3.1399999999999864,80.0,60.0,0.4028895630309834,289.0,292.14,140,20.0,77.0,0.14
07:34:24,285.07,14.0,297.31,13.0,282.08,13.0,301.28,25.0,12.240000000000009,27.0,38.0,0.4041905491216875,285.07,297.31,65,-11.0,-75.0,-0.17
07:34:25,289.18,44.0,296.09,23.0,282.93,14.0,297.84,19.0,6.909999999999968,58.0,42.0,0.7475760830841333,289.18,296.09,100,16.0,35.0,0.16
07:34:26,288.0,60.0,293.09,22.0,284.0,16.0,294.9,20.0,5.089999999999975,76.0,42.0,0.8537681184017762,288.0,293.09,118,34.0,18.0,0.29
07:34:27,288.0,55.0,291.91,22.0,284.0,22.0,293.0,17.0,3.910000000000025,77.0,39.0,1.022311107246296,288.0,291.91,116,38.0,-2.0,0.33
07:34:28,289.0,54.0,290.29,28.0,288.0,90.0,291.62,26.0,1.2900000000000205,144.0,54.0,1.1865159080261147,289.0,290.29,198,90.0,82.0,0.45
07:34:29,288.4,15.0,295.05,19.0,287.85,47.0,299.15,53.0,6.650000000000034,62.0,72.0,1.254432142444985,288.4,295.05,134,-10.0,-64.0,-0.07
07:34:30,285.2,10.0,300.73,49.0,284.2,10.0,316.49,91.0,15.53000000000003,20.0,140.0,1.375070907262314,285.2,300.73,160,-120.0,26.0,-0.75
07:34:31,277.24,113.0,299.98,41.0,252.06,16.0,300.97,123.0,22.74000000000001,129.0,164.0,1.7461385970188348,277.24,299.98,293,-35.0,133.0,-0.12
07:34:32,277.0,100.0,279.68,28.0,259.0,20.0,295.16,25.0,2.680000000000007,120.0,53.0,5.802117716833851,277.0,279.68,173,67.0,-120.0,0.39
07:34:33,277.0,80.0,279.0,24.0,256.5,16.0,282.0,28.0,2.0,96.0,52.0,7.260802297266851,277.0,279.0,148,44.0,-25.0,0.3
07:34:34,277.08,98.0,280.5,36.0,253.52,46.0,283.71,63.0,3.420000000000016,144.0,99.0,6.977246591599998,277.08,280.5,243,45.0,95.0,0.19
07:34:35,278.0,44.0,282.0,66.0,276.5,72.0,294.0,33.0,4.0,116.0,99.0,4.459660300963755,278.0,282.0,215,17.0,-28.0,0.08
07:34:36,278.33,36.0,282.0,54.0,275.0,54.0,294.0,27.0,3.670000000000016,90.0,81.0,0.9785959329524323,278.33,282.0,171,9.0,-44.0,0.05
07:34:37,279.0,32.0,282.0,48.0,273.5,48.0,294.0,24.0,3.0,80.0,72.0,1.0550687181370066,279.0,282.0,152,8.0,-19.0,0.05
07:34:38,279.02,41.0,282.0,62.0,273.38,64.0,294.0,33.0,2.980000000000018,105.0,95.0,0.7076227808596408,279.02,282.0,200,10.0,48.0,0.05
07:34:39,280.0,6.0,282.0,24.0,279.0,24.0,294.0,18.0,2.0,30.0,42.0,0.38357528595019313,280.0,282.0,72,-12.0,-128.0,-0.17
07:34:40,280.4,10.0,286.32,25.0,273.81,31.0,295.29,21.0,5.920000000000016,41.0,46.0,1.2932787789151081,280.4,286.32,87,-5.0,15.0,-0.06
07:34:41,292.0,120.0,293.82,33.0,288.4,20.0,296.25,36.0,1.8199999999999932,140.0,69.0,5.306508268154649,292.0,293.82,209,71.0,122.0,0.34
07:34:42,292.0,146.0,293.19,32.0,290.0,30.0,294.53,45.0,1.1899999999999977,176.0,77.0,6.189881258957632,292.0,293.19,253,99.0,44.0,0.39
07:34:43,292.0,64.0,294.0,24.0,290.0,16.0,298.0,24.0,2.0,80.0,48.0,5.896394661146437,292.0,294.0,128,32.0,-125.0,0.25
07:34:44,292.0,40.0,294.8,15.0,290.0,10.0,298.0,15.0,2.8000000000000114,50.0,30.0,4.30964847754404,292.0,294.8,80,20.0,-48.0,0.25
07:34:45,292.0,64.0,296.0,24.0,290.0,16.0,298.0,24.0,4.0,80.0,48.0,0.5418025470585243,292.0,296.0,128,32.0,48.0,0.25
07:34:46,292.0,80.0,296.0,30.0,290.0,20.0,298.0,30.0,4.0,100.0,60.0,0.619693472613077,292.0,296.0,160,40.0,32.0,0.25
07:34:47,292.0,88.0,296.0,33.0,289.67,24.0,298.0,33.0,4.0,112.0,66.0,0.46043457732823023,292.0,296.0,178,46.0,18.0,0.26
07:34:48,292.0,48.0,296.0,18.0,288.22,18.0,298.0,18.0,4.0,66.0,36.0,0.2683281572991498,292.0,296.0,102,30.0,-76.0,0.29
07:34:49,292.0,120.0,296.0,45.0,290.0,15.0,298.0,45.0,4.0,135.0,90.0,0.0,292.0,296.0,225,45.0,123.0,0.2
07:34:50,291.71,14.0,296.0,18.0,288.22,18.0,298.0,18.0,4.2900000000000205,32.0,36.0,0.06260990336682043,291.71,296.0,68,-4.0,-157.0,-0.06
07:34:51,294.0,16.0,296.0,24.0,292.0,48.0,298.0,24.0,2.0,64.0,48.0,0.466819022748355,294.0,296.0,112,16.0,44.0,0.14
07:34:52,294.0,15.0,296.0,30.0,292.0,60.0,298.0,30.0,2.0,75.0,60.0,0.5761249864394513,294.0,296.0,135,15.0,23.0,0.11
07:34:53,292.8,10.0,296.0,21.0,291.78,27.0,298.0,21.0,3.1999999999999886,37.0,42.0,0.538070627334285,292.8,296.0,79,-5.0,-56.0,-0.06
07:34:54,292.0,10.0,295.13,23.0,290.0,5.0,296.4,15.0,3.1299999999999955,15.0,38.0,0.6509070594177495,292.0,295.13,53,-23.0,-26.0,-0.43
07:34:55,290.67,36.0,294.33,75.0,287.43,21.0,295.23,65.0,3.659999999999968,57.0,140.0,1.0666208323484556,290.67,294.33,197,-83.0,144.0,-0.42
07:34:56,287.2,30.0,293.0,40.0,282.6,20.0,295.0,40.0,5.800000000000011,50.0,80.0,1.928724967432929,287.2,293.0,130,-30.0,-67.0,-0.23
07:34:57,287.72,86.0,293.0,50.0,282.92,26.0,295.0,50.0,5.279999999999973,112.0,100.0,1.9105967654109248,287.72,293.0,212,12.0,82.0,0.06
07:34:58,288.0,70.0,291.36,70.0,284.0,42.0,293.07,70.0,3.3600000000000136,112.0,140.0,1.6973567686253397,288.0,291.36,252,-28.0,40.0,-0.11
07:34:59,285.91,46.0,291.54,52.0,280.27,26.0,295.84,37.0,5.6299999999999955,72.0,89.0,1.3901007157748448,285.91,291.54,161,-17.0,-91.0,-0.11
07:35:00,284.0,33.0,301.0,11.0,272.9,29.0,302.0,22.0,17.0,62.0,33.0,1.3901007157748448,284.0,301.0,95,29.0,-66.0,0.31
07:35:01,284.52,25.0,298.96,49.0,281.38,55.0,300.21,28.0,14.439999999999998,80.0,77.0,1.5256539581431763,284.52,298.96,157,3.0,62.0,0.02
07:35:02,287.59,29.0,294.56,45.0,284.02,43.0,296.64,55.0,6.970000000000027,72.0,100.0,1.530532587042181,287.59,294.56,172,-28.0,15.0,-0.16
07:35:03,290.0,240.0,292.67,58.0,287.5,16.0,294.56,63.0,2.670000000000016,256.0,121.0,1.4179315921433782,290.0,292.67,377,135.0,168.0,0.36
07:35:04,290.0,151.0,291.37,43.0,289.0,13.0,292.25,48.0,1.3700000000000045,164.0,91.0,0.6926543149353309,290.0,291.37,255,73.0,-122.0,0.29
07:35:05,290.0,52.0,291.0,29.0,289.0,10.0,293.11,19.0,1.0,62.0,48.0,0.4977650047947139,290.0,291.0,110,14.0,-145.0,0.13
07:35:06,290.0,28.0,292.82,11.0,289.0,8.0,298.12,8.0,2.819999999999993,36.0,19.0,0.3983340306805837,290.0,292.82,55,17.0,-55.0,0.31
07:35:07,290.0,16.0,295.0,7.0,289.0,7.0,300.0,7.0,5.0,23.0,14.0,0.7850286618961089,290.0,295.0,37,9.0,-18.0,0.24
07:35:08,290.0,10.0,295.0,5.0,289.0,5.0,300.0,5.0,5.0,15.0,10.0,0.9568437699010786,290.0,295.0,25,5.0,-12.0,0.2
07:35:09,291.8,20.0,295.0,7.0,289.92,13.0,300.0,7.0,3.1999999999999886,33.0,14.0,1.1223724871889778,291.8,295.0,47,19.0,22.0,0.4
07:35:10,292.0,39.0,295.0,13.0,290.0,26.0,303.03,33.0,3.0,65.0,46.0,0.846593172662686,292.0,295.0,111,19.0,64.0,0.17
07:35:11,292.0,27.0,295.0,9.0,290.0,18.0,300.0,9.0,3.0,45.0,18.0,0.5310367218934103,292.0,295.0,63,27.0,-48.0,0.43
07:35:12,292.0,27.0,295.0,9.0,290.0,18.0,300.0,9.0,3.0,45.0,18.0,0.43817804600342963,292.0,295.0,63,27.0,0.0,0.43
07:35:13,292.0,21.0,295.0,7.0,290.0,14.0,300.0,7.0,3.0,35.0,14.0,0.04472135954395756,292.0,295.0,49,21.0,-14.0,0.43
07:35:14,289.82,11.0,295.0,9.0,288.22,18.0,300.0,9.0,5.180000000000007,29.0,18.0,0.4874628190943191,289.82,295.0,47,11.0,-2.0,0.23
07:35:15,288.38,16.0,295.0,8.0,285.57,46.0,300.0,40.0,6.6200000000000045,62.0,48.0,0.8339964028695097,288.38,295.0,110,14.0,63.0,0.13
07:35:16,288.0,49.0,294.2,25.0,284.0,168.0,299.79,24.0,6.199999999999989,217.0,49.0,1.0731029773507912,288.0,294.2,266,168.0,156.0,0.63
07:35:17,288.0,48.0,293.23,26.0,284.04,149.0,296.5,12.0,5.230000000000018,197.0,38.0,1.1331504754439923,288.0,293.23,235,159.0,-31.0,0.68
07:35:18,288.0,56.0,292.07,28.0,284.0,210.0,296.29,14.0,4.069999999999993,266.0,42.0,0.9209071614439112,288.0,292.07,308,224.0,73.0,0.73
07:35:19,288.0,32.0,290.5,16.0,284.0,120.0,297.5,18.0,2.5,152.0,34.0,0.9429475064914521,288.0,290.5,186,118.0,-122.0,0.63
07:35:20,288.0,44.0,289.73,22.0,284.0,165.0,296.55,33.0,1.7300000000000182,209.0,55.0,0.9293438545545158,288.0,289.73,264,154.0,78.0,0.58
07:35:21,285.07,43.0,288.11,47.0,283.96,146.0,293.1,30.0,3.0400000000000205,189.0,77.0,1.5467934574460593,285.07,288.11,266,112.0,2.0,0.42
07:35:22,286.97,95.0,288.07,30.0,284.53,45.0,292.89,18.0,1.099999999999966,140.0,48.0,1.3838966724425883,286.97,288.07,188,92.0,-78.0,0.49
07:35:23,288.29,147.0,298.65,34.0,287.38,151.0,299.8,41.0,10.359999999999957,298.0,75.0,2.6441577108784653,288.29,298.65,373,223.0,168.0,0.6
07:35:24,289.93,43.0,296.44,27.0,288.46,121.0,297.85,26.0,6.509999999999991,164.0,53.0,3.2119978206714883,289.93,296.44,217,111.0,-156.0,0.51
07:35:25,294.0,14.0,296.0,42.0,289.79,38.0,300.0,14.0,2.0,52.0,56.0,3.8189304785501075,294.0,296.0,108,-4.0,-109.0,-0.04
07:35:26,294.0,9.0,296.0,27.0,292.0,9.0,300.0,9.0,2.0,18.0,36.0,3.0884024996751314,294.0,296.0,54,-18.0,-54.0,-0.33
07:35:27,288.32,31.0,296.0,12.0,285.67,36.0,300.0,4.0,7.680000000000007,67.0,16.0,1.2292396023558212,288.32,296.0,83,51.0,29.0,0.61
07:35:28,288.47,68.0,296.0,24.0,286.17,96.0,300.0,8.0,7.529999999999973,164.0,32.0,1.412239356483102,288.47,296.0,196,132.0,113.0,0.67
07:35:29,290.0,47.0,293.92,24.0,288.0,156.0,295.2,30.0,3.920000000000016,203.0,54.0,1.5807340067195716,290.0,293.92,257,149.0,61.0,0.58
07:35:30,290.0,39.0,292.46,26.0,288.0,169.0,293.69,26.0,2.4599999999999795,208.0,52.0,1.4436135216876422,290.0,292.46,260,156.0,3.0,0.6
07:35:31,288.24,118.0,291.25,32.0,285.92,180.0,294.4,40.0,3.009999999999991,298.0,72.0,1.0439731797316394,288.24,291.25,370,226.0,110.0,0.61
07:35:32,288.0,130.0,290.2,10.0,284.0,50.0,292.0,20.0,2.1999999999999886,180.0,30.0,1.3786877819139083,288.0,290.2,210,150.0,-160.0,0.71
07:35:33,288.0,182.0,290.0,14.0,284.0,70.0,292.0,28.0,2.0,252.0,42.0,1.3247565814134965,288.0,290.0,294,210.0,84.0,0.71
07:35:34,288.0,285.0,289.05,42.0,284.0,110.0,291.12,26.0,1.0500000000000114,395.0,68.0,1.0511041813246012,288.0,289.05,463,327.0,168.0,0.71
07:35:35,288.0,102.0,296.45,29.0,284.0,50.0,298.5,12.0,8.449999999999989,152.0,41.0,1.465701197378987,288.0,296.45,193,111.0,-168.0,0.58
07:35:36,288.0,50.0,297.0,24.0,284.0,40.0,299.0,8.0,9.0,90.0,32.0,1.924816874406119,288.0,297.0,122,58.0,-71.0,0.48
07:35:37,288.0,60.0,297.0,36.0,284.0,60.0,299.0,12.0,9.0,120.0,48.0,2.0078147324887823,288.0,297.0,168,72.0,46.0,0.43
07:35:38,288.0,55.0,297.0,33.0,284.0,55.0,303.21,19.0,9.0,110.0,52.0,1.7528034687321343,288.0,297.0,162,58.0,-6.0,0.36
07:35:39,288.0,60.0,297.0,36.0,284.0,60.0,299.74,54.0,9.0,120.0,90.0,0.12521980673916172,288.0,297.0,210,30.0,48.0,0.14
07:35:40,288.0,65.0,297.23,43.0,284.0,65.0,298.31,65.0,9.230000000000018,130.0,108.0,0.05366563145851319,288.0,297.23,238,22.0,28.0,0.09
07:35:41,287.6,50.0,297.67,30.0,283.89,46.0,299.0,50.0,10.069999999999993,96.0,80.0,0.0685565460029491,287.6,297.67,176,16.0,-62.0,0.09
07:35:42,285.47,43.0,296.0,9.0,281.17,12.0,298.0,45.0,10.529999999999973,55.0,54.0,0.8219063206957653,285.47,296.0,109,1.0,-67.0,0.01
07:35:43,293.0,105.0,295.07,59.0,284.0,60.0,297.87,55.0,2.069999999999993,165.0,114.0,1.1731453447888511,293.0,295.07,279,51.0,168.0,0.18
07:35:44,293.0,77.0,294.55,55.0,284.0,44.0,299.0,11.0,1.5500000000000114,121.0,66.0,1.3029121229000178,293.0,294.55,187,55.0,-92.0,0.29
07:35:45,293.0,87.0,294.5,60.0,284.94,64.0,301.29,31.0,1.5,151.0,91.0,1.3697152988851025,293.0,294.5,242,60.0,55.0,0.25
07:35:46,293.0,22.0,300.0,38.0,284.0,44.0,304.0,22.0,7.0,66.0,60.0,2.047041768015538,293.0,300.0,126,6.0,-116.0,0.05
07:35:47,293.0,14.0,300.0,28.0,283.44,18.0,304.0,14.0,7.0,32.0,42.0,1.4556613617186611,293.0,300.0,74,-10.0,-52.0,-0.14
07:35:48,293.0,20.0,300.0,40.0,283.0,26.0,304.0,20.0,7.0,46.0,60.0,1.5007764657005986,293.0,300.0,106,-14.0,32.0,-0.13
07:35:49,283.43,68.0,300.0,44.0,283.13,98.0,304.0,22.0,16.569999999999993,166.0,66.0,2.1872517001938108,283.43,300.0,232,100.0,126.0,0.43
07:35:50,288.0,36.0,296.69,29.0,285.48,207.0,300.71,38.0,8.689999999999998,243.0,67.0,2.4611582639076057,288.0,296.69,310,176.0,78.0,0.57
07:35:51,288.22,18.0,300.8,35.0,280.8,65.0,302.2,35.0,12.579999999999984,83.0,70.0,2.251281857076237,288.22,300.8,153,13.0,-157.0,0.08
07:35:52,289.0,78.0,301.0,56.0,288.0,14.0,303.12,50.0,12.0,92.0,106.0,1.9690784646632538,289.0,301.0,198,-14.0,45.0,-0.07
07:35:53,289.0,56.0,300.17,12.0,288.0,8.0,301.77,26.0,11.170000000000016,64.0,38.0,1.4920020107226861,289.0,300.17,102,26.0,-96.0,0.25
07:35:54,289.0,63.0,299.0,9.0,288.0,9.0,300.86,29.0,10.0,72.0,38.0,1.0386433459087874,289.0,299.0,110,34.0,8.0,0.31
07:35:55,290.07,60.0,298.0,12.0,288.93,60.0,300.25,24.0,7.930000000000007,120.0,36.0,0.4178875446823778,290.07,298.0,156,84.0,46.0,0.54
07:35:56,291.0,64.0,294.75,16.0,289.0,112.0,296.25,16.0,3.75,176.0,32.0,0.7974459229317952,291.0,294.75,208,144.0,52.0,0.69
07:35:57,291.0,52.0,294.0,13.0,289.0,91.0,296.0,13.0,3.0,143.0,26.0,0.8708731250878972,291.0,294.0,169,117.0,-39.0,0.69
07:35:58,291.0,42.0,293.29,17.0,289.0,105.0,294.53,19.0,2.2900000000000205,147.0,36.0,0.8638692030627021,291.0,293.29,183,111.0,14.0,0.61
07:35:59,289.25,64.0,291.17,12.0,288.78,36.0,301.33,48.0,1.920000000000016,100.0,60.0,1.3915207508333989,289.25,291.17,160,40.0,-23.0,0.25
07:36:00,289.0,86.0,301.79,75.0,288.0,14.0,303.19,37.0,12.79000000000002,100.0,112.0,1.8563216316145346,289.0,301.79,212,-12.0,52.0,-0.06
07:36:01,289.0,24.0,302.0,56.0,288.0,8.0,304.0,8.0,13.0,32.0,64.0,2.269702623693295,289.0,302.0,96,-32.0,-116.0,-0.33
07:36:02,289.0,30.0,301.95,66.0,288.0,10.0,303.12,16.0,12.949999999999989,40.0,82.0,2.4411329337011627,289.0,301.95,122,-42.0,26.0,-0.34
07:36:03,289.0,48.0,299.38,48.0,288.0,16.0,301.62,72.0,10.379999999999995,64.0,120.0,2.272340203402771,289.0,299.38,184,-56.0,62.0,-0.3
07:36:04,288.92,36.0,297.21,42.0,287.65,17.0,300.9,41.0,8.289999999999964,53.0,83.0,1.0768147472990266,288.92,297.21,136,-30.0,-48.0,-0.22
07:36:05,288.0,17.0,294.65,51.0,287.0,17.0,299.0,34.0,6.649999999999977,34.0,85.0,1.766711634647944,288.0,294.65,119,-51.0,-17.0,-0.43
07:36:06,288.0,14.0,293.5,42.0,287.0,14.0,299.0,40.0,5.5,28.0,82.0,1.9652658853193583,288.0,293.5,110,-54.0,-9.0,-0.49
07:36:07,287.01,92.0,293.0,42.0,285.03,66.0,298.43,28.0,5.990000000000009,158.0,70.0,1.7203836781368724,287.01,293.0,228,88.0,118.0,0.39
07:36:08,287.75,80.0,294.6,30.0,286.82,110.0,300.0,30.0,6.850000000000023,190.0,60.0,1.1301017653289367,287.75,294.6,250,130.0,22.0,0.52
07:36:09,292.11,38.0,297.0,14.0,288.77,26.0,302.0,21.0,4.889999999999986,64.0,35.0,1.746473589837442,292.11,297.0,99,29.0,-151.0,0.29
07:36:10,293.0,54.0,297.0,18.0,291.0,18.0,302.0,27.0,4.0,72.0,45.0,2.3050748360953195,293.0,297.0,117,27.0,18.0,0.23
07:36:11,293.0,54.0,297.0,18.0,291.0,18.0,302.0,27.0,4.0,72.0,45.0,2.3741040415281183,293.0,297.0,117,27.0,0.0,0.23
07:36:12,291.97,31.0,297.0,18.0,290.18,22.0,302.0,27.0,5.029999999999973,53.0,45.0,1.6183695498866892,291.97,297.0,98,8.0,-19.0,0.08
07:36:13,289.0,32.0,297.0,8.0,288.0,24.0,302.0,12.0,8.0,56.0,20.0,0.822909472542742,289.0,297.0,76,36.0,-22.0,0.47
07:36:14,289.0,120.0,295.61,36.0,288.0,90.0,296.77,39.0,6.610000000000014,210.0,75.0,1.2326475570901685,289.0,295.61,285,135.0,168.0,0.47
07:36:15,289.0,88.0,294.64,25.0,288.0,66.0,295.8,30.0,5.639999999999986,154.0,55.0,1.3729967225015767,289.0,294.64,209,99.0,-76.0,0.47
07:36:16,289.0,88.0,292.45,33.0,288.0,66.0,295.0,22.0,3.4499999999999886,154.0,55.0,1.3961267850735175,289.0,292.45,209,99.0,0.0,0.47
07:36:17,289.0,66.0,291.18,33.0,288.0,66.0,295.0,22.0,2.180000000000007,132.0,55.0,1.1778157750681486,289.0,291.18,187,77.0,-22.0,0.41
07:36:18,289.0,54.0,291.0,27.0,288.0,54.0,295.0,18.0,2.0,108.0,45.0,1.0354950506879281,289.0,291.0,153,63.0,-34.0,0.41
07:36:19,289.0,30.0,291.81,16.0,288.0,36.0,298.89,18.0,2.8100000000000023,66.0,34.0,0.7350170066053476,289.0,291.81,100,32.0,-53.0,0.32
07:36:20,289.0,45.0,293.88,40.0,288.0,90.0,298.89,45.0,4.8799999999999955,135.0,85.0,0.582434545677934,289.0,293.88,220,50.0,120.0,0.23
07:36:21,289.0,33.0,293.0,36.0,288.0,72.0,295.08,24.0,4.0,105.0,60.0,0.6166603603273626,289.0,293.0,165,45.0,-55.0,0.27
07:36:22,289.0,42.0,291.18,22.0,288.0,42.0,292.11,27.0,2.180000000000007,84.0,49.0,0.6166603603273626,289.0,291.18,133,35.0,-32.0,0.26
07:36:23,288.86,86.0,290.67,49.0,287.84,86.0,294.07,43.0,1.8100000000000023,172.0,92.0,0.6771041278851226,288.86,290.67,264,80.0,131.0,0.3
07:36:24,288.0,48.0,295.0,16.0,287.0,56.0,296.0,16.0,7.0,104.0,32.0,0.7900316449352732,288.0,295.0,136,72.0,-128.0,0.53
07:36:25,288.0,54.0,295.0,18.0,287.0,63.0,298.37,38.0,7.0,117.0,56.0,0.8032869972800118,288.0,295.0,173,61.0,37.0,0.35
07:36:26,288.0,84.0,293.34,29.0,287.0,98.0,297.53,68.0,5.339999999999975,182.0,97.0,0.793366245815335,288.0,293.34,279,85.0,106.0,0.3
07:36:27,288.0,78.0,291.15,40.0,287.0,105.0,292.26,35.0,3.1499999999999773,183.0,75.0,0.9185151060266216,288.0,291.15,258,108.0,-21.0,0.42
07:36:28,287.89,44.0,289.74,35.0,286.93,107.0,295.47,19.0,1.8500000000000227,151.0,54.0,1.1947175398390368,287.89,289.74,205,97.0,-53.0,0.47
07:36:29,287.0,35.0,289.29,14.0,283.0,14.0,298.0,7.0,2.2900000000000205,49.0,21.0,1.3616423906440638,287.0,289.29,70,28.0,-135.0,0.4
07:36:30,287.0,40.0,289.0,16.0,283.17,36.0,299.6,20.0,2.0,76.0,36.0,1.1047940984630011,287.0,289.0,112,40.0,42.0,0.36
07:36:31,287.0,50.0,292.14,14.0,281.4,30.0,300.16,43.0,5.139999999999986,80.0,57.0,0.751644862949649,287.0,292.14,137,23.0,25.0,0.17
07:36:32,287.93,28.0,300.0,40.0,286.33,18.0,301.0,70.0,12.069999999999993,46.0,110.0,2.4637430872553967,287.93,300.0,156,-64.0,19.0,-0.41
07:36:33,287.35,17.0,299.25,32.0,284.85,13.0,300.24,59.0,11.899999999999977,30.0,91.0,2.848329334890707,287.35,299.25,121,-61.0,-35.0,-0.5
07:36:34,287.0,22.0,298.64,33.0,283.0,11.0,300.0,75.0,11.639999999999986,33.0,108.0,2.5982878978279262,287.0,298.64,141,-75.0,20.0,-0.53
07:36:35,290.64,22.0,297.0,36.0,286.81,21.0,300.0,42.0,6.360000000000014,43.0,78.0,1.8036851166429504,290.64,297.0,121,-35.0,-20.0,-0.29
07:36:36,291.0,22.0,296.51,39.0,287.0,22.0,299.12,17.0,5.509999999999991,44.0,56.0,0.46874299994715235,291.0,296.51,100,-12.0,-21.0,-0.12
07:36:37,291.0,16.0,295.77,31.0,287.0,16.0,299.73,15.0,4.769999999999982,32.0,46.0,0.40338567153462285,291.0,295.77,78,-14.0,-22.0,-0.18
07:36:38,291.0,12.0,295.0,24.0,287.0,12.0,302.0,24.0,4.0,24.0,48.0,0.44544359912274384,291.0,295.0,72,-24.0,-6.0,-0.33
07:36:39,291.0,34.0,294.22,54.0,287.0,34.0,298.79,38.0,3.2200000000000273,68.0,92.0,0.5135464925392802,291.0,294.22,160,-24.0,88.0,-0.15
07:36:40,291.0,22.0,293.45,33.0,287.0,22.0,298.2,15.0,2.4499999999999886,44.0,48.0,0.6071820155433497,291.0,293.45,92,-4.0,-68.0,-0.04
07:36:41,289.8,30.0,292.29,51.0,284.33,42.0,300.25,73.0,2.490000000000009,72.0,124.0,0.897206776612333,289.8,292.29,196,-52.0,104.0,-0.27
07:36:42,282.43,14.0,289.91,33.0,280.17,35.0,300.82,39.0,7.480000000000018,49.0,72.0,2.803376535536827,282.43,289.91,121,-23.0,-75.0,-0.19
07:36:43,283.64,25.0,287.83,54.0,282.0,18.0,292.23,62.0,4.189999999999998,43.0,116.0,3.3442487945722257,283.64,287.83,159,-73.0,38.0,-0.46
07:36:44,283.6,15.0,285.53,45.0,280.44,36.0,292.07,41.0,1.92999999999995,51.0,86.0,3.4425746179272694,283.6,285.53,137,-35.0,-22.0,-0.26
07:36:45,282.0,10.0,284.0,24.0,279.2,40.0,296.96,55.0,2.0,50.0,79.0,3.024389194531056,282.0,284.0,129,-29.0,-8.0,-0.22
07:36:46,279.38,32.0,294.81,32.0,276.43,122.0,297.07,58.0,15.430000000000007,154.0,90.0,1.5792814821923982,279.38,294.81,244,64.0,115.0,0.26
07:36:47,279.0,24.0,295.5,20.0,276.0,108.0,296.02,41.0,16.5,132.0,61.0,1.7859591260708958,279.0,295.5,193,71.0,-51.0,0.37
07:36:48,284.0,27.0,294.12,16.0,276.78,77.0,295.36,22.0,10.120000000000005,104.0,38.0,2.396399382406086,284.0,294.12,142,66.0,-51.0,0.46
07:36:49,288.0,39.0,292.08,53.0,281.8,80.0,295.0,26.0,4.079999999999984,119.0,79.0,2.6991239319447478,288.0,292.08,198,40.0,56.0,0.2
07:36:50,289.33,45.0,291.85,41.0,284.0,35.0,293.83,23.0,2.5200000000000387,80.0,64.0,1.591832277596383,289.33,291.85,144,16.0,-54.0,0.11
07:36:51,290.0,66.0,291.0,30.0,288.0,45.0,292.0,45.0,1.0,111.0,75.0,1.390600589672717,290.0,291.0,186,36.0,42.0,0.19
07:36:52,288.0,18.0,293.33,18.0,279.0,24.0,299.0,42.0,5.329999999999984,42.0,60.0,0.6678847205907437,288.0,293.33,102,-18.0,-84.0,-0.18
07:36:53,288.0,24.0,294.0,24.0,281.0,32.0,297.53,19.0,6.0,56.0,43.0,0.3466266002470276,288.0,294.0,99,13.0,-3.0,0.13
07:36:54,288.0,25.0,294.0,27.0,287.0,36.0,299.0,45.0,6.0,61.0,72.0,0.23424346308686422,288.0,294.0,133,-11.0,34.0,-0.08
07:36:55,287.97,76.0,292.49,59.0,286.06,34.0,294.67,45.0,4.519999999999982,110.0,104.0,0.33158709263009783,287.97,292.49,214,6.0,81.0,0.03
07:36:56,288.0,44.0,293.73,33.0,287.0,22.0,295.09,33.0,5.730000000000018,66.0,66.0,0.3216675302216879,288.0,293.73,132,0.0,-82.0,0.0
07:36:57,288.0,36.0,292.33,27.0,287.0,18.0,295.0,27.0,4.329999999999984,54.0,54.0,0.4170971109931784,288.0,292.33,108,0.0,-24.0,0.0
07:36:58,288.0,32.0,291.43,42.0,287.0,28.0,295.43,42.0,3.430000000000007,60.0,84.0,0.5313473440215132,288.0,291.43,144,-24.0,36.0,-0.17
07:36:59,288.0,18.0,290.33,27.0,287.0,18.0,298.45,33.0,2.329999999999984,36.0,60.0,0.6305711696537587,288.0,290.33,96,-24.0,-48.0,-0.25
07:37:00,288.0,18.0,289.11,27.0,287.0,18.0,298.67,27.0,1.1100000000000136,36.0,54.0,0.8869780155101535,288.0,289.11,90,-18.0,-6.0,-0.2
07:37:01,283.67,30.0,298.0,45.0,277.82,55.0,299.0,15.0,14.329999999999984,85.0,60.0,0.8771658908087442,283.67,298.0,145,25.0,55.0,0.17
07:37:02,277.0,26.0,288.23,26.0,276.0,117.0,296.91,32.0,11.230000000000018,143.0,58.0,3.2171990923779648,277.0,288.23,201,85.0,56.0,0.42
07:37:03,281.85,39.0,294.72,58.0,276.15,95.0,295.64,44.0,12.870000000000005,134.0,102.0,3.109007880336989,281.85,294.72,236,32.0,35.0,0.14
07:37:04,286.0,27.0,293.73,30.0,277.0,18.0,294.56,36.0,7.730000000000018,45.0,66.0,3.195391994732027,286.0,293.7300000000001,111,-21.0,-125.0,-0.19
07:37:05,286.0,42.0,290.44,32.0,278.61,23.0,290.89,38.0,4.439999999999998,65.0,70.0,3.1850007849288677,286.0,290.44,135,-5.0,24.0,-0.04
07:37:06,286.0,24.0,288.0,8.0,279.0,16.0,289.0,40.0,2.0,40.0,48.0,2.755621526987577,286.0,288.0,88,-8.0,-47.0,-0.09
07:37:07,284.72,36.0,288.68,47.0,279.5,40.0,293.05,80.0,3.9599999999999795,76.0,127.0,1.256793539129436,284.72,288.68,203,-51.0,115.0,-0.25
07:37:08,281.44,16.0,288.0,64.0,278.05,19.0,296.15,26.0,6.560000000000002,35.0,90.0,1.9077263954763743,281.44,288.0,125,-55.0,-78.0,-0.44
07:37:09,282.93,14.0,288.0,56.0,277.37,19.0,296.0,17.0,5.069999999999993,33.0,73.0,1.366235704407205,282.93,288.0,106,-40.0,-19.0,-0.38
07:37:10,283.24,17.0,287.25,48.0,277.43,28.0,290.03,33.0,4.009999999999991,45.0,81.0,0.9801428467304459,283.24,287.25,126,-36.0,20.0,-0.29
07:37:11,284.71,34.0,286.14,59.0,278.85,26.0,295.0,17.0,1.4300000000000068,60.0,76.0,0.7286425735549468,284.71,286.14,136,-16.0,10.0,-0.12
07:37:12,281.04,57.0,290.38,16.0,277.5,18.0,295.88,32.0,9.339999999999975,75.0,48.0,0.3699999999955581,281.04,290.38,123,27.0,-13.0,0.22
07:37:13,275.06,64.0,292.5,8.0,271.75,16.0,294.64,22.0,17.439999999999998,80.0,30.0,0.7687132104996233,275.06,292.5,110,50.0,-13.0,0.45
07:37:14,275.26,152.0,282.45,33.0,269.39,132.0,291.94,49.0,7.189999999999998,284.0,82.0,2.861384280378278,275.26,282.45,366,202.0,168.0,0.55
07:37:15,278.61,66.0,282.45,22.0,275.21,139.0,289.57,23.0,3.839999999999975,205.0,45.0,3.0393831611028377,278.61,282.45,250,160.0,-116.0,0.64
07:37:16,280.64,125.0,289.65,20.0,278.42,187.0,290.89,36.0,9.009999999999991,312.0,56.0,2.9824704524932675,280.64,289.65,368,256.0,118.0,0.7
07:37:17,282.0,210.0,287.62,16.0,277.65,69.0,289.12,16.0,5.6200000000000045,279.0,32.0,2.7837798045095714,282.0,287.62,311,247.0,-57.0,0.79
07:37:18,287.5,84.0,288.54,13.0,282.59,123.0,290.82,33.0,1.0400000000000205,207.0,46.0,3.7142522800687257,287.5,288.54,253,161.0,-58.0,0.64
07:37:19,288.0,88.0,289.0,11.0,287.0,55.0,290.64,25.0,1.0,143.0,36.0,3.186181099686059,288.0,289.0,179,107.0,-74.0,0.6
07:37:20,288.0,80.0,289.86,35.0,287.0,50.0,346.32,22.0,1.8600000000000136,130.0,57.0,1.951858089103142,288.0,289.86,187,73.0,8.0,0.39
07:37:21,287.94,77.0,289.22,41.0,286.94,53.0,290.11,28.0,1.2800000000000296,130.0,69.0,1.685132042303412,287.94,289.22,199,61.0,12.0,0.31
07:37:22,287.0,60.0,288.5,24.0,286.0,36.0,290.0,36.0,1.5,96.0,60.0,0.4691801359797314,287.0,288.5,156,36.0,-43.0,0.23
07:37:23,287.0,25.0,288.0,10.0,286.0,15.0,289.0,5.0,1.0,40.0,15.0,0.6013069099868324,287.0,288.0,55,25.0,-101.0,0.45
07:37:24,287.36,55.0,288.33,21.0,286.05,41.0,291.56,34.0,0.9699999999999704,96.0,55.0,0.6045411483082528,287.36,288.33,151,41.0,96.0,0.27
07:37:25,288.0,215.0,289.0,12.0,287.0,24.0,292.0,60.0,1.0,239.0,72.0,0.47825725294847815,288.0,289.0,311,167.0,160.0,0.54
07:37:26,288.0,180.0,289.0,12.0,287.0,24.0,292.0,60.0,1.0,204.0,72.0,0.45634416836179403,288.0,289.0,276,132.0,-35.0,0.48
07:37:27,288.0,203.0,289.0,14.0,286.04,45.0,292.0,70.0,1.0,248.0,84.0,0.4685082710026143,288.0,289.0,332,164.0,56.0,0.49
07:37:28,288.0,168.0,289.0,12.0,286.0,48.0,292.0,60.0,1.0,216.0,72.0,0.29068883707137994,288.0,289.0,288,144.0,-44.0,0.5
07:37:29,288.0,154.0,289.0,11.0,286.85,53.0,292.0,55.0,1.0,207.0,66.0,0.0,288.0,289.0,273,141.0,-15.0,0.52
07:37:30,288.0,181.0,289.0,10.0,287.0,50.0,292.0,50.0,1.0,231.0,60.0,0.0,288.0,289.0,291,171.0,18.0,0.59
07:37:31,288.0,150.0,289.0,10.0,287.0,50.0,292.0,50.0,1.0,200.0,60.0,0.0,288.0,289.0,260,140.0,-31.0,0.54
07:37:32,288.0,135.0,291.59,29.0,287.0,45.0,293.5,40.0,3.589999999999975,180.0,69.0,0.5769055381932262,288.0,291.59,249,111.0,-11.0,0.45
07:37:33,288.0,150.0,291.83,48.0,287.0,50.0,294.29,42.0,3.829999999999984,200.0,90.0,0.7435859062664433,288.0,291.83,290,110.0,41.0,0.38
07:37:34,288.0,180.0,290.33,36.0,287.0,60.0,291.56,54.0,2.329999999999984,240.0,90.0,0.6790655343912809,288.0,290.33,330,150.0,40.0,0.45
07:37:35,288.8,50.0,291.0,28.0,287.88,85.0,296.29,35.0,2.1999999999999886,135.0,63.0,0.6163846201830172,288.8,291.0,198,72.0,-132.0,0.36
07:37:36,288.16,98.0,295.74,38.0,287.5,60.0,298.69,64.0,7.579999999999984,158.0,102.0,1.05419637639214,288.16,295.74,260,56.0,62.0,0.22
07:37:37,288.0,240.0,296.05,95.0,287.0,80.0,298.15,111.0,8.050000000000011,320.0,206.0,1.3100114503310207,288.0,296.05,526,114.0,168.0,0.22
07:37:38,288.0,105.0,293.5,50.0,287.0,50.0,296.0,50.0,5.5,155.0,100.0,1.254671271687694,288.0,293.5,255,55.0,-168.0,0.22
07:37:39,288.0,62.0,293.0,40.0,287.0,40.0,296.0,40.0,5.0,102.0,80.0,0.9330755596405242,288.0,293.0,182,22.0,-73.0,0.12
07:37:40,288.0,30.0,293.0,25.0,287.0,25.0,295.0,25.0,5.0,55.0,50.0,0.7777081714875299,288.0,293.0,105,5.0,-77.0,0.05
07:37:41,288.16,49.0,293.0,45.0,287.11,45.0,295.0,45.0,4.839999999999975,94.0,90.0,0.6553396066151146,288.16,293.0,184,4.0,79.0,0.02
07:37:42,292.0,22.0,293.0,55.0,288.11,53.0,295.0,55.0,1.0,75.0,110.0,0.863585548743408,292.0,293.0,185,-35.0,1.0,-0.19
07:37:43,290.11,35.0,294.44,50.0,288.1,58.0,298.11,54.0,4.329999999999984,93.0,104.0,1.0240703100854185,290.11,294.44,197,-11.0,12.0,-0.06
07:37:44,290.0,42.0,293.0,42.0,288.0,70.0,295.0,70.0,3.0,112.0,112.0,0.9288272175159665,290.0,293.0,224,0.0,27.0,0.0
07:37:45,287.21,14.0,293.0,30.0,286.06,77.0,295.6,50.0,5.7900000000000205,91.0,80.0,1.0405191012174881,287.21,293.0,171,11.0,-53.0,0.06
07:37:46,287.0,7.0,292.14,21.0,286.0,56.0,294.67,27.0,5.139999999999986,63.0,48.0,1.3029850344491511,287.0,292.14,111,15.0,-60.0,0.14
07:37:47,286.35,34.0,288.67,45.0,285.66,105.0,289.93,45.0,2.319999999999993,139.0,90.0,1.8477905725483326,286.35,288.67,229,49.0,118.0,0.21
07:37:48,286.0,72.0,287.0,36.0,282.0,36.0,288.0,36.0,1.0,108.0,72.0,2.0167969654872455,286.0,287.0,180,36.0,-49.0,0.2
07:37:49,283.6,20.0,287.5,24.0,279.14,28.0,293.0,32.0,3.8999999999999773,48.0,56.0,1.9553823155584131,283.6,287.5,104,-8.0,-76.0,-0.08
07:37:50,286.5,12.0,295.56,18.0,281.35,31.0,296.6,50.0,9.060000000000002,43.0,68.0,2.243506184524234,286.5,295.56,111,-25.0,7.0,-0.23
07:37:51,288.0,8.0,295.0,8.0,282.0,24.0,297.75,40.0,7.0,32.0,48.0,2.694897029572464,288.0,295.0,80,-16.0,-31.0,-0.2
07:37:52,288.0,10.0,294.1,10.0,282.0,30.0,299.19,58.0,6.100000000000023,40.0,68.0,2.856856664237554,288.0,294.1,108,-28.0,28.0,-0.26
07:37:53,288.0,10.0,294.0,10.0,282.0,30.0,301.0,160.0,6.0,40.0,170.0,2.5106035131016973,288.0,294.0,210,-130.0,102.0,-0.62
07:37:54,288.0,12.0,294.0,12.0,282.0,36.0,301.0,166.0,6.0,48.0,178.0,0.2157081361440895,288.0,294.0,226,-130.0,16.0,-0.58
07:37:55,288.0,12.0,297.62,16.0,283.43,14.0,300.95,92.0,9.620000000000005,26.0,108.0,0.7769620325336469,288.0,297.62,134,-82.0,-92.0,-0.61
07:37:56,288.38,32.0,298.8,51.0,286.29,14.0,300.06,63.0,10.420000000000016,46.0,114.0,1.22741598490441,288.38,298.8,160,-68.0,26.0,-0.42
07:37:57,289.08,37.0,298.0,75.0,282.7,74.0,299.0,45.0,8.920000000000016,111.0,120.0,1.304135729132123,289.08,298.0,231,-9.0,71.0,-0.04
07:37:58,286.0,9.0,298.0,45.0,282.0,62.0,299.0,27.0,12.0,71.0,72.0,1.098530837072411,286.0,298.0,143,-1.0,-88.0,-0.01
07:37:59,286.0,8.0,298.0,40.0,282.0,52.0,299.0,24.0,12.0,60.0,64.0,0.7827962697912221,286.0,298.0,124,-4.0,-19.0,-0.03
07:38:00,286.0,82.0,296.75,60.0,282.0,112.0,297.53,68.0,10.75,194.0,128.0,1.0030054835338522,286.0,296.75,322,66.0,168.0,0.2
07:38:01,286.0,192.0,296.0,48.0,282.0,112.0,297.04,68.0,10.0,304.0,116.0,0.9688549943097179,286.0,296.0,420,188.0,98.0,0.45
07:38:02,286.0,67.0,295.86,28.0,282.0,70.0,297.29,17.0,9.860000000000014,137.0,45.0,0.5201153718154943,286.0,295.86,182,92.0,-168.0,0.51
07:38:03,286.61,36.0,294.07,28.0,284.05,43.0,297.86,42.0,7.4599999999999795,79.0,70.0,0.6124540799102665,286.61,294.07,149,9.0,-33.0,0.06
07:38:04,283.09,46.0,293.0,26.0,279.58,76.0,301.32,47.0,9.910000000000025,122.0,73.0,1.3374677566201552,283.09,293.0,195,49.0,46.0,0.25
07:38:05,282.62,64.0,292.0,34.0,280.29,70.0,301.63,163.0,9.379999999999995,134.0,197.0,1.726652831346921,282.62,292.0,331,-63.0,136.0,-0.19
07:38:06,283.62,105.0,289.78,36.0,282.91,114.0,294.33,54.0,6.159999999999968,219.0,90.0,1.8724128818180301,283.62,289.78,309,129.0,-22.0,0.42
07:38:07,284.0,65.0,289.0,26.0,283.0,104.0,295.0,39.0,5.0,169.0,65.0,1.5529713455173073,284.0,289.0,234,104.0,-75.0,0.44
07:38:08,286.62,138.0,288.17,36.0,285.03,96.0,294.72,64.0,1.5500000000000114,234.0,100.0,0.6109582637117935,286.62,288.17,334,134.0,100.0,0.4
07:38:09,287.0,48.0,292.5,16.0,286.0,30.0,294.86,42.0,5.5,78.0,58.0,1.2986723990282671,287.0,292.5,136,20.0,-168.0,0.15
07:38:10,287.09,35.0,294.0,21.0,286.55,44.0,295.0,63.0,6.910000000000025,79.0,84.0,1.8487374069883717,287.09,294.0,163,-5.0,27.0,-0.03
07:38:11,288.0,16.0,294.0,36.0,287.0,96.0,295.0,108.0,6.0,112.0,144.0,1.9855553379340347,288.0,294.0,256,-32.0,93.0,-0.12
07:38:12,288.0,33.0,293.82,33.0,287.0,88.0,294.93,87.0,5.819999999999993,121.0,120.0,1.496719746645514,288.0,293.82,241,1.0,-15.0,0.0
07:38:13,288.0,48.0,291.56,48.0,287.0,128.0,294.88,125.0,3.5600000000000023,176.0,173.0,0.6013567992454499,288.0,291.56,349,3.0,108.0,0.01
07:38:14,288.0,30.0,291.0,30.0,287.0,80.0,295.0,50.0,3.0,110.0,80.0,0.6744479223770421,288.0,291.0,190,30.0,-159.0,0.16
07:38:15,288.0,30.0,291.0,30.0,287.0,80.0,295.13,52.0,3.0,110.0,82.0,0.7551953389677489,288.0,291.0,192,28.0,2.0,0.15
07:38:16,287.63,43.0,291.11,35.0,286.88,82.0,296.12,51.0,3.480000000000018,125.0,86.0,0.6317990186748221,287.63,291.11,211,39.0,19.0,0.18
07:38:17,287.0,80.0,296.22,36.0,286.0,50.0,297.52,46.0,9.220000000000027,130.0,82.0,0.9388663376639558,287.0,296.22,212,48.0,1.0,0.23
07:38:18,287.0,128.0,294.14,78.0,286.0,80.0,295.84,49.0,7.139999999999986,208.0,127.0,0.9686846752161363,287.0,294.14,335,81.0,123.0,0.24
07:38:19,287.0,84.0,291.96,70.0,286.0,75.0,294.1,49.0,4.9599999999999795,159.0,119.0,0.9718693327801794,287.0,291.96,278,40.0,-57.0,0.14
07:38:20,287.0,60.0,289.17,72.0,286.0,75.0,291.58,57.0,2.170000000000016,135.0,129.0,1.3334429121632794,287.0,289.17,264,6.0,-14.0,0.02
07:38:21,286.64,69.0,289.81,64.0,285.67,60.0,300.35,40.0,3.170000000000016,129.0,104.0,1.5151336574699843,286.64,289.81,233,25.0,-31.0,0.11
07:38:22,286.0,35.0,288.82,44.0,282.0,11.0,299.0,35.0,2.819999999999993,46.0,79.0,1.2609639170087297,286.0,288.82,125,-33.0,-108.0,-0.26
07:38:23,286.0,30.0,288.0,25.0,282.0,10.0,299.0,40.0,2.0,40.0,65.0,0.9473383767153937,286.0,288.0,105,-25.0,-20.0,-0.24
07:38:24,288.5,44.0,296.8,30.0,285.43,28.0,301.08,78.0,8.300000000000011,72.0,108.0,2.2780759425440356,288.5,296.8,180,-36.0,75.0,-0.2
07:38:25,290.0,111.0,299.0,45.0,283.0,18.0,301.96,84.0,9.0,129.0,129.0,3.395021354866321,290.0,299.0,258,0.0,78.0,0.0
07:38:26,290.0,48.0,299.0,18.0,285.1,31.0,301.0,6.0,9.0,79.0,24.0,3.7378429608530648,290.0,299.0,103,55.0,-155.0,0.53
07:38:27,290.0,64.0,299.0,24.0,286.0,64.0,301.0,8.0,9.0,128.0,32.0,3.247614509143486,290.0,299.0,160,96.0,57.0,0.6
07:38:28,290.0,72.0,296.16,25.0,286.0,72.0,297.48,25.0,6.160000000000025,144.0,50.0,0.908339143712112,290.0,296.16,194,94.0,34.0,0.48
07:38:29,290.0,65.0,294.8,25.0,286.12,51.0,295.14,29.0,4.800000000000011,116.0,54.0,0.9935189983083549,290.0,294.8,170,62.0,-24.0,0.36
07:38:30,290.0,49.0,294.0,7.0,286.0,56.0,295.0,35.0,4.0,105.0,42.0,1.1649377665778882,290.0,294.0,147,63.0,-23.0,0.43
07:38:31,290.0,44.0,292.15,20.0,286.0,96.0,293.48,52.0,2.1499999999999773,140.0,72.0,1.2826534995856242,290.0,292.15,212,68.0,65.0,0.32
07:38:32,290.0,14.0,291.35,43.0,286.0,88.0,294.06,31.0,1.3500000000000227,102.0,74.0,0.9796070640817994,290.0,291.35,176,28.0,-36.0,0.16
07:38:33,286.47,34.0,295.63,38.0,285.71,41.0,299.73,22.0,9.159999999999968,75.0,60.0,0.7275094501096537,286.47,295.63,135,15.0,-41.0,0.11
07:38:34,286.56,45.0,300.0,36.0,285.7,54.0,301.0,63.0,13.439999999999998,99.0,99.0,1.052345000462711,286.56,300.0,198,0.0,63.0,0.0
07:38:35,286.42,59.0,299.58,48.0,285.42,62.0,300.75,65.0,13.159999999999968,121.0,113.0,1.2249204055769833,286.42,299.58,234,8.0,36.0,0.03
07:38:36,286.17,87.0,298.81,62.0,285.21,61.0,299.73,55.0,12.639999999999986,148.0,117.0,1.1728043315058614,286.17,298.81,265,31.0,31.0,0.12
07:38:37,287.0,36.0,297.56,27.0,286.0,108.0,298.41,61.0,10.560000000000002,144.0,88.0,0.8627572080249266,287.0,297.56,232,56.0,-33.0,0.24
07:38:38,287.0,36.0,293.36,55.0,286.0,108.0,294.15,33.0,6.360000000000014,144.0,88.0,1.2213435225189202,287.0,293.36,232,56.0,0.0,0.24
07:38:39,287.0,36.0,291.92,60.0,286.0,108.0,294.0,48.0,4.920000000000016,144.0,108.0,1.5605191443871511,287.0,291.92,252,36.0,20.0,0.14
07:38:40,286.86,44.0,289.84,49.0,285.97,136.0,290.73,75.0,2.9799999999999613,180.0,124.0,1.797323009366593,286.86,289.84,304,56.0,52.0,0.18
07:38:41,286.0,78.0,288.75,53.0,282.0,13.0,290.64,64.0,2.75,91.0,117.0,1.8711493793918081,286.0,288.75,208,-26.0,-96.0,-0.12
07:38:42,284.93,30.0,291.86,65.0,281.47,15.0,296.68,82.0,6.930000000000007,45.0,147.0,1.0849331776649875,284.93,291.86,192,-102.0,-16.0,-0.53
07:38:43,282.0,8.0,296.0,32.0,281.0,8.0,297.0,24.0,14.0,16.0,56.0,0.7837218894468758,282.0,296.0,72,-40.0,-120.0,-0.56
07:38:44,282.0,7.0,296.0,38.0,281.0,7.0,297.0,21.0,14.0,14.0,59.0,0.6632344984982095,282.0,296.0,73,-45.0,1.0,-0.62
07:38:45,284.8,10.0,295.67,54.0,281.7,10.0,296.18,66.0,10.870000000000005,20.0,120.0,1.0369763738862272,284.8,295.67,140,-100.0,67.0,-0.71
07:38:46,286.57,21.0,294.27,45.0,283.6,15.0,295.66,95.0,7.699999999999989,36.0,140.0,0.8730406634276996,286.57,294.27,176,-104.0,36.0,-0.59
07:38:47,287.0,30.0,292.6,45.0,286.0,15.0,295.13,63.0,5.600000000000023,45.0,108.0,0.6687301398907376,287.0,292.6,153,-63.0,-23.0,-0.41
07:38:48,288.71,35.0,292.0,45.0,286.5,20.0,295.53,45.0,3.2900000000000205,55.0,90.0,0.5898474379009264,288.71,292.0,145,-35.0,-8.0,-0.24
07:38:49,287.71,34.0,294.32,38.0,286.22,18.0,296.71,56.0,6.610000000000014,52.0,94.0,0.43489079088697374,287.71,294.32,146,-42.0,1.0,-0.29
07:38:50,286.23,26.0,293.85,80.0,281.56,45.0,296.48,50.0,7.6200000000000045,71.0,130.0,0.45725266538128867,286.23,293.85,201,-59.0,55.0,-0.29
07:38:51,284.08,12.0,293.0,48.0,277.12,41.0,294.0,24.0,8.920000000000016,53.0,72.0,0.9097252332425718,284.08,293.0,125,-19.0,-76.0,-0.15
07:38:52,287.0,11.0,293.0,44.0,279.45,11.0,294.0,22.0,6.0,22.0,66.0,0.905869747810498,287.0,293.0,88,-44.0,-37.0,-0.5
07:38:53,287.0,11.0,292.45,44.0,277.0,11.0,294.43,28.0,5.449999999999989,22.0,72.0,0.8851158116304512,287.0,292.45,94,-50.0,6.0,-0.53
07:38:54,287.0,14.0,291.57,56.0,281.41,34.0,295.0,80.0,4.569999999999993,48.0,136.0,0.624139407502969,287.0,291.57,184,-88.0,90.0,-0.48
07:38:55,282.38,13.0,291.0,52.0,277.29,51.0,294.69,65.0,8.620000000000005,64.0,117.0,1.327798930560646,282.38,291.0,181,-53.0,-3.0,-0.29
07:38:56,282.0,7.0,291.0,28.0,277.77,26.0,293.0,35.0,9.0,33.0,63.0,1.7063323240207051,282.0,291.0,96,-30.0,-85.0,-0.31
07:38:57,282.0,13.0,289.69,52.0,281.0,65.0,293.84,67.0,7.689999999999998,78.0,119.0,1.767263421224377,282.0,289.69,197,-41.0,101.0,-0.21
07:38:58,282.98,41.0,287.84,76.0,281.78,23.0,295.43,106.0,4.859999999999957,64.0,182.0,1.510238391777081,282.98,287.84,246,-118.0,49.0,-0.48
07:38:59,283.0,16.0,286.0,32.0,282.0,8.0,296.0,71.0,3.0,24.0,103.0,0.8840531658204068,283.0,286.0,127,-79.0,-119.0,-0.62
07:39:00,283.0,22.0,285.36,44.0,282.0,11.0,296.0,77.0,2.3600000000000136,33.0,121.0,0.9550235599171868,283.0,285.36,154,-88.0,27.0,-0.57
07:39:01,282.67,27.0,283.76,67.0,279.55,55.0,287.42,74.0,1.089999999999975,82.0,141.0,1.0407449255204821,282.67,283.76,223,-59.0,69.0,-0.26
07:39:02,278.76,25.0,281.0,42.0,275.23,26.0,282.13,38.0,2.240000000000009,51.0,80.0,2.137669291540687,278.76,281.0,131,-29.0,-92.0,-0.22
07:39:03,278.0,38.0,280.14,14.0,274.0,21.0,283.17,12.0,2.1399999999999864,59.0,26.0,2.520152773146,278.0,280.14,85,33.0,-46.0,0.39
07:39:04,278.0,35.0,281.56,18.0,274.89,112.0,290.11,18.0,3.5600000000000023,147.0,36.0,2.3028960028614223,278.0,281.56,183,111.0,98.0,0.61
07:39:05,278.0,6.0,287.93,14.0,274.0,18.0,294.21,28.0,9.930000000000007,24.0,42.0,1.9488073275711368,278.0,287.93,66,-18.0,-117.0,-0.27
07:39:06,278.0,11.0,287.0,55.0,274.0,33.0,291.45,11.0,9.0,44.0,66.0,1.762674104874444,278.0,287.0,110,-22.0,44.0,-0.2
07:39:07,278.0,8.0,286.88,40.0,275.5,24.0,292.0,8.0,8.879999999999995,32.0,48.0,1.7864769799790614,278.0,286.88,80,-16.0,-30.0,-0.2
07:39:08,278.0,9.0,286.0,45.0,274.67,27.0,292.0,9.0,8.0,36.0,54.0,1.2523098658061023,278.0,286.0,90,-18.0,10.0,-0.2
07:39:09,278.0,9.0,285.33,45.0,269.37,19.0,292.0,15.0,7.329999999999984,28.0,60.0,0.49525750877234287,278.0,285.33,88,-32.0,-2.0,-0.36
07:39:10,279.45,22.0,283.32,62.0,269.46,13.0,291.47,34.0,3.8700000000000045,35.0,96.0,0.4807806152449828,279.45,283.32,131,-61.0,43.0,-0.47
07:39:11,278.04,23.0,282.0,46.0,267.8,50.0,290.48,23.0,3.9599999999999795,73.0,69.0,0.9171859135395096,278.04,282.0,142,4.0,11.0,0.03
07:39:12,271.0,14.0,289.79,48.0,267.0,112.0,292.13,61.0,18.79000000000002,126.0,109.0,0.8478384280010532,271.0,289.79,235,17.0,93.0,0.07
07:39:13,279.0,36.0,286.97,35.0,271.0,12.0,288.26,53.0,7.970000000000027,48.0,88.0,1.1671889307200078,279.0,286.97,136,-40.0,-99.0,-0.29
07:39:14,279.0,33.0,284.59,59.0,271.0,11.0,286.84,68.0,5.589999999999975,44.0,127.0,1.1790462247067814,279.0,284.59,171,-83.0,35.0,-0.49
07:39:15,279.0,42.0,284.44,36.0,271.0,14.0,286.65,85.0,5.439999999999998,56.0,121.0,1.1930968108227078,279.0,284.44,177,-65.0,6.0,-0.37
07:39:16,279.49,41.0,282.0,11.0,276.29,21.0,286.68,37.0,2.509999999999991,62.0,48.0,1.0175460677508867,279.49,282.0,110,14.0,-67.0,0.13
07:39:17,282.87,60.0,286.0,20.0,280.53,30.0,293.0,20.0,3.1299999999999955,90.0,40.0,1.4165556819254173,282.87,286.0,130,50.0,20.0,0.38
07:39:18,284.0,55.0,286.0,22.0,281.0,22.0,292.08,26.0,2.0,77.0,48.0,1.8633088847518349,284.0,286.0,125,29.0,-5.0,0.23
07:39:19,284.17,6.0,286.0,12.0,281.0,12.0,289.62,26.0,1.829999999999984,18.0,38.0,2.021207559850055,284.17,286.0,56,-20.0,-69.0,-0.36
07:39:20,284.1,10.0,286.0,20.0,277.0,26.0,289.0,50.0,1.8999999999999773,36.0,70.0,1.8750599990386863,284.1,286.0,106,-34.0,50.0,-0.32
07:39:21,276.0,11.0,286.0,22.0,268.0,88.0,288.54,52.0,10.0,99.0,74.0,1.7600482947905112,276.0,286.0,173,25.0,67.0,0.14
07:39:22,277.62,34.0,286.0,18.0,269.26,38.0,288.84,49.0,8.379999999999995,72.0,67.0,2.0134721254576826,277.62,286.0,139,5.0,-34.0,0.04
07:39:23,280.44,36.0,286.0,12.0,276.0,12.0,289.0,60.0,5.560000000000002,48.0,72.0,1.8523147680659349,280.44,286.0,120,-24.0,-19.0,-0.2
07:39:24,281.62,8.0,286.0,8.0,275.12,8.0,289.0,40.0,4.3799999999999955,16.0,48.0,1.606290758236264,281.62,286.0,64,-32.0,-56.0,-0.5
07:39:25,283.38,8.0,286.0,8.0,273.82,34.0,289.0,40.0,2.6200000000000045,42.0,48.0,1.4943660863373576,283.38,286.0,90,-6.0,26.0,-0.07
07:39:26,284.0,9.0,286.0,9.0,276.0,36.0,289.62,39.0,2.0,45.0,48.0,1.2732360346750897,284.0,286.0,93,-3.0,3.0,-0.03
07:39:27,284.5,10.0,286.0,10.0,277.6,25.0,290.0,40.0,1.5,35.0,50.0,0.8524846039636915,284.5,286.0,85,-15.0,-8.0,-0.18
07:39:28,284.0,11.0,286.0,11.0,275.98,41.0,289.12,34.0,2.0,52.0,45.0,0.5617383732620979,284.0,286.0,97,7.0,12.0,0.07
07:39:29,281.46,46.0,287.92,37.0,273.41,46.0,289.57,37.0,6.460000000000036,92.0,74.0,0.2383904360395907,281.46,287.92,166,18.0,69.0,0.11
07:39:30,277.73,11.0,291.12,32.0,272.75,106.0,431.48,40.0,13.389999999999986,117.0,72.0,0.31785216688761003,277.73,291.12,189,45.0,23.0,0.24
07:39:31,279.85,34.0,292.17,48.0,276.0,27.0,560.68,38.0,12.319999999999993,61.0,86.0,0.6071902502470975,279.85,292.17,147,-25.0,-42.0,-0.17
07:39:32,287.0,16.0,289.0,40.0,280.0,40.0,293.0,16.0,2.0,56.0,56.0,1.4561696329738147,287.0,289.0,112,0.0,-35.0,0.0
07:39:33,281.91,55.0,288.0,67.0,279.47,34.0,290.09,55.0,6.089999999999975,89.0,122.0,1.4617044844957894,281.91,288.0,211,-33.0,99.0,-0.16
07:39:34,281.27,75.0,286.2,54.0,278.0,60.0,287.89,54.0,4.930000000000007,135.0,108.0,1.660400554081791,281.27,286.2,243,27.0,32.0,0.11
07:39:35,282.0,46.0,283.2,30.0,278.0,38.0,286.0,20.0,1.1999999999999886,84.0,50.0,2.0827985980394614,282.0,283.2,134,34.0,-109.0,0.25
07:39:36,282.0,32.0,283.0,27.0,278.0,27.0,286.0,18.0,1.0,59.0,45.0,2.266014121755484,282.0,283.0,104,14.0,-30.0,0.13
07:39:37,278.0,30.0,285.2,20.0,271.0,10.0,292.0,50.0,7.199999999999989,40.0,70.0,1.2932207854792248,278.0,285.2,110,-30.0,6.0,-0.27
07:39:38,278.73,45.0,289.68,57.0,276.85,40.0,292.07,75.0,10.949999999999989,85.0,132.0,1.0436953578489858,278.73,289.68000000000006,217,-47.0,107.0,-0.22
07:39:39,281.0,39.0,291.0,65.0,275.43,42.0,292.0,39.0,10.0,81.0,104.0,1.7395746606556992,281.0,291.0,185,-23.0,-32.0,-0.12
07:39:40,286.23,35.0,291.0,65.0,280.92,39.0,293.2,30.0,4.769999999999982,74.0,95.0,2.8107347793762165,286.23,291.0,169,-21.0,-16.0,-0.12
07:39:41,286.0,24.0,291.0,40.0,280.33,18.0,294.0,16.0,5.0,42.0,56.0,2.9745974517562446,286.0,291.0,98,-14.0,-71.0,-0.14
07:39:42,282.13,47.0,289.61,66.0,279.0,30.0,290.84,50.0,7.480000000000018,77.0,116.0,1.8873182031640987,282.13,289.61,193,-39.0,95.0,-0.2
07:39:43,282.73,44.0,287.82,44.0,281.06,36.0,289.0,55.0,5.089999999999975,80.0,99.0,1.5810913952060042,282.73,287.82,179,-19.0,-14.0,-0.11
07:39:44,286.0,173.0,289.0,39.0,282.25,16.0,291.25,56.0,3.0,189.0,95.0,1.5206413120767057,286.0,289.0,284,94.0,105.0,0.33
07:39:45,286.0,156.0,289.25,24.0,282.0,12.0,293.0,54.0,3.25,168.0,78.0,1.3362896392603014,286.0,289.25,246,90.0,-38.0,0.37
07:39:46,288.0,36.0,289.0,24.0,286.13,90.0,294.0,60.0,1.0,126.0,84.0,1.3362896392603014,288.0,289.0,210,42.0,-36.0,0.2
07:39:47,288.0,36.0,291.78,36.0,287.0,24.0,294.33,48.0,3.7799999999999727,60.0,84.0,1.6860990480971465,288.0,291.78,144,-24.0,-66.0,-0.17
07:39:48,288.0,15.0,289.0,10.0,287.0,10.0,292.86,21.0,1.0,25.0,31.0,0.9563576736733249,288.0,289.0,56,-6.0,-88.0,-0.11
07:39:49,287.43,21.0,288.88,16.0,286.07,84.0,289.84,25.0,1.4499999999999886,105.0,41.0,0.8402202092272066,287.43,288.88,146,64.0,90.0,0.44
07:39:50,287.0,26.0,288.0,13.0,286.0,169.0,289.0,26.0,1.0,195.0,39.0,0.8738249252532355,287.0,288.0,234,156.0,88.0,0.67
07:39:51,286.14,56.0,289.79,29.0,285.83,95.0,291.25,24.0,3.650000000000034,151.0,53.0,0.9065704605786911,286.14,289.79,204,98.0,-30.0,0.48
07:39:52,286.0,105.0,290.0,17.0,282.0,9.0,292.0,18.0,4.0,114.0,35.0,0.36073536005501544,286.0,290.0,149,79.0,-55.0,0.53
07:39:53,286.0,97.0,290.0,13.0,282.0,13.0,292.0,26.0,4.0,110.0,39.0,0.24724481793166786,286.0,290.0,149,71.0,0.0,0.48
07:39:54,286.0,91.0,290.0,13.0,282.0,13.0,292.0,26.0,4.0,104.0,39.0,0.22063544591492626,286.0,290.0,143,65.0,-6.0,0.45
07:39:55,286.0,84.0,290.0,12.0,282.0,12.0,292.0,24.0,4.0,96.0,36.0,0.013416407643094486,286.0,290.0,132,60.0,-11.0,0.45
07:39:56,286.0,39.0,290.0,7.0,282.0,7.0,292.0,14.0,4.0,46.0,21.0,0.0,286.0,290.0,67,25.0,-65.0,0.37
07:39:57,286.0,24.0,290.8,15.0,282.0,12.0,293.6,30.0,4.800000000000011,36.0,45.0,0.17888543818327135,286.0,290.8,81,-9.0,14.0,-0.11
07:39:58,288.5,24.0,292.0,24.0,281.14,21.0,296.0,48.0,3.5,45.0,72.0,0.9769851585330817,288.5,292.0,117,-27.0,36.0,-0.23
07:39:59,290.0,40.0,292.0,16.0,287.29,14.0,296.0,32.0,2.0,54.0,48.0,1.3998214171792596,290.0,292.0,102,6.0,-15.0,0.06
07:40:00,290.0,30.0,292.0,12.0,288.0,18.0,296.0,24.0,2.0,48.0,36.0,1.4368368035353138,290.0,292.0,84,12.0,-18.0,0.14
07:40:01,290.0,35.0,292.0,14.0,288.0,21.0,296.0,28.0,2.0,56.0,42.0,1.1267209059893246,290.0,292.0,98,14.0,14.0,0.14
07:40:02,290.0,75.0,292.0,30.0,288.0,45.0,296.0,60.0,2.0,120.0,90.0,0.33541019661491783,290.0,292.0,210,30.0,112.0,0.14
07:40:03,287.91,68.0,291.0,84.0,283.92,60.0,292.57,42.0,3.089999999999975,128.0,126.0,0.6887089370650709,287.91,291.0,254,2.0,44.0,0.01
07:40:04,289.46,57.0,291.0,52.0,283.76,17.0,293.0,26.0,1.5400000000000205,74.0,78.0,0.6887089370650852,289.46,291.0,152,-4.0,-102.0,-0.03
07:40:05,290.0,19.0,291.0,36.0,286.0,9.0,293.0,18.0,1.0,28.0,54.0,0.6393903346105065,290.0,291.0,82,-26.0,-70.0,-0.32
07:40:06,290.0,6.0,291.0,24.0,286.57,7.0,293.0,12.0,1.0,13.0,36.0,0.5641985466069072,290.0,291.0,49,-23.0,-33.0,-0.47
07:40:07,288.0,16.0,291.0,32.0,286.0,26.0,293.0,16.0,3.0,42.0,48.0,0.5213635967282545,288.0,291.0,90,-6.0,41.0,-0.07
07:40:08,288.0,26.0,291.0,28.0,286.0,28.0,293.0,14.0,3.0,54.0,42.0,0.5104703713178848,288.0,291.0,96,12.0,6.0,0.12
07:40:09,288.0,60.0,290.27,44.0,286.0,56.0,293.6,40.0,2.269999999999982,116.0,84.0,0.6308090043694089,288.0,290.27,200,32.0,104.0,0.16
07:40:10,286.92,13.0,293.0,24.0,284.53,19.0,294.37,38.0,6.079999999999984,32.0,62.0,0.5242136968771199,286.92,293.0,94,-30.0,-106.0,-0.32
07:40:11,286.0,10.0,293.0,60.0,282.0,10.0,301.0,20.0,7.0,20.0,80.0,0.29120439556036715,286.0,293.0,100,-60.0,6.0,-0.6
07:40:12,286.0,4.0,293.0,18.0,282.0,4.0,296.5,8.0,7.0,8.0,26.0,0.29120439556036715,286.0,293.0,34,-18.0,-66.0,-0.53
07:40:13,286.0,10.0,293.0,40.0,282.0,10.0,295.0,20.0,7.0,20.0,60.0,0.29120439556036715,286.0,293.0,80,-40.0,46.0,-0.5
07:40:14,286.0,9.0,293.0,36.0,282.0,9.0,296.24,42.0,7.0,18.0,78.0,0.20571825391452284,286.0,293.0,96,-60.0,16.0,-0.62
07:40:15,286.0,9.0,293.0,36.0,282.0,9.0,296.0,45.0,7.0,18.0,81.0,0.0,286.0,293.0,99,-63.0,3.0,-0.64
07:40:16,286.0,16.0,293.0,64.0,282.0,16.0,296.0,80.0,7.0,32.0,144.0,0.0,286.0,293.0,176,-112.0,77.0,-0.64
07:40:17,286.0,3.0,293.0,12.0,282.0,5.0,296.0,15.0,7.0,8.0,27.0,0.0,286.0,293.0,35,-19.0,-141.0,-0.54
07:40:18,286.0,11.0,293.28,54.0,282.0,22.0,296.19,52.0,7.279999999999973,33.0,106.0,0.06260990331950184,286.0,293.28,139,-73.0,104.0,-0.53
07:40:19,286.0,5.0,296.0,25.0,282.0,10.0,301.0,10.0,10.0,15.0,35.0,0.6579665644951024,286.0,296.0,50,-20.0,-89.0,-0.4
07:40:20,289.0,7.0,296.0,35.0,283.33,9.0,301.0,14.0,7.0,16.0,49.0,1.3194392748410706,289.0,296.0,65,-33.0,15.0,-0.51
07:40:21,283.0,11.0,296.0,55.0,279.16,44.0,343.43,21.0,13.0,55.0,76.0,1.3194392748410706,283.0,296.0,131,-21.0,66.0,-0.16
07:40:22,282.88,16.0,294.91,55.0,279.37,41.0,296.0,55.0,12.03000000000003,57.0,110.0,1.4485786136738426,282.88,294.91,167,-53.0,36.0,-0.32
07:40:23,284.8,20.0,292.31,49.0,282.0,10.0,294.34,47.0,7.509999999999991,30.0,96.0,1.6428542235978665,284.8,292.31,126,-66.0,-41.0,-0.52
07:40:24,286.11,36.0,290.26,76.0,282.0,18.0,291.19,86.0,4.149999999999977,54.0,162.0,1.7311354655236222,286.11,290.26,216,-108.0,90.0,-0.5
07:40:25,287.0,24.0,289.18,67.0,282.0,14.0,290.25,59.0,2.180000000000007,38.0,126.0,0.5733934077003607,287.0,289.18,164,-88.0,-52.0,-0.54
07:40:26,281.7,30.0,288.22,67.0,279.87,45.0,289.41,68.0,6.520000000000039,75.0,135.0,1.5836603171118417,281.7,288.22,210,-60.0,46.0,-0.29
07:40:27,283.81,136.0,287.0,64.0,280.53,34.0,289.0,80.0,3.1899999999999977,170.0,144.0,1.7118031428862377,283.81,287.0,314,26.0,104.0,0.08
07:40:28,283.58,52.0,285.85,61.0,275.35,92.0,287.71,56.0,2.2700000000000387,144.0,117.0,1.725210132127588,283.58,285.85,261,27.0,-53.0,0.1
07:40:29,283.24,25.0,294.0,55.0,275.69,70.0,295.0,55.0,10.759999999999991,95.0,110.0,1.850980821077213,283.24,294.0,205,-15.0,-56.0,-0.07
07:40:30,287.73,33.0,293.77,71.0,286.57,42.0,294.8,75.0,6.039999999999964,75.0,146.0,2.673475266389301,287.73,293.77,221,-71.0,16.0,-0.32
07:40:31,288.0,30.0,292.33,60.0,287.0,45.0,295.87,75.0,4.329999999999984,75.0,135.0,2.7484268227469,288.0,292.33,210,-60.0,-11.0,-0.29
07:40:32,288.0,19.0,291.2,50.0,287.0,36.0,296.13,53.0,3.1999999999999886,55.0,103.0,2.4018430423310377,288.0,291.2,158,-48.0,-52.0,-0.3
07:40:33,292.36,55.0,296.0,55.0,288.45,20.0,297.0,11.0,3.6399999999999864,75.0,66.0,2.1168207292996635,292.36,296.0,141,9.0,-17.0,0.06
07:40:34,293.0,92.0,296.0,40.0,291.0,16.0,297.0,8.0,3.0,108.0,48.0,2.3208726806940443,293.0,296.0,156,60.0,15.0,0.38
07:40:35,293.0,60.0,296.0,30.0,291.0,12.0,297.0,6.0,3.0,72.0,36.0,2.480967553191999,293.0,296.0,108,36.0,-48.0,0.33
07:40:36,293.0,90.0,295.68,37.0,291.0,18.0,296.2,25.0,2.680000000000007,108.0,62.0,2.1417936408512737,293.0,295.68,170,46.0,62.0,0.27
07:40:37,293.0,122.0,295.22,54.0,291.0,28.0,296.52,46.0,2.2200000000000273,150.0,100.0,0.1793878479451765,293.0,295.22,250,50.0,80.0,0.2
07:40:38,293.0,60.0,297.0,45.0,291.0,18.0,299.41,17.0,4.0,78.0,62.0,0.32680269275253043,293.0,297.0,140,16.0,-110.0,0.11
07:40:39,293.0,27.0,299.06,48.0,291.0,24.0,300.77,39.0,6.060000000000002,51.0,87.0,0.7633020371976689,293.0,299.06,138,-36.0,-2.0,-0.26
07:40:40,293.0,13.0,300.0,13.0,291.0,26.0,301.0,130.0,7.0,39.0,143.0,1.0424154641935586,293.0,300.0,182,-104.0,44.0,-0.57
07:40:41,293.0,11.0,300.0,11.0,291.0,22.0,301.0,100.0,7.0,33.0,111.0,1.0465514798563829,293.0,300.0,144,-78.0,-38.0,-0.54
07:40:42,293.0,10.0,300.0,10.0,291.0,20.0,301.0,50.0,7.0,30.0,60.0,0.6509070594096167,293.0,300.0,90,-30.0,-54.0,-0.33
07:40:43,293.0,14.0,299.16,32.0,289.12,163.0,300.89,46.0,6.160000000000025,177.0,78.0,0.2443767582834538,293.0,299.16,255,99.0,165.0,0.39
07:40:44,293.0,10.0,299.0,30.0,289.42,86.0,301.0,40.0,6.0,96.0,70.0,0.2535350074232991,293.0,299.0,166,26.0,-89.0,0.16
07:40:45,290.22,23.0,299.0,24.0,290.86,22.0,301.0,32.0,8.779999999999973,45.0,56.0,0.7777017423083353,290.22,299.0,101,-11.0,-65.0,-0.11
07:40:46,289.0,132.0,299.0,27.0,288.0,9.0,301.0,36.0,10.0,141.0,63.0,1.0734616900429341,289.0,299.0,204,78.0,103.0,0.38
07:40:47,289.0,143.0,298.0,33.0,287.62,16.0,300.73,26.0,9.0,159.0,59.0,1.165898794917602,289.0,298.0,218,100.0,14.0,0.46
07:40:48,289.0,182.0,296.12,40.0,287.14,49.0,298.44,16.0,7.1200000000000045,231.0,56.0,1.2850992179558955,289.0,296.12,287,175.0,69.0,0.61
07:40:49,289.0,156.0,294.1,30.0,288.0,12.0,295.5,18.0,5.100000000000023,168.0,48.0,1.208358390541276,289.0,294.1,216,120.0,-71.0,0.56
07:40:50,289.0,117.0,294.0,27.0,288.0,9.0,295.0,9.0,5.0,126.0,36.0,1.1271290964179579,289.0,294.0,162,90.0,-54.0,0.56
07:40:51,289.0,156.0,293.31,39.0,288.0,15.0,294.14,21.0,4.310000000000002,171.0,60.0,0.9650233157765674,289.0,293.31,231,111.0,69.0,0.48
07:40:52,289.0,110.0,291.45,11.0,288.0,11.0,292.74,23.0,2.4499999999999886,121.0,34.0,0.8380751756214344,289.0,291.45,155,87.0,-76.0,0.56
07:40:53,289.0,66.0,290.0,9.0,288.0,9.0,291.0,9.0,1.0,75.0,18.0,0.8928773711957312,289.0,290.0,93,57.0,-62.0,0.61
07:40:54,289.0,70.0,290.0,10.0,288.0,45.0,291.0,10.0,1.0,115.0,20.0,0.9244620057058796,289.0,290.0,135,95.0,42.0,0.7
07:40:55,289.0,72.0,290.17,12.0,288.0,96.0,299.14,56.0,1.170000000000016,168.0,68.0,0.7161494257443995,289.0,290.17,236,100.0,101.0,0.42
07:40:56,289.0,48.0,290.86,21.0,288.0,72.0,299.47,51.0,1.8600000000000136,120.0,72.0,0.3227537761115016,289.0,290.86,192,48.0,-44.0,0.25
07:40:57,289.0,35.0,291.0,21.0,288.0,56.0,300.0,42.0,2.0,91.0,63.0,0.24355697484216066,289.0,291.0,154,28.0,-38.0,0.18
07:40:58,289.0,38.0,297.14,29.0,288.0,64.0,300.29,42.0,8.139999999999986,102.0,71.0,1.4992431423867414,289.0,297.14,173,31.0,19.0,0.18
07:40:59,289.0,30.0,298.7,10.0,288.0,80.0,299.89,54.0,9.699999999999989,110.0,64.0,2.0099577109961673,289.0,298.7,174,46.0,1.0,0.26
07:41:00,289.0,23.0,298.0,13.0,288.0,64.0,299.4,20.0,9.0,87.0,33.0,1.9415071465210387,289.0,298.0,120,54.0,-54.0,0.45
07:41:01,289.0,26.0,296.07,15.0,288.0,104.0,298.84,45.0,7.069999999999993,130.0,60.0,1.5295260703864584,289.0,296.07,190,70.0,70.0,0.37
07:41:02,289.48,31.0,293.09,11.0,288.09,70.0,301.64,59.0,3.609999999999957,101.0,70.0,1.0008596305135071,289.48,293.09,171,31.0,-19.0,0.18
07:41:03,290.0,55.0,292.0,11.0,289.0,22.0,301.0,44.0,2.0,77.0,55.0,1.276295420344373,290.0,292.0,132,22.0,-39.0,0.17
07:41:04,290.0,49.0,295.71,17.0,289.0,20.0,301.14,69.0,5.7099999999999795,69.0,86.0,1.0587398169485205,290.0,295.71,155,-17.0,23.0,-0.11
07:41:05,290.0,32.0,301.0,64.0,289.0,16.0,303.0,40.0,11.0,48.0,104.0,1.7851974680667204,290.0,301.0,152,-56.0,-3.0,-0.37
07:41:06,291.52,58.0,301.0,172.0,289.71,62.0,303.0,68.0,9.480000000000018,120.0,240.0,2.4032373998403034,291.52,301.0,360,-120.0,168.0,-0.33
07:41:07,294.0,24.0,301.0,65.0,290.0,48.0,303.0,12.0,7.0,72.0,77.0,2.6455472023742335,294.0,301.0,149,-5.0,-168.0,-0.03
07:41:08,290.33,48.0,300.83,87.0,289.27,30.0,301.3,53.0,10.5,78.0,140.0,1.7028857859496431,290.33,300.83,218,-62.0,69.0,-0.28
07:41:09,290.0,52.0,299.54,39.0,289.0,26.0,302.11,90.0,9.54000000000002,78.0,129.0,1.0279202303627695,290.0,299.54,207,-51.0,-11.0,-0.25
07:41:10,290.0,76.0,297.89,57.0,289.0,38.0,302.18,51.0,7.889999999999986,114.0,108.0,1.365346109962361,290.0,297.89,222,6.0,15.0,0.03
07:41:11,290.0,40.0,297.0,30.0,289.0,20.0,300.72,25.0,7.0,60.0,55.0,1.5790661797372016,290.0,297.0,115,5.0,-107.0,0.04
07:41:12,290.0,36.0,296.44,27.0,289.0,18.0,300.0,9.0,6.439999999999998,54.0,36.0,0.9672279979356334,290.0,296.44,90,18.0,-25.0,0.2
07:41:13,290.0,19.0,295.62,24.0,289.0,20.0,297.75,16.0,5.6200000000000045,39.0,40.0,0.7512323209174995,290.0,295.62,79,-1.0,-11.0,-0.01
07:41:14,289.57,23.0,292.06,35.0,288.39,66.0,296.53,38.0,2.490000000000009,89.0,73.0,1.2178136146355967,289.57,292.06,162,16.0,83.0,0.1
07:41:15,288.05,81.0,291.23,26.0,287.17,93.0,294.76,17.0,3.180000000000007,174.0,43.0,1.6867216723551552,288.05,291.23,217,131.0,55.0,0.6
07:41:16,288.11,71.0,290.6,20.0,287.1,70.0,298.3,30.0,2.490000000000009,141.0,50.0,1.7775460612859626,288.11,290.6,191,91.0,-26.0,0.48
07:41:17,289.0,91.0,290.0,32.0,287.31,112.0,299.0,48.0,1.0,203.0,80.0,1.4528007433897605,289.0,290.0,283,123.0,92.0,0.43
07:41:18,288.62,26.0,296.1,31.0,286.78,90.0,300.4,50.0,7.480000000000018,116.0,81.0,1.2705431909203022,288.62,296.1,197,35.0,-86.0,0.18
07:41:19,287.0,41.0,295.14,21.0,283.0,65.0,299.85,47.0,8.139999999999986,106.0,68.0,1.2998769172478977,287.0,295.14,174,38.0,-23.0,0.22
07:41:20,287.0,10.0,297.36,11.0,283.0,25.0,301.41,17.0,10.360000000000014,35.0,28.0,1.4256857998849224,287.0,297.36,63,7.0,-111.0,0.11
07:41:21,287.0,18.0,298.22,27.0,283.0,45.0,300.0,9.0,11.220000000000027,63.0,36.0,1.2854298891783411,287.0,298.22,99,27.0,36.0,0.27
07:41:22,290.67,36.0,298.0,18.0,283.67,18.0,300.0,6.0,7.329999999999984,54.0,24.0,1.1755211610142284,290.67,298.0,78,30.0,-21.0,0.38
07:41:23,291.0,176.0,297.5,40.0,287.0,16.0,299.0,24.0,6.5,192.0,64.0,1.3980414872212963,291.0,297.5,256,128.0,168.0,0.5
07:41:24,291.0,132.0,296.43,28.0,288.92,52.0,298.2,20.0,5.430000000000007,184.0,48.0,0.9740020533815554,291.0,296.43,232,136.0,-24.0,0.59
07:41:25,291.0,165.0,297.0,45.0,289.0,75.0,300.74,23.0,6.0,240.0,68.0,0.6974238309601887,291.0,297.0,308,172.0,76.0,0.56
07:41:26,291.0,109.0,297.0,33.0,289.0,55.0,299.0,11.0,6.0,164.0,44.0,0.24427443581140063,291.0,297.0,208,120.0,-100.0,0.58
07:41:27,291.0,64.0,297.0,24.0,289.0,40.0,299.0,8.0,6.0,104.0,32.0,0.19123284234418259,291.0,297.0,136,72.0,-72.0,0.53
07:41:28,291.0,72.0,297.0,27.0,289.0,45.0,299.0,9.0,6.0,117.0,36.0,0.12969194266056636,291.0,297.0,153,81.0,17.0,0.53
07:41:29,291.0,88.0,296.84,25.0,289.0,55.0,297.74,19.0,5.839999999999975,143.0,44.0,0.03577708751475203,291.0,296.84,187,99.0,34.0,0.53
07:41:30,291.0,120.0,295.93,15.0,287.59,102.0,297.48,23.0,4.930000000000007,222.0,38.0,0.230694603298616,291.0,295.93,260,184.0,73.0,0.71
07:41:31,291.0,88.0,293.06,16.0,287.11,93.0,299.42,38.0,2.0600000000000023,181.0,54.0,0.8421579424261108,291.0,293.06,235,127.0,-25.0,0.54
07:41:32,290.41,34.0,292.0,18.0,287.18,88.0,300.0,68.0,1.589999999999975,122.0,86.0,1.2434749695879646,290.41,292.0,208,36.0,-27.0,0.17
07:41:33,287.11,76.0,291.23,13.0,284.65,74.0,300.0,19.0,4.1200000000000045,150.0,32.0,1.9021829564982677,287.11,291.23,182,118.0,-26.0,0.65
07:41:34,287.0,72.0,289.22,9.0,282.0,18.0,299.2,10.0,2.2200000000000273,90.0,19.0,2.162341323656679,287.0,289.22,109,71.0,-73.0,0.65
07:41:35,287.56,86.0,295.69,13.0,286.39,66.0,298.87,15.0,8.129999999999995,152.0,28.0,1.701352403235005,287.56,295.69,180,124.0,71.0,0.69
07:41:36,288.0,90.0,298.0,15.0,287.0,105.0,299.0,30.0,10.0,195.0,45.0,1.96437776407528,288.0,298.0,240,150.0,60.0,0.62
07:41:37,288.0,78.0,295.68,28.0,287.0,91.0,298.16,19.0,7.680000000000007,169.0,47.0,2.0304556138939054,288.0,295.68,216,122.0,-24.0,0.56
07:41:38,288.0,66.0,297.0,22.0,287.0,77.0,298.0,11.0,9.0,143.0,33.0,1.9260918981171993,288.0,297.0,176,110.0,-40.0,0.62
07:41:39,288.0,32.0,297.0,20.0,287.0,56.0,299.5,16.0,9.0,88.0,36.0,0.5545989541930418,288.0,297.0,124,52.0,-52.0,0.42
07:41:40,288.0,44.0,296.13,23.0,287.0,77.0,297.32,28.0,8.129999999999995,121.0,51.0,0.4474594953646006,288.0,296.13,172,70.0,48.0,0.41
07:41:41,287.39,92.0,294.1,39.0,286.19,79.0,294.98,41.0,6.710000000000036,171.0,80.0,0.7193538767479276,287.39,294.1,251,91.0,79.0,0.36
07:41:42,287.09,92.0,291.68,31.0,284.47,38.0,293.29,31.0,4.590000000000032,130.0,62.0,1.3568161260806997,287.09,291.68,192,68.0,-59.0,0.35
07:41:43,288.88,64.0,292.75,32.0,287.0,118.0,296.0,16.0,3.8700000000000045,182.0,48.0,1.2314503644048644,288.88,292.75,230,134.0,38.0,0.58
07:41:44,289.0,26.0,292.0,24.0,287.0,96.0,295.5,12.0,3.0,122.0,36.0,0.9583684051517662,289.0,292.0,158,86.0,-72.0,0.54
07:41:45,288.88,34.0,291.07,28.0,287.05,88.0,295.0,14.0,2.1899999999999977,122.0,42.0,0.6021046420626878,288.88,291.07,164,80.0,6.0,0.49
07:41:46,287.0,94.0,289.17,24.0,283.0,24.0,292.35,17.0,2.170000000000016,118.0,41.0,1.0799074034350504,287.0,289.17,159,77.0,-5.0,0.48
07:41:47,284.87,45.0,289.2,30.0,279.8,30.0,295.87,15.0,4.329999999999984,75.0,45.0,1.6448252186765098,284.87,289.2,120,30.0,-39.0,0.25
07:41:48,284.69,26.0,291.57,21.0,283.0,21.0,296.88,69.0,6.8799999999999955,47.0,90.0,1.4462814387229894,284.69,291.57,137,-43.0,17.0,-0.31
07:41:49,291.0,10.0,294.0,10.0,287.0,10.0,297.1,31.0,3.0,20.0,41.0,2.1558594573845222,291.0,294.0,61,-21.0,-76.0,-0.34
07:41:50,291.0,7.0,294.0,7.0,287.0,7.0,297.0,28.0,3.0,14.0,35.0,2.6402973317401,291.0,294.0,49,-21.0,-12.0,-0.43
07:41:51,291.0,10.0,293.05,19.0,287.0,20.0,294.92,13.0,2.0500000000000114,30.0,32.0,2.644781654502543,291.0,293.05,62,-2.0,13.0,-0.03
07:41:52,291.0,8.0,292.12,16.0,287.0,33.0,295.25,8.0,1.1200000000000045,41.0,24.0,1.838458593494127,291.0,292.12,65,17.0,3.0,0.26
07:41:53,290.73,15.0,292.0,30.0,285.94,17.0,296.0,15.0,1.2699999999999818,32.0,45.0,0.5222738745063225,290.7300000000001,292.0,77,-13.0,12.0,-0.17
07:41:54,287.0,15.0,290.0,34.0,281.0,45.0,293.47,19.0,3.0,60.0,53.0,1.5674086895231145,287.0,290.0,113,7.0,36.0,0.06
07:41:55,287.95,118.0,289.33,30.0,282.85,26.0,293.43,28.0,1.3799999999999955,144.0,58.0,1.7065315701718735,287.95,289.33,202,86.0,89.0,0.43
07:41:56,288.61,82.0,293.74,19.0,287.84,43.0,298.2,25.0,5.1299999999999955,125.0,44.0,1.5387884844881938,288.61,293.74,169,81.0,-33.0,0.48
07:41:57,289.0,110.0,299.0,11.0,287.0,11.0,300.0,55.0,10.0,121.0,66.0,2.271393845195735,289.0,299.0,187,55.0,18.0,0.29
07:41:58,289.0,70.0,299.0,50.0,287.0,10.0,300.71,34.0,10.0,80.0,84.0,2.715938143624152,289.0,299.0,164,-4.0,-23.0,-0.02
07:41:59,289.0,45.0,299.0,54.0,287.0,9.0,301.0,27.0,10.0,54.0,81.0,2.4147090922079286,289.0,299.0,135,-27.0,-29.0,-0.2
07:42:00,289.0,38.0,299.0,43.0,287.0,8.0,301.0,24.0,10.0,46.0,67.0,1.2656144752611735,289.0,299.0,113,-21.0,-22.0,-0.19
07:42:01,289.0,36.0,299.0,47.0,287.0,9.0,301.0,27.0,10.0,45.0,74.0,0.0,289.0,299.0,119,-29.0,6.0,-0.24
07:42:02,289.0,52.0,298.23,75.0,287.0,13.0,299.31,52.0,9.230000000000018,65.0,127.0,0.1744133022168539,289.0,298.23,192,-62.0,73.0,-0.32
07:42:03,289.0,44.0,297.0,55.0,287.18,11.0,298.0,44.0,8.0,55.0,99.0,0.43751571399251377,289.0,297.0,154,-44.0,-38.0,-0.29
07:42:04,289.0,36.0,296.64,50.0,288.0,11.0,297.68,41.0,7.639999999999986,47.0,91.0,0.5530641915642434,289.0,296.64,138,-44.0,-16.0,-0.32
07:42:05,289.0,51.0,293.11,38.0,288.0,17.0,294.5,64.0,4.110000000000014,68.0,102.0,1.1350022026371331,289.0,293.11,170,-34.0,32.0,-0.2
07:42:06,289.0,25.0,290.29,34.0,288.0,11.0,294.18,44.0,1.2900000000000205,36.0,78.0,1.6344815691808696,289.0,290.29,114,-42.0,-56.0,-0.37
07:42:07,288.0,12.0,295.86,42.0,287.0,12.0,297.71,51.0,7.860000000000014,24.0,93.0,1.3803803823556196,288.0,295.86,117,-69.0,3.0,-0.59
07:42:08,289.88,51.0,294.0,45.0,287.8,15.0,302.03,72.0,4.1200000000000045,66.0,117.0,1.1982779310295342,289.88,294.0,183,-51.0,66.0,-0.28
07:42:09,290.0,44.0,294.0,33.0,288.0,11.0,302.0,55.0,4.0,55.0,88.0,1.010014851372279,290.0,294.0,143,-33.0,-40.0,-0.23
07:42:10,290.0,48.0,293.18,51.0,288.0,17.0,301.92,129.0,3.180000000000007,65.0,180.0,1.003578596818639,290.0,293.18,245,-115.0,102.0,-0.47
07:42:11,290.0,24.0,291.75,36.0,288.0,68.0,300.67,60.0,1.75,92.0,96.0,0.4690095947762864,290.0,291.75,188,-4.0,-57.0,-0.02
07:42:12,288.0,171.0,290.42,57.0,283.0,152.0,300.0,95.0,2.420000000000016,323.0,152.0,1.159021138716925,288.0,290.42,475,171.0,168.0,0.36
07:42:13,288.0,93.0,300.84,103.0,286.33,144.0,302.2,69.0,12.839999999999975,237.0,172.0,1.893475640189827,288.0,300.84,409,65.0,-66.0,0.16
07:42:14,288.0,78.0,301.81,93.0,287.0,130.0,302.37,82.0,13.810000000000002,208.0,175.0,2.4121048899232704,288.0,301.81,383,33.0,-26.0,0.09
07:42:15,288.0,72.0,297.42,72.0,287.0,120.0,298.5,60.0,9.420000000000016,192.0,132.0,2.39322585645224,288.0,297.42,324,60.0,-59.0,0.19
07:42:16,290.32,159.0,295.17,70.0,287.83,148.0,295.88,112.0,4.850000000000023,307.0,182.0,2.2323239012274305,290.32,295.17,489,125.0,165.0,0.26
07:42:17,292.0,132.0,295.05,44.0,290.0,39.0,296.15,59.0,3.0500000000000114,171.0,103.0,0.9830310269724246,292.0,295.05,274,68.0,-168.0,0.25
07:42:18,292.0,72.0,296.0,40.0,290.0,24.0,297.0,32.0,4.0,96.0,72.0,0.9176219264983441,292.0,296.0,168,24.0,-106.0,0.14
07:42:19,292.08,75.0,295.95,37.0,290.55,33.0,296.74,38.0,3.8700000000000045,108.0,75.0,0.6413033603457167,292.08,295.95,183,33.0,15.0,0.18
07:42:20,294.0,36.0,296.67,54.0,292.0,144.0,299.19,128.0,2.670000000000016,180.0,182.0,0.9396116218897109,294.0,296.67,362,-2.0,168.0,-0.01
07:42:21,292.36,55.0,297.0,40.0,291.5,60.0,299.0,50.0,4.639999999999986,115.0,90.0,0.7048900623429494,292.36,297.0,205,25.0,-157.0,0.12
07:42:22,292.0,85.0,297.0,40.0,290.0,30.0,299.0,50.0,5.0,115.0,90.0,0.5502999182170064,292.0,297.0,205,25.0,0.0,0.12
07:42:23,291.54,26.0,297.0,20.0,289.43,21.0,299.0,25.0,5.4599999999999795,47.0,45.0,0.4993696025886928,291.54,297.0,92,2.0,-113.0,0.02
07:42:24,289.56,54.0,297.0,40.0,288.6,60.0,299.0,50.0,7.439999999999998,114.0,90.0,0.7456339584472687,289.56,297.0,204,24.0,112.0,0.12
07:42:25,290.0,35.0,297.0,44.0,289.0,66.0,299.0,55.0,7.0,101.0,99.0,0.6211119061731902,290.0,297.0,200,2.0,-4.0,0.01
07:42:26,293.69,39.0,297.0,36.0,289.25,24.0,299.0,45.0,3.3100000000000023,63.0,81.0,0.8294275134030512,293.69,297.0,144,-18.0,-56.0,-0.12
07:42:27,294.0,96.0,296.19,64.0,291.54,26.0,297.45,67.0,2.1899999999999977,122.0,131.0,0.923022209911464,294.0,296.19,253,-9.0,109.0,-0.04
07:42:28,293.47,53.0,297.0,60.0,291.39,23.0,300.2,75.0,3.5299999999999727,76.0,135.0,1.013197907612153,293.47,297.0,211,-59.0,-42.0,-0.28
07:42:29,292.0,18.0,297.0,36.0,290.0,9.0,301.0,45.0,5.0,27.0,81.0,0.7648071652314539,292.0,297.0,108,-54.0,-103.0,-0.5
07:42:30,292.0,24.0,295.77,39.0,290.0,12.0,298.65,51.0,3.769999999999982,36.0,90.0,0.615605393080082,292.0,295.77,126,-54.0,18.0,-0.43
07:42:31,291.33,15.0,292.58,38.0,289.14,35.0,293.62,42.0,1.25,50.0,80.0,1.3287136636574497,291.33,292.58,130,-30.0,4.0,-0.23
07:42:32,288.46,78.0,290.42,43.0,287.81,161.0,295.54,54.0,1.9600000000000364,239.0,97.0,2.3343692938331824,288.46,290.42,336,142.0,168.0,0.42
07:42:33,288.0,196.0,290.43,42.0,282.57,14.0,303.0,70.0,2.430000000000007,210.0,112.0,2.4453874948548484,288.0,290.43,322,98.0,-14.0,0.3
07:42:34,288.0,192.0,289.56,32.0,284.0,14.0,296.47,36.0,1.5600000000000023,206.0,68.0,2.1899497711120355,288.0,289.56,274,138.0,-48.0,0.5
07:42:35,288.09,65.0,297.94,47.0,286.61,23.0,301.64,55.0,9.850000000000023,88.0,102.0,1.8825381802220769,288.09,297.94,190,-14.0,-84.0,-0.07
07:42:36,290.0,10.0,300.25,32.0,288.0,50.0,301.53,38.0,10.25,60.0,70.0,2.807039365593808,290.0,300.25,130,-10.0,-60.0,-0.08
07:42:37,290.0,5.0,299.0,10.0,288.0,25.0,301.4,20.0,9.0,30.0,30.0,2.9614236441266546,290.0,299.0,60,0.0,-70.0,0.0
07:42:38,290.0,4.0,299.0,8.0,288.0,20.0,302.0,32.0,9.0,24.0,40.0,2.5805658294241165,290.0,299.0,64,-16.0,4.0,-0.25
07:42:39,290.0,7.0,299.0,14.0,288.0,35.0,302.0,56.0,9.0,42.0,70.0,0.783121957290337,290.0,299.0,112,-28.0,48.0,-0.25
07:42:40,290.0,4.0,299.0,8.0,288.0,20.0,302.0,32.0,9.0,24.0,40.0,0.2772724291919034,290.0,299.0,64,-16.0,-48.0,-0.25
07:42:41,290.0,11.0,299.0,22.0,288.0,55.0,302.0,48.0,9.0,66.0,70.0,0.0,290.0,299.0,136,-4.0,72.0,-0.03
07:42:42,290.0,9.0,299.0,18.0,288.68,31.0,302.0,27.0,9.0,40.0,45.0,0.0,290.0,299.0,85,-5.0,-51.0,-0.06
07:42:43,289.5,12.0,299.0,16.0,288.64,28.0,302.0,24.0,9.5,40.0,40.0,0.11180339883088361,289.5,299.0,80,0.0,-5.0,0.0
07:42:44,290.0,9.0,299.0,18.0,289.0,27.0,302.0,27.0,9.0,36.0,45.0,0.11180339883088361,290.0,299.0,81,-9.0,1.0,-0.11
07:42:45,289.25,12.0,299.0,12.0,288.3,30.0,302.0,18.0,9.75,42.0,30.0,0.1785497129379001,289.25,299.0,72,12.0,-9.0,0.17
07:42:46,289.0,30.0,299.0,20.0,288.0,70.0,302.0,30.0,10.0,100.0,50.0,0.22445489522461504,289.0,299.0,150,50.0,78.0,0.33
07:42:47,290.67,36.0,299.0,24.0,288.26,68.0,302.0,36.0,8.329999999999984,104.0,60.0,0.3308322837787087,290.67,299.0,164,44.0,14.0,0.27
07:42:48,288.71,31.0,299.47,19.0,287.09,23.0,302.27,33.0,10.760000000000048,54.0,52.0,0.3489555845523411,288.71,299.47,106,2.0,-58.0,0.02
07:42:49,288.0,56.0,299.0,42.0,284.0,14.0,301.14,42.0,11.0,70.0,84.0,0.47515260705423984,288.0,299.0,154,-14.0,48.0,-0.09
07:42:50,288.9,29.0,299.0,42.0,287.84,50.0,301.0,42.0,10.100000000000023,79.0,84.0,0.4801353975603868,288.9,299.0,163,-5.0,9.0,-0.03
07:42:51,290.0,13.0,298.83,29.0,285.71,101.0,300.75,48.0,8.829999999999984,114.0,77.0,0.49897895746254023,290.0,298.83,191,37.0,28.0,0.19
07:42:52,290.0,6.0,298.0,6.0,288.0,30.0,299.57,21.0,8.0,36.0,27.0,0.3271849629652156,290.0,298.0,63,9.0,-128.0,0.14
07:42:53,290.0,12.0,296.75,12.0,288.0,60.0,299.0,36.0,6.75,72.0,48.0,0.4151746620287369,290.0,296.75,120,24.0,57.0,0.2
