Time,Bid1_Price,Bid1_Volume,Ask1_Price,Ask1_Volume,Bid2_Price,Bid2_Volume,Ask2_Price,Ask2_Volume,Bid_Ask_Spread,Market_Depth_Bid,Market_Depth_Ask,Historical_Volatility,Weighted_Avg_Bid_Price,Weighted_Avg_Ask_Price,Total_volume,Cumulative_Volume_Difference,Total_Volume_Change_Corrected,Order_imbalance
07:30:20,274.29,17.0,300.79,66.0,271.0,17.0,339.15,130.0,26.5,34.0,196.0,3.5646205969227007,274.29,300.79,230,-162.0,98.0,-0.7
07:30:21,279.17,60.0,309.35,54.0,276.78,46.0,324.27,75.0,30.180000000000007,106.0,129.0,6.4296656211661665,279.17,309.35,235,-23.0,5.0,-0.1
07:30:22,283.07,90.0,322.08,65.0,280.54,37.0,329.15,65.0,39.00999999999999,127.0,130.0,9.912001815980835,283.07,322.08,257,-3.0,22.0,-0.01
07:30:23,284.14,14.0,298.11,18.0,282.0,140.0,312.1,50.0,13.970000000000027,154.0,68.0,9.014308071061695,284.14,298.11,222,86.0,-35.0,0.39
07:30:24,285.66,73.0,292.0,14.0,283.34,83.0,306.57,70.0,6.339999999999975,156.0,84.0,5.99541741666156,285.66,292.0,240,72.0,18.0,0.3
07:30:25,288.21,57.0,292.0,17.0,288.48,62.0,296.12,85.0,3.7900000000000205,119.0,102.0,5.515623264873064,288.21,292.0,221,17.0,-19.0,0.08
07:30:26,289.2,46.0,292.0,13.0,284.62,64.0,306.0,65.0,2.8000000000000114,110.0,78.0,5.611668201168773,289.2,292.0,188,32.0,-33.0,0.17
07:30:27,289.0,49.0,290.43,51.0,280.47,34.0,299.07,15.0,1.4300000000000068,83.0,66.0,0.8754827239918995,289.0,290.43,149,17.0,-39.0,0.11
07:30:28,290.4,15.0,300.0,11.0,287.18,22.0,306.0,55.0,9.600000000000023,37.0,66.0,2.494046912150707,290.4,300.0,103,-29.0,-46.0,-0.28
07:30:29,292.0,13.0,300.0,13.0,289.04,25.0,303.92,65.0,8.0,38.0,78.0,3.018241209712843,292.0,300.0,116,-40.0,13.0,-0.34
07:30:30,292.0,8.0,300.0,8.0,290.0,8.0,303.0,40.0,8.0,16.0,48.0,3.0857867716368768,292.0,300.0,64,-32.0,-52.0,-0.5
07:30:31,287.91,22.0,300.0,10.0,284.32,19.0,303.0,50.0,12.089999999999975,41.0,60.0,2.627238093513666,287.91,300.0,101,-19.0,37.0,-0.19
07:30:32,286.0,45.0,301.79,29.0,281.0,36.0,308.45,29.0,15.79000000000002,81.0,58.0,1.0430723848370096,286.0,301.79,139,23.0,38.0,0.17
07:30:33,286.0,40.0,303.0,48.0,281.0,32.0,311.0,40.0,17.0,72.0,88.0,1.058064270264121,286.0,303.0,160,-16.0,21.0,-0.1
07:30:34,287.3,43.0,303.0,60.0,284.72,47.0,309.72,47.0,15.699999999999989,90.0,107.0,0.8852965604866646,287.3,303.0,197,-17.0,37.0,-0.09
07:30:35,288.0,36.0,303.0,54.0,286.0,45.0,306.0,36.0,15.0,81.0,90.0,0.7132671308910183,288.0,303.0,171,-9.0,-26.0,-0.05
07:30:36,288.0,26.0,303.0,48.0,286.0,40.0,309.12,34.0,15.0,66.0,82.0,0.6967783004726643,288.0,303.0,148,-16.0,-23.0,-0.11
07:30:37,288.0,54.0,302.29,68.0,286.0,90.0,305.42,86.0,14.29000000000002,144.0,154.0,0.40835033979367785,288.0,302.29,298,-10.0,150.0,-0.03
07:30:38,288.0,30.0,300.0,20.0,286.0,50.0,302.0,40.0,12.0,80.0,60.0,0.6178592072710263,288.0,300.0,140,20.0,-158.0,0.14
07:30:39,288.0,29.0,299.45,29.0,286.0,70.0,301.89,54.0,11.449999999999989,99.0,83.0,0.8522792969499396,288.0,299.45,182,16.0,42.0,0.09
07:30:40,288.45,40.0,296.63,51.0,286.36,67.0,298.39,41.0,8.180000000000007,107.0,92.0,1.184997890297407,288.45,296.63,199,15.0,17.0,0.08
07:30:41,288.47,38.0,295.0,40.0,286.89,45.0,296.38,26.0,6.529999999999973,83.0,66.0,1.324348896631506,288.47,295.0,149,17.0,-50.0,0.11
07:30:42,288.23,26.0,293.16,38.0,286.98,49.0,294.43,28.0,4.930000000000007,75.0,66.0,1.3771782745922525,288.23,293.16,141,9.0,-8.0,0.06
07:30:43,288.4,25.0,291.67,66.0,285.91,85.0,294.49,37.0,3.2700000000000387,110.0,103.0,1.4651723448143388,288.4,291.67,213,7.0,72.0,0.03
07:30:44,287.44,18.0,289.73,30.0,285.83,71.0,291.71,42.0,2.2900000000000205,89.0,72.0,1.5302516133004123,287.44,289.7300000000001,161,17.0,-52.0,0.11
07:30:45,284.39,88.0,288.0,32.0,279.99,175.0,289.61,33.0,3.6100000000000136,263.0,65.0,2.149725563882098,284.39,288.0,328,198.0,167.0,0.6
07:30:46,284.0,60.0,287.0,20.0,279.0,130.0,288.0,20.0,3.0,190.0,40.0,2.2929893152842946,284.0,287.0,230,150.0,-98.0,0.65
07:30:47,284.0,30.0,287.0,10.0,279.0,53.0,288.0,10.0,3.0,83.0,20.0,2.0453532702219865,284.0,287.0,103,63.0,-127.0,0.61
07:30:48,280.19,67.0,287.0,16.0,278.64,42.0,288.0,16.0,6.810000000000002,109.0,32.0,1.7977291230904668,280.19,287.0,141,77.0,38.0,0.55
07:30:55,280.73,30.0,293.0,60.0,278.0,189.0,294.0,103.0,12.269999999999982,219.0,163.0,2.984283833687305,280.7300000000001,293.0,382,56.0,169.5,0.15
07:30:56,284.54,26.0,293.0,48.0,278.34,70.0,294.0,84.0,8.45999999999998,96.0,132.0,4.2965253403195325,284.54,293.0,228,-36.0,-154.0,-0.16
07:30:57,290.0,36.0,293.0,48.0,284.0,24.0,294.0,84.0,3.0,60.0,132.0,5.152148095698402,290.0,293.0,192,-72.0,-36.0,-0.38
07:30:58,286.11,18.0,293.0,36.0,281.39,23.0,294.0,63.0,6.889999999999986,41.0,99.0,4.117505312687434,286.11,293.0,140,-58.0,-52.0,-0.41
07:30:59,285.6,15.0,293.0,44.0,283.75,24.0,294.0,67.0,7.399999999999977,39.0,111.0,1.661580572831103,285.6,293.0,150,-72.0,10.0,-0.48
07:31:00,286.0,13.0,292.71,28.0,285.0,26.0,293.24,42.0,6.7099999999999795,39.0,70.0,1.0488183827574191,286.0,292.71,109,-31.0,-41.0,-0.28
07:31:01,288.33,18.0,291.0,18.0,285.0,36.0,293.0,72.0,2.670000000000016,54.0,90.0,0.9189232829839155,288.33,291.0,144,-36.0,35.0,-0.25
07:31:02,286.29,68.0,293.23,26.0,285.21,33.0,294.14,56.0,6.939999999999998,101.0,82.0,0.19697715606087587,286.29,293.23,183,19.0,39.0,0.1
07:31:03,285.4,47.0,291.52,31.0,278.68,62.0,293.49,35.0,6.1200000000000045,109.0,66.0,0.514101157370563,285.4,291.52,175,43.0,-8.0,0.25
07:31:04,286.0,92.0,288.24,41.0,285.0,38.0,291.42,38.0,2.240000000000009,130.0,79.0,1.1071043311312343,286.0,288.24,209,51.0,34.0,0.24
07:31:05,285.21,38.0,286.29,51.0,277.87,31.0,296.69,61.0,1.080000000000041,69.0,112.0,1.7189735309216123,285.21,286.29,181,-43.0,-28.0,-0.24
07:31:06,283.71,28.0,293.7,50.0,275.94,51.0,297.64,44.0,9.990000000000009,79.0,94.0,1.5525946025955968,283.71,293.7,173,-15.0,-8.0,-0.09
07:31:07,294.1,84.0,297.0,17.0,276.36,22.0,299.0,102.0,2.8999999999999773,106.0,119.0,3.7850191545102776,294.1,297.0,225,-13.0,52.0,-0.06
07:31:08,295.0,35.0,297.0,10.0,291.22,18.0,299.0,60.0,2.0,53.0,70.0,4.818301567981256,295.0,297.0,123,-17.0,-102.0,-0.14
07:31:09,295.0,16.0,297.0,8.0,293.0,16.0,299.0,48.0,2.0,32.0,56.0,4.839449348842458,295.0,297.0,88,-24.0,-35.0,-0.27
07:31:10,295.0,20.0,297.0,10.0,293.0,20.0,299.0,57.0,2.0,40.0,67.0,3.2157845077077054,295.0,297.0,107,-27.0,19.0,-0.25
07:31:11,295.0,18.0,297.0,9.0,293.0,18.0,299.0,63.0,2.0,36.0,72.0,0.20124611800894834,295.0,297.0,108,-36.0,1.0,-0.33
07:31:12,295.0,10.0,297.0,5.0,293.0,10.0,299.0,35.0,2.0,20.0,40.0,0.0,295.0,297.0,60,-20.0,-48.0,-0.33
07:31:13,291.0,30.0,297.0,9.0,285.0,12.0,299.0,63.0,6.0,42.0,72.0,0.8944271910074438,291.0,297.0,114,-30.0,54.0,-0.26
07:31:14,290.0,40.0,297.0,10.0,281.95,20.0,299.0,70.0,7.0,60.0,80.0,1.2449899598041474,290.0,297.0,140,-20.0,26.0,-0.14
07:31:15,290.0,40.0,296.08,26.0,285.91,100.0,297.81,37.0,6.079999999999984,140.0,63.0,1.4036808754174601,290.0,296.08,203,77.0,63.0,0.38
07:31:16,290.0,28.0,296.0,21.0,280.0,8.0,297.0,28.0,6.0,36.0,49.0,1.2378691368688277,290.0,296.0,85,-13.0,-118.0,-0.15
07:31:17,290.0,40.0,296.0,30.0,289.0,20.0,297.0,40.0,6.0,60.0,70.0,0.4408174225369035,290.0,296.0,130,-10.0,45.0,-0.08
07:31:18,290.0,26.0,295.0,30.0,289.0,20.0,297.1,40.0,5.0,46.0,70.0,0.35400564968929443,290.0,295.0,116,-24.0,-14.0,-0.21
07:31:19,290.0,24.0,293.06,32.0,289.0,24.0,294.97,34.0,3.0600000000000023,48.0,66.0,0.6456624505202141,290.0,293.06,114,-18.0,-2.0,-0.16
07:31:20,289.18,22.0,290.52,23.0,284.2,100.0,296.0,39.0,1.339999999999975,122.0,62.0,1.3314015172033742,289.18,290.52,184,60.0,70.0,0.33
07:31:21,283.84,49.0,289.4,15.0,280.46,59.0,298.81,81.0,5.560000000000002,108.0,96.0,2.578167954189737,283.84,289.4,204,12.0,20.0,0.06
07:31:22,278.27,22.0,289.0,12.0,276.5,20.0,299.0,36.0,10.730000000000018,42.0,48.0,3.6612661744279205,278.27,289.0,90,-6.0,-114.0,-0.07
07:31:25,279.13,30.0,286.4,15.0,275.0,45.0,296.48,33.0,7.269999999999982,75.0,48.0,2.205293631244436,279.13,286.4,123,27.0,-31.0,0.22
07:31:30,272.2,5.0,292.0,23.0,271.02,45.0,293.0,15.0,19.80000000000001,50.0,38.0,2.8986772845567965,272.2,292.0,88,12.0,5.0,0.14
07:31:32,277.39,62.0,291.86,42.0,274.61,74.0,294.08,26.0,14.470000000000027,136.0,68.0,3.447597714352088,277.39,291.86,204,68.0,92.0,0.33
07:31:33,291.0,21.0,294.0,21.0,290.0,7.0,295.0,7.0,3.0,28.0,28.0,5.851129805431393,291.0,294.0,56,0.0,-148.0,0.0
07:31:34,291.0,33.0,293.0,11.0,290.0,11.0,294.82,33.0,2.0,44.0,44.0,5.995675107943166,291.0,293.0,88,0.0,32.0,0.0
07:31:35,291.0,33.0,293.0,11.0,290.0,11.0,295.0,33.0,2.0,44.0,44.0,5.998976579385049,291.0,293.0,88,0.0,0.0,0.0
07:31:36,283.73,33.0,292.6,10.0,284.0,9.0,294.67,24.0,8.870000000000005,42.0,34.0,3.408677162773167,283.73,292.6,76,8.0,-12.0,0.11
07:31:44,280.0,20.0,285.0,20.0,269.74,94.0,288.0,50.0,5.0,114.0,70.0,1.2731064370300977,280.0,285.0,184,44.0,88.0,0.24
07:32:18,282.66,97.0,310.05,86.0,278.88,129.0,570.3,54.0,27.389999999999986,226.0,140.0,7.447083321677687,282.66,310.05,366,86.0,-4.0,0.23
07:32:19,285.26,57.0,361.0,24.0,283.41,51.0,393.0,70.0,75.74000000000001,108.0,94.0,18.168334265969946,285.26,361.0,202,14.0,-164.0,0.07
07:32:20,291.09,127.0,392.81,31.0,287.26,62.0,415.27,55.0,101.72000000000003,189.0,86.0,26.40881708823831,291.09,392.81,275,103.0,73.0,0.37
07:32:21,293.0,136.0,389.58,12.0,291.0,16.0,392.94,36.0,96.57999999999998,152.0,48.0,26.722654808234143,293.0,389.58,200,104.0,-75.0,0.52
07:32:22,293.0,153.0,387.0,45.0,291.0,25.0,391.0,9.0,94.0,178.0,54.0,19.61623256387552,293.0,387.0,232,124.0,32.0,0.53
07:32:23,293.0,187.0,388.89,19.0,291.0,33.0,408.71,28.0,95.88999999999999,220.0,47.0,8.043778962655567,293.0,388.89,267,173.0,35.0,0.65
07:32:24,293.0,170.0,319.12,16.0,291.0,30.0,335.0,34.0,26.120000000000005,200.0,50.0,15.662696128063535,293.0,319.12,250,150.0,-17.0,0.6
07:32:25,293.0,119.0,306.0,7.0,291.0,21.0,310.0,28.0,13.0,140.0,35.0,20.929478015470135,293.0,306.0,175,105.0,-75.0,0.6
07:32:26,293.0,170.0,305.4,10.0,291.0,30.0,310.0,40.0,12.399999999999977,200.0,50.0,21.478333734255067,293.0,305.4,250,150.0,75.0,0.6
07:32:27,293.0,185.0,304.0,13.0,291.0,39.0,378.33,42.0,11.0,224.0,55.0,18.20618905757135,293.0,304.0,279,169.0,29.0,0.61
07:32:28,293.0,51.0,303.43,7.0,291.0,21.0,560.29,17.0,10.430000000000007,72.0,24.0,3.264794021071202,293.0,303.43,96,48.0,-170.5,0.5
07:32:29,293.0,56.0,301.38,8.0,291.0,24.0,498.91,23.0,8.379999999999995,80.0,31.0,0.9066697303982693,293.0,301.38,111,49.0,15.0,0.44
07:32:30,293.0,66.0,300.3,10.0,291.0,30.0,445.36,22.0,7.300000000000011,96.0,32.0,1.0247194738170484,293.0,300.3,128,64.0,17.0,0.5
07:32:31,293.0,18.0,299.67,6.0,291.0,18.0,386.0,12.0,6.670000000000016,36.0,18.0,0.9506208497709843,293.0,299.67,54,18.0,-74.0,0.33
07:32:32,293.0,27.0,446.88,16.0,291.0,27.0,574.57,21.0,153.88,54.0,37.0,32.58508370405138,293.0,446.88,91,17.0,37.0,0.19
07:32:33,292.71,21.0,460.0,14.0,290.8,20.0,575.29,21.0,167.29000000000002,41.0,35.0,41.923229002547636,292.71,460.0,76,6.0,-15.0,0.08
07:32:34,291.0,24.0,460.0,16.0,289.0,16.0,738.5,24.0,169.0,40.0,40.0,42.4891307277528,291.0,460.0,80,0.0,4.0,0.0
07:32:37,288.0,60.0,377.11,53.0,283.0,48.0,502.91,34.0,89.11000000000001,108.0,87.0,70.0954098354531,288.0,377.11,195,21.0,135.0,0.11
07:32:38,288.31,39.0,362.39,51.0,286.83,53.0,388.08,65.0,74.07999999999998,92.0,116.0,78.97968169092682,288.31,362.39,208,-24.0,13.0,-0.12
07:32:39,288.0,7.0,360.0,20.0,286.0,12.0,362.0,20.0,72.0,19.0,40.0,85.670453599827,288.0,360.0,59,-21.0,-149.0,-0.36
07:32:40,289.31,126.0,336.8,54.0,288.72,64.0,346.98,53.0,47.49000000000001,190.0,107.0,84.03537094581115,289.31,336.8,297,83.0,169.5,0.28
07:32:41,289.27,74.0,308.0,34.0,288.79,33.0,308.9,30.0,18.730000000000018,107.0,64.0,13.216809372917282,289.27,308.0,171,43.0,-126.0,0.25
07:32:42,289.0,76.0,304.17,35.0,288.0,10.0,305.26,27.0,15.170000000000016,86.0,62.0,13.584543790647762,289.0,304.17,148,24.0,-23.0,0.16
07:32:43,289.02,93.0,300.7,66.0,288.52,27.0,301.67,46.0,11.680000000000007,120.0,112.0,12.638076198536686,289.02,300.7,232,8.0,84.0,0.03
07:32:44,289.45,22.0,295.92,50.0,288.96,73.0,296.45,49.0,6.470000000000027,95.0,99.0,8.06470892221239,289.45,295.92,194,-4.0,-38.0,-0.02
07:32:45,288.88,32.0,291.44,43.0,286.2,71.0,292.55,29.0,2.5600000000000023,103.0,72.0,3.305687523043696,288.88,291.44,175,31.0,-19.0,0.18
07:32:46,286.02,113.0,289.0,40.0,285.53,30.0,290.95,22.0,2.980000000000018,143.0,62.0,3.6267850777244104,286.02,289.0,205,81.0,30.0,0.4
07:32:47,286.0,128.0,287.27,48.0,285.0,20.0,370.0,32.0,1.2699999999999818,148.0,80.0,3.4525019913104353,286.0,287.27,228,68.0,23.0,0.3
07:32:48,286.0,48.0,433.0,24.0,285.0,16.0,499.0,35.0,147.0,64.0,59.0,31.506155747726737,286.0,433.0,123,5.0,-105.0,0.04
07:32:49,286.0,78.0,332.68,63.0,285.0,26.0,462.78,41.0,46.68000000000001,104.0,104.0,30.979898321331166,286.0,332.68,208,0.0,85.0,0.0
07:32:50,286.0,42.0,316.29,35.0,285.0,14.0,361.11,27.0,30.29000000000002,56.0,62.0,29.890565066589495,286.0,316.29,118,-6.0,-90.0,-0.05
07:32:51,286.0,66.0,316.0,55.0,284.32,37.0,434.55,51.0,30.0,103.0,106.0,28.036859310558004,286.0,316.0,209,-3.0,91.0,-0.01
07:32:52,286.0,60.0,313.5,50.0,285.0,40.0,494.6,47.0,27.5,100.0,97.0,25.638355641499825,286.0,313.5,197,3.0,-12.0,0.02
07:32:53,290.94,170.0,301.88,74.0,285.75,80.0,343.01,71.0,10.939999999999998,250.0,145.0,4.7647633729296315,290.94,301.88,395,105.0,169.5,0.27
07:32:54,292.0,88.0,298.62,40.0,286.92,72.0,300.0,40.0,6.6200000000000045,160.0,80.0,2.6962881893464004,292.0,298.62,240,80.0,-155.0,0.33
07:32:55,292.0,115.0,295.4,57.0,288.06,119.0,296.54,65.0,3.3999999999999773,234.0,122.0,3.0570786708894824,292.0,295.4,356,112.0,116.0,0.31
07:32:56,292.0,45.0,293.43,35.0,290.0,63.0,294.68,37.0,1.4300000000000068,108.0,72.0,2.735046617519644,292.0,293.43,180,36.0,-170.5,0.2
07:32:57,290.69,72.0,293.46,46.0,287.94,112.0,296.1,50.0,2.769999999999982,184.0,96.0,1.7997138661476184,290.69,293.46,280,88.0,100.0,0.31
07:32:58,288.43,42.0,293.03,31.0,286.92,72.0,294.9,29.0,4.599999999999966,114.0,60.0,1.7223036898302162,288.43,293.03,174,54.0,-106.0,0.31
07:32:59,287.09,109.0,289.66,56.0,286.67,82.0,290.58,65.0,2.57000000000005,191.0,121.0,2.059478089225855,287.09,289.66,312,70.0,138.0,0.22
07:33:00,286.97,113.0,288.89,37.0,285.05,37.0,289.82,67.0,1.919999999999959,150.0,104.0,2.147261046077108,286.97,288.89,254,46.0,-58.0,0.18
07:33:01,286.96,56.0,288.0,33.0,285.47,19.0,290.0,55.0,1.0400000000000205,75.0,88.0,1.987900902962501,286.96,288.0,163,-13.0,-91.0,-0.08
07:33:02,285.94,47.0,288.0,37.0,284.31,35.0,393.51,51.0,2.0600000000000023,82.0,88.0,1.4568356118650072,285.94,288.0,170,-6.0,7.0,-0.04
07:33:03,284.04,47.0,306.6,20.0,283.36,14.0,398.0,24.0,22.560000000000002,61.0,44.0,3.4521630900058815,284.04,306.6,105,17.0,-65.0,0.16
07:33:04,286.57,46.0,367.33,24.0,284.32,37.0,508.75,32.0,80.75999999999999,83.0,56.0,17.12670867388146,286.57,367.33,139,27.0,34.0,0.19
07:33:05,290.96,27.0,301.36,28.0,289.05,19.0,330.57,28.0,10.400000000000034,46.0,56.0,16.426677387713195,290.96,301.36,102,-10.0,-37.0,-0.1
07:33:06,294.0,18.0,300.33,18.0,291.0,18.0,434.0,18.0,6.329999999999984,36.0,36.0,15.324974061968588,294.0,300.33,72,0.0,-30.0,0.0
07:33:07,294.0,16.0,298.0,16.0,288.0,8.0,581.29,24.0,4.0,24.0,40.0,13.784478590066868,294.0,298.0,64,-16.0,-8.0,-0.25
07:33:08,294.0,22.0,296.73,22.0,291.0,11.0,472.64,44.0,2.730000000000018,33.0,66.0,13.779411090464343,294.0,296.73,99,-33.0,35.0,-0.33
07:33:09,291.83,29.0,305.89,36.0,290.0,17.0,467.03,66.0,14.060000000000002,46.0,102.0,1.365942897783733,291.83,305.89,148,-56.0,49.0,-0.38
07:33:10,289.67,18.0,487.71,49.0,285.86,28.0,529.42,45.0,198.03999999999996,46.0,94.0,41.094771321909384,289.67,487.7099999999999,140,-48.0,-8.0,-0.34
07:33:11,283.7,10.0,420.69,16.0,280.86,14.0,473.9,20.0,136.99,24.0,36.0,42.40017511756335,283.7,420.69,60,-12.0,-80.0,-0.2
07:33:12,280.0,13.0,291.42,24.0,279.0,13.0,343.54,24.0,11.420000000000016,26.0,48.0,44.43459879418331,280.0,291.42,74,-22.0,14.0,-0.3
07:33:42,278.01,85.0,286.46,26.0,273.09,55.0,378.84,31.0,8.449999999999989,140.0,57.0,2.5914725543586457,278.01,286.46,197,83.0,-99.0,0.42
07:33:43,280.0,108.0,288.0,36.0,279.0,9.0,402.28,29.0,8.0,117.0,65.0,3.165280398321035,280.0,288.0,182,52.0,-15.0,0.29
07:33:44,281.1,178.0,288.0,80.0,281.15,52.0,444.11,70.0,6.899999999999977,230.0,150.0,3.254271039725554,281.1,288.0,380,80.0,169.5,0.21
07:33:45,285.98,50.0,288.0,38.0,282.14,66.0,435.0,14.0,2.019999999999982,116.0,52.0,3.2233755598747136,285.98,288.0,168,64.0,-170.5,0.38
07:33:46,286.0,99.0,288.0,33.0,275.0,99.0,338.57,35.0,2.0,198.0,68.0,2.047591267806795,286.0,288.0,266,130.0,98.0,0.49
07:33:47,286.57,63.0,288.0,21.0,275.21,56.0,339.71,35.0,1.4300000000000068,119.0,56.0,1.560522348445914,286.57,288.0,175,63.0,-91.0,0.36
07:33:48,287.0,81.0,288.0,27.0,281.0,18.0,332.0,45.0,1.0,99.0,72.0,1.2019692175756533,287.0,288.0,171,27.0,-4.0,0.16
07:33:49,286.18,73.0,292.35,46.0,275.83,29.0,328.4,50.0,6.170000000000016,102.0,96.0,0.9478238232919948,286.18,292.35,198,6.0,27.0,0.03
07:33:50,273.76,29.0,315.62,52.0,232.82,44.0,403.57,35.0,41.860000000000014,73.0,87.0,3.221345991972985,273.76,315.62,160,-14.0,-38.0,-0.09
07:35:03,277.67,18.0,285.0,9.0,268.82,22.0,287.22,36.0,7.329999999999984,40.0,45.0,1.5138923343484896,277.67,285.0,85,-5.0,-39.0,-0.06
07:35:04,279.5,20.0,285.0,31.0,277.0,20.0,288.0,40.0,5.5,40.0,71.0,1.86093256191611,279.5,285.0,111,-31.0,26.0,-0.28
07:35:05,280.89,18.0,285.0,36.0,279.0,18.0,287.0,18.0,4.110000000000014,36.0,54.0,2.136920681728771,280.89,285.0,90,-18.0,-21.0,-0.2
07:35:47,281.1,78.0,286.67,48.0,276.25,24.0,352.12,41.0,5.569999999999993,102.0,89.0,2.2777005948980964,281.1,286.67,191,13.0,2.0,0.07
07:35:48,282.0,60.0,346.87,30.0,281.0,105.0,403.59,34.0,64.87,165.0,64.0,14.721273042777247,282.0,346.87,229,101.0,38.0,0.44
07:35:49,283.18,34.0,401.92,13.0,281.37,43.0,555.4,10.0,118.74000000000001,77.0,23.0,27.19967702014127,283.18,401.92,100,54.0,-129.0,0.54
07:35:50,285.13,60.0,290.0,52.0,284.02,53.0,493.28,36.0,4.8700000000000045,113.0,88.0,25.972460992366535,285.13,290.0,201,25.0,101.0,0.12
07:35:51,287.0,35.0,290.0,36.0,285.0,25.0,436.0,18.0,3.0,60.0,54.0,25.040026557493928,287.0,290.0,114,6.0,-87.0,0.05
07:35:52,287.78,27.0,290.0,36.0,285.0,18.0,450.0,18.0,2.2200000000000273,45.0,54.0,24.14871466558834,287.78,290.0,99,-9.0,-15.0,-0.09
07:35:53,288.8,30.0,290.0,40.0,285.0,20.0,418.0,28.0,1.1999999999999886,50.0,68.0,24.140939708304685,288.8,290.0,118,-18.0,19.0,-0.15
07:35:54,287.0,36.0,290.0,56.0,284.24,63.0,309.4,50.0,3.0,99.0,106.0,0.6710216091926227,287.0,290.0,205,-7.0,87.0,-0.03
07:35:55,284.58,72.0,289.85,47.0,283.32,69.0,323.9,58.0,5.270000000000039,141.0,105.0,0.806300192238256,284.58,289.85,246,36.0,41.0,0.15
07:35:56,285.48,31.0,290.0,21.0,283.83,24.0,399.25,24.0,4.519999999999982,55.0,45.0,0.8754427451315466,285.48,290.0,100,10.0,-146.0,0.1
07:35:57,284.0,30.0,291.0,45.0,282.62,21.0,504.0,47.0,7.0,51.0,92.0,0.8817709453160018,284.0,291.0,143,-41.0,43.0,-0.29
07:35:58,287.27,22.0,291.0,33.0,283.38,26.0,441.37,35.0,3.730000000000018,48.0,68.0,0.7863841300557202,287.27,291.0,116,-20.0,-27.0,-0.17
07:35:59,288.0,18.0,291.0,27.0,284.0,18.0,434.78,36.0,3.0,36.0,63.0,1.0287856919706384,288.0,291.0,99,-27.0,-17.0,-0.27
07:36:00,286.35,23.0,290.67,24.0,283.09,22.0,340.14,29.0,4.319999999999993,45.0,53.0,0.8638402630136766,286.35,290.67,98,-8.0,-1.0,-0.08
07:36:01,281.48,23.0,288.72,18.0,280.68,47.0,292.6,40.0,7.240000000000009,70.0,58.0,1.7647379408862405,281.48,288.72,128,12.0,30.0,0.09
07:36:02,281.42,36.0,286.64,66.0,278.38,86.0,288.29,24.0,5.21999999999997,122.0,90.0,2.5106234285538127,281.42,286.64,212,32.0,84.0,0.15
07:36:03,278.43,14.0,286.0,13.0,275.89,36.0,287.0,13.0,7.569999999999993,50.0,26.0,3.0627030544933875,278.43,286.0,76,24.0,-136.0,0.32
07:36:04,279.23,26.0,286.0,10.0,276.65,17.0,287.0,10.0,6.769999999999982,43.0,20.0,2.52187033766665,279.23,286.0,63,23.0,-13.0,0.37
07:36:05,280.57,56.0,285.07,14.0,279.0,28.0,286.07,14.0,4.5,84.0,28.0,1.1872362865085826,280.57,285.07,112,56.0,49.0,0.5
07:36:07,276.32,31.0,292.0,12.0,274.0,25.0,398.0,12.0,15.680000000000007,56.0,24.0,0.7550298007381017,276.32,292.0,80,32.0,-8.0,0.4
07:36:08,286.61,75.0,290.5,30.0,281.03,78.0,334.83,18.0,3.8899999999999864,153.0,48.0,2.558401844902956,286.61,290.5,201,105.0,121.0,0.52
07:36:09,288.0,9.0,289.0,29.0,287.0,7.0,292.0,7.0,1.0,16.0,36.0,2.999563301549579,288.0,289.0,52,-20.0,-149.0,-0.38
07:36:10,278.38,8.0,291.78,9.0,276.1,70.0,436.62,8.0,13.399999999999977,78.0,17.0,2.6834082805274067,278.38,291.78,95,61.0,43.0,0.64
07:36:11,277.0,9.0,289.33,9.0,276.0,117.0,434.56,9.0,12.329999999999984,126.0,18.0,2.4994159317734574,277.0,289.33,144,108.0,49.0,0.75
07:36:12,288.91,22.0,294.19,16.0,276.09,82.0,329.0,14.0,5.279999999999973,104.0,30.0,3.2806051271073784,288.91,294.19,134,74.0,-10.0,0.55
07:36:13,278.0,18.0,290.24,33.0,276.87,30.0,291.96,27.0,12.240000000000009,48.0,60.0,3.4738638430432296,278.0,290.24,108,-12.0,-26.0,-0.11
07:36:14,278.0,8.0,287.95,22.0,277.0,16.0,289.6,15.0,9.949999999999989,24.0,37.0,3.5493168356745577,278.0,287.95,61,-13.0,-47.0,-0.21
07:36:15,276.54,26.0,288.08,26.0,271.14,44.0,361.25,20.0,11.539999999999964,70.0,46.0,3.814148659924359,276.54,288.08,116,24.0,55.0,0.21
07:36:16,276.29,28.0,286.27,22.0,270.09,34.0,354.2,10.0,9.979999999999961,62.0,32.0,4.10208117910931,276.29,286.27,94,30.0,-22.0,0.32
07:36:17,281.29,28.0,285.0,70.0,278.0,70.0,290.0,14.0,3.7099999999999795,98.0,84.0,1.0529862297307904,281.29,285.0,182,14.0,88.0,0.08
07:36:18,283.0,24.0,285.0,60.0,279.14,63.0,290.0,12.0,2.0,87.0,72.0,1.0150960545695464,283.0,285.0,159,15.0,-23.0,0.09
07:36:19,282.44,54.0,285.0,51.0,279.42,57.0,290.0,13.0,2.5600000000000023,111.0,64.0,1.108151614176814,282.44,285.0,175,47.0,16.0,0.27
07:36:20,282.0,48.0,285.0,24.0,275.0,24.0,290.0,8.0,3.0,72.0,32.0,1.0798703625911263,282.0,285.0,104,40.0,-71.0,0.38
07:36:21,279.67,45.0,288.12,16.0,274.03,31.0,334.23,52.0,8.449999999999989,76.0,68.0,0.3436859031189401,279.67,288.12,144,8.0,40.0,0.06
07:36:23,277.82,44.0,344.54,39.0,275.0,33.0,396.37,19.0,66.72000000000003,77.0,58.0,13.140289190120694,277.82,344.54,135,19.0,22.0,0.14
07:36:24,278.56,54.0,352.15,47.0,274.68,38.0,407.13,15.0,73.58999999999997,92.0,62.0,17.430008032126768,278.56,352.15,154,30.0,19.0,0.19
07:36:25,280.61,62.0,380.57,58.0,278.78,92.0,465.52,50.0,99.95999999999998,154.0,108.0,22.14761905939337,280.61,380.57000000000005,262,46.0,108.0,0.18
07:36:26,279.35,49.0,309.38,40.0,278.88,32.0,424.78,41.0,30.029999999999973,81.0,81.0,20.20388155776024,279.35,309.38,162,0.0,-100.0,0.0
07:36:27,281.71,51.0,352.75,28.0,279.78,45.0,379.69,45.0,71.04000000000002,96.0,73.0,13.046385323146263,281.71,352.75,169,23.0,7.0,0.14
07:36:28,285.61,62.0,357.88,25.0,284.08,50.0,418.76,85.0,72.26999999999998,112.0,110.0,13.379573236841553,285.61,357.88,222,2.0,53.0,0.01
07:36:29,287.75,12.0,422.0,8.0,285.92,38.0,583.88,40.0,134.25,50.0,48.0,21.943930140246277,287.75,422.0,98,2.0,-124.0,0.02
07:36:30,289.0,8.0,384.67,18.0,286.0,40.0,498.14,28.0,95.67000000000002,48.0,46.0,22.597056224207822,289.0,384.67,94,2.0,-4.0,0.02
07:36:31,290.82,77.0,376.59,51.0,286.67,45.0,549.68,57.0,85.76999999999998,122.0,108.0,14.740032903627187,290.82,376.59,230,14.0,136.0,0.06
07:36:32,291.0,35.0,368.75,24.0,289.0,10.0,403.44,16.0,77.75,45.0,40.0,12.259668429448373,291.0,368.75,85,5.0,-145.0,0.06
07:36:33,288.6,30.0,322.84,31.0,286.21,43.0,375.77,13.0,34.23999999999995,73.0,44.0,17.63974262850827,288.6,322.84,117,29.0,32.0,0.25
07:36:34,288.0,30.0,321.6,30.0,286.0,50.0,529.0,10.0,33.60000000000002,80.0,40.0,15.64943066057065,288.0,321.6,120,40.0,3.0,0.33
07:36:35,288.0,27.0,320.0,27.0,286.0,45.0,572.56,9.0,32.0,72.0,36.0,14.835268787588817,288.0,320.0,108,36.0,-12.0,0.33
07:36:36,288.0,36.0,296.97,34.0,286.78,92.0,339.64,14.0,8.970000000000027,128.0,48.0,13.682091214430804,288.0,296.97,176,80.0,68.0,0.45
07:36:37,288.0,24.0,291.62,24.0,287.0,72.0,295.0,11.0,3.6200000000000045,96.0,35.0,7.582415841933357,288.0,291.62,131,61.0,-45.0,0.47
07:36:38,287.3,30.0,291.0,18.0,286.38,39.0,298.0,24.0,3.6999999999999886,69.0,42.0,7.729589251700292,287.3,291.0,111,27.0,-20.0,0.24
07:36:39,287.0,52.0,290.62,39.0,285.75,16.0,297.5,64.0,3.6200000000000045,68.0,103.0,6.39736820888084,287.0,290.62,171,-35.0,60.0,-0.2
07:36:40,287.0,20.0,289.4,15.0,286.0,5.0,296.0,20.0,2.3999999999999773,25.0,35.0,1.668867879730979,287.0,289.4,60,-10.0,-111.0,-0.17
07:36:41,286.87,23.0,289.75,36.0,285.4,20.0,296.82,44.0,2.8799999999999955,43.0,80.0,0.6570996880210805,286.87,289.75,123,-37.0,63.0,-0.3
07:36:42,285.55,22.0,293.0,44.0,209.0,22.0,300.0,44.0,7.449999999999989,44.0,88.0,0.48220327663481083,285.55,293.0,132,-44.0,9.0,-0.33
07:36:43,283.43,42.0,291.94,33.0,249.4,25.0,347.38,29.0,8.509999999999991,67.0,62.0,0.6076429872854882,283.43,291.94,129,5.0,-3.0,0.04
07:36:44,284.56,36.0,289.78,27.0,282.12,16.0,291.0,36.0,5.21999999999997,52.0,63.0,0.7843659860021183,284.56,289.78,115,-11.0,-14.0,-0.1
07:36:45,285.0,20.0,287.82,11.0,279.5,16.0,290.69,26.0,2.819999999999993,36.0,37.0,1.0907887054773129,285.0,287.82,73,-1.0,-42.0,-0.01
07:36:46,286.25,20.0,291.0,24.0,285.38,8.0,299.0,12.0,4.75,28.0,36.0,1.137123564084792,286.25,291.0,64,-8.0,-9.0,-0.12
07:36:47,289.59,73.0,291.0,36.0,286.85,41.0,299.0,18.0,1.410000000000025,114.0,54.0,1.4951688867806954,289.59,291.0,168,60.0,104.0,0.36
07:36:48,290.0,77.0,291.0,36.0,287.0,45.0,299.0,18.0,1.0,122.0,54.0,1.8239709427502582,290.0,291.0,176,68.0,8.0,0.39
07:36:49,290.0,40.0,291.53,30.0,286.65,46.0,327.94,17.0,1.5299999999999727,86.0,47.0,1.829882509888962,290.0,291.53,133,39.0,-43.0,0.29
07:36:50,290.0,59.0,295.29,17.0,286.0,104.0,387.2,30.0,5.2900000000000205,163.0,47.0,1.4363251720964663,290.0,295.29,210,116.0,77.0,0.55
07:36:51,289.39,33.0,291.5,20.0,288.04,54.0,298.4,25.0,2.1100000000000136,87.0,45.0,0.9758176059070016,289.39,291.5,132,42.0,-78.0,0.32
07:36:52,287.7,10.0,291.0,30.0,285.15,66.0,297.47,15.0,3.3000000000000114,76.0,45.0,1.1961103628001863,287.7,291.0,121,31.0,-11.0,0.26
07:36:53,286.55,33.0,289.2,61.0,285.38,63.0,292.62,13.0,2.6499999999999773,96.0,74.0,1.770570529518042,286.55,289.2,170,22.0,49.0,0.13
07:36:54,286.0,44.0,288.0,29.0,285.0,8.0,300.22,9.0,2.0,52.0,38.0,2.2219315921057303,286.0,288.0,90,14.0,-80.0,0.16
07:36:55,287.2,15.0,300.0,12.0,285.86,21.0,301.67,24.0,12.800000000000011,36.0,36.0,2.5750398055171266,287.2,300.0,72,0.0,-18.0,0.0
07:36:56,288.0,18.0,300.0,8.0,286.0,16.0,302.0,16.0,12.0,34.0,24.0,3.250266142948594,288.0,300.0,58,10.0,-14.0,0.17
07:36:57,289.73,59.0,300.9,10.0,287.12,32.0,302.0,20.0,11.169999999999959,91.0,30.0,3.8271177144162083,289.73,300.9,121,61.0,63.0,0.5
07:36:58,294.0,55.0,301.0,11.0,288.0,66.0,302.0,22.0,7.0,121.0,33.0,3.9301552132198254,294.0,301.0,154,88.0,33.0,0.57
07:36:59,294.0,40.0,301.0,8.0,288.0,38.0,302.0,16.0,7.0,78.0,24.0,1.8616175761954028,294.0,301.0,102,54.0,-52.0,0.53
07:37:00,294.0,40.0,301.0,8.0,288.0,8.0,302.0,16.0,7.0,48.0,24.0,1.6256444875801956,294.0,301.0,72,24.0,-30.0,0.33
07:37:01,294.0,37.0,301.0,14.0,287.11,18.0,302.0,28.0,7.0,55.0,42.0,0.9793977741449319,294.0,301.0,97,13.0,25.0,0.13
07:37:02,294.0,22.0,299.08,39.0,287.0,55.0,301.53,15.0,5.079999999999984,77.0,54.0,0.42932505168008633,294.0,299.08,131,23.0,34.0,0.18
07:37:03,292.79,29.0,296.77,65.0,286.97,62.0,302.5,18.0,3.9799999999999613,91.0,83.0,1.1844323534926215,292.79,296.77,174,8.0,43.0,0.05
07:37:04,293.67,105.0,303.88,51.0,286.96,52.0,305.93,28.0,10.20999999999998,157.0,79.0,1.4808173418757988,293.67,303.88,236,78.0,62.0,0.33
07:37:05,294.0,100.0,300.62,26.0,287.0,50.0,302.89,18.0,6.6200000000000045,150.0,44.0,1.4677363523467337,294.0,300.62,194,106.0,-42.0,0.55
07:37:06,294.0,156.0,297.78,54.0,287.0,90.0,303.0,18.0,3.7799999999999727,246.0,72.0,1.50135605370614,294.0,297.78,318,174.0,124.0,0.55
07:37:07,291.72,46.0,295.78,27.0,286.82,33.0,303.78,9.0,4.059999999999945,79.0,36.0,1.993865592260426,291.72,295.78,115,43.0,-170.5,0.37
07:37:08,287.53,85.0,294.06,51.0,286.7,53.0,295.6,45.0,6.53000000000003,138.0,96.0,3.1293641526674185,287.53,294.06,234,42.0,119.0,0.18
07:37:09,288.63,95.0,292.7,43.0,287.0,95.0,294.26,57.0,4.069999999999993,190.0,100.0,2.9807046146842007,288.63,292.7,290,90.0,56.0,0.31
07:37:10,289.81,52.0,291.0,20.0,287.0,100.0,293.0,60.0,1.1899999999999977,152.0,80.0,2.4274616371838946,289.81,291.0,232,72.0,-58.0,0.31
07:37:11,289.78,46.0,292.24,45.0,286.95,77.0,298.96,54.0,2.4600000000000364,123.0,99.0,1.375125448822542,289.78,292.24,222,24.0,-10.0,0.11
07:37:12,291.0,55.0,292.5,42.0,287.0,70.0,298.49,43.0,1.5,125.0,85.0,0.5128060062044385,291.0,292.5,210,40.0,-12.0,0.19
07:37:13,290.2,25.0,294.58,36.0,286.92,51.0,303.1,40.0,4.3799999999999955,76.0,76.0,0.8181503529299603,290.2,294.58,152,0.0,-58.0,0.0
07:37:14,287.0,65.0,301.78,55.0,284.82,33.0,301.96,50.0,14.779999999999973,98.0,105.0,1.5383497651703284,287.0,301.78,203,-7.0,51.0,-0.03
07:37:15,287.0,40.0,293.0,8.0,285.0,24.0,294.7,20.0,6.0,64.0,28.0,1.6480655326775002,287.0,293.0,92,36.0,-111.0,0.39
07:37:16,287.0,30.0,293.0,6.0,285.0,18.0,301.0,6.0,6.0,48.0,12.0,1.8367444024685415,287.0,293.0,60,36.0,-32.0,0.6
07:37:17,287.0,70.0,293.0,14.0,285.0,42.0,301.0,14.0,6.0,112.0,28.0,1.986864363765032,287.0,293.0,140,84.0,80.0,0.6
07:37:18,285.43,23.0,292.71,7.0,283.67,9.0,301.0,7.0,7.279999999999973,32.0,14.0,2.106103036415657,285.43,292.71,46,18.0,-94.0,0.39
07:37:19,288.42,103.0,292.0,13.0,284.66,29.0,301.0,13.0,3.579999999999984,132.0,26.0,0.44869811677681043,288.42,292.0,158,106.0,112.0,0.67
07:37:20,289.0,160.0,293.75,16.0,285.0,45.0,301.14,22.0,4.75,205.0,38.0,0.8255725286122118,289.0,293.75,243,167.0,85.0,0.69
07:37:21,289.0,96.0,300.0,22.0,285.0,33.0,306.0,44.0,11.0,129.0,66.0,2.1058418744054737,289.0,300.0,195,63.0,-48.0,0.32
07:37:22,289.0,36.0,300.0,30.0,286.43,23.0,305.8,60.0,11.0,59.0,90.0,2.482452416462403,289.0,300.0,149,-31.0,-46.0,-0.21
07:37:23,289.72,25.0,300.0,22.0,288.43,14.0,303.0,44.0,10.279999999999973,39.0,66.0,2.1405373157225296,289.72,300.0,105,-27.0,-44.0,-0.26
07:37:24,291.0,36.0,298.78,23.0,289.0,24.0,299.81,32.0,7.779999999999973,60.0,55.0,1.491033198825902,291.0,298.78,115,5.0,10.0,0.04
07:37:25,291.0,27.0,297.0,9.0,289.0,18.0,299.0,27.0,6.0,45.0,36.0,0.3602776706947285,291.0,297.0,81,9.0,-34.0,0.11
07:37:26,291.0,42.0,295.93,14.0,289.0,28.0,299.63,35.0,4.930000000000007,70.0,49.0,0.610016393223275,291.0,295.93,119,21.0,38.0,0.18
07:37:27,291.0,30.0,295.0,10.0,289.0,20.0,303.26,19.0,4.0,50.0,29.0,0.8388206006059904,291.0,295.0,79,21.0,-40.0,0.27
07:37:28,291.0,27.0,293.0,9.0,289.0,18.0,301.44,36.0,2.0,45.0,45.0,1.0815729286556237,291.0,293.0,90,0.0,11.0,0.0
07:37:29,291.0,23.0,300.78,41.0,289.0,22.0,304.64,44.0,9.779999999999973,45.0,85.0,1.442151170994483,291.0,300.78,130,-40.0,40.0,-0.31
07:37:30,289.29,28.0,301.0,108.0,286.35,17.0,305.0,48.0,11.70999999999998,45.0,156.0,1.5899119472476562,289.29,301.0,201,-111.0,71.0,-0.55
07:37:31,285.95,21.0,301.0,81.0,284.25,32.0,305.0,36.0,15.050000000000011,53.0,117.0,1.5885590955330646,285.95,301.0,170,-64.0,-31.0,-0.38
07:37:32,289.0,9.0,301.0,81.0,285.0,36.0,305.0,36.0,12.0,45.0,117.0,1.5561233884242491,289.0,301.0,162,-72.0,-8.0,-0.44
07:37:33,285.19,42.0,300.76,83.0,283.42,38.0,302.53,73.0,15.569999999999993,80.0,156.0,1.2219779048743153,285.19,300.76,236,-76.0,74.0,-0.32
07:37:34,285.0,28.0,298.57,28.0,283.0,71.0,301.0,63.0,13.569999999999993,99.0,91.0,1.4133400157077283,285.0,298.57,190,8.0,-46.0,0.04
07:37:35,285.0,48.0,297.71,52.0,283.0,156.0,300.13,61.0,12.70999999999998,204.0,113.0,1.4450778525741996,285.0,297.71,317,91.0,127.0,0.29
07:37:36,286.67,43.0,300.2,90.0,283.14,57.0,325.81,69.0,13.529999999999973,100.0,159.0,1.441308433334256,286.67,300.2,259,-59.0,-58.0,-0.23
07:37:37,288.67,78.0,298.91,44.0,285.35,26.0,300.85,54.0,10.240000000000009,104.0,98.0,1.0521169136556932,288.67,298.91,202,6.0,-57.0,0.03
07:37:38,289.0,130.0,297.5,64.0,288.0,26.0,298.62,52.0,8.5,156.0,116.0,1.0791802444450147,289.0,297.5,272,40.0,70.0,0.15
07:37:39,289.0,110.0,296.55,44.0,288.0,22.0,298.0,44.0,7.550000000000011,132.0,88.0,0.9476655528193977,289.0,296.55,220,44.0,-52.0,0.2
07:37:40,289.32,44.0,295.55,44.0,288.93,86.0,298.0,68.0,6.230000000000018,130.0,112.0,0.5397962578608515,289.32,295.55,242,18.0,22.0,0.07
07:37:41,289.07,45.0,295.0,36.0,288.71,42.0,297.67,36.0,5.930000000000007,87.0,72.0,0.6889702460923094,289.07,295.0,159,15.0,-83.0,0.09
07:37:42,289.0,119.0,294.29,68.0,288.0,34.0,296.65,68.0,5.2900000000000205,153.0,136.0,0.6237627754205579,289.0,294.29,289,17.0,130.0,0.06
07:37:43,289.0,42.0,292.5,24.0,288.0,12.0,293.5,24.0,3.5,54.0,48.0,0.7804357757049627,289.0,292.5,102,6.0,-170.5,0.06
07:37:44,289.0,63.0,291.67,36.0,288.0,18.0,292.67,36.0,2.670000000000016,81.0,72.0,0.8775648124213282,289.0,291.67,153,9.0,51.0,0.06
07:37:45,289.0,77.0,291.0,44.0,288.0,22.0,292.0,44.0,2.0,99.0,88.0,0.8636087076911163,289.0,291.0,187,11.0,34.0,0.06
07:37:46,289.0,42.0,290.33,24.0,288.0,12.0,291.33,24.0,1.329999999999984,54.0,48.0,0.7666159403507175,289.0,290.33,102,6.0,-85.0,0.06
07:37:47,289.0,69.0,290.38,42.0,288.0,22.0,294.64,44.0,1.3799999999999955,91.0,86.0,0.4576243000538098,289.0,290.38,177,5.0,75.0,0.03
07:37:48,288.95,37.0,290.11,36.0,287.14,28.0,301.0,63.0,1.160000000000025,65.0,99.0,0.3213720585235977,288.95,290.11,164,-34.0,-13.0,-0.21
07:37:49,286.31,78.0,289.92,48.0,285.33,108.0,301.29,56.0,3.6100000000000136,186.0,104.0,0.7412826721296055,286.31,289.92,290,82.0,126.0,0.28
07:37:50,286.2,71.0,292.17,48.0,285.33,90.0,302.31,52.0,5.970000000000027,161.0,100.0,0.6618005741910272,286.2,292.17,261,61.0,-29.0,0.23
07:37:51,286.0,91.0,301.0,64.0,283.86,56.0,303.57,42.0,15.0,147.0,106.0,2.0500902419161107,286.0,301.0,253,41.0,-8.0,0.16
07:37:52,286.31,39.0,300.3,37.0,284.08,50.0,301.04,50.0,13.990000000000009,89.0,87.0,2.4992258801476477,286.31,300.3,176,2.0,-77.0,0.01
07:37:53,287.27,22.0,296.89,18.0,286.0,33.0,298.53,15.0,9.620000000000005,55.0,33.0,2.4544408731928833,287.27,296.89,88,22.0,-88.0,0.25
07:37:54,288.89,36.0,294.97,35.0,286.0,54.0,297.0,19.0,6.080000000000041,90.0,54.0,1.7250855051272203,288.89,294.97,144,36.0,56.0,0.25
07:37:55,294.0,144.0,296.5,16.0,290.0,28.0,302.88,98.0,2.5,172.0,114.0,1.3387568860702044,294.0,296.5,286,58.0,142.0,0.2
07:37:56,294.0,126.0,296.1,40.0,290.92,26.0,301.68,41.0,2.1000000000000227,152.0,81.0,1.5798639181905785,294.0,296.1,233,71.0,-53.0,0.3
07:37:57,294.0,40.0,296.0,20.0,291.0,10.0,297.0,5.0,2.0,50.0,25.0,1.6986082538362315,294.0,296.0,75,25.0,-158.0,0.33
07:37:58,294.0,68.0,295.61,33.0,291.0,20.0,298.14,35.0,1.6100000000000136,88.0,68.0,1.3933520732394526,294.0,295.61,156,20.0,81.0,0.13
07:37:59,291.92,72.0,296.62,65.0,288.41,69.0,300.46,61.0,4.699999999999989,141.0,126.0,0.3736709782694225,291.92,296.62,267,15.0,111.0,0.06
07:38:00,288.0,143.0,302.0,45.0,286.0,104.0,304.77,31.0,14.0,247.0,76.0,0.32423756722627806,288.0,302.0,323,171.0,56.0,0.53
07:38:01,288.24,116.0,300.92,39.0,286.81,108.0,302.75,48.0,12.680000000000007,224.0,87.0,0.31016124838669207,288.24,300.92,311,137.0,-12.0,0.44
07:38:02,289.0,70.0,300.0,30.0,288.0,110.0,302.0,40.0,11.0,180.0,70.0,0.28053520278348604,289.0,300.0,250,110.0,-61.0,0.44
07:38:03,289.0,77.0,299.64,33.0,288.0,121.0,301.82,44.0,10.639999999999986,198.0,77.0,0.28979302959311515,289.0,299.64,275,121.0,25.0,0.44
07:38:04,289.0,102.0,291.69,32.0,287.82,133.0,298.92,52.0,2.6899999999999977,235.0,84.0,1.9213849171888138,289.0,291.69,319,151.0,44.0,0.47
07:38:05,287.42,114.0,296.82,44.0,286.33,49.0,299.54,52.0,9.399999999999977,163.0,96.0,1.8835392217845093,287.42,296.82,259,67.0,-60.0,0.26
07:38:06,287.0,180.0,292.58,48.0,286.0,36.0,293.75,48.0,5.579999999999984,216.0,96.0,2.18274597697498,287.0,292.58,312,120.0,53.0,0.38
07:38:07,287.0,185.0,291.0,52.0,286.0,39.0,293.0,52.0,4.0,224.0,104.0,2.127881575652246,287.0,291.0,328,120.0,16.0,0.37
07:38:08,287.0,124.0,291.0,28.0,286.0,36.0,292.0,48.0,4.0,160.0,76.0,1.288565093427593,287.0,291.0,236,84.0,-92.0,0.36
07:38:09,287.0,90.0,291.0,20.0,286.0,30.0,292.0,40.0,4.0,120.0,60.0,1.3510070318099694,287.0,291.0,180,60.0,-56.0,0.33
07:38:10,287.0,72.0,290.62,16.0,286.0,24.0,292.0,32.0,3.6200000000000045,96.0,48.0,0.3834709897759495,287.0,290.62,144,48.0,-36.0,0.33
07:38:11,288.33,54.0,291.74,46.0,286.87,93.0,298.92,52.0,3.410000000000025,147.0,98.0,0.49325449820532147,288.33,291.74,245,49.0,101.0,0.2
07:38:12,291.0,30.0,292.56,61.0,287.55,87.0,300.6,60.0,1.5600000000000023,117.0,121.0,1.2460658088560366,291.0,292.56,238,-4.0,-7.0,-0.02
07:38:13,289.8,25.0,293.7,50.0,287.5,60.0,296.8,40.0,3.8999999999999773,85.0,90.0,1.4376821623712241,289.8,293.7,175,-5.0,-63.0,-0.03
07:38:14,287.5,36.0,293.0,30.0,286.75,36.0,298.8,40.0,5.5,72.0,70.0,1.2577479874762523,287.5,293.0,142,2.0,-33.0,0.01
07:38:15,287.0,108.0,291.67,60.0,286.0,36.0,298.6,80.0,4.670000000000016,144.0,140.0,1.0908024569098858,287.0,291.67,284,4.0,142.0,0.01
07:38:16,287.0,81.0,291.0,45.0,286.0,27.0,297.0,36.0,4.0,108.0,81.0,1.308804798279899,287.0,291.0,189,27.0,-95.0,0.14
07:38:17,287.0,99.0,290.68,37.0,286.0,33.0,293.4,50.0,3.680000000000007,132.0,87.0,1.2022603711343434,287.0,290.68,219,45.0,30.0,0.21
07:38:18,287.0,117.0,288.68,53.0,285.16,67.0,290.53,38.0,1.6800000000000068,184.0,91.0,0.8702126176972993,287.0,288.68,275,93.0,56.0,0.34
07:38:19,287.0,80.0,288.0,55.0,286.0,55.0,293.5,28.0,1.0,135.0,83.0,0.788999366285685,287.0,288.0,218,52.0,-57.0,0.24
07:38:20,287.0,22.0,288.0,30.0,286.0,30.0,289.0,24.0,1.0,52.0,54.0,0.7312181616993509,287.0,288.0,106,-2.0,-112.0,-0.02
07:38:21,288.14,37.0,290.8,35.0,286.69,32.0,299.07,45.0,2.660000000000025,69.0,80.0,0.8842510955600001,288.14,290.8,149,-11.0,43.0,-0.07
07:38:22,289.91,33.0,298.0,44.0,286.13,46.0,301.0,44.0,8.089999999999975,79.0,88.0,2.7500672719044084,289.91,298.0,167,-9.0,18.0,-0.05
07:38:23,291.0,30.0,297.65,31.0,286.0,50.0,299.76,34.0,6.649999999999977,80.0,65.0,3.3743251177088127,291.0,297.65,145,15.0,-22.0,0.1
07:38:24,291.09,32.0,297.0,56.0,288.19,37.0,299.58,38.0,5.910000000000025,69.0,94.0,3.1598053737535023,291.09,297.0,163,-25.0,18.0,-0.15
07:38:25,288.0,10.0,295.6,10.0,286.0,50.0,296.8,30.0,7.600000000000023,60.0,40.0,2.0766968965167045,288.0,295.6,100,20.0,-63.0,0.2
07:38:26,288.0,11.0,294.27,11.0,286.0,55.0,296.0,33.0,6.269999999999982,66.0,44.0,1.4691392037524487,288.0,294.27,110,22.0,10.0,0.2
07:38:27,286.95,42.0,293.0,10.0,284.67,42.0,296.0,30.0,6.050000000000011,84.0,40.0,1.8783024250641134,286.95,293.0,124,44.0,14.0,0.35
07:38:28,287.0,99.0,292.18,11.0,286.0,11.0,296.36,33.0,5.180000000000007,110.0,44.0,1.7680412891109243,287.0,292.18,154,66.0,30.0,0.43
07:38:29,289.21,103.0,293.61,18.0,286.97,102.0,297.44,41.0,4.400000000000034,205.0,59.0,0.9516984816634807,289.21,293.61,264,146.0,110.0,0.55
07:38:30,290.0,78.0,297.0,39.0,287.62,117.0,303.0,13.0,7.0,195.0,52.0,1.5320998661969905,290.0,297.0,247,143.0,-17.0,0.58
07:38:31,290.0,60.0,296.77,22.0,289.0,90.0,299.0,18.0,6.769999999999982,150.0,40.0,1.837887374134004,290.0,296.77,190,110.0,-57.0,0.58
07:38:32,290.49,41.0,294.36,11.0,289.08,59.0,297.55,33.0,3.8700000000000045,100.0,44.0,1.62039501356972,290.49,294.36,144,56.0,-46.0,0.39
07:38:33,292.0,22.0,294.0,27.0,290.0,11.0,297.0,33.0,2.0,33.0,60.0,0.856230109259256,292.0,294.0,93,-27.0,-51.0,-0.29
07:38:34,292.0,22.0,293.64,11.0,290.0,11.0,296.52,25.0,1.6399999999999864,33.0,36.0,0.43459176246491327,292.0,293.64,69,-3.0,-24.0,-0.04
07:38:35,292.0,20.0,293.18,11.0,290.0,11.0,295.6,15.0,1.1800000000000068,31.0,26.0,0.37380476187740774,292.0,293.18,57,5.0,-12.0,0.09
07:38:36,291.78,9.0,295.0,11.0,289.47,17.0,298.44,27.0,3.2200000000000273,26.0,38.0,0.37380476187740774,291.78,295.0,64,-12.0,7.0,-0.19
07:38:37,290.0,11.0,298.0,33.0,289.0,99.0,302.0,33.0,8.0,110.0,66.0,0.5533082323646037,290.0,298.0,176,44.0,112.0,0.25
07:38:38,290.0,7.0,297.3,23.0,289.0,63.0,300.86,21.0,7.300000000000011,70.0,44.0,0.5819364226464252,290.0,297.3,114,26.0,-62.0,0.23
07:38:39,290.0,11.0,299.79,34.0,289.0,99.0,308.54,28.0,9.79000000000002,110.0,62.0,0.8456535933837037,290.0,299.79,172,48.0,58.0,0.28
07:38:40,289.18,80.0,300.79,42.0,288.2,30.0,302.0,14.0,11.610000000000014,110.0,56.0,0.7238300905620578,289.18,300.79,166,54.0,-6.0,0.33
07:38:41,289.0,128.0,298.88,58.0,286.0,16.0,302.0,16.0,9.879999999999995,144.0,74.0,0.6050454528406441,289.0,298.88,218,70.0,52.0,0.32
07:38:42,289.0,113.0,297.93,72.0,286.0,16.0,300.0,44.0,8.930000000000007,129.0,116.0,0.7072269791255623,289.0,297.93,245,13.0,27.0,0.05
07:38:43,289.0,42.0,297.0,6.0,286.0,6.0,298.0,30.0,8.0,48.0,36.0,0.8715044463472268,289.0,297.0,84,12.0,-161.0,0.14
07:38:44,289.0,34.0,297.0,6.0,286.0,6.0,298.0,30.0,8.0,40.0,36.0,0.8256028100744256,289.0,297.0,76,4.0,-8.0,0.05
07:38:45,289.0,30.0,296.1,10.0,286.0,10.0,298.55,55.0,7.100000000000023,40.0,65.0,0.5297829744362352,289.0,296.1,105,-25.0,29.0,-0.24
07:38:46,287.08,24.0,295.0,9.0,280.58,33.0,300.0,49.0,7.920000000000016,57.0,58.0,0.9370538938621238,287.08,295.0,115,-1.0,10.0,-0.01
07:38:47,280.0,100.0,294.4,15.0,279.0,255.0,299.0,75.0,14.399999999999977,355.0,90.0,2.4598414583061095,280.0,294.4,445,265.0,169.5,0.6
07:38:48,280.0,80.0,294.0,10.0,279.0,170.0,298.29,34.0,14.0,250.0,44.0,2.8852764165675446,280.0,294.0,294,206.0,-151.0,0.7
07:38:49,279.39,83.0,293.5,8.0,278.48,103.0,298.0,24.0,14.110000000000014,186.0,32.0,2.7585829695697446,279.39,293.5,218,154.0,-76.0,0.71
07:38:51,279.05,205.0,292.0,13.0,214.94,66.0,296.1,63.0,12.949999999999989,271.0,76.0,2.561870410461607,279.05,292.0,347,195.0,25.0,0.56
07:38:52,279.58,134.0,290.04,54.0,278.92,207.0,292.3,23.0,10.460000000000036,341.0,77.0,2.3654238520820257,279.58,290.04,418,264.0,71.0,0.63
07:38:53,281.0,86.0,289.48,27.0,279.2,153.0,289.67,18.0,8.480000000000018,239.0,45.0,2.101435223840706,281.0,289.48,284,194.0,-134.0,0.68
07:38:54,281.05,126.0,286.53,19.0,280.02,184.0,287.39,46.0,5.479999999999961,310.0,65.0,1.8406058785080208,281.05,286.53,375,245.0,91.0,0.65
07:38:55,282.64,84.0,286.57,40.0,279.47,139.0,290.06,17.0,3.930000000000007,223.0,57.0,0.6675926901925109,282.64,286.57,280,166.0,-95.0,0.59
07:38:56,283.4,60.0,286.0,30.0,278.0,166.0,292.08,26.0,2.6000000000000227,226.0,56.0,0.5280624962998537,283.4,286.0,282,170.0,2.0,0.6
07:38:57,284.0,66.0,290.08,49.0,278.0,165.0,291.52,31.0,6.079999999999984,231.0,80.0,1.2141375539857766,284.0,290.08,311,151.0,29.0,0.49
07:38:58,285.65,46.0,290.51,49.0,280.99,69.0,291.2,50.0,4.860000000000014,115.0,99.0,1.822122388863795,285.65,290.51,214,16.0,-97.0,0.07
07:38:59,286.0,92.0,289.25,48.0,278.56,64.0,293.49,51.0,3.25,156.0,99.0,1.644232343678643,286.0,289.25,255,57.0,41.0,0.22
07:39:00,288.71,62.0,292.12,72.0,286.56,64.0,294.29,63.0,3.410000000000025,126.0,135.0,2.055655613180253,288.71,292.12,261,-9.0,6.0,-0.03
07:39:01,292.0,25.0,294.32,37.0,291.0,33.0,295.75,20.0,2.319999999999993,58.0,57.0,2.5281376544801146,292.0,294.32,115,1.0,-146.0,0.01
07:39:02,291.78,41.0,295.0,22.0,290.12,32.0,296.0,11.0,3.2200000000000273,73.0,33.0,2.719334477404474,291.78,295.0,106,40.0,-9.0,0.38
07:39:03,291.24,51.0,293.72,50.0,289.51,35.0,294.46,39.0,2.480000000000018,86.0,89.0,2.422391380433993,291.24,293.72,175,-3.0,69.0,-0.02
07:39:04,290.56,27.0,292.4,40.0,288.82,17.0,293.81,31.0,1.839999999999975,44.0,71.0,1.235103234552137,290.56,292.4,115,-27.0,-60.0,-0.23
07:39:05,289.0,24.0,290.42,48.0,288.0,12.0,297.0,62.0,1.420000000000016,36.0,110.0,1.5010762805404487,289.0,290.42,146,-74.0,31.0,-0.51
07:39:06,288.0,7.0,297.57,7.0,286.0,28.0,300.0,14.0,9.569999999999993,35.0,21.0,1.4401909595609603,288.0,297.57,56,14.0,-90.0,0.25
07:39:07,288.0,13.0,296.23,13.0,286.0,52.0,297.38,13.0,8.230000000000018,65.0,26.0,1.2227141939149313,288.0,296.23,91,39.0,35.0,0.43
07:39:08,288.0,14.0,293.41,22.0,286.0,56.0,294.76,17.0,5.410000000000025,70.0,39.0,1.2036403117214638,288.0,293.41,109,31.0,18.0,0.28
07:39:09,280.89,81.0,288.24,59.0,283.2,60.0,289.63,49.0,7.350000000000023,141.0,108.0,3.257426898642632,280.89,288.24,249,33.0,140.0,0.13
07:39:33,276.88,16.0,288.83,30.0,273.02,100.0,287.24,21.0,11.949999999999989,116.0,51.0,1.3937252239944105,276.88,288.83,167,65.0,-34.0,0.39
07:39:34,276.73,60.0,288.29,31.0,275.13,15.0,291.28,29.0,11.560000000000002,75.0,60.0,1.3021712636971787,276.7300000000001,288.29,135,15.0,-32.0,0.11
07:39:54,285.2,114.0,291.0,96.0,284.26,129.0,357.0,48.0,5.800000000000011,243.0,144.0,4.577943861604078,285.2,291.0,387,99.0,60.0,0.26
07:39:55,289.0,134.0,290.58,72.0,287.0,26.0,315.42,57.0,1.579999999999984,160.0,129.0,5.540087544434753,289.0,290.58,289,31.0,-98.0,0.11
07:39:56,287.0,20.0,291.0,52.0,285.0,10.0,426.28,25.0,4.0,30.0,77.0,4.971523911237203,287.0,291.0,107,-47.0,-170.5,-0.44
07:39:57,280.74,46.0,289.91,58.0,277.96,23.0,291.22,41.0,9.170000000000016,69.0,99.0,3.4776903254896903,280.74,289.91,168,-30.0,61.0,-0.18
07:40:02,276.0,9.0,286.27,33.0,272.0,171.0,289.6,15.0,10.269999999999982,180.0,48.0,2.572181953127916,276.0,286.27,228,132.0,-107.0,0.58
07:40:03,272.05,164.0,288.91,11.0,271.41,74.0,290.9,21.0,16.860000000000014,238.0,32.0,2.441075582606304,272.05,288.91,270,206.0,42.0,0.76
07:40:07,276.78,27.0,293.4,20.0,273.0,36.0,353.54,26.0,16.620000000000005,63.0,46.0,3.684824283462681,276.78,293.4,109,17.0,-43.0,0.16
07:40:08,278.38,26.0,363.33,24.0,274.74,43.0,521.38,26.0,84.94999999999999,69.0,50.0,19.132562557065036,278.38,363.33,119,19.0,10.0,0.16
07:40:09,287.06,72.0,379.03,77.0,285.0,55.0,392.06,32.0,91.96999999999997,127.0,109.0,26.566189978994384,287.06,379.03,236,18.0,117.0,0.08
07:40:10,286.56,64.0,309.12,40.0,284.77,39.0,352.07,41.0,22.560000000000002,103.0,81.0,23.682645544787153,286.56,309.12,184,22.0,-52.0,0.12
07:40:11,286.45,101.0,307.14,70.0,285.74,95.0,445.35,40.0,20.689999999999998,196.0,110.0,19.608659566631054,286.45,307.14,306,86.0,122.0,0.28
07:40:12,290.0,51.0,307.0,45.0,289.0,9.0,387.67,18.0,17.0,60.0,63.0,16.595456607157114,290.0,307.0,123,-3.0,-170.5,-0.02
07:40:13,289.8,25.0,305.6,50.0,286.25,60.0,546.56,27.0,15.800000000000011,85.0,77.0,15.812937108583865,289.8,305.6,162,8.0,39.0,0.05
07:40:14,288.0,10.0,304.6,50.0,284.57,44.0,359.11,19.0,16.600000000000023,54.0,69.0,0.8764017343769523,288.0,304.6,123,-15.0,-39.0,-0.12
07:40:15,285.6,20.0,301.37,67.0,279.29,14.0,330.14,59.0,15.769999999999982,34.0,126.0,1.9110546826341193,285.6,301.37,160,-92.0,37.0,-0.57
07:40:16,284.0,84.0,299.9,39.0,269.0,8.0,300.85,33.0,15.899999999999977,92.0,72.0,2.7876459603071004,284.0,299.9,164,20.0,4.0,0.12
07:40:17,284.18,90.0,298.82,44.0,281.62,21.0,300.0,55.0,14.639999999999986,111.0,99.0,2.716425960709149,284.18,298.82,210,12.0,46.0,0.06
07:40:18,287.56,54.0,297.93,56.0,285.38,29.0,300.0,70.0,10.370000000000005,83.0,126.0,1.8946054998372044,287.56,297.93,209,-43.0,-1.0,-0.21
07:40:19,288.82,44.0,296.89,45.0,284.0,22.0,299.78,54.0,8.069999999999993,66.0,99.0,0.7846209275902145,288.82,296.89,165,-33.0,-44.0,-0.2
07:40:20,287.1,29.0,295.0,11.0,280.75,16.0,296.4,50.0,7.899999999999977,45.0,61.0,0.7783765155835196,287.1,295.0,106,-16.0,-59.0,-0.15
07:40:21,284.0,14.0,293.23,30.0,277.0,57.0,296.4,30.0,9.230000000000018,71.0,60.0,1.7137298503588991,284.0,293.2300000000001,131,11.0,25.0,0.08
07:40:22,284.0,13.0,291.65,46.0,277.0,39.0,292.74,19.0,7.649999999999977,52.0,65.0,2.3149665224383327,284.0,291.65,117,-13.0,-14.0,-0.11
07:40:23,277.7,30.0,288.54,26.0,222.96,28.0,289.43,46.0,10.840000000000032,58.0,72.0,3.696096589648024,277.7,288.54,130,-14.0,13.0,-0.11
07:40:24,277.0,27.0,288.55,44.0,116.27,111.0,305.6,20.0,11.550000000000011,138.0,64.0,3.6105636679063475,277.0,288.55,202,74.0,72.0,0.37
07:40:25,287.62,89.0,440.7,46.0,211.2,81.0,541.59,44.0,153.07999999999998,170.0,90.0,35.24016245706059,287.62,440.7,260,80.0,58.0,0.31
07:40:31,294.0,54.0,306.53,30.0,292.0,45.0,446.67,15.0,12.529999999999973,99.0,45.0,58.436691213655585,294.0,306.53,144,54.0,44.0,0.38
07:40:32,294.0,24.0,305.0,16.0,292.0,20.0,308.0,4.0,11.0,44.0,20.0,71.57631856976235,294.0,305.0,64,24.0,-80.0,0.38
07:40:33,294.0,36.0,304.86,28.0,292.0,35.0,360.86,7.0,10.860000000000014,71.0,35.0,71.38129972198658,294.0,304.86,106,36.0,42.0,0.34
07:40:34,294.0,44.0,304.0,40.0,292.0,50.0,391.9,10.0,10.0,94.0,50.0,57.93832885059817,294.0,304.0,144,44.0,38.0,0.31
07:40:35,293.43,14.0,304.0,28.0,291.86,29.0,481.0,7.0,10.569999999999993,43.0,35.0,0.5920895202847908,293.43,304.0,78,8.0,-66.0,0.1
07:40:36,291.7,20.0,303.73,22.0,290.65,17.0,335.93,28.0,12.03000000000003,37.0,50.0,0.7243272741176192,291.7,303.73,87,-13.0,9.0,-0.15
07:40:37,291.0,22.0,300.89,19.0,289.0,11.0,303.84,38.0,9.889999999999986,33.0,57.0,1.388128236161952,291.0,300.89,90,-24.0,3.0,-0.27
07:40:38,291.0,22.0,299.56,27.0,289.31,13.0,300.1,39.0,8.560000000000002,35.0,66.0,1.6541311919039237,291.0,299.56,101,-31.0,11.0,-0.31
07:40:39,291.0,26.0,294.8,49.0,290.0,26.0,296.29,52.0,3.8000000000000114,52.0,101.0,2.254916849914558,291.0,294.8,153,-49.0,52.0,-0.32
07:40:40,289.81,27.0,291.63,57.0,287.93,27.0,294.45,44.0,1.8199999999999932,54.0,101.0,2.7323378268485077,289.81,291.63,155,-47.0,2.0,-0.3
07:40:41,288.88,33.0,289.98,41.0,286.93,15.0,290.71,14.0,1.1000000000000227,48.0,55.0,2.817379988575528,288.88,289.98,103,-7.0,-52.0,-0.07
07:40:42,288.0,37.0,289.0,9.0,286.0,18.0,290.0,36.0,1.0,55.0,45.0,2.7409815760096943,288.0,289.0,100,10.0,-3.0,0.1
07:40:43,288.0,30.0,289.73,30.0,286.0,22.0,301.87,30.0,1.7300000000000182,52.0,60.0,1.785001400566273,288.0,289.7300000000001,112,-8.0,12.0,-0.07
07:40:44,291.71,56.0,296.0,26.0,287.69,26.0,438.91,22.0,4.2900000000000205,82.0,48.0,2.1730692579905893,291.71,296.0,130,34.0,18.0,0.26
07:40:45,294.0,9.0,352.25,12.0,292.0,36.0,438.8,15.0,58.25,45.0,27.0,14.895201576347652,294.0,352.25,72,18.0,-58.0,0.25
07:40:46,293.29,17.0,307.23,31.0,291.52,50.0,439.32,19.0,13.939999999999998,67.0,50.0,14.340659677993607,293.29,307.23,117,17.0,45.0,0.15
07:40:47,292.0,24.0,296.0,36.0,289.77,88.0,368.76,51.0,4.0,112.0,87.0,13.529376186655195,292.0,296.0,199,25.0,82.0,0.13
07:40:48,291.17,12.0,296.0,33.0,290.01,181.0,359.31,52.0,4.829999999999984,193.0,85.0,12.697160312449148,291.17,296.0,278,108.0,79.0,0.39
07:40:49,291.0,8.0,295.08,38.0,290.0,144.0,310.04,26.0,4.079999999999984,152.0,64.0,12.816590810353336,291.0,295.08,216,88.0,-62.0,0.41
07:40:50,291.0,6.0,294.71,21.0,290.0,108.0,297.25,24.0,3.7099999999999795,114.0,45.0,3.1139877970261303,291.0,294.71,159,69.0,-57.0,0.43
07:40:51,290.4,30.0,292.88,40.0,289.97,219.0,294.36,44.0,2.480000000000018,249.0,84.0,0.8950307257440626,290.4,292.88,333,165.0,169.5,0.5
07:40:52,290.0,255.0,291.3,67.0,288.0,51.0,294.41,51.0,1.3000000000000114,306.0,118.0,1.1877626025537684,290.0,291.3,424,188.0,91.0,0.44
07:40:53,290.0,91.0,291.0,10.0,288.0,30.0,296.6,30.0,1.0,121.0,40.0,1.1916459205756942,290.0,291.0,161,81.0,-170.5,0.5
07:40:54,290.0,75.0,301.79,28.0,288.25,24.0,363.4,50.0,11.79000000000002,99.0,78.0,2.2135649979219543,290.0,301.79,177,21.0,16.0,0.12
07:40:55,290.0,54.0,305.0,27.0,289.0,9.0,385.0,45.0,15.0,63.0,72.0,3.238275775783488,290.0,305.0,135,-9.0,-42.0,-0.07
07:40:56,290.0,42.0,305.0,21.0,289.0,8.0,385.0,35.0,15.0,50.0,56.0,3.5606277536450475,290.0,305.0,106,-6.0,-29.0,-0.06
07:40:57,290.0,48.0,305.0,24.0,289.0,16.0,377.5,22.0,15.0,64.0,46.0,3.031735476592379,290.0,305.0,110,18.0,4.0,0.16
07:40:58,290.0,20.0,305.0,30.0,289.0,20.0,308.78,18.0,15.0,40.0,48.0,0.7200138887760043,290.0,305.0,88,-8.0,-22.0,-0.09
07:40:59,290.0,9.0,305.0,27.0,289.0,18.0,308.6,15.0,15.0,27.0,42.0,0.0,290.0,305.0,69,-15.0,-19.0,-0.22
07:41:00,290.0,13.0,305.0,39.0,289.0,26.0,322.24,21.0,15.0,39.0,60.0,0.0,290.0,305.0,99,-21.0,30.0,-0.21
07:41:01,290.0,7.0,305.0,21.0,289.0,14.0,380.71,7.0,15.0,21.0,28.0,0.0,290.0,305.0,49,-7.0,-50.0,-0.14
07:41:02,288.0,104.0,303.47,17.0,286.0,56.0,309.59,22.0,15.470000000000027,160.0,39.0,0.7870959280991771,288.0,303.47,199,121.0,150.0,0.61
07:41:03,288.0,204.0,302.38,26.0,286.0,91.0,306.46,39.0,14.379999999999995,295.0,65.0,1.131450396628075,288.0,302.38,360,230.0,161.0,0.64
07:41:04,288.0,192.0,302.0,26.0,286.0,91.0,307.0,39.0,14.0,283.0,65.0,1.2299105658662008,288.0,302.0,348,218.0,-12.0,0.63
07:41:05,288.18,136.0,302.0,28.0,287.29,118.0,307.0,42.0,13.819999999999993,254.0,70.0,1.0444759451652494,288.18,302.0,324,184.0,-24.0,0.57
07:41:06,288.0,78.0,301.77,26.0,286.0,247.0,307.15,39.0,13.769999999999982,325.0,65.0,0.3332416541015626,288.0,301.77,390,260.0,66.0,0.67
07:41:07,288.0,50.0,301.0,20.0,286.0,190.0,308.0,30.0,13.0,240.0,50.0,0.2671516423833118,288.0,301.0,290,190.0,-100.0,0.66
07:41:08,287.14,77.0,299.88,32.0,285.67,218.0,302.81,52.0,12.740000000000009,295.0,84.0,0.6474025023335734,287.14,299.88,379,211.0,89.0,0.56
07:41:09,292.83,36.0,295.57,28.0,287.25,72.0,296.87,30.0,2.740000000000009,108.0,58.0,0.6209106216095939,292.83,295.57,166,50.0,-170.5,0.3
07:41:10,287.0,40.0,290.29,34.0,285.06,96.0,291.22,36.0,3.2900000000000205,136.0,70.0,2.5640534315856804,287.0,290.29,206,66.0,40.0,0.32
07:41:11,284.53,68.0,287.06,32.0,283.49,129.0,293.55,33.0,2.5300000000000296,197.0,65.0,3.8987651891367308,284.53,287.06,262,132.0,56.0,0.5
07:41:12,283.38,89.0,285.64,22.0,282.44,81.0,302.55,31.0,2.259999999999991,170.0,53.0,4.3972980340229855,283.38,285.64,223,117.0,-39.0,0.52
07:41:14,283.0,63.0,301.0,21.0,280.0,21.0,618.91,33.0,18.0,84.0,54.0,3.387782460551462,283.0,301.0,138,30.0,24.0,0.22
07:41:15,283.0,27.0,301.0,9.0,280.0,9.0,737.55,11.0,18.0,36.0,20.0,4.072157904603007,283.0,301.0,56,16.0,-82.0,0.29
07:41:16,286.06,48.0,301.0,30.0,284.25,36.0,583.14,42.0,14.939999999999998,84.0,72.0,4.640007543099703,286.06,301.0,156,12.0,100.0,0.08
07:41:17,290.0,10.0,440.76,34.0,287.0,30.0,489.8,44.0,150.76,40.0,78.0,33.78726342869509,290.0,440.76,118,-38.0,-38.0,-0.32
07:41:18,287.0,9.0,406.43,35.0,282.28,29.0,485.3,37.0,119.43,38.0,72.0,35.4255575820628,287.0,406.43,110,-34.0,-8.0,-0.31
07:41:19,287.0,8.0,303.0,24.0,283.0,32.0,401.62,34.0,16.0,40.0,58.0,34.898196658280895,287.0,303.0,98,-18.0,-12.0,-0.18
07:41:20,287.0,7.0,303.0,21.0,282.15,26.0,366.0,28.0,16.0,33.0,49.0,34.3496452674558,287.0,303.0,82,-16.0,-16.0,-0.2
07:41:21,291.82,28.0,303.0,30.0,285.75,12.0,449.47,43.0,11.180000000000007,40.0,73.0,33.6638775247304,291.82,303.0,113,-33.0,31.0,-0.29
07:41:22,292.0,21.0,303.0,21.0,287.0,7.0,488.41,34.0,11.0,28.0,55.0,22.609828172722505,292.0,303.0,83,-27.0,-30.0,-0.33
07:41:23,290.8,30.0,302.75,32.0,288.12,16.0,455.63,41.0,11.949999999999989,46.0,73.0,1.251650909809503,290.8,302.75,119,-27.0,36.0,-0.23
07:41:24,289.0,33.0,302.0,44.0,287.0,11.0,303.0,33.0,13.0,44.0,77.0,1.1325325602502756,289.0,302.0,121,-33.0,2.0,-0.27
07:41:25,287.8,15.0,298.27,41.0,286.18,11.0,302.17,36.0,10.46999999999997,26.0,77.0,1.8636711083307278,287.8,298.27,103,-51.0,-18.0,-0.5
07:41:26,285.79,14.0,288.17,58.0,283.58,19.0,291.18,57.0,2.3799999999999955,33.0,115.0,4.25395463069652,285.79,288.17,148,-82.0,45.0,-0.55
07:41:27,284.0,10.0,286.16,38.0,281.1,20.0,290.0,40.0,2.160000000000025,30.0,78.0,5.190295752654353,284.0,286.16,108,-48.0,-40.0,-0.44
07:41:28,284.0,10.0,285.36,33.0,281.0,24.0,288.1,40.0,1.3600000000000136,34.0,73.0,4.913896620811156,284.0,285.36,107,-39.0,-1.0,-0.36
07:41:29,282.62,13.0,290.32,19.0,251.6,20.0,293.97,37.0,7.699999999999989,33.0,56.0,3.369105222461507,282.62,290.32,89,-23.0,-18.0,-0.26
07:41:30,281.43,7.0,293.0,12.0,207.5,8.0,297.0,9.0,11.569999999999993,15.0,21.0,1.1400570161251988,281.43,293.0,36,-6.0,-53.0,-0.17
07:41:31,282.85,39.0,293.0,52.0,281.11,18.0,297.0,39.0,10.149999999999977,57.0,91.0,1.37752313955755,282.85,293.0,148,-34.0,112.0,-0.23
07:41:32,285.45,22.0,293.0,40.0,282.67,18.0,297.0,30.0,7.550000000000011,40.0,70.0,1.693714852038962,285.45,293.0,110,-30.0,-38.0,-0.27
07:41:33,292.0,10.0,293.0,40.0,288.05,38.0,297.0,30.0,1.0,48.0,70.0,2.3725787658197994,292.0,293.0,118,-22.0,8.0,-0.19
07:41:34,287.58,19.0,293.0,28.0,288.71,17.0,297.0,21.0,5.420000000000016,36.0,49.0,2.0864443438586737,287.58,293.0,85,-13.0,-33.0,-0.15
07:41:35,286.0,42.0,293.0,24.0,279.0,6.0,297.0,18.0,7.0,48.0,42.0,1.691203713341577,286.0,293.0,90,6.0,5.0,0.07
07:41:36,286.0,28.0,293.0,16.0,279.0,4.0,297.3,10.0,7.0,32.0,26.0,1.3434023969089428,286.0,293.0,58,6.0,-32.0,0.1
07:41:37,286.0,77.0,293.3,44.0,279.0,11.0,294.85,34.0,7.300000000000011,88.0,78.0,1.278854956600158,286.0,293.3,166,10.0,108.0,0.06
07:41:38,286.22,36.0,294.17,18.0,283.08,12.0,296.0,24.0,7.949999999999989,48.0,42.0,0.38448667079670823,286.22,294.17,90,6.0,-76.0,0.07
07:41:39,282.35,81.0,288.04,54.0,279.67,21.0,294.47,47.0,5.689999999999998,102.0,101.0,2.0412324708419156,282.35,288.04,203,1.0,113.0,0.0
07:42:03,283.93,46.0,288.72,53.0,271.03,31.0,292.43,35.0,4.7900000000000205,77.0,88.0,1.6965052313551487,283.93,288.72,165,-11.0,7.0,-0.07
07:42:04,284.58,24.0,289.0,70.0,280.07,70.0,293.0,42.0,4.420000000000016,94.0,112.0,1.9901432109314703,284.58,289.0,206,-18.0,41.0,-0.09
07:42:05,284.55,22.0,288.18,44.0,273.42,52.0,289.92,52.0,3.6299999999999955,74.0,96.0,1.7975344224847438,284.55,288.18,170,-22.0,-36.0,-0.13
07:42:06,285.0,51.0,287.37,30.0,284.0,12.0,290.14,50.0,2.3700000000000045,63.0,80.0,1.323242230288305,285.0,287.37,143,-17.0,-27.0,-0.12
07:42:07,284.6,15.0,287.0,9.0,274.23,30.0,290.45,31.0,2.3999999999999773,45.0,40.0,0.35660902963744967,284.6,287.0,85,5.0,-58.0,0.06
07:42:08,284.0,5.0,289.0,20.0,275.0,10.0,292.0,15.0,5.0,15.0,35.0,0.36902574438514363,284.0,289.0,50,-20.0,-35.0,-0.4
07:42:09,289.04,25.0,291.65,34.0,279.2,15.0,294.85,20.0,2.609999999999957,40.0,54.0,1.865550856991029,289.04,291.65,94,-14.0,44.0,-0.15
07:42:10,290.0,18.0,295.12,8.0,284.0,6.0,323.0,10.0,5.1200000000000045,24.0,18.0,3.0120889761130405,290.0,295.12,42,6.0,-52.0,0.14
07:42:11,290.0,24.0,297.0,8.0,285.2,10.0,319.56,36.0,7.0,34.0,44.0,3.481063056025243,290.0,297.0,78,-10.0,36.0,-0.13
07:42:12,290.33,36.0,297.0,11.0,288.55,33.0,321.07,43.0,6.670000000000016,69.0,54.0,3.0002133257530317,290.33,297.0,123,15.0,45.0,0.12
07:42:13,291.5,32.0,295.29,14.0,290.57,28.0,307.0,8.0,3.7900000000000205,60.0,22.0,1.3825592211648545,291.5,295.29,82,38.0,-41.0,0.46
07:42:14,292.0,28.0,295.0,14.0,291.0,28.0,297.0,7.0,3.0,56.0,21.0,0.4386684397455867,292.0,295.0,77,35.0,-5.0,0.45
07:42:15,292.0,32.0,295.0,16.0,291.0,32.0,299.5,32.0,3.0,64.0,48.0,0.10034938977935978,292.0,295.0,112,16.0,35.0,0.14
07:42:16,292.0,32.0,295.0,16.0,291.0,32.0,297.0,40.0,3.0,64.0,56.0,0.10034938977935978,292.0,295.0,120,8.0,8.0,0.07
07:42:17,292.0,40.0,295.0,20.0,291.0,40.0,297.0,50.0,3.0,80.0,70.0,0.04919349580015627,292.0,295.0,150,10.0,30.0,0.07
07:42:18,292.0,47.0,295.0,24.0,291.0,48.0,297.0,60.0,3.0,95.0,84.0,0.0,292.0,295.0,179,11.0,29.0,0.06
07:42:19,292.0,36.0,295.0,24.0,291.0,48.0,297.0,60.0,3.0,84.0,84.0,0.0,292.0,295.0,168,0.0,-11.0,0.0
07:42:20,292.0,30.0,294.61,23.0,291.0,40.0,296.71,41.0,2.6100000000000136,70.0,64.0,0.0894427192621893,292.0,294.61,134,6.0,-34.0,0.04
07:42:21,291.55,44.0,295.52,40.0,290.68,47.0,298.51,35.0,3.9699999999999704,91.0,75.0,0.09549869124247301,291.55,295.52,166,16.0,32.0,0.1
07:42:22,291.0,44.0,296.22,51.0,290.0,33.0,300.55,55.0,5.220000000000027,77.0,106.0,0.11532562607267399,291.0,296.22,183,-29.0,17.0,-0.16
07:42:23,289.64,44.0,291.64,14.0,288.57,42.0,298.9,50.0,2.0,86.0,64.0,1.278639902407382,289.64,291.64,150,22.0,-33.0,0.15
07:42:24,289.0,19.0,291.0,9.0,287.2,30.0,292.0,9.0,2.0,49.0,18.0,1.7511196418370372,289.0,291.0,67,31.0,-83.0,0.46
07:42:25,289.0,18.0,291.06,33.0,288.0,27.0,297.29,17.0,2.0600000000000023,45.0,50.0,1.8536261759121424,289.0,291.06,95,-5.0,28.0,-0.05
07:42:26,288.78,18.0,289.82,55.0,285.87,45.0,297.09,11.0,1.0400000000000205,63.0,66.0,1.6859211132273002,288.78,289.82,129,-3.0,34.0,-0.02
07:42:27,284.4,70.0,288.4,50.0,283.0,49.0,289.74,54.0,4.0,119.0,104.0,1.6751955109848486,284.4,288.4,223,15.0,94.0,0.07
07:42:28,284.58,104.0,287.25,40.0,282.78,60.0,288.42,72.0,2.670000000000016,164.0,112.0,2.0125282606767527,284.58,287.25,276,52.0,53.0,0.19
07:42:29,277.7,10.0,287.14,28.0,275.2,10.0,291.4,30.0,9.439999999999998,20.0,58.0,3.033919906658828,277.7,287.14,78,-38.0,-170.5,-0.49
07:42:30,277.0,15.0,286.13,45.0,275.68,41.0,291.0,40.0,9.129999999999995,56.0,85.0,3.147514892739769,277.0,286.13,141,-29.0,63.0,-0.21
07:43:00,292.0,28.0,391.14,35.0,290.0,14.0,469.36,33.0,99.13999999999999,42.0,68.0,28.59709565672955,292.0,391.14,110,-26.0,-90.0,-0.24
07:43:01,290.33,24.0,385.73,55.0,289.06,32.0,414.27,55.0,95.40000000000003,56.0,110.0,35.81825540140286,290.33,385.73,166,-54.0,56.0,-0.33
07:43:02,290.0,26.0,362.88,51.0,289.0,39.0,388.46,65.0,72.88,65.0,116.0,37.69091734092056,290.0,362.88,181,-51.0,15.0,-0.28
07:43:03,286.4,20.0,388.0,45.0,284.9,21.0,389.0,45.0,101.60000000000002,41.0,90.0,27.596933706484275,286.4,388.0,131,-49.0,-50.0,-0.37
07:43:04,280.0,28.0,384.4,43.0,268.83,41.0,388.78,45.0,104.39999999999998,69.0,88.0,5.87921508367163,280.0,384.40000000000003,157,-19.0,26.0,-0.12
07:43:05,271.0,22.0,374.39,36.0,267.0,99.0,385.56,43.0,103.38999999999999,121.0,79.0,6.683260431860146,271.0,374.39,200,42.0,43.0,0.21
07:43:06,271.0,18.0,325.35,26.0,267.0,81.0,368.32,34.0,54.35000000000002,99.0,60.0,15.117544443462288,271.0,325.35,159,39.0,-41.0,0.25
07:43:07,271.0,18.0,293.42,24.0,267.0,81.0,322.89,38.0,22.420000000000016,99.0,62.0,23.47854829413537,271.0,293.42,161,37.0,2.0,0.23
07:43:08,271.0,24.0,314.67,60.0,267.0,108.0,525.67,36.0,43.670000000000016,132.0,96.0,21.00592773480945,271.0,314.67,228,36.0,67.0,0.16
07:43:09,287.9,51.0,312.67,75.0,282.29,93.0,557.88,32.0,24.77000000000004,144.0,107.0,14.859659484659463,287.9,312.67,251,37.0,23.0,0.15
07:43:10,289.95,37.0,384.58,67.0,287.15,195.0,456.88,48.0,94.63,232.0,115.0,20.835758925463534,289.95,384.58,347,117.0,96.0,0.34
07:43:11,287.23,35.0,388.86,42.0,286.89,81.0,456.2,40.0,101.63,116.0,82.0,25.936671528938387,287.23,388.86,198,34.0,-149.0,0.17
07:43:12,288.24,38.0,379.0,36.0,286.89,57.0,380.0,27.0,90.75999999999999,95.0,63.0,21.994980791081755,288.24,379.0,158,32.0,-40.0,0.2
07:43:13,289.0,33.0,319.47,38.0,287.05,74.0,361.85,39.0,30.470000000000027,107.0,77.0,18.77486937371491,289.0,319.47,184,30.0,26.0,0.16
07:43:14,289.0,30.0,303.0,40.0,288.0,40.0,560.0,20.0,14.0,70.0,60.0,20.102550086992863,289.0,303.0,130,10.0,-54.0,0.08
07:43:15,289.0,22.0,301.8,40.0,288.0,40.0,316.21,38.0,12.800000000000011,62.0,78.0,20.776342315240377,289.0,301.8,140,-16.0,10.0,-0.11
07:43:16,289.0,9.0,300.78,36.0,288.0,36.0,302.0,36.0,11.779999999999973,45.0,72.0,16.5447091240686,289.0,300.78,117,-27.0,-23.0,-0.23
07:43:17,289.0,11.0,297.0,44.0,288.0,44.0,298.18,44.0,8.0,55.0,88.0,4.3588278240864575,289.0,297.0,143,-33.0,26.0,-0.23
07:43:18,289.0,11.0,294.55,44.0,288.0,44.0,295.64,44.0,5.550000000000011,55.0,88.0,1.7677867518531303,289.0,294.55,143,-33.0,0.0,-0.23
07:43:19,289.0,12.0,291.83,48.0,288.0,48.0,294.67,48.0,2.829999999999984,60.0,96.0,2.088978219136363,289.0,291.83,156,-36.0,13.0,-0.23
07:43:20,288.37,19.0,290.2,40.0,287.57,49.0,317.4,40.0,1.829999999999984,68.0,80.0,2.1919101259004106,288.37,290.2,148,-12.0,-8.0,-0.08
07:43:21,288.0,37.0,289.25,32.0,287.0,70.0,321.74,39.0,1.25,107.0,71.0,1.7904245306695292,288.0,289.25,178,36.0,30.0,0.2
07:43:22,287.17,12.0,290.0,16.0,286.7,20.0,329.0,16.0,2.829999999999984,32.0,32.0,1.3596617226435654,287.17,290.0,64,0.0,-114.0,0.0
07:43:23,287.0,63.0,290.0,52.0,286.0,39.0,480.5,42.0,3.0,102.0,94.0,0.8114185110171099,287.0,290.0,196,8.0,132.0,0.04
07:43:24,287.0,18.0,290.0,24.0,286.0,18.0,363.0,24.0,3.0,36.0,48.0,0.3305752562136155,287.0,290.0,84,-12.0,-112.0,-0.14
07:43:25,288.9,63.0,290.0,44.0,286.91,33.0,459.73,44.0,1.1000000000000227,96.0,88.0,0.4058324777796247,288.9,290.0,184,8.0,100.0,0.04
07:43:26,288.44,18.0,412.5,24.0,286.12,24.0,569.0,30.0,124.06,42.0,54.0,27.601584193666103,288.44,412.5,96,-12.0,-88.0,-0.12
07:43:27,285.28,50.0,356.95,63.0,283.33,108.0,424.14,77.0,71.67000000000002,158.0,140.0,27.747384921827262,285.28,356.95,298,18.0,169.5,0.06
07:43:28,284.0,32.0,312.25,59.0,278.0,68.0,349.12,50.0,28.25,100.0,109.0,26.390523488556443,284.0,312.25,209,-9.0,-89.0,-0.04
07:43:29,284.0,9.0,355.17,24.0,282.0,9.0,440.0,24.0,71.17000000000002,18.0,48.0,23.723082641175818,284.0,355.17,66,-30.0,-143.0,-0.45
07:43:30,283.67,12.0,384.0,32.0,277.5,20.0,453.5,44.0,100.32999999999998,32.0,76.0,19.31591390538042,283.67,384.0,108,-44.0,42.0,-0.41
07:43:31,287.14,14.0,369.75,16.0,276.38,16.0,407.71,35.0,82.61000000000001,30.0,51.0,13.62123966458495,287.14,369.75,81,-21.0,-27.0,-0.26
07:43:32,288.0,26.0,334.11,38.0,286.53,43.0,388.91,44.0,46.110000000000014,69.0,82.0,14.18794276842346,288.0,334.11,151,-13.0,70.0,-0.09
07:43:33,288.0,10.0,303.6,10.0,287.0,30.0,305.0,25.0,15.600000000000023,40.0,35.0,15.025790162252989,288.0,303.6,75,5.0,-76.0,0.07
07:43:34,288.28,36.0,300.94,32.0,286.93,56.0,303.81,54.0,12.660000000000025,92.0,86.0,18.09771035241895,288.28,300.94,178,6.0,103.0,0.03
07:43:35,291.85,39.0,297.59,34.0,289.41,22.0,299.16,38.0,5.739999999999952,61.0,72.0,14.872357916619737,291.85,297.59,133,-11.0,-45.0,-0.08
07:43:36,291.64,39.0,293.65,46.0,289.14,57.0,294.96,46.0,2.009999999999991,96.0,92.0,7.512351828823814,291.64,293.65,188,4.0,55.0,0.02
07:43:37,290.0,7.0,291.25,16.0,289.0,49.0,292.08,26.0,1.25,56.0,42.0,2.053375270141036,290.0,291.25,98,14.0,-90.0,0.14
07:43:38,289.03,34.0,480.35,17.0,287.33,43.0,584.91,22.0,191.32000000000005,77.0,39.0,40.97226098227984,289.03,480.35,116,38.0,18.0,0.33
07:43:39,289.0,11.0,367.46,26.0,287.0,44.0,385.12,17.0,78.45999999999998,55.0,43.0,40.26874929768816,289.0,367.46,98,12.0,-18.0,0.12
07:43:40,289.0,7.0,320.63,19.0,287.0,28.0,324.8,10.0,31.629999999999995,35.0,29.0,39.031923729174096,289.0,320.63,64,6.0,-34.0,0.09
07:43:41,287.0,47.0,291.35,34.0,285.0,17.0,316.0,41.0,4.350000000000023,64.0,75.0,39.66991265430341,287.0,291.35,139,-11.0,75.0,-0.08
07:43:42,286.64,22.0,288.64,22.0,283.8,10.0,306.64,22.0,2.0,32.0,44.0,40.230848487200234,286.64,288.64,76,-12.0,-63.0,-0.16
07:43:45,282.23,156.0,425.48,23.0,244.57,56.0,555.57,14.0,143.25,212.0,37.0,36.35280429347958,282.23,425.48,249,175.0,101.0,0.7
07:43:46,289.0,228.0,416.25,24.0,277.38,13.0,570.63,19.0,127.25,241.0,43.0,44.78250796907253,289.0,416.25,284,198.0,35.0,0.7
07:43:47,289.0,136.0,387.23,13.0,288.0,8.0,503.69,13.0,98.23000000000002,144.0,26.0,45.38434774236663,289.0,387.22999999999996,170,118.0,-114.0,0.69
07:43:48,289.0,142.0,385.12,16.0,288.0,8.0,514.0,12.0,96.12,150.0,28.0,31.480454571052192,289.0,385.12,178,122.0,8.0,0.69
07:43:49,289.0,209.0,385.0,22.0,288.0,11.0,592.36,11.0,96.0,220.0,33.0,8.699143636019418,289.0,385.0,253,187.0,75.0,0.74
07:43:50,289.0,152.0,385.0,16.0,288.0,8.0,528.11,9.0,96.0,160.0,25.0,6.87012372523904,289.0,385.0,185,135.0,-68.0,0.73
07:43:51,289.0,228.0,385.0,24.0,288.0,12.0,448.59,22.0,96.0,240.0,46.0,0.4948535137673424,289.0,385.0,286,194.0,101.0,0.68
07:43:52,289.0,190.0,305.18,17.0,288.0,10.0,326.38,16.0,16.180000000000007,200.0,33.0,17.85502170259328,289.0,305.18,233,167.0,-53.0,0.72
07:43:53,291.0,22.0,299.0,22.0,289.0,161.0,304.4,15.0,8.0,183.0,37.0,22.444144447941564,291.0,299.0,220,146.0,-13.0,0.66
07:43:54,291.0,22.0,297.89,18.0,289.0,143.0,305.76,17.0,6.889999999999986,165.0,35.0,22.74645862546641,291.0,297.89,200,130.0,-20.0,0.65
07:43:55,289.57,77.0,301.04,23.0,288.97,148.0,302.48,25.0,11.470000000000027,225.0,48.0,18.60368700016329,289.57,301.04,273,177.0,73.0,0.65
07:43:56,289.0,176.0,295.0,26.0,288.0,16.0,297.05,22.0,6.0,192.0,48.0,1.8377078113872822,289.0,295.0,240,144.0,-33.0,0.6
07:43:57,289.0,88.0,292.11,19.0,288.0,12.0,293.0,17.0,3.1100000000000136,100.0,36.0,2.082918625398583,289.0,292.11,136,64.0,-104.0,0.47
07:43:58,289.0,48.0,290.4,10.0,288.0,8.0,340.39,18.0,1.3999999999999773,56.0,28.0,2.42395338239643,289.0,290.4,84,28.0,-52.0,0.33
07:43:59,289.0,18.0,398.27,30.0,288.0,9.0,505.06,18.0,109.26999999999998,27.0,48.0,23.237482006449028,289.0,398.2699999999999,75,-21.0,-9.0,-0.28
07:44:00,290.29,14.0,443.44,61.0,287.43,28.0,605.78,37.0,153.14999999999998,42.0,98.0,36.27687789763692,290.29,443.44,140,-56.0,65.0,-0.4
07:44:01,293.0,9.0,404.44,27.0,288.0,9.0,503.9,30.0,111.44,18.0,57.0,35.54240101625201,293.0,404.44,75,-39.0,-65.0,-0.52
07:44:02,287.38,47.0,367.69,39.0,285.28,18.0,445.97,29.0,80.31,65.0,68.0,29.09078892020772,287.38,367.69,133,-3.0,58.0,-0.02
07:44:03,289.0,28.0,343.14,35.0,287.41,17.0,345.0,7.0,54.139999999999986,45.0,42.0,19.60217411411517,289.0,343.14,87,3.0,-46.0,0.03
07:44:04,289.86,56.0,330.23,47.0,288.33,36.0,343.52,27.0,40.370000000000005,92.0,74.0,23.628168993810718,289.86,330.23,166,18.0,79.0,0.11
07:44:05,291.0,128.0,334.67,72.0,289.0,64.0,468.88,74.0,43.670000000000016,192.0,146.0,15.821484443631203,291.0,334.67,338,46.0,169.5,0.14
07:44:06,291.0,72.0,343.0,45.0,289.0,36.0,470.67,45.0,52.0,108.0,90.0,6.6556720171636465,291.0,343.0,198,18.0,-140.0,0.09
07:44:07,291.0,82.0,341.55,55.0,289.0,44.0,397.39,23.0,50.55000000000001,126.0,78.0,2.933578020106515,291.0,341.55,204,48.0,6.0,0.24
07:44:08,291.0,22.0,340.0,55.0,289.0,144.0,355.0,11.0,49.0,166.0,66.0,2.864864743762243,291.0,340.0,232,100.0,28.0,0.43
07:44:09,291.0,16.0,338.25,40.0,289.0,112.0,381.25,8.0,47.25,128.0,48.0,1.6138866131339964,291.0,338.25,176,80.0,-56.0,0.45
07:44:10,289.42,77.0,344.7,37.0,288.87,117.0,410.12,25.0,55.27999999999997,194.0,62.0,1.0380751418149976,289.42,344.7,256,132.0,80.0,0.52
07:44:11,289.15,52.0,357.25,8.0,288.75,48.0,482.0,12.0,68.10000000000002,100.0,20.0,3.403909517019487,289.15,357.25,120,80.0,-136.0,0.67
07:44:12,289.35,17.0,357.0,4.0,288.94,34.0,615.0,8.0,67.64999999999998,51.0,12.0,4.180181814234598,289.35,357.0,63,39.0,-57.0,0.62
07:44:13,289.0,99.0,354.41,17.0,287.0,9.0,355.8,10.0,65.41000000000003,108.0,27.0,3.900446128337017,289.0,354.41,135,81.0,72.0,0.6
07:44:14,289.0,107.0,291.25,20.0,287.0,13.0,325.94,18.0,2.25,120.0,38.0,14.163508746071807,289.0,291.25,158,82.0,23.0,0.52
07:44:15,289.0,59.0,290.0,16.0,287.0,8.0,400.62,8.0,1.0,67.0,24.0,18.024234241710385,289.0,290.0,91,43.0,-67.0,0.47
07:44:16,289.65,31.0,329.0,14.0,287.36,11.0,458.62,16.0,39.35000000000002,42.0,30.0,16.389550939548084,289.65,329.0,72,12.0,-19.0,0.17
07:44:17,293.0,60.0,370.33,12.0,289.0,24.0,549.5,24.0,77.32999999999998,84.0,36.0,18.780597168355527,293.0,370.33,120,48.0,48.0,0.4
07:44:19,293.0,25.0,397.64,22.0,289.0,10.0,401.67,9.0,104.63999999999999,35.0,31.0,46.88470080954002,293.0,397.64,66,4.0,-34.0,0.06
07:44:20,293.0,17.0,386.91,53.0,289.0,26.0,396.59,34.0,93.91000000000003,43.0,87.0,38.64177622729185,293.0,386.90999999999997,130,-44.0,64.0,-0.34
07:44:21,287.46,69.0,327.79,38.0,287.02,56.0,336.23,52.0,40.33000000000004,125.0,90.0,39.066666097839686,287.46,327.79,215,35.0,85.0,0.16
07:44:22,288.0,80.0,295.61,18.0,287.0,71.0,332.87,38.0,7.610000000000014,151.0,56.0,46.44425281991395,288.0,295.61,207,95.0,-8.0,0.46
07:44:23,288.91,88.0,292.69,35.0,287.91,88.0,293.77,31.0,3.7799999999999727,176.0,66.0,26.074345054095744,288.91,292.69,242,110.0,35.0,0.45
07:44:24,288.9,62.0,290.09,57.0,287.93,103.0,353.66,47.0,1.1899999999999977,165.0,104.0,21.43971944779198,288.9,290.09,269,61.0,27.0,0.23
07:44:25,288.0,52.0,289.69,65.0,287.0,91.0,440.23,56.0,1.6899999999999977,143.0,121.0,7.861104884175864,288.0,289.69,264,22.0,-5.0,0.08
07:44:26,287.53,15.0,326.0,25.0,286.56,36.0,543.43,21.0,38.47000000000003,51.0,46.0,7.480824152458963,287.53,326.0,97,5.0,-167.0,0.05
07:44:27,287.0,70.0,472.68,34.0,285.0,80.0,552.12,42.0,185.68,150.0,76.0,39.107657434318924,287.0,472.68,226,74.0,129.0,0.33
07:44:28,287.65,46.0,471.0,33.0,285.68,73.0,524.18,55.0,183.35000000000002,119.0,88.0,46.86192238907904,287.65,471.0,207,31.0,-19.0,0.15
07:44:29,290.0,10.0,471.0,15.0,287.0,25.0,538.0,25.0,181.0,35.0,40.0,45.40320219984595,290.0,471.0,75,-5.0,-132.0,-0.07
07:44:30,290.0,12.0,470.67,18.0,287.0,30.0,538.0,30.0,180.67000000000002,42.0,48.0,32.75263241329048,290.0,470.66999999999996,90,-6.0,15.0,-0.07
07:44:31,288.0,30.0,445.69,26.0,286.68,37.0,503.4,30.0,157.69,67.0,56.0,5.89854643112558,288.0,445.69,123,11.0,33.0,0.09
07:44:32,287.0,35.0,467.43,21.0,286.0,21.0,469.0,14.0,180.43,56.0,35.0,5.738308113036764,287.0,467.43,91,21.0,-32.0,0.23
07:44:33,287.0,50.0,387.67,27.0,286.0,30.0,416.31,26.0,100.67000000000002,80.0,53.0,18.26258963017381,287.0,387.67,133,27.0,42.0,0.2
07:44:34,287.0,32.0,363.75,32.0,286.0,36.0,364.57,28.0,76.75,68.0,60.0,24.675933619624548,287.0,363.75,128,8.0,-5.0,0.06
07:44:35,289.5,14.0,359.61,38.0,286.74,34.0,360.83,36.0,70.11000000000001,48.0,74.0,24.33564217357129,289.5,359.61,122,-26.0,-6.0,-0.21
07:44:36,289.0,20.0,356.47,34.0,287.56,18.0,357.66,32.0,67.47000000000003,38.0,66.0,22.96383395690033,289.0,356.47,104,-28.0,-18.0,-0.27
07:44:37,286.5,16.0,311.22,27.0,284.14,88.0,329.19,27.0,24.720000000000027,104.0,54.0,14.041750959195495,286.5,311.22,158,50.0,54.0,0.32
07:44:38,286.0,26.0,294.84,38.0,284.0,182.0,296.07,28.0,8.839999999999975,208.0,66.0,16.50356022196591,286.0,294.84,274,142.0,116.0,0.52
07:44:39,286.0,12.0,293.17,18.0,284.0,84.0,294.12,17.0,7.170000000000016,96.0,35.0,17.209721090129452,286.0,293.17,131,61.0,-143.0,0.47
07:44:40,286.0,12.0,292.64,14.0,284.0,84.0,293.5,16.0,6.639999999999986,96.0,30.0,14.28577194274212,286.0,292.64,126,66.0,-5.0,0.52
07:44:41,287.27,33.0,291.15,26.0,284.29,98.0,292.24,29.0,3.8799999999999955,131.0,55.0,4.15380789156524,287.27,291.15,186,76.0,60.0,0.41
07:44:42,287.81,21.0,289.5,28.0,285.9,29.0,298.6,40.0,1.6899999999999977,50.0,68.0,0.6463977104128968,287.81,289.5,118,-18.0,-68.0,-0.15
07:44:43,286.0,10.0,288.4,10.0,285.0,15.0,325.57,14.0,2.3999999999999773,25.0,24.0,0.9525072178341559,286.0,288.4,49,1.0,-69.0,0.02
07:44:44,285.06,32.0,288.0,22.0,284.02,143.0,289.0,22.0,2.9399999999999977,175.0,44.0,1.2514271852670373,285.06,288.0,219,131.0,169.5,0.6
07:44:45,286.08,60.0,288.0,24.0,284.3,80.0,289.0,24.0,1.920000000000016,140.0,48.0,1.1438662509335333,286.08,288.0,188,92.0,-31.0,0.49
07:44:46,287.31,29.0,288.85,26.0,285.34,101.0,290.78,37.0,1.5400000000000205,130.0,63.0,0.8516748205884832,287.31,288.85,193,67.0,5.0,0.35
07:44:47,286.45,11.0,292.54,26.0,283.06,80.0,304.15,39.0,6.090000000000032,91.0,65.0,1.1655899793772557,286.45,292.54,156,26.0,-37.0,0.17
07:44:48,284.0,8.0,298.0,24.0,282.0,160.0,479.43,28.0,14.0,168.0,52.0,1.8312837027685405,284.0,298.0,220,116.0,64.0,0.53
07:44:49,284.0,11.0,295.48,21.0,282.0,220.0,432.22,32.0,11.480000000000018,231.0,53.0,1.5378296394680417,284.0,295.48,284,178.0,64.0,0.63
07:44:50,285.48,21.0,292.0,24.0,282.26,46.0,293.0,8.0,6.519999999999982,67.0,32.0,1.1025969345263085,285.48,292.0,99,35.0,-170.5,0.35
07:44:51,286.8,30.0,291.3,10.0,284.0,10.0,293.0,10.0,4.5,40.0,20.0,0.8705630362168068,286.8,291.3,60,20.0,-39.0,0.33
07:44:52,287.09,33.0,289.91,11.0,284.0,11.0,337.4,25.0,2.82000000000005,44.0,36.0,1.0054252831646906,287.09,289.91,80,8.0,20.0,0.1
07:44:53,282.14,266.0,288.94,16.0,277.48,54.0,423.53,51.0,6.800000000000011,320.0,67.0,1.6191293957017578,282.14,288.94,387,253.0,169.5,0.65
07:44:54,282.0,180.0,287.62,13.0,276.0,36.0,288.29,14.0,5.6200000000000045,216.0,27.0,1.9918508980404332,282.0,287.62,243,189.0,-144.0,0.78
07:44:55,282.57,84.0,287.0,11.0,281.58,172.0,288.0,22.0,4.430000000000007,256.0,33.0,2.0734681092371767,282.57,287.0,289,223.0,46.0,0.77
07:44:56,285.0,36.0,286.92,12.0,282.0,240.0,288.0,24.0,1.920000000000016,276.0,36.0,1.525729333801673,285.0,286.92,312,240.0,23.0,0.77
07:44:57,282.09,139.0,386.1,31.0,280.0,80.0,402.85,33.0,104.01000000000005,219.0,64.0,21.836404694913316,282.09,386.1,283,155.0,-29.0,0.55
07:44:58,282.0,84.0,325.03,38.0,278.0,48.0,348.48,29.0,43.02999999999997,132.0,67.0,21.355870855575905,282.0,325.03,199,65.0,-84.0,0.33
07:44:59,282.0,59.0,319.3,40.0,278.0,52.0,321.94,51.0,37.30000000000001,111.0,91.0,19.91944025318081,282.0,319.3,202,20.0,3.0,0.1
07:45:00,286.2,40.0,303.09,43.0,279.57,46.0,315.4,55.0,16.889999999999986,86.0,98.0,18.23098242004645,286.2,303.09,184,-12.0,-18.0,-0.07
07:45:01,288.0,98.0,303.0,42.0,287.0,56.0,322.0,56.0,15.0,154.0,98.0,16.29747833255332,288.0,303.0,252,56.0,68.0,0.22
07:45:02,288.17,59.0,299.71,35.0,287.5,56.0,304.93,42.0,11.539999999999964,115.0,77.0,4.204943519244367,288.17,299.71,192,38.0,-60.0,0.2
07:45:03,289.0,12.0,294.66,44.0,288.0,84.0,296.4,40.0,5.660000000000025,96.0,84.0,3.277747702315128,289.0,294.66,180,12.0,-12.0,0.07
07:45:04,287.88,40.0,290.87,53.0,286.7,57.0,292.27,45.0,2.990000000000009,97.0,98.0,2.469062575154618,287.88,290.87,195,-1.0,15.0,-0.01
07:45:05,286.43,42.0,304.11,56.0,282.16,62.0,317.67,43.0,17.680000000000007,104.0,99.0,2.5819895429744357,286.43,304.11,203,5.0,8.0,0.02
07:45:06,283.0,17.0,417.38,65.0,280.02,41.0,580.58,26.0,134.38,58.0,91.0,25.85056285654231,283.0,417.38,149,-33.0,-54.0,-0.22
07:45:07,279.5,40.0,481.83,36.0,242.23,109.0,575.91,32.0,202.32999999999998,149.0,68.0,41.60786560255249,279.5,481.83000000000004,217,81.0,68.0,0.37
07:45:10,279.0,8.0,288.11,9.0,276.0,8.0,374.52,23.0,9.110000000000014,16.0,32.0,46.5704485698824,279.0,288.11,48,-16.0,-162.0,-0.33
07:45:11,290.17,29.0,439.78,27.0,277.55,11.0,503.5,28.0,149.60999999999996,40.0,55.0,49.66729275891798,290.17,439.78,95,-15.0,47.0,-0.16
07:45:12,283.0,9.0,432.4,15.0,277.29,7.0,660.15,26.0,149.39999999999998,16.0,41.0,43.143374578260094,283.0,432.4,57,-25.0,-38.0,-0.44
07:45:13,279.83,12.0,357.64,11.0,278.43,7.0,583.18,22.0,77.81,19.0,33.0,39.44883230211091,279.83,357.64,52,-14.0,-5.0,-0.27
07:45:14,283.41,17.0,441.31,26.0,280.69,26.0,558.11,19.0,157.89999999999998,43.0,45.0,35.50718490672123,283.41,441.31,88,-2.0,36.0,-0.02
07:45:15,290.0,8.0,462.4,20.0,281.0,32.0,509.91,22.0,172.39999999999998,40.0,42.0,21.915021788721027,290.0,462.4,82,-2.0,-6.0,-0.02
07:45:16,290.0,13.0,344.04,23.0,286.15,26.0,410.58,24.0,54.04000000000002,39.0,47.0,26.92241111045043,290.0,344.04,86,-8.0,4.0,-0.09
07:45:17,290.0,9.0,331.33,18.0,288.0,18.0,533.73,11.0,41.329999999999984,27.0,29.0,30.025121648381248,290.0,331.33,56,-2.0,-30.0,-0.04
07:45:18,288.56,25.0,310.61,38.0,287.44,32.0,432.73,49.0,22.05000000000001,57.0,87.0,33.907954523976926,288.56,310.61,144,-30.0,88.0,-0.21
07:45:19,288.0,32.0,296.37,19.0,287.0,32.0,297.42,24.0,8.370000000000005,64.0,43.0,33.322340854148685,288.0,296.37,107,21.0,-37.0,0.2
07:45:20,287.55,22.0,291.05,21.0,283.61,23.0,292.09,11.0,3.5,45.0,32.0,11.874716838731016,287.55,291.05,77,13.0,-30.0,0.17
07:45:21,285.31,26.0,289.63,19.0,279.5,28.0,290.0,20.0,4.319999999999993,54.0,39.0,9.48868536732217,285.31,289.63,93,15.0,16.0,0.16
07:45:22,281.18,22.0,286.57,14.0,274.38,58.0,288.45,22.0,5.389999999999986,80.0,36.0,5.910001692049371,281.18,286.57,116,44.0,23.0,0.38
07:45:28,270.0,57.0,324.79,28.0,152.41,29.0,393.62,32.0,54.79000000000002,86.0,60.0,8.437602147530741,270.0,324.79,146,26.0,-5.0,0.18
07:45:29,270.0,45.0,343.26,19.0,187.64,25.0,462.43,21.0,73.25999999999999,70.0,40.0,13.45999071322207,270.0,343.26,110,30.0,-36.0,0.27
07:45:30,270.0,54.0,326.25,20.0,23.57,28.0,470.62,16.0,56.25,82.0,36.0,13.160419066277134,270.0,326.25,118,46.0,8.0,0.39
07:45:31,270.02,92.0,335.19,21.0,177.11,56.0,344.35,23.0,65.17000000000002,148.0,44.0,11.490849838024989,270.02,335.19,192,104.0,74.0,0.54
07:46:01,278.4,115.0,292.29,28.0,274.68,25.0,489.71,28.0,13.890000000000043,140.0,56.0,3.6553481366368126,278.4,292.29,196,84.0,144.0,0.43
07:46:02,292.0,24.0,329.25,16.0,287.0,40.0,597.5,32.0,37.25,64.0,48.0,14.117898922999323,292.0,329.25,112,16.0,-84.0,0.14
07:46:03,292.0,9.0,423.0,6.0,287.0,15.0,684.67,6.0,131.0,24.0,12.0,34.06384931272523,292.0,423.0,36,12.0,-76.0,0.33
07:46:04,290.0,30.0,360.14,28.0,285.3,69.0,470.14,14.0,70.13999999999999,99.0,42.0,32.774074052520014,290.0,360.14,141,57.0,105.0,0.4
07:46:06,289.0,65.0,391.68,38.0,287.0,52.0,488.9,21.0,102.68,117.0,59.0,34.41591492318814,289.0,391.68,176,58.0,19.0,0.33
07:46:07,289.0,50.0,336.7,30.0,287.0,40.0,537.56,18.0,47.69999999999999,90.0,48.0,33.84193153471185,289.0,336.7,138,42.0,-38.0,0.3
07:46:08,289.17,54.0,335.83,36.0,287.59,51.0,495.5,24.0,46.65999999999997,105.0,60.0,36.2792823798943,289.17,335.83,165,45.0,27.0,0.27
07:46:09,289.0,20.0,334.3,30.0,287.0,40.0,501.2,20.0,45.30000000000001,60.0,50.0,37.94219379530004,289.0,334.3,110,10.0,-55.0,0.09
07:46:10,291.5,48.0,333.5,36.0,288.0,32.0,571.5,20.0,42.0,80.0,56.0,12.514146794730982,291.5,333.5,136,24.0,26.0,0.18
07:46:11,292.0,53.0,332.73,37.0,289.0,22.0,420.0,24.0,40.73000000000002,75.0,61.0,0.44234601848203264,292.0,332.73,136,14.0,0.0,0.1
07:46:12,292.0,20.0,329.5,26.0,289.0,16.0,331.16,38.0,37.5,36.0,64.0,0.7587950975502437,292.0,329.5,100,-28.0,-36.0,-0.28
07:46:13,292.0,16.0,328.0,24.0,289.0,16.0,331.0,40.0,36.0,32.0,64.0,1.0680683499034866,292.0,328.0,96,-32.0,-4.0,-0.33
07:46:14,292.0,20.0,326.52,27.0,289.0,20.0,328.48,29.0,34.51999999999998,40.0,56.0,1.4305872920115308,292.0,326.52,96,-16.0,0.0,-0.17
07:46:15,292.0,18.0,323.0,18.0,289.0,18.0,326.0,27.0,31.0,36.0,45.0,1.7976595895951635,292.0,323.0,81,-9.0,-15.0,-0.11
07:46:16,292.0,28.0,307.87,38.0,289.0,28.0,316.62,39.0,15.870000000000005,56.0,77.0,4.393582820439349,292.0,307.87,133,-21.0,52.0,-0.16
07:46:17,291.08,26.0,293.72,53.0,288.64,22.0,295.43,51.0,2.640000000000043,48.0,104.0,7.531216369223142,291.08,293.72,152,-56.0,19.0,-0.37
07:46:18,289.0,14.0,290.0,35.0,287.0,7.0,291.0,14.0,1.0,21.0,49.0,8.79793839487686,289.0,290.0,70,-28.0,-82.0,-0.4
07:46:19,284.13,117.0,290.0,65.0,282.18,57.0,291.0,26.0,5.8700000000000045,174.0,91.0,8.369917562320536,284.13,290.0,265,83.0,169.5,0.31
07:46:20,287.6,50.0,290.41,34.0,282.98,49.0,300.55,22.0,2.8100000000000023,99.0,56.0,5.043723822736141,287.6,290.41,155,43.0,-110.0,0.28
07:46:21,290.0,28.0,302.25,16.0,284.0,32.0,343.27,15.0,12.25,60.0,31.0,3.526417445515328,290.0,302.25,91,29.0,-64.0,0.32
07:46:22,290.0,24.0,465.38,13.0,286.37,38.0,513.73,11.0,175.38,62.0,24.0,39.17622786844162,290.0,465.38,86,38.0,-5.0,0.44
07:46:23,290.0,36.0,477.55,40.0,289.0,36.0,510.35,17.0,187.55,72.0,57.0,49.45695754896466,290.0,477.55,129,15.0,43.0,0.12
07:46:24,290.0,32.0,444.29,34.0,289.0,33.0,487.51,41.0,154.29000000000002,65.0,75.0,46.26323724081701,290.0,444.29,140,-10.0,11.0,-0.07
07:46:25,290.07,27.0,478.26,35.0,289.1,30.0,487.27,22.0,188.19,57.0,57.0,37.34324838575439,290.07,478.25999999999993,114,0.0,-26.0,0.0
07:46:26,290.0,13.0,484.09,11.0,289.0,33.0,486.0,44.0,194.08999999999997,46.0,55.0,7.933428010650749,290.0,484.09,101,-9.0,-13.0,-0.09
07:46:27,290.0,11.0,336.41,39.0,289.0,33.0,440.89,18.0,46.410000000000025,44.0,57.0,31.11031340247408,290.0,336.41,101,-13.0,0.0,-0.13
07:46:28,290.0,12.0,327.17,12.0,289.0,36.0,329.0,60.0,37.170000000000016,48.0,72.0,38.34999765319595,290.0,327.17,120,-24.0,19.0,-0.2
07:46:29,290.0,12.0,324.0,42.0,289.0,36.0,326.35,46.0,34.0,48.0,88.0,41.7091473180658,290.0,324.0,136,-40.0,16.0,-0.29
07:46:30,290.0,16.0,320.82,61.0,289.0,48.0,322.21,58.0,30.819999999999993,64.0,119.0,35.22704429838091,290.0,320.82,183,-55.0,47.0,-0.3
07:46:31,287.04,73.0,316.0,52.0,283.78,27.0,317.0,52.0,28.95999999999998,100.0,104.0,4.287053766873431,287.04,316.0,204,-4.0,21.0,-0.02
07:46:32,288.23,56.0,314.67,60.0,286.8,40.0,315.88,64.0,26.439999999999998,96.0,124.0,3.2202903595887467,288.23,314.67,220,-28.0,16.0,-0.13
07:46:33,287.45,33.0,309.94,36.0,286.56,32.0,311.92,50.0,22.49000000000001,65.0,86.0,3.3437149998253877,287.45,309.94,151,-21.0,-69.0,-0.14
07:46:34,287.0,48.0,302.25,40.0,285.0,12.0,304.3,40.0,15.25,60.0,80.0,3.9917853148752336,287.0,302.25,140,-20.0,-11.0,-0.14
07:46:35,284.54,56.0,298.56,54.0,283.5,40.0,300.6,30.0,14.019999999999982,96.0,84.0,4.38396738127114,284.54,298.56,180,12.0,40.0,0.07
07:46:36,282.33,72.0,294.78,36.0,278.33,36.0,295.89,38.0,12.449999999999989,108.0,74.0,5.215604471204219,282.33,294.78,182,34.0,2.0,0.19
07:46:37,283.38,52.0,290.04,46.0,276.29,42.0,290.79,38.0,6.660000000000025,94.0,84.0,4.789850728367322,283.38,290.04,178,10.0,-4.0,0.06
07:46:38,280.0,18.0,287.17,24.0,260.78,36.0,287.91,22.0,7.170000000000016,54.0,46.0,4.2691017790673955,280.0,287.17,100,8.0,-78.0,0.08
07:46:39,281.58,38.0,285.0,28.0,279.71,34.0,286.12,34.0,3.420000000000016,72.0,62.0,3.476258045662442,281.58,285.0,134,10.0,34.0,0.07
07:46:43,280.67,12.0,295.17,12.0,273.5,20.0,413.67,12.0,14.5,32.0,24.0,2.9971619909553278,280.67,295.17,56,8.0,15.0,0.14
07:46:44,282.83,12.0,385.17,12.0,281.0,12.0,511.0,12.0,102.34000000000003,24.0,24.0,22.95506305807162,282.83,385.17,48,0.0,-8.0,0.0
07:46:45,283.65,23.0,354.24,17.0,281.77,13.0,449.76,25.0,70.59000000000003,36.0,42.0,24.562828013078136,283.65,354.24,78,-6.0,30.0,-0.08
07:46:46,287.54,26.0,385.09,45.0,284.63,27.0,513.53,17.0,97.54999999999995,53.0,62.0,25.95260256698881,287.54,385.09,115,-9.0,37.0,-0.08
07:46:47,289.0,8.0,440.86,35.0,285.0,21.0,627.71,7.0,151.86,29.0,42.0,28.09131983371555,289.0,440.86,71,-13.0,-44.0,-0.18
07:46:48,289.89,9.0,462.0,45.0,287.91,11.0,733.56,9.0,172.11,20.0,54.0,23.58434501952785,289.89,462.0,74,-34.0,3.0,-0.46
07:46:49,290.0,5.0,410.73,22.0,289.0,5.0,490.94,17.0,120.73000000000002,10.0,39.0,22.614042761083944,290.0,410.7300000000001,49,-29.0,-25.0,-0.59
07:46:50,289.0,8.0,412.47,19.0,288.0,8.0,456.71,28.0,123.47000000000003,16.0,47.0,15.198109421903215,289.0,412.47,63,-31.0,14.0,-0.49
07:46:51,289.0,12.0,432.78,36.0,288.0,12.0,465.24,46.0,143.77999999999997,24.0,82.0,10.679675556876763,289.0,432.78,106,-58.0,43.0,-0.55
07:46:52,287.0,10.0,290.0,7.0,285.0,14.0,427.0,21.0,3.0,24.0,28.0,33.40394407850856,287.0,290.0,52,-4.0,-54.0,-0.08
07:46:53,285.0,7.0,290.0,7.0,284.0,21.0,401.22,27.0,5.0,28.0,34.0,36.39547114683501,285.0,290.0,62,-6.0,10.0,-0.1
07:46:54,285.0,10.0,290.0,10.0,284.0,30.0,357.2,40.0,5.0,40.0,50.0,37.409846030157354,285.0,290.0,90,-10.0,28.0,-0.11
07:46:55,283.0,176.0,288.58,24.0,279.0,22.0,297.12,41.0,5.579999999999984,198.0,65.0,32.914813230520686,283.0,288.58,263,133.0,169.5,0.51
07:46:56,283.0,256.0,287.62,34.0,279.21,29.0,288.51,55.0,4.6200000000000045,285.0,89.0,1.326480305182138,283.0,287.62,374,196.0,111.0,0.52
07:46:57,283.15,121.0,287.35,20.0,282.65,158.0,289.7,20.0,4.2000000000000455,279.0,40.0,1.1421689892634241,283.15,287.35,319,239.0,-55.0,0.75
07:46:58,283.0,144.0,288.0,9.0,279.0,18.0,290.78,9.0,5.0,162.0,18.0,0.9351737806602464,283.0,288.0,180,144.0,-139.0,0.8
07:46:59,283.0,192.0,286.92,12.0,279.0,24.0,290.27,15.0,3.920000000000016,216.0,27.0,0.30784736483124164,283.0,286.92,243,189.0,63.0,0.78
07:47:00,283.0,125.0,287.62,8.0,279.0,16.0,293.47,17.0,4.6200000000000045,141.0,25.0,0.19526904525136304,283.0,287.62,166,116.0,-77.0,0.7
07:47:01,283.0,99.0,294.86,7.0,267.86,14.0,299.71,28.0,11.860000000000014,113.0,35.0,1.654886703081068,283.0,294.86,148,78.0,-18.0,0.53
07:47:02,283.0,70.0,294.0,7.0,259.5,8.0,301.0,28.0,11.0,78.0,35.0,1.9101439736406127,283.0,294.0,113,43.0,-35.0,0.38
07:47:03,272.03,62.0,294.5,14.0,218.25,16.0,333.4,20.0,22.470000000000027,78.0,34.0,2.4319395551770815,272.03,294.5,112,44.0,-1.0,0.39
07:47:05,289.0,24.0,294.0,30.0,288.0,24.0,301.0,6.0,5.0,48.0,36.0,11.875603142578896,289.0,294.0,84,12.0,3.0,0.14
07:47:06,289.0,20.0,294.0,25.0,288.0,20.0,301.0,5.0,5.0,40.0,30.0,12.250984858370794,289.0,294.0,70,10.0,-14.0,0.14
07:47:07,289.0,28.0,293.0,21.0,288.0,28.0,294.0,35.0,4.0,56.0,56.0,12.557134625384535,289.0,293.0,112,0.0,42.0,0.0
07:47:08,289.0,36.0,293.0,27.0,288.0,36.0,296.33,45.0,4.0,72.0,72.0,12.926890577398469,289.0,293.0,144,0.0,32.0,0.0
07:47:09,289.13,46.0,292.63,27.0,288.09,44.0,297.27,55.0,3.5,90.0,82.0,0.29979993335789373,289.13,292.63,172,8.0,28.0,0.05
07:47:10,290.0,68.0,295.37,41.0,289.0,52.0,298.33,45.0,5.3700000000000045,120.0,86.0,0.7480106951385892,290.0,295.37,206,34.0,34.0,0.17
07:47:11,290.0,24.0,298.83,30.0,289.0,24.0,301.0,6.0,8.829999999999984,48.0,36.0,1.5470229474841446,290.0,298.83,84,12.0,-122.0,0.14
07:47:12,290.0,40.0,299.0,50.0,289.0,40.0,301.0,10.0,9.0,80.0,60.0,1.7607611990396301,290.0,299.0,140,20.0,56.0,0.14
07:47:13,290.62,32.0,299.0,50.0,289.11,36.0,301.0,10.0,8.379999999999995,68.0,60.0,1.6651186144069468,290.62,299.0,128,8.0,-12.0,0.06
07:47:14,291.0,20.0,299.0,25.0,289.0,20.0,301.0,5.0,8.0,40.0,30.0,0.9256457205894725,291.0,299.0,70,10.0,-58.0,0.14
07:47:15,291.0,40.0,299.0,50.0,289.0,40.0,301.0,10.0,8.0,80.0,60.0,0.27382476156518654,291.0,299.0,140,20.0,70.0,0.14
07:47:16,291.0,20.0,299.0,25.0,289.0,20.0,301.0,5.0,8.0,40.0,30.0,0.21844907884079637,291.0,299.0,70,10.0,-70.0,0.14
07:47:17,291.0,35.0,298.55,55.0,289.0,44.0,299.39,31.0,7.550000000000011,79.0,86.0,0.11588787704702823,291.0,298.55,165,-7.0,95.0,-0.04
07:47:18,289.24,34.0,298.0,70.0,288.21,76.0,299.0,70.0,8.759999999999991,110.0,140.0,0.5997666213171013,289.24,298.0,250,-30.0,85.0,-0.12
07:47:19,289.0,12.0,298.0,24.0,288.0,24.0,299.0,20.0,9.0,36.0,44.0,0.7538036880021878,289.0,298.0,80,-8.0,-170.0,-0.1
07:47:20,288.26,57.0,297.32,88.0,287.13,228.0,298.24,84.0,9.060000000000002,285.0,172.0,0.9261371388973917,288.26,297.32,457,113.0,169.5,0.25
07:47:21,288.66,32.0,294.55,55.0,287.29,102.0,295.55,55.0,5.889999999999986,134.0,110.0,1.1665890450557252,288.66,294.55,244,24.0,-170.5,0.1
07:47:22,289.29,42.0,291.86,70.0,288.0,42.0,293.29,70.0,2.569999999999993,84.0,140.0,1.3074899617369216,289.29,291.86,224,-56.0,-20.0,-0.25
07:47:23,289.12,32.0,291.67,63.0,287.08,218.0,293.19,62.0,2.5500000000000114,250.0,125.0,1.358223103927296,289.12,291.67,375,125.0,151.0,0.33
07:47:24,287.01,169.0,290.28,29.0,286.1,73.0,291.09,46.0,3.269999999999982,242.0,75.0,1.539366752934641,287.01,290.28,317,167.0,-58.0,0.53
07:47:25,287.0,120.0,290.06,32.0,285.0,45.0,294.77,22.0,3.0600000000000023,165.0,54.0,1.3268270422475505,287.0,290.06,219,111.0,-98.0,0.51
07:47:26,287.0,40.0,299.06,32.0,285.0,24.0,301.25,8.0,12.060000000000002,64.0,40.0,1.8304726165773952,287.0,299.06,104,24.0,-115.0,0.23
07:47:27,286.58,57.0,298.0,65.0,283.92,59.0,300.0,13.0,11.420000000000016,116.0,78.0,2.0570051045245785,286.58,298.0,194,38.0,90.0,0.2
07:47:28,285.29,42.0,295.26,19.0,283.17,105.0,296.06,71.0,9.96999999999997,147.0,90.0,2.060635824215462,285.29,295.26,237,57.0,43.0,0.24
07:47:29,285.0,30.0,294.44,18.0,283.0,80.0,295.95,42.0,9.439999999999998,110.0,60.0,1.8566151997763052,285.0,294.44,170,50.0,-67.0,0.29
07:47:30,285.0,33.0,292.18,22.0,283.0,88.0,294.0,55.0,7.180000000000007,121.0,77.0,1.838640802342976,285.0,292.18,198,44.0,28.0,0.22
07:47:31,285.0,27.0,291.05,42.0,283.0,72.0,292.48,21.0,6.050000000000011,99.0,63.0,1.6626394678459735,285.0,291.05,162,36.0,-36.0,0.22
07:47:32,285.0,33.0,289.27,37.0,283.0,88.0,290.03,39.0,4.269999999999982,121.0,76.0,1.2650968342532827,285.0,289.27,197,45.0,35.0,0.23
07:47:33,285.81,78.0,288.29,70.0,283.81,67.0,299.0,14.0,2.480000000000018,145.0,84.0,1.1062233047792602,285.81,288.29,229,61.0,32.0,0.27
07:47:34,286.84,133.0,288.0,74.0,285.0,57.0,299.0,19.0,1.160000000000025,190.0,93.0,0.6506381483098252,286.84,288.0,283,97.0,54.0,0.34
07:47:35,286.6,55.0,294.65,17.0,284.11,54.0,300.91,46.0,8.049999999999955,109.0,63.0,1.485833099657118,286.6,294.65,172,46.0,-111.0,0.27
07:47:36,287.62,32.0,295.06,36.0,285.0,24.0,298.45,11.0,7.439999999999998,56.0,47.0,2.0886311306781025,287.62,295.06,103,9.0,-69.0,0.09
07:47:37,288.0,40.0,294.74,47.0,285.0,30.0,295.41,22.0,6.740000000000009,70.0,69.0,2.147545110129005,288.0,294.74,139,1.0,36.0,0.01
07:47:38,288.82,44.0,293.62,32.0,287.57,42.0,294.51,49.0,4.800000000000011,86.0,81.0,1.6900828382183941,288.82,293.62,167,5.0,28.0,0.03
07:47:39,288.88,50.0,292.92,26.0,286.67,60.0,294.0,52.0,4.0400000000000205,110.0,78.0,0.32202484382642677,288.88,292.92,188,32.0,21.0,0.17
07:47:40,284.2,46.0,291.29,28.0,282.78,63.0,293.75,32.0,7.090000000000032,109.0,60.0,1.561851465421901,284.2,291.29,169,49.0,-19.0,0.29
07:47:41,283.61,89.0,288.96,46.0,282.73,52.0,290.11,47.0,5.349999999999966,141.0,93.0,2.338871522773113,283.61,288.96,234,48.0,65.0,0.21
07:47:42,284.93,84.0,287.0,56.0,283.0,70.0,288.0,28.0,2.069999999999993,154.0,84.0,2.504196477922086,284.93,287.0,238,70.0,4.0,0.29
07:47:43,283.8,30.0,286.52,42.0,281.88,48.0,287.4,30.0,2.7199999999999704,78.0,72.0,2.2653299980434336,283.8,286.52,150,6.0,-88.0,0.04
07:47:44,281.2,25.0,285.61,41.0,279.25,48.0,288.5,20.0,4.410000000000025,73.0,61.0,1.5927083851205615,281.2,285.61,134,12.0,-16.0,0.09
07:47:45,283.67,36.0,292.47,17.0,279.41,81.0,299.77,35.0,8.800000000000011,117.0,52.0,1.701111401417745,283.67,292.47,169,65.0,35.0,0.38
07:47:46,287.0,24.0,296.0,10.0,279.26,92.0,517.86,42.0,9.0,116.0,52.0,3.108716777069761,287.0,296.0,168,64.0,-1.0,0.38
07:47:47,285.73,15.0,296.0,11.0,279.6,70.0,711.0,55.0,10.269999999999982,85.0,66.0,3.5184300476258428,285.7300000000001,296.0,151,19.0,-17.0,0.13
07:47:48,290.0,11.0,292.4,20.0,284.0,22.0,536.0,19.0,2.3999999999999773,33.0,39.0,3.4209457756646953,290.0,292.4,72,-6.0,-79.0,-0.08
07:47:49,290.0,9.0,291.35,23.0,284.0,18.0,294.29,14.0,1.3500000000000227,27.0,37.0,1.3741797553595958,290.0,291.35,64,-10.0,-8.0,-0.16
07:47:50,278.49,73.0,291.0,22.0,262.93,15.0,292.25,16.0,12.509999999999991,88.0,38.0,2.8396425831500696,278.49,291.0,126,50.0,62.0,0.4
07:47:51,278.99,109.0,290.5,40.0,272.83,176.0,293.85,40.0,11.509999999999991,285.0,80.0,3.3810974549748227,278.99,290.5,365,205.0,169.5,0.56
07:47:52,281.0,54.0,290.0,20.0,278.0,10.0,291.0,20.0,9.0,64.0,40.0,3.270493846506318,281.0,290.0,104,24.0,-170.5,0.23
07:47:53,281.0,75.0,287.8,30.0,278.0,15.0,289.27,30.0,6.800000000000011,90.0,60.0,2.6335774148549156,281.0,287.8,150,30.0,46.0,0.2
07:47:54,282.0,42.0,285.4,20.0,277.6,10.0,289.4,20.0,3.3999999999999773,52.0,40.0,0.6524952107348302,282.0,285.4,92,12.0,-58.0,0.13
07:47:55,283.0,21.0,285.0,14.0,278.14,7.0,290.0,14.0,2.0,28.0,28.0,0.699642766011114,283.0,285.0,56,0.0,-36.0,0.0
07:47:56,283.0,42.0,285.0,28.0,279.0,14.0,290.88,25.0,2.0,56.0,53.0,0.7049822693029036,283.0,285.0,109,3.0,53.0,0.03
07:47:57,281.97,29.0,290.35,17.0,277.58,19.0,296.64,28.0,8.379999999999995,48.0,45.0,0.9866711711769434,281.97,290.35,93,3.0,-16.0,0.03
07:47:58,284.63,46.0,300.64,25.0,282.03,35.0,313.58,62.0,16.00999999999999,81.0,87.0,3.7866607981219973,284.63,300.64,168,-6.0,75.0,-0.04
07:47:59,288.29,28.0,291.5,32.0,286.04,52.0,298.0,24.0,3.2099999999999795,80.0,56.0,3.8175934828155276,288.29,291.5,136,24.0,-32.0,0.18
07:48:00,289.0,89.0,290.86,56.0,287.0,11.0,298.36,22.0,1.8600000000000136,100.0,78.0,3.4219628870046472,289.0,290.86,178,22.0,42.0,0.12
07:48:01,287.0,21.0,290.81,27.0,284.08,36.0,299.43,28.0,3.8100000000000023,57.0,55.0,2.3291693798516317,287.0,290.81,112,2.0,-66.0,0.02
07:48:02,283.33,18.0,291.0,14.0,279.09,33.0,299.0,21.0,7.670000000000016,51.0,35.0,1.9847720272209444,283.33,291.0,86,16.0,-26.0,0.19
07:48:03,283.67,30.0,296.85,47.0,282.0,45.0,300.11,45.0,13.180000000000007,75.0,92.0,1.2582209663004817,283.67,296.85,167,-17.0,81.0,-0.1
07:48:04,284.87,30.0,295.16,73.0,282.0,45.0,297.0,74.0,10.29000000000002,75.0,147.0,1.2764286114147347,284.87,295.16,222,-72.0,55.0,-0.32
07:48:05,286.0,26.0,295.0,91.0,282.0,39.0,296.77,39.0,9.0,65.0,130.0,1.373233410618269,286.0,295.0,195,-65.0,-27.0,-0.33
07:48:06,286.53,30.0,293.8,60.0,283.97,71.0,295.37,57.0,7.270000000000039,101.0,117.0,1.3828340464562638,286.53,293.8,218,-16.0,23.0,-0.07
07:48:07,285.67,75.0,292.88,51.0,283.64,39.0,296.0,51.0,7.2099999999999795,114.0,102.0,0.46640111496345343,285.67,292.88,216,12.0,-2.0,0.06
07:48:08,285.0,91.0,290.84,45.0,282.0,39.0,294.15,39.0,5.839999999999975,130.0,84.0,1.0295290185510173,285.0,290.84,214,46.0,-2.0,0.21
07:48:09,285.0,77.0,294.0,42.0,282.0,66.0,296.5,42.0,9.0,143.0,84.0,0.9992847442238441,285.0,294.0,227,59.0,13.0,0.26
07:48:10,282.88,88.0,295.87,38.0,280.91,33.0,296.92,36.0,12.990000000000009,121.0,74.0,0.8204450012269405,282.88,295.87,195,47.0,-32.0,0.24
07:48:11,283.0,152.0,293.21,47.0,278.88,50.0,295.04,73.0,10.20999999999998,202.0,120.0,0.7550695332469947,283.0,293.21,322,82.0,127.0,0.25
07:48:12,283.0,150.0,291.29,73.0,278.0,102.0,294.74,47.0,8.29000000000002,252.0,120.0,1.0065634605117728,283.0,291.29,372,132.0,50.0,0.35
07:48:13,283.0,120.0,290.0,56.0,278.0,120.0,293.75,36.0,7.0,240.0,92.0,1.327753742241825,283.0,290.0,332,148.0,-40.0,0.45
07:48:14,283.0,117.0,288.69,32.0,278.0,120.0,290.14,29.0,5.689999999999998,237.0,61.0,1.3870724566642092,283.0,288.69,298,176.0,-34.0,0.59
07:48:15,283.0,99.0,286.68,25.0,278.0,110.0,288.53,15.0,3.680000000000007,209.0,40.0,1.2441784438076244,283.0,286.68,249,169.0,-49.0,0.68
07:48:16,283.38,78.0,286.0,30.0,278.83,72.0,288.0,10.0,2.6200000000000045,150.0,40.0,1.0536697775085098,283.38,286.0,190,110.0,-59.0,0.58
07:48:17,283.87,47.0,286.45,22.0,282.2,50.0,288.76,21.0,2.579999999999984,97.0,43.0,0.754771488620503,283.87,286.45,140,54.0,-50.0,0.39
07:48:18,284.0,18.0,294.62,48.0,283.0,41.0,295.73,44.0,10.620000000000005,59.0,92.0,1.9198880175768172,284.0,294.62,151,-33.0,11.0,-0.22
07:48:19,283.5,12.0,296.0,55.0,281.48,31.0,298.0,35.0,12.5,43.0,90.0,2.5482052507668858,283.5,296.0,133,-47.0,-18.0,-0.35
07:48:20,283.0,83.0,296.0,30.0,278.0,30.0,298.0,70.0,13.0,113.0,100.0,2.5270872561185795,283.0,296.0,213,13.0,80.0,0.06
07:48:21,283.0,10.0,290.86,21.0,278.0,30.0,296.41,34.0,7.860000000000014,40.0,55.0,2.0096392711224103,283.0,290.86,95,-15.0,-118.0,-0.16
07:48:22,283.0,9.0,294.88,25.0,279.62,13.0,297.53,32.0,11.879999999999995,22.0,57.0,1.132709141853422,283.0,294.88,79,-35.0,-16.0,-0.44
07:48:23,283.0,8.0,296.0,8.0,281.0,8.0,298.0,32.0,13.0,16.0,40.0,1.1534860207381596,283.0,296.0,56,-24.0,-23.0,-0.43
07:48:24,283.0,13.0,296.0,13.0,281.0,13.0,298.0,52.0,13.0,26.0,65.0,1.1134540852852008,283.0,296.0,91,-39.0,35.0,-0.43
07:48:25,284.13,23.0,295.71,51.0,282.54,13.0,298.09,34.0,11.579999999999984,36.0,85.0,1.185967959111207,284.13,295.71,121,-49.0,30.0,-0.4
07:48:26,284.44,25.0,292.73,45.0,278.66,29.0,294.36,33.0,8.29000000000002,54.0,78.0,0.523832034185361,284.44,292.73,132,-24.0,11.0,-0.18
07:48:27,283.0,14.0,291.71,42.0,277.0,42.0,294.0,45.0,8.70999999999998,56.0,87.0,1.0247829038574168,283.0,291.71,143,-31.0,11.0,-0.22
07:48:28,283.0,9.0,289.49,37.0,277.91,35.0,292.6,43.0,6.490000000000009,44.0,80.0,1.5226030342928487,283.0,289.49,124,-36.0,-19.0,-0.29
07:48:29,278.1,49.0,288.0,57.0,277.1,40.0,289.15,47.0,9.899999999999977,89.0,104.0,2.6152953944127524,278.1,288.0,193,-15.0,69.0,-0.08
07:48:30,278.0,34.0,285.32,57.0,277.0,45.0,287.05,57.0,7.319999999999993,79.0,114.0,2.9253803171613435,278.0,285.32,193,-35.0,0.0,-0.18
07:48:56,280.21,24.0,294.0,24.0,276.33,30.0,466.0,24.0,13.79000000000002,54.0,48.0,4.300426723015998,280.21,294.0,102,6.0,-96.0,0.06
07:48:57,281.21,19.0,294.0,14.0,280.25,48.0,418.4,20.0,12.79000000000002,67.0,34.0,4.962484256905211,281.21,294.0,101,33.0,-1.0,0.33
07:48:58,284.9,40.0,294.0,26.0,283.98,49.0,321.63,38.0,9.100000000000023,89.0,64.0,4.928059455813645,284.9,294.0,153,25.0,52.0,0.16
07:48:59,285.67,18.0,299.96,24.0,284.82,44.0,327.53,38.0,14.289999999999964,62.0,62.0,4.1715249010447994,285.67,299.96,124,0.0,-29.0,0.0
07:49:00,286.47,17.0,297.64,11.0,285.07,29.0,357.0,22.0,11.169999999999959,46.0,33.0,2.565692888877888,286.47,297.64,79,13.0,-45.0,0.16
07:49:01,287.18,39.0,296.93,15.0,286.78,36.0,353.94,17.0,9.75,75.0,32.0,2.190246561471871,287.18,296.93,107,43.0,28.0,0.4
07:49:02,288.0,6.0,294.33,6.0,287.0,24.0,305.5,6.0,6.329999999999984,30.0,12.0,1.2887280551147695,288.0,294.33,42,18.0,-65.0,0.43
07:49:03,287.67,43.0,292.1,31.0,285.31,48.0,293.16,70.0,4.430000000000007,91.0,101.0,1.1165930324160067,287.67,292.1,192,-10.0,150.0,-0.05
07:49:04,286.45,40.0,293.0,72.0,285.0,36.0,301.0,12.0,6.550000000000011,76.0,84.0,1.1289375536492485,286.45,293.0,160,-8.0,-32.0,-0.05
07:49:05,288.36,28.0,292.55,101.0,287.67,63.0,295.0,36.0,4.189999999999998,91.0,137.0,0.9640902447589237,288.36,292.55,228,-46.0,68.0,-0.2
07:49:06,288.56,27.0,291.4,81.0,287.81,96.0,293.47,47.0,2.839999999999975,123.0,128.0,0.5838064748176336,288.56,291.4,251,-5.0,23.0,-0.02
07:49:07,288.0,70.0,292.05,59.0,285.0,45.0,294.0,27.0,4.050000000000011,115.0,86.0,0.2721580423923137,288.0,292.05,201,29.0,-50.0,0.14
07:49:08,288.0,7.0,291.0,28.0,285.0,21.0,295.0,7.0,3.0,28.0,35.0,0.35979160640398267,288.0,291.0,63,-7.0,-138.0,-0.11
07:49:09,285.0,26.0,291.0,52.0,283.0,13.0,295.0,13.0,6.0,39.0,65.0,0.9537714611155543,285.0,291.0,104,-26.0,41.0,-0.25
07:49:10,285.0,20.0,291.0,40.0,283.0,10.0,295.0,10.0,6.0,30.0,50.0,1.027044302860483,285.0,291.0,80,-20.0,-24.0,-0.25
07:49:11,285.0,16.0,291.0,32.0,283.0,8.0,297.0,24.0,6.0,24.0,56.0,0.9847233114118583,285.0,291.0,80,-32.0,0.0,-0.4
07:49:12,285.0,12.0,291.0,24.0,283.0,6.0,297.0,18.0,6.0,18.0,42.0,0.6708203932780828,285.0,291.0,60,-24.0,-20.0,-0.4
07:49:15,279.0,8.0,296.83,18.0,276.0,16.0,293.88,16.0,17.829999999999984,24.0,34.0,3.4736033164477313,279.0,296.83,58,-10.0,-80.0,-0.17
