Time,Bid1_Price,Bid1_Volume,Ask1_Price,Ask1_Volume,Bid2_Price,Bid2_Volume,Ask2_Price,Ask2_Volume,Bid_Ask_Spread,Market_Depth_Bid,Market_Depth_Ask,Historical_Volatility,Weighted_Avg_Bid_Price,Weighted_Avg_Ask_Price,Total_volume,Cumulative_Volume_Difference,Total_Volume_Change_Corrected,Order_imbalance
07:30:07,186.42,38.0,384.72,46.0,185.78,92.0,397.98,45.0,198.30000000000004,130.0,91.0,77.56151023542537,186.42,384.7200000000001,221,39.0,93.0,0.18
07:30:08,187.0,14.0,216.5,32.0,186.0,77.0,219.39,33.0,29.5,91.0,65.0,89.12547262146782,187.0,216.5,156,26.0,-65.0,0.17
07:30:09,186.0,63.0,209.06,32.0,181.96,89.0,211.24,34.0,23.060000000000002,152.0,66.0,86.7755520293592,186.0,209.06,218,86.0,62.0,0.39
07:30:10,186.0,74.0,204.7,50.0,182.0,153.0,205.67,45.0,18.69999999999999,227.0,95.0,85.74591663747047,186.0,204.7,322,132.0,104.0,0.41
07:30:11,186.0,79.0,201.08,60.0,182.0,187.0,201.67,75.0,15.080000000000013,266.0,135.0,39.70901937847429,186.0,201.08,401,131.0,79.0,0.33
07:30:12,186.0,84.0,196.2,50.0,182.0,204.0,197.4,68.0,10.199999999999989,288.0,118.0,4.055271877452012,186.0,196.2,406,170.0,5.0,0.42
07:30:13,186.0,48.0,192.8,50.0,182.0,136.0,194.14,35.0,6.800000000000011,184.0,85.0,3.2468338423846017,186.0,192.8,269,99.0,-137.0,0.37
07:30:14,186.0,45.0,189.77,44.0,182.0,153.0,192.29,48.0,3.7700000000000102,198.0,92.0,3.0239262557236106,186.0,189.77,290,106.0,21.0,0.37
07:30:15,186.84,61.0,188.69,51.0,184.28,79.0,190.14,42.0,1.8499999999999943,140.0,93.0,2.4265242632323143,186.84,188.69,233,47.0,-57.0,0.2
07:30:16,186.0,40.0,187.5,32.0,182.0,136.0,194.0,16.0,1.5,176.0,48.0,1.6970710061914278,186.0,187.5,224,128.0,-9.0,0.57
07:30:17,186.0,15.0,187.0,12.0,182.0,51.0,194.0,6.0,1.0,66.0,18.0,1.1471922245447315,186.0,187.0,84,48.0,-140.0,0.57
07:30:18,186.0,7.0,193.47,17.0,182.0,119.0,194.65,31.0,7.469999999999999,126.0,48.0,1.2786594542941767,186.0,193.47,174,78.0,90.0,0.45
07:30:19,184.71,14.0,189.83,52.0,182.04,212.0,191.92,84.0,5.1200000000000045,226.0,136.0,1.28904228016614,184.71,189.82999999999998,362,90.0,168.0,0.25
07:30:20,182.05,169.0,187.25,65.0,181.86,177.0,189.69,117.0,5.199999999999989,346.0,182.0,1.831248208205575,182.05,187.25,528,164.0,166.0,0.31
07:30:21,182.0,231.0,184.79,71.0,181.0,90.0,185.82,49.0,2.789999999999992,321.0,120.0,2.4497244743146935,182.0,184.79,441,201.0,-87.0,0.46
07:30:22,182.0,203.0,183.41,61.0,181.0,102.0,184.2,75.0,1.4099999999999966,305.0,136.0,2.920299642169739,182.0,183.41,441,169.0,0.0,0.38
07:30:23,182.0,114.0,183.86,64.0,181.0,36.0,188.73,71.0,1.8600000000000136,150.0,135.0,1.880537157318943,182.0,183.86,285,15.0,-156.0,0.05
07:30:24,182.83,96.0,184.0,50.0,181.94,68.0,190.0,60.0,1.1699999999999875,164.0,110.0,0.7537041860421712,182.83,184.0,274,54.0,-11.0,0.2
07:30:25,183.0,130.0,184.0,65.0,182.0,104.0,190.0,78.0,1.0,234.0,143.0,0.3523776384187451,183.0,184.0,377,91.0,103.0,0.24
07:30:26,183.0,110.0,184.0,55.0,181.93,85.0,190.0,66.0,1.0,195.0,121.0,0.3710795063831503,183.0,184.0,316,74.0,-61.0,0.23
07:30:27,183.0,90.0,184.0,45.0,182.0,81.0,190.0,54.0,1.0,171.0,99.0,0.24839484708320014,183.0,184.0,270,72.0,-46.0,0.27
07:30:28,183.0,50.0,189.62,52.0,182.0,90.0,190.67,36.0,6.6200000000000045,140.0,88.0,1.266088464546299,183.0,189.62,228,52.0,-42.0,0.23
07:30:29,183.0,55.0,187.36,44.0,182.0,99.0,189.95,21.0,4.360000000000014,154.0,65.0,1.292911443238498,183.0,187.36,219,89.0,-9.0,0.41
07:30:30,183.98,43.0,186.24,68.0,182.72,97.0,189.0,17.0,2.2600000000000193,140.0,85.0,1.2112596749074604,183.98,186.24,225,55.0,6.0,0.24
07:30:31,185.0,32.0,186.0,64.0,183.0,80.0,189.0,16.0,1.0,112.0,80.0,1.0233034740763658,185.0,186.0,192,32.0,-33.0,0.17
07:30:32,183.08,52.0,186.0,24.0,182.05,95.0,189.27,11.0,2.9199999999999875,147.0,35.0,0.648899067695951,183.07999999999998,186.0,182,112.0,-10.0,0.62
07:30:33,183.0,59.0,185.19,32.0,182.0,117.0,187.4,20.0,2.1899999999999977,176.0,52.0,0.5627877042516624,183.0,185.19,228,124.0,46.0,0.54
07:30:34,183.0,36.0,184.75,36.0,182.0,108.0,192.0,12.0,1.75,144.0,48.0,0.6799485275055478,183.0,184.75,192,96.0,-36.0,0.5
07:30:35,182.4,45.0,185.14,21.0,181.9,60.0,192.67,18.0,2.7399999999999807,105.0,39.0,0.7041519722737867,182.4,185.14,144,66.0,-48.0,0.46
07:30:36,182.0,123.0,192.0,13.0,181.0,22.0,193.19,27.0,10.0,145.0,40.0,1.3430673847789347,182.0,192.0,185,105.0,41.0,0.57
07:30:37,182.0,124.0,192.0,36.0,181.0,24.0,194.17,48.0,10.0,148.0,84.0,1.6945412358678955,182.0,192.0,232,64.0,47.0,0.28
07:30:38,185.2,25.0,191.96,25.0,181.97,74.0,193.45,11.0,6.760000000000019,99.0,36.0,2.127975563782694,185.2,191.96,135,63.0,-97.0,0.47
07:30:39,187.0,18.0,191.0,15.0,182.0,81.0,192.0,21.0,4.0,99.0,36.0,2.055772360952395,187.0,191.0,135,63.0,0.0,0.47
07:30:40,185.42,38.0,189.67,21.0,181.97,121.0,190.7,23.0,4.25,159.0,44.0,0.9210211724251748,185.42,189.67,203,115.0,68.0,0.57
07:30:41,182.0,78.0,186.46,13.0,181.0,26.0,188.23,13.0,4.460000000000008,104.0,26.0,1.877258639627399,182.0,186.46,130,78.0,-73.0,0.6
07:30:42,182.0,60.0,186.8,10.0,181.0,20.0,189.89,28.0,4.800000000000011,80.0,38.0,2.2862851965701823,182.0,186.8,118,42.0,-12.0,0.36
07:30:43,182.0,60.0,186.1,10.0,181.0,20.0,190.0,30.0,4.099999999999994,80.0,40.0,2.2773515319459086,182.0,186.1,120,40.0,2.0,0.33
07:30:44,182.0,84.0,185.0,14.0,181.0,28.0,190.35,46.0,3.0,112.0,60.0,1.599165407347502,182.0,185.0,172,52.0,52.0,0.3
07:30:45,182.0,93.0,186.96,27.0,181.0,30.0,190.51,49.0,4.960000000000008,123.0,76.0,0.3900897333399238,182.0,186.96,199,47.0,27.0,0.24
07:30:46,182.0,36.0,189.0,36.0,181.0,12.0,191.0,12.0,7.0,48.0,48.0,0.7327891920989897,182.0,189.0,96,0.0,-103.0,0.0
07:30:47,182.0,42.0,188.91,43.0,181.0,36.0,189.88,16.0,6.909999999999997,78.0,59.0,0.8745455963281612,182.0,188.91,137,19.0,41.0,0.14
07:30:48,181.89,37.0,187.06,64.0,180.94,35.0,188.06,51.0,5.170000000000016,72.0,115.0,0.8272968028808887,181.89,187.06,187,-43.0,50.0,-0.23
07:30:49,175.0,13.0,185.43,63.0,174.0,39.0,186.82,56.0,10.430000000000007,52.0,119.0,2.1894360004478903,175.0,185.43,171,-67.0,-16.0,-0.39
07:30:50,175.73,15.0,183.42,48.0,174.19,26.0,185.0,93.0,7.689999999999998,41.0,141.0,2.9147504181417943,175.73,183.42,182,-100.0,11.0,-0.55
07:30:51,176.14,58.0,181.44,61.0,174.16,49.0,184.62,34.0,5.300000000000011,107.0,95.0,3.0420387900318464,176.14,181.44,202,12.0,20.0,0.06
07:30:52,176.0,47.0,182.49,76.0,174.7,20.0,184.25,20.0,6.490000000000009,67.0,96.0,2.307177929865626,176.0,182.49,163,-29.0,-39.0,-0.18
07:30:53,176.85,13.0,184.63,46.0,175.19,16.0,491.88,32.0,7.780000000000001,29.0,78.0,0.7742415644096012,176.84999999999997,184.63,107,-49.0,-56.0,-0.46
07:30:54,177.08,12.0,185.36,50.0,174.0,37.0,227.29,56.0,8.280000000000001,49.0,106.0,1.0276040093631977,177.08,185.36,155,-57.0,48.0,-0.37
07:30:55,177.33,12.0,185.0,60.0,173.94,32.0,228.92,60.0,7.6699999999999875,44.0,120.0,1.1377038279179463,177.33,185.0,164,-76.0,9.0,-0.46
07:30:56,174.0,8.0,184.81,36.0,173.0,8.0,187.62,40.0,10.810000000000002,16.0,76.0,0.9638360856800711,174.0,184.81,92,-60.0,-72.0,-0.65
07:30:57,174.0,7.0,184.77,31.0,173.0,7.0,188.23,31.0,10.77000000000001,14.0,62.0,0.9219164821495919,174.0,184.77,76,-48.0,-16.0,-0.63
07:30:58,181.0,28.0,185.0,70.0,173.11,19.0,334.35,54.0,4.0,47.0,124.0,1.5078892532473447,181.0,185.0,171,-77.0,95.0,-0.45
07:30:59,181.0,20.0,185.0,50.0,173.0,10.0,300.84,25.0,4.0,30.0,75.0,1.8025454224675308,181.0,185.0,105,-45.0,-66.0,-0.43
07:31:00,182.0,65.0,184.46,65.0,181.0,26.0,265.66,35.0,2.460000000000008,91.0,100.0,2.0187198914308087,182.0,184.46,191,-9.0,86.0,-0.05
07:31:01,181.69,29.0,185.37,38.0,174.57,21.0,204.0,25.0,3.680000000000007,50.0,63.0,1.7132863158439093,181.69,185.37,113,-13.0,-78.0,-0.12
07:31:02,181.97,67.0,183.0,45.0,180.67,27.0,188.0,48.0,1.0300000000000011,94.0,93.0,0.3812479508897764,181.97,183.0,187,1.0,74.0,0.01
07:31:03,181.26,38.0,182.6,15.0,177.87,39.0,185.11,27.0,1.3400000000000034,77.0,42.0,0.6333087714991489,181.26,182.6,119,35.0,-68.0,0.29
07:31:04,181.0,36.0,183.56,9.0,176.93,41.0,186.67,27.0,2.5600000000000023,77.0,36.0,0.6676226479515487,181.0,183.56,113,41.0,-6.0,0.36
07:31:05,181.0,17.0,187.0,33.0,174.0,11.0,189.0,33.0,6.0,28.0,66.0,0.8783108789362466,181.0,187.0,94,-38.0,-19.0,-0.4
07:31:06,181.0,4.0,187.0,12.0,174.0,4.0,189.0,12.0,6.0,8.0,24.0,0.9881042455417937,181.0,187.0,32,-16.0,-62.0,-0.5
07:31:07,181.0,8.0,187.0,24.0,174.0,8.0,189.0,24.0,6.0,16.0,48.0,1.045284650254454,181.0,187.0,64,-32.0,32.0,-0.5
07:31:08,182.0,127.0,187.0,42.0,181.0,14.0,189.0,42.0,5.0,141.0,84.0,0.85304161683786,182.0,187.0,225,57.0,161.0,0.25
07:31:09,183.43,37.0,187.0,36.0,182.68,81.0,189.0,36.0,3.569999999999993,118.0,72.0,0.5354250648382884,183.43,187.0,190,46.0,-35.0,0.24
07:31:10,184.32,25.0,187.0,39.0,182.83,93.0,189.0,39.0,2.680000000000007,118.0,78.0,0.743155434654775,184.32,187.0,196,40.0,6.0,0.2
07:31:11,183.0,49.0,186.36,25.0,182.0,56.0,188.29,21.0,3.3600000000000136,105.0,46.0,0.6441428413456632,183.0,186.36,151,59.0,-45.0,0.39
07:31:12,183.0,98.0,186.0,56.0,182.0,112.0,188.0,42.0,3.0,210.0,98.0,0.5117812033054941,183.0,186.0,308,112.0,157.0,0.36
07:31:13,183.0,49.0,185.0,28.0,182.0,56.0,188.0,21.0,2.0,105.0,49.0,0.6441428413456632,183.0,185.0,154,56.0,-154.0,0.36
07:31:14,183.0,41.0,184.92,26.0,182.0,56.0,188.24,17.0,1.9199999999999875,97.0,43.0,0.6894925670788499,183.0,184.92000000000002,140,54.0,-14.0,0.39
07:31:15,183.0,11.0,188.0,33.0,182.0,88.0,190.0,11.0,5.0,99.0,44.0,0.6265141658869364,183.0,188.0,143,55.0,3.0,0.38
07:31:16,183.0,12.0,188.0,36.0,182.0,96.0,190.0,12.0,5.0,108.0,48.0,0.7676718049120526,183.0,188.0,156,60.0,13.0,0.38
07:31:17,183.0,9.0,188.42,19.0,182.0,72.0,190.71,17.0,5.4199999999999875,81.0,36.0,0.8752028336658974,183.0,188.42,117,45.0,-39.0,0.38
07:31:18,182.2,45.0,190.0,15.0,181.75,96.0,191.0,45.0,7.800000000000011,141.0,60.0,0.8168720830439798,182.2,190.0,201,81.0,84.0,0.4
07:31:19,182.0,48.0,190.0,8.0,181.0,32.0,191.0,24.0,8.0,80.0,32.0,0.2787830698884652,182.0,190.0,112,48.0,-89.0,0.43
07:31:20,182.0,45.0,183.43,47.0,181.0,56.0,185.12,41.0,1.4300000000000068,101.0,88.0,1.414224168955074,182.0,183.43,189,13.0,77.0,0.07
07:31:21,182.0,36.0,184.94,31.0,181.0,48.0,187.25,48.0,2.9399999999999977,84.0,79.0,1.5886377812631958,182.0,184.94,163,5.0,-26.0,0.03
07:31:22,181.7,27.0,183.88,34.0,180.45,58.0,186.0,68.0,2.180000000000007,85.0,102.0,1.7022132651513162,181.7,183.88,187,-17.0,24.0,-0.09
07:31:23,180.73,15.0,182.08,24.0,179.96,46.0,186.0,48.0,1.3500000000000227,61.0,72.0,1.6953111808920203,180.73,182.08,133,-11.0,-54.0,-0.08
07:31:24,179.88,48.0,181.93,30.0,176.43,42.0,188.33,90.0,2.0500000000000114,90.0,120.0,1.0629581365500222,179.88,181.93,210,-30.0,77.0,-0.14
07:31:25,179.0,34.0,180.35,34.0,173.0,132.0,186.76,51.0,1.3499999999999943,166.0,85.0,1.5093872929298653,179.0,180.35,251,81.0,41.0,0.32
07:31:26,179.27,22.0,184.35,31.0,173.33,79.0,187.57,42.0,5.079999999999984,101.0,73.0,1.1483771157848341,179.27,184.35,174,28.0,-77.0,0.16
07:31:27,181.0,20.0,185.0,20.0,180.0,20.0,188.0,40.0,4.0,40.0,60.0,1.2174358299550252,181.0,185.0,100,-20.0,-74.0,-0.2
07:31:28,181.0,14.0,185.0,14.0,180.0,14.0,188.0,28.0,4.0,28.0,42.0,1.4239101095427842,181.0,185.0,70,-14.0,-30.0,-0.2
07:31:29,181.65,17.0,184.18,55.0,180.79,28.0,187.39,67.0,2.530000000000001,45.0,122.0,1.4330561747740327,181.65,184.18,167,-77.0,97.0,-0.46
07:31:30,182.0,13.0,184.0,65.0,181.0,26.0,187.0,117.0,2.0,39.0,182.0,0.5235742545788007,182.0,184.0,221,-143.0,54.0,-0.65
07:31:31,182.0,9.0,183.0,44.0,181.0,18.0,187.0,81.0,1.0,27.0,125.0,0.21707141695234267,182.0,183.0,152,-98.0,-69.0,-0.64
07:31:32,181.14,21.0,185.62,42.0,180.25,24.0,187.14,56.0,4.480000000000018,45.0,98.0,0.3137196201350325,181.14,185.62,143,-53.0,-9.0,-0.37
07:31:33,181.0,28.0,185.03,72.0,180.0,28.0,186.86,58.0,4.030000000000001,56.0,130.0,0.3140859755825918,181.0,185.03,186,-74.0,43.0,-0.4
07:31:34,175.95,38.0,184.06,50.0,176.0,14.0,185.49,53.0,8.110000000000014,52.0,103.0,1.3656573508965641,175.95,184.06,155,-51.0,-31.0,-0.33
07:31:35,175.0,40.0,181.9,30.0,173.0,10.0,184.0,60.0,6.900000000000006,50.0,90.0,2.142538214375203,175.0,181.9,140,-40.0,-15.0,-0.29
07:31:36,175.0,60.0,179.69,36.0,173.0,15.0,182.33,67.0,4.689999999999998,75.0,103.0,2.6902732203362447,175.0,179.69,178,-28.0,38.0,-0.16
07:31:37,175.02,61.0,177.1,40.0,173.42,19.0,178.68,38.0,2.079999999999984,80.0,78.0,2.6807331086959647,175.02,177.1,158,2.0,-20.0,0.01
07:31:41,174.0,96.0,179.0,48.0,168.88,16.0,181.24,72.0,5.0,112.0,120.0,0.7231735615049193,174.0,179.0,232,-8.0,141.0,-0.03
07:31:42,175.38,16.0,179.0,24.0,172.67,12.0,181.0,40.0,3.6200000000000045,28.0,64.0,1.0061162954945293,175.38,179.0,92,-36.0,-140.0,-0.39
07:31:43,175.59,34.0,179.5,24.0,174.0,30.0,181.38,48.0,3.9099999999999966,64.0,72.0,1.2530083798839928,175.59,179.5,136,-8.0,44.0,-0.06
07:31:44,175.0,54.0,181.0,18.0,169.13,15.0,182.0,54.0,6.0,69.0,72.0,1.1840692547563627,175.0,181.0,141,-3.0,5.0,-0.02
07:31:45,175.0,48.0,181.5,16.0,170.88,8.0,260.24,38.0,6.5,56.0,54.0,0.6910354549942178,175.0,181.5,110,2.0,-31.0,0.02
07:31:46,175.0,72.0,182.0,24.0,172.0,12.0,501.54,48.0,7.0,84.0,72.0,0.5305940068064511,175.0,182.0,156,12.0,46.0,0.08
07:31:47,175.0,36.0,182.0,12.0,172.0,6.0,288.71,7.0,7.0,42.0,19.0,0.4028895631048773,175.0,182.0,61,23.0,-95.0,0.38
07:31:48,175.93,90.0,182.0,20.0,174.8,45.0,244.6,10.0,6.069999999999993,135.0,30.0,0.3597638114912902,175.93,182.0,165,105.0,104.0,0.64
07:31:49,176.0,70.0,181.0,20.0,172.0,5.0,182.0,10.0,5.0,75.0,30.0,0.2615912843706894,176.0,181.0,105,45.0,-60.0,0.43
07:31:50,177.95,80.0,180.0,40.0,175.48,69.0,202.6,20.0,2.0500000000000114,149.0,60.0,0.2574296021413536,177.95,180.0,209,89.0,104.0,0.43
07:31:51,179.5,48.0,181.0,12.0,175.13,69.0,182.67,24.0,1.5,117.0,36.0,0.7171262092955091,179.5,181.0,153,81.0,-56.0,0.53
07:31:52,180.0,47.0,184.91,23.0,176.94,62.0,245.84,19.0,4.909999999999997,109.0,42.0,1.6079023602378069,180.0,184.91000000000003,151,67.0,-2.0,0.44
07:31:53,180.7,30.0,186.0,20.0,175.8,50.0,311.4,10.0,5.300000000000011,80.0,30.0,2.1304530034849445,180.7,186.0,110,50.0,-41.0,0.45
07:31:54,181.87,46.0,185.12,32.0,179.91,46.0,221.24,25.0,3.25,92.0,57.0,2.0059486533951194,181.87,185.12,149,35.0,39.0,0.23
07:31:55,180.0,36.0,185.2,15.0,176.0,12.0,201.29,21.0,5.199999999999989,48.0,36.0,1.3012955083521411,180.0,185.2,84,12.0,-65.0,0.14
07:31:56,180.0,33.0,183.18,11.0,176.0,11.0,185.91,22.0,3.180000000000007,44.0,33.0,0.7684725109315028,180.0,183.18,77,11.0,-7.0,0.14
07:31:57,180.0,42.0,183.0,14.0,176.0,14.0,185.0,28.0,3.0,56.0,42.0,0.9434352124324329,180.0,183.0,98,14.0,21.0,0.14
07:31:58,178.25,16.0,183.0,28.0,172.39,31.0,185.0,20.0,4.75,47.0,48.0,1.1096485930498905,178.25,183.0,95,-1.0,-3.0,-0.01
07:31:59,180.93,74.0,182.6,20.0,175.27,15.0,185.27,44.0,1.6699999999999875,89.0,64.0,0.7067743629035463,180.93,182.6,153,25.0,58.0,0.16
07:32:00,181.54,41.0,185.13,61.0,180.75,64.0,216.33,42.0,3.5900000000000034,105.0,103.0,0.9824815520190044,181.54,185.13,208,2.0,55.0,0.01
07:32:01,181.7,37.0,185.77,79.0,180.75,85.0,232.85,41.0,4.070000000000022,122.0,120.0,1.3057067052204043,181.7,185.77,242,2.0,34.0,0.01
07:32:02,181.0,43.0,187.0,7.0,174.0,13.0,188.0,35.0,6.0,56.0,42.0,1.445638267360594,181.0,187.0,98,14.0,-144.0,0.14
07:32:03,182.82,22.0,187.96,57.0,179.89,95.0,223.1,21.0,5.140000000000015,117.0,78.0,1.303353367301821,182.82,187.96,195,39.0,97.0,0.2
07:32:04,181.3,117.0,187.61,49.0,180.19,81.0,206.45,67.0,6.310000000000002,198.0,116.0,0.7891324350556383,181.3,187.61,314,82.0,119.0,0.26
07:32:05,181.0,130.0,187.48,25.0,175.0,13.0,211.24,55.0,6.47999999999999,143.0,80.0,0.6322815828859754,181.0,187.48,223,63.0,-91.0,0.28
07:32:06,182.06,62.0,185.2,15.0,180.79,114.0,188.0,75.0,3.1399999999999864,176.0,90.0,0.6607798423505381,182.06,185.2,266,86.0,43.0,0.32
07:32:07,181.39,46.0,187.7,50.0,179.25,80.0,235.4,10.0,6.310000000000002,126.0,60.0,0.6344525199388643,181.38999999999996,187.7,186,66.0,-80.0,0.35
07:32:08,181.0,100.0,184.18,34.0,174.0,38.0,191.19,42.0,3.180000000000007,138.0,76.0,0.8124838460282806,181.0,184.18,214,62.0,28.0,0.29
07:32:09,181.0,29.0,183.0,24.0,174.0,8.0,187.25,40.0,2.0,37.0,64.0,1.0836373932533978,181.0,183.0,101,-27.0,-113.0,-0.27
07:32:10,181.25,20.0,186.98,44.0,179.25,20.0,347.57,28.0,5.72999999999999,40.0,72.0,1.0598018683022923,181.25,186.98,112,-32.0,11.0,-0.29
07:32:11,185.13,15.0,188.0,64.0,182.62,32.0,555.0,26.0,2.8700000000000045,47.0,90.0,1.795906456377083,185.13,188.0,137,-43.0,25.0,-0.31
07:32:12,186.0,26.0,235.87,46.0,181.0,39.0,463.44,16.0,49.870000000000005,65.0,62.0,12.252979229561102,186.0,235.87,127,3.0,-10.0,0.02
07:32:13,186.0,14.0,188.0,28.0,181.0,21.0,257.0,21.0,2.0,35.0,49.0,11.80516285360162,186.0,188.0,84,-14.0,-43.0,-0.17
07:32:14,186.0,8.0,188.0,16.0,181.0,12.0,257.0,12.0,2.0,20.0,28.0,11.138081971329504,186.0,188.0,48,-8.0,-36.0,-0.17
07:32:15,186.0,12.0,188.0,24.0,182.67,18.0,257.0,18.0,2.0,30.0,42.0,10.751509196389838,186.0,188.0,72,-12.0,24.0,-0.17
07:32:16,186.0,14.0,188.0,28.0,183.0,21.0,301.8,15.0,2.0,35.0,43.0,10.701821340316574,186.0,188.0,78,-8.0,6.0,-0.1
07:32:17,183.48,25.0,188.0,44.0,181.64,33.0,352.1,29.0,4.52000000000001,58.0,73.0,0.5634891303801521,183.48,188.0,131,-15.0,53.0,-0.11
07:32:18,183.0,12.0,188.0,24.0,182.0,18.0,530.17,18.0,5.0,30.0,42.0,0.7606050223714346,183.0,188.0,72,-12.0,-59.0,-0.17
07:32:19,183.0,18.0,188.0,36.0,182.0,27.0,476.89,27.0,5.0,45.0,63.0,0.7839132605439952,183.0,188.0,108,-18.0,36.0,-0.17
07:32:20,183.0,23.0,185.0,13.0,182.0,39.0,188.53,43.0,2.0,62.0,56.0,1.0660769203283837,183.0,185.0,118,6.0,10.0,0.05
07:32:21,182.09,23.0,185.72,36.0,181.17,36.0,225.44,36.0,3.6299999999999955,59.0,72.0,0.8988437016839945,182.08999999999997,185.72,131,-13.0,13.0,-0.1
07:32:22,182.0,16.0,183.0,24.0,181.0,24.0,189.62,32.0,1.0,40.0,56.0,1.2617448236696358,182.0,183.0,96,-16.0,-35.0,-0.17
07:32:23,182.0,8.0,183.0,12.0,181.0,12.0,190.0,16.0,1.0,20.0,28.0,1.249799984020344,182.0,183.0,48,-8.0,-48.0,-0.17
07:32:24,181.0,26.0,183.0,27.0,179.56,32.0,190.0,36.0,2.0,58.0,63.0,0.9093954035827339,181.0,183.0,121,-5.0,73.0,-0.04
07:32:25,180.0,36.0,183.0,18.0,176.0,24.0,190.0,24.0,3.0,60.0,42.0,0.8955445271216222,180.0,183.0,102,18.0,-19.0,0.18
07:32:26,180.0,24.0,183.0,12.0,176.0,16.0,190.0,16.0,3.0,40.0,28.0,0.5000000000575686,180.0,183.0,68,12.0,-34.0,0.18
07:32:27,180.0,50.0,183.0,30.0,176.0,40.0,193.0,40.0,3.0,90.0,70.0,0.4472135955643484,180.0,183.0,160,20.0,92.0,0.12
07:32:28,181.0,10.0,183.0,38.0,180.0,10.0,191.5,40.0,2.0,20.0,78.0,0.27386127885775075,181.0,183.0,98,-58.0,-62.0,-0.59
07:32:29,181.0,8.0,183.0,35.0,177.0,20.0,190.0,32.0,2.0,28.0,67.0,0.27386127885775075,181.0,183.0,95,-39.0,-3.0,-0.41
07:32:30,180.81,27.0,182.88,48.0,176.88,32.0,187.0,42.0,2.069999999999993,59.0,90.0,0.25321927268198774,180.81,182.88,149,-31.0,54.0,-0.21
07:32:31,177.54,13.0,182.26,35.0,174.3,54.0,185.71,28.0,4.719999999999999,67.0,63.0,0.8891119164973761,177.54,182.26,130,4.0,-19.0,0.03
07:32:32,175.38,13.0,182.0,40.0,173.36,53.0,185.0,30.0,6.6200000000000045,66.0,70.0,1.51548012196061,175.38,182.0,136,-4.0,6.0,-0.03
07:32:33,176.5,4.0,182.0,16.0,174.08,13.0,185.0,12.0,5.5,17.0,28.0,1.5091156350849504,176.5,182.0,45,-11.0,-91.0,-0.24
07:32:34,175.0,13.0,181.31,52.0,173.15,52.0,182.75,48.0,6.310000000000002,65.0,100.0,1.427841027586043,175.0,181.31,165,-35.0,120.0,-0.21
07:32:35,175.0,10.0,181.18,34.0,173.0,40.0,182.24,37.0,6.180000000000007,50.0,71.0,0.7664724392031728,175.0,181.18,121,-21.0,-44.0,-0.17
07:32:36,175.5,10.0,182.05,19.0,172.8,40.0,184.83,35.0,6.550000000000011,50.0,54.0,0.4809573786294273,175.5,182.05,104,-4.0,-17.0,-0.04
07:32:37,176.33,18.0,183.0,12.0,173.78,36.0,191.0,96.0,6.6699999999999875,54.0,108.0,0.6866003204616583,176.33,183.0,162,-54.0,58.0,-0.33
07:32:38,175.65,26.0,182.73,15.0,174.03,64.0,190.91,89.0,7.079999999999984,90.0,104.0,0.6769638100061578,175.65000000000003,182.73,194,-14.0,32.0,-0.07
07:32:39,177.0,10.0,182.0,40.0,174.1,40.0,183.0,10.0,5.0,50.0,50.0,0.6326373369142916,177.0,182.0,100,0.0,-94.0,0.0
07:32:40,177.95,21.0,182.31,61.0,173.23,83.0,186.19,36.0,4.360000000000014,104.0,97.0,0.5073756005741079,177.95,182.31,201,7.0,101.0,0.03
07:32:41,175.72,18.0,179.0,56.0,173.38,52.0,180.53,40.0,3.280000000000001,70.0,96.0,1.067356547765542,175.72,179.0,166,-26.0,-35.0,-0.16
07:32:53,176.91,23.0,178.0,16.0,175.6,15.0,179.0,64.0,1.0900000000000034,38.0,80.0,1.5872869936021816,176.91,178.0,118,-42.0,-52.0,-0.36
07:32:54,172.29,63.0,179.0,128.0,167.74,31.0,181.0,112.0,6.710000000000008,94.0,240.0,1.1022703842789956,172.29,179.0,334,-146.0,168.0,-0.44
07:32:55,170.38,94.0,179.0,96.0,168.49,37.0,181.0,84.0,8.620000000000005,131.0,180.0,1.0750906938759015,170.38,179.0,311,-49.0,-23.0,-0.16
07:32:56,172.91,99.0,179.0,88.0,167.91,22.0,181.0,45.0,6.090000000000003,121.0,133.0,0.9966794871263954,172.91,179.0,254,-12.0,-57.0,-0.05
07:32:57,174.94,153.0,179.9,51.0,168.59,34.0,181.25,56.0,4.960000000000008,187.0,107.0,1.1965659196460825,174.94,179.9,294,80.0,40.0,0.27
07:32:58,174.94,82.0,177.76,49.0,169.82,22.0,179.41,37.0,2.819999999999993,104.0,86.0,0.998323594862157,174.94,177.76,190,18.0,-104.0,0.09
07:32:59,169.04,149.0,181.0,28.0,168.08,52.0,182.0,56.0,11.960000000000008,201.0,84.0,1.090059631423213,169.04,181.0,285,117.0,95.0,0.41
07:33:00,169.81,93.0,181.4,15.0,168.66,71.0,189.48,42.0,11.590000000000003,164.0,57.0,0.8998166480225214,169.81,181.4,221,107.0,-64.0,0.48
07:33:01,174.39,44.0,182.0,54.0,169.63,138.0,519.93,70.0,7.610000000000014,182.0,124.0,1.2965454099484648,174.39,182.0,306,58.0,85.0,0.19
07:33:02,176.67,43.0,182.0,42.0,174.14,35.0,185.0,42.0,5.3300000000000125,78.0,84.0,1.8127741172187946,176.67,182.0,162,-6.0,-144.0,-0.04
07:33:03,181.0,112.0,182.0,36.0,174.45,22.0,185.0,39.0,1.0,134.0,75.0,2.67850704685618,181.0,182.0,209,59.0,47.0,0.28
07:33:04,181.0,56.0,182.0,16.0,174.0,32.0,185.0,24.0,1.0,88.0,40.0,2.4787254789625304,181.0,182.0,128,48.0,-81.0,0.38
07:33:05,181.0,49.0,183.12,16.0,174.0,28.0,252.14,21.0,2.1200000000000045,77.0,37.0,1.6668593222158319,181.0,183.12,114,40.0,-14.0,0.35
07:33:06,181.25,81.0,337.8,40.0,174.96,51.0,438.41,44.0,156.55,132.0,84.0,35.08595274465345,181.25,337.8,216,48.0,102.0,0.22
07:33:07,186.0,24.0,398.0,14.0,181.0,42.0,420.8,10.0,212.0,66.0,24.0,52.7907063790593,186.0,398.0,90,42.0,-126.0,0.47
07:33:08,186.0,36.0,364.33,12.0,181.0,63.0,417.96,25.0,178.32999999999998,99.0,37.0,52.63611022862584,186.0,364.33,136,62.0,46.0,0.46
07:33:09,186.0,12.0,369.0,3.0,181.0,21.0,425.82,11.0,183.0,33.0,14.0,43.581648660876134,186.0,369.0,47,19.0,-89.0,0.4
07:33:10,187.45,22.0,257.0,30.0,185.19,43.0,353.0,25.0,69.55000000000001,65.0,55.0,26.681355475313566,187.45,257.0,120,10.0,73.0,0.08
07:33:11,188.2,15.0,259.78,18.0,186.0,32.0,288.08,26.0,71.57999999999998,47.0,44.0,32.66142020794635,188.2,259.78,91,3.0,-29.0,0.03
07:33:12,189.0,8.0,226.0,22.0,186.0,32.0,260.43,21.0,37.0,40.0,43.0,32.64718778088013,189.0,226.0,83,-3.0,-8.0,-0.04
07:33:13,189.0,8.0,220.33,18.0,186.0,44.0,227.73,22.0,31.330000000000013,52.0,40.0,29.414212041121406,189.0,220.33,92,12.0,9.0,0.13
07:33:14,186.0,130.0,219.9,20.0,183.0,130.0,251.17,35.0,33.900000000000006,260.0,55.0,10.049070603794899,186.0,219.9,315,205.0,168.0,0.65
07:33:15,186.0,143.0,217.6,30.0,183.0,143.0,240.37,38.0,31.599999999999994,286.0,68.0,9.093897404306679,186.0,217.6,354,218.0,39.0,0.62
07:33:16,186.0,117.0,214.05,42.0,183.0,117.0,215.24,21.0,28.05000000000001,234.0,63.0,2.8552180302136176,186.0,214.05,297,171.0,-57.0,0.58
07:33:17,186.0,182.0,212.06,33.0,183.0,191.0,213.16,55.0,26.060000000000002,373.0,88.0,2.255244997790142,186.0,212.06,461,285.0,164.0,0.62
07:33:18,186.04,204.0,195.62,66.0,183.47,249.0,196.22,68.0,9.580000000000013,453.0,134.0,4.7750738214249955,186.04,195.62,587,319.0,126.0,0.54
07:33:19,186.45,47.0,188.55,22.0,185.29,119.0,189.38,32.0,2.1000000000000227,166.0,54.0,6.281435345528863,186.45,188.55,220,112.0,-168.0,0.51
07:33:20,186.21,141.0,188.59,54.0,183.09,159.0,191.6,50.0,2.3799999999999955,300.0,104.0,6.163410581817512,186.21,188.59,404,196.0,168.0,0.49
07:33:21,187.0,88.0,188.0,72.0,186.0,18.0,216.33,72.0,1.0,106.0,144.0,5.0116933266173245,187.0,188.0,250,-38.0,-154.0,-0.15
07:33:22,187.0,30.0,188.0,44.0,186.0,11.0,205.52,54.0,1.0,41.0,98.0,1.5010263155791554,187.0,188.0,139,-57.0,-111.0,-0.41
07:33:23,186.0,11.0,190.36,28.0,183.0,154.0,202.67,61.0,4.360000000000014,165.0,89.0,0.3182451885908984,186.0,190.35999999999999,254,76.0,115.0,0.3
07:33:24,184.44,27.0,188.33,33.0,182.83,199.0,189.74,43.0,3.890000000000015,226.0,76.0,0.6419345761534555,184.44,188.33,302,150.0,48.0,0.5
07:33:25,183.0,182.0,186.31,26.0,181.0,221.0,189.7,44.0,3.3100000000000023,403.0,70.0,1.3843157154570693,183.0,186.31,473,333.0,168.0,0.7
07:33:26,183.0,160.0,184.15,26.0,181.0,141.0,185.85,26.0,1.1500000000000057,301.0,52.0,1.9245389058321363,183.0,184.15000000000003,353,249.0,-120.0,0.71
07:33:27,183.0,122.0,186.9,31.0,181.0,77.0,220.73,37.0,3.9000000000000057,199.0,68.0,1.7799859550180908,183.0,186.9,267,131.0,-86.0,0.49
07:33:28,183.0,130.0,190.0,65.0,181.0,139.0,326.49,43.0,7.0,269.0,108.0,1.2343540821262389,183.0,190.0,377,161.0,110.0,0.43
07:33:29,183.0,140.0,190.0,70.0,181.0,154.0,242.7,50.0,7.0,294.0,120.0,1.2612414519281063,183.0,190.0,414,174.0,37.0,0.42
07:33:30,183.0,91.0,189.85,53.0,181.0,121.0,238.27,55.0,6.849999999999994,212.0,108.0,1.3033418584782885,183.0,189.85,320,104.0,-94.0,0.33
07:33:31,181.6,47.0,189.0,20.0,180.88,25.0,190.4,25.0,7.400000000000006,72.0,45.0,0.7495198463426905,181.59999999999997,189.0,117,27.0,-168.0,0.23
07:33:32,181.24,50.0,188.9,40.0,180.94,70.0,191.0,50.0,7.659999999999997,120.0,90.0,0.7110696168882218,181.24,188.9,210,30.0,93.0,0.14
07:33:33,181.0,121.0,182.71,34.0,180.0,11.0,188.17,90.0,1.710000000000008,132.0,124.0,1.8894364239269232,181.0,182.71,256,8.0,46.0,0.03
07:33:34,181.0,70.0,182.0,25.0,180.0,10.0,188.0,50.0,1.0,80.0,75.0,2.2113276555187245,181.0,182.0,155,5.0,-101.0,0.03
07:33:35,181.0,56.0,182.0,16.0,180.0,8.0,188.0,40.0,1.0,64.0,56.0,1.9613592225959362,181.0,182.0,120,8.0,-35.0,0.07
07:33:36,180.81,26.0,183.58,19.0,178.57,21.0,195.62,40.0,2.7700000000000102,47.0,59.0,1.507736714437312,180.81,183.58,106,-12.0,-14.0,-0.11
07:33:37,143.0,45.0,187.94,53.0,117.0,55.0,243.45,55.0,44.94,100.0,108.0,7.29073864571093,143.0,187.94,208,-8.0,102.0,-0.04
07:33:38,133.86,56.0,199.15,39.0,83.0,60.0,266.13,54.0,65.28999999999999,116.0,93.0,8.633587319304958,133.86,199.15,209,23.0,1.0,0.11
07:33:39,161.85,65.0,177.0,13.0,93.91,57.0,261.77,65.0,15.150000000000006,122.0,78.0,8.190572019099992,161.85,177.0,200,44.0,-9.0,0.22
07:33:41,146.8,87.0,178.42,45.0,85.88,80.0,275.3,27.0,31.619999999999976,167.0,72.0,4.097362566342453,146.8,178.42,239,95.0,111.0,0.4
07:33:43,165.14,29.0,178.29,28.0,126.6,25.0,179.38,26.0,13.150000000000006,54.0,54.0,7.321255356840417,165.14,178.29,108,0.0,-9.0,0.0
07:33:51,161.55,29.0,439.0,36.0,159.44,27.0,464.1,21.0,277.45,56.0,57.0,59.0225158731823,161.55,439.0,113,-1.0,29.0,-0.01
07:33:52,163.73,11.0,321.26,53.0,162.0,22.0,337.52,21.0,157.53,33.0,74.0,60.79485520996044,163.73,321.26,107,-41.0,-6.0,-0.38
07:33:53,166.0,14.0,177.0,70.0,163.5,40.0,178.38,56.0,11.0,54.0,126.0,60.98234924959888,166.0,177.0,180,-72.0,73.0,-0.4
07:33:54,169.71,14.0,178.0,40.0,167.4,10.0,179.0,24.0,8.289999999999992,24.0,64.0,59.319036404851126,169.71,178.0,88,-40.0,-92.0,-0.45
07:33:58,154.58,24.0,177.28,25.0,102.75,69.0,179.0,22.0,22.69999999999999,93.0,47.0,4.4371691426025635,154.58,177.28,140,46.0,-30.0,0.33
07:33:59,155.0,12.0,177.0,22.0,51.24,90.0,179.0,12.0,22.0,102.0,34.0,4.371136007957739,155.0,177.0,136,68.0,-4.0,0.5
07:34:00,160.75,142.0,218.0,20.0,67.46,67.0,243.78,18.0,57.25,209.0,38.0,10.235279673758987,160.75,218.0,247,171.0,111.0,0.69
07:34:01,161.25,68.0,302.4,10.0,159.35,125.0,454.1,10.0,141.14999999999998,193.0,20.0,28.757535186452607,161.25,302.4,213,173.0,-34.0,0.81
07:34:02,162.44,36.0,180.91,35.0,156.49,118.0,278.79,14.0,18.47,154.0,49.0,27.898425582818458,162.44,180.91,203,105.0,-10.0,0.52
07:34:03,166.72,25.0,233.0,13.0,158.9,29.0,503.76,17.0,66.28,54.0,30.0,26.186393031497424,166.72,233.0,84,24.0,-119.0,0.29
07:34:04,182.0,7.0,233.0,7.0,175.86,14.0,388.0,13.0,51.0,21.0,20.0,22.26988280166858,182.0,233.0,41,1.0,-43.0,0.02
07:34:05,183.2,10.0,316.4,10.0,181.2,10.0,374.0,14.0,133.2,20.0,24.0,30.062091078300757,183.2,316.4,44,-4.0,3.0,-0.09
07:34:06,182.0,8.0,372.0,24.0,181.0,16.0,436.62,8.0,190.0,24.0,32.0,41.913335825248346,182.0,372.0,56,-8.0,12.0,-0.14
07:34:07,187.88,48.0,372.0,30.0,181.82,11.0,551.0,10.0,184.12,59.0,40.0,37.7092535062687,187.88,372.0,99,19.0,43.0,0.19
07:34:08,188.14,29.0,399.67,27.0,186.44,27.0,435.24,17.0,211.53000000000003,56.0,44.0,34.21568236934682,188.14,399.67,100,12.0,1.0,0.12
07:34:11,188.0,52.0,264.0,12.0,137.0,42.0,683.0,8.0,76.0,94.0,20.0,63.36158710133461,188.0,264.0,114,74.0,-63.0,0.65
07:34:12,188.0,78.0,275.0,18.0,95.81,42.0,598.83,12.0,87.0,120.0,30.0,71.4759050309964,188.0,275.0,150,90.0,36.0,0.6
07:34:13,188.0,156.0,221.6,50.0,106.6,102.0,297.85,41.0,33.599999999999994,258.0,91.0,82.41571148755573,188.0,221.6,349,167.0,168.0,0.48
07:34:14,188.0,153.0,199.77,69.0,172.0,45.0,201.17,65.0,11.77000000000001,198.0,134.0,55.25485933381824,188.0,199.77,332,64.0,-17.0,0.19
07:34:15,188.0,110.0,195.0,55.0,180.24,49.0,197.0,55.0,7.0,159.0,110.0,18.346102583384088,188.0,195.0,269,49.0,-63.0,0.18
07:34:16,188.0,70.0,194.29,31.0,183.0,35.0,196.14,35.0,6.289999999999992,105.0,66.0,17.105518992420407,188.0,194.29,171,39.0,-98.0,0.23
07:34:17,188.0,109.0,190.06,51.0,184.35,65.0,191.24,51.0,2.0600000000000023,174.0,102.0,6.239027969167862,188.0,190.06,276,72.0,105.0,0.26
07:34:18,187.59,37.0,190.12,40.0,184.06,34.0,191.67,30.0,2.530000000000001,71.0,70.0,2.059133312843087,187.59,190.12,141,1.0,-135.0,0.01
07:34:19,184.56,41.0,188.43,35.0,182.5,60.0,190.51,45.0,3.8700000000000045,101.0,80.0,2.0229260985168973,184.56,188.43,181,21.0,40.0,0.12
07:34:20,183.0,40.0,184.14,37.0,182.0,60.0,345.24,34.0,1.1399999999999864,100.0,71.0,2.8924902765716425,183.0,184.14,171,29.0,-10.0,0.17
07:34:21,183.0,8.0,184.0,16.0,182.0,24.0,247.0,12.0,1.0,32.0,28.0,2.7080897326458957,183.0,184.0,60,4.0,-111.0,0.07
07:34:22,182.47,30.0,184.0,44.0,181.7,54.0,500.38,32.0,1.5300000000000011,84.0,76.0,2.4730042458642423,182.47,184.0,160,8.0,100.0,0.05
07:34:23,182.79,19.0,356.22,27.0,181.88,32.0,530.84,19.0,173.43000000000004,51.0,46.0,38.176072349052056,182.79,356.22,97,5.0,-63.0,0.05
07:34:28,182.86,35.0,356.58,48.0,181.23,26.0,442.83,47.0,173.71999999999997,61.0,95.0,54.28502353319932,182.86,356.58,156,-34.0,46.0,-0.22
07:34:29,183.71,52.0,223.67,45.0,182.16,32.0,246.43,35.0,39.95999999999998,84.0,80.0,84.8571863191328,183.71,223.67,164,4.0,8.0,0.02
07:34:30,184.0,24.0,244.0,16.0,182.0,12.0,245.0,20.0,60.0,36.0,36.0,74.94874401882953,184.0,244.0,72,0.0,-92.0,0.0
07:34:31,184.0,54.0,225.18,44.0,182.0,28.0,243.22,37.0,41.18000000000001,82.0,81.0,65.89839580748568,184.0,225.18,163,1.0,91.0,0.01
07:34:32,184.0,45.0,189.88,69.0,182.08,52.0,199.99,67.0,5.8799999999999955,97.0,136.0,31.68525477252887,184.0,189.88,233,-39.0,70.0,-0.17
07:34:33,183.04,52.0,184.82,55.0,182.44,25.0,196.92,66.0,1.7800000000000011,77.0,121.0,12.748609728126072,183.04,184.82,198,-44.0,-35.0,-0.22
07:34:34,181.84,19.0,202.6,30.0,169.0,9.0,326.07,27.0,20.75999999999999,28.0,57.0,12.641998655278831,181.84,202.6,85,-29.0,-113.0,-0.34
07:34:35,181.84,31.0,280.8,15.0,155.29,7.0,525.06,32.0,98.96000000000001,38.0,47.0,19.30768888293133,181.84,280.8,85,-9.0,0.0,-0.11
07:34:36,182.86,58.0,277.31,29.0,181.94,69.0,280.53,19.0,94.44999999999999,127.0,48.0,23.74677557059206,182.86,277.31,175,79.0,90.0,0.45
07:34:37,182.0,120.0,264.0,34.0,181.0,10.0,329.19,42.0,82.0,130.0,76.0,22.36415144824558,182.0,264.0,206,54.0,31.0,0.26
07:34:38,182.29,84.0,256.12,24.0,181.8,30.0,263.75,24.0,73.83000000000001,114.0,48.0,15.873262739590183,182.29,256.12,162,66.0,-44.0,0.41
07:34:39,183.25,24.0,256.0,27.0,182.01,86.0,268.0,27.0,72.75,110.0,54.0,5.738019693244344,183.25,256.0,164,56.0,2.0,0.34
07:34:40,181.96,69.0,252.88,24.0,180.4,15.0,256.32,22.0,70.91999999999999,84.0,46.0,5.019608550480919,181.96,252.88,130,38.0,-34.0,0.29
07:34:41,183.33,15.0,250.09,33.0,143.43,47.0,254.0,22.0,66.75999999999999,62.0,55.0,2.448707822518277,183.33,250.08999999999997,117,7.0,-13.0,0.06
07:34:42,186.65,31.0,249.75,32.0,134.34,29.0,253.04,23.0,63.099999999999994,60.0,55.0,1.2103594507676436,186.65,249.75,115,5.0,-2.0,0.04
07:34:43,184.82,11.0,247.64,14.0,116.83,18.0,248.29,21.0,62.81999999999999,29.0,35.0,1.3356009883429885,184.82,247.64000000000001,64,-6.0,-51.0,-0.09
07:34:44,188.0,18.0,245.57,21.0,181.0,9.0,246.5,12.0,57.56999999999999,27.0,33.0,0.7604275113795859,188.0,245.57000000000002,60,-6.0,-4.0,-0.1
07:34:45,186.12,16.0,245.0,24.0,182.88,8.0,246.0,16.0,58.879999999999995,24.0,40.0,0.9719413562880677,186.12,245.0,64,-16.0,4.0,-0.25
07:34:46,179.13,77.0,222.47,60.0,147.46,41.0,332.05,43.0,43.34,118.0,103.0,7.174596155886704,179.13,222.47,221,15.0,157.0,0.07
07:34:47,178.08,72.0,194.14,42.0,154.88,42.0,395.71,42.0,16.059999999999974,114.0,84.0,13.500876638206375,178.08,194.14,198,30.0,-23.0,0.15
07:34:48,182.73,33.0,193.36,33.0,176.55,33.0,446.82,33.0,10.630000000000024,66.0,66.0,14.574850599579705,182.73,193.36,132,0.0,-66.0,0.0
07:34:49,183.55,33.0,191.82,33.0,182.0,33.0,294.09,33.0,8.269999999999982,66.0,66.0,12.601811377737375,183.55,191.82,132,0.0,0.0,0.0
07:34:50,184.0,27.0,190.0,15.0,151.25,8.0,463.6,15.0,6.0,35.0,30.0,6.122317371720728,184.0,190.0,65,5.0,-67.0,0.08
07:34:51,184.0,48.0,189.62,24.0,145.57,56.0,357.25,24.0,5.6200000000000045,104.0,48.0,0.7597038897323728,184.0,189.62,152,56.0,87.0,0.37
07:34:52,184.0,72.0,186.92,36.0,148.47,114.0,195.67,36.0,2.9199999999999875,186.0,72.0,0.9965691145497916,184.0,186.92,258,114.0,106.0,0.44
07:34:53,184.0,30.0,185.0,15.0,153.4,35.0,187.0,15.0,1.0,65.0,30.0,1.2844843323586494,184.0,185.0,95,35.0,-163.0,0.37
07:34:54,143.55,97.0,177.14,28.0,91.82,66.0,220.54,39.0,33.589999999999975,163.0,67.0,11.495378201698143,143.55,177.14000000000001,230,96.0,135.0,0.42
07:34:55,164.94,96.0,222.0,27.0,157.58,77.0,271.0,20.0,57.06,173.0,47.0,12.668927736792742,164.94,222.0,220,126.0,-10.0,0.57
07:34:57,188.0,52.0,383.62,29.0,183.0,52.0,523.33,30.0,195.62,104.0,59.0,86.83653418924581,188.0,383.62,163,45.0,-35.0,0.28
07:34:58,188.0,24.0,430.0,18.0,183.0,24.0,574.0,6.0,242.0,48.0,24.0,85.31710947986956,188.0,430.0,72,24.0,-91.0,0.33
07:34:59,188.0,27.0,350.64,22.0,183.0,36.0,650.67,15.0,162.64,63.0,37.0,63.54910597325536,188.0,350.64,100,26.0,28.0,0.26
07:35:00,188.29,14.0,326.73,11.0,183.11,45.0,516.24,17.0,138.44000000000003,59.0,28.0,43.835860091938834,188.29,326.73,87,31.0,-13.0,0.36
07:35:01,189.33,36.0,263.37,27.0,188.0,9.0,406.75,16.0,74.03999999999999,45.0,43.0,30.951304819022535,189.33,263.37,88,2.0,1.0,0.02
07:35:02,190.89,36.0,262.09,44.0,188.0,11.0,426.82,22.0,71.19999999999999,47.0,66.0,34.36433951060391,190.89,262.09,113,-19.0,25.0,-0.17
07:35:03,191.0,18.0,260.33,36.0,185.67,27.0,425.0,18.0,69.32999999999998,45.0,54.0,20.825170347444022,191.0,260.33,99,-9.0,-14.0,-0.09
07:35:04,187.44,36.0,349.05,20.0,185.15,26.0,445.8,15.0,161.61,62.0,35.0,20.464649520577233,187.44,349.05,97,27.0,-2.0,0.28
07:35:05,186.14,28.0,295.82,11.0,183.29,34.0,336.64,11.0,109.68,62.0,22.0,18.324525096167253,186.14000000000001,295.82,84,40.0,-13.0,0.48
07:35:06,184.0,26.0,281.1,39.0,183.0,100.0,316.36,11.0,97.10000000000002,126.0,50.0,17.571636804807426,184.0,281.1,176,76.0,92.0,0.43
07:35:07,184.0,42.0,281.0,45.0,183.0,87.0,282.0,9.0,97.0,129.0,54.0,16.704219526816043,184.0,281.0,183,75.0,7.0,0.41
07:35:08,184.0,41.0,280.38,13.0,183.0,63.0,281.02,41.0,96.38,104.0,54.0,15.519337292554143,184.0,280.38,158,50.0,-25.0,0.32
07:35:09,184.0,36.0,279.19,31.0,183.0,77.0,280.88,40.0,95.19,113.0,71.0,3.9402576058000505,184.0,279.19,184,42.0,26.0,0.23
07:35:10,184.0,8.0,270.5,40.0,183.0,56.0,279.38,16.0,86.5,64.0,56.0,2.2501933250426758,184.0,270.5,120,8.0,-64.0,0.07
07:35:11,184.0,6.0,245.0,30.0,183.0,42.0,279.0,30.0,61.0,48.0,60.0,7.62906088585408,184.0,245.0,108,-12.0,-12.0,-0.11
07:35:12,184.0,10.0,242.88,26.0,183.0,70.0,249.76,34.0,58.879999999999995,80.0,60.0,9.178155043366328,184.0,242.88,140,20.0,32.0,0.14
07:35:13,183.38,26.0,229.65,20.0,182.81,64.0,240.21,29.0,46.27000000000001,90.0,49.0,10.406311546368078,183.38,229.65,139,41.0,-1.0,0.29
07:35:14,183.0,26.0,213.67,43.0,182.0,39.0,214.71,34.0,30.669999999999987,65.0,77.0,10.694760399376769,183.0,213.67,142,-12.0,3.0,-0.08
07:35:15,182.78,18.0,206.76,29.0,181.72,29.0,208.86,28.0,23.97999999999999,47.0,57.0,8.824419527656277,182.78,206.76,104,-10.0,-38.0,-0.1
07:35:16,181.0,24.0,182.76,17.0,175.7,30.0,198.85,20.0,1.759999999999991,54.0,37.0,12.005065597491974,181.0,182.76,91,17.0,-13.0,0.19
07:35:17,153.38,13.0,179.0,22.0,129.21,19.0,180.0,21.0,25.620000000000005,32.0,43.0,15.78774366399742,153.38,179.0,75,-11.0,-16.0,-0.15
07:35:18,163.4,10.0,221.17,18.0,133.6,10.0,261.71,14.0,57.76999999999998,20.0,32.0,12.996567623803301,163.4,221.17,52,-12.0,-23.0,-0.23
07:35:19,169.62,8.0,355.03,32.0,147.0,8.0,521.31,16.0,185.40999999999997,16.0,48.0,36.88539751717588,169.62,355.03,64,-32.0,12.0,-0.5
07:35:20,188.0,34.0,306.0,40.0,180.54,13.0,670.8,5.0,118.0,47.0,45.0,42.22397814038938,188.0,306.0,92,2.0,28.0,0.02
07:35:21,188.0,45.0,340.44,45.0,184.0,18.0,414.83,30.0,152.44,63.0,75.0,44.539577119681674,188.0,340.44,138,-12.0,46.0,-0.09
07:35:22,186.22,18.0,342.67,30.0,151.12,8.0,532.0,30.0,156.45000000000002,26.0,60.0,30.92529191454885,186.22,342.67,86,-34.0,-52.0,-0.4
07:35:23,149.83,6.0,231.5,24.0,88.0,5.0,375.0,25.0,81.66999999999999,11.0,49.0,31.6256252112122,149.83,231.5,60,-38.0,-26.0,-0.63
07:35:29,144.0,12.0,177.5,12.0,141.5,8.0,179.08,26.0,33.5,20.0,38.0,2.4094335434075873,144.0,177.5,58,-18.0,2.0,-0.31
07:35:30,164.67,21.0,178.77,22.0,146.83,42.0,179.33,18.0,14.100000000000023,63.0,40.0,6.563934033801382,164.67,178.77,103,23.0,45.0,0.22
07:35:31,152.33,6.0,179.0,15.0,124.68,25.0,180.0,5.0,26.669999999999987,31.0,20.0,6.157016322870612,152.33,179.0,51,11.0,-52.0,0.22
07:35:32,162.0,23.0,278.3,57.0,143.57,28.0,406.53,49.0,116.30000000000001,51.0,106.0,25.58044370217393,162.0,278.3,157,-55.0,106.0,-0.35
07:35:35,176.6,15.0,378.23,26.0,145.5,12.0,511.0,19.0,201.63000000000002,27.0,45.0,82.90628245193514,176.6,378.22999999999996,72,-18.0,-8.0,-0.25
07:35:36,182.38,74.0,281.82,51.0,142.15,78.0,329.24,45.0,99.44,152.0,96.0,64.48352828436146,182.38,281.82,248,56.0,168.0,0.23
07:35:37,182.07,61.0,285.0,30.0,161.88,25.0,306.0,30.0,102.93,86.0,60.0,61.19513036181916,182.07,285.0,146,26.0,-102.0,0.18
07:35:38,182.88,41.0,283.3,20.0,181.46,46.0,371.25,24.0,100.42000000000002,87.0,44.0,47.93214735435972,182.88,283.3,131,43.0,-15.0,0.33
07:35:39,188.0,48.0,237.53,19.0,182.0,56.0,453.14,21.0,49.53,104.0,40.0,23.82042715822001,188.0,237.52999999999997,144,64.0,13.0,0.44
07:35:40,188.0,30.0,214.36,33.0,182.0,77.0,292.32,28.0,26.360000000000014,107.0,61.0,14.793358983005591,188.0,214.36,168,46.0,24.0,0.27
07:35:41,183.05,57.0,258.15,39.0,181.47,75.0,267.92,39.0,75.09999999999997,132.0,78.0,13.794109974915862,183.05,258.15,210,54.0,42.0,0.26
07:35:42,182.0,28.0,248.79,19.0,181.0,35.0,276.86,21.0,66.78999999999999,63.0,40.0,11.639438560346232,182.0,248.79000000000002,103,23.0,-107.0,0.22
07:35:43,182.0,40.0,246.38,26.0,181.0,50.0,255.17,18.0,64.38,90.0,44.0,7.150232863346213,182.0,246.38,134,46.0,31.0,0.34
07:35:44,183.64,22.0,201.45,22.0,181.88,41.0,258.44,18.0,17.810000000000002,63.0,40.0,11.552548203754775,183.64,201.45,103,23.0,-31.0,0.22
07:35:45,182.8,50.0,191.06,51.0,181.47,77.0,199.81,32.0,8.259999999999991,127.0,83.0,15.1075517540096,182.8,191.06,210,44.0,107.0,0.21
07:35:46,182.0,48.0,189.53,36.0,181.0,64.0,194.11,35.0,7.530000000000001,112.0,71.0,14.679464567894865,182.0,189.53,183,41.0,-27.0,0.22
07:35:47,181.76,62.0,183.79,42.0,180.27,66.0,185.72,18.0,2.030000000000001,128.0,60.0,12.664576581950248,181.76,183.79,188,68.0,5.0,0.36
07:35:48,181.0,34.0,184.62,8.0,160.75,16.0,185.62,8.0,3.6200000000000045,50.0,16.0,4.00934907436162,181.0,184.62,66,34.0,-122.0,0.52
07:35:49,181.0,12.0,183.2,5.0,159.0,10.0,253.56,9.0,2.1999999999999886,22.0,14.0,2.132728299639886,181.0,183.2,36,8.0,-30.0,0.22
07:35:50,181.0,12.0,209.58,12.0,109.3,20.0,288.0,27.0,28.580000000000013,32.0,39.0,5.5194682714990195,181.0,209.58,71,-7.0,35.0,-0.1
07:35:51,187.53,32.0,322.29,21.0,108.0,35.0,0.0,0.0,134.76000000000002,67.0,21.0,31.42122021819141,187.53,322.29,88,46.0,17.0,0.52
07:35:52,188.0,48.0,380.94,34.0,181.5,32.0,435.4,15.0,192.94,80.0,49.0,46.917864188388585,188.0,380.94,129,31.0,41.0,0.24
07:35:53,188.0,30.0,293.71,21.0,184.0,15.0,404.75,20.0,105.70999999999998,45.0,41.0,42.405716949487754,188.0,293.71,86,4.0,-43.0,0.05
07:36:02,184.0,21.0,388.27,44.0,182.55,77.0,420.18,50.0,204.26999999999998,98.0,94.0,45.385342678006076,184.0,388.2699999999999,192,4.0,-68.0,0.02
07:36:03,184.0,30.0,340.5,16.0,183.0,35.0,386.87,23.0,156.5,65.0,39.0,55.336585998777096,184.0,340.5,104,26.0,-88.0,0.25
07:36:04,184.92,131.0,200.94,52.0,183.99,83.0,214.93,45.0,16.02000000000001,214.0,97.0,73.87014329213173,184.92,200.94,311,117.0,168.0,0.38
07:36:05,185.0,90.0,199.51,43.0,184.0,45.0,200.66,29.0,14.509999999999991,135.0,72.0,67.18980034201687,185.0,199.51000000000002,207,63.0,-104.0,0.3
07:36:06,185.8,80.0,197.12,48.0,184.83,120.0,198.72,64.0,11.319999999999993,200.0,112.0,45.691864374307436,185.8,197.12,312,88.0,105.0,0.28
07:36:07,187.82,44.0,195.57,53.0,185.0,110.0,196.51,35.0,7.75,154.0,88.0,31.383885514705057,187.82,195.57,242,66.0,-70.0,0.27
07:36:08,185.0,80.0,193.62,32.0,184.0,40.0,194.38,32.0,8.620000000000005,120.0,64.0,1.3648992637260486,185.0,193.62,184,56.0,-58.0,0.3
07:36:09,185.0,90.0,191.56,45.0,184.0,45.0,193.0,27.0,6.560000000000002,135.0,72.0,1.7124397799982016,185.0,191.56,207,63.0,23.0,0.3
07:36:10,185.0,80.0,190.38,40.0,184.0,40.0,193.0,24.0,5.3799999999999955,120.0,64.0,1.821079350308674,185.0,190.38,184,56.0,-23.0,0.3
07:36:11,185.0,95.0,189.64,55.0,184.0,55.0,193.0,33.0,4.639999999999986,150.0,88.0,1.7527321529888589,185.0,189.64,238,62.0,54.0,0.26
07:36:12,184.45,42.0,250.94,51.0,183.42,84.0,275.62,56.0,66.49000000000001,126.0,107.0,13.236549777042315,184.45,250.94,233,19.0,-5.0,0.08
07:36:13,186.67,18.0,458.22,27.0,183.36,33.0,555.0,36.0,271.55000000000007,51.0,63.0,58.34159648141375,186.67,458.22,114,-12.0,-119.0,-0.11
07:36:14,188.0,14.0,284.67,9.0,184.0,16.0,475.64,22.0,96.67000000000002,30.0,31.0,55.560311644195316,188.0,284.67,61,-1.0,-53.0,-0.02
07:36:15,188.0,18.0,197.4,15.0,184.0,21.0,245.12,32.0,9.400000000000006,39.0,47.0,54.637351875801095,188.0,197.4,86,-8.0,25.0,-0.09
07:36:16,186.08,26.0,193.77,39.0,183.17,54.0,195.62,39.0,7.689999999999998,80.0,78.0,54.124124196148486,186.07999999999998,193.77,158,2.0,72.0,0.01
07:36:17,186.57,23.0,192.48,23.0,183.21,39.0,194.56,27.0,5.909999999999997,62.0,50.0,57.333811315837956,186.57,192.48,112,12.0,-46.0,0.11
07:36:18,187.2,15.0,193.0,15.0,185.86,7.0,195.0,15.0,5.800000000000011,22.0,30.0,20.507295774921687,187.2,193.0,52,-8.0,-60.0,-0.15
07:36:19,188.0,33.0,189.73,45.0,187.0,33.0,191.0,33.0,1.7299999999999898,66.0,78.0,1.4634958148642647,188.0,189.73000000000002,144,-12.0,92.0,-0.08
07:36:20,187.0,33.0,189.0,65.0,185.0,13.0,190.0,39.0,2.0,46.0,104.0,0.8582074342055371,187.0,189.0,150,-58.0,6.0,-0.39
07:36:21,186.29,34.0,187.92,76.0,182.11,172.0,188.97,68.0,1.6299999999999955,206.0,144.0,1.1913647636747984,186.29,187.92,350,62.0,168.0,0.18
07:36:22,182.35,68.0,186.33,36.0,181.94,86.0,212.64,44.0,3.980000000000018,154.0,80.0,2.171135647564748,182.35,186.33,234,74.0,-116.0,0.32
07:36:23,182.22,73.0,184.0,22.0,181.93,115.0,401.0,18.0,1.7800000000000011,188.0,40.0,2.458033767084387,182.22,184.0,228,148.0,-6.0,0.65
07:36:24,182.13,102.0,315.37,27.0,181.45,40.0,432.74,27.0,133.24,142.0,54.0,28.29363479654251,182.13,315.37,196,88.0,-32.0,0.45
07:36:25,188.0,24.0,277.54,56.0,182.19,96.0,278.6,40.0,89.54000000000002,120.0,96.0,31.171870011279672,188.0,277.54,216,24.0,20.0,0.11
07:36:26,188.0,22.0,275.91,55.0,185.0,33.0,277.0,33.0,87.91000000000003,55.0,88.0,30.38147593518314,188.0,275.91,143,-33.0,-73.0,-0.23
07:36:27,185.21,28.0,272.2,66.0,182.07,120.0,273.21,70.0,86.98999999999998,148.0,136.0,24.70454047336457,185.21,272.2,284,12.0,141.0,0.04
07:36:28,185.0,28.0,267.57,46.0,182.0,126.0,269.88,66.0,82.57,154.0,112.0,8.80888869268447,185.0,267.57,266,42.0,-18.0,0.16
07:36:29,182.18,51.0,263.34,32.0,181.59,29.0,265.25,32.0,81.15999999999997,80.0,64.0,4.124782418517011,182.18,263.34,144,16.0,-122.0,0.11
07:36:30,182.19,31.0,258.72,58.0,181.41,41.0,260.27,60.0,76.53000000000003,72.0,118.0,4.582823365580236,182.19,258.72,190,-46.0,46.0,-0.24
07:36:31,182.0,18.0,254.73,41.0,181.0,18.0,256.12,49.0,72.72999999999999,36.0,90.0,4.2074136949091985,182.0,254.73000000000002,126,-54.0,-64.0,-0.43
07:36:32,182.0,22.0,248.81,47.0,181.0,22.0,249.57,53.0,66.81,44.0,100.0,4.151683995695094,182.0,248.81,144,-56.0,18.0,-0.39
07:36:33,164.12,8.0,245.47,36.0,59.4,10.0,247.36,28.0,81.35,18.0,64.0,7.006519820860615,164.12,245.47,82,-46.0,-62.0,-0.56
07:36:34,143.18,11.0,243.81,53.0,78.72,25.0,245.03,39.0,100.63,36.0,92.0,11.254313839595698,143.18,243.81,128,-56.0,46.0,-0.44
07:36:35,161.76,37.0,220.13,70.0,141.06,16.0,238.25,80.0,58.370000000000005,53.0,150.0,12.41066557442097,161.76,220.13,203,-97.0,75.0,-0.48
07:36:47,176.17,72.0,199.15,20.0,166.33,54.0,292.56,39.0,22.980000000000018,126.0,59.0,7.0728332371214595,176.17,199.15,185,67.0,31.0,0.36
07:36:48,178.07,56.0,290.23,22.0,171.67,90.0,348.49,53.0,112.16000000000003,146.0,75.0,26.65930738035266,178.07,290.23,221,71.0,36.0,0.32
07:36:49,183.3,66.0,288.91,11.0,180.62,42.0,350.45,44.0,105.61000000000001,108.0,55.0,31.785896715369244,183.3,288.91,163,53.0,-58.0,0.33
07:36:50,186.15,96.0,287.25,12.0,185.7,120.0,351.33,48.0,101.1,216.0,60.0,30.628174447722404,186.15,287.25,276,156.0,113.0,0.57
07:36:51,188.0,22.0,274.52,29.0,186.0,154.0,388.04,27.0,86.51999999999998,176.0,56.0,21.07933182053241,188.0,274.52,232,120.0,-44.0,0.52
07:36:52,189.68,25.0,286.0,12.0,188.98,116.0,519.84,45.0,96.32,141.0,57.0,2.5822993629913267,189.68,286.0,198,84.0,-34.0,0.42
07:36:53,191.0,12.0,263.33,18.0,189.0,132.0,286.0,42.0,72.32999999999998,144.0,60.0,4.485390729926007,191.0,263.33,204,84.0,6.0,0.41
07:36:54,189.15,68.0,254.0,12.0,188.89,62.0,285.33,48.0,64.85,130.0,60.0,6.761927979512023,189.15,254.0,190,70.0,-14.0,0.37
07:36:55,189.0,90.0,254.0,10.0,188.0,10.0,375.65,31.0,65.0,100.0,41.0,6.92188341422398,189.0,254.0,141,59.0,-49.0,0.42
07:36:56,189.0,117.0,251.62,13.0,188.0,39.0,362.92,52.0,62.620000000000005,156.0,65.0,7.302175703179847,189.0,251.62,221,91.0,80.0,0.41
07:36:57,189.0,108.0,233.61,36.0,188.0,168.0,309.28,18.0,44.610000000000014,276.0,54.0,5.723724312029067,189.0,233.61,330,222.0,109.0,0.67
07:36:58,189.0,117.0,211.12,49.0,188.0,182.0,215.23,43.0,22.120000000000005,299.0,92.0,9.359730231161326,189.0,211.12000000000003,391,207.0,61.0,0.53
07:36:59,189.0,64.0,205.45,11.0,188.0,112.0,209.93,29.0,16.44999999999999,176.0,40.0,11.203850677339362,189.0,205.45,216,136.0,-168.0,0.63
07:37:00,188.41,123.0,206.08,25.0,187.08,182.0,209.2,40.0,17.670000000000016,305.0,65.0,10.232082876918074,188.41,206.08,370,240.0,154.0,0.65
07:37:01,188.0,148.0,203.44,41.0,186.0,182.0,204.4,40.0,15.439999999999998,330.0,81.0,6.343904948856231,188.0,203.43999999999997,411,249.0,41.0,0.61
07:37:02,188.0,130.0,200.07,15.0,186.0,182.0,201.24,37.0,12.069999999999993,312.0,52.0,2.2269643014930667,188.0,200.07,364,260.0,-47.0,0.71
07:37:03,188.0,110.0,198.65,34.0,186.0,154.0,339.22,27.0,10.650000000000006,264.0,61.0,1.8039262734727486,188.0,198.65,325,203.0,-39.0,0.62
07:37:04,188.0,100.0,198.0,22.0,186.0,140.0,198.86,28.0,10.0,240.0,50.0,1.7874367122015098,188.0,198.0,290,190.0,-35.0,0.66
07:37:05,188.0,110.0,193.97,31.0,186.0,154.0,194.77,13.0,5.969999999999999,264.0,44.0,1.7176728443235159,188.0,193.97,308,220.0,18.0,0.71
07:37:06,188.0,167.0,190.72,29.0,186.0,154.0,192.04,25.0,2.719999999999999,321.0,54.0,1.9221134202036816,188.0,190.72,375,267.0,67.0,0.71
07:37:07,188.0,134.0,189.27,33.0,186.0,154.0,190.27,33.0,1.2700000000000102,288.0,66.0,2.0990474030206303,188.0,189.27,354,222.0,-21.0,0.63
07:37:08,188.0,77.0,267.45,29.0,185.6,139.0,301.21,29.0,79.44999999999999,216.0,58.0,16.73170642821957,188.0,267.45,274,158.0,-80.0,0.58
07:37:11,189.0,9.0,196.0,27.0,188.0,63.0,403.0,18.0,7.0,72.0,45.0,80.7341741767394,189.0,196.0,117,27.0,-62.0,0.23
07:37:12,189.0,8.0,195.06,17.0,187.49,47.0,222.56,25.0,6.060000000000002,55.0,42.0,79.9897295282344,189.0,195.06,97,13.0,-20.0,0.13
07:37:13,189.0,9.0,193.11,18.0,186.89,36.0,196.0,27.0,4.110000000000014,45.0,45.0,85.33469089414983,189.0,193.11,90,0.0,-7.0,0.0
07:37:14,189.0,11.0,191.18,22.0,188.0,44.0,247.02,49.0,2.180000000000007,55.0,71.0,64.77210611057906,189.0,191.18,126,-16.0,36.0,-0.13
07:37:15,187.42,38.0,189.91,22.0,186.1,51.0,296.09,55.0,2.490000000000009,89.0,77.0,1.5400487005687287,187.42,189.90999999999997,166,12.0,40.0,0.07
07:37:16,187.16,19.0,189.0,12.0,185.48,42.0,427.0,35.0,1.8400000000000034,61.0,47.0,1.6360715143671825,187.16,189.0,108,14.0,-58.0,0.13
07:37:17,186.0,40.0,188.3,10.0,185.0,110.0,274.78,18.0,2.3000000000000114,150.0,28.0,1.5659661554848625,186.0,188.3,178,122.0,70.0,0.69
07:37:18,185.11,74.0,187.75,8.0,184.79,28.0,188.75,8.0,2.6399999999999864,102.0,16.0,1.4120481578630213,185.11,187.75,118,86.0,-60.0,0.73
07:37:19,185.0,137.0,186.23,13.0,184.0,13.0,187.23,13.0,1.2299999999999898,150.0,26.0,1.227456720265389,185.0,186.23,176,124.0,58.0,0.7
07:37:20,185.0,25.0,186.43,7.0,184.0,7.0,351.21,19.0,1.4300000000000068,32.0,26.0,1.0337165956512784,185.0,186.43,58,6.0,-118.0,0.1
07:37:21,185.0,21.0,285.18,11.0,184.0,7.0,422.39,33.0,100.18,28.0,44.0,21.860718194975245,185.0,285.18,72,-16.0,14.0,-0.22
07:37:22,187.74,19.0,353.7,37.0,184.91,23.0,541.73,33.0,165.95999999999998,42.0,70.0,38.79281802086717,187.74,353.7,112,-28.0,40.0,-0.25
07:37:23,189.0,31.0,251.0,24.0,185.0,24.0,606.0,24.0,62.0,55.0,48.0,35.903965936928394,189.0,251.0,103,7.0,-9.0,0.07
07:37:24,189.0,20.0,425.0,15.0,185.0,15.0,559.41,17.0,236.0,35.0,32.0,46.732302853594824,189.0,425.0,67,3.0,-36.0,0.04
07:37:25,185.0,22.0,245.27,33.0,184.0,11.0,495.0,33.0,60.27000000000001,33.0,66.0,38.778233585351785,185.0,245.27,99,-33.0,32.0,-0.33
07:37:26,184.11,18.0,251.14,21.0,183.43,7.0,340.0,21.0,67.02999999999997,25.0,42.0,41.1254996322246,184.11,251.14,67,-17.0,-32.0,-0.25
07:37:27,183.0,30.0,297.33,18.0,182.0,6.0,340.0,18.0,114.32999999999998,36.0,36.0,38.75391812449559,183.0,297.33,72,0.0,5.0,0.0
07:37:28,183.0,36.0,458.8,15.0,182.0,5.0,756.0,15.0,275.8,41.0,30.0,50.295462717824755,183.0,458.8,71,11.0,-1.0,0.15
07:37:29,183.0,21.0,264.0,9.0,182.0,3.0,756.0,9.0,81.0,24.0,18.0,44.371697848967926,183.0,264.0,42,6.0,-29.0,0.14
07:37:36,184.95,43.0,293.13,23.0,183.11,36.0,302.47,19.0,108.18,79.0,42.0,73.52953365825229,184.95,293.13,121,37.0,-109.0,0.31
07:37:37,184.2,45.0,259.53,30.0,183.01,153.0,260.76,45.0,75.32999999999998,198.0,75.0,89.90799925479419,184.2,259.53,273,123.0,152.0,0.45
07:37:38,183.04,106.0,254.34,29.0,182.77,39.0,256.2,15.0,71.30000000000001,145.0,44.0,84.86372057599225,183.04,254.33999999999997,189,101.0,-84.0,0.53
07:37:39,183.55,49.0,250.29,28.0,182.89,45.0,252.17,18.0,66.73999999999998,94.0,46.0,60.443825408391405,183.55,250.29,140,48.0,-49.0,0.34
07:37:40,186.0,11.0,217.39,31.0,183.0,88.0,233.09,32.0,31.389999999999986,99.0,63.0,13.340130059340197,186.0,217.39,162,36.0,22.0,0.22
07:37:41,186.0,15.0,212.78,41.0,183.21,112.0,214.21,43.0,26.78,127.0,84.0,10.38355526783168,186.0,212.78,211,43.0,49.0,0.2
07:37:42,186.0,12.0,208.72,40.0,184.0,72.0,209.89,27.0,22.72,84.0,67.0,10.17250952322566,186.0,208.71999999999997,151,17.0,-60.0,0.11
07:37:43,185.28,50.0,205.47,36.0,183.6,100.0,206.39,31.0,20.189999999999998,150.0,67.0,8.584274576230564,185.28,205.47,217,83.0,66.0,0.38
07:37:44,183.05,56.0,201.4,25.0,182.42,19.0,204.03,31.0,18.349999999999994,75.0,56.0,3.6398695031718282,183.05,201.4,131,19.0,-86.0,0.15
07:37:45,183.86,37.0,196.28,47.0,182.99,81.0,196.93,41.0,12.419999999999987,118.0,88.0,3.7715686391899705,183.86,196.28,206,30.0,75.0,0.15
07:37:46,183.19,63.0,188.72,47.0,182.73,41.0,190.28,40.0,5.530000000000001,104.0,87.0,4.478096693922819,183.19,188.72,191,17.0,-15.0,0.09
07:37:47,177.07,28.0,183.96,28.0,141.35,20.0,186.0,14.0,6.890000000000015,48.0,42.0,5.772631115888486,177.07,183.96,90,6.0,-101.0,0.07
07:37:48,174.0,33.0,180.3,23.0,82.0,15.0,182.15,26.0,6.300000000000011,48.0,49.0,6.33283743673606,174.0,180.3,97,-1.0,7.0,-0.01
07:37:49,162.8,15.0,180.0,25.0,118.0,25.0,181.0,15.0,17.19999999999999,40.0,40.0,7.315692038360278,162.8,180.0,80,0.0,-17.0,0.0
07:37:50,146.57,35.0,179.16,19.0,128.5,40.0,179.65,23.0,32.59,75.0,42.0,8.85838134199081,146.57,179.16,117,33.0,37.0,0.28
07:37:52,155.0,36.0,177.0,20.0,146.8,46.0,180.84,19.0,22.0,82.0,39.0,6.408183830082863,155.0,177.0,121,43.0,21.0,0.36
07:37:54,150.78,36.0,181.0,18.0,82.57,21.0,409.77,26.0,30.22,57.0,44.0,2.0116460921687738,150.78,181.0,101,13.0,-18.0,0.13
07:37:55,152.06,49.0,180.79,29.0,148.28,29.0,396.62,52.0,28.72999999999999,78.0,81.0,2.2248438147738567,152.06,180.79,159,-3.0,58.0,-0.02
07:37:56,154.0,52.0,180.15,26.0,141.93,43.0,220.38,26.0,26.150000000000006,95.0,52.0,1.8359003241289737,154.0,180.15000000000003,147,43.0,-12.0,0.29
07:37:57,155.56,54.0,308.43,28.0,139.85,41.0,428.43,28.0,152.87,95.0,56.0,29.81537070036408,155.56,308.43,151,39.0,4.0,0.26
07:37:58,188.0,30.0,305.39,33.0,159.09,66.0,366.75,48.0,117.38999999999999,96.0,81.0,40.25668851259525,188.0,305.39,177,15.0,26.0,0.08
07:37:59,188.0,22.0,253.91,22.0,165.6,45.0,342.64,22.0,65.91,67.0,44.0,37.53011923775504,188.0,253.90999999999997,111,23.0,-66.0,0.21
07:38:00,184.78,27.0,252.5,20.0,171.42,33.0,285.6,20.0,67.72,60.0,40.0,30.071010458581277,184.78,252.5,100,20.0,-11.0,0.2
07:38:01,187.4,72.0,249.94,34.0,185.93,92.0,260.33,24.0,62.53999999999999,164.0,58.0,12.12549586615319,187.4,249.93999999999997,222,106.0,122.0,0.48
07:38:02,188.09,44.0,248.14,28.0,186.24,82.0,249.5,32.0,60.04999999999998,126.0,60.0,12.393628605057518,188.09000000000003,248.14000000000001,186,66.0,-36.0,0.35
07:38:03,188.77,26.0,243.42,48.0,187.47,68.0,246.0,24.0,54.64999999999998,94.0,72.0,1.732290391390622,188.77,243.42,166,22.0,-20.0,0.13
07:38:04,188.62,48.0,240.73,60.0,185.69,32.0,241.9,58.0,52.109999999999985,80.0,118.0,1.778721450959984,188.62,240.73,198,-38.0,32.0,-0.19
07:38:05,189.56,27.0,233.84,37.0,186.0,9.0,235.22,36.0,44.28,36.0,73.0,2.817546805308884,189.56,233.84,109,-37.0,-89.0,-0.34
07:38:06,191.0,33.0,216.74,47.0,186.0,13.0,220.62,48.0,25.74000000000001,46.0,95.0,5.55818045767756,191.0,216.74,141,-49.0,32.0,-0.35
07:38:07,191.0,10.0,198.6,40.0,186.0,12.0,199.43,28.0,7.599999999999994,22.0,68.0,8.871266538669248,191.0,198.6,90,-46.0,-51.0,-0.51
07:38:08,190.17,12.0,194.86,42.0,185.95,21.0,196.38,42.0,4.690000000000026,33.0,84.0,9.8594964374514,190.17,194.86,117,-51.0,27.0,-0.44
07:38:09,186.0,22.0,188.85,34.0,185.0,11.0,190.37,46.0,2.8499999999999943,33.0,80.0,9.672547234318447,186.0,188.85,113,-47.0,-4.0,-0.42
07:38:10,184.44,18.0,186.64,28.0,182.74,23.0,187.85,39.0,2.1999999999999886,41.0,67.0,7.214031466532851,184.44,186.64000000000001,108,-26.0,-5.0,-0.24
07:38:11,182.75,24.0,184.06,32.0,173.56,48.0,187.2,30.0,1.3100000000000023,72.0,62.0,4.777590396855905,182.75,184.06,134,10.0,26.0,0.07
07:38:12,183.95,44.0,189.76,21.0,126.35,62.0,215.06,31.0,5.810000000000002,106.0,52.0,3.371639067298154,183.95,189.76,158,54.0,24.0,0.34
07:38:13,189.0,69.0,190.08,13.0,182.35,23.0,191.87,23.0,1.0800000000000125,92.0,36.0,2.2743196785262514,189.0,190.07999999999998,128,56.0,-30.0,0.44
07:38:14,189.0,42.0,191.11,18.0,183.0,10.0,238.0,12.0,2.1100000000000136,52.0,30.0,2.7758278044812705,189.0,191.11,82,22.0,-46.0,0.27
07:38:15,187.3,37.0,190.4,20.0,152.32,22.0,261.0,10.0,3.0999999999999943,59.0,30.0,2.7100608849490335,187.3,190.4,89,29.0,7.0,0.33
07:38:16,168.86,14.0,190.0,16.0,154.53,36.0,261.0,8.0,21.139999999999986,50.0,24.0,4.374605125052021,168.85999999999999,190.0,74,26.0,-15.0,0.35
07:38:17,183.89,19.0,190.0,18.0,142.03,39.0,274.44,9.0,6.110000000000014,58.0,27.0,4.374337664164873,183.89,190.0,85,31.0,11.0,0.36
07:38:18,182.0,12.0,190.0,8.0,108.5,20.0,326.25,12.0,8.0,32.0,20.0,4.13342110123467,182.0,190.0,52,12.0,-33.0,0.23
07:38:19,182.5,24.0,188.5,20.0,139.37,38.0,267.33,30.0,6.0,62.0,50.0,3.54617117468021,182.5,188.5,112,12.0,60.0,0.11
07:38:20,184.05,19.0,188.0,20.0,182.14,29.0,250.75,28.0,3.9499999999999886,48.0,48.0,3.037296495262409,184.05,188.0,96,0.0,-16.0,0.0
07:38:21,182.44,27.0,187.33,27.0,162.21,29.0,254.53,49.0,4.890000000000015,56.0,76.0,0.7592957264020286,182.44,187.33000000000004,132,-20.0,36.0,-0.15
07:38:22,184.35,17.0,186.68,25.0,182.1,41.0,381.86,35.0,2.3300000000000125,58.0,60.0,0.4649408565964385,184.35,186.68,118,-2.0,-14.0,-0.02
07:38:23,186.0,18.0,187.0,9.0,184.0,9.0,246.63,41.0,1.0,27.0,50.0,0.6075936142954009,186.0,187.0,77,-23.0,-41.0,-0.3
07:38:24,186.0,16.0,189.57,35.0,184.0,11.0,257.55,31.0,3.569999999999993,27.0,66.0,1.096690475992276,186.0,189.57,93,-39.0,16.0,-0.42
07:38:25,186.0,9.0,317.56,27.0,184.5,12.0,522.2,10.0,131.56,21.0,37.0,29.3598659738106,186.0,317.56,58,-16.0,-35.0,-0.28
07:38:26,185.5,12.0,431.62,16.0,183.0,10.0,528.0,8.0,246.12,22.0,24.0,55.04598532136654,185.5,431.62,46,-2.0,-12.0,-0.04
07:38:27,188.0,9.0,309.75,16.0,182.0,15.0,429.71,7.0,121.75,24.0,23.0,51.117136265640795,188.0,309.75,47,1.0,1.0,0.02
07:38:28,183.2,10.0,275.76,34.0,164.4,30.0,309.75,32.0,92.56,40.0,66.0,43.629997937200066,183.2,275.76,106,-26.0,59.0,-0.25
07:38:29,180.2,10.0,325.33,45.0,157.39,28.0,410.44,18.0,145.13,38.0,63.0,29.658420052323606,180.2,325.33,101,-25.0,-5.0,-0.25
07:38:30,181.0,22.0,397.65,46.0,180.0,11.0,420.02,41.0,216.64999999999998,33.0,87.0,32.23851780091735,181.0,397.65,120,-54.0,19.0,-0.45
07:38:31,169.44,36.0,277.39,64.0,156.59,27.0,297.5,70.0,107.94999999999999,63.0,134.0,25.86431963149386,169.44,277.39,197,-71.0,77.0,-0.36
07:38:32,177.0,15.0,267.88,34.0,130.96,23.0,268.93,43.0,90.88,38.0,77.0,28.4148353857643,177.0,267.88,115,-39.0,-82.0,-0.34
07:38:33,189.0,6.0,266.14,29.0,148.14,7.0,267.13,23.0,77.13999999999999,13.0,52.0,28.66199801130555,189.0,266.14,65,-39.0,-50.0,-0.6
07:38:34,190.11,9.0,265.34,41.0,189.0,9.0,266.47,38.0,75.22999999999996,18.0,79.0,28.73877467812585,190.11,265.34,97,-61.0,32.0,-0.63
07:38:35,167.69,13.0,258.87,38.0,146.33,18.0,264.61,49.0,91.18,31.0,87.0,5.877148117931062,167.69,258.87,118,-56.0,21.0,-0.47
07:38:43,145.32,44.0,190.07,29.0,144.23,35.0,283.21,47.0,44.75,79.0,76.0,30.598229197130824,145.32,190.07,155,3.0,-41.0,0.02
07:38:48,160.0,14.0,177.0,35.0,159.0,21.0,178.0,21.0,17.0,35.0,56.0,3.1237365446137497,160.0,177.0,91,-21.0,-21.0,-0.23
07:38:52,167.09,44.0,177.0,18.0,166.0,46.0,178.0,54.0,9.909999999999997,90.0,72.0,1.623289869416892,167.09,177.0,162,18.0,45.0,0.11
07:38:53,171.65,23.0,178.27,11.0,169.0,27.0,474.77,30.0,6.6200000000000045,50.0,41.0,2.865318481451985,171.65,178.27,91,9.0,-71.0,0.1
07:38:55,175.33,27.0,179.0,9.0,173.0,18.0,246.07,28.0,3.6699999999999875,45.0,37.0,2.962704845263415,175.33000000000004,179.0,82,8.0,-4.0,0.1
07:38:56,176.57,21.0,179.0,9.0,175.25,24.0,217.23,31.0,2.430000000000007,45.0,40.0,2.249382137420353,176.57,179.0,85,5.0,3.0,0.06
07:38:57,178.62,13.0,215.0,21.0,177.1,20.0,333.0,21.0,36.379999999999995,33.0,42.0,9.238852742637533,178.62,215.0,75,-9.0,-10.0,-0.12
07:38:58,181.11,28.0,220.23,52.0,168.33,18.0,374.42,31.0,39.119999999999976,46.0,83.0,12.139560123832167,181.10999999999999,220.23,129,-37.0,54.0,-0.29
07:38:59,184.6,15.0,220.0,45.0,182.56,9.0,464.11,18.0,35.400000000000006,24.0,63.0,12.45707108433323,184.6,220.0,87,-39.0,-42.0,-0.45
07:39:00,183.0,7.0,218.14,35.0,182.0,7.0,615.9,20.0,35.139999999999986,14.0,55.0,10.172906172777108,183.0,218.14,69,-41.0,-18.0,-0.59
07:39:01,185.4,15.0,215.71,35.0,182.44,9.0,527.67,27.0,30.310000000000002,24.0,62.0,2.024097329705782,185.4,215.71,86,-38.0,17.0,-0.44
07:39:02,187.55,66.0,213.22,78.0,185.58,38.0,291.86,70.0,25.669999999999987,104.0,148.0,0.7917891134142911,187.55,213.22,252,-44.0,166.0,-0.17
07:39:03,189.0,66.0,210.44,41.0,186.0,33.0,211.89,47.0,21.439999999999998,99.0,88.0,0.9564413207936883,189.0,210.43999999999997,187,11.0,-65.0,0.06
07:39:04,189.0,48.0,205.6,30.0,186.0,24.0,207.03,34.0,16.599999999999994,72.0,64.0,1.3891652169999509,189.0,205.6,136,8.0,-51.0,0.06
07:39:05,189.0,66.0,202.55,55.0,186.0,33.0,249.5,32.0,13.550000000000011,99.0,87.0,2.112860620136469,189.0,202.55,186,12.0,50.0,0.06
07:39:06,189.0,72.0,200.23,65.0,186.0,39.0,391.22,36.0,11.22999999999999,111.0,101.0,2.4765540575817515,189.0,200.23,212,10.0,26.0,0.05
07:39:07,189.0,30.0,198.96,26.0,186.0,18.0,427.38,21.0,9.960000000000008,48.0,47.0,2.3010693166712493,189.0,198.96,95,1.0,-117.0,0.01
07:39:08,189.0,35.0,196.71,7.0,186.0,21.0,199.0,51.0,7.710000000000008,56.0,58.0,1.7031676371183149,189.0,196.71,114,-2.0,19.0,-0.02
07:39:09,189.0,55.0,195.47,19.0,186.0,33.0,215.79,47.0,6.469999999999999,88.0,66.0,1.4016704320660045,189.0,195.47,154,22.0,40.0,0.14
07:39:10,189.0,50.0,195.37,19.0,186.0,30.0,243.03,37.0,6.3700000000000045,80.0,56.0,1.0839188162075424,189.0,195.37,136,24.0,-18.0,0.18
07:39:11,189.03,36.0,193.08,26.0,186.58,26.0,194.57,14.0,4.050000000000011,62.0,40.0,1.0706633458419297,189.03,193.07999999999998,102,22.0,-34.0,0.22
07:39:12,190.85,13.0,193.0,52.0,189.0,65.0,194.0,13.0,2.1500000000000057,78.0,65.0,0.6568865960954351,190.84999999999997,193.0,143,13.0,41.0,0.09
07:39:13,189.0,56.0,191.29,56.0,185.0,98.0,194.0,14.0,2.289999999999992,154.0,70.0,0.8997666364843535,189.0,191.29,224,84.0,81.0,0.38
07:39:14,185.37,65.0,192.12,17.0,184.24,59.0,301.66,47.0,6.75,124.0,64.0,1.4053753947365724,185.37,192.12,188,60.0,-36.0,0.32
07:39:15,185.17,70.0,191.5,18.0,184.11,62.0,203.46,24.0,6.3300000000000125,132.0,42.0,1.5119920635147654,185.17,191.5,174,90.0,-14.0,0.52
07:39:16,186.0,20.0,189.5,24.0,184.17,12.0,191.0,12.0,3.5,32.0,36.0,1.6716219668729495,186.0,189.5,68,-4.0,-106.0,-0.06
07:39:17,184.0,20.0,188.71,17.0,183.0,10.0,307.14,29.0,4.710000000000008,30.0,46.0,1.3855793012791133,184.0,188.71,76,-16.0,8.0,-0.21
07:39:18,184.96,23.0,189.0,22.0,183.46,13.0,359.27,55.0,4.039999999999992,36.0,77.0,0.9761506032030353,184.96,189.0,113,-41.0,37.0,-0.36
07:39:19,186.64,11.0,199.81,37.0,184.38,16.0,307.06,52.0,13.170000000000016,27.0,89.0,2.7292618049818813,186.64,199.81,116,-62.0,3.0,-0.53
07:39:20,185.0,11.0,205.0,55.0,184.0,22.0,429.68,53.0,20.0,33.0,108.0,3.9615590365576967,185.0,205.0,141,-75.0,25.0,-0.53
07:39:21,183.14,103.0,292.02,53.0,182.64,44.0,388.06,53.0,108.88,147.0,106.0,21.441293804248954,183.14,292.02,253,41.0,112.0,0.16
07:39:22,183.0,192.0,243.75,12.0,182.0,60.0,244.94,48.0,60.75,252.0,60.0,20.584584523378663,183.0,243.75,312,192.0,59.0,0.62
07:39:23,183.0,197.0,220.27,37.0,180.15,65.0,223.03,33.0,37.27000000000001,262.0,70.0,18.246125068082755,183.0,220.27,332,192.0,20.0,0.58
07:39:24,183.0,61.0,215.0,11.0,180.92,37.0,217.0,11.0,32.0,98.0,22.0,17.21669538558771,183.0,215.0,120,76.0,-168.0,0.63
07:39:25,183.62,78.0,213.98,50.0,182.44,54.0,214.58,26.0,30.359999999999985,132.0,76.0,16.495290236916613,183.62,213.98,208,56.0,88.0,0.27
07:39:26,189.0,28.0,211.11,18.0,183.0,91.0,212.95,40.0,22.110000000000014,119.0,58.0,6.143669913017947,189.0,211.11,177,61.0,-31.0,0.34
07:39:27,189.0,22.0,208.18,11.0,183.0,77.0,209.4,15.0,19.180000000000007,99.0,26.0,1.2640886045385706,189.0,208.18,125,73.0,-52.0,0.58
07:39:28,172.3,40.0,205.36,28.0,174.59,46.0,206.93,14.0,33.06,86.0,42.0,4.633166303957387,172.3,205.35999999999999,128,44.0,3.0,0.34
07:39:29,161.0,70.0,203.91,11.0,85.47,57.0,204.44,9.0,42.91,127.0,20.0,7.756296152167518,161.0,203.90999999999997,147,107.0,19.0,0.73
07:39:30,159.96,99.0,188.64,28.0,93.36,84.0,190.59,17.0,28.67999999999998,183.0,45.0,10.876517365413068,159.96,188.64000000000001,228,138.0,81.0,0.61
07:39:41,156.0,26.0,230.44,18.0,154.96,46.0,415.2,15.0,74.44,72.0,33.0,12.843693004745342,156.0,230.44,105,39.0,17.0,0.37
07:39:42,165.65,49.0,405.64,14.0,160.57,28.0,571.33,46.0,239.98999999999998,77.0,60.0,52.33134557796238,165.65,405.64,137,17.0,32.0,0.12
07:39:43,186.76,51.0,404.56,45.0,184.88,33.0,406.0,9.0,217.8,84.0,54.0,64.70571636262211,186.76,404.56,138,30.0,1.0,0.22
07:39:44,188.0,74.0,402.79,29.0,185.0,55.0,403.35,31.0,214.79000000000002,129.0,60.0,62.726947000472464,188.0,402.79,189,69.0,51.0,0.37
07:39:45,188.23,130.0,400.4,40.0,185.86,70.0,401.86,35.0,212.17,200.0,75.0,44.70608571548244,188.23,400.4,275,125.0,86.0,0.45
07:39:46,189.26,46.0,385.58,43.0,188.0,44.0,400.07,29.0,196.32,90.0,72.0,4.7737930411830956,189.26,385.58,162,18.0,-113.0,0.11
07:39:47,190.67,24.0,279.49,39.0,188.0,48.0,300.89,56.0,88.82000000000002,72.0,95.0,26.210217091814727,190.67,279.49,167,-23.0,5.0,-0.14
07:39:48,190.18,22.0,216.58,31.0,187.68,38.0,239.36,42.0,26.400000000000006,60.0,73.0,41.71641643286337,190.18,216.58,133,-13.0,-34.0,-0.1
07:39:49,188.0,44.0,192.15,33.0,186.0,24.0,193.4,30.0,4.150000000000006,68.0,63.0,47.527413983932384,188.0,192.15,131,5.0,-2.0,0.04
07:39:50,188.0,40.0,190.37,35.0,186.0,20.0,191.14,42.0,2.3700000000000045,60.0,77.0,41.49772644374762,188.0,190.37,137,-17.0,6.0,-0.12
07:39:51,188.0,28.0,189.55,22.0,186.0,18.0,227.79,19.0,1.5500000000000114,46.0,41.0,19.84285891700404,188.0,189.55,87,5.0,-50.0,0.06
07:39:52,188.0,26.0,190.0,39.0,186.0,26.0,361.69,13.0,2.0,52.0,52.0,6.334124248870927,188.0,190.0,104,0.0,17.0,0.0
07:39:53,187.82,22.0,203.94,34.0,185.8,25.0,342.69,32.0,16.120000000000005,47.0,66.0,3.00185442687283,187.82,203.94,113,-19.0,9.0,-0.17
07:39:54,185.57,35.0,242.9,31.0,184.85,59.0,272.14,56.0,57.33000000000001,94.0,87.0,10.939100968550019,185.57,242.9,181,7.0,68.0,0.04
07:39:55,185.0,40.0,186.0,16.0,184.0,24.0,187.0,8.0,1.0,64.0,24.0,11.57039843739759,185.0,186.0,88,40.0,-93.0,0.45
07:39:56,185.91,47.0,224.62,26.0,183.65,52.0,407.85,52.0,38.71000000000001,99.0,78.0,11.814530037209684,185.91,224.62,177,21.0,89.0,0.12
07:39:57,184.36,33.0,271.46,35.0,183.12,72.0,440.69,36.0,87.09999999999997,105.0,71.0,16.36196045711281,184.36,271.46,176,34.0,-1.0,0.19
07:39:58,185.4,40.0,290.5,32.0,184.0,30.0,595.89,38.0,105.1,70.0,70.0,20.343670514440507,185.4,290.5,140,0.0,-36.0,0.0
07:39:59,186.0,40.0,407.53,38.0,184.0,30.0,417.67,24.0,221.52999999999997,70.0,62.0,42.17224407119098,186.0,407.53,132,8.0,-8.0,0.06
07:40:00,186.75,24.0,355.57,42.0,185.85,39.0,388.23,31.0,168.82,63.0,73.0,36.20844583795457,186.75,355.57,136,-10.0,4.0,-0.07
07:40:01,183.35,69.0,354.1,40.0,182.49,37.0,664.34,41.0,170.75000000000003,106.0,81.0,27.688455175399007,183.35,354.1,187,25.0,51.0,0.13
07:40:02,183.08,74.0,353.0,36.0,182.22,41.0,681.0,45.0,169.92,115.0,81.0,20.852232014824533,183.08,353.0,196,34.0,9.0,0.17
07:40:03,183.82,22.0,256.33,24.0,182.77,35.0,431.1,21.0,72.50999999999999,57.0,45.0,27.782719809264094,183.82,256.33,102,12.0,-94.0,0.12
07:40:04,188.0,26.0,235.64,53.0,183.0,104.0,374.73,49.0,47.639999999999986,130.0,102.0,29.393102592276495,188.0,235.64000000000001,232,28.0,130.0,0.12
07:40:05,184.72,32.0,232.64,39.0,182.86,84.0,233.65,43.0,47.91999999999999,116.0,82.0,30.332515886422975,184.72,232.64,198,34.0,-34.0,0.17
07:40:06,188.0,174.0,227.98,41.0,183.0,91.0,229.36,50.0,39.97999999999999,265.0,91.0,25.45566970244767,188.0,227.98000000000002,356,174.0,158.0,0.49
07:40:07,188.0,135.0,227.0,27.0,183.0,63.0,229.0,36.0,39.0,198.0,63.0,5.234078715506877,188.0,227.0,261,135.0,-95.0,0.52
07:40:08,188.0,170.0,224.5,34.0,183.0,84.0,226.61,38.0,36.5,254.0,72.0,2.0834994600729866,188.0,224.5,326,182.0,65.0,0.56
07:40:09,188.0,130.0,219.75,40.0,183.55,87.0,221.61,36.0,31.75,217.0,76.0,1.8875513238388648,188.0,219.75,293,141.0,-33.0,0.48
07:40:10,188.0,106.0,214.79,48.0,185.0,78.0,216.12,51.0,26.789999999999992,184.0,99.0,2.745492669836705,188.0,214.79,283,85.0,-10.0,0.3
07:40:11,188.0,112.0,201.45,62.0,185.0,96.0,201.27,56.0,13.449999999999989,208.0,118.0,5.055498986265283,188.0,201.45,326,90.0,43.0,0.28
07:40:12,188.0,63.0,191.0,27.0,185.0,54.0,193.0,45.0,3.0,117.0,72.0,6.901164394515769,188.0,191.0,189,45.0,-137.0,0.24
07:40:13,188.0,90.0,189.43,56.0,185.12,75.0,191.88,56.0,1.4300000000000068,165.0,112.0,6.848863409364722,188.0,189.43,277,53.0,88.0,0.19
07:40:14,186.36,33.0,188.85,27.0,185.1,60.0,191.09,22.0,2.4899999999999807,93.0,49.0,5.731461419231363,186.36,188.85,142,44.0,-135.0,0.31
07:40:15,185.03,61.0,186.64,11.0,183.79,38.0,188.0,22.0,1.6099999999999852,99.0,33.0,3.3454117833444803,185.03,186.64,132,66.0,-10.0,0.5
07:40:16,185.0,50.0,186.0,12.0,184.0,24.0,208.53,19.0,1.0,74.0,31.0,1.7493284426149551,185.0,186.0,105,43.0,-27.0,0.41
07:40:17,185.0,20.0,251.38,13.0,184.0,18.0,281.65,23.0,66.38,38.0,36.0,14.04911100390828,185.0,251.38,74,2.0,-31.0,0.03
07:40:18,183.05,83.0,210.88,24.0,182.14,29.0,282.15,13.0,27.829999999999984,112.0,37.0,13.87806794911076,183.05,210.88,149,75.0,75.0,0.5
07:40:19,183.59,95.0,242.25,28.0,182.91,100.0,355.09,22.0,58.66,195.0,50.0,15.149348170800316,183.59,242.25,245,145.0,96.0,0.59
07:40:20,186.75,51.0,263.62,40.0,183.0,143.0,288.07,27.0,76.87,194.0,67.0,16.21236164166481,186.75,263.62,261,127.0,16.0,0.49
07:40:21,184.26,34.0,225.0,30.0,182.95,110.0,299.88,17.0,40.74000000000001,144.0,47.0,11.09917429361849,184.26,225.0,191,97.0,-70.0,0.51
07:40:22,186.11,81.0,203.0,18.0,182.9,87.0,225.0,27.0,16.889999999999986,168.0,45.0,12.519835062816334,186.11,203.0,213,123.0,22.0,0.58
07:40:23,189.0,70.0,231.92,24.0,185.76,58.0,279.84,32.0,42.91999999999999,128.0,56.0,11.243899234701598,189.0,231.92,184,72.0,-29.0,0.39
07:40:24,189.0,49.0,243.0,28.0,188.0,28.0,249.4,15.0,54.0,77.0,43.0,11.554621153465948,189.0,243.0,120,34.0,-64.0,0.28
07:40:25,189.0,91.0,221.18,45.0,188.0,52.0,309.35,52.0,32.18000000000001,143.0,97.0,7.958653780641906,189.0,221.18,240,46.0,120.0,0.19
07:40:26,189.0,70.0,213.89,38.0,188.0,40.0,360.68,31.0,24.889999999999986,110.0,69.0,8.232634450777354,189.0,213.89,179,41.0,-61.0,0.23
07:40:27,189.0,119.0,210.22,36.0,188.0,68.0,211.15,66.0,21.22,187.0,102.0,6.72480259934263,189.0,210.22,289,85.0,110.0,0.29
07:40:28,189.25,71.0,209.67,24.0,188.14,42.0,211.0,48.0,20.419999999999987,113.0,72.0,6.911148240352455,189.25,209.67,185,41.0,-104.0,0.22
07:40:29,190.33,21.0,207.73,22.0,189.0,22.0,211.0,44.0,17.399999999999977,43.0,66.0,2.5044600216671458,190.33,207.73,109,-23.0,-76.0,-0.21
07:40:30,189.55,22.0,206.0,28.0,187.4,60.0,211.0,56.0,16.44999999999999,82.0,84.0,1.3250962229702146,189.55,206.0,166,-2.0,57.0,-0.01
07:40:31,189.0,14.0,204.33,24.0,186.0,28.0,205.09,22.0,15.330000000000013,42.0,46.0,1.256590625514351,189.0,204.33,88,-4.0,-78.0,-0.05
07:40:32,189.0,26.0,201.54,52.0,186.27,37.0,202.67,60.0,12.539999999999992,63.0,112.0,1.718953169848163,189.0,201.54,175,-49.0,87.0,-0.28
07:40:33,187.42,38.0,198.83,48.0,185.79,34.0,201.14,56.0,11.410000000000025,72.0,104.0,2.282165638189256,187.42,198.83,176,-32.0,1.0,-0.18
07:40:34,186.0,44.0,195.0,30.0,185.0,55.0,196.92,26.0,9.0,99.0,56.0,2.9038973811298283,186.0,195.0,155,43.0,-21.0,0.28
07:40:35,186.0,240.0,191.95,42.0,185.0,80.0,192.93,54.0,5.949999999999989,320.0,96.0,3.2018978747195583,186.0,191.95,416,224.0,168.0,0.54
07:40:36,186.0,157.0,187.15,26.0,185.0,65.0,189.63,38.0,1.1500000000000057,222.0,64.0,3.4124141015027405,186.0,187.15000000000003,286,158.0,-130.0,0.55
07:40:37,186.0,64.0,189.09,44.0,185.0,60.0,206.78,36.0,3.0900000000000034,124.0,80.0,2.5816990529756874,186.0,189.09000000000003,204,44.0,-82.0,0.22
07:40:38,185.75,60.0,188.0,15.0,184.75,60.0,411.9,20.0,2.25,120.0,35.0,1.630619514214223,185.75,188.0,155,85.0,-49.0,0.55
07:40:39,185.0,50.0,187.1,10.0,184.0,50.0,467.53,43.0,2.0999999999999943,100.0,53.0,1.1291456948227192,185.0,187.1,153,47.0,-2.0,0.31
07:40:40,185.0,40.0,186.88,8.0,184.0,40.0,364.9,31.0,1.8799999999999955,80.0,39.0,0.6556294686307114,185.0,186.88,119,41.0,-34.0,0.34
07:40:41,185.0,33.0,186.0,13.0,183.7,79.0,248.17,58.0,1.0,112.0,71.0,0.8209323968129727,185.0,186.0,183,41.0,64.0,0.22
07:40:42,183.04,90.0,185.14,28.0,181.81,32.0,210.72,25.0,2.0999999999999943,122.0,53.0,1.0252170502568694,183.04,185.14000000000001,175,69.0,-8.0,0.39
07:40:43,183.41,118.0,213.19,37.0,182.69,32.0,249.83,36.0,29.78,150.0,73.0,5.823901613191667,183.41,213.19,223,77.0,48.0,0.35
07:40:44,189.0,24.0,273.0,24.0,183.31,16.0,316.0,6.0,84.0,40.0,30.0,19.867850412164184,189.0,273.0,70,10.0,-153.0,0.14
07:40:45,189.0,24.0,265.23,22.0,184.0,6.0,287.33,12.0,76.23000000000002,30.0,34.0,22.511220535549132,189.0,265.23,64,-4.0,-6.0,-0.06
07:40:46,184.3,54.0,303.71,14.0,182.94,67.0,409.66,41.0,119.40999999999997,121.0,55.0,24.801523541914186,184.3,303.71,176,66.0,112.0,0.38
07:40:47,188.0,12.0,293.5,10.0,183.0,54.0,369.33,21.0,105.5,66.0,31.0,18.100351654045788,188.0,293.5,97,35.0,-79.0,0.36
07:40:48,188.0,32.0,299.23,71.0,183.0,144.0,472.24,54.0,111.23000000000002,176.0,125.0,7.750301929609816,188.0,299.23,301,51.0,168.0,0.17
07:40:49,188.0,26.0,325.49,49.0,183.0,117.0,375.02,52.0,137.49,143.0,101.0,10.56158984244847,188.0,325.49,244,42.0,-57.0,0.17
07:40:50,188.0,26.0,311.71,58.0,184.67,81.0,324.68,53.0,123.70999999999998,107.0,111.0,6.373470012489898,188.0,311.71,218,-4.0,-26.0,-0.02
07:40:51,187.27,22.0,298.0,36.0,184.98,53.0,324.0,45.0,110.72999999999999,75.0,81.0,6.560424528954522,187.27,298.0,156,-6.0,-62.0,-0.04
07:40:52,183.35,69.0,296.33,63.0,182.19,63.0,301.25,52.0,112.97999999999999,132.0,115.0,6.776446709014119,183.35,296.33,247,17.0,91.0,0.07
07:40:53,185.0,25.0,293.67,39.0,183.0,39.0,301.28,39.0,108.67000000000002,64.0,78.0,7.472988023549137,185.0,293.67,142,-14.0,-105.0,-0.1
07:40:54,185.0,13.0,248.76,21.0,183.0,65.0,268.89,61.0,63.75999999999999,78.0,82.0,12.376739069727293,185.0,248.76,160,-4.0,18.0,-0.03
07:40:55,185.0,9.0,231.81,21.0,183.0,45.0,241.03,33.0,46.81,54.0,54.0,15.657624979546528,185.0,231.81,108,0.0,-52.0,0.0
07:40:56,185.0,12.0,228.14,44.0,183.0,60.0,230.14,28.0,43.139999999999986,72.0,72.0,16.33742421558932,185.0,228.14,144,0.0,36.0,0.0
07:40:57,184.5,12.0,225.1,50.0,182.83,54.0,228.0,30.0,40.599999999999994,66.0,80.0,14.264958114208703,184.5,225.1,146,-14.0,2.0,-0.1
07:40:58,187.14,29.0,222.87,23.0,182.31,39.0,225.22,27.0,35.73000000000002,68.0,50.0,4.993866237709301,187.14,222.87,118,18.0,-28.0,0.15
07:40:59,189.0,34.0,219.79,19.0,183.0,31.0,222.87,47.0,30.789999999999992,65.0,66.0,1.6564932840595523,189.0,219.79000000000002,131,-1.0,13.0,-0.01
07:41:00,185.0,45.0,219.0,60.0,182.74,68.0,220.0,12.0,34.0,113.0,72.0,1.6487480098957474,185.0,219.0,185,41.0,54.0,0.22
07:41:01,183.0,120.0,217.31,16.0,182.0,72.0,217.44,32.0,34.31,192.0,48.0,2.1138353767822062,183.0,217.31,240,144.0,55.0,0.6
07:41:02,183.31,128.0,210.74,72.0,182.62,115.0,211.92,60.0,27.430000000000007,243.0,132.0,3.2591839469623203,183.31,210.74,375,111.0,135.0,0.3
07:41:03,188.0,11.0,207.73,55.0,184.83,48.0,209.0,11.0,19.72999999999999,59.0,66.0,3.014494982602856,188.0,207.73,125,-7.0,-168.0,-0.06
07:41:04,186.22,45.0,205.42,53.0,184.88,57.0,205.89,53.0,19.19999999999999,102.0,106.0,2.4880755615814714,186.22,205.42000000000002,208,-4.0,83.0,-0.02
07:41:05,186.0,35.0,203.21,19.0,184.0,28.0,204.87,23.0,17.210000000000008,63.0,42.0,2.108667825936526,186.0,203.21,105,21.0,-103.0,0.2
07:41:06,186.0,75.0,201.27,75.0,184.0,60.0,204.0,15.0,15.27000000000001,135.0,90.0,1.7216765085638859,186.0,201.27,225,45.0,120.0,0.2
07:41:07,185.17,58.0,198.85,34.0,183.24,134.0,199.5,50.0,13.680000000000007,192.0,84.0,2.213149339773843,185.17,198.85,276,108.0,51.0,0.39
07:41:08,186.0,21.0,194.84,19.0,184.0,28.0,197.3,27.0,8.840000000000003,49.0,46.0,2.1291946834759745,186.0,194.84,95,3.0,-168.0,0.03
07:41:09,187.8,71.0,191.11,45.0,184.57,28.0,193.22,45.0,3.3100000000000023,99.0,90.0,2.1455605328545713,187.8,191.11,189,9.0,94.0,0.05
07:41:10,188.0,47.0,189.0,70.0,185.86,14.0,280.62,24.0,1.0,61.0,94.0,2.0434603006038516,188.0,189.0,155,-33.0,-34.0,-0.21
07:41:11,187.33,18.0,280.02,53.0,184.36,25.0,509.53,45.0,92.68999999999997,43.0,98.0,19.5337369696671,187.33,280.02,141,-55.0,-14.0,-0.39
07:41:12,184.75,16.0,445.87,31.0,183.67,18.0,473.33,30.0,261.12,34.0,61.0,54.79669953564834,184.75,445.87,95,-27.0,-46.0,-0.28
07:41:13,184.14,28.0,379.31,35.0,182.62,52.0,422.84,38.0,195.17000000000002,80.0,73.0,56.22367054897884,184.14000000000001,379.31,153,7.0,58.0,0.05
07:41:14,184.22,27.0,329.47,30.0,182.73,33.0,335.72,29.0,145.25000000000003,60.0,59.0,48.040978029179435,184.22,329.47,119,1.0,-34.0,0.01
07:41:15,184.14,35.0,251.33,24.0,181.41,61.0,343.25,32.0,67.19000000000003,96.0,56.0,38.77630268604908,184.14,251.33,152,40.0,33.0,0.26
07:41:17,187.25,64.0,209.96,50.0,180.97,116.0,236.2,20.0,22.710000000000008,180.0,70.0,54.094326227434415,187.25,209.96,250,110.0,38.0,0.44
07:41:18,189.0,56.0,207.57,56.0,182.0,112.0,274.0,14.0,18.569999999999993,168.0,70.0,57.71811474745263,189.0,207.57,238,98.0,-12.0,0.41
07:41:19,189.0,28.0,204.8,30.0,182.0,56.0,231.54,13.0,15.800000000000011,84.0,43.0,59.88777295909505,189.0,204.8,127,41.0,-111.0,0.32
07:41:20,189.0,24.0,203.38,29.0,182.0,48.0,204.6,25.0,14.379999999999995,72.0,54.0,61.684314051467894,189.0,203.38,126,18.0,-1.0,0.14
07:41:21,189.0,36.0,201.62,32.0,180.54,41.0,202.7,40.0,12.620000000000005,77.0,72.0,1.3928747252119271,189.0,201.62,149,5.0,23.0,0.03
07:41:22,189.0,84.0,199.14,56.0,182.0,14.0,201.0,28.0,10.139999999999986,98.0,84.0,1.594967084342099,189.0,199.14000000000001,182,14.0,33.0,0.08
07:41:23,189.02,122.0,193.04,69.0,185.17,30.0,194.79,78.0,4.019999999999982,152.0,147.0,2.3074878114814843,189.02,193.04,299,5.0,117.0,0.02
07:41:24,169.76,34.0,188.51,41.0,170.45,20.0,263.84,45.0,18.75,54.0,86.0,6.990852594650951,169.76,188.51,140,-32.0,-159.0,-0.23
07:41:27,145.0,36.0,177.0,49.0,94.87,60.0,178.0,24.0,32.0,96.0,73.0,16.373609864661905,145.0,177.0,169,23.0,-86.0,0.14
07:41:29,184.67,82.0,253.06,51.0,171.91,35.0,293.39,41.0,68.39000000000001,117.0,92.0,27.867474230725556,184.67,253.06,209,25.0,105.0,0.12
07:41:30,188.09,11.0,262.48,50.0,186.0,121.0,388.92,39.0,74.39000000000001,132.0,89.0,35.7124121280003,188.09000000000003,262.48,221,43.0,12.0,0.19
07:41:31,190.6,10.0,259.38,42.0,186.0,110.0,306.91,46.0,68.78,120.0,88.0,35.05309929236119,190.6,259.38,208,32.0,-13.0,0.15
07:41:32,186.08,121.0,257.0,44.0,183.64,103.0,260.02,49.0,70.91999999999999,224.0,93.0,29.256015620725318,186.08,257.0,317,131.0,109.0,0.41
07:41:33,186.0,165.0,256.5,32.0,183.31,32.0,277.0,40.0,70.5,197.0,72.0,2.7227247382199327,186.0,256.5,269,125.0,-48.0,0.46
07:41:34,186.0,126.0,255.29,28.0,183.0,63.0,277.0,35.0,69.28999999999999,189.0,63.0,2.2155744176431065,186.0,255.29,252,126.0,-17.0,0.5
07:41:35,187.5,36.0,246.44,25.0,185.77,117.0,292.07,30.0,58.94,153.0,55.0,2.85544567451664,187.5,246.44,208,98.0,-44.0,0.47
07:41:36,186.23,117.0,227.09,33.0,184.5,108.0,248.27,33.0,40.860000000000014,225.0,66.0,6.284733089011692,186.23,227.09,291,159.0,83.0,0.55
07:41:37,186.0,144.0,232.33,12.0,183.0,72.0,239.46,26.0,46.33000000000001,216.0,38.0,6.676044487577979,186.0,232.33,254,178.0,-37.0,0.7
07:41:38,186.0,206.0,230.05,42.0,184.54,117.0,231.75,16.0,44.05000000000001,323.0,58.0,6.149981300794526,186.0,230.05,381,265.0,127.0,0.7
07:41:39,186.0,176.0,229.91,35.0,185.0,110.0,230.4,20.0,43.91,286.0,55.0,4.129458802328017,186.0,229.91,341,231.0,-40.0,0.68
07:41:40,186.0,144.0,229.0,9.0,185.0,90.0,230.0,36.0,43.0,234.0,45.0,0.9112189638752123,186.0,229.0,279,189.0,-62.0,0.68
07:41:41,186.0,129.0,227.17,12.0,185.0,90.0,228.48,33.0,41.16999999999999,219.0,45.0,0.9379125759503496,186.0,227.17,264,174.0,-15.0,0.66
07:41:42,187.43,77.0,223.71,42.0,185.86,141.0,224.48,25.0,36.28,218.0,67.0,1.043302449017732,187.43,223.70999999999998,285,151.0,21.0,0.53
07:41:43,188.0,50.0,207.23,31.0,186.0,110.0,211.03,40.0,19.22999999999999,160.0,71.0,4.255447097559552,188.0,207.23,231,89.0,-54.0,0.39
07:41:44,188.0,39.0,192.74,19.0,186.0,88.0,194.61,33.0,4.740000000000009,127.0,52.0,7.371853905235153,188.0,192.74,179,75.0,-52.0,0.42
07:41:45,186.21,114.0,191.0,57.0,185.25,133.0,240.98,55.0,4.789999999999992,247.0,112.0,8.323834452950981,186.21,191.0,359,135.0,168.0,0.38
07:41:46,185.34,104.0,187.72,46.0,184.64,78.0,194.87,53.0,2.3799999999999955,182.0,99.0,7.819585666781652,185.34,187.72000000000003,281,83.0,-78.0,0.3
07:41:47,185.0,63.0,187.17,29.0,184.0,28.0,306.96,27.0,2.1699999999999875,91.0,56.0,4.668652910652113,185.0,187.17,147,35.0,-134.0,0.24
07:41:48,185.0,120.0,200.27,59.0,184.0,60.0,248.91,44.0,15.27000000000001,180.0,103.0,2.7263565431067924,185.0,200.27,283,77.0,136.0,0.27
07:41:49,185.0,48.0,246.89,28.0,184.0,32.0,384.0,24.0,61.889999999999986,80.0,52.0,12.560520689849476,185.0,246.89000000000001,132,28.0,-151.0,0.21
07:41:50,186.17,36.0,239.54,65.0,185.43,46.0,246.31,29.0,53.370000000000005,82.0,94.0,14.504886073324837,186.17,239.54,176,-12.0,44.0,-0.07
07:41:51,185.0,68.0,233.56,45.0,184.0,48.0,236.87,39.0,48.56,116.0,84.0,13.198351033372662,185.0,233.56,200,32.0,24.0,0.16
07:41:52,186.5,56.0,230.13,67.0,184.5,56.0,344.85,48.0,43.629999999999995,112.0,115.0,9.002931189347493,186.5,230.13,227,-3.0,27.0,-0.01
07:41:53,188.0,21.0,227.67,52.0,185.0,48.0,255.48,46.0,39.66999999999999,69.0,98.0,3.461787110745462,188.0,227.67000000000002,167,-29.0,-60.0,-0.17
07:41:54,188.0,13.0,226.85,65.0,185.0,82.0,364.25,16.0,38.849999999999994,95.0,81.0,2.1854335954507675,188.0,226.85,176,14.0,9.0,0.08
07:41:55,186.36,22.0,226.0,50.0,185.12,66.0,234.0,40.0,39.639999999999986,88.0,90.0,1.1435558578950167,186.36,226.0,178,-2.0,2.0,-0.01
07:41:56,186.53,45.0,211.05,58.0,185.19,64.0,216.25,71.0,24.52000000000001,109.0,129.0,3.9490631800628155,186.53,211.05,238,-20.0,60.0,-0.08
07:41:57,188.62,48.0,202.33,60.0,187.0,36.0,207.14,42.0,13.710000000000008,84.0,102.0,5.640214534938373,188.62,202.33,186,-18.0,-52.0,-0.1
07:41:58,189.0,45.0,201.0,45.0,188.0,27.0,270.0,9.0,12.0,72.0,54.0,5.884214476047953,189.0,201.0,126,18.0,-60.0,0.14
07:41:59,189.0,47.0,200.92,60.0,188.0,36.0,270.0,12.0,11.919999999999987,83.0,72.0,4.79830386700702,189.0,200.92,155,11.0,29.0,0.07
07:42:00,186.0,24.0,199.5,40.0,185.0,16.0,260.07,14.0,13.5,40.0,54.0,2.1722407785825526,186.0,199.5,94,-14.0,-61.0,-0.15
07:42:01,186.0,30.0,199.0,50.0,185.0,20.0,329.56,27.0,13.0,50.0,77.0,1.3990425297817284,186.0,199.0,127,-27.0,33.0,-0.21
07:42:02,186.0,33.0,198.45,55.0,185.0,22.0,207.95,38.0,12.449999999999989,55.0,93.0,1.3744344291884703,186.0,198.45,148,-38.0,21.0,-0.26
07:42:03,185.76,34.0,196.67,60.0,183.97,31.0,198.0,60.0,10.909999999999997,65.0,120.0,1.3744344291887007,185.76,196.67,185,-55.0,37.0,-0.3
07:42:04,185.0,11.0,194.45,55.0,184.0,11.0,196.18,55.0,9.449999999999989,22.0,110.0,1.2383174068630916,185.0,194.45,132,-88.0,-53.0,-0.67
07:42:05,185.0,12.0,192.28,46.0,184.0,12.0,262.33,52.0,7.280000000000001,24.0,98.0,1.6508573530565307,185.0,192.27999999999997,122,-74.0,-10.0,-0.61
07:42:06,188.05,21.0,190.57,47.0,184.62,13.0,192.58,57.0,2.519999999999982,34.0,104.0,1.4666731060946434,188.05,190.57,138,-70.0,16.0,-0.51
07:42:07,186.33,12.0,189.62,26.0,184.2,10.0,211.57,42.0,3.289999999999992,22.0,68.0,1.2296869520906473,186.33,189.62,90,-46.0,-48.0,-0.51
07:42:08,185.0,8.0,187.12,16.0,184.0,8.0,188.94,32.0,2.1200000000000045,16.0,48.0,1.4403367662261484,185.0,187.12,64,-32.0,-26.0,-0.5
07:42:09,183.24,50.0,186.8,10.0,182.46,26.0,306.21,38.0,3.5600000000000023,76.0,48.0,1.8007359606959454,183.24,186.8,124,28.0,60.0,0.23
07:42:10,183.83,46.0,186.0,13.0,182.7,37.0,296.08,13.0,2.1699999999999875,83.0,26.0,1.9268186214961058,183.83,186.0,109,57.0,-15.0,0.52
07:42:11,185.0,48.0,271.0,18.0,184.0,14.0,358.2,50.0,86.0,62.0,68.0,18.827537544781002,185.0,271.0,130,-6.0,21.0,-0.05
07:42:12,185.0,21.0,195.0,35.0,184.0,7.0,351.0,7.0,10.0,28.0,42.0,18.675706680073393,185.0,195.0,70,-14.0,-60.0,-0.2
07:42:13,188.48,46.0,195.0,60.0,184.94,32.0,420.75,12.0,6.52000000000001,78.0,72.0,18.17741950883395,188.48,195.0,150,6.0,80.0,0.04
07:42:14,189.0,31.0,453.84,37.0,184.38,32.0,584.12,17.0,264.84,63.0,54.0,57.507180247340564,189.0,453.84,117,9.0,-33.0,0.08
07:42:16,189.0,21.0,305.47,19.0,184.0,28.0,678.88,8.0,116.47000000000003,49.0,27.0,73.12163099931571,189.0,305.47,76,22.0,-89.0,0.29
07:42:17,184.6,25.0,387.92,60.0,183.05,88.0,403.87,53.0,203.32000000000002,113.0,113.0,61.953096774899585,184.6,387.92,226,0.0,150.0,0.0
07:42:18,184.0,6.0,385.36,28.0,183.0,42.0,386.31,26.0,201.36,48.0,54.0,38.80896442833871,184.0,385.36,102,-6.0,-124.0,-0.06
07:42:19,183.01,70.0,281.04,46.0,162.25,61.0,346.56,39.0,98.03000000000003,131.0,85.0,45.20562354398037,183.01,281.04,216,46.0,114.0,0.21
07:42:20,183.0,54.0,250.5,30.0,154.0,6.0,347.22,27.0,67.5,60.0,57.0,31.209224117239643,183.0,250.5,117,3.0,-99.0,0.03
07:42:21,183.4,60.0,315.77,35.0,170.69,52.0,331.49,37.0,132.36999999999998,112.0,72.0,31.110955787312164,183.4,315.77,184,40.0,67.0,0.22
07:42:22,184.0,24.0,314.0,20.0,183.0,36.0,315.0,16.0,130.0,60.0,36.0,25.337291686368093,184.0,314.0,96,24.0,-88.0,0.25
07:42:23,185.52,181.0,312.58,62.0,184.49,105.0,313.75,64.0,127.05999999999997,286.0,126.0,14.632077091107144,185.52,312.58,412,160.0,168.0,0.39
07:42:24,189.0,60.0,312.58,57.0,186.0,180.0,353.94,51.0,123.57999999999998,240.0,108.0,14.711991027733124,189.0,312.58,348,132.0,-64.0,0.38
07:42:25,189.0,8.0,313.0,40.0,185.61,93.0,371.0,32.0,124.0,101.0,72.0,0.9525912030327944,189.0,313.0,173,29.0,-168.0,0.17
07:42:26,185.22,23.0,312.9,39.0,183.47,38.0,414.82,34.0,127.67999999999998,61.0,73.0,1.0208085031461753,185.22000000000003,312.9,134,-12.0,-39.0,-0.09
07:42:27,188.0,144.0,311.32,37.0,184.0,24.0,312.43,35.0,123.32,168.0,72.0,0.9336862428543384,188.0,311.32,240,96.0,106.0,0.4
07:42:28,188.0,140.0,309.88,41.0,184.0,42.0,310.92,49.0,121.88,182.0,90.0,0.9600000000497209,188.0,309.88,272,92.0,32.0,0.34
07:42:29,188.0,120.0,306.39,54.0,184.19,26.0,307.78,54.0,118.38999999999999,146.0,108.0,1.3760813929763975,188.0,306.38999999999993,254,38.0,-18.0,0.15
07:42:30,188.0,70.0,303.71,28.0,185.0,7.0,306.0,35.0,115.70999999999998,77.0,63.0,1.5730289253845258,188.0,303.71,140,14.0,-114.0,0.1
07:42:31,188.0,90.0,270.91,35.0,185.0,9.0,282.0,39.0,82.91000000000003,99.0,74.0,8.385107035697194,188.0,270.91,173,25.0,33.0,0.14
07:42:32,188.0,120.0,240.22,37.0,185.0,12.0,241.3,44.0,52.22,132.0,81.0,15.046928922544385,188.0,240.21999999999997,213,51.0,40.0,0.24
07:42:33,188.0,48.0,236.73,15.0,185.0,6.0,238.0,15.0,48.72999999999999,54.0,30.0,16.661574655479214,188.0,236.73,84,24.0,-129.0,0.29
07:42:34,188.0,63.0,235.09,44.0,185.0,9.0,236.03,33.0,47.09,72.0,77.0,14.890418059950902,188.0,235.09000000000003,149,-5.0,65.0,-0.03
07:42:35,188.0,77.0,212.23,22.0,185.0,11.0,233.33,45.0,24.22999999999999,88.0,67.0,10.481688795233234,188.0,212.23,155,21.0,6.0,0.14
07:42:36,188.0,49.0,191.75,16.0,185.0,7.0,192.16,19.0,3.75,56.0,35.0,10.37923311233172,188.0,191.75,91,21.0,-64.0,0.23
07:42:37,188.0,54.0,189.71,17.0,185.0,9.0,197.0,36.0,1.710000000000008,63.0,53.0,11.30978425966325,188.0,189.71,116,10.0,25.0,0.09
07:42:38,188.0,18.0,189.33,45.0,185.0,9.0,290.8,15.0,1.3300000000000125,27.0,60.0,10.010290705075944,188.0,189.33,87,-33.0,-29.0,-0.38
07:42:39,188.0,30.0,270.83,36.0,185.0,13.0,336.0,29.0,82.82999999999998,43.0,65.0,17.455438407560177,188.0,270.83,108,-22.0,21.0,-0.2
07:42:40,186.76,29.0,367.55,22.0,184.84,50.0,623.36,11.0,180.79000000000002,79.0,33.0,38.98221556043365,186.76,367.55,112,46.0,4.0,0.41
07:42:41,185.0,18.0,299.09,11.0,184.0,12.0,405.56,9.0,114.08999999999997,30.0,20.0,37.604164928902605,185.0,299.09,50,10.0,-62.0,0.2
07:42:42,183.69,61.0,242.0,20.0,183.17,24.0,252.0,26.0,58.31,85.0,46.0,33.05787546107743,183.69,242.0,131,39.0,81.0,0.3
07:42:43,186.55,62.0,241.0,10.0,182.92,75.0,242.0,20.0,54.44999999999999,137.0,30.0,26.453871739314486,186.55,241.0,167,107.0,36.0,0.64
07:42:44,188.0,51.0,226.53,15.0,183.0,209.0,241.9,20.0,38.53,260.0,35.0,29.32984452737697,188.0,226.53,295,225.0,128.0,0.76
07:42:45,188.0,11.0,237.83,24.0,183.0,209.0,238.67,30.0,49.83000000000001,220.0,54.0,13.816618616728015,188.0,237.83,274,166.0,-21.0,0.61
07:42:46,183.1,153.0,226.95,39.0,182.78,73.0,233.75,32.0,43.849999999999994,226.0,71.0,3.94954807542842,183.1,226.95,297,155.0,23.0,0.52
07:42:47,183.46,70.0,216.0,14.0,182.92,78.0,217.0,21.0,32.53999999999999,148.0,35.0,5.8088871567729905,183.46,216.0,183,113.0,-114.0,0.62
07:42:48,185.0,11.0,214.44,27.0,183.0,216.0,221.3,33.0,29.439999999999998,227.0,60.0,5.556704958887427,185.0,214.44,287,167.0,104.0,0.58
07:42:49,185.0,12.0,211.17,12.0,183.0,252.0,213.0,48.0,26.169999999999987,264.0,60.0,6.084823744376276,185.0,211.17,324,204.0,37.0,0.63
07:42:50,183.53,55.0,208.4,15.0,183.0,195.0,212.78,46.0,24.870000000000005,250.0,61.0,3.3509580719740106,183.53,208.4,311,189.0,-13.0,0.61
07:42:51,186.89,61.0,206.08,74.0,184.1,201.0,207.08,37.0,19.190000000000026,262.0,111.0,1.7627762195267294,186.89,206.08,373,151.0,62.0,0.4
07:42:52,188.0,36.0,197.89,45.0,186.0,96.0,206.05,19.0,9.889999999999986,132.0,64.0,2.53662768259946,188.0,197.89,196,68.0,-168.0,0.35
07:42:53,189.7,60.0,192.68,56.0,185.32,152.0,203.24,38.0,2.980000000000018,212.0,94.0,2.798821180449212,189.7,192.68,306,118.0,110.0,0.39
07:42:54,188.47,38.0,204.25,32.0,184.47,98.0,227.0,44.0,15.780000000000001,136.0,76.0,2.390832491023023,188.47,204.25,212,60.0,-94.0,0.28
07:42:55,185.0,64.0,203.81,54.0,183.77,56.0,221.5,48.0,18.810000000000002,120.0,102.0,2.265332205247517,185.0,203.81,222,18.0,10.0,0.08
07:42:56,185.0,60.0,200.44,64.0,184.0,23.0,202.15,71.0,15.439999999999998,83.0,135.0,1.9533893621426683,185.0,200.44,218,-52.0,-4.0,-0.24
07:42:57,186.48,27.0,197.81,54.0,184.2,25.0,198.87,63.0,11.330000000000013,52.0,117.0,2.042358930289251,186.48,197.81,169,-65.0,-49.0,-0.38
07:42:58,189.0,20.0,194.68,47.0,185.0,10.0,195.91,43.0,5.680000000000007,30.0,90.0,1.8837542302891186,189.0,194.68,120,-60.0,-49.0,-0.5
07:42:59,185.15,26.0,192.57,35.0,183.11,55.0,195.0,28.0,7.4199999999999875,81.0,63.0,2.0145793605944666,185.15000000000003,192.57,144,18.0,24.0,0.12
07:43:00,184.0,55.0,190.23,48.0,183.0,143.0,191.76,51.0,6.22999999999999,198.0,99.0,2.430109051078635,184.0,190.23,297,99.0,153.0,0.33
07:43:01,184.62,26.0,188.41,44.0,183.32,38.0,189.3,43.0,3.789999999999992,64.0,87.0,2.6147523783592437,184.62,188.40999999999997,151,-23.0,-146.0,-0.15
07:43:02,183.03,147.0,185.09,44.0,182.44,118.0,203.84,38.0,2.0600000000000023,265.0,82.0,2.8937916303937006,183.03,185.09,347,183.0,168.0,0.53
07:43:03,183.0,182.0,184.64,14.0,182.0,84.0,243.62,26.0,1.6399999999999864,266.0,40.0,2.1308378634091265,183.0,184.64000000000001,306,226.0,-41.0,0.74
07:43:04,183.05,120.0,185.33,24.0,182.36,84.0,281.0,36.0,2.280000000000001,204.0,60.0,1.5466964796425806,183.05,185.33,264,144.0,-42.0,0.55
07:43:05,187.06,17.0,330.62,26.0,184.0,22.0,582.21,38.0,143.56,39.0,64.0,33.19874440396994,187.06,330.62,103,-25.0,-161.0,-0.24
07:43:07,190.0,9.0,419.32,37.0,189.0,36.0,529.6,40.0,229.32,45.0,77.0,71.0418353507289,190.0,419.32,122,-32.0,42.0,-0.26
07:43:08,189.81,16.0,380.43,56.0,188.85,54.0,529.0,70.0,190.62,70.0,126.0,59.20949391778362,189.81,380.43,196,-56.0,74.0,-0.29
07:43:09,189.0,24.0,228.25,32.0,185.0,16.0,391.59,34.0,39.25,40.0,66.0,50.15518896385549,189.0,228.25,106,-26.0,-90.0,-0.25
07:43:10,189.0,42.0,224.09,44.0,185.0,28.0,261.14,56.0,35.09,70.0,100.0,60.111326137426545,189.0,224.09000000000003,170,-30.0,64.0,-0.18
07:43:11,187.82,17.0,222.0,33.0,183.75,32.0,226.0,44.0,34.18000000000001,49.0,77.0,48.81649587997981,187.82,222.0,126,-28.0,-44.0,-0.22
07:43:12,185.5,12.0,214.71,38.0,183.4,30.0,360.0,51.0,29.210000000000008,42.0,89.0,35.94684367229068,185.5,214.71,131,-47.0,5.0,-0.36
07:43:13,188.0,28.0,192.89,27.0,186.0,7.0,215.09,22.0,4.889999999999986,35.0,49.0,7.247781039747455,188.0,192.89,84,-14.0,-47.0,-0.17
07:43:14,188.0,24.0,192.0,18.0,186.0,6.0,225.64,22.0,4.0,30.0,40.0,7.836585353336367,188.0,192.0,70,-10.0,-14.0,-0.14
07:43:15,188.0,18.0,191.83,36.0,186.0,12.0,225.25,36.0,3.8300000000000125,30.0,72.0,6.998059016622319,188.0,191.83,102,-42.0,32.0,-0.41
07:43:16,188.0,7.0,191.0,21.0,186.0,10.0,229.0,21.0,3.0,17.0,42.0,4.549228506036103,188.0,191.0,59,-25.0,-43.0,-0.42
07:43:17,187.56,9.0,191.0,27.0,185.78,18.0,462.18,34.0,3.4399999999999977,27.0,61.0,0.4529017554978816,187.56,191.0,88,-34.0,29.0,-0.39
07:43:18,186.0,6.0,189.33,18.0,185.0,12.0,479.0,24.0,3.3300000000000125,18.0,42.0,0.94449986772549,186.0,189.33,60,-24.0,-28.0,-0.4
07:43:19,184.87,23.0,186.91,23.0,184.07,54.0,316.35,49.0,2.039999999999992,77.0,72.0,1.6669043164303352,184.87,186.91000000000003,149,5.0,89.0,0.03
07:43:20,184.0,114.0,185.46,26.0,183.0,52.0,298.21,47.0,1.460000000000008,166.0,73.0,2.0871823111877,184.0,185.46,239,93.0,90.0,0.39
07:43:21,183.43,28.0,261.92,26.0,182.21,56.0,296.78,27.0,78.49000000000001,84.0,53.0,16.097998322776984,183.43,261.92,137,31.0,-102.0,0.23
07:43:22,183.29,51.0,257.39,31.0,182.11,111.0,295.12,26.0,74.1,162.0,57.0,19.442535071335897,183.29,257.39,219,105.0,82.0,0.48
07:43:23,184.0,45.0,197.82,17.0,183.0,36.0,235.4,10.0,13.819999999999993,81.0,27.0,18.966092111980416,184.0,197.82,108,54.0,-111.0,0.5
07:43:24,183.33,30.0,187.0,14.0,182.13,63.0,223.0,7.0,3.6699999999999875,93.0,21.0,19.110822326632775,183.33,187.0,114,72.0,6.0,0.63
07:43:25,183.05,39.0,186.0,16.0,182.05,127.0,228.52,25.0,2.9499999999999886,166.0,41.0,19.15294050531473,183.05,186.0,207,125.0,93.0,0.6
07:43:26,184.41,17.0,396.62,32.0,182.42,57.0,579.92,37.0,212.21,74.0,69.0,45.07735495789561,184.41,396.62,143,5.0,-64.0,0.03
07:43:27,189.0,44.0,368.12,32.0,187.82,11.0,438.84,37.0,179.12,55.0,69.0,53.72039342745088,189.0,368.12,124,-14.0,-19.0,-0.11
07:43:28,189.0,36.0,448.5,24.0,188.0,9.0,590.31,29.0,259.5,45.0,53.0,62.57398844567997,189.0,448.5,98,-8.0,-26.0,-0.08
07:43:29,189.0,40.0,385.27,30.0,188.0,10.0,523.45,22.0,196.26999999999998,50.0,52.0,51.11617229409962,189.0,385.2699999999999,102,-2.0,4.0,-0.02
07:43:30,189.0,22.0,324.5,24.0,188.0,10.0,559.8,20.0,135.5,32.0,44.0,22.386385818172357,189.0,324.5,76,-12.0,-26.0,-0.16
07:43:31,185.09,43.0,344.44,18.0,183.17,29.0,451.75,16.0,159.35,72.0,34.0,24.082587485568716,185.09,344.44,106,38.0,30.0,0.36
07:43:32,185.0,48.0,378.95,19.0,183.0,32.0,508.84,19.0,193.95,80.0,38.0,24.037659619856313,185.0,378.95,118,42.0,12.0,0.36
07:43:33,184.07,45.0,327.79,29.0,182.46,52.0,343.97,62.0,143.72000000000003,97.0,91.0,14.450065743797744,184.07,327.79,188,6.0,70.0,0.03
07:43:34,183.0,18.0,321.95,21.0,182.0,24.0,327.2,15.0,138.95,42.0,36.0,11.840498300328465,183.0,321.95,78,6.0,-110.0,0.08
07:43:35,175.03,36.0,296.83,53.0,140.2,59.0,302.34,29.0,121.79999999999998,95.0,82.0,16.896750575187024,175.03,296.83,177,13.0,99.0,0.07
07:43:36,155.59,88.0,259.38,32.0,111.89,54.0,259.95,38.0,103.78999999999999,142.0,70.0,27.462513905323533,155.59,259.38,212,72.0,35.0,0.34
07:43:37,153.21,58.0,256.82,22.0,115.67,96.0,259.0,55.0,103.60999999999999,154.0,77.0,24.16195832295252,153.21,256.82,231,77.0,19.0,0.33
07:43:38,185.4,60.0,252.5,20.0,142.08,72.0,258.64,44.0,67.1,132.0,64.0,20.077747632642893,185.4,252.5,196,68.0,-35.0,0.35
07:43:39,181.0,56.0,253.53,38.0,171.47,76.0,257.07,29.0,72.53,132.0,67.0,12.212474360263768,181.0,253.52999999999997,199,65.0,3.0,0.33
07:43:40,181.79,58.0,253.29,35.0,172.0,54.0,255.0,14.0,71.5,112.0,49.0,6.483916254864879,181.79,253.29,161,63.0,-38.0,0.39
07:43:41,183.0,72.0,251.43,21.0,149.1,58.0,252.85,39.0,68.43,130.0,60.0,5.737109899601046,183.0,251.42999999999998,190,70.0,29.0,0.37
07:43:42,183.21,71.0,246.13,31.0,170.11,64.0,248.55,33.0,62.91999999999999,135.0,64.0,1.545584032040848,183.21,246.13,199,71.0,9.0,0.36
07:43:43,183.71,56.0,241.6,35.0,182.28,50.0,242.21,29.0,57.889999999999986,106.0,64.0,2.1366258446672686,183.71,241.6,170,42.0,-29.0,0.25
07:43:44,188.0,32.0,236.28,25.0,183.21,116.0,237.83,30.0,48.28,148.0,55.0,2.4989057605481055,188.0,236.28,203,93.0,33.0,0.46
07:43:45,188.0,22.0,228.94,32.0,186.0,33.0,229.47,36.0,40.94,55.0,68.0,3.235915635504297,188.0,228.94,123,-13.0,-80.0,-0.11
07:43:46,188.0,26.0,222.95,22.0,186.0,45.0,224.18,45.0,34.94999999999999,71.0,67.0,3.670698843558544,188.0,222.95,138,4.0,15.0,0.03
07:43:47,186.14,56.0,217.45,20.0,185.13,60.0,219.76,29.0,31.310000000000002,116.0,49.0,4.577280852220332,186.14000000000001,217.45,165,67.0,27.0,0.41
07:43:48,186.0,40.0,213.69,35.0,185.0,40.0,214.87,31.0,27.689999999999998,80.0,66.0,4.965529176241313,186.0,213.69,146,14.0,-19.0,0.1
07:43:49,187.81,72.0,212.64,61.0,186.42,48.0,213.26,38.0,24.829999999999984,120.0,99.0,3.7112693246522306,187.81,212.64,219,21.0,73.0,0.1
07:43:50,188.0,15.0,205.82,34.0,187.0,33.0,207.37,19.0,17.819999999999993,48.0,53.0,3.133687923215307,188.0,205.82,101,-5.0,-118.0,-0.05
07:43:51,188.0,9.0,202.68,37.0,187.0,27.0,204.0,23.0,14.680000000000007,36.0,60.0,2.628653647802649,188.0,202.68,96,-24.0,-5.0,-0.25
07:43:52,187.2,25.0,198.32,56.0,186.6,25.0,199.92,61.0,11.120000000000005,50.0,117.0,3.129469603640024,187.2,198.32,167,-67.0,71.0,-0.4
07:43:53,187.0,22.0,190.15,41.0,186.0,11.0,191.43,28.0,3.1500000000000057,33.0,69.0,4.3899487468656915,187.0,190.15,102,-36.0,-65.0,-0.35
07:43:54,186.6,5.0,187.62,13.0,185.27,11.0,189.59,22.0,1.0200000000000102,16.0,35.0,4.225608831885464,186.6,187.62,51,-19.0,-51.0,-0.37
07:43:55,185.11,27.0,187.0,45.0,184.25,48.0,233.0,24.0,1.8899999999999864,75.0,69.0,3.9385492252997336,185.11,187.0,144,6.0,93.0,0.04
07:43:56,183.53,73.0,186.45,55.0,182.8,86.0,366.6,43.0,2.9199999999999875,159.0,98.0,3.022675966773449,183.53,186.45,257,61.0,113.0,0.24
07:43:57,183.0,95.0,185.44,16.0,182.0,77.0,249.98,49.0,2.4399999999999977,172.0,65.0,1.7210897710783206,183.0,185.44,237,107.0,-20.0,0.45
07:43:58,183.0,81.0,212.76,25.0,182.0,63.0,383.63,41.0,29.75999999999999,144.0,66.0,5.601452490212676,183.0,212.76,210,78.0,-27.0,0.37
07:43:59,183.0,36.0,213.0,12.0,182.0,28.0,214.0,12.0,30.0,64.0,24.0,7.068627872515929,183.0,213.0,88,40.0,-122.0,0.45
07:44:00,183.0,56.0,208.25,44.0,182.0,98.0,319.41,34.0,25.25,154.0,78.0,6.950656084148353,183.0,208.25,232,76.0,144.0,0.33
07:44:01,183.0,7.0,204.57,35.0,182.0,49.0,206.0,21.0,21.569999999999993,56.0,56.0,5.6860196974780255,183.0,204.57,112,0.0,-120.0,0.0
07:44:02,182.08,62.0,202.71,70.0,173.96,54.0,206.0,42.0,20.629999999999995,116.0,112.0,2.472634222869944,182.08,202.71,228,4.0,116.0,0.02
07:44:03,182.25,72.0,199.23,43.0,146.77,69.0,200.2,61.0,16.97999999999999,141.0,104.0,2.8193793643474088,182.25,199.23,245,37.0,17.0,0.15
07:44:04,183.0,30.0,197.5,24.0,182.0,60.0,198.69,26.0,14.5,90.0,50.0,2.2108030215531205,183.0,197.5,140,40.0,-105.0,0.29
07:44:05,182.42,43.0,196.91,33.0,170.21,56.0,198.0,22.0,14.490000000000009,99.0,55.0,1.6950427723537613,182.42,196.91,154,44.0,14.0,0.29
07:44:06,182.06,64.0,194.05,39.0,152.11,53.0,195.09,46.0,11.990000000000009,117.0,85.0,1.5813664977193076,182.06,194.05,202,32.0,48.0,0.16
07:44:07,182.0,45.0,191.67,27.0,129.51,35.0,194.0,45.0,9.669999999999987,80.0,72.0,1.6247984490727672,182.0,191.66999999999996,152,8.0,-50.0,0.05
07:44:08,182.0,70.0,187.09,43.0,133.05,19.0,189.12,65.0,5.090000000000003,89.0,108.0,2.2917569679417373,182.0,187.09,197,-19.0,45.0,-0.1
07:44:09,184.6,40.0,188.48,46.0,182.13,46.0,189.62,26.0,3.8799999999999955,86.0,72.0,1.894748004382029,184.6,188.48,158,14.0,-39.0,0.09
07:44:10,187.25,57.0,192.9,41.0,184.25,48.0,232.89,73.0,5.650000000000006,105.0,114.0,2.035374658412957,187.25,192.9,219,-9.0,61.0,-0.04
07:44:11,186.2,30.0,219.21,29.0,183.0,30.0,255.03,29.0,33.01000000000002,60.0,58.0,7.295935169675571,186.2,219.21,118,2.0,-101.0,0.02
07:44:12,184.75,24.0,216.97,40.0,182.35,49.0,218.24,25.0,32.22,73.0,65.0,8.330259899913587,184.75,216.96999999999997,138,8.0,20.0,0.06
07:44:13,183.8,41.0,200.61,41.0,182.95,82.0,210.57,40.0,16.810000000000002,123.0,81.0,6.998523415700484,183.8,200.61,204,42.0,66.0,0.21
07:44:14,184.47,34.0,195.88,41.0,183.29,84.0,289.64,47.0,11.409999999999997,118.0,88.0,6.100071311067418,184.47,195.88,206,30.0,2.0,0.15
07:44:15,185.46,26.0,195.2,50.0,184.04,109.0,310.96,48.0,9.73999999999998,135.0,98.0,6.046257520161351,185.46,195.2,233,37.0,27.0,0.16
07:44:16,188.0,22.0,191.83,36.0,185.88,64.0,193.13,30.0,3.8300000000000125,86.0,66.0,4.652200554587947,188.0,191.83,152,20.0,-81.0,0.13
07:44:17,186.26,62.0,189.0,34.0,185.64,50.0,191.27,44.0,2.740000000000009,112.0,78.0,1.6303128534452938,186.26,189.0,190,34.0,38.0,0.18
