Time,Bid1_Price,Bid1_Volume,Ask1_Price,Ask1_Volume,Bid2_Price,Bid2_Volume,Ask2_Price,Ask2_Volume,Bid_Ask_Spread,Market_Depth_Bid,Market_Depth_Ask,Historical_Volatility,Weighted_Avg_Bid_Price,Weighted_Avg_Ask_Price,Total_volume,Cumulative_Volume_Difference,Total_Volume_Change_Corrected,Order_imbalance
07:30:10,184.68,22.0,222.0,40.0,183.05,20.0,258.0,32.0,37.31999999999999,42.0,72.0,9.008419395210398,184.68,222.0,114,-30.0,10.0,-0.26
07:30:11,197.0,10.0,222.0,25.0,194.29,7.0,258.0,20.0,25.0,17.0,45.0,11.310693170624136,197.0,222.0,62,-28.0,-52.0,-0.45
07:30:12,209.57,14.0,222.0,35.0,208.0,14.0,258.0,28.0,12.430000000000007,28.0,63.0,12.486640060480807,209.57,222.0,91,-35.0,29.0,-0.38
07:30:13,203.88,16.0,222.0,45.0,199.11,19.0,258.0,36.0,18.120000000000005,35.0,81.0,10.232794339768814,203.88,222.0,116,-46.0,25.0,-0.4
07:30:14,199.14,22.0,222.0,45.0,194.9,39.0,258.0,36.0,22.860000000000014,61.0,81.0,4.64172058616253,199.14,222.0,142,-20.0,26.0,-0.14
07:30:15,200.95,42.0,221.0,45.0,199.52,21.0,228.7,43.0,20.05000000000001,63.0,88.0,2.478574186907699,200.95,221.0,151,-25.0,9.0,-0.17
07:30:16,201.0,65.0,214.33,30.0,200.0,26.0,216.61,59.0,13.330000000000013,91.0,89.0,3.010041527953581,201.0,214.33,180,2.0,29.0,0.01
07:30:17,203.78,37.0,212.6,35.0,201.73,67.0,214.0,61.0,8.819999999999993,104.0,96.0,2.156930689661804,203.78,212.6,200,8.0,20.0,0.04
07:30:18,205.0,56.0,208.48,65.0,204.0,70.0,209.39,46.0,3.4799999999999898,126.0,111.0,1.8556265788150155,205.0,208.48,237,15.0,37.0,0.06
07:30:19,204.55,44.0,205.83,18.0,203.68,44.0,211.52,62.0,1.2800000000000011,88.0,80.0,2.1334549444515005,204.55,205.83,168,8.0,-69.0,0.05
07:30:21,184.71,42.0,205.75,40.0,157.64,14.0,208.4,50.0,21.039999999999992,56.0,90.0,8.925412035307035,184.71,205.75,146,-34.0,4.0,-0.23
07:30:22,195.0,35.0,206.0,45.0,171.48,33.0,208.45,33.0,11.0,68.0,78.0,7.882732394290922,195.0,206.0,146,-10.0,0.0,-0.07
07:30:23,196.75,24.0,206.0,35.0,173.77,39.0,207.0,21.0,9.25,63.0,56.0,6.86938352401461,196.75,206.0,119,7.0,-27.0,0.06
07:30:24,195.0,15.0,206.0,25.0,173.85,26.0,207.0,15.0,11.0,41.0,40.0,5.882216419004261,195.0,206.0,81,1.0,-38.0,0.01
07:30:25,202.71,84.0,206.0,50.0,186.87,31.0,207.0,30.0,3.289999999999992,115.0,80.0,3.2935816370637525,202.70999999999998,206.0,195,35.0,114.0,0.18
07:30:26,204.0,108.0,206.0,38.0,196.5,36.0,207.0,27.0,2.0,144.0,65.0,2.1707418086920467,204.0,206.0,209,79.0,14.0,0.38
07:30:27,204.14,49.0,206.0,44.0,202.88,96.0,207.0,33.0,1.8600000000000136,145.0,77.0,2.1601898064761946,204.14,206.0,222,68.0,13.0,0.31
07:30:28,204.03,62.0,206.0,22.0,197.68,28.0,207.0,21.0,1.9699999999999989,90.0,43.0,1.9725871336911112,204.03,206.0,133,47.0,-89.0,0.35
07:30:29,204.91,22.0,208.14,21.0,203.59,73.0,239.5,24.0,3.2299999999999898,95.0,45.0,0.8005810389983993,204.90999999999997,208.14,140,50.0,7.0,0.36
07:30:30,202.95,38.0,208.88,17.0,193.0,21.0,277.6,20.0,5.930000000000007,59.0,37.0,0.6881351611447872,202.95,208.88,96,22.0,-44.0,0.23
07:30:31,202.31,65.0,206.14,29.0,197.78,49.0,208.4,15.0,3.829999999999984,114.0,44.0,0.8902527730952372,202.31,206.14,158,70.0,62.0,0.44
07:30:33,202.17,36.0,205.0,18.0,199.58,38.0,221.0,24.0,2.8300000000000125,74.0,42.0,1.3573761453641864,202.17,205.0,116,32.0,-20.0,0.28
07:30:34,202.0,30.0,204.65,48.0,201.0,50.0,210.45,31.0,2.6500000000000057,80.0,79.0,1.0446674111906191,202.0,204.65,159,1.0,43.0,0.01
07:30:36,204.0,12.0,209.0,8.0,199.2,30.0,223.0,32.0,5.0,42.0,40.0,1.6400243900636535,204.0,209.0,82,2.0,-127.0,0.02
07:30:37,200.46,26.0,206.23,26.0,197.53,51.0,212.57,28.0,5.769999999999982,77.0,54.0,1.6529609795768498,200.46,206.23,131,23.0,49.0,0.18
07:30:38,200.0,12.0,214.0,4.0,197.0,24.0,223.0,16.0,14.0,36.0,20.0,2.1849530887421085,200.0,214.0,56,16.0,-75.0,0.29
07:30:39,198.8,15.0,213.0,5.0,196.6,30.0,223.0,20.0,14.199999999999989,45.0,25.0,2.1594165878782405,198.8,213.0,70,20.0,14.0,0.29
07:30:40,206.47,51.0,213.0,8.0,197.56,27.0,220.75,32.0,6.530000000000001,78.0,40.0,2.2929282588000457,206.47,213.0,118,38.0,48.0,0.32
07:30:41,206.83,18.0,212.33,9.0,198.83,18.0,216.2,15.0,5.5,36.0,24.0,2.675421462125888,206.83,212.33,60,12.0,-58.0,0.2
07:30:42,199.88,24.0,210.4,20.0,197.13,45.0,211.46,13.0,10.52000000000001,69.0,33.0,2.104737513326502,199.88,210.4,102,36.0,42.0,0.35
07:30:43,198.2,30.0,206.65,37.0,196.33,54.0,207.27,33.0,8.450000000000017,84.0,70.0,3.1154582327490563,198.2,206.65,154,14.0,52.0,0.09
07:30:44,197.25,48.0,204.96,57.0,192.14,42.0,206.21,47.0,7.710000000000008,90.0,104.0,3.983217292591992,197.25,204.96,194,-14.0,40.0,-0.07
07:30:48,203.35,20.0,207.33,27.0,193.7,37.0,309.25,24.0,3.980000000000018,57.0,51.0,1.915006527405035,203.35,207.33000000000004,108,6.0,12.0,0.06
07:30:49,210.0,45.0,211.0,60.0,201.0,15.0,369.04,45.0,1.0,60.0,105.0,4.069363586607114,210.0,211.0,165,-45.0,57.0,-0.27
07:30:50,203.2,15.0,210.0,25.0,194.14,28.0,253.86,42.0,6.800000000000011,43.0,67.0,3.6831671154054235,203.2,210.0,110,-24.0,-55.0,-0.22
07:30:51,203.05,19.0,208.73,22.0,201.22,23.0,240.22,46.0,5.679999999999978,42.0,68.0,2.9181021229566073,203.05,208.73,110,-26.0,0.0,-0.24
07:30:52,209.77,13.0,420.7,33.0,202.35,23.0,524.23,44.0,210.92999999999998,36.0,77.0,48.407323516178884,209.77,420.7,113,-41.0,3.0,-0.36
07:30:53,207.88,17.0,459.0,45.0,204.55,11.0,533.67,18.0,251.12,28.0,63.0,64.2511818568344,207.88,459.0,91,-35.0,-22.0,-0.38
07:30:54,209.32,80.0,426.29,62.0,207.7,20.0,608.52,29.0,216.97000000000003,100.0,91.0,63.87092945934016,209.32,426.29,191,9.0,100.0,0.05
07:30:55,211.2,80.0,319.25,32.0,209.6,40.0,642.84,19.0,108.05000000000001,120.0,51.0,52.33133764772316,211.2,319.25,171,69.0,-20.0,0.4
07:30:56,211.11,108.0,347.83,30.0,209.54,52.0,431.0,42.0,136.71999999999997,160.0,72.0,28.604273806548665,211.11,347.83,232,88.0,61.0,0.38
07:30:57,210.0,48.0,379.04,24.0,208.0,12.0,505.5,20.0,169.04000000000002,60.0,44.0,27.738645064242156,210.0,379.04,104,16.0,-128.0,0.15
07:30:58,210.0,48.0,248.0,30.0,208.0,12.0,318.0,12.0,38.0,60.0,42.0,33.244654156721246,210.0,248.0,102,18.0,-2.0,0.18
07:30:59,210.0,72.0,248.0,45.0,208.0,18.0,318.0,18.0,38.0,90.0,63.0,29.658550706330903,210.0,248.0,153,27.0,51.0,0.18
07:31:00,210.0,87.0,247.42,45.0,208.0,24.0,364.16,51.0,37.41999999999999,111.0,96.0,32.26018211355913,210.0,247.42,207,15.0,54.0,0.07
07:31:01,210.0,63.0,244.0,20.0,208.0,20.0,248.0,50.0,34.0,83.0,70.0,29.569189708208086,210.0,244.0,153,13.0,-54.0,0.08
07:31:02,210.0,60.0,243.25,24.0,208.0,24.0,245.82,33.0,33.25,84.0,57.0,1.160465423870166,210.0,243.25,141,27.0,-12.0,0.19
07:31:03,210.0,40.0,242.62,16.0,208.0,16.0,243.62,16.0,32.620000000000005,56.0,32.0,1.2400282254844612,210.0,242.62,88,24.0,-53.0,0.27
07:31:04,209.86,28.0,240.45,22.0,207.95,21.0,241.73,22.0,30.589999999999975,49.0,44.0,1.2886232963896525,209.85999999999999,240.45,93,5.0,5.0,0.05
07:31:05,208.05,21.0,236.92,24.0,205.86,14.0,266.21,28.0,28.869999999999976,35.0,52.0,1.8299945355104463,208.05,236.92,87,-17.0,-6.0,-0.2
07:31:06,205.0,13.0,233.26,23.0,203.0,39.0,255.91,22.0,28.25999999999999,52.0,45.0,3.1446541940248482,205.0,233.26,97,7.0,10.0,0.07
07:31:07,205.97,108.0,229.19,42.0,203.94,17.0,231.1,21.0,23.22,125.0,63.0,3.7576016286985454,205.97,229.19,188,62.0,91.0,0.33
07:31:08,206.0,195.0,226.33,46.0,205.0,13.0,228.22,23.0,20.330000000000013,208.0,69.0,3.6770531679590737,206.0,226.33,277,139.0,89.0,0.5
07:31:09,207.95,60.0,221.11,35.0,206.38,113.0,222.31,48.0,13.160000000000025,173.0,83.0,3.039215359265899,207.95,221.11,256,90.0,-21.0,0.35
07:31:10,210.27,180.0,218.14,57.0,209.0,45.0,219.11,18.0,7.869999999999976,225.0,75.0,2.074114268789853,210.26999999999998,218.14,300,150.0,44.0,0.5
07:31:11,212.75,193.0,215.59,49.0,209.0,48.0,216.84,31.0,2.8400000000000034,241.0,80.0,1.5011562210501546,212.75,215.59,321,161.0,21.0,0.5
07:31:12,213.12,125.0,214.8,50.0,211.4,75.0,256.09,58.0,1.6800000000000068,200.0,108.0,0.8934371830170625,213.12,214.8,308,92.0,-13.0,0.3
07:31:13,213.04,84.0,290.91,44.0,209.67,27.0,377.5,34.0,77.87000000000003,111.0,78.0,16.885781888914657,213.04000000000002,290.91,189,33.0,-119.0,0.17
07:31:14,213.0,18.0,366.0,8.0,208.0,4.0,394.0,4.0,153.0,22.0,12.0,33.73408291327926,213.0,366.0,34,10.0,-155.0,0.29
07:31:15,213.0,86.0,365.86,28.0,208.0,20.0,378.0,28.0,152.86,106.0,56.0,37.7001927050778,213.0,365.86,162,50.0,128.0,0.31
07:31:16,213.0,77.0,363.55,11.0,209.52,67.0,432.27,30.0,150.55,144.0,41.0,33.54180570571601,213.0,363.55,185,103.0,23.0,0.56
07:31:17,213.0,63.0,361.44,9.0,210.0,153.0,436.67,27.0,148.44,216.0,36.0,16.410443930619497,213.0,361.44,252,180.0,67.0,0.71
07:31:18,213.0,91.0,332.78,23.0,210.0,221.0,335.03,30.0,119.77999999999997,312.0,53.0,7.090153030789065,213.0,332.78,365,259.0,113.0,0.71
07:31:19,213.0,21.0,322.43,7.0,210.0,119.0,324.33,15.0,109.43,140.0,22.0,10.061663878305954,213.0,322.43,162,118.0,-170.5,0.73
07:31:20,213.0,27.0,320.44,9.0,210.0,153.0,322.0,9.0,107.44,180.0,18.0,10.480656945058643,213.0,320.44,198,162.0,36.0,0.82
07:31:21,210.05,179.0,317.58,12.0,208.87,39.0,319.33,12.0,107.52999999999997,218.0,24.0,9.28839975453283,210.05,317.58,242,194.0,44.0,0.8
07:31:22,210.0,199.0,260.55,22.0,208.0,31.0,316.33,12.0,50.55000000000001,230.0,34.0,14.905555004762638,210.0,260.55,264,196.0,22.0,0.74
07:31:23,210.0,251.0,311.8,15.0,208.0,135.0,313.4,15.0,101.80000000000001,386.0,30.0,13.466166121060757,210.0,311.8,416,356.0,152.0,0.86
07:31:24,211.2,40.0,307.0,9.0,209.87,137.0,308.89,9.0,95.80000000000001,177.0,18.0,12.576490766505762,211.2,307.0,195,159.0,-170.5,0.82
07:31:25,210.03,225.0,264.57,42.0,208.19,169.0,278.83,42.0,54.53999999999999,394.0,84.0,13.808592252652145,210.03,264.57,478,310.0,169.5,0.65
07:31:26,210.0,88.0,211.0,22.0,208.0,99.0,244.0,33.0,1.0,187.0,55.0,20.61339321897309,210.0,211.0,242,132.0,-170.5,0.55
07:31:27,210.0,63.0,211.0,24.0,208.0,108.0,289.36,22.0,1.0,171.0,46.0,24.775148839109043,210.0,211.0,217,125.0,-25.0,0.58
07:31:28,210.0,19.0,211.0,18.0,208.0,81.0,285.45,33.0,1.0,100.0,51.0,22.040689644382887,210.0,211.0,151,49.0,-66.0,0.32
07:31:29,210.0,24.0,211.0,24.0,208.0,108.0,278.83,60.0,1.0,132.0,84.0,11.98532435939916,210.0,211.0,216,48.0,65.0,0.22
07:31:30,210.0,12.0,211.0,12.0,208.0,54.0,421.5,20.0,1.0,66.0,32.0,0.0,210.0,211.0,98,34.0,-118.0,0.35
07:31:31,208.08,51.0,211.0,16.0,207.24,37.0,274.12,24.0,2.9199999999999875,88.0,40.0,0.4293250516879057,208.08,211.0,128,48.0,30.0,0.38
07:31:32,208.0,35.0,211.0,10.0,207.0,20.0,510.22,9.0,3.0,55.0,19.0,0.5369543742319467,208.0,211.0,74,36.0,-54.0,0.49
07:31:33,208.83,42.0,211.0,16.0,207.92,53.0,443.75,12.0,2.1699999999999875,95.0,28.0,0.4918536367729949,208.83,211.0,123,67.0,49.0,0.54
07:31:34,208.43,80.0,302.2,45.0,207.57,74.0,399.33,58.0,93.76999999999998,154.0,103.0,20.327589133982595,208.43,302.2,257,51.0,134.0,0.2
07:31:35,208.32,62.0,246.03,70.0,207.26,86.0,298.98,54.0,37.71000000000001,148.0,124.0,19.958682321235724,208.32,246.02999999999997,272,24.0,15.0,0.09
07:31:36,211.47,15.0,233.0,36.0,209.04,50.0,290.62,26.0,21.53,65.0,62.0,18.69913019367499,211.47,233.0,127,3.0,-145.0,0.02
07:31:37,210.0,44.0,231.39,46.0,208.0,64.0,245.07,42.0,21.389999999999986,108.0,88.0,16.99731361127422,210.0,231.38999999999996,196,20.0,69.0,0.1
07:31:38,210.0,43.0,229.57,42.0,208.0,60.0,230.43,42.0,19.569999999999993,103.0,84.0,14.958832507920123,210.0,229.57000000000002,187,19.0,-9.0,0.1
07:31:39,210.0,33.0,224.97,37.0,208.0,55.0,228.53,43.0,14.969999999999999,88.0,80.0,3.620672589451825,210.0,224.96999999999997,168,8.0,-19.0,0.05
07:31:40,210.57,35.0,216.0,15.0,208.75,40.0,220.21,39.0,5.430000000000007,75.0,54.0,3.477829783069875,210.57,216.0,129,21.0,-39.0,0.16
07:31:41,210.12,33.0,211.42,48.0,208.31,77.0,215.81,32.0,1.299999999999983,110.0,80.0,4.258487994583048,210.12,211.42,190,30.0,61.0,0.16
07:31:42,208.0,37.0,212.14,21.0,207.0,9.0,390.59,29.0,4.139999999999986,46.0,50.0,4.233452491762266,208.0,212.14,96,-4.0,-94.0,-0.04
07:31:43,207.25,8.0,272.32,22.0,205.04,55.0,359.96,24.0,65.07,63.0,46.0,12.365055600360543,207.25,272.32,109,17.0,13.0,0.16
07:31:44,207.0,8.0,261.62,16.0,205.0,72.0,267.62,32.0,54.620000000000005,80.0,48.0,14.241951411236002,207.0,261.62,128,32.0,19.0,0.25
07:31:45,207.21,14.0,239.12,32.0,205.06,102.0,260.21,42.0,31.909999999999997,116.0,74.0,13.45686813489702,207.21,239.12,190,42.0,62.0,0.22
07:31:46,207.0,11.0,216.31,39.0,205.0,99.0,242.79,28.0,9.310000000000002,110.0,67.0,13.25096902116999,207.0,216.31,177,43.0,-13.0,0.24
07:31:47,205.0,73.0,209.37,59.0,202.0,105.0,211.33,55.0,4.3700000000000045,178.0,114.0,14.036114134617417,205.0,209.37,292,64.0,115.0,0.22
07:31:48,205.0,57.0,206.0,36.0,202.0,45.0,207.0,36.0,1.0,102.0,72.0,12.17365105463467,205.0,206.0,174,30.0,-118.0,0.17
07:31:49,205.0,36.0,206.64,44.0,201.89,18.0,207.61,23.0,1.6399999999999864,54.0,67.0,7.408983061123079,205.0,206.64,121,-13.0,-53.0,-0.11
07:31:50,202.4,15.0,205.0,52.0,199.27,15.0,209.0,19.0,2.5999999999999943,30.0,71.0,2.997126957606129,202.4,205.0,101,-41.0,-20.0,-0.41
07:31:59,203.52,48.0,319.27,44.0,189.25,24.0,429.84,38.0,115.74999999999997,72.0,82.0,31.32789922736616,203.52,319.27,154,-10.0,-18.0,-0.06
07:32:00,205.0,25.0,353.93,43.0,197.45,44.0,450.09,33.0,148.93,69.0,76.0,43.13550359043009,205.0,353.93,145,-7.0,-9.0,-0.05
07:32:01,202.23,154.0,301.49,49.0,200.28,72.0,497.26,39.0,99.26000000000002,226.0,88.0,39.662791757515066,202.23,301.49,314,138.0,169.0,0.44
07:32:02,203.0,84.0,270.67,24.0,201.0,36.0,399.15,13.0,67.67000000000002,120.0,37.0,31.371283524905426,203.0,270.67,157,83.0,-157.0,0.53
07:32:03,206.0,42.0,406.39,71.0,204.15,101.0,583.73,55.0,200.39,143.0,126.0,26.752728272084667,206.0,406.39,269,17.0,112.0,0.06
07:32:04,205.56,108.0,327.24,50.0,203.8,41.0,554.84,49.0,121.68,149.0,99.0,26.57684085816066,205.56,327.24,248,50.0,-21.0,0.2
07:32:05,206.85,149.0,278.23,52.0,205.5,32.0,535.11,61.0,71.38000000000002,181.0,113.0,27.750794222868638,206.85,278.23,294,68.0,46.0,0.23
07:32:09,209.4,20.0,317.18,40.0,207.57,37.0,435.81,42.0,107.78,57.0,82.0,60.551778256298924,209.4,317.18,139,-25.0,-168.0,-0.18
07:32:10,208.62,26.0,249.0,50.0,207.24,34.0,376.82,39.0,40.379999999999995,60.0,89.0,64.99999484615361,208.62,249.0,149,-29.0,10.0,-0.19
07:32:11,207.94,18.0,248.08,60.0,206.89,35.0,341.5,40.0,40.140000000000015,53.0,100.0,65.68860692692455,207.94,248.08,153,-47.0,4.0,-0.31
07:32:12,207.0,7.0,247.71,35.0,205.43,14.0,336.29,35.0,40.71000000000001,21.0,70.0,56.759366451714406,207.0,247.71,91,-49.0,-62.0,-0.54
07:32:13,204.92,12.0,246.0,60.0,202.36,44.0,282.5,60.0,41.08000000000001,56.0,120.0,16.09366738813761,204.92,246.0,176,-64.0,85.0,-0.36
07:32:14,202.97,36.0,245.0,40.0,201.54,13.0,318.5,32.0,42.03,49.0,72.0,1.9673662597504573,202.97,245.0,121,-23.0,-55.0,-0.19
07:32:15,210.04,46.0,245.0,25.0,202.88,17.0,436.35,17.0,34.96000000000001,63.0,42.0,1.6909080400792194,210.04,245.0,105,21.0,-16.0,0.2
07:32:16,212.0,112.0,242.54,35.0,204.29,14.0,244.03,39.0,30.539999999999992,126.0,74.0,1.5485961384442934,212.0,242.54,200,52.0,95.0,0.26
07:32:17,212.0,150.0,241.7,57.0,205.0,39.0,243.09,56.0,29.69999999999999,189.0,113.0,1.4781644022247933,212.0,241.7,302,76.0,102.0,0.25
07:32:18,212.0,160.0,238.73,52.0,205.0,48.0,240.17,59.0,26.72999999999999,208.0,111.0,1.4902013286816596,212.0,238.73,319,97.0,17.0,0.3
07:32:19,212.0,132.0,237.0,42.0,209.86,107.0,238.0,42.0,25.0,239.0,84.0,1.3073522861128848,212.0,237.0,323,155.0,4.0,0.48
07:32:20,210.98,120.0,212.47,45.0,208.5,80.0,235.4,45.0,1.490000000000009,200.0,90.0,6.481895556085811,210.98,212.47,290,110.0,-33.0,0.38
07:32:21,210.18,100.0,235.0,39.0,209.5,151.0,453.92,59.0,24.819999999999993,251.0,98.0,6.061017241355207,210.18,235.0,349,153.0,59.0,0.44
07:32:22,212.75,12.0,234.35,37.0,210.0,204.0,411.12,50.0,21.599999999999994,216.0,87.0,5.590288901300648,212.75,234.34999999999997,303,129.0,-46.0,0.43
07:32:23,210.48,93.0,235.0,33.0,209.92,142.0,431.0,54.0,24.52000000000001,235.0,87.0,5.254155498270419,210.48,235.0,322,148.0,19.0,0.46
07:32:24,211.03,36.0,228.5,24.0,210.04,125.0,230.62,24.0,17.47,161.0,48.0,4.883858106047446,211.03,228.5,209,113.0,-113.0,0.54
07:32:25,211.86,35.0,227.14,21.0,210.0,126.0,230.0,21.0,15.279999999999973,161.0,42.0,1.8623828822251436,211.86,227.14,203,119.0,-6.0,0.59
07:32:26,210.42,144.0,225.83,36.0,209.72,99.0,267.75,36.0,15.410000000000025,243.0,72.0,2.305337285519247,210.42,225.83,315,171.0,112.0,0.54
07:32:27,210.0,130.0,224.3,30.0,208.0,20.0,505.2,30.0,14.300000000000011,150.0,60.0,2.120231119478544,210.0,224.3,210,90.0,-105.0,0.43
07:32:29,210.0,156.0,431.86,65.0,208.0,28.0,516.57,61.0,221.86,184.0,126.0,61.87069524419459,210.0,431.86,310,58.0,74.0,0.19
07:32:32,210.0,67.0,444.91,33.0,208.0,22.0,455.29,41.0,234.91000000000003,89.0,74.0,11.456311360992348,210.0,444.91,163,15.0,-61.0,0.09
07:32:33,210.0,47.0,370.43,56.0,208.0,26.0,385.06,52.0,160.43,73.0,108.0,22.99305112419842,210.0,370.43,181,-35.0,18.0,-0.19
07:32:34,210.0,39.0,315.45,49.0,208.0,26.0,316.77,43.0,105.44999999999999,65.0,92.0,36.835228654102316,210.0,315.45,157,-27.0,-24.0,-0.17
07:32:35,210.88,51.0,299.21,70.0,209.84,49.0,301.02,58.0,88.32999999999998,100.0,128.0,39.01273471573095,210.88,299.21,228,-28.0,71.0,-0.12
07:32:36,211.0,30.0,285.21,34.0,210.0,30.0,286.41,44.0,74.20999999999998,60.0,78.0,32.55842947686509,211.0,285.21,138,-18.0,-90.0,-0.13
07:32:37,210.39,38.0,280.25,48.0,208.81,37.0,281.32,50.0,69.86000000000001,75.0,98.0,18.03652821360023,210.39,280.25,173,-23.0,35.0,-0.13
07:32:38,210.0,48.0,276.5,44.0,208.0,24.0,277.33,46.0,66.5,72.0,90.0,7.975479295941825,210.0,276.5,162,-18.0,-11.0,-0.11
07:32:39,209.79,28.0,271.24,34.0,207.61,23.0,272.89,38.0,61.45000000000002,51.0,72.0,5.5561434466719986,209.79,271.24,123,-21.0,-39.0,-0.17
07:32:40,208.59,27.0,268.79,57.0,207.06,35.0,270.15,47.0,60.20000000000002,62.0,104.0,3.744319697888509,208.59,268.79,166,-42.0,43.0,-0.25
07:32:41,209.0,43.0,265.46,26.0,208.0,8.0,266.2,30.0,56.45999999999998,51.0,56.0,3.298257115507491,209.0,265.46,107,-5.0,-59.0,-0.05
07:32:42,209.67,60.0,263.83,36.0,208.0,12.0,264.89,56.0,54.16,72.0,92.0,2.6563659386454423,209.67,263.83,164,-20.0,57.0,-0.12
07:32:43,210.0,60.0,260.79,48.0,208.0,12.0,261.6,40.0,50.79000000000002,72.0,88.0,1.955014066444424,210.0,260.79,160,-16.0,-4.0,-0.1
07:32:44,210.47,85.0,255.53,45.0,209.38,29.0,256.34,41.0,45.06,114.0,86.0,2.147237760471703,210.47,255.53,200,28.0,40.0,0.14
07:32:45,211.52,145.0,249.05,44.0,209.87,68.0,250.29,52.0,37.53,213.0,96.0,2.888714246857163,211.52,249.05,309,117.0,109.0,0.38
07:32:46,212.73,165.0,246.08,51.0,211.35,69.0,247.41,51.0,33.35000000000002,234.0,102.0,3.1691923261291026,212.73,246.08,336,132.0,27.0,0.39
07:32:47,213.71,70.0,242.57,21.0,212.0,35.0,244.0,35.0,28.859999999999985,105.0,56.0,2.929177358917627,213.71,242.57000000000002,161,49.0,-170.5,0.3
07:32:48,214.0,120.0,239.83,48.0,212.0,75.0,240.89,46.0,25.830000000000013,195.0,94.0,2.3109997836424823,214.0,239.83,289,101.0,128.0,0.35
07:32:49,214.0,70.0,235.55,38.0,212.0,50.0,236.63,43.0,21.55000000000001,120.0,81.0,2.160249985533039,214.0,235.54999999999998,201,39.0,-88.0,0.19
07:32:50,214.0,77.0,231.43,46.0,212.0,55.0,232.43,46.0,17.430000000000007,132.0,92.0,2.6676056680093017,214.0,231.43,224,40.0,23.0,0.18
07:32:51,214.0,77.0,228.58,43.0,212.0,59.0,229.33,45.0,14.580000000000013,136.0,88.0,2.8413201157200163,214.0,228.58,224,48.0,0.0,0.21
07:32:52,214.0,112.0,224.81,74.0,212.0,112.0,226.24,62.0,10.810000000000002,224.0,136.0,2.93353540970534,214.0,224.80999999999997,360,88.0,136.0,0.24
07:32:53,214.0,105.0,218.99,69.0,212.0,105.0,220.33,54.0,4.990000000000009,210.0,123.0,3.1693800655640683,214.0,218.99,333,87.0,-27.0,0.26
07:32:54,212.95,80.0,215.71,48.0,211.17,72.0,216.84,49.0,2.7600000000000193,152.0,97.0,3.4367164561532735,212.95,215.71,249,55.0,-84.0,0.22
07:32:55,210.78,23.0,213.18,28.0,209.32,31.0,217.0,31.0,2.4000000000000057,54.0,59.0,3.7533851387773547,210.77999999999997,213.18,113,-5.0,-136.0,-0.04
07:32:56,209.45,22.0,211.18,44.0,208.27,33.0,212.3,40.0,1.7300000000000182,55.0,84.0,3.602766992187344,209.45,211.18,139,-29.0,26.0,-0.21
07:32:57,207.62,39.0,209.32,47.0,205.73,33.0,210.45,44.0,1.6999999999999886,72.0,91.0,3.17675463326876,207.62,209.32,163,-19.0,24.0,-0.12
07:32:58,204.14,70.0,208.19,32.0,193.45,80.0,209.73,45.0,4.050000000000011,150.0,77.0,3.140816772751072,204.14,208.19,227,73.0,64.0,0.32
07:32:59,203.0,84.0,206.0,31.0,200.88,82.0,207.71,34.0,3.0,166.0,65.0,3.0260485785912907,203.0,206.0,231,101.0,4.0,0.44
07:33:00,203.33,84.0,209.95,37.0,198.05,57.0,230.28,36.0,6.619999999999976,141.0,73.0,2.236615747059461,203.33,209.95,214,68.0,-17.0,0.32
07:33:01,203.92,12.0,226.17,24.0,202.42,19.0,316.5,20.0,22.25,31.0,44.0,4.095623273690395,203.92,226.17,75,-13.0,-139.0,-0.17
07:33:02,205.85,41.0,246.26,38.0,204.86,14.0,319.42,45.0,40.41,55.0,83.0,9.019258284359907,205.85000000000002,246.26,138,-28.0,63.0,-0.2
07:33:03,207.53,17.0,210.0,55.0,206.13,46.0,283.38,42.0,2.469999999999999,63.0,97.0,8.691984813608157,207.53,210.0,160,-34.0,22.0,-0.21
07:33:04,208.33,42.0,210.0,46.0,205.61,69.0,222.86,56.0,1.6699999999999875,111.0,102.0,7.869744595601242,208.33,210.0,213,9.0,53.0,0.04
07:33:05,207.21,39.0,209.54,13.0,204.67,24.0,469.0,28.0,2.329999999999984,63.0,41.0,7.5441467377030085,207.21,209.54,104,22.0,-109.0,0.21
07:33:06,207.0,44.0,217.15,26.0,203.0,20.0,546.29,28.0,10.150000000000006,64.0,54.0,7.507174568370905,207.0,217.15000000000003,118,10.0,14.0,0.08
07:33:07,207.26,19.0,240.06,33.0,204.67,24.0,281.39,33.0,32.80000000000001,43.0,66.0,6.457806903275658,207.26,240.06,109,-23.0,-9.0,-0.21
07:33:08,209.14,7.0,233.86,14.0,207.0,14.0,273.0,7.0,24.720000000000027,21.0,21.0,7.136317677906094,209.14000000000001,233.85999999999999,42,0.0,-67.0,0.0
07:33:09,210.09,11.0,230.64,22.0,207.71,28.0,349.0,44.0,20.549999999999983,39.0,66.0,6.602846355928271,210.09000000000003,230.64,105,-27.0,63.0,-0.26
07:33:10,209.18,22.0,228.0,14.0,208.0,20.0,259.86,28.0,18.819999999999993,42.0,42.0,4.404159397659839,209.18,228.0,84,0.0,-21.0,0.0
07:33:11,209.0,14.0,228.0,10.0,207.0,10.0,245.0,20.0,19.0,24.0,30.0,2.159333230419895,209.0,228.0,54,-6.0,-30.0,-0.11
07:33:12,209.0,30.0,226.69,39.0,207.0,30.0,234.5,40.0,17.689999999999998,60.0,79.0,1.5159320565235084,209.0,226.69,139,-19.0,85.0,-0.14
07:33:13,208.47,30.0,221.03,29.0,205.63,70.0,224.44,36.0,12.560000000000002,100.0,65.0,2.046472574943422,208.47,221.03,165,35.0,26.0,0.21
07:33:14,205.05,146.0,207.53,15.0,203.83,58.0,218.83,23.0,2.4799999999999898,204.0,38.0,5.220036398340104,205.05,207.53,242,166.0,77.0,0.69
07:33:15,205.0,110.0,206.0,12.0,203.0,24.0,432.27,30.0,1.0,134.0,42.0,6.269343665807093,205.0,206.0,176,92.0,-66.0,0.52
07:33:16,205.0,76.0,408.29,28.0,203.0,20.0,500.55,31.0,203.29000000000002,96.0,59.0,43.05832242435828,205.0,408.29,155,37.0,-21.0,0.24
07:33:17,210.2,55.0,403.09,44.0,206.5,30.0,636.45,44.0,192.89,85.0,88.0,53.68892558060736,210.2,403.09,173,-3.0,18.0,-0.02
07:33:18,211.0,52.0,401.25,32.0,207.25,8.0,585.12,32.0,190.25,60.0,64.0,55.08832135761622,211.0,401.25,124,-4.0,-49.0,-0.03
07:33:19,211.0,51.0,293.59,37.0,208.0,10.0,627.86,37.0,82.58999999999997,61.0,74.0,45.595585531934944,211.0,293.59,135,-13.0,11.0,-0.1
07:33:21,205.0,36.0,383.71,7.0,203.0,18.0,610.43,28.0,178.70999999999998,54.0,35.0,36.473455690405785,205.0,383.71,89,19.0,-2.0,0.21
07:33:22,205.0,27.0,260.92,13.0,203.0,28.0,507.25,16.0,55.920000000000016,55.0,29.0,47.68711356330968,205.0,260.92,84,26.0,-5.0,0.31
07:33:23,205.0,18.0,261.8,20.0,203.0,24.0,431.33,12.0,56.80000000000001,42.0,32.0,51.71726288194296,205.0,261.8,74,10.0,-10.0,0.14
07:33:24,206.08,26.0,377.1,31.0,204.94,31.0,553.54,26.0,171.02,57.0,57.0,50.66383552397108,206.07999999999998,377.1,114,0.0,40.0,0.0
07:33:25,208.25,48.0,333.1,30.0,207.5,48.0,473.19,27.0,124.85000000000002,96.0,57.0,30.10653450664812,208.25,333.1,153,39.0,39.0,0.25
07:33:26,209.81,37.0,289.47,19.0,208.47,57.0,360.63,41.0,79.66000000000003,94.0,60.0,25.316018249321793,209.81,289.47,154,34.0,1.0,0.22
07:33:27,213.0,28.0,286.46,26.0,211.07,30.0,290.0,13.0,73.45999999999998,58.0,39.0,22.513510832386718,213.0,286.46,97,19.0,-57.0,0.2
07:33:28,213.0,11.0,284.36,22.0,210.91,22.0,290.0,11.0,71.36000000000001,33.0,33.0,18.918475889986322,213.0,284.36,66,0.0,-31.0,0.0
07:33:29,208.83,36.0,283.53,30.0,205.0,48.0,293.16,19.0,74.69999999999996,84.0,49.0,9.996725463870392,208.83,283.53,133,35.0,67.0,0.26
07:33:30,208.0,91.0,282.08,26.0,204.5,64.0,300.0,39.0,74.07999999999998,155.0,65.0,2.127928570228568,208.0,282.08,220,90.0,87.0,0.41
07:33:31,208.0,49.0,280.83,18.0,205.0,42.0,295.8,20.0,72.82999999999998,91.0,38.0,2.3057103027039383,208.0,280.83,129,53.0,-91.0,0.41
07:33:32,208.0,77.0,249.26,23.0,205.0,66.0,272.65,26.0,41.25999999999999,143.0,49.0,7.971969643695056,208.0,249.26,192,94.0,63.0,0.49
07:33:33,208.0,112.0,219.8,35.0,205.0,96.0,220.69,29.0,11.800000000000011,208.0,64.0,14.127168152180964,208.0,219.8,272,144.0,80.0,0.53
07:33:34,208.0,63.0,213.68,25.0,205.0,54.0,214.75,24.0,5.680000000000007,117.0,49.0,16.217650261366376,208.0,213.68,166,68.0,-106.0,0.41
07:33:35,208.0,37.0,210.28,29.0,205.0,66.0,211.52,29.0,2.280000000000001,103.0,58.0,15.002195839276265,208.0,210.28,161,45.0,-5.0,0.28
07:33:36,205.23,52.0,209.75,28.0,204.6,20.0,210.61,23.0,4.52000000000001,72.0,51.0,8.515165882118744,205.23,209.75,123,21.0,-38.0,0.17
07:33:37,205.0,100.0,207.3,30.0,204.0,17.0,208.3,40.0,2.3000000000000114,117.0,70.0,3.0227355160516147,205.0,207.3,187,47.0,64.0,0.25
07:33:38,205.0,50.0,206.07,42.0,204.0,10.0,208.0,20.0,1.0699999999999932,60.0,62.0,2.177055350697387,205.0,206.07000000000002,122,-2.0,-65.0,-0.02
07:33:39,205.0,21.0,319.6,30.0,204.0,7.0,465.9,10.0,114.60000000000002,28.0,40.0,24.733817537937778,205.0,319.6,68,-12.0,-54.0,-0.18
07:33:40,206.17,12.0,348.0,24.0,204.86,14.0,746.33,9.0,141.83,26.0,33.0,35.06770551376287,206.17,348.0,59,-7.0,-9.0,-0.12
07:33:42,203.2,40.0,233.0,10.0,176.29,28.0,485.5,32.0,29.80000000000001,68.0,42.0,64.27422438271805,203.2,233.0,110,26.0,56.0,0.24
07:33:43,211.56,54.0,289.44,9.0,203.25,24.0,626.62,26.0,77.88,78.0,35.0,56.31132390558745,211.56,289.44,113,43.0,3.0,0.38
07:33:44,212.0,30.0,408.8,5.0,204.0,5.0,563.0,20.0,196.8,35.0,25.0,57.64304554757652,212.0,408.8,60,10.0,-53.0,0.17
07:33:45,210.26,23.0,434.06,18.0,203.09,33.0,571.86,28.0,223.8,56.0,46.0,59.615653816761736,210.26,434.06,102,10.0,42.0,0.1
07:33:46,204.71,17.0,274.71,7.0,203.06,32.0,516.84,19.0,69.99999999999997,49.0,26.0,45.62756381837613,204.71,274.71,75,23.0,-27.0,0.31
07:33:47,206.36,66.0,245.18,11.0,204.0,11.0,304.59,17.0,38.81999999999999,77.0,28.0,43.60741416319002,206.36,245.18,105,49.0,30.0,0.47
07:33:48,208.31,78.0,244.08,13.0,206.29,21.0,302.8,15.0,35.77000000000001,99.0,28.0,47.46867419677937,208.31,244.07999999999998,127,71.0,22.0,0.56
07:33:49,209.03,68.0,244.0,10.0,208.16,32.0,284.67,30.0,34.97,100.0,40.0,41.83322746334536,209.03,244.0,140,60.0,13.0,0.43
07:33:50,210.0,24.0,243.67,12.0,208.62,48.0,307.65,34.0,33.66999999999999,72.0,46.0,5.998793211971698,210.0,243.67,118,26.0,-22.0,0.22
07:33:51,209.0,18.0,242.0,9.0,208.0,27.0,444.62,32.0,33.0,45.0,41.0,0.5385164807121219,209.0,242.0,86,4.0,-32.0,0.05
07:33:52,209.0,59.0,240.4,10.0,208.0,30.0,360.32,38.0,31.400000000000006,89.0,48.0,0.8530123094062899,209.0,240.4,137,41.0,51.0,0.3
07:33:53,209.05,110.0,238.38,16.0,207.42,55.0,279.0,64.0,29.329999999999984,165.0,80.0,1.2865263308610542,209.05,238.38,245,85.0,108.0,0.35
07:33:54,210.0,96.0,237.08,39.0,208.0,36.0,289.06,17.0,27.080000000000013,132.0,56.0,1.3583924322518217,210.0,237.08,188,76.0,-57.0,0.4
07:33:55,210.97,31.0,234.65,46.0,208.0,39.0,237.45,22.0,23.680000000000007,70.0,68.0,1.0533612865485835,210.97,234.65,138,2.0,-50.0,0.01
07:33:56,212.69,13.0,237.0,36.0,209.03,31.0,238.0,9.0,24.310000000000002,44.0,45.0,0.8505703968510346,212.69,237.0,89,-1.0,-49.0,-0.01
07:33:57,213.0,11.0,236.38,32.0,210.35,34.0,236.61,23.0,23.379999999999995,45.0,55.0,0.848292402417543,213.0,236.38,100,-10.0,11.0,-0.1
07:33:58,208.0,20.0,234.5,8.0,207.0,35.0,235.94,17.0,26.5,55.0,25.0,1.4792633301746947,208.0,234.5,80,30.0,-20.0,0.38
07:33:59,209.7,74.0,225.17,41.0,207.3,80.0,225.83,41.0,15.469999999999999,154.0,82.0,3.047723740761298,209.7,225.17,236,72.0,156.0,0.31
07:34:00,211.0,85.0,213.07,28.0,208.0,52.0,215.03,32.0,2.069999999999993,137.0,60.0,5.40790440004268,211.0,213.07,197,77.0,-39.0,0.39
07:34:01,209.77,39.0,214.39,28.0,206.6,40.0,288.71,28.0,4.619999999999976,79.0,56.0,5.589056270964004,209.77,214.39000000000001,135,23.0,-62.0,0.17
07:34:02,211.0,237.0,213.12,80.0,208.0,49.0,215.0,64.0,2.1200000000000045,286.0,144.0,4.2114225625082,211.0,213.11999999999998,430,142.0,169.5,0.33
07:34:03,211.0,108.0,214.53,34.0,208.0,27.0,341.0,36.0,3.530000000000001,135.0,70.0,2.347441160072775,211.0,214.53,205,65.0,-170.5,0.32
07:34:04,211.0,166.0,212.27,60.0,208.0,45.0,213.27,60.0,1.2700000000000102,211.0,120.0,0.40654643031793547,211.0,212.27,331,91.0,126.0,0.27
07:34:05,211.0,92.0,212.0,48.0,208.0,36.0,350.08,48.0,1.0,128.0,96.0,0.49353824573612887,211.0,212.0,224,32.0,-107.0,0.14
07:34:06,211.0,36.0,375.7,40.0,208.0,30.0,539.4,40.0,164.7,66.0,80.0,36.38973962533943,211.0,375.7,146,-14.0,-78.0,-0.1
07:34:07,211.0,12.0,449.0,24.0,208.0,18.0,519.0,24.0,238.0,30.0,48.0,56.13259186960806,211.0,449.0,78,-18.0,-68.0,-0.23
07:34:08,208.0,7.0,415.0,24.0,207.0,7.0,557.0,28.0,207.0,14.0,52.0,56.311729062425194,208.0,415.0,66,-38.0,-12.0,-0.58
07:34:11,206.67,21.0,352.27,37.0,204.48,44.0,478.82,33.0,145.6,65.0,70.0,33.93830697014757,206.67,352.27,135,-5.0,81.0,-0.04
07:34:12,207.7,20.0,356.5,32.0,206.7,20.0,425.0,24.0,148.8,40.0,56.0,39.37005689607228,207.7,356.5,96,-16.0,-39.0,-0.17
07:34:13,210.73,11.0,359.33,36.0,208.0,11.0,377.34,41.0,148.6,22.0,77.0,42.12662186788741,210.73,359.33,99,-55.0,3.0,-0.56
07:34:14,212.73,11.0,359.0,33.0,210.91,11.0,360.0,44.0,146.27,22.0,77.0,37.59944507569188,212.73,359.0,99,-55.0,0.0,-0.56
07:34:15,211.38,13.0,357.59,37.0,211.0,10.0,466.64,33.0,146.20999999999998,23.0,70.0,2.5995672716766713,211.38,357.59,93,-47.0,-6.0,-0.51
07:34:16,208.55,31.0,280.69,39.0,207.6,15.0,297.22,41.0,72.13999999999999,46.0,80.0,17.831664252109885,208.55,280.69,126,-34.0,33.0,-0.27
07:34:17,210.88,102.0,240.7,30.0,207.81,89.0,309.27,33.0,29.819999999999993,191.0,63.0,28.146244332059222,210.88,240.7,254,128.0,128.0,0.5
07:34:18,211.0,63.0,220.42,12.0,207.0,49.0,222.42,19.0,9.419999999999987,112.0,31.0,32.62667666189707,211.0,220.42,143,81.0,-111.0,0.57
07:34:19,211.23,70.0,216.24,21.0,208.85,78.0,216.7,37.0,5.010000000000019,148.0,58.0,29.29888427909811,211.23,216.24,206,90.0,63.0,0.44
07:34:20,211.49,73.0,213.88,16.0,209.49,130.0,216.0,64.0,2.3899999999999864,203.0,80.0,13.412379729189933,211.49,213.88,283,123.0,77.0,0.43
07:34:21,211.0,56.0,212.0,13.0,206.67,63.0,253.57,46.0,1.0,119.0,59.0,5.750736474573178,211.0,212.0,178,60.0,-105.0,0.34
07:34:22,211.0,20.0,212.0,10.0,206.0,30.0,363.76,34.0,1.0,50.0,44.0,1.7661058858366994,211.0,212.0,94,6.0,-84.0,0.06
07:34:23,206.91,11.0,211.8,10.0,205.05,66.0,244.5,50.0,4.890000000000015,77.0,60.0,1.6332697266487575,206.90999999999997,211.8,137,17.0,43.0,0.12
07:34:24,206.0,11.0,210.45,11.0,205.0,77.0,225.0,55.0,4.449999999999989,88.0,66.0,1.8105441171061152,206.0,210.45,154,22.0,17.0,0.14
07:34:25,207.92,13.0,223.7,33.0,205.02,57.0,236.27,33.0,15.780000000000001,70.0,66.0,2.9002189572491655,207.92000000000002,223.7,136,4.0,-18.0,0.03
07:34:26,211.0,50.0,239.72,25.0,206.0,45.0,310.44,43.0,28.72,95.0,68.0,6.9548292574287585,211.0,239.72,163,27.0,27.0,0.17
07:34:27,211.0,55.0,350.29,17.0,206.0,142.0,465.9,42.0,139.29000000000002,197.0,59.0,30.27454211049251,211.0,350.29,256,138.0,93.0,0.54
07:34:28,211.38,37.0,415.2,10.0,206.23,107.0,532.32,25.0,203.82,144.0,35.0,45.980958232729144,211.38,415.2,179,109.0,-77.0,0.61
07:34:30,210.03,34.0,325.55,29.0,207.26,97.0,600.42,33.0,115.52000000000001,131.0,62.0,56.74426737565632,210.03,325.55,193,69.0,100.0,0.36
07:34:31,208.0,21.0,362.92,13.0,206.0,119.0,591.27,22.0,154.92000000000002,140.0,35.0,43.743091797448116,208.0,362.92,175,105.0,-18.0,0.6
07:34:32,208.0,39.0,373.51,41.0,206.0,221.0,436.86,42.0,165.51,260.0,83.0,42.559804628310644,208.0,373.51,343,177.0,168.0,0.52
07:34:33,206.06,192.0,218.93,56.0,204.47,144.0,296.71,48.0,12.870000000000005,336.0,104.0,59.34597585346435,206.06000000000003,218.93,440,232.0,97.0,0.53
07:34:34,206.24,100.0,214.54,63.0,205.26,136.0,216.36,39.0,8.299999999999983,236.0,102.0,39.221656645276695,206.24,214.54,338,134.0,-102.0,0.4
07:34:35,204.9,81.0,211.21,86.0,204.31,145.0,212.14,74.0,6.310000000000002,226.0,160.0,42.67924882188039,204.9,211.21,386,66.0,48.0,0.17
07:34:36,204.58,45.0,207.74,38.0,203.67,101.0,208.42,53.0,3.1599999999999966,146.0,91.0,36.518288295044464,204.58,207.74,237,55.0,-149.0,0.23
07:34:37,202.86,126.0,206.92,71.0,201.84,57.0,208.38,64.0,4.059999999999974,183.0,135.0,3.091253790937248,202.86,206.92,318,48.0,81.0,0.15
07:34:38,204.0,42.0,206.0,28.0,202.0,56.0,207.0,35.0,2.0,98.0,63.0,2.330418417362869,204.0,206.0,161,35.0,-157.0,0.22
07:34:39,204.0,36.0,205.44,27.0,201.23,13.0,206.56,27.0,1.4399999999999977,49.0,54.0,1.4023123760361547,204.0,205.44,103,-5.0,-58.0,-0.05
07:34:40,204.05,38.0,206.0,24.0,202.33,18.0,395.75,24.0,1.9499999999999886,56.0,48.0,0.5720576893847266,204.05,206.0,104,8.0,1.0,0.08
07:34:41,203.0,42.0,208.38,13.0,200.0,9.0,412.54,13.0,5.3799999999999955,51.0,26.0,0.3693643187751052,203.0,208.38,77,25.0,-27.0,0.32
07:34:42,203.0,23.0,205.95,42.0,201.78,36.0,387.48,42.0,2.9499999999999886,59.0,84.0,0.45401541822300123,203.0,205.95,143,-25.0,66.0,-0.17
07:34:43,203.0,12.0,204.86,58.0,197.0,12.0,206.63,27.0,1.8600000000000136,24.0,85.0,0.6531079543109423,203.0,204.86,109,-61.0,-34.0,-0.56
07:34:44,208.61,92.0,360.15,54.0,188.44,32.0,443.44,57.0,151.53999999999996,124.0,111.0,35.60306405353312,208.61000000000004,360.15,235,13.0,126.0,0.06
07:34:45,211.12,115.0,364.94,34.0,209.69,97.0,435.11,38.0,153.82,212.0,72.0,44.66531282774116,211.12,364.94,284,140.0,49.0,0.49
07:34:46,213.0,104.0,237.59,46.0,210.0,169.0,255.5,38.0,24.590000000000003,273.0,84.0,41.97647638856767,213.0,237.58999999999997,357,189.0,73.0,0.53
07:34:47,213.44,108.0,233.06,65.0,209.94,175.0,234.08,61.0,19.620000000000005,283.0,126.0,38.57024086002028,213.44,233.06,409,157.0,52.0,0.38
07:34:48,210.0,131.0,230.33,45.0,205.0,18.0,259.38,42.0,20.330000000000013,149.0,87.0,34.74359624448767,210.0,230.33,236,62.0,-170.5,0.26
07:34:49,210.0,110.0,228.8,50.0,205.0,20.0,231.0,50.0,18.80000000000001,130.0,100.0,29.612313654964197,210.0,228.8,230,30.0,-6.0,0.13
07:34:50,210.0,55.0,226.8,50.0,205.0,20.0,231.0,50.0,16.80000000000001,75.0,100.0,2.873128956378644,210.0,226.8,175,-25.0,-55.0,-0.14
07:34:51,210.0,11.0,224.89,28.0,205.0,16.0,228.75,40.0,14.889999999999986,27.0,68.0,2.2169866936861977,210.0,224.89000000000001,95,-41.0,-80.0,-0.43
07:34:52,210.0,7.0,222.93,27.0,205.0,14.0,223.33,15.0,12.930000000000007,21.0,42.0,1.4829126744288665,210.0,222.93000000000004,63,-21.0,-32.0,-0.33
07:34:53,209.9,21.0,220.73,33.0,204.91,11.0,222.14,21.0,10.829999999999984,32.0,54.0,1.5978360366388884,209.90000000000003,220.73,86,-22.0,23.0,-0.26
07:34:54,202.0,12.0,216.04,56.0,201.0,12.0,218.44,16.0,14.039999999999992,24.0,72.0,3.7085172239025574,202.0,216.04,96,-48.0,10.0,-0.5
07:34:55,210.18,11.0,213.91,47.0,201.91,11.0,214.49,47.0,3.7299999999999898,22.0,94.0,3.474240924285753,210.18,213.91,116,-72.0,20.0,-0.62
07:34:56,202.0,8.0,210.25,24.0,201.0,8.0,212.67,24.0,8.25,16.0,48.0,4.305784481367125,202.0,210.25,64,-32.0,-52.0,-0.5
07:34:57,202.97,79.0,209.95,37.0,201.56,18.0,210.41,17.0,6.97999999999999,97.0,54.0,3.899971794767489,202.97,209.95,151,43.0,87.0,0.28
07:34:58,203.45,121.0,208.07,27.0,202.0,33.0,209.9,39.0,4.6200000000000045,154.0,66.0,2.65974058885111,203.45,208.06999999999996,220,88.0,69.0,0.4
07:34:59,205.0,123.0,206.46,65.0,201.46,24.0,207.29,41.0,1.460000000000008,147.0,106.0,2.7142273301958415,205.0,206.46,253,41.0,33.0,0.16
07:35:00,205.0,54.0,206.95,37.0,199.5,12.0,388.14,29.0,1.9499999999999886,66.0,66.0,0.2987808561169526,205.0,206.95,132,0.0,-121.0,0.0
07:35:01,204.38,42.0,272.31,61.0,179.83,18.0,344.65,26.0,67.93,60.0,87.0,14.479251707183709,204.37999999999997,272.31,147,-27.0,15.0,-0.18
07:35:02,200.5,24.0,345.67,12.0,198.5,12.0,557.55,33.0,145.17000000000002,36.0,45.0,29.960531871113073,200.5,345.67,81,-9.0,-66.0,-0.11
07:35:03,206.86,29.0,355.0,10.0,203.29,41.0,536.91,22.0,148.14,70.0,32.0,35.71222087745289,206.86,355.0,102,38.0,21.0,0.37
07:35:04,208.0,43.0,271.87,30.0,207.0,55.0,307.38,21.0,63.870000000000005,98.0,51.0,30.156069372515738,208.0,271.87,149,47.0,47.0,0.32
07:35:05,208.83,12.0,229.17,12.0,207.62,16.0,231.0,24.0,20.339999999999975,28.0,36.0,25.91884391711909,208.83,229.17,64,-8.0,-85.0,-0.12
07:35:06,211.07,28.0,229.0,26.0,208.35,26.0,231.0,52.0,17.930000000000007,54.0,78.0,29.117957174224657,211.07,229.0,132,-24.0,68.0,-0.18
07:35:07,210.82,22.0,228.62,16.0,205.91,11.0,326.62,32.0,17.80000000000001,33.0,48.0,26.65933663840833,210.82,228.62,81,-15.0,-51.0,-0.19
07:35:08,204.12,25.0,228.0,14.0,202.8,10.0,324.38,13.0,23.879999999999995,35.0,27.0,9.621538338539198,204.12,228.0,62,8.0,-19.0,0.13
07:35:09,204.0,60.0,226.2,30.0,202.0,15.0,227.14,28.0,22.19999999999999,75.0,58.0,2.25234988400539,204.0,226.2,133,17.0,71.0,0.13
07:35:10,204.31,29.0,225.12,16.0,203.41,17.0,227.0,16.0,20.810000000000002,46.0,32.0,2.5617415950831166,204.31,225.12,78,14.0,-55.0,0.18
07:35:11,204.34,35.0,220.27,22.0,182.63,27.0,226.11,18.0,15.930000000000007,62.0,40.0,2.6941083868283484,204.34,220.27,102,22.0,24.0,0.22
07:35:12,204.0,45.0,214.62,26.0,116.62,24.0,217.29,28.0,10.620000000000005,69.0,54.0,2.7191083097182194,204.0,214.62,123,15.0,21.0,0.12
07:35:13,205.38,16.0,214.0,16.0,193.03,38.0,219.0,24.0,8.620000000000005,54.0,40.0,2.7120711642540964,205.38,214.0,94,14.0,-29.0,0.15
07:35:14,207.04,23.0,214.0,18.0,204.82,17.0,227.0,18.0,6.960000000000008,40.0,36.0,2.229159034250026,207.04,214.0,76,4.0,-18.0,0.05
07:35:15,208.0,28.0,213.23,26.0,206.0,19.0,217.0,26.0,5.22999999999999,47.0,52.0,1.1578644134692413,208.0,213.23,99,-5.0,23.0,-0.05
07:35:16,205.4,20.0,210.5,20.0,199.14,7.0,211.41,17.0,5.099999999999994,27.0,37.0,1.0839603313675377,205.4,210.5,64,-10.0,-35.0,-0.16
07:35:17,201.0,48.0,207.26,39.0,180.0,12.0,208.26,42.0,6.259999999999991,60.0,81.0,2.709090253199098,201.0,207.26,141,-21.0,77.0,-0.15
07:35:23,205.32,19.0,294.29,28.0,139.75,8.0,338.17,12.0,88.97000000000003,27.0,40.0,34.24981795572027,205.32,294.29,67,-13.0,45.0,-0.19
07:35:24,208.0,25.0,292.9,40.0,154.9,20.0,482.8,10.0,84.89999999999998,45.0,50.0,39.37139862895372,208.0,292.9,95,-5.0,28.0,-0.05
07:35:25,207.74,53.0,290.27,60.0,161.47,43.0,400.9,31.0,82.52999999999997,96.0,91.0,27.244703521968827,207.74,290.2699999999999,187,5.0,92.0,0.03
07:35:26,207.0,9.0,286.89,36.0,205.0,18.0,412.25,32.0,79.88999999999999,27.0,68.0,10.39142531128339,207.0,286.89,95,-41.0,-92.0,-0.43
07:35:27,206.29,7.0,285.2,20.0,184.5,12.0,445.67,18.0,78.91,19.0,38.0,1.9829725161941147,206.29,285.2,57,-19.0,-38.0,-0.33
07:35:28,205.0,16.0,283.62,32.0,151.88,24.0,468.45,22.0,78.62,40.0,54.0,2.465516173133166,205.0,283.62,94,-14.0,37.0,-0.15
07:35:29,205.0,26.0,267.56,50.0,144.83,29.0,459.85,33.0,62.56,55.0,83.0,4.881985251921729,205.0,267.56,138,-28.0,44.0,-0.2
07:35:30,205.07,15.0,227.5,32.0,155.7,23.0,573.25,16.0,22.430000000000007,38.0,48.0,12.789874901654871,205.07,227.5,86,-10.0,-52.0,-0.12
07:35:31,206.91,23.0,224.79,56.0,205.0,28.0,449.46,28.0,17.879999999999995,51.0,84.0,14.714862214780718,206.91000000000003,224.79,135,-33.0,49.0,-0.24
07:35:32,207.0,16.0,222.93,30.0,205.0,16.0,365.68,19.0,15.930000000000007,32.0,49.0,13.775241195709837,207.0,222.93,81,-17.0,-54.0,-0.21
07:35:34,212.0,16.0,218.14,44.0,149.87,52.0,220.14,28.0,6.139999999999986,68.0,72.0,6.976633858816305,212.0,218.14,140,-4.0,50.0,-0.03
07:35:35,195.32,25.0,217.0,40.0,141.85,55.0,219.0,20.0,21.680000000000007,80.0,60.0,7.048788548394836,195.32,217.0,140,20.0,0.0,0.14
07:35:47,208.35,23.0,375.14,28.0,95.82,33.0,449.0,20.0,166.79,56.0,48.0,46.796099944332695,208.35,375.14,104,8.0,-29.0,0.08
07:35:48,209.67,30.0,416.62,13.0,208.31,13.0,473.0,11.0,206.95000000000002,43.0,24.0,55.197553116057314,209.67,416.62,67,19.0,-37.0,0.28
07:35:49,210.17,24.0,416.63,19.0,209.33,24.0,466.27,11.0,206.46,48.0,30.0,49.82408202867326,210.17,416.63,78,18.0,11.0,0.23
07:35:53,212.33,18.0,415.17,12.0,164.33,12.0,525.0,6.0,202.84,30.0,18.0,63.134793497721766,212.33,415.17,48,12.0,-35.0,0.25
07:35:54,214.88,48.0,284.43,14.0,213.0,32.0,421.2,10.0,69.55000000000001,80.0,24.0,52.320726294652836,214.88,284.43,104,56.0,56.0,0.54
07:35:55,215.0,90.0,230.26,27.0,213.0,60.0,330.11,54.0,15.259999999999991,150.0,81.0,51.49162087174938,215.0,230.26,231,69.0,127.0,0.3
07:35:56,215.0,42.0,221.6,20.0,213.0,40.0,223.0,10.0,6.599999999999994,82.0,30.0,39.08926578998348,215.0,221.6,112,52.0,-119.0,0.46
07:35:57,215.0,18.0,220.0,12.0,213.0,24.0,240.78,9.0,5.0,42.0,21.0,40.97478529534931,215.0,220.0,63,21.0,-49.0,0.33
07:35:58,214.3,23.0,218.29,14.0,210.63,38.0,261.0,7.0,3.9899999999999807,61.0,21.0,14.053402790782796,214.3,218.29,82,40.0,19.0,0.49
07:35:59,211.64,33.0,217.14,14.0,207.48,62.0,261.0,7.0,5.5,95.0,21.0,3.063662840455003,211.64,217.14000000000001,116,74.0,34.0,0.64
07:36:00,208.0,36.0,216.5,8.0,204.0,32.0,261.0,4.0,8.5,68.0,12.0,2.447809224589569,208.0,216.5,80,56.0,-36.0,0.7
07:36:01,208.0,90.0,252.82,11.0,204.0,64.0,376.07,30.0,44.81999999999999,154.0,41.0,7.12562628826299,208.0,252.82,195,113.0,115.0,0.58
07:36:02,208.0,117.0,297.73,30.0,204.0,198.0,336.54,24.0,89.73000000000002,315.0,54.0,17.00391072665289,208.0,297.7300000000001,369,261.0,169.5,0.71
07:36:03,208.0,102.0,236.55,29.0,204.0,234.0,258.94,16.0,28.55000000000001,336.0,45.0,16.417749541273334,208.0,236.55,381,291.0,12.0,0.76
07:36:04,208.15,52.0,227.22,32.0,204.76,178.0,229.63,19.0,19.069999999999993,230.0,51.0,15.869404525689687,208.15000000000003,227.22,281,179.0,-100.0,0.64
07:36:05,210.24,29.0,222.59,22.0,208.11,56.0,224.24,17.0,12.349999999999994,85.0,39.0,14.978435499075994,210.24,222.59000000000003,124,46.0,-157.0,0.37
07:36:06,209.62,37.0,221.0,25.0,207.67,15.0,222.0,10.0,11.379999999999995,52.0,35.0,15.851237491122934,209.62,221.0,87,17.0,-37.0,0.2
07:36:07,208.0,20.0,221.0,8.0,205.0,4.0,222.0,4.0,13.0,24.0,12.0,3.062229579895146,208.0,221.0,36,12.0,-51.0,0.33
07:36:08,208.0,40.0,220.14,14.0,205.0,16.0,221.2,10.0,12.139999999999986,56.0,24.0,1.472708389324082,208.0,220.14000000000001,80,32.0,44.0,0.4
07:36:09,208.0,40.0,217.1,10.0,205.0,16.0,218.86,14.0,9.099999999999994,56.0,24.0,1.44095454473275,208.0,217.1,80,32.0,0.0,0.4
07:36:10,208.39,28.0,213.13,15.0,207.5,48.0,215.05,21.0,4.740000000000009,76.0,36.0,1.802212529083755,208.39000000000001,213.13,112,40.0,32.0,0.36
07:36:11,210.0,10.0,212.0,10.0,208.0,50.0,213.0,20.0,2.0,60.0,30.0,1.711440913378784,210.0,212.0,90,30.0,-22.0,0.33
07:36:12,208.08,72.0,212.47,30.0,206.15,26.0,270.39,41.0,4.389999999999986,98.0,71.0,1.5591888916956624,208.08,212.47,169,27.0,79.0,0.16
07:36:13,208.0,55.0,209.59,34.0,205.0,11.0,239.64,22.0,1.5900000000000034,66.0,56.0,1.3544113112299385,208.0,209.59,122,10.0,-47.0,0.08
07:36:14,207.05,22.0,209.06,31.0,204.03,87.0,242.45,22.0,2.009999999999991,109.0,53.0,1.2914836429424714,207.05,209.06,162,56.0,40.0,0.35
07:36:15,204.23,31.0,206.79,28.0,203.8,105.0,207.73,22.0,2.5600000000000023,136.0,50.0,2.14416184090391,204.23,206.79,186,86.0,24.0,0.46
07:36:16,204.0,66.0,205.0,20.0,203.0,70.0,207.0,30.0,1.0,136.0,50.0,2.3784301545323894,204.0,205.0,186,86.0,0.0,0.46
07:36:17,204.0,24.0,278.04,23.0,203.0,49.0,346.57,35.0,74.04000000000002,73.0,58.0,15.443847642345695,204.0,278.04,131,15.0,-55.0,0.11
07:36:18,204.0,48.0,317.0,45.0,203.0,63.0,384.57,21.0,113.0,111.0,66.0,25.487387665274415,204.0,317.0,177,45.0,46.0,0.25
07:36:19,204.33,24.0,319.3,37.0,203.36,44.0,412.04,28.0,114.97,68.0,65.0,28.30710334880589,204.33,319.3,133,3.0,-44.0,0.02
07:36:21,200.43,84.0,374.0,26.0,186.55,44.0,625.55,62.0,173.57,128.0,88.0,41.87118794588894,200.42999999999998,374.0,216,40.0,134.0,0.19
07:36:22,200.0,32.0,374.0,16.0,154.53,30.0,633.75,40.0,174.0,62.0,56.0,35.818415933705836,200.0,374.0,118,6.0,-98.0,0.05
07:36:23,211.0,25.0,279.6,10.0,200.78,18.0,418.45,22.0,68.60000000000002,43.0,32.0,39.32223442277858,211.0,279.6,75,11.0,-43.0,0.15
07:36:24,212.11,9.0,255.08,26.0,206.71,41.0,317.82,22.0,42.97,50.0,48.0,45.24639134781862,212.11,255.07999999999998,98,2.0,23.0,0.02
07:36:25,211.0,8.0,255.0,24.0,200.0,32.0,515.57,35.0,44.0,40.0,59.0,27.718767108224142,211.0,255.0,99,-19.0,1.0,-0.19
07:36:26,211.0,8.0,254.25,24.0,200.0,32.0,327.0,40.0,43.25,40.0,64.0,23.361648486354177,211.0,254.25,104,-24.0,5.0,-0.23
07:36:27,211.0,9.0,254.0,27.0,200.0,36.0,399.0,45.0,43.0,45.0,72.0,5.549425195457591,211.0,254.0,117,-27.0,13.0,-0.23
07:36:28,211.0,10.0,253.4,30.0,204.0,60.0,586.1,29.0,42.400000000000006,70.0,59.0,0.5349953270643465,211.0,253.4,129,11.0,12.0,0.09
07:36:29,206.44,55.0,251.47,76.0,202.81,81.0,269.57,49.0,45.03,136.0,125.0,1.6441046195364404,206.44000000000003,251.47000000000003,261,11.0,132.0,0.04
07:36:30,212.22,54.0,248.08,60.0,205.53,47.0,250.0,24.0,35.860000000000014,101.0,84.0,1.6423702383997665,212.22,248.08,185,17.0,-76.0,0.09
07:36:31,213.0,58.0,244.42,33.0,210.0,27.0,246.33,30.0,31.419999999999987,85.0,63.0,1.7739870348967108,213.0,244.42,148,22.0,-37.0,0.15
07:36:32,211.5,36.0,241.69,26.0,205.2,45.0,243.51,37.0,30.189999999999998,81.0,63.0,2.054465867319799,211.5,241.69,144,18.0,-4.0,0.12
07:36:33,210.0,90.0,238.18,34.0,204.75,72.0,238.68,44.0,28.180000000000007,162.0,78.0,2.390202920252318,210.0,238.18,240,84.0,96.0,0.35
07:36:34,210.0,36.0,235.92,12.0,207.0,63.0,237.47,15.0,25.919999999999987,99.0,27.0,3.0230894793212904,210.0,235.92,126,72.0,-114.0,0.57
07:36:35,210.0,36.0,234.0,30.0,207.0,114.0,236.0,18.0,24.0,150.0,48.0,2.74917624025517,210.0,234.0,198,102.0,72.0,0.52
07:36:36,210.0,39.0,233.0,39.0,207.0,247.0,234.0,65.0,23.0,286.0,104.0,2.0294826927037337,210.0,233.0,390,182.0,169.5,0.47
07:36:37,210.0,21.0,232.35,20.0,207.0,133.0,233.82,33.0,22.349999999999994,154.0,53.0,1.184643406255375,210.0,232.35,207,101.0,-170.5,0.49
07:36:38,210.03,34.0,216.91,45.0,207.04,212.0,229.79,29.0,6.8799999999999955,246.0,74.0,3.8340083463634964,210.03,216.91000000000003,320,172.0,113.0,0.54
07:36:39,207.96,53.0,212.07,28.0,207.21,87.0,214.39,49.0,4.109999999999985,140.0,77.0,5.520278978456215,207.96,212.07,217,63.0,-103.0,0.29
07:36:40,207.0,163.0,210.67,18.0,204.0,54.0,225.17,36.0,3.6699999999999875,217.0,54.0,6.0343309488282335,207.0,210.67,271,163.0,54.0,0.6
07:36:41,206.93,161.0,208.64,22.0,204.35,102.0,209.59,34.0,1.7099999999999795,263.0,56.0,5.428704265290847,206.93,208.64,319,207.0,48.0,0.65
07:36:42,205.2,75.0,206.96,25.0,204.23,78.0,208.0,15.0,1.7600000000000193,153.0,40.0,2.774280086795107,205.2,206.96,193,113.0,-126.0,0.59
07:36:43,206.08,53.0,242.11,19.0,205.1,80.0,319.68,25.0,36.03,133.0,44.0,7.261959102059655,206.07999999999998,242.11,177,89.0,-16.0,0.5
07:36:44,208.4,40.0,418.68,22.0,206.76,21.0,481.9,30.0,210.28,61.0,52.0,46.115677702924195,208.4,418.68000000000006,113,9.0,-64.0,0.08
07:36:45,210.25,80.0,348.19,42.0,208.84,19.0,480.97,32.0,137.94,99.0,74.0,47.957121681768754,210.25,348.19,173,25.0,60.0,0.14
07:36:46,212.22,36.0,263.38,13.0,210.0,18.0,277.1,42.0,51.16,54.0,55.0,43.63842320707718,212.22,263.38,109,-1.0,-64.0,-0.01
07:36:47,213.0,52.0,225.52,23.0,210.0,26.0,266.2,25.0,12.52000000000001,78.0,48.0,40.441062300587156,213.0,225.52,126,30.0,17.0,0.24
07:36:48,213.0,44.0,260.97,29.0,210.0,22.0,359.89,19.0,47.97000000000003,66.0,48.0,38.3523141413914,213.0,260.97,114,18.0,-12.0,0.16
07:36:49,213.14,56.0,260.0,42.0,211.64,55.0,262.0,14.0,46.860000000000014,111.0,56.0,22.219110693274366,213.14000000000001,260.0,167,55.0,53.0,0.33
07:36:50,212.33,48.0,259.42,36.0,210.67,30.0,262.0,12.0,47.09,78.0,48.0,7.878186339506306,212.33,259.42,126,30.0,-41.0,0.24
07:36:51,212.0,28.0,256.92,13.0,210.0,14.0,258.0,15.0,44.920000000000016,42.0,28.0,7.535157596227442,212.0,256.92,70,14.0,-56.0,0.2
07:36:52,207.43,56.0,253.5,16.0,205.75,32.0,255.4,30.0,46.06999999999999,88.0,46.0,2.644730610096737,207.43,253.5,134,42.0,64.0,0.31
07:36:53,207.0,96.0,250.38,16.0,205.0,48.0,252.0,8.0,43.379999999999995,144.0,24.0,3.4631589625634738,207.0,250.38,168,120.0,34.0,0.71
07:36:54,207.0,120.0,249.1,42.0,205.0,72.0,249.92,26.0,42.099999999999994,192.0,68.0,3.4937758943562462,207.0,249.09999999999997,260,124.0,92.0,0.48
07:36:55,207.07,133.0,224.0,35.0,205.56,108.0,228.65,62.0,16.930000000000007,241.0,97.0,7.109561871169525,207.07,224.0,338,144.0,78.0,0.43
07:36:56,207.0,178.0,210.17,52.0,205.0,120.0,213.71,63.0,3.1699999999999875,298.0,115.0,9.67303881931583,207.0,210.17000000000002,413,183.0,75.0,0.44
07:36:57,205.86,42.0,212.67,27.0,203.64,56.0,242.0,30.0,6.809999999999974,98.0,57.0,9.827414715986789,205.86,212.66999999999996,155,41.0,-170.5,0.26
07:36:58,206.09,23.0,213.0,24.0,203.95,63.0,214.0,24.0,6.909999999999997,86.0,48.0,8.23381017512526,206.08999999999997,213.0,134,38.0,-21.0,0.28
07:36:59,205.31,32.0,212.08,36.0,202.97,124.0,243.83,24.0,6.77000000000001,156.0,60.0,2.9365506976721494,205.31,212.08,216,96.0,82.0,0.44
07:37:00,202.6,60.0,325.5,10.0,200.76,68.0,482.5,36.0,122.9,128.0,46.0,24.612171176066386,202.6,325.5,174,82.0,-42.0,0.47
07:37:02,212.0,32.0,429.6,15.0,207.38,24.0,464.22,9.0,217.60000000000002,56.0,24.0,65.82745756901114,212.0,429.6,80,32.0,-135.0,0.4
07:37:03,212.0,36.0,409.29,17.0,210.0,27.0,490.88,17.0,197.29000000000002,63.0,34.0,56.868147938894126,212.0,409.29,97,29.0,17.0,0.3
07:37:05,212.0,32.0,289.85,33.0,210.0,24.0,372.67,18.0,77.85000000000002,56.0,51.0,40.08243418256847,212.0,289.85,107,5.0,17.0,0.05
07:37:06,212.0,32.0,274.25,40.0,210.0,24.0,483.64,11.0,62.25,56.0,51.0,43.4512809937745,212.0,274.25,107,5.0,0.0,0.05
07:37:07,212.0,36.0,272.78,45.0,210.0,27.0,354.22,23.0,60.77999999999997,63.0,68.0,45.073079881454305,212.0,272.78,131,-5.0,24.0,-0.04
07:37:08,212.0,15.0,272.0,45.0,210.0,31.0,392.22,18.0,60.0,46.0,63.0,42.818103414326636,212.0,272.0,109,-17.0,-22.0,-0.16
07:37:09,211.17,12.0,268.05,37.0,209.84,37.0,340.16,25.0,56.880000000000024,49.0,62.0,4.294085467242567,211.17,268.05,111,-13.0,2.0,-0.12
07:37:10,210.0,40.0,270.71,28.0,207.0,16.0,304.33,36.0,60.70999999999998,56.0,64.0,1.461003080073826,210.0,270.71,120,-8.0,9.0,-0.07
07:37:11,211.39,36.0,269.46,26.0,206.8,20.0,270.68,44.0,58.06999999999999,56.0,70.0,1.1821463530314453,211.39,269.46,126,-14.0,6.0,-0.11
07:37:12,212.0,44.0,267.45,22.0,207.55,22.0,269.0,55.0,55.44999999999999,66.0,77.0,0.952906081408809,212.0,267.45,143,-11.0,17.0,-0.08
07:37:13,212.0,34.0,266.07,28.0,207.28,25.0,269.0,70.0,54.06999999999999,59.0,98.0,0.5751782332340677,212.0,266.07,157,-39.0,14.0,-0.25
07:37:14,209.5,24.0,262.06,32.0,205.25,72.0,263.42,24.0,52.56,96.0,56.0,1.921866280464583,209.5,262.06,152,40.0,-5.0,0.26
07:37:15,207.0,9.0,258.54,13.0,205.0,99.0,260.05,42.0,51.54000000000002,108.0,55.0,3.211238078995042,207.0,258.54,163,53.0,11.0,0.33
07:37:16,207.0,7.0,256.43,7.0,205.0,77.0,260.0,35.0,49.43000000000001,84.0,42.0,3.6004069214449754,207.0,256.43,126,42.0,-37.0,0.33
07:37:17,207.22,18.0,254.62,45.0,205.03,156.0,257.81,36.0,47.400000000000006,174.0,81.0,3.3467790485764217,207.22,254.62,255,93.0,129.0,0.36
07:37:18,208.26,19.0,250.72,43.0,205.58,31.0,251.63,30.0,42.46000000000001,50.0,73.0,2.3633725901751874,208.26,250.71999999999997,123,-23.0,-132.0,-0.19
07:37:19,209.0,13.0,245.93,41.0,207.0,13.0,246.22,45.0,36.93000000000001,26.0,86.0,2.064618608845831,209.0,245.93000000000004,112,-60.0,-11.0,-0.54
07:37:20,205.59,68.0,237.5,40.0,202.68,73.0,243.37,19.0,31.909999999999997,141.0,59.0,4.07071615320868,205.59,237.5,200,82.0,88.0,0.41
07:37:21,205.07,113.0,221.1,50.0,202.18,116.0,223.42,43.0,16.03,229.0,93.0,7.311425989504133,205.07,221.1,322,136.0,122.0,0.42
07:37:22,206.0,178.0,215.96,54.0,205.0,92.0,217.5,40.0,9.960000000000008,270.0,94.0,8.304834134406248,206.0,215.96,364,176.0,42.0,0.48
07:37:23,206.0,160.0,212.18,57.0,203.64,103.0,213.88,32.0,6.180000000000007,263.0,89.0,7.786312991397262,206.0,212.18,352,174.0,-12.0,0.49
07:37:24,206.0,140.0,209.55,44.0,205.0,112.0,210.7,40.0,3.5500000000000114,252.0,84.0,5.440149814113987,206.0,209.55,336,168.0,-16.0,0.5
07:37:25,205.31,148.0,213.06,64.0,203.51,216.0,219.93,57.0,7.75,364.0,121.0,2.0592911401757257,205.31,213.06,485,243.0,149.0,0.5
07:37:26,212.0,13.0,213.75,32.0,205.0,120.0,220.32,38.0,1.75,133.0,70.0,1.9818097789662505,212.0,213.75,203,63.0,-170.5,0.31
07:37:27,206.03,97.0,211.81,64.0,204.62,240.0,240.84,76.0,5.780000000000001,337.0,140.0,1.9360655980639088,206.03,211.81,477,197.0,169.5,0.41
07:37:28,206.33,48.0,208.7,40.0,205.23,140.0,232.68,59.0,2.369999999999976,188.0,99.0,2.1489834806267756,206.33,208.7,287,89.0,-170.5,0.31
07:37:29,206.0,56.0,207.71,28.0,205.0,154.0,282.2,50.0,1.710000000000008,210.0,78.0,2.336638611340418,206.0,207.71,288,132.0,1.0,0.46
07:37:30,205.06,102.0,450.8,25.0,204.4,60.0,558.0,56.0,245.74,162.0,81.0,53.218270546871324,205.06,450.8,243,81.0,-45.0,0.33
07:37:32,207.0,20.0,243.05,22.0,205.0,64.0,253.76,38.0,36.05000000000001,84.0,60.0,70.31568658556901,207.0,243.05,144,24.0,-16.0,0.17
07:37:33,207.04,24.0,228.08,13.0,205.0,52.0,251.47,45.0,21.04000000000002,76.0,58.0,68.42338649906164,207.04,228.07999999999998,134,18.0,-10.0,0.13
07:37:34,208.67,15.0,226.0,15.0,205.32,57.0,398.8,75.0,17.330000000000013,72.0,90.0,66.294141747216,208.67,226.0,162,-18.0,28.0,-0.11
07:37:35,210.4,10.0,225.5,10.0,207.0,30.0,457.0,50.0,15.099999999999994,40.0,60.0,59.28712549955498,210.4,225.5,100,-20.0,-62.0,-0.2
07:37:36,211.44,9.0,225.0,9.0,207.0,27.0,469.33,45.0,13.560000000000002,36.0,54.0,3.262687542502942,211.44,225.0,90,-18.0,-10.0,-0.2
07:37:37,212.0,11.0,225.0,11.0,207.22,27.0,441.0,55.0,13.0,38.0,66.0,0.47557333819800357,212.0,225.0,104,-28.0,14.0,-0.27
07:37:38,209.22,18.0,224.23,13.0,206.86,28.0,520.84,49.0,15.009999999999991,46.0,62.0,0.7141638467501149,209.22,224.23,108,-16.0,4.0,-0.15
07:37:39,207.0,14.0,224.0,14.0,206.0,56.0,374.48,66.0,17.0,70.0,80.0,1.2491797308654924,207.0,224.0,150,-10.0,42.0,-0.07
07:37:40,207.0,8.0,223.38,8.0,206.0,32.0,258.0,40.0,16.379999999999995,40.0,48.0,1.5157077554745113,207.0,223.38,88,-8.0,-62.0,-0.09
07:37:41,206.44,54.0,220.71,21.0,205.86,42.0,242.23,61.0,14.27000000000001,96.0,82.0,1.8368042900663735,206.44,220.70999999999998,178,14.0,90.0,0.08
07:37:42,206.0,157.0,216.89,35.0,204.1,29.0,218.06,35.0,10.889999999999986,186.0,70.0,2.0407278113475265,206.0,216.89,256,116.0,78.0,0.45
07:37:43,207.79,112.0,216.0,52.0,205.38,29.0,217.0,13.0,8.210000000000008,141.0,65.0,1.8504188715012513,207.79,216.0,206,76.0,-50.0,0.37
07:37:44,211.0,110.0,215.88,17.0,206.0,57.0,285.46,39.0,4.8799999999999955,167.0,56.0,1.494446385792489,211.0,215.88,223,111.0,17.0,0.5
07:37:45,211.0,110.0,213.82,11.0,206.0,66.0,261.09,55.0,2.819999999999993,176.0,66.0,0.9407815899604929,211.0,213.82,242,110.0,19.0,0.45
07:37:46,211.0,60.0,212.04,26.0,206.0,36.0,238.0,10.0,1.039999999999992,96.0,36.0,0.8215534066686306,211.0,212.04,132,60.0,-110.0,0.45
07:37:47,211.0,65.0,212.03,31.0,206.0,42.0,308.91,11.0,1.0300000000000011,107.0,42.0,0.8051273191296032,211.0,212.03,149,65.0,17.0,0.44
07:37:48,211.0,19.0,395.46,35.0,206.19,63.0,426.04,25.0,184.45999999999998,82.0,60.0,40.707482481725606,211.0,395.46,142,22.0,-7.0,0.15
07:37:49,211.0,12.0,423.54,28.0,209.38,39.0,435.0,40.0,212.54000000000002,51.0,68.0,54.14340726256506,211.0,423.54,119,-17.0,-23.0,-0.14
07:37:50,209.27,15.0,233.6,15.0,207.17,36.0,275.67,15.0,24.329999999999984,51.0,30.0,52.65816964156637,209.27,233.6,81,21.0,-38.0,0.26
07:37:51,207.67,15.0,215.8,10.0,206.25,40.0,216.8,10.0,8.130000000000024,55.0,20.0,52.61688778329617,207.67,215.8,75,35.0,-6.0,0.47
07:37:52,206.05,76.0,212.71,14.0,205.0,24.0,214.79,14.0,6.659999999999997,100.0,28.0,53.04596987519394,206.05,212.71,128,72.0,53.0,0.56
07:37:53,206.19,27.0,209.83,12.0,205.3,20.0,210.83,12.0,3.640000000000015,47.0,24.0,47.086422459133516,206.19,209.83,71,23.0,-57.0,0.32
07:37:54,207.0,11.0,208.55,11.0,206.0,27.0,209.55,11.0,1.5500000000000114,38.0,22.0,5.6813449111989325,207.0,208.55,60,16.0,-11.0,0.27
07:37:55,206.89,54.0,208.47,15.0,205.6,30.0,249.16,19.0,1.5800000000000125,84.0,34.0,1.7172448864408931,206.89,208.47,118,50.0,58.0,0.42
07:37:56,207.2,50.0,209.57,14.0,205.76,25.0,268.0,42.0,2.3700000000000045,75.0,56.0,0.6908907294267066,207.2,209.57,131,19.0,13.0,0.15
07:37:57,208.0,35.0,249.36,25.0,206.0,24.0,284.86,35.0,41.360000000000014,59.0,60.0,9.269219492492653,208.0,249.36,119,-1.0,-12.0,-0.01
07:37:58,207.63,27.0,261.4,15.0,205.44,27.0,364.8,60.0,53.76999999999998,54.0,75.0,13.118552892754696,207.63,261.4,129,-21.0,10.0,-0.16
07:37:59,204.94,96.0,281.63,51.0,203.18,22.0,361.61,41.0,76.69,118.0,92.0,15.912299331020598,204.93999999999997,281.63,210,26.0,81.0,0.12
07:38:00,205.22,89.0,236.7,46.0,204.74,61.0,292.92,39.0,31.47999999999999,150.0,85.0,13.294172783591955,205.21999999999997,236.7,235,65.0,25.0,0.28
07:38:01,206.65,69.0,315.53,38.0,204.0,26.0,370.44,36.0,108.87999999999997,95.0,74.0,15.410974336491197,206.65,315.53,169,21.0,-66.0,0.12
07:38:02,208.14,42.0,359.0,56.0,204.57,28.0,365.0,14.0,150.86,70.0,70.0,24.339615239357908,208.14,359.0,140,0.0,-29.0,0.0
07:38:03,209.64,50.0,303.19,53.0,208.0,36.0,332.87,45.0,93.55000000000001,86.0,98.0,23.090159592345415,209.64,303.19,184,-12.0,44.0,-0.07
07:38:04,210.0,52.0,284.47,57.0,209.0,39.0,313.08,52.0,74.47000000000003,91.0,109.0,22.73595016708078,210.0,284.47,200,-18.0,16.0,-0.09
07:38:05,210.78,36.0,280.24,33.0,209.0,37.0,385.42,36.0,69.46000000000001,73.0,69.0,15.28692513228143,210.78,280.24,142,4.0,-58.0,0.03
07:38:06,211.0,64.0,262.61,79.0,209.0,128.0,306.43,44.0,51.610000000000014,192.0,123.0,17.98448303399295,211.0,262.61,315,69.0,169.5,0.22
07:38:07,211.0,32.0,218.0,45.0,209.0,72.0,283.33,27.0,7.0,104.0,72.0,15.910008485226795,211.0,218.0,176,32.0,-139.0,0.18
07:38:08,211.0,24.0,217.0,40.0,209.0,64.0,433.18,17.0,6.0,88.0,57.0,16.334833944671537,211.0,217.0,145,31.0,-31.0,0.21
07:38:09,209.27,89.0,214.87,75.0,207.78,54.0,378.73,30.0,5.599999999999994,143.0,105.0,15.471232336177934,209.27000000000004,214.87,248,38.0,103.0,0.15
07:38:10,209.0,84.0,212.92,60.0,206.0,24.0,403.49,41.0,3.9199999999999875,108.0,101.0,10.7918802810262,209.0,212.92,209,7.0,-39.0,0.03
07:38:11,209.0,63.0,211.11,45.0,206.0,18.0,311.0,27.0,2.1100000000000136,81.0,72.0,1.910136120805361,209.0,211.11,153,9.0,-56.0,0.06
07:38:12,208.79,28.0,379.61,38.0,205.88,16.0,446.07,15.0,170.82000000000002,44.0,53.0,36.891995337742244,208.79,379.61,97,-9.0,-56.0,-0.09
07:38:13,208.4,10.0,440.0,20.0,205.75,8.0,573.85,13.0,231.6,18.0,33.0,54.81068800881797,208.4,440.0,51,-15.0,-46.0,-0.29
07:38:14,207.25,12.0,376.68,38.0,204.55,11.0,550.04,28.0,169.43,23.0,66.0,52.47670835713662,207.25,376.68,89,-43.0,38.0,-0.48
07:38:16,203.78,101.0,371.0,9.0,201.63,86.0,711.0,27.0,167.22,187.0,36.0,55.18978737049037,203.78,371.0,223,151.0,30.0,0.68
07:38:17,206.33,27.0,333.5,36.0,204.97,109.0,489.25,16.0,127.16999999999999,136.0,52.0,59.300353034361784,206.33000000000004,333.5,188,84.0,-35.0,0.45
07:38:18,206.38,64.0,330.23,44.0,204.83,106.0,348.27,33.0,123.85000000000002,170.0,77.0,63.081914761680686,206.38,330.23,247,93.0,59.0,0.38
07:38:19,206.0,69.0,284.0,38.0,202.0,182.0,311.6,35.0,78.0,251.0,73.0,69.1278773723015,206.0,284.0,324,178.0,77.0,0.55
07:38:20,202.37,129.0,231.85,39.0,201.55,80.0,233.0,26.0,29.47999999999999,209.0,65.0,27.165699512436266,202.37,231.85,274,144.0,-50.0,0.53
07:38:21,202.0,188.0,223.62,55.0,153.85,80.0,229.67,49.0,21.620000000000005,268.0,104.0,27.156089004125576,202.0,223.62,372,164.0,98.0,0.44
07:38:22,202.1,80.0,220.21,28.0,198.0,98.0,223.15,41.0,18.110000000000014,178.0,69.0,25.02322381309007,202.1,220.21,247,109.0,-125.0,0.44
07:38:23,202.0,142.0,217.16,31.0,158.0,22.0,218.75,24.0,15.159999999999997,164.0,55.0,14.730945998136235,202.0,217.16,219,109.0,-28.0,0.5
07:38:24,202.0,81.0,214.17,23.0,166.12,16.0,215.65,17.0,12.169999999999987,97.0,40.0,3.4751187030101964,202.0,214.17,137,57.0,-82.0,0.42
07:38:25,203.17,23.0,211.25,24.0,199.37,67.0,213.1,31.0,8.080000000000013,90.0,55.0,2.268578850296514,203.17,211.25,145,35.0,8.0,0.24
07:38:26,202.0,55.0,205.79,29.0,139.13,85.0,207.15,26.0,3.789999999999992,140.0,55.0,2.735117913365696,202.0,205.79,195,85.0,50.0,0.44
07:38:28,187.4,60.0,232.28,18.0,149.78,23.0,329.7,33.0,44.879999999999995,83.0,51.0,4.305476744800228,187.4,232.28,134,32.0,-57.0,0.24
07:38:29,207.03,106.0,276.0,10.0,171.1,39.0,278.0,30.0,68.97,145.0,40.0,16.841157026760673,207.03,276.0,185,105.0,51.0,0.57
07:38:30,207.55,65.0,274.87,23.0,198.08,39.0,365.65,37.0,67.32,104.0,60.0,20.704312835735585,207.55,274.87,164,44.0,-21.0,0.27
07:38:31,209.82,17.0,232.9,21.0,207.41,69.0,367.0,35.0,23.080000000000013,86.0,56.0,18.898014445967664,209.82,232.90000000000003,142,30.0,-22.0,0.21
07:38:32,209.0,14.0,210.88,17.0,207.0,77.0,211.45,11.0,1.8799999999999955,91.0,28.0,15.850576330215908,209.0,210.88,119,63.0,-23.0,0.53
07:38:33,207.0,126.0,208.5,16.0,202.0,12.0,244.41,32.0,1.5,138.0,48.0,16.36210041528902,207.0,208.5,186,90.0,67.0,0.48
07:38:34,207.0,45.0,209.0,15.0,202.0,5.0,621.75,16.0,2.0,50.0,31.0,14.312706592395674,207.0,209.0,81,19.0,-105.0,0.23
07:38:35,207.05,60.0,209.0,30.0,205.97,34.0,733.1,40.0,1.9499999999999886,94.0,70.0,5.848831507233901,207.05,209.0,164,24.0,83.0,0.15
07:38:36,207.41,155.0,379.71,51.0,205.41,41.0,623.65,65.0,172.29999999999998,196.0,116.0,38.08142893852593,207.41,379.71,312,80.0,148.0,0.26
07:38:37,208.0,160.0,372.54,39.0,207.0,70.0,539.46,35.0,164.54000000000002,230.0,74.0,46.01713669927744,208.0,372.54,304,156.0,-8.0,0.51
07:38:38,208.15,208.0,322.42,60.0,207.0,91.0,559.02,57.0,114.27000000000001,299.0,117.0,42.52207367944297,208.15000000000003,322.42,416,182.0,112.0,0.44
07:38:40,210.18,142.0,337.1,40.0,207.0,70.0,456.88,42.0,126.92000000000002,212.0,82.0,30.750119186759974,210.18,337.1,294,130.0,46.0,0.44
07:38:41,211.0,104.0,418.0,32.0,207.0,56.0,622.49,37.0,207.0,160.0,69.0,32.16823231077426,211.0,418.0,229,91.0,-65.0,0.4
07:38:42,211.0,130.0,441.9,40.0,207.0,70.0,526.33,43.0,230.89999999999998,200.0,83.0,34.116825321239,211.0,441.9,283,117.0,54.0,0.41
07:38:43,211.0,130.0,340.93,40.0,208.25,56.0,399.73,41.0,129.93,186.0,81.0,31.236820740913014,211.0,340.93,267,105.0,-16.0,0.39
07:38:44,211.0,68.0,272.92,26.0,209.0,30.0,357.67,24.0,61.920000000000016,98.0,50.0,34.0598197294106,211.0,272.92,148,48.0,-119.0,0.32
07:38:45,211.0,99.0,279.76,29.0,209.0,45.0,335.22,36.0,68.75999999999999,144.0,65.0,38.749669676010804,211.0,279.76,209,79.0,61.0,0.38
07:38:46,211.0,121.0,249.61,36.0,209.0,55.0,269.54,41.0,38.610000000000014,176.0,77.0,38.76378941744428,211.0,249.61,253,99.0,44.0,0.39
07:38:47,211.0,156.0,220.9,49.0,209.0,75.0,231.29,56.0,9.900000000000006,231.0,105.0,22.248188016105594,211.0,220.9,336,126.0,83.0,0.38
07:38:48,211.0,50.0,219.0,30.0,209.0,50.0,347.85,47.0,8.0,100.0,77.0,14.157088330585335,211.0,219.0,177,23.0,-159.0,0.13
07:38:49,211.0,80.0,214.74,57.0,209.0,95.0,225.23,60.0,3.740000000000009,175.0,117.0,13.843336664258379,211.0,214.74,292,58.0,115.0,0.2
07:38:50,209.0,56.0,211.35,37.0,207.0,84.0,212.34,35.0,2.3499999999999943,140.0,72.0,7.837931487325352,209.0,211.35,212,68.0,-80.0,0.32
07:38:51,209.0,32.0,210.4,55.0,207.0,98.0,213.09,33.0,1.4000000000000057,130.0,88.0,2.793913026565019,209.0,210.4,218,42.0,6.0,0.19
07:38:52,207.0,66.0,253.36,50.0,206.0,56.0,351.21,56.0,46.360000000000014,122.0,106.0,8.434671303613866,207.0,253.36,228,16.0,10.0,0.07
07:38:53,209.5,8.0,360.75,32.0,206.29,17.0,447.25,32.0,151.25,25.0,64.0,32.15527017457628,209.5,360.75,89,-39.0,-139.0,-0.44
07:38:54,211.0,8.0,278.0,40.0,207.0,8.0,432.88,32.0,67.0,16.0,72.0,31.133738612636765,211.0,278.0,88,-56.0,-1.0,-0.64
07:38:55,211.98,43.0,382.0,32.0,210.5,8.0,500.5,32.0,170.02,51.0,64.0,36.85872651082745,211.98,382.0,115,-13.0,27.0,-0.11
07:38:56,212.0,72.0,240.0,48.0,211.0,18.0,429.08,48.0,28.0,90.0,96.0,32.50200024613826,212.0,240.0,186,-6.0,71.0,-0.03
07:38:57,213.0,66.0,362.23,52.0,211.0,52.0,419.31,52.0,149.23000000000002,118.0,104.0,30.96247050866519,213.0,362.22999999999996,222,14.0,36.0,0.06
07:38:59,209.0,7.0,381.0,28.0,206.04,25.0,624.86,28.0,172.0,32.0,56.0,43.78845589878618,209.0,381.0,88,-24.0,-26.0,-0.27
07:39:00,209.0,12.0,346.47,43.0,206.79,38.0,519.25,48.0,137.47000000000003,50.0,91.0,43.971268460210986,209.0,346.47,141,-41.0,53.0,-0.29
07:39:01,209.0,16.0,310.86,56.0,207.0,48.0,521.78,50.0,101.86000000000001,64.0,106.0,33.573202557991685,209.0,310.86,170,-42.0,29.0,-0.25
07:39:02,209.0,11.0,299.62,39.0,207.0,33.0,452.52,21.0,90.62,44.0,60.0,38.12389513153063,209.0,299.62,104,-16.0,-66.0,-0.15
07:39:03,209.0,15.0,252.68,25.0,207.0,45.0,333.72,36.0,43.68000000000001,60.0,61.0,24.28271133955114,209.0,252.68,121,-1.0,17.0,-0.01
07:39:04,202.94,49.0,266.9,20.0,204.18,33.0,351.67,27.0,63.95999999999998,82.0,47.0,19.16178044963401,202.94,266.9,129,35.0,8.0,0.27
07:39:05,202.35,68.0,221.0,40.0,201.7,108.0,287.0,20.0,18.650000000000006,176.0,60.0,19.364083505293703,202.35,221.0,236,116.0,107.0,0.49
07:39:06,204.56,18.0,221.0,36.0,202.0,162.0,580.92,24.0,16.439999999999998,180.0,60.0,17.621398355408576,204.56,221.0,240,120.0,4.0,0.5
07:39:07,202.02,147.0,220.09,44.0,145.81,36.0,295.53,34.0,18.069999999999993,183.0,78.0,11.630334474984117,202.02,220.09000000000003,261,105.0,21.0,0.4
07:39:08,204.5,48.0,220.0,80.0,202.2,98.0,320.89,36.0,15.5,146.0,116.0,10.295825367594748,204.5,220.0,262,30.0,1.0,0.11
07:39:09,204.19,36.0,219.18,55.0,201.93,61.0,268.0,22.0,14.990000000000009,97.0,77.0,0.6508993777936092,204.19,219.18,174,20.0,-88.0,0.11
07:39:10,203.0,28.0,217.71,35.0,202.0,35.0,236.57,14.0,14.710000000000008,63.0,49.0,0.9550235599252875,203.0,217.71,112,14.0,-62.0,0.12
07:39:11,203.0,28.0,215.43,35.0,202.0,35.0,406.5,16.0,12.430000000000007,63.0,51.0,1.185213061020295,203.0,215.43,114,12.0,2.0,0.11
07:39:12,203.0,40.0,213.2,50.0,202.0,50.0,509.45,22.0,10.199999999999989,90.0,72.0,1.7149256543692215,203.0,213.2,162,18.0,48.0,0.11
07:39:13,203.82,55.0,212.8,75.0,202.25,80.0,383.38,52.0,8.980000000000018,135.0,127.0,1.4991764405881234,203.82,212.8,262,8.0,100.0,0.03
07:39:14,206.0,42.0,211.82,67.0,203.0,56.0,328.91,53.0,5.819999999999993,98.0,120.0,0.8923956521717372,206.0,211.82,218,-22.0,-44.0,-0.1
07:39:15,206.88,73.0,210.0,53.0,205.0,36.0,211.0,46.0,3.1200000000000045,109.0,99.0,0.45489559243344485,206.88,210.0,208,10.0,-10.0,0.05
07:39:16,206.0,29.0,208.14,28.0,203.16,31.0,209.79,38.0,2.1399999999999864,60.0,66.0,0.6809772389851166,206.0,208.14000000000001,126,-6.0,-82.0,-0.05
07:39:17,202.0,32.0,205.5,38.0,199.0,67.0,207.23,26.0,3.5,99.0,64.0,2.095657414754769,202.0,205.5,163,35.0,37.0,0.21
07:39:18,202.0,26.0,212.89,28.0,199.0,66.0,259.49,35.0,10.889999999999986,92.0,63.0,2.025754180550248,202.0,212.89000000000001,155,29.0,-8.0,0.19
07:39:19,205.53,17.0,275.1,40.0,199.13,46.0,295.88,32.0,69.57000000000002,63.0,72.0,15.143839671629221,205.53,275.1,135,-9.0,-20.0,-0.07
07:39:20,211.09,11.0,278.0,15.0,200.5,8.0,279.0,10.0,66.91,19.0,25.0,20.012428138534425,211.09000000000003,278.0,44,-6.0,-91.0,-0.14
07:39:21,211.0,52.0,259.27,52.0,203.56,50.0,346.88,33.0,48.26999999999998,102.0,85.0,19.177573360568825,211.0,259.27,187,17.0,143.0,0.09
07:39:22,211.0,42.0,276.18,33.0,204.0,143.0,504.37,43.0,65.18,185.0,76.0,15.403359373850618,211.0,276.18,261,109.0,74.0,0.42
07:39:23,211.0,20.0,276.0,30.0,204.0,130.0,539.98,44.0,65.0,150.0,74.0,3.8609687903406438,211.0,276.0,224,76.0,-37.0,0.34
07:39:24,208.24,33.0,274.82,33.0,203.98,131.0,520.67,27.0,66.57999999999998,164.0,60.0,3.811836827565452,208.24,274.82,224,104.0,0.0,0.46
07:39:25,205.8,70.0,274.0,39.0,206.57,65.0,528.71,21.0,68.19999999999999,135.0,60.0,3.4835829256650594,205.8,274.0,195,75.0,-29.0,0.38
07:39:26,209.0,35.0,274.0,21.0,204.0,91.0,433.5,20.0,65.0,126.0,41.0,1.553940153282582,209.0,274.0,167,85.0,-28.0,0.51
07:39:27,209.0,75.0,272.57,49.0,204.0,195.0,295.48,71.0,63.56999999999999,270.0,120.0,1.3275277774812961,209.0,272.57,390,150.0,169.5,0.38
07:39:28,209.15,65.0,269.87,54.0,204.74,168.0,270.77,74.0,60.72,233.0,128.0,0.9190375400304447,209.15,269.87,361,105.0,-29.0,0.29
07:39:29,209.4,50.0,267.72,54.0,208.61,62.0,268.88,74.0,58.32000000000002,112.0,128.0,1.1384507016053707,209.4,267.72,240,-16.0,-121.0,-0.07
07:39:30,208.07,15.0,264.92,39.0,205.73,11.0,266.1,42.0,56.85000000000002,26.0,81.0,1.969987309600338,208.07,264.92,107,-55.0,-133.0,-0.51
07:39:31,207.0,8.0,261.12,40.0,205.0,8.0,265.0,40.0,54.120000000000005,16.0,80.0,2.6510318745703065,207.0,261.12,96,-64.0,-11.0,-0.67
07:39:32,206.38,13.0,228.07,57.0,204.15,61.0,232.31,59.0,21.689999999999998,74.0,116.0,9.153493868463146,206.38,228.07,190,-42.0,94.0,-0.22
07:39:33,202.75,24.0,210.81,48.0,203.42,83.0,211.95,57.0,8.060000000000002,107.0,105.0,13.938541171873004,202.75,210.81000000000003,212,2.0,22.0,0.01
07:39:34,202.42,38.0,207.36,44.0,201.38,32.0,209.12,51.0,4.940000000000026,70.0,95.0,14.834896359597716,202.42,207.36,165,-25.0,-47.0,-0.15
07:39:35,202.5,32.0,204.63,38.0,200.91,32.0,205.38,56.0,2.1299999999999955,64.0,94.0,12.789973807635876,202.5,204.63,158,-30.0,-7.0,-0.19
07:39:50,199.35,31.0,289.0,16.0,191.61,46.0,412.33,21.0,89.65,77.0,37.0,20.089894972349192,199.35,289.0,114,40.0,-27.0,0.35
07:39:51,206.86,21.0,305.0,9.0,201.0,16.0,376.71,14.0,98.13999999999999,37.0,23.0,27.379548937117498,206.86,305.0,60,14.0,-54.0,0.23
07:39:52,210.0,50.0,335.33,30.0,199.8,40.0,374.23,26.0,125.32999999999998,90.0,56.0,32.84862508538221,210.0,335.33,146,34.0,86.0,0.23
07:39:53,210.0,7.0,334.8,20.0,198.0,28.0,415.24,21.0,124.80000000000001,35.0,41.0,29.753062531443558,210.0,334.8,76,-6.0,-70.0,-0.08
07:39:57,198.0,18.0,315.55,42.0,153.22,27.0,441.89,18.0,117.55000000000001,45.0,60.0,31.403980957834026,198.0,315.55,105,-15.0,-109.0,-0.14
07:39:58,198.67,12.0,406.88,25.0,133.0,24.0,520.56,16.0,208.21,36.0,41.0,42.214403584558646,198.67,406.88,77,-5.0,-28.0,-0.06
07:40:26,211.0,24.0,270.95,58.0,152.2,54.0,463.07,40.0,59.94999999999999,78.0,98.0,20.657012610733833,211.0,270.95,176,-20.0,-58.0,-0.11
07:40:27,209.77,26.0,309.0,50.0,206.58,78.0,503.5,36.0,99.22999999999999,104.0,86.0,29.376847516369168,209.77,309.0,190,18.0,14.0,0.09
07:40:28,207.58,38.0,315.31,52.0,205.73,104.0,458.0,50.0,107.72999999999999,142.0,102.0,27.70811307180611,207.58,315.31,244,40.0,54.0,0.16
07:40:29,206.0,90.0,271.18,44.0,204.0,70.0,461.3,40.0,65.18,160.0,84.0,19.509595844096456,206.0,271.18,244,76.0,0.0,0.31
07:40:30,206.0,54.0,281.67,30.0,204.0,42.0,474.0,18.0,75.67000000000002,96.0,48.0,10.746523623943705,206.0,281.67,144,48.0,-100.0,0.33
07:40:31,206.0,73.0,286.25,20.0,204.0,84.0,331.68,56.0,80.25,157.0,76.0,10.026059545004669,206.0,286.25,233,81.0,89.0,0.35
07:40:32,206.0,36.0,284.33,12.0,204.0,84.0,295.25,60.0,78.32999999999998,120.0,72.0,8.56459864792168,206.0,284.33,192,48.0,-41.0,0.25
07:40:33,206.0,12.0,283.29,14.0,204.0,42.0,376.73,22.0,77.29000000000002,54.0,36.0,2.9591130427857895,206.0,283.29,90,18.0,-102.0,0.2
07:40:34,206.0,27.0,280.64,42.0,204.0,77.0,282.48,27.0,74.63999999999999,104.0,69.0,1.1030548490370442,206.0,280.64,173,35.0,83.0,0.2
07:40:35,208.9,31.0,248.65,26.0,205.18,17.0,255.62,16.0,39.75,48.0,42.0,7.240986120687353,208.9,248.65000000000003,90,6.0,-83.0,0.07
07:40:36,210.26,131.0,232.65,51.0,208.43,37.0,232.77,57.0,22.390000000000015,168.0,108.0,10.88455189706914,210.26,232.65,276,60.0,169.5,0.22
07:40:37,211.56,99.0,223.53,43.0,209.0,27.0,224.36,25.0,11.969999999999999,126.0,68.0,12.397135556248328,211.55999999999997,223.53000000000003,194,58.0,-82.0,0.3
07:40:38,212.73,121.0,222.55,55.0,209.0,33.0,223.42,43.0,9.820000000000022,154.0,98.0,10.832680647005228,212.73,222.55,252,56.0,58.0,0.22
07:40:39,213.0,79.0,216.65,57.0,209.0,42.0,220.14,49.0,3.6500000000000057,121.0,106.0,5.421805049981674,213.0,216.65,227,15.0,-25.0,0.07
07:40:40,212.04,47.0,214.0,24.0,209.9,30.0,226.0,8.0,1.960000000000008,77.0,32.0,3.203643238565975,212.04,214.0,109,45.0,-118.0,0.41
07:40:41,212.0,60.0,213.52,23.0,209.0,45.0,317.8,41.0,1.5200000000000102,105.0,64.0,2.3620795922261135,212.0,213.52,169,41.0,60.0,0.24
07:40:42,212.0,19.0,371.55,33.0,209.0,27.0,466.29,28.0,159.55,46.0,61.0,34.58421923363309,212.0,371.55,107,-15.0,-62.0,-0.14
07:40:43,209.39,31.0,406.25,40.0,207.82,57.0,438.0,28.0,196.86,88.0,68.0,47.59361427754759,209.39,406.25,156,20.0,49.0,0.13
07:40:44,208.69,49.0,333.4,60.0,207.71,84.0,445.72,58.0,124.70999999999998,133.0,118.0,44.31242071925175,208.69,333.4,251,15.0,95.0,0.06
07:40:45,208.0,20.0,283.6,40.0,207.0,80.0,323.9,40.0,75.60000000000002,100.0,80.0,37.68593039849177,208.0,283.6,180,20.0,-71.0,0.11
07:40:46,208.0,16.0,274.29,28.0,207.0,64.0,302.14,28.0,66.29000000000002,80.0,56.0,28.776883604726233,208.0,274.29,136,24.0,-44.0,0.18
07:40:47,207.36,39.0,226.42,48.0,206.86,65.0,228.0,24.0,19.059999999999974,104.0,72.0,34.51379651675506,207.36,226.42,176,32.0,40.0,0.18
07:40:48,207.0,45.0,225.44,36.0,206.0,9.0,268.0,18.0,18.439999999999998,54.0,54.0,22.81863602409196,207.0,225.44,108,0.0,-68.0,0.0
07:40:49,206.59,17.0,223.44,18.0,205.04,51.0,239.2,30.0,16.849999999999994,68.0,48.0,15.127123983097217,206.59,223.44,116,20.0,8.0,0.17
07:40:50,206.0,16.0,219.95,61.0,205.0,112.0,220.47,40.0,13.949999999999989,128.0,101.0,11.661136308267723,206.0,219.95,229,27.0,113.0,0.12
07:40:51,206.0,11.0,212.32,41.0,205.0,77.0,213.11,38.0,6.319999999999993,88.0,79.0,3.113371163225596,206.0,212.31999999999996,167,9.0,-62.0,0.05
07:40:52,205.07,40.0,207.41,34.0,203.56,75.0,208.72,39.0,2.3400000000000034,115.0,73.0,4.156426349642953,205.07,207.41,188,42.0,21.0,0.22
07:40:53,204.14,14.0,206.86,28.0,203.05,44.0,207.43,14.0,2.7200000000000273,58.0,42.0,4.151264867484103,204.14000000000001,206.85999999999999,100,16.0,-88.0,0.16
07:40:54,203.04,48.0,231.5,16.0,202.07,80.0,259.14,29.0,28.460000000000008,128.0,45.0,4.913298281196395,203.04,231.5,173,83.0,73.0,0.48
07:40:55,203.0,64.0,304.54,39.0,202.0,108.0,475.81,42.0,101.54000000000002,172.0,81.0,20.322194025252326,203.0,304.54,253,91.0,80.0,0.36
07:40:56,206.76,17.0,338.86,56.0,202.18,88.0,603.41,61.0,132.10000000000002,105.0,117.0,30.488931926192354,206.76,338.86,222,-12.0,-31.0,-0.05
07:40:57,202.16,57.0,388.53,59.0,199.9,120.0,526.24,59.0,186.36999999999998,177.0,118.0,37.536942736456005,202.15999999999997,388.53,295,59.0,73.0,0.2
07:40:58,203.64,42.0,329.67,36.0,201.0,84.0,479.09,44.0,126.03000000000003,126.0,80.0,28.78836084253441,203.64,329.67,206,46.0,-89.0,0.22
07:40:59,206.11,37.0,271.33,43.0,202.21,116.0,416.68,50.0,65.21999999999997,153.0,93.0,21.212830315636,206.11,271.33,246,60.0,40.0,0.24
07:41:00,207.04,48.0,460.71,45.0,202.55,92.0,676.35,37.0,253.67,140.0,82.0,35.57167061019138,207.04,460.71000000000004,222,58.0,-24.0,0.26
07:41:01,208.0,10.0,235.09,11.0,207.0,15.0,355.67,9.0,27.090000000000003,25.0,20.0,44.867286189382575,208.0,235.09000000000003,45,5.0,-170.5,0.11
07:41:02,210.14,14.0,296.4,20.0,208.38,32.0,444.63,38.0,86.25999999999999,46.0,58.0,43.12602961089703,210.14000000000001,296.4,104,-12.0,59.0,-0.12
07:41:03,211.0,8.0,449.04,28.0,208.0,16.0,567.2,30.0,238.04000000000002,24.0,58.0,52.76883047784892,211.0,449.04,82,-34.0,-22.0,-0.41
07:41:04,209.43,46.0,397.44,50.0,208.5,48.0,513.59,27.0,188.01,94.0,77.0,49.32010411586687,209.43,397.44,171,17.0,89.0,0.1
07:41:05,209.02,110.0,392.76,21.0,207.7,40.0,410.13,61.0,183.73999999999998,150.0,82.0,43.5944483850863,209.02,392.75999999999993,232,68.0,61.0,0.29
07:41:06,209.0,86.0,324.3,20.0,207.0,56.0,393.5,54.0,115.30000000000001,142.0,74.0,30.787558038921297,209.0,324.3,216,68.0,-16.0,0.31
07:41:07,209.0,40.0,253.82,22.0,207.0,40.0,298.28,18.0,44.81999999999999,80.0,40.0,38.134482689554744,209.0,253.82,120,40.0,-96.0,0.33
07:41:08,208.54,39.0,251.12,32.0,204.73,66.0,334.15,26.0,42.58000000000001,105.0,58.0,35.78840426730372,208.54,251.12,163,47.0,43.0,0.29
07:41:09,207.0,28.0,248.6,10.0,202.0,100.0,250.44,25.0,41.599999999999994,128.0,35.0,32.029721822082244,207.0,248.6,163,93.0,0.0,0.57
07:41:10,207.0,10.0,243.93,14.0,204.19,37.0,247.3,10.0,36.93000000000001,47.0,24.0,17.150995597923195,207.0,243.93,71,23.0,-92.0,0.32
07:41:11,207.0,93.0,243.33,12.0,205.0,36.0,244.92,12.0,36.33000000000001,129.0,24.0,2.713656205193712,207.0,243.33,153,105.0,82.0,0.69
07:41:12,207.0,70.0,242.0,7.0,205.0,21.0,243.0,7.0,35.0,91.0,14.0,2.2144909121482543,207.0,242.0,105,77.0,-48.0,0.73
07:41:13,208.06,149.0,238.67,15.0,206.74,115.0,240.27,15.0,30.609999999999985,264.0,30.0,1.634570279917004,208.06,238.67,294,234.0,169.5,0.8
07:41:14,209.55,80.0,234.22,9.0,207.0,90.0,235.22,9.0,24.669999999999987,170.0,18.0,1.4648651815060085,209.55,234.22,188,152.0,-106.0,0.81
07:41:15,210.0,116.0,231.69,16.0,207.0,160.0,232.69,16.0,21.689999999999998,276.0,32.0,1.7937864978834923,210.0,231.69,308,244.0,120.0,0.79
07:41:16,210.33,45.0,229.22,9.0,207.0,90.0,230.22,9.0,18.889999999999986,135.0,18.0,1.8946186951441464,210.33,229.22,153,117.0,-155.0,0.76
07:41:17,208.09,110.0,227.86,14.0,206.2,100.0,228.86,14.0,19.77000000000001,210.0,28.0,2.0486263690557096,208.09,227.85999999999999,238,182.0,85.0,0.76
07:41:18,207.75,40.0,225.77,13.0,206.74,115.0,226.92,13.0,18.02000000000001,155.0,26.0,2.0869283648441295,207.75,225.77,181,129.0,-57.0,0.71
07:41:19,210.0,12.0,220.83,12.0,207.0,120.0,222.0,12.0,10.830000000000013,132.0,24.0,2.1971754595370014,210.0,220.83,156,108.0,-25.0,0.69
07:41:20,210.64,11.0,217.36,11.0,207.45,47.0,218.45,11.0,6.720000000000027,58.0,22.0,2.2357504332980236,210.64,217.36,80,36.0,-76.0,0.45
07:41:21,211.75,16.0,214.12,16.0,210.0,16.0,215.25,16.0,2.3700000000000045,32.0,32.0,2.028846963177112,211.75,214.12,64,0.0,-16.0,0.0
07:41:22,210.8,15.0,212.53,15.0,208.12,102.0,213.73,15.0,1.7299999999999898,117.0,30.0,2.0038512918861175,210.8,212.53,147,87.0,83.0,0.59
07:41:23,208.12,16.0,210.2,10.0,207.12,51.0,211.67,6.0,2.079999999999984,67.0,16.0,2.3832372941011415,208.12,210.2,83,51.0,-64.0,0.61
07:41:24,207.4,45.0,209.86,21.0,206.69,96.0,291.47,15.0,2.460000000000008,141.0,36.0,2.3357546960233924,207.4,209.86,177,105.0,94.0,0.59
07:41:25,207.13,52.0,209.17,24.0,206.0,60.0,296.5,48.0,2.039999999999992,112.0,72.0,2.08428644864279,207.13,209.17,184,40.0,7.0,0.22
07:41:26,206.7,10.0,251.14,14.0,205.11,19.0,367.79,29.0,44.44,29.0,43.0,8.833347610051028,206.7,251.14000000000001,72,-14.0,-112.0,-0.19
07:41:27,207.25,12.0,356.0,20.0,204.64,11.0,357.0,16.0,148.75,23.0,36.0,31.613437491041477,207.25,356.0,59,-13.0,-13.0,-0.22
07:41:28,208.0,15.0,355.8,25.0,205.0,15.0,357.0,20.0,147.8,30.0,45.0,37.3901675577949,208.0,355.8,75,-15.0,16.0,-0.2
07:41:29,210.24,34.0,350.35,43.0,206.88,25.0,404.0,26.0,140.11,59.0,69.0,35.14254017568979,210.24,350.35,128,-10.0,53.0,-0.08
07:41:30,210.48,29.0,350.19,32.0,207.14,22.0,471.88,16.0,139.71,51.0,48.0,23.31906687669905,210.48,350.19,99,3.0,-29.0,0.03
07:41:31,208.0,27.0,268.67,9.0,205.0,27.0,350.57,37.0,60.670000000000016,54.0,46.0,19.113299819758005,208.0,268.67,100,8.0,1.0,0.08
07:41:32,206.29,14.0,248.17,18.0,203.86,14.0,335.67,18.0,41.879999999999995,28.0,36.0,26.624152005274595,206.29,248.16999999999996,64,-8.0,-36.0,-0.12
07:41:33,204.19,32.0,247.83,60.0,199.62,52.0,526.78,27.0,43.640000000000015,84.0,87.0,27.691215213492782,204.19,247.83,171,-3.0,107.0,-0.02
07:41:34,206.0,24.0,247.0,30.0,202.0,12.0,580.6,15.0,41.0,36.0,45.0,23.295073942788417,206.0,247.0,81,-9.0,-90.0,-0.11
07:41:35,203.45,22.0,246.78,45.0,199.26,46.0,580.0,12.0,43.33000000000001,68.0,57.0,5.471998720758826,203.45,246.78,125,11.0,44.0,0.09
07:41:36,202.0,16.0,244.2,25.0,199.0,48.0,269.07,29.0,42.19999999999999,64.0,54.0,1.5902106778624465,202.0,244.2,118,10.0,-7.0,0.08
07:41:37,199.75,24.0,242.07,28.0,196.33,54.0,242.57,28.0,42.31999999999999,78.0,56.0,2.3110971420492934,199.75,242.07,134,22.0,16.0,0.16
07:41:38,200.85,41.0,240.12,34.0,158.24,68.0,241.45,22.0,39.27000000000001,109.0,56.0,2.60632499891878,200.85000000000002,240.12,165,53.0,31.0,0.32
07:41:39,203.56,117.0,237.31,32.0,202.0,36.0,239.33,30.0,33.75,153.0,62.0,2.0540813031595446,203.56,237.31,215,91.0,50.0,0.42
07:41:40,205.7,130.0,208.29,34.0,202.6,40.0,227.74,31.0,2.5900000000000034,170.0,65.0,6.4582915697567875,205.7,208.29,235,105.0,20.0,0.45
07:41:41,205.85,82.0,207.96,46.0,202.88,41.0,230.88,16.0,2.1100000000000136,123.0,62.0,7.481505196148259,205.85000000000002,207.96,185,61.0,-50.0,0.33
07:41:42,206.56,25.0,249.29,28.0,190.2,119.0,372.5,14.0,42.72999999999999,144.0,42.0,9.27344326558332,206.56,249.29,186,102.0,1.0,0.55
07:41:43,212.0,9.0,248.0,18.0,205.05,105.0,254.0,9.0,36.0,114.0,27.0,11.082394596836536,212.0,248.0,141,87.0,-45.0,0.62
07:41:44,207.33,12.0,246.75,24.0,203.78,36.0,254.0,12.0,39.41999999999999,48.0,36.0,11.751390556014679,207.33,246.75,84,12.0,-57.0,0.14
07:41:45,206.39,23.0,245.0,26.0,205.79,66.0,347.64,25.0,38.610000000000014,89.0,51.0,9.412559694365239,206.38999999999996,245.0,140,38.0,56.0,0.27
07:41:46,206.52,21.0,244.83,24.0,204.0,54.0,375.19,16.0,38.31,75.0,40.0,1.797309099734127,206.52,244.83,115,35.0,-25.0,0.3
07:41:47,207.0,16.0,243.75,16.0,203.0,32.0,347.17,12.0,36.75,48.0,28.0,1.9216139050255006,207.0,243.75,76,20.0,-39.0,0.26
07:41:48,208.83,24.0,242.08,24.0,204.67,36.0,269.0,60.0,33.25,60.0,84.0,0.6783214577085047,208.83,242.08,144,-24.0,68.0,-0.17
07:41:49,210.0,28.0,239.73,22.0,203.79,38.0,265.21,19.0,29.72999999999999,66.0,41.0,0.3401176266940903,210.0,239.73,107,25.0,-37.0,0.23
07:41:50,210.0,14.0,239.0,14.0,203.0,28.0,261.0,7.0,29.0,42.0,21.0,0.4829906831276931,210.0,239.0,63,21.0,-44.0,0.33
07:41:51,210.4,30.0,237.13,30.0,206.7,43.0,261.0,15.0,26.72999999999999,73.0,45.0,0.6939596529974571,210.4,237.13,118,28.0,55.0,0.24
07:41:52,210.0,56.0,234.0,12.0,208.0,36.0,235.0,24.0,24.0,92.0,36.0,1.3327115216687806,210.0,234.0,128,56.0,10.0,0.44
07:41:53,210.0,60.0,231.76,17.0,208.0,51.0,235.0,34.0,21.75999999999999,111.0,51.0,1.7024159303734305,210.0,231.76,162,60.0,34.0,0.37
07:41:54,211.14,21.0,231.0,7.0,209.14,21.0,235.0,14.0,19.860000000000014,42.0,21.0,1.6214592193421473,211.14,231.0,63,21.0,-99.0,0.33
07:41:55,212.0,22.0,231.0,11.0,210.0,33.0,235.0,22.0,19.0,55.0,33.0,1.1597973960955275,212.0,231.0,88,22.0,25.0,0.25
07:41:56,211.79,29.0,228.25,24.0,209.86,42.0,229.67,18.0,16.460000000000008,71.0,42.0,0.7391752160282139,211.79,228.25,113,29.0,25.0,0.26
07:41:57,210.0,31.0,224.92,13.0,208.0,39.0,228.0,26.0,14.919999999999987,70.0,39.0,1.6161930577721435,210.0,224.92000000000002,109,31.0,-4.0,0.28
07:41:58,210.0,19.0,223.69,16.0,208.0,48.0,249.79,53.0,13.689999999999998,67.0,69.0,2.1153061244158855,210.0,223.69,136,-2.0,27.0,-0.01
07:41:59,207.53,51.0,219.85,27.0,205.53,153.0,247.38,45.0,12.319999999999993,204.0,72.0,3.020582725235687,207.53,219.85,276,132.0,140.0,0.48
07:42:00,207.7,23.0,217.43,21.0,206.26,113.0,218.13,23.0,9.730000000000018,136.0,44.0,3.004260308294433,207.7,217.42999999999998,180,92.0,-96.0,0.51
07:42:01,208.7,23.0,213.75,16.0,206.63,113.0,214.75,16.0,5.050000000000011,136.0,32.0,2.7068764286524982,208.7,213.75,168,104.0,-12.0,0.62
07:42:02,207.87,62.0,209.79,38.0,206.06,94.0,211.0,26.0,1.9199999999999875,156.0,64.0,2.969877101833611,207.87,209.79,220,92.0,52.0,0.42
07:42:03,207.0,32.0,209.82,17.0,203.1,104.0,210.54,13.0,2.819999999999993,136.0,30.0,2.2977314899693404,207.0,209.82,166,106.0,-54.0,0.64
07:42:04,207.0,27.0,208.08,12.0,205.0,60.0,210.0,24.0,1.0800000000000125,87.0,36.0,2.096179858694755,207.0,208.08,123,51.0,-43.0,0.41
07:42:05,205.92,51.0,208.93,30.0,204.92,75.0,375.11,55.0,3.0100000000000193,126.0,85.0,1.5336981450071105,205.92,208.93,211,41.0,88.0,0.19
07:42:06,205.95,74.0,220.79,28.0,204.77,52.0,350.05,44.0,14.840000000000003,126.0,72.0,2.449648954441835,205.95,220.79,198,54.0,-13.0,0.27
07:42:07,208.73,33.0,273.0,24.0,207.79,57.0,386.0,16.0,64.27000000000001,90.0,40.0,14.373749336898628,208.73,273.0,130,50.0,-68.0,0.38
07:42:08,208.0,42.0,308.0,8.0,207.0,24.0,412.62,24.0,100.0,66.0,32.0,22.849425594530526,208.0,308.0,98,34.0,-32.0,0.35
07:42:09,208.94,34.0,238.25,20.0,207.67,24.0,641.55,29.0,29.310000000000002,58.0,49.0,20.735090306048452,208.94,238.25,107,9.0,9.0,0.08
07:42:14,214.0,15.0,429.71,21.0,212.0,50.0,476.55,22.0,215.70999999999998,65.0,43.0,32.86845706752718,214.0,429.71,108,22.0,-83.0,0.2
07:42:15,214.0,30.0,326.48,21.0,212.0,100.0,351.12,32.0,112.48000000000002,130.0,53.0,46.82741739622099,214.0,326.48,183,77.0,75.0,0.42
07:42:16,212.95,38.0,326.0,16.0,211.75,64.0,328.0,24.0,113.05000000000001,102.0,40.0,50.23068056476958,212.95,326.0,142,62.0,-41.0,0.44
07:42:17,212.0,50.0,262.15,20.0,208.67,18.0,273.68,25.0,50.14999999999998,68.0,45.0,47.585030524314554,212.0,262.15,113,23.0,-29.0,0.2
07:42:18,212.0,55.0,232.59,39.0,211.0,22.0,234.5,30.0,20.590000000000003,77.0,69.0,38.34518913762162,212.0,232.59,146,8.0,33.0,0.05
07:42:19,212.0,48.0,225.18,33.0,208.5,24.0,225.84,43.0,13.180000000000007,72.0,76.0,25.005901703397814,212.0,225.18,148,-4.0,2.0,-0.03
07:42:20,212.0,11.0,220.54,37.0,210.0,11.0,221.91,22.0,8.539999999999992,22.0,59.0,22.07106522123488,212.0,220.54,81,-37.0,-67.0,-0.46
07:42:21,210.25,8.0,218.29,28.0,208.13,15.0,219.71,28.0,8.039999999999992,23.0,56.0,9.095972735228118,210.25,218.29,79,-33.0,-2.0,-0.42
07:42:22,209.75,16.0,216.34,41.0,207.86,28.0,216.8,35.0,6.590000000000003,44.0,76.0,3.675742101945928,209.75,216.34,120,-32.0,41.0,-0.27
07:42:23,208.94,33.0,210.55,49.0,207.24,42.0,212.0,64.0,1.6100000000000136,75.0,113.0,3.3359376493004538,208.94,210.55,188,-38.0,68.0,-0.2
07:42:24,206.19,31.0,209.53,17.0,203.57,35.0,235.05,20.0,3.3400000000000034,66.0,37.0,3.4059653550824893,206.19,209.53,103,29.0,-85.0,0.28
07:42:25,206.91,47.0,236.76,17.0,204.63,27.0,317.11,27.0,29.849999999999994,74.0,44.0,5.387868780883691,206.91,236.76,118,30.0,15.0,0.25
07:42:26,206.54,26.0,367.56,52.0,203.88,41.0,435.4,40.0,161.02,67.0,92.0,33.49250737105252,206.54,367.56,159,-25.0,41.0,-0.16
07:42:27,208.22,41.0,289.39,67.0,204.94,33.0,322.45,55.0,81.16999999999999,74.0,122.0,33.34273609048904,208.22,289.39,196,-48.0,37.0,-0.24
07:42:28,208.0,45.0,274.72,43.0,206.33,30.0,308.18,34.0,66.72000000000003,75.0,77.0,30.191918123895242,208.0,274.72,152,-2.0,-44.0,-0.01
07:42:29,207.48,58.0,272.53,53.0,206.08,48.0,274.27,55.0,65.04999999999998,106.0,108.0,24.070942441042643,207.48,272.53,214,-2.0,62.0,-0.01
07:42:30,209.36,56.0,271.33,60.0,207.0,112.0,272.24,66.0,61.96999999999997,168.0,126.0,20.188200266491915,209.35999999999999,271.33,294,42.0,80.0,0.14
07:42:31,210.0,40.0,269.83,47.0,207.0,80.0,271.35,43.0,59.829999999999984,120.0,90.0,3.79681840492716,210.0,269.83,210,30.0,-84.0,0.14
07:42:32,210.0,44.0,263.0,44.0,207.29,68.0,269.63,51.0,53.0,112.0,95.0,1.8392199433444847,210.0,263.0,207,17.0,-3.0,0.08
07:42:33,210.24,37.0,268.0,40.0,208.6,40.0,269.0,50.0,57.75999999999999,77.0,90.0,1.563384149848184,210.24,268.0,167,-13.0,-40.0,-0.08
07:42:34,209.05,38.0,267.78,46.0,207.29,68.0,268.85,53.0,58.72999999999996,106.0,99.0,1.5127293214573598,209.05,267.78,205,7.0,38.0,0.03
07:42:35,208.0,39.0,265.62,55.0,207.0,104.0,267.19,62.0,57.620000000000005,143.0,117.0,1.468798828974723,208.0,265.62,260,26.0,55.0,0.1
07:42:36,208.0,30.0,263.44,45.0,207.0,80.0,265.67,45.0,55.44,110.0,90.0,1.409106099624275,208.0,263.44,200,20.0,-60.0,0.1
07:42:37,208.0,33.0,221.35,46.0,207.0,88.0,243.57,40.0,13.349999999999994,121.0,86.0,10.304376254776551,208.0,221.35,207,35.0,7.0,0.17
07:42:38,207.51,65.0,209.77,65.0,206.57,112.0,221.14,65.0,2.2600000000000193,177.0,130.0,14.068580951894516,207.51,209.77,307,47.0,100.0,0.15
07:42:39,207.0,88.0,209.65,46.0,205.0,78.0,306.77,31.0,2.6500000000000057,166.0,77.0,14.316634730271467,207.0,209.65,243,89.0,-64.0,0.37
07:42:40,207.0,22.0,208.0,14.0,205.0,42.0,232.79,19.0,1.0,64.0,33.0,11.943741875979274,207.0,208.0,97,31.0,-146.0,0.32
07:42:41,205.5,40.0,239.0,23.0,204.63,38.0,268.25,24.0,33.5,78.0,47.0,6.261259457970373,205.5,239.0,125,31.0,28.0,0.25
07:42:42,205.08,52.0,275.0,40.0,203.36,22.0,309.5,16.0,69.91999999999999,74.0,56.0,14.08095415801139,205.07999999999998,275.0,130,18.0,5.0,0.14
07:42:43,205.9,40.0,316.27,44.0,204.2,30.0,490.19,32.0,110.36999999999998,70.0,76.0,22.803542926484187,205.9,316.27,146,-6.0,16.0,-0.04
07:42:45,204.0,24.0,393.0,24.0,203.0,16.0,505.0,40.0,189.0,40.0,64.0,50.68427300455205,204.0,393.0,104,-24.0,13.0,-0.23
07:42:46,205.43,21.0,336.14,21.0,203.0,14.0,404.2,25.0,130.70999999999998,35.0,46.0,42.16845894741654,205.42999999999998,336.14,81,-11.0,-23.0,-0.14
07:42:47,207.7,90.0,314.4,85.0,203.94,34.0,314.68,75.0,106.69999999999999,124.0,160.0,37.48528217847573,207.7,314.4,284,-36.0,169.5,-0.13
07:42:48,208.1,39.0,248.67,45.0,207.74,27.0,250.12,43.0,40.56999999999999,66.0,88.0,45.407043836831704,208.1,248.67,154,-22.0,-130.0,-0.14
07:42:49,206.47,15.0,248.11,45.0,202.98,41.0,250.0,27.0,41.640000000000015,56.0,72.0,30.12640486350765,206.47,248.11,128,-16.0,-26.0,-0.12
07:42:50,203.0,14.0,247.45,62.0,202.0,42.0,248.8,50.0,44.44999999999999,56.0,112.0,21.641317427550245,203.0,247.45,168,-56.0,40.0,-0.33
07:42:51,202.0,28.0,238.75,55.0,201.22,59.0,242.4,55.0,36.75,87.0,110.0,16.272709669873606,202.0,238.75,197,-23.0,29.0,-0.12
07:42:52,207.03,77.0,232.0,35.0,206.29,35.0,241.48,23.0,24.97,112.0,58.0,4.022956624176418,207.03,232.0,170,54.0,-27.0,0.32
07:42:53,207.02,101.0,230.78,37.0,204.76,75.0,233.65,51.0,23.75999999999999,176.0,88.0,3.759853720559687,207.02,230.78000000000003,264,88.0,94.0,0.33
07:42:54,207.0,56.0,229.71,21.0,205.11,27.0,232.0,35.0,22.710000000000008,83.0,56.0,2.7616172797851672,207.0,229.70999999999998,139,27.0,-125.0,0.19
07:42:55,207.0,60.0,227.04,28.0,206.0,9.0,260.13,38.0,20.039999999999992,69.0,66.0,1.2585586994691262,207.0,227.04,135,3.0,-4.0,0.02
07:42:56,207.0,55.0,225.0,22.0,206.0,11.0,226.0,33.0,18.0,66.0,55.0,1.4292725422431327,207.0,225.0,121,11.0,-14.0,0.09
07:42:57,207.0,35.0,223.31,29.0,206.0,7.0,224.33,18.0,16.310000000000002,42.0,47.0,1.5657969217018186,207.0,223.31,89,-5.0,-32.0,-0.06
07:42:58,207.67,36.0,220.85,39.0,206.71,21.0,222.64,25.0,13.180000000000007,57.0,64.0,1.5980613254852494,207.67,220.85,121,-7.0,32.0,-0.06
07:42:59,211.0,18.0,217.39,31.0,207.0,45.0,217.9,31.0,6.389999999999986,63.0,62.0,1.2019068183567105,211.0,217.39,125,1.0,4.0,0.01
07:43:00,209.15,26.0,211.86,35.0,207.0,48.0,212.64,28.0,2.710000000000008,74.0,63.0,2.0991974657028987,209.15000000000003,211.86,137,11.0,12.0,0.08
07:43:01,206.5,44.0,207.73,22.0,205.14,35.0,229.28,29.0,1.2299999999999898,79.0,51.0,3.380788369598867,206.5,207.73,130,28.0,-7.0,0.22
07:43:02,206.5,12.0,246.6,20.0,205.31,26.0,322.44,27.0,40.099999999999994,38.0,47.0,7.346521625913387,206.5,246.6,85,-9.0,-45.0,-0.11
07:43:03,208.92,75.0,270.42,59.0,206.67,18.0,347.69,52.0,61.50000000000003,93.0,111.0,13.407120496214265,208.92,270.42,204,-18.0,119.0,-0.09
07:43:04,209.29,42.0,232.23,39.0,208.71,42.0,263.8,45.0,22.939999999999998,84.0,84.0,13.061098728667796,209.29000000000002,232.23,168,0.0,-36.0,0.0
07:43:05,209.22,46.0,228.82,44.0,208.67,36.0,231.0,33.0,19.599999999999994,82.0,77.0,11.865149388018928,209.22000000000003,228.82,159,5.0,-9.0,0.03
07:43:06,209.0,67.0,227.14,28.0,207.0,7.0,293.57,21.0,18.139999999999986,74.0,49.0,8.933103044295645,209.0,227.14000000000001,123,25.0,-36.0,0.2
07:43:07,208.19,47.0,224.93,61.0,205.07,29.0,288.92,59.0,16.74000000000001,76.0,120.0,9.544057313323611,208.19,224.93,196,-44.0,73.0,-0.22
07:43:08,209.46,52.0,213.76,75.0,205.55,44.0,217.65,40.0,4.299999999999983,96.0,115.0,3.4785241123228228,209.46,213.76,211,-19.0,15.0,-0.09
07:43:09,205.81,27.0,211.47,75.0,204.28,72.0,214.0,30.0,5.659999999999997,99.0,105.0,4.464263657089895,205.81,211.47,204,-6.0,-7.0,-0.03
07:43:10,204.27,131.0,209.04,24.0,203.5,169.0,210.22,74.0,4.769999999999982,300.0,98.0,4.927511542352375,204.27,209.04,398,202.0,169.5,0.51
07:43:11,204.0,120.0,206.8,10.0,202.0,60.0,210.0,50.0,2.8000000000000114,180.0,60.0,4.459134445160655,204.0,206.8,240,120.0,-158.0,0.5
07:43:12,204.0,113.0,205.03,34.0,202.0,60.0,273.52,33.0,1.0300000000000011,173.0,67.0,2.835265419677755,204.0,205.03,240,106.0,0.0,0.44
07:43:13,204.33,96.0,221.15,41.0,202.25,67.0,407.83,48.0,16.819999999999993,163.0,89.0,3.2700305808998573,204.33,221.14999999999998,252,74.0,12.0,0.29
07:43:14,204.0,88.0,259.2,30.0,201.0,33.0,314.24,34.0,55.19999999999999,121.0,64.0,11.32163504093008,204.0,259.2,185,57.0,-67.0,0.31
07:43:15,204.08,79.0,283.5,48.0,201.86,42.0,360.67,24.0,79.41999999999999,121.0,72.0,17.360612604398746,204.08,283.5,193,49.0,8.0,0.25
07:43:16,206.4,10.0,357.5,16.0,204.15,26.0,422.73,11.0,151.1,36.0,27.0,30.48868921419866,206.4,357.5,63,9.0,-130.0,0.14
07:43:17,205.8,15.0,328.54,26.0,203.5,18.0,390.07,30.0,122.74000000000001,33.0,56.0,27.606750080369512,205.8,328.54,89,-23.0,26.0,-0.26
07:43:18,204.0,10.0,216.0,20.0,203.0,5.0,349.0,10.0,12.0,15.0,30.0,28.481342489426005,204.0,216.0,45,-15.0,-44.0,-0.33
07:43:19,204.0,16.0,216.0,40.0,203.0,10.0,349.0,20.0,12.0,26.0,60.0,32.707192939779894,204.0,216.0,86,-34.0,41.0,-0.4
07:43:20,204.0,11.0,211.6,40.0,203.0,11.0,229.79,38.0,7.599999999999994,22.0,78.0,36.15354104372068,204.0,211.6,100,-56.0,14.0,-0.56
07:43:21,204.0,8.0,208.75,32.0,203.0,8.0,234.71,28.0,4.75,16.0,60.0,26.263038666536907,204.0,208.75,76,-44.0,-24.0,-0.58
07:43:22,201.43,56.0,235.89,36.0,201.07,14.0,431.69,26.0,34.45999999999998,70.0,62.0,4.778254911578361,201.43,235.89,132,8.0,56.0,0.06
07:43:23,200.0,117.0,309.3,20.0,198.0,18.0,410.67,18.0,109.30000000000001,135.0,38.0,20.2206730847421,200.0,309.3,173,97.0,41.0,0.56
07:43:24,200.94,94.0,378.92,36.0,197.03,159.0,464.33,24.0,177.98000000000002,253.0,60.0,36.15313305925224,200.94,378.92,313,193.0,140.0,0.62
07:43:25,201.78,36.0,358.62,13.0,200.0,135.0,394.59,27.0,156.84,171.0,40.0,36.78641366048045,201.78,358.62,211,131.0,-102.0,0.62
07:43:26,203.8,40.0,357.21,14.0,200.0,150.0,385.57,28.0,153.40999999999997,190.0,42.0,28.92837102223297,203.8,357.21,232,148.0,21.0,0.64
07:43:27,207.33,36.0,377.0,27.0,205.67,36.0,459.69,13.0,169.67,72.0,40.0,14.90256756401242,207.33,377.0,112,32.0,-120.0,0.29
07:43:28,208.0,36.0,336.86,21.0,207.0,36.0,366.93,15.0,128.86,72.0,36.0,8.029123239803452,208.0,336.86,108,36.0,-4.0,0.33
07:43:29,208.17,48.0,330.0,36.0,207.0,48.0,333.21,19.0,121.83000000000001,96.0,55.0,8.925607542344416,208.17,330.0,151,41.0,43.0,0.27
07:43:30,208.33,27.0,328.62,24.0,203.25,32.0,344.62,13.0,120.28999999999999,59.0,37.0,9.96951503333825,208.33000000000004,328.62,96,22.0,-55.0,0.23
07:43:31,207.0,33.0,327.18,33.0,201.0,44.0,400.48,29.0,120.18,77.0,62.0,10.427442159991092,207.0,327.18,139,15.0,43.0,0.11
07:43:32,208.06,34.0,325.25,36.0,205.11,38.0,354.44,39.0,117.19,72.0,75.0,2.2852636609291865,208.06,325.25,147,-3.0,8.0,-0.02
07:43:33,209.15,26.0,304.92,13.0,207.0,26.0,386.86,43.0,95.77000000000001,52.0,56.0,4.923867382451085,209.15000000000003,304.92,108,-4.0,-39.0,-0.04
07:43:34,211.4,20.0,319.0,20.0,207.0,20.0,323.0,10.0,107.6,40.0,30.0,4.542694134538039,211.4,319.0,70,10.0,-38.0,0.14
07:43:35,210.75,24.0,261.4,30.0,204.0,36.0,299.14,28.0,50.64999999999998,60.0,58.0,13.136748075531155,210.75,261.4,118,2.0,48.0,0.02
07:43:36,207.0,26.0,254.56,18.0,201.14,74.0,265.0,22.0,47.56,100.0,40.0,16.69347087935812,207.0,254.56,140,60.0,22.0,0.43
07:43:37,212.0,54.0,245.85,13.0,207.0,18.0,248.12,16.0,33.849999999999994,72.0,29.0,16.460173753638944,212.0,245.84999999999997,101,43.0,-39.0,0.43
07:43:38,212.0,84.0,242.23,26.0,207.0,28.0,244.5,16.0,30.22999999999999,112.0,42.0,15.778026492562033,212.0,242.23,154,70.0,53.0,0.45
07:43:39,211.9,51.0,241.91,22.0,206.92,24.0,243.43,14.0,30.00999999999999,75.0,36.0,3.7568005004253306,211.9,241.90999999999997,111,39.0,-43.0,0.35
07:43:40,207.0,11.0,232.62,29.0,206.0,22.0,237.36,22.0,25.620000000000005,33.0,51.0,4.161342331507806,207.0,232.62,84,-18.0,-27.0,-0.21
07:43:41,207.0,10.0,215.55,40.0,206.0,20.0,218.71,21.0,8.550000000000011,30.0,61.0,7.325624205485981,207.0,215.55,91,-31.0,7.0,-0.34
07:43:42,209.49,70.0,212.36,25.0,206.78,36.0,213.58,33.0,2.8700000000000045,106.0,58.0,7.965975771994619,209.49,212.36,164,48.0,73.0,0.29
07:43:43,206.8,30.0,209.96,47.0,205.12,117.0,266.71,73.0,3.1599999999999966,147.0,120.0,7.717438046399101,206.8,209.96,267,27.0,103.0,0.1
07:43:44,205.56,39.0,208.91,35.0,204.72,85.0,220.3,54.0,3.3499999999999943,124.0,89.0,4.93253281793558,205.56,208.91,213,35.0,-54.0,0.16
07:43:45,205.0,92.0,206.0,12.0,202.0,24.0,218.17,60.0,1.0,116.0,72.0,2.452158233070173,205.0,206.0,188,44.0,-25.0,0.23
07:43:46,205.0,36.0,263.95,37.0,202.0,18.0,361.76,17.0,58.94999999999999,54.0,54.0,11.995866788190419,205.0,263.95,108,0.0,-80.0,0.0
07:43:47,205.0,40.0,270.95,38.0,202.0,20.0,370.0,10.0,65.94999999999999,60.0,48.0,16.06314944212389,205.0,270.95,108,12.0,0.0,0.11
07:43:48,205.0,18.0,429.89,9.0,202.0,18.0,551.62,13.0,224.89,36.0,22.0,45.53501432963414,205.0,429.89,58,14.0,-50.0,0.24
07:43:49,205.38,13.0,440.09,33.0,203.17,23.0,493.43,21.0,234.70999999999998,36.0,54.0,53.09742489047813,205.38,440.09,90,-18.0,32.0,-0.2
07:43:50,206.0,45.0,352.38,13.0,205.0,9.0,447.81,37.0,146.38,54.0,50.0,41.997630528399505,206.0,352.38,104,4.0,14.0,0.04
07:43:51,206.67,60.0,219.0,12.0,205.0,12.0,444.0,60.0,12.330000000000013,72.0,72.0,48.29462009375327,206.67,219.0,144,0.0,40.0,0.0
07:43:52,207.19,63.0,247.58,19.0,205.71,17.0,412.47,38.0,40.390000000000015,80.0,57.0,50.455513375645666,207.19,247.58,137,23.0,-7.0,0.17
07:43:53,208.0,80.0,231.5,16.0,207.0,45.0,261.67,27.0,23.5,125.0,43.0,47.23141189928558,208.0,231.5,168,82.0,31.0,0.49
07:43:54,208.0,28.0,228.0,7.0,207.0,21.0,307.0,27.0,20.0,49.0,34.0,27.20371022489382,208.0,228.0,83,15.0,-85.0,0.18
07:43:55,208.0,36.0,228.0,9.0,207.0,27.0,303.0,26.0,20.0,63.0,35.0,5.260025665336938,208.0,228.0,98,28.0,15.0,0.29
07:43:56,208.5,42.0,282.33,58.0,207.4,35.0,311.77,26.0,73.82999999999998,77.0,84.0,11.675708543809996,208.5,282.33,161,-7.0,63.0,-0.04
07:43:57,208.77,64.0,250.38,48.0,207.42,26.0,369.12,24.0,41.609999999999985,90.0,72.0,11.794584774378341,208.77,250.38,162,18.0,1.0,0.11
07:43:58,209.2,79.0,219.98,51.0,208.34,41.0,274.8,15.0,10.780000000000001,120.0,66.0,12.686174758373706,209.2,219.98,186,54.0,24.0,0.29
07:43:59,210.1,84.0,219.0,10.0,209.03,65.0,224.9,50.0,8.900000000000006,149.0,60.0,13.251082219954666,210.09999999999997,219.0,209,89.0,23.0,0.43
07:44:00,212.83,93.0,217.31,13.0,211.91,92.0,227.0,65.0,4.47999999999999,185.0,78.0,13.664527800110735,212.83,217.31,263,107.0,54.0,0.41
07:44:01,212.68,93.0,222.17,23.0,211.97,229.0,341.77,47.0,9.48999999999998,322.0,70.0,6.442291517775603,212.68,222.17,392,252.0,129.0,0.64
07:44:02,212.0,165.0,226.56,36.0,210.0,22.0,284.17,36.0,14.560000000000002,187.0,72.0,2.0969930853498497,212.0,226.56,259,115.0,-133.0,0.44
07:44:03,212.02,209.0,225.0,57.0,210.94,64.0,517.07,58.0,12.97999999999999,273.0,115.0,2.084806945499878,212.02,225.0,388,158.0,129.0,0.41
07:44:04,212.0,89.0,224.85,39.0,210.0,26.0,299.0,26.0,12.849999999999994,115.0,65.0,1.631860900936112,212.0,224.85,180,50.0,-170.5,0.28
07:44:05,212.0,65.0,224.0,39.0,210.0,26.0,301.89,36.0,12.0,91.0,75.0,0.6822536185346385,212.0,224.0,166,16.0,-14.0,0.1
07:44:06,212.0,74.0,223.29,42.0,210.0,28.0,406.13,46.0,11.289999999999992,102.0,88.0,0.6164414002998099,212.0,223.29000000000002,190,14.0,24.0,0.07
07:44:07,212.0,70.0,222.0,30.0,210.0,26.0,280.91,22.0,10.0,96.0,52.0,0.6182879588055146,212.0,222.0,148,44.0,-42.0,0.3
07:44:08,212.0,27.0,219.55,33.0,210.0,44.0,294.0,22.0,7.550000000000011,71.0,55.0,1.0330924450426728,212.0,219.55,126,16.0,-22.0,0.13
07:44:09,213.75,44.0,218.43,21.0,211.5,16.0,313.38,16.0,4.680000000000007,60.0,37.0,0.9618471812115291,213.75,218.42999999999998,97,23.0,-29.0,0.24
07:44:10,214.0,49.0,217.14,21.0,212.0,14.0,358.31,26.0,3.1399999999999864,63.0,47.0,0.8772855863428366,214.0,217.14,110,16.0,13.0,0.15
07:44:11,214.0,43.0,215.29,14.0,212.0,14.0,216.38,16.0,1.289999999999992,57.0,30.0,0.8547689746389564,214.0,215.29,87,27.0,-23.0,0.31
07:44:12,214.0,30.0,215.64,22.0,212.0,22.0,241.64,22.0,1.6399999999999864,52.0,44.0,0.6231933889296637,214.0,215.64,96,8.0,9.0,0.08
07:44:13,211.26,19.0,215.61,23.0,208.89,27.0,329.5,20.0,4.350000000000023,46.0,43.0,1.0086971795370263,211.26,215.61000000000004,89,3.0,-7.0,0.03
07:44:14,209.7,10.0,213.87,23.0,207.8,30.0,214.93,27.0,4.170000000000016,40.0,50.0,1.4812494725759429,209.7,213.87,90,-10.0,1.0,-0.11
