Time,Bid1_Price,Bid1_Volume,Ask1_Price,Ask1_Volume,Bid2_Price,Bid2_Volume,Ask2_Price,Ask2_Volume,Bid_Ask_Spread,Market_Depth_Bid,Market_Depth_Ask,Historical_Volatility,Weighted_Avg_Bid_Price,Weighted_Avg_Ask_Price,Total_volume,Cumulative_Volume_Difference,Total_Volume_Change_Corrected,Order_imbalance
07:30:10,166.04,56.0,359.19,37.0,165.04,50.0,425.0,34.0,193.15,106.0,71.0,80.11288367048091,166.04,359.19,177,35.0,-15.0,0.2
07:30:11,166.0,96.0,175.12,43.0,164.0,48.0,175.56,64.0,9.120000000000005,144.0,107.0,110.39339391467232,166.0,175.12,251,37.0,74.0,0.15
07:30:12,166.0,37.0,172.0,8.0,164.0,32.0,174.0,48.0,6.0,69.0,56.0,100.7148647420033,166.0,172.0,125,13.0,-126.0,0.1
07:30:13,165.33,36.0,168.15,54.0,136.42,62.0,169.43,49.0,2.819999999999993,98.0,103.0,78.73719527643861,165.33,168.15,201,-5.0,76.0,-0.02
07:30:14,163.56,27.0,165.18,33.0,126.65,34.0,167.24,38.0,1.6200000000000045,61.0,71.0,42.52393008648227,163.56,165.18,132,-10.0,-69.0,-0.08
07:30:15,161.73,22.0,163.27,33.0,113.59,54.0,167.38,52.0,1.5400000000000205,76.0,85.0,3.2877925725376866,161.73,163.27,161,-9.0,29.0,-0.06
07:30:16,138.65,43.0,160.71,34.0,119.4,60.0,171.23,47.0,22.060000000000002,103.0,81.0,7.550961528178694,138.65,160.71,184,22.0,23.0,0.12
07:30:17,136.0,40.0,158.5,30.0,132.0,30.0,160.0,10.0,22.5,70.0,40.0,8.971358314103593,136.0,158.5,110,30.0,-74.0,0.27
07:30:18,138.57,42.0,156.33,24.0,134.29,42.0,156.96,28.0,17.76000000000002,84.0,52.0,8.464658882674273,138.57,156.33,136,32.0,26.0,0.24
07:30:19,138.27,30.0,156.0,27.0,133.93,29.0,158.0,45.0,17.72999999999999,59.0,72.0,6.622655811684403,138.27,156.0,131,-13.0,-5.0,-0.1
07:30:20,154.0,5.0,156.0,15.0,140.0,20.0,158.0,25.0,2.0,25.0,40.0,3.3529196232593335,154.0,156.0,65,-15.0,-66.0,-0.23
07:30:21,140.93,30.0,157.86,43.0,134.62,29.0,170.19,21.0,16.930000000000007,59.0,64.0,3.3473616476319856,140.93,157.86,123,-5.0,58.0,-0.04
07:30:22,143.31,87.0,157.62,32.0,138.15,55.0,159.88,68.0,14.310000000000002,142.0,100.0,3.172530535713945,143.31,157.62,242,42.0,119.0,0.17
07:30:23,146.23,131.0,156.47,19.0,145.87,234.0,158.32,82.0,10.240000000000009,365.0,101.0,2.889454965912647,146.23,156.47,466,264.0,173.5,0.57
07:30:24,149.86,37.0,158.0,54.0,148.34,194.0,209.83,36.0,8.139999999999986,231.0,90.0,2.3581666607848133,149.86,158.0,321,141.0,-145.0,0.44
07:30:25,155.93,126.0,158.0,25.0,155.27,41.0,168.0,20.0,2.069999999999993,167.0,45.0,3.0397154472149097,155.93,158.0,212,122.0,-109.0,0.58
07:30:26,156.91,223.0,161.0,20.0,155.56,85.0,173.79,28.0,4.090000000000003,308.0,48.0,3.615719845347062,156.91,161.0,356,260.0,144.0,0.73
07:30:27,157.35,49.0,168.0,22.0,156.96,182.0,195.0,22.0,10.650000000000006,231.0,44.0,4.3898781304309535,157.35,168.0,275,187.0,-81.0,0.68
07:30:28,160.79,223.0,168.0,28.0,157.31,71.0,224.47,30.0,7.210000000000008,294.0,58.0,4.235555453542708,160.79,168.0,352,236.0,77.0,0.67
07:30:29,163.56,222.0,168.0,26.0,162.92,51.0,257.92,26.0,4.439999999999998,273.0,52.0,3.70263149665678,163.56,168.0,325,221.0,-27.0,0.68
07:30:30,165.0,11.0,168.0,22.0,164.0,220.0,258.19,21.0,3.0,231.0,43.0,3.007394220921887,165.0,168.0,274,188.0,-51.0,0.69
07:30:31,164.3,30.0,168.0,20.0,163.84,192.0,351.67,12.0,3.6999999999999886,222.0,32.0,1.5747856997172813,164.3,168.0,254,190.0,-20.0,0.75
07:30:32,164.0,231.0,167.34,29.0,159.0,66.0,241.24,17.0,3.3400000000000034,297.0,46.0,0.796837499138851,164.0,167.33999999999997,343,251.0,89.0,0.73
07:30:33,164.0,301.0,166.6,53.0,159.43,70.0,167.8,25.0,2.5999999999999943,371.0,78.0,0.4603802776333919,164.0,166.6,449,293.0,106.0,0.65
07:30:34,164.0,198.0,165.0,36.0,159.0,72.0,166.24,34.0,1.0,270.0,70.0,0.7769362908462125,164.0,165.0,340,200.0,-109.0,0.59
07:30:35,164.0,116.0,167.25,24.0,159.0,66.0,364.45,22.0,3.25,182.0,46.0,0.6107945645091478,164.0,167.25,228,136.0,-112.0,0.6
07:30:36,164.0,120.0,168.0,24.0,159.0,72.0,277.67,30.0,4.0,192.0,54.0,0.570017543619428,164.0,168.0,246,138.0,18.0,0.56
07:30:37,164.0,104.0,166.45,31.0,159.0,68.0,177.82,22.0,2.4499999999999886,172.0,53.0,0.5551576353018631,164.0,166.45,225,119.0,-21.0,0.53
07:30:38,164.0,83.0,166.32,37.0,159.0,86.0,186.92,25.0,2.319999999999993,169.0,62.0,0.5605532981206734,164.0,166.32,231,107.0,6.0,0.46
07:30:39,165.24,41.0,169.0,24.0,162.27,66.0,517.0,12.0,3.759999999999991,107.0,36.0,0.7977969666737426,165.24,169.0,143,71.0,-88.0,0.5
07:30:40,165.58,57.0,169.0,16.0,163.54,26.0,520.12,8.0,3.4199999999999875,83.0,24.0,1.011063796223427,165.58,169.0,107,59.0,-36.0,0.55
07:30:41,166.0,69.0,169.0,26.0,164.0,52.0,486.71,34.0,3.0,121.0,60.0,1.1628628466133282,166.0,169.0,181,61.0,74.0,0.34
07:30:42,166.0,40.0,169.0,16.0,164.0,32.0,481.75,32.0,3.0,72.0,48.0,0.9933680083602119,166.0,169.0,120,24.0,-61.0,0.2
07:30:43,166.0,40.0,169.0,16.0,164.0,32.0,238.0,8.0,3.0,72.0,24.0,0.1723948956129737,166.0,169.0,96,48.0,-24.0,0.5
07:30:44,166.0,55.0,169.0,22.0,164.0,44.0,437.92,37.0,3.0,99.0,59.0,0.09391485523273163,166.0,169.0,158,40.0,62.0,0.25
07:30:45,166.0,30.0,169.0,12.0,164.0,24.0,329.58,26.0,3.0,54.0,38.0,0.0,166.0,169.0,92,16.0,-66.0,0.17
07:30:46,166.66,59.0,169.0,20.0,165.3,46.0,362.44,18.0,2.3400000000000034,105.0,38.0,0.1475804866279696,166.66,169.0,143,67.0,51.0,0.47
07:30:47,166.23,52.0,171.0,24.0,164.48,42.0,272.17,18.0,4.77000000000001,94.0,42.0,0.48548944379180087,166.23,171.0,136,52.0,-7.0,0.38
07:30:48,166.0,50.0,169.0,50.0,164.0,40.0,395.67,30.0,3.0,90.0,80.0,0.48548944379180087,166.0,169.0,170,10.0,34.0,0.06
07:30:49,165.35,37.0,168.75,40.0,162.8,50.0,316.17,36.0,3.4000000000000057,87.0,76.0,0.5843372314283118,165.35,168.75,163,11.0,-7.0,0.07
07:30:50,163.17,48.0,166.56,45.0,161.95,74.0,169.0,45.0,3.390000000000015,122.0,90.0,1.4139908062054374,163.17,166.56,212,32.0,49.0,0.15
07:30:51,162.98,59.0,164.87,60.0,162.5,56.0,170.16,95.0,1.8900000000000148,115.0,155.0,1.941803285617229,162.98,164.87,270,-40.0,58.0,-0.15
07:30:52,163.0,52.0,164.0,52.0,162.0,26.0,171.0,130.0,1.0,78.0,182.0,1.8178778836969054,163.0,164.0,260,-104.0,-10.0,-0.4
07:30:53,162.0,12.0,163.73,11.0,158.59,34.0,170.15,39.0,1.7299999999999898,46.0,50.0,1.6308648012740858,162.0,163.73,96,-4.0,-164.0,-0.04
07:30:54,158.05,122.0,161.45,22.0,157.41,34.0,163.0,11.0,3.3999999999999773,156.0,33.0,1.94523006352344,158.05,161.45,189,123.0,93.0,0.65
07:30:55,158.52,87.0,162.37,19.0,157.24,102.0,168.39,77.0,3.8499999999999943,189.0,96.0,1.8793562727795334,158.52,162.37,285,93.0,96.0,0.33
07:30:56,158.83,29.0,167.55,55.0,155.16,96.0,478.67,75.0,8.719999999999999,125.0,130.0,1.7239692572768945,158.83,167.55,255,-5.0,-30.0,-0.02
07:30:57,165.32,28.0,168.0,60.0,162.27,22.0,609.0,60.0,2.680000000000007,50.0,120.0,2.724215483407204,165.32,168.0,170,-70.0,-85.0,-0.41
07:30:58,161.33,9.0,168.0,45.0,158.91,79.0,324.98,41.0,6.6699999999999875,88.0,86.0,2.8861687407418466,161.33,168.0,174,2.0,4.0,0.01
07:30:59,158.42,36.0,168.0,20.0,157.88,50.0,239.0,4.0,9.580000000000013,86.0,24.0,2.280817835785019,158.42,168.0,110,62.0,-64.0,0.56
07:31:00,158.0,126.0,168.0,30.0,155.0,12.0,255.33,6.0,10.0,138.0,36.0,1.5570902350329012,158.0,168.0,174,102.0,64.0,0.59
07:31:01,158.0,262.0,166.82,74.0,153.74,38.0,190.69,51.0,8.819999999999993,300.0,125.0,1.708522753736363,158.0,166.82,425,175.0,173.5,0.41
07:31:02,158.0,102.0,165.0,22.0,155.0,18.0,258.7,20.0,7.0,120.0,42.0,1.1642894829188066,158.0,165.0,162,78.0,-174.5,0.48
07:31:03,158.0,153.0,162.78,36.0,155.32,25.0,165.0,27.0,4.780000000000001,178.0,63.0,1.1642894829189634,158.0,162.78,241,115.0,79.0,0.48
07:31:04,158.0,136.0,160.5,32.0,157.0,16.0,165.0,24.0,2.5,152.0,56.0,1.5159320565368337,158.0,160.5,208,96.0,-33.0,0.46
07:31:05,158.74,97.0,164.09,22.0,157.34,47.0,324.52,25.0,5.349999999999994,144.0,47.0,1.2092270258458946,158.74,164.09,191,97.0,-17.0,0.51
07:31:06,164.0,48.0,165.0,24.0,158.0,123.0,286.75,16.0,1.0,171.0,40.0,1.9533484072320413,164.0,165.0,211,131.0,20.0,0.62
07:31:07,164.0,54.0,327.5,48.0,157.89,70.0,431.62,32.0,163.5,124.0,80.0,37.7774412844495,164.0,327.5,204,44.0,-7.0,0.22
07:31:08,164.0,12.0,419.5,12.0,159.0,16.0,433.33,12.0,255.5,28.0,24.0,60.863716859883105,164.0,419.5,52,4.0,-152.0,0.08
07:31:09,166.4,60.0,272.89,28.0,161.14,28.0,503.75,20.0,106.48999999999998,88.0,48.0,55.37551110373623,166.4,272.89,136,40.0,84.0,0.29
07:31:10,167.0,65.0,446.38,16.0,164.0,24.0,534.29,28.0,279.38,89.0,44.0,57.25474320962415,167.0,446.38,133,45.0,-3.0,0.34
07:31:11,167.0,30.0,445.0,30.0,164.0,18.0,447.0,6.0,278.0,48.0,36.0,39.24180959130187,167.0,445.0,84,12.0,-49.0,0.14
07:31:12,167.0,45.0,420.1,41.0,164.0,69.0,443.8,25.0,253.10000000000002,114.0,66.0,36.36588263743899,167.0,420.1000000000001,180,48.0,96.0,0.27
07:31:13,167.0,55.0,336.1,49.0,164.0,99.0,370.0,48.0,169.10000000000002,154.0,97.0,38.476268270194694,167.0,336.1,251,57.0,71.0,0.23
07:31:14,167.0,29.0,197.52,31.0,164.0,63.0,259.88,32.0,30.52000000000001,92.0,63.0,52.95202592913699,167.0,197.52,155,29.0,-96.0,0.19
07:31:15,167.16,38.0,196.0,50.0,164.3,80.0,264.8,25.0,28.840000000000003,118.0,75.0,59.28568182959531,167.16,196.0,193,43.0,38.0,0.22
07:31:16,167.6,30.0,193.1,50.0,166.2,40.0,538.0,28.0,25.5,70.0,78.0,52.09268345938823,167.6,193.1,148,-8.0,-45.0,-0.05
07:31:17,165.95,38.0,193.0,55.0,164.35,69.0,328.82,44.0,27.05000000000001,107.0,99.0,31.607361009739986,165.95,193.0,206,8.0,58.0,0.04
07:31:18,164.43,56.0,192.5,50.0,163.74,62.0,437.0,48.0,28.069999999999993,118.0,98.0,1.5394901753627526,164.43,192.5,216,20.0,10.0,0.09
07:31:19,164.0,120.0,187.61,84.0,162.0,34.0,409.84,80.0,23.610000000000014,154.0,164.0,2.1877088471821593,164.0,187.61,318,-10.0,102.0,-0.03
07:31:20,164.0,78.0,169.51,49.0,162.0,26.0,182.33,60.0,5.509999999999991,104.0,109.0,5.529273912553136,164.0,169.51,213,-5.0,-105.0,-0.02
07:31:21,164.18,61.0,168.0,80.0,162.67,36.0,169.0,48.0,3.819999999999993,97.0,128.0,6.436204626955402,164.18,168.0,225,-31.0,12.0,-0.14
07:31:22,164.27,33.0,166.83,59.0,162.57,28.0,216.89,47.0,2.5600000000000023,61.0,106.0,6.111151282699811,164.27,166.83,167,-45.0,-58.0,-0.27
07:31:23,164.0,36.0,165.0,58.0,162.0,24.0,304.76,41.0,1.0,60.0,99.0,4.580944225816877,164.0,165.0,159,-39.0,-8.0,-0.25
07:31:24,164.0,27.0,165.0,27.0,162.0,18.0,256.0,36.0,1.0,45.0,63.0,0.9919929435465149,164.0,165.0,108,-18.0,-51.0,-0.17
07:31:25,162.48,29.0,230.89,44.0,160.07,182.0,311.57,51.0,68.41,211.0,95.0,14.112906504332946,162.48,230.89,306,116.0,173.5,0.38
07:31:26,160.03,155.0,208.92,26.0,159.57,28.0,209.95,38.0,48.889999999999986,183.0,64.0,14.742860984220174,160.03,208.92000000000002,247,119.0,-59.0,0.48
07:31:27,160.09,101.0,204.05,43.0,159.6,35.0,205.44,43.0,43.96000000000001,136.0,86.0,13.882385601907188,160.09,204.04999999999998,222,50.0,-25.0,0.23
07:31:28,161.08,25.0,197.66,50.0,159.94,67.0,198.97,37.0,36.579999999999984,92.0,87.0,11.544278669541836,161.08,197.66,179,5.0,-43.0,0.03
07:31:29,160.0,52.0,193.11,38.0,159.0,13.0,194.58,43.0,33.110000000000014,65.0,81.0,7.770451724323209,160.0,193.11,146,-16.0,-33.0,-0.11
07:31:30,160.0,56.0,189.51,41.0,159.0,14.0,190.38,40.0,29.50999999999999,70.0,81.0,3.9521234798572964,160.0,189.51,151,-11.0,5.0,-0.07
07:31:31,159.0,12.0,184.07,29.0,158.0,88.0,186.29,34.0,25.069999999999993,100.0,63.0,4.073055364224796,159.0,184.07,163,37.0,12.0,0.23
07:31:32,160.08,61.0,180.84,57.0,156.14,125.0,181.88,73.0,20.75999999999999,186.0,130.0,3.644301030381731,160.08,180.84000000000003,316,56.0,153.0,0.18
07:31:33,162.0,54.0,177.2,40.0,154.0,39.0,178.41,46.0,15.199999999999989,93.0,86.0,2.9576426423829805,162.0,177.2,179,7.0,-137.0,0.04
07:31:34,164.0,68.0,174.2,45.0,160.57,46.0,175.6,45.0,10.199999999999989,114.0,90.0,2.2494221480288763,164.0,174.2,204,24.0,25.0,0.12
07:31:35,163.54,79.0,165.96,25.0,161.72,75.0,173.08,36.0,2.420000000000016,154.0,61.0,2.5945269318401207,163.54,165.96,215,93.0,11.0,0.43
07:31:36,162.0,38.0,163.88,34.0,161.0,56.0,164.55,22.0,1.8799999999999955,94.0,56.0,3.3167453927071895,162.0,163.88,150,38.0,-65.0,0.25
07:31:37,161.25,32.0,162.76,17.0,160.56,36.0,174.19,27.0,1.509999999999991,68.0,44.0,3.496576897487744,161.25,162.76,112,24.0,-38.0,0.21
07:31:38,160.11,18.0,166.0,6.0,145.8,20.0,453.67,6.0,5.889999999999986,38.0,12.0,2.8216962983364313,160.11,166.0,50,26.0,-62.0,0.52
07:31:39,159.0,10.0,166.0,5.0,156.0,25.0,577.0,13.0,7.0,35.0,18.0,1.0351666532718555,159.0,166.0,53,17.0,3.0,0.32
07:31:40,161.39,33.0,166.0,10.0,160.45,40.0,232.0,10.0,4.610000000000014,73.0,20.0,0.6329454953202013,161.39,166.0,93,53.0,40.0,0.57
07:31:41,161.88,34.0,166.0,7.0,160.92,26.0,337.0,7.0,4.1200000000000045,60.0,14.0,0.8059900744091453,161.88,166.0,74,46.0,-19.0,0.62
07:31:42,161.0,24.0,229.5,6.0,160.0,12.0,432.83,6.0,68.5,36.0,12.0,14.299555937162653,161.0,229.5,48,24.0,-26.0,0.5
07:31:43,161.67,15.0,164.88,17.0,160.8,20.0,216.2,10.0,3.210000000000008,35.0,27.0,14.275502442998063,161.67,164.88,62,8.0,14.0,0.13
07:31:44,161.0,7.0,164.0,7.0,159.54,61.0,165.0,21.0,3.0,68.0,28.0,14.275502442998063,161.0,164.0,96,40.0,34.0,0.42
07:31:45,161.0,10.0,164.25,12.0,160.0,100.0,217.5,32.0,3.25,110.0,44.0,14.39724036057062,161.0,164.25,154,66.0,58.0,0.43
07:31:46,162.4,15.0,165.0,26.0,160.12,34.0,502.87,31.0,2.5999999999999943,49.0,57.0,14.42085885098539,162.4,165.0,106,-8.0,-48.0,-0.08
07:31:47,163.8,15.0,165.0,40.0,161.0,5.0,487.6,5.0,1.1999999999999886,20.0,45.0,0.7863332627109216,163.8,165.0,65,-25.0,-41.0,-0.38
07:31:48,161.67,27.0,165.0,26.0,146.0,8.0,533.47,19.0,3.3300000000000125,35.0,45.0,0.7862569554831296,161.66999999999996,165.0,80,-10.0,15.0,-0.12
07:31:49,156.85,68.0,165.0,27.0,111.72,40.0,491.0,42.0,8.150000000000006,108.0,69.0,1.3217526243763211,156.85,165.0,177,39.0,97.0,0.22
07:31:50,156.04,25.0,165.0,15.0,141.0,16.0,497.87,23.0,8.960000000000008,41.0,38.0,1.7389163292251288,156.04,165.0,79,3.0,-98.0,0.04
07:31:51,155.57,42.0,165.0,21.0,112.29,14.0,172.0,21.0,9.430000000000007,56.0,42.0,1.8528437602901067,155.57,165.0,98,14.0,19.0,0.14
07:31:52,155.0,42.0,165.0,21.0,109.35,17.0,454.0,24.0,10.0,59.0,45.0,1.3385925444459015,155.0,165.0,104,14.0,6.0,0.13
07:31:53,155.0,36.0,161.25,24.0,102.0,12.0,435.21,24.0,6.25,48.0,48.0,1.0897109708754469,155.0,161.25,96,0.0,-8.0,0.0
07:31:54,155.0,60.0,162.62,52.0,102.0,20.0,163.47,34.0,7.6200000000000045,80.0,86.0,1.0348284882270917,155.0,162.62,166,-6.0,70.0,-0.04
07:31:55,155.0,66.0,159.3,37.0,103.78,23.0,160.5,42.0,4.300000000000011,89.0,79.0,1.305538203212164,155.0,159.3,168,10.0,2.0,0.06
07:31:56,155.0,24.0,159.0,8.0,84.5,8.0,161.0,12.0,4.0,32.0,20.0,1.2409391604935933,155.0,159.0,52,12.0,-116.0,0.23
07:31:57,155.0,30.0,157.6,10.0,17.0,10.0,160.4,15.0,2.5999999999999943,40.0,25.0,0.9887011682235813,155.0,157.6,65,15.0,13.0,0.23
07:31:58,155.23,44.0,178.23,26.0,79.18,22.0,265.45,29.0,23.0,66.0,55.0,4.310031322397348,155.23,178.23,121,11.0,56.0,0.09
07:31:59,155.94,31.0,200.6,20.0,64.62,13.0,304.92,25.0,44.66,44.0,45.0,9.515222015278741,155.94,200.6,89,-1.0,-32.0,-0.01
07:32:00,160.08,24.0,196.29,14.0,139.94,32.0,200.16,19.0,36.20999999999998,56.0,33.0,10.795023390435242,160.08,196.29,89,23.0,0.0,0.26
07:32:01,163.7,20.0,190.48,31.0,159.95,19.0,196.33,15.0,26.78,39.0,46.0,9.68663150945893,163.7,190.48,85,-7.0,-4.0,-0.08
07:32:02,165.56,32.0,188.61,23.0,163.73,33.0,191.14,28.0,23.05000000000001,65.0,51.0,4.919869916983712,165.56,188.61000000000004,116,14.0,31.0,0.12
07:32:03,161.82,38.0,185.75,16.0,158.05,64.0,186.92,26.0,23.930000000000007,102.0,42.0,1.8248479388817174,161.82,185.75,144,60.0,28.0,0.42
07:32:04,160.02,57.0,183.58,12.0,99.82,57.0,184.83,12.0,23.560000000000002,114.0,24.0,2.685529742907566,160.02,183.58,138,90.0,-6.0,0.65
07:32:05,160.0,45.0,179.32,25.0,93.77,47.0,180.0,19.0,19.319999999999993,92.0,44.0,3.2692858547459007,160.0,179.32,136,48.0,-2.0,0.35
07:32:06,160.75,48.0,176.37,27.0,148.26,47.0,178.0,29.0,15.620000000000005,95.0,56.0,3.4010027933011258,160.75,176.37,151,39.0,15.0,0.26
07:32:07,162.09,44.0,172.28,18.0,160.0,55.0,173.07,40.0,10.189999999999998,99.0,58.0,2.620969286360024,162.09,172.28,157,41.0,6.0,0.26
07:32:08,163.71,21.0,168.57,35.0,161.9,40.0,170.04,25.0,4.859999999999985,61.0,60.0,2.20284361679239,163.71,168.57,121,1.0,-36.0,0.01
07:32:09,166.5,8.0,168.0,40.0,165.2,20.0,169.0,32.0,1.5,28.0,72.0,1.3666455283076,166.5,168.0,100,-44.0,-21.0,-0.44
07:32:10,165.05,57.0,168.6,53.0,160.43,60.0,169.29,28.0,3.549999999999983,117.0,81.0,0.8821394447836978,165.05,168.6,198,36.0,98.0,0.18
07:32:11,163.83,60.0,166.36,56.0,154.21,58.0,211.62,47.0,2.530000000000001,118.0,103.0,0.8976914837757151,163.83,166.35999999999999,221,15.0,23.0,0.07
07:32:12,160.0,16.0,165.12,32.0,96.32,22.0,542.0,32.0,5.1200000000000045,38.0,64.0,1.871878735400245,160.0,165.12,102,-26.0,-119.0,-0.25
07:32:13,160.7,20.0,197.0,25.0,91.04,25.0,425.52,25.0,36.30000000000001,45.0,50.0,6.276700566383826,160.7,197.0,95,-5.0,-7.0,-0.05
07:32:14,159.0,4.0,232.0,2.0,114.5,6.0,254.0,4.0,73.0,10.0,6.0,13.665612682936757,159.0,232.0,16,4.0,-79.0,0.25
07:32:15,159.0,6.0,232.0,3.0,151.0,9.0,254.0,6.0,73.0,15.0,9.0,15.864631101921049,159.0,232.0,24,6.0,8.0,0.25
07:32:16,159.0,16.0,345.79,19.0,125.62,24.0,507.33,21.0,186.79000000000002,40.0,40.0,33.86768444993008,159.0,345.79,80,0.0,56.0,0.0
07:32:17,159.0,22.0,315.81,16.0,114.27,33.0,404.22,37.0,156.81,55.0,53.0,31.30662150408492,159.0,315.81,108,2.0,28.0,0.02
07:32:18,139.78,37.0,183.74,27.0,83.53,17.0,191.78,27.0,43.96000000000001,54.0,54.0,36.34813296443207,139.78,183.74,108,0.0,0.0,0.0
07:32:19,161.07,28.0,189.57,21.0,106.68,19.0,190.5,12.0,28.5,47.0,33.0,39.16534603447331,161.07,189.57,80,14.0,-28.0,0.17
07:32:20,163.0,24.0,185.94,32.0,145.68,22.0,186.79,28.0,22.939999999999998,46.0,60.0,41.43379236806637,163.0,185.94,106,-14.0,26.0,-0.13
07:32:21,164.77,22.0,181.94,16.0,160.18,38.0,183.31,26.0,17.169999999999987,60.0,42.0,30.106237393603987,164.77,181.94,102,18.0,-4.0,0.18
07:32:22,167.5,14.0,178.47,17.0,164.4,55.0,182.4,25.0,10.969999999999999,69.0,42.0,5.566161154695638,167.5,178.47,111,27.0,9.0,0.24
07:32:28,148.0,27.0,156.0,36.0,129.67,9.0,161.0,18.0,8.0,36.0,54.0,18.15533199916908,148.0,156.0,90,-18.0,-39.0,-0.2
07:32:29,148.38,32.0,155.8,41.0,144.46,37.0,157.67,24.0,7.420000000000016,69.0,65.0,20.984756372187203,148.38,155.8,134,4.0,44.0,0.03
07:32:30,149.38,26.0,259.06,16.0,121.71,14.0,371.86,28.0,109.68,40.0,44.0,32.993041993730245,149.38,259.06,84,-4.0,-50.0,-0.05
07:32:31,150.0,42.0,290.84,32.0,41.23,53.0,392.03,35.0,140.83999999999997,95.0,67.0,38.163348909654715,150.0,290.84,162,28.0,78.0,0.17
07:32:32,151.35,46.0,237.0,29.0,137.0,36.0,341.25,12.0,85.65,82.0,41.0,31.141852064385024,151.35,237.0,123,41.0,-39.0,0.33
07:32:33,152.7,70.0,203.79,24.0,151.0,30.0,256.13,23.0,51.09,100.0,47.0,26.077096272400446,152.7,203.79,147,53.0,24.0,0.36
07:32:34,154.25,36.0,169.0,20.0,152.86,44.0,239.8,10.0,14.75,80.0,30.0,22.767257849816723,154.25,169.0,110,50.0,-37.0,0.45
07:32:35,167.0,24.0,246.8,15.0,156.92,39.0,322.0,9.0,79.80000000000001,63.0,24.0,23.162751779528293,167.0,246.8,87,39.0,-23.0,0.45
07:32:48,168.0,48.0,193.09,33.0,167.0,156.0,194.33,27.0,25.090000000000003,204.0,60.0,2.8017084073889493,168.0,193.09,264,144.0,103.0,0.55
07:32:49,168.0,46.0,190.07,42.0,167.0,182.0,192.0,28.0,22.069999999999993,228.0,70.0,2.8308532282748105,168.0,190.07,298,158.0,34.0,0.53
07:32:50,168.0,27.0,188.0,27.0,167.0,117.0,192.0,18.0,20.0,144.0,45.0,2.6647007336723423,168.0,188.0,189,99.0,-109.0,0.52
07:32:51,167.04,138.0,187.54,37.0,165.57,92.0,190.93,28.0,20.5,230.0,65.0,2.0992546296325987,167.04,187.54,295,165.0,106.0,0.56
07:32:52,167.0,102.0,185.8,20.0,165.0,60.0,187.0,30.0,18.80000000000001,162.0,50.0,1.606278307154115,167.0,185.8,212,112.0,-83.0,0.53
07:32:53,167.0,81.0,168.72,25.0,165.0,54.0,170.32,31.0,1.7199999999999989,135.0,56.0,4.497990662510747,167.0,168.72,191,79.0,-21.0,0.41
07:32:54,165.55,40.0,168.0,14.0,162.77,47.0,180.74,23.0,2.4499999999999886,87.0,37.0,5.470793361116281,165.55,168.0,124,50.0,-67.0,0.4
07:32:55,165.0,26.0,166.75,16.0,162.12,24.0,185.62,16.0,1.75,50.0,32.0,5.533572083205764,165.0,166.75,82,18.0,-42.0,0.22
07:32:56,162.2,44.0,166.2,30.0,161.67,18.0,235.48,31.0,4.0,62.0,61.0,4.763179610305967,162.2,166.2,123,1.0,41.0,0.01
07:32:57,164.12,17.0,166.0,12.0,161.94,16.0,367.0,16.0,1.8799999999999955,33.0,28.0,1.4314607923498095,164.12,166.0,61,5.0,-62.0,0.08
07:32:58,165.57,21.0,288.26,23.0,162.86,21.0,694.63,19.0,122.69,42.0,42.0,27.493470497556935,165.57,288.26,84,0.0,23.0,0.0
07:32:59,166.88,32.0,256.61,31.0,165.0,16.0,613.4,25.0,89.73000000000002,48.0,56.0,30.218553903190546,166.88,256.61,104,-8.0,20.0,-0.08
07:33:00,167.69,39.0,267.83,41.0,166.22,27.0,458.39,38.0,100.13999999999999,66.0,79.0,30.163565439119278,167.69,267.83,145,-13.0,41.0,-0.09
07:33:01,164.0,15.0,326.44,36.0,162.5,36.0,329.0,18.0,162.44,51.0,54.0,29.806901885302146,164.0,326.44,105,-3.0,-40.0,-0.03
07:33:02,164.94,119.0,301.14,59.0,163.69,72.0,316.08,39.0,136.2,191.0,98.0,13.102300561352827,164.94,301.14,289,93.0,173.5,0.32
07:33:03,165.0,90.0,309.08,24.0,163.0,24.0,325.93,30.0,144.07999999999998,114.0,54.0,13.859011508763036,165.0,309.08,168,60.0,-121.0,0.36
07:33:04,165.6,82.0,276.33,24.0,164.38,26.0,293.24,34.0,110.72999999999999,108.0,58.0,11.38597734057231,165.6,276.33,166,50.0,-2.0,0.3
07:33:05,168.0,70.0,274.42,38.0,166.0,24.0,280.14,21.0,106.42000000000002,94.0,59.0,10.465019350198348,168.0,274.42,153,35.0,-13.0,0.23
07:33:06,168.56,25.0,271.71,21.0,167.0,20.0,272.74,38.0,103.14999999999998,45.0,59.0,7.951034523885981,168.56,271.71,104,-14.0,-49.0,-0.13
07:33:13,167.0,32.0,190.21,42.0,165.0,153.0,200.82,39.0,23.210000000000008,185.0,81.0,6.367791610914454,167.0,190.21,266,104.0,143.0,0.39
07:33:14,167.0,14.0,171.94,47.0,165.0,168.0,174.35,40.0,4.939999999999998,182.0,87.0,8.878651361554462,167.0,171.94,269,95.0,3.0,0.35
07:33:15,165.04,147.0,169.53,51.0,164.17,60.0,171.29,42.0,4.490000000000009,207.0,93.0,9.870914344681204,165.04,169.53,300,114.0,31.0,0.38
07:33:16,165.0,132.0,169.12,33.0,162.64,28.0,170.93,41.0,4.1200000000000045,160.0,74.0,8.88243941718904,165.0,169.12,234,86.0,-66.0,0.37
07:33:17,164.66,71.0,166.51,39.0,162.82,44.0,196.19,52.0,1.8499999999999943,115.0,91.0,5.2217027874089315,164.66,166.51,206,24.0,-28.0,0.12
07:33:18,163.0,21.0,166.0,28.0,162.0,196.0,395.61,31.0,3.0,217.0,59.0,1.8834197620378206,163.0,166.0,276,158.0,70.0,0.57
07:33:19,163.14,28.0,165.78,36.0,162.01,227.0,415.22,27.0,2.640000000000015,255.0,63.0,1.354197179156251,163.14000000000001,165.78,318,192.0,42.0,0.6
07:33:20,163.77,52.0,165.0,56.0,162.21,142.0,243.0,28.0,1.2299999999999898,194.0,84.0,1.1534383382022864,163.77,165.0,278,110.0,-40.0,0.4
07:33:21,162.01,255.0,313.62,21.0,161.44,61.0,684.0,42.0,151.61,316.0,63.0,32.68950137276543,162.01,313.62,379,253.0,101.0,0.67
07:33:22,162.0,48.0,442.0,11.0,161.0,44.0,497.0,33.0,280.0,92.0,44.0,62.06158489758402,162.0,442.0,136,48.0,-174.5,0.35
07:33:23,165.66,41.0,264.41,29.0,161.24,42.0,286.17,41.0,98.75000000000003,83.0,70.0,57.426674986455794,165.66,264.41,153,13.0,17.0,0.08
07:33:24,163.19,32.0,226.57,28.0,161.51,49.0,278.36,28.0,63.379999999999995,81.0,56.0,51.84322019319427,163.19,226.57,137,25.0,-16.0,0.18
07:33:25,166.67,24.0,210.36,11.0,164.82,127.0,223.0,21.0,43.690000000000026,151.0,32.0,45.81318936725564,166.67,210.36,183,119.0,46.0,0.65
07:33:27,168.0,7.0,178.4,15.0,165.0,168.0,184.64,11.0,10.400000000000006,175.0,26.0,15.312838404424957,168.0,178.4,201,149.0,68.0,0.74
07:33:28,168.0,6.0,174.83,6.0,165.0,144.0,177.0,6.0,6.8300000000000125,150.0,12.0,10.143050823102184,168.0,174.83,162,138.0,-39.0,0.85
07:33:29,168.0,12.0,173.83,12.0,165.0,288.0,177.0,12.0,5.8300000000000125,300.0,24.0,8.566604928443647,168.0,173.83,324,276.0,162.0,0.85
07:33:30,165.02,199.0,171.9,10.0,163.41,51.0,174.5,10.0,6.8799999999999955,250.0,20.0,6.9837740513303945,165.02,171.9,270,230.0,-54.0,0.85
07:33:31,165.0,193.0,170.1,10.0,162.07,29.0,171.5,10.0,5.099999999999994,222.0,20.0,2.2910914429669798,165.0,170.1,242,202.0,-28.0,0.83
07:33:32,165.0,171.0,167.33,9.0,162.16,25.0,168.89,9.0,2.3300000000000125,196.0,18.0,2.2304551105182258,165.0,167.33,214,178.0,-28.0,0.83
07:33:33,165.0,305.0,352.7,33.0,162.82,49.0,517.42,31.0,187.7,354.0,64.0,40.543345323246754,165.0,352.7,418,290.0,173.5,0.69
07:33:34,165.0,124.0,219.0,16.0,163.0,16.0,220.0,20.0,54.0,140.0,36.0,39.617954641803934,165.0,219.0,176,104.0,-174.5,0.59
07:33:35,165.09,335.0,217.38,52.0,164.38,130.0,220.0,65.0,52.28999999999999,465.0,117.0,37.69781253600841,165.09,217.38,582,348.0,173.5,0.6
07:33:36,166.0,105.0,215.24,74.0,165.0,450.0,217.25,61.0,49.24000000000001,555.0,135.0,34.7716210436044,166.0,215.24,690,420.0,108.0,0.61
07:33:37,167.43,77.0,211.02,60.0,165.0,450.0,212.71,49.0,43.59,527.0,109.0,30.463371120085032,167.43,211.02,636,418.0,-54.0,0.66
07:33:40,165.63,143.0,200.89,19.0,164.82,176.0,202.6,25.0,35.25999999999999,319.0,44.0,2.8298091808520085,165.63,200.89,363,275.0,-168.0,0.76
07:33:41,165.05,274.0,195.12,41.0,164.65,204.0,197.69,32.0,30.069999999999993,478.0,73.0,4.03669790794837,165.05,195.12,551,405.0,173.5,0.74
07:33:42,166.67,18.0,194.08,64.0,165.06,250.0,195.38,39.0,27.410000000000025,268.0,103.0,4.142732190238118,166.67,194.08,371,165.0,-174.5,0.44
07:33:43,165.0,192.0,191.31,16.0,163.0,32.0,192.63,38.0,26.310000000000002,224.0,54.0,3.726825727081365,165.0,191.31,278,170.0,-93.0,0.61
07:33:44,165.0,312.0,188.47,55.0,163.73,30.0,189.6,35.0,23.47,342.0,90.0,2.4700668007233877,165.0,188.47,432,252.0,154.0,0.58
07:33:45,165.0,360.0,187.43,47.0,163.07,56.0,188.17,64.0,22.430000000000007,416.0,111.0,1.8913830918235837,165.0,187.43,527,305.0,95.0,0.58
07:33:46,165.0,282.0,181.95,58.0,163.0,52.0,182.29,41.0,16.94999999999999,334.0,99.0,2.5423709406843784,165.0,181.95,433,235.0,-94.0,0.54
07:33:47,165.0,92.0,179.79,19.0,163.0,28.0,181.25,32.0,14.789999999999992,120.0,51.0,2.3902991444663715,165.0,179.79,171,69.0,-174.5,0.4
07:33:48,165.3,128.0,175.68,59.0,164.15,104.0,176.95,65.0,10.379999999999995,232.0,124.0,2.621392759591148,165.3,175.68,356,108.0,173.5,0.3
07:33:49,165.21,87.0,171.24,51.0,164.67,27.0,171.81,26.0,6.030000000000001,114.0,77.0,3.0200960249696083,165.21,171.24,191,37.0,-165.0,0.19
07:33:50,165.0,111.0,167.64,33.0,164.0,14.0,168.62,68.0,2.6399999999999864,125.0,101.0,2.9387701509368904,165.0,167.64,226,24.0,35.0,0.11
07:33:51,163.08,24.0,391.8,51.0,162.35,23.0,471.8,44.0,228.72,47.0,95.0,48.39135428979058,163.08,391.8,142,-48.0,-84.0,-0.34
07:33:52,163.43,42.0,337.5,50.0,162.2,10.0,430.2,50.0,174.07,52.0,100.0,53.24809649179986,163.43,337.5,152,-48.0,10.0,-0.32
07:33:53,166.99,73.0,207.86,21.0,166.53,55.0,271.06,33.0,40.870000000000005,128.0,54.0,50.863858681779426,166.99,207.86,182,74.0,30.0,0.41
07:34:01,167.0,147.0,405.0,7.0,166.0,21.0,692.43,7.0,238.0,168.0,14.0,40.9320226717423,167.0,405.0,182,154.0,-61.0,0.85
07:34:02,167.04,170.0,310.0,9.0,166.0,27.0,733.0,33.0,142.96,197.0,42.0,38.194655123459675,167.04,310.0,239,155.0,57.0,0.65
07:34:03,168.0,27.0,310.0,6.0,166.57,14.0,568.0,6.0,142.0,41.0,12.0,32.10354622156286,168.0,310.0,53,29.0,-174.5,0.55
07:34:07,167.0,7.0,445.5,12.0,163.0,7.0,561.89,19.0,278.5,14.0,31.0,84.42107361316846,167.0,445.5,45,-17.0,-2.0,-0.38
07:34:08,167.0,7.0,401.0,21.0,164.29,7.0,644.82,22.0,234.0,14.0,43.0,74.30284429279949,167.0,401.0,57,-29.0,12.0,-0.51
07:34:10,162.12,33.0,378.93,28.0,161.44,9.0,602.26,35.0,216.81,42.0,63.0,25.898457096900785,162.12,378.93,105,-21.0,33.0,-0.2
07:34:11,162.0,19.0,445.25,32.0,161.0,10.0,619.53,38.0,283.25,29.0,70.0,22.24509429065228,162.0,445.25,99,-41.0,-6.0,-0.41
07:34:12,160.2,50.0,239.7,20.0,158.37,51.0,515.07,28.0,79.5,101.0,48.0,48.44600520166766,160.2,239.7,149,53.0,50.0,0.36
07:34:13,168.0,12.0,420.32,31.0,160.3,88.0,564.34,29.0,252.32,100.0,60.0,49.00617410082132,168.0,420.32,160,40.0,11.0,0.25
07:34:14,164.07,61.0,307.48,21.0,162.24,41.0,382.5,28.0,143.41000000000003,102.0,49.0,42.92477058762235,164.07,307.48,151,53.0,-9.0,0.35
07:34:15,164.0,52.0,304.26,23.0,162.0,33.0,387.5,22.0,140.26,85.0,45.0,43.93859044166083,164.0,304.26,130,40.0,-21.0,0.31
07:34:16,164.0,48.0,195.75,20.0,162.0,36.0,247.56,34.0,31.75,84.0,54.0,43.51553136524945,164.0,195.75,138,30.0,8.0,0.22
07:34:17,162.14,29.0,175.0,12.0,160.38,63.0,176.0,60.0,12.860000000000014,92.0,72.0,50.426715835953544,162.14,175.0,164,20.0,26.0,0.12
07:34:18,163.15,27.0,173.37,43.0,160.95,19.0,175.65,23.0,10.219999999999999,46.0,66.0,34.671956535505835,163.15,173.37,112,-20.0,-52.0,-0.18
07:34:19,168.11,9.0,170.21,29.0,160.89,9.0,172.6,25.0,2.0999999999999943,18.0,54.0,28.44314240726585,168.11,170.21,72,-36.0,-40.0,-0.5
07:34:20,142.13,23.0,169.33,45.0,126.82,17.0,171.0,9.0,27.200000000000017,40.0,54.0,8.557356484335815,142.13,169.33,94,-14.0,22.0,-0.15
07:34:21,147.12,104.0,157.68,37.0,110.11,117.0,163.05,74.0,10.560000000000002,221.0,111.0,8.08851222413638,147.12,157.68,332,110.0,173.5,0.33
07:34:23,154.0,63.0,370.55,62.0,125.61,57.0,524.78,45.0,216.55,120.0,107.0,51.03216505303301,154.0,370.55,227,13.0,69.0,0.06
07:34:24,153.78,32.0,194.85,26.0,137.12,33.0,514.74,35.0,41.06999999999999,65.0,61.0,50.95637074988763,153.78,194.84999999999997,126,4.0,-101.0,0.03
07:34:25,153.32,41.0,202.83,24.0,137.56,41.0,205.0,24.0,49.51000000000002,82.0,48.0,49.78250566212999,153.32,202.83,130,34.0,4.0,0.26
07:34:26,148.0,13.0,202.0,10.0,133.91,11.0,205.0,10.0,54.0,24.0,20.0,47.66247234460257,148.0,202.0,44,4.0,-86.0,0.09
07:34:27,147.6,30.0,154.52,29.0,129.0,20.0,165.82,22.0,6.920000000000016,50.0,51.0,42.823227692456875,147.6,154.52,101,-1.0,57.0,-0.01
07:34:29,129.0,30.0,155.67,18.0,103.97,62.0,158.56,36.0,26.669999999999987,92.0,54.0,16.197953574449006,129.0,155.67,146,38.0,4.0,0.26
07:34:30,135.94,17.0,157.0,18.0,124.38,26.0,159.0,36.0,21.060000000000002,43.0,54.0,12.805146231105885,135.94,157.0,97,-11.0,-49.0,-0.11
07:34:32,155.0,18.0,156.87,23.0,152.0,36.0,158.73,37.0,1.8700000000000045,54.0,60.0,6.186398790896476,155.0,156.87,114,-6.0,-63.0,-0.05
07:34:33,153.2,20.0,156.55,22.0,136.57,28.0,182.88,32.0,3.3500000000000227,48.0,54.0,7.133595166534569,153.2,156.55,102,-6.0,-12.0,-0.06
07:34:34,152.0,12.0,159.0,6.0,116.0,12.0,436.33,6.0,7.0,24.0,12.0,6.953155398810339,152.0,159.0,36,12.0,-66.0,0.33
07:34:35,154.0,43.0,159.0,13.0,119.51,37.0,306.24,29.0,5.0,80.0,42.0,6.9039358340011665,154.0,159.0,122,38.0,86.0,0.31
07:34:36,158.37,19.0,268.76,25.0,114.38,40.0,427.09,34.0,110.38999999999999,59.0,59.0,25.882646116655184,158.37,268.76,118,0.0,-4.0,0.0
07:34:37,160.89,9.0,388.0,8.0,159.83,12.0,412.0,12.0,227.11,21.0,20.0,52.97891259737223,160.89,388.0,41,1.0,-77.0,0.02
07:34:38,165.5,30.0,256.1,20.0,162.96,25.0,661.43,28.0,90.60000000000002,55.0,48.0,49.22143638700527,165.5,256.1,103,7.0,62.0,0.07
07:34:39,165.09,22.0,275.5,16.0,164.06,16.0,305.89,19.0,110.41,38.0,35.0,41.84224898353346,165.09,275.5,73,3.0,-30.0,0.04
07:34:40,164.12,17.0,273.38,16.0,161.14,28.0,289.08,13.0,109.25999999999999,45.0,29.0,26.48091388151108,164.12,273.38,74,16.0,1.0,0.22
07:34:41,160.13,31.0,272.37,19.0,152.44,16.0,273.36,11.0,112.24000000000001,47.0,30.0,26.150383744794386,160.13,272.37,77,17.0,3.0,0.22
07:34:42,160.0,15.0,269.2,10.0,148.2,5.0,451.67,9.0,109.19999999999999,20.0,19.0,3.7086722691559784,160.0,269.2,39,1.0,-38.0,0.03
07:34:43,161.91,44.0,267.8,20.0,153.29,14.0,504.0,25.0,105.89000000000001,58.0,45.0,2.494243372248699,161.91,267.8,103,13.0,64.0,0.13
07:34:44,163.0,63.0,266.56,18.0,160.0,18.0,477.74,23.0,103.56,81.0,41.0,1.7519503417638786,163.0,266.56,122,40.0,19.0,0.33
07:34:45,164.05,87.0,265.0,18.0,162.15,39.0,266.0,18.0,100.94999999999999,126.0,36.0,0.7113016237902006,164.05,265.0,162,90.0,40.0,0.56
07:34:46,166.23,170.0,263.46,26.0,163.43,49.0,265.08,26.0,97.22999999999999,219.0,52.0,0.1514925740971339,166.23,263.46,271,167.0,109.0,0.62
07:34:47,168.0,195.0,244.71,35.0,166.0,15.0,252.25,61.0,76.71000000000001,210.0,96.0,3.754579869973008,168.0,244.71,306,114.0,35.0,0.37
07:34:56,165.0,40.0,172.9,50.0,163.0,80.0,289.5,30.0,7.900000000000006,120.0,80.0,2.4043460649432546,165.0,172.9,200,40.0,89.0,0.2
07:34:57,165.0,20.0,171.0,25.0,163.08,26.0,360.4,15.0,6.0,46.0,40.0,2.108051232775949,165.0,171.0,86,6.0,-114.0,0.07
07:34:58,164.0,7.0,171.0,35.0,163.0,56.0,328.29,21.0,7.0,63.0,56.0,2.1093174251421294,164.0,171.0,119,7.0,33.0,0.06
07:34:59,164.0,5.0,170.24,21.0,163.0,40.0,180.91,23.0,6.240000000000009,45.0,44.0,1.8107788379612342,164.0,170.24,89,1.0,-30.0,0.01
07:35:00,164.0,12.0,168.02,49.0,163.0,96.0,169.58,59.0,4.02000000000001,108.0,108.0,1.0857854300036642,164.0,168.02000000000004,216,0.0,127.0,0.0
07:35:01,163.03,30.0,165.92,39.0,162.1,80.0,168.14,42.0,2.8899999999999864,110.0,81.0,1.4036096323437828,163.03,165.92,191,29.0,-25.0,0.15
07:35:02,163.0,10.0,164.11,44.0,162.0,120.0,166.0,40.0,1.1100000000000136,130.0,84.0,1.6892838719434353,163.0,164.11,214,46.0,23.0,0.21
07:35:03,162.05,101.0,164.95,38.0,161.62,69.0,179.1,40.0,2.8999999999999773,170.0,78.0,1.5879798487412078,162.05,164.95,248,92.0,34.0,0.37
07:35:04,161.96,92.0,163.4,25.0,158.77,13.0,170.73,22.0,1.4399999999999977,105.0,47.0,1.2694408217825934,161.96,163.4,152,58.0,-96.0,0.38
07:35:05,160.0,11.0,161.36,22.0,139.36,55.0,163.0,11.0,1.3600000000000136,66.0,33.0,1.4349912891749428,160.0,161.36,99,33.0,-53.0,0.33
07:35:06,160.0,10.0,161.75,12.0,130.5,90.0,215.44,18.0,1.75,100.0,30.0,1.3968536072215707,160.0,161.75,130,70.0,31.0,0.54
07:35:07,160.78,27.0,312.75,16.0,106.95,57.0,453.11,18.0,151.97,84.0,34.0,33.48401409628197,160.78,312.75,118,50.0,-12.0,0.42
07:35:10,166.0,8.0,208.0,24.0,165.0,8.0,437.62,16.0,42.0,16.0,40.0,75.77453846774665,166.0,208.0,56,-24.0,-51.0,-0.43
07:35:11,166.4,10.0,310.12,26.0,165.0,10.0,400.18,22.0,143.72,20.0,48.0,60.24886488557289,166.4,310.12,68,-28.0,12.0,-0.41
07:35:12,167.94,87.0,383.68,41.0,165.75,16.0,505.29,34.0,215.74,103.0,75.0,58.687340372520026,167.94,383.68,178,28.0,110.0,0.16
07:35:16,164.6,90.0,346.25,12.0,163.5,24.0,402.33,24.0,181.65,114.0,36.0,26.663663851766813,164.6,346.25,150,78.0,87.0,0.52
07:35:17,163.42,57.0,300.45,11.0,162.8,60.0,311.38,13.0,137.03,117.0,24.0,23.59364702626566,163.42,300.45,141,93.0,-9.0,0.66
07:35:18,163.0,61.0,298.43,7.0,162.0,21.0,301.0,14.0,135.43,82.0,21.0,14.848544373103223,163.0,298.43,103,61.0,-38.0,0.59
07:35:19,163.0,87.0,293.58,19.0,162.0,33.0,297.62,13.0,130.57999999999998,120.0,32.0,14.931599043639444,163.0,293.58,152,88.0,49.0,0.58
07:35:20,163.42,110.0,288.71,14.0,162.67,72.0,290.81,26.0,125.28999999999999,182.0,40.0,11.92278155465467,163.42,288.71,222,142.0,70.0,0.64
07:35:21,164.0,48.0,263.7,20.0,163.0,96.0,281.85,13.0,99.69999999999999,144.0,33.0,7.248987515509493,164.0,263.7,177,111.0,-45.0,0.63
07:35:22,165.97,71.0,250.39,72.0,164.81,89.0,264.44,27.0,84.41999999999999,160.0,99.0,9.845379627013468,165.97,250.39,259,61.0,82.0,0.24
07:35:23,166.0,84.0,183.15,33.0,165.0,48.0,226.9,30.0,17.150000000000006,132.0,63.0,21.594513886633575,166.0,183.15,195,69.0,-64.0,0.35
07:35:24,166.0,42.0,173.67,30.0,165.0,24.0,175.0,6.0,7.6699999999999875,66.0,36.0,24.91768990095208,166.0,173.67,102,30.0,-93.0,0.29
07:35:25,166.0,91.0,170.13,31.0,165.0,52.0,170.97,40.0,4.1299999999999955,143.0,71.0,22.233161043810412,166.0,170.13,214,72.0,112.0,0.34
07:35:26,166.0,29.0,169.43,14.0,165.0,56.0,209.7,44.0,3.430000000000007,85.0,58.0,17.273009870894196,166.0,169.43,143,27.0,-71.0,0.19
07:35:27,165.69,26.0,180.38,29.0,164.95,42.0,241.7,33.0,14.689999999999998,68.0,62.0,3.04880796377989,165.69,180.38,130,6.0,-13.0,0.05
07:35:28,165.0,53.0,220.0,48.0,163.16,86.0,222.0,36.0,55.0,139.0,84.0,10.430104026327248,165.0,220.0,223,55.0,93.0,0.25
07:35:29,165.0,50.0,209.5,32.0,164.0,73.0,254.0,34.0,44.5,123.0,66.0,11.453024491373796,165.0,209.5,189,57.0,-34.0,0.3
07:35:30,166.7,27.0,184.0,24.0,164.89,62.0,218.0,48.0,17.30000000000001,89.0,72.0,10.325650100599383,166.7,184.0,161,17.0,-28.0,0.11
07:35:31,165.09,67.0,205.41,49.0,164.05,96.0,294.73,44.0,40.31999999999999,163.0,93.0,8.224668382373132,165.09,205.41,256,70.0,95.0,0.27
07:35:32,165.06,35.0,196.2,30.0,164.17,59.0,248.4,30.0,31.139999999999986,94.0,60.0,6.5261458763966,165.06,196.2,154,34.0,-102.0,0.22
07:35:33,165.0,11.0,215.64,44.0,164.0,77.0,244.88,32.0,50.639999999999986,88.0,76.0,5.872793202557731,165.0,215.64,164,12.0,10.0,0.07
07:35:34,165.0,5.0,214.0,20.0,164.0,35.0,236.0,15.0,49.0,40.0,35.0,6.279207752575822,165.0,214.0,75,5.0,-89.0,0.07
07:35:35,165.0,10.0,211.29,34.0,164.0,70.0,227.64,33.0,46.28999999999999,80.0,67.0,3.936044969256371,165.0,211.29,147,13.0,72.0,0.09
07:35:36,164.29,82.0,199.07,56.0,163.2,158.0,299.05,40.0,34.78,240.0,96.0,4.555724969750516,164.29,199.07,336,144.0,173.5,0.43
07:35:37,165.0,147.0,198.33,60.0,164.0,30.0,357.47,45.0,33.33000000000001,177.0,105.0,4.260214783318837,165.0,198.33,282,72.0,-54.0,0.26
07:35:38,165.0,99.0,197.55,44.0,164.0,22.0,302.0,33.0,32.55000000000001,121.0,77.0,4.022005718544948,165.0,197.55,198,44.0,-84.0,0.22
07:35:39,165.0,81.0,197.0,36.0,164.0,18.0,439.33,27.0,32.0,99.0,63.0,3.0300214520706215,165.0,197.0,162,36.0,-36.0,0.22
07:35:40,165.0,80.0,195.2,40.0,164.0,20.0,532.29,28.0,30.19999999999999,100.0,68.0,0.6500999923150086,165.0,195.2,168,32.0,6.0,0.19
07:35:41,165.05,20.0,193.24,34.0,163.15,137.0,323.83,41.0,28.189999999999998,157.0,75.0,1.0159872046477323,165.05,193.24,232,82.0,64.0,0.35
07:35:42,164.0,13.0,190.0,13.0,163.0,202.0,191.0,52.0,26.0,215.0,65.0,1.726157582611679,164.0,190.0,280,150.0,48.0,0.54
07:35:43,164.6,10.0,187.36,25.0,163.1,62.0,189.04,25.0,22.76000000000002,72.0,50.0,2.104537954043029,164.6,187.36,122,22.0,-158.0,0.18
07:35:44,164.0,16.0,181.96,54.0,163.0,224.0,183.27,41.0,17.960000000000008,240.0,95.0,2.8009998214936207,164.0,181.96,335,145.0,173.5,0.43
07:35:45,164.0,30.0,175.74,39.0,163.0,210.0,176.61,46.0,11.740000000000009,240.0,85.0,3.6227448157449404,164.0,175.74,325,155.0,-10.0,0.48
07:35:46,163.84,69.0,172.54,26.0,162.6,103.0,173.41,34.0,8.699999999999989,172.0,60.0,3.795448590088716,163.84,172.54,232,112.0,-93.0,0.48
07:35:47,162.78,94.0,168.0,20.0,161.97,91.0,168.82,22.0,5.219999999999999,185.0,42.0,4.1238416555447355,162.78,168.0,227,143.0,-5.0,0.63
07:35:48,162.36,77.0,164.74,19.0,161.88,56.0,166.3,23.0,2.3799999999999955,133.0,42.0,3.7063432113075345,162.36,164.74,175,91.0,-52.0,0.52
07:35:49,162.15,39.0,269.43,37.0,161.23,13.0,287.25,32.0,107.28,52.0,69.0,22.06714118321643,162.15,269.43,121,-17.0,-54.0,-0.14
07:35:50,162.83,12.0,341.86,14.0,161.71,7.0,588.59,29.0,179.03,19.0,43.0,39.64512176800583,162.83,341.86,62,-24.0,-59.0,-0.39
07:35:51,163.0,72.0,251.0,18.0,162.0,9.0,548.8,41.0,88.0,81.0,59.0,37.28931455524506,163.0,251.0,140,22.0,78.0,0.16
07:35:52,163.0,86.0,202.29,35.0,162.0,10.0,401.61,33.0,39.28999999999999,96.0,68.0,33.82981273965335,163.0,202.29,164,28.0,24.0,0.17
07:35:53,165.0,183.0,201.09,55.0,163.0,88.0,424.0,46.0,36.09,271.0,101.0,28.697129298938822,165.0,201.09,372,170.0,173.5,0.46
07:35:54,165.0,117.0,200.86,29.0,163.0,72.0,276.0,40.0,35.860000000000014,189.0,69.0,30.236051825594082,165.0,200.86,258,120.0,-114.0,0.47
07:35:55,165.0,182.0,198.77,22.0,163.0,112.0,200.94,62.0,33.77000000000001,294.0,84.0,10.909045329450617,165.0,198.77,378,210.0,120.0,0.56
07:35:56,165.06,158.0,192.5,60.0,163.24,109.0,195.55,42.0,27.439999999999998,267.0,102.0,1.7788114009098706,165.06,192.5,369,165.0,-9.0,0.45
07:35:58,165.12,160.0,187.0,75.0,163.58,135.0,199.0,15.0,21.879999999999995,295.0,90.0,2.743944241417185,165.12,187.0,385,205.0,173.5,0.53
07:35:59,167.34,92.0,185.14,78.0,165.28,226.0,188.1,30.0,17.799999999999983,318.0,108.0,2.3782409465834764,167.34,185.14,426,210.0,41.0,0.49
07:36:00,168.07,89.0,180.45,55.0,167.28,71.0,183.0,11.0,12.379999999999995,160.0,66.0,1.9537655949489048,168.07,180.45,226,94.0,-174.5,0.42
07:36:01,168.0,88.0,178.93,43.0,167.0,55.0,180.39,23.0,10.930000000000007,143.0,66.0,2.068615479011475,168.0,178.93,209,77.0,-17.0,0.37
07:36:02,168.0,64.0,177.62,8.0,167.0,40.0,179.0,40.0,9.620000000000005,104.0,48.0,1.534004563228452,168.0,177.62,152,56.0,-57.0,0.37
07:36:03,167.0,60.0,175.58,24.0,165.0,264.0,178.81,48.0,8.580000000000013,324.0,72.0,1.8290243300748086,167.0,175.58,396,252.0,173.5,0.64
07:36:04,165.15,203.0,174.1,48.0,163.96,138.0,175.04,24.0,8.949999999999989,341.0,72.0,1.8452154345781437,165.15000000000003,174.1,413,269.0,17.0,0.65
07:36:05,165.34,61.0,172.03,34.0,164.6,111.0,172.46,26.0,6.689999999999998,172.0,60.0,2.03197440928897,165.34,172.03,232,112.0,-174.5,0.48
07:36:06,168.0,15.0,169.4,47.0,165.22,63.0,171.53,19.0,1.4000000000000057,78.0,66.0,1.7925066248148518,168.0,169.4,144,12.0,-88.0,0.08
07:36:07,165.0,91.0,168.86,35.0,163.0,77.0,171.0,7.0,3.8600000000000136,168.0,42.0,1.5890626167665471,165.0,168.86,210,126.0,66.0,0.6
07:36:08,165.0,18.0,167.75,20.0,163.0,158.0,168.32,28.0,2.75,176.0,48.0,1.357435081322426,165.0,167.75,224,128.0,14.0,0.57
07:36:09,163.01,287.0,165.09,64.0,162.43,49.0,257.92,50.0,2.0800000000000125,336.0,114.0,1.9251883024796914,163.01,165.09,450,222.0,173.5,0.49
07:36:10,163.0,112.0,164.71,35.0,162.0,14.0,268.86,28.0,1.710000000000008,126.0,63.0,2.0420651311857037,163.0,164.71,189,63.0,-174.5,0.33
07:36:11,164.01,76.0,191.2,50.0,163.39,56.0,432.0,44.0,27.189999999999998,132.0,94.0,5.669870368888934,164.01,191.2,226,38.0,37.0,0.17
07:36:12,167.0,18.0,419.0,24.0,165.0,18.0,0.0,0.0,252.0,36.0,24.0,56.19767922254447,167.0,419.0,60,12.0,-166.0,0.2
07:36:16,163.0,44.0,400.75,12.0,162.0,8.0,671.0,16.0,237.75,52.0,28.0,57.63986641205916,163.0,400.75,80,24.0,-2.0,0.3
07:36:17,163.0,44.0,210.17,35.0,162.0,18.0,661.57,28.0,47.16999999999999,62.0,63.0,91.07163235607464,163.0,210.17,125,-1.0,45.0,-0.01
07:36:19,163.18,66.0,278.77,47.0,162.23,26.0,471.07,40.0,115.58999999999997,92.0,87.0,94.85131032305257,163.18,278.77,179,5.0,-10.0,0.03
07:36:20,166.0,20.0,198.89,35.0,163.62,39.0,237.91,33.0,32.889999999999986,59.0,68.0,73.390866393578,166.0,198.89,127,-9.0,-52.0,-0.07
07:36:21,163.67,54.0,195.8,40.0,162.32,69.0,198.09,43.0,32.130000000000024,123.0,83.0,74.94785133677958,163.66999999999996,195.8,206,40.0,79.0,0.19
07:36:22,163.0,70.0,193.2,30.0,162.0,100.0,223.41,32.0,30.19999999999999,170.0,62.0,76.12570085063264,163.0,193.2,232,108.0,26.0,0.47
07:36:23,163.12,64.0,188.6,30.0,162.15,94.0,190.2,30.0,25.47999999999999,158.0,60.0,18.90790178734825,163.12,188.6,218,98.0,-14.0,0.45
07:36:24,163.0,84.0,185.0,36.0,162.0,120.0,186.0,36.0,22.0,204.0,72.0,3.289860179400585,163.0,185.0,276,132.0,58.0,0.48
07:36:25,163.6,30.0,179.92,36.0,162.68,93.0,181.33,36.0,16.319999999999993,123.0,72.0,3.172522655554294,163.6,179.92,195,51.0,-81.0,0.26
07:36:26,165.0,11.0,174.91,33.0,163.74,27.0,176.36,33.0,9.909999999999997,38.0,66.0,3.2275346628665362,165.0,174.91,104,-28.0,-91.0,-0.27
07:36:27,165.98,49.0,171.92,39.0,164.9,20.0,173.15,39.0,5.939999999999998,69.0,78.0,2.8464065064577047,165.98,171.92,147,-9.0,43.0,-0.06
07:36:28,165.93,56.0,168.84,44.0,164.87,30.0,169.86,44.0,2.9099999999999966,86.0,88.0,2.5609900429334798,165.93,168.84,174,-2.0,27.0,-0.01
07:36:29,165.0,12.0,166.4,15.0,164.0,12.0,168.0,18.0,1.4000000000000057,24.0,33.0,2.3302081452102406,165.0,166.4,57,-9.0,-117.0,-0.16
07:36:30,163.8,25.0,166.21,28.0,162.83,60.0,167.52,25.0,2.4099999999999966,85.0,53.0,2.092097034079433,163.8,166.21,138,32.0,81.0,0.23
07:36:31,163.06,64.0,165.0,36.0,162.14,140.0,185.33,48.0,1.9399999999999977,204.0,84.0,1.9576082345566002,163.06,165.0,288,120.0,150.0,0.42
07:36:32,162.1,84.0,164.81,16.0,161.28,144.0,342.51,45.0,2.710000000000008,228.0,61.0,1.5356529555871836,162.1,164.81,289,167.0,1.0,0.58
07:36:33,162.0,76.0,163.0,8.0,161.0,104.0,320.0,32.0,1.0,180.0,40.0,1.2617725627082965,162.0,163.0,220,140.0,-69.0,0.64
07:36:34,162.88,32.0,310.76,34.0,161.37,76.0,347.75,32.0,147.88,108.0,66.0,32.69170644062507,162.88,310.76,174,42.0,-46.0,0.24
07:36:35,162.8,44.0,224.21,33.0,161.35,60.0,347.84,38.0,61.41,104.0,71.0,32.26274089410272,162.8,224.21,175,33.0,1.0,0.19
07:36:36,161.83,23.0,181.0,24.0,160.89,54.0,384.25,32.0,19.169999999999987,77.0,56.0,31.270859118355038,161.83,181.0,133,21.0,-42.0,0.16
07:36:37,161.0,88.0,384.03,33.0,159.0,30.0,526.59,37.0,223.02999999999997,118.0,70.0,46.39676281811064,161.0,384.03,188,48.0,55.0,0.26
07:36:40,165.0,16.0,333.0,40.0,161.0,11.0,517.8,20.0,168.0,27.0,60.0,70.55055315162339,165.0,333.0,87,-33.0,-4.0,-0.38
07:36:41,164.0,30.0,314.92,48.0,161.26,27.0,319.24,49.0,150.92000000000002,57.0,97.0,48.89580810253618,164.0,314.92,154,-40.0,67.0,-0.26
07:36:42,162.97,37.0,256.85,54.0,161.58,64.0,288.15,40.0,93.88000000000002,101.0,94.0,60.56024413755312,162.97,256.85,195,7.0,41.0,0.04
07:36:43,164.58,24.0,179.0,48.0,162.0,60.0,192.24,42.0,14.419999999999987,84.0,90.0,61.90413984540956,164.58,179.0,174,-6.0,-21.0,-0.03
07:36:44,166.0,16.0,176.25,32.0,162.0,40.0,179.0,32.0,10.25,56.0,64.0,36.55595204614441,166.0,176.25,120,-8.0,-54.0,-0.07
07:36:45,166.0,20.0,174.8,40.0,162.0,50.0,179.0,40.0,8.800000000000011,70.0,80.0,31.155905218754327,166.0,174.8,150,-10.0,30.0,-0.07
07:36:46,166.6,30.0,171.44,36.0,162.67,36.0,226.11,36.0,4.840000000000003,66.0,72.0,17.617771425466866,166.6,171.44,138,-6.0,-12.0,-0.04
07:36:47,167.64,84.0,169.31,58.0,166.0,28.0,176.99,67.0,1.670000000000016,112.0,125.0,1.3926665070983766,167.64,169.31,237,-13.0,99.0,-0.05
07:36:48,168.0,32.0,169.74,47.0,166.0,20.0,320.28,43.0,1.740000000000009,52.0,90.0,1.1260195380158189,168.0,169.74,142,-38.0,-95.0,-0.27
07:36:49,162.83,29.0,169.22,45.0,150.52,33.0,305.0,36.0,6.389999999999986,62.0,81.0,1.5930536714100165,162.83,169.22,143,-19.0,1.0,-0.13
07:36:50,166.77,39.0,169.0,65.0,162.77,43.0,288.38,52.0,2.2299999999999898,82.0,117.0,1.2194178939119806,166.77,169.0,199,-35.0,56.0,-0.18
07:36:51,162.56,25.0,180.87,53.0,148.69,48.0,372.83,48.0,18.310000000000002,73.0,101.0,2.0575397930521278,162.56,180.87,174,-28.0,-25.0,-0.16
07:36:52,160.77,26.0,442.17,42.0,150.89,36.0,505.64,50.0,281.4,62.0,92.0,59.44791039220812,160.77,442.16999999999996,154,-30.0,-20.0,-0.19
07:36:53,160.15,52.0,383.83,46.0,154.82,34.0,436.23,52.0,223.67999999999998,86.0,98.0,65.60290946291953,160.15000000000003,383.83,184,-12.0,30.0,-0.07
07:36:54,160.0,54.0,365.11,27.0,158.0,18.0,495.56,36.0,205.11,72.0,63.0,61.35291085189052,160.0,365.11000000000007,135,9.0,-49.0,0.07
07:36:55,160.29,62.0,206.0,37.0,158.71,34.0,227.74,39.0,45.71000000000001,96.0,76.0,57.42317981442709,160.29,206.0,172,20.0,37.0,0.12
07:36:56,160.0,28.0,186.42,43.0,158.0,20.0,189.62,32.0,26.419999999999987,48.0,75.0,56.991421108795194,160.0,186.42,123,-27.0,-49.0,-0.22
07:36:57,160.0,11.0,184.31,39.0,158.0,27.0,185.12,33.0,24.310000000000002,38.0,72.0,50.1952439978133,160.0,184.31,110,-34.0,-13.0,-0.31
07:36:58,166.71,34.0,181.0,34.0,162.96,23.0,182.12,43.0,14.289999999999992,57.0,77.0,39.14301955649311,166.71,181.0,134,-20.0,24.0,-0.15
07:37:01,166.45,33.0,170.43,37.0,163.8,15.0,172.15,33.0,3.980000000000018,48.0,70.0,2.1997090716709597,166.45,170.43,118,-22.0,-13.0,-0.19
07:37:02,163.5,12.0,165.91,43.0,162.0,18.0,170.35,40.0,2.4099999999999966,30.0,83.0,4.021214990520993,163.5,165.91,113,-53.0,-5.0,-0.47
07:37:03,162.0,18.0,164.64,39.0,160.0,18.0,222.59,27.0,2.6399999999999864,36.0,66.0,4.677331504179447,162.0,164.64,102,-30.0,-11.0,-0.29
07:37:04,160.0,20.0,204.39,28.0,66.11,54.0,310.15,27.0,44.389999999999986,74.0,55.0,7.639986910982937,160.0,204.39000000000001,129,19.0,27.0,0.15
07:37:05,161.0,12.0,265.33,18.0,160.0,12.0,307.75,16.0,104.32999999999998,24.0,34.0,20.84277524707292,161.0,265.33,58,-10.0,-71.0,-0.17
07:37:06,164.86,35.0,277.45,33.0,163.24,25.0,369.21,29.0,112.58999999999997,60.0,62.0,26.993547377104825,164.86,277.45,122,-2.0,64.0,-0.02
07:37:07,166.9,10.0,267.4,30.0,165.0,64.0,669.0,20.0,100.49999999999997,74.0,50.0,25.376068450412298,166.9,267.4,124,24.0,2.0,0.19
07:37:08,165.0,44.0,205.53,34.0,148.46,26.0,516.39,23.0,40.53,70.0,57.0,18.558555170056028,165.0,205.53,127,13.0,3.0,0.1
07:37:09,165.0,44.0,251.98,47.0,160.0,22.0,288.36,39.0,86.97999999999999,66.0,86.0,14.10242993246259,165.0,251.98,152,-20.0,25.0,-0.13
07:37:10,164.0,25.0,186.3,40.0,134.95,40.0,188.0,50.0,22.30000000000001,65.0,90.0,20.238215583395977,164.0,186.3,155,-25.0,3.0,-0.16
07:37:11,160.3,23.0,161.1,39.0,113.17,41.0,178.7,23.0,0.799999999999983,64.0,62.0,23.33650680800374,160.3,161.1,126,2.0,-29.0,0.02
07:37:12,161.0,99.0,169.6,15.0,148.38,16.0,199.28,39.0,8.599999999999994,115.0,54.0,19.014785036912684,161.0,169.6,169,61.0,43.0,0.36
07:37:13,161.0,13.0,183.65,23.0,126.0,54.0,353.78,27.0,22.650000000000006,67.0,50.0,18.825483526326675,161.0,183.65,117,17.0,-52.0,0.15
07:37:14,147.89,36.0,179.64,33.0,144.57,46.0,355.69,26.0,31.75,82.0,59.0,6.060228543544529,147.89,179.64,141,23.0,24.0,0.16
07:37:15,145.0,42.0,158.0,21.0,87.43,42.0,176.76,21.0,13.0,84.0,42.0,7.583845989996714,145.0,158.0,126,42.0,-15.0,0.33
07:37:18,139.85,54.0,230.0,19.0,129.52,66.0,402.03,61.0,90.15,120.0,80.0,19.33522743595186,139.85,230.0,200,40.0,28.0,0.2
07:37:19,152.34,47.0,370.38,52.0,151.04,50.0,425.32,47.0,218.04,97.0,99.0,51.72196264644253,152.34,370.38,196,-2.0,-4.0,-0.01
07:37:20,156.56,39.0,258.93,28.0,155.06,51.0,409.64,55.0,102.37,90.0,83.0,51.40505977041561,156.56,258.93,173,7.0,-23.0,0.04
07:37:21,159.33,36.0,359.49,68.0,158.32,38.0,436.95,61.0,200.16,74.0,129.0,51.565150344006696,159.33,359.49,203,-55.0,30.0,-0.27
07:37:22,162.0,34.0,281.38,34.0,160.92,24.0,340.88,50.0,119.38,58.0,84.0,33.164956203800756,162.0,281.38,142,-26.0,-61.0,-0.18
07:37:23,165.38,32.0,191.79,56.0,162.59,41.0,308.24,33.0,26.409999999999997,73.0,89.0,35.236912038372786,165.38,191.79,162,-16.0,20.0,-0.1
07:37:24,167.32,22.0,337.0,36.0,164.69,29.0,484.5,36.0,169.68,51.0,72.0,33.087743501182125,167.32,337.0,123,-21.0,-39.0,-0.17
07:37:26,167.62,13.0,440.44,55.0,165.0,75.0,517.33,39.0,272.82,88.0,94.0,57.38902482182491,167.62,440.44,182,-6.0,104.0,-0.03
07:37:27,166.04,23.0,276.0,11.0,164.0,45.0,400.0,45.0,109.96000000000001,68.0,56.0,57.48590148897411,166.04,276.0,124,12.0,-58.0,0.1
07:37:29,129.65,17.0,154.0,36.0,114.04,26.0,155.0,10.0,24.349999999999994,43.0,46.0,89.03637475773606,129.65,154.0,89,-3.0,-36.0,-0.03
07:37:30,135.67,9.0,154.0,12.0,134.95,21.0,155.0,6.0,18.330000000000013,30.0,18.0,75.20455538064165,135.67,154.0,48,12.0,-41.0,0.25
07:37:31,152.08,26.0,298.39,18.0,135.14,42.0,436.09,32.0,146.30999999999997,68.0,50.0,47.888716311882796,152.08,298.39,118,18.0,70.0,0.15
07:37:32,161.79,47.0,351.38,32.0,157.08,59.0,418.6,10.0,189.59,106.0,42.0,58.55166667141075,161.79,351.38,148,64.0,30.0,0.43
07:37:33,163.17,24.0,272.5,12.0,161.0,42.0,274.0,24.0,109.33000000000001,66.0,36.0,51.34882345292834,163.17,272.5,102,30.0,-46.0,0.29
07:37:34,164.0,6.0,257.8,10.0,161.0,42.0,273.6,20.0,93.80000000000001,48.0,30.0,40.94242823770974,164.0,257.8,78,18.0,-24.0,0.23
07:37:35,164.88,8.0,270.0,16.0,161.0,56.0,382.03,38.0,105.12,64.0,54.0,18.048169713298396,164.88,270.0,118,10.0,40.0,0.08
07:37:36,163.05,41.0,255.9,21.0,161.25,64.0,258.81,42.0,92.85,105.0,63.0,19.448166494557263,163.05,255.90000000000003,168,42.0,50.0,0.25
07:37:37,163.0,24.0,247.38,16.0,161.0,56.0,390.71,24.0,84.38,80.0,40.0,5.417053627204941,163.0,247.38,120,40.0,-48.0,0.33
07:37:38,163.06,35.0,249.5,16.0,161.25,56.0,294.77,31.0,86.44,91.0,47.0,4.829795026707952,163.06,249.5,138,44.0,18.0,0.32
07:37:39,165.0,7.0,249.0,14.0,163.0,45.0,375.22,18.0,84.0,52.0,32.0,4.933256530934958,165.0,249.0,84,20.0,-54.0,0.24
07:37:40,165.43,14.0,247.64,22.0,163.12,51.0,465.0,22.0,82.20999999999998,65.0,44.0,1.5899465399853003,165.43,247.64,109,21.0,25.0,0.19
07:37:41,163.71,42.0,242.88,33.0,161.33,61.0,292.02,42.0,79.16999999999999,103.0,75.0,1.477108662221771,163.71,242.88,178,28.0,69.0,0.16
07:37:42,163.0,48.0,237.34,35.0,161.3,30.0,238.92,36.0,74.34,78.0,71.0,2.8985565373147595,163.0,237.34,149,7.0,-29.0,0.05
07:37:43,161.5,32.0,233.65,20.0,160.16,61.0,235.35,31.0,72.15,93.0,51.0,4.062256761950104,161.5,233.65,144,42.0,-5.0,0.29
07:37:44,161.0,108.0,224.67,51.0,160.0,252.0,226.27,48.0,63.66999999999999,360.0,99.0,5.264066868876948,161.0,224.67,459,261.0,173.5,0.57
07:37:45,161.0,78.0,219.38,45.0,160.0,182.0,222.0,48.0,58.379999999999995,260.0,93.0,5.330386477546113,161.0,219.38,353,167.0,-106.0,0.47
07:37:46,161.0,44.0,214.56,32.0,160.0,168.0,215.28,36.0,53.56,212.0,68.0,5.1225208637940165,161.0,214.56,280,144.0,-73.0,0.51
07:37:47,161.0,22.0,210.82,22.0,160.0,154.0,212.0,44.0,49.81999999999999,176.0,66.0,4.564611703091941,161.0,210.82,242,110.0,-38.0,0.45
07:37:48,162.0,48.0,208.05,40.0,160.75,96.0,209.73,33.0,46.05000000000001,144.0,73.0,3.1920557639244005,162.0,208.05,217,71.0,-25.0,0.33
07:37:49,163.39,75.0,203.08,53.0,162.43,81.0,204.39,33.0,39.690000000000026,156.0,86.0,2.6660120029741394,163.39,203.07999999999998,242,70.0,25.0,0.29
07:37:50,165.0,10.0,200.53,34.0,162.0,80.0,201.75,32.0,35.53,90.0,66.0,2.0427359104890583,165.0,200.53,156,24.0,-86.0,0.15
07:37:51,165.57,14.0,197.22,46.0,162.14,84.0,199.04,46.0,31.650000000000006,98.0,92.0,1.8088062361682173,165.57,197.22000000000003,190,6.0,34.0,0.03
07:37:52,167.0,10.0,195.12,34.0,165.0,10.0,196.2,30.0,28.120000000000005,20.0,64.0,1.5905124960215136,167.0,195.12,84,-44.0,-106.0,-0.52
07:37:53,166.48,23.0,193.83,48.0,165.83,42.0,194.56,36.0,27.350000000000023,65.0,84.0,1.258947973508104,166.48,193.83,149,-19.0,65.0,-0.13
07:37:54,166.0,44.0,185.6,40.0,165.0,11.0,187.53,34.0,19.599999999999994,55.0,74.0,2.6488261551108905,166.0,185.6,129,-19.0,-20.0,-0.15
07:37:55,165.08,52.0,180.29,63.0,163.4,45.0,183.36,66.0,15.20999999999998,97.0,129.0,3.8218477206710793,165.07999999999998,180.29,226,-32.0,97.0,-0.14
07:37:56,163.11,76.0,176.38,42.0,162.13,124.0,178.13,31.0,13.269999999999982,200.0,73.0,4.824325859640688,163.11,176.38,273,127.0,47.0,0.47
07:37:57,163.0,56.0,175.64,25.0,162.0,84.0,177.0,24.0,12.639999999999986,140.0,49.0,4.525483399593578,163.0,175.64,189,91.0,-84.0,0.48
07:37:58,163.82,55.0,174.26,31.0,162.55,88.0,175.85,39.0,10.439999999999998,143.0,70.0,2.898910140034745,163.82,174.26,213,73.0,24.0,0.34
07:37:59,166.0,39.0,171.0,48.0,164.0,65.0,172.45,31.0,5.0,104.0,79.0,1.6416698815522321,166.0,171.0,183,25.0,-30.0,0.14
07:38:00,164.81,59.0,166.43,40.0,163.42,96.0,167.56,45.0,1.6200000000000045,155.0,85.0,1.6416698815520625,164.81,166.43,240,70.0,57.0,0.29
07:38:01,164.0,61.0,165.15,39.0,162.36,132.0,166.1,42.0,1.1500000000000057,193.0,81.0,2.162526300416882,164.0,165.15,274,112.0,34.0,0.41
07:38:02,162.55,158.0,206.87,45.0,160.78,184.0,381.0,51.0,44.31999999999999,342.0,96.0,8.168782038957584,162.55,206.87,438,246.0,164.0,0.56
07:38:03,166.79,112.0,327.71,56.0,164.31,104.0,656.0,42.0,160.92,216.0,98.0,35.11961802184076,166.79,327.71,314,118.0,-124.0,0.38
07:38:04,167.86,84.0,317.12,34.0,166.6,30.0,463.0,39.0,149.26,114.0,73.0,40.93892707436296,167.86,317.12,187,41.0,-127.0,0.22
07:38:05,167.16,19.0,231.22,18.0,166.04,50.0,309.61,23.0,64.06,69.0,41.0,36.17604704773604,167.16,231.22,110,28.0,-77.0,0.25
07:38:06,166.25,40.0,206.65,23.0,165.0,60.0,248.92,25.0,40.400000000000006,100.0,48.0,30.552592688673965,166.25,206.65,148,52.0,38.0,0.35
07:38:07,164.12,17.0,207.73,22.0,162.08,158.0,260.75,24.0,43.609999999999985,175.0,46.0,30.28584487842488,164.12,207.73,221,129.0,73.0,0.58
07:38:08,164.0,30.0,208.46,35.0,162.0,285.0,209.57,46.0,44.46000000000001,315.0,81.0,24.379819113357055,164.0,208.46,396,234.0,173.5,0.59
07:38:09,164.0,51.0,205.93,43.0,162.01,271.0,206.49,41.0,41.93000000000001,322.0,84.0,5.973593558320233,164.0,205.93,406,238.0,10.0,0.59
07:38:10,165.78,45.0,201.82,22.0,163.96,52.0,206.0,44.0,36.03999999999999,97.0,66.0,1.0930827964997176,165.78,201.82,163,31.0,-174.5,0.19
07:38:11,166.0,60.0,195.47,53.0,164.0,65.0,196.46,56.0,29.47,125.0,109.0,2.2201734166508564,166.0,195.47,234,16.0,71.0,0.07
07:38:12,166.0,60.0,190.15,34.0,164.95,88.0,191.22,41.0,24.150000000000006,148.0,75.0,3.3197545089964824,166.0,190.15,223,73.0,-11.0,0.33
07:38:13,166.0,41.0,183.85,34.0,164.73,74.0,185.77,44.0,17.849999999999994,115.0,78.0,4.11880686607196,166.0,183.85,193,37.0,-30.0,0.19
07:38:14,163.54,26.0,179.52,23.0,162.05,42.0,180.27,22.0,15.980000000000018,68.0,45.0,4.802741925192357,163.54,179.52,113,23.0,-80.0,0.2
07:38:15,162.8,49.0,176.44,25.0,160.24,92.0,177.3,40.0,13.639999999999986,141.0,65.0,4.565092551087987,162.8,176.44,206,76.0,93.0,0.37
07:38:16,168.0,16.0,172.0,37.0,166.0,16.0,175.14,43.0,4.0,32.0,80.0,3.601062343253444,168.0,172.0,112,-48.0,-94.0,-0.43
07:38:17,163.54,39.0,169.85,47.0,161.15,94.0,170.74,39.0,6.310000000000002,133.0,86.0,3.0088087343659633,163.54,169.85,219,47.0,107.0,0.21
07:38:18,163.95,82.0,167.0,22.0,160.59,119.0,168.0,44.0,3.0500000000000114,201.0,66.0,2.4973646109440972,163.95,167.0,267,135.0,48.0,0.51
07:38:19,166.0,72.0,168.4,15.0,162.0,84.0,170.29,14.0,2.4000000000000057,156.0,29.0,1.9446644954838619,166.0,168.4,185,127.0,-82.0,0.69
07:38:20,166.0,54.0,167.67,9.0,162.0,63.0,205.8,15.0,1.6699999999999875,117.0,24.0,1.6723785456633857,166.0,167.67,141,93.0,-44.0,0.66
07:38:21,164.07,58.0,211.19,42.0,161.04,67.0,359.26,35.0,47.120000000000005,125.0,77.0,9.449319023082934,164.07,211.19,202,48.0,61.0,0.24
07:38:22,163.34,41.0,302.32,41.0,161.17,63.0,530.6,40.0,138.98,104.0,81.0,28.799240094141446,163.34,302.32,185,23.0,-17.0,0.12
07:38:24,167.07,14.0,181.67,36.0,166.04,28.0,550.31,42.0,14.599999999999994,42.0,78.0,63.013416666611725,167.07,181.67,120,-36.0,1.0,-0.3
07:38:29,166.04,155.0,193.85,39.0,163.64,160.0,195.37,49.0,27.810000000000002,315.0,88.0,9.410779457622139,166.04,193.85,403,227.0,169.0,0.56
07:38:30,166.01,120.0,192.12,24.0,163.44,115.0,195.0,40.0,26.110000000000014,235.0,64.0,2.8468175213736924,166.00999999999996,192.12,299,171.0,-104.0,0.57
07:38:31,166.05,168.0,189.35,46.0,163.9,175.0,191.61,66.0,23.299999999999983,343.0,112.0,2.657767860442163,166.05,189.35,455,231.0,156.0,0.51
07:38:32,166.0,105.0,186.07,29.0,164.0,112.0,188.67,27.0,20.069999999999993,217.0,56.0,2.4273916041707007,166.0,186.07,273,161.0,-174.5,0.59
07:38:33,166.0,153.0,183.56,45.0,164.0,144.0,185.14,43.0,17.560000000000002,297.0,88.0,2.122364247719415,166.0,183.56,385,209.0,112.0,0.54
07:38:34,166.0,166.0,181.57,51.0,164.0,176.0,183.4,53.0,15.569999999999993,342.0,104.0,2.142584887465833,166.0,181.57,446,238.0,61.0,0.53
07:38:35,166.0,120.0,176.54,48.0,164.0,160.0,178.53,32.0,10.539999999999992,280.0,80.0,2.4179474766826816,166.0,176.54,360,200.0,-86.0,0.56
07:38:36,166.31,52.0,173.08,64.0,165.53,204.0,175.23,48.0,6.77000000000001,256.0,112.0,2.5906659375526093,166.31,173.08,368,144.0,8.0,0.39
07:38:37,166.2,54.0,169.64,22.0,165.06,136.0,171.77,26.0,3.4399999999999977,190.0,48.0,2.832908399506508,166.2,169.64,238,142.0,-130.0,0.6
07:38:38,166.0,201.0,168.15,41.0,164.0,272.0,169.73,73.0,2.1500000000000057,473.0,114.0,2.687662553222361,166.0,168.15,587,359.0,173.5,0.61
07:38:39,166.0,66.0,167.0,50.0,164.0,160.0,195.23,26.0,1.0,226.0,76.0,1.966583331565948,166.0,167.0,302,150.0,-174.5,0.5
07:38:40,164.4,100.0,263.07,40.0,163.53,150.0,362.33,12.0,98.66999999999999,250.0,52.0,20.582539444878936,164.4,263.07,302,198.0,0.0,0.66
07:38:41,164.0,128.0,344.96,26.0,163.0,112.0,435.79,14.0,180.95999999999998,240.0,40.0,39.39899262671578,164.0,344.96,280,200.0,-22.0,0.71
07:38:42,164.0,196.0,332.24,50.0,163.0,196.0,414.64,14.0,168.24,392.0,64.0,42.369876327409926,164.0,332.24,456,328.0,173.5,0.72
07:38:43,164.0,86.0,247.0,27.0,163.0,154.0,431.36,11.0,83.0,240.0,38.0,35.58124955647308,164.0,247.0,278,202.0,-174.5,0.73
07:38:44,164.0,76.0,430.0,13.0,163.0,182.0,478.89,37.0,266.0,258.0,50.0,36.515247774046784,164.0,430.0,308,208.0,30.0,0.68
07:38:45,163.05,88.0,394.87,15.0,162.28,50.0,445.53,19.0,231.82,138.0,34.0,34.711380266420335,163.05,394.87,172,104.0,-136.0,0.6
07:38:46,163.0,70.0,365.4,5.0,162.0,30.0,383.4,5.0,202.39999999999998,100.0,10.0,34.82013900029746,163.0,365.4,110,90.0,-62.0,0.82
07:38:47,163.0,168.0,291.5,14.0,162.0,72.0,348.25,20.0,128.5,240.0,34.0,37.55715803944747,163.0,291.5,274,206.0,164.0,0.75
07:38:48,163.0,154.0,318.36,11.0,162.0,66.0,331.73,11.0,155.36,220.0,22.0,28.190676118178455,163.0,318.36,242,198.0,-32.0,0.82
07:38:50,166.07,14.0,200.56,16.0,164.0,28.0,202.86,14.0,34.49000000000001,42.0,30.0,29.77058817020611,166.07,200.56,72,12.0,-174.5,0.17
07:38:51,165.28,29.0,197.62,16.0,163.48,46.0,200.5,16.0,32.34,75.0,32.0,26.66347070431766,165.28,197.62,107,43.0,35.0,0.4
07:38:52,163.12,64.0,195.06,48.0,162.7,160.0,196.5,12.0,31.939999999999998,224.0,60.0,27.693875676762907,163.12,195.06000000000003,284,164.0,173.5,0.58
07:38:53,164.83,12.0,192.95,19.0,163.0,168.0,194.61,41.0,28.119999999999976,180.0,60.0,17.16833043717392,164.83,192.95,240,120.0,-44.0,0.5
07:38:54,163.59,61.0,188.54,35.0,162.79,159.0,189.27,22.0,24.94999999999999,220.0,57.0,2.7546106802934816,163.59,188.54,277,163.0,37.0,0.59
07:38:55,164.61,112.0,186.82,22.0,162.76,119.0,188.0,55.0,22.20999999999998,231.0,77.0,2.3748094660384824,164.60999999999999,186.82,308,154.0,31.0,0.5
07:38:56,166.0,117.0,183.54,46.0,162.86,114.0,183.32,31.0,17.539999999999992,231.0,77.0,1.962009174286711,166.0,183.54,308,154.0,0.0,0.5
07:38:57,166.0,63.0,178.17,24.0,163.0,64.0,180.67,24.0,12.169999999999987,127.0,48.0,2.4540945377031504,166.0,178.17,175,79.0,-133.0,0.45
07:38:58,166.65,31.0,175.61,23.0,164.83,82.0,177.74,34.0,8.960000000000008,113.0,57.0,2.220004504496258,166.65,175.61,170,56.0,-5.0,0.33
07:38:59,168.0,12.0,172.46,13.0,166.0,64.0,173.65,17.0,4.460000000000008,76.0,30.0,2.359020983370669,168.0,172.46,106,46.0,-64.0,0.43
07:39:00,166.62,26.0,169.08,12.0,165.25,96.0,170.82,11.0,2.460000000000008,122.0,23.0,2.5341112840564586,166.62,169.08,145,99.0,39.0,0.68
07:39:01,164.84,62.0,167.67,18.0,162.77,115.0,185.22,58.0,2.829999999999984,177.0,76.0,2.40472867491976,164.84,167.67,253,101.0,108.0,0.4
07:39:02,162.75,96.0,165.19,32.0,161.97,91.0,179.44,41.0,2.4399999999999977,187.0,73.0,2.9167927591758085,162.75,165.19,260,114.0,7.0,0.44
07:39:03,163.85,13.0,233.37,19.0,162.08,25.0,505.11,9.0,69.52000000000001,38.0,28.0,14.286718307574478,163.84999999999997,233.36999999999998,66,10.0,-174.5,0.15
07:39:04,166.0,5.0,274.2,5.0,163.0,5.0,725.2,15.0,108.19999999999999,10.0,20.0,24.95833688369457,166.0,274.2,30,-10.0,-36.0,-0.33
07:39:07,164.82,22.0,345.82,44.0,162.0,66.0,763.55,11.0,181.0,88.0,55.0,76.60237933641511,164.82,345.82,143,33.0,5.0,0.23
07:39:08,164.67,18.0,338.68,25.0,161.86,42.0,567.7,10.0,174.01000000000002,60.0,35.0,66.25700928958415,164.67,338.68,95,25.0,-48.0,0.26
07:39:17,167.0,21.0,218.14,21.0,166.0,42.0,219.86,21.0,51.139999999999986,63.0,42.0,29.68769526251596,167.0,218.14,105,21.0,-33.0,0.2
07:39:18,167.0,28.0,188.36,45.0,166.0,78.0,195.05,40.0,21.360000000000014,106.0,85.0,30.640220625837614,167.0,188.36,191,21.0,86.0,0.11
07:39:19,165.8,30.0,167.54,37.0,163.35,80.0,189.41,41.0,1.7399999999999807,110.0,78.0,23.860531636994093,165.8,167.54,188,32.0,-3.0,0.17
07:39:20,164.0,6.0,167.0,18.0,162.0,60.0,334.0,24.0,3.0,66.0,42.0,14.020254277294303,164.0,167.0,108,24.0,-80.0,0.22
07:39:21,162.91,11.0,166.14,21.0,161.8,30.0,277.57,28.0,3.2299999999999898,41.0,49.0,11.960211118537407,162.91,166.14,90,-8.0,-18.0,-0.09
07:39:22,161.27,33.0,165.44,25.0,154.75,36.0,231.74,35.0,4.1699999999999875,69.0,60.0,5.793752669900813,161.27,165.44,129,9.0,39.0,0.07
07:39:23,149.0,18.0,162.11,19.0,137.3,30.0,185.07,28.0,13.110000000000014,48.0,47.0,4.405039159869135,149.0,162.11,95,1.0,-34.0,0.01
07:39:24,138.14,21.0,161.57,14.0,113.13,23.0,307.86,28.0,23.430000000000007,44.0,42.0,6.7895986626588645,138.14,161.57,86,2.0,-9.0,0.02
07:39:26,168.0,36.0,323.21,38.0,108.62,39.0,420.96,47.0,155.20999999999998,75.0,85.0,80.46886807952504,168.0,323.21,160,-10.0,11.0,-0.06
07:39:27,168.0,15.0,216.2,20.0,164.0,20.0,310.58,19.0,48.19999999999999,35.0,39.0,77.260127685631,168.0,216.2,74,-4.0,-86.0,-0.05
07:39:28,168.0,27.0,221.51,35.0,164.97,31.0,335.26,31.0,53.50999999999999,58.0,66.0,71.37885106948703,168.0,221.51,124,-8.0,50.0,-0.06
07:39:29,167.4,30.0,178.95,38.0,165.62,39.0,505.32,38.0,11.549999999999983,69.0,76.0,65.90449658407242,167.4,178.95,145,-7.0,21.0,-0.05
07:39:30,166.0,15.0,178.0,10.0,164.0,20.0,179.0,20.0,12.0,35.0,30.0,29.891448108112755,166.0,178.0,65,5.0,-80.0,0.08
07:39:31,166.0,18.0,178.0,12.0,164.0,24.0,319.5,24.0,12.0,42.0,36.0,11.572254750047177,166.0,178.0,78,6.0,13.0,0.08
07:39:32,166.0,21.0,177.29,14.0,164.0,28.0,458.08,13.0,11.289999999999992,49.0,27.0,10.104542542836233,166.0,177.29,76,22.0,-2.0,0.29
07:39:33,166.0,24.0,175.0,10.0,164.0,32.0,176.0,14.0,9.0,56.0,24.0,0.9556777699541719,166.0,175.0,80,32.0,4.0,0.4
07:39:34,166.75,36.0,172.67,12.0,165.47,45.0,175.0,24.0,5.9199999999999875,81.0,36.0,1.0221545871267117,166.75,172.67,117,45.0,37.0,0.38
07:39:35,167.0,44.0,169.71,24.0,166.0,96.0,259.79,33.0,2.710000000000008,140.0,57.0,1.4814013635688779,167.0,169.71,197,83.0,80.0,0.42
07:39:36,167.0,20.0,168.7,20.0,166.0,96.0,363.27,26.0,1.6999999999999886,116.0,46.0,1.549854831906262,167.0,168.7,162,70.0,-35.0,0.43
07:39:37,166.03,107.0,249.53,36.0,165.03,58.0,272.2,25.0,83.5,165.0,61.0,17.329283597425135,166.03,249.53,226,104.0,64.0,0.46
07:39:38,166.12,81.0,211.25,60.0,164.86,63.0,213.0,24.0,45.129999999999995,144.0,84.0,17.57370706481675,166.12,211.25,228,60.0,2.0,0.26
07:39:39,166.0,30.0,210.0,30.0,164.0,24.0,243.86,14.0,44.0,54.0,44.0,16.651874669237476,166.0,210.0,98,10.0,-130.0,0.1
07:39:40,166.0,65.0,209.54,65.0,164.0,52.0,379.62,42.0,43.53999999999999,117.0,107.0,14.122661576345841,166.0,209.54,224,10.0,126.0,0.04
07:39:41,166.0,23.0,196.42,31.0,164.0,28.0,213.09,33.0,30.419999999999987,51.0,64.0,10.021239943240396,166.0,196.42,115,-13.0,-109.0,-0.11
07:39:42,166.92,26.0,173.0,50.0,165.43,28.0,185.38,26.0,6.0800000000000125,54.0,76.0,7.957627158895536,166.92000000000002,173.0,130,-22.0,15.0,-0.17
07:39:43,167.0,30.0,172.9,50.0,166.0,50.0,252.0,10.0,5.900000000000006,80.0,60.0,9.023672755590677,167.0,172.9,140,20.0,10.0,0.14
07:39:44,166.43,42.0,171.21,70.0,164.97,62.0,277.71,14.0,4.780000000000001,104.0,84.0,8.5038914621476,166.43,171.21,188,20.0,48.0,0.11
07:39:45,166.0,13.0,171.0,25.0,164.0,20.0,280.4,5.0,5.0,33.0,30.0,5.363391650810523,166.0,171.0,63,3.0,-125.0,0.05
07:39:46,166.0,7.0,170.86,35.0,164.54,59.0,265.0,7.0,4.860000000000014,66.0,42.0,0.7655520883533057,166.0,170.86,108,24.0,45.0,0.22
07:39:47,167.38,29.0,169.0,45.0,164.67,39.0,378.33,9.0,1.6200000000000045,68.0,54.0,0.6927264972424916,167.38,169.0,122,14.0,14.0,0.11
07:39:48,165.09,77.0,169.0,60.0,163.45,33.0,221.33,12.0,3.9099999999999966,110.0,72.0,0.680051468626779,165.09,169.0,182,38.0,60.0,0.21
07:39:49,164.0,32.0,168.5,30.0,163.0,24.0,195.0,6.0,4.5,56.0,36.0,0.992058466009478,164.0,168.5,92,20.0,-90.0,0.22
07:39:50,163.85,55.0,171.18,34.0,162.58,48.0,241.8,10.0,7.3300000000000125,103.0,44.0,0.8811469797831345,163.85,171.18,147,59.0,55.0,0.4
07:39:51,166.0,45.0,194.0,24.0,164.0,36.0,324.83,12.0,28.0,81.0,36.0,5.744464291818907,166.0,194.0,117,45.0,-30.0,0.38
07:39:52,164.12,32.0,191.26,43.0,162.95,38.0,219.0,29.0,27.139999999999986,70.0,72.0,6.587250564536293,164.12,191.26000000000002,142,-2.0,25.0,-0.01
07:39:53,165.4,120.0,186.93,70.0,162.53,68.0,188.39,62.0,21.53,188.0,132.0,6.22899911703196,165.4,186.93,320,56.0,173.5,0.17
07:39:54,163.0,78.0,183.73,63.0,161.37,71.0,184.69,49.0,20.72999999999999,149.0,112.0,4.800403108071845,163.0,183.73,261,37.0,-59.0,0.14
07:39:55,166.62,63.0,182.28,54.0,162.99,67.0,183.39,54.0,15.659999999999997,130.0,108.0,2.6288457543162815,166.62,182.28,238,22.0,-23.0,0.09
07:39:56,167.0,18.0,180.0,45.0,163.0,50.0,181.23,39.0,13.0,68.0,84.0,1.8564293684344426,167.0,180.0,152,-16.0,-86.0,-0.11
07:39:57,167.0,20.0,176.29,42.0,163.86,28.0,177.68,44.0,9.289999999999992,48.0,86.0,1.6530063520704064,167.0,176.29,134,-38.0,-18.0,-0.28
07:39:58,167.0,20.0,174.2,50.0,166.0,118.0,175.5,50.0,7.199999999999989,138.0,100.0,1.5559787916242238,167.0,174.2,238,38.0,104.0,0.16
07:39:59,166.03,67.0,170.35,26.0,163.62,63.0,171.55,29.0,4.319999999999993,130.0,55.0,2.4664407554173478,166.03,170.34999999999997,185,75.0,-53.0,0.41
07:40:00,166.0,59.0,167.12,24.0,163.0,80.0,169.57,35.0,1.1200000000000045,139.0,59.0,2.7550535384966053,166.0,167.12,198,80.0,13.0,0.4
07:40:01,165.27,41.0,291.4,40.0,162.89,121.0,377.81,31.0,126.12999999999997,162.0,71.0,26.49758347472445,165.27,291.4,233,91.0,35.0,0.39
07:40:02,167.73,59.0,211.27,37.0,165.23,91.0,234.59,46.0,43.54000000000002,150.0,83.0,26.110563571091156,167.73,211.27,233,67.0,0.0,0.29
07:40:14,168.0,50.0,171.91,22.0,166.0,66.0,173.92,52.0,3.9099999999999966,116.0,74.0,2.3380654396278815,168.0,171.91,190,42.0,-14.0,0.22
07:40:15,168.0,36.0,170.07,15.0,166.0,54.0,173.33,36.0,2.069999999999993,90.0,51.0,1.6175227973605537,168.0,170.07,141,39.0,-49.0,0.28
07:40:16,165.23,86.0,167.4,25.0,164.85,47.0,222.94,34.0,2.170000000000016,133.0,59.0,2.1244999411578993,165.23,167.4,192,74.0,51.0,0.39
07:40:17,165.33,54.0,213.67,15.0,164.82,22.0,315.14,29.0,48.339999999999975,76.0,44.0,9.335886138979152,165.33000000000004,213.67,120,32.0,-72.0,0.27
07:40:18,166.82,49.0,305.67,48.0,165.3,30.0,307.0,60.0,138.85000000000002,79.0,108.0,29.44901135861772,166.82,305.67,187,-29.0,67.0,-0.16
07:40:19,166.0,8.0,303.5,32.0,164.0,8.0,350.12,40.0,137.5,16.0,72.0,34.35539360857343,166.0,303.5,88,-56.0,-99.0,-0.64
07:40:20,164.4,15.0,283.91,44.0,162.6,47.0,341.22,49.0,119.51000000000002,62.0,93.0,30.940792976263857,164.4,283.91,155,-31.0,67.0,-0.2
07:40:21,163.0,53.0,298.96,54.0,162.0,117.0,366.35,63.0,135.95999999999998,170.0,117.0,19.368377061592728,163.0,298.96,287,53.0,132.0,0.18
07:40:22,164.86,50.0,289.95,74.0,162.56,82.0,299.18,61.0,125.08999999999997,132.0,135.0,5.024065087161884,164.86,289.95,267,-3.0,-20.0,-0.01
07:40:23,167.0,15.0,288.0,20.0,163.0,19.0,290.0,25.0,121.0,34.0,45.0,4.040597728064141,167.0,288.0,79,-11.0,-174.5,-0.14
07:40:24,167.74,47.0,178.04,50.0,163.0,39.0,194.57,28.0,10.299999999999983,86.0,78.0,24.5448554691207,167.74,178.04,164,8.0,85.0,0.05
07:40:25,168.11,27.0,177.55,44.0,165.56,54.0,246.35,46.0,9.439999999999998,81.0,90.0,30.57866658309374,168.11,177.55,171,-9.0,7.0,-0.05
07:40:26,167.88,26.0,176.2,40.0,166.64,22.0,211.0,30.0,8.319999999999993,48.0,70.0,30.05177815038574,167.88,176.2,118,-22.0,-53.0,-0.19
07:40:27,167.0,63.0,174.0,28.0,163.0,21.0,225.6,20.0,7.0,84.0,48.0,24.810013502616034,167.0,174.0,132,36.0,14.0,0.27
07:40:28,167.0,90.0,173.0,40.0,164.71,14.0,255.75,32.0,6.0,104.0,72.0,1.3348295771289076,167.0,173.0,176,32.0,44.0,0.18
07:40:29,167.0,135.0,170.45,66.0,166.0,15.0,206.95,61.0,3.4499999999999886,150.0,127.0,1.6333554420202945,167.0,170.45,277,23.0,101.0,0.08
07:40:30,167.3,67.0,179.88,43.0,166.83,42.0,217.73,44.0,12.579999999999984,109.0,87.0,1.8833932143812848,167.3,179.88,196,22.0,-81.0,0.11
07:40:32,166.0,6.0,248.8,20.0,164.0,30.0,506.5,16.0,82.80000000000001,36.0,36.0,22.83213459140416,166.0,248.8,72,0.0,-79.0,0.0
07:40:33,164.36,11.0,276.5,16.0,163.53,19.0,413.57,14.0,112.13999999999999,30.0,30.0,24.401607938822483,164.36,276.5,60,0.0,-12.0,0.0
07:40:34,164.86,77.0,353.2,40.0,163.44,27.0,569.0,26.0,188.33999999999997,104.0,66.0,30.586079676872956,164.86,353.2,170,38.0,110.0,0.22
07:40:35,164.67,49.0,350.09,44.0,163.2,30.0,538.0,24.0,185.42,79.0,68.0,24.26835037657147,164.67,350.09,147,11.0,-23.0,0.07
07:40:36,164.27,30.0,440.33,30.0,163.25,36.0,523.44,36.0,276.05999999999995,66.0,66.0,37.27615149126922,164.27,440.33,132,0.0,-15.0,0.0
07:40:37,166.0,12.0,228.18,22.0,164.0,30.0,337.67,18.0,62.18000000000001,42.0,40.0,40.333688524607446,166.0,228.18,82,2.0,-50.0,0.02
07:40:38,164.07,28.0,219.53,19.0,163.1,30.0,225.14,28.0,55.46000000000001,58.0,47.0,46.63274439704407,164.07,219.52999999999997,105,11.0,23.0,0.1
07:40:39,164.0,39.0,200.0,18.0,163.0,39.0,211.67,21.0,36.0,78.0,39.0,51.835696001886895,164.0,200.0,117,39.0,12.0,0.33
07:40:40,164.0,15.0,196.58,12.0,163.0,27.0,198.88,17.0,32.58000000000001,42.0,29.0,51.67557479119144,164.0,196.58,71,13.0,-46.0,0.18
07:40:41,165.4,43.0,190.14,28.0,162.78,37.0,191.36,28.0,24.73999999999998,80.0,56.0,8.257490538898473,165.4,190.14000000000001,136,24.0,65.0,0.18
07:40:42,163.01,113.0,186.08,13.0,162.3,46.0,187.11,18.0,23.07000000000002,159.0,31.0,6.517603087024705,163.01,186.07999999999998,190,128.0,54.0,0.67
07:40:43,164.85,27.0,182.0,27.0,163.62,112.0,183.57,30.0,17.150000000000006,139.0,57.0,3.6529891869523463,164.85,182.0,196,82.0,6.0,0.42
07:40:44,165.3,46.0,178.18,17.0,163.2,174.0,179.55,22.0,12.879999999999995,220.0,39.0,3.443345756671696,165.3,178.18,259,181.0,63.0,0.7
07:40:45,164.7,86.0,175.55,22.0,163.9,122.0,176.43,14.0,10.850000000000023,208.0,36.0,2.908582128802155,164.7,175.55,244,172.0,-15.0,0.7
07:40:46,164.47,77.0,171.25,16.0,163.4,30.0,173.0,12.0,6.780000000000001,107.0,28.0,2.653812352067414,164.47,171.25,135,79.0,-109.0,0.59
07:40:47,167.38,26.0,169.08,24.0,164.83,48.0,172.0,16.0,1.700000000000017,74.0,40.0,2.3525794354249925,167.38,169.08,114,34.0,-21.0,0.3
07:40:48,166.0,53.0,167.62,32.0,163.07,232.0,168.73,30.0,1.6200000000000045,285.0,62.0,1.9646297361038432,166.0,167.62,347,223.0,173.5,0.64
07:40:49,163.88,33.0,167.33,24.0,162.98,185.0,280.5,24.0,3.450000000000017,218.0,48.0,1.6822395786517366,163.88,167.33,266,170.0,-81.0,0.64
07:40:50,164.0,16.0,166.12,16.0,163.0,63.0,438.0,16.0,2.1200000000000045,79.0,32.0,1.3761649610353759,164.0,166.12,111,47.0,-155.0,0.42
07:40:51,163.09,43.0,165.18,11.0,162.07,148.0,288.53,30.0,2.0900000000000034,191.0,41.0,1.5905816546096703,163.09,165.18,232,150.0,121.0,0.65
07:40:52,162.63,38.0,165.0,7.0,161.95,95.0,245.57,28.0,2.3700000000000045,133.0,35.0,1.198444825588581,162.63,165.0,168,98.0,-64.0,0.58
07:40:53,162.0,137.0,163.42,12.0,161.0,60.0,280.25,48.0,1.4199999999999875,197.0,60.0,1.1261305430451845,162.0,163.42,257,137.0,89.0,0.53
07:40:54,162.0,82.0,294.88,33.0,161.0,45.0,403.8,20.0,132.88,127.0,53.0,28.860853764225197,162.0,294.88,180,74.0,-77.0,0.41
07:40:55,162.0,48.0,299.0,24.0,161.0,30.0,407.0,12.0,137.0,78.0,36.0,36.11346452502175,162.0,299.0,114,42.0,-66.0,0.37
07:40:56,162.0,42.0,336.4,20.0,161.0,30.0,371.0,20.0,174.39999999999998,72.0,40.0,40.67818309610226,162.0,336.4,112,32.0,-2.0,0.29
07:40:57,163.0,7.0,273.82,17.0,162.0,69.0,373.12,24.0,110.82,76.0,41.0,32.77089516629092,163.0,273.82,117,35.0,5.0,0.3
07:40:58,162.48,100.0,222.31,26.0,161.26,54.0,502.24,25.0,59.83000000000001,154.0,51.0,20.779912656217686,162.48,222.31,205,103.0,88.0,0.5
07:40:59,165.0,80.0,200.26,31.0,162.0,70.0,376.07,29.0,35.25999999999999,150.0,60.0,27.293990730562417,165.0,200.26,210,90.0,5.0,0.43
07:41:00,165.0,85.0,218.96,46.0,162.0,57.0,255.36,53.0,53.96000000000001,142.0,99.0,27.12907609927068,165.0,218.96,241,43.0,31.0,0.18
07:41:01,166.14,35.0,221.45,33.0,165.09,33.0,442.38,47.0,55.31,68.0,80.0,13.368551529616399,166.14,221.45,148,-12.0,-93.0,-0.08
07:41:06,166.52,46.0,172.04,26.0,165.37,76.0,172.88,24.0,5.519999999999982,122.0,50.0,11.53977772749527,166.52,172.04,172,72.0,-133.0,0.42
07:41:07,166.0,67.0,170.11,18.0,165.0,104.0,171.26,27.0,4.110000000000014,171.0,45.0,10.38660290951721,166.0,170.11,216,126.0,44.0,0.58
07:41:08,165.82,68.0,168.29,31.0,164.73,132.0,168.96,23.0,2.469999999999999,200.0,54.0,4.364697011246768,165.82,168.29,254,146.0,38.0,0.57
07:41:09,163.09,66.0,166.09,22.0,161.46,65.0,167.29,14.0,3.0,131.0,36.0,3.1266243778209337,163.09,166.09,167,95.0,-87.0,0.57
07:41:10,161.82,66.0,164.87,15.0,158.4,52.0,165.96,27.0,3.0500000000000114,118.0,42.0,2.4547667913637645,161.82,164.87,160,76.0,-7.0,0.47
07:41:11,160.21,34.0,234.44,25.0,138.32,34.0,322.3,44.0,74.22999999999999,68.0,69.0,14.238204943039259,160.21,234.44,137,-1.0,-23.0,-0.01
07:41:12,164.0,48.0,384.0,18.0,161.0,6.0,506.33,18.0,220.0,54.0,36.0,47.27326538330103,164.0,384.0,90,18.0,-47.0,0.2
07:41:13,164.0,64.0,322.8,30.0,161.67,18.0,508.88,24.0,158.8,82.0,54.0,48.99173807898656,164.0,322.8,136,28.0,46.0,0.21
07:41:14,164.0,67.0,313.88,32.0,161.93,45.0,514.0,24.0,149.88,112.0,56.0,43.270144441635914,164.0,313.88,168,56.0,32.0,0.33
07:41:15,164.0,45.0,347.25,16.0,161.0,17.0,541.55,11.0,183.25,62.0,27.0,28.359419599139414,164.0,347.25,89,35.0,-79.0,0.39
07:41:16,164.0,57.0,201.0,21.0,161.0,35.0,382.67,18.0,37.0,92.0,39.0,34.32484406373975,164.0,201.0,131,53.0,42.0,0.4
07:41:17,167.23,26.0,201.0,24.0,165.71,51.0,256.0,16.0,33.77000000000001,77.0,40.0,34.872973489509505,167.23,201.0,117,37.0,-14.0,0.32
07:41:19,165.31,39.0,294.84,31.0,163.9,98.0,377.0,45.0,129.52999999999997,137.0,76.0,31.236226244538994,165.31,294.84,213,61.0,61.0,0.29
07:41:20,165.0,33.0,343.37,35.0,164.0,88.0,379.51,39.0,178.37,121.0,74.0,30.766515077272338,165.0,343.37,195,47.0,-18.0,0.24
07:41:21,167.67,45.0,354.6,40.0,164.27,55.0,445.8,40.0,186.93000000000004,100.0,80.0,30.716638487960243,167.67,354.6,180,20.0,-15.0,0.11
07:41:23,164.0,87.0,387.0,40.0,163.0,100.0,581.7,30.0,223.0,187.0,70.0,18.543148869597648,164.0,387.0,257,117.0,97.0,0.46
07:41:24,164.04,114.0,357.31,55.0,163.09,170.0,603.65,43.0,193.27,284.0,98.0,14.321591042899728,164.04,357.31,382,186.0,125.0,0.49
07:41:26,164.0,25.0,421.86,14.0,163.0,70.0,465.0,21.0,257.86,95.0,35.0,29.567282086794513,164.0,421.86,130,60.0,-2.0,0.46
07:41:27,164.0,24.0,225.89,9.0,163.0,80.0,364.56,18.0,61.889999999999986,104.0,27.0,45.00196695701282,164.0,225.89,131,77.0,1.0,0.59
07:41:28,164.91,33.0,327.0,14.0,163.64,28.0,465.0,21.0,162.09,61.0,35.0,45.61276334536277,164.91,327.0,96,26.0,-35.0,0.27
07:41:29,167.64,33.0,356.29,14.0,163.64,28.0,471.24,17.0,188.65000000000003,61.0,31.0,45.6104300571708,167.64,356.29,92,30.0,-4.0,0.33
07:41:30,168.0,55.0,293.38,21.0,163.74,39.0,565.71,28.0,125.38,94.0,49.0,36.387417193310924,168.0,293.38,143,45.0,51.0,0.31
07:41:31,168.55,44.0,418.67,18.0,167.03,33.0,671.0,24.0,250.12,77.0,42.0,36.61055653769907,168.55,418.67,119,35.0,-24.0,0.29
07:41:32,168.08,26.0,350.43,14.0,165.18,17.0,0.0,0.0,182.35,43.0,14.0,23.323424276895288,168.07999999999998,350.43,57,29.0,-62.0,0.51
07:41:34,168.0,24.0,386.66,41.0,166.0,126.0,569.29,31.0,218.66000000000003,150.0,72.0,59.169286627439476,168.0,386.66,222,78.0,-15.0,0.35
07:41:35,168.0,12.0,364.0,30.0,166.0,84.0,461.0,18.0,196.0,96.0,48.0,52.07180503881244,168.0,364.0,144,48.0,-78.0,0.33
07:41:36,168.0,14.0,363.0,35.0,166.0,98.0,461.0,21.0,195.0,112.0,56.0,53.95809049623689,168.0,363.0,168,56.0,24.0,0.33
07:41:37,168.0,14.0,351.32,31.0,166.0,98.0,474.68,25.0,183.32,112.0,56.0,53.89810506873215,168.0,351.32,168,56.0,0.0,0.33
07:41:38,168.0,16.0,338.8,30.0,166.0,112.0,370.21,34.0,170.8,128.0,64.0,8.865947213923423,168.0,338.8,192,64.0,24.0,0.33
07:41:39,166.29,56.0,280.06,32.0,165.75,64.0,312.94,32.0,113.77000000000001,120.0,64.0,17.734880320996574,166.29,280.06,184,56.0,-8.0,0.3
07:41:40,166.0,120.0,231.13,38.0,164.0,20.0,231.62,42.0,65.13,140.0,80.0,28.354899929290262,166.0,231.13000000000002,220,60.0,36.0,0.27
07:41:41,166.0,132.0,225.23,43.0,164.0,22.0,226.5,34.0,59.22999999999999,154.0,77.0,29.862512118039533,166.0,225.23,231,77.0,11.0,0.33
07:41:42,166.0,135.0,220.6,75.0,164.0,30.0,221.33,45.0,54.599999999999994,165.0,120.0,25.660239086961965,166.0,220.6,285,45.0,54.0,0.16
07:41:43,166.0,86.0,216.61,57.0,164.0,24.0,218.17,60.0,50.610000000000014,110.0,117.0,13.016413868652293,166.0,216.61,227,-7.0,-58.0,-0.03
07:41:44,166.0,84.0,212.71,52.0,164.0,24.0,214.24,54.0,46.71000000000001,108.0,106.0,3.60859668015701,166.0,212.71,214,2.0,-13.0,0.01
07:41:45,166.0,91.0,208.69,32.0,164.0,26.0,209.76,41.0,42.69,117.0,73.0,3.2430972850099566,166.0,208.69,190,44.0,-24.0,0.23
07:41:46,166.0,79.0,203.8,30.0,164.0,24.0,204.4,45.0,37.80000000000001,103.0,75.0,3.287418440058652,166.0,203.8,178,28.0,-12.0,0.16
07:41:47,167.0,31.0,201.22,37.0,164.44,39.0,203.45,65.0,34.22,70.0,102.0,3.00862593222164,167.0,201.22,172,-32.0,-6.0,-0.19
07:41:48,168.0,52.0,196.0,38.0,167.0,13.0,197.14,36.0,28.0,65.0,74.0,2.8643707860602623,168.0,196.0,139,-9.0,-33.0,-0.06
07:41:49,168.11,36.0,191.97,36.0,167.67,24.0,192.46,52.0,23.859999999999985,60.0,88.0,2.7902007096326282,168.11,191.97,148,-28.0,9.0,-0.19
07:41:50,168.23,13.0,188.28,29.0,167.09,54.0,189.13,30.0,20.05000000000001,67.0,59.0,2.768943841978985,168.23,188.28,126,8.0,-22.0,0.06
07:41:51,168.0,11.0,184.61,28.0,167.0,105.0,185.36,47.0,16.610000000000014,116.0,75.0,3.0638293033444666,168.0,184.60999999999999,191,41.0,65.0,0.21
07:41:52,167.23,43.0,177.82,39.0,166.97,113.0,178.8,35.0,10.590000000000003,156.0,74.0,3.6359359180313944,167.23,177.82,230,82.0,39.0,0.36
07:41:53,167.0,142.0,173.97,34.0,166.0,14.0,175.11,54.0,6.969999999999999,156.0,88.0,3.9601982273655656,167.0,173.97,244,68.0,14.0,0.28
07:41:54,167.0,70.0,170.26,27.0,166.0,10.0,171.12,34.0,3.259999999999991,80.0,61.0,3.993194210156579,167.0,170.26,141,19.0,-103.0,0.13
07:41:55,166.61,75.0,167.92,39.0,165.29,21.0,173.81,59.0,1.3099999999999739,96.0,98.0,3.542990262479798,166.61,167.92,194,-2.0,53.0,-0.01
07:41:56,165.0,42.0,174.7,20.0,163.33,24.0,206.4,20.0,9.699999999999989,66.0,40.0,1.9805756738953006,165.0,174.7,106,26.0,-88.0,0.25
07:41:57,166.3,40.0,329.51,35.0,164.8,40.0,434.28,29.0,163.20999999999998,80.0,64.0,35.28425994689468,166.3,329.51,144,16.0,38.0,0.11
07:41:58,167.13,30.0,356.6,30.0,164.78,36.0,443.6,35.0,189.47000000000003,66.0,65.0,47.53782998833717,167.13,356.6,131,1.0,-13.0,0.01
07:41:59,165.0,28.0,295.0,22.0,163.0,28.0,364.38,16.0,130.0,56.0,38.0,44.21769555279943,165.0,295.0,94,18.0,-37.0,0.19
07:42:00,165.0,44.0,303.14,42.0,163.0,56.0,358.56,36.0,138.14,100.0,78.0,35.2246873655405,165.0,303.14,178,22.0,84.0,0.12
07:42:01,165.0,20.0,305.4,30.0,163.0,40.0,319.0,30.0,140.39999999999998,60.0,60.0,13.064162812827991,165.0,305.4,120,0.0,-58.0,0.0
07:42:02,165.71,21.0,300.82,22.0,163.91,22.0,449.1,10.0,135.10999999999999,43.0,32.0,12.995625033066924,165.71,300.82,75,11.0,-45.0,0.15
07:42:04,165.43,28.0,435.73,51.0,163.4,40.0,438.86,50.0,270.3,68.0,101.0,46.270624050255634,165.43,435.73,169,-33.0,54.0,-0.2
07:42:05,162.23,94.0,282.13,52.0,161.89,179.0,307.07,57.0,119.9,273.0,109.0,48.63079754641181,162.23,282.13,382,164.0,173.5,0.43
07:42:06,162.0,172.0,268.5,50.0,161.0,60.0,271.0,40.0,106.5,232.0,90.0,52.32532532149313,162.0,268.5,322,142.0,-60.0,0.44
07:42:07,162.73,126.0,194.23,39.0,161.91,131.0,248.57,42.0,31.5,257.0,81.0,63.93462700290104,162.73,194.23,338,176.0,16.0,0.52
07:42:08,163.0,116.0,198.54,48.0,162.0,170.0,219.65,43.0,35.53999999999999,286.0,91.0,49.45162555467778,163.0,198.54,377,195.0,39.0,0.52
07:42:09,163.0,135.0,204.0,55.0,162.0,187.0,440.74,47.0,41.0,322.0,102.0,20.923083663744322,163.0,204.0,424,220.0,47.0,0.52
07:42:10,163.21,103.0,203.05,62.0,162.05,161.0,434.08,65.0,39.84,264.0,127.0,15.241205004855718,163.21,203.05,391,137.0,-33.0,0.35
07:42:11,167.36,45.0,201.8,20.0,166.51,78.0,202.95,42.0,34.44,123.0,62.0,2.4517483557727915,167.36,201.8,185,61.0,-174.5,0.33
07:42:16,167.0,320.0,169.92,24.0,166.0,40.0,171.78,36.0,2.9199999999999875,360.0,60.0,4.010648326645928,167.0,169.92,420,300.0,-50.0,0.71
07:42:17,167.0,396.0,168.0,28.0,166.0,56.0,241.71,17.0,1.0,452.0,45.0,2.448146237467443,167.0,168.0,497,407.0,77.0,0.82
07:42:18,167.0,304.0,308.8,50.0,166.0,52.0,381.86,21.0,141.8,356.0,71.0,30.52524725534645,167.0,308.8,427,285.0,-70.0,0.67
07:42:19,167.08,157.0,344.0,50.0,166.7,94.0,481.7,10.0,176.92,251.0,60.0,43.13458936862675,167.08,344.0,311,191.0,-116.0,0.61
07:42:20,167.0,218.0,302.17,47.0,166.0,44.0,664.42,19.0,135.17000000000002,262.0,66.0,41.68227225092291,167.0,302.17,328,196.0,17.0,0.6
07:42:23,167.0,198.0,325.73,11.0,166.0,44.0,588.09,11.0,158.73000000000002,242.0,22.0,85.54809600452914,167.0,325.73,264,220.0,72.0,0.83
07:42:24,167.0,73.0,220.0,6.0,166.0,24.0,650.0,6.0,53.0,97.0,12.0,98.52608268879935,167.0,220.0,109,85.0,-155.0,0.78
07:42:35,167.12,64.0,169.62,32.0,166.52,93.0,174.55,22.0,2.5,157.0,54.0,8.762672537533195,167.12,169.62,211,103.0,-8.0,0.49
07:42:36,167.0,108.0,168.11,27.0,166.0,81.0,170.0,36.0,1.1100000000000136,189.0,63.0,6.350454314459362,167.0,168.11,252,126.0,41.0,0.5
07:42:37,167.0,93.0,169.05,42.0,166.0,99.0,201.85,26.0,2.0500000000000114,192.0,68.0,1.7864685835561767,167.0,169.05,260,124.0,8.0,0.48
07:42:38,167.23,44.0,181.71,28.0,166.06,67.0,361.85,26.0,14.480000000000018,111.0,54.0,2.8462378677885662,167.23,181.71,165,57.0,-95.0,0.35
07:42:39,168.0,65.0,335.76,34.0,167.0,26.0,485.64,44.0,167.76,91.0,78.0,36.90147178636708,168.0,335.76,169,13.0,4.0,0.08
07:42:40,168.0,45.0,337.0,36.0,167.0,18.0,415.33,18.0,169.0,63.0,54.0,45.09155774643474,168.0,337.0,117,9.0,-52.0,0.08
07:42:41,168.0,17.0,337.0,16.0,167.0,8.0,386.0,8.0,169.0,25.0,24.0,44.4512551003914,168.0,337.0,49,1.0,-68.0,0.02
07:42:42,166.97,58.0,341.17,35.0,165.76,79.0,392.7,20.0,174.20000000000002,137.0,55.0,35.01165848685386,166.97,341.17,192,82.0,143.0,0.43
07:42:43,166.0,68.0,384.21,14.0,165.0,84.0,419.81,27.0,218.20999999999998,152.0,41.0,10.038011257221296,166.0,384.21,193,111.0,1.0,0.58
07:42:44,166.0,62.0,301.38,24.0,165.0,70.0,353.95,22.0,135.38,132.0,46.0,14.677582566625157,166.0,301.38,178,86.0,-15.0,0.48
07:42:45,165.86,72.0,203.9,20.0,164.45,69.0,253.54,26.0,38.03999999999999,141.0,46.0,34.150201317123866,165.86,203.9,187,95.0,9.0,0.51
07:42:46,167.92,26.0,201.93,14.0,165.93,28.0,203.0,42.0,34.01000000000002,54.0,56.0,40.72780352535696,167.92000000000002,201.93,110,-2.0,-77.0,-0.02
07:42:47,166.89,18.0,198.82,22.0,165.57,28.0,200.18,34.0,31.930000000000007,46.0,56.0,41.142750515735685,166.89,198.82,102,-10.0,-8.0,-0.1
07:42:48,166.0,11.0,198.12,17.0,165.0,22.0,233.36,33.0,32.120000000000005,33.0,50.0,22.400423433499082,166.0,198.12,83,-17.0,-19.0,-0.2
07:42:49,166.0,6.0,198.17,18.0,165.0,12.0,220.0,18.0,32.16999999999999,18.0,36.0,1.4460117565384096,166.0,198.17,54,-18.0,-29.0,-0.33
07:42:50,166.0,11.0,197.64,33.0,165.0,22.0,199.0,33.0,31.639999999999986,33.0,66.0,1.279871087276701,166.0,197.64,99,-33.0,45.0,-0.33
07:42:51,165.78,18.0,194.89,44.0,164.58,48.0,196.53,47.0,29.109999999999985,66.0,91.0,0.9227513208043473,165.78,194.89,157,-25.0,58.0,-0.16
07:42:52,165.78,9.0,193.78,27.0,164.41,17.0,194.7,20.0,28.0,26.0,47.0,1.0805924301260568,165.78,193.78,73,-21.0,-84.0,-0.29
07:42:53,164.71,28.0,189.59,44.0,163.59,34.0,190.61,46.0,24.879999999999995,62.0,90.0,1.977971182814613,164.71,189.59000000000003,152,-28.0,79.0,-0.18
07:42:54,164.0,47.0,184.44,48.0,163.0,64.0,187.0,32.0,20.439999999999998,111.0,80.0,3.0009415189310005,164.0,184.43999999999997,191,31.0,39.0,0.16
07:42:55,164.0,26.0,182.26,34.0,163.0,52.0,184.58,31.0,18.25999999999999,78.0,65.0,3.221594325802469,164.0,182.26,143,13.0,-48.0,0.09
07:42:56,163.6,20.0,178.3,20.0,162.5,48.0,182.0,30.0,14.700000000000017,68.0,50.0,3.4629510536594843,163.6,178.3,118,18.0,-25.0,0.15
07:42:57,167.29,42.0,176.17,30.0,162.31,32.0,178.2,25.0,8.879999999999995,74.0,55.0,2.4286168903390637,167.29,176.17,129,19.0,11.0,0.15
07:42:58,162.93,43.0,172.62,48.0,161.98,63.0,175.29,34.0,9.689999999999998,106.0,82.0,2.4611928002574026,162.93,172.62,188,24.0,59.0,0.13
07:42:59,162.55,51.0,168.91,33.0,162.21,24.0,170.27,33.0,6.359999999999985,75.0,66.0,3.031547459638022,162.55,168.91,141,9.0,-47.0,0.06
07:43:00,164.64,44.0,167.4,30.0,163.66,41.0,168.27,33.0,2.7600000000000193,85.0,63.0,2.7730975460731164,164.64,167.4,148,22.0,7.0,0.15
07:43:01,162.54,41.0,164.94,33.0,159.83,36.0,165.89,27.0,2.4000000000000057,77.0,60.0,3.007582085336282,162.54,164.94,137,17.0,-11.0,0.12
07:43:02,162.0,98.0,163.7,30.0,93.76,70.0,164.92,36.0,1.6999999999999886,168.0,66.0,1.953261375247701,162.0,163.7,234,102.0,97.0,0.44
07:43:03,138.76,25.0,255.22,40.0,86.38,58.0,400.86,51.0,116.46000000000001,83.0,91.0,14.553021335792732,138.76,255.21999999999997,174,-8.0,-60.0,-0.05
07:43:04,148.34,29.0,399.61,41.0,94.17,41.0,534.0,10.0,251.27,70.0,51.0,47.6087379584888,148.33999999999997,399.61000000000007,121,19.0,-53.0,0.16
07:43:11,151.0,38.0,155.0,30.0,72.06,18.0,157.0,12.0,4.0,56.0,42.0,96.96816554931856,151.0,155.0,98,14.0,26.0,0.14
07:43:12,154.0,21.0,155.0,15.0,80.67,12.0,157.0,6.0,1.0,33.0,21.0,43.968621993417365,154.0,155.0,54,12.0,-44.0,0.22
07:43:13,154.0,45.0,155.0,23.0,79.12,17.0,157.0,14.0,1.0,62.0,37.0,20.759445560997445,154.0,155.0,99,25.0,45.0,0.25
07:43:16,141.33,27.0,153.0,9.0,128.24,29.0,155.25,24.0,11.669999999999987,56.0,33.0,12.952190162286035,141.33,153.0,89,23.0,20.0,0.26
07:43:17,149.0,12.0,157.0,8.0,135.0,16.0,159.0,16.0,8.0,28.0,24.0,12.636108182506943,149.0,157.0,52,4.0,-37.0,0.08
07:43:18,149.0,15.0,157.0,8.0,85.07,15.0,159.0,20.0,8.0,30.0,28.0,12.302773264594396,149.0,157.0,58,2.0,6.0,0.03
07:43:19,149.38,24.0,155.88,24.0,45.0,31.0,158.41,17.0,6.5,55.0,41.0,11.873722247047086,149.38,155.88,96,14.0,38.0,0.15
07:43:20,150.0,18.0,155.67,6.0,27.33,18.0,159.0,8.0,5.6699999999999875,36.0,14.0,2.5505548416029353,150.0,155.67,50,22.0,-46.0,0.44
07:43:21,150.36,14.0,160.8,10.0,73.5,12.0,161.8,15.0,10.439999999999998,26.0,25.0,1.2253081245242656,150.35999999999999,160.8,51,1.0,1.0,0.02
07:43:22,151.0,45.0,157.8,30.0,150.0,27.0,161.28,29.0,6.800000000000011,72.0,59.0,1.2685345876346266,151.0,157.8,131,13.0,80.0,0.1
07:43:23,151.83,30.0,155.6,20.0,150.91,34.0,160.0,16.0,3.769999999999982,64.0,36.0,1.2107435731918808,151.83,155.6,100,28.0,-31.0,0.28
07:43:24,153.17,30.0,155.0,24.0,152.0,18.0,157.0,6.0,1.8300000000000125,48.0,30.0,1.0044500983252709,153.17,155.0,78,18.0,-22.0,0.23
07:43:25,154.0,45.0,155.0,27.0,152.0,18.0,157.0,9.0,1.0,63.0,36.0,0.6984840728505444,154.0,155.0,99,27.0,21.0,0.27
07:43:38,125.41,37.0,156.69,26.0,94.39,92.0,157.33,18.0,31.28,129.0,44.0,23.01485672342961,125.41,156.69,173,85.0,-45.0,0.49
07:43:39,137.67,96.0,157.0,20.0,135.96,46.0,158.0,16.0,19.330000000000013,142.0,36.0,29.402054860162412,137.67,157.0,178,106.0,5.0,0.6
07:43:40,144.76,17.0,157.88,16.0,143.78,18.0,159.56,18.0,13.120000000000005,35.0,34.0,30.531096770342316,144.76,157.88,69,1.0,-109.0,0.01
07:43:41,150.59,29.0,158.0,22.0,150.41,58.0,160.0,22.0,7.409999999999997,87.0,44.0,25.888851461585045,150.58999999999997,158.0,131,43.0,62.0,0.33
07:43:42,155.37,35.0,161.77,35.0,155.13,38.0,217.72,29.0,6.400000000000006,73.0,64.0,6.699105910494518,155.37,161.77,137,9.0,6.0,0.07
07:43:43,159.14,65.0,162.0,24.0,158.62,21.0,186.8,30.0,2.8600000000000136,86.0,54.0,5.360501842180927,159.14,162.0,140,32.0,3.0,0.23
07:43:44,161.89,72.0,182.37,38.0,159.68,82.0,200.82,34.0,20.480000000000018,154.0,72.0,7.992282527540459,161.89,182.37,226,82.0,86.0,0.36
07:43:45,163.24,83.0,200.33,30.0,133.36,66.0,348.28,25.0,37.09,149.0,55.0,11.261776058865347,163.24,200.33,204,94.0,-22.0,0.46
07:43:46,164.03,154.0,219.2,41.0,162.49,37.0,245.26,43.0,55.16999999999999,191.0,84.0,14.027304801708635,164.03,219.19999999999996,275,107.0,71.0,0.39
07:43:47,166.61,46.0,263.33,24.0,165.9,80.0,438.22,27.0,96.71999999999997,126.0,51.0,20.68556211467424,166.61,263.33,177,75.0,-98.0,0.42
07:43:48,166.45,44.0,260.38,16.0,165.34,41.0,483.24,25.0,93.93,85.0,41.0,19.016601168454194,166.45,260.38,126,44.0,-51.0,0.35
07:43:51,168.0,32.0,379.48,25.0,166.0,70.0,617.9,29.0,211.48000000000002,102.0,54.0,99.68238595659783,168.0,379.48,156,48.0,50.0,0.31
07:43:54,168.5,32.0,350.9,40.0,165.6,15.0,490.43,28.0,182.39999999999998,47.0,68.0,65.75522435518059,168.5,350.9,115,-21.0,-17.0,-0.18
07:43:55,165.0,9.0,325.95,37.0,164.0,18.0,436.8,35.0,160.95,27.0,72.0,37.621748364478194,165.0,325.95,99,-45.0,-16.0,-0.45
07:43:56,164.29,28.0,305.0,59.0,163.25,16.0,360.2,46.0,140.71,44.0,105.0,42.01363409656578,164.29,305.0,149,-61.0,50.0,-0.41
07:43:57,166.0,20.0,216.85,26.0,164.0,20.0,277.33,15.0,50.849999999999994,40.0,41.0,28.27894004378706,166.0,216.84999999999997,81,-1.0,-68.0,-0.01
07:43:58,167.0,22.0,213.85,40.0,166.0,22.0,214.45,31.0,46.849999999999994,44.0,71.0,31.766769901897437,167.0,213.85,115,-27.0,34.0,-0.23
07:43:59,166.6,15.0,211.0,60.0,165.2,30.0,212.0,60.0,44.400000000000006,45.0,120.0,27.580682913954302,166.6,211.0,165,-75.0,50.0,-0.45
07:44:03,166.0,11.0,192.28,40.0,164.0,22.0,193.33,42.0,26.28,33.0,82.0,3.8535334434877733,166.0,192.28,115,-49.0,-46.0,-0.43
07:44:04,166.0,10.0,188.0,30.0,164.0,20.0,189.48,42.0,22.0,30.0,72.0,4.451687320564818,166.0,188.0,102,-42.0,-13.0,-0.41
07:44:05,165.71,100.0,185.42,65.0,163.36,28.0,187.02,64.0,19.70999999999998,128.0,129.0,4.1258962662767455,165.71,185.42,257,-1.0,155.0,-0.0
07:44:06,167.1,231.0,178.94,79.0,166.25,177.0,180.09,68.0,11.840000000000003,408.0,147.0,4.021320678592436,167.1,178.94,555,261.0,173.5,0.47
07:44:07,168.27,45.0,175.47,57.0,167.0,285.0,176.71,63.0,7.199999999999989,330.0,120.0,2.9438444252497447,168.27,175.46999999999997,450,210.0,-105.0,0.47
07:44:08,168.37,92.0,172.88,85.0,166.96,156.0,174.84,69.0,4.509999999999991,248.0,154.0,2.6244294618208492,168.37,172.88,402,94.0,-48.0,0.23
07:44:09,167.0,256.0,170.28,39.0,164.0,96.0,171.7,50.0,3.280000000000001,352.0,89.0,2.5923792161010075,167.0,170.28,441,263.0,39.0,0.6
07:44:10,167.0,105.0,168.41,34.0,164.0,72.0,250.0,23.0,1.4099999999999966,177.0,57.0,2.202755093075859,167.0,168.41,234,120.0,-174.5,0.51
07:44:11,167.0,24.0,169.0,10.0,164.0,30.0,330.0,5.0,2.0,54.0,15.0,1.8029836383259605,167.0,169.0,69,39.0,-165.0,0.57
07:44:12,167.0,44.0,168.23,26.0,164.62,87.0,300.9,21.0,1.2299999999999898,131.0,47.0,1.2452911306480468,167.0,168.23,178,84.0,109.0,0.47
07:44:13,165.14,28.0,361.42,19.0,163.9,20.0,432.62,13.0,196.28000000000003,48.0,32.0,42.61573653006689,165.14000000000001,361.42,80,16.0,-98.0,0.2
07:44:15,163.98,45.0,322.21,48.0,162.98,114.0,518.76,25.0,158.23,159.0,73.0,80.84673852419839,163.98,322.21,232,86.0,173.5,0.37
07:44:16,164.0,85.0,234.46,81.0,163.0,156.0,283.37,41.0,70.46000000000001,241.0,122.0,74.77165619404258,164.0,234.46000000000004,363,119.0,131.0,0.33
07:44:17,164.9,50.0,232.6,50.0,163.12,120.0,264.67,27.0,67.69999999999999,170.0,77.0,67.41421897493221,164.9,232.6,247,93.0,-116.0,0.38
07:44:18,164.33,30.0,232.0,30.0,163.06,80.0,290.56,18.0,67.66999999999999,110.0,48.0,71.23490633109657,164.33,232.0,158,62.0,-89.0,0.39
07:44:19,166.0,75.0,228.18,67.0,164.0,75.0,259.72,67.0,62.18000000000001,150.0,134.0,20.042122642077693,166.0,228.18,284,16.0,126.0,0.06
07:44:20,166.05,118.0,231.11,90.0,164.11,90.0,413.67,45.0,65.06,208.0,135.0,0.8072050545419536,166.05,231.11,343,73.0,59.0,0.21
07:44:21,168.0,13.0,231.0,30.0,166.0,50.0,410.4,15.0,63.0,63.0,45.0,0.8849124250896879,168.0,231.0,108,18.0,-174.5,0.17
07:44:22,168.0,26.0,230.08,65.0,166.0,126.0,243.54,13.0,62.08000000000001,152.0,78.0,0.9208854435151765,168.0,230.08,230,74.0,122.0,0.32
07:44:23,168.0,24.0,226.5,30.0,166.0,42.0,227.74,27.0,58.5,66.0,57.0,1.0761366084647614,168.0,226.5,123,9.0,-107.0,0.07
07:44:24,166.8,20.0,224.25,32.0,164.75,64.0,227.0,40.0,57.44999999999999,84.0,72.0,1.6069691969909858,166.8,224.25,156,12.0,33.0,0.08
07:44:25,166.0,27.0,167.59,37.0,164.0,60.0,176.14,28.0,1.5900000000000034,87.0,65.0,13.965744878096332,166.0,167.59,152,22.0,-4.0,0.14
07:44:26,164.24,42.0,167.75,60.0,163.04,156.0,224.5,12.0,3.509999999999991,198.0,72.0,16.9606506361068,164.24,167.75,270,126.0,118.0,0.47
07:44:27,163.02,131.0,166.43,42.0,162.18,85.0,175.0,37.0,3.4099999999999966,216.0,79.0,16.76020882924989,163.02,166.43,295,137.0,25.0,0.46
07:44:28,163.0,132.0,288.78,32.0,162.0,84.0,295.67,21.0,125.77999999999997,216.0,53.0,26.82825599997267,163.0,288.78,269,163.0,-26.0,0.61
07:44:29,166.0,12.0,312.04,26.0,163.0,99.0,566.44,18.0,146.04000000000002,111.0,44.0,36.78805689350928,166.0,312.04,155,67.0,-114.0,0.43
07:44:30,165.75,8.0,292.0,21.0,163.11,70.0,395.0,28.0,126.25,78.0,49.0,36.42599305441218,165.75,292.0,127,29.0,-28.0,0.23
07:44:31,163.17,72.0,393.88,32.0,162.44,75.0,428.84,25.0,230.71,147.0,57.0,40.86648345527297,163.17,393.88,204,90.0,77.0,0.44
07:44:32,163.07,59.0,206.0,24.0,162.24,46.0,367.62,8.0,42.93000000000001,105.0,32.0,33.58519420816413,163.07,206.0,137,73.0,-67.0,0.53
07:44:33,165.67,48.0,301.29,41.0,163.98,41.0,447.0,16.0,135.62000000000003,89.0,57.0,33.44694126523534,165.67,301.29,146,32.0,9.0,0.22
07:44:35,166.23,39.0,279.35,23.0,164.8,79.0,549.33,33.0,113.12000000000003,118.0,56.0,65.54862736930588,166.23,279.35,174,62.0,78.0,0.36
07:44:36,167.0,27.0,232.48,31.0,165.31,51.0,256.0,23.0,65.47999999999999,78.0,54.0,67.91619195744197,167.0,232.48,132,24.0,-42.0,0.18
07:44:37,168.25,24.0,213.0,24.0,166.0,32.0,278.0,24.0,44.75,56.0,48.0,66.73328457374255,168.25,213.0,104,8.0,-28.0,0.08
07:44:41,167.63,35.0,191.0,14.0,166.89,111.0,195.32,28.0,23.370000000000005,146.0,42.0,4.183650320004877,167.63,191.0,188,104.0,18.0,0.55
07:44:42,167.03,99.0,183.78,41.0,166.33,72.0,185.78,41.0,16.75,171.0,82.0,4.48881610227856,167.03,183.78,253,89.0,65.0,0.35
07:44:43,167.32,57.0,179.57,30.0,166.59,87.0,180.29,42.0,12.25,144.0,72.0,4.775367001610855,167.32,179.57,216,72.0,-37.0,0.33
07:44:46,167.34,38.0,171.27,15.0,165.87,46.0,246.12,26.0,3.930000000000007,84.0,41.0,2.240647227938882,167.34,171.27,125,43.0,18.0,0.34
07:44:47,166.0,108.0,169.62,16.0,165.0,12.0,195.6,20.0,3.6200000000000045,120.0,36.0,2.3724459951849965,166.0,169.62,156,84.0,31.0,0.54
07:44:48,166.0,114.0,167.3,20.0,165.0,24.0,224.0,18.0,1.3000000000000114,138.0,38.0,2.5689433625653364,166.0,167.3,176,100.0,20.0,0.57
07:44:49,165.84,38.0,167.0,17.0,164.47,38.0,298.0,15.0,1.1599999999999966,76.0,32.0,2.226959811058057,165.84,167.0,108,44.0,-68.0,0.41
07:44:50,165.0,18.0,166.93,30.0,164.0,90.0,280.0,21.0,1.9300000000000068,108.0,51.0,1.3417712174834424,165.0,166.93,159,57.0,51.0,0.36
07:44:51,165.0,18.0,166.0,9.0,164.0,90.0,246.44,27.0,1.0,108.0,36.0,0.8691087389196366,165.0,166.0,144,72.0,-15.0,0.5
07:44:52,165.0,19.0,172.55,11.0,164.0,100.0,302.55,29.0,7.550000000000011,119.0,40.0,1.2581216157695607,165.0,172.55,159,79.0,15.0,0.5
07:44:53,164.07,75.0,317.64,44.0,163.54,92.0,346.2,30.0,153.57,167.0,74.0,33.20038659413586,164.07,317.64,241,93.0,82.0,0.39
07:44:54,164.47,38.0,321.2,20.0,163.71,42.0,338.0,10.0,156.73,80.0,30.0,41.15805789878921,164.47,321.2,110,50.0,-131.0,0.45
07:44:55,165.0,64.0,320.08,52.0,164.0,130.0,321.68,50.0,155.07999999999998,194.0,102.0,41.0705265366795,165.0,320.08,296,92.0,173.5,0.31
07:45:02,166.79,48.0,169.16,38.0,165.7,88.0,172.83,24.0,2.3700000000000045,136.0,62.0,2.7481684810194986,166.79,169.16,198,74.0,-132.0,0.37
07:45:03,166.0,48.0,168.78,46.0,165.0,154.0,273.63,38.0,2.780000000000001,202.0,84.0,2.6787366425365406,166.0,168.78,286,118.0,88.0,0.41
07:45:04,166.0,34.0,168.56,36.0,165.0,99.0,581.0,36.0,2.5600000000000023,133.0,72.0,2.496042868235056,166.0,168.56,205,61.0,-81.0,0.3
07:45:05,167.52,116.0,289.03,31.0,165.17,93.0,504.33,30.0,121.50999999999996,209.0,61.0,26.830856676596724,167.52,289.03,270,148.0,65.0,0.55
07:45:06,168.0,210.0,293.38,13.0,166.0,17.0,418.1,20.0,125.38,227.0,33.0,33.934084634775154,168.0,293.38,260,194.0,-10.0,0.75
07:45:07,168.0,270.0,200.17,24.0,166.0,15.0,305.37,27.0,32.16999999999999,285.0,51.0,31.73782081366151,168.0,200.17,336,234.0,76.0,0.7
07:45:08,168.0,157.0,169.44,9.0,166.0,9.0,171.25,12.0,1.4399999999999977,166.0,21.0,31.447129757739187,168.0,169.44,187,145.0,-149.0,0.78
07:45:09,168.0,157.0,169.26,27.0,166.0,11.0,172.62,32.0,1.259999999999991,168.0,59.0,31.145305745811612,168.0,169.26,227,109.0,40.0,0.48
07:45:10,168.0,72.0,174.9,21.0,166.0,9.0,239.36,22.0,6.900000000000006,81.0,43.0,26.479385000412616,168.0,174.9,124,38.0,-103.0,0.31
07:45:11,168.22,46.0,292.26,35.0,167.67,36.0,338.14,28.0,124.03999999999999,82.0,63.0,26.284096522423535,168.22,292.26,145,19.0,21.0,0.13
07:45:12,168.1,41.0,289.7,20.0,166.92,13.0,322.67,24.0,121.6,54.0,44.0,32.86988241536748,168.1,289.7,98,10.0,-47.0,0.1
07:45:17,168.0,28.0,289.64,11.0,167.0,140.0,488.55,22.0,121.63999999999999,168.0,33.0,32.06966354672457,168.0,289.64,201,135.0,32.0,0.67
07:45:18,168.0,44.0,197.0,33.0,167.0,220.0,288.2,15.0,29.0,264.0,48.0,36.977527229387746,168.0,197.0,312,216.0,111.0,0.69
07:45:19,168.0,32.0,321.5,16.0,167.0,160.0,420.3,23.0,153.5,192.0,39.0,31.52553758463301,168.0,321.5,231,153.0,-81.0,0.66
07:45:20,168.0,48.0,361.0,52.0,167.0,260.0,364.45,31.0,193.0,308.0,83.0,31.598373375857634,168.0,361.0,391,225.0,160.0,0.58
07:45:21,168.0,33.0,392.46,39.0,167.0,220.0,466.94,34.0,224.45999999999998,253.0,73.0,37.65760149027179,168.0,392.46,326,180.0,-65.0,0.55
07:45:22,168.0,27.0,419.68,31.0,167.0,180.0,591.09,23.0,251.68,207.0,54.0,43.53104214236238,168.0,419.68,261,153.0,-65.0,0.59
07:45:23,167.04,79.0,235.71,14.0,166.5,40.0,327.55,11.0,68.67000000000002,119.0,25.0,36.04406123066784,167.04,235.71,144,94.0,-117.0,0.65
07:45:24,167.15,138.0,433.27,22.0,166.56,80.0,557.81,16.0,266.12,218.0,38.0,39.70274511919978,167.15,433.2699999999999,256,180.0,112.0,0.7
07:45:25,168.0,77.0,254.08,39.0,167.0,165.0,331.94,31.0,86.08000000000001,242.0,70.0,47.35306378683572,168.0,254.08,312,172.0,56.0,0.55
