Time,Bid1_Price,Bid1_Volume,Ask1_Price,Ask1_Volume,Bid2_Price,Bid2_Volume,Ask2_Price,Ask2_Volume,Bid_Ask_Spread,Market_Depth_Bid,Market_Depth_Ask,Historical_Volatility,Weighted_Avg_Bid_Price,Weighted_Avg_Ask_Price,Total_volume,Cumulative_Volume_Difference,Total_Volume_Change_Corrected,Order_imbalance
07:30:06,115.0,3.0,116.0,4.0,102.33,18.0,0.0,0.0,1.0,21.0,4.0,30.649257739788748,115.0,116.0,25,17.0,18.0,0.68
07:30:07,115.0,1.0,116.0,4.0,113.0,6.0,611.0,4.0,1.0,7.0,8.0,23.80539854738838,115.0,116.0,15,-1.0,-10.0,-0.07
07:30:08,115.0,2.0,224.5,8.0,113.0,12.0,333.0,4.0,109.5,14.0,12.0,40.95973632727634,115.0,224.5,26,2.0,11.0,0.08
07:30:12,117.0,31.0,336.0,20.0,115.0,5.0,562.5,4.0,219.0,36.0,24.0,75.03152157593496,117.0,336.0,60,12.0,23.0,0.2
07:30:15,117.0,14.0,127.11,18.0,115.0,91.0,189.26,31.0,10.11,105.0,49.0,116.73857875612498,117.0,127.11,154,56.0,88.0,0.36
07:30:16,117.0,8.0,121.0,4.0,115.0,52.0,122.0,20.0,4.0,60.0,24.0,137.0518386596838,117.0,121.0,84,36.0,-70.0,0.43
07:30:17,117.0,20.0,119.0,30.0,115.0,130.0,120.17,30.0,2.0,150.0,60.0,149.72518485545444,117.0,119.0,210,90.0,126.0,0.43
07:30:18,115.96,25.0,118.0,7.0,114.86,84.0,119.57,35.0,2.0400000000000063,109.0,42.0,132.01324183580985,115.96,118.0,151,67.0,-59.0,0.44
07:30:19,115.0,122.0,116.65,23.0,113.0,66.0,118.47,43.0,1.6500000000000057,188.0,66.0,2.373474246756844,115.0,116.65,254,122.0,103.0,0.48
07:30:20,114.16,43.0,116.0,8.0,112.91,33.0,121.0,40.0,1.8400000000000034,76.0,48.0,1.5853453882413762,114.16,116.0,124,28.0,-130.0,0.23
07:30:21,115.0,25.0,120.65,43.0,113.0,66.0,123.04,47.0,5.650000000000006,91.0,90.0,1.2665820147223927,115.0,120.64999999999999,181,1.0,57.0,0.01
07:30:22,113.5,40.0,120.77,26.0,112.86,35.0,122.33,45.0,7.269999999999996,75.0,71.0,1.099659038074195,113.5,120.77,146,4.0,-35.0,0.03
07:30:23,113.0,78.0,118.91,45.0,112.0,13.0,122.78,36.0,5.909999999999997,91.0,81.0,1.0991951601141199,113.0,118.91,172,10.0,26.0,0.06
07:30:24,113.0,69.0,117.9,30.0,112.0,22.0,119.31,49.0,4.900000000000006,91.0,79.0,1.1571300704840066,113.0,117.9,170,12.0,-2.0,0.07
07:30:25,113.0,55.0,115.82,11.0,112.0,11.0,118.0,53.0,2.819999999999993,66.0,64.0,1.3542820976511336,113.0,115.82,130,2.0,-40.0,0.02
07:30:26,113.0,67.0,117.92,49.0,112.0,13.0,118.75,16.0,4.920000000000002,80.0,65.0,0.9867978516486867,113.0,117.92,145,15.0,15.0,0.1
07:30:27,113.64,44.0,118.0,48.0,112.86,37.0,119.0,12.0,4.359999999999999,81.0,60.0,0.607083190360697,113.64,118.0,141,21.0,-4.0,0.15
07:30:28,115.0,14.0,118.38,13.0,113.0,28.0,119.83,12.0,3.3799999999999955,42.0,25.0,0.8198963349219769,115.0,118.38000000000001,67,17.0,-74.0,0.25
07:30:29,113.67,36.0,116.18,50.0,112.84,38.0,117.81,37.0,2.510000000000005,74.0,87.0,0.8712921438980812,113.67,116.18,161,-13.0,94.0,-0.08
07:30:30,113.0,52.0,117.3,27.0,112.0,13.0,117.89,18.0,4.299999999999997,65.0,45.0,0.6929429991121038,113.0,117.3,110,20.0,-51.0,0.18
07:30:31,112.89,9.0,117.0,27.0,111.73,11.0,119.78,9.0,4.109999999999999,20.0,36.0,0.7567892705492728,112.89,117.0,56,-16.0,-54.0,-0.29
07:30:32,113.0,10.0,117.0,30.0,112.0,10.0,120.0,10.0,4.0,20.0,40.0,0.7600328940371844,113.0,117.0,60,-20.0,4.0,-0.33
07:30:33,113.0,8.0,117.0,24.0,112.0,8.0,120.0,8.0,4.0,16.0,32.0,0.09011104271183946,113.0,117.0,48,-16.0,-12.0,-0.33
07:30:34,113.0,9.0,117.0,27.0,112.0,9.0,120.0,9.0,4.0,18.0,36.0,0.07823042898138308,113.0,117.0,54,-18.0,6.0,-0.33
07:30:35,113.0,17.0,117.0,27.0,112.0,9.0,120.0,9.0,4.0,26.0,36.0,0.02683281607693049,113.0,117.0,62,-10.0,8.0,-0.16
07:30:36,113.0,11.0,117.0,27.0,112.0,11.0,120.0,11.0,4.0,22.0,38.0,0.0,113.0,117.0,60,-16.0,-2.0,-0.27
07:30:37,112.73,11.0,115.34,29.0,111.47,17.0,117.19,16.0,2.6099999999999994,28.0,45.0,0.42932505170169455,112.73,115.34,73,-17.0,13.0,-0.23
07:30:38,112.0,12.0,113.58,36.0,111.0,36.0,117.0,12.0,1.5799999999999983,48.0,48.0,0.9741560450044839,112.0,113.58,96,0.0,23.0,0.0
07:30:39,111.13,38.0,113.0,48.0,109.51,59.0,117.0,16.0,1.8700000000000045,97.0,64.0,1.3180098633997204,111.13,113.0,161,33.0,65.0,0.2
07:30:40,110.75,63.0,114.04,28.0,108.2,50.0,116.88,16.0,3.2900000000000063,113.0,44.0,1.2277906987834262,110.75,114.04,157,69.0,-4.0,0.44
07:30:41,112.62,78.0,115.0,52.0,110.77,13.0,117.0,13.0,2.3799999999999955,91.0,65.0,0.8684468895788381,112.62,115.0,156,26.0,-1.0,0.17
07:30:42,112.73,22.0,116.56,18.0,109.18,49.0,117.93,15.0,3.8299999999999983,71.0,33.0,1.0640488710670803,112.73,116.56,104,38.0,-52.0,0.37
07:30:43,114.0,26.0,117.0,13.0,112.0,13.0,118.0,13.0,3.0,39.0,26.0,1.458344952341179,114.0,117.0,65,13.0,-39.0,0.2
07:30:44,112.92,13.0,117.0,10.0,109.98,86.0,118.0,10.0,4.079999999999998,99.0,20.0,1.2115485958139878,112.92,117.0,119,79.0,54.0,0.66
07:30:45,109.5,12.0,116.5,16.0,102.57,98.0,117.67,12.0,7.0,110.0,28.0,0.9858600306426969,109.5,116.5,138,82.0,19.0,0.59
07:30:46,109.0,13.0,115.77,26.0,102.0,117.0,117.0,16.0,6.769999999999996,130.0,42.0,1.337863969175824,109.0,115.77,172,88.0,34.0,0.51
07:30:47,110.11,27.0,114.38,26.0,102.06,109.0,115.92,37.0,4.269999999999996,136.0,63.0,1.5107018236630916,110.11,114.38000000000001,199,73.0,27.0,0.37
07:30:48,111.14,87.0,114.0,18.0,110.85,65.0,115.0,9.0,2.8599999999999994,152.0,27.0,1.1144819424374286,111.14,114.0,179,125.0,-20.0,0.7
07:30:49,110.61,28.0,112.89,38.0,102.92,77.0,114.35,57.0,2.280000000000001,105.0,95.0,0.456563248651508,110.61,112.88999999999999,200,10.0,21.0,0.05
07:30:50,110.8,49.0,198.0,41.0,109.95,43.0,239.96,51.0,87.2,92.0,92.0,18.858087124626874,110.8,198.0,184,0.0,-16.0,0.0
07:30:51,112.0,75.0,114.0,60.0,111.0,15.0,224.4,63.0,2.0,90.0,123.0,18.791871380999225,112.0,114.0,213,-33.0,29.0,-0.15
07:30:52,112.03,36.0,114.0,32.0,110.92,12.0,295.62,40.0,1.9699999999999989,48.0,72.0,18.708373259052152,112.03,114.0,120,-24.0,-93.0,-0.2
07:30:53,112.0,55.0,113.67,21.0,109.0,11.0,229.77,52.0,1.6700000000000017,66.0,73.0,18.679611077322186,112.0,113.67,139,-7.0,19.0,-0.05
07:30:54,112.0,40.0,113.0,16.0,109.93,43.0,195.0,40.0,1.0,83.0,56.0,18.58957691826303,112.0,113.0,139,27.0,0.0,0.19
07:30:55,110.92,37.0,244.06,47.0,109.95,59.0,336.9,50.0,133.14,96.0,97.0,28.915330362975574,110.92,244.06,193,-1.0,54.0,-0.01
07:30:56,111.0,21.0,181.86,29.0,109.83,12.0,454.86,35.0,70.86000000000001,33.0,64.0,29.089957373636977,111.0,181.86,97,-31.0,-96.0,-0.32
07:30:57,111.83,36.0,116.0,44.0,110.1,21.0,209.27,55.0,4.170000000000002,57.0,99.0,28.940371974112846,111.83,116.0,156,-42.0,59.0,-0.27
07:30:58,113.27,11.0,116.0,35.0,112.0,9.0,212.0,45.0,2.730000000000004,20.0,80.0,28.6404910921586,113.27,116.0,100,-60.0,-56.0,-0.6
07:30:59,114.92,12.0,116.0,36.0,112.0,12.0,317.83,60.0,1.0799999999999983,24.0,96.0,28.137092422636997,114.92,116.0,120,-72.0,20.0,-0.6
07:31:00,115.0,28.0,116.0,28.0,112.0,8.0,422.0,40.0,1.0,36.0,68.0,14.124641588373759,115.0,116.0,104,-32.0,-16.0,-0.31
07:31:01,115.0,15.0,116.0,16.0,112.0,5.0,279.4,25.0,1.0,20.0,41.0,0.7084348946927701,115.0,116.0,61,-21.0,-43.0,-0.34
07:31:02,115.0,30.0,116.0,60.0,112.0,12.0,216.61,46.0,1.0,42.0,106.0,0.380525951832879,115.0,116.0,148,-64.0,87.0,-0.43
07:31:03,112.0,8.0,116.0,40.0,109.0,64.0,240.0,24.0,4.0,72.0,64.0,0.6665733268128384,112.0,116.0,136,8.0,-12.0,0.06
07:31:04,114.75,59.0,116.0,55.0,109.42,45.0,240.0,33.0,1.25,104.0,88.0,0.658695680886355,114.75,116.0,192,16.0,56.0,0.08
07:31:05,115.0,90.0,116.0,50.0,113.0,10.0,249.53,32.0,1.0,100.0,82.0,0.658695680886355,115.0,116.0,182,18.0,-10.0,0.1
07:31:06,115.0,72.0,116.0,35.0,113.0,8.0,278.92,36.0,1.0,80.0,71.0,0.658695680886355,115.0,116.0,151,9.0,-31.0,0.06
07:31:07,115.0,86.0,116.0,40.0,113.0,10.0,223.08,48.0,1.0,96.0,88.0,0.658695680886355,115.0,116.0,184,8.0,33.0,0.04
07:31:08,115.0,56.0,116.0,32.0,113.0,8.0,290.43,28.0,1.0,64.0,60.0,0.05813776757240505,115.0,116.0,124,4.0,-60.0,0.03
07:31:09,115.0,55.0,116.0,28.0,113.0,7.0,259.48,23.0,1.0,62.0,51.0,0.0,115.0,116.0,113,11.0,-11.0,0.1
07:31:10,114.79,39.0,116.0,36.0,109.44,45.0,160.11,45.0,1.2099999999999937,84.0,81.0,0.04472135975462194,114.79,116.0,165,3.0,52.0,0.02
07:31:11,113.0,12.0,115.8,15.0,109.12,73.0,166.0,31.0,2.799999999999997,85.0,46.0,0.48270073546486747,113.0,115.8,131,39.0,-34.0,0.3
07:31:12,113.0,10.0,115.0,10.0,112.0,30.0,117.0,40.0,2.0,40.0,50.0,0.70922492907283,113.0,115.0,90,-10.0,-41.0,-0.11
07:31:13,113.0,5.0,115.0,5.0,112.0,15.0,117.0,35.0,2.0,20.0,40.0,0.7402702209452965,113.0,115.0,60,-20.0,-30.0,-0.33
07:31:14,113.0,13.0,114.53,19.0,112.0,39.0,116.92,73.0,1.5300000000000011,52.0,92.0,0.6501692087591089,113.0,114.53000000000002,144,-40.0,84.0,-0.28
07:31:15,109.62,101.0,113.83,47.0,108.68,124.0,116.33,92.0,4.209999999999994,225.0,139.0,1.0583099735042325,109.62,113.83,364,86.0,165.5,0.24
07:31:16,109.0,40.0,114.0,15.0,108.0,25.0,116.0,35.0,5.0,65.0,50.0,1.268905039795569,109.0,114.0,115,15.0,-166.5,0.13
07:31:17,111.0,79.0,112.85,40.0,109.0,104.0,115.18,60.0,1.8499999999999943,183.0,100.0,1.1972134312722373,111.0,112.85,283,83.0,165.5,0.29
07:31:18,111.0,34.0,113.11,38.0,109.0,60.0,115.29,62.0,2.1099999999999994,94.0,100.0,0.9007052792221734,111.0,113.11000000000001,194,-6.0,-89.0,-0.03
07:31:19,111.0,10.0,115.0,70.0,109.0,60.0,118.0,30.0,4.0,70.0,100.0,0.5752825392958741,111.0,115.0,170,-30.0,-24.0,-0.18
07:31:20,109.42,19.0,115.0,27.0,108.44,54.0,143.67,27.0,5.579999999999998,73.0,54.0,0.5501181691406832,109.42,115.0,127,19.0,-43.0,0.15
07:31:21,109.0,30.0,114.02,42.0,108.0,60.0,127.27,22.0,5.019999999999996,90.0,64.0,0.5472385220529501,109.0,114.02000000000001,154,26.0,27.0,0.17
07:31:22,109.38,39.0,113.09,53.0,108.24,63.0,114.6,15.0,3.710000000000008,102.0,68.0,0.6826931961128089,109.38,113.09,170,34.0,16.0,0.2
07:31:23,110.96,137.0,113.0,64.0,109.88,48.0,114.0,16.0,2.0400000000000063,185.0,80.0,0.6821803280795514,110.96,113.0,265,105.0,95.0,0.4
07:31:24,111.1,93.0,112.97,36.0,109.95,57.0,114.0,15.0,1.8700000000000045,150.0,51.0,0.40339806645391646,111.1,112.97,201,99.0,-64.0,0.49
07:31:25,111.22,63.0,113.93,29.0,110.27,66.0,261.9,39.0,2.710000000000008,129.0,68.0,0.5167881577771951,111.22,113.93,197,61.0,-4.0,0.31
07:31:26,112.71,28.0,206.4,20.0,111.25,32.0,380.16,31.0,93.69000000000001,60.0,51.0,21.293816473333692,112.71,206.4,111,9.0,-86.0,0.08
07:31:27,113.0,35.0,345.0,19.0,112.0,14.0,486.57,35.0,232.0,49.0,54.0,51.22593776594054,113.0,345.0,103,-5.0,-8.0,-0.05
07:31:28,113.0,35.0,264.55,11.0,112.0,14.0,534.35,31.0,151.55,49.0,42.0,50.3436467689818,113.0,264.55,91,7.0,-12.0,0.08
07:31:29,113.0,54.0,199.67,60.0,112.0,24.0,395.9,40.0,86.66999999999999,78.0,100.0,43.07958994698081,113.0,199.67,178,-22.0,87.0,-0.12
07:31:30,113.19,31.0,308.96,71.0,112.06,32.0,394.2,64.0,195.76999999999998,63.0,135.0,31.708075785200307,113.19,308.96,198,-72.0,20.0,-0.36
07:31:31,116.85,13.0,288.76,58.0,111.86,42.0,419.05,59.0,171.91,55.0,117.0,27.275869005404832,116.85,288.76,172,-62.0,-26.0,-0.36
07:31:32,112.0,8.0,273.65,34.0,111.0,48.0,474.21,38.0,161.64999999999998,56.0,72.0,20.920639330575106,112.0,273.65,128,-16.0,-44.0,-0.12
07:31:33,112.0,5.0,324.0,20.0,111.0,30.0,356.0,25.0,212.0,35.0,45.0,24.193261045175458,112.0,324.0,80,-10.0,-48.0,-0.12
07:31:34,112.75,28.0,324.0,56.0,111.14,49.0,389.64,70.0,211.25,77.0,126.0,10.872050404592528,112.75,324.0,203,-49.0,123.0,-0.24
07:31:35,113.94,51.0,156.33,43.0,112.88,41.0,315.9,42.0,42.390000000000015,92.0,85.0,34.32654337389662,113.94,156.33,177,7.0,-26.0,0.04
07:31:36,111.81,81.0,116.79,38.0,110.19,53.0,235.66,47.0,4.980000000000004,134.0,85.0,48.26968075303597,111.81,116.79,219,49.0,42.0,0.22
07:31:37,111.0,51.0,112.0,11.0,110.0,66.0,113.0,22.0,1.0,117.0,33.0,54.38298005810289,111.0,112.0,150,84.0,-69.0,0.56
07:31:38,111.0,33.0,112.0,11.0,110.0,66.0,113.73,22.0,1.0,99.0,33.0,45.921781542096376,111.0,112.0,132,66.0,-18.0,0.5
07:31:39,110.15,20.0,111.22,9.0,109.2,30.0,113.56,18.0,1.0699999999999932,50.0,27.0,10.435469802554643,110.15,111.22,77,23.0,-55.0,0.3
07:31:40,109.0,30.0,113.0,23.0,106.0,10.0,394.34,41.0,4.0,40.0,64.0,1.440666512427981,109.0,113.0,104,-24.0,27.0,-0.23
07:31:41,109.0,24.0,112.87,31.0,106.0,8.0,116.75,16.0,3.8700000000000045,32.0,47.0,0.3606660505670293,109.0,112.87,79,-15.0,-25.0,-0.19
07:31:42,109.0,33.0,110.88,25.0,107.05,19.0,112.45,22.0,1.8799999999999955,52.0,47.0,0.5701578729016262,109.0,110.88,99,5.0,20.0,0.05
07:31:43,108.17,54.0,110.67,27.0,107.25,24.0,113.5,24.0,2.5,78.0,51.0,0.6905939472887166,108.17,110.67,129,27.0,30.0,0.21
07:31:44,105.11,27.0,111.0,20.0,82.17,138.0,115.9,20.0,5.890000000000001,165.0,40.0,1.2150390940343998,105.11,111.0,205,125.0,76.0,0.61
07:31:45,105.0,16.0,109.88,16.0,76.61,59.0,117.5,16.0,4.8799999999999955,75.0,32.0,1.4153444810476732,105.0,109.88,107,43.0,-98.0,0.4
07:31:46,84.8,100.0,107.55,22.0,74.59,68.0,213.43,40.0,22.75,168.0,62.0,5.699866665110051,84.8,107.55,230,106.0,123.0,0.46
07:31:51,111.64,22.0,282.0,15.0,106.5,16.0,525.0,15.0,170.36,38.0,30.0,96.65420451278885,111.64,282.0,68,8.0,-63.0,0.12
07:31:52,112.07,116.0,154.0,40.0,111.5,48.0,271.95,38.0,41.93000000000001,164.0,78.0,99.52213839141527,112.07,154.0,242,86.0,165.5,0.36
07:31:53,113.0,12.0,159.33,15.0,112.0,54.0,194.33,15.0,46.33000000000001,66.0,30.0,81.38445533392732,113.0,159.33,96,36.0,-146.0,0.38
07:31:54,114.53,112.0,116.0,65.0,112.73,66.0,188.69,65.0,1.4699999999999989,178.0,130.0,75.5030871554271,114.53,116.0,308,48.0,165.5,0.16
07:31:55,115.0,54.0,201.0,30.0,113.0,24.0,418.33,30.0,86.0,78.0,60.0,31.301941313599468,115.0,201.0,138,18.0,-166.5,0.13
07:31:56,115.06,35.0,192.67,30.0,113.18,22.0,212.67,30.0,77.60999999999999,57.0,60.0,17.238826236145755,115.06,192.67,117,-3.0,-21.0,-0.03
07:31:57,117.0,10.0,213.2,50.0,115.0,29.0,299.8,50.0,96.19999999999999,39.0,100.0,20.072665991343207,117.0,213.2,139,-61.0,22.0,-0.44
07:31:58,115.95,19.0,142.48,54.0,114.15,47.0,228.98,42.0,26.529999999999987,66.0,96.0,21.1113258702533,115.95,142.48,162,-30.0,23.0,-0.19
07:31:59,113.44,9.0,130.18,28.0,111.44,18.0,417.5,20.0,16.74000000000001,27.0,48.0,18.95279478071839,113.44,130.18,75,-21.0,-87.0,-0.28
07:32:00,113.0,11.0,186.84,19.0,111.0,22.0,419.44,39.0,73.84,33.0,58.0,17.948636438460344,113.0,186.84,91,-25.0,16.0,-0.27
07:32:01,113.0,6.0,186.0,18.0,111.0,12.0,187.0,6.0,73.0,18.0,24.0,17.44755197728399,113.0,186.0,42,-6.0,-49.0,-0.14
07:32:02,113.0,12.0,183.38,24.0,111.6,15.0,185.19,32.0,70.38,27.0,56.0,13.253842084468442,113.0,183.38,83,-29.0,41.0,-0.35
07:32:03,114.2,10.0,170.3,27.0,112.2,10.0,177.47,34.0,56.10000000000001,20.0,61.0,11.87890272710517,114.2,170.3,81,-41.0,-2.0,-0.51
07:32:04,119.0,9.0,169.43,21.0,113.0,9.0,175.38,16.0,50.43000000000001,18.0,37.0,3.404633607310284,119.0,169.43,55,-19.0,-26.0,-0.35
07:32:05,119.0,14.0,167.41,37.0,113.89,18.0,168.83,36.0,48.41,32.0,73.0,3.1917158394861307,119.0,167.41,105,-41.0,50.0,-0.39
07:32:06,119.0,17.0,152.45,56.0,115.0,34.0,165.38,45.0,33.44999999999999,51.0,101.0,4.5164178283266345,119.0,152.45,152,-50.0,47.0,-0.33
07:32:07,119.0,15.0,128.25,40.0,115.0,30.0,129.56,45.0,9.25,45.0,85.0,8.59432079922705,119.0,128.25,130,-40.0,-22.0,-0.31
07:32:08,119.0,7.0,126.57,23.0,115.0,14.0,127.58,19.0,7.569999999999993,21.0,42.0,10.312990836805136,119.0,126.56999999999998,63,-21.0,-67.0,-0.33
07:32:09,118.33,24.0,121.47,80.0,116.28,61.0,122.58,69.0,3.1400000000000006,85.0,149.0,9.965333913122366,118.33,121.47,234,-64.0,165.5,-0.27
07:32:10,114.36,45.0,117.05,57.0,111.83,30.0,118.24,58.0,2.6899999999999977,75.0,115.0,7.4774915580044,114.36,117.05,190,-40.0,-44.0,-0.21
07:32:11,112.0,55.0,114.67,52.0,110.0,55.0,116.33,33.0,2.6700000000000017,110.0,85.0,4.453798378915163,112.0,114.67,195,25.0,5.0,0.13
07:32:12,112.0,57.0,113.0,60.0,110.0,60.0,114.0,24.0,1.0,117.0,84.0,4.388402898552897,112.0,113.0,201,33.0,6.0,0.16
07:32:13,109.42,24.0,112.11,45.0,108.04,23.0,189.0,45.0,2.6899999999999977,47.0,90.0,3.5325345008969964,109.42,112.11,137,-43.0,-64.0,-0.31
07:32:14,106.56,16.0,110.91,55.0,93.15,13.0,189.0,55.0,4.349999999999994,29.0,110.0,2.630802159043459,106.56,110.91,139,-81.0,2.0,-0.58
07:32:17,95.5,48.0,300.08,48.0,19.04,28.0,301.54,24.0,204.57999999999998,76.0,72.0,53.04416650301923,95.5,300.08,148,4.0,115.0,0.03
07:32:18,110.13,63.0,322.5,10.0,64.0,26.0,481.6,10.0,212.37,89.0,20.0,71.0319530211582,110.13,322.5,109,69.0,-39.0,0.63
07:32:19,111.0,24.0,360.5,6.0,110.0,30.0,503.0,6.0,249.5,54.0,12.0,82.50709708867488,111.0,360.5,66,42.0,-43.0,0.64
07:32:21,110.77,47.0,320.44,25.0,109.94,140.0,474.35,49.0,209.67000000000002,187.0,74.0,33.255036009603295,110.77,320.44,261,113.0,112.0,0.43
07:32:22,111.0,19.0,308.56,9.0,110.0,99.0,475.65,17.0,197.56,118.0,26.0,30.6878205482242,111.0,308.56,144,92.0,-117.0,0.64
07:32:23,110.28,50.0,253.13,31.0,109.18,97.0,287.0,13.0,142.85,147.0,44.0,38.19897681875802,110.28,253.13,191,103.0,47.0,0.54
07:32:24,110.0,81.0,177.11,27.0,106.0,45.0,179.0,9.0,67.11000000000001,126.0,36.0,51.80642797954724,110.0,177.11,162,90.0,-29.0,0.56
07:32:25,107.6,50.0,165.62,16.0,94.1,40.0,177.25,24.0,58.02000000000001,90.0,40.0,36.521061047018065,107.6,165.62,130,50.0,-32.0,0.38
07:32:26,108.65,17.0,175.88,24.0,104.89,19.0,176.55,22.0,67.22999999999999,36.0,46.0,31.789597669678407,108.65,175.88,82,-10.0,-48.0,-0.12
07:32:27,112.0,11.0,173.06,31.0,111.0,11.0,174.5,24.0,61.06,22.0,55.0,18.297083647401983,112.0,173.06,77,-33.0,-5.0,-0.43
07:32:28,112.55,11.0,154.8,30.0,111.0,11.0,157.35,37.0,42.250000000000014,22.0,67.0,4.340729201416188,112.55,154.8,89,-45.0,12.0,-0.51
07:32:29,113.0,11.0,150.36,25.0,111.0,11.0,151.27,33.0,37.360000000000014,22.0,58.0,4.9289806248379255,113.0,150.36,80,-36.0,-9.0,-0.45
07:32:30,118.78,83.0,147.53,30.0,112.54,13.0,148.63,35.0,28.75,96.0,65.0,5.2869509171192215,118.78,147.53,161,31.0,81.0,0.19
07:32:31,119.0,88.0,142.93,28.0,113.0,11.0,144.07,27.0,23.930000000000007,99.0,55.0,4.67438231213795,119.0,142.93,154,44.0,-7.0,0.29
07:32:32,119.0,112.0,136.48,31.0,113.0,18.0,137.72,40.0,17.47999999999999,130.0,71.0,2.340367492516624,119.0,136.48,201,59.0,47.0,0.29
07:32:33,119.0,64.0,134.38,16.0,113.0,16.0,137.0,24.0,15.379999999999995,80.0,40.0,2.7286773352723057,119.0,134.38,120,40.0,-81.0,0.33
07:32:34,119.0,72.0,131.11,27.0,114.58,38.0,133.0,18.0,12.110000000000014,110.0,45.0,3.2866426638788844,119.0,131.11,155,65.0,35.0,0.42
07:32:35,119.0,144.0,128.54,46.0,113.39,71.0,129.45,44.0,9.539999999999992,215.0,90.0,2.7568151914898227,119.0,128.54,305,125.0,150.0,0.41
07:32:36,119.0,144.0,124.13,45.0,115.0,72.0,124.89,45.0,5.1299999999999955,216.0,90.0,2.431014191655249,119.0,124.12999999999998,306,126.0,1.0,0.41
07:32:37,119.0,42.0,120.0,24.0,115.0,48.0,285.05,42.0,1.0,90.0,66.0,2.839096687333736,119.0,120.0,156,24.0,-150.0,0.15
07:32:38,115.34,35.0,386.69,49.0,113.86,14.0,552.09,47.0,271.35,49.0,96.0,57.52626035125199,115.34,386.69000000000005,145,-47.0,-11.0,-0.32
07:32:39,117.0,9.0,331.37,19.0,115.0,9.0,394.23,35.0,214.37,18.0,54.0,64.25107057473848,117.0,331.37,72,-36.0,-73.0,-0.5
07:32:40,116.38,13.0,320.73,40.0,114.38,13.0,351.39,41.0,204.35000000000002,26.0,81.0,61.87415397401424,116.38000000000001,320.73,107,-55.0,35.0,-0.51
07:32:41,117.81,27.0,174.0,10.0,111.7,10.0,176.0,50.0,56.19,37.0,60.0,56.13424151086413,117.81,174.0,97,-23.0,-10.0,-0.24
07:32:42,119.0,40.0,174.0,10.0,112.9,10.0,185.4,50.0,55.0,50.0,60.0,48.170230121933415,119.0,174.0,110,-10.0,13.0,-0.09
07:32:43,119.0,28.0,173.43,7.0,115.0,7.0,270.0,35.0,54.43000000000001,35.0,42.0,41.21453809033924,119.0,173.43,77,-7.0,-33.0,-0.09
07:32:44,119.0,28.0,261.89,27.0,115.0,55.0,375.78,27.0,142.89,83.0,54.0,33.43761310261283,119.0,261.89,137,29.0,60.0,0.21
07:32:45,119.0,30.0,268.0,50.0,115.0,92.0,508.0,30.0,149.0,122.0,80.0,25.089814068661916,119.0,268.0,202,42.0,65.0,0.21
07:32:46,119.0,18.0,268.0,30.0,115.0,54.0,508.0,18.0,149.0,72.0,48.0,25.29477811723251,119.0,268.0,120,24.0,-82.0,0.2
07:32:47,119.0,42.0,242.14,70.0,115.0,119.0,422.07,54.0,123.13999999999999,161.0,124.0,20.074990161891098,119.0,242.14,285,37.0,165.0,0.13
07:32:48,115.18,67.0,155.67,27.0,113.59,17.0,231.0,45.0,40.48999999999998,84.0,72.0,24.761673610643218,115.18,155.66999999999996,156,12.0,-129.0,0.08
07:32:49,115.0,80.0,169.8,50.0,112.0,10.0,170.84,32.0,54.80000000000001,90.0,82.0,28.149204606880545,115.0,169.8,172,8.0,16.0,0.05
07:32:50,115.0,51.0,168.71,35.0,112.0,7.0,174.86,21.0,53.71000000000001,58.0,56.0,26.36550018490119,115.0,168.71,114,2.0,-58.0,0.02
07:32:51,115.0,70.0,144.33,43.0,112.0,10.0,165.1,48.0,29.330000000000013,80.0,91.0,20.025701485841257,115.0,144.33,171,-11.0,57.0,-0.06
07:32:52,115.0,91.0,131.0,65.0,112.0,13.0,165.75,64.0,16.0,104.0,129.0,8.262815500785734,115.0,131.0,233,-25.0,62.0,-0.11
07:32:53,115.0,77.0,128.91,55.0,111.01,141.0,150.27,55.0,13.909999999999997,218.0,110.0,9.907097455865923,115.0,128.91,328,108.0,95.0,0.33
07:32:54,115.0,77.0,128.0,55.0,111.0,187.0,129.0,55.0,13.0,264.0,110.0,8.629651209639068,115.0,128.0,374,154.0,46.0,0.41
07:32:55,115.0,27.0,127.67,30.0,111.0,102.0,129.0,30.0,12.670000000000002,129.0,60.0,3.5109215314536693,115.0,127.67,189,69.0,-166.5,0.37
07:32:56,115.0,26.0,125.62,65.0,111.0,221.0,128.0,65.0,10.620000000000005,247.0,130.0,0.9782484347163415,115.0,125.62,377,117.0,165.5,0.31
07:32:57,113.93,27.0,117.27,37.0,111.14,119.0,120.21,53.0,3.339999999999989,146.0,90.0,2.6068314099736027,113.93,117.27,236,56.0,-141.0,0.24
07:32:58,112.1,188.0,120.24,54.0,111.14,114.0,165.96,68.0,8.14,302.0,122.0,2.8706393016234077,112.1,120.24,424,180.0,165.5,0.42
07:32:59,112.0,169.0,121.85,65.0,111.0,91.0,122.52,21.0,9.849999999999994,260.0,86.0,2.58256268075431,112.0,121.85,346,174.0,-78.0,0.5
07:33:00,112.21,145.0,117.83,60.0,111.3,130.0,118.9,58.0,5.6200000000000045,275.0,118.0,2.0820494710800843,112.21,117.83,393,157.0,47.0,0.4
07:33:01,111.57,56.0,113.09,22.0,110.69,102.0,115.8,86.0,1.5200000000000102,158.0,108.0,1.755582524413136,111.57000000000001,113.09,266,50.0,-127.0,0.19
07:33:02,111.47,34.0,115.48,77.0,110.31,58.0,118.04,69.0,4.010000000000005,92.0,146.0,1.8882346252584148,111.47,115.48000000000002,238,-54.0,-28.0,-0.23
07:33:03,112.0,22.0,113.42,43.0,111.0,22.0,114.67,45.0,1.4200000000000017,44.0,88.0,1.8873182031721014,112.0,113.42000000000002,132,-44.0,-106.0,-0.33
07:33:04,109.57,35.0,112.5,18.0,108.5,50.0,131.9,50.0,2.930000000000007,85.0,68.0,1.4705543172643125,109.57,112.5,153,17.0,21.0,0.11
07:33:05,109.0,55.0,206.8,45.0,108.0,55.0,325.31,45.0,97.80000000000001,110.0,90.0,20.37182294248664,109.0,206.8,200,20.0,47.0,0.1
07:33:06,109.0,30.0,240.17,29.0,108.0,30.0,497.0,24.0,131.17,60.0,53.0,30.084208980792987,109.0,240.17,113,7.0,-87.0,0.06
07:33:07,110.95,39.0,136.16,37.0,104.64,53.0,217.25,36.0,25.209999999999994,92.0,73.0,28.67476852565728,110.95,136.16,165,19.0,52.0,0.12
07:33:08,118.39,33.0,126.21,38.0,113.68,38.0,129.0,38.0,7.819999999999993,71.0,76.0,27.002818741754083,118.39,126.21,147,-5.0,-18.0,-0.03
07:33:09,115.0,17.0,125.88,34.0,110.0,34.0,128.65,34.0,10.879999999999995,51.0,68.0,24.913562972807117,115.0,125.88,119,-17.0,-28.0,-0.14
07:33:10,115.0,13.0,124.0,26.0,110.0,26.0,125.15,26.0,9.0,39.0,52.0,23.817456203382118,115.0,124.0,91,-13.0,-28.0,-0.14
07:33:11,115.0,10.0,122.74,19.0,110.33,15.0,124.63,19.0,7.739999999999995,25.0,38.0,1.9571867565524907,115.0,122.74,63,-13.0,-28.0,-0.21
07:33:12,109.95,19.0,119.45,22.0,92.88,17.0,120.75,16.0,9.5,36.0,38.0,2.810217073470358,109.95,119.45,74,-2.0,11.0,-0.03
07:33:18,106.17,70.0,213.0,45.0,64.47,30.0,440.65,31.0,106.83,100.0,76.0,32.40995402650278,106.17,213.0,176,24.0,86.0,0.14
07:33:19,112.09,57.0,213.0,45.0,71.57,30.0,469.44,36.0,100.91,87.0,81.0,36.15022157608477,112.09,213.0,168,6.0,-8.0,0.04
07:33:20,116.0,66.0,238.04,46.0,112.0,46.0,502.22,45.0,122.03999999999999,112.0,91.0,34.27756292387231,116.0,238.04,203,21.0,35.0,0.1
07:33:21,116.0,48.0,230.0,32.0,114.47,34.0,414.25,40.0,114.0,82.0,72.0,14.276810568191566,116.0,230.0,154,10.0,-49.0,0.06
07:33:22,116.0,61.0,233.5,44.0,115.0,52.0,344.52,31.0,117.5,113.0,75.0,7.793275947894221,116.0,233.5,188,38.0,34.0,0.2
07:33:23,114.45,31.0,353.75,32.0,112.19,54.0,497.21,42.0,239.3,85.0,74.0,28.396420901233785,114.45,353.75,159,11.0,-29.0,0.07
07:33:24,114.86,58.0,183.78,27.0,112.16,50.0,261.97,29.0,68.92,108.0,56.0,31.385108252163587,114.86,183.78,164,52.0,5.0,0.32
07:33:25,115.0,72.0,182.0,24.0,112.0,48.0,305.0,24.0,67.0,120.0,48.0,34.836127511536446,115.0,182.0,168,72.0,4.0,0.43
07:33:26,115.0,99.0,176.32,31.0,112.0,66.0,315.77,39.0,61.31999999999999,165.0,70.0,37.458759723194596,115.0,176.32,235,95.0,67.0,0.4
07:33:27,115.0,99.0,160.11,28.0,112.75,48.0,163.5,24.0,45.110000000000014,147.0,52.0,40.00305338346094,115.0,160.10999999999999,199,95.0,-36.0,0.48
07:33:28,115.0,58.0,134.47,15.0,112.76,21.0,157.2,15.0,19.47,79.0,30.0,10.2918399715515,115.0,134.47,109,49.0,-90.0,0.45
07:33:29,115.0,33.0,154.88,17.0,112.0,47.0,157.67,27.0,39.879999999999995,80.0,44.0,9.41015037074462,115.0,154.88,124,36.0,15.0,0.29
07:33:30,116.97,190.0,151.36,22.0,114.61,38.0,153.0,26.0,34.390000000000015,228.0,48.0,7.507712700951268,116.97,151.36,276,180.0,152.0,0.65
07:33:31,117.0,170.0,148.5,28.0,115.0,30.0,149.5,12.0,31.5,200.0,40.0,4.851352388770045,117.0,148.5,240,160.0,-36.0,0.67
07:33:32,117.0,136.0,145.0,15.0,115.0,24.0,147.06,18.0,28.0,160.0,33.0,4.080633529248213,117.0,145.0,193,127.0,-47.0,0.66
07:33:33,118.0,34.0,143.5,16.0,116.96,156.0,145.92,26.0,25.5,190.0,42.0,1.8621949414668741,118.0,143.5,232,148.0,39.0,0.64
07:33:34,119.0,8.0,144.0,8.0,117.0,136.0,146.0,24.0,25.0,144.0,32.0,1.4211016853219094,119.0,144.0,176,112.0,-56.0,0.64
07:33:35,117.07,116.0,142.6,20.0,116.48,92.0,145.57,28.0,25.53,208.0,48.0,1.0730936585520807,117.07,142.6,256,160.0,80.0,0.62
07:33:36,117.0,121.0,131.86,21.0,115.0,33.0,140.44,27.0,14.860000000000014,154.0,48.0,2.8994085603833932,117.0,131.86,202,106.0,-54.0,0.52
07:33:37,117.0,77.0,124.84,19.0,115.0,21.0,132.0,24.0,7.840000000000003,98.0,43.0,4.601948500366366,117.0,124.84,141,55.0,-61.0,0.39
07:33:38,117.0,121.0,122.27,15.0,115.0,33.0,123.02,51.0,5.269999999999996,154.0,66.0,5.2688679998671395,117.0,122.27,220,88.0,79.0,0.4
07:33:39,117.0,143.0,120.15,41.0,115.0,39.0,122.62,37.0,3.1500000000000057,182.0,78.0,4.568290708790719,117.0,120.15000000000002,260,104.0,40.0,0.4
07:33:40,117.0,113.0,118.05,58.0,115.0,36.0,119.13,38.0,1.0499999999999972,149.0,96.0,2.6702396896202445,117.0,118.05,245,53.0,-15.0,0.22
07:33:41,116.82,66.0,118.12,51.0,115.72,58.0,179.57,35.0,1.3000000000000114,124.0,86.0,1.4675762331214806,116.82,118.12,210,38.0,-35.0,0.18
07:33:42,116.0,42.0,118.5,24.0,115.0,65.0,288.6,25.0,2.5,107.0,49.0,1.0006997551828147,116.0,118.5,156,58.0,-54.0,0.37
07:33:43,116.0,31.0,117.78,46.0,115.0,120.0,294.88,40.0,1.7800000000000011,151.0,86.0,0.6269928229436699,116.0,117.78,237,65.0,81.0,0.27
07:33:44,115.29,28.0,137.43,28.0,114.82,88.0,303.09,22.0,22.14,116.0,50.0,4.06620215926644,115.29,137.43,166,66.0,-71.0,0.4
07:33:45,115.0,80.0,258.9,20.0,113.0,32.0,436.57,23.0,143.89999999999998,112.0,43.0,30.428055803814093,115.0,258.9,155,69.0,-11.0,0.45
07:33:46,115.0,50.0,232.92,26.0,113.0,40.0,230.89,36.0,117.91999999999999,90.0,62.0,33.554398668431325,115.0,232.92000000000002,152,28.0,-3.0,0.18
07:33:47,115.0,25.0,221.0,10.0,112.17,24.0,258.0,20.0,106.0,49.0,30.0,30.904258120848443,115.0,221.0,79,19.0,-73.0,0.24
07:33:48,115.0,45.0,220.0,18.0,112.55,33.0,258.0,36.0,105.0,78.0,54.0,22.745269398273308,115.0,220.0,132,24.0,53.0,0.18
07:33:49,115.0,50.0,218.8,20.0,113.0,30.0,258.0,40.0,103.80000000000001,80.0,60.0,8.476627867261204,115.0,218.8,140,20.0,8.0,0.14
07:33:50,115.0,45.0,197.89,18.0,113.0,27.0,220.28,25.0,82.88999999999999,72.0,43.0,6.329439153671407,115.0,197.89,115,29.0,-25.0,0.25
07:33:51,116.0,24.0,186.0,34.0,115.0,60.0,196.05,38.0,70.0,84.0,72.0,7.780881698112873,116.0,186.0,156,12.0,41.0,0.08
07:33:52,114.44,25.0,184.82,22.0,112.32,169.0,186.0,44.0,70.38,194.0,66.0,8.522298985604017,114.44,184.82,260,128.0,104.0,0.49
07:33:53,113.0,10.0,170.48,29.0,112.0,261.0,178.8,15.0,57.47999999999999,271.0,44.0,9.315139290425352,113.0,170.48,315,227.0,55.0,0.72
07:33:54,113.0,16.0,168.95,55.0,112.0,464.0,171.94,31.0,55.94999999999999,480.0,86.0,6.547696541534652,113.0,168.95,566,394.0,165.5,0.7
07:33:55,112.05,132.0,164.71,51.0,111.95,213.0,165.43,21.0,52.66000000000001,345.0,72.0,5.611998752674835,112.05,164.71,417,273.0,-149.0,0.65
07:33:56,112.15,103.0,142.53,15.0,111.9,83.0,157.33,18.0,30.379999999999995,186.0,33.0,8.04444963934901,112.15,142.53,219,153.0,-166.5,0.7
07:33:57,117.0,18.0,129.57,46.0,112.0,450.0,136.96,51.0,12.569999999999993,468.0,97.0,8.461118129421239,117.0,129.57,565,371.0,165.5,0.66
07:33:58,117.0,11.0,125.22,27.0,112.0,275.0,126.26,43.0,8.219999999999999,286.0,70.0,8.966578500187202,117.0,125.22,356,216.0,-166.5,0.61
07:33:59,117.0,10.0,121.57,28.0,112.0,250.0,125.0,32.0,4.569999999999993,260.0,60.0,7.604646605859993,117.0,121.57000000000001,320,200.0,-36.0,0.62
07:34:00,112.61,114.0,118.73,77.0,111.98,358.0,120.37,49.0,6.1200000000000045,472.0,126.0,4.363710577022319,112.60999999999999,118.73000000000002,598,346.0,165.5,0.58
07:34:01,112.0,325.0,114.76,21.0,111.0,26.0,116.28,29.0,2.760000000000005,351.0,50.0,4.015511175431533,112.0,114.76,401,301.0,-166.5,0.75
07:34:02,112.0,253.0,113.16,49.0,111.0,26.0,126.0,39.0,1.1599999999999966,279.0,88.0,3.7007337110382315,112.0,113.16,367,191.0,-34.0,0.52
07:34:03,112.0,99.0,169.53,32.0,111.0,20.0,492.31,39.0,57.53,119.0,71.0,11.714899487405612,112.0,169.53,190,48.0,-166.5,0.25
07:34:04,112.14,28.0,180.0,21.0,111.84,38.0,541.0,28.0,67.86,66.0,49.0,16.3291098961339,112.14,180.0,115,17.0,-75.0,0.15
07:34:05,112.62,58.0,202.89,27.0,111.76,42.0,518.11,36.0,90.26999999999998,100.0,63.0,20.245497030204547,112.62,202.89,163,37.0,48.0,0.23
07:34:06,119.0,21.0,302.96,27.0,112.0,56.0,382.13,23.0,183.95999999999998,77.0,50.0,36.102744355519974,119.0,302.96,127,27.0,-36.0,0.21
07:34:07,119.0,17.0,271.53,30.0,112.0,64.0,358.27,26.0,152.52999999999997,81.0,56.0,31.204536849631918,119.0,271.53,137,25.0,10.0,0.18
07:34:08,113.47,38.0,349.42,33.0,111.76,42.0,461.5,30.0,235.95000000000002,80.0,63.0,35.85233995152957,113.46999999999998,349.42,143,17.0,6.0,0.12
07:34:09,112.0,27.0,305.73,22.0,110.41,37.0,333.68,19.0,193.73000000000002,64.0,41.0,27.34905245159417,112.0,305.73,105,23.0,-38.0,0.22
07:34:10,111.63,19.0,323.36,44.0,110.07,166.0,365.74,34.0,211.73000000000002,185.0,78.0,13.1913672528686,111.63,323.36,263,107.0,158.0,0.41
07:34:11,111.0,9.0,258.0,36.0,110.0,198.0,402.0,36.0,147.0,207.0,72.0,18.39853064785479,111.0,258.0,279,135.0,16.0,0.48
07:34:12,114.79,19.0,128.78,36.0,110.27,30.0,129.89,36.0,13.989999999999995,49.0,72.0,43.22778296420077,114.79,128.78,121,-23.0,-158.0,-0.19
07:34:13,115.0,24.0,127.2,25.0,111.0,8.0,153.52,29.0,12.200000000000003,32.0,54.0,46.6105687585985,115.0,127.2,86,-22.0,-35.0,-0.26
07:34:14,115.0,30.0,123.32,19.0,112.5,16.0,124.0,20.0,8.319999999999993,46.0,39.0,45.524058694277585,115.0,123.32,85,7.0,-1.0,0.08
07:34:15,115.0,33.0,119.09,22.0,113.0,22.0,121.0,11.0,4.090000000000003,55.0,33.0,29.005598080371026,115.0,119.09,88,22.0,3.0,0.25
07:34:16,115.0,41.0,117.29,34.0,113.56,45.0,118.37,27.0,2.2900000000000063,86.0,61.0,2.4534404415061983,115.0,117.29,147,25.0,59.0,0.17
07:34:17,114.11,9.0,117.0,36.0,112.43,14.0,118.0,9.0,2.8900000000000006,23.0,45.0,2.293584530820185,114.11,117.0,68,-22.0,-79.0,-0.32
07:34:18,113.0,8.0,116.93,30.0,111.0,8.0,117.64,11.0,3.930000000000007,16.0,41.0,1.635136079969244,113.0,116.93,57,-25.0,-11.0,-0.44
07:34:19,112.08,13.0,114.39,23.0,110.05,139.0,116.32,31.0,2.3100000000000023,152.0,54.0,1.432138261487599,112.08,114.38999999999999,206,98.0,149.0,0.48
07:34:20,111.0,11.0,112.78,23.0,110.0,242.0,113.88,24.0,1.7800000000000011,253.0,47.0,1.7602556632535786,111.0,112.78,300,206.0,94.0,0.69
07:34:21,110.44,34.0,134.12,16.0,109.98,139.0,299.27,22.0,23.680000000000007,173.0,38.0,4.012509190022725,110.44,134.12,211,135.0,-89.0,0.64
07:34:22,112.0,20.0,224.62,16.0,111.0,16.0,371.42,19.0,112.62,36.0,35.0,23.914994877691726,112.0,224.62,71,1.0,-140.0,0.01
07:34:23,112.0,20.0,308.46,28.0,111.0,21.0,322.86,29.0,196.45999999999998,41.0,57.0,43.06952426020085,112.0,308.46,98,-16.0,27.0,-0.16
07:34:24,115.0,14.0,255.79,38.0,112.0,50.0,282.53,49.0,140.79,64.0,87.0,41.75347171194314,115.0,255.79000000000002,151,-23.0,53.0,-0.15
07:34:25,111.07,28.0,137.43,14.0,111.7,20.0,147.43,14.0,26.360000000000014,48.0,28.0,38.45692291382706,111.07000000000001,137.43,76,20.0,-75.0,0.26
07:34:26,110.23,124.0,120.47,17.0,109.56,78.0,121.57,14.0,10.239999999999995,202.0,31.0,40.32974683778757,110.23,120.47,233,171.0,157.0,0.73
07:34:27,112.0,99.0,117.81,47.0,110.0,308.0,118.3,46.0,5.810000000000002,407.0,93.0,44.65365920056308,112.0,117.80999999999999,500,314.0,165.5,0.63
07:34:28,112.0,56.0,113.32,37.0,110.0,198.0,114.57,35.0,1.3199999999999932,254.0,72.0,30.99646028178094,112.0,113.32000000000001,326,182.0,-166.5,0.56
07:34:29,109.97,202.0,112.54,39.0,107.63,116.0,114.12,32.0,2.5700000000000074,318.0,71.0,5.072166203903262,109.97,112.54,389,247.0,63.0,0.63
07:34:30,109.03,130.0,111.1,41.0,78.34,67.0,171.28,43.0,2.069999999999993,197.0,84.0,2.282132774405865,109.03,111.09999999999998,281,113.0,-108.0,0.4
07:34:31,110.0,36.0,111.0,27.0,109.0,72.0,143.0,36.0,1.0,108.0,63.0,1.9584636836094413,110.0,111.0,171,45.0,-110.0,0.26
07:34:32,110.6,40.0,243.64,22.0,108.9,62.0,455.24,21.0,133.04,102.0,43.0,29.533711585238013,110.6,243.64,145,59.0,-26.0,0.41
07:34:33,109.14,50.0,279.0,16.0,108.36,22.0,421.62,8.0,169.86,72.0,24.0,41.51167125038485,109.14,279.0,96,48.0,-49.0,0.5
07:34:34,110.03,33.0,161.15,13.0,108.62,16.0,196.06,17.0,51.120000000000005,49.0,30.0,38.52942343196988,110.03,161.15000000000003,79,19.0,-17.0,0.24
07:34:35,117.0,12.0,189.57,14.0,110.6,35.0,294.71,7.0,72.57,47.0,21.0,33.059629913234545,117.0,189.57,68,26.0,-11.0,0.38
07:34:36,114.5,16.0,231.0,15.0,111.4,35.0,377.0,5.0,116.5,51.0,20.0,22.59349198331315,114.5,231.0,71,31.0,3.0,0.44
07:34:37,113.0,20.0,377.0,4.0,109.0,28.0,382.0,12.0,264.0,48.0,16.0,42.31164615091261,113.0,377.0,64,32.0,-7.0,0.5
07:34:38,113.0,20.0,377.0,4.0,109.0,28.0,382.0,12.0,264.0,48.0,16.0,51.6117799538055,113.0,377.0,64,32.0,0.0,0.5
07:34:39,113.0,50.0,230.75,16.0,109.0,70.0,379.97,32.0,117.75,120.0,48.0,43.977084146178235,113.0,230.75,168,72.0,104.0,0.43
07:34:40,113.0,19.0,240.0,36.0,109.0,77.0,297.23,40.0,127.0,96.0,76.0,39.085711967419,113.0,240.0,172,20.0,4.0,0.12
07:34:41,109.0,55.0,251.67,27.0,108.0,22.0,311.07,27.0,142.67,77.0,54.0,37.781875548998904,109.0,251.66999999999996,131,23.0,-41.0,0.18
07:34:42,109.56,43.0,155.0,36.0,108.58,24.0,426.09,33.0,45.44,67.0,69.0,40.53799353692826,109.56,155.0,136,-2.0,5.0,-0.01
07:34:43,111.36,33.0,151.09,23.0,109.0,22.0,180.06,36.0,39.730000000000004,55.0,59.0,24.54943441303761,111.36,151.09,114,-4.0,-22.0,-0.04
07:34:44,112.17,96.0,136.57,14.0,111.23,61.0,153.96,46.0,24.39999999999999,157.0,60.0,27.109824234030626,112.17,136.57,217,97.0,103.0,0.45
07:34:45,113.6,30.0,132.92,39.0,112.27,44.0,191.39,23.0,19.319999999999993,74.0,62.0,23.83795565899125,113.6,132.92,136,12.0,-81.0,0.09
07:34:46,112.0,44.0,130.55,33.0,109.48,42.0,161.65,23.0,18.55000000000001,86.0,56.0,4.953965078604335,112.0,130.55,142,30.0,6.0,0.21
07:34:47,112.0,56.0,127.29,42.0,110.0,86.0,131.0,42.0,15.290000000000006,142.0,84.0,4.455595358650845,112.0,127.29,226,58.0,84.0,0.26
07:34:48,115.55,29.0,125.0,30.0,111.51,49.0,128.0,30.0,9.450000000000003,78.0,60.0,1.999182332862792,115.55,125.0,138,18.0,-88.0,0.13
07:34:49,119.0,21.0,123.0,33.0,117.0,22.0,124.0,33.0,4.0,43.0,66.0,1.3700364958754305,119.0,123.0,109,-23.0,-29.0,-0.21
07:34:50,118.38,13.0,121.91,33.0,115.46,26.0,153.34,35.0,3.530000000000001,39.0,68.0,0.661112698433887,118.38000000000001,121.91,107,-29.0,-2.0,-0.27
07:34:51,115.73,11.0,119.69,26.0,112.38,32.0,212.9,29.0,3.9599999999999937,43.0,55.0,1.2426705114512226,115.73,119.69,98,-12.0,-9.0,-0.12
07:34:52,113.09,22.0,116.42,36.0,111.73,44.0,178.57,28.0,3.3299999999999983,66.0,64.0,2.5710445348204862,113.09,116.42,130,2.0,32.0,0.02
07:34:53,112.67,24.0,114.21,14.0,111.72,43.0,123.51,35.0,1.539999999999992,67.0,49.0,3.2909800971792698,112.67,114.21,116,18.0,-14.0,0.16
07:34:54,112.4,30.0,333.16,25.0,111.77,52.0,414.64,22.0,220.76000000000002,82.0,47.0,47.595791095432304,112.4,333.16,129,35.0,13.0,0.27
07:34:55,114.0,13.0,339.0,26.0,112.0,65.0,442.77,26.0,225.0,78.0,52.0,59.922391724630266,114.0,339.0,130,26.0,1.0,0.2
07:34:56,112.0,22.0,156.64,22.0,111.0,33.0,224.73,22.0,44.639999999999986,55.0,44.0,57.46876560358712,112.0,156.64,99,11.0,-31.0,0.11
07:34:57,112.0,20.0,168.34,32.0,111.0,30.0,417.25,32.0,56.34,50.0,64.0,53.16762755662547,112.0,168.34,114,-14.0,15.0,-0.12
07:34:58,112.0,28.0,163.29,52.0,111.0,42.0,164.78,46.0,51.28999999999999,70.0,98.0,47.85917278850566,112.0,163.29,168,-28.0,54.0,-0.17
07:34:59,112.67,18.0,121.67,63.0,111.73,33.0,154.7,60.0,9.0,51.0,123.0,43.06562376188271,112.67,121.67,174,-72.0,6.0,-0.41
07:35:00,111.88,26.0,114.29,72.0,111.21,38.0,117.15,33.0,2.410000000000011,64.0,105.0,12.444230390025481,111.88000000000001,114.29000000000002,169,-41.0,-5.0,-0.24
07:35:01,109.21,96.0,111.64,84.0,100.58,48.0,148.18,66.0,2.430000000000007,144.0,150.0,14.1146236223299,109.21,111.64,294,-6.0,125.0,-0.02
07:35:02,104.71,14.0,110.89,45.0,83.86,14.0,244.11,36.0,6.180000000000007,28.0,81.0,11.925562041263829,104.71,110.89,109,-53.0,-166.5,-0.49
07:35:03,99.38,16.0,108.77,35.0,68.04,23.0,243.86,28.0,9.39,39.0,63.0,4.995900319265,99.38,108.77,102,-24.0,-7.0,-0.24
07:35:04,100.0,11.0,108.19,27.0,73.0,22.0,173.42,38.0,8.189999999999998,33.0,65.0,3.9538563453964564,100.0,108.19,98,-32.0,-4.0,-0.33
07:35:05,101.3,60.0,167.18,33.0,100.0,10.0,289.57,37.0,65.88000000000001,70.0,70.0,12.650060474165034,101.3,167.18,140,0.0,42.0,0.0
07:35:06,103.41,32.0,269.0,32.0,87.88,16.0,374.0,24.0,165.59,48.0,56.0,35.27023745312802,103.41,269.0,104,-8.0,-36.0,-0.08
07:35:07,105.77,47.0,252.08,52.0,78.43,28.0,374.0,39.0,146.31,75.0,91.0,39.53342547768959,105.77,252.07999999999998,166,-16.0,62.0,-0.1
07:35:08,107.4,20.0,193.77,26.0,86.4,20.0,404.46,26.0,86.37,40.0,52.0,33.54102085506697,107.4,193.77,92,-12.0,-74.0,-0.13
07:35:09,112.0,20.0,280.64,22.0,99.7,20.0,376.92,26.0,168.64,40.0,48.0,25.922313168389106,112.0,280.64,88,-8.0,-4.0,-0.09
07:35:10,116.0,12.0,293.6,15.0,113.0,12.0,403.6,15.0,177.60000000000002,24.0,30.0,20.796290053758177,116.0,293.6,54,-6.0,-34.0,-0.11
07:35:11,115.4,15.0,352.08,25.0,112.22,18.0,432.1,20.0,236.67999999999998,33.0,45.0,30.85300179885326,115.4,352.08,78,-12.0,24.0,-0.15
07:35:13,114.23,13.0,325.66,29.0,109.67,12.0,398.91,22.0,211.43,25.0,51.0,32.55918887196126,114.23,325.66,76,-26.0,-63.0,-0.34
07:35:14,109.0,18.0,164.39,31.0,100.0,18.0,244.19,32.0,55.389999999999986,36.0,63.0,51.76131924516651,109.0,164.39,99,-27.0,23.0,-0.27
07:35:15,113.29,28.0,135.82,11.0,78.54,13.0,160.62,32.0,22.529999999999987,41.0,43.0,66.10917235906106,113.29,135.82,84,-2.0,-15.0,-0.02
07:35:16,119.0,90.0,134.5,8.0,109.0,16.0,164.0,32.0,15.5,106.0,40.0,69.21396101943627,119.0,134.5,146,66.0,62.0,0.45
07:35:17,119.0,121.0,132.75,32.0,109.0,22.0,144.6,30.0,13.75,143.0,62.0,41.18973136596112,119.0,132.75,205,81.0,59.0,0.4
07:35:18,119.0,80.0,128.88,32.0,109.0,16.0,130.5,32.0,9.879999999999995,96.0,64.0,5.220150380979479,119.0,128.88,160,32.0,-45.0,0.2
07:35:19,119.0,86.0,123.85,41.0,109.0,28.0,124.19,53.0,4.849999999999994,114.0,94.0,2.043734327166829,119.0,123.84999999999998,208,20.0,48.0,0.1
07:35:20,119.0,28.0,120.5,16.0,109.86,56.0,159.84,38.0,1.5,84.0,54.0,2.9476855327595586,119.0,120.5,138,30.0,-70.0,0.22
07:35:21,117.5,28.0,152.52,54.0,110.69,32.0,345.8,41.0,35.02000000000001,60.0,95.0,5.962413102095499,117.5,152.52,155,-35.0,17.0,-0.23
07:35:22,112.0,51.0,293.67,30.0,109.0,18.0,336.36,33.0,181.67000000000002,69.0,63.0,35.29726504985962,112.0,293.67,132,6.0,-23.0,0.05
07:35:23,111.83,47.0,220.13,55.0,103.75,40.0,347.86,44.0,108.3,87.0,99.0,35.34606343003477,111.83,220.13,186,-12.0,54.0,-0.06
07:35:24,109.78,9.0,177.55,22.0,104.2,20.0,192.29,34.0,67.77000000000001,29.0,56.0,32.275969853747874,109.78,177.55,85,-27.0,-101.0,-0.32
07:35:25,114.29,28.0,173.62,16.0,109.29,21.0,189.7,37.0,59.33,49.0,53.0,27.405710536310522,114.29,173.62,102,-4.0,17.0,-0.04
07:35:26,115.0,33.0,172.73,22.0,112.0,11.0,401.55,22.0,57.72999999999999,44.0,44.0,25.763002930559963,115.0,172.73,88,0.0,-14.0,0.0
07:35:27,112.0,14.0,171.33,12.0,94.0,8.0,273.36,22.0,59.33000000000001,22.0,34.0,10.191843797863143,112.0,171.33,56,-12.0,-32.0,-0.21
07:35:28,116.0,15.0,171.0,10.0,109.0,10.0,232.6,20.0,55.0,25.0,30.0,0.9448809449033543,116.0,171.0,55,-5.0,-1.0,-0.09
07:35:29,116.0,33.0,157.64,22.0,109.0,28.0,217.32,38.0,41.639999999999986,61.0,60.0,3.0201523140466646,116.0,157.64,121,1.0,66.0,0.01
07:35:30,110.62,26.0,168.17,23.0,97.46,13.0,169.38,26.0,57.54999999999998,39.0,49.0,2.95514297455155,110.61999999999999,168.17,88,-10.0,-33.0,-0.11
07:35:31,109.1,40.0,164.79,38.0,90.04,28.0,165.3,53.0,55.69,68.0,91.0,2.929271240435288,109.1,164.79,159,-23.0,71.0,-0.14
07:35:32,111.56,9.0,162.67,18.0,109.47,15.0,165.0,45.0,51.109999999999985,24.0,63.0,2.857563647592348,111.56,162.67,87,-39.0,-72.0,-0.45
07:35:33,112.92,13.0,160.38,16.0,110.25,8.0,165.0,40.0,47.459999999999994,21.0,56.0,1.1350198236336202,112.92,160.38,77,-35.0,-10.0,-0.45
07:35:34,112.0,6.0,160.0,12.0,110.0,6.0,165.0,30.0,48.0,12.0,42.0,1.2857565866217833,112.0,160.0,54,-30.0,-23.0,-0.56
07:35:35,112.67,15.0,158.38,37.0,110.36,11.0,163.5,40.0,45.709999999999994,26.0,77.0,0.6676301371577951,112.67,158.38,103,-51.0,49.0,-0.5
07:35:36,112.25,8.0,156.62,40.0,110.5,8.0,159.0,16.0,44.370000000000005,16.0,56.0,1.0371740452023277,112.25,156.62,72,-40.0,-31.0,-0.56
07:35:37,110.67,9.0,154.56,45.0,109.11,27.0,159.0,18.0,43.89,36.0,63.0,1.581843860828684,110.67,154.56,99,-27.0,27.0,-0.27
07:35:38,113.0,12.0,152.0,21.0,110.0,6.0,154.0,21.0,39.0,18.0,42.0,1.6168735262974219,113.0,152.0,60,-24.0,-39.0,-0.4
07:35:39,109.5,22.0,147.79,28.0,99.56,54.0,151.02,41.0,38.28999999999999,76.0,69.0,2.622159415451622,109.5,147.79,145,7.0,85.0,0.05
07:35:40,111.18,49.0,146.91,44.0,103.64,44.0,148.45,62.0,35.72999999999999,93.0,106.0,2.5022130205163586,111.18,146.91,199,-13.0,54.0,-0.07
07:35:41,112.45,110.0,143.37,54.0,111.4,45.0,146.98,51.0,30.92,155.0,105.0,2.2406182182696037,112.45,143.37,260,50.0,61.0,0.19
07:35:42,119.0,18.0,139.16,32.0,113.0,81.0,140.18,38.0,20.159999999999997,99.0,70.0,1.7766626016330953,119.0,139.16,169,29.0,-91.0,0.17
07:35:43,119.0,28.0,134.52,64.0,113.0,126.0,136.16,62.0,15.52000000000001,154.0,126.0,0.9758944615283858,119.0,134.52,280,28.0,111.0,0.1
07:35:44,119.0,26.0,131.02,46.0,113.0,117.0,132.72,61.0,12.02000000000001,143.0,107.0,1.7172274165182209,119.0,131.02,250,36.0,-30.0,0.14
07:35:45,119.0,24.0,127.07,57.0,114.6,60.0,128.55,55.0,8.069999999999993,84.0,112.0,2.387770927045128,119.0,127.07,196,-28.0,-54.0,-0.14
07:35:46,119.0,26.0,123.34,53.0,115.0,143.0,124.81,63.0,4.340000000000003,169.0,116.0,3.09248605494707,119.0,123.34,285,53.0,89.0,0.19
07:35:47,115.48,100.0,120.11,54.0,113.96,138.0,122.56,54.0,4.6299999999999955,238.0,108.0,3.47384944982397,115.48,120.11,346,130.0,61.0,0.38
07:35:48,115.0,129.0,117.48,46.0,113.0,108.0,118.5,40.0,2.480000000000004,237.0,86.0,3.6250062068971034,115.0,117.48,323,151.0,-23.0,0.47
07:35:49,115.0,52.0,116.0,36.0,113.0,81.0,129.12,33.0,1.0,133.0,69.0,3.241357740213617,115.0,116.0,202,64.0,-121.0,0.32
07:35:50,113.09,94.0,138.21,39.0,111.55,51.0,182.4,42.0,25.120000000000005,145.0,81.0,4.179386318593037,113.09,138.21,226,64.0,24.0,0.28
07:35:51,113.0,81.0,137.92,39.0,111.0,104.0,463.75,59.0,24.919999999999987,185.0,98.0,5.021882117298509,113.0,137.92,283,87.0,57.0,0.31
07:35:52,114.44,50.0,136.0,39.0,111.78,72.0,322.72,29.0,21.560000000000002,122.0,68.0,5.2522642736292715,114.44,136.0,190,54.0,-93.0,0.28
07:35:53,114.14,28.0,134.38,24.0,111.5,48.0,398.0,40.0,20.239999999999995,76.0,64.0,4.347484330051377,114.14,134.38,140,12.0,-50.0,0.09
07:35:54,112.73,15.0,132.08,36.0,111.85,52.0,201.5,32.0,19.35000000000001,67.0,68.0,1.3358705027217896,112.73,132.08,135,-1.0,-5.0,-0.01
07:35:55,111.43,51.0,129.95,58.0,111.06,64.0,133.0,48.0,18.519999999999982,115.0,106.0,2.0250604929340352,111.43,129.95,221,9.0,86.0,0.04
07:35:56,112.22,69.0,126.54,39.0,110.71,68.0,133.0,39.0,14.320000000000007,137.0,78.0,2.421584192226721,112.22,126.54,215,59.0,-6.0,0.27
07:35:57,111.0,89.0,124.18,50.0,110.0,12.0,309.86,43.0,13.180000000000007,101.0,93.0,2.5920320214153283,111.0,124.18,194,8.0,-21.0,0.04
07:35:58,111.08,75.0,121.83,53.0,110.33,18.0,123.64,67.0,10.75,93.0,120.0,2.376979175348945,111.08,121.83,213,-27.0,19.0,-0.13
07:35:59,111.85,26.0,119.23,65.0,110.92,24.0,122.0,39.0,7.38000000000001,50.0,104.0,2.104084123803665,111.85,119.23,154,-54.0,-59.0,-0.35
07:36:00,111.0,22.0,115.43,35.0,110.0,11.0,116.45,51.0,4.430000000000007,33.0,86.0,2.3026788747115283,111.0,115.43,119,-53.0,-35.0,-0.45
07:36:01,110.39,23.0,114.83,48.0,109.24,42.0,304.54,52.0,4.439999999999998,65.0,100.0,2.1221380728036614,110.38999999999999,114.83,165,-35.0,46.0,-0.21
07:36:02,109.0,33.0,114.14,70.0,59.14,98.0,377.54,61.0,5.140000000000001,131.0,131.0,2.049992682924235,109.0,114.14,262,0.0,97.0,0.0
07:36:03,109.64,11.0,136.67,45.0,75.0,28.0,340.82,44.0,27.029999999999987,39.0,89.0,4.668027420660991,109.64,136.67,128,-50.0,-134.0,-0.39
07:36:04,109.0,26.0,335.89,53.0,51.16,79.0,382.0,40.0,226.89,105.0,93.0,48.21441983473453,109.0,335.89,198,12.0,70.0,0.06
07:36:05,109.0,20.0,333.3,40.0,91.6,10.0,406.1,20.0,224.3,30.0,60.0,58.24685897110712,109.0,333.3,90,-30.0,-108.0,-0.33
07:36:06,109.0,18.0,321.73,37.0,69.56,25.0,409.16,38.0,212.73000000000002,43.0,75.0,56.239175225104816,109.0,321.73,118,-32.0,28.0,-0.27
07:36:07,109.0,18.0,307.11,36.0,66.07,41.0,404.48,31.0,198.11,59.0,67.0,42.244309320901955,109.0,307.11,126,-8.0,8.0,-0.06
07:36:08,96.4,50.0,331.3,40.0,77.19,48.0,440.0,20.0,234.9,98.0,60.0,5.829319857414338,96.4,331.3,158,38.0,32.0,0.24
07:36:09,94.39,69.0,112.2,59.0,85.82,77.0,134.76,58.0,17.810000000000002,146.0,117.0,49.99464101281299,94.39,112.2,263,29.0,105.0,0.11
07:36:12,95.11,27.0,106.0,18.0,60.39,23.0,109.0,27.0,10.89,50.0,45.0,50.942983324497554,95.11,106.0,95,5.0,19.0,0.05
07:36:13,102.7,47.0,106.0,18.0,91.58,19.0,109.0,27.0,3.299999999999997,66.0,45.0,2.872290027144697,102.70000000000002,106.0,111,21.0,16.0,0.19
07:36:14,97.05,43.0,106.59,29.0,92.19,32.0,200.75,40.0,9.540000000000006,75.0,69.0,2.629092999502846,97.05,106.59,144,6.0,33.0,0.04
07:36:18,100.0,24.0,106.0,8.0,82.76,29.0,108.5,16.0,6.0,53.0,24.0,1.5558663181761272,100.0,106.0,77,29.0,2.0,0.38
07:36:19,100.0,33.0,138.22,27.0,74.73,44.0,168.67,18.0,38.22,77.0,45.0,8.16625066967915,100.0,138.22,122,32.0,45.0,0.26
07:36:20,110.27,45.0,197.59,17.0,99.76,17.0,428.8,10.0,87.32000000000001,62.0,27.0,22.65573282858085,110.27,197.59,89,35.0,-33.0,0.39
07:36:21,114.0,36.0,165.13,15.0,111.84,38.0,222.25,24.0,51.129999999999995,74.0,39.0,22.777667132523398,114.0,165.13,113,35.0,24.0,0.31
07:36:22,119.0,16.0,139.14,7.0,116.0,42.0,253.18,11.0,20.139999999999986,58.0,18.0,19.410218442872736,119.0,139.14,76,40.0,-37.0,0.53
07:36:23,119.0,5.0,125.0,5.0,116.0,30.0,144.0,5.0,6.0,35.0,10.0,14.232518399778625,119.0,125.0,45,25.0,-31.0,0.56
07:36:24,119.0,9.0,143.44,9.0,116.0,54.0,146.0,9.0,24.439999999999998,63.0,18.0,12.222502607896525,119.0,143.44,81,45.0,36.0,0.56
07:36:25,119.0,11.0,139.45,11.0,116.0,66.0,208.73,11.0,20.44999999999999,77.0,22.0,6.2907368407871544,119.0,139.45,99,55.0,18.0,0.56
07:36:26,115.65,40.0,135.87,15.0,114.15,71.0,271.35,17.0,20.22,111.0,32.0,3.6250558616435846,115.65,135.87,143,79.0,44.0,0.55
07:36:27,115.35,43.0,134.75,12.0,113.88,43.0,368.75,12.0,19.400000000000006,86.0,24.0,3.623392057180183,115.35000000000001,134.75,110,62.0,-33.0,0.56
07:36:28,113.0,8.0,134.0,8.0,111.0,48.0,387.0,8.0,21.0,56.0,16.0,3.1764713126418234,113.0,134.0,72,40.0,-38.0,0.56
07:36:29,113.0,29.0,131.38,13.0,111.0,78.0,260.74,39.0,18.379999999999995,107.0,52.0,2.669855801356374,113.0,131.38,159,55.0,87.0,0.35
07:36:30,111.0,78.0,128.46,13.0,109.0,26.0,206.71,42.0,17.460000000000008,104.0,55.0,2.403982113085721,111.0,128.46,159,49.0,0.0,0.31
07:36:31,111.47,34.0,139.79,14.0,110.39,69.0,205.97,29.0,28.319999999999993,103.0,43.0,2.3704640895900697,111.47,139.79,146,60.0,-13.0,0.41
07:36:32,112.0,20.0,172.22,18.0,111.0,60.0,194.0,27.0,60.22,80.0,45.0,8.91278407682115,112.0,172.22,125,35.0,-21.0,0.28
07:36:33,112.0,14.0,169.28,18.0,111.0,42.0,171.76,17.0,57.28,56.0,35.0,10.55236466390529,112.0,169.28,91,21.0,-34.0,0.23
07:36:34,112.0,22.0,167.67,57.0,111.0,66.0,168.51,39.0,55.66999999999999,88.0,96.0,10.206513606518026,112.0,167.67,184,-8.0,93.0,-0.04
07:36:35,112.0,26.0,165.95,37.0,111.0,78.0,167.16,49.0,53.94999999999999,104.0,86.0,6.700334320020026,112.0,165.95,190,18.0,6.0,0.09
07:36:36,112.0,22.0,163.0,41.0,111.0,66.0,163.91,43.0,51.0,88.0,84.0,1.7335656895654414,112.0,163.0,172,4.0,-18.0,0.02
07:36:37,112.5,40.0,159.48,46.0,111.04,56.0,161.0,46.0,46.97999999999999,96.0,92.0,1.8596047967345941,112.5,159.48,188,4.0,16.0,0.02
07:36:38,112.0,17.0,156.46,46.0,110.0,20.0,157.94,18.0,44.46000000000001,37.0,64.0,2.256696700941041,112.0,156.46,101,-27.0,-87.0,-0.27
07:36:39,116.0,20.0,154.68,22.0,112.29,35.0,155.11,66.0,38.68000000000001,55.0,88.0,1.858448277471836,116.0,154.68,143,-33.0,42.0,-0.23
07:36:40,114.31,26.0,150.98,48.0,112.14,14.0,152.94,52.0,36.66999999999999,40.0,100.0,1.83099699618483,114.31,150.98,140,-60.0,-3.0,-0.43
07:36:41,111.11,35.0,149.47,32.0,110.56,36.0,150.7,56.0,38.36,71.0,88.0,2.2894475316192775,111.11,149.47,159,-17.0,19.0,-0.11
07:36:42,111.0,22.0,145.37,41.0,110.0,22.0,145.9,29.0,34.370000000000005,44.0,70.0,2.913851403218296,111.0,145.37,114,-26.0,-45.0,-0.23
07:36:43,109.86,28.0,141.16,63.0,67.27,33.0,142.56,39.0,31.299999999999997,61.0,102.0,3.816853416105583,109.86,141.16,163,-41.0,49.0,-0.25
07:36:44,115.0,36.0,139.22,45.0,109.0,9.0,140.05,37.0,24.22,45.0,82.0,2.784587940797792,115.0,139.22,127,-37.0,-36.0,-0.29
07:36:45,115.87,99.0,137.73,55.0,112.82,11.0,139.18,55.0,21.859999999999985,110.0,110.0,1.7901312801122438,115.87,137.73,220,0.0,93.0,0.0
07:36:46,116.0,107.0,133.92,49.0,115.0,15.0,134.09,55.0,17.919999999999987,122.0,104.0,1.2879712729855979,116.0,133.92,226,18.0,6.0,0.08
07:36:47,116.0,36.0,128.55,11.0,115.0,9.0,129.82,39.0,12.550000000000011,45.0,50.0,1.9275761982437771,116.0,128.55,95,-5.0,-131.0,-0.05
07:36:48,109.21,38.0,126.91,11.0,99.57,14.0,128.0,33.0,17.700000000000003,52.0,44.0,3.7610570322763874,109.21,126.91,96,8.0,1.0,0.08
07:36:49,93.23,22.0,122.9,31.0,84.48,25.0,124.9,31.0,29.67,47.0,62.0,7.451138839132923,93.23,122.9,109,-15.0,13.0,-0.14
07:36:50,119.0,6.0,120.91,22.0,88.0,30.0,125.27,22.0,1.9099999999999966,36.0,44.0,6.459378453073866,119.0,120.91,80,-8.0,-29.0,-0.1
07:36:51,88.0,45.0,117.03,33.0,85.38,16.0,119.33,36.0,29.03,61.0,69.0,8.471760737888804,88.0,117.03,130,-8.0,50.0,-0.06
07:36:52,94.56,64.0,113.32,59.0,75.65,34.0,114.57,56.0,18.75999999999999,98.0,115.0,8.047898483457264,94.56,113.32,213,-17.0,83.0,-0.08
07:36:53,95.88,40.0,110.4,30.0,58.2,10.0,111.32,37.0,14.52000000000001,50.0,67.0,7.276814550339538,95.88,110.4,117,-17.0,-96.0,-0.15
07:36:54,96.56,32.0,108.13,23.0,81.12,17.0,110.24,34.0,11.569999999999993,49.0,57.0,7.611448613768148,96.56,108.13,106,-8.0,-11.0,-0.08
07:36:55,98.22,72.0,106.0,24.0,96.2,40.0,107.92,24.0,7.780000000000001,112.0,48.0,0.7367971227091545,98.22,106.0,160,64.0,54.0,0.4
07:36:58,106.4,55.0,108.09,11.0,100.29,21.0,166.18,17.0,1.6899999999999977,76.0,28.0,2.233186064803512,106.4,108.09,104,48.0,-67.0,0.46
07:36:59,109.25,32.0,170.26,27.0,108.78,72.0,287.55,29.0,61.00999999999999,104.0,56.0,16.156346121571964,109.25,170.26,160,48.0,56.0,0.3
07:37:00,113.0,48.0,148.0,32.0,112.0,11.0,233.87,15.0,35.0,59.0,47.0,17.165118117858498,113.0,148.0,106,12.0,-54.0,0.11
07:37:01,115.95,63.0,147.43,35.0,114.18,33.0,192.09,22.0,31.480000000000004,96.0,57.0,15.884404301075778,115.95,147.43,153,39.0,47.0,0.25
07:37:02,117.0,72.0,146.0,40.0,115.0,48.0,148.0,32.0,29.0,120.0,72.0,12.254038926004567,117.0,146.0,192,48.0,39.0,0.25
07:37:03,117.0,84.0,144.25,60.0,115.0,72.0,148.0,48.0,27.25,156.0,108.0,3.913638971601172,117.0,144.25,264,48.0,72.0,0.18
07:37:04,117.0,34.0,139.19,67.0,115.0,84.0,158.68,53.0,22.189999999999998,118.0,120.0,1.430810958874436,117.0,139.19,238,-2.0,-26.0,-0.01
07:37:05,115.26,23.0,141.0,40.0,113.62,58.0,248.48,25.0,25.739999999999995,81.0,65.0,1.7746182688215313,115.26,141.0,146,16.0,-92.0,0.11
07:37:06,115.0,40.0,140.7,50.0,113.0,80.0,298.5,30.0,25.69999999999999,120.0,80.0,1.6937975085691475,115.0,140.7,200,40.0,54.0,0.2
07:37:07,115.0,40.0,139.2,50.0,113.0,80.0,251.25,28.0,24.19999999999999,120.0,78.0,1.3300187968727977,115.0,139.2,198,42.0,-2.0,0.21
07:37:08,115.0,42.0,138.69,59.0,113.0,104.0,340.13,53.0,23.689999999999998,146.0,112.0,0.5928153169705361,115.0,138.69,258,34.0,60.0,0.13
07:37:09,115.0,27.0,138.78,45.0,113.0,72.0,354.0,31.0,23.78,99.0,76.0,0.5876903947103884,115.0,138.78,175,23.0,-83.0,0.13
07:37:10,115.0,102.0,137.6,50.0,113.0,80.0,312.86,35.0,22.599999999999994,182.0,85.0,0.5605978951394859,115.0,137.6,267,97.0,92.0,0.36
07:37:11,115.0,99.0,134.78,45.0,113.0,72.0,405.0,36.0,19.78,171.0,81.0,0.897568938875878,115.0,134.78,252,90.0,-15.0,0.36
07:37:12,115.0,101.0,133.77,26.0,113.0,80.0,228.26,46.0,18.77000000000001,181.0,72.0,1.1582184595466996,115.0,133.77,253,109.0,1.0,0.43
07:37:13,115.0,80.0,132.0,32.0,113.0,64.0,133.0,16.0,17.0,144.0,48.0,1.38962944702344,115.0,132.0,192,96.0,-61.0,0.5
07:37:14,115.0,80.0,130.38,16.0,113.0,64.0,131.94,32.0,15.379999999999995,144.0,48.0,1.3759614820316,115.0,130.38,192,96.0,0.0,0.5
07:37:15,115.0,110.0,128.02,51.0,112.8,64.0,129.33,15.0,13.02000000000001,174.0,66.0,1.347824172521959,115.0,128.02,240,108.0,48.0,0.45
07:37:16,115.8,50.0,125.92,65.0,115.24,91.0,129.0,13.0,10.120000000000005,141.0,78.0,1.4319113101147118,115.8,125.92,219,63.0,-21.0,0.29
07:37:17,117.0,27.0,123.92,64.0,116.0,112.0,125.88,32.0,6.920000000000002,139.0,96.0,1.269381739286638,117.0,123.92,235,43.0,16.0,0.18
07:37:18,116.24,33.0,121.59,17.0,115.74,76.0,123.72,61.0,5.3500000000000085,109.0,78.0,1.386639823470493,116.24,121.59000000000002,187,31.0,-48.0,0.17
07:37:19,116.0,35.0,119.0,17.0,115.0,28.0,120.1,21.0,3.0,63.0,38.0,1.6228986413310573,116.0,119.0,101,25.0,-86.0,0.25
07:37:20,116.0,54.0,117.02,53.0,115.0,96.0,122.16,25.0,1.019999999999996,150.0,78.0,1.8664940396460143,116.0,117.02,228,72.0,127.0,0.32
07:37:21,116.0,34.0,127.48,84.0,115.0,153.0,523.78,79.0,11.480000000000004,187.0,163.0,2.126753394268857,116.0,127.47999999999999,350,24.0,122.0,0.07
07:37:22,115.37,38.0,133.59,56.0,114.95,77.0,489.74,23.0,18.22,115.0,79.0,3.2615180514653264,115.37,133.59,194,36.0,-156.0,0.19
07:37:23,115.0,99.0,261.18,55.0,113.0,11.0,414.97,39.0,146.18,110.0,94.0,30.595145529969873,115.0,261.18,204,16.0,10.0,0.08
07:37:24,115.0,108.0,239.17,60.0,113.0,12.0,396.45,40.0,124.16999999999999,120.0,100.0,34.12466336830353,115.0,239.17,220,20.0,16.0,0.09
07:37:25,115.0,90.0,225.75,40.0,113.0,10.0,230.27,48.0,110.75,100.0,88.0,31.01431250245664,115.0,225.75,188,12.0,-32.0,0.06
07:37:26,115.0,90.0,221.75,48.0,113.0,10.0,223.16,32.0,106.75,100.0,80.0,24.284707533755462,115.0,221.75,180,20.0,-8.0,0.11
07:37:27,115.0,126.0,212.74,53.0,113.0,14.0,215.13,68.0,97.74000000000001,140.0,121.0,9.412122502392334,115.0,212.74,261,19.0,81.0,0.07
07:37:28,115.0,99.0,195.45,42.0,113.0,11.0,197.02,54.0,80.44999999999999,110.0,96.0,8.112710397890437,115.0,195.45,206,14.0,-55.0,0.07
07:37:29,115.0,81.0,192.56,27.0,113.0,9.0,195.0,45.0,77.56,90.0,72.0,7.538054788872211,115.0,192.56,162,18.0,-44.0,0.11
07:37:30,115.0,70.0,190.11,37.0,113.0,10.0,193.12,42.0,75.11000000000001,80.0,79.0,6.972838016191042,115.0,190.11,159,1.0,-3.0,0.01
07:37:31,115.0,52.0,185.87,46.0,113.0,13.0,187.4,45.0,70.87,65.0,91.0,5.1710173080389845,115.0,185.87,156,-26.0,-3.0,-0.17
07:37:32,115.0,44.0,182.37,41.0,113.0,11.0,185.1,40.0,67.37,55.0,81.0,2.6125332533842354,115.0,182.37,136,-26.0,-20.0,-0.19
07:37:33,115.29,14.0,181.43,21.0,113.29,7.0,186.0,28.0,66.14,21.0,49.0,2.372751567281811,115.29,181.43,70,-28.0,-66.0,-0.4
07:37:34,117.0,26.0,179.9,30.0,115.94,67.0,182.37,41.0,62.900000000000006,93.0,71.0,1.8064966094732031,117.0,179.9,164,22.0,94.0,0.13
07:37:35,117.0,24.0,164.2,30.0,116.0,84.0,167.5,28.0,47.19999999999999,108.0,58.0,3.8417873444580453,117.0,164.2,166,50.0,2.0,0.3
07:37:36,116.0,80.0,153.83,48.0,115.0,56.0,154.47,38.0,37.83000000000001,136.0,86.0,6.215240944648717,116.0,153.83,222,50.0,56.0,0.23
07:37:37,116.0,65.0,147.55,44.0,115.0,52.0,148.87,46.0,31.55000000000001,117.0,90.0,7.612972481234745,116.0,147.55,207,27.0,-15.0,0.13
07:37:38,115.4,50.0,142.65,34.0,114.33,24.0,144.15,47.0,27.25,74.0,81.0,7.736450736612819,115.4,142.65,155,-7.0,-52.0,-0.05
07:37:39,112.08,52.0,140.32,38.0,111.4,20.0,141.3,46.0,28.239999999999995,72.0,84.0,5.563265228266284,112.08,140.32,156,-12.0,1.0,-0.08
07:37:40,112.05,38.0,138.95,38.0,111.31,13.0,139.82,22.0,26.89999999999999,51.0,60.0,3.9258145651617764,112.05,138.95,111,-9.0,-45.0,-0.08
07:37:41,111.99,77.0,137.07,28.0,110.73,15.0,138.6,40.0,25.08,92.0,68.0,2.95838300428395,111.99,137.07,160,24.0,49.0,0.15
07:37:42,112.36,126.0,133.47,43.0,111.0,14.0,134.21,42.0,21.11,140.0,85.0,2.260656984160999,112.36,133.47,225,55.0,65.0,0.24
07:37:43,119.0,110.0,129.27,33.0,113.0,90.0,130.24,34.0,10.27000000000001,200.0,67.0,1.2675685385949593,119.0,129.27,267,133.0,42.0,0.5
07:37:44,119.0,99.0,127.15,26.0,113.0,81.0,128.32,25.0,8.150000000000006,180.0,51.0,1.0700327097970805,119.0,127.15,231,129.0,-36.0,0.56
07:37:45,119.0,121.0,122.89,27.0,113.0,99.0,124.53,38.0,3.8900000000000006,220.0,65.0,1.3988030597748813,119.0,122.89,285,155.0,54.0,0.54
07:37:46,117.14,87.0,120.0,30.0,112.91,69.0,122.0,30.0,2.8599999999999994,156.0,60.0,2.204352512652051,117.14,120.0,216,96.0,-69.0,0.44
07:37:47,113.0,56.0,119.62,24.0,112.0,16.0,122.0,24.0,6.6200000000000045,72.0,48.0,3.214120408453173,113.0,119.62,120,24.0,-96.0,0.2
07:37:48,113.0,55.0,116.73,26.0,112.0,22.0,118.23,30.0,3.730000000000004,77.0,56.0,3.3386119870441457,113.0,116.73,133,21.0,13.0,0.16
07:37:49,112.18,39.0,114.87,31.0,111.65,23.0,163.3,30.0,2.6899999999999977,62.0,61.0,2.95468780077262,112.18,114.87,123,1.0,-10.0,0.01
07:37:50,115.11,36.0,116.88,24.0,113.5,16.0,264.6,30.0,1.769999999999996,52.0,54.0,1.868978330541687,115.11,116.88,106,-2.0,-17.0,-0.02
07:37:51,115.82,22.0,163.3,30.0,114.92,37.0,483.31,26.0,47.48000000000002,59.0,56.0,10.959631380664,115.82,163.3,115,3.0,9.0,0.03
07:37:53,113.19,52.0,266.89,9.0,112.0,9.0,387.63,19.0,153.7,61.0,28.0,75.88787498672,113.19,266.89,89,33.0,-1.0,0.37
07:37:54,114.3,40.0,367.35,20.0,113.0,50.0,400.71,14.0,253.05,90.0,34.0,73.17296543123045,114.3,367.35,124,56.0,35.0,0.45
07:37:55,115.0,28.0,387.27,11.0,113.0,35.0,403.33,15.0,272.27,63.0,26.0,59.85483706435137,115.0,387.2699999999999,89,37.0,-35.0,0.42
07:37:56,115.0,20.0,375.0,5.0,113.0,25.0,376.0,15.0,260.0,45.0,20.0,37.30218331411787,115.0,375.0,65,25.0,-24.0,0.38
07:37:57,115.0,52.0,374.9,10.0,113.0,50.0,470.8,30.0,259.9,102.0,40.0,25.06513654461215,115.0,374.9,142,62.0,77.0,0.44
07:37:58,115.0,49.0,405.47,19.0,113.0,35.0,409.29,21.0,290.47,84.0,40.0,7.557371897693896,115.0,405.47,124,44.0,-18.0,0.35
07:37:59,115.0,17.0,302.33,12.0,113.0,40.0,366.6,20.0,187.32999999999998,57.0,32.0,19.652153825981856,115.0,302.33,89,25.0,-35.0,0.28
07:38:00,113.25,40.0,201.3,33.0,112.78,32.0,230.14,21.0,88.05000000000001,72.0,54.0,41.46331957284718,113.25,201.3,126,18.0,37.0,0.14
07:38:01,113.69,13.0,161.6,20.0,112.88,17.0,166.11,9.0,47.91,30.0,29.0,53.43593612916359,113.69,161.6,59,1.0,-67.0,0.02
07:38:02,116.91,35.0,159.55,44.0,113.31,39.0,160.66,41.0,42.640000000000015,74.0,85.0,53.18369891235518,116.91,159.55,159,-11.0,100.0,-0.07
07:38:03,117.0,32.0,157.0,32.0,113.0,40.0,158.0,32.0,40.0,72.0,64.0,30.777381792479506,117.0,157.0,136,8.0,-23.0,0.06
07:38:04,117.0,36.0,156.22,36.0,113.0,45.0,158.0,36.0,39.22,81.0,72.0,8.924395217607133,117.0,156.22,153,9.0,17.0,0.06
07:38:05,117.0,32.0,152.33,27.0,113.0,40.0,153.41,29.0,35.33000000000001,72.0,56.0,1.3578733372626635,117.0,152.33000000000004,128,16.0,-25.0,0.12
07:38:06,117.0,44.0,146.38,42.0,113.0,62.0,149.88,43.0,29.379999999999995,106.0,85.0,2.5515681452880528,117.0,146.38,191,21.0,63.0,0.11
07:38:07,117.0,48.0,146.13,45.0,113.0,72.0,147.55,47.0,29.129999999999995,120.0,92.0,2.5994076248346674,117.0,146.13,212,28.0,21.0,0.13
07:38:08,117.0,44.0,141.41,41.0,113.0,55.0,142.54,37.0,24.409999999999997,99.0,78.0,2.899724124817475,117.0,141.41,177,21.0,-35.0,0.12
07:38:09,117.0,84.0,139.32,81.0,113.96,68.0,140.63,70.0,22.319999999999993,152.0,151.0,2.5259453675897934,117.0,139.32,303,1.0,126.0,0.0
07:38:10,117.0,41.0,135.27,45.0,116.0,26.0,136.45,47.0,18.27000000000001,67.0,92.0,2.3562724800091064,117.0,135.27,159,-25.0,-144.0,-0.16
07:38:11,117.0,27.0,131.03,32.0,116.0,18.0,132.38,32.0,14.030000000000001,45.0,64.0,2.8899083030518833,117.0,131.03,109,-19.0,-50.0,-0.17
07:38:12,117.0,33.0,127.64,44.0,116.0,22.0,129.8,60.0,10.64,55.0,104.0,2.8479940309010794,117.0,127.64,159,-49.0,50.0,-0.31
07:38:13,116.75,48.0,123.56,72.0,115.22,108.0,124.56,72.0,6.810000000000002,156.0,144.0,3.1371212918929516,116.75,123.56,300,12.0,141.0,0.04
07:38:14,116.0,20.0,120.32,37.0,115.0,140.0,121.31,39.0,4.319999999999993,160.0,76.0,3.1339320350077906,116.0,120.32000000000001,236,84.0,-64.0,0.36
07:38:15,115.02,96.0,116.8,25.0,114.22,23.0,120.29,35.0,1.7800000000000011,119.0,60.0,3.2255340643137007,115.02,116.8,179,59.0,-57.0,0.33
07:38:16,115.0,22.0,238.76,17.0,113.0,10.0,282.7,20.0,123.75999999999999,32.0,37.0,25.933153105630023,115.0,238.76,69,-5.0,-110.0,-0.07
07:38:18,119.0,35.0,390.65,20.0,115.0,14.0,463.94,18.0,271.65,49.0,38.0,74.58119588743565,119.0,390.65,87,11.0,-14.0,0.13
07:38:19,116.48,21.0,193.29,35.0,112.85,13.0,370.95,19.0,76.80999999999999,34.0,54.0,67.42825387031796,116.47999999999999,193.29,88,-20.0,1.0,-0.23
07:38:20,114.61,23.0,182.53,49.0,111.86,35.0,215.97,34.0,67.92,58.0,83.0,58.82096479997628,114.61000000000001,182.52999999999997,141,-25.0,53.0,-0.18
07:38:21,112.69,26.0,167.98,44.0,109.95,41.0,171.69,42.0,55.28999999999999,67.0,86.0,64.70755867748412,112.69,167.98,153,-19.0,12.0,-0.12
07:38:22,111.03,31.0,162.12,50.0,109.71,62.0,163.2,41.0,51.09,93.0,91.0,49.58722244691721,111.03,162.12,184,2.0,31.0,0.01
07:38:23,111.8,51.0,151.97,39.0,110.85,78.0,160.88,32.0,40.17,129.0,71.0,9.252353754588743,111.8,151.97,200,58.0,16.0,0.29
07:38:24,113.0,26.0,135.82,33.0,111.0,78.0,137.78,23.0,22.819999999999993,104.0,56.0,9.050921500049197,113.0,135.82,160,48.0,-40.0,0.3
07:38:25,111.91,22.0,132.71,17.0,110.67,36.0,133.13,23.0,20.80000000000001,58.0,40.0,7.7114771607036,111.91,132.71,98,18.0,-62.0,0.18
07:38:26,111.0,52.0,129.44,25.0,109.0,18.0,132.47,34.0,18.439999999999998,70.0,59.0,6.897961293023727,111.0,129.44,129,11.0,31.0,0.09
07:38:27,111.64,45.0,126.97,29.0,110.69,52.0,127.57,49.0,15.329999999999998,97.0,78.0,5.023826231076647,111.64,126.97,175,19.0,46.0,0.11
07:38:28,112.0,27.0,125.11,27.0,111.0,36.0,126.6,15.0,13.11,63.0,42.0,2.386849387802691,112.0,125.11,105,21.0,-70.0,0.2
07:38:29,111.82,44.0,122.83,54.0,110.92,52.0,124.03,39.0,11.010000000000005,96.0,93.0,1.8733205812284859,111.82,122.83,189,3.0,84.0,0.02
07:38:30,95.48,42.0,119.1,39.0,69.35,37.0,120.87,30.0,23.61999999999999,79.0,69.0,5.277949412419039,95.48,119.1,148,10.0,-41.0,0.07
07:38:31,115.0,27.0,117.38,24.0,83.4,20.0,183.68,34.0,2.3799999999999955,47.0,58.0,4.86720967290855,115.0,117.38,105,-11.0,-43.0,-0.1
07:38:32,93.82,51.0,115.58,45.0,75.64,66.0,139.15,54.0,21.760000000000005,117.0,99.0,6.347434914991631,93.82,115.58000000000001,216,18.0,111.0,0.08
07:38:39,89.73,22.0,122.82,11.0,51.6,15.0,243.71,17.0,33.08999999999999,37.0,28.0,9.578510844596668,89.73,122.82,65,9.0,-21.0,0.14
07:38:41,97.94,90.0,205.43,28.0,81.33,30.0,366.17,35.0,107.49000000000001,120.0,63.0,29.57232371661137,97.94,205.43,183,57.0,148.0,0.31
07:38:42,117.04,106.0,179.33,30.0,114.29,62.0,281.42,38.0,62.290000000000006,168.0,68.0,27.39802419883695,117.03999999999999,179.33,236,100.0,53.0,0.42
07:38:43,117.24,41.0,126.43,28.0,115.05,86.0,288.61,23.0,9.190000000000012,127.0,51.0,18.830020446087016,117.24000000000001,126.42999999999999,178,76.0,-58.0,0.43
07:38:44,117.0,108.0,125.44,36.0,109.0,63.0,480.9,29.0,8.439999999999998,171.0,65.0,14.28157449303315,117.0,125.44,236,106.0,58.0,0.45
07:38:45,117.0,108.0,124.11,36.0,109.0,63.0,230.0,27.0,7.109999999999999,171.0,63.0,15.7929557081648,117.0,124.11,234,108.0,-2.0,0.46
07:38:46,117.0,111.0,122.73,44.0,109.0,77.0,230.0,33.0,5.730000000000004,188.0,77.0,12.240154410793004,117.0,122.73,265,111.0,31.0,0.42
07:38:47,117.0,87.0,122.0,40.0,109.0,70.0,313.89,35.0,5.0,157.0,75.0,0.959312253677432,117.0,122.0,232,82.0,-33.0,0.35
07:38:48,117.0,48.0,122.0,24.0,109.0,42.0,223.0,18.0,5.0,90.0,42.0,0.7482780232344745,117.0,122.0,132,48.0,-100.0,0.36
07:38:49,117.0,72.0,120.67,36.0,112.0,28.0,254.04,28.0,3.6700000000000017,100.0,64.0,0.6303967005431681,117.0,120.67,164,36.0,32.0,0.22
07:38:50,117.0,96.0,120.0,48.0,115.82,33.0,239.68,47.0,3.0,129.0,95.0,0.5557157547305414,117.0,120.0,224,34.0,60.0,0.15
07:38:51,117.0,40.0,119.46,26.0,116.0,30.0,177.89,37.0,2.4599999999999937,70.0,63.0,0.5772954183568056,117.0,119.46000000000001,133,7.0,-91.0,0.05
07:38:52,117.0,23.0,118.83,24.0,116.0,33.0,119.95,42.0,1.8299999999999983,56.0,66.0,0.6066547618339325,117.0,118.83,122,-10.0,-11.0,-0.08
07:38:53,115.73,26.0,117.31,49.0,112.93,44.0,172.05,37.0,1.5799999999999983,70.0,86.0,0.8928325711217252,115.73,117.31000000000002,156,-16.0,34.0,-0.1
07:38:54,112.25,32.0,115.52,21.0,110.68,81.0,137.2,40.0,3.269999999999996,113.0,61.0,1.90467057520609,112.25,115.52000000000001,174,52.0,18.0,0.3
07:38:55,112.0,36.0,114.0,12.0,111.0,60.0,115.0,69.0,2.0,96.0,81.0,2.363423364540511,112.0,114.0,177,15.0,3.0,0.08
07:38:56,112.0,33.0,113.08,36.0,111.0,60.0,124.5,24.0,1.0799999999999983,93.0,60.0,2.3380076988872527,112.0,113.08,153,33.0,-24.0,0.22
07:38:57,111.76,25.0,219.83,46.0,110.66,76.0,387.67,30.0,108.07000000000001,101.0,76.0,23.21794930651833,111.76,219.83,177,25.0,24.0,0.14
07:38:58,114.71,14.0,373.91,23.0,111.1,42.0,546.6,20.0,259.20000000000005,56.0,43.0,57.4887809054954,114.71,373.91,99,13.0,-78.0,0.13
07:38:59,116.74,31.0,200.96,28.0,111.76,29.0,284.24,25.0,84.22000000000001,60.0,53.0,53.8479393291893,116.74,200.96,113,7.0,14.0,0.06
07:39:00,115.0,10.0,130.9,20.0,111.0,50.0,399.06,16.0,15.900000000000006,60.0,36.0,51.87541344413606,115.0,130.9,96,24.0,-17.0,0.25
07:39:01,110.01,109.0,127.59,29.0,109.12,104.0,433.36,28.0,17.58,213.0,57.0,50.473426671864196,110.01,127.59,270,156.0,165.5,0.58
07:39:02,110.0,43.0,127.8,10.0,109.0,42.0,349.14,14.0,17.799999999999997,85.0,24.0,53.86768019879874,110.0,127.8,109,61.0,-161.0,0.56
07:39:03,110.0,91.0,126.21,29.0,109.0,91.0,288.38,16.0,16.209999999999994,182.0,45.0,17.6176970685744,110.0,126.21,227,137.0,118.0,0.6
07:39:04,110.0,75.0,122.93,14.0,109.0,70.0,125.07,46.0,12.930000000000007,145.0,60.0,2.3929730462451095,110.0,122.92999999999999,205,85.0,-22.0,0.41
07:39:05,110.0,36.0,120.22,9.0,109.0,35.0,121.48,21.0,10.219999999999999,71.0,30.0,1.6431920155768975,110.0,120.22,101,41.0,-104.0,0.41
07:39:06,110.0,96.0,116.46,35.0,109.0,105.0,117.58,55.0,6.459999999999994,201.0,90.0,2.2830133595876583,110.0,116.46,291,111.0,165.5,0.38
07:39:07,110.0,36.0,114.04,26.0,109.0,42.0,115.5,10.0,4.040000000000006,78.0,36.0,2.4375048718014534,110.0,114.03999999999999,114,42.0,-166.5,0.37
07:39:08,111.0,39.0,113.68,41.0,110.0,78.0,155.6,43.0,2.680000000000007,117.0,84.0,1.8981227568457977,111.0,113.68,201,33.0,87.0,0.16
07:39:09,110.52,87.0,222.21,80.0,109.29,105.0,286.41,34.0,111.69000000000001,192.0,114.0,23.81540404864162,110.52,222.20999999999998,306,78.0,105.0,0.25
07:39:10,111.82,68.0,247.71,48.0,110.13,62.0,259.74,43.0,135.89000000000001,130.0,91.0,33.49658087029264,111.82,247.71,221,39.0,-85.0,0.18
07:39:11,114.29,68.0,226.03,77.0,112.11,76.0,357.55,49.0,111.74,144.0,126.0,33.17981163298029,114.29,226.03000000000003,270,18.0,49.0,0.07
07:39:12,113.0,24.0,114.67,30.0,112.0,42.0,449.0,12.0,1.6700000000000017,66.0,42.0,32.69366253572784,113.0,114.67,108,24.0,-162.0,0.22
07:39:13,112.53,30.0,113.83,30.0,111.4,40.0,333.14,14.0,1.2999999999999972,70.0,44.0,32.4627917776653,112.53,113.83,114,26.0,6.0,0.23
07:39:14,112.0,35.0,113.0,25.0,110.0,30.0,287.0,10.0,1.0,65.0,35.0,34.01987316260974,112.0,113.0,100,30.0,-14.0,0.3
07:39:15,112.0,21.0,113.0,35.0,110.0,45.0,482.9,20.0,1.0,66.0,55.0,25.567582599848077,112.0,113.0,121,11.0,21.0,0.09
07:39:16,110.12,51.0,391.0,18.0,109.43,14.0,629.22,18.0,280.88,65.0,36.0,61.5200656696663,110.12,391.0,101,29.0,-20.0,0.29
07:39:18,111.0,12.0,316.93,15.0,110.0,72.0,360.52,31.0,205.93,84.0,46.0,84.56572278411659,111.0,316.93,130,38.0,55.0,0.29
07:39:19,108.69,51.0,116.21,14.0,102.21,28.0,240.15,13.0,7.519999999999996,79.0,27.0,84.578429696939,108.69,116.21,106,52.0,-24.0,0.49
07:39:20,108.0,96.0,215.74,19.0,81.87,23.0,347.06,18.0,107.74000000000001,119.0,37.0,74.29341747422885,108.0,215.74,156,82.0,50.0,0.53
07:39:21,108.39,38.0,277.43,28.0,91.62,24.0,694.0,7.0,169.04000000000002,62.0,35.0,70.47363393496927,108.38999999999999,277.43,97,27.0,-59.0,0.28
07:39:22,108.0,30.0,285.92,26.0,88.0,24.0,492.9,31.0,177.92000000000002,54.0,57.0,40.01428769827163,108.0,285.92,111,-3.0,14.0,-0.03
07:39:23,112.57,14.0,265.45,11.0,99.0,28.0,365.05,40.0,152.88,42.0,51.0,35.31692653671965,112.57000000000001,265.45,93,-9.0,-18.0,-0.1
07:39:24,103.88,17.0,178.71,17.0,81.11,27.0,220.31,13.0,74.83000000000001,44.0,30.0,23.969451808501006,103.88,178.71,74,14.0,-19.0,0.19
07:39:31,94.75,16.0,106.0,5.0,83.6,10.0,107.0,5.0,11.25,26.0,10.0,4.016556983294752,94.75,106.0,36,16.0,-36.0,0.44
07:39:33,100.87,23.0,109.0,18.0,99.32,19.0,322.27,22.0,8.129999999999995,42.0,40.0,5.6095481101470055,100.87,109.0,82,2.0,-40.0,0.02
07:39:34,103.0,24.0,257.6,20.0,100.0,18.0,368.71,14.0,154.60000000000002,42.0,34.0,36.1139180926143,103.0,257.6,76,8.0,-6.0,0.11
07:39:35,104.16,19.0,402.0,12.0,101.0,16.0,597.22,18.0,297.84000000000003,35.0,30.0,67.76460595325598,104.16,402.0,65,5.0,-11.0,0.08
07:39:38,115.0,24.0,389.25,8.0,109.0,12.0,431.25,8.0,274.25,36.0,16.0,45.071567312442674,115.0,389.25,52,20.0,-105.0,0.38
07:39:39,115.0,58.0,209.16,31.0,111.4,20.0,243.25,32.0,94.16,78.0,63.0,52.55312854626308,115.0,209.16,141,15.0,89.0,0.11
07:39:40,115.0,24.0,213.7,30.0,113.0,6.0,255.69,26.0,98.69999999999999,30.0,56.0,64.64882466062359,115.0,213.7,86,-26.0,-55.0,-0.3
07:39:41,115.0,48.0,207.08,24.0,113.0,12.0,297.62,32.0,92.08000000000001,60.0,56.0,63.10510700410905,115.0,207.08,116,4.0,30.0,0.03
07:39:42,112.38,64.0,207.6,35.0,109.23,35.0,273.85,41.0,95.22,99.0,76.0,40.39551249829681,112.38,207.6,175,23.0,59.0,0.13
07:39:43,112.0,40.0,260.82,22.0,109.0,24.0,276.25,40.0,148.82,64.0,62.0,11.09485601529165,112.0,260.82,126,2.0,-49.0,0.02
07:39:44,112.0,55.0,274.09,55.0,109.26,31.0,324.43,37.0,162.08999999999997,86.0,92.0,15.563978283204253,112.0,274.09,178,-6.0,52.0,-0.03
07:39:45,112.0,50.0,272.7,50.0,110.0,20.0,298.0,20.0,160.7,70.0,70.0,16.684885975039013,112.0,272.7,140,0.0,-38.0,0.0
07:39:46,112.0,20.0,244.31,26.0,110.0,14.0,273.13,23.0,132.31,34.0,49.0,13.674201987686642,112.0,244.31,83,-15.0,-57.0,-0.18
07:39:47,110.29,28.0,198.34,61.0,109.1,40.0,263.12,40.0,88.05,68.0,101.0,15.99738353606781,110.29,198.34,169,-33.0,86.0,-0.2
07:39:48,116.0,48.0,133.29,28.0,110.0,16.0,206.86,28.0,17.289999999999992,64.0,56.0,29.110578833133054,116.0,133.29,120,8.0,-49.0,0.07
07:39:49,112.0,32.0,132.5,70.0,109.27,37.0,433.14,28.0,20.5,69.0,98.0,31.319064481559078,112.0,132.5,167,-29.0,47.0,-0.17
07:39:50,111.0,20.0,132.0,45.0,110.0,14.0,193.0,14.0,21.0,34.0,59.0,25.2650756974931,111.0,132.0,93,-25.0,-74.0,-0.27
07:39:51,113.46,26.0,129.18,55.0,110.73,22.0,204.1,31.0,15.720000000000013,48.0,86.0,14.319641406126644,113.46000000000001,129.18,134,-38.0,41.0,-0.28
07:39:52,115.92,48.0,122.87,75.0,110.8,30.0,152.39,71.0,6.950000000000003,78.0,146.0,1.8970108065208098,115.92,122.87,224,-68.0,90.0,-0.3
07:39:53,119.0,104.0,120.8,75.0,114.0,30.0,243.5,56.0,1.7999999999999972,134.0,131.0,1.186916172295562,119.0,120.8,265,3.0,41.0,0.01
07:39:54,117.77,13.0,157.14,28.0,113.33,12.0,355.38,26.0,39.36999999999999,25.0,54.0,7.626092052949315,117.77,157.14000000000001,79,-29.0,-166.5,-0.37
07:39:55,112.54,28.0,248.3,40.0,109.41,39.0,448.6,30.0,135.76,67.0,70.0,26.10276077352846,112.54,248.3,137,-3.0,58.0,-0.02
07:39:56,112.11,28.0,247.5,32.0,109.9,50.0,495.0,16.0,135.39,78.0,48.0,30.739607674790776,112.11,247.5,126,30.0,-11.0,0.24
07:39:57,112.09,22.0,245.83,24.0,109.79,38.0,327.0,12.0,133.74,60.0,36.0,28.64509242435876,112.09,245.83,96,24.0,-30.0,0.25
07:39:58,112.0,35.0,243.92,26.0,109.0,49.0,290.11,18.0,131.92,84.0,44.0,18.727514517416754,112.0,243.92000000000002,128,40.0,32.0,0.31
07:39:59,112.21,57.0,241.25,36.0,109.58,78.0,242.53,30.0,129.04000000000002,135.0,66.0,1.4694488762985716,112.21,241.25,201,69.0,73.0,0.34
07:40:00,113.0,64.0,237.31,55.0,112.0,80.0,238.64,55.0,124.31,144.0,110.0,1.8375663253486163,113.0,237.30999999999997,254,34.0,53.0,0.13
07:40:01,113.62,52.0,232.88,42.0,112.13,63.0,233.9,39.0,119.25999999999999,115.0,81.0,2.2682923092175105,113.61999999999999,232.87999999999997,196,34.0,-58.0,0.17
07:40:02,115.29,42.0,229.0,39.0,112.44,54.0,230.18,40.0,113.71,96.0,79.0,2.3983598562466404,115.29,229.0,175,17.0,-21.0,0.1
07:40:03,113.6,53.0,226.52,50.0,112.41,59.0,228.0,44.0,112.92000000000002,112.0,94.0,2.5930349014341196,113.59999999999998,226.52,206,18.0,31.0,0.09
07:40:04,114.0,52.0,221.1,39.0,113.0,39.0,222.6,35.0,107.1,91.0,74.0,2.9319873806098586,114.0,221.1,165,17.0,-41.0,0.1
07:40:05,115.64,66.0,132.68,34.0,114.07,45.0,148.04,26.0,17.040000000000006,111.0,60.0,20.948751036757667,115.64,132.68,171,51.0,6.0,0.3
07:40:06,115.5,58.0,116.8,45.0,114.08,52.0,117.8,45.0,1.2999999999999972,110.0,90.0,27.45046939489478,115.5,116.8,200,20.0,29.0,0.1
07:40:07,113.42,19.0,122.6,15.0,112.1,61.0,400.15,13.0,9.179999999999993,80.0,28.0,27.214799833914917,113.42,122.6,108,52.0,-92.0,0.48
07:40:08,113.0,12.0,148.0,12.0,112.0,62.0,358.67,12.0,35.0,74.0,24.0,21.04652774212543,113.0,148.0,98,50.0,-10.0,0.51
07:40:09,113.0,8.0,366.62,8.0,112.0,42.0,617.35,20.0,253.62,50.0,28.0,52.895271338750646,113.0,366.62,78,22.0,-20.0,0.28
07:40:10,113.0,9.0,146.95,21.0,112.0,45.0,240.08,13.0,33.94999999999999,54.0,34.0,52.36341423169478,113.0,146.95,88,20.0,10.0,0.23
07:40:11,112.38,16.0,134.44,16.0,111.94,32.0,142.0,12.0,22.060000000000002,48.0,28.0,51.38951712168597,112.38,134.44,76,20.0,-12.0,0.26
07:40:12,112.0,50.0,183.1,10.0,111.0,10.0,549.45,22.0,71.1,60.0,32.0,48.655946707468914,112.0,183.1,92,28.0,16.0,0.3
07:40:14,115.0,39.0,299.64,44.0,112.0,39.0,403.29,34.0,184.64,78.0,78.0,72.39716327315632,115.0,299.64,156,0.0,49.0,0.0
07:40:15,115.0,21.0,145.0,16.0,112.0,24.0,244.46,26.0,30.0,45.0,42.0,72.39364979057248,115.0,145.0,87,3.0,-69.0,0.03
07:40:16,115.0,9.0,145.0,18.0,112.0,27.0,378.59,27.0,30.0,36.0,45.0,71.13518974459868,115.0,145.0,81,-9.0,-6.0,-0.11
07:40:17,112.92,24.0,142.49,41.0,111.92,38.0,228.93,43.0,29.570000000000007,62.0,84.0,74.04554220208031,112.92,142.49,146,-22.0,65.0,-0.15
07:40:18,112.0,45.0,137.82,33.0,111.0,15.0,139.39,36.0,25.819999999999993,60.0,69.0,35.466672807017815,112.0,137.82,129,-9.0,-17.0,-0.07
07:40:19,111.95,40.0,125.75,36.0,109.96,27.0,127.39,51.0,13.799999999999997,67.0,87.0,4.657635666307355,111.95,125.75,154,-20.0,25.0,-0.13
07:40:20,111.84,38.0,113.0,20.0,110.18,22.0,123.69,29.0,1.1599999999999966,60.0,49.0,7.135231601010481,111.84,113.0,109,11.0,-45.0,0.1
07:40:21,112.0,104.0,113.0,26.0,111.0,13.0,133.0,26.0,1.0,117.0,52.0,6.996537000549543,112.0,113.0,169,65.0,60.0,0.38
07:40:22,113.56,45.0,129.79,48.0,111.6,25.0,133.42,48.0,16.22999999999999,70.0,96.0,5.552058176933925,113.56,129.79,166,-26.0,-3.0,-0.16
07:40:23,116.08,24.0,125.46,24.0,111.81,26.0,130.02,53.0,9.379999999999995,50.0,77.0,4.4826855789871,116.08,125.46,127,-27.0,-39.0,-0.21
07:40:24,112.11,19.0,118.9,49.0,111.18,11.0,119.75,24.0,6.790000000000006,30.0,73.0,4.432332343141583,112.11000000000001,118.9,103,-43.0,-24.0,-0.42
07:40:25,110.0,18.0,117.47,32.0,109.0,70.0,145.26,38.0,7.469999999999999,88.0,70.0,4.155626306594343,110.0,117.47,158,18.0,55.0,0.11
07:40:26,110.0,14.0,114.19,37.0,109.0,98.0,127.75,59.0,4.189999999999998,112.0,96.0,4.265128368532293,110.0,114.19,208,16.0,50.0,0.08
07:40:27,112.63,19.0,217.33,15.0,109.03,65.0,326.25,16.0,104.70000000000002,84.0,31.0,22.35714270652799,112.63,217.33,115,53.0,-93.0,0.46
07:40:28,115.0,253.0,180.5,12.0,109.61,18.0,309.0,13.0,65.5,271.0,25.0,24.140802596435293,115.0,180.5,296,246.0,165.5,0.83
07:40:29,113.5,112.0,173.0,28.0,107.33,48.0,179.82,11.0,59.5,160.0,39.0,22.899008712170406,113.5,173.0,199,121.0,-97.0,0.61
07:40:30,109.05,55.0,138.72,36.0,80.9,58.0,161.29,17.0,29.67,113.0,53.0,20.737630530030568,109.05,138.72,166,60.0,-33.0,0.36
07:40:31,110.0,114.0,138.67,36.0,109.0,60.0,142.0,9.0,28.669999999999987,174.0,45.0,17.292906060002043,110.0,138.67,219,129.0,53.0,0.59
07:40:32,110.0,176.0,138.0,32.0,109.0,56.0,388.4,15.0,28.0,232.0,47.0,11.844326912072997,110.0,138.0,279,185.0,60.0,0.66
07:40:33,110.18,169.0,136.5,40.0,109.57,115.0,338.36,14.0,26.319999999999993,284.0,54.0,8.665389200725915,110.18,136.5,338,230.0,59.0,0.68
07:40:34,112.0,35.0,133.57,28.0,110.0,154.0,314.29,7.0,21.569999999999993,189.0,35.0,0.6074948559929595,112.0,133.57,224,154.0,-114.0,0.69
07:40:35,109.66,70.0,132.85,52.0,97.05,75.0,151.0,14.0,23.189999999999998,145.0,66.0,1.21349495262979,109.66,132.85,211,79.0,-13.0,0.37
07:40:36,111.88,16.0,131.25,32.0,106.28,32.0,139.0,16.0,19.370000000000005,48.0,48.0,1.1669490134783314,111.88,131.25,96,0.0,-115.0,0.0
07:40:37,116.0,14.0,131.0,28.0,110.0,7.0,168.83,12.0,15.0,21.0,40.0,1.0289654999357667,116.0,131.0,61,-19.0,-35.0,-0.31
07:40:38,118.7,20.0,130.5,28.0,115.6,20.0,145.25,32.0,11.799999999999997,40.0,60.0,1.383130507240016,118.7,130.5,100,-20.0,39.0,-0.2
07:40:39,119.0,14.0,129.0,18.0,116.0,18.0,131.0,36.0,10.0,32.0,54.0,1.4953661759107673,119.0,129.0,86,-22.0,-14.0,-0.26
07:40:40,119.0,10.0,128.06,34.0,116.0,20.0,129.46,26.0,9.060000000000002,30.0,60.0,1.1407541365508715,119.0,128.06,90,-30.0,4.0,-0.33
07:40:41,119.0,11.0,125.14,28.0,116.0,22.0,127.53,38.0,6.140000000000001,33.0,66.0,0.9351203131458075,119.0,125.14,99,-33.0,9.0,-0.33
07:40:42,118.76,17.0,122.0,52.0,116.36,25.0,122.85,52.0,3.239999999999995,42.0,104.0,1.6981548810570855,118.76,122.0,146,-62.0,47.0,-0.42
07:40:43,116.0,12.0,120.5,32.0,115.0,12.0,255.74,31.0,4.5,24.0,63.0,2.366755162676985,116.0,120.5,87,-39.0,-59.0,-0.45
07:40:44,112.32,38.0,117.9,20.0,111.2,59.0,119.3,20.0,5.5800000000000125,97.0,40.0,3.308235179073335,112.32,117.9,137,57.0,50.0,0.42
07:40:45,112.0,73.0,116.3,33.0,111.0,120.0,117.35,34.0,4.299999999999997,193.0,67.0,3.371426997587021,112.0,116.3,260,126.0,123.0,0.48
07:40:46,104.77,52.0,113.26,35.0,98.12,82.0,226.29,38.0,8.490000000000009,134.0,73.0,4.341647152874017,104.77,113.26,207,61.0,-53.0,0.29
07:40:47,101.8,15.0,107.04,47.0,96.0,26.0,110.43,21.0,5.240000000000009,41.0,68.0,5.467560699256988,101.8,107.04,109,-27.0,-98.0,-0.25
07:40:48,105.0,5.0,107.0,10.0,103.0,10.0,111.0,5.0,2.0,15.0,15.0,4.772522393877258,105.0,107.0,30,0.0,-79.0,0.0
07:40:49,105.0,12.0,128.89,19.0,85.83,24.0,364.07,28.0,23.889999999999986,36.0,47.0,5.328820695056261,105.0,128.89,83,-11.0,53.0,-0.13
07:40:50,98.38,21.0,144.5,24.0,66.75,28.0,328.71,28.0,46.120000000000005,49.0,52.0,7.332498210027719,98.38,144.5,101,-3.0,18.0,-0.03
07:40:51,113.43,21.0,151.0,18.0,109.69,13.0,473.33,24.0,37.56999999999999,34.0,42.0,11.479857577516336,113.43,151.0,76,-8.0,-25.0,-0.11
07:40:52,117.0,38.0,257.46,28.0,112.0,27.0,397.33,27.0,140.45999999999998,65.0,55.0,31.8648682721278,117.0,257.46,120,10.0,44.0,0.08
07:40:53,117.0,8.0,345.6,5.0,112.0,6.0,418.29,7.0,228.60000000000002,14.0,12.0,49.784514961984456,117.0,345.6,26,2.0,-94.0,0.08
07:40:54,117.0,36.0,323.5,18.0,112.88,17.0,453.17,30.0,206.5,53.0,48.0,50.01430325416972,117.0,323.5,101,5.0,75.0,0.05
07:40:55,117.0,26.0,166.0,10.0,115.0,10.0,408.3,40.0,49.0,36.0,50.0,44.83012235093778,117.0,166.0,86,-14.0,-15.0,-0.16
07:40:56,117.0,12.0,164.33,6.0,115.0,6.0,245.64,22.0,47.33000000000001,18.0,28.0,42.559792645172166,117.0,164.33,46,-10.0,-40.0,-0.22
07:40:57,117.0,16.0,162.25,8.0,115.0,8.0,317.62,32.0,45.25,24.0,40.0,46.8221226558563,117.0,162.25,64,-16.0,18.0,-0.25
07:40:58,117.0,14.0,160.43,7.0,115.0,7.0,370.84,25.0,43.43000000000001,21.0,32.0,35.848491600066694,117.0,160.43,53,-11.0,-11.0,-0.21
07:40:59,117.0,12.0,159.88,8.0,115.0,8.0,524.0,24.0,42.879999999999995,20.0,32.0,1.2957893347509295,117.0,159.88,52,-12.0,-1.0,-0.23
07:41:00,118.83,35.0,151.12,16.0,116.45,11.0,345.58,19.0,32.290000000000006,46.0,35.0,2.144768052740061,118.83,151.12,81,11.0,29.0,0.14
07:41:01,119.0,32.0,149.25,8.0,117.0,8.0,276.53,15.0,30.25,40.0,23.0,2.4538500361787667,119.0,149.25,63,17.0,-18.0,0.27
07:41:02,119.0,24.0,157.0,6.0,117.0,6.0,308.0,12.0,38.0,30.0,18.0,2.136586061934916,119.0,157.0,48,12.0,-15.0,0.25
07:41:03,119.0,29.0,155.78,9.0,117.0,9.0,525.65,17.0,36.78,38.0,26.0,1.919864578571773,119.0,155.78,64,12.0,16.0,0.19
07:41:04,119.0,28.0,123.85,13.0,117.0,10.0,125.81,37.0,4.849999999999994,38.0,50.0,6.770850758955993,119.0,123.85,88,-12.0,24.0,-0.14
07:41:05,117.0,12.0,122.6,10.0,113.8,20.0,125.0,40.0,5.599999999999994,32.0,50.0,8.847829112276948,117.0,122.6,82,-18.0,-6.0,-0.22
07:41:06,114.25,8.0,124.36,25.0,112.36,42.0,125.26,23.0,10.11,50.0,48.0,9.629321367576011,114.25,124.36,98,2.0,16.0,0.02
07:41:07,112.55,20.0,123.17,36.0,111.98,100.0,322.78,36.0,10.620000000000005,120.0,72.0,8.057954455074606,112.55,123.17,192,48.0,94.0,0.25
07:41:08,112.06,64.0,122.0,36.0,110.75,16.0,246.0,42.0,9.939999999999998,80.0,78.0,1.7130178049447022,112.06,122.0,158,2.0,-34.0,0.01
07:41:09,112.0,44.0,120.58,19.0,110.0,11.0,146.09,33.0,8.579999999999998,55.0,52.0,1.4852508205881372,112.0,120.58,107,3.0,-51.0,0.03
07:41:10,112.0,32.0,117.88,24.0,110.0,8.0,119.36,22.0,5.8799999999999955,40.0,46.0,1.6422027889569262,112.0,117.88,86,-6.0,-21.0,-0.07
07:41:11,112.0,22.0,116.1,21.0,110.95,21.0,117.36,33.0,4.099999999999994,43.0,54.0,1.5431234558706202,112.0,116.1,97,-11.0,11.0,-0.11
07:41:12,112.0,16.0,114.12,8.0,111.0,16.0,116.0,8.0,2.1200000000000045,32.0,16.0,1.6145680537091718,112.0,114.12,48,16.0,-49.0,0.33
07:41:13,111.52,21.0,113.38,40.0,110.58,24.0,226.88,16.0,1.8599999999999994,45.0,56.0,1.524096453659788,111.52000000000001,113.38,101,-11.0,53.0,-0.11
07:41:14,112.65,34.0,116.0,12.0,109.5,24.0,424.43,21.0,3.3499999999999943,58.0,33.0,0.9995148823596328,112.65,116.0,91,25.0,-10.0,0.27
07:41:15,115.0,50.0,116.0,14.0,111.0,28.0,210.57,14.0,1.0,78.0,28.0,1.1794193486874684,115.0,116.0,106,50.0,15.0,0.47
07:41:16,115.0,43.0,154.0,9.0,111.0,18.0,469.53,15.0,39.0,61.0,24.0,9.317224908740677,115.0,154.0,85,37.0,-21.0,0.44
07:41:17,115.0,9.0,260.0,5.0,111.0,10.0,688.6,20.0,145.0,19.0,25.0,31.819366429896984,115.0,260.0,44,-6.0,-41.0,-0.14
07:41:18,111.27,11.0,300.0,41.0,110.27,11.0,472.0,37.0,188.73000000000002,22.0,78.0,42.41017472258339,111.27,300.0,100,-56.0,56.0,-0.56
07:41:19,90.58,12.0,253.0,44.0,53.82,17.0,344.83,35.0,162.42000000000002,29.0,79.0,37.29672478918288,90.58,253.0,108,-50.0,8.0,-0.46
07:41:21,85.0,22.0,148.92,48.0,66.0,23.0,316.29,42.0,63.91999999999999,45.0,90.0,36.360482945088194,85.0,148.92,135,-45.0,102.0,-0.33
07:41:22,117.0,24.0,202.0,16.0,110.82,22.0,394.0,12.0,85.0,46.0,28.0,33.86409189687581,117.0,202.0,74,18.0,-61.0,0.24
07:41:25,117.0,48.0,332.23,26.0,111.53,57.0,348.0,20.0,215.23000000000002,105.0,46.0,72.50159846513762,117.0,332.22999999999996,151,59.0,-7.0,0.39
07:41:26,117.0,19.0,165.14,7.0,112.0,42.0,326.16,19.0,48.139999999999986,61.0,26.0,65.02546293568425,117.0,165.14000000000001,87,35.0,-64.0,0.4
07:41:27,115.58,31.0,161.36,53.0,111.57,49.0,162.47,17.0,45.780000000000015,80.0,70.0,70.13122877862646,115.58,161.35999999999999,150,10.0,63.0,0.07
07:41:28,119.0,76.0,155.18,55.0,112.0,30.0,156.06,35.0,36.18000000000001,106.0,90.0,63.08778748696175,119.0,155.18,196,16.0,46.0,0.08
07:41:29,119.0,55.0,153.27,55.0,112.88,17.0,154.07,43.0,34.27000000000001,72.0,98.0,38.69610923594323,119.0,153.27,170,-26.0,-26.0,-0.15
07:41:30,119.0,41.0,150.84,37.0,115.0,9.0,151.71,17.0,31.840000000000003,50.0,54.0,2.363931048074934,119.0,150.84,104,-4.0,-66.0,-0.04
07:41:31,119.0,44.0,148.73,11.0,115.0,11.0,150.0,55.0,29.72999999999999,55.0,66.0,1.803366296694274,119.0,148.73,121,-11.0,17.0,-0.09
07:41:32,119.0,44.0,145.75,51.0,115.0,11.0,146.7,27.0,26.75,55.0,78.0,1.8583406576978856,119.0,145.75,133,-23.0,12.0,-0.17
07:41:33,115.5,12.0,141.26,58.0,113.15,39.0,143.07,58.0,25.75999999999999,51.0,116.0,2.9973788549419806,115.5,141.26,167,-65.0,34.0,-0.39
07:41:34,115.86,14.0,136.62,53.0,114.5,12.0,137.66,53.0,20.760000000000005,26.0,106.0,3.702239862576943,115.86,136.62,132,-80.0,-35.0,-0.61
07:41:35,113.0,36.0,132.33,42.0,112.0,30.0,133.38,40.0,19.330000000000013,66.0,82.0,4.544483469004393,113.0,132.33,148,-16.0,16.0,-0.11
07:41:36,113.11,38.0,128.62,48.0,112.18,22.0,129.61,46.0,15.510000000000005,60.0,94.0,4.572978241808566,113.11000000000001,128.62,154,-34.0,6.0,-0.22
07:41:37,115.0,26.0,125.6,62.0,113.0,52.0,126.55,58.0,10.599999999999994,78.0,120.0,3.4994099502708926,115.0,125.6,198,-42.0,44.0,-0.21
07:41:38,115.0,22.0,122.23,53.0,113.0,44.0,123.36,55.0,7.230000000000004,66.0,108.0,2.9044052747602676,115.0,122.23,174,-42.0,-24.0,-0.24
07:41:39,115.0,14.0,118.2,30.0,113.0,28.0,119.09,33.0,3.200000000000003,42.0,63.0,2.306913522448479,115.0,118.2,105,-21.0,-69.0,-0.2
07:41:40,112.21,99.0,114.76,46.0,111.91,132.0,116.13,46.0,2.5500000000000114,231.0,92.0,3.008143946033162,112.21,114.76,323,139.0,165.5,0.43
07:41:41,112.0,105.0,192.2,30.0,111.0,24.0,263.87,15.0,80.19999999999999,129.0,45.0,15.790267572148833,112.0,192.2,174,84.0,-149.0,0.48
07:41:42,112.0,69.0,283.94,17.0,110.5,24.0,425.1,20.0,171.94,93.0,37.0,36.105749265180094,112.0,283.94,130,56.0,-44.0,0.43
07:41:43,112.55,66.0,223.7,37.0,111.1,89.0,414.14,28.0,111.14999999999999,155.0,65.0,35.64342057098409,112.55,223.7,220,90.0,90.0,0.41
07:41:44,116.0,24.0,222.0,24.0,112.4,20.0,427.06,17.0,106.0,44.0,41.0,30.879414340302038,116.0,222.0,85,3.0,-135.0,0.04
07:41:45,116.0,18.0,220.2,30.0,113.0,20.0,221.2,30.0,104.19999999999999,38.0,60.0,16.62286437410984,116.0,220.2,98,-22.0,13.0,-0.22
07:41:46,116.0,8.0,217.62,24.0,113.0,16.0,218.88,24.0,101.62,24.0,48.0,13.422382426382057,116.0,217.62,72,-24.0,-26.0,-0.33
07:41:47,116.0,12.0,213.67,36.0,113.0,24.0,215.0,36.0,97.66999999999999,36.0,72.0,1.6215332250835408,116.0,213.67,108,-36.0,36.0,-0.33
07:41:48,113.07,15.0,208.93,45.0,111.17,96.0,210.53,45.0,95.86000000000001,111.0,90.0,3.1788944619237918,113.07,208.93,201,21.0,93.0,0.1
07:41:49,112.0,29.0,204.6,30.0,111.16,19.0,206.4,30.0,92.6,48.0,60.0,4.083524213231707,112.0,204.6,108,-12.0,-93.0,-0.11
07:41:50,111.37,43.0,201.11,27.0,110.64,33.0,202.78,27.0,89.74000000000001,76.0,54.0,4.399492016136583,111.36999999999999,201.11,130,22.0,22.0,0.17
07:41:51,119.0,9.0,167.52,25.0,111.0,54.0,177.0,25.0,48.52000000000001,63.0,50.0,8.185180511146307,119.0,167.52,113,13.0,-17.0,0.12
07:41:52,119.0,9.0,159.56,27.0,114.56,54.0,160.67,27.0,40.56,63.0,54.0,9.69685928535878,119.0,159.56,117,9.0,4.0,0.08
07:41:53,119.0,7.0,155.43,21.0,115.0,42.0,159.0,21.0,36.43000000000001,49.0,42.0,9.777485361791564,119.0,155.43,91,7.0,-26.0,0.08
07:41:54,116.5,16.0,153.38,24.0,113.82,33.0,154.75,24.0,36.879999999999995,49.0,48.0,8.431760195833846,116.5,153.38,97,1.0,6.0,0.01
07:41:55,117.0,18.0,152.17,18.0,115.0,30.0,153.33,18.0,35.16999999999999,48.0,36.0,3.5666342677722898,117.0,152.17,84,12.0,-13.0,0.14
07:41:56,116.71,28.0,148.33,27.0,114.48,46.0,149.44,27.0,31.62000000000002,74.0,54.0,2.600034615163296,116.71,148.33,128,20.0,44.0,0.16
07:41:57,115.0,20.0,145.4,15.0,111.0,30.0,146.4,15.0,30.400000000000006,50.0,30.0,2.650188672537707,115.0,145.4,80,20.0,-48.0,0.25
07:41:58,112.56,41.0,142.84,37.0,110.71,34.0,143.83,29.0,30.28,75.0,66.0,3.05367319797763,112.56,142.84,141,9.0,61.0,0.06
07:41:59,111.0,45.0,139.77,31.0,110.0,18.0,140.87,31.0,28.77000000000001,63.0,62.0,3.6700980913385255,111.0,139.77,125,1.0,-16.0,0.01
07:42:00,111.0,50.0,136.5,42.0,110.0,20.0,137.7,30.0,25.5,70.0,72.0,3.5424666547543344,111.0,136.5,142,-2.0,17.0,-0.01
07:42:01,112.11,45.0,131.94,50.0,110.64,39.0,134.21,42.0,19.83,84.0,92.0,3.2230622085287255,112.11,131.94,176,-8.0,34.0,-0.05
07:42:02,114.49,35.0,127.34,58.0,110.91,69.0,128.89,54.0,12.850000000000009,104.0,112.0,2.6945816001832044,114.49,127.34,216,-8.0,40.0,-0.04
07:42:03,112.0,22.0,122.18,39.0,111.0,33.0,123.23,43.0,10.180000000000007,55.0,82.0,3.1502190400106533,112.0,122.18,137,-27.0,-79.0,-0.2
07:42:04,114.71,31.0,118.82,33.0,112.41,29.0,121.0,55.0,4.109999999999999,60.0,88.0,3.07956977515455,114.71,118.82,148,-28.0,11.0,-0.19
07:42:05,112.0,9.0,117.11,27.0,111.0,27.0,119.36,33.0,5.109999999999999,36.0,60.0,3.1063113173095274,112.0,117.11,96,-24.0,-52.0,-0.25
07:42:06,111.53,19.0,114.36,53.0,110.71,42.0,115.16,51.0,2.8299999999999983,61.0,104.0,3.015738715480021,111.53000000000002,114.36,165,-43.0,69.0,-0.26
07:42:07,110.68,25.0,112.64,47.0,109.82,44.0,143.79,38.0,1.9599999999999937,69.0,85.0,2.359368559603376,110.68,112.64,154,-16.0,-11.0,-0.1
07:42:08,104.69,26.0,111.9,30.0,95.62,32.0,113.0,50.0,7.210000000000008,58.0,80.0,3.1756385184785625,104.69,111.9,138,-22.0,-16.0,-0.16
07:42:20,98.25,128.0,106.0,24.0,97.0,16.0,107.0,24.0,7.75,144.0,48.0,2.7485687184501977,98.25,106.0,192,96.0,-49.0,0.5
07:42:21,100.87,30.0,106.0,27.0,100.02,102.0,107.0,28.0,5.1299999999999955,132.0,55.0,2.7821340729812487,100.87000000000002,106.0,187,77.0,-5.0,0.41
07:42:22,103.97,116.0,107.57,28.0,102.47,15.0,129.0,13.0,3.5999999999999943,131.0,41.0,3.407745589101899,103.97,107.57000000000001,172,90.0,-15.0,0.52
07:42:23,104.93,148.0,108.29,21.0,104.56,41.0,185.77,31.0,3.3599999999999994,189.0,52.0,3.0597597945008252,104.93,108.29,241,137.0,69.0,0.57
07:42:24,107.41,113.0,109.0,10.0,104.55,71.0,236.88,43.0,1.5900000000000034,184.0,53.0,2.4458597670438915,107.41,109.0,237,131.0,-4.0,0.55
07:42:25,108.03,61.0,357.86,21.0,107.12,34.0,579.56,36.0,249.83,95.0,57.0,56.794306492817114,108.03,357.86,152,38.0,-85.0,0.25
07:42:26,117.0,16.0,269.0,8.0,109.0,4.0,749.0,16.0,152.0,20.0,24.0,59.81606498257848,117.0,269.0,44,-4.0,-108.0,-0.09
07:42:27,117.0,36.0,334.11,18.0,112.27,33.0,411.14,28.0,217.11,69.0,46.0,61.97113457086337,117.0,334.11,115,23.0,71.0,0.2
07:42:28,117.0,28.0,357.2,20.0,113.0,63.0,547.55,22.0,240.2,91.0,42.0,53.82601415672595,117.0,357.2,133,49.0,18.0,0.37
07:42:29,117.0,40.0,292.56,36.0,113.0,90.0,657.5,24.0,175.56,130.0,60.0,18.991121083286934,117.0,292.56,190,70.0,57.0,0.37
07:42:30,117.0,16.0,242.67,18.0,113.55,22.0,480.44,18.0,125.66999999999999,38.0,36.0,23.366997667652196,117.0,242.66999999999996,74,2.0,-116.0,0.03
07:42:31,114.5,32.0,214.44,18.0,112.78,69.0,440.62,32.0,99.94,101.0,50.0,30.390032411961357,114.5,214.44,151,51.0,77.0,0.34
07:42:32,113.0,36.0,116.0,11.0,112.0,30.0,116.67,15.0,3.0,66.0,26.0,45.84164514936235,113.0,116.0,92,40.0,-59.0,0.43
07:42:33,113.0,48.0,114.1,20.0,112.0,40.0,115.5,12.0,1.0999999999999943,88.0,32.0,40.44039848962979,113.0,114.1,120,56.0,28.0,0.47
07:42:34,113.0,35.0,114.0,21.0,112.0,35.0,598.0,14.0,1.0,70.0,35.0,32.39316208708326,113.0,114.0,105,35.0,-15.0,0.33
07:42:35,113.0,21.0,146.6,20.0,112.0,30.0,330.8,20.0,33.599999999999994,51.0,40.0,21.972192198323008,113.0,146.6,91,11.0,-14.0,0.12
07:42:36,113.0,7.0,278.57,28.0,112.0,35.0,388.57,28.0,165.57,42.0,56.0,35.54121086851216,113.0,278.57,98,-14.0,7.0,-0.14
07:42:37,114.88,17.0,234.38,26.0,112.17,24.0,295.12,32.0,119.5,41.0,58.0,37.64612503299708,114.88,234.38,99,-17.0,1.0,-0.17
07:42:38,113.67,9.0,174.0,18.0,111.71,35.0,311.38,26.0,60.33,44.0,44.0,33.43022360080845,113.67,174.0,88,0.0,-11.0,0.0
07:42:39,112.0,10.0,238.0,12.0,111.0,25.0,411.78,18.0,126.0,35.0,30.0,26.556022857349205,112.0,238.0,65,5.0,-23.0,0.08
07:42:41,115.5,36.0,282.67,24.0,112.91,35.0,449.09,22.0,167.17000000000002,71.0,46.0,59.50410027888887,115.5,282.67,117,25.0,7.0,0.21
07:42:42,118.29,21.0,392.16,50.0,113.56,43.0,419.78,36.0,273.87,64.0,86.0,62.349953648740325,118.29,392.16,150,-22.0,33.0,-0.15
07:42:43,116.0,12.0,344.08,48.0,114.12,48.0,389.2,40.0,228.07999999999998,60.0,88.0,48.30091096449498,116.0,344.08,148,-28.0,-2.0,-0.19
07:42:44,113.26,50.0,232.27,45.0,113.11,37.0,286.95,38.0,119.01,87.0,83.0,48.96320986210026,113.26,232.26999999999998,170,4.0,22.0,0.02
07:42:45,114.6,35.0,122.0,32.0,112.18,17.0,174.62,24.0,7.400000000000006,52.0,56.0,53.02917121735982,114.6,122.0,108,-4.0,-62.0,-0.04
07:42:46,117.78,23.0,121.4,40.0,116.91,129.0,294.73,26.0,3.6200000000000045,152.0,66.0,62.58470276353526,117.78,121.4,218,86.0,110.0,0.39
07:42:47,119.0,6.0,121.0,24.0,117.0,84.0,293.6,20.0,2.0,90.0,44.0,49.323478385045505,119.0,121.0,134,46.0,-84.0,0.34
07:42:48,119.0,8.0,184.33,30.0,117.0,112.0,245.16,31.0,65.33000000000001,120.0,61.0,24.669556745106846,119.0,184.33,181,59.0,47.0,0.33
07:42:49,117.76,21.0,230.41,34.0,116.93,114.0,313.29,34.0,112.64999999999999,135.0,68.0,25.161034358707255,117.76,230.41,203,67.0,22.0,0.33
07:42:50,117.0,130.0,218.95,37.0,113.0,20.0,285.42,38.0,101.94999999999999,150.0,75.0,25.86098180657591,117.0,218.95,225,75.0,22.0,0.33
07:42:51,117.0,117.0,233.44,36.0,113.0,18.0,392.64,22.0,116.44,135.0,58.0,23.12285557624866,117.0,233.44,193,77.0,-32.0,0.4
07:42:52,117.0,91.0,219.2,15.0,113.0,14.0,236.08,24.0,102.19999999999999,105.0,39.0,9.409513802532876,117.0,219.2,144,66.0,-49.0,0.46
07:42:53,117.0,104.0,187.42,12.0,113.0,16.0,205.53,15.0,70.41999999999999,120.0,27.0,9.184087869791783,117.0,187.42,147,93.0,3.0,0.63
07:42:54,117.0,138.0,166.77,31.0,113.0,115.0,167.18,34.0,49.77000000000001,253.0,65.0,13.634744955445809,117.0,166.77,318,188.0,165.5,0.59
07:42:55,117.0,56.0,162.5,10.0,113.0,86.0,166.85,26.0,45.5,142.0,36.0,15.745914708268087,117.0,162.5,178,106.0,-140.0,0.6
07:42:56,117.0,91.0,156.63,38.0,113.0,26.0,158.1,29.0,39.629999999999995,117.0,67.0,12.765368384815652,117.0,156.63,184,50.0,6.0,0.27
07:42:57,117.0,65.0,129.24,25.0,113.0,28.0,145.63,41.0,12.240000000000009,93.0,66.0,10.48871631802711,117.0,129.24,159,27.0,-25.0,0.17
07:42:58,117.0,36.0,118.93,30.0,113.0,18.0,119.47,15.0,1.9300000000000068,54.0,45.0,10.685993168631823,117.0,118.93,99,9.0,-60.0,0.09
07:42:59,117.0,29.0,118.83,29.0,113.0,18.0,159.82,34.0,1.8299999999999983,47.0,63.0,10.46605608622678,117.0,118.83000000000001,110,-16.0,11.0,-0.15
07:43:00,113.0,20.0,116.74,35.0,112.0,30.0,117.66,35.0,3.739999999999995,50.0,70.0,8.726360638894262,113.0,116.74,120,-20.0,10.0,-0.17
07:43:01,112.54,26.0,114.21,38.0,111.37,57.0,126.73,37.0,1.6699999999999875,83.0,75.0,3.739441134720758,112.53999999999999,114.21,158,8.0,38.0,0.05
07:43:02,111.82,39.0,113.13,23.0,110.93,142.0,115.52,65.0,1.3100000000000023,181.0,88.0,2.5397440816036956,111.82,113.13,269,93.0,111.0,0.35
07:43:03,111.59,34.0,166.08,36.0,110.78,90.0,384.08,36.0,54.49000000000001,124.0,72.0,11.009742503802812,111.59,166.08,196,52.0,-73.0,0.27
07:43:04,111.0,19.0,338.59,17.0,110.0,70.0,458.78,18.0,227.58999999999997,89.0,35.0,48.179169253942604,111.0,338.59,124,54.0,-72.0,0.44
07:43:05,111.0,20.0,224.0,14.0,110.0,100.0,264.29,21.0,113.0,120.0,35.0,46.80839379854911,111.0,224.0,155,85.0,31.0,0.55
07:43:06,111.0,26.0,183.76,25.0,110.0,130.0,220.29,21.0,72.75999999999999,156.0,46.0,42.13940697257203,111.0,183.76,202,110.0,47.0,0.54
07:43:07,111.14,14.0,125.89,9.0,110.06,64.0,170.07,15.0,14.75,78.0,24.0,40.55807663092585,111.14,125.89,102,54.0,-100.0,0.53
07:43:08,112.75,12.0,121.43,37.0,111.0,24.0,122.47,19.0,8.680000000000007,36.0,56.0,44.30829865837834,112.75,121.42999999999999,92,-20.0,-10.0,-0.22
07:43:09,113.0,16.0,119.78,54.0,111.87,45.0,120.35,31.0,6.780000000000001,61.0,85.0,23.103128143176786,113.0,119.78,146,-24.0,54.0,-0.16
07:43:10,112.52,21.0,114.74,23.0,111.55,53.0,117.14,29.0,2.219999999999999,74.0,52.0,13.964955066166345,112.52000000000001,114.74,126,22.0,-20.0,0.17
07:43:11,110.22,51.0,112.8,25.0,109.67,134.0,160.27,30.0,2.5799999999999983,185.0,55.0,2.8209785536305816,110.22,112.8,240,130.0,114.0,0.54
07:43:12,112.64,91.0,189.21,29.0,109.25,102.0,370.14,37.0,76.57000000000001,193.0,66.0,16.37071531729889,112.64,189.21,259,127.0,19.0,0.49
07:43:13,116.23,78.0,204.2,20.0,112.09,69.0,229.71,28.0,87.96999999999998,147.0,48.0,23.15468699853328,116.23,204.2,195,99.0,-64.0,0.51
07:43:14,116.82,44.0,187.0,10.0,114.24,68.0,221.0,42.0,70.18,112.0,52.0,23.17921849416083,116.82,187.0,164,60.0,-31.0,0.37
07:43:15,116.0,88.0,187.0,11.0,110.13,47.0,424.18,33.0,71.0,135.0,44.0,19.222696741093557,116.0,187.0,179,91.0,15.0,0.51
07:43:16,116.0,42.0,186.55,11.0,113.0,11.0,376.62,37.0,70.55000000000001,53.0,48.0,3.9607865380565968,116.0,186.55,101,5.0,-78.0,0.05
07:43:17,112.51,43.0,185.09,11.0,109.67,36.0,323.0,41.0,72.58,79.0,52.0,4.35492250218649,112.51,185.09,131,27.0,30.0,0.21
07:43:18,110.79,76.0,183.06,31.0,109.05,88.0,237.38,47.0,72.27,164.0,78.0,2.141394405533383,110.79,183.06,242,86.0,111.0,0.36
07:43:19,113.89,9.0,179.24,17.0,109.7,20.0,181.35,23.0,65.35000000000001,29.0,40.0,2.328125855715157,113.89,179.24,69,-11.0,-166.5,-0.16
07:43:20,115.0,10.0,176.5,40.0,111.0,10.0,179.0,10.0,61.5,20.0,50.0,2.208997510195336,115.0,176.5,70,-30.0,1.0,-0.43
07:43:21,111.88,32.0,175.2,40.0,111.6,25.0,179.0,10.0,63.31999999999999,57.0,50.0,1.912676135692816,111.88,175.2,107,7.0,37.0,0.07
07:43:22,111.23,39.0,174.56,48.0,110.92,59.0,175.84,31.0,63.33,98.0,79.0,1.8145329977843985,111.23,174.56000000000003,177,19.0,70.0,0.11
07:43:23,112.0,9.0,170.18,22.0,110.46,24.0,171.7,27.0,58.18000000000001,33.0,49.0,2.2079787136763978,112.0,170.18,82,-16.0,-95.0,-0.2
07:43:24,118.22,9.0,168.58,26.0,111.5,14.0,169.33,27.0,50.360000000000014,23.0,53.0,1.6664123139391056,118.22,168.57999999999998,76,-30.0,-6.0,-0.39
07:43:25,119.0,8.0,164.75,20.0,115.33,24.0,166.67,18.0,45.75,32.0,38.0,1.0493902991964623,119.0,164.75,70,-6.0,-6.0,-0.09
07:43:26,119.0,11.0,163.44,32.0,116.0,55.0,163.8,35.0,44.44,66.0,67.0,1.0213814175162428,119.0,163.44,133,-1.0,63.0,-0.01
07:43:27,119.0,8.0,159.48,23.0,116.0,40.0,161.0,17.0,40.47999999999999,48.0,40.0,1.501559189658283,119.0,159.48,88,8.0,-45.0,0.09
07:43:28,119.0,11.0,155.67,21.0,116.0,55.0,157.21,24.0,36.66999999999999,66.0,45.0,2.3666600938975075,119.0,155.67,111,21.0,23.0,0.19
07:43:29,119.0,7.0,153.88,25.0,116.12,32.0,154.67,21.0,34.879999999999995,39.0,46.0,2.365189210199993,119.0,153.88,85,-7.0,-26.0,-0.08
07:43:30,116.89,19.0,146.78,36.0,115.79,34.0,152.9,39.0,29.89,53.0,75.0,3.5229646606297056,116.88999999999999,146.78,128,-22.0,43.0,-0.17
07:43:31,111.28,43.0,140.81,31.0,110.26,23.0,145.21,43.0,29.53,66.0,74.0,5.300209429828657,111.28,140.81,140,-8.0,12.0,-0.06
07:43:32,110.78,27.0,136.64,33.0,106.12,25.0,138.0,11.0,25.859999999999985,52.0,44.0,6.0845681851749776,110.78,136.64,96,8.0,-44.0,0.08
07:43:33,110.0,52.0,132.68,38.0,109.0,13.0,133.57,21.0,22.680000000000007,65.0,59.0,6.174567191313276,110.0,132.68,124,6.0,28.0,0.05
07:43:34,112.85,53.0,129.29,21.0,110.2,20.0,130.83,29.0,16.439999999999998,73.0,50.0,4.420740888136424,112.84999999999998,129.29,123,23.0,-1.0,0.19
07:43:35,117.0,91.0,127.85,33.0,113.47,34.0,128.45,22.0,10.849999999999994,125.0,55.0,2.0326903355013357,117.0,127.85000000000001,180,70.0,57.0,0.39
07:43:36,117.0,69.0,123.48,29.0,115.0,26.0,124.29,34.0,6.480000000000004,95.0,63.0,1.3417264997159846,117.0,123.48,158,32.0,-22.0,0.2
07:43:37,115.86,35.0,118.49,51.0,113.14,86.0,120.78,36.0,2.6299999999999955,121.0,87.0,1.9912232421402833,115.86,118.49,208,34.0,50.0,0.16
07:43:38,115.0,18.0,117.0,36.0,113.0,72.0,118.0,45.0,2.0,90.0,81.0,2.6993425125462087,115.0,117.0,171,9.0,-37.0,0.05
07:43:39,115.0,18.0,116.5,24.0,113.0,72.0,117.38,39.0,1.5,90.0,63.0,2.907151526845287,115.0,116.5,153,27.0,-18.0,0.18
07:43:40,113.0,35.0,115.24,17.0,112.0,49.0,116.21,28.0,2.239999999999995,84.0,45.0,2.2798969275031356,113.0,115.24,129,39.0,-24.0,0.3
07:43:41,112.1,48.0,113.45,22.0,110.5,14.0,130.42,24.0,1.3500000000000085,62.0,46.0,1.720444709962429,112.09999999999998,113.45,108,16.0,-21.0,0.15
