Time,Bid1_Price,Bid1_Volume,Ask1_Price,Ask1_Volume,Bid2_Price,Bid2_Volume,Ask2_Price,Ask2_Volume,Bid_Ask_Spread,Market_Depth_Bid,Market_Depth_Ask,Historical_Volatility,Weighted_Avg_Bid_Price,Weighted_Avg_Ask_Price,Total_volume,Cumulative_Volume_Difference,Total_Volume_Change_Corrected,Order_imbalance
07:30:03,154.0,10.0,215.67,3.0,0.0,0.0,0.0,0.0,61.66999999999999,10.0,3.0,,154.0,215.67,13,7.0,6.0,0.54
07:30:05,154.0,12.0,157.96,25.0,0.0,0.0,171.5,18.0,3.960000000000008,12.0,43.0,73.2877566173232,154.0,157.96,55,-31.0,42.0,-0.56
07:30:06,154.0,6.0,156.0,5.0,0.0,0.0,158.0,15.0,2.0,6.0,20.0,50.41245153729383,154.0,156.0,26,-14.0,-29.0,-0.54
07:30:07,154.0,8.0,155.25,4.0,123.0,6.0,159.0,20.0,1.25,14.0,24.0,40.48655863369965,154.0,155.25,38,-10.0,12.0,-0.26
07:30:08,154.0,6.0,155.0,3.0,123.0,9.0,159.0,15.0,1.0,15.0,18.0,13.341876929427917,154.0,155.0,33,-3.0,-5.0,-0.09
07:30:09,146.2,15.0,155.0,6.0,126.0,18.0,159.0,30.0,8.800000000000011,33.0,36.0,2.0625712108919037,146.2,155.0,69,-3.0,36.0,-0.04
07:30:10,131.34,58.0,154.0,10.0,94.75,56.0,158.76,42.0,22.659999999999997,114.0,52.0,5.238341340538995,131.34,154.0,166,62.0,97.0,0.37
07:30:11,134.18,73.0,151.15,13.0,133.37,119.0,152.15,13.0,16.97,192.0,26.0,6.011062302122613,134.18,151.15,218,166.0,52.0,0.76
07:30:12,137.0,7.0,150.0,42.0,134.0,54.0,151.0,7.0,13.0,61.0,49.0,5.448235494176008,137.0,150.0,110,12.0,-108.0,0.11
07:30:13,138.83,12.0,149.06,17.0,134.08,36.0,149.89,36.0,10.22999999999999,48.0,53.0,3.3560348627508447,138.83,149.06,101,-5.0,-9.0,-0.05
07:30:14,139.91,92.0,147.79,14.0,136.14,28.0,149.0,14.0,7.8799999999999955,120.0,28.0,0.6234741373938417,139.91,147.79,148,92.0,47.0,0.62
07:30:15,143.04,124.0,152.51,35.0,142.9,90.0,162.44,39.0,9.469999999999999,214.0,74.0,1.9824101492877366,143.04,152.51,288,140.0,140.0,0.49
07:30:16,157.18,11.0,172.0,33.0,146.57,14.0,244.0,22.0,14.819999999999993,25.0,55.0,9.034070511126156,157.18,172.0,80,-30.0,-164.0,-0.38
07:30:17,161.0,4.0,172.0,12.0,151.0,4.0,244.0,8.0,11.0,8.0,20.0,11.279336416651448,161.0,172.0,28,-12.0,-52.0,-0.43
07:30:18,161.0,4.0,171.82,11.0,156.0,56.0,233.54,13.0,10.819999999999993,60.0,24.0,11.078421819013737,161.0,171.82,84,36.0,56.0,0.43
07:30:19,156.32,77.0,168.95,43.0,154.72,94.0,285.49,45.0,12.629999999999995,171.0,88.0,7.876530327498248,156.32,168.95,259,83.0,164.0,0.32
07:30:20,156.0,238.0,164.65,52.0,151.0,23.0,167.47,43.0,8.650000000000006,261.0,95.0,2.6306139967695037,156.0,164.65000000000003,356,166.0,97.0,0.47
07:30:21,156.0,289.0,162.35,34.0,152.92,25.0,163.49,74.0,6.349999999999994,314.0,108.0,3.38113442501176,156.0,162.35,422,206.0,66.0,0.49
07:30:22,156.44,109.0,160.45,22.0,155.85,102.0,162.2,49.0,4.009999999999991,211.0,71.0,3.217665302668938,156.44,160.45,282,140.0,-140.0,0.5
07:30:23,158.0,32.0,159.5,16.0,156.0,96.0,162.0,40.0,1.5,128.0,56.0,1.7052419183211323,158.0,159.5,184,72.0,-98.0,0.39
07:30:24,157.33,36.0,159.47,19.0,155.95,101.0,162.06,34.0,2.1399999999999864,137.0,53.0,0.7943362008617735,157.33,159.47,190,84.0,6.0,0.44
07:30:25,155.72,116.0,162.0,36.0,152.86,86.0,163.0,24.0,6.280000000000001,202.0,60.0,0.31901410627039944,155.72,162.0,262,142.0,72.0,0.54
07:30:26,155.91,22.0,162.0,18.0,152.8,80.0,163.0,12.0,6.090000000000003,102.0,30.0,0.24570307283283727,155.91,162.0,132,72.0,-130.0,0.55
07:30:27,160.0,11.0,162.0,33.0,155.0,99.0,163.0,22.0,2.0,110.0,55.0,1.0320222865808117,160.0,162.0,165,55.0,33.0,0.33
07:30:28,160.0,11.0,162.0,33.0,155.0,99.0,163.0,22.0,2.0,110.0,55.0,1.2571077917185478,160.0,162.0,165,55.0,0.0,0.33
07:30:29,160.0,8.0,162.0,24.0,155.88,16.0,163.0,16.0,2.0,24.0,40.0,1.1479198578295884,160.0,162.0,64,-16.0,-101.0,-0.25
07:30:30,160.0,9.0,162.0,27.0,157.0,9.0,358.67,15.0,2.0,18.0,42.0,0.9167878707746651,160.0,162.0,60,-24.0,-4.0,-0.4
07:30:31,155.97,31.0,162.0,33.0,155.12,16.0,345.8,15.0,6.030000000000001,47.0,48.0,0.9033714629096622,155.97,162.0,95,-1.0,35.0,-0.01
07:30:32,155.0,27.0,161.09,33.0,154.0,22.0,235.93,29.0,6.090000000000003,49.0,62.0,1.4002428360821906,155.0,161.09,111,-13.0,16.0,-0.12
07:30:33,155.0,11.0,158.27,33.0,154.0,22.0,160.91,33.0,3.2700000000000102,33.0,66.0,1.8962278344121635,155.0,158.27,99,-33.0,-12.0,-0.33
07:30:34,155.0,12.0,157.75,36.0,154.0,24.0,160.08,36.0,2.75,36.0,72.0,1.8852320812036314,155.0,157.75,108,-36.0,9.0,-0.33
07:30:35,144.35,31.0,156.4,30.0,144.0,12.0,160.27,33.0,12.050000000000011,43.0,63.0,3.360964147383801,144.35,156.4,106,-20.0,-2.0,-0.19
07:30:36,144.0,30.0,151.88,32.0,142.0,10.0,157.08,25.0,7.8799999999999955,40.0,57.0,4.4381888197776425,144.0,151.88,97,-17.0,-9.0,-0.18
07:30:37,144.0,36.0,148.52,48.0,142.0,12.0,150.1,42.0,4.52000000000001,48.0,90.0,4.785854155738468,144.0,148.52,138,-42.0,41.0,-0.3
07:30:41,144.0,30.0,148.67,27.0,141.07,15.0,149.53,57.0,4.6699999999999875,45.0,84.0,0.8569305689488185,144.0,148.67,129,-39.0,7.0,-0.3
07:30:42,144.0,18.0,149.0,27.0,141.0,9.0,150.0,45.0,5.0,27.0,72.0,0.9185695400996873,144.0,149.0,99,-45.0,-30.0,-0.45
07:30:43,144.0,24.0,149.0,18.0,141.0,12.0,150.0,90.0,5.0,36.0,108.0,0.9733704330823668,144.0,149.0,144,-72.0,45.0,-0.5
07:30:44,143.12,16.0,162.67,42.0,137.75,12.0,217.86,29.0,19.549999999999983,28.0,71.0,3.061935662289293,143.12,162.67,99,-43.0,-45.0,-0.43
07:30:53,143.93,28.0,147.41,34.0,139.09,22.0,150.47,43.0,3.4799999999999898,50.0,77.0,0.6789182572291024,143.93,147.41,127,-27.0,26.0,-0.21
07:30:55,143.0,16.0,151.54,26.0,137.0,47.0,297.72,29.0,8.539999999999992,63.0,55.0,1.0985991079547708,143.0,151.54,118,8.0,46.0,0.07
07:30:56,143.33,6.0,152.0,6.0,137.6,20.0,270.0,15.0,8.669999999999987,26.0,21.0,1.327335677211682,143.33,152.0,47,5.0,-71.0,0.11
07:30:57,144.67,27.0,152.0,22.0,142.45,22.0,297.66,41.0,7.3300000000000125,49.0,63.0,1.4814587405658661,144.67,152.0,112,-14.0,65.0,-0.12
07:30:58,147.45,22.0,152.0,22.0,146.0,77.0,220.8,40.0,4.550000000000011,99.0,62.0,1.8230194732912202,147.45,152.0,161,37.0,49.0,0.23
07:30:59,149.02,55.0,152.0,20.0,146.8,35.0,182.84,38.0,2.9799999999999898,90.0,58.0,1.376560932178105,149.02,152.0,148,32.0,-13.0,0.22
07:31:00,151.7,57.0,263.69,26.0,149.67,48.0,398.57,40.0,111.99000000000001,105.0,66.0,26.248505100290952,151.7,263.69,171,39.0,23.0,0.23
07:31:01,159.0,21.0,434.0,27.0,153.82,22.0,465.57,28.0,275.0,43.0,55.0,64.3652222088917,159.0,434.0,98,-12.0,-73.0,-0.12
07:31:04,159.0,26.0,357.73,26.0,156.0,24.0,450.5,22.0,198.73000000000002,50.0,48.0,51.76489428174289,159.0,357.72999999999996,98,2.0,28.0,0.02
07:31:05,159.0,20.0,281.0,16.0,156.0,16.0,445.5,12.0,122.0,36.0,28.0,47.456742197500425,159.0,281.0,64,8.0,-34.0,0.12
07:31:06,159.0,45.0,313.79,43.0,156.0,36.0,515.44,27.0,154.79000000000002,81.0,70.0,51.152015405065065,159.0,313.79,151,11.0,87.0,0.07
07:31:07,159.0,10.0,240.38,8.0,156.0,8.0,293.25,8.0,81.38,18.0,16.0,56.41473628405974,159.0,240.38,34,2.0,-117.0,0.06
07:31:08,159.0,16.0,201.0,15.0,156.0,20.0,259.43,21.0,42.0,36.0,36.0,30.608718855907657,159.0,201.0,72,0.0,38.0,0.0
07:31:09,159.0,8.0,248.0,12.0,156.0,16.0,279.5,20.0,89.0,24.0,32.0,21.3531758762015,159.0,248.0,56,-8.0,-16.0,-0.14
07:31:10,158.65,34.0,247.36,25.0,155.74,46.0,279.33,45.0,88.71000000000001,80.0,70.0,20.274642290309163,158.65,247.36,150,10.0,94.0,0.07
07:31:11,161.0,16.0,197.12,17.0,159.0,24.0,234.75,24.0,36.120000000000005,40.0,41.0,12.432992399257275,161.0,197.12,81,-1.0,-69.0,-0.01
07:31:12,160.69,26.0,179.85,26.0,158.35,49.0,181.31,26.0,19.159999999999997,75.0,52.0,15.16615244549478,160.69,179.84999999999997,127,23.0,46.0,0.18
07:31:13,159.0,12.0,178.17,12.0,157.0,48.0,181.0,12.0,19.169999999999987,60.0,24.0,17.23407438767706,159.0,178.17,84,36.0,-43.0,0.43
07:31:14,159.0,14.0,178.0,14.0,157.0,56.0,181.0,14.0,19.0,70.0,28.0,14.703683892140248,159.0,178.0,98,42.0,14.0,0.43
07:31:15,157.1,41.0,177.0,14.0,156.07,122.0,178.86,14.0,19.900000000000006,163.0,28.0,4.814848907284888,157.1,177.0,191,135.0,93.0,0.71
07:31:16,156.0,133.0,175.86,14.0,155.0,14.0,177.71,14.0,19.860000000000014,147.0,28.0,1.6511299161427964,156.0,175.85999999999999,175,119.0,-16.0,0.68
07:31:17,156.0,79.0,174.2,10.0,155.0,10.0,175.4,10.0,18.19999999999999,89.0,20.0,1.540996430878878,156.0,174.2,109,69.0,-66.0,0.63
07:31:18,156.0,189.0,172.46,26.0,155.0,26.0,174.38,26.0,16.460000000000008,215.0,52.0,1.671008677410507,156.0,172.46,267,163.0,158.0,0.61
07:31:19,156.0,182.0,167.76,25.0,154.43,42.0,168.57,28.0,11.759999999999991,224.0,53.0,1.9540649937964927,156.0,167.76,277,171.0,10.0,0.62
07:31:20,156.21,192.0,163.36,42.0,154.19,232.0,164.76,29.0,7.150000000000006,424.0,71.0,2.519589252235476,156.21,163.36,495,353.0,164.0,0.71
07:31:21,158.0,163.0,159.84,43.0,156.0,228.0,161.43,28.0,1.8400000000000034,391.0,71.0,2.693068881402817,158.0,159.84,462,320.0,-33.0,0.69
07:31:22,156.63,99.0,159.0,27.0,155.84,101.0,215.17,29.0,2.3700000000000045,200.0,56.0,2.55271032433763,156.63,159.0,256,144.0,-164.0,0.56
07:31:23,156.0,119.0,158.43,21.0,155.0,28.0,215.0,25.0,2.430000000000007,147.0,46.0,1.834216453960565,156.0,158.43,193,101.0,-63.0,0.52
07:31:24,156.0,59.0,196.0,12.0,155.0,16.0,221.5,18.0,40.0,75.0,30.0,7.919900883216932,156.0,196.0,105,45.0,-88.0,0.43
07:31:25,156.0,114.0,190.14,44.0,155.0,44.0,245.18,51.0,34.139999999999986,158.0,95.0,9.147123591598673,156.0,190.14,253,63.0,148.0,0.25
07:31:26,156.0,73.0,265.78,45.0,155.0,36.0,306.0,27.0,109.77999999999997,109.0,72.0,21.82199074328425,156.0,265.78,181,37.0,-72.0,0.2
07:31:27,156.0,35.0,281.0,21.0,155.0,20.0,322.84,19.0,125.0,55.0,40.0,26.293446521899455,156.0,281.0,95,15.0,-86.0,0.16
07:31:28,156.0,56.0,288.67,27.0,155.0,32.0,434.77,31.0,132.67000000000002,88.0,58.0,23.7727316478353,156.0,288.67,146,30.0,51.0,0.21
07:31:29,156.0,29.0,266.7,50.0,154.0,132.0,293.14,42.0,110.69999999999999,161.0,92.0,19.699609640802322,156.0,266.7,253,69.0,107.0,0.27
07:31:30,156.0,8.0,220.88,8.0,154.13,38.0,306.0,12.0,64.88,46.0,20.0,13.146017267598298,156.0,220.88,66,26.0,-164.0,0.39
07:31:31,156.0,14.0,230.58,19.0,155.0,28.0,275.55,11.0,74.58000000000001,42.0,30.0,15.152404759641021,156.0,230.58,72,12.0,6.0,0.17
07:31:32,155.46,13.0,253.0,7.0,154.88,48.0,388.68,19.0,97.53999999999999,61.0,26.0,13.664333865944256,155.46,253.0,87,35.0,15.0,0.4
07:31:33,155.0,67.0,266.21,14.0,154.0,66.0,337.0,18.0,111.20999999999998,133.0,32.0,10.312612666050759,155.0,266.21,165,101.0,78.0,0.61
07:31:34,155.0,90.0,233.6,15.0,154.0,81.0,516.27,15.0,78.6,171.0,30.0,9.013064406737016,155.0,233.6,201,141.0,36.0,0.7
07:31:35,155.0,110.0,314.0,13.0,154.0,99.0,363.43,14.0,159.0,209.0,27.0,16.773968820764868,155.0,314.0,236,182.0,35.0,0.77
07:31:36,155.0,100.0,316.5,16.0,154.0,90.0,514.0,20.0,161.5,190.0,36.0,18.51157124611506,155.0,316.5,226,154.0,-10.0,0.68
07:31:37,156.6,94.0,316.0,40.0,154.3,90.0,317.0,10.0,159.4,184.0,50.0,19.01577161200658,156.6,316.0,234,134.0,8.0,0.57
07:31:38,160.0,110.0,285.3,46.0,155.0,99.0,315.12,17.0,125.30000000000001,209.0,63.0,17.895984186403272,160.0,285.3,272,146.0,38.0,0.54
07:31:39,160.0,70.0,181.64,55.0,156.31,80.0,251.21,53.0,21.639999999999986,150.0,108.0,28.06108212453674,160.0,181.64,258,42.0,-14.0,0.16
07:31:40,160.0,34.0,179.67,54.0,158.0,85.0,210.9,39.0,19.669999999999987,119.0,93.0,33.98732042983077,160.0,179.66999999999996,212,26.0,-46.0,0.12
07:31:41,158.15,26.0,173.11,18.0,155.19,77.0,173.4,30.0,14.960000000000008,103.0,48.0,33.659768715782775,158.15000000000003,173.11,151,55.0,-61.0,0.36
07:31:42,158.0,33.0,169.92,26.0,155.0,99.0,172.66,29.0,11.919999999999987,132.0,55.0,24.801168722461142,158.0,169.92000000000002,187,77.0,36.0,0.41
07:31:43,158.0,27.0,168.22,36.0,155.0,81.0,171.0,9.0,10.219999999999999,108.0,45.0,3.4751762545202416,158.0,168.22,153,63.0,-34.0,0.41
07:31:44,158.0,48.0,165.74,31.0,155.0,153.0,170.69,26.0,7.740000000000009,201.0,57.0,3.086438076485727,158.0,165.74,258,144.0,105.0,0.56
07:31:45,159.64,77.0,162.89,36.0,155.67,81.0,163.78,36.0,3.25,158.0,72.0,1.7333003201927988,159.64,162.89,230,86.0,-28.0,0.37
07:31:46,160.0,60.0,162.5,28.0,158.0,24.0,188.17,35.0,2.5,84.0,63.0,1.2021023250872598,160.0,162.5,147,21.0,-83.0,0.14
07:31:47,160.0,56.0,162.93,56.0,158.0,28.0,275.0,14.0,2.930000000000007,84.0,70.0,0.779454937748185,160.0,162.93,154,14.0,7.0,0.09
07:31:48,159.7,33.0,171.45,29.0,157.89,36.0,423.67,12.0,11.75,69.0,41.0,1.8551199422086349,159.7,171.45,110,28.0,-44.0,0.25
07:31:49,158.0,31.0,404.36,42.0,157.0,44.0,455.05,19.0,246.36,75.0,61.0,53.15861952684615,158.0,404.35999999999996,136,14.0,26.0,0.1
07:31:50,158.0,10.0,175.0,20.0,157.0,40.0,290.2,50.0,17.0,50.0,70.0,52.59405165985968,158.0,175.0,120,-20.0,-16.0,-0.17
07:31:51,158.0,9.0,177.32,31.0,157.0,36.0,222.67,30.0,19.319999999999993,45.0,61.0,51.87685206332387,158.0,177.32,106,-16.0,-14.0,-0.15
07:31:52,158.0,85.0,387.7,53.0,157.0,52.0,465.75,48.0,229.7,137.0,101.0,60.56574502142277,158.0,387.7,238,36.0,132.0,0.15
07:31:53,158.0,82.0,320.0,20.0,157.0,40.0,484.67,42.0,162.0,122.0,62.0,55.56748437710673,158.0,320.0,184,60.0,-54.0,0.33
07:31:54,158.0,96.0,405.7,20.0,157.0,48.0,457.55,40.0,247.7,144.0,60.0,55.73606256276093,158.0,405.7,204,84.0,20.0,0.41
07:31:55,158.0,56.0,324.82,17.0,157.0,40.0,394.0,14.0,166.82,96.0,31.0,44.902878860937236,158.0,324.82,127,65.0,-77.0,0.51
07:31:56,157.44,48.0,323.79,28.0,156.5,46.0,327.62,26.0,166.35000000000002,94.0,54.0,20.537779334679943,157.44,323.79,148,40.0,21.0,0.27
07:31:57,154.38,79.0,308.35,20.0,153.57,142.0,323.48,23.0,153.97000000000003,221.0,43.0,19.96931220648335,154.38,308.35,264,178.0,116.0,0.67
07:31:58,154.0,40.0,319.13,15.0,153.0,72.0,320.56,9.0,165.13,112.0,24.0,20.235792546871124,154.0,319.13,136,88.0,-128.0,0.65
07:31:59,154.0,50.0,315.67,18.0,153.0,90.0,316.85,13.0,161.67000000000002,140.0,31.0,4.158543014086013,154.0,315.67,171,109.0,35.0,0.64
07:32:00,154.0,66.0,314.0,15.0,153.0,135.0,315.0,30.0,160.0,201.0,45.0,3.431184926523698,154.0,314.0,246,156.0,75.0,0.63
07:32:01,154.78,27.0,302.21,14.0,153.34,41.0,314.22,18.0,147.42999999999998,68.0,32.0,3.163063388552803,154.78,302.21,100,36.0,-146.0,0.36
07:32:02,154.0,12.0,242.26,27.0,153.0,108.0,260.39,31.0,88.25999999999999,120.0,58.0,16.092362474167764,154.0,242.26,178,62.0,78.0,0.35
07:32:03,152.69,48.0,207.5,12.0,151.25,71.0,208.76,25.0,54.81,119.0,37.0,24.69677812995052,152.69,207.5,156,82.0,-22.0,0.53
07:32:04,154.0,62.0,205.16,19.0,153.0,99.0,206.43,14.0,51.16,161.0,33.0,25.993813687106428,154.0,205.16,194,128.0,38.0,0.66
07:32:05,154.73,44.0,186.92,26.0,153.16,97.0,204.76,21.0,32.19,141.0,47.0,22.980714305695557,154.73,186.92000000000002,188,94.0,-6.0,0.5
07:32:06,154.53,47.0,159.83,29.0,153.03,80.0,199.97,30.0,5.300000000000011,127.0,59.0,14.94532937074318,154.53,159.83,186,68.0,-2.0,0.37
07:32:07,153.39,31.0,160.48,33.0,152.02,41.0,167.58,19.0,7.090000000000003,72.0,52.0,11.438974167293047,153.39,160.48,124,20.0,-62.0,0.16
07:32:08,157.0,4.0,159.25,20.0,153.0,28.0,162.0,12.0,2.25,32.0,32.0,10.233660146789958,157.0,159.25,64,0.0,-60.0,0.0
07:32:09,153.19,42.0,158.1,50.0,151.52,54.0,234.0,14.0,4.909999999999997,96.0,64.0,6.259674911686409,153.19,158.1,160,32.0,96.0,0.2
07:32:10,153.0,49.0,156.29,17.0,151.0,35.0,161.23,31.0,3.289999999999992,84.0,48.0,1.3624499990809387,153.0,156.29,132,36.0,-28.0,0.27
07:32:11,153.0,59.0,154.21,38.0,151.0,40.0,155.14,28.0,1.210000000000008,99.0,66.0,1.7904552493696975,153.0,154.21,165,33.0,33.0,0.2
07:32:12,150.86,29.0,154.79,29.0,147.28,50.0,156.0,16.0,3.9299999999999784,79.0,45.0,2.056482433670499,150.86,154.79,124,34.0,-41.0,0.27
07:32:13,150.64,22.0,154.57,14.0,146.97,33.0,155.57,14.0,3.930000000000007,55.0,28.0,1.2785616919003557,150.64,154.57,83,27.0,-41.0,0.33
07:32:14,149.33,18.0,153.6,10.0,144.0,28.0,154.0,4.0,4.269999999999982,46.0,14.0,1.1852510282614925,149.33,153.6,60,32.0,-23.0,0.53
07:32:15,148.0,24.0,152.83,12.0,141.63,38.0,0.0,0.0,4.8300000000000125,62.0,12.0,1.249531912355494,148.0,152.83,74,50.0,14.0,0.68
07:32:16,148.03,29.0,151.55,22.0,105.05,19.0,152.0,4.0,3.5200000000000102,48.0,26.0,1.3266386094165272,148.03,151.55,74,22.0,0.0,0.3
07:32:17,148.0,40.0,150.42,24.0,59.96,68.0,223.0,7.0,2.4199999999999875,108.0,31.0,1.3536506196188238,148.0,150.42,139,77.0,65.0,0.55
07:32:18,147.78,36.0,150.56,18.0,115.33,81.0,303.89,9.0,2.780000000000001,117.0,27.0,0.9609474491324927,147.78,150.56,144,90.0,5.0,0.62
07:32:19,147.0,32.0,148.25,16.0,131.0,72.0,237.5,8.0,1.25,104.0,24.0,1.0398413340476702,147.0,148.25,128,80.0,-16.0,0.62
07:32:20,147.0,28.0,396.57,7.0,131.0,63.0,536.81,16.0,249.57,91.0,23.0,54.942730001338674,147.0,396.57,114,68.0,-14.0,0.6
07:32:21,147.64,33.0,386.0,6.0,136.95,43.0,636.33,30.0,238.36,76.0,36.0,66.10280531112129,147.64,386.0,112,40.0,-2.0,0.36
07:32:22,150.93,15.0,177.82,33.0,149.14,57.0,648.86,21.0,26.889999999999986,72.0,54.0,63.668761021398915,150.93,177.82,126,18.0,14.0,0.14
07:32:23,153.87,39.0,156.43,23.0,151.06,65.0,201.81,43.0,2.5600000000000023,104.0,66.0,62.52210065248932,153.87,156.43,170,38.0,44.0,0.22
07:32:24,154.83,29.0,264.59,22.0,152.38,13.0,413.63,19.0,109.75999999999996,42.0,41.0,54.93765329898984,154.83,264.59,83,1.0,-87.0,0.01
07:32:26,156.29,35.0,376.0,19.0,154.71,17.0,519.89,9.0,219.71,52.0,28.0,68.09301748343961,156.29,376.0,80,24.0,7.0,0.3
07:32:27,158.0,53.0,390.27,22.0,155.0,44.0,519.43,37.0,232.26999999999998,97.0,59.0,62.28326637227705,158.0,390.2699999999999,156,38.0,76.0,0.24
07:32:28,158.0,21.0,290.14,28.0,155.0,28.0,314.0,35.0,132.14,49.0,63.0,42.02520755451447,158.0,290.14,112,-14.0,-44.0,-0.12
07:32:29,158.0,30.0,245.82,44.0,155.82,22.0,348.36,44.0,87.82,52.0,88.0,44.33872878195788,158.0,245.82,140,-36.0,28.0,-0.26
07:32:30,158.0,24.0,317.16,50.0,156.29,28.0,450.91,47.0,159.16000000000003,52.0,97.0,29.817610065194955,158.0,317.16,149,-45.0,9.0,-0.3
07:32:32,158.0,18.0,233.25,24.0,157.0,36.0,254.47,34.0,75.25,54.0,58.0,51.63694946450667,158.0,233.25,112,-4.0,-55.0,-0.04
07:32:33,158.0,30.0,230.81,21.0,157.0,36.0,232.4,25.0,72.81,66.0,46.0,55.03285909345447,158.0,230.81,112,20.0,0.0,0.18
07:32:34,158.0,13.0,227.34,32.0,157.0,40.0,228.62,21.0,69.34,53.0,53.0,56.37939534971987,158.0,227.34,106,0.0,-6.0,0.0
07:32:35,157.25,16.0,225.69,29.0,156.67,24.0,226.74,23.0,68.44,40.0,52.0,58.329373646560036,157.25,225.69,92,-12.0,-14.0,-0.13
07:32:36,157.0,23.0,220.18,22.0,156.0,18.0,222.1,20.0,63.18000000000001,41.0,42.0,2.7253348418143095,157.0,220.18,83,-1.0,-9.0,-0.01
07:32:37,157.0,9.0,217.54,35.0,156.0,18.0,218.33,24.0,60.53999999999999,27.0,59.0,2.9248418760689803,157.0,217.54,86,-32.0,3.0,-0.37
07:32:38,157.0,8.0,214.64,22.0,156.0,16.0,215.27,30.0,57.639999999999986,24.0,52.0,2.859576891780745,157.0,214.64,76,-28.0,-10.0,-0.37
07:32:39,155.56,32.0,209.02,41.0,155.57,23.0,211.0,23.0,53.46000000000001,55.0,64.0,3.3955735892491146,155.56,209.01999999999998,119,-9.0,43.0,-0.08
07:32:40,156.86,43.0,206.64,25.0,155.06,18.0,207.44,27.0,49.77999999999997,61.0,52.0,3.0214367443330374,156.86,206.64,113,9.0,-6.0,0.08
07:32:41,160.0,24.0,203.61,18.0,157.0,24.0,205.0,12.0,43.610000000000014,48.0,30.0,2.5769788512918868,160.0,203.61,78,18.0,-35.0,0.23
07:32:42,160.0,26.0,201.9,30.0,157.0,36.0,203.38,32.0,41.900000000000006,62.0,62.0,1.9042531344349891,160.0,201.9,124,0.0,46.0,0.0
07:32:43,158.2,25.0,199.5,24.0,156.05,38.0,200.93,29.0,41.30000000000001,63.0,53.0,1.362277504771074,158.2,199.5,116,10.0,-8.0,0.09
07:32:44,157.0,9.0,197.15,26.0,155.0,27.0,198.12,25.0,40.150000000000006,36.0,51.0,2.0646597782698053,157.0,197.15000000000003,87,-15.0,-29.0,-0.17
07:32:45,159.7,20.0,192.89,37.0,156.2,15.0,195.1,40.0,33.19,35.0,77.0,2.3820936169691014,159.7,192.89,112,-42.0,25.0,-0.38
07:32:46,156.38,29.0,191.33,42.0,154.22,59.0,192.38,39.0,34.95000000000002,88.0,81.0,2.671548240254069,156.38,191.33,169,7.0,57.0,0.04
07:32:47,157.0,24.0,187.91,22.0,155.0,24.0,189.27,30.0,30.909999999999997,48.0,52.0,2.556104457960275,157.0,187.90999999999997,100,-4.0,-69.0,-0.04
07:32:48,157.53,38.0,185.35,34.0,155.58,36.0,186.17,53.0,27.819999999999993,74.0,87.0,2.4236707697218676,157.53,185.35,161,-13.0,61.0,-0.08
07:32:49,158.29,28.0,183.81,31.0,155.86,21.0,185.17,30.0,25.52000000000001,49.0,61.0,2.131091269749842,158.29,183.81,110,-12.0,-51.0,-0.11
07:32:50,157.0,16.0,179.9,21.0,155.17,18.0,180.84,19.0,22.900000000000006,34.0,40.0,1.998011511479294,157.0,179.9,74,-6.0,-36.0,-0.08
07:32:51,156.67,18.0,175.54,28.0,155.25,24.0,177.43,21.0,18.870000000000005,42.0,49.0,2.5854922161947242,156.67,175.54,91,-7.0,17.0,-0.08
07:32:52,156.67,15.0,172.62,24.0,155.07,15.0,173.8,15.0,15.950000000000017,30.0,39.0,2.9832817500201494,156.67,172.62,69,-9.0,-22.0,-0.13
07:32:53,158.0,37.0,170.0,27.0,156.0,9.0,171.0,27.0,12.0,46.0,54.0,2.903661481647447,158.0,170.0,100,-8.0,31.0,-0.08
07:32:54,158.0,40.0,168.26,19.0,156.0,10.0,169.21,28.0,10.259999999999991,50.0,47.0,2.084353616832514,158.0,168.26,97,3.0,-3.0,0.03
07:32:55,158.0,36.0,164.46,13.0,156.0,9.0,167.36,22.0,6.460000000000008,45.0,35.0,1.8099640880422354,158.0,164.46,80,10.0,-17.0,0.12
07:32:56,158.0,64.0,161.24,34.0,156.0,16.0,162.14,42.0,3.240000000000009,80.0,76.0,2.0720352313612476,158.0,161.24,156,4.0,76.0,0.03
07:32:57,157.05,38.0,159.5,16.0,154.65,26.0,160.86,28.0,2.4499999999999886,64.0,44.0,2.375662012998042,157.05,159.5,108,20.0,-48.0,0.19
07:32:58,154.0,78.0,157.81,37.0,152.91,44.0,158.8,35.0,3.8100000000000023,122.0,72.0,2.760023550624437,154.0,157.81,194,50.0,86.0,0.26
07:32:59,154.0,63.0,155.77,39.0,153.0,143.0,157.52,29.0,1.7700000000000102,206.0,68.0,2.609450133649066,154.0,155.77,274,138.0,80.0,0.5
07:33:00,153.02,135.0,159.0,15.0,151.63,35.0,189.28,25.0,5.97999999999999,170.0,40.0,1.945983042064056,153.02,159.0,210,130.0,-64.0,0.62
07:33:01,153.06,83.0,159.4,10.0,151.62,26.0,213.0,20.0,6.340000000000003,109.0,30.0,1.2420426723751015,153.06,159.4,139,79.0,-71.0,0.57
07:33:02,158.0,10.0,159.0,10.0,153.0,80.0,299.6,20.0,1.0,90.0,30.0,1.3320397891957683,158.0,159.0,120,60.0,-19.0,0.5
07:33:03,155.27,74.0,309.09,22.0,152.75,64.0,337.09,22.0,153.81999999999996,138.0,44.0,33.91305721989697,155.27,309.09,182,94.0,62.0,0.52
07:33:04,157.0,84.0,313.5,28.0,153.0,112.0,538.24,34.0,156.5,196.0,62.0,42.09129399293887,157.0,313.5,258,134.0,76.0,0.52
07:33:08,158.0,90.0,342.0,22.0,157.0,30.0,467.38,32.0,184.0,120.0,54.0,55.49769788018288,158.0,342.0,174,66.0,32.0,0.38
07:33:09,158.33,54.0,304.12,16.0,157.64,42.0,307.0,16.0,145.79,96.0,32.0,56.69138144374377,158.33000000000004,304.12,128,64.0,-46.0,0.5
07:33:10,160.0,30.0,244.11,37.0,158.61,69.0,288.09,23.0,84.11000000000001,99.0,60.0,55.96931096592167,160.0,244.10999999999999,159,39.0,31.0,0.25
07:33:11,159.57,47.0,224.48,50.0,158.6,90.0,226.14,28.0,64.91,137.0,78.0,51.789246181036724,159.57,224.48,215,59.0,56.0,0.27
07:33:12,159.0,40.0,222.5,32.0,158.0,72.0,226.0,16.0,63.5,112.0,48.0,26.24792410839409,159.0,222.5,160,64.0,-55.0,0.4
07:33:13,159.0,55.0,220.62,32.0,158.0,99.0,222.0,34.0,61.620000000000005,154.0,66.0,17.503881855177443,159.0,220.62,220,88.0,60.0,0.4
07:33:14,159.0,39.0,220.0,36.0,158.0,81.0,221.0,18.0,61.0,120.0,54.0,5.24843024151092,159.0,220.0,174,66.0,-46.0,0.38
07:33:15,159.0,24.0,219.27,22.0,158.0,72.0,220.23,26.0,60.27000000000001,96.0,48.0,1.1625962325782118,159.0,219.27,144,48.0,-30.0,0.33
07:33:16,158.11,81.0,217.5,24.0,157.5,54.0,220.0,48.0,59.389999999999986,135.0,72.0,1.0719468270416426,158.11,217.5,207,63.0,63.0,0.3
07:33:17,158.0,80.0,215.3,20.0,157.0,30.0,217.85,26.0,57.30000000000001,110.0,46.0,1.3219947049834453,158.0,215.3,156,64.0,-51.0,0.41
07:33:18,158.0,64.0,212.78,18.0,157.0,24.0,213.54,26.0,54.78,88.0,44.0,1.7149548099013807,158.0,212.78,132,44.0,-24.0,0.33
07:33:19,158.0,53.0,211.09,22.0,157.0,33.0,213.0,44.0,53.09,86.0,66.0,1.8389181602244893,158.0,211.09000000000003,152,20.0,20.0,0.13
07:33:20,158.0,10.0,206.15,26.0,157.0,30.0,212.78,36.0,48.150000000000006,40.0,62.0,2.182975034214282,158.0,206.15000000000003,102,-22.0,-50.0,-0.22
07:33:21,158.0,12.0,208.14,28.0,157.0,36.0,209.75,32.0,50.139999999999986,48.0,60.0,1.8167883751286213,158.0,208.14000000000001,108,-12.0,6.0,-0.11
07:33:22,156.0,60.0,204.85,54.0,155.0,22.0,206.32,31.0,48.849999999999994,82.0,85.0,1.9695634033973104,156.0,204.85,167,-3.0,59.0,-0.02
07:33:23,156.0,44.0,201.27,30.0,155.0,22.0,202.57,28.0,45.27000000000001,66.0,58.0,2.3004390885223374,156.0,201.27,124,8.0,-43.0,0.06
07:33:24,156.0,32.0,197.55,29.0,155.0,16.0,199.57,21.0,41.55000000000001,48.0,50.0,2.548797755805825,156.0,197.55,98,-2.0,-26.0,-0.02
07:33:25,156.29,62.0,192.56,54.0,155.52,46.0,194.27,60.0,36.27000000000001,108.0,114.0,3.3201551168582744,156.29,192.56,222,-6.0,124.0,-0.03
07:33:26,157.0,39.0,187.54,37.0,156.0,52.0,188.8,40.0,30.539999999999992,91.0,77.0,3.251127496730821,157.0,187.54,168,14.0,-54.0,0.08
07:33:27,156.73,33.0,185.18,33.0,155.84,38.0,186.85,33.0,28.450000000000017,71.0,66.0,3.1534346354409157,156.73,185.18,137,5.0,-31.0,0.04
07:33:28,156.0,36.0,184.67,30.0,155.0,24.0,185.69,32.0,28.669999999999987,60.0,62.0,2.653139649546853,156.0,184.67,122,-2.0,-15.0,-0.02
07:33:29,154.54,35.0,178.65,23.0,153.05,86.0,180.72,29.0,24.110000000000014,121.0,52.0,2.8759224607065983,154.54,178.65,173,69.0,51.0,0.4
07:33:30,151.91,66.0,174.57,28.0,150.43,84.0,176.08,24.0,22.659999999999997,150.0,52.0,3.6974139611349544,151.91,174.57,202,98.0,29.0,0.49
07:33:31,151.69,35.0,172.17,12.0,150.48,62.0,173.07,29.0,20.47999999999999,97.0,41.0,4.059969211705269,151.69,172.17,138,56.0,-64.0,0.41
07:33:32,152.33,30.0,169.54,13.0,150.76,66.0,172.88,34.0,17.20999999999998,96.0,47.0,3.847293854125761,152.33,169.54,143,49.0,5.0,0.34
07:33:33,151.0,45.0,167.05,21.0,150.0,72.0,167.93,14.0,16.05000000000001,117.0,35.0,2.8331925455204816,151.0,167.05,152,82.0,9.0,0.54
07:33:34,159.23,98.0,162.69,35.0,157.3,113.0,163.76,25.0,3.460000000000008,211.0,60.0,1.5468096198279793,159.23,162.69,271,151.0,119.0,0.56
07:33:35,160.0,89.0,161.27,15.0,158.0,35.0,162.67,12.0,1.2700000000000102,124.0,27.0,1.0565651896556916,160.0,161.27,151,97.0,-120.0,0.64
07:33:36,160.0,53.0,407.71,41.0,158.0,45.0,610.57,21.0,247.70999999999998,98.0,62.0,55.21990809481669,160.0,407.71000000000004,160,36.0,9.0,0.23
07:33:38,158.0,59.0,311.17,18.0,155.0,8.0,519.41,34.0,153.17000000000002,67.0,52.0,78.80111249214708,158.0,311.17,119,15.0,7.0,0.13
07:33:39,158.0,50.0,195.8,15.0,155.67,9.0,212.0,12.0,37.80000000000001,59.0,27.0,75.22727809777528,158.0,195.8,86,32.0,-33.0,0.37
07:33:40,158.0,45.0,194.4,15.0,156.0,9.0,195.8,15.0,36.400000000000006,54.0,30.0,71.36462134699534,158.0,194.4,84,24.0,-2.0,0.29
07:33:41,158.0,50.0,192.57,14.0,156.0,10.0,193.92,26.0,34.56999999999999,60.0,40.0,72.2265019227708,158.0,192.57,100,20.0,16.0,0.2
07:33:42,158.0,80.0,190.19,36.0,156.0,16.0,190.64,28.0,32.19,96.0,64.0,26.387418971926717,158.0,190.19,160,32.0,60.0,0.2
07:33:43,158.0,65.0,186.97,31.0,156.0,13.0,221.4,40.0,28.97,78.0,71.0,1.7531628560952806,158.0,186.97,149,7.0,-11.0,0.05
07:33:44,157.48,27.0,183.33,43.0,155.22,18.0,185.12,34.0,25.850000000000023,45.0,77.0,2.3084800194048847,157.48,183.33,122,-32.0,-27.0,-0.26
07:33:45,153.31,51.0,182.4,30.0,150.79,78.0,183.55,33.0,29.090000000000003,129.0,63.0,2.9648237721643396,153.31,182.4,192,66.0,70.0,0.34
07:33:46,158.17,46.0,180.56,27.0,152.22,80.0,181.59,29.0,22.390000000000015,126.0,56.0,2.478991730520739,158.17,180.56,182,70.0,-10.0,0.38
07:33:47,160.0,22.0,178.6,35.0,158.0,149.0,180.43,42.0,18.599999999999994,171.0,77.0,1.7115490060146512,160.0,178.6,248,94.0,66.0,0.38
07:33:48,160.0,16.0,176.0,32.0,158.0,128.0,177.0,24.0,16.0,144.0,56.0,1.0580548189906254,160.0,176.0,200,88.0,-48.0,0.44
07:33:49,160.0,18.0,173.82,39.0,158.0,144.0,175.8,30.0,13.819999999999993,162.0,69.0,1.0414317068290593,160.0,173.82,231,93.0,31.0,0.4
07:33:50,160.0,18.0,172.78,45.0,158.0,144.0,174.0,36.0,12.780000000000001,162.0,81.0,1.352726875606723,160.0,172.78,243,81.0,12.0,0.33
07:33:51,160.0,14.0,171.21,33.0,158.0,112.0,173.48,29.0,11.210000000000008,126.0,62.0,1.441308433330025,160.0,171.21,188,64.0,-55.0,0.34
07:33:52,160.0,14.0,167.6,25.0,158.0,112.0,168.39,31.0,7.599999999999994,126.0,56.0,1.5709455751195136,160.0,167.6,182,70.0,-6.0,0.38
07:33:53,158.05,174.0,165.58,62.0,157.32,44.0,166.31,49.0,7.530000000000001,218.0,111.0,2.0929835164154724,158.05,165.58,329,107.0,147.0,0.33
07:33:54,158.0,137.0,162.24,49.0,156.0,12.0,163.02,45.0,4.240000000000009,149.0,94.0,2.6059604755226227,158.0,162.24,243,55.0,-86.0,0.23
07:33:55,158.0,102.0,159.68,47.0,156.0,14.0,161.11,63.0,1.6800000000000068,116.0,110.0,2.730463330642839,158.0,159.68,226,6.0,-17.0,0.03
07:33:56,156.0,15.0,158.87,45.0,155.0,15.0,346.47,57.0,2.8700000000000045,30.0,102.0,2.49404290259492,156.0,158.87,132,-72.0,-94.0,-0.55
07:33:57,154.17,72.0,157.22,27.0,153.67,18.0,267.08,39.0,3.0500000000000114,90.0,66.0,2.363825289648755,154.17,157.22,156,24.0,24.0,0.15
07:33:58,154.0,198.0,156.11,27.0,153.0,36.0,253.22,45.0,2.1100000000000136,234.0,72.0,2.113568073183858,154.0,156.11,306,162.0,150.0,0.53
07:33:59,154.0,44.0,156.0,6.0,153.0,8.0,170.0,10.0,2.0,52.0,16.0,1.6788478191847713,154.0,156.0,68,36.0,-164.0,0.53
07:34:00,154.0,265.0,157.46,39.0,153.0,56.0,164.54,50.0,3.460000000000008,321.0,89.0,0.9823288654931475,154.0,157.46,410,232.0,164.0,0.57
07:34:01,154.0,153.0,156.78,32.0,153.0,52.0,157.68,34.0,2.780000000000001,205.0,66.0,0.34107183991172735,154.0,156.78,271,139.0,-139.0,0.51
07:34:02,154.03,95.0,156.31,32.0,153.18,49.0,174.91,33.0,2.280000000000001,144.0,65.0,0.29706901551778164,154.03,156.31,209,79.0,-62.0,0.38
07:34:03,154.0,76.0,156.11,27.0,153.0,36.0,326.67,27.0,2.1100000000000136,112.0,54.0,0.29706901551778164,154.0,156.11,166,58.0,-43.0,0.35
07:34:04,153.6,40.0,155.1,30.0,152.5,32.0,304.0,30.0,1.5,72.0,60.0,0.510392006188008,153.6,155.1,132,12.0,-34.0,0.09
07:34:05,152.95,37.0,154.3,30.0,150.53,34.0,304.0,30.0,1.3500000000000227,71.0,60.0,0.726959421137341,152.95,154.3,131,11.0,-1.0,0.08
07:34:06,150.04,78.0,154.0,24.0,142.69,78.0,267.62,24.0,3.960000000000008,156.0,48.0,1.29132877300085,150.04,154.0,204,108.0,73.0,0.53
07:34:07,150.0,45.0,363.0,9.0,131.0,18.0,384.0,9.0,213.0,63.0,18.0,45.95943972678512,150.0,363.0,81,45.0,-123.0,0.56
07:34:08,150.1,83.0,345.86,21.0,142.75,48.0,479.14,21.0,195.76000000000002,131.0,42.0,54.265462128318845,150.1,345.86,173,89.0,92.0,0.51
07:34:09,151.0,28.0,419.14,21.0,148.73,60.0,546.0,21.0,268.14,88.0,42.0,61.99232387965485,151.0,419.14000000000004,130,46.0,-43.0,0.35
07:34:12,154.0,28.0,256.0,21.0,150.05,37.0,328.47,19.0,102.0,65.0,40.0,49.67521967742132,154.0,256.0,105,25.0,-90.0,0.24
07:34:13,154.0,22.0,345.73,11.0,151.0,7.0,385.43,21.0,191.73000000000002,29.0,32.0,49.4183582284971,154.0,345.73,61,-3.0,-44.0,-0.05
07:34:14,157.43,42.0,357.27,11.0,151.92,13.0,379.0,27.0,199.83999999999997,55.0,38.0,49.7264674997135,157.43,357.27,93,17.0,32.0,0.18
07:34:15,160.0,92.0,356.22,9.0,154.0,18.0,503.27,22.0,196.22000000000003,110.0,31.0,40.81694905305949,160.0,356.22,141,79.0,48.0,0.56
07:34:16,160.0,98.0,322.0,23.0,154.0,22.0,449.8,15.0,162.0,120.0,38.0,21.946444586767175,160.0,322.0,158,82.0,17.0,0.52
07:34:17,160.0,84.0,328.29,24.0,157.33,48.0,536.53,32.0,168.29000000000002,132.0,56.0,7.664732872060693,160.0,328.29,188,76.0,30.0,0.4
07:34:18,160.0,66.0,232.26,19.0,158.0,64.0,586.36,25.0,72.25999999999999,130.0,44.0,25.345948788712565,160.0,232.26,174,86.0,-14.0,0.49
07:34:19,160.0,39.0,161.38,52.0,158.0,72.0,162.29,28.0,1.3799999999999955,111.0,80.0,40.50940113109579,160.0,161.38,191,31.0,17.0,0.16
07:34:20,158.0,66.0,436.2,25.0,156.0,11.0,531.8,15.0,278.2,77.0,40.0,51.84301428350817,158.0,436.2,117,37.0,-74.0,0.32
07:34:22,160.0,22.0,389.36,25.0,158.0,143.0,499.9,21.0,229.36,165.0,46.0,72.4787405381747,160.0,389.36,211,119.0,53.0,0.56
07:34:23,160.0,17.0,357.12,25.0,158.0,156.0,408.32,25.0,197.12,173.0,50.0,65.28182748667548,160.0,357.12,223,123.0,12.0,0.55
07:34:24,158.11,76.0,248.2,20.0,156.65,120.0,256.31,16.0,90.08999999999997,196.0,36.0,48.99342323210395,158.11,248.2,232,160.0,9.0,0.69
07:34:25,158.0,90.0,233.0,26.0,156.0,70.0,240.06,18.0,75.0,160.0,44.0,57.300620590007995,158.0,233.0,204,116.0,-28.0,0.57
07:34:26,158.0,73.0,230.31,32.0,156.0,84.0,231.31,32.0,72.31,157.0,64.0,38.38272267570431,158.0,230.31,221,93.0,17.0,0.42
07:34:27,158.0,36.0,226.47,17.0,156.0,63.0,227.71,14.0,68.47,99.0,31.0,28.16648220846922,158.0,226.47,130,68.0,-91.0,0.52
07:34:28,158.0,36.0,222.9,21.0,156.0,63.0,226.6,10.0,64.9,99.0,31.0,4.889994887523168,158.0,222.90000000000003,130,68.0,0.0,0.52
07:34:29,156.83,63.0,212.92,36.0,155.23,146.0,215.0,60.0,56.089999999999975,209.0,96.0,4.143275274465815,156.83,212.92,305,113.0,164.0,0.37
07:34:30,160.0,75.0,209.91,35.0,156.0,90.0,212.04,45.0,49.91,165.0,80.0,4.243810787487834,160.0,209.91,245,85.0,-60.0,0.35
07:34:31,157.7,94.0,204.41,39.0,155.25,192.0,205.75,24.0,46.71000000000001,286.0,63.0,4.55354038084611,157.7,204.41,349,223.0,104.0,0.64
07:34:32,156.0,90.0,200.4,20.0,155.0,201.0,201.4,25.0,44.400000000000006,291.0,45.0,4.623912845198745,156.0,200.4,336,246.0,-13.0,0.73
07:34:33,156.0,72.0,197.67,21.0,155.0,48.0,199.8,15.0,41.66999999999999,120.0,36.0,3.7323491262195296,156.0,197.67,156,84.0,-164.0,0.54
07:34:34,156.0,90.0,194.68,22.0,155.0,60.0,195.3,30.0,38.68000000000001,150.0,52.0,3.8119312690537863,156.0,194.68,202,98.0,46.0,0.49
07:34:35,156.0,63.0,191.44,48.0,155.0,68.0,192.22,23.0,35.44,131.0,71.0,2.804549874754954,156.0,191.43999999999997,202,60.0,0.0,0.3
07:34:36,156.0,15.0,184.75,24.0,155.0,36.0,190.0,24.0,28.75,51.0,48.0,3.0261824135346234,156.0,184.75,99,3.0,-103.0,0.03
07:34:37,156.0,12.0,186.63,19.0,155.0,48.0,188.0,22.0,30.629999999999995,60.0,41.0,2.692957482023278,156.0,186.63,101,19.0,2.0,0.19
07:34:38,156.0,12.0,182.71,24.0,155.0,48.0,183.78,32.0,26.710000000000008,60.0,56.0,2.460735662354644,156.0,182.71,116,4.0,15.0,0.03
07:34:39,157.87,91.0,177.0,22.0,155.33,36.0,178.2,35.0,19.129999999999995,127.0,57.0,2.3336987809018255,157.87,177.0,184,70.0,68.0,0.38
07:34:40,158.0,164.0,171.26,46.0,156.0,16.0,174.32,19.0,13.259999999999991,180.0,65.0,2.657850635378375,158.0,171.26,245,115.0,61.0,0.47
07:34:41,158.0,320.0,166.59,68.0,156.0,16.0,168.8,30.0,8.590000000000003,336.0,98.0,3.6114650766662506,158.0,166.59,434,238.0,164.0,0.55
07:34:42,159.17,115.0,165.93,75.0,157.96,147.0,167.0,15.0,6.760000000000019,262.0,90.0,3.0821421122295107,159.17,165.93,352,172.0,-82.0,0.49
07:34:43,160.0,114.0,163.32,71.0,158.0,222.0,164.81,78.0,3.319999999999993,336.0,149.0,2.3584571227769735,160.0,163.32,485,187.0,133.0,0.39
07:34:44,158.13,164.0,162.6,45.0,156.68,150.0,164.58,57.0,4.469999999999999,314.0,102.0,1.5512897859447068,158.13,162.6,416,212.0,-69.0,0.51
07:34:45,158.0,187.0,161.87,53.0,156.0,121.0,163.43,46.0,3.8700000000000045,308.0,99.0,1.1614645926482974,158.0,161.87,407,209.0,-9.0,0.51
07:34:46,158.0,169.0,160.49,57.0,156.0,132.0,257.6,45.0,2.490000000000009,301.0,102.0,1.3355598077118165,158.0,160.49,403,199.0,-4.0,0.49
07:34:47,158.0,68.0,159.83,24.0,156.0,132.0,263.54,46.0,1.8300000000000125,200.0,70.0,1.0750488360882324,158.0,159.83,270,130.0,-133.0,0.48
07:34:48,158.0,22.0,159.0,18.0,156.0,99.0,201.31,35.0,1.0,121.0,53.0,0.7557314337608162,158.0,159.0,174,68.0,-96.0,0.39
07:34:49,156.91,35.0,159.0,22.0,155.79,112.0,205.7,43.0,2.0900000000000034,147.0,65.0,0.7461032100010013,156.91,159.0,212,82.0,38.0,0.39
07:34:50,155.73,75.0,255.0,45.0,154.97,116.0,355.31,49.0,99.27000000000001,191.0,94.0,20.89603670555688,155.73,255.0,285,97.0,73.0,0.34
07:34:51,158.0,42.0,363.67,30.0,155.0,64.0,383.12,32.0,205.67000000000002,106.0,62.0,45.34237675728958,158.0,363.67,168,44.0,-117.0,0.26
07:34:52,158.0,45.0,362.78,27.0,155.0,72.0,398.55,31.0,204.77999999999997,117.0,58.0,51.2226243958664,158.0,362.78,175,59.0,7.0,0.34
07:34:53,158.0,40.0,289.37,19.0,155.0,64.0,381.88,24.0,131.37,104.0,43.0,42.89940360890832,158.0,289.37,147,61.0,-28.0,0.41
07:34:54,155.25,61.0,301.0,27.0,154.53,15.0,415.38,24.0,145.75,76.0,51.0,24.30512435681057,155.25,301.0,127,25.0,-20.0,0.2
07:34:55,155.0,88.0,220.21,34.0,154.0,11.0,246.76,38.0,65.21000000000001,99.0,72.0,30.38388108849862,155.0,220.21,171,27.0,44.0,0.16
07:34:56,155.0,118.0,208.33,36.0,154.0,12.0,252.88,40.0,53.33000000000001,130.0,76.0,32.25302885001676,155.0,208.33,206,54.0,35.0,0.26
07:34:57,155.0,90.0,204.22,27.0,154.0,9.0,269.35,34.0,49.22,99.0,61.0,23.753343554118903,155.0,204.22,160,38.0,-46.0,0.24
07:34:58,155.0,60.0,193.17,18.0,154.0,6.0,222.43,21.0,38.16999999999999,66.0,39.0,21.73389357662346,155.0,193.17,105,27.0,-55.0,0.26
07:34:59,155.0,80.0,193.0,24.0,154.0,8.0,433.9,20.0,38.0,88.0,44.0,5.698663878488189,155.0,193.0,132,44.0,27.0,0.33
07:35:00,155.0,96.0,192.1,30.0,154.0,10.0,496.91,23.0,37.099999999999994,106.0,53.0,3.780749925607859,155.0,192.1,159,53.0,27.0,0.33
07:35:01,155.0,102.0,182.67,45.0,154.0,15.0,270.4,45.0,27.669999999999987,117.0,90.0,3.821286432601175,155.0,182.67,207,27.0,48.0,0.13
07:35:02,155.0,62.0,175.75,60.0,154.0,12.0,177.0,36.0,20.75,74.0,96.0,3.909638090665119,155.0,175.75,170,-22.0,-37.0,-0.13
07:35:03,155.0,162.0,171.91,56.0,153.67,12.0,175.22,45.0,16.909999999999997,174.0,101.0,4.730690224478648,155.0,171.91,275,73.0,105.0,0.27
07:35:04,155.0,78.0,165.02,59.0,154.0,13.0,167.4,52.0,10.02000000000001,91.0,111.0,5.1822996825710055,155.0,165.02,202,-20.0,-73.0,-0.1
07:35:05,155.88,51.0,162.04,27.0,154.75,24.0,163.23,39.0,6.159999999999997,75.0,66.0,4.01835414068659,155.88,162.04,141,9.0,-61.0,0.06
07:35:06,158.0,44.0,160.0,24.0,155.0,72.0,163.0,60.0,2.0,116.0,84.0,2.9035529958950983,158.0,160.0,200,32.0,59.0,0.16
07:35:07,159.0,37.0,162.04,49.0,158.0,33.0,163.73,37.0,3.039999999999992,70.0,86.0,1.8414125013072584,159.0,162.04,156,-16.0,-44.0,-0.1
07:35:08,159.0,27.0,161.49,35.0,158.0,27.0,162.65,37.0,2.490000000000009,54.0,72.0,0.7223434086154367,159.0,161.49,126,-18.0,-30.0,-0.14
07:35:09,158.82,33.0,160.0,33.0,156.88,43.0,192.24,51.0,1.1800000000000068,76.0,84.0,0.7173423171471741,158.82,160.0,160,-8.0,34.0,-0.05
07:35:10,155.6,80.0,158.74,43.0,154.89,72.0,209.75,48.0,3.140000000000015,152.0,91.0,1.3234311466675621,155.6,158.74,243,61.0,83.0,0.25
07:35:11,155.0,54.0,156.56,18.0,154.0,9.0,159.0,27.0,1.5600000000000023,63.0,45.0,2.0631601973596982,155.0,156.56,108,18.0,-135.0,0.17
07:35:12,155.0,29.0,171.0,25.0,154.0,10.0,330.0,30.0,16.0,39.0,55.0,2.799598185449062,155.0,171.0,94,-16.0,-14.0,-0.17
07:35:13,155.0,16.0,181.0,24.0,154.0,8.0,405.27,30.0,26.0,24.0,54.0,4.922079844940642,155.0,181.0,78,-30.0,-16.0,-0.38
07:35:14,156.33,6.0,181.0,18.0,154.5,8.0,438.0,24.0,24.669999999999987,14.0,42.0,5.960983979174268,156.33,181.0,56,-28.0,-22.0,-0.5
07:35:15,153.71,17.0,181.0,27.0,151.38,21.0,404.0,32.0,27.289999999999992,38.0,59.0,5.385902895520288,153.71,181.0,97,-21.0,41.0,-0.22
07:35:16,153.0,14.0,183.14,21.0,150.0,21.0,371.61,23.0,30.139999999999986,35.0,44.0,2.294268946740064,153.0,183.14,79,-9.0,-18.0,-0.11
07:35:17,153.0,22.0,182.64,11.0,150.0,33.0,492.12,43.0,29.639999999999986,55.0,54.0,0.47620373788591175,153.0,182.64,109,1.0,30.0,0.01
07:35:18,154.57,23.0,181.4,10.0,150.67,27.0,435.38,21.0,26.830000000000013,50.0,31.0,0.47609872923219515,154.57,181.4,81,19.0,-28.0,0.23
07:35:19,154.58,36.0,180.7,20.0,151.0,27.0,259.0,36.0,26.119999999999976,63.0,56.0,0.28717590424051487,154.58,180.7,119,7.0,38.0,0.06
07:35:20,150.0,33.0,180.0,11.0,75.68,50.0,223.8,41.0,30.0,83.0,52.0,1.2972355221685767,150.0,180.0,135,31.0,16.0,0.23
07:35:21,123.41,17.0,231.78,9.0,82.94,47.0,324.4,25.0,108.37,64.0,34.0,4.844025185729057,123.40999999999998,231.78,98,30.0,-37.0,0.31
07:35:22,150.56,82.0,430.08,24.0,103.15,39.0,625.33,36.0,279.52,121.0,60.0,54.22012615256437,150.56,430.08,181,61.0,83.0,0.34
07:35:23,160.0,44.0,257.56,50.0,94.16,70.0,391.52,46.0,97.56,114.0,96.0,52.4207943472817,160.0,257.56,210,18.0,29.0,0.09
07:35:24,160.0,10.0,198.0,40.0,137.91,69.0,324.69,29.0,38.0,79.0,69.0,50.78726139496008,160.0,198.0,148,10.0,-62.0,0.07
07:35:25,160.0,11.0,197.09,44.0,158.0,66.0,230.72,47.0,37.09,77.0,91.0,48.48614719690568,160.0,197.09000000000003,168,-14.0,20.0,-0.08
07:35:26,158.61,23.0,194.73,44.0,156.15,78.0,211.0,55.0,36.119999999999976,101.0,99.0,48.62647869216939,158.61,194.73,200,2.0,32.0,0.01
07:35:27,158.0,36.0,192.89,36.0,153.57,69.0,278.71,35.0,34.889999999999986,105.0,71.0,14.100236522838488,158.0,192.89,176,34.0,-24.0,0.19
07:35:28,158.0,48.0,192.0,48.0,152.19,52.0,306.39,36.0,34.0,100.0,84.0,1.797350828298124,158.0,192.0,184,16.0,8.0,0.09
07:35:29,158.0,44.0,191.5,48.0,157.0,12.0,258.04,56.0,33.5,56.0,104.0,1.564758767345113,158.0,191.5,160,-48.0,-24.0,-0.3
07:35:30,155.71,63.0,187.61,36.0,152.56,45.0,206.36,44.0,31.900000000000006,108.0,80.0,1.8548935279369696,155.71,187.61,188,28.0,28.0,0.15
07:35:31,155.72,87.0,178.51,43.0,154.03,62.0,180.42,38.0,22.789999999999992,149.0,81.0,3.506205926636535,155.72,178.51,230,68.0,42.0,0.3
07:35:32,155.11,81.0,173.88,32.0,152.27,66.0,175.92,52.0,18.769999999999982,147.0,84.0,4.667668582920132,155.11,173.88,231,63.0,1.0,0.27
07:35:33,155.0,102.0,168.36,56.0,153.53,129.0,171.87,46.0,13.360000000000014,231.0,102.0,5.290959270300402,155.0,168.35999999999999,333,129.0,102.0,0.39
07:35:34,156.0,72.0,164.44,32.0,154.31,78.0,165.5,32.0,8.439999999999998,150.0,64.0,4.554534004700773,156.0,164.44,214,86.0,-119.0,0.4
07:35:35,155.0,42.0,159.92,26.0,154.0,63.0,160.81,21.0,4.9199999999999875,105.0,47.0,3.745287705901051,155.0,159.92000000000002,152,58.0,-62.0,0.38
07:35:36,154.54,39.0,157.23,26.0,153.82,109.0,159.0,52.0,2.6899999999999977,148.0,78.0,3.407430116667386,154.54,157.23,226,70.0,74.0,0.31
07:35:37,152.48,66.0,153.84,38.0,150.59,51.0,163.63,41.0,1.3600000000000136,117.0,79.0,3.3974402128617704,152.48,153.84,196,38.0,-30.0,0.19
07:35:38,149.33,49.0,154.71,14.0,111.65,71.0,174.17,29.0,5.3799999999999955,120.0,43.0,3.2993514514171847,149.33,154.71,163,77.0,-33.0,0.47
07:35:39,150.27,22.0,166.0,30.0,115.6,40.0,405.0,10.0,15.72999999999999,62.0,40.0,2.6646050363925093,150.27,166.0,102,22.0,-61.0,0.22
07:35:40,157.67,45.0,230.73,22.0,152.56,16.0,536.54,26.0,73.06,61.0,48.0,17.780804256275186,157.67,230.73,109,13.0,7.0,0.12
07:35:41,158.0,48.0,180.86,42.0,155.0,14.0,584.97,69.0,22.860000000000014,62.0,111.0,17.5159213288932,158.0,180.86,173,-49.0,64.0,-0.28
07:35:42,154.0,25.0,176.0,15.0,150.33,27.0,562.0,24.0,22.0,52.0,39.0,16.200093209607697,154.0,176.0,91,13.0,-82.0,0.14
07:35:43,150.0,25.0,176.0,27.0,112.02,51.0,378.0,38.0,26.0,76.0,65.0,14.14756092052546,150.0,176.0,141,11.0,50.0,0.08
07:35:44,149.95,81.0,176.0,33.0,90.94,31.0,405.91,46.0,26.05000000000001,112.0,79.0,13.275869839674533,149.95,176.0,191,33.0,50.0,0.17
07:35:45,150.57,77.0,176.0,21.0,128.57,37.0,349.29,31.0,25.430000000000007,114.0,52.0,2.751881174755863,150.57,176.0,166,62.0,-25.0,0.37
07:35:46,153.82,136.0,174.24,68.0,150.51,118.0,286.23,66.0,20.420000000000016,254.0,134.0,0.8613071461301997,153.82,174.24,388,120.0,164.0,0.31
07:35:47,159.0,112.0,172.14,70.0,157.0,56.0,338.42,62.0,13.139999999999986,168.0,132.0,1.0902889525144337,159.0,172.14,300,36.0,-88.0,0.12
07:35:48,159.0,64.0,171.12,40.0,157.0,32.0,191.0,24.0,12.120000000000005,96.0,64.0,1.1136561408151646,159.0,171.12,160,32.0,-140.0,0.2
07:35:49,159.0,69.0,169.5,60.0,157.0,48.0,191.0,36.0,10.5,117.0,96.0,0.8927485648129118,159.0,169.5,213,21.0,53.0,0.1
07:35:50,159.0,45.0,165.48,31.0,157.0,36.0,170.32,41.0,6.47999999999999,81.0,72.0,1.2732831578150043,159.0,165.48,153,9.0,-60.0,0.06
07:35:51,159.0,45.0,162.22,37.0,157.0,36.0,164.03,31.0,3.219999999999999,81.0,68.0,2.074254082790926,159.0,162.22,149,13.0,-4.0,0.09
07:35:52,158.37,51.0,160.26,27.0,154.56,72.0,163.03,31.0,1.8899999999999864,123.0,58.0,2.4062481168769603,158.37,160.26,181,65.0,32.0,0.36
07:35:53,157.0,44.0,159.55,11.0,154.43,21.0,169.41,51.0,2.5500000000000114,65.0,62.0,2.3721445992967807,157.0,159.55,127,3.0,-54.0,0.02
07:35:54,157.0,43.0,174.33,15.0,153.78,51.0,178.86,51.0,17.330000000000013,94.0,66.0,2.8951459375950424,157.0,174.33,160,28.0,33.0,0.17
07:35:55,157.0,21.0,205.91,33.0,154.0,28.0,237.0,11.0,48.91,49.0,44.0,9.58981647373795,157.0,205.91,93,5.0,-67.0,0.05
07:35:56,157.0,36.0,204.83,36.0,154.0,48.0,221.53,32.0,47.83000000000001,84.0,68.0,11.368088229776308,157.0,204.83,152,16.0,59.0,0.11
07:35:57,157.0,44.0,203.23,39.0,154.0,52.0,390.89,55.0,46.22999999999999,96.0,94.0,10.666725364420964,157.0,203.23,190,2.0,38.0,0.01
07:35:58,157.0,16.0,203.0,15.0,154.0,20.0,210.0,20.0,46.0,36.0,35.0,6.713327788808222,157.0,203.0,71,1.0,-119.0,0.01
07:35:59,154.6,45.0,185.86,42.0,153.11,111.0,208.6,45.0,31.26000000000002,156.0,87.0,4.6855234499450855,154.6,185.86,243,69.0,164.0,0.28
07:36:00,154.83,24.0,199.16,19.0,153.45,53.0,245.24,25.0,44.329999999999984,77.0,44.0,4.410077096830021,154.83,199.16,121,33.0,-122.0,0.27
07:36:01,156.0,41.0,200.17,46.0,153.93,42.0,228.31,36.0,44.16999999999999,83.0,82.0,4.053291255262113,156.0,200.17,165,1.0,44.0,0.01
07:36:02,155.31,26.0,197.75,24.0,154.31,26.0,199.12,24.0,42.44,52.0,48.0,3.68298112946344,155.31,197.75,100,4.0,-65.0,0.04
07:36:03,159.0,12.0,197.0,36.0,156.56,90.0,199.0,36.0,38.0,102.0,72.0,3.2763317902775833,159.0,197.0,174,30.0,74.0,0.17
07:36:04,157.0,84.0,196.78,27.0,155.0,36.0,199.0,27.0,39.78,120.0,54.0,0.7009065558150014,157.0,196.78,174,66.0,0.0,0.38
07:36:05,157.0,134.0,193.5,42.0,155.0,56.0,194.86,42.0,36.5,190.0,84.0,1.16962387115867,157.0,193.5,274,106.0,100.0,0.39
07:36:06,157.0,182.0,191.86,42.0,155.0,56.0,194.0,42.0,34.860000000000014,238.0,84.0,1.4016418943452231,157.0,191.86,322,154.0,48.0,0.48
07:36:07,157.0,195.0,187.24,54.0,155.0,60.0,188.92,48.0,30.24000000000001,255.0,102.0,2.2739107282351747,157.0,187.24,357,153.0,35.0,0.43
07:36:08,157.0,193.0,180.6,45.0,155.0,56.0,182.35,43.0,23.599999999999994,249.0,88.0,3.1390237335805007,157.0,180.6,337,161.0,-20.0,0.48
07:36:09,157.0,154.0,175.05,37.0,155.0,44.0,176.03,36.0,18.05000000000001,198.0,73.0,3.8759295659209423,157.0,175.05,271,125.0,-66.0,0.46
07:36:10,157.0,174.0,169.64,55.0,155.0,52.0,172.26,43.0,12.639999999999986,226.0,98.0,4.481199616171811,157.0,169.64,324,128.0,53.0,0.4
07:36:11,157.0,120.0,169.0,60.0,155.0,48.0,171.0,36.0,12.0,168.0,96.0,3.851594475016387,157.0,169.0,264,72.0,-60.0,0.27
07:36:12,157.0,110.0,166.4,55.0,155.0,60.0,167.44,55.0,9.400000000000006,170.0,110.0,2.841161734216344,157.0,166.4,280,60.0,16.0,0.21
07:36:13,156.62,21.0,163.43,28.0,154.9,31.0,164.57,28.0,6.810000000000002,52.0,56.0,2.2181478760384588,156.62,163.43,108,-4.0,-164.0,-0.04
07:36:14,155.0,33.0,162.44,36.0,154.0,45.0,164.0,27.0,7.439999999999998,78.0,63.0,1.9628856308947014,155.0,162.44,141,15.0,33.0,0.11
07:36:15,154.25,16.0,161.44,27.0,153.6,50.0,162.86,21.0,7.189999999999998,66.0,48.0,2.110597071914044,154.25,161.44,114,18.0,-27.0,0.16
07:36:16,154.0,41.0,161.0,40.0,152.0,40.0,162.0,32.0,7.0,81.0,72.0,1.7216619877233093,154.0,161.0,153,9.0,39.0,0.06
07:36:17,154.0,40.0,158.88,40.0,152.0,40.0,162.0,32.0,4.8799999999999955,80.0,72.0,1.346172351510272,154.0,158.88,152,8.0,-1.0,0.05
07:36:18,154.0,41.0,157.57,35.0,152.0,45.0,159.83,46.0,3.569999999999993,86.0,81.0,1.1587277505825613,154.0,157.57,167,5.0,15.0,0.03
07:36:19,153.41,51.0,156.08,48.0,151.5,60.0,269.31,58.0,2.670000000000016,111.0,106.0,1.263617821957886,153.41,156.08,217,5.0,50.0,0.02
07:36:20,152.22,27.0,153.56,36.0,150.44,45.0,341.67,36.0,1.3400000000000034,72.0,72.0,1.7563399443071799,152.22,153.56,144,0.0,-73.0,0.0
07:36:21,151.85,26.0,166.25,40.0,148.3,30.0,353.61,36.0,14.400000000000006,56.0,76.0,2.2661376833655043,151.85,166.25,132,-20.0,-12.0,-0.15
07:36:22,157.59,51.0,215.27,30.0,150.25,36.0,482.71,42.0,57.68000000000001,87.0,72.0,13.95894408613966,157.59,215.27,159,15.0,27.0,0.09
07:36:23,158.0,24.0,212.0,12.0,151.0,6.0,323.44,18.0,54.0,30.0,30.0,16.672845587960598,158.0,212.0,60,0.0,-99.0,0.0
07:36:24,158.0,24.0,209.92,25.0,153.0,12.0,233.38,21.0,51.91999999999999,36.0,46.0,16.143228611401778,158.0,209.92,82,-10.0,22.0,-0.12
07:36:25,158.0,20.0,207.5,24.0,155.0,20.0,208.83,23.0,49.5,40.0,47.0,11.477284957688575,158.0,207.5,87,-7.0,5.0,-0.08
07:36:26,159.83,185.0,203.68,41.0,156.4,30.0,204.79,29.0,43.849999999999994,215.0,70.0,1.8390948860750378,159.83,203.68000000000004,285,145.0,164.0,0.51
07:36:27,160.0,207.0,195.24,21.0,158.0,18.0,199.24,21.0,35.24000000000001,225.0,42.0,2.846828059434966,160.0,195.24,267,183.0,-18.0,0.69
07:36:28,160.0,276.0,186.83,24.0,158.0,35.0,188.08,24.0,26.830000000000013,311.0,48.0,4.33639827506479,160.0,186.83,359,263.0,92.0,0.73
07:36:29,160.0,207.0,185.56,18.0,158.0,27.0,193.23,26.0,25.560000000000002,234.0,44.0,4.594282316095019,160.0,185.56,278,190.0,-81.0,0.68
07:36:30,160.0,261.0,181.78,41.0,158.0,33.0,182.2,20.0,21.78,294.0,61.0,4.367993818674872,160.0,181.78,355,233.0,77.0,0.66
07:36:31,160.0,370.0,176.66,41.0,158.0,48.0,179.06,36.0,16.659999999999997,418.0,77.0,3.43008308936972,160.0,176.66,495,341.0,140.0,0.69
07:36:32,160.0,198.0,175.22,36.0,158.0,27.0,177.0,9.0,15.219999999999999,225.0,45.0,2.59237921608294,160.0,175.22,270,180.0,-164.0,0.67
07:36:33,160.0,220.0,172.03,30.0,158.0,30.0,174.48,33.0,12.030000000000001,250.0,63.0,2.6945556219862805,160.0,172.03,313,187.0,43.0,0.6
07:36:34,160.0,374.0,166.35,37.0,158.0,51.0,167.22,46.0,6.349999999999994,425.0,83.0,2.8554211598250574,160.0,166.35,508,342.0,164.0,0.67
07:36:35,160.0,231.0,163.59,27.0,158.0,36.0,245.86,35.0,3.5900000000000034,267.0,62.0,2.8169611285879745,160.0,163.59,329,205.0,-164.0,0.62
07:36:36,160.0,136.0,165.0,36.0,158.0,27.0,351.22,36.0,5.0,163.0,72.0,2.4813544688284592,160.0,165.0,235,91.0,-94.0,0.39
07:36:37,160.0,60.0,163.2,20.0,158.0,15.0,429.2,20.0,3.1999999999999886,75.0,40.0,1.788910282818642,160.0,163.2,115,35.0,-120.0,0.3
07:36:38,160.0,108.0,219.2,40.0,158.0,30.0,435.72,43.0,59.19999999999999,138.0,83.0,12.238197579708244,160.0,219.2,221,55.0,106.0,0.25
07:36:42,156.6,40.0,227.0,36.0,155.36,55.0,607.33,24.0,70.4,95.0,60.0,104.1443823737029,156.6,227.0,155,35.0,51.0,0.23
07:36:43,156.0,24.0,265.0,24.0,155.0,30.0,528.0,24.0,109.0,54.0,48.0,99.48852034280156,156.0,265.0,102,6.0,-53.0,0.06
07:36:44,156.18,22.0,310.14,28.0,155.12,34.0,544.43,28.0,153.95999999999998,56.0,56.0,56.486494137979754,156.18,310.14,112,0.0,10.0,0.0
07:36:45,156.0,14.0,282.5,24.0,155.0,30.0,354.5,24.0,126.5,44.0,48.0,42.211732136930976,156.0,282.5,92,-4.0,-20.0,-0.04
07:36:46,155.6,5.0,310.0,16.0,154.58,26.0,577.0,16.0,154.4,31.0,32.0,17.26179364956037,155.6,310.0,63,-1.0,-29.0,-0.02
07:36:47,155.25,16.0,280.86,28.0,154.03,68.0,509.0,24.0,125.61000000000001,84.0,52.0,9.92185819289944,155.25,280.86,136,32.0,73.0,0.24
07:36:48,157.4,15.0,276.0,24.0,154.08,36.0,0.0,0.0,118.6,51.0,24.0,8.255305566725344,157.4,276.0,75,27.0,-61.0,0.36
07:36:49,158.0,32.0,258.0,32.0,155.0,9.0,0.0,0.0,100.0,41.0,32.0,8.911888127664275,158.0,258.0,73,9.0,-2.0,0.12
07:36:50,158.0,28.0,227.6,20.0,155.0,12.0,228.0,16.0,69.6,40.0,36.0,14.680156674913254,158.0,227.6,76,4.0,3.0,0.05
07:36:51,154.18,93.0,225.6,20.0,153.11,141.0,227.5,32.0,71.41999999999999,234.0,52.0,13.165351115712603,154.18,225.6,286,182.0,164.0,0.64
07:36:52,156.62,64.0,222.12,16.0,153.29,113.0,226.0,16.0,65.5,177.0,32.0,12.325176672161405,156.62,222.12,209,145.0,-77.0,0.69
07:36:53,158.0,110.0,221.3,20.0,153.0,160.0,226.0,20.0,63.30000000000001,270.0,40.0,7.9778336658511835,158.0,221.3,310,230.0,101.0,0.74
07:36:54,158.0,114.0,219.5,20.0,153.72,174.0,226.0,20.0,61.5,288.0,40.0,1.5714101946933556,158.0,219.5,328,248.0,18.0,0.76
07:36:55,158.0,66.0,217.33,12.0,154.0,108.0,222.0,12.0,59.33000000000001,174.0,24.0,0.8898426827173423,158.0,217.33,198,150.0,-130.0,0.76
07:36:56,158.0,110.0,203.64,22.0,154.0,180.0,206.73,22.0,45.639999999999986,290.0,44.0,3.67655137322798,158.0,203.64,334,246.0,136.0,0.74
07:36:57,158.16,77.0,197.89,18.0,154.5,144.0,198.89,18.0,39.72999999999999,221.0,36.0,5.220274896974603,158.16,197.89,257,185.0,-77.0,0.72
07:36:58,160.0,24.0,196.0,16.0,158.0,72.0,198.0,16.0,36.0,96.0,32.0,5.215809620757053,160.0,196.0,128,64.0,-129.0,0.5
07:36:59,160.0,33.0,193.45,22.0,158.0,99.0,195.18,22.0,33.44999999999999,132.0,44.0,4.410416080142603,160.0,193.45,176,88.0,48.0,0.5
07:37:00,160.0,18.0,189.67,12.0,158.0,54.0,191.67,12.0,29.669999999999987,72.0,24.0,2.1853260626229076,160.0,189.67,96,48.0,-80.0,0.5
07:37:01,160.0,39.0,187.64,25.0,158.0,117.0,188.75,24.0,27.639999999999986,156.0,49.0,1.8935812631038835,160.0,187.64,205,107.0,109.0,0.52
07:37:02,160.0,27.0,184.78,18.0,158.0,81.0,185.71,17.0,24.78,108.0,35.0,2.242081622059597,160.0,184.78,143,73.0,-62.0,0.51
07:37:03,160.0,51.0,181.56,32.0,158.0,153.0,182.52,33.0,21.560000000000002,204.0,65.0,2.2756427663358054,160.0,181.56,269,139.0,126.0,0.52
07:37:04,160.0,20.0,176.18,22.0,158.0,108.0,177.22,23.0,16.180000000000007,128.0,45.0,2.6574555499528976,160.0,176.18,173,83.0,-96.0,0.48
07:37:05,158.04,89.0,172.07,29.0,157.09,33.0,172.97,33.0,14.030000000000001,122.0,62.0,3.498595432452039,158.04,172.07,184,60.0,11.0,0.33
07:37:06,158.0,50.0,166.7,20.0,156.0,10.0,167.54,13.0,8.699999999999989,60.0,33.0,4.099418251407499,158.0,166.7,93,27.0,-91.0,0.29
07:37:07,158.0,55.0,164.21,19.0,156.0,10.0,165.3,20.0,6.210000000000008,65.0,39.0,3.9991336561774986,158.0,164.21,104,26.0,11.0,0.25
07:37:08,158.0,96.0,161.3,23.0,156.0,16.0,162.62,26.0,3.3000000000000114,112.0,49.0,3.3560125148709385,158.0,161.3,161,63.0,57.0,0.39
07:37:09,159.04,46.0,163.0,26.0,157.33,39.0,164.0,26.0,3.960000000000008,85.0,52.0,2.0389874938237336,159.04,163.0,137,33.0,-24.0,0.24
07:37:10,158.0,10.0,162.0,20.0,157.0,50.0,164.0,20.0,4.0,60.0,40.0,1.0613811756240383,158.0,162.0,100,20.0,-37.0,0.2
07:37:11,157.33,18.0,159.75,24.0,156.83,36.0,162.33,24.0,2.4199999999999875,54.0,48.0,1.0613811756238571,157.33,159.75,102,6.0,2.0,0.06
07:37:12,157.0,24.0,158.33,24.0,156.0,12.0,159.33,24.0,1.3300000000000125,36.0,48.0,1.3015874922448778,157.0,158.33,84,-12.0,-18.0,-0.14
07:37:13,154.0,111.0,157.5,16.0,153.0,16.0,284.67,15.0,3.5,127.0,31.0,2.0498365788442436,154.0,157.5,158,96.0,74.0,0.61
07:37:14,154.0,120.0,156.4,20.0,153.0,20.0,273.5,32.0,2.4000000000000057,140.0,52.0,1.9805226582817064,154.0,156.4,192,88.0,34.0,0.46
07:37:15,154.0,98.0,155.11,18.0,153.0,18.0,243.9,20.0,1.1100000000000136,116.0,38.0,1.6900384610909494,154.0,155.11,154,78.0,-38.0,0.51
07:37:16,154.21,95.0,213.6,30.0,153.2,30.0,500.02,43.0,59.389999999999986,125.0,73.0,12.626950146411817,154.21,213.6,198,52.0,44.0,0.26
07:37:17,158.0,35.0,250.43,21.0,154.29,17.0,477.0,24.0,92.43,52.0,45.0,22.481508623755087,158.0,250.42999999999998,97,7.0,-101.0,0.07
07:37:18,159.23,13.0,248.56,27.0,157.89,45.0,253.68,25.0,89.33000000000001,58.0,52.0,24.666532589725275,159.23,248.56,110,6.0,13.0,0.05
07:37:19,158.0,50.0,245.2,30.0,157.0,50.0,246.2,30.0,87.19999999999999,100.0,60.0,21.341439267303034,158.0,245.2,160,40.0,50.0,0.25
07:37:20,158.0,45.0,226.53,19.0,157.0,45.0,244.56,27.0,68.53,90.0,46.0,8.86397935466842,158.0,226.52999999999997,136,44.0,-24.0,0.32
07:37:21,157.63,68.0,160.7,44.0,156.83,60.0,259.62,21.0,3.069999999999993,128.0,65.0,19.106525848515364,157.63,160.7,193,63.0,57.0,0.33
07:37:22,157.0,55.0,168.96,25.0,155.0,22.0,377.11,18.0,11.960000000000008,77.0,43.0,21.40074180957243,157.0,168.96,120,34.0,-73.0,0.28
07:37:23,157.0,55.0,327.18,28.0,155.0,22.0,483.36,28.0,170.18,77.0,56.0,33.61726862789399,157.0,327.18,133,21.0,13.0,0.16
07:37:24,157.0,37.0,424.13,46.0,155.0,22.0,446.93,29.0,267.13,59.0,75.0,56.189084616142246,157.0,424.13,134,-16.0,1.0,-0.12
07:37:25,153.9,20.0,371.15,46.0,152.47,15.0,471.58,31.0,217.24999999999997,35.0,77.0,59.5153931348857,153.9,371.15,112,-42.0,-22.0,-0.38
07:37:26,154.33,18.0,421.75,40.0,151.8,10.0,559.0,16.0,267.41999999999996,28.0,56.0,52.15875544910953,154.33,421.75,84,-28.0,-28.0,-0.33
07:37:27,154.52,60.0,420.4,50.0,152.78,18.0,440.8,40.0,265.88,78.0,90.0,21.228352974265945,154.52,420.4,168,-12.0,84.0,-0.07
07:37:28,155.0,39.0,380.74,38.0,153.0,18.0,439.72,43.0,225.74,57.0,81.0,13.056260184295844,155.0,380.74,138,-24.0,-30.0,-0.17
07:37:29,155.0,21.0,315.12,34.0,153.0,14.0,333.93,29.0,160.12,35.0,63.0,21.766317327467725,155.0,315.12,98,-28.0,-40.0,-0.29
07:37:30,155.0,24.0,313.75,40.0,153.0,16.0,343.86,28.0,158.75,40.0,68.0,26.682385950285965,155.0,313.75,108,-28.0,10.0,-0.26
07:37:31,156.96,52.0,312.12,40.0,153.67,18.0,462.0,32.0,155.16,70.0,72.0,24.55327310156449,156.96,312.12,142,-2.0,34.0,-0.01
07:37:32,158.0,136.0,311.62,40.0,155.0,24.0,559.0,22.0,153.62,160.0,62.0,14.83746507999271,158.0,311.62,222,98.0,80.0,0.44
07:37:33,158.0,85.0,309.2,25.0,155.0,21.0,310.2,25.0,151.2,106.0,50.0,0.5552657021625937,158.0,309.2,156,56.0,-66.0,0.36
07:37:34,158.0,136.0,307.25,40.0,155.0,40.0,310.0,40.0,149.25,176.0,80.0,0.8882567196468433,158.0,307.25,256,96.0,100.0,0.38
07:37:35,158.0,168.0,305.8,50.0,155.0,50.0,307.9,50.0,147.8,218.0,100.0,1.2391448664290283,158.0,305.8,318,118.0,62.0,0.37
07:37:36,158.0,160.0,299.1,49.0,155.8,50.0,306.3,50.0,141.10000000000002,210.0,99.0,2.361933529969998,158.0,299.1,309,111.0,-9.0,0.36
07:37:37,158.0,224.0,207.13,54.0,156.0,70.0,207.23,53.0,49.129999999999995,294.0,107.0,22.043433943013248,158.0,207.13,401,187.0,92.0,0.47
07:37:38,158.1,200.0,160.45,49.0,156.7,92.0,204.22,49.0,2.3499999999999943,292.0,98.0,33.97153735114113,158.1,160.45,390,194.0,-11.0,0.5
07:37:39,158.0,90.0,159.0,20.0,156.0,50.0,277.12,24.0,1.0,140.0,44.0,36.09157560982848,158.0,159.0,184,96.0,-164.0,0.52
07:37:40,158.0,104.0,159.0,24.0,156.25,60.0,218.0,12.0,1.0,164.0,36.0,30.356367206896724,158.0,159.0,200,128.0,16.0,0.64
07:37:41,158.0,80.0,159.0,24.0,157.0,60.0,296.28,32.0,1.0,140.0,56.0,10.679076739116756,158.0,159.0,196,84.0,-4.0,0.43
07:37:42,158.0,24.0,312.25,24.0,156.7,50.0,467.59,27.0,154.25,74.0,51.0,34.18104328425263,158.0,312.25,125,23.0,-71.0,0.18
07:37:43,159.65,34.0,392.33,27.0,156.97,29.0,470.0,26.0,232.67999999999998,63.0,53.0,55.08807965431331,159.65,392.33,116,10.0,-9.0,0.09
07:37:44,160.0,32.0,211.18,22.0,158.0,16.0,295.95,20.0,51.18000000000001,48.0,42.0,51.532767730832894,160.0,211.18,90,6.0,-26.0,0.07
07:37:45,160.0,14.0,177.73,22.0,158.0,22.0,197.06,17.0,17.72999999999999,36.0,39.0,49.47654868723134,160.0,177.73,75,-3.0,-15.0,-0.04
07:37:46,159.14,28.0,194.18,22.0,157.36,47.0,214.36,33.0,35.04000000000002,75.0,55.0,45.753393644624616,159.14000000000001,194.18,130,20.0,55.0,0.15
07:37:47,158.0,8.0,194.0,10.0,156.0,25.0,234.0,15.0,36.0,33.0,25.0,44.7645546163476,158.0,194.0,58,8.0,-72.0,0.14
07:37:48,158.0,10.0,193.1,20.0,156.0,50.0,243.8,30.0,35.099999999999994,60.0,50.0,5.961767355403296,158.0,193.1,110,10.0,52.0,0.09
07:37:49,158.0,29.0,192.11,18.0,156.0,45.0,251.0,27.0,34.110000000000014,74.0,45.0,3.166777541910828,158.0,192.11,119,29.0,9.0,0.24
07:37:50,158.0,84.0,191.5,40.0,156.0,70.0,415.34,41.0,33.5,154.0,81.0,0.7583073255294998,158.0,191.5,235,73.0,116.0,0.31
07:37:51,158.0,78.0,191.0,55.0,156.0,55.0,192.0,22.0,33.0,133.0,77.0,0.6063579800343915,158.0,191.0,210,56.0,-25.0,0.27
07:37:52,158.0,90.0,189.45,51.0,155.92,60.0,190.06,36.0,31.44999999999999,150.0,87.0,0.6771041278496696,158.0,189.45,237,63.0,27.0,0.27
07:37:53,158.0,55.0,186.15,79.0,155.63,95.0,187.53,57.0,28.150000000000006,150.0,136.0,1.1929501246701446,158.0,186.15,286,14.0,49.0,0.05
07:37:54,157.06,34.0,184.7,37.0,155.64,56.0,186.2,35.0,27.639999999999986,90.0,72.0,1.6590268231556364,157.06,184.7,162,18.0,-124.0,0.11
07:37:55,156.0,40.0,172.69,36.0,155.0,50.0,176.94,34.0,16.689999999999998,90.0,70.0,4.032613296604115,156.0,172.69,160,20.0,-2.0,0.12
07:37:56,156.0,60.0,169.43,44.0,155.0,75.0,170.41,58.0,13.430000000000007,135.0,102.0,4.902730871661887,156.0,169.43,237,33.0,77.0,0.14
07:37:57,156.0,60.0,167.52,42.0,155.0,75.0,168.8,41.0,11.52000000000001,135.0,83.0,4.785354741285619,156.0,167.52,218,52.0,-19.0,0.24
07:37:58,156.72,39.0,163.68,44.0,155.41,68.0,164.94,63.0,6.960000000000008,107.0,107.0,4.139785018565928,156.72,163.68,214,0.0,-4.0,0.0
07:37:59,157.22,23.0,161.65,37.0,155.67,42.0,162.88,51.0,4.430000000000007,65.0,88.0,1.9665375663691422,157.22,161.65,153,-23.0,-61.0,-0.15
07:38:00,156.0,56.0,159.43,70.0,155.0,42.0,161.0,42.0,3.430000000000007,98.0,112.0,1.964848594660654,156.0,159.43,210,-14.0,57.0,-0.07
07:38:01,155.38,48.0,156.73,48.0,154.41,34.0,158.76,58.0,1.3499999999999943,82.0,106.0,2.213854105386984,155.38,156.73,188,-24.0,-22.0,-0.13
07:38:02,152.89,19.0,155.32,44.0,147.45,20.0,156.21,48.0,2.430000000000007,39.0,92.0,2.482619584216938,152.89,155.32,131,-53.0,-57.0,-0.4
07:38:03,149.0,11.0,152.0,34.0,76.27,15.0,152.97,37.0,3.0,26.0,71.0,3.44766587707334,149.0,152.0,97,-45.0,-34.0,-0.46
07:38:04,149.0,8.0,152.4,15.0,117.0,40.0,176.3,10.0,3.4000000000000057,48.0,25.0,3.199442138863336,149.0,152.4,73,23.0,-24.0,0.32
07:38:05,149.0,11.0,152.18,22.0,101.73,55.0,154.82,11.0,3.180000000000007,66.0,33.0,2.550597969091399,149.0,152.18,99,33.0,26.0,0.33
07:38:06,149.0,10.0,151.0,20.0,87.56,18.0,154.0,10.0,2.0,28.0,30.0,1.659683704785993,149.0,151.0,58,-2.0,-41.0,-0.03
07:38:07,149.0,13.0,150.4,25.0,96.94,32.0,171.0,15.0,1.4000000000000057,45.0,40.0,0.42839234345563654,149.0,150.4,85,5.0,27.0,0.06
07:38:08,149.0,9.0,151.29,14.0,113.0,18.0,154.0,9.0,2.289999999999992,27.0,23.0,0.41602884507129023,149.0,151.29,50,4.0,-35.0,0.08
07:38:09,114.71,21.0,153.64,11.0,102.08,12.0,272.34,47.0,38.92999999999999,33.0,58.0,7.130211778055996,114.71,153.64,91,-25.0,41.0,-0.27
07:38:10,118.52,29.0,380.82,51.0,114.19,26.0,481.87,45.0,262.3,55.0,96.0,46.86066495473517,118.52,380.82,151,-41.0,60.0,-0.27
07:38:11,149.6,20.0,230.05,40.0,138.2,20.0,361.18,34.0,80.45000000000002,40.0,74.0,46.68827283162177,149.6,230.05,114,-34.0,-37.0,-0.3
07:38:12,146.52,23.0,271.0,41.0,135.0,34.0,380.67,36.0,124.47999999999999,57.0,77.0,46.25043221419624,146.52,271.0,134,-20.0,20.0,-0.15
07:38:15,136.38,24.0,148.0,24.0,105.58,57.0,152.0,30.0,11.620000000000005,81.0,54.0,36.74358787598102,136.38,148.0,135,27.0,-30.0,0.2
07:38:16,153.5,14.0,173.0,36.0,148.24,38.0,294.5,18.0,19.5,52.0,54.0,33.14883602782963,153.5,173.0,106,-2.0,-29.0,-0.02
07:38:17,158.0,8.0,172.18,17.0,155.0,24.0,174.5,22.0,14.180000000000007,32.0,39.0,17.483338353985165,158.0,172.18,71,-7.0,-35.0,-0.1
07:38:18,158.0,8.0,171.62,16.0,155.0,24.0,234.5,20.0,13.620000000000005,32.0,36.0,14.193945187999539,158.0,171.62,68,-4.0,-3.0,-0.06
07:38:19,158.0,6.0,171.0,12.0,155.0,18.0,367.0,18.0,13.0,24.0,30.0,9.963027652272178,158.0,171.0,54,-6.0,-14.0,-0.11
07:38:20,155.3,10.0,169.3,20.0,154.1,30.0,281.29,14.0,14.0,40.0,34.0,1.177518577324066,155.3,169.3,74,6.0,20.0,0.08
07:38:21,154.89,18.0,168.5,28.0,153.82,56.0,422.5,24.0,13.610000000000014,74.0,52.0,1.5653977130247216,154.89,168.5,126,22.0,52.0,0.17
07:38:22,157.69,64.0,167.09,22.0,155.45,22.0,207.38,16.0,9.400000000000006,86.0,38.0,1.4150159009504306,157.69,167.09,124,48.0,-2.0,0.39
07:38:23,158.0,45.0,167.0,10.0,155.0,10.0,219.43,7.0,9.0,55.0,17.0,1.0669254894050175,158.0,167.0,72,38.0,-52.0,0.53
07:38:24,158.0,63.0,166.86,14.0,155.92,26.0,463.0,10.0,8.860000000000014,89.0,24.0,0.3278261733629216,158.0,166.85999999999999,113,65.0,41.0,0.58
07:38:25,158.08,53.0,166.0,16.0,156.49,37.0,347.75,16.0,7.9199999999999875,90.0,32.0,0.3406611218523957,158.07999999999998,166.0,122,58.0,9.0,0.48
07:38:26,158.0,62.0,254.83,24.0,156.0,48.0,618.67,24.0,96.83000000000001,110.0,48.0,19.713975499628404,158.0,254.83,158,62.0,36.0,0.39
07:38:27,158.0,19.0,209.89,19.0,156.0,32.0,254.5,16.0,51.889999999999986,51.0,35.0,19.675112960284437,158.0,209.89,86,16.0,-72.0,0.19
07:38:28,158.0,24.0,162.08,48.0,156.0,48.0,211.2,30.0,4.0800000000000125,72.0,78.0,20.106492235095413,158.0,162.08,150,-6.0,64.0,-0.04
07:38:29,159.7,27.0,161.1,63.0,157.47,30.0,192.4,40.0,1.4000000000000057,57.0,103.0,20.440875715094787,159.7,161.1,160,-46.0,10.0,-0.29
07:38:30,157.2,30.0,160.65,40.0,155.86,42.0,216.9,42.0,3.450000000000017,72.0,82.0,20.958243485558402,157.2,160.65,154,-10.0,-6.0,-0.06
07:38:31,156.24,50.0,159.88,50.0,155.16,51.0,162.41,41.0,3.6399999999999864,101.0,91.0,11.036889507462813,156.24,159.88,192,10.0,38.0,0.05
07:38:32,156.0,46.0,157.98,43.0,155.0,65.0,161.04,46.0,1.9799999999999898,111.0,89.0,1.4056066305827124,156.0,157.98,200,22.0,8.0,0.11
07:38:33,155.02,51.0,171.45,33.0,154.11,45.0,223.22,36.0,16.42999999999998,96.0,69.0,2.4234954095146644,155.02,171.45,165,27.0,-35.0,0.16
07:38:34,155.0,35.0,171.24,25.0,154.0,28.0,265.36,22.0,16.24000000000001,63.0,47.0,2.923075435211877,155.0,171.24,110,16.0,-55.0,0.15
07:38:35,155.0,30.0,169.41,32.0,154.0,40.0,297.5,20.0,14.409999999999997,70.0,52.0,2.9702390476087337,155.0,169.41,122,18.0,12.0,0.15
07:38:36,155.62,26.0,167.27,33.0,152.38,26.0,182.43,42.0,11.650000000000006,52.0,75.0,2.5706847336731506,155.62,167.27,127,-23.0,5.0,-0.18
07:38:37,158.0,44.0,166.58,36.0,154.0,24.0,178.0,48.0,8.580000000000013,68.0,84.0,0.73839014073934,158.0,166.58,152,-16.0,25.0,-0.11
07:38:38,158.0,22.0,164.18,33.0,154.0,22.0,268.33,36.0,6.180000000000007,44.0,69.0,0.793139331984431,158.0,164.18,113,-25.0,-39.0,-0.22
07:38:39,158.0,14.0,164.0,21.0,154.0,14.0,341.11,18.0,6.0,28.0,39.0,0.6086296081693402,158.0,164.0,67,-11.0,-46.0,-0.16
07:38:40,158.0,16.0,163.5,24.0,154.0,16.0,193.0,32.0,5.5,32.0,56.0,0.5990242064726025,158.0,163.5,88,-24.0,21.0,-0.27
07:38:41,156.5,20.0,162.3,30.0,153.1,20.0,205.0,40.0,5.800000000000011,40.0,70.0,1.0308394637089748,156.5,162.3,110,-30.0,22.0,-0.27
07:38:42,151.04,23.0,161.56,27.0,130.13,23.0,317.94,34.0,10.52000000000001,46.0,61.0,2.023257274777197,151.04,161.56,107,-15.0,-3.0,-0.14
07:38:43,151.18,22.0,160.03,33.0,134.17,23.0,270.85,26.0,8.849999999999994,45.0,59.0,2.512562437022803,151.18,160.03,104,-14.0,-3.0,-0.13
07:38:44,150.39,36.0,158.46,35.0,139.32,31.0,159.66,44.0,8.070000000000022,67.0,79.0,2.6675325677368815,150.39,158.46,146,-12.0,42.0,-0.08
07:38:45,149.0,36.0,157.04,24.0,110.25,36.0,215.67,24.0,8.039999999999992,72.0,48.0,2.390941237240197,149.0,157.04,120,24.0,-26.0,0.2
07:38:46,144.56,27.0,158.93,30.0,137.0,27.0,222.0,34.0,14.370000000000005,54.0,64.0,1.863389384947347,144.56,158.93,118,-10.0,-2.0,-0.08
07:38:47,139.71,42.0,153.53,15.0,137.8,30.0,155.82,34.0,13.819999999999993,72.0,49.0,3.4836503842855473,139.71,153.53,121,23.0,3.0,0.19
07:38:48,140.77,65.0,147.76,33.0,88.58,26.0,235.92,48.0,6.989999999999981,91.0,81.0,4.36049538469323,140.77,147.76,172,10.0,51.0,0.06
07:38:49,142.0,40.0,147.15,33.0,98.81,16.0,169.64,39.0,5.150000000000006,56.0,72.0,4.0855452512399495,142.0,147.15,128,-16.0,-44.0,-0.12
07:38:50,143.0,35.0,147.42,19.0,97.0,10.0,199.15,33.0,4.4199999999999875,45.0,52.0,3.0756495248854296,143.0,147.42,97,-7.0,-31.0,-0.07
07:38:57,144.0,12.0,149.0,12.0,92.6,20.0,238.0,17.0,5.0,32.0,29.0,0.9610046825727597,144.0,149.0,61,3.0,-13.0,0.05
07:38:58,144.12,16.0,149.0,16.0,94.5,32.0,278.5,16.0,4.8799999999999955,48.0,32.0,0.920179330308633,144.12,149.0,80,16.0,19.0,0.2
07:38:59,145.0,12.0,147.17,30.0,107.67,24.0,149.0,12.0,2.1699999999999875,36.0,42.0,0.6435837163318793,145.0,147.17,78,-6.0,-2.0,-0.08
07:39:00,145.0,26.0,147.0,65.0,126.0,52.0,149.0,26.0,2.0,78.0,91.0,0.5328039038217381,145.0,147.0,169,-13.0,91.0,-0.08
07:39:14,141.7,27.0,147.58,24.0,137.89,28.0,148.94,33.0,5.880000000000024,55.0,57.0,1.8732058082134295,141.7,147.58,112,-2.0,-20.0,-0.02
07:39:15,142.92,36.0,148.0,36.0,127.59,54.0,150.0,18.0,5.0800000000000125,90.0,54.0,2.2449454336186783,142.92,148.0,144,36.0,32.0,0.25
07:39:16,143.83,36.0,148.24,46.0,135.08,60.0,149.82,22.0,4.409999999999997,96.0,68.0,1.9590354769442873,143.83,148.24,164,28.0,20.0,0.17
07:39:17,146.21,57.0,169.0,41.0,138.25,52.0,183.0,23.0,22.789999999999992,109.0,64.0,5.9450063078123785,146.21,169.0,173,45.0,9.0,0.26
07:39:18,147.0,80.0,409.0,18.0,146.0,24.0,438.82,22.0,262.0,104.0,40.0,58.18574223983012,147.0,409.0,144,64.0,-29.0,0.44
07:39:19,151.52,87.0,242.79,28.0,150.17,52.0,255.76,37.0,91.26999999999998,139.0,65.0,56.18722781914017,151.52,242.79,204,74.0,60.0,0.36
07:39:20,156.0,30.0,172.0,12.0,155.0,18.0,175.0,18.0,16.0,48.0,30.0,53.484456153166235,156.0,172.0,78,18.0,-126.0,0.23
07:39:21,159.44,36.0,170.0,24.0,155.93,43.0,174.25,24.0,10.560000000000002,79.0,48.0,50.33128977087677,159.44,170.0,127,31.0,49.0,0.24
07:39:22,160.0,12.0,171.67,12.0,156.65,37.0,261.61,28.0,11.669999999999987,49.0,40.0,49.03257029771095,160.0,171.67,89,9.0,-38.0,0.1
07:39:23,158.27,75.0,170.0,20.0,157.48,97.0,256.45,44.0,11.72999999999999,172.0,64.0,14.543460042230267,158.27,170.0,236,108.0,147.0,0.46
07:39:24,158.0,86.0,170.0,22.0,156.0,55.0,332.92,39.0,12.0,141.0,61.0,0.7822595476842564,158.0,170.0,202,80.0,-34.0,0.4
07:39:25,158.0,60.0,170.0,20.0,156.0,50.0,385.88,40.0,12.0,110.0,60.0,0.7822595476842564,158.0,170.0,170,50.0,-32.0,0.29
07:39:26,158.0,36.0,170.0,12.0,156.0,30.0,339.0,24.0,12.0,66.0,36.0,0.8058349706627685,158.0,170.0,102,30.0,-68.0,0.29
07:39:27,158.0,33.0,170.0,18.0,156.0,45.0,305.0,30.0,12.0,78.0,48.0,0.05813776692274804,158.0,170.0,126,30.0,24.0,0.24
07:39:28,158.0,33.0,169.0,22.0,156.0,55.0,295.23,26.0,11.0,88.0,48.0,0.22360679762177355,158.0,169.0,136,40.0,10.0,0.29
07:39:29,158.0,30.0,167.12,16.0,156.0,50.0,168.29,14.0,9.120000000000005,80.0,30.0,0.6266737587791871,158.0,167.12,110,50.0,-26.0,0.45
07:39:30,158.0,30.0,164.62,26.0,156.0,50.0,165.67,12.0,6.6200000000000045,80.0,38.0,1.1480766524679402,158.0,164.62,118,42.0,8.0,0.36
07:39:31,158.0,24.0,164.0,12.0,156.0,40.0,164.67,12.0,6.0,64.0,24.0,1.3149448657420886,158.0,164.0,88,40.0,-30.0,0.45
07:39:32,159.17,36.0,161.21,24.0,156.53,34.0,232.86,14.0,2.0400000000000205,70.0,38.0,1.3134953368553777,159.17,161.21,108,32.0,20.0,0.3
07:39:33,160.0,18.0,289.42,31.0,158.0,24.0,493.91,33.0,129.42000000000002,42.0,64.0,28.386261289573728,160.0,289.42,106,-22.0,-2.0,-0.21
07:39:34,159.25,16.0,220.0,24.0,157.03,31.0,418.54,39.0,60.75,47.0,63.0,28.250092566219262,159.25,220.0,110,-16.0,4.0,-0.15
07:39:35,160.0,36.0,259.64,28.0,157.0,24.0,370.41,34.0,99.63999999999999,60.0,62.0,28.822967751429857,160.0,259.64,122,-2.0,12.0,-0.02
07:39:36,160.0,21.0,266.0,14.0,157.0,14.0,408.54,26.0,106.0,35.0,40.0,25.333682519522792,160.0,266.0,75,-5.0,-47.0,-0.07
07:39:37,160.0,35.0,219.65,46.0,157.0,26.0,311.93,29.0,59.650000000000006,61.0,75.0,15.34279733295007,160.0,219.65,136,-14.0,61.0,-0.1
07:39:38,160.0,11.0,215.56,32.0,157.0,22.0,328.27,22.0,55.56,33.0,54.0,12.30989033257295,160.0,215.56,87,-21.0,-49.0,-0.24
07:39:39,160.0,9.0,262.43,14.0,156.33,30.0,296.33,18.0,102.43,39.0,32.0,12.417285130010386,160.0,262.43,71,7.0,-16.0,0.1
07:39:40,158.0,12.0,261.22,18.0,155.45,44.0,262.22,18.0,103.22000000000003,56.0,36.0,12.385924672787942,158.0,261.22,92,20.0,21.0,0.22
07:39:41,158.0,24.0,260.25,24.0,156.45,33.0,491.35,23.0,102.25,57.0,47.0,11.646323454205469,158.0,260.25,104,10.0,12.0,0.1
07:39:42,159.71,82.0,258.3,20.0,156.8,40.0,425.64,11.0,98.59,122.0,31.0,9.8580844995354,159.71,258.3,153,91.0,49.0,0.59
07:39:43,160.0,130.0,225.14,28.0,156.08,52.0,252.25,28.0,65.13999999999999,182.0,56.0,7.726892648405378,160.0,225.14000000000001,238,126.0,85.0,0.53
07:39:44,160.0,112.0,192.38,29.0,156.44,32.0,196.89,35.0,32.379999999999995,144.0,64.0,14.800198309481349,160.0,192.38,208,80.0,-30.0,0.38
07:39:45,160.0,96.0,182.68,28.0,157.0,38.0,186.0,32.0,22.680000000000007,134.0,60.0,17.73821665218822,160.0,182.68,194,74.0,-14.0,0.38
07:39:46,160.0,60.0,180.12,24.0,157.0,32.0,183.0,16.0,20.120000000000005,92.0,40.0,16.687563333211965,160.0,180.12,132,52.0,-62.0,0.39
07:39:47,160.0,24.0,180.0,12.0,157.0,16.0,183.0,8.0,20.0,40.0,20.0,9.58638461569082,160.0,180.0,60,20.0,-72.0,0.33
07:39:48,160.0,54.0,178.43,21.0,157.0,36.0,180.0,24.0,18.430000000000007,90.0,45.0,2.8058599394747934,160.0,178.43,135,45.0,75.0,0.33
07:39:49,160.0,60.0,172.33,24.0,157.0,40.0,178.03,29.0,12.330000000000013,100.0,53.0,1.9376867651784446,160.0,172.33,153,47.0,18.0,0.31
07:39:50,160.0,32.0,172.0,14.0,157.0,28.0,179.0,21.0,12.0,60.0,35.0,2.0397230203992622,160.0,172.0,95,25.0,-58.0,0.26
07:39:51,158.5,24.0,170.88,16.0,156.5,24.0,173.74,19.0,12.379999999999995,48.0,35.0,2.273769997151348,158.5,170.88,83,13.0,-12.0,0.16
07:39:52,157.0,45.0,168.15,41.0,156.0,45.0,169.65,34.0,11.150000000000006,90.0,75.0,2.4209543572616523,157.0,168.15,165,15.0,82.0,0.09
07:39:53,157.0,12.0,165.0,12.0,156.0,12.0,166.0,8.0,8.0,24.0,20.0,2.246826651066467,157.0,165.0,44,4.0,-121.0,0.09
07:39:54,157.4,25.0,162.05,57.0,156.67,45.0,163.24,49.0,4.650000000000006,70.0,106.0,2.57535822749794,157.4,162.05,176,-36.0,132.0,-0.2
07:39:55,156.88,26.0,160.65,31.0,155.87,46.0,231.55,44.0,3.7700000000000102,72.0,75.0,2.3504786746405264,156.88,160.65,147,-3.0,-29.0,-0.02
07:39:56,156.0,50.0,160.09,22.0,155.0,100.0,236.27,33.0,4.090000000000003,150.0,55.0,1.8038486632582416,156.0,160.09,205,95.0,58.0,0.46
07:39:57,156.0,52.0,157.25,48.0,155.0,130.0,189.63,43.0,1.25,182.0,91.0,1.6595390926209983,156.0,157.25,273,91.0,68.0,0.33
07:39:58,155.13,53.0,156.74,35.0,154.89,45.0,199.86,28.0,1.6100000000000136,98.0,63.0,1.5458816254604748,155.13,156.74,161,35.0,-112.0,0.22
07:39:59,155.0,26.0,158.0,15.0,154.0,5.0,339.0,20.0,3.0,31.0,35.0,1.1796948757774914,155.0,158.0,66,-4.0,-95.0,-0.06
07:40:00,155.0,40.0,158.0,24.0,154.0,8.0,473.5,32.0,3.0,48.0,56.0,0.7880482218336637,155.0,158.0,104,-8.0,38.0,-0.08
07:40:01,155.0,36.0,157.93,42.0,154.0,14.0,476.57,46.0,2.930000000000007,50.0,88.0,0.26623298055435973,155.0,157.93,138,-38.0,34.0,-0.28
07:40:02,153.26,23.0,155.47,17.0,151.6,15.0,156.67,18.0,2.210000000000008,38.0,35.0,0.916722422510957,153.26,155.47,73,3.0,-65.0,0.04
07:40:03,152.71,21.0,228.44,16.0,150.67,18.0,368.86,14.0,75.72999999999999,39.0,30.0,15.510764649105548,152.71,228.44,69,9.0,-4.0,0.13
07:40:06,160.0,36.0,194.0,24.0,155.0,48.0,454.82,51.0,34.0,84.0,75.0,87.49746950626641,160.0,194.0,159,9.0,25.0,0.06
07:40:07,157.31,26.0,294.21,38.0,152.73,37.0,360.11,36.0,136.89999999999998,63.0,74.0,75.83944685979742,157.31,294.21,137,-11.0,-22.0,-0.08
07:40:08,153.75,32.0,359.16,63.0,148.29,42.0,497.5,36.0,205.41000000000003,74.0,99.0,68.14896279474877,153.75,359.16,173,-25.0,36.0,-0.14
07:40:09,150.0,80.0,360.56,48.0,125.88,32.0,503.05,42.0,210.56,112.0,90.0,63.281078372607084,150.0,360.56,202,22.0,29.0,0.11
07:40:10,150.29,41.0,296.54,26.0,145.43,56.0,342.27,37.0,146.25000000000003,97.0,63.0,32.32538197763501,150.29,296.54,160,34.0,-42.0,0.21
07:40:11,153.1,31.0,231.54,39.0,132.37,54.0,244.82,44.0,78.44,85.0,83.0,26.540773914865674,153.1,231.54,168,2.0,8.0,0.01
07:40:12,156.0,54.0,227.6,42.0,150.0,55.0,229.15,47.0,71.6,109.0,89.0,31.906633792990544,156.0,227.59999999999997,198,20.0,30.0,0.1
07:40:13,156.0,78.0,208.84,50.0,150.0,65.0,219.12,57.0,52.84,143.0,107.0,30.126077076180845,156.0,208.84,250,36.0,52.0,0.14
07:40:14,156.0,34.0,172.51,35.0,150.0,57.0,173.93,29.0,16.50999999999999,91.0,64.0,21.45903725706181,156.0,172.51,155,27.0,-95.0,0.17
07:40:15,158.0,110.0,171.29,34.0,156.0,20.0,172.13,46.0,13.289999999999992,130.0,80.0,13.929361076515773,158.0,171.29,210,50.0,55.0,0.24
07:40:16,158.0,153.0,168.73,49.0,156.0,24.0,169.85,40.0,10.72999999999999,177.0,89.0,13.043900873586313,158.0,168.72999999999996,266,88.0,56.0,0.33
07:40:17,158.0,148.0,163.07,56.0,156.0,28.0,164.24,55.0,5.069999999999993,176.0,111.0,8.742189085116971,158.0,163.07,287,65.0,21.0,0.23
07:40:18,158.0,90.0,159.62,37.0,156.0,20.0,160.67,45.0,1.6200000000000045,110.0,82.0,2.5388639191443176,158.0,159.62,192,28.0,-95.0,0.15
07:40:19,156.91,22.0,163.0,36.0,155.11,18.0,196.89,28.0,6.090000000000003,40.0,64.0,2.4481176442180796,156.91,163.0,104,-24.0,-88.0,-0.23
07:40:20,156.0,34.0,165.35,43.0,154.0,17.0,230.9,41.0,9.349999999999994,51.0,84.0,1.67964877278881,156.0,165.35,135,-33.0,31.0,-0.24
07:40:21,156.0,24.0,161.41,34.0,154.0,12.0,163.23,26.0,5.409999999999997,36.0,60.0,0.9320300423966187,156.0,161.41,96,-24.0,-39.0,-0.25
07:40:22,155.74,23.0,158.95,19.0,153.77,13.0,162.77,26.0,3.2099999999999795,36.0,45.0,1.2768241852068407,155.74,158.95,81,-9.0,-15.0,-0.11
07:40:23,154.0,11.0,156.77,13.0,153.0,11.0,162.4,20.0,2.7700000000000102,22.0,33.0,2.1151241098168154,154.0,156.77,55,-11.0,-26.0,-0.2
07:40:24,153.45,11.0,156.0,12.0,150.22,69.0,413.71,21.0,2.5500000000000114,80.0,33.0,2.429820981045162,153.45,156.0,113,47.0,58.0,0.42
07:40:25,150.25,95.0,155.36,11.0,142.41,17.0,156.45,11.0,5.110000000000014,112.0,22.0,2.2967868860487606,150.25,155.36,134,90.0,21.0,0.67
07:40:26,150.35,85.0,154.0,10.0,146.61,85.0,155.0,10.0,3.6500000000000057,170.0,20.0,2.0694612825380574,150.35,154.0,190,150.0,56.0,0.79
07:40:27,149.31,195.0,154.15,13.0,113.38,26.0,254.2,15.0,4.840000000000003,221.0,28.0,1.6053753454948794,149.31,154.15,249,193.0,59.0,0.78
07:40:28,149.03,117.0,153.83,12.0,140.67,36.0,263.12,16.0,4.800000000000011,153.0,28.0,1.3115182041900644,149.02999999999997,153.83,181,125.0,-68.0,0.69
07:40:29,149.5,32.0,151.9,10.0,148.94,68.0,185.4,10.0,2.4000000000000057,100.0,20.0,0.7924329624145318,149.5,151.9,120,80.0,-61.0,0.67
07:40:30,153.91,53.0,297.85,47.0,152.43,68.0,420.97,33.0,143.94000000000003,121.0,80.0,33.263633746178975,153.91,297.85,201,41.0,81.0,0.2
07:40:31,158.0,14.0,238.0,9.0,155.0,35.0,392.89,19.0,80.0,49.0,28.0,34.65472796026463,158.0,238.0,77,21.0,-124.0,0.27
07:40:32,158.0,66.0,265.0,9.0,155.0,45.0,408.7,23.0,107.0,111.0,32.0,34.69351265006126,158.0,265.0,143,79.0,66.0,0.55
07:40:33,158.0,179.0,438.33,12.0,155.0,55.0,667.14,29.0,280.33,234.0,41.0,53.51226681799225,158.0,438.33,275,193.0,132.0,0.7
07:40:34,158.0,104.0,252.0,8.0,155.71,34.0,531.0,8.0,94.0,138.0,16.0,40.709804715817604,158.0,252.0,154,122.0,-121.0,0.79
07:40:35,158.0,91.0,252.0,7.0,156.0,28.0,519.57,7.0,94.0,119.0,14.0,41.99509828539517,158.0,252.0,133,105.0,-21.0,0.79
07:40:36,158.0,70.0,285.93,14.0,156.0,44.0,401.18,11.0,127.93,114.0,25.0,39.65485190994925,158.0,285.93,139,89.0,6.0,0.64
07:40:37,158.0,30.0,292.75,16.0,156.0,24.0,293.35,17.0,134.75,54.0,33.0,38.65573333931214,158.0,292.75,87,21.0,-52.0,0.24
07:40:38,158.0,70.0,287.43,28.0,156.0,56.0,292.43,49.0,129.43,126.0,77.0,10.130765025406125,158.0,287.43,203,49.0,116.0,0.24
07:40:39,158.0,25.0,219.43,7.0,156.0,20.0,264.57,14.0,61.43000000000001,45.0,21.0,15.66466309883453,158.0,219.43,66,24.0,-137.0,0.36
07:40:40,158.0,24.0,218.21,28.0,156.0,81.0,240.4,20.0,60.21000000000001,105.0,48.0,19.18076458330022,158.0,218.21,153,57.0,87.0,0.37
07:40:41,158.0,9.0,201.21,33.0,156.0,63.0,211.33,18.0,43.21000000000001,72.0,51.0,21.44988764539279,158.0,201.21,123,21.0,-30.0,0.17
07:40:42,156.15,53.0,158.95,38.0,155.44,63.0,159.53,17.0,2.799999999999983,116.0,55.0,23.45582912625257,156.15,158.95,171,61.0,48.0,0.36
07:40:43,156.0,63.0,157.77,31.0,155.0,45.0,158.33,24.0,1.7700000000000102,108.0,55.0,15.891440463342002,156.0,157.77,163,53.0,-8.0,0.33
07:40:44,156.22,55.0,244.6,45.0,155.19,62.0,287.29,24.0,88.38,117.0,69.0,19.103703305902393,156.22,244.6,186,48.0,23.0,0.26
07:40:46,158.0,16.0,422.1,20.0,156.0,32.0,557.17,12.0,264.1,48.0,32.0,76.74132602450912,158.0,422.1,80,16.0,-26.0,0.2
07:40:47,158.0,14.0,279.88,17.0,156.0,28.0,459.64,11.0,121.88,42.0,28.0,67.50560517468172,158.0,279.88,70,14.0,-10.0,0.2
07:40:48,158.0,16.0,257.5,10.0,155.74,23.0,326.7,20.0,99.5,39.0,30.0,54.92876632512354,158.0,257.5,69,9.0,-1.0,0.13
07:40:49,157.2,15.0,244.32,19.0,152.0,18.0,279.73,15.0,87.12,33.0,34.0,54.853194710974,157.2,244.32,67,-1.0,-2.0,-0.01
07:40:50,155.4,10.0,260.44,16.0,152.78,23.0,526.8,10.0,105.03999999999999,33.0,26.0,36.89531582735133,155.4,260.44,59,7.0,-8.0,0.12
07:40:51,151.62,24.0,266.29,14.0,148.0,27.0,429.1,20.0,114.67000000000002,51.0,34.0,6.506572062152546,151.62,266.29,85,17.0,26.0,0.2
07:40:52,156.4,30.0,239.83,24.0,147.67,18.0,240.44,18.0,83.43,48.0,42.0,4.915243635871928,156.4,239.83,90,6.0,5.0,0.07
07:40:53,160.0,81.0,238.67,36.0,151.0,27.0,240.0,36.0,78.66999999999999,108.0,72.0,5.050427704658056,160.0,238.66999999999996,180,36.0,90.0,0.2
07:40:54,160.0,68.0,236.0,40.0,151.0,30.0,237.3,40.0,76.0,98.0,80.0,5.490571919206328,160.0,236.0,178,18.0,-2.0,0.1
07:40:55,160.0,60.0,232.29,45.0,151.0,36.0,236.67,48.0,72.28999999999999,96.0,93.0,5.07700699231099,160.0,232.29,189,3.0,11.0,0.02
07:40:56,150.98,46.0,159.0,12.0,143.04,28.0,323.81,21.0,8.02000000000001,74.0,33.0,19.22266708862126,150.98,159.0,107,41.0,-82.0,0.38
07:40:57,146.64,25.0,148.6,15.0,126.0,23.0,243.09,11.0,1.960000000000008,48.0,26.0,25.637081152111527,146.64,148.6,74,22.0,-33.0,0.3
07:41:00,137.88,32.0,257.4,20.0,42.0,12.0,321.27,22.0,119.51999999999998,44.0,42.0,85.19566438499086,137.88,257.4,86,2.0,-164.0,0.02
07:41:01,160.0,80.0,257.0,30.0,150.56,64.0,275.0,35.0,97.0,144.0,65.0,76.93990239141203,160.0,257.0,209,79.0,123.0,0.38
07:41:02,158.0,160.0,221.18,49.0,155.84,77.0,257.94,50.0,63.18000000000001,237.0,99.0,66.28545353243064,158.0,221.18,336,138.0,127.0,0.41
07:41:03,158.72,78.0,193.22,36.0,157.3,71.0,195.0,27.0,34.5,149.0,63.0,47.214472039831044,158.72,193.22,212,86.0,-124.0,0.41
07:41:04,160.0,112.0,190.29,58.0,158.0,192.0,209.06,54.0,30.289999999999992,304.0,112.0,14.284314824308519,160.0,190.29,416,192.0,164.0,0.46
07:41:05,160.0,70.0,185.24,34.0,158.0,120.0,187.0,36.0,25.24000000000001,190.0,70.0,15.026111606132657,160.0,185.24,260,120.0,-156.0,0.46
07:41:06,160.0,78.0,181.89,56.0,158.0,168.0,182.96,46.0,21.889999999999986,246.0,102.0,7.393827155130571,160.0,181.89000000000001,348,144.0,88.0,0.41
07:41:07,160.0,55.0,178.92,51.0,158.0,132.0,180.16,38.0,18.919999999999987,187.0,89.0,2.746698017609784,160.0,178.92,276,98.0,-72.0,0.36
07:41:08,160.0,30.0,174.57,49.0,158.0,144.0,175.7,40.0,14.569999999999993,174.0,89.0,2.9975373225265303,160.0,174.57,263,85.0,-13.0,0.32
07:41:09,159.29,28.0,169.39,41.0,157.79,121.0,170.05,40.0,10.099999999999994,149.0,81.0,3.2301346721053257,159.29,169.39,230,68.0,-33.0,0.3
07:41:10,158.0,96.0,166.26,35.0,156.0,106.0,167.88,51.0,8.259999999999991,202.0,86.0,3.6191476897101853,158.0,166.26,288,116.0,58.0,0.4
07:41:11,160.0,72.0,164.35,40.0,158.0,96.0,167.57,56.0,4.349999999999994,168.0,96.0,3.2298838988317553,160.0,164.35,264,72.0,-24.0,0.27
07:41:12,159.79,75.0,161.27,55.0,157.81,106.0,176.61,51.0,1.4800000000000182,181.0,106.0,2.612361001073668,159.79,161.27,287,75.0,23.0,0.26
07:41:13,158.0,53.0,159.39,41.0,156.0,90.0,386.28,43.0,1.3899999999999864,143.0,84.0,2.1021964703444733,158.0,159.39,227,59.0,-60.0,0.26
07:41:14,156.05,41.0,158.8,25.0,155.16,62.0,604.6,25.0,2.75,103.0,50.0,2.1054856921687346,156.05,158.8,153,53.0,-74.0,0.35
07:41:15,156.0,34.0,158.0,25.0,155.0,65.0,619.0,25.0,2.0,99.0,50.0,2.1738169195969808,156.0,158.0,149,49.0,-4.0,0.33
07:41:16,156.0,24.0,158.0,20.0,155.0,52.0,277.0,20.0,2.0,76.0,40.0,1.5118531674487792,156.0,158.0,116,36.0,-33.0,0.31
07:41:17,155.31,64.0,190.38,40.0,154.93,56.0,268.0,40.0,35.06999999999999,120.0,80.0,6.882217665834732,155.31,190.38,200,40.0,84.0,0.2
07:41:18,155.0,54.0,208.91,22.0,154.0,6.0,246.33,30.0,53.91,60.0,52.0,11.55348086075935,155.0,208.90999999999997,112,8.0,-88.0,0.07
07:41:19,155.0,98.0,207.7,10.0,154.0,10.0,270.0,50.0,52.69999999999999,108.0,60.0,12.426651600489079,155.0,207.7,168,48.0,56.0,0.29
07:41:20,155.7,46.0,206.1,10.0,154.2,10.0,501.89,38.0,50.400000000000006,56.0,48.0,10.629161302753053,155.7,206.1,104,8.0,-64.0,0.08
07:41:21,157.0,32.0,205.11,9.0,155.0,9.0,599.0,27.0,48.110000000000014,41.0,36.0,3.811239955703161,157.0,205.11,77,5.0,-27.0,0.06
07:41:22,157.86,42.0,204.67,12.0,154.83,12.0,495.15,52.0,46.809999999999974,54.0,64.0,0.40128543451034404,157.86,204.67,118,-10.0,41.0,-0.08
07:41:23,158.0,40.0,204.0,10.0,155.0,10.0,450.1,50.0,46.0,50.0,60.0,0.18622566941736768,158.0,204.0,110,-10.0,-8.0,-0.09
07:41:24,159.88,204.0,202.0,16.0,157.84,55.0,459.19,80.0,42.120000000000005,259.0,96.0,0.14113822993737574,159.88,202.0,355,163.0,164.0,0.46
07:41:25,160.0,76.0,186.42,36.0,158.0,32.0,254.75,12.0,26.419999999999987,108.0,48.0,3.5149224742443574,160.0,186.42,156,60.0,-164.0,0.38
07:41:26,160.0,63.0,185.57,21.0,158.0,36.0,224.64,33.0,25.569999999999993,99.0,54.0,4.422425804911396,160.0,185.57,153,45.0,-3.0,0.29
07:41:27,160.0,81.0,162.44,48.0,158.0,48.0,372.59,32.0,2.4399999999999977,129.0,80.0,8.099985802453102,160.0,162.44,209,49.0,56.0,0.23
07:41:28,160.0,60.0,161.0,50.0,158.0,40.0,446.59,32.0,1.0,100.0,82.0,8.728560591525808,160.0,161.0,182,18.0,-27.0,0.1
07:41:29,160.0,14.0,179.89,45.0,156.26,57.0,321.0,33.0,19.889999999999986,71.0,78.0,6.224449373232545,160.0,179.89,149,-7.0,-33.0,-0.05
07:41:30,158.73,11.0,195.0,55.0,155.06,101.0,290.36,44.0,36.27000000000001,112.0,99.0,7.195180331300659,158.73,195.0,211,13.0,62.0,0.06
07:41:31,158.0,12.0,238.78,55.0,155.0,132.0,340.0,48.0,80.78,144.0,103.0,15.517764658607922,158.0,238.78,247,41.0,36.0,0.17
07:41:32,155.2,59.0,313.89,36.0,154.9,49.0,393.95,43.0,158.69,108.0,79.0,29.50150962238978,155.2,313.89,187,29.0,-60.0,0.16
07:41:33,155.0,99.0,311.11,36.0,154.0,9.0,344.74,38.0,156.11,108.0,74.0,30.39553174399113,155.0,311.11,182,34.0,-5.0,0.19
07:41:34,155.0,121.0,315.0,44.0,154.0,11.0,445.27,55.0,160.0,132.0,99.0,26.633070983271647,155.0,315.0,231,33.0,49.0,0.14
07:41:35,155.0,70.0,313.33,36.0,153.14,42.0,353.0,27.0,158.32999999999998,112.0,63.0,16.028578539596037,155.0,313.33,175,49.0,-56.0,0.28
07:41:36,155.0,60.0,301.39,36.0,153.0,90.0,307.32,25.0,146.39,150.0,61.0,2.779879493791941,155.0,301.39,211,89.0,36.0,0.42
07:41:37,155.0,48.0,259.12,16.0,153.0,72.0,303.9,29.0,104.12,120.0,45.0,11.725209166577748,155.0,259.12,165,75.0,-46.0,0.45
07:41:38,157.5,12.0,257.43,14.0,154.6,45.0,258.71,14.0,99.93,57.0,28.0,14.04753821849199,157.5,257.43,85,29.0,-80.0,0.34
07:41:39,160.0,14.0,200.12,49.0,155.33,54.0,255.29,28.0,40.120000000000005,68.0,77.0,21.31273727140605,160.0,200.12000000000003,145,-9.0,60.0,-0.06
07:41:40,160.0,12.0,170.89,36.0,158.0,12.0,218.15,27.0,10.889999999999986,24.0,63.0,24.821199004076437,160.0,170.89,87,-39.0,-58.0,-0.45
07:41:41,160.0,13.0,176.15,26.0,158.0,13.0,195.23,26.0,16.150000000000006,26.0,52.0,20.508881003115487,160.0,176.15000000000003,78,-26.0,-9.0,-0.33
07:41:42,155.42,62.0,173.69,32.0,154.99,75.0,174.76,34.0,18.27000000000001,137.0,66.0,18.064523796655738,155.42,173.69,203,71.0,125.0,0.35
07:41:43,155.0,120.0,171.0,24.0,154.0,12.0,174.0,48.0,16.0,132.0,72.0,6.867509009817979,155.0,171.0,204,60.0,1.0,0.29
07:41:44,155.03,103.0,170.09,22.0,154.5,20.0,171.5,24.0,15.060000000000002,123.0,46.0,2.205715303462138,155.03,170.09,169,77.0,-35.0,0.46
07:41:45,155.33,45.0,166.55,44.0,154.92,65.0,167.39,46.0,11.219999999999999,110.0,90.0,2.703457046066404,155.33,166.55,200,20.0,31.0,0.1
07:41:46,156.0,12.0,160.17,24.0,155.0,72.0,162.67,24.0,4.1699999999999875,84.0,48.0,2.457372580607964,156.0,160.17,132,36.0,-68.0,0.27
07:41:47,155.09,46.0,157.53,30.0,154.77,31.0,167.38,24.0,2.4399999999999977,77.0,54.0,2.8974678600326285,155.09,157.53,131,23.0,-1.0,0.18
07:41:48,155.0,62.0,156.21,39.0,154.0,11.0,157.46,26.0,1.210000000000008,73.0,65.0,2.984278807336951,155.0,156.21,138,8.0,7.0,0.06
07:41:49,154.69,16.0,156.12,16.0,152.38,13.0,213.24,21.0,1.4300000000000068,29.0,37.0,2.3073296253285656,154.69,156.12,66,-8.0,-72.0,-0.12
07:41:50,151.26,23.0,153.47,36.0,149.95,38.0,199.56,27.0,2.210000000000008,61.0,63.0,2.068388261404735,151.26,153.47,124,-2.0,58.0,-0.02
07:41:51,151.0,10.0,152.0,14.0,149.0,18.0,153.32,37.0,1.0,28.0,51.0,2.151039283675546,151.0,152.0,79,-23.0,-45.0,-0.29
07:41:52,149.44,18.0,153.87,30.0,134.24,29.0,171.27,15.0,4.430000000000007,47.0,45.0,2.0332412547246683,149.44,153.87,92,2.0,13.0,0.02
07:41:53,150.0,22.0,153.54,37.0,146.19,32.0,160.49,43.0,3.539999999999992,54.0,80.0,1.6366642905353133,150.0,153.54,134,-26.0,42.0,-0.19
07:41:54,147.91,32.0,152.0,12.0,141.71,28.0,155.0,48.0,4.090000000000003,60.0,60.0,0.9007496877114182,147.91,152.0,120,0.0,-14.0,0.0
07:41:57,132.51,35.0,147.36,22.0,126.89,73.0,148.85,47.0,14.850000000000023,108.0,69.0,13.12640202035184,132.51,147.36,177,39.0,59.0,0.22
07:42:00,119.19,16.0,191.41,34.0,41.84,61.0,283.85,41.0,72.22,77.0,75.0,18.85492031274293,119.19,191.41,152,2.0,24.0,0.01
07:42:01,156.0,42.0,292.0,35.0,109.0,17.0,594.29,7.0,136.0,59.0,42.0,45.51356149544782,156.0,292.0,101,17.0,-51.0,0.17
07:42:02,159.38,78.0,249.05,44.0,154.07,84.0,292.17,42.0,89.67000000000002,162.0,86.0,50.89929390472843,159.38,249.05,248,76.0,147.0,0.31
07:42:03,160.0,71.0,184.9,50.0,156.14,84.0,188.95,41.0,24.900000000000006,155.0,91.0,45.471766844932866,160.0,184.9,246,64.0,-2.0,0.26
07:42:04,160.0,65.0,171.77,65.0,158.0,78.0,379.07,28.0,11.77000000000001,143.0,93.0,28.694907213649415,160.0,171.77,236,50.0,-10.0,0.21
07:42:05,160.0,51.0,169.6,75.0,158.0,90.0,465.52,54.0,9.599999999999994,141.0,129.0,26.521033162377957,160.0,169.6,270,12.0,34.0,0.04
07:42:06,160.0,20.0,170.86,29.0,158.0,60.0,219.69,39.0,10.860000000000014,80.0,68.0,16.868050569047316,160.0,170.86,148,12.0,-122.0,0.08
07:42:07,160.0,24.0,208.32,22.0,158.0,72.0,240.36,36.0,48.31999999999999,96.0,58.0,8.214738583785408,160.0,208.32,154,38.0,6.0,0.25
07:42:08,160.0,16.0,190.0,12.0,158.0,48.0,211.36,28.0,30.0,64.0,40.0,8.438754647454402,160.0,190.0,104,24.0,-50.0,0.23
07:42:09,159.11,18.0,208.16,19.0,157.11,54.0,215.0,9.0,49.04999999999998,72.0,28.0,9.39711817526721,159.11,208.16,100,44.0,-4.0,0.44
07:42:10,158.0,53.0,209.17,36.0,156.0,144.0,314.62,32.0,51.16999999999999,197.0,68.0,8.172144761318282,158.0,209.17,265,129.0,164.0,0.49
07:42:11,158.0,45.0,207.11,27.0,156.06,102.0,275.86,21.0,49.110000000000014,147.0,48.0,3.8374314326051433,158.0,207.11,195,99.0,-70.0,0.51
07:42:12,158.0,45.0,207.0,27.0,156.12,96.0,367.59,17.0,49.0,141.0,44.0,3.647818526180485,158.0,207.0,185,97.0,-10.0,0.52
07:42:13,158.14,43.0,205.7,20.0,156.1,101.0,237.97,31.0,47.56,144.0,51.0,0.743653144918532,158.14,205.7,195,93.0,10.0,0.48
07:42:14,160.0,24.0,202.36,22.0,158.0,40.0,204.17,18.0,42.360000000000014,64.0,40.0,0.8850536706588016,160.0,202.36,104,24.0,-91.0,0.23
07:42:15,156.52,97.0,199.07,27.0,155.5,120.0,201.29,28.0,42.54999999999998,217.0,55.0,1.9802777582816895,156.52,199.06999999999996,272,162.0,164.0,0.6
07:42:16,157.57,69.0,196.54,39.0,155.69,130.0,197.69,35.0,38.97,199.0,74.0,2.493826377265205,157.57,196.54,273,125.0,1.0,0.46
07:42:17,156.0,130.0,192.58,38.0,155.0,130.0,193.75,36.0,36.58000000000001,260.0,74.0,3.130292318608856,156.0,192.58,334,186.0,61.0,0.56
07:42:18,156.0,66.0,188.0,20.0,155.0,70.0,189.4,15.0,32.0,136.0,35.0,3.4998528540410208,156.0,188.0,171,101.0,-163.0,0.59
07:42:19,156.0,48.0,183.41,17.0,155.0,60.0,185.0,17.0,27.409999999999997,108.0,34.0,3.391669205558824,156.0,183.41,142,74.0,-29.0,0.52
07:42:20,156.0,112.0,179.15,53.0,155.0,140.0,180.0,50.0,23.150000000000006,252.0,103.0,3.7231612911520884,156.0,179.15,355,149.0,164.0,0.42
07:42:21,156.0,96.0,173.32,28.0,155.0,120.0,176.22,55.0,17.319999999999993,216.0,83.0,3.7496893204544195,156.0,173.32,299,133.0,-56.0,0.44
07:42:22,156.0,110.0,168.16,57.0,155.0,140.0,169.27,51.0,12.159999999999997,250.0,108.0,3.941773712420165,156.0,168.15999999999997,358,142.0,59.0,0.4
07:42:23,156.0,35.0,165.87,23.0,155.0,50.0,166.71,17.0,9.870000000000005,85.0,40.0,3.6758359593327508,156.0,165.87,125,45.0,-164.0,0.36
07:42:24,155.16,102.0,163.89,57.0,154.42,95.0,165.04,57.0,8.72999999999999,197.0,114.0,3.1974411644189864,155.16,163.89,311,83.0,164.0,0.27
07:42:25,155.0,87.0,158.46,57.0,154.0,75.0,159.28,58.0,3.460000000000008,162.0,115.0,2.946681183962415,155.0,158.46,277,47.0,-34.0,0.17
07:42:26,154.17,36.0,156.85,33.0,153.19,52.0,157.84,25.0,2.680000000000007,88.0,58.0,2.7755864245084614,154.17,156.85,146,30.0,-131.0,0.21
07:42:27,154.0,75.0,155.97,30.0,153.0,105.0,157.68,38.0,1.9699999999999989,180.0,68.0,2.5876012057335407,154.0,155.97,248,112.0,102.0,0.45
07:42:28,154.0,49.0,155.0,33.0,153.0,77.0,218.07,29.0,1.0,126.0,62.0,2.0131939797028586,154.0,155.0,188,64.0,-60.0,0.34
07:42:29,154.0,20.0,222.56,18.0,153.0,42.0,267.0,24.0,68.56,62.0,42.0,14.714463972565223,154.0,222.56,104,20.0,-84.0,0.19
07:42:30,153.3,50.0,358.38,52.0,152.63,49.0,608.15,52.0,205.07999999999998,99.0,104.0,43.816880537070965,153.3,358.38,203,-5.0,99.0,-0.02
07:42:33,156.0,8.0,395.08,24.0,153.0,32.0,771.0,24.0,239.07999999999998,40.0,48.0,116.09610381059369,156.0,395.08,88,-8.0,4.0,-0.09
07:42:34,156.0,11.0,221.83,24.0,154.22,41.0,450.75,24.0,65.83000000000001,52.0,48.0,115.91409526024066,156.0,221.83,100,4.0,12.0,0.04
07:42:35,156.0,28.0,179.71,28.0,155.0,70.0,372.59,34.0,23.710000000000008,98.0,62.0,133.54441096504232,156.0,179.71,160,36.0,60.0,0.23
07:42:36,156.0,16.0,179.0,16.0,155.0,43.0,233.19,16.0,23.0,59.0,32.0,126.03779480774821,156.0,179.0,91,27.0,-69.0,0.3
07:42:37,156.0,18.0,178.0,18.0,155.0,72.0,221.21,19.0,22.0,90.0,37.0,46.86978002935319,156.0,178.0,127,53.0,36.0,0.42
07:42:38,155.05,76.0,177.84,25.0,153.5,64.0,293.54,26.0,22.789999999999992,140.0,51.0,9.726868972075323,155.05,177.84,191,89.0,64.0,0.47
07:42:39,155.0,60.0,176.0,10.0,153.0,40.0,178.0,20.0,21.0,100.0,30.0,0.9282887481353588,155.0,176.0,130,70.0,-61.0,0.54
07:42:40,155.0,38.0,175.64,11.0,153.0,44.0,178.0,22.0,20.639999999999986,82.0,33.0,0.9405211320932338,155.0,175.64,115,49.0,-15.0,0.43
07:42:41,155.52,29.0,171.55,33.0,153.21,58.0,172.97,35.0,16.03,87.0,68.0,1.3273846465560424,155.52,171.55,155,19.0,40.0,0.12
07:42:42,160.0,15.0,166.95,40.0,157.4,70.0,167.6,25.0,6.949999999999989,85.0,65.0,1.3086366951570692,160.0,166.95,150,20.0,-5.0,0.13
07:42:43,158.17,69.0,163.56,27.0,157.1,60.0,165.0,18.0,5.390000000000015,129.0,45.0,1.8711841170525976,158.17,163.56,174,84.0,24.0,0.48
07:42:44,157.48,77.0,159.76,50.0,154.69,26.0,161.44,18.0,2.280000000000001,103.0,68.0,2.6267946246152967,157.48,159.76,171,35.0,-3.0,0.2
07:42:45,153.0,52.0,156.75,20.0,151.0,13.0,157.56,16.0,3.75,65.0,36.0,3.6397211431515823,153.0,156.75,101,29.0,-70.0,0.29
07:42:46,153.0,56.0,178.2,20.0,151.0,14.0,277.88,25.0,25.19999999999999,70.0,45.0,4.180499970087943,153.0,178.2,115,25.0,14.0,0.22
07:42:47,152.49,57.0,197.62,29.0,150.71,14.0,276.46,41.0,45.129999999999995,71.0,70.0,7.7765982280113315,152.49,197.62,141,1.0,26.0,0.01
07:42:48,152.87,62.0,285.22,32.0,148.59,17.0,385.77,35.0,132.35000000000002,79.0,67.0,25.982474862874927,152.87,285.22,146,12.0,5.0,0.08
07:42:49,153.88,8.0,354.12,16.0,139.12,8.0,433.12,16.0,200.24,16.0,32.0,41.60004903843213,153.88,354.12,48,-16.0,-98.0,-0.33
07:42:50,158.0,12.0,262.0,24.0,154.33,12.0,387.83,24.0,104.0,24.0,48.0,35.607398107696326,158.0,262.0,72,-24.0,24.0,-0.33
07:42:51,158.0,12.0,236.67,30.0,155.0,12.0,255.83,36.0,78.66999999999999,24.0,66.0,29.12540609158928,158.0,236.67,90,-42.0,18.0,-0.47
07:42:52,156.9,10.0,218.0,20.0,150.64,11.0,232.0,32.0,61.099999999999994,21.0,52.0,25.608799854737242,156.9,218.0,73,-31.0,-17.0,-0.42
07:42:53,142.04,28.0,151.35,34.0,132.0,15.0,173.5,24.0,9.310000000000002,43.0,58.0,38.78944224914773,142.04,151.35,101,-15.0,28.0,-0.15
07:42:54,132.57,74.0,147.89,37.0,95.57,28.0,150.68,50.0,15.319999999999993,102.0,87.0,31.145073446693484,132.57,147.89,189,15.0,88.0,0.08
07:42:56,128.32,38.0,275.9,20.0,109.81,42.0,572.79,29.0,147.57999999999998,80.0,49.0,31.81633102668986,128.32,275.9,129,31.0,9.0,0.24
07:42:57,153.15,13.0,201.0,7.0,143.64,25.0,379.57,14.0,47.849999999999994,38.0,21.0,29.952482034046945,153.15,201.0,59,17.0,-70.0,0.29
07:42:58,151.0,39.0,213.83,53.0,97.57,28.0,541.77,22.0,62.83000000000001,67.0,75.0,30.53081803686099,151.0,213.82999999999998,142,-8.0,83.0,-0.06
07:42:59,155.55,33.0,307.0,30.0,145.38,8.0,398.5,12.0,151.45,41.0,42.0,37.53662704612583,155.55,307.0,83,-1.0,-59.0,-0.01
07:43:00,156.0,48.0,304.55,22.0,153.0,8.0,385.94,34.0,148.55,56.0,56.0,25.62096895123167,156.0,304.55,112,0.0,29.0,0.0
07:43:01,156.0,51.0,245.19,21.0,154.75,16.0,357.72,36.0,89.19,67.0,57.0,25.66695677325181,156.0,245.19,124,10.0,12.0,0.08
07:43:02,156.0,60.0,226.54,39.0,155.0,24.0,264.33,30.0,70.53999999999999,84.0,69.0,22.488648914507547,156.0,226.54,153,15.0,29.0,0.1
07:43:03,156.0,49.0,224.27,22.0,155.0,22.0,449.33,33.0,68.27000000000001,71.0,55.0,20.546032463713864,156.0,224.27,126,16.0,-27.0,0.13
07:43:04,153.9,10.0,221.88,16.0,151.35,23.0,236.0,8.0,67.97999999999999,33.0,24.0,17.583456144909885,153.9,221.88,57,9.0,-69.0,0.16
07:43:05,157.41,34.0,220.0,18.0,151.59,17.0,236.0,9.0,62.59,51.0,27.0,5.13035768733084,157.41,220.0,78,24.0,21.0,0.31
07:43:06,158.0,75.0,220.0,30.0,154.86,28.0,236.0,15.0,62.0,103.0,45.0,1.3191550325684764,158.0,220.0,148,58.0,70.0,0.39
07:43:07,156.67,27.0,220.0,22.0,154.25,16.0,294.0,22.0,63.33000000000001,43.0,44.0,0.8502529035232382,156.66999999999996,220.0,87,-1.0,-61.0,-0.01
07:43:08,155.0,26.0,219.0,26.0,149.77,26.0,338.76,17.0,64.0,52.0,43.0,0.782962323454084,155.0,219.0,95,9.0,8.0,0.09
07:43:09,155.06,17.0,216.73,22.0,150.96,57.0,322.83,12.0,61.66999999999999,74.0,34.0,1.3072987416608137,155.06,216.73,108,40.0,13.0,0.37
07:43:10,153.7,33.0,215.0,22.0,152.32,71.0,253.06,36.0,61.30000000000001,104.0,58.0,1.8699278060787488,153.7,215.0,162,46.0,54.0,0.28
07:43:11,155.0,33.0,214.45,22.0,153.0,77.0,232.0,55.0,59.44999999999999,110.0,77.0,1.6399999999832489,155.0,214.45,187,33.0,25.0,0.18
07:43:12,160.0,18.0,207.67,12.0,155.0,18.0,228.83,24.0,47.66999999999999,36.0,36.0,1.277536692210248,160.0,207.67,72,0.0,-115.0,0.0
07:43:13,160.0,39.0,211.23,26.0,155.54,59.0,232.0,65.0,51.22999999999999,98.0,91.0,0.8621948735309388,160.0,211.23,189,7.0,117.0,0.04
07:43:14,160.0,39.0,210.31,26.0,156.0,104.0,342.74,35.0,50.31,143.0,61.0,0.693310897031616,160.0,210.31,204,82.0,15.0,0.4
07:43:15,160.0,30.0,312.91,22.0,156.0,80.0,375.55,22.0,152.91000000000003,110.0,44.0,23.093448854598584,160.0,312.91,154,66.0,-50.0,0.43
07:43:16,160.0,24.0,258.2,20.0,156.0,64.0,342.79,19.0,98.19999999999999,88.0,39.0,22.913881164044845,160.0,258.2,127,49.0,-27.0,0.39
07:43:17,160.0,13.0,200.0,18.0,156.0,72.0,384.0,18.0,40.0,85.0,36.0,23.64323856835116,160.0,200.0,121,49.0,-6.0,0.4
07:43:18,160.0,15.0,199.47,30.0,156.0,120.0,367.2,30.0,39.47,135.0,60.0,24.61955990670763,160.0,199.47,195,75.0,74.0,0.38
07:43:19,160.0,8.0,197.0,16.0,156.0,64.0,496.78,18.0,37.0,72.0,34.0,25.651109722582444,160.0,197.0,106,38.0,-89.0,0.36
07:43:20,160.0,10.0,195.3,20.0,156.0,80.0,499.04,28.0,35.30000000000001,90.0,48.0,13.507917308006586,160.0,195.3,138,42.0,32.0,0.3
07:43:21,160.0,15.0,195.0,30.0,156.0,120.0,401.07,30.0,35.0,135.0,60.0,1.1543959459100102,160.0,195.0,195,75.0,57.0,0.38
07:43:22,158.42,53.0,179.84,63.0,155.93,129.0,210.6,48.0,21.420000000000016,182.0,111.0,4.215218855519826,158.42000000000002,179.84,293,71.0,98.0,0.24
07:43:23,157.07,90.0,173.76,51.0,155.76,74.0,174.93,30.0,16.689999999999998,164.0,81.0,5.968831543939331,157.07,173.76,245,83.0,-48.0,0.34
07:43:24,158.0,68.0,164.37,27.0,156.0,77.0,169.8,30.0,6.3700000000000045,145.0,57.0,7.3137452785778185,158.0,164.37,202,88.0,-43.0,0.44
07:43:25,156.12,67.0,158.7,20.0,155.21,34.0,159.7,20.0,2.579999999999984,101.0,40.0,7.733417743786535,156.12,158.7,141,61.0,-61.0,0.43
07:43:26,156.0,35.0,157.25,16.0,155.0,24.0,159.0,16.0,1.25,59.0,32.0,5.319570471373159,156.0,157.25,91,27.0,-50.0,0.3
07:43:27,156.0,20.0,198.78,18.0,155.0,30.0,282.53,15.0,42.78,50.0,33.0,8.460510031901615,156.0,198.78,83,17.0,-8.0,0.2
07:43:28,155.25,24.0,317.12,24.0,154.71,21.0,513.09,11.0,161.87,45.0,35.0,33.72606113971703,155.25,317.12,80,10.0,-3.0,0.12
07:43:29,159.56,9.0,305.32,25.0,157.29,21.0,397.0,11.0,145.76,30.0,36.0,39.527881931618275,159.56,305.32,66,-6.0,-14.0,-0.09
07:43:30,160.0,10.0,303.67,24.0,158.0,30.0,421.0,14.0,143.67000000000002,40.0,38.0,37.184065538883445,160.0,303.67,78,2.0,12.0,0.03
07:43:31,157.33,18.0,289.88,34.0,156.14,21.0,349.77,26.0,132.54999999999998,39.0,60.0,24.418417639151013,157.33,289.88,99,-21.0,21.0,-0.21
07:43:32,155.14,28.0,312.31,52.0,154.14,14.0,354.29,34.0,157.17000000000002,42.0,86.0,4.748568205261381,155.14000000000001,312.31,128,-44.0,29.0,-0.34
07:43:33,156.0,44.0,302.07,27.0,155.0,22.0,311.36,44.0,146.07,66.0,71.0,4.027548882387023,156.0,302.07,137,-5.0,9.0,-0.04
07:43:34,156.0,36.0,266.34,29.0,155.0,24.0,296.94,34.0,110.33999999999997,60.0,63.0,9.062939920357529,156.0,266.34,123,-3.0,-14.0,-0.02
07:43:35,156.0,72.0,252.5,60.0,155.0,54.0,269.0,70.0,96.5,126.0,130.0,12.335416490739226,156.0,252.5,256,-4.0,133.0,-0.02
07:43:36,156.0,40.0,244.8,40.0,155.0,30.0,246.64,39.0,88.80000000000001,70.0,79.0,14.905940761991298,156.0,244.8,149,-9.0,-107.0,-0.06
07:43:37,156.0,70.0,239.96,53.0,155.0,48.0,241.49,61.0,83.96000000000001,118.0,114.0,12.483391766662717,156.0,239.96,232,4.0,83.0,0.02
07:43:38,155.33,24.0,235.98,47.0,154.38,16.0,237.0,38.0,80.64999999999998,40.0,85.0,6.082949120284652,155.33,235.98,125,-45.0,-107.0,-0.36
07:43:39,159.17,18.0,233.85,27.0,154.62,8.0,234.93,30.0,74.68,26.0,57.0,3.460874167022998,159.17,233.85,83,-31.0,-42.0,-0.37
07:43:40,160.0,12.0,231.0,29.0,155.0,8.0,231.93,29.0,71.0,20.0,58.0,2.036271101784904,160.0,231.0,78,-38.0,-5.0,-0.49
