Time,Bid1_Price,Bid1_Volume,Ask1_Price,Ask1_Volume,Bid2_Price,Bid2_Volume,Ask2_Price,Ask2_Volume,Bid_Ask_Spread,Market_Depth_Bid,Market_Depth_Ask,Historical_Volatility,Weighted_Avg_Bid_Price,Weighted_Avg_Ask_Price,Total_volume,Cumulative_Volume_Difference,Total_Volume_Change_Corrected,Order_imbalance
07:30:09,126.77,35.0,130.0,30.0,125.69,26.0,131.0,20.0,3.230000000000004,61.0,50.0,21.58676330532205,126.77,130.0,111,11.0,-131.0,0.1
07:30:10,130.62,16.0,138.48,21.0,126.62,16.0,142.73,15.0,7.859999999999985,32.0,36.0,26.975421220066224,130.62,138.48,68,-4.0,-43.0,-0.06
07:30:11,139.92,24.0,143.33,24.0,137.59,27.0,532.39,44.0,3.410000000000025,51.0,68.0,26.837850696357926,139.92,143.33,119,-17.0,51.0,-0.14
07:30:12,141.58,26.0,145.0,16.0,140.0,16.0,481.0,40.0,3.4199999999999875,42.0,56.0,17.994261029561624,141.58,145.0,98,-14.0,-21.0,-0.14
07:30:13,143.0,4.0,145.0,8.0,140.79,29.0,481.0,20.0,2.0,33.0,28.0,6.72046501367283,143.0,145.0,61,5.0,-37.0,0.08
07:30:14,143.0,4.0,144.25,8.0,140.0,8.0,481.0,20.0,1.25,12.0,28.0,3.9443034873093388,143.0,144.25,40,-16.0,-21.0,-0.4
07:30:16,140.0,20.0,173.5,44.0,139.0,60.0,203.54,26.0,33.5,80.0,70.0,85.4527432561413,140.0,173.5,150,10.0,58.0,0.07
07:30:17,141.94,68.0,168.04,24.0,140.76,63.0,170.93,58.0,26.099999999999994,131.0,82.0,84.17408585782208,141.94,168.04,213,49.0,63.0,0.23
07:30:18,145.0,36.0,156.5,12.0,144.0,36.0,163.83,18.0,11.5,72.0,30.0,83.35443287552259,145.0,156.5,102,42.0,-111.0,0.41
07:30:19,145.0,36.0,153.1,20.0,144.0,36.0,154.04,24.0,8.099999999999994,72.0,44.0,82.65209325842874,145.0,153.1,116,28.0,14.0,0.24
07:30:20,144.82,33.0,149.61,49.0,143.87,31.0,150.03,29.0,4.7900000000000205,64.0,78.0,4.009628411711286,144.82,149.61,142,-14.0,26.0,-0.1
07:30:21,142.21,122.0,147.14,35.0,141.0,27.0,148.06,53.0,4.929999999999978,149.0,88.0,3.8795837405580254,142.21,147.14,237,61.0,95.0,0.26
07:30:22,142.59,102.0,145.58,26.0,141.9,221.0,146.14,64.0,2.990000000000009,323.0,90.0,2.832866039897045,142.59,145.58,413,233.0,169.5,0.56
07:30:23,140.65,51.0,144.0,49.0,138.08,50.0,145.0,13.0,3.3499999999999943,101.0,62.0,2.6625927213905367,140.65,144.0,163,39.0,-170.5,0.24
07:30:24,139.1,73.0,142.81,26.0,130.69,39.0,147.28,18.0,3.710000000000008,112.0,44.0,2.3900627606826,139.1,142.81,156,68.0,-7.0,0.44
07:30:25,140.0,42.0,147.0,6.0,139.0,36.0,152.0,12.0,7.0,78.0,18.0,1.4872390527422532,140.0,147.0,96,60.0,-60.0,0.62
07:30:26,140.0,72.0,147.0,12.0,139.0,72.0,152.0,24.0,7.0,144.0,36.0,1.2496799590301713,140.0,147.0,180,108.0,84.0,0.6
07:30:27,140.0,50.0,145.74,23.0,139.0,60.0,148.25,16.0,5.740000000000009,110.0,39.0,1.059466847051672,140.0,145.74,149,71.0,-31.0,0.48
07:30:28,140.0,35.0,144.86,14.0,139.0,42.0,147.0,11.0,4.860000000000014,77.0,25.0,1.0525920387318215,140.0,144.86,102,52.0,-47.0,0.51
07:30:29,140.0,35.0,145.29,14.0,139.0,42.0,147.23,13.0,5.289999999999992,77.0,27.0,0.49261546869908596,140.0,145.29,104,50.0,2.0,0.48
07:30:30,140.0,15.0,147.0,14.0,139.0,42.0,148.0,7.0,7.0,57.0,21.0,0.49261546869908596,140.0,147.0,78,36.0,-26.0,0.46
07:30:31,140.95,60.0,146.73,30.0,139.4,30.0,220.89,27.0,5.780000000000001,90.0,57.0,0.5939949494748401,140.95,146.73,147,33.0,69.0,0.22
07:30:32,140.0,12.0,146.0,24.0,139.0,51.0,147.17,12.0,6.0,63.0,36.0,0.5866174221770247,140.0,146.0,99,27.0,-48.0,0.27
07:30:33,131.35,23.0,146.0,18.0,125.0,28.0,147.0,9.0,14.650000000000006,51.0,27.0,2.0969978540765557,131.35,146.0,78,24.0,-21.0,0.31
07:30:34,131.61,18.0,146.0,20.0,121.09,22.0,147.0,10.0,14.389999999999986,40.0,30.0,2.595675249333344,131.61,146.0,70,10.0,-8.0,0.14
07:30:35,134.87,31.0,146.0,22.0,128.96,24.0,147.0,11.0,11.129999999999995,55.0,33.0,2.37658789023292,134.87,146.0,88,22.0,18.0,0.25
07:30:36,135.0,24.0,144.09,11.0,133.71,7.0,146.5,8.0,9.090000000000003,31.0,19.0,1.770375666349319,135.0,144.09,50,12.0,-38.0,0.24
07:30:37,135.0,28.0,142.92,13.0,134.0,7.0,212.11,19.0,7.9199999999999875,35.0,32.0,0.7269319087795268,135.0,142.92,67,3.0,17.0,0.04
07:30:38,134.25,16.0,143.83,69.0,133.04,25.0,144.85,59.0,9.580000000000013,41.0,128.0,0.6647179853154553,134.25,143.83,169,-87.0,102.0,-0.51
07:30:39,134.0,12.0,140.22,18.0,133.0,24.0,141.31,48.0,6.219999999999999,36.0,66.0,1.2195695962108353,134.0,140.22,102,-30.0,-67.0,-0.29
07:30:40,134.0,5.0,139.33,9.0,133.0,10.0,141.05,19.0,5.3300000000000125,15.0,28.0,1.2857799189604537,134.0,139.33,43,-13.0,-59.0,-0.3
07:30:41,133.6,20.0,138.67,36.0,129.82,22.0,139.2,30.0,5.069999999999993,42.0,66.0,1.3404737968352918,133.6,138.67,108,-24.0,65.0,-0.22
07:30:42,133.0,18.0,136.33,9.0,127.0,18.0,137.95,39.0,3.3300000000000125,36.0,48.0,1.5880428205820338,133.0,136.33,84,-12.0,-24.0,-0.14
07:30:43,134.0,16.0,137.91,32.0,132.75,16.0,138.85,48.0,3.9099999999999966,32.0,80.0,0.9237315627400802,134.0,137.91,112,-48.0,28.0,-0.43
07:30:44,132.82,22.0,138.0,35.0,129.14,14.0,139.0,49.0,5.180000000000007,36.0,84.0,0.7601841882085358,132.82,138.0,120,-48.0,8.0,-0.4
07:30:45,137.0,24.0,138.0,30.0,134.65,17.0,139.0,42.0,1.0,41.0,72.0,1.0444232858387648,137.0,138.0,113,-31.0,-7.0,-0.27
07:30:46,133.4,10.0,138.32,22.0,130.0,8.0,155.23,22.0,4.9199999999999875,18.0,44.0,1.0385903908674743,133.4,138.32,62,-26.0,-51.0,-0.42
07:30:47,131.15,13.0,138.81,52.0,98.33,12.0,246.1,20.0,7.659999999999997,25.0,72.0,0.9542798331738075,131.15,138.81,97,-47.0,35.0,-0.48
07:30:48,132.33,6.0,138.0,15.0,109.71,7.0,139.0,21.0,5.6699999999999875,13.0,36.0,1.0141153780523533,132.33,138.0,49,-23.0,-48.0,-0.47
07:30:49,137.0,10.0,138.0,25.0,129.4,10.0,139.0,35.0,1.0,20.0,60.0,1.2293168834772332,137.0,138.0,80,-40.0,31.0,-0.5
07:30:50,129.0,8.0,138.0,25.0,120.0,12.0,139.0,28.0,9.0,20.0,53.0,1.4543795928169372,129.0,138.0,73,-33.0,-7.0,-0.45
07:30:51,129.0,14.0,135.0,14.0,102.57,14.0,137.97,62.0,6.0,28.0,76.0,2.052120854141531,129.0,135.0,104,-48.0,31.0,-0.46
07:30:52,129.0,18.0,135.0,18.0,97.0,9.0,137.67,45.0,6.0,27.0,63.0,2.33790076778351,129.0,135.0,90,-36.0,-14.0,-0.4
07:30:53,129.0,18.0,135.0,18.0,98.23,13.0,137.0,27.0,6.0,31.0,45.0,2.3822258499149305,129.0,135.0,76,-14.0,-14.0,-0.18
07:30:54,129.8,70.0,135.0,28.0,111.43,28.0,137.0,42.0,5.199999999999989,98.0,70.0,0.6496152707589395,129.8,135.0,168,28.0,92.0,0.17
07:30:55,131.08,63.0,135.0,14.0,130.29,42.0,137.0,27.0,3.9199999999999875,105.0,41.0,0.454664711631808,131.08,135.0,146,64.0,-22.0,0.44
07:30:56,134.5,56.0,136.93,28.0,133.32,59.0,137.97,93.0,2.430000000000007,115.0,121.0,1.557337471456668,134.5,136.93,236,-6.0,90.0,-0.03
07:30:57,136.27,60.0,137.95,75.0,128.78,120.0,138.8,81.0,1.6799999999999784,180.0,156.0,2.239658456105036,136.27,137.95,336,24.0,100.0,0.07
07:30:58,137.83,48.0,139.3,73.0,132.55,103.0,161.5,24.0,1.4699999999999989,151.0,97.0,2.6283511941904623,137.83,139.3,248,54.0,-88.0,0.22
07:30:59,138.25,16.0,140.0,32.0,132.98,43.0,319.57,7.0,1.75,59.0,39.0,2.444207438005643,138.25,140.0,98,20.0,-150.0,0.2
07:31:00,138.0,36.0,140.0,36.0,130.0,81.0,143.0,9.0,2.0,117.0,45.0,1.4635128971081255,138.0,140.0,162,72.0,64.0,0.44
07:31:01,138.38,32.0,140.0,45.0,131.95,85.0,143.0,13.0,1.6200000000000045,117.0,58.0,0.8659503449977082,138.38,140.0,175,59.0,13.0,0.34
07:31:02,134.0,25.0,139.6,15.0,129.24,101.0,140.92,12.0,5.599999999999994,126.0,27.0,0.9998649908870989,134.0,139.6,153,99.0,-22.0,0.65
07:31:03,139.6,78.0,197.55,22.0,134.62,37.0,399.12,16.0,57.95000000000002,115.0,38.0,13.472554694637548,139.6,197.55,153,77.0,0.0,0.5
07:31:11,143.0,55.0,327.17,18.0,139.17,35.0,338.55,29.0,184.17000000000002,90.0,47.0,50.123600030324766,143.0,327.17,137,43.0,53.0,0.31
07:31:12,144.82,114.0,218.9,29.0,142.52,21.0,227.69,49.0,74.08000000000001,135.0,78.0,71.42468704866671,144.82,218.9,213,57.0,76.0,0.27
07:31:13,145.11,106.0,214.21,19.0,144.2,40.0,215.45,11.0,69.1,146.0,30.0,83.54042374802742,145.11,214.21,176,116.0,-37.0,0.66
07:31:14,147.0,27.0,209.0,16.0,145.0,157.0,210.18,11.0,62.0,184.0,27.0,71.59027447914971,147.0,209.0,211,157.0,35.0,0.74
07:31:15,147.0,15.0,207.62,13.0,145.0,95.0,208.67,6.0,60.620000000000005,110.0,19.0,25.048393561264653,147.0,207.62,129,91.0,-82.0,0.71
07:31:16,147.0,30.0,205.11,19.0,145.0,190.0,206.87,47.0,58.110000000000014,220.0,66.0,2.251384018777734,147.0,205.11,286,154.0,157.0,0.54
07:31:17,147.0,36.0,198.93,27.0,145.0,228.0,200.41,22.0,51.93000000000001,264.0,49.0,2.5093684464439123,147.0,198.93000000000004,313,215.0,27.0,0.69
07:31:18,147.0,14.0,195.47,19.0,145.0,266.0,196.78,23.0,48.47,280.0,42.0,2.901511674973731,147.0,195.47,322,238.0,9.0,0.74
07:31:19,145.1,123.0,194.14,29.0,144.69,135.0,195.57,14.0,49.03999999999999,258.0,43.0,3.2191505090643693,145.1,194.14,301,215.0,-21.0,0.71
07:31:20,145.0,180.0,191.34,38.0,143.0,36.0,192.19,21.0,46.34,216.0,59.0,3.06050159287819,145.0,191.34,275,157.0,-26.0,0.57
07:31:21,145.0,120.0,187.6,10.0,143.0,24.0,188.43,14.0,42.599999999999994,144.0,24.0,2.593148665235079,145.0,187.6,168,120.0,-107.0,0.71
07:31:22,145.08,154.0,183.27,22.0,144.0,60.0,184.24,21.0,38.19,214.0,43.0,2.765198003762297,145.08,183.27,257,171.0,89.0,0.67
07:31:25,145.05,111.0,169.25,28.0,143.71,42.0,171.0,14.0,24.19999999999999,153.0,42.0,3.5060262406338087,145.05,169.25,195,111.0,-170.5,0.57
07:31:26,145.0,91.0,166.25,16.0,143.0,42.0,167.29,34.0,21.25,133.0,50.0,3.850114284019839,145.0,166.25,183,83.0,-12.0,0.45
07:31:27,145.0,44.0,162.89,38.0,143.0,39.0,163.74,23.0,17.889999999999986,83.0,61.0,4.030552071368687,145.0,162.89,144,22.0,-39.0,0.15
07:31:28,143.0,19.0,159.81,27.0,141.0,20.0,161.69,32.0,16.810000000000002,39.0,59.0,3.6490505614495654,143.0,159.81,98,-20.0,-46.0,-0.2
07:31:29,143.0,9.0,156.78,18.0,141.0,18.0,159.0,45.0,13.780000000000001,27.0,63.0,2.973445812523964,143.0,156.78,90,-36.0,-8.0,-0.4
07:31:30,144.9,42.0,154.33,12.0,142.11,9.0,156.47,15.0,9.430000000000007,51.0,27.0,2.613593311901619,144.9,154.33,78,24.0,-12.0,0.31
07:31:31,145.0,136.0,149.12,52.0,141.49,37.0,149.79,43.0,4.1200000000000045,173.0,95.0,2.5320801725098567,145.0,149.12,268,78.0,169.5,0.29
07:31:32,145.0,132.0,146.0,28.0,143.0,98.0,147.0,85.0,1.0,230.0,113.0,2.373611172879473,145.0,146.0,343,117.0,75.0,0.34
07:31:33,145.0,80.0,146.67,55.0,143.0,77.0,148.22,46.0,1.6699999999999875,157.0,101.0,2.068941758488802,145.0,146.67,258,56.0,-85.0,0.22
07:31:34,143.55,58.0,147.32,31.0,142.4,40.0,158.35,17.0,3.769999999999982,98.0,48.0,1.7623053084012263,143.55,147.32,146,50.0,-112.0,0.34
07:31:35,143.0,84.0,145.21,14.0,141.0,24.0,156.19,21.0,2.210000000000008,108.0,35.0,1.054087282922811,143.0,145.21,143,73.0,-3.0,0.51
07:31:36,143.0,120.0,145.0,12.0,141.0,24.0,270.08,12.0,2.0,144.0,24.0,0.857158095114235,143.0,145.0,168,120.0,25.0,0.71
07:31:37,143.03,132.0,145.0,9.0,142.0,32.0,159.0,9.0,1.9699999999999989,164.0,18.0,0.8868596281373926,143.03,145.0,182,146.0,14.0,0.8
07:31:38,144.45,20.0,155.5,8.0,143.1,89.0,300.43,14.0,11.050000000000011,109.0,22.0,2.5669378644641183,144.45,155.5,131,87.0,-51.0,0.66
07:31:39,144.0,30.0,274.64,11.0,143.0,160.0,323.74,19.0,130.64,190.0,30.0,28.645211292640404,144.0,274.64,220,160.0,89.0,0.73
07:31:40,143.09,165.0,201.17,58.0,142.45,110.0,220.88,26.0,58.079999999999984,275.0,84.0,27.910472407324296,143.09,201.17,359,191.0,139.0,0.53
07:31:41,143.2,150.0,181.15,59.0,142.13,69.0,208.9,58.0,37.95000000000002,219.0,117.0,25.77430949608561,143.2,181.15,336,102.0,-23.0,0.3
07:31:45,147.0,72.0,158.47,45.0,144.98,45.0,166.07,29.0,11.469999999999999,117.0,74.0,4.23104360648915,147.0,158.47,191,43.0,-5.0,0.23
07:31:46,145.92,52.0,147.93,74.0,144.82,39.0,152.13,23.0,2.0100000000000193,91.0,97.0,6.815403876514901,145.92,147.93,188,-6.0,-3.0,-0.03
07:31:47,143.09,107.0,144.95,57.0,141.19,32.0,151.74,27.0,1.8599999999999852,139.0,84.0,7.57368272374916,143.09,144.95,223,55.0,35.0,0.25
07:31:48,143.0,69.0,144.65,37.0,141.0,33.0,206.67,24.0,1.6500000000000057,102.0,61.0,6.634551228230776,143.0,144.65,163,41.0,-60.0,0.25
07:31:49,143.0,32.0,144.8,20.0,141.0,30.0,406.63,35.0,1.8000000000000114,62.0,55.0,3.835642058380867,143.0,144.8,117,7.0,-46.0,0.06
07:31:50,143.0,24.0,144.0,24.0,141.0,36.0,322.67,24.0,1.0,60.0,48.0,1.4085382493994765,143.0,144.0,108,12.0,-9.0,0.11
07:31:51,142.0,28.0,144.0,14.0,140.47,45.0,214.08,52.0,2.0,73.0,66.0,0.41026820498526123,142.0,144.0,139,7.0,31.0,0.05
07:31:52,140.87,123.0,143.0,12.0,139.42,77.0,159.0,48.0,2.1299999999999955,200.0,60.0,0.8082078940607322,140.87,143.0,260,140.0,121.0,0.54
07:31:53,141.0,147.0,152.62,13.0,140.0,28.0,170.36,22.0,11.620000000000005,175.0,35.0,1.822983817816741,141.0,152.62,210,140.0,-50.0,0.67
07:31:54,141.0,89.0,238.15,13.0,140.0,40.0,466.0,13.0,97.15,129.0,26.0,20.54994476878262,141.0,238.15000000000003,155,103.0,-55.0,0.66
07:31:55,141.16,56.0,407.07,14.0,139.65,71.0,573.09,22.0,265.90999999999997,127.0,36.0,56.71440090488482,141.16,407.07,163,91.0,8.0,0.56
07:31:56,143.0,24.0,440.89,9.0,141.0,40.0,539.87,15.0,297.89,64.0,24.0,70.46754309609483,143.0,440.89,88,40.0,-75.0,0.45
07:31:57,143.0,90.0,328.33,15.0,141.0,40.0,431.44,9.0,185.32999999999998,130.0,24.0,59.8778183470304,143.0,328.33,154,106.0,66.0,0.69
07:31:58,143.0,100.0,293.71,14.0,141.0,35.0,449.57,7.0,150.70999999999998,135.0,21.0,41.45012400463915,143.0,293.71,156,114.0,2.0,0.73
07:31:59,143.0,140.0,389.69,13.0,141.0,50.0,645.0,10.0,246.69,190.0,23.0,29.786424256697124,143.0,389.69,213,167.0,57.0,0.78
07:32:01,145.51,86.0,224.75,32.0,142.94,173.0,236.26,43.0,79.24000000000001,259.0,75.0,47.353170432400454,145.51,224.75,334,184.0,145.0,0.55
07:32:02,146.0,37.0,224.0,14.0,143.0,98.0,569.71,7.0,78.0,135.0,21.0,54.233428160129904,146.0,224.0,156,114.0,-170.5,0.73
07:32:08,143.99,91.0,189.15,40.0,142.13,121.0,219.61,51.0,45.16,212.0,91.0,52.36797761991551,143.99,189.15,303,121.0,169.5,0.4
07:32:09,145.09,32.0,185.78,59.0,142.42,52.0,187.24,62.0,40.69,84.0,121.0,60.312378497286765,145.09,185.78,205,-37.0,-98.0,-0.18
07:32:10,146.0,33.0,181.58,48.0,145.0,11.0,183.31,51.0,35.58000000000001,44.0,99.0,65.16800073655774,146.0,181.58,143,-55.0,-62.0,-0.38
07:32:11,146.0,42.0,174.86,56.0,145.0,14.0,179.62,64.0,28.860000000000014,56.0,120.0,34.9025617970947,146.0,174.85999999999999,176,-64.0,33.0,-0.36
07:32:12,146.0,39.0,175.51,51.0,145.0,13.0,177.44,55.0,29.50999999999999,52.0,106.0,2.7479956331892437,146.0,175.51,158,-54.0,-18.0,-0.34
07:32:13,146.8,15.0,169.45,33.0,145.97,37.0,171.54,48.0,22.649999999999977,52.0,81.0,2.8989515346118817,146.8,169.45,133,-29.0,-25.0,-0.22
07:32:14,146.69,13.0,164.43,40.0,145.63,38.0,164.59,39.0,17.74000000000001,51.0,79.0,3.080701218883499,146.69,164.43,130,-28.0,-3.0,-0.22
07:32:15,145.0,11.0,159.55,55.0,144.0,66.0,160.04,23.0,14.550000000000011,77.0,78.0,3.557909498572473,145.0,159.55,155,-1.0,25.0,-0.01
07:32:16,145.0,16.0,156.34,79.0,144.0,96.0,158.0,80.0,11.340000000000003,112.0,159.0,4.130433391308208,145.0,156.34,271,-47.0,116.0,-0.17
07:32:17,145.0,9.0,150.63,27.0,144.0,54.0,152.59,29.0,5.6299999999999955,63.0,56.0,4.0529520105764725,145.0,150.63,119,7.0,-152.0,0.06
07:32:18,144.09,32.0,148.27,48.0,143.4,45.0,148.71,24.0,4.180000000000007,77.0,72.0,3.6967512764639325,144.09,148.27,149,5.0,30.0,0.03
07:32:19,142.05,62.0,144.68,37.0,140.65,183.0,145.08,65.0,2.6299999999999955,245.0,102.0,3.5434121973091894,142.05,144.68,347,143.0,169.5,0.41
07:32:20,141.0,36.0,142.95,58.0,140.0,168.0,143.69,16.0,1.9499999999999886,204.0,74.0,3.475912829752943,141.0,142.95,278,130.0,-69.0,0.47
07:32:21,140.03,101.0,141.5,30.0,139.22,63.0,142.85,20.0,1.4699999999999989,164.0,50.0,2.9281103121369365,140.03,141.5,214,114.0,-64.0,0.53
07:32:22,140.0,117.0,141.0,45.0,139.0,63.0,392.83,35.0,1.0,180.0,80.0,2.322494348764664,140.0,141.0,260,100.0,46.0,0.38
07:32:23,140.0,99.0,141.0,40.0,139.0,56.0,469.0,28.0,1.0,155.0,68.0,1.244435615065985,140.0,141.0,223,87.0,-37.0,0.39
07:32:24,140.0,40.0,405.0,17.0,139.0,35.0,651.82,17.0,265.0,75.0,34.0,58.8419194112499,140.0,405.0,109,41.0,-114.0,0.38
07:32:26,146.44,9.0,302.7,20.0,141.07,15.0,375.2,25.0,156.26,24.0,45.0,78.49529782095226,146.44,302.7,69,-21.0,-40.0,-0.3
07:32:27,147.0,7.0,161.79,19.0,142.0,7.0,204.94,16.0,14.789999999999992,14.0,35.0,75.20683858533073,147.0,161.79,49,-21.0,-20.0,-0.43
07:32:28,141.33,21.0,161.0,22.0,139.96,47.0,281.12,43.0,19.669999999999987,68.0,65.0,72.43000641999136,141.33,161.0,133,3.0,84.0,0.02
07:32:29,146.0,40.0,161.0,8.0,143.91,22.0,428.88,16.0,15.0,62.0,24.0,71.95444968867463,146.0,161.0,86,38.0,-47.0,0.44
07:32:30,146.0,90.0,159.67,18.0,144.0,63.0,366.33,27.0,13.669999999999987,153.0,45.0,32.0410614680605,146.0,159.67,198,108.0,112.0,0.55
07:32:31,146.0,108.0,158.1,29.0,144.0,91.0,351.08,36.0,12.099999999999994,199.0,65.0,1.2487673922880094,146.0,158.1,264,134.0,66.0,0.51
07:32:32,146.0,18.0,156.33,18.0,144.0,42.0,158.0,12.0,10.330000000000013,60.0,30.0,1.026586576983309,146.0,156.33,90,30.0,-170.5,0.33
07:32:33,146.0,27.0,152.6,25.0,144.0,63.0,154.1,20.0,6.599999999999994,90.0,45.0,1.6321611440181334,146.0,152.6,135,45.0,45.0,0.33
07:32:34,145.62,37.0,151.55,33.0,143.99,71.0,153.0,22.0,5.930000000000007,108.0,55.0,1.802617541255869,145.62,151.55,163,53.0,28.0,0.33
07:32:35,144.08,53.0,149.78,32.0,143.8,35.0,152.48,23.0,5.699999999999989,88.0,55.0,2.0449034207131227,144.08,149.78,143,33.0,-20.0,0.23
07:32:36,144.07,28.0,145.77,31.0,143.55,31.0,146.97,29.0,1.700000000000017,59.0,60.0,2.3740577078169984,144.07,145.77,119,-1.0,-24.0,-0.01
07:32:37,141.0,16.0,144.12,17.0,139.78,27.0,145.23,13.0,3.1200000000000045,43.0,30.0,2.7551079833731764,141.0,144.12,73,13.0,-46.0,0.18
07:32:38,141.0,14.0,143.4,15.0,140.0,15.0,144.31,13.0,2.4000000000000057,29.0,28.0,2.753819166184981,141.0,143.4,57,1.0,-16.0,0.02
07:32:39,140.4,25.0,142.56,27.0,139.33,45.0,143.55,29.0,2.1599999999999966,70.0,56.0,2.256417514567919,140.4,142.56,126,14.0,69.0,0.11
07:32:40,140.78,54.0,250.74,39.0,133.54,52.0,257.76,34.0,109.96000000000001,106.0,73.0,23.723989546449417,140.78,250.74,179,33.0,53.0,0.18
07:32:41,140.08,50.0,257.0,44.0,121.55,22.0,584.36,33.0,116.91999999999999,72.0,77.0,30.181595716595787,140.08,257.0,149,-5.0,-30.0,-0.03
07:32:44,140.17,58.0,282.33,27.0,139.47,15.0,434.33,27.0,142.16,73.0,54.0,126.76271683740431,140.17,282.33,127,19.0,33.0,0.15
07:32:45,145.0,16.0,282.0,24.0,144.0,50.0,283.0,24.0,137.0,66.0,48.0,123.58464759022434,145.0,282.0,114,18.0,-13.0,0.16
07:32:46,145.0,24.0,279.58,36.0,144.0,85.0,450.0,36.0,134.57999999999998,109.0,72.0,120.99685479383315,145.0,279.58,181,37.0,67.0,0.2
07:32:47,145.0,20.0,276.8,30.0,144.0,70.0,416.06,34.0,131.8,90.0,64.0,81.28067710101816,145.0,276.8,154,26.0,-27.0,0.17
07:32:48,145.0,12.0,257.0,18.0,144.0,42.0,495.67,18.0,112.0,54.0,36.0,5.0160213316932385,145.0,257.0,90,18.0,-64.0,0.2
07:32:49,144.31,48.0,229.17,36.0,143.73,45.0,310.81,43.0,84.85999999999999,93.0,79.0,11.286792281246473,144.31,229.16999999999996,172,14.0,82.0,0.08
07:32:50,142.2,75.0,220.16,31.0,142.05,20.0,267.67,36.0,77.96000000000001,95.0,67.0,14.039441584336945,142.2,220.16,162,28.0,-10.0,0.17
07:32:51,141.0,68.0,197.0,20.0,140.0,10.0,198.0,40.0,56.0,78.0,60.0,16.48447390728669,141.0,197.0,138,18.0,-24.0,0.13
07:32:52,141.0,20.0,196.06,18.0,140.0,10.0,223.3,27.0,55.06,30.0,45.0,13.528307359016564,141.0,196.06,75,-15.0,-63.0,-0.2
07:32:53,141.0,14.0,191.29,14.0,140.0,7.0,195.0,7.0,50.28999999999999,21.0,21.0,9.083706292038872,141.0,191.29,42,0.0,-33.0,0.0
07:32:54,142.36,33.0,271.3,40.0,140.33,18.0,159.86,21.0,128.94,51.0,61.0,16.97098494490005,142.36,271.3,112,-10.0,70.0,-0.09
07:32:56,144.33,18.0,317.02,41.0,140.89,27.0,398.8,25.0,172.68999999999997,45.0,66.0,82.72109869918307,144.33,317.02,111,-21.0,7.0,-0.19
07:32:57,141.0,10.0,378.0,20.0,140.0,5.0,482.0,25.0,237.0,15.0,45.0,76.11047516603726,141.0,378.0,60,-30.0,-51.0,-0.5
07:33:01,142.0,18.0,428.67,24.0,136.5,18.0,430.0,30.0,286.67,36.0,54.0,47.223446824643425,142.0,428.67,90,-18.0,-8.0,-0.2
07:33:02,138.22,36.0,327.0,44.0,124.31,36.0,360.09,46.0,188.78,72.0,90.0,55.56475123673217,138.22,327.0,162,-18.0,72.0,-0.11
07:33:03,143.03,31.0,237.0,40.0,139.49,37.0,278.1,40.0,93.97,68.0,80.0,70.85046965264206,143.03,237.0,148,-12.0,-14.0,-0.08
07:33:12,147.0,110.0,148.0,44.0,146.0,83.0,380.67,43.0,1.0,193.0,87.0,1.6219186169643787,147.0,148.0,280,106.0,26.0,0.38
07:33:13,147.0,63.0,148.0,36.0,146.0,81.0,391.82,44.0,1.0,144.0,80.0,1.0462695637627009,147.0,148.0,224,64.0,-56.0,0.29
07:33:14,147.0,60.0,194.27,55.0,146.0,106.0,307.62,52.0,47.27000000000001,166.0,107.0,10.1143007667388,147.0,194.27,273,59.0,49.0,0.22
07:33:15,146.05,88.0,247.43,46.0,145.54,26.0,274.44,59.0,101.38,114.0,105.0,21.779724516165174,146.05,247.43,219,9.0,-54.0,0.04
07:33:16,146.0,70.0,194.81,26.0,145.0,10.0,201.14,28.0,48.81,80.0,54.0,20.42542239465424,146.0,194.81,134,26.0,-85.0,0.19
07:33:17,146.0,84.0,197.33,60.0,145.0,12.0,315.15,46.0,51.33000000000001,96.0,106.0,17.428250055586172,146.0,197.33,202,-10.0,68.0,-0.05
07:33:18,146.0,61.0,196.45,55.0,145.0,11.0,357.1,29.0,50.44999999999999,72.0,84.0,11.528730632642775,146.0,196.45,156,-12.0,-46.0,-0.08
07:33:19,146.0,30.0,193.94,35.0,145.0,10.0,218.42,33.0,47.94,40.0,68.0,11.612173353857408,146.0,193.94,108,-28.0,-48.0,-0.26
07:33:20,143.66,56.0,191.15,65.0,141.8,50.0,193.0,26.0,47.49000000000001,106.0,91.0,1.664205516166959,143.66,191.15,197,15.0,89.0,0.08
07:33:21,143.0,84.0,189.25,60.0,141.0,72.0,193.0,24.0,46.25,156.0,84.0,2.4224574299750237,143.0,189.25,240,72.0,43.0,0.3
07:33:22,145.81,32.0,187.11,27.0,143.3,30.0,188.18,57.0,41.30000000000001,62.0,84.0,2.2519258424828363,145.81,187.11,146,-22.0,-94.0,-0.15
07:33:23,143.55,66.0,185.3,33.0,141.21,58.0,187.7,73.0,41.75,124.0,106.0,2.0392719289106975,143.55,185.3,230,18.0,84.0,0.08
07:33:24,143.12,34.0,181.7,40.0,141.33,72.0,182.7,53.0,38.579999999999984,106.0,93.0,1.9733296734312678,143.12,181.7,199,13.0,-31.0,0.07
07:33:25,144.0,9.0,174.55,33.0,143.0,27.0,179.36,36.0,30.55000000000001,36.0,69.0,2.969634657671814,144.0,174.55,105,-33.0,-94.0,-0.31
07:33:26,144.0,19.0,174.45,67.0,143.0,51.0,179.35,69.0,30.44999999999999,70.0,136.0,3.180554983025234,144.0,174.45,206,-66.0,101.0,-0.32
07:33:27,143.21,42.0,173.2,56.0,141.24,75.0,174.85,48.0,29.98999999999998,117.0,104.0,2.6075716672889118,143.21,173.2,221,13.0,15.0,0.06
07:33:28,143.0,48.0,170.47,60.0,141.0,96.0,171.72,36.0,27.47,144.0,96.0,2.0847829623366216,143.0,170.47,240,48.0,19.0,0.2
07:33:29,141.82,51.0,164.64,56.0,140.74,57.0,165.93,40.0,22.819999999999993,108.0,96.0,2.513964995788604,141.82,164.64000000000001,204,12.0,-36.0,0.06
07:33:30,141.0,54.0,160.29,31.0,140.0,27.0,161.97,37.0,19.289999999999992,81.0,68.0,3.5816364974759125,141.0,160.29,149,13.0,-55.0,0.09
07:33:31,141.0,84.0,156.77,56.0,139.27,110.0,158.16,50.0,15.77000000000001,194.0,106.0,3.941725510490661,141.0,156.77,300,88.0,151.0,0.29
07:33:32,143.86,126.0,152.26,47.0,140.7,60.0,152.94,49.0,8.399999999999977,186.0,96.0,3.5272439666195625,143.86,152.26,282,90.0,-18.0,0.32
07:33:33,145.07,90.0,149.0,33.0,142.23,78.0,151.61,31.0,3.930000000000007,168.0,64.0,2.4377140931732257,145.07,149.0,232,104.0,-50.0,0.45
07:33:34,145.36,44.0,147.08,36.0,144.3,77.0,165.89,46.0,1.7199999999999989,121.0,82.0,1.7152754880940464,145.36,147.08,203,39.0,-29.0,0.19
07:33:35,145.4,75.0,276.0,23.0,143.53,68.0,308.63,57.0,130.6,143.0,80.0,28.260656751039036,145.4,276.0,223,63.0,20.0,0.28
07:33:36,145.0,54.0,293.44,9.0,143.0,45.0,381.22,27.0,148.44,99.0,36.0,37.294197672024524,145.0,293.44,135,63.0,-88.0,0.47
07:33:37,145.0,30.0,293.0,5.0,143.0,25.0,377.8,15.0,148.0,55.0,20.0,38.321488488836536,145.0,293.0,75,35.0,-60.0,0.47
07:33:38,145.0,66.0,293.0,11.0,143.0,55.0,371.0,39.0,148.0,121.0,50.0,31.851997111641555,145.0,293.0,171,71.0,96.0,0.42
07:33:39,145.0,66.0,290.82,11.0,143.0,55.0,367.73,33.0,145.82,121.0,44.0,3.650641039600108,145.0,290.82,165,77.0,-6.0,0.47
07:33:40,145.0,63.0,290.0,11.0,143.0,55.0,355.11,35.0,145.0,118.0,46.0,0.7686221438468045,145.0,290.0,164,72.0,-1.0,0.44
07:33:41,143.6,30.0,284.9,31.0,141.35,85.0,580.29,28.0,141.29999999999998,115.0,59.0,1.950992055343193,143.6,284.9,174,56.0,10.0,0.32
07:33:42,144.82,33.0,261.0,28.0,142.29,28.0,289.0,7.0,116.18,61.0,35.0,6.616186968338655,144.82,261.0,96,26.0,-78.0,0.27
07:33:43,145.0,40.0,259.31,26.0,143.0,24.0,385.86,14.0,114.31,64.0,40.0,7.81529781902241,145.0,259.31,104,24.0,8.0,0.23
07:33:44,144.83,36.0,288.12,8.0,142.5,28.0,468.78,27.0,143.29,64.0,35.0,7.517125115362695,144.83,288.12,99,29.0,-5.0,0.29
07:33:45,143.0,37.0,155.11,27.0,141.0,91.0,165.79,28.0,12.110000000000014,128.0,55.0,27.55323302264229,143.0,155.11,183,73.0,84.0,0.4
07:33:46,143.0,9.0,259.0,10.0,141.0,63.0,655.41,27.0,116.0,72.0,37.0,26.07322668946111,143.0,259.0,109,35.0,-74.0,0.32
07:33:47,142.75,32.0,286.11,9.0,140.91,45.0,570.0,27.0,143.36,77.0,36.0,27.492428594069782,142.75,286.11,113,41.0,4.0,0.36
07:33:48,141.67,36.0,285.4,10.0,140.4,40.0,441.28,32.0,143.73,76.0,42.0,28.516266410594923,141.67,285.4,118,34.0,5.0,0.29
07:33:49,141.0,36.0,274.71,17.0,140.0,36.0,354.67,24.0,133.70999999999998,72.0,41.0,27.426540613063572,141.0,274.71,113,31.0,-5.0,0.27
07:33:50,141.06,17.0,271.0,18.0,140.17,24.0,283.0,6.0,129.94,41.0,24.0,5.550136935249261,141.06,271.0,65,17.0,-48.0,0.26
07:33:51,141.0,10.0,160.5,8.0,140.0,20.0,215.0,19.0,19.5,30.0,27.0,26.94369165500571,141.0,160.5,57,3.0,-8.0,0.05
07:33:52,141.0,8.0,160.0,4.0,140.0,16.0,219.0,16.0,19.0,24.0,20.0,32.167443479394386,141.0,160.0,44,4.0,-13.0,0.09
07:33:53,147.0,42.0,160.0,7.0,141.57,14.0,219.0,28.0,13.0,56.0,35.0,30.349755023723667,147.0,160.0,91,21.0,47.0,0.23
07:33:54,147.0,42.0,159.0,7.0,145.0,14.0,219.86,28.0,12.0,56.0,35.0,24.22728688896153,147.0,159.0,91,21.0,0.0,0.23
07:33:55,147.0,48.0,158.0,8.0,145.0,16.0,416.54,26.0,11.0,64.0,34.0,1.350925608630633,147.0,158.0,98,30.0,7.0,0.31
07:33:56,147.0,62.0,163.87,31.0,145.0,22.0,213.29,42.0,16.870000000000005,84.0,73.0,1.782054993554774,147.0,163.87,157,11.0,59.0,0.07
07:33:57,147.0,31.0,163.0,21.0,145.0,14.0,165.0,28.0,16.0,45.0,49.0,1.2758213041225563,147.0,163.0,94,-4.0,-63.0,-0.04
07:34:06,147.0,23.0,269.41,39.0,144.15,26.0,305.82,34.0,122.41000000000003,49.0,73.0,25.991592294433357,147.0,269.41,122,-24.0,-59.0,-0.2
07:34:09,142.51,35.0,194.75,32.0,134.8,60.0,196.68,38.0,52.24000000000001,95.0,70.0,21.62950253704507,142.51,194.75,165,25.0,31.0,0.15
07:34:12,145.64,22.0,187.0,36.0,142.94,17.0,191.69,39.0,41.360000000000014,39.0,75.0,2.0786606264713408,145.64,187.0,114,-36.0,-12.0,-0.32
07:34:13,146.0,30.0,188.0,33.0,140.44,45.0,190.27,37.0,42.0,75.0,70.0,2.193269249326747,146.0,188.0,145,5.0,31.0,0.03
07:34:15,142.0,9.0,180.85,34.0,140.0,81.0,182.24,34.0,38.849999999999994,90.0,68.0,3.2833930620691913,142.0,180.85,158,22.0,-58.0,0.14
07:34:16,144.2,30.0,176.74,47.0,142.94,17.0,177.65,55.0,32.54000000000002,47.0,102.0,3.0917745713498674,144.2,176.74,149,-55.0,-9.0,-0.37
07:34:17,145.0,33.0,173.32,38.0,144.0,22.0,174.59,39.0,28.319999999999993,55.0,77.0,3.5479219269942766,145.0,173.32,132,-22.0,-17.0,-0.17
07:34:18,145.0,33.0,170.77,43.0,144.0,22.0,172.65,34.0,25.77000000000001,55.0,77.0,3.2233259220947956,145.0,170.77,132,-22.0,0.0,-0.17
07:34:19,145.0,39.0,166.15,47.0,144.0,26.0,167.5,44.0,21.150000000000006,65.0,91.0,2.294704774050482,145.0,166.15,156,-26.0,24.0,-0.17
07:34:20,145.0,51.0,161.08,52.0,144.0,34.0,162.53,58.0,16.080000000000013,85.0,110.0,2.9562019552208296,145.0,161.07999999999998,195,-25.0,39.0,-0.13
07:34:21,145.0,39.0,154.48,33.0,144.0,26.0,155.25,36.0,9.47999999999999,65.0,69.0,3.7882608146817507,145.0,154.48,134,-4.0,-61.0,-0.03
07:34:22,142.31,29.0,148.57,37.0,140.12,67.0,149.62,24.0,6.259999999999991,96.0,61.0,4.898579385909309,142.31,148.57,157,35.0,23.0,0.22
07:34:23,141.02,41.0,143.28,39.0,130.0,70.0,144.95,59.0,2.259999999999991,111.0,98.0,5.4647387860773735,141.02,143.28,209,13.0,52.0,0.06
07:34:24,137.14,56.0,141.0,44.0,79.88,34.0,402.53,38.0,3.8600000000000136,90.0,82.0,5.626888127558737,137.14,141.0,172,8.0,-37.0,0.05
07:34:26,117.75,32.0,202.57,28.0,98.15,26.0,384.66,35.0,84.82,58.0,63.0,21.380379556969256,117.75,202.57,121,-5.0,13.0,-0.04
07:34:38,145.35,95.0,219.06,67.0,144.45,31.0,220.55,73.0,73.71000000000001,126.0,140.0,6.323805816122524,145.35,219.06,266,-14.0,169.5,-0.05
07:34:39,145.0,224.0,213.9,59.0,142.0,32.0,215.19,62.0,68.9,256.0,121.0,3.1522024046725727,145.0,213.9,377,135.0,111.0,0.36
07:34:40,145.0,196.0,195.51,59.0,142.0,28.0,201.83,52.0,50.50999999999999,224.0,111.0,6.4796234458513675,145.0,195.51,335,113.0,-42.0,0.34
07:34:41,145.0,122.0,187.2,40.0,144.0,10.0,210.0,50.0,42.19999999999999,132.0,90.0,8.190497542886561,145.0,187.2,222,42.0,-113.0,0.19
07:34:42,145.0,132.0,185.19,48.0,144.0,11.0,188.68,44.0,40.19,143.0,92.0,7.798292761882886,145.0,185.18999999999997,235,51.0,13.0,0.22
07:34:43,145.0,180.0,180.71,48.0,144.0,30.0,181.59,59.0,35.71000000000001,210.0,107.0,6.556830026776597,145.0,180.71,317,103.0,82.0,0.32
07:34:44,145.34,96.0,177.34,67.0,145.0,74.0,178.64,64.0,32.0,170.0,131.0,3.417576626799036,145.34,177.34,301,39.0,-16.0,0.13
07:34:45,146.67,24.0,170.31,55.0,144.57,21.0,171.16,45.0,23.640000000000015,45.0,100.0,3.034836074658001,146.67,170.30999999999997,145,-55.0,-156.0,-0.38
07:34:49,143.74,19.0,148.6,30.0,141.92,65.0,152.41,22.0,4.859999999999985,84.0,52.0,5.0458814889032455,143.74,148.6,136,32.0,-79.0,0.24
07:34:50,142.0,60.0,145.76,34.0,141.0,48.0,146.85,20.0,3.759999999999991,108.0,54.0,4.870557462966569,142.0,145.76,162,54.0,26.0,0.33
07:34:51,145.69,52.0,198.19,31.0,141.56,36.0,444.25,24.0,52.5,88.0,55.0,11.203993484470459,145.69,198.19,143,33.0,-19.0,0.23
07:34:57,146.15,27.0,182.93,30.0,142.98,51.0,287.33,60.0,36.78,78.0,90.0,48.86457940062512,146.15,182.93,168,-12.0,132.0,-0.07
07:34:58,144.16,37.0,182.0,14.0,141.7,40.0,339.0,28.0,37.84,77.0,42.0,34.43759254071076,144.16,182.0,119,35.0,-49.0,0.29
07:34:59,142.0,47.0,181.11,18.0,141.0,36.0,213.4,20.0,39.110000000000014,83.0,38.0,18.36546432846263,142.0,181.11,121,45.0,2.0,0.37
07:35:00,142.13,30.0,179.35,34.0,141.13,60.0,181.24,34.0,37.22,90.0,68.0,12.726271252807745,142.13,179.35,158,22.0,37.0,0.14
07:35:01,143.0,14.0,176.4,20.0,142.0,20.0,181.0,20.0,33.400000000000006,34.0,40.0,1.9144398658737591,143.0,176.4,74,-6.0,-84.0,-0.08
07:35:02,141.05,57.0,173.6,30.0,140.05,86.0,175.87,30.0,32.54999999999998,143.0,60.0,2.152026951515261,141.05,173.6,203,83.0,129.0,0.41
07:35:03,141.0,52.0,169.69,26.0,140.0,78.0,170.85,26.0,28.689999999999998,130.0,52.0,2.5574459916192755,141.0,169.69,182,78.0,-21.0,0.43
07:35:04,141.0,56.0,166.43,28.0,140.0,84.0,169.43,28.0,25.430000000000007,140.0,56.0,2.9267439245774454,141.0,166.43,196,84.0,14.0,0.43
07:35:05,141.0,52.0,163.32,25.0,140.0,78.0,165.77,26.0,22.319999999999993,130.0,51.0,2.968947625010024,141.0,163.32,181,79.0,-15.0,0.44
07:35:06,141.0,54.0,158.05,22.0,140.0,90.0,159.24,25.0,17.05000000000001,144.0,47.0,2.9877466425476427,141.0,158.05,191,97.0,10.0,0.51
07:35:07,146.89,36.0,152.39,31.0,143.27,44.0,154.23,35.0,5.5,80.0,66.0,2.5427996382051576,146.89,152.39,146,14.0,-45.0,0.1
07:35:08,146.0,21.0,149.3,20.0,141.96,50.0,150.31,29.0,3.3000000000000114,71.0,49.0,2.391428443432485,146.0,149.3,120,22.0,-26.0,0.18
07:35:09,145.0,22.0,148.45,22.0,141.0,22.0,149.73,22.0,3.4499999999999886,44.0,44.0,2.09421823124033,145.0,148.45,88,0.0,-32.0,0.0
07:35:10,141.0,22.0,146.28,29.0,140.0,55.0,148.85,26.0,5.280000000000001,77.0,55.0,2.4573624071473743,141.0,146.28,132,22.0,44.0,0.17
07:35:11,141.0,19.0,145.93,27.0,140.0,65.0,187.12,40.0,4.930000000000007,84.0,67.0,2.658727139076582,141.0,145.93,151,17.0,19.0,0.11
07:35:12,140.47,15.0,145.09,22.0,135.37,83.0,289.06,32.0,4.6200000000000045,98.0,54.0,2.182629148541681,140.47,145.09,152,44.0,1.0,0.29
07:35:13,141.27,48.0,144.25,24.0,132.62,78.0,467.09,46.0,2.9799999999999898,126.0,70.0,1.6447431410602522,141.27,144.25,196,56.0,44.0,0.29
07:35:14,141.41,34.0,396.2,40.0,134.0,32.0,623.0,50.0,254.79,66.0,90.0,56.1937781253409,141.41,396.2,156,-24.0,-40.0,-0.15
07:35:15,142.27,33.0,433.27,30.0,140.0,9.0,511.03,39.0,291.0,42.0,69.0,74.40450140952503,142.27,433.2699999999999,111,-27.0,-45.0,-0.24
07:35:16,143.75,24.0,410.71,21.0,140.67,12.0,476.22,27.0,266.96,36.0,48.0,74.33795026767947,143.75,410.71,84,-12.0,-27.0,-0.14
07:35:17,144.67,15.0,336.85,13.0,143.95,41.0,423.56,39.0,192.18000000000004,56.0,52.0,58.93681218050368,144.67,336.85,108,4.0,24.0,0.04
07:35:24,145.13,67.0,233.15,39.0,144.43,56.0,334.0,32.0,88.02000000000001,123.0,71.0,13.520822090392251,145.13,233.15,194,52.0,-26.0,0.27
07:35:25,145.79,76.0,335.0,22.0,144.53,60.0,399.36,33.0,189.21,136.0,55.0,32.64068856504144,145.79,335.0,191,81.0,-3.0,0.42
07:35:29,146.22,27.0,265.61,56.0,144.47,47.0,266.71,35.0,119.39000000000001,74.0,91.0,14.878419942990975,146.22,265.61,165,-17.0,-23.0,-0.1
07:35:30,145.0,88.0,262.17,52.0,144.0,198.0,264.2,25.0,117.17000000000002,286.0,77.0,8.144260555753373,145.0,262.17,363,209.0,169.5,0.58
07:35:31,145.0,56.0,260.48,23.0,144.0,126.0,261.69,26.0,115.48000000000002,182.0,49.0,2.4175255944881235,145.0,260.48,231,133.0,-132.0,0.58
07:35:32,145.51,78.0,248.37,49.0,144.18,220.0,258.24,41.0,102.86000000000001,298.0,90.0,4.040201727637838,145.51,248.37000000000003,388,208.0,157.0,0.54
07:35:33,144.14,84.0,180.7,30.0,143.76,164.0,212.0,33.0,36.56,248.0,63.0,18.13581952931873,144.14,180.7,311,185.0,-77.0,0.59
07:35:34,145.0,9.0,177.89,27.0,144.0,162.0,180.0,45.0,32.889999999999986,171.0,72.0,21.603714495429465,145.0,177.89,243,99.0,-68.0,0.41
07:35:35,144.11,94.0,172.1,52.0,143.71,210.0,173.42,55.0,27.98999999999998,304.0,107.0,21.6205531844132,144.11,172.09999999999997,411,197.0,168.0,0.48
07:35:36,144.0,182.0,167.41,37.0,142.0,80.0,169.27,51.0,23.409999999999997,262.0,88.0,16.993834175960714,144.0,167.41,350,174.0,-61.0,0.5
07:35:37,144.0,154.0,159.67,46.0,142.0,100.0,161.29,49.0,15.669999999999987,254.0,95.0,4.31756876031644,144.0,159.67,349,159.0,-1.0,0.46
07:35:38,144.0,99.0,151.14,35.0,142.0,90.0,152.45,33.0,7.139999999999986,189.0,68.0,5.402305063587573,144.0,151.14,257,121.0,-92.0,0.47
07:35:39,144.0,154.0,147.26,57.0,142.0,150.0,148.87,45.0,3.259999999999991,304.0,102.0,5.26446293557734,144.0,147.26,406,202.0,149.0,0.5
07:35:40,144.0,18.0,145.0,24.0,142.0,30.0,147.0,12.0,1.0,48.0,36.0,4.65284536601752,144.0,145.0,84,12.0,-170.5,0.14
07:35:41,142.59,27.0,144.81,16.0,141.87,23.0,147.79,19.0,2.219999999999999,50.0,35.0,3.2460699314822965,142.59,144.81,85,15.0,1.0,0.18
07:35:42,142.04,27.0,143.07,27.0,141.45,11.0,147.33,15.0,1.0300000000000011,38.0,42.0,1.915664375634616,142.04,143.07,80,-4.0,-5.0,-0.05
07:35:43,140.5,42.0,142.86,28.0,134.86,36.0,152.0,17.0,2.3600000000000136,78.0,45.0,1.5578767602339105,140.5,142.86,123,33.0,43.0,0.27
07:35:44,140.0,34.0,141.5,12.0,100.86,28.0,147.0,13.0,1.5,62.0,25.0,1.5069240193447175,140.0,141.5,87,37.0,-36.0,0.43
07:35:45,140.0,16.0,142.0,8.0,105.0,13.0,158.0,8.0,2.0,29.0,16.0,1.2092642391466193,140.0,142.0,45,13.0,-42.0,0.29
07:35:46,140.0,20.0,230.4,10.0,120.0,20.0,330.0,6.0,90.4,40.0,16.0,19.556937899376493,140.0,230.4,56,24.0,11.0,0.43
07:35:47,143.87,31.0,363.0,18.0,131.07,28.0,743.56,9.0,219.13,59.0,27.0,49.14957151390073,143.87,363.0,86,32.0,30.0,0.37
07:36:01,145.67,21.0,162.06,34.0,141.29,141.0,164.33,30.0,16.390000000000015,162.0,64.0,16.68776258220498,145.67,162.06,226,98.0,132.0,0.43
07:36:02,141.23,104.0,156.91,32.0,140.3,115.0,158.31,26.0,15.680000000000007,219.0,58.0,11.13796660077819,141.23,156.91,277,161.0,51.0,0.58
07:36:03,146.0,9.0,153.43,21.0,141.13,63.0,154.25,24.0,7.430000000000007,72.0,45.0,5.432519673232387,146.0,153.43,117,27.0,-160.0,0.23
07:36:04,142.47,68.0,151.23,26.0,141.55,104.0,152.12,34.0,8.759999999999991,172.0,60.0,5.120260735554371,142.47,151.23,232,112.0,115.0,0.48
07:36:05,145.57,74.0,149.6,30.0,141.88,187.0,150.69,26.0,4.030000000000001,261.0,56.0,2.7345255530095796,145.57,149.6,317,205.0,85.0,0.65
07:36:06,142.49,98.0,150.0,24.0,141.51,118.0,152.8,20.0,7.509999999999991,216.0,44.0,1.4667140144090414,142.49,150.0,260,172.0,-57.0,0.66
07:36:07,142.0,150.0,149.21,14.0,141.0,120.0,176.22,18.0,7.210000000000008,270.0,32.0,1.5824569504617132,142.0,149.21,302,238.0,42.0,0.79
07:36:08,142.0,105.0,145.33,15.0,141.0,84.0,178.5,16.0,3.3300000000000125,189.0,31.0,1.4880356178753964,142.0,145.33,220,158.0,-82.0,0.72
07:36:09,142.0,149.0,143.24,46.0,141.0,120.0,159.94,17.0,1.240000000000009,269.0,63.0,1.9934718458174108,142.0,143.24,332,206.0,112.0,0.62
07:36:10,142.0,72.0,143.0,30.0,141.0,72.0,398.53,17.0,1.0,144.0,47.0,1.7169071029230702,142.0,143.0,191,97.0,-141.0,0.51
07:36:11,142.0,92.0,143.0,50.0,141.0,120.0,269.0,17.0,1.0,212.0,67.0,1.3400932803609,142.0,143.0,279,145.0,88.0,0.52
07:36:12,142.0,53.0,159.14,28.0,141.0,84.0,366.0,16.0,17.139999999999986,137.0,44.0,3.4995099657048234,142.0,159.14000000000001,181,93.0,-98.0,0.51
07:36:13,142.0,10.0,209.0,5.0,141.0,60.0,336.0,10.0,67.0,70.0,15.0,14.27249172359405,142.0,209.0,85,55.0,-96.0,0.65
07:36:14,142.86,14.0,209.0,7.0,141.03,74.0,326.54,13.0,66.13999999999999,88.0,20.0,17.041418661603664,142.86,209.0,108,68.0,23.0,0.63
07:36:15,141.76,37.0,209.0,5.0,140.62,13.0,376.0,10.0,67.24000000000001,50.0,15.0,16.176304584176403,141.76,209.0,65,35.0,-43.0,0.54
07:36:16,141.0,143.0,207.6,57.0,140.0,40.0,308.38,16.0,66.6,183.0,73.0,11.065822608375743,141.0,207.6,256,110.0,169.5,0.43
07:36:17,141.0,57.0,205.55,55.0,140.0,55.0,292.29,14.0,64.55000000000001,112.0,69.0,1.079967592122411,141.0,205.55,181,43.0,-75.0,0.24
07:36:18,140.71,51.0,204.29,35.0,119.43,56.0,272.92,26.0,63.579999999999984,107.0,61.0,1.4248964874808725,140.71,204.29,168,46.0,-13.0,0.27
07:36:22,140.6,75.0,201.72,39.0,136.32,31.0,227.69,51.0,61.120000000000005,106.0,90.0,8.231323101424241,140.6,201.72,196,16.0,112.0,0.08
07:36:23,114.35,69.0,199.14,64.0,92.24,87.0,200.31,48.0,84.78999999999999,156.0,112.0,9.755874127931547,114.35,199.14,268,44.0,72.0,0.16
07:36:24,132.05,19.0,197.16,43.0,104.0,32.0,198.56,45.0,65.10999999999999,51.0,88.0,8.8207199252695,132.05,197.15999999999997,139,-37.0,-129.0,-0.27
07:36:25,133.92,24.0,197.0,24.0,113.0,12.0,198.0,36.0,63.08000000000001,36.0,60.0,7.1140480740605,133.92,197.0,96,-24.0,-43.0,-0.25
07:36:26,137.7,20.0,196.5,24.0,130.06,17.0,197.69,26.0,58.80000000000001,37.0,50.0,5.266543458478818,137.7,196.5,87,-13.0,-9.0,-0.15
07:36:27,135.57,23.0,170.02,45.0,123.8,20.0,195.8,35.0,34.45000000000002,43.0,80.0,6.227106069439526,135.57,170.02,123,-37.0,36.0,-0.3
07:36:28,143.92,99.0,191.88,66.0,139.65,20.0,194.27,33.0,47.96000000000001,119.0,99.0,6.165871390164403,143.92,191.88,218,20.0,95.0,0.09
07:36:29,144.0,55.0,190.57,35.0,141.0,42.0,191.73,33.0,46.56999999999999,97.0,68.0,6.391038256812991,144.0,190.57,165,29.0,-53.0,0.18
07:36:30,144.0,12.0,189.7,30.0,141.0,50.0,191.0,50.0,45.69999999999999,62.0,80.0,6.493953341382035,144.0,189.7,142,-18.0,-23.0,-0.13
07:36:31,145.5,12.0,173.39,44.0,141.75,24.0,178.96,27.0,27.889999999999986,36.0,71.0,6.596357328105321,145.5,173.39,107,-35.0,-35.0,-0.33
07:36:32,147.0,7.0,158.33,15.0,144.0,7.0,160.28,29.0,11.330000000000013,14.0,44.0,6.642187139794303,147.0,158.33,58,-30.0,-49.0,-0.52
07:36:33,137.89,127.0,153.88,51.0,119.32,94.0,159.62,65.0,15.990000000000009,221.0,116.0,9.230997779224866,137.89,153.88,337,105.0,169.5,0.31
07:36:34,139.0,108.0,151.42,26.0,118.25,60.0,155.53,30.0,12.419999999999987,168.0,56.0,9.213040757538199,139.0,151.42,224,112.0,-113.0,0.5
07:36:35,139.0,162.0,145.67,30.0,96.87,61.0,212.8,25.0,6.6699999999999875,223.0,55.0,6.908858082206225,139.0,145.67,278,168.0,54.0,0.6
07:36:36,139.0,50.0,144.83,6.0,119.0,10.0,709.0,5.0,5.8300000000000125,60.0,11.0,4.314403782687812,139.0,144.83,71,49.0,-170.5,0.69
07:36:37,139.0,80.0,142.57,14.0,101.26,23.0,290.12,8.0,3.569999999999993,103.0,22.0,2.2065629381628984,139.0,142.57,125,81.0,54.0,0.65
07:36:38,139.0,95.0,141.25,16.0,113.67,18.0,356.0,10.0,2.25,113.0,26.0,1.9615376621608887,139.0,141.25,139,87.0,14.0,0.63
07:36:42,144.67,12.0,225.57,7.0,141.78,27.0,361.86,7.0,80.9,39.0,14.0,80.09374988099863,144.67,225.57,53,25.0,-37.0,0.47
07:36:43,144.0,12.0,210.0,6.0,140.0,18.0,326.5,6.0,66.0,30.0,12.0,71.7487681427351,144.0,210.0,42,18.0,-11.0,0.43
07:36:44,144.0,30.0,249.27,15.0,140.0,27.0,284.2,15.0,105.27000000000001,57.0,30.0,61.49179172865258,144.0,249.27,87,27.0,45.0,0.31
07:36:45,144.0,40.0,180.74,31.0,140.0,30.0,188.47,19.0,36.74000000000001,70.0,50.0,12.7243086256201,144.0,180.74,120,20.0,33.0,0.17
07:36:46,144.0,28.0,168.08,26.0,140.0,24.0,206.07,14.0,24.080000000000013,52.0,40.0,16.525258545633573,144.0,168.07999999999998,92,12.0,-28.0,0.13
07:36:47,143.0,12.0,167.0,24.0,139.25,36.0,290.67,6.0,24.0,48.0,30.0,17.567748005935304,143.0,167.0,78,18.0,-14.0,0.23
07:36:48,145.05,40.0,167.0,36.0,138.15,67.0,307.78,9.0,21.94999999999999,107.0,45.0,17.80370270477604,145.05,167.0,152,62.0,74.0,0.41
07:36:49,147.0,50.0,166.2,40.0,139.0,80.0,283.5,10.0,19.19999999999999,130.0,50.0,2.942918619340509,147.0,166.2,180,80.0,28.0,0.44
07:36:50,147.0,16.0,165.0,32.0,144.04,50.0,324.25,8.0,18.0,66.0,40.0,0.5789473206284217,147.0,165.0,106,26.0,-74.0,0.25
07:36:51,141.93,45.0,164.23,26.0,130.68,79.0,180.55,44.0,22.299999999999983,124.0,70.0,1.3894675239326981,141.93,164.23,194,54.0,88.0,0.28
07:36:52,139.0,40.0,162.0,8.0,98.37,27.0,163.0,32.0,23.0,67.0,40.0,2.5980993052739456,139.0,162.0,107,27.0,-87.0,0.25
07:36:53,139.29,42.0,159.51,39.0,118.75,28.0,162.14,21.0,20.22,70.0,60.0,3.2058197079790482,139.29,159.51,130,10.0,23.0,0.08
07:36:54,143.0,46.0,157.75,48.0,140.67,48.0,161.0,12.0,14.75,94.0,60.0,2.6794999533623276,143.0,157.75,154,34.0,24.0,0.22
07:36:55,143.0,12.0,156.67,36.0,141.0,90.0,161.0,9.0,13.669999999999987,102.0,45.0,1.4347891831452062,143.0,156.67,147,57.0,-7.0,0.39
07:36:56,141.02,91.0,153.39,31.0,140.25,40.0,154.03,33.0,12.369999999999976,131.0,64.0,1.3394103180400532,141.02,153.39,195,67.0,48.0,0.34
07:36:57,141.08,118.0,149.23,13.0,140.2,45.0,153.0,65.0,8.149999999999977,163.0,78.0,2.173862921178251,141.08,149.23,241,85.0,46.0,0.35
07:36:58,142.93,140.0,146.72,32.0,141.0,126.0,150.35,43.0,3.789999999999992,266.0,75.0,2.5723957704977787,142.93,146.72,341,191.0,100.0,0.56
07:36:59,143.17,81.0,146.64,25.0,141.0,81.0,166.61,41.0,3.469999999999999,162.0,66.0,2.1597291497028737,143.17,146.64,228,96.0,-113.0,0.42
07:37:00,144.8,50.0,151.27,41.0,141.77,97.0,165.49,53.0,6.469999999999999,147.0,94.0,1.4869532608917944,144.8,151.27,241,53.0,13.0,0.22
07:37:02,145.09,32.0,150.25,24.0,142.31,80.0,264.98,44.0,5.159999999999997,112.0,68.0,1.8999473677119612,145.09,150.25,180,44.0,-4.0,0.24
07:37:05,144.69,29.0,188.48,23.0,141.63,95.0,285.35,37.0,43.78999999999999,124.0,60.0,7.937577086244145,144.69,188.48,184,64.0,116.0,0.35
07:37:06,144.0,51.0,207.42,12.0,141.0,180.0,246.0,18.0,63.41999999999999,231.0,30.0,12.631835575246413,144.0,207.42,261,201.0,77.0,0.77
07:37:07,144.22,9.0,207.0,8.0,141.03,106.0,283.0,8.0,62.78,115.0,16.0,13.20180480086164,144.22,207.0,131,99.0,-130.0,0.76
07:37:08,145.0,20.0,206.4,10.0,144.0,10.0,355.33,18.0,61.400000000000006,30.0,28.0,11.390682595878365,145.0,206.4,58,2.0,-73.0,0.03
07:37:09,145.0,16.0,203.38,8.0,144.0,8.0,322.86,14.0,58.379999999999995,24.0,22.0,3.9535389210224716,145.0,203.38,46,2.0,-12.0,0.04
07:37:10,141.13,124.0,202.0,10.0,140.12,66.0,203.0,10.0,60.870000000000005,190.0,20.0,1.7931341277322703,141.13,202.0,210,170.0,164.0,0.81
07:37:11,142.92,39.0,201.23,13.0,141.0,195.0,202.23,13.0,58.31,234.0,26.0,1.9371551306075439,142.92,201.23,260,208.0,50.0,0.8
07:37:12,143.19,103.0,198.0,10.0,140.84,118.0,199.4,10.0,54.81,221.0,20.0,2.0757360140539243,143.19,198.0,241,201.0,-19.0,0.83
07:37:13,141.0,165.0,194.73,11.0,140.0,108.0,196.27,11.0,53.72999999999999,273.0,22.0,2.3099177474625754,141.0,194.73,295,251.0,54.0,0.85
07:37:14,144.0,64.0,192.25,8.0,141.0,120.0,193.5,8.0,48.25,184.0,16.0,1.9509177327720015,144.0,192.25,200,168.0,-95.0,0.84
07:37:15,145.65,40.0,174.36,22.0,141.86,147.0,192.14,14.0,28.710000000000008,187.0,36.0,4.66172500261947,145.65,174.36,223,151.0,23.0,0.68
07:37:16,147.0,18.0,188.0,9.0,141.0,135.0,189.0,9.0,41.0,153.0,18.0,3.996826240912747,147.0,188.0,171,135.0,-52.0,0.79
07:37:17,141.0,140.0,185.8,10.0,140.0,100.0,187.3,10.0,44.80000000000001,240.0,20.0,3.5675509807220287,141.0,185.8,260,220.0,89.0,0.85
07:37:18,141.0,94.0,181.11,9.0,140.0,90.0,257.86,21.0,40.110000000000014,184.0,30.0,3.6792145901064988,141.0,181.11,214,154.0,-46.0,0.72
07:37:19,141.7,61.0,178.74,19.0,140.35,103.0,206.12,48.0,37.04000000000002,164.0,67.0,3.133004947339645,141.7,178.74,231,97.0,17.0,0.42
07:37:20,145.05,55.0,152.54,37.0,141.24,87.0,166.07,46.0,7.489999999999981,142.0,83.0,6.968319740084963,145.05,152.54,225,59.0,-6.0,0.26
07:37:21,141.54,123.0,144.62,39.0,140.69,45.0,145.47,38.0,3.0800000000000125,168.0,77.0,8.868084347820822,141.54,144.62,245,91.0,20.0,0.37
07:37:22,143.0,138.0,144.42,38.0,141.0,84.0,145.18,44.0,1.4199999999999875,222.0,82.0,8.749615991577594,143.0,144.42,304,140.0,59.0,0.46
07:37:23,141.0,53.0,144.7,40.0,140.0,20.0,211.5,50.0,3.6999999999999886,73.0,90.0,7.3949692359113754,141.0,144.7,163,-17.0,-141.0,-0.1
07:37:24,142.48,48.0,186.45,53.0,141.27,30.0,401.13,47.0,43.97,78.0,100.0,9.210595529067298,142.48,186.44999999999996,178,-22.0,15.0,-0.12
07:37:25,144.0,18.0,203.0,10.0,142.0,12.0,262.41,29.0,59.0,30.0,39.0,14.475682021931386,144.0,203.0,69,-9.0,-109.0,-0.13
07:37:26,144.0,30.0,244.29,34.0,142.0,20.0,274.91,46.0,100.28999999999999,50.0,80.0,21.553140838403422,144.0,244.29000000000002,130,-30.0,61.0,-0.23
07:37:27,144.0,27.0,233.0,9.0,142.0,18.0,438.22,45.0,89.0,45.0,54.0,20.427540968017688,144.0,233.0,99,-9.0,-31.0,-0.09
07:37:28,144.0,33.0,307.55,55.0,142.0,22.0,469.06,47.0,163.55,55.0,102.0,23.560506573501723,144.0,307.55,157,-47.0,58.0,-0.3
07:37:29,144.0,30.0,262.1,50.0,142.0,20.0,431.98,46.0,118.10000000000002,50.0,96.0,19.34513969967669,144.0,262.1,146,-46.0,-11.0,-0.32
07:37:30,144.0,30.0,224.0,20.0,142.0,20.0,263.8,50.0,80.0,50.0,70.0,16.52092400563613,144.0,224.0,120,-20.0,-26.0,-0.17
07:37:31,144.76,38.0,224.0,16.0,143.43,21.0,413.0,40.0,79.24000000000001,59.0,56.0,17.781533960825957,144.76,224.0,115,3.0,-5.0,0.03
07:37:32,145.0,22.0,223.83,24.0,144.0,36.0,423.58,60.0,78.83000000000001,58.0,84.0,18.36131340618116,145.0,223.83,142,-26.0,27.0,-0.18
07:37:33,143.0,15.0,184.41,39.0,141.17,36.0,272.79,24.0,41.41,51.0,63.0,13.918231568702428,143.0,184.41,114,-12.0,-28.0,-0.11
07:37:34,147.0,11.0,180.0,55.0,143.44,25.0,223.0,22.0,33.0,36.0,77.0,11.318291390489797,147.0,180.0,113,-41.0,-1.0,-0.36
07:37:40,145.3,53.0,148.15,26.0,144.84,95.0,149.15,26.0,2.8499999999999943,148.0,52.0,18.152548030512083,145.3,148.15,200,96.0,27.0,0.48
07:37:41,145.0,61.0,147.44,18.0,144.0,27.0,148.44,18.0,2.4399999999999977,88.0,36.0,16.543730836787027,145.0,147.44,124,52.0,-76.0,0.42
07:37:42,144.73,30.0,146.33,24.0,143.0,54.0,164.8,30.0,1.6000000000000227,84.0,54.0,9.279672408014614,144.73,146.33,138,30.0,14.0,0.22
07:37:43,144.62,16.0,146.0,16.0,142.54,37.0,211.35,31.0,1.3799999999999955,53.0,47.0,1.6056462873477226,144.62,146.0,100,6.0,-38.0,0.06
07:37:44,144.38,16.0,213.14,21.0,142.24,51.0,417.93,29.0,68.75999999999999,67.0,50.0,14.684987231865946,144.38,213.14,117,17.0,17.0,0.15
07:37:45,142.22,54.0,443.37,38.0,141.63,43.0,488.15,53.0,301.15,97.0,91.0,63.72437155437494,142.22,443.37000000000006,188,6.0,71.0,0.03
07:37:46,142.75,48.0,441.6,30.0,141.36,22.0,468.71,31.0,298.85,70.0,61.0,75.70058077716442,142.75,441.6,131,9.0,-57.0,0.07
07:37:55,144.73,26.0,265.12,24.0,143.6,42.0,289.38,29.0,120.39000000000001,68.0,53.0,4.950850431995184,144.73,265.12,121,15.0,-8.0,0.12
07:37:56,147.0,14.0,179.4,25.0,144.0,49.0,235.14,21.0,32.400000000000006,63.0,46.0,22.508680103462293,147.0,179.4,109,17.0,-12.0,0.16
07:37:57,146.64,22.0,225.43,42.0,144.63,52.0,226.39,41.0,78.79000000000002,74.0,83.0,22.150416023181293,146.64,225.42999999999998,157,-9.0,48.0,-0.06
07:37:58,144.0,65.0,222.36,42.0,141.0,39.0,223.67,49.0,78.36000000000001,104.0,91.0,19.004740724356527,144.0,222.36,195,13.0,38.0,0.07
07:37:59,144.69,98.0,217.25,44.0,143.07,58.0,218.6,53.0,72.56,156.0,97.0,14.866975818908932,144.69,217.25,253,59.0,58.0,0.23
07:38:00,145.0,74.0,213.28,50.0,144.0,65.0,214.2,49.0,68.28,139.0,99.0,8.933136627189215,145.0,213.28,238,40.0,-15.0,0.17
07:38:01,145.0,55.0,209.94,35.0,144.0,55.0,211.45,40.0,64.94,110.0,75.0,3.3665219440879395,145.0,209.94,185,35.0,-53.0,0.19
07:38:02,145.0,21.0,206.14,35.0,144.0,45.0,207.06,34.0,61.139999999999986,66.0,69.0,2.9633140231889836,145.0,206.14,135,-3.0,-50.0,-0.02
07:38:03,146.55,31.0,203.0,33.0,144.19,31.0,204.67,36.0,56.44999999999999,62.0,69.0,2.543320664019903,146.55,203.0,131,-7.0,-4.0,-0.05
07:38:04,144.69,67.0,186.42,57.0,141.79,53.0,189.27,55.0,41.72999999999999,120.0,112.0,5.283720280260352,144.69,186.42,232,8.0,101.0,0.03
07:38:05,141.44,54.0,179.08,48.0,140.7,60.0,180.42,48.0,37.640000000000015,114.0,96.0,7.443586501145773,141.44,179.08,210,18.0,-22.0,0.09
07:38:06,141.0,55.0,175.68,38.0,140.0,33.0,176.97,37.0,34.68000000000001,88.0,75.0,8.00455307934456,141.0,175.68,163,13.0,-47.0,0.08
07:38:07,140.37,43.0,170.62,52.0,135.95,21.0,171.96,47.0,30.25,64.0,99.0,7.592579930435349,140.37,170.62,163,-35.0,0.0,-0.21
07:38:08,140.0,30.0,163.83,36.0,135.0,10.0,164.86,37.0,23.830000000000013,40.0,73.0,5.123609079550816,140.0,163.83,113,-33.0,-50.0,-0.29
07:38:09,140.0,36.0,159.66,41.0,126.25,12.0,160.52,46.0,19.659999999999997,48.0,87.0,4.334093907618935,140.0,159.66,135,-39.0,22.0,-0.29
07:38:10,140.0,42.0,153.78,51.0,104.82,34.0,156.07,54.0,13.780000000000001,76.0,105.0,4.52722100190207,140.0,153.78,181,-29.0,46.0,-0.16
07:38:11,140.0,33.0,148.85,41.0,111.16,57.0,152.73,41.0,8.849999999999994,90.0,82.0,4.3051620178649435,140.0,148.85,172,8.0,-9.0,0.05
07:38:12,140.4,30.0,145.68,53.0,116.0,42.0,146.95,57.0,5.280000000000001,72.0,110.0,3.6833232277483323,140.4,145.68,182,-38.0,10.0,-0.21
07:38:13,140.0,24.0,143.15,33.0,114.7,60.0,144.39,36.0,3.1500000000000057,84.0,69.0,3.2651692146155726,140.0,143.15,153,15.0,-29.0,0.1
07:38:14,110.96,47.0,140.84,25.0,69.32,47.0,141.89,38.0,29.88000000000001,94.0,63.0,8.321175998624227,110.96,140.84,157,31.0,4.0,0.2
07:38:19,142.28,76.0,191.48,21.0,133.62,71.0,241.8,20.0,49.19999999999999,147.0,41.0,25.871036894568057,142.28,191.48,188,106.0,78.0,0.56
07:38:35,145.28,65.0,169.04,25.0,144.67,72.0,390.33,9.0,23.75999999999999,137.0,34.0,3.3715975442016086,145.28,169.04,171,103.0,-122.0,0.6
07:38:36,145.0,48.0,197.57,21.0,144.0,42.0,386.33,9.0,52.56999999999999,90.0,30.0,9.505246972070779,145.0,197.57000000000002,120,60.0,-51.0,0.5
07:38:42,147.0,81.0,190.44,27.0,144.0,27.0,398.0,27.0,43.44,108.0,54.0,1.6226305802735355,147.0,190.44,162,54.0,-3.0,0.33
07:38:43,147.0,69.0,188.27,33.0,145.0,11.0,613.36,33.0,41.27000000000001,80.0,66.0,1.8287892169521072,147.0,188.27,146,14.0,-16.0,0.1
07:38:44,147.0,36.0,185.48,25.0,145.0,9.0,186.87,23.0,38.47999999999999,45.0,48.0,2.0950894969050555,147.0,185.48,93,-3.0,-53.0,-0.03
07:38:45,147.0,60.0,155.0,27.0,145.0,15.0,172.98,41.0,8.0,75.0,68.0,7.85410083969181,147.0,155.0,143,7.0,50.0,0.05
07:38:46,146.27,49.0,148.87,23.0,143.85,26.0,149.49,53.0,2.5999999999999943,75.0,76.0,10.106640391349352,146.27,148.87,151,-1.0,8.0,-0.01
07:38:47,145.0,42.0,146.81,21.0,144.0,18.0,148.57,23.0,1.8100000000000023,60.0,44.0,10.462762541511719,145.0,146.81,104,16.0,-47.0,0.15
07:38:48,144.25,24.0,146.86,21.0,141.31,81.0,406.3,30.0,2.6100000000000136,105.0,51.0,8.651842000410513,144.25,146.86,156,54.0,52.0,0.35
07:38:49,144.0,24.0,146.58,19.0,141.77,78.0,186.26,19.0,2.5800000000000125,102.0,38.0,2.373935550951984,144.0,146.58,140,64.0,-16.0,0.46
07:38:58,147.0,40.0,162.87,31.0,142.2,40.0,163.94,48.0,15.870000000000005,80.0,79.0,15.322983390972725,147.0,162.87,159,1.0,63.0,0.01
07:39:01,145.9,62.0,160.9,40.0,145.0,43.0,163.0,30.0,15.0,105.0,70.0,8.26892254166513,145.9,160.9,175,35.0,49.0,0.2
07:39:02,145.0,79.0,160.0,40.0,144.0,40.0,163.0,30.0,15.0,119.0,70.0,1.0097920578337078,145.0,160.0,189,49.0,14.0,0.26
07:39:11,144.09,45.0,157.42,12.0,142.75,63.0,339.33,12.0,13.329999999999984,108.0,24.0,2.1821846851410744,144.09,157.42,132,84.0,42.0,0.64
07:39:12,142.0,62.0,156.18,11.0,141.0,33.0,317.18,11.0,14.180000000000007,95.0,22.0,2.7058455240583386,142.0,156.18,117,73.0,-15.0,0.62
07:39:13,142.56,18.0,152.92,37.0,141.05,41.0,225.27,15.0,10.359999999999985,59.0,52.0,2.8658471696985206,142.56,152.92,111,7.0,-6.0,0.06
07:39:14,144.75,32.0,148.45,40.0,142.7,46.0,149.52,27.0,3.6999999999999886,78.0,67.0,2.5908936682294748,144.75,148.45,145,11.0,34.0,0.08
07:39:15,142.68,38.0,145.0,9.0,141.57,35.0,146.0,27.0,2.319999999999993,73.0,36.0,2.61245669822001,142.68,145.0,109,37.0,-36.0,0.34
07:39:16,142.0,37.0,143.46,13.0,141.0,33.0,206.58,19.0,1.460000000000008,70.0,32.0,2.659614633753761,142.0,143.46,102,38.0,-7.0,0.37
07:39:17,144.86,21.0,266.77,13.0,141.35,37.0,521.18,17.0,121.90999999999997,58.0,30.0,27.168688411479483,144.86,266.77,88,28.0,-14.0,0.32
07:39:19,146.67,18.0,217.0,9.0,141.78,27.0,374.89,9.0,70.33000000000001,45.0,18.0,33.93072604587217,146.67,217.0,63,27.0,8.0,0.43
07:39:20,142.0,14.0,255.86,7.0,141.0,21.0,376.0,7.0,113.86000000000001,35.0,14.0,28.617061344589718,142.0,255.85999999999999,49,21.0,-14.0,0.43
07:39:21,142.0,30.0,354.81,16.0,141.0,24.0,598.0,12.0,212.81,54.0,28.0,24.69403733697629,142.0,354.81,82,26.0,33.0,0.32
07:39:22,142.0,85.0,401.44,27.0,141.0,33.0,498.67,27.0,259.44,118.0,54.0,36.570151353254744,142.0,401.44,172,64.0,90.0,0.37
07:39:23,143.56,9.0,192.0,24.0,141.82,17.0,392.21,34.0,48.44,26.0,58.0,44.47919434971787,143.56,192.0,84,-32.0,-88.0,-0.38
07:39:24,141.0,24.0,192.0,27.0,117.0,54.0,314.15,27.0,51.0,78.0,54.0,47.6439363403149,141.0,192.0,132,24.0,48.0,0.18
07:39:25,140.86,21.0,232.0,33.0,108.2,92.0,280.64,33.0,91.13999999999999,113.0,66.0,48.72942817230655,140.86,232.0,179,47.0,47.0,0.26
07:39:26,143.06,33.0,280.0,45.0,142.0,15.0,377.0,15.0,136.94,48.0,60.0,43.64082457974407,143.06,280.0,108,-12.0,-71.0,-0.11
07:39:27,142.0,28.0,280.0,20.0,140.0,4.0,487.25,4.0,138.0,32.0,24.0,22.102741232707114,142.0,280.0,56,8.0,-52.0,0.14
07:39:28,142.23,26.0,280.0,40.0,121.18,22.0,595.4,20.0,137.77,48.0,60.0,20.29760404579807,142.23,280.0,108,-12.0,52.0,-0.11
07:39:31,141.0,48.0,311.55,22.0,140.0,12.0,358.55,22.0,170.55,60.0,44.0,8.507809353762713,141.0,311.55,104,16.0,52.0,0.15
07:39:32,141.0,56.0,293.62,24.0,140.0,14.0,395.6,25.0,152.62,70.0,49.0,8.225365037490462,141.0,293.62,119,21.0,15.0,0.18
07:39:33,141.0,80.0,227.5,16.0,140.0,20.0,343.78,37.0,86.5,100.0,53.0,16.776005185978526,141.0,227.5,153,47.0,34.0,0.31
07:39:34,143.31,52.0,216.05,20.0,140.67,24.0,320.9,20.0,72.74000000000001,76.0,40.0,22.013636001351205,143.31,216.05,116,36.0,-37.0,0.31
07:39:35,144.83,71.0,153.56,16.0,140.9,62.0,184.42,36.0,8.72999999999999,133.0,52.0,31.05055989833367,144.83,153.56,185,81.0,69.0,0.44
07:39:36,143.73,11.0,153.0,11.0,141.0,88.0,328.0,35.0,9.27000000000001,99.0,46.0,28.592143151572763,143.73,153.0,145,53.0,-40.0,0.37
07:39:37,144.75,8.0,153.0,8.0,141.21,43.0,301.75,40.0,8.25,51.0,48.0,18.23212494472461,144.75,153.0,99,3.0,-46.0,0.03
07:39:38,145.17,36.0,152.8,10.0,140.93,61.0,453.0,40.0,7.630000000000024,97.0,50.0,13.788807055001516,145.17,152.8,147,47.0,48.0,0.32
07:39:41,145.0,12.0,149.92,24.0,142.0,36.0,180.36,25.0,4.9199999999999875,48.0,49.0,0.8512226501148749,145.0,149.92,97,-1.0,-54.0,-0.01
07:39:42,143.29,21.0,147.23,26.0,141.49,55.0,148.62,26.0,3.9399999999999977,76.0,52.0,1.7758378304534583,143.29,147.23,128,24.0,31.0,0.19
07:39:43,142.19,32.0,144.58,24.0,141.03,72.0,168.2,20.0,2.390000000000015,104.0,44.0,2.608422895174652,142.19,144.58,148,60.0,20.0,0.41
07:39:44,141.93,45.0,144.0,22.0,140.74,19.0,360.25,12.0,2.069999999999993,64.0,34.0,2.505124747407457,141.93,144.0,98,30.0,-50.0,0.31
07:39:45,138.69,36.0,158.0,16.0,118.72,40.0,425.33,18.0,19.310000000000002,76.0,34.0,2.3913239011211678,138.69,158.0,110,42.0,12.0,0.38
07:39:47,123.0,23.0,162.0,9.0,77.09,11.0,317.26,38.0,39.0,34.0,47.0,6.678773839566603,123.0,162.0,81,-13.0,23.0,-0.16
07:39:48,127.83,18.0,161.93,14.0,87.88,16.0,304.58,31.0,34.10000000000001,34.0,45.0,6.815579945982497,127.83,161.93,79,-11.0,-2.0,-0.14
07:39:49,107.67,9.0,160.33,9.0,71.92,13.0,278.61,33.0,52.66000000000001,22.0,42.0,7.571246264656927,107.67,160.33,64,-20.0,-15.0,-0.31
07:39:55,147.0,56.0,153.38,8.0,140.0,40.0,185.75,32.0,6.3799999999999955,96.0,40.0,26.909051822762596,147.0,153.38,136,56.0,-16.0,0.41
07:39:57,145.3,23.0,148.17,6.0,119.43,21.0,254.62,16.0,2.869999999999976,44.0,22.0,26.907930615342675,145.3,148.17,66,22.0,-107.0,0.33
07:39:58,140.25,20.0,146.18,11.0,117.38,61.0,201.2,15.0,5.930000000000007,81.0,26.0,13.251352006496493,140.25,146.18,107,55.0,41.0,0.51
07:39:59,140.47,17.0,148.0,9.0,119.3,46.0,223.0,22.0,7.530000000000001,63.0,31.0,2.873285575794797,140.47,148.0,94,32.0,-13.0,0.34
07:40:00,145.67,54.0,147.5,12.0,125.51,37.0,300.0,34.0,1.8300000000000125,91.0,46.0,2.0725829296005545,145.67,147.5,137,45.0,43.0,0.33
07:40:01,146.0,23.0,310.71,24.0,141.0,10.0,394.31,45.0,164.70999999999998,33.0,69.0,37.21868186811626,146.0,310.71,102,-36.0,-35.0,-0.35
07:40:02,146.0,12.0,309.0,12.0,143.73,11.0,415.09,22.0,163.0,23.0,34.0,45.61242286921428,146.0,309.0,57,-11.0,-45.0,-0.19
07:40:03,146.0,20.0,271.22,27.0,144.0,20.0,405.64,25.0,125.22000000000003,40.0,52.0,42.41757572044874,146.0,271.22,92,-12.0,35.0,-0.13
07:40:04,146.0,14.0,306.86,21.0,144.0,14.0,309.0,14.0,160.86,28.0,35.0,35.01980054197879,146.0,306.86,63,-7.0,-29.0,-0.11
07:40:05,145.82,22.0,191.17,42.0,142.88,32.0,229.31,45.0,45.349999999999994,54.0,87.0,25.594592788320963,145.82,191.17,141,-33.0,78.0,-0.23
07:40:06,145.33,9.0,166.33,27.0,141.23,39.0,169.0,45.0,21.0,48.0,72.0,33.31014890390004,145.33,166.33000000000004,120,-24.0,-21.0,-0.2
07:40:12,144.0,30.0,150.53,15.0,142.0,80.0,152.75,20.0,6.530000000000001,110.0,35.0,2.0181996928111445,144.0,150.53,145,75.0,81.0,0.52
07:40:13,144.0,36.0,148.1,30.0,142.0,132.0,150.0,21.0,4.099999999999994,168.0,51.0,2.0789492538455305,144.0,148.1,219,117.0,74.0,0.53
07:40:14,143.08,24.0,145.0,8.0,141.89,87.0,189.36,25.0,1.9199999999999875,111.0,33.0,2.3857766031351235,143.08,145.0,144,78.0,-75.0,0.54
07:40:15,142.0,73.0,144.43,7.0,141.0,70.0,417.0,28.0,2.430000000000007,143.0,35.0,2.4492345743249775,142.0,144.43,178,108.0,34.0,0.61
07:40:16,142.0,48.0,223.1,10.0,141.0,80.0,412.56,27.0,81.1,128.0,37.0,16.805926930700945,142.0,223.1,165,91.0,-13.0,0.55
07:40:17,142.41,22.0,409.0,21.0,141.11,56.0,417.0,28.0,266.59000000000003,78.0,49.0,56.89890201049595,142.41,409.0,127,29.0,-38.0,0.23
07:40:18,144.5,24.0,408.62,24.0,142.0,24.0,538.0,32.0,264.12,48.0,56.0,67.37158726050606,144.5,408.62000000000006,104,-8.0,-23.0,-0.08
07:40:19,145.0,21.0,349.72,29.0,142.0,21.0,416.18,22.0,204.72000000000003,42.0,51.0,59.624808008076215,145.0,349.72,93,-9.0,-11.0,-0.1
07:40:20,145.0,27.0,241.05,43.0,142.0,27.0,285.78,37.0,96.05000000000001,54.0,80.0,44.86036357409439,145.0,241.04999999999998,134,-26.0,41.0,-0.19
07:40:23,143.64,22.0,167.0,51.0,141.42,86.0,404.38,64.0,23.360000000000014,108.0,115.0,37.664554690053215,143.64,167.0,223,-7.0,104.0,-0.03
07:40:24,141.02,90.0,166.92,39.0,140.12,82.0,264.0,52.0,25.899999999999977,172.0,91.0,16.905560623653894,141.02,166.92,263,81.0,40.0,0.31
07:40:25,141.0,36.0,166.0,27.0,140.0,54.0,223.0,36.0,25.0,90.0,63.0,9.23650475017735,141.0,166.0,153,27.0,-110.0,0.18
07:40:26,141.85,41.0,165.4,30.0,140.57,70.0,248.0,40.0,23.55000000000001,111.0,70.0,1.713665661689995,141.85,165.4,181,41.0,28.0,0.23
07:40:27,142.4,50.0,165.0,45.0,140.73,110.0,468.33,60.0,22.599999999999994,160.0,105.0,0.744533410973992,142.4,165.0,265,55.0,84.0,0.21
07:40:28,141.4,60.0,163.92,39.0,140.52,62.0,164.87,31.0,22.519999999999982,122.0,70.0,0.49575195416395296,141.4,163.92,192,52.0,-73.0,0.27
07:40:29,143.0,34.0,163.0,39.0,141.14,104.0,164.0,52.0,20.0,138.0,91.0,0.44957757957629296,143.0,163.0,229,47.0,37.0,0.21
07:40:30,143.0,10.0,162.0,20.0,142.0,25.0,163.0,15.0,19.0,35.0,35.0,0.5487440205214054,143.0,162.0,70,0.0,-159.0,0.0
07:40:31,143.0,24.0,160.23,39.0,142.0,60.0,162.14,44.0,17.22999999999999,84.0,83.0,0.7579445890423928,143.0,160.23,167,1.0,97.0,0.01
07:40:32,143.12,41.0,160.13,46.0,141.58,77.0,161.53,45.0,17.00999999999999,118.0,91.0,0.626354532241388,143.12,160.13,209,27.0,42.0,0.13
07:40:35,143.5,48.0,149.67,33.0,141.48,93.0,149.79,38.0,6.1699999999999875,141.0,71.0,2.369141194623474,143.5,149.67,212,70.0,3.0,0.33
07:40:36,145.0,20.0,146.12,26.0,142.0,40.0,148.12,16.0,1.1200000000000045,60.0,42.0,3.1766601958761576,145.0,146.12,102,18.0,-110.0,0.18
07:40:37,142.7,47.0,145.85,39.0,141.38,78.0,223.13,30.0,3.1500000000000057,125.0,69.0,3.5981731475939833,142.7,145.85,194,56.0,92.0,0.29
07:40:38,142.14,42.0,145.0,24.0,141.2,60.0,267.88,24.0,2.8600000000000136,102.0,48.0,2.8886623201872257,142.14,145.0,150,54.0,-44.0,0.36
07:40:39,143.0,25.0,144.43,35.0,142.0,84.0,187.77,44.0,1.4300000000000068,109.0,79.0,1.2950559833736566,143.0,144.43,188,30.0,38.0,0.16
07:40:40,142.29,17.0,145.0,21.0,141.79,38.0,323.0,21.0,2.710000000000008,55.0,42.0,0.8340383684656825,142.29,145.0,97,13.0,-91.0,0.13
07:40:41,142.0,60.0,145.0,30.0,141.0,40.0,287.5,30.0,3.0,100.0,60.0,0.30675723312354103,142.0,145.0,160,40.0,63.0,0.25
07:40:42,142.0,54.0,213.15,26.0,141.0,41.0,257.2,30.0,71.15,95.0,56.0,15.193171821580318,142.0,213.15000000000003,151,39.0,-9.0,0.26
07:40:45,147.0,120.0,175.25,48.0,142.0,48.0,188.76,34.0,28.25,168.0,82.0,14.389391231043664,147.0,175.25,250,86.0,56.0,0.34
07:40:46,147.0,120.0,173.89,36.0,142.0,57.0,185.0,36.0,26.889999999999986,177.0,72.0,8.930312424547669,147.0,173.89,249,105.0,-1.0,0.42
07:40:47,147.0,120.0,162.42,24.0,142.0,60.0,172.5,32.0,15.419999999999987,180.0,56.0,9.09650757159243,147.0,162.42,236,124.0,-13.0,0.53
07:40:48,144.67,75.0,154.97,37.0,141.42,48.0,159.33,39.0,10.300000000000011,123.0,76.0,6.0891280163952,144.67,154.97,199,47.0,-37.0,0.24
07:40:52,147.0,16.0,148.0,12.0,142.22,27.0,359.0,20.0,1.0,43.0,32.0,1.1597930850221367,147.0,148.0,75,11.0,-170.5,0.15
07:40:53,145.67,18.0,148.0,18.0,142.5,36.0,329.5,20.0,2.3300000000000125,54.0,38.0,1.4742286118734187,145.67,148.0,92,16.0,17.0,0.17
07:40:54,142.73,45.0,148.0,30.0,141.21,70.0,364.5,40.0,5.27000000000001,115.0,70.0,1.6166539518610827,142.73,148.0,185,45.0,93.0,0.24
07:40:55,141.68,19.0,147.11,18.0,140.14,29.0,421.0,36.0,5.430000000000007,48.0,54.0,1.6548021029929676,141.68,147.11,102,-6.0,-83.0,-0.06
07:40:56,141.0,12.0,146.0,12.0,140.0,30.0,410.5,16.0,5.0,42.0,28.0,1.6578449867438736,141.0,146.0,70,14.0,-32.0,0.2
07:40:57,140.74,19.0,146.0,18.0,139.34,35.0,400.0,18.0,5.259999999999991,54.0,36.0,1.4391421055869564,140.74,146.0,90,18.0,20.0,0.2
07:40:58,140.0,27.0,146.0,18.0,127.0,9.0,524.27,30.0,6.0,36.0,48.0,0.9562792479577226,140.0,146.0,84,-12.0,-6.0,-0.14
07:40:59,140.0,33.0,145.18,22.0,123.14,14.0,290.89,36.0,5.180000000000007,47.0,58.0,0.6751073989192821,140.0,145.18,105,-11.0,21.0,-0.1
07:41:00,140.75,16.0,144.0,20.0,136.33,24.0,403.0,20.0,3.25,40.0,40.0,0.4832908028053682,140.75,144.0,80,0.0,-25.0,0.0
07:41:01,143.0,8.0,144.0,12.0,141.0,8.0,375.8,20.0,1.0,16.0,32.0,0.4832908028053682,143.0,144.0,48,-16.0,-32.0,-0.33
07:41:02,142.43,14.0,180.11,18.0,128.67,18.0,259.0,30.0,37.68000000000001,32.0,48.0,8.240962929177039,142.43,180.11,80,-16.0,32.0,-0.2
07:41:03,140.0,4.0,145.0,8.0,67.83,6.0,421.5,16.0,5.0,10.0,24.0,8.297618332995944,140.0,145.0,34,-14.0,-46.0,-0.41
07:41:04,140.0,4.0,143.0,4.0,86.0,4.0,145.0,8.0,3.0,8.0,12.0,8.437458148048545,140.0,143.0,20,-4.0,-14.0,-0.2
07:41:05,140.0,6.0,141.33,6.0,60.57,7.0,322.27,22.0,1.3300000000000125,13.0,28.0,8.664137002614362,140.0,141.33,41,-15.0,21.0,-0.37
07:41:06,135.77,13.0,242.12,24.0,90.3,10.0,355.93,30.0,106.35,23.0,54.0,20.83123784128191,135.77,242.12,77,-31.0,36.0,-0.4
07:41:07,133.8,10.0,136.0,25.0,117.0,10.0,317.56,18.0,2.1999999999999886,20.0,43.0,22.13720465641641,133.8,136.0,63,-23.0,-14.0,-0.37
07:41:08,133.86,14.0,136.0,27.0,130.0,13.0,138.0,14.0,2.1399999999999864,27.0,41.0,22.9953027812218,133.86,136.0,68,-14.0,5.0,-0.21
07:41:12,131.62,21.0,136.0,37.0,87.62,13.0,137.6,35.0,4.3799999999999955,34.0,72.0,10.904956212663635,131.62,136.0,106,-38.0,-3.0,-0.36
07:41:14,102.64,11.0,155.33,12.0,81.45,11.0,182.37,30.0,52.69000000000001,22.0,42.0,10.13692507618134,102.64,155.33,64,-20.0,6.0,-0.31
07:41:15,111.0,7.0,137.0,7.0,102.14,7.0,145.5,32.0,26.0,14.0,39.0,9.374584257454332,111.0,137.0,53,-25.0,-11.0,-0.47
07:41:16,112.69,13.0,137.0,13.0,93.85,13.0,139.0,65.0,24.310000000000002,26.0,78.0,8.804928733391767,112.69,137.0,104,-52.0,51.0,-0.5
07:41:17,115.67,6.0,131.45,22.0,114.67,6.0,137.2,10.0,15.779999999999987,12.0,32.0,7.08521488736308,115.67,131.45,44,-20.0,-60.0,-0.45
07:41:18,118.42,12.0,138.2,30.0,117.17,12.0,183.67,36.0,19.779999999999987,24.0,66.0,2.5236184339367282,118.42,138.2,90,-42.0,46.0,-0.47
07:41:19,120.17,6.0,139.0,19.0,119.17,6.0,191.37,27.0,18.83,12.0,46.0,2.711577031932727,120.17,139.0,58,-34.0,-32.0,-0.59
07:41:20,123.11,9.0,139.0,17.0,121.0,9.0,190.74,39.0,15.89,18.0,56.0,3.170105676488195,123.11,139.0,74,-38.0,16.0,-0.51
07:41:21,124.0,5.0,139.0,5.0,121.0,5.0,198.08,13.0,15.0,10.0,18.0,3.18997178672483,124.0,139.0,28,-8.0,-46.0,-0.29
07:41:22,125.12,8.0,139.0,8.0,121.0,8.0,236.0,8.0,13.879999999999995,16.0,16.0,1.5321292374005413,125.12,139.0,32,0.0,4.0,0.0
07:41:23,127.73,11.0,198.0,10.0,125.8,10.0,589.17,30.0,70.27,21.0,40.0,14.255564527583125,127.73,198.0,61,-19.0,29.0,-0.31
07:41:24,129.33,12.0,257.0,10.0,127.2,10.0,458.24,34.0,127.66999999999999,22.0,44.0,27.621373970171454,129.33,257.0,66,-22.0,5.0,-0.33
07:41:25,129.0,13.0,253.36,53.0,127.0,13.0,255.2,25.0,124.36000000000001,26.0,78.0,30.208922191962525,129.0,253.35999999999999,104,-52.0,38.0,-0.5
07:41:26,136.29,14.0,245.89,18.0,132.69,13.0,253.19,42.0,109.6,27.0,60.0,26.635252392271912,136.29,245.89,87,-33.0,-17.0,-0.38
07:41:27,146.87,23.0,201.72,71.0,139.32,22.0,232.87,23.0,54.849999999999994,45.0,94.0,13.38012967052311,146.87,201.72,139,-49.0,52.0,-0.35
07:41:35,144.83,29.0,183.41,37.0,128.82,17.0,184.3,20.0,38.579999999999984,46.0,57.0,2.0461500433830646,144.83,183.41,103,-11.0,35.0,-0.11
07:41:36,146.0,42.0,179.83,23.0,140.91,33.0,181.28,25.0,33.83000000000001,75.0,48.0,2.397317250602992,146.0,179.83,123,27.0,20.0,0.22
07:41:37,146.0,60.0,179.0,48.0,141.0,72.0,180.0,12.0,33.0,132.0,60.0,2.356932328269234,146.0,179.0,192,72.0,69.0,0.38
07:41:38,146.0,75.0,165.52,48.0,141.26,86.0,171.44,34.0,19.52000000000001,161.0,82.0,4.150827628322391,146.0,165.52,243,79.0,51.0,0.33
07:41:39,146.0,50.0,150.11,18.0,144.0,60.0,151.33,12.0,4.110000000000014,110.0,30.0,6.771063431991349,146.0,150.11,140,80.0,-103.0,0.57
07:41:40,146.0,55.0,149.38,21.0,144.0,66.0,150.33,12.0,3.3799999999999955,121.0,33.0,7.420547823446442,146.0,149.38,154,88.0,14.0,0.57
07:41:41,144.23,88.0,154.53,47.0,141.4,90.0,185.27,55.0,10.300000000000011,178.0,102.0,6.38461588508346,144.23,154.53,280,76.0,126.0,0.27
07:41:42,145.12,48.0,163.86,70.0,142.84,93.0,203.69,65.0,18.74000000000001,141.0,135.0,3.7760071504252397,145.12,163.86,276,6.0,-4.0,0.02
07:41:43,147.0,24.0,158.38,52.0,144.0,81.0,163.86,56.0,11.379999999999995,105.0,108.0,2.992201530656568,147.0,158.38,213,-3.0,-63.0,-0.01
07:41:44,145.88,32.0,158.0,48.0,143.45,76.0,275.53,57.0,12.120000000000005,108.0,105.0,2.7026413006653915,145.88,158.0,213,3.0,0.0,0.01
07:41:45,144.0,90.0,156.74,54.0,141.0,105.0,305.69,51.0,12.740000000000009,195.0,105.0,1.996604617860398,144.0,156.74,300,90.0,87.0,0.3
07:41:46,144.0,72.0,155.02,45.0,141.0,45.0,211.62,16.0,11.02000000000001,117.0,61.0,1.9581113349504513,144.0,155.02,178,56.0,-122.0,0.31
07:41:47,144.0,54.0,155.0,36.0,141.0,36.0,156.0,9.0,11.0,90.0,45.0,1.450058619526471,144.0,155.0,135,45.0,-43.0,0.33
07:41:48,144.0,63.0,154.27,22.0,141.48,42.0,155.07,43.0,10.27000000000001,105.0,65.0,1.1278164744603483,144.0,154.27,170,40.0,35.0,0.24
07:41:49,144.68,22.0,149.02,51.0,141.66,53.0,151.28,39.0,4.340000000000003,75.0,90.0,1.3230381702981195,144.68,149.02,165,-15.0,-5.0,-0.09
07:41:50,141.47,19.0,147.0,36.0,140.25,48.0,150.0,9.0,5.530000000000001,67.0,45.0,2.3007759560782377,141.47,147.0,112,22.0,-53.0,0.2
07:41:51,141.0,22.0,146.55,44.0,140.0,66.0,150.0,11.0,5.550000000000011,88.0,55.0,2.667048930947754,141.0,146.55,143,33.0,31.0,0.23
07:41:52,141.0,10.0,142.65,34.0,140.0,60.0,144.38,16.0,1.6500000000000057,70.0,50.0,2.8561565083293363,141.0,142.65,120,20.0,-23.0,0.17
07:41:53,140.0,42.0,142.0,28.0,139.0,84.0,169.86,35.0,2.0,126.0,63.0,2.286313626796353,140.0,142.0,189,63.0,69.0,0.33
07:41:54,140.0,57.0,141.87,46.0,139.0,144.0,250.45,58.0,1.8700000000000045,201.0,104.0,1.5579056454344906,140.0,141.87,305,97.0,116.0,0.32
07:41:55,140.06,35.0,309.67,60.0,139.04,138.0,422.32,41.0,169.61,173.0,101.0,37.12747271226593,140.06,309.67,274,72.0,-31.0,0.26
07:41:56,147.0,24.0,356.07,30.0,141.33,45.0,394.2,41.0,209.07,69.0,71.0,53.930821150804064,147.0,356.07,140,-2.0,-134.0,-0.01
07:42:02,146.0,12.0,266.4,40.0,145.09,11.0,269.23,31.0,120.39999999999998,23.0,71.0,9.796385557948229,146.0,266.4,94,-48.0,40.0,-0.51
07:42:03,143.0,27.0,263.56,27.0,141.0,18.0,264.78,27.0,120.56,45.0,54.0,8.07810435683892,143.0,263.56,99,-9.0,5.0,-0.09
07:42:04,143.47,34.0,260.75,36.0,141.46,26.0,262.42,36.0,117.28,60.0,72.0,6.170636109833138,143.47,260.75,132,-12.0,33.0,-0.09
07:42:05,147.0,16.0,255.52,23.0,143.0,24.0,258.38,24.0,108.52000000000001,40.0,47.0,3.9480716812102474,147.0,255.52,87,-7.0,-45.0,-0.08
07:42:06,143.94,17.0,256.6,25.0,141.6,20.0,257.62,26.0,112.66000000000003,37.0,51.0,2.2849573300124915,143.94,256.6,88,-14.0,1.0,-0.16
07:42:07,143.56,27.0,253.46,39.0,141.18,22.0,256.0,26.0,109.9,49.0,65.0,1.816185563201194,143.56,253.46,114,-16.0,26.0,-0.14
07:42:08,140.0,18.0,252.5,18.0,139.0,60.0,256.0,12.0,112.5,78.0,30.0,2.338974134098698,140.0,252.5,108,48.0,-6.0,0.44
07:42:09,140.0,27.0,251.44,27.0,139.0,90.0,253.39,23.0,111.44,117.0,50.0,2.4235036620531063,140.0,251.44,167,67.0,59.0,0.4
07:42:10,140.0,33.0,243.07,27.0,139.0,110.0,246.41,29.0,103.07,143.0,56.0,3.298358682737208,140.0,243.06999999999996,199,87.0,32.0,0.44
07:42:11,141.54,26.0,225.9,40.0,139.05,95.0,232.43,42.0,84.36000000000001,121.0,82.0,5.84083641270607,141.54,225.9,203,39.0,4.0,0.19
07:42:14,139.27,134.0,151.79,39.0,118.0,35.0,191.41,37.0,12.519999999999982,169.0,76.0,17.753470928244436,139.27,151.79,245,93.0,149.0,0.38
07:42:15,139.39,118.0,148.97,36.0,135.32,79.0,149.69,39.0,9.580000000000013,197.0,75.0,19.512354291577292,139.39,148.97,272,122.0,27.0,0.45
07:42:16,141.74,38.0,145.1,31.0,140.16,88.0,146.22,36.0,3.359999999999985,126.0,67.0,18.609561252217834,141.74,145.1,193,59.0,-79.0,0.31
07:42:17,139.37,49.0,142.25,16.0,137.0,48.0,407.0,24.0,2.8799999999999955,97.0,40.0,17.114244067444456,139.37,142.25,137,57.0,-56.0,0.42
07:42:18,139.0,98.0,150.32,31.0,127.97,34.0,294.38,47.0,11.319999999999993,132.0,78.0,1.797873744195983,139.0,150.32,210,54.0,73.0,0.26
07:42:19,139.0,47.0,165.0,8.0,133.45,22.0,216.22,27.0,26.0,69.0,35.0,4.178502123975437,139.0,165.0,104,34.0,-106.0,0.33
07:42:20,147.0,11.0,163.27,11.0,139.0,95.0,286.64,39.0,16.27000000000001,106.0,50.0,6.0756793858846505,147.0,163.27,156,56.0,52.0,0.36
07:42:21,139.05,73.0,161.67,9.0,111.24,25.0,317.75,28.0,22.619999999999976,98.0,37.0,5.780067473659926,139.05,161.67,135,61.0,-21.0,0.45
07:42:22,144.33,27.0,160.33,9.0,139.73,33.0,361.57,23.0,16.0,60.0,32.0,3.887855449995244,144.33,160.33,92,28.0,-43.0,0.3
07:42:23,141.0,24.0,159.0,8.0,139.0,72.0,402.4,10.0,18.0,96.0,18.0,2.0403627128665067,141.0,159.0,114,78.0,22.0,0.68
07:42:24,141.0,22.0,365.76,29.0,139.0,81.0,501.63,19.0,224.76,103.0,48.0,45.403385556586244,141.0,365.76,151,55.0,37.0,0.36
07:42:25,144.5,10.0,282.72,32.0,139.56,25.0,477.03,31.0,138.22000000000003,35.0,63.0,47.38394907561004,144.5,282.72,98,-28.0,-53.0,-0.29
07:42:26,144.64,11.0,198.18,55.0,139.46,35.0,200.0,33.0,53.54000000000002,46.0,88.0,44.502491278578994,144.64,198.18,134,-42.0,36.0,-0.31
07:42:27,139.36,33.0,197.56,45.0,133.55,62.0,200.0,27.0,58.19999999999999,95.0,72.0,41.757048147588144,139.36,197.56,167,23.0,33.0,0.14
07:42:28,139.79,111.0,193.96,55.0,128.91,70.0,203.39,41.0,54.170000000000016,181.0,96.0,38.098008740615164,139.79,193.96,277,85.0,110.0,0.31
07:42:29,141.0,39.0,183.06,33.0,139.0,63.0,194.2,25.0,42.06,102.0,58.0,21.033453591838345,141.0,183.06,160,44.0,-117.0,0.28
07:42:30,141.0,48.0,181.47,60.0,139.0,144.0,193.33,72.0,40.47,192.0,132.0,4.318792655364807,141.0,181.47,324,60.0,164.0,0.19
07:42:31,139.89,88.0,190.43,42.0,126.15,73.0,193.0,70.0,50.54000000000002,161.0,112.0,3.0926477329361206,139.89,190.43,273,49.0,-51.0,0.18
07:42:32,146.13,23.0,188.7,30.0,142.4,53.0,193.0,50.0,42.56999999999999,76.0,80.0,2.8022544495522177,146.13,188.7,156,-4.0,-117.0,-0.03
07:42:33,147.0,22.0,186.98,49.0,143.0,55.0,189.92,39.0,39.97999999999999,77.0,88.0,2.8255141125174323,147.0,186.97999999999996,165,-11.0,9.0,-0.07
07:42:34,147.0,28.0,165.5,48.0,143.0,70.0,173.05,44.0,18.5,98.0,92.0,4.68980276771177,147.0,165.5,190,6.0,25.0,0.03
07:42:35,147.0,16.0,150.38,24.0,143.46,56.0,186.0,40.0,3.3799999999999955,72.0,64.0,8.19226281316956,147.0,150.38,136,8.0,-54.0,0.06
07:42:36,144.23,155.0,147.69,48.0,143.5,155.0,163.32,69.0,3.460000000000008,310.0,117.0,9.998218341286947,144.23,147.69,427,193.0,169.5,0.45
07:42:37,144.0,102.0,145.0,8.0,143.0,56.0,146.0,40.0,1.0,158.0,48.0,9.291230811902896,144.0,145.0,206,110.0,-170.5,0.53
07:42:38,144.0,78.0,217.62,13.0,143.0,91.0,390.67,24.0,73.62,169.0,37.0,14.993444234066082,144.0,217.62,206,132.0,0.0,0.64
07:42:39,144.0,50.0,278.28,25.0,143.0,70.0,434.36,25.0,134.27999999999997,120.0,50.0,29.24124398858626,144.0,278.28,170,70.0,-36.0,0.41
07:42:40,144.0,50.0,215.33,27.0,143.0,70.0,341.38,21.0,71.33000000000001,120.0,48.0,27.847131450115686,144.0,215.33000000000004,168,72.0,-2.0,0.43
07:42:41,144.0,50.0,191.12,16.0,143.0,70.0,460.46,28.0,47.120000000000005,120.0,44.0,24.146426857819268,144.0,191.12,164,76.0,-4.0,0.46
07:42:43,147.0,60.0,387.62,26.0,145.0,90.0,394.0,24.0,240.62,150.0,50.0,56.68755657108481,147.0,387.62,200,100.0,24.0,0.5
07:42:44,147.0,35.0,290.6,15.0,146.0,105.0,345.37,19.0,143.60000000000002,140.0,34.0,56.32194092891277,147.0,290.6,174,106.0,-26.0,0.61
07:42:45,147.0,47.0,211.36,14.0,146.0,150.0,409.13,31.0,64.36000000000001,197.0,45.0,56.42418169543922,147.0,211.35999999999999,242,152.0,68.0,0.63
07:42:46,147.0,19.0,189.27,22.0,146.0,150.0,242.82,28.0,42.27000000000001,169.0,50.0,56.27330112939829,147.0,189.27,219,119.0,-23.0,0.54
07:42:47,146.07,81.0,203.64,22.0,145.33,135.0,388.0,22.0,57.56999999999999,216.0,44.0,41.6859774984344,146.07,203.64,260,172.0,41.0,0.66
07:42:48,146.0,114.0,201.2,20.0,145.0,10.0,294.6,20.0,55.19999999999999,124.0,40.0,20.44282465805567,146.0,201.2,164,84.0,-96.0,0.51
07:42:49,146.0,88.0,188.22,18.0,145.0,8.0,200.25,16.0,42.22,96.0,34.0,4.985811869698412,146.0,188.22,130,62.0,-34.0,0.48
07:42:50,146.0,97.0,196.89,18.0,144.18,33.0,201.0,18.0,50.889999999999986,130.0,36.0,3.36007440394228,146.0,196.89,166,94.0,36.0,0.57
07:42:51,146.0,80.0,194.88,16.0,144.0,72.0,201.0,16.0,48.879999999999995,152.0,32.0,3.0040972021602923,146.0,194.88,184,120.0,18.0,0.65
07:42:52,146.0,100.0,192.4,20.0,144.0,90.0,194.0,20.0,46.400000000000006,190.0,40.0,2.4278838522526476,146.0,192.4,230,150.0,46.0,0.65
07:42:53,146.0,100.0,189.2,20.0,144.0,90.0,190.3,20.0,43.19999999999999,190.0,40.0,1.8353800696398337,146.0,189.2,230,150.0,0.0,0.65
07:42:54,146.0,88.0,187.4,20.0,144.0,90.0,189.0,20.0,41.400000000000006,178.0,40.0,1.955014066453561,146.0,187.4,218,138.0,-12.0,0.63
07:42:55,146.0,96.0,183.83,24.0,144.0,108.0,185.75,24.0,37.83000000000001,204.0,48.0,2.148841548377502,146.0,183.83,252,156.0,34.0,0.62
07:42:56,146.0,72.0,182.0,18.0,144.0,81.0,185.0,18.0,36.0,153.0,36.0,2.078768866429244,146.0,182.0,189,117.0,-63.0,0.62
07:42:57,146.0,96.0,180.75,24.0,144.0,108.0,182.83,24.0,34.75,204.0,48.0,1.7866728855718066,146.0,180.75,252,156.0,63.0,0.62
07:43:03,146.64,66.0,169.3,67.0,145.2,98.0,170.31,52.0,22.660000000000025,164.0,119.0,1.8458819030603815,146.64,169.3,283,45.0,112.0,0.16
07:43:04,147.0,24.0,165.1,20.0,146.0,56.0,166.62,24.0,18.099999999999994,80.0,44.0,2.076458523555924,147.0,165.1,124,36.0,-159.0,0.29
07:43:05,147.0,27.0,162.74,27.0,146.0,63.0,163.33,36.0,15.740000000000009,90.0,63.0,2.267095057568206,147.0,162.74,153,27.0,29.0,0.18
07:43:06,147.0,42.0,158.36,45.0,146.0,98.0,160.32,59.0,11.360000000000014,140.0,104.0,2.6739913986497053,147.0,158.36,244,36.0,91.0,0.15
07:43:07,146.0,35.0,155.86,14.0,144.0,45.0,156.87,23.0,9.860000000000014,80.0,37.0,2.767562104100899,146.0,155.85999999999999,117,43.0,-127.0,0.37
07:43:08,145.22,92.0,154.28,25.0,143.75,96.0,155.89,35.0,9.060000000000002,188.0,60.0,2.6289503608965457,145.22,154.28,248,128.0,131.0,0.52
07:43:09,144.12,96.0,151.09,35.0,143.13,69.0,151.66,41.0,6.969999999999999,165.0,76.0,2.7711766454090814,144.12,151.09,241,89.0,-7.0,0.37
07:43:10,145.07,101.0,147.04,71.0,143.92,98.0,234.53,74.0,1.9699999999999989,199.0,145.0,2.6258960375581366,145.07,147.04,344,54.0,103.0,0.16
07:43:11,143.75,24.0,144.95,38.0,141.8,40.0,246.93,60.0,1.1999999999999886,64.0,98.0,2.671497707291941,143.75,144.95,162,-34.0,-170.5,-0.21
07:43:12,143.0,16.0,144.0,16.0,141.0,64.0,281.71,28.0,1.0,80.0,44.0,2.5153588213351097,143.0,144.0,124,36.0,-38.0,0.29
07:43:13,141.31,51.0,143.42,24.0,140.78,41.0,249.53,49.0,2.109999999999985,92.0,73.0,2.078381581921522,141.31,143.42,165,19.0,41.0,0.12
07:43:14,142.2,60.0,240.5,32.0,140.73,22.0,387.89,47.0,98.30000000000001,82.0,79.0,21.187095836854496,142.2,240.5,161,3.0,-4.0,0.02
07:43:15,141.0,20.0,273.0,20.0,140.0,5.0,459.8,25.0,132.0,25.0,45.0,31.050615613865677,141.0,273.0,70,-20.0,-91.0,-0.29
07:43:16,141.0,32.0,222.18,44.0,139.47,49.0,357.33,45.0,81.18,81.0,89.0,29.046627515083877,141.0,222.18,170,-8.0,100.0,-0.05
07:43:17,140.0,10.0,305.0,33.0,139.0,170.0,465.2,30.0,165.0,180.0,63.0,30.335747394781688,140.0,305.0,243,117.0,73.0,0.48
07:43:18,139.08,61.0,290.33,27.0,111.7,121.0,498.2,30.0,151.24999999999997,182.0,57.0,16.78213484631744,139.08,290.33,239,125.0,-4.0,0.52
07:43:19,139.0,131.0,264.53,45.0,92.85,107.0,428.0,45.0,125.52999999999997,238.0,90.0,15.50543549855917,139.0,264.53,328,148.0,89.0,0.45
07:43:20,142.85,13.0,235.35,31.0,80.41,17.0,255.0,30.0,92.5,30.0,61.0,17.064607525518547,142.85,235.35,91,-31.0,-170.5,-0.34
07:43:21,140.55,11.0,155.0,50.0,97.5,16.0,156.0,20.0,14.449999999999989,27.0,70.0,29.39347461597547,140.55,155.0,97,-43.0,6.0,-0.44
07:43:22,141.21,14.0,155.0,70.0,139.9,70.0,156.0,28.0,13.789999999999992,84.0,98.0,30.89031272098127,141.21,155.0,182,-14.0,85.0,-0.08
07:43:23,143.0,10.0,155.0,50.0,139.0,26.0,200.8,20.0,12.0,36.0,70.0,26.21009061411345,143.0,155.0,106,-34.0,-76.0,-0.32
07:43:24,144.33,24.0,152.75,60.0,139.36,44.0,380.88,49.0,8.419999999999987,68.0,109.0,18.227565114409952,144.33,152.75,177,-41.0,71.0,-0.23
07:43:25,143.53,15.0,150.17,60.0,139.07,56.0,282.3,50.0,6.639999999999986,71.0,110.0,0.8161678749304754,143.53,150.17,181,-39.0,4.0,-0.22
07:43:26,140.04,27.0,148.27,55.0,135.86,51.0,206.0,33.0,8.230000000000018,78.0,88.0,1.9496281696953706,140.04,148.27,166,-10.0,-15.0,-0.06
07:43:27,139.68,53.0,149.95,38.0,133.72,53.0,185.6,20.0,10.269999999999982,106.0,58.0,2.1661140321023775,139.68,149.95,164,48.0,-2.0,0.29
07:43:28,141.0,20.0,152.3,20.0,139.0,44.0,165.3,10.0,11.300000000000011,64.0,30.0,1.7489425376700072,141.0,152.3,94,34.0,-70.0,0.36
07:43:29,141.59,22.0,150.75,48.0,139.59,54.0,151.43,42.0,9.159999999999997,76.0,90.0,1.1871309953296676,141.59,150.75,166,-14.0,72.0,-0.08
07:43:30,142.25,8.0,149.62,16.0,139.2,20.0,151.0,32.0,7.3700000000000045,28.0,48.0,1.0312516667005713,142.25,149.62,76,-20.0,-90.0,-0.26
07:43:31,146.0,14.0,148.71,28.0,141.0,19.0,151.0,56.0,2.710000000000008,33.0,84.0,0.9417696109302159,146.0,148.71,117,-51.0,41.0,-0.44
07:43:32,143.07,14.0,146.82,22.0,140.6,30.0,276.69,29.0,3.75,44.0,51.0,0.8949134036718943,143.07,146.82,95,-7.0,-22.0,-0.07
07:43:33,139.7,43.0,144.84,19.0,96.88,32.0,146.17,24.0,5.140000000000015,75.0,43.0,1.9179494258381962,139.7,144.84,118,32.0,23.0,0.27
07:43:34,139.0,50.0,141.35,26.0,76.0,40.0,142.5,16.0,2.3499999999999943,90.0,42.0,2.894223557376854,139.0,141.35,132,48.0,14.0,0.36
07:43:35,125.68,53.0,153.41,51.0,65.45,44.0,264.74,31.0,27.72999999999999,97.0,82.0,3.283164631887548,125.67999999999999,153.41,179,15.0,47.0,0.08
07:43:37,146.12,138.0,360.4,25.0,91.6,30.0,493.8,25.0,214.27999999999997,168.0,50.0,54.86448623654515,146.12,360.4,218,118.0,88.0,0.54
07:43:38,147.0,80.0,258.74,19.0,123.0,20.0,354.67,27.0,111.74000000000001,100.0,46.0,57.279960282807735,147.0,258.74,146,54.0,-72.0,0.37
07:43:39,147.0,64.0,159.47,17.0,120.0,16.0,196.68,25.0,12.469999999999999,80.0,42.0,55.877058172384366,147.0,159.47,122,38.0,-24.0,0.31
07:43:47,143.0,36.0,150.0,50.0,140.55,22.0,351.29,31.0,7.0,58.0,81.0,2.949232103457147,143.0,150.0,139,-23.0,-5.0,-0.17
07:43:48,142.9,41.0,148.98,41.0,140.43,37.0,251.07,41.0,6.079999999999984,78.0,82.0,2.115580298656872,142.9,148.98,160,-4.0,21.0,-0.03
07:43:49,141.0,21.0,148.0,18.0,140.0,18.0,279.96,23.0,7.0,39.0,41.0,2.3404444022593367,141.0,148.0,80,-2.0,-80.0,-0.03
07:43:50,141.0,36.0,146.9,29.0,140.0,36.0,179.6,35.0,5.900000000000006,72.0,64.0,1.9623633710577533,141.0,146.9,136,8.0,56.0,0.06
07:43:51,143.0,142.0,147.14,21.0,141.0,30.0,170.5,30.0,4.139999999999986,172.0,51.0,1.0376271006823359,143.0,147.14,223,121.0,87.0,0.54
07:43:52,146.0,36.0,418.25,36.0,143.0,168.0,525.75,36.0,272.25,204.0,72.0,61.386717048560484,146.0,418.25,276,132.0,53.0,0.48
07:43:54,143.51,118.0,172.62,32.0,142.08,52.0,222.12,40.0,29.110000000000014,170.0,72.0,78.69935812952968,143.51,172.62,242,98.0,-8.0,0.4
07:43:55,144.0,70.0,172.0,10.0,141.0,15.0,287.6,15.0,28.0,85.0,25.0,76.13258612447082,144.0,172.0,110,60.0,-132.0,0.55
07:43:56,144.0,89.0,171.0,18.0,141.0,27.0,202.0,27.0,27.0,116.0,45.0,73.68883918206312,144.0,171.0,161,71.0,51.0,0.44
07:44:05,147.0,96.0,154.29,48.0,144.0,160.0,155.83,53.0,7.289999999999992,256.0,101.0,2.146171009042471,147.0,154.29,357,155.0,169.5,0.43
07:44:06,147.0,12.0,151.0,18.0,144.0,60.0,154.0,12.0,4.0,72.0,30.0,2.442809857532215,147.0,151.0,102,42.0,-170.5,0.41
07:44:07,145.15,52.0,149.29,31.0,143.96,104.0,149.93,46.0,4.139999999999986,156.0,77.0,2.64907908527832,145.15,149.29,233,79.0,131.0,0.34
07:44:08,144.0,97.0,146.1,49.0,143.0,14.0,146.52,58.0,2.0999999999999943,111.0,107.0,2.7798974801351757,144.0,146.1,218,4.0,-15.0,0.02
07:44:09,143.21,14.0,315.25,16.0,141.03,67.0,591.45,56.0,172.04,81.0,72.0,36.39567900177213,143.21,315.25,153,9.0,-65.0,0.06
07:44:10,145.5,12.0,375.0,8.0,141.11,38.0,721.0,40.0,229.5,50.0,48.0,54.6158717773506,145.5,375.0,98,2.0,-55.0,0.02
07:44:14,144.44,48.0,247.0,20.0,140.32,28.0,248.0,30.0,102.56,76.0,50.0,29.37579241484328,144.44,247.0,126,26.0,33.0,0.21
07:44:15,147.0,63.0,246.0,14.0,141.0,21.0,274.94,17.0,99.0,84.0,31.0,9.495245125850301,147.0,246.0,115,53.0,-11.0,0.46
07:44:16,147.0,71.0,245.33,24.0,140.67,36.0,306.85,26.0,98.33000000000001,107.0,50.0,4.390179950752498,147.0,245.33,157,57.0,42.0,0.36
07:44:17,147.0,49.0,242.38,21.0,141.03,141.0,286.92,26.0,95.38,190.0,47.0,0.8877105384001802,147.0,242.37999999999997,237,143.0,80.0,0.6
07:44:18,147.0,36.0,209.8,20.0,146.0,12.0,278.47,19.0,62.80000000000001,48.0,39.0,7.798001667093451,147.0,209.8,87,9.0,-150.0,0.1
07:44:19,147.0,33.0,247.14,28.0,146.0,11.0,456.04,27.0,100.13999999999999,44.0,55.0,7.967717991996944,147.0,247.14000000000001,99,-11.0,12.0,-0.11
07:44:20,147.0,42.0,244.19,58.0,146.0,14.0,246.5,40.0,97.19,56.0,98.0,7.865124283823625,147.0,244.19,154,-42.0,55.0,-0.27
07:44:21,142.31,55.0,241.11,54.0,140.87,132.0,244.33,30.0,98.80000000000001,187.0,84.0,7.575996304116936,142.31,241.11,271,103.0,117.0,0.38
07:44:22,146.2,10.0,238.79,38.0,141.03,177.0,239.38,32.0,92.59,187.0,70.0,7.40580312997815,146.2,238.79000000000002,257,117.0,-14.0,0.46
07:44:23,147.0,8.0,237.4,25.0,142.29,70.0,238.81,31.0,90.4,78.0,56.0,2.3738407697210744,147.0,237.4,134,22.0,-123.0,0.16
07:44:24,144.71,21.0,232.0,30.0,141.74,102.0,236.45,33.0,87.28999999999999,123.0,63.0,2.5728097481144236,144.71,232.0,186,60.0,52.0,0.32
07:44:25,144.0,30.0,180.0,20.0,141.0,190.0,194.15,26.0,36.0,220.0,46.0,13.158972984241696,144.0,180.0,266,174.0,80.0,0.65
07:44:26,146.8,40.0,154.35,34.0,142.07,118.0,166.12,24.0,7.549999999999983,158.0,58.0,19.51260310671067,146.8,154.35,216,100.0,-50.0,0.46
07:44:28,145.14,21.0,149.03,30.0,141.34,107.0,150.45,38.0,3.890000000000015,128.0,68.0,17.07774194675752,145.14,149.03,196,60.0,74.0,0.31
07:44:29,144.0,27.0,146.11,36.0,141.0,171.0,149.0,27.0,2.1100000000000136,198.0,63.0,6.578789402318147,144.0,146.11,261,135.0,65.0,0.52
07:44:30,143.27,90.0,144.79,56.0,141.2,254.0,160.33,33.0,1.5199999999999818,344.0,89.0,2.864093224749993,143.27,144.79,433,255.0,169.5,0.59
07:44:31,143.0,81.0,144.0,29.0,141.0,171.0,300.0,10.0,1.0,252.0,39.0,2.5819895429805455,143.0,144.0,291,213.0,-142.0,0.73
07:44:32,143.0,52.0,377.13,15.0,140.33,48.0,481.0,23.0,234.13,100.0,38.0,51.51493715418885,143.0,377.13,138,62.0,-153.0,0.45
07:44:33,143.0,16.0,328.6,15.0,141.0,16.0,392.62,16.0,185.60000000000002,32.0,31.0,57.46682756164638,143.0,328.6,63,1.0,-75.0,0.02
07:44:34,140.16,37.0,155.0,6.0,139.15,27.0,341.0,12.0,14.840000000000003,64.0,18.0,57.03078142547233,140.16,155.0,82,46.0,19.0,0.56
07:44:35,140.0,42.0,152.5,6.0,139.0,30.0,351.0,12.0,12.5,72.0,18.0,56.62765622909003,140.0,152.5,90,54.0,8.0,0.6
07:44:36,145.91,67.0,263.1,20.0,140.66,35.0,438.04,23.0,117.19000000000003,102.0,43.0,51.333709879571146,145.91,263.1,145,59.0,55.0,0.41
07:44:37,147.0,84.0,360.93,42.0,144.0,28.0,578.4,30.0,213.93,112.0,72.0,49.55365425475686,147.0,360.93,184,40.0,39.0,0.22
07:44:38,147.0,36.0,222.4,20.0,144.0,14.0,411.93,15.0,75.4,50.0,35.0,44.747152423366536,147.0,222.4,85,15.0,-99.0,0.18
07:44:39,147.0,28.0,370.0,14.0,144.0,14.0,461.0,21.0,223.0,42.0,35.0,47.48199374499732,147.0,370.0,77,7.0,-8.0,0.09
07:44:40,147.0,36.0,233.33,18.0,144.0,18.0,384.37,19.0,86.33000000000001,54.0,37.0,35.34852712631675,147.0,233.33000000000004,91,17.0,14.0,0.19
07:44:41,147.0,20.0,181.0,5.0,144.0,10.0,370.0,10.0,34.0,30.0,15.0,43.10944420889654,147.0,181.0,45,15.0,-46.0,0.33
07:44:42,147.0,22.0,181.0,7.0,144.0,14.0,370.0,14.0,34.0,36.0,21.0,38.879665379218345,147.0,181.0,57,15.0,12.0,0.26
07:44:43,147.0,28.0,178.92,26.0,145.6,50.0,299.33,12.0,31.919999999999987,78.0,38.0,41.09115817301815,147.0,178.92000000000002,116,40.0,59.0,0.34
07:44:44,147.0,9.0,176.71,21.0,146.0,72.0,177.27,33.0,29.710000000000008,81.0,54.0,12.091547460934262,147.0,176.71,135,27.0,19.0,0.2
07:44:45,140.68,62.0,174.0,65.0,142.19,91.0,176.0,13.0,33.31999999999999,153.0,78.0,2.768197969805644,140.68,174.0,231,75.0,96.0,0.32
07:44:46,140.16,74.0,171.07,14.0,139.11,71.0,172.09,46.0,30.909999999999997,145.0,60.0,3.6690434720835223,140.16,171.07,205,85.0,-26.0,0.41
07:44:47,146.0,24.0,149.9,30.0,141.5,64.0,164.5,20.0,3.9000000000000057,88.0,50.0,5.9782338529070485,146.0,149.9,138,38.0,-67.0,0.28
07:44:48,146.0,24.0,148.33,12.0,144.0,24.0,172.0,60.0,2.3300000000000125,48.0,72.0,6.300997540076402,146.0,148.33,120,-24.0,-18.0,-0.2
07:44:49,140.85,40.0,171.21,38.0,134.73,45.0,212.46,28.0,30.360000000000014,85.0,66.0,4.853191733287551,140.85,171.21,151,19.0,31.0,0.13
07:44:50,139.82,51.0,160.91,55.0,130.38,48.0,162.0,11.0,21.090000000000003,99.0,66.0,4.186217863424312,139.82,160.91,165,33.0,14.0,0.2
07:44:51,112.86,29.0,158.44,59.0,74.75,24.0,296.73,41.0,45.58,53.0,100.0,7.444963398167853,112.86,158.44,153,-47.0,-12.0,-0.31
07:44:52,140.0,16.0,155.2,51.0,78.78,23.0,156.73,37.0,15.199999999999989,39.0,88.0,7.440542990942203,140.0,155.2,127,-49.0,-26.0,-0.39
07:44:53,140.0,13.0,151.67,27.0,89.57,7.0,153.38,29.0,11.669999999999987,20.0,56.0,7.473337942315974,140.0,151.67,76,-36.0,-51.0,-0.47
07:44:54,140.0,16.0,149.89,47.0,111.36,14.0,151.07,27.0,9.889999999999986,30.0,74.0,5.559649269518988,140.0,149.89,104,-44.0,28.0,-0.42
07:44:55,140.0,13.0,147.44,36.0,139.0,65.0,148.54,35.0,7.439999999999998,78.0,71.0,4.636803856113074,140.0,147.44,149,7.0,45.0,0.05
07:44:56,140.0,10.0,143.5,26.0,139.0,50.0,144.65,23.0,3.5,60.0,49.0,2.201578978838404,140.0,143.5,109,11.0,-40.0,0.1
07:44:57,139.25,16.0,142.0,28.0,133.46,26.0,143.0,16.0,2.75,42.0,44.0,2.171250791609616,139.25,142.0,86,-2.0,-23.0,-0.02
07:44:58,139.0,23.0,155.36,11.0,100.47,15.0,163.4,15.0,16.360000000000014,38.0,26.0,2.5955018782626476,139.0,155.36,64,12.0,-22.0,0.19
07:44:59,142.81,26.0,251.04,47.0,82.88,26.0,488.93,54.0,108.22999999999999,52.0,101.0,24.10526187370816,142.81,251.04,153,-49.0,89.0,-0.32
07:45:04,145.39,23.0,296.56,18.0,143.21,57.0,425.67,27.0,151.17000000000002,80.0,45.0,1.6802172478391166,145.39,296.56,125,35.0,55.0,0.28
07:45:05,144.0,21.0,295.0,14.0,143.0,63.0,325.0,21.0,151.0,84.0,35.0,2.029514720305808,144.0,295.0,119,49.0,-6.0,0.41
07:45:06,143.04,84.0,293.7,20.0,141.29,63.0,338.5,24.0,150.66,147.0,44.0,2.235537966561946,143.04,293.7,191,103.0,72.0,0.54
07:45:07,143.0,56.0,274.59,17.0,141.0,42.0,305.85,26.0,131.58999999999997,98.0,43.0,5.468168797682162,143.0,274.59,141,55.0,-50.0,0.39
07:45:08,143.0,60.0,285.09,33.0,140.83,46.0,413.37,19.0,142.08999999999997,106.0,52.0,4.944439300865926,143.0,285.09,158,54.0,17.0,0.34
07:45:09,143.0,18.0,150.82,17.0,139.62,13.0,299.1,10.0,7.819999999999993,31.0,27.0,30.81926637673213,143.0,150.82,58,4.0,-100.0,0.07
07:45:10,143.88,34.0,149.5,16.0,142.71,14.0,454.62,8.0,5.6200000000000045,48.0,24.0,36.81942585103678,143.88,149.5,72,24.0,14.0,0.33
07:45:11,144.0,49.0,149.0,22.0,143.0,22.0,281.9,20.0,5.0,71.0,42.0,35.497648091106264,144.0,149.0,113,29.0,41.0,0.26
07:45:12,144.0,42.0,148.89,18.0,143.0,18.0,257.33,27.0,4.889999999999986,60.0,45.0,30.149463842662964,144.0,148.89,105,15.0,-8.0,0.14
07:45:13,144.0,109.0,213.94,31.0,143.0,28.0,341.81,32.0,69.94,137.0,63.0,14.461817658927002,144.0,213.94,200,74.0,95.0,0.37
07:45:14,144.1,31.0,172.85,52.0,143.17,29.0,242.48,29.0,28.75,60.0,81.0,14.145003711560095,144.1,172.84999999999997,141,-21.0,-59.0,-0.15
07:45:15,144.0,20.0,169.1,20.0,143.0,20.0,183.47,34.0,25.099999999999994,40.0,54.0,13.285922248758096,144.0,169.1,94,-14.0,-47.0,-0.15
07:45:16,144.0,16.0,167.43,28.0,143.0,16.0,168.8,20.0,23.430000000000007,32.0,48.0,11.97290775041895,144.0,167.43,80,-16.0,-14.0,-0.2
07:45:17,144.0,22.0,164.78,36.0,143.0,22.0,165.47,30.0,20.78,44.0,66.0,10.254692584375187,144.0,164.78,110,-22.0,30.0,-0.2
07:45:18,141.6,10.0,162.92,26.0,140.33,18.0,163.86,28.0,21.319999999999993,28.0,54.0,2.328858089289435,141.6,162.92000000000002,82,-26.0,-28.0,-0.32
07:45:19,141.43,14.0,161.38,21.0,140.04,23.0,162.66,35.0,19.94999999999999,37.0,56.0,2.1992657865868113,141.43,161.38,93,-19.0,11.0,-0.2
07:45:20,144.59,37.0,155.75,20.0,140.24,21.0,157.0,31.0,11.159999999999997,58.0,51.0,2.2452015499846536,144.59,155.75,109,7.0,16.0,0.06
07:45:21,146.0,133.0,150.94,33.0,141.53,15.0,151.08,24.0,4.939999999999998,148.0,57.0,2.222514341923569,146.0,150.94,205,91.0,96.0,0.44
07:45:22,146.09,33.0,148.09,11.0,145.31,26.0,150.0,8.0,2.0,59.0,19.0,2.111343174393596,146.09,148.09,78,40.0,-127.0,0.51
07:45:23,146.0,105.0,147.93,43.0,143.0,26.0,148.45,22.0,1.9300000000000068,131.0,65.0,1.9375758049842031,146.0,147.93,196,66.0,118.0,0.34
07:45:24,143.27,11.0,147.95,21.0,141.08,52.0,175.63,19.0,4.679999999999978,63.0,40.0,1.7291385138449835,143.27,147.95,103,23.0,-93.0,0.22
07:45:25,141.75,40.0,154.18,34.0,140.95,77.0,237.22,27.0,12.430000000000007,117.0,61.0,1.0933434959164428,141.75,154.18,178,56.0,75.0,0.31
07:45:26,143.0,18.0,183.0,18.0,141.0,66.0,546.5,18.0,40.0,84.0,36.0,7.2457456483137745,143.0,183.0,120,48.0,-58.0,0.4
07:45:27,143.0,27.0,233.0,27.0,141.0,99.0,772.0,27.0,90.0,126.0,54.0,18.031224861335534,143.0,233.0,180,72.0,60.0,0.4
07:45:28,143.0,18.0,232.6,10.0,141.0,66.0,370.06,16.0,89.6,84.0,26.0,20.665855414185778,143.0,232.6,110,58.0,-70.0,0.53
07:45:29,143.0,15.0,231.56,9.0,141.0,55.0,232.05,21.0,88.56,70.0,30.0,18.429702113708146,143.0,231.56,100,40.0,-10.0,0.4
07:45:30,141.81,37.0,230.86,7.0,140.93,59.0,232.0,35.0,89.05000000000001,96.0,42.0,10.909923006144735,141.81,230.85999999999999,138,54.0,38.0,0.39
07:45:31,142.88,48.0,229.33,12.0,140.94,105.0,232.0,60.0,86.45000000000002,153.0,72.0,0.8551724972183486,142.88,229.33,225,81.0,87.0,0.36
07:45:32,147.0,9.0,227.22,9.0,141.0,99.0,232.0,45.0,80.22,108.0,54.0,0.7000928509840395,147.0,227.22,162,54.0,-63.0,0.33
07:45:33,142.33,36.0,225.46,52.0,140.92,96.0,229.5,20.0,83.13,132.0,72.0,1.3505295257787753,142.33,225.46,204,60.0,42.0,0.29
07:45:34,141.26,76.0,186.15,55.0,140.66,53.0,210.59,44.0,44.890000000000015,129.0,99.0,9.981671703678098,141.26,186.15,228,30.0,24.0,0.13
07:45:35,141.0,98.0,150.52,23.0,140.0,28.0,151.66,50.0,9.52000000000001,126.0,73.0,18.148875447256263,141.0,150.52,199,53.0,-29.0,0.27
07:45:36,141.0,80.0,147.06,18.0,140.0,24.0,150.81,42.0,6.060000000000002,104.0,60.0,20.35694353285961,141.0,147.06,164,44.0,-35.0,0.27
07:45:37,140.08,53.0,142.15,71.0,137.06,72.0,170.72,32.0,2.069999999999993,125.0,103.0,18.074905808884566,140.08,142.15,228,22.0,64.0,0.1
07:45:38,139.0,83.0,245.91,23.0,113.3,20.0,349.89,27.0,106.91,103.0,50.0,21.495217607645813,139.0,245.91000000000003,153,53.0,-75.0,0.35
07:45:39,139.65,49.0,306.33,27.0,123.42,36.0,575.67,27.0,166.67999999999998,85.0,54.0,36.76212276243074,139.65,306.33,139,31.0,-14.0,0.22
07:45:40,147.0,12.0,347.76,34.0,143.81,42.0,691.38,24.0,200.76,54.0,58.0,47.13951452868386,147.0,347.76,112,-4.0,-27.0,-0.04
07:45:41,146.4,10.0,217.15,33.0,142.96,49.0,335.72,29.0,70.75,59.0,62.0,40.58433293772345,146.4,217.15,121,-3.0,9.0,-0.02
07:45:42,141.33,108.0,179.08,60.0,140.94,108.0,295.14,28.0,37.75,216.0,88.0,34.426814113420065,141.33,179.08,304,128.0,169.5,0.42
07:45:43,141.0,170.0,178.05,38.0,140.0,8.0,225.67,12.0,37.05000000000001,178.0,50.0,39.26959218020973,141.0,178.05,228,128.0,-76.0,0.56
07:45:44,141.0,264.0,176.49,59.0,140.0,13.0,211.0,25.0,35.49000000000001,277.0,84.0,38.058362418790544,141.0,176.49,361,193.0,133.0,0.53
07:45:45,141.0,114.0,177.5,60.0,140.0,12.0,294.4,20.0,36.5,126.0,80.0,10.00690161838492,141.0,177.5,206,46.0,-155.0,0.22
07:45:46,139.35,62.0,175.47,60.0,114.17,42.0,204.03,60.0,36.120000000000005,104.0,120.0,1.0480458005459137,139.35,175.47,224,-16.0,18.0,-0.07
07:45:47,143.11,37.0,172.27,48.0,135.44,77.0,175.75,51.0,29.159999999999997,114.0,99.0,0.9389781680330375,143.11,172.27,213,15.0,-11.0,0.07
07:45:48,147.0,56.0,169.25,48.0,139.78,72.0,171.0,60.0,22.25,128.0,108.0,0.7559629620841957,147.0,169.25,236,20.0,23.0,0.08
07:45:49,147.0,7.0,168.0,28.0,139.0,56.0,171.0,35.0,21.0,63.0,63.0,0.7534785995922512,147.0,168.0,126,0.0,-110.0,0.0
07:45:50,147.0,41.0,166.75,52.0,139.0,88.0,168.96,47.0,19.75,129.0,99.0,0.4502776921458971,147.0,166.75,228,30.0,102.0,0.13
07:45:51,147.0,36.0,165.92,60.0,140.4,80.0,168.0,48.0,18.919999999999987,116.0,108.0,0.659924238109587,147.0,165.92,224,8.0,-4.0,0.04
07:45:52,147.0,27.0,162.39,38.0,146.0,36.0,163.93,43.0,15.389999999999986,63.0,81.0,1.298198752135214,147.0,162.39,144,-18.0,-80.0,-0.12
07:45:53,146.23,52.0,157.7,66.0,144.57,56.0,160.27,62.0,11.469999999999999,108.0,128.0,2.235933809406536,146.23,157.7,236,-20.0,92.0,-0.08
07:45:54,146.0,36.0,148.26,38.0,144.0,36.0,156.0,45.0,2.259999999999991,72.0,83.0,4.017061114801503,146.0,148.26,155,-11.0,-81.0,-0.07
07:45:55,145.38,52.0,147.55,22.0,142.43,58.0,182.58,59.0,2.170000000000016,110.0,81.0,4.453350424124895,145.38,147.55,191,29.0,36.0,0.15
07:45:56,144.0,35.0,145.69,13.0,141.0,63.0,169.91,32.0,1.6899999999999977,98.0,45.0,4.134291958734505,144.0,145.69,143,53.0,-48.0,0.37
07:45:57,144.0,21.0,145.0,14.0,141.0,49.0,301.71,28.0,1.0,70.0,42.0,2.9904130149629538,144.0,145.0,112,28.0,-31.0,0.25
07:45:58,144.0,7.0,366.38,21.0,141.0,35.0,520.19,21.0,222.38,42.0,42.0,48.9608886765756,144.0,366.38,84,0.0,-28.0,0.0
07:45:59,144.0,7.0,332.57,35.0,141.0,49.0,495.27,30.0,188.57,56.0,65.0,55.90079516429082,144.0,332.57,121,-9.0,37.0,-0.07
07:46:00,144.0,59.0,259.86,35.0,141.0,70.0,394.34,53.0,115.86000000000001,129.0,88.0,51.45654982604239,144.0,259.86,217,41.0,96.0,0.19
07:46:01,144.0,88.0,162.38,26.0,141.21,47.0,168.76,49.0,18.379999999999995,135.0,75.0,49.44109930007605,144.0,162.38,210,60.0,-7.0,0.29
07:46:02,144.18,67.0,166.0,22.0,143.75,32.0,276.92,51.0,21.819999999999993,99.0,73.0,46.693538310990924,144.18,166.0,172,26.0,-38.0,0.15
07:46:03,144.44,27.0,165.78,18.0,143.8,30.0,449.16,43.0,21.340000000000003,57.0,61.0,38.193058531623365,144.44,165.78,118,-4.0,-54.0,-0.03
07:46:04,144.16,38.0,164.8,20.0,143.25,12.0,494.0,50.0,20.640000000000015,50.0,70.0,21.240195385166192,144.16,164.8,120,-20.0,2.0,-0.17
07:46:05,147.0,25.0,239.67,36.0,144.0,45.0,387.94,72.0,92.66999999999999,70.0,108.0,17.397324506947555,147.0,239.66999999999996,178,-38.0,58.0,-0.21
07:46:06,143.14,57.0,296.3,37.0,141.16,116.0,389.57,42.0,153.16000000000003,173.0,79.0,29.780309434255663,143.14,296.3,252,94.0,74.0,0.37
07:46:07,143.0,60.0,172.18,33.0,141.0,120.0,174.4,30.0,29.180000000000007,180.0,63.0,29.369147587221796,143.0,172.18,243,117.0,-9.0,0.48
07:46:08,144.33,36.0,168.03,38.0,142.0,80.0,172.56,27.0,23.69999999999999,116.0,65.0,29.181758857204198,144.33,168.03,181,51.0,-62.0,0.28
07:46:09,146.0,22.0,154.29,28.0,143.04,52.0,155.86,42.0,8.289999999999992,74.0,70.0,30.04338146747162,146.0,154.29,144,4.0,-37.0,0.03
07:46:10,144.94,17.0,152.2,35.0,143.15,53.0,153.42,43.0,7.259999999999991,70.0,78.0,30.03071510970113,144.94,152.2,148,-8.0,4.0,-0.05
07:46:11,144.18,44.0,148.69,35.0,143.1,78.0,150.71,42.0,4.509999999999991,122.0,77.0,4.866525454577971,144.18,148.69,199,45.0,51.0,0.23
07:46:12,144.27,60.0,148.33,18.0,143.31,51.0,215.33,24.0,4.060000000000002,111.0,42.0,4.048423149827453,144.27,148.33,153,69.0,-46.0,0.45
07:46:13,143.66,70.0,147.46,26.0,141.84,83.0,149.0,26.0,3.8000000000000114,153.0,52.0,1.898222853108174,143.66,147.46,205,101.0,52.0,0.49
07:46:14,141.15,27.0,146.0,12.0,140.29,28.0,147.0,12.0,4.849999999999994,55.0,24.0,1.7987023100180473,141.15,146.0,79,31.0,-126.0,0.39
07:46:15,141.0,40.0,145.5,16.0,140.0,32.0,147.0,16.0,4.5,72.0,32.0,1.5127359320337344,141.0,145.5,104,40.0,25.0,0.38
07:46:16,141.0,30.0,145.67,12.0,140.0,24.0,177.0,16.0,4.6699999999999875,54.0,28.0,1.424068116371882,141.0,145.67,82,26.0,-22.0,0.32
07:46:17,141.0,40.0,147.0,16.0,140.0,32.0,300.57,28.0,6.0,72.0,44.0,0.9504051767891873,141.0,147.0,116,28.0,34.0,0.24
07:46:18,141.0,40.0,146.62,16.0,140.0,32.0,268.89,18.0,5.6200000000000045,72.0,34.0,0.3162593873203413,141.0,146.62,106,38.0,-10.0,0.36
07:46:19,141.0,45.0,142.89,18.0,140.0,45.0,262.0,18.0,1.8899999999999864,90.0,36.0,0.805810151381056,141.0,142.89,126,54.0,20.0,0.43
07:46:20,141.0,47.0,285.53,30.0,140.0,117.0,382.29,34.0,144.52999999999997,164.0,64.0,31.31531973331977,141.0,285.53,228,100.0,102.0,0.44
07:46:21,141.6,10.0,387.67,24.0,140.05,64.0,534.0,16.0,246.07000000000002,74.0,40.0,55.479061365527876,141.6,387.67,114,34.0,-114.0,0.3
07:46:22,141.0,11.0,219.51,47.0,140.0,77.0,335.16,38.0,78.50999999999999,88.0,85.0,51.579694357372816,141.0,219.51,173,3.0,59.0,0.02
07:46:23,141.0,15.0,255.93,58.0,140.0,141.0,258.84,74.0,114.93,156.0,132.0,45.04357035138289,141.0,255.93,288,24.0,115.0,0.08
07:46:24,141.0,14.0,254.86,56.0,140.0,98.0,415.41,66.0,113.86000000000001,112.0,122.0,32.22601619809624,141.0,254.85999999999999,234,-10.0,-54.0,-0.04
07:46:25,140.11,47.0,208.77,26.0,139.43,88.0,353.05,39.0,68.66,135.0,65.0,35.97623284892366,140.11,208.77,200,70.0,-34.0,0.35
07:46:26,140.0,60.0,169.0,24.0,139.0,60.0,170.0,12.0,29.0,120.0,36.0,18.286504586716653,140.0,169.0,156,84.0,-44.0,0.54
07:46:27,140.0,88.0,168.22,36.0,139.0,90.0,218.94,17.0,28.22,178.0,53.0,21.963725776835247,140.0,168.22,231,125.0,75.0,0.54
07:46:28,140.93,132.0,160.0,32.0,139.47,57.0,203.4,40.0,19.069999999999993,189.0,72.0,20.032105480953117,140.93,160.0,261,117.0,30.0,0.45
07:46:29,141.0,88.0,152.0,16.0,140.0,24.0,168.0,32.0,11.0,112.0,48.0,10.801464252593142,141.0,152.0,160,64.0,-101.0,0.4
07:46:30,145.86,108.0,150.5,72.0,140.97,156.0,346.22,36.0,4.639999999999986,264.0,108.0,3.5389927945752717,145.86,150.5,372,156.0,169.5,0.42
07:46:34,146.86,14.0,244.5,22.0,145.04,46.0,383.29,14.0,97.63999999999999,60.0,36.0,20.674249684088625,146.85999999999999,244.5,96,24.0,29.0,0.25
07:46:35,146.0,43.0,334.5,16.0,144.0,99.0,523.19,31.0,188.5,142.0,47.0,38.74104709478061,146.0,334.5,189,95.0,93.0,0.5
07:46:36,146.0,42.0,242.2,45.0,144.0,132.0,471.79,29.0,96.19999999999999,174.0,74.0,34.67058234296036,146.0,242.2,248,100.0,59.0,0.4
