Time,Bid1_Price,Bid1_Volume,Ask1_Price,Ask1_Volume,Bid2_Price,Bid2_Volume,Ask2_Price,Ask2_Volume,Bid_Ask_Spread,Market_Depth_Bid,Market_Depth_Ask,Historical_Volatility,Weighted_Avg_Bid_Price,Weighted_Avg_Ask_Price,Total_volume,Cumulative_Volume_Difference,Total_Volume_Change_Corrected,Order_imbalance
07:30:04,274.0,20.0,344.46,13.0,236.0,4.0,346.0,3.0,70.45999999999998,24.0,16.0,,274.0,344.46,40,8.0,17.0,0.2
07:30:05,275.89,36.0,343.14,28.0,272.66,29.0,346.0,7.0,67.25,65.0,35.0,135.1934362312017,275.89,343.14,100,30.0,60.0,0.3
07:30:06,282.0,55.0,341.1,40.0,275.4,50.0,346.0,10.0,59.10000000000002,105.0,50.0,104.34968591232078,282.0,341.1,155,55.0,55.0,0.35
07:30:07,282.0,30.0,338.17,24.0,277.0,30.0,346.0,6.0,56.170000000000016,60.0,30.0,77.41559810529138,282.0,338.17,90,30.0,-65.0,0.33
07:30:08,282.0,40.0,336.14,29.0,277.0,40.0,342.36,11.0,54.139999999999986,80.0,40.0,1.0045645822889504,282.0,336.14,120,40.0,30.0,0.33
07:30:09,282.0,50.0,325.55,38.0,277.0,50.0,325.67,21.0,43.55000000000001,100.0,59.0,2.9577271679432546,282.0,325.55,159,41.0,39.0,0.26
07:30:10,282.0,45.0,317.91,35.0,277.0,45.0,318.98,42.0,35.910000000000025,90.0,77.0,4.856466822700445,282.0,317.91,167,13.0,8.0,0.08
07:30:11,282.0,26.0,314.42,26.0,277.0,40.0,314.83,30.0,32.420000000000016,66.0,56.0,5.299136722145476,282.0,314.42,122,10.0,-45.0,0.08
07:30:12,282.0,39.0,308.62,39.0,279.69,107.0,310.16,43.0,26.620000000000005,146.0,82.0,5.332478785704764,282.0,308.62,228,64.0,106.0,0.28
07:30:13,282.0,39.0,302.79,52.0,278.17,41.0,303.82,38.0,20.79000000000002,80.0,90.0,4.35826226838084,282.0,302.79,170,-10.0,-58.0,-0.06
07:30:14,282.0,30.0,299.8,46.0,280.0,20.0,300.8,30.0,17.80000000000001,50.0,76.0,3.8077985766046827,282.0,299.8,126,-26.0,-44.0,-0.21
07:30:15,281.91,46.0,295.9,58.0,279.12,34.0,297.09,66.0,13.989999999999952,80.0,124.0,3.6732642159247106,281.91,295.9,204,-44.0,78.0,-0.22
07:30:16,280.81,47.0,293.32,53.0,277.19,48.0,294.66,41.0,12.509999999999991,95.0,94.0,3.1785641412425965,280.81,293.32,189,1.0,-15.0,0.01
07:30:17,281.0,180.0,292.09,69.0,280.0,15.0,292.95,57.0,11.089999999999975,195.0,126.0,2.490104415480093,281.0,292.09,321,69.0,132.0,0.21
07:30:18,281.0,168.0,288.49,47.0,280.0,16.0,289.64,55.0,7.490000000000009,184.0,102.0,2.3542981969142525,281.0,288.49,286,82.0,-35.0,0.29
07:30:19,281.0,154.0,282.42,57.0,280.0,57.0,283.9,58.0,1.420000000000016,211.0,115.0,2.7201286734259407,281.0,282.42,326,96.0,40.0,0.29
07:30:20,281.15,39.0,282.92,39.0,280.15,39.0,286.85,27.0,1.7700000000000387,78.0,66.0,2.4786528599209103,281.15,282.92,144,12.0,-174.5,0.08
07:30:21,281.0,33.0,283.0,33.0,280.0,33.0,288.0,11.0,2.0,66.0,44.0,2.1401355097269508,281.0,283.0,110,22.0,-34.0,0.2
07:30:22,281.0,24.0,283.0,24.0,280.0,24.0,288.0,8.0,2.0,48.0,32.0,1.2602856818968955,281.0,283.0,80,16.0,-30.0,0.2
07:30:23,281.0,18.0,283.0,18.0,280.0,18.0,288.0,6.0,2.0,36.0,24.0,0.1352774925638958,281.0,283.0,60,12.0,-20.0,0.2
07:30:24,281.0,27.0,283.0,27.0,280.0,27.0,288.0,9.0,2.0,54.0,36.0,0.017888543662524244,281.0,283.0,90,18.0,30.0,0.2
07:30:25,280.0,22.0,283.0,21.0,278.11,27.0,288.0,7.0,3.0,49.0,28.0,0.22360679773740433,280.0,283.0,77,21.0,-13.0,0.27
07:30:26,278.0,10.0,283.0,18.0,274.27,22.0,288.0,6.0,5.0,32.0,24.0,0.6519202405159717,278.0,283.0,56,8.0,-21.0,0.14
07:30:27,277.0,11.0,281.41,34.0,274.0,55.0,283.88,24.0,4.410000000000025,66.0,58.0,1.193239288656894,277.0,281.41,124,8.0,68.0,0.06
07:30:28,274.56,43.0,278.37,46.0,273.7,47.0,279.38,48.0,3.8100000000000023,90.0,94.0,2.2155089708674973,274.56,278.37,184,-4.0,60.0,-0.02
07:30:29,273.71,48.0,277.7,50.0,266.65,17.0,279.31,48.0,3.990000000000009,65.0,98.0,2.5176536695888667,273.71,277.7,163,-33.0,-21.0,-0.2
07:30:30,272.0,10.0,285.67,15.0,259.0,10.0,286.67,15.0,13.670000000000016,20.0,30.0,1.997911409445937,272.0,285.67,50,-10.0,-113.0,-0.2
07:30:31,272.8,10.0,283.6,10.0,265.59,22.0,286.0,20.0,10.800000000000011,32.0,30.0,1.528283350689336,272.8,283.6,62,2.0,12.0,0.03
07:30:32,272.67,12.0,280.21,24.0,261.17,12.0,283.47,19.0,7.539999999999964,24.0,43.0,1.3233215784510541,272.67,280.21,67,-19.0,5.0,-0.28
07:30:34,271.74,39.0,278.36,28.0,265.76,17.0,281.39,33.0,6.6200000000000045,56.0,61.0,2.835727419903756,271.74,278.36,117,-5.0,27.0,-0.04
07:30:35,274.56,36.0,284.71,34.0,264.46,13.0,286.32,31.0,10.149999999999977,49.0,65.0,3.0465308138920926,274.56,284.71,114,-16.0,-3.0,-0.14
07:30:36,281.97,74.0,285.3,20.0,279.88,17.0,286.16,25.0,3.329999999999984,91.0,45.0,4.540139865686298,281.97,285.3,136,46.0,22.0,0.34
07:30:37,282.0,81.0,285.0,18.0,281.0,18.0,286.0,27.0,3.0,99.0,45.0,5.249080871923582,282.0,285.0,144,54.0,8.0,0.38
07:30:38,282.0,39.0,285.0,12.0,281.0,12.0,286.0,18.0,3.0,51.0,30.0,3.7659168870268784,282.0,285.0,81,21.0,-63.0,0.26
07:30:39,282.0,24.0,285.0,12.0,281.0,12.0,286.0,18.0,3.0,36.0,30.0,1.7474209567229164,282.0,285.0,66,6.0,-15.0,0.09
07:30:40,282.92,52.0,285.77,39.0,281.0,26.0,399.85,39.0,2.849999999999966,78.0,78.0,0.36948612963750593,282.92,285.77,156,0.0,90.0,0.0
07:30:41,283.0,44.0,285.36,33.0,281.0,22.0,303.59,34.0,2.3600000000000136,66.0,67.0,0.4232965863251317,283.0,285.36,133,-1.0,-23.0,-0.01
07:30:42,283.0,32.0,287.0,30.0,281.0,16.0,347.66,32.0,4.0,48.0,62.0,0.632202499199833,283.0,287.0,110,-14.0,-23.0,-0.13
07:30:43,283.0,28.0,284.94,32.0,281.56,9.0,291.78,23.0,1.9399999999999977,37.0,55.0,0.5490446247751745,283.0,284.94,92,-18.0,-18.0,-0.2
07:30:44,282.69,26.0,283.8,20.0,281.12,16.0,285.0,50.0,1.1100000000000136,42.0,70.0,0.6336008207022055,282.69,283.8,112,-28.0,20.0,-0.25
07:30:45,280.29,21.0,281.57,14.0,276.57,21.0,287.54,35.0,1.2799999999999727,42.0,49.0,1.5487833935042152,280.29,281.57,91,-7.0,-21.0,-0.08
07:30:46,280.0,16.0,281.0,16.0,274.0,16.0,288.75,40.0,1.0,32.0,56.0,1.9476781048197582,280.0,281.0,88,-24.0,-3.0,-0.27
07:30:47,278.62,26.0,284.0,35.0,272.62,26.0,289.07,59.0,5.3799999999999955,52.0,94.0,1.5259488851184135,278.62,284.0,146,-42.0,58.0,-0.29
07:30:48,274.0,24.0,288.0,60.0,268.0,24.0,295.0,36.0,14.0,48.0,96.0,1.0748813888024868,274.0,288.0,144,-48.0,-2.0,-0.33
07:30:49,274.04,23.0,282.67,60.0,268.5,24.0,289.62,52.0,8.629999999999995,47.0,112.0,1.1872868229681164,274.04,282.67,159,-65.0,15.0,-0.41
07:30:50,266.7,27.0,283.27,55.0,251.57,21.0,290.43,47.0,16.569999999999993,48.0,102.0,2.6366019798205147,266.7,283.27,150,-54.0,-9.0,-0.36
07:30:52,278.69,80.0,284.0,30.0,268.23,56.0,288.0,30.0,5.310000000000002,136.0,60.0,3.175701497306248,278.69,284.0,196,76.0,-82.0,0.39
07:30:53,282.0,50.0,284.0,30.0,281.0,90.0,288.0,30.0,2.0,140.0,60.0,3.716326142844991,282.0,284.0,200,80.0,4.0,0.4
07:30:54,282.0,80.0,284.0,48.0,281.0,144.0,288.0,48.0,2.0,224.0,96.0,4.225224254402735,282.0,284.0,320,128.0,120.0,0.4
07:30:55,282.0,45.0,283.32,37.0,281.0,81.0,286.11,27.0,1.3199999999999932,126.0,64.0,3.5634646062495463,282.0,283.32,190,62.0,-130.0,0.33
07:30:56,281.19,78.0,284.17,36.0,280.23,118.0,287.1,30.0,2.980000000000018,196.0,66.0,0.6886798966089389,281.19,284.17,262,130.0,72.0,0.5
07:30:57,281.0,64.0,285.0,27.0,280.0,117.0,288.0,27.0,4.0,181.0,54.0,0.1808867048549095,281.0,285.0,235,127.0,-27.0,0.54
07:30:58,281.0,30.0,285.0,15.0,280.0,65.0,289.3,23.0,4.0,95.0,38.0,0.1808867048549095,281.0,285.0,133,57.0,-102.0,0.43
07:30:59,281.0,48.0,285.0,24.0,280.0,104.0,288.0,40.0,4.0,152.0,64.0,0.1808867048549095,281.0,285.0,216,88.0,83.0,0.41
07:31:00,281.0,16.0,283.12,8.0,280.0,78.0,286.35,20.0,2.1200000000000045,94.0,28.0,0.40880313109525557,281.0,283.12,122,66.0,-94.0,0.54
07:31:01,281.0,10.0,282.0,10.0,280.0,130.0,287.0,30.0,1.0,140.0,40.0,0.6969361520206225,281.0,282.0,180,100.0,58.0,0.56
07:31:02,280.08,48.0,286.17,18.0,279.79,56.0,287.74,34.0,6.090000000000032,104.0,52.0,0.719638798282381,280.08,286.17,156,52.0,-24.0,0.33
07:31:03,280.0,66.0,287.0,18.0,277.0,6.0,288.0,30.0,7.0,72.0,48.0,0.826970374314152,280.0,287.0,120,24.0,-36.0,0.2
07:31:04,280.0,44.0,287.0,12.0,277.0,4.0,288.0,20.0,7.0,48.0,32.0,0.9082290459973626,280.0,287.0,80,16.0,-40.0,0.2
07:31:05,280.0,102.0,287.0,30.0,277.0,10.0,288.0,50.0,7.0,112.0,80.0,0.8676865793552629,280.0,287.0,192,32.0,112.0,0.17
07:31:06,280.0,45.0,287.62,16.0,277.0,4.0,288.29,14.0,7.6200000000000045,49.0,30.0,0.24470390269295936,280.0,287.62,79,19.0,-113.0,0.24
07:31:07,280.0,144.0,287.5,30.0,277.0,8.0,288.19,31.0,7.5,152.0,61.0,0.15482247896592555,280.0,287.5,213,91.0,134.0,0.43
07:31:08,280.0,162.0,284.43,28.0,277.0,9.0,286.48,31.0,4.430000000000007,171.0,59.0,0.6550038167775765,280.0,284.43,230,112.0,17.0,0.49
07:31:09,280.0,270.0,282.33,45.0,277.0,15.0,286.58,26.0,2.329999999999984,285.0,71.0,1.1596206276163001,280.0,282.33,356,214.0,126.0,0.6
07:31:10,280.0,157.0,282.0,27.0,277.0,9.0,287.0,18.0,2.0,166.0,45.0,1.3526714309074654,280.0,282.0,211,121.0,-145.0,0.57
07:31:11,280.0,156.0,282.0,36.0,277.0,12.0,287.0,24.0,2.0,168.0,60.0,1.1878678377636478,280.0,282.0,228,108.0,17.0,0.47
07:31:12,280.0,104.0,281.25,24.0,277.0,8.0,287.68,31.0,1.25,112.0,55.0,0.5994580886044668,280.0,281.25,167,57.0,-61.0,0.34
07:31:13,280.0,127.0,281.48,29.0,277.0,10.0,288.15,33.0,1.4800000000000182,137.0,62.0,0.2217656420489054,280.0,281.48,199,75.0,32.0,0.38
07:31:14,280.0,85.0,288.0,18.0,277.0,9.0,289.0,45.0,8.0,94.0,63.0,1.4228562822693098,280.0,288.0,157,31.0,-42.0,0.2
07:31:15,280.59,49.0,287.0,12.0,279.73,44.0,288.0,24.0,6.410000000000025,93.0,36.0,1.7122266205129228,280.59,287.0,129,57.0,-28.0,0.44
07:31:16,280.32,38.0,285.55,11.0,278.96,23.0,288.59,34.0,5.230000000000018,61.0,45.0,1.6373209825788602,280.32,285.55,106,16.0,-23.0,0.15
07:31:17,281.0,51.0,284.0,17.0,278.9,40.0,290.3,43.0,3.0,91.0,60.0,1.3029121228973537,281.0,284.0,151,31.0,45.0,0.21
07:31:18,280.0,30.0,283.4,10.0,277.0,10.0,291.0,20.0,3.3999999999999773,40.0,30.0,0.9465622008050185,280.0,283.4,70,10.0,-81.0,0.14
07:31:19,280.0,33.0,283.0,11.0,277.0,11.0,291.14,28.0,3.0,44.0,39.0,0.937272639093361,280.0,283.0,83,5.0,13.0,0.06
07:31:20,280.0,30.0,281.62,16.0,277.0,8.0,287.38,16.0,1.6200000000000045,38.0,32.0,0.8378961749484585,280.0,281.62,70,6.0,-13.0,0.09
07:31:21,280.47,64.0,282.16,19.0,279.11,37.0,289.87,107.0,1.6899999999999977,101.0,126.0,0.6188133805868832,280.47,282.16,227,-25.0,157.0,-0.11
07:31:22,281.0,45.0,286.0,25.0,280.0,63.0,289.63,41.0,5.0,108.0,66.0,1.025148769688238,281.0,286.0,174,42.0,-53.0,0.24
07:31:23,281.0,35.0,287.0,35.0,280.0,49.0,290.0,14.0,6.0,84.0,49.0,1.4266499220177253,281.0,287.0,133,35.0,-41.0,0.26
07:31:24,281.0,41.0,284.12,51.0,280.0,77.0,285.33,48.0,3.1200000000000045,118.0,99.0,1.3697919550037971,281.0,284.12,217,19.0,84.0,0.09
07:31:25,280.0,90.0,281.5,70.0,277.0,14.0,284.52,58.0,1.5,104.0,128.0,1.3877427715513884,280.0,281.5,232,-24.0,15.0,-0.1
07:31:26,278.5,10.0,281.0,40.0,275.12,8.0,287.0,40.0,2.5,18.0,80.0,1.8114828180231766,278.5,281.0,98,-62.0,-134.0,-0.63
07:31:27,277.0,11.0,280.27,55.0,274.0,11.0,287.0,55.0,3.269999999999982,22.0,110.0,2.152335940320056,277.0,280.27,132,-88.0,34.0,-0.67
07:31:28,274.23,13.0,278.9,49.0,269.1,49.0,284.54,65.0,4.669999999999959,62.0,114.0,2.250348861842045,274.23,278.9,176,-52.0,44.0,-0.3
07:31:29,274.0,6.0,276.09,22.0,269.0,24.0,282.5,8.0,2.089999999999975,30.0,30.0,2.3290663365379123,274.0,276.09,60,0.0,-116.0,0.0
07:31:30,274.0,7.0,277.0,7.0,269.0,28.0,288.0,14.0,3.0,35.0,21.0,2.0278190254542845,274.0,277.0,56,14.0,-4.0,0.25
07:31:31,274.0,12.0,277.0,12.0,269.0,48.0,288.0,24.0,3.0,60.0,36.0,1.4468241081743671,274.0,277.0,96,24.0,40.0,0.25
07:31:32,274.0,8.0,277.0,8.0,269.0,32.0,288.75,40.0,3.0,40.0,48.0,0.5593925276536615,274.0,277.0,88,-8.0,-8.0,-0.09
07:31:33,277.7,135.0,284.23,66.0,267.36,183.0,287.67,90.0,6.53000000000003,318.0,156.0,2.5041625346599474,277.7,284.23,474,162.0,173.5,0.34
07:31:34,282.0,180.0,285.0,60.0,269.36,50.0,288.0,60.0,3.0,230.0,120.0,3.7958108488166222,282.0,285.0,350,110.0,-124.0,0.31
07:31:35,282.45,110.0,285.0,85.0,280.47,170.0,286.29,70.0,2.5500000000000114,280.0,155.0,4.1071827327248815,282.45,285.0,435,125.0,85.0,0.29
07:31:36,283.0,47.0,285.0,63.0,282.0,165.0,286.0,55.0,2.0,212.0,118.0,3.5880287066846073,283.0,285.0,330,94.0,-105.0,0.28
07:31:37,283.0,16.0,285.0,36.0,282.0,90.0,286.0,30.0,2.0,106.0,66.0,1.2860598741863556,283.0,285.0,172,40.0,-158.0,0.23
07:31:38,283.0,14.0,284.88,82.0,282.0,210.0,285.83,72.0,1.8799999999999955,224.0,154.0,0.21720957619796238,283.0,284.88,378,70.0,173.5,0.19
07:31:39,282.14,81.0,283.94,80.0,281.68,170.0,285.72,83.0,1.8000000000000114,251.0,163.0,0.4078234912215324,282.14,283.94,414,88.0,36.0,0.21
07:31:40,282.0,156.0,288.22,118.0,271.0,14.0,298.57,84.0,6.220000000000027,170.0,202.0,0.7341117081153455,282.0,288.22,372,-32.0,-42.0,-0.09
07:31:41,282.5,90.0,290.0,154.0,277.88,82.0,397.59,39.0,7.5,172.0,193.0,1.2374045417695414,282.5,290.0,365,-21.0,-7.0,-0.06
07:31:42,283.0,90.0,289.42,78.0,272.53,79.0,302.5,96.0,6.420000000000016,169.0,174.0,1.4109748403113826,283.0,289.42,343,-5.0,-22.0,-0.01
07:31:43,283.0,102.0,287.97,58.0,275.0,28.0,289.01,74.0,4.970000000000027,130.0,132.0,1.310827982609326,283.0,287.97,262,-2.0,-81.0,-0.01
07:31:44,283.0,103.0,284.94,47.0,275.0,34.0,286.71,82.0,1.9399999999999977,137.0,129.0,0.9372726390925796,283.0,284.94,266,8.0,4.0,0.03
07:31:45,283.0,31.0,285.81,58.0,275.0,28.0,288.27,26.0,2.8100000000000023,59.0,84.0,1.0389321440746748,283.0,285.81,143,-25.0,-123.0,-0.17
07:31:46,283.0,16.0,285.0,40.0,275.0,16.0,292.25,20.0,2.0,32.0,60.0,0.9912769542321375,283.0,285.0,92,-28.0,-51.0,-0.3
07:31:47,279.36,22.0,286.88,40.0,272.47,77.0,294.0,20.0,7.519999999999982,99.0,60.0,0.8575721543939916,279.36,286.88,159,39.0,67.0,0.25
07:31:48,272.75,48.0,293.25,24.0,271.86,84.0,294.8,10.0,20.5,132.0,34.0,0.6110237311202525,272.75,293.25,166,98.0,7.0,0.59
07:31:49,272.0,192.0,290.88,48.0,270.0,32.0,295.0,16.0,18.879999999999995,224.0,64.0,1.1454169546467698,272.0,290.88,288,160.0,122.0,0.56
07:31:50,272.33,57.0,288.87,45.0,271.86,116.0,292.75,16.0,16.54000000000002,173.0,61.0,1.3779404921811695,272.33,288.87,234,112.0,-54.0,0.48
07:31:51,275.83,12.0,287.52,29.0,273.76,111.0,288.62,56.0,11.689999999999998,123.0,85.0,1.0753232072231338,275.83,287.52,208,38.0,-26.0,0.18
07:31:52,274.17,12.0,286.78,18.0,271.09,11.0,287.95,38.0,12.609999999999957,23.0,56.0,1.0170644030703355,274.17,286.78,79,-33.0,-129.0,-0.42
07:31:53,273.0,10.0,284.15,27.0,270.0,10.0,285.73,22.0,11.149999999999977,20.0,49.0,1.2245693120412375,273.0,284.15,69,-29.0,-10.0,-0.42
07:31:54,276.16,43.0,283.0,42.0,272.46,24.0,285.0,28.0,6.839999999999975,67.0,70.0,1.1686102857639384,276.16,283.0,137,-3.0,68.0,-0.02
07:31:55,276.02,46.0,283.65,31.0,269.55,55.0,285.53,19.0,7.6299999999999955,101.0,50.0,1.150013043401386,276.02,283.65,151,51.0,14.0,0.34
07:31:56,277.0,50.0,285.0,20.0,269.32,38.0,287.0,10.0,8.0,88.0,30.0,0.9233904916086942,277.0,285.0,118,58.0,-33.0,0.49
07:31:57,281.0,40.0,285.29,14.0,273.92,12.0,287.85,26.0,4.2900000000000205,52.0,40.0,1.7472063415616157,281.0,285.29,92,12.0,-26.0,0.13
07:31:58,278.5,60.0,285.48,23.0,274.5,20.0,287.47,38.0,6.980000000000018,80.0,61.0,1.4905267525250578,278.5,285.48,141,19.0,49.0,0.13
07:31:59,278.0,30.0,284.0,12.0,271.0,6.0,288.31,26.0,6.0,36.0,38.0,1.2409955680794367,278.0,284.0,74,-2.0,-67.0,-0.03
07:32:00,278.0,56.0,284.0,24.0,270.3,23.0,289.0,72.0,6.0,79.0,96.0,0.9487254608118836,278.0,284.0,175,-17.0,101.0,-0.1
07:32:01,278.38,16.0,284.0,26.0,269.44,34.0,289.0,78.0,5.6200000000000045,50.0,104.0,0.9207768459256094,278.38,284.0,154,-54.0,-21.0,-0.35
07:32:02,279.7,33.0,283.79,28.0,278.96,23.0,289.0,84.0,4.090000000000032,56.0,112.0,0.45456572681274054,279.7,283.79,168,-56.0,14.0,-0.33
07:32:03,281.0,30.0,286.83,48.0,280.0,45.0,290.61,93.0,5.829999999999984,75.0,141.0,1.2395160345847331,281.0,286.83,216,-66.0,48.0,-0.31
07:32:04,282.08,26.0,287.06,64.0,280.0,39.0,289.41,44.0,4.980000000000018,65.0,108.0,1.6464902064671905,282.08,287.06,173,-43.0,-43.0,-0.25
07:32:05,283.7,20.0,287.0,60.0,280.9,30.0,290.0,40.0,3.3000000000000114,50.0,100.0,1.807686366600154,283.7,287.0,150,-50.0,-23.0,-0.33
07:32:06,284.0,30.0,286.0,30.0,283.0,45.0,287.0,52.0,2.0,75.0,82.0,1.4312686679976458,284.0,286.0,157,-7.0,7.0,-0.04
07:32:07,283.67,27.0,287.33,30.0,281.75,36.0,289.85,39.0,3.659999999999968,63.0,69.0,0.6396639742798272,283.67,287.33,132,-6.0,-25.0,-0.05
07:32:08,283.0,36.0,290.0,48.0,278.0,36.0,292.0,12.0,7.0,72.0,60.0,0.7193955796300675,283.0,290.0,132,12.0,0.0,0.09
07:32:09,283.0,19.0,287.96,28.0,278.0,39.0,292.9,40.0,4.9599999999999795,58.0,68.0,0.5592673779072236,283.0,287.96,126,-10.0,-6.0,-0.08
07:32:10,281.0,10.0,284.92,38.0,276.59,34.0,287.23,22.0,3.920000000000016,44.0,60.0,1.3089385012258645,281.0,284.92,104,-16.0,-22.0,-0.15
07:32:11,275.23,39.0,284.0,15.0,272.34,106.0,285.0,75.0,8.769999999999982,145.0,90.0,2.7818914428841093,275.23,284.0,235,55.0,131.0,0.23
07:32:12,274.45,31.0,282.12,16.0,273.54,46.0,286.53,36.0,7.670000000000016,77.0,52.0,3.573723548344554,274.45,282.12,129,25.0,-106.0,0.19
07:32:13,269.38,32.0,278.82,38.0,169.2,54.0,280.21,28.0,9.439999999999998,86.0,66.0,4.376928146542195,269.38,278.82,152,20.0,23.0,0.13
07:32:14,269.0,20.0,284.58,19.0,175.24,42.0,286.41,46.0,15.579999999999984,62.0,65.0,3.2925932029319758,269.0,284.58,127,-3.0,-25.0,-0.02
07:32:15,272.25,32.0,285.17,58.0,232.86,63.0,293.44,68.0,12.920000000000016,95.0,126.0,2.159090086122898,272.25,285.17,221,-31.0,94.0,-0.14
07:32:16,282.0,28.0,285.0,35.0,267.29,14.0,287.0,31.0,3.0,42.0,66.0,3.4324146019957924,282.0,285.0,108,-24.0,-113.0,-0.22
07:32:17,282.0,40.0,285.0,50.0,269.62,52.0,287.0,13.0,3.0,92.0,63.0,4.1522945463916265,282.0,285.0,155,29.0,47.0,0.19
07:32:18,282.0,32.0,285.0,40.0,275.0,48.0,287.0,32.0,3.0,80.0,72.0,3.221730901238222,282.0,285.0,152,8.0,-3.0,0.05
07:32:19,282.0,40.0,286.15,40.0,275.0,60.0,308.26,35.0,4.149999999999977,100.0,75.0,2.2196463682291645,282.0,286.15,175,25.0,23.0,0.14
07:32:20,282.4,53.0,286.07,43.0,276.4,60.0,287.03,32.0,3.670000000000016,113.0,75.0,0.36048578334317866,282.4,286.07,188,38.0,13.0,0.2
07:32:21,283.0,122.0,285.86,42.0,282.0,56.0,287.07,42.0,2.8600000000000136,178.0,84.0,0.42664973923874333,283.0,285.86,262,94.0,74.0,0.36
07:32:22,283.0,114.0,284.0,18.0,282.0,24.0,287.0,9.0,1.0,138.0,27.0,0.42664973923874333,283.0,284.0,165,111.0,-97.0,0.67
07:32:23,283.0,222.0,284.0,36.0,282.0,48.0,287.0,12.0,1.0,270.0,48.0,0.42664973923874333,283.0,284.0,318,222.0,153.0,0.7
07:32:24,283.0,84.0,284.91,11.0,282.0,20.0,290.6,5.0,1.910000000000025,104.0,16.0,0.4212718836956684,283.0,284.91,120,88.0,-174.5,0.73
07:32:25,283.0,135.0,289.0,9.0,281.64,59.0,291.27,11.0,6.0,194.0,20.0,1.0376078257185566,283.0,289.0,214,174.0,94.0,0.81
07:32:26,283.0,118.0,289.0,8.0,282.0,96.0,291.0,32.0,6.0,214.0,40.0,1.3001922934674988,283.0,289.0,254,174.0,40.0,0.69
07:32:27,283.0,78.0,289.0,6.0,282.0,72.0,291.0,24.0,6.0,150.0,30.0,1.256184699792229,283.0,289.0,180,120.0,-74.0,0.67
07:32:28,283.0,112.0,289.0,9.0,282.0,108.0,291.0,36.0,6.0,220.0,45.0,0.916787870770502,283.0,289.0,265,175.0,85.0,0.66
07:32:29,283.14,56.0,289.0,8.0,282.5,96.0,291.0,32.0,5.860000000000014,152.0,40.0,0.031304951553240215,283.14,289.0,192,112.0,-73.0,0.58
07:32:30,284.0,14.0,289.0,7.0,283.0,84.0,291.0,28.0,5.0,98.0,35.0,0.21789905918043118,284.0,289.0,133,63.0,-59.0,0.47
07:32:31,284.0,22.0,289.0,11.0,283.0,132.0,291.0,44.0,5.0,154.0,55.0,0.26264043860701713,284.0,289.0,209,99.0,76.0,0.47
07:32:32,283.11,37.0,289.0,5.0,282.4,60.0,291.0,20.0,5.889999999999986,97.0,25.0,0.2532390175144458,283.11,289.0,122,72.0,-87.0,0.59
07:32:33,283.0,88.0,289.0,8.0,282.0,96.0,291.0,32.0,6.0,184.0,40.0,0.2532390175144458,283.0,289.0,224,144.0,102.0,0.64
07:32:34,283.0,74.0,288.2,15.0,282.0,84.0,290.5,16.0,5.199999999999989,158.0,31.0,0.3801315561640502,283.0,288.2,189,127.0,-35.0,0.67
07:32:35,283.0,72.0,286.4,15.0,282.0,108.0,287.86,21.0,3.3999999999999773,180.0,36.0,0.6778642931972468,283.0,286.4,216,144.0,27.0,0.67
07:32:36,283.0,184.0,285.75,24.0,282.0,144.0,286.25,24.0,2.75,328.0,48.0,0.7645783151462537,283.0,285.75,376,280.0,160.0,0.74
07:32:37,283.0,240.0,285.33,39.0,282.0,180.0,291.39,56.0,2.329999999999984,420.0,95.0,0.7935363885745468,283.0,285.33,515,325.0,139.0,0.63
07:32:38,283.0,76.0,292.75,32.0,282.0,108.0,295.86,42.0,9.75,184.0,74.0,1.5181501901959082,283.0,292.75,258,110.0,-174.5,0.43
07:32:39,283.0,81.0,294.0,36.0,282.0,108.0,297.15,41.0,11.0,189.0,77.0,2.086882842900336,283.0,294.0,266,112.0,8.0,0.42
07:32:40,283.0,121.0,292.91,22.0,282.0,168.0,293.78,32.0,9.910000000000025,289.0,54.0,2.1154975774015137,283.0,292.91,343,235.0,77.0,0.69
07:32:41,283.0,28.0,292.0,7.0,282.0,84.0,293.73,22.0,9.0,112.0,29.0,1.7310257074900806,283.0,292.0,141,83.0,-174.5,0.59
07:32:42,283.0,32.0,292.0,40.0,282.0,96.0,298.0,24.0,9.0,128.0,64.0,0.4114365078495244,283.0,292.0,192,64.0,51.0,0.33
07:32:43,283.0,52.0,292.0,65.0,282.0,156.0,298.0,39.0,9.0,208.0,104.0,0.4421538193789903,283.0,292.0,312,104.0,120.0,0.33
07:32:44,282.54,39.0,292.0,60.0,280.97,110.0,298.0,36.0,9.45999999999998,149.0,96.0,0.24785076153094404,282.54,292.0,245,53.0,-67.0,0.22
07:32:45,283.0,26.0,292.0,60.0,281.36,28.0,298.0,36.0,9.0,54.0,96.0,0.10285912692357582,283.0,292.0,150,-42.0,-95.0,-0.28
07:32:46,283.0,39.0,292.0,25.0,282.0,13.0,298.0,42.0,9.0,52.0,67.0,0.10285912692357582,283.0,292.0,119,-15.0,-31.0,-0.13
07:32:47,283.0,33.0,292.0,22.0,282.0,11.0,298.0,39.0,9.0,44.0,61.0,0.10285912692357582,283.0,292.0,105,-17.0,-14.0,-0.16
07:32:48,283.0,45.0,291.2,41.0,282.0,15.0,293.9,41.0,8.199999999999989,60.0,82.0,0.18270194304246828,283.0,291.2,142,-22.0,37.0,-0.15
07:32:49,283.0,32.0,291.0,36.0,282.0,12.0,292.0,27.0,8.0,44.0,63.0,0.24899799194270533,283.0,291.0,107,-19.0,-35.0,-0.18
07:32:50,283.0,16.0,290.25,24.0,282.0,8.0,292.0,11.0,7.25,24.0,35.0,0.37105255691280076,283.0,290.25,59,-11.0,-48.0,-0.19
07:32:51,283.0,30.0,289.0,45.0,282.0,15.0,291.22,18.0,6.0,45.0,63.0,0.566286146741704,283.0,289.0,108,-18.0,49.0,-0.17
07:32:52,283.0,26.0,287.54,39.0,282.0,13.0,290.0,13.0,4.5400000000000205,39.0,52.0,0.7640811475174779,283.0,287.54,91,-13.0,-17.0,-0.14
07:32:53,281.0,21.0,286.0,27.0,278.0,72.0,290.44,9.0,5.0,93.0,36.0,1.3828304306716852,281.0,286.0,129,57.0,38.0,0.44
07:32:54,281.0,13.0,285.69,39.0,278.0,104.0,291.0,13.0,4.689999999999998,117.0,52.0,1.47107783614314,281.0,285.69,169,65.0,40.0,0.38
07:32:55,281.0,9.0,284.11,27.0,278.0,72.0,291.0,9.0,3.1100000000000136,81.0,36.0,1.437577823977376,281.0,284.11,117,45.0,-52.0,0.38
07:32:56,281.0,13.0,283.23,39.0,278.0,104.0,284.64,33.0,2.230000000000018,117.0,72.0,1.2088631022541207,281.0,283.23,189,45.0,72.0,0.24
07:32:57,278.54,39.0,282.83,29.0,277.21,76.0,283.82,33.0,4.289999999999964,115.0,62.0,1.1364506148493028,278.54,282.83,177,53.0,-12.0,0.3
07:32:58,278.0,107.0,280.62,48.0,275.0,80.0,282.31,48.0,2.6200000000000045,187.0,96.0,1.6081759853919249,278.0,280.62,283,91.0,106.0,0.32
07:32:59,278.0,47.0,279.0,39.0,275.0,65.0,281.44,27.0,1.0,112.0,66.0,1.7483363520762223,278.0,279.0,178,46.0,-105.0,0.26
07:33:00,278.0,26.0,279.0,39.0,275.0,65.0,285.46,13.0,1.0,91.0,52.0,1.5632082394841307,278.0,279.0,143,39.0,-35.0,0.27
07:33:01,276.5,52.0,280.25,32.0,274.62,74.0,287.36,14.0,3.75,126.0,46.0,0.9715348681292822,276.5,280.25,172,80.0,29.0,0.47
07:33:02,276.67,108.0,286.45,22.0,275.04,57.0,287.77,13.0,9.779999999999973,165.0,35.0,1.3436517405901742,276.67,286.45,200,130.0,28.0,0.65
07:33:03,278.67,36.0,284.43,28.0,276.52,63.0,285.86,21.0,5.759999999999991,99.0,49.0,1.6959127336013209,278.67,284.43,148,50.0,-52.0,0.34
07:33:04,282.2,40.0,284.48,29.0,275.51,84.0,285.95,59.0,2.2800000000000296,124.0,88.0,2.159185031439247,282.2,284.48,212,36.0,64.0,0.17
07:33:05,282.27,33.0,284.0,15.0,277.0,42.0,286.08,48.0,1.7300000000000182,75.0,63.0,1.9856686531220535,282.27,284.0,138,12.0,-74.0,0.09
07:33:06,277.1,42.0,281.87,15.0,275.39,31.0,283.53,15.0,4.769999999999982,73.0,30.0,1.554728272075735,277.1,281.87,103,43.0,-35.0,0.42
07:33:07,275.0,17.0,279.82,17.0,272.82,17.0,281.0,17.0,4.819999999999993,34.0,34.0,2.5275937173508276,275.0,279.82,68,0.0,-35.0,0.0
07:33:08,275.59,27.0,277.16,19.0,273.84,19.0,281.0,19.0,1.57000000000005,46.0,38.0,3.2049024946152738,275.59,277.16,84,8.0,16.0,0.1
07:33:09,276.0,26.0,281.94,34.0,275.0,13.0,284.57,58.0,5.939999999999998,39.0,92.0,2.5852717458694925,276.0,281.94,131,-53.0,47.0,-0.4
07:33:10,277.67,24.0,281.0,24.0,275.0,12.0,286.0,60.0,3.329999999999984,36.0,84.0,1.3582820031167844,277.67,281.0,120,-48.0,-11.0,-0.4
07:33:11,278.21,28.0,281.0,26.0,275.8,15.0,286.73,55.0,2.7900000000000205,43.0,81.0,1.3871193171428853,278.21,281.0,124,-38.0,4.0,-0.31
07:33:12,279.0,42.0,286.44,63.0,278.0,28.0,288.54,35.0,7.439999999999998,70.0,98.0,2.2570268053328997,279.0,286.44,168,-28.0,44.0,-0.17
07:33:13,280.85,59.0,286.0,65.0,278.0,26.0,288.0,52.0,5.149999999999977,85.0,117.0,2.090227260369428,280.85,286.0,202,-32.0,34.0,-0.16
07:33:14,281.53,38.0,286.0,55.0,279.67,27.0,288.0,44.0,4.470000000000027,65.0,99.0,2.1333236978929517,281.53,286.0,164,-34.0,-38.0,-0.21
07:33:15,282.33,42.0,286.0,60.0,280.45,33.0,288.0,48.0,3.670000000000016,75.0,108.0,1.826534970919488,282.33,286.0,183,-33.0,19.0,-0.18
07:33:16,281.0,22.0,286.0,55.0,278.0,22.0,288.0,44.0,5.0,44.0,99.0,0.5315825429714566,281.0,286.0,143,-55.0,-40.0,-0.38
07:33:17,281.0,14.0,286.0,35.0,278.0,14.0,288.0,28.0,5.0,28.0,63.0,0.30757112997164504,281.0,286.0,91,-35.0,-52.0,-0.38
07:33:18,276.55,29.0,285.21,70.0,268.21,66.0,287.58,95.0,8.659999999999968,95.0,165.0,1.3047681786401786,276.55,285.21,260,-70.0,169.0,-0.27
07:33:19,278.75,16.0,285.0,40.0,275.0,8.0,288.0,72.0,6.25,24.0,112.0,1.359110002903373,278.75,285.0,136,-88.0,-124.0,-0.65
07:33:20,279.0,29.0,287.33,82.0,275.0,19.0,293.4,139.0,8.329999999999984,48.0,221.0,1.1628757457235066,279.0,287.33,269,-173.0,133.0,-0.64
07:33:21,280.12,16.0,283.39,64.0,275.0,16.0,286.18,102.0,3.269999999999982,32.0,166.0,1.0774414137167783,280.12,283.39,198,-134.0,-71.0,-0.68
07:33:22,272.84,25.0,282.87,39.0,270.32,53.0,283.52,27.0,10.03000000000003,78.0,66.0,1.9895527135494253,272.84,282.87,144,12.0,-54.0,0.08
07:33:23,271.0,8.0,280.75,8.0,270.0,64.0,283.0,40.0,9.75,72.0,48.0,3.086797693401981,271.0,280.75,120,24.0,-24.0,0.2
07:33:24,271.0,14.0,278.57,42.0,270.0,112.0,284.51,61.0,7.569999999999993,126.0,103.0,3.646943926082723,271.0,278.57,229,23.0,109.0,0.1
07:33:25,270.41,51.0,275.55,44.0,269.11,135.0,283.74,68.0,5.139999999999986,186.0,112.0,3.357734355185285,270.41,275.55,298,74.0,69.0,0.25
07:33:26,273.14,28.0,275.14,14.0,270.0,42.0,286.0,70.0,2.0,70.0,84.0,1.8529436041044438,273.14,275.14,154,-14.0,-144.0,-0.09
07:33:27,269.46,37.0,281.88,16.0,267.8,90.0,286.5,40.0,12.420000000000016,127.0,56.0,1.1845969778754053,269.46,281.88,183,71.0,29.0,0.39
07:33:28,268.0,182.0,285.88,24.0,265.0,36.0,287.38,52.0,17.879999999999995,218.0,76.0,1.5025411807972362,268.0,285.88,294,142.0,111.0,0.48
07:33:29,268.0,294.0,283.96,45.0,265.0,42.0,285.83,71.0,15.95999999999998,336.0,116.0,1.5725838610362128,268.0,283.96,452,220.0,158.0,0.49
07:33:30,268.0,231.0,283.97,62.0,265.0,33.0,284.89,56.0,15.970000000000027,264.0,118.0,1.0148990097500272,268.0,283.97,382,146.0,-70.0,0.38
07:33:31,268.0,273.0,284.0,75.0,265.0,39.0,285.77,65.0,16.0,312.0,140.0,0.4817468214649165,268.0,284.0,452,172.0,70.0,0.38
07:33:32,269.95,83.0,282.36,66.0,268.04,160.0,284.29,70.0,12.410000000000025,243.0,136.0,0.413908202372878,269.95,282.36,379,107.0,-73.0,0.28
07:33:33,271.58,66.0,280.24,68.0,269.27,60.0,284.0,85.0,8.660000000000025,126.0,153.0,0.09262828936981257,271.58,280.24,279,-27.0,-100.0,-0.1
07:33:34,272.0,9.0,280.0,36.0,271.0,18.0,284.0,45.0,8.0,27.0,81.0,0.09165151385316678,272.0,280.0,108,-54.0,-171.0,-0.5
07:33:35,266.62,29.0,280.0,28.0,264.32,38.0,284.0,35.0,13.379999999999995,67.0,63.0,1.2141787347799058,266.62,280.0,130,4.0,22.0,0.03
07:33:36,266.0,78.0,278.57,49.0,263.0,91.0,282.13,61.0,12.569999999999993,169.0,110.0,1.804170169355402,266.0,278.57,279,59.0,149.0,0.21
07:33:37,266.0,84.0,275.77,44.0,263.0,98.0,276.75,48.0,9.769999999999982,182.0,92.0,2.2476877007253733,266.0,275.77,274,90.0,-5.0,0.33
07:33:49,272.11,9.0,274.94,35.0,269.0,27.0,277.82,85.0,2.829999999999984,36.0,120.0,3.1672827470866696,272.11,274.94,156,-84.0,36.0,-0.54
07:33:50,269.68,25.0,275.0,37.0,261.43,61.0,278.0,110.0,5.319999999999993,86.0,147.0,1.9550959055742514,269.68,275.0,233,-61.0,77.0,-0.26
07:33:59,267.0,48.0,276.0,66.0,259.76,25.0,277.0,13.0,9.0,73.0,79.0,0.9863417257689676,267.0,276.0,152,-6.0,17.0,-0.04
07:34:00,268.57,14.0,275.83,24.0,267.88,25.0,276.4,10.0,7.259999999999991,39.0,34.0,1.367289289065398,268.57,275.83,73,5.0,-79.0,0.07
07:34:01,269.0,22.0,274.9,42.0,267.36,66.0,276.29,45.0,5.899999999999977,88.0,87.0,1.3645988421485054,269.0,274.9,175,1.0,102.0,0.01
07:34:08,267.75,40.0,276.55,44.0,263.67,90.0,289.19,54.0,8.800000000000011,130.0,98.0,1.9699314708874818,267.75,276.55,228,32.0,22.0,0.14
07:34:09,268.46,26.0,277.0,52.0,261.5,109.0,316.62,52.0,8.54000000000002,135.0,104.0,2.589542430622237,268.46,277.0,239,31.0,11.0,0.13
07:34:10,269.0,16.0,277.0,32.0,263.0,72.0,290.08,26.0,8.0,88.0,58.0,2.4590994286512413,269.0,277.0,146,30.0,-93.0,0.21
07:34:11,273.4,10.0,277.0,20.0,270.6,10.0,283.0,15.0,3.6000000000000227,20.0,35.0,2.293671728908211,273.4,277.0,55,-15.0,-91.0,-0.27
07:34:12,274.0,22.0,277.29,42.0,265.64,44.0,284.69,32.0,3.2900000000000205,66.0,74.0,1.5682251113895072,274.0,277.29,140,-8.0,85.0,-0.06
07:34:13,274.0,14.0,281.86,14.0,267.0,7.0,400.0,18.0,7.860000000000014,21.0,32.0,2.1294013243145433,274.0,281.86,53,-11.0,-87.0,-0.21
07:34:14,275.29,28.0,278.0,28.0,269.82,17.0,280.14,28.0,2.7099999999999795,45.0,56.0,1.830196710736984,275.29,278.0,101,-11.0,48.0,-0.11
07:34:15,275.13,23.0,278.17,24.0,267.38,21.0,281.5,24.0,3.0400000000000205,44.0,48.0,1.058050093328497,275.13,278.17,92,-4.0,-9.0,-0.04
07:34:16,268.0,12.0,281.0,24.0,265.0,108.0,287.0,24.0,13.0,120.0,48.0,1.28127670703578,268.0,281.0,168,72.0,76.0,0.43
07:35:21,271.73,75.0,363.89,38.0,270.65,43.0,427.81,69.0,92.15999999999997,118.0,107.0,21.82635677340563,271.73,363.89,225,11.0,71.0,0.05
07:35:22,276.07,28.0,398.33,15.0,274.93,41.0,400.73,55.0,122.25999999999999,69.0,70.0,32.56390056488914,276.07,398.33,139,-1.0,-86.0,-0.01
07:35:23,276.0,42.0,395.36,14.0,275.0,16.0,397.0,14.0,119.36000000000001,58.0,28.0,33.794931276746,276.0,395.36,86,30.0,-53.0,0.35
07:35:24,277.73,33.0,379.38,24.0,276.64,33.0,386.93,15.0,101.64999999999998,66.0,39.0,27.247244447833292,277.73,379.37999999999994,105,27.0,19.0,0.26
07:35:25,278.51,43.0,299.37,27.0,276.89,38.0,338.35,34.0,20.860000000000014,81.0,61.0,19.817556105634736,278.51,299.37,142,20.0,37.0,0.14
07:35:26,280.25,48.0,290.0,12.0,279.0,60.0,292.0,12.0,9.75,108.0,24.0,25.865009568913397,280.25,290.0,132,84.0,-10.0,0.64
07:35:27,281.45,88.0,287.15,26.0,279.63,92.0,288.33,27.0,5.699999999999989,180.0,53.0,25.37878681103539,281.45,287.15,233,127.0,101.0,0.55
07:35:28,280.53,57.0,284.0,28.0,277.89,74.0,285.0,14.0,3.4700000000000273,131.0,42.0,19.557225774633416,280.53,284.0,173,89.0,-60.0,0.51
07:35:29,278.0,75.0,283.73,30.0,275.8,30.0,284.58,19.0,5.730000000000018,105.0,49.0,3.087413156671291,278.0,283.7300000000001,154,56.0,-19.0,0.36
07:35:30,278.0,36.0,280.88,17.0,275.0,18.0,282.54,13.0,2.8799999999999955,54.0,30.0,2.3521522059567466,278.0,280.88,84,24.0,-70.0,0.29
07:35:31,278.0,20.0,280.5,20.0,275.79,38.0,376.08,13.0,2.5,58.0,33.0,2.105927349171207,278.0,280.5,91,25.0,7.0,0.27
07:35:32,278.0,22.0,280.18,22.0,276.0,55.0,511.88,26.0,2.180000000000007,77.0,48.0,1.360430079051237,278.0,280.18,125,29.0,34.0,0.23
07:35:33,278.87,92.0,280.0,32.0,276.8,50.0,528.61,28.0,1.1299999999999955,142.0,60.0,0.7156675205620211,278.87,280.0,202,82.0,77.0,0.41
07:35:34,279.0,88.0,280.0,19.0,278.0,22.0,456.36,11.0,1.0,110.0,30.0,0.16902662508439387,279.0,280.0,140,80.0,-62.0,0.57
07:35:35,279.0,41.0,371.5,10.0,278.0,20.0,637.0,10.0,92.5,61.0,20.0,20.542260829810985,279.0,371.5,81,41.0,-59.0,0.51
07:35:36,276.0,18.0,361.5,6.0,275.0,42.0,631.67,6.0,85.5,60.0,12.0,23.479096660646608,276.0,361.5,72,48.0,-9.0,0.67
07:35:37,276.0,18.0,344.0,6.0,275.0,42.0,365.0,6.0,68.0,60.0,12.0,21.78911953246359,276.0,344.0,72,48.0,0.0,0.67
07:35:38,275.1,31.0,348.2,5.0,274.37,19.0,407.6,5.0,73.09999999999997,50.0,10.0,17.588298667011156,275.1,348.2,60,40.0,-12.0,0.67
07:35:39,275.0,35.0,370.6,5.0,274.0,15.0,527.6,5.0,95.60000000000002,50.0,10.0,6.708334368528967,275.0,370.6,60,40.0,0.0,0.67
07:35:40,275.56,32.0,425.38,8.0,274.89,46.0,527.38,8.0,149.82,78.0,16.0,16.356742646382468,275.56,425.38,94,62.0,34.0,0.66
07:35:41,275.07,45.0,422.0,8.0,274.07,15.0,591.25,8.0,146.93,60.0,16.0,19.63646989659767,275.07,422.0,76,44.0,-18.0,0.58
07:35:42,275.0,42.0,303.0,7.0,273.0,7.0,428.86,7.0,28.0,49.0,14.0,25.885052636608386,275.0,303.0,63,35.0,-13.0,0.56
07:35:43,282.05,59.0,334.83,6.0,274.33,6.0,511.5,6.0,52.77999999999997,65.0,12.0,26.319288934163602,282.05,334.83,77,53.0,14.0,0.69
07:35:45,283.0,58.0,392.42,19.0,275.0,36.0,527.0,7.0,109.42000000000002,94.0,26.0,40.666505013339744,283.0,392.42,120,68.0,-10.0,0.57
07:35:48,283.05,110.0,432.6,20.0,277.0,96.0,486.13,30.0,149.55,206.0,50.0,23.747903696957952,283.05,432.6,256,156.0,24.0,0.61
07:35:49,283.0,110.0,389.8,10.0,275.0,80.0,575.3,20.0,106.80000000000001,190.0,30.0,24.1179441495329,283.0,389.8,220,160.0,-36.0,0.73
07:35:52,282.33,45.0,372.12,16.0,281.61,61.0,597.38,8.0,89.79000000000002,106.0,24.0,66.52103975435135,282.33,372.12,130,82.0,31.0,0.63
07:35:53,282.0,104.0,320.71,28.0,279.67,36.0,429.75,20.0,38.70999999999998,140.0,48.0,76.92782104024519,282.0,320.71,188,92.0,58.0,0.49
07:35:54,282.0,96.0,298.91,44.0,281.0,132.0,300.9,40.0,16.910000000000025,228.0,84.0,85.25737299494976,282.0,298.91,312,144.0,124.0,0.46
07:35:55,282.0,112.0,285.2,45.0,281.0,154.0,287.51,53.0,3.1999999999999886,266.0,98.0,68.68784441223923,282.0,285.2,364,168.0,52.0,0.46
07:35:56,282.0,39.0,283.69,26.0,281.0,88.0,286.4,30.0,1.6899999999999977,127.0,56.0,18.40855426153778,282.0,283.69,183,71.0,-174.5,0.39
07:35:57,281.0,47.0,282.67,18.0,278.0,10.0,285.88,16.0,1.670000000000016,57.0,34.0,8.192098021873244,281.0,282.67,91,23.0,-92.0,0.25
07:35:58,281.0,59.0,283.58,33.0,278.0,18.0,329.0,10.0,2.579999999999984,77.0,43.0,3.5535165681306515,281.0,283.58,120,34.0,29.0,0.28
07:35:59,281.0,12.0,325.0,8.0,278.0,8.0,326.0,4.0,44.0,20.0,12.0,9.128068251277455,281.0,325.0,32,8.0,-88.0,0.25
07:36:00,281.0,24.0,323.62,16.0,278.0,16.0,327.41,17.0,42.620000000000005,40.0,33.0,11.144639069973504,281.0,323.62,73,7.0,41.0,0.1
07:36:01,281.0,36.0,317.67,24.0,278.0,24.0,320.78,36.0,36.670000000000016,60.0,60.0,10.76325322567393,281.0,317.67,120,0.0,47.0,0.0
07:36:02,281.0,33.0,303.35,23.0,278.0,22.0,318.9,21.0,22.350000000000023,55.0,44.0,8.694481008086703,281.0,303.35,99,11.0,-21.0,0.11
07:36:03,281.0,30.0,317.0,10.0,278.0,20.0,318.0,20.0,36.0,50.0,30.0,4.289017369978886,281.0,317.0,80,20.0,-19.0,0.25
07:36:04,281.0,24.0,316.09,44.0,278.0,24.0,317.5,16.0,35.089999999999975,48.0,60.0,3.717071427882515,281.0,316.09,108,-12.0,28.0,-0.11
07:36:05,278.83,18.0,314.21,72.0,275.08,187.0,315.17,24.0,35.379999999999995,205.0,96.0,2.9717721985341563,278.83,314.21,301,109.0,173.5,0.36
07:36:06,281.0,13.0,310.26,38.0,278.0,13.0,311.35,52.0,29.25999999999999,26.0,90.0,2.7330989736891143,281.0,310.26,116,-64.0,-174.5,-0.55
07:36:07,281.0,7.0,306.12,8.0,278.0,7.0,307.88,17.0,25.120000000000005,14.0,25.0,2.2213666964237504,281.0,306.12,39,-11.0,-77.0,-0.28
07:36:08,281.0,9.0,304.56,9.0,278.0,9.0,307.0,18.0,23.560000000000002,18.0,27.0,2.317297995506967,281.0,304.56,45,-9.0,6.0,-0.2
07:36:09,281.0,10.0,303.23,26.0,278.0,10.0,306.25,16.0,22.230000000000018,20.0,42.0,1.8807764354065608,281.0,303.23,62,-22.0,17.0,-0.35
07:36:10,281.88,56.0,300.43,58.0,279.5,14.0,302.03,39.0,18.55000000000001,70.0,97.0,1.6929471344317601,281.88,300.42999999999995,167,-27.0,105.0,-0.16
07:36:11,282.0,65.0,294.11,28.0,281.0,10.0,295.76,34.0,12.110000000000014,75.0,62.0,2.138123008617789,282.0,294.11,137,13.0,-30.0,0.09
07:36:12,282.0,32.0,286.94,63.0,281.0,18.0,288.46,56.0,4.939999999999998,50.0,119.0,3.4467274333751545,282.0,286.94,169,-69.0,32.0,-0.41
07:36:13,279.13,23.0,282.68,41.0,276.34,79.0,284.05,63.0,3.5500000000000114,102.0,104.0,4.675745929793589,279.13,282.68,206,-2.0,37.0,-0.01
07:36:14,276.0,22.0,280.58,38.0,274.81,54.0,282.11,57.0,4.579999999999984,76.0,95.0,5.20218031213661,276.0,280.58,171,-19.0,-35.0,-0.11
07:36:15,270.33,18.0,275.63,27.0,227.26,19.0,276.41,27.0,5.300000000000011,37.0,54.0,5.77490259657964,270.33,275.63,91,-17.0,-80.0,-0.19
07:36:17,269.75,103.0,300.23,26.0,258.25,24.0,285.52,46.0,30.480000000000018,127.0,72.0,6.0086912052445065,269.75,300.23,199,55.0,102.0,0.28
07:36:18,274.04,47.0,426.63,27.0,278.88,107.0,520.85,40.0,152.58999999999997,154.0,67.0,33.47537856395325,274.04,426.63,221,87.0,22.0,0.39
07:36:19,283.45,20.0,291.5,34.0,281.56,45.0,326.43,14.0,8.050000000000011,65.0,48.0,32.826552971641426,283.45,291.5,113,17.0,-108.0,0.15
07:36:20,282.0,54.0,291.0,18.0,273.57,7.0,345.2,10.0,9.0,61.0,28.0,31.267927657585183,282.0,291.0,89,33.0,-24.0,0.37
07:36:21,282.07,72.0,290.08,36.0,280.77,44.0,339.57,42.0,8.009999999999991,116.0,78.0,28.670246249378124,282.07,290.08,194,38.0,105.0,0.2
07:36:22,283.0,11.0,287.27,22.0,282.0,77.0,290.0,33.0,4.269999999999982,88.0,55.0,28.651892084118646,283.0,287.27,143,33.0,-51.0,0.23
07:36:23,282.3,20.0,284.5,24.0,281.73,44.0,286.0,16.0,2.1999999999999886,64.0,40.0,1.5455096246823872,282.3,284.5,104,24.0,-39.0,0.23
07:36:24,282.0,45.0,283.42,36.0,276.0,11.0,285.28,25.0,1.420000000000016,56.0,61.0,1.655771723392525,282.0,283.42,117,-5.0,13.0,-0.04
07:36:25,278.25,16.0,284.15,26.0,261.51,47.0,438.36,14.0,5.899999999999977,63.0,40.0,1.9402267908640487,278.25,284.15,103,23.0,-14.0,0.22
07:36:26,274.2,15.0,280.75,16.0,271.0,56.0,437.17,12.0,6.550000000000011,71.0,28.0,2.889339024757603,274.2,280.75,99,43.0,-4.0,0.43
07:36:27,273.0,72.0,276.64,14.0,181.25,24.0,311.83,18.0,3.6399999999999864,96.0,32.0,3.657064396478162,273.0,276.64,128,64.0,29.0,0.5
07:36:28,273.0,54.0,276.0,8.0,200.0,48.0,277.0,24.0,3.0,102.0,32.0,3.7066184049601127,273.0,276.0,134,70.0,6.0,0.52
07:36:29,273.83,24.0,443.21,19.0,218.4,40.0,467.0,22.0,169.38,64.0,41.0,36.555714737917256,273.83,443.21,105,23.0,-29.0,0.22
07:36:30,278.0,6.0,327.0,18.0,276.0,6.0,676.38,8.0,49.0,12.0,26.0,36.02985817346467,278.0,327.0,38,-14.0,-67.0,-0.37
07:36:31,278.0,5.0,327.0,15.0,276.0,5.0,365.0,10.0,49.0,10.0,25.0,34.23594485332597,278.0,327.0,35,-15.0,-3.0,-0.43
07:36:32,278.0,5.0,337.36,11.0,276.0,5.0,439.5,8.0,59.360000000000014,10.0,19.0,30.531233188326556,278.0,337.36,29,-9.0,-6.0,-0.31
07:36:33,274.0,20.0,292.75,8.0,272.0,12.0,393.33,12.0,18.75,32.0,20.0,28.180232078532857,274.0,292.75,52,12.0,23.0,0.23
07:36:34,273.0,20.0,299.0,5.0,127.0,14.0,601.0,5.0,26.0,34.0,10.0,10.94689545030831,273.0,299.0,44,24.0,-8.0,0.55
07:36:35,280.35,26.0,379.5,8.0,275.0,20.0,601.0,8.0,99.14999999999998,46.0,16.0,18.806176644921152,280.35,379.5,62,30.0,18.0,0.48
07:36:36,279.0,5.0,460.0,5.0,273.57,14.0,601.0,5.0,181.0,19.0,10.0,35.660991012589236,279.0,460.0,29,9.0,-33.0,0.31
07:36:37,280.0,24.0,404.67,6.0,279.0,4.0,565.75,4.0,124.67000000000002,28.0,10.0,37.14678424843753,280.0,404.67,38,18.0,9.0,0.47
07:36:38,280.0,42.0,374.86,14.0,279.0,7.0,394.23,13.0,94.86000000000001,49.0,27.0,30.205644009025225,280.0,374.86,76,22.0,38.0,0.29
07:36:39,280.23,47.0,362.09,23.0,279.88,48.0,376.08,26.0,81.85999999999996,95.0,49.0,19.180541441783056,280.23,362.09,144,46.0,68.0,0.32
07:36:40,280.79,28.0,284.98,59.0,279.48,25.0,359.62,26.0,4.189999999999998,53.0,85.0,31.655749082906954,280.79,284.98,138,-32.0,-6.0,-0.23
07:36:41,278.95,37.0,306.43,68.0,276.0,188.0,354.43,40.0,27.480000000000018,225.0,108.0,24.770576698978495,278.95,306.43,333,117.0,173.5,0.35
07:36:42,276.33,109.0,294.05,38.0,274.2,70.0,304.34,56.0,17.720000000000027,179.0,94.0,20.907729431958526,276.33,294.05,273,85.0,-60.0,0.31
07:36:43,278.71,28.0,283.32,19.0,277.81,31.0,284.48,25.0,4.610000000000014,59.0,44.0,16.576820262040354,278.71,283.32,103,15.0,-170.0,0.15
07:36:44,279.48,31.0,281.41,17.0,277.31,49.0,283.87,15.0,1.9300000000000068,80.0,32.0,4.966762527038868,279.48,281.41,112,48.0,9.0,0.43
07:36:45,278.36,11.0,283.08,13.0,276.04,93.0,433.24,29.0,4.71999999999997,104.0,42.0,5.224282725886663,278.36,283.08,146,62.0,34.0,0.42
07:36:46,278.0,12.0,280.57,30.0,276.0,156.0,281.33,18.0,2.569999999999993,168.0,48.0,2.255253865976021,278.0,280.57,216,120.0,70.0,0.56
07:36:47,276.02,165.0,279.95,41.0,275.07,71.0,411.12,59.0,3.930000000000007,236.0,100.0,1.251147473322304,276.02,279.95,336,136.0,120.0,0.4
07:36:48,276.0,156.0,279.93,42.0,274.55,33.0,464.11,45.0,3.930000000000007,189.0,87.0,1.3085297092543349,276.0,279.93,276,102.0,-60.0,0.37
07:36:49,277.0,22.0,279.0,33.0,276.0,99.0,556.06,34.0,2.0,121.0,67.0,1.2163469899669015,277.0,279.0,188,54.0,-88.0,0.29
07:36:50,276.1,60.0,342.22,27.0,275.69,39.0,483.55,33.0,66.12,99.0,60.0,13.809084690883699,276.1,342.22,159,39.0,-29.0,0.25
07:36:51,280.38,48.0,365.76,29.0,275.96,94.0,483.15,39.0,85.38,142.0,68.0,21.45678051339466,280.38,365.76,210,74.0,51.0,0.35
07:36:52,283.58,48.0,343.15,27.0,276.7,90.0,396.62,26.0,59.56999999999999,138.0,53.0,21.000965930165872,283.58,343.15,191,85.0,-19.0,0.45
07:36:53,285.0,53.0,394.33,9.0,283.0,27.0,397.0,27.0,109.32999999999998,80.0,36.0,22.649380344724197,285.0,394.33,116,44.0,-75.0,0.38
07:36:54,285.0,50.0,392.75,16.0,283.0,30.0,393.43,14.0,107.75,80.0,30.0,14.120961369537499,285.0,392.75,110,50.0,-6.0,0.45
07:36:55,284.71,28.0,390.74,19.0,280.67,54.0,391.57,23.0,106.03000000000003,82.0,42.0,11.78153555356715,284.71,390.74,124,40.0,14.0,0.32
07:36:56,283.0,26.0,390.0,13.0,276.0,117.0,391.0,26.0,107.0,143.0,39.0,11.166451987984583,283.0,390.0,182,104.0,58.0,0.57
07:36:57,277.27,44.0,388.38,13.0,275.82,44.0,390.09,11.0,111.11000000000001,88.0,24.0,2.681449235014892,277.27,388.38,112,64.0,-70.0,0.57
07:36:58,276.0,99.0,341.92,24.0,275.0,22.0,346.1,21.0,65.92000000000002,121.0,45.0,12.51744582572526,276.0,341.92,166,76.0,54.0,0.46
07:36:59,276.0,99.0,311.33,18.0,275.0,22.0,312.67,15.0,35.329999999999984,121.0,33.0,19.669666240177378,276.0,311.33,154,88.0,-12.0,0.57
07:37:00,276.0,72.0,310.0,16.0,275.0,16.0,312.0,8.0,34.0,88.0,24.0,20.829360767915578,276.0,310.0,112,64.0,-42.0,0.57
07:37:01,276.76,63.0,309.14,28.0,275.77,70.0,312.0,14.0,32.379999999999995,133.0,42.0,17.357882071266268,276.76,309.14,175,91.0,63.0,0.52
07:37:02,276.43,28.0,307.0,10.0,275.43,14.0,312.0,5.0,30.569999999999993,42.0,15.0,7.247073202334351,276.43,307.0,57,27.0,-118.0,0.47
07:37:03,279.0,52.0,305.19,16.0,276.0,96.0,307.17,24.0,26.189999999999998,148.0,40.0,0.7817160609806353,279.0,305.19,188,108.0,131.0,0.57
07:37:04,279.0,44.0,304.24,34.0,276.0,99.0,305.39,23.0,25.24000000000001,143.0,57.0,0.6640256019125663,279.0,304.24,200,86.0,12.0,0.43
07:37:05,276.1,121.0,301.61,31.0,275.26,35.0,302.51,55.0,25.50999999999999,156.0,86.0,1.5381904953535335,276.1,301.61,242,70.0,42.0,0.29
07:37:06,276.1,80.0,298.61,18.0,275.69,52.0,300.33,18.0,22.50999999999999,132.0,36.0,2.100468995247683,276.1,298.61,168,96.0,-74.0,0.57
07:37:07,277.54,48.0,294.8,50.0,275.86,70.0,296.03,34.0,17.25999999999999,118.0,84.0,2.5927109364519776,277.54,294.8,202,34.0,34.0,0.17
07:37:08,281.0,26.0,292.68,25.0,276.0,93.0,294.04,55.0,11.680000000000007,119.0,80.0,2.168155898453469,281.0,292.68,199,39.0,-3.0,0.2
07:37:09,285.0,43.0,289.21,58.0,281.0,30.0,289.15,41.0,4.2099999999999795,73.0,99.0,0.9949773866773106,285.0,289.21,172,-26.0,-27.0,-0.15
07:37:10,276.0,72.0,285.23,13.0,271.0,24.0,286.75,20.0,9.230000000000018,96.0,33.0,2.8288195417877984,276.0,285.23,129,63.0,-43.0,0.49
07:37:11,276.85,123.0,281.09,68.0,273.31,48.0,282.6,40.0,4.239999999999952,171.0,108.0,3.843559548127468,276.85,281.09,279,63.0,150.0,0.23
07:37:12,277.0,27.0,278.0,31.0,275.0,21.0,283.36,11.0,1.0,48.0,42.0,4.487725481800681,277.0,278.0,90,6.0,-174.5,0.07
07:37:13,276.0,12.0,278.0,15.0,272.2,15.0,378.0,16.0,2.0,27.0,31.0,4.087238676662356,276.0,278.0,58,-4.0,-32.0,-0.07
07:37:14,275.17,36.0,277.55,33.0,273.81,63.0,453.8,41.0,2.3799999999999955,99.0,74.0,1.710584695361833,275.17,277.55,173,25.0,115.0,0.14
07:37:15,275.0,33.0,277.0,22.0,274.0,66.0,528.45,33.0,2.0,99.0,55.0,1.1621875924336966,275.0,277.0,154,44.0,-19.0,0.29
07:37:16,274.62,24.0,277.0,16.0,273.38,48.0,584.8,10.0,2.3799999999999955,72.0,26.0,0.7053226212218492,274.62,277.0,98,46.0,-56.0,0.47
07:37:17,273.5,36.0,277.0,18.0,271.8,45.0,326.71,21.0,3.5,81.0,39.0,0.6505612961186518,273.5,277.0,120,42.0,22.0,0.35
07:37:18,273.0,42.0,277.0,7.0,267.0,21.0,351.29,21.0,4.0,63.0,28.0,0.5542833210623176,273.0,277.0,91,35.0,-29.0,0.38
07:37:19,273.82,68.0,277.0,10.0,270.67,54.0,544.65,20.0,3.180000000000007,122.0,30.0,0.4082033806915526,273.82,277.0,152,92.0,61.0,0.61
07:37:20,274.0,91.0,276.04,57.0,270.0,78.0,354.79,14.0,2.0400000000000205,169.0,71.0,0.3328212733708198,274.0,276.04,240,98.0,88.0,0.41
07:37:21,274.0,72.0,276.26,46.0,270.0,72.0,351.33,12.0,2.259999999999991,144.0,58.0,0.1707922715121727,274.0,276.26,202,86.0,-38.0,0.43
07:37:22,274.0,48.0,278.17,60.0,270.0,72.0,326.31,13.0,4.170000000000016,120.0,73.0,0.45107649019667584,274.0,278.17,193,47.0,-9.0,0.24
07:37:23,276.18,38.0,278.38,29.0,273.65,46.0,360.4,20.0,2.1999999999999886,84.0,49.0,0.9323250506168693,276.18,278.38,133,35.0,-60.0,0.26
07:37:24,278.0,36.0,282.0,12.0,274.36,14.0,553.87,45.0,4.0,50.0,57.0,2.0553637147733737,278.0,282.0,107,-7.0,-26.0,-0.07
07:37:25,279.0,39.0,282.0,13.0,272.0,26.0,496.23,52.0,3.0,65.0,65.0,2.371058835205503,279.0,282.0,130,0.0,23.0,0.0
07:37:26,280.53,64.0,442.12,51.0,279.88,75.0,562.14,56.0,161.59000000000003,139.0,107.0,37.09969919015504,280.53,442.12,246,32.0,116.0,0.13
07:37:27,284.0,70.0,415.11,27.0,279.71,21.0,624.43,28.0,131.11,91.0,55.0,41.95004553036836,284.0,415.11000000000007,146,36.0,-100.0,0.25
07:37:28,284.0,69.0,316.24,34.0,280.0,27.0,564.74,31.0,32.24000000000001,96.0,65.0,38.64631418389046,284.0,316.24,161,31.0,15.0,0.19
07:37:29,284.08,53.0,367.71,21.0,281.6,35.0,394.4,30.0,83.63,88.0,51.0,33.5812822864161,284.08,367.71,139,37.0,-22.0,0.27
07:37:30,284.0,25.0,368.4,10.0,280.55,11.0,369.5,12.0,84.39999999999998,36.0,22.0,23.73506309239464,284.0,368.4,58,14.0,-81.0,0.24
07:37:31,284.0,25.0,367.6,10.0,283.0,5.0,368.6,10.0,83.60000000000002,30.0,20.0,17.49113432570805,284.0,367.6,50,10.0,-8.0,0.2
07:37:32,284.0,49.0,309.46,26.0,283.0,11.0,317.03,29.0,25.45999999999998,60.0,55.0,15.131638047480983,284.0,309.46,115,5.0,65.0,0.04
07:37:33,284.0,4.0,296.0,4.0,283.0,2.0,367.0,4.0,12.0,6.0,8.0,18.0133014741878,284.0,296.0,14,-2.0,-101.0,-0.14
07:37:34,284.0,17.0,296.0,26.0,283.0,13.0,367.0,26.0,12.0,30.0,52.0,18.692848365082956,284.0,296.0,82,-22.0,68.0,-0.27
07:37:35,284.0,11.0,295.0,22.0,283.0,11.0,328.27,22.0,11.0,22.0,44.0,15.603514988616917,284.0,295.0,66,-22.0,-16.0,-0.33
07:37:36,284.0,8.0,293.0,16.0,283.0,8.0,296.0,16.0,9.0,16.0,32.0,3.2908327213641817,284.0,293.0,48,-16.0,-18.0,-0.33
07:37:37,284.0,11.0,291.36,22.0,283.0,11.0,293.82,22.0,7.360000000000014,22.0,44.0,1.01856762171357,284.0,291.36,66,-22.0,18.0,-0.33
07:37:38,284.0,9.0,288.56,18.0,283.0,9.0,289.67,18.0,4.560000000000002,18.0,36.0,1.48260581410034,284.0,288.56,54,-18.0,-12.0,-0.33
07:37:39,283.47,15.0,287.23,26.0,281.59,17.0,289.0,26.0,3.759999999999991,32.0,52.0,1.6685382824511885,283.47,287.23,84,-20.0,30.0,-0.24
07:37:40,282.0,16.0,285.25,16.0,279.0,24.0,286.25,16.0,3.25,40.0,32.0,1.9254038537425,282.0,285.25,72,8.0,-12.0,0.11
07:37:41,279.83,29.0,282.54,26.0,276.77,47.0,283.45,22.0,2.7100000000000364,76.0,48.0,2.5140445501239927,279.83,282.54,124,28.0,52.0,0.23
07:37:42,279.0,27.0,284.78,18.0,275.5,48.0,295.0,9.0,5.779999999999973,75.0,27.0,2.179754573342944,279.0,284.78,102,48.0,-22.0,0.47
07:37:43,279.06,32.0,283.25,24.0,273.58,72.0,295.0,12.0,4.189999999999998,104.0,36.0,1.815833142117039,279.06,283.25,140,68.0,38.0,0.49
07:37:44,279.09,33.0,281.23,26.0,277.42,19.0,295.0,13.0,2.140000000000043,52.0,39.0,1.285309301301332,279.09,281.23,91,13.0,-49.0,0.14
07:37:45,272.39,108.0,291.38,21.0,270.4,30.0,314.71,63.0,18.99000000000001,138.0,84.0,0.7084348946883459,272.39,291.38,222,54.0,131.0,0.24
07:37:46,272.34,44.0,291.0,13.0,271.35,49.0,345.53,57.0,18.660000000000025,93.0,70.0,0.7292256166729169,272.34,291.0,163,23.0,-59.0,0.14
07:37:47,272.0,36.0,289.83,18.0,270.58,24.0,361.88,40.0,17.829999999999984,60.0,58.0,0.6775101475344745,272.0,289.83,118,2.0,-45.0,0.02
07:37:48,272.0,45.0,289.0,30.0,271.0,30.0,291.4,15.0,17.0,75.0,45.0,0.7385661784920268,272.0,289.0,120,30.0,2.0,0.25
07:37:49,272.0,33.0,288.8,25.0,222.24,34.0,291.5,12.0,16.80000000000001,67.0,37.0,0.6731121749101617,272.0,288.8,104,30.0,-16.0,0.29
07:37:50,272.0,24.0,287.75,40.0,258.5,24.0,289.0,16.0,15.75,48.0,56.0,0.6686404115910947,272.0,287.75,104,-8.0,0.0,-0.08
07:37:51,281.92,61.0,287.0,65.0,280.99,115.0,289.0,26.0,5.079999999999984,176.0,91.0,1.8420966315620027,281.92,287.0,267,85.0,163.0,0.32
07:37:52,283.0,46.0,285.4,50.0,282.0,130.0,289.0,20.0,2.3999999999999773,176.0,70.0,2.243506184527106,283.0,285.4,246,106.0,-21.0,0.43
07:37:53,283.0,13.0,284.62,65.0,282.0,169.0,289.0,50.0,1.6200000000000045,182.0,115.0,2.2197747633511558,283.0,284.62,297,67.0,51.0,0.23
07:37:54,282.12,74.0,284.91,55.0,281.13,127.0,290.43,42.0,2.7900000000000205,201.0,97.0,1.876240922698891,282.12,284.91,298,104.0,1.0,0.35
07:37:55,282.0,130.0,288.2,20.0,271.0,20.0,291.7,40.0,6.199999999999989,150.0,60.0,0.6104260807082967,282.0,288.2,210,90.0,-88.0,0.43
07:37:56,282.0,190.0,285.46,52.0,273.25,32.0,287.41,44.0,3.4599999999999795,222.0,96.0,0.6251959692840721,282.0,285.46,318,126.0,108.0,0.4
07:37:57,282.0,26.0,283.0,12.0,274.0,6.0,286.0,4.0,1.0,32.0,16.0,0.9273995902573257,282.0,283.0,48,16.0,-174.5,0.33
07:37:58,282.0,96.0,284.4,30.0,278.29,42.0,291.27,30.0,2.3999999999999773,138.0,60.0,0.9543060305843212,282.0,284.4,198,78.0,150.0,0.39
07:37:59,282.16,76.0,289.05,21.0,280.29,56.0,290.86,14.0,6.889999999999986,132.0,35.0,1.2970659196853085,282.16,289.05,167,97.0,-31.0,0.58
07:38:00,283.5,42.0,288.85,26.0,282.0,104.0,291.0,13.0,5.350000000000023,146.0,39.0,1.5766895699562509,283.5,288.85,185,107.0,18.0,0.58
07:38:01,284.59,44.0,287.08,24.0,282.9,87.0,288.21,33.0,2.490000000000009,131.0,57.0,1.684731432605294,284.59,287.08,188,74.0,3.0,0.39
07:38:02,284.75,24.0,286.1,20.0,283.26,43.0,289.35,17.0,1.3500000000000227,67.0,37.0,1.1781213859393138,284.75,286.1,104,30.0,-84.0,0.29
07:38:03,282.73,66.0,287.0,14.0,281.18,88.0,293.86,29.0,4.269999999999982,154.0,43.0,0.489131884063119,282.73,287.0,197,111.0,93.0,0.56
07:38:04,282.0,70.0,287.0,10.0,279.0,40.0,295.18,34.0,5.0,110.0,44.0,0.6857477670451434,282.0,287.0,154,66.0,-43.0,0.43
07:38:05,282.0,42.0,287.0,6.0,279.0,24.0,295.0,24.0,5.0,66.0,30.0,0.5930261377104614,282.0,287.0,96,36.0,-58.0,0.38
07:38:06,282.0,25.0,286.2,10.0,279.0,40.0,295.0,40.0,4.199999999999989,65.0,50.0,0.4990190377211933,282.0,286.2,115,15.0,19.0,0.13
07:38:07,282.0,28.0,283.82,11.0,279.0,44.0,291.0,44.0,1.8199999999999932,72.0,55.0,0.7560290999748329,282.0,283.82,127,17.0,12.0,0.13
07:38:08,282.0,38.0,291.63,38.0,279.0,56.0,292.75,32.0,9.629999999999995,94.0,70.0,1.418513306249984,282.0,291.63,164,24.0,37.0,0.15
07:38:09,282.0,18.0,297.0,36.0,278.56,25.0,298.0,9.0,15.0,43.0,45.0,2.616711676896606,282.0,297.0,88,-2.0,-76.0,-0.02
07:38:10,282.0,11.0,297.0,36.0,278.0,18.0,298.0,9.0,15.0,29.0,45.0,3.030211213761482,282.0,297.0,74,-16.0,-14.0,-0.22
07:38:11,282.0,25.0,297.0,32.0,278.0,16.0,299.0,8.0,15.0,41.0,40.0,2.8906712023342607,282.0,297.0,81,1.0,7.0,0.01
07:38:12,282.0,144.0,297.0,32.0,278.0,16.0,300.0,8.0,15.0,160.0,40.0,1.198532435941173,282.0,297.0,200,120.0,119.0,0.6
07:38:13,282.45,66.0,297.0,28.0,281.83,94.0,300.0,7.0,14.550000000000011,160.0,35.0,0.10285912697636947,282.45,297.0,195,125.0,-5.0,0.64
07:38:14,283.82,66.0,297.0,44.0,282.0,198.0,300.0,11.0,13.180000000000007,264.0,55.0,0.3940431448485277,283.82,297.0,319,209.0,124.0,0.66
07:38:15,285.0,90.0,295.39,36.0,282.11,210.0,297.18,51.0,10.389999999999986,300.0,87.0,0.4145238232019243,285.0,295.39,387,213.0,68.0,0.55
07:38:16,285.0,60.0,293.2,20.0,284.0,30.0,295.2,40.0,8.199999999999989,90.0,60.0,0.5263363943354413,285.0,293.2,150,30.0,-174.5,0.2
07:38:17,285.0,78.0,291.15,26.0,284.0,39.0,297.77,52.0,6.149999999999977,117.0,78.0,0.93987765161345,285.0,291.15,195,39.0,45.0,0.2
07:38:18,285.0,80.0,287.4,30.0,284.0,45.0,298.92,78.0,2.3999999999999773,125.0,108.0,1.724276659936946,285.0,287.4,233,17.0,38.0,0.07
07:38:19,284.26,35.0,296.9,62.0,283.33,45.0,333.62,73.0,12.639999999999986,80.0,135.0,1.7652478579517479,284.26,296.9,215,-55.0,-18.0,-0.26
07:38:20,284.0,26.0,292.85,34.0,283.0,39.0,322.61,46.0,8.850000000000023,65.0,80.0,1.5933675031215109,284.0,292.85,145,-15.0,-70.0,-0.1
07:38:21,282.26,100.0,285.0,11.0,281.52,120.0,286.0,44.0,2.740000000000009,220.0,55.0,2.611863319548926,282.26,285.0,275,165.0,130.0,0.6
07:38:22,282.0,279.0,284.0,10.0,278.0,46.0,285.8,25.0,2.0,325.0,35.0,3.196133601714181,282.0,284.0,360,290.0,85.0,0.81
07:38:23,282.4,86.0,294.03,91.0,281.93,450.0,307.89,76.0,11.629999999999995,536.0,167.0,3.2946092332788015,282.4,294.03,703,369.0,173.5,0.52
07:38:24,283.0,24.0,295.0,60.0,282.0,312.0,299.08,48.0,12.0,336.0,108.0,2.888568849795057,283.0,295.0,444,228.0,-174.5,0.51
07:38:25,283.64,28.0,287.9,40.0,282.12,148.0,295.73,66.0,4.259999999999991,176.0,106.0,2.6703688883761045,283.64,287.9,282,70.0,-162.0,0.25
07:38:26,284.0,18.0,287.0,18.0,283.0,18.0,290.9,31.0,3.0,36.0,49.0,2.3847913954907094,284.0,287.0,85,-13.0,-174.5,-0.15
07:38:27,284.0,16.0,287.0,16.0,283.0,16.0,295.5,40.0,3.0,32.0,56.0,1.6784606042459949,284.0,287.0,88,-24.0,3.0,-0.27
07:38:28,284.0,26.0,287.0,26.0,283.0,26.0,293.0,65.0,3.0,52.0,91.0,1.5395064144090425,284.0,287.0,143,-39.0,55.0,-0.27
07:38:29,284.0,26.0,287.0,26.0,283.0,26.0,293.0,65.0,3.0,52.0,91.0,0.12074767081615081,284.0,287.0,143,-39.0,0.0,-0.27
07:38:30,283.94,32.0,285.55,56.0,282.73,49.0,288.59,44.0,1.6100000000000136,81.0,100.0,0.3354101966366015,283.94,285.55,181,-19.0,38.0,-0.1
07:38:31,282.39,36.0,284.52,23.0,281.92,99.0,291.07,41.0,2.1299999999999955,135.0,64.0,0.8898426827301353,282.39,284.52,199,71.0,18.0,0.36
07:38:32,281.12,34.0,283.09,22.0,279.43,23.0,290.11,18.0,1.9699999999999704,57.0,40.0,1.468066755978489,281.12,283.09,97,17.0,-102.0,0.18
07:38:33,280.09,33.0,282.33,12.0,277.0,20.0,293.41,34.0,2.240000000000009,53.0,46.0,1.7834040484450937,280.09,282.33,99,7.0,2.0,0.07
07:38:34,278.0,26.0,281.54,13.0,276.0,26.0,296.67,49.0,3.5400000000000205,52.0,62.0,1.9344430723109438,278.0,281.54,114,-10.0,15.0,-0.09
07:38:35,275.58,31.0,279.92,13.0,272.61,31.0,281.0,13.0,4.340000000000032,62.0,26.0,2.195465782018374,275.58,279.92,88,36.0,-26.0,0.41
07:38:36,278.86,29.0,288.22,27.0,271.22,27.0,294.64,33.0,9.360000000000014,56.0,60.0,2.219330980276167,278.86,288.22,116,-4.0,28.0,-0.03
07:38:37,279.33,18.0,287.0,40.0,271.7,30.0,296.0,54.0,7.670000000000016,48.0,94.0,2.410460536912664,279.33,287.0,142,-46.0,26.0,-0.32
07:38:38,272.0,8.0,287.0,32.0,271.0,24.0,296.0,40.0,15.0,32.0,72.0,2.508152706677518,272.0,287.0,104,-40.0,-38.0,-0.38
07:38:39,277.93,91.0,286.98,41.0,271.77,13.0,295.33,54.0,9.050000000000011,104.0,95.0,2.5336673025503966,277.93,286.98,199,9.0,95.0,0.05
07:38:40,277.0,63.0,286.0,9.0,271.0,15.0,287.78,36.0,9.0,78.0,45.0,1.615385402933913,277.0,286.0,123,33.0,-76.0,0.27
07:38:41,271.0,30.0,284.75,40.0,270.0,12.0,295.08,50.0,13.75,42.0,90.0,2.179208571939241,271.0,284.75,132,-48.0,9.0,-0.36
07:38:42,270.14,22.0,280.0,15.0,257.1,51.0,295.25,55.0,9.860000000000014,73.0,70.0,2.9457511775463376,270.14,280.0,143,3.0,11.0,0.02
07:38:44,268.46,13.0,276.21,33.0,212.53,77.0,286.37,41.0,7.75,90.0,74.0,4.391021521243203,268.46,276.21,164,16.0,68.0,0.1
07:38:59,274.33,83.0,435.7,20.0,267.53,126.0,542.58,19.0,161.37,209.0,39.0,37.813856851688726,274.33,435.7,248,170.0,-10.0,0.69
07:39:00,275.04,168.0,401.73,22.0,274.67,54.0,573.46,13.0,126.69,222.0,35.0,41.91888273797368,275.04,401.7300000000001,257,187.0,9.0,0.73
07:39:01,275.08,145.0,294.2,30.0,274.51,107.0,439.0,18.0,19.120000000000005,252.0,48.0,39.289005841329,275.08,294.2,300,204.0,43.0,0.68
07:39:02,275.08,122.0,277.0,8.0,273.39,46.0,433.21,19.0,1.920000000000016,168.0,27.0,38.39944504807306,275.08,277.0,195,141.0,-105.0,0.72
07:39:03,280.99,73.0,303.73,22.0,275.08,152.0,425.94,32.0,22.74000000000001,225.0,54.0,35.129604039897416,280.99,303.73,279,171.0,84.0,0.61
07:39:04,283.0,145.0,347.52,29.0,280.75,101.0,376.11,38.0,64.51999999999998,246.0,67.0,25.324633857175257,283.0,347.52,313,179.0,34.0,0.57
07:39:05,283.0,159.0,349.55,29.0,282.0,176.0,380.52,29.0,66.55000000000001,335.0,58.0,18.157171585904923,283.0,349.55,393,277.0,80.0,0.7
07:39:06,283.0,133.0,352.0,36.0,282.0,144.0,550.41,17.0,69.0,277.0,53.0,18.545730505967796,283.0,352.0,330,224.0,-63.0,0.68
07:39:07,283.0,142.0,350.93,56.0,282.0,224.0,359.52,54.0,67.93,366.0,110.0,10.82808016224364,283.0,350.93,476,256.0,146.0,0.54
07:39:08,283.0,27.0,349.0,12.0,282.0,48.0,352.0,12.0,66.0,75.0,24.0,0.8656789242947013,283.0,349.0,99,51.0,-174.5,0.52
07:39:09,283.0,72.0,328.88,32.0,282.0,128.0,349.38,32.0,45.879999999999995,200.0,64.0,4.840896611163127,283.0,328.88,264,136.0,165.0,0.52
07:39:10,283.0,91.0,344.92,52.0,282.0,216.0,471.69,52.0,61.920000000000016,307.0,104.0,4.742121887928581,283.0,344.92,411,203.0,147.0,0.49
07:39:11,283.0,28.0,284.0,12.0,282.0,64.0,348.0,16.0,1.0,92.0,28.0,13.978974211292506,283.0,284.0,120,64.0,-174.5,0.53
07:39:12,282.39,132.0,283.95,38.0,281.58,143.0,372.39,51.0,1.5600000000000023,275.0,89.0,16.127175202123603,282.39,283.95,364,186.0,173.5,0.51
07:39:13,282.0,128.0,283.0,16.0,278.0,24.0,284.5,24.0,1.0,152.0,40.0,15.00484188520493,282.0,283.0,192,112.0,-172.0,0.58
07:39:14,282.0,151.0,283.0,20.0,278.0,30.0,286.0,30.0,1.0,181.0,50.0,13.889394515241007,282.0,283.0,231,131.0,39.0,0.57
07:39:15,282.0,95.0,285.37,19.0,278.0,21.0,353.69,26.0,3.3700000000000045,116.0,45.0,0.5515432893396617,282.0,285.37,161,71.0,-70.0,0.44
07:39:16,282.34,162.0,286.0,39.0,281.08,104.0,316.5,16.0,3.660000000000025,266.0,55.0,0.7335052828817444,282.34,286.0,321,211.0,160.0,0.66
07:39:17,283.11,99.0,286.0,27.0,282.0,144.0,324.4,15.0,2.8899999999999864,243.0,42.0,0.9491153776096053,283.11,286.0,285,201.0,-36.0,0.71
07:39:18,284.0,121.0,286.0,33.0,282.0,132.0,314.0,44.0,2.0,253.0,77.0,0.9608954157525529,284.0,286.0,330,176.0,45.0,0.53
07:39:19,284.0,73.0,286.0,24.0,282.0,56.0,314.0,32.0,2.0,129.0,56.0,0.566409745690802,284.0,286.0,185,73.0,-145.0,0.39
07:39:20,284.0,54.0,286.0,24.0,282.0,56.0,324.75,32.0,2.0,110.0,56.0,0.3741390116161749,284.0,286.0,166,54.0,-19.0,0.33
07:39:21,282.88,50.0,286.41,34.0,281.04,83.0,334.34,47.0,3.5300000000000296,133.0,81.0,0.21867784527241957,282.88,286.41,214,52.0,48.0,0.24
07:39:22,283.38,26.0,290.0,30.0,282.07,60.0,378.9,40.0,6.6200000000000045,86.0,70.0,0.809240384565886,283.38,290.0,156,16.0,-58.0,0.1
07:39:25,282.0,28.0,290.0,28.0,281.0,21.0,468.57,7.0,8.0,49.0,35.0,60.29857004937969,282.0,290.0,84,14.0,-14.0,0.17
07:39:26,282.0,32.0,290.0,32.0,281.0,24.0,464.0,20.0,8.0,56.0,52.0,60.04847458512121,282.0,290.0,108,4.0,24.0,0.04
07:39:27,282.5,24.0,290.0,24.0,281.57,21.0,460.0,30.0,7.5,45.0,54.0,60.12817326345404,282.5,290.0,99,-9.0,-9.0,-0.09
07:39:28,282.18,44.0,290.0,44.0,281.23,35.0,432.89,27.0,7.819999999999993,79.0,71.0,47.59034429377434,282.18,290.0,150,8.0,51.0,0.05
07:39:29,282.0,48.0,289.8,45.0,281.0,36.0,325.1,29.0,7.800000000000011,84.0,74.0,0.13141537204950512,282.0,289.8,158,10.0,8.0,0.06
07:39:30,282.0,30.0,287.33,52.0,281.0,54.0,288.78,54.0,5.329999999999984,84.0,106.0,0.6391791611209595,282.0,287.33,190,-22.0,32.0,-0.12
07:39:31,281.33,18.0,284.2,30.0,279.59,34.0,285.71,21.0,2.8700000000000045,52.0,51.0,1.4628157778791837,281.33,284.2,103,1.0,-87.0,0.01
07:39:32,279.12,32.0,283.18,33.0,276.85,52.0,284.31,32.0,4.060000000000002,84.0,65.0,2.1203843991158164,279.12,283.18,149,19.0,46.0,0.13
07:39:33,278.0,44.0,282.84,31.0,275.0,44.0,290.15,48.0,4.839999999999975,88.0,79.0,2.3073469613422435,278.0,282.84,167,9.0,18.0,0.05
07:39:34,278.0,11.0,280.36,14.0,275.0,32.0,281.83,18.0,2.3600000000000136,43.0,32.0,2.1317434179603145,278.0,280.36,75,11.0,-92.0,0.15
07:39:35,278.0,10.0,279.25,12.0,275.0,40.0,280.04,28.0,1.25,50.0,40.0,1.6456518465394563,278.0,279.25,90,10.0,15.0,0.11
07:39:36,275.13,46.0,277.77,13.0,274.07,107.0,285.12,50.0,2.6399999999999864,153.0,63.0,1.8154696362155298,275.13,277.77,216,90.0,126.0,0.42
07:39:37,275.0,43.0,285.56,63.0,274.0,126.0,288.0,56.0,10.560000000000002,169.0,119.0,1.607295865738722,275.0,285.56,288,50.0,72.0,0.17
07:39:38,274.5,60.0,281.14,51.0,273.18,98.0,282.69,58.0,6.639999999999986,158.0,109.0,1.440971894251077,274.5,281.14,267,49.0,-21.0,0.18
07:39:39,274.0,103.0,277.64,55.0,270.0,68.0,278.44,64.0,3.6399999999999864,171.0,119.0,1.7724333555941025,274.0,277.64,290,52.0,23.0,0.18
07:39:40,275.84,76.0,277.62,73.0,274.62,65.0,282.44,72.0,1.7800000000000296,141.0,145.0,1.7547506945498414,275.84,277.62,286,-4.0,-4.0,-0.01
07:39:41,275.33,60.0,279.34,44.0,272.75,80.0,286.4,60.0,4.009999999999991,140.0,104.0,1.6750880573936582,275.33,279.34,244,36.0,-42.0,0.15
07:39:42,280.5,56.0,286.0,32.0,273.0,36.0,288.0,32.0,5.5,92.0,64.0,2.9245290219148035,280.5,286.0,156,28.0,-88.0,0.18
07:39:43,282.0,176.0,284.0,16.0,276.41,51.0,286.5,64.0,2.0,227.0,80.0,3.5994263431858617,282.0,284.0,307,147.0,151.0,0.48
07:39:44,282.0,116.0,288.69,26.0,281.0,44.0,290.73,44.0,6.689999999999998,160.0,70.0,3.8575808481504805,282.0,288.69,230,90.0,-77.0,0.39
07:39:45,282.0,90.0,291.0,36.0,281.0,36.0,294.0,36.0,9.0,126.0,72.0,3.529584961438706,282.0,291.0,198,54.0,-32.0,0.27
07:39:46,282.0,74.0,291.0,36.0,281.0,36.0,294.0,36.0,9.0,110.0,72.0,1.7068245369724415,282.0,291.0,182,38.0,-16.0,0.21
07:39:47,282.0,84.0,290.35,46.0,281.0,56.0,294.59,88.0,8.350000000000023,140.0,134.0,1.476594053899133,282.0,290.35,274,6.0,92.0,0.02
07:39:48,282.0,60.0,287.83,24.0,281.0,40.0,293.41,51.0,5.829999999999984,100.0,75.0,0.7167775108146587,282.0,287.83,175,25.0,-99.0,0.14
07:39:49,282.3,23.0,284.64,28.0,281.54,78.0,285.17,36.0,2.339999999999975,101.0,64.0,1.3139140002337564,282.3,284.64,165,37.0,-10.0,0.22
07:39:50,282.0,12.0,283.42,12.0,281.0,48.0,285.0,36.0,1.420000000000016,60.0,48.0,1.6513418785979945,282.0,283.42,108,12.0,-57.0,0.11
07:39:51,281.3,23.0,284.26,19.0,279.53,55.0,288.46,37.0,2.9599999999999795,78.0,56.0,1.499016344144636,281.3,284.26,134,22.0,26.0,0.16
07:39:52,279.67,45.0,283.5,36.0,277.37,71.0,293.0,48.0,3.829999999999984,116.0,84.0,1.226160674632061,279.67,283.5,200,32.0,66.0,0.16
07:39:53,278.0,52.0,281.31,39.0,275.0,39.0,293.0,72.0,3.3100000000000023,91.0,111.0,1.4970871718159293,278.0,281.31,202,-20.0,2.0,-0.1
07:39:54,278.0,20.0,281.0,15.0,275.0,15.0,293.0,40.0,3.0,35.0,55.0,1.5971631100226031,278.0,281.0,90,-20.0,-112.0,-0.22
07:39:55,278.2,45.0,287.71,38.0,275.92,39.0,326.94,64.0,9.509999999999991,84.0,102.0,1.6573110752109823,278.2,287.71,186,-18.0,96.0,-0.1
07:39:56,279.29,42.0,287.0,12.0,276.71,42.0,295.0,48.0,7.7099999999999795,84.0,60.0,1.7435825188435652,279.29,287.0,144,24.0,-42.0,0.17
07:39:57,281.0,30.0,287.0,10.0,278.0,40.0,302.25,16.0,6.0,70.0,26.0,2.1143083975655093,281.0,287.0,96,44.0,-48.0,0.46
07:39:58,281.0,24.0,287.0,8.0,278.0,32.0,294.0,8.0,6.0,56.0,16.0,1.8627399174373387,281.0,287.0,72,40.0,-24.0,0.56
07:39:59,281.0,18.0,287.0,6.0,278.0,24.0,294.0,6.0,6.0,42.0,12.0,0.5242136968955221,281.0,287.0,54,30.0,-18.0,0.56
07:40:00,280.67,27.0,287.0,9.0,277.22,36.0,294.0,9.0,6.329999999999984,63.0,18.0,0.3729343105864087,280.67,287.0,81,45.0,27.0,0.56
07:40:01,279.2,20.0,287.0,12.0,279.1,62.0,294.0,12.0,7.800000000000011,82.0,24.0,0.3904868755957932,279.2,287.0,106,58.0,25.0,0.55
07:40:02,280.27,15.0,287.0,15.0,274.46,69.0,294.0,15.0,6.730000000000018,84.0,30.0,0.37452636758004276,280.2699999999999,287.0,114,54.0,8.0,0.47
07:40:03,280.98,102.0,287.0,12.0,276.14,28.0,294.0,12.0,6.019999999999982,130.0,24.0,0.3726258176947851,280.98,287.0,154,106.0,40.0,0.69
07:40:04,281.88,164.0,287.0,11.0,280.0,11.0,294.0,11.0,5.1200000000000045,175.0,22.0,0.49129420921942873,281.88,287.0,197,153.0,43.0,0.78
07:40:05,282.0,228.0,286.17,24.0,280.0,12.0,290.67,12.0,4.170000000000016,240.0,36.0,0.5078090192310968,282.0,286.17,276,204.0,79.0,0.74
07:40:06,282.0,76.0,285.33,9.0,280.0,4.0,287.25,4.0,3.329999999999984,80.0,13.0,0.3311646116544451,282.0,285.33,93,67.0,-174.5,0.72
07:40:07,282.0,133.0,283.43,14.0,280.0,7.0,290.0,8.0,1.4300000000000068,140.0,22.0,0.6570159815503722,282.0,283.43,162,118.0,69.0,0.73
07:40:08,282.0,227.0,287.29,21.0,280.0,13.0,300.95,19.0,5.2900000000000205,240.0,40.0,0.7648986861097022,282.0,287.29,280,200.0,118.0,0.71
07:40:09,283.0,75.0,288.0,36.0,282.0,204.0,289.17,12.0,5.0,279.0,48.0,1.0448684127735675,283.0,288.0,327,231.0,47.0,0.71
07:40:10,283.0,41.0,288.0,39.0,282.0,221.0,290.0,13.0,5.0,262.0,52.0,1.2110450032973323,283.0,288.0,314,210.0,-13.0,0.67
07:40:11,282.05,188.0,286.8,44.0,281.87,164.0,288.67,36.0,4.75,352.0,80.0,1.1418756499773384,282.05,286.8,432,272.0,118.0,0.63
07:40:12,282.0,135.0,287.0,27.0,280.0,9.0,292.67,9.0,5.0,144.0,36.0,0.5425126726727302,282.0,287.0,180,108.0,-174.5,0.6
07:40:13,282.0,135.0,287.0,27.0,280.0,9.0,294.0,9.0,5.0,144.0,36.0,0.5632761312274489,282.0,287.0,180,108.0,0.0,0.6
07:40:14,282.0,135.0,286.38,32.0,278.74,19.0,288.47,19.0,4.3799999999999955,154.0,51.0,0.506971399598688,282.0,286.38,205,103.0,25.0,0.5
07:40:15,282.0,135.0,285.62,32.0,280.79,86.0,286.48,31.0,3.6200000000000045,221.0,63.0,0.29381967260836184,282.0,285.62,284,158.0,79.0,0.56
07:40:16,282.0,141.0,283.79,38.0,281.0,110.0,285.36,36.0,1.7900000000000205,251.0,74.0,0.6711706191515355,282.0,283.79,325,177.0,41.0,0.54
07:40:17,282.0,34.0,284.0,21.0,281.0,85.0,293.0,7.0,2.0,119.0,28.0,0.7134213341447071,282.0,284.0,147,91.0,-174.5,0.62
07:40:18,282.0,49.0,285.65,20.0,281.0,150.0,295.25,20.0,3.6499999999999773,199.0,40.0,0.5674240037335945,282.0,285.65,239,159.0,92.0,0.67
07:40:19,282.0,84.0,293.14,14.0,281.0,180.0,315.78,37.0,11.139999999999986,264.0,51.0,1.9240504151429514,282.0,293.14,315,213.0,76.0,0.68
07:40:20,282.0,73.0,294.8,15.0,281.0,165.0,337.83,35.0,12.800000000000011,238.0,50.0,2.6418232340582453,282.0,294.8,288,188.0,-27.0,0.65
07:40:21,282.0,23.0,295.0,8.0,281.0,120.0,296.0,24.0,13.0,143.0,32.0,2.6407612538826366,282.0,295.0,175,111.0,-113.0,0.63
07:40:22,282.0,14.0,295.0,7.0,281.0,105.0,296.0,21.0,13.0,119.0,28.0,2.015966269560502,282.0,295.0,147,91.0,-28.0,0.62
07:40:23,281.18,34.0,295.0,5.0,280.37,57.0,296.0,15.0,13.819999999999993,91.0,20.0,0.3963205773160132,281.18,295.0,111,71.0,-36.0,0.64
07:40:24,281.0,70.0,295.0,5.0,278.0,30.0,296.0,15.0,14.0,100.0,20.0,0.23668544527270804,281.0,295.0,120,80.0,9.0,0.67
07:40:25,281.0,70.0,295.0,5.0,278.0,30.0,296.0,15.0,14.0,100.0,20.0,0.2600384587019624,281.0,295.0,120,80.0,0.0,0.67
07:40:26,281.0,154.0,295.0,11.0,278.0,66.0,296.0,33.0,14.0,220.0,44.0,0.21707141682930195,281.0,295.0,264,176.0,144.0,0.67
07:40:27,281.78,46.0,295.0,8.0,280.62,96.0,296.0,24.0,13.220000000000027,142.0,32.0,0.1689082591358945,281.78,295.0,174,110.0,-90.0,0.63
07:40:28,283.0,24.0,295.0,8.0,281.0,112.0,296.0,24.0,12.0,136.0,32.0,0.43751571400805217,283.0,295.0,168,104.0,-6.0,0.62
07:40:29,281.07,162.0,295.0,15.0,278.32,148.0,296.0,45.0,13.930000000000007,310.0,60.0,0.43148580510134554,281.07,295.0,370,250.0,173.5,0.68
07:40:30,281.0,132.0,293.67,12.0,278.0,132.0,294.79,24.0,12.670000000000016,264.0,36.0,0.6097294482015839,281.0,293.67,300,228.0,-70.0,0.76
07:40:31,281.0,159.0,292.0,61.0,278.0,144.0,538.76,38.0,11.0,303.0,99.0,0.967352055874565,281.0,292.0,402,204.0,102.0,0.51
07:40:32,281.0,247.0,291.24,42.0,278.0,156.0,321.02,49.0,10.240000000000009,403.0,91.0,1.1643538980935098,281.0,291.24,494,312.0,92.0,0.63
07:40:33,281.88,144.0,290.0,32.0,280.45,264.0,294.95,61.0,8.120000000000005,408.0,93.0,0.8816915560481512,281.88,290.0,501,315.0,7.0,0.63
07:40:34,281.55,124.0,288.48,23.0,280.08,234.0,290.71,24.0,6.930000000000007,358.0,47.0,0.8448372624403195,281.55,288.48,405,311.0,-96.0,0.77
07:40:35,281.0,168.0,287.59,17.0,278.0,144.0,288.26,19.0,6.589999999999975,312.0,36.0,0.9022582778831567,281.0,287.59,348,276.0,-57.0,0.79
07:40:36,282.64,14.0,286.71,14.0,281.0,166.0,288.0,28.0,4.069999999999993,180.0,42.0,0.7950283013888781,282.64,286.71,222,138.0,-126.0,0.62
07:40:37,281.47,34.0,283.91,22.0,279.04,92.0,285.69,13.0,2.4399999999999977,126.0,35.0,1.1920444622623834,281.47,283.91,161,91.0,-61.0,0.57
07:40:38,281.0,85.0,288.39,56.0,278.0,192.0,290.69,42.0,7.389999999999986,277.0,98.0,0.9215910155870829,281.0,288.39,375,179.0,173.5,0.48
07:40:39,281.0,52.0,289.38,65.0,278.0,156.0,291.0,65.0,8.379999999999995,208.0,130.0,0.960234346402365,281.0,289.38,338,78.0,-37.0,0.23
07:40:40,281.0,36.0,288.0,45.0,278.0,108.0,294.33,45.0,7.0,144.0,90.0,0.963727139812255,281.0,288.0,234,54.0,-104.0,0.23
07:40:41,281.0,36.0,286.12,40.0,278.0,96.0,297.0,40.0,5.1200000000000045,132.0,80.0,0.9979829657920424,281.0,286.12,212,52.0,-22.0,0.25
07:40:42,281.84,134.0,285.41,85.0,280.1,120.0,294.88,85.0,3.57000000000005,254.0,170.0,0.707304743382065,281.84,285.41,424,84.0,173.5,0.2
07:40:43,281.84,75.0,284.18,38.0,280.0,72.0,290.3,50.0,2.340000000000032,147.0,88.0,0.8633249677910195,281.84,284.18,235,59.0,-174.5,0.25
07:40:44,281.68,94.0,287.74,58.0,279.64,132.0,325.2,82.0,6.060000000000002,226.0,140.0,0.707142135649915,281.68,287.74,366,86.0,131.0,0.23
07:40:45,282.69,35.0,291.19,32.0,279.9,63.0,312.0,34.0,8.5,98.0,66.0,1.5643433127068709,282.69,291.19,164,32.0,-174.5,0.2
07:40:46,283.46,41.0,288.69,52.0,279.16,75.0,289.36,50.0,5.230000000000018,116.0,102.0,1.642915092148659,283.46,288.69,218,14.0,54.0,0.06
07:40:47,278.12,99.0,287.0,22.0,279.12,17.0,289.0,44.0,8.879999999999995,116.0,66.0,1.8940564933523525,278.12,287.0,182,50.0,-36.0,0.27
07:40:48,277.94,102.0,284.55,44.0,275.19,86.0,286.0,40.0,6.610000000000014,188.0,84.0,2.3820747259502233,277.94,284.55,272,104.0,90.0,0.38
07:40:49,277.92,88.0,282.62,52.0,275.08,149.0,283.8,50.0,4.699999999999989,237.0,102.0,2.9529849305427263,277.92,282.62,339,135.0,67.0,0.4
07:40:50,278.0,92.0,281.26,46.0,275.0,156.0,282.23,26.0,3.259999999999991,248.0,72.0,2.556253117360444,278.0,281.26,320,176.0,-19.0,0.55
07:40:51,278.0,46.0,280.0,36.0,275.0,117.0,281.0,18.0,2.0,163.0,54.0,1.400267831529914,278.0,280.0,217,109.0,-103.0,0.5
07:40:52,278.0,16.0,280.0,32.0,276.46,48.0,281.0,16.0,2.0,64.0,48.0,0.9486147795700517,278.0,280.0,112,16.0,-105.0,0.14
07:40:53,275.61,36.0,278.67,60.0,274.9,96.0,284.33,39.0,3.0600000000000023,132.0,99.0,1.1693032113272408,275.61,278.67,231,33.0,119.0,0.14
07:40:54,271.46,39.0,275.42,55.0,269.96,52.0,288.0,40.0,3.9600000000000364,91.0,95.0,2.527314780557163,271.46,275.42,186,-4.0,-45.0,-0.02
07:40:56,271.0,64.0,279.35,17.0,268.0,24.0,283.5,20.0,8.350000000000023,88.0,37.0,2.706514363535999,271.0,279.35,125,51.0,-13.0,0.41
07:40:57,271.0,56.0,279.71,14.0,268.0,21.0,282.0,14.0,8.70999999999998,77.0,28.0,1.8590051102748244,271.0,279.71,105,49.0,-20.0,0.47
07:40:58,271.0,56.0,279.0,14.0,268.0,21.0,282.0,14.0,8.0,77.0,28.0,1.3229965986459122,271.0,279.0,105,49.0,0.0,0.47
07:40:59,271.13,60.0,277.62,16.0,268.55,44.0,282.0,16.0,6.490000000000009,104.0,32.0,1.2412493706054102,271.13,277.62,136,72.0,31.0,0.53
07:41:00,273.24,42.0,276.73,22.0,270.79,52.0,282.36,22.0,3.490000000000009,94.0,44.0,0.36905284178195163,273.24,276.73,138,50.0,2.0,0.36
07:41:01,273.1,40.0,284.0,44.0,268.38,37.0,309.35,23.0,10.899999999999977,77.0,67.0,1.6566773976927514,273.1,284.0,144,10.0,6.0,0.07
07:41:02,281.84,44.0,284.0,44.0,265.86,35.0,359.91,47.0,2.160000000000025,79.0,91.0,3.614412815385521,281.84,284.0,170,-12.0,26.0,-0.07
07:41:03,281.73,33.0,284.0,44.0,266.74,38.0,577.44,39.0,2.269999999999982,71.0,83.0,4.111875484498525,281.73,284.0,154,-12.0,-16.0,-0.08
07:41:04,269.6,15.0,283.09,44.0,267.51,43.0,324.36,28.0,13.489999999999952,58.0,72.0,3.6593810952153025,269.6,283.09,130,-14.0,-24.0,-0.11
07:41:05,269.16,32.0,282.14,42.0,256.88,40.0,283.29,35.0,12.979999999999961,72.0,77.0,3.4770576641779933,269.16,282.14,149,-5.0,19.0,-0.03
07:41:06,273.3,37.0,280.26,61.0,272.92,52.0,281.35,34.0,6.9599999999999795,89.0,95.0,3.6537884448910893,273.3,280.26,184,-6.0,35.0,-0.03
07:41:07,276.0,9.0,278.16,19.0,275.0,36.0,279.15,26.0,2.160000000000025,45.0,45.0,2.90997079023517,276.0,278.16,90,0.0,-94.0,0.0
07:41:08,274.3,47.0,276.6,43.0,270.18,49.0,278.14,42.0,2.3000000000000114,96.0,85.0,0.7033988911170367,274.3,276.6,181,11.0,91.0,0.06
07:41:09,268.0,6.0,275.43,14.0,264.83,18.0,276.25,16.0,7.430000000000007,24.0,30.0,2.143951958423143,268.0,275.43,54,-6.0,-127.0,-0.11
07:41:20,273.5,28.0,278.0,40.0,264.44,16.0,280.0,30.0,4.5,44.0,70.0,3.142451272499687,273.5,278.0,114,-26.0,56.0,-0.23
07:41:21,276.0,40.0,278.0,32.0,266.95,42.0,280.0,22.0,2.0,82.0,54.0,4.109440351195285,276.0,278.0,136,28.0,22.0,0.21
07:41:23,283.0,48.0,418.0,40.0,279.0,30.0,525.17,24.0,135.0,78.0,64.0,50.98728537586568,283.0,418.0,142,14.0,-19.0,0.1
07:41:24,283.0,9.0,421.03,30.0,282.0,27.0,535.78,32.0,138.02999999999997,36.0,62.0,47.73033490349651,283.0,421.03,98,-26.0,-44.0,-0.27
07:41:26,283.0,7.0,445.29,28.0,282.0,21.0,540.38,13.0,162.29000000000002,28.0,41.0,25.216300680311132,283.0,445.29,69,-13.0,-39.0,-0.19
07:41:27,283.0,8.0,392.14,14.0,282.0,24.0,449.85,26.0,109.13999999999999,32.0,40.0,28.60538096232726,283.0,392.14,72,-8.0,3.0,-0.11
07:41:28,283.0,9.0,460.27,30.0,279.8,35.0,488.54,26.0,177.26999999999998,44.0,56.0,27.821623424952524,283.0,460.2699999999999,100,-12.0,28.0,-0.12
07:41:29,283.0,34.0,385.63,35.0,280.7,10.0,404.1,29.0,102.63,44.0,64.0,31.18721965805662,283.0,385.63,108,-20.0,8.0,-0.19
07:41:30,282.1,29.0,331.21,56.0,277.03,34.0,334.0,28.0,49.10999999999996,63.0,84.0,25.942618796102924,282.1,331.21,147,-21.0,39.0,-0.14
07:41:31,280.09,44.0,328.8,40.0,278.0,11.0,332.15,26.0,48.710000000000036,55.0,66.0,27.39629135485194,280.09,328.8,121,-11.0,-26.0,-0.09
07:41:32,281.0,36.0,326.23,26.0,278.0,9.0,327.53,30.0,45.23000000000002,45.0,56.0,29.46627614748676,281.0,326.22999999999996,101,-11.0,-20.0,-0.11
07:41:33,281.0,44.0,324.64,44.0,278.0,11.0,325.82,44.0,43.639999999999986,55.0,88.0,13.458260288758407,281.0,324.64,143,-33.0,42.0,-0.23
07:41:34,281.0,48.0,321.82,44.0,278.0,28.0,323.5,48.0,40.81999999999999,76.0,92.0,1.9561876188092724,281.0,321.82,168,-16.0,25.0,-0.1
07:41:35,276.47,43.0,318.0,36.0,274.9,79.0,318.71,28.0,41.52999999999997,122.0,64.0,2.8441220086321515,276.47,318.0,186,58.0,18.0,0.31
07:41:36,275.0,165.0,313.45,40.0,268.0,11.0,315.18,34.0,38.44999999999999,176.0,74.0,3.997357877397188,275.0,313.45,250,102.0,64.0,0.41
07:41:37,275.0,138.0,279.08,24.0,270.1,30.0,290.46,26.0,4.079999999999984,168.0,50.0,10.360228279338166,275.0,279.08,218,118.0,-32.0,0.54
07:41:38,275.0,81.0,276.18,17.0,268.0,9.0,281.53,19.0,1.1800000000000068,90.0,36.0,11.957357567623708,275.0,276.18,126,54.0,-92.0,0.43
07:41:39,275.0,108.0,277.5,54.0,268.0,12.0,280.42,38.0,2.5,120.0,92.0,10.710915927221944,275.0,277.5,212,28.0,86.0,0.13
07:41:40,274.96,55.0,276.69,49.0,272.23,31.0,280.16,38.0,1.7300000000000182,86.0,87.0,8.092114680355454,274.96,276.69,173,-1.0,-39.0,-0.01
07:41:41,272.88,58.0,279.35,40.0,262.19,21.0,282.55,40.0,6.470000000000027,79.0,80.0,0.5519782604689843,272.88,279.35,159,-1.0,-14.0,-0.01
07:41:42,266.8,10.0,279.29,28.0,216.11,18.0,281.73,22.0,12.490000000000009,28.0,50.0,1.3238882128154428,266.8,279.29,78,-22.0,-81.0,-0.28
07:41:44,274.18,44.0,278.38,26.0,269.43,14.0,279.09,44.0,4.199999999999989,58.0,70.0,20.61210881981867,274.18,278.38,128,-12.0,-28.0,-0.09
07:41:46,276.15,39.0,448.54,37.0,273.18,22.0,754.22,36.0,172.39000000000004,61.0,73.0,67.48494832182938,276.15,448.53999999999996,134,-12.0,-42.0,-0.09
07:41:47,273.0,12.0,357.2,50.0,266.56,18.0,471.02,43.0,84.19999999999999,30.0,93.0,64.86376006677357,273.0,357.2,123,-63.0,-11.0,-0.51
07:41:48,276.0,7.0,277.0,14.0,266.69,13.0,356.0,35.0,1.0,20.0,49.0,51.3486627868726,276.0,277.0,69,-29.0,-54.0,-0.42
07:41:49,274.45,22.0,276.33,36.0,261.62,13.0,322.78,36.0,1.8799999999999955,35.0,72.0,51.55745872325318,274.45,276.33,107,-37.0,38.0,-0.35
07:42:14,272.44,64.0,287.47,47.0,251.67,136.0,411.53,38.0,15.03000000000003,200.0,85.0,6.055259697159664,272.44,287.47,285,115.0,79.0,0.4
07:42:15,276.97,69.0,295.28,36.0,275.83,48.0,336.73,22.0,18.309999999999945,117.0,58.0,8.498221578662175,276.97,295.28,175,59.0,-110.0,0.34
07:42:16,278.47,76.0,306.62,32.0,276.63,59.0,369.85,26.0,28.149999999999977,135.0,58.0,10.354768466751539,278.47,306.62,193,77.0,18.0,0.4
07:42:17,279.72,87.0,307.35,40.0,276.29,42.0,310.14,28.0,27.629999999999995,129.0,68.0,9.534226240237059,279.72,307.35,197,61.0,4.0,0.31
07:42:18,280.0,20.0,304.65,17.0,278.0,24.0,305.61,23.0,24.649999999999977,44.0,40.0,5.796104726453671,280.0,304.65,84,4.0,-113.0,0.05
07:42:19,279.26,19.0,302.0,16.0,276.57,21.0,305.0,24.0,22.74000000000001,40.0,40.0,2.9386510510803094,279.26,302.0,80,0.0,-4.0,0.0
07:42:20,278.0,8.0,291.64,22.0,273.18,17.0,303.57,21.0,13.639999999999986,25.0,43.0,3.488046731340603,278.0,291.64,68,-18.0,-12.0,-0.26
07:42:21,280.8,80.0,295.98,47.0,279.11,18.0,300.73,30.0,15.180000000000007,98.0,77.0,3.453889112293149,280.8,295.98,175,21.0,107.0,0.12
07:42:22,281.87,179.0,295.0,51.0,280.0,32.0,297.0,54.0,13.129999999999995,211.0,105.0,2.8202428973438955,281.87,295.0,316,106.0,141.0,0.34
07:42:23,282.0,132.0,291.57,46.0,280.0,36.0,293.15,41.0,9.569999999999993,168.0,87.0,2.160682762466639,282.0,291.57,255,81.0,-61.0,0.32
07:42:24,282.83,132.0,288.27,56.0,280.0,36.0,289.82,40.0,5.439999999999998,168.0,96.0,1.6331044057322561,282.83,288.27,264,72.0,9.0,0.27
07:42:25,283.0,98.0,284.09,44.0,280.0,33.0,286.11,53.0,1.089999999999975,131.0,97.0,2.059878637207173,283.0,284.09,228,34.0,-36.0,0.15
07:42:26,280.92,39.0,286.23,39.0,279.0,18.0,292.0,27.0,5.310000000000002,57.0,66.0,2.102634062318979,280.92,286.23,123,-9.0,-105.0,-0.07
07:42:27,280.0,13.0,286.0,27.0,278.0,9.0,327.95,21.0,6.0,22.0,48.0,1.6046401465829097,280.0,286.0,70,-26.0,-53.0,-0.37
07:42:28,280.74,34.0,284.43,42.0,278.71,14.0,480.76,76.0,3.6899999999999977,48.0,118.0,1.1393287497587892,280.74,284.43,166,-70.0,96.0,-0.42
07:42:29,281.7,57.0,417.31,58.0,280.0,14.0,498.9,58.0,135.61,71.0,116.0,29.66770011308608,281.7,417.31,187,-45.0,21.0,-0.24
07:42:30,282.31,52.0,452.34,59.0,280.0,13.0,474.66,62.0,170.02999999999997,65.0,121.0,41.75631473202567,282.31,452.34,186,-56.0,-1.0,-0.3
07:42:32,281.89,19.0,449.81,26.0,278.6,10.0,484.26,38.0,167.92000000000002,29.0,64.0,38.09463544910143,281.89,449.81,93,-35.0,-71.0,-0.38
07:42:33,274.46,26.0,364.32,22.0,272.21,58.0,423.68,38.0,89.86000000000001,84.0,60.0,22.59228341712996,274.46,364.32,144,24.0,51.0,0.17
07:42:34,274.44,27.0,363.82,55.0,272.68,53.0,502.0,14.0,89.38,80.0,69.0,28.111773867899803,274.44,363.82,149,11.0,5.0,0.07
07:42:35,273.27,30.0,361.57,51.0,272.45,40.0,451.55,31.0,88.30000000000001,70.0,82.0,29.134250119060027,273.2699999999999,361.57,152,-12.0,3.0,-0.08
07:42:36,272.0,60.0,343.59,34.0,271.0,24.0,357.41,46.0,71.58999999999997,84.0,80.0,22.825954087397335,272.0,343.59,164,4.0,12.0,0.02
07:42:37,272.0,45.0,308.92,37.0,271.0,18.0,310.42,19.0,36.920000000000016,63.0,56.0,12.346759493891295,272.0,308.92,119,7.0,-45.0,0.06
07:42:38,272.82,44.0,305.34,32.0,271.38,26.0,306.27,48.0,32.51999999999998,70.0,80.0,14.372756520584534,272.82,305.34,150,-10.0,31.0,-0.07
07:42:39,281.0,26.0,302.53,43.0,272.0,65.0,305.2,61.0,21.529999999999973,91.0,104.0,12.646237780463196,281.0,302.53,195,-13.0,45.0,-0.07
07:42:40,281.32,19.0,299.64,33.0,274.72,36.0,301.0,55.0,18.319999999999993,55.0,88.0,7.813931788800272,281.32,299.64,143,-33.0,-52.0,-0.23
07:42:41,283.0,10.0,297.09,44.0,281.0,48.0,298.44,36.0,14.089999999999975,58.0,80.0,0.9678171315022636,283.0,297.09,138,-22.0,-5.0,-0.16
07:42:42,277.79,28.0,294.0,42.0,276.33,61.0,296.0,70.0,16.20999999999998,89.0,112.0,2.214368984616334,277.79,294.0,201,-23.0,63.0,-0.11
07:42:43,277.0,33.0,293.22,27.0,275.0,22.0,295.27,37.0,16.220000000000027,55.0,64.0,2.966142275756851,277.0,293.22,119,-9.0,-82.0,-0.08
07:42:44,278.73,33.0,289.78,45.0,275.75,40.0,290.86,43.0,11.049999999999955,73.0,88.0,2.9007723109604093,278.73,289.78,161,-15.0,42.0,-0.09
07:42:45,280.0,39.0,286.72,47.0,276.48,33.0,288.43,37.0,6.720000000000027,72.0,84.0,2.5922808489893487,280.0,286.72,156,-12.0,-5.0,-0.08
07:42:46,281.89,72.0,284.22,54.0,279.67,12.0,309.86,21.0,2.330000000000041,84.0,75.0,1.1834399013212369,281.89,284.22,159,9.0,3.0,0.06
07:42:47,282.64,25.0,285.85,13.0,281.83,53.0,414.05,42.0,3.2100000000000364,78.0,55.0,0.8132219869382485,282.64,285.85,133,23.0,-26.0,0.17
07:42:48,282.0,77.0,321.59,22.0,279.0,16.0,530.3,61.0,39.589999999999975,93.0,83.0,8.099513565642935,282.0,321.59,176,10.0,43.0,0.06
07:42:49,282.76,34.0,450.91,34.0,281.8,30.0,551.76,29.0,168.15000000000003,64.0,63.0,36.085171469732586,282.76,450.91,127,1.0,-49.0,0.01
07:42:50,283.0,14.0,311.18,22.0,282.0,28.0,569.0,27.0,28.180000000000007,42.0,49.0,34.62816310461757,283.0,311.18,91,-7.0,-36.0,-0.08
07:42:51,283.0,22.0,341.51,39.0,282.0,44.0,546.98,43.0,58.50999999999999,66.0,82.0,32.02914422834284,283.0,341.51,148,-16.0,57.0,-0.11
07:42:52,283.0,20.0,321.08,39.0,282.0,40.0,457.35,31.0,38.079999999999984,60.0,70.0,28.951695632552873,283.0,321.08,130,-10.0,-18.0,-0.08
07:42:53,283.0,16.0,347.0,22.0,282.0,32.0,422.48,29.0,64.0,48.0,51.0,27.91574967648149,283.0,347.0,99,-3.0,-31.0,-0.03
07:42:54,283.0,18.0,334.88,34.0,282.0,36.0,422.29,28.0,51.879999999999995,54.0,62.0,7.386120768035065,283.0,334.88,116,-8.0,17.0,-0.07
07:42:55,282.78,18.0,442.43,28.0,281.8,30.0,540.33,36.0,159.65000000000003,48.0,64.0,24.209562573495077,282.78,442.43,112,-16.0,-4.0,-0.14
07:42:57,279.2,30.0,323.48,31.0,274.5,36.0,328.35,34.0,44.28000000000003,66.0,65.0,34.23924239815988,279.2,323.48,131,1.0,28.0,0.01
07:42:58,275.0,20.0,322.89,28.0,273.0,72.0,323.25,20.0,47.889999999999986,92.0,48.0,36.98094130765137,275.0,322.89,140,44.0,9.0,0.31
07:42:59,273.0,104.0,320.84,37.0,266.0,13.0,321.39,41.0,47.839999999999975,117.0,78.0,39.00340651789226,273.0,320.84,195,39.0,55.0,0.2
07:43:00,274.71,28.0,317.73,11.0,272.4,35.0,320.9,31.0,43.02000000000004,63.0,42.0,35.08351778257114,274.71,317.73,105,21.0,-90.0,0.2
07:43:01,281.57,14.0,317.0,55.0,272.89,65.0,318.0,11.0,35.43000000000001,79.0,66.0,2.035762756319096,281.57,317.0,145,13.0,40.0,0.09
07:43:02,279.43,40.0,315.87,68.0,277.81,47.0,316.38,66.0,36.44,87.0,134.0,1.3072604943229238,279.43,315.87,221,-47.0,76.0,-0.21
07:43:03,283.2,15.0,312.27,15.0,281.5,28.0,314.12,41.0,29.069999999999993,43.0,56.0,1.1440148600511733,283.2,312.2699999999999,99,-13.0,-122.0,-0.13
07:43:04,277.36,14.0,309.31,26.0,275.81,37.0,312.33,24.0,31.94999999999999,51.0,50.0,2.2447227000276357,277.36,309.31,101,1.0,2.0,0.01
07:43:05,278.41,17.0,305.48,50.0,276.0,51.0,307.26,43.0,27.069999999999993,68.0,93.0,3.165059241155055,278.41,305.48,161,-25.0,60.0,-0.16
07:43:06,279.0,32.0,302.09,47.0,275.13,89.0,303.56,27.0,23.089999999999975,121.0,74.0,3.3003939158870406,279.0,302.09,195,47.0,34.0,0.24
07:43:07,279.52,25.0,296.31,71.0,277.17,72.0,297.35,62.0,16.79000000000002,97.0,133.0,3.641348651259295,279.52,296.31,230,-36.0,35.0,-0.16
07:43:08,275.36,94.0,294.33,81.0,271.52,65.0,296.5,80.0,18.96999999999997,159.0,161.0,3.378990973653644,275.36,294.33,320,-2.0,90.0,-0.01
07:43:09,274.76,59.0,292.08,61.0,259.45,20.0,293.31,65.0,17.319999999999993,79.0,126.0,3.6265451879215367,274.76,292.08,205,-47.0,-115.0,-0.23
07:43:10,279.25,56.0,288.15,52.0,272.23,66.0,289.51,53.0,8.899999999999977,122.0,105.0,3.0615894564817614,279.25,288.15,227,17.0,22.0,0.07
07:43:11,274.45,179.0,283.32,53.0,273.17,101.0,285.0,48.0,8.870000000000005,280.0,101.0,3.2498661510968323,274.45,283.32,381,179.0,154.0,0.47
07:43:12,275.06,108.0,281.59,22.0,273.5,145.0,285.13,67.0,6.529999999999973,253.0,89.0,3.0045349057797206,275.06,281.59,342,164.0,-39.0,0.48
07:43:13,277.5,112.0,280.73,45.0,270.35,172.0,345.05,78.0,3.230000000000018,284.0,123.0,2.6379347982941153,277.5,280.73,407,161.0,65.0,0.4
07:43:14,278.11,54.0,280.75,59.0,268.34,177.0,339.47,55.0,2.6399999999999864,231.0,114.0,2.167110980095977,278.11,280.75,345,117.0,-62.0,0.34
07:43:15,279.0,36.0,280.58,60.0,278.0,36.0,321.67,48.0,1.579999999999984,72.0,108.0,0.5561924127980483,279.0,280.58,180,-36.0,-165.0,-0.2
07:43:16,278.84,38.0,285.26,35.0,277.5,38.0,336.73,55.0,6.420000000000016,76.0,90.0,1.3995963704057472,278.84,285.26,166,-14.0,-14.0,-0.08
07:43:17,278.33,18.0,303.0,24.0,268.0,6.0,467.76,29.0,24.670000000000016,24.0,53.0,4.866468945760205,278.33,303.0,77,-29.0,-89.0,-0.38
07:43:18,274.69,42.0,335.0,52.0,271.37,19.0,345.0,52.0,60.31,61.0,104.0,10.784735509044214,274.69,335.0,165,-43.0,88.0,-0.26
07:43:19,270.0,36.0,339.89,36.0,268.0,9.0,554.22,36.0,69.88999999999999,45.0,72.0,12.055741370817039,270.0,339.89,117,-27.0,-48.0,-0.23
07:43:20,270.2,25.0,374.71,28.0,268.8,10.0,540.07,29.0,104.50999999999999,35.0,57.0,15.465194146858066,270.2,374.71,92,-22.0,-25.0,-0.24
07:43:21,270.15,52.0,292.15,52.0,268.84,19.0,439.68,56.0,22.0,71.0,108.0,15.743539309825273,270.15,292.15,179,-37.0,87.0,-0.21
07:43:22,274.58,50.0,332.09,44.0,270.31,32.0,586.91,55.0,57.50999999999999,82.0,99.0,14.686816196848417,274.58,332.09,181,-17.0,2.0,-0.09
07:43:25,274.0,180.0,457.66,35.0,272.0,40.0,463.43,35.0,183.66000000000003,220.0,70.0,49.40076973084458,274.0,457.66,290,150.0,63.0,0.52
07:43:26,274.0,91.0,455.71,14.0,272.0,28.0,458.0,35.0,181.70999999999998,119.0,49.0,34.39882657882239,274.0,455.71,168,70.0,-122.0,0.42
07:43:27,275.6,10.0,455.0,16.0,274.32,38.0,458.0,40.0,179.39999999999998,48.0,56.0,12.329518644289099,275.6,455.0,104,-8.0,-64.0,-0.08
07:43:28,277.88,8.0,442.08,13.0,275.0,16.0,478.71,31.0,164.2,24.0,44.0,7.804647333472847,277.88,442.08,68,-20.0,-36.0,-0.29
07:43:29,278.17,30.0,326.93,29.0,274.36,116.0,381.09,22.0,48.75999999999999,146.0,51.0,27.57754213123268,278.17,326.92999999999995,197,95.0,129.0,0.48
07:43:30,275.87,62.0,314.21,28.0,274.0,107.0,345.33,21.0,38.339999999999975,169.0,49.0,35.53555796663307,275.87,314.21,218,120.0,21.0,0.55
07:43:31,283.0,13.0,312.55,22.0,274.0,99.0,316.32,25.0,29.55000000000001,112.0,47.0,35.30922499857457,283.0,312.55,159,65.0,-59.0,0.41
07:43:32,283.0,11.0,309.36,25.0,274.0,121.0,310.2,30.0,26.360000000000014,132.0,55.0,27.91687536240379,283.0,309.36,187,77.0,28.0,0.41
07:43:33,283.0,11.0,307.15,27.0,274.0,121.0,308.64,28.0,24.149999999999977,132.0,55.0,3.1271344710470275,283.0,307.15,187,77.0,0.0,0.41
07:43:34,275.42,38.0,304.18,17.0,273.61,82.0,305.17,23.0,28.75999999999999,120.0,40.0,2.993821971997523,275.42,304.18,160,80.0,-27.0,0.5
07:43:35,274.09,91.0,300.09,22.0,272.43,46.0,301.67,12.0,26.0,137.0,34.0,4.53190578013467,274.09,300.09,171,103.0,11.0,0.6
07:43:36,282.0,12.0,296.59,32.0,276.0,40.0,297.64,22.0,14.589999999999975,52.0,54.0,3.9314335807719067,282.0,296.59,106,-2.0,-65.0,-0.02
07:43:37,279.78,18.0,291.77,22.0,276.85,26.0,292.86,35.0,11.990000000000009,44.0,57.0,3.5622703434782452,279.78,291.77,101,-13.0,-5.0,-0.13
07:43:38,274.92,52.0,287.78,27.0,273.69,58.0,288.44,16.0,12.859999999999957,110.0,43.0,3.3905943431836953,274.92,287.78,153,67.0,52.0,0.44
07:43:39,280.69,144.0,284.67,30.0,275.23,78.0,286.15,34.0,3.980000000000018,222.0,64.0,3.235869280430169,280.69,284.67,286,158.0,133.0,0.55
07:43:40,281.0,112.0,282.1,31.0,276.14,70.0,283.13,45.0,1.1000000000000227,182.0,76.0,3.3889039526126443,281.0,282.1,258,106.0,-28.0,0.41
07:43:41,281.0,54.0,282.0,18.0,273.94,32.0,283.0,27.0,1.0,86.0,45.0,1.8701524002166774,281.0,282.0,131,41.0,-127.0,0.31
07:43:42,278.75,52.0,296.3,30.0,271.93,27.0,477.58,31.0,17.55000000000001,79.0,61.0,2.6256332569564194,278.75,296.3,140,18.0,9.0,0.13
07:43:43,271.08,72.0,362.0,21.0,247.48,61.0,573.67,33.0,90.92000000000002,133.0,54.0,15.06442896362234,271.08,362.0,187,79.0,47.0,0.42
07:43:44,273.27,22.0,386.69,13.0,271.0,121.0,575.51,47.0,113.42000000000002,143.0,60.0,22.41138817655005,273.27,386.69,203,83.0,16.0,0.41
07:43:45,275.38,26.0,359.8,49.0,271.54,89.0,386.3,40.0,84.42000000000002,115.0,89.0,20.977732956637503,275.38,359.8,204,26.0,1.0,0.13
07:43:46,276.33,18.0,331.6,20.0,275.0,18.0,335.57,28.0,55.27000000000004,36.0,48.0,16.0858586963826,276.33,331.6,84,-12.0,-120.0,-0.14
07:43:47,271.0,66.0,318.0,12.0,209.91,22.0,319.0,24.0,47.0,88.0,36.0,13.643127573983366,271.0,318.0,124,52.0,40.0,0.42
07:43:48,271.0,88.0,318.0,16.0,219.0,24.0,320.5,32.0,47.0,112.0,48.0,15.457773772441916,271.0,318.0,160,64.0,36.0,0.4
07:43:49,271.0,88.0,317.12,16.0,236.47,60.0,323.0,32.0,46.120000000000005,148.0,48.0,10.206416119285262,271.0,317.12,196,100.0,36.0,0.51
07:43:50,271.25,59.0,316.0,18.0,243.89,110.0,330.78,36.0,44.75,169.0,54.0,4.396426958339568,271.25,316.0,223,115.0,27.0,0.52
07:43:51,281.33,12.0,313.0,33.0,272.57,21.0,372.59,44.0,31.670000000000016,33.0,77.0,1.388297518551888,281.33,313.0,110,-44.0,-113.0,-0.4
07:43:52,274.0,49.0,309.29,14.0,244.43,21.0,311.0,35.0,35.29000000000002,70.0,49.0,1.9880266597856298,274.0,309.29,119,21.0,9.0,0.18
07:43:53,274.0,16.0,306.91,11.0,262.88,24.0,309.4,25.0,32.910000000000025,40.0,36.0,2.573956099085588,274.0,306.91,76,4.0,-43.0,0.05
07:43:54,274.0,15.0,304.55,11.0,265.0,33.0,307.0,22.0,30.55000000000001,48.0,33.0,3.0999064502048466,274.0,304.55,81,15.0,5.0,0.19
07:43:55,279.04,25.0,301.5,22.0,263.12,24.0,302.84,19.0,22.45999999999998,49.0,41.0,3.139219648260181,279.04,301.5,90,8.0,9.0,0.09
07:43:56,281.0,36.0,299.0,6.0,274.0,6.0,300.0,18.0,18.0,42.0,24.0,0.8611794238282231,281.0,299.0,66,18.0,-24.0,0.27
07:43:57,281.31,78.0,297.58,19.0,279.33,24.0,299.37,30.0,16.269999999999982,102.0,49.0,0.5140330728910625,281.31,297.58,151,53.0,85.0,0.35
07:43:58,281.0,39.0,294.04,23.0,278.0,12.0,295.12,16.0,13.04000000000002,51.0,39.0,1.074686000665677,281.0,294.04,90,12.0,-61.0,0.13
07:43:59,281.0,36.0,291.91,23.0,278.0,12.0,291.9,20.0,10.910000000000025,48.0,43.0,1.666229275948452,281.0,291.91,91,5.0,1.0,0.05
07:44:00,281.36,25.0,289.1,20.0,279.06,31.0,290.52,23.0,7.740000000000009,56.0,43.0,1.9989997498822543,281.36,289.1,99,13.0,8.0,0.13
07:44:01,279.9,77.0,285.58,45.0,276.89,54.0,286.14,37.0,5.680000000000007,131.0,82.0,2.5094660786772263,279.9,285.58,213,49.0,114.0,0.23
07:44:02,279.32,74.0,282.77,31.0,276.4,35.0,305.85,41.0,3.4499999999999886,109.0,72.0,2.666692708212618,279.32,282.77,181,37.0,-32.0,0.2
07:44:03,279.62,140.0,284.2,30.0,277.2,30.0,333.17,48.0,4.579999999999984,170.0,78.0,2.2836527757161673,279.62,284.2,248,92.0,67.0,0.37
07:44:04,280.0,84.0,283.28,18.0,274.77,113.0,288.0,48.0,3.2799999999999727,197.0,66.0,1.6355213236267339,280.0,283.28,263,131.0,15.0,0.5
07:44:05,275.44,27.0,284.0,20.0,274.13,76.0,308.0,20.0,8.560000000000002,103.0,40.0,1.1244420838973446,275.44,284.0,143,63.0,-120.0,0.44
07:44:06,277.5,60.0,282.17,48.0,275.0,60.0,323.0,33.0,4.670000000000016,120.0,81.0,1.0127931674533792,277.5,282.17,201,39.0,58.0,0.19
07:44:07,276.64,33.0,283.44,27.0,272.94,96.0,560.67,15.0,6.800000000000011,129.0,42.0,1.0576719718516292,276.64,283.44,171,87.0,-30.0,0.51
07:44:08,275.0,25.0,308.2,5.0,272.0,110.0,310.0,5.0,33.19999999999999,135.0,10.0,5.109714277730015,275.0,308.2,145,125.0,-26.0,0.86
07:44:09,275.0,25.0,341.8,5.0,272.0,110.0,732.07,14.0,66.80000000000001,135.0,19.0,12.527522500479899,275.0,341.8,154,116.0,9.0,0.75
07:44:10,275.0,45.0,314.22,27.0,272.0,198.0,393.22,9.0,39.22000000000003,243.0,36.0,11.842598110213233,275.0,314.22,279,207.0,125.0,0.74
07:44:11,275.0,34.0,312.12,24.0,272.0,176.0,510.75,32.0,37.120000000000005,210.0,56.0,10.09859495177532,275.0,312.12,266,154.0,-13.0,0.58
07:44:12,280.73,22.0,312.0,21.0,274.64,59.0,547.57,28.0,31.269999999999982,81.0,49.0,6.652652102734484,280.73,312.0,130,32.0,-136.0,0.25
07:44:13,280.18,33.0,311.88,24.0,276.71,42.0,506.19,31.0,31.69999999999999,75.0,55.0,6.035724480127997,280.18,311.88,130,20.0,0.0,0.15
07:44:14,278.06,50.0,310.17,36.0,276.11,154.0,311.17,36.0,32.110000000000014,204.0,72.0,1.215166655245422,278.06,310.17,276,132.0,146.0,0.48
07:44:15,276.0,288.0,305.14,42.0,275.0,128.0,306.14,42.0,29.139999999999986,416.0,84.0,2.3228064921601743,276.0,305.14,500,332.0,173.5,0.66
07:44:16,281.28,65.0,300.35,20.0,275.96,117.0,302.5,12.0,19.07000000000005,182.0,32.0,2.7723960756035892,281.28,300.35,214,150.0,-174.5,0.7
07:44:17,283.0,84.0,297.25,36.0,276.0,192.0,298.25,36.0,14.25,276.0,72.0,2.605306124052189,283.0,297.25,348,204.0,134.0,0.59
07:44:18,283.47,34.0,296.08,26.0,281.13,120.0,297.0,30.0,12.609999999999957,154.0,56.0,1.7429515197003251,283.47,296.08,210,98.0,-138.0,0.47
07:44:19,284.0,18.0,292.76,21.0,283.0,99.0,294.07,15.0,8.759999999999991,117.0,36.0,0.9550130889298502,284.0,292.76,153,81.0,-57.0,0.53
07:44:20,284.0,18.0,288.16,25.0,283.0,99.0,289.0,23.0,4.160000000000025,117.0,48.0,1.8727706747032944,284.0,288.16,165,69.0,12.0,0.42
07:44:21,283.21,56.0,285.39,28.0,282.23,78.0,286.62,24.0,2.180000000000007,134.0,52.0,2.4891564836366435,283.21,285.39,186,82.0,21.0,0.44
07:44:22,283.0,98.0,284.88,24.0,277.26,43.0,289.2,30.0,1.8799999999999955,141.0,54.0,2.5395432660287556,283.0,284.88,195,87.0,9.0,0.45
07:44:23,283.0,102.0,284.0,36.0,279.87,71.0,285.0,36.0,1.0,173.0,72.0,2.0103730997090485,283.0,284.0,245,101.0,50.0,0.41
07:44:24,282.29,28.0,284.62,24.0,280.65,34.0,446.0,32.0,2.329999999999984,62.0,56.0,1.0763270878479332,282.29,284.62,118,6.0,-127.0,0.05
07:44:25,281.0,55.0,283.43,21.0,278.0,22.0,336.77,35.0,2.430000000000007,77.0,56.0,0.7902025057138211,281.0,283.43,133,21.0,15.0,0.16
07:44:26,279.9,41.0,281.94,48.0,276.0,132.0,489.12,34.0,2.0400000000000205,173.0,82.0,1.235669858836631,279.9,281.94,255,91.0,122.0,0.36
07:44:28,273.95,42.0,425.05,37.0,272.78,18.0,457.69,32.0,151.10000000000002,60.0,69.0,46.000126956346456,273.95,425.05,129,-9.0,38.0,-0.07
07:44:29,273.0,136.0,406.0,24.0,271.0,40.0,445.17,23.0,133.0,176.0,47.0,43.153290952139166,273.0,406.0,223,129.0,94.0,0.58
07:44:30,273.0,113.0,375.63,19.0,271.0,35.0,427.0,12.0,102.63,148.0,31.0,35.94257475473847,273.0,375.63,179,117.0,-44.0,0.65
07:44:31,273.0,144.0,322.11,27.0,271.02,41.0,407.09,11.0,49.110000000000014,185.0,38.0,30.015471343957927,273.0,322.11000000000007,223,147.0,44.0,0.66
07:44:32,273.0,170.0,320.55,33.0,272.0,11.0,424.88,16.0,47.55000000000001,181.0,49.0,23.98251654851887,273.0,320.55,230,132.0,7.0,0.57
07:44:33,273.43,122.0,311.0,10.0,272.95,40.0,319.89,28.0,37.56999999999999,162.0,38.0,20.745825363190484,273.43,311.0,200,124.0,-30.0,0.62
07:44:34,276.14,107.0,316.04,28.0,275.01,71.0,323.5,12.0,39.900000000000034,178.0,40.0,12.982301413848397,276.14,316.04,218,138.0,18.0,0.63
07:44:35,276.0,132.0,316.0,33.0,272.0,11.0,393.45,11.0,40.0,143.0,44.0,2.0629663109265985,276.0,316.0,187,99.0,-31.0,0.53
07:44:36,276.0,120.0,312.66,32.0,272.0,10.0,429.5,12.0,36.660000000000025,130.0,44.0,1.8386136081349516,276.0,312.66,174,86.0,-13.0,0.49
07:44:37,279.62,74.0,298.86,56.0,271.4,25.0,309.33,45.0,19.24000000000001,99.0,101.0,2.8909911795128616,279.62,298.86,200,-2.0,26.0,-0.01
07:44:38,284.0,70.0,297.65,46.0,276.0,14.0,300.68,44.0,13.649999999999977,84.0,90.0,3.111248945362878,284.0,297.65,174,-6.0,-26.0,-0.03
07:44:39,284.16,64.0,295.71,42.0,282.64,76.0,298.0,42.0,11.549999999999955,140.0,84.0,2.942612784588495,284.16,295.71,224,56.0,50.0,0.25
07:44:40,285.0,65.0,294.69,39.0,284.0,52.0,298.0,39.0,9.689999999999998,117.0,78.0,2.032872352122899,285.0,294.69,195,39.0,-29.0,0.2
07:44:41,285.0,80.0,292.5,48.0,284.0,64.0,295.81,48.0,7.5,144.0,96.0,0.7856016802601367,285.0,292.5,240,48.0,45.0,0.2
07:44:42,285.0,64.0,290.43,42.0,284.0,56.0,291.86,42.0,5.430000000000007,120.0,84.0,1.2058523956223195,285.0,290.43,204,36.0,-36.0,0.18
07:44:43,285.0,27.0,287.74,47.0,284.0,60.0,289.4,45.0,2.740000000000009,87.0,92.0,1.509695333512565,285.0,287.74,179,-5.0,-25.0,-0.03
07:44:44,284.08,24.0,285.33,27.0,283.11,71.0,299.87,23.0,1.25,95.0,50.0,2.0116958020613995,284.08,285.33,145,45.0,-34.0,0.31
07:44:45,283.01,91.0,284.91,33.0,282.31,29.0,432.0,11.0,1.900000000000034,120.0,44.0,1.9999499993833512,283.01,284.91,164,76.0,19.0,0.46
07:44:46,283.0,65.0,284.0,39.0,280.62,26.0,357.0,34.0,1.0,91.0,73.0,1.75529199851058,283.0,284.0,164,18.0,0.0,0.11
07:44:47,277.65,48.0,373.76,66.0,276.91,70.0,423.62,40.0,96.11000000000001,118.0,106.0,18.397194623094634,277.65,373.76,224,12.0,60.0,0.05
07:44:48,278.77,35.0,373.0,28.0,277.14,42.0,427.0,35.0,94.23000000000002,77.0,63.0,22.865204350716137,278.77,373.0,140,14.0,-84.0,0.1
07:44:49,279.14,56.0,371.6,40.0,278.73,44.0,427.0,50.0,92.46000000000004,100.0,90.0,22.963685026580425,279.14,371.6,190,10.0,50.0,0.05
07:44:50,280.98,118.0,370.14,56.0,278.86,28.0,545.39,38.0,89.15999999999997,146.0,94.0,18.842070746071926,280.98,370.14,240,52.0,50.0,0.22
07:44:51,281.0,138.0,369.14,56.0,276.0,21.0,513.6,50.0,88.13999999999999,159.0,106.0,0.31459497765407546,281.0,369.14,265,53.0,25.0,0.2
07:44:52,281.0,81.0,368.0,44.0,276.0,22.0,434.0,55.0,87.0,103.0,99.0,0.5270388979625322,281.0,368.0,202,4.0,-63.0,0.02
07:44:53,281.54,74.0,366.87,60.0,278.67,30.0,434.0,75.0,85.32999999999998,104.0,135.0,0.5760642325002537,281.54,366.87,239,-31.0,37.0,-0.13
07:44:54,283.55,22.0,364.44,36.0,281.0,18.0,616.33,9.0,80.88999999999999,40.0,45.0,0.6450038759314003,283.55,364.44,85,-5.0,-154.0,-0.06
07:44:55,284.0,10.0,363.8,20.0,281.86,28.0,569.0,5.0,79.80000000000001,38.0,25.0,0.47272613632739363,284.0,363.8,63,13.0,-22.0,0.21
07:44:56,284.0,14.0,363.0,28.0,282.0,56.0,631.86,7.0,79.0,70.0,35.0,0.3702971779091495,284.0,363.0,105,35.0,42.0,0.33
07:44:57,284.0,10.0,341.0,8.0,282.0,40.0,380.29,17.0,57.0,50.0,25.0,5.1034419757621325,284.0,341.0,75,25.0,-30.0,0.33
07:44:58,284.0,12.0,360.67,21.0,282.0,48.0,498.31,13.0,76.67000000000002,60.0,34.0,4.93257843323058,284.0,360.67,94,26.0,19.0,0.28
07:44:59,283.22,46.0,321.08,39.0,282.06,94.0,647.33,45.0,37.85999999999996,140.0,84.0,9.473179508484867,283.22,321.08,224,56.0,130.0,0.25
07:45:00,283.0,30.0,320.47,17.0,282.0,40.0,536.0,22.0,37.47000000000003,70.0,39.0,10.494204591105683,283.0,320.47,109,31.0,-115.0,0.28
07:45:01,283.0,72.0,318.11,37.0,282.0,96.0,319.57,47.0,35.110000000000014,168.0,84.0,9.41282263723212,283.0,318.11,252,84.0,143.0,0.33
07:45:02,283.0,39.0,317.0,21.0,282.0,56.0,319.0,28.0,34.0,95.0,49.0,9.529623812092089,283.0,317.0,144,46.0,-108.0,0.32
07:45:03,283.0,39.0,314.33,51.0,281.81,79.0,317.2,40.0,31.329999999999984,118.0,91.0,1.3952669995375995,283.0,314.33,209,27.0,65.0,0.13
07:45:04,283.0,36.0,315.18,40.0,281.77,26.0,510.35,34.0,32.18000000000001,62.0,74.0,1.2172304629771322,283.0,315.18,136,-12.0,-73.0,-0.09
07:45:05,282.81,43.0,315.31,39.0,281.6,30.0,457.08,39.0,32.5,73.0,78.0,0.7745514831179701,282.81,315.31,151,-5.0,15.0,-0.03
07:45:06,282.0,18.0,312.67,27.0,281.0,27.0,313.89,27.0,30.670000000000016,45.0,54.0,0.9701803955972136,282.0,312.67,99,-9.0,-52.0,-0.09
07:45:07,282.0,12.0,311.5,18.0,281.0,18.0,313.0,18.0,29.5,30.0,36.0,1.0735455276801646,282.0,311.5,66,-6.0,-33.0,-0.09
07:45:08,282.0,16.0,310.12,24.0,281.0,24.0,311.25,24.0,28.120000000000005,40.0,48.0,1.3694780027451285,282.0,310.12,88,-8.0,22.0,-0.09
07:45:09,281.23,35.0,306.44,48.0,280.17,54.0,307.81,48.0,25.20999999999998,89.0,96.0,1.9086199202576126,281.23,306.44,185,-7.0,97.0,-0.04
07:45:10,279.0,36.0,302.44,34.0,278.0,60.0,304.0,36.0,23.439999999999998,96.0,70.0,2.705692148047558,279.0,302.44,166,26.0,-19.0,0.16
07:45:11,282.34,76.0,300.59,34.0,277.93,57.0,303.23,39.0,18.25,133.0,73.0,2.679576459071025,282.34,300.59,206,60.0,40.0,0.29
07:45:12,283.0,72.0,299.83,36.0,278.0,60.0,302.92,36.0,16.829999999999984,132.0,72.0,2.21575043721284,283.0,299.83,204,60.0,-2.0,0.29
07:45:13,283.0,54.0,293.9,30.0,278.0,45.0,297.78,27.0,10.899999999999977,99.0,57.0,1.9254012568840906,283.0,293.9,156,42.0,-48.0,0.27
07:45:14,284.0,22.0,293.47,43.0,283.0,78.0,297.08,39.0,9.470000000000027,100.0,82.0,1.4651177427129138,284.0,293.47,182,18.0,26.0,0.1
07:45:15,284.0,8.0,296.0,24.0,283.0,48.0,297.0,24.0,12.0,56.0,48.0,1.4310590484016954,284.0,296.0,104,8.0,-78.0,0.08
07:45:16,283.06,16.0,295.83,18.0,279.88,16.0,297.0,18.0,12.769999999999982,32.0,36.0,1.1804448314143592,283.06,295.83,68,-4.0,-36.0,-0.06
07:45:17,282.41,34.0,295.0,36.0,277.82,22.0,297.0,36.0,12.589999999999975,56.0,72.0,0.6400937431451498,282.41,295.0,128,-16.0,60.0,-0.12
07:45:18,275.22,54.0,295.0,36.0,272.67,12.0,297.0,36.0,19.779999999999973,66.0,72.0,1.9164811504458998,275.22,295.0,138,-6.0,10.0,-0.04
