Time,Bid1_Price,Bid1_Volume,Ask1_Price,Ask1_Volume,Bid2_Price,Bid2_Volume,Ask2_Price,Ask2_Volume,Bid_Ask_Spread,Market_Depth_Bid,Market_Depth_Ask,Historical_Volatility,Weighted_Avg_Bid_Price,Weighted_Avg_Ask_Price,Total_volume,Cumulative_Volume_Difference,Total_Volume_Change_Corrected,Order_imbalance
07:30:08,332.83,12.0,360.0,24.0,324.33,12.0,362.0,12.0,27.170000000000016,24.0,36.0,3.9485351714276273,332.83,360.0,60,-12.0,4.0,-0.2
07:30:09,329.33,15.0,360.0,20.0,328.33,12.0,362.0,10.0,30.670000000000016,27.0,30.0,3.2827320938512368,329.33,360.0,57,-3.0,-3.0,-0.05
07:30:10,332.53,38.0,360.0,40.0,331.74,38.0,362.0,20.0,27.470000000000027,76.0,60.0,3.0377573965017133,332.53,360.0,136,16.0,79.0,0.12
07:30:11,335.71,14.0,360.0,16.0,334.29,14.0,362.0,8.0,24.29000000000002,28.0,24.0,2.7037252079308733,335.71,360.0,52,4.0,-84.0,0.08
07:30:12,337.33,61.0,358.86,56.0,336.48,31.0,360.07,54.0,21.53000000000003,92.0,110.0,1.3840700849309597,337.33,358.86,202,-18.0,150.0,-0.09
07:30:13,341.61,51.0,358.06,68.0,340.82,83.0,360.35,68.0,16.44999999999999,134.0,136.0,1.9575673679341719,341.61,358.06,270,-2.0,68.0,-0.01
07:30:14,343.75,40.0,362.0,22.0,342.32,37.0,363.0,22.0,18.25,77.0,44.0,2.518795346986447,343.75,362.0,121,33.0,-149.0,0.27
07:30:15,346.21,29.0,362.0,14.0,345.38,24.0,363.0,14.0,15.79000000000002,53.0,28.0,2.821235544934235,346.21,362.0,81,25.0,-40.0,0.31
07:30:16,349.86,63.0,361.64,28.0,348.87,63.0,362.64,28.0,11.779999999999973,126.0,56.0,3.128873599236655,349.86,361.64,182,70.0,101.0,0.38
07:30:17,353.99,78.0,359.15,40.0,352.57,60.0,361.0,38.0,5.159999999999968,138.0,78.0,2.65373887185604,353.99,359.15,216,60.0,34.0,0.28
07:30:18,356.66,29.0,359.0,11.0,355.81,42.0,362.0,22.0,2.339999999999975,71.0,33.0,1.9642632206502706,356.66,359.0,104,38.0,-112.0,0.37
07:30:19,358.73,15.0,361.47,38.0,357.06,32.0,362.69,26.0,2.740000000000009,47.0,64.0,2.2567565220907295,358.7300000000001,361.47,111,-17.0,7.0,-0.15
07:30:20,359.0,13.0,361.15,41.0,358.0,26.0,362.46,26.0,2.1499999999999773,39.0,67.0,1.9881348042823417,359.0,361.15,106,-28.0,-5.0,-0.26
07:30:21,360.88,32.0,362.25,16.0,358.91,23.0,364.75,32.0,1.3700000000000045,55.0,48.0,1.9954272725405395,360.88,362.25,103,7.0,-3.0,0.07
07:30:22,361.96,75.0,363.0,32.0,360.87,47.0,370.0,64.0,1.0400000000000205,122.0,96.0,1.7660322760352871,361.96,363.0,218,26.0,115.0,0.12
07:30:23,361.79,42.0,369.35,34.0,358.0,28.0,376.71,56.0,7.560000000000002,70.0,90.0,2.2635215925627943,361.79,369.35,160,-20.0,-58.0,-0.12
07:30:24,369.45,38.0,379.73,37.0,365.0,24.0,380.51,55.0,10.28000000000003,62.0,92.0,5.802484812560694,369.45,379.73,154,-30.0,-6.0,-0.19
07:30:25,371.0,30.0,378.0,10.0,370.0,10.0,379.0,40.0,7.0,40.0,50.0,6.387272500840801,371.0,378.0,90,-10.0,-64.0,-0.11
07:30:26,371.0,79.0,378.0,13.0,370.0,13.0,379.0,52.0,7.0,92.0,65.0,5.856737146227125,371.0,378.0,157,27.0,67.0,0.17
07:30:27,370.67,27.0,374.68,44.0,365.71,42.0,378.87,55.0,4.009999999999991,69.0,99.0,3.883687680542342,370.67,374.68000000000006,168,-30.0,11.0,-0.18
07:30:28,370.0,10.0,375.38,37.0,365.0,40.0,383.61,41.0,5.3799999999999955,50.0,78.0,1.0139773172986521,370.0,375.38,128,-28.0,-40.0,-0.22
07:30:29,370.0,6.0,375.0,6.0,365.0,24.0,376.0,24.0,5.0,30.0,30.0,1.0323613708368815,370.0,375.0,60,0.0,-68.0,0.0
07:30:30,365.22,46.0,373.08,13.0,361.43,35.0,376.0,52.0,7.859999999999957,81.0,65.0,1.9423877058909493,365.2200000000001,373.08,146,16.0,86.0,0.11
07:30:31,365.0,32.0,371.5,8.0,354.62,26.0,377.25,32.0,6.5,58.0,40.0,2.171778073375916,365.0,371.5,98,18.0,-48.0,0.18
07:30:32,365.0,50.0,369.25,12.0,352.86,42.0,379.86,42.0,4.25,92.0,54.0,2.527285104612545,365.0,369.25,146,38.0,48.0,0.26
07:30:33,365.0,50.0,367.44,16.0,350.0,50.0,377.03,31.0,2.4399999999999977,100.0,47.0,2.4227195462942936,365.0,367.44,147,53.0,1.0,0.36
07:30:34,358.53,58.0,366.75,24.0,349.7,50.0,377.95,37.0,8.220000000000027,108.0,61.0,2.5145834645118983,358.53,366.75,169,47.0,22.0,0.28
07:30:35,357.58,95.0,380.49,37.0,348.94,31.0,385.93,56.0,22.910000000000025,126.0,93.0,2.4854717862000886,357.58,380.49,219,33.0,50.0,0.15
07:30:36,368.37,49.0,383.85,39.0,364.94,111.0,387.0,52.0,15.480000000000018,160.0,91.0,4.98132813614969,368.37,383.85,251,69.0,32.0,0.27
07:30:37,370.0,29.0,384.0,33.0,368.0,121.0,387.0,44.0,14.0,150.0,77.0,6.235603419076322,370.0,384.0,227,73.0,-24.0,0.32
07:30:38,368.18,88.0,384.0,30.0,365.02,86.0,387.0,40.0,15.819999999999993,174.0,70.0,6.222927767538053,368.18,384.0,244,104.0,17.0,0.43
07:30:39,364.56,96.0,383.55,44.0,354.38,96.0,386.32,62.0,18.99000000000001,192.0,106.0,3.220400596198526,364.56,383.55,298,86.0,54.0,0.29
07:30:40,357.19,31.0,382.0,16.0,352.33,45.0,385.27,22.0,24.810000000000002,76.0,38.0,2.981534839641439,357.19,382.0,114,38.0,-184.0,0.33
07:30:41,358.94,32.0,380.04,50.0,357.0,96.0,381.06,32.0,21.100000000000023,128.0,82.0,3.5435899875685375,358.94,380.04,210,46.0,96.0,0.22
07:30:42,360.41,75.0,364.0,68.0,355.25,157.0,380.41,54.0,3.589999999999975,232.0,122.0,5.342753971501655,360.41,364.0,354,110.0,144.0,0.31
07:30:43,361.0,40.0,362.91,44.0,352.31,78.0,373.66,29.0,1.910000000000025,118.0,73.0,5.245264530983864,361.0,362.91,191,45.0,-163.0,0.24
07:30:44,361.0,30.0,362.5,28.0,353.0,60.0,364.0,15.0,1.5,90.0,43.0,4.1523848569223345,361.0,362.5,133,47.0,-58.0,0.35
07:30:45,361.14,21.0,366.0,7.0,354.29,31.0,378.0,21.0,4.860000000000014,52.0,28.0,3.2627411788246694,361.14,366.0,80,24.0,-53.0,0.3
07:30:46,362.38,24.0,366.0,26.0,358.08,39.0,378.0,24.0,3.6200000000000045,63.0,50.0,1.081240028855025,362.37999999999994,366.0,113,13.0,33.0,0.12
07:30:47,363.0,24.0,366.0,20.0,358.0,48.0,378.31,26.0,3.0,72.0,46.0,1.2719748425178417,363.0,366.0,118,26.0,5.0,0.22
07:30:48,369.57,42.0,379.0,40.0,361.64,42.0,380.14,29.0,9.430000000000007,84.0,69.0,4.940637610673094,369.57,379.0,153,15.0,35.0,0.1
07:30:49,372.0,55.0,379.0,44.0,367.0,33.0,380.0,33.0,7.0,88.0,77.0,5.944842302365692,372.0,379.0,165,11.0,12.0,0.07
07:30:50,372.0,55.0,379.62,42.0,367.0,33.0,381.08,26.0,7.6200000000000045,88.0,68.0,5.973597743403534,372.0,379.62,156,20.0,-9.0,0.13
07:30:51,372.0,35.0,380.0,28.0,367.0,21.0,382.0,14.0,8.0,56.0,42.0,4.919811988277099,372.0,380.0,98,14.0,-58.0,0.14
07:30:52,372.0,50.0,379.65,43.0,367.0,30.0,381.08,26.0,7.649999999999977,80.0,69.0,0.6924810466678468,372.0,379.65,149,11.0,51.0,0.07
07:30:53,372.0,45.0,379.0,45.0,367.0,27.0,380.0,36.0,7.0,72.0,81.0,0.2208393080819533,372.0,379.0,153,-9.0,4.0,-0.06
07:30:54,367.89,38.0,379.0,60.0,358.92,146.0,380.9,31.0,11.110000000000014,184.0,91.0,1.059702788518689,367.89,379.0,275,93.0,122.0,0.34
07:30:55,363.19,57.0,377.82,85.0,358.63,119.0,382.0,51.0,14.629999999999995,176.0,136.0,2.3317740027701395,363.18999999999994,377.82,312,40.0,37.0,0.13
07:30:56,364.78,90.0,375.44,90.0,363.28,36.0,382.22,18.0,10.660000000000025,126.0,108.0,2.6917280694741694,364.78,375.44,234,18.0,-78.0,0.08
07:30:57,365.0,45.0,374.0,45.0,364.0,18.0,382.0,9.0,9.0,63.0,54.0,2.5603573969263946,365.0,374.0,117,9.0,-117.0,0.08
07:30:58,365.71,17.0,373.36,55.0,364.97,62.0,375.18,33.0,7.650000000000034,79.0,88.0,1.6373454125493312,365.71,373.36,167,-9.0,50.0,-0.05
07:30:59,366.0,18.0,370.65,62.0,365.0,90.0,372.38,68.0,4.649999999999977,108.0,130.0,0.8278466041465475,366.0,370.65,238,-22.0,71.0,-0.09
07:31:00,365.42,52.0,367.17,54.0,361.04,48.0,369.03,30.0,1.75,100.0,84.0,1.5212659202116614,365.42,367.17,184,16.0,-54.0,0.09
07:31:01,366.0,39.0,367.0,45.0,359.93,30.0,374.48,21.0,1.0,69.0,66.0,1.5703088868110822,366.0,367.0,135,3.0,-49.0,0.02
07:31:02,359.0,20.0,368.88,16.0,358.0,20.0,372.75,16.0,9.879999999999995,40.0,32.0,2.134579583899024,359.0,368.88,72,8.0,-63.0,0.11
07:31:03,359.0,18.0,376.0,9.0,358.0,18.0,379.25,16.0,17.0,36.0,25.0,1.6514841809714063,359.0,376.0,61,11.0,-11.0,0.18
07:31:04,359.0,16.0,375.78,9.0,358.0,16.0,378.0,19.0,16.779999999999973,32.0,28.0,1.4348275157658819,359.0,375.78,60,4.0,-1.0,0.07
07:31:05,358.12,52.0,375.0,40.0,353.46,39.0,376.97,64.0,16.879999999999995,91.0,104.0,1.4383045574560547,358.12,375.0,195,-13.0,135.0,-0.07
07:31:06,358.0,40.0,373.76,42.0,352.0,34.0,375.88,64.0,15.759999999999991,74.0,106.0,1.4518195480151572,358.0,373.76,180,-32.0,-15.0,-0.18
07:31:07,358.0,20.0,372.3,20.0,352.0,20.0,374.6,40.0,14.300000000000011,40.0,60.0,1.0003149504025246,358.0,372.3,100,-20.0,-80.0,-0.2
07:31:08,359.2,30.0,364.6,35.0,356.62,32.0,370.44,50.0,5.400000000000034,62.0,85.0,2.112209743372945,359.2,364.6,147,-23.0,47.0,-0.16
07:31:09,360.67,30.0,363.0,45.0,351.0,30.0,375.0,60.0,2.329999999999984,60.0,105.0,2.2461589436191756,360.67,363.0,165,-45.0,18.0,-0.27
07:31:10,349.18,99.0,362.05,74.0,347.43,47.0,369.4,30.0,12.870000000000005,146.0,104.0,4.0525090993114485,349.18,362.05,250,42.0,85.0,0.17
07:31:11,350.94,176.0,362.0,76.0,347.18,34.0,363.0,16.0,11.060000000000002,210.0,92.0,4.0292220092722,350.94,362.0,302,118.0,52.0,0.39
07:31:12,353.08,143.0,362.0,52.0,347.0,26.0,363.0,13.0,8.920000000000016,169.0,65.0,2.9932373778243364,353.08,362.0,234,104.0,-68.0,0.44
07:31:13,354.58,132.0,362.0,48.0,347.0,24.0,363.0,12.0,7.420000000000016,156.0,60.0,2.39569405392369,354.58,362.0,216,96.0,-18.0,0.44
07:31:14,355.0,88.0,362.0,28.0,347.0,16.0,363.0,8.0,7.0,104.0,36.0,1.2234909072019746,355.0,362.0,140,68.0,-76.0,0.49
07:31:15,355.0,88.0,362.0,16.0,347.0,16.0,363.0,8.0,7.0,104.0,24.0,0.8715790268274355,355.0,362.0,128,80.0,-12.0,0.62
07:31:16,359.29,144.0,371.1,40.0,354.84,49.0,373.44,32.0,11.810000000000002,193.0,72.0,3.1519644668054503,359.29,371.1,265,121.0,137.0,0.46
07:31:17,368.5,216.0,374.0,72.0,366.0,24.0,377.0,12.0,5.5,240.0,84.0,5.776267826200776,368.5,374.0,324,156.0,59.0,0.48
07:31:18,369.0,108.0,374.0,36.0,366.0,12.0,377.0,6.0,5.0,120.0,42.0,6.4391769660415745,369.0,374.0,162,78.0,-162.0,0.48
07:31:19,369.36,143.0,374.0,66.0,367.92,103.0,375.58,31.0,4.639999999999986,246.0,97.0,5.782419908654035,369.36,374.0,343,149.0,181.0,0.43
07:31:20,370.0,182.0,373.7,77.0,368.0,209.0,395.18,85.0,3.6999999999999886,391.0,162.0,2.857416665450954,370.0,373.7,553,229.0,189.5,0.41
07:31:21,370.0,130.0,372.2,40.0,368.0,160.0,374.0,32.0,2.1999999999999886,290.0,72.0,0.3059901959148528,370.0,372.2,362,218.0,-190.5,0.6
07:31:22,370.0,174.0,372.23,52.0,368.0,224.0,376.44,36.0,2.230000000000018,398.0,88.0,0.3342154993354241,370.0,372.22999999999996,486,310.0,124.0,0.64
07:31:23,370.0,108.0,376.0,24.0,368.0,192.0,379.5,48.0,6.0,300.0,72.0,0.7740800992118436,370.0,376.0,372,228.0,-114.0,0.61
07:31:24,370.0,81.0,376.0,18.0,368.0,144.0,379.0,36.0,6.0,225.0,54.0,0.9494630061227347,370.0,376.0,279,171.0,-93.0,0.61
07:31:25,370.0,108.0,376.0,24.0,368.0,192.0,379.0,48.0,6.0,300.0,72.0,1.035219783425465,370.0,376.0,372,228.0,93.0,0.61
07:31:26,370.0,114.0,376.0,28.0,368.0,224.0,379.0,64.0,6.0,338.0,92.0,0.8407615595370911,370.0,376.0,430,246.0,58.0,0.57
07:31:27,370.0,38.0,376.0,14.0,368.0,112.0,379.0,42.0,6.0,150.0,56.0,0.0,370.0,376.0,206,94.0,-190.5,0.46
07:31:28,370.0,45.0,376.0,18.0,368.0,60.0,379.0,54.0,6.0,105.0,72.0,0.0,370.0,376.0,177,33.0,-29.0,0.19
07:31:29,370.0,30.0,376.0,16.0,368.0,64.0,379.0,48.0,6.0,94.0,64.0,0.0,370.0,376.0,158,30.0,-19.0,0.19
07:31:30,370.0,18.0,375.5,8.0,368.0,48.0,377.8,20.0,5.5,66.0,28.0,0.11180339885277736,370.0,375.5,94,38.0,-64.0,0.4
07:31:31,368.35,34.0,375.0,10.0,367.33,24.0,376.0,20.0,6.649999999999977,58.0,30.0,0.5726953815032965,368.35,375.0,88,28.0,-6.0,0.32
07:31:32,368.0,15.0,372.67,15.0,366.72,29.0,376.0,30.0,4.670000000000016,44.0,45.0,1.1552359066422453,368.0,372.67,89,-1.0,1.0,-0.01
07:31:33,368.0,9.0,370.33,36.0,366.0,9.0,372.0,9.0,2.329999999999984,18.0,45.0,1.6261703477790872,368.0,370.33,63,-27.0,-26.0,-0.43
07:31:34,367.71,62.0,369.61,33.0,365.81,31.0,370.85,41.0,1.900000000000034,93.0,74.0,1.7056289162641642,367.71,369.61,167,19.0,104.0,0.11
07:31:35,368.0,44.0,372.67,18.0,366.0,27.0,375.95,19.0,4.670000000000016,71.0,37.0,1.1746190871924282,368.0,372.67,108,34.0,-59.0,0.31
07:31:36,368.62,21.0,380.35,34.0,367.79,58.0,381.52,23.0,11.730000000000018,79.0,57.0,2.295992160264574,368.62,380.35,136,22.0,28.0,0.16
07:31:37,368.65,17.0,381.0,31.0,367.76,50.0,382.0,39.0,12.350000000000023,67.0,70.0,2.9506660265092175,368.65,381.0,137,-3.0,1.0,-0.02
07:31:38,368.0,39.0,381.0,17.0,366.0,39.0,382.0,39.0,13.0,78.0,56.0,2.862647376117936,368.0,381.0,134,22.0,-3.0,0.16
07:31:39,368.0,21.0,381.0,35.0,366.0,21.0,382.0,21.0,13.0,42.0,56.0,1.9046968262676638,368.0,381.0,98,-14.0,-36.0,-0.14
07:31:40,368.0,39.0,381.0,65.0,366.0,39.0,382.0,42.0,13.0,78.0,107.0,0.14429137186074056,368.0,381.0,185,-29.0,87.0,-0.16
07:31:41,368.77,31.0,381.0,90.0,366.33,54.0,382.0,90.0,12.230000000000018,85.0,180.0,0.1960102037991748,368.77,381.0,265,-95.0,80.0,-0.36
07:31:42,366.25,24.0,380.21,38.0,365.39,23.0,381.35,48.0,13.95999999999998,47.0,86.0,0.6344525198890907,366.25,380.21,133,-39.0,-132.0,-0.29
07:31:43,364.48,63.0,370.83,41.0,359.55,22.0,376.04,57.0,6.349999999999966,85.0,98.0,3.030549455130982,364.48,370.83,183,-13.0,50.0,-0.07
07:31:44,356.78,202.0,363.65,79.0,354.68,38.0,366.09,34.0,6.8700000000000045,240.0,113.0,6.24330681610289,356.78,363.65,353,127.0,170.0,0.36
07:31:45,358.0,196.0,360.29,62.0,353.58,55.0,361.49,71.0,2.2900000000000205,251.0,133.0,7.232059181173719,358.0,360.29,384,118.0,31.0,0.31
07:31:46,356.44,142.0,359.38,74.0,350.82,102.0,361.59,59.0,2.9399999999999977,244.0,133.0,6.572777190807684,356.44,359.38,377,111.0,-7.0,0.29
07:31:47,353.1,40.0,361.0,20.0,352.0,44.0,362.0,50.0,7.899999999999977,84.0,70.0,4.23035223119829,353.1,361.0,154,14.0,-190.5,0.09
07:31:48,355.92,48.0,361.0,24.0,354.25,48.0,362.0,60.0,5.079999999999984,96.0,84.0,1.202405921478284,355.92,361.0,180,12.0,26.0,0.07
07:31:49,358.86,28.0,363.4,30.0,355.0,56.0,362.75,64.0,4.539999999999964,84.0,94.0,1.541395471644423,358.86,363.4,178,-10.0,-2.0,-0.06
07:31:50,361.22,41.0,373.0,45.0,356.29,55.0,374.0,30.0,11.779999999999973,96.0,75.0,4.084118019842804,361.22,373.0,171,21.0,-7.0,0.12
07:31:51,366.43,104.0,373.0,66.0,364.51,119.0,374.0,44.0,6.569999999999993,223.0,110.0,5.502120500316491,366.43,373.0,333,113.0,162.0,0.34
07:31:52,368.11,45.0,373.0,27.0,365.11,71.0,374.0,18.0,4.889999999999986,116.0,45.0,5.352768442591278,368.11,373.0,161,71.0,-172.0,0.44
07:31:53,369.73,55.0,373.0,39.0,368.42,62.0,374.0,26.0,3.269999999999982,117.0,65.0,4.146918132782341,369.73,373.0,182,52.0,21.0,0.29
07:31:54,370.0,24.0,373.0,18.0,369.0,30.0,375.6,20.0,3.0,54.0,38.0,1.7910332213549607,370.0,373.0,92,16.0,-90.0,0.17
07:31:55,370.0,20.0,373.0,15.0,369.0,25.0,375.75,16.0,3.0,45.0,31.0,0.7803332621363738,370.0,373.0,76,14.0,-16.0,0.18
07:31:56,370.0,12.0,373.0,9.0,369.0,15.0,375.0,6.0,3.0,27.0,15.0,0.40924320397059116,370.0,373.0,42,12.0,-34.0,0.29
07:31:57,369.17,36.0,373.0,27.0,367.15,39.0,375.0,18.0,3.829999999999984,75.0,45.0,0.18253766733479745,369.17,373.0,120,30.0,78.0,0.25
07:31:58,370.0,20.0,373.0,30.0,369.0,50.0,375.0,20.0,3.0,70.0,50.0,0.18782971009935728,370.0,373.0,120,20.0,0.0,0.17
07:31:59,369.2,50.0,372.39,46.0,367.19,63.0,373.73,33.0,3.1899999999999977,113.0,79.0,0.32230420412413724,369.2,372.39,192,34.0,72.0,0.18
07:32:00,369.0,78.0,370.9,84.0,366.67,45.0,373.0,50.0,1.8999999999999773,123.0,134.0,0.6409212120036971,369.0,370.9,257,-11.0,65.0,-0.04
07:32:01,366.29,41.0,370.0,44.0,365.58,62.0,374.0,33.0,3.7099999999999795,103.0,77.0,1.3269626972890973,366.29,370.0,180,26.0,-77.0,0.14
07:32:02,366.0,51.0,369.09,44.0,365.0,55.0,374.64,33.0,3.089999999999975,106.0,77.0,1.6938860646446314,366.0,369.09,183,29.0,3.0,0.16
07:32:03,367.89,9.0,369.0,36.0,366.0,27.0,375.0,27.0,1.1100000000000136,36.0,63.0,1.3489514446405309,367.89,369.0,99,-27.0,-84.0,-0.27
07:32:04,367.25,16.0,369.78,46.0,365.75,40.0,375.33,36.0,2.5299999999999727,56.0,82.0,0.8844602874059189,367.25,369.7799999999999,138,-26.0,39.0,-0.19
07:32:05,366.0,48.0,373.69,48.0,362.55,69.0,375.38,48.0,7.689999999999998,117.0,96.0,0.8403273171795415,366.0,373.69,213,21.0,75.0,0.1
07:32:06,366.0,21.0,374.55,11.0,364.0,42.0,375.57,21.0,8.550000000000011,63.0,32.0,1.1108690291829153,366.0,374.55,95,31.0,-118.0,0.33
07:32:07,366.0,36.0,373.25,12.0,364.0,72.0,376.0,36.0,7.25,108.0,48.0,0.8178752961163945,366.0,373.25,156,60.0,61.0,0.38
07:32:08,366.29,42.0,372.0,15.0,364.22,81.0,373.75,32.0,5.7099999999999795,123.0,47.0,0.6727703917365646,366.29,372.0,170,76.0,14.0,0.45
07:32:09,368.0,32.0,370.54,28.0,366.0,48.0,375.43,46.0,2.5400000000000205,80.0,74.0,0.4537289940011013,368.0,370.54,154,6.0,-16.0,0.04
07:32:10,368.0,22.0,370.0,44.0,366.0,33.0,371.0,11.0,2.0,55.0,55.0,0.5078877828786252,368.0,370.0,110,0.0,-44.0,0.0
07:32:11,366.0,92.0,369.21,56.0,364.0,84.0,371.0,23.0,3.2099999999999795,176.0,79.0,0.7718613865181522,366.0,369.21,255,97.0,145.0,0.38
07:32:12,366.0,98.0,367.93,56.0,364.0,84.0,371.0,14.0,1.9300000000000068,182.0,70.0,1.044284444008474,366.0,367.93,252,112.0,-3.0,0.44
07:32:13,366.0,47.0,367.62,24.0,364.0,54.0,375.31,13.0,1.6200000000000045,101.0,37.0,1.1443557139274394,366.0,367.62000000000006,138,64.0,-114.0,0.46
07:32:14,366.36,22.0,369.0,14.0,364.8,60.0,377.04,53.0,2.6399999999999864,82.0,67.0,0.8659503449959388,366.36,369.0,149,15.0,11.0,0.1
07:32:15,366.0,18.0,367.17,12.0,364.0,72.0,377.22,54.0,1.170000000000016,90.0,66.0,0.4915994304298001,366.0,367.17,156,24.0,7.0,0.15
07:32:16,364.07,56.0,378.48,33.0,357.57,21.0,380.13,31.0,14.410000000000025,77.0,64.0,1.954461562681235,364.07,378.48,141,13.0,-15.0,0.09
07:32:17,364.42,38.0,379.92,76.0,362.58,53.0,382.11,53.0,15.5,91.0,129.0,2.626600464478316,364.42,379.92,220,-38.0,79.0,-0.17
07:32:18,366.0,6.0,379.0,12.0,364.0,36.0,380.0,42.0,13.0,42.0,54.0,2.723383924458123,366.0,379.0,96,-12.0,-124.0,-0.12
07:32:19,366.0,9.0,377.92,26.0,364.0,54.0,379.81,43.0,11.920000000000016,63.0,69.0,2.4547545702160054,366.0,377.92,132,-6.0,36.0,-0.05
07:32:20,368.76,63.0,377.0,70.0,364.38,37.0,380.74,58.0,8.240000000000009,100.0,128.0,0.6017640733672508,368.76,377.0,228,-28.0,96.0,-0.12
07:32:21,369.0,64.0,377.0,72.0,366.0,12.0,379.67,60.0,8.0,76.0,132.0,0.4457802148989254,369.0,377.0,208,-56.0,-20.0,-0.27
07:32:22,369.0,27.0,375.89,54.0,366.0,13.0,377.78,32.0,6.889999999999986,40.0,86.0,0.41046315302996933,369.0,375.88999999999993,126,-46.0,-82.0,-0.37
07:32:23,369.0,43.0,374.18,44.0,368.0,11.0,379.61,31.0,5.180000000000007,54.0,75.0,0.599649897853247,369.0,374.18000000000006,129,-21.0,3.0,-0.16
07:32:24,369.0,11.0,373.0,44.0,368.0,11.0,378.0,11.0,4.0,22.0,55.0,0.8617540252273245,369.0,373.0,77,-33.0,-52.0,-0.43
07:32:25,369.0,9.0,372.0,36.0,368.0,9.0,379.72,29.0,3.0,18.0,65.0,1.0221937194072925,369.0,372.0,83,-47.0,6.0,-0.57
07:32:26,365.38,34.0,368.57,46.0,360.49,72.0,375.8,61.0,3.1899999999999977,106.0,107.0,2.1013448074973775,365.38,368.57000000000005,213,-1.0,130.0,-0.0
07:32:27,364.0,96.0,365.85,27.0,351.0,112.0,379.89,53.0,1.8500000000000227,208.0,80.0,2.9001672365566793,364.0,365.85,288,128.0,75.0,0.44
07:32:28,364.0,51.0,377.67,30.0,351.0,84.0,379.44,36.0,13.670000000000016,135.0,66.0,2.7461846259850913,364.0,377.67,201,69.0,-87.0,0.34
07:32:29,367.0,56.0,377.86,28.0,355.73,77.0,379.07,56.0,10.860000000000014,133.0,84.0,3.080684988764148,367.0,377.86,217,49.0,16.0,0.23
07:32:30,365.2,60.0,377.0,30.0,353.5,96.0,381.62,74.0,11.800000000000011,156.0,104.0,3.1580088663581565,365.2,377.0,260,52.0,43.0,0.2
07:32:31,364.72,25.0,375.46,26.0,358.75,64.0,378.45,29.0,10.739999999999952,89.0,55.0,2.891363000385197,364.72,375.46,144,34.0,-116.0,0.24
07:32:32,366.0,20.0,373.45,40.0,364.0,82.0,374.45,40.0,7.449999999999989,102.0,80.0,1.0476545232070245,366.0,373.45,182,22.0,38.0,0.12
07:32:33,365.5,24.0,371.33,42.0,363.08,118.0,372.57,42.0,5.829999999999984,142.0,84.0,1.5054667050440709,365.5,371.33,226,58.0,44.0,0.26
07:32:34,364.0,28.0,368.29,28.0,352.0,42.0,369.29,28.0,4.2900000000000205,70.0,56.0,1.9105575102562673,364.0,368.29,126,14.0,-100.0,0.11
07:32:35,356.47,43.0,365.3,40.0,351.14,42.0,366.44,36.0,8.829999999999984,85.0,76.0,3.7814640022083035,356.47,365.3,161,9.0,35.0,0.06
07:32:36,352.0,42.0,363.8,35.0,350.0,28.0,367.97,37.0,11.800000000000011,70.0,72.0,5.049958415670199,352.0,363.8,142,-2.0,-19.0,-0.01
07:32:37,364.25,40.0,369.93,28.0,354.11,47.0,371.0,70.0,5.680000000000007,87.0,98.0,4.488081995685725,364.25,369.93,185,-11.0,43.0,-0.06
07:32:38,353.67,49.0,369.0,15.0,351.72,25.0,371.0,45.0,15.329999999999984,74.0,60.0,3.850428547577374,353.67,369.0,134,14.0,-51.0,0.1
07:32:39,353.0,104.0,371.12,33.0,346.0,13.0,372.92,65.0,18.120000000000005,117.0,98.0,3.328104565664834,353.0,371.12,215,19.0,81.0,0.09
07:32:40,353.0,72.0,364.62,39.0,348.33,9.0,373.33,45.0,11.620000000000005,81.0,84.0,3.5974087896705984,353.0,364.62,165,-3.0,-50.0,-0.02
07:32:41,354.8,30.0,364.55,66.0,353.0,76.0,372.7,63.0,9.75,106.0,129.0,3.230329704534671,354.8,364.55,235,-23.0,70.0,-0.1
07:32:42,355.0,12.0,370.0,30.0,350.86,14.0,375.0,18.0,15.0,26.0,48.0,1.579344800858726,355.0,370.0,74,-22.0,-161.0,-0.3
07:32:43,352.04,23.0,363.62,48.0,348.97,38.0,368.75,76.0,11.579999999999984,61.0,124.0,2.0356890725255172,352.04,363.62000000000006,185,-63.0,111.0,-0.34
07:32:44,349.0,39.0,355.0,39.0,347.0,39.0,359.38,39.0,6.0,78.0,78.0,3.859814762394771,349.0,355.0,156,0.0,-29.0,0.0
07:32:45,349.38,26.0,357.25,24.0,347.43,23.0,362.64,44.0,7.8700000000000045,49.0,68.0,4.375777645173597,349.38,357.25,117,-19.0,-39.0,-0.16
07:32:46,350.0,20.0,358.0,20.0,348.6,10.0,361.0,40.0,8.0,30.0,60.0,4.264879834180713,350.0,358.0,90,-30.0,-27.0,-0.33
07:32:47,350.0,14.0,358.92,13.0,348.0,7.0,361.73,22.0,8.920000000000016,21.0,35.0,2.169359352436051,350.0,358.92,56,-14.0,-34.0,-0.25
07:32:48,350.59,29.0,361.0,14.0,348.5,8.0,369.0,7.0,10.410000000000025,37.0,21.0,1.4000999964295113,350.59,361.0,58,16.0,2.0,0.28
07:32:49,352.33,153.0,360.78,18.0,350.0,18.0,366.09,11.0,8.449999999999989,171.0,29.0,1.3247943236599136,352.33,360.78,200,142.0,142.0,0.71
07:32:50,353.08,218.0,360.83,24.0,346.93,29.0,367.37,38.0,7.75,247.0,62.0,1.2899922480391874,353.08,360.83,309,185.0,109.0,0.6
07:32:51,355.79,238.0,361.0,28.0,352.64,28.0,368.0,70.0,5.2099999999999795,266.0,98.0,1.4517127815104771,355.79,361.0,364,168.0,55.0,0.46
07:32:52,357.05,125.0,360.23,26.0,355.91,116.0,364.0,35.0,3.180000000000007,241.0,61.0,1.216745659536355,357.05,360.22999999999996,302,180.0,-62.0,0.6
07:32:53,359.63,65.0,365.29,68.0,357.02,241.0,370.06,81.0,5.660000000000025,306.0,149.0,2.3343350230847495,359.63,365.29,455,157.0,153.0,0.35
07:32:54,360.75,204.0,363.96,45.0,359.0,12.0,367.41,49.0,3.2099999999999795,216.0,94.0,2.4984695315331904,360.75,363.96,310,122.0,-145.0,0.39
07:32:55,361.43,238.0,364.08,50.0,359.0,14.0,366.69,39.0,2.6499999999999773,252.0,89.0,2.2002658930227423,361.43,364.08,341,163.0,31.0,0.48
07:32:56,362.0,119.0,363.0,16.0,359.0,7.0,366.0,21.0,1.0,126.0,37.0,1.739123342376488,362.0,363.0,163,89.0,-178.0,0.55
07:32:57,362.22,195.0,364.87,45.0,361.79,128.0,371.9,61.0,2.6499999999999773,323.0,106.0,0.4811964255876374,362.22,364.87,429,217.0,189.5,0.51
07:32:58,362.35,155.0,371.09,46.0,361.81,109.0,375.69,52.0,8.739999999999952,264.0,98.0,1.818590113246497,362.35,371.09,362,166.0,-67.0,0.46
07:32:59,364.74,225.0,373.83,23.0,362.2,97.0,375.29,68.0,9.089999999999975,322.0,91.0,2.945847925470205,364.74,373.83,413,231.0,51.0,0.56
07:33:00,365.9,194.0,377.49,49.0,365.44,118.0,378.38,47.0,11.590000000000032,312.0,96.0,3.8461643230621783,365.9,377.49000000000007,408,216.0,-5.0,0.53
07:33:01,371.0,60.0,376.82,34.0,370.0,90.0,378.21,56.0,5.819999999999993,150.0,90.0,4.075189566142366,371.0,376.82,240,60.0,-168.0,0.25
07:33:02,371.0,56.0,375.06,34.0,370.0,84.0,377.86,29.0,4.060000000000002,140.0,63.0,2.9289298386945117,371.0,375.06,203,77.0,-37.0,0.38
07:33:03,371.0,56.0,373.69,52.0,370.0,84.0,374.5,32.0,2.6899999999999977,140.0,84.0,1.7544571810092233,371.0,373.69,224,56.0,21.0,0.25
07:33:04,371.0,44.0,372.0,22.0,370.0,66.0,373.0,44.0,1.0,110.0,66.0,0.9934183408789273,371.0,372.0,176,44.0,-48.0,0.25
07:33:05,371.0,28.0,372.75,32.0,370.0,60.0,380.17,46.0,1.75,88.0,78.0,0.9578778627751182,371.0,372.75,166,10.0,-10.0,0.06
07:33:06,370.6,30.0,372.08,48.0,369.67,81.0,383.33,60.0,1.4799999999999613,111.0,108.0,0.6858206762666222,370.6,372.08,219,3.0,53.0,0.01
07:33:07,369.18,33.0,371.17,29.0,368.5,72.0,380.85,61.0,1.990000000000009,105.0,90.0,0.8096912991968294,369.18,371.17,195,15.0,-24.0,0.08
07:33:08,369.0,75.0,380.7,61.0,367.0,66.0,384.41,59.0,11.699999999999989,141.0,120.0,1.740861855517226,369.0,380.7,261,21.0,66.0,0.08
07:33:09,369.0,39.0,380.54,46.0,367.0,72.0,382.38,65.0,11.54000000000002,111.0,111.0,2.1055711814124405,369.0,380.54,222,0.0,-39.0,0.0
07:33:10,369.0,20.0,379.75,24.0,367.0,48.0,381.0,40.0,10.75,68.0,64.0,2.1859620307760106,369.0,379.75,132,4.0,-90.0,0.03
07:33:11,369.0,18.0,378.44,27.0,367.0,54.0,381.0,45.0,9.439999999999998,72.0,72.0,1.9524727911021387,369.0,378.44,144,0.0,12.0,0.0
07:33:12,367.51,47.0,375.54,39.0,365.49,148.0,379.85,65.0,8.03000000000003,195.0,104.0,1.3759614820168815,367.51000000000005,375.54,299,91.0,155.0,0.3
07:33:13,367.04,57.0,372.77,39.0,365.1,172.0,381.65,74.0,5.729999999999961,229.0,113.0,2.0769737600640035,367.04,372.77,342,116.0,43.0,0.34
07:33:14,368.47,15.0,371.6,45.0,367.0,75.0,382.49,65.0,3.1299999999999955,90.0,110.0,2.067824944233617,368.47,371.6,200,-20.0,-142.0,-0.1
07:33:15,367.18,33.0,370.0,27.0,364.6,75.0,382.0,29.0,2.819999999999993,108.0,56.0,1.9570564631597134,367.18,370.0,164,52.0,-36.0,0.32
07:33:16,367.0,60.0,369.6,35.0,364.0,120.0,380.31,52.0,2.6000000000000227,180.0,87.0,1.2892129381896122,367.0,369.6,267,93.0,103.0,0.35
07:33:17,367.0,20.0,368.38,16.0,364.0,70.0,380.21,29.0,1.3799999999999955,90.0,45.0,1.0243388111341576,367.0,368.38,135,45.0,-132.0,0.33
07:33:18,367.0,24.0,368.0,24.0,364.0,120.0,382.0,48.0,1.0,144.0,72.0,1.001833319467811,367.0,368.0,216,72.0,81.0,0.33
07:33:19,364.0,60.0,382.0,12.0,351.0,132.0,383.0,18.0,18.0,192.0,30.0,2.2706232624536433,364.0,382.0,222,162.0,6.0,0.73
07:33:20,364.45,33.0,382.0,12.0,355.06,96.0,383.0,18.0,17.55000000000001,129.0,30.0,2.9108984867211056,364.45,382.0,159,99.0,-63.0,0.62
07:33:21,369.0,14.0,382.0,28.0,364.0,140.0,383.0,42.0,13.0,154.0,70.0,3.59484770191931,369.0,382.0,224,84.0,65.0,0.38
07:33:22,369.0,10.0,382.0,20.0,364.0,100.0,383.0,30.0,13.0,110.0,50.0,3.270639081279652,369.0,382.0,160,60.0,-64.0,0.38
07:33:23,364.0,56.0,382.0,16.0,354.44,170.0,383.0,24.0,18.0,226.0,40.0,1.3306314290566226,364.0,382.0,266,186.0,106.0,0.7
07:33:24,364.0,56.0,382.0,16.0,349.0,128.0,383.0,24.0,18.0,184.0,40.0,1.3306314290566226,364.0,382.0,224,144.0,-42.0,0.64
07:33:25,364.0,131.0,382.0,20.0,349.0,160.0,383.0,30.0,18.0,291.0,50.0,1.3693063937604688,364.0,382.0,341,241.0,117.0,0.71
07:33:26,366.0,11.0,381.84,19.0,364.0,154.0,382.67,36.0,15.839999999999975,165.0,55.0,1.0905411500688267,366.0,381.84,220,110.0,-121.0,0.5
07:33:27,364.12,64.0,381.0,10.0,357.6,134.0,382.0,36.0,16.879999999999995,198.0,46.0,0.4984776825432846,364.12,381.0,244,152.0,24.0,0.62
07:33:28,364.0,66.0,381.0,9.0,353.0,117.0,382.0,27.0,17.0,183.0,36.0,0.5678732252834023,364.0,381.0,219,147.0,-25.0,0.67
07:33:29,364.0,35.0,380.0,9.0,352.79,29.0,382.0,15.0,16.0,64.0,24.0,0.7214429984370636,364.0,380.0,88,40.0,-131.0,0.45
07:33:30,371.0,60.0,380.0,48.0,367.43,49.0,384.2,30.0,9.0,109.0,78.0,1.4231935918889052,371.0,380.0,187,31.0,99.0,0.17
07:33:31,370.06,47.0,379.0,23.0,364.3,81.0,380.1,42.0,8.939999999999998,128.0,65.0,1.5133472833403325,370.06,379.0,193,63.0,6.0,0.33
07:33:32,370.0,48.0,377.0,24.0,365.17,64.0,378.0,12.0,7.0,112.0,36.0,1.4365514261569208,370.0,377.0,148,76.0,-45.0,0.51
07:33:33,370.0,48.0,376.8,20.0,369.0,36.0,377.5,16.0,6.800000000000011,84.0,36.0,1.3145265307301377,370.0,376.8,120,48.0,-28.0,0.4
07:33:34,370.0,36.0,376.0,9.0,369.0,27.0,377.0,18.0,6.0,63.0,27.0,1.0173396679542814,370.0,376.0,90,36.0,-30.0,0.4
07:33:35,370.0,55.0,372.53,17.0,369.0,42.0,374.16,19.0,2.5299999999999727,97.0,36.0,1.1919815434786136,370.0,372.53,133,61.0,43.0,0.46
07:33:36,369.71,34.0,371.71,34.0,368.69,48.0,373.8,40.0,2.0,82.0,74.0,1.2963718602291474,369.71,371.71,156,8.0,23.0,0.05
07:33:37,368.83,24.0,370.8,35.0,367.11,54.0,371.4,35.0,1.9700000000000273,78.0,70.0,1.5222417679180487,368.83,370.8,148,8.0,-8.0,0.05
07:33:38,368.0,10.0,369.5,16.0,366.0,60.0,370.94,34.0,1.5,70.0,50.0,1.5953275525717887,368.0,369.5,120,20.0,-28.0,0.17
07:33:39,366.0,48.0,369.1,20.0,364.0,32.0,380.62,16.0,3.1000000000000227,80.0,36.0,1.4966195241260105,366.0,369.1,116,44.0,-4.0,0.38
07:33:40,366.0,24.0,369.0,18.0,364.0,24.0,370.0,6.0,3.0,48.0,24.0,1.407277513497421,366.0,369.0,72,24.0,-44.0,0.33
07:33:41,366.32,38.0,368.85,27.0,356.91,33.0,381.44,32.0,2.5300000000000296,71.0,59.0,1.0266206699632359,366.32,368.85,130,12.0,58.0,0.09
07:33:42,366.0,24.0,367.0,12.0,364.0,132.0,368.0,12.0,1.0,156.0,24.0,0.7972640716827089,366.0,367.0,180,132.0,50.0,0.73
07:33:43,366.0,22.0,376.62,24.0,364.0,143.0,382.44,39.0,10.620000000000005,165.0,63.0,1.8571671976415698,366.0,376.62000000000006,228,102.0,48.0,0.45
07:33:44,366.94,94.0,378.33,30.0,364.05,124.0,379.45,40.0,11.389999999999986,218.0,70.0,2.6914364194599347,366.94,378.33,288,148.0,60.0,0.51
07:33:45,367.0,189.0,375.47,38.0,364.0,209.0,376.68,38.0,8.470000000000027,398.0,76.0,2.6536522002694545,367.0,375.47,474,322.0,186.0,0.68
07:33:46,367.32,154.0,372.68,44.0,365.48,170.0,373.68,44.0,5.360000000000014,324.0,88.0,2.3375264704372127,367.32,372.68000000000006,412,236.0,-62.0,0.57
07:33:47,368.0,73.0,369.14,28.0,366.0,98.0,377.72,39.0,1.1399999999999864,171.0,67.0,1.533215575186496,368.0,369.14,238,104.0,-174.0,0.44
07:33:48,368.0,32.0,369.0,16.0,366.0,56.0,384.75,73.0,1.0,88.0,89.0,1.7728987562731089,368.0,369.0,177,-1.0,-61.0,-0.01
07:33:49,367.4,40.0,382.38,37.0,365.56,99.0,384.97,87.0,14.980000000000018,139.0,124.0,2.6313779660083934,367.4,382.38,263,15.0,86.0,0.06
07:33:50,369.0,28.0,384.0,42.0,368.0,126.0,385.0,84.0,15.0,154.0,126.0,3.7464209587276747,369.0,384.0,280,28.0,17.0,0.1
07:33:51,369.69,26.0,383.78,27.0,368.0,117.0,384.28,25.0,14.089999999999975,143.0,52.0,4.173625522252011,369.69,383.78,195,91.0,-85.0,0.47
07:33:52,370.0,34.0,382.5,26.0,368.64,101.0,384.04,49.0,12.5,135.0,75.0,3.471430540856694,370.0,382.5,210,60.0,15.0,0.29
07:33:53,370.0,28.0,381.19,26.0,369.0,70.0,382.14,57.0,11.189999999999998,98.0,83.0,0.7503532501374874,370.0,381.19,181,15.0,-29.0,0.08
07:33:54,370.0,26.0,377.24,25.0,369.0,65.0,379.76,34.0,7.240000000000009,91.0,59.0,1.2601269777256565,370.0,377.24,150,32.0,-31.0,0.21
07:33:55,368.94,36.0,376.0,12.0,368.09,76.0,377.0,48.0,7.060000000000002,112.0,60.0,1.8189914788124637,368.94,376.0,172,52.0,22.0,0.3
07:33:56,368.0,59.0,376.0,8.0,366.0,56.0,377.0,32.0,8.0,115.0,40.0,1.8779696483151145,368.0,376.0,155,75.0,-17.0,0.48
07:33:57,368.0,24.0,376.0,8.0,366.0,59.0,377.0,32.0,8.0,83.0,40.0,1.5272589826199066,368.0,376.0,123,43.0,-32.0,0.35
07:33:58,368.0,33.0,375.09,11.0,366.0,110.0,377.0,44.0,7.089999999999975,143.0,55.0,0.7921300398252648,368.0,375.09,198,88.0,75.0,0.44
07:33:59,368.0,42.0,373.86,14.0,366.38,32.0,377.0,56.0,5.860000000000014,74.0,70.0,0.5804739442850314,368.0,373.86,144,4.0,-54.0,0.03
07:34:00,368.0,28.0,371.3,10.0,367.0,10.0,377.29,34.0,3.3000000000000114,38.0,44.0,0.9841900222995995,368.0,371.3,82,-6.0,-62.0,-0.07
07:34:01,368.0,12.0,370.0,12.0,367.0,12.0,382.0,12.0,2.0,24.0,24.0,1.2679234992673338,368.0,370.0,48,0.0,-34.0,0.0
07:34:02,368.0,10.0,369.0,10.0,367.0,10.0,382.0,10.0,1.0,20.0,20.0,1.285741031465743,368.0,369.0,40,0.0,-8.0,0.0
07:34:03,367.67,9.0,373.33,9.0,366.4,15.0,383.2,15.0,5.659999999999968,24.0,24.0,1.0104602911518408,367.67,373.33,48,0.0,8.0,0.0
07:34:04,368.22,37.0,382.43,14.0,367.0,28.0,384.33,36.0,14.20999999999998,65.0,50.0,2.745938819419355,368.22,382.43,115,15.0,67.0,0.13
07:34:05,369.0,27.0,384.0,27.0,368.0,27.0,388.0,27.0,15.0,54.0,54.0,3.7001999945939943,369.0,384.0,108,0.0,-7.0,0.0
07:34:06,369.0,36.0,383.5,36.0,368.0,36.0,387.33,36.0,14.5,72.0,72.0,3.668716396778662,369.0,383.5,144,0.0,36.0,0.0
07:34:07,369.0,39.0,380.83,36.0,368.0,39.0,383.31,39.0,11.829999999999984,78.0,75.0,2.4349168363605194,369.0,380.83,153,3.0,9.0,0.02
07:34:08,368.0,11.0,380.0,31.0,367.0,11.0,381.91,33.0,12.0,22.0,64.0,1.016031495570663,368.0,380.0,86,-42.0,-67.0,-0.49
07:34:09,370.12,34.0,377.58,50.0,367.38,16.0,378.75,80.0,7.4599999999999795,50.0,130.0,1.233624740345187,370.12,377.58,180,-80.0,94.0,-0.44
07:34:10,365.18,68.0,373.42,52.0,363.35,46.0,374.52,25.0,8.240000000000009,114.0,77.0,2.619967557049643,365.18,373.42,191,37.0,11.0,0.19
07:34:11,365.0,112.0,372.77,52.0,363.0,84.0,373.35,46.0,7.769999999999982,196.0,98.0,2.8632499017713546,365.0,372.77000000000004,294,98.0,103.0,0.33
07:34:12,365.36,88.0,370.93,30.0,363.91,141.0,373.0,75.0,5.569999999999993,229.0,105.0,2.850215781304036,365.36,370.93,334,124.0,40.0,0.37
07:34:13,366.0,40.0,369.2,20.0,365.0,80.0,373.0,50.0,3.1999999999999886,120.0,70.0,2.4881579531845115,366.0,369.2,190,50.0,-144.0,0.26
07:34:14,366.0,42.0,367.69,26.0,365.0,104.0,372.25,53.0,1.6899999999999977,146.0,79.0,0.9807803015946737,366.0,367.69,225,67.0,35.0,0.3
07:34:15,366.0,14.0,367.5,20.0,365.0,56.0,372.31,29.0,1.5,70.0,49.0,0.8965656696508238,366.0,367.5,119,21.0,-106.0,0.18
07:34:16,364.77,94.0,366.31,62.0,363.16,148.0,369.67,27.0,1.5400000000000205,242.0,89.0,0.9870005065838766,364.77,366.31,331,153.0,189.5,0.46
07:34:17,363.03,65.0,368.0,18.0,361.2,40.0,383.0,27.0,4.970000000000027,105.0,45.0,0.9035319584813568,363.03,368.0,150,60.0,-181.0,0.4
07:34:18,365.0,65.0,367.23,26.0,363.0,117.0,381.46,39.0,2.230000000000018,182.0,65.0,0.6363411034950637,365.0,367.22999999999996,247,117.0,97.0,0.47
07:34:19,363.09,113.0,367.0,26.0,358.39,33.0,381.0,39.0,3.910000000000025,146.0,65.0,0.6573279242490159,363.09,367.0,211,81.0,-36.0,0.38
07:34:20,363.0,126.0,366.43,28.0,356.0,28.0,380.82,44.0,3.430000000000007,154.0,72.0,0.5378475620450487,363.0,366.43,226,82.0,15.0,0.36
07:34:21,363.0,108.0,365.69,16.0,356.0,24.0,381.0,36.0,2.6899999999999977,132.0,52.0,0.6963332535488732,363.0,365.69,184,80.0,-42.0,0.43
07:34:22,363.56,75.0,375.04,45.0,362.28,116.0,381.33,67.0,11.480000000000018,191.0,112.0,2.012317072431073,363.56,375.03999999999996,303,79.0,119.0,0.26
07:34:23,364.02,55.0,378.33,60.0,362.71,146.0,379.39,71.0,14.310000000000002,201.0,131.0,3.117960872108092,364.02,378.33,332,70.0,29.0,0.21
07:34:24,363.0,123.0,375.18,44.0,355.33,42.0,376.64,55.0,12.180000000000007,165.0,99.0,3.034358251755487,363.0,375.18000000000006,264,66.0,-68.0,0.25
07:34:25,363.0,99.0,372.18,44.0,355.0,44.0,374.0,44.0,9.180000000000007,143.0,88.0,2.554613473697393,363.0,372.18,231,55.0,-33.0,0.24
07:34:26,363.0,135.0,370.97,58.0,355.0,60.0,373.0,52.0,7.970000000000027,195.0,110.0,1.6409661788092649,363.0,370.97,305,85.0,74.0,0.28
07:34:27,363.0,125.0,367.8,50.0,355.0,56.0,369.29,34.0,4.800000000000011,181.0,84.0,2.1941672680077033,363.0,367.8,265,97.0,-40.0,0.37
07:34:28,363.0,182.0,364.78,46.0,355.0,64.0,366.47,60.0,1.7799999999999727,246.0,106.0,2.006751105642448,363.0,364.7799999999999,352,140.0,87.0,0.4
07:34:29,363.0,59.0,364.9,30.0,355.0,32.0,368.0,32.0,1.8999999999999773,91.0,62.0,1.6988142923809386,363.0,364.9,153,29.0,-190.5,0.19
07:34:30,359.34,41.0,371.12,66.0,354.58,38.0,377.36,44.0,11.78000000000003,79.0,110.0,1.2676158724148243,359.34,371.12,189,-31.0,36.0,-0.16
07:34:31,355.98,51.0,372.51,67.0,335.32,37.0,375.76,45.0,16.529999999999973,88.0,112.0,0.7204651275379275,355.98,372.51,200,-24.0,11.0,-0.12
07:34:32,355.0,12.0,367.1,29.0,349.69,26.0,367.97,37.0,12.100000000000023,38.0,66.0,1.5612238788843469,355.0,367.1,104,-28.0,-96.0,-0.27
07:34:33,355.0,16.0,363.43,61.0,352.0,48.0,365.05,41.0,8.430000000000007,64.0,102.0,2.511529414519993,355.0,363.43,166,-38.0,62.0,-0.23
07:34:34,355.0,8.0,362.0,27.0,352.0,24.0,365.0,21.0,7.0,32.0,48.0,2.9900050167181393,355.0,362.0,80,-16.0,-86.0,-0.2
07:34:35,355.0,7.0,362.0,21.0,352.0,21.0,367.0,49.0,7.0,28.0,70.0,2.4369140321316674,355.0,362.0,98,-42.0,18.0,-0.43
07:34:36,355.0,66.0,361.08,36.0,352.0,36.0,368.55,40.0,6.079999999999984,102.0,76.0,1.1885074673727325,355.0,361.08,178,26.0,80.0,0.15
07:34:37,355.0,70.0,365.29,21.0,352.0,21.0,371.33,18.0,10.29000000000002,91.0,39.0,0.8201950987422515,355.0,365.29,130,52.0,-48.0,0.4
07:34:38,355.0,70.0,370.53,19.0,352.0,21.0,372.0,18.0,15.529999999999973,91.0,37.0,1.944870175615984,355.0,370.53,128,54.0,-2.0,0.42
07:34:39,355.0,160.0,370.81,47.0,352.95,73.0,372.24,50.0,15.810000000000002,233.0,97.0,2.2936695489978955,355.0,370.81,330,136.0,189.5,0.41
07:34:40,355.0,90.0,372.47,45.0,352.68,37.0,373.14,21.0,17.470000000000027,127.0,66.0,2.363298542292088,355.0,372.47,193,61.0,-137.0,0.32
07:34:41,356.05,84.0,371.05,85.0,354.98,129.0,373.73,41.0,15.0,213.0,126.0,1.4444133757341056,356.05,371.05,339,87.0,146.0,0.26
07:34:42,363.78,46.0,372.0,105.0,357.31,98.0,374.6,53.0,8.220000000000027,144.0,158.0,2.122340688956169,363.7799999999999,372.0,302,-14.0,-37.0,-0.05
07:34:43,365.08,72.0,371.78,72.0,359.0,24.0,372.92,52.0,6.699999999999989,96.0,124.0,2.6359248851206782,365.08,371.78,220,-28.0,-82.0,-0.13
07:34:44,366.0,96.0,371.0,64.0,358.81,32.0,372.09,68.0,5.0,128.0,132.0,2.549529368334074,366.0,371.0,260,-4.0,40.0,-0.02
07:34:45,366.42,72.0,371.0,48.0,358.0,24.0,373.0,36.0,4.579999999999984,96.0,84.0,2.182219054081769,366.42,371.0,180,12.0,-80.0,0.07
07:34:46,368.26,114.0,370.16,76.0,360.33,24.0,373.38,63.0,1.900000000000034,138.0,139.0,0.4779330497015884,368.26,370.16,277,-1.0,97.0,-0.0
07:34:47,367.82,34.0,374.08,38.0,363.9,84.0,376.0,42.0,6.259999999999991,118.0,80.0,1.0461357464482353,367.82,374.08,198,38.0,-79.0,0.19
07:34:48,364.0,88.0,373.32,19.0,362.0,11.0,375.94,35.0,9.319999999999993,99.0,54.0,1.0104602911528946,364.0,373.32,153,45.0,-45.0,0.29
07:34:49,365.67,42.0,373.0,18.0,363.82,44.0,376.0,36.0,7.329999999999984,86.0,54.0,0.9304944921904251,365.67,373.0,140,32.0,-13.0,0.23
07:34:50,371.0,20.0,373.0,20.0,365.44,50.0,375.13,31.0,2.0,70.0,51.0,1.3934310173081348,371.0,373.0,121,19.0,-19.0,0.16
07:34:51,368.95,19.0,371.24,50.0,364.37,97.0,373.37,41.0,2.2900000000000205,116.0,91.0,1.3174710622993921,368.95,371.24,207,25.0,86.0,0.12
07:34:52,364.12,99.0,370.73,51.0,363.33,36.0,372.73,33.0,6.610000000000014,135.0,84.0,1.7072638928989794,364.11999999999995,370.73,219,51.0,12.0,0.23
07:34:53,364.65,51.0,370.08,53.0,365.21,66.0,374.94,51.0,5.430000000000007,117.0,104.0,1.9490382243549482,364.65,370.08,221,13.0,2.0,0.06
07:34:54,366.35,23.0,368.29,41.0,365.25,64.0,372.73,33.0,1.9399999999999977,87.0,74.0,2.1251635231193027,366.35,368.29,161,13.0,-60.0,0.08
07:34:55,366.0,52.0,369.0,42.0,364.38,52.0,378.86,44.0,3.0,104.0,86.0,1.2049149347556316,366.0,369.0,190,18.0,29.0,0.09
07:34:56,364.0,48.0,368.17,18.0,362.0,12.0,369.25,20.0,4.170000000000016,60.0,38.0,0.5942053517072395,364.0,368.17,98,22.0,-92.0,0.22
07:34:57,364.0,163.0,367.41,51.0,362.0,34.0,368.59,51.0,3.410000000000025,197.0,102.0,0.8337145794560965,364.0,367.41,299,95.0,189.5,0.32
07:34:58,364.0,166.0,365.33,36.0,362.0,28.0,370.58,36.0,1.329999999999984,194.0,72.0,1.17517232778765,364.0,365.33,266,122.0,-33.0,0.46
07:34:59,364.0,87.0,373.0,30.0,362.0,20.0,378.4,10.0,9.0,107.0,40.0,1.512372308658741,364.0,373.0,147,67.0,-119.0,0.46
07:35:00,364.0,66.0,372.52,46.0,362.0,22.0,376.7,33.0,8.519999999999982,88.0,79.0,1.6690805852317965,364.0,372.52,167,9.0,20.0,0.05
07:35:01,365.36,66.0,370.85,52.0,363.68,50.0,374.05,41.0,5.490000000000009,116.0,93.0,1.7413414369380893,365.36,370.85,209,23.0,42.0,0.11
07:35:02,364.0,24.0,370.0,32.0,362.71,21.0,375.75,24.0,6.0,45.0,56.0,1.5817964470808241,364.0,370.0,101,-11.0,-108.0,-0.11
07:35:03,364.0,21.0,370.0,28.0,363.0,24.0,376.0,24.0,6.0,45.0,52.0,0.7189714876108511,364.0,370.0,97,-7.0,-4.0,-0.07
07:35:04,364.0,14.0,369.2,15.0,363.0,21.0,374.18,17.0,5.199999999999989,35.0,32.0,0.7398107866187846,364.0,369.2,67,3.0,-30.0,0.04
07:35:05,364.0,42.0,366.67,45.0,363.0,63.0,368.01,101.0,2.670000000000016,105.0,146.0,0.9963332775721913,364.0,366.67,251,-41.0,184.0,-0.16
07:35:06,363.75,24.0,366.64,28.0,362.87,31.0,368.71,51.0,2.8899999999999864,55.0,79.0,0.8935211245392913,363.75,366.64,134,-24.0,-117.0,-0.18
07:35:07,363.0,42.0,371.74,73.0,362.0,28.0,375.32,62.0,8.740000000000009,70.0,135.0,0.9843525791086891,363.0,371.74,205,-65.0,71.0,-0.32
07:35:08,365.75,52.0,374.0,48.0,357.64,11.0,378.0,40.0,8.25,63.0,88.0,1.9067852527218785,365.75,374.0,151,-25.0,-54.0,-0.17
07:35:09,366.0,80.0,373.9,40.0,362.0,10.0,377.18,40.0,7.899999999999977,90.0,80.0,2.327666213183767,366.0,373.9,170,10.0,19.0,0.06
07:35:10,366.0,88.0,371.73,44.0,362.0,11.0,374.0,33.0,5.730000000000018,99.0,77.0,1.9997424834205226,366.0,371.73,176,22.0,6.0,0.12
07:35:11,366.0,104.0,371.0,52.0,362.0,13.0,374.0,39.0,5.0,117.0,91.0,1.0682555873930948,366.0,371.0,208,26.0,32.0,0.12
07:35:12,366.6,40.0,371.0,32.0,365.84,50.0,374.0,38.0,4.399999999999977,90.0,70.0,0.6690440942093889,366.6,371.0,160,20.0,-48.0,0.12
07:35:13,367.0,32.0,371.0,32.0,366.0,64.0,374.0,24.0,4.0,96.0,56.0,0.549927267915069,367.0,371.0,152,40.0,-8.0,0.26
07:35:14,367.0,52.0,369.62,39.0,366.0,104.0,371.0,52.0,2.6200000000000045,156.0,91.0,0.28174456515905105,367.0,369.62,247,65.0,95.0,0.26
07:35:15,366.2,60.0,368.43,35.0,365.48,46.0,372.5,36.0,2.230000000000018,106.0,71.0,0.656681048909404,366.2,368.43,177,35.0,-70.0,0.2
07:35:16,366.0,53.0,367.17,36.0,362.0,107.0,375.0,36.0,1.170000000000016,160.0,72.0,1.0281780001521494,366.0,367.17,232,88.0,55.0,0.38
07:35:17,362.34,35.0,372.24,29.0,361.52,50.0,376.3,37.0,9.900000000000034,85.0,66.0,0.9535040639645652,362.34,372.24,151,19.0,-81.0,0.13
07:35:18,362.29,68.0,373.71,55.0,361.36,56.0,376.78,65.0,11.419999999999959,124.0,120.0,0.6768825599740226,362.29,373.71,244,4.0,93.0,0.02
07:35:19,364.36,44.0,372.27,22.0,362.0,44.0,376.27,33.0,7.909999999999968,88.0,55.0,0.67988969693398,364.36,372.27,143,33.0,-101.0,0.23
07:35:20,365.0,40.0,371.0,20.0,362.0,40.0,377.0,30.0,6.0,80.0,50.0,0.7013700877546353,365.0,371.0,130,30.0,-13.0,0.23
07:35:21,365.0,60.0,367.9,39.0,362.32,57.0,373.0,36.0,2.8999999999999773,117.0,75.0,0.7510459373413629,365.0,367.9,192,42.0,62.0,0.22
07:35:22,365.0,42.0,366.0,36.0,364.0,63.0,372.33,27.0,1.0,105.0,63.0,1.2219165274261121,365.0,366.0,168,42.0,-24.0,0.25
07:35:23,365.0,22.0,375.58,31.0,364.0,66.0,379.5,32.0,10.579999999999984,88.0,63.0,1.8428429124580707,365.0,375.58,151,25.0,-17.0,0.17
07:35:24,364.6,30.0,375.75,28.0,363.74,62.0,376.89,27.0,11.149999999999977,92.0,55.0,2.1571810308819344,364.6,375.75,147,37.0,-4.0,0.25
07:35:25,364.0,84.0,373.57,28.0,361.85,60.0,375.89,38.0,9.569999999999993,144.0,66.0,2.1783181585794127,364.0,373.57,210,78.0,63.0,0.37
07:35:26,364.0,78.0,371.07,30.0,362.0,86.0,374.15,33.0,7.069999999999993,164.0,63.0,2.002665723478768,364.0,371.07,227,101.0,17.0,0.44
07:35:27,365.13,45.0,369.0,42.0,363.81,86.0,370.0,28.0,3.8700000000000045,131.0,70.0,1.4770308053648098,365.13,369.0,201,61.0,-26.0,0.3
07:35:28,366.0,54.0,369.0,30.0,364.0,60.0,370.0,20.0,3.0,114.0,50.0,1.2731182191755652,366.0,369.0,164,64.0,-37.0,0.39
07:35:29,366.0,46.0,368.25,53.0,364.0,78.0,369.36,33.0,2.25,124.0,86.0,0.6968285298385257,366.0,368.25,210,38.0,46.0,0.18
07:35:30,363.83,48.0,366.38,42.0,362.12,102.0,371.18,34.0,2.5500000000000114,150.0,76.0,1.0040567713018373,363.83,366.38,226,74.0,16.0,0.33
07:35:31,364.0,56.0,376.6,10.0,362.0,80.0,377.73,11.0,12.600000000000023,136.0,21.0,1.8607391004643599,364.0,376.6,157,115.0,-69.0,0.73
07:35:32,364.0,80.0,374.25,16.0,362.0,128.0,375.38,16.0,10.25,208.0,32.0,1.9859758306678288,364.0,374.25,240,176.0,83.0,0.73
07:35:33,364.56,43.0,371.09,11.0,362.53,76.0,374.73,11.0,6.529999999999973,119.0,22.0,1.9778220344603175,364.56,371.09,141,97.0,-99.0,0.69
07:35:34,364.0,65.0,369.62,13.0,362.0,104.0,373.33,15.0,5.6200000000000045,169.0,28.0,2.012702163758158,364.0,369.62,197,141.0,56.0,0.72
07:35:35,364.0,60.0,369.17,12.0,362.0,96.0,373.33,18.0,5.170000000000016,156.0,30.0,1.5755887788368748,364.0,369.17,186,126.0,-11.0,0.68
07:35:36,367.63,54.0,374.14,14.0,363.63,43.0,379.22,23.0,6.509999999999991,97.0,37.0,1.7870170676287898,367.63,374.14,134,60.0,-52.0,0.45
07:35:37,369.0,35.0,375.0,14.0,368.0,49.0,380.0,21.0,6.0,84.0,35.0,2.472599846314877,369.0,375.0,119,49.0,-15.0,0.41
07:35:38,369.0,25.0,375.0,10.0,368.0,35.0,380.0,15.0,6.0,60.0,25.0,2.7419390948735507,369.0,375.0,85,35.0,-34.0,0.41
07:35:39,369.0,30.0,371.25,16.0,368.0,42.0,377.14,14.0,2.25,72.0,30.0,2.235915919706215,369.0,371.25,102,42.0,17.0,0.41
07:35:40,369.0,50.0,377.5,20.0,368.0,70.0,380.92,39.0,8.5,120.0,59.0,1.1961897842712617,369.0,377.5,179,61.0,77.0,0.34
07:35:41,368.07,75.0,380.0,22.0,364.49,57.0,381.0,44.0,11.930000000000007,132.0,66.0,1.4854124006465588,368.07,380.0,198,66.0,19.0,0.33
07:35:42,368.0,46.0,380.0,16.0,364.0,40.0,381.0,32.0,12.0,86.0,48.0,1.6511965358473784,368.0,380.0,134,38.0,-64.0,0.28
07:35:43,368.0,13.0,380.0,18.0,364.0,45.0,381.0,36.0,12.0,58.0,54.0,1.6871425547339454,368.0,380.0,112,4.0,-22.0,0.04
07:35:44,368.0,7.0,380.0,14.0,364.0,35.0,381.0,28.0,12.0,42.0,42.0,0.33901327406721216,368.0,380.0,84,0.0,-28.0,0.0
07:35:45,364.17,47.0,377.38,29.0,362.24,82.0,379.74,23.0,13.20999999999998,129.0,52.0,1.4479122901592099,364.17,377.38,181,77.0,97.0,0.43
07:35:46,364.0,55.0,376.05,41.0,362.0,88.0,378.0,31.0,12.050000000000011,143.0,72.0,1.9922650426071988,364.0,376.05,215,71.0,34.0,0.33
07:35:47,363.75,63.0,370.42,48.0,361.84,91.0,372.5,48.0,6.670000000000016,154.0,96.0,2.925248707374404,363.75,370.42,250,58.0,35.0,0.23
07:35:48,362.04,85.0,369.31,52.0,357.7,44.0,372.0,52.0,7.269999999999982,129.0,104.0,3.2656653227170507,362.04,369.31,233,25.0,-17.0,0.11
07:35:49,362.23,52.0,368.33,48.0,359.31,52.0,372.0,48.0,6.099999999999966,104.0,96.0,2.5074150035440548,362.22999999999996,368.33,200,8.0,-33.0,0.04
07:35:50,362.39,76.0,368.94,72.0,359.87,93.0,373.91,88.0,6.550000000000011,169.0,160.0,1.9554615823376387,362.39,368.94,329,9.0,129.0,0.03
07:35:51,362.0,78.0,369.95,37.0,354.76,41.0,371.27,30.0,7.949999999999989,119.0,67.0,0.6858789980738951,362.0,369.95,186,52.0,-143.0,0.28
07:35:52,362.19,63.0,368.02,101.0,354.41,46.0,369.88,52.0,5.829999999999984,109.0,153.0,0.34322004603323664,362.19,368.02,262,-44.0,76.0,-0.17
07:35:53,363.0,34.0,364.98,49.0,354.0,34.0,365.93,59.0,1.9800000000000182,68.0,108.0,0.7570204752839907,363.0,364.98,176,-40.0,-86.0,-0.23
07:35:54,363.0,40.0,364.33,36.0,354.0,34.0,366.14,49.0,1.329999999999984,74.0,85.0,1.0150467969504333,363.0,364.33,159,-11.0,-17.0,-0.07
07:35:55,363.0,10.0,365.4,30.0,354.0,20.0,375.8,20.0,2.3999999999999773,30.0,50.0,0.9398510520287051,363.0,365.4,80,-20.0,-79.0,-0.25
07:35:56,354.43,21.0,362.59,41.0,352.12,32.0,366.2,30.0,8.159999999999968,53.0,71.0,2.618927261303786,354.43,362.59,124,-18.0,44.0,-0.15
07:35:57,354.0,32.0,360.19,58.0,352.0,48.0,361.14,64.0,6.189999999999998,80.0,122.0,3.4127291131879787,354.0,360.19,202,-42.0,78.0,-0.21
07:35:58,354.0,20.0,358.0,30.0,352.0,30.0,360.0,50.0,4.0,50.0,80.0,3.7993723165809015,354.0,358.0,130,-30.0,-72.0,-0.23
07:35:59,352.39,41.0,355.76,55.0,351.21,56.0,358.75,63.0,3.3700000000000045,97.0,118.0,3.8370470416717475,352.39,355.76,215,-21.0,85.0,-0.1
07:36:00,352.0,30.0,354.76,38.0,351.0,40.0,356.4,30.0,2.759999999999991,70.0,68.0,2.1131895324372945,352.0,354.76,138,2.0,-77.0,0.01
07:36:01,353.15,41.0,355.57,56.0,351.93,55.0,359.6,60.0,2.420000000000016,96.0,116.0,1.5204341485256192,353.15,355.57,212,-20.0,74.0,-0.09
07:36:02,354.36,22.0,363.11,54.0,352.09,44.0,369.43,42.0,8.75,66.0,96.0,2.1436697506852074,354.36,363.11000000000007,162,-30.0,-50.0,-0.19
07:36:03,356.31,52.0,368.0,26.0,354.0,13.0,371.0,52.0,11.689999999999998,65.0,78.0,3.778282678678541,356.31,368.0,143,-13.0,-19.0,-0.09
07:36:04,365.32,88.0,368.44,41.0,362.83,81.0,371.39,102.0,3.1200000000000045,169.0,143.0,5.593444377125894,365.32,368.44,312,26.0,169.0,0.08
07:36:05,367.86,42.0,369.17,29.0,366.24,75.0,370.46,65.0,1.3100000000000023,117.0,94.0,5.812320534863856,367.86,369.17,211,23.0,-101.0,0.11
07:36:06,367.31,26.0,370.0,27.0,364.0,57.0,371.0,55.0,2.6899999999999977,83.0,82.0,4.372817169742992,367.31,370.0,165,1.0,-46.0,0.01
07:36:07,367.47,17.0,369.07,29.0,366.37,57.0,371.13,23.0,1.599999999999966,74.0,52.0,2.742903571035378,367.47,369.07000000000005,126,22.0,-39.0,0.17
07:36:08,367.0,30.0,368.2,30.0,354.6,30.0,372.0,17.0,1.1999999999999886,60.0,47.0,0.736254032245833,367.0,368.2,107,13.0,-19.0,0.12
07:36:09,356.66,29.0,371.18,22.0,348.08,37.0,374.19,21.0,14.519999999999982,66.0,43.0,1.9812496056777986,356.66,371.18,109,23.0,2.0,0.21
07:36:10,346.36,28.0,363.77,47.0,344.5,14.0,372.34,35.0,17.409999999999968,42.0,82.0,5.707350523666778,346.36,363.77,124,-40.0,15.0,-0.32
07:36:11,347.31,32.0,358.37,35.0,344.43,21.0,359.47,68.0,11.060000000000002,53.0,103.0,7.1652159772054995,347.31,358.37,156,-50.0,32.0,-0.32
07:36:12,350.87,30.0,358.6,40.0,349.8,30.0,362.2,25.0,7.730000000000018,60.0,65.0,6.51390819708125,350.87,358.6,125,-5.0,-31.0,-0.04
07:36:13,352.64,22.0,355.87,23.0,351.18,22.0,359.32,31.0,3.230000000000018,44.0,54.0,4.419926469977031,352.64,355.87,98,-10.0,-27.0,-0.1
07:36:14,352.45,33.0,359.0,36.0,347.42,24.0,369.96,50.0,6.550000000000011,57.0,86.0,1.0834066641867972,352.45,359.0,143,-29.0,45.0,-0.2
07:36:15,355.13,53.0,359.0,39.0,353.37,38.0,370.0,52.0,3.8700000000000045,91.0,91.0,1.5882317211301833,355.13,359.0,182,0.0,39.0,0.0
07:36:16,356.4,25.0,368.94,31.0,355.61,31.0,371.27,11.0,12.54000000000002,56.0,42.0,3.4066699282441646,356.4,368.94,98,14.0,-84.0,0.14
07:36:17,357.95,37.0,370.0,32.0,356.74,19.0,372.0,8.0,12.050000000000011,56.0,40.0,4.324548531350082,357.95,370.0,96,16.0,-2.0,0.17
07:36:18,358.87,39.0,370.0,36.0,357.92,24.0,372.0,9.0,11.129999999999995,63.0,45.0,4.074626363238837,358.87,370.0,108,18.0,12.0,0.17
07:36:19,360.84,31.0,370.0,56.0,359.97,67.0,372.0,14.0,9.160000000000025,98.0,70.0,3.3066493615138364,360.84,370.0,168,28.0,60.0,0.17
07:36:20,361.55,22.0,370.0,44.0,360.0,55.0,372.0,11.0,8.449999999999989,77.0,55.0,1.2330977252427466,361.55,370.0,132,22.0,-36.0,0.17
07:36:21,362.08,39.0,369.96,50.0,355.66,29.0,371.2,20.0,7.8799999999999955,68.0,70.0,0.8813796003983917,362.08,369.96,138,-2.0,6.0,-0.01
07:36:22,365.27,45.0,368.33,15.0,351.0,30.0,370.0,15.0,3.0600000000000023,75.0,30.0,0.8635392289862176,365.2699999999999,368.33,105,45.0,-33.0,0.43
07:36:23,366.0,39.0,368.0,13.0,355.26,23.0,370.0,13.0,2.0,62.0,26.0,0.6755886322295698,366.0,368.0,88,36.0,-17.0,0.41
07:36:24,366.48,25.0,371.75,12.0,361.67,18.0,377.59,34.0,5.269999999999982,43.0,46.0,1.3220136156626465,366.48,371.75,89,-3.0,1.0,-0.03
07:36:25,367.73,30.0,373.0,15.0,366.0,30.0,377.73,45.0,5.269999999999982,60.0,60.0,1.8122141153839582,367.7300000000001,373.0,120,0.0,31.0,0.0
07:36:26,368.0,18.0,373.0,9.0,366.0,18.0,376.0,27.0,5.0,36.0,36.0,1.7810446372834838,368.0,373.0,72,0.0,-48.0,0.0
07:36:27,368.0,22.0,373.0,11.0,366.0,22.0,376.0,33.0,5.0,44.0,44.0,1.5125541312613466,368.0,373.0,88,0.0,16.0,0.0
07:36:28,368.0,14.0,373.0,7.0,366.0,14.0,376.0,21.0,5.0,28.0,28.0,0.6052437525454412,368.0,373.0,56,0.0,-32.0,0.0
07:36:29,366.0,24.0,373.0,12.0,364.0,91.0,376.0,36.0,7.0,115.0,48.0,0.4363255665156841,366.0,373.0,163,67.0,107.0,0.41
07:36:30,366.0,20.0,373.0,10.0,364.0,80.0,376.0,30.0,7.0,100.0,40.0,0.5477225575009081,366.0,373.0,140,60.0,-23.0,0.43
07:36:31,366.0,30.0,372.26,23.0,364.0,120.0,375.88,41.0,6.259999999999991,150.0,64.0,0.6335455784673399,366.0,372.26,214,86.0,74.0,0.4
07:36:32,366.0,20.0,374.0,10.0,364.0,80.0,376.0,30.0,8.0,100.0,40.0,0.5318646444308744,366.0,374.0,140,60.0,-74.0,0.43
07:36:33,364.43,70.0,373.2,20.0,362.65,62.0,375.2,20.0,8.769999999999982,132.0,40.0,0.447291851027668,364.43,373.2,172,92.0,32.0,0.53
07:36:34,365.62,96.0,371.62,32.0,364.0,64.0,373.69,16.0,6.0,160.0,48.0,0.5528743075924633,365.62000000000006,371.62,208,112.0,36.0,0.54
07:36:35,366.0,78.0,368.39,36.0,364.0,60.0,370.68,25.0,2.3899999999999864,138.0,61.0,1.0199264679358522,366.0,368.39,199,77.0,-9.0,0.39
07:36:36,366.0,51.0,367.39,33.0,364.0,68.0,375.88,41.0,1.3899999999999864,119.0,74.0,1.326472766398319,366.0,367.39,193,45.0,-6.0,0.23
07:36:37,366.0,18.0,376.36,22.0,364.0,24.0,380.43,14.0,10.360000000000014,42.0,36.0,1.7499285699697273,366.0,376.36,78,6.0,-115.0,0.08
07:36:38,366.0,44.0,376.0,60.0,364.0,48.0,380.0,60.0,10.0,92.0,120.0,2.0882815902066576,366.0,376.0,212,-28.0,134.0,-0.13
07:36:39,366.0,40.0,375.95,37.0,364.0,32.0,379.5,40.0,9.949999999999989,72.0,77.0,2.2564950697920447,366.0,375.95,149,-5.0,-63.0,-0.03
07:36:40,365.28,50.0,375.0,28.0,363.57,56.0,379.17,59.0,9.720000000000027,106.0,87.0,1.8869870163823155,365.28,375.0,193,19.0,44.0,0.1
07:36:41,365.76,41.0,373.08,24.0,362.92,48.0,376.53,32.0,7.319999999999993,89.0,56.0,0.7450637556578825,365.76,373.08,145,33.0,-48.0,0.23
07:36:42,364.71,28.0,371.0,13.0,362.89,54.0,372.0,26.0,6.2900000000000205,82.0,39.0,1.3040398766891503,364.71,371.0,121,43.0,-24.0,0.36
07:36:43,365.0,51.0,369.64,14.0,363.0,48.0,371.73,22.0,4.639999999999986,99.0,36.0,1.5311825495335005,365.0,369.64,135,63.0,14.0,0.47
07:36:44,365.0,60.0,367.56,18.0,363.0,48.0,377.63,38.0,2.5600000000000023,108.0,56.0,1.5675075757381367,365.0,367.56,164,52.0,29.0,0.32
07:36:45,364.86,28.0,366.0,12.0,362.77,52.0,379.94,54.0,1.1399999999999864,80.0,66.0,1.5279463341351438,364.86,366.0,146,14.0,-18.0,0.1
07:36:46,364.5,16.0,378.62,34.0,362.03,62.0,380.95,115.0,14.120000000000005,78.0,149.0,2.3578804040910892,364.5,378.62,227,-71.0,81.0,-0.31
07:36:47,367.0,39.0,379.0,45.0,363.0,15.0,381.0,89.0,12.0,54.0,134.0,3.358633650756844,367.0,379.0,188,-80.0,-39.0,-0.43
07:36:48,367.71,17.0,379.0,21.0,365.4,10.0,381.0,63.0,11.29000000000002,27.0,84.0,3.7865063052893118,367.71,379.0,111,-57.0,-77.0,-0.51
07:36:49,369.0,30.0,379.82,44.0,367.0,20.0,381.2,80.0,10.819999999999993,50.0,124.0,3.569894956437069,369.0,379.81999999999994,174,-74.0,63.0,-0.43
07:36:50,369.0,27.0,378.11,45.0,367.0,18.0,379.37,49.0,9.110000000000014,45.0,94.0,1.0419836850900914,369.0,378.11,139,-49.0,-35.0,-0.35
07:36:51,369.0,18.0,378.0,30.0,367.0,12.0,379.17,30.0,9.0,30.0,60.0,0.5205093659039385,369.0,378.0,90,-30.0,-49.0,-0.33
07:36:52,369.0,24.0,378.0,40.0,367.0,23.0,380.0,40.0,9.0,47.0,80.0,0.4241815648913451,369.0,378.0,127,-33.0,37.0,-0.26
07:36:53,367.22,54.0,378.0,40.0,366.08,26.0,380.0,40.0,10.779999999999973,80.0,80.0,0.6368908854692139,367.22,378.0,160,0.0,33.0,0.0
07:36:54,367.0,40.0,377.0,15.0,365.0,10.0,378.0,25.0,10.0,50.0,40.0,0.6999857141356761,367.0,377.0,90,10.0,-70.0,0.11
07:36:55,367.0,52.0,376.22,27.0,364.75,16.0,377.33,45.0,9.220000000000027,68.0,72.0,0.8588538874536438,367.0,376.22,140,-4.0,50.0,-0.03
07:36:56,364.34,64.0,375.37,41.0,362.33,12.0,376.53,49.0,11.03000000000003,76.0,90.0,1.3564401940353372,364.34,375.37,166,-14.0,26.0,-0.08
07:36:57,362.0,153.0,373.25,28.0,359.0,9.0,374.74,35.0,11.25,162.0,63.0,2.022861834133824,362.0,373.25,225,99.0,59.0,0.44
07:36:58,362.0,204.0,369.49,41.0,359.0,12.0,370.7,43.0,7.490000000000009,216.0,84.0,2.664775787940883,362.0,369.49,300,132.0,75.0,0.44
07:36:59,362.0,289.0,368.12,51.0,359.0,17.0,369.62,64.0,6.1200000000000045,306.0,115.0,2.754420084155047,362.0,368.12,421,191.0,121.0,0.45
07:37:00,362.0,152.0,367.0,24.0,359.0,8.0,368.0,24.0,5.0,160.0,48.0,2.185950594134609,362.0,367.0,208,112.0,-190.5,0.54
07:37:01,362.11,142.0,365.94,48.0,361.88,178.0,367.75,48.0,3.829999999999984,320.0,96.0,1.4005356118278511,362.11,365.94,416,224.0,189.5,0.54
07:37:02,362.0,289.0,364.29,34.0,357.0,138.0,367.41,51.0,2.2900000000000205,427.0,85.0,0.9867269125743452,362.0,364.29,512,342.0,96.0,0.67
07:37:03,362.0,174.0,367.07,30.0,357.0,53.0,372.04,45.0,5.069999999999993,227.0,75.0,0.7168193635767787,362.0,367.07,302,152.0,-190.5,0.5
07:37:04,362.0,180.0,367.67,48.0,357.0,12.0,374.78,51.0,5.670000000000016,192.0,99.0,0.6570540312627551,362.0,367.67,291,93.0,-11.0,0.32
07:37:05,362.0,165.0,366.0,44.0,357.0,11.0,373.36,55.0,4.0,176.0,99.0,0.6393121303390885,362.0,366.0,275,77.0,-16.0,0.28
07:37:06,362.0,75.0,365.8,20.0,357.0,5.0,373.0,25.0,3.8000000000000114,80.0,45.0,0.6458869870176416,362.0,365.8,125,35.0,-150.0,0.28
07:37:07,362.78,123.0,365.0,68.0,361.86,185.0,373.0,85.0,2.2200000000000273,308.0,153.0,0.42643874120275926,362.78,365.0,461,155.0,189.5,0.34
07:37:08,362.65,80.0,371.52,46.0,361.79,94.0,375.26,46.0,8.870000000000005,174.0,92.0,1.369879556748761,362.65,371.52,266,82.0,-190.5,0.31
07:37:09,366.77,26.0,375.0,65.0,362.7,115.0,376.0,65.0,8.230000000000018,141.0,130.0,3.0762428382683473,366.77000000000004,375.0,271,11.0,5.0,0.04
07:37:10,364.0,14.0,375.0,35.0,362.0,105.0,376.0,35.0,11.0,119.0,70.0,3.1851640460102777,364.0,375.0,189,49.0,-82.0,0.26
07:37:11,362.47,59.0,375.65,46.0,361.61,114.0,377.09,44.0,13.17999999999995,173.0,90.0,2.708916757671945,362.47,375.65,263,83.0,74.0,0.32
07:37:12,363.24,34.0,374.95,41.0,356.45,40.0,375.96,68.0,11.70999999999998,74.0,109.0,1.3571403759358365,363.24,374.95,183,-35.0,-80.0,-0.19
07:37:13,362.0,21.0,373.33,30.0,356.0,39.0,374.3,40.0,11.329999999999984,60.0,70.0,1.1485860873244031,362.0,373.33,130,-10.0,-53.0,-0.08
07:37:14,362.0,66.0,370.76,58.0,356.0,45.0,371.39,62.0,8.759999999999991,111.0,120.0,1.295858788601473,362.0,370.76,231,-9.0,101.0,-0.04
07:37:15,362.0,80.0,367.0,56.0,356.0,48.0,370.08,52.0,5.0,128.0,108.0,1.9440293207655508,362.0,367.0,236,20.0,5.0,0.08
07:37:16,362.0,71.0,364.04,50.0,359.08,65.0,366.1,40.0,2.0400000000000205,136.0,90.0,2.4251123685299167,362.0,364.04,226,46.0,-10.0,0.2
07:37:17,357.71,14.0,367.47,36.0,355.71,35.0,375.0,29.0,9.760000000000048,49.0,65.0,2.1720197973309103,357.71,367.47,114,-16.0,-112.0,-0.14
07:37:18,358.0,14.0,360.71,42.0,355.77,35.0,366.5,52.0,2.7099999999999795,49.0,94.0,2.5955731544300464,358.0,360.71,143,-45.0,29.0,-0.31
07:37:19,356.0,45.0,359.2,30.0,352.0,30.0,360.38,39.0,3.1999999999999886,75.0,69.0,2.839503477722563,356.0,359.2,144,6.0,1.0,0.04
07:37:20,352.0,45.0,359.89,18.0,347.02,51.0,360.95,42.0,7.889999999999986,96.0,60.0,3.0837347486447735,352.0,359.89,156,36.0,12.0,0.23
07:37:21,352.0,35.0,360.0,14.0,347.25,16.0,361.0,35.0,8.0,51.0,49.0,2.77836642651755,352.0,360.0,100,2.0,-56.0,0.02
07:37:22,352.26,34.0,360.0,16.0,349.14,35.0,361.0,40.0,7.740000000000009,69.0,56.0,1.4840754697792735,352.26,360.0,125,13.0,25.0,0.1
07:37:23,353.89,27.0,357.56,18.0,351.89,36.0,359.0,21.0,3.670000000000016,63.0,39.0,0.7537373547867343,353.88999999999993,357.56,102,24.0,-23.0,0.24
07:37:24,354.94,51.0,356.0,34.0,350.0,34.0,359.71,31.0,1.0600000000000023,85.0,65.0,0.25994230129218404,354.94,356.0,150,20.0,48.0,0.13
07:37:25,352.57,28.0,358.67,24.0,345.71,49.0,360.83,48.0,6.100000000000023,77.0,72.0,0.2719742634903375,352.57,358.67,149,5.0,-1.0,0.03
07:37:26,351.03,37.0,360.0,26.0,344.23,60.0,361.0,65.0,8.970000000000027,97.0,91.0,0.2646696053595314,351.03,360.0,188,6.0,39.0,0.03
07:37:27,352.2,45.0,358.29,42.0,350.41,34.0,360.74,61.0,6.090000000000032,79.0,103.0,0.18074844398021217,352.2,358.29,182,-24.0,-6.0,-0.13
07:37:28,347.61,23.0,357.18,34.0,342.35,133.0,360.9,61.0,9.569999999999993,156.0,95.0,1.3799021704460253,347.61,357.18,251,61.0,69.0,0.24
07:37:29,346.84,98.0,352.0,52.0,343.65,57.0,359.76,25.0,5.160000000000025,155.0,77.0,2.7086952578690577,346.84,352.0,232,78.0,-19.0,0.34
07:37:30,348.0,64.0,354.35,17.0,347.0,16.0,360.81,31.0,6.350000000000023,80.0,48.0,2.6220736069002513,348.0,354.35,128,32.0,-104.0,0.25
07:37:31,350.43,21.0,360.0,8.0,349.0,16.0,361.0,40.0,9.569999999999993,37.0,48.0,2.5453820931252973,350.43,360.0,85,-11.0,-43.0,-0.13
07:37:32,355.52,62.0,362.84,19.0,355.43,70.0,362.56,77.0,7.319999999999993,132.0,96.0,3.8224507845101634,355.52,362.84,228,36.0,143.0,0.16
07:37:33,361.5,104.0,367.96,50.0,358.57,56.0,369.7,40.0,6.4599999999999795,160.0,90.0,6.1939995156603525,361.5,367.96,250,70.0,22.0,0.28
07:37:34,362.93,82.0,365.33,49.0,362.04,54.0,366.26,54.0,2.3999999999999773,136.0,103.0,5.801588575553981,362.93,365.33,239,33.0,-11.0,0.14
07:37:35,364.23,26.0,366.31,52.0,363.0,26.0,368.0,26.0,2.079999999999984,52.0,78.0,4.36752561526504,364.22999999999996,366.31,130,-26.0,-109.0,-0.2
07:37:36,366.0,30.0,367.0,40.0,362.2,50.0,368.0,20.0,1.0,80.0,60.0,2.8123779973528586,366.0,367.0,140,20.0,10.0,0.14
07:37:37,362.45,71.0,365.76,38.0,354.38,101.0,366.76,29.0,3.3100000000000023,172.0,67.0,0.9913727855825272,362.45,365.76,239,105.0,99.0,0.44
07:37:38,362.0,98.0,364.5,42.0,352.0,108.0,369.43,28.0,2.5,206.0,70.0,1.257863267606579,362.0,364.5,276,136.0,37.0,0.49
07:37:39,363.64,39.0,373.0,18.0,360.75,64.0,377.0,18.0,9.360000000000014,103.0,36.0,1.9999624996467231,363.64,373.0,139,67.0,-137.0,0.48
07:37:40,363.0,36.0,373.0,18.0,358.39,41.0,377.0,18.0,10.0,77.0,36.0,2.278185681631922,363.0,373.0,113,41.0,-26.0,0.36
07:37:41,362.0,40.0,373.0,24.0,353.02,42.0,377.0,24.0,11.0,82.0,48.0,2.3711031188019938,362.0,373.0,130,34.0,17.0,0.26
07:37:42,363.0,24.0,373.0,32.0,355.56,54.0,377.0,32.0,10.0,78.0,64.0,2.1244952341655066,363.0,373.0,142,14.0,12.0,0.1
07:37:43,362.78,18.0,373.0,22.0,361.62,16.0,377.0,22.0,10.220000000000027,34.0,44.0,0.2948219801698229,362.78,373.0,78,-10.0,-64.0,-0.13
07:37:44,364.62,52.0,371.35,43.0,362.37,38.0,372.19,52.0,6.730000000000018,90.0,95.0,0.21396261353635385,364.62,371.35,185,-5.0,107.0,-0.03
07:37:45,366.0,88.0,369.92,36.0,363.0,26.0,371.35,31.0,3.920000000000016,114.0,67.0,0.20875823334976082,366.0,369.92,181,47.0,-4.0,0.26
07:37:46,366.0,48.0,369.0,36.0,363.0,24.0,371.0,24.0,3.0,72.0,60.0,0.20875823334976082,366.0,369.0,132,12.0,-49.0,0.09
07:37:47,366.0,28.0,368.57,21.0,363.0,14.0,371.0,14.0,2.569999999999993,42.0,35.0,0.3111751917994146,366.0,368.57,77,7.0,-55.0,0.09
07:37:48,366.0,106.0,367.37,57.0,363.0,38.0,371.0,38.0,1.3700000000000045,144.0,95.0,0.5377917812607055,366.0,367.37,239,49.0,162.0,0.21
07:37:49,362.5,20.0,364.68,41.0,361.8,25.0,370.37,35.0,2.180000000000007,45.0,76.0,1.7465766516222823,362.5,364.68,121,-31.0,-118.0,-0.26
07:37:50,361.88,32.0,365.98,54.0,357.67,42.0,377.3,53.0,4.100000000000023,74.0,107.0,1.8884835185917175,361.88,365.98,181,-33.0,60.0,-0.18
07:37:51,362.81,62.0,373.34,53.0,356.8,50.0,375.6,30.0,10.529999999999973,112.0,83.0,2.0288962516581512,362.81,373.34000000000003,195,29.0,14.0,0.15
07:37:52,363.25,119.0,365.88,34.0,362.5,56.0,369.32,37.0,2.6299999999999955,175.0,71.0,1.9292537417335063,363.25,365.88,246,104.0,51.0,0.42
07:37:53,363.0,30.0,364.22,9.0,361.0,9.0,369.5,24.0,1.2200000000000273,39.0,33.0,1.8955421388069835,363.0,364.22,72,6.0,-174.0,0.08
07:37:54,361.8,15.0,363.85,13.0,359.52,66.0,375.85,53.0,2.0500000000000114,81.0,66.0,2.0395587758123077,361.8,363.85,147,15.0,75.0,0.1
07:37:55,363.31,45.0,372.51,41.0,361.12,24.0,375.05,20.0,9.199999999999989,69.0,61.0,2.4483831399502787,363.31,372.51,130,8.0,-17.0,0.06
07:37:56,365.04,46.0,376.0,36.0,362.46,26.0,377.0,24.0,10.95999999999998,72.0,60.0,3.235850738212837,365.04,376.0,132,12.0,2.0,0.09
07:37:57,366.0,30.0,375.07,45.0,365.0,74.0,376.83,29.0,9.069999999999993,104.0,74.0,3.695046684413091,366.0,375.07000000000005,178,30.0,46.0,0.17
07:37:58,365.49,61.0,374.0,39.0,364.78,93.0,378.08,39.0,8.509999999999991,154.0,78.0,3.247542147531258,365.49,374.0,232,76.0,54.0,0.33
07:37:59,365.0,108.0,374.0,36.0,361.0,12.0,379.0,36.0,9.0,120.0,72.0,1.071340282072689,365.0,374.0,192,48.0,-40.0,0.25
07:38:00,365.0,99.0,374.0,33.0,361.0,11.0,379.0,33.0,9.0,110.0,66.0,0.525785127206471,365.0,374.0,176,44.0,-16.0,0.25
07:38:01,365.0,72.0,374.0,24.0,361.0,8.0,379.0,24.0,9.0,80.0,48.0,0.446015694781699,365.0,374.0,128,32.0,-48.0,0.25
07:38:02,365.0,106.0,374.0,42.0,361.29,14.0,379.0,42.0,9.0,120.0,84.0,0.11180339883780388,365.0,374.0,204,36.0,76.0,0.18
07:38:03,365.0,50.0,374.0,30.0,363.0,19.0,379.0,30.0,9.0,69.0,60.0,0.0,365.0,374.0,129,9.0,-75.0,0.07
07:38:04,365.0,40.0,373.5,42.0,361.0,8.0,377.89,27.0,8.5,48.0,69.0,0.11180339883793099,365.0,373.5,117,-21.0,-12.0,-0.18
07:38:05,365.0,50.0,369.92,36.0,361.0,10.0,374.88,51.0,4.920000000000016,60.0,87.0,0.8909657681369261,365.0,369.92,147,-27.0,30.0,-0.18
07:38:06,361.33,49.0,373.0,42.0,356.5,14.0,379.0,42.0,11.670000000000016,63.0,84.0,1.1632196697064265,361.33,373.0,147,-21.0,0.0,-0.14
07:38:07,364.91,22.0,373.0,30.0,359.89,37.0,379.0,30.0,8.089999999999975,59.0,60.0,1.0765361117918713,364.91,373.0,119,-1.0,-28.0,-0.01
07:38:08,366.0,16.0,373.75,24.0,360.31,26.0,379.14,22.0,7.75,42.0,46.0,1.1767115194438802,366.0,373.75,88,-4.0,-31.0,-0.05
07:38:09,366.0,24.0,373.0,60.0,364.0,12.0,380.2,40.0,7.0,36.0,100.0,1.218974979231282,366.0,373.0,136,-64.0,48.0,-0.47
07:38:10,366.0,18.0,372.98,41.0,364.0,9.0,378.77,31.0,6.980000000000018,27.0,72.0,1.0784850485712583,366.0,372.98,99,-45.0,-37.0,-0.45
07:38:11,366.0,22.0,371.0,11.0,361.66,35.0,373.0,55.0,5.0,57.0,66.0,0.5404905179479806,366.0,371.0,123,-9.0,24.0,-0.07
07:38:12,366.0,32.0,369.33,24.0,363.0,48.0,374.24,72.0,3.329999999999984,80.0,96.0,0.9059635754221727,366.0,369.33,176,-16.0,53.0,-0.09
07:38:13,366.0,30.0,367.2,15.0,363.0,45.0,369.0,75.0,1.1999999999999886,75.0,90.0,1.2419218977020532,366.0,367.2,165,-15.0,-11.0,-0.09
07:38:14,361.95,74.0,367.88,68.0,361.87,53.0,374.64,33.0,5.930000000000007,127.0,101.0,1.7667286152638253,361.95,367.88,228,26.0,63.0,0.11
07:38:15,361.0,120.0,365.73,41.0,360.0,40.0,376.98,42.0,4.730000000000018,160.0,83.0,2.0786654372438558,361.0,365.73,243,77.0,15.0,0.32
07:38:16,362.25,96.0,365.0,30.0,360.92,156.0,375.41,71.0,2.75,252.0,101.0,1.8697941063101775,362.25,365.0,353,151.0,110.0,0.43
07:38:17,363.0,46.0,367.22,23.0,361.0,120.0,376.25,48.0,4.220000000000027,166.0,71.0,1.29952683696502,363.0,367.2200000000001,237,95.0,-116.0,0.4
07:38:18,363.0,26.0,377.33,45.0,361.0,156.0,378.85,59.0,14.329999999999984,182.0,104.0,2.7549918330173426,363.0,377.33,286,78.0,49.0,0.27
07:38:19,361.25,142.0,378.0,48.0,360.41,118.0,379.0,95.0,16.75,260.0,143.0,3.286989504089137,361.25,378.0,403,117.0,117.0,0.29
07:38:20,362.0,44.0,378.0,11.0,361.0,132.0,379.0,85.0,16.0,176.0,96.0,3.1012142783097123,362.0,378.0,272,80.0,-131.0,0.29
07:38:21,362.06,64.0,379.0,116.0,361.02,160.0,380.0,28.0,16.939999999999998,224.0,144.0,2.247224955359823,362.06,379.0,368,80.0,96.0,0.22
07:38:22,363.0,60.0,379.0,135.0,362.0,60.0,380.0,30.0,16.0,120.0,165.0,0.5227140709717981,363.0,379.0,285,-45.0,-83.0,-0.16
07:38:23,363.0,56.0,378.33,82.0,361.45,88.0,379.05,117.0,15.329999999999984,144.0,199.0,0.5456464056437186,363.0,378.33,343,-55.0,58.0,-0.16
07:38:24,362.75,48.0,376.76,85.0,361.26,84.0,378.29,132.0,14.009999999999991,132.0,217.0,0.5033885179380836,362.75,376.76,349,-85.0,6.0,-0.24
07:38:25,364.0,24.0,374.65,63.0,363.0,40.0,376.05,93.0,10.649999999999977,64.0,156.0,0.6883531070547266,364.0,374.65,220,-92.0,-129.0,-0.42
07:38:26,365.27,37.0,372.95,100.0,363.4,96.0,375.98,131.0,7.680000000000007,133.0,231.0,0.8261779469290412,365.27,372.95,364,-98.0,144.0,-0.27
07:38:27,368.07,30.0,370.75,80.0,365.38,32.0,375.0,48.0,2.680000000000007,62.0,128.0,0.6090402285496974,368.07,370.75,190,-66.0,-174.0,-0.35
07:38:28,368.0,16.0,369.0,40.0,365.0,16.0,375.0,24.0,1.0,32.0,64.0,0.46644399448576573,368.0,369.0,96,-32.0,-94.0,-0.33
07:38:29,365.45,40.0,373.9,50.0,363.17,69.0,377.93,29.0,8.449999999999989,109.0,79.0,0.44156539718578386,365.45,373.9,188,30.0,92.0,0.16
07:38:30,365.0,70.0,376.0,50.0,363.0,90.0,380.0,20.0,11.0,160.0,70.0,0.7365256275187179,365.0,376.0,230,90.0,42.0,0.39
07:38:31,365.0,77.0,376.0,55.0,363.16,64.0,380.0,22.0,11.0,141.0,77.0,0.8372156233562821,365.0,376.0,218,64.0,-12.0,0.29
07:38:32,365.0,91.0,374.87,53.0,363.0,117.0,376.04,53.0,9.870000000000005,208.0,106.0,0.8218576519032054,365.0,374.87,314,102.0,96.0,0.32
07:38:33,365.0,112.0,371.68,68.0,363.0,144.0,373.26,76.0,6.680000000000007,256.0,144.0,0.8866622806863118,365.0,371.68,400,112.0,86.0,0.28
07:38:34,365.0,105.0,371.0,85.0,363.0,135.0,372.0,75.0,6.0,240.0,160.0,1.20103288880522,365.0,371.0,400,80.0,0.0,0.2
07:38:35,365.0,104.0,368.59,63.0,363.0,135.0,369.51,69.0,3.589999999999975,239.0,132.0,1.501655752824757,365.0,368.59,371,107.0,-29.0,0.29
07:38:36,363.5,44.0,365.51,53.0,362.86,63.0,369.36,67.0,2.009999999999991,107.0,120.0,2.0226146444618442,363.5,365.51,227,-13.0,-144.0,-0.06
07:38:37,362.57,21.0,364.18,57.0,361.03,130.0,373.62,47.0,1.6100000000000136,151.0,104.0,2.183265902264605,362.57,364.18000000000006,255,47.0,28.0,0.18
07:38:38,361.33,18.0,364.0,45.0,359.19,81.0,380.0,27.0,2.670000000000016,99.0,72.0,2.2648465731680534,361.33,364.0,171,27.0,-84.0,0.16
07:38:39,361.0,72.0,363.36,55.0,354.0,77.0,378.79,39.0,2.3600000000000136,149.0,94.0,1.8346852591087035,361.0,363.36,243,55.0,72.0,0.23
07:38:40,361.15,71.0,363.0,55.0,354.55,76.0,375.25,48.0,1.8500000000000227,147.0,103.0,1.0008246599631923,361.15,363.0,250,44.0,7.0,0.18
07:38:41,364.5,72.0,374.0,48.0,362.25,72.0,378.0,36.0,9.5,144.0,84.0,3.0284732126916345,364.5,374.0,228,60.0,-22.0,0.26
07:38:42,367.0,58.0,374.0,40.0,366.0,60.0,378.0,30.0,7.0,118.0,70.0,4.1730001198168205,367.0,374.0,188,48.0,-40.0,0.26
07:38:43,367.0,55.0,373.0,44.0,366.0,66.0,374.45,47.0,6.0,121.0,91.0,4.288218744419596,367.0,373.0,212,30.0,24.0,0.14
07:38:44,367.0,40.0,373.0,32.0,366.0,48.0,377.0,56.0,6.0,88.0,88.0,3.5422139969222632,367.0,373.0,176,0.0,-36.0,0.0
07:38:45,367.0,40.0,373.0,32.0,366.0,48.0,377.0,56.0,6.0,88.0,88.0,0.44721359549152984,367.0,373.0,176,0.0,0.0,0.0
07:38:46,367.0,35.0,373.0,28.0,366.0,42.0,377.0,49.0,6.0,77.0,77.0,0.2236067977332308,367.0,373.0,154,0.0,-22.0,0.0
07:38:47,367.0,42.0,372.0,40.0,366.0,60.0,377.0,79.0,5.0,102.0,119.0,0.2236067977330751,367.0,372.0,221,-17.0,67.0,-0.08
07:38:48,366.3,60.0,370.54,52.0,365.51,71.0,375.2,80.0,4.240000000000009,131.0,132.0,0.6857696406172641,366.3,370.54,263,-1.0,42.0,-0.0
07:38:49,366.0,72.0,368.46,37.0,365.0,60.0,370.08,48.0,2.4599999999999795,132.0,85.0,1.1952823934084091,366.0,368.46,217,47.0,-46.0,0.22
07:38:50,366.25,24.0,367.9,40.0,365.26,47.0,369.88,51.0,1.6499999999999773,71.0,91.0,1.3132516895065895,366.25,367.9,162,-20.0,-55.0,-0.12
07:38:51,367.0,11.0,368.0,33.0,366.0,22.0,370.0,44.0,1.0,33.0,77.0,1.0147068542154103,367.0,368.0,110,-44.0,-52.0,-0.4
07:38:52,365.27,45.0,366.76,58.0,362.18,102.0,370.51,51.0,1.490000000000009,147.0,109.0,0.8662736288214595,365.2699999999999,366.76,256,38.0,146.0,0.15
07:38:53,361.57,56.0,371.08,26.0,359.74,38.0,377.44,32.0,9.509999999999991,94.0,58.0,0.6322420422522862,361.57,371.08,152,36.0,-104.0,0.24
07:38:54,361.0,112.0,377.38,32.0,353.89,61.0,381.0,61.0,16.379999999999995,173.0,93.0,1.2505878617640147,361.0,377.38,266,80.0,114.0,0.3
07:38:55,361.44,54.0,374.7,40.0,358.9,120.0,376.11,36.0,13.259999999999991,174.0,76.0,1.2999884614840098,361.44,374.7,250,98.0,-16.0,0.39
07:38:56,363.0,33.0,370.21,38.0,361.0,91.0,371.26,27.0,7.2099999999999795,124.0,65.0,1.3460683489301306,363.0,370.21,189,59.0,-61.0,0.31
07:38:57,363.0,61.0,369.41,51.0,361.0,119.0,371.0,34.0,6.410000000000025,180.0,85.0,1.3026511428588616,363.0,369.41,265,95.0,76.0,0.36
07:38:58,363.0,22.0,367.39,54.0,361.0,126.0,371.0,36.0,4.389999999999986,148.0,90.0,1.579455602412232,363.0,367.38999999999993,238,58.0,-27.0,0.24
07:38:59,365.95,64.0,368.86,28.0,362.12,16.0,376.6,20.0,2.910000000000025,80.0,48.0,1.1078447544630172,365.95,368.86,128,32.0,-110.0,0.25
07:39:00,366.0,36.0,380.0,18.0,363.0,9.0,381.0,18.0,14.0,45.0,36.0,3.0773820042353517,366.0,380.0,81,9.0,-47.0,0.11
07:39:01,366.0,52.0,376.0,39.0,363.0,13.0,379.85,26.0,10.0,65.0,65.0,3.311686881332825,366.0,376.0,130,0.0,49.0,0.0
07:39:02,366.0,31.0,376.0,30.0,365.0,10.0,378.2,20.0,10.0,41.0,50.0,3.150087300376335,366.0,376.0,91,-9.0,-39.0,-0.1
07:39:03,366.0,7.0,376.0,21.0,365.0,7.0,378.0,18.0,10.0,14.0,39.0,2.0237638202104082,366.0,376.0,53,-25.0,-38.0,-0.47
07:39:04,362.5,20.0,376.0,24.0,361.75,8.0,378.0,20.0,13.5,28.0,44.0,1.3275918047324466,362.5,376.0,72,-16.0,19.0,-0.22
07:39:05,361.0,42.0,376.0,24.0,352.0,8.0,378.0,16.0,15.0,50.0,40.0,1.1937336386282114,361.0,376.0,90,10.0,18.0,0.11
07:39:06,361.0,40.0,376.0,24.0,352.0,8.0,378.0,16.0,15.0,48.0,40.0,1.2698425099170536,361.0,376.0,88,8.0,-2.0,0.09
07:39:07,361.0,18.0,376.0,27.0,352.0,9.0,378.0,18.0,15.0,27.0,45.0,1.0839741694304048,361.0,376.0,72,-18.0,-16.0,-0.25
07:39:08,361.0,20.0,376.56,32.0,352.0,10.0,379.5,20.0,15.560000000000002,30.0,52.0,0.32738356707727484,361.0,376.56,82,-22.0,10.0,-0.27
07:39:09,361.92,131.0,375.94,64.0,359.33,27.0,377.76,34.0,14.019999999999982,158.0,98.0,0.2015440398330552,361.92,375.94,256,60.0,174.0,0.23
07:39:10,364.2,165.0,374.53,60.0,361.0,30.0,376.73,60.0,10.329999999999984,195.0,120.0,0.36087393919800725,364.2,374.53,315,75.0,59.0,0.24
07:39:11,365.21,154.0,373.5,56.0,356.83,48.0,377.0,56.0,8.29000000000002,202.0,112.0,0.3771869562860784,365.21,373.5,314,90.0,-1.0,0.29
07:39:12,366.33,99.0,372.89,36.0,361.0,36.0,375.67,36.0,6.560000000000002,135.0,72.0,0.34329287786445045,366.33,372.89,207,63.0,-107.0,0.3
07:39:13,367.0,121.0,372.0,44.0,361.0,44.0,377.8,59.0,5.0,165.0,103.0,0.2583215050910733,367.0,372.0,268,62.0,61.0,0.23
07:39:14,367.0,187.0,369.71,56.0,361.0,101.0,373.52,66.0,2.7099999999999795,288.0,122.0,0.5025435304453223,367.0,369.71,410,166.0,142.0,0.4
07:39:15,367.0,139.0,372.0,72.0,361.0,133.0,375.12,89.0,5.0,272.0,161.0,0.5141789571661417,367.0,372.0,433,111.0,23.0,0.26
07:39:16,367.0,33.0,378.0,67.0,361.0,77.0,381.29,28.0,11.0,110.0,95.0,1.5439818651761454,367.0,378.0,205,15.0,-190.5,0.07
07:39:17,367.0,33.0,379.63,43.0,361.69,65.0,381.24,34.0,12.629999999999995,98.0,77.0,2.143940297674655,367.0,379.63,175,21.0,-30.0,0.12
07:39:18,367.0,27.0,380.0,45.0,366.0,27.0,381.33,36.0,13.0,54.0,81.0,2.3512719961743707,367.0,380.0,135,-27.0,-40.0,-0.2
07:39:19,367.0,15.0,380.0,45.0,366.0,27.0,381.0,45.0,13.0,42.0,90.0,1.7065227803913259,367.0,380.0,132,-48.0,-3.0,-0.36
07:39:20,367.0,15.0,377.77,61.0,366.0,45.0,380.53,75.0,10.769999999999982,60.0,136.0,0.5500454526627516,367.0,377.77,196,-76.0,64.0,-0.39
07:39:21,366.33,9.0,378.0,45.0,365.33,27.0,381.0,45.0,11.670000000000016,36.0,90.0,0.6429852253317545,366.33,378.0,126,-54.0,-70.0,-0.43
07:39:22,366.0,14.0,378.0,70.0,365.0,42.0,381.0,70.0,12.0,56.0,140.0,0.7325093856018301,366.0,378.0,196,-84.0,70.0,-0.43
07:39:23,366.0,15.0,376.65,62.0,365.0,45.0,378.4,75.0,10.649999999999977,60.0,137.0,0.7925465285991232,366.0,376.65,197,-77.0,1.0,-0.39
07:39:24,366.0,11.0,375.27,44.0,365.0,33.0,378.0,55.0,9.269999999999982,44.0,99.0,0.7167496075996318,366.0,375.2699999999999,143,-55.0,-54.0,-0.38
07:39:25,366.0,18.0,374.56,68.0,365.0,54.0,377.01,72.0,8.560000000000002,72.0,140.0,0.8248757482154705,366.0,374.56,212,-68.0,69.0,-0.32
07:39:26,366.0,92.0,373.58,48.0,365.0,42.0,375.33,61.0,7.579999999999984,134.0,109.0,0.869816072508317,366.0,373.58,243,25.0,31.0,0.1
07:39:27,366.0,100.0,370.53,34.0,365.0,39.0,371.8,45.0,4.529999999999973,139.0,79.0,1.14948684202711,366.0,370.53,218,60.0,-25.0,0.28
07:39:28,366.12,32.0,368.7,20.0,365.2,30.0,371.0,40.0,2.579999999999984,62.0,60.0,1.3826532464768964,366.12,368.7,122,2.0,-96.0,0.02
07:39:29,366.0,30.0,368.0,20.0,365.0,30.0,371.0,40.0,2.0,60.0,60.0,1.4419327307446996,366.0,368.0,120,0.0,-2.0,0.0
07:39:30,366.0,45.0,367.6,30.0,365.0,45.0,372.67,63.0,1.6000000000000227,90.0,93.0,1.2196597886266178,366.0,367.6,183,-3.0,63.0,-0.02
07:39:31,365.87,23.0,370.67,30.0,364.71,35.0,378.02,97.0,4.800000000000011,58.0,127.0,0.6904853365515012,365.87,370.67,185,-69.0,2.0,-0.37
07:39:32,365.0,26.0,377.98,112.0,363.0,65.0,378.52,42.0,12.980000000000018,91.0,154.0,1.9269743122296172,365.0,377.98,245,-63.0,60.0,-0.26
07:39:33,365.0,34.0,375.61,23.0,363.0,70.0,377.77,101.0,10.610000000000014,104.0,124.0,2.061739556780386,365.0,375.61,228,-20.0,-17.0,-0.09
07:39:34,365.0,54.0,373.22,72.0,363.0,90.0,375.0,18.0,8.220000000000027,144.0,90.0,1.8087924148428713,365.0,373.22,234,54.0,6.0,0.23
07:39:35,365.05,44.0,372.06,64.0,363.16,76.0,375.0,16.0,7.009999999999991,120.0,80.0,1.337714468783678,365.05,372.06,200,40.0,-34.0,0.2
07:39:36,366.0,17.0,370.31,65.0,365.0,39.0,371.58,36.0,4.310000000000002,56.0,101.0,1.3670405992483168,366.0,370.31,157,-45.0,-43.0,-0.29
07:39:37,363.57,44.0,368.44,63.0,361.76,55.0,369.43,49.0,4.8700000000000045,99.0,112.0,1.573874200815619,363.57,368.44,211,-13.0,54.0,-0.06
07:39:38,364.25,16.0,366.76,37.0,363.0,80.0,367.37,57.0,2.509999999999991,96.0,94.0,1.6070718714459662,364.25,366.76,190,2.0,-21.0,0.01
07:39:39,363.19,43.0,365.12,41.0,361.41,98.0,366.62,32.0,1.9300000000000068,141.0,73.0,1.8495729236752652,363.19,365.12,214,68.0,24.0,0.32
07:39:40,361.08,75.0,363.46,13.0,357.44,54.0,365.0,39.0,2.3799999999999955,129.0,52.0,2.187162545398119,361.08,363.46,181,77.0,-33.0,0.43
07:39:41,361.72,75.0,364.26,19.0,358.44,50.0,366.92,25.0,2.5399999999999636,125.0,44.0,1.5934490892375883,361.72,364.26,169,81.0,-12.0,0.48
07:39:42,363.49,63.0,367.07,29.0,362.52,97.0,380.03,33.0,3.579999999999984,160.0,62.0,1.406829769372267,363.49,367.07000000000005,222,98.0,53.0,0.44
07:39:43,366.0,32.0,375.94,16.0,364.25,16.0,380.53,32.0,9.939999999999998,48.0,48.0,3.4586008731844546,366.0,375.94,96,0.0,-126.0,0.0
07:39:44,366.0,25.0,375.0,13.0,365.0,13.0,381.62,37.0,9.0,38.0,50.0,4.112003161476465,366.0,375.0,88,-12.0,-8.0,-0.14
07:39:45,365.39,23.0,383.47,131.0,363.29,63.0,387.94,64.0,18.08000000000004,86.0,195.0,4.621593880902209,365.39,383.47,281,-109.0,189.5,-0.39
07:39:46,365.0,60.0,383.23,47.0,363.0,108.0,383.76,63.0,18.230000000000018,168.0,110.0,3.689532490708412,365.0,383.23,278,58.0,-3.0,0.21
07:39:47,365.0,53.0,378.17,71.0,363.0,171.0,381.39,36.0,13.170000000000016,224.0,107.0,1.8285650111475658,365.0,378.17,331,117.0,53.0,0.35
07:39:48,363.29,95.0,374.02,48.0,361.89,142.0,376.49,37.0,10.729999999999961,237.0,85.0,2.4433829008145667,363.29,374.02,322,152.0,-9.0,0.47
07:39:49,363.0,22.0,373.0,55.0,361.0,88.0,375.0,17.0,10.0,110.0,72.0,2.986238436560775,363.0,373.0,182,38.0,-140.0,0.21
07:39:50,361.25,64.0,371.19,31.0,352.51,94.0,372.86,35.0,9.939999999999998,158.0,66.0,3.128558773619674,361.25,371.19,224,92.0,42.0,0.41
07:39:51,361.0,104.0,369.24,37.0,350.0,13.0,368.76,41.0,8.240000000000009,117.0,78.0,2.4839243144654013,361.0,369.24,195,39.0,-29.0,0.2
07:39:52,361.0,93.0,366.0,13.0,350.0,13.0,367.0,65.0,5.0,106.0,78.0,2.103473318107992,361.0,366.0,184,28.0,-11.0,0.15
07:39:53,361.2,60.0,365.67,12.0,357.33,27.0,367.0,60.0,4.470000000000027,87.0,72.0,1.9297098227433238,361.2,365.67,159,15.0,-25.0,0.09
07:39:54,363.0,19.0,366.22,23.0,361.0,66.0,368.09,55.0,3.2200000000000273,85.0,78.0,1.16949989311329,363.0,366.2200000000001,163,7.0,4.0,0.04
07:39:55,363.0,9.0,366.37,41.0,361.0,54.0,369.48,48.0,3.3700000000000045,63.0,89.0,0.7590586275064314,363.0,366.37,152,-26.0,-11.0,-0.17
07:39:56,363.78,23.0,365.0,70.0,361.46,39.0,366.0,56.0,1.2200000000000273,62.0,126.0,0.6097294481915172,363.7799999999999,365.0,188,-64.0,36.0,-0.34
07:39:57,361.91,33.0,364.44,80.0,359.73,99.0,366.71,82.0,2.5299999999999727,132.0,162.0,0.7044004542814454,361.91,364.44,294,-30.0,106.0,-0.1
07:39:58,361.0,36.0,363.38,26.0,347.0,18.0,369.16,25.0,2.3799999999999955,54.0,51.0,1.0917050883786672,361.0,363.38,105,3.0,-189.0,0.03
07:39:59,354.71,65.0,362.0,65.0,346.29,59.0,371.0,55.0,7.2900000000000205,124.0,120.0,2.553248910700165,354.71,362.0,244,4.0,139.0,0.02
07:40:00,349.32,56.0,362.0,60.0,345.64,14.0,374.0,60.0,12.680000000000007,70.0,120.0,3.6348204907520856,349.32,362.0,190,-50.0,-54.0,-0.26
07:40:01,350.41,239.0,361.92,53.0,347.55,33.0,374.0,65.0,11.509999999999991,272.0,118.0,3.431241757730157,350.41,361.92,390,154.0,189.5,0.39
07:40:02,347.36,137.0,359.77,52.0,342.64,33.0,372.61,82.0,12.409999999999968,170.0,134.0,3.275046564553094,347.36,359.77000000000004,304,36.0,-86.0,0.12
07:40:03,342.98,43.0,357.54,63.0,339.57,42.0,364.17,71.0,14.560000000000002,85.0,134.0,3.05647672982976,342.98,357.54,219,-49.0,-85.0,-0.22
07:40:04,343.71,28.0,351.0,36.0,342.91,22.0,357.0,48.0,7.2900000000000205,50.0,84.0,3.740430456510367,343.71,351.0,134,-34.0,-85.0,-0.25
07:40:05,345.41,184.0,353.4,50.0,343.93,30.0,357.2,50.0,7.989999999999952,214.0,100.0,3.499581403538141,345.41,353.4,314,114.0,180.0,0.36
07:40:06,347.25,32.0,357.0,56.0,346.02,160.0,358.0,28.0,9.75,192.0,84.0,2.4023155496291078,347.25,357.0,276,108.0,-38.0,0.39
07:40:07,350.46,110.0,357.0,38.0,350.19,95.0,358.0,28.0,6.5400000000000205,205.0,66.0,2.4563041342614405,350.46,357.0,271,139.0,-5.0,0.51
07:40:08,355.35,93.0,357.0,12.0,352.54,111.0,358.0,24.0,1.6499999999999773,204.0,36.0,3.4795617540130257,355.35,357.0,240,168.0,-31.0,0.7
07:40:09,356.46,169.0,357.95,21.0,352.08,71.0,359.33,36.0,1.490000000000009,240.0,57.0,3.137172293641336,356.46,357.95,297,183.0,57.0,0.62
07:40:10,357.32,57.0,359.0,26.0,353.9,105.0,364.0,36.0,1.6800000000000068,162.0,62.0,2.5008698486709715,357.31999999999994,359.0,224,100.0,-73.0,0.45
07:40:11,357.01,145.0,365.0,44.0,348.75,48.0,369.03,33.0,7.990000000000009,193.0,77.0,2.6693763316535546,357.01,365.0,270,116.0,46.0,0.43
07:40:12,360.09,54.0,363.0,72.0,357.03,198.0,365.71,28.0,2.910000000000025,252.0,100.0,2.3582981151654296,360.0899999999999,363.0,352,152.0,82.0,0.43
07:40:13,361.08,127.0,363.51,41.0,354.56,82.0,367.71,41.0,2.430000000000007,209.0,82.0,2.228885371658526,361.08,363.51,291,127.0,-61.0,0.44
07:40:14,361.0,169.0,364.0,39.0,343.73,137.0,371.38,32.0,3.0,306.0,71.0,1.7502942609726566,361.0,364.0,377,235.0,86.0,0.62
07:40:15,361.04,149.0,363.77,39.0,351.76,174.0,367.68,31.0,2.7299999999999613,323.0,70.0,0.6463512976658051,361.04,363.77,393,253.0,16.0,0.64
07:40:16,361.0,132.0,362.67,15.0,343.0,207.0,366.0,45.0,1.670000000000016,339.0,60.0,0.4074677901311469,361.0,362.67,399,279.0,6.0,0.7
07:40:17,350.2,60.0,365.43,21.0,342.95,161.0,368.39,31.0,15.230000000000018,221.0,52.0,2.0054849787505082,350.2,365.43,273,169.0,-126.0,0.62
07:40:18,343.0,27.0,368.0,9.0,342.0,6.0,371.0,3.0,25.0,33.0,12.0,3.1782337862393173,343.0,368.0,45,21.0,-190.5,0.47
07:40:19,343.0,45.0,368.0,15.0,342.0,10.0,371.0,5.0,25.0,55.0,20.0,3.343526581319833,343.0,368.0,75,35.0,30.0,0.47
07:40:20,344.88,49.0,368.0,27.0,342.81,32.0,371.0,9.0,23.120000000000005,81.0,36.0,2.6425990993701056,344.88,368.0,117,45.0,42.0,0.38
07:40:21,366.0,11.0,368.0,33.0,344.0,22.0,371.0,11.0,2.0,33.0,44.0,4.872299251892514,366.0,368.0,77,-11.0,-40.0,-0.14
07:40:22,366.0,12.0,368.0,36.0,344.0,24.0,371.0,12.0,2.0,36.0,48.0,6.139195387018853,366.0,368.0,84,-12.0,7.0,-0.14
07:40:23,358.25,40.0,368.0,30.0,341.63,163.0,371.0,14.0,9.75,203.0,44.0,5.5731786262414555,358.25,368.0,247,159.0,163.0,0.64
07:40:24,364.0,60.0,368.0,24.0,344.65,129.0,371.0,12.0,4.0,189.0,36.0,4.469040165404208,364.0,368.0,225,153.0,-22.0,0.68
07:40:25,364.0,30.0,368.0,12.0,345.74,47.0,371.0,6.0,4.0,77.0,18.0,1.5921306479047188,364.0,368.0,95,59.0,-130.0,0.62
07:40:26,364.0,35.0,367.14,29.0,346.0,49.0,368.5,12.0,3.1399999999999864,84.0,41.0,1.4501792992583011,364.0,367.14,125,43.0,30.0,0.34
07:40:27,364.0,50.0,366.7,50.0,346.0,70.0,369.29,14.0,2.6999999999999886,120.0,64.0,1.2005706976255408,364.0,366.7,184,56.0,59.0,0.3
07:40:28,364.0,35.0,365.71,35.0,346.0,49.0,371.0,7.0,1.7099999999999795,84.0,42.0,0.47992707779130844,364.0,365.71,126,42.0,-58.0,0.33
07:40:29,351.0,126.0,365.0,75.0,345.76,136.0,372.33,15.0,14.0,262.0,90.0,3.354747382441249,351.0,365.0,352,172.0,189.5,0.49
07:40:30,349.0,273.0,358.92,61.0,342.3,81.0,361.66,58.0,9.920000000000016,354.0,119.0,5.285997540672445,349.0,358.92,473,235.0,121.0,0.5
07:40:31,349.0,273.0,352.0,65.0,344.69,78.0,356.0,65.0,3.0,351.0,130.0,6.561781770220149,349.0,352.0,481,221.0,8.0,0.46
07:40:32,349.42,62.0,352.0,60.0,348.71,168.0,356.0,60.0,2.579999999999984,230.0,120.0,6.002481153655687,349.42,352.0,350,110.0,-131.0,0.31
07:40:33,351.0,22.0,352.0,55.0,346.08,111.0,356.0,55.0,1.0,133.0,110.0,3.148170897519698,351.0,352.0,243,23.0,-107.0,0.09
07:40:34,347.73,44.0,352.0,29.0,345.36,66.0,356.0,35.0,4.269999999999982,110.0,64.0,1.595079935297578,347.73,352.0,174,46.0,-69.0,0.26
07:40:35,347.0,144.0,353.0,40.0,341.0,72.0,356.33,60.0,6.0,216.0,100.0,0.6524415682561013,347.0,353.0,316,116.0,142.0,0.37
07:40:36,347.0,84.0,356.0,35.0,340.81,43.0,358.0,35.0,9.0,127.0,70.0,0.7865621399410209,347.0,356.0,197,57.0,-119.0,0.29
07:40:37,348.0,60.0,356.0,50.0,345.67,144.0,358.0,60.0,8.0,204.0,110.0,0.9741252486147547,348.0,356.0,314,94.0,117.0,0.3
07:40:38,349.24,46.0,356.0,30.0,345.44,80.0,358.0,50.0,6.759999999999991,126.0,80.0,1.222898196903121,349.24,356.0,206,46.0,-108.0,0.22
07:40:39,351.84,56.0,354.67,60.0,346.76,68.0,356.71,56.0,2.830000000000041,124.0,116.0,1.2366810421403516,351.84,354.67,240,8.0,34.0,0.03
07:40:40,346.04,81.0,356.0,39.0,343.54,170.0,358.0,75.0,9.95999999999998,251.0,114.0,0.8841493086518188,346.04,356.0,365,137.0,125.0,0.38
07:40:41,345.01,134.0,356.0,26.0,342.44,101.0,358.0,97.0,10.990000000000009,235.0,123.0,1.124210834314178,345.01,356.0,358,112.0,-7.0,0.31
07:40:42,346.94,16.0,357.1,51.0,345.0,192.0,358.18,111.0,10.160000000000025,208.0,162.0,1.1247799784799617,346.94,357.1,370,46.0,12.0,0.12
07:40:43,348.8,15.0,353.0,15.0,343.29,133.0,358.0,75.0,4.199999999999989,148.0,90.0,1.1062775420251256,348.8,353.0,238,58.0,-132.0,0.24
07:40:44,349.0,6.0,353.0,6.0,345.0,12.0,358.0,20.0,4.0,18.0,26.0,0.5591064299298096,349.0,353.0,44,-8.0,-190.5,-0.18
07:40:45,349.0,8.0,353.0,8.0,345.0,16.0,357.0,24.0,4.0,24.0,32.0,0.5598035369563623,349.0,353.0,56,-8.0,12.0,-0.14
07:40:46,350.69,13.0,355.1,20.0,348.43,14.0,357.08,39.0,4.410000000000025,27.0,59.0,0.876059358713293,350.69,355.1,86,-32.0,30.0,-0.37
07:40:47,354.56,16.0,356.0,18.0,342.67,21.0,358.0,39.0,1.4399999999999977,37.0,57.0,1.9069032487227737,354.56,356.0,94,-20.0,8.0,-0.21
07:40:48,355.0,36.0,356.0,9.0,337.56,18.0,358.0,27.0,1.0,54.0,36.0,2.2003363379242593,355.0,356.0,90,18.0,-4.0,0.2
07:40:49,355.0,31.0,356.6,10.0,338.0,16.0,358.16,25.0,1.6000000000000227,47.0,35.0,2.0792017699084577,355.0,356.6,82,12.0,-8.0,0.15
07:40:50,355.44,18.0,358.0,30.0,349.77,26.0,359.0,40.0,2.5600000000000023,44.0,70.0,1.4185203558606845,355.44,358.0,114,-26.0,32.0,-0.23
07:40:51,357.92,12.0,359.0,48.0,344.54,48.0,361.0,48.0,1.079999999999984,60.0,96.0,1.2998923032281264,357.92,359.0,156,-36.0,42.0,-0.23
07:40:52,358.0,4.0,359.0,16.0,339.0,16.0,361.0,16.0,1.0,20.0,32.0,1.427403236647628,358.0,359.0,52,-12.0,-104.0,-0.23
07:40:53,358.0,12.0,359.0,31.0,339.0,48.0,361.0,48.0,1.0,60.0,79.0,1.2623311768282206,358.0,359.0,139,-19.0,87.0,-0.14
07:40:54,358.0,9.0,359.0,27.0,339.0,36.0,361.0,36.0,1.0,45.0,63.0,0.7917575386397858,358.0,359.0,108,-18.0,-31.0,-0.17
07:40:55,358.0,11.0,359.0,33.0,339.0,44.0,360.31,26.0,1.0,55.0,59.0,0.01788854363085704,358.0,359.0,114,-4.0,6.0,-0.04
07:40:56,347.14,21.0,359.0,33.0,337.96,48.0,360.0,24.0,11.860000000000014,69.0,57.0,2.428369823563211,347.14,359.0,126,12.0,12.0,0.1
07:40:57,339.0,40.0,359.0,20.0,334.43,14.0,360.0,20.0,20.0,54.0,40.0,4.334568029226336,339.0,359.0,94,14.0,-32.0,0.15
07:40:58,340.33,52.0,360.72,85.0,338.38,32.0,364.32,74.0,20.390000000000043,84.0,159.0,4.428365386910841,340.33,360.72,243,-75.0,149.0,-0.31
07:40:59,342.61,54.0,358.61,72.0,339.74,65.0,361.0,90.0,16.0,119.0,162.0,3.739632334867807,342.61000000000007,358.61,281,-43.0,38.0,-0.15
07:41:00,344.07,42.0,356.07,56.0,341.0,42.0,361.0,70.0,12.0,84.0,126.0,1.4944664599741107,344.07,356.07,210,-42.0,-71.0,-0.2
07:41:01,346.92,39.0,355.91,53.0,341.0,29.0,360.8,100.0,8.990000000000009,68.0,153.0,0.8827627087656822,346.92,355.90999999999997,221,-85.0,11.0,-0.38
07:41:02,348.12,48.0,354.29,68.0,340.62,16.0,355.21,76.0,6.170000000000016,64.0,144.0,0.5433967243070534,348.12000000000006,354.29,208,-80.0,-13.0,-0.38
07:41:03,350.89,57.0,353.87,78.0,347.8,41.0,355.0,91.0,2.980000000000018,98.0,169.0,0.8719403649263425,350.89,353.87,267,-71.0,59.0,-0.27
07:41:04,352.34,32.0,354.51,63.0,349.88,50.0,356.2,60.0,2.170000000000016,82.0,123.0,1.2685030547808054,352.34,354.51,205,-41.0,-62.0,-0.2
07:41:05,341.18,17.0,356.0,32.0,336.56,18.0,359.0,8.0,14.819999999999993,35.0,40.0,1.8037128374517124,341.18,356.0,75,-5.0,-130.0,-0.07
07:41:06,343.11,27.0,356.0,52.0,342.05,38.0,359.0,13.0,12.889999999999986,65.0,65.0,1.983010337841909,343.11000000000007,356.0,130,0.0,55.0,0.0
07:41:07,344.0,45.0,356.0,60.0,342.87,30.0,359.48,21.0,12.0,75.0,81.0,2.0294506645858026,344.0,356.0,156,-6.0,26.0,-0.04
07:41:08,344.0,24.0,356.0,32.0,341.0,16.0,360.0,32.0,12.0,40.0,64.0,1.8335293834535418,344.0,356.0,104,-24.0,-52.0,-0.23
07:41:09,344.22,27.0,357.59,34.0,342.69,32.0,359.75,48.0,13.369999999999948,59.0,82.0,0.8415877850749022,344.22,357.59,141,-23.0,37.0,-0.16
07:41:10,346.35,31.0,359.0,22.0,344.77,13.0,360.0,44.0,12.649999999999977,44.0,66.0,1.246956294337427,346.35,359.0,110,-22.0,-31.0,-0.2
07:41:11,347.53,57.0,358.12,68.0,345.69,35.0,359.35,46.0,10.590000000000032,92.0,114.0,1.3915171576333933,347.53,358.12,206,-22.0,96.0,-0.11
07:41:12,348.82,22.0,357.83,48.0,347.62,26.0,359.0,24.0,9.009999999999991,48.0,72.0,1.4211157588277334,348.82,357.83,120,-24.0,-86.0,-0.2
07:41:13,351.44,54.0,354.56,72.0,350.0,18.0,359.0,36.0,3.1200000000000045,72.0,108.0,0.9474017099355884,351.44,354.56,180,-36.0,60.0,-0.2
07:41:14,349.46,41.0,353.71,34.0,340.54,37.0,359.62,32.0,4.25,78.0,66.0,0.6622839270199553,349.46,353.71,144,12.0,-36.0,0.08
07:41:15,339.14,28.0,360.45,29.0,338.4,40.0,361.23,26.0,21.310000000000002,68.0,55.0,1.4492687811405296,339.14,360.45,123,13.0,-21.0,0.11
07:41:16,340.62,8.0,361.0,24.0,338.18,44.0,362.0,8.0,20.379999999999995,52.0,32.0,1.4801452631374672,340.62,361.0,84,20.0,-39.0,0.24
07:41:17,341.31,13.0,360.21,57.0,338.0,52.0,361.13,31.0,18.899999999999977,65.0,88.0,1.192644121264995,341.31,360.21,153,-23.0,69.0,-0.15
07:41:18,342.46,13.0,353.4,35.0,337.68,47.0,357.29,35.0,10.939999999999998,60.0,70.0,1.4053576057314314,342.46,353.4,130,-10.0,-23.0,-0.08
07:41:19,343.08,12.0,355.4,45.0,337.0,44.0,360.4,30.0,12.319999999999993,56.0,75.0,1.1947677598541313,343.08,355.4,131,-19.0,1.0,-0.15
07:41:20,344.55,11.0,358.14,35.0,339.0,44.0,361.29,21.0,13.589999999999975,55.0,56.0,1.4045034709772155,344.55,358.14,111,-1.0,-20.0,-0.01
07:41:21,343.55,20.0,361.0,70.0,338.99,86.0,362.0,14.0,17.44999999999999,106.0,84.0,1.725853412079728,343.55,361.0,190,22.0,79.0,0.12
07:41:22,339.38,68.0,360.3,57.0,338.86,43.0,361.77,57.0,20.920000000000016,111.0,114.0,1.7146224074084406,339.38,360.3,225,-3.0,35.0,-0.01
07:41:23,341.64,28.0,360.0,45.0,340.26,43.0,361.0,52.0,18.360000000000014,71.0,97.0,1.2000083332991915,341.64,360.0,168,-26.0,-57.0,-0.15
07:41:24,343.0,48.0,360.0,34.0,342.0,24.0,361.0,72.0,17.0,72.0,106.0,0.8997110647245753,343.0,360.0,178,-34.0,10.0,-0.19
07:41:25,344.12,48.0,359.17,59.0,343.23,47.0,362.01,99.0,15.050000000000011,95.0,158.0,0.9260291572018011,344.12000000000006,359.17,253,-63.0,75.0,-0.25
07:41:26,346.64,28.0,360.05,74.0,344.33,30.0,369.1,126.0,13.410000000000025,58.0,200.0,1.2883982303574029,346.64,360.05,258,-142.0,5.0,-0.55
07:41:27,348.24,74.0,358.57,63.0,347.61,49.0,360.82,131.0,10.329999999999984,123.0,194.0,1.1692861069852272,348.24,358.57,317,-71.0,59.0,-0.22
07:41:28,350.8,40.0,355.17,36.0,349.5,32.0,356.33,36.0,4.3700000000000045,72.0,72.0,0.9318100664776081,350.8,355.17,144,0.0,-173.0,0.0
07:41:29,351.79,56.0,355.27,37.0,350.0,28.0,357.7,47.0,3.4799999999999613,84.0,84.0,0.773485617183218,351.79,355.27,168,0.0,24.0,0.0
07:41:30,355.2,60.0,360.57,46.0,353.54,48.0,362.44,82.0,5.3700000000000045,108.0,128.0,2.0507193859692596,355.2,360.57000000000005,236,-20.0,68.0,-0.08
07:41:31,358.0,52.0,362.25,48.0,357.0,26.0,363.43,47.0,4.25,78.0,95.0,3.2238532845014998,358.0,362.25,173,-17.0,-63.0,-0.1
07:41:32,358.2,60.0,360.53,60.0,357.0,30.0,363.66,61.0,2.329999999999984,90.0,121.0,3.3194924310791807,358.2,360.53,211,-31.0,38.0,-0.15
07:41:33,358.68,38.0,361.32,41.0,352.32,25.0,365.79,47.0,2.6399999999999864,63.0,88.0,2.7479355887634878,358.68,361.32,151,-25.0,-60.0,-0.17
07:41:34,357.0,22.0,366.36,33.0,344.0,33.0,368.47,49.0,9.360000000000014,55.0,82.0,1.3736447866876065,357.0,366.36,137,-27.0,-14.0,-0.2
07:41:35,363.77,60.0,367.0,45.0,348.9,40.0,369.0,75.0,3.230000000000018,100.0,120.0,2.4288680491115686,363.7699999999999,367.0,220,-20.0,83.0,-0.09
07:41:36,366.0,110.0,367.0,30.0,360.0,20.0,369.0,64.0,1.0,130.0,94.0,3.2006530583610644,366.0,367.0,224,36.0,4.0,0.16
07:41:37,366.0,187.0,368.14,49.0,361.36,22.0,399.1,61.0,2.1399999999999864,209.0,110.0,3.117784469779346,366.0,368.14,319,99.0,95.0,0.31
07:41:38,366.0,55.0,369.0,49.0,363.0,14.0,492.52,29.0,3.0,69.0,78.0,2.344798498805049,366.0,369.0,147,-9.0,-172.0,-0.06
07:41:39,366.0,15.0,369.0,21.0,363.0,6.0,460.43,7.0,3.0,21.0,28.0,0.8886506625211776,366.0,369.0,49,-7.0,-98.0,-0.14
07:41:40,366.0,30.0,369.0,42.0,363.0,12.0,490.92,13.0,3.0,42.0,55.0,0.4404316064948923,366.0,369.0,97,-13.0,48.0,-0.13
07:41:41,366.0,50.0,369.0,65.0,363.0,20.0,467.04,50.0,3.0,70.0,115.0,0.1923018460645668,366.0,369.0,185,-45.0,88.0,-0.24
07:41:43,366.05,42.0,368.0,11.0,364.11,88.0,369.0,44.0,1.9499999999999886,130.0,55.0,9.934788372180043,366.05,368.0,185,75.0,-41.0,0.41
07:41:44,366.0,32.0,367.12,8.0,364.0,152.0,369.0,32.0,1.1200000000000045,184.0,40.0,10.045301389206976,366.0,367.12,224,144.0,39.0,0.64
07:41:45,366.0,21.0,368.95,37.0,364.0,190.0,376.35,49.0,2.9499999999999886,211.0,86.0,10.048396389474467,366.0,368.95,297,125.0,73.0,0.42
07:41:46,366.0,16.0,369.0,32.0,364.0,148.0,377.0,40.0,3.0,164.0,72.0,10.048396389474467,366.0,369.0,236,92.0,-61.0,0.39
07:41:47,366.08,13.0,369.0,28.0,364.04,92.0,377.0,35.0,2.920000000000016,105.0,63.0,0.4239339571197277,366.08,369.0,168,42.0,-68.0,0.25
07:41:48,366.0,20.0,369.0,40.0,364.0,150.0,377.0,50.0,3.0,170.0,90.0,0.4222321636248143,366.0,369.0,260,80.0,92.0,0.31
07:41:49,366.0,20.0,369.0,40.0,364.0,150.0,377.0,50.0,3.0,170.0,90.0,0.024899799185764133,366.0,369.0,260,80.0,0.0,0.31
07:41:50,366.0,24.0,369.0,48.0,364.0,180.0,377.0,60.0,3.0,204.0,108.0,0.017888543805956895,366.0,369.0,312,96.0,52.0,0.31
07:41:51,366.0,8.0,369.0,16.0,364.0,60.0,377.0,20.0,3.0,68.0,36.0,0.017888543805956895,366.0,369.0,104,32.0,-190.5,0.31
07:41:52,364.17,92.0,369.0,40.0,363.83,72.0,377.0,50.0,4.829999999999984,164.0,90.0,0.4069643719041462,364.17,369.0,254,74.0,150.0,0.29
07:41:53,365.33,126.0,369.0,48.0,363.91,108.0,377.0,60.0,3.670000000000016,234.0,108.0,0.3966988782430309,365.33,369.0,342,126.0,88.0,0.37
07:41:54,367.0,80.0,369.0,40.0,363.8,20.0,377.0,50.0,2.0,100.0,90.0,0.5190086704471861,367.0,369.0,190,10.0,-152.0,0.05
07:41:55,367.0,48.0,369.0,24.0,364.0,12.0,377.0,30.0,2.0,60.0,54.0,0.5969673357893549,367.0,369.0,114,6.0,-76.0,0.05
07:41:56,367.0,80.0,369.0,40.0,364.0,20.0,377.0,50.0,2.0,100.0,90.0,0.6468152750202488,367.0,369.0,190,10.0,76.0,0.05
07:41:57,367.0,56.0,369.0,28.0,364.0,14.0,377.0,35.0,2.0,70.0,63.0,0.37118728426459385,367.0,369.0,133,7.0,-57.0,0.05
07:41:58,367.0,50.0,368.63,19.0,364.0,20.0,372.16,43.0,1.6299999999999955,70.0,62.0,0.08049844718887865,367.0,368.63,132,8.0,-1.0,0.06
07:41:59,367.0,23.0,369.98,41.0,364.0,22.0,376.48,54.0,2.980000000000018,45.0,95.0,0.25163465580060923,367.0,369.98,140,-50.0,8.0,-0.36
07:42:00,367.15,13.0,370.91,47.0,364.25,24.0,378.03,59.0,3.7600000000000477,37.0,106.0,0.4935281147007048,367.15,370.91,143,-69.0,3.0,-0.48
07:42:01,364.09,22.0,378.5,40.0,350.24,41.0,384.9,39.0,14.410000000000025,63.0,79.0,1.4069008493851314,364.09,378.5,142,-16.0,-1.0,-0.11
07:42:02,367.83,46.0,375.37,38.0,365.04,27.0,381.57,35.0,7.5400000000000205,73.0,73.0,1.7032234145881247,367.83,375.37,146,0.0,4.0,0.0
07:42:03,369.0,40.0,371.5,30.0,366.0,38.0,373.7,20.0,2.5,78.0,50.0,1.364159081632931,369.0,371.5,128,28.0,-18.0,0.22
07:42:04,367.81,43.0,369.65,51.0,365.92,73.0,390.76,34.0,1.839999999999975,116.0,85.0,1.294283585618559,367.81,369.65,201,31.0,73.0,0.15
07:42:05,368.0,12.0,369.0,36.0,366.0,60.0,379.49,57.0,1.0,72.0,93.0,1.427105462116073,368.0,369.0,165,-21.0,-36.0,-0.13
07:42:06,368.0,10.0,373.53,34.0,366.0,50.0,387.18,44.0,5.529999999999973,60.0,78.0,1.3283335424513798,368.0,373.53,138,-18.0,-27.0,-0.13
07:42:07,368.0,12.0,376.67,36.0,366.0,60.0,380.17,60.0,8.670000000000016,72.0,96.0,1.5705826944167878,368.0,376.67,168,-24.0,30.0,-0.14
07:42:08,366.29,35.0,373.33,27.0,365.43,35.0,378.72,50.0,7.039999999999964,70.0,77.0,1.5733817082963133,366.29,373.33,147,-7.0,-21.0,-0.05
07:42:09,366.0,27.0,367.14,21.0,364.0,9.0,372.17,12.0,1.1399999999999864,36.0,33.0,2.1927904596657357,366.0,367.14,69,3.0,-78.0,0.04
07:42:10,365.6,15.0,368.0,15.0,353.22,36.0,379.89,19.0,2.3999999999999773,51.0,34.0,2.5132110934023686,365.6,368.0,85,17.0,16.0,0.2
07:42:11,364.0,10.0,372.0,10.0,359.57,63.0,389.79,47.0,8.0,73.0,57.0,2.400306230463153,364.0,372.0,130,16.0,45.0,0.12
07:42:12,368.0,100.0,372.0,8.0,364.0,8.0,462.62,16.0,4.0,108.0,24.0,1.6188360015763994,368.0,372.0,132,84.0,2.0,0.64
07:42:13,368.0,44.0,372.0,4.0,364.0,4.0,380.0,8.0,4.0,48.0,12.0,1.6665473290608608,368.0,372.0,60,36.0,-72.0,0.6
07:42:14,368.0,120.0,372.0,12.0,364.0,12.0,380.0,24.0,4.0,132.0,36.0,1.485934049680686,368.0,372.0,168,96.0,108.0,0.57
07:42:15,368.0,54.0,372.0,6.0,364.0,6.0,380.0,12.0,4.0,60.0,18.0,0.894427191000451,368.0,372.0,78,42.0,-90.0,0.54
07:42:16,368.0,93.0,372.0,13.0,363.48,21.0,378.81,21.0,4.0,114.0,34.0,0.0,368.0,372.0,148,80.0,70.0,0.54
07:42:17,368.0,66.0,370.57,21.0,363.96,50.0,375.67,12.0,2.569999999999993,116.0,33.0,0.3175216528067727,368.0,370.57,149,83.0,1.0,0.56
07:42:18,368.0,62.0,371.37,19.0,367.0,36.0,379.53,17.0,3.3700000000000045,98.0,36.0,0.3139745212610293,368.0,371.37,134,62.0,-15.0,0.46
07:42:19,368.84,25.0,376.0,8.0,367.9,31.0,382.0,16.0,7.160000000000025,56.0,24.0,1.2325258617982409,368.84,376.0,80,32.0,-54.0,0.4
07:42:20,369.0,36.0,375.33,18.0,368.0,48.0,381.14,21.0,6.329999999999984,84.0,39.0,1.4694454736402551,369.0,375.33,123,45.0,43.0,0.37
07:42:21,369.0,36.0,372.92,36.0,368.0,48.0,380.0,18.0,3.920000000000016,84.0,54.0,1.414860417144381,369.0,372.92,138,30.0,15.0,0.22
07:42:22,367.91,35.0,371.09,33.0,366.11,54.0,381.27,22.0,3.17999999999995,89.0,55.0,1.3569008806843754,367.91,371.09,144,34.0,6.0,0.24
07:42:23,367.0,24.0,370.75,24.0,365.0,56.0,381.0,16.0,3.75,80.0,40.0,1.5733975975582153,367.0,370.75,120,40.0,-24.0,0.33
07:42:24,366.03,58.0,369.14,42.0,364.56,90.0,377.81,31.0,3.1100000000000136,148.0,73.0,1.7875262235842655,366.03,369.14,221,75.0,101.0,0.34
07:42:25,363.86,70.0,365.42,36.0,359.85,33.0,373.93,29.0,1.5600000000000023,103.0,65.0,2.3848857414980325,363.86,365.42,168,38.0,-53.0,0.23
07:42:26,363.21,85.0,368.27,44.0,356.98,90.0,379.35,34.0,5.060000000000002,175.0,78.0,2.057012396656889,363.21,368.27,253,97.0,85.0,0.38
07:42:27,365.19,77.0,380.0,26.0,364.3,69.0,381.0,13.0,14.810000000000002,146.0,39.0,3.0999677417677227,365.19,380.0,185,107.0,-68.0,0.58
07:42:28,368.0,13.0,379.12,16.0,365.0,117.0,379.95,19.0,11.120000000000005,130.0,35.0,4.038177806882822,368.0,379.12,165,95.0,-20.0,0.58
07:42:29,368.0,11.0,377.27,11.0,365.0,99.0,378.27,11.0,9.269999999999982,110.0,22.0,4.276269402177723,368.0,377.2699999999999,132,88.0,-33.0,0.67
07:42:30,368.0,12.0,375.5,12.0,365.0,108.0,377.17,12.0,7.5,120.0,24.0,3.150415845567391,368.0,375.5,144,96.0,12.0,0.67
07:42:31,368.0,9.0,373.33,9.0,365.0,81.0,374.44,9.0,5.329999999999984,90.0,18.0,1.0882233226698352,368.0,373.33,108,72.0,-36.0,0.67
07:42:32,368.0,14.0,371.29,14.0,366.05,76.0,372.29,14.0,3.2900000000000205,90.0,28.0,1.5523111801447218,368.0,371.29,118,62.0,10.0,0.53
07:42:33,367.18,17.0,370.0,10.0,365.1,229.0,371.0,10.0,2.819999999999993,246.0,20.0,1.6150758496126123,367.18,370.0,266,226.0,148.0,0.85
07:42:34,367.0,18.0,369.9,10.0,365.0,112.0,370.9,10.0,2.8999999999999773,130.0,20.0,1.4026403673078789,367.0,369.9,150,110.0,-116.0,0.73
07:42:35,365.06,93.0,368.85,13.0,363.89,61.0,381.35,62.0,3.7900000000000205,154.0,75.0,1.3906365448963058,365.06,368.85,229,79.0,79.0,0.34
07:42:36,365.0,90.0,367.92,12.0,363.0,12.0,379.97,71.0,2.920000000000016,102.0,83.0,1.2933870263771443,365.0,367.92,185,19.0,-44.0,0.1
07:42:37,365.0,24.0,369.33,15.0,363.0,13.0,374.74,23.0,4.329999999999984,37.0,38.0,0.9446322035588771,365.0,369.33,75,-1.0,-110.0,-0.01
07:42:38,365.89,27.0,378.0,14.0,364.14,7.0,381.0,7.0,12.110000000000014,34.0,21.0,2.217888635617385,365.88999999999993,378.0,55,13.0,-20.0,0.24
07:42:39,365.97,37.0,378.0,14.0,364.71,7.0,381.0,7.0,12.029999999999973,44.0,21.0,2.8062305678616273,365.97,378.0,65,23.0,10.0,0.35
07:42:40,365.0,5.0,378.0,10.0,363.0,49.0,381.0,5.0,13.0,54.0,15.0,2.7539734929735995,365.0,378.0,69,39.0,4.0,0.57
07:42:41,367.79,121.0,378.0,74.0,363.38,82.0,381.0,16.0,10.20999999999998,203.0,90.0,2.255138576673611,367.79,378.0,293,113.0,189.5,0.39
