Time,Bid1_Price,Bid1_Volume,Ask1_Price,Ask1_Volume,Bid2_Price,Bid2_Volume,Ask2_Price,Ask2_Volume,Bid_Ask_Spread,Market_Depth_Bid,Market_Depth_Ask,Historical_Volatility,Weighted_Avg_Bid_Price,Weighted_Avg_Ask_Price,Total_volume,Cumulative_Volume_Difference,Total_Volume_Change_Corrected,Order_imbalance
07:30:08,96.41,17.0,114.0,24.0,94.75,16.0,116.0,40.0,17.590000000000003,33.0,64.0,20.970303526654064,96.41,114.0,97,-31.0,37.0,-0.32
07:30:09,110.06,33.0,114.0,42.0,108.96,28.0,116.0,70.0,3.9399999999999977,61.0,112.0,21.62857369314953,110.06,114.0,173,-51.0,76.0,-0.29
07:30:10,113.36,22.0,115.07,57.0,110.66,38.0,116.81,54.0,1.7099999999999937,60.0,111.0,14.008179039404087,113.36,115.07,171,-51.0,-2.0,-0.3
07:30:11,109.63,19.0,116.08,24.0,106.2,30.0,148.57,28.0,6.450000000000003,49.0,52.0,9.70099737140466,109.63,116.08,101,-3.0,-70.0,-0.03
07:30:12,109.0,12.0,113.0,4.0,106.0,16.0,117.0,16.0,4.0,28.0,20.0,3.478236622198124,109.0,113.0,48,8.0,-53.0,0.17
07:30:13,110.42,73.0,112.12,34.0,106.5,48.0,115.46,26.0,1.7000000000000028,121.0,60.0,1.3058445543020127,110.42,112.12,181,61.0,133.0,0.34
07:30:14,111.0,104.0,112.0,24.0,109.0,16.0,113.0,8.0,1.0,120.0,32.0,1.3515176654414174,111.0,112.0,152,88.0,-29.0,0.58
07:30:15,110.93,121.0,114.31,39.0,107.77,26.0,129.22,18.0,3.3799999999999955,147.0,57.0,0.8358229477588006,110.93,114.31,204,90.0,52.0,0.44
07:30:16,110.56,50.0,114.0,24.0,108.73,59.0,121.0,27.0,3.4399999999999977,109.0,51.0,0.6877354142402514,110.56,114.0,160,58.0,-44.0,0.36
07:30:17,111.73,66.0,114.0,20.0,109.0,165.0,152.89,27.0,2.269999999999996,231.0,47.0,0.6944638219520267,111.73,114.0,278,184.0,118.0,0.66
07:30:18,113.17,58.0,164.67,15.0,109.22,137.0,203.33,30.0,51.499999999999986,195.0,45.0,11.909201484566465,113.16999999999999,164.67,240,150.0,-38.0,0.62
07:30:19,120.0,56.0,183.49,35.0,116.46,105.0,188.47,38.0,63.49000000000001,161.0,73.0,18.499304851804578,120.0,183.49,234,88.0,-6.0,0.38
07:30:20,120.0,44.0,157.21,43.0,119.0,66.0,167.78,27.0,37.21000000000001,110.0,70.0,17.536105610995858,120.0,157.21,180,40.0,-54.0,0.22
07:30:21,122.69,118.0,151.19,59.0,119.52,62.0,157.35,40.0,28.5,180.0,99.0,14.135067032030674,122.69,151.19,279,81.0,99.0,0.29
07:30:22,123.0,96.0,149.66,65.0,122.0,32.0,151.14,76.0,26.659999999999997,128.0,141.0,6.373898336183306,123.0,149.66,269,-13.0,-10.0,-0.05
07:30:23,123.0,35.0,144.0,14.0,122.0,14.0,145.0,28.0,21.0,49.0,42.0,7.127406260344664,123.0,144.0,91,7.0,-170.5,0.08
07:30:24,123.0,40.0,140.79,28.0,122.0,16.0,142.25,24.0,17.789999999999992,56.0,52.0,2.7107692635117915,123.0,140.79,108,4.0,17.0,0.04
07:30:25,123.0,29.0,136.82,34.0,122.0,18.0,138.93,30.0,13.819999999999993,47.0,64.0,2.961997636731039,123.0,136.82,111,-17.0,3.0,-0.15
07:30:26,122.74,23.0,133.35,52.0,121.82,17.0,139.6,30.0,10.61,40.0,82.0,3.2030813289706335,122.74,133.35,122,-42.0,11.0,-0.34
07:30:27,123.0,42.0,132.95,101.0,121.4,15.0,146.1,63.0,9.949999999999989,57.0,164.0,2.418869570687967,123.0,132.95,221,-107.0,99.0,-0.48
07:30:28,122.61,62.0,129.98,90.0,120.62,16.0,131.09,96.0,7.36999999999999,78.0,186.0,2.1375991205088343,122.61,129.98,264,-108.0,43.0,-0.41
07:30:29,119.0,69.0,125.47,53.0,118.0,24.0,126.73,55.0,6.469999999999999,93.0,108.0,2.898340904724647,119.0,125.47,201,-15.0,-63.0,-0.07
07:30:30,118.57,42.0,123.76,66.0,113.41,34.0,124.67,60.0,5.190000000000012,76.0,126.0,3.2431281195783797,118.57,123.76,202,-50.0,1.0,-0.25
07:30:31,118.64,28.0,123.03,67.0,110.0,30.0,124.85,96.0,4.390000000000001,58.0,163.0,3.234235612938539,118.64,123.03,221,-105.0,19.0,-0.48
07:30:32,118.0,40.0,122.2,40.0,105.0,10.0,123.78,45.0,4.200000000000003,50.0,85.0,2.4559560256649244,118.0,122.2,135,-35.0,-86.0,-0.26
07:30:33,118.0,26.0,120.5,32.0,105.0,8.0,122.0,32.0,2.5,34.0,64.0,1.1251311034718603,118.0,120.5,98,-30.0,-37.0,-0.31
07:30:34,104.33,52.0,119.75,32.0,102.07,41.0,123.5,36.0,15.420000000000002,93.0,68.0,3.783083398499134,104.33,119.75,161,25.0,63.0,0.16
07:30:35,109.31,58.0,119.0,32.0,102.72,92.0,121.0,55.0,9.689999999999998,150.0,87.0,3.9274317307879176,109.31,119.0,237,63.0,76.0,0.27
07:30:36,104.0,96.0,120.08,26.0,57.83,23.0,188.48,25.0,16.08,119.0,51.0,3.9038340128647597,104.0,120.08,170,68.0,-67.0,0.4
07:30:37,106.05,76.0,114.65,31.0,104.4,103.0,127.44,39.0,8.600000000000009,179.0,70.0,3.4518357434848776,106.05,114.65,249,109.0,79.0,0.44
07:30:38,108.03,58.0,114.0,27.0,106.32,100.0,117.0,36.0,5.969999999999999,158.0,63.0,1.4423314459581702,108.03,114.0,221,95.0,-28.0,0.43
07:30:39,109.58,12.0,114.0,36.0,108.0,96.0,117.0,48.0,4.420000000000002,108.0,84.0,1.4415512477882237,109.58,114.0,192,24.0,-29.0,0.12
07:30:40,112.03,123.0,113.62,53.0,110.9,133.0,116.03,65.0,1.5900000000000034,256.0,118.0,0.954112152736663,112.03,113.62,374,138.0,169.5,0.37
07:30:41,113.2,60.0,116.64,28.0,112.0,60.0,154.06,34.0,3.4399999999999977,120.0,62.0,1.7872241045822448,113.2,116.64,182,58.0,-170.5,0.32
07:30:42,115.7,20.0,117.0,40.0,114.7,60.0,185.8,30.0,1.2999999999999972,80.0,70.0,2.2131809686511907,115.7,117.0,150,10.0,-32.0,0.07
07:30:43,115.28,25.0,117.0,34.0,111.77,78.0,234.67,18.0,1.7199999999999989,103.0,52.0,2.0234450820320853,115.28,117.0,155,51.0,5.0,0.33
07:30:44,115.39,79.0,117.0,14.0,103.8,110.0,403.5,40.0,1.6099999999999994,189.0,54.0,1.4885126804968312,115.39,117.0,243,135.0,88.0,0.56
07:30:45,116.0,45.0,135.35,17.0,108.0,72.0,348.0,19.0,19.349999999999994,117.0,36.0,4.409934239872503,116.0,135.35,153,81.0,-90.0,0.53
07:30:46,116.88,50.0,211.67,27.0,110.18,66.0,491.0,18.0,94.78999999999999,116.0,45.0,20.833551545523868,116.88,211.66999999999996,161,71.0,8.0,0.44
07:30:47,121.83,24.0,222.8,15.0,115.0,30.0,285.17,12.0,100.97000000000001,54.0,27.0,27.242461709617935,121.83,222.8,81,27.0,-80.0,0.33
07:30:50,123.8,50.0,276.68,28.0,122.71,35.0,340.35,26.0,152.88,85.0,54.0,15.15624722680375,123.8,276.68,139,31.0,16.0,0.22
07:30:51,123.0,54.0,333.11,9.0,121.0,9.0,368.2,15.0,210.11,63.0,24.0,27.19766313490912,123.0,333.11,87,39.0,-52.0,0.45
07:30:52,123.0,60.0,176.0,12.0,121.0,10.0,417.7,20.0,53.0,70.0,32.0,31.72181110844706,123.0,176.0,102,38.0,15.0,0.37
07:30:53,123.0,51.0,248.2,15.0,121.0,9.0,397.82,22.0,125.19999999999999,60.0,37.0,30.115773275810046,123.0,248.2,97,23.0,-5.0,0.24
07:30:54,123.0,25.0,328.25,16.0,122.0,20.0,401.31,13.0,205.25,45.0,29.0,32.31603131574162,123.0,328.25,74,16.0,-23.0,0.22
07:30:55,123.0,14.0,336.12,24.0,122.0,32.0,478.0,16.0,213.12,46.0,40.0,35.383189794024965,123.0,336.12,86,6.0,12.0,0.07
07:30:56,123.0,7.0,291.04,24.0,122.0,28.0,311.33,21.0,168.04000000000002,35.0,45.0,32.92267607592057,123.0,291.04,80,-10.0,-6.0,-0.12
07:30:57,123.0,4.0,275.2,15.0,122.0,16.0,304.77,13.0,152.2,20.0,28.0,18.355560465428216,123.0,275.2,48,-8.0,-32.0,-0.17
07:30:58,123.0,9.0,291.33,36.0,122.0,36.0,343.94,31.0,168.32999999999998,45.0,67.0,13.172406006496711,123.0,291.33,112,-22.0,64.0,-0.2
07:30:59,123.51,94.0,286.16,38.0,122.6,80.0,290.45,44.0,162.65000000000003,174.0,82.0,11.661317678546927,123.51,286.16,256,92.0,144.0,0.36
07:31:03,123.51,59.0,125.9,29.0,122.93,123.0,186.71,14.0,2.3900000000000006,182.0,43.0,34.492155919860906,123.51,125.9,225,139.0,-170.5,0.62
07:31:04,123.0,158.0,131.44,27.0,122.0,36.0,181.88,17.0,8.439999999999998,194.0,44.0,40.63468813710767,123.0,131.44,238,150.0,13.0,0.63
07:31:05,123.0,126.0,128.27,30.0,122.0,36.0,466.11,9.0,5.27000000000001,162.0,39.0,38.93017621331815,123.0,128.27,201,123.0,-37.0,0.61
07:31:06,123.0,112.0,172.92,37.0,122.0,52.0,381.0,13.0,49.91999999999999,164.0,50.0,28.8841586341026,123.0,172.92,214,114.0,13.0,0.53
07:31:07,123.0,30.0,373.5,6.0,122.0,24.0,462.5,6.0,250.5,54.0,12.0,53.14421859431185,123.0,373.5,66,42.0,-148.0,0.64
07:31:08,123.0,34.0,276.5,8.0,121.91,46.0,484.75,8.0,153.5,80.0,16.0,53.13291983318814,123.0,276.5,96,64.0,30.0,0.67
07:31:09,123.0,28.0,147.29,7.0,122.0,42.0,182.0,7.0,24.289999999999992,70.0,14.0,51.64480738660952,123.0,147.29,84,56.0,-12.0,0.67
07:31:10,123.0,40.0,290.64,11.0,122.0,66.0,372.0,11.0,167.64,106.0,22.0,46.148763038677345,123.0,290.64,128,84.0,44.0,0.66
07:31:11,123.0,15.0,292.16,19.0,122.0,66.0,483.73,15.0,169.16000000000003,81.0,34.0,40.736050004878834,123.0,292.16,115,47.0,-13.0,0.41
07:31:12,123.0,28.0,306.0,8.0,122.0,48.0,436.62,16.0,183.0,76.0,24.0,32.630001838798464,123.0,306.0,100,52.0,-15.0,0.52
07:31:13,123.21,56.0,340.36,11.0,122.08,65.0,562.0,31.0,217.15000000000003,121.0,42.0,37.17581444971971,123.21,340.36,163,79.0,63.0,0.48
07:31:17,123.64,44.0,236.6,40.0,122.49,71.0,238.31,13.0,112.96,115.0,53.0,25.120246216945933,123.64,236.6,168,62.0,90.0,0.37
07:31:21,123.0,72.0,141.35,43.0,122.0,108.0,142.28,39.0,18.349999999999994,180.0,82.0,20.425751638556697,123.0,141.35,262,98.0,15.0,0.37
07:31:22,121.59,51.0,137.0,12.0,119.89,54.0,138.0,24.0,15.409999999999997,105.0,36.0,23.88331949290143,121.59,137.0,141,69.0,-121.0,0.49
07:31:23,121.0,10.0,134.33,21.0,119.0,50.0,135.12,16.0,13.330000000000013,60.0,37.0,22.340465080208364,121.0,134.33,97,23.0,-44.0,0.24
07:31:24,119.33,24.0,129.39,41.0,118.17,120.0,130.76,25.0,10.059999999999988,144.0,66.0,14.659936220871266,119.33,129.39,210,78.0,113.0,0.37
07:31:25,119.0,26.0,126.39,33.0,118.0,130.0,127.6,43.0,7.390000000000001,156.0,76.0,3.794676534306501,119.0,126.39,232,80.0,22.0,0.34
07:31:26,118.88,25.0,122.19,42.0,117.99,97.0,124.1,29.0,3.3100000000000023,122.0,71.0,3.573705359989451,118.88,122.18999999999998,193,51.0,-39.0,0.26
07:31:27,118.0,57.0,119.38,26.0,117.0,13.0,127.0,39.0,1.3799999999999955,70.0,65.0,3.469865991651297,118.0,119.38000000000001,135,5.0,-58.0,0.04
07:31:28,120.98,52.0,123.97,39.0,117.79,34.0,157.33,45.0,2.989999999999995,86.0,84.0,2.1837536491139944,120.98,123.97,170,2.0,35.0,0.01
07:31:29,123.57,21.0,195.79,67.0,118.44,52.0,391.03,29.0,72.22,73.0,96.0,17.32891283375895,123.57,195.79,169,-23.0,-1.0,-0.14
07:31:38,122.43,14.0,212.71,14.0,120.08,37.0,268.69,13.0,90.28,51.0,27.0,8.55395113383303,122.42999999999999,212.71,78,24.0,-103.0,0.31
07:31:39,121.0,27.0,133.0,18.0,119.0,81.0,276.0,9.0,12.0,108.0,27.0,15.067932837652489,121.0,133.0,135,81.0,57.0,0.6
07:31:40,121.33,18.0,260.2,20.0,119.67,54.0,644.74,19.0,138.87,72.0,39.0,24.197925530921093,121.33,260.2,111,33.0,-24.0,0.3
07:31:41,119.09,65.0,397.33,24.0,118.44,41.0,497.44,18.0,278.24,106.0,42.0,51.214310500093546,119.09,397.33,148,64.0,37.0,0.43
07:31:42,119.0,108.0,287.63,51.0,118.0,60.0,305.64,44.0,168.63,168.0,95.0,48.219513892199146,119.0,287.63,263,73.0,115.0,0.28
07:31:43,119.0,72.0,165.0,40.0,118.0,40.0,181.6,20.0,46.0,112.0,60.0,52.29364273025918,119.0,165.0,172,52.0,-91.0,0.3
07:31:44,118.43,61.0,163.77,65.0,117.52,58.0,189.08,61.0,45.34,119.0,126.0,48.69002125692684,118.43,163.77,245,-7.0,73.0,-0.03
07:31:45,119.0,20.0,162.2,50.0,118.0,56.0,163.2,50.0,43.19999999999999,76.0,100.0,52.74002398558415,119.0,162.2,176,-24.0,-69.0,-0.14
07:31:46,122.8,158.0,161.85,65.0,118.67,36.0,163.0,65.0,39.05,194.0,130.0,27.648592730914924,122.79999999999998,161.85,324,64.0,148.0,0.2
07:31:47,123.0,96.0,159.33,30.0,121.64,14.0,160.67,30.0,36.33000000000001,110.0,60.0,0.7039318148842794,123.0,159.33,170,50.0,-154.0,0.29
07:31:48,123.0,196.0,156.07,46.0,122.0,90.0,156.9,50.0,33.06999999999999,286.0,96.0,1.0107571419517467,123.0,156.07,382,190.0,169.5,0.5
07:31:49,123.11,236.0,152.06,35.0,122.53,190.0,154.51,41.0,28.950000000000003,426.0,76.0,1.7958702625765368,123.11,152.06,502,350.0,120.0,0.7
07:31:56,123.0,150.0,125.23,26.0,122.0,72.0,126.21,28.0,2.230000000000004,222.0,54.0,2.7939899785094973,123.0,125.23,276,168.0,-170.5,0.61
07:31:57,123.0,154.0,124.08,36.0,122.0,108.0,235.16,38.0,1.0799999999999983,262.0,74.0,2.4969181003813743,123.0,124.08,336,188.0,60.0,0.56
07:31:58,123.0,65.0,156.3,27.0,122.0,72.0,263.56,18.0,33.30000000000001,137.0,45.0,6.616919222720747,123.0,156.3,182,92.0,-154.0,0.51
07:31:59,123.0,49.0,240.86,28.0,122.0,63.0,279.6,10.0,117.86000000000001,112.0,38.0,24.88747214965809,123.0,240.85999999999999,150,74.0,-32.0,0.49
07:32:01,123.0,41.0,253.3,20.0,122.0,72.0,565.71,14.0,130.3,113.0,34.0,86.5725942201109,123.0,253.3,147,79.0,23.0,0.54
07:32:02,123.0,44.0,221.0,33.0,122.0,99.0,471.8,41.0,98.0,143.0,74.0,78.94298531218575,123.0,221.0,217,69.0,70.0,0.32
07:32:03,123.0,56.0,223.66,32.0,122.0,126.0,452.81,54.0,100.66,182.0,86.0,73.23147444917363,123.0,223.66,268,96.0,51.0,0.36
07:32:06,122.31,49.0,226.0,28.0,121.69,87.0,247.36,44.0,103.69,136.0,72.0,3.9284818950821956,122.31000000000002,226.0,208,64.0,113.0,0.31
07:32:07,122.0,71.0,170.5,22.0,121.0,60.0,207.32,19.0,48.5,131.0,41.0,14.113290544730921,122.0,170.5,172,90.0,-36.0,0.52
07:32:08,122.59,73.0,145.43,37.0,121.32,62.0,154.86,28.0,22.840000000000003,135.0,65.0,21.426389569873766,122.58999999999999,145.43,200,70.0,28.0,0.35
07:32:09,123.25,48.0,130.75,36.0,122.08,78.0,140.2,45.0,7.5,126.0,81.0,23.74830246565006,123.25,130.75,207,45.0,7.0,0.22
07:32:26,123.82,44.0,127.0,14.0,122.73,91.0,190.18,44.0,3.180000000000007,135.0,58.0,2.197491751978192,123.82,127.0,193,77.0,31.0,0.4
07:32:27,123.0,66.0,126.33,12.0,122.0,60.0,211.98,46.0,3.3299999999999983,126.0,58.0,1.6992880862327933,123.0,126.33,184,68.0,-9.0,0.37
07:32:28,123.0,47.0,126.0,15.0,122.0,75.0,336.04,23.0,3.0,122.0,38.0,0.9040851729860075,123.0,126.0,160,84.0,-24.0,0.53
07:32:29,122.09,35.0,124.09,33.0,121.09,53.0,187.67,9.0,2.0,88.0,42.0,1.042463428621583,122.09000000000002,124.09,130,46.0,-30.0,0.35
07:32:30,122.0,44.0,123.81,32.0,121.0,72.0,140.72,36.0,1.8100000000000023,116.0,68.0,1.0765593341816968,122.0,123.81,184,48.0,54.0,0.26
07:32:31,121.67,36.0,123.9,10.0,120.89,54.0,148.23,35.0,2.230000000000004,90.0,45.0,0.9169242062537035,121.67,123.9,135,45.0,-49.0,0.33
07:32:32,121.0,63.0,124.45,11.0,120.0,33.0,242.33,27.0,3.450000000000003,96.0,38.0,0.738830156405492,121.0,124.45,134,58.0,-1.0,0.43
07:32:33,123.0,6.0,214.77,26.0,121.0,30.0,354.85,26.0,91.77000000000001,36.0,52.0,20.573414155166617,123.0,214.77,88,-16.0,-46.0,-0.18
07:32:34,121.13,30.0,220.21,33.0,120.32,31.0,325.56,45.0,99.08000000000001,61.0,78.0,25.733482663642828,121.12999999999998,220.21,139,-17.0,51.0,-0.12
07:32:35,121.0,12.0,229.43,23.0,120.0,18.0,316.5,30.0,108.43,30.0,53.0,26.847706233494165,121.0,229.43,83,-23.0,-56.0,-0.28
07:32:36,119.73,33.0,234.0,33.0,118.72,75.0,240.77,43.0,114.27,108.0,76.0,22.673896224513257,119.73,234.0,184,32.0,101.0,0.17
07:32:37,121.0,39.0,233.39,41.0,119.11,74.0,296.03,33.0,112.38999999999999,113.0,74.0,3.772847730825037,121.0,233.39,187,39.0,3.0,0.21
07:32:38,121.0,39.0,211.12,41.0,120.0,52.0,234.53,30.0,90.12,91.0,71.0,4.765933276913547,121.0,211.12,162,20.0,-25.0,0.12
07:32:39,121.0,21.0,215.26,23.0,120.0,28.0,348.29,14.0,94.25999999999999,49.0,37.0,5.217286651123568,121.0,215.26,86,12.0,-76.0,0.14
07:32:40,121.0,39.0,194.06,49.0,120.0,52.0,220.75,40.0,73.06,91.0,89.0,8.213697705661817,121.0,194.06,180,2.0,94.0,0.01
07:32:41,121.8,10.0,181.0,27.0,120.8,20.0,284.67,45.0,59.2,30.0,72.0,9.951644587704948,121.8,181.0,102,-42.0,-78.0,-0.41
07:32:42,121.45,11.0,181.0,21.0,119.91,22.0,303.57,35.0,59.55,33.0,56.0,7.959425230505063,121.45,181.0,89,-23.0,-13.0,-0.26
07:32:43,119.53,51.0,178.9,10.0,118.6,60.0,181.0,30.0,59.370000000000005,111.0,40.0,7.717590297495892,119.53,178.9,151,71.0,62.0,0.47
07:32:44,120.0,66.0,172.22,27.0,119.0,66.0,177.47,15.0,52.22,132.0,42.0,4.181026189825356,120.0,172.22,174,90.0,23.0,0.52
07:32:45,120.0,42.0,159.0,10.0,118.08,39.0,174.8,15.0,39.0,81.0,25.0,4.949207007188917,120.0,159.0,106,56.0,-68.0,0.53
07:32:46,120.0,36.0,173.4,10.0,119.0,18.0,174.86,14.0,53.400000000000006,54.0,24.0,4.441187904154528,120.0,173.4,78,30.0,-28.0,0.38
07:32:47,120.0,36.0,172.5,14.0,119.0,18.0,172.8,10.0,52.5,54.0,24.0,3.609851797513187,120.0,172.5,78,30.0,0.0,0.38
07:32:48,123.1,42.0,169.92,26.0,121.38,26.0,170.57,14.0,46.81999999999999,68.0,40.0,3.090862339220158,123.1,169.92000000000002,108,28.0,30.0,0.26
07:32:51,121.0,5.0,170.0,15.0,120.0,30.0,235.24,21.0,49.0,35.0,36.0,2.9125813293381992,121.0,170.0,71,-1.0,-43.0,-0.01
07:32:52,121.0,13.0,222.14,43.0,120.0,78.0,296.32,63.0,101.13999999999999,91.0,106.0,12.301974231805488,121.0,222.13999999999996,197,-15.0,126.0,-0.08
07:32:53,119.85,20.0,317.39,31.0,118.57,42.0,371.49,41.0,197.54,62.0,72.0,32.55426776937238,119.85,317.39,134,-10.0,-63.0,-0.07
07:32:54,119.0,8.0,294.12,32.0,118.0,48.0,297.17,24.0,175.12,56.0,56.0,33.58280318853668,119.0,294.12,112,0.0,-22.0,0.0
07:32:55,118.33,18.0,225.28,32.0,117.6,60.0,265.91,22.0,106.95,78.0,54.0,29.5202992871005,118.33,225.28,132,24.0,20.0,0.18
07:32:56,117.6,30.0,216.33,30.0,114.35,51.0,218.28,18.0,98.73000000000002,81.0,48.0,23.729642433041082,117.6,216.33,129,33.0,-3.0,0.26
07:32:57,117.0,36.0,214.6,15.0,83.52,33.0,215.29,21.0,97.6,69.0,36.0,24.79064077429191,117.0,214.6,105,33.0,-24.0,0.31
07:33:02,123.38,78.0,145.65,37.0,122.83,48.0,146.62,32.0,22.27000000000001,126.0,69.0,16.70893832653662,123.38,145.65,195,57.0,55.0,0.29
07:33:03,123.0,91.0,141.76,21.0,122.0,13.0,142.62,29.0,18.75999999999999,104.0,50.0,14.586909199690238,123.0,141.76,154,54.0,-41.0,0.35
07:33:04,123.64,103.0,137.74,34.0,122.68,31.0,139.47,19.0,14.100000000000009,134.0,53.0,3.858196469856254,123.64,137.74,187,81.0,33.0,0.43
07:33:08,123.22,55.0,125.91,23.0,122.67,21.0,150.8,25.0,2.6899999999999977,76.0,48.0,2.4683861124254665,123.22000000000001,125.91,124,28.0,-79.0,0.23
07:33:09,123.0,63.0,125.09,33.0,122.0,9.0,136.0,30.0,2.0900000000000034,72.0,63.0,1.8467187116655097,123.0,125.09,135,9.0,11.0,0.07
07:33:10,122.35,37.0,206.1,42.0,118.6,60.0,375.73,44.0,83.75,97.0,86.0,17.483050935120346,122.35,206.09999999999997,183,11.0,48.0,0.06
07:33:11,119.0,54.0,282.75,24.0,118.0,126.0,372.67,36.0,163.75,180.0,60.0,34.19252008846389,119.0,282.75,240,120.0,57.0,0.5
07:33:12,119.0,48.0,180.38,16.0,118.0,77.0,314.25,32.0,61.379999999999995,125.0,48.0,31.91864925086907,119.0,180.38,173,77.0,-67.0,0.45
07:33:13,119.41,51.0,155.0,24.0,118.48,87.0,225.42,48.0,35.59,138.0,72.0,29.5480329294524,119.41,155.0,210,66.0,37.0,0.31
07:33:14,120.0,27.0,155.0,18.0,119.0,54.0,189.0,36.0,35.0,81.0,54.0,26.45214074512689,120.0,155.0,135,27.0,-75.0,0.2
07:33:15,120.0,27.0,174.33,18.0,119.0,54.0,329.6,20.0,54.33000000000001,81.0,38.0,26.532588452693485,120.0,174.33,119,43.0,-16.0,0.36
07:33:17,119.6,30.0,368.11,38.0,118.54,100.0,446.16,37.0,248.51000000000002,130.0,75.0,74.58732988919756,119.6,368.11,205,55.0,57.0,0.27
07:33:18,119.38,32.0,303.25,32.0,118.12,156.0,444.04,27.0,183.87,188.0,59.0,67.76131993991837,119.38,303.25,247,129.0,42.0,0.52
07:33:19,120.71,7.0,321.29,28.0,118.12,104.0,399.08,26.0,200.58000000000004,111.0,54.0,55.19975978208576,120.71,321.29,165,57.0,-82.0,0.35
07:33:20,118.38,127.0,286.27,44.0,117.82,92.0,372.11,38.0,167.89,219.0,82.0,38.98883840280404,118.38,286.27,301,137.0,136.0,0.46
07:33:21,118.16,151.0,345.82,44.0,117.44,73.0,372.35,52.0,227.66,224.0,96.0,16.42681892515938,118.16,345.82,320,128.0,19.0,0.4
07:33:22,121.07,44.0,271.35,48.0,117.97,146.0,350.24,42.0,150.28000000000003,190.0,90.0,14.33785269836382,121.07,271.35,280,100.0,-40.0,0.36
07:33:23,118.0,126.0,279.0,39.0,117.0,36.0,354.84,31.0,161.0,162.0,70.0,15.69874931324084,118.0,279.0,232,92.0,-48.0,0.4
07:33:24,121.86,98.0,130.21,56.0,117.93,172.0,249.29,35.0,8.350000000000009,270.0,91.0,39.08882103619893,121.86000000000001,130.21,361,179.0,129.0,0.5
07:33:26,119.98,49.0,123.71,68.0,118.53,30.0,341.91,55.0,3.7299999999999898,79.0,123.0,39.8762312662569,119.98,123.70999999999998,202,-44.0,42.0,-0.22
07:33:27,120.0,18.0,123.0,24.0,119.0,6.0,414.27,22.0,3.0,24.0,46.0,33.455812648925615,120.0,123.0,70,-22.0,-132.0,-0.31
07:33:28,120.0,27.0,123.0,36.0,119.0,9.0,142.33,36.0,3.0,36.0,72.0,2.4230971916161397,120.0,123.0,108,-36.0,38.0,-0.33
07:33:29,120.0,42.0,122.82,50.0,119.0,14.0,207.38,29.0,2.819999999999993,56.0,79.0,2.0002199879059397,120.0,122.82,135,-23.0,27.0,-0.17
07:33:30,119.31,35.0,121.38,21.0,118.06,68.0,133.83,24.0,2.069999999999993,103.0,45.0,0.5666127425490524,119.31000000000002,121.38,148,58.0,13.0,0.39
07:33:31,118.05,81.0,120.42,12.0,117.56,72.0,293.29,28.0,2.3700000000000045,153.0,40.0,1.0024320425940065,118.05,120.42,193,113.0,45.0,0.59
07:33:32,117.1,73.0,228.0,15.0,53.69,58.0,346.46,13.0,110.9,131.0,28.0,23.24099653629368,117.1,228.0,159,103.0,-34.0,0.65
07:33:33,117.0,66.0,282.12,8.0,47.0,72.0,334.06,16.0,165.12,138.0,24.0,37.25210598073628,117.0,282.12,162,114.0,3.0,0.7
07:33:35,123.13,75.0,303.41,17.0,119.57,105.0,411.06,64.0,180.28000000000003,180.0,81.0,66.17927183038496,123.13,303.41,261,99.0,-5.0,0.38
07:33:36,123.0,77.0,246.05,38.0,117.0,113.0,324.09,22.0,123.05000000000001,190.0,60.0,50.6259293248033,123.0,246.04999999999998,250,130.0,-11.0,0.52
07:33:37,123.0,21.0,204.32,25.0,117.0,14.0,258.55,11.0,81.32,35.0,36.0,52.56679113280533,123.0,204.32,71,-1.0,-170.5,-0.01
07:33:38,123.0,39.0,137.86,42.0,117.0,47.0,142.69,59.0,14.860000000000014,86.0,101.0,64.48657472683743,123.0,137.86,187,-15.0,116.0,-0.08
07:33:39,123.0,21.0,128.5,24.0,121.0,14.0,148.5,16.0,5.5,35.0,40.0,36.871475695990306,123.0,128.5,75,-5.0,-112.0,-0.07
07:33:40,123.0,33.0,127.36,33.0,121.0,22.0,185.0,11.0,4.359999999999999,55.0,44.0,26.84378792197576,123.0,127.36,99,11.0,24.0,0.11
07:33:41,123.0,12.0,126.71,21.0,121.0,16.0,152.0,14.0,3.7099999999999937,28.0,35.0,16.747030483044377,123.0,126.71,63,-7.0,-36.0,-0.11
07:33:42,123.57,21.0,125.09,22.0,121.2,20.0,127.0,33.0,1.5200000000000102,41.0,55.0,2.469200275397189,123.57,125.09,96,-14.0,33.0,-0.15
07:33:43,123.0,159.0,176.46,39.0,121.69,39.0,241.79,29.0,53.46000000000001,198.0,68.0,11.058162143865477,123.0,176.46,266,130.0,169.5,0.49
07:33:44,122.68,47.0,274.82,33.0,121.55,22.0,464.43,21.0,152.14,69.0,54.0,32.15669370442197,122.68,274.82,123,15.0,-143.0,0.12
07:33:45,122.0,16.0,387.6,47.0,121.0,20.0,394.38,39.0,265.6,36.0,86.0,56.01478313802525,122.0,387.6,122,-50.0,-1.0,-0.41
07:33:46,117.24,68.0,322.36,75.0,87.85,111.0,424.89,75.0,205.12,179.0,150.0,52.670016802731205,117.24,322.36,329,29.0,169.5,0.09
07:33:47,117.6,25.0,371.13,23.0,107.9,30.0,468.41,32.0,253.53,55.0,55.0,41.78071265548223,117.6,371.13,110,0.0,-170.5,0.0
07:33:48,123.0,9.0,290.28,32.0,121.14,51.0,357.12,33.0,167.27999999999997,60.0,65.0,24.064221782554416,123.0,290.28,125,-5.0,15.0,-0.04
07:33:50,123.89,38.0,276.6,50.0,122.52,75.0,322.28,58.0,152.71000000000004,113.0,108.0,16.958188287667138,123.88999999999999,276.6,221,5.0,100.0,0.02
07:33:51,123.0,63.0,288.79,38.0,120.0,36.0,324.54,41.0,165.79000000000002,99.0,79.0,17.54358771745314,123.0,288.79,178,20.0,-43.0,0.11
07:33:52,123.0,56.0,244.0,32.0,120.0,32.0,245.42,33.0,121.0,88.0,65.0,11.635876847061413,123.0,244.0,153,23.0,-25.0,0.15
07:33:53,123.0,91.0,240.15,52.0,120.0,52.0,241.62,52.0,117.15,143.0,104.0,14.323430804104971,123.0,240.15000000000003,247,39.0,94.0,0.16
07:33:54,123.0,84.0,226.76,50.0,120.0,48.0,232.76,49.0,103.75999999999999,132.0,99.0,13.1934965039594,123.0,226.76,231,33.0,-16.0,0.14
07:33:55,123.0,46.0,179.32,31.0,120.0,28.0,196.87,30.0,56.31999999999999,74.0,61.0,19.629126827243123,123.0,179.32,135,13.0,-96.0,0.1
07:33:56,123.0,90.0,167.71,56.0,120.0,56.0,210.0,56.0,44.71000000000001,146.0,112.0,17.78818371841274,123.0,167.71,258,34.0,123.0,0.13
07:33:57,123.0,54.0,166.22,36.0,120.0,36.0,190.56,36.0,43.22,90.0,72.0,17.430407912610917,123.0,166.22,162,18.0,-96.0,0.11
07:33:58,123.0,40.0,164.0,24.0,120.0,24.0,165.0,24.0,41.0,64.0,48.0,13.182409491440266,123.0,164.0,112,16.0,-50.0,0.14
07:33:59,123.24,42.0,162.89,36.0,122.14,56.0,164.56,36.0,39.64999999999999,98.0,72.0,3.270843927798879,123.24,162.89,170,26.0,58.0,0.15
07:34:00,124.0,22.0,160.55,44.0,123.0,88.0,162.18,44.0,36.55000000000001,110.0,88.0,1.230873673461249,124.0,160.55,198,22.0,28.0,0.11
07:34:01,123.0,136.0,139.31,52.0,120.45,58.0,141.97,76.0,16.310000000000002,194.0,128.0,5.525565129470648,123.0,139.31,322,66.0,124.0,0.2
07:34:02,123.0,106.0,127.76,51.0,122.0,64.0,129.63,60.0,4.760000000000005,170.0,111.0,8.306134480010824,123.0,127.76,281,59.0,-41.0,0.21
07:34:03,123.0,33.0,124.52,27.0,122.0,40.0,126.71,41.0,1.519999999999996,73.0,68.0,9.13679539007127,123.0,124.52,141,5.0,-140.0,0.04
07:34:04,121.28,61.0,125.95,39.0,120.55,31.0,200.51,45.0,4.670000000000002,92.0,84.0,7.906575111894569,121.28,125.95,176,8.0,35.0,0.05
07:34:05,123.33,6.0,127.0,16.0,118.5,8.0,421.0,14.0,3.6700000000000017,14.0,30.0,3.0883863100385067,123.33,127.0,44,-16.0,-132.0,-0.36
07:34:07,118.93,59.0,127.0,48.0,113.29,14.0,300.63,27.0,8.069999999999993,73.0,75.0,1.2433302055505862,118.93,127.0,148,-2.0,85.0,-0.01
07:34:08,117.0,66.0,126.0,24.0,91.5,8.0,188.29,21.0,9.0,74.0,45.0,1.7832133916149313,117.0,126.0,119,29.0,-29.0,0.24
07:34:09,117.0,121.0,123.27,44.0,93.18,22.0,142.65,34.0,6.269999999999996,143.0,78.0,2.4503938459022003,117.0,123.27,221,65.0,102.0,0.29
07:34:10,117.16,131.0,120.65,68.0,112.82,67.0,122.06,68.0,3.490000000000009,198.0,136.0,2.74829401630109,117.16,120.65,334,62.0,113.0,0.19
07:34:11,117.16,148.0,128.85,59.0,107.96,56.0,171.05,42.0,11.689999999999998,204.0,101.0,1.7905641569172728,117.16,128.85,305,103.0,-29.0,0.34
07:34:12,117.0,238.0,216.07,29.0,93.5,24.0,290.06,34.0,99.07,262.0,63.0,20.470219344209035,117.0,216.07,325,199.0,20.0,0.61
07:34:13,117.0,42.0,133.33,3.0,102.0,3.0,135.0,15.0,16.330000000000013,45.0,18.0,20.151934646579942,117.0,133.33,63,27.0,-170.5,0.43
07:34:14,117.0,168.0,131.92,12.0,102.0,12.0,197.52,48.0,14.919999999999987,180.0,60.0,19.67027376525371,117.0,131.92,240,120.0,169.5,0.5
07:34:15,117.0,168.0,131.0,12.0,102.0,12.0,311.58,24.0,14.0,180.0,36.0,18.965918643715302,117.0,131.0,216,144.0,-24.0,0.67
07:34:16,117.46,100.0,130.36,11.0,114.94,48.0,295.47,19.0,12.90000000000002,148.0,30.0,18.854419375839385,117.46,130.36,178,118.0,-38.0,0.66
07:34:17,121.47,15.0,128.73,11.0,119.52,54.0,348.71,17.0,7.259999999999991,69.0,28.0,0.5925959838152154,121.47,128.73,97,41.0,-81.0,0.42
07:34:18,123.5,16.0,127.1,10.0,121.43,14.0,278.6,20.0,3.5999999999999943,30.0,30.0,0.6295077442207542,123.5,127.1,60,0.0,-37.0,0.0
07:34:19,122.96,52.0,126.92,12.0,121.71,14.0,168.25,24.0,3.960000000000008,66.0,36.0,0.6479197481431079,122.96000000000001,126.92,102,30.0,42.0,0.29
07:34:20,123.0,45.0,125.78,9.0,122.0,9.0,169.15,13.0,2.780000000000001,54.0,22.0,0.5687442307696572,123.0,125.78,76,32.0,-26.0,0.42
07:34:21,123.0,45.0,125.0,9.0,122.0,9.0,182.86,21.0,2.0,54.0,30.0,0.5369171258525414,123.0,125.0,84,24.0,8.0,0.29
07:34:22,123.0,36.0,326.18,17.0,122.0,9.0,431.6,20.0,203.18,45.0,37.0,44.69395965899663,123.0,326.18,82,8.0,-2.0,0.1
07:34:23,122.62,26.0,259.71,28.0,119.2,107.0,373.36,25.0,137.08999999999997,133.0,53.0,47.20233076872378,122.61999999999999,259.71,186,80.0,104.0,0.43
07:34:24,121.0,8.0,133.12,16.0,119.0,96.0,136.88,16.0,12.120000000000005,104.0,32.0,46.841331642044594,121.0,133.12,136,72.0,-50.0,0.53
07:34:25,121.0,9.0,132.0,18.0,119.0,114.0,134.0,18.0,11.0,123.0,36.0,46.46815059801721,121.0,132.0,159,87.0,23.0,0.55
07:34:26,121.0,10.0,132.0,20.0,119.0,140.0,310.38,24.0,11.0,150.0,44.0,46.01316681125096,121.0,132.0,194,106.0,35.0,0.55
07:34:27,122.93,27.0,130.72,36.0,119.96,27.0,401.87,38.0,7.789999999999992,54.0,74.0,28.819408737863146,122.93,130.72,128,-20.0,-66.0,-0.16
07:34:28,122.22,36.0,128.7,40.0,121.6,20.0,130.08,26.0,6.47999999999999,56.0,66.0,0.6108354934294495,122.22,128.7,122,-10.0,-6.0,-0.08
07:34:29,122.0,40.0,126.4,20.0,121.0,10.0,128.0,40.0,4.400000000000006,50.0,60.0,1.0781836578401862,122.0,126.4,110,-10.0,-12.0,-0.09
07:34:30,121.96,54.0,123.18,45.0,119.63,41.0,124.31,58.0,1.220000000000013,95.0,103.0,1.7505998971878942,121.95999999999998,123.18,198,-8.0,88.0,-0.04
07:34:31,119.04,113.0,121.32,37.0,118.76,37.0,135.54,37.0,2.279999999999987,150.0,74.0,2.5808293240807765,119.04,121.32000000000001,224,76.0,26.0,0.34
07:34:32,119.0,52.0,163.94,17.0,118.0,7.0,260.89,18.0,44.94,59.0,35.0,8.448060724215527,119.0,163.94,94,24.0,-130.0,0.26
07:34:33,119.04,50.0,198.13,23.0,118.43,14.0,401.31,26.0,79.08999999999999,64.0,49.0,16.403949829234055,119.04,198.13,113,15.0,19.0,0.13
07:34:34,121.67,24.0,322.56,27.0,119.17,46.0,600.92,26.0,200.89,70.0,53.0,41.66388460045478,121.67,322.56,123,17.0,10.0,0.14
07:34:36,123.24,33.0,225.0,27.0,120.6,50.0,289.67,27.0,101.76,83.0,54.0,67.28648727642107,123.24,225.0,137,29.0,-13.0,0.21
07:34:37,122.53,51.0,260.2,30.0,118.98,55.0,410.5,30.0,137.67,106.0,60.0,59.50082209516072,122.53,260.2,166,46.0,29.0,0.28
07:34:40,119.29,35.0,292.46,13.0,118.81,31.0,301.65,31.0,173.16999999999996,66.0,44.0,69.15806930503442,119.29000000000002,292.46,110,22.0,-46.0,0.2
07:34:41,120.82,33.0,216.0,14.0,119.61,28.0,293.12,17.0,95.18,61.0,31.0,70.53442896912078,120.82,216.0,92,30.0,-18.0,0.33
07:34:42,123.0,12.0,245.0,18.0,120.0,24.0,291.0,6.0,122.0,36.0,24.0,71.81723073190686,123.0,245.0,60,12.0,-32.0,0.2
07:34:43,123.0,20.0,213.15,20.0,120.0,40.0,244.5,20.0,90.15,60.0,40.0,69.22186525946817,123.0,213.15,100,20.0,40.0,0.2
07:34:44,104.32,19.0,231.83,23.0,76.27,22.0,350.94,31.0,127.51000000000002,41.0,54.0,16.568098261417614,104.32,231.83,95,-13.0,-5.0,-0.14
07:34:46,106.27,33.0,206.88,32.0,84.11,27.0,206.33,30.0,100.61,60.0,62.0,11.762779008380583,106.27,206.88,122,-2.0,37.0,-0.02
07:34:47,112.24,34.0,128.82,11.0,101.05,19.0,161.45,33.0,16.58,53.0,44.0,19.506435348366665,112.24,128.82,97,9.0,-25.0,0.09
07:34:48,120.75,64.0,124.79,48.0,101.0,26.0,159.61,28.0,4.040000000000006,90.0,76.0,21.494085698163943,120.75,124.79,166,14.0,69.0,0.08
07:34:49,119.0,22.0,121.51,37.0,82.15,26.0,122.48,27.0,2.510000000000005,48.0,64.0,18.852777779415515,119.0,121.50999999999999,112,-16.0,-54.0,-0.14
07:34:50,90.08,26.0,120.85,55.0,79.92,25.0,137.57,53.0,30.769999999999996,51.0,108.0,18.877468050563127,90.08,120.85,159,-57.0,47.0,-0.36
07:34:51,100.94,31.0,120.28,54.0,75.0,26.0,371.5,36.0,19.340000000000003,57.0,90.0,7.490134845250772,100.94,120.28,147,-33.0,-12.0,-0.22
07:34:52,111.0,6.0,120.0,23.0,90.65,17.0,218.0,18.0,9.0,23.0,41.0,7.041893921385119,111.0,120.0,64,-18.0,-83.0,-0.28
07:34:53,111.0,6.0,120.0,14.0,103.0,18.0,134.0,18.0,9.0,24.0,32.0,5.624177273170004,111.0,120.0,56,-8.0,-8.0,-0.14
07:34:54,111.0,7.0,117.67,9.0,103.0,21.0,198.32,19.0,6.670000000000002,28.0,28.0,4.3041921425562535,111.0,117.67,56,0.0,0.0,0.0
07:34:55,106.64,11.0,131.57,21.0,101.12,17.0,362.0,21.0,24.929999999999993,28.0,42.0,3.0426419441072223,106.64,131.57,70,-14.0,14.0,-0.2
07:34:56,91.27,26.0,114.0,27.0,66.88,32.0,132.5,36.0,22.730000000000004,58.0,63.0,6.288224709728653,91.27,114.0,121,-5.0,51.0,-0.04
07:34:57,94.0,7.0,176.4,15.0,48.12,25.0,231.0,15.0,82.4,32.0,30.0,11.735696400301025,94.0,176.4,62,2.0,-59.0,0.03
07:34:58,100.8,25.0,115.0,20.0,99.75,20.0,171.6,42.0,14.200000000000003,45.0,62.0,12.502646519838898,100.8,115.0,107,-17.0,45.0,-0.16
07:34:59,101.74,43.0,196.16,64.0,99.63,19.0,248.32,53.0,94.42,62.0,117.0,19.236045071688558,101.74,196.16,179,-55.0,72.0,-0.31
07:35:00,110.8,35.0,214.08,64.0,66.32,41.0,253.11,65.0,103.28000000000002,76.0,129.0,25.81610020897862,110.8,214.08,205,-53.0,26.0,-0.26
07:35:01,122.92,36.0,205.0,36.0,120.4,48.0,211.91,44.0,82.08,84.0,80.0,23.146852917837784,122.92,205.0,164,4.0,-41.0,0.02
07:35:02,122.0,21.0,205.0,21.0,120.0,7.0,219.0,35.0,83.0,28.0,56.0,23.996276794536495,122.0,205.0,84,-28.0,-80.0,-0.33
07:35:03,123.56,108.0,221.34,56.0,121.38,26.0,243.19,48.0,97.78,134.0,104.0,8.447665357955406,123.56,221.34,238,30.0,154.0,0.13
07:35:04,123.68,68.0,222.31,39.0,121.71,21.0,303.36,33.0,98.63,89.0,72.0,5.192414659866417,123.67999999999999,222.31,161,17.0,-77.0,0.11
07:35:05,121.33,42.0,167.05,74.0,120.55,44.0,197.13,54.0,45.72000000000001,86.0,128.0,11.65350462307365,121.33,167.05,214,-42.0,53.0,-0.2
07:35:06,119.0,44.0,122.55,33.0,117.0,33.0,240.3,37.0,3.549999999999997,77.0,70.0,22.29741913316441,119.0,122.55,147,7.0,-67.0,0.05
07:35:07,119.0,32.0,121.62,24.0,112.0,24.0,177.78,36.0,2.6200000000000045,56.0,60.0,26.11401386229267,119.0,121.62,116,-4.0,-31.0,-0.03
07:35:08,119.0,44.0,120.18,33.0,107.08,26.0,191.22,49.0,1.1800000000000068,70.0,82.0,23.355025155199957,119.0,120.18,152,-12.0,36.0,-0.08
07:35:09,119.0,36.0,201.95,42.0,117.0,18.0,336.16,37.0,82.94999999999999,54.0,79.0,18.512026361261068,119.0,201.95,133,-25.0,-19.0,-0.19
07:35:10,118.73,37.0,200.38,26.0,113.13,31.0,361.07,45.0,81.64999999999999,68.0,71.0,21.80401499724356,118.73,200.38,139,-3.0,6.0,-0.02
07:35:11,118.2,10.0,199.0,20.0,78.39,38.0,396.0,30.0,80.8,48.0,50.0,21.699665204790964,118.2,199.0,98,-2.0,-41.0,-0.02
07:35:12,122.05,19.0,198.27,41.0,121.07,14.0,441.33,42.0,76.22000000000001,33.0,83.0,17.95201437165225,122.05,198.27,116,-50.0,18.0,-0.43
07:35:13,119.67,18.0,198.0,16.0,83.39,23.0,199.0,24.0,78.33,41.0,40.0,0.8147269481258276,119.67,198.0,81,1.0,-35.0,0.01
07:35:14,115.87,31.0,196.63,38.0,79.63,81.0,439.25,81.0,80.75999999999999,112.0,119.0,1.4915260641380514,115.87,196.63,231,-7.0,150.0,-0.03
07:35:15,118.77,13.0,157.22,18.0,89.83,69.0,202.97,32.0,38.45,82.0,50.0,9.257697877982778,118.77,157.22,132,32.0,-99.0,0.24
07:35:16,121.0,8.0,150.58,12.0,87.0,56.0,181.0,12.0,29.580000000000013,64.0,24.0,11.895302854488861,121.0,150.58,88,40.0,-44.0,0.45
07:35:17,113.53,80.0,146.28,25.0,90.82,124.0,148.14,29.0,32.75,204.0,54.0,12.960545127424847,113.53,146.28,258,150.0,169.5,0.58
07:35:18,87.25,64.0,125.07,27.0,53.75,106.0,129.33,24.0,37.81999999999999,170.0,51.0,18.049239596172043,87.25,125.07,221,119.0,-37.0,0.54
07:35:21,117.33,45.0,145.13,30.0,89.55,115.0,262.0,63.0,27.799999999999997,160.0,93.0,22.70753333147495,117.33000000000001,145.13,253,67.0,93.0,0.26
07:35:22,118.0,39.0,205.0,47.0,87.49,37.0,242.88,59.0,87.0,76.0,106.0,32.32736410535261,118.0,205.0,182,-30.0,-71.0,-0.16
07:35:23,121.68,25.0,144.0,8.0,89.78,55.0,155.75,24.0,22.319999999999993,80.0,32.0,32.63129893216076,121.68,144.0,112,48.0,-70.0,0.43
07:35:32,122.56,36.0,125.56,25.0,121.02,92.0,126.03,31.0,3.0,128.0,56.0,3.4061605951611447,122.56,125.56,184,72.0,-109.0,0.39
07:35:33,121.0,80.0,124.09,33.0,120.0,13.0,127.4,48.0,3.0900000000000034,93.0,81.0,3.666151933571564,121.0,124.09,174,12.0,-10.0,0.07
07:35:34,122.5,24.0,125.0,37.0,120.8,15.0,127.82,44.0,2.5,39.0,81.0,3.0704201666924873,122.5,125.0,120,-42.0,-54.0,-0.35
07:35:35,120.8,15.0,289.67,33.0,118.8,15.0,482.53,19.0,168.87,30.0,52.0,36.15613917441984,120.8,289.67,82,-22.0,-38.0,-0.27
07:35:37,118.96,68.0,204.29,28.0,117.89,44.0,259.5,24.0,85.33,112.0,52.0,76.43440148257834,118.96,204.29,164,60.0,70.0,0.37
07:35:38,119.0,58.0,197.04,23.0,118.0,36.0,202.18,22.0,78.03999999999999,94.0,45.0,70.74741458173554,119.0,197.04,139,49.0,-25.0,0.35
07:35:39,119.28,32.0,134.2,25.0,117.7,33.0,139.76,21.0,14.919999999999987,65.0,46.0,70.04572849217834,119.28,134.2,111,19.0,-28.0,0.17
07:35:40,121.55,47.0,130.0,30.0,119.0,25.0,131.0,30.0,8.450000000000003,72.0,60.0,75.02296768323671,121.54999999999998,130.0,132,12.0,21.0,0.09
07:35:41,122.0,60.0,128.7,20.0,118.88,48.0,131.0,20.0,6.699999999999989,108.0,40.0,18.59814022960404,122.0,128.7,148,68.0,16.0,0.46
07:35:42,121.82,98.0,127.18,34.0,118.98,98.0,128.88,34.0,5.360000000000014,196.0,68.0,14.524449042907731,121.82,127.17999999999999,264,128.0,116.0,0.48
07:35:43,119.0,60.0,124.7,20.0,118.0,20.0,125.8,20.0,5.700000000000003,80.0,40.0,1.858044671161019,119.0,124.7,120,40.0,-144.0,0.33
07:35:44,119.0,54.0,121.11,18.0,118.0,18.0,122.44,18.0,2.1099999999999994,72.0,36.0,2.4584893735851456,119.0,121.11,108,36.0,-12.0,0.33
07:35:45,119.67,36.0,121.5,20.0,117.41,49.0,209.0,10.0,1.8299999999999983,85.0,30.0,2.3547759978460845,119.67,121.5,115,55.0,7.0,0.48
07:35:46,121.9,20.0,209.0,9.0,117.09,90.0,259.6,15.0,87.1,110.0,24.0,19.61966029267644,121.9,209.0,134,86.0,19.0,0.64
07:35:47,117.47,68.0,205.52,46.0,101.25,65.0,251.33,30.0,88.05000000000001,133.0,76.0,23.40839742485627,117.47,205.52,209,57.0,75.0,0.27
07:35:48,122.09,22.0,188.27,44.0,121.29,14.0,196.6,40.0,66.18,36.0,84.0,22.424486170256195,122.09,188.27,120,-48.0,-89.0,-0.4
07:35:49,122.83,12.0,188.0,40.0,118.81,31.0,274.25,20.0,65.17,43.0,60.0,17.88489809867545,122.83,188.0,103,-17.0,-17.0,-0.17
07:35:50,118.33,18.0,180.93,29.0,113.22,18.0,197.77,26.0,62.60000000000001,36.0,55.0,6.140596876525874,118.33,180.93,91,-19.0,-12.0,-0.21
07:35:51,117.0,38.0,140.56,18.0,86.28,65.0,184.81,42.0,23.560000000000002,103.0,60.0,12.637563847514526,117.0,140.56,163,43.0,72.0,0.26
07:35:52,122.0,11.0,139.91,44.0,117.0,44.0,141.0,11.0,17.909999999999997,55.0,55.0,13.124940761771528,122.0,139.91,110,0.0,-53.0,0.0
07:35:53,117.52,29.0,138.19,64.0,95.06,96.0,204.06,16.0,20.67,125.0,80.0,12.990990339462833,117.52,138.19,205,45.0,95.0,0.22
07:35:54,117.91,23.0,135.94,72.0,96.65,46.0,223.33,18.0,18.03,69.0,90.0,9.510353305741155,117.91,135.94,159,-21.0,-46.0,-0.13
07:35:55,117.67,36.0,134.08,48.0,110.0,48.0,266.92,12.0,16.41000000000001,84.0,60.0,1.9327622719894522,117.67,134.08,144,24.0,-15.0,0.17
07:35:56,118.14,14.0,131.78,36.0,112.97,35.0,150.6,20.0,13.64,49.0,56.0,2.3050444681234454,118.14,131.78,105,-7.0,-39.0,-0.07
07:35:57,117.0,21.0,133.86,28.0,101.74,38.0,159.93,15.0,16.860000000000014,59.0,43.0,1.1713026935969566,117.0,133.86,102,16.0,-3.0,0.16
07:35:58,117.0,18.0,132.83,24.0,90.33,12.0,153.0,30.0,15.830000000000013,30.0,54.0,0.8284503606300155,117.0,132.83,84,-24.0,-18.0,-0.29
07:35:59,119.86,21.0,132.0,24.0,106.2,15.0,153.0,30.0,12.14,36.0,54.0,0.48304244122869355,119.86,132.0,90,-18.0,6.0,-0.2
07:36:00,117.0,30.0,130.91,46.0,112.58,110.0,136.55,44.0,13.909999999999997,140.0,90.0,0.7299657526408428,117.0,130.91,230,50.0,140.0,0.22
07:36:01,117.0,36.0,128.17,48.0,113.0,144.0,269.85,48.0,11.169999999999987,180.0,96.0,1.3270003768005965,117.0,128.17,276,84.0,46.0,0.3
07:36:02,120.14,14.0,128.0,36.0,114.9,29.0,293.47,34.0,7.859999999999999,43.0,70.0,1.2417608465518468,120.14,128.0,113,-27.0,-163.0,-0.24
07:36:03,117.14,14.0,126.56,64.0,90.65,43.0,176.13,62.0,9.420000000000002,57.0,126.0,1.5693852299641697,117.14,126.56,183,-69.0,70.0,-0.38
07:36:05,106.23,73.0,116.46,39.0,75.14,70.0,117.44,27.0,10.22999999999999,143.0,66.0,9.020004434590682,106.23,116.46,209,77.0,9.0,0.37
07:36:06,107.43,224.0,113.54,50.0,106.0,126.0,114.65,46.0,6.109999999999999,350.0,96.0,8.634829471393026,107.42999999999999,113.54,446,254.0,169.5,0.57
07:36:07,108.57,224.0,111.29,24.0,90.71,153.0,112.93,57.0,2.720000000000013,377.0,81.0,6.688723346053406,108.57000000000001,111.29,458,296.0,12.0,0.65
07:36:08,107.14,139.0,112.0,29.0,44.7,61.0,113.1,40.0,4.859999999999999,200.0,69.0,3.2464164859182607,107.14,112.0,269,131.0,-170.5,0.49
07:36:09,103.79,196.0,111.21,56.0,101.96,149.0,113.0,14.0,7.4199999999999875,345.0,70.0,1.4334329422896646,103.79,111.21,415,275.0,146.0,0.66
07:36:11,110.01,85.0,111.86,50.0,103.32,31.0,112.88,17.0,1.8499999999999943,116.0,67.0,1.2662819591392354,110.01,111.86,183,49.0,-170.5,0.27
07:36:12,111.24,58.0,113.0,11.0,108.28,81.0,114.0,33.0,1.7600000000000051,139.0,44.0,1.7734796305684344,111.24,113.0,183,95.0,0.0,0.52
07:36:13,112.71,28.0,114.0,8.0,102.61,18.0,114.88,8.0,1.2900000000000063,46.0,16.0,2.348186534336772,112.71,114.0,62,30.0,-121.0,0.48
07:36:14,113.0,63.0,115.0,7.0,112.0,14.0,117.0,7.0,2.0,77.0,14.0,1.9769876074572381,113.0,115.0,91,63.0,29.0,0.69
07:36:15,114.33,69.0,225.4,25.0,111.29,42.0,340.3,23.0,111.07000000000001,111.0,48.0,25.636632384149635,114.33,225.4,159,63.0,68.0,0.4
07:36:16,122.42,12.0,230.86,42.0,121.0,30.0,403.89,27.0,108.44000000000001,42.0,69.0,33.009220227082295,122.42,230.86,111,-27.0,-48.0,-0.24
07:36:17,124.0,9.0,271.44,27.0,121.0,45.0,473.55,22.0,147.44,54.0,49.0,38.49340488966916,124.0,271.44,103,5.0,-8.0,0.05
07:36:21,121.04,101.0,211.09,22.0,120.09,121.0,347.21,28.0,90.05,222.0,50.0,33.13513497784433,121.04,211.09000000000003,272,172.0,134.0,0.63
07:36:22,121.09,45.0,208.0,18.0,120.04,92.0,324.67,24.0,86.91,137.0,42.0,38.212082251559764,121.09,208.0,179,95.0,-93.0,0.53
07:36:25,120.6,63.0,164.89,18.0,119.76,79.0,278.8,20.0,44.28999999999999,142.0,38.0,10.622906852646327,120.6,164.89,180,104.0,108.0,0.58
07:36:26,121.0,69.0,249.41,34.0,120.0,121.0,383.96,28.0,128.41,190.0,62.0,15.126013023926605,121.0,249.41000000000003,252,128.0,72.0,0.51
07:36:27,121.0,65.0,357.31,52.0,120.0,143.0,500.25,28.0,236.31,208.0,80.0,36.1749471319584,121.0,357.31,288,128.0,36.0,0.44
07:36:28,121.0,55.0,334.9,40.0,120.0,121.0,389.62,26.0,213.89999999999998,176.0,66.0,40.472197864706764,121.0,334.9,242,110.0,-46.0,0.45
07:36:29,120.73,74.0,285.01,71.0,119.9,172.0,310.21,58.0,164.27999999999997,246.0,129.0,38.13663435595713,120.73,285.01,375,117.0,133.0,0.31
07:36:30,120.16,100.0,246.7,63.0,119.26,109.0,336.91,46.0,126.53999999999999,209.0,109.0,25.086472848927237,120.16,246.7,318,100.0,-57.0,0.31
07:36:33,121.11,18.0,222.18,55.0,119.45,71.0,434.25,48.0,101.07000000000001,89.0,103.0,12.335968547300293,121.11,222.18,192,-14.0,84.0,-0.07
07:36:34,120.0,24.0,184.02,58.0,119.0,126.0,200.4,50.0,64.02000000000001,150.0,108.0,13.23306389314244,120.0,184.02,258,42.0,66.0,0.16
07:36:35,120.0,4.0,155.0,10.0,119.0,22.0,156.0,8.0,35.0,26.0,18.0,19.06255622942519,120.0,155.0,44,8.0,-170.5,0.18
07:36:36,120.0,22.0,155.0,55.0,119.0,85.0,281.0,44.0,35.0,107.0,99.0,17.738147310246486,120.0,155.0,206,8.0,162.0,0.04
07:36:37,120.0,10.0,155.0,25.0,119.0,34.0,365.0,20.0,35.0,44.0,45.0,15.02667195356346,120.0,155.0,89,-1.0,-117.0,-0.01
07:36:38,119.18,56.0,153.31,65.0,118.29,70.0,180.79,63.0,34.129999999999995,126.0,128.0,6.652352967185115,119.17999999999999,153.31,254,-2.0,165.0,-0.01
07:36:39,119.47,38.0,152.0,70.0,118.52,62.0,153.0,70.0,32.53,100.0,140.0,0.8457422775405388,119.46999999999998,152.0,240,-40.0,-14.0,-0.17
07:36:40,119.0,33.0,149.41,51.0,118.0,55.0,150.64,39.0,30.409999999999997,88.0,90.0,1.373506461586567,119.0,149.41,178,-2.0,-62.0,-0.01
07:36:41,120.64,33.0,145.51,41.0,118.73,37.0,146.26,47.0,24.86999999999999,70.0,88.0,1.7367124114316934,120.64,145.51,158,-18.0,-20.0,-0.11
07:36:42,119.22,27.0,141.91,53.0,118.05,63.0,143.53,57.0,22.689999999999998,90.0,110.0,2.279326654962415,119.22,141.91,200,-20.0,42.0,-0.1
07:36:43,119.89,36.0,135.96,50.0,118.07,54.0,136.78,58.0,16.070000000000007,90.0,108.0,3.093808332787229,119.89,135.96,198,-18.0,-2.0,-0.09
07:36:44,121.07,89.0,129.6,42.0,119.23,52.0,130.84,50.0,8.530000000000001,141.0,92.0,3.652406056290248,121.07,129.6,233,49.0,35.0,0.21
07:36:45,121.75,48.0,124.29,35.0,120.09,66.0,126.69,35.0,2.5400000000000063,114.0,70.0,4.006001747382025,121.75,124.29000000000002,184,44.0,-49.0,0.24
07:36:46,119.29,35.0,122.84,31.0,117.92,65.0,123.88,34.0,3.549999999999997,100.0,65.0,3.7855805367248787,119.29000000000002,122.84,165,35.0,-19.0,0.21
07:36:47,119.0,16.0,121.12,24.0,117.17,24.0,122.65,17.0,2.1200000000000045,40.0,41.0,3.197674154761909,119.0,121.12,81,-1.0,-84.0,-0.01
07:36:48,117.22,32.0,119.25,36.0,113.17,60.0,271.91,35.0,2.030000000000001,92.0,71.0,2.735479848223009,117.22,119.25,163,21.0,82.0,0.13
07:36:49,117.0,19.0,124.29,17.0,86.0,45.0,155.74,19.0,7.290000000000006,64.0,36.0,1.7305288209200933,117.0,124.29000000000002,100,28.0,-63.0,0.28
07:36:50,111.71,38.0,143.73,22.0,71.35,106.0,176.0,28.0,32.019999999999996,144.0,50.0,3.6180561079168174,111.71,143.73,194,94.0,94.0,0.48
07:36:51,119.64,33.0,142.94,48.0,103.5,36.0,159.37,38.0,23.299999999999997,69.0,86.0,5.616515823892267,119.64,142.94,155,-17.0,-39.0,-0.11
07:36:53,111.44,79.0,114.36,44.0,95.73,49.0,122.65,51.0,2.9200000000000017,128.0,95.0,9.674705680279654,111.44,114.36,223,33.0,-15.0,0.15
07:36:54,106.05,117.0,114.41,54.0,46.62,52.0,125.73,41.0,8.36,169.0,95.0,10.622393798011695,106.05,114.40999999999998,264,74.0,41.0,0.28
07:36:55,107.47,115.0,115.0,84.0,84.3,53.0,180.15,26.0,7.530000000000001,168.0,110.0,9.37122830796691,107.47,115.0,278,58.0,14.0,0.21
07:36:57,120.67,60.0,399.3,30.0,97.85,65.0,501.23,22.0,278.63,125.0,52.0,96.17938464140836,120.67,399.3,177,73.0,-1.0,0.41
07:36:58,121.46,119.0,339.53,45.0,120.0,60.0,573.35,17.0,218.07,179.0,62.0,89.6536827464436,121.46,339.53,241,117.0,64.0,0.49
07:37:04,123.5,12.0,174.33,33.0,122.19,78.0,175.0,35.0,50.83000000000001,90.0,68.0,23.67105975658862,123.5,174.33,158,22.0,-7.0,0.14
07:37:05,122.39,23.0,170.09,34.0,121.77,71.0,171.4,40.0,47.7,94.0,74.0,3.609491653958965,122.38999999999999,170.09,168,20.0,10.0,0.12
07:37:06,122.0,35.0,168.15,13.0,120.0,20.0,170.0,18.0,46.150000000000006,55.0,31.0,3.567019764453394,122.0,168.15000000000003,86,24.0,-82.0,0.28
07:37:07,122.0,42.0,165.5,12.0,120.0,24.0,168.0,18.0,43.5,66.0,30.0,3.128780912752264,122.0,165.5,96,36.0,10.0,0.38
07:37:08,122.0,70.0,158.15,27.0,120.0,40.0,166.8,25.0,36.150000000000006,110.0,52.0,3.2634751416250847,122.0,158.15,162,58.0,66.0,0.36
07:37:09,121.22,51.0,163.79,28.0,119.8,25.0,164.73,22.0,42.56999999999999,76.0,50.0,2.388905607177907,121.22,163.79,126,26.0,-36.0,0.21
07:37:10,121.91,198.0,162.0,22.0,120.0,44.0,164.0,33.0,40.09,242.0,55.0,1.8895634416464577,121.91,162.0,297,187.0,169.5,0.63
07:37:11,122.0,270.0,161.3,40.0,120.38,29.0,163.07,43.0,39.30000000000001,299.0,83.0,1.3380134528499341,122.0,161.3,382,216.0,85.0,0.57
07:37:12,122.02,254.0,157.2,55.0,121.49,74.0,158.7,43.0,35.17999999999999,328.0,98.0,1.2500319995936584,122.02,157.2,426,230.0,44.0,0.54
07:37:13,122.09,105.0,153.75,32.0,121.79,68.0,155.36,22.0,31.659999999999997,173.0,54.0,1.9116825050223438,122.09,153.75,227,119.0,-170.5,0.52
07:37:14,122.0,255.0,141.0,52.0,121.0,30.0,146.52,42.0,19.0,285.0,94.0,4.2541191802781455,122.0,141.0,379,191.0,152.0,0.5
07:37:15,122.0,204.0,126.27,33.0,121.0,24.0,128.0,33.0,4.269999999999996,228.0,66.0,7.144650446313907,122.0,126.27,294,162.0,-85.0,0.55
07:37:16,122.09,127.0,123.94,32.0,121.81,74.0,127.31,29.0,1.8499999999999943,201.0,61.0,7.627668057802243,122.09,123.94,262,140.0,-32.0,0.53
07:37:17,122.04,157.0,124.0,42.0,120.86,175.0,223.52,67.0,1.9599999999999937,332.0,109.0,6.616736355637834,122.04000000000002,124.0,441,223.0,169.5,0.51
07:37:18,122.05,183.0,197.13,23.0,119.39,349.0,219.06,62.0,75.08,532.0,85.0,15.68594848901449,122.04999999999998,197.13,617,447.0,169.5,0.72
07:37:19,122.0,140.0,155.05,22.0,119.0,240.0,264.05,38.0,33.05000000000001,380.0,60.0,15.914098152267844,122.0,155.05,440,320.0,-170.5,0.73
07:37:20,122.0,126.0,183.45,29.0,119.0,216.0,215.64,25.0,61.44999999999999,342.0,54.0,16.75140531418215,122.0,183.45,396,288.0,-44.0,0.73
07:37:21,122.0,44.0,181.25,20.0,119.0,96.0,183.0,4.0,59.25,140.0,24.0,14.503081741478432,122.0,181.25,164,116.0,-170.5,0.71
07:37:22,122.0,121.0,179.89,47.0,119.0,264.0,181.16,19.0,57.889999999999986,385.0,66.0,7.621873129356092,122.0,179.89,451,319.0,169.5,0.71
07:37:23,122.0,121.0,178.48,31.0,119.0,264.0,179.07,43.0,56.47999999999999,385.0,74.0,5.8243626260735075,122.0,178.48,459,311.0,8.0,0.68
07:37:24,122.84,55.0,177.25,28.0,119.94,100.0,178.22,46.0,54.41,155.0,74.0,1.0931056673534094,122.84,177.25,229,81.0,-170.5,0.35
07:37:30,123.16,76.0,125.38,42.0,122.26,57.0,130.45,53.0,2.219999999999999,133.0,95.0,9.35505371443747,123.16,125.38,228,38.0,16.0,0.17
07:37:31,123.0,21.0,124.0,18.0,122.0,27.0,125.0,27.0,1.0,48.0,45.0,9.880523771542366,123.0,124.0,93,3.0,-135.0,0.03
07:37:32,122.22,18.0,124.75,32.0,121.18,68.0,168.9,20.0,2.530000000000001,86.0,52.0,8.450317745506197,122.22,124.75,138,34.0,45.0,0.25
07:37:33,121.25,24.0,190.89,27.0,120.41,102.0,292.17,36.0,69.63999999999999,126.0,63.0,14.003928734466436,121.25,190.89,189,63.0,51.0,0.33
07:37:34,121.0,12.0,272.0,4.0,120.0,40.0,279.19,16.0,151.0,52.0,20.0,32.12936398374554,121.0,272.0,72,32.0,-117.0,0.44
07:37:35,121.05,19.0,271.0,7.0,120.05,63.0,410.14,7.0,149.95,82.0,14.0,36.42525319060931,121.05,271.0,96,68.0,24.0,0.71
07:37:37,123.0,18.0,239.25,12.0,120.03,93.0,411.51,45.0,116.25,111.0,57.0,16.469215828325762,123.0,239.25,168,54.0,119.0,0.32
07:37:43,123.0,9.0,232.5,6.0,120.5,6.0,572.5,24.0,109.5,15.0,30.0,3.5691497586932535,123.0,232.5,45,-15.0,-3.0,-0.33
07:37:44,122.62,16.0,204.62,13.0,121.87,23.0,339.5,22.0,82.0,39.0,35.0,6.375233329061955,122.62,204.62,74,4.0,29.0,0.05
07:37:45,123.0,9.0,128.86,37.0,122.0,18.0,168.89,9.0,5.860000000000014,27.0,46.0,21.996576324509896,123.0,128.86,73,-19.0,-1.0,-0.26
07:37:46,123.0,8.0,125.5,8.0,122.0,16.0,325.24,21.0,2.5,24.0,29.0,25.634222633034863,123.0,125.5,53,-5.0,-20.0,-0.09
07:37:51,122.46,13.0,166.97,31.0,119.84,19.0,168.07,29.0,44.510000000000005,32.0,60.0,44.00408424226068,122.46000000000001,166.97,92,-28.0,48.0,-0.3
07:37:52,120.0,7.0,163.53,34.0,119.0,28.0,165.17,29.0,43.53,35.0,63.0,22.38132882560795,120.0,163.53,98,-28.0,6.0,-0.29
07:37:53,122.57,56.0,160.57,30.0,119.62,39.0,162.12,33.0,38.0,95.0,63.0,12.5935368344241,122.57000000000001,160.57,158,32.0,60.0,0.2
07:37:54,123.0,100.0,158.0,45.0,119.5,36.0,158.89,45.0,35.0,136.0,90.0,7.483553300404863,123.0,158.0,226,46.0,68.0,0.2
07:37:55,123.0,63.0,155.91,44.0,119.44,27.0,157.32,47.0,32.91,90.0,91.0,1.9704745621304278,123.0,155.91,181,-1.0,-45.0,-0.01
07:37:56,123.0,32.0,153.09,44.0,120.0,22.0,154.18,44.0,30.090000000000003,54.0,88.0,1.5462632376164063,123.0,153.09,142,-34.0,-39.0,-0.24
07:37:57,123.0,16.0,142.63,35.0,120.0,16.0,151.0,32.0,19.629999999999995,32.0,67.0,3.424292627683159,123.0,142.63,99,-35.0,-43.0,-0.35
07:37:58,123.0,12.0,131.0,26.0,120.0,12.0,134.43,28.0,8.0,24.0,54.0,5.6252084405830995,123.0,131.0,78,-30.0,-21.0,-0.38
07:37:59,120.0,32.0,127.41,54.0,118.29,56.0,128.67,51.0,7.409999999999997,88.0,105.0,6.8272813037115965,120.0,127.40999999999998,193,-17.0,115.0,-0.09
07:38:00,119.0,27.0,124.25,48.0,118.0,78.0,126.85,52.0,5.25,105.0,100.0,6.751120647715658,119.0,124.25,205,5.0,12.0,0.02
07:38:01,118.71,28.0,121.38,52.0,117.91,66.0,123.78,55.0,2.6700000000000017,94.0,107.0,5.064743823730415,118.71,121.38000000000001,201,-13.0,-4.0,-0.06
07:38:02,98.33,27.0,116.76,29.0,74.29,51.0,199.0,24.0,18.430000000000007,78.0,53.0,7.4215584616722605,98.33,116.76,131,25.0,-70.0,0.19
07:38:06,120.0,36.0,204.67,6.0,55.5,20.0,285.4,10.0,84.66999999999999,56.0,16.0,47.68015079674164,120.0,204.67,72,40.0,-109.0,0.56
07:38:07,120.0,90.0,203.09,11.0,107.38,32.0,204.89,19.0,83.09,122.0,30.0,51.584443197537915,120.0,203.09000000000003,152,92.0,80.0,0.61
07:38:08,120.0,61.0,121.7,20.0,113.0,30.0,158.06,17.0,1.7000000000000028,91.0,37.0,43.53459199303479,120.0,121.7,128,54.0,-24.0,0.42
07:38:09,120.0,3.0,121.0,6.0,113.0,9.0,203.0,3.0,1.0,12.0,9.0,23.32404231688838,120.0,121.0,21,3.0,-107.0,0.14
07:38:10,120.0,5.0,121.0,10.0,115.67,18.0,203.0,5.0,1.0,23.0,15.0,22.635852756192037,120.0,121.0,38,8.0,17.0,0.21
07:38:11,120.84,32.0,244.58,26.0,101.19,52.0,463.32,22.0,123.74000000000001,84.0,48.0,29.190335215615523,120.84,244.57999999999998,132,36.0,94.0,0.27
07:38:13,123.33,12.0,419.17,12.0,117.67,18.0,691.4,10.0,295.84000000000003,30.0,22.0,61.77814799749162,123.33,419.17,52,8.0,-4.0,0.15
07:38:25,123.0,24.0,169.62,24.0,122.0,64.0,170.8,20.0,46.620000000000005,88.0,44.0,20.140107497229934,123.0,169.62,132,44.0,-25.0,0.33
07:38:26,123.0,24.0,169.12,24.0,122.0,64.0,237.25,12.0,46.120000000000005,88.0,36.0,4.083644205851245,123.0,169.12,124,52.0,-8.0,0.42
07:38:27,123.0,46.0,168.25,36.0,122.0,96.0,379.06,16.0,45.25,142.0,52.0,2.377214756807129,123.0,168.25,194,90.0,70.0,0.46
07:38:28,123.0,34.0,165.3,30.0,122.0,80.0,208.0,10.0,42.30000000000001,114.0,40.0,1.43444414320714,123.0,165.3,154,74.0,-40.0,0.48
07:38:29,122.87,39.0,152.0,39.0,121.97,99.0,345.55,33.0,29.129999999999995,138.0,72.0,3.715673559394396,122.87,152.0,210,66.0,56.0,0.31
07:38:30,122.0,57.0,164.0,36.0,121.0,36.0,361.87,15.0,42.0,93.0,51.0,3.469204519768621,122.0,164.0,144,42.0,-66.0,0.29
07:38:31,122.0,32.0,164.0,24.0,121.0,24.0,312.0,8.0,42.0,56.0,32.0,3.100793446842823,122.0,164.0,88,24.0,-56.0,0.27
07:38:32,122.87,46.0,163.0,33.0,121.23,35.0,331.0,11.0,40.129999999999995,81.0,44.0,2.656450639478115,122.87,163.0,125,37.0,37.0,0.3
07:38:33,122.0,26.0,156.64,33.0,121.0,30.0,236.65,26.0,34.639999999999986,56.0,59.0,2.6041159728368832,122.0,156.64,115,-3.0,-10.0,-0.03
07:38:34,123.96,23.0,148.0,28.0,121.33,18.0,161.0,21.0,24.040000000000006,41.0,49.0,3.1475831998510153,123.96,148.0,90,-8.0,-25.0,-0.09
07:38:48,123.2,60.0,280.25,12.0,122.84,38.0,482.8,10.0,157.05,98.0,22.0,33.38291224563824,123.2,280.25,120,76.0,-26.0,0.63
07:38:49,123.0,71.0,191.0,9.0,122.0,9.0,347.67,9.0,68.0,80.0,18.0,33.04828815536412,123.0,191.0,98,62.0,-22.0,0.63
07:38:50,124.0,42.0,342.78,9.0,122.93,45.0,385.0,9.0,218.77999999999997,87.0,18.0,47.665549718847984,124.0,342.78,105,69.0,7.0,0.66
07:38:51,123.58,55.0,211.18,11.0,122.8,35.0,349.82,11.0,87.60000000000001,90.0,22.0,41.6682763022418,123.58,211.18,112,68.0,7.0,0.61
07:38:52,123.0,25.0,160.2,5.0,122.0,5.0,353.8,5.0,37.19999999999999,30.0,10.0,37.02984363996106,123.0,160.2,40,20.0,-72.0,0.5
07:38:53,122.6,15.0,160.0,5.0,121.33,6.0,457.33,9.0,37.400000000000006,21.0,14.0,38.101826465406745,122.6,160.0,35,7.0,-5.0,0.2
07:38:54,122.78,54.0,158.2,10.0,120.86,28.0,458.77,26.0,35.41999999999999,82.0,36.0,39.97719812593138,122.78,158.2,118,46.0,83.0,0.39
07:38:55,123.0,54.0,156.56,9.0,121.11,27.0,461.1,21.0,33.56,81.0,30.0,11.911574203268891,123.0,156.56,111,51.0,-7.0,0.46
07:38:56,123.0,42.0,156.0,7.0,122.0,21.0,475.0,21.0,33.0,63.0,28.0,0.9168860343488625,123.0,156.0,91,35.0,-20.0,0.38
07:38:57,123.0,52.0,184.83,12.0,122.0,30.0,434.14,28.0,61.83000000000001,82.0,40.0,6.145219280056862,123.0,184.83,122,42.0,31.0,0.34
07:38:58,123.0,63.0,255.14,50.0,122.0,39.0,260.45,55.0,132.14,102.0,105.0,21.2979240772423,123.0,255.14,207,-3.0,85.0,-0.01
07:38:59,123.0,18.0,250.57,21.0,122.0,18.0,254.14,21.0,127.57,36.0,42.0,24.558181325170885,123.0,250.57000000000002,78,-6.0,-129.0,-0.08
07:39:00,123.0,42.0,169.27,48.0,122.0,42.0,193.69,35.0,46.27000000000001,84.0,83.0,23.262253330233758,123.0,169.27,167,1.0,89.0,0.01
07:39:01,122.11,57.0,126.09,55.0,120.71,62.0,129.43,44.0,3.980000000000004,119.0,99.0,27.751778861903134,122.10999999999999,126.09,218,20.0,51.0,0.09
07:39:02,121.0,132.0,122.96,50.0,119.69,26.0,160.14,35.0,1.9599999999999937,158.0,85.0,32.731566262554225,121.0,122.96,243,73.0,25.0,0.3
07:39:03,120.21,42.0,175.7,33.0,118.6,45.0,252.81,16.0,55.489999999999995,87.0,49.0,26.08840508731769,120.21,175.7,136,38.0,-107.0,0.28
07:39:04,122.37,19.0,186.78,18.0,119.2,25.0,232.38,13.0,64.41,44.0,31.0,14.87753339771038,122.37,186.78,75,13.0,-61.0,0.17
07:39:05,118.99,85.0,174.29,49.0,117.92,49.0,196.14,70.0,55.3,134.0,119.0,14.939494636699989,118.99,174.29,253,15.0,169.5,0.06
07:39:06,123.77,26.0,182.0,23.0,119.56,27.0,573.42,48.0,58.230000000000004,53.0,71.0,13.180124430368014,123.77,182.0,124,-18.0,-129.0,-0.15
07:39:10,123.0,9.0,173.4,10.0,120.0,18.0,204.67,21.0,50.400000000000006,27.0,31.0,3.705412257762895,123.0,173.4,58,-4.0,-24.0,-0.07
07:39:11,123.0,10.0,178.67,12.0,120.0,20.0,205.44,18.0,55.66999999999999,30.0,30.0,3.586778498873294,123.0,178.67,60,0.0,2.0,0.0
07:39:13,123.0,12.0,177.25,24.0,120.83,48.0,303.88,32.0,54.25,60.0,56.0,2.3079168095883658,123.0,177.25,116,4.0,32.0,0.03
07:39:14,121.62,26.0,176.5,20.0,121.0,22.0,543.3,10.0,54.879999999999995,48.0,30.0,1.5724439576596114,121.61999999999999,176.5,78,18.0,-38.0,0.23
07:39:15,121.0,48.0,166.33,18.0,120.0,24.0,221.71,42.0,45.33000000000001,72.0,60.0,3.2964632562764598,121.0,166.33,132,12.0,54.0,0.09
07:39:16,122.2,10.0,176.0,20.0,120.25,16.0,206.36,42.0,53.8,26.0,62.0,3.1693721775741333,122.2,176.0,88,-36.0,-44.0,-0.41
07:39:17,121.0,10.0,163.09,23.0,120.0,20.0,239.53,15.0,42.09,30.0,38.0,3.6699618526603577,121.0,163.09,68,-8.0,-20.0,-0.12
07:39:20,119.12,101.0,176.26,27.0,118.04,67.0,185.85,33.0,57.139999999999986,168.0,60.0,26.2541516716875,119.12,176.26,228,108.0,100.0,0.47
07:39:21,119.0,108.0,182.75,24.0,118.0,72.0,184.0,24.0,63.75,180.0,48.0,25.996027004139904,119.0,182.75,228,132.0,0.0,0.58
07:39:22,119.0,135.0,180.6,30.0,118.0,90.0,181.67,30.0,61.599999999999994,225.0,60.0,24.443869988198884,119.0,180.6,285,165.0,57.0,0.58
07:39:23,119.0,82.0,177.21,38.0,118.0,60.0,178.4,20.0,58.21000000000001,142.0,58.0,22.969195240582,119.0,177.21,200,84.0,-85.0,0.42
07:39:24,119.79,80.0,173.25,52.0,119.05,107.0,175.52,77.0,53.459999999999994,187.0,129.0,1.7344307423421546,119.79,173.25,316,58.0,116.0,0.18
07:39:25,120.0,55.0,168.61,36.0,119.0,66.0,170.35,40.0,48.610000000000014,121.0,76.0,2.6136239209155545,120.0,168.61,197,45.0,-119.0,0.23
07:39:26,120.0,70.0,157.86,70.0,119.0,84.0,162.11,37.0,37.860000000000014,154.0,107.0,4.2106329690420194,120.0,157.86,261,47.0,64.0,0.18
07:39:27,120.0,85.0,121.81,52.0,118.28,92.0,124.27,70.0,1.8100000000000023,177.0,122.0,11.096293525316797,120.0,121.81,299,55.0,38.0,0.18
07:39:28,120.0,21.0,279.15,65.0,119.0,13.0,458.73,48.0,159.14999999999998,34.0,113.0,29.46186636993626,120.0,279.15,147,-79.0,-152.0,-0.54
07:39:29,119.5,6.0,145.0,17.0,118.14,21.0,391.5,24.0,25.5,27.0,41.0,30.559784521491363,119.5,145.0,68,-14.0,-79.0,-0.21
07:39:30,119.0,11.0,120.0,22.0,118.0,66.0,121.0,44.0,1.0,77.0,66.0,33.05727862362518,119.0,120.0,143,11.0,75.0,0.08
07:39:31,118.75,16.0,120.14,28.0,117.91,64.0,134.49,53.0,1.3900000000000006,80.0,81.0,34.65312727590381,118.75,120.14,161,-1.0,18.0,-0.01
07:39:32,118.0,26.0,130.11,37.0,117.0,60.0,526.29,49.0,12.110000000000014,86.0,86.0,34.283553345591066,118.0,130.11,172,0.0,11.0,0.0
07:39:33,117.78,36.0,145.33,9.0,113.0,62.0,208.54,39.0,27.55000000000001,98.0,48.0,6.262904278367659,117.78,145.33,146,50.0,-26.0,0.34
07:39:34,117.0,80.0,144.8,10.0,96.06,17.0,262.0,50.0,27.80000000000001,97.0,60.0,5.910928015125554,117.0,144.8,157,37.0,11.0,0.24
07:39:35,117.77,78.0,143.0,12.0,115.51,47.0,237.12,59.0,25.230000000000004,125.0,71.0,5.309752348273407,117.77,143.0,196,54.0,39.0,0.28
07:39:36,120.41,81.0,141.03,38.0,117.0,90.0,141.15,27.0,20.620000000000005,171.0,65.0,3.0889512783457445,120.40999999999998,141.03,236,106.0,40.0,0.45
07:39:37,121.59,51.0,138.36,33.0,117.97,95.0,139.56,32.0,16.77000000000001,146.0,65.0,0.5917093881232869,121.59,138.36,211,81.0,-25.0,0.38
07:39:38,123.0,210.0,136.98,45.0,122.0,42.0,137.65,40.0,13.97999999999999,252.0,85.0,0.41746856168264806,123.0,136.98,337,167.0,126.0,0.5
07:39:39,123.0,240.0,132.04,51.0,122.0,56.0,133.66,41.0,9.039999999999992,296.0,92.0,1.2664991117224136,123.0,132.04,388,204.0,51.0,0.53
07:39:40,123.07,83.0,127.72,47.0,122.76,87.0,127.62,26.0,4.650000000000006,170.0,73.0,2.2171423048586845,123.07,127.72,243,97.0,-145.0,0.4
07:39:41,123.31,111.0,130.68,57.0,121.6,40.0,214.49,61.0,7.3700000000000045,151.0,118.0,1.991763038113323,123.31,130.68,269,33.0,26.0,0.12
07:40:00,123.0,20.0,212.0,12.0,122.0,8.0,344.0,16.0,89.0,28.0,28.0,19.005368452097724,123.0,212.0,56,0.0,-112.0,0.0
07:40:01,123.0,32.0,172.77,39.0,122.0,26.0,375.77,43.0,49.77000000000001,58.0,82.0,17.825319632477537,123.0,172.77,140,-24.0,84.0,-0.17
07:40:02,123.23,22.0,127.0,39.0,122.31,26.0,190.3,37.0,3.769999999999996,48.0,76.0,18.06620131626982,123.23,127.0,124,-28.0,-16.0,-0.23
07:40:03,123.77,13.0,126.51,41.0,122.42,24.0,233.18,33.0,2.740000000000009,37.0,74.0,18.16768890090287,123.77,126.50999999999999,111,-37.0,-13.0,-0.33
07:40:04,123.0,7.0,125.56,27.0,122.0,14.0,132.45,20.0,2.5600000000000023,21.0,47.0,19.28492208954944,123.0,125.56,68,-26.0,-43.0,-0.38
07:40:05,122.1,20.0,123.76,58.0,121.25,16.0,126.08,36.0,1.6600000000000108,36.0,94.0,10.554457352227844,122.1,123.76,130,-58.0,62.0,-0.45
07:40:06,121.0,9.0,123.89,27.0,120.0,18.0,125.22,27.0,2.8900000000000006,27.0,54.0,1.2436438396900986,121.0,123.89,81,-27.0,-49.0,-0.33
07:40:07,122.84,64.0,123.69,39.0,119.05,124.0,126.54,39.0,0.8499999999999943,188.0,78.0,1.0881957544483136,122.84,123.69,266,110.0,169.5,0.41
07:40:08,119.06,71.0,121.85,34.0,117.52,46.0,124.0,39.0,2.789999999999992,117.0,73.0,1.4142948773151398,119.06,121.85,190,44.0,-76.0,0.23
07:40:09,119.0,18.0,120.0,18.0,117.0,27.0,124.0,27.0,1.0,45.0,45.0,1.652746199511701,119.0,120.0,90,0.0,-100.0,0.0
07:40:10,117.89,133.0,119.08,26.0,107.0,23.0,159.93,15.0,1.1899999999999977,156.0,41.0,1.998842164854656,117.89,119.08,197,115.0,107.0,0.58
07:40:11,118.01,142.0,175.05,19.0,117.4,30.0,397.33,21.0,57.040000000000006,172.0,40.0,11.810060541758382,118.01000000000002,175.05,212,132.0,15.0,0.62
07:40:12,118.0,77.0,336.86,21.0,117.0,11.0,484.62,13.0,218.86,88.0,34.0,46.75036438360655,118.0,336.86,122,54.0,-90.0,0.44
07:40:13,118.0,44.0,300.5,12.0,117.0,4.0,618.36,11.0,182.5,48.0,23.0,51.05919476450816,118.0,300.5,71,25.0,-51.0,0.35
07:40:14,118.0,99.0,265.14,28.0,116.12,16.0,565.73,22.0,147.14,115.0,50.0,45.09683492219792,118.0,265.14,165,65.0,94.0,0.39
07:40:15,116.0,12.0,141.97,29.0,112.0,66.0,431.88,16.0,25.97,78.0,45.0,41.711767164673915,116.0,141.97,123,33.0,-42.0,0.27
07:40:17,96.82,71.0,170.0,18.0,52.8,83.0,231.96,26.0,73.18,154.0,44.0,35.33567644746562,96.82,170.0,198,110.0,-28.0,0.56
07:40:19,119.0,35.0,424.0,13.0,117.0,49.0,510.85,26.0,305.0,84.0,39.0,74.54947786537447,119.0,424.0,123,45.0,-29.0,0.37
07:40:20,118.29,31.0,353.0,7.0,97.78,23.0,478.14,14.0,234.70999999999998,54.0,21.0,64.46193318540753,118.29,353.0,75,33.0,-48.0,0.44
07:40:27,122.59,58.0,297.61,38.0,121.69,80.0,321.16,38.0,175.02,138.0,76.0,13.949213956346854,122.59,297.61,214,62.0,82.0,0.29
07:40:28,122.0,88.0,167.64,14.0,119.0,33.0,169.93,41.0,45.639999999999986,121.0,55.0,33.056630953561346,122.0,167.64000000000001,176,66.0,-38.0,0.38
07:40:29,122.07,82.0,164.67,48.0,120.04,46.0,167.0,12.0,42.599999999999994,128.0,60.0,41.561652637978135,122.07,164.67,188,68.0,12.0,0.36
07:40:32,122.35,34.0,155.0,36.0,119.9,107.0,157.0,9.0,32.650000000000006,141.0,45.0,2.374872628158036,122.35,155.0,186,96.0,-24.0,0.52
07:40:33,122.0,66.0,153.45,44.0,119.0,165.0,157.0,11.0,31.44999999999999,231.0,55.0,2.587746123555194,122.0,153.45,286,176.0,100.0,0.62
07:40:34,122.0,48.0,151.45,11.0,119.0,120.0,152.87,23.0,29.44999999999999,168.0,34.0,2.682243463963611,122.0,151.45,202,134.0,-84.0,0.66
07:40:35,122.07,55.0,147.67,33.0,119.08,154.0,148.31,29.0,25.599999999999994,209.0,62.0,2.3771137961772566,122.07,147.67,271,147.0,69.0,0.54
07:40:36,122.74,42.0,143.89,28.0,119.75,160.0,144.96,50.0,21.14999999999999,202.0,78.0,2.1687392650978072,122.74,143.89,280,124.0,9.0,0.44
07:40:37,123.0,11.0,139.08,25.0,122.0,44.0,140.0,28.0,16.080000000000013,55.0,53.0,2.6750457939963828,123.0,139.08,108,2.0,-170.5,0.02
07:40:38,122.27,33.0,135.79,34.0,121.75,48.0,137.09,32.0,13.519999999999996,81.0,66.0,3.0460909375753356,122.27,135.79,147,15.0,39.0,0.1
07:40:39,122.0,32.0,133.33,12.0,121.0,16.0,136.67,12.0,11.330000000000013,48.0,24.0,2.9646972863986347,122.0,133.33,72,24.0,-75.0,0.33
07:40:40,122.0,52.0,131.19,32.0,121.0,26.0,131.55,31.0,9.189999999999998,78.0,63.0,2.692461698888237,122.0,131.19,141,15.0,69.0,0.11
07:40:41,122.09,47.0,126.18,33.0,121.27,30.0,129.09,22.0,4.090000000000003,77.0,55.0,2.593360753921622,122.09,126.18000000000002,132,22.0,-9.0,0.17
07:40:42,119.49,125.0,124.14,22.0,118.8,64.0,125.15,41.0,4.650000000000006,189.0,63.0,2.883241231666487,119.49,124.14,252,126.0,120.0,0.5
07:40:43,119.03,133.0,121.32,25.0,118.45,87.0,127.31,42.0,2.289999999999992,220.0,67.0,3.1445794631369024,119.03,121.32,287,153.0,35.0,0.53
07:40:44,119.0,132.0,120.36,33.0,118.0,33.0,134.19,42.0,1.3599999999999994,165.0,75.0,2.8806891536545587,119.0,120.36,240,90.0,-47.0,0.38
07:40:45,119.86,42.0,266.65,37.0,118.82,51.0,327.81,27.0,146.78999999999996,93.0,64.0,32.15684141827331,119.86,266.65,157,29.0,-83.0,0.18
07:40:47,120.89,18.0,130.14,28.0,118.39,28.0,200.81,31.0,9.249999999999986,46.0,59.0,31.364789493952877,120.89,130.14,105,-13.0,18.0,-0.12
07:40:48,122.2,15.0,124.5,20.0,119.22,27.0,129.44,18.0,2.299999999999997,42.0,38.0,30.95393238346263,122.2,124.5,80,4.0,-25.0,0.05
07:40:49,121.0,8.0,123.62,16.0,119.0,32.0,125.0,16.0,2.6200000000000045,40.0,32.0,30.579865434628328,121.0,123.62,72,8.0,-8.0,0.11
07:40:50,121.5,18.0,152.71,14.0,120.47,34.0,310.4,20.0,31.210000000000008,52.0,34.0,5.999160774640175,121.5,152.71,86,18.0,14.0,0.21
07:40:52,121.3,27.0,157.0,8.0,120.33,15.0,495.81,32.0,35.7,42.0,40.0,17.673855832838996,121.3,157.0,82,2.0,-2.0,0.02
07:40:53,121.0,13.0,307.11,9.0,119.0,9.0,480.33,21.0,186.11,22.0,30.0,36.22014177222349,121.0,307.11,52,-8.0,-30.0,-0.15
07:40:54,123.67,30.0,264.8,15.0,119.37,27.0,374.4,15.0,141.13,57.0,30.0,33.82787415726804,123.67,264.8,87,27.0,35.0,0.31
07:40:55,119.0,35.0,233.0,7.0,118.0,21.0,347.0,7.0,114.0,56.0,14.0,28.370638871903473,119.0,233.0,70,42.0,-17.0,0.6
07:40:56,119.0,33.0,231.85,13.0,118.0,39.0,338.47,19.0,112.85,72.0,32.0,27.694834716964095,119.0,231.84999999999997,104,40.0,34.0,0.38
07:40:57,121.59,17.0,153.36,11.0,118.18,22.0,189.26,19.0,31.77000000000001,39.0,30.0,28.310440123741635,121.59000000000002,153.36,69,9.0,-35.0,0.13
07:40:58,123.0,22.0,135.0,11.0,119.0,11.0,136.9,20.0,12.0,33.0,31.0,27.857639526707317,123.0,135.0,64,2.0,-5.0,0.03
07:40:59,123.0,16.0,134.75,8.0,119.0,8.0,173.11,9.0,11.75,24.0,17.0,24.310016042774844,123.0,134.75,41,7.0,-23.0,0.17
07:41:00,118.54,74.0,134.0,15.0,117.31,26.0,233.73,15.0,15.459999999999994,100.0,30.0,20.569112766475214,118.54,134.0,130,70.0,89.0,0.54
07:41:01,118.0,24.0,132.33,9.0,117.0,18.0,323.0,9.0,14.330000000000013,42.0,18.0,4.832147555691711,118.0,132.33,60,24.0,-70.0,0.4
07:41:02,119.0,36.0,130.71,14.0,117.67,24.0,161.42,19.0,11.710000000000008,60.0,33.0,1.9913136367680053,119.0,130.71,93,27.0,33.0,0.29
07:41:03,120.58,36.0,128.09,22.0,118.0,24.0,129.57,14.0,7.510000000000005,60.0,36.0,1.8072990897962933,120.58,128.09,96,24.0,3.0,0.25
07:41:04,121.0,28.0,126.57,23.0,118.41,37.0,127.84,19.0,5.569999999999993,65.0,42.0,0.9378326076538567,121.0,126.56999999999998,107,23.0,11.0,0.21
07:41:05,121.82,22.0,123.62,21.0,118.56,63.0,124.92,12.0,1.8000000000000114,85.0,33.0,0.9694740842225079,121.82,123.62,118,52.0,11.0,0.44
07:41:06,122.0,22.0,123.16,19.0,118.0,77.0,166.86,14.0,1.1599999999999966,99.0,33.0,0.9958313110056564,122.0,123.16,132,66.0,14.0,0.5
07:41:07,122.92,24.0,167.8,20.0,120.96,27.0,248.54,26.0,44.88000000000001,51.0,46.0,9.868266311768146,122.92,167.8,97,5.0,-35.0,0.05
07:41:08,124.0,12.0,204.36,45.0,119.75,24.0,273.0,26.0,80.36000000000001,36.0,71.0,18.622058962423452,124.0,204.36,107,-35.0,10.0,-0.33
07:41:09,123.0,9.0,128.0,9.0,122.0,9.0,214.79,28.0,5.0,18.0,37.0,18.360308276278356,123.0,128.0,55,-19.0,-52.0,-0.35
07:41:10,121.32,19.0,319.1,20.0,120.05,19.0,495.56,25.0,197.78000000000003,38.0,45.0,39.84109285649642,121.32,319.1,83,-7.0,28.0,-0.08
07:41:11,117.54,26.0,241.0,30.0,108.29,35.0,443.0,10.0,123.46,61.0,40.0,35.987160627089864,117.53999999999999,241.0,101,21.0,18.0,0.21
07:41:12,117.32,31.0,319.64,22.0,82.2,30.0,531.32,31.0,202.32,61.0,53.0,39.70810962511264,117.32,319.64,114,8.0,13.0,0.07
07:41:13,121.11,19.0,177.0,18.0,117.0,10.0,595.59,29.0,55.89,29.0,47.0,41.877857753232355,121.11000000000001,177.0,76,-18.0,-38.0,-0.24
07:41:15,123.0,55.0,250.91,22.0,121.0,22.0,376.0,26.0,127.91,77.0,48.0,51.73675502000446,123.0,250.90999999999997,125,29.0,66.0,0.23
07:41:16,123.0,60.0,138.0,24.0,121.0,24.0,139.0,24.0,15.0,84.0,48.0,61.23543198181881,123.0,138.0,132,36.0,7.0,0.27
07:41:17,123.0,40.0,136.62,16.0,121.0,16.0,137.75,16.0,13.620000000000005,56.0,32.0,65.09648070364452,123.0,136.62,88,24.0,-44.0,0.27
07:41:18,123.0,67.0,134.0,30.0,121.0,30.0,136.0,30.0,11.0,97.0,60.0,67.8365723632906,123.0,134.0,157,37.0,69.0,0.24
07:41:19,123.0,15.0,131.06,32.0,121.0,30.0,132.73,30.0,8.060000000000002,45.0,62.0,25.967781383860476,123.0,131.06,107,-17.0,-50.0,-0.16
07:41:20,123.0,14.0,125.87,45.0,121.0,28.0,127.9,42.0,2.8700000000000045,42.0,87.0,2.4211216408874114,123.0,125.87000000000002,129,-45.0,22.0,-0.35
07:41:21,120.2,30.0,122.96,48.0,117.92,36.0,124.36,44.0,2.759999999999991,66.0,92.0,3.2963540465146846,120.2,122.96,158,-26.0,29.0,-0.16
07:41:22,117.96,25.0,121.59,27.0,116.08,13.0,127.15,27.0,3.6300000000000097,38.0,54.0,3.63772318902554,117.96,121.59000000000002,92,-16.0,-66.0,-0.17
07:41:23,118.0,28.0,161.57,7.0,117.0,7.0,349.35,17.0,43.56999999999999,35.0,24.0,7.914421646587554,118.0,161.57,59,11.0,-33.0,0.19
07:41:24,117.75,16.0,398.21,19.0,93.18,11.0,663.33,9.0,280.46,27.0,28.0,59.37575153208564,117.75,398.21,55,-1.0,-4.0,-0.02
07:41:25,122.25,16.0,395.58,24.0,113.95,44.0,384.28,25.0,273.33,60.0,49.0,72.3959170119418,122.25,395.58,109,11.0,54.0,0.1
07:41:26,123.0,10.0,215.0,12.0,117.66,61.0,249.55,31.0,92.0,71.0,43.0,65.68872643003489,123.0,215.0,114,28.0,5.0,0.25
07:41:37,122.48,50.0,144.53,32.0,121.5,32.0,146.4,30.0,22.049999999999997,82.0,62.0,8.991616651079616,122.48,144.53,144,20.0,54.0,0.14
07:41:38,122.0,70.0,139.73,26.0,121.0,40.0,141.86,14.0,17.72999999999999,110.0,40.0,11.007901707408807,122.0,139.73,150,70.0,6.0,0.47
07:41:39,122.0,41.0,137.05,22.0,121.0,32.0,138.6,10.0,15.050000000000011,73.0,32.0,10.499496654600899,122.0,137.05,105,41.0,-45.0,0.39
07:41:40,122.0,9.0,135.64,14.0,121.0,32.0,136.33,18.0,13.639999999999986,41.0,32.0,7.867650856512188,122.0,135.64,73,9.0,-32.0,0.12
07:41:41,122.0,12.0,132.31,26.0,121.0,56.0,134.21,14.0,10.310000000000002,68.0,40.0,2.388457661332516,122.0,132.31,108,28.0,35.0,0.26
07:41:42,123.0,44.0,130.82,17.0,122.0,11.0,132.82,17.0,7.819999999999993,55.0,34.0,1.6576881491940452,123.0,130.82,89,21.0,-19.0,0.24
07:41:43,122.4,50.0,124.69,45.0,120.44,50.0,126.45,31.0,2.289999999999992,100.0,76.0,2.3177726376801435,122.4,124.69,176,24.0,87.0,0.14
07:41:44,121.02,41.0,122.84,25.0,119.12,64.0,207.04,25.0,1.8200000000000074,105.0,50.0,2.8361505601746853,121.02,122.84,155,55.0,-21.0,0.35
07:41:45,119.72,47.0,122.6,35.0,118.25,120.0,310.05,44.0,2.8799999999999955,167.0,79.0,2.777475472435293,119.72,122.6,246,88.0,91.0,0.36
07:41:46,118.26,141.0,121.53,49.0,111.44,138.0,235.68,56.0,3.269999999999996,279.0,105.0,2.705980413820483,118.26,121.53,384,174.0,138.0,0.45
07:41:47,118.0,165.0,123.0,28.0,88.65,79.0,330.09,55.0,5.0,244.0,83.0,1.4149310937216946,118.0,123.0,327,161.0,-57.0,0.49
07:41:48,118.0,130.0,121.23,35.0,97.94,34.0,153.0,20.0,3.230000000000004,164.0,55.0,0.9453940977077763,118.0,121.23,219,109.0,-108.0,0.5
07:41:49,118.0,108.0,119.71,34.0,117.0,11.0,124.3,27.0,1.7099999999999937,119.0,61.0,0.8778211662866675,118.0,119.71,180,58.0,-39.0,0.32
07:41:50,118.0,177.0,119.88,51.0,117.0,17.0,326.56,64.0,1.8799999999999955,194.0,115.0,0.6861996793798594,118.0,119.88,309,79.0,129.0,0.26
07:41:51,118.0,95.0,157.29,21.0,117.0,9.0,393.78,18.0,39.28999999999999,104.0,39.0,8.150452134696568,118.0,157.29,143,65.0,-166.0,0.45
07:41:52,118.0,60.0,286.16,19.0,117.0,10.0,367.54,13.0,168.16000000000003,70.0,32.0,35.9320028665252,118.0,286.16,102,38.0,-41.0,0.37
07:41:58,120.21,47.0,174.0,22.0,118.31,64.0,259.9,20.0,53.790000000000006,111.0,42.0,30.91034616435032,120.21,174.0,153,69.0,-3.0,0.45
07:41:59,122.42,26.0,174.0,16.0,119.71,41.0,199.69,13.0,51.58,67.0,29.0,23.766468395619317,122.42,174.0,96,38.0,-57.0,0.4
07:42:00,123.39,41.0,172.53,30.0,120.54,67.0,306.0,16.0,49.14,108.0,46.0,6.200195964643002,123.39,172.53,154,62.0,58.0,0.4
07:42:01,123.57,28.0,170.21,28.0,121.56,41.0,365.43,14.0,46.640000000000015,69.0,42.0,1.3076773302219589,123.57000000000001,170.21,111,27.0,-43.0,0.24
07:42:02,121.29,28.0,167.38,26.0,120.5,30.0,237.83,23.0,46.08999999999999,58.0,49.0,1.5360240883452547,121.29,167.38,107,9.0,-4.0,0.08
07:42:03,120.0,24.0,164.88,16.0,119.0,8.0,165.88,16.0,44.879999999999995,32.0,32.0,2.49709230906213,120.0,164.88,64,0.0,-43.0,0.0
07:42:04,118.59,37.0,162.14,14.0,118.43,7.0,163.14,14.0,43.54999999999998,44.0,28.0,3.120889296334913,118.59,162.14000000000001,72,16.0,8.0,0.22
07:42:05,118.13,106.0,161.0,20.0,117.34,76.0,162.0,20.0,42.870000000000005,182.0,40.0,2.980632483211987,118.13,161.0,222,142.0,150.0,0.64
07:42:06,118.07,112.0,157.47,30.0,117.43,111.0,158.63,27.0,39.400000000000006,223.0,57.0,2.552052115451235,118.07000000000001,157.47,280,166.0,58.0,0.59
07:42:07,120.0,12.0,154.04,28.0,118.48,23.0,155.0,31.0,34.03999999999999,35.0,59.0,2.152145441177152,120.0,154.04,94,-24.0,-170.5,-0.26
07:42:08,120.0,10.0,149.26,23.0,119.0,10.0,150.28,25.0,29.25999999999999,20.0,48.0,2.2566612506045622,120.0,149.26,68,-28.0,-26.0,-0.41
07:42:09,121.31,26.0,142.54,46.0,119.62,16.0,144.55,38.0,21.22999999999999,42.0,84.0,2.9660883331385635,121.31,142.54,126,-42.0,58.0,-0.33
07:42:10,122.88,25.0,138.03,40.0,119.79,14.0,141.29,42.0,15.150000000000006,39.0,82.0,3.161075766251319,122.88,138.03,121,-43.0,-5.0,-0.36
07:42:11,121.83,23.0,131.65,40.0,119.44,16.0,133.05,40.0,9.820000000000007,39.0,80.0,3.9393438539916885,121.83000000000001,131.65,119,-41.0,-2.0,-0.34
07:42:12,123.0,22.0,126.76,37.0,120.0,11.0,128.83,24.0,3.760000000000005,33.0,61.0,3.931631976671127,123.0,126.75999999999999,94,-28.0,-25.0,-0.3
07:42:13,121.2,15.0,124.19,31.0,119.14,21.0,126.12,33.0,2.989999999999995,36.0,64.0,3.8301892903593857,121.2,124.19,100,-28.0,6.0,-0.28
07:42:14,120.0,9.0,122.56,27.0,119.0,18.0,124.0,18.0,2.5600000000000023,27.0,45.0,3.593480207262094,120.0,122.56,72,-18.0,-28.0,-0.25
07:42:15,119.5,12.0,121.0,27.0,118.4,30.0,122.5,24.0,1.5,42.0,51.0,2.645203205801998,119.5,121.0,93,-9.0,21.0,-0.1
07:42:16,118.09,46.0,120.84,25.0,117.36,33.0,123.1,20.0,2.75,79.0,45.0,2.14522259916907,118.09,120.84,124,34.0,31.0,0.27
07:42:17,118.78,166.0,120.71,42.0,117.77,78.0,127.32,38.0,1.9299999999999926,244.0,80.0,1.3208217139289005,118.78,120.71,324,164.0,169.5,0.51
07:42:18,119.0,166.0,197.3,63.0,117.03,192.0,380.02,55.0,78.30000000000001,358.0,118.0,16.992579851216938,119.0,197.3,476,240.0,152.0,0.5
07:42:19,120.62,32.0,237.24,21.0,117.32,151.0,283.44,45.0,116.62,183.0,66.0,27.679368128625697,120.62,237.24,249,117.0,-170.5,0.47
07:42:23,123.02,191.0,232.53,60.0,122.45,94.0,236.0,30.0,109.51,285.0,90.0,2.816664694273697,123.02,232.53,375,195.0,122.0,0.52
07:42:26,123.12,65.0,227.78,18.0,122.48,54.0,231.0,36.0,104.66,119.0,54.0,2.2275726699635072,123.12,227.78,173,65.0,-27.0,0.38
07:42:27,123.0,108.0,226.57,28.0,122.0,48.0,230.18,44.0,103.57,156.0,72.0,1.6242936926455862,123.0,226.57,228,84.0,55.0,0.37
07:42:28,122.65,46.0,124.0,20.0,120.0,40.0,270.75,24.0,1.3499999999999943,86.0,44.0,23.888506232076793,122.65,124.0,130,42.0,-98.0,0.32
07:42:29,117.0,27.0,368.67,15.0,104.24,29.0,533.45,11.0,251.67000000000002,56.0,26.0,42.43854120961237,117.0,368.67,82,30.0,-48.0,0.37
07:42:30,117.25,24.0,133.71,14.0,97.88,34.0,156.96,27.0,16.460000000000008,58.0,41.0,48.743686565543754,117.25,133.71,99,17.0,17.0,0.17
07:42:31,119.0,11.0,389.23,30.0,117.0,33.0,362.25,16.0,270.23,44.0,46.0,62.38586819144192,119.0,389.2300000000001,90,-2.0,-9.0,-0.02
07:42:36,123.18,44.0,165.95,38.0,120.33,15.0,166.53,17.0,42.76999999999998,59.0,55.0,81.53359418055825,123.18,165.95,114,4.0,-46.0,0.04
07:42:37,119.72,25.0,162.95,20.0,89.32,31.0,165.43,35.0,43.22999999999999,56.0,55.0,10.982243395589856,119.72,162.95,111,1.0,-3.0,0.01
07:42:38,121.0,7.0,160.96,25.0,117.0,21.0,161.6,10.0,39.96000000000001,28.0,35.0,2.6653461313643305,121.0,160.96,63,-7.0,-48.0,-0.11
07:42:39,121.91,11.0,159.0,11.0,120.08,13.0,161.0,44.0,37.09,24.0,55.0,2.5893570630523652,121.91,159.0,79,-31.0,16.0,-0.39
07:42:40,122.85,61.0,155.72,61.0,121.31,13.0,157.12,17.0,32.870000000000005,74.0,78.0,1.9679354664164148,122.85,155.72,152,-4.0,73.0,-0.03
07:42:41,123.18,143.0,152.43,40.0,122.0,11.0,153.96,23.0,29.25,154.0,63.0,1.4380020862224097,123.18,152.43,217,91.0,65.0,0.42
07:42:42,124.0,170.0,150.24,34.0,122.0,16.0,151.04,46.0,26.24000000000001,186.0,80.0,1.658273198233713,124.0,150.24,266,106.0,49.0,0.4
07:42:50,123.62,26.0,218.6,20.0,122.95,38.0,621.83,12.0,94.97999999999999,64.0,32.0,19.48147017039478,123.61999999999999,218.6,96,32.0,-163.0,0.33
07:42:51,123.0,50.0,304.2,20.0,122.0,10.0,437.2,20.0,181.2,60.0,40.0,39.010062548014155,123.0,304.2,100,20.0,4.0,0.2
07:42:52,123.0,35.0,284.57,14.0,122.0,7.0,409.2,20.0,161.57,42.0,34.0,41.62827824928594,123.0,284.57,76,8.0,-24.0,0.11
07:42:53,122.98,66.0,267.29,34.0,121.62,21.0,287.6,40.0,144.31,87.0,74.0,35.12199695347588,122.98,267.29,161,13.0,85.0,0.08
07:42:54,122.0,10.0,272.0,20.0,121.0,80.0,317.0,20.0,150.0,90.0,40.0,15.744950619165664,122.0,272.0,130,50.0,-31.0,0.38
07:42:55,122.73,52.0,235.43,28.0,120.86,73.0,256.71,28.0,112.7,125.0,56.0,12.685066811016997,122.73,235.43,181,69.0,51.0,0.38
07:42:58,120.75,16.0,196.35,23.0,118.91,22.0,242.22,18.0,75.6,38.0,41.0,16.453479267315213,120.75,196.35,79,-3.0,2.0,-0.04
07:42:59,119.0,7.0,195.0,21.0,117.0,28.0,197.0,14.0,76.0,35.0,35.0,8.932915537492413,119.0,195.0,70,0.0,-9.0,0.0
07:43:00,118.05,21.0,194.09,33.0,94.66,29.0,197.0,22.0,76.04,50.0,55.0,2.4314337334121165,118.04999999999998,194.09,105,-5.0,35.0,-0.05
07:43:01,119.0,21.0,192.57,21.0,117.0,7.0,197.0,14.0,73.57,28.0,35.0,2.145103727089831,119.0,192.57,63,-7.0,-42.0,-0.11
07:43:02,119.0,48.0,190.68,25.0,117.0,12.0,191.89,35.0,71.68,60.0,60.0,1.4039764955208485,119.0,190.68,120,0.0,57.0,0.0
07:43:03,120.67,12.0,187.55,33.0,119.22,32.0,188.55,33.0,66.88000000000001,44.0,66.0,1.1188699656238883,120.67,187.55,110,-22.0,-10.0,-0.2
07:43:04,122.0,27.0,184.93,45.0,120.0,15.0,185.83,41.0,62.93000000000001,42.0,86.0,1.0981712070416811,122.0,184.93,128,-44.0,18.0,-0.34
07:43:05,122.54,24.0,181.45,49.0,121.0,49.0,184.6,45.0,58.90999999999998,73.0,94.0,1.431247707413215,122.54,181.45,167,-21.0,39.0,-0.13
07:43:06,123.0,14.0,180.43,44.0,119.0,42.0,183.98,44.0,57.43000000000001,56.0,88.0,1.3432311789024884,123.0,180.43,144,-32.0,-23.0,-0.22
07:43:07,119.55,20.0,175.35,46.0,116.12,32.0,176.84,50.0,55.8,52.0,96.0,2.601989623341359,119.55,175.35,148,-44.0,4.0,-0.3
07:43:08,103.73,30.0,172.0,55.0,80.64,28.0,174.0,33.0,68.27,58.0,88.0,6.352532565833629,103.73,172.0,146,-30.0,-2.0,-0.21
07:43:09,115.52,46.0,169.44,63.0,112.11,36.0,171.59,41.0,53.92,82.0,104.0,6.100125408545082,115.52,169.44,186,-22.0,40.0,-0.12
07:43:10,121.4,40.0,167.25,48.0,119.0,30.0,169.64,42.0,45.849999999999994,70.0,90.0,5.20916212072322,121.4,167.25,160,-20.0,-26.0,-0.12
07:43:11,122.72,29.0,164.0,33.0,121.67,18.0,165.45,31.0,41.28,47.0,64.0,3.4718770139476445,122.72,164.0,111,-17.0,-49.0,-0.15
07:43:12,116.6,80.0,156.64,50.0,70.67,24.0,160.72,50.0,40.03999999999999,104.0,100.0,3.4546779878851956,116.6,156.64,204,4.0,93.0,0.02
07:43:13,120.77,44.0,131.11,44.0,89.71,28.0,146.5,42.0,10.340000000000018,72.0,86.0,7.658503770318265,120.77,131.11,158,-14.0,-46.0,-0.09
07:43:14,118.15,26.0,127.43,23.0,33.43,14.0,128.69,29.0,9.280000000000001,40.0,52.0,9.871270434953143,118.15,127.43000000000002,92,-12.0,-66.0,-0.13
07:43:19,103.06,36.0,194.57,37.0,7.0,12.0,337.14,21.0,91.50999999999999,48.0,58.0,46.384242151834094,103.06,194.57,106,-10.0,35.0,-0.09
07:43:20,117.0,21.0,257.7,10.0,67.0,10.0,404.12,17.0,140.7,31.0,27.0,51.73719860989748,117.0,257.7,58,4.0,-48.0,0.07
07:43:23,109.89,18.0,136.67,18.0,69.56,32.0,473.95,19.0,26.779999999999987,50.0,37.0,23.77591154929656,109.89,136.67,87,13.0,-26.0,0.15
07:43:24,123.0,16.0,146.18,17.0,84.11,19.0,383.58,26.0,23.180000000000007,35.0,43.0,25.91228029332761,123.0,146.18,78,-8.0,-9.0,-0.1
07:43:25,123.0,18.0,227.82,33.0,98.42,24.0,339.31,32.0,104.82,42.0,65.0,22.540435887532766,123.0,227.82,107,-23.0,29.0,-0.21
07:43:26,114.58,19.0,201.87,30.0,97.92,37.0,212.0,26.0,87.29,56.0,56.0,21.737426940647218,114.58,201.87,112,0.0,5.0,0.0
07:43:27,119.0,14.0,200.0,28.0,108.43,14.0,303.29,21.0,81.0,28.0,49.0,20.944647287552396,119.0,200.0,77,-21.0,-35.0,-0.27
07:43:28,106.38,16.0,199.12,32.0,97.79,28.0,344.0,12.0,92.74000000000001,44.0,44.0,14.687008885405307,106.38,199.12,88,0.0,11.0,0.0
07:43:29,121.27,22.0,194.0,36.0,104.76,34.0,213.17,24.0,72.73,56.0,60.0,8.610175956388652,121.27,194.0,116,-4.0,28.0,-0.03
07:43:38,124.0,53.0,127.93,67.0,121.64,25.0,129.46,57.0,3.930000000000007,78.0,124.0,3.3940344724210623,124.0,127.93000000000002,202,-46.0,59.0,-0.23
07:43:39,119.52,23.0,122.25,24.0,106.55,22.0,124.92,39.0,2.730000000000004,45.0,63.0,4.383746114909397,119.52,122.25,108,-18.0,-94.0,-0.17
07:43:40,91.2,20.0,118.5,38.0,36.3,20.0,119.19,32.0,27.299999999999997,40.0,70.0,10.242857511455716,91.2,118.5,110,-30.0,2.0,-0.27
07:43:41,111.38,13.0,114.05,19.0,68.44,18.0,115.8,30.0,2.6700000000000017,31.0,49.0,9.78839261574574,111.38000000000001,114.05,80,-18.0,-30.0,-0.23
07:43:49,96.17,12.0,115.0,18.0,85.79,14.0,116.0,6.0,18.83,26.0,24.0,7.728954004261705,96.17,115.0,50,2.0,-42.0,0.04
07:43:53,105.43,107.0,111.87,30.0,97.64,47.0,116.67,30.0,6.439999999999998,154.0,60.0,6.383202957762588,105.43,111.87000000000002,214,94.0,117.0,0.44
07:43:54,106.63,54.0,114.94,34.0,103.92,64.0,116.71,48.0,8.310000000000002,118.0,82.0,7.228704586576261,106.63,114.94,200,36.0,-14.0,0.18
07:43:55,109.23,31.0,113.5,14.0,98.89,63.0,115.61,28.0,4.269999999999996,94.0,42.0,3.116557395586873,109.23,113.5,136,52.0,-64.0,0.38
07:43:56,109.0,48.0,114.0,12.0,3.0,18.0,115.0,6.0,5.0,66.0,18.0,2.6132221489928313,109.0,114.0,84,48.0,-52.0,0.57
07:43:57,109.0,40.0,116.73,22.0,3.0,3.0,131.8,5.0,7.730000000000004,43.0,27.0,1.5330264185545326,109.0,116.73,70,16.0,-14.0,0.23
07:43:58,109.0,56.0,116.86,35.0,0.0,0.0,118.42,31.0,7.859999999999999,56.0,66.0,0.9572721660979254,109.0,116.86,122,-10.0,52.0,-0.08
07:43:59,109.67,24.0,116.0,15.0,0.0,0.0,117.0,15.0,6.329999999999998,24.0,30.0,0.7929249649151289,109.67,116.0,54,-6.0,-68.0,-0.11
07:44:00,112.4,80.0,116.0,50.0,50.3,10.0,117.0,50.0,3.5999999999999943,90.0,100.0,0.955369038636615,112.4,116.0,190,-10.0,136.0,-0.05
07:44:01,120.0,64.0,220.38,29.0,107.6,20.0,219.89,18.0,100.38,84.0,47.0,25.490966439112917,120.0,220.38,131,37.0,-59.0,0.28
07:44:12,123.0,60.0,131.3,50.0,120.0,10.0,162.0,30.0,8.300000000000011,70.0,80.0,40.31281930106068,123.0,131.3,150,-10.0,-10.0,-0.07
07:44:13,123.0,78.0,130.77,65.0,120.0,13.0,393.2,30.0,7.77000000000001,91.0,95.0,34.16936815336179,123.0,130.77,186,-4.0,36.0,-0.02
07:44:17,123.91,11.0,352.0,32.0,122.73,33.0,459.65,23.0,228.09,44.0,55.0,49.10803783496109,123.91,352.0,99,-11.0,-100.0,-0.11
07:44:18,123.0,22.0,350.56,52.0,120.0,11.0,362.91,44.0,227.56,33.0,96.0,55.824618941824966,123.0,350.56,129,-63.0,30.0,-0.49
07:44:19,123.0,16.0,349.0,40.0,120.0,8.0,352.0,32.0,226.0,24.0,72.0,50.677780930107396,123.0,349.0,96,-48.0,-33.0,-0.5
07:44:20,123.0,18.0,348.44,45.0,120.0,9.0,352.0,36.0,225.44,27.0,81.0,28.327401928167564,123.0,348.44,108,-54.0,12.0,-0.5
07:44:21,123.0,10.0,347.0,25.0,121.0,10.0,352.0,20.0,224.0,20.0,45.0,1.1256997823347916,123.0,347.0,65,-25.0,-43.0,-0.38
07:44:22,122.73,22.0,272.27,44.0,120.67,24.0,332.95,37.0,149.53999999999996,46.0,81.0,17.17364841843313,122.73,272.27,127,-35.0,62.0,-0.28
07:44:23,121.58,12.0,178.0,42.0,120.0,12.0,215.06,35.0,56.42,24.0,77.0,37.884021961771104,121.58,178.0,101,-53.0,-26.0,-0.52
07:44:24,121.0,8.0,127.0,40.0,119.33,12.0,211.29,21.0,6.0,20.0,61.0,50.32803512953751,121.0,127.0,81,-41.0,-20.0,-0.51
07:44:25,120.0,10.0,127.0,50.0,119.0,15.0,489.0,40.0,7.0,25.0,90.0,48.95471192847495,120.0,127.0,115,-65.0,34.0,-0.57
07:44:29,123.88,32.0,358.0,32.0,122.25,24.0,670.0,32.0,234.12,56.0,64.0,69.77157909922896,123.88,358.0,120,-8.0,-60.0,-0.07
07:44:30,123.0,18.0,358.0,24.0,122.0,18.0,692.5,24.0,235.0,36.0,48.0,63.98986833866716,123.0,358.0,84,-12.0,-36.0,-0.14
07:44:31,123.0,35.0,342.32,44.0,122.0,30.0,459.19,42.0,219.32,65.0,86.0,45.11710407373186,123.0,342.32,151,-21.0,67.0,-0.14
07:44:32,123.0,24.0,293.15,41.0,122.0,27.0,344.5,40.0,170.14999999999998,51.0,81.0,23.80540442840552,123.0,293.15,132,-30.0,-19.0,-0.23
07:44:33,123.0,18.0,207.6,30.0,122.0,27.0,250.4,35.0,84.6,45.0,65.0,32.10149498076304,123.0,207.6,110,-20.0,-22.0,-0.18
07:44:34,123.0,22.0,231.55,33.0,122.0,33.0,312.92,50.0,108.55000000000001,55.0,83.0,33.08891581783782,123.0,231.55,138,-28.0,28.0,-0.2
07:44:35,123.0,18.0,231.0,27.0,122.0,27.0,605.16,44.0,108.0,45.0,71.0,27.68720552890742,123.0,231.0,116,-26.0,-22.0,-0.22
07:44:36,123.0,16.0,229.25,24.0,122.0,24.0,394.5,30.0,106.25,40.0,54.0,16.0677836057113,123.0,229.25,94,-14.0,-22.0,-0.15
07:44:37,122.25,16.0,225.15,34.0,121.25,24.0,226.47,32.0,102.9,40.0,66.0,4.997321282443932,122.25,225.15,106,-26.0,12.0,-0.25
07:44:38,122.0,22.0,149.32,37.0,121.0,33.0,164.15,41.0,27.319999999999993,55.0,78.0,18.105388700604276,122.0,149.32,133,-23.0,27.0,-0.17
07:44:39,122.0,12.0,143.24,29.0,121.0,27.0,144.38,29.0,21.24000000000001,39.0,58.0,22.76972990617087,122.0,143.24,97,-19.0,-36.0,-0.2
07:44:40,122.0,12.0,141.25,36.0,121.0,36.0,142.5,36.0,19.25,48.0,72.0,22.855268101686658,122.0,141.25,120,-24.0,23.0,-0.2
07:44:41,122.0,12.0,139.0,36.0,121.0,96.0,140.0,36.0,17.0,108.0,72.0,18.480411250834745,122.0,139.0,180,36.0,60.0,0.2
07:44:43,122.65,17.0,129.17,36.0,120.31,51.0,131.0,36.0,6.519999999999982,68.0,72.0,2.62288390897955,122.65,129.17,140,-4.0,-110.0,-0.03
07:44:44,122.61,41.0,126.59,51.0,120.41,54.0,127.6,47.0,3.980000000000004,95.0,98.0,2.9874102496952757,122.61,126.59,193,-3.0,53.0,-0.02
07:44:45,121.92,26.0,123.6,15.0,120.12,64.0,125.09,33.0,1.6799999999999926,90.0,48.0,3.161752678497309,121.92,123.6,138,42.0,-55.0,0.3
07:44:46,120.92,50.0,124.52,31.0,119.97,99.0,190.72,25.0,3.5999999999999943,149.0,56.0,2.592547010178479,120.92,124.52,205,93.0,67.0,0.45
07:44:47,121.54,48.0,318.75,36.0,119.51,69.0,477.71,28.0,197.20999999999998,117.0,64.0,43.021583769080145,121.54,318.75,181,53.0,-24.0,0.29
07:44:52,120.22,45.0,312.95,22.0,119.11,57.0,316.7,44.0,192.73,102.0,66.0,19.938706828677486,120.22,312.95,168,36.0,44.0,0.21
07:44:53,120.9,42.0,248.74,19.0,118.91,33.0,254.2,15.0,127.84,75.0,34.0,23.260921520867477,120.9,248.74,109,41.0,-59.0,0.38
07:44:54,118.72,25.0,217.45,31.0,117.25,95.0,216.77,30.0,98.72999999999999,120.0,61.0,25.963952511125118,118.72,217.45,181,59.0,72.0,0.33
07:44:55,117.24,17.0,188.17,6.0,115.57,56.0,190.0,24.0,70.92999999999999,73.0,30.0,32.78534840443158,117.24,188.17,103,43.0,-78.0,0.42
07:44:56,117.0,91.0,187.8,15.0,86.33,49.0,233.79,39.0,70.80000000000001,140.0,54.0,26.84178924736517,117.0,187.8,194,86.0,91.0,0.44
07:44:57,117.0,56.0,180.27,22.0,101.0,24.0,183.2,10.0,63.27000000000001,80.0,32.0,15.105757180623943,117.0,180.27,112,48.0,-82.0,0.43
07:44:58,117.0,87.0,170.29,21.0,101.0,39.0,171.84,25.0,53.28999999999999,126.0,46.0,9.147856579547694,117.0,170.29,172,80.0,60.0,0.47
07:44:59,117.0,70.0,167.83,36.0,81.39,76.0,168.63,30.0,50.83000000000001,146.0,66.0,4.795768968577978,117.0,167.83,212,80.0,40.0,0.38
07:45:00,117.0,60.0,161.04,24.0,80.44,72.0,162.78,27.0,44.03999999999999,132.0,51.0,5.2920959930802765,117.0,161.04,183,81.0,-29.0,0.44
07:45:01,117.04,47.0,149.23,22.0,91.5,28.0,150.28,32.0,32.18999999999998,75.0,54.0,5.756048992145365,117.04,149.23,129,21.0,-54.0,0.16
07:45:02,122.0,21.0,146.81,31.0,117.08,49.0,148.18,34.0,24.810000000000002,70.0,65.0,4.6824373994724935,122.0,146.81,135,5.0,6.0,0.04
07:45:05,119.0,12.0,137.67,21.0,117.0,60.0,139.57,30.0,18.669999999999987,72.0,51.0,2.3952244153692432,119.0,137.67,123,21.0,60.0,0.17
07:45:06,117.65,46.0,128.62,24.0,112.05,78.0,131.57,14.0,10.969999999999999,124.0,38.0,4.717050985518565,117.65,128.62,162,86.0,39.0,0.53
07:45:07,118.94,51.0,126.8,50.0,117.2,56.0,127.59,41.0,7.859999999999999,107.0,91.0,5.101066555141433,118.94,126.8,198,16.0,36.0,0.08
07:45:08,118.94,32.0,124.13,15.0,117.56,18.0,126.8,30.0,5.189999999999998,50.0,45.0,4.643730181651741,118.94,124.12999999999998,95,5.0,-103.0,0.05
07:45:09,119.75,40.0,125.5,24.0,118.67,12.0,177.0,48.0,5.75,52.0,72.0,2.658542833956982,119.75,125.5,124,-20.0,29.0,-0.16
07:45:10,121.0,27.0,125.21,28.0,118.22,9.0,176.32,40.0,4.209999999999994,36.0,68.0,0.6582020966119464,121.0,125.21,104,-32.0,-20.0,-0.31
07:45:11,121.08,36.0,123.51,41.0,118.0,12.0,124.65,43.0,2.430000000000007,48.0,84.0,0.6091551526371733,121.08,123.50999999999999,132,-36.0,28.0,-0.27
07:45:12,120.0,12.0,123.69,26.0,117.08,26.0,152.0,12.0,3.6899999999999977,38.0,38.0,0.619943545804359,120.0,123.69,76,0.0,-56.0,0.0
07:45:13,118.0,12.0,123.08,36.0,117.0,48.0,251.77,52.0,5.079999999999998,60.0,88.0,0.9779212647164061,118.0,123.08,148,-28.0,72.0,-0.19
07:45:14,118.0,11.0,122.86,21.0,117.0,36.0,269.11,19.0,4.859999999999999,47.0,40.0,1.1526621360939449,118.0,122.86,87,7.0,-61.0,0.08
07:45:15,117.87,62.0,120.46,39.0,114.1,58.0,331.37,41.0,2.589999999999989,120.0,80.0,1.2446967502106214,117.87,120.46,200,40.0,113.0,0.2
07:45:16,117.48,31.0,170.38,34.0,85.5,64.0,283.12,16.0,52.89999999999999,95.0,50.0,10.52216137492596,117.48,170.38,145,45.0,-55.0,0.31
07:45:17,106.38,32.0,205.5,8.0,107.81,48.0,441.25,32.0,99.12,80.0,40.0,16.920799921988962,106.38,205.5,120,40.0,-25.0,0.33
07:45:18,114.0,75.0,160.76,29.0,68.0,63.0,659.29,21.0,46.75999999999999,138.0,50.0,15.700972899791296,114.0,160.76,188,88.0,68.0,0.47
07:45:19,121.55,40.0,305.31,16.0,113.93,98.0,611.59,22.0,183.76,138.0,38.0,35.79958868478765,121.55,305.31,176,100.0,-12.0,0.57
07:45:22,123.0,77.0,262.56,16.0,121.0,99.0,400.57,21.0,139.56,176.0,37.0,77.30699858356911,123.0,262.56,213,139.0,17.0,0.65
07:45:23,123.0,70.0,163.73,26.0,121.0,90.0,274.57,21.0,40.72999999999999,160.0,47.0,75.47072531783404,123.0,163.73,207,113.0,-6.0,0.55
07:45:27,121.78,74.0,166.31,13.0,120.06,85.0,475.65,31.0,44.53,159.0,44.0,8.714506296973594,121.77999999999999,166.31,203,115.0,-106.0,0.57
07:45:28,121.0,126.0,148.86,51.0,119.0,112.0,252.61,31.0,27.860000000000014,238.0,82.0,8.023177674711757,121.0,148.86,320,156.0,117.0,0.49
07:45:29,121.2,60.0,241.33,12.0,120.06,102.0,515.46,13.0,120.13000000000001,162.0,25.0,22.351453644002437,121.2,241.33,187,137.0,-133.0,0.73
07:45:30,123.0,9.0,155.68,19.0,121.0,81.0,340.19,21.0,32.68000000000001,90.0,40.0,21.274421261223274,123.0,155.68,130,50.0,-57.0,0.38
07:45:31,123.0,13.0,129.38,13.0,121.0,117.0,238.67,33.0,6.3799999999999955,130.0,46.0,21.234113591105917,123.0,129.38,176,84.0,46.0,0.48
07:45:32,123.0,6.0,129.0,6.0,121.0,54.0,198.0,30.0,6.0,60.0,36.0,22.935338018001627,123.0,129.0,96,24.0,-80.0,0.25
07:45:33,123.0,13.0,127.92,13.0,121.0,117.0,353.24,49.0,4.920000000000002,130.0,62.0,23.985259431575713,123.0,127.92,192,68.0,96.0,0.35
07:45:34,121.12,67.0,125.64,11.0,119.78,92.0,359.0,55.0,4.519999999999996,159.0,66.0,6.396098810993844,121.12,125.64,225,93.0,33.0,0.41
07:45:35,121.0,84.0,124.0,13.0,119.0,104.0,346.27,49.0,3.0,188.0,62.0,1.6635744648191588,121.0,124.0,250,126.0,25.0,0.5
07:45:36,121.66,35.0,135.6,10.0,120.5,64.0,479.8,30.0,13.939999999999998,99.0,40.0,2.4018076525813075,121.65999999999998,135.6,139,59.0,-111.0,0.42
07:45:37,122.0,16.0,323.38,32.0,121.0,48.0,492.5,20.0,201.38,64.0,52.0,43.75529647939766,122.0,323.38,116,12.0,-23.0,0.1
07:45:38,122.5,48.0,391.5,10.0,120.64,22.0,442.93,14.0,269.0,70.0,24.0,64.19279437756217,122.5,391.5,94,46.0,-22.0,0.49
07:45:39,123.0,66.0,404.77,13.0,120.66,29.0,503.41,61.0,281.77,95.0,74.0,68.80915527747715,123.0,404.77000000000004,169,21.0,75.0,0.12
07:45:40,123.0,30.0,369.45,31.0,120.73,15.0,379.16,61.0,246.45,45.0,92.0,55.38557420484098,123.0,369.45,137,-47.0,-32.0,-0.34
07:45:41,123.0,28.0,285.08,26.0,121.0,14.0,298.75,16.0,162.07999999999998,42.0,42.0,24.916038409023564,123.0,285.08,84,0.0,-53.0,0.0
07:45:42,123.6,10.0,284.36,11.0,122.71,14.0,285.23,13.0,160.76000000000002,24.0,24.0,29.003990759892673,123.6,284.36,48,0.0,-36.0,0.0
07:45:43,120.5,30.0,214.87,15.0,121.33,27.0,262.6,15.0,94.37,57.0,30.0,38.15082069890435,120.5,214.87,87,27.0,39.0,0.31
07:45:44,119.0,55.0,138.71,17.0,118.0,33.0,139.38,16.0,19.710000000000008,88.0,33.0,44.13546793679617,119.0,138.71,121,55.0,34.0,0.45
07:45:45,119.11,71.0,134.55,20.0,118.11,47.0,168.17,18.0,15.440000000000012,118.0,38.0,38.09978648234102,119.11,134.55,156,80.0,35.0,0.51
07:45:46,119.0,50.0,129.86,14.0,118.0,30.0,131.14,14.0,10.860000000000014,80.0,28.0,34.87044780326149,119.0,129.86,108,52.0,-48.0,0.48
07:45:47,121.5,60.0,126.89,28.0,118.79,84.0,128.35,26.0,5.390000000000001,144.0,54.0,18.702317236107216,121.5,126.89,198,90.0,90.0,0.45
07:45:48,121.89,36.0,125.52,31.0,118.97,115.0,139.04,26.0,3.6299999999999955,151.0,57.0,2.1802683321090806,121.89,125.52,208,94.0,10.0,0.45
07:45:49,121.0,6.0,125.9,21.0,119.0,30.0,196.0,8.0,4.900000000000006,36.0,29.0,1.3475793112089223,121.0,125.9,65,7.0,-143.0,0.11
07:45:50,119.16,25.0,125.0,16.0,118.12,82.0,126.0,24.0,5.840000000000003,107.0,40.0,0.9203097304705841,119.16,125.0,147,67.0,82.0,0.46
07:45:51,119.36,28.0,124.67,18.0,118.08,78.0,125.82,22.0,5.310000000000002,106.0,40.0,0.9899848483684468,119.36,124.67,146,66.0,-1.0,0.45
07:45:52,118.14,116.0,121.55,40.0,117.43,174.0,122.47,43.0,3.4099999999999966,290.0,83.0,1.5355227123033932,118.14,121.55,373,207.0,169.5,0.55
07:45:53,117.72,128.0,119.07,14.0,115.46,134.0,121.0,28.0,1.3499999999999943,262.0,42.0,2.0107784562204163,117.72,119.07000000000001,304,220.0,-69.0,0.72
07:45:54,117.0,102.0,147.7,10.0,108.88,43.0,222.54,13.0,30.69999999999999,145.0,23.0,5.485757012482332,117.0,147.7,168,122.0,-136.0,0.73
07:45:55,117.0,70.0,317.57,14.0,96.17,23.0,408.65,20.0,200.57,93.0,34.0,42.45388639453387,117.0,317.57,127,59.0,-41.0,0.46
07:45:56,117.0,40.0,270.0,16.0,105.83,18.0,424.0,9.0,153.0,58.0,25.0,45.94279410310152,117.0,270.0,83,33.0,-44.0,0.4
07:45:57,121.47,204.0,283.51,35.0,101.57,56.0,329.06,51.0,162.04,260.0,86.0,44.39850369100258,121.47,283.51,346,174.0,169.5,0.5
07:46:19,123.19,52.0,126.0,52.0,122.58,77.0,531.35,23.0,2.8100000000000023,129.0,75.0,1.8585881738520327,123.19,126.0,204,54.0,-2.0,0.26
07:46:20,123.33,30.0,125.6,40.0,122.69,65.0,147.0,30.0,2.269999999999996,95.0,70.0,1.4897483008827566,123.33,125.6,165,25.0,-39.0,0.15
07:46:21,123.0,45.0,124.56,36.0,122.0,36.0,147.0,27.0,1.5600000000000023,81.0,63.0,1.1155850482968308,123.0,124.56,144,18.0,-21.0,0.12
07:46:22,123.0,38.0,166.63,30.0,122.0,40.0,259.8,30.0,43.629999999999995,78.0,60.0,9.068066497329056,123.0,166.63,138,18.0,-6.0,0.13
07:46:23,122.5,20.0,229.79,19.0,121.25,80.0,248.92,39.0,107.28999999999999,100.0,58.0,22.71066973913311,122.5,229.79000000000002,158,42.0,20.0,0.27
07:46:24,122.0,11.0,198.63,27.0,121.0,66.0,201.77,22.0,76.63,77.0,49.0,22.75857706448215,122.0,198.63,126,28.0,-32.0,0.22
07:46:25,122.15,39.0,162.8,51.0,120.73,52.0,168.38,32.0,40.650000000000006,91.0,83.0,19.743649105471135,122.15,162.8,174,8.0,48.0,0.05
07:46:26,122.01,81.0,151.89,27.0,121.17,58.0,152.33,18.0,29.87999999999998,139.0,45.0,15.971717190082286,122.01000000000002,151.89,184,94.0,10.0,0.51
07:46:27,122.84,98.0,148.83,35.0,121.46,61.0,150.12,50.0,25.99000000000001,159.0,85.0,17.44027436710704,122.84,148.83,244,74.0,60.0,0.3
07:46:28,122.2,61.0,146.44,9.0,121.4,60.0,148.0,36.0,24.239999999999995,121.0,45.0,10.70090977440589,122.2,146.44,166,76.0,-78.0,0.46
07:46:29,122.0,63.0,142.38,21.0,121.0,54.0,146.0,16.0,20.379999999999995,117.0,37.0,3.8611436129699235,122.0,142.38,154,80.0,-12.0,0.52
07:46:30,121.93,91.0,125.2,35.0,120.75,96.0,127.18,39.0,3.269999999999996,187.0,74.0,5.338981176215234,121.93,125.2,261,113.0,107.0,0.43
07:46:31,121.0,30.0,123.06,17.0,119.0,60.0,125.29,7.0,2.0600000000000023,90.0,24.0,6.35343371728882,121.0,123.06,114,66.0,-147.0,0.58
07:46:32,121.0,34.0,122.7,20.0,119.0,132.0,236.86,22.0,1.7000000000000028,166.0,42.0,5.985200080196499,121.0,122.7,208,124.0,94.0,0.6
07:46:33,121.0,26.0,122.23,13.0,119.0,156.0,385.48,29.0,1.230000000000004,182.0,42.0,4.503090050175085,121.0,122.23,224,140.0,16.0,0.62
07:46:34,121.0,10.0,292.4,15.0,119.0,84.0,412.4,20.0,171.39999999999998,94.0,35.0,37.767128961571544,121.0,292.4,129,59.0,-95.0,0.46
07:46:36,119.26,69.0,337.12,32.0,118.78,92.0,594.61,41.0,217.86,161.0,73.0,75.94386525585816,119.26,337.12,234,88.0,24.0,0.38
07:46:37,119.0,63.0,391.42,24.0,118.0,28.0,490.97,29.0,272.42,91.0,53.0,66.31236709694446,119.0,391.42,144,38.0,-90.0,0.26
07:46:38,120.17,72.0,350.14,56.0,118.75,79.0,402.88,41.0,229.96999999999997,151.0,97.0,35.40580178445203,120.17,350.14,248,54.0,104.0,0.22
07:46:39,123.0,69.0,272.72,18.0,121.0,44.0,293.51,45.0,149.72000000000003,113.0,63.0,37.93436858575488,123.0,272.72,176,50.0,-72.0,0.28
07:46:40,123.0,15.0,186.6,5.0,121.0,20.0,189.0,25.0,63.599999999999994,35.0,30.0,39.08896736932209,123.0,186.6,65,5.0,-111.0,0.08
07:46:41,123.0,30.0,185.5,16.0,121.0,40.0,284.61,41.0,62.5,70.0,57.0,45.88806522397669,123.0,185.5,127,13.0,62.0,0.1
07:46:42,123.46,35.0,183.8,40.0,121.15,39.0,186.0,10.0,60.34000000000002,74.0,50.0,36.57275721079769,123.45999999999998,183.8,124,24.0,-3.0,0.19
07:46:46,122.71,28.0,126.25,12.0,121.71,31.0,128.0,48.0,3.5400000000000063,59.0,60.0,11.932211446332543,122.71,126.25,119,-1.0,3.0,-0.01
07:46:47,118.67,27.0,123.63,19.0,117.22,55.0,127.61,31.0,4.959999999999994,82.0,50.0,4.65987875378689,118.67,123.63,132,32.0,13.0,0.24
07:46:48,119.0,45.0,123.0,40.0,118.0,30.0,124.0,10.0,4.0,75.0,50.0,3.019812908111433,119.0,123.0,125,25.0,-7.0,0.2
07:46:49,119.69,58.0,133.61,31.0,118.14,35.0,181.95,37.0,13.920000000000016,93.0,68.0,2.7874773541674855,119.69,133.61,161,25.0,36.0,0.16
07:46:50,118.29,34.0,203.63,27.0,117.38,42.0,247.47,34.0,85.33999999999999,76.0,61.0,16.99956970043628,118.29,203.63,137,15.0,-24.0,0.11
07:46:51,117.5,40.0,208.67,21.0,105.4,25.0,211.38,29.0,91.16999999999999,65.0,50.0,21.542399355688893,117.5,208.67,115,15.0,-22.0,0.13
07:46:52,108.71,28.0,192.62,13.0,59.0,15.0,199.19,21.0,83.91000000000001,43.0,34.0,19.525378357409117,108.71,192.62,77,9.0,-38.0,0.12
07:46:53,108.78,54.0,148.65,26.0,53.65,46.0,198.12,24.0,39.870000000000005,100.0,50.0,17.394420944658638,108.78,148.65,150,50.0,73.0,0.33
07:46:54,123.0,48.0,147.62,32.0,117.0,34.0,169.38,32.0,24.620000000000005,82.0,64.0,15.287867084717139,123.0,147.62,146,18.0,-4.0,0.12
07:46:55,123.0,72.0,145.34,38.0,117.0,60.0,146.81,58.0,22.340000000000003,132.0,96.0,14.151260367895944,123.0,145.34,228,36.0,82.0,0.16
07:46:56,123.0,7.0,142.57,21.0,117.0,35.0,144.0,35.0,19.569999999999993,42.0,56.0,8.38896000705615,123.0,142.57,98,-14.0,-130.0,-0.14
07:46:57,123.0,10.0,138.66,38.0,117.62,26.0,141.61,31.0,15.659999999999997,36.0,69.0,2.6340994666092477,123.0,138.66,105,-33.0,7.0,-0.31
07:46:58,123.0,11.0,135.45,33.0,118.0,22.0,138.0,55.0,12.449999999999989,33.0,88.0,2.461966693517816,123.0,135.45,121,-55.0,16.0,-0.45
07:46:59,118.53,17.0,134.33,27.0,107.54,28.0,136.07,42.0,15.800000000000011,45.0,69.0,3.033941331007035,118.53,134.33,114,-24.0,-7.0,-0.21
07:47:00,117.44,18.0,132.2,25.0,108.65,46.0,133.45,31.0,14.759999999999991,64.0,56.0,3.228048946344315,117.44,132.2,120,8.0,6.0,0.07
07:47:01,118.22,9.0,127.9,20.0,117.0,45.0,128.88,25.0,9.680000000000007,54.0,45.0,3.1687268736823277,118.22,127.9,99,9.0,-21.0,0.09
07:47:02,119.0,35.0,124.9,42.0,117.0,43.0,126.25,40.0,5.900000000000006,78.0,82.0,2.8717712304426843,119.0,124.9,160,-4.0,61.0,-0.03
07:47:03,119.0,36.0,123.87,31.0,117.0,36.0,163.91,34.0,4.8700000000000045,72.0,65.0,2.071171166272806,119.0,123.87,137,7.0,-23.0,0.05
07:47:04,119.0,28.0,313.0,30.0,117.0,42.0,496.83,48.0,194.0,70.0,78.0,41.692629804318926,119.0,313.0,148,-8.0,11.0,-0.05
07:47:05,123.0,8.0,263.0,24.0,120.91,22.0,310.0,40.0,140.0,30.0,64.0,45.83584623414266,123.0,263.0,94,-34.0,-54.0,-0.36
07:47:06,123.0,8.0,285.5,30.0,121.0,24.0,394.57,28.0,162.5,32.0,58.0,46.03292484733025,123.0,285.5,90,-26.0,-4.0,-0.29
07:47:07,117.93,30.0,208.58,62.0,91.72,106.0,286.92,24.0,90.65,136.0,86.0,37.95300778594428,117.93,208.58,222,50.0,132.0,0.23
07:47:08,117.7,23.0,193.82,55.0,95.97,33.0,392.68,31.0,76.11999999999999,56.0,86.0,26.041299506743908,117.7,193.82,142,-30.0,-80.0,-0.21
07:47:09,119.0,7.0,204.0,35.0,117.0,23.0,428.67,33.0,85.0,30.0,68.0,21.61182037682042,119.0,204.0,98,-38.0,-44.0,-0.39
07:47:10,120.71,7.0,213.03,31.0,117.24,17.0,279.0,32.0,92.32000000000001,24.0,63.0,19.382831836446268,120.71,213.03,87,-39.0,-11.0,-0.45
07:47:12,119.0,7.0,237.22,23.0,117.0,21.0,426.09,33.0,118.22,28.0,56.0,10.23280362363888,119.0,237.22000000000003,84,-28.0,4.0,-0.33
07:47:13,119.0,7.0,235.27,22.0,117.0,21.0,319.27,33.0,116.27000000000001,28.0,55.0,7.897966193897813,119.0,235.27,83,-27.0,-1.0,-0.33
07:47:14,119.0,7.0,242.0,21.0,117.0,21.0,449.82,34.0,123.0,28.0,55.0,5.442597725346679,119.0,242.0,83,-27.0,0.0,-0.33
07:47:15,119.2,10.0,241.18,34.0,117.15,26.0,358.14,22.0,121.98,36.0,56.0,1.4081441687363316,119.2,241.18000000000004,92,-20.0,9.0,-0.22
07:47:16,118.31,16.0,236.67,48.0,114.05,40.0,240.32,38.0,118.35999999999999,56.0,86.0,1.5576360293555278,118.31,236.67,142,-30.0,50.0,-0.21
07:47:17,119.09,23.0,238.32,38.0,113.72,67.0,455.08,37.0,119.22999999999999,90.0,75.0,1.5250999967039347,119.09,238.32,165,15.0,23.0,0.09
07:47:18,119.5,48.0,168.69,36.0,116.81,53.0,250.78,41.0,49.19,101.0,77.0,15.752572170917137,119.5,168.69,178,24.0,13.0,0.13
07:47:19,118.59,37.0,218.0,35.0,107.23,52.0,232.53,17.0,99.41,89.0,52.0,15.07504991699714,118.59,218.0,141,37.0,-37.0,0.26
07:47:20,121.91,33.0,215.43,14.0,119.53,15.0,226.98,41.0,93.52000000000001,48.0,55.0,13.917592104956869,121.91,215.43,103,-7.0,-38.0,-0.07
