Time,Bid1_Price,Bid1_Volume,Ask1_Price,Ask1_Volume,Bid2_Price,Bid2_Volume,Ask2_Price,Ask2_Volume,Bid_Ask_Spread,Market_Depth_Bid,Market_Depth_Ask,Historical_Volatility,Weighted_Avg_Bid_Price,Weighted_Avg_Ask_Price,Total_volume,Cumulative_Volume_Difference,Total_Volume_Change_Corrected,Order_imbalance,Weighted_Avg_Price,Trade_Volume
07:30:04,265.0,24.0,285.0,12.0,261.0,4.0,397.6,15.0,20.0,28.0,27.0,,265.0,285.0,55,1.0,-12.0,0.02,,
07:30:05,265.0,36.0,342.47,15.0,261.0,6.0,437.0,18.0,77.47000000000003,42.0,33.0,120.59478873483714,265.0,342.47,75,9.0,20.0,0.12,,
07:30:11,246.81,68.0,256.0,15.0,245.3,71.0,258.0,45.0,9.189999999999998,139.0,60.0,22.54553015566508,246.81000000000003,256.0,199,79.0,40.0,0.4,,
07:30:12,249.0,36.0,256.0,9.0,248.0,45.0,258.0,27.0,7.0,81.0,36.0,19.55069436107072,249.0,256.0,117,45.0,-82.0,0.38,,
07:30:13,250.5,60.0,256.0,12.0,249.0,48.0,258.0,36.0,5.5,108.0,48.0,18.570236132047476,250.5,256.0,156,60.0,39.0,0.38,,
07:30:14,250.98,57.0,253.6,35.0,248.7,53.0,257.07,28.0,2.6200000000000045,110.0,63.0,12.57058192765955,250.98,253.6,173,47.0,17.0,0.27,253.0,4.0
07:30:15,250.91,11.0,256.0,11.0,249.0,44.0,257.0,53.0,5.090000000000003,55.0,64.0,0.8198597441027718,250.91,256.0,119,-9.0,-54.0,-0.08,253.0,
07:30:16,253.14,28.0,256.0,13.0,251.54,28.0,257.0,104.0,2.8600000000000136,56.0,117.0,0.9026738059787835,253.14,256.0,173,-61.0,54.0,-0.35,253.0,
07:30:17,254.86,37.0,256.83,48.0,252.85,13.0,257.19,79.0,1.9699999999999704,50.0,127.0,1.366279619990066,254.86,256.83,177,-77.0,4.0,-0.44,256.0,1.0
07:30:18,254.0,9.0,257.0,32.0,251.55,11.0,258.0,27.0,3.0,20.0,59.0,1.4724876909503115,254.0,257.0,79,-39.0,-98.0,-0.49,257.0,5.0
07:30:19,254.11,35.0,257.0,31.0,250.34,35.0,258.0,51.0,2.8899999999999864,70.0,82.0,0.983935973526802,254.11,257.0,152,-12.0,73.0,-0.08,257.0,2.0
07:30:20,245.67,45.0,255.5,26.0,238.97,75.0,258.64,39.0,9.830000000000013,120.0,65.0,2.1953746832830494,245.67,255.5,185,55.0,33.0,0.3,254.75,4.0
07:30:21,244.62,24.0,254.0,23.0,239.34,56.0,257.0,28.0,9.379999999999995,80.0,51.0,3.1524038446874574,244.62,254.0,131,29.0,-54.0,0.22,254.0,1.0
07:30:22,243.0,6.0,253.11,18.0,242.0,30.0,255.0,8.0,10.110000000000014,36.0,26.0,3.5179425805434152,243.0,253.11,62,10.0,-69.0,0.16,254.0,
07:30:23,243.0,12.0,254.0,30.0,242.0,60.0,274.83,36.0,11.0,72.0,66.0,3.038572033044572,243.0,254.0,138,6.0,76.0,0.04,255.27,11.0
07:30:24,243.0,6.0,258.0,6.0,242.0,30.0,279.0,30.0,15.0,36.0,36.0,1.1418844074602037,243.0,258.0,72,0.0,-66.0,0.0,255.27,
07:30:25,243.0,6.0,258.0,6.0,242.0,30.0,273.0,30.0,15.0,36.0,36.0,1.1214187442702797,243.0,258.0,72,0.0,0.0,0.0,255.27,
07:30:26,244.77,13.0,273.42,33.0,242.82,17.0,282.74,19.0,28.65000000000001,30.0,52.0,4.484765322734353,244.77,273.42,82,-22.0,10.0,-0.27,258.0,1.0
07:30:27,260.62,24.0,273.0,24.0,251.33,12.0,276.0,12.0,12.379999999999995,36.0,36.0,7.72985252123222,260.62,273.0,72,0.0,-10.0,0.0,258.0,
07:30:28,262.14,14.0,273.0,12.0,256.67,6.0,276.0,6.0,10.860000000000014,20.0,18.0,8.350103592171745,262.14,273.0,38,2.0,-34.0,0.05,258.0,
07:30:29,263.0,50.0,272.57,28.0,260.0,11.0,274.71,14.0,9.569999999999991,61.0,42.0,7.54517262890643,263.0,272.57,103,19.0,65.0,0.18,263.0,1.0
07:30:30,263.0,28.0,270.71,28.0,260.0,7.0,273.0,14.0,7.7099999999999795,35.0,42.0,3.673394887566272,263.0,270.71,77,-7.0,-26.0,-0.09,263.0,
07:30:31,263.0,28.0,270.0,28.0,260.0,7.0,273.0,14.0,7.0,35.0,42.0,0.5473846910517188,263.0,270.0,77,-7.0,0.0,-0.09,263.0,
07:30:32,263.0,28.0,270.0,28.0,260.0,7.0,273.0,14.0,7.0,35.0,42.0,0.6039288037490843,263.0,270.0,77,-7.0,0.0,-0.09,263.0,
07:30:33,263.0,36.0,268.67,36.0,260.0,9.0,273.12,16.0,5.670000000000016,45.0,52.0,0.715981843343737,263.0,268.67,97,-7.0,20.0,-0.07,263.0,
07:30:34,264.0,13.0,267.38,52.0,263.0,85.0,274.0,13.0,3.3799999999999955,98.0,65.0,0.4959132988718778,264.0,267.38,163,33.0,66.0,0.2,263.0,
07:30:35,263.61,18.0,266.18,49.0,262.96,78.0,274.95,22.0,2.569999999999993,96.0,71.0,0.6647781584845607,263.61,266.18,167,25.0,4.0,0.15,264.0,1.0
07:30:36,263.0,70.0,273.5,34.0,260.0,10.0,274.56,34.0,10.5,80.0,68.0,1.2623113720465498,263.0,273.5,148,12.0,-19.0,0.08,264.0,
07:30:37,263.0,91.0,268.38,37.0,260.0,13.0,271.32,41.0,5.379999999999996,104.0,78.0,1.271581692223542,263.0,268.38,182,26.0,34.0,0.14,264.0,
07:30:38,263.0,87.0,264.0,15.0,260.0,23.0,265.0,45.0,1.0,110.0,60.0,1.7276081731683903,263.0,264.0,170,50.0,-12.0,0.29,263.0,3.0
07:30:39,263.51,41.0,265.87,30.0,262.12,34.0,271.05,40.0,2.3600000000000136,75.0,70.0,1.77274645677217,263.51,265.87,145,5.0,-25.0,0.03,264.0,5.0
07:30:40,261.58,33.0,272.0,52.0,260.2,20.0,274.0,32.0,10.420000000000016,53.0,84.0,1.8381730060030208,261.58,272.0,137,-31.0,-8.0,-0.23,263.2,5.0
07:30:41,260.0,22.0,271.95,42.0,259.0,11.0,273.8,40.0,11.949999999999989,33.0,82.0,1.2690744658995827,260.0,271.95,115,-49.0,-22.0,-0.43,263.2,
07:30:42,260.0,22.0,269.91,22.0,259.0,11.0,273.0,44.0,9.910000000000023,33.0,66.0,1.2597102841520138,260.0,269.91,99,-33.0,-16.0,-0.33,263.2,
07:30:43,252.0,14.0,268.17,24.0,250.0,42.0,270.78,18.0,16.170000000000016,56.0,42.0,2.6081353492482835,252.0,268.17,98,14.0,-1.0,0.14,257.75,4.0
07:30:44,253.0,42.0,268.0,56.0,252.0,28.0,269.0,28.0,15.0,70.0,84.0,3.1482296612538505,253.0,268.0,154,-14.0,56.0,-0.09,257.75,
07:30:45,260.01,108.0,267.2,40.0,254.16,38.0,268.14,56.0,7.189999999999998,146.0,96.0,2.637085512454717,260.01,267.2,242,50.0,88.0,0.21,257.75,
07:30:46,262.21,86.0,266.0,20.0,258.86,44.0,268.0,40.0,3.790000000000021,130.0,60.0,2.209203476368484,262.21,266.0,190,70.0,-52.0,0.37,257.75,
07:30:47,262.0,130.0,264.23,26.0,260.0,39.0,268.0,59.0,2.230000000000018,169.0,85.0,1.8553166845578224,262.0,264.23,254,84.0,64.0,0.33,257.75,
07:30:48,262.0,100.0,264.0,20.0,260.0,30.0,268.0,77.0,2.0,130.0,97.0,1.391215296062606,262.0,264.0,227,33.0,-27.0,0.15,257.75,
07:30:49,262.0,92.0,265.67,24.0,260.0,30.0,268.3,53.0,3.670000000000016,122.0,77.0,0.4660472079076404,262.0,265.67,199,45.0,-28.0,0.23,262.0,2.0
07:30:50,262.04,92.0,268.0,36.0,260.39,41.0,269.0,48.0,5.95999999999998,133.0,84.0,0.818645222302356,262.04,268.0,217,49.0,18.0,0.23,262.0,
07:30:51,264.53,68.0,268.0,51.0,262.07,108.0,269.0,68.0,3.4700000000000277,176.0,119.0,1.3828159675092238,264.53,268.0,295,57.0,78.0,0.19,262.0,
07:30:52,263.62,52.0,268.0,30.0,261.75,16.0,269.0,40.0,4.379999999999996,68.0,70.0,1.3582820031195648,263.62,268.0,138,-2.0,-157.0,-0.01,264.8,5.0
07:30:53,262.0,120.0,268.0,45.0,260.0,45.0,269.0,60.0,6.0,165.0,105.0,0.9278631364584414,262.0,268.0,270,60.0,132.0,0.22,264.8,
07:30:54,262.0,72.0,268.0,27.0,260.0,27.0,269.0,36.0,6.0,99.0,63.0,0.5853375094750597,262.0,268.0,162,36.0,-108.0,0.22,264.8,
07:30:55,262.0,80.0,268.0,30.0,260.0,30.0,269.0,40.0,6.0,110.0,70.0,0.5887953804153584,262.0,268.0,180,40.0,18.0,0.22,264.8,
07:30:56,262.0,72.0,267.6,30.0,260.0,27.0,268.59,41.0,5.600000000000023,99.0,71.0,0.3942334333849611,262.0,267.6,170,28.0,-10.0,0.16,264.8,
07:30:57,262.0,140.0,267.0,126.0,260.0,54.0,268.14,74.0,5.0,194.0,200.0,0.2190890229986664,262.0,267.0,394,-6.0,168.0,-0.02,262.0,1.0
07:30:58,262.06,72.0,266.0,42.0,260.84,57.0,266.66,68.0,3.9399999999999977,129.0,110.0,0.4102194534618513,262.06,266.0,239,19.0,-155.0,0.08,262.0,1.0
07:30:59,262.26,35.0,264.08,37.0,261.57,69.0,266.75,44.0,1.8199999999999927,104.0,81.0,0.729691715725617,262.26,264.08,185,23.0,-54.0,0.12,262.2,5.0
07:31:00,262.0,24.0,265.87,38.0,260.0,36.0,266.69,48.0,3.870000000000005,60.0,86.0,0.622036976391787,262.0,265.87,146,-26.0,-39.0,-0.18,264.0,1.0
07:31:01,262.71,34.0,266.92,78.0,260.53,45.0,269.27,83.0,4.210000000000036,79.0,161.0,0.6249159943533454,262.71,266.92,240,-82.0,94.0,-0.34,264.0,4.0
07:31:02,262.0,28.0,266.0,56.0,260.0,42.0,269.36,70.0,4.0,70.0,126.0,0.5809647149342659,262.0,266.0,196,-56.0,-44.0,-0.29,264.0,
07:31:03,262.0,30.0,265.4,60.0,260.0,45.0,269.8,75.0,3.3999999999999773,75.0,135.0,0.5936076145052984,262.0,265.4,210,-60.0,14.0,-0.29,264.0,
07:31:04,261.19,27.0,265.0,56.0,259.67,36.0,269.0,70.0,3.8100000000000014,63.0,126.0,0.619459441770567,261.19,265.0,189,-63.0,-21.0,-0.33,264.0,
07:31:05,264.0,16.0,265.0,64.0,260.0,48.0,269.0,80.0,1.0,64.0,144.0,0.6749444421570356,264.0,265.0,208,-80.0,19.0,-0.38,264.0,
07:31:06,262.5,24.0,267.22,54.0,261.0,36.0,270.12,68.0,4.720000000000027,60.0,122.0,0.6897825744382627,262.5,267.22,182,-62.0,-26.0,-0.34,264.0,1.0
07:31:07,260.8,30.0,268.02,63.0,259.21,57.0,269.94,80.0,7.21999999999997,87.0,143.0,0.7094152521610012,260.8,268.02,230,-56.0,48.0,-0.24,261.5,4.0
07:31:08,260.0,26.0,265.4,15.0,259.0,65.0,267.12,41.0,5.399999999999977,91.0,56.0,0.9535565006850448,260.0,265.4,147,35.0,-83.0,0.24,261.5,
07:31:09,260.0,20.0,266.5,26.0,259.0,50.0,269.4,30.0,6.5,70.0,56.0,0.9212111592890552,260.0,266.5,126,14.0,-21.0,0.11,261.5,
07:31:10,260.0,32.0,264.9,40.0,259.0,80.0,268.57,56.0,4.899999999999977,112.0,96.0,1.0579366710719251,260.0,264.9,208,16.0,82.0,0.08,261.5,
07:31:11,259.08,49.0,266.06,31.0,258.16,64.0,267.92,53.0,6.980000000000018,113.0,84.0,0.8060893250743261,259.08,266.06,197,29.0,-11.0,0.15,261.33,3.0
07:31:12,262.61,108.0,265.0,19.0,258.64,101.0,269.57,104.0,2.3899999999999864,209.0,123.0,0.5670802412346688,262.61,265.0,332,86.0,135.0,0.26,261.33,
07:31:13,264.0,34.0,268.75,16.0,259.0,30.0,270.55,33.0,4.75,64.0,49.0,1.5996937206849084,264.0,268.75,113,15.0,-168.0,0.13,264.0,1.0
07:31:14,264.0,45.0,270.0,54.0,259.0,45.0,271.62,39.0,6.0,90.0,93.0,2.131377488855203,264.0,270.0,183,-3.0,70.0,-0.02,264.0,
07:31:15,264.68,44.0,270.0,54.0,262.08,39.0,271.0,27.0,5.319999999999993,83.0,81.0,2.1106278686681508,264.68,270.0,164,2.0,-19.0,0.01,264.0,1.0
07:31:16,265.0,45.0,270.0,54.0,264.0,36.0,271.0,27.0,5.0,81.0,81.0,1.5134331831959298,265.0,270.0,162,0.0,-2.0,0.0,264.0,
07:31:17,265.0,65.0,268.93,45.0,264.0,52.0,269.67,58.0,3.930000000000007,117.0,103.0,0.431184415301014,265.0,268.93,220,14.0,58.0,0.06,264.0,
07:31:18,265.0,41.0,267.52,29.0,264.0,44.0,268.74,47.0,2.519999999999982,85.0,76.0,0.4777865632251327,265.0,267.52,161,9.0,-59.0,0.06,265.0,2.0
07:31:19,265.0,17.0,267.08,39.0,264.0,52.0,270.96,68.0,2.079999999999984,69.0,107.0,0.6475492259268849,265.0,267.08,176,-38.0,15.0,-0.22,265.0,2.0
07:31:20,264.0,13.0,274.0,35.0,263.0,7.0,276.0,7.0,10.0,20.0,42.0,1.1833765250326815,264.0,274.0,62,-22.0,-114.0,-0.35,264.25,4.0
07:31:21,264.0,9.0,273.76,33.0,263.0,9.0,274.38,26.0,9.759999999999993,18.0,59.0,1.4212670403546177,264.0,273.76,77,-41.0,15.0,-0.53,264.25,
07:31:22,259.24,42.0,273.0,20.0,258.17,58.0,274.63,51.0,13.759999999999993,100.0,71.0,1.5362291495732003,259.24,273.0,171,29.0,94.0,0.17,261.4,5.0
07:31:23,259.0,50.0,273.0,20.0,258.0,70.0,274.0,50.0,14.0,120.0,70.0,1.5822515602768072,259.0,273.0,190,50.0,19.0,0.26,261.4,
07:31:24,259.0,65.0,272.97,71.0,258.0,91.0,273.92,65.0,13.970000000000027,156.0,136.0,1.5916092485275335,259.0,272.97,292,20.0,102.0,0.07,261.4,
07:31:25,260.11,44.0,271.46,26.0,258.41,75.0,273.87,115.0,11.349999999999966,119.0,141.0,1.304542065246775,260.11,271.46,260,-22.0,-32.0,-0.08,261.4,
07:31:26,264.78,41.0,271.0,20.0,261.22,18.0,273.0,50.0,6.220000000000027,59.0,70.0,0.8645634736665209,264.78,271.0,129,-11.0,-131.0,-0.09,261.4,
07:31:27,264.0,72.0,270.56,18.0,259.0,45.0,273.33,45.0,6.560000000000002,117.0,63.0,0.937309980741886,264.0,270.56,180,54.0,51.0,0.3,261.4,
07:31:28,264.0,112.0,269.86,28.0,259.0,70.0,273.0,70.0,5.860000000000014,182.0,98.0,0.8815781303993392,264.0,269.86,280,84.0,100.0,0.3,261.4,
07:31:29,264.0,38.0,268.5,32.0,259.0,65.0,272.7,80.0,4.5,103.0,112.0,0.8297710527599804,264.0,268.5,215,-9.0,-65.0,-0.04,264.0,6.0
07:31:30,264.0,18.0,266.22,36.0,259.0,45.0,269.0,18.0,2.2200000000000277,63.0,54.0,1.0648567978833323,264.0,266.22,117,9.0,-98.0,0.08,264.0,
07:31:31,264.0,20.0,265.33,24.0,259.0,50.0,267.26,38.0,1.329999999999984,70.0,62.0,1.1308492384036375,264.0,265.33,132,8.0,15.0,0.06,265.0,2.0
07:31:32,264.8,10.0,266.0,36.0,262.81,21.0,274.0,62.0,1.1999999999999886,31.0,98.0,0.9097362255060228,264.8,266.0,129,-67.0,-3.0,-0.52,265.0,
07:31:33,264.08,24.0,265.92,52.0,259.55,53.0,274.0,137.0,1.840000000000032,77.0,189.0,0.5988572450907955,264.08,265.92,266,-112.0,137.0,-0.42,265.0,1.0
07:31:34,264.0,21.0,265.0,52.0,259.0,65.0,274.0,80.0,1.0,86.0,132.0,0.3572534114568383,264.0,265.0,218,-46.0,-48.0,-0.21,264.0,1.0
07:31:35,264.0,12.0,265.0,48.0,259.36,55.0,274.17,60.0,1.0,67.0,108.0,0.3859792740517129,264.0,265.0,175,-41.0,-43.0,-0.23,264.0,
07:31:36,260.31,39.0,264.86,44.0,259.21,57.0,273.62,58.0,4.550000000000011,96.0,102.0,1.0788975854998009,260.31,264.86,198,-6.0,23.0,-0.03,264.0,1.0
07:31:37,260.0,44.0,262.09,22.0,259.0,55.0,265.0,44.0,2.089999999999975,99.0,66.0,1.6640823296931126,260.0,262.09,165,33.0,-33.0,0.2,264.0,
07:31:38,260.0,37.0,261.2,20.0,259.0,50.0,265.0,40.0,1.1999999999999886,87.0,60.0,1.8446598602442612,260.0,261.2,147,27.0,-18.0,0.18,260.0,1.0
07:31:39,261.68,76.0,263.81,27.0,259.38,32.0,268.95,38.0,2.1299999999999955,108.0,65.0,1.5475044426418276,261.68,263.81,173,43.0,26.0,0.25,261.0,2.0
07:31:40,262.0,192.0,263.83,48.0,260.0,36.0,270.96,115.0,1.829999999999984,228.0,163.0,1.0744626563990096,262.0,263.83,391,65.0,168.0,0.17,263.0,2.0
07:31:41,262.0,254.0,268.7,71.0,260.0,51.0,271.06,155.0,6.699999999999989,305.0,226.0,1.8753746292397997,262.0,268.7,531,79.0,140.0,0.15,262.0,2.0
07:31:42,262.0,182.0,269.15,65.0,260.0,39.0,270.15,65.0,7.149999999999977,221.0,130.0,2.063964631479128,262.0,269.15,351,91.0,-168.0,0.26,262.0,
07:31:43,262.0,154.0,267.89,35.0,260.0,33.0,269.09,55.0,5.889999999999986,187.0,90.0,1.3653827302252377,262.0,267.89,277,97.0,-74.0,0.35,262.0,
07:31:44,262.0,182.0,265.12,51.0,260.0,39.0,268.81,63.0,3.1200000000000045,221.0,114.0,1.1681181447085789,262.0,265.12,335,107.0,58.0,0.32,264.0,3.0
07:31:45,263.5,56.0,267.15,65.0,261.97,199.0,270.06,80.0,3.649999999999977,255.0,145.0,0.8114000246473605,263.5,267.15,400,110.0,65.0,0.28,264.0,
07:31:46,264.0,65.0,266.14,70.0,262.0,196.0,272.16,95.0,2.1399999999999864,261.0,165.0,0.7863396212818559,264.0,266.14,426,96.0,26.0,0.23,264.0,
07:31:47,262.38,104.0,268.7,50.0,261.51,74.0,272.12,32.0,6.319999999999993,178.0,82.0,0.7777981743342596,262.38,268.7,260,96.0,-166.0,0.37,264.0,5.0
07:31:48,262.0,182.0,270.17,47.0,260.0,39.0,271.45,53.0,8.170000000000016,221.0,100.0,0.9483512007678891,262.0,270.17,321,121.0,61.0,0.38,264.0,
07:31:49,262.0,159.0,268.97,34.0,260.0,36.0,270.9,58.0,6.970000000000027,195.0,92.0,0.3753398460038883,262.0,268.97,287,103.0,-34.0,0.36,262.0,2.0
07:31:50,262.08,91.0,267.71,14.0,261.6,105.0,269.0,42.0,5.629999999999996,196.0,56.0,0.4639719819107162,262.08,267.71,252,140.0,-35.0,0.56,262.0,
07:31:51,262.11,107.0,266.13,45.0,261.68,145.0,268.16,31.0,4.019999999999982,252.0,76.0,0.7490460599976471,262.11,266.13,328,176.0,76.0,0.54,263.5,2.0
07:31:52,262.0,108.0,265.33,27.0,260.0,27.0,267.0,9.0,3.329999999999984,135.0,36.0,0.98424082418769,262.0,265.33,171,99.0,-157.0,0.58,263.5,
07:31:53,262.0,120.0,264.8,30.0,260.0,30.0,267.0,10.0,2.800000000000012,150.0,40.0,0.8680610577587348,262.0,264.8,190,110.0,19.0,0.58,263.5,
07:31:54,262.0,138.0,263.15,39.0,260.0,45.0,268.67,43.0,1.1499999999999773,183.0,82.0,0.8596394593064446,262.0,263.15,265,101.0,75.0,0.38,262.0,8.0
07:31:55,261.37,19.0,269.42,36.0,259.94,32.0,270.88,25.0,8.050000000000011,51.0,61.0,1.0356978323800636,261.37,269.42,112,-10.0,-153.0,-0.09,262.0,3.0
07:31:56,262.0,30.0,270.0,30.0,260.0,30.0,271.0,20.0,8.0,60.0,50.0,1.4318763913121524,262.0,270.0,110,10.0,-2.0,0.09,262.0,
07:31:57,262.0,27.0,270.0,27.0,260.0,27.0,271.0,18.0,8.0,54.0,45.0,1.5840707054918837,262.0,270.0,99,9.0,-11.0,0.09,262.0,
07:31:58,262.0,18.0,270.0,18.0,260.0,18.0,271.0,12.0,8.0,36.0,30.0,1.4849511776479425,262.0,270.0,66,6.0,-33.0,0.09,262.0,
07:31:59,262.0,18.0,270.0,18.0,260.0,18.0,271.0,12.0,8.0,36.0,30.0,0.272800293252496,262.0,270.0,66,6.0,0.0,0.09,262.0,
07:32:00,262.0,30.0,270.0,36.0,259.5,16.0,271.0,24.0,8.0,46.0,60.0,0.0,262.0,270.0,106,-14.0,40.0,-0.13,262.0,1.0
07:32:01,258.18,40.0,270.0,39.0,255.96,28.0,271.0,26.0,11.819999999999991,68.0,65.0,0.8541779674039849,258.18,270.0,133,3.0,27.0,0.02,260.25,4.0
07:32:02,263.41,41.0,270.0,39.0,255.23,43.0,271.0,26.0,6.589999999999975,84.0,65.0,0.9828784258485586,263.41,270.0,149,19.0,16.0,0.13,264.0,3.0
07:32:03,256.0,7.0,270.0,21.0,255.0,77.0,271.0,14.0,14.0,84.0,35.0,1.5511447385714543,256.0,270.0,119,49.0,-30.0,0.41,264.0,
07:32:04,257.29,7.0,270.0,21.0,255.0,77.0,271.86,14.0,12.70999999999998,84.0,35.0,1.59021067786549,257.29,270.0,119,49.0,0.0,0.41,264.0,
07:32:05,258.0,9.0,270.0,27.0,255.0,72.0,274.0,18.0,12.0,81.0,45.0,1.4201302757131185,258.0,270.0,126,36.0,7.0,0.29,264.0,
07:32:06,255.94,36.0,270.0,33.0,254.89,45.0,272.6,15.0,14.060000000000002,81.0,48.0,1.5422483587272144,255.94,270.0,129,33.0,3.0,0.26,256.0,3.0
07:32:07,262.0,12.0,270.0,36.0,260.0,60.0,271.0,12.0,8.0,72.0,48.0,1.240975422801225,262.0,270.0,120,24.0,-9.0,0.2,256.0,
07:32:08,262.0,16.0,269.25,59.0,260.0,80.0,270.44,32.0,7.25,96.0,91.0,1.308040519248991,262.0,269.25,187,5.0,67.0,0.03,256.0,
07:32:09,262.0,7.0,269.0,28.0,260.0,35.0,270.0,21.0,7.0,42.0,49.0,1.2850875456549715,262.0,269.0,91,-7.0,-96.0,-0.08,256.0,
07:32:10,262.0,12.0,268.58,48.0,260.0,60.0,270.0,37.0,6.579999999999984,72.0,85.0,1.2063871683658496,262.0,268.58,157,-13.0,66.0,-0.08,256.0,
07:32:11,262.0,6.0,268.0,24.0,260.0,30.0,270.0,28.0,6.0,36.0,52.0,0.374072185544674,262.0,268.0,88,-16.0,-69.0,-0.18,256.0,
07:32:12,262.0,11.0,268.0,44.0,260.0,55.0,270.0,44.0,6.0,66.0,88.0,0.2862341698644531,262.0,268.0,154,-22.0,66.0,-0.14,256.0,
07:32:13,262.0,13.0,267.82,34.0,260.0,65.0,268.45,31.0,5.819999999999993,78.0,65.0,0.2470829820077865,262.0,267.82,143,13.0,-11.0,0.09,256.0,
07:32:14,262.0,14.0,265.04,50.0,260.0,70.0,266.8,20.0,3.0400000000000205,84.0,70.0,0.6990922685865693,262.0,265.04,154,14.0,11.0,0.09,256.0,
07:32:15,262.0,9.0,265.0,36.0,260.0,45.0,266.0,9.0,3.0,54.0,45.0,0.8005498110655985,262.0,265.0,99,9.0,-55.0,0.09,256.0,
07:32:16,260.12,17.0,263.76,21.0,258.76,41.0,264.33,24.0,3.6399999999999855,58.0,45.0,1.254663301446474,260.12,263.76,103,13.0,4.0,0.13,260.5,4.0
07:32:17,259.27,67.0,261.25,51.0,258.75,84.0,262.91,44.0,1.9800000000000184,151.0,95.0,1.7782238329287086,259.27,261.25,246,56.0,143.0,0.23,260.5,4.0
07:32:18,259.0,43.0,260.32,25.0,258.0,45.0,264.89,19.0,1.3199999999999932,88.0,44.0,1.7899944133975887,259.0,260.32,132,44.0,-114.0,0.33,259.17,6.0
07:32:19,263.12,32.0,268.21,24.0,258.4,25.0,270.05,38.0,5.089999999999975,57.0,62.0,2.4501795852539123,263.12,268.21,119,-5.0,-13.0,-0.04,263.0,1.0
07:32:20,265.0,43.0,266.78,50.0,259.0,30.0,269.02,46.0,1.7799999999999727,73.0,96.0,2.948241848966168,265.0,266.78,169,-23.0,50.0,-0.14,265.0,4.0
07:32:21,259.0,28.0,265.79,42.0,258.0,42.0,267.64,42.0,6.7900000000000205,70.0,84.0,2.926641419784039,259.0,265.79,154,-14.0,-15.0,-0.09,265.0,1.0
07:32:22,259.0,30.0,261.86,37.0,258.0,45.0,263.53,45.0,2.8600000000000136,75.0,82.0,2.890902973120256,259.0,261.86,157,-7.0,3.0,-0.04,260.0,2.0
07:32:23,259.0,132.0,260.0,11.0,258.0,33.0,261.0,33.0,1.0,165.0,44.0,2.93500936966061,259.0,260.0,209,121.0,52.0,0.58,260.0,
07:32:24,259.01,85.0,261.0,24.0,258.36,33.0,271.0,16.0,1.990000000000009,118.0,40.0,2.6136908769008205,259.01,261.0,158,78.0,-51.0,0.49,260.0,2.0
07:32:25,259.09,74.0,261.0,36.0,258.74,81.0,271.0,12.0,1.910000000000025,155.0,48.0,1.1199017814047945,259.09,261.0,203,107.0,45.0,0.53,259.38,8.0
07:32:26,259.0,38.0,260.67,27.0,258.0,27.0,271.0,9.0,1.670000000000016,65.0,36.0,0.3390870094728292,259.0,260.67,101,29.0,-102.0,0.29,259.38,
07:32:27,258.28,29.0,263.89,19.0,254.64,75.0,272.07,15.0,5.610000000000014,104.0,34.0,0.596556786897377,258.28,263.89,138,70.0,37.0,0.51,259.0,2.0
07:32:28,259.0,84.0,269.33,12.0,258.0,36.0,271.0,12.0,10.329999999999984,120.0,24.0,1.823732436514248,259.0,269.33,144,96.0,6.0,0.67,259.0,
07:32:29,259.12,32.0,269.0,8.0,258.7,40.0,271.75,8.0,9.879999999999995,72.0,16.0,2.130962223971828,259.12,269.0,88,56.0,-56.0,0.64,259.0,
07:32:30,260.0,16.0,268.19,16.0,259.0,112.0,272.31,16.0,8.189999999999998,128.0,32.0,2.046831698014195,260.0,268.19,160,96.0,72.0,0.6,259.0,
07:32:31,260.0,14.0,267.0,14.0,259.0,98.0,270.32,25.0,7.0,112.0,39.0,1.3085373513951946,260.0,267.0,151,73.0,-9.0,0.48,259.0,
07:32:32,261.13,15.0,266.2,15.0,259.0,105.0,270.08,52.0,5.069999999999993,120.0,67.0,0.2947371710470441,261.13,266.2,187,53.0,36.0,0.28,259.0,
07:32:33,260.37,30.0,264.66,29.0,258.92,113.0,266.13,31.0,4.2900000000000205,143.0,60.0,0.6420513998088536,260.37,264.66,203,83.0,16.0,0.41,260.0,4.0
07:32:34,259.0,54.0,261.75,12.0,258.0,30.0,267.85,27.0,2.75,84.0,39.0,1.487195346952056,259.0,261.75,123,45.0,-80.0,0.37,260.2,5.0
07:32:35,259.0,36.0,262.0,9.0,258.0,27.0,271.0,36.0,3.0,63.0,45.0,1.5898647741223777,259.0,262.0,108,18.0,-15.0,0.17,260.2,
07:32:36,258.0,24.0,260.75,8.0,256.0,32.0,271.1,30.0,2.75,56.0,38.0,1.750219986171574,258.0,260.75,94,18.0,-14.0,0.19,259.0,4.0
07:32:37,258.0,27.0,260.44,25.0,256.0,48.0,270.11,28.0,2.4399999999999977,75.0,53.0,1.3129432584820833,258.0,260.44,128,22.0,34.0,0.17,258.67,3.0
07:32:38,262.93,67.0,271.0,47.0,256.59,34.0,272.91,11.0,8.069999999999993,101.0,58.0,3.222346970764374,262.93,271.0,159,43.0,31.0,0.27,258.67,
07:32:39,264.0,132.0,271.0,60.0,258.0,24.0,272.43,14.0,7.0,156.0,74.0,4.158114957525301,264.0,271.0,230,82.0,71.0,0.36,258.67,
07:32:40,264.0,132.0,270.17,60.0,257.2,40.0,271.07,28.0,6.170000000000016,172.0,88.0,4.321078569060835,264.0,270.17,260,84.0,30.0,0.32,258.67,
07:32:41,264.0,156.0,267.94,80.0,257.6,40.0,271.0,47.0,3.9399999999999977,196.0,127.0,3.470184433138684,264.0,267.94,323,69.0,63.0,0.21,264.0,4.0
07:32:42,264.0,90.0,265.6,63.0,258.0,30.0,267.27,45.0,1.6000000000000227,120.0,108.0,1.085320229240693,264.0,265.6,228,12.0,-95.0,0.05,264.0,5.0
07:32:43,264.16,57.0,266.71,34.0,261.9,29.0,271.41,17.0,2.5499999999999545,86.0,51.0,1.1247799784841712,264.16,266.71,137,35.0,-91.0,0.26,264.75,8.0
07:32:44,260.0,39.0,267.54,26.0,258.0,26.0,270.0,13.0,7.54000000000002,65.0,39.0,1.2414306263333286,260.0,267.54,104,26.0,-33.0,0.25,264.75,
07:32:45,260.8,30.0,265.23,26.0,258.0,20.0,267.69,13.0,4.430000000000007,50.0,39.0,1.2032331444894009,260.8,265.23,89,11.0,-15.0,0.12,264.75,
07:32:46,260.16,50.0,261.96,52.0,257.32,31.0,263.65,62.0,1.7999999999999543,81.0,114.0,1.7032703837022274,260.16,261.96,195,-33.0,106.0,-0.17,261.0,3.0
07:32:47,258.0,30.0,260.53,60.0,255.0,15.0,262.0,30.0,2.5299999999999727,45.0,90.0,2.3965704663114424,258.0,260.53,135,-45.0,-60.0,-0.33,261.0,
07:32:48,258.0,26.0,260.0,68.0,255.0,17.0,262.0,34.0,2.0,43.0,102.0,2.150518542118417,258.0,260.0,145,-59.0,10.0,-0.41,258.0,1.0
07:32:49,256.71,7.0,260.36,22.0,254.4,10.0,265.71,17.0,3.650000000000034,17.0,39.0,1.8540550153634157,256.71,260.36,56,-22.0,-89.0,-0.39,258.0,1.0
07:32:50,255.0,12.0,261.13,31.0,254.0,21.0,263.62,26.0,6.129999999999996,33.0,57.0,1.1444125130360152,255.0,261.13,90,-24.0,34.0,-0.27,261.0,1.0
07:32:51,255.0,8.0,261.75,16.0,254.0,8.0,267.0,24.0,6.75,16.0,40.0,0.4847679857343147,255.0,261.75,56,-24.0,-34.0,-0.43,261.0,2.0
07:32:52,255.0,6.0,259.67,12.0,254.0,6.0,267.0,18.0,4.670000000000016,12.0,30.0,0.6215464584345849,255.0,259.67,42,-18.0,-14.0,-0.43,261.0,
07:32:53,255.0,13.0,258.14,35.0,254.0,13.0,264.32,31.0,3.1399999999999864,26.0,66.0,0.8189200205100474,255.0,258.14,92,-40.0,50.0,-0.43,261.0,
07:32:54,254.89,19.0,257.0,70.0,253.36,25.0,259.0,28.0,2.1100000000000136,44.0,98.0,1.0113703574812412,254.89,257.0,142,-54.0,50.0,-0.38,261.0,
07:32:55,255.0,24.0,256.19,27.0,250.0,12.0,257.07,57.0,1.1899999999999975,36.0,84.0,1.1191872050695075,255.0,256.19,120,-48.0,-22.0,-0.4,261.0,
07:32:56,253.31,42.0,256.94,69.0,248.9,21.0,262.33,36.0,3.629999999999996,63.0,105.0,0.8596976212545527,253.31,256.94,168,-42.0,48.0,-0.25,255.0,2.0
07:32:57,255.06,31.0,258.53,47.0,249.57,28.0,265.25,32.0,3.4699999999999704,59.0,79.0,0.6877644945696563,255.06,258.53,138,-20.0,-30.0,-0.14,257.0,5.0
07:32:58,262.0,10.0,263.0,20.0,257.4,30.0,267.0,30.0,1.0,40.0,50.0,3.0285854784027078,262.0,263.0,90,-10.0,-48.0,-0.11,257.0,
07:32:59,253.56,32.0,262.38,34.0,254.25,24.0,265.67,36.0,8.819999999999993,56.0,70.0,2.954990693723439,253.56,262.38,126,-14.0,36.0,-0.11,259.0,4.0
07:33:00,255.9,62.0,260.41,51.0,255.42,76.0,263.27,45.0,4.510000000000019,138.0,96.0,2.733618481059973,255.9,260.41,234,42.0,108.0,0.18,259.0,
07:33:01,258.86,14.0,262.87,68.0,257.0,112.0,265.88,50.0,4.009999999999991,126.0,118.0,2.344316531527636,258.86,262.87,244,8.0,10.0,0.03,260.0,3.0
07:33:02,256.12,25.0,261.31,61.0,253.98,147.0,262.73,73.0,5.189999999999998,172.0,134.0,1.9681006071830185,256.12,261.31,306,38.0,62.0,0.12,261.0,3.0
07:33:03,253.94,17.0,260.0,33.0,250.05,60.0,263.27,44.0,6.060000000000002,77.0,77.0,1.444724887303127,253.94,260.0,154,0.0,-152.0,0.0,261.0,
07:33:04,255.0,10.0,258.61,31.0,254.0,30.0,261.13,39.0,3.6100000000000136,40.0,70.0,1.6384840554588245,255.0,258.61,110,-30.0,-44.0,-0.27,261.0,
07:33:05,255.29,14.0,256.65,46.0,253.06,34.0,258.54,52.0,1.3599999999999852,48.0,98.0,1.949751266185597,255.29,256.65,146,-50.0,36.0,-0.34,256.0,1.0
07:33:06,255.0,12.0,263.42,50.0,252.0,36.0,263.72,25.0,8.420000000000016,48.0,75.0,1.3696641924179631,255.0,263.42,123,-27.0,-23.0,-0.22,258.08,13.0
07:33:07,252.16,19.0,264.0,35.0,247.62,24.0,271.0,7.0,11.840000000000003,43.0,42.0,1.2565906254591417,252.16,264.0,85,1.0,-38.0,0.01,258.08,
07:33:08,251.5,28.0,264.0,50.0,246.67,54.0,269.0,10.0,12.5,82.0,60.0,1.23688317960588,251.5,264.0,142,22.0,57.0,0.15,262.0,2.0
07:33:09,249.0,27.0,264.0,45.0,246.23,30.0,267.0,9.0,15.0,57.0,54.0,1.29072460269102,249.0,264.0,111,3.0,-31.0,0.03,262.0,
07:33:10,250.88,48.0,264.0,70.0,247.9,20.0,267.0,14.0,13.120000000000005,68.0,84.0,0.9859665308681498,250.88,264.0,152,-16.0,41.0,-0.11,262.0,
07:33:11,249.0,24.0,264.0,40.0,247.0,23.0,267.0,8.0,15.0,47.0,48.0,0.7245550358611125,249.0,264.0,95,-1.0,-57.0,-0.01,262.0,
07:33:12,249.0,27.0,262.09,55.0,247.32,47.0,265.04,23.0,13.089999999999977,74.0,78.0,0.8719346305722955,249.0,262.09,152,-4.0,57.0,-0.03,262.0,
07:33:13,250.57,28.0,257.0,70.0,249.0,14.0,264.0,70.0,6.430000000000007,42.0,140.0,1.382978669391017,250.57,257.0,182,-98.0,30.0,-0.54,262.0,
07:33:14,251.0,24.0,255.46,28.0,248.25,16.0,256.88,40.0,4.460000000000008,40.0,68.0,1.7781366651610309,251.0,255.46,108,-28.0,-74.0,-0.26,256.0,2.0
07:33:15,251.0,22.0,254.27,33.0,247.0,33.0,256.0,11.0,3.2700000000000102,55.0,44.0,1.624367569237074,251.0,254.27,99,11.0,-9.0,0.11,256.0,
07:33:16,251.06,32.0,253.07,30.0,247.17,47.0,256.83,48.0,2.009999999999991,79.0,78.0,1.3381068716617386,251.06,253.07,157,1.0,58.0,0.01,252.0,3.0
07:33:17,253.93,14.0,256.0,12.0,252.67,24.0,257.0,60.0,2.069999999999993,38.0,72.0,1.1143742638755842,253.93,256.0,110,-34.0,-47.0,-0.31,252.0,
07:33:18,255.37,19.0,256.83,42.0,250.41,34.0,260.38,80.0,1.4599999999999795,53.0,122.0,1.6832765666962377,255.37,256.83,175,-69.0,65.0,-0.39,256.67,3.0
07:33:19,252.25,12.0,257.0,26.0,246.76,38.0,263.0,50.0,4.75,50.0,76.0,1.6807974297900714,252.25,257.0,126,-26.0,-49.0,-0.21,257.0,1.0
07:33:20,249.0,16.0,257.38,32.0,244.52,138.0,263.03,77.0,8.379999999999995,154.0,109.0,1.5781888353391045,249.0,257.38,263,45.0,137.0,0.17,260.6,5.0
07:33:21,249.25,12.0,257.34,35.0,244.17,89.0,263.05,42.0,8.089999999999975,101.0,77.0,1.2165853854083566,249.25,257.34,178,24.0,-85.0,0.13,260.6,
07:33:22,250.84,19.0,255.74,43.0,249.79,19.0,258.94,62.0,4.900000000000006,38.0,105.0,1.2643773170968025,250.84,255.74,143,-67.0,-35.0,-0.47,260.6,
07:33:23,252.56,18.0,254.0,36.0,248.61,18.0,257.0,54.0,1.4399999999999975,36.0,90.0,0.6075606965467687,252.56,254.0,126,-54.0,-17.0,-0.43,260.6,
07:33:24,248.56,27.0,254.0,24.0,246.42,36.0,256.43,70.0,5.439999999999998,63.0,94.0,0.888802565245985,248.56,254.0,157,-31.0,31.0,-0.2,254.0,1.0
07:33:25,245.0,16.0,252.44,16.0,243.97,121.0,256.17,72.0,7.439999999999998,137.0,88.0,2.0165515118605635,245.0,252.44,225,49.0,68.0,0.22,254.0,
07:33:26,246.17,47.0,251.6,15.0,244.12,64.0,255.13,45.0,5.430000000000007,111.0,60.0,2.2432721636008432,246.17,251.6,171,51.0,-54.0,0.3,254.0,
07:33:27,247.6,75.0,251.0,15.0,245.0,15.0,255.0,45.0,3.4000000000000057,90.0,60.0,1.9573655764792015,247.6,251.0,150,30.0,-21.0,0.2,254.0,
07:33:28,248.5,70.0,250.36,14.0,245.0,14.0,254.0,70.0,1.8600000000000136,84.0,84.0,1.0235868307012943,248.5,250.36,168,0.0,18.0,0.0,254.0,
07:33:29,249.44,89.0,253.24,37.0,243.04,90.0,254.34,53.0,3.8000000000000114,179.0,90.0,1.049347416247418,249.44,253.24000000000004,269,89.0,101.0,0.33,250.0,1.0
07:33:30,251.28,85.0,253.96,73.0,243.53,144.0,254.74,57.0,2.680000000000007,229.0,130.0,1.5974761344025747,251.28,253.96000000000004,359,99.0,90.0,0.28,253.0,1.0
07:33:31,253.0,38.0,254.43,96.0,245.76,127.0,256.06,121.0,1.4300000000000068,165.0,217.0,1.9395231372650856,253.0,254.43,382,-52.0,23.0,-0.14,254.5,10.0
07:33:32,254.54,26.0,256.96,98.0,241.65,54.0,257.75,32.0,2.4199999999999875,80.0,130.0,2.386786542610736,254.54,256.96,210,-50.0,-168.0,-0.24,255.0,2.0
07:33:33,253.67,24.0,257.0,104.0,243.29,14.0,258.0,28.0,3.3300000000000125,38.0,132.0,1.842756088034648,253.67,257.0,170,-94.0,-40.0,-0.55,257.0,2.0
07:33:34,244.0,8.0,257.0,48.0,242.0,8.0,258.0,16.0,13.0,16.0,64.0,2.1328548942646366,244.0,257.0,80,-48.0,-90.0,-0.6,257.0,
07:33:35,245.94,66.0,257.0,78.0,242.31,13.0,258.0,26.0,11.060000000000002,79.0,104.0,2.3166182249107043,245.94,257.0,183,-25.0,103.0,-0.14,257.0,
07:33:36,246.0,60.0,257.0,60.0,242.0,10.0,258.0,20.0,11.0,70.0,80.0,2.438841938295318,246.0,257.0,150,-10.0,-33.0,-0.07,257.0,
07:33:37,246.17,36.0,257.0,59.0,245.44,36.0,258.0,22.0,10.830000000000013,72.0,81.0,1.871985576864146,246.17,257.0,153,-9.0,3.0,-0.06,257.0,3.0
07:33:38,247.56,16.0,257.0,39.0,245.62,13.0,258.0,26.0,9.439999999999998,29.0,65.0,0.6344131146082002,247.56,257.0,94,-36.0,-59.0,-0.38,257.0,
07:33:39,248.77,13.0,257.0,39.0,245.0,13.0,258.0,26.0,8.22999999999999,26.0,65.0,0.6211441056528438,248.77,257.0,91,-39.0,-3.0,-0.43,257.0,
07:33:40,251.92,12.0,257.0,34.0,246.5,12.0,258.0,24.0,5.0800000000000125,24.0,58.0,1.2116930304280007,251.92,257.0,82,-34.0,-9.0,-0.41,257.0,1.0
07:33:41,254.13,15.0,257.0,30.0,247.27,15.0,258.0,30.0,2.8700000000000045,30.0,60.0,1.6324153883091472,254.13,257.0,90,-30.0,8.0,-0.33,257.0,
07:33:42,248.52,27.0,254.75,32.0,243.04,97.0,257.44,32.0,6.22999999999999,124.0,64.0,1.6189286580910616,248.52,254.75,188,60.0,98.0,0.32,255.5,2.0
07:33:43,247.0,11.0,253.0,22.0,244.0,11.0,257.0,22.0,6.0,22.0,44.0,2.2127742767819973,247.0,253.0,66,-22.0,-122.0,-0.33,255.5,
07:33:44,247.0,9.0,253.24,17.0,244.0,9.0,257.11,18.0,6.240000000000009,18.0,35.0,2.541363807090109,247.0,253.24,53,-17.0,-13.0,-0.32,254.33,3.0
07:33:45,252.25,40.0,257.0,10.0,245.3,10.0,258.0,20.0,4.75,50.0,30.0,2.5752611518033577,252.25,257.0,80,20.0,27.0,0.25,254.33,
07:33:46,253.0,42.0,257.0,6.0,246.0,6.0,258.0,12.0,4.0,48.0,18.0,2.406258506475865,253.0,257.0,66,30.0,-14.0,0.45,254.33,
07:33:47,252.68,66.0,258.69,16.0,245.5,12.0,259.96,53.0,6.009999999999991,78.0,69.0,2.78684050494252,252.68,258.69,147,9.0,81.0,0.06,257.67,3.0
07:33:48,258.37,82.0,259.97,71.0,245.78,18.0,260.74,19.0,1.6000000000000227,100.0,90.0,3.231736375385549,258.37,259.97,190,10.0,43.0,0.05,258.75,4.0
07:33:49,259.0,57.0,260.02,43.0,245.45,11.0,261.09,11.0,1.0199999999999818,68.0,54.0,2.3562533819587403,259.0,260.02,122,14.0,-68.0,0.11,259.67,3.0
07:33:50,259.0,51.0,260.1,20.0,245.64,11.0,261.36,11.0,1.1000000000000227,62.0,31.0,2.247013573611217,259.0,260.1,93,31.0,-29.0,0.33,259.33,6.0
07:33:51,260.0,330.0,369.81,54.0,259.0,15.0,559.4,30.0,109.81,345.0,84.0,25.28944206581089,260.0,369.81,429,261.0,168.0,0.61,262.0,2.0
07:33:52,260.0,176.0,263.0,17.0,259.0,8.0,490.8,20.0,3.0,184.0,37.0,24.60377857159356,260.0,263.0,221,147.0,-168.0,0.67,263.0,3.0
07:33:53,260.0,240.0,261.68,25.0,259.0,11.0,334.36,45.0,1.6800000000000068,251.0,70.0,24.41486780631849,260.0,261.68,321,181.0,100.0,0.56,260.0,1.0
07:33:54,260.0,204.0,261.0,55.0,259.0,11.0,262.6,15.0,1.0,215.0,70.0,24.29947633180615,260.0,261.0,285,145.0,-36.0,0.51,260.0,3.0
07:33:55,260.0,126.0,261.0,35.0,259.0,7.0,263.0,7.0,1.0,133.0,42.0,24.18652103962055,260.0,261.0,175,91.0,-110.0,0.52,260.0,
07:33:56,260.0,143.0,263.0,11.0,259.0,11.0,393.29,42.0,3.0,154.0,53.0,0.5050940506436903,260.0,263.0,207,101.0,32.0,0.49,260.0,5.0
07:33:57,260.0,130.0,266.0,10.0,259.0,10.0,479.95,40.0,6.0,140.0,50.0,1.0507711453955937,260.0,266.0,190,90.0,-17.0,0.47,260.0,
07:33:58,260.0,151.0,268.0,12.0,259.0,12.0,302.0,24.0,8.0,163.0,36.0,1.557241150238658,260.0,268.0,199,127.0,9.0,0.64,260.0,5.0
07:33:59,260.27,44.0,268.0,8.0,259.89,36.0,302.0,16.0,7.730000000000018,80.0,24.0,1.5896288875071936,260.27,268.0,104,56.0,-95.0,0.54,260.0,
07:34:00,261.0,30.0,268.0,10.0,260.0,80.0,326.46,26.0,7.0,110.0,36.0,1.2128149075593335,261.0,268.0,146,74.0,42.0,0.51,260.0,
07:34:01,260.53,45.0,266.89,27.0,259.96,67.0,337.62,32.0,6.360000000000014,112.0,59.0,0.5632938842190586,260.53,266.89,171,53.0,25.0,0.31,260.75,4.0
07:34:02,260.0,56.0,265.12,40.0,259.0,8.0,267.0,8.0,5.1200000000000045,64.0,48.0,0.7398783683812634,260.0,265.12,112,16.0,-59.0,0.14,260.75,
07:34:03,260.0,91.0,264.46,65.0,259.0,13.0,337.04,25.0,4.45999999999998,104.0,90.0,0.9904897778362992,260.0,264.46,194,14.0,82.0,0.07,260.75,
07:34:04,260.0,77.0,261.98,61.0,259.0,11.0,270.0,55.0,1.9800000000000184,88.0,116.0,1.3580022091284103,260.0,261.98,204,-28.0,10.0,-0.14,260.75,
07:34:05,260.0,81.0,261.0,94.0,259.0,13.0,272.08,65.0,1.0,94.0,159.0,1.2806912196142397,260.0,261.0,253,-65.0,49.0,-0.26,260.0,5.0
07:34:06,259.36,14.0,260.39,46.0,249.82,49.0,268.06,51.0,1.0299999999999727,63.0,97.0,1.1411616888050908,259.36,260.39,160,-34.0,-93.0,-0.21,260.0,2.0
07:34:07,250.46,41.0,258.12,52.0,248.36,44.0,262.53,49.0,7.659999999999997,85.0,101.0,3.0791687189882047,250.46,258.12,186,-16.0,26.0,-0.09,259.0,1.0
07:34:08,249.8,55.0,253.0,72.0,248.35,75.0,260.73,56.0,3.1999999999999886,130.0,128.0,4.309019610073041,249.8,253.0,258,2.0,72.0,0.01,259.0,
07:34:09,250.82,33.0,253.0,24.0,246.4,15.0,261.06,16.0,2.180000000000007,48.0,40.0,4.336326786577868,250.82,253.0,88,8.0,-168.0,0.09,259.0,
07:34:10,250.95,19.0,253.0,36.0,244.54,26.0,262.0,9.0,2.050000000000012,45.0,45.0,3.52587861390484,250.95,253.0,90,0.0,2.0,0.0,259.0,
07:34:11,252.79,61.0,257.71,56.0,252.26,68.0,263.54,69.0,4.919999999999988,129.0,125.0,1.6977278933889413,252.79,257.71,254,4.0,164.0,0.02,253.0,4.0
07:34:12,255.33,48.0,258.33,24.0,254.0,24.0,260.12,32.0,2.999999999999972,72.0,56.0,2.420045454116756,255.33,258.33,128,16.0,-126.0,0.12,258.67,3.0
07:34:13,257.33,42.0,264.82,56.0,254.0,26.0,274.44,81.0,7.490000000000009,68.0,137.0,3.816886165448536,257.33,264.82,205,-69.0,77.0,-0.34,258.0,2.0
07:34:14,263.74,23.0,267.0,50.0,263.03,37.0,270.0,70.0,3.259999999999991,60.0,120.0,5.221245062242738,263.74,267.0,180,-60.0,-25.0,-0.33,267.0,2.0
07:34:15,265.65,17.0,267.0,20.0,264.08,37.0,269.71,41.0,1.3500000000000227,54.0,61.0,4.946023655422209,265.65,267.0,115,-7.0,-65.0,-0.06,266.0,1.0
07:34:16,263.2,15.0,267.0,7.0,254.08,26.0,268.0,7.0,3.8000000000000114,41.0,14.0,3.9618997968143166,263.2,267.0,55,27.0,-60.0,0.49,263.4,5.0
07:34:17,259.09,11.0,267.0,11.0,253.12,26.0,268.0,11.0,7.910000000000025,37.0,22.0,2.1052862038207403,259.09,267.0,59,15.0,4.0,0.25,263.4,
07:34:18,254.64,25.0,267.0,10.0,250.77,22.0,268.0,10.0,12.360000000000014,47.0,20.0,2.202105810354689,254.64,267.0,67,27.0,8.0,0.4,259.5,2.0
07:34:19,252.0,60.0,267.0,10.0,248.0,50.0,268.0,10.0,15.0,110.0,20.0,2.8473004758889027,252.0,267.0,130,90.0,63.0,0.69,259.5,
07:34:20,252.57,14.0,267.0,5.0,251.31,29.0,268.0,5.0,14.430000000000009,43.0,10.0,2.378732855954261,252.57,267.0,53,33.0,-77.0,0.62,259.5,
07:34:21,254.17,12.0,267.0,7.0,251.41,34.0,268.0,7.0,12.830000000000013,46.0,14.0,1.3971291994642845,254.17,267.0,60,32.0,7.0,0.53,259.5,
07:34:22,252.62,32.0,258.44,25.0,250.97,80.0,262.89,19.0,5.819999999999993,112.0,44.0,2.1462828331780357,252.62,258.44,156,68.0,96.0,0.44,256.0,3.0
07:34:23,250.38,32.0,253.44,16.0,249.06,64.0,254.26,38.0,3.0600000000000023,96.0,54.0,3.669205636100768,250.38,253.44,150,42.0,-6.0,0.28,256.0,
07:34:24,250.07,28.0,253.65,23.0,249.05,82.0,255.41,58.0,3.5800000000000125,110.0,81.0,4.165552784444427,250.07,253.65,191,29.0,41.0,0.15,251.0,1.0
07:34:25,249.27,22.0,255.0,22.0,246.6,90.0,258.0,44.0,5.72999999999999,112.0,66.0,3.782476701843887,249.27,255.0,178,46.0,-13.0,0.26,251.0,
07:34:26,251.33,6.0,255.0,6.0,246.62,13.0,258.0,12.0,3.669999999999988,19.0,18.0,1.551344578097024,251.33,255.0,37,1.0,-141.0,0.03,251.0,
07:34:27,253.0,22.0,255.86,14.0,247.0,22.0,258.05,38.0,2.8600000000000136,44.0,52.0,1.1019391997705263,253.0,255.86,96,-8.0,59.0,-0.08,256.5,4.0
07:34:28,253.0,20.0,258.0,20.0,247.0,20.0,259.0,10.0,5.0,40.0,30.0,1.53956162591541,253.0,258.0,70,10.0,-26.0,0.14,256.5,
07:34:29,253.0,16.0,263.25,16.0,247.0,16.0,384.5,18.0,10.25,32.0,34.0,2.307589651561132,253.0,263.25,66,-2.0,-4.0,-0.03,261.29,7.0
07:34:30,253.0,22.0,263.5,20.0,247.0,22.0,435.48,31.0,10.5,44.0,51.0,2.2485839988741114,253.0,263.5,95,-7.0,29.0,-0.07,261.29,
07:34:31,253.0,12.0,258.0,6.0,247.0,12.0,259.0,6.0,5.0,24.0,12.0,1.7229190346597665,253.0,258.0,36,12.0,-59.0,0.33,261.29,
07:34:32,253.0,14.0,257.57,7.0,247.0,14.0,259.0,7.0,4.569999999999993,28.0,14.0,1.512107800387609,253.0,257.57,42,14.0,6.0,0.33,261.29,
07:34:33,253.12,25.0,257.0,14.0,248.29,28.0,259.0,14.0,3.879999999999996,53.0,28.0,1.5975700297617623,253.12,257.0,81,25.0,39.0,0.31,261.29,
07:34:34,254.43,14.0,256.46,13.0,249.93,29.0,259.0,13.0,2.0299999999999727,43.0,26.0,1.3192990563146492,254.43,256.46,69,17.0,-12.0,0.25,255.0,1.0
07:34:35,251.0,36.0,254.44,48.0,244.0,90.0,256.5,18.0,3.4399999999999977,126.0,66.0,1.1775525465949217,251.0,254.44,192,60.0,123.0,0.31,255.0,
07:34:36,250.74,19.0,252.94,48.0,244.16,38.0,253.9,30.0,2.1999999999999886,57.0,78.0,1.6709488322482622,250.74,252.94,135,-21.0,-57.0,-0.16,251.0,2.0
07:34:37,246.0,38.0,253.0,70.0,244.45,44.0,256.0,14.0,7.0,82.0,84.0,2.443517955733349,246.0,253.0,166,-2.0,31.0,-0.01,251.0,
07:34:38,246.0,77.0,252.0,11.0,243.57,60.0,253.0,55.0,6.0,137.0,66.0,2.610195394983053,246.0,252.0,203,71.0,37.0,0.35,251.0,
07:34:39,246.0,46.0,251.7,10.0,243.23,79.0,253.0,50.0,5.699999999999989,125.0,60.0,1.776716071855659,246.0,251.7,185,65.0,-18.0,0.35,251.0,
07:34:40,246.93,68.0,250.57,14.0,243.46,59.0,253.0,70.0,3.6399999999999855,127.0,84.0,1.2914991289156443,246.93000000000004,250.57,211,43.0,26.0,0.2,251.0,
07:34:41,247.55,47.0,252.56,18.0,246.97,94.0,254.78,82.0,5.009999999999991,141.0,100.0,0.541525622652993,247.55,252.56,241,41.0,30.0,0.17,252.88,8.0
07:34:42,248.0,32.0,256.96,81.0,247.0,112.0,258.58,99.0,8.95999999999998,144.0,180.0,1.572141851103127,248.0,256.96,324,-36.0,83.0,-0.11,256.5,2.0
07:34:43,251.48,85.0,257.0,87.0,249.5,40.0,259.0,90.0,5.52000000000001,125.0,177.0,2.408117522047139,251.48,257.0,302,-52.0,-22.0,-0.17,256.5,
07:34:44,252.0,91.0,256.47,45.0,249.89,38.0,257.73,82.0,4.470000000000027,129.0,127.0,2.478578221479186,252.0,256.47,256,2.0,-46.0,0.01,256.25,4.0
07:34:45,251.18,60.0,255.67,43.0,250.03,63.0,257.4,77.0,4.489999999999981,123.0,120.0,1.7423633375365055,251.18,255.67,243,3.0,-13.0,0.01,254.0,4.0
07:34:46,249.73,60.0,255.2,15.0,248.0,30.0,257.0,90.0,5.469999999999999,90.0,105.0,0.8806531666845813,249.73,255.2,195,-15.0,-48.0,-0.08,254.0,
07:34:47,252.97,33.0,256.38,40.0,250.04,52.0,258.47,95.0,3.4099999999999966,85.0,135.0,0.8719059582270273,252.97,256.38,220,-50.0,25.0,-0.23,254.0,1.0
07:34:48,255.0,20.0,257.0,60.0,254.0,30.0,261.0,64.0,2.0,50.0,124.0,1.3266122266856926,255.0,257.0,174,-74.0,-46.0,-0.43,254.0,
07:34:49,255.43,21.0,257.0,54.0,254.25,24.0,258.0,36.0,1.5699999999999932,45.0,90.0,1.616564257922382,255.43,257.0,135,-45.0,-39.0,-0.33,254.0,
07:34:50,256.0,38.0,257.0,51.0,255.0,22.0,258.0,44.0,1.0,60.0,95.0,1.66428663396437,256.0,257.0,155,-35.0,20.0,-0.23,257.0,3.0
07:34:51,255.0,26.0,257.0,14.0,244.31,29.0,258.0,40.0,2.0,55.0,54.0,0.7046488487131862,255.0,257.0,109,1.0,-46.0,0.01,257.0,2.0
07:34:52,243.88,41.0,260.19,47.0,242.32,28.0,260.32,22.0,16.310000000000002,69.0,69.0,1.8661109291766589,243.88,260.19,138,0.0,29.0,0.0,258.17,6.0
07:34:53,244.0,40.0,255.35,34.0,243.0,10.0,260.0,28.0,11.349999999999994,50.0,62.0,3.0676587163490017,244.0,255.35,112,-12.0,-26.0,-0.11,258.17,
07:34:54,245.23,64.0,253.0,27.0,245.0,41.0,257.0,36.0,7.77000000000001,105.0,63.0,3.4536183923519124,245.23,253.0,168,42.0,56.0,0.25,258.17,
07:34:55,248.03,115.0,253.0,42.0,247.0,98.0,257.0,56.0,4.969999999999999,213.0,98.0,2.76055610339491,248.03,253.0,311,115.0,143.0,0.37,258.17,
07:34:56,251.76,127.0,254.31,49.0,249.42,90.0,257.31,52.0,2.550000000000012,217.0,101.0,1.629364906947066,251.76,254.31,318,116.0,7.0,0.36,253.0,3.0
07:34:57,255.34,165.0,257.0,91.0,253.55,51.0,259.0,34.0,1.6599999999999966,216.0,125.0,2.911300396728414,255.34,257.0,341,91.0,23.0,0.27,256.67,6.0
07:34:58,254.78,41.0,258.05,19.0,243.14,14.0,338.75,16.0,3.2700000000000102,55.0,35.0,3.278269360499779,254.78,258.05,90,20.0,-168.0,0.22,257.0,5.0
07:34:59,247.0,56.0,296.29,14.0,246.0,8.0,478.25,8.0,49.29000000000002,64.0,22.0,8.24168247386377,247.0,296.29,86,42.0,-4.0,0.49,259.0,2.0
07:35:00,248.08,91.0,455.5,20.0,246.0,13.0,513.29,14.0,207.42,104.0,34.0,41.985055079158826,248.08000000000004,455.5,138,70.0,52.0,0.51,259.0,
07:35:01,264.14,21.0,427.0,24.0,256.6,75.0,428.0,24.0,162.86,96.0,48.0,48.258725325064326,264.14,427.0,144,48.0,6.0,0.33,259.0,
07:35:02,265.0,11.0,404.14,21.0,259.86,49.0,436.93,14.0,139.14,60.0,35.0,44.54677283485312,265.0,404.14,95,25.0,-49.0,0.26,259.0,
07:35:03,265.78,23.0,343.25,32.0,264.16,50.0,389.78,27.0,77.47000000000003,73.0,59.0,33.323956397763006,265.78,343.25,132,14.0,37.0,0.11,259.0,
07:35:04,266.0,16.0,293.5,16.0,265.0,8.0,295.0,16.0,27.5,24.0,32.0,30.34764735527303,266.0,293.5,56,-8.0,-76.0,-0.14,259.0,
07:35:05,264.12,102.0,292.54,26.0,263.46,13.0,527.5,28.0,28.420000000000016,115.0,54.0,30.848217452553207,264.12,292.54,169,61.0,113.0,0.36,265.25,4.0
07:35:06,264.0,81.0,291.11,18.0,263.0,9.0,458.0,36.0,27.110000000000014,90.0,54.0,24.85460581059386,264.0,291.11,144,36.0,-25.0,0.25,265.25,
07:35:07,264.51,39.0,289.0,22.0,263.77,26.0,451.48,42.0,24.49000000000001,65.0,64.0,11.866715215256658,264.51,289.0,129,1.0,-15.0,0.01,264.0,5.0
07:35:08,266.0,18.0,286.0,18.0,264.0,36.0,289.0,18.0,20.0,54.0,36.0,1.4483266206221932,266.0,286.0,90,18.0,-39.0,0.2,264.0,
07:35:09,266.0,20.0,284.1,20.0,264.0,40.0,331.6,20.0,18.100000000000023,60.0,40.0,1.284970816790307,266.0,284.1,100,20.0,10.0,0.2,264.0,
07:35:10,265.11,18.0,284.0,22.0,262.8,41.0,473.41,29.0,18.889999999999983,59.0,51.0,1.223347865491542,265.11,284.0,110,8.0,10.0,0.07,264.67,6.0
07:35:11,263.0,9.0,284.0,18.0,261.0,36.0,390.6,15.0,21.0,45.0,33.0,1.2641518896092634,263.0,284.0,78,12.0,-32.0,0.15,264.67,
07:35:12,262.57,28.0,284.0,22.0,260.5,56.0,301.65,49.0,21.430000000000007,84.0,71.0,1.1200669622851231,262.57,284.0,155,13.0,77.0,0.08,263.0,1.0
07:35:13,264.85,26.0,284.0,24.0,262.05,39.0,297.92,52.0,19.149999999999977,65.0,76.0,0.7436598684900224,264.85,284.0,141,-11.0,-14.0,-0.08,265.5,4.0
07:35:14,261.0,36.0,294.6,20.0,260.0,63.0,389.39,31.0,33.60000000000002,99.0,51.0,1.8121203050577552,261.0,294.6,150,48.0,9.0,0.32,265.5,
07:35:15,261.0,36.0,319.49,35.0,260.0,51.0,369.6,43.0,58.49000000000001,87.0,78.0,7.158833703893574,261.0,319.49,165,9.0,15.0,0.05,265.5,
07:35:16,261.0,36.0,319.0,36.0,260.0,10.0,320.0,45.0,58.0,46.0,81.0,8.35532165748289,261.0,319.0,127,-35.0,-38.0,-0.28,265.5,
07:35:17,261.0,28.0,317.68,25.0,260.0,14.0,318.85,26.0,56.68000000000001,42.0,51.0,7.632522518800905,261.0,317.68,93,-9.0,-34.0,-0.1,265.5,
07:35:18,261.0,52.0,314.15,53.0,260.0,26.0,315.2,49.0,53.14999999999998,78.0,102.0,5.2428351108921385,261.0,314.1499999999999,180,-24.0,87.0,-0.13,265.5,
07:35:19,263.4,70.0,311.57,42.0,260.63,38.0,312.71,42.0,48.170000000000016,108.0,84.0,1.3157887368433985,263.4,311.57,192,24.0,12.0,0.12,265.5,
07:35:20,265.0,84.0,309.14,49.0,261.0,68.0,310.75,48.0,44.13999999999999,152.0,97.0,1.290244162941169,265.0,309.14,249,55.0,57.0,0.22,265.0,1.0
07:35:21,265.0,86.0,306.07,54.0,261.0,78.0,307.12,64.0,41.06999999999999,164.0,118.0,1.3576192396999445,265.0,306.07,282,46.0,33.0,0.16,265.0,
07:35:22,265.0,105.0,301.21,53.0,261.0,60.0,304.52,65.0,36.20999999999998,165.0,118.0,1.894816613818624,265.0,301.21,283,47.0,1.0,0.17,265.0,
07:35:23,265.0,140.0,295.86,65.0,261.0,84.0,299.04,104.0,30.860000000000014,224.0,169.0,2.953646898328005,265.0,295.86,393,55.0,110.0,0.14,265.0,3.0
07:35:24,265.0,69.0,294.17,36.0,261.0,48.0,298.11,54.0,29.170000000000016,117.0,90.0,3.210300608977641,265.0,294.17,207,27.0,-168.0,0.13,265.0,
07:35:25,265.0,78.0,288.9,42.0,261.0,52.0,289.95,44.0,23.899999999999977,130.0,86.0,3.305049167561911,265.0,288.9,216,44.0,9.0,0.2,265.0,3.0
07:35:26,265.0,51.0,285.03,62.0,261.0,68.0,285.84,62.0,20.029999999999973,119.0,124.0,3.1318093811726686,265.0,285.03,243,-5.0,27.0,-0.02,265.0,
07:35:27,265.0,39.0,280.42,48.0,260.2,41.0,281.28,53.0,15.420000000000016,80.0,101.0,3.1909669380926986,265.0,280.42,181,-21.0,-62.0,-0.12,265.0,
07:35:28,262.71,28.0,276.59,46.0,260.4,40.0,277.59,46.0,13.879999999999995,68.0,92.0,3.821265497188127,262.71,276.59,160,-24.0,-21.0,-0.15,263.4,5.0
07:35:29,259.03,137.0,270.81,58.0,234.56,57.0,272.48,54.0,11.78000000000003,194.0,112.0,4.734537992243805,259.03,270.81,306,82.0,146.0,0.27,260.4,5.0
07:35:30,259.75,71.0,264.64,55.0,257.72,125.0,265.57,63.0,4.889999999999986,196.0,118.0,5.324412643663122,259.75,264.64,314,78.0,8.0,0.25,264.0,2.0
07:35:31,259.05,76.0,262.6,25.0,211.64,53.0,264.88,40.0,3.550000000000012,129.0,65.0,5.018465901049796,259.05,262.6,194,64.0,-120.0,0.33,260.67,6.0
07:35:32,259.0,88.0,262.32,40.0,189.69,48.0,265.27,37.0,3.319999999999993,136.0,77.0,3.7628778879999807,259.0,262.32,213,59.0,19.0,0.28,260.67,
07:35:33,235.91,53.0,260.35,34.0,155.26,54.0,286.89,35.0,24.440000000000023,107.0,69.0,6.497794241125108,235.91,260.35,176,38.0,-37.0,0.22,259.33,12.0
07:35:40,219.65,54.0,352.64,22.0,111.5,20.0,354.89,18.0,132.98999999999998,74.0,40.0,37.81609868825711,219.65,352.64,114,34.0,68.0,0.3,258.0,8.0
07:35:41,222.0,50.0,255.91,22.0,173.47,15.0,312.38,13.0,33.91,65.0,35.0,29.51962008563124,222.0,255.91,100,30.0,-14.0,0.3,257.0,2.0
07:35:47,225.31,32.0,257.71,7.0,199.41,17.0,258.96,25.0,32.39999999999998,49.0,32.0,24.47938254940252,225.31,257.71,81,17.0,8.0,0.21,257.0,
07:35:48,231.51,43.0,257.25,20.0,205.68,41.0,258.87,23.0,25.74000000000001,84.0,43.0,23.28617980691542,231.51,257.25,127,41.0,46.0,0.32,257.0,
07:35:49,225.0,84.0,256.78,54.0,177.48,54.0,257.33,30.0,31.779999999999973,138.0,84.0,12.307182862052455,225.0,256.78,222,54.0,95.0,0.24,257.0,
07:35:50,226.14,84.0,258.63,41.0,223.71,84.0,323.62,52.0,32.49000000000001,168.0,93.0,8.034551636525764,226.14,258.63,261,75.0,39.0,0.29,257.54,13.0
07:35:51,233.22,65.0,270.0,15.0,230.82,45.0,352.55,44.0,36.78,110.0,59.0,4.370329507028067,233.22,270.0,169,51.0,-92.0,0.3,259.0,1.0
07:35:52,255.2,30.0,338.04,47.0,254.17,60.0,426.56,41.0,82.84000000000003,90.0,88.0,23.52895386539748,255.2,338.04,178,2.0,9.0,0.01,259.0,
07:35:53,264.86,28.0,266.0,32.0,263.2,20.0,308.0,24.0,1.1399999999999864,48.0,56.0,22.99093777991676,264.86,266.0,104,-8.0,-74.0,-0.08,259.0,
07:35:54,264.92,37.0,287.21,38.0,263.37,19.0,378.7,30.0,22.289999999999964,56.0,68.0,21.229264471479095,264.92,287.21,124,-12.0,20.0,-0.1,265.67,6.0
07:35:55,263.0,24.0,330.43,28.0,261.0,72.0,345.29,28.0,67.43,96.0,56.0,19.700381468388,263.0,330.43,152,40.0,28.0,0.26,263.5,2.0
07:35:56,264.64,11.0,309.33,24.0,261.88,25.0,310.57,21.0,44.69,36.0,45.0,13.573221798821628,264.64,309.33,81,-9.0,-71.0,-0.11,263.5,
07:35:57,263.0,6.0,307.1,10.0,261.0,27.0,308.55,11.0,44.10000000000002,33.0,21.0,11.835591662439455,263.0,307.1,54,12.0,-27.0,0.22,265.0,3.0
07:35:58,263.0,10.0,305.4,15.0,261.0,45.0,308.0,20.0,42.39999999999998,55.0,35.0,7.389360594801592,263.0,305.4,90,20.0,36.0,0.22,265.0,
07:35:59,263.0,18.0,305.0,27.0,261.0,81.0,308.0,36.0,42.0,99.0,63.0,5.3426182719717605,263.0,305.0,162,36.0,72.0,0.22,265.0,
07:36:00,262.27,22.0,302.32,25.0,260.91,69.0,305.62,29.0,40.05000000000001,91.0,54.0,1.705338676042654,262.27,302.32,145,37.0,-17.0,0.26,262.33,3.0
07:36:01,261.0,12.0,302.0,8.0,260.0,12.0,303.0,6.0,41.0,24.0,14.0,1.461335006084154,261.0,302.0,38,10.0,-107.0,0.26,261.0,4.0
07:36:02,261.0,36.0,300.68,34.0,260.0,54.0,301.79,33.0,39.68000000000001,90.0,67.0,1.4926888490261432,261.0,300.68,157,23.0,119.0,0.15,261.0,
07:36:03,260.46,52.0,296.14,37.0,259.82,45.0,298.09,33.0,35.68000000000001,97.0,70.0,2.091822172175952,260.46,296.14,167,27.0,10.0,0.16,261.0,4.0
07:36:04,260.0,63.0,289.2,30.0,259.0,18.0,294.64,25.0,29.19999999999999,81.0,55.0,3.1259110671941266,260.0,289.2,136,26.0,-31.0,0.19,261.0,
07:36:05,260.0,53.0,278.34,29.0,259.0,16.0,287.53,17.0,18.33999999999997,69.0,46.0,5.091288638449636,260.0,278.34,115,23.0,-21.0,0.2,260.0,3.0
07:36:06,260.0,40.0,273.05,38.0,259.0,20.0,274.33,30.0,13.050000000000011,60.0,68.0,6.014621351340932,260.0,273.05,128,-8.0,13.0,-0.06,260.0,
07:36:07,261.8,20.0,269.92,53.0,260.2,60.0,271.04,50.0,8.120000000000005,80.0,103.0,5.383796987257799,261.8,269.92,183,-23.0,55.0,-0.13,260.0,
07:36:08,264.98,86.0,266.76,42.0,262.16,19.0,267.83,46.0,1.7799999999999727,105.0,88.0,3.720958209924692,264.98,266.76,193,17.0,10.0,0.09,265.29,7.0
07:36:09,265.0,44.0,266.91,44.0,263.0,13.0,268.0,33.0,1.910000000000025,57.0,77.0,1.4216117613489696,265.0,266.91,134,-20.0,-59.0,-0.15,265.29,
07:36:10,264.11,46.0,329.24,17.0,262.17,23.0,450.44,32.0,65.13,69.0,49.0,13.695381703333643,264.11,329.24,118,20.0,-16.0,0.17,265.0,4.0
07:36:11,264.0,72.0,473.52,21.0,263.0,18.0,489.78,27.0,209.52,90.0,48.0,44.600031053800926,264.0,473.52,138,42.0,20.0,0.3,264.0,3.0
07:36:12,264.0,68.0,321.1,50.0,263.0,20.0,356.67,48.0,57.10000000000002,88.0,98.0,42.12475637911759,264.0,321.1,186,-10.0,48.0,-0.05,264.0,3.0
07:36:13,264.0,30.0,265.0,45.0,263.0,13.0,266.0,45.0,1.0,43.0,90.0,42.38929263387168,264.0,265.0,133,-47.0,-53.0,-0.35,264.0,3.0
07:36:14,263.95,19.0,265.1,50.0,262.06,17.0,269.53,47.0,1.150000000000034,36.0,97.0,42.66089954513392,263.95,265.1,133,-61.0,0.0,-0.46,264.0,2.0
07:36:15,264.83,41.0,266.0,35.0,261.39,28.0,349.0,14.0,1.170000000000016,69.0,49.0,45.01999300310926,264.83,266.0,118,20.0,-15.0,0.17,265.0,1.0
07:36:16,265.0,120.0,281.45,47.0,264.0,10.0,352.91,23.0,16.44999999999999,130.0,70.0,12.035482956658033,265.0,281.45,200,60.0,82.0,0.3,265.0,
07:36:17,265.29,34.0,348.25,24.0,264.98,122.0,372.64,33.0,82.95999999999998,156.0,57.0,18.19672030889099,265.29,348.25,213,99.0,13.0,0.46,265.0,
07:36:18,266.0,12.0,346.56,25.0,265.0,144.0,430.56,32.0,80.56,156.0,57.0,21.524696281248808,266.0,346.56,213,99.0,0.0,0.46,265.0,
07:36:19,266.7,20.0,341.89,36.0,265.09,79.0,343.86,29.0,75.19,99.0,65.0,20.18405137726336,266.7,341.89,164,34.0,-49.0,0.21,265.0,
07:36:20,267.0,20.0,312.32,22.0,266.0,10.0,327.67,24.0,45.31999999999999,30.0,46.0,14.57317501438886,267.0,312.32,76,-16.0,-88.0,-0.21,265.0,
07:36:21,265.15,81.0,306.0,51.0,263.53,17.0,307.0,34.0,40.85000000000002,98.0,85.0,10.096718773938814,265.15,306.0,183,13.0,107.0,0.07,265.45,11.0
07:36:22,265.0,52.0,301.3,37.0,263.0,13.0,302.71,28.0,36.30000000000001,65.0,65.0,10.77131607557812,265.0,301.3,130,0.0,-53.0,0.0,265.45,
07:36:23,265.0,44.0,292.97,29.0,263.0,11.0,294.46,26.0,27.970000000000027,55.0,55.0,9.725777603873462,265.0,292.97,110,0.0,-20.0,0.0,265.45,
07:36:24,265.0,56.0,290.5,38.0,263.0,14.0,292.5,32.0,25.5,70.0,70.0,4.865785650848742,265.0,290.5,140,0.0,30.0,0.0,265.45,
07:36:25,264.9,42.0,286.84,25.0,262.0,20.0,288.6,35.0,21.94,62.0,60.0,3.992452880123302,264.9,286.84,122,2.0,-18.0,0.02,265.0,4.0
07:36:26,263.0,3.0,285.0,6.0,261.0,15.0,287.0,9.0,22.0,18.0,15.0,3.4666193907039102,263.0,285.0,33,3.0,-89.0,0.09,265.0,
07:36:27,263.0,8.0,284.05,22.0,261.0,40.0,285.67,18.0,21.05000000000001,48.0,40.0,2.350921096082158,263.0,284.05,88,8.0,55.0,0.09,265.0,
07:36:28,263.9,20.0,279.84,31.0,261.57,23.0,281.0,24.0,15.939999999999998,43.0,55.0,2.2646567068771923,263.9,279.84,98,-12.0,10.0,-0.12,265.0,
07:36:29,264.0,18.0,279.0,27.0,262.0,9.0,280.0,18.0,15.0,27.0,45.0,1.7617235878546829,264.0,279.0,72,-18.0,-26.0,-0.25,265.0,
07:36:30,264.0,10.0,279.0,15.0,262.0,5.0,280.0,10.0,15.0,15.0,25.0,1.192149319508011,264.0,279.0,40,-10.0,-32.0,-0.25,265.0,
07:36:31,263.38,21.0,276.06,36.0,261.4,20.0,276.93,30.0,12.680000000000009,41.0,66.0,1.351968934555565,263.38,276.06,107,-25.0,67.0,-0.23,262.5,10.0
07:36:32,263.91,47.0,273.64,28.0,261.27,30.0,274.92,50.0,9.72999999999996,77.0,78.0,1.350214797727833,263.91,273.64,155,-1.0,48.0,-0.01,262.5,
07:36:33,264.13,23.0,270.33,30.0,262.64,22.0,271.44,18.0,6.199999999999989,45.0,48.0,1.8314693554638004,264.13,270.33,93,-3.0,-62.0,-0.03,262.5,
07:36:34,265.0,8.0,268.5,32.0,264.0,32.0,271.22,18.0,3.5,40.0,50.0,1.9238061232886237,265.0,268.5,90,-10.0,-3.0,-0.11,262.5,
07:36:35,264.14,42.0,266.07,54.0,262.58,38.0,381.7,66.0,1.9300000000000068,80.0,120.0,1.796710883810338,264.14,266.07,200,-40.0,110.0,-0.2,265.4,5.0
07:36:36,264.0,17.0,319.32,37.0,261.0,24.0,368.77,48.0,55.31999999999999,41.0,85.0,11.12010926205332,264.0,319.32,126,-44.0,-74.0,-0.35,264.0,3.0
07:36:37,263.4,10.0,296.0,30.0,260.67,24.0,393.0,40.0,32.60000000000002,34.0,70.0,11.420952237007404,263.4,296.0,104,-36.0,-22.0,-0.35,262.5,2.0
07:36:38,258.68,38.0,294.42,36.0,258.87,46.0,549.24,34.0,35.74000000000001,84.0,70.0,10.763039998067686,258.68,294.42,154,14.0,50.0,0.09,259.57,7.0
07:36:39,258.7,64.0,294.0,36.0,257.6,30.0,599.47,59.0,35.30000000000001,94.0,95.0,9.49188232122614,258.7,294.0,189,-1.0,35.0,-0.01,259.57,
07:36:40,259.35,26.0,291.83,52.0,212.38,81.0,523.13,53.0,32.47999999999996,107.0,105.0,6.721499088745456,259.35,291.83,212,2.0,23.0,0.01,258.2,5.0
07:36:41,234.22,37.0,288.06,48.0,113.39,93.0,289.16,32.0,53.84,130.0,80.0,7.285823906738668,234.22,288.06,210,50.0,-2.0,0.24,258.0,3.0
07:36:42,214.44,25.0,288.0,35.0,167.85,47.0,289.0,21.0,73.56,72.0,56.0,11.499093442528586,214.44,288.0,128,16.0,-82.0,0.12,259.0,1.0
07:36:43,259.0,48.0,286.38,80.0,171.41,128.0,289.0,48.0,27.379999999999995,176.0,128.0,10.910346923906854,259.0,286.38,304,48.0,168.0,0.16,259.0,
07:36:44,259.66,41.0,284.09,55.0,250.0,34.0,286.45,49.0,24.42999999999995,75.0,104.0,10.148757066754708,259.66,284.09,179,-29.0,-125.0,-0.16,260.0,3.0
07:36:45,261.69,32.0,282.66,59.0,259.0,94.0,283.84,77.0,20.970000000000027,126.0,136.0,9.476078830402567,261.69,282.66,262,-10.0,83.0,-0.04,260.0,
07:36:46,263.76,21.0,281.67,75.0,261.19,43.0,284.58,64.0,17.910000000000025,64.0,139.0,9.460804405546275,263.76,281.67,203,-75.0,-59.0,-0.37,260.0,
07:36:47,265.0,26.0,278.53,43.0,263.0,13.0,280.1,61.0,13.529999999999973,39.0,104.0,0.4433057635585569,265.0,278.53,143,-65.0,-60.0,-0.45,260.0,
07:36:48,264.67,24.0,275.76,49.0,261.94,17.0,278.49,55.0,11.089999999999977,41.0,104.0,0.9333166665200944,264.67,275.76,145,-63.0,2.0,-0.43,263.0,5.0
07:36:49,261.83,53.0,274.0,65.0,260.13,31.0,275.0,39.0,12.170000000000016,84.0,104.0,1.9356342629753296,261.83,274.0,188,-20.0,43.0,-0.11,262.0,2.0
07:36:50,262.65,86.0,274.0,55.0,261.96,83.0,275.0,33.0,11.350000000000025,169.0,88.0,2.08923909593994,262.65,274.0,257,81.0,69.0,0.32,262.0,
07:36:51,262.31,116.0,265.13,69.0,261.91,88.0,269.93,70.0,2.819999999999993,204.0,139.0,3.031921832766066,262.31,265.13,343,65.0,86.0,0.19,263.0,7.0
07:36:52,262.0,60.0,264.0,30.0,261.0,6.0,288.5,24.0,2.0,66.0,54.0,3.1231122298123117,262.0,264.0,120,12.0,-168.0,0.1,263.0,
07:36:53,262.0,110.0,291.9,48.0,261.0,11.0,337.61,23.0,29.899999999999977,121.0,71.0,5.557313199739912,262.0,291.9,192,50.0,72.0,0.26,263.0,5.0
07:36:54,262.47,68.0,316.5,16.0,261.87,46.0,546.88,34.0,54.02999999999997,114.0,50.0,11.101642671244855,262.47,316.5,164,64.0,-28.0,0.39,263.0,
07:36:55,266.0,12.0,272.0,24.0,262.0,60.0,400.33,6.0,6.0,72.0,30.0,11.045676529756095,266.0,272.0,102,42.0,-62.0,0.41,263.0,
07:36:56,262.62,64.0,339.2,20.0,261.89,56.0,544.73,11.0,76.57999999999998,120.0,31.0,15.382670444367143,262.62,339.2,151,89.0,49.0,0.59,264.67,3.0
07:36:57,262.0,90.0,408.6,10.0,261.0,10.0,489.36,25.0,146.60000000000002,100.0,35.0,25.92747673800922,262.0,408.6,135,65.0,-16.0,0.48,264.67,
07:36:58,262.74,43.0,367.0,7.0,261.92,39.0,423.4,10.0,104.26,82.0,17.0,25.1056672884831,262.74,367.0,99,65.0,-36.0,0.66,264.67,
07:36:59,264.0,55.0,300.17,23.0,262.0,126.0,313.48,29.0,36.170000000000016,181.0,52.0,26.21479219829924,264.0,300.17,233,129.0,134.0,0.55,264.0,1.0
07:37:00,262.66,73.0,283.0,20.0,261.85,46.0,289.86,28.0,20.33999999999997,119.0,48.0,25.098864516149156,262.66,283.0,167,71.0,-66.0,0.43,263.2,5.0
07:37:01,264.0,56.0,288.0,10.0,262.0,70.0,289.56,16.0,24.0,126.0,26.0,27.525743768334586,264.0,288.0,152,100.0,-15.0,0.66,264.0,2.0
07:37:02,264.0,37.0,286.27,11.0,262.0,77.0,287.73,11.0,22.269999999999985,114.0,22.0,17.490715537107356,264.0,286.27,136,92.0,-16.0,0.68,264.0,1.0
07:37:03,264.0,42.0,283.72,18.0,262.0,98.0,285.43,14.0,19.720000000000027,140.0,32.0,3.6212884447398985,264.0,283.72,172,108.0,36.0,0.63,264.0,
07:37:04,264.2,15.0,282.0,21.0,262.49,37.0,283.0,10.0,17.80000000000001,52.0,31.0,1.3532479447634416,264.2,282.0,83,21.0,-89.0,0.25,264.0,
07:37:05,265.0,8.0,282.0,24.0,264.0,24.0,283.0,8.0,17.0,32.0,32.0,1.2111151885788956,265.0,282.0,64,0.0,-19.0,0.0,264.0,
07:37:06,265.0,11.0,281.09,23.0,264.0,33.0,281.52,21.0,16.089999999999975,44.0,44.0,0.8559906541583235,265.0,281.09,88,0.0,24.0,0.0,264.0,
07:37:07,265.0,12.0,276.43,14.0,264.0,36.0,277.89,28.0,11.430000000000009,48.0,42.0,1.2369801938617733,265.0,276.43,90,6.0,2.0,0.07,264.0,
07:37:08,265.0,12.0,272.67,18.0,264.0,36.0,274.0,12.0,7.670000000000016,48.0,30.0,2.0074934620083287,265.0,272.67,78,18.0,-12.0,0.23,264.0,
07:37:09,262.38,40.0,270.93,14.0,262.8,25.0,271.8,20.0,8.550000000000011,65.0,34.0,2.876478750139835,262.38,270.93,99,31.0,21.0,0.31,264.0,5.0
07:37:10,262.0,77.0,267.36,11.0,261.0,22.0,269.62,13.0,5.360000000000014,99.0,24.0,3.2871674736778567,262.0,267.36,123,75.0,24.0,0.61,264.0,
07:37:11,263.59,51.0,266.91,11.0,261.89,35.0,272.0,33.0,3.32000000000005,86.0,44.0,2.521384540288399,263.59,266.91,130,42.0,7.0,0.32,262.2,5.0
07:37:12,263.31,26.0,300.22,45.0,260.84,57.0,407.93,27.0,36.910000000000025,83.0,72.0,7.07375642781159,263.31,300.22,155,11.0,25.0,0.07,264.0,5.0
07:37:13,262.0,48.0,416.08,38.0,260.0,176.0,453.55,66.0,154.07999999999998,224.0,104.0,31.854723825517755,262.0,416.08,328,120.0,168.0,0.37,264.0,
07:37:14,262.0,30.0,427.5,24.0,260.0,98.0,473.16,38.0,165.5,128.0,62.0,39.71888883138613,262.0,427.5,190,66.0,-138.0,0.35,264.0,
07:37:15,262.0,36.0,426.5,32.0,260.0,106.0,484.38,32.0,164.5,142.0,64.0,38.40086652668156,262.0,426.5,206,78.0,16.0,0.38,264.0,
07:37:16,260.49,82.0,424.74,46.0,259.22,250.0,426.73,30.0,164.25,332.0,76.0,27.32807475838748,260.49,424.74,408,256.0,168.0,0.63,264.0,5.0
07:37:17,265.04,48.0,422.78,36.0,263.34,127.0,426.5,32.0,157.73999999999995,175.0,68.0,2.3047819853546665,265.04,422.78,243,107.0,-165.0,0.44,264.0,
07:37:18,266.0,61.0,407.76,41.0,264.0,232.0,426.37,38.0,141.76,293.0,79.0,3.2290710738563058,266.0,407.76,372,214.0,129.0,0.58,266.0,3.0
07:37:19,264.34,116.0,314.29,42.0,263.63,196.0,315.58,24.0,49.950000000000045,312.0,66.0,23.70676759914805,264.34,314.29,378,246.0,6.0,0.65,266.0,2.0
07:37:20,264.0,244.0,311.19,42.0,262.0,96.0,312.19,42.0,47.19,340.0,84.0,28.97773507367365,264.0,311.19,424,256.0,46.0,0.6,264.0,1.0
07:37:21,264.0,195.0,304.59,44.0,262.0,96.0,305.67,42.0,40.589999999999975,291.0,86.0,29.36650677217186,264.0,304.59,377,205.0,-47.0,0.54,264.0,3.0
07:37:22,264.0,180.0,297.74,38.0,262.0,90.0,299.04,46.0,33.74000000000001,270.0,84.0,23.19456574286345,264.0,297.74,354,186.0,-23.0,0.53,264.0,
07:37:23,262.48,105.0,284.29,28.0,260.39,49.0,285.82,22.0,21.81,154.0,50.0,6.321185015486751,262.48,284.29,204,104.0,-150.0,0.51,264.0,
07:37:24,264.0,65.0,280.47,30.0,260.71,99.0,281.65,40.0,16.470000000000027,164.0,70.0,6.720850392622526,264.0,280.47,234,94.0,30.0,0.4,264.0,
07:37:25,262.75,67.0,275.18,44.0,260.84,83.0,277.0,22.0,12.430000000000009,150.0,66.0,6.388119441589575,262.75,275.18,216,84.0,-18.0,0.39,264.0,5.0
07:37:26,262.0,105.0,272.25,40.0,260.0,102.0,273.83,36.0,10.25,207.0,76.0,5.300459414052218,262.0,272.25,283,131.0,67.0,0.46,264.0,
07:37:27,262.0,84.0,270.0,48.0,260.0,127.0,272.0,24.0,8.0,211.0,72.0,3.1900658300440785,262.0,270.0,283,139.0,0.0,0.49,264.0,
07:37:28,262.0,28.0,269.0,16.0,260.0,40.0,272.0,8.0,7.0,68.0,24.0,2.730919259153373,262.0,269.0,92,44.0,-168.0,0.48,264.0,
07:37:29,263.78,79.0,268.0,22.0,262.78,95.0,269.69,26.0,4.220000000000027,174.0,48.0,1.4026688846676263,263.78,268.0,222,126.0,130.0,0.57,262.0,1.0
07:37:30,265.0,12.0,267.74,38.0,264.0,228.0,269.77,31.0,2.740000000000009,240.0,69.0,0.6120702574171489,265.0,267.74,309,171.0,87.0,0.55,265.0,2.0
07:37:31,264.0,304.0,276.42,24.0,262.3,127.0,300.14,36.0,12.420000000000016,431.0,60.0,1.934613656525444,264.0,276.42,491,371.0,168.0,0.76,264.14,7.0
07:37:32,264.0,169.0,420.0,14.0,262.0,78.0,472.12,17.0,156.0,247.0,31.0,33.597183364086014,264.0,420.0,278,216.0,-168.0,0.78,264.14,
07:37:33,264.0,128.0,363.4,15.0,262.0,66.0,387.41,17.0,99.39999999999998,194.0,32.0,34.58197984500049,264.0,363.4,226,162.0,-52.0,0.72,264.0,5.0
07:37:34,264.0,101.0,343.15,27.0,262.0,78.0,353.98,43.0,79.14999999999998,179.0,70.0,31.541288020624997,264.0,343.15,249,109.0,23.0,0.44,264.0,3.0
07:37:35,263.38,58.0,336.44,18.0,261.77,88.0,337.89,36.0,73.06,146.0,54.0,25.88016943530361,263.38,336.44,200,92.0,-49.0,0.46,264.0,5.0
07:37:36,264.0,56.0,333.57,28.0,262.0,84.0,336.0,14.0,69.57,140.0,42.0,17.984736028088484,264.0,333.57,182,98.0,-18.0,0.54,264.0,
07:37:37,262.16,49.0,331.8,20.0,260.94,47.0,336.0,10.0,69.63999999999999,96.0,30.0,6.661212352119002,262.16,331.8,126,66.0,-56.0,0.52,263.6,5.0
07:37:38,266.0,16.0,329.12,16.0,262.0,40.0,336.0,8.0,63.120000000000005,56.0,24.0,2.6103582129705423,266.0,329.12,80,32.0,-46.0,0.4,263.6,
07:37:39,262.63,38.0,323.81,21.0,261.32,47.0,334.33,12.0,61.18000000000001,85.0,33.0,2.54206018811965,262.63,323.81,118,52.0,38.0,0.44,264.67,3.0
07:37:40,262.0,40.0,317.44,18.0,261.0,40.0,324.12,17.0,55.44,80.0,35.0,3.727006841960843,262.0,317.44,115,45.0,-3.0,0.39,264.67,
07:37:41,265.86,35.0,278.1,20.0,261.82,44.0,279.08,13.0,12.240000000000007,79.0,33.0,10.49979618849922,265.86,278.1,112,46.0,-3.0,0.41,264.67,
07:37:42,267.0,42.0,274.54,24.0,264.03,111.0,275.28,18.0,7.54000000000002,153.0,42.0,12.439867362637864,267.0,274.54,195,111.0,83.0,0.57,264.67,
07:37:43,265.17,139.0,270.67,18.0,263.88,96.0,271.43,21.0,5.5,235.0,39.0,11.795338909926336,265.17,270.67,274,196.0,79.0,0.72,266.5,4.0
07:37:44,265.0,196.0,269.25,16.0,262.0,56.0,270.31,26.0,4.25,252.0,42.0,9.282947807675187,265.0,269.25,294,210.0,20.0,0.71,266.5,
07:37:45,265.0,168.0,266.82,17.0,262.0,48.0,267.68,19.0,1.8199999999999927,216.0,36.0,2.545790643399557,265.0,266.82,252,180.0,-42.0,0.71,266.5,
07:37:46,265.0,91.0,266.08,24.0,262.0,44.0,353.62,37.0,1.079999999999984,135.0,61.0,2.083979366505467,265.0,266.08,196,74.0,-56.0,0.38,265.0,11.0
07:37:47,263.5,24.0,273.95,19.0,261.57,28.0,298.25,32.0,10.449999999999989,52.0,51.0,1.3351104823274058,263.5,273.95,103,1.0,-93.0,0.01,265.0,3.0
07:37:48,264.67,36.0,285.11,9.0,261.89,36.0,288.0,45.0,20.44,72.0,54.0,3.8155641784696153,264.67,285.11,126,18.0,23.0,0.14,265.0,
07:37:49,265.1,20.0,284.0,10.0,262.6,40.0,322.53,38.0,18.899999999999977,60.0,48.0,4.550886726784201,265.1,284.0,108,12.0,-18.0,0.11,265.33,3.0
07:37:50,262.35,34.0,282.08,12.0,261.09,88.0,492.94,48.0,19.72999999999996,122.0,60.0,4.001990754614607,262.35,282.08,182,62.0,74.0,0.34,264.0,3.0
07:37:51,262.0,27.0,280.22,9.0,261.0,108.0,469.15,27.0,18.220000000000027,135.0,36.0,2.549974509680624,262.0,280.22,171,99.0,-11.0,0.58,264.0,
07:37:52,262.0,21.0,278.0,7.0,261.0,84.0,312.0,14.0,16.0,105.0,21.0,2.1307580810643363,262.0,278.0,126,84.0,-45.0,0.67,264.0,
07:37:53,262.0,16.0,277.0,7.0,261.0,84.0,312.0,14.0,15.0,100.0,21.0,2.013710505514866,262.0,277.0,121,79.0,-5.0,0.65,262.0,1.0
07:37:54,261.27,30.0,277.0,10.0,260.89,108.0,312.0,20.0,15.730000000000018,138.0,30.0,1.2648201453253738,261.27,277.0,168,108.0,47.0,0.64,261.67,3.0
07:37:55,261.09,151.0,275.07,14.0,260.53,108.0,531.43,28.0,13.980000000000018,259.0,42.0,1.1152264344163,261.09,275.07,301,217.0,133.0,0.72,261.67,
07:37:56,263.0,96.0,272.0,13.0,261.0,195.0,655.09,44.0,9.0,291.0,57.0,1.0293784532526864,263.0,272.0,348,234.0,47.0,0.67,261.67,
07:37:57,265.4,179.0,269.63,27.0,262.25,159.0,376.42,43.0,4.230000000000018,338.0,70.0,0.9262451079605736,265.4,269.63,408,268.0,60.0,0.66,261.67,
07:37:58,266.0,126.0,267.68,34.0,264.0,20.0,269.05,42.0,1.6800000000000068,146.0,76.0,0.85765377631123,266.0,267.68,222,70.0,-168.0,0.32,266.0,1.0
07:37:59,266.0,102.0,278.59,29.0,264.0,18.0,447.84,31.0,12.589999999999977,120.0,60.0,2.1943404476108386,266.0,278.59,180,60.0,-42.0,0.33,266.0,3.0
07:38:00,266.0,30.0,309.0,16.0,264.0,8.0,686.0,20.0,43.0,38.0,36.0,8.75830862667106,266.0,309.0,74,2.0,-106.0,0.03,266.0,3.0
07:38:02,265.89,19.0,428.3,27.0,263.67,21.0,552.36,28.0,162.41000000000005,40.0,55.0,53.05735368448017,265.89,428.3,95,-15.0,-21.0,-0.16,265.71,7.0
07:38:03,264.0,8.0,375.65,34.0,263.0,56.0,496.82,22.0,111.64999999999998,64.0,56.0,46.58039716447274,264.0,375.65,120,8.0,25.0,0.07,265.71,
07:38:04,264.41,58.0,419.43,23.0,262.9,41.0,589.63,54.0,155.01999999999998,99.0,77.0,37.07128646270615,264.41,419.43,176,22.0,56.0,0.12,265.25,8.0
07:38:05,263.0,70.0,299.65,23.0,262.0,30.0,311.65,31.0,36.64999999999998,100.0,54.0,39.17068316994254,263.0,299.65,154,46.0,-22.0,0.3,265.25,
07:38:06,263.71,85.0,285.46,13.0,262.41,51.0,417.46,65.0,21.75,136.0,78.0,33.63317409939208,263.71,285.46,214,58.0,60.0,0.27,265.25,
07:38:07,267.0,40.0,283.88,8.0,263.0,56.0,628.86,21.0,16.879999999999995,96.0,29.0,30.57167021933897,267.0,283.88,125,67.0,-89.0,0.54,265.25,
07:38:08,264.26,27.0,283.0,9.0,261.81,53.0,414.5,40.0,18.74000000000001,80.0,49.0,29.52405883343307,264.26,283.0,129,31.0,4.0,0.24,265.25,
07:38:09,261.43,14.0,282.5,4.0,261.29,14.0,377.0,20.0,21.069999999999997,28.0,24.0,3.563870087421386,261.43,282.5,52,4.0,-77.0,0.08,262.0,5.0
07:38:10,263.78,54.0,281.88,8.0,262.62,40.0,440.51,37.0,18.100000000000023,94.0,45.0,1.3775594361104306,263.78,281.88,139,49.0,87.0,0.35,261.0,2.0
07:38:11,266.77,52.0,279.45,11.0,263.71,59.0,703.9,42.0,12.680000000000009,111.0,53.0,1.2939203994129174,266.77,279.45,164,58.0,25.0,0.35,261.0,
07:38:12,261.54,56.0,278.5,8.0,260.38,48.0,558.86,28.0,16.95999999999998,104.0,36.0,1.4159272580245454,261.54,278.5,140,68.0,-24.0,0.49,264.33,6.0
07:38:13,263.29,68.0,274.6,25.0,260.7,100.0,276.0,23.0,11.310000000000002,168.0,48.0,1.8156348751929616,263.29,274.6,216,120.0,76.0,0.56,267.0,3.0
07:38:14,267.0,24.0,271.69,39.0,261.0,84.0,272.91,23.0,4.689999999999998,108.0,62.0,1.9733778148182823,267.0,271.69,170,46.0,-46.0,0.27,267.0,
07:38:15,262.06,68.0,268.0,16.0,260.51,82.0,269.6,30.0,5.939999999999998,150.0,46.0,2.889294031423115,262.06,268.0,196,104.0,26.0,0.53,267.0,2.0
07:38:16,265.0,17.0,268.8,15.0,261.0,56.0,270.87,30.0,3.8000000000000114,73.0,45.0,2.0508412907919773,265.0,268.8,118,28.0,-78.0,0.24,265.0,1.0
07:38:17,261.0,36.0,267.82,22.0,260.0,45.0,270.62,32.0,6.819999999999993,81.0,54.0,2.2303631991263884,261.0,267.82,135,27.0,17.0,0.2,262.6,5.0
07:38:18,261.5,24.0,266.0,16.0,260.35,23.0,267.0,32.0,4.5,47.0,48.0,2.2639169596116693,261.5,266.0,95,-1.0,-40.0,-0.01,262.6,
07:38:19,261.9,10.0,264.13,30.0,260.64,14.0,391.2,30.0,2.230000000000018,24.0,60.0,1.477115432191204,261.9,264.13,84,-36.0,-11.0,-0.43,262.0,1.0
07:38:20,261.0,6.0,398.43,14.0,260.0,30.0,744.67,24.0,137.43,36.0,38.0,29.19035919614583,261.0,398.43,74,-2.0,-10.0,-0.03,263.0,2.0
07:38:25,253.74,46.0,292.81,21.0,252.31,116.0,452.17,24.0,39.06999999999999,162.0,45.0,66.2338959295012,253.74,292.81,207,117.0,-81.0,0.57,256.67,6.0
07:38:27,261.57,90.0,343.0,28.0,261.68,107.0,575.0,70.0,81.43,197.0,98.0,64.88158344245308,261.57,343.0,295,99.0,168.0,0.34,256.67,
07:38:28,265.0,6.0,344.0,12.0,263.67,96.0,575.0,30.0,79.0,102.0,42.0,61.13189535749734,265.0,344.0,144,60.0,-151.0,0.42,256.67,
07:38:29,265.0,9.0,476.88,24.0,264.0,144.0,575.77,39.0,211.88,153.0,63.0,55.63123430232341,265.0,476.88,216,90.0,72.0,0.42,256.67,
07:38:32,264.06,99.0,275.41,34.0,263.18,66.0,364.0,29.0,11.350000000000025,165.0,63.0,58.65246985421844,264.06,275.41,228,102.0,-20.0,0.45,266.0,1.0
07:38:33,264.01,188.0,275.62,65.0,261.8,49.0,386.13,47.0,11.610000000000014,237.0,112.0,66.63162875091682,264.01,275.62,349,125.0,121.0,0.36,264.0,3.0
07:38:34,265.0,24.0,274.92,60.0,264.0,213.0,457.79,38.0,9.920000000000016,237.0,98.0,70.59498728663397,265.0,274.92,335,139.0,-14.0,0.41,264.0,
07:38:35,265.0,18.0,273.22,41.0,264.0,288.0,363.1,40.0,8.220000000000027,306.0,81.0,52.87729541116881,265.0,273.22,387,225.0,52.0,0.58,264.0,
07:38:36,265.0,16.0,272.0,32.0,264.0,217.0,274.0,40.0,7.0,233.0,72.0,0.6100245896840055,265.0,272.0,305,161.0,-82.0,0.53,265.0,1.0
07:38:37,264.01,167.0,270.56,52.0,263.21,68.0,289.02,46.0,6.550000000000011,235.0,98.0,1.092597821716348,264.01,270.56,333,137.0,28.0,0.41,264.5,2.0
07:38:39,264.0,236.0,467.31,35.0,263.0,28.0,505.83,48.0,203.31,264.0,83.0,61.61171617476666,264.0,467.31,347,181.0,114.0,0.52,264.0,4.0
07:38:40,264.83,144.0,284.56,43.0,263.85,82.0,296.92,36.0,19.730000000000015,226.0,79.0,60.66581310754851,264.83,284.56,305,147.0,-42.0,0.48,264.0,
07:38:41,266.0,167.0,279.16,51.0,264.0,224.0,280.77,66.0,13.160000000000023,391.0,117.0,59.92632409884661,266.0,279.16,508,274.0,168.0,0.54,266.0,2.0
07:38:42,266.0,88.0,275.14,28.0,264.0,112.0,276.35,31.0,9.139999999999986,200.0,59.0,59.29068856068383,266.0,275.14,259,141.0,-168.0,0.54,266.0,
07:38:43,266.0,154.0,270.71,38.0,264.0,196.0,272.1,42.0,4.70999999999998,350.0,80.0,42.15180043604321,266.0,270.71,430,270.0,168.0,0.63,266.0,
07:38:44,266.0,126.0,268.81,62.0,264.0,224.0,269.83,46.0,2.8100000000000023,350.0,108.0,2.996434547928357,266.0,268.81,458,242.0,28.0,0.53,266.0,
07:38:45,264.01,169.0,266.11,45.0,263.37,38.0,268.76,42.0,2.1000000000000227,207.0,87.0,2.8966497889837104,264.01,266.11,294,120.0,-164.0,0.41,266.0,1.0
07:38:46,264.0,182.0,265.45,66.0,263.0,38.0,287.21,53.0,1.4499999999999886,220.0,119.0,2.419716925596876,264.0,265.45,339,101.0,45.0,0.3,264.5,8.0
07:38:47,264.7,64.0,269.03,29.0,263.8,75.0,367.57,42.0,4.329999999999984,139.0,71.0,1.5501387034779557,264.7,269.03,210,68.0,-129.0,0.32,266.25,4.0
07:38:48,264.0,54.0,268.0,18.0,263.0,18.0,369.17,24.0,4.0,72.0,42.0,1.1415647156515012,264.0,268.0,114,30.0,-96.0,0.26,266.25,
07:38:49,264.0,54.0,267.43,14.0,263.0,18.0,278.8,20.0,3.430000000000007,72.0,34.0,0.8375738773509158,264.0,267.43,106,38.0,-8.0,0.36,264.0,4.0
07:38:50,264.0,35.0,265.95,20.0,263.0,21.0,326.8,25.0,1.9499999999999889,56.0,45.0,0.8528598947193233,264.0,265.95,101,11.0,-5.0,0.11,264.0,
07:38:51,263.74,23.0,343.9,29.0,261.79,53.0,565.44,36.0,80.15999999999997,76.0,65.0,16.97631379304757,263.74,343.9,141,11.0,40.0,0.08,264.0,5.0
07:38:53,265.0,24.0,391.22,18.0,261.0,90.0,507.67,18.0,126.22000000000004,114.0,36.0,71.366248815529,265.0,391.22,150,78.0,-9.0,0.52,264.0,
07:38:54,265.0,20.0,343.29,14.0,261.86,63.0,405.73,11.0,78.29000000000002,83.0,25.0,65.88297792298093,265.0,343.29,108,58.0,-42.0,0.54,264.0,
07:38:55,265.0,44.0,329.41,17.0,264.0,101.0,337.09,35.0,64.41000000000003,145.0,52.0,59.44592206367052,265.0,329.41,197,93.0,89.0,0.47,264.0,
07:38:56,264.61,46.0,331.67,9.0,263.14,98.0,374.58,24.0,67.06,144.0,33.0,60.2250822332356,264.61,331.67,177,111.0,-20.0,0.63,264.8,5.0
07:38:57,264.0,81.0,330.78,9.0,261.01,105.0,423.0,18.0,66.77999999999997,186.0,27.0,13.233173088870313,264.0,330.78,213,159.0,36.0,0.75,264.8,
07:38:58,264.0,67.0,329.23,13.0,262.0,13.0,500.33,30.0,65.23000000000002,80.0,43.0,3.089085625230183,264.0,329.23,123,37.0,-90.0,0.3,264.0,5.0
07:38:59,263.94,31.0,328.0,9.0,261.38,21.0,551.56,36.0,64.06,52.0,45.0,0.8184314265742899,263.94,328.0,97,7.0,-26.0,0.07,264.0,4.0
07:39:00,261.5,32.0,304.68,28.0,260.93,136.0,358.67,27.0,43.18000000000001,168.0,55.0,6.287135277692506,261.5,304.68,223,113.0,126.0,0.51,261.33,3.0
07:39:01,265.0,13.0,292.09,33.0,261.0,143.0,301.03,33.0,27.08999999999997,156.0,66.0,8.837464568529075,265.0,292.09,222,90.0,-1.0,0.41,261.33,
07:39:02,265.0,14.0,284.22,32.0,260.89,136.0,285.25,32.0,19.220000000000027,150.0,64.0,10.069991062558517,265.0,284.22,214,86.0,-8.0,0.4,261.33,
07:39:03,265.0,14.0,277.88,33.0,260.91,64.0,279.07,41.0,12.879999999999995,78.0,74.0,9.569980146270426,265.0,277.88,152,4.0,-62.0,0.03,261.33,
07:39:04,262.46,26.0,272.6,30.0,261.3,57.0,274.16,38.0,10.140000000000043,83.0,68.0,6.055318323590602,262.46,272.6,151,15.0,-1.0,0.1,262.33,6.0
07:39:05,261.0,36.0,265.57,14.0,260.0,45.0,266.75,12.0,4.569999999999993,81.0,26.0,5.951426719704589,261.0,265.57,107,55.0,-44.0,0.51,262.33,
07:39:06,261.0,56.0,264.38,16.0,260.0,70.0,266.03,36.0,3.3799999999999955,126.0,52.0,5.149953397848854,261.0,264.38,178,74.0,71.0,0.42,263.67,3.0
07:39:07,260.75,48.0,262.1,30.0,259.58,114.0,264.0,18.0,1.3500000000000227,162.0,48.0,4.138197675319032,260.75,262.1,210,114.0,32.0,0.54,260.8,5.0
07:39:08,260.0,17.0,262.2,15.0,259.0,160.0,436.02,45.0,2.1999999999999886,177.0,60.0,2.576804222290932,260.0,262.2,237,117.0,27.0,0.49,260.0,3.0
07:39:09,260.0,6.0,262.67,6.0,259.0,96.0,540.5,24.0,2.670000000000016,102.0,30.0,0.9642198919420372,260.0,262.67,132,72.0,-105.0,0.55,260.0,
07:39:10,259.0,140.0,262.0,17.0,153.0,21.0,536.0,28.0,3.0,161.0,45.0,0.8014674042135524,259.0,262.0,206,116.0,74.0,0.56,260.0,1.0
07:39:11,259.0,160.0,262.0,24.0,136.32,19.0,360.91,22.0,3.0,179.0,46.0,0.4471800532413055,259.0,262.0,225,133.0,19.0,0.59,260.0,
07:39:12,259.13,231.0,274.87,46.0,243.84,114.0,400.61,46.0,15.740000000000007,345.0,92.0,2.7713678933004493,259.13,274.87,437,253.0,168.0,0.58,262.0,3.0
07:39:13,260.0,105.0,361.2,71.0,259.0,180.0,437.29,34.0,101.2,285.0,105.0,21.7560791504355,260.0,361.2,390,180.0,-47.0,0.46,260.0,5.0
07:39:14,260.0,42.0,376.57,35.0,259.0,84.0,447.0,20.0,116.57,126.0,55.0,28.61350065965385,260.0,376.57,181,71.0,-168.0,0.39,260.0,
07:39:15,261.0,42.0,317.14,28.0,259.33,108.0,330.16,44.0,56.13999999999999,150.0,72.0,25.59627258020218,261.0,317.14,222,78.0,41.0,0.35,260.0,
07:39:16,260.48,58.0,269.91,33.0,259.18,132.0,324.19,37.0,9.430000000000009,190.0,70.0,24.33918589435583,260.48,269.91,260,120.0,38.0,0.46,267.0,1.0
07:39:17,260.04,27.0,269.0,21.0,259.05,76.0,326.4,25.0,8.95999999999998,103.0,46.0,24.943651096020613,260.04,269.0,149,57.0,-111.0,0.38,260.0,2.0
07:39:18,261.17,12.0,267.67,36.0,260.0,48.0,307.45,44.0,6.5,60.0,80.0,23.71363426385784,261.17,267.67,140,-20.0,-9.0,-0.14,260.0,
07:39:19,259.6,50.0,266.43,42.0,258.53,120.0,538.28,53.0,6.829999999999984,170.0,95.0,11.111639392997564,259.6,266.43,265,75.0,125.0,0.28,260.0,3.0
07:39:20,259.0,48.0,265.0,24.0,233.11,37.0,431.12,16.0,6.0,85.0,40.0,1.2963795740509965,259.0,265.0,125,45.0,-140.0,0.36,259.0,4.0
07:39:21,259.0,54.0,263.76,21.0,258.0,36.0,432.78,18.0,4.759999999999991,90.0,39.0,1.407970170144538,259.0,263.76,129,51.0,4.0,0.4,265.0,1.0
07:39:22,259.0,18.0,260.0,10.0,258.0,23.0,481.11,19.0,1.0,41.0,29.0,1.8365511155470324,259.0,260.0,70,12.0,-59.0,0.17,259.0,5.0
07:39:23,261.22,9.0,399.66,29.0,258.7,23.0,422.0,10.0,138.44,32.0,39.0,30.869703270359025,261.22,399.66,71,-7.0,1.0,-0.1,260.0,2.0
07:39:24,267.0,2.0,422.0,10.0,263.5,6.0,0.0,0.0,155.0,8.0,10.0,42.21009215815587,267.0,422.0,18,-2.0,-53.0,-0.11,260.0,
07:39:25,267.0,6.0,370.46,28.0,264.12,17.0,441.69,13.0,103.45999999999998,23.0,41.0,39.83425159332116,267.0,370.46,64,-18.0,46.0,-0.28,260.0,
07:39:26,267.0,8.0,277.19,26.0,264.18,22.0,289.29,38.0,10.189999999999998,30.0,64.0,37.244469119588864,267.0,277.19,94,-34.0,30.0,-0.36,260.0,
07:39:27,265.12,17.0,276.45,33.0,263.72,29.0,473.42,31.0,11.329999999999984,46.0,64.0,33.992513440462254,265.12,276.45,110,-18.0,16.0,-0.16,264.75,4.0
07:39:28,265.45,22.0,275.6,30.0,262.92,37.0,586.2,20.0,10.150000000000034,59.0,50.0,34.35889040699669,265.45,275.6,109,9.0,-1.0,0.08,264.75,
07:39:29,265.43,28.0,273.3,40.0,263.84,76.0,280.9,29.0,7.870000000000003,104.0,69.0,21.503961728016776,265.43,273.3,173,35.0,64.0,0.2,264.75,
07:39:30,264.0,112.0,273.0,56.0,263.0,52.0,274.0,42.0,9.0,164.0,98.0,1.3826532464832295,264.0,273.0,262,66.0,89.0,0.25,264.75,
07:39:31,264.0,104.0,270.53,43.0,263.0,129.0,271.67,48.0,6.529999999999973,233.0,91.0,1.4574807031349186,264.0,270.53,324,142.0,62.0,0.44,264.75,
07:39:32,264.0,70.0,268.11,27.0,263.0,162.0,271.0,36.0,4.110000000000014,232.0,63.0,1.7468056560506842,264.0,268.11,295,169.0,-29.0,0.57,264.0,2.0
07:39:33,264.0,60.0,265.59,54.0,263.0,252.0,267.73,44.0,1.589999999999975,312.0,98.0,1.831671367907114,264.0,265.59,410,214.0,115.0,0.52,264.0,6.0
07:39:34,263.0,119.0,266.75,24.0,260.0,32.0,522.12,16.0,3.75,151.0,40.0,1.589408695084673,263.0,266.75,191,111.0,-168.0,0.58,263.0,5.0
07:39:35,263.0,104.0,266.0,24.0,260.0,32.0,556.0,16.0,3.0,136.0,40.0,1.1533516376243813,263.0,266.0,176,96.0,-15.0,0.55,263.0,
07:39:36,263.12,169.0,265.42,55.0,261.83,103.0,411.5,36.0,2.300000000000012,272.0,91.0,0.6915345255379137,263.12,265.42,363,181.0,168.0,0.5,263.42,12.0
07:39:37,263.0,35.0,264.5,24.0,261.0,32.0,386.25,16.0,1.5,67.0,40.0,0.4560153506308807,263.0,264.5,107,27.0,-168.0,0.25,263.0,3.0
07:39:38,264.43,21.0,302.57,21.0,261.4,25.0,590.52,44.0,38.13999999999999,46.0,65.0,8.57391100956911,264.43,302.57,111,-19.0,4.0,-0.17,263.6,5.0
07:39:39,260.55,22.0,309.0,12.0,259.19,21.0,778.0,30.0,48.44999999999999,43.0,42.0,10.946043577476267,260.55,309.0,85,1.0,-26.0,0.01,265.0,3.0
07:39:42,260.79,57.0,348.58,38.0,259.79,114.0,392.2,50.0,87.78999999999996,171.0,88.0,61.76251719287352,260.79,348.58,259,83.0,168.0,0.32,265.0,1.0
07:39:43,260.0,84.0,338.71,31.0,259.0,28.0,404.35,23.0,78.70999999999998,112.0,54.0,58.79019969348629,260.0,338.71,166,58.0,-93.0,0.35,265.0,
07:39:44,260.0,108.0,365.88,34.0,259.0,40.0,601.12,40.0,105.88,148.0,74.0,53.498577270802194,260.0,365.88,222,74.0,56.0,0.33,260.0,4.0
07:39:45,260.0,35.0,299.71,17.0,259.0,20.0,417.94,17.0,39.70999999999998,55.0,34.0,41.04442629639259,260.0,299.71,89,21.0,-133.0,0.24,260.0,5.0
07:39:46,260.0,19.0,270.0,18.0,259.0,24.0,343.18,22.0,10.0,43.0,40.0,19.552803635284917,260.0,270.0,83,3.0,-6.0,0.04,260.0,
07:39:47,259.84,19.0,270.0,15.0,257.13,30.0,332.6,25.0,10.160000000000023,49.0,40.0,21.298863115199687,259.84,270.0,89,9.0,6.0,0.1,259.8,5.0
07:39:48,255.41,164.0,285.38,39.0,227.4,50.0,363.67,55.0,29.97,214.0,94.0,20.125469435519157,255.41,285.38,308,120.0,168.0,0.39,259.8,
07:39:49,263.0,49.0,445.86,21.0,255.0,98.0,535.55,33.0,182.86,147.0,54.0,38.226240333048885,263.0,445.86,201,93.0,-107.0,0.46,259.8,
07:39:50,263.0,66.0,436.8,30.0,255.71,85.0,582.5,32.0,173.8,151.0,62.0,46.85103200570942,263.0,436.8,213,89.0,12.0,0.42,263.0,4.0
07:39:51,265.0,21.0,364.0,27.0,262.16,19.0,447.78,27.0,99.0,40.0,54.0,42.37690054735015,265.0,364.0,94,-14.0,-119.0,-0.15,263.0,
07:39:52,261.75,24.0,486.12,24.0,255.69,64.0,602.62,24.0,224.37,88.0,48.0,40.86954465124368,261.75,486.12000000000006,136,40.0,42.0,0.29,264.57,7.0
07:39:53,259.0,24.0,379.0,24.0,255.0,112.0,629.38,24.0,120.0,136.0,48.0,25.108275129924763,259.0,379.0,184,88.0,48.0,0.48,264.57,
07:39:54,259.87,15.0,352.26,31.0,256.96,55.0,495.16,19.0,92.39,70.0,50.0,28.39540103608331,259.87,352.26,120,20.0,-64.0,0.17,264.57,
07:39:55,261.0,2.0,377.5,2.0,259.0,6.0,379.0,6.0,116.5,8.0,8.0,27.0238191231366,261.0,377.5,16,0.0,-104.0,0.0,264.57,
07:39:56,261.0,12.0,332.29,24.0,259.0,36.0,377.52,42.0,71.29000000000002,48.0,66.0,30.025947945069195,261.0,332.29,114,-18.0,98.0,-0.16,264.57,
07:39:57,260.57,14.0,264.29,34.0,257.81,47.0,333.84,56.0,3.7200000000000273,61.0,90.0,23.391852641465,260.57,264.29,151,-29.0,37.0,-0.19,261.0,1.0
07:39:58,259.0,36.0,260.06,52.0,244.9,105.0,262.0,20.0,1.0600000000000025,141.0,72.0,26.64038813531098,259.0,260.06,213,69.0,62.0,0.32,259.0,3.0
07:39:59,255.0,26.0,260.0,18.0,182.14,63.0,262.29,17.0,5.0,89.0,35.0,27.601878921552103,255.0,260.0,124,54.0,-89.0,0.44,260.0,1.0
07:40:00,255.0,34.0,258.41,17.0,229.0,43.0,263.31,29.0,3.410000000000025,77.0,46.0,16.963135912915025,255.0,258.41,123,31.0,-1.0,0.25,257.67,3.0
07:40:01,241.46,24.0,255.8,15.0,204.78,27.0,263.5,20.0,14.340000000000003,51.0,35.0,5.154337978832138,241.46,255.8,86,16.0,-37.0,0.19,255.0,2.0
07:40:02,235.36,25.0,251.0,48.0,234.14,43.0,257.82,34.0,15.639999999999986,68.0,82.0,6.9304364941923255,235.36,251.0,150,-14.0,64.0,-0.09,255.0,
07:40:03,240.71,14.0,251.0,36.0,239.23,13.0,254.3,30.0,10.289999999999992,27.0,66.0,6.443914183168017,240.71,251.0,93,-39.0,-57.0,-0.42,255.0,
07:40:04,247.83,23.0,251.0,13.0,244.0,21.0,254.0,33.0,3.1699999999999875,44.0,46.0,5.079081609901001,247.83,251.0,90,-2.0,-3.0,-0.02,251.0,2.0
07:40:05,249.77,13.0,251.91,11.0,247.06,31.0,253.94,31.0,2.1399999999999864,44.0,42.0,3.057667411612174,249.77,251.91,86,2.0,-4.0,0.02,251.0,1.0
07:40:06,251.65,17.0,253.9,20.0,248.5,20.0,255.88,25.0,2.25,37.0,45.0,3.865549120116669,251.65,253.9,82,-8.0,-4.0,-0.1,253.5,4.0
07:40:07,248.89,27.0,257.86,37.0,229.17,42.0,258.44,36.0,8.970000000000027,69.0,73.0,3.011190794359245,248.89,257.86,142,-4.0,60.0,-0.03,254.5,4.0
07:40:10,218.22,18.0,261.8,20.0,110.89,27.0,289.64,25.0,43.58000000000001,45.0,45.0,33.08578365401133,218.22,261.8,90,0.0,-25.0,0.0,258.4,5.0
07:40:13,265.0,40.0,412.11,18.0,188.7,30.0,654.29,34.0,147.11,70.0,52.0,82.74901648962367,265.0,412.11,122,18.0,43.0,0.15,258.4,
07:40:15,260.33,85.0,363.61,36.0,200.63,41.0,449.52,29.0,103.28000000000004,126.0,65.0,52.54283347898168,260.33,363.61,191,61.0,72.0,0.32,267.0,2.0
07:40:16,260.0,59.0,329.17,23.0,145.6,43.0,369.12,16.0,69.17000000000002,102.0,39.0,52.47505188182289,260.0,329.17,141,63.0,-50.0,0.45,260.0,2.0
07:40:17,260.0,42.0,312.95,20.0,223.0,18.0,317.8,20.0,52.94999999999999,60.0,40.0,29.49824621905537,260.0,312.95,100,20.0,-41.0,0.2,260.0,
07:40:18,260.0,49.0,310.71,21.0,214.43,21.0,316.27,22.0,50.70999999999998,70.0,43.0,19.03136700292493,260.0,310.71,113,27.0,13.0,0.24,260.0,
07:40:19,263.68,159.0,309.0,45.0,251.29,79.0,339.12,17.0,45.31999999999999,238.0,62.0,11.265112959931528,263.68,309.0,300,176.0,168.0,0.59,260.0,
07:40:20,265.0,91.0,308.0,21.0,260.0,49.0,309.0,21.0,43.0,140.0,42.0,3.794967720550388,265.0,308.0,182,98.0,-118.0,0.54,260.0,
07:40:21,265.0,138.0,306.14,42.0,260.0,98.0,307.14,42.0,41.13999999999999,236.0,84.0,0.5426785420672064,265.0,306.14,320,152.0,138.0,0.47,265.0,4.0
07:40:22,265.0,117.0,304.0,39.0,260.0,91.0,305.0,39.0,39.0,208.0,78.0,0.8080099009420036,265.0,304.0,286,130.0,-34.0,0.45,265.0,
07:40:23,265.17,59.0,302.18,33.0,262.59,87.0,304.45,33.0,37.00999999999999,146.0,66.0,1.2100909056845222,265.17,302.18,212,80.0,-74.0,0.38,265.0,
07:40:24,265.11,70.0,296.94,17.0,263.82,89.0,300.71,21.0,31.829999999999984,159.0,38.0,2.095263706558363,265.11,296.94,197,121.0,-15.0,0.61,265.5,4.0
07:40:25,265.0,220.0,272.4,30.0,260.0,70.0,281.71,28.0,7.399999999999977,290.0,58.0,6.912780193237849,265.0,272.4,348,232.0,151.0,0.67,265.5,
07:40:26,265.0,330.0,267.39,33.0,259.14,49.0,269.7,43.0,2.3899999999999864,379.0,76.0,8.696046228029278,265.0,267.39,455,303.0,107.0,0.67,265.5,
07:40:27,265.0,236.0,266.36,33.0,259.0,33.0,268.07,29.0,1.3600000000000136,269.0,62.0,8.61450637007268,265.0,266.36,331,207.0,-124.0,0.63,265.0,3.0
07:40:28,265.0,209.0,268.0,33.0,260.64,33.0,269.0,11.0,3.0,242.0,44.0,6.480526213203912,265.0,268.0,286,198.0,-45.0,0.69,265.0,
07:40:29,266.0,18.0,267.92,36.0,265.0,228.0,269.0,12.0,1.920000000000016,246.0,48.0,1.1553873809347917,266.0,267.92,294,198.0,8.0,0.67,266.0,1.0
07:40:30,266.0,8.0,267.0,24.0,265.0,152.0,269.0,8.0,1.0,160.0,32.0,0.4708715323986069,266.0,267.0,192,128.0,-102.0,0.67,266.0,
07:40:31,265.08,83.0,267.0,33.0,264.97,137.0,286.39,23.0,1.920000000000016,220.0,56.0,0.4901836390817366,265.08,267.0,276,164.0,84.0,0.59,266.0,1.0
07:40:32,265.0,166.0,266.82,33.0,264.0,11.0,312.36,44.0,1.8199999999999927,177.0,77.0,0.4188317084741891,265.0,266.82,254,100.0,-22.0,0.39,265.0,7.0
07:40:33,265.0,105.0,283.62,26.0,264.0,9.0,511.36,28.0,18.620000000000005,114.0,54.0,3.5826568353699395,265.0,283.62,168,60.0,-86.0,0.36,265.0,3.0
07:40:34,265.0,90.0,442.76,34.0,264.0,10.0,535.43,28.0,177.76,100.0,62.0,38.48490704159251,265.0,442.76,162,38.0,-6.0,0.23,265.0,
07:40:35,265.0,88.0,479.0,40.0,264.0,8.0,526.2,20.0,214.0,96.0,60.0,52.09569147252015,265.0,479.0,156,36.0,-6.0,0.23,265.0,2.0
07:40:36,265.0,120.0,487.24,51.0,264.0,12.0,569.37,38.0,222.24,132.0,89.0,53.986357813803295,265.0,487.24,221,43.0,65.0,0.19,265.0,
07:40:37,265.8,101.0,320.79,38.0,264.98,92.0,420.26,47.0,54.99000000000001,193.0,85.0,46.99112809882306,265.8,320.79,278,108.0,57.0,0.39,265.0,
07:40:38,266.0,21.0,375.09,22.0,265.0,70.0,459.91,23.0,109.08999999999996,91.0,45.0,35.46215165496862,266.0,375.09,136,46.0,-142.0,0.34,266.0,8.0
07:40:39,265.08,52.0,372.15,34.0,264.87,46.0,402.52,31.0,107.07,98.0,65.0,36.29721655995123,265.08,372.15,163,33.0,27.0,0.2,265.33,3.0
07:40:40,265.0,76.0,342.65,43.0,264.0,12.0,347.41,34.0,77.64999999999998,88.0,77.0,31.99705564579349,265.0,342.65,165,11.0,2.0,0.07,265.0,2.0
07:40:41,265.0,72.0,312.75,44.0,264.0,12.0,314.9,40.0,47.75,84.0,84.0,14.362643558900045,265.0,312.75,168,0.0,3.0,0.0,265.0,
07:40:42,265.0,72.0,304.98,40.0,264.0,12.0,306.69,32.0,39.98000000000002,84.0,72.0,16.39669234937381,265.0,304.98,156,12.0,-12.0,0.08,265.0,
07:40:43,265.0,49.0,302.0,43.0,264.0,9.0,303.1,29.0,37.0,58.0,72.0,15.0056512687726,265.0,302.0,130,-14.0,-26.0,-0.11,265.0,5.0
07:40:44,265.0,14.0,300.58,60.0,264.0,14.0,301.4,52.0,35.579999999999984,28.0,112.0,8.726876302550604,265.0,300.58,140,-84.0,10.0,-0.6,265.0,
07:40:45,261.35,68.0,298.77,47.0,260.62,77.0,299.51,35.0,37.41999999999996,145.0,82.0,3.2412389606478174,261.35,298.77,227,63.0,87.0,0.28,264.5,2.0
07:40:46,262.14,43.0,293.0,37.0,261.0,130.0,294.64,28.0,30.860000000000014,173.0,65.0,2.9565638839744817,262.14,293.0,238,108.0,11.0,0.45,262.0,1.0
07:40:47,263.92,39.0,290.6,45.0,261.22,90.0,291.4,53.0,26.680000000000007,129.0,98.0,2.8797447803621186,263.92,290.6,227,31.0,-11.0,0.14,262.0,
07:40:48,265.75,24.0,285.86,43.0,263.56,27.0,287.36,39.0,20.110000000000014,51.0,82.0,2.7513760193807477,265.75,285.86,133,-31.0,-94.0,-0.23,266.0,2.0
07:40:49,266.0,26.0,274.36,42.0,263.0,26.0,275.72,47.0,8.360000000000014,52.0,89.0,3.6840779036312905,266.0,274.36,141,-37.0,8.0,-0.26,266.0,
07:40:50,263.0,24.0,270.6,30.0,261.18,66.0,271.48,33.0,7.600000000000023,90.0,63.0,4.794479116653382,263.0,270.6,153,27.0,12.0,0.18,264.5,4.0
07:40:51,262.0,35.0,265.91,32.0,261.0,130.0,269.73,52.0,3.910000000000025,165.0,84.0,5.703915321954442,262.0,265.91,249,81.0,96.0,0.33,262.0,1.0
07:40:52,261.12,52.0,262.78,18.0,260.33,63.0,265.0,27.0,1.6599999999999682,115.0,45.0,5.473807632720399,261.12,262.78,160,70.0,-89.0,0.44,262.0,2.0
07:40:53,261.0,45.0,262.0,18.0,260.0,63.0,399.22,27.0,1.0,108.0,45.0,3.628033902822469,261.0,262.0,153,63.0,-7.0,0.41,261.0,7.0
07:40:54,262.89,37.0,402.97,31.0,259.85,66.0,623.35,37.0,140.08000000000004,103.0,68.0,31.098040613518155,262.89,402.97,171,35.0,18.0,0.2,261.0,2.0
07:40:57,266.75,40.0,323.55,29.0,264.92,38.0,514.56,27.0,56.80000000000001,78.0,56.0,94.26672546556388,266.75,323.55,134,22.0,28.0,0.16,261.0,
07:40:58,267.0,23.0,367.0,21.0,265.0,35.0,584.62,26.0,100.0,58.0,47.0,81.79359100809783,267.0,367.0,105,11.0,-29.0,0.1,267.0,2.0
07:41:01,267.0,30.0,459.5,30.0,265.0,50.0,468.0,35.0,192.5,80.0,65.0,53.84271557044638,267.0,459.5,145,15.0,12.0,0.1,267.0,
07:41:02,265.22,54.0,412.21,48.0,264.22,46.0,420.49,55.0,146.98999999999995,100.0,103.0,43.3356097222594,265.22,412.21,203,-3.0,58.0,-0.01,266.5,4.0
07:41:03,265.0,28.0,352.31,29.0,264.0,21.0,353.56,27.0,87.31,49.0,56.0,45.882804295291095,265.0,352.31,105,-7.0,-98.0,-0.07,266.5,
07:41:04,265.0,48.0,349.82,57.0,264.0,36.0,350.88,48.0,84.82,84.0,105.0,48.22511099002252,265.0,349.81999999999994,189,-21.0,84.0,-0.11,266.5,
07:41:05,264.64,33.0,345.33,63.0,263.0,72.0,347.41,64.0,80.69,105.0,127.0,25.630650206344846,264.64,345.33,232,-22.0,43.0,-0.09,265.0,3.0
07:41:06,264.0,57.0,343.42,38.0,262.0,90.0,344.56,43.0,79.42000000000002,147.0,81.0,14.677912998788743,264.0,343.42,228,66.0,-4.0,0.29,265.0,
07:41:07,264.0,102.0,329.79,70.0,262.0,153.0,330.21,67.0,65.79000000000002,255.0,137.0,4.593359337131711,264.0,329.79,392,118.0,164.0,0.3,265.0,
07:41:08,264.0,56.0,311.87,46.0,262.0,108.0,312.79,38.0,47.870000000000005,164.0,84.0,7.884483496083712,264.0,311.87,248,80.0,-144.0,0.32,264.0,2.0
07:41:09,264.69,26.0,307.35,37.0,263.14,42.0,308.3,33.0,42.660000000000025,68.0,70.0,8.740104690449527,264.69,307.35,138,-2.0,-110.0,-0.01,264.0,
07:41:10,264.35,34.0,288.89,45.0,262.36,88.0,296.08,52.0,24.539999999999964,122.0,97.0,10.420078214678602,264.35,288.89,219,25.0,81.0,0.11,264.75,4.0
07:41:11,264.0,15.0,280.0,51.0,262.47,85.0,281.0,54.0,16.0,100.0,105.0,9.799023930985276,264.0,280.0,205,-5.0,-14.0,-0.02,264.75,
07:41:12,263.2,40.0,276.62,40.0,262.31,104.0,278.74,42.0,13.420000000000016,144.0,82.0,8.140143119136441,263.2,276.62,226,62.0,21.0,0.27,264.0,1.0
07:41:13,263.0,60.0,274.46,46.0,262.0,210.0,275.16,45.0,11.45999999999998,270.0,91.0,7.030187052989809,263.0,274.46,361,179.0,135.0,0.5,264.0,
07:41:14,263.0,72.0,268.09,55.0,262.0,252.0,268.9,52.0,5.089999999999975,324.0,107.0,4.113048747586992,263.0,268.09,431,217.0,70.0,0.5,264.0,
07:41:15,262.23,106.0,263.92,39.0,261.2,140.0,272.45,47.0,1.6899999999999975,246.0,86.0,3.5489040561880003,262.23,263.92,332,160.0,-99.0,0.48,262.5,10.0
07:41:16,262.0,72.0,263.62,24.0,260.0,64.0,366.57,37.0,1.6200000000000043,136.0,61.0,3.2289131298361107,262.0,263.62,197,75.0,-135.0,0.38,262.5,
07:41:17,261.35,31.0,306.23,39.0,259.94,68.0,344.83,29.0,44.88,99.0,68.0,8.717511112698833,261.35,306.23,167,31.0,-30.0,0.19,261.5,12.0
07:41:18,265.14,35.0,318.0,55.0,260.08,50.0,365.91,22.0,52.860000000000014,85.0,77.0,13.40309367273194,265.14,318.0,162,8.0,-5.0,0.05,266.0,5.0
07:41:19,266.0,7.0,303.06,32.0,262.0,21.0,342.71,14.0,37.06,28.0,46.0,13.32640536679064,266.0,303.06,74,-18.0,-88.0,-0.24,266.0,
07:41:20,266.0,15.0,283.47,45.0,260.81,59.0,296.88,40.0,17.470000000000027,74.0,85.0,11.075851208824808,266.0,283.47,159,-11.0,85.0,-0.07,266.0,
07:41:21,266.0,9.0,279.21,19.0,260.31,51.0,281.41,17.0,13.20999999999998,60.0,36.0,7.756937540036386,266.0,279.21,96,24.0,-63.0,0.25,266.0,
07:41:22,266.0,15.0,277.91,35.0,262.41,99.0,279.0,25.0,11.910000000000023,114.0,60.0,8.619460539965733,266.0,277.91,174,54.0,78.0,0.31,266.0,
07:41:23,262.61,23.0,274.4,15.0,261.13,79.0,275.69,13.0,11.789999999999964,102.0,28.0,6.05540502361546,262.61,274.4,130,74.0,-44.0,0.57,264.57,7.0
07:41:24,261.0,63.0,270.85,13.0,260.0,45.0,271.57,21.0,9.850000000000025,108.0,34.0,3.5055427539866315,261.0,270.85,142,74.0,12.0,0.52,264.57,
07:41:25,260.9,105.0,267.79,19.0,259.93,59.0,268.64,33.0,6.890000000000043,164.0,52.0,3.6263438888264017,260.9,267.79,216,112.0,74.0,0.52,264.57,
07:41:26,261.0,156.0,265.85,13.0,260.0,65.0,267.44,27.0,4.850000000000023,221.0,40.0,3.453708152121282,261.0,265.85,261,181.0,45.0,0.69,261.0,1.0
07:41:27,261.0,175.0,262.2,15.0,260.0,75.0,266.0,25.0,1.1999999999999886,250.0,40.0,2.611631673883117,261.0,262.2,290,210.0,29.0,0.72,261.0,1.0
07:41:28,262.14,44.0,292.4,15.0,261.72,39.0,358.22,37.0,30.25999999999999,83.0,52.0,6.213845025427425,262.14,292.4,135,31.0,-155.0,0.23,261.0,4.0
07:41:30,265.44,9.0,398.04,26.0,261.59,41.0,628.83,23.0,132.60000000000002,50.0,49.0,73.3634919425188,265.44,398.04,99,1.0,15.0,0.01,265.5,4.0
07:41:31,260.18,49.0,326.96,52.0,259.48,31.0,461.56,25.0,66.77999999999997,80.0,77.0,69.32122654714082,260.18,326.96,157,3.0,58.0,0.02,261.5,8.0
07:41:32,261.69,26.0,323.32,44.0,260.6,50.0,324.54,26.0,61.63,76.0,70.0,64.01172330128304,261.69,323.32,146,6.0,-11.0,0.04,261.5,
07:41:33,262.12,8.0,322.25,40.0,259.72,36.0,324.0,16.0,60.13,44.0,56.0,61.47238632101426,262.12,322.25,100,-12.0,-46.0,-0.12,261.6,5.0
07:41:34,262.0,14.0,317.42,55.0,260.0,56.0,321.67,43.0,55.420000000000016,70.0,98.0,17.830711707613457,262.0,317.42,168,-28.0,68.0,-0.17,261.6,
07:41:35,262.93,15.0,304.58,53.0,260.16,38.0,314.32,25.0,41.64999999999998,53.0,78.0,3.94516412840121,262.93,304.58,131,-25.0,-37.0,-0.19,261.6,
07:41:36,263.35,17.0,301.66,59.0,260.06,101.0,314.31,32.0,38.31,118.0,91.0,4.712895076279952,263.35,301.66,209,27.0,78.0,0.13,261.6,
07:41:37,261.76,34.0,279.38,32.0,259.94,70.0,303.68,41.0,17.620000000000005,104.0,73.0,8.396506416362936,261.76,279.38,177,31.0,-32.0,0.18,261.0,3.0
07:41:38,260.82,56.0,302.83,48.0,259.78,54.0,310.11,36.0,42.00999999999999,110.0,84.0,6.945335125105476,260.82,302.83,194,26.0,17.0,0.13,263.0,5.0
07:41:39,262.46,13.0,302.53,30.0,259.97,58.0,306.88,33.0,40.06999999999999,71.0,63.0,5.447194690849957,262.46,302.53,134,8.0,-60.0,0.06,261.33,3.0
07:41:40,260.0,45.0,282.12,24.0,259.0,18.0,293.5,42.0,22.120000000000005,63.0,66.0,6.288070451261211,260.0,282.12,129,-3.0,-5.0,-0.02,261.33,
07:41:41,259.8,51.0,261.27,44.0,258.34,53.0,265.18,39.0,1.4699999999999704,104.0,83.0,9.119882126432632,259.8,261.27,187,21.0,58.0,0.11,260.0,5.0
07:41:42,258.14,49.0,260.73,22.0,218.7,57.0,296.46,13.0,2.590000000000032,106.0,35.0,11.09685000349316,258.14,260.73,141,71.0,-46.0,0.5,259.67,3.0
07:41:43,258.02,61.0,260.0,26.0,216.64,47.0,350.06,33.0,1.9800000000000184,108.0,59.0,10.22568335124982,258.02,260.0,167,49.0,26.0,0.29,258.33,3.0
07:41:44,259.06,106.0,261.06,34.0,239.22,54.0,286.85,68.0,2.0,160.0,102.0,5.086012190314628,259.06,261.06,262,58.0,95.0,0.22,259.0,2.0
07:41:45,260.0,63.0,385.74,27.0,258.0,35.0,455.22,27.0,125.74,98.0,54.0,28.22856939343589,260.0,385.74,152,44.0,-110.0,0.29,259.0,
07:41:46,260.0,45.0,302.12,17.0,258.0,25.0,398.38,13.0,42.120000000000005,70.0,30.0,27.559876088256,260.0,302.12,100,40.0,-52.0,0.4,259.0,
07:41:47,260.0,54.0,301.67,30.0,258.0,30.0,414.05,20.0,41.670000000000016,84.0,50.0,25.85971442224417,260.0,301.67,134,34.0,34.0,0.25,259.0,
07:41:48,260.0,62.0,298.92,65.0,258.0,65.0,432.33,43.0,38.920000000000016,127.0,108.0,23.019779104066625,260.0,298.92,235,19.0,101.0,0.08,260.0,5.0
07:41:49,260.4,30.0,293.42,60.0,258.89,54.0,308.39,54.0,33.02000000000004,84.0,114.0,19.436780340375872,260.4,293.42,198,-30.0,-37.0,-0.15,260.0,
07:41:50,263.94,31.0,292.0,55.0,261.43,14.0,360.24,49.0,28.06,45.0,104.0,1.7979516122585042,263.94,292.0,149,-59.0,-49.0,-0.4,264.0,3.0
07:41:51,262.0,12.0,291.33,60.0,260.0,96.0,480.04,56.0,29.329999999999984,108.0,116.0,1.762191817034392,262.0,291.33,224,-8.0,75.0,-0.04,264.0,
07:41:52,262.0,14.0,290.61,66.0,260.0,112.0,374.44,55.0,28.610000000000014,126.0,121.0,1.2779162726966804,262.0,290.61,247,5.0,23.0,0.02,264.0,
07:41:53,262.0,11.0,285.63,49.0,260.0,88.0,288.26,47.0,23.629999999999995,99.0,96.0,1.5364341834335045,262.0,285.63,195,3.0,-52.0,0.02,264.0,
07:41:54,260.34,124.0,268.88,66.0,259.76,98.0,270.63,70.0,8.54000000000002,222.0,136.0,5.392237939856045,260.34,268.88,358,86.0,163.0,0.24,262.0,1.0
07:41:55,264.97,107.0,267.1,52.0,261.47,57.0,268.83,48.0,2.1299999999999955,164.0,100.0,5.756372990001868,264.97,267.1,264,64.0,-94.0,0.24,265.0,5.0
07:41:56,265.0,141.0,266.31,52.0,264.0,13.0,267.31,52.0,1.3100000000000025,154.0,104.0,5.37215692250543,265.0,266.31,258,50.0,-6.0,0.19,265.0,1.0
07:41:57,265.0,106.0,266.0,52.0,264.0,13.0,356.83,46.0,1.0,119.0,98.0,3.780326705461163,265.0,266.0,217,21.0,-41.0,0.1,265.0,4.0
07:41:58,265.0,42.0,266.0,28.0,264.0,7.0,485.0,18.0,1.0,49.0,46.0,0.5212197233630704,265.0,266.0,95,3.0,-122.0,0.03,265.0,
07:41:59,265.0,27.0,266.0,24.0,264.0,6.0,433.0,30.0,1.0,33.0,54.0,0.2296301374443173,265.0,266.0,87,-21.0,-8.0,-0.24,265.0,6.0
07:42:00,262.45,75.0,431.77,30.0,259.33,66.0,490.4,52.0,169.32,141.0,82.0,36.48038884112976,262.45,431.7699999999999,223,59.0,136.0,0.26,262.0,2.0
07:42:01,265.0,19.0,370.67,9.0,260.0,27.0,432.31,29.0,105.67000000000002,46.0,38.0,38.11376483634259,265.0,370.67,84,8.0,-139.0,0.1,265.0,5.0
07:42:02,262.82,17.0,424.72,29.0,260.09,44.0,432.59,69.0,161.90000000000003,61.0,98.0,40.36767605399184,262.82,424.72,159,-37.0,75.0,-0.23,262.75,4.0
07:42:03,259.5,12.0,422.97,33.0,258.58,38.0,425.0,12.0,163.47000000000003,50.0,45.0,34.197799929235615,259.5,422.97,95,5.0,-64.0,0.05,259.33,3.0
07:42:04,259.0,22.0,421.33,15.0,257.73,33.0,423.0,60.0,162.32999999999998,55.0,75.0,11.600143102566832,259.0,421.33,130,-20.0,35.0,-0.15,259.0,1.0
07:42:05,254.64,14.0,420.0,8.0,201.35,23.0,423.0,32.0,165.36,37.0,40.0,10.452099310666195,254.64,420.0,77,-3.0,-53.0,-0.04,257.0,8.0
07:42:06,254.0,20.0,419.18,22.0,171.0,31.0,448.0,10.0,165.18,51.0,32.0,2.9324017460144023,254.0,419.18000000000006,83,19.0,6.0,0.23,257.0,
07:42:07,254.0,23.0,415.24,38.0,211.0,28.0,417.03,34.0,161.24,51.0,72.0,2.6933120873802414,254.0,415.24,123,-21.0,40.0,-0.17,254.0,1.0
07:42:08,254.0,11.0,288.63,27.0,211.0,22.0,377.77,48.0,34.629999999999995,33.0,75.0,29.52295666087715,254.0,288.63,108,-42.0,-15.0,-0.39,254.0,
07:42:09,254.0,9.0,255.46,39.0,238.5,24.0,321.17,24.0,1.460000000000008,33.0,63.0,40.508106966384325,254.0,255.46,96,-30.0,-12.0,-0.31,254.0,
07:42:10,245.27,11.0,254.86,35.0,237.33,18.0,256.0,21.0,9.590000000000003,29.0,56.0,42.8620399654524,245.27,254.86,85,-27.0,-11.0,-0.32,254.0,1.0
07:42:11,239.0,15.0,254.0,21.0,206.0,10.0,256.0,15.0,15.0,25.0,36.0,36.57205668266475,239.0,254.0,61,-11.0,-24.0,-0.18,254.0,2.0
07:42:14,264.41,17.0,316.44,36.0,242.15,39.0,447.2,30.0,52.02999999999997,56.0,66.0,27.296208894277743,264.41,316.44,122,-10.0,27.0,-0.08,254.0,
07:42:15,265.36,14.0,314.43,56.0,264.1,50.0,459.85,52.0,49.06999999999999,64.0,108.0,33.0858116116266,265.36,314.43,172,-44.0,50.0,-0.26,254.0,
07:42:16,266.0,9.0,313.89,36.0,265.0,9.0,412.42,33.0,47.88999999999999,18.0,69.0,35.45367075494504,266.0,313.89,87,-51.0,-85.0,-0.59,254.0,
07:42:17,266.0,11.0,311.78,37.0,265.0,11.0,339.28,43.0,45.77999999999997,22.0,80.0,21.968667005534112,266.0,311.78,102,-58.0,15.0,-0.57,254.0,
07:42:18,266.0,9.0,307.89,36.0,265.0,9.0,310.72,29.0,41.88999999999999,18.0,65.0,1.3909241532311711,266.0,307.89,83,-47.0,-19.0,-0.57,254.0,
07:42:19,266.0,12.0,308.14,42.0,265.0,12.0,309.29,42.0,42.13999999999999,24.0,84.0,1.4684788047642887,266.0,308.14,108,-60.0,25.0,-0.56,254.0,
07:42:20,265.75,8.0,305.5,32.0,264.27,22.0,307.0,24.0,39.75,30.0,56.0,1.712766767555354,265.75,305.5,86,-26.0,-22.0,-0.3,266.0,1.0
07:42:21,265.0,13.0,304.0,39.0,264.0,104.0,305.0,52.0,39.0,117.0,91.0,1.6546087150870472,265.0,304.0,208,26.0,122.0,0.12,266.0,
07:42:22,265.21,29.0,303.53,34.0,264.08,78.0,304.56,43.0,38.31999999999999,107.0,77.0,1.2874199004372977,265.21,303.53,184,30.0,-24.0,0.16,266.0,
07:42:23,265.0,33.0,289.91,33.0,264.0,88.0,302.05,38.0,24.910000000000025,121.0,71.0,3.71290587007561,265.0,289.91,192,50.0,8.0,0.26,266.0,
07:42:24,265.09,35.0,277.37,57.0,264.09,105.0,278.5,48.0,12.28000000000003,140.0,105.0,6.171242176421336,265.09,277.37,245,35.0,53.0,0.14,265.33,3.0
07:42:25,264.02,105.0,275.12,50.0,263.13,126.0,276.83,41.0,11.100000000000025,231.0,91.0,7.04216444000288,264.02,275.12,322,140.0,77.0,0.43,265.0,1.0
07:42:26,264.0,123.0,270.74,43.0,263.0,120.0,272.0,41.0,6.740000000000009,243.0,84.0,6.904601364310649,264.0,270.74,327,159.0,5.0,0.49,265.0,
07:42:27,264.0,70.0,265.47,55.0,263.0,140.0,266.49,53.0,1.4700000000000273,210.0,108.0,4.789542775677004,264.0,265.47,318,102.0,-9.0,0.32,264.0,6.0
07:42:28,263.17,72.0,265.25,48.0,262.56,108.0,283.67,36.0,2.079999999999984,180.0,84.0,3.026033707683975,263.17,265.25,264,96.0,-54.0,0.36,264.0,2.0
07:42:29,263.0,114.0,264.17,48.0,262.0,96.0,306.51,43.0,1.170000000000016,210.0,91.0,2.510663258989444,263.0,264.17,301,119.0,37.0,0.4,263.0,2.0
07:42:30,263.0,46.0,268.24,34.0,262.0,80.0,427.36,28.0,5.240000000000009,126.0,62.0,1.470996261055544,263.0,268.24,188,64.0,-113.0,0.34,263.0,5.0
07:42:31,263.22,27.0,272.0,27.0,262.1,62.0,407.2,30.0,8.779999999999973,89.0,57.0,1.5643752746829678,263.22,272.0,146,32.0,-42.0,0.22,263.0,
07:42:32,264.0,24.0,272.0,24.0,263.0,24.0,344.4,20.0,8.0,48.0,44.0,1.975153158628352,264.0,272.0,92,4.0,-54.0,0.04,263.0,
07:42:33,265.0,49.0,289.09,22.0,264.0,30.0,405.71,28.0,24.08999999999997,79.0,50.0,5.16147943907948,265.0,289.09,129,29.0,37.0,0.22,265.0,7.0
