Time,Bid1_Price,Bid1_Volume,Ask1_Price,Ask1_Volume,Bid2_Price,Bid2_Volume,Ask2_Price,Ask2_Volume,Bid_Ask_Spread,Market_Depth_Bid,Market_Depth_Ask,Historical_Volatility,Weighted_Avg_Bid_Price,Weighted_Avg_Ask_Price,Total_volume,Cumulative_Volume_Difference,Total_Volume_Change_Corrected,Order_imbalance,Weighted_Avg_Price,Trade_Volume
07:31:34,290.0,24.0,382.23,52.0,283.55,66.0,505.2,44.0,92.23000000000002,90.0,96.0,26.250883223235817,290.0,382.23,186,-6.0,-69.0,-0.03,,
07:31:35,290.0,12.0,385.0,27.0,284.0,24.0,540.0,27.0,95.0,36.0,54.0,29.11437325445899,290.0,385.0,90,-18.0,-96.0,-0.2,,
07:31:36,290.0,8.0,329.0,35.0,285.92,13.0,431.15,26.0,39.0,21.0,61.0,23.64095535294532,290.0,329.0,82,-40.0,-8.0,-0.49,290.0,1.0
07:31:37,290.0,7.0,353.89,27.0,289.0,7.0,402.28,25.0,63.88999999999999,14.0,52.0,13.731179119068786,290.0,353.89,66,-38.0,-16.0,-0.58,290.0,
07:31:38,288.27,37.0,392.1,30.0,285.0,25.0,446.88,40.0,103.83000000000004,62.0,70.0,13.021536007704617,288.27,392.1,132,-8.0,66.0,-0.06,289.5,2.0
07:31:43,293.0,225.0,406.11,27.0,292.0,72.0,409.33,27.0,113.11,297.0,54.0,8.720293573035965,293.0,406.11000000000007,351,243.0,-15.0,0.69,289.5,
07:31:44,293.0,396.0,396.82,49.0,292.0,128.0,399.94,50.0,103.82,524.0,99.0,8.879584449732654,293.0,396.82,623,425.0,181.5,0.68,293.0,1.0
07:31:45,293.04,75.0,392.17,18.0,292.75,96.0,393.33,18.0,99.13,171.0,36.0,5.555755574171361,293.04,392.17,207,135.0,-182.5,0.65,293.0,
07:31:46,294.0,10.0,341.48,40.0,293.0,240.0,390.94,31.0,47.48000000000002,250.0,71.0,13.527916321442124,294.0,341.48,321,179.0,114.0,0.56,293.0,
07:31:47,294.0,11.0,380.67,48.0,293.0,264.0,389.88,34.0,86.67000000000002,275.0,82.0,12.374795755887918,294.0,380.67,357,193.0,36.0,0.54,293.0,
07:31:48,293.0,337.0,368.09,53.0,292.18,136.0,373.16,57.0,75.08999999999997,473.0,110.0,10.93626673046811,293.0,368.09,583,363.0,181.5,0.62,294.0,1.0
07:31:49,293.0,192.0,364.5,24.0,292.0,64.0,366.46,26.0,71.5,256.0,50.0,9.419996284497412,293.0,364.5,306,206.0,-182.5,0.67,294.0,
07:31:50,292.46,104.0,360.89,27.0,291.39,23.0,363.21,29.0,68.43,127.0,56.0,7.087019825000226,292.46,360.88999999999993,183,71.0,-123.0,0.39,294.0,
07:31:51,292.0,56.0,359.86,21.0,290.0,7.0,361.71,21.0,67.86000000000001,63.0,42.0,4.5570187622990606,292.0,359.86,105,21.0,-78.0,0.2,294.0,
07:31:52,292.0,72.0,351.39,28.0,290.0,9.0,354.1,30.0,59.38999999999999,81.0,58.0,3.3397559791019598,292.0,351.39,139,23.0,34.0,0.17,294.0,
07:31:53,292.0,96.0,347.92,36.0,290.0,12.0,359.5,40.0,55.920000000000016,108.0,76.0,3.648880650274608,292.0,347.92,184,32.0,45.0,0.17,294.0,
07:31:54,292.0,59.0,356.32,34.0,290.0,13.0,361.82,55.0,64.32,72.0,89.0,2.830703092863848,292.0,356.32,161,-17.0,-23.0,-0.11,292.0,5.0
07:31:55,291.69,32.0,354.0,36.0,284.58,73.0,355.0,24.0,62.31,105.0,60.0,2.2833133818968685,291.69,354.0,165,45.0,4.0,0.27,292.0,5.0
07:31:56,284.0,65.0,326.25,40.0,283.0,148.0,346.6,40.0,42.25,213.0,80.0,7.777202581902495,284.0,326.25,293,133.0,128.0,0.45,284.55,11.0
07:31:57,283.08,92.0,315.59,22.0,281.22,108.0,323.57,21.0,32.50999999999999,200.0,43.0,11.297770576532026,283.08,315.59,243,157.0,-50.0,0.65,285.0,2.0
07:31:58,287.94,16.0,317.44,18.0,286.04,48.0,318.17,24.0,29.5,64.0,42.0,11.758429742102225,287.94,317.44,106,22.0,-137.0,0.21,285.0,
07:31:59,289.0,15.0,313.89,18.0,287.0,45.0,317.56,27.0,24.889999999999983,60.0,45.0,9.4894061984908,289.0,313.89,105,15.0,-1.0,0.14,285.0,
07:32:00,289.38,8.0,312.38,16.0,288.0,24.0,314.0,8.0,23.0,32.0,24.0,2.170776358807521,289.38,312.38,56,8.0,-49.0,0.14,285.0,
07:32:01,290.0,10.0,312.0,20.0,288.0,30.0,314.0,10.0,22.0,40.0,30.0,1.2072572219531243,290.0,312.0,70,10.0,14.0,0.14,285.0,
07:32:02,290.0,11.0,311.16,19.0,288.0,33.0,312.71,14.0,21.160000000000025,44.0,33.0,0.8268736299809519,290.0,311.16,77,11.0,7.0,0.14,285.0,
07:32:03,287.16,19.0,309.17,12.0,285.43,21.0,310.44,9.0,22.00999999999999,40.0,21.0,1.2962715764677524,287.16,309.17,61,19.0,-16.0,0.31,288.5,4.0
07:32:04,287.0,20.0,308.86,14.0,285.0,24.0,370.9,20.0,21.860000000000014,44.0,34.0,1.5297712247125246,287.0,308.86,78,10.0,17.0,0.13,287.0,1.0
07:32:05,288.9,20.0,304.18,22.0,287.9,20.0,355.74,27.0,15.28000000000003,40.0,49.0,1.8890262041482548,288.9,304.18,89,-9.0,11.0,-0.1,287.0,
07:32:06,290.46,26.0,307.0,26.0,288.92,26.0,308.46,26.0,16.54000000000002,52.0,52.0,1.466175296463195,290.46,307.0,104,0.0,15.0,0.0,287.0,
07:32:07,291.0,20.0,304.5,20.0,290.0,20.0,306.5,20.0,13.5,40.0,40.0,0.8060831222393737,291.0,304.5,80,0.0,-24.0,0.0,287.0,
07:32:08,291.91,22.0,303.82,22.0,290.91,22.0,305.0,22.0,11.909999999999968,44.0,44.0,0.7855380321532479,291.91,303.82,88,0.0,8.0,0.0,287.0,
07:32:09,292.89,36.0,300.7,54.0,291.0,36.0,302.0,39.0,7.810000000000002,72.0,93.0,0.8817766156795523,292.89,300.7,165,-21.0,77.0,-0.13,287.0,
07:32:10,293.0,24.0,295.83,36.0,291.0,24.0,297.5,24.0,2.829999999999984,48.0,60.0,1.6529277056058491,293.0,295.83,108,-12.0,-57.0,-0.11,287.0,
07:32:11,291.33,12.0,294.05,21.0,290.12,17.0,295.1,21.0,2.7200000000000277,29.0,42.0,2.267626512448593,291.33,294.05,71,-13.0,-37.0,-0.18,294.0,2.0
07:32:12,290.5,18.0,293.03,29.0,289.33,27.0,394.2,50.0,2.5299999999999727,45.0,79.0,2.602819624937554,290.5,293.03,124,-34.0,53.0,-0.27,291.0,2.0
07:32:13,290.0,20.0,292.0,50.0,287.0,20.0,427.0,50.0,2.0,40.0,100.0,2.318454226410407,290.0,292.0,140,-60.0,16.0,-0.43,290.0,2.0
07:32:14,287.6,15.0,292.0,45.0,285.5,24.0,340.11,27.0,4.399999999999977,39.0,72.0,1.7467770321253078,287.6,292.0,111,-33.0,-29.0,-0.3,290.0,1.0
07:32:15,288.0,26.0,290.93,59.0,286.57,28.0,342.16,38.0,2.930000000000007,54.0,97.0,1.3430673847431014,288.0,290.93,151,-43.0,40.0,-0.28,290.0,2.0
07:32:16,284.4,67.0,289.46,35.0,283.27,41.0,290.71,56.0,5.060000000000002,108.0,91.0,1.8484128326650724,284.4,289.46,199,17.0,48.0,0.09,287.0,2.0
07:32:18,281.78,54.0,287.37,38.0,280.36,50.0,288.68,38.0,5.590000000000032,104.0,76.0,2.3203706600372134,281.78,287.37,180,28.0,62.0,0.16,285.43,7.0
07:32:19,284.25,24.0,287.67,24.0,280.33,12.0,292.0,24.0,3.420000000000016,36.0,48.0,1.863276683684332,284.25,287.67,84,-12.0,-96.0,-0.14,287.0,2.0
07:32:20,289.26,76.0,290.53,34.0,281.17,23.0,316.24,46.0,1.2699999999999818,99.0,80.0,2.0364994475721394,289.26,290.53,179,19.0,95.0,0.11,287.0,
07:32:21,291.0,92.0,293.23,39.0,285.18,17.0,314.91,43.0,2.230000000000018,109.0,82.0,3.2291221717305163,291.0,293.23,191,27.0,12.0,0.14,291.0,7.0
07:32:22,290.09,11.0,292.36,14.0,285.33,9.0,295.17,12.0,2.2700000000000387,20.0,26.0,3.3180084388020408,290.09,292.36,46,-6.0,-145.0,-0.13,291.0,2.0
07:32:23,289.7,10.0,292.4,10.0,282.4,10.0,295.25,16.0,2.6999999999999886,20.0,26.0,2.4189047108064226,289.7,292.4,46,-6.0,0.0,-0.13,292.0,1.0
07:32:24,281.48,23.0,292.0,16.0,277.21,24.0,354.31,77.0,10.519999999999982,47.0,93.0,2.0922906107807884,281.48,292.0,140,-46.0,94.0,-0.33,289.0,1.0
07:32:25,283.04,25.0,365.3,33.0,279.5,20.0,554.11,37.0,82.25999999999999,45.0,70.0,15.29774329762274,283.04,365.3,115,-25.0,-25.0,-0.22,291.0,1.0
07:32:26,291.0,8.0,318.0,40.0,290.0,8.0,410.17,24.0,27.0,16.0,64.0,15.300170914076793,291.0,318.0,80,-48.0,-35.0,-0.6,291.0,
07:32:27,284.91,46.0,293.0,70.0,282.0,14.0,411.29,14.0,8.089999999999975,60.0,84.0,15.636937999492154,284.91,293.0,144,-24.0,64.0,-0.17,286.6,5.0
07:32:28,284.0,30.0,293.0,43.0,276.0,9.0,618.73,37.0,9.0,39.0,80.0,16.00180239847879,284.0,293.0,119,-41.0,-25.0,-0.34,287.6,5.0
07:32:29,283.25,16.0,293.0,24.0,280.0,20.0,415.0,8.0,9.75,36.0,32.0,15.756684295877784,283.25,293.0,68,4.0,-51.0,0.06,282.5,4.0
07:32:30,284.0,24.0,293.0,40.0,277.88,17.0,348.92,13.0,9.0,41.0,53.0,7.152669431754804,284.0,293.0,94,-12.0,26.0,-0.13,282.5,
07:32:31,291.0,30.0,292.9,30.0,288.0,10.0,313.81,32.0,1.8999999999999773,40.0,62.0,1.5625555989976487,291.0,292.9,102,-22.0,8.0,-0.22,282.5,
07:32:32,290.08,13.0,292.57,21.0,279.2,15.0,375.93,29.0,2.490000000000009,28.0,50.0,1.8069919756210928,290.08,292.57,78,-22.0,-24.0,-0.28,291.0,3.0
07:32:33,288.0,3.0,293.0,9.0,277.5,8.0,379.0,15.0,5.0,11.0,24.0,1.6991821562031364,288.0,293.0,35,-13.0,-43.0,-0.37,291.0,
07:32:34,279.69,13.0,293.0,21.0,277.5,8.0,392.14,35.0,13.310000000000002,21.0,56.0,2.2905523351277077,279.69,293.0,77,-35.0,42.0,-0.45,288.0,1.0
07:32:43,284.5,14.0,287.17,18.0,278.5,14.0,289.21,29.0,2.670000000000016,28.0,47.0,2.757141635817248,284.5,287.17,75,-19.0,1.0,-0.25,286.0,2.0
07:32:44,282.44,9.0,289.14,28.0,273.11,9.0,296.74,27.0,6.699999999999989,18.0,55.0,2.1568078263854025,282.44,289.14,73,-37.0,-2.0,-0.51,287.0,3.0
07:32:45,282.0,9.0,288.31,51.0,274.0,9.0,289.72,25.0,6.310000000000002,18.0,76.0,0.8425081601726674,282.0,288.31,94,-58.0,21.0,-0.62,287.0,
07:33:23,288.15,40.0,404.31,61.0,285.16,64.0,530.65,40.0,116.16000000000004,104.0,101.0,37.856185491937325,288.15,404.31,205,3.0,62.0,0.01,287.0,
07:33:24,292.0,16.0,351.89,19.0,291.0,16.0,393.11,38.0,59.88999999999999,32.0,57.0,33.81894188173204,292.0,351.89,89,-25.0,-116.0,-0.28,292.0,2.0
07:33:25,292.0,6.0,385.0,30.0,291.0,12.0,508.94,17.0,93.0,18.0,47.0,26.311085686454938,292.0,385.0,65,-29.0,-24.0,-0.45,292.0,
07:33:26,291.33,15.0,329.0,40.0,290.36,28.0,399.41,17.0,37.670000000000016,43.0,57.0,16.616631728481426,291.33,329.0,100,-14.0,35.0,-0.14,292.0,
07:33:27,291.57,28.0,315.72,29.0,290.47,34.0,402.27,11.0,24.150000000000038,62.0,40.0,18.12433998798228,291.57,315.72,102,22.0,2.0,0.22,292.0,
07:33:28,292.0,24.0,396.17,12.0,291.0,24.0,484.0,6.0,104.17000000000002,48.0,18.0,17.482175207907428,292.0,396.17,66,30.0,-36.0,0.45,292.0,
07:33:30,290.54,26.0,399.88,16.0,289.71,28.0,422.0,18.0,109.33999999999996,54.0,34.0,24.95999298878056,290.54,399.88,88,20.0,12.0,0.23,291.0,8.0
07:33:31,289.14,28.0,387.74,27.0,287.57,21.0,388.33,36.0,98.60000000000002,49.0,63.0,21.44752736331104,289.14,387.74,112,-14.0,24.0,-0.12,289.6,5.0
07:33:32,284.0,30.0,296.76,25.0,283.0,50.0,310.84,32.0,12.759999999999993,80.0,57.0,26.97281779866492,284.0,296.76,137,23.0,25.0,0.17,284.0,2.0
07:33:36,280.35,86.0,338.53,15.0,250.34,61.0,446.47,17.0,58.17999999999995,147.0,32.0,11.829472938384368,280.35,338.53,179,115.0,120.0,0.64,283.0,1.0
07:33:37,283.0,9.0,397.22,18.0,281.0,81.0,571.89,18.0,114.22000000000004,90.0,36.0,25.661661481672773,283.0,397.22,126,54.0,-53.0,0.43,283.0,1.0
07:33:38,283.56,9.0,386.26,35.0,281.03,73.0,393.05,38.0,102.7,82.0,73.0,28.226429990347132,283.56,386.26,155,9.0,29.0,0.06,283.0,
07:33:39,283.0,14.0,318.81,43.0,281.0,126.0,367.89,35.0,35.81,140.0,78.0,24.750127676437707,283.0,318.81,218,62.0,63.0,0.28,283.0,
07:33:40,283.57,14.0,292.57,70.0,281.26,62.0,294.0,14.0,9.0,76.0,84.0,22.254775217915995,283.57,292.57,160,-8.0,-58.0,-0.05,283.0,
07:33:41,287.35,68.0,291.03,87.0,286.77,40.0,292.5,30.0,3.67999999999995,108.0,117.0,25.108236098937105,287.35,291.03,225,-9.0,65.0,-0.04,289.4,5.0
07:33:51,288.4,43.0,326.44,32.0,284.05,58.0,552.47,51.0,38.04000000000002,101.0,83.0,12.53342810247741,288.4,326.44,184,18.0,-164.0,0.1,285.0,2.0
07:33:56,289.07,80.0,360.33,46.0,288.02,46.0,402.36,36.0,71.25999999999999,126.0,82.0,34.905223534593524,289.07,360.33,208,44.0,56.0,0.21,291.0,1.0
07:33:57,289.0,77.0,350.57,21.0,288.0,7.0,352.0,35.0,61.56999999999999,84.0,56.0,29.276229777755688,289.0,350.57,140,28.0,-68.0,0.2,291.0,
07:33:58,289.0,77.0,349.0,21.0,288.0,7.0,352.0,35.0,60.0,84.0,56.0,27.43218310670797,289.0,349.0,140,28.0,0.0,0.2,291.0,
07:33:59,289.0,88.0,315.88,32.0,288.0,8.0,350.88,32.0,26.879999999999995,96.0,64.0,21.434015489402828,289.0,315.88,160,32.0,20.0,0.2,291.0,
07:34:00,289.76,92.0,320.0,50.0,288.86,49.0,350.71,56.0,30.24000000000001,141.0,106.0,9.870294828421592,289.76,320.0,247,35.0,87.0,0.14,289.0,5.0
07:34:01,291.0,50.0,313.8,44.0,289.0,60.0,336.2,30.0,22.80000000000001,110.0,74.0,8.909658803790892,291.0,313.8,184,36.0,-63.0,0.2,289.0,
07:34:02,291.0,24.0,345.11,28.0,289.0,96.0,347.19,27.0,54.110000000000014,120.0,55.0,8.438659846205955,291.0,345.11,175,65.0,-9.0,0.37,291.0,4.0
07:34:03,291.0,11.0,341.55,20.0,289.0,66.0,341.93,28.0,50.55000000000001,77.0,48.0,7.715877785447933,291.0,341.55,125,29.0,-50.0,0.23,291.0,
07:34:04,291.0,11.0,338.29,21.0,289.0,99.0,340.57,23.0,47.29000000000002,110.0,44.0,7.103377365730161,291.0,338.29,154,66.0,29.0,0.43,291.0,
07:34:05,289.16,51.0,336.72,29.0,288.09,44.0,337.38,26.0,47.56,95.0,55.0,6.147166013698238,289.16,336.72,150,40.0,-4.0,0.27,289.33,6.0
07:34:06,290.43,98.0,333.39,28.0,288.0,35.0,334.97,29.0,42.95999999999998,133.0,57.0,2.477573409601748,290.43,333.39,190,76.0,40.0,0.4,289.33,
07:34:07,291.0,92.0,329.93,15.0,289.0,56.0,331.12,33.0,38.93000000000001,148.0,48.0,2.273352150452369,291.0,329.93,196,100.0,6.0,0.51,291.0,5.0
07:34:08,291.0,42.0,327.62,16.0,289.0,40.0,328.3,23.0,36.620000000000005,82.0,39.0,2.081569119670815,291.0,327.62,121,43.0,-75.0,0.36,291.0,2.0
07:34:09,291.0,33.0,319.46,24.0,289.0,44.0,326.38,24.0,28.45999999999998,77.0,48.0,2.9890500163041898,291.0,319.46,125,29.0,4.0,0.23,291.0,
07:34:10,291.0,39.0,297.28,25.0,289.0,52.0,301.0,27.0,6.279999999999973,91.0,52.0,7.191885705430121,291.0,297.28,143,39.0,18.0,0.27,291.0,
07:34:11,289.93,28.0,312.48,23.0,288.05,21.0,521.45,20.0,22.55000000000001,49.0,43.0,6.644640697582614,289.93,312.48,92,6.0,-51.0,0.07,291.0,3.0
07:34:12,292.18,22.0,321.65,51.0,291.31,49.0,533.39,49.0,29.46999999999997,71.0,100.0,5.940872831492985,292.18,321.65,171,-29.0,79.0,-0.17,292.5,2.0
07:34:13,292.0,26.0,318.5,24.0,291.0,24.0,404.0,16.0,26.5,50.0,40.0,5.1486046653410815,292.0,318.5,90,10.0,-81.0,0.11,292.5,
07:34:14,292.0,44.0,316.19,31.0,291.0,33.0,365.29,21.0,24.19,77.0,52.0,5.024644266012478,292.0,316.19,129,25.0,39.0,0.19,292.5,
07:34:15,292.0,48.0,314.68,22.0,291.0,36.0,315.19,26.0,22.680000000000007,84.0,48.0,2.132381297979089,292.0,314.68,132,36.0,3.0,0.27,292.5,
07:34:16,291.31,26.0,312.69,13.0,289.8,15.0,314.06,31.0,21.379999999999995,41.0,44.0,1.868435174141956,291.31,312.69,85,-3.0,-47.0,-0.04,291.8,5.0
07:34:17,291.0,28.0,307.19,26.0,289.0,14.0,311.83,36.0,16.189999999999998,42.0,62.0,2.361423299616543,291.0,307.19,104,-20.0,19.0,-0.19,291.8,
07:34:18,290.23,13.0,308.29,17.0,288.44,9.0,311.37,19.0,18.06,22.0,36.0,2.2997391156330544,290.23,308.29,58,-14.0,-46.0,-0.24,291.0,2.0
07:34:19,289.0,10.0,306.55,20.0,288.0,10.0,307.85,20.0,17.55000000000001,20.0,40.0,2.2942275388403783,289.0,306.55,60,-20.0,2.0,-0.33,291.0,
07:34:20,288.8,10.0,306.25,20.0,286.33,18.0,353.62,24.0,17.44999999999999,28.0,44.0,1.7816004041239053,288.8,306.25,72,-16.0,12.0,-0.22,291.0,
07:34:21,289.61,23.0,304.35,23.0,287.2,15.0,401.25,32.0,14.740000000000007,38.0,55.0,1.0052263426587966,289.61,304.35,93,-17.0,21.0,-0.18,291.0,
07:34:22,291.0,47.0,301.18,34.0,289.0,13.0,302.38,24.0,10.180000000000009,60.0,58.0,1.16474460718891,291.0,301.18,118,2.0,25.0,0.02,291.0,3.0
07:34:23,291.62,32.0,297.44,32.0,289.0,16.0,299.5,32.0,5.819999999999993,48.0,64.0,1.3136095310161229,291.62,297.44,112,-16.0,-6.0,-0.14,291.0,
07:34:24,291.13,15.0,295.45,33.0,288.36,11.0,298.0,11.0,4.319999999999993,26.0,44.0,1.7520188355086683,291.13,295.45,70,-18.0,-42.0,-0.26,291.0,
07:34:25,289.33,12.0,293.24,25.0,288.2,10.0,294.29,21.0,3.910000000000025,22.0,46.0,2.259818576784026,289.33,293.24,68,-24.0,-2.0,-0.35,290.0,2.0
07:34:26,284.42,127.0,289.8,40.0,284.25,57.0,290.52,21.0,5.379999999999996,184.0,61.0,3.46922469724573,284.42,289.8,245,123.0,177.0,0.5,288.5,2.0
07:34:27,284.05,179.0,343.74,23.0,283.39,67.0,377.38,32.0,59.69,246.0,55.0,10.377510298716969,284.05,343.74,301,191.0,56.0,0.63,284.25,4.0
07:34:33,286.12,128.0,343.91,11.0,284.0,48.0,463.11,18.0,57.79000000000002,176.0,29.0,37.44143960907363,286.12,343.91,205,147.0,62.0,0.72,284.25,
07:34:34,287.0,288.0,314.21,24.0,284.0,108.0,403.56,54.0,27.20999999999998,396.0,78.0,47.6835749498706,287.0,314.21,474,318.0,181.5,0.67,284.25,
07:34:35,287.0,192.0,292.83,12.0,284.0,72.0,296.42,48.0,5.829999999999984,264.0,60.0,54.23540430383039,287.0,292.83,324,204.0,-150.0,0.63,284.25,
07:34:36,289.24,42.0,296.55,22.0,288.69,58.0,306.23,13.0,7.310000000000002,100.0,35.0,44.6255025742004,289.24,296.55,135,65.0,-182.5,0.48,288.0,5.0
07:34:37,293.03,74.0,297.0,32.0,291.67,36.0,310.57,23.0,3.9700000000000273,110.0,55.0,9.929907854556758,293.03,297.0,165,55.0,30.0,0.33,294.0,1.0
07:34:38,293.0,132.0,296.21,47.0,289.0,22.0,327.91,46.0,3.2099999999999795,154.0,93.0,3.904949423487172,293.0,296.21,247,61.0,82.0,0.25,294.0,
07:34:39,293.0,129.0,294.91,44.0,289.0,24.0,297.14,56.0,1.910000000000025,153.0,100.0,2.040362712851363,293.0,294.91,253,53.0,6.0,0.21,293.0,4.0
07:34:40,293.0,80.0,295.5,50.0,289.0,20.0,300.4,40.0,2.5,100.0,90.0,0.804437691802983,293.0,295.5,190,10.0,-63.0,0.05,293.0,
07:34:41,293.0,115.0,294.38,52.0,289.0,32.0,300.79,67.0,1.3799999999999957,147.0,119.0,0.5237556682205442,293.0,294.38,266,28.0,76.0,0.11,293.67,3.0
07:34:42,292.79,73.0,294.0,45.0,285.57,42.0,303.0,60.0,1.2099999999999795,115.0,105.0,0.4720169488413447,292.79,294.0,220,10.0,-46.0,0.05,291.7,10.0
07:34:43,288.0,16.0,294.0,36.0,281.0,72.0,303.0,48.0,6.0,88.0,84.0,1.3007959102004434,288.0,294.0,172,4.0,-48.0,0.02,291.7,
07:34:44,288.48,66.0,293.72,54.0,283.8,100.0,302.78,72.0,5.240000000000009,166.0,126.0,1.5265876981014677,288.48,293.72,292,40.0,120.0,0.14,291.7,
07:34:45,290.0,20.0,293.0,30.0,288.0,50.0,302.0,40.0,3.0,70.0,70.0,1.302006144376922,290.0,293.0,140,0.0,-152.0,0.0,291.7,
07:34:46,290.0,20.0,292.1,30.0,288.0,50.0,298.67,36.0,2.1000000000000227,70.0,66.0,1.020049018427909,290.0,292.1,136,4.0,-4.0,0.03,290.0,2.0
07:34:47,288.0,59.0,290.28,29.0,285.56,99.0,298.34,32.0,2.2799999999999727,158.0,61.0,0.9259157629053376,288.0,290.28,219,97.0,83.0,0.44,290.0,
07:34:48,288.0,20.0,289.8,10.0,286.0,9.0,290.96,25.0,1.8000000000000114,29.0,35.0,1.2186960244445582,288.0,289.8,64,-6.0,-155.0,-0.09,288.0,2.0
07:34:49,286.06,16.0,288.0,14.0,280.37,54.0,297.17,36.0,1.9399999999999975,70.0,50.0,1.8020904527791344,286.06,288.0,120,20.0,56.0,0.17,286.75,4.0
07:34:52,285.69,64.0,298.47,47.0,281.55,58.0,357.9,63.0,12.78000000000003,122.0,110.0,3.9206542821319945,285.69,298.47,232,12.0,41.0,0.05,284.0,1.0
07:34:53,291.8,10.0,349.07,45.0,290.0,20.0,403.43,35.0,57.26999999999998,30.0,80.0,15.727977301611164,291.8,349.07,110,-50.0,-122.0,-0.45,284.0,
07:34:54,292.0,13.0,325.44,32.0,290.0,26.0,474.0,47.0,33.44,39.0,79.0,16.60149541457013,292.0,325.44,118,-40.0,8.0,-0.34,284.0,
07:34:55,292.0,9.0,297.0,18.0,290.74,38.0,441.0,18.0,5.0,47.0,36.0,14.75694412810429,292.0,297.0,83,11.0,-35.0,0.13,284.0,
07:34:56,292.0,10.0,296.0,56.0,291.0,70.0,374.16,25.0,4.0,80.0,81.0,12.282763532690444,292.0,296.0,161,-1.0,78.0,-0.01,284.0,
07:34:57,291.04,28.0,296.0,60.0,290.28,25.0,485.77,35.0,4.95999999999998,53.0,95.0,12.00739272281831,291.04,296.0,148,-42.0,-13.0,-0.28,291.2,5.0
07:34:58,290.06,36.0,294.31,52.0,288.83,24.0,296.0,26.0,4.25,60.0,78.0,6.838967758367767,290.06,294.31,138,-18.0,-10.0,-0.13,290.6,5.0
07:34:59,289.0,34.0,291.18,44.0,284.0,11.0,296.0,22.0,2.180000000000007,45.0,66.0,1.7720101579833958,289.0,291.18,111,-21.0,-27.0,-0.19,289.0,1.0
07:35:00,288.17,18.0,291.69,26.0,282.91,11.0,322.62,16.0,3.519999999999982,29.0,42.0,1.888128703239516,288.17,291.69,71,-13.0,-40.0,-0.18,287.75,4.0
07:35:01,284.55,44.0,297.18,11.0,281.11,36.0,304.9,20.0,12.629999999999995,80.0,31.0,1.5195492752778073,284.55,297.18,111,49.0,40.0,0.44,287.75,
07:35:02,289.23,53.0,295.8,10.0,283.49,115.0,297.4,20.0,6.569999999999993,168.0,30.0,1.1832286338647553,289.23,295.8,198,138.0,87.0,0.7,289.0,1.0
07:35:03,293.0,7.0,294.86,7.0,289.0,49.0,297.86,14.0,1.8600000000000136,56.0,21.0,1.7161818085498006,293.0,294.86,77,35.0,-121.0,0.45,289.0,
07:35:04,286.53,53.0,298.58,19.0,284.91,110.0,478.27,22.0,12.050000000000011,163.0,41.0,1.5702165455748338,286.53,298.58,204,122.0,127.0,0.6,293.0,1.0
07:35:05,286.0,56.0,298.38,24.0,285.0,8.0,300.88,16.0,12.379999999999995,64.0,40.0,1.09440394735979,286.0,298.38,104,24.0,-100.0,0.23,293.0,
07:35:06,286.0,56.0,296.88,24.0,285.0,8.0,299.0,16.0,10.879999999999995,64.0,40.0,0.9033714629080488,286.0,296.88,104,24.0,0.0,0.23,293.0,
07:35:07,286.0,43.0,296.0,21.0,285.0,7.0,297.86,14.0,10.0,50.0,35.0,1.1325502196356614,286.0,296.0,85,15.0,-19.0,0.18,286.0,4.0
07:35:08,286.0,21.0,296.0,21.0,285.0,7.0,297.0,14.0,10.0,28.0,35.0,0.7052871755512574,286.0,296.0,63,-7.0,-22.0,-0.11,286.0,
07:35:09,288.33,18.0,295.0,18.0,285.6,10.0,447.0,21.0,6.670000000000016,28.0,39.0,0.5001499775039013,288.33,295.0,67,-11.0,4.0,-0.16,286.0,
07:35:10,288.35,26.0,387.18,44.0,284.5,46.0,574.2,45.0,98.82999999999998,72.0,89.0,20.78961712009128,288.35,387.18000000000006,161,-17.0,94.0,-0.11,293.0,3.0
07:35:11,284.11,36.0,297.96,26.0,283.91,70.0,528.43,23.0,13.849999999999966,106.0,49.0,20.834274165422528,284.11,297.96,155,57.0,-6.0,0.37,293.0,
07:35:12,284.0,160.0,295.95,20.0,281.86,14.0,297.83,30.0,11.949999999999989,174.0,50.0,20.95511870641616,284.0,295.95,224,124.0,69.0,0.55,293.0,
07:35:13,284.0,176.0,293.6,15.0,282.6,15.0,294.21,29.0,9.600000000000025,191.0,44.0,21.22036757457308,284.0,293.6,235,147.0,11.0,0.63,293.0,
07:35:14,284.0,176.0,293.0,11.0,283.0,22.0,294.0,33.0,9.0,198.0,44.0,21.570328694760143,284.0,293.0,242,154.0,7.0,0.64,293.0,
07:35:15,284.0,192.0,292.67,18.0,283.0,28.0,293.95,38.0,8.670000000000016,220.0,56.0,1.15286599394614,284.0,292.67,276,164.0,34.0,0.59,284.0,4.0
07:35:16,284.0,147.0,290.96,25.0,283.0,26.0,291.44,27.0,6.95999999999998,173.0,52.0,0.90554955689773,284.0,290.96,225,121.0,-51.0,0.54,284.0,1.0
07:35:17,284.81,42.0,292.54,52.0,283.42,154.0,298.16,49.0,7.730000000000018,196.0,101.0,0.5207014499670338,284.81,292.54,297,95.0,72.0,0.32,285.57,7.0
07:35:18,285.5,26.0,294.0,24.0,281.74,90.0,297.75,60.0,8.5,116.0,84.0,0.8139594584484452,285.5,294.0,200,32.0,-97.0,0.16,283.25,4.0
07:35:19,290.67,27.0,293.0,24.0,287.14,42.0,298.67,60.0,2.329999999999984,69.0,84.0,1.6744312467215177,290.67,293.0,153,-15.0,-47.0,-0.1,283.25,
07:35:20,291.17,29.0,293.0,26.0,290.05,38.0,299.0,65.0,1.829999999999984,67.0,91.0,1.993258638510569,291.17,293.0,158,-24.0,5.0,-0.15,283.25,
07:35:21,292.0,43.0,296.53,34.0,291.0,22.0,405.9,51.0,4.529999999999973,65.0,85.0,2.178531615560457,292.0,296.53,150,-20.0,-8.0,-0.13,292.0,4.0
07:35:22,291.69,13.0,299.0,55.0,290.75,24.0,499.45,44.0,7.310000000000002,37.0,99.0,2.195331410059989,291.69,299.0,136,-62.0,-14.0,-0.46,292.0,
07:35:23,290.0,17.0,299.0,35.0,288.0,21.0,319.0,28.0,9.0,38.0,63.0,1.5589194975993996,290.0,299.0,101,-25.0,-35.0,-0.25,291.0,4.0
07:35:24,290.0,18.0,299.0,45.0,288.0,27.0,405.0,36.0,9.0,45.0,81.0,1.2186262757692954,290.0,299.0,126,-36.0,25.0,-0.29,291.0,
07:35:25,288.1,41.0,298.5,70.0,285.13,68.0,422.95,63.0,10.399999999999975,109.0,133.0,0.7332257496809674,288.1,298.5,242,-24.0,116.0,-0.1,290.0,2.0
07:35:26,288.0,21.0,297.86,35.0,285.0,35.0,300.0,35.0,9.860000000000014,56.0,70.0,0.9861693566499368,288.0,297.86,126,-14.0,-116.0,-0.11,290.0,
07:35:27,288.0,33.0,296.73,55.0,285.0,55.0,434.02,48.0,8.730000000000018,88.0,103.0,0.956932599505116,288.0,296.73,191,-15.0,65.0,-0.08,290.0,
07:35:28,288.0,21.0,294.86,35.0,285.0,35.0,295.86,35.0,6.860000000000014,56.0,70.0,1.1372466750867811,288.0,294.86,126,-14.0,-65.0,-0.11,290.0,
07:35:29,288.0,21.0,293.0,35.0,285.0,35.0,294.0,35.0,5.0,56.0,70.0,1.140758519580889,288.0,293.0,126,-14.0,0.0,-0.11,290.0,
07:35:30,288.0,24.0,292.45,38.0,285.0,40.0,293.38,40.0,4.449999999999989,64.0,78.0,1.1648047046594132,288.0,292.45,142,-14.0,16.0,-0.1,290.0,
07:35:31,286.54,41.0,288.96,54.0,283.67,63.0,291.11,45.0,2.419999999999959,104.0,99.0,1.728719179044787,286.54,288.96,203,5.0,61.0,0.02,290.0,
07:35:32,285.0,39.0,290.52,42.0,284.0,15.0,292.71,73.0,5.519999999999982,54.0,115.0,1.6828755153004504,285.0,290.52,169,-61.0,-34.0,-0.36,288.0,12.0
07:35:33,287.71,31.0,290.65,23.0,284.7,10.0,293.25,48.0,2.9399999999999977,41.0,71.0,1.3074096527094994,287.71,290.65,112,-30.0,-57.0,-0.27,290.0,2.0
07:35:34,289.0,32.0,292.33,60.0,287.56,36.0,297.0,36.0,3.329999999999984,68.0,96.0,1.3548542357013826,289.0,292.33,164,-28.0,52.0,-0.17,290.0,2.0
07:35:35,288.48,62.0,291.84,61.0,286.86,28.0,301.32,37.0,3.359999999999957,90.0,98.0,1.342843996895388,288.48,291.84,188,-8.0,24.0,-0.04,290.0,5.0
07:35:36,288.0,28.0,297.77,39.0,284.0,13.0,374.85,52.0,9.769999999999982,41.0,91.0,1.895679297770996,288.0,297.77,132,-50.0,-56.0,-0.38,288.0,3.0
07:35:37,288.77,13.0,297.38,39.0,286.77,13.0,299.53,49.0,8.610000000000014,26.0,88.0,1.7175214700250765,288.77,297.38,114,-62.0,-18.0,-0.54,288.0,
07:35:38,285.95,42.0,296.08,39.0,285.22,73.0,298.62,39.0,10.129999999999995,115.0,78.0,1.332985371261436,285.95,296.08,193,37.0,79.0,0.19,287.67,3.0
07:35:39,286.93,28.0,295.0,42.0,284.78,50.0,299.0,42.0,8.069999999999993,78.0,84.0,1.2902015346437108,286.93,295.0,162,-6.0,-31.0,-0.04,287.67,
07:35:40,287.0,12.0,295.0,21.0,284.0,7.0,299.0,21.0,8.0,19.0,42.0,1.092419333404972,287.0,295.0,61,-23.0,-101.0,-0.38,287.0,1.0
07:35:41,288.14,14.0,294.58,36.0,284.67,12.0,299.0,36.0,6.439999999999998,26.0,72.0,0.9077554736805824,288.14,294.58,98,-46.0,37.0,-0.47,287.0,
07:35:42,288.98,124.0,293.0,45.0,285.83,23.0,299.0,45.0,4.019999999999982,147.0,90.0,0.1665232716386362,288.98,293.0,237,57.0,139.0,0.24,287.0,
07:35:43,289.57,172.0,293.94,62.0,289.71,84.0,301.47,97.0,4.3700000000000045,256.0,159.0,0.3424470761988968,289.57,293.94,415,97.0,178.0,0.23,290.0,5.0
07:35:44,291.21,57.0,297.82,51.0,290.0,171.0,299.25,63.0,6.610000000000014,228.0,114.0,1.484395499857388,291.21,297.82,342,114.0,-73.0,0.33,290.0,
07:35:45,292.94,51.0,295.18,51.0,290.0,153.0,296.18,51.0,2.240000000000009,204.0,102.0,1.6316954372665933,292.94,295.18,306,102.0,-36.0,0.33,290.0,
07:35:46,291.87,38.0,293.81,48.0,289.75,140.0,299.35,60.0,1.9399999999999975,178.0,108.0,1.493408852255973,291.87,293.81,286,70.0,-20.0,0.24,293.0,3.0
07:35:47,290.02,150.0,292.0,43.0,284.69,112.0,302.92,97.0,1.9800000000000184,262.0,140.0,1.487255862317072,290.02,292.0,402,122.0,116.0,0.3,291.0,2.0
07:35:48,290.0,92.0,291.83,24.0,286.5,60.0,302.56,54.0,1.829999999999984,152.0,78.0,1.6734395716596822,290.0,291.83,230,74.0,-172.0,0.32,290.0,2.0
07:35:49,290.0,66.0,300.25,44.0,289.0,65.0,305.26,47.0,10.25,131.0,91.0,1.8513238506529657,290.0,300.25,222,40.0,-8.0,0.18,290.0,2.0
07:35:50,290.0,30.0,302.0,18.0,289.0,45.0,304.33,45.0,12.0,75.0,63.0,2.3263748623118228,290.0,302.0,138,12.0,-84.0,0.09,290.0,3.0
07:35:51,290.0,12.0,299.58,24.0,289.0,60.0,304.89,45.0,9.579999999999984,72.0,69.0,2.417223613982827,290.0,299.58,141,3.0,3.0,0.02,290.0,
07:35:52,290.0,8.0,297.88,16.0,289.0,40.0,304.0,46.0,7.8799999999999955,48.0,62.0,1.952557297493713,290.0,297.88,110,-14.0,-31.0,-0.13,290.0,
07:35:53,291.67,36.0,297.0,24.0,289.17,36.0,303.66,59.0,5.329999999999984,72.0,83.0,0.7900189871108844,291.67,297.0,155,-11.0,45.0,-0.07,290.0,
07:35:54,292.0,65.0,297.0,32.0,290.0,13.0,302.0,26.0,5.0,78.0,58.0,0.7829240065266618,292.0,297.0,136,20.0,-19.0,0.15,290.0,
07:35:55,292.0,52.0,296.7,46.0,290.0,13.0,300.69,26.0,4.699999999999989,65.0,72.0,0.3080097400990697,292.0,296.7,137,-7.0,1.0,-0.05,292.0,1.0
07:35:56,292.0,32.0,294.75,16.0,290.0,8.0,300.2,25.0,2.75,40.0,41.0,0.4526035793009188,292.0,294.75,81,-1.0,-56.0,-0.01,292.0,
07:35:57,290.0,2.0,296.0,4.0,289.0,10.0,303.0,10.0,6.0,12.0,14.0,0.6758476159579672,290.0,296.0,26,-2.0,-55.0,-0.08,292.0,4.0
07:35:58,290.0,7.0,296.0,14.0,289.0,35.0,303.0,35.0,6.0,42.0,49.0,0.7297807890018506,290.0,296.0,91,-7.0,65.0,-0.08,292.0,
07:35:59,290.0,25.0,296.0,26.0,289.0,65.0,303.0,65.0,6.0,90.0,91.0,0.584876055242701,290.0,296.0,181,-1.0,90.0,-0.01,292.0,
07:36:00,290.0,36.0,294.33,18.0,289.0,45.0,301.33,45.0,4.329999999999984,81.0,63.0,0.4451965857869689,290.0,294.33,144,18.0,-37.0,0.12,292.0,
07:36:01,290.0,30.0,292.56,18.0,289.0,45.0,300.0,45.0,2.5600000000000023,75.0,63.0,0.7659634456007283,290.0,292.56,138,12.0,-6.0,0.09,290.0,3.0
07:36:02,289.5,18.0,292.0,24.0,288.84,38.0,299.91,44.0,2.5,56.0,68.0,1.0126450513366938,289.5,292.0,124,-12.0,-14.0,-0.1,289.33,3.0
07:36:03,283.44,48.0,291.5,24.0,281.5,54.0,299.96,52.0,8.060000000000002,102.0,76.0,2.118308287288948,283.44,291.5,178,26.0,54.0,0.15,288.8,5.0
07:36:04,283.0,21.0,291.0,10.0,280.0,25.0,300.0,25.0,8.0,46.0,35.0,2.3429105830136754,283.0,291.0,81,11.0,-97.0,0.14,283.0,4.0
07:36:05,280.13,47.0,296.7,43.0,277.82,55.0,300.88,34.0,16.569999999999993,102.0,77.0,1.9331502786896104,280.13,296.7,179,25.0,98.0,0.14,288.33,3.0
07:36:06,283.64,55.0,297.56,54.0,277.5,70.0,299.62,52.0,13.920000000000016,125.0,106.0,1.7459180965892445,283.64,297.56,231,19.0,52.0,0.08,290.0,3.0
07:36:07,290.0,26.0,297.0,39.0,280.0,65.0,298.0,65.0,7.0,91.0,104.0,2.679315211018955,290.0,297.0,195,-13.0,-36.0,-0.07,290.0,
07:36:08,290.0,32.0,294.15,60.0,280.0,80.0,296.94,68.0,4.149999999999977,112.0,128.0,2.642144961957451,290.0,294.15,240,-16.0,45.0,-0.07,290.0,
07:36:09,290.0,16.0,292.12,40.0,280.0,40.0,294.0,24.0,2.1200000000000045,56.0,64.0,1.8831277173884733,290.0,292.12,120,-8.0,-120.0,-0.07,290.0,
07:36:10,287.37,19.0,291.75,40.0,279.33,42.0,294.05,22.0,4.379999999999996,61.0,62.0,1.4992731572320708,287.37,291.75,123,-1.0,3.0,-0.01,290.0,2.0
07:36:11,280.61,49.0,289.35,62.0,276.96,83.0,291.35,23.0,8.740000000000009,132.0,85.0,3.2702721599275417,280.61,289.35,217,47.0,94.0,0.22,280.0,1.0
07:36:12,281.49,35.0,290.15,71.0,278.61,72.0,295.83,47.0,8.659999999999968,107.0,118.0,3.1543176758211806,281.49,290.15,225,-11.0,8.0,-0.05,286.5,2.0
07:36:13,287.25,24.0,297.42,38.0,279.5,40.0,301.46,56.0,10.170000000000016,64.0,94.0,3.2279281280719214,287.25,297.42,158,-30.0,-67.0,-0.19,286.5,
07:36:14,288.0,34.0,295.41,68.0,287.0,34.0,296.52,58.0,7.410000000000025,68.0,126.0,3.3547160833664904,288.0,295.41,194,-58.0,36.0,-0.3,286.5,
07:36:15,288.0,18.0,293.88,34.0,287.0,18.0,295.78,36.0,5.879999999999996,36.0,70.0,3.478910749070416,288.0,293.88,106,-34.0,-88.0,-0.32,286.5,
07:36:16,287.93,28.0,291.0,18.0,286.07,30.0,293.76,50.0,3.069999999999993,58.0,68.0,2.599649976438621,287.93,291.0,126,-10.0,20.0,-0.08,288.0,2.0
07:36:19,281.54,41.0,294.38,21.0,276.11,54.0,296.32,62.0,12.839999999999977,95.0,83.0,3.159909808839196,281.54,294.38,178,12.0,-76.0,0.07,289.0,2.0
07:36:31,285.0,12.0,288.0,24.0,284.0,60.0,361.16,37.0,3.0,72.0,61.0,4.660865799398171,285.0,288.0,133,11.0,-56.0,0.08,289.0,
07:36:32,286.26,19.0,288.0,25.0,284.14,35.0,326.04,28.0,1.740000000000009,54.0,53.0,5.127033255207046,286.26,288.0,107,1.0,-26.0,0.01,288.0,1.0
07:36:33,284.0,15.0,288.0,6.0,274.0,9.0,290.0,9.0,4.0,24.0,15.0,4.476423795844001,284.0,288.0,39,9.0,-68.0,0.23,287.0,2.0
07:36:34,284.0,15.0,288.0,5.0,274.0,9.0,290.0,9.0,4.0,24.0,14.0,1.3933592501568914,284.0,288.0,38,10.0,-1.0,0.26,287.0,
07:36:35,284.07,43.0,288.0,9.0,275.72,29.0,289.72,29.0,3.930000000000007,72.0,38.0,0.4941356089148758,284.07,288.0,110,34.0,72.0,0.31,287.0,
07:36:36,285.21,19.0,288.0,9.0,284.32,37.0,290.0,27.0,2.7900000000000205,56.0,36.0,0.5057964017247176,285.21,288.0,92,20.0,-18.0,0.22,287.0,
07:36:37,287.14,28.0,289.2,25.0,285.03,33.0,291.2,50.0,2.0600000000000023,61.0,75.0,0.9357724082262846,287.14,289.2,136,-14.0,44.0,-0.1,288.0,1.0
07:36:38,285.15,41.0,290.0,39.0,278.42,24.0,293.0,52.0,4.850000000000023,65.0,91.0,0.9630576306730114,285.15,290.0,156,-26.0,20.0,-0.17,286.5,6.0
07:36:39,288.0,32.0,289.88,24.0,284.0,16.0,292.71,31.0,1.8799999999999957,48.0,55.0,1.1698204990498662,288.0,289.88,103,-7.0,-53.0,-0.07,286.5,
07:36:40,288.0,36.0,289.0,27.0,284.42,24.0,290.0,27.0,1.0,60.0,54.0,0.9042510713275594,288.0,289.0,114,6.0,11.0,0.05,286.5,
07:36:41,286.67,36.0,288.62,39.0,279.32,44.0,290.0,39.0,1.9499999999999889,80.0,78.0,0.5793358266126438,286.67,288.62,158,2.0,44.0,0.01,288.0,4.0
07:36:45,284.93,29.0,288.11,37.0,281.75,32.0,318.82,33.0,3.180000000000007,61.0,70.0,0.9345480190969836,284.92999999999995,288.11,131,-9.0,-1.0,-0.07,285.0,2.0
07:36:46,286.53,43.0,290.22,27.0,284.9,40.0,292.76,41.0,3.690000000000055,83.0,68.0,1.238030694287522,286.53,290.22,151,15.0,20.0,0.1,289.0,3.0
07:36:47,289.91,131.0,292.06,17.0,286.91,22.0,310.33,27.0,2.1499999999999773,153.0,44.0,2.3111295939426606,289.91,292.06,197,109.0,46.0,0.55,290.0,1.0
07:36:48,290.0,120.0,293.0,24.0,288.0,16.0,374.54,13.0,3.0,136.0,37.0,2.616738427890149,290.0,293.0,173,99.0,-24.0,0.57,290.0,
07:36:49,291.71,70.0,321.16,25.0,289.95,154.0,394.55,31.0,29.450000000000045,224.0,56.0,7.906015431302611,291.71,321.16,280,168.0,107.0,0.6,293.0,3.0
07:36:50,290.12,102.0,388.95,21.0,289.03,29.0,483.61,23.0,98.82999999999998,131.0,44.0,21.42896917726074,290.12,388.95,175,87.0,-105.0,0.5,292.4,5.0
07:36:51,290.0,193.0,379.62,32.0,288.0,28.0,492.81,27.0,89.62,221.0,59.0,23.289553022760803,290.0,379.62,280,162.0,105.0,0.58,290.0,1.0
07:36:52,290.0,104.0,292.62,16.0,288.0,16.0,356.5,20.0,2.6200000000000045,120.0,36.0,23.21311805854584,290.0,292.62,156,84.0,-124.0,0.54,290.0,
07:36:53,290.0,120.0,291.9,20.0,288.0,20.0,295.8,20.0,1.8999999999999773,140.0,40.0,23.339769707518265,290.0,291.9,180,100.0,24.0,0.56,290.0,1.0
07:36:54,290.0,120.0,297.0,24.0,288.0,24.0,593.78,23.0,7.0,144.0,47.0,24.862692332086414,290.0,297.0,191,97.0,11.0,0.51,290.0,2.0
07:36:55,290.0,93.0,298.17,24.0,288.0,24.0,497.45,20.0,8.170000000000016,117.0,44.0,18.98767099988815,290.0,298.17,161,73.0,-30.0,0.45,290.0,7.0
07:36:56,290.93,42.0,297.86,42.0,289.2,35.0,299.0,28.0,6.930000000000007,77.0,70.0,1.603786145344154,290.93,297.86,147,7.0,-14.0,0.05,292.0,3.0
07:36:57,290.0,18.0,297.0,18.0,288.0,12.0,299.0,12.0,7.0,30.0,30.0,1.3599374985629316,290.0,297.0,60,0.0,-87.0,0.0,292.0,
07:36:58,290.0,12.0,296.6,10.0,288.0,8.0,297.8,10.0,6.600000000000023,20.0,20.0,0.459869546716592,290.0,296.6,40,0.0,-20.0,0.0,292.0,
07:36:59,290.0,42.0,294.95,66.0,288.0,28.0,392.25,20.0,4.949999999999989,70.0,86.0,0.7410128204002012,290.0,294.95,156,-16.0,116.0,-0.1,292.0,
07:37:00,289.91,22.0,292.75,24.0,287.8,15.0,297.62,16.0,2.839999999999975,37.0,40.0,1.1544912299354533,289.91,292.75,77,-3.0,-79.0,-0.04,289.5,4.0
07:37:01,287.0,9.0,290.22,27.0,284.4,15.0,298.67,18.0,3.2200000000000277,24.0,45.0,1.999357396764945,287.0,290.22,69,-21.0,-8.0,-0.3,288.0,1.0
07:37:02,285.71,34.0,288.39,54.0,284.21,38.0,297.8,41.0,2.680000000000007,72.0,95.0,2.641463609440711,285.71,288.39,167,-23.0,98.0,-0.14,288.0,
07:37:04,284.02,40.0,291.78,37.0,279.54,76.0,344.73,44.0,7.759999999999991,116.0,81.0,2.147039822639764,284.02,291.78,197,35.0,-22.0,0.18,285.62,8.0
07:37:05,284.18,33.0,363.77,30.0,279.59,51.0,487.05,38.0,79.58999999999997,84.0,68.0,16.45169960824711,284.18,363.7699999999999,152,16.0,-45.0,0.11,285.62,
07:37:06,291.75,36.0,302.0,12.0,287.67,36.0,377.04,50.0,10.25,72.0,62.0,16.10958503500315,291.75,302.0,134,10.0,-18.0,0.07,285.62,
07:37:07,292.55,11.0,298.44,9.0,291.29,21.0,332.91,22.0,5.889999999999986,32.0,31.0,15.325597215116828,292.55,298.44,63,1.0,-71.0,0.02,292.6,5.0
07:37:08,292.0,7.0,294.0,14.0,291.0,21.0,302.0,7.0,2.0,28.0,21.0,14.129064724885218,292.0,294.0,49,7.0,-14.0,0.14,292.6,
07:37:09,292.0,9.0,294.0,18.0,291.0,27.0,302.0,9.0,2.0,36.0,27.0,13.243302835773072,292.0,294.0,63,9.0,14.0,0.14,292.6,
07:37:10,289.82,11.0,294.0,22.0,289.08,25.0,300.91,11.0,4.180000000000007,36.0,33.0,2.053467798626869,289.82,294.0,69,3.0,6.0,0.04,291.25,4.0
07:37:11,289.0,4.0,294.0,8.0,288.0,8.0,300.0,4.0,5.0,12.0,12.0,1.5521114650687595,289.0,294.0,24,0.0,-45.0,0.0,291.25,
07:37:12,289.0,8.0,294.0,16.0,288.0,16.0,300.0,8.0,5.0,24.0,24.0,0.7652581263849229,289.0,294.0,48,0.0,24.0,0.0,291.25,
07:37:13,289.0,9.0,293.11,18.0,288.0,18.0,294.59,17.0,4.110000000000014,27.0,35.0,0.7381598742808391,289.0,293.11,62,-8.0,14.0,-0.13,291.25,
07:37:14,289.0,12.0,290.92,24.0,288.0,24.0,295.0,24.0,1.920000000000016,36.0,48.0,0.7483849276933234,289.0,290.92,84,-12.0,22.0,-0.14,291.25,
07:37:15,288.11,9.0,295.8,10.0,284.8,10.0,301.67,6.0,7.689999999999998,19.0,16.0,0.7607101944883614,288.11,295.8,35,3.0,-49.0,0.09,289.0,1.0
07:37:16,286.5,16.0,298.0,16.0,281.43,28.0,305.0,8.0,11.5,44.0,24.0,0.8973182267169627,286.5,298.0,68,20.0,33.0,0.29,288.0,2.0
07:37:17,290.0,40.0,298.0,20.0,284.0,20.0,305.0,10.0,8.0,60.0,30.0,1.4992264672151243,290.0,298.0,90,30.0,22.0,0.33,288.0,
07:37:18,290.0,36.0,296.67,12.0,284.0,18.0,298.5,16.0,6.670000000000016,54.0,28.0,1.5447168025234286,290.0,296.67,82,26.0,-8.0,0.32,288.0,
07:37:19,284.0,8.0,294.25,4.0,283.0,4.0,298.0,8.0,10.25,12.0,12.0,1.8735180810438468,284.0,294.25,24,0.0,-58.0,0.0,290.0,4.0
07:37:20,284.0,16.0,292.38,8.0,283.0,8.0,298.0,16.0,8.379999999999995,24.0,24.0,2.5839640090369884,284.0,292.38,48,0.0,24.0,0.0,290.0,
07:37:22,281.35,80.0,287.93,15.0,268.87,103.0,295.87,23.0,6.579999999999984,183.0,38.0,4.4528608781321735,281.35,287.93,221,145.0,-49.0,0.66,282.0,2.0
07:37:23,281.86,65.0,289.0,10.0,280.82,55.0,294.0,20.0,7.139999999999986,120.0,30.0,2.9730573489256296,281.86,289.0,150,90.0,-71.0,0.6,282.0,
07:37:25,286.85,26.0,294.63,19.0,282.2,65.0,353.95,43.0,7.779999999999973,91.0,62.0,3.2767209218975037,286.85,294.63,153,29.0,25.0,0.19,289.33,3.0
07:37:26,293.0,6.0,297.0,12.0,283.0,30.0,357.33,30.0,4.0,36.0,42.0,4.4250785303766325,293.0,297.0,78,-6.0,-75.0,-0.08,289.33,
07:37:27,293.0,6.0,297.0,12.0,283.0,30.0,329.17,30.0,4.0,36.0,42.0,4.678846011571632,293.0,297.0,78,-6.0,0.0,-0.08,289.33,
07:37:28,293.0,10.0,297.4,20.0,283.0,50.0,463.6,50.0,4.399999999999977,60.0,70.0,4.081039083370728,293.0,297.4,130,-10.0,52.0,-0.08,289.33,
07:37:29,293.0,7.0,299.0,14.0,283.0,35.0,406.0,35.0,6.0,42.0,49.0,2.0805576175628704,293.0,299.0,91,-7.0,-39.0,-0.08,289.33,
07:37:30,287.74,19.0,298.25,28.0,282.59,49.0,467.51,37.0,10.509999999999993,68.0,65.0,1.1123039153031793,287.74,298.25,133,3.0,42.0,0.02,293.0,1.0
07:37:31,283.0,89.0,296.34,64.0,278.0,32.0,377.58,36.0,13.339999999999977,121.0,100.0,2.547011974844056,283.0,296.34,221,21.0,88.0,0.1,283.0,3.0
07:37:32,283.0,16.0,295.62,32.0,278.0,16.0,309.75,28.0,12.620000000000005,32.0,60.0,3.0771464053566504,283.0,295.62,92,-28.0,-129.0,-0.3,283.0,
07:37:33,283.0,24.0,292.95,39.0,278.0,24.0,294.95,20.0,9.949999999999989,48.0,59.0,3.263023138134304,283.0,292.95,107,-11.0,15.0,-0.1,283.0,
07:37:34,284.64,11.0,291.95,38.0,281.82,22.0,292.53,17.0,7.310000000000002,33.0,55.0,1.996466879264568,284.64,291.95,88,-22.0,-19.0,-0.25,283.0,
07:37:35,286.0,19.0,288.68,41.0,282.0,60.0,290.91,45.0,2.680000000000007,79.0,86.0,0.9610306967005686,286.0,288.68,165,-7.0,77.0,-0.04,287.67,3.0
07:37:41,290.0,39.0,398.57,37.0,278.92,126.0,486.0,25.0,108.57,165.0,62.0,33.122960767419336,290.0,398.57,227,103.0,91.0,0.45,287.67,
07:37:43,284.0,144.0,384.56,25.0,283.0,51.0,406.93,29.0,100.56,195.0,54.0,59.90031677712558,284.0,384.56,249,141.0,-87.0,0.57,287.67,
07:37:44,283.58,59.0,320.3,10.0,253.92,37.0,373.15,26.0,36.72000000000003,96.0,36.0,56.19929421264996,283.58,320.3,132,60.0,-117.0,0.45,283.0,1.0
07:37:45,285.86,59.0,300.0,36.0,282.45,22.0,538.4,55.0,14.139999999999986,81.0,91.0,45.64789403685551,285.86,300.0,172,-10.0,40.0,-0.06,283.0,
07:37:46,286.0,55.0,293.53,17.0,284.57,14.0,298.82,38.0,7.529999999999973,69.0,55.0,49.62613494923809,286.0,293.53,124,14.0,-48.0,0.11,283.0,
07:37:47,288.4,110.0,291.94,66.0,287.42,93.0,292.83,53.0,3.5400000000000205,203.0,119.0,18.80069227448804,288.4,291.94,322,84.0,181.5,0.26,289.0,1.0
07:37:48,288.58,57.0,290.29,56.0,287.81,64.0,291.73,44.0,1.7100000000000364,121.0,100.0,5.269281734733532,288.58,290.29,221,21.0,-101.0,0.1,289.2,10.0
07:37:49,288.25,48.0,292.47,30.0,287.57,42.0,361.5,26.0,4.220000000000027,90.0,56.0,1.3893703609897723,288.25,292.47,146,34.0,-75.0,0.23,289.0,2.0
07:37:50,288.0,42.0,297.31,13.0,285.0,7.0,324.0,9.0,9.310000000000002,49.0,22.0,1.2688695756447212,288.0,297.31,71,27.0,-75.0,0.38,289.0,
07:37:51,288.0,54.0,296.0,18.0,285.0,9.0,299.0,9.0,8.0,63.0,27.0,1.346799910898674,288.0,296.0,90,36.0,19.0,0.4,289.0,
07:37:52,288.22,46.0,296.0,22.0,287.5,36.0,300.27,11.0,7.779999999999973,82.0,33.0,1.3554150655782684,288.22,296.0,115,49.0,25.0,0.43,289.0,
07:37:53,291.37,76.0,296.0,28.0,288.67,36.0,301.0,14.0,4.629999999999996,112.0,42.0,1.2060887197864911,291.37,296.0,154,70.0,39.0,0.45,289.0,
07:37:54,293.6,60.0,296.0,28.0,289.0,28.0,301.0,14.0,2.3999999999999773,88.0,42.0,1.183794745720687,293.6,296.0,130,46.0,-24.0,0.35,294.0,5.0
07:37:55,293.38,13.0,296.4,20.0,289.5,20.0,305.62,13.0,3.019999999999982,33.0,33.0,1.3996892512253247,293.38,296.4,66,0.0,-64.0,0.0,294.0,1.0
07:37:56,292.0,22.0,300.64,11.0,288.27,11.0,350.43,23.0,8.639999999999986,33.0,34.0,1.568518409198758,292.0,300.64,67,-1.0,1.0,-0.01,294.0,
07:37:57,292.0,18.0,298.18,33.0,291.0,9.0,301.67,9.0,6.180000000000007,27.0,42.0,0.9401223324627755,292.0,298.18,69,-15.0,2.0,-0.22,294.0,
07:37:58,291.0,21.0,300.0,12.0,285.38,24.0,306.17,12.0,9.0,45.0,24.0,0.620604543969176,291.0,300.0,69,21.0,0.0,0.3,291.67,3.0
07:37:59,285.0,5.0,300.0,5.0,282.0,25.0,307.0,5.0,15.0,30.0,10.0,1.4286882095108138,285.0,300.0,40,20.0,-29.0,0.5,291.67,
07:38:00,282.69,26.0,290.47,15.0,281.65,34.0,306.3,10.0,7.78000000000003,60.0,25.0,3.9658189570371696,282.69,290.47,85,35.0,45.0,0.41,285.0,1.0
07:38:01,282.12,40.0,292.43,23.0,281.34,32.0,305.6,20.0,10.310000000000002,72.0,43.0,4.2379948088684,282.12,292.43,115,29.0,30.0,0.25,288.5,4.0
07:38:02,290.4,83.0,304.21,33.0,288.68,69.0,305.4,25.0,13.810000000000002,152.0,58.0,4.798533109190307,290.4,304.21,210,94.0,95.0,0.45,290.8,5.0
07:38:03,291.33,9.0,302.0,18.0,290.0,72.0,303.0,18.0,10.670000000000016,81.0,36.0,5.044351296251648,291.33,302.0,117,45.0,-93.0,0.38,290.8,
07:38:04,292.0,65.0,300.41,34.0,290.0,136.0,301.88,34.0,8.410000000000025,201.0,68.0,5.38547769468927,292.0,300.41,269,133.0,152.0,0.49,290.8,
07:38:05,292.06,34.0,296.6,20.0,290.17,70.0,298.0,20.0,4.5400000000000205,104.0,40.0,4.108816131198329,292.06,296.6,144,64.0,-125.0,0.44,290.8,
07:38:06,292.16,31.0,294.1,31.0,290.27,111.0,295.41,34.0,1.9399999999999975,142.0,65.0,1.7388847000291612,292.16,294.1,207,77.0,63.0,0.37,292.33,3.0
07:38:07,290.29,28.0,294.0,14.0,288.76,41.0,296.82,11.0,3.70999999999998,69.0,25.0,1.9434711214719884,290.29,294.0,94,44.0,-113.0,0.47,292.0,1.0
07:38:08,290.0,72.0,298.55,11.0,283.09,11.0,488.76,17.0,8.550000000000011,83.0,28.0,1.523246532901228,290.0,298.55,111,55.0,17.0,0.5,292.0,
07:38:09,290.0,36.0,300.0,6.0,281.0,6.0,301.5,6.0,10.0,42.0,12.0,1.1339003483532657,290.0,300.0,54,30.0,-57.0,0.56,290.0,2.0
07:38:10,290.0,54.0,299.56,9.0,284.33,12.0,302.0,9.0,9.560000000000002,66.0,18.0,1.2047115837393014,290.0,299.56,84,48.0,30.0,0.57,290.0,
07:38:11,290.0,66.0,298.27,11.0,289.0,44.0,302.0,11.0,8.269999999999982,110.0,22.0,1.1334372501359165,290.0,298.27,132,88.0,48.0,0.67,290.0,
07:38:12,290.0,68.0,298.0,12.0,289.0,48.0,302.5,12.0,8.0,116.0,24.0,0.4306042266347177,290.0,298.0,140,92.0,8.0,0.66,290.0,4.0
07:38:13,289.33,18.0,297.25,8.0,286.5,32.0,303.0,8.0,7.920000000000016,50.0,16.0,0.6781002875649592,289.33,297.25,66,34.0,-74.0,0.52,289.5,4.0
07:38:14,289.79,19.0,296.11,9.0,285.24,34.0,302.11,9.0,6.319999999999993,53.0,18.0,0.7234431560224289,289.79,296.11,71,35.0,5.0,0.49,289.5,
07:38:15,294.0,32.0,295.03,34.0,289.0,24.0,298.42,12.0,1.0299999999999727,56.0,46.0,0.6402889972471011,294.0,295.03,102,10.0,31.0,0.1,294.0,1.0
07:38:16,294.0,20.0,295.0,30.0,289.0,20.0,310.0,17.0,1.0,40.0,47.0,0.7078488539198878,294.0,295.0,87,-7.0,-15.0,-0.08,294.0,
07:38:17,290.07,28.0,299.09,32.0,285.48,50.0,310.67,60.0,9.019999999999982,78.0,92.0,0.7821956277017232,290.07,299.09,170,-14.0,83.0,-0.08,294.0,2.0
07:38:18,286.6,15.0,299.0,6.0,284.6,15.0,301.0,24.0,12.399999999999975,30.0,30.0,0.908553795873249,286.6,299.0,60,0.0,-110.0,0.0,287.67,3.0
07:38:19,285.0,33.0,293.33,15.0,283.0,11.0,301.47,38.0,8.329999999999984,44.0,53.0,2.327696286029512,285.0,293.33,97,-9.0,37.0,-0.09,287.67,
07:38:20,285.04,28.0,289.25,12.0,283.5,12.0,290.14,28.0,4.20999999999998,40.0,40.0,3.336153473687234,285.04,289.25,80,0.0,-17.0,0.0,287.67,
07:38:21,282.64,14.0,298.85,26.0,280.78,118.0,305.6,50.0,16.210000000000036,132.0,76.0,2.928631079531057,282.64,298.85,208,56.0,128.0,0.27,288.25,8.0
07:38:22,283.04,25.0,303.67,60.0,280.23,109.0,326.0,75.0,20.629999999999995,134.0,135.0,2.5705349637760784,283.04,303.67,269,-1.0,61.0,-0.0,288.25,
07:38:23,282.23,26.0,303.0,52.0,280.51,70.0,326.0,65.0,20.769999999999985,96.0,117.0,2.5337186110527874,282.23,303.0,213,-21.0,-56.0,-0.1,290.0,1.0
07:38:24,283.25,16.0,297.33,30.0,282.14,56.0,315.33,45.0,14.079999999999984,72.0,75.0,2.422306751837048,283.25,297.33,147,-3.0,-66.0,-0.02,290.0,
07:38:25,284.14,7.0,302.57,28.0,282.13,46.0,324.0,35.0,18.430000000000007,53.0,63.0,1.461358956586509,284.14,302.57,116,-10.0,-31.0,-0.09,286.0,2.0
07:38:26,286.82,17.0,301.06,64.0,282.07,73.0,304.08,53.0,14.240000000000007,90.0,117.0,1.4326095071567129,286.82,301.06,207,-27.0,91.0,-0.13,286.0,
07:38:27,289.0,60.0,301.0,60.0,287.0,12.0,302.17,48.0,12.0,72.0,108.0,1.7672634212238725,289.0,301.0,180,-36.0,-27.0,-0.2,286.0,
07:38:28,290.0,9.0,300.11,45.0,289.0,45.0,304.11,36.0,10.110000000000014,54.0,81.0,1.9491280101614896,290.0,300.11,135,-27.0,-45.0,-0.2,286.0,
07:38:29,290.53,15.0,299.53,75.0,289.0,75.0,305.0,60.0,9.0,90.0,135.0,0.7834666553188289,290.53,299.53,225,-45.0,90.0,-0.2,286.0,
07:38:30,291.0,14.0,297.0,52.0,289.0,70.0,298.76,62.0,6.0,84.0,114.0,0.5813604733696108,291.0,297.0,198,-30.0,-27.0,-0.15,286.0,
07:38:31,289.68,37.0,293.32,81.0,288.71,65.0,294.51,55.0,3.6399999999999855,102.0,136.0,1.5301045715886217,289.68,293.32,238,-34.0,40.0,-0.14,292.0,1.0
07:38:32,289.0,75.0,290.86,51.0,283.25,24.0,295.0,64.0,1.8600000000000136,99.0,115.0,2.290486847811201,289.0,290.86,214,-16.0,-24.0,-0.07,290.5,6.0
07:38:33,289.06,64.0,302.57,56.0,286.18,17.0,333.91,43.0,13.509999999999993,81.0,99.0,2.470856126931744,289.06,302.57,180,-18.0,-34.0,-0.1,290.0,4.0
07:38:34,289.24,34.0,305.42,31.0,286.48,54.0,309.45,33.0,16.180000000000007,88.0,64.0,3.0336825806264427,289.24,305.42,152,24.0,-28.0,0.16,291.0,1.0
07:38:35,289.0,50.0,304.0,10.0,285.0,80.0,305.0,40.0,15.0,130.0,50.0,3.287587261198782,289.0,304.0,180,80.0,28.0,0.44,291.0,
07:38:36,289.0,50.0,304.0,10.0,285.0,80.0,305.0,40.0,15.0,130.0,50.0,3.0030367963108446,289.0,304.0,180,80.0,0.0,0.44,291.0,
07:38:37,289.0,50.0,302.14,22.0,285.0,80.0,303.57,28.0,13.139999999999986,130.0,50.0,0.6882078174486116,289.0,302.14,180,80.0,0.0,0.44,291.0,
07:38:38,289.0,50.0,296.53,30.0,285.0,80.0,299.08,26.0,7.529999999999973,130.0,56.0,1.7700932178834927,289.0,296.53,186,74.0,6.0,0.4,291.0,
07:38:39,286.92,25.0,290.86,21.0,284.88,51.0,295.85,33.0,3.9399999999999977,76.0,54.0,3.262641567809187,286.92,290.86,130,22.0,-56.0,0.17,287.0,10.0
07:38:40,285.0,15.0,291.0,21.0,283.0,7.0,298.0,28.0,6.0,22.0,49.0,3.829533914198391,285.0,291.0,71,-27.0,-59.0,-0.38,285.0,2.0
07:38:41,286.0,34.0,298.0,48.0,284.85,13.0,429.97,29.0,12.0,47.0,77.0,3.060854455866085,286.0,298.0,124,-30.0,53.0,-0.24,286.0,2.0
07:38:42,288.07,28.0,298.0,56.0,287.07,28.0,303.0,14.0,9.930000000000009,56.0,70.0,2.330697320544876,288.07,298.0,126,-14.0,2.0,-0.11,286.0,
07:38:43,291.06,34.0,297.36,78.0,289.41,34.0,298.74,47.0,6.300000000000011,68.0,125.0,2.676652760444507,291.06,297.36,193,-57.0,67.0,-0.3,286.0,
07:38:44,293.0,42.0,296.0,65.0,290.26,31.0,298.0,52.0,3.0,73.0,117.0,2.6269373802958835,293.0,296.0,190,-44.0,-3.0,-0.23,294.0,3.0
07:38:45,293.03,109.0,300.67,55.0,292.24,37.0,302.63,27.0,7.640000000000043,146.0,82.0,1.8211397530109144,293.03,300.67,228,64.0,38.0,0.28,293.6,5.0
07:38:46,293.0,63.0,300.55,22.0,292.0,18.0,301.79,33.0,7.550000000000011,81.0,55.0,1.6765828342187616,293.0,300.55,136,26.0,-92.0,0.19,293.6,
07:38:47,293.0,63.0,298.56,18.0,292.0,18.0,302.78,37.0,5.560000000000002,81.0,55.0,1.2352611060003664,293.0,298.56,136,26.0,0.0,0.19,293.6,
07:38:48,293.0,56.0,297.12,16.0,289.5,14.0,302.26,19.0,4.1200000000000045,70.0,35.0,1.0345385444715451,293.0,297.12,105,35.0,-31.0,0.33,293.6,
07:38:49,293.0,98.0,296.14,28.0,292.0,42.0,299.71,14.0,3.1399999999999864,140.0,42.0,1.012931389580418,293.0,296.14,182,98.0,77.0,0.54,293.6,
07:38:50,293.0,49.0,298.35,40.0,292.0,39.0,477.43,42.0,5.350000000000023,88.0,82.0,0.8301024033197522,293.0,298.35,170,6.0,-12.0,0.04,293.0,5.0
07:38:51,287.35,34.0,301.0,48.0,289.14,21.0,469.73,33.0,13.649999999999975,55.0,81.0,0.6923005127811935,287.35,301.0,136,-26.0,-34.0,-0.19,292.4,5.0
07:38:52,285.0,66.0,298.67,36.0,282.0,7.0,317.02,41.0,13.670000000000016,73.0,77.0,1.4717098898889518,285.0,298.67,150,-4.0,14.0,-0.03,292.4,
07:38:53,285.0,100.0,299.55,31.0,283.0,18.0,347.79,24.0,14.550000000000011,118.0,55.0,1.616270398168831,285.0,299.55,173,63.0,23.0,0.36,292.4,
07:38:54,285.0,36.0,299.0,36.0,283.0,27.0,301.0,36.0,14.0,63.0,72.0,1.6801993929283257,285.0,299.0,135,-9.0,-38.0,-0.07,292.4,
07:38:55,284.37,52.0,294.27,44.0,282.76,33.0,299.93,60.0,9.899999999999975,85.0,104.0,1.732382752164313,284.37,294.27,189,-19.0,54.0,-0.1,285.0,4.0
07:38:58,281.9,62.0,293.5,56.0,184.79,48.0,295.8,60.0,11.600000000000025,110.0,116.0,3.713567018379439,281.9,293.5,226,-6.0,-13.0,-0.03,285.0,
07:38:59,282.0,58.0,291.84,49.0,279.0,13.0,293.13,90.0,9.839999999999977,71.0,139.0,2.711866515888152,282.0,291.84,210,-68.0,-16.0,-0.32,282.0,5.0
07:39:00,282.71,70.0,291.74,43.0,281.07,28.0,333.55,44.0,9.03000000000003,98.0,87.0,2.27930910584662,282.71,291.74,185,11.0,-25.0,0.06,291.0,3.0
07:39:01,283.47,150.0,293.83,72.0,281.96,54.0,478.69,32.0,10.359999999999957,204.0,104.0,0.9479293222574868,283.47,293.83,308,100.0,123.0,0.32,293.0,4.0
07:39:02,286.75,134.0,294.0,70.0,285.56,59.0,454.56,18.0,7.25,193.0,88.0,1.3908019269456404,286.75,294.0,281,105.0,-27.0,0.37,293.0,
07:39:03,289.16,37.0,294.75,16.0,286.79,57.0,350.86,14.0,5.589999999999975,94.0,30.0,2.1340641977213,289.16,294.75,124,64.0,-157.0,0.52,292.83,6.0
07:39:04,295.0,12.0,296.0,6.0,292.0,12.0,360.0,12.0,1.0,24.0,18.0,3.200432783233584,295.0,296.0,42,6.0,-82.0,0.14,292.83,
07:39:05,292.92,26.0,295.44,18.0,291.09,89.0,316.6,42.0,2.519999999999982,115.0,60.0,2.7747198056734725,292.92,295.44,175,55.0,133.0,0.31,295.0,2.0
07:39:06,291.26,61.0,295.0,26.0,290.74,97.0,298.0,13.0,3.740000000000009,158.0,39.0,1.978249225956329,291.26,295.0,197,119.0,22.0,0.6,292.0,2.0
07:39:07,291.0,54.0,294.17,12.0,290.0,34.0,298.0,6.0,3.170000000000016,88.0,18.0,1.3975693184944118,291.0,294.17,106,70.0,-91.0,0.66,292.0,
07:39:08,291.03,102.0,293.21,28.0,290.25,106.0,298.64,14.0,2.180000000000007,208.0,42.0,1.355551548262528,291.03,293.21,250,166.0,144.0,0.66,292.0,
07:39:09,291.0,45.0,295.4,15.0,290.0,55.0,437.07,27.0,4.399999999999977,100.0,42.0,0.7731882047709215,291.0,295.4,142,58.0,-108.0,0.41,291.0,6.0
07:39:10,291.0,24.0,297.5,16.0,290.0,40.0,626.57,14.0,6.5,64.0,30.0,0.7991432912794144,291.0,297.5,94,34.0,-48.0,0.36,291.0,
07:39:11,291.0,12.0,296.0,20.0,290.0,20.0,300.0,4.0,5.0,32.0,24.0,0.8244392033357628,291.0,296.0,56,8.0,-38.0,0.14,291.0,
07:39:12,289.12,24.0,296.0,45.0,282.23,52.0,300.0,9.0,6.879999999999996,76.0,54.0,0.8278164047643038,289.12,296.0,130,22.0,74.0,0.17,289.5,10.0
07:39:13,286.0,18.0,296.0,45.0,279.08,39.0,300.33,9.0,10.0,57.0,54.0,1.2245488965316405,286.0,296.0,111,3.0,-19.0,0.03,289.5,
07:39:14,286.0,12.0,296.0,30.0,280.0,18.0,301.0,6.0,10.0,30.0,36.0,1.462778178671254,286.0,296.0,66,-6.0,-45.0,-0.09,289.5,
07:39:15,286.0,28.0,296.0,70.0,280.0,42.0,301.0,14.0,10.0,70.0,84.0,1.1604826582059278,286.0,296.0,154,-14.0,88.0,-0.09,289.5,
07:39:16,286.0,20.0,288.8,50.0,280.0,30.0,296.24,42.0,2.800000000000012,50.0,92.0,1.9079622637768687,286.0,288.8,142,-42.0,-12.0,-0.3,289.5,
07:39:17,287.49,49.0,295.09,56.0,282.59,29.0,297.93,44.0,7.599999999999966,78.0,100.0,1.6471854783225002,287.49,295.09,178,-22.0,36.0,-0.12,289.5,
07:39:18,292.22,82.0,295.0,16.0,289.91,44.0,298.0,80.0,2.7799999999999727,126.0,96.0,2.222509842497141,292.22,295.0,222,30.0,44.0,0.14,293.8,5.0
07:39:19,292.0,72.0,294.89,9.0,286.0,18.0,298.0,45.0,2.8899999999999864,90.0,54.0,2.510193219653974,292.0,294.89,144,36.0,-78.0,0.25,293.8,
07:39:20,292.05,95.0,296.64,25.0,290.54,94.0,299.21,53.0,4.589999999999975,189.0,78.0,2.8218203344644324,292.05,296.64,267,111.0,123.0,0.42,292.5,2.0
07:39:21,293.0,64.0,300.0,14.0,292.0,98.0,304.0,70.0,7.0,162.0,84.0,1.874238512035563,293.0,300.0,246,78.0,-21.0,0.32,293.0,2.0
07:39:22,294.25,24.0,300.0,57.0,291.88,88.0,304.0,60.0,5.75,112.0,117.0,1.6979782095178837,294.25,300.0,229,-5.0,-17.0,-0.02,295.0,2.0
07:39:23,295.78,9.0,300.0,54.0,291.33,69.0,304.0,45.0,4.220000000000027,78.0,99.0,1.8877632266780136,295.78,300.0,177,-21.0,-52.0,-0.12,295.0,
07:39:24,292.23,35.0,300.0,66.0,291.11,105.0,304.0,55.0,7.769999999999982,140.0,121.0,1.3261711805034524,292.23,300.0,261,19.0,84.0,0.07,292.88,8.0
07:39:25,292.0,13.0,300.0,78.0,291.0,143.0,304.0,65.0,8.0,156.0,143.0,0.7854489162243677,292.0,300.0,299,13.0,38.0,0.04,292.88,
07:39:26,292.0,11.0,300.0,66.0,291.0,121.0,304.0,55.0,8.0,132.0,121.0,0.8502529035516497,292.0,300.0,253,11.0,-46.0,0.04,292.88,
07:39:27,292.0,11.0,300.0,66.0,291.0,121.0,304.0,55.0,8.0,132.0,121.0,0.8342961105015175,292.0,300.0,253,11.0,0.0,0.04,292.88,
07:39:28,292.0,8.0,300.0,48.0,291.0,88.0,304.0,40.0,8.0,96.0,88.0,0.0491934954836853,292.0,300.0,184,8.0,-69.0,0.04,292.88,
07:39:29,292.0,12.0,300.0,72.0,291.0,132.0,304.0,60.0,8.0,144.0,132.0,0.0,292.0,300.0,276,12.0,92.0,0.04,292.88,
07:39:30,292.0,8.0,300.0,48.0,291.0,88.0,303.89,28.0,8.0,96.0,76.0,0.0,292.0,300.0,172,20.0,-104.0,0.12,292.88,
07:39:31,292.0,8.0,300.0,48.0,291.0,88.0,303.0,8.0,8.0,96.0,56.0,0.0,292.0,300.0,152,40.0,-20.0,0.26,292.88,
07:39:32,292.0,10.0,300.0,50.0,291.0,110.0,303.0,10.0,8.0,120.0,60.0,0.0,292.0,300.0,180,60.0,28.0,0.33,292.88,
07:39:33,292.0,14.0,299.12,25.0,291.0,154.0,300.2,44.0,7.1200000000000045,168.0,69.0,0.1967739820145926,292.0,299.12,237,99.0,57.0,0.42,292.88,
07:39:34,291.11,61.0,298.0,26.0,289.76,131.0,300.0,52.0,6.889999999999986,192.0,78.0,0.6245638478152646,291.11,298.0,270,114.0,33.0,0.42,291.33,3.0
07:39:35,291.28,50.0,297.0,22.0,289.91,99.0,300.0,36.0,5.720000000000027,149.0,58.0,0.8557569748460823,291.28,297.0,207,91.0,-63.0,0.44,291.33,
07:39:36,292.0,28.0,296.5,28.0,291.0,126.0,299.21,42.0,4.5,154.0,70.0,0.8308549813280529,292.0,296.5,224,84.0,17.0,0.38,291.33,
07:39:37,292.8,30.0,296.0,30.0,291.0,135.0,298.73,45.0,3.1999999999999886,165.0,75.0,0.5691397016529377,292.8,296.0,240,90.0,16.0,0.38,291.33,
07:39:38,291.05,88.0,295.5,32.0,288.53,68.0,298.0,48.0,4.449999999999989,156.0,80.0,0.5029214650395454,291.05,295.5,236,76.0,-4.0,0.32,291.8,5.0
07:39:39,292.13,30.0,296.67,36.0,291.0,90.0,300.35,51.0,4.5400000000000205,120.0,87.0,0.4724087213393866,292.13,296.67,207,33.0,-29.0,0.16,293.0,2.0
07:39:40,294.2,15.0,301.0,21.0,291.88,32.0,303.76,33.0,6.800000000000011,47.0,54.0,1.6433289384653895,294.2,301.0,101,-7.0,-106.0,-0.07,293.0,
07:39:41,296.0,34.0,299.24,59.0,295.0,51.0,301.21,58.0,3.240000000000009,85.0,117.0,2.0179494542723337,296.0,299.24,202,-32.0,101.0,-0.16,293.0,
07:39:42,295.45,49.0,297.09,45.0,292.38,96.0,300.55,84.0,1.6399999999999864,145.0,129.0,1.9448059029111648,295.45,297.09,274,16.0,72.0,0.06,296.0,2.0
07:39:43,291.15,80.0,296.24,25.0,289.57,58.0,303.47,43.0,5.090000000000032,138.0,68.0,1.8109472659351828,291.15,296.24,206,70.0,-68.0,0.34,295.0,3.0
07:39:44,291.0,105.0,295.33,42.0,290.0,75.0,299.98,45.0,4.329999999999984,180.0,87.0,2.124723511424019,291.0,295.33,267,93.0,61.0,0.35,295.0,
07:39:45,290.0,55.0,292.16,37.0,288.0,44.0,293.75,40.0,2.160000000000025,99.0,77.0,2.5932084374376343,290.0,292.16,176,22.0,-91.0,0.12,295.0,
07:39:46,290.0,64.0,291.82,55.0,288.0,56.0,294.8,46.0,1.8199999999999927,120.0,101.0,2.1937137461386,290.0,291.82,221,19.0,45.0,0.09,290.5,4.0
07:39:47,289.76,33.0,291.21,66.0,287.96,53.0,301.39,28.0,1.4499999999999886,86.0,94.0,1.4560322798610237,289.76,291.21,180,-8.0,-41.0,-0.04,290.0,3.0
07:39:48,288.47,38.0,300.0,13.0,287.55,31.0,304.0,13.0,11.529999999999973,69.0,26.0,1.6377209774553518,288.47,300.0,95,43.0,-85.0,0.45,288.6,5.0
07:39:49,288.0,22.0,299.11,27.0,286.0,11.0,301.09,11.0,11.110000000000014,33.0,38.0,1.7162109427448975,288.0,299.11,71,-5.0,-24.0,-0.07,288.6,
07:39:50,290.18,22.0,298.63,19.0,287.41,17.0,299.16,25.0,8.449999999999989,39.0,44.0,1.8818740659240407,290.18,298.63,83,-5.0,12.0,-0.06,288.6,
07:39:51,292.0,22.0,296.33,27.0,285.04,23.0,298.53,17.0,4.329999999999984,45.0,44.0,1.6482323865273532,292.0,296.33,89,1.0,6.0,0.01,288.6,
07:39:52,292.0,22.0,295.82,33.0,286.0,11.0,298.0,11.0,3.819999999999993,33.0,44.0,0.3314664387202186,292.0,295.82,77,-11.0,-12.0,-0.14,288.6,
07:39:53,284.47,179.0,293.46,39.0,283.37,60.0,295.52,21.0,8.989999999999952,239.0,60.0,2.2770331574216067,284.47,293.46,299,179.0,181.5,0.6,289.0,4.0
07:39:54,284.0,391.0,289.41,51.0,278.0,34.0,290.47,51.0,5.410000000000025,425.0,102.0,3.5588031696058864,284.0,289.41,527,323.0,181.5,0.61,289.0,
07:39:56,291.86,140.0,295.64,14.0,283.8,214.0,299.08,12.0,3.7799999999999727,354.0,26.0,3.964441953162656,291.86,295.64,380,328.0,-131.0,0.86,287.0,3.0
07:39:57,295.0,88.0,296.94,34.0,284.12,162.0,298.4,10.0,1.9399999999999975,250.0,44.0,4.568470203470331,295.0,296.94,294,206.0,-86.0,0.7,295.0,4.0
07:39:58,294.91,46.0,296.7,40.0,284.85,94.0,338.0,20.0,1.7899999999999636,140.0,60.0,5.120527316595109,294.91,296.7,200,80.0,-94.0,0.4,295.0,6.0
07:39:59,294.0,8.0,300.0,24.0,284.0,160.0,387.87,23.0,6.0,168.0,47.0,4.764516764583503,294.0,300.0,215,121.0,15.0,0.56,295.0,
07:40:00,294.0,12.0,300.0,45.0,287.07,123.0,342.95,37.0,6.0,135.0,82.0,1.3280926172515488,294.0,300.0,217,53.0,2.0,0.24,295.0,
07:40:01,294.0,10.0,299.53,58.0,290.0,70.0,338.84,45.0,5.529999999999973,80.0,103.0,0.5764980485641684,294.0,299.53,183,-23.0,-34.0,-0.13,295.0,
07:40:02,295.11,76.0,299.68,93.0,294.55,29.0,342.3,47.0,4.569999999999993,105.0,140.0,0.5934896797741142,295.11,299.68,245,-35.0,62.0,-0.14,295.0,
07:40:03,295.46,26.0,299.0,25.0,294.92,26.0,300.0,10.0,3.5400000000000205,52.0,35.0,0.2384743172722648,295.46,299.0,87,17.0,-158.0,0.2,295.8,5.0
07:40:04,295.0,63.0,299.0,50.0,294.0,10.0,300.0,20.0,4.0,73.0,70.0,0.2384743172722648,295.0,299.0,143,3.0,56.0,0.02,295.0,1.0
07:40:05,295.0,72.0,299.0,60.0,289.4,30.0,300.0,24.0,4.0,102.0,84.0,0.2384743172722648,295.0,299.0,186,18.0,43.0,0.1,295.0,
07:40:06,295.0,36.0,298.96,26.0,290.71,21.0,299.67,15.0,3.95999999999998,57.0,41.0,0.1826198236733427,295.0,298.96,98,16.0,-88.0,0.16,295.0,
07:40:07,295.0,68.0,297.21,38.0,293.0,42.0,298.87,46.0,2.2099999999999795,110.0,84.0,0.4338548144234705,295.0,297.21,194,26.0,96.0,0.13,295.0,2.0
07:40:08,295.0,36.0,296.95,37.0,293.0,27.0,297.41,17.0,1.9499999999999889,63.0,54.0,0.5245664876813757,295.0,296.95,117,9.0,-77.0,0.08,295.0,
07:40:09,295.0,46.0,296.0,12.0,293.0,36.0,297.0,60.0,1.0,82.0,72.0,0.6589157761037217,295.0,296.0,154,10.0,37.0,0.06,295.0,2.0
07:40:10,291.18,33.0,296.08,59.0,286.17,164.0,298.42,31.0,4.899999999999977,197.0,90.0,1.2434910534452404,291.18,296.08,287,107.0,133.0,0.37,293.0,6.0
07:40:11,291.44,16.0,295.64,70.0,288.32,47.0,301.21,14.0,4.199999999999989,63.0,84.0,1.2667872749590896,291.44,295.64,147,-21.0,-140.0,-0.14,293.0,
07:40:12,292.0,12.0,294.02,54.0,291.0,24.0,295.33,36.0,2.019999999999982,36.0,90.0,1.3148193792298026,292.0,294.02,126,-54.0,-21.0,-0.43,293.0,
07:40:13,291.67,24.0,294.56,52.0,289.94,34.0,297.33,33.0,2.8899999999999864,58.0,85.0,1.0096880706427,291.67,294.56,143,-27.0,17.0,-0.19,292.67,3.0
07:40:14,291.0,30.0,299.4,45.0,289.0,45.0,300.78,37.0,8.399999999999977,75.0,82.0,0.8810051078161621,291.0,299.4,157,-7.0,14.0,-0.04,292.67,
07:40:15,291.0,22.0,296.45,33.0,289.0,33.0,297.45,33.0,5.449999999999989,55.0,66.0,0.880210202166601,291.0,296.45,121,-11.0,-36.0,-0.09,292.67,
07:40:16,291.0,36.0,295.06,54.0,289.0,54.0,296.33,54.0,4.060000000000002,90.0,108.0,0.9339057768309188,291.0,295.06,198,-18.0,77.0,-0.09,292.67,
07:40:17,290.76,25.0,293.17,36.0,288.61,38.0,295.5,36.0,2.410000000000025,63.0,72.0,1.187783650332901,290.76,293.17,135,-9.0,-63.0,-0.07,291.0,2.0
07:40:18,289.0,27.0,293.44,27.0,286.0,45.0,304.0,41.0,4.439999999999998,72.0,68.0,1.5507965695080836,289.0,293.44,140,4.0,5.0,0.03,291.0,
07:40:19,289.0,42.0,292.0,24.0,286.0,70.0,294.97,37.0,3.0,112.0,61.0,1.3110186878903944,289.0,292.0,173,51.0,33.0,0.29,291.0,
07:40:20,287.67,45.0,291.47,32.0,284.55,66.0,296.12,26.0,3.8000000000000114,111.0,58.0,1.3283561269470103,287.67,291.47,169,53.0,-4.0,0.31,289.0,3.0
07:40:21,286.0,75.0,290.26,38.0,280.0,60.0,296.87,45.0,4.259999999999991,135.0,83.0,1.4900436235216292,286.0,290.26,218,52.0,49.0,0.24,289.0,
07:40:22,286.0,45.0,289.6,20.0,280.0,36.0,292.44,25.0,3.6000000000000227,81.0,45.0,1.4760182925686565,286.0,289.6,126,36.0,-92.0,0.29,289.0,
07:40:23,288.18,116.0,294.0,38.0,287.1,87.0,300.64,44.0,5.819999999999993,203.0,82.0,1.4375569553924603,288.17999999999995,294.0,285,121.0,159.0,0.42,289.0,3.0
07:40:24,291.04,77.0,298.56,25.0,290.21,112.0,300.3,54.0,7.519999999999982,189.0,79.0,2.844445464409097,291.04,298.56,268,110.0,-17.0,0.41,289.0,
07:40:25,293.84,76.0,297.0,19.0,290.9,100.0,300.0,76.0,3.160000000000025,176.0,95.0,3.5867074037336506,293.84,297.0,271,81.0,3.0,0.3,289.0,
07:40:26,295.0,110.0,297.61,23.0,294.0,17.0,299.26,38.0,2.6100000000000136,127.0,61.0,3.5581202902653635,295.0,297.61,188,66.0,-83.0,0.35,295.0,5.0
07:40:27,288.86,22.0,299.0,20.0,287.25,16.0,300.0,56.0,10.139999999999986,38.0,76.0,1.9965645494194029,288.86,299.0,114,-38.0,-74.0,-0.33,294.75,4.0
07:40:28,286.0,45.0,299.0,18.0,282.0,27.0,300.0,36.0,13.0,72.0,54.0,1.4543727170152494,286.0,299.0,126,18.0,12.0,0.14,294.75,
07:40:29,286.0,35.0,299.0,14.0,282.0,21.0,300.0,28.0,13.0,56.0,42.0,1.7122207801560805,286.0,299.0,98,14.0,-28.0,0.14,294.75,
07:40:30,286.0,40.0,299.0,16.0,282.0,24.0,300.0,38.0,13.0,64.0,54.0,1.6593914547201585,286.0,299.0,118,10.0,20.0,0.08,294.75,
07:40:31,286.0,30.0,298.25,8.0,282.0,18.0,299.5,16.0,12.25,48.0,24.0,0.7015696686703466,286.0,298.25,72,24.0,-46.0,0.33,294.75,
07:40:32,286.19,47.0,293.17,24.0,284.37,59.0,296.07,15.0,6.980000000000018,106.0,39.0,1.229715414231336,286.19,293.17,145,67.0,73.0,0.46,294.75,
07:40:33,286.42,38.0,290.84,44.0,284.52,54.0,292.15,26.0,4.419999999999959,92.0,70.0,1.8080873872681205,286.42,290.84,162,22.0,17.0,0.14,288.0,1.0
07:40:34,286.0,55.0,289.33,24.0,282.0,11.0,291.16,38.0,3.329999999999984,66.0,62.0,2.1260644392863397,286.0,289.33,128,4.0,-34.0,0.03,288.0,
07:40:35,286.0,45.0,299.0,46.0,282.0,9.0,299.88,17.0,13.0,54.0,63.0,2.1260644392863397,286.0,299.0,117,-9.0,-11.0,-0.08,288.67,3.0
07:40:36,285.64,11.0,298.91,11.0,280.5,4.0,300.67,12.0,13.27000000000004,15.0,23.0,2.1620938925027966,285.64,298.91,38,-8.0,-79.0,-0.21,286.0,5.0
07:40:37,288.8,20.0,298.0,24.0,280.36,11.0,299.29,34.0,9.199999999999989,31.0,58.0,2.5628363193926127,288.8,298.0,89,-27.0,51.0,-0.3,290.0,3.0
07:40:38,290.86,29.0,298.0,27.0,286.44,9.0,299.0,36.0,7.139999999999986,38.0,63.0,2.594326502196246,290.86,298.0,101,-25.0,12.0,-0.25,290.0,
07:40:39,291.0,14.0,298.0,18.0,290.0,6.0,299.0,24.0,7.0,20.0,42.0,1.043527670930558,291.0,298.0,62,-22.0,-39.0,-0.35,291.0,4.0
07:40:40,291.0,9.0,298.0,27.0,290.0,9.0,299.0,36.0,7.0,18.0,63.0,0.9843525791085868,291.0,298.0,81,-45.0,19.0,-0.56,291.0,
07:40:41,294.11,27.0,298.0,39.0,291.32,25.0,299.14,37.0,3.8899999999999855,52.0,76.0,0.9510625636610744,294.11,298.0,128,-24.0,47.0,-0.19,291.0,
07:40:42,295.0,36.0,298.0,36.0,292.0,120.0,300.0,12.0,3.0,156.0,48.0,1.0003099519635992,295.0,298.0,204,108.0,76.0,0.53,291.0,
07:40:43,295.0,39.0,297.0,57.0,292.0,143.0,298.22,27.0,2.0,182.0,84.0,0.9437796352948916,295.0,297.0,266,98.0,62.0,0.37,291.0,
07:40:44,295.0,48.0,296.21,56.0,292.0,176.0,297.08,50.0,1.2099999999999795,224.0,106.0,0.7586039810054525,295.0,296.21,330,118.0,64.0,0.36,291.0,
07:40:45,295.0,57.0,296.0,39.0,292.24,87.0,298.6,20.0,1.0,144.0,59.0,0.3980954659340763,295.0,296.0,203,85.0,-127.0,0.42,291.0,
07:40:46,295.0,59.0,296.0,36.0,293.0,36.0,300.0,48.0,1.0,95.0,84.0,0.4311844152996353,295.0,296.0,179,11.0,-24.0,0.06,295.0,5.0
07:40:47,293.2,20.0,299.2,30.0,292.08,72.0,301.62,26.0,6.0,92.0,56.0,0.3197186262908304,293.2,299.2,148,36.0,-31.0,0.24,295.0,1.0
07:40:48,293.0,30.0,299.75,32.0,292.0,110.0,301.59,34.0,6.75,140.0,66.0,0.419904751101101,293.0,299.75,206,74.0,58.0,0.36,295.0,
07:40:49,293.0,48.0,297.12,32.0,292.0,176.0,300.0,50.0,4.1200000000000045,224.0,82.0,0.5472842040451167,293.0,297.12,306,142.0,100.0,0.46,295.0,
07:40:50,293.0,38.0,297.58,38.0,292.0,176.0,300.79,52.0,4.579999999999984,214.0,90.0,0.5764373339724819,293.0,297.58,304,124.0,-2.0,0.41,293.0,2.0
07:40:51,293.0,6.0,301.0,24.0,292.0,66.0,302.0,18.0,8.0,72.0,42.0,0.8017356172687012,293.0,301.0,114,30.0,-182.5,0.26,293.0,
07:40:52,293.0,11.0,301.0,34.0,292.0,60.0,303.3,37.0,8.0,71.0,71.0,0.92540801811806,293.0,301.0,142,0.0,28.0,0.0,293.0,
07:40:53,293.0,11.0,300.07,43.0,292.0,55.0,301.88,51.0,7.069999999999993,66.0,94.0,0.9372459655806412,293.0,300.07,160,-28.0,18.0,-0.17,293.0,
07:40:54,294.0,75.0,300.0,40.0,293.0,10.0,302.52,62.0,6.0,85.0,102.0,0.7406956189941692,294.0,300.0,187,-17.0,27.0,-0.09,294.0,5.0
07:40:55,294.0,35.0,300.0,28.0,293.0,7.0,303.0,56.0,6.0,42.0,84.0,0.2101903898781834,294.0,300.0,126,-42.0,-61.0,-0.33,294.0,
07:40:56,294.0,32.0,300.0,48.0,293.0,12.0,303.0,96.0,6.0,44.0,144.0,0.2101903898781834,294.0,300.0,188,-100.0,62.0,-0.53,294.0,4.0
07:40:57,294.0,7.0,300.0,28.0,293.0,7.0,303.0,56.0,6.0,14.0,84.0,0.2101903898781834,294.0,300.0,98,-70.0,-90.0,-0.71,294.0,
07:40:58,294.0,9.0,300.0,36.0,293.0,9.0,303.0,72.0,6.0,18.0,108.0,0.0,294.0,300.0,126,-90.0,28.0,-0.71,294.0,
07:40:59,292.5,8.0,300.0,20.0,291.2,5.0,303.0,40.0,7.5,13.0,60.0,0.3354101966207213,292.5,300.0,73,-47.0,-53.0,-0.64,292.6,5.0
07:41:00,291.8,20.0,300.0,44.0,289.6,15.0,303.0,88.0,8.199999999999989,35.0,132.0,0.5215361924135408,291.8,300.0,167,-97.0,94.0,-0.58,292.6,
07:41:01,291.76,34.0,300.0,56.0,289.45,22.0,303.0,112.0,8.240000000000009,56.0,168.0,0.5618540735789659,291.76,300.0,224,-112.0,57.0,-0.5,292.6,
07:41:02,292.45,66.0,298.93,45.0,290.86,21.0,300.0,60.0,6.480000000000018,87.0,105.0,0.5194516339346337,292.45,298.93,192,-18.0,-32.0,-0.09,292.6,
07:41:03,293.97,124.0,298.0,39.0,292.0,39.0,300.0,52.0,4.029999999999973,163.0,91.0,0.2033469940703008,293.97,298.0,254,72.0,62.0,0.28,294.0,2.0
07:41:04,295.0,92.0,297.71,51.0,292.0,51.0,300.53,68.0,2.7099999999999795,143.0,119.0,0.2425901894088595,295.0,297.71,262,24.0,8.0,0.09,295.0,4.0
07:41:05,295.5,32.0,297.0,24.0,292.0,24.0,302.0,32.0,1.5,56.0,56.0,0.269907391520498,295.5,297.0,112,0.0,-150.0,0.0,295.0,
07:41:06,296.0,52.0,297.0,39.0,291.48,31.0,302.0,52.0,1.0,83.0,91.0,0.3212942576476582,296.0,297.0,174,-8.0,62.0,-0.05,295.0,
07:41:07,296.0,28.0,299.35,34.0,292.0,40.0,303.36,44.0,3.3500000000000227,68.0,78.0,0.6584603253023218,296.0,299.35,146,-10.0,-28.0,-0.07,296.0,3.0
07:41:08,296.0,8.0,302.0,32.0,292.0,32.0,305.0,40.0,6.0,40.0,72.0,1.1806481270882758,296.0,302.0,112,-32.0,-34.0,-0.29,296.0,
07:41:09,296.0,8.0,302.0,32.0,292.0,32.0,306.09,22.0,6.0,40.0,54.0,1.3154770997614995,296.0,302.0,94,-14.0,-18.0,-0.15,296.0,
07:41:10,296.0,12.0,302.0,48.0,292.0,48.0,307.0,36.0,6.0,60.0,84.0,1.126268174102771,296.0,302.0,144,-24.0,50.0,-0.17,296.0,
07:41:11,296.0,9.0,302.0,36.0,292.0,36.0,307.0,27.0,6.0,45.0,63.0,0.5903219460571154,296.0,302.0,108,-18.0,-36.0,-0.17,296.0,
07:41:12,296.0,7.0,302.0,28.0,292.0,28.0,307.0,21.0,6.0,35.0,49.0,0.0,296.0,302.0,84,-14.0,-24.0,-0.17,296.0,
07:41:13,296.0,7.0,301.18,22.0,292.0,28.0,302.56,27.0,5.180000000000007,35.0,49.0,0.183357574145766,296.0,301.18,84,-14.0,0.0,-0.17,296.0,
07:41:14,296.0,12.0,300.33,36.0,292.0,48.0,303.0,48.0,4.329999999999984,60.0,84.0,0.3706345909337714,296.0,300.33,144,-24.0,60.0,-0.17,296.0,
07:41:15,294.35,23.0,298.0,44.0,291.94,64.0,302.41,59.0,3.649999999999977,87.0,103.0,1.178231725933691,294.35,298.0,190,-16.0,46.0,-0.08,296.0,1.0
07:41:16,292.24,37.0,295.5,18.0,291.32,38.0,303.33,55.0,3.259999999999991,75.0,73.0,2.1362818166142885,292.24,295.5,148,2.0,-42.0,0.01,292.75,4.0
07:41:17,293.0,52.0,294.2,20.0,292.0,12.0,301.05,21.0,1.1999999999999886,64.0,41.0,2.3297424750381843,293.0,294.2,105,23.0,-43.0,0.22,293.0,2.0
07:41:18,292.67,18.0,294.33,18.0,291.25,16.0,299.2,10.0,1.6599999999999682,34.0,28.0,2.054597284140445,292.67,294.33,62,6.0,-43.0,0.1,293.0,3.0
07:41:19,292.0,13.0,294.0,13.0,291.0,26.0,305.44,36.0,2.0,39.0,49.0,1.2381316569724892,292.0,294.0,88,-10.0,26.0,-0.11,293.0,
07:41:20,292.0,4.0,294.0,4.0,291.0,8.0,305.0,8.0,2.0,12.0,12.0,0.3842915559799896,292.0,294.0,24,0.0,-64.0,0.0,293.0,
07:41:21,292.0,23.0,294.0,13.0,291.0,26.0,305.0,26.0,2.0,49.0,39.0,0.3033150177580252,292.0,294.0,88,10.0,64.0,0.11,292.0,5.0
07:41:22,291.27,11.0,292.56,9.0,290.25,24.0,305.0,18.0,1.2900000000000205,35.0,27.0,0.5849102495234778,291.27,292.56,62,8.0,-26.0,0.13,291.5,2.0
07:41:23,290.05,22.0,304.94,17.0,287.2,10.0,306.23,26.0,14.889999999999986,32.0,43.0,2.1815246961694954,290.05,304.94,75,-11.0,13.0,-0.15,291.0,1.0
07:41:24,290.0,41.0,303.8,20.0,286.0,14.0,305.52,52.0,13.800000000000011,55.0,72.0,2.5446119546990214,290.0,303.8,127,-17.0,52.0,-0.13,290.0,1.0
07:41:25,290.0,51.0,302.85,33.0,286.0,12.0,303.85,27.0,12.850000000000025,63.0,60.0,2.513509498688447,290.0,302.85,123,3.0,-4.0,0.02,290.0,
07:41:26,286.62,26.0,301.29,14.0,282.43,14.0,302.71,68.0,14.670000000000016,40.0,82.0,2.3409036716612306,286.62,301.29,122,-42.0,-1.0,-0.34,290.0,5.0
07:41:27,287.85,26.0,299.36,11.0,286.0,11.0,302.0,77.0,11.509999999999993,37.0,88.0,1.777011536258835,287.85,299.36,125,-51.0,3.0,-0.41,288.0,2.0
07:41:28,289.12,34.0,298.94,17.0,286.0,17.0,301.71,98.0,9.819999999999991,51.0,115.0,1.5514348197707275,289.12,298.94,166,-64.0,41.0,-0.39,288.0,
07:41:29,287.42,24.0,297.15,13.0,285.38,13.0,300.32,34.0,9.72999999999996,37.0,47.0,1.4939109745888612,287.42,297.15,84,-10.0,-82.0,-0.12,290.0,2.0
07:41:30,286.83,36.0,295.5,12.0,285.5,12.0,296.5,12.0,8.670000000000016,48.0,24.0,1.24258601311819,286.83,295.5,72,24.0,-12.0,0.33,290.0,
07:41:31,286.0,9.0,297.76,21.0,285.0,9.0,298.47,17.0,11.759999999999993,18.0,38.0,1.1941649802254928,286.0,297.76,56,-20.0,-16.0,-0.36,293.5,2.0
07:41:32,285.61,18.0,297.2,40.0,284.85,13.0,300.02,44.0,11.589999999999977,31.0,84.0,1.1329960282352782,285.61,297.2,115,-53.0,59.0,-0.46,293.5,
07:41:33,285.0,60.0,297.0,30.0,283.7,10.0,301.0,51.0,12.0,70.0,81.0,0.5298584716666797,285.0,297.0,151,-11.0,36.0,-0.07,293.5,
07:41:34,285.0,54.0,293.97,29.0,283.0,9.0,300.5,48.0,8.970000000000027,63.0,77.0,0.9056875841022296,285.0,293.97,140,-14.0,-11.0,-0.1,293.5,
07:41:35,285.0,48.0,296.65,23.0,283.67,9.0,299.86,42.0,11.649999999999975,57.0,65.0,0.901360083427779,285.0,296.65,122,-8.0,-18.0,-0.07,293.5,
07:41:36,285.7,40.0,296.0,20.0,284.8,30.0,297.0,30.0,10.300000000000011,70.0,50.0,0.7281689364405372,285.7,296.0,120,20.0,-2.0,0.17,293.5,
07:41:37,290.78,23.0,295.29,42.0,287.08,50.0,296.47,38.0,4.510000000000048,73.0,80.0,1.272348222774309,290.78,295.29,153,-7.0,33.0,-0.05,291.0,2.0
07:41:38,290.0,22.0,293.45,33.0,285.8,25.0,295.2,30.0,3.4499999999999886,47.0,63.0,1.3082736716746082,290.0,293.45,110,-16.0,-43.0,-0.15,291.0,
07:41:39,290.0,26.0,291.0,39.0,285.0,65.0,295.0,39.0,1.0,91.0,78.0,1.0249975609712427,290.0,291.0,169,13.0,59.0,0.08,291.0,
07:41:40,287.58,31.0,292.0,30.0,284.86,43.0,296.11,27.0,4.420000000000016,74.0,57.0,1.2478381305269437,287.58,292.0,131,17.0,-38.0,0.13,290.0,2.0
07:41:41,285.19,86.0,293.26,23.0,283.73,22.0,295.62,39.0,8.069999999999993,108.0,62.0,1.5353924579718845,285.19,293.26,170,46.0,39.0,0.27,285.0,2.0
07:41:42,288.03,195.0,290.29,34.0,285.91,159.0,292.45,33.0,2.260000000000048,354.0,67.0,1.0687609648546077,288.03,290.29,421,287.0,181.5,0.68,290.0,2.0
07:41:43,290.2,120.0,292.79,47.0,286.44,75.0,295.98,49.0,2.590000000000032,195.0,96.0,0.9776349011757614,290.2,292.79,291,99.0,-130.0,0.34,291.0,1.0
07:41:44,291.62,78.0,293.0,39.0,285.0,39.0,297.0,26.0,1.3799999999999957,117.0,65.0,1.426369517340084,291.62,293.0,182,52.0,-109.0,0.29,291.0,
07:41:45,292.0,126.0,293.0,27.0,285.0,27.0,297.0,18.0,1.0,153.0,45.0,1.6385756009403514,292.0,293.0,198,108.0,16.0,0.55,291.0,
07:41:46,292.09,68.0,296.37,19.0,288.03,37.0,297.95,42.0,4.28000000000003,105.0,61.0,1.8456353919442352,292.09,296.37,166,44.0,-32.0,0.27,293.0,3.0
07:41:47,293.0,18.0,297.0,12.0,292.0,48.0,298.0,30.0,4.0,66.0,42.0,1.4545549147410046,293.0,297.0,108,24.0,-58.0,0.22,293.0,
07:41:48,292.11,81.0,295.89,73.0,288.76,34.0,297.8,51.0,3.7799999999999727,115.0,124.0,1.1608918984975416,292.11,295.89,239,-9.0,131.0,-0.04,293.0,3.0
07:41:49,292.0,75.0,294.86,58.0,285.0,20.0,297.33,46.0,2.8600000000000136,95.0,104.0,0.9336326900860012,292.0,294.86,199,-9.0,-40.0,-0.05,292.0,5.0
07:41:50,286.71,49.0,293.0,32.0,281.7,20.0,295.62,32.0,6.2900000000000205,69.0,64.0,2.005948653380029,286.71,293.0,133,5.0,-66.0,0.04,287.62,8.0
07:41:51,285.62,64.0,293.0,24.0,284.54,52.0,296.0,24.0,7.3799999999999955,116.0,48.0,2.566544369380182,285.62,293.0,164,68.0,31.0,0.41,287.62,
07:41:52,286.18,55.0,293.0,22.0,278.67,45.0,296.0,22.0,6.819999999999993,100.0,44.0,2.278457811765912,286.18,293.0,144,56.0,-20.0,0.39,287.62,
07:41:53,287.58,59.0,293.0,26.0,282.51,41.0,296.0,26.0,5.420000000000016,100.0,52.0,1.679488017223439,287.58,293.0,152,48.0,8.0,0.32,287.62,
07:41:54,289.0,60.0,293.0,24.0,288.0,24.0,296.0,24.0,4.0,84.0,48.0,0.660946291310534,289.0,293.0,132,36.0,-20.0,0.27,287.62,
07:41:55,290.33,45.0,293.0,28.0,290.1,67.0,296.75,40.0,2.670000000000016,112.0,68.0,0.9779161518234094,290.33,293.0,180,44.0,48.0,0.24,287.62,
07:41:56,291.71,34.0,293.0,18.0,290.12,40.0,296.0,27.0,1.2900000000000205,74.0,45.0,1.0910545357574966,291.71,293.0,119,29.0,-61.0,0.24,292.0,4.0
07:41:57,292.11,57.0,294.84,32.0,290.67,108.0,296.82,61.0,2.7299999999999613,165.0,93.0,1.2266539854404164,292.11,294.84,258,72.0,139.0,0.28,293.0,4.0
07:41:58,291.69,52.0,295.72,29.0,288.76,58.0,297.49,47.0,4.03000000000003,110.0,76.0,1.156330402608483,291.69,295.72,186,34.0,-72.0,0.18,294.0,2.0
07:41:59,291.0,36.0,296.0,24.0,278.0,16.0,299.12,40.0,5.0,52.0,64.0,0.887186564368828,291.0,296.0,116,-12.0,-70.0,-0.1,291.0,4.0
07:42:00,291.0,22.0,297.0,21.0,278.0,14.0,301.0,35.0,6.0,36.0,56.0,0.6271602665957349,291.0,297.0,92,-20.0,-24.0,-0.22,291.0,3.0
07:42:01,291.0,2.0,297.0,6.0,278.0,4.0,301.0,10.0,6.0,6.0,16.0,0.2581278752795907,291.0,297.0,22,-10.0,-70.0,-0.45,291.0,
07:42:02,291.0,12.0,297.0,36.0,287.91,110.0,301.0,60.0,6.0,122.0,96.0,0.2287356552799182,291.0,297.0,218,26.0,181.5,0.12,291.0,
07:42:03,289.78,45.0,296.71,21.0,288.05,76.0,299.94,34.0,6.930000000000007,121.0,55.0,0.3535533905881207,289.78,296.71,176,66.0,-42.0,0.38,291.0,1.0
07:42:04,290.85,129.0,296.0,30.0,289.43,105.0,297.0,45.0,5.149999999999977,234.0,75.0,0.3670558540554253,290.85,296.0,309,159.0,133.0,0.51,291.0,
07:42:05,292.78,170.0,295.87,30.0,291.38,80.0,297.67,45.0,3.090000000000032,250.0,75.0,0.4443534629057543,292.78,295.87,325,175.0,16.0,0.54,291.0,
07:42:06,293.0,99.0,295.0,18.0,292.0,45.0,298.78,27.0,2.0,144.0,45.0,0.4443534629057543,293.0,295.0,189,99.0,-136.0,0.52,291.0,
07:42:07,292.96,126.0,295.24,25.0,291.54,65.0,299.53,38.0,2.2800000000000296,191.0,63.0,0.457657076855946,292.96,295.24,254,128.0,65.0,0.5,294.0,2.0
07:42:08,294.0,90.0,299.4,30.0,292.0,50.0,303.0,50.0,5.399999999999977,140.0,80.0,1.2675567048444163,294.0,299.4,220,60.0,-34.0,0.27,294.0,
07:42:09,295.0,81.0,301.0,27.0,292.0,45.0,303.0,45.0,6.0,126.0,72.0,1.8209557929822684,295.0,301.0,198,54.0,-22.0,0.27,294.0,
07:42:10,295.0,47.0,301.43,23.0,292.0,35.0,303.03,31.0,6.430000000000007,82.0,54.0,2.0506291717410674,295.0,301.43,136,28.0,-62.0,0.21,295.0,4.0
07:42:11,295.0,25.0,303.0,25.0,292.0,25.0,304.0,5.0,8.0,50.0,30.0,1.922259087634947,295.0,303.0,80,20.0,-56.0,0.25,295.0,
07:42:12,295.0,34.0,301.91,22.0,292.0,40.0,303.06,32.0,6.910000000000025,74.0,54.0,0.8534518146884034,295.0,301.91,128,20.0,48.0,0.16,295.0,3.0
07:42:13,295.0,26.0,300.08,26.0,292.0,65.0,301.34,29.0,5.079999999999984,91.0,55.0,0.5407587262308993,295.0,300.08,146,36.0,18.0,0.25,295.0,
07:42:14,295.0,10.0,300.0,10.0,292.0,25.0,301.0,10.0,5.0,35.0,20.0,0.6347597970846185,295.0,300.0,55,15.0,-91.0,0.27,295.0,
07:42:15,293.64,22.0,299.29,21.0,291.81,32.0,300.38,16.0,5.650000000000034,54.0,37.0,0.9766268478774484,293.64,299.29,91,17.0,36.0,0.19,295.0,2.0
07:42:16,292.0,45.0,295.88,17.0,289.0,9.0,297.48,31.0,3.879999999999996,54.0,48.0,1.7358628978105954,292.0,295.88,102,6.0,11.0,0.06,293.0,1.0
07:42:17,285.78,18.0,291.71,17.0,282.54,26.0,295.81,16.0,5.930000000000007,44.0,33.0,3.708433631601898,285.78,291.71,77,11.0,-25.0,0.14,290.57,7.0
07:42:18,285.71,28.0,288.03,31.0,283.88,32.0,289.31,39.0,2.319999999999993,60.0,70.0,4.700682929106855,285.71,288.03,130,-10.0,53.0,-0.08,290.57,
07:42:19,285.68,38.0,288.71,28.0,283.38,26.0,292.43,14.0,3.0299999999999727,64.0,42.0,4.313318907755055,285.68,288.71,106,22.0,-24.0,0.21,286.0,2.0
07:42:20,286.47,187.0,288.06,51.0,285.0,34.0,295.0,17.0,1.589999999999975,221.0,68.0,2.9614050719207228,286.47,288.06,289,153.0,181.5,0.53,286.0,
07:42:21,285.6,40.0,295.64,11.0,278.6,30.0,299.73,11.0,10.039999999999964,70.0,22.0,1.5637518984793957,285.6,295.64,92,48.0,-182.5,0.52,288.0,3.0
07:42:22,288.33,66.0,296.0,9.0,286.83,24.0,300.0,9.0,7.670000000000016,90.0,18.0,2.4146904563520644,288.33,296.0,108,72.0,16.0,0.67,288.0,
07:42:23,292.0,80.0,296.0,10.0,291.0,20.0,300.0,10.0,4.0,100.0,20.0,3.005345238071209,292.0,296.0,120,80.0,12.0,0.67,288.0,
07:42:24,292.75,96.0,296.0,12.0,291.0,24.0,300.0,12.0,3.25,120.0,24.0,2.8970812898496314,292.75,296.0,144,96.0,24.0,0.67,288.0,
07:42:25,293.08,78.0,296.0,11.0,291.94,34.0,300.0,11.0,2.920000000000016,112.0,22.0,1.6976807709331705,293.08,296.0,134,90.0,-10.0,0.67,288.0,
07:42:26,294.0,21.0,296.0,7.0,293.0,56.0,300.89,9.0,2.0,77.0,16.0,1.0935355504033206,294.0,296.0,93,61.0,-41.0,0.66,288.0,
07:42:27,294.0,30.0,296.0,10.0,293.0,80.0,302.0,30.0,2.0,110.0,40.0,0.4274108094043696,294.0,296.0,150,70.0,57.0,0.47,288.0,
07:42:28,293.17,87.0,296.0,14.0,291.78,103.0,302.0,42.0,2.829999999999984,190.0,56.0,0.2828780655965484,293.17,296.0,246,134.0,96.0,0.54,294.0,3.0
07:42:29,293.0,56.0,296.0,7.0,291.28,29.0,301.14,21.0,3.0,85.0,28.0,0.2521507485525962,293.0,296.0,113,57.0,-133.0,0.5,294.0,
07:42:30,293.0,56.0,295.56,9.0,292.0,14.0,298.73,11.0,2.5600000000000023,70.0,20.0,0.3182451884878418,293.0,295.56,90,50.0,-23.0,0.56,294.0,
07:42:31,293.0,112.0,294.5,28.0,292.0,28.0,296.0,14.0,1.5,140.0,42.0,0.4582903010055509,293.0,294.5,182,98.0,92.0,0.54,294.0,
07:42:32,293.0,73.0,296.77,26.0,292.0,22.0,300.73,33.0,3.769999999999982,95.0,59.0,0.4223150482705615,293.0,296.77,154,36.0,-28.0,0.23,293.0,5.0
07:42:33,293.0,27.0,301.32,22.0,292.0,18.0,302.88,24.0,8.319999999999993,45.0,46.0,1.3204090275348774,293.0,301.32,91,-1.0,-63.0,-0.01,293.0,
07:42:34,293.0,33.0,302.42,31.0,292.0,22.0,303.67,27.0,9.420000000000016,55.0,58.0,1.7719565457412652,293.0,302.42,113,-3.0,22.0,-0.03,293.0,
07:42:35,293.0,36.0,300.83,60.0,292.0,24.0,302.9,39.0,7.829999999999984,60.0,99.0,1.6880254737399782,293.0,300.83,159,-39.0,46.0,-0.25,293.0,
07:42:36,294.6,45.0,300.0,75.0,293.0,45.0,302.28,71.0,5.399999999999977,90.0,146.0,1.1077364307427768,294.6,300.0,236,-56.0,77.0,-0.24,293.0,
07:42:37,294.76,34.0,298.28,57.0,292.88,34.0,299.0,39.0,3.519999999999982,68.0,96.0,0.4421764353677957,294.76,298.28,164,-28.0,-72.0,-0.17,294.5,4.0
07:42:38,292.7,40.0,294.29,91.0,291.4,70.0,298.76,92.0,1.5900000000000318,110.0,183.0,1.6791575268553327,292.7,294.29,293,-73.0,129.0,-0.25,293.0,2.0
07:42:39,292.0,28.0,293.0,56.0,291.0,98.0,305.71,68.0,1.0,126.0,124.0,2.191935218019778,292.0,293.0,250,2.0,-43.0,0.01,293.0,
07:42:40,291.05,74.0,301.57,42.0,290.19,74.0,305.35,68.0,10.519999999999982,148.0,110.0,2.0973626295887557,291.05,301.57,258,38.0,8.0,0.15,292.0,2.0
07:42:41,291.0,91.0,303.35,40.0,290.0,78.0,304.8,79.0,12.350000000000025,169.0,119.0,2.0681513484258023,291.0,303.35,288,50.0,30.0,0.17,292.0,
07:42:42,291.05,103.0,299.26,47.0,290.29,119.0,301.85,73.0,8.20999999999998,222.0,120.0,1.93608625840782,291.05,299.26,342,102.0,54.0,0.3,292.0,
07:42:43,292.0,69.0,294.13,39.0,291.0,126.0,294.98,46.0,2.1299999999999955,195.0,85.0,2.023400602944366,292.0,294.13,280,110.0,-62.0,0.39,292.0,2.0
07:42:44,291.73,45.0,294.38,29.0,290.6,85.0,300.72,60.0,2.6499999999999773,130.0,89.0,1.8712749664321369,291.73,294.38,219,41.0,-61.0,0.19,292.0,8.0
07:42:45,291.09,66.0,301.0,95.0,289.86,111.0,304.57,46.0,9.910000000000023,177.0,141.0,1.8271973073523364,291.09,301.0,318,36.0,99.0,0.11,292.0,
07:42:46,291.9,30.0,301.0,50.0,290.54,39.0,302.0,30.0,9.100000000000025,69.0,80.0,1.616486931588272,291.9,301.0,149,-11.0,-169.0,-0.07,291.29,7.0
07:42:47,290.0,50.0,301.0,50.0,289.0,50.0,302.0,20.0,11.0,100.0,70.0,1.6452446626552646,290.0,301.0,170,30.0,21.0,0.18,291.29,
07:42:48,290.0,40.0,301.0,40.0,289.0,40.0,302.0,16.0,11.0,80.0,56.0,1.3211623670069557,290.0,301.0,136,24.0,-34.0,0.18,291.29,
07:42:49,290.0,20.0,301.0,20.0,289.0,20.0,302.0,8.0,11.0,40.0,28.0,0.4344536799190475,290.0,301.0,68,12.0,-68.0,0.18,291.29,
07:42:50,290.0,30.0,301.0,30.0,289.0,30.0,302.0,12.0,11.0,60.0,42.0,0.4248529157193711,290.0,301.0,102,18.0,34.0,0.18,291.29,
07:42:51,290.0,55.0,301.0,55.0,289.0,55.0,302.0,22.0,11.0,110.0,77.0,0.0,290.0,301.0,187,33.0,85.0,0.18,291.29,
07:42:52,290.0,39.0,301.0,45.0,289.0,45.0,302.0,18.0,11.0,84.0,63.0,0.0,290.0,301.0,147,21.0,-40.0,0.14,290.0,3.0
07:42:53,290.0,14.0,301.0,35.0,289.0,35.0,302.0,14.0,11.0,49.0,49.0,0.0,290.0,301.0,98,0.0,-49.0,0.0,290.0,
07:42:54,290.0,13.0,301.0,35.0,289.0,35.0,302.0,14.0,11.0,48.0,49.0,0.0,290.0,301.0,97,-1.0,-1.0,-0.01,290.0,1.0
07:42:55,290.78,9.0,301.0,45.0,289.29,21.0,302.0,18.0,10.220000000000027,30.0,63.0,0.1744133022315077,290.78,301.0,93,-33.0,-4.0,-0.35,290.0,
07:42:56,292.0,13.0,301.0,65.0,289.52,21.0,302.0,26.0,9.0,34.0,91.0,0.4375157139980241,292.0,301.0,125,-57.0,32.0,-0.46,290.0,
07:42:57,293.74,54.0,300.96,68.0,289.82,33.0,301.84,31.0,7.21999999999997,87.0,99.0,0.7866193488562514,293.74,300.96,186,-12.0,61.0,-0.06,294.0,1.0
07:42:58,294.14,49.0,300.0,42.0,293.71,49.0,301.0,42.0,5.860000000000014,98.0,84.0,0.7765758172869464,294.14,300.0,182,14.0,-4.0,0.08,294.0,
07:42:59,295.0,9.0,299.11,27.0,294.0,54.0,301.0,18.0,4.110000000000014,63.0,45.0,0.5826062134879435,295.0,299.11,108,18.0,-74.0,0.17,294.0,
07:43:00,294.08,59.0,296.25,28.0,292.5,48.0,296.97,30.0,2.170000000000016,107.0,58.0,0.8725537232714103,294.08,296.25,165,49.0,57.0,0.3,295.0,1.0
07:43:01,293.64,33.0,295.0,11.0,289.52,31.0,299.0,24.0,1.3600000000000136,64.0,35.0,1.3614440862536228,293.64,295.0,99,29.0,-66.0,0.29,293.43,7.0
07:43:02,290.0,16.0,293.53,38.0,289.0,80.0,295.18,68.0,3.5299999999999727,96.0,106.0,2.207290193879208,290.0,293.53,202,-10.0,103.0,-0.05,293.43,
07:43:03,289.69,16.0,291.0,48.0,288.38,65.0,293.0,24.0,1.3100000000000025,81.0,72.0,2.687173235948104,289.69,291.0,153,9.0,-49.0,0.06,290.0,1.0
07:43:04,285.27,146.0,288.45,44.0,284.42,48.0,289.92,50.0,3.180000000000007,194.0,94.0,3.3235372722441934,285.27,288.45,288,100.0,135.0,0.35,287.22,9.0
07:43:05,285.0,90.0,289.59,34.0,284.0,34.0,295.92,24.0,4.589999999999975,124.0,58.0,3.123072205376753,285.0,289.59,182,66.0,-106.0,0.36,285.67,3.0
07:43:06,285.41,59.0,296.96,25.0,284.14,44.0,300.91,22.0,11.549999999999956,103.0,47.0,2.263201272533456,285.41,296.96,150,56.0,-32.0,0.37,291.0,1.0
07:43:07,285.0,55.0,297.9,20.0,283.0,22.0,299.38,13.0,12.899999999999975,77.0,33.0,2.1883395531765824,285.0,297.9,110,44.0,-40.0,0.4,291.0,
07:43:08,286.0,29.0,296.08,24.0,280.89,47.0,297.27,15.0,10.079999999999984,76.0,39.0,2.281979403937965,286.0,296.08,115,37.0,5.0,0.32,284.25,4.0
07:43:09,282.0,8.0,296.0,16.0,275.74,131.0,297.0,8.0,14.0,139.0,24.0,1.7972395499757237,282.0,296.0,163,115.0,48.0,0.71,284.25,
07:43:10,285.0,6.0,296.0,12.0,280.33,6.0,297.0,6.0,11.0,12.0,18.0,0.9768213756858426,285.0,296.0,30,-6.0,-133.0,-0.2,284.25,
07:43:11,285.0,11.0,296.0,22.0,280.0,11.0,297.0,11.0,11.0,22.0,33.0,0.9279116337221044,285.0,296.0,55,-11.0,25.0,-0.2,284.25,
07:43:12,285.0,13.0,294.55,20.0,279.08,13.0,295.54,26.0,9.550000000000011,26.0,46.0,0.791087858582708,285.0,294.55,72,-20.0,17.0,-0.28,284.25,
07:43:19,282.44,36.0,296.14,70.0,275.79,39.0,298.21,28.0,13.699999999999989,75.0,98.0,2.997460591900903,282.44,296.14,173,-23.0,8.0,-0.13,293.33,3.0
07:43:20,282.08,24.0,295.45,44.0,276.79,38.0,296.42,38.0,13.370000000000005,62.0,82.0,3.5401581885557936,282.08,295.45,144,-20.0,-29.0,-0.14,293.33,
07:43:21,281.0,28.0,294.12,26.0,277.0,56.0,295.21,48.0,13.120000000000005,84.0,74.0,3.612405016052101,281.0,294.12,158,10.0,14.0,0.06,293.33,
07:43:22,282.35,31.0,290.25,16.0,279.7,33.0,291.25,16.0,7.899999999999977,64.0,32.0,2.892702888303261,282.35,290.25,96,32.0,-62.0,0.33,293.33,
07:43:23,283.36,42.0,289.94,18.0,282.87,46.0,291.0,18.0,6.579999999999984,88.0,36.0,1.2994344923841272,283.36,289.94,124,52.0,28.0,0.42,293.33,
07:43:24,287.74,19.0,289.53,15.0,283.89,27.0,291.84,19.0,1.7899999999999636,46.0,34.0,1.1228668665508048,287.74,289.53,80,12.0,-44.0,0.15,289.0,1.0
07:43:25,289.17,30.0,292.44,25.0,286.41,34.0,294.44,50.0,3.269999999999982,64.0,75.0,1.813504893844364,289.17,292.44,139,-11.0,59.0,-0.08,291.0,1.0
07:43:26,289.0,21.0,293.35,46.0,286.0,63.0,295.1,84.0,4.350000000000023,84.0,130.0,2.2625361875552827,289.0,293.35,214,-46.0,75.0,-0.21,291.0,
07:43:27,291.26,39.0,295.0,64.0,290.85,39.0,296.0,52.0,3.740000000000009,78.0,116.0,2.492362333208539,291.26,295.0,194,-38.0,-20.0,-0.2,294.0,2.0
07:43:28,294.0,10.0,295.0,40.0,291.0,40.0,296.0,20.0,1.0,50.0,60.0,2.254211613845541,294.0,295.0,110,-10.0,-84.0,-0.09,294.0,
07:43:29,291.19,27.0,294.73,26.0,286.86,58.0,295.91,44.0,3.5400000000000205,85.0,70.0,1.5220611025828623,291.19,294.73,155,15.0,45.0,0.1,292.5,2.0
07:43:30,291.4,15.0,294.94,17.0,288.31,39.0,296.44,64.0,3.5400000000000205,54.0,81.0,1.1879941077276286,291.4,294.94,135,-27.0,-20.0,-0.2,291.67,3.0
07:43:31,292.0,7.0,296.0,7.0,291.0,7.0,297.0,28.0,4.0,14.0,35.0,0.6659354323020928,292.0,296.0,49,-21.0,-86.0,-0.43,291.67,
07:43:32,288.4,15.0,295.78,9.0,287.4,15.0,296.93,30.0,7.3799999999999955,30.0,39.0,0.9376726507664844,288.4,295.78,69,-9.0,20.0,-0.13,292.67,3.0
07:43:33,286.0,33.0,296.91,11.0,285.0,33.0,298.56,55.0,10.910000000000023,66.0,66.0,0.9883471050170604,286.0,296.91,132,0.0,63.0,0.0,292.67,
07:43:34,286.0,51.0,298.0,17.0,285.0,51.0,299.0,102.0,12.0,102.0,119.0,1.0259970760171062,286.0,298.0,221,-17.0,89.0,-0.08,292.67,
07:43:35,286.0,33.0,298.0,11.0,285.0,33.0,299.0,66.0,12.0,66.0,77.0,0.9793211934782672,286.0,298.0,143,-11.0,-78.0,-0.08,292.67,
07:43:36,286.0,24.0,298.0,8.0,285.0,24.0,299.0,48.0,12.0,48.0,56.0,0.258978763600017,286.0,298.0,104,-8.0,-39.0,-0.08,292.67,
07:43:37,286.0,24.0,298.0,8.0,285.0,24.0,299.0,48.0,12.0,48.0,56.0,0.2459674775164389,286.0,298.0,104,-8.0,0.0,-0.08,292.67,
07:43:38,285.97,37.0,297.65,17.0,284.74,70.0,298.97,68.0,11.67999999999995,107.0,85.0,0.0849705831202131,285.97,297.65,192,22.0,88.0,0.11,285.5,6.0
07:43:39,282.87,90.0,296.33,45.0,280.86,111.0,298.0,74.0,13.45999999999998,201.0,119.0,1.055281952842842,282.87,296.33,320,82.0,128.0,0.26,285.5,
07:43:40,285.07,90.0,295.77,31.0,283.79,117.0,297.14,70.0,10.699999999999989,207.0,101.0,1.0971235117322964,285.07,295.77,308,106.0,-12.0,0.34,285.5,
07:43:41,286.18,132.0,294.23,22.0,284.0,112.0,296.0,93.0,8.050000000000011,244.0,115.0,1.049323591651212,286.18,294.23,359,129.0,51.0,0.36,285.5,
07:43:42,288.11,95.0,293.7,20.0,286.22,45.0,296.26,69.0,5.589999999999975,140.0,89.0,0.828480536884112,288.11,293.7,229,51.0,-130.0,0.22,285.5,
07:43:43,290.94,77.0,294.83,29.0,288.57,42.0,296.87,95.0,3.8899999999999855,119.0,124.0,1.25307621475941,290.94,294.83,243,-5.0,14.0,-0.02,292.0,1.0
07:43:44,291.97,140.0,296.59,59.0,289.97,106.0,297.69,52.0,4.619999999999948,246.0,111.0,1.7727605591268465,291.97,296.59,357,135.0,114.0,0.38,292.0,
07:43:45,293.19,106.0,295.45,20.0,290.67,99.0,296.94,48.0,2.259999999999991,205.0,68.0,1.9022302699714693,293.19,295.45,273,137.0,-84.0,0.5,295.0,1.0
07:43:46,292.64,84.0,295.86,42.0,290.0,154.0,298.5,70.0,3.2200000000000277,238.0,112.0,1.486297413035383,292.64,295.86,350,126.0,77.0,0.36,295.0,
07:43:47,293.0,78.0,297.07,55.0,290.0,143.0,298.98,51.0,4.069999999999993,221.0,106.0,0.7843341124773497,293.0,297.07,327,115.0,-23.0,0.35,294.0,3.0
07:43:48,293.0,14.0,297.87,46.0,290.0,154.0,299.18,61.0,4.8700000000000045,168.0,107.0,0.5397499420987948,293.0,297.87,275,61.0,-52.0,0.22,293.0,5.0
07:43:49,293.67,24.0,297.0,12.0,290.13,92.0,300.0,58.0,3.329999999999984,116.0,70.0,0.5569829440796643,293.67,297.0,186,46.0,-89.0,0.25,293.0,
07:43:50,293.8,25.0,297.0,10.0,290.25,60.0,300.0,90.0,3.1999999999999886,85.0,100.0,0.4943177115941455,293.8,297.0,185,-15.0,-1.0,-0.08,294.0,4.0
07:43:51,293.0,8.0,297.0,8.0,290.0,88.0,300.0,72.0,4.0,96.0,80.0,0.2045727254442824,293.0,297.0,176,16.0,-9.0,0.09,294.0,
07:43:52,290.18,51.0,297.0,9.0,288.69,49.0,300.0,81.0,6.819999999999993,100.0,90.0,0.7793266324177771,290.18,297.0,190,10.0,14.0,0.05,290.75,4.0
07:43:53,290.0,80.0,297.0,10.0,286.0,10.0,300.0,90.0,7.0,90.0,100.0,0.9429369013860316,290.0,297.0,190,-10.0,0.0,-0.05,290.75,
07:43:54,290.0,28.0,297.0,5.0,286.0,5.0,300.0,45.0,7.0,33.0,50.0,0.9262936899252692,290.0,297.0,83,-17.0,-107.0,-0.2,290.0,3.0
07:43:55,290.0,43.0,297.0,11.0,286.0,11.0,300.0,99.0,7.0,54.0,110.0,0.6619063377814494,290.0,297.0,164,-56.0,81.0,-0.34,290.0,2.0
07:43:56,290.0,33.0,296.18,11.0,286.0,11.0,299.31,35.0,6.180000000000007,44.0,46.0,0.1973068675822497,290.0,296.18,90,-2.0,-74.0,-0.02,290.0,
07:43:57,290.14,29.0,293.73,11.0,287.6,15.0,297.0,11.0,3.590000000000032,44.0,22.0,0.6798749885052399,290.14,293.73,66,22.0,-24.0,0.33,290.0,
07:43:58,285.66,29.0,292.17,35.0,282.03,37.0,299.48,29.0,6.509999999999991,66.0,64.0,1.940883819293324,285.66,292.17,130,2.0,64.0,0.02,290.0,6.0
07:44:02,282.16,32.0,288.09,44.0,280.0,128.0,292.73,60.0,5.92999999999995,160.0,104.0,2.741368271501007,282.16,288.09,264,56.0,-16.0,0.21,282.33,6.0
07:44:03,285.0,12.0,292.67,60.0,280.0,96.0,294.17,48.0,7.670000000000016,108.0,108.0,2.709977859686743,285.0,292.67,216,0.0,-48.0,0.0,282.33,
07:44:04,280.82,131.0,292.0,95.0,276.67,84.0,295.0,76.0,11.180000000000009,215.0,171.0,2.814945825409875,280.82,292.0,386,44.0,170.0,0.11,287.0,1.0
07:44:05,281.48,23.0,292.0,40.0,280.44,54.0,295.0,32.0,10.519999999999982,77.0,72.0,2.650896074913676,281.48,292.0,149,5.0,-182.5,0.03,287.0,
07:44:06,284.28,25.0,289.92,78.0,281.04,137.0,294.0,90.0,5.640000000000043,162.0,168.0,1.3398693966178137,284.28,289.92,330,-6.0,181.0,-0.02,287.0,
07:44:07,288.62,37.0,293.31,80.0,287.94,107.0,295.64,66.0,4.689999999999998,144.0,146.0,1.899671024149536,288.62,293.31,290,-2.0,-40.0,-0.01,287.0,
07:44:08,290.96,104.0,294.86,69.0,288.58,45.0,296.18,61.0,3.900000000000034,149.0,130.0,2.93442157843649,290.96,294.86,279,19.0,-11.0,0.07,291.0,1.0
07:44:09,291.0,70.0,295.7,40.0,290.0,10.0,297.0,30.0,4.699999999999989,80.0,70.0,3.1400684705901285,291.0,295.7,150,10.0,-129.0,0.07,291.0,
07:44:10,291.09,33.0,296.0,60.0,285.34,98.0,297.0,45.0,4.910000000000025,131.0,105.0,2.703013133522407,291.09,296.0,236,26.0,86.0,0.11,291.0,
07:44:11,294.38,13.0,296.0,52.0,291.0,91.0,297.0,39.0,1.6200000000000043,104.0,91.0,1.5134331831947714,294.38,296.0,195,13.0,-41.0,0.07,291.0,
07:44:12,291.18,88.0,295.53,58.0,290.7,40.0,296.56,54.0,4.349999999999966,128.0,112.0,0.8804657858174861,291.18,295.53,240,16.0,45.0,0.07,295.0,1.0
07:44:13,291.0,60.0,293.44,27.0,290.0,9.0,296.33,24.0,2.4399999999999977,69.0,51.0,1.0645797292806087,291.0,293.44,120,18.0,-120.0,0.15,291.0,3.0
07:44:14,291.0,48.0,292.67,36.0,290.0,12.0,298.9,30.0,1.670000000000016,60.0,66.0,1.317288882514065,291.0,292.67,126,-6.0,6.0,-0.05,291.0,
07:44:15,290.48,21.0,297.5,42.0,289.04,80.0,300.26,35.0,7.019999999999982,101.0,77.0,1.3580758447138204,290.48,297.5,178,24.0,52.0,0.13,291.0,4.0
07:44:16,289.7,23.0,299.0,51.0,288.53,120.0,301.56,25.0,9.300000000000011,143.0,76.0,1.0951027349044324,289.7,299.0,219,67.0,41.0,0.31,290.0,1.0
07:44:17,289.0,70.0,299.82,51.0,282.0,80.0,301.31,16.0,10.819999999999991,150.0,67.0,1.236931687683358,289.0,299.82,217,83.0,-2.0,0.38,290.0,
07:44:18,289.0,31.0,300.0,54.0,282.0,72.0,303.0,9.0,11.0,103.0,63.0,1.1269782606578025,289.0,300.0,166,40.0,-51.0,0.24,289.0,4.0
07:44:19,289.0,24.0,300.0,48.0,282.0,64.0,303.0,8.0,11.0,88.0,56.0,0.211068709181119,289.0,300.0,144,32.0,-22.0,0.22,289.0,
07:44:20,285.34,47.0,300.0,84.0,281.82,102.0,303.0,14.0,14.660000000000023,149.0,98.0,0.7941221568469853,285.34,300.0,247,51.0,103.0,0.21,289.0,3.0
07:44:21,285.43,37.0,294.61,33.0,284.81,62.0,297.22,41.0,9.180000000000009,99.0,74.0,1.951627525937039,285.43,294.61,173,25.0,-74.0,0.14,289.0,
07:44:22,286.2,30.0,294.62,26.0,285.12,96.0,300.33,46.0,8.420000000000016,126.0,72.0,2.1514762373763063,286.2,294.62,198,54.0,25.0,0.27,287.0,1.0
07:44:23,286.12,32.0,299.66,50.0,285.0,112.0,300.16,70.0,13.54000000000002,144.0,120.0,1.8635637901598163,286.12,299.66,264,24.0,66.0,0.09,287.0,
07:44:24,294.05,118.0,298.0,15.0,285.86,65.0,299.0,45.0,3.9499999999999886,183.0,60.0,2.4038677168252947,294.05,298.0,243,123.0,-21.0,0.51,287.0,
07:44:25,295.0,117.0,298.0,9.0,293.0,18.0,299.0,27.0,3.0,135.0,36.0,3.03673344236781,295.0,298.0,171,99.0,-72.0,0.58,287.0,
07:44:26,295.84,162.0,297.74,23.0,294.95,173.0,299.41,37.0,1.900000000000034,335.0,60.0,2.7794927594788583,295.84,297.74,395,275.0,181.5,0.7,296.0,4.0
07:44:27,296.0,80.0,299.0,22.0,295.0,130.0,300.53,38.0,3.0,210.0,60.0,1.7874758739619063,296.0,299.0,270,150.0,-125.0,0.56,296.0,
07:44:28,296.0,72.0,299.0,36.0,294.23,26.0,301.0,45.0,3.0,98.0,81.0,0.6408041822554653,296.0,299.0,179,17.0,-91.0,0.09,296.0,
07:44:29,296.0,32.0,299.0,16.0,295.0,4.0,301.0,20.0,3.0,36.0,36.0,0.4793954526235626,296.0,299.0,72,0.0,-107.0,0.0,296.0,
07:44:30,296.0,50.0,299.0,28.0,295.0,7.0,301.0,35.0,3.0,57.0,63.0,0.3175216527989863,296.0,299.0,120,-6.0,48.0,-0.05,296.0,2.0
07:44:31,296.0,66.0,299.0,44.0,295.0,11.0,301.0,55.0,3.0,77.0,99.0,0.0,296.0,299.0,176,-22.0,56.0,-0.12,296.0,
07:44:32,296.0,22.0,299.0,36.0,295.0,9.0,301.0,45.0,3.0,31.0,81.0,0.0,296.0,299.0,112,-50.0,-64.0,-0.45,296.0,4.0
07:44:33,296.0,22.0,299.0,44.0,295.0,11.0,301.0,55.0,3.0,33.0,99.0,0.0,296.0,299.0,132,-66.0,20.0,-0.5,296.0,
07:44:34,293.0,18.0,298.66,35.0,292.0,45.0,300.82,44.0,5.660000000000025,63.0,79.0,0.7468467044823639,293.0,298.66,142,-16.0,10.0,-0.11,295.67,3.0
07:44:35,293.0,20.0,295.0,30.0,292.0,50.0,298.25,32.0,2.0,70.0,62.0,1.5566887935602227,293.0,295.0,132,8.0,-10.0,0.06,295.67,
07:44:36,293.0,16.0,295.0,24.0,292.0,40.0,298.0,24.0,2.0,56.0,48.0,1.7503656760790882,293.0,295.0,104,8.0,-28.0,0.08,295.67,
07:44:37,293.0,10.0,295.0,15.0,292.0,25.0,298.0,15.0,2.0,35.0,30.0,1.574572957978014,293.0,295.0,65,5.0,-39.0,0.08,295.67,
07:44:38,293.0,14.0,295.0,21.0,292.0,35.0,298.0,23.0,2.0,49.0,44.0,0.8184008797621511,293.0,295.0,93,5.0,28.0,0.05,295.67,
07:44:39,292.84,19.0,295.0,27.0,291.95,42.0,298.0,36.0,2.160000000000025,61.0,63.0,0.035777087574998,292.84,295.0,124,-2.0,31.0,-0.02,292.5,4.0
07:44:40,291.78,46.0,294.1,58.0,290.71,34.0,295.86,70.0,2.32000000000005,80.0,128.0,0.4663903944071805,291.78,294.1,208,-48.0,84.0,-0.23,292.0,3.0
07:44:41,289.17,24.0,292.22,36.0,285.9,29.0,294.5,56.0,3.050000000000012,53.0,92.0,1.4252719038818915,289.17,292.22,145,-39.0,-63.0,-0.27,290.5,4.0
07:44:42,287.45,33.0,291.15,52.0,285.0,27.0,293.53,49.0,3.6999999999999886,60.0,101.0,2.087558382415893,287.45,291.15,161,-41.0,16.0,-0.25,289.0,3.0
07:44:43,283.88,34.0,290.0,52.0,282.48,31.0,297.62,39.0,6.1200000000000045,65.0,91.0,2.8047673700316857,283.88,290.0,156,-26.0,-5.0,-0.17,286.0,2.0
07:45:13,285.32,66.0,287.17,46.0,281.44,55.0,288.45,44.0,1.8500000000000227,121.0,90.0,2.384575433907276,285.32,287.17,211,31.0,34.0,0.15,287.0,7.0
07:45:14,286.24,51.0,288.0,24.0,273.97,29.0,290.53,85.0,1.759999999999991,80.0,109.0,1.9032078183936871,286.24,288.0,189,-29.0,-22.0,-0.15,288.0,2.0
07:45:15,285.46,28.0,291.0,60.0,274.67,12.0,352.88,50.0,5.5400000000000205,40.0,110.0,1.3589039701154688,285.46,291.0,150,-70.0,-39.0,-0.47,287.0,3.0
07:45:21,286.28,25.0,290.0,45.0,267.73,15.0,403.0,18.0,3.7200000000000273,40.0,63.0,4.790159705061185,286.28,290.0,103,-23.0,-119.0,-0.22,287.0,
07:45:54,280.62,42.0,287.81,48.0,274.0,80.0,289.28,76.0,7.189999999999998,122.0,124.0,1.274550901295619,280.62,287.81,246,-2.0,55.0,-0.01,283.88,8.0
07:45:55,282.55,22.0,288.0,33.0,281.0,22.0,290.0,54.0,5.449999999999989,44.0,87.0,1.4691051698205768,282.55,288.0,131,-43.0,-115.0,-0.33,283.88,
07:45:56,283.23,30.0,288.0,51.0,278.52,31.0,290.0,102.0,4.769999999999982,61.0,153.0,1.7021956409278185,283.2300000000001,288.0,214,-92.0,83.0,-0.43,283.88,
07:45:57,286.65,26.0,288.0,42.0,278.06,35.0,290.0,102.0,1.3500000000000227,61.0,144.0,1.9494948063521995,286.65,288.0,205,-83.0,-9.0,-0.4,288.0,2.0
07:46:18,283.55,11.0,287.81,31.0,277.09,11.0,302.4,55.0,4.259999999999991,22.0,86.0,2.6203015093668047,283.55,287.81,108,-64.0,-30.0,-0.59,287.0,4.0
07:46:22,282.5,20.0,330.43,42.0,277.06,17.0,371.65,34.0,47.93000000000001,37.0,76.0,10.155386747927956,282.5,330.43,113,-39.0,49.0,-0.35,287.0,
07:46:23,282.0,40.0,318.72,36.0,281.0,8.0,328.53,32.0,36.72000000000003,48.0,68.0,11.229042701850922,282.0,318.72,116,-20.0,3.0,-0.17,288.0,3.0
07:46:25,281.95,38.0,294.44,43.0,280.38,13.0,353.8,50.0,12.490000000000007,51.0,93.0,10.744922987159626,281.95,294.44,144,-42.0,99.0,-0.29,285.0,2.0
07:46:26,282.0,30.0,326.79,39.0,281.0,12.0,370.89,35.0,44.79000000000002,42.0,74.0,10.351634170506207,282.0,326.79,116,-32.0,-28.0,-0.28,282.0,3.0
07:46:27,291.0,30.0,318.8,20.0,283.6,5.0,321.0,10.0,27.80000000000001,35.0,30.0,9.9927738891657,291.0,318.8,65,5.0,-51.0,0.08,282.0,
07:46:28,292.43,84.0,318.0,52.0,290.19,37.0,593.73,41.0,25.569999999999997,121.0,93.0,10.71145788396668,292.43,318.0,214,28.0,149.0,0.13,291.0,2.0
07:46:29,293.1,58.0,317.5,32.0,291.0,32.0,385.21,28.0,24.399999999999977,90.0,60.0,7.504668546977506,293.1,317.5,150,30.0,-64.0,0.2,293.0,2.0
07:46:30,294.71,42.0,316.71,28.0,291.25,16.0,511.0,21.0,22.0,58.0,49.0,0.4883953316676223,294.71,316.71,107,9.0,-43.0,0.08,293.0,
07:46:31,295.12,24.0,315.33,36.0,293.8,15.0,392.49,39.0,20.20999999999998,39.0,75.0,0.2900861940781868,295.12,315.33,114,-36.0,7.0,-0.32,295.0,3.0
07:46:32,296.0,10.0,313.8,40.0,295.0,30.0,344.06,34.0,17.80000000000001,40.0,74.0,0.2900861940781868,296.0,313.8,114,-34.0,0.0,-0.3,295.0,
07:46:33,296.0,24.0,312.56,36.0,295.0,27.0,328.84,31.0,16.560000000000002,51.0,67.0,0.5338820094316035,296.0,312.56,118,-16.0,4.0,-0.14,295.0,
07:46:34,295.78,41.0,311.91,44.0,294.33,36.0,340.67,45.0,16.130000000000052,77.0,89.0,0.7440900483104503,295.78,311.91,166,-12.0,48.0,-0.07,296.0,4.0
07:46:35,295.0,20.0,310.0,40.0,293.0,40.0,371.21,38.0,15.0,60.0,78.0,1.0682228231948796,295.0,310.0,138,-18.0,-28.0,-0.13,295.0,2.0
07:46:36,295.0,11.0,307.91,44.0,293.0,44.0,451.19,31.0,12.910000000000023,55.0,75.0,1.3991354473367337,295.0,307.91,130,-20.0,-8.0,-0.15,295.0,
07:46:37,295.0,7.0,306.0,28.0,293.0,34.0,391.0,7.0,11.0,41.0,35.0,1.586310184041519,295.0,306.0,76,6.0,-54.0,0.08,295.0,
07:46:38,292.74,19.0,306.0,52.0,291.97,70.0,391.0,13.0,13.259999999999993,89.0,65.0,1.7327636884449955,292.74,306.0,154,24.0,78.0,0.16,292.89,9.0
07:46:39,292.0,39.0,304.63,49.0,291.0,52.0,337.0,24.0,12.629999999999995,91.0,73.0,1.6512025920501492,292.0,304.63,164,18.0,10.0,0.11,292.89,
07:46:40,293.21,14.0,301.21,47.0,291.89,37.0,302.56,45.0,8.0,51.0,92.0,1.6860753245311189,293.21,301.21,143,-41.0,-21.0,-0.29,292.89,
07:46:41,294.0,13.0,300.15,65.0,292.0,39.0,302.0,52.0,6.149999999999977,52.0,117.0,1.4551391685994757,294.0,300.15,169,-65.0,26.0,-0.38,292.89,
07:46:42,294.0,11.0,298.32,44.0,292.0,33.0,299.63,51.0,4.319999999999993,44.0,95.0,1.23930222302389,294.0,298.32,139,-51.0,-30.0,-0.37,292.89,
07:46:43,291.72,54.0,294.66,50.0,288.22,166.0,295.65,80.0,2.9399999999999977,220.0,130.0,1.947195419055672,291.72,294.66,350,90.0,181.5,0.26,291.86,7.0
07:46:44,287.16,50.0,291.38,8.0,286.18,22.0,294.82,17.0,4.21999999999997,72.0,25.0,3.383470112176357,287.16,291.38,97,47.0,-182.5,0.48,291.0,1.0
07:46:45,287.0,96.0,289.92,12.0,284.0,12.0,291.83,12.0,2.920000000000016,108.0,24.0,3.9067723250773145,287.0,289.92,132,84.0,35.0,0.64,291.0,
07:46:46,287.0,85.0,295.38,39.0,284.0,12.0,327.6,15.0,8.379999999999995,97.0,54.0,3.11302585919062,287.0,295.38,151,43.0,19.0,0.28,287.0,2.0
07:46:47,287.0,112.0,295.8,20.0,284.0,8.0,324.9,20.0,8.800000000000011,120.0,40.0,1.8703395413638213,287.0,295.8,160,80.0,9.0,0.5,287.0,
07:46:48,287.89,36.0,294.8,10.0,286.95,114.0,296.0,40.0,6.910000000000025,150.0,50.0,1.3715939632372518,287.89,294.8,200,100.0,40.0,0.5,287.0,
