Time,Bid1_Price,Bid1_Volume,Ask1_Price,Ask1_Volume,Bid2_Price,Bid2_Volume,Ask2_Price,Ask2_Volume,Bid_Ask_Spread,Market_Depth_Bid,Market_Depth_Ask,Historical_Volatility,Weighted_Avg_Bid_Price,Weighted_Avg_Ask_Price,Total_volume,Cumulative_Volume_Difference,Total_Volume_Change_Corrected,Order_imbalance,Weighted_Avg_Price,Trade_Volume
07:30:20,160.0,45.0,162.82,33.0,159.0,75.0,163.56,27.0,2.819999999999993,120.0,60.0,1.3649468853923743,160.0,162.82,180,60.0,18.0,0.33,160.0,3.0
07:30:23,159.0,20.0,166.0,65.0,157.75,24.0,169.0,30.0,7.0,44.0,95.0,1.238317406783218,159.0,166.0,139,-51.0,-31.0,-0.37,159.0,3.0
07:30:24,159.0,14.0,164.33,75.0,157.0,14.0,166.18,68.0,5.3300000000000125,28.0,143.0,1.383846089687078,159.0,164.33,171,-115.0,32.0,-0.67,162.0,5.0
07:30:25,159.0,11.0,166.64,55.0,157.0,11.0,170.0,33.0,7.639999999999986,22.0,88.0,1.1501434692864625,159.0,166.64,110,-66.0,-61.0,-0.6,162.0,
07:30:42,160.0,74.0,162.47,45.0,159.0,15.0,165.33,45.0,2.469999999999999,89.0,90.0,1.19221222940449,160.0,162.47,179,-1.0,-11.0,-0.01,160.0,1.0
07:30:43,160.0,36.0,161.56,27.0,159.0,9.0,164.0,27.0,1.5600000000000025,45.0,54.0,1.1841325939021443,160.0,161.56,99,-9.0,-80.0,-0.09,160.0,
07:30:44,160.0,30.0,162.11,27.0,159.0,9.0,165.35,31.0,2.1100000000000136,39.0,58.0,0.9063387887215536,160.0,162.11,97,-19.0,-2.0,-0.2,160.0,3.0
07:30:54,158.37,41.0,165.0,22.0,157.36,44.0,166.0,33.0,6.629999999999996,85.0,55.0,0.741565910719876,158.37,165.0,140,30.0,33.0,0.21,159.4,5.0
07:30:55,158.0,17.0,165.0,14.0,156.0,28.0,166.0,21.0,7.0,45.0,35.0,0.8842624044601163,158.0,165.0,80,10.0,-60.0,0.12,158.0,5.0
07:30:56,158.0,6.0,165.0,12.0,156.0,24.0,166.0,18.0,7.0,30.0,30.0,0.79213635186209,158.0,165.0,60,0.0,-20.0,0.0,158.0,
07:30:58,155.62,37.0,162.78,27.0,151.3,54.0,165.6,30.0,7.159999999999997,91.0,57.0,1.68455335324859,155.62,162.78,148,34.0,-12.0,0.23,159.33,9.0
07:30:59,154.0,40.0,163.55,22.0,151.0,80.0,166.5,32.0,9.550000000000011,120.0,54.0,2.0900669845583124,154.0,163.55,174,66.0,26.0,0.38,159.33,
07:31:00,154.0,42.0,163.0,45.0,151.0,160.0,171.51,69.0,9.0,202.0,114.0,2.323226205073514,154.0,163.0,316,88.0,142.0,0.28,159.33,
07:31:01,154.0,70.0,160.0,30.0,151.0,100.0,161.0,50.0,6.0,170.0,80.0,2.6345549908741126,154.0,160.0,250,90.0,-66.0,0.36,159.33,
07:31:02,154.02,83.0,157.48,75.0,150.7,181.0,157.98,53.0,3.4599999999999795,264.0,128.0,1.4338514567201803,154.02,157.48,392,136.0,142.0,0.35,154.0,2.0
07:31:03,153.98,50.0,156.2,50.0,149.29,28.0,160.74,76.0,2.219999999999999,78.0,126.0,1.6271969763793372,153.98,156.2,204,-48.0,-164.0,-0.24,156.0,4.0
07:31:04,154.06,53.0,155.36,42.0,153.0,25.0,161.0,113.0,1.3000000000000114,78.0,155.0,1.5479179564620007,154.06,155.36,233,-77.0,29.0,-0.33,156.0,1.0
07:31:05,154.06,34.0,157.4,30.0,151.0,56.0,161.36,44.0,3.3400000000000034,90.0,74.0,0.8711945821325503,154.06,157.4,164,16.0,-69.0,0.1,154.0,3.0
07:31:06,155.93,28.0,161.0,64.0,151.0,98.0,210.81,62.0,5.069999999999993,126.0,126.0,1.4718763534812709,155.93,161.0,252,0.0,88.0,0.0,154.0,
07:31:07,159.2,30.0,161.0,7.0,152.38,29.0,163.0,47.0,1.8000000000000114,59.0,54.0,2.349525483994141,159.2,161.0,113,5.0,-139.0,0.04,154.0,
07:31:08,160.0,48.0,161.0,8.0,156.0,16.0,163.0,67.0,1.0,64.0,75.0,2.5883682118158244,160.0,161.0,139,-11.0,26.0,-0.08,154.0,
07:31:09,160.0,54.0,161.0,9.0,156.0,18.0,163.0,52.0,1.0,72.0,61.0,2.041915767101933,160.0,161.0,133,11.0,-6.0,0.08,154.0,
07:31:10,160.0,30.0,161.0,5.0,156.0,10.0,163.0,30.0,1.0,40.0,35.0,0.8847146432269237,160.0,161.0,75,5.0,-58.0,0.07,154.0,
07:31:11,160.0,54.0,161.0,9.0,156.0,18.0,163.0,54.0,1.0,72.0,63.0,0.178885438033517,160.0,161.0,135,9.0,60.0,0.07,154.0,
07:31:15,160.0,60.0,161.74,38.0,159.0,160.0,163.47,43.0,1.740000000000009,220.0,81.0,0.6332613993771482,160.0,161.74,301,139.0,73.0,0.46,154.0,
07:31:16,159.37,76.0,161.32,31.0,158.82,102.0,163.14,29.0,1.9499999999999889,178.0,60.0,0.6845947706060015,159.37,161.32,238,118.0,-63.0,0.5,160.0,6.0
07:31:17,159.0,62.0,160.29,14.0,156.0,8.0,164.14,14.0,1.289999999999992,70.0,28.0,0.9838038422067747,159.0,160.29,98,42.0,-140.0,0.43,159.0,2.0
07:31:18,159.0,144.0,160.0,46.0,156.0,24.0,165.0,60.0,1.0,168.0,106.0,0.9369471703038794,159.0,160.0,274,62.0,164.0,0.23,159.5,2.0
07:31:19,159.0,55.0,164.35,23.0,156.0,10.0,327.4,25.0,5.349999999999994,65.0,48.0,0.8977360413509247,159.0,164.35,113,17.0,-161.0,0.15,160.0,3.0
07:31:21,159.4,91.0,165.0,37.0,157.65,40.0,400.0,55.0,5.599999999999994,131.0,92.0,1.502670955312899,159.4,165.0,223,39.0,77.0,0.17,159.0,5.0
07:31:22,159.0,48.0,165.0,40.0,156.0,16.0,298.22,36.0,6.0,64.0,76.0,1.2572589231901758,159.0,165.0,140,-12.0,-83.0,-0.09,159.0,
07:31:23,159.0,48.0,163.38,40.0,156.0,16.0,165.39,31.0,4.379999999999996,64.0,71.0,0.5933548684738069,159.0,163.38,135,-7.0,-5.0,-0.05,159.0,
07:31:24,159.0,42.0,163.0,35.0,156.0,14.0,164.0,21.0,4.0,56.0,56.0,0.7359891303147503,159.0,163.0,112,0.0,-23.0,0.0,159.0,
07:31:25,160.0,10.0,162.75,40.0,159.0,48.0,164.0,24.0,2.75,58.0,64.0,0.5210374266223585,160.0,162.75,122,-6.0,10.0,-0.05,160.0,1.0
07:31:26,160.0,8.0,161.12,40.0,159.0,48.0,164.0,24.0,1.1200000000000043,56.0,64.0,0.5288478041374461,160.0,161.12,120,-8.0,-2.0,-0.07,160.0,
07:31:27,159.07,45.0,162.61,38.0,157.69,32.0,164.96,25.0,3.5400000000000205,77.0,63.0,0.3160379723084154,159.07,162.61,140,14.0,20.0,0.1,162.4,5.0
07:31:28,159.75,32.0,164.62,24.0,158.58,38.0,167.0,16.0,4.8700000000000045,70.0,40.0,0.6307772982130669,159.75,164.62,110,30.0,-30.0,0.27,162.4,
07:31:37,159.86,7.0,167.0,49.0,158.22,41.0,282.0,20.0,7.139999999999986,48.0,69.0,1.0170889832962864,159.86,167.0,117,-21.0,-61.0,-0.18,159.67,3.0
07:31:39,158.04,75.0,159.97,30.0,157.14,42.0,165.05,55.0,1.9300000000000068,117.0,85.0,2.1705460142421185,158.04,159.97,202,32.0,-102.0,0.16,159.5,8.0
07:31:40,158.0,68.0,162.0,27.0,154.56,78.0,165.0,36.0,4.0,146.0,63.0,2.342014090466092,158.0,162.0,209,83.0,7.0,0.4,158.0,1.0
07:31:41,158.0,70.0,161.13,46.0,156.0,60.0,162.83,29.0,3.1299999999999955,130.0,75.0,2.116135628909692,158.0,161.13,205,55.0,-4.0,0.27,158.0,
07:31:42,158.0,119.0,160.79,71.0,157.0,86.0,161.55,44.0,2.789999999999992,205.0,115.0,1.7107512969278844,158.0,160.79,320,90.0,115.0,0.28,161.0,1.0
07:31:43,158.0,59.0,159.38,32.0,157.0,51.0,160.55,29.0,1.3799999999999957,110.0,61.0,0.5070995956809695,158.0,159.38,171,49.0,-149.0,0.29,158.0,4.0
07:31:44,158.55,42.0,160.39,31.0,157.18,49.0,163.12,34.0,1.839999999999975,91.0,65.0,0.4730539080695491,158.55,160.39,156,26.0,-15.0,0.17,159.0,3.0
07:31:52,160.0,252.0,162.5,48.0,158.0,42.0,165.29,42.0,2.5,294.0,90.0,0.9901515035296125,160.0,162.5,384,204.0,101.0,0.53,159.0,
07:31:53,160.0,196.0,162.0,44.0,158.0,33.0,163.0,33.0,2.0,229.0,77.0,0.9050248615046876,160.0,162.0,306,152.0,-78.0,0.5,160.0,2.0
07:31:54,160.0,137.0,162.0,36.0,156.0,99.0,163.0,27.0,2.0,236.0,63.0,0.4114972660191029,160.0,162.0,299,173.0,-7.0,0.58,160.0,1.0
07:31:55,160.0,146.0,161.9,40.0,156.0,110.0,163.9,30.0,1.9000000000000057,256.0,70.0,0.1422322043034236,160.0,161.9,326,186.0,27.0,0.57,160.0,1.0
07:31:56,160.0,154.0,163.35,37.0,156.0,101.0,165.93,27.0,3.3499999999999943,255.0,64.0,0.3051720825060725,160.0,163.35,319,191.0,-7.0,0.6,161.0,4.0
07:31:57,160.0,84.0,163.0,18.0,157.25,24.0,164.67,12.0,3.0,108.0,30.0,0.3389395225422016,160.0,163.0,138,78.0,-164.0,0.57,161.0,
07:32:00,160.0,104.0,163.0,24.0,159.0,8.0,166.0,16.0,3.0,112.0,40.0,0.07842193533315,160.0,163.0,152,72.0,-95.0,0.47,161.0,
07:32:01,160.0,61.0,163.0,21.0,159.0,7.0,166.0,14.0,3.0,68.0,35.0,0.0054772202226419,160.0,163.0,103,33.0,-49.0,0.32,160.0,5.0
07:32:02,160.0,40.0,163.0,15.0,159.0,5.0,166.0,10.0,3.0,45.0,25.0,0.0054772202226419,160.0,163.0,70,20.0,-33.0,0.29,160.0,
07:32:03,160.0,48.0,163.0,18.0,158.06,16.0,166.0,12.0,3.0,64.0,30.0,0.0044721293994849,160.0,163.0,94,34.0,24.0,0.36,160.0,
07:32:04,160.0,100.0,163.0,21.0,158.94,51.0,166.0,14.0,3.0,151.0,35.0,0.0,160.0,163.0,186,116.0,92.0,0.62,160.0,
07:32:05,160.0,135.0,163.0,30.0,159.0,80.0,166.0,20.0,3.0,215.0,50.0,0.0,160.0,163.0,265,165.0,79.0,0.62,160.0,
07:32:16,160.0,36.0,162.0,29.0,159.0,112.0,165.61,72.0,2.0,148.0,101.0,0.6178753919210258,160.0,162.0,249,47.0,122.0,0.19,160.67,3.0
07:32:17,160.0,9.0,165.5,16.0,159.0,72.0,166.03,66.0,5.5,81.0,82.0,0.7428122238774408,160.0,165.5,163,-1.0,-86.0,-0.01,160.67,
07:32:18,159.31,64.0,164.81,42.0,158.57,70.0,165.74,76.0,5.5,134.0,118.0,0.693289261377842,159.31,164.81,252,16.0,89.0,0.06,159.0,4.0
07:32:19,160.0,24.0,163.38,16.0,159.0,32.0,165.0,40.0,3.3799999999999955,56.0,56.0,0.6352715954154498,160.0,163.38,112,0.0,-140.0,0.0,159.0,
07:32:20,160.0,54.0,162.94,36.0,159.0,72.0,165.0,80.0,2.9399999999999977,126.0,116.0,0.6578221643739371,160.0,162.94,242,10.0,130.0,0.04,159.0,
07:32:21,160.0,33.0,161.0,22.0,159.0,44.0,165.0,62.0,1.0,77.0,84.0,0.825366585185956,160.0,161.0,161,-7.0,-81.0,-0.04,159.0,
07:32:22,159.44,36.0,163.22,36.0,158.56,57.0,166.04,67.0,3.780000000000001,93.0,103.0,0.5785758376749753,159.44,163.22,196,-10.0,35.0,-0.05,160.0,3.0
07:32:23,158.44,54.0,164.9,49.0,157.0,60.0,166.9,81.0,6.460000000000008,114.0,130.0,0.4882827049376568,158.44,164.9,244,-16.0,48.0,-0.07,160.0,
07:32:24,159.0,13.0,163.85,65.0,158.0,65.0,165.0,107.0,4.849999999999994,78.0,172.0,0.452404686029214,159.0,163.85,250,-94.0,6.0,-0.38,160.0,
07:32:25,159.0,12.0,162.33,60.0,158.0,60.0,165.1,88.0,3.3300000000000125,72.0,148.0,0.5058359417252455,159.0,162.33,220,-76.0,-30.0,-0.35,160.0,
07:32:26,159.0,12.0,161.67,52.0,158.0,60.0,166.0,108.0,2.6699999999999875,72.0,160.0,0.5571624538149026,159.0,161.67000000000002,232,-88.0,12.0,-0.38,161.0,4.0
07:32:27,159.0,12.0,161.0,12.0,157.9,58.0,166.0,90.0,2.0,70.0,102.0,0.7084842975965293,159.0,161.0,172,-32.0,-60.0,-0.19,161.0,
07:32:28,156.3,37.0,164.75,59.0,154.46,57.0,166.12,80.0,8.449999999999989,94.0,139.0,0.52697248499394,156.3,164.75,233,-45.0,61.0,-0.19,155.83,6.0
07:32:29,156.73,44.0,164.74,35.0,153.07,30.0,165.42,60.0,8.01000000000002,74.0,95.0,0.2966142274750155,156.73,164.74,169,-21.0,-64.0,-0.12,163.0,1.0
07:32:30,159.37,124.0,165.0,153.0,158.09,86.0,166.0,57.0,5.629999999999996,210.0,210.0,0.8451153767035635,159.37,165.0,420,0.0,164.0,0.0,163.0,
07:32:44,160.0,16.0,167.0,40.0,157.04,46.0,168.0,56.0,7.0,62.0,96.0,0.664680374272687,160.0,167.0,158,-34.0,19.0,-0.22,163.0,
07:32:45,160.0,10.0,167.0,25.0,156.04,45.0,168.0,35.0,7.0,55.0,60.0,0.7627057099190525,160.0,167.0,115,-5.0,-43.0,-0.04,163.0,
07:32:52,159.98,85.0,165.48,31.0,156.43,46.0,166.86,85.0,5.5,131.0,116.0,0.7205067660626052,159.98,165.48,247,15.0,158.0,0.06,161.0,1.0
07:32:53,160.0,104.0,166.0,24.0,158.0,8.0,167.0,72.0,6.0,112.0,96.0,0.5942474231680954,160.0,166.0,208,16.0,-39.0,0.08,161.0,
07:32:54,160.0,65.0,166.0,15.0,158.0,5.0,167.0,45.0,6.0,70.0,60.0,0.6049545436988883,160.0,166.0,130,10.0,-78.0,0.08,161.0,
07:32:56,160.0,80.0,166.0,24.0,158.0,8.0,167.0,62.0,6.0,88.0,86.0,0.1413152502110476,160.0,166.0,174,2.0,-21.0,0.01,161.0,
07:32:57,160.0,130.0,165.53,34.0,158.0,13.0,166.76,74.0,5.530000000000001,143.0,108.0,0.1287633485981735,160.0,165.53,251,35.0,77.0,0.14,161.0,
07:32:58,160.0,190.0,162.79,38.0,158.0,19.0,166.78,64.0,2.789999999999992,209.0,102.0,0.7169867501858084,160.0,162.79,311,107.0,60.0,0.34,161.0,2.0
07:33:04,160.0,40.0,163.0,20.0,159.0,8.0,165.0,14.0,3.0,48.0,34.0,1.130539694102931,160.0,163.0,82,14.0,-164.0,0.17,161.0,
07:33:19,160.0,26.0,164.46,13.0,159.0,39.0,166.55,31.0,4.460000000000008,65.0,44.0,0.3005827672063436,160.0,164.46,109,21.0,46.0,0.19,161.0,
07:33:20,160.0,30.0,164.02,57.0,159.0,45.0,165.44,18.0,4.02000000000001,75.0,75.0,0.1556598854596862,160.0,164.02,150,0.0,41.0,0.0,161.0,
07:33:21,160.0,30.0,163.33,36.0,159.0,45.0,164.06,51.0,3.3300000000000125,75.0,87.0,0.2167948337513319,160.0,163.33,162,-12.0,12.0,-0.07,161.0,
07:33:22,159.54,26.0,163.79,56.0,157.83,36.0,164.69,64.0,4.25,62.0,120.0,0.2447856203726189,159.54,163.79,182,-58.0,20.0,-0.32,161.0,
07:33:23,158.95,58.0,161.77,31.0,157.55,20.0,163.35,46.0,2.8200000000000216,78.0,77.0,0.7263126048341334,158.95,161.77,155,1.0,-27.0,0.01,161.0,1.0
07:33:24,159.0,60.0,161.0,12.0,158.0,12.0,163.0,36.0,2.0,72.0,48.0,0.8966883516253302,159.0,161.0,120,24.0,-35.0,0.2,161.0,
07:33:25,159.08,51.0,162.45,29.0,158.65,31.0,164.19,59.0,3.369999999999976,82.0,88.0,0.7568355170975632,159.08,162.45,170,-6.0,50.0,-0.04,159.33,3.0
07:33:26,159.0,39.0,161.31,39.0,158.0,13.0,164.59,59.0,2.3100000000000023,52.0,98.0,0.6648909684602983,159.0,161.31,150,-46.0,-20.0,-0.31,159.33,
07:33:27,158.21,14.0,163.67,46.0,156.04,45.0,165.57,42.0,5.45999999999998,59.0,88.0,0.3988984832509961,158.21,163.67,147,-29.0,-3.0,-0.2,159.0,3.0
07:33:28,158.83,12.0,163.4,42.0,156.06,70.0,164.92,52.0,4.569999999999993,82.0,94.0,0.493436925999749,158.83,163.4,176,-12.0,29.0,-0.07,163.0,4.0
07:33:37,158.0,15.0,162.89,35.0,156.0,60.0,164.43,23.0,4.889999999999986,75.0,58.0,0.9791731205162136,158.0,162.89,133,17.0,85.0,0.13,163.0,
07:33:38,158.0,7.0,160.14,21.0,156.0,28.0,163.11,19.0,2.1399999999999864,35.0,40.0,1.5188054516430791,158.0,160.14,75,-5.0,-58.0,-0.07,163.0,
07:33:39,155.79,28.0,162.03,35.0,154.73,45.0,165.33,36.0,6.240000000000009,73.0,71.0,1.7383123999845735,155.79,162.03,144,2.0,69.0,0.01,158.0,1.0
07:33:40,155.0,24.0,163.83,36.0,153.0,36.0,164.71,21.0,8.830000000000013,60.0,57.0,1.447290572048181,155.0,163.83,117,3.0,-27.0,0.03,155.0,1.0
07:33:41,155.98,196.0,161.18,33.0,154.67,36.0,163.12,34.0,5.200000000000017,232.0,67.0,0.7134633837407626,155.98,161.18,299,165.0,164.0,0.55,156.0,2.0
07:33:42,156.94,216.0,159.83,36.0,155.9,146.0,162.54,56.0,2.890000000000015,362.0,92.0,0.4057462260310433,156.94,159.83,454,270.0,155.0,0.59,156.0,
07:33:43,158.08,128.0,160.31,32.0,156.0,192.0,162.44,32.0,2.2299999999999898,320.0,64.0,0.4251470333172473,158.08,160.31,384,256.0,-70.0,0.67,158.0,7.0
07:33:44,160.0,55.0,161.04,52.0,156.0,132.0,162.63,27.0,1.039999999999992,187.0,79.0,0.840963732832013,160.0,161.04,266,108.0,-118.0,0.41,158.0,
07:33:45,156.55,109.0,160.53,43.0,155.14,63.0,162.71,28.0,3.9799999999999898,172.0,71.0,0.8803294837381069,156.55,160.53,243,101.0,-23.0,0.42,159.57,7.0
07:33:46,156.0,120.0,159.75,60.0,152.08,74.0,161.29,14.0,3.75,194.0,74.0,1.0178801500857018,156.0,159.75,268,120.0,25.0,0.45,159.57,
07:33:47,155.86,43.0,159.0,35.0,152.19,31.0,162.0,7.0,3.1399999999999864,74.0,42.0,1.2116435119036937,155.86,159.0,116,32.0,-152.0,0.28,159.57,
07:33:48,154.27,11.0,159.0,55.0,152.14,43.0,162.0,33.0,4.72999999999999,54.0,88.0,1.4685775430456147,154.27,159.0,142,-34.0,26.0,-0.24,159.57,
07:33:49,155.91,11.0,158.84,31.0,153.36,11.0,161.51,37.0,2.930000000000007,22.0,68.0,0.7002642357977047,155.91,158.84,90,-46.0,-52.0,-0.51,159.0,4.0
07:33:50,154.45,31.0,158.0,16.0,151.91,32.0,161.66,80.0,3.550000000000012,63.0,96.0,0.662985670989177,154.45,158.0,159,-33.0,69.0,-0.21,156.0,1.0
07:33:51,154.86,84.0,159.43,21.0,153.67,36.0,161.92,71.0,4.569999999999993,120.0,92.0,0.5139747074874879,154.86,159.43,212,28.0,53.0,0.13,158.0,1.0
07:33:52,160.0,42.0,161.0,28.0,158.29,84.0,162.0,79.0,1.0,126.0,107.0,1.6933782802248694,160.0,161.0,233,19.0,21.0,0.08,158.0,
07:33:53,160.0,33.0,161.0,22.0,159.0,66.0,162.0,66.0,1.0,99.0,88.0,2.0102164062453447,160.0,161.0,187,11.0,-46.0,0.06,158.0,
07:33:54,160.0,18.0,161.0,12.0,159.0,36.0,162.0,36.0,1.0,54.0,48.0,2.114185422317183,160.0,161.0,102,6.0,-85.0,0.06,158.0,
07:33:55,160.0,27.0,161.0,18.0,159.0,54.0,162.0,54.0,1.0,81.0,72.0,1.5026376808596305,160.0,161.0,153,9.0,51.0,0.06,158.0,
07:33:56,159.11,27.0,161.0,10.0,153.4,30.0,162.0,29.0,1.8899999999999864,57.0,39.0,0.1967739818667183,159.11,161.0,96,18.0,-57.0,0.19,160.0,3.0
07:33:57,159.0,24.0,161.0,8.0,155.0,12.0,162.0,24.0,2.0,36.0,32.0,0.2583021485384919,159.0,161.0,68,4.0,-28.0,0.06,160.0,
07:33:58,159.0,42.0,161.11,18.0,158.0,14.0,164.77,31.0,2.1100000000000136,56.0,49.0,0.2531402771973058,159.0,161.11,105,7.0,37.0,0.07,160.5,4.0
07:34:03,159.31,35.0,340.03,37.0,158.32,28.0,341.31,13.0,180.72,63.0,50.0,48.84744466192643,159.31,340.03,113,13.0,17.0,0.12,160.33,3.0
07:34:04,159.0,36.0,339.92,48.0,158.0,24.0,341.0,12.0,180.92,60.0,60.0,48.58738128362113,159.0,339.92,120,0.0,7.0,0.0,160.33,
07:34:05,159.71,28.0,223.79,38.0,158.16,19.0,301.47,19.0,64.07999999999998,47.0,57.0,41.69920706680141,159.71,223.79,104,-10.0,-16.0,-0.1,160.33,
07:34:16,159.33,36.0,216.29,14.0,158.12,17.0,219.0,42.0,56.95999999999998,53.0,56.0,16.188473368417345,159.33,216.29,109,-3.0,29.0,-0.03,161.8,5.0
07:34:17,159.0,30.0,206.48,25.0,157.71,28.0,217.33,18.0,47.47999999999999,58.0,43.0,13.067374258050474,159.0,206.48,101,15.0,-8.0,0.15,161.8,
07:34:18,159.35,23.0,161.25,40.0,158.55,44.0,195.47,43.0,1.9000000000000057,67.0,83.0,14.717170244308496,159.35,161.25,150,-16.0,49.0,-0.11,160.0,1.0
07:34:19,159.25,32.0,161.81,64.0,158.43,56.0,162.77,62.0,2.5600000000000023,88.0,126.0,14.916052762039753,159.25,161.81,214,-38.0,64.0,-0.18,160.0,1.0
07:34:20,159.0,54.0,161.88,68.0,158.0,72.0,162.5,80.0,2.8799999999999955,126.0,148.0,13.729582295173776,159.0,161.88,274,-22.0,60.0,-0.08,160.0,
07:34:21,159.0,14.0,160.82,11.0,158.0,40.0,161.98,46.0,1.8199999999999927,54.0,57.0,10.04050446939519,159.0,160.82,111,-3.0,-163.0,-0.03,159.5,4.0
07:34:22,159.0,13.0,161.4,15.0,158.0,52.0,162.78,51.0,2.4000000000000057,65.0,66.0,0.2406865179876775,159.0,161.4,131,-1.0,20.0,-0.01,160.0,1.0
07:34:25,158.15,41.0,161.39,44.0,156.21,14.0,162.25,44.0,3.2399999999999807,55.0,88.0,0.7841747253904723,158.15,161.39,143,-33.0,33.0,-0.23,160.43,7.0
07:34:26,158.0,27.0,159.56,45.0,156.0,9.0,162.0,27.0,1.5600000000000025,36.0,72.0,1.101226588827682,158.0,159.56,108,-36.0,-35.0,-0.33,160.43,
07:34:27,157.78,27.0,159.45,47.0,154.39,41.0,162.55,33.0,1.6699999999999875,68.0,80.0,1.3378602318406816,157.78,159.45,148,-12.0,40.0,-0.08,158.4,5.0
07:34:28,156.0,12.0,161.15,26.0,154.0,132.0,164.14,35.0,5.150000000000006,144.0,61.0,1.2466234395118707,156.0,161.15000000000003,205,83.0,57.0,0.4,161.2,5.0
07:34:29,152.88,25.0,163.0,5.0,149.28,25.0,165.0,20.0,10.120000000000005,50.0,25.0,0.6604771002387971,152.88,163.0,75,25.0,-130.0,0.33,154.4,5.0
07:34:30,151.0,15.0,163.0,3.0,126.44,9.0,165.0,12.0,12.0,24.0,15.0,0.7339754763882749,151.0,163.0,39,9.0,-36.0,0.23,154.4,
07:34:31,151.12,43.0,163.0,11.0,131.83,30.0,165.0,44.0,11.879999999999995,73.0,55.0,0.7849331181311681,151.12,163.0,128,18.0,89.0,0.14,154.4,
07:34:32,154.92,13.0,162.09,33.0,153.1,29.0,164.09,22.0,7.170000000000016,42.0,55.0,0.7612621098800956,154.92,162.09,97,-13.0,-31.0,-0.13,154.4,
07:34:33,155.0,10.0,161.0,38.0,154.0,10.0,163.0,10.0,6.0,20.0,48.0,0.6525488486994624,155.0,161.0,68,-28.0,-29.0,-0.41,154.4,
07:34:34,155.47,17.0,159.42,55.0,154.0,17.0,161.54,39.0,3.9499999999999886,34.0,94.0,0.6452286415984002,155.47,159.42,128,-60.0,60.0,-0.47,154.4,
07:34:35,152.61,23.0,160.11,37.0,117.79,14.0,196.35,34.0,7.5,37.0,71.0,0.8311919152270447,152.61,160.11,108,-34.0,-20.0,-0.31,154.57,7.0
07:34:36,152.0,34.0,158.75,12.0,144.13,31.0,160.0,38.0,6.75,65.0,50.0,1.2661437516879852,152.0,158.75,115,15.0,7.0,0.13,154.57,
07:34:37,153.85,52.0,159.06,51.0,151.69,26.0,178.33,18.0,5.210000000000008,78.0,69.0,1.0191565139556302,153.85,159.06,147,9.0,32.0,0.06,156.73,11.0
07:34:39,156.62,16.0,420.0,28.0,152.57,14.0,638.14,14.0,263.38,30.0,42.0,103.01423518135734,156.62,420.0,72,-12.0,19.0,-0.17,161.0,4.0
07:34:40,154.0,14.0,279.86,14.0,152.0,14.0,447.78,23.0,125.86,28.0,37.0,95.8833954863928,154.0,279.86,65,-9.0,-7.0,-0.14,161.0,
07:34:41,155.47,40.0,161.0,18.0,154.32,19.0,413.71,21.0,5.530000000000001,59.0,39.0,95.26238098011204,155.47,161.0,98,20.0,33.0,0.2,156.0,2.0
07:34:42,158.44,36.0,161.0,24.0,157.73,44.0,378.58,48.0,2.5600000000000023,80.0,72.0,94.55306578847674,158.44,161.0,152,8.0,54.0,0.05,156.0,
07:34:43,158.78,36.0,235.15,26.0,157.23,31.0,368.41,34.0,76.37,67.0,60.0,53.33730430008606,158.78,235.15000000000003,127,7.0,-25.0,0.06,159.67,6.0
07:34:44,158.0,21.0,247.67,30.0,153.43,14.0,248.56,18.0,89.66999999999999,35.0,48.0,26.538234116081757,158.0,247.67,83,-13.0,-44.0,-0.16,159.67,
07:34:45,156.3,20.0,245.89,28.0,139.0,9.0,246.89,36.0,89.58999999999997,29.0,64.0,22.73783125102222,156.3,245.89,93,-35.0,10.0,-0.38,158.0,3.0
07:34:49,158.17,24.0,199.17,24.0,153.98,86.0,202.0,12.0,41.0,110.0,36.0,11.166976761862136,158.17,199.17,146,74.0,-32.0,0.51,159.0,4.0
07:34:50,154.0,140.0,174.18,22.0,153.0,20.0,180.0,36.0,20.180000000000007,160.0,58.0,14.628961002065852,154.0,174.18,218,102.0,72.0,0.47,159.0,
07:34:51,154.0,182.0,159.41,34.0,153.0,26.0,161.0,92.0,5.409999999999997,208.0,126.0,13.370449506279025,154.0,159.41,334,82.0,116.0,0.25,159.0,
07:34:52,154.0,182.0,156.86,44.0,153.0,26.0,159.19,42.0,2.8600000000000136,208.0,86.0,12.609072923889068,154.0,156.86,294,122.0,-40.0,0.41,159.0,
07:34:53,154.01,142.0,157.07,27.0,153.58,48.0,173.43,28.0,3.0600000000000023,190.0,55.0,9.938547177527946,154.01,157.06999999999996,245,135.0,-49.0,0.55,156.36,14.0
07:35:08,157.54,28.0,161.0,50.0,154.75,72.0,163.0,30.0,3.460000000000008,100.0,80.0,1.4012779881052748,157.54,161.0,180,20.0,15.0,0.11,159.0,7.0
07:35:09,156.0,24.0,165.93,29.0,154.0,96.0,201.53,19.0,9.930000000000009,120.0,48.0,1.335877988421163,156.0,165.93,168,72.0,-12.0,0.43,162.12,8.0
07:35:10,156.0,24.0,182.12,16.0,154.0,96.0,262.36,22.0,26.120000000000005,120.0,38.0,3.7642861208931793,156.0,182.12,158,82.0,-10.0,0.52,162.12,
07:35:11,156.34,29.0,246.0,27.0,154.05,111.0,314.21,29.0,89.66,140.0,56.0,17.61107691198791,156.33999999999995,246.0,196,84.0,38.0,0.43,160.0,2.0
07:35:17,159.74,38.0,165.0,12.0,159.6,20.0,344.9,39.0,5.259999999999991,58.0,51.0,0.6932676250551856,159.74,165.0,109,7.0,43.0,0.06,162.33,9.0
07:35:18,156.0,20.0,160.0,5.0,153.0,5.0,165.0,5.0,4.0,25.0,10.0,2.401316305685061,156.0,160.0,35,15.0,-74.0,0.43,162.33,
07:35:19,156.21,29.0,162.22,9.0,154.67,12.0,212.38,13.0,6.009999999999991,41.0,22.0,2.579602682575062,156.21,162.22,63,19.0,28.0,0.3,160.0,1.0
07:35:20,158.0,13.0,165.0,13.0,156.04,50.0,389.15,26.0,7.0,63.0,39.0,2.300945457838633,158.0,165.0,102,24.0,39.0,0.24,160.0,
07:35:21,156.33,12.0,165.0,7.0,154.85,13.0,381.0,14.0,8.669999999999987,25.0,21.0,1.7555198660077536,156.33,165.0,46,4.0,-56.0,0.09,156.67,3.0
07:35:22,156.0,34.0,162.99,69.0,153.0,17.0,190.04,27.0,6.990000000000009,51.0,96.0,1.3534880863707457,156.0,162.99,147,-45.0,101.0,-0.31,156.67,
07:35:23,156.0,24.0,162.0,76.0,153.0,12.0,163.0,12.0,6.0,36.0,88.0,1.070014018575295,156.0,162.0,124,-52.0,-23.0,-0.42,156.67,
07:35:24,157.5,24.0,161.17,60.0,155.87,23.0,163.0,30.0,3.669999999999988,47.0,90.0,1.0497475886839014,157.5,161.17,137,-43.0,13.0,-0.31,156.67,
07:35:25,156.47,30.0,159.53,19.0,154.84,19.0,162.13,23.0,3.0600000000000023,49.0,42.0,0.960973464746694,156.47,159.53,91,7.0,-46.0,0.08,158.0,2.0
07:35:26,157.83,23.0,161.55,11.0,115.18,72.0,188.67,18.0,3.719999999999999,95.0,29.0,0.6657852506230261,157.83,161.55,124,66.0,33.0,0.53,155.25,4.0
07:35:37,159.0,13.0,161.23,39.0,156.0,26.0,165.46,52.0,2.2299999999999898,39.0,91.0,18.667014490806288,159.0,161.23,130,-52.0,51.0,-0.4,155.25,
07:35:38,158.45,11.0,160.27,22.0,154.38,39.0,162.45,33.0,1.8200000000000216,50.0,55.0,1.5207004964714506,158.45,160.27,105,-5.0,-25.0,-0.05,159.67,3.0
07:35:39,156.0,18.0,159.05,20.0,153.0,189.0,161.67,12.0,3.050000000000012,207.0,32.0,1.8838126233699828,156.0,159.05,239,175.0,134.0,0.73,159.67,
07:35:40,156.0,22.0,165.2,40.0,153.0,231.0,394.3,47.0,9.199999999999989,253.0,87.0,1.484139481304899,156.0,165.2,340,166.0,101.0,0.49,158.67,3.0
07:35:41,159.82,11.0,166.0,36.0,154.43,80.0,470.0,45.0,6.180000000000007,91.0,81.0,1.955691693485477,159.82,166.0,172,10.0,-164.0,0.06,158.67,
07:35:43,156.0,88.0,165.0,16.0,153.0,72.0,167.0,32.0,9.0,160.0,48.0,2.484779668294259,156.0,165.0,208,112.0,-2.0,0.54,157.5,4.0
07:35:44,156.0,88.0,163.14,28.0,153.0,72.0,165.69,26.0,7.139999999999986,160.0,54.0,1.83551900016554,156.0,163.14,214,106.0,6.0,0.5,157.5,
07:35:45,156.0,156.0,159.77,52.0,153.13,135.0,161.24,45.0,3.77000000000001,291.0,97.0,2.4654107162841017,156.0,159.77,388,194.0,164.0,0.5,158.0,4.0
07:35:46,156.04,96.0,157.65,17.0,154.23,117.0,160.23,39.0,1.6100000000000136,213.0,56.0,2.7438986861704637,156.04,157.65,269,157.0,-119.0,0.58,157.0,2.0
07:35:47,156.0,111.0,157.04,27.0,153.0,117.0,160.4,25.0,1.039999999999992,228.0,52.0,1.7264182575399791,156.0,157.04,280,176.0,11.0,0.63,156.33,3.0
07:35:48,156.0,49.0,161.86,36.0,153.0,72.0,162.85,33.0,5.860000000000014,121.0,69.0,1.310217539177081,156.0,161.86,190,52.0,-90.0,0.27,156.0,1.0
07:35:49,156.0,69.0,161.3,50.0,153.0,90.0,162.26,47.0,5.300000000000011,159.0,97.0,1.067628212425645,156.0,161.3,256,62.0,66.0,0.24,156.0,
07:35:50,156.0,38.0,161.0,30.0,155.0,6.0,162.32,37.0,5.0,44.0,67.0,1.1192274120871195,156.0,161.0,111,-23.0,-145.0,-0.21,156.0,
07:35:51,157.1,58.0,161.0,40.0,154.58,57.0,163.0,96.0,3.9000000000000057,115.0,136.0,1.035108689929426,157.1,161.0,251,-21.0,140.0,-0.08,156.0,
07:35:52,158.63,107.0,161.0,70.0,156.0,84.0,163.0,168.0,2.3700000000000045,191.0,238.0,0.5087435502959119,158.63,161.0,429,-47.0,164.0,-0.11,159.0,1.0
07:35:53,159.0,112.0,160.5,80.0,156.0,96.0,162.41,136.0,1.5,208.0,216.0,0.6078815673860858,159.0,160.5,424,-8.0,-5.0,-0.02,159.0,
07:35:54,156.84,89.0,161.59,113.0,153.37,127.0,172.86,209.0,4.75,216.0,322.0,0.5398425696143438,156.84,161.59,538,-106.0,114.0,-0.2,159.0,7.0
07:35:55,155.1,60.0,161.99,172.0,152.86,126.0,163.35,75.0,6.890000000000015,186.0,247.0,0.5257661076636899,155.1,161.99,433,-61.0,-105.0,-0.14,162.0,1.0
07:35:56,156.0,47.0,161.95,80.0,152.33,90.0,162.38,86.0,5.949999999999989,137.0,166.0,0.5354157262985673,156.0,161.95,303,-29.0,-130.0,-0.1,161.0,1.0
07:35:57,156.0,63.0,161.62,65.0,151.0,90.0,162.71,51.0,5.6200000000000045,153.0,116.0,0.4589880172376432,156.0,161.62,269,37.0,-34.0,0.14,161.0,
07:35:58,156.0,95.0,161.0,40.0,151.0,170.0,163.55,102.0,5.0,265.0,142.0,0.3011145960720794,156.0,161.0,407,123.0,138.0,0.3,158.5,6.0
07:35:59,156.0,24.0,161.0,12.0,151.0,60.0,163.0,24.0,5.0,84.0,36.0,0.2145460322811815,156.0,161.0,120,48.0,-164.0,0.4,158.5,
07:36:00,156.0,38.0,161.0,22.0,151.0,65.0,163.0,44.0,5.0,103.0,66.0,0.2209751116474323,156.0,161.0,169,37.0,49.0,0.22,156.0,1.0
07:36:11,160.0,20.0,164.0,50.0,156.0,30.0,236.44,16.0,4.0,50.0,66.0,0.6185305166029839,160.0,164.0,116,-16.0,-30.0,-0.14,156.0,
07:36:12,158.43,23.0,163.43,35.0,155.58,36.0,213.82,33.0,5.0,59.0,68.0,0.858382199238208,158.43,163.43,127,-9.0,11.0,-0.07,160.0,2.0
07:36:13,159.17,18.0,164.0,25.0,156.76,17.0,293.0,25.0,4.8300000000000125,35.0,50.0,0.7573110325150024,159.17,164.0,85,-15.0,-42.0,-0.18,160.0,4.0
07:36:14,159.0,21.0,164.0,69.0,156.0,27.0,293.0,45.0,5.0,48.0,114.0,0.4604562953949682,159.0,164.0,162,-66.0,77.0,-0.41,159.0,1.0
07:36:15,156.0,8.0,164.0,32.0,155.0,20.0,293.0,20.0,8.0,28.0,52.0,0.7725412610137625,156.0,164.0,80,-24.0,-82.0,-0.3,158.0,3.0
07:36:16,155.04,47.0,163.95,66.0,154.12,41.0,287.32,44.0,8.909999999999997,88.0,110.0,0.9215855901480828,155.04,163.95,198,-22.0,118.0,-0.11,156.0,2.0
07:36:17,155.0,30.0,161.5,6.0,154.0,24.0,163.84,38.0,6.5,54.0,44.0,1.4072242180862438,155.0,161.5,98,10.0,-100.0,0.1,156.0,
07:36:18,155.0,60.0,161.31,36.0,154.0,48.0,324.0,38.0,6.310000000000002,108.0,74.0,1.3813942232281935,155.0,161.31,182,34.0,84.0,0.19,161.71,7.0
07:36:19,155.0,25.0,159.0,10.0,154.0,20.0,160.0,15.0,4.0,45.0,25.0,1.1888019178853766,155.0,159.0,70,20.0,-112.0,0.29,161.71,
07:36:20,155.0,40.0,158.03,33.0,154.0,32.0,160.55,29.0,3.030000000000001,72.0,62.0,1.1681309857921445,155.0,158.03,134,10.0,64.0,0.07,161.71,
07:36:21,155.07,75.0,157.53,51.0,154.08,61.0,158.75,36.0,2.460000000000008,136.0,87.0,0.9093569156098862,155.07,157.53,223,49.0,89.0,0.22,161.71,
07:36:22,156.02,46.0,157.44,27.0,155.08,60.0,159.16,44.0,1.4199999999999875,106.0,71.0,0.7241892017749522,156.02,157.44,177,35.0,-46.0,0.2,156.6,5.0
07:36:23,156.62,48.0,158.44,48.0,152.63,71.0,160.13,62.0,1.8199999999999927,119.0,110.0,0.4756364157288641,156.62,158.44,229,9.0,52.0,0.04,158.0,3.0
07:36:24,152.0,14.0,159.83,18.0,151.0,35.0,162.25,32.0,7.8300000000000125,49.0,50.0,0.6001249869546722,152.0,159.83,99,-1.0,-130.0,-0.01,152.0,1.0
07:36:25,151.12,34.0,159.0,20.0,150.77,26.0,162.0,50.0,7.8799999999999955,60.0,70.0,0.9191681021267284,151.12,159.0,130,-10.0,31.0,-0.08,152.0,
07:36:26,151.0,40.0,159.0,16.0,150.0,8.0,162.0,40.0,8.0,48.0,56.0,1.089986238430175,151.0,159.0,104,-8.0,-26.0,-0.08,152.0,
07:36:27,151.81,16.0,159.0,24.0,150.5,20.0,162.0,60.0,7.189999999999998,36.0,84.0,1.042319528727671,151.81,159.0,120,-48.0,16.0,-0.4,152.0,
07:36:28,153.22,9.0,159.0,18.0,150.0,9.0,162.0,45.0,5.780000000000001,18.0,63.0,0.5000499974672238,153.22,159.0,81,-45.0,-39.0,-0.56,152.0,
07:36:29,154.83,12.0,158.2,15.0,150.0,12.0,160.36,33.0,3.369999999999976,24.0,48.0,0.6693653710545752,154.83,158.2,72,-24.0,-9.0,-0.33,152.0,
07:36:30,151.74,23.0,159.57,35.0,149.21,29.0,161.39,56.0,7.829999999999984,52.0,91.0,0.593338014935062,151.74,159.57,143,-39.0,71.0,-0.27,156.0,1.0
07:36:31,149.94,51.0,160.94,48.0,149.27,44.0,161.78,23.0,11.0,95.0,71.0,0.4774620403415505,149.94,160.94,166,24.0,23.0,0.14,156.0,
07:36:32,152.5,56.0,160.94,51.0,151.07,81.0,161.84,31.0,8.439999999999998,137.0,82.0,0.5453439281473925,152.5,160.94,219,55.0,53.0,0.25,160.5,6.0
07:36:33,153.0,36.0,160.82,34.0,151.0,90.0,161.7,20.0,7.819999999999993,126.0,54.0,0.6583312236004731,153.0,160.82,180,72.0,-39.0,0.4,153.0,1.0
07:36:34,153.25,36.0,160.5,24.0,151.0,108.0,262.0,26.0,7.25,144.0,50.0,0.7126850636622912,153.25,160.5,194,94.0,14.0,0.48,160.5,4.0
07:36:35,154.92,36.0,161.0,24.0,152.5,60.0,405.2,20.0,6.0800000000000125,96.0,44.0,0.8970061315105494,154.92,161.0,140,52.0,-54.0,0.37,160.5,
07:36:36,156.13,46.0,160.78,18.0,155.22,46.0,162.86,14.0,4.650000000000006,92.0,32.0,0.7726124513413871,156.13,160.78,124,60.0,-16.0,0.48,161.0,1.0
07:36:37,158.0,42.0,160.0,56.0,156.0,70.0,161.0,14.0,2.0,112.0,70.0,0.9378965827680122,158.0,160.0,182,42.0,58.0,0.23,161.0,
07:36:38,158.07,28.0,160.0,33.0,156.34,29.0,161.0,9.0,1.9300000000000068,57.0,42.0,0.8925133052050613,158.07,160.0,99,15.0,-83.0,0.15,160.0,1.0
07:36:39,158.09,22.0,160.0,7.0,157.11,9.0,161.0,5.0,1.9099999999999968,31.0,12.0,0.4843036237405468,158.09,160.0,43,19.0,-56.0,0.44,160.0,2.0
07:36:40,155.23,39.0,160.0,11.0,149.85,41.0,161.0,11.0,4.77000000000001,80.0,22.0,0.6192495457957202,155.23,160.0,102,58.0,59.0,0.57,157.5,4.0
07:36:41,152.0,33.0,159.69,13.0,151.0,33.0,160.82,11.0,7.689999999999998,66.0,24.0,1.404304098109826,152.0,159.69,90,42.0,-12.0,0.47,157.5,
07:36:42,152.0,45.0,156.97,37.0,151.0,45.0,157.44,32.0,4.969999999999999,90.0,69.0,2.0093904548314523,152.0,156.97,159,21.0,69.0,0.13,157.5,
07:36:43,152.32,53.0,155.89,28.0,149.36,50.0,159.97,30.0,3.569999999999993,103.0,58.0,2.094678973009328,152.32,155.89,161,45.0,2.0,0.28,153.0,10.0
07:36:44,150.38,24.0,159.0,8.0,148.0,48.0,160.0,8.0,8.620000000000005,72.0,16.0,1.4244016287434944,150.38,159.0,88,56.0,-73.0,0.64,153.0,
07:36:45,150.1,20.0,159.0,8.0,148.29,42.0,160.0,8.0,8.900000000000006,62.0,16.0,0.6576625274157711,150.1,159.0,78,46.0,-10.0,0.59,153.0,
07:36:46,151.0,7.0,159.0,7.0,150.0,42.0,160.0,7.0,8.0,49.0,14.0,0.3231408361176947,151.0,159.0,63,35.0,-15.0,0.56,153.0,
07:36:47,151.0,13.0,159.21,19.0,150.0,78.0,160.27,15.0,8.210000000000008,91.0,34.0,0.3963836524970417,151.0,159.21,125,57.0,62.0,0.46,153.0,
07:36:48,152.21,29.0,158.48,42.0,150.24,67.0,159.62,32.0,6.269999999999982,96.0,74.0,0.3190141062194545,152.21,158.48,170,22.0,45.0,0.13,158.0,2.0
07:36:49,152.44,9.0,157.89,18.0,151.0,27.0,159.0,18.0,5.449999999999989,36.0,36.0,0.2972036338388774,152.44,157.89,72,0.0,-98.0,0.0,158.0,
07:36:50,151.2,30.0,153.56,41.0,148.92,36.0,154.79,38.0,2.3600000000000136,66.0,79.0,1.247096628159533,151.2,153.56,145,-13.0,73.0,-0.09,154.0,1.0
07:36:51,151.9,29.0,153.0,29.0,148.23,39.0,154.0,52.0,1.0999999999999943,68.0,81.0,1.5315841472040348,151.9,153.0,149,-13.0,4.0,-0.09,152.0,2.0
07:36:52,149.75,16.0,153.21,19.0,147.4,30.0,154.88,34.0,3.460000000000008,46.0,53.0,1.7691325557929325,149.75,153.21,99,-7.0,-50.0,-0.07,152.5,2.0
07:36:53,148.36,33.0,152.33,18.0,146.36,33.0,155.92,39.0,3.969999999999999,66.0,57.0,1.7831797441553654,148.36,152.33,123,9.0,24.0,0.07,154.0,2.0
07:36:54,150.0,30.0,154.0,20.0,146.8,30.0,158.39,23.0,4.0,60.0,43.0,0.8632322978003775,150.0,154.0,103,17.0,-20.0,0.17,154.0,
07:36:55,150.0,18.0,155.82,11.0,145.5,18.0,158.33,9.0,5.819999999999993,36.0,20.0,0.9864431052857344,150.0,155.82,56,16.0,-47.0,0.29,155.33,3.0
07:36:56,150.0,9.0,316.0,3.0,145.0,9.0,330.33,3.0,166.0,18.0,6.0,36.37694146021588,150.0,316.0,24,12.0,-32.0,0.5,159.0,3.0
07:36:57,147.0,21.0,395.0,7.0,108.4,30.0,416.0,7.0,248.0,51.0,14.0,56.53459356889359,147.0,395.0,65,37.0,41.0,0.57,159.0,
07:36:58,156.8,30.0,206.67,12.0,148.7,40.0,267.25,12.0,49.869999999999976,70.0,24.0,52.363486992368905,156.8,206.67,94,46.0,29.0,0.49,159.0,
07:37:00,155.48,62.0,166.85,26.0,150.06,32.0,168.0,13.0,11.370000000000005,94.0,39.0,48.07631256658511,155.48,166.84999999999997,133,55.0,66.0,0.41,159.0,
07:37:01,156.68,73.0,165.16,31.0,153.94,54.0,167.41,17.0,8.47999999999999,127.0,48.0,47.32377996314308,156.68,165.16,175,79.0,42.0,0.45,156.4,5.0
07:37:02,157.52,62.0,159.27,22.0,155.82,22.0,160.63,19.0,1.75,84.0,41.0,9.429441658972756,157.52,159.27,125,43.0,-50.0,0.34,158.0,2.0
07:37:03,154.07,15.0,158.78,9.0,150.09,93.0,160.27,15.0,4.710000000000008,108.0,24.0,2.885711350770929,154.07,158.78,132,84.0,7.0,0.64,158.0,4.0
07:37:04,158.57,42.0,159.55,22.0,154.87,46.0,182.22,27.0,0.9800000000000182,88.0,49.0,1.9521193610964684,158.57,159.55,137,39.0,5.0,0.28,158.67,3.0
07:37:07,159.11,56.0,335.85,13.0,158.0,24.0,471.83,12.0,176.74,80.0,25.0,74.13291947576322,159.11,335.85,105,55.0,35.0,0.52,159.43,7.0
07:37:08,159.0,30.0,160.0,12.0,155.0,6.0,369.62,8.0,1.0,36.0,20.0,73.5157876241559,159.0,160.0,56,16.0,-49.0,0.29,159.43,
07:37:09,156.92,48.0,160.0,26.0,152.1,31.0,596.18,22.0,3.0800000000000125,79.0,48.0,73.63528929799891,156.92,160.0,127,31.0,71.0,0.24,159.0,5.0
07:37:10,156.29,17.0,160.0,16.0,153.92,26.0,451.44,9.0,3.710000000000008,43.0,25.0,77.78063724346818,156.29,160.0,68,18.0,-59.0,0.26,159.0,
07:37:11,155.62,13.0,160.0,14.0,149.65,43.0,549.44,18.0,4.379999999999996,56.0,32.0,39.80703015800068,155.62,160.0,88,24.0,20.0,0.27,156.5,2.0
07:37:12,155.0,18.0,160.0,12.0,149.0,78.0,185.0,6.0,5.0,96.0,18.0,0.7692398845409686,155.0,160.0,114,78.0,26.0,0.68,156.5,
07:37:13,150.21,90.0,169.42,12.0,148.39,114.0,405.0,16.0,19.20999999999998,204.0,28.0,0.8941084945176542,150.21,169.42,232,176.0,118.0,0.76,157.0,5.0
07:37:14,153.55,121.0,156.0,11.0,149.73,143.0,192.83,12.0,2.4499999999999886,264.0,23.0,1.8199780218366115,153.55,156.0,287,241.0,55.0,0.84,157.0,
07:37:15,155.86,77.0,310.77,13.0,150.43,91.0,442.75,12.0,154.90999999999997,168.0,25.0,33.963006345139334,155.86,310.77,193,143.0,-94.0,0.74,156.0,1.0
07:37:16,157.0,110.0,396.0,16.0,150.0,130.0,450.62,26.0,239.0,240.0,42.0,55.595527428022336,157.0,396.0,282,198.0,89.0,0.7,156.0,
07:37:17,157.0,101.0,303.24,17.0,151.4,100.0,432.94,17.0,146.24,201.0,34.0,52.28704782257256,157.0,303.24,235,167.0,-47.0,0.71,157.0,3.0
07:37:18,157.33,72.0,354.5,16.0,154.0,98.0,414.86,14.0,197.17,170.0,30.0,46.11003936237744,157.33,354.5,200,140.0,-35.0,0.7,157.0,
07:37:19,159.0,88.0,235.0,22.0,154.78,23.0,400.33,21.0,76.0,111.0,43.0,29.86152373875119,159.0,235.0,154,68.0,-46.0,0.44,157.0,
07:37:20,159.08,75.0,323.94,17.0,156.03,63.0,393.96,27.0,164.86,138.0,44.0,29.72528553269088,159.08,323.94,182,94.0,28.0,0.52,157.0,
07:37:25,156.12,52.0,177.12,16.0,152.57,60.0,214.31,13.0,21.0,112.0,29.0,40.72427875358873,156.12,177.12,141,83.0,54.0,0.59,159.5,8.0
07:37:26,155.0,25.0,172.0,10.0,154.0,25.0,220.4,5.0,17.0,50.0,15.0,39.55619395240133,155.0,172.0,65,35.0,-76.0,0.54,159.5,
07:37:37,159.6,43.0,219.3,79.0,154.89,95.0,237.14,43.0,59.70000000000002,138.0,122.0,58.85374525040871,159.6,219.3,260,16.0,129.0,0.06,161.0,2.0
07:37:39,157.07,14.0,160.29,62.0,155.1,61.0,162.1,29.0,3.219999999999999,75.0,91.0,19.830296770345807,157.07,160.29,166,-16.0,28.0,-0.1,158.5,2.0
07:37:40,155.52,31.0,157.48,31.0,154.5,50.0,160.0,29.0,1.9599999999999795,81.0,60.0,20.5057228597283,155.52,157.48,141,21.0,-25.0,0.15,156.8,5.0
07:37:41,157.26,38.0,161.13,31.0,154.81,70.0,163.88,17.0,3.870000000000005,108.0,48.0,14.418759308622231,157.26,161.13,156,60.0,15.0,0.38,160.29,7.0
07:37:42,154.71,51.0,158.26,47.0,152.58,55.0,158.27,45.0,3.549999999999983,106.0,92.0,8.562539342974022,154.71,158.26,198,14.0,42.0,0.07,156.25,4.0
07:37:43,153.09,33.0,155.05,40.0,151.42,43.0,156.2,25.0,1.960000000000008,76.0,65.0,2.047359274767453,153.09,155.05,141,11.0,-57.0,0.08,154.0,3.0
07:37:44,152.0,34.0,154.17,60.0,151.0,60.0,156.0,28.0,2.1699999999999875,94.0,88.0,2.3917524955512945,152.0,154.17,182,6.0,41.0,0.03,152.0,2.0
07:37:45,152.0,11.0,155.39,18.0,151.0,55.0,157.65,48.0,3.3899999999999864,66.0,66.0,2.53158645911524,152.0,155.39,132,0.0,-50.0,0.0,154.0,7.0
07:37:46,152.0,9.0,157.0,36.0,151.0,45.0,163.0,18.0,5.0,54.0,54.0,1.292799288356597,152.0,157.0,108,0.0,-24.0,0.0,154.0,
07:37:47,152.85,13.0,156.78,36.0,150.09,47.0,159.33,30.0,3.930000000000007,60.0,66.0,0.6798896969179824,152.85,156.78,126,-6.0,18.0,-0.05,154.0,
07:37:48,151.0,7.0,155.14,14.0,148.0,35.0,157.0,28.0,4.139999999999986,42.0,42.0,0.8014050161904104,151.0,155.14,84,0.0,-42.0,0.0,154.0,
07:37:49,151.0,9.0,155.86,14.0,148.0,45.0,167.15,34.0,4.860000000000014,54.0,48.0,0.7317786550420732,151.0,155.86,102,6.0,18.0,0.06,156.8,5.0
07:37:50,152.09,44.0,158.0,17.0,148.55,49.0,161.0,17.0,5.909999999999997,93.0,34.0,0.8732811689114163,152.09,158.0,127,59.0,25.0,0.46,156.8,
07:37:51,154.1,40.0,158.0,10.0,150.12,34.0,161.0,10.0,3.9000000000000057,74.0,20.0,1.2236502768256197,154.1,158.0,94,54.0,-33.0,0.57,156.8,
07:37:52,155.0,24.0,158.0,6.0,149.91,22.0,161.0,6.0,3.0,46.0,12.0,1.5315678241512989,155.0,158.0,58,34.0,-36.0,0.59,156.8,
07:37:53,155.42,43.0,168.92,26.0,148.0,25.0,274.59,17.0,13.5,68.0,43.0,3.3083530645891126,155.42,168.92000000000002,111,25.0,53.0,0.23,157.0,6.0
07:37:56,148.77,26.0,402.92,26.0,147.12,34.0,559.14,42.0,254.15,60.0,68.0,98.28871069456564,148.77,402.92,128,-8.0,-8.0,-0.06,157.0,
07:37:57,148.0,5.0,236.0,10.0,147.0,25.0,452.0,15.0,88.0,30.0,25.0,89.76846968730182,148.0,236.0,55,5.0,-73.0,0.09,157.0,
07:37:58,148.0,11.0,170.69,32.0,147.0,55.0,277.86,21.0,22.69,66.0,53.0,90.60810355591836,148.0,170.69,119,13.0,64.0,0.11,152.0,2.0
07:37:59,148.0,3.0,152.0,6.0,147.0,15.0,154.0,3.0,4.0,18.0,9.0,87.20806631269845,148.0,152.0,27,9.0,-92.0,0.33,152.0,
07:38:00,148.27,15.0,152.48,21.0,136.78,37.0,256.0,20.0,4.20999999999998,52.0,41.0,53.34811215029068,148.27,152.48,93,11.0,66.0,0.12,150.5,4.0
07:38:01,148.0,15.0,150.0,57.0,113.67,15.0,154.0,15.0,2.0,30.0,72.0,18.2898310544406,148.0,150.0,102,-42.0,9.0,-0.41,150.0,5.0
07:38:02,134.0,14.0,151.43,14.0,98.56,32.0,470.07,30.0,17.430000000000007,46.0,44.0,5.9395563807388365,134.0,151.43,90,2.0,-12.0,0.02,149.5,2.0
07:38:03,121.0,6.0,145.0,6.0,97.0,6.0,150.8,15.0,24.0,12.0,21.0,7.400670915530097,121.0,145.0,33,-9.0,-57.0,-0.27,149.5,
07:38:07,149.03,33.0,318.09,58.0,119.34,38.0,344.33,42.0,169.05999999999997,71.0,100.0,48.31882324726028,149.03,318.09,171,-29.0,59.0,-0.17,154.0,2.0
07:38:30,160.0,17.0,162.4,47.0,159.0,17.0,235.65,71.0,2.4000000000000057,34.0,118.0,2.842213925795656,160.0,162.4,152,-84.0,-92.0,-0.55,161.0,2.0
07:38:31,157.76,21.0,160.31,32.0,155.31,55.0,250.07,41.0,2.550000000000012,76.0,73.0,2.493246879068784,157.76,160.31,149,3.0,-3.0,0.02,158.5,4.0
07:38:32,156.0,49.0,157.67,12.0,153.0,211.0,179.86,21.0,1.6699999999999875,260.0,33.0,2.3243665803796105,156.0,157.67,293,227.0,144.0,0.77,156.0,5.0
07:38:33,154.06,17.0,157.0,14.0,152.53,68.0,183.71,14.0,2.9399999999999977,85.0,28.0,2.6667152078887506,154.06,157.0,113,57.0,-164.0,0.5,156.0,1.0
07:38:34,153.0,132.0,157.0,48.0,120.63,79.0,181.56,27.0,4.0,211.0,75.0,2.5806685180365045,153.0,157.0,286,136.0,164.0,0.48,156.0,
07:38:35,153.0,99.0,157.0,36.0,115.87,75.0,464.56,27.0,4.0,174.0,63.0,1.7145990784974698,153.0,157.0,237,111.0,-49.0,0.47,156.0,
07:38:36,153.0,100.0,159.68,41.0,135.82,68.0,228.61,46.0,6.680000000000007,168.0,87.0,0.8196645655292377,153.0,159.68,255,81.0,18.0,0.32,155.29,7.0
07:38:37,153.0,40.0,179.0,25.0,143.0,40.0,584.0,25.0,26.0,80.0,50.0,4.742075494968919,153.0,179.0,130,30.0,-125.0,0.23,155.29,
07:38:38,153.0,56.0,211.16,31.0,143.0,72.0,410.58,26.0,58.16,128.0,57.0,11.67620143711071,153.0,211.16,185,71.0,55.0,0.38,156.0,5.0
07:38:39,154.53,38.0,388.15,26.0,149.75,96.0,651.74,35.0,233.62,134.0,61.0,48.83360031781387,154.53,388.15,195,73.0,10.0,0.37,156.0,
07:38:40,160.0,10.0,358.8,50.0,159.0,60.0,568.61,18.0,198.8,70.0,68.0,54.20754670707756,160.0,358.8,138,2.0,-57.0,0.01,156.0,
07:38:44,159.1,67.0,257.88,26.0,158.06,89.0,327.47,45.0,98.78,156.0,71.0,40.91583959788685,159.1,257.88,227,85.0,82.0,0.37,156.0,
07:38:45,160.0,43.0,231.33,12.0,159.0,45.0,270.48,21.0,71.33000000000001,88.0,33.0,46.38228293217144,160.0,231.33,121,55.0,-106.0,0.45,160.0,5.0
07:38:46,159.2,50.0,184.24,63.0,158.26,95.0,204.81,37.0,25.04000000000002,145.0,100.0,53.5470967466958,159.2,184.24,245,45.0,124.0,0.18,159.67,3.0
07:38:47,159.0,44.0,181.21,14.0,158.0,77.0,182.11,45.0,22.210000000000008,121.0,59.0,47.06674866612301,159.0,181.21,180,62.0,-65.0,0.34,159.67,
07:38:48,159.0,48.0,178.83,12.0,158.0,84.0,181.26,27.0,19.830000000000013,132.0,39.0,18.0409553516433,159.0,178.83,171,93.0,-9.0,0.54,159.67,
07:38:49,159.0,52.0,173.39,31.0,158.0,91.0,175.12,16.0,14.389999999999986,143.0,47.0,11.99332606077165,159.0,173.39,190,96.0,19.0,0.51,159.67,
07:39:12,159.41,44.0,162.0,24.0,157.83,60.0,254.73,26.0,2.5900000000000034,104.0,50.0,6.069876440256624,159.41,162.0,154,54.0,-32.0,0.35,161.0,6.0
07:39:13,159.0,47.0,196.82,22.0,157.1,29.0,573.89,27.0,37.81999999999999,76.0,49.0,6.886379309911884,159.0,196.82,125,27.0,-29.0,0.22,159.0,4.0
07:39:14,159.0,6.0,184.0,26.0,158.0,6.0,525.5,10.0,25.0,12.0,36.0,7.288774245370938,159.0,184.0,48,-24.0,-77.0,-0.5,159.0,
07:39:15,159.0,6.0,203.77,26.0,158.0,6.0,334.25,8.0,44.77000000000001,12.0,34.0,9.22128678655986,159.0,203.77,46,-22.0,-2.0,-0.48,159.0,
07:39:16,159.0,8.0,339.2,10.0,158.0,8.0,373.32,22.0,180.2,16.0,32.0,34.98682923615667,159.0,339.2,48,-16.0,2.0,-0.33,159.0,
07:39:17,159.0,12.0,329.11,38.0,158.0,12.0,403.32,50.0,170.11,24.0,88.0,38.35202171985189,159.0,329.11,112,-64.0,64.0,-0.57,159.0,
07:39:18,158.86,7.0,170.0,7.0,157.6,10.0,229.0,21.0,11.139999999999986,17.0,28.0,41.08986943274449,158.86,170.0,45,-11.0,-67.0,-0.24,159.0,
07:39:19,156.75,56.0,170.0,13.0,154.36,33.0,211.56,41.0,13.25,89.0,54.0,42.72900384984408,156.75,170.0,143,35.0,98.0,0.24,161.33,3.0
07:39:20,157.0,33.0,183.64,33.0,156.0,41.0,200.82,33.0,26.639999999999983,74.0,66.0,44.22430474298029,157.0,183.64,140,8.0,-3.0,0.06,157.0,4.0
07:39:21,157.21,14.0,167.36,70.0,156.0,62.0,185.67,52.0,10.150000000000006,76.0,122.0,35.441508573986894,157.21,167.36,198,-46.0,58.0,-0.23,157.0,
07:39:22,156.18,44.0,161.08,60.0,154.91,44.0,163.0,60.0,4.900000000000006,88.0,120.0,4.245356286577426,156.18,161.08,208,-32.0,10.0,-0.15,158.0,1.0
07:39:23,156.0,50.0,160.79,14.0,154.0,30.0,163.0,50.0,4.789999999999992,80.0,64.0,4.842207141374916,156.0,160.79,144,16.0,-64.0,0.11,161.0,4.0
07:39:24,156.0,70.0,213.0,18.0,154.0,42.0,277.28,50.0,57.0,112.0,68.0,10.994249860721874,156.0,213.0,180,44.0,36.0,0.24,160.0,1.0
07:39:25,157.38,96.0,317.73,63.0,156.67,107.0,326.44,41.0,160.35000000000002,203.0,104.0,33.79791295331689,157.38,317.73,307,99.0,127.0,0.32,160.0,
07:39:26,157.43,70.0,273.17,23.0,156.0,35.0,318.29,35.0,115.74,105.0,58.0,35.03852208641208,157.43,273.17,163,47.0,-144.0,0.29,158.5,4.0
07:39:27,158.0,183.0,196.55,55.0,156.0,75.0,284.6,55.0,38.55000000000001,258.0,110.0,31.57014206493198,158.0,196.55,368,148.0,164.0,0.4,158.0,1.0
07:39:28,158.56,96.0,172.0,45.0,156.65,37.0,355.28,25.0,13.439999999999998,133.0,70.0,29.68868387113157,158.56,172.0,203,63.0,-164.0,0.31,158.0,
07:39:32,158.14,14.0,169.88,34.0,155.04,25.0,260.0,30.0,11.740000000000007,39.0,64.0,0.9576690451213138,158.14,169.88,103,-25.0,43.0,-0.24,158.56,9.0
07:39:33,156.0,15.0,163.26,35.0,154.0,60.0,166.56,45.0,7.259999999999991,75.0,80.0,2.8218221063673465,156.0,163.26,155,-5.0,52.0,-0.03,161.0,2.0
07:39:34,156.0,12.0,187.0,36.0,154.0,48.0,352.86,21.0,31.0,60.0,57.0,4.272315531416604,156.0,187.0,117,3.0,-38.0,0.03,157.88,8.0
07:39:41,158.5,16.0,166.43,28.0,156.73,88.0,167.75,32.0,7.930000000000007,104.0,60.0,15.573537491526546,158.5,166.43,164,44.0,-111.0,0.27,157.88,
07:39:45,159.62,13.0,162.78,36.0,158.08,39.0,346.67,48.0,3.1599999999999966,52.0,84.0,0.8146655755466771,159.62,162.78,136,-32.0,55.0,-0.24,161.0,2.0
07:39:46,158.18,11.0,160.78,23.0,156.07,242.0,161.38,32.0,2.5999999999999943,253.0,55.0,1.3379536613727276,158.18,160.78,308,198.0,164.0,0.64,158.25,4.0
07:39:47,156.02,105.0,159.5,8.0,154.86,42.0,206.0,19.0,3.4799999999999898,147.0,27.0,1.6912362342323706,156.02,159.5,174,120.0,-134.0,0.69,158.0,1.0
07:39:48,156.0,170.0,158.85,13.0,153.36,25.0,232.6,40.0,2.8499999999999943,195.0,53.0,1.886828026074536,156.0,158.84999999999997,248,142.0,74.0,0.57,158.0,
07:39:49,158.29,49.0,185.0,14.0,155.87,47.0,253.0,28.0,26.710000000000008,96.0,42.0,5.865662792897368,158.29,185.0,138,54.0,-110.0,0.39,156.0,1.0
07:40:00,159.21,33.0,173.65,40.0,158.42,113.0,179.32,19.0,14.439999999999998,146.0,59.0,3.795796359129684,159.21,173.65,205,87.0,62.0,0.42,160.0,1.0
07:40:01,159.35,104.0,166.46,48.0,157.5,132.0,178.25,40.0,7.110000000000014,236.0,88.0,4.7951298209727184,159.34999999999997,166.46,324,148.0,119.0,0.46,159.0,2.0
07:40:02,160.0,54.0,176.0,55.0,159.0,121.0,178.0,33.0,16.0,175.0,88.0,4.003377324207857,160.0,176.0,263,87.0,-61.0,0.33,160.0,4.0
07:40:06,159.09,47.0,164.0,7.0,158.08,104.0,165.0,35.0,4.909999999999997,151.0,42.0,2.829376256347159,159.09,164.0,193,109.0,68.0,0.56,159.67,6.0
07:40:07,159.0,83.0,162.22,46.0,158.0,280.0,167.0,42.0,3.219999999999999,363.0,88.0,2.741829681067129,159.0,162.22,451,275.0,164.0,0.61,159.0,5.0
07:40:08,158.0,240.0,175.81,31.0,156.0,144.0,199.33,57.0,17.810000000000002,384.0,88.0,2.494363646299524,158.0,175.81,472,296.0,21.0,0.63,159.0,3.0
07:40:09,158.0,200.0,173.0,20.0,156.0,43.0,186.0,50.0,15.0,243.0,70.0,2.6489280850904,158.0,173.0,313,173.0,-159.0,0.55,159.0,
07:40:10,158.0,220.0,173.0,22.0,156.0,11.0,225.43,46.0,15.0,231.0,68.0,2.759220904527357,158.0,173.0,299,163.0,-14.0,0.55,159.0,
07:40:11,157.74,138.0,172.11,18.0,155.84,19.0,220.33,45.0,14.370000000000005,157.0,63.0,2.392711850595653,157.74,172.11,220,94.0,-79.0,0.43,159.0,
07:40:12,157.02,55.0,238.3,33.0,156.11,38.0,423.38,39.0,81.28,93.0,72.0,14.30806136413952,157.02,238.3,165,21.0,-55.0,0.13,159.0,
07:40:13,158.0,222.0,241.8,60.0,157.0,90.0,313.09,53.0,83.80000000000001,312.0,113.0,18.35084793681161,158.0,241.8,425,199.0,164.0,0.47,159.0,
07:40:14,158.0,65.0,239.8,20.0,157.0,30.0,259.0,16.0,81.80000000000001,95.0,36.0,18.424413694877348,158.0,239.8,131,59.0,-164.0,0.45,159.0,
07:40:15,158.0,155.0,237.67,48.0,157.0,72.0,283.67,30.0,79.66999999999999,227.0,78.0,15.072389657913726,158.0,237.67,305,149.0,164.0,0.49,158.0,1.0
07:40:16,159.53,96.0,233.41,51.0,158.13,110.0,317.38,26.0,73.88,206.0,77.0,1.3028699090796798,159.53,233.41,283,129.0,-22.0,0.46,158.0,
07:40:17,160.0,101.0,173.85,52.0,159.0,52.0,306.95,38.0,13.849999999999994,153.0,90.0,14.080093394576076,160.0,173.84999999999997,243,63.0,-40.0,0.26,158.0,
07:40:18,160.0,144.0,170.67,48.0,159.0,48.0,321.08,36.0,10.669999999999987,192.0,84.0,17.343115348748157,160.0,170.67,276,108.0,33.0,0.39,158.0,
07:40:20,160.0,90.0,166.0,36.0,159.0,36.0,168.0,36.0,6.0,126.0,72.0,14.195598965876073,160.0,166.0,198,54.0,-111.0,0.27,158.0,
07:40:21,160.0,122.0,164.95,42.0,159.0,60.0,165.93,60.0,4.949999999999989,182.0,102.0,1.79370287394017,160.0,164.95,284,80.0,86.0,0.28,160.0,4.0
07:40:22,160.0,32.0,162.29,28.0,159.0,40.0,164.5,32.0,2.289999999999992,72.0,60.0,1.624613800255658,160.0,162.29,132,12.0,-152.0,0.09,160.0,4.0
07:40:23,159.0,56.0,164.21,38.0,158.0,168.0,226.82,49.0,5.210000000000008,224.0,87.0,1.241760846532461,159.0,164.21,311,137.0,164.0,0.44,160.0,2.0
07:40:24,159.0,40.0,162.17,24.0,158.0,120.0,162.92,26.0,3.1699999999999875,160.0,50.0,0.9817433473066814,159.0,162.17,210,110.0,-101.0,0.52,160.0,
07:40:25,158.08,156.0,160.76,34.0,157.33,108.0,162.62,32.0,2.6799999999999784,264.0,66.0,1.14502401720701,158.08,160.76,330,198.0,120.0,0.6,159.0,4.0
07:40:26,158.52,50.0,284.9,31.0,157.92,156.0,337.64,33.0,126.37999999999997,206.0,64.0,27.30233634691329,158.52,284.9,270,142.0,-60.0,0.53,159.0,4.0
07:40:27,159.0,9.0,357.57,23.0,158.0,108.0,417.4,15.0,198.57,117.0,38.0,45.40769593361882,159.0,357.57000000000005,155,79.0,-115.0,0.51,159.0,
07:40:28,158.03,58.0,316.67,18.0,157.44,54.0,436.93,14.0,158.64,112.0,32.0,45.23472858324657,158.03,316.67,144,80.0,-11.0,0.56,158.12,8.0
07:40:29,158.64,28.0,404.57,21.0,157.08,36.0,561.28,25.0,245.93,64.0,46.0,46.24289707619958,158.64,404.57,110,18.0,-34.0,0.16,159.14,7.0
07:40:30,157.36,44.0,234.6,50.0,156.14,42.0,237.0,30.0,77.23999999999998,86.0,80.0,32.93826240104339,157.36,234.6,166,6.0,56.0,0.04,159.14,
07:40:31,157.67,30.0,224.2,44.0,156.33,45.0,372.86,28.0,66.53,75.0,72.0,39.243839898766126,157.67,224.2,147,3.0,-19.0,0.02,158.0,4.0
07:40:32,157.65,46.0,205.47,19.0,156.25,32.0,229.11,35.0,47.81999999999999,78.0,54.0,41.72631507813729,157.65,205.47,132,24.0,-15.0,0.18,158.0,
07:40:33,158.0,54.0,172.56,45.0,157.0,36.0,176.7,37.0,14.560000000000002,90.0,82.0,45.43319469286732,158.0,172.56,172,8.0,40.0,0.05,158.0,
07:40:34,158.0,61.0,171.27,55.0,157.0,44.0,174.0,55.0,13.27000000000001,105.0,110.0,14.401159675525628,158.0,171.27,215,-5.0,43.0,-0.02,158.0,1.0
07:40:35,158.1,59.0,170.67,75.0,157.31,64.0,173.0,75.0,12.569999999999991,123.0,150.0,12.229693373097506,158.1,170.67,273,-27.0,58.0,-0.1,158.0,
07:40:40,160.0,80.0,162.11,27.0,158.0,45.0,163.33,27.0,2.1100000000000136,125.0,54.0,1.8190299612661829,160.0,162.11,179,71.0,15.0,0.4,160.0,4.0
07:40:41,158.08,25.0,258.14,21.0,157.12,41.0,357.26,19.0,100.05999999999996,66.0,40.0,20.213928861059777,158.08,258.14,106,26.0,-73.0,0.25,159.75,12.0
07:40:42,158.05,21.0,330.65,23.0,156.58,12.0,422.75,16.0,172.59999999999997,33.0,39.0,37.24236700318587,158.05,330.65,72,-6.0,-34.0,-0.08,157.67,6.0
07:40:43,160.0,54.0,234.8,20.0,157.0,9.0,298.87,30.0,74.80000000000001,63.0,50.0,34.77846531979219,160.0,234.8,113,13.0,41.0,0.12,157.67,
07:40:44,160.0,28.0,234.0,28.0,157.86,7.0,268.0,21.0,74.0,35.0,49.0,29.800305870913284,160.0,234.0,84,-14.0,-29.0,-0.17,160.0,2.0
07:40:45,160.0,28.0,234.0,28.0,158.0,7.0,298.26,23.0,74.0,35.0,51.0,20.4494173511127,160.0,234.0,86,-16.0,2.0,-0.19,160.0,
07:40:46,160.0,36.0,234.0,36.0,158.0,9.0,422.75,32.0,74.0,45.0,68.0,21.131552238299705,160.0,234.0,113,-23.0,27.0,-0.2,160.0,
07:40:49,159.43,14.0,232.0,45.0,158.67,15.0,234.0,36.0,72.57,29.0,81.0,1.563659170020674,159.43,232.0,110,-52.0,28.0,-0.47,160.0,4.0
07:40:50,158.0,13.0,229.19,62.0,157.0,13.0,230.85,55.0,71.19,26.0,117.0,1.8133477327831344,158.0,229.19,143,-91.0,33.0,-0.64,160.0,
07:40:51,158.0,8.0,208.35,37.0,157.0,8.0,225.79,29.0,50.35,16.0,66.0,5.551366498438893,158.0,208.35,82,-50.0,-61.0,-0.61,160.0,
07:40:52,157.11,9.0,200.0,36.0,155.4,25.0,201.0,45.0,42.88999999999999,34.0,81.0,8.322792199736194,157.11,200.0,115,-47.0,33.0,-0.41,157.5,2.0
07:40:53,155.24,21.0,197.92,51.0,153.32,57.0,199.83,48.0,42.67999999999998,78.0,99.0,8.702917901485081,155.24,197.92,177,-21.0,62.0,-0.12,155.25,4.0
07:40:54,157.96,23.0,195.43,35.0,155.43,14.0,199.0,28.0,37.47,37.0,63.0,7.1584230106909175,157.96,195.43,100,-26.0,-77.0,-0.26,155.25,
07:40:55,159.0,45.0,193.47,36.0,156.0,18.0,194.98,41.0,34.47,63.0,77.0,2.901017063029628,159.0,193.47,140,-14.0,40.0,-0.1,155.25,
07:40:56,159.0,43.0,191.39,41.0,156.0,18.0,192.5,40.0,32.389999999999986,61.0,81.0,1.217078469117299,159.0,191.39,142,-20.0,2.0,-0.14,159.0,1.0
07:40:57,159.25,56.0,189.19,63.0,156.64,28.0,190.24,63.0,29.94,84.0,126.0,1.0546942684915064,159.25,189.19,210,-42.0,68.0,-0.2,159.67,6.0
07:40:58,157.83,24.0,185.36,50.0,155.75,32.0,187.08,50.0,27.53,56.0,100.0,2.0237094653108683,157.83,185.36,156,-44.0,-54.0,-0.28,158.33,6.0
07:40:59,154.33,18.0,156.0,7.0,152.63,38.0,178.8,25.0,1.6699999999999875,56.0,32.0,8.733468955689306,154.33,156.0,88,24.0,-68.0,0.27,155.0,2.0
07:41:00,153.0,67.0,155.0,24.0,118.08,48.0,168.64,28.0,2.0,115.0,52.0,10.54573468279895,153.0,155.0,167,63.0,79.0,0.38,155.0,
07:41:01,143.9,82.0,153.72,36.0,123.63,60.0,154.8,41.0,9.819999999999991,142.0,77.0,11.384478468510908,143.9,153.72,219,65.0,52.0,0.3,153.29,7.0
07:41:02,143.79,38.0,151.14,21.0,142.8,82.0,152.37,27.0,7.349999999999994,120.0,48.0,9.627634704328386,143.79,151.14,168,72.0,-51.0,0.43,153.29,
07:41:03,146.07,30.0,148.94,18.0,144.25,48.0,150.31,16.0,2.8700000000000045,78.0,34.0,3.7078861902691225,146.07,148.94,112,44.0,-56.0,0.39,148.67,3.0
07:41:04,147.11,27.0,200.23,26.0,143.0,72.0,223.58,31.0,53.119999999999976,99.0,57.0,11.15996953400807,147.11,200.23,156,42.0,44.0,0.27,151.43,7.0
07:41:05,148.71,31.0,208.0,36.0,142.85,26.0,329.0,27.0,59.28999999999999,57.0,63.0,15.478188524500796,148.71,208.0,120,-6.0,-36.0,-0.05,151.43,
07:41:06,149.38,8.0,223.78,23.0,124.76,17.0,427.74,19.0,74.4,25.0,42.0,18.149142679476306,149.38,223.78,67,-17.0,-53.0,-0.25,150.0,3.0
07:41:07,149.0,7.0,329.0,21.0,124.2,10.0,687.14,28.0,180.0,17.0,49.0,33.52829208295567,149.0,329.0,66,-32.0,-1.0,-0.48,150.0,
07:41:08,153.54,24.0,294.6,30.0,132.97,30.0,604.0,40.0,141.06000000000003,54.0,70.0,29.33383251469177,153.54,294.6,124,-16.0,58.0,-0.13,150.0,
07:41:09,155.8,15.0,435.86,22.0,153.19,31.0,621.0,27.0,280.06,46.0,49.0,47.07918574062204,155.8,435.86,95,-3.0,-29.0,-0.03,156.0,3.0
07:41:28,160.0,92.0,166.0,14.0,159.0,77.0,198.0,14.0,6.0,169.0,28.0,2.094404449953807,160.0,166.0,197,141.0,-164.0,0.72,160.0,3.0
07:41:29,160.0,121.0,163.69,32.0,159.0,121.0,182.0,26.0,3.6899999999999977,242.0,58.0,1.5716551784619437,160.0,163.69,300,184.0,103.0,0.61,160.0,
07:41:30,160.0,84.0,161.6,42.0,159.0,135.0,162.29,70.0,1.5999999999999943,219.0,112.0,0.876823813537342,160.0,161.6,331,107.0,31.0,0.32,160.0,8.0
07:41:31,159.12,100.0,161.81,53.0,158.37,87.0,180.86,42.0,2.6899999999999977,187.0,95.0,1.015332457861033,159.12,161.81,282,92.0,-49.0,0.33,160.8,5.0
07:41:32,158.6,92.0,159.59,37.0,157.37,51.0,164.56,36.0,0.9900000000000092,143.0,73.0,1.4686456345851775,158.6,159.59,216,70.0,-66.0,0.32,158.25,4.0
07:41:33,158.0,24.0,199.8,15.0,156.0,24.0,291.1,30.0,41.80000000000001,48.0,45.0,8.263475055930556,158.0,199.8,93,3.0,-123.0,0.03,159.0,2.0
07:41:34,158.36,22.0,216.57,23.0,156.73,22.0,520.06,34.0,58.20999999999998,44.0,57.0,13.001864481680588,158.36,216.57,101,-13.0,8.0,-0.13,159.0,
07:41:35,159.0,18.0,227.0,9.0,158.0,18.0,543.05,42.0,68.0,36.0,51.0,15.453992364434123,159.0,227.0,87,-15.0,-14.0,-0.17,159.0,
07:41:36,159.0,16.0,206.38,16.0,158.0,16.0,496.41,32.0,47.38,32.0,48.0,12.938732549982973,159.0,206.38,80,-16.0,-7.0,-0.2,159.0,
07:41:37,159.0,20.0,299.08,38.0,158.0,20.0,364.96,27.0,140.07999999999998,40.0,65.0,20.169665837588653,159.0,299.08,105,-25.0,25.0,-0.24,159.0,
07:41:38,157.34,58.0,244.73,48.0,156.91,22.0,358.43,35.0,87.38999999999999,80.0,83.0,18.31068212820024,157.33999999999995,244.73,163,-3.0,58.0,-0.02,158.2,5.0
07:41:39,157.0,48.0,295.5,8.0,156.0,12.0,485.0,10.0,138.5,60.0,18.0,20.475874340305783,157.0,295.5,78,42.0,-85.0,0.54,158.2,
07:41:40,157.0,23.0,290.03,33.0,156.0,22.0,425.59,34.0,133.02999999999997,45.0,67.0,20.02524581621893,157.0,290.03,112,-22.0,34.0,-0.2,157.0,7.0
07:41:41,157.0,7.0,224.0,35.0,156.0,14.0,377.0,14.0,67.0,21.0,49.0,17.22702528006487,157.0,224.0,70,-28.0,-42.0,-0.4,156.5,2.0
07:41:42,156.0,9.0,274.44,45.0,154.14,28.0,377.0,18.0,118.44,37.0,63.0,15.215984358561686,156.0,274.44,100,-26.0,30.0,-0.26,156.5,
07:41:45,156.0,4.0,172.0,20.0,155.0,28.0,351.0,8.0,16.0,32.0,28.0,21.07007783564148,156.0,172.0,60,4.0,-66.0,0.07,156.5,
07:41:46,156.0,6.0,179.5,24.0,155.0,42.0,264.78,18.0,23.5,48.0,42.0,22.15070946945018,156.0,179.5,90,6.0,30.0,0.07,156.5,
07:41:47,156.0,8.0,217.0,16.0,155.0,56.0,299.12,40.0,61.0,64.0,56.0,12.79025292947678,156.0,217.0,120,8.0,30.0,0.07,156.5,
07:41:48,156.0,10.0,245.45,29.0,155.0,70.0,301.41,41.0,89.44999999999999,80.0,70.0,15.985473718347844,156.0,245.45,150,10.0,30.0,0.07,156.5,
07:41:49,159.0,20.0,285.25,20.0,155.08,38.0,483.67,30.0,126.25,58.0,50.0,24.05227473649824,159.0,285.25,108,8.0,-42.0,0.07,160.0,5.0
07:41:50,157.45,56.0,323.25,8.0,155.02,50.0,483.0,40.0,165.8,106.0,48.0,28.633097457313166,157.45,323.25,154,58.0,46.0,0.38,160.0,
07:41:51,158.69,117.0,323.0,13.0,155.19,43.0,525.71,49.0,164.31,160.0,62.0,24.131978161766924,158.69,323.0,222,98.0,68.0,0.44,160.0,
07:41:52,159.88,72.0,396.42,12.0,156.0,8.0,469.75,20.0,236.54,80.0,32.0,28.52823636329449,159.88,396.42,112,48.0,-110.0,0.43,160.0,
07:42:03,160.0,67.0,166.51,49.0,157.0,22.0,168.02,49.0,6.509999999999991,89.0,98.0,2.708353743509638,160.0,166.51,187,-9.0,20.0,-0.05,160.0,3.0
07:42:04,160.0,52.0,163.37,54.0,157.0,26.0,164.39,64.0,3.3700000000000045,78.0,118.0,3.232857868818611,160.0,163.37,196,-40.0,9.0,-0.2,160.0,
07:42:05,156.63,59.0,160.35,55.0,154.51,39.0,175.51,53.0,3.719999999999999,98.0,108.0,3.765428262493136,156.63,160.35,206,-10.0,10.0,-0.05,158.8,15.0
07:42:19,159.08,131.0,171.08,26.0,158.5,60.0,173.31,35.0,12.0,191.0,61.0,14.183039871620496,159.08,171.07999999999998,252,130.0,136.0,0.52,160.0,5.0
07:42:20,159.0,105.0,167.44,25.0,158.0,45.0,169.33,12.0,8.439999999999998,150.0,37.0,7.755878415755096,159.0,167.44,187,113.0,-65.0,0.6,159.0,3.0
07:42:21,159.0,103.0,165.7,23.0,158.0,55.0,166.3,40.0,6.699999999999989,158.0,63.0,6.324053288831084,159.0,165.7,221,95.0,34.0,0.43,159.0,3.0
07:42:22,159.0,88.0,163.32,38.0,158.0,55.0,164.8,41.0,4.319999999999993,143.0,79.0,4.303913335555775,159.0,163.32,222,64.0,1.0,0.29,159.0,
07:42:23,159.0,84.0,160.84,19.0,158.0,65.0,162.05,40.0,1.8400000000000036,149.0,59.0,1.9704517248525808,159.0,160.84,208,90.0,-14.0,0.43,159.25,8.0
07:42:24,158.0,30.0,159.08,13.0,157.0,37.0,161.0,13.0,1.0800000000000125,67.0,26.0,1.8699786094964663,158.0,159.07999999999998,93,41.0,-115.0,0.44,158.33,6.0
07:42:25,157.0,18.0,159.0,6.0,155.0,11.0,161.0,6.0,2.0,29.0,12.0,1.803186069149337,157.0,159.0,41,17.0,-52.0,0.41,157.5,2.0
07:42:26,157.0,33.0,285.92,13.0,155.0,21.0,460.76,17.0,128.92000000000002,54.0,30.0,27.77915549472257,157.0,285.92,84,24.0,43.0,0.29,159.5,2.0
07:42:27,157.0,12.0,350.93,14.0,155.0,8.0,557.17,18.0,193.93,20.0,32.0,44.71701108079538,157.0,350.93,52,-12.0,-32.0,-0.23,157.0,2.0
07:42:28,158.96,90.0,229.0,47.0,156.73,15.0,382.12,33.0,70.03999999999999,105.0,80.0,41.38794655452209,158.96,229.0,185,25.0,133.0,0.14,159.0,2.0
07:42:29,159.67,18.0,193.0,40.0,158.89,38.0,194.0,24.0,33.33000000000001,56.0,64.0,37.84818331175192,159.67,193.0,120,-8.0,-65.0,-0.07,159.0,
07:42:30,159.32,31.0,189.98,51.0,158.67,36.0,193.46,37.0,30.66,67.0,88.0,33.64623351877557,159.32,189.98,155,-21.0,35.0,-0.14,159.67,3.0
07:42:31,159.5,32.0,174.0,36.0,158.58,24.0,192.0,60.0,14.5,56.0,96.0,35.42832948362054,159.5,174.0,152,-40.0,-3.0,-0.26,159.67,
07:42:36,160.0,13.0,162.77,13.0,159.0,52.0,165.0,52.0,2.7700000000000102,65.0,65.0,2.4513302511034243,160.0,162.77,130,0.0,7.0,0.0,159.67,
07:42:37,160.0,9.0,161.11,27.0,159.0,36.0,164.0,18.0,1.1100000000000136,45.0,45.0,2.83649784064342,160.0,161.11,90,0.0,-40.0,0.0,159.67,
07:42:38,159.02,41.0,160.27,44.0,157.33,24.0,162.0,11.0,1.25,65.0,55.0,2.6682616063599816,159.02,160.27,120,10.0,30.0,0.08,159.25,4.0
07:42:39,157.29,14.0,160.79,34.0,155.8,10.0,164.08,12.0,3.5,24.0,46.0,1.9110677643596887,157.29,160.79,70,-22.0,-50.0,-0.31,159.0,1.0
07:42:40,157.0,45.0,159.36,70.0,155.7,23.0,160.7,23.0,2.3600000000000136,68.0,93.0,1.254121206253478,157.0,159.36,161,-25.0,91.0,-0.16,157.17,6.0
07:42:41,157.0,15.0,158.0,18.0,155.0,9.0,162.0,9.0,1.0,24.0,27.0,1.2019900165869175,157.0,158.0,51,-3.0,-110.0,-0.06,157.0,1.0
07:42:42,155.59,17.0,211.09,23.0,153.55,11.0,517.07,28.0,55.5,28.0,51.0,11.097671827909457,155.59,211.09,79,-23.0,28.0,-0.29,157.67,3.0
07:42:43,157.5,48.0,248.24,41.0,155.89,18.0,301.8,41.0,90.74,66.0,82.0,20.31368701147028,157.5,248.24,148,-16.0,69.0,-0.11,157.67,
07:42:46,160.0,78.0,229.54,52.0,158.13,23.0,469.67,60.0,69.53999999999999,101.0,112.0,7.193116848764465,160.0,229.54,213,-11.0,11.0,-0.05,157.67,
07:42:47,160.0,46.0,214.0,38.0,159.0,9.0,469.58,43.0,54.0,55.0,81.0,5.760618890360594,160.0,214.0,136,-26.0,-77.0,-0.19,160.0,1.0
07:42:48,160.0,43.0,172.0,75.0,158.69,13.0,229.0,44.0,12.0,56.0,119.0,13.131744743177828,160.0,172.0,175,-63.0,39.0,-0.36,160.0,4.0
07:42:49,160.0,10.0,167.57,37.0,158.0,20.0,177.81,31.0,7.569999999999993,30.0,68.0,15.54669804170577,160.0,167.57,98,-38.0,-77.0,-0.39,160.0,
07:42:50,160.0,8.0,165.25,32.0,158.0,16.0,174.92,39.0,5.25,24.0,71.0,14.957171524054186,160.0,165.25,95,-47.0,-3.0,-0.49,160.0,
07:42:51,157.22,9.0,163.78,36.0,156.08,13.0,192.24,42.0,6.560000000000002,22.0,78.0,10.816663071390217,157.22,163.78,100,-56.0,5.0,-0.56,157.75,4.0
07:42:52,152.84,25.0,160.89,36.0,150.69,13.0,190.37,43.0,8.049999999999983,38.0,79.0,3.471702752249433,152.84,160.89,117,-41.0,17.0,-0.35,154.0,2.0
07:42:53,152.0,36.0,157.56,39.0,148.0,12.0,159.82,34.0,5.560000000000002,48.0,73.0,3.810658735701235,152.0,157.56,121,-25.0,4.0,-0.21,154.43,7.0
07:42:54,152.0,33.0,154.24,34.0,132.0,14.0,155.08,39.0,2.240000000000009,47.0,73.0,3.942648855779065,152.0,154.24,120,-26.0,-1.0,-0.22,154.43,
07:42:56,110.44,45.0,147.73,33.0,97.94,17.0,159.56,25.0,37.28999999999999,62.0,58.0,14.74882469893702,110.44,147.73,120,4.0,25.0,0.03,151.0,2.0
07:42:57,115.0,40.0,144.0,40.0,89.88,8.0,146.2,20.0,29.0,48.0,60.0,13.932252868792409,115.0,144.0,108,-12.0,-12.0,-0.11,151.0,
07:42:58,122.06,17.0,144.0,50.0,114.04,28.0,146.0,30.0,21.94,45.0,80.0,10.686354383042609,122.06,144.0,125,-35.0,17.0,-0.28,151.0,
07:42:59,125.11,28.0,144.0,60.0,118.79,34.0,146.0,36.0,18.89,62.0,96.0,3.0306467956483605,125.11,144.0,158,-34.0,33.0,-0.22,151.0,
07:43:00,138.86,35.0,144.0,42.0,137.94,35.0,146.0,30.0,5.139999999999986,70.0,72.0,4.991352522110003,138.86,144.0,142,-2.0,-16.0,-0.01,144.0,1.0
07:43:01,141.96,53.0,185.73,22.0,139.36,28.0,183.76,25.0,43.76999999999998,81.0,47.0,13.764259878394276,141.96,185.73,128,34.0,-14.0,0.27,145.25,8.0
07:43:05,160.0,12.0,273.12,8.0,158.0,84.0,335.75,16.0,113.12,96.0,24.0,29.988647351955976,160.0,273.12,120,72.0,-35.0,0.6,145.25,
07:43:06,160.0,20.0,265.92,24.0,158.0,140.0,303.41,22.0,105.92000000000002,160.0,46.0,11.911698871276794,160.0,265.92,206,114.0,86.0,0.55,145.25,
07:43:09,160.0,22.0,165.91,11.0,158.0,154.0,167.82,11.0,5.909999999999997,176.0,22.0,25.593050228528327,160.0,165.91,198,154.0,98.0,0.78,145.25,
07:43:10,158.73,44.0,162.92,24.0,157.82,136.0,163.5,16.0,4.189999999999998,180.0,40.0,22.06942681629888,158.73,162.92,220,140.0,22.0,0.64,161.5,4.0
07:43:11,158.01,128.0,160.07,14.0,157.05,165.0,161.5,18.0,2.0600000000000023,293.0,32.0,10.07361305589854,158.01,160.07,325,261.0,105.0,0.8,158.11,9.0
07:43:12,157.34,73.0,158.89,9.0,156.15,104.0,464.5,40.0,1.549999999999983,177.0,49.0,2.759112176039253,157.34,158.89,226,128.0,-99.0,0.57,158.0,6.0
07:43:13,157.34,29.0,305.84,25.0,156.46,82.0,574.21,34.0,148.49999999999997,111.0,59.0,31.965328560801176,157.33999999999995,305.84,170,52.0,-56.0,0.31,158.0,1.0
07:43:14,157.2,51.0,194.79,43.0,156.15,104.0,408.74,38.0,37.59,155.0,81.0,31.312273472234047,157.2,194.79,236,74.0,66.0,0.31,158.0,2.0
07:43:15,157.0,55.0,168.0,25.0,155.0,55.0,593.0,20.0,11.0,110.0,45.0,31.102052504617312,157.0,168.0,155,65.0,-81.0,0.42,158.0,
07:43:16,157.0,55.0,168.0,25.0,155.0,55.0,593.0,20.0,11.0,110.0,45.0,30.624926938687903,157.0,168.0,155,65.0,0.0,0.42,158.0,
07:43:22,158.33,30.0,170.33,12.0,156.76,34.0,493.0,6.0,12.0,64.0,18.0,41.2462244332736,158.33,170.33,82,46.0,-156.0,0.56,161.25,8.0
07:43:23,157.0,73.0,169.11,18.0,155.0,99.0,292.22,9.0,12.110000000000014,172.0,27.0,22.283115356699412,157.0,169.11,199,145.0,117.0,0.73,157.0,7.0
07:43:24,157.0,44.0,162.0,20.0,153.16,114.0,285.15,13.0,5.0,158.0,33.0,7.935261810423875,157.0,162.0,191,125.0,-8.0,0.65,157.0,
07:43:25,156.5,24.0,158.14,14.0,154.12,59.0,415.43,14.0,1.6399999999999864,83.0,28.0,3.817121952462492,156.5,158.14,111,55.0,-80.0,0.5,157.0,4.0
07:43:26,155.0,33.0,345.4,15.0,153.0,143.0,610.62,21.0,190.4,176.0,36.0,39.96540779223918,155.0,345.4,212,140.0,101.0,0.66,157.5,2.0
07:43:27,155.0,12.0,291.0,20.0,153.0,52.0,0.0,0.0,136.0,64.0,20.0,43.113625224515445,155.0,291.0,84,44.0,-128.0,0.52,157.5,
07:43:28,156.25,8.0,280.41,17.0,153.38,32.0,291.0,15.0,124.16000000000004,40.0,32.0,41.33072948787592,156.25,280.41,72,8.0,-12.0,0.11,157.5,
07:43:29,155.71,7.0,440.67,12.0,153.21,29.0,798.0,15.0,284.96000000000004,36.0,27.0,51.29262880765599,155.71,440.67,63,9.0,-9.0,0.14,157.5,
07:43:30,153.1,58.0,284.5,30.0,130.5,18.0,770.0,24.0,131.4,76.0,54.0,34.218514432978864,153.1,284.5,130,22.0,67.0,0.17,154.2,5.0
07:43:31,153.0,55.0,328.78,23.0,105.8,5.0,630.91,22.0,175.77999999999997,60.0,45.0,33.8923748061416,153.0,328.78,105,15.0,-25.0,0.14,154.2,
07:43:32,153.0,99.0,262.74,27.0,81.0,9.0,665.38,42.0,109.74,108.0,69.0,36.35775268082424,153.0,262.74,177,39.0,72.0,0.22,154.2,
07:43:33,153.71,68.0,336.42,12.0,146.25,40.0,622.74,31.0,182.71,108.0,43.0,34.8958359980096,153.71,336.42,151,65.0,-26.0,0.43,157.8,5.0
07:43:34,153.0,85.0,205.91,33.0,141.6,15.0,268.97,33.0,52.91,100.0,66.0,26.667855744322207,153.0,205.91,166,34.0,15.0,0.2,153.0,1.0
07:43:35,153.0,59.0,204.57,7.0,147.0,7.0,206.0,35.0,51.56999999999999,66.0,42.0,31.993946614945425,153.0,204.57,108,24.0,-58.0,0.22,153.0,4.0
07:43:46,159.88,16.0,176.35,40.0,159.14,42.0,178.36,25.0,16.47,58.0,65.0,4.147971793535885,159.88,176.35,123,-7.0,-16.0,-0.06,160.25,4.0
07:43:47,160.0,32.0,174.03,33.0,157.2,40.0,175.74,27.0,14.03,72.0,60.0,4.185167858039696,160.0,174.03,132,12.0,9.0,0.09,160.25,
07:44:02,160.0,84.0,392.93,45.0,159.0,12.0,736.31,26.0,232.93,96.0,71.0,49.97557723528541,160.0,392.93,167,25.0,80.0,0.15,160.25,
07:44:03,160.0,59.0,388.53,17.0,159.0,12.0,349.7,23.0,228.53,71.0,40.0,60.109398017281634,160.0,388.53,111,31.0,-56.0,0.28,160.0,5.0
07:44:04,158.81,26.0,231.0,13.0,157.11,19.0,448.0,39.0,72.19,45.0,52.0,55.10951850633412,158.81,231.0,97,-7.0,-14.0,-0.07,158.0,5.0
07:44:05,156.3,50.0,208.06,16.0,155.4,70.0,434.38,32.0,51.75999999999999,120.0,48.0,50.665747798685295,156.3,208.06,168,72.0,71.0,0.43,158.0,
07:44:06,157.74,47.0,228.0,11.0,156.48,44.0,427.0,34.0,70.25999999999999,91.0,45.0,47.02094033513137,157.74,228.0,136,46.0,-32.0,0.34,158.0,
07:44:07,158.0,15.0,226.82,11.0,157.0,33.0,265.36,22.0,68.82,48.0,33.0,37.74370848234153,158.0,226.82,81,15.0,-55.0,0.19,158.0,4.0
07:44:08,158.0,2.0,226.0,2.0,157.0,6.0,342.0,4.0,68.0,8.0,6.0,4.985114843208473,158.0,226.0,14,2.0,-67.0,0.14,158.0,
07:44:09,159.0,23.0,225.23,13.0,158.0,13.0,427.27,41.0,66.22999999999999,36.0,54.0,4.560496683473997,159.0,225.23,90,-18.0,76.0,-0.2,159.0,2.0
07:44:10,159.0,69.0,207.93,15.0,158.0,9.0,259.46,26.0,48.93000000000001,78.0,41.0,3.985377021058037,159.0,207.93,119,37.0,29.0,0.31,159.0,
07:44:11,159.0,86.0,204.0,11.0,158.0,11.0,336.03,29.0,45.0,97.0,40.0,5.355917288380864,159.0,204.0,137,57.0,18.0,0.42,159.0,
07:44:12,159.0,9.0,203.29,21.0,158.0,9.0,268.86,21.0,44.28999999999999,18.0,42.0,5.561346959143684,159.0,203.29,60,-24.0,-77.0,-0.4,159.0,
07:44:13,159.0,8.0,203.0,40.0,158.0,8.0,204.0,8.0,44.0,16.0,48.0,4.730917458588382,159.0,203.0,64,-32.0,4.0,-0.5,159.0,
07:44:14,157.05,88.0,201.44,50.0,155.1,62.0,202.18,34.0,44.38999999999999,150.0,84.0,1.5086086304856976,157.05,201.44,234,66.0,164.0,0.28,158.5,2.0
07:44:15,157.17,72.0,197.28,39.0,155.21,67.0,198.37,49.0,40.110000000000014,139.0,88.0,1.7925958830633608,157.17,197.28,227,51.0,-7.0,0.22,161.0,3.0
07:44:16,158.04,24.0,193.95,22.0,155.38,52.0,195.55,42.0,35.91,76.0,64.0,2.278903244978936,158.04,193.95,140,12.0,-87.0,0.09,157.0,5.0
07:44:26,159.79,29.0,162.2,25.0,156.2,30.0,163.09,55.0,2.4099999999999966,59.0,80.0,3.485882958444465,159.79,162.2,139,-21.0,-14.0,-0.15,159.25,4.0
07:44:27,155.4,45.0,159.83,54.0,153.75,144.0,162.42,59.0,4.430000000000007,189.0,113.0,4.007807380597648,155.4,159.83000000000004,302,76.0,163.0,0.25,157.0,1.0
07:44:28,155.0,72.0,161.39,49.0,153.0,180.0,191.0,46.0,6.389999999999986,252.0,95.0,3.2522884250897177,155.0,161.39,347,157.0,45.0,0.45,157.0,
07:44:29,155.0,72.0,159.02,54.0,153.0,180.0,160.38,52.0,4.02000000000001,252.0,106.0,2.457586214148386,155.0,159.02,358,146.0,11.0,0.41,157.0,
07:44:30,153.5,120.0,156.32,56.0,138.96,141.0,191.22,45.0,2.819999999999993,261.0,101.0,2.201483590666055,153.5,156.32,362,160.0,4.0,0.44,155.0,6.0
07:44:31,153.0,175.0,203.65,52.0,94.45,62.0,249.42,43.0,50.650000000000006,237.0,95.0,9.64926007525825,153.0,203.65000000000003,332,142.0,-30.0,0.43,153.25,12.0
07:44:32,153.0,54.0,322.44,36.0,122.0,54.0,481.46,48.0,169.44,108.0,84.0,35.1062760770774,153.0,322.44,192,24.0,-140.0,0.12,153.0,2.0
07:44:33,155.2,51.0,353.44,43.0,128.69,58.0,483.56,32.0,198.24,109.0,75.0,46.53377558290303,155.2,353.44,184,34.0,-8.0,0.18,153.0,3.0
07:44:34,153.73,11.0,239.0,27.0,138.82,22.0,273.97,30.0,85.27000000000001,33.0,57.0,41.21816796025733,153.73,239.0,90,-24.0,-94.0,-0.27,153.0,
07:44:41,158.8,25.0,209.84,38.0,154.65,17.0,279.92,26.0,51.03999999999999,42.0,64.0,1.1739591134194702,158.8,209.84,106,-22.0,14.0,-0.21,160.0,2.0
07:44:42,160.0,210.0,208.5,30.0,155.0,20.0,210.0,40.0,48.5,230.0,70.0,1.2321120078874743,160.0,208.5,300,160.0,164.0,0.53,160.0,3.0
07:44:43,160.0,208.0,207.82,40.0,157.33,54.0,246.21,29.0,47.81999999999999,262.0,69.0,1.1894746739550126,160.0,207.82,331,193.0,31.0,0.58,160.0,
07:44:44,160.0,208.0,202.89,37.0,158.0,78.0,204.84,57.0,42.88999999999999,286.0,94.0,1.702894594500844,160.0,202.89,380,192.0,49.0,0.51,160.0,
07:44:45,160.0,191.0,189.0,36.0,157.82,34.0,190.0,12.0,29.0,225.0,48.0,4.187855059571634,160.0,189.0,273,177.0,-107.0,0.65,160.0,1.0
07:44:46,160.0,135.0,186.98,41.0,158.0,9.0,187.81,37.0,26.97999999999999,144.0,78.0,5.170377162256089,160.0,186.98,222,66.0,-51.0,0.3,160.0,
07:44:47,160.0,210.0,184.93,70.0,158.88,56.0,186.0,42.0,24.930000000000007,266.0,112.0,5.16238995039884,160.0,184.93,378,154.0,156.0,0.41,160.0,
07:44:48,160.0,165.0,178.91,34.0,159.0,77.0,182.67,39.0,18.91,242.0,73.0,4.433561773560687,160.0,178.91,315,169.0,-63.0,0.54,160.0,
07:44:49,160.0,243.0,167.63,75.0,159.0,126.0,168.96,74.0,7.6299999999999955,369.0,149.0,4.310502290914406,160.0,167.63,518,220.0,164.0,0.42,160.0,3.0
07:44:51,160.0,75.0,161.96,52.0,159.0,98.0,213.6,62.0,1.960000000000008,173.0,114.0,5.08817550797707,160.0,161.96,287,59.0,0.0,0.21,160.0,8.0
07:44:52,160.0,12.0,163.0,30.0,159.0,42.0,255.0,22.0,3.0,54.0,52.0,3.538125209765384,160.0,163.0,106,2.0,-164.0,0.02,160.0,
07:44:53,160.0,16.0,163.0,30.0,159.0,42.0,187.17,6.0,3.0,58.0,36.0,1.116678109383826,160.0,163.0,94,22.0,-12.0,0.23,160.0,
07:44:54,160.0,24.0,162.62,40.0,159.0,56.0,349.2,20.0,2.6200000000000045,80.0,60.0,0.2224185243565191,160.0,162.62,140,20.0,46.0,0.14,160.0,
07:44:55,160.0,27.0,162.0,45.0,159.0,66.0,356.74,38.0,2.0,93.0,83.0,0.2567489045291403,160.0,162.0,176,10.0,36.0,0.06,160.0,
07:44:56,159.43,56.0,161.83,60.0,158.94,68.0,346.86,56.0,2.4000000000000057,124.0,116.0,0.3729209031107013,159.43,161.83,240,8.0,64.0,0.03,160.0,3.0
07:44:57,159.15,81.0,256.36,70.0,158.74,38.0,457.12,64.0,97.21,119.0,134.0,20.860646442523745,159.15,256.36,253,-15.0,13.0,-0.06,160.0,5.0
07:44:59,159.0,60.0,402.83,60.0,158.0,12.0,447.02,54.0,243.83,72.0,114.0,49.822691918442,159.0,402.83,186,-42.0,-1.0,-0.23,160.0,3.0
07:45:00,158.65,20.0,276.46,48.0,157.12,24.0,307.4,50.0,117.80999999999996,44.0,98.0,42.90912816639355,158.65,276.46,142,-54.0,-44.0,-0.38,159.0,5.0
07:45:01,158.0,15.0,193.42,62.0,157.0,45.0,238.92,61.0,35.41999999999999,60.0,123.0,38.17185612463702,158.0,193.42,183,-63.0,41.0,-0.34,159.0,
07:45:02,156.06,130.0,179.02,59.0,154.92,39.0,218.48,54.0,22.960000000000008,169.0,113.0,45.15762139440016,156.06,179.02,282,56.0,99.0,0.2,157.25,4.0
07:45:03,156.0,238.0,195.68,59.0,154.0,51.0,314.23,75.0,39.68000000000001,289.0,134.0,47.49141890910384,156.0,195.68,423,155.0,141.0,0.37,157.25,
07:45:04,156.55,137.0,190.12,43.0,155.49,94.0,191.57,49.0,33.56999999999999,231.0,92.0,20.159194676374835,156.55,190.12,323,139.0,-100.0,0.43,157.25,
07:45:05,159.35,52.0,188.62,13.0,156.49,173.0,190.0,52.0,29.27000000000001,225.0,65.0,3.3874252759252736,159.34999999999997,188.62,290,160.0,-33.0,0.55,160.5,4.0
07:45:06,159.0,257.0,173.24,42.0,156.1,177.0,183.41,63.0,14.240000000000007,434.0,105.0,4.268069821356837,159.0,173.24,539,329.0,164.0,0.61,159.0,4.0
07:45:07,159.0,90.0,164.95,37.0,156.0,140.0,167.31,13.0,5.949999999999989,230.0,50.0,5.921627310121493,159.0,164.95,280,180.0,-164.0,0.64,159.0,
07:45:08,159.0,90.0,161.0,13.0,156.6,80.0,163.92,37.0,2.0,170.0,50.0,6.399855467116107,159.0,161.0,220,120.0,-60.0,0.55,159.0,
07:45:09,159.0,52.0,242.09,33.0,158.0,32.0,443.83,23.0,83.09,84.0,56.0,16.55917660996396,159.0,242.09,140,28.0,-80.0,0.2,159.0,6.0
07:45:11,159.0,36.0,384.19,53.0,158.0,48.0,578.49,55.0,225.19,84.0,108.0,73.86352327096232,159.0,384.19,192,-24.0,29.0,-0.12,159.0,
07:45:12,158.86,42.0,246.43,70.0,157.2,80.0,436.31,65.0,87.57,122.0,135.0,67.16984464772861,158.86,246.43000000000004,257,-13.0,65.0,-0.05,158.75,4.0
07:45:13,156.55,66.0,233.59,41.0,155.5,112.0,345.49,41.0,77.03999999999999,178.0,82.0,59.00246732129088,156.55,233.59,260,96.0,3.0,0.37,158.0,3.0
07:45:14,156.0,208.0,335.0,57.0,154.0,26.0,416.05,58.0,179.0,234.0,115.0,54.799846258908445,156.0,335.0,349,119.0,89.0,0.34,158.0,
07:45:15,156.0,177.0,157.02,43.0,154.0,30.0,206.53,17.0,1.0200000000000102,207.0,60.0,45.00280402374936,156.0,157.02,267,147.0,-82.0,0.55,156.0,8.0
07:45:16,156.57,74.0,157.81,16.0,155.82,88.0,427.62,66.0,1.240000000000009,162.0,82.0,36.92645081780791,156.57,157.81,244,80.0,-23.0,0.33,157.0,9.0
07:45:17,157.0,9.0,158.0,9.0,156.0,72.0,267.0,45.0,1.0,81.0,54.0,38.94860241395042,157.0,158.0,135,27.0,-109.0,0.2,157.0,
07:45:41,159.0,41.0,163.95,38.0,158.0,34.0,165.81,64.0,4.949999999999989,75.0,102.0,6.790016936649377,159.0,163.95,177,-27.0,59.0,-0.15,159.0,2.0
07:45:42,157.04,123.0,161.15,40.0,156.3,66.0,162.22,36.0,4.110000000000014,189.0,76.0,5.74663814764645,157.04,161.15,265,113.0,88.0,0.43,158.33,3.0
07:45:43,157.0,168.0,158.67,67.0,156.0,85.0,159.81,32.0,1.6699999999999875,253.0,99.0,3.4343456436394675,157.0,158.67,352,154.0,87.0,0.44,157.89,9.0
07:45:44,157.0,50.0,158.23,26.0,156.0,50.0,424.29,34.0,1.2299999999999898,100.0,60.0,2.8031981735127705,157.0,158.23,160,40.0,-164.0,0.25,157.0,5.0
07:45:45,157.0,24.0,355.0,17.0,156.0,45.0,463.09,44.0,198.0,69.0,61.0,43.40333143895737,157.0,355.0,130,8.0,-30.0,0.06,157.0,1.0
07:45:46,159.4,40.0,267.27,41.0,157.65,63.0,462.38,39.0,107.86999999999998,103.0,80.0,44.52629133444627,159.4,267.27,183,23.0,53.0,0.13,157.0,
07:45:50,160.0,97.0,435.6,25.0,158.0,72.0,447.55,22.0,275.6,169.0,47.0,40.55083390017995,160.0,435.6,216,122.0,29.0,0.56,160.0,1.0
07:45:51,160.0,90.0,376.7,20.0,158.0,72.0,415.63,27.0,216.7,162.0,47.0,16.187885902735523,160.0,376.7,209,115.0,-7.0,0.55,160.0,
07:45:52,160.0,90.0,373.33,27.0,158.0,72.0,374.69,26.0,213.33,162.0,53.0,19.298999196849135,160.0,373.33,215,109.0,6.0,0.51,160.0,
07:45:53,160.0,110.0,369.27,33.0,158.0,88.0,371.73,33.0,209.27,198.0,66.0,19.113671285234133,160.0,369.27,264,132.0,49.0,0.5,160.0,
07:45:55,160.0,63.0,337.17,23.0,158.0,72.0,338.22,27.0,177.17000000000002,135.0,50.0,8.427714992807038,160.0,337.17,185,85.0,-68.0,0.46,160.0,3.0
07:46:03,160.0,37.0,162.89,28.0,159.0,22.0,223.72,25.0,2.8899999999999864,59.0,53.0,4.833112868534034,160.0,162.89,112,6.0,-66.0,0.05,160.0,4.0
07:46:04,159.82,22.0,160.88,16.0,158.43,28.0,163.0,24.0,1.0600000000000025,50.0,40.0,3.79778619724562,159.82,160.88,90,10.0,-22.0,0.11,160.0,3.0
07:46:05,158.0,42.0,159.88,16.0,157.0,9.0,340.35,23.0,1.8799999999999957,51.0,39.0,1.4733125941188834,158.0,159.88,90,12.0,0.0,0.13,158.29,7.0
07:46:06,157.58,19.0,159.43,14.0,156.14,7.0,337.58,19.0,1.8499999999999943,26.0,33.0,1.4790976979189965,157.58,159.43,59,-7.0,-31.0,-0.12,157.4,5.0
07:46:07,156.54,26.0,158.07,28.0,155.45,22.0,264.4,20.0,1.5300000000000011,48.0,48.0,1.6197438068994798,156.54,158.07,96,0.0,37.0,0.0,157.0,3.0
07:46:08,157.0,16.0,278.11,38.0,156.0,20.0,428.07,28.0,121.11,36.0,66.0,26.308718516871732,157.0,278.11,102,-30.0,6.0,-0.29,158.0,2.0
07:46:09,156.29,7.0,326.29,21.0,155.29,7.0,497.17,12.0,170.00000000000003,14.0,33.0,39.88109489469904,156.29,326.29,47,-19.0,-55.0,-0.4,157.0,1.0
07:46:10,156.0,8.0,339.86,22.0,155.0,8.0,475.22,18.0,183.86,16.0,40.0,44.027861973981786,156.0,339.86,56,-24.0,9.0,-0.43,157.0,
07:46:11,158.37,19.0,273.15,20.0,155.56,9.0,320.48,21.0,114.77999999999996,28.0,41.0,35.732524819833145,158.37,273.15,69,-13.0,13.0,-0.19,157.0,
07:46:12,155.73,11.0,231.36,22.0,154.73,11.0,383.81,16.0,75.63000000000002,22.0,38.0,21.824403313721824,155.73,231.36,60,-16.0,-9.0,-0.27,158.0,5.0
07:46:13,155.0,8.0,378.12,8.0,154.0,8.0,379.44,9.0,223.12,16.0,17.0,28.598168997332557,155.0,378.12,33,-1.0,-27.0,-0.03,158.0,
07:46:14,155.0,4.0,377.25,4.0,154.0,4.0,378.25,4.0,222.25,8.0,8.0,32.3087902899504,155.0,377.25,16,0.0,-17.0,0.0,158.0,
07:46:15,155.0,10.0,353.0,14.0,154.0,10.0,377.8,10.0,198.0,20.0,24.0,32.88484483770591,155.0,353.0,44,-4.0,28.0,-0.09,158.0,
07:46:16,157.1,30.0,362.33,12.0,155.68,22.0,377.9,10.0,205.23,52.0,22.0,30.86652069799889,157.1,362.33,74,30.0,30.0,0.41,158.0,
07:46:17,159.0,39.0,335.73,15.0,155.0,13.0,342.31,16.0,176.73000000000002,52.0,31.0,8.190249080461157,159.0,335.7300000000001,83,21.0,9.0,0.25,158.0,
07:46:18,159.0,12.0,318.75,4.0,155.0,4.0,320.0,4.0,159.75,16.0,8.0,10.596302185196228,159.0,318.75,24,8.0,-59.0,0.33,158.0,
07:46:19,157.75,8.0,315.83,6.0,154.5,6.0,316.83,6.0,158.07999999999998,14.0,12.0,9.753131292051478,157.75,315.83,26,2.0,2.0,0.08,159.0,3.0
07:46:20,160.0,8.0,315.0,8.0,155.0,8.0,316.0,8.0,155.0,16.0,16.0,9.73280894706114,160.0,315.0,32,0.0,6.0,0.0,159.0,
07:46:21,152.23,31.0,226.75,12.0,141.93,29.0,232.4,15.0,74.52000000000001,60.0,27.0,23.04335761125082,152.23,226.75,87,33.0,55.0,0.38,153.5,6.0
07:46:23,159.82,11.0,209.36,11.0,156.52,21.0,210.45,11.0,49.54000000000002,32.0,22.0,27.2642316964918,159.82,209.36,54,10.0,10.0,0.19,161.33,3.0
07:46:24,159.06,32.0,205.53,15.0,154.62,32.0,207.33,12.0,46.47,64.0,27.0,23.12938758376422,159.06,205.53,91,37.0,37.0,0.41,156.0,1.0
07:46:25,160.0,25.0,201.6,5.0,159.0,30.0,203.25,8.0,41.6,55.0,13.0,3.7579741883074673,160.0,201.6,68,42.0,-23.0,0.62,156.0,
07:46:26,159.53,57.0,193.35,23.0,157.88,25.0,193.95,20.0,33.81999999999999,82.0,43.0,4.426095344655916,159.53000000000003,193.35,125,39.0,57.0,0.31,160.0,5.0
07:46:36,159.2,20.0,179.71,35.0,157.5,24.0,313.86,14.0,20.51000000000002,44.0,49.0,89.09523623628814,159.2,179.71,93,-5.0,18.0,-0.05,159.8,5.0
07:46:37,159.0,36.0,177.12,40.0,157.25,32.0,235.81,36.0,18.120000000000005,68.0,76.0,88.27366017108383,159.0,177.12,144,-8.0,51.0,-0.06,159.8,
07:46:38,159.0,15.0,175.6,25.0,158.0,10.0,177.0,5.0,16.599999999999994,25.0,30.0,18.17398360294134,159.0,175.6,55,-5.0,-89.0,-0.09,159.8,
07:46:39,158.12,25.0,172.64,28.0,157.06,35.0,172.74,34.0,14.519999999999982,60.0,62.0,2.185479352448389,158.12,172.64,122,-2.0,67.0,-0.02,159.0,3.0
07:46:40,158.69,32.0,170.1,20.0,157.59,37.0,171.91,44.0,11.409999999999997,69.0,64.0,2.0413279991167084,158.69,170.1,133,5.0,11.0,0.04,159.0,
07:46:41,159.0,21.0,166.72,18.0,158.0,24.0,167.3,30.0,7.719999999999999,45.0,48.0,2.119061112846288,159.0,166.72,93,-3.0,-40.0,-0.03,159.0,1.0
07:46:42,158.71,14.0,162.83,24.0,157.77,26.0,163.68,44.0,4.1200000000000045,40.0,68.0,2.4789614760977767,158.71,162.83,108,-28.0,15.0,-0.26,159.0,1.0
07:46:43,157.77,26.0,161.0,49.0,156.94,32.0,162.67,45.0,3.2299999999999898,58.0,94.0,2.4853430346687286,157.77,161.0,152,-36.0,44.0,-0.24,158.0,2.0
07:46:44,153.34,58.0,156.78,37.0,151.47,87.0,159.11,47.0,3.4399999999999977,145.0,84.0,3.59243232364588,153.33999999999995,156.78,229,61.0,77.0,0.27,156.22,9.0
07:46:45,152.78,32.0,154.38,32.0,151.25,32.0,155.55,22.0,1.5999999999999943,64.0,54.0,3.899756402645561,152.78,154.38,118,10.0,-111.0,0.08,152.83,6.0
07:46:46,152.0,24.0,246.06,36.0,150.0,48.0,414.5,28.0,94.06,72.0,64.0,18.941671784717887,152.0,246.06,136,8.0,18.0,0.06,155.0,6.0
07:46:47,152.36,28.0,324.0,50.0,150.55,33.0,531.9,50.0,171.64,61.0,100.0,37.03642504346206,152.36,324.0,161,-39.0,25.0,-0.24,162.0,1.0
07:46:48,152.0,21.0,204.81,31.0,150.0,42.0,257.29,35.0,52.81,63.0,66.0,35.18529806609552,152.0,204.81,129,-3.0,-32.0,-0.02,162.0,
07:46:49,151.88,52.0,159.0,56.0,146.18,55.0,233.64,70.0,7.1200000000000045,107.0,126.0,35.10518451738981,151.88,159.0,233,-19.0,104.0,-0.08,155.0,6.0
07:46:50,156.0,32.0,157.82,38.0,150.0,48.0,207.12,34.0,1.8199999999999927,80.0,72.0,34.386053422862965,156.0,157.82,152,8.0,-81.0,0.05,155.0,
07:46:51,152.09,23.0,157.0,23.0,137.14,21.0,158.0,20.0,4.909999999999997,44.0,43.0,35.767923898375514,152.09,157.0,87,1.0,-65.0,0.01,155.43,7.0
07:46:52,150.0,55.0,156.4,15.0,117.45,33.0,157.23,35.0,6.400000000000006,88.0,50.0,10.541552067887077,150.0,156.4,138,38.0,51.0,0.28,155.43,
07:46:53,150.25,60.0,155.1,30.0,94.92,36.0,156.5,18.0,4.849999999999994,96.0,48.0,1.708882675894304,150.25,155.1,144,48.0,6.0,0.33,155.43,
07:46:54,151.0,50.0,157.0,10.0,122.38,21.0,195.98,49.0,6.0,71.0,59.0,1.6422789044408794,151.0,157.0,130,12.0,-14.0,0.09,156.0,7.0
07:46:55,152.61,62.0,157.0,10.0,150.0,56.0,199.5,56.0,4.389999999999986,118.0,66.0,0.8960357135579619,152.61,157.0,184,52.0,54.0,0.28,151.0,3.0
07:46:56,153.0,56.0,161.5,10.0,152.0,64.0,193.76,25.0,8.5,120.0,35.0,1.7922248742754423,153.0,161.5,155,85.0,-29.0,0.55,157.0,1.0
07:46:57,153.86,102.0,165.4,53.0,152.83,93.0,212.59,51.0,11.539999999999992,195.0,104.0,2.76796495642057,153.86,165.4,299,91.0,144.0,0.3,157.0,
07:46:58,154.0,80.0,312.12,34.0,152.1,70.0,406.95,38.0,158.12,150.0,72.0,34.344164715421186,154.0,312.12,222,78.0,-77.0,0.35,157.0,
07:46:59,154.31,81.0,370.3,44.0,152.93,60.0,451.52,52.0,215.99,141.0,96.0,50.63730986140549,154.31,370.3,237,45.0,15.0,0.19,154.0,1.0
07:47:00,156.0,50.0,252.78,37.0,154.0,70.0,489.65,40.0,96.78,120.0,77.0,45.813517983232856,156.0,252.78000000000003,197,43.0,-40.0,0.22,154.0,
07:47:01,156.7,50.0,327.33,42.0,154.0,70.0,415.5,36.0,170.63,120.0,78.0,39.788663586504256,156.7,327.33,198,42.0,1.0,0.21,154.0,
07:47:03,155.85,53.0,376.5,40.0,154.84,57.0,486.21,56.0,220.65,110.0,96.0,36.00899373767656,155.85,376.5,206,14.0,67.0,0.07,156.5,4.0
07:47:05,157.0,30.0,420.11,45.0,156.0,60.0,529.16,44.0,263.11,90.0,89.0,26.33930238256212,157.0,420.11,179,1.0,94.0,0.01,156.5,
07:47:06,157.0,24.0,390.24,33.0,156.0,48.0,469.38,37.0,233.24,72.0,70.0,16.849535601910397,157.0,390.24,142,2.0,-37.0,0.01,156.5,
07:47:07,157.0,9.0,391.0,12.0,156.0,18.0,502.18,11.0,234.0,27.0,23.0,14.888354509483008,157.0,391.0,50,4.0,-92.0,0.08,156.5,
07:47:10,157.0,27.0,380.33,18.0,156.0,75.0,450.3,27.0,223.33,102.0,45.0,29.60686119804072,157.0,380.33,147,57.0,77.0,0.39,156.5,
07:47:11,157.34,29.0,286.0,26.0,156.29,51.0,474.37,54.0,128.66,80.0,80.0,43.94368361892349,157.33999999999995,286.0,160,0.0,13.0,0.0,156.5,
07:47:12,159.0,7.0,285.71,14.0,157.0,21.0,463.0,27.0,126.70999999999998,28.0,41.0,51.94182293682077,159.0,285.71,69,-13.0,-91.0,-0.19,156.5,
07:47:13,157.71,14.0,171.0,24.0,156.5,30.0,285.0,16.0,13.289999999999992,44.0,40.0,62.34607501679661,157.71,171.0,84,4.0,15.0,0.05,159.0,1.0
07:47:14,157.0,18.0,170.94,16.0,156.0,30.0,241.35,17.0,13.939999999999998,48.0,33.0,44.488216754552205,157.0,170.94,81,15.0,-3.0,0.19,159.0,
07:47:15,156.0,21.0,169.0,12.0,154.0,27.0,182.25,20.0,13.0,48.0,32.0,31.998183854712945,156.0,169.0,80,16.0,-1.0,0.2,156.5,6.0
07:47:16,156.0,26.0,164.4,20.0,154.0,39.0,166.26,19.0,8.400000000000006,65.0,39.0,26.704923141623315,156.0,164.4,104,26.0,24.0,0.25,156.5,
07:47:17,156.0,18.0,163.71,17.0,154.0,33.0,164.38,16.0,7.710000000000008,51.0,33.0,2.0861519599502945,156.0,163.71,84,18.0,-20.0,0.21,156.0,1.0
07:47:18,153.77,35.0,157.32,37.0,153.18,51.0,160.29,28.0,3.549999999999983,86.0,65.0,3.2023007354094366,153.77,157.32,151,21.0,67.0,0.14,154.5,4.0
07:47:19,152.86,56.0,346.6,15.0,151.26,19.0,427.04,27.0,193.74,75.0,42.0,40.41895013480693,152.86,346.6,117,33.0,-34.0,0.28,154.75,8.0
07:47:26,159.2,61.0,180.64,11.0,159.09,11.0,316.06,54.0,21.44,72.0,65.0,31.05259618775884,159.2,180.64,137,7.0,51.0,0.05,159.75,4.0
07:47:27,159.0,108.0,180.0,10.0,158.0,10.0,306.5,50.0,21.0,118.0,60.0,19.2173580390232,159.0,180.0,178,58.0,41.0,0.33,159.0,1.0
07:47:28,159.0,80.0,177.6,15.0,158.0,10.0,189.11,18.0,18.599999999999994,90.0,33.0,6.113952894814154,159.0,177.6,123,57.0,-55.0,0.46,159.0,5.0
07:47:29,159.0,30.0,174.91,11.0,158.0,6.0,175.71,7.0,15.909999999999997,36.0,18.0,1.6090898048292186,159.0,174.91,54,18.0,-69.0,0.33,159.0,
07:47:30,157.53,43.0,173.06,17.0,153.27,66.0,174.12,16.0,15.53,109.0,33.0,1.8985994838314293,157.53,173.06,142,76.0,88.0,0.54,159.0,5.0
07:47:31,156.4,25.0,170.67,9.0,152.31,65.0,171.75,8.0,14.269999999999982,90.0,17.0,2.370132907666709,156.4,170.67,107,73.0,-35.0,0.68,159.0,
07:47:32,158.13,47.0,168.9,20.0,156.2,50.0,170.6,20.0,10.77000000000001,97.0,40.0,2.1107984271370723,158.13,168.9,137,57.0,30.0,0.42,159.0,
07:47:33,158.33,36.0,166.8,20.0,156.4,50.0,167.8,20.0,8.469999999999999,86.0,40.0,1.746888662738408,158.33,166.8,126,46.0,-11.0,0.37,160.0,3.0
07:47:34,158.0,28.0,164.27,11.0,156.0,35.0,165.6,10.0,6.27000000000001,63.0,21.0,1.521101574518826,158.0,164.27,84,42.0,-42.0,0.5,160.0,
07:47:35,158.0,36.0,161.87,15.0,156.0,45.0,163.0,13.0,3.870000000000005,81.0,28.0,1.5714579218048623,158.0,161.87,109,53.0,25.0,0.49,160.0,
07:47:36,158.0,34.0,160.5,16.0,156.0,45.0,161.27,11.0,2.5,79.0,27.0,1.7748239349307169,158.0,160.5,106,52.0,-3.0,0.49,158.0,2.0
07:47:37,156.15,27.0,158.14,7.0,155.14,35.0,159.18,11.0,1.989999999999981,62.0,18.0,2.036791594641562,156.15,158.14,80,44.0,-26.0,0.55,158.0,2.0
07:47:38,156.0,32.0,262.9,21.0,155.0,54.0,313.06,36.0,106.89999999999998,86.0,57.0,22.44434628141362,156.0,262.9,143,29.0,63.0,0.2,156.33,3.0
07:47:39,156.0,21.0,296.0,24.0,155.0,36.0,532.43,28.0,140.0,57.0,52.0,32.8292503721911,156.0,296.0,109,5.0,-34.0,0.05,156.33,
07:47:40,156.0,23.0,296.0,44.0,155.0,66.0,416.09,55.0,140.0,89.0,99.0,34.78456194923278,156.0,296.0,188,-10.0,79.0,-0.05,156.0,2.0
07:47:41,156.0,7.0,270.66,29.0,155.0,42.0,348.87,31.0,114.66000000000004,49.0,60.0,28.509686599470296,156.0,270.66,109,-11.0,-79.0,-0.1,156.0,
07:47:42,158.77,13.0,287.62,65.0,155.12,48.0,556.85,52.0,128.85,61.0,117.0,7.69972921601924,158.77,287.62,178,-56.0,69.0,-0.31,156.0,
07:47:43,156.03,29.0,235.0,40.0,154.8,30.0,684.0,32.0,78.97,59.0,72.0,12.990295223743733,156.03,235.0,131,-13.0,-47.0,-0.1,156.71,7.0
07:47:44,155.0,40.0,157.0,16.0,153.0,16.0,331.5,40.0,2.0,56.0,56.0,28.758090513801765,155.0,157.0,112,0.0,-19.0,0.0,156.71,
07:47:45,155.0,5.0,157.0,2.0,153.0,2.0,188.0,5.0,2.0,7.0,7.0,31.54849869645164,155.0,157.0,14,0.0,-98.0,0.0,156.71,
07:47:46,155.0,45.0,157.0,18.0,153.0,18.0,188.0,45.0,2.0,63.0,63.0,30.81769653948859,155.0,157.0,126,0.0,112.0,0.0,156.71,
07:47:47,155.0,20.0,157.0,8.0,153.6,5.0,188.0,20.0,2.0,25.0,28.0,17.67388129415841,155.0,157.0,53,-3.0,-73.0,-0.06,156.71,
07:47:48,154.94,47.0,179.14,35.0,153.94,17.0,236.5,50.0,24.19999999999999,64.0,85.0,4.937238094319564,154.94,179.14,149,-21.0,96.0,-0.14,157.0,2.0
07:47:49,154.0,40.0,175.33,15.0,153.0,16.0,231.88,33.0,21.330000000000013,56.0,48.0,5.4624554918096,154.0,175.33,104,8.0,-45.0,0.08,157.0,
07:47:50,153.96,51.0,156.33,30.0,151.33,30.0,183.67,45.0,2.3700000000000045,81.0,75.0,5.626568225837202,153.96,156.33,156,6.0,52.0,0.04,153.33,9.0
07:47:51,153.49,59.0,156.03,37.0,139.54,13.0,159.5,14.0,2.539999999999992,72.0,51.0,5.856998378009061,153.49,156.03,123,21.0,-33.0,0.17,156.0,4.0
07:47:52,153.87,46.0,187.0,64.0,139.9,30.0,459.69,65.0,33.129999999999995,76.0,129.0,7.108006049519206,153.87,187.0,205,-53.0,82.0,-0.26,154.6,5.0
07:47:54,148.92,71.0,182.27,30.0,130.53,34.0,488.33,49.0,33.35000000000002,105.0,79.0,43.85636293629474,148.92,182.27,184,26.0,115.0,0.14,154.33,3.0
07:47:55,149.8,30.0,153.0,40.0,148.0,110.0,210.13,47.0,3.1999999999999886,140.0,87.0,44.43425559182922,149.8,153.0,227,53.0,43.0,0.23,154.33,
07:47:56,149.94,33.0,155.33,45.0,147.36,113.0,185.88,52.0,5.390000000000015,146.0,97.0,44.74567096379276,149.94,155.33,243,49.0,16.0,0.2,151.33,3.0
07:47:57,135.77,44.0,178.93,70.0,105.58,76.0,461.21,38.0,43.16,120.0,108.0,45.79235383773153,135.77,178.93,228,12.0,-15.0,0.05,161.0,5.0
07:47:58,140.59,34.0,322.85,33.0,127.56,27.0,539.44,36.0,182.26,61.0,69.0,33.989044558504496,140.59,322.85,130,-8.0,-98.0,-0.06,161.0,1.0
07:47:59,147.71,98.0,296.36,39.0,138.1,101.0,417.27,45.0,148.65,199.0,84.0,40.23669842320575,147.71,296.36,283,115.0,153.0,0.41,144.0,4.0
07:48:00,154.0,54.0,265.15,26.0,153.0,18.0,298.69,26.0,111.14999999999998,72.0,52.0,37.0925555873414,154.0,265.15,124,20.0,-159.0,0.16,144.0,
07:48:01,154.0,20.0,235.5,24.0,153.0,20.0,236.69,26.0,81.5,40.0,50.0,29.08007341806438,154.0,235.5,90,-10.0,-34.0,-0.11,154.0,5.0
07:48:02,157.17,36.0,230.29,34.0,154.29,21.0,231.38,32.0,73.12,57.0,66.0,16.684643538296445,157.17,230.29,123,-9.0,33.0,-0.07,154.0,
07:48:03,158.41,34.0,227.62,39.0,156.86,21.0,228.63,35.0,69.21000000000001,55.0,74.0,12.834514794101656,158.41,227.62,129,-19.0,6.0,-0.15,154.0,
07:48:04,159.0,26.0,220.92,49.0,157.0,26.0,225.46,41.0,61.91999999999999,52.0,90.0,7.686698250875461,159.0,220.92,142,-38.0,13.0,-0.27,154.0,
07:48:05,158.38,26.0,203.0,65.0,157.61,41.0,224.27,55.0,44.620000000000005,67.0,120.0,5.729251259982376,158.38,203.0,187,-53.0,45.0,-0.28,158.33,6.0
07:48:06,155.82,11.0,189.12,43.0,154.18,34.0,199.88,51.0,33.30000000000001,45.0,94.0,9.162800881826916,155.82,189.12,139,-49.0,-48.0,-0.35,157.0,4.0
07:48:07,154.0,12.0,172.78,45.0,153.0,48.0,174.15,47.0,18.78,60.0,92.0,12.262592711168637,154.0,172.78,152,-32.0,13.0,-0.21,157.0,
07:48:08,156.8,75.0,166.63,57.0,153.41,34.0,168.25,65.0,9.829999999999984,109.0,122.0,11.880262202493851,156.8,166.63,231,-13.0,79.0,-0.06,157.0,
07:48:09,157.0,55.0,161.69,35.0,154.0,11.0,163.31,35.0,4.689999999999998,66.0,70.0,8.882013848221693,157.0,161.69,136,-4.0,-95.0,-0.03,157.0,
07:48:10,156.56,41.0,158.59,41.0,153.23,31.0,159.85,39.0,2.030000000000001,72.0,80.0,5.79439125361761,156.56,158.59,152,-8.0,16.0,-0.05,157.0,5.0
07:48:11,153.12,41.0,155.0,42.0,151.31,128.0,156.0,42.0,1.8799999999999957,169.0,84.0,3.6401002733439856,153.12,155.0,253,85.0,101.0,0.34,157.0,
07:48:12,151.39,82.0,153.8,30.0,146.95,76.0,154.8,30.0,2.410000000000025,158.0,60.0,3.743850958571712,151.39,153.8,218,98.0,-35.0,0.45,152.6,5.0
07:48:13,151.11,80.0,185.67,39.0,150.16,67.0,202.05,41.0,34.559999999999974,147.0,80.0,6.201771521105776,151.11,185.67,227,67.0,9.0,0.3,152.93,15.0
07:48:14,158.92,39.0,255.5,40.0,151.42,64.0,441.88,16.0,96.58,103.0,56.0,22.791659219986627,158.92,255.5,159,47.0,-68.0,0.3,152.93,
07:48:15,156.33,15.0,271.62,42.0,151.76,59.0,338.72,29.0,115.29,74.0,71.0,29.371043052639514,156.33,271.62,145,3.0,-14.0,0.02,156.33,3.0
07:48:16,151.18,34.0,210.0,15.0,150.38,58.0,353.5,28.0,58.81999999999999,92.0,43.0,25.870978528072825,151.18,210.0,135,49.0,-10.0,0.36,151.75,4.0
07:48:17,152.38,56.0,244.8,30.0,151.0,64.0,559.57,30.0,92.42000000000002,120.0,60.0,18.908763047857143,152.37999999999997,244.8,180,60.0,45.0,0.33,151.75,
07:48:18,154.89,63.0,291.54,26.0,151.0,72.0,433.67,27.0,136.65000000000003,135.0,53.0,16.230076401545723,154.89,291.54,188,82.0,8.0,0.44,151.75,
07:48:19,155.71,68.0,176.23,35.0,152.22,92.0,403.63,35.0,20.519999999999985,160.0,70.0,23.49758753574521,155.71,176.23,230,90.0,42.0,0.39,151.75,
07:48:20,155.75,59.0,193.23,39.0,152.41,99.0,500.23,39.0,37.47999999999999,158.0,78.0,22.76519712192289,155.75,193.23,236,80.0,6.0,0.34,158.0,4.0
07:48:23,160.0,49.0,334.77,39.0,156.0,13.0,534.77,43.0,174.76999999999998,62.0,82.0,78.7647549986669,160.0,334.77,144,-20.0,-150.0,-0.14,160.0,5.0
07:48:24,160.0,21.0,298.14,21.0,157.58,19.0,517.22,27.0,138.14,40.0,48.0,66.41603292880437,160.0,298.14,88,-8.0,-56.0,-0.09,160.0,
07:48:25,160.0,27.0,215.39,41.0,158.0,45.0,299.81,31.0,55.38999999999999,72.0,72.0,62.26457283239024,160.0,215.39,144,0.0,56.0,0.0,160.0,
07:48:26,160.0,28.0,205.82,55.0,158.0,55.0,207.55,55.0,45.81999999999999,83.0,110.0,64.06962049208674,160.0,205.82,193,-27.0,49.0,-0.14,160.0,1.0
07:48:27,160.0,14.0,204.43,35.0,158.0,35.0,273.31,29.0,44.43000000000001,49.0,64.0,30.32500997526648,160.0,204.43,113,-15.0,-80.0,-0.13,160.0,
07:48:28,160.0,24.0,203.0,60.0,158.0,60.0,436.67,36.0,43.0,84.0,96.0,20.488403305284866,160.0,203.0,180,-12.0,67.0,-0.07,160.0,
07:48:29,158.24,17.0,202.5,20.0,155.58,26.0,383.75,12.0,44.25999999999999,43.0,32.0,2.8226707211442834,158.24,202.5,75,11.0,-105.0,0.15,160.0,2.0
07:48:30,158.43,35.0,199.09,55.0,156.12,67.0,272.0,35.0,40.66,102.0,90.0,1.6328043361054714,158.43,199.09,192,12.0,117.0,0.06,160.0,
07:48:31,159.85,13.0,200.0,45.0,157.61,46.0,395.66,35.0,40.150000000000006,59.0,80.0,1.3501370300842472,159.84999999999997,200.0,139,-21.0,-53.0,-0.15,161.0,1.0
07:48:32,157.31,78.0,197.49,70.0,154.92,75.0,229.15,62.0,40.18000000000001,153.0,132.0,1.5692673449748622,157.31,197.49,285,21.0,146.0,0.07,161.0,
07:48:33,156.67,15.0,194.69,67.0,155.0,90.0,196.18,68.0,38.02000000000001,105.0,135.0,1.9180667350236125,156.67,194.69,240,-30.0,-45.0,-0.12,161.0,
07:48:34,155.23,22.0,193.0,50.0,154.52,29.0,195.0,40.0,37.77000000000001,51.0,90.0,2.330617943808859,155.23,193.0,141,-39.0,-99.0,-0.28,155.43,7.0
07:48:35,154.71,35.0,193.0,55.0,150.85,40.0,195.0,44.0,38.28999999999999,75.0,99.0,2.5195396404906303,154.71,193.0,174,-24.0,33.0,-0.14,153.67,6.0
07:48:36,159.0,22.0,191.33,48.0,158.0,22.0,192.37,51.0,32.33000000000001,44.0,99.0,1.4182136651448307,159.0,191.33,143,-55.0,-31.0,-0.38,153.67,
07:48:37,159.0,26.0,187.15,55.0,158.0,26.0,188.87,62.0,28.15000000000001,52.0,117.0,1.0456433426381109,159.0,187.15,169,-65.0,26.0,-0.38,153.67,
07:48:38,159.0,14.0,183.05,59.0,158.0,28.0,184.39,67.0,24.05000000000001,42.0,126.0,1.5461953304816345,159.0,183.05,168,-84.0,-1.0,-0.5,159.0,1.0
07:48:39,159.91,44.0,179.83,48.0,158.5,16.0,182.0,60.0,19.920000000000016,60.0,108.0,2.1407475329900665,159.91,179.83,168,-48.0,0.0,-0.29,159.0,
07:48:40,160.0,40.0,177.06,36.0,159.0,8.0,178.58,36.0,17.060000000000002,48.0,72.0,2.6280563159877044,160.0,177.06,120,-24.0,-48.0,-0.2,159.0,
07:48:41,160.0,55.0,172.33,43.0,159.0,11.0,173.76,50.0,12.330000000000013,66.0,93.0,2.6004845702296726,160.0,172.33,159,-27.0,39.0,-0.17,159.0,
07:48:42,160.0,40.0,165.22,36.0,159.0,8.0,166.12,33.0,5.219999999999999,48.0,69.0,3.34471224472334,160.0,165.22,117,-21.0,-42.0,-0.18,159.0,
07:48:43,158.5,24.0,162.96,45.0,156.52,29.0,164.09,44.0,4.460000000000008,53.0,89.0,3.8660832893255015,158.5,162.96,142,-36.0,25.0,-0.25,159.83,6.0
07:48:44,157.45,31.0,159.17,78.0,156.07,41.0,161.98,66.0,1.7199999999999989,72.0,144.0,4.1081772113677655,157.45,159.17,216,-72.0,74.0,-0.33,157.67,3.0
07:48:45,156.0,72.0,177.89,47.0,153.0,12.0,222.72,43.0,21.889999999999983,84.0,90.0,3.6358520321929135,156.0,177.89,174,-6.0,-42.0,-0.03,159.0,8.0
07:48:46,156.0,84.0,180.2,56.0,151.86,14.0,181.62,56.0,24.19999999999999,98.0,112.0,4.133267472593736,156.0,180.2,210,-14.0,36.0,-0.07,159.0,
07:48:47,156.0,46.0,177.3,33.0,151.0,9.0,179.08,39.0,21.30000000000001,55.0,72.0,4.34437797618964,156.0,177.3,127,-17.0,-83.0,-0.13,156.0,4.0
07:48:48,156.0,18.0,173.67,45.0,151.0,9.0,176.0,27.0,17.669999999999987,27.0,72.0,3.902399261992776,156.0,173.67,99,-45.0,-28.0,-0.45,156.0,
07:48:49,156.0,27.0,171.12,81.0,152.92,25.0,173.09,55.0,15.120000000000005,52.0,136.0,1.8066460638437247,156.0,171.12,188,-84.0,89.0,-0.45,156.0,1.0
07:48:50,156.0,11.0,164.0,51.0,155.0,33.0,165.8,49.0,8.0,44.0,100.0,3.112196973201051,156.0,164.0,144,-56.0,-44.0,-0.39,156.0,
07:48:51,156.0,9.0,158.19,31.0,155.0,27.0,159.56,36.0,2.1899999999999977,36.0,67.0,3.8457470015591744,156.0,158.19,103,-31.0,-41.0,-0.3,157.5,2.0
07:48:52,150.88,68.0,156.16,38.0,119.5,32.0,157.28,90.0,5.280000000000001,100.0,128.0,4.642383008757543,150.88,156.16,228,-28.0,125.0,-0.12,152.0,8.0
07:48:53,124.18,22.0,153.02,46.0,108.56,36.0,155.07,14.0,28.840000000000003,58.0,60.0,9.65464033509273,124.18,153.02,118,-2.0,-110.0,-0.02,152.0,
07:48:54,131.0,33.0,142.0,11.0,129.0,22.0,148.33,27.0,11.0,55.0,38.0,10.85526047591664,131.0,142.0,93,17.0,-25.0,0.18,152.0,
07:48:55,132.18,33.0,144.31,13.0,125.17,24.0,146.1,39.0,12.129999999999995,57.0,52.0,9.7171456714406,132.18,144.31,109,5.0,16.0,0.05,144.67,3.0
07:48:56,133.75,48.0,144.0,58.0,99.88,64.0,145.0,16.0,10.25,112.0,74.0,6.977873601606422,133.75,144.0,186,38.0,77.0,0.2,144.0,1.0
07:48:57,135.0,18.0,144.0,23.0,99.0,24.0,145.94,16.0,9.0,42.0,39.0,1.129194403101096,135.0,144.0,81,3.0,-105.0,0.04,144.0,
07:48:58,136.33,36.0,144.3,33.0,75.67,48.0,147.63,46.0,7.969999999999999,84.0,79.0,1.4446175964576016,136.33,144.3,163,5.0,82.0,0.03,144.67,6.0
07:48:59,138.0,15.0,148.25,8.0,25.0,10.0,149.23,13.0,10.25,25.0,21.0,1.8998736800101603,138.0,148.25,46,4.0,-117.0,0.09,148.25,4.0
07:49:00,138.0,18.0,149.0,9.0,106.67,12.0,150.0,6.0,11.0,30.0,15.0,2.1172340446902957,138.0,149.0,45,15.0,-1.0,0.33,149.0,1.0
07:49:01,139.0,21.0,147.71,7.0,50.14,14.0,149.29,7.0,8.710000000000008,35.0,14.0,1.8985784155509144,139.0,147.71,49,21.0,4.0,0.43,149.0,
07:49:02,152.14,14.0,307.79,33.0,119.32,25.0,582.15,26.0,155.65000000000003,39.0,59.0,39.10614631998401,152.14,307.79,98,-20.0,49.0,-0.2,151.29,7.0
07:49:03,153.0,18.0,377.54,26.0,136.0,36.0,422.36,22.0,224.54,54.0,48.0,58.47144200376799,153.0,377.54,102,6.0,4.0,0.06,153.0,1.0
07:49:04,155.04,28.0,354.46,39.0,141.48,29.0,359.0,26.0,199.42,57.0,65.0,59.75929090944777,155.04,354.46,122,-8.0,20.0,-0.07,156.0,1.0
07:49:05,157.05,20.0,353.0,30.0,155.0,15.0,376.25,32.0,195.95,35.0,62.0,49.972497235979816,157.05,353.0,97,-27.0,-25.0,-0.28,156.75,4.0
07:49:06,133.89,18.0,352.2,30.0,103.69,26.0,382.0,40.0,218.31,44.0,70.0,13.508572093304869,133.89,352.2,114,-26.0,17.0,-0.23,155.6,5.0
07:49:09,123.52,58.0,156.0,26.0,78.62,29.0,198.89,36.0,32.480000000000004,87.0,62.0,53.57912746583328,123.52,156.0,149,25.0,19.0,0.17,149.0,2.0
07:49:10,152.34,67.0,160.19,37.0,144.51,55.0,339.1,29.0,7.849999999999994,122.0,66.0,42.48882229481076,152.34,160.19,188,56.0,39.0,0.3,150.6,5.0
07:49:11,159.0,52.0,315.23,13.0,155.0,18.0,481.18,17.0,156.23000000000002,70.0,30.0,40.10657028468039,159.0,315.23,100,40.0,-88.0,0.4,159.0,1.0
07:49:14,159.0,38.0,425.63,41.0,158.0,10.0,544.54,26.0,266.63,48.0,67.0,64.64974423769993,159.0,425.63,115,-19.0,31.0,-0.17,159.0,1.0
07:49:15,159.0,30.0,227.1,20.0,158.0,10.0,370.31,35.0,68.1,40.0,55.0,50.686688094607405,159.0,227.1,95,-15.0,-20.0,-0.16,159.0,
07:49:16,159.64,22.0,172.0,16.0,158.64,28.0,232.0,16.0,12.360000000000014,50.0,32.0,67.91348798287433,159.64,172.0,82,18.0,-13.0,0.22,159.0,
07:49:22,159.2,30.0,164.32,19.0,158.1,62.0,165.45,11.0,5.1200000000000045,92.0,30.0,1.2386000161515789,159.2,164.32,122,62.0,48.0,0.51,160.0,3.0
07:49:23,158.46,52.0,160.7,20.0,157.62,64.0,161.8,20.0,2.2399999999999807,116.0,40.0,1.9918760001593023,158.46,160.7,156,76.0,34.0,0.49,159.0,3.0
07:49:24,158.0,49.0,172.57,7.0,155.0,14.0,177.54,13.0,14.569999999999991,63.0,20.0,2.197782973819442,158.0,172.57,83,43.0,-73.0,0.52,160.67,3.0
07:49:25,158.0,49.0,299.86,7.0,155.0,14.0,496.96,23.0,141.86,63.0,30.0,29.784508893047278,158.0,299.86,93,33.0,10.0,0.35,160.67,
07:49:26,158.0,72.0,312.0,11.0,155.0,22.0,489.48,27.0,154.0,94.0,38.0,38.3208177104823,158.0,312.0,132,56.0,39.0,0.42,158.0,1.0
07:49:27,158.0,60.0,249.0,34.0,154.75,16.0,278.68,22.0,91.0,76.0,56.0,35.00320485327044,158.0,249.0,132,20.0,0.0,0.15,158.0,
07:49:28,158.0,78.0,166.97,31.0,154.91,33.0,239.85,39.0,8.969999999999999,111.0,70.0,34.21301433665288,158.0,166.97,181,41.0,49.0,0.23,158.0,
07:49:29,158.0,16.0,166.0,44.0,155.43,23.0,284.95,21.0,8.0,39.0,65.0,35.04588306777296,158.0,166.0,104,-26.0,-77.0,-0.25,158.0,5.0
07:49:30,158.0,6.0,166.0,24.0,157.0,6.0,240.14,21.0,8.0,12.0,45.0,33.194127191417685,158.0,166.0,57,-33.0,-47.0,-0.58,158.0,
07:49:31,158.0,11.0,164.85,41.0,157.0,11.0,193.07,54.0,6.849999999999994,22.0,95.0,18.57315051357777,158.0,164.85,117,-73.0,60.0,-0.62,158.0,
