Time,Bid1_Price,Bid1_Volume,Ask1_Price,Ask1_Volume,Bid2_Price,Bid2_Volume,Ask2_Price,Ask2_Volume,Mid-Price,Bid_Ask_Spread,Market_Depth_Bid,Market_Depth_Ask,Historical_Volatility,Weighted_Avg_Bid_Price,Weighted_Avg_Ask_Price,Total_volume,Cumulative_Volume_Difference,Total_Volume_Change_Corrected,Order_imbalance,Weighted_Avg_Price,Trade_Volume
07:30:02,197.5,6.0,220.0,10.0,0.0,0.0,0.0,0.0,208.75,22.5,6.0,10.0,,197.5,220.0,16,-4.0,10.0,-0.25,,
07:30:03,208.67,18.0,220.0,30.0,126.25,12.0,223.0,6.0,214.33,11.330000000000013,30.0,36.0,,208.67,220.0,66,-6.0,50.0,-0.09,,
07:30:04,210.25,12.0,220.0,20.0,36.0,12.0,223.0,4.0,215.12,9.75,24.0,24.0,97.36450559623871,210.25,220.0,48,0.0,-18.0,0.0,,
07:30:05,214.0,15.0,220.0,25.0,134.0,15.0,223.0,5.0,217.0,6.0,30.0,30.0,55.785140942727736,214.0,220.0,60,0.0,12.0,0.0,,
07:30:06,216.33,9.0,220.0,15.0,215.0,9.0,223.0,3.0,218.17,3.669999999999988,18.0,18.0,3.641542255693039,216.33,220.0,36,0.0,-24.0,0.0,,
07:30:07,218.0,9.0,220.0,6.0,216.0,9.0,223.0,3.0,219.0,2.0,18.0,9.0,1.9780874601488017,218.0,220.0,27,9.0,-9.0,0.33,220.0,3.0
07:30:08,218.8,15.0,220.33,9.0,217.5,24.0,225.78,9.0,219.57,1.5300000000000011,39.0,18.0,1.7697655211914287,218.8,220.33,57,21.0,30.0,0.37,220.0,2.0
07:30:09,218.58,26.0,222.0,50.0,217.18,102.0,223.0,10.0,220.29,3.4199999999999875,128.0,60.0,1.2737464425850102,218.58,222.0,188,68.0,131.0,0.36,220.0,
07:30:10,221.0,4.0,222.0,20.0,220.0,12.0,223.0,4.0,221.5,1.0,16.0,24.0,1.2684360448985723,221.0,222.0,40,-8.0,-148.0,-0.2,220.0,
07:30:11,220.62,8.0,222.0,23.0,216.89,27.0,223.0,6.0,221.31,1.3799999999999957,35.0,29.0,1.081355630677478,220.62,222.0,64,6.0,24.0,0.09,222.0,3.0
07:30:12,221.0,84.0,222.0,14.0,220.0,21.0,223.0,7.0,221.5,1.0,105.0,21.0,0.8670813110647944,221.0,222.0,126,84.0,62.0,0.67,222.0,
07:30:13,220.67,18.0,222.5,4.0,212.89,27.0,226.43,7.0,221.58,1.8300000000000125,45.0,11.0,0.5380799197125015,220.67,222.5,56,34.0,-70.0,0.61,222.0,2.0
07:30:14,221.1,30.0,225.25,16.0,210.8,120.0,227.42,36.0,223.18,4.150000000000006,150.0,52.0,0.7700519462982897,221.1,225.25,202,98.0,146.0,0.49,223.0,1.0
07:30:15,223.56,81.0,227.0,27.0,222.0,27.0,228.0,45.0,225.28,3.4399999999999977,108.0,72.0,1.690325412456943,223.56,227.0,180,36.0,-22.0,0.2,223.0,
07:30:16,224.75,72.0,227.0,24.0,222.0,24.0,228.0,40.0,225.88,2.25,96.0,64.0,2.038401334378904,224.75,227.0,160,32.0,-20.0,0.2,223.0,
07:30:17,222.22,67.0,227.7,50.0,217.33,118.0,236.29,35.0,224.96,5.47999999999999,185.0,85.0,1.7655254175450656,222.22,227.7,270,100.0,110.0,0.37,227.5,6.0
07:30:18,218.0,18.0,227.0,15.0,213.9,126.0,241.83,12.0,222.5,9.0,144.0,27.0,1.446443915261732,218.0,227.0,171,117.0,-99.0,0.68,223.0,1.0
07:30:19,219.97,62.0,226.83,58.0,215.42,134.0,235.09,35.0,223.4,6.860000000000014,196.0,93.0,1.404307658598247,219.97,226.83,289,103.0,118.0,0.36,223.0,
07:30:20,221.07,90.0,225.0,68.0,219.78,46.0,226.91,22.0,223.03,3.930000000000007,136.0,90.0,1.4138882558383887,221.07,225.0,226,46.0,-63.0,0.2,223.0,
07:30:21,221.3,92.0,224.67,46.0,216.27,198.0,226.07,28.0,222.99,3.369999999999976,290.0,74.0,0.9415041157625286,221.3,224.67,364,216.0,138.0,0.59,223.8,5.0
07:30:22,217.82,132.0,223.43,35.0,213.62,215.0,227.0,20.0,220.62,5.610000000000014,347.0,55.0,1.102846317488456,217.82,223.43,402,292.0,38.0,0.73,223.8,
07:30:23,217.4,75.0,226.0,10.0,215.09,105.0,227.0,20.0,221.7,8.599999999999994,180.0,30.0,1.1608057546367818,217.4,226.0,210,150.0,-170.5,0.71,223.0,3.0
07:30:24,215.91,132.0,231.88,25.0,212.2,40.0,233.53,15.0,223.89,15.97,172.0,40.0,1.28577991895886,215.91,231.88,212,132.0,2.0,0.62,228.57,7.0
07:30:25,215.0,132.0,232.03,37.0,212.1,42.0,233.11,35.0,223.51,17.03,174.0,72.0,1.3562706219622391,215.0,232.03000000000003,246,102.0,34.0,0.41,228.57,
07:30:26,215.62,144.0,230.12,64.0,213.95,80.0,233.73,37.0,222.88,14.5,224.0,101.0,1.3480541532141193,215.62,230.12,325,123.0,79.0,0.38,228.57,
07:30:27,218.65,119.0,229.59,58.0,216.0,34.0,231.26,39.0,224.12,10.939999999999998,153.0,97.0,0.9706956268562056,218.65,229.59,250,56.0,-75.0,0.22,228.57,
07:30:28,219.97,95.0,228.0,30.0,216.9,101.0,230.25,53.0,223.98,8.030000000000001,196.0,83.0,0.4991292417777991,219.97000000000003,228.0,279,113.0,29.0,0.41,228.57,
07:30:29,223.34,68.0,230.02,83.0,220.23,103.0,231.93,42.0,226.68,6.680000000000007,171.0,125.0,1.4506825979509086,223.34,230.02,296,46.0,17.0,0.16,229.0,3.0
07:30:30,225.89,126.0,229.11,87.0,222.0,36.0,232.85,52.0,227.5,3.2200000000000277,162.0,139.0,1.960642751751952,225.89,229.11,301,23.0,5.0,0.08,229.0,1.0
07:30:31,226.02,55.0,232.57,56.0,221.96,48.0,235.11,36.0,229.29,6.549999999999983,103.0,92.0,2.2725712310062485,226.02,232.57,195,11.0,-106.0,0.06,229.0,4.0
07:30:32,228.0,48.0,234.0,64.0,223.5,56.0,236.0,32.0,231.0,6.0,104.0,96.0,2.661597264801171,228.0,234.0,200,8.0,5.0,0.04,229.0,
07:30:33,226.59,27.0,234.0,48.0,222.19,53.0,236.0,24.0,230.3,7.409999999999997,80.0,72.0,1.830021857792112,226.59,234.0,152,8.0,-48.0,0.05,228.25,4.0
07:30:34,224.88,41.0,234.0,37.0,222.09,11.0,236.0,22.0,229.44,9.120000000000005,52.0,59.0,1.3169586174200028,224.88,234.0,111,-7.0,-41.0,-0.06,234.0,1.0
07:30:35,228.07,127.0,234.71,28.0,224.61,41.0,261.88,17.0,231.39,6.640000000000015,168.0,45.0,0.926892658292552,228.07,234.71,213,123.0,102.0,0.58,234.0,3.0
07:30:36,235.0,104.0,236.0,14.0,225.0,86.0,426.4,15.0,235.5,1.0,190.0,29.0,2.3421315078356333,235.0,236.0,219,161.0,6.0,0.74,236.0,1.0
07:30:37,235.0,100.0,344.0,14.0,229.08,24.0,551.0,18.0,289.5,109.0,124.0,32.0,25.972101955752343,235.0,344.0,156,92.0,-63.0,0.59,235.0,1.0
07:30:38,235.0,123.0,390.25,40.0,232.0,26.0,475.21,47.0,312.62,155.25,149.0,87.0,38.70183974955186,235.0,390.25,236,62.0,80.0,0.26,235.0,9.0
07:30:39,230.87,60.0,237.82,39.0,226.9,67.0,330.98,43.0,234.34,6.949999999999989,127.0,82.0,37.7957920938296,230.87,237.82,209,45.0,-27.0,0.22,231.57,7.0
07:30:40,233.0,52.0,234.77,35.0,225.85,104.0,235.8,30.0,233.89,1.7700000000000102,156.0,65.0,37.325218016777775,233.0,234.77,221,91.0,12.0,0.41,234.0,2.0
07:30:41,233.0,19.0,234.0,21.0,229.54,26.0,235.67,18.0,233.5,1.0,45.0,39.0,37.67813556958456,233.0,234.0,84,6.0,-137.0,0.07,233.0,3.0
07:30:42,234.12,32.0,235.71,28.0,232.14,28.0,328.9,42.0,234.92,1.5900000000000034,60.0,70.0,35.09124506198085,234.12,235.71,130,-10.0,46.0,-0.08,234.0,3.0
07:30:43,235.0,69.0,237.0,28.0,233.0,14.0,475.13,52.0,236.0,2.0,83.0,80.0,0.977189848493766,235.0,237.0,163,3.0,33.0,0.02,235.0,3.0
07:30:44,235.0,61.0,236.0,26.0,232.35,23.0,238.54,26.0,235.5,1.0,84.0,52.0,1.0553767099946825,235.0,236.0,136,32.0,-27.0,0.24,235.0,
07:30:45,234.69,45.0,239.0,16.0,232.95,59.0,295.57,28.0,236.84,4.310000000000002,104.0,44.0,1.2522459822251508,234.69,239.0,148,60.0,12.0,0.41,234.67,6.0
07:30:46,233.0,43.0,242.0,18.0,232.0,27.0,429.43,37.0,237.5,9.0,70.0,55.0,1.0315619225227397,233.0,242.0,125,15.0,-23.0,0.12,233.0,5.0
07:30:47,233.0,4.0,242.0,4.0,232.0,6.0,447.0,8.0,237.5,9.0,10.0,12.0,0.8978418568983497,233.0,242.0,22,-2.0,-103.0,-0.09,233.0,
07:30:48,233.0,20.0,240.77,26.0,232.0,30.0,340.82,34.0,236.88,7.77000000000001,50.0,60.0,0.8167496556464745,233.0,240.77,110,-10.0,88.0,-0.09,233.0,
07:30:49,232.77,13.0,244.0,14.0,231.09,22.0,334.0,24.0,238.38,11.22999999999999,35.0,38.0,0.6249799996787795,232.77,244.0,73,-3.0,-37.0,-0.04,233.0,2.0
07:30:50,232.13,15.0,244.0,22.0,229.59,39.0,336.27,33.0,238.07,11.870000000000005,54.0,55.0,0.580068961416167,232.13,244.0,109,-1.0,36.0,-0.01,231.8,5.0
07:30:51,232.57,37.0,244.0,14.0,228.5,32.0,578.0,28.0,238.28,11.430000000000009,69.0,42.0,0.6272320144877804,232.57,244.0,111,27.0,2.0,0.24,231.8,
07:30:52,229.24,76.0,423.7,20.0,228.84,49.0,699.93,30.0,326.47,194.46,125.0,50.0,39.61314718625617,229.24,423.7,175,75.0,64.0,0.43,231.8,
07:30:53,232.0,64.0,240.14,21.0,230.0,48.0,423.0,29.0,236.07,8.139999999999986,112.0,50.0,39.71046121615808,232.0,240.14,162,62.0,-13.0,0.38,231.8,
07:30:54,232.91,68.0,243.29,42.0,231.22,108.0,403.66,58.0,238.1,10.379999999999995,176.0,100.0,39.74074445704301,232.91,243.29,276,76.0,114.0,0.28,233.5,4.0
07:30:58,230.0,24.0,235.94,18.0,229.0,73.0,236.86,42.0,232.97,5.939999999999998,97.0,60.0,2.547773537816493,230.0,235.94,157,37.0,65.0,0.24,233.5,
07:30:59,230.0,14.0,234.0,9.0,229.0,130.0,236.0,27.0,232.0,4.0,144.0,36.0,3.399139597015432,230.0,234.0,180,108.0,23.0,0.6,233.5,2.0
07:31:00,229.02,95.0,234.5,24.0,213.92,39.0,244.0,24.0,231.76,5.47999999999999,134.0,48.0,3.2883536914387053,229.02,234.5,182,86.0,2.0,0.47,229.5,4.0
07:31:01,230.8,50.0,234.0,45.0,229.19,53.0,241.92,36.0,232.4,3.1999999999999886,103.0,81.0,2.303317173122023,230.8,234.0,184,22.0,2.0,0.12,229.5,
07:31:02,230.07,43.0,235.4,30.0,228.11,47.0,300.89,36.0,232.73,5.3300000000000125,90.0,66.0,0.4998699830946033,230.07,235.4,156,24.0,-28.0,0.15,231.0,3.0
07:31:03,228.5,30.0,238.67,18.0,226.71,28.0,247.0,36.0,233.58,10.169999999999987,58.0,54.0,0.7118145825978631,228.5,238.67,112,4.0,-44.0,0.04,228.6,5.0
07:31:04,229.29,21.0,236.0,14.0,227.0,35.0,247.0,28.0,232.64,6.710000000000008,56.0,42.0,0.6561402289137077,229.29,236.0,98,14.0,-14.0,0.14,228.6,
07:31:05,230.1,30.0,236.0,20.0,228.0,20.0,247.0,40.0,233.05,5.900000000000006,50.0,60.0,0.4553570027998373,230.1,236.0,110,-10.0,12.0,-0.09,228.6,
07:31:06,231.0,25.0,235.11,18.0,227.16,25.0,238.2,20.0,233.06,4.110000000000014,50.0,38.0,0.3688766731562404,231.0,235.11,88,12.0,-22.0,0.14,231.0,1.0
07:31:07,232.43,28.0,235.0,44.0,225.4,30.0,244.0,44.0,233.71,2.569999999999993,58.0,88.0,0.4358554806340732,232.43,235.0,146,-30.0,58.0,-0.21,231.0,
07:31:08,232.2,25.0,234.95,40.0,228.38,45.0,240.71,42.0,233.57,2.75,70.0,82.0,0.4337395531868826,232.2,234.95,152,-12.0,6.0,-0.08,233.0,2.0
07:31:09,229.0,59.0,235.92,26.0,225.0,37.0,241.0,52.0,232.46,6.919999999999988,96.0,78.0,0.4955300192710411,229.0,235.92,174,18.0,22.0,0.1,233.0,
07:31:10,229.0,18.0,238.0,18.0,225.0,9.0,241.0,36.0,233.5,9.0,27.0,54.0,0.5089695472213792,229.0,238.0,81,-27.0,-93.0,-0.33,233.0,
07:31:11,229.0,9.0,238.0,16.0,227.42,26.0,241.21,38.0,233.5,9.0,35.0,54.0,0.5037558932645002,229.0,238.0,89,-19.0,8.0,-0.21,229.0,1.0
07:31:12,229.92,26.0,238.0,16.0,228.3,20.0,241.0,40.0,233.96,8.080000000000013,46.0,56.0,0.5581397674406536,229.92,238.0,102,-10.0,13.0,-0.1,229.0,
07:31:13,231.23,31.0,238.0,26.0,230.65,34.0,241.0,65.0,234.61,6.77000000000001,65.0,91.0,0.7856716871560748,231.23,238.0,156,-26.0,54.0,-0.17,232.0,1.0
07:31:14,231.43,28.0,238.0,16.0,229.5,32.0,241.0,40.0,234.71,6.569999999999993,60.0,56.0,0.5835494837617411,231.43,238.0,116,4.0,-40.0,0.03,232.0,
07:31:15,234.0,24.0,237.14,42.0,231.0,48.0,239.36,33.0,235.57,3.1399999999999864,72.0,75.0,0.7887014644328529,234.0,237.14,147,-3.0,31.0,-0.02,232.0,
07:31:16,234.0,22.0,236.27,44.0,231.0,44.0,240.47,45.0,235.14,2.2700000000000102,66.0,89.0,0.6037963232734036,234.0,236.27,155,-23.0,8.0,-0.15,232.0,
07:31:17,233.08,26.0,237.0,46.0,230.89,38.0,241.15,53.0,235.04,3.919999999999988,64.0,99.0,0.3812217202606002,233.08,237.0,163,-35.0,8.0,-0.21,234.0,2.0
07:31:18,232.79,14.0,240.02,51.0,231.0,56.0,240.94,63.0,236.4,7.230000000000018,70.0,114.0,0.6515903621128938,232.79,240.02,184,-44.0,21.0,-0.24,239.0,2.0
07:31:19,233.0,18.0,237.36,56.0,231.0,72.0,238.31,70.0,235.18,4.360000000000014,90.0,126.0,0.5596248743563884,233.0,237.36,216,-36.0,32.0,-0.17,239.0,
07:31:20,231.27,55.0,235.1,61.0,230.4,40.0,236.41,68.0,233.19,3.829999999999984,95.0,129.0,1.149913040189759,231.27,235.1,224,-34.0,8.0,-0.15,234.0,1.0
07:31:21,231.0,64.0,232.45,40.0,229.0,16.0,233.38,48.0,231.72,1.4499999999999886,80.0,88.0,1.8452858857094527,231.0,232.45,168,-8.0,-56.0,-0.05,232.0,3.0
07:31:22,231.0,43.0,232.87,31.0,229.0,13.0,233.69,39.0,231.94,1.8700000000000043,56.0,70.0,2.046797498532425,231.0,232.87,126,-14.0,-42.0,-0.11,231.0,1.0
07:31:23,231.0,30.0,232.1,30.0,229.0,10.0,233.1,30.0,231.55,1.0999999999999943,40.0,60.0,1.5206676165417177,231.0,232.1,100,-20.0,-26.0,-0.2,231.0,
07:31:24,230.16,19.0,232.03,38.0,227.08,125.0,235.59,51.0,231.09,1.8700000000000043,144.0,89.0,0.7868735603632522,230.16,232.03,233,55.0,133.0,0.24,231.0,3.0
07:31:25,227.05,161.0,231.2,60.0,226.72,57.0,232.71,55.0,229.12,4.149999999999977,218.0,115.0,1.1414595919255557,227.05,231.2,333,103.0,100.0,0.31,229.0,1.0
07:31:26,227.0,195.0,229.83,24.0,223.0,15.0,230.47,57.0,228.42,2.8300000000000125,210.0,81.0,1.5593363973174508,227.0,229.83,291,129.0,-42.0,0.44,229.0,
07:31:27,227.0,131.0,228.25,12.0,224.2,15.0,230.0,48.0,227.62,1.25,146.0,60.0,1.6998382275967006,227.0,228.25,206,86.0,-85.0,0.42,227.0,5.0
07:31:28,227.0,116.0,229.04,27.0,226.0,30.0,230.58,48.0,228.02,2.039999999999992,146.0,75.0,1.3672161496995134,227.0,229.04,221,71.0,15.0,0.32,227.0,1.0
07:31:29,227.53,104.0,229.0,72.0,226.85,91.0,234.0,90.0,228.26,1.4699999999999989,195.0,162.0,0.5541840849385815,227.53,229.0,357,33.0,136.0,0.09,227.0,
07:31:30,226.96,56.0,233.37,63.0,225.89,61.0,235.57,21.0,230.16,6.409999999999997,117.0,84.0,0.9777934342176724,226.96,233.37,201,33.0,-156.0,0.16,229.0,4.0
07:31:31,226.21,57.0,234.0,60.0,225.17,24.0,236.5,12.0,230.11,7.789999999999992,81.0,72.0,1.2095784389609343,226.21,234.0,153,9.0,-48.0,0.06,228.5,4.0
07:31:32,224.0,68.0,233.1,50.0,222.0,10.0,234.04,47.0,228.55,9.099999999999994,78.0,97.0,1.0351569929238542,224.0,233.1,175,-19.0,22.0,-0.11,224.0,2.0
07:31:33,224.71,84.0,232.0,16.0,223.3,27.0,233.29,63.0,228.36,7.289999999999992,111.0,79.0,0.9615976289483804,224.71,232.0,190,32.0,15.0,0.17,232.0,4.0
07:31:34,223.31,96.0,231.38,16.0,221.0,16.0,233.0,87.0,227.34,8.069999999999993,112.0,103.0,1.2144257902396296,223.31000000000003,231.38,215,9.0,25.0,0.04,232.0,
07:31:35,225.07,118.0,230.33,15.0,223.89,118.0,233.0,90.0,227.7,5.260000000000019,236.0,105.0,1.0678342568016763,225.07,230.33,341,131.0,126.0,0.38,232.0,
07:31:36,228.41,148.0,232.36,44.0,226.0,70.0,233.33,54.0,230.38,3.950000000000017,218.0,98.0,1.1764692941165806,228.41,232.36,316,120.0,-25.0,0.38,228.0,1.0
07:31:37,231.2,125.0,233.14,81.0,228.38,117.0,234.26,31.0,232.17,1.9399999999999975,242.0,112.0,2.0388722372917543,231.2,233.14,354,130.0,38.0,0.37,232.5,2.0
07:31:38,232.0,44.0,234.0,57.0,231.0,110.0,238.18,11.0,233.0,2.0,154.0,68.0,2.556818335353341,232.0,234.0,222,86.0,-132.0,0.39,232.5,
07:31:39,233.0,44.0,234.0,55.0,231.0,110.0,238.0,11.0,233.5,1.0,154.0,66.0,2.360127115220484,233.0,234.0,220,88.0,-2.0,0.4,232.5,
07:31:40,233.0,32.0,234.0,40.0,231.03,62.0,238.0,8.0,233.5,1.0,94.0,48.0,1.308892661756054,233.0,234.0,142,46.0,-78.0,0.32,232.5,
07:31:41,231.76,58.0,299.33,61.0,230.88,123.0,380.49,41.0,265.54,67.57,181.0,102.0,14.54348376421544,231.76,299.33,283,79.0,141.0,0.28,235.29,7.0
07:31:48,231.29,85.0,235.67,36.0,230.11,18.0,243.24,21.0,233.48,4.379999999999996,103.0,57.0,9.113553094155757,231.29,235.67,160,46.0,-170.5,0.29,236.0,8.0
07:31:49,231.0,93.0,233.15,53.0,229.0,12.0,236.05,40.0,232.08,2.1500000000000057,105.0,93.0,9.122892633369975,231.0,233.15,198,12.0,38.0,0.06,231.0,7.0
07:31:50,223.78,27.0,234.0,44.0,172.35,48.0,240.0,11.0,228.89,10.22,75.0,55.0,7.936953445749606,223.78,234.0,130,20.0,-68.0,0.15,225.8,10.0
07:31:51,222.0,5.0,236.4,20.0,190.1,21.0,240.0,5.0,229.2,14.400000000000006,26.0,25.0,3.2280752779321715,222.0,236.4,51,1.0,-79.0,0.02,225.8,
07:31:52,222.0,8.0,237.0,32.0,184.75,20.0,240.0,8.0,229.5,15.0,28.0,40.0,2.0355834544417317,222.0,237.0,68,-12.0,17.0,-0.18,225.8,
07:31:53,233.44,36.0,237.0,40.0,228.92,24.0,240.0,10.0,235.22,3.5600000000000023,60.0,50.0,2.6886093059418186,233.44,237.0,110,10.0,42.0,0.09,225.8,
07:31:55,234.4,25.0,238.67,9.0,232.42,19.0,340.0,21.0,236.53,4.269999999999982,44.0,30.0,3.639604374103993,234.4,238.67,74,14.0,-38.0,0.19,237.0,4.0
07:31:56,234.0,16.0,240.0,4.0,232.0,12.0,331.75,16.0,237.0,6.0,28.0,20.0,3.0687000505094866,234.0,240.0,48,8.0,-26.0,0.17,237.0,
07:31:57,234.0,32.0,240.0,8.0,232.0,24.0,418.27,30.0,237.0,6.0,56.0,38.0,0.7479438481577046,234.0,240.0,94,18.0,46.0,0.19,237.0,
07:32:10,233.53,38.0,236.36,11.0,232.31,58.0,240.64,22.0,234.94,2.8300000000000125,96.0,33.0,1.4630721103202629,233.53,236.36,129,63.0,12.0,0.49,233.78,9.0
07:32:11,232.0,70.0,234.64,14.0,231.0,28.0,240.5,28.0,233.32,2.6399999999999864,98.0,42.0,2.093685745281978,232.0,234.64,140,56.0,11.0,0.4,233.78,
07:32:12,232.0,51.0,237.0,15.0,231.0,22.0,241.07,30.0,234.5,5.0,73.0,45.0,1.7605453700478528,232.0,237.0,118,28.0,-22.0,0.24,232.0,1.0
07:32:13,232.0,44.0,240.0,22.0,231.0,22.0,242.17,29.0,236.0,8.0,66.0,51.0,1.4205703080090513,232.0,240.0,117,15.0,-1.0,0.13,232.0,
07:32:14,232.0,30.0,239.69,32.0,231.0,26.0,242.2,15.0,235.84,7.689999999999998,56.0,47.0,1.0896788517709826,232.0,239.69,103,9.0,-14.0,0.09,232.0,2.0
07:32:15,232.0,20.0,239.0,50.0,231.0,20.0,240.0,29.0,235.5,7.0,40.0,79.0,1.1205891307686908,232.0,239.0,119,-39.0,16.0,-0.33,232.0,
07:32:16,232.0,24.0,239.0,60.0,229.57,49.0,240.0,36.0,235.5,7.0,73.0,96.0,0.5831980795552589,232.0,239.0,169,-23.0,50.0,-0.14,232.0,
07:32:17,232.0,30.0,237.27,75.0,229.35,51.0,240.0,45.0,234.63,5.27000000000001,81.0,120.0,0.5296980271786373,232.0,237.27,201,-39.0,32.0,-0.19,232.0,
07:32:18,232.78,36.0,234.69,74.0,231.35,62.0,241.52,29.0,233.73,1.9099999999999968,98.0,103.0,0.8583996738098785,232.78,234.69000000000003,201,-5.0,0.0,-0.02,233.83,6.0
07:32:19,233.8,71.0,238.68,69.0,232.0,38.0,241.29,48.0,236.24,4.879999999999996,109.0,117.0,0.963768644435439,233.8,238.68000000000004,226,-8.0,25.0,-0.04,233.83,
07:32:20,234.22,83.0,236.0,42.0,233.82,109.0,238.0,14.0,235.11,1.7800000000000011,192.0,56.0,0.940834735751669,234.22,236.0,248,136.0,22.0,0.55,233.83,
07:32:21,234.32,63.0,238.75,16.0,233.63,54.0,244.45,31.0,236.53,4.430000000000007,117.0,47.0,1.1546514625621656,234.32,238.75,164,70.0,-84.0,0.43,235.0,2.0
07:32:37,234.88,16.0,244.0,63.0,234.14,7.0,249.0,14.0,239.44,9.120000000000005,23.0,77.0,1.0370728036149204,234.88,244.0,100,-54.0,16.0,-0.54,234.6,5.0
07:32:38,233.0,42.0,244.0,126.0,232.0,14.0,249.0,28.0,238.5,11.0,56.0,154.0,0.6629630457255735,233.0,244.0,210,-98.0,110.0,-0.47,234.6,
07:32:39,233.0,39.0,244.0,77.0,232.0,13.0,249.0,26.0,238.5,11.0,52.0,103.0,0.7547979862173204,233.0,244.0,155,-51.0,-55.0,-0.33,234.6,
07:32:40,233.0,18.0,244.0,30.0,232.0,6.0,249.0,12.0,238.5,11.0,24.0,42.0,0.6969361520237802,233.0,244.0,66,-18.0,-89.0,-0.27,234.6,
07:32:41,233.0,27.0,244.0,45.0,232.0,9.0,245.5,32.0,238.5,11.0,36.0,77.0,0.4203807797672471,233.0,244.0,113,-41.0,47.0,-0.36,234.6,
07:32:42,233.0,24.0,244.0,40.0,232.0,8.0,245.0,32.0,238.5,11.0,32.0,72.0,0.0,233.0,244.0,104,-40.0,-9.0,-0.38,234.6,
07:32:43,232.82,22.0,243.1,50.0,231.43,14.0,244.08,49.0,237.96,10.28,36.0,99.0,0.2414953415652842,232.82,243.1,135,-63.0,31.0,-0.47,233.0,3.0
07:32:44,232.0,17.0,241.47,85.0,231.0,34.0,244.0,85.0,236.74,9.47,51.0,170.0,0.7634133873582183,232.0,241.47,221,-119.0,86.0,-0.54,233.0,
07:32:45,232.5,24.0,239.56,63.0,229.87,30.0,241.57,70.0,236.03,7.060000000000002,54.0,133.0,1.1112515466795834,232.5,239.56,187,-79.0,-34.0,-0.42,230.75,4.0
07:32:46,233.84,57.0,236.51,91.0,229.96,50.0,237.95,80.0,235.17,2.6699999999999875,107.0,171.0,1.3653754062520018,233.84000000000003,236.51,278,-64.0,91.0,-0.23,233.25,4.0
07:32:47,229.55,33.0,235.09,55.0,226.33,30.0,241.0,44.0,232.32,5.539999999999992,63.0,99.0,2.120596614162599,229.55,235.09,162,-36.0,-116.0,-0.22,230.2,5.0
07:32:48,227.0,48.0,234.69,80.0,222.46,155.0,241.0,80.0,230.84,7.689999999999998,203.0,160.0,2.5280130537633427,227.0,234.69,363,43.0,169.5,0.12,230.2,
07:32:49,227.0,42.0,231.86,65.0,222.18,199.0,236.71,56.0,229.43,4.860000000000014,241.0,121.0,2.804901067773665,227.0,231.86,362,120.0,-1.0,0.33,231.0,1.0
07:32:50,227.0,24.0,235.12,32.0,225.0,32.0,238.69,39.0,231.06,8.120000000000005,56.0,71.0,2.162574854195308,227.0,235.12,127,-15.0,-170.5,-0.12,229.0,4.0
07:32:51,227.0,27.0,236.0,36.0,225.0,36.0,239.0,45.0,231.5,9.0,63.0,81.0,1.0585367258616505,227.0,236.0,144,-18.0,17.0,-0.12,229.0,
07:32:52,227.0,33.0,235.82,44.0,225.0,44.0,238.68,37.0,231.41,8.819999999999993,77.0,81.0,0.8361638595382597,227.0,235.82,158,-4.0,14.0,-0.03,229.0,
07:32:53,227.0,42.0,236.56,36.0,225.0,56.0,238.86,58.0,231.78,9.560000000000002,98.0,94.0,0.9338790071513025,227.0,236.56,192,4.0,34.0,0.02,229.0,
07:32:54,227.0,48.0,234.41,54.0,225.2,40.0,236.07,54.0,230.7,7.409999999999997,88.0,108.0,0.4182104733240115,227.0,234.41,196,-20.0,4.0,-0.1,229.0,
07:32:55,227.25,28.0,230.19,42.0,226.75,28.0,232.65,40.0,228.72,2.9399999999999977,56.0,82.0,1.2406127518278725,227.25,230.19,138,-26.0,-58.0,-0.19,228.0,1.0
07:32:56,225.89,27.0,229.0,18.0,224.18,33.0,236.0,18.0,227.44,3.1100000000000136,60.0,36.0,1.8599731180847687,225.89,229.0,96,24.0,-42.0,0.25,228.0,
07:32:57,230.25,36.0,234.42,31.0,224.69,39.0,236.29,42.0,232.33,4.169999999999988,75.0,73.0,2.067070390673232,230.25,234.42,148,2.0,52.0,0.01,229.0,2.0
07:32:58,232.0,35.0,234.04,67.0,225.0,39.0,235.14,42.0,233.02,2.039999999999992,74.0,109.0,2.35873271058804,232.0,234.04,183,-35.0,35.0,-0.19,232.0,1.0
07:32:59,232.0,26.0,233.93,83.0,225.2,59.0,234.8,41.0,232.96,1.9300000000000068,85.0,124.0,2.622342464286084,232.0,233.93000000000004,209,-39.0,26.0,-0.19,232.0,
07:33:00,232.46,26.0,233.78,41.0,228.34,41.0,234.83,36.0,233.12,1.3199999999999932,67.0,77.0,2.4425150971893723,232.46,233.78,144,-10.0,-65.0,-0.07,233.0,6.0
07:33:01,232.0,22.0,236.0,36.0,227.62,78.0,240.9,41.0,234.0,4.0,100.0,77.0,0.5975617122925274,232.0,236.0,177,23.0,33.0,0.13,234.0,4.0
07:33:02,230.5,36.0,237.0,29.0,228.71,63.0,242.0,48.0,233.75,6.5,99.0,77.0,0.4728636166993369,230.5,237.0,176,22.0,-1.0,0.12,232.0,2.0
07:33:03,229.14,84.0,237.0,86.0,227.5,48.0,242.0,56.0,233.07,7.860000000000014,132.0,142.0,0.4640581860047074,229.14,237.0,274,-10.0,98.0,-0.04,232.0,
07:33:04,230.94,96.0,237.0,115.0,229.0,96.0,242.0,64.0,233.97,6.060000000000002,192.0,179.0,0.4552691511600424,230.94,237.0,371,13.0,97.0,0.04,232.0,
07:33:05,231.0,54.0,237.0,81.0,229.0,54.0,242.0,36.0,234.0,6.0,108.0,117.0,0.3985849972063558,231.0,237.0,225,-9.0,-146.0,-0.04,232.0,
07:33:06,231.65,86.0,237.0,144.0,230.72,156.0,242.0,64.0,234.33,5.349999999999994,242.0,208.0,0.4696594510898252,231.65,237.0,450,34.0,169.5,0.08,232.0,
07:33:07,234.91,79.0,237.0,171.0,233.22,54.0,242.0,76.0,235.96,2.0900000000000034,133.0,247.0,1.056233875615633,234.91,237.0,380,-114.0,-70.0,-0.3,232.0,
07:33:08,235.0,42.0,237.0,63.0,234.0,7.0,242.0,28.0,236.0,2.0,49.0,91.0,1.039456588799176,235.0,237.0,140,-42.0,-170.5,-0.3,232.0,
07:33:14,233.0,8.0,237.0,24.0,231.09,66.0,242.0,32.0,235.0,4.0,74.0,56.0,0.670820393248464,233.0,237.0,130,18.0,-13.0,0.14,233.33,3.0
07:33:15,234.53,81.0,237.0,51.0,231.43,35.0,242.0,68.0,235.77,2.469999999999999,116.0,119.0,0.6686404115801118,234.53,237.0,235,-3.0,105.0,-0.01,234.0,1.0
07:33:17,232.38,21.0,241.6,60.0,231.03,134.0,347.65,77.0,236.99,9.22,155.0,137.0,0.905345238015873,232.38,241.6,292,18.0,128.0,0.06,234.0,
07:33:18,234.17,46.0,240.09,46.0,232.44,18.0,241.6,60.0,237.13,5.920000000000016,64.0,106.0,0.982435748534232,234.17,240.09,170,-42.0,-122.0,-0.25,234.0,
07:33:19,234.63,19.0,236.53,30.0,232.92,13.0,237.7,27.0,235.58,1.9000000000000057,32.0,57.0,0.788555641662659,234.63,236.53,89,-25.0,-81.0,-0.28,235.0,2.0
07:33:20,231.07,115.0,233.64,44.0,229.37,124.0,237.36,53.0,232.35,2.569999999999993,239.0,97.0,2.0649745761141927,231.07,233.64,336,142.0,169.5,0.42,231.57,7.0
07:33:21,231.0,12.0,232.17,24.0,229.0,72.0,242.0,36.0,231.58,1.1699999999999875,84.0,60.0,2.606574380292638,231.0,232.17,144,24.0,-170.5,0.17,231.0,4.0
07:33:22,231.0,10.0,232.0,20.0,229.0,60.0,245.6,30.0,231.5,1.0,70.0,50.0,2.570519402766282,231.0,232.0,120,20.0,-24.0,0.17,231.0,
07:33:23,228.74,35.0,243.1,21.0,227.55,31.0,314.29,41.0,235.92,14.359999999999983,66.0,62.0,2.186705284211364,228.74,243.1,128,4.0,8.0,0.03,231.0,1.0
07:33:24,231.0,21.0,244.38,21.0,229.16,50.0,245.62,39.0,237.69,13.379999999999995,71.0,60.0,2.826087401337386,231.0,244.38,131,11.0,3.0,0.08,231.0,
07:33:27,233.7,57.0,240.08,39.0,232.73,77.0,240.8,25.0,236.89,6.380000000000024,134.0,64.0,1.4463298378994045,233.7,240.08,198,70.0,33.0,0.35,238.0,1.0
07:33:28,233.0,75.0,237.86,22.0,232.0,36.0,238.65,26.0,235.43,4.860000000000014,111.0,48.0,1.60971426035744,233.0,237.86,159,63.0,-39.0,0.4,233.0,3.0
07:33:29,233.0,36.0,235.53,17.0,232.0,27.0,236.76,17.0,234.26,2.530000000000001,63.0,34.0,2.2134972328869256,233.0,235.53,97,29.0,-62.0,0.3,233.0,
07:33:30,232.75,12.0,234.0,12.0,231.83,18.0,236.75,12.0,233.38,1.25,30.0,24.0,2.430870214552396,232.75,234.0,54,6.0,-43.0,0.11,233.0,4.0
07:33:31,231.5,34.0,232.85,33.0,229.93,45.0,239.78,18.0,232.17,1.3499999999999943,79.0,51.0,1.8228082729672608,231.5,232.85,130,28.0,76.0,0.22,231.75,4.0
07:33:32,231.0,26.0,235.89,37.0,229.0,52.0,298.09,46.0,233.45,4.889999999999986,78.0,83.0,1.2046866812569297,231.0,235.89,161,-5.0,31.0,-0.03,232.0,3.0
07:33:33,231.0,18.0,244.0,9.0,229.0,44.0,246.22,27.0,237.5,13.0,62.0,36.0,2.014812646376299,231.0,244.0,98,26.0,-63.0,0.27,232.0,
07:33:34,231.81,27.0,239.97,62.0,228.37,38.0,242.58,24.0,235.89,8.159999999999997,65.0,86.0,2.1630695781684635,231.81,239.97,151,-21.0,53.0,-0.14,229.8,5.0
07:33:35,230.85,13.0,238.0,30.0,227.13,45.0,240.0,50.0,234.42,7.150000000000006,58.0,80.0,2.0794782999584096,230.85,238.0,138,-22.0,-13.0,-0.16,229.8,
07:33:36,229.95,44.0,238.0,24.0,223.0,32.0,240.0,40.0,233.98,8.050000000000011,76.0,64.0,1.6439190977654432,229.95,238.0,140,12.0,2.0,0.09,229.0,1.0
07:33:37,234.09,85.0,236.49,61.0,231.18,66.0,240.0,105.0,235.29,2.4000000000000057,151.0,166.0,1.3818212619575616,234.09,236.49,317,-15.0,169.5,-0.05,234.4,5.0
07:33:38,234.0,55.0,235.55,22.0,227.0,22.0,240.0,55.0,234.77,1.5500000000000114,77.0,77.0,0.7452180888826478,234.0,235.55,154,0.0,-163.0,0.0,234.4,
07:33:39,234.0,34.0,237.91,22.0,227.0,16.0,240.97,34.0,235.95,3.9099999999999966,50.0,56.0,0.7659438621713135,234.0,237.91,106,-6.0,-48.0,-0.06,234.0,2.0
07:33:40,234.64,50.0,242.0,20.0,230.5,24.0,245.0,50.0,238.32,7.360000000000014,74.0,70.0,1.6515961976215576,234.64,242.0,144,4.0,38.0,0.03,234.0,
07:33:43,234.4,40.0,242.0,28.0,231.86,42.0,245.0,42.0,238.2,7.599999999999994,82.0,70.0,1.1991747162103985,234.4,242.0,152,12.0,48.0,0.08,236.0,3.0
07:33:44,234.0,24.0,242.0,16.0,230.57,23.0,245.0,24.0,238.0,8.0,47.0,40.0,0.3933446326039638,234.0,242.0,87,7.0,-65.0,0.08,236.0,
07:33:45,232.71,42.0,242.0,22.0,230.44,54.0,245.0,33.0,237.36,9.289999999999992,96.0,55.0,0.6267375846383514,232.71,242.0,151,41.0,64.0,0.27,236.0,
07:33:46,232.17,144.0,242.0,30.0,230.3,114.0,245.0,45.0,237.08,9.830000000000013,258.0,75.0,0.753339233014097,232.17,242.0,333,183.0,169.5,0.55,236.0,
07:33:47,234.0,72.0,242.0,18.0,231.0,126.0,245.0,27.0,238.0,8.0,198.0,45.0,0.4811652522764261,234.0,242.0,243,153.0,-90.0,0.63,236.0,
07:33:48,234.0,56.0,244.65,17.0,231.0,98.0,245.62,16.0,239.32,10.650000000000006,154.0,33.0,0.8641296199056498,234.0,244.65,187,121.0,-56.0,0.65,236.0,
07:33:51,234.0,69.0,241.0,24.0,231.0,72.0,242.0,12.0,237.5,7.0,141.0,36.0,0.7216093125773502,234.0,241.0,177,105.0,-87.0,0.59,234.0,6.0
07:33:52,234.0,20.0,240.48,29.0,231.0,60.0,241.54,13.0,237.24,6.47999999999999,80.0,42.0,0.8398809439428413,234.0,240.48,122,38.0,-55.0,0.31,234.0,
07:33:53,234.0,18.0,240.0,45.0,231.0,54.0,241.0,18.0,237.0,6.0,72.0,63.0,0.5343032846597767,234.0,240.0,135,9.0,13.0,0.07,234.0,
07:33:54,232.2,20.0,239.88,34.0,230.43,56.0,240.55,22.0,236.04,7.680000000000007,76.0,56.0,0.8530416168031748,232.2,239.88,132,20.0,-3.0,0.15,232.2,5.0
07:33:55,231.4,55.0,236.15,65.0,230.06,94.0,239.0,26.0,233.78,4.75,149.0,91.0,1.5191181652518022,231.4,236.15,240,58.0,108.0,0.24,232.2,
07:33:56,232.78,97.0,236.57,61.0,232.43,87.0,240.29,28.0,234.68,3.789999999999992,184.0,89.0,1.491013078412759,232.78,236.57,273,95.0,33.0,0.35,234.0,7.0
07:33:57,234.18,17.0,241.0,52.0,233.11,55.0,242.0,38.0,237.59,6.819999999999993,72.0,90.0,1.583893935842266,234.18,241.0,162,-18.0,-111.0,-0.11,234.0,
07:33:59,233.44,79.0,238.0,15.0,232.43,46.0,241.0,39.0,235.72,4.560000000000002,125.0,54.0,1.884521159339404,233.44,238.0,179,71.0,61.0,0.4,236.67,3.0
07:34:00,233.0,114.0,236.41,17.0,232.0,68.0,242.85,39.0,234.71,3.4099999999999966,182.0,56.0,1.6410453985182616,233.0,236.41,238,126.0,59.0,0.53,233.0,1.0
07:34:01,233.57,53.0,237.15,13.0,232.0,52.0,242.47,17.0,235.36,3.5800000000000125,105.0,30.0,1.508028514318605,233.57,237.15000000000003,135,75.0,-103.0,0.56,234.0,5.0
07:34:02,235.0,11.0,242.0,19.0,232.0,44.0,245.88,52.0,238.5,7.0,55.0,71.0,1.7371298166798053,235.0,242.0,126,-16.0,-9.0,-0.13,234.0,
07:34:06,233.5,32.0,240.71,42.0,231.64,50.0,242.21,28.0,237.11,7.210000000000008,82.0,70.0,0.715912005765019,233.5,240.71,152,12.0,-31.0,0.08,238.0,1.0
07:34:07,232.0,64.0,241.11,35.0,230.46,52.0,242.17,35.0,236.56,9.110000000000014,116.0,70.0,1.0645797292821169,232.0,241.11,186,46.0,34.0,0.25,238.0,
07:34:08,231.21,56.0,241.0,28.0,229.36,67.0,244.0,14.0,236.11,9.789999999999992,123.0,42.0,1.24239687700759,231.21,241.0,165,81.0,-21.0,0.49,238.0,
07:34:09,231.62,52.0,240.77,26.0,230.12,57.0,244.0,13.0,236.19,9.150000000000006,109.0,39.0,1.146791175409916,231.62,240.77,148,70.0,-17.0,0.47,232.0,4.0
07:34:10,231.0,48.0,240.0,24.0,229.0,78.0,243.72,36.0,235.5,9.0,126.0,60.0,0.594079119308053,231.0,240.0,186,66.0,38.0,0.35,232.0,
07:34:11,231.0,52.0,239.0,32.0,229.0,89.0,242.0,13.0,235.0,8.0,141.0,45.0,0.6184415898026966,231.0,239.0,186,96.0,0.0,0.52,232.0,
07:34:12,233.88,34.0,238.79,39.0,231.59,41.0,241.36,14.0,236.34,4.909999999999997,75.0,53.0,0.5625566638105626,233.88,238.79,128,22.0,-58.0,0.17,232.0,
07:34:14,231.63,19.0,242.0,49.0,229.48,33.0,243.0,7.0,236.82,10.370000000000005,52.0,56.0,1.0944953174855503,231.63,242.0,108,-4.0,-48.0,-0.04,233.0,3.0
07:34:15,230.84,106.0,240.05,74.0,228.22,41.0,241.79,38.0,235.45,9.210000000000008,147.0,112.0,1.1036847375939385,230.84,240.05,259,35.0,151.0,0.14,230.5,4.0
07:34:16,232.93,126.0,234.0,42.0,229.0,28.0,241.0,56.0,233.46,1.0699999999999932,154.0,98.0,1.636001222492735,232.93,234.0,252,56.0,-7.0,0.22,230.5,
07:34:17,229.96,100.0,239.38,34.0,228.84,38.0,240.85,52.0,234.67,9.419999999999987,138.0,86.0,1.7103596113091697,229.96,239.38,224,52.0,-28.0,0.23,234.0,3.0
07:34:18,230.79,86.0,235.78,27.0,229.0,32.0,236.81,32.0,233.28,4.990000000000009,118.0,59.0,1.466741285979719,230.79,235.78,177,59.0,-47.0,0.33,231.0,2.0
07:34:19,230.08,26.0,232.79,14.0,228.47,34.0,237.38,34.0,231.43,2.7099999999999795,60.0,48.0,1.531460087627879,230.08,232.79,108,12.0,-69.0,0.11,231.0,4.0
07:34:20,229.11,18.0,231.0,10.0,226.83,36.0,241.0,30.0,230.06,1.8899999999999864,54.0,40.0,1.8238283910491468,229.11,231.0,94,14.0,-14.0,0.15,230.0,1.0
07:34:21,226.28,36.0,230.54,24.0,224.15,53.0,240.64,28.0,228.41,4.259999999999991,89.0,52.0,2.4909536326468773,226.28,230.54,141,37.0,47.0,0.26,228.67,3.0
07:34:22,222.09,135.0,237.14,22.0,220.11,38.0,237.68,22.0,229.61,15.049999999999985,173.0,44.0,1.8661645157907385,222.09,237.14,217,129.0,76.0,0.59,225.0,4.0
07:34:23,222.0,105.0,232.46,24.0,219.42,38.0,233.79,28.0,227.23,10.460000000000008,143.0,52.0,1.6028162714410792,222.0,232.46,195,91.0,-22.0,0.47,225.0,
07:34:24,222.59,102.0,227.6,30.0,220.61,114.0,229.65,40.0,225.09,5.009999999999991,216.0,70.0,2.002048950449521,222.59,227.6,286,146.0,91.0,0.51,227.0,2.0
07:34:25,224.87,54.0,226.72,25.0,222.0,69.0,229.29,28.0,225.8,1.8499999999999943,123.0,53.0,1.84941071695713,224.87,226.72,176,70.0,-110.0,0.4,225.5,2.0
07:34:26,226.0,60.0,227.0,24.0,219.93,56.0,232.0,12.0,226.5,1.0,116.0,36.0,1.7381398102557355,226.0,227.0,152,80.0,-24.0,0.53,225.5,
07:34:27,219.7,44.0,232.84,19.0,217.96,159.0,233.46,65.0,226.27,13.140000000000017,203.0,84.0,0.7977280238249896,219.7,232.84,287,119.0,135.0,0.41,231.38,8.0
07:34:28,221.5,24.0,234.0,32.0,218.05,114.0,236.0,40.0,227.75,12.5,138.0,72.0,0.9818197390538336,221.5,234.0,210,66.0,-77.0,0.31,231.38,
07:34:29,228.08,26.0,234.0,36.0,223.72,29.0,236.0,45.0,231.04,5.919999999999988,55.0,81.0,2.1209125394499138,228.08,234.0,136,-26.0,-74.0,-0.19,231.38,
07:34:30,230.0,30.0,234.0,40.0,229.0,20.0,236.0,50.0,232.0,4.0,50.0,90.0,2.646331422931768,230.0,234.0,140,-40.0,4.0,-0.29,231.38,
07:34:31,229.75,32.0,235.1,49.0,226.6,40.0,250.92,59.0,232.43,5.349999999999994,72.0,108.0,2.7344962973089326,229.75,235.1,180,-36.0,40.0,-0.2,230.0,3.0
07:34:32,232.43,28.0,235.0,32.0,227.0,24.0,239.0,40.0,233.71,2.569999999999993,52.0,72.0,2.2476721291141475,232.43,235.0,124,-20.0,-56.0,-0.16,230.0,
07:34:33,233.0,12.0,234.91,22.0,229.0,12.0,238.45,29.0,233.95,1.9099999999999968,24.0,51.0,1.2117879352414318,233.0,234.91,75,-27.0,-49.0,-0.36,233.0,3.0
07:34:34,232.43,14.0,234.14,28.0,228.6,30.0,235.38,53.0,233.29,1.7099999999999795,44.0,81.0,0.8346735888937358,232.43,234.14,125,-37.0,50.0,-0.3,233.0,1.0
07:34:35,229.0,20.0,234.0,10.0,227.0,60.0,235.0,40.0,231.5,5.0,80.0,50.0,1.007809505807886,229.0,234.0,130,30.0,5.0,0.23,234.75,4.0
07:34:36,222.61,51.0,236.33,9.0,222.17,82.0,243.0,45.0,229.47,13.72,133.0,54.0,1.8910526169296933,222.61,236.33000000000004,187,79.0,57.0,0.42,227.5,8.0
07:34:37,224.0,15.0,241.5,20.0,221.0,132.0,259.07,28.0,232.75,17.5,147.0,48.0,1.7674614564387534,224.0,241.5,195,99.0,8.0,0.51,237.0,1.0
07:34:48,234.89,9.0,247.0,35.0,230.29,17.0,347.45,22.0,240.94,12.110000000000014,26.0,57.0,1.2929346464527167,234.89,247.0,83,-31.0,-6.0,-0.37,235.8,5.0
07:34:51,231.9,40.0,240.78,45.0,229.8,10.0,340.33,45.0,236.34,8.879999999999995,50.0,90.0,2.7575496369055537,231.9,240.78,140,-40.0,30.0,-0.29,235.8,
07:34:52,232.0,54.0,237.29,35.0,230.22,9.0,295.76,42.0,234.64,5.289999999999992,63.0,77.0,3.757988823825539,232.0,237.29,140,-14.0,0.0,-0.1,233.0,4.0
07:35:08,235.0,20.0,238.0,30.0,230.67,12.0,241.82,17.0,236.5,3.0,32.0,47.0,0.6192172478180841,235.0,238.0,79,-15.0,-38.0,-0.19,233.0,
07:35:09,235.0,30.0,237.29,42.0,230.3,23.0,292.61,33.0,236.14,2.289999999999992,53.0,75.0,0.7830070242311405,235.0,237.29,128,-22.0,49.0,-0.17,233.0,
07:35:10,235.0,18.0,241.24,33.0,231.39,46.0,282.57,14.0,238.12,6.240000000000009,64.0,47.0,0.8287822391891108,235.0,241.24,111,17.0,-17.0,0.15,233.0,
07:35:11,235.0,32.0,239.26,38.0,232.0,224.0,241.05,74.0,237.13,4.259999999999991,256.0,112.0,0.7989242767592521,235.0,239.26,368,144.0,169.5,0.39,233.0,
07:35:12,232.79,76.0,238.89,37.0,231.9,156.0,241.56,61.0,235.84,6.099999999999994,232.0,98.0,0.9060794667109529,232.79,238.89,330,134.0,-38.0,0.41,235.0,2.0
07:35:13,232.0,98.0,239.29,14.0,231.0,28.0,241.0,35.0,235.64,7.289999999999992,126.0,49.0,1.0366677384751426,232.0,239.29,175,77.0,-155.0,0.44,235.0,
07:35:14,232.0,142.0,237.55,22.0,231.0,44.0,241.0,55.0,234.77,5.550000000000011,186.0,77.0,1.321873670210245,232.0,237.55,263,109.0,88.0,0.41,232.0,2.0
07:35:15,232.23,124.0,237.0,24.0,231.6,80.0,241.0,60.0,234.61,4.77000000000001,204.0,84.0,1.008598036878402,232.23,237.0,288,120.0,25.0,0.42,232.0,
07:35:16,233.0,81.0,235.88,49.0,232.0,132.0,238.43,28.0,234.44,2.8799999999999955,213.0,77.0,0.6355706097632912,233.0,235.88,290,136.0,2.0,0.47,232.0,
07:35:17,233.85,71.0,235.77,57.0,232.0,216.0,317.44,61.0,234.81,1.920000000000016,287.0,118.0,0.463065870038864,233.85,235.77,405,169.0,115.0,0.42,234.0,5.0
07:35:18,233.26,70.0,243.59,39.0,232.2,120.0,254.91,44.0,238.42,10.330000000000013,190.0,83.0,1.6889789815136604,233.26,243.59,273,107.0,-132.0,0.39,236.0,2.0
07:35:19,233.0,46.0,238.0,35.0,232.0,84.0,246.0,28.0,235.5,5.0,130.0,63.0,1.6509482123903665,233.0,238.0,193,67.0,-80.0,0.35,233.0,4.0
07:35:20,233.0,78.0,244.04,53.0,232.0,156.0,334.91,55.0,238.52,11.039999999999992,234.0,108.0,1.9833859936974128,233.0,244.04,342,126.0,149.0,0.37,233.0,
07:35:21,233.0,66.0,237.64,44.0,232.0,132.0,293.58,48.0,235.32,4.639999999999986,198.0,92.0,1.8037682777993131,233.0,237.64,290,106.0,-52.0,0.37,233.0,
07:35:22,233.0,48.0,235.12,64.0,232.0,192.0,243.61,66.0,234.06,2.1200000000000045,240.0,130.0,2.001269597029613,233.0,235.12,370,110.0,80.0,0.3,233.67,6.0
07:35:23,232.37,38.0,243.0,36.0,231.95,86.0,247.0,45.0,237.68,10.629999999999995,124.0,81.0,1.8313601502694816,232.37,243.0,205,43.0,-165.0,0.21,233.0,2.0
07:35:24,232.0,132.0,235.29,35.0,230.0,11.0,243.26,46.0,233.64,3.289999999999992,143.0,81.0,2.1706404584810888,232.0,235.29,224,62.0,19.0,0.28,233.0,
07:35:25,232.0,114.0,233.0,30.0,230.0,10.0,242.0,40.0,232.5,1.0,124.0,70.0,1.976107284535617,232.0,233.0,194,54.0,-30.0,0.28,232.0,3.0
07:35:26,232.0,72.0,233.0,19.0,230.0,8.0,242.0,32.0,232.5,1.0,80.0,51.0,2.129948356180177,232.0,233.0,131,29.0,-63.0,0.22,233.0,1.0
07:35:27,232.0,72.0,233.0,16.0,230.0,8.0,242.0,32.0,232.5,1.0,80.0,48.0,2.244076647531139,232.0,233.0,128,32.0,-3.0,0.25,233.0,
07:35:28,226.04,52.0,232.75,16.0,224.04,100.0,239.75,32.0,229.39,6.710000000000008,152.0,48.0,1.596521218147254,226.04,232.75,200,104.0,72.0,0.52,231.09,11.0
07:35:29,229.61,31.0,232.31,13.0,224.64,75.0,235.77,26.0,230.96,2.6999999999999886,106.0,39.0,1.389172415502954,229.61,232.31,145,67.0,-55.0,0.46,232.0,1.0
07:35:30,224.32,95.0,234.38,26.0,223.39,66.0,246.47,47.0,229.35,10.060000000000002,161.0,73.0,1.5651038304196367,224.32,234.38,234,88.0,89.0,0.38,232.0,3.0
07:35:31,228.67,90.0,242.0,40.0,224.98,55.0,333.4,30.0,235.33,13.330000000000013,145.0,70.0,2.501745390721112,228.67,242.0,215,75.0,-19.0,0.35,232.0,
07:35:32,234.64,86.0,242.0,64.0,227.78,72.0,461.22,54.0,238.32,7.360000000000014,158.0,118.0,3.990707957241977,234.64,242.0,276,40.0,61.0,0.14,234.0,5.0
07:35:53,234.65,31.0,237.0,24.0,233.28,39.0,239.0,48.0,235.82,2.3499999999999943,70.0,72.0,1.890878102891632,234.65,237.0,142,-2.0,-27.0,-0.01,235.0,4.0
07:35:54,233.78,37.0,235.7,40.0,231.92,26.0,238.55,44.0,234.74,1.9199999999999875,63.0,84.0,2.296606191752248,233.78000000000003,235.7,147,-21.0,5.0,-0.14,234.0,3.0
07:35:55,232.0,16.0,234.38,32.0,231.0,8.0,240.0,16.0,233.19,2.3799999999999955,24.0,48.0,2.450116323767999,232.0,234.38,72,-24.0,-75.0,-0.33,234.0,
07:35:56,231.4,20.0,236.4,40.0,229.5,16.0,239.94,32.0,233.9,5.0,36.0,72.0,1.6213882940227855,231.4,236.4,108,-36.0,36.0,-0.33,232.0,2.0
07:35:57,229.86,14.0,236.64,28.0,227.32,38.0,238.0,28.0,233.25,6.779999999999973,52.0,56.0,1.1097972787828765,229.86,236.64,108,-4.0,0.0,-0.04,231.0,1.0
07:35:58,230.32,114.0,233.13,30.0,227.81,27.0,234.13,30.0,231.72,2.8100000000000023,141.0,60.0,1.1097972787827834,230.32,233.13,201,81.0,93.0,0.4,231.0,
07:35:59,231.5,160.0,233.0,32.0,229.0,16.0,236.73,44.0,232.25,1.5,176.0,76.0,0.8680840973048292,231.5,233.0,252,100.0,51.0,0.4,232.0,2.0
07:36:00,232.18,90.0,235.08,24.0,229.0,52.0,235.78,27.0,233.63,2.9000000000000057,142.0,51.0,0.9297580330352408,232.18,235.08,193,91.0,-59.0,0.47,232.0,2.0
07:36:01,234.19,95.0,240.0,34.0,232.46,37.0,241.8,20.0,237.09,5.810000000000002,132.0,54.0,2.1011711020270942,234.19,240.0,186,78.0,-7.0,0.42,235.14,7.0
07:36:05,234.2,5.0,240.0,10.0,230.0,5.0,242.0,5.0,237.1,5.800000000000011,10.0,15.0,1.090197229860353,234.2,240.0,25,-5.0,-19.0,-0.2,236.0,4.0
07:36:06,235.0,10.0,239.0,20.0,234.0,10.0,240.0,20.0,237.0,4.0,20.0,40.0,1.1153340306810255,235.0,239.0,60,-20.0,35.0,-0.33,236.0,
07:36:07,235.0,12.0,238.75,24.0,234.0,12.0,241.62,32.0,236.88,3.75,24.0,56.0,1.1616023415932957,235.0,238.75,80,-32.0,20.0,-0.4,236.0,
07:36:08,231.13,46.0,236.07,30.0,229.65,20.0,241.12,25.0,233.6,4.939999999999998,66.0,55.0,1.9481478383312163,231.13,236.07,121,11.0,41.0,0.09,234.5,2.0
07:36:09,227.0,22.0,234.22,18.0,226.0,27.0,240.0,9.0,230.61,7.219999999999999,49.0,27.0,2.8796388662458883,227.0,234.22,76,22.0,-45.0,0.29,227.0,2.0
07:36:10,227.0,20.0,230.6,10.0,226.0,30.0,233.0,20.0,228.8,3.5999999999999943,50.0,30.0,3.676005984760258,227.0,230.6,80,20.0,4.0,0.25,227.0,
07:36:11,227.32,19.0,232.53,19.0,226.2,30.0,238.6,30.0,229.92,5.210000000000008,49.0,49.0,3.273594354832725,227.32,232.53,98,0.0,18.0,0.0,229.0,1.0
07:36:12,227.0,20.0,232.1,20.0,223.67,54.0,237.64,28.0,229.55,5.099999999999994,74.0,48.0,1.8541116471216488,227.0,232.1,122,26.0,24.0,0.21,229.0,
07:36:13,227.0,20.0,231.33,24.0,223.0,109.0,237.0,36.0,229.17,4.3300000000000125,129.0,60.0,0.6981045766873811,227.0,231.33,189,69.0,67.0,0.37,227.0,1.0
07:36:14,224.1,29.0,227.96,26.0,222.67,72.0,231.25,28.0,226.03,3.8600000000000136,101.0,54.0,1.546812852284196,224.1,227.96,155,47.0,-34.0,0.3,227.0,1.0
07:36:15,224.8,60.0,226.11,9.0,223.67,36.0,228.0,27.0,225.46,1.3100000000000025,96.0,36.0,2.1087271042008604,224.8,226.11,132,60.0,-23.0,0.45,227.0,
07:36:16,224.8,60.0,227.2,15.0,223.67,36.0,230.33,27.0,226.0,2.3999999999999773,96.0,42.0,1.9513508141774785,224.8,227.2,138,54.0,6.0,0.39,226.0,1.0
07:36:17,225.47,76.0,228.5,36.0,223.38,64.0,276.88,32.0,226.99,3.030000000000001,140.0,68.0,1.4711390145023473,225.47000000000003,228.5,208,72.0,70.0,0.35,227.0,3.0
07:36:18,226.0,56.0,235.0,14.0,225.0,56.0,319.0,32.0,230.5,9.0,112.0,46.0,2.034853803100127,226.0,235.0,158,66.0,-50.0,0.42,227.0,
07:36:19,227.33,60.0,234.07,61.0,224.6,57.0,236.52,21.0,230.7,6.739999999999981,117.0,82.0,2.499359918057289,227.33,234.07,199,35.0,41.0,0.18,228.0,4.0
07:36:20,230.46,13.0,234.0,60.0,229.59,39.0,239.0,20.0,232.23,3.539999999999992,52.0,80.0,2.655641165517616,230.46,234.0,132,-28.0,-67.0,-0.21,228.0,
07:36:21,232.0,9.0,234.0,54.0,231.0,36.0,239.0,18.0,233.0,2.0,45.0,72.0,2.314828287366513,232.0,234.0,117,-27.0,-15.0,-0.23,228.0,
07:36:22,232.0,9.0,234.0,54.0,231.0,36.0,239.0,18.0,233.0,2.0,45.0,72.0,1.21736600905092,232.0,234.0,117,-27.0,0.0,-0.23,228.0,
07:36:23,231.48,23.0,233.16,77.0,230.51,86.0,234.47,51.0,232.32,1.6800000000000068,109.0,128.0,0.9397872099537607,231.48,233.16,237,-19.0,120.0,-0.08,232.0,1.0
07:36:24,225.58,73.0,232.27,55.0,220.21,226.0,233.11,53.0,228.92,6.689999999999998,299.0,108.0,1.7018754360976585,225.58,232.27,407,191.0,169.5,0.47,231.0,4.0
07:36:25,219.78,82.0,233.5,50.0,219.0,110.0,235.0,10.0,226.64,13.72,192.0,60.0,2.864765260888286,219.78,233.5,252,132.0,-155.0,0.52,231.0,
07:36:26,220.73,126.0,234.0,70.0,218.83,144.0,239.0,21.0,227.37,13.27000000000001,270.0,91.0,2.878489187054906,220.73,234.0,361,179.0,109.0,0.5,231.0,
07:36:27,233.0,52.0,234.0,75.0,220.19,75.0,237.0,30.0,233.5,1.0,127.0,105.0,3.028729106406192,233.0,234.0,232,22.0,-129.0,0.09,233.0,1.0
07:36:28,220.97,64.0,234.0,40.0,218.17,36.0,236.0,16.0,227.48,13.03,100.0,56.0,2.7638596201673797,220.97,234.0,156,44.0,-76.0,0.28,229.4,5.0
07:36:29,219.0,44.0,234.0,20.0,216.75,24.0,236.0,8.0,226.5,15.0,68.0,28.0,2.939935373437927,219.0,234.0,96,40.0,-60.0,0.42,229.4,
07:36:30,220.23,107.0,234.42,38.0,217.77,73.0,238.0,20.0,227.33,14.189999999999998,180.0,58.0,2.857696624904686,220.23,234.42,238,122.0,142.0,0.51,229.4,
07:36:31,224.0,144.0,233.27,44.0,221.74,122.0,236.83,24.0,228.64,9.27000000000001,266.0,68.0,2.79501341678206,224.0,233.27,334,198.0,96.0,0.59,229.4,
07:36:32,226.0,80.0,233.0,48.0,224.18,95.0,236.0,24.0,229.5,7.0,175.0,72.0,1.1798728745044682,226.0,233.0,247,103.0,-87.0,0.42,229.4,
07:36:33,229.0,72.0,233.0,48.0,228.0,48.0,236.0,24.0,231.0,4.0,120.0,72.0,1.7744238501529732,229.0,233.0,192,48.0,-55.0,0.25,229.4,
07:36:34,230.0,36.0,232.25,24.0,229.0,54.0,233.6,30.0,231.12,2.25,90.0,54.0,1.606337448978903,230.0,232.25,144,36.0,-48.0,0.25,229.4,
07:36:35,230.12,25.0,233.91,44.0,229.1,60.0,235.86,28.0,232.01,3.789999999999992,85.0,72.0,1.3567903301514137,230.12,233.91,157,13.0,13.0,0.08,230.0,2.0
07:36:36,233.04,27.0,235.0,60.0,232.0,18.0,237.0,30.0,234.02,1.960000000000008,45.0,90.0,1.6583425460358765,233.04,235.0,135,-45.0,-22.0,-0.33,230.0,
07:36:37,234.17,12.0,236.67,24.0,233.05,21.0,240.87,62.0,235.42,2.5,33.0,86.0,1.9366414226679007,234.17,236.67,119,-53.0,-16.0,-0.45,235.0,4.0
07:36:38,231.11,123.0,236.0,34.0,222.16,180.0,237.41,34.0,233.56,4.889999999999986,303.0,68.0,1.6933339894992183,231.11,236.0,371,235.0,169.5,0.63,232.67,9.0
07:36:39,231.0,112.0,234.43,28.0,219.0,154.0,238.0,28.0,232.71,3.430000000000007,266.0,56.0,1.3033533672774458,231.0,234.43,322,210.0,-49.0,0.65,232.67,
07:36:40,231.0,96.0,236.31,29.0,219.0,132.0,246.15,26.0,233.66,5.310000000000002,228.0,55.0,0.9887770223834882,231.0,236.31,283,173.0,-39.0,0.61,235.5,4.0
07:36:41,233.13,79.0,240.91,55.0,230.53,19.0,242.78,45.0,237.02,7.780000000000001,98.0,100.0,1.731092140815654,233.13,240.91,198,-2.0,-85.0,-0.01,231.0,3.0
07:36:43,231.0,50.0,238.0,50.0,230.0,10.0,239.0,48.0,234.5,7.0,60.0,98.0,2.102788624658662,231.0,238.0,158,-38.0,-126.0,-0.24,231.0,
07:36:44,231.17,60.0,236.09,69.0,230.69,36.0,237.04,75.0,233.63,4.920000000000016,96.0,144.0,1.8707966217614111,231.17,236.09,240,-48.0,82.0,-0.2,231.0,
07:36:45,231.51,63.0,233.89,76.0,230.9,67.0,239.36,90.0,232.7,2.3799999999999955,130.0,166.0,2.110706043008804,231.51,233.89,296,-36.0,56.0,-0.12,233.0,1.0
07:36:46,230.96,46.0,232.76,37.0,224.75,87.0,240.06,64.0,231.86,1.799999999999983,133.0,101.0,2.181632416332708,230.96,232.76,234,32.0,-62.0,0.14,231.43,7.0
07:36:47,230.78,9.0,232.0,9.0,224.32,37.0,240.0,36.0,231.39,1.2199999999999989,46.0,45.0,1.2707596153456828,230.78,232.0,91,1.0,-143.0,0.01,231.43,
07:36:48,231.0,10.0,236.0,16.0,230.0,10.0,240.6,40.0,233.5,5.0,20.0,56.0,0.9863214486127144,231.0,236.0,76,-36.0,-15.0,-0.47,232.0,1.0
07:36:49,231.0,14.0,240.0,56.0,230.0,14.0,243.0,56.0,235.5,9.0,28.0,112.0,1.618734073278734,231.0,240.0,140,-84.0,64.0,-0.6,232.0,
07:36:55,231.0,26.0,239.93,43.0,230.0,13.0,242.31,52.0,235.47,8.930000000000007,39.0,95.0,1.7692710363294757,231.0,239.93,134,-56.0,37.0,-0.42,232.0,
07:36:56,232.1,20.0,239.0,10.0,230.0,10.0,240.0,40.0,235.55,6.900000000000006,30.0,50.0,2.000817332990259,232.1,239.0,80,-20.0,-54.0,-0.25,232.0,
07:36:57,233.83,24.0,239.0,12.0,226.08,72.0,240.0,48.0,236.42,5.169999999999988,96.0,60.0,1.7121419333671382,233.83,239.0,156,36.0,76.0,0.23,232.0,
07:36:58,235.0,14.0,239.0,7.0,228.92,52.0,240.0,28.0,237.0,4.0,66.0,35.0,1.0007147445671385,235.0,239.0,101,31.0,-55.0,0.31,232.0,
07:37:01,232.83,48.0,239.0,12.0,228.91,94.0,240.0,48.0,235.92,6.169999999999988,142.0,60.0,0.6296189323663511,232.83,239.0,202,82.0,15.0,0.41,232.5,4.0
07:37:02,234.0,60.0,238.12,40.0,229.0,96.0,239.74,27.0,236.06,4.1200000000000045,156.0,67.0,0.7007852738136866,234.0,238.12,223,89.0,21.0,0.4,232.5,
07:37:03,234.0,45.0,238.0,45.0,229.0,72.0,239.0,9.0,236.0,4.0,117.0,54.0,0.7457211274961156,234.0,238.0,171,63.0,-52.0,0.37,232.5,
07:37:04,234.0,55.0,237.82,55.0,229.0,88.0,239.9,39.0,235.91,3.819999999999993,143.0,94.0,0.6858717081160499,234.0,237.82,237,49.0,66.0,0.21,232.5,
07:37:05,234.0,55.0,237.0,55.0,229.0,88.0,240.0,55.0,235.5,3.0,143.0,110.0,0.2200454498369226,234.0,237.0,253,33.0,16.0,0.13,232.5,
07:37:06,234.0,75.0,238.7,23.0,229.0,120.0,243.35,62.0,236.35,4.699999999999989,195.0,85.0,0.3072946468683615,234.0,238.7,280,110.0,27.0,0.39,238.33,9.0
07:37:07,234.0,45.0,240.0,9.0,229.0,72.0,244.0,36.0,237.0,6.0,117.0,45.0,0.5623788758426086,234.0,240.0,162,72.0,-118.0,0.44,238.33,
07:37:08,234.47,57.0,240.0,15.0,231.42,93.0,244.0,60.0,237.24,5.530000000000001,150.0,75.0,0.7277018620245896,234.47,240.0,225,75.0,63.0,0.33,238.33,
07:37:09,235.0,33.0,239.72,18.0,234.0,90.0,243.67,61.0,237.36,4.719999999999999,123.0,79.0,0.7712327793825418,235.0,239.72,202,44.0,-23.0,0.22,235.0,2.0
07:37:11,234.21,29.0,237.88,16.0,232.24,82.0,240.07,15.0,236.04,3.669999999999988,111.0,31.0,0.5840376700129862,234.21,237.88,142,80.0,-26.0,0.56,234.75,4.0
07:37:12,234.0,11.0,235.4,20.0,232.0,48.0,240.4,10.0,234.7,1.4000000000000057,59.0,30.0,1.197330363765216,234.0,235.4,89,29.0,-53.0,0.33,234.0,1.0
07:37:13,234.0,14.0,237.57,14.0,232.0,84.0,243.41,54.0,235.79,3.569999999999993,98.0,68.0,1.1697649336486786,234.0,237.57,166,30.0,77.0,0.18,234.0,
07:37:14,234.0,6.0,236.5,6.0,232.0,36.0,242.0,24.0,235.25,2.5,42.0,30.0,1.0580028355321325,234.0,236.5,72,12.0,-94.0,0.17,232.4,5.0
07:37:15,232.0,22.0,236.0,11.0,229.0,88.0,242.0,44.0,234.0,4.0,110.0,55.0,0.8271215146482109,232.0,236.0,165,55.0,93.0,0.33,232.4,
07:37:16,232.58,24.0,236.14,14.0,229.78,54.0,241.83,46.0,234.36,3.559999999999974,78.0,60.0,0.7113719139760252,232.58,236.14,138,18.0,-27.0,0.13,234.0,1.0
07:37:17,233.42,24.0,240.0,24.0,232.0,24.0,242.0,68.0,236.71,6.5800000000000125,48.0,92.0,1.0924605255998696,233.42,240.0,140,-44.0,2.0,-0.31,234.0,
07:37:18,234.21,28.0,239.34,29.0,232.71,28.0,241.43,28.0,236.78,5.129999999999996,56.0,57.0,1.2925362664134232,234.21,239.34,113,-1.0,-27.0,-0.01,234.0,
07:37:19,233.0,16.0,239.0,24.0,232.0,16.0,242.25,16.0,236.0,6.0,32.0,40.0,1.311258937050176,233.0,239.0,72,-8.0,-41.0,-0.11,235.0,2.0
07:37:20,234.88,162.0,236.29,34.0,232.62,26.0,238.26,19.0,235.59,1.4099999999999966,188.0,53.0,0.9883673406147964,234.88,236.29,241,135.0,169.0,0.56,235.0,
07:37:21,235.0,299.0,236.68,62.0,233.0,34.0,243.7,37.0,235.84,1.6800000000000068,333.0,99.0,0.5331322537550999,235.0,236.68,432,234.0,169.5,0.54,235.0,7.0
07:37:22,235.0,72.0,241.83,12.0,233.0,12.0,242.83,12.0,238.42,6.8300000000000125,84.0,24.0,1.1483814697189985,235.0,241.83,108,60.0,-170.5,0.56,235.0,
07:37:23,235.0,132.0,241.0,22.0,232.82,22.0,242.0,22.0,238.0,6.0,154.0,44.0,1.3309395177820675,235.0,241.0,198,110.0,90.0,0.56,235.0,
07:37:24,235.0,96.0,241.0,16.0,232.0,16.0,242.0,16.0,238.0,6.0,112.0,32.0,1.342162434280573,235.0,241.0,144,80.0,-54.0,0.56,235.0,
07:37:25,235.0,84.0,241.0,16.0,232.0,16.0,242.0,16.0,238.0,6.0,100.0,32.0,1.0291355595809206,235.0,241.0,132,68.0,-12.0,0.52,235.0,4.0
07:37:26,235.0,32.0,241.0,16.0,232.91,23.0,242.0,16.0,238.0,6.0,55.0,32.0,0.1878297100938015,235.0,241.0,87,23.0,-45.0,0.26,235.0,4.0
07:37:27,235.0,48.0,241.0,24.0,233.0,36.0,242.0,24.0,238.0,6.0,84.0,48.0,0.0,235.0,241.0,132,36.0,45.0,0.27,235.0,
07:37:28,235.0,16.0,241.0,8.0,233.0,12.0,242.0,8.0,238.0,6.0,28.0,16.0,0.0,235.0,241.0,44,12.0,-88.0,0.27,235.0,
07:37:29,235.0,48.0,239.33,24.0,233.0,36.0,241.17,24.0,237.17,4.3300000000000125,84.0,48.0,0.371187284256788,235.0,239.33,132,36.0,88.0,0.27,235.0,
07:37:36,234.86,29.0,236.68,31.0,232.96,25.0,241.74,35.0,235.77,1.8199999999999927,54.0,66.0,1.138507795315403,234.86,236.68,120,-12.0,-19.0,-0.1,235.3,10.0
07:37:37,232.33,18.0,237.0,33.0,228.52,23.0,241.0,22.0,234.67,4.669999999999988,41.0,55.0,1.5771271350129077,232.33000000000004,237.0,96,-14.0,-24.0,-0.15,232.67,3.0
07:37:38,230.0,8.0,236.0,24.0,227.0,32.0,241.0,16.0,233.0,6.0,40.0,40.0,2.002630769761149,230.0,236.0,80,0.0,-16.0,0.0,232.67,
07:37:39,230.0,11.0,233.41,29.0,227.0,44.0,236.13,30.0,231.71,3.4099999999999966,55.0,59.0,2.1835132241399964,230.0,233.41000000000005,114,-4.0,34.0,-0.04,232.67,
07:37:40,230.0,10.0,231.31,26.0,227.0,40.0,232.5,24.0,230.65,1.3100000000000025,50.0,50.0,2.09286884443206,230.0,231.31,100,0.0,-14.0,0.0,231.0,3.0
07:37:41,234.38,48.0,238.32,38.0,227.52,29.0,240.17,24.0,236.35,3.9399999999999977,77.0,62.0,2.2812891092525645,234.38,238.32,139,15.0,39.0,0.11,232.0,2.0
07:37:42,235.0,82.0,239.0,28.0,230.0,7.0,240.0,14.0,237.0,4.0,89.0,42.0,2.8131956917346344,235.0,239.0,131,47.0,-8.0,0.36,235.0,1.0
07:37:43,235.0,33.0,239.0,12.0,230.0,3.0,240.0,6.0,237.0,4.0,36.0,18.0,3.1032354084075218,235.0,239.0,54,18.0,-77.0,0.33,235.0,
07:37:44,235.0,74.0,239.0,28.0,230.0,7.0,240.0,14.0,237.0,4.0,81.0,42.0,2.781411512163218,235.0,239.0,123,39.0,69.0,0.32,235.0,3.0
07:37:47,230.12,16.0,236.58,12.0,226.89,70.0,239.0,87.0,233.35,6.460000000000008,86.0,99.0,1.5259849278397473,230.12,236.58,185,-13.0,-36.0,-0.07,231.11,9.0
07:37:48,231.5,16.0,234.62,13.0,226.37,54.0,239.31,59.0,233.06,3.1200000000000045,70.0,72.0,1.8105717329048836,231.5,234.62,142,-2.0,-43.0,-0.01,233.0,1.0
07:37:49,227.0,28.0,234.0,10.0,224.0,60.0,241.0,30.0,230.5,7.0,88.0,40.0,2.36889636750837,227.0,234.0,128,48.0,-14.0,0.38,227.0,2.0
07:37:50,227.57,28.0,232.45,11.0,224.41,44.0,235.33,21.0,230.01,4.879999999999996,72.0,32.0,2.313540576690723,227.57,232.45,104,40.0,-24.0,0.38,227.0,
07:37:51,226.19,62.0,231.65,17.0,222.33,45.0,233.18,22.0,228.92,5.460000000000008,107.0,39.0,1.9481709370572464,226.19,231.65,146,68.0,42.0,0.47,230.0,1.0
07:37:52,223.18,34.0,233.0,20.0,220.78,54.0,234.0,10.0,228.09,9.819999999999991,88.0,30.0,1.8947902258547065,223.18,233.0,118,58.0,-28.0,0.49,230.0,
07:37:53,224.83,36.0,232.67,24.0,221.5,44.0,234.0,12.0,228.75,7.839999999999975,80.0,36.0,0.98037237822909,224.83,232.67,116,44.0,-2.0,0.38,230.0,
07:37:54,225.93,45.0,231.33,30.0,219.25,96.0,234.0,15.0,228.63,5.400000000000006,141.0,45.0,0.7039176088112732,225.93,231.33,186,96.0,70.0,0.52,230.0,
07:37:55,222.0,54.0,231.44,18.0,218.75,48.0,236.0,30.0,226.72,9.439999999999998,102.0,48.0,0.8952485688313699,222.0,231.44,150,54.0,-36.0,0.36,229.0,2.0
07:37:56,220.0,14.0,233.36,14.0,219.0,84.0,235.86,56.0,226.68,13.360000000000014,98.0,70.0,1.011548318171023,220.0,233.36,168,28.0,18.0,0.17,229.0,
07:37:57,220.0,8.0,233.0,8.0,219.0,48.0,235.0,32.0,226.5,13.0,56.0,40.0,1.130322962694565,220.0,233.0,96,16.0,-72.0,0.17,229.0,
07:37:58,221.2,10.0,232.2,10.0,218.96,56.0,235.0,40.0,226.7,11.0,66.0,50.0,0.889820206555579,221.2,232.2,116,16.0,20.0,0.14,229.0,
07:37:59,222.5,8.0,232.0,8.0,218.45,11.0,233.25,32.0,227.25,9.5,19.0,40.0,0.2823118842603159,222.5,232.0,59,-21.0,-57.0,-0.36,229.0,
07:38:00,223.78,9.0,232.67,9.0,220.4,15.0,235.0,36.0,228.22,8.889999999999986,24.0,45.0,0.7015696686677889,223.78,232.67,69,-21.0,10.0,-0.3,232.75,4.0
07:38:01,227.29,21.0,233.0,13.0,224.96,23.0,236.0,52.0,230.14,5.710000000000008,44.0,65.0,1.4872188809972344,227.29,233.0,109,-21.0,40.0,-0.19,232.75,
07:38:02,227.87,15.0,233.0,11.0,224.6,35.0,236.0,74.0,230.43,5.129999999999996,50.0,85.0,1.679574350838549,227.87,233.0,135,-35.0,26.0,-0.26,228.0,2.0
07:38:03,230.04,69.0,233.0,15.0,229.45,31.0,236.0,93.0,231.52,2.960000000000008,100.0,108.0,1.7360213132317246,230.04,233.0,208,-8.0,73.0,-0.04,228.0,
07:38:04,231.18,44.0,233.63,19.0,230.24,118.0,236.13,67.0,232.41,2.4499999999999886,162.0,86.0,1.5820651061175983,231.18,233.63,248,76.0,40.0,0.31,233.0,1.0
07:38:05,230.25,84.0,236.07,42.0,226.69,112.0,238.0,42.0,233.16,5.819999999999993,196.0,84.0,1.281939936188508,230.25,236.07,280,112.0,32.0,0.4,233.0,
07:38:06,231.98,62.0,235.59,51.0,230.27,99.0,237.18,51.0,233.79,3.6100000000000136,161.0,102.0,1.3294622973198866,231.98,235.59,263,59.0,-17.0,0.22,233.29,7.0
07:38:07,231.0,42.0,234.38,37.0,230.0,126.0,239.09,44.0,232.69,3.3799999999999955,168.0,81.0,0.8478384280009655,231.0,234.38,249,87.0,-14.0,0.35,233.29,
07:38:08,231.24,51.0,234.68,34.0,230.02,138.0,237.27,55.0,232.96,3.4399999999999977,189.0,89.0,0.523325902278108,231.24,234.68,278,100.0,29.0,0.36,232.67,3.0
07:38:09,233.22,54.0,237.0,39.0,232.26,57.0,240.0,65.0,235.11,3.780000000000001,111.0,104.0,0.9657484144409746,233.22,237.0,215,7.0,-63.0,0.03,232.67,
07:38:12,233.22,41.0,239.93,46.0,232.5,48.0,244.22,32.0,236.58,6.710000000000008,89.0,78.0,1.4516094516072051,233.22,239.93,167,11.0,34.0,0.07,233.83,6.0
07:38:13,233.0,10.0,240.0,45.0,232.0,36.0,245.0,27.0,236.5,7.0,46.0,72.0,0.5867282164643345,233.0,240.0,118,-26.0,-49.0,-0.22,233.0,1.0
07:38:14,233.0,8.0,240.0,40.0,232.0,32.0,245.0,24.0,236.5,7.0,40.0,64.0,0.2377393530643035,233.0,240.0,104,-24.0,-14.0,-0.23,233.0,
07:38:15,232.38,8.0,240.0,40.0,231.09,22.0,245.0,24.0,236.19,7.620000000000003,30.0,64.0,0.233923064265651,232.38,240.0,94,-34.0,-10.0,-0.36,232.25,4.0
07:38:16,232.0,7.0,240.0,35.0,230.0,14.0,245.0,21.0,236.0,8.0,21.0,56.0,0.2479516081727023,232.0,240.0,77,-35.0,-17.0,-0.45,232.25,
07:38:17,232.0,9.0,240.0,45.0,230.0,18.0,245.0,27.0,236.0,8.0,27.0,72.0,0.2514358765081565,232.0,240.0,99,-45.0,22.0,-0.45,232.25,
07:38:18,232.0,15.0,239.38,39.0,230.0,30.0,244.02,63.0,235.69,7.3799999999999955,45.0,102.0,0.2972036338866505,232.0,239.38,147,-57.0,48.0,-0.39,238.5,2.0
07:38:19,232.0,7.0,238.43,14.0,230.0,14.0,241.0,35.0,235.21,6.430000000000007,21.0,49.0,0.3842785448023864,232.0,238.43,70,-28.0,-77.0,-0.4,238.5,
07:38:20,231.38,13.0,234.58,24.0,229.27,22.0,238.22,46.0,232.98,3.200000000000017,35.0,70.0,1.2694211279144048,231.38,234.58,105,-35.0,35.0,-0.33,232.0,1.0
07:38:21,230.95,42.0,239.48,69.0,224.49,37.0,241.2,75.0,235.22,8.530000000000001,79.0,144.0,1.1881708631318508,230.95,239.48,223,-65.0,118.0,-0.29,230.0,2.0
07:38:22,234.24,37.0,239.37,38.0,226.39,69.0,240.8,50.0,236.81,5.129999999999996,106.0,88.0,1.3927921596546569,234.24000000000004,239.37,194,18.0,-29.0,0.09,230.0,
07:38:23,234.12,50.0,238.0,39.0,231.8,30.0,240.0,65.0,236.06,3.879999999999996,80.0,104.0,1.4356984363004257,234.12,238.0,184,-24.0,-10.0,-0.13,230.0,
07:38:24,234.0,60.0,235.6,45.0,231.0,30.0,239.18,68.0,234.8,1.5999999999999943,90.0,113.0,1.4506136632458282,234.0,235.6,203,-23.0,19.0,-0.11,230.0,
07:38:25,234.0,17.0,237.57,42.0,231.0,22.0,240.55,53.0,235.79,3.569999999999993,39.0,95.0,0.7751967492162888,234.0,237.57,134,-56.0,-69.0,-0.42,234.0,3.0
07:38:26,234.0,8.0,237.71,17.0,231.0,16.0,239.29,35.0,235.85,3.710000000000008,24.0,52.0,0.7195623669950462,234.0,237.71,76,-28.0,-58.0,-0.37,234.0,
07:38:27,231.9,20.0,235.92,13.0,229.21,117.0,238.0,52.0,233.91,4.019999999999982,137.0,65.0,0.90838868332639,231.9,235.92,202,72.0,126.0,0.36,234.0,1.0
07:38:28,232.08,51.0,234.2,15.0,229.2,141.0,238.0,60.0,233.14,2.119999999999976,192.0,75.0,1.1809191335546216,232.08,234.2,267,117.0,65.0,0.44,234.0,
07:38:29,233.73,60.0,238.53,60.0,231.0,30.0,241.0,75.0,236.13,4.800000000000011,90.0,135.0,1.3476572264472273,233.73,238.53,225,-45.0,-42.0,-0.2,233.0,1.0
07:38:40,234.59,17.0,240.8,40.0,232.95,83.0,244.38,42.0,237.69,6.210000000000008,100.0,82.0,0.979831618185503,234.59,240.8,182,18.0,65.0,0.1,234.5,2.0
07:38:41,233.43,84.0,243.8,50.0,232.6,60.0,245.72,58.0,238.61,10.370000000000005,144.0,108.0,0.744546842042856,233.43,243.8,252,36.0,70.0,0.14,234.5,
07:38:42,234.0,84.0,242.81,80.0,233.0,112.0,244.2,50.0,238.41,8.810000000000002,196.0,130.0,0.3609293559631389,234.0,242.81,326,66.0,74.0,0.2,234.5,
07:38:43,234.0,90.0,242.85,33.0,233.0,120.0,245.14,58.0,238.42,8.849999999999994,210.0,91.0,0.3676003264361516,234.0,242.85,301,119.0,-25.0,0.4,234.5,
07:38:44,234.25,48.0,242.71,14.0,233.27,66.0,244.43,28.0,238.48,8.460000000000008,114.0,42.0,0.3621739913300983,234.25,242.71,156,72.0,-145.0,0.46,234.5,
07:38:47,234.41,44.0,241.46,82.0,233.68,124.0,243.02,114.0,237.94,7.050000000000011,168.0,196.0,0.7085901495193876,234.41,241.46,364,-28.0,9.0,-0.08,234.5,
07:38:49,234.26,35.0,238.4,75.0,232.85,78.0,242.5,64.0,236.33,4.140000000000015,113.0,139.0,0.8441386142073072,234.26,238.4,252,-26.0,62.0,-0.1,233.75,4.0
07:38:50,235.0,28.0,237.43,70.0,233.0,70.0,246.0,70.0,236.21,2.430000000000007,98.0,140.0,0.9217537632121516,235.0,237.43000000000004,238,-42.0,-14.0,-0.18,233.75,
07:38:51,233.8,50.0,236.88,68.0,232.61,62.0,243.22,72.0,235.34,3.079999999999984,112.0,140.0,1.214969135408677,233.8,236.88,252,-28.0,14.0,-0.11,235.0,2.0
07:38:52,233.0,65.0,237.0,65.0,231.0,26.0,244.0,26.0,235.0,4.0,91.0,91.0,1.2365557003206926,233.0,237.0,182,0.0,-70.0,0.0,235.0,
07:38:53,232.93,164.0,237.0,75.0,229.61,46.0,244.0,30.0,234.96,4.069999999999993,210.0,105.0,0.6589916539649627,232.93000000000004,237.0,315,105.0,133.0,0.33,235.0,
07:38:54,233.0,228.0,237.0,60.0,231.87,92.0,242.83,24.0,235.0,4.0,320.0,84.0,0.5303960784125624,233.0,237.0,404,236.0,89.0,0.58,235.0,
07:38:55,233.0,276.0,236.47,75.0,232.0,120.0,241.93,30.0,234.73,3.469999999999999,396.0,105.0,0.2178990591888346,233.0,236.47,501,291.0,97.0,0.58,233.0,3.0
07:38:56,234.36,67.0,237.74,46.0,232.96,216.0,242.71,28.0,236.05,3.3799999999999955,283.0,74.0,0.516594618627997,234.36,237.74,357,209.0,-144.0,0.59,235.0,5.0
07:39:01,233.37,152.0,241.0,52.0,232.6,80.0,244.0,52.0,237.18,7.6299999999999955,232.0,104.0,1.4316144732420952,233.37,241.0,336,128.0,169.5,0.38,239.0,4.0
07:39:02,233.0,144.0,240.47,15.0,232.0,72.0,241.67,36.0,236.73,7.469999999999999,216.0,51.0,1.913535993911836,233.0,240.47,267,165.0,-69.0,0.62,239.0,
07:39:03,233.0,128.0,239.0,8.0,232.0,64.0,241.38,32.0,236.0,6.0,192.0,40.0,2.157526361367571,233.0,239.0,232,152.0,-35.0,0.66,239.0,
07:39:04,233.64,202.0,239.0,14.0,232.35,136.0,241.67,72.0,236.32,5.360000000000014,338.0,86.0,1.817905388076024,233.64,239.0,424,252.0,169.5,0.59,238.0,4.0
07:39:05,233.02,242.0,238.25,16.0,232.12,136.0,241.07,60.0,235.63,5.22999999999999,378.0,76.0,0.606770137692711,233.02,238.25,454,302.0,30.0,0.67,238.0,
07:39:06,235.0,20.0,238.0,10.0,233.0,160.0,242.0,20.0,236.5,3.0,180.0,30.0,0.4311960111081664,235.0,238.0,210,150.0,-170.5,0.71,238.0,
07:39:07,235.0,16.0,238.0,8.0,233.0,128.0,242.0,16.0,236.5,3.0,144.0,24.0,0.3737646318147101,235.0,238.0,168,120.0,-42.0,0.71,238.0,
07:39:08,233.14,86.0,238.0,8.0,232.55,88.0,242.0,16.0,235.57,4.860000000000014,174.0,24.0,0.4664011149167338,233.14,238.0,198,150.0,30.0,0.76,235.0,2.0
07:39:09,233.0,112.0,237.0,7.0,232.0,56.0,241.14,14.0,235.0,4.0,168.0,21.0,0.6507303589010734,233.0,237.0,189,147.0,-9.0,0.78,235.0,
07:39:10,233.0,240.0,237.0,15.0,232.0,120.0,240.75,32.0,235.0,4.0,360.0,47.0,0.7543076295487754,233.0,237.0,407,313.0,169.5,0.77,235.0,
07:39:11,234.4,15.0,236.2,15.0,233.0,240.0,240.33,30.0,235.3,1.799999999999983,255.0,45.0,0.620789819500483,234.4,236.2,300,210.0,-107.0,0.7,233.67,3.0
07:39:12,233.0,226.0,235.53,17.0,232.0,136.0,240.0,34.0,234.26,2.530000000000001,362.0,51.0,0.4896733605122591,233.0,235.53,413,311.0,113.0,0.75,233.0,1.0
07:39:13,233.0,169.0,234.46,13.0,232.0,104.0,240.0,26.0,233.73,1.460000000000008,273.0,39.0,0.6453061288995379,233.0,234.46,312,234.0,-101.0,0.75,233.0,
07:39:14,233.0,165.0,236.82,17.0,232.0,104.0,243.33,54.0,234.91,3.819999999999993,269.0,71.0,0.6345470825677976,233.0,236.82,340,198.0,28.0,0.58,233.0,1.0
07:39:15,233.0,72.0,245.0,54.0,232.0,48.0,247.0,6.0,239.0,12.0,120.0,60.0,2.079098362270404,233.0,245.0,180,60.0,-160.0,0.33,233.0,
07:39:16,233.0,108.0,244.57,63.0,232.0,72.0,245.52,23.0,238.79,11.569999999999991,180.0,86.0,2.552326389785531,233.0,244.57,266,94.0,86.0,0.35,233.0,
07:39:17,233.27,66.0,242.0,30.0,232.69,104.0,245.0,40.0,237.64,8.72999999999999,170.0,70.0,2.3717988953525966,233.27,242.0,240,100.0,-26.0,0.42,233.0,
07:39:18,234.0,51.0,241.73,45.0,233.0,204.0,244.13,62.0,237.87,7.72999999999999,255.0,107.0,1.633851278420396,234.0,241.73,362,148.0,122.0,0.41,233.0,
07:39:19,234.67,36.0,241.0,24.0,233.0,144.0,242.0,36.0,237.83,6.3300000000000125,180.0,60.0,0.6213131255623793,234.67,241.0,240,120.0,-122.0,0.5,233.0,
07:39:24,233.91,34.0,235.46,63.0,230.39,41.0,241.57,65.0,234.69,1.5500000000000114,75.0,128.0,2.073371650234488,233.91,235.46,203,-53.0,-6.0,-0.26,236.0,5.0
07:39:25,232.0,93.0,234.3,54.0,230.0,39.0,242.72,53.0,233.15,2.300000000000012,132.0,107.0,3.039937499356828,232.0,234.3,239,25.0,36.0,0.1,232.0,4.0
07:39:26,232.0,20.0,240.0,25.0,230.0,15.0,243.06,17.0,236.0,8.0,35.0,42.0,2.7472204134353166,232.0,240.0,77,-7.0,-162.0,-0.09,231.6,10.0
07:39:27,230.0,9.0,240.0,45.0,229.0,18.0,243.02,41.0,235.0,10.0,27.0,86.0,1.9223605280996403,230.0,240.0,113,-59.0,36.0,-0.52,231.6,
07:39:28,230.0,7.0,234.35,26.0,229.0,14.0,240.43,35.0,232.17,4.349999999999994,21.0,61.0,1.5283553251764974,230.0,234.35,82,-40.0,-31.0,-0.49,233.0,3.0
07:39:29,231.47,15.0,238.0,42.0,228.67,33.0,241.0,60.0,234.73,6.530000000000001,48.0,102.0,1.5316494376962877,231.47,238.0,150,-54.0,68.0,-0.36,233.0,
07:39:35,230.0,23.0,241.0,39.0,226.0,31.0,241.52,27.0,235.5,11.0,54.0,66.0,1.6829943553071651,230.0,241.0,120,-12.0,-58.0,-0.1,233.0,
07:39:36,230.0,16.0,239.0,9.0,226.0,27.0,241.0,45.0,234.5,9.0,43.0,54.0,2.3528663370441776,230.0,239.0,97,-11.0,-23.0,-0.11,233.0,
07:39:37,233.16,51.0,237.2,15.0,226.85,33.0,240.94,66.0,235.18,4.039999999999992,84.0,81.0,2.2313000694652354,233.16,237.2,165,3.0,68.0,0.02,233.0,
07:39:38,234.73,60.0,236.0,41.0,230.62,13.0,239.97,37.0,235.37,1.2700000000000102,73.0,78.0,1.5826654731798078,234.73,236.0,151,-5.0,-14.0,-0.03,235.27,11.0
07:39:39,232.0,10.0,238.88,34.0,230.0,24.0,240.18,44.0,235.44,6.879999999999996,34.0,78.0,0.4083136049599593,232.0,238.88,112,-44.0,-39.0,-0.39,235.27,
07:39:40,232.27,11.0,237.33,9.0,230.22,9.0,239.0,45.0,234.8,5.060000000000002,20.0,54.0,0.3987731184462926,232.27,237.33000000000004,74,-34.0,-38.0,-0.46,235.27,
07:39:54,234.69,26.0,238.38,16.0,231.95,86.0,241.44,18.0,236.53,3.6899999999999977,112.0,34.0,1.395252665288874,234.69,238.38,146,78.0,-57.0,0.53,237.0,1.0
07:39:55,232.0,93.0,234.8,30.0,230.0,16.0,241.8,41.0,233.4,2.800000000000012,109.0,71.0,2.6039066803546387,232.0,234.8,180,38.0,34.0,0.21,232.0,1.0
07:39:56,230.89,9.0,233.79,19.0,226.67,6.0,240.09,23.0,232.34,2.9000000000000057,15.0,42.0,3.4173966699807163,230.89,233.79,57,-27.0,-123.0,-0.47,232.0,4.0
07:39:57,230.5,8.0,234.0,24.0,228.23,26.0,241.0,32.0,232.25,3.5,34.0,56.0,3.0646941119783864,230.5,234.0,90,-22.0,33.0,-0.24,232.0,
07:39:58,231.29,17.0,234.0,27.0,230.08,13.0,241.0,52.0,232.65,2.710000000000008,30.0,79.0,1.7888348162965633,231.29,234.0,109,-49.0,19.0,-0.45,234.0,1.0
07:39:59,234.0,78.0,239.46,57.0,231.0,19.0,243.03,59.0,236.73,5.460000000000008,97.0,116.0,1.875507931200173,234.0,239.46,213,-19.0,104.0,-0.09,232.0,1.0
07:40:02,233.24,25.0,241.0,40.0,232.52,46.0,245.0,30.0,237.12,7.759999999999991,71.0,70.0,2.4299074056422905,233.24,241.0,141,1.0,-48.0,0.01,232.0,
07:40:11,234.38,104.0,237.79,38.0,233.36,44.0,242.0,76.0,236.09,3.4099999999999966,148.0,114.0,0.7653757247230257,234.38,237.79,262,34.0,74.0,0.13,236.0,4.0
07:40:12,234.0,67.0,235.25,24.0,232.0,12.0,242.0,48.0,234.62,1.25,79.0,72.0,1.331232511620405,234.0,235.25,151,7.0,-111.0,0.05,234.0,1.0
07:40:13,234.0,51.0,236.8,20.0,232.0,12.0,243.56,36.0,235.4,2.800000000000012,63.0,56.0,1.2205244774256114,234.0,236.8,119,7.0,-32.0,0.06,234.0,3.0
07:40:14,234.0,18.0,244.33,12.0,232.0,9.0,265.67,36.0,239.17,10.330000000000013,27.0,48.0,1.7761390711301583,234.0,244.33,75,-21.0,-44.0,-0.28,234.0,
07:40:15,234.0,22.0,241.55,47.0,232.0,11.0,244.24,33.0,237.78,7.550000000000011,33.0,80.0,1.8450663944679933,234.0,241.55,113,-47.0,38.0,-0.42,234.0,
07:40:16,234.0,14.0,241.0,35.0,232.0,7.0,243.45,11.0,237.5,7.0,21.0,46.0,1.8530731232186075,234.0,241.0,67,-25.0,-46.0,-0.37,234.0,
07:40:17,234.0,18.0,240.0,45.0,232.0,9.0,243.0,9.0,237.0,6.0,27.0,54.0,1.3640747780071436,234.0,240.0,81,-27.0,14.0,-0.33,234.0,
07:40:18,234.0,16.0,239.25,40.0,232.0,8.0,243.0,8.0,236.62,5.25,24.0,48.0,0.9781001993636824,234.0,239.25,72,-24.0,-9.0,-0.33,234.0,
07:40:19,232.71,21.0,238.44,45.0,230.2,15.0,243.0,9.0,235.58,5.72999999999999,36.0,54.0,0.8609761901441814,232.71,238.44,90,-18.0,18.0,-0.2,232.75,4.0
07:40:20,231.0,45.0,235.73,75.0,229.0,45.0,237.44,63.0,233.37,4.72999999999999,90.0,138.0,1.6375835856514598,231.0,235.73,228,-48.0,138.0,-0.21,232.75,
07:40:21,228.73,33.0,231.67,54.0,226.18,33.0,235.71,49.0,230.2,2.9399999999999977,66.0,103.0,2.81349960014124,228.73,231.67,169,-37.0,-59.0,-0.22,229.0,7.0
07:40:22,224.29,35.0,231.43,49.0,223.12,50.0,240.74,35.0,227.86,7.140000000000015,85.0,84.0,3.666807876068044,224.29,231.43,169,1.0,0.0,0.01,229.0,1.0
07:40:23,224.38,29.0,238.87,69.0,223.47,45.0,240.29,85.0,231.62,14.490000000000007,74.0,154.0,2.9513522324511685,224.38,238.87,228,-80.0,59.0,-0.35,229.0,
07:40:24,225.58,19.0,236.92,49.0,224.31,39.0,237.9,50.0,231.25,11.339999999999977,58.0,99.0,2.028879000826404,225.58,236.92,157,-41.0,-71.0,-0.26,229.0,
07:40:25,227.0,10.0,236.0,40.0,225.0,40.0,237.0,80.0,231.5,9.0,50.0,120.0,1.5712670046794412,227.0,236.0,170,-70.0,13.0,-0.41,229.0,
07:40:26,227.0,9.0,234.62,39.0,225.6,30.0,235.96,47.0,230.81,7.620000000000003,39.0,86.0,1.5671853751213718,227.0,234.62,125,-47.0,-45.0,-0.38,229.0,
07:40:27,228.14,37.0,234.96,46.0,227.48,31.0,236.68,93.0,231.55,6.820000000000022,68.0,139.0,0.3304996217765417,228.14,234.96,207,-71.0,82.0,-0.34,234.86,7.0
07:40:28,230.44,18.0,234.0,34.0,229.63,38.0,237.0,71.0,232.22,3.5600000000000023,56.0,105.0,0.5132543229184333,230.44,234.0,161,-49.0,-46.0,-0.3,234.86,
07:40:29,231.75,24.0,234.0,36.0,230.25,24.0,237.0,48.0,232.88,2.25,48.0,84.0,0.7866193488559279,231.75,234.0,132,-36.0,-29.0,-0.27,234.86,
07:40:30,231.96,25.0,234.0,39.0,229.92,13.0,237.0,52.0,232.98,2.039999999999992,38.0,91.0,0.916935112205102,231.96,234.0,129,-53.0,-3.0,-0.41,233.0,3.0
07:40:31,229.38,8.0,234.0,40.0,223.4,20.0,237.0,32.0,231.69,4.6200000000000045,28.0,72.0,0.6582780567470128,229.38,234.0,100,-44.0,-29.0,-0.44,231.5,2.0
07:40:32,222.78,54.0,233.95,44.0,222.33,18.0,236.61,46.0,228.37,11.169999999999987,72.0,90.0,1.8950118733122667,222.78,233.95,162,-18.0,62.0,-0.11,223.8,5.0
07:40:33,222.0,143.0,228.63,54.0,221.0,18.0,251.71,62.0,225.31,6.629999999999996,161.0,116.0,3.330965325546652,222.0,228.63,277,45.0,115.0,0.16,230.71,7.0
07:40:34,222.0,112.0,231.56,48.0,221.0,16.0,256.88,51.0,226.78,9.560000000000002,128.0,99.0,3.240930421961229,222.0,231.56000000000003,227,29.0,-50.0,0.13,223.0,4.0
07:40:35,222.0,102.0,231.16,62.0,221.0,14.0,232.09,22.0,226.58,9.159999999999997,116.0,84.0,2.458216833396413,222.0,231.16,200,32.0,-27.0,0.16,223.0,
07:40:36,222.06,198.0,230.69,45.0,221.73,44.0,251.46,37.0,226.37,8.629999999999995,242.0,82.0,1.1010313347008898,222.06,230.69,324,160.0,124.0,0.49,229.83,6.0
07:40:37,224.0,30.0,234.0,28.0,222.24,124.0,424.58,38.0,229.0,10.0,154.0,66.0,1.350322183774393,224.0,234.0,220,88.0,-104.0,0.4,229.83,
07:40:38,223.4,67.0,234.0,39.0,222.47,106.0,439.31,52.0,228.7,10.599999999999994,173.0,91.0,1.2580461040810045,223.4,234.0,264,82.0,44.0,0.31,229.83,
07:40:39,224.45,33.0,234.0,33.0,223.0,110.0,460.73,44.0,229.23,9.550000000000011,143.0,77.0,1.3850379056161244,224.45,234.0,220,66.0,-44.0,0.3,229.83,
07:40:40,226.69,39.0,233.24,17.0,222.6,50.0,271.07,30.0,229.96,6.550000000000011,89.0,47.0,1.3579285695476322,226.69,233.24,136,42.0,-84.0,0.31,229.83,
07:40:41,227.0,42.0,231.93,15.0,222.0,28.0,247.6,30.0,229.47,4.930000000000007,70.0,45.0,0.4784035952977702,227.0,231.93,115,25.0,-21.0,0.22,231.0,1.0
07:40:42,227.0,21.0,235.0,14.0,222.0,14.0,333.0,28.0,231.0,8.0,35.0,42.0,0.8699827584463508,227.0,235.0,77,-7.0,-38.0,-0.09,231.0,
07:40:43,228.85,40.0,235.0,24.0,223.15,26.0,390.0,48.0,231.93,6.150000000000006,66.0,72.0,1.128569891497219,228.85,235.0,138,-6.0,61.0,-0.04,231.0,
07:40:44,233.02,56.0,235.0,26.0,231.29,73.0,374.56,55.0,234.01,1.9799999999999895,129.0,81.0,1.8008414699784587,233.02,235.0,210,48.0,72.0,0.23,231.0,
07:40:45,234.0,44.0,279.31,26.0,232.0,77.0,370.35,52.0,256.65,45.31,121.0,78.0,11.321612959291388,234.0,279.31,199,43.0,-11.0,0.22,235.0,2.0
07:40:46,234.67,15.0,376.03,37.0,233.33,42.0,471.73,44.0,305.35,141.36,57.0,81.0,31.76108184555428,234.67,376.03,138,-24.0,-61.0,-0.17,236.0,1.0
07:40:47,234.0,37.0,249.88,41.0,232.0,91.0,358.38,64.0,241.94,15.879999999999995,128.0,105.0,30.31489204994796,234.0,249.88,233,23.0,95.0,0.1,234.0,3.0
07:40:48,234.0,13.0,235.0,28.0,232.0,91.0,322.0,60.0,234.5,1.0,104.0,88.0,29.866110392885076,234.0,235.0,192,16.0,-41.0,0.08,235.0,1.0
07:40:49,232.11,38.0,235.0,22.0,231.61,23.0,286.3,46.0,233.55,2.8899999999999864,61.0,68.0,29.94557179283771,232.11,235.0,129,-7.0,-63.0,-0.05,232.5,4.0
07:40:50,231.83,24.0,235.0,18.0,225.35,17.0,410.17,24.0,233.42,3.1699999999999875,41.0,42.0,31.281094450162666,231.83,235.0,83,-1.0,-46.0,-0.01,232.0,4.0
07:40:51,223.06,34.0,233.71,34.0,221.24,17.0,277.12,32.0,228.38,10.650000000000006,51.0,66.0,4.867650357204788,223.06,233.71,117,-15.0,34.0,-0.13,225.0,4.0
07:40:52,222.0,24.0,231.1,30.0,217.0,8.0,232.26,34.0,226.55,9.099999999999994,32.0,64.0,3.5666440809247715,222.0,231.1,96,-32.0,-21.0,-0.33,222.0,4.0
07:40:53,222.0,20.0,228.87,38.0,217.0,10.0,230.48,42.0,225.43,6.8700000000000045,30.0,80.0,3.817228051871616,222.0,228.87,110,-50.0,14.0,-0.45,222.0,
07:40:54,222.0,16.0,224.86,29.0,217.0,8.0,226.9,30.0,223.43,2.8600000000000136,24.0,59.0,3.7932927648674064,222.0,224.86,83,-35.0,-27.0,-0.42,222.0,
07:40:55,222.0,16.0,224.0,28.0,217.0,8.0,225.0,24.0,223.0,2.0,24.0,52.0,2.226874491298376,222.0,224.0,76,-28.0,-7.0,-0.37,224.0,2.0
07:40:56,222.0,20.0,224.0,20.0,217.0,10.0,225.0,30.0,223.0,2.0,30.0,50.0,1.6182305150983392,222.0,224.0,80,-20.0,4.0,-0.25,224.0,
07:40:57,220.08,13.0,224.0,18.0,213.67,9.0,225.0,27.0,222.04,3.919999999999988,22.0,45.0,1.2539338100535595,220.08,224.0,67,-23.0,-13.0,-0.34,224.0,
07:40:58,221.76,21.0,224.0,22.0,212.62,13.0,225.0,33.0,222.88,2.240000000000009,34.0,55.0,0.5090186637004869,221.76,224.0,89,-21.0,22.0,-0.24,224.0,
07:40:59,211.64,14.0,224.57,23.0,94.2,40.0,225.67,45.0,218.1,12.930000000000009,54.0,68.0,2.109142005649563,211.64,224.57,122,-14.0,33.0,-0.11,223.2,5.0
07:41:00,191.92,26.0,221.25,16.0,102.53,17.0,225.6,25.0,206.59,29.330000000000013,43.0,41.0,6.963685805663219,191.92,221.25,84,2.0,-38.0,0.02,223.2,
07:41:01,195.04,53.0,219.75,16.0,144.5,8.0,225.26,19.0,207.39,24.710000000000008,61.0,35.0,7.891549277549707,195.04,219.75,96,26.0,12.0,0.27,219.0,2.0
07:41:02,216.52,69.0,225.0,26.0,179.31,13.0,226.0,65.0,220.76,8.47999999999999,82.0,91.0,7.639020225133279,216.52,225.0,173,-9.0,77.0,-0.05,219.0,
07:41:03,222.36,103.0,225.0,22.0,211.94,36.0,226.0,55.0,223.68,2.6399999999999864,139.0,77.0,7.847103287200658,222.36,225.0,216,62.0,43.0,0.29,222.5,8.0
07:41:04,224.0,99.0,225.0,11.0,209.38,48.0,226.07,43.0,224.5,1.0,147.0,54.0,8.872216746675853,224.0,225.0,201,93.0,-15.0,0.46,222.5,
07:41:05,224.0,81.0,228.33,18.0,205.0,9.0,229.29,14.0,226.17,4.3300000000000125,90.0,32.0,7.586188107343217,224.0,228.33000000000004,122,58.0,-79.0,0.48,226.0,4.0
07:41:06,224.0,56.0,227.29,14.0,205.0,6.0,229.67,12.0,225.64,3.289999999999992,62.0,26.0,2.12931914000597,224.0,227.29,88,36.0,-34.0,0.41,226.0,
07:41:07,224.03,107.0,227.76,33.0,220.47,72.0,229.39,46.0,225.89,3.7299999999999898,179.0,79.0,1.049776166616387,224.03,227.76,258,100.0,169.5,0.39,224.0,1.0
07:41:08,224.04,67.0,229.0,33.0,223.6,40.0,230.47,38.0,226.52,4.960000000000008,107.0,71.0,0.7686546688831218,224.04,229.0,178,36.0,-80.0,0.2,225.0,1.0
07:41:09,224.0,56.0,229.0,21.0,223.0,14.0,233.43,14.0,226.5,5.0,70.0,35.0,0.3831840288892773,224.0,229.0,105,35.0,-73.0,0.33,225.0,
07:41:10,223.83,58.0,229.8,25.0,222.23,52.0,334.27,30.0,226.81,5.969999999999999,110.0,55.0,0.4868983466759914,223.83,229.8,165,55.0,60.0,0.33,230.25,4.0
07:41:11,223.0,16.0,233.1,10.0,222.0,64.0,368.34,29.0,228.05,10.099999999999994,80.0,39.0,0.7982042345138172,223.0,233.1,119,41.0,-46.0,0.34,230.25,
07:41:12,223.0,14.0,231.0,21.0,215.0,7.0,234.0,7.0,227.0,8.0,21.0,28.0,0.6356335422204926,223.0,231.0,49,-7.0,-70.0,-0.14,230.25,
07:41:13,223.0,14.0,231.0,21.0,215.0,7.0,234.0,7.0,227.0,8.0,21.0,28.0,0.5836694269839453,223.0,231.0,49,-7.0,0.0,-0.14,230.25,
07:41:14,223.89,18.0,231.0,27.0,222.53,17.0,234.0,9.0,227.44,7.110000000000014,35.0,36.0,0.4985478913762992,223.89,231.0,71,-1.0,22.0,-0.01,230.25,
07:41:15,226.0,37.0,231.0,45.0,223.81,31.0,233.33,15.0,228.5,5.0,68.0,60.0,0.662963045724072,226.0,231.0,128,8.0,57.0,0.06,230.25,
07:41:16,228.69,26.0,231.84,19.0,224.0,28.0,244.69,13.0,230.27,3.1500000000000057,54.0,32.0,1.388135440076271,228.69,231.84,86,22.0,-42.0,0.26,230.5,6.0
07:41:17,230.59,34.0,234.58,12.0,227.83,24.0,269.67,12.0,232.59,3.990000000000009,58.0,24.0,2.294373552845252,230.59,234.58,82,34.0,-4.0,0.41,233.0,1.0
07:41:18,232.24,21.0,251.38,13.0,231.14,28.0,369.78,9.0,241.81,19.139999999999983,49.0,22.0,5.756437266226032,232.24,251.38,71,27.0,-11.0,0.38,233.0,1.0
07:41:19,232.0,43.0,248.75,32.0,230.12,32.0,425.0,16.0,240.38,16.75,75.0,48.0,6.027665385536584,232.0,248.75,123,27.0,52.0,0.22,232.0,3.0
07:41:20,230.0,14.0,246.58,24.0,226.57,56.0,593.24,25.0,238.29,16.580000000000013,70.0,49.0,5.010351285089296,230.0,246.58,119,21.0,-4.0,0.18,230.75,4.0
07:41:21,231.53,15.0,245.11,27.0,226.82,34.0,423.23,39.0,238.32,13.580000000000013,49.0,66.0,3.5088701885359157,231.53,245.11,115,-17.0,-4.0,-0.15,230.75,
07:41:22,230.21,117.0,243.09,33.0,228.17,70.0,290.32,44.0,236.65,12.879999999999995,187.0,77.0,2.015502418752233,230.21,243.09,264,110.0,149.0,0.42,232.4,5.0
07:41:23,231.04,69.0,245.43,14.0,228.67,30.0,282.0,7.0,238.24,14.390000000000017,99.0,21.0,1.3251528213742354,231.04,245.43,120,78.0,-144.0,0.65,232.4,
07:41:28,231.29,150.0,240.6,30.0,229.86,118.0,426.45,22.0,235.95,9.310000000000002,268.0,52.0,1.9178034310106304,231.29,240.6,320,216.0,46.0,0.68,238.0,3.0
07:41:29,231.0,172.0,233.14,28.0,230.0,140.0,321.89,27.0,232.07,2.1399999999999864,312.0,55.0,3.3831449865466947,231.0,233.14,367,257.0,47.0,0.7,231.0,4.0
07:41:30,230.9,98.0,385.35,20.0,229.92,104.0,537.82,17.0,308.12,154.45000000000002,202.0,37.0,32.06258676401512,230.9,385.35,239,165.0,-128.0,0.69,232.0,2.0
07:41:31,231.39,76.0,403.87,15.0,230.0,110.0,493.92,13.0,317.63,172.48000000000002,186.0,28.0,42.40905009546898,231.39,403.87,214,158.0,-25.0,0.74,231.0,2.0
07:41:37,235.0,9.0,271.3,10.0,231.0,9.0,273.12,17.0,253.15,36.30000000000001,18.0,27.0,6.223459648780276,235.0,271.3,45,-9.0,-47.0,-0.2,231.0,
07:41:41,230.15,66.0,261.58,38.0,228.77,130.0,262.83,24.0,245.87,31.42999999999998,196.0,62.0,2.9122637243208422,230.15,261.58,258,134.0,161.0,0.52,230.4,5.0
07:41:42,232.0,21.0,258.43,14.0,229.84,50.0,259.75,16.0,245.21,26.430000000000007,71.0,30.0,3.4730706874457504,232.0,258.43,101,41.0,-157.0,0.41,230.4,
07:41:43,232.88,212.0,253.17,24.0,230.79,61.0,255.44,16.0,243.02,20.289999999999992,273.0,40.0,3.931307670482517,232.88,253.17,313,233.0,169.5,0.74,231.43,7.0
07:41:44,230.0,53.0,249.59,17.0,228.0,41.0,250.62,16.0,239.79,19.590000000000003,94.0,33.0,4.078845424871414,230.0,249.59,127,61.0,-170.5,0.48,230.0,5.0
07:41:45,230.54,13.0,246.12,17.0,228.29,49.0,247.92,13.0,238.33,15.580000000000013,62.0,30.0,3.304872160915504,230.54,246.12,92,32.0,-35.0,0.35,230.0,
07:41:46,230.67,9.0,237.71,14.0,228.44,27.0,242.57,14.0,234.19,7.0400000000000205,36.0,28.0,4.266007501164784,230.67,237.71,64,8.0,-28.0,0.12,231.0,2.0
07:41:47,230.0,10.0,231.82,17.0,228.0,70.0,321.08,13.0,230.91,1.8199999999999927,80.0,30.0,4.755788052467654,230.0,231.82,110,50.0,46.0,0.45,231.0,1.0
07:41:48,228.25,56.0,232.04,23.0,227.78,63.0,294.74,23.0,230.15,3.789999999999992,119.0,46.0,4.313012868053368,228.25,232.04,165,73.0,55.0,0.44,230.0,1.0
07:41:49,228.0,42.0,233.0,12.0,227.0,12.0,255.4,10.0,230.5,5.0,54.0,22.0,3.4783731829684217,228.0,233.0,76,32.0,-89.0,0.42,230.0,
07:41:50,228.09,90.0,232.42,38.0,227.47,45.0,307.5,28.0,230.25,4.329999999999984,135.0,66.0,1.6969973482577208,228.09,232.42,201,69.0,125.0,0.34,230.0,
07:41:51,228.46,41.0,232.0,37.0,227.42,52.0,351.33,18.0,230.23,3.539999999999992,93.0,55.0,0.309709541334648,228.46,232.0,148,38.0,-53.0,0.26,230.8,5.0
07:41:52,228.25,48.0,231.25,20.0,226.67,39.0,243.09,11.0,229.75,3.0,87.0,31.0,0.2718087562859381,228.25,231.25,118,56.0,-30.0,0.47,230.8,
07:41:53,229.0,36.0,251.7,20.0,228.0,109.0,271.27,11.0,240.35,22.69999999999999,145.0,31.0,4.555137758618699,229.0,251.7,176,114.0,58.0,0.65,231.25,4.0
07:41:54,228.05,155.0,282.0,9.0,226.67,63.0,283.0,18.0,255.03,53.94999999999999,218.0,27.0,10.956583409073923,228.05,282.0,245,191.0,69.0,0.78,231.25,
07:41:55,228.0,30.0,280.67,6.0,224.0,18.0,305.5,24.0,254.33,52.670000000000016,48.0,30.0,12.380513721166592,228.0,280.67,78,18.0,-167.0,0.23,231.25,
07:41:56,228.0,80.0,279.81,16.0,224.0,48.0,353.12,80.0,253.91,51.81,128.0,96.0,11.26067848755102,228.0,279.81,224,32.0,146.0,0.14,231.25,
07:41:57,228.92,53.0,279.0,14.0,227.0,60.0,344.74,39.0,253.96,50.08000000000001,113.0,53.0,6.258009268129491,228.92,279.0,166,60.0,-58.0,0.36,229.0,1.0
07:41:58,232.58,36.0,261.27,15.0,228.0,60.0,298.69,48.0,246.93,28.68999999999997,96.0,63.0,3.329537505419419,232.58000000000004,261.27,159,33.0,-7.0,0.21,229.0,
07:41:59,231.75,24.0,276.5,8.0,228.38,40.0,332.5,20.0,254.12,44.75,64.0,28.0,3.201772946352468,231.75,276.5,92,36.0,-67.0,0.39,232.2,5.0
07:42:00,230.13,38.0,273.89,28.0,228.11,57.0,425.6,15.0,252.01,43.75999999999999,95.0,43.0,3.0625202040140995,230.13,273.89,138,52.0,46.0,0.38,231.0,3.0
07:42:01,228.0,50.0,272.05,38.0,226.0,120.0,272.77,22.0,250.03,44.05000000000001,170.0,60.0,3.0075488358453235,228.0,272.05,230,110.0,92.0,0.48,231.0,
07:42:02,229.81,202.0,269.87,46.0,227.43,84.0,270.21,38.0,249.84,40.06,286.0,84.0,2.6809009679573257,229.81,269.87,370,202.0,140.0,0.55,230.0,3.0
07:42:03,230.0,163.0,235.25,51.0,228.0,55.0,267.31,51.0,232.63,5.25,218.0,102.0,8.61542976293083,230.0,235.25,320,116.0,-50.0,0.36,230.0,1.0
07:42:04,230.0,30.0,231.0,25.0,228.0,25.0,303.67,9.0,230.5,1.0,55.0,34.0,10.502065035029734,230.0,231.0,89,21.0,-170.5,0.24,230.0,9.0
07:42:05,230.0,40.0,231.0,40.0,228.31,51.0,327.67,9.0,230.5,1.0,91.0,49.0,10.293121489615965,230.0,231.0,140,42.0,51.0,0.3,230.0,
07:42:06,229.5,40.0,231.0,40.0,227.5,40.0,245.0,16.0,230.25,1.5,80.0,56.0,8.493781843207051,229.5,231.0,136,24.0,-4.0,0.18,230.0,5.0
07:42:07,228.0,28.0,231.0,24.0,226.0,40.0,256.73,11.0,229.5,3.0,68.0,35.0,1.1666747618738758,228.0,231.0,103,33.0,-33.0,0.32,229.5,8.0
07:42:08,228.0,36.0,231.0,8.0,226.0,40.0,283.75,8.0,229.5,3.0,76.0,16.0,0.5123475382916015,228.0,231.0,92,60.0,-11.0,0.65,228.0,4.0
07:42:09,226.3,88.0,232.31,16.0,224.2,50.0,291.94,17.0,229.3,6.009999999999991,138.0,33.0,0.5296225070684428,226.3,232.31,171,105.0,79.0,0.61,231.0,1.0
07:42:10,234.0,90.0,292.0,12.0,225.41,46.0,538.82,22.0,263.0,58.0,136.0,34.0,14.92457704593311,234.0,292.0,170,102.0,-1.0,0.6,231.0,
07:42:27,234.16,31.0,236.88,50.0,231.54,96.0,238.61,41.0,235.52,2.719999999999999,127.0,91.0,2.918398533442032,234.16,236.88,218,36.0,-41.0,0.17,234.2,5.0
07:42:28,231.3,100.0,233.57,21.0,230.74,124.0,235.74,31.0,232.44,2.269999999999982,224.0,52.0,3.1979555969395066,231.3,233.57,276,172.0,58.0,0.62,233.5,4.0
07:42:29,231.0,21.0,232.0,27.0,230.0,54.0,280.44,9.0,231.5,1.0,75.0,36.0,3.1865153381078843,231.0,232.0,111,39.0,-165.0,0.35,231.0,1.0
07:42:30,231.0,140.0,232.0,21.0,230.0,42.0,652.0,7.0,231.5,1.0,182.0,28.0,2.534048144766961,231.0,232.0,210,154.0,99.0,0.73,231.0,
07:42:31,231.0,135.0,380.59,27.0,230.0,48.0,556.0,17.0,305.8,149.58999999999995,183.0,44.0,32.71507481269141,231.0,380.5899999999999,227,139.0,17.0,0.61,231.38,8.0
07:42:32,231.22,111.0,370.02,41.0,230.46,78.0,380.87,39.0,300.62,138.79999999999998,189.0,80.0,39.15030676763588,231.22,370.02,269,109.0,42.0,0.41,231.0,3.0
07:42:33,231.81,64.0,308.11,19.0,230.73,118.0,367.64,25.0,269.96,76.30000000000001,182.0,44.0,35.92063863574805,231.81,308.11,226,138.0,-43.0,0.61,231.0,
07:42:34,233.78,18.0,236.0,9.0,231.0,168.0,362.79,29.0,234.89,2.219999999999999,186.0,38.0,35.084660180768395,233.78,236.0,224,148.0,-2.0,0.66,235.0,2.0
07:42:35,231.0,123.0,278.5,16.0,230.0,32.0,404.09,22.0,254.75,47.5,155.0,38.0,30.137901884504096,231.0,278.5,193,117.0,-31.0,0.61,231.0,3.0
07:42:43,231.13,61.0,315.0,39.0,230.33,49.0,317.0,39.0,273.07,83.87,110.0,78.0,2.96346587629958,231.13,315.0,188,32.0,-117.0,0.17,231.5,8.0
07:42:44,231.82,67.0,296.43,40.0,230.83,53.0,299.66,38.0,264.12,64.61000000000001,120.0,78.0,6.5116564712822935,231.82,296.43,198,42.0,10.0,0.21,231.5,
07:42:45,232.0,95.0,260.86,58.0,231.0,76.0,262.49,68.0,246.43,28.860000000000014,171.0,126.0,13.40533364001036,232.0,260.86,297,45.0,99.0,0.15,231.5,
07:42:46,232.78,45.0,241.0,48.0,231.6,40.0,261.2,60.0,236.89,8.219999999999999,85.0,108.0,17.403119547942985,232.78,241.0,193,-23.0,-104.0,-0.12,232.25,4.0
07:42:47,234.8,30.0,273.33,49.0,232.0,58.0,306.52,62.0,254.06,38.52999999999997,88.0,111.0,14.247481531835591,234.8,273.33,199,-23.0,6.0,-0.12,232.25,
07:42:48,233.0,24.0,296.7,30.0,230.83,48.0,322.16,49.0,264.85,63.69999999999999,72.0,79.0,11.911475559308217,233.0,296.7,151,-7.0,-48.0,-0.05,233.0,5.0
07:42:49,234.68,38.0,294.55,33.0,230.22,54.0,302.7,37.0,264.61,59.870000000000005,92.0,70.0,12.024538244772518,234.68,294.55,162,22.0,11.0,0.14,233.0,
07:42:50,234.41,41.0,291.23,48.0,230.15,82.0,292.59,49.0,262.82,56.82000000000002,123.0,97.0,11.893655031149844,234.41,291.23,220,26.0,58.0,0.12,236.83,6.0
07:42:51,230.11,74.0,246.47,34.0,229.26,108.0,279.46,39.0,238.29,16.359999999999985,182.0,73.0,11.31467321666851,230.11,246.47,255,109.0,35.0,0.43,230.33,6.0
07:42:52,230.0,23.0,231.0,30.0,229.0,80.0,232.6,20.0,230.5,1.0,103.0,50.0,16.51659862078137,230.0,231.0,153,53.0,-102.0,0.35,230.0,1.0
07:42:53,229.67,24.0,231.0,27.0,228.93,69.0,233.0,18.0,230.33,1.3300000000000125,93.0,45.0,17.118024126633262,229.67,231.0,138,48.0,-15.0,0.35,230.0,2.0
07:42:54,229.0,77.0,230.4,30.0,228.0,50.0,233.0,20.0,229.7,1.4000000000000057,127.0,50.0,14.13813530844856,229.0,230.4,177,77.0,39.0,0.44,229.0,3.0
07:42:55,229.0,28.0,231.23,26.0,228.0,50.0,301.87,23.0,230.12,2.2299999999999898,78.0,49.0,3.647008363028704,229.0,231.23,127,29.0,-50.0,0.23,229.0,4.0
07:42:56,229.0,5.0,234.0,10.0,228.0,25.0,390.0,21.0,231.5,5.0,30.0,31.0,0.6687301398931857,229.0,234.0,61,-1.0,-66.0,-0.02,229.0,
07:42:57,229.0,6.0,234.0,12.0,228.0,30.0,575.0,12.0,231.5,5.0,36.0,24.0,0.8259539938770991,229.0,234.0,60,12.0,-1.0,0.2,229.0,
07:42:58,229.0,5.0,234.0,10.0,228.0,25.0,351.86,14.0,231.5,5.0,30.0,24.0,0.883447791327535,229.0,234.0,54,6.0,-6.0,0.11,229.0,1.0
07:42:59,228.0,25.0,232.33,12.0,225.0,65.0,506.8,10.0,230.17,4.3300000000000125,90.0,22.0,0.7423745685309278,228.0,232.33,112,68.0,58.0,0.61,229.0,
07:43:00,228.0,60.0,229.0,44.0,225.0,156.0,234.92,24.0,228.5,1.0,216.0,68.0,1.3246810936982307,228.0,229.0,284,148.0,169.5,0.52,229.0,2.0
07:43:01,225.22,73.0,229.0,14.0,189.69,81.0,235.0,14.0,227.11,3.780000000000001,154.0,28.0,1.9257024692308136,225.22000000000003,229.0,182,126.0,-102.0,0.69,229.0,
07:43:02,227.0,24.0,233.0,20.0,225.0,130.0,276.0,18.0,230.0,6.0,154.0,38.0,1.6882920363496638,227.0,233.0,192,116.0,10.0,0.6,228.0,4.0
07:43:03,227.0,20.0,234.0,30.0,199.99,91.0,346.67,15.0,230.5,7.0,111.0,45.0,1.4241945091881691,227.0,234.0,156,66.0,-36.0,0.42,228.0,
07:43:04,227.55,22.0,232.53,49.0,221.82,17.0,268.95,19.0,230.04,4.97999999999999,39.0,68.0,1.404385986829025,227.55,232.53,107,-29.0,-49.0,-0.27,228.0,
07:43:05,228.0,28.0,231.41,56.0,227.0,28.0,232.37,54.0,229.71,3.4099999999999966,56.0,110.0,1.350359211469922,228.0,231.41,166,-54.0,59.0,-0.33,228.0,
07:43:06,226.17,24.0,228.06,17.0,209.95,19.0,230.06,31.0,227.11,1.8900000000000148,43.0,48.0,1.350359211469922,226.17,228.06,91,-5.0,-75.0,-0.05,227.67,9.0
07:43:07,225.0,18.0,232.24,33.0,164.85,13.0,234.78,18.0,228.62,7.240000000000009,31.0,51.0,1.3564770547273362,225.0,232.24,82,-20.0,-9.0,-0.24,227.67,
07:43:08,226.38,69.0,229.94,16.0,218.79,66.0,232.22,45.0,228.16,3.5600000000000023,135.0,61.0,1.1872110174698876,226.38,229.94,196,74.0,114.0,0.38,228.0,3.0
07:43:09,226.38,160.0,228.03,31.0,220.0,32.0,230.05,19.0,227.2,1.6500000000000057,192.0,50.0,1.0768240339080777,226.38,228.03,242,142.0,46.0,0.59,228.0,
07:43:10,228.18,44.0,231.5,16.0,226.13,52.0,232.78,9.0,229.84,3.319999999999993,96.0,25.0,1.1241352231836026,228.18,231.5,121,71.0,-121.0,0.59,228.0,2.0
07:43:11,231.0,120.0,232.5,16.0,230.0,12.0,236.2,20.0,231.75,1.5,132.0,36.0,1.7530772943603414,231.0,232.5,168,96.0,47.0,0.57,228.0,
07:43:12,232.18,110.0,235.5,16.0,230.0,11.0,265.38,37.0,233.84,3.319999999999993,121.0,53.0,2.689538993954439,232.18,235.5,174,68.0,6.0,0.39,233.0,1.0
07:43:13,233.66,87.0,237.0,20.0,230.0,10.0,525.2,50.0,235.33,3.3400000000000034,97.0,70.0,3.2175409865300875,233.66,237.0,167,27.0,-7.0,0.16,234.0,3.0
07:43:14,235.0,53.0,237.0,18.0,230.0,9.0,523.79,39.0,236.0,2.0,62.0,57.0,2.552600634647024,235.0,237.0,119,5.0,-48.0,0.04,235.0,6.0
07:43:15,235.0,6.0,237.0,12.0,230.0,6.0,443.0,30.0,236.0,2.0,12.0,42.0,1.813265010967768,235.0,237.0,54,-30.0,-65.0,-0.56,235.0,
07:43:16,230.83,6.0,235.85,13.0,227.12,26.0,441.33,18.0,233.34,5.019999999999982,32.0,31.0,1.2411768608864029,230.83,235.85,63,1.0,9.0,0.02,235.0,1.0
07:43:17,230.0,7.0,234.0,25.0,227.0,35.0,236.0,14.0,232.0,4.0,42.0,39.0,1.7873667782522906,230.0,234.0,81,3.0,18.0,0.04,235.0,
07:43:18,224.25,16.0,289.3,50.0,221.14,28.0,436.96,47.0,256.77,65.05000000000001,44.0,97.0,10.181479263839709,224.25,289.3,141,-53.0,60.0,-0.38,231.31,13.0
07:43:19,220.0,18.0,239.33,18.0,173.76,17.0,337.11,45.0,229.67,19.330000000000013,35.0,63.0,10.982164176518149,220.0,239.33000000000004,98,-28.0,-43.0,-0.29,221.0,2.0
07:43:20,222.86,21.0,254.0,60.0,212.32,25.0,517.33,60.0,238.43,31.139999999999983,46.0,120.0,10.949811413901076,222.86,254.0,166,-74.0,68.0,-0.45,221.0,
07:43:21,228.57,21.0,254.0,35.0,227.14,7.0,395.14,35.0,241.29,25.430000000000007,28.0,70.0,10.66997750700524,228.57,254.0,98,-42.0,-68.0,-0.43,221.0,
07:43:22,229.0,12.0,254.0,40.0,228.0,8.0,643.12,40.0,241.5,25.0,20.0,80.0,9.77989877248211,229.0,254.0,100,-60.0,2.0,-0.6,229.0,2.0
07:43:23,230.6,15.0,254.0,25.0,229.0,5.0,259.0,25.0,242.3,23.40000000000001,20.0,50.0,5.2226114157572905,230.6,254.0,70,-30.0,-30.0,-0.43,229.0,
07:43:24,232.89,27.0,355.67,45.0,229.0,9.0,517.67,45.0,294.28,122.78000000000004,36.0,90.0,23.92602871351601,232.89,355.67,126,-54.0,56.0,-0.43,229.0,
07:43:25,234.0,21.0,357.0,20.0,229.0,7.0,558.71,35.0,295.5,123.0,28.0,55.0,29.14081810793905,234.0,357.0,83,-27.0,-43.0,-0.33,229.0,
07:43:26,234.0,24.0,235.0,16.0,229.0,8.0,533.05,38.0,234.5,1.0,32.0,54.0,30.529089079106,234.0,235.0,86,-22.0,3.0,-0.26,229.0,
07:43:27,234.0,15.0,235.0,10.0,229.0,5.0,312.0,25.0,234.5,1.0,20.0,35.0,31.81558234576243,234.0,235.0,55,-15.0,-31.0,-0.27,235.0,2.0
07:43:28,233.25,48.0,311.79,57.0,231.27,37.0,455.65,57.0,272.52,78.54000000000002,85.0,114.0,30.40016776269479,233.25,311.79,199,-29.0,144.0,-0.15,233.5,4.0
07:43:29,231.46,28.0,310.89,27.0,228.44,9.0,354.33,45.0,271.18,79.42999999999998,37.0,72.0,26.59438286555997,231.46,310.89,109,-35.0,-90.0,-0.32,232.0,1.0
07:43:30,235.0,20.0,309.5,30.0,228.5,10.0,329.92,36.0,272.25,74.5,30.0,66.0,20.53658199409025,235.0,309.5,96,-36.0,-13.0,-0.38,232.0,
07:43:36,232.62,16.0,288.27,33.0,230.08,100.0,289.33,27.0,260.45,55.64999999999998,116.0,60.0,4.238174135165698,232.62,288.27,176,56.0,33.0,0.32,234.33,3.0
07:43:37,231.44,39.0,286.22,51.0,229.99,198.0,287.35,51.0,258.83,54.78000000000003,237.0,102.0,4.301418370722382,231.44,286.22,339,135.0,163.0,0.4,230.8,5.0
07:43:38,230.35,68.0,283.0,27.0,229.88,69.0,285.0,27.0,256.68,52.650000000000006,137.0,54.0,4.201360493933879,230.35,283.0,191,83.0,-148.0,0.43,231.0,4.0
07:43:39,232.5,40.0,282.43,35.0,230.0,130.0,284.0,30.0,257.46,49.93000000000001,170.0,65.0,3.0324000395707325,232.5,282.43,235,105.0,44.0,0.45,231.0,
07:43:40,231.81,54.0,281.16,37.0,230.17,109.0,282.03,33.0,256.49,49.35000000000002,163.0,70.0,1.658604835392889,231.81,281.16,233,93.0,-2.0,0.4,235.0,4.0
07:43:41,231.0,48.0,274.52,25.0,230.0,104.0,278.93,29.0,252.76,43.51999999999998,152.0,54.0,2.255821358172841,231.0,274.52,206,98.0,-27.0,0.48,235.0,
07:43:42,230.33,55.0,231.86,14.0,229.92,71.0,232.86,14.0,231.09,1.5300000000000011,126.0,28.0,11.220357837430544,230.33,231.86,154,98.0,-52.0,0.64,231.0,10.0
07:43:43,229.85,67.0,231.67,15.0,228.67,60.0,240.27,26.0,230.76,1.8199999999999927,127.0,41.0,13.612680485488127,229.85,231.67,168,86.0,14.0,0.51,230.5,2.0
07:43:44,231.79,189.0,236.0,36.0,229.54,96.0,277.0,54.0,233.89,4.210000000000008,285.0,90.0,12.56836783357289,231.79,236.0,375,195.0,169.5,0.52,230.5,
07:43:45,234.0,145.0,235.17,36.0,230.04,49.0,249.07,29.0,234.58,1.1699999999999875,194.0,65.0,9.179249969359688,234.0,235.17,259,129.0,-116.0,0.5,234.0,4.0
07:43:46,234.0,78.0,236.08,26.0,232.0,11.0,409.44,36.0,235.04,2.0800000000000125,89.0,62.0,2.0056096330018987,234.0,236.08,151,27.0,-108.0,0.18,234.0,3.0
07:43:47,234.0,30.0,402.0,16.0,232.0,5.0,484.53,17.0,318.0,168.0,35.0,33.0,37.79635273409314,234.0,402.0,68,2.0,-83.0,0.03,234.0,
07:43:48,234.0,36.0,315.11,27.0,232.0,6.0,463.14,21.0,274.56,81.11000000000001,42.0,48.0,37.16118512641906,234.0,315.11000000000007,90,-6.0,22.0,-0.07,234.0,
07:43:49,234.0,52.0,345.0,27.0,232.0,9.0,600.88,41.0,289.5,111.0,61.0,68.0,35.99047485099341,234.0,345.0,129,-7.0,39.0,-0.05,234.0,2.0
07:43:50,234.0,40.0,245.31,39.0,232.0,10.0,356.74,31.0,239.65,11.310000000000002,50.0,70.0,34.782377722059046,234.0,245.31,120,-20.0,-9.0,-0.17,234.0,
07:43:51,234.2,50.0,237.0,44.0,232.57,14.0,345.0,33.0,235.6,2.800000000000012,64.0,77.0,34.636826067063204,234.2,237.0,141,-13.0,21.0,-0.09,234.0,
07:43:52,235.0,90.0,237.0,36.0,234.0,36.0,375.44,27.0,236.0,2.0,126.0,63.0,25.22799476771764,235.0,237.0,189,63.0,48.0,0.33,234.0,
07:43:53,235.0,72.0,236.5,32.0,234.0,32.0,263.67,36.0,235.75,1.5,104.0,68.0,23.65029069588761,235.0,236.5,172,36.0,-17.0,0.21,235.0,4.0
07:43:54,235.0,78.0,237.41,32.0,234.0,56.0,275.31,62.0,236.2,2.4099999999999966,134.0,94.0,1.6983079814884905,235.0,237.41,228,40.0,56.0,0.18,235.0,3.0
07:43:55,235.0,14.0,241.0,28.0,234.0,28.0,247.86,21.0,238.0,6.0,42.0,49.0,0.9723682429961824,235.0,241.0,91,-7.0,-137.0,-0.08,235.0,1.0
07:43:56,235.0,24.0,241.0,36.0,234.0,36.0,246.0,27.0,238.0,6.0,60.0,63.0,1.1160197130819272,235.0,241.0,123,-3.0,32.0,-0.02,235.0,3.0
07:43:57,235.0,36.0,240.35,34.0,234.0,48.0,289.4,53.0,237.68,5.349999999999994,84.0,87.0,1.0706913654211747,235.0,240.35,171,-3.0,48.0,-0.02,235.0,
07:43:59,234.24,42.0,239.22,18.0,233.43,28.0,243.0,49.0,236.73,4.97999999999999,70.0,67.0,0.7911573800372769,234.24,239.22,137,3.0,-25.0,0.02,235.0,2.0
07:44:00,234.0,28.0,243.0,7.0,232.0,7.0,244.0,28.0,238.5,9.0,35.0,35.0,0.9175674362069816,234.0,243.0,70,0.0,-67.0,0.0,235.0,
07:44:01,234.0,20.0,243.0,5.0,232.0,5.0,244.0,20.0,238.5,9.0,25.0,25.0,1.0163316387810928,234.0,243.0,50,0.0,-20.0,0.0,235.0,
07:44:02,234.0,28.0,243.0,7.0,232.0,7.0,244.0,28.0,238.5,9.0,35.0,35.0,1.1074520305581943,234.0,243.0,70,0.0,20.0,0.0,235.0,
07:44:03,234.0,40.0,242.02,44.0,232.0,10.0,243.71,34.0,238.01,8.02000000000001,50.0,78.0,0.7667268092270474,234.0,242.02,128,-28.0,58.0,-0.22,235.0,
07:44:04,234.0,40.0,240.37,49.0,232.0,12.0,242.27,15.0,237.18,6.3700000000000045,52.0,64.0,0.5760381931673322,234.0,240.37000000000003,116,-12.0,-12.0,-0.1,234.0,2.0
07:44:05,233.88,17.0,240.0,36.0,231.33,12.0,241.33,9.0,236.94,6.1200000000000045,29.0,45.0,0.7322431290134855,233.88,240.0,74,-16.0,-42.0,-0.22,234.0,2.0
07:44:06,231.35,17.0,240.0,48.0,229.81,54.0,241.0,12.0,235.68,8.650000000000006,71.0,60.0,1.0845828691194677,231.35,240.0,131,11.0,57.0,0.08,232.0,1.0
07:44:07,231.7,30.0,240.0,40.0,230.0,40.0,241.0,10.0,235.85,8.300000000000011,70.0,50.0,0.9697783251792018,231.7,240.0,120,20.0,-11.0,0.17,232.0,
07:44:08,233.14,42.0,238.36,56.0,230.0,56.0,241.0,14.0,235.75,5.220000000000027,98.0,70.0,0.7196179541863533,233.14,238.36,168,28.0,48.0,0.17,232.0,
07:44:09,234.0,30.0,237.5,40.0,230.0,40.0,240.5,10.0,235.75,3.5,70.0,50.0,0.5322875162798062,234.0,237.5,120,20.0,-48.0,0.17,232.0,
07:44:10,230.52,46.0,235.58,48.0,229.1,78.0,237.1,39.0,233.05,5.060000000000002,124.0,87.0,1.2123448354273063,230.52,235.58,211,37.0,91.0,0.18,234.0,3.0
07:44:11,230.38,32.0,234.0,44.0,229.41,59.0,235.0,44.0,232.19,3.620000000000005,91.0,88.0,1.7595794952167456,230.38,234.0,179,3.0,-32.0,0.02,234.0,
07:44:12,230.53,19.0,233.57,56.0,229.24,83.0,234.57,56.0,232.05,3.039999999999992,102.0,112.0,1.8583110611485825,230.53,233.57,214,-10.0,35.0,-0.05,230.4,5.0
07:44:13,230.0,7.0,233.0,28.0,229.0,49.0,234.0,28.0,231.5,3.0,56.0,56.0,1.683098333427713,230.0,233.0,112,0.0,-102.0,0.0,230.4,
07:44:14,229.03,86.0,231.0,56.0,227.47,43.0,234.04,53.0,230.02,1.9699999999999989,129.0,109.0,1.1211913306778256,229.03000000000003,231.0,238,20.0,126.0,0.08,229.0,4.0
07:44:15,229.0,48.0,231.93,45.0,226.0,24.0,237.08,13.0,230.47,2.930000000000007,72.0,58.0,0.9627201046966386,229.0,231.93,130,14.0,-108.0,0.11,229.0,
07:44:16,227.8,10.0,230.0,32.0,225.32,38.0,237.25,8.0,228.9,2.1999999999999886,48.0,40.0,1.2404716844761632,227.8,230.0,88,8.0,-42.0,0.09,229.0,4.0
07:44:17,226.67,18.0,229.54,13.0,225.41,83.0,235.73,33.0,228.1,2.8700000000000045,101.0,46.0,1.3310972917060466,226.67,229.54,147,55.0,59.0,0.37,229.6,5.0
07:44:18,228.0,10.0,230.0,10.0,227.0,40.0,239.0,30.0,229.0,2.0,50.0,40.0,0.945684936956916,228.0,230.0,90,10.0,-57.0,0.11,229.6,
07:44:19,228.83,24.0,231.8,10.0,227.16,19.0,239.15,26.0,230.32,2.969999999999999,43.0,36.0,1.0102573929386478,228.83,231.8,79,7.0,-11.0,0.09,230.0,1.0
07:44:20,228.0,11.0,239.0,44.0,226.0,22.0,241.0,22.0,233.5,11.0,33.0,66.0,2.1310748461720324,228.0,239.0,99,-33.0,20.0,-0.33,230.0,
07:44:21,229.3,20.0,239.0,40.0,227.26,23.0,241.0,20.0,234.15,9.699999999999989,43.0,60.0,2.6946205669791667,229.3,239.0,103,-17.0,4.0,-0.17,230.0,
07:44:22,233.09,67.0,237.64,66.0,231.42,67.0,238.94,36.0,235.36,4.549999999999983,134.0,102.0,2.6878764852550634,233.09,237.64,236,32.0,133.0,0.14,230.0,
07:44:24,235.0,55.0,237.64,22.0,232.18,33.0,239.91,22.0,236.32,2.6399999999999864,88.0,44.0,1.2773292449431362,235.0,237.64,132,44.0,-41.0,0.33,230.0,
07:44:25,235.0,51.0,236.19,21.0,233.0,36.0,237.17,24.0,235.6,1.1899999999999975,87.0,45.0,0.8944104203255705,235.0,236.19,132,42.0,0.0,0.32,235.0,1.0
07:44:26,234.25,32.0,240.12,34.0,231.62,29.0,243.8,25.0,237.18,5.8700000000000045,61.0,59.0,0.7156256004272764,234.25,240.12,120,2.0,-12.0,0.02,235.0,4.0
07:44:27,234.3,43.0,243.0,55.0,232.69,32.0,247.0,22.0,238.65,8.699999999999989,75.0,77.0,1.168002568484699,234.3,243.0,152,-2.0,32.0,-0.01,235.0,
07:44:28,233.37,41.0,241.28,47.0,230.96,24.0,242.82,56.0,237.32,7.909999999999997,65.0,103.0,1.1487732587359636,233.37,241.28,168,-38.0,16.0,-0.23,234.6,5.0
07:44:29,229.0,40.0,239.25,40.0,228.0,8.0,241.0,24.0,234.12,10.25,48.0,64.0,1.7467340953868289,229.0,239.25,112,-16.0,-56.0,-0.14,234.6,
07:44:30,229.0,50.0,237.64,44.0,228.0,10.0,239.17,36.0,233.32,8.639999999999986,60.0,80.0,2.2805964132188925,229.0,237.64,140,-20.0,28.0,-0.14,234.6,
07:44:31,229.86,37.0,234.31,49.0,229.18,17.0,235.31,39.0,232.09,4.449999999999989,54.0,88.0,2.7712722709952047,229.86,234.31,142,-34.0,2.0,-0.24,229.0,4.0
07:44:32,231.17,48.0,233.0,24.0,229.95,21.0,234.0,36.0,232.08,1.8300000000000125,69.0,60.0,2.156659453874668,231.17,233.0,129,9.0,-13.0,0.07,232.33,6.0
07:44:33,229.86,22.0,232.02,43.0,226.5,20.0,237.14,49.0,230.94,2.1599999999999966,42.0,92.0,1.2323148948166942,229.86,232.02,134,-50.0,5.0,-0.37,229.0,5.0
07:44:34,226.0,10.0,230.12,26.0,224.0,20.0,236.06,34.0,228.06,4.1200000000000045,30.0,60.0,1.996251487159647,226.0,230.12,90,-30.0,-44.0,-0.33,229.0,
07:44:35,226.0,12.0,227.17,36.0,224.0,24.0,230.67,12.0,226.58,1.1699999999999875,36.0,48.0,2.5012796724850923,226.0,227.17,84,-12.0,-6.0,-0.14,229.0,
07:44:36,224.41,22.0,229.7,23.0,221.69,35.0,236.05,37.0,227.05,5.289999999999992,57.0,60.0,2.4380155864938904,224.41,229.7,117,-3.0,33.0,-0.03,226.0,1.0
07:44:37,228.41,116.0,230.17,24.0,226.54,13.0,232.0,12.0,229.29,1.759999999999991,129.0,36.0,1.7672662504521308,228.41000000000005,230.17,165,93.0,48.0,0.56,229.0,3.0
07:44:38,229.0,34.0,231.33,9.0,227.0,6.0,235.33,9.0,230.17,2.3300000000000125,40.0,18.0,1.5025811126149278,229.0,231.33000000000004,58,22.0,-107.0,0.38,229.0,4.0
07:44:39,229.0,16.0,234.0,4.0,227.0,4.0,236.0,8.0,231.5,5.0,20.0,12.0,2.0813625344920443,229.0,234.0,32,8.0,-26.0,0.25,229.0,
07:44:40,229.0,34.0,234.0,10.0,227.0,10.0,236.0,20.0,231.5,5.0,44.0,30.0,1.8498297218898867,229.0,234.0,74,14.0,42.0,0.19,229.0,3.0
07:44:41,229.0,8.0,234.0,8.0,227.0,8.0,236.0,16.0,231.5,5.0,16.0,24.0,1.018169926872361,229.0,234.0,40,-8.0,-34.0,-0.2,229.0,
07:44:42,229.12,8.0,234.0,8.0,227.25,8.0,236.81,31.0,231.56,4.879999999999996,16.0,39.0,0.6020631196039951,229.12,234.0,55,-23.0,15.0,-0.42,229.0,
07:44:43,230.0,5.0,234.0,5.0,229.0,5.0,236.0,20.0,232.0,4.0,10.0,25.0,0.2184490787055395,230.0,234.0,35,-15.0,-20.0,-0.43,229.0,
07:44:44,230.0,9.0,234.0,9.0,229.0,9.0,236.0,36.0,232.0,4.0,18.0,45.0,0.2640454506089842,230.0,234.0,63,-27.0,28.0,-0.43,229.0,
07:44:45,230.27,22.0,234.0,19.0,229.16,19.0,236.0,76.0,232.14,3.7299999999999898,41.0,95.0,0.2894822965006738,230.27,234.0,136,-54.0,73.0,-0.4,229.0,
07:44:46,231.0,18.0,234.0,9.0,230.0,9.0,236.0,36.0,232.5,3.0,27.0,45.0,0.3373425558498675,231.0,234.0,72,-18.0,-64.0,-0.25,229.0,
07:44:47,232.57,28.0,234.42,19.0,231.29,24.0,236.08,65.0,233.5,1.8499999999999943,52.0,84.0,0.6331824381545574,232.57,234.42,136,-32.0,64.0,-0.24,234.0,1.0
07:44:48,232.67,24.0,235.66,29.0,228.43,14.0,237.02,49.0,234.16,2.990000000000009,38.0,78.0,0.9337023080122332,232.67,235.66000000000005,116,-40.0,-20.0,-0.34,235.43,7.0
07:44:49,229.0,12.0,233.25,12.0,227.0,12.0,234.5,12.0,231.12,4.25,24.0,24.0,1.1853607045905343,229.0,233.25,48,0.0,-68.0,0.0,235.43,
07:44:50,228.71,14.0,231.36,14.0,226.0,16.0,233.29,14.0,230.04,2.6500000000000057,30.0,28.0,1.6906448473843816,228.71,231.36,58,2.0,10.0,0.03,229.0,1.0
07:44:51,228.75,137.0,235.31,16.0,225.1,21.0,239.18,44.0,232.03,6.560000000000002,158.0,60.0,1.6873055443479568,228.75,235.31,218,98.0,160.0,0.45,229.0,
07:44:52,229.53,131.0,234.38,13.0,228.76,68.0,236.0,13.0,231.96,4.849999999999994,199.0,26.0,1.5156582728264782,229.53,234.38,225,173.0,7.0,0.77,229.0,
07:44:53,232.13,130.0,238.11,18.0,230.77,103.0,242.26,23.0,235.12,5.980000000000018,233.0,41.0,1.893298708600244,232.13,238.11,274,192.0,49.0,0.7,232.0,4.0
