Time,Bid1_Price,Bid1_Volume,Ask1_Price,Ask1_Volume,Bid2_Price,Bid2_Volume,Ask2_Price,Ask2_Volume,Mid-Price,Bid_Ask_Spread,Market_Depth_Bid,Market_Depth_Ask,Historical_Volatility,Weighted_Avg_Bid_Price,Weighted_Avg_Ask_Price,Total_volume,Cumulative_Volume_Difference,Total_Volume_Change_Corrected,Order_imbalance,Weighted_Avg_Price,Trade_Volume
07:30:05,83.0,6.0,108.54,13.0,78.67,18.0,113.6,10.0,95.77,25.540000000000006,24.0,23.0,167.708467138663,83.0,108.54,47,1.0,-5.0,0.02,103.0,5.0
07:30:06,91.0,4.0,108.43,7.0,85.0,20.0,111.86,7.0,99.71,17.430000000000007,24.0,14.0,171.50600523013765,91.0,108.43,38,10.0,-9.0,0.26,103.0,
07:30:07,92.5,12.0,103.0,12.0,89.29,14.0,105.0,6.0,97.75,10.5,26.0,18.0,142.08779884282814,92.5,103.0,44,8.0,6.0,0.18,103.0,
07:30:08,94.89,18.0,103.0,16.0,93.54,24.0,105.0,8.0,98.94,8.11,42.0,24.0,11.725484211749343,94.89,103.0,66,18.0,22.0,0.27,103.0,
07:30:10,102.35,46.0,107.43,35.0,100.65,31.0,110.04,52.0,104.89,5.0800000000000125,77.0,87.0,2.7279754397689797,102.35,107.43,164,-10.0,9.0,-0.06,103.0,
07:30:11,105.36,25.0,108.88,32.0,100.59,29.0,110.29,28.0,107.12,3.519999999999996,54.0,60.0,4.015765182375954,105.36,108.88,114,-6.0,-50.0,-0.05,107.0,3.0
07:30:12,106.0,28.0,109.28,39.0,100.0,18.0,110.47,19.0,107.64,3.280000000000001,46.0,58.0,3.9499620251317937,106.0,109.28,104,-12.0,-10.0,-0.12,107.0,
07:30:13,106.0,24.0,107.62,21.0,100.0,6.0,109.5,16.0,106.81,1.6200000000000043,30.0,37.0,2.984096178071922,106.0,107.62,67,-7.0,-37.0,-0.1,107.17,6.0
07:30:14,102.8,15.0,106.93,14.0,98.5,20.0,111.0,16.0,104.86,4.13000000000001,35.0,30.0,1.302240377189852,102.8,106.93,65,5.0,-2.0,0.08,107.0,2.0
07:30:15,101.0,12.0,104.6,5.0,100.0,4.0,110.14,7.0,102.8,3.5999999999999943,16.0,12.0,2.001319564683145,101.0,104.6,28,4.0,-37.0,0.14,107.0,
07:30:18,97.12,43.0,107.7,47.0,94.37,41.0,121.43,14.0,102.41,10.579999999999998,84.0,61.0,1.5810534462766008,97.12,107.70000000000002,145,23.0,5.0,0.16,100.0,1.0
07:30:19,98.0,18.0,107.85,26.0,97.0,45.0,112.05,21.0,102.92,9.849999999999994,63.0,47.0,0.9645050544103284,98.0,107.85,110,16.0,-35.0,0.15,108.0,1.0
07:30:20,99.5,32.0,103.9,21.0,97.29,56.0,105.82,55.0,101.7,4.400000000000006,88.0,76.0,0.8804373912908531,99.5,103.9,164,12.0,54.0,0.07,102.0,2.0
07:30:22,101.79,19.0,104.79,43.0,100.14,14.0,111.36,22.0,103.29,3.0,33.0,65.0,1.05652733044777,101.79,104.79,98,-32.0,-26.0,-0.33,101.0,1.0
07:30:23,103.72,18.0,105.0,57.0,102.98,53.0,147.8,50.0,104.36,1.2800000000000011,71.0,107.0,1.446115486392125,103.72,105.0,178,-36.0,80.0,-0.2,105.0,3.0
07:30:24,100.52,23.0,105.0,26.0,100.25,48.0,375.89,27.0,102.76,4.480000000000004,71.0,53.0,1.438460983128541,100.52,105.0,124,18.0,-54.0,0.15,104.0,1.0
07:30:27,101.18,44.0,312.0,21.0,99.67,36.0,346.93,14.0,206.59,210.82,80.0,35.0,46.68536419478792,101.18,312.0,115,45.0,-94.0,0.39,103.0,4.0
07:30:28,113.0,48.0,380.94,17.0,106.09,44.0,596.52,23.0,246.97,267.94,92.0,40.0,70.0688880317077,113.0,380.94,132,52.0,17.0,0.39,103.0,
07:30:29,115.0,64.0,399.17,24.0,107.62,32.0,610.8,20.0,257.08,284.17,96.0,44.0,76.81897597599172,115.0,399.17,140,52.0,8.0,0.37,103.0,
07:30:30,114.46,59.0,296.92,48.0,110.96,54.0,417.83,42.0,205.69,182.46000000000004,113.0,90.0,61.77925298998035,114.46,296.92,203,23.0,63.0,0.11,114.2,10.0
07:30:31,110.45,11.0,223.33,12.0,107.0,20.0,265.67,21.0,166.89,112.88,31.0,33.0,36.23282324081297,110.45,223.33,64,-2.0,-139.0,-0.03,110.33,3.0
07:30:32,109.0,27.0,221.0,18.0,103.92,52.0,315.1,40.0,165.0,112.0,79.0,58.0,43.21846862164364,109.0,221.0,137,21.0,73.0,0.15,110.33,
07:30:33,109.0,18.0,218.42,24.0,107.0,48.0,219.22,18.0,163.71,109.42,66.0,42.0,40.56515536763042,109.0,218.42,108,24.0,-29.0,0.22,110.33,
07:30:34,109.0,15.0,206.37,19.0,107.0,40.0,217.38,16.0,157.68,97.37,55.0,35.0,19.25942963849123,109.0,206.37,90,20.0,-18.0,0.22,110.33,
07:30:35,109.0,27.0,213.78,45.0,107.0,72.0,216.0,18.0,161.39,104.78,99.0,63.0,3.5534813915362307,109.0,213.78,162,36.0,72.0,0.22,110.33,
07:30:36,107.6,50.0,211.06,34.0,104.33,60.0,213.14,28.0,159.33,103.46,110.0,62.0,3.0173282884025507,107.6,211.06,172,48.0,10.0,0.28,108.5,4.0
07:30:37,108.5,42.0,208.2,40.0,104.68,69.0,208.91,32.0,158.35,99.7,111.0,72.0,2.460065039789453,108.5,208.2,183,39.0,11.0,0.21,108.5,
07:30:38,108.16,31.0,202.18,17.0,103.67,48.0,204.85,26.0,155.17,94.02,79.0,43.0,2.278021071016308,108.16,202.18,122,36.0,-61.0,0.3,110.0,3.0
07:30:39,106.11,45.0,193.7,10.0,99.83,41.0,195.0,10.0,149.91,87.58999999999999,86.0,20.0,4.472024150202482,106.11,193.7,106,66.0,-16.0,0.62,107.0,5.0
07:30:40,114.0,32.0,191.8,20.0,107.0,88.0,193.0,10.0,152.9,77.80000000000001,120.0,30.0,3.880440696621228,114.0,191.8,150,90.0,44.0,0.6,114.0,2.0
07:30:41,110.06,66.0,187.59,27.0,107.14,118.0,188.85,20.0,148.83,77.53,184.0,47.0,3.881793399962731,110.06,187.59,231,137.0,81.0,0.59,110.25,8.0
07:30:42,109.0,107.0,183.11,18.0,102.14,58.0,184.67,18.0,146.06,74.11000000000001,165.0,36.0,3.5493703666980574,109.0,183.11,201,129.0,-30.0,0.64,110.25,
07:30:43,109.7,40.0,179.75,28.0,108.73,66.0,181.55,11.0,144.72,70.05,106.0,39.0,3.228688588265271,109.7,179.75,145,67.0,-56.0,0.46,110.25,
07:30:44,110.0,48.0,177.56,16.0,109.0,78.0,178.98,52.0,143.78,67.56,126.0,68.0,3.6836286457777474,110.0,177.56,194,58.0,49.0,0.3,110.25,
07:30:45,110.0,28.0,174.04,23.0,109.0,49.0,174.73,11.0,142.02,64.03999999999999,77.0,34.0,2.559593717759609,110.0,174.04,111,43.0,-83.0,0.39,110.25,
07:30:46,110.0,32.0,172.29,14.0,109.0,56.0,173.63,19.0,141.14,62.28999999999999,88.0,33.0,1.9919036121244835,110.0,172.29,121,55.0,10.0,0.45,110.25,
07:30:47,110.0,40.0,169.9,10.0,109.0,70.0,171.73,22.0,139.95,59.900000000000006,110.0,32.0,1.9359028901250936,110.0,169.9,142,78.0,21.0,0.55,110.25,
07:30:48,110.47,19.0,168.14,7.0,109.3,40.0,169.57,7.0,139.31,57.66999999999999,59.0,14.0,1.7648654339622458,110.46999999999998,168.14,73,45.0,-69.0,0.62,110.25,
07:30:49,112.1,10.0,165.0,21.0,109.57,49.0,165.75,24.0,138.55,52.900000000000006,59.0,45.0,1.393997847916118,112.1,165.0,104,14.0,31.0,0.13,110.75,4.0
07:30:50,110.96,50.0,160.09,32.0,109.46,26.0,160.87,30.0,135.53,49.13000000000001,76.0,62.0,2.107576807614564,110.96,160.09,138,14.0,34.0,0.1,110.75,
07:30:51,109.55,58.0,153.95,37.0,107.19,64.0,156.18,11.0,131.75,44.39999999999999,122.0,48.0,3.3971635227046315,109.55,153.95,170,74.0,32.0,0.44,110.8,5.0
07:30:52,109.08,80.0,151.52,21.0,107.09,136.0,152.43,28.0,130.3,42.44000000000001,216.0,49.0,4.002289344861892,109.08,151.52,265,167.0,95.0,0.63,109.0,1.0
07:30:53,115.0,7.0,147.12,17.0,109.0,42.0,148.06,17.0,131.06,32.120000000000005,49.0,34.0,3.4950064377616124,115.0,147.12,83,15.0,-166.5,0.18,109.0,
07:30:54,115.0,6.0,144.86,7.0,109.0,36.0,146.13,15.0,129.93,29.860000000000014,42.0,22.0,2.245713695018838,115.0,144.86,64,20.0,-19.0,0.31,109.0,
07:30:55,112.3,20.0,140.62,29.0,108.38,96.0,142.29,24.0,126.46,28.320000000000007,116.0,53.0,2.0471077157773907,112.3,140.62,169,63.0,105.0,0.37,110.5,4.0
07:30:56,108.05,61.0,135.72,18.0,107.04,189.0,137.26,39.0,121.89,27.67,250.0,57.0,3.8097335864854815,108.05,135.72,307,193.0,138.0,0.63,108.43,7.0
07:30:57,110.62,32.0,132.64,11.0,107.09,66.0,133.88,8.0,121.63,22.019999999999985,98.0,19.0,4.389217470118758,110.62,132.64,117,79.0,-166.5,0.68,108.43,
07:30:58,114.0,34.0,131.82,28.0,109.21,33.0,132.26,19.0,122.91,17.819999999999993,67.0,47.0,3.5666202489185577,114.0,131.82,114,20.0,-3.0,0.18,114.0,4.0
07:30:59,114.38,39.0,128.0,20.0,112.91,33.0,130.57,14.0,121.19,13.620000000000005,72.0,34.0,2.132810352562084,114.38,128.0,106,38.0,-8.0,0.36,114.0,
07:31:00,115.44,32.0,125.11,9.0,111.37,19.0,126.78,27.0,120.27,9.670000000000002,51.0,36.0,0.9663953642252832,115.44,125.11,87,15.0,-19.0,0.17,115.29,7.0
07:31:01,116.0,20.0,120.6,15.0,112.0,20.0,122.16,19.0,118.3,4.599999999999994,40.0,34.0,1.717993015118565,116.0,120.6,74,6.0,-13.0,0.08,115.29,
07:31:02,113.07,30.0,116.1,40.0,108.64,47.0,117.9,21.0,114.58,3.030000000000001,77.0,61.0,3.1902586102064334,113.07,116.1,138,16.0,64.0,0.12,112.8,5.0
07:31:03,108.0,16.0,113.78,18.0,107.0,80.0,114.16,19.0,110.89,5.780000000000001,96.0,37.0,4.275421616635777,108.0,113.78,133,59.0,-5.0,0.44,112.8,
07:31:04,107.42,52.0,109.96,23.0,106.95,116.0,112.6,25.0,108.69,2.539999999999992,168.0,48.0,4.860990639776704,107.42,109.96,216,120.0,83.0,0.56,108.0,2.0
07:31:05,107.98,48.0,109.9,31.0,106.98,112.0,178.27,33.0,108.94,1.9200000000000017,160.0,64.0,4.108107836948407,107.98,109.9,224,96.0,8.0,0.43,108.86,7.0
07:31:06,107.97,31.0,143.75,24.0,107.06,71.0,393.0,36.0,125.86,35.78,102.0,60.0,7.145828853253961,107.97,143.75,162,42.0,-62.0,0.26,109.0,2.0
07:31:07,114.25,32.0,118.0,27.0,108.78,18.0,300.45,31.0,116.12,3.75,50.0,58.0,7.221076789509775,114.25,118.0,108,-8.0,-54.0,-0.07,109.0,
07:31:09,115.0,57.0,295.49,39.0,109.86,28.0,325.39,31.0,205.24,180.49,85.0,70.0,81.99794704747181,115.0,295.49,155,15.0,81.0,0.1,115.0,3.0
07:31:10,115.0,21.0,289.86,28.0,112.0,46.0,292.0,21.0,202.43,174.86,67.0,49.0,74.52083936725344,115.0,289.86,116,18.0,-39.0,0.16,115.0,
07:31:11,115.0,30.0,288.3,40.0,112.0,70.0,302.8,30.0,201.65,173.3,100.0,70.0,65.33714387697084,115.0,288.3,170,30.0,54.0,0.18,115.0,
07:31:12,115.0,15.0,287.2,20.0,112.0,35.0,395.2,15.0,201.1,172.2,50.0,35.0,43.89833174506734,115.0,287.2,85,15.0,-85.0,0.18,115.0,
07:31:13,115.0,29.0,189.36,44.0,112.0,98.0,274.48,50.0,152.18,74.36000000000001,127.0,94.0,22.60694251773095,115.0,189.36,221,33.0,136.0,0.15,115.0,1.0
07:31:14,116.0,14.0,160.14,28.0,115.0,14.0,249.57,21.0,138.07,44.13999999999999,28.0,49.0,31.404369600423344,116.0,160.14,77,-21.0,-144.0,-0.27,115.0,
07:31:15,113.67,21.0,160.0,28.0,112.0,23.0,236.0,28.0,136.83,46.33,44.0,56.0,32.8819590353129,113.67,160.0,100,-12.0,23.0,-0.12,114.8,5.0
07:31:16,112.0,36.0,158.17,24.0,109.0,24.0,236.0,24.0,135.08,46.16999999999999,60.0,48.0,27.92479668681578,112.0,158.17,108,12.0,8.0,0.11,114.8,
07:31:17,112.0,66.0,157.82,44.0,109.0,44.0,300.4,40.0,134.91,45.81999999999999,110.0,84.0,7.25471777535143,112.0,157.82,194,26.0,86.0,0.13,114.8,
07:31:18,112.0,36.0,156.83,24.0,109.0,24.0,349.09,22.0,134.42,44.83000000000001,60.0,46.0,1.5337437856436664,112.0,156.83,106,14.0,-88.0,0.13,114.8,
07:31:19,113.6,20.0,154.73,22.0,111.57,56.0,230.84,37.0,134.16,41.13,76.0,59.0,1.0456337791027357,113.6,154.73,135,17.0,29.0,0.13,114.8,
07:31:20,112.8,40.0,149.53,51.0,110.89,76.0,150.22,36.0,131.16,36.73,116.0,87.0,1.6005873921784943,112.8,149.53,203,29.0,68.0,0.14,112.67,6.0
07:31:21,112.0,12.0,144.92,48.0,109.29,42.0,146.33,48.0,128.46,32.91999999999999,54.0,96.0,2.751948400679196,112.0,144.92,150,-42.0,-53.0,-0.28,112.67,
07:31:22,109.0,24.0,136.71,17.0,108.0,16.0,138.23,26.0,122.85,27.710000000000008,40.0,43.0,4.781767455659137,109.0,136.71,83,-3.0,-67.0,-0.04,110.5,2.0
07:31:23,109.0,36.0,134.11,36.0,108.0,24.0,135.67,24.0,121.56,25.110000000000014,60.0,60.0,5.373166664081899,109.0,134.11,120,0.0,37.0,0.0,110.5,
07:31:24,109.0,27.0,133.0,21.0,108.0,18.0,134.0,24.0,121.0,24.0,45.0,45.0,4.537981930329949,109.0,133.0,90,0.0,-30.0,0.0,110.5,
07:31:25,110.58,19.0,127.34,47.0,108.83,35.0,129.26,39.0,118.96,16.760000000000005,54.0,86.0,3.580765281333201,110.58,127.34,140,-32.0,50.0,-0.23,110.5,
07:31:26,112.0,9.0,123.38,32.0,109.0,27.0,125.55,22.0,117.69,11.379999999999995,36.0,54.0,2.0691230026272684,112.0,123.38,90,-18.0,-50.0,-0.2,110.5,
07:31:27,112.0,12.0,117.56,39.0,109.0,36.0,119.19,32.0,114.78,5.560000000000002,48.0,71.0,2.7329324909337425,112.0,117.56,119,-23.0,29.0,-0.19,110.5,
07:31:28,109.95,19.0,113.82,22.0,108.5,36.0,115.61,46.0,111.88,3.8699999999999903,55.0,68.0,3.5834787567392272,109.95,113.82,123,-13.0,4.0,-0.11,111.0,4.0
07:31:29,107.45,31.0,111.84,38.0,106.93,30.0,114.41,17.0,109.65,4.390000000000001,61.0,55.0,3.888787728843172,107.45,111.84,116,6.0,-7.0,0.05,107.8,5.0
07:31:30,107.0,64.0,108.82,44.0,106.0,44.0,110.27,44.0,107.91,1.8199999999999927,108.0,88.0,3.925553464162881,107.0,108.82,196,20.0,80.0,0.1,107.0,5.0
07:31:31,103.31,39.0,226.23,52.0,102.36,45.0,612.0,46.0,164.77,122.92,84.0,98.0,24.15917155036574,103.31,226.23,182,-14.0,-14.0,-0.08,106.2,5.0
07:31:32,104.95,38.0,388.69,39.0,102.81,37.0,540.07,56.0,246.82,283.74,75.0,95.0,60.06038236641522,104.95,388.69,170,-20.0,-12.0,-0.12,105.0,2.0
07:31:33,108.0,271.0,156.5,32.0,107.0,39.0,310.25,28.0,132.25,48.5,310.0,60.0,57.62166779953527,108.0,156.5,370,250.0,165.5,0.68,105.0,
07:31:34,108.34,170.0,114.0,8.0,107.25,24.0,217.0,25.0,111.17,5.659999999999997,194.0,33.0,57.3438739535445,108.34,114.0,227,161.0,-143.0,0.71,105.0,
07:31:35,110.06,157.0,113.7,10.0,109.73,48.0,223.17,18.0,111.88,3.640000000000001,205.0,28.0,56.59323431294592,110.06000000000002,113.7,233,177.0,6.0,0.76,112.0,1.0
07:31:36,112.0,12.0,113.0,6.0,110.0,114.0,134.0,6.0,112.5,1.0,126.0,12.0,58.74942408228357,112.0,113.0,138,114.0,-95.0,0.83,112.0,
07:31:37,112.0,16.0,113.0,8.0,110.0,152.0,315.09,11.0,112.5,1.0,168.0,19.0,9.06708056653317,112.0,113.0,187,149.0,49.0,0.8,112.0,
07:31:38,110.23,86.0,286.0,12.0,109.96,99.0,375.48,27.0,198.12,175.76999999999998,185.0,39.0,38.51234840930896,110.23,286.0,224,146.0,37.0,0.65,112.33,3.0
07:31:40,110.06,78.0,410.5,6.0,109.79,24.0,418.5,6.0,260.28,300.44,102.0,12.0,89.61835983770285,110.06,410.5,114,90.0,-92.0,0.79,112.3,10.0
07:31:41,110.5,38.0,166.38,26.0,109.98,159.0,249.29,28.0,138.44,55.88,197.0,54.0,83.879957558406,110.5,166.38,251,143.0,137.0,0.57,113.0,1.0
07:31:43,109.98,46.0,228.2,40.0,108.75,12.0,302.23,39.0,169.09,118.21999999999998,58.0,79.0,79.67994772839644,109.98,228.2,137,-21.0,31.0,-0.15,110.0,5.0
07:31:44,110.54,39.0,167.08,52.0,103.53,38.0,183.35,43.0,138.81,56.540000000000006,77.0,95.0,75.66053812919911,110.54,167.07999999999998,172,-18.0,35.0,-0.1,108.25,4.0
07:31:45,112.0,75.0,155.69,13.0,107.86,14.0,248.29,34.0,133.85,43.69,89.0,47.0,72.41516830057081,112.0,155.69,136,42.0,-36.0,0.31,112.0,1.0
07:31:46,112.0,25.0,155.0,5.0,108.0,5.0,170.0,15.0,133.5,43.0,30.0,20.0,73.10017729116664,112.0,155.0,50,10.0,-86.0,0.2,112.0,
07:31:47,113.83,90.0,155.0,12.0,111.12,32.0,236.42,36.0,134.42,41.17,122.0,48.0,15.330943545652977,113.83,155.0,170,74.0,120.0,0.44,112.0,
07:31:48,115.46,122.0,154.3,10.0,113.65,80.0,208.0,30.0,134.88,38.84000000000002,202.0,40.0,2.1445908700727885,115.46,154.3,242,162.0,72.0,0.67,112.0,
07:31:49,116.0,140.0,151.4,10.0,115.0,110.0,180.31,32.0,133.7,35.400000000000006,250.0,42.0,0.5676266378524385,116.0,151.4,292,208.0,50.0,0.71,112.0,
07:31:50,116.0,126.0,151.0,9.0,115.0,99.0,278.43,28.0,133.5,35.0,225.0,37.0,0.620644825967052,116.0,151.0,262,188.0,-30.0,0.72,112.0,
07:31:51,116.0,138.0,121.25,32.0,115.0,121.0,325.38,21.0,118.62,5.25,259.0,53.0,6.95615410985122,116.0,121.25,312,206.0,50.0,0.66,116.0,4.0
07:31:52,116.0,92.0,117.0,44.0,115.0,132.0,208.27,11.0,116.5,1.0,224.0,55.0,9.065605330037291,116.0,117.0,279,169.0,-33.0,0.61,116.0,5.0
07:31:53,116.0,56.0,223.29,14.0,115.0,96.0,520.19,21.0,169.64,107.29,152.0,35.0,21.2871773610312,116.0,223.29,187,117.0,-92.0,0.63,116.0,
07:31:55,116.0,54.0,307.31,26.0,115.0,120.0,401.81,31.0,211.65,191.31,174.0,57.0,82.2107506351815,116.0,307.31,231,117.0,87.0,0.51,116.0,3.0
07:31:56,115.14,84.0,174.96,23.0,113.5,96.0,402.0,28.0,145.05,59.82000000000001,180.0,51.0,77.48005440111665,115.14,174.96,231,129.0,0.0,0.56,116.0,3.0
07:31:57,115.0,96.0,215.62,16.0,112.0,64.0,439.38,16.0,165.31,100.62,160.0,32.0,68.15975887574716,115.0,215.62,192,128.0,-39.0,0.67,116.0,
07:31:58,115.0,80.0,212.3,20.0,112.0,84.0,399.2,20.0,163.65,97.3,164.0,40.0,68.9062255532836,115.0,212.3,204,124.0,12.0,0.61,115.0,5.0
07:31:59,115.0,27.0,197.82,22.0,112.0,88.0,202.82,22.0,156.41,82.82,115.0,44.0,25.454148581321647,115.0,197.82,159,71.0,-45.0,0.45,115.0,5.0
07:32:00,115.0,22.0,195.09,22.0,112.0,88.0,196.09,22.0,155.05,80.09,110.0,44.0,8.06516459844438,115.0,195.09000000000003,154,66.0,-5.0,0.43,115.0,
07:32:01,115.0,22.0,194.18,22.0,112.0,88.0,195.45,22.0,154.59,79.18,110.0,44.0,5.0793031018044505,115.0,194.18,154,66.0,0.0,0.43,115.0,
07:32:02,115.0,34.0,144.25,40.0,112.0,71.0,149.47,34.0,129.62,29.25,105.0,74.0,12.961029280115111,115.0,144.25,179,31.0,25.0,0.17,115.0,
07:32:03,115.0,16.0,137.86,22.0,112.0,40.0,139.24,34.0,126.43,22.860000000000014,56.0,56.0,15.02386434976043,115.0,137.86,112,0.0,-67.0,0.0,115.0,
07:32:04,115.0,16.0,135.4,25.0,112.0,40.0,145.9,31.0,125.2,20.40000000000001,56.0,56.0,15.278264626586475,115.0,135.4,112,0.0,0.0,0.0,115.0,
07:32:05,115.67,30.0,134.42,24.0,112.73,33.0,141.05,39.0,125.04,18.749999999999982,63.0,63.0,12.664163217520716,115.67,134.42,126,0.0,14.0,0.0,116.0,5.0
07:32:06,115.0,22.0,132.64,28.0,112.0,55.0,134.65,46.0,123.82,17.639999999999986,77.0,74.0,2.2136440544960525,115.0,132.64,151,3.0,25.0,0.02,116.0,
07:32:07,115.0,36.0,127.21,48.0,112.0,90.0,128.1,51.0,121.1,12.209999999999994,126.0,99.0,2.0225775634091336,115.0,127.21,225,27.0,74.0,0.12,116.0,
07:32:08,114.25,32.0,120.77,39.0,111.57,70.0,123.21,28.0,117.51,6.519999999999996,102.0,67.0,3.2533951496869062,114.25,120.77,169,35.0,-56.0,0.21,114.0,3.0
07:32:09,112.0,60.0,117.91,69.0,109.0,75.0,119.57,42.0,114.96,5.909999999999997,135.0,111.0,4.231569448798711,112.0,117.91,246,24.0,77.0,0.1,112.0,2.0
07:32:10,112.0,20.0,115.08,26.0,109.0,50.0,116.03,39.0,113.54,3.0799999999999983,70.0,65.0,4.262708059439088,112.0,115.08,135,5.0,-111.0,0.04,112.0,
07:32:11,107.97,39.0,112.69,29.0,106.09,115.0,113.79,28.0,110.33,4.719999999999999,154.0,57.0,4.070057739149096,107.97,112.69,211,97.0,76.0,0.46,109.33,9.0
07:32:12,107.0,16.0,110.0,16.0,106.0,88.0,111.14,14.0,108.5,3.0,104.0,30.0,3.6002458249413927,107.0,110.0,134,74.0,-77.0,0.55,109.33,
07:32:13,106.07,83.0,111.28,29.0,93.52,83.0,142.4,25.0,108.67,5.210000000000008,166.0,54.0,2.918090128835682,106.07,111.28,220,112.0,86.0,0.51,107.2,5.0
07:32:14,109.67,27.0,115.0,85.0,106.94,53.0,266.07,40.0,112.33,5.329999999999998,80.0,125.0,2.22580996493599,109.67,115.0,205,-45.0,-15.0,-0.22,107.2,
07:32:15,112.0,54.0,114.42,60.0,110.0,12.0,290.5,36.0,113.21,2.4200000000000017,66.0,96.0,2.122055607190431,112.0,114.42,162,-30.0,-43.0,-0.19,112.0,2.0
07:32:16,112.0,38.0,125.12,26.0,110.0,8.0,216.62,24.0,118.56,13.120000000000005,46.0,50.0,4.111657816502736,112.0,125.12,96,-4.0,-66.0,-0.04,113.2,5.0
07:32:17,109.85,13.0,176.92,39.0,107.17,36.0,272.16,37.0,143.38,67.07,49.0,76.0,13.955602817506904,109.85,176.92,125,-27.0,29.0,-0.22,109.5,2.0
07:32:18,111.0,11.0,265.42,43.0,109.0,11.0,319.63,27.0,188.21,154.42000000000002,22.0,70.0,32.250735960594824,111.0,265.42,92,-48.0,-33.0,-0.52,109.5,
07:32:19,111.5,10.0,265.0,50.0,109.4,10.0,293.0,30.0,188.25,153.5,20.0,80.0,36.42921314000622,111.5,265.0,100,-60.0,8.0,-0.6,109.5,
07:32:20,111.27,30.0,214.81,63.0,105.58,33.0,283.5,46.0,163.04,103.54,63.0,109.0,29.98412696744729,111.27,214.81,172,-46.0,72.0,-0.27,113.75,4.0
07:32:21,116.0,10.0,169.0,50.0,106.69,70.0,179.8,30.0,142.5,53.0,80.0,80.0,22.67572336222153,116.0,169.0,160,0.0,-12.0,0.0,113.75,
07:32:22,116.0,10.0,168.0,50.0,107.26,38.0,239.7,30.0,142.0,52.0,48.0,80.0,23.011726358532936,116.0,168.0,128,-32.0,-32.0,-0.25,113.75,
07:32:23,112.27,15.0,166.67,69.0,106.41,102.0,205.79,57.0,139.47,54.39999999999999,117.0,126.0,20.836395321648165,112.27,166.67,243,-9.0,115.0,-0.04,112.5,2.0
07:32:24,107.14,28.0,163.32,56.0,105.74,122.0,164.97,39.0,135.23,56.17999999999999,150.0,95.0,10.78426956265485,107.14,163.32,245,55.0,2.0,0.22,106.75,4.0
07:32:25,107.67,18.0,161.08,39.0,106.24,42.0,162.33,36.0,134.37,53.41000000000001,60.0,75.0,3.7653592126124353,107.67,161.08,135,-15.0,-110.0,-0.11,106.75,
07:32:26,114.92,131.0,160.0,48.0,110.59,34.0,162.0,60.0,137.46,45.08,165.0,108.0,3.117295302021552,114.92,160.0,273,57.0,138.0,0.21,106.75,
07:32:27,116.0,216.0,159.71,51.0,115.0,24.0,161.82,40.0,137.85,43.71000000000001,240.0,91.0,2.062032977429292,116.0,159.71,331,149.0,58.0,0.45,106.75,
07:32:28,116.0,212.0,156.5,34.0,115.0,24.0,158.53,38.0,136.25,40.5,236.0,72.0,1.4660559334507304,116.0,156.5,308,164.0,-23.0,0.53,116.0,2.0
07:32:29,116.0,160.0,150.94,34.0,115.0,20.0,153.78,23.0,133.47,34.94,180.0,57.0,1.9106543381800327,116.0,150.94,237,123.0,-71.0,0.52,116.0,
07:32:30,116.0,192.0,146.74,35.0,115.0,24.0,148.64,28.0,131.37,30.74000000000001,216.0,63.0,2.7776968877122545,116.0,146.74,279,153.0,42.0,0.55,116.0,
07:32:31,116.0,160.0,145.12,50.0,115.0,26.0,146.22,37.0,130.56,29.120000000000005,186.0,87.0,3.1171461306789388,116.0,145.12,273,99.0,-6.0,0.36,116.0,8.0
07:32:32,116.0,72.0,143.78,36.0,115.0,18.0,146.0,27.0,129.89,27.78,90.0,63.0,2.582231593023185,116.0,143.78,153,27.0,-120.0,0.18,116.0,
07:32:33,116.0,104.0,139.89,47.0,115.0,29.0,141.65,40.0,127.95,23.889999999999983,133.0,87.0,2.0215390176811794,116.0,139.89,220,46.0,67.0,0.21,116.0,
07:32:34,116.0,73.0,137.71,35.0,115.0,30.0,138.38,40.0,126.86,21.710000000000008,103.0,75.0,1.8703823138619728,116.0,137.71,178,28.0,-42.0,0.16,116.0,1.0
07:32:35,116.0,42.0,136.43,21.0,115.0,27.0,137.83,36.0,126.21,20.430000000000007,69.0,57.0,1.8841257919809649,116.0,136.43,126,12.0,-52.0,0.1,116.0,3.0
07:32:36,116.0,28.0,133.96,25.0,115.0,21.0,135.88,16.0,124.98,17.960000000000008,49.0,41.0,1.8587818591777137,116.0,133.96,90,8.0,-36.0,0.09,116.0,
07:32:37,116.0,44.0,131.14,42.0,115.0,33.0,132.27,37.0,123.57,15.139999999999986,77.0,79.0,1.6951784566848722,116.0,131.14,156,-2.0,66.0,-0.01,116.0,
07:32:38,116.0,34.0,127.79,43.0,115.0,36.0,129.74,31.0,121.9,11.790000000000006,70.0,74.0,2.0087881919228834,116.0,127.79,144,-4.0,-12.0,-0.03,116.0,2.0
07:32:39,116.0,16.0,126.83,36.0,115.0,24.0,128.09,22.0,121.42,10.829999999999998,40.0,58.0,2.0222833629363377,116.0,126.83,98,-18.0,-46.0,-0.18,116.0,
07:32:40,116.0,19.0,123.89,47.0,115.0,39.0,125.11,46.0,119.95,7.890000000000001,58.0,93.0,1.9513918109927253,116.0,123.89,151,-35.0,53.0,-0.23,116.0,1.0
07:32:41,112.17,96.0,116.87,45.0,110.41,125.0,118.6,63.0,114.52,4.700000000000003,221.0,108.0,3.4653383673185654,112.17,116.87000000000002,329,113.0,165.5,0.34,114.17,6.0
07:32:42,110.62,81.0,114.59,41.0,109.18,68.0,115.97,39.0,112.6,3.969999999999999,149.0,80.0,4.241134282242284,110.62000000000002,114.59000000000002,229,69.0,-100.0,0.3,112.0,7.0
07:32:43,110.03,58.0,112.46,26.0,108.73,44.0,116.48,27.0,111.25,2.4299999999999926,102.0,53.0,4.507723372170412,110.03,112.46,155,49.0,-74.0,0.32,111.0,1.0
07:32:44,110.0,97.0,111.96,46.0,108.0,52.0,174.63,19.0,110.98,1.9599999999999935,149.0,65.0,3.68163686422385,110.0,111.96,214,84.0,59.0,0.39,110.0,1.0
07:32:45,110.0,80.0,111.5,16.0,108.0,28.0,159.47,19.0,110.75,1.5,108.0,35.0,1.5711301664765402,110.0,111.5,143,73.0,-71.0,0.51,110.0,1.0
07:32:46,110.0,36.0,123.04,23.0,108.0,32.0,323.25,8.0,116.52,13.040000000000006,68.0,31.0,2.401759771503488,110.0,123.04,99,37.0,-44.0,0.37,110.0,4.0
07:32:47,110.0,18.0,208.67,27.0,108.0,36.0,450.44,9.0,159.33,98.67,54.0,36.0,21.135579717623315,110.0,208.67,90,18.0,-9.0,0.2,110.0,
07:32:48,108.24,17.0,205.81,16.0,107.29,14.0,352.12,8.0,157.02,97.57,31.0,24.0,25.00065299147219,108.24,205.81,55,7.0,-35.0,0.13,109.33,3.0
07:32:49,107.64,11.0,190.44,9.0,98.36,28.0,224.91,11.0,149.04,82.8,39.0,20.0,23.136273900522635,107.64,190.44,59,19.0,4.0,0.32,107.6,5.0
07:32:50,106.0,91.0,193.07,29.0,92.13,97.0,216.79,24.0,149.53,87.07,188.0,53.0,17.24447360750691,106.0,193.07,241,135.0,165.5,0.56,107.6,
07:32:51,106.17,36.0,190.25,24.0,87.19,100.0,411.58,31.0,148.21,84.08,136.0,55.0,5.15258478823981,106.17,190.25,191,81.0,-50.0,0.42,107.6,
07:32:53,93.65,120.0,107.44,25.0,62.38,104.0,120.76,37.0,100.55,13.789999999999992,224.0,62.0,24.866440839010444,93.65,107.44,286,162.0,100.0,0.57,103.0,1.0
07:32:55,99.68,93.0,184.95,37.0,77.9,87.0,209.5,40.0,142.31,85.26999999999998,180.0,77.0,23.708563431806866,99.68,184.95,257,103.0,-15.0,0.4,104.14,7.0
07:32:56,116.0,7.0,301.0,10.0,107.71,21.0,365.12,26.0,208.5,185.0,28.0,36.0,46.39619025308012,116.0,301.0,64,-8.0,-166.5,-0.12,104.14,
07:32:57,101.26,58.0,274.0,32.0,99.3,44.0,321.29,14.0,187.63,172.74,102.0,46.0,49.577869558907054,101.26,274.0,148,56.0,84.0,0.38,111.5,4.0
07:32:58,111.91,70.0,303.7,37.0,102.99,80.0,362.29,31.0,207.81,191.79,150.0,68.0,47.18578249854502,111.91,303.7,218,82.0,70.0,0.38,111.5,
07:32:59,116.0,72.0,258.58,48.0,113.71,28.0,331.83,48.0,187.29,142.57999999999998,100.0,96.0,26.891248018639693,116.0,258.58,196,4.0,-22.0,0.02,111.5,
07:33:00,115.46,41.0,246.73,44.0,112.37,115.0,300.73,44.0,181.1,131.26999999999998,156.0,88.0,12.766081231137132,115.46,246.73,244,68.0,48.0,0.28,115.67,9.0
07:33:01,111.53,47.0,284.0,36.0,110.13,99.0,292.33,36.0,197.77,172.47,146.0,72.0,10.521739399927766,111.53,284.0,218,74.0,-26.0,0.34,112.0,1.0
07:33:02,113.44,36.0,189.78,36.0,112.0,36.0,296.33,27.0,151.61,76.34,72.0,63.0,21.32280422458533,113.44,189.78,135,9.0,-83.0,0.07,112.0,
07:33:03,113.3,46.0,160.69,52.0,110.47,118.0,217.29,28.0,137.0,47.39,164.0,80.0,25.57326983394961,113.3,160.69,244,84.0,109.0,0.34,114.4,5.0
07:33:04,112.0,24.0,160.0,32.0,110.0,120.0,238.57,14.0,136.0,48.0,144.0,46.0,27.58963990341301,112.0,160.0,190,98.0,-54.0,0.52,114.4,
07:33:05,112.0,21.0,160.0,28.0,110.0,105.0,318.0,7.0,136.0,48.0,126.0,35.0,26.60601492144213,112.0,160.0,161,91.0,-29.0,0.57,114.4,
07:33:06,112.0,30.0,159.41,34.0,110.0,150.0,217.52,25.0,135.71,47.41,180.0,59.0,6.918954400775031,112.0,159.41,239,121.0,78.0,0.51,114.4,
07:33:07,112.0,21.0,153.4,10.0,110.0,105.0,157.48,25.0,132.7,41.400000000000006,126.0,35.0,1.630374190179971,112.0,153.4,161,91.0,-78.0,0.57,114.4,
07:33:08,112.0,15.0,129.27,11.0,110.0,64.0,154.57,14.0,120.64,17.27000000000001,79.0,25.0,6.615950423031125,112.0,129.27,104,54.0,-57.0,0.52,112.0,1.0
07:33:09,112.0,26.0,120.38,40.0,110.0,115.0,122.16,25.0,116.19,8.379999999999995,141.0,65.0,9.20424195683743,112.0,120.38,206,76.0,102.0,0.37,112.0,
07:33:10,112.0,18.0,119.0,9.0,110.0,117.0,120.0,36.0,115.5,7.0,135.0,45.0,9.450400520613252,112.0,119.0,180,90.0,-26.0,0.5,112.0,
07:33:11,112.0,26.0,118.33,12.0,110.0,156.0,119.85,39.0,115.17,6.329999999999998,182.0,51.0,7.412600758169015,112.0,118.33,233,131.0,53.0,0.56,112.0,
07:33:12,110.48,63.0,117.0,9.0,109.84,77.0,118.0,9.0,113.74,6.519999999999996,140.0,18.0,2.612694011936445,110.48,117.0,158,122.0,-75.0,0.77,111.5,4.0
07:33:13,110.0,149.0,112.42,38.0,109.0,42.0,113.58,26.0,111.21,2.4200000000000017,191.0,64.0,1.975568272677222,110.0,112.42,255,127.0,97.0,0.5,110.0,4.0
07:33:14,110.0,109.0,111.0,48.0,109.0,36.0,129.0,12.0,110.5,1.0,145.0,60.0,2.2753966687171414,110.0,111.0,205,85.0,-50.0,0.41,110.0,1.0
07:33:15,110.62,29.0,260.62,32.0,109.22,27.0,457.58,19.0,185.62,150.0,56.0,51.0,32.685422897677284,110.62,260.62,107,5.0,-98.0,0.05,110.0,8.0
07:33:16,116.0,10.0,278.27,22.0,110.0,20.0,377.83,24.0,197.14,162.26999999999998,30.0,46.0,43.78511413711289,116.0,278.27,76,-16.0,-31.0,-0.21,110.0,
07:33:17,108.7,40.0,282.46,13.0,107.57,28.0,556.57,7.0,195.58,173.76,68.0,20.0,45.08994899087823,108.7,282.46,88,48.0,12.0,0.55,110.8,5.0
07:33:18,109.26,53.0,323.07,28.0,107.96,50.0,412.96,26.0,216.17,213.81,103.0,54.0,40.93164814663582,109.26000000000002,323.07,157,49.0,69.0,0.31,109.77,13.0
07:33:19,113.33,18.0,302.86,21.0,107.4,20.0,397.71,7.0,208.1,189.53000000000003,38.0,28.0,11.834450557587896,113.33,302.86,66,10.0,-91.0,0.15,109.77,
07:33:20,116.0,21.0,301.71,21.0,110.8,10.0,364.86,7.0,208.86,185.71,31.0,28.0,8.655200748682361,116.0,301.71,59,3.0,-7.0,0.05,109.77,
07:33:21,115.94,16.0,281.0,18.0,113.0,7.0,527.59,17.0,198.47,165.06,23.0,35.0,8.362196481785846,115.94,281.0,58,-12.0,-1.0,-0.21,116.0,3.0
07:33:22,115.0,9.0,298.56,27.0,108.0,18.0,587.45,33.0,206.78,183.56,27.0,60.0,6.310366867305834,115.0,298.56,87,-33.0,29.0,-0.38,116.0,
07:33:23,115.0,8.0,296.12,24.0,108.0,16.0,410.0,8.0,205.56,181.12,24.0,32.0,4.15625793232226,115.0,296.12,56,-8.0,-31.0,-0.14,116.0,
07:33:24,115.0,9.0,270.0,17.0,108.0,18.0,446.86,28.0,192.5,155.0,27.0,45.0,6.788790761246981,115.0,270.0,72,-18.0,16.0,-0.25,116.0,
07:33:25,108.08,12.0,244.41,32.0,106.45,40.0,336.56,16.0,176.24,136.32999999999998,52.0,48.0,12.413400017722523,108.08,244.41,100,4.0,28.0,0.04,108.43,7.0
07:33:26,108.55,11.0,243.0,21.0,104.2,10.0,315.0,7.0,175.77,134.45,21.0,28.0,15.102797754058498,108.55,243.0,49,-7.0,-51.0,-0.14,110.0,2.0
07:33:27,107.24,25.0,242.09,33.0,104.0,11.0,287.27,11.0,174.67,134.85000000000002,36.0,44.0,13.671041291723016,107.24,242.09,80,-8.0,31.0,-0.1,110.0,
07:33:28,107.8,30.0,239.36,42.0,107.31,36.0,475.98,45.0,173.58,131.56,66.0,87.0,7.864831212428951,107.8,239.36,153,-21.0,73.0,-0.14,110.0,
07:33:29,109.0,11.0,238.0,33.0,108.0,33.0,489.62,29.0,173.5,129.0,44.0,62.0,1.2448172556632835,109.0,238.0,106,-18.0,-47.0,-0.17,110.0,
07:33:30,110.42,26.0,236.6,40.0,109.71,34.0,305.75,20.0,173.51,126.18,60.0,60.0,1.0045048531476195,110.42,236.6,120,0.0,14.0,0.0,110.0,
07:33:31,115.13,53.0,236.0,65.0,111.14,42.0,237.0,39.0,175.57,120.87,95.0,104.0,0.927701460598779,115.13,236.0,199,-9.0,79.0,-0.05,114.0,1.0
07:33:32,116.0,79.0,235.67,51.0,112.0,33.0,236.46,37.0,175.83,119.67,112.0,88.0,1.1925057651840043,116.0,235.67,200,24.0,1.0,0.12,116.0,4.0
07:33:33,116.0,45.0,232.0,31.0,112.0,27.0,234.06,32.0,174.0,116.0,72.0,63.0,1.1338297932216646,116.0,232.0,135,9.0,-65.0,0.07,116.0,
07:33:34,116.0,50.0,193.94,31.0,112.0,30.0,223.18,22.0,154.97,77.94,80.0,53.0,8.891342980674949,116.0,193.94,133,27.0,-2.0,0.2,116.0,
07:33:35,116.0,54.0,196.15,39.0,114.21,68.0,196.92,26.0,156.08,80.15,122.0,65.0,10.76987232979102,116.0,196.15,187,57.0,54.0,0.3,116.0,1.0
07:33:36,116.0,36.0,193.29,42.0,115.0,90.0,194.2,30.0,154.64,77.28999999999999,126.0,72.0,10.814477795991774,116.0,193.29,198,54.0,11.0,0.27,116.0,
07:33:37,116.0,60.0,189.58,57.0,115.0,150.0,191.09,56.0,152.79,73.58000000000001,210.0,113.0,8.74744134018627,116.0,189.58,323,97.0,125.0,0.3,116.0,
07:33:38,116.0,60.0,184.73,73.0,115.0,150.0,185.6,42.0,150.36,68.72999999999999,210.0,115.0,2.2428486351068337,116.0,184.73,325,95.0,2.0,0.29,116.0,
07:33:39,115.23,70.0,183.04,48.0,113.58,76.0,184.41,34.0,149.14,67.80999999999999,146.0,82.0,2.8851897684556,115.23,183.04,228,64.0,-97.0,0.28,115.8,5.0
07:33:40,115.0,108.0,180.61,46.0,112.0,72.0,181.96,50.0,147.8,65.61000000000001,180.0,96.0,2.7635267322754777,115.0,180.61000000000004,276,84.0,48.0,0.3,115.8,
07:33:41,115.0,86.0,179.36,36.0,112.0,84.0,182.18,56.0,147.18,64.36000000000001,170.0,92.0,2.2335577001728613,115.0,179.36,262,78.0,-14.0,0.3,115.0,5.0
07:33:42,115.0,24.0,173.91,53.0,112.0,90.0,174.96,23.0,144.45,58.91,114.0,76.0,2.2335577001729314,115.0,173.91,190,38.0,-72.0,0.2,115.0,3.0
07:33:43,115.69,13.0,171.2,35.0,112.82,33.0,172.42,33.0,143.45,55.50999999999999,46.0,68.0,2.375969275896047,115.69,171.2,114,-22.0,-76.0,-0.19,115.0,
07:33:44,116.0,17.0,163.62,32.0,115.0,17.0,165.31,32.0,139.81,47.620000000000005,34.0,64.0,3.2080476929126696,116.0,163.62,98,-30.0,-16.0,-0.31,115.0,
07:33:45,111.86,29.0,156.9,20.0,110.33,27.0,158.54,13.0,134.38,45.040000000000006,56.0,33.0,4.941945972995128,111.86,156.9,89,23.0,-9.0,0.26,113.4,5.0
07:33:46,112.0,61.0,132.78,46.0,110.0,48.0,155.6,20.0,122.39,20.78,109.0,66.0,9.0175318130852,112.0,132.78,175,43.0,86.0,0.25,112.0,5.0
07:33:47,112.0,16.0,144.54,24.0,110.0,48.0,153.23,30.0,128.27,32.53999999999999,64.0,54.0,8.518362518700663,112.0,144.54,118,10.0,-57.0,0.08,112.0,
07:33:48,110.46,26.0,143.57,21.0,109.43,42.0,144.71,21.0,127.02,33.11,68.0,42.0,6.791658854801602,110.46,143.57,110,26.0,-8.0,0.24,111.0,2.0
07:33:49,110.0,34.0,138.5,20.0,108.96,23.0,139.18,22.0,124.25,28.5,57.0,42.0,4.59752868397856,110.0,138.5,99,15.0,-11.0,0.15,111.0,
07:33:50,109.56,32.0,132.26,27.0,108.72,25.0,132.6,25.0,120.91,22.69999999999999,57.0,52.0,3.079889608412322,109.56,132.26,109,5.0,10.0,0.05,111.0,
07:33:51,108.43,37.0,116.0,18.0,107.33,27.0,119.31,26.0,112.22,7.569999999999993,64.0,44.0,6.422353929830293,108.43,116.0,108,20.0,-1.0,0.19,109.67,6.0
07:33:52,110.38,16.0,112.91,11.0,107.13,46.0,115.7,20.0,111.64,2.530000000000001,62.0,31.0,6.990219595978884,110.38,112.91,93,31.0,-15.0,0.33,112.0,1.0
07:33:53,110.76,21.0,113.0,26.0,107.24,58.0,121.38,26.0,111.88,2.239999999999995,79.0,52.0,5.964079979343646,110.76,113.0,131,27.0,38.0,0.21,112.0,
07:33:54,109.19,27.0,112.15,26.0,106.94,85.0,227.32,44.0,110.67,2.960000000000008,112.0,70.0,4.202169677679395,109.19,112.15,182,42.0,51.0,0.23,108.57,7.0
07:33:55,112.0,18.0,226.57,21.0,109.0,12.0,282.17,18.0,169.29,114.57,30.0,39.0,25.805074113437577,112.0,226.57,69,-9.0,-113.0,-0.13,112.0,2.0
07:33:56,111.86,21.0,253.38,45.0,109.77,26.0,362.19,37.0,182.62,141.51999999999998,47.0,82.0,35.67561982643054,111.86,253.38,129,-35.0,60.0,-0.27,111.8,5.0
07:33:57,109.0,12.0,163.0,14.0,107.0,24.0,228.32,38.0,136.0,54.0,36.0,52.0,32.861335487164894,109.0,163.0,88,-16.0,-41.0,-0.18,111.8,
07:33:58,109.0,12.0,116.52,29.0,107.0,18.0,181.29,21.0,112.76,7.519999999999996,30.0,50.0,32.6608170442811,109.0,116.52,80,-20.0,-8.0,-0.25,111.8,
07:33:59,106.3,20.0,162.14,49.0,95.46,13.0,278.61,41.0,134.22,55.83999999999999,33.0,90.0,28.3827944360664,106.3,162.14,123,-57.0,43.0,-0.46,107.25,4.0
07:34:00,113.62,42.0,295.0,45.0,85.52,23.0,373.0,9.0,204.31,181.38,65.0,54.0,37.967699693291934,113.62,295.0,119,11.0,-4.0,0.09,107.25,
07:34:01,116.0,28.0,267.72,25.0,106.0,16.0,379.25,36.0,191.86,151.72000000000003,44.0,61.0,39.88645509443024,116.0,267.72,105,-17.0,-14.0,-0.16,116.0,6.0
07:34:02,116.0,16.0,161.0,25.0,106.0,16.0,278.35,31.0,138.5,45.0,32.0,56.0,39.59029931687812,116.0,161.0,88,-24.0,-17.0,-0.27,116.0,
07:34:03,111.83,24.0,135.0,54.0,100.87,39.0,193.68,44.0,123.42,23.17,63.0,98.0,36.84957014674662,111.83,135.0,161,-35.0,73.0,-0.22,116.0,2.0
07:34:04,106.0,10.0,164.8,15.0,96.95,19.0,175.18,11.0,135.4,58.80000000000001,29.0,26.0,36.65878503169464,106.0,164.8,55,3.0,-106.0,0.05,116.0,
07:34:05,102.12,26.0,150.64,33.0,73.89,27.0,169.68,28.0,126.38,48.51999999999998,53.0,61.0,27.950168514697783,102.12,150.64,114,-8.0,59.0,-0.07,107.33,6.0
07:34:08,96.42,19.0,103.0,21.0,94.17,23.0,105.0,7.0,99.71,6.579999999999998,42.0,28.0,19.121744951756124,96.42,103.0,70,14.0,-16.0,0.2,107.33,
07:34:09,100.27,22.0,120.0,43.0,99.0,26.0,155.28,29.0,110.14,19.730000000000004,48.0,72.0,13.377012745752008,100.27,120.0,120,-24.0,50.0,-0.2,105.44,9.0
07:34:10,107.2,10.0,123.48,44.0,104.64,11.0,125.59,37.0,115.34,16.28,21.0,81.0,9.373016056745676,107.2,123.48,102,-60.0,-18.0,-0.59,105.44,
07:34:11,115.83,81.0,121.23,52.0,108.85,13.0,123.0,65.0,118.53,5.400000000000006,94.0,117.0,11.103253126899853,115.83,121.23,211,-23.0,109.0,-0.11,116.0,3.0
07:34:12,109.25,12.0,119.88,32.0,96.12,8.0,123.0,40.0,114.56,10.629999999999995,20.0,72.0,7.318847586882124,109.25,119.88,92,-52.0,-119.0,-0.57,112.33,9.0
07:34:13,112.0,44.0,117.9,51.0,75.0,40.0,120.67,54.0,114.95,5.900000000000006,84.0,105.0,2.998087723868259,112.0,117.9,189,-21.0,97.0,-0.11,112.0,1.0
07:34:14,112.0,28.0,116.12,41.0,76.12,34.0,117.16,49.0,114.06,4.1200000000000045,62.0,90.0,1.7653243328095198,112.0,116.12,152,-28.0,-37.0,-0.18,112.0,1.0
07:34:15,110.89,9.0,115.83,24.0,108.56,16.0,117.0,30.0,113.36,4.939999999999998,25.0,54.0,2.011708229343774,110.89,115.83,79,-29.0,-73.0,-0.37,112.0,2.0
07:34:16,111.42,12.0,115.0,48.0,110.0,36.0,117.0,60.0,113.21,3.5799999999999983,48.0,108.0,0.7499133283318005,111.42,115.0,156,-60.0,77.0,-0.38,112.0,
07:34:17,110.59,17.0,113.12,42.0,106.76,79.0,126.3,27.0,111.85,2.530000000000001,96.0,69.0,1.1446964663218746,110.59,113.12,165,27.0,9.0,0.16,112.0,1.0
07:34:18,110.0,46.0,111.86,64.0,106.0,224.0,198.84,56.0,110.93,1.8599999999999997,270.0,120.0,1.264820145321035,110.0,111.86,390,150.0,165.5,0.38,112.0,
07:34:19,109.29,21.0,111.88,51.0,106.04,146.0,429.74,46.0,110.58,2.589999999999989,167.0,97.0,1.2744135906408294,109.29,111.88,264,70.0,-126.0,0.27,110.0,3.0
07:34:20,109.0,21.0,204.98,41.0,106.0,144.0,333.22,36.0,156.99,95.98,165.0,77.0,20.305499747605538,109.0,204.98,242,88.0,-22.0,0.36,112.0,5.0
07:34:21,106.18,134.0,195.56,45.0,102.35,79.0,312.27,44.0,150.87,89.38,213.0,89.0,23.55219267923917,106.18,195.56,302,124.0,60.0,0.41,106.62,8.0
07:34:22,112.0,36.0,275.67,48.0,108.25,63.0,683.0,12.0,193.83,163.67000000000002,99.0,60.0,35.02655849494785,112.0,275.67,159,39.0,-143.0,0.25,106.62,
07:34:23,112.0,33.0,378.7,37.0,110.0,55.0,412.29,34.0,245.35,266.7,88.0,71.0,50.74404378840927,112.0,378.7,159,17.0,0.0,0.11,106.62,
07:34:24,113.47,19.0,178.17,36.0,111.02,41.0,203.71,38.0,145.82,64.69999999999999,60.0,74.0,41.82697957060725,113.46999999999998,178.17,134,-14.0,-25.0,-0.1,106.62,
07:34:25,116.0,8.0,118.36,14.0,112.0,24.0,171.4,20.0,117.18,2.3599999999999994,32.0,34.0,49.9605159100664,116.0,118.36,66,-2.0,-68.0,-0.03,106.62,
07:34:26,110.62,26.0,117.8,30.0,109.0,21.0,157.4,25.0,114.21,7.179999999999993,47.0,55.0,55.91671011424045,110.62,117.8,102,-8.0,36.0,-0.08,112.0,5.0
07:34:27,110.6,20.0,143.4,15.0,108.0,9.0,424.68,19.0,127.0,32.80000000000001,29.0,34.0,54.76342912930127,110.6,143.4,63,-5.0,-39.0,-0.08,116.0,3.0
07:34:28,116.0,10.0,344.5,8.0,110.0,15.0,581.0,17.0,230.25,228.5,25.0,25.0,48.208694962631,116.0,344.5,50,0.0,-13.0,0.0,116.0,
07:34:30,116.0,16.0,142.0,40.0,110.0,24.0,653.0,8.0,129.0,26.0,40.0,48.0,74.9308632674147,116.0,142.0,88,-8.0,18.0,-0.09,116.0,
07:34:31,116.0,6.0,142.0,15.0,110.0,9.0,583.33,3.0,129.0,26.0,15.0,18.0,72.10300271139889,116.0,142.0,33,-3.0,-55.0,-0.09,116.0,
07:34:32,116.0,14.0,139.33,30.0,111.0,15.0,169.37,27.0,127.67,23.330000000000013,29.0,57.0,71.98200420938552,116.0,139.33,86,-28.0,53.0,-0.33,116.0,
07:34:33,113.73,11.0,138.0,32.0,110.83,18.0,434.94,36.0,125.86,24.27,29.0,68.0,68.62247576414015,113.73,138.0,97,-39.0,11.0,-0.4,114.5,4.0
07:34:35,110.64,50.0,417.12,33.0,108.22,27.0,461.47,30.0,263.88,306.48,77.0,63.0,76.89805251110066,110.64,417.12,140,14.0,41.0,0.1,114.5,
07:34:36,112.0,35.0,372.81,31.0,111.0,224.0,424.48,29.0,242.4,260.81,259.0,60.0,73.402508676475,112.0,372.81,319,199.0,165.5,0.62,114.5,
07:34:37,112.0,49.0,275.27,37.0,111.0,352.0,290.72,46.0,193.64,163.26999999999998,401.0,83.0,60.535345047335625,112.0,275.27,484,318.0,165.0,0.66,112.0,3.0
07:34:38,112.93,172.0,143.58,24.0,111.05,202.0,144.9,42.0,128.26,30.65000000000001,374.0,66.0,59.60966364608999,112.93000000000002,143.58,440,308.0,-44.0,0.7,112.0,
07:34:39,113.65,364.0,139.63,49.0,112.0,24.0,142.57,28.0,126.64,25.97999999999999,388.0,77.0,63.32245794345001,113.65,139.63,465,311.0,25.0,0.67,114.0,4.0
07:34:40,114.0,252.0,124.33,36.0,112.0,18.0,138.95,21.0,119.17,10.329999999999998,270.0,57.0,54.0563901865451,114.0,124.33,327,213.0,-138.0,0.65,114.0,
07:34:41,114.0,264.0,121.06,36.0,112.0,20.0,123.36,33.0,117.53,7.060000000000002,284.0,69.0,31.97180429691169,114.0,121.06,353,215.0,26.0,0.61,114.0,4.0
07:34:42,113.67,104.0,119.17,48.0,111.71,21.0,120.22,36.0,116.42,5.5,125.0,84.0,5.455715351814964,113.67,119.17,209,41.0,-144.0,0.2,113.0,1.0
07:34:43,113.0,40.0,118.03,31.0,112.0,20.0,119.42,19.0,115.52,5.030000000000001,60.0,50.0,4.452822700268995,113.0,118.03,110,10.0,-99.0,0.09,113.0,
07:34:44,113.0,24.0,116.3,20.0,112.0,16.0,116.87,23.0,114.65,3.299999999999997,40.0,43.0,1.7645310991966472,113.0,116.3,83,-3.0,-27.0,-0.04,113.0,3.0
07:34:45,112.17,12.0,114.0,7.0,110.67,24.0,317.55,29.0,113.08,1.8299999999999983,36.0,36.0,1.6976896065043168,112.17,114.0,72,0.0,-11.0,0.0,113.0,1.0
07:34:46,112.0,18.0,113.29,17.0,111.0,72.0,269.0,27.0,112.65,1.2900000000000065,90.0,44.0,1.5954403780879076,112.0,113.29,134,46.0,62.0,0.34,113.0,
07:34:47,112.0,33.0,113.07,14.0,110.82,49.0,139.0,28.0,112.54,1.0699999999999932,82.0,42.0,1.327279171852588,112.0,113.07,124,40.0,-10.0,0.32,112.0,3.0
07:34:48,112.0,15.0,113.0,5.0,110.0,15.0,431.2,25.0,112.5,1.0,30.0,30.0,0.9052237292702974,112.0,113.0,60,0.0,-64.0,0.0,112.0,
07:34:49,111.0,36.0,364.43,56.0,109.24,102.0,484.12,56.0,237.71,253.43,138.0,112.0,55.910000268288506,111.0,364.43,250,26.0,165.5,0.1,112.0,3.0
07:34:50,110.0,30.0,296.5,30.0,109.0,130.0,405.6,30.0,203.25,186.5,160.0,60.0,60.35098632168335,110.0,296.5,220,100.0,-30.0,0.45,112.0,
07:34:51,110.0,27.0,253.27,11.0,109.0,117.0,274.33,21.0,181.64,143.27,144.0,32.0,55.75052439215261,110.0,253.27,176,112.0,-44.0,0.64,112.0,
07:34:52,110.0,30.0,230.96,28.0,109.0,130.0,241.57,14.0,170.48,120.96,160.0,42.0,46.13661593571853,110.0,230.96,202,118.0,26.0,0.58,112.0,
07:34:53,110.0,33.0,223.82,11.0,109.0,143.0,240.85,13.0,166.91,113.82,176.0,24.0,29.222913441339,110.0,223.82,200,152.0,-2.0,0.76,112.0,
07:34:54,110.0,27.0,221.9,10.0,109.0,118.0,222.9,10.0,165.95,111.9,145.0,20.0,15.611906674074088,110.0,221.9,165,125.0,-35.0,0.76,110.0,1.0
07:34:55,109.33,67.0,189.76,17.0,108.98,149.0,196.59,17.0,149.55,80.42999999999999,216.0,34.0,11.532659277027332,109.33,189.76,250,182.0,85.0,0.73,109.67,3.0
07:34:56,109.46,65.0,115.89,9.0,108.95,79.0,207.75,16.0,112.68,6.430000000000007,144.0,25.0,24.00146308040432,109.46,115.89,169,119.0,-81.0,0.7,115.0,1.0
07:34:57,110.12,150.0,184.55,44.0,108.6,30.0,219.2,55.0,147.33,74.43,180.0,99.0,21.960038251333124,110.12,184.55,279,81.0,110.0,0.29,115.0,1.0
07:34:58,116.0,52.0,163.0,28.0,110.5,12.0,165.0,28.0,139.5,47.0,64.0,56.0,19.492987713534752,116.0,163.0,120,8.0,-159.0,0.07,116.0,4.0
07:34:59,116.0,24.0,163.0,24.0,112.0,6.0,381.0,24.0,139.5,47.0,30.0,48.0,14.710872509814632,116.0,163.0,78,-18.0,-42.0,-0.23,116.0,
07:35:00,116.0,27.0,163.0,28.0,112.0,7.0,256.0,28.0,139.5,47.0,34.0,56.0,13.308806107236698,116.0,163.0,90,-22.0,12.0,-0.24,116.0,1.0
07:35:01,110.88,57.0,153.0,38.0,108.93,60.0,164.07,41.0,131.94,42.120000000000005,117.0,79.0,5.441689076014798,110.88,153.0,196,38.0,106.0,0.19,110.0,3.0
07:35:02,116.0,89.0,149.45,44.0,110.47,53.0,170.29,51.0,132.73,33.44999999999999,142.0,95.0,3.9343589058473274,116.0,149.45,237,47.0,41.0,0.2,110.0,
07:35:03,111.76,29.0,147.4,40.0,109.47,76.0,553.0,38.0,129.58,35.64,105.0,78.0,4.576581693799545,111.76,147.4,183,27.0,-54.0,0.15,112.88,8.0
07:35:04,110.69,49.0,128.9,40.0,109.16,64.0,307.23,52.0,119.8,18.210000000000008,113.0,92.0,7.12675241607446,110.68999999999998,128.9,205,21.0,22.0,0.1,112.57,7.0
07:35:05,109.0,60.0,140.5,24.0,108.0,6.0,211.57,28.0,124.75,31.5,66.0,52.0,5.429258697098963,109.0,140.5,118,14.0,-87.0,0.12,112.57,
07:35:06,109.1,78.0,144.0,26.0,108.67,49.0,145.0,52.0,126.55,34.900000000000006,127.0,78.0,4.901241679414037,109.1,144.0,205,49.0,87.0,0.24,109.4,5.0
07:35:07,109.0,90.0,140.45,44.0,107.86,42.0,142.52,46.0,124.73,31.44999999999999,132.0,90.0,3.553895046287415,109.0,140.45,222,42.0,17.0,0.19,109.4,
07:35:08,109.0,42.0,138.0,28.0,108.0,28.0,139.0,14.0,123.5,29.0,70.0,42.0,2.519827375045135,109.0,138.0,112,28.0,-110.0,0.25,109.4,
07:35:09,109.0,47.0,137.0,26.0,108.0,28.0,138.0,16.0,123.0,28.0,75.0,42.0,1.3754744636039276,109.0,137.0,117,33.0,5.0,0.28,109.4,
07:35:10,109.0,46.0,134.79,28.0,108.0,40.0,135.5,32.0,121.89,25.789999999999992,86.0,60.0,1.782955411676583,109.0,134.79,146,26.0,29.0,0.18,109.0,2.0
07:35:11,109.0,40.0,131.7,23.0,108.0,40.0,133.51,35.0,120.35,22.69999999999999,80.0,58.0,1.6605210025854726,109.0,131.7,138,22.0,-8.0,0.16,109.0,
07:35:12,108.29,28.0,126.86,21.0,107.62,13.0,128.85,20.0,117.57,18.569999999999997,41.0,41.0,2.391980351095761,108.29,126.86,82,0.0,-56.0,0.0,109.0,4.0
07:35:13,108.29,56.0,122.97,39.0,107.55,29.0,124.38,58.0,115.63,14.679999999999993,85.0,97.0,3.049986885222454,108.29,122.97,182,-12.0,100.0,-0.07,112.0,1.0
07:35:14,111.67,48.0,119.45,33.0,107.98,45.0,121.15,33.0,115.56,7.780000000000001,93.0,66.0,2.8376927247377703,111.67,119.45,159,27.0,-23.0,0.17,112.0,
07:35:15,112.0,48.0,116.7,40.0,108.82,34.0,117.6,40.0,114.35,4.700000000000003,82.0,80.0,2.3476626674269823,112.0,116.7,162,2.0,3.0,0.01,112.0,
07:35:16,110.64,22.0,114.57,21.0,108.4,30.0,116.6,30.0,112.6,3.9299999999999926,52.0,51.0,1.8301010901125372,110.64,114.57,103,1.0,-59.0,0.01,112.0,4.0
07:35:17,108.26,35.0,111.56,27.0,107.6,10.0,113.05,22.0,109.91,3.299999999999997,45.0,49.0,2.4052338763687424,108.26,111.56,94,-4.0,-9.0,-0.04,109.62,8.0
07:35:18,94.17,48.0,108.14,28.0,96.87,47.0,355.6,40.0,101.15,13.97,95.0,68.0,5.7527758517113385,94.17,108.14,163,27.0,69.0,0.17,106.75,8.0
07:35:20,89.0,110.0,103.84,38.0,48.73,11.0,107.4,45.0,96.42,14.840000000000003,121.0,83.0,9.27522883814934,89.0,103.84,204,38.0,43.0,0.19,103.22,9.0
07:35:21,90.84,119.0,103.24,34.0,88.83,94.0,290.11,36.0,97.04,12.399999999999991,213.0,70.0,7.248775758708406,90.84,103.24,283,143.0,79.0,0.51,103.22,
07:35:25,108.5,8.0,291.77,26.0,109.4,63.0,499.64,11.0,200.13,183.27,71.0,37.0,45.84518655213467,108.5,291.77,108,34.0,3.0,0.31,104.0,3.0
07:35:26,112.0,4.0,374.0,16.0,110.0,48.0,473.5,8.0,243.0,262.0,52.0,24.0,69.45455442229844,112.0,374.0,76,28.0,-32.0,0.37,104.0,
07:35:27,115.84,25.0,342.42,19.0,110.5,16.0,510.5,16.0,229.13,226.58,41.0,35.0,70.76665902810451,115.84,342.42,76,6.0,0.0,0.08,104.0,
07:35:31,116.0,16.0,341.53,17.0,112.86,7.0,530.5,24.0,228.76,225.53,23.0,41.0,41.38065405476292,116.0,341.53,64,-18.0,-14.0,-0.28,116.0,4.0
07:35:32,116.0,12.0,339.83,12.0,115.0,6.0,342.0,18.0,227.92,223.83,18.0,30.0,41.71149146218541,116.0,339.83,48,-12.0,-16.0,-0.25,116.0,
07:35:33,116.0,16.0,311.36,22.0,115.0,8.0,400.86,21.0,213.68,195.36,24.0,43.0,45.97146419247458,116.0,311.36,67,-19.0,19.0,-0.28,116.0,
07:35:34,116.0,22.0,278.9,40.0,115.0,11.0,306.73,30.0,197.45,162.89999999999998,33.0,70.0,43.52306767680764,116.0,278.9,103,-37.0,36.0,-0.36,116.0,
07:35:35,116.0,22.0,238.96,27.0,115.0,11.0,250.72,36.0,177.48,122.96,33.0,63.0,21.778558721825167,116.0,238.96,96,-30.0,-7.0,-0.31,116.0,
07:35:36,116.0,14.0,246.14,28.0,115.0,7.0,249.0,14.0,181.07,130.14,21.0,42.0,21.4331203981126,116.0,246.14,63,-21.0,-33.0,-0.33,116.0,2.0
07:35:37,113.11,27.0,227.04,55.0,110.6,154.0,230.54,39.0,170.07,113.93,181.0,94.0,17.528067491882677,113.11,227.04,275,87.0,165.5,0.32,112.75,4.0
07:35:38,112.0,18.0,206.89,36.0,110.0,162.0,208.0,18.0,159.44,94.89,180.0,54.0,14.065243332413326,112.0,206.89,234,126.0,-41.0,0.54,112.75,
07:35:39,112.0,10.0,205.0,16.0,110.0,90.0,205.86,14.0,158.5,93.0,100.0,30.0,10.245695193592285,112.0,205.0,130,70.0,-104.0,0.54,112.75,
07:35:40,110.69,52.0,201.8,30.0,109.95,170.0,203.56,36.0,156.25,91.11,222.0,66.0,10.412181807863393,110.69,201.8,288,156.0,158.0,0.54,111.33,3.0
07:35:41,110.14,158.0,199.84,38.0,109.73,117.0,200.6,40.0,154.99,89.7,275.0,78.0,5.97951921144191,110.14,199.84,353,197.0,65.0,0.56,111.0,1.0
07:35:42,116.0,33.0,198.73,22.0,111.0,44.0,200.0,44.0,157.36,82.72999999999999,77.0,66.0,1.7650410760102986,116.0,198.73,143,11.0,-166.5,0.08,111.0,
07:35:43,115.38,39.0,196.84,19.0,110.43,122.0,199.37,35.0,156.11,81.46000000000001,161.0,54.0,1.3354287700973717,115.38,196.84,215,107.0,72.0,0.5,116.0,3.0
07:35:44,115.0,36.0,193.08,13.0,110.0,153.0,194.0,14.0,154.04,78.08000000000001,189.0,27.0,1.2721438597910242,115.0,193.08,216,162.0,1.0,0.75,116.0,
07:35:45,111.25,128.0,189.06,33.0,109.85,160.0,189.82,44.0,150.16,77.81,288.0,77.0,2.741070958586132,111.25,189.06,365,211.0,149.0,0.58,114.0,5.0
07:35:46,110.26,232.0,182.39,46.0,109.45,116.0,183.6,53.0,146.32,72.12999999999998,348.0,99.0,4.53451430695778,110.26,182.39,447,249.0,82.0,0.56,110.0,3.0
07:35:47,115.0,33.0,175.12,42.0,110.0,143.0,176.86,35.0,145.06,60.120000000000005,176.0,77.0,4.771113077679615,115.0,175.12,253,99.0,-166.5,0.39,110.0,
07:35:48,110.1,146.0,170.1,48.0,109.23,57.0,171.55,29.0,140.1,60.0,203.0,77.0,5.274720845694704,110.1,170.1,280,126.0,27.0,0.45,115.0,3.0
07:35:49,110.0,130.0,166.79,19.0,109.0,40.0,167.93,15.0,138.39,56.78999999999999,170.0,34.0,4.773193899267785,110.0,166.79,204,136.0,-76.0,0.67,115.0,
07:35:50,110.0,195.0,156.9,60.0,109.0,60.0,157.77,35.0,133.45,46.900000000000006,255.0,95.0,5.2164671953351895,110.0,156.9,350,160.0,146.0,0.46,115.0,
07:35:51,110.0,78.0,146.8,10.0,109.0,24.0,148.56,18.0,128.4,36.80000000000001,102.0,28.0,6.384281478757733,110.0,146.8,130,74.0,-166.5,0.57,115.0,
07:35:52,110.0,166.0,135.06,16.0,109.0,56.0,133.91,22.0,122.53,25.06,222.0,38.0,7.237715799892263,110.0,135.06,260,184.0,130.0,0.71,115.0,
07:35:53,110.45,62.0,121.84,43.0,109.57,74.0,125.06,31.0,116.14,11.39,136.0,74.0,8.777207414662774,110.45,121.84,210,62.0,-50.0,0.3,115.0,
07:35:54,111.83,36.0,116.42,31.0,109.86,83.0,116.51,39.0,114.13,4.590000000000003,119.0,70.0,8.128582287214194,111.83,116.42,189,49.0,-21.0,0.26,110.86,7.0
07:35:55,109.22,18.0,111.94,17.0,108.16,25.0,112.86,37.0,110.58,2.719999999999999,43.0,54.0,7.098241331485815,109.22,111.94,97,-11.0,-92.0,-0.11,110.86,
07:35:56,109.76,50.0,111.45,29.0,108.44,32.0,112.64,25.0,110.6,1.6899999999999975,82.0,54.0,4.935729935887326,109.76,111.45,136,28.0,39.0,0.21,110.0,6.0
07:35:57,108.33,12.0,110.2,10.0,107.16,38.0,113.0,10.0,109.27,1.8700000000000043,50.0,20.0,2.872373582947544,108.33,110.2,70,30.0,-66.0,0.43,108.5,4.0
07:35:58,108.95,19.0,112.56,9.0,107.07,30.0,309.68,25.0,110.75,3.61,49.0,34.0,1.8143125419880528,108.95,112.56,83,15.0,13.0,0.18,109.0,1.0
07:35:59,110.38,29.0,112.4,5.0,108.0,5.0,277.0,15.0,111.39,2.0200000000000102,34.0,20.0,0.7717318187137802,110.38,112.4,54,14.0,-29.0,0.26,111.0,1.0
07:36:00,111.32,50.0,235.75,16.0,109.48,27.0,277.0,12.0,173.53,124.43,77.0,28.0,28.197296324293443,111.32,235.75,105,49.0,51.0,0.47,111.0,1.0
07:36:01,112.2,40.0,364.03,31.0,109.19,62.0,404.0,20.0,238.12,251.83,102.0,51.0,57.00743390120281,112.2,364.03,153,51.0,48.0,0.33,111.0,
07:36:02,110.18,34.0,374.0,28.0,108.91,35.0,424.0,21.0,242.09,263.82,69.0,49.0,64.53972249707928,110.18,374.0,118,20.0,-35.0,0.17,113.0,4.0
07:36:03,109.0,72.0,212.41,29.0,108.0,9.0,352.11,35.0,160.71,103.41,81.0,64.0,55.273995875094826,109.0,212.41000000000005,145,17.0,27.0,0.12,113.0,
07:36:04,109.71,42.0,373.0,20.0,108.8,20.0,427.1,29.0,241.36,263.29,62.0,49.0,40.48692961932279,109.71,373.0,111,13.0,-34.0,0.12,113.0,
07:36:05,112.0,40.0,374.05,39.0,109.0,74.0,462.48,33.0,243.03,262.05,114.0,72.0,36.02123637522725,112.0,374.05,186,42.0,75.0,0.23,113.0,
07:36:06,112.0,20.0,383.0,20.0,109.0,36.0,491.75,16.0,247.5,271.0,56.0,36.0,37.09943894454462,112.0,383.0,92,20.0,-94.0,0.22,113.0,
07:36:07,112.0,25.0,383.0,25.0,109.0,46.0,644.0,20.0,247.5,271.0,71.0,45.0,37.72543107772256,112.0,383.0,116,26.0,24.0,0.22,113.0,
07:36:08,112.0,45.0,383.0,45.0,109.0,99.0,590.96,28.0,247.5,271.0,144.0,73.0,2.965049746630386,112.0,383.0,217,71.0,101.0,0.33,113.0,
07:36:09,112.0,45.0,383.0,45.0,109.0,99.0,641.78,27.0,247.5,271.0,144.0,72.0,1.9990447718830155,112.0,383.0,216,72.0,-1.0,0.33,113.0,
07:36:10,112.0,40.0,278.79,34.0,109.01,78.0,348.67,24.0,195.4,166.79000000000002,118.0,58.0,23.299828325547672,112.0,278.79,176,60.0,-40.0,0.34,113.0,
07:36:11,112.0,20.0,259.0,20.0,110.0,4.0,272.0,12.0,185.5,147.0,24.0,32.0,31.442996040453824,112.0,259.0,56,-8.0,-120.0,-0.14,113.0,
07:36:12,112.57,63.0,252.77,70.0,110.55,22.0,291.28,36.0,182.67,140.20000000000002,85.0,106.0,33.00814263178096,112.57,252.77,191,-21.0,135.0,-0.11,113.33,3.0
07:36:13,116.0,32.0,242.25,12.0,112.0,24.0,252.6,30.0,179.12,126.25,56.0,42.0,28.30510589981951,116.0,242.25,98,14.0,-93.0,0.14,113.33,
07:36:14,116.0,49.0,234.74,34.0,112.0,82.0,244.41,22.0,175.37,118.74,131.0,56.0,7.607849236150678,116.0,234.74,187,75.0,89.0,0.4,116.0,1.0
07:36:15,114.75,61.0,179.17,36.0,111.95,86.0,180.39,18.0,146.96,64.41999999999999,147.0,54.0,15.545440810732858,114.75,179.17,201,93.0,14.0,0.46,115.75,4.0
07:36:16,115.0,99.0,175.84,32.0,112.0,98.0,177.04,24.0,145.42,60.84,197.0,56.0,18.192277757334256,115.0,175.84,253,141.0,52.0,0.56,115.0,1.0
07:36:17,115.0,77.0,172.91,33.0,112.28,29.0,175.0,11.0,143.95,57.91,106.0,44.0,17.501266525597472,115.0,172.91,150,62.0,-103.0,0.41,115.0,
07:36:18,115.0,119.0,171.0,39.0,112.32,41.0,171.8,25.0,143.0,56.0,160.0,64.0,13.738990137560997,115.0,171.0,224,96.0,74.0,0.43,115.0,
07:36:19,115.0,48.0,165.46,13.0,112.0,49.0,166.86,7.0,140.23,50.46000000000001,97.0,20.0,2.547286791862689,115.0,165.46,117,77.0,-107.0,0.66,115.0,1.0
07:36:20,115.0,30.0,164.43,7.0,112.0,35.0,165.08,13.0,139.71,49.43000000000001,65.0,20.0,2.4397069496146497,115.0,164.43,85,45.0,-32.0,0.53,115.0,
07:36:21,113.02,59.0,162.73,15.0,111.75,51.0,164.43,21.0,137.88,49.71,110.0,36.0,2.4841155367651564,113.02,162.73,146,74.0,61.0,0.51,115.75,4.0
07:36:22,112.0,57.0,149.56,61.0,110.0,24.0,159.08,53.0,130.78,37.56,81.0,114.0,4.596950075865317,112.0,149.56,195,-33.0,49.0,-0.17,115.75,
07:36:23,112.0,45.0,120.04,57.0,110.0,30.0,121.25,65.0,116.02,8.040000000000006,75.0,122.0,10.17756503295354,112.0,120.04,197,-47.0,2.0,-0.24,112.0,4.0
07:36:24,111.41,17.0,115.11,45.0,109.58,36.0,115.6,55.0,113.26,3.700000000000003,53.0,100.0,12.269376512276374,111.41,115.11,153,-47.0,-44.0,-0.31,112.33,3.0
07:36:25,111.03,35.0,147.03,58.0,109.29,24.0,355.37,27.0,129.03,36.0,59.0,85.0,10.407155230897605,111.03,147.03,144,-26.0,-9.0,-0.18,112.0,4.0
07:36:26,110.0,14.0,216.19,43.0,109.0,294.0,399.38,24.0,163.09,106.19,308.0,67.0,19.81927672746911,110.0,216.19,375,241.0,165.5,0.64,112.0,
07:36:27,110.0,11.0,178.52,27.0,109.0,231.0,183.12,25.0,144.26,68.52000000000001,242.0,52.0,20.771720439096956,110.0,178.52,294,190.0,-81.0,0.65,112.0,
07:36:28,109.04,198.0,162.16,51.0,108.62,237.0,164.82,65.0,135.6,53.11999999999999,435.0,116.0,18.45570833102857,109.04,162.16,551,319.0,165.5,0.58,109.33,3.0
07:36:29,109.02,191.0,155.76,29.0,108.17,109.0,158.05,19.0,132.39,46.74,300.0,48.0,13.6481621473368,109.02,155.76,348,252.0,-166.5,0.72,109.33,
07:36:30,109.16,175.0,153.67,27.0,108.51,148.0,154.96,25.0,131.41,44.50999999999999,323.0,52.0,13.16475787851782,109.16,153.66999999999996,375,271.0,27.0,0.72,109.33,
07:36:31,109.74,114.0,149.76,41.0,108.7,162.0,154.21,38.0,129.75,40.02,276.0,79.0,5.763347117777823,109.74,149.76,355,197.0,-20.0,0.55,112.5,4.0
07:36:32,109.0,221.0,134.32,59.0,107.76,42.0,146.27,41.0,121.66,25.319999999999997,263.0,100.0,5.2092964976087455,109.0,134.32,363,163.0,8.0,0.45,112.5,
07:36:33,109.0,285.0,131.07,81.0,108.0,68.0,137.59,64.0,120.04,22.069999999999997,353.0,145.0,5.766441710448408,109.0,131.07,498,208.0,135.0,0.42,109.0,4.0
07:36:34,109.0,169.0,127.92,53.0,108.0,52.0,128.9,60.0,118.46,18.92,221.0,113.0,5.904890346145271,109.0,127.92,334,108.0,-164.0,0.32,109.0,
07:36:35,109.0,221.0,122.74,73.0,108.0,68.0,123.72,64.0,115.87,13.739999999999997,289.0,137.0,5.2575307892583965,109.0,122.74,426,152.0,92.0,0.36,109.0,
07:36:36,109.0,143.0,117.86,35.0,108.0,44.0,118.93,43.0,113.43,8.86,187.0,78.0,3.283758517309153,109.0,117.86,265,109.0,-161.0,0.41,109.0,
07:36:37,109.0,142.0,115.09,44.0,108.0,44.0,116.1,42.0,112.05,6.090000000000003,186.0,86.0,3.3388995193028337,109.0,115.09,272,100.0,7.0,0.37,112.75,4.0
07:36:38,109.0,144.0,113.02,43.0,108.0,48.0,114.0,28.0,111.01,4.019999999999996,192.0,71.0,3.01336688771894,109.0,113.02,263,121.0,-9.0,0.46,112.75,
07:36:39,109.02,110.0,112.05,22.0,108.4,60.0,113.1,40.0,110.53,3.030000000000001,170.0,62.0,2.150283702212612,109.02,112.05,232,108.0,-31.0,0.47,110.0,1.0
07:36:40,109.0,144.0,111.67,36.0,108.0,56.0,157.89,53.0,110.33,2.6700000000000017,200.0,89.0,1.28187362871749,109.0,111.67,289,111.0,57.0,0.38,110.57,7.0
07:36:41,109.0,110.0,111.0,24.0,108.0,48.0,197.0,48.0,110.0,2.0,158.0,72.0,0.7967308202909319,109.0,111.0,230,86.0,-59.0,0.37,109.0,2.0
07:36:42,109.0,48.0,110.18,11.0,108.0,24.0,219.67,24.0,109.59,1.1800000000000068,72.0,35.0,0.5365817738253518,109.0,110.18,107,37.0,-123.0,0.35,110.0,1.0
07:36:43,109.0,57.0,254.61,23.0,108.0,32.0,404.71,17.0,181.8,145.61,89.0,40.0,32.06160242408353,109.0,254.61000000000004,129,49.0,22.0,0.38,109.0,1.0
07:36:44,109.33,43.0,370.11,18.0,108.36,44.0,558.89,27.0,239.72,260.78000000000003,87.0,45.0,58.87949702570491,109.32999999999998,370.11,132,42.0,3.0,0.32,110.4,5.0
07:36:46,111.77,53.0,230.52,25.0,108.88,32.0,474.9,10.0,171.15,118.75,85.0,35.0,67.92604677147038,111.77,230.52,120,50.0,36.0,0.42,110.4,
07:36:47,112.0,35.0,231.05,19.0,109.0,24.0,528.67,24.0,171.53,119.05,59.0,43.0,51.45845149244175,112.0,231.05,102,16.0,-18.0,0.16,112.0,4.0
07:36:48,112.0,12.0,227.74,19.0,108.33,12.0,437.35,17.0,169.87,115.74,24.0,36.0,53.34834599122995,112.0,227.74,60,-12.0,-42.0,-0.2,112.0,
07:36:49,110.58,40.0,222.81,32.0,108.88,64.0,408.55,38.0,166.69,112.23,104.0,70.0,52.43010699969993,110.58,222.81,174,34.0,114.0,0.2,111.25,4.0
07:36:50,109.0,48.0,148.64,14.0,108.0,16.0,192.19,16.0,128.82,39.63999999999999,64.0,30.0,18.429840476791668,109.0,148.64,94,34.0,-80.0,0.36,111.25,
07:36:51,109.0,38.0,128.0,12.0,108.0,16.0,221.0,16.0,118.5,19.0,54.0,28.0,25.356964920904684,109.0,128.0,82,26.0,-12.0,0.32,109.0,5.0
07:36:52,109.0,49.0,126.0,21.0,108.0,28.0,315.57,28.0,117.5,17.0,77.0,49.0,25.969619365712557,109.0,126.0,126,28.0,44.0,0.22,109.0,
07:36:53,109.0,15.0,125.0,15.0,108.0,20.0,197.0,20.0,117.0,16.0,35.0,35.0,21.24031826503535,109.0,125.0,70,0.0,-56.0,0.0,109.0,5.0
07:36:54,109.0,10.0,124.8,15.0,108.0,20.0,197.0,20.0,116.9,15.799999999999995,30.0,35.0,5.113089085865376,109.0,124.8,65,-5.0,-5.0,-0.08,109.0,
07:36:55,112.33,18.0,123.0,18.0,108.2,20.0,204.17,24.0,117.67,10.670000000000002,38.0,42.0,0.6399062431294087,112.33,123.0,80,-4.0,15.0,-0.05,109.0,
07:36:56,113.6,20.0,123.0,18.0,108.6,10.0,657.5,24.0,118.3,9.400000000000006,30.0,42.0,0.5646946077270447,113.6,123.0,72,-12.0,-8.0,-0.17,112.11,9.0
07:36:57,108.0,10.0,122.0,15.0,107.0,5.0,409.4,20.0,115.0,14.0,15.0,35.0,1.2395079668949591,108.0,122.0,50,-20.0,-22.0,-0.4,112.11,
07:36:58,108.8,15.0,122.0,21.0,107.25,8.0,532.43,28.0,115.4,13.200000000000005,23.0,49.0,1.4239311781108368,108.8,122.0,72,-26.0,22.0,-0.36,112.11,
07:36:59,110.74,19.0,121.44,27.0,63.64,28.0,526.0,36.0,116.09,10.700000000000005,47.0,63.0,1.434980836107623,110.74,121.44,110,-16.0,38.0,-0.15,110.75,4.0
07:37:00,106.0,8.0,117.92,24.0,60.0,40.0,117.0,8.0,111.96,11.920000000000002,48.0,32.0,2.284031523424378,106.0,117.92,80,16.0,-30.0,0.2,110.75,
07:37:01,107.98,58.0,112.25,36.0,96.94,32.0,113.82,28.0,110.12,4.269999999999996,90.0,64.0,2.556125974985682,107.98,112.25,154,26.0,74.0,0.17,110.88,8.0
07:37:02,108.58,12.0,110.3,23.0,107.59,44.0,174.58,19.0,109.44,1.7199999999999989,56.0,42.0,3.023478129571416,108.58,110.3,98,14.0,-56.0,0.14,109.0,1.0
07:37:03,108.0,50.0,112.3,10.0,106.0,90.0,349.57,35.0,110.15,4.299999999999997,140.0,45.0,2.7035476692665905,108.0,112.3,185,95.0,87.0,0.51,109.0,
07:37:04,108.86,28.0,302.64,28.0,106.5,60.0,461.75,24.0,205.75,193.78,88.0,52.0,42.64423560107502,108.86,302.64,140,36.0,-45.0,0.26,110.33,3.0
07:37:05,110.67,15.0,268.5,30.0,107.16,43.0,449.21,29.0,189.58,157.82999999999998,58.0,59.0,48.40864871074167,110.67,268.5,117,-1.0,-23.0,-0.01,116.0,1.0
07:37:06,108.67,60.0,220.61,46.0,107.05,76.0,250.38,52.0,164.64,111.94,136.0,98.0,44.57394384615287,108.67,220.61000000000004,234,38.0,117.0,0.16,116.0,
07:37:07,108.0,25.0,224.8,20.0,106.0,45.0,278.0,20.0,166.4,116.8,70.0,40.0,36.22433201592526,108.0,224.8,110,30.0,-124.0,0.27,116.0,
07:37:08,114.4,50.0,206.19,27.0,107.38,58.0,241.19,32.0,160.29,91.79,108.0,59.0,19.548794591994326,114.4,206.19,167,49.0,57.0,0.29,116.0,
07:37:09,116.0,60.0,154.15,27.0,108.75,56.0,155.9,21.0,135.07,38.150000000000006,116.0,48.0,19.41637788054172,116.0,154.15,164,68.0,-3.0,0.41,116.0,
07:37:10,113.23,43.0,148.69,29.0,109.92,62.0,151.5,32.0,130.96,35.459999999999994,105.0,61.0,17.057009409623713,113.23,148.69,166,44.0,2.0,0.27,115.62,8.0
07:37:11,109.07,43.0,144.36,14.0,108.27,55.0,145.0,29.0,126.71,35.29000000000002,98.0,43.0,18.136907950364467,109.06999999999998,144.36,141,55.0,-25.0,0.39,115.62,
07:37:12,109.92,12.0,142.15,33.0,108.42,52.0,143.74,27.0,126.03,32.230000000000004,64.0,60.0,14.15802669866092,109.92,142.15,124,4.0,-17.0,0.03,109.4,5.0
07:37:13,109.67,46.0,138.71,21.0,107.94,32.0,140.31,48.0,124.19,29.040000000000006,78.0,69.0,4.389056846293656,109.67,138.71,147,9.0,23.0,0.06,110.6,5.0
07:37:14,108.0,44.0,135.27,11.0,107.0,22.0,138.0,44.0,121.64,27.27000000000001,66.0,55.0,3.440498510390305,108.0,135.27,121,11.0,-26.0,0.09,110.6,
07:37:15,108.0,24.0,131.83,18.0,107.0,12.0,134.42,12.0,119.92,23.830000000000013,36.0,30.0,2.883620987577676,108.0,131.83,66,6.0,-55.0,0.09,110.6,
07:37:16,109.14,63.0,128.74,23.0,108.0,44.0,129.71,17.0,118.94,19.60000000000001,107.0,40.0,2.947580363620114,109.14,128.74,147,67.0,81.0,0.46,109.0,5.0
07:37:17,110.0,45.0,123.9,21.0,108.0,60.0,125.52,33.0,116.95,13.900000000000006,105.0,54.0,2.745008196708953,110.0,123.9,159,51.0,12.0,0.32,109.0,
07:37:18,110.0,33.0,120.0,11.0,108.0,44.0,121.47,17.0,115.0,10.0,77.0,28.0,2.584646977828849,110.0,120.0,105,49.0,-54.0,0.47,109.0,
07:37:19,110.0,45.0,116.35,17.0,108.0,44.0,120.09,11.0,113.18,6.349999999999994,89.0,28.0,2.7695162032384237,110.0,116.35,117,61.0,12.0,0.52,109.0,
07:37:20,110.0,98.0,112.76,29.0,108.0,56.0,113.51,41.0,111.38,2.760000000000005,154.0,70.0,2.9875742668594127,110.0,112.76,224,84.0,107.0,0.38,112.0,1.0
07:37:21,110.0,109.0,112.29,68.0,108.82,68.0,113.28,53.0,111.15,2.2900000000000063,177.0,121.0,2.4630611035865324,110.0,112.29,298,56.0,74.0,0.19,110.0,2.0
07:37:22,109.15,71.0,179.29,38.0,108.09,132.0,262.67,42.0,144.22,70.13999999999999,203.0,80.0,14.191605969727298,109.15,179.29,283,123.0,-15.0,0.43,110.25,4.0
07:37:23,108.06,64.0,283.48,21.0,107.22,36.0,405.23,35.0,195.77,175.42000000000002,100.0,56.0,36.676772622464966,108.06,283.48,156,44.0,-127.0,0.28,108.0,4.0
07:37:24,112.5,16.0,242.33,15.0,110.38,26.0,247.42,24.0,177.42,129.83,42.0,39.0,38.27774771326015,112.5,242.33,81,3.0,-75.0,0.04,108.0,
07:37:25,114.5,8.0,241.0,7.0,112.86,14.0,242.0,14.0,177.75,126.5,22.0,21.0,33.63547041442991,114.5,241.0,43,1.0,-38.0,0.02,115.0,1.0
07:37:26,109.0,8.0,156.0,11.0,108.0,32.0,194.36,11.0,132.5,47.0,40.0,22.0,26.22143722224221,109.0,156.0,62,18.0,19.0,0.29,112.5,4.0
07:37:27,108.68,28.0,127.17,18.0,107.56,32.0,131.44,18.0,117.92,18.489999999999995,60.0,36.0,33.25890211657611,108.68,127.17,96,24.0,34.0,0.25,108.5,2.0
07:37:28,112.0,30.0,117.0,14.0,108.25,24.0,119.64,22.0,114.5,5.0,54.0,36.0,31.37922752395276,112.0,117.0,90,18.0,-6.0,0.2,108.5,
07:37:29,112.1,78.0,410.13,31.0,109.8,15.0,493.65,20.0,261.12,298.03,93.0,51.0,61.51152428610423,112.1,410.13,144,42.0,54.0,0.29,114.67,3.0
07:37:32,107.0,22.0,341.91,32.0,106.0,55.0,526.83,24.0,224.45,234.91000000000005,77.0,56.0,127.5628458055086,107.0,341.91,133,21.0,64.0,0.16,114.67,
07:37:33,107.0,20.0,258.62,29.0,106.0,50.0,260.67,36.0,182.81,151.62,70.0,65.0,106.77718281543096,107.0,258.62,135,5.0,2.0,0.04,114.67,
07:37:34,107.0,17.0,222.69,26.0,106.0,55.0,245.36,25.0,164.85,115.69,72.0,51.0,122.61682339711776,107.0,222.69,123,21.0,-12.0,0.17,107.0,1.0
07:37:35,108.57,46.0,125.14,28.0,107.21,14.0,173.33,24.0,116.85,16.570000000000007,60.0,52.0,112.95561818696748,108.56999999999998,125.14,112,8.0,-11.0,0.07,107.0,
07:37:36,109.59,74.0,121.25,24.0,107.75,20.0,122.11,36.0,115.42,11.659999999999997,94.0,60.0,46.21440013675381,109.59,121.25,154,34.0,42.0,0.22,110.0,3.0
07:37:37,108.69,58.0,118.71,34.0,107.3,33.0,119.75,32.0,113.7,10.019999999999996,91.0,66.0,32.68750571701665,108.69,118.71,157,25.0,3.0,0.16,110.0,
07:37:38,109.0,112.0,116.43,28.0,108.0,42.0,119.0,56.0,112.71,7.430000000000007,154.0,84.0,22.497351621913197,109.0,116.43,238,70.0,81.0,0.29,110.0,
07:37:39,109.78,72.0,114.11,18.0,108.0,27.0,119.0,36.0,111.94,4.329999999999998,99.0,54.0,2.003729023596596,109.78,114.11,153,45.0,-85.0,0.29,110.0,
07:37:40,110.77,73.0,112.45,22.0,108.43,23.0,117.24,34.0,111.61,1.6800000000000068,96.0,56.0,1.537637798704123,110.77,112.45,152,40.0,-1.0,0.26,112.0,2.0
07:37:41,111.84,25.0,117.93,56.0,109.22,45.0,311.86,37.0,114.88,6.090000000000003,70.0,93.0,1.3378228582303733,111.84,117.93,163,-23.0,11.0,-0.14,110.0,5.0
07:37:42,116.0,8.0,117.25,32.0,112.0,24.0,210.29,21.0,116.62,1.25,32.0,53.0,2.1362982001592243,116.0,117.25,85,-21.0,-78.0,-0.25,110.0,
07:37:43,113.0,20.0,201.67,27.0,111.33,18.0,385.05,19.0,157.33,88.66999999999999,38.0,46.0,19.595091987536097,113.0,201.67,84,-8.0,-1.0,-0.1,116.0,1.0
07:37:44,113.18,44.0,409.09,33.0,112.0,54.0,426.24,21.0,261.14,295.91,98.0,54.0,63.6404747782415,113.18,409.09,152,44.0,68.0,0.29,116.0,
07:37:45,114.55,22.0,265.81,27.0,113.0,48.0,344.68,22.0,190.18,151.26,70.0,49.0,60.70933865559719,114.55,265.81,119,21.0,-33.0,0.18,116.0,
07:37:46,116.0,9.0,192.89,36.0,115.0,36.0,195.0,27.0,154.44,76.88999999999999,45.0,63.0,54.28918418985485,116.0,192.89,108,-18.0,-11.0,-0.17,116.0,
07:37:47,116.0,8.0,162.38,24.0,115.0,32.0,189.19,31.0,139.19,46.38,40.0,55.0,48.782658086660106,116.0,162.38,95,-15.0,-13.0,-0.16,116.0,
07:37:48,116.0,7.0,142.0,25.0,115.0,28.0,155.45,22.0,129.0,26.0,35.0,47.0,53.5522669921637,116.0,142.0,82,-12.0,-13.0,-0.15,116.0,
07:37:49,115.75,12.0,138.84,38.0,114.57,42.0,156.25,32.0,127.3,23.090000000000003,54.0,70.0,25.92165928330969,115.75,138.84,124,-16.0,42.0,-0.13,115.5,2.0
07:37:50,115.0,30.0,137.7,30.0,112.0,60.0,139.0,40.0,126.35,22.69999999999999,90.0,70.0,11.887540956816911,115.0,137.7,160,20.0,36.0,0.12,115.5,
07:37:51,112.63,57.0,135.55,44.0,111.14,42.0,138.04,47.0,124.09,22.920000000000016,99.0,91.0,5.866935315818759,112.63,135.55,190,8.0,30.0,0.04,114.25,4.0
07:37:52,112.0,65.0,133.64,55.0,110.0,28.0,134.79,43.0,122.82,21.639999999999983,93.0,98.0,2.4766045304009188,112.0,133.64,191,-5.0,1.0,-0.03,112.0,1.0
07:37:53,112.0,36.0,130.33,33.0,110.0,20.0,131.49,35.0,121.17,18.330000000000013,56.0,68.0,2.5111411748451826,112.0,130.33,124,-12.0,-67.0,-0.1,112.0,
07:37:54,110.58,24.0,125.17,41.0,109.14,28.0,126.42,26.0,117.88,14.590000000000003,52.0,67.0,3.184300551142035,110.58,125.17,119,-15.0,-5.0,-0.13,110.33,6.0
07:37:55,106.84,38.0,122.45,20.0,100.0,46.0,124.1,52.0,114.65,15.61,84.0,72.0,3.843562149881829,106.84,122.45,156,12.0,37.0,0.08,107.0,6.0
07:37:56,113.8,40.0,120.0,12.0,108.9,40.0,123.76,34.0,116.9,6.200000000000003,80.0,46.0,3.293513321668016,113.8,120.0,126,34.0,-30.0,0.27,107.0,
07:37:57,110.0,72.0,117.78,18.0,106.0,63.0,120.0,9.0,113.89,7.780000000000001,135.0,27.0,2.885995495492903,110.0,117.78,162,108.0,36.0,0.67,110.67,3.0
07:37:58,110.0,72.0,116.13,15.0,108.0,42.0,118.0,12.0,113.07,6.129999999999996,114.0,27.0,2.037000245460437,110.0,116.12999999999998,141,87.0,-21.0,0.62,110.67,
07:37:59,110.57,56.0,113.86,7.0,108.42,53.0,116.0,14.0,112.21,3.2900000000000063,109.0,21.0,1.7895474288227946,110.57,113.86,130,88.0,-11.0,0.68,110.67,
07:38:00,110.82,89.0,165.18,22.0,109.49,110.0,147.28,29.0,138.0,54.360000000000014,199.0,51.0,10.869890983814177,110.82,165.18,250,148.0,120.0,0.59,111.12,8.0
07:38:01,110.0,56.0,229.0,35.0,106.44,45.0,405.0,7.0,169.5,119.0,101.0,42.0,24.92324878502001,110.0,229.0,143,59.0,-107.0,0.41,111.12,
07:38:02,110.0,48.0,219.0,6.0,108.0,30.0,313.85,26.0,164.5,109.0,78.0,32.0,27.251281254282315,110.0,219.0,110,46.0,-33.0,0.42,111.12,
07:38:04,111.52,82.0,412.19,21.0,109.25,80.0,488.13,46.0,261.86,300.67,162.0,67.0,61.43970963473041,111.52,412.19,229,95.0,11.0,0.41,110.0,3.0
07:38:05,110.0,46.0,377.64,11.0,108.0,94.0,494.61,33.0,243.82,267.64,140.0,44.0,51.647184047148016,110.0,377.64,184,96.0,-45.0,0.52,110.0,
07:38:07,115.0,20.0,405.82,28.0,110.0,30.0,448.03,31.0,260.41,290.82,50.0,59.0,14.99321079688983,115.0,405.82,109,-9.0,-45.0,-0.08,110.0,
07:38:08,115.18,22.0,312.47,34.0,111.14,35.0,411.43,37.0,213.83,197.29,57.0,71.0,26.077955633062505,115.18,312.47,128,-14.0,19.0,-0.11,110.0,
07:38:09,116.0,13.0,205.71,48.0,115.0,26.0,225.73,37.0,160.85,89.71000000000001,39.0,85.0,47.576176075846845,116.0,205.71,124,-46.0,-4.0,-0.37,110.0,
07:38:10,115.14,14.0,142.03,32.0,110.5,40.0,151.31,26.0,128.59,26.89,54.0,58.0,65.36810001828098,115.14,142.03,112,-4.0,-12.0,-0.04,115.5,2.0
07:38:11,112.27,11.0,140.57,14.0,109.56,27.0,141.08,26.0,126.42,28.3,38.0,40.0,58.03266752442105,112.27,140.57,78,-2.0,-34.0,-0.03,112.5,2.0
07:38:12,110.0,18.0,135.37,30.0,109.0,36.0,136.62,24.0,122.68,25.370000000000005,54.0,54.0,38.5734848049797,110.0,135.37,108,0.0,30.0,0.0,112.5,
07:38:13,110.0,22.0,130.93,29.0,109.0,44.0,132.1,20.0,120.47,20.930000000000007,66.0,49.0,16.543082240018155,110.0,130.93,115,17.0,7.0,0.15,112.5,
07:38:14,110.0,26.0,127.02,43.0,109.0,52.0,128.18,22.0,118.51,17.019999999999996,78.0,65.0,4.154820092375411,110.0,127.02,143,13.0,28.0,0.09,112.5,
07:38:15,110.0,20.0,124.18,22.0,109.0,40.0,124.5,28.0,117.09,14.180000000000009,60.0,50.0,3.672945684325728,110.0,124.18,110,10.0,-33.0,0.09,112.5,
07:38:16,111.76,68.0,117.58,66.0,109.64,44.0,119.9,63.0,114.67,5.819999999999993,112.0,129.0,3.075756817436577,111.76,117.58,241,-17.0,131.0,-0.07,112.0,1.0
07:38:17,112.0,29.0,117.0,32.0,110.0,16.0,118.0,32.0,114.5,5.0,45.0,64.0,2.54933716875739,112.0,117.0,109,-19.0,-132.0,-0.17,112.0,3.0
07:38:18,112.0,18.0,114.83,72.0,110.0,36.0,117.22,72.0,113.42,2.8299999999999983,54.0,144.0,2.092144832464582,112.0,114.83,198,-90.0,89.0,-0.45,112.0,
07:38:19,112.32,37.0,118.77,26.0,110.65,46.0,399.69,70.0,115.55,6.450000000000003,83.0,96.0,1.370704198581291,112.32,118.77,179,-13.0,-19.0,-0.07,112.15,13.0
07:38:20,111.34,35.0,120.43,14.0,109.31,35.0,433.28,53.0,115.89,9.090000000000003,70.0,67.0,0.9697577017010138,111.34,120.43,137,3.0,-42.0,0.02,111.62,8.0
07:38:21,113.33,84.0,119.07,14.0,107.56,50.0,182.71,49.0,116.2,5.739999999999995,134.0,63.0,1.1421777444900474,113.33,119.07,197,71.0,60.0,0.36,111.62,
07:38:22,116.0,88.0,117.0,12.0,108.0,48.0,259.05,39.0,116.5,1.0,136.0,51.0,1.2217078210473609,116.0,117.0,187,85.0,-10.0,0.45,116.0,1.0
07:38:23,109.93,58.0,117.0,13.0,107.15,52.0,362.62,48.0,113.47,7.069999999999993,110.0,61.0,1.2003207904590734,109.93,117.0,171,49.0,-16.0,0.29,116.0,
07:38:24,108.0,28.0,130.7,10.0,107.0,28.0,299.29,28.0,119.35,22.69999999999999,56.0,38.0,2.093315551943401,108.0,130.7,94,18.0,-77.0,0.19,113.0,1.0
07:38:25,114.72,75.0,153.14,21.0,108.0,40.0,178.65,34.0,133.93,38.41999999999999,115.0,55.0,8.120003078817597,114.72,153.14,170,60.0,76.0,0.35,113.0,
07:38:26,116.0,141.0,150.87,31.0,113.09,110.0,151.88,65.0,133.44,34.870000000000005,251.0,96.0,9.673167526720828,116.0,150.87,347,155.0,165.5,0.45,113.0,
07:38:27,116.0,120.0,124.41,29.0,112.46,65.0,135.48,23.0,120.21,8.409999999999997,185.0,52.0,9.145408684143437,116.0,124.41,237,133.0,-110.0,0.56,113.0,
07:38:28,116.0,192.0,120.3,40.0,112.47,38.0,121.95,56.0,118.15,4.299999999999997,230.0,96.0,7.9493131778793265,116.0,120.3,326,134.0,89.0,0.41,113.0,
07:38:29,116.0,130.0,117.2,75.0,115.0,45.0,178.1,58.0,116.6,1.2000000000000028,175.0,133.0,8.514389584697547,116.0,117.2,308,42.0,-18.0,0.14,116.0,8.0
07:38:30,116.0,42.0,117.0,55.0,115.0,33.0,270.82,33.0,116.5,1.0,75.0,88.0,7.125801709282049,116.0,117.0,163,-13.0,-145.0,-0.08,116.0,2.0
07:38:31,116.0,16.0,117.0,40.0,115.0,24.0,278.7,20.0,116.5,1.0,40.0,60.0,1.6228277789118106,116.0,117.0,100,-20.0,-63.0,-0.2,116.0,
07:38:32,112.86,42.0,143.28,36.0,108.82,66.0,314.36,45.0,128.07,30.42,108.0,81.0,5.027746015861125,112.86,143.28,189,27.0,89.0,0.14,114.33,6.0
07:38:33,110.0,30.0,131.36,42.0,108.76,66.0,133.0,56.0,120.68,21.360000000000014,96.0,98.0,5.027494405765888,110.0,131.36,194,-2.0,5.0,-0.01,114.33,
07:38:34,112.0,19.0,130.86,59.0,109.84,61.0,132.84,74.0,121.43,18.860000000000014,80.0,133.0,4.746306985436893,112.0,130.86,213,-53.0,19.0,-0.25,114.33,
07:38:35,111.5,12.0,129.57,35.0,109.84,32.0,130.43,35.0,120.54,18.069999999999997,44.0,70.0,4.17576699541615,111.5,129.57,114,-26.0,-99.0,-0.23,112.0,1.0
07:38:36,110.0,39.0,127.8,41.0,109.0,65.0,129.76,50.0,118.9,17.799999999999997,104.0,91.0,3.55755955677578,110.0,127.8,195,13.0,81.0,0.07,112.0,
07:38:37,109.12,51.0,124.47,43.0,108.16,64.0,125.88,34.0,116.79,15.349999999999994,115.0,77.0,1.8548503982820876,109.12,124.47,192,38.0,-3.0,0.2,112.0,
07:38:38,109.86,72.0,122.0,36.0,108.6,30.0,123.0,48.0,115.93,12.14,102.0,84.0,2.355731308958517,109.86,122.0,186,18.0,-6.0,0.1,112.0,
07:38:39,110.0,72.0,120.63,38.0,109.0,11.0,122.23,39.0,115.32,10.629999999999995,83.0,77.0,2.1750241377988586,110.0,120.63,160,6.0,-26.0,0.04,110.0,5.0
07:38:40,108.29,70.0,118.2,60.0,107.1,105.0,121.0,45.0,113.24,9.909999999999997,175.0,105.0,2.0683640878742677,108.29,118.2,280,70.0,120.0,0.25,109.67,3.0
07:38:41,110.53,38.0,114.03,40.0,107.87,76.0,123.71,42.0,112.28,3.5,114.0,82.0,1.887636087811468,110.53000000000002,114.03,196,32.0,-84.0,0.16,110.78,9.0
07:38:42,108.0,28.0,113.0,21.0,107.0,70.0,324.17,23.0,110.5,5.0,98.0,44.0,2.222764045059308,108.0,113.0,142,54.0,-54.0,0.38,110.78,
07:38:43,108.38,64.0,111.15,39.0,107.11,112.0,287.46,39.0,109.76,2.7700000000000102,176.0,78.0,2.21720544830844,108.38,111.15,254,98.0,112.0,0.39,110.78,
07:38:44,112.33,101.0,198.28,54.0,112.81,126.0,257.92,38.0,155.3,85.95,227.0,92.0,19.6612583524048,112.33,198.28,319,135.0,65.0,0.42,109.75,4.0
07:38:45,116.0,36.0,136.86,28.0,115.0,161.0,206.77,43.0,126.43,20.860000000000014,197.0,71.0,19.374043976413567,116.0,136.86,268,126.0,-51.0,0.47,109.75,
07:38:46,116.0,28.0,136.0,28.0,115.0,147.0,137.0,21.0,126.0,20.0,175.0,49.0,18.4516562942194,116.0,136.0,224,126.0,-44.0,0.56,109.75,
07:38:47,116.0,13.0,135.15,52.0,115.0,273.0,137.0,39.0,125.58,19.15000000000001,286.0,91.0,16.495635180253164,116.0,135.15,377,195.0,153.0,0.52,116.0,3.0
07:38:48,116.0,7.0,133.71,28.0,115.0,147.0,257.91,23.0,124.86,17.710000000000008,154.0,51.0,13.242366857930095,116.0,133.71,205,103.0,-166.5,0.5,116.0,
07:38:49,115.06,89.0,131.85,33.0,114.58,113.0,269.5,44.0,123.45,16.789999999999992,202.0,77.0,1.1677885082524089,115.06,131.85,279,125.0,74.0,0.45,116.0,1.0
07:38:50,115.0,210.0,130.0,40.0,109.0,20.0,156.82,34.0,122.5,15.0,230.0,74.0,1.470210869231523,115.0,130.0,304,156.0,25.0,0.51,116.0,
07:38:51,115.0,273.0,126.77,52.0,109.0,26.0,130.0,52.0,120.88,11.769999999999996,299.0,104.0,1.8729869193367807,115.0,126.77,403,195.0,99.0,0.48,116.0,
07:38:52,115.0,126.0,124.5,24.0,109.0,12.0,126.0,24.0,119.75,9.5,138.0,48.0,2.02696077909931,115.0,124.5,186,90.0,-166.5,0.48,116.0,
07:38:53,115.02,279.0,122.17,35.0,111.36,64.0,122.64,56.0,118.6,7.150000000000006,343.0,91.0,1.9737603704622029,115.02,122.17,434,252.0,165.5,0.58,116.0,5.0
07:38:54,115.03,259.0,118.31,52.0,113.18,231.0,120.74,43.0,116.67,3.280000000000001,490.0,95.0,2.214937922382316,115.03,118.31,585,395.0,151.0,0.68,116.0,1.0
07:38:55,115.0,169.0,116.0,40.0,110.0,70.0,120.0,10.0,115.5,1.0,239.0,50.0,2.1990793528218826,115.0,116.0,289,189.0,-166.5,0.65,115.0,12.0
07:38:56,115.0,34.0,118.22,9.0,110.16,38.0,305.0,6.0,116.61,3.219999999999999,72.0,15.0,1.7121711363084144,115.0,118.22,87,57.0,-166.5,0.66,115.0,4.0
07:38:57,115.0,65.0,119.15,13.0,112.0,39.0,224.31,49.0,117.08,4.150000000000006,104.0,62.0,1.1201651663963328,115.0,119.15,166,42.0,79.0,0.25,115.0,
07:38:58,115.0,70.0,117.71,14.0,112.0,42.0,409.48,61.0,116.36,2.7099999999999937,112.0,75.0,0.587647853742176,115.0,117.71,187,37.0,21.0,0.2,115.0,
07:38:59,115.0,49.0,296.72,32.0,112.0,33.0,380.64,39.0,205.86,181.72000000000003,82.0,71.0,40.01743395071711,115.0,296.72,153,11.0,-34.0,0.07,115.0,1.0
07:39:00,114.86,42.0,206.36,44.0,111.62,37.0,321.0,55.0,160.61,91.5,79.0,99.0,39.808911439525765,114.86,206.36,178,-20.0,25.0,-0.11,114.4,5.0
07:39:01,112.0,18.0,322.44,27.0,110.0,63.0,526.0,42.0,217.22,210.44,81.0,69.0,47.60653505559929,112.0,322.44,150,12.0,-28.0,0.08,114.4,
07:39:02,112.44,36.0,404.58,31.0,110.8,70.0,511.32,41.0,258.51,292.14,106.0,72.0,54.67644620858236,112.44,404.58,178,34.0,28.0,0.19,114.4,
07:39:03,113.56,18.0,384.0,48.0,110.99,99.0,484.36,33.0,248.78,270.44,117.0,81.0,38.826139777217065,113.56,384.0,198,36.0,20.0,0.18,112.67,6.0
07:39:04,112.0,14.0,384.0,28.0,110.0,70.0,418.0,7.0,248.0,272.0,84.0,35.0,40.03380484040952,112.0,384.0,119,49.0,-79.0,0.41,112.67,
07:39:05,112.0,22.0,348.0,17.0,110.0,110.0,479.9,42.0,230.0,236.0,132.0,59.0,16.593499329556593,112.0,348.0,191,73.0,72.0,0.38,112.67,
07:39:06,110.82,68.0,268.0,14.0,109.89,90.0,502.89,57.0,189.41,157.18,158.0,71.0,27.45468357129609,110.82,268.0,229,87.0,38.0,0.38,111.0,4.0
07:39:07,112.0,40.0,379.09,22.0,110.0,80.0,456.19,37.0,245.55,267.09,120.0,59.0,25.191632936354004,112.0,379.09,179,61.0,-50.0,0.34,111.0,
07:39:09,110.71,28.0,285.58,19.0,110.71,28.0,319.53,15.0,198.15,174.87,56.0,34.0,43.10912525208551,110.71,285.58,90,22.0,-73.0,0.24,112.6,5.0
07:39:10,110.0,48.0,190.5,6.0,109.0,24.0,294.55,22.0,150.25,80.5,72.0,28.0,56.699071244598,110.0,190.5,100,44.0,10.0,0.44,112.6,
07:39:11,110.0,32.0,190.0,7.0,109.0,28.0,384.39,23.0,150.0,80.0,60.0,30.0,63.66035878001318,110.0,190.0,90,30.0,-10.0,0.33,112.6,
07:39:12,109.88,17.0,355.22,23.0,108.77,39.0,447.97,39.0,232.55,245.34000000000003,56.0,62.0,62.00171191184968,109.88,355.22,118,-6.0,28.0,-0.05,109.5,4.0
07:39:13,110.29,7.0,403.71,35.0,109.08,13.0,438.42,19.0,257.0,293.42,20.0,54.0,48.109112962099,110.29,403.71,74,-34.0,-44.0,-0.46,109.5,
07:39:14,111.23,13.0,278.82,57.0,109.44,18.0,426.58,57.0,195.03,167.58999999999995,31.0,114.0,48.12026631264629,111.23,278.82,145,-83.0,71.0,-0.57,109.5,
07:39:15,108.06,33.0,154.39,31.0,107.07,56.0,235.18,11.0,131.22,46.329999999999984,89.0,42.0,53.221151340421066,108.06,154.39,131,47.0,-14.0,0.36,108.4,10.0
07:39:16,107.11,35.0,250.19,16.0,106.53,68.0,328.28,36.0,178.65,143.07999999999998,103.0,52.0,48.76872409649449,107.11,250.19,155,51.0,24.0,0.33,107.29,7.0
07:39:17,108.5,12.0,302.5,6.0,106.82,38.0,424.39,18.0,205.5,194.0,50.0,24.0,45.49150964740567,108.5,302.5,74,26.0,-81.0,0.35,107.0,3.0
07:39:18,112.0,20.0,302.0,4.0,107.0,4.0,435.0,4.0,207.0,190.0,24.0,8.0,31.32854050223224,112.0,302.0,32,16.0,-42.0,0.5,116.0,1.0
07:39:19,112.0,25.0,301.0,5.0,107.0,5.0,567.0,5.0,206.5,189.0,30.0,10.0,32.772379834244646,112.0,301.0,40,20.0,8.0,0.5,116.0,
07:39:20,113.04,46.0,301.0,5.0,111.41,17.0,666.2,5.0,207.02,187.96,63.0,10.0,12.472380686941882,113.04,301.0,73,53.0,33.0,0.73,116.0,
07:39:21,114.0,144.0,297.57,28.0,112.0,60.0,346.75,12.0,205.79,183.57,204.0,40.0,0.6944926205507308,114.0,297.57,244,164.0,165.5,0.67,116.0,
07:39:22,115.0,12.0,291.35,26.0,114.0,120.0,295.58,26.0,203.17,176.35000000000002,132.0,52.0,1.6038484965854962,115.0,291.35,184,80.0,-60.0,0.43,115.0,1.0
07:39:23,114.53,57.0,267.0,18.0,113.09,66.0,270.78,9.0,190.76,152.47,123.0,27.0,6.808477803444786,114.53,267.0,150,96.0,-34.0,0.64,114.25,4.0
07:39:24,115.0,99.0,257.69,29.0,112.0,55.0,268.07,28.0,186.34,142.69,154.0,57.0,9.42402939299328,115.0,257.69,211,97.0,61.0,0.46,114.25,
07:39:25,115.64,76.0,208.24,17.0,114.57,105.0,261.7,37.0,161.94,92.6,181.0,54.0,17.487922975585285,115.64,208.24,235,127.0,24.0,0.54,114.25,
07:39:26,116.0,50.0,261.03,35.0,115.0,90.0,263.69,29.0,188.51,145.02999999999997,140.0,64.0,15.022167952729214,116.0,261.03,204,76.0,-31.0,0.37,114.25,
07:39:27,116.0,40.0,231.29,24.0,115.0,72.0,253.29,21.0,173.65,115.29,112.0,45.0,12.192122456734348,116.0,231.29,157,67.0,-47.0,0.43,114.25,
07:39:28,116.0,30.0,151.78,18.0,115.0,54.0,152.52,23.0,133.89,35.78,84.0,41.0,22.278936913596414,116.0,151.78,125,43.0,-32.0,0.34,116.0,4.0
07:39:29,115.61,23.0,128.75,44.0,114.91,130.0,134.92,39.0,122.18,13.14,153.0,83.0,27.551519558819475,115.61,128.75,236,70.0,111.0,0.3,116.0,1.0
07:39:30,115.0,33.0,123.12,32.0,112.0,40.0,123.92,26.0,119.06,8.120000000000005,73.0,58.0,31.62594615185472,115.0,123.12,131,15.0,-105.0,0.11,115.0,9.0
07:39:31,112.0,36.0,120.17,24.0,110.0,27.0,121.28,36.0,116.08,8.170000000000002,63.0,60.0,23.721788929168422,112.0,120.17,123,3.0,-8.0,0.02,115.0,
07:39:32,112.0,28.0,117.29,14.0,110.0,21.0,118.43,14.0,114.64,5.290000000000006,49.0,28.0,7.678209426684072,112.0,117.29,77,21.0,-46.0,0.27,115.0,
07:39:33,112.0,36.0,114.56,18.0,110.0,27.0,116.33,18.0,113.28,2.5600000000000023,63.0,36.0,3.5818598520909872,112.0,114.56,99,27.0,22.0,0.27,112.0,2.0
07:39:34,111.0,24.0,115.2,30.0,109.57,28.0,354.0,30.0,113.1,4.200000000000003,52.0,60.0,2.453511768877769,111.0,115.2,112,-8.0,13.0,-0.07,110.8,5.0
07:39:35,109.0,16.0,114.0,24.0,107.97,29.0,116.0,16.0,111.5,5.0,45.0,40.0,1.726441426756807,109.0,114.0,85,5.0,-27.0,0.06,110.8,
07:39:36,109.0,16.0,113.7,23.0,108.0,32.0,115.47,17.0,111.35,4.700000000000003,48.0,40.0,1.368860840269134,109.0,113.7,88,8.0,3.0,0.09,110.8,
07:39:37,109.0,16.0,185.47,17.0,108.0,32.0,202.67,21.0,147.24,76.47,48.0,38.0,15.647414482911255,109.0,185.47,86,10.0,-2.0,0.12,110.4,5.0
07:39:38,108.25,24.0,163.55,31.0,107.67,18.0,394.67,12.0,135.9,55.30000000000001,42.0,43.0,16.70796576486856,108.25,163.55,85,-1.0,-1.0,-0.01,108.67,3.0
07:39:39,109.76,75.0,117.78,45.0,107.36,28.0,322.0,9.0,113.77,8.019999999999996,103.0,54.0,16.60287234185759,109.76,117.78,157,49.0,72.0,0.31,108.67,
07:39:40,112.0,77.0,117.0,35.0,108.0,21.0,309.08,13.0,114.5,5.0,98.0,48.0,16.086558674869515,112.0,117.0,146,50.0,-11.0,0.34,108.67,
07:39:41,112.79,96.0,116.4,50.0,108.0,30.0,190.32,28.0,114.6,3.61,126.0,78.0,15.473739690198345,112.79,116.4,204,48.0,58.0,0.24,112.8,5.0
07:39:42,113.0,24.0,116.0,20.0,110.0,32.0,123.0,12.0,114.5,3.0,56.0,32.0,9.64655793534778,113.0,116.0,88,24.0,-116.0,0.27,112.8,
07:39:43,113.0,48.0,115.0,40.0,110.0,64.0,265.5,24.0,114.0,2.0,112.0,64.0,0.3665787773758452,113.0,115.0,176,48.0,88.0,0.27,112.8,
07:39:44,113.0,42.0,278.45,29.0,110.45,62.0,366.5,16.0,195.72,165.45,104.0,45.0,36.36816574973252,113.0,278.45,149,59.0,-27.0,0.4,113.0,1.0
07:39:45,114.0,50.0,279.8,40.0,112.0,70.0,311.86,35.0,196.9,165.8,120.0,75.0,44.88472657820266,114.0,279.8,195,45.0,46.0,0.23,113.0,
07:39:46,114.75,56.0,211.21,56.0,112.53,85.0,219.92,52.0,162.98,96.46,141.0,108.0,41.17674343607092,114.75,211.21,249,33.0,54.0,0.13,116.0,3.0
07:39:47,116.0,13.0,209.08,65.0,115.0,65.0,211.0,52.0,162.54,93.08,78.0,117.0,33.77226850538777,116.0,209.08,195,-39.0,-54.0,-0.2,116.0,
07:39:48,115.39,23.0,206.72,72.0,113.44,94.0,208.22,72.0,161.06,91.33,117.0,144.0,18.70465182782091,115.39,206.72,261,-27.0,66.0,-0.1,115.25,4.0
07:39:49,115.0,18.0,203.0,45.0,112.0,63.0,207.0,36.0,159.0,88.0,81.0,81.0,15.95427466229682,115.0,203.0,162,0.0,-99.0,0.0,115.25,
07:39:50,113.36,22.0,200.15,33.0,111.19,59.0,201.62,39.0,156.76,86.79,81.0,72.0,2.59123908584459,113.36,200.15,153,9.0,-9.0,0.06,113.2,5.0
07:39:51,110.13,60.0,199.07,40.0,109.25,32.0,200.24,41.0,154.6,88.94,92.0,81.0,3.1990811180727063,110.12999999999998,199.07,173,11.0,20.0,0.06,111.6,5.0
07:39:52,110.0,70.0,163.11,36.0,109.0,30.0,182.3,33.0,136.56,53.110000000000014,100.0,69.0,9.825460803443836,110.0,163.11,169,31.0,-4.0,0.18,111.6,
07:39:53,110.0,84.0,143.69,55.0,109.0,36.0,156.23,47.0,126.85,33.69,120.0,102.0,14.245447693913096,110.0,143.69,222,18.0,53.0,0.08,111.6,
07:39:54,110.0,42.0,138.24,25.0,109.0,18.0,142.56,27.0,124.12,28.24000000000001,60.0,52.0,15.254029631543812,110.0,138.24,112,8.0,-110.0,0.07,111.6,
07:39:55,110.0,67.0,139.55,55.0,109.0,39.0,141.19,62.0,124.77,29.55000000000001,106.0,117.0,12.873630024201384,110.0,139.55,223,-11.0,111.0,-0.05,110.0,4.0
07:39:56,110.0,21.0,136.64,33.0,109.0,21.0,139.0,30.0,123.32,26.639999999999983,42.0,63.0,5.434816464244404,110.0,136.64,105,-21.0,-118.0,-0.2,110.0,
07:39:57,113.02,53.0,133.92,66.0,110.18,38.0,135.12,69.0,123.47,20.89999999999999,91.0,135.0,1.431163862044849,113.02,133.92,226,-44.0,121.0,-0.19,110.0,
07:39:58,115.0,36.0,131.73,41.0,112.0,18.0,133.0,40.0,123.37,16.72999999999999,54.0,81.0,0.625899352950163,115.0,131.73,135,-27.0,-91.0,-0.2,110.0,
07:39:59,113.09,33.0,128.29,56.0,110.46,39.0,130.06,62.0,120.69,15.199999999999989,72.0,118.0,1.4876424301638231,113.09,128.29,190,-46.0,55.0,-0.24,115.0,4.0
07:40:00,116.0,30.0,124.3,50.0,113.0,15.0,125.2,44.0,120.15,8.299999999999997,45.0,94.0,1.6369789247342492,116.0,124.3,139,-49.0,-51.0,-0.35,115.0,
07:40:01,113.33,18.0,123.0,70.0,109.92,59.0,124.0,70.0,118.17,9.670000000000002,77.0,140.0,2.25836223844283,113.33,123.0,217,-63.0,78.0,-0.29,115.0,5.0
07:40:02,112.0,12.0,121.7,56.0,110.0,73.0,123.5,60.0,116.85,9.700000000000005,85.0,116.0,2.500415965399567,112.0,121.7,201,-31.0,-16.0,-0.15,115.0,
07:40:03,112.0,14.0,119.7,44.0,110.0,98.0,120.91,68.0,115.85,7.700000000000003,112.0,112.0,2.076516313450402,112.0,119.7,224,0.0,23.0,0.0,115.0,
07:40:04,112.0,15.0,116.0,46.0,110.0,45.0,117.21,56.0,114.0,4.0,60.0,102.0,2.32574289207259,112.0,116.0,162,-42.0,-62.0,-0.26,115.0,
07:40:05,108.84,56.0,112.38,78.0,107.93,69.0,113.77,60.0,110.61,3.539999999999992,125.0,138.0,2.933424619796277,108.84,112.38,263,-13.0,101.0,-0.05,109.33,6.0
07:40:06,108.0,71.0,109.61,56.0,107.0,80.0,114.41,41.0,108.8,1.6099999999999994,151.0,97.0,3.4296749117121426,108.0,109.61,248,54.0,-15.0,0.22,108.73,11.0
07:40:07,107.06,51.0,108.96,48.0,106.58,26.0,200.2,44.0,108.01,1.8999999999999917,77.0,92.0,3.3698709174133703,107.06,108.96,169,-15.0,-79.0,-0.09,108.0,3.0
07:40:08,107.0,36.0,118.67,36.0,106.0,12.0,151.8,40.0,112.83,11.670000000000002,48.0,76.0,2.5577626942366423,107.0,118.67,124,-28.0,-45.0,-0.23,107.0,3.0
07:40:09,81.4,30.0,205.46,39.0,52.32,47.0,271.45,31.0,143.43,124.06,77.0,70.0,15.037266373913392,81.4,205.46,147,7.0,23.0,0.05,106.5,2.0
07:40:10,92.72,85.0,208.56,27.0,67.42,86.0,330.3,30.0,150.64,115.84,171.0,57.0,20.59096088093081,92.72,208.56,228,114.0,81.0,0.5,107.0,3.0
07:40:11,99.17,36.0,243.0,18.0,77.44,41.0,272.33,9.0,171.08,143.82999999999998,77.0,27.0,26.52005788078183,99.17,243.0,104,50.0,-124.0,0.48,107.0,
07:40:14,92.0,7.0,382.4,10.0,89.73,95.0,642.0,12.0,237.2,290.4,102.0,22.0,50.687582009798106,92.0,382.4,124,80.0,-166.5,0.65,100.0,3.0
07:40:16,114.11,61.0,329.44,18.0,105.0,108.0,450.23,13.0,221.78,215.33,169.0,31.0,74.01919163298122,114.11,329.44,200,138.0,114.0,0.69,106.4,5.0
07:40:17,116.0,49.0,188.43,7.0,108.87,69.0,292.33,12.0,152.21,72.43,118.0,19.0,75.85312419406334,116.0,188.43,137,99.0,-63.0,0.72,106.4,
07:40:18,116.0,72.0,187.18,11.0,112.0,121.0,374.82,22.0,151.59,71.18,193.0,33.0,58.96313568663046,116.0,187.18,226,160.0,89.0,0.71,116.0,1.0
07:40:19,116.0,84.0,186.21,14.0,112.0,154.0,375.77,26.0,151.11,70.21000000000001,238.0,40.0,61.68815996607454,116.0,186.21,278,198.0,52.0,0.71,116.0,
07:40:20,116.0,40.0,185.12,8.0,112.0,88.0,370.5,8.0,150.56,69.12,128.0,16.0,31.495292505388992,116.0,185.12,144,112.0,-134.0,0.78,116.0,2.0
07:40:21,116.0,56.0,151.43,7.0,112.0,77.0,259.0,7.0,133.71,35.43000000000001,133.0,14.0,7.92003030297353,116.0,151.43,147,119.0,3.0,0.81,116.0,4.0
07:40:22,116.0,56.0,171.87,30.0,112.0,154.0,187.25,20.0,143.93,55.870000000000005,210.0,50.0,7.637421030689586,116.0,171.87,260,160.0,113.0,0.62,116.0,
07:40:23,116.0,42.0,172.31,13.0,112.0,143.0,329.0,13.0,144.15,56.31,185.0,26.0,7.019666658753827,116.0,172.31,211,159.0,-49.0,0.75,116.0,2.0
07:40:24,113.43,28.0,170.0,7.0,111.55,71.0,329.0,7.0,141.71,56.56999999999999,99.0,14.0,6.064908902862494,113.43,170.0,113,85.0,-98.0,0.75,114.0,4.0
07:40:25,112.21,57.0,169.22,9.0,110.95,76.0,467.35,17.0,140.72,57.010000000000005,133.0,26.0,4.245948657252169,112.21,169.22,159,107.0,46.0,0.67,114.0,
07:40:26,113.25,24.0,167.62,8.0,112.0,72.0,482.67,12.0,140.44,54.370000000000005,96.0,20.0,1.755206540558973,113.25,167.62,116,76.0,-43.0,0.66,114.0,
07:40:27,114.91,33.0,165.33,12.0,112.38,78.0,517.75,16.0,140.12,50.420000000000016,111.0,28.0,1.6337900722006231,114.91,165.33,139,83.0,23.0,0.6,115.0,2.0
07:40:28,115.0,15.0,165.0,5.0,112.0,45.0,490.71,7.0,140.0,50.0,60.0,12.0,0.6823635394873083,115.0,165.0,72,48.0,-67.0,0.67,115.0,
07:40:29,115.0,29.0,140.48,29.0,112.0,99.0,180.65,23.0,127.74,25.47999999999999,128.0,52.0,5.632981448577895,115.0,140.48,180,76.0,108.0,0.42,115.0,1.0
07:40:30,115.0,12.0,125.0,33.0,111.5,96.0,149.35,23.0,120.0,10.0,108.0,56.0,9.347962344812062,115.0,125.0,164,52.0,-16.0,0.32,115.0,1.0
07:40:31,111.7,23.0,122.33,9.0,110.07,30.0,125.21,19.0,117.01,10.629999999999995,53.0,28.0,10.85125246227484,111.7,122.33,81,25.0,-83.0,0.31,115.67,3.0
07:40:32,110.57,56.0,121.67,9.0,109.46,35.0,123.0,27.0,116.12,11.100000000000009,91.0,36.0,9.959803210908705,110.57,121.67,127,55.0,46.0,0.43,115.67,
07:40:33,112.0,94.0,118.91,22.0,111.0,10.0,121.0,18.0,115.45,6.909999999999997,104.0,40.0,5.047180400979246,112.0,118.91,144,64.0,17.0,0.44,115.67,
07:40:34,112.0,114.0,115.21,34.0,111.0,12.0,117.88,16.0,113.6,3.2099999999999937,126.0,50.0,2.3530044623905986,112.0,115.21,176,76.0,32.0,0.43,112.0,3.0
07:40:35,110.48,42.0,118.6,30.0,108.85,13.0,158.86,14.0,114.54,8.11999999999999,55.0,44.0,1.3301240543763102,110.48,118.6,99,11.0,-77.0,0.11,111.36,11.0
07:40:36,109.58,38.0,116.14,21.0,108.06,17.0,131.0,15.0,112.86,6.560000000000002,55.0,36.0,1.3254357774071015,109.58,116.14,91,19.0,-8.0,0.21,111.36,
07:40:37,110.0,26.0,114.8,15.0,109.0,15.0,561.0,5.0,112.4,4.799999999999997,41.0,20.0,1.2398790263695134,110.0,114.8,61,21.0,-30.0,0.34,110.0,2.0
07:40:38,110.0,8.0,112.5,6.0,109.0,6.0,561.0,2.0,111.25,2.5,14.0,8.0,1.239879026369626,110.0,112.5,22,6.0,-39.0,0.27,110.0,
07:40:39,110.0,24.0,111.83,18.0,109.0,18.0,491.69,16.0,110.92,1.8299999999999983,42.0,34.0,1.4408261519112828,110.0,111.83,76,8.0,54.0,0.11,110.0,
07:40:40,109.38,13.0,385.0,15.0,108.08,13.0,658.47,17.0,247.19,275.62,26.0,32.0,60.52779468971279,109.38,385.0,58,-6.0,-18.0,-0.1,109.38,8.0
07:40:41,114.4,15.0,425.0,15.0,107.56,9.0,755.0,5.0,269.7,310.6,24.0,20.0,80.86675565397695,114.4,425.0,44,4.0,-14.0,0.09,109.38,
07:40:42,116.0,60.0,155.7,30.0,109.0,45.0,204.5,36.0,135.85,39.69999999999999,105.0,66.0,77.26984515320328,116.0,155.7,171,39.0,127.0,0.23,109.38,
07:40:43,116.0,66.0,124.73,33.0,109.41,29.0,157.4,15.0,120.36,8.730000000000004,95.0,48.0,75.47799765494585,116.0,124.73,143,47.0,-28.0,0.33,109.38,
07:40:44,116.0,30.0,122.6,15.0,110.0,29.0,135.0,5.0,119.3,6.599999999999994,59.0,20.0,73.7219034615901,116.0,122.6,79,39.0,-64.0,0.49,109.38,
07:40:45,116.0,49.0,119.83,36.0,110.0,84.0,285.33,30.0,117.92,3.8299999999999983,133.0,66.0,65.84827089605331,116.0,119.83,199,67.0,120.0,0.34,116.0,3.0
07:40:46,116.0,29.0,118.5,24.0,110.0,56.0,452.38,16.0,117.25,2.5,85.0,40.0,7.7607750901590435,116.0,118.5,125,45.0,-74.0,0.36,116.0,1.0
07:40:47,114.22,18.0,117.86,21.0,110.16,25.0,272.0,21.0,116.04,3.640000000000001,43.0,42.0,1.6969619913347154,114.22,117.86,85,1.0,-40.0,0.01,112.86,7.0
07:40:48,110.17,24.0,117.0,27.0,109.52,21.0,223.46,13.0,113.58,6.829999999999998,45.0,40.0,2.159356385600862,110.17,117.0,85,5.0,0.0,0.06,112.86,
07:40:49,111.0,10.0,114.38,26.0,110.0,40.0,115.75,24.0,112.69,3.3799999999999955,50.0,50.0,2.279962719001285,111.0,114.38,100,0.0,15.0,0.0,112.86,
07:40:50,111.0,7.0,112.43,14.0,110.0,28.0,114.0,21.0,111.71,1.4300000000000068,35.0,35.0,2.3204590063253003,111.0,112.43,70,0.0,-30.0,0.0,112.86,
07:40:51,110.09,35.0,112.0,14.0,109.29,28.0,114.0,33.0,111.04,1.9099999999999968,63.0,47.0,1.9480169403874912,110.09,112.0,110,16.0,40.0,0.15,112.0,1.0
07:40:52,110.0,28.0,111.0,7.0,108.0,7.0,231.13,23.0,110.5,1.0,35.0,30.0,1.2431934684662027,110.0,111.0,65,5.0,-45.0,0.08,112.0,
07:40:55,107.67,6.0,215.77,26.0,106.4,10.0,532.77,22.0,161.72,108.1,16.0,48.0,98.60846018471238,107.67,215.77,64,-32.0,24.0,-0.5,108.0,1.0
07:40:56,107.95,19.0,330.39,31.0,91.36,14.0,588.0,25.0,219.17,222.44,33.0,56.0,85.76153432629339,107.95,330.39,89,-23.0,25.0,-0.26,110.75,4.0
07:40:57,93.94,31.0,337.89,45.0,89.0,34.0,576.56,32.0,215.91,243.95,65.0,77.0,61.80964851865762,93.94,337.89,142,-12.0,53.0,-0.08,106.0,3.0
07:40:58,112.0,30.0,364.8,50.0,107.1,120.0,531.0,45.0,238.4,252.8,150.0,95.0,52.90668171412754,112.0,364.8,245,55.0,103.0,0.22,106.0,
07:40:59,112.0,24.0,256.0,28.0,109.14,56.0,432.25,40.0,184.0,144.0,80.0,68.0,30.589244024656857,112.0,256.0,148,12.0,-97.0,0.08,106.0,
07:41:00,109.23,125.0,338.87,62.0,108.06,93.0,495.45,66.0,224.05,229.64,218.0,128.0,20.00094572764002,109.23,338.87,346,90.0,165.5,0.26,110.0,1.0
07:41:01,112.12,68.0,311.41,37.0,109.64,66.0,532.06,49.0,211.76,199.29,134.0,86.0,20.010205646119733,112.12,311.41,220,48.0,-126.0,0.22,110.0,
07:41:02,116.0,47.0,303.73,33.0,115.0,33.0,544.14,35.0,209.86,187.73,80.0,68.0,20.110785166173955,116.0,303.73,148,12.0,-72.0,0.08,116.0,1.0
07:41:03,116.0,30.0,249.14,21.0,115.0,24.0,486.21,28.0,182.57,133.14,54.0,49.0,18.328673438086167,116.0,249.14,103,5.0,-45.0,0.05,116.0,1.0
07:41:04,116.0,48.0,167.71,41.0,115.0,48.0,243.81,48.0,141.85,51.71000000000001,96.0,89.0,32.86421108135729,116.0,167.71,185,7.0,82.0,0.04,116.0,
07:41:05,116.0,24.0,278.91,22.0,115.0,24.0,321.64,22.0,197.45,162.91000000000005,48.0,44.0,28.67303210335469,116.0,278.91,92,4.0,-93.0,0.04,116.0,
07:41:06,115.3,30.0,262.64,42.0,109.58,93.0,269.5,24.0,188.97,147.33999999999995,123.0,66.0,25.75321533323576,115.3,262.64,189,57.0,97.0,0.3,116.0,
07:41:07,115.0,40.0,239.43,42.0,109.0,168.0,255.6,50.0,177.21,124.43,208.0,92.0,21.367114919895265,115.0,239.43,300,116.0,111.0,0.39,115.0,2.0
07:41:08,110.5,64.0,198.0,42.0,108.91,132.0,229.4,35.0,154.25,87.5,196.0,77.0,23.38214019289107,110.5,198.0,273,119.0,-27.0,0.44,115.0,
07:41:09,115.0,39.0,180.63,43.0,109.0,156.0,186.13,47.0,147.81,65.63,195.0,90.0,21.54397177866727,115.0,180.63,285,105.0,12.0,0.37,115.0,
07:41:10,115.9,29.0,162.93,42.0,113.59,51.0,164.22,50.0,139.41,47.03,80.0,92.0,20.792710261050978,115.9,162.93,172,-12.0,-113.0,-0.07,115.0,
07:41:11,115.7,20.0,160.11,27.0,113.89,27.0,161.22,27.0,137.91,44.41000000000001,47.0,54.0,15.91283507109958,115.7,160.11,101,-7.0,-71.0,-0.07,116.0,2.0
07:41:12,115.0,21.0,159.29,21.0,110.0,21.0,161.0,21.0,137.14,44.28999999999999,42.0,42.0,7.456076716344731,115.0,159.29,84,0.0,-17.0,0.0,116.0,
07:41:13,115.0,21.0,159.0,27.0,110.0,27.0,161.0,27.0,137.0,44.0,48.0,54.0,4.549321927498489,115.0,159.0,102,-6.0,18.0,-0.06,115.0,1.0
07:41:14,115.0,28.0,158.68,56.0,111.38,58.0,159.96,50.0,136.84,43.68000000000001,86.0,106.0,1.0610607899733904,115.0,158.68,192,-20.0,90.0,-0.1,115.0,
07:41:15,115.0,20.0,155.9,30.0,112.0,50.0,157.4,30.0,135.45,40.900000000000006,70.0,60.0,0.8928437713391607,115.0,155.9,130,10.0,-62.0,0.08,113.5,4.0
07:41:16,112.0,33.0,155.0,33.0,110.0,121.0,157.0,33.0,133.5,43.0,154.0,66.0,1.5456972536752829,112.0,155.0,220,88.0,90.0,0.4,113.5,
07:41:17,112.35,23.0,147.15,39.0,110.05,124.0,156.25,36.0,129.75,34.80000000000001,147.0,75.0,3.007917884520727,112.35,147.15,222,72.0,2.0,0.32,114.0,4.0
07:41:18,112.0,28.0,155.25,36.0,110.0,132.0,214.26,35.0,133.62,43.25,160.0,71.0,2.668514568073368,112.0,155.25,231,89.0,9.0,0.39,112.0,2.0
07:41:19,112.0,22.0,154.53,17.0,110.0,121.0,172.8,30.0,133.26,42.53,143.0,47.0,2.073627256770109,112.0,154.53,190,96.0,-41.0,0.51,112.0,
07:41:20,110.63,63.0,145.36,22.0,109.87,127.0,154.68,41.0,128.0,34.73000000000002,190.0,63.0,2.589648624817697,110.63,145.36,253,127.0,63.0,0.5,112.33,3.0
07:41:21,110.0,102.0,111.0,48.0,109.0,72.0,152.62,16.0,110.5,1.0,174.0,64.0,9.537047761232037,110.0,111.0,238,110.0,-15.0,0.46,110.0,3.0
07:41:22,110.0,54.0,111.0,36.0,109.0,54.0,264.25,12.0,110.5,1.0,108.0,48.0,11.783432437113628,110.0,111.0,156,60.0,-82.0,0.38,110.0,5.0
07:41:23,109.11,47.0,111.0,36.0,108.36,33.0,480.89,27.0,110.05,1.8900000000000008,80.0,63.0,11.263912286591298,109.11,111.0,143,17.0,-13.0,0.12,110.0,3.0
07:41:24,109.0,42.0,160.29,28.0,108.0,21.0,376.63,19.0,134.64,51.28999999999999,63.0,47.0,11.72464157234763,109.0,160.29,110,16.0,-33.0,0.15,110.0,
07:41:25,108.81,47.0,209.74,35.0,107.48,69.0,345.62,32.0,159.28,100.93,116.0,67.0,21.86349880508656,108.81,209.74,183,49.0,73.0,0.27,110.5,4.0
07:41:26,109.97,36.0,220.81,31.0,108.53,40.0,514.42,48.0,165.39,110.84,76.0,79.0,26.13057921286897,109.97,220.81,155,-3.0,-28.0,-0.02,110.5,
07:41:27,110.0,35.0,203.47,17.0,109.0,11.0,330.05,22.0,156.74,93.47,46.0,39.0,22.836857270649556,110.0,203.47,85,7.0,-70.0,0.08,110.5,
07:41:28,110.0,28.0,222.0,14.0,109.0,7.0,401.0,7.0,166.0,112.0,35.0,21.0,12.7953819794494,110.0,222.0,56,14.0,-29.0,0.25,110.5,
07:41:29,110.0,26.0,222.0,16.0,109.0,8.0,291.83,18.0,166.0,112.0,34.0,34.0,4.365560674188132,110.0,222.0,68,0.0,12.0,0.0,110.0,1.0
07:41:30,110.0,39.0,221.85,26.0,109.0,13.0,255.22,49.0,165.92,111.85,52.0,75.0,4.072026522509137,110.0,221.85,127,-23.0,59.0,-0.18,110.0,
07:41:31,110.0,24.0,189.91,22.0,109.0,8.0,225.0,20.0,149.95,79.91,32.0,42.0,7.32164735561732,110.0,189.91,74,-10.0,-53.0,-0.14,110.0,
07:41:32,110.0,26.0,197.8,20.0,109.0,9.0,311.12,16.0,153.9,87.80000000000001,35.0,36.0,7.8203631629239645,110.0,197.8,71,-1.0,-3.0,-0.01,110.0,1.0
07:41:33,110.33,15.0,194.11,36.0,109.67,15.0,204.33,18.0,152.22,83.78000000000002,30.0,54.0,7.761109456773447,110.33,194.11,84,-24.0,13.0,-0.29,110.0,
07:41:34,110.62,26.0,188.57,28.0,109.46,13.0,194.43,28.0,149.59,77.94999999999999,39.0,56.0,6.7196748433252536,110.62,188.57,95,-17.0,11.0,-0.18,110.0,
07:41:35,112.71,56.0,154.43,44.0,110.0,30.0,166.59,27.0,133.57,41.72000000000001,86.0,71.0,8.170913657603938,112.71,154.43,157,15.0,62.0,0.1,113.0,2.0
07:41:36,113.67,24.0,151.68,41.0,110.0,24.0,152.7,43.0,132.67,38.010000000000005,48.0,84.0,10.406966416781527,113.67,151.68,132,-36.0,-25.0,-0.27,113.0,
07:41:37,114.18,11.0,131.78,27.0,110.0,22.0,147.69,29.0,122.98,17.599999999999994,33.0,56.0,12.348669159063997,114.18,131.78,89,-23.0,-43.0,-0.26,114.0,1.0
07:41:38,115.0,11.0,122.0,33.0,110.75,16.0,152.0,44.0,118.5,7.0,27.0,77.0,11.984209193769033,115.0,122.0,104,-50.0,15.0,-0.48,114.0,
07:41:39,112.92,13.0,120.24,33.0,110.36,22.0,130.7,40.0,116.58,7.319999999999993,35.0,73.0,7.896242777423824,112.92,120.24,108,-38.0,4.0,-0.35,115.0,1.0
07:41:40,112.48,33.0,120.3,67.0,110.21,38.0,138.84,68.0,116.39,7.819999999999993,71.0,135.0,6.823652247881466,112.48,120.3,206,-64.0,98.0,-0.31,115.67,9.0
07:41:41,116.0,11.0,223.86,21.0,112.0,18.0,452.63,27.0,169.93,107.86,29.0,48.0,23.102742910745864,116.0,223.86,77,-19.0,-129.0,-0.25,116.0,1.0
07:41:42,113.27,11.0,289.73,26.0,110.0,14.0,516.64,22.0,201.5,176.46000000000004,25.0,48.0,39.183387423754205,113.27,289.73,73,-23.0,-4.0,-0.32,112.14,7.0
07:41:43,108.87,23.0,294.32,53.0,107.66,59.0,500.14,29.0,201.6,185.45,82.0,82.0,42.81163218098581,108.87,294.32,164,0.0,91.0,0.0,112.14,
07:41:44,108.74,68.0,201.87,54.0,107.4,75.0,312.82,22.0,155.3,93.13,143.0,76.0,35.620785083993034,108.74,201.87,219,67.0,55.0,0.31,112.14,
07:41:45,112.0,26.0,167.0,45.0,108.0,54.0,299.71,21.0,139.5,55.0,80.0,66.0,27.719907647754187,112.0,167.0,146,14.0,-73.0,0.1,112.0,1.0
07:41:46,112.0,30.0,165.51,35.0,109.62,64.0,180.32,57.0,138.76,53.50999999999999,94.0,92.0,31.92763881028506,112.0,165.51,186,2.0,40.0,0.01,112.0,
07:41:47,112.89,18.0,161.33,33.0,110.25,32.0,165.14,21.0,137.11,48.44000000000001,50.0,54.0,27.35963779000043,112.89,161.33,104,-4.0,-82.0,-0.04,112.0,
07:41:48,116.0,18.0,159.93,27.0,112.0,14.0,161.0,15.0,137.96,43.93000000000001,32.0,42.0,7.640286643838628,116.0,159.93000000000004,74,-10.0,-30.0,-0.14,112.0,
07:41:49,116.0,75.0,156.68,41.0,112.0,26.0,158.19,37.0,136.34,40.68000000000001,101.0,78.0,1.2604681669992774,116.0,156.68,179,23.0,105.0,0.13,116.0,1.0
07:41:50,116.0,80.0,153.12,48.0,112.0,32.0,154.73,48.0,134.56,37.120000000000005,112.0,96.0,1.612910412892929,116.0,153.12,208,16.0,29.0,0.08,116.0,
07:41:51,116.0,50.0,138.46,24.0,112.0,20.0,152.24,42.0,127.23,22.460000000000008,70.0,66.0,4.328042282605174,116.0,138.46,136,4.0,-72.0,0.03,116.0,
07:41:52,116.0,71.0,139.89,75.0,112.0,38.0,151.03,67.0,127.95,23.889999999999983,109.0,142.0,4.919397320812581,116.0,139.89,251,-33.0,115.0,-0.13,116.0,2.0
07:41:53,116.0,48.0,146.44,64.0,112.0,32.0,148.75,32.0,131.22,30.44,80.0,96.0,3.9904573672723096,116.0,146.44,176,-16.0,-75.0,-0.09,116.0,
07:41:54,114.92,37.0,142.86,70.0,110.95,38.0,145.0,14.0,128.89,27.94000000000001,75.0,84.0,2.974264614996065,114.92,142.86,159,-9.0,-17.0,-0.06,116.0,3.0
07:41:55,112.16,19.0,140.74,31.0,110.32,38.0,142.14,35.0,126.45,28.580000000000013,57.0,66.0,1.84071181884008,112.16,140.74,123,-9.0,-36.0,-0.07,116.0,
07:41:56,113.0,11.0,138.28,43.0,112.0,22.0,138.7,23.0,125.64,25.28,33.0,66.0,2.186927067832284,113.0,138.28,99,-33.0,-24.0,-0.33,116.0,
07:41:57,110.6,50.0,133.24,33.0,110.37,38.0,135.38,53.0,121.92,22.64000000000001,88.0,86.0,3.5065695487209902,110.6,133.24,174,2.0,75.0,0.01,113.0,3.0
07:41:58,110.0,80.0,125.05,19.0,109.0,20.0,129.89,18.0,117.53,15.049999999999995,100.0,37.0,4.437187172073871,110.0,125.05,137,63.0,-37.0,0.46,113.0,
07:41:59,110.3,46.0,125.0,22.0,109.88,64.0,133.0,55.0,117.65,14.700000000000005,110.0,77.0,4.23764911242267,110.3,125.0,187,33.0,50.0,0.18,113.0,
07:42:00,110.0,62.0,123.34,50.0,109.0,32.0,127.27,77.0,116.67,13.340000000000003,94.0,127.0,3.812436228977006,110.0,123.34,221,-33.0,34.0,-0.15,110.0,6.0
07:42:01,111.63,38.0,120.05,37.0,109.68,25.0,121.57,61.0,115.84,8.420000000000002,63.0,98.0,2.351269869669628,111.63,120.04999999999998,161,-35.0,-60.0,-0.22,111.6,5.0
07:42:02,110.1,29.0,119.74,58.0,108.42,43.0,122.79,70.0,114.92,9.64,72.0,128.0,1.1556253718295149,110.1,119.74,200,-56.0,39.0,-0.28,113.0,2.0
07:42:03,110.05,38.0,115.88,40.0,108.06,64.0,117.6,20.0,112.96,5.829999999999998,102.0,60.0,1.791415641333978,110.05,115.88,162,42.0,-38.0,0.26,115.62,8.0
