Time,Bid1_Price,Bid1_Volume,Ask1_Price,Ask1_Volume,Bid2_Price,Bid2_Volume,Ask2_Price,Ask2_Volume,Bid_Ask_Spread,Market_Depth_Bid,Market_Depth_Ask,Historical_Volatility,Weighted_Avg_Bid_Price,Weighted_Avg_Ask_Price,Total_volume,Cumulative_Volume_Difference,Total_Volume_Change_Corrected,Order_imbalance,Weighted_Avg_Price,Trade_Volume
07:30:05,147.67,24.0,263.5,24.0,147.0,20.0,757.0,30.0,115.83,44.0,54.0,74.6794729493989,147.67,263.5,98,-10.0,80.0,-0.1,,
07:30:06,148.28,29.0,189.39,23.0,147.29,21.0,372.41,22.0,41.10999999999999,50.0,45.0,34.74959640053393,148.28,189.39,95,5.0,-3.0,0.05,,
07:30:08,149.0,55.0,422.52,29.0,148.0,21.0,547.12,34.0,273.52,76.0,63.0,76.60080789391193,149.0,422.52,139,13.0,21.0,0.09,,
07:30:09,149.29,56.0,210.64,45.0,148.82,66.0,368.57,28.0,61.35,122.0,73.0,63.067946296038535,149.29,210.64,195,49.0,56.0,0.25,149.0,2.0
07:30:10,152.66,29.0,248.0,30.0,150.05,19.0,309.0,6.0,95.34,48.0,36.0,63.6065216782053,152.66000000000005,248.0,84,12.0,-111.0,0.14,153.0,3.0
07:30:11,153.89,28.0,247.61,38.0,151.0,24.0,265.25,24.0,93.72000000000004,52.0,62.0,57.43266039458734,153.89,247.61,114,-10.0,30.0,-0.09,154.0,1.0
07:30:12,151.0,15.0,229.0,20.0,150.0,9.0,245.0,4.0,78.0,24.0,24.0,42.459317823064495,151.0,229.0,48,0.0,-66.0,0.0,150.56,9.0
07:30:13,149.0,32.0,218.92,13.0,148.0,24.0,235.52,21.0,69.91999999999999,56.0,34.0,9.411879195995036,149.0,218.92,90,22.0,42.0,0.24,150.56,
07:30:14,149.0,44.0,185.62,21.0,148.0,33.0,186.92,26.0,36.620000000000005,77.0,47.0,13.801128577040512,149.0,185.62,124,30.0,34.0,0.24,150.56,
07:30:15,149.0,32.0,182.5,8.0,148.0,24.0,185.0,16.0,33.5,56.0,24.0,14.985560716903608,149.0,182.5,80,32.0,-44.0,0.4,150.56,
07:30:16,149.0,44.0,179.08,25.0,148.0,33.0,179.97,29.0,30.080000000000013,77.0,54.0,11.905850242633049,149.0,179.08,131,23.0,51.0,0.18,150.56,
07:30:17,149.0,84.0,164.24,33.0,148.0,36.0,172.97,39.0,15.240000000000007,120.0,72.0,10.054473133884535,149.0,164.24,192,48.0,61.0,0.25,150.56,
07:30:18,148.71,63.0,150.66,41.0,147.41,51.0,152.57,28.0,1.9499999999999889,114.0,69.0,7.38605239624025,148.71,150.66,183,45.0,-9.0,0.25,149.0,7.0
07:30:19,148.0,18.0,157.31,13.0,147.0,30.0,227.9,21.0,9.310000000000002,48.0,34.0,6.99668850242788,148.0,157.31,82,14.0,-101.0,0.17,150.83,6.0
07:30:20,148.0,18.0,152.33,18.0,147.0,30.0,155.6,10.0,4.3300000000000125,48.0,28.0,5.931351448026555,148.0,152.33,76,20.0,-6.0,0.26,150.83,
07:30:21,149.0,40.0,151.59,29.0,148.0,30.0,152.62,24.0,2.5900000000000034,70.0,53.0,2.8856853605351502,149.0,151.58999999999995,123,17.0,47.0,0.14,150.0,6.0
07:30:22,147.84,25.0,151.29,56.0,146.85,60.0,154.27,49.0,3.4499999999999886,85.0,105.0,1.256113052239692,147.84,151.29,190,-20.0,67.0,-0.11,148.4,5.0
07:30:23,147.67,90.0,149.18,44.0,145.74,43.0,152.49,43.0,1.510000000000019,133.0,87.0,1.5482151013366776,147.67,149.18,220,46.0,30.0,0.21,148.4,
07:30:24,148.21,112.0,152.36,50.0,147.0,65.0,212.95,43.0,4.150000000000006,177.0,93.0,0.8007059385360815,148.21,152.36,270,84.0,50.0,0.31,148.0,4.0
07:30:25,149.34,29.0,152.0,32.0,148.45,55.0,159.0,24.0,2.6599999999999966,84.0,56.0,0.8928213707158577,149.33999999999995,152.0,140,28.0,-130.0,0.2,148.0,
07:30:26,149.89,72.0,152.0,36.0,147.0,45.0,157.0,24.0,2.1100000000000136,117.0,60.0,1.0128820266975531,149.89,152.0,177,57.0,37.0,0.32,148.0,
07:30:27,148.45,58.0,152.87,30.0,147.06,62.0,156.8,41.0,4.420000000000016,120.0,71.0,1.019377260883794,148.45,152.87,191,49.0,14.0,0.26,152.0,4.0
07:30:28,150.88,51.0,153.0,28.0,148.32,53.0,157.0,42.0,2.1200000000000045,104.0,70.0,0.6256596518930645,150.88,153.0,174,34.0,-17.0,0.2,151.4,5.0
07:30:29,149.0,32.0,153.0,20.0,147.14,65.0,156.56,27.0,4.0,97.0,47.0,0.5250904684023074,149.0,153.0,144,50.0,-30.0,0.35,151.4,
07:30:30,149.0,35.0,153.0,14.0,147.0,56.0,155.0,14.0,4.0,91.0,28.0,0.485921804416057,149.0,153.0,119,63.0,-25.0,0.53,151.4,
07:30:31,149.0,45.0,153.0,18.0,147.0,72.0,155.0,18.0,4.0,117.0,36.0,0.4814561246956541,149.0,153.0,153,81.0,34.0,0.53,151.4,
07:30:32,149.0,60.0,152.1,30.0,147.0,96.0,154.0,24.0,3.0999999999999943,156.0,54.0,0.5094310552046742,149.0,152.1,210,102.0,57.0,0.49,151.4,
07:30:33,149.0,25.0,153.04,23.0,147.0,88.0,155.65,40.0,4.039999999999992,113.0,63.0,0.2036663939066209,149.0,153.04,176,50.0,-34.0,0.28,149.0,3.0
07:30:34,149.43,28.0,154.0,28.0,147.32,74.0,156.0,70.0,4.569999999999993,102.0,98.0,0.4157282766506799,149.43,154.0,200,4.0,24.0,0.02,149.0,
07:30:35,149.0,10.0,154.0,10.0,148.0,15.0,156.0,25.0,5.0,25.0,35.0,0.4569792117886292,149.0,154.0,60,-10.0,-140.0,-0.17,149.0,
07:30:36,149.0,14.0,154.0,14.0,148.0,21.0,156.0,35.0,5.0,35.0,49.0,0.4688603203588143,149.0,154.0,84,-14.0,24.0,-0.17,149.0,
07:30:37,148.57,28.0,154.0,24.0,147.55,44.0,156.0,60.0,5.430000000000007,72.0,84.0,0.2610172408232785,148.57,154.0,156,-12.0,72.0,-0.08,149.0,2.0
07:30:38,148.0,18.0,154.0,12.0,147.0,30.0,156.0,30.0,6.0,48.0,42.0,0.2684213106424238,148.0,154.0,90,6.0,-66.0,0.07,149.0,
07:30:39,148.0,16.0,154.0,28.0,147.0,30.0,156.0,30.0,6.0,46.0,58.0,0.2506391829043655,148.0,154.0,104,-12.0,14.0,-0.12,148.0,1.0
07:30:40,148.0,16.0,153.91,22.0,147.0,40.0,155.94,36.0,5.909999999999997,56.0,58.0,0.2382645588562169,148.0,153.91,114,-2.0,10.0,-0.02,154.0,1.0
07:30:41,148.83,24.0,152.78,18.0,147.38,26.0,155.65,23.0,3.9499999999999886,50.0,41.0,0.1747855829492705,148.83,152.78,91,9.0,-23.0,0.1,154.0,
07:30:42,147.83,87.0,151.67,30.0,145.47,76.0,153.87,15.0,3.839999999999975,163.0,45.0,0.5378382656587831,147.83,151.67,208,118.0,117.0,0.57,149.33,6.0
07:30:43,149.0,56.0,151.33,21.0,147.0,112.0,154.83,42.0,2.3300000000000125,168.0,63.0,0.5507994190327485,149.0,151.33,231,105.0,23.0,0.45,149.0,2.0
07:30:44,150.45,33.0,154.0,11.0,147.0,88.0,155.0,55.0,3.550000000000012,121.0,66.0,0.9440974526005516,150.45,154.0,187,55.0,-44.0,0.29,149.0,
07:30:45,151.54,39.0,154.0,35.0,147.0,81.0,155.0,43.0,2.460000000000008,120.0,78.0,1.306399632580678,151.54,154.0,198,42.0,11.0,0.21,149.0,
07:30:46,152.67,27.0,154.0,27.0,147.0,90.0,155.0,27.0,1.3300000000000125,117.0,54.0,1.597936168940124,152.66999999999996,154.0,171,63.0,-27.0,0.37,149.0,
07:30:47,148.0,48.0,154.0,16.0,146.5,48.0,155.0,24.0,6.0,96.0,40.0,1.2955307792588695,148.0,154.0,136,56.0,-35.0,0.41,153.67,3.0
07:30:48,147.0,40.0,154.0,4.0,145.0,8.0,155.0,12.0,7.0,48.0,16.0,1.1894242304607283,147.0,154.0,64,32.0,-72.0,0.5,153.67,
07:30:49,147.0,90.0,154.0,9.0,145.0,18.0,155.0,27.0,7.0,108.0,36.0,1.3360202094306228,147.0,154.0,144,72.0,80.0,0.5,153.67,
07:30:50,147.07,61.0,154.0,11.0,145.4,25.0,155.0,33.0,6.930000000000007,86.0,44.0,1.2249367330629668,147.07,154.0,130,42.0,-14.0,0.32,147.0,5.0
07:30:51,151.0,7.0,154.0,21.0,147.35,34.0,155.0,21.0,3.0,41.0,42.0,0.8617888372489715,151.0,154.0,83,-1.0,-47.0,-0.01,150.2,5.0
07:30:52,147.0,40.0,154.0,40.0,145.0,16.0,155.0,24.0,7.0,56.0,64.0,0.8911677732093556,147.0,154.0,120,-8.0,37.0,-0.07,150.2,
07:30:53,149.0,12.0,152.8,50.0,147.0,60.0,153.62,58.0,3.8000000000000114,72.0,108.0,0.8631222393189344,149.0,152.8,180,-36.0,60.0,-0.2,150.2,
07:30:54,148.44,18.0,151.29,52.0,146.91,67.0,152.67,60.0,2.8499999999999943,85.0,112.0,0.9886607102575264,148.44,151.29,197,-27.0,17.0,-0.14,149.0,1.0
07:30:55,147.0,66.0,148.25,65.0,144.0,28.0,149.73,55.0,1.25,94.0,120.0,1.7751675977233383,147.0,148.25,214,-26.0,17.0,-0.12,147.0,1.0
07:30:56,144.0,24.0,147.06,34.0,142.0,60.0,149.42,26.0,3.0600000000000023,84.0,60.0,2.2635657710803905,144.0,147.06,144,24.0,-70.0,0.17,147.5,8.0
07:30:57,144.0,14.0,146.0,15.0,142.0,35.0,147.0,7.0,2.0,49.0,22.0,2.594172315018171,144.0,146.0,71,27.0,-73.0,0.38,146.0,2.0
07:30:58,143.47,19.0,146.54,13.0,141.23,62.0,150.42,24.0,3.069999999999993,81.0,37.0,2.1193230051143024,143.47,146.54,118,44.0,47.0,0.37,144.0,2.0
07:30:59,142.96,92.0,150.15,39.0,139.89,91.0,151.59,34.0,7.189999999999998,183.0,73.0,1.1317376020998429,142.96,150.15,256,110.0,138.0,0.43,144.0,
07:31:00,145.46,118.0,149.12,25.0,144.29,63.0,150.57,35.0,3.6599999999999966,181.0,60.0,1.0129511340665405,145.46,149.12,241,121.0,-15.0,0.5,144.0,
07:31:01,148.56,87.0,150.5,22.0,146.47,102.0,152.55,22.0,1.9399999999999975,189.0,44.0,1.8788480513353767,148.56,150.5,233,145.0,-8.0,0.62,149.0,1.0
07:31:02,150.77,121.0,152.26,23.0,148.18,39.0,223.0,35.0,1.489999999999981,160.0,58.0,2.558163403695477,150.77,152.26,218,102.0,-15.0,0.47,151.22,9.0
07:31:03,149.0,8.0,153.29,14.0,147.95,43.0,183.43,21.0,4.289999999999992,51.0,35.0,2.226326570835216,149.0,153.29,86,16.0,-132.0,0.19,151.22,
07:31:04,149.0,6.0,152.0,6.0,148.0,6.0,154.0,18.0,3.0,12.0,24.0,1.6877884938602268,149.0,152.0,36,-12.0,-50.0,-0.33,151.22,
07:31:05,149.55,22.0,152.0,6.0,148.75,16.0,154.83,18.0,2.4499999999999886,38.0,24.0,0.7521635460503353,149.55,152.0,62,14.0,26.0,0.23,151.22,
07:31:06,149.94,34.0,154.14,14.0,148.89,27.0,221.33,18.0,4.199999999999989,61.0,32.0,0.6082515926876376,149.94,154.14,93,29.0,31.0,0.31,152.0,1.0
07:31:07,149.94,48.0,154.4,40.0,148.97,74.0,250.85,55.0,4.460000000000008,122.0,95.0,0.7496866011921568,149.94,154.4,217,27.0,124.0,0.12,152.0,
07:31:08,151.0,14.0,285.21,42.0,149.0,60.0,535.33,40.0,134.20999999999998,74.0,82.0,29.85627187041289,151.0,285.21,156,-8.0,-61.0,-0.05,151.0,2.0
07:31:09,151.3,10.0,154.31,35.0,149.0,60.0,191.4,50.0,3.009999999999991,70.0,85.0,29.5980134468516,151.3,154.31,155,-15.0,-1.0,-0.1,151.0,
07:31:10,150.88,16.0,153.6,35.0,148.98,61.0,155.37,51.0,2.719999999999999,77.0,86.0,29.42589386917597,150.88,153.6,163,-9.0,8.0,-0.06,152.0,1.0
07:31:11,149.0,30.0,154.2,10.0,148.0,5.0,156.0,25.0,5.199999999999989,35.0,35.0,29.476726921420703,149.0,154.2,70,0.0,-93.0,0.0,152.0,
07:31:12,149.0,30.0,154.0,10.0,148.0,5.0,156.0,25.0,5.0,35.0,35.0,29.55324973670422,149.0,154.0,70,0.0,0.0,0.0,152.0,
07:31:13,149.01,79.0,152.44,36.0,148.32,19.0,154.85,46.0,3.430000000000007,98.0,82.0,0.7883083153234227,149.01,152.44,180,16.0,110.0,0.09,150.0,1.0
07:31:14,149.0,84.0,151.23,53.0,148.0,14.0,154.17,52.0,2.2299999999999898,98.0,105.0,0.8267587314374487,149.0,151.23,203,-7.0,23.0,-0.03,150.0,
07:31:15,149.0,59.0,150.55,33.0,148.0,11.0,153.33,43.0,1.5500000000000114,70.0,76.0,0.814720811080745,149.0,150.55,146,-6.0,-57.0,-0.04,149.0,2.0
07:31:16,149.0,63.0,150.0,21.0,148.0,7.0,154.43,35.0,1.0,70.0,56.0,0.8030379816721598,149.0,150.0,126,14.0,-20.0,0.11,149.0,
07:31:17,150.14,70.0,308.3,30.0,148.89,56.0,339.64,22.0,158.16000000000005,126.0,52.0,35.41894450714204,150.14,308.3,178,74.0,52.0,0.42,151.88,8.0
07:31:19,151.24,50.0,386.16,32.0,149.18,132.0,442.17,24.0,234.92,182.0,56.0,51.60602561716999,151.24,386.16,238,126.0,89.0,0.53,153.0,3.0
07:31:20,151.0,52.0,231.46,39.0,149.0,130.0,423.92,13.0,80.46000000000001,182.0,52.0,44.35351530600485,151.0,231.46,234,130.0,-4.0,0.56,153.0,
07:31:21,151.0,56.0,229.53,34.0,149.0,140.0,251.63,30.0,78.53,196.0,64.0,33.20898974675389,151.0,229.53,260,132.0,26.0,0.51,153.0,
07:31:22,151.0,32.0,192.47,19.0,149.0,80.0,209.74,23.0,41.47,112.0,42.0,37.34056882266265,151.0,192.47,154,70.0,-106.0,0.45,153.0,
07:31:23,151.0,19.0,152.3,20.0,149.0,70.0,168.79,19.0,1.3000000000000114,89.0,39.0,44.40781834317023,151.0,152.3,128,50.0,-26.0,0.39,151.0,3.0
07:31:24,149.02,106.0,151.27,30.0,148.42,24.0,153.0,45.0,2.25,130.0,75.0,19.939346278150836,149.02,151.27,205,55.0,77.0,0.27,149.33,6.0
07:31:25,149.0,55.0,153.78,41.0,148.0,11.0,160.71,28.0,4.780000000000001,66.0,69.0,17.666938897273855,149.0,153.78,135,-3.0,-70.0,-0.02,149.33,
07:31:26,149.0,56.0,153.12,41.0,148.0,10.0,154.25,12.0,4.1200000000000045,66.0,53.0,9.265977012706658,149.0,153.12,119,13.0,-16.0,0.11,149.33,
07:31:27,149.0,80.0,152.6,40.0,148.0,10.0,154.0,12.0,3.5999999999999943,90.0,52.0,0.5825547184671924,149.0,152.6,142,38.0,23.0,0.27,149.33,
07:31:28,149.0,64.0,151.5,32.0,148.0,8.0,154.0,8.0,2.5,72.0,40.0,0.5310084745165711,149.0,151.5,112,32.0,-30.0,0.29,149.33,
07:31:29,149.0,64.0,150.17,48.0,148.0,32.0,154.0,12.0,1.1699999999999875,96.0,60.0,0.7136735948656201,149.0,150.17,156,36.0,44.0,0.23,149.0,8.0
07:31:30,147.5,24.0,153.62,21.0,146.83,72.0,154.95,41.0,6.1200000000000045,96.0,62.0,0.5708765190550789,147.5,153.62,158,34.0,2.0,0.22,147.25,4.0
07:31:31,147.0,40.0,151.35,31.0,144.0,10.0,153.2,25.0,4.349999999999994,50.0,56.0,0.6777757741380951,147.0,151.35,106,-6.0,-52.0,-0.06,147.25,
07:31:32,148.0,35.0,151.0,28.0,147.0,32.0,153.64,25.0,3.0,67.0,53.0,0.5705085450793337,148.0,151.0,120,14.0,14.0,0.12,147.25,
07:31:33,147.77,65.0,150.76,42.0,144.9,77.0,152.85,52.0,2.9899999999999807,142.0,94.0,0.5512893976928767,147.77,150.76,236,48.0,116.0,0.2,150.0,2.0
07:31:34,147.0,35.0,151.0,28.0,145.25,40.0,154.0,28.0,4.0,75.0,56.0,0.6182394358245047,147.0,151.0,131,19.0,-105.0,0.15,150.0,
07:31:35,147.32,44.0,150.0,40.0,146.4,50.0,153.8,25.0,2.680000000000007,94.0,65.0,0.3148332892320864,147.32,150.0,159,29.0,28.0,0.18,150.0,
07:31:36,148.89,76.0,150.52,29.0,147.5,40.0,153.62,24.0,1.630000000000024,116.0,53.0,0.413122257943905,148.89,150.52,169,63.0,10.0,0.37,149.75,4.0
07:31:37,149.9,30.0,153.0,11.0,147.52,31.0,154.0,33.0,3.0999999999999943,61.0,44.0,1.0937869993781135,149.9,153.0,105,17.0,-64.0,0.16,149.75,
07:31:38,149.93,27.0,153.33,27.0,147.41,44.0,160.62,26.0,3.4000000000000057,71.0,53.0,1.378277911021024,149.93,153.33000000000004,124,18.0,19.0,0.15,151.67,3.0
07:31:39,149.31,70.0,152.48,23.0,148.41,44.0,164.0,21.0,3.1699999999999875,114.0,44.0,1.2594244717363507,149.31,152.48,158,70.0,34.0,0.44,150.0,1.0
07:31:40,151.0,32.0,152.84,25.0,149.0,64.0,500.32,22.0,1.8400000000000036,96.0,47.0,0.872565183816204,151.0,152.84,143,49.0,-15.0,0.34,150.0,
07:31:41,151.0,32.0,152.0,29.0,149.0,64.0,153.0,24.0,1.0,96.0,53.0,0.372088699113691,151.0,152.0,149,43.0,6.0,0.29,152.0,1.0
07:31:42,151.0,19.0,152.85,39.0,149.0,104.0,219.26,31.0,1.8499999999999943,123.0,70.0,0.4190226724272721,151.0,152.85,193,53.0,44.0,0.27,151.0,3.0
07:31:43,151.0,8.0,153.0,24.0,149.0,70.0,444.0,24.0,2.0,78.0,48.0,0.4618657813781806,151.0,153.0,126,30.0,-67.0,0.24,151.0,
07:31:44,151.0,7.0,152.86,21.0,149.04,52.0,402.43,21.0,1.8600000000000136,59.0,42.0,0.2006987792888638,151.0,152.86,101,17.0,-25.0,0.17,152.0,3.0
07:31:45,151.0,8.0,153.0,24.0,149.01,71.0,277.0,24.0,2.0,79.0,48.0,0.2102379604354028,151.0,153.0,127,31.0,26.0,0.24,152.0,
07:31:46,151.0,9.0,152.56,27.0,149.0,90.0,269.22,27.0,1.5600000000000025,99.0,54.0,0.089888820261638,151.0,152.56,153,45.0,26.0,0.29,152.0,
07:31:47,149.0,90.0,152.16,19.0,148.0,63.0,176.78,27.0,3.1599999999999966,153.0,46.0,0.6092782615587651,149.0,152.16,199,107.0,46.0,0.54,151.0,1.0
07:31:48,149.0,90.0,151.33,18.0,148.0,63.0,156.0,27.0,2.3300000000000125,153.0,45.0,0.8532701799595221,149.0,151.33,198,108.0,-1.0,0.55,151.0,
07:31:49,149.0,100.0,151.0,20.0,148.0,70.0,156.0,30.0,2.0,170.0,50.0,0.925948162700395,149.0,151.0,220,120.0,22.0,0.55,151.0,
07:31:50,149.0,143.0,150.06,63.0,148.0,105.0,227.12,41.0,1.0600000000000025,248.0,104.0,0.8523320949068772,149.0,150.06,352,144.0,132.0,0.41,149.0,1.0
07:31:51,149.0,72.0,150.0,14.0,148.0,56.0,259.0,24.0,1.0,128.0,38.0,0.4545657268299529,149.0,150.0,166,90.0,-174.5,0.54,150.0,4.0
07:31:52,149.0,99.0,150.0,11.0,148.0,77.0,174.45,33.0,1.0,176.0,44.0,0.3208582241559023,149.0,150.0,220,132.0,54.0,0.6,150.0,
07:31:53,149.0,72.0,150.0,11.0,148.0,77.0,404.5,12.0,1.0,149.0,23.0,0.2206354459476159,149.0,150.0,172,126.0,-48.0,0.73,149.0,6.0
07:31:54,149.0,22.0,150.0,12.0,148.0,84.0,315.0,36.0,1.0,106.0,48.0,0.013416408182325,149.0,150.0,154,58.0,-18.0,0.38,149.0,
07:31:55,148.9,63.0,150.0,9.0,147.98,50.0,255.8,30.0,1.0999999999999943,113.0,39.0,0.0223606799654165,148.9,150.0,152,74.0,-2.0,0.49,148.5,2.0
07:31:56,149.0,46.0,150.0,8.0,148.0,48.0,155.0,40.0,1.0,94.0,48.0,0.0223606799654165,149.0,150.0,142,46.0,-10.0,0.32,149.0,3.0
07:31:57,149.0,65.0,150.0,37.0,148.0,78.0,155.0,77.0,1.0,143.0,114.0,0.0223606799654165,149.0,150.0,257,29.0,115.0,0.11,149.0,
07:31:58,149.0,45.0,150.0,21.0,148.0,54.0,155.0,81.0,1.0,99.0,102.0,0.0223606799654165,149.0,150.0,201,-3.0,-56.0,-0.01,150.0,1.0
07:31:59,149.0,45.0,150.0,18.0,148.0,54.0,155.0,81.0,1.0,99.0,99.0,0.0223606799654165,149.0,150.0,198,0.0,-3.0,0.0,150.0,
07:32:00,148.56,54.0,149.58,24.0,147.64,56.0,154.57,69.0,1.0200000000000102,110.0,93.0,0.1923018460871225,148.56,149.58,203,17.0,5.0,0.08,149.0,2.0
07:32:01,148.14,42.0,149.4,20.0,147.21,57.0,152.76,34.0,1.260000000000019,99.0,54.0,0.3349179004002472,148.14,149.4,153,45.0,-50.0,0.29,148.5,4.0
07:32:02,149.0,36.0,150.0,18.0,148.0,72.0,153.56,27.0,1.0,108.0,45.0,0.3349179004002472,149.0,150.0,153,63.0,0.0,0.41,148.5,
07:32:03,149.0,18.0,154.0,9.0,148.0,36.0,155.0,36.0,5.0,54.0,45.0,1.069658824115663,149.0,154.0,99,9.0,-54.0,0.09,150.0,1.0
07:32:04,149.0,22.0,151.52,29.0,148.0,44.0,154.69,26.0,2.5200000000000102,66.0,55.0,1.093549267298232,149.0,151.52,121,11.0,22.0,0.09,150.0,
07:32:05,149.0,24.0,151.0,48.0,148.0,48.0,153.0,12.0,2.0,72.0,60.0,1.009990098965579,149.0,151.0,132,12.0,11.0,0.09,150.0,
07:32:06,149.0,26.0,151.0,52.0,148.0,52.0,153.0,13.0,2.0,78.0,65.0,0.7500133332204891,149.0,151.0,143,13.0,11.0,0.09,150.0,
07:32:07,149.0,24.0,150.67,36.0,148.0,48.0,151.4,30.0,1.6699999999999875,72.0,66.0,0.6783951650833787,149.0,150.67,138,6.0,-5.0,0.04,150.0,
07:32:08,148.5,40.0,150.5,40.0,147.57,70.0,151.22,45.0,2.0,110.0,85.0,0.2796783867382554,148.5,150.5,195,25.0,57.0,0.13,149.0,2.0
07:32:09,148.0,52.0,150.38,16.0,147.0,78.0,152.88,16.0,2.3799999999999955,130.0,32.0,0.3524627640028371,148.0,150.38,162,98.0,-33.0,0.6,151.0,4.0
07:32:10,150.45,22.0,153.0,10.0,147.86,42.0,154.0,40.0,2.550000000000012,64.0,50.0,0.9893684854534842,150.45,153.0,114,14.0,-48.0,0.12,151.0,
07:32:11,150.45,22.0,153.0,10.0,147.9,40.0,154.0,40.0,2.550000000000012,62.0,50.0,1.2386202000647857,150.45,153.0,112,12.0,-2.0,0.11,151.0,
07:32:12,149.45,44.0,151.18,11.0,148.0,44.0,153.29,14.0,1.7300000000000182,88.0,25.0,1.2014699330439105,149.45,151.18,113,63.0,1.0,0.56,151.0,
07:32:13,150.0,48.0,151.92,12.0,148.0,48.0,153.31,48.0,1.9199999999999875,96.0,60.0,1.0696868700739317,150.0,151.92,156,36.0,43.0,0.23,150.0,4.0
07:32:14,148.0,55.0,151.04,52.0,147.0,96.0,152.8,44.0,3.039999999999992,151.0,96.0,0.9500894694756696,148.0,151.04,247,55.0,91.0,0.22,148.0,3.0
07:32:15,148.0,14.0,149.93,70.0,147.0,84.0,152.5,24.0,1.9300000000000068,98.0,94.0,1.1050882317754185,148.0,149.93,192,4.0,-55.0,0.02,148.0,
07:32:16,147.02,49.0,152.53,43.0,144.21,86.0,219.88,25.0,5.509999999999991,135.0,68.0,0.7651927861712399,147.02,152.53,203,67.0,11.0,0.33,148.0,1.0
07:32:17,147.0,60.0,154.0,60.0,144.0,100.0,372.25,16.0,7.0,160.0,76.0,0.7931456360647189,147.0,154.0,236,84.0,33.0,0.36,148.0,
07:32:18,147.0,26.0,152.61,36.0,144.0,110.0,158.05,42.0,5.610000000000014,136.0,78.0,0.5562193811874042,147.0,152.61,214,58.0,-22.0,0.27,147.0,5.0
07:32:19,147.0,14.0,152.0,56.0,143.71,41.0,153.0,28.0,5.0,55.0,84.0,0.5580322571397631,147.0,152.0,139,-29.0,-75.0,-0.21,147.0,
07:32:20,148.42,66.0,151.1,42.0,143.67,27.0,152.23,60.0,2.680000000000007,93.0,102.0,0.3733630940632857,148.42,151.1,195,-9.0,56.0,-0.05,151.08,13.0
07:32:21,149.0,76.0,153.0,22.0,148.0,33.0,156.0,11.0,4.0,109.0,33.0,0.6182070850520247,149.0,153.0,142,76.0,-53.0,0.54,149.0,1.0
07:32:22,149.0,30.0,153.0,10.0,148.0,25.0,156.0,5.0,4.0,55.0,15.0,0.7271038440336568,149.0,153.0,70,40.0,-72.0,0.57,149.0,
07:32:23,149.0,36.0,153.0,12.0,148.0,20.0,156.0,6.0,4.0,56.0,18.0,0.7559894179209931,149.0,153.0,74,38.0,4.0,0.51,149.0,
07:32:24,149.0,24.0,151.3,20.0,148.0,30.0,153.0,20.0,2.300000000000012,54.0,40.0,0.5887444267324494,149.0,151.3,94,14.0,20.0,0.15,149.0,4.0
07:32:25,149.0,24.0,150.04,54.0,148.0,36.0,153.0,24.0,1.039999999999992,60.0,78.0,0.6758550140440693,149.0,150.04,138,-18.0,44.0,-0.13,149.0,
07:32:26,144.82,11.0,150.0,21.0,139.33,12.0,153.0,14.0,5.180000000000007,23.0,35.0,1.4825417363462343,144.82,150.0,58,-12.0,-80.0,-0.21,148.4,5.0
07:32:27,146.04,50.0,150.0,33.0,139.32,19.0,153.0,22.0,3.960000000000008,69.0,55.0,1.4865564234190731,146.04,150.0,124,14.0,66.0,0.11,148.4,
07:32:28,147.0,154.0,150.21,28.0,139.74,19.0,153.14,21.0,3.210000000000008,173.0,49.0,1.106873976570282,147.0,150.21,222,124.0,98.0,0.56,150.0,3.0
07:32:29,147.0,126.0,151.11,45.0,139.84,19.0,153.0,18.0,4.110000000000014,145.0,63.0,0.833924457015452,147.0,151.11,208,82.0,-14.0,0.39,150.0,
07:32:30,147.0,224.0,148.38,80.0,140.13,30.0,153.0,38.0,1.3799999999999957,254.0,118.0,0.6736987457376746,147.0,148.38,372,136.0,164.0,0.37,150.0,
07:32:31,147.0,97.0,149.32,34.0,142.0,8.0,168.06,18.0,2.319999999999993,105.0,52.0,0.534668121369236,147.0,149.32,157,53.0,-174.5,0.34,147.0,5.0
07:32:32,148.0,6.0,153.0,18.0,147.0,54.0,319.14,14.0,5.0,60.0,32.0,1.0764896655372405,148.0,153.0,92,28.0,-65.0,0.3,147.0,
07:32:33,148.0,9.0,153.0,19.0,147.0,81.0,383.68,37.0,5.0,90.0,56.0,1.2999692304083452,148.0,153.0,146,34.0,54.0,0.23,147.0,
07:32:34,147.68,28.0,152.37,51.0,146.57,97.0,246.52,54.0,4.689999999999998,125.0,105.0,1.348677129637947,147.68,152.37,230,20.0,84.0,0.09,147.5,4.0
07:32:35,147.0,48.0,152.0,56.0,141.0,36.0,153.0,52.0,5.0,84.0,108.0,0.9738172313162357,147.0,152.0,192,-24.0,-38.0,-0.12,147.0,3.0
07:32:36,148.94,93.0,152.0,66.0,147.43,42.0,153.0,33.0,3.0600000000000023,135.0,99.0,0.4392607426214808,148.94,152.0,234,36.0,42.0,0.15,147.0,
07:32:37,149.0,81.0,151.44,18.0,148.0,32.0,152.14,42.0,2.4399999999999977,113.0,60.0,0.4082033806920043,149.0,151.44,173,53.0,-61.0,0.31,147.0,
07:32:38,149.0,136.0,150.89,36.0,148.0,48.0,151.5,32.0,1.8899999999999864,184.0,68.0,0.3600972091094158,149.0,150.89,252,116.0,79.0,0.46,149.0,1.0
07:32:39,149.0,101.0,151.0,44.0,148.0,56.0,152.0,22.0,2.0,157.0,66.0,0.3603886790791172,149.0,151.0,223,91.0,-29.0,0.41,149.0,
07:32:40,149.22,46.0,151.0,56.0,148.79,114.0,153.85,39.0,1.7800000000000011,160.0,95.0,0.2094516650885786,149.22,151.0,255,65.0,32.0,0.25,149.0,
07:32:41,149.14,155.0,151.77,57.0,147.76,124.0,154.33,54.0,2.630000000000024,279.0,111.0,0.2018167485824174,149.14,151.77,390,168.0,135.0,0.43,151.0,4.0
07:32:42,151.0,110.0,152.0,36.0,149.0,133.0,155.0,36.0,1.0,243.0,72.0,0.6457940848353702,151.0,152.0,315,171.0,-75.0,0.54,151.0,5.0
07:32:43,150.61,56.0,152.0,30.0,148.99,100.0,155.0,30.0,1.3899999999999864,156.0,60.0,0.6886000290504896,150.61,152.0,216,96.0,-99.0,0.44,151.0,5.0
07:32:44,149.0,77.0,151.5,24.0,148.0,7.0,153.71,21.0,2.5,84.0,45.0,0.6345628416542631,149.0,151.5,129,39.0,-87.0,0.3,151.0,
07:32:45,149.0,143.0,150.62,52.0,148.0,13.0,152.0,39.0,1.6200000000000043,156.0,91.0,0.7158700999541345,149.0,150.62,247,65.0,118.0,0.26,151.0,
07:32:46,149.0,41.0,151.58,19.0,148.0,6.0,155.33,18.0,2.5800000000000125,47.0,37.0,0.7311292635425997,149.0,151.58,84,10.0,-163.0,0.12,149.0,9.0
07:32:47,149.0,18.0,152.0,27.0,148.0,9.0,156.0,27.0,3.0,27.0,54.0,0.547311611432057,149.0,152.0,81,-27.0,-3.0,-0.33,149.0,
07:32:48,149.0,16.0,167.0,18.0,148.0,35.0,249.17,18.0,18.0,51.0,36.0,3.49171161466813,149.0,167.0,87,15.0,6.0,0.17,149.0,
07:32:49,151.83,35.0,156.0,24.0,150.77,30.0,309.45,22.0,4.169999999999988,65.0,46.0,3.4770058958834547,151.83,156.0,111,19.0,24.0,0.17,153.0,3.0
07:32:50,152.92,36.0,156.0,28.0,149.0,28.0,389.13,63.0,3.0800000000000125,64.0,91.0,3.18671774715118,152.92,156.0,155,-27.0,44.0,-0.17,153.0,1.0
07:32:51,154.0,12.0,156.0,12.0,149.0,12.0,385.31,26.0,2.0,24.0,38.0,2.681898581230884,154.0,156.0,62,-14.0,-93.0,-0.23,153.0,
07:32:52,150.0,12.0,155.56,18.0,147.13,60.0,272.61,41.0,5.560000000000002,72.0,59.0,1.9534328757365047,150.0,155.56,131,13.0,69.0,0.1,151.5,4.0
07:32:53,147.21,19.0,152.0,7.0,146.4,40.0,156.0,14.0,4.789999999999992,59.0,21.0,2.14386799966981,147.21,152.0,80,38.0,-51.0,0.47,147.33,3.0
07:32:54,147.46,26.0,152.0,7.0,145.97,31.0,156.0,14.0,4.539999999999992,57.0,21.0,2.5507704718395003,147.46,152.0,78,36.0,-2.0,0.46,147.33,
07:32:55,147.0,37.0,152.0,9.0,144.67,12.0,156.0,18.0,5.0,49.0,27.0,2.471766574741303,147.0,152.0,76,22.0,-2.0,0.29,147.33,
07:32:56,147.0,32.0,152.0,8.0,145.0,8.0,156.0,16.0,5.0,40.0,24.0,1.432002094973469,147.0,152.0,64,16.0,-12.0,0.25,147.33,
07:32:57,147.0,32.0,151.1,52.0,144.02,49.0,155.84,25.0,4.099999999999994,81.0,77.0,0.2574296020438331,147.0,151.1,158,4.0,94.0,0.03,147.0,2.0
07:32:58,148.86,142.0,150.49,51.0,145.57,42.0,154.08,26.0,1.6299999999999957,184.0,77.0,0.2663644120531923,148.86,150.49,261,107.0,103.0,0.41,150.0,5.0
07:32:59,149.5,144.0,151.0,15.0,148.8,120.0,155.0,60.0,1.5,264.0,75.0,0.4329318653188166,149.5,151.0,339,189.0,78.0,0.56,150.0,
07:33:00,150.0,80.0,151.0,10.0,149.0,122.0,154.47,30.0,1.0,202.0,40.0,0.5834637949422458,150.0,151.0,242,162.0,-97.0,0.67,150.0,5.0
07:33:01,150.0,27.0,151.0,9.0,149.0,117.0,154.0,18.0,1.0,144.0,27.0,0.6272399859769637,150.0,151.0,171,117.0,-71.0,0.68,150.0,
07:33:02,150.0,19.0,153.7,20.0,149.0,143.0,200.45,47.0,3.6999999999999886,162.0,67.0,0.7998937429485875,150.0,153.7,229,95.0,58.0,0.41,150.33,3.0
07:33:03,150.96,27.0,153.92,26.0,149.03,144.0,210.25,64.0,2.9599999999999795,171.0,90.0,0.9747153430659646,150.96,153.92,261,81.0,32.0,0.31,150.33,
07:33:04,151.68,22.0,153.47,17.0,149.0,199.0,297.06,34.0,1.789999999999992,221.0,51.0,1.0179783887726372,151.68,153.47,272,170.0,11.0,0.62,152.0,1.0
07:33:05,149.14,175.0,154.0,25.0,148.75,104.0,392.28,64.0,4.860000000000014,279.0,89.0,0.8310655810512781,149.14,154.0,368,190.0,96.0,0.52,154.0,1.0
07:33:06,149.13,113.0,152.45,22.0,148.71,55.0,154.0,29.0,3.319999999999993,168.0,51.0,0.7216162415079721,149.13,152.45,219,117.0,-149.0,0.53,154.0,
07:33:07,151.0,26.0,152.55,22.0,149.0,130.0,206.35,34.0,1.5500000000000114,156.0,56.0,0.7223918604248627,151.0,152.55,212,100.0,-7.0,0.47,151.0,2.0
07:33:08,149.0,195.0,153.2,45.0,148.0,30.0,274.62,64.0,4.199999999999989,225.0,109.0,0.6872190335025253,149.0,153.2,334,116.0,122.0,0.35,151.0,1.0
07:33:09,149.0,138.0,151.0,36.0,148.0,24.0,154.0,36.0,2.0,162.0,72.0,0.7002356746183612,149.0,151.0,234,90.0,-100.0,0.38,149.0,3.0
07:33:10,149.0,55.0,151.0,18.0,148.0,12.0,154.0,18.0,2.0,67.0,36.0,0.7562869825722897,149.0,151.0,103,31.0,-131.0,0.3,149.0,5.0
07:33:11,148.83,24.0,151.0,18.0,147.8,10.0,154.0,18.0,2.1699999999999875,34.0,36.0,0.8355357562715917,148.83,151.0,70,-2.0,-33.0,-0.03,149.0,5.0
07:33:12,148.07,30.0,150.46,52.0,147.12,16.0,152.6,45.0,2.390000000000015,46.0,97.0,0.6611202613809731,148.07,150.46,143,-51.0,73.0,-0.36,149.0,
07:33:13,148.31,32.0,150.14,44.0,147.15,65.0,151.25,48.0,1.829999999999984,97.0,92.0,0.4032369030837125,148.31,150.14,189,5.0,46.0,0.03,149.0,2.0
07:33:14,148.0,22.0,149.27,15.0,147.0,55.0,151.09,33.0,1.2700000000000102,77.0,48.0,0.564606057360888,148.0,149.27,125,29.0,-64.0,0.23,149.0,1.0
07:33:15,148.0,25.0,149.6,15.0,147.0,65.0,152.1,40.0,1.5999999999999943,90.0,55.0,0.5003798557182891,148.0,149.6,145,35.0,20.0,0.24,148.0,1.0
07:33:16,148.0,6.0,152.0,18.0,147.0,30.0,153.0,24.0,4.0,36.0,42.0,0.5308672150440825,148.0,152.0,78,-6.0,-67.0,-0.08,148.0,
07:33:17,148.0,8.0,152.0,24.0,147.0,40.0,153.0,32.0,4.0,48.0,56.0,0.6482283548323353,148.0,152.0,104,-8.0,26.0,-0.08,148.0,
07:33:18,148.31,16.0,152.0,24.0,147.08,38.0,153.0,32.0,3.6899999999999977,54.0,56.0,0.7383901407850779,148.31,152.0,110,-2.0,6.0,-0.02,148.0,
07:33:19,148.54,28.0,152.35,34.0,147.14,64.0,159.33,60.0,3.8100000000000014,92.0,94.0,0.6299206299277356,148.54,152.35,186,-2.0,76.0,-0.01,152.88,8.0
07:33:20,148.69,29.0,153.15,39.0,147.08,49.0,155.0,13.0,4.460000000000008,78.0,52.0,0.3884327483728712,148.69,153.15,130,26.0,-56.0,0.2,152.88,
07:33:21,149.0,75.0,152.0,48.0,148.0,16.0,153.42,19.0,3.0,91.0,67.0,0.3533836442288848,149.0,152.0,158,24.0,28.0,0.15,152.88,
07:33:22,149.0,21.0,152.0,21.0,148.0,7.0,153.0,14.0,3.0,28.0,35.0,0.2718087563131017,149.0,152.0,63,-7.0,-95.0,-0.11,152.88,
07:33:23,149.0,39.0,152.0,39.0,148.0,13.0,153.0,26.0,3.0,52.0,65.0,0.1962651268271228,149.0,152.0,117,-13.0,54.0,-0.11,152.88,
07:33:24,147.33,36.0,152.0,24.0,144.4,20.0,153.0,16.0,4.669999999999988,56.0,40.0,0.4559824558121678,147.33,152.0,96,16.0,-21.0,0.17,148.4,5.0
07:33:25,147.0,55.0,152.07,29.0,144.0,33.0,161.6,20.0,5.069999999999993,88.0,49.0,0.4954291069452249,147.0,152.07,137,39.0,41.0,0.28,152.25,4.0
07:33:26,147.11,37.0,153.0,9.0,144.97,31.0,287.33,9.0,5.889999999999986,68.0,18.0,0.4527140377860619,147.11,153.0,86,50.0,-51.0,0.58,152.25,
07:33:27,149.0,7.0,153.0,13.0,147.0,35.0,383.0,7.0,4.0,42.0,20.0,0.6061765419484197,149.0,153.0,62,22.0,-24.0,0.35,152.25,
07:33:28,149.0,9.0,153.0,36.0,147.0,45.0,198.61,41.0,4.0,54.0,77.0,0.7105983394355276,149.0,153.0,131,-23.0,69.0,-0.18,152.25,
07:33:29,149.0,8.0,152.85,33.0,147.0,40.0,189.79,39.0,3.8499999999999934,48.0,72.0,0.6744998146838054,149.0,152.85,120,-24.0,-11.0,-0.2,152.25,
07:33:30,149.0,13.0,151.47,77.0,147.0,65.0,152.62,40.0,2.469999999999999,78.0,117.0,0.462006493470027,149.0,151.47,195,-39.0,75.0,-0.2,152.25,
07:33:31,149.0,11.0,150.14,58.0,147.0,55.0,151.18,33.0,1.1399999999999864,66.0,91.0,0.6333482454451789,149.0,150.14,157,-25.0,-38.0,-0.16,152.25,
07:33:32,149.0,10.0,150.29,42.0,147.0,50.0,151.64,50.0,1.289999999999992,60.0,92.0,0.678947715224467,149.0,150.29,152,-32.0,-5.0,-0.21,150.0,5.0
07:33:33,147.16,38.0,150.08,59.0,145.61,28.0,151.53,89.0,2.920000000000016,66.0,148.0,0.8529536915967821,147.16,150.08,214,-82.0,62.0,-0.38,147.5,4.0
07:33:34,142.75,53.0,149.0,36.0,135.11,9.0,150.0,27.0,6.25,62.0,63.0,1.7249260853754704,142.75,149.0,125,-1.0,-89.0,-0.01,144.8,5.0
07:33:35,142.61,23.0,149.0,32.0,141.78,64.0,150.0,24.0,6.389999999999986,87.0,56.0,1.925180511019396,142.61,149.0,143,31.0,18.0,0.22,144.8,
07:33:36,143.0,32.0,148.09,65.0,142.0,144.0,149.77,52.0,5.090000000000003,176.0,117.0,1.893599746516948,143.0,148.09,293,59.0,150.0,0.2,144.8,
07:33:37,142.28,50.0,144.2,46.0,137.75,67.0,146.52,50.0,1.9199999999999875,117.0,96.0,1.9087482809446832,142.28,144.2,213,21.0,-80.0,0.1,142.5,4.0
07:33:38,142.0,70.0,144.4,25.0,67.6,10.0,146.82,33.0,2.4000000000000057,80.0,58.0,1.387508558535578,142.0,144.4,138,22.0,-75.0,0.16,143.71,7.0
07:33:39,142.09,22.0,148.75,8.0,120.8,10.0,149.5,12.0,6.659999999999997,32.0,20.0,1.3053428668397786,142.09,148.75,52,12.0,-86.0,0.23,148.0,1.0
07:33:40,145.79,28.0,149.0,39.0,142.74,39.0,150.0,39.0,3.210000000000008,67.0,78.0,1.7692229932966086,145.79,149.0,145,-11.0,93.0,-0.08,146.0,2.0
07:33:41,148.0,18.0,149.45,20.0,141.83,29.0,150.45,33.0,1.4499999999999886,47.0,53.0,2.464767737538222,148.0,149.45,100,-6.0,-45.0,-0.06,149.0,3.0
07:33:42,148.25,16.0,150.0,30.0,142.17,48.0,151.0,50.0,1.75,64.0,80.0,2.46357463861136,148.25,150.0,144,-16.0,44.0,-0.11,149.0,1.0
07:33:43,148.43,14.0,150.0,18.0,142.41,41.0,151.0,30.0,1.5699999999999932,55.0,48.0,1.6016772458922173,148.43,150.0,103,7.0,-41.0,0.07,149.0,
07:33:44,149.0,42.0,150.5,40.0,148.0,28.0,169.97,58.0,1.5,70.0,98.0,0.888858818940743,149.0,150.5,168,-28.0,65.0,-0.17,149.0,
07:33:45,149.0,27.0,150.0,36.0,148.0,18.0,151.0,45.0,1.0,45.0,81.0,0.3909603560575725,149.0,150.0,126,-36.0,-42.0,-0.29,149.0,
07:33:46,149.0,33.0,151.0,53.0,148.0,22.0,343.04,25.0,2.0,55.0,78.0,0.3673281911433304,149.0,151.0,133,-23.0,7.0,-0.17,150.2,5.0
07:33:47,149.0,30.0,150.92,39.0,148.0,20.0,406.76,37.0,1.9199999999999875,50.0,76.0,0.3312551886516067,149.0,150.92,126,-26.0,-7.0,-0.21,150.2,
07:33:48,148.6,20.0,150.57,28.0,145.33,24.0,176.65,23.0,1.9699999999999989,44.0,51.0,0.2203406453848287,148.6,150.57,95,-7.0,-31.0,-0.07,149.0,3.0
07:33:49,149.08,12.0,151.0,45.0,144.15,27.0,216.67,30.0,1.9199999999999875,39.0,75.0,0.2528240495059682,149.08,151.0,114,-36.0,19.0,-0.32,149.5,2.0
07:33:50,141.54,65.0,147.5,24.0,140.59,68.0,151.52,31.0,5.960000000000008,133.0,55.0,2.411601127883433,141.54,147.5,188,78.0,74.0,0.41,143.12,8.0
07:33:51,141.0,90.0,149.0,18.0,140.0,72.0,152.0,27.0,8.0,162.0,45.0,2.805498173232112,141.0,149.0,207,117.0,19.0,0.57,143.12,
07:33:52,141.39,62.0,148.59,17.0,140.6,100.0,151.03,31.0,7.200000000000017,162.0,48.0,2.7382603966768317,141.39,148.59,210,114.0,3.0,0.54,143.12,
07:33:53,141.48,58.0,146.55,11.0,140.74,94.0,150.12,42.0,5.070000000000022,152.0,53.0,2.45344044150431,141.48,146.55,205,99.0,-5.0,0.48,148.0,4.0
07:33:54,142.0,48.0,150.0,24.0,140.41,148.0,239.35,23.0,8.0,196.0,47.0,0.7356153886433929,142.0,150.0,243,149.0,38.0,0.61,148.0,
07:33:55,142.0,22.0,149.17,12.0,140.0,78.0,212.17,30.0,7.169999999999988,100.0,42.0,0.7498866581083777,142.0,149.17,142,58.0,-101.0,0.41,142.0,1.0
07:33:56,142.0,27.0,149.0,18.0,140.0,117.0,237.16,37.0,7.0,144.0,55.0,0.7637604336498077,142.0,149.0,199,89.0,57.0,0.45,142.0,
07:33:57,143.42,26.0,149.0,16.0,140.13,94.0,184.5,40.0,5.5800000000000125,120.0,56.0,0.8620614827313229,143.42,149.0,176,64.0,-23.0,0.36,142.0,
07:33:58,147.0,45.0,149.0,18.0,144.0,27.0,170.0,45.0,2.0,72.0,63.0,1.017064403078214,147.0,149.0,135,9.0,-41.0,0.07,142.0,
07:33:59,147.0,40.0,188.79,19.0,144.0,24.0,299.23,22.0,41.78999999999999,64.0,41.0,9.6976816817221,147.0,188.79,105,23.0,-30.0,0.22,149.0,2.0
07:34:00,147.0,27.0,193.2,20.0,144.0,15.0,345.0,11.0,46.19999999999999,42.0,31.0,12.34117295884018,147.0,193.2,73,11.0,-32.0,0.15,147.0,1.0
07:34:01,147.59,29.0,360.14,14.0,146.59,34.0,456.27,22.0,212.55,63.0,36.0,44.23477444273914,147.58999999999995,360.14,99,27.0,26.0,0.27,147.0,
07:34:02,149.06,17.0,374.4,25.0,147.74,31.0,453.92,26.0,225.34,48.0,51.0,53.24484791977537,149.06,374.4,99,-3.0,0.0,-0.03,149.0,4.0
07:34:03,151.0,8.0,359.06,34.0,148.57,21.0,417.6,25.0,208.06,29.0,59.0,48.23284430758781,151.0,359.06,88,-30.0,-11.0,-0.34,149.0,
07:34:04,147.71,28.0,342.68,38.0,141.47,79.0,441.56,27.0,194.97,107.0,65.0,37.95916924802231,147.71,342.68,172,42.0,84.0,0.24,148.75,4.0
07:34:05,147.0,70.0,191.4,20.0,140.95,95.0,277.0,20.0,44.400000000000006,165.0,40.0,38.356855058776695,147.0,191.4,205,125.0,33.0,0.61,148.75,
07:34:06,147.0,41.0,149.0,14.0,140.21,84.0,168.0,28.0,2.0,125.0,42.0,53.10676199882653,147.0,149.0,167,83.0,-38.0,0.5,147.0,2.0
07:34:07,147.0,41.0,148.91,23.0,140.0,117.0,166.88,34.0,1.9099999999999968,158.0,57.0,52.89747649935683,147.0,148.91,215,101.0,48.0,0.47,147.0,2.0
07:34:08,147.0,30.0,149.0,46.0,140.0,40.0,161.33,24.0,2.0,70.0,70.0,42.11728766195672,147.0,149.0,140,0.0,-75.0,0.0,149.0,6.0
07:34:09,141.52,56.0,149.0,15.0,140.21,38.0,232.0,36.0,7.47999999999999,94.0,51.0,9.86268117704392,141.52,149.0,145,43.0,5.0,0.3,147.0,3.0
07:34:10,147.07,28.0,186.5,16.0,144.74,19.0,235.8,20.0,39.43000000000001,47.0,36.0,8.793595396651847,147.07,186.5,83,11.0,-62.0,0.13,149.0,1.0
07:34:16,155.0,44.0,195.07,14.0,154.0,11.0,196.95,41.0,40.06999999999999,55.0,55.0,1.452676839496716,155.0,195.07,110,0.0,12.0,0.0,149.0,
07:34:17,155.0,32.0,193.23,26.0,154.0,8.0,193.86,14.0,38.22999999999999,40.0,40.0,1.3163396218341328,155.0,193.23,80,0.0,-30.0,0.0,149.0,
07:34:18,155.0,44.0,190.7,20.0,154.0,11.0,192.17,35.0,35.69999999999999,55.0,55.0,1.6300092024313035,155.0,190.7,110,0.0,30.0,0.0,149.0,
07:34:19,155.0,40.0,188.08,24.0,154.0,10.0,189.06,34.0,33.08000000000001,50.0,58.0,1.795764461172767,155.0,188.08,108,-8.0,-2.0,-0.07,149.0,
07:34:20,153.83,35.0,186.0,18.0,151.38,16.0,189.0,36.0,32.16999999999999,51.0,54.0,2.039845582393799,153.83,186.0,105,-3.0,-3.0,-0.03,154.8,5.0
07:34:21,152.66,79.0,185.47,17.0,151.25,48.0,187.41,34.0,32.81,127.0,51.0,2.071842175459289,152.66,185.47,178,76.0,73.0,0.43,154.8,
07:34:22,153.24,51.0,183.56,9.0,152.85,61.0,185.17,12.0,30.319999999999997,112.0,21.0,1.8252588857507877,153.24,183.56,133,91.0,-45.0,0.68,154.8,
07:34:23,154.0,24.0,180.08,13.0,153.0,104.0,182.09,11.0,26.080000000000013,128.0,24.0,1.681100829817339,154.0,180.07999999999998,152,104.0,19.0,0.68,154.8,
07:34:24,154.0,27.0,178.25,12.0,153.0,117.0,179.4,15.0,24.25,144.0,27.0,1.527376836282666,154.0,178.25,171,117.0,19.0,0.68,154.8,
07:34:25,154.0,24.0,176.12,8.0,153.0,104.0,178.09,11.0,22.120000000000005,128.0,19.0,1.6317720429070717,154.0,176.12,147,109.0,-24.0,0.74,154.8,
07:34:26,154.0,48.0,172.6,25.0,153.0,208.0,174.1,20.0,18.599999999999994,256.0,45.0,1.938318859221421,154.0,172.6,301,211.0,154.0,0.7,154.8,
07:34:27,154.0,36.0,166.96,25.0,153.0,156.0,169.1,20.0,12.960000000000008,192.0,45.0,2.5951878544748834,154.0,166.96,237,147.0,-64.0,0.62,154.8,
07:34:28,154.0,62.0,161.18,44.0,153.0,234.0,162.59,64.0,7.180000000000007,296.0,108.0,3.4815944623138604,154.0,161.18,404,188.0,167.0,0.47,154.8,
07:34:29,154.0,60.0,156.94,17.0,153.0,195.0,158.87,23.0,2.9399999999999977,255.0,40.0,3.947499208361571,154.0,156.94,295,215.0,-109.0,0.73,154.8,
07:34:30,153.06,125.0,155.0,11.0,151.84,62.0,156.0,11.0,1.9399999999999975,187.0,22.0,3.755626445749898,153.06,155.0,209,165.0,-86.0,0.79,154.0,4.0
07:34:31,153.0,113.0,155.12,16.0,151.0,48.0,157.5,16.0,2.1200000000000045,161.0,32.0,2.73827135251725,153.0,155.12,193,129.0,-16.0,0.67,153.0,6.0
07:34:32,153.0,35.0,155.0,14.0,151.0,28.0,156.0,7.0,2.0,63.0,21.0,1.5611694334751465,153.0,155.0,84,42.0,-109.0,0.5,153.0,2.0
07:34:33,150.51,75.0,153.29,28.0,149.33,86.0,154.35,17.0,2.780000000000001,161.0,45.0,1.27642861140665,150.51,153.29,206,116.0,122.0,0.56,152.14,7.0
07:34:34,151.12,32.0,235.26,19.0,149.35,46.0,481.61,31.0,84.13999999999999,78.0,50.0,17.77498326300238,151.12,235.26,128,28.0,-78.0,0.22,150.67,3.0
07:34:36,154.08,38.0,341.38,65.0,151.26,105.0,451.54,65.0,187.3,143.0,130.0,68.93896670243902,154.08,341.38,273,13.0,136.0,0.05,154.0,1.0
07:34:37,155.0,8.0,260.0,40.0,154.0,24.0,361.06,16.0,105.0,32.0,56.0,61.39335574799598,155.0,260.0,88,-24.0,-174.5,-0.27,154.0,
07:34:38,150.9,10.0,274.3,50.0,149.56,41.0,438.0,50.0,123.4,51.0,100.0,48.50035803991542,150.9,274.3,151,-49.0,63.0,-0.32,152.71,7.0
07:34:42,153.12,17.0,203.83,6.0,151.12,8.0,206.0,24.0,50.71000000000001,25.0,30.0,60.26797590760776,153.12,203.83,55,-5.0,-72.0,-0.09,152.71,
07:34:43,154.0,26.0,198.92,50.0,153.0,39.0,203.0,19.0,44.91999999999999,65.0,69.0,65.01526666868321,154.0,198.92,134,-4.0,79.0,-0.03,152.71,
07:34:44,154.9,20.0,198.97,37.0,153.29,34.0,201.77,13.0,44.06999999999999,54.0,50.0,38.41903694784651,154.9,198.97,104,4.0,-30.0,0.04,152.71,
07:34:45,155.0,16.0,197.13,23.0,154.0,40.0,198.71,17.0,42.13,56.0,40.0,1.9271948526284155,155.0,197.13,96,16.0,-8.0,0.17,152.71,
07:34:46,155.0,28.0,184.96,46.0,154.0,70.0,195.43,21.0,29.960000000000008,98.0,67.0,3.2647327608853027,155.0,184.96,165,31.0,69.0,0.19,152.71,
07:34:47,154.12,34.0,182.0,52.0,153.18,55.0,183.03,38.0,27.879999999999995,89.0,90.0,4.158848398294662,154.12,182.0,179,-1.0,14.0,-0.01,154.4,5.0
07:34:48,153.33,30.0,180.0,26.0,150.89,54.0,181.58,45.0,26.669999999999987,84.0,71.0,4.688862335364347,153.33,180.0,155,13.0,-24.0,0.08,153.67,3.0
07:34:49,149.33,54.0,177.84,38.0,148.21,126.0,178.25,32.0,28.50999999999999,180.0,70.0,4.648831035862544,149.33,177.84,250,110.0,95.0,0.44,149.1,10.0
07:34:50,153.0,32.0,175.92,26.0,149.0,24.0,177.57,14.0,22.919999999999987,56.0,40.0,2.6071574559276525,153.0,175.92000000000002,96,16.0,-154.0,0.17,149.1,
07:34:51,153.0,15.0,173.86,28.0,149.0,36.0,174.94,18.0,20.860000000000014,51.0,46.0,2.0374174829914726,153.0,173.86,97,5.0,1.0,0.05,153.0,3.0
07:34:52,153.0,10.0,170.63,27.0,149.0,30.0,171.17,24.0,17.629999999999995,40.0,51.0,1.7768849146749597,153.0,170.63,91,-11.0,-6.0,-0.12,153.0,
07:34:53,153.0,9.0,166.86,21.0,149.0,27.0,168.0,21.0,13.860000000000014,36.0,42.0,1.7938729051969038,153.0,166.86,78,-6.0,-13.0,-0.08,153.0,
07:34:54,153.0,17.0,165.65,34.0,150.52,63.0,167.0,68.0,12.650000000000006,80.0,102.0,2.20110199672792,153.0,165.65,182,-22.0,104.0,-0.12,153.0,
07:34:55,153.0,9.0,163.0,18.0,151.0,36.0,166.2,30.0,10.0,45.0,48.0,2.137070424670113,153.0,163.0,93,-3.0,-89.0,-0.03,153.0,
07:34:56,150.17,35.0,161.0,26.0,149.39,41.0,162.46,26.0,10.830000000000013,76.0,52.0,2.316624699859631,150.17,161.0,128,24.0,35.0,0.19,151.4,5.0
07:34:58,154.89,27.0,228.67,24.0,150.56,27.0,312.24,34.0,73.78,54.0,58.0,15.409566184678908,154.89,228.67,112,-4.0,-94.0,-0.04,156.0,7.0
07:34:59,151.0,20.0,354.48,42.0,149.0,36.0,416.26,31.0,203.48,56.0,73.0,41.82316547082489,151.0,354.48,129,-17.0,17.0,-0.13,151.0,2.0
07:35:00,151.0,13.0,214.11,19.0,149.0,67.0,217.59,29.0,63.110000000000014,80.0,48.0,39.53156295923549,151.0,214.11,128,32.0,-1.0,0.25,151.0,
07:35:01,151.0,16.0,159.64,33.0,149.0,112.0,162.4,42.0,8.639999999999986,128.0,75.0,39.58690856836385,151.0,159.64,203,53.0,75.0,0.26,151.0,
07:35:02,152.74,62.0,156.88,34.0,149.54,28.0,158.03,29.0,4.139999999999986,90.0,63.0,40.01015183675263,152.74,156.88,153,27.0,-50.0,0.18,151.0,
07:35:03,153.0,74.0,154.82,22.0,150.0,13.0,155.85,26.0,1.8199999999999927,87.0,48.0,42.49072522327666,153.0,154.82,135,39.0,-18.0,0.29,153.0,2.0
07:35:04,152.54,26.0,154.54,26.0,149.53,17.0,242.06,32.0,2.0,43.0,58.0,12.611079652432544,152.54,154.54,101,-15.0,-34.0,-0.15,153.0,4.0
07:35:05,151.8,20.0,230.0,33.0,149.24,21.0,398.75,32.0,78.19999999999999,41.0,65.0,16.34079343238871,151.8,230.0,106,-24.0,5.0,-0.23,153.0,3.0
07:35:06,149.54,13.0,193.42,43.0,148.5,28.0,301.09,22.0,43.88,41.0,65.0,16.36253556145862,149.54,193.42,106,-24.0,0.0,-0.23,153.0,
07:35:07,149.0,16.0,190.0,30.0,148.0,41.0,196.0,12.0,41.0,57.0,42.0,15.38099736688093,149.0,190.0,99,15.0,-7.0,0.15,153.0,
07:35:08,149.0,62.0,196.0,14.0,148.0,42.0,322.87,15.0,47.0,104.0,29.0,13.265431768321683,149.0,196.0,133,75.0,34.0,0.56,153.0,
07:35:09,149.0,87.0,413.88,16.0,148.0,48.0,423.17,18.0,264.88,135.0,34.0,47.89300449961349,149.0,413.88,169,101.0,36.0,0.6,149.0,5.0
07:35:10,148.87,45.0,412.75,16.0,147.78,54.0,452.92,13.0,263.88,99.0,29.0,60.24037997888127,148.87,412.75,128,70.0,-41.0,0.55,149.0,9.0
07:35:11,148.0,50.0,404.16,19.0,147.0,36.0,453.57,14.0,256.16,86.0,33.0,59.44243921643861,148.0,404.16,119,53.0,-9.0,0.45,148.0,2.0
07:35:12,135.79,29.0,315.33,18.0,138.18,17.0,336.2,20.0,179.54,46.0,38.0,47.91767231408469,135.79,315.33,84,8.0,-35.0,0.1,147.8,5.0
07:35:19,114.64,22.0,141.0,7.0,111.7,23.0,143.0,21.0,26.36,45.0,28.0,11.589829593225828,114.64,141.0,73,17.0,-7.0,0.23,142.33,3.0
07:35:20,133.0,37.0,267.86,14.0,117.97,34.0,517.12,34.0,134.86,71.0,48.0,35.10123829724546,133.0,267.86,119,23.0,46.0,0.19,143.0,1.0
07:35:21,149.82,44.0,218.35,40.0,148.1,62.0,541.6,52.0,68.53,106.0,92.0,38.042401738060775,149.82,218.35,198,14.0,79.0,0.07,143.0,
07:35:23,148.09,57.0,398.78,36.0,147.47,15.0,508.22,36.0,250.69,72.0,72.0,71.45207813632852,148.09000000000003,398.78,144,0.0,-20.0,0.0,153.0,1.0
07:35:24,148.0,89.0,218.57,14.0,147.0,8.0,548.09,23.0,70.57,97.0,37.0,56.6518743732279,148.0,218.57,134,60.0,-10.0,0.45,153.0,
07:35:25,148.0,60.0,240.0,20.0,147.0,5.0,357.0,5.0,92.0,65.0,25.0,57.54165213130394,148.0,240.0,90,40.0,-44.0,0.44,153.0,
07:35:26,148.23,88.0,239.84,31.0,147.89,54.0,449.93,43.0,91.61,142.0,74.0,55.78050403142657,148.23,239.84,216,68.0,126.0,0.31,153.0,
07:35:27,152.18,44.0,234.36,11.0,148.0,132.0,239.75,32.0,82.18,176.0,43.0,37.07768439371581,152.18,234.36,219,133.0,3.0,0.61,153.0,
07:35:28,150.4,40.0,238.0,6.0,147.96,50.0,305.22,9.0,87.6,90.0,15.0,4.747238144436963,150.4,238.0,105,75.0,-114.0,0.71,154.0,4.0
07:35:29,148.0,108.0,238.0,9.0,147.0,9.0,339.33,9.0,90.0,117.0,18.0,0.530047167709851,148.0,238.0,135,99.0,30.0,0.73,154.0,
07:35:30,148.0,180.0,215.68,19.0,147.0,15.0,346.13,23.0,67.68,195.0,42.0,5.294343207612934,148.0,215.68,237,153.0,102.0,0.65,154.0,
07:35:31,148.33,61.0,206.0,7.0,147.54,13.0,228.0,7.0,57.66999999999999,74.0,14.0,7.851877482487684,148.33,206.0,88,60.0,-149.0,0.68,148.0,5.0
07:35:32,153.0,24.0,206.0,6.0,148.0,42.0,228.0,6.0,53.0,66.0,12.0,7.909538545325944,153.0,206.0,78,54.0,-10.0,0.69,148.0,
07:35:33,153.0,38.0,166.87,23.0,148.0,56.0,214.25,8.0,13.870000000000005,94.0,31.0,11.924943605736509,153.0,166.87,125,63.0,47.0,0.5,148.0,
07:35:34,153.0,49.0,160.2,10.0,148.0,49.0,172.25,16.0,7.199999999999989,98.0,26.0,11.80684039021427,153.0,160.2,124,72.0,-1.0,0.58,148.0,
07:35:35,153.0,56.0,158.12,8.0,148.0,74.0,300.17,12.0,5.1200000000000045,130.0,20.0,11.62628057462894,153.0,158.12,150,110.0,26.0,0.73,148.0,
07:35:36,153.75,28.0,157.0,10.0,150.42,93.0,393.9,50.0,3.25,121.0,60.0,10.28538672097426,153.75,157.0,181,61.0,31.0,0.34,148.0,
07:35:37,153.16,19.0,156.88,8.0,150.29,31.0,335.95,38.0,3.719999999999999,50.0,46.0,2.0064446167270806,153.16,156.88,96,4.0,-85.0,0.04,154.5,2.0
07:35:38,153.0,32.0,155.0,10.0,150.0,40.0,336.58,38.0,2.0,72.0,48.0,0.9396382282522138,153.0,155.0,120,24.0,24.0,0.2,154.5,
07:35:39,153.0,63.0,154.91,11.0,150.0,44.0,188.18,33.0,1.9099999999999968,107.0,44.0,0.7621154768097242,153.0,154.91,151,63.0,31.0,0.42,153.0,1.0
07:35:40,150.83,29.0,215.25,24.0,149.22,36.0,266.92,36.0,64.41999999999999,65.0,60.0,12.739726056709122,150.83,215.25,125,5.0,-26.0,0.04,152.5,6.0
07:35:41,150.0,21.0,213.71,7.0,149.0,28.0,215.0,28.0,63.71000000000001,49.0,35.0,15.417171595334668,150.0,213.71,84,14.0,-41.0,0.17,152.5,
07:35:42,150.0,107.0,211.11,19.0,149.0,44.0,214.95,41.0,61.110000000000014,151.0,60.0,15.274932078408556,150.0,211.11,211,91.0,127.0,0.43,150.0,4.0
07:35:43,150.0,82.0,208.0,27.0,149.0,36.0,209.11,27.0,58.0,118.0,54.0,12.240243053142176,150.0,208.0,172,64.0,-39.0,0.37,150.0,5.0
07:35:44,149.55,44.0,205.36,25.0,148.12,102.0,207.42,26.0,55.81,146.0,51.0,2.223971672480504,149.55,205.36,197,95.0,25.0,0.48,150.0,
07:35:45,149.0,44.0,202.5,36.0,148.0,198.0,203.95,37.0,53.5,242.0,73.0,2.424699981440105,149.0,202.5,315,169.0,118.0,0.54,150.0,
07:35:46,148.19,103.0,200.25,32.0,147.9,100.0,201.16,38.0,52.06,203.0,70.0,2.5159352137913764,148.19,200.25,273,133.0,-42.0,0.49,148.67,6.0
07:35:47,148.32,187.0,197.36,55.0,147.89,144.0,198.4,55.0,49.04000000000002,331.0,110.0,2.4601564990860294,148.32,197.36,441,221.0,168.0,0.5,148.67,
07:35:48,150.88,126.0,192.86,43.0,148.97,215.0,194.19,53.0,41.98000000000002,341.0,96.0,2.23542613387136,150.88,192.86000000000004,437,245.0,-4.0,0.56,148.67,
07:35:49,153.0,102.0,188.67,54.0,149.63,167.0,190.39,54.0,35.66999999999999,269.0,108.0,1.93715513059614,153.0,188.67,377,161.0,-60.0,0.43,148.67,
07:35:50,153.8,90.0,185.28,47.0,149.0,165.0,186.27,49.0,31.47999999999999,255.0,96.0,1.800930315141285,153.8,185.28,351,159.0,-26.0,0.45,148.67,
07:35:51,154.0,78.0,182.79,42.0,149.0,143.0,184.54,39.0,28.789999999999992,221.0,81.0,1.778125417397453,154.0,182.79,302,140.0,-49.0,0.46,148.67,
07:35:52,154.0,82.0,175.24,49.0,149.0,154.0,179.59,49.0,21.24000000000001,236.0,98.0,2.8027397310479567,154.0,175.24,334,138.0,32.0,0.41,154.0,2.0
07:35:53,150.48,108.0,167.38,39.0,148.72,123.0,169.0,52.0,16.900000000000006,231.0,91.0,4.806107572661542,150.48,167.38,322,140.0,-12.0,0.43,154.0,4.0
07:35:54,149.05,129.0,166.18,33.0,148.29,113.0,167.46,35.0,17.129999999999995,242.0,68.0,5.401839501502653,149.05,166.18,310,174.0,-12.0,0.56,154.0,
07:35:55,149.02,115.0,164.0,26.0,148.11,101.0,165.36,22.0,14.97999999999999,216.0,48.0,5.084999508357342,149.02000000000004,164.0,264,168.0,-46.0,0.64,154.0,
07:35:56,149.56,128.0,161.54,41.0,148.49,191.0,162.1,49.0,11.97999999999999,319.0,90.0,3.570375330409171,149.56,161.54,409,229.0,145.0,0.56,154.0,
07:35:57,151.82,40.0,158.11,18.0,149.26,85.0,160.5,24.0,6.2900000000000205,125.0,42.0,1.593072503056406,151.82,158.11,167,83.0,-174.5,0.5,152.11,9.0
07:35:58,149.0,193.0,155.55,20.0,148.0,70.0,156.1,20.0,6.550000000000011,263.0,40.0,2.0035418637988007,149.0,155.55,303,223.0,136.0,0.74,152.11,
07:35:59,149.0,106.0,150.22,37.0,148.0,88.0,153.72,18.0,1.2199999999999989,194.0,55.0,2.8125042222180365,149.0,150.22,249,139.0,-54.0,0.56,149.14,7.0
07:36:00,149.0,44.0,152.06,16.0,148.0,96.0,297.67,12.0,3.0600000000000023,140.0,28.0,2.6289769873458906,149.0,152.06,168,112.0,-81.0,0.67,149.0,2.0
07:36:01,149.85,82.0,153.91,11.0,148.4,53.0,312.71,21.0,4.060000000000002,135.0,32.0,2.042065131183197,149.85,153.91,167,103.0,-1.0,0.62,149.0,
07:36:02,150.0,48.0,152.35,23.0,149.0,33.0,245.21,19.0,2.3499999999999943,81.0,42.0,1.066597393581208,150.0,152.35,123,39.0,-44.0,0.32,150.0,9.0
07:36:03,149.14,29.0,151.32,40.0,148.12,51.0,199.85,13.0,2.180000000000007,80.0,53.0,0.873201007783557,149.14,151.32,133,27.0,10.0,0.2,151.0,1.0
07:36:04,148.27,55.0,150.67,30.0,147.19,129.0,308.39,18.0,2.3999999999999773,184.0,48.0,0.9173766947084608,148.27,150.67,232,136.0,99.0,0.59,149.0,3.0
07:36:05,147.05,124.0,148.62,26.0,146.34,76.0,240.27,22.0,1.5699999999999932,200.0,48.0,1.5715215556886837,147.05,148.62,248,152.0,16.0,0.61,147.56,9.0
07:36:07,147.0,69.0,410.43,14.0,144.43,63.0,597.86,14.0,263.43,132.0,28.0,86.41762042546645,147.0,410.43,160,104.0,-48.0,0.65,147.56,
07:36:08,147.0,96.0,348.29,17.0,141.0,27.0,486.14,14.0,201.29,123.0,31.0,80.05045608864448,147.0,348.29,154,92.0,-6.0,0.6,147.0,1.0
07:36:09,147.0,57.0,342.29,14.0,119.33,67.0,420.69,13.0,195.29,124.0,27.0,66.07941192232266,147.0,342.29,151,97.0,-3.0,0.64,147.0,6.0
07:36:10,148.79,39.0,228.8,10.0,145.45,29.0,283.8,10.0,80.01000000000002,68.0,20.0,51.18572603763671,148.79,228.8,88,48.0,-63.0,0.55,147.0,
07:36:11,149.0,42.0,197.83,12.0,147.11,18.0,271.5,12.0,48.83000000000001,60.0,24.0,43.99130289045775,149.0,197.83,84,36.0,-4.0,0.43,147.0,
07:36:14,151.12,49.0,264.47,17.0,149.09,88.0,330.36,22.0,113.35000000000002,137.0,39.0,18.81202753559521,151.12,264.47,176,98.0,95.0,0.56,157.0,1.0
07:36:15,149.23,71.0,293.95,22.0,148.24,59.0,450.62,16.0,144.72,130.0,38.0,26.740871900519483,149.23,293.95,168,92.0,-8.0,0.55,151.0,4.0
07:36:16,149.18,51.0,257.56,32.0,148.41,51.0,289.24,25.0,108.38,102.0,57.0,26.446934226862528,149.18,257.56,159,45.0,-9.0,0.28,151.0,
07:36:17,150.0,17.0,255.18,33.0,149.0,77.0,263.73,44.0,105.18,94.0,77.0,19.00597064082739,150.0,255.18,171,17.0,12.0,0.1,151.0,
07:36:18,150.0,9.0,209.22,27.0,149.0,63.0,272.72,29.0,59.22,72.0,56.0,15.132951463610544,150.0,209.22,128,16.0,-43.0,0.12,151.0,
07:36:19,150.33,12.0,185.25,36.0,149.0,84.0,207.0,36.0,34.91999999999999,96.0,72.0,21.28337849120746,150.33,185.25,168,24.0,40.0,0.14,151.0,
07:36:20,151.71,21.0,185.0,27.0,149.13,45.0,250.24,29.0,33.28999999999999,66.0,56.0,17.65530458530783,151.71,185.0,122,10.0,-46.0,0.08,151.0,
07:36:21,152.96,23.0,183.67,45.0,152.3,37.0,218.13,45.0,30.70999999999998,60.0,90.0,14.967455361549986,152.96,183.67,150,-30.0,28.0,-0.2,152.0,3.0
07:36:22,152.11,61.0,182.0,30.0,150.04,75.0,183.2,30.0,29.889999999999983,136.0,60.0,5.271862099864828,152.11,182.0,196,76.0,46.0,0.39,152.6,5.0
07:36:23,152.53,19.0,180.38,39.0,150.97,61.0,181.85,39.0,27.849999999999994,80.0,78.0,0.8229398519886525,152.53,180.38,158,2.0,-38.0,0.01,152.5,2.0
07:36:24,153.44,43.0,177.47,45.0,150.62,61.0,179.0,45.0,24.03,104.0,90.0,1.2431291163797633,153.44,177.47,194,14.0,36.0,0.07,154.0,3.0
07:36:25,153.36,53.0,174.24,51.0,149.84,64.0,177.53,51.0,20.879999999999995,117.0,102.0,1.7015081545473527,153.36,174.24,219,15.0,25.0,0.07,152.0,1.0
07:36:26,154.0,36.0,170.67,27.0,152.0,18.0,172.67,27.0,16.669999999999987,54.0,54.0,1.9458031760666656,154.0,170.66999999999996,108,0.0,-111.0,0.0,152.0,
07:36:27,154.0,19.0,168.67,18.0,152.5,20.0,172.0,18.0,14.669999999999987,39.0,36.0,2.123235738205052,154.0,168.67,75,3.0,-33.0,0.04,154.0,1.0
07:36:28,154.0,9.0,167.0,9.0,153.0,30.0,170.33,9.0,13.0,39.0,18.0,1.9764032989223617,154.0,167.0,57,21.0,-18.0,0.37,154.0,
07:36:34,154.0,19.0,365.77,31.0,153.0,90.0,421.58,31.0,211.77,109.0,62.0,69.13544148987542,154.0,365.77,171,47.0,-5.0,0.27,154.0,2.0
07:36:35,153.15,47.0,306.65,43.0,152.9,78.0,312.43,23.0,153.49999999999997,125.0,66.0,63.73743468323766,153.15,306.65,191,59.0,20.0,0.31,154.0,1.0
07:36:36,153.0,120.0,270.81,37.0,152.0,24.0,275.59,46.0,117.81,144.0,83.0,54.20876469723311,153.0,270.81,227,61.0,36.0,0.27,154.0,
07:36:37,153.14,116.0,258.74,39.0,152.5,40.0,260.43,21.0,105.60000000000002,156.0,60.0,39.76551936037031,153.14,258.74,216,96.0,-11.0,0.44,154.0,
07:36:38,154.0,80.0,256.4,40.0,153.0,100.0,257.29,28.0,102.39999999999998,180.0,68.0,23.12153044242505,154.0,256.4,248,112.0,32.0,0.45,154.0,
07:36:39,154.0,104.0,241.68,44.0,153.0,130.0,249.46,35.0,87.68,234.0,79.0,12.113241514969896,154.0,241.68,313,155.0,65.0,0.5,154.0,
07:36:40,154.0,112.0,175.6,47.0,153.0,140.0,176.95,39.0,21.599999999999994,252.0,86.0,18.75447999812288,154.0,175.59999999999997,338,166.0,25.0,0.49,154.0,
07:36:41,154.0,68.0,170.31,26.0,153.0,110.0,171.64,44.0,16.310000000000002,178.0,70.0,21.89554018516081,154.0,170.31,248,108.0,-90.0,0.44,154.0,5.0
07:36:42,154.0,38.0,164.86,14.0,153.0,140.0,166.29,14.0,10.860000000000014,178.0,28.0,21.81573812640757,154.0,164.86,206,150.0,-42.0,0.73,154.0,3.0
07:36:43,154.0,80.0,161.25,28.0,153.0,160.0,161.63,19.0,7.25,240.0,47.0,16.69880444822306,154.0,161.25,287,193.0,81.0,0.67,154.0,
07:36:44,154.0,85.0,156.39,41.0,153.0,170.0,158.11,19.0,2.3899999999999864,255.0,60.0,3.76044545233611,154.0,156.39,315,195.0,28.0,0.62,154.0,
07:36:45,154.0,69.0,155.0,17.0,153.0,170.0,156.0,51.0,1.0,239.0,68.0,3.132882059700848,154.0,155.0,307,171.0,-8.0,0.56,154.0,1.0
07:36:46,153.03,58.0,246.71,14.0,151.8,50.0,416.41,34.0,93.68,108.0,48.0,19.41115220691433,153.03,246.71,156,60.0,-151.0,0.38,153.67,6.0
07:36:47,153.0,68.0,317.34,29.0,151.0,50.0,428.91,47.0,164.33999999999995,118.0,76.0,36.06794380055501,153.0,317.34,194,42.0,38.0,0.22,153.0,3.0
07:36:48,153.0,36.0,369.0,40.0,151.0,40.0,701.0,32.0,216.0,76.0,72.0,47.5095945046892,153.0,369.0,148,4.0,-46.0,0.03,153.0,4.0
07:36:51,151.0,6.0,424.67,24.0,150.0,24.0,0.0,0.0,273.67,30.0,24.0,52.967209007082815,151.0,424.67,54,6.0,0.0,0.11,153.0,
07:36:56,148.56,25.0,261.88,40.0,147.88,48.0,337.23,22.0,113.32,73.0,62.0,89.53562157041179,148.56,261.88,135,11.0,-33.0,0.08,148.5,4.0
07:36:57,148.21,24.0,258.3,10.0,147.56,16.0,259.4,10.0,110.09,40.0,20.0,106.79522779600217,148.21,258.3,60,20.0,-75.0,0.33,148.5,
07:36:58,150.0,4.0,258.0,4.0,148.0,12.0,259.0,4.0,108.0,16.0,8.0,87.02120919637923,150.0,258.0,24,8.0,-36.0,0.33,148.5,
07:37:05,154.0,27.0,206.7,20.0,153.0,27.0,243.45,29.0,52.69999999999999,54.0,49.0,10.700307004941594,154.0,206.7,103,5.0,-93.0,0.05,148.5,
07:37:06,153.65,23.0,229.11,9.0,152.58,19.0,236.57,14.0,75.46000000000001,42.0,23.0,10.46732678385471,153.65,229.11,65,19.0,-38.0,0.29,153.75,4.0
07:37:07,153.0,20.0,224.64,14.0,151.0,10.0,235.5,14.0,71.63999999999999,30.0,28.0,9.691074759798433,153.0,224.64,58,2.0,-7.0,0.03,153.75,
07:37:08,153.0,26.0,198.82,17.0,151.0,13.0,227.38,13.0,45.81999999999999,39.0,30.0,10.29426393677578,153.0,198.82,69,9.0,11.0,0.13,153.75,
07:37:09,153.0,28.0,166.79,58.0,151.0,14.0,205.53,17.0,13.789999999999992,42.0,75.0,12.505073770274311,153.0,166.79,117,-33.0,48.0,-0.28,153.75,
07:37:10,153.0,26.0,162.92,37.0,151.0,13.0,164.54,41.0,9.919999999999987,39.0,78.0,15.638768493714672,153.0,162.92,117,-39.0,0.0,-0.33,153.75,
07:37:11,153.0,22.0,159.27,15.0,151.0,11.0,161.08,51.0,6.27000000000001,33.0,66.0,14.168815405671811,153.0,159.27,99,-33.0,-18.0,-0.33,153.75,
07:37:12,151.31,13.0,156.29,24.0,148.04,81.0,158.84,44.0,4.97999999999999,94.0,68.0,8.774659537554886,151.31,156.29,162,26.0,63.0,0.16,153.0,2.0
07:37:13,148.66,47.0,151.19,53.0,147.94,83.0,153.22,49.0,2.530000000000001,130.0,102.0,3.8673660287078,148.66,151.19,232,28.0,70.0,0.12,151.0,1.0
07:37:14,148.06,36.0,149.35,23.0,147.5,12.0,318.54,13.0,1.289999999999992,48.0,36.0,3.954708585977369,148.06,149.35,84,12.0,-148.0,0.14,149.33,3.0
07:37:15,148.0,35.0,275.92,26.0,146.0,49.0,422.18,22.0,127.92000000000002,84.0,48.0,26.918501444174105,148.0,275.92,132,36.0,48.0,0.27,149.0,3.0
07:37:16,148.0,25.0,264.0,20.0,146.0,35.0,366.0,10.0,116.0,60.0,30.0,31.98792397139901,148.0,264.0,90,30.0,-42.0,0.33,149.0,
07:37:17,152.42,57.0,264.0,36.0,147.18,51.0,366.0,18.0,111.58,108.0,54.0,32.61454154207911,152.42,264.0,162,54.0,72.0,0.33,149.0,
07:37:18,154.0,41.0,263.93,30.0,148.0,40.0,318.52,21.0,109.93,81.0,51.0,26.95536811100905,154.0,263.93,132,30.0,-30.0,0.23,154.0,3.0
07:37:19,154.0,48.0,262.25,24.0,150.42,24.0,331.71,45.0,108.25,72.0,69.0,2.153803612218028,154.0,262.25,141,3.0,9.0,0.02,154.0,4.0
07:37:20,154.5,12.0,260.67,18.0,151.29,21.0,348.12,32.0,106.17000000000002,33.0,50.0,1.109608038905353,154.5,260.67,83,-17.0,-58.0,-0.2,154.0,
07:37:24,151.38,26.0,161.66,29.0,150.05,61.0,191.84,38.0,10.28,87.0,67.0,18.910396082578497,151.38,161.66000000000005,154,20.0,114.0,0.13,154.0,4.0
07:37:25,151.0,10.0,156.0,10.0,150.0,25.0,168.0,20.0,5.0,35.0,30.0,14.013943056827328,151.0,156.0,65,5.0,-89.0,0.08,154.0,
07:37:26,151.0,18.0,163.23,26.0,150.0,45.0,198.5,40.0,12.22999999999999,63.0,66.0,10.263410739125574,151.0,163.23,129,-3.0,64.0,-0.02,155.0,2.0
07:37:27,152.8,25.0,168.0,44.0,149.48,66.0,270.64,55.0,15.199999999999989,91.0,99.0,8.03648679461354,152.8,168.0,190,-8.0,61.0,-0.04,155.0,
07:37:29,150.16,74.0,168.0,36.0,148.89,38.0,226.91,43.0,17.840000000000003,112.0,79.0,3.28134118920872,150.16,168.0,191,33.0,74.0,0.17,152.8,5.0
07:37:30,150.0,99.0,175.33,30.0,148.0,77.0,247.73,49.0,25.330000000000013,176.0,79.0,2.2420481707576814,150.0,175.33,255,97.0,64.0,0.38,152.8,
07:37:31,154.0,5.0,173.2,5.0,150.0,45.0,407.04,23.0,19.19999999999999,50.0,28.0,1.808507672087116,154.0,173.2,78,22.0,-174.5,0.28,152.8,
07:37:32,154.0,10.0,157.76,42.0,150.0,90.0,194.05,19.0,3.759999999999991,100.0,61.0,3.155278117693897,154.0,157.76,161,39.0,83.0,0.24,152.8,
07:37:33,154.0,14.0,172.2,30.0,150.0,126.0,242.7,46.0,18.19999999999999,140.0,76.0,3.30794195837804,154.0,172.2,216,64.0,55.0,0.3,152.8,
07:37:34,154.0,6.0,171.0,6.0,150.0,54.0,172.0,30.0,17.0,60.0,36.0,3.1980775475272623,154.0,171.0,96,24.0,-120.0,0.25,152.8,
07:37:35,154.53,78.0,170.0,23.0,149.97,133.0,171.98,91.0,15.47,211.0,114.0,3.1672890616421463,154.53,170.0,325,97.0,173.5,0.3,151.0,4.0
07:37:36,155.0,96.0,167.7,66.0,150.57,84.0,168.94,18.0,12.699999999999989,180.0,84.0,2.9403605221125497,155.0,167.7,264,96.0,-61.0,0.36,155.0,1.0
07:37:37,155.0,33.0,164.21,33.0,151.85,78.0,164.27,45.0,9.210000000000008,111.0,78.0,1.3586500653214408,155.0,164.21,189,33.0,-75.0,0.17,155.0,5.0
07:37:38,154.56,18.0,161.5,12.0,153.23,62.0,163.0,60.0,6.939999999999998,80.0,72.0,1.8974061241594984,154.56,161.5,152,8.0,-37.0,0.05,154.5,2.0
07:37:39,154.0,30.0,159.22,41.0,150.0,54.0,160.0,13.0,5.219999999999999,84.0,54.0,2.32052149311269,154.0,159.22,138,30.0,-14.0,0.22,154.0,2.0
07:37:40,154.0,16.0,156.0,32.0,150.0,48.0,157.0,16.0,2.0,64.0,48.0,2.483727038142069,154.0,156.0,112,16.0,-26.0,0.14,154.0,
07:37:41,151.29,82.0,255.63,63.0,149.69,78.0,516.67,46.0,104.34,160.0,109.0,20.70813777238306,151.29,255.63,269,51.0,157.0,0.19,154.0,2.0
07:37:42,152.0,182.0,219.0,30.0,150.0,84.0,220.45,40.0,67.0,266.0,70.0,21.752026342389303,152.0,219.0,336,196.0,67.0,0.58,154.0,
07:37:43,152.0,169.0,213.8,40.0,150.0,78.0,214.88,34.0,61.80000000000001,247.0,74.0,20.6547544163565,152.0,213.8,321,173.0,-15.0,0.54,154.0,
07:37:44,150.52,100.0,162.5,36.0,148.77,78.0,172.24,42.0,11.97999999999999,178.0,78.0,20.67909765923065,150.52,162.5,256,100.0,-65.0,0.39,150.0,4.0
07:37:45,150.15,20.0,158.91,22.0,149.03,39.0,163.0,22.0,8.759999999999991,59.0,44.0,20.80294810838114,150.15,158.91,103,15.0,-153.0,0.15,150.25,4.0
07:37:46,149.82,17.0,158.0,16.0,148.81,26.0,163.0,16.0,8.180000000000007,43.0,32.0,16.057744237594463,149.82,158.0,75,11.0,-28.0,0.15,150.25,
07:37:47,149.11,27.0,157.25,32.0,147.54,74.0,160.77,52.0,8.139999999999986,101.0,84.0,12.746561497125327,149.11,157.25,185,17.0,110.0,0.09,148.88,8.0
07:37:48,148.0,15.0,152.12,48.0,147.0,120.0,152.79,38.0,4.1200000000000045,135.0,86.0,2.3521203200511414,148.0,152.12,221,49.0,36.0,0.22,148.88,
07:37:49,147.03,64.0,149.0,24.0,146.35,46.0,159.33,42.0,1.9699999999999989,110.0,66.0,2.785112205997695,147.03,149.0,176,44.0,-45.0,0.25,147.25,4.0
07:37:50,146.35,46.0,285.78,54.0,126.45,60.0,390.48,54.0,139.42999999999998,106.0,108.0,29.06245653760188,146.35,285.78,214,-2.0,38.0,-0.01,147.0,5.0
07:37:51,146.0,20.0,277.0,40.0,90.84,19.0,279.0,24.0,131.0,39.0,64.0,34.789695025969955,146.0,277.0,103,-25.0,-111.0,-0.24,146.0,1.0
07:37:52,152.55,22.0,276.77,31.0,137.09,22.0,277.67,45.0,124.21999999999996,44.0,76.0,35.665793135720385,152.55,276.77,120,-32.0,17.0,-0.27,146.0,
07:37:53,154.0,20.0,257.64,44.0,146.0,20.0,265.38,26.0,103.64,40.0,70.0,28.886749903718837,154.0,257.64,110,-30.0,-10.0,-0.27,146.0,
07:37:54,154.0,22.0,261.38,47.0,147.17,24.0,273.59,27.0,107.38,46.0,74.0,4.38551935350884,154.0,261.38,120,-28.0,10.0,-0.23,146.0,
07:38:02,154.68,53.0,157.4,45.0,153.52,58.0,158.62,61.0,2.719999999999999,111.0,106.0,2.1097227305979067,154.68,157.4,217,5.0,47.0,0.02,156.0,3.0
07:38:03,153.32,53.0,155.85,48.0,152.34,41.0,164.24,86.0,2.530000000000001,94.0,134.0,2.573878396506256,153.32,155.85,228,-40.0,11.0,-0.18,154.25,8.0
07:38:04,150.81,26.0,159.57,70.0,146.79,70.0,251.0,70.0,8.759999999999991,96.0,140.0,2.286551989350284,150.81,159.57,236,-44.0,8.0,-0.19,152.4,5.0
07:38:06,150.44,34.0,243.07,29.0,146.7,43.0,357.97,37.0,92.63,77.0,66.0,18.37436883269738,150.44,243.07,143,11.0,-21.0,0.08,154.0,3.0
07:38:07,153.0,28.0,279.97,68.0,146.75,60.0,373.29,51.0,126.97000000000004,88.0,119.0,28.80732163877788,153.0,279.97,207,-31.0,64.0,-0.15,154.0,
07:38:08,153.0,22.0,247.88,42.0,147.0,22.0,276.88,40.0,94.88,44.0,82.0,27.54871739301123,153.0,247.88,126,-38.0,-81.0,-0.3,154.0,
07:38:09,153.0,15.0,242.0,44.0,147.0,22.0,389.54,37.0,89.0,37.0,81.0,21.95960905845089,153.0,242.0,118,-44.0,-8.0,-0.37,153.0,1.0
07:38:10,153.0,10.0,240.03,39.0,148.29,14.0,385.06,17.0,87.03,24.0,56.0,8.502696631069348,153.0,240.03,80,-32.0,-38.0,-0.4,153.0,
07:38:11,153.0,15.0,233.71,59.0,150.0,169.0,248.0,53.0,80.71000000000001,184.0,112.0,9.095814971732768,153.0,233.71,296,72.0,173.5,0.24,153.0,
07:38:12,150.1,86.0,225.91,44.0,149.21,61.0,227.0,44.0,75.81,147.0,88.0,4.731250363275876,150.1,225.91,235,59.0,-61.0,0.25,150.5,6.0
07:38:13,150.0,74.0,223.89,36.0,147.94,67.0,224.89,36.0,73.88999999999999,141.0,72.0,4.818893026411592,150.0,223.89,213,69.0,-22.0,0.32,150.0,2.0
07:38:14,151.67,18.0,203.89,18.0,149.63,49.0,220.27,22.0,52.22,67.0,40.0,7.165364610401804,151.67,203.89,107,27.0,-106.0,0.25,150.0,
07:38:15,153.0,18.0,185.89,36.0,150.0,72.0,186.88,34.0,32.889999999999986,90.0,70.0,9.473899936140294,153.0,185.89,160,20.0,53.0,0.12,150.0,
07:38:16,150.68,62.0,182.25,57.0,149.02,110.0,183.43,53.0,31.569999999999997,172.0,110.0,9.826519220965237,150.68,182.25,282,62.0,122.0,0.22,153.0,2.0
07:38:17,150.0,120.0,176.83,46.0,148.0,108.0,177.98,47.0,26.830000000000013,228.0,93.0,9.544594281581563,150.0,176.83,321,135.0,39.0,0.42,153.0,
07:38:18,150.0,110.0,172.0,40.0,148.0,90.0,173.22,36.0,22.0,200.0,76.0,6.508303926523379,150.0,172.0,276,124.0,-45.0,0.45,150.0,5.0
07:38:19,151.17,12.0,169.96,46.0,150.0,84.0,171.16,44.0,18.79000000000002,96.0,90.0,3.7641572762040014,151.17,169.96,186,6.0,-90.0,0.03,150.0,
07:38:20,152.0,12.0,165.18,49.0,150.0,84.0,166.72,46.0,13.180000000000009,96.0,95.0,3.0241246667423223,152.0,165.18,191,1.0,5.0,0.01,150.0,
07:38:21,150.47,30.0,160.97,64.0,148.6,116.0,162.82,61.0,10.5,146.0,125.0,2.8785638780473777,150.47,160.97,271,21.0,80.0,0.08,150.5,6.0
07:38:22,150.5,20.0,157.66,32.0,148.0,97.0,158.94,48.0,7.159999999999997,117.0,80.0,3.019354235593933,150.5,157.66,197,37.0,-74.0,0.19,150.5,
07:38:23,148.27,110.0,151.74,73.0,147.69,72.0,153.28,69.0,3.469999999999999,182.0,142.0,4.09054641826724,148.27,151.74,324,40.0,127.0,0.12,150.0,3.0
07:38:24,148.0,54.0,149.85,41.0,147.0,18.0,158.78,45.0,1.8499999999999943,72.0,86.0,4.007247184788927,148.0,149.85,158,-14.0,-166.0,-0.09,148.0,5.0
07:38:25,147.44,18.0,148.75,40.0,137.55,22.0,178.76,25.0,1.3100000000000025,40.0,65.0,3.345245880350002,147.44,148.75,105,-25.0,-53.0,-0.24,147.11,9.0
07:38:26,146.0,11.0,147.74,35.0,120.4,30.0,215.17,41.0,1.740000000000009,41.0,76.0,2.756368988361056,146.0,147.74,117,-35.0,12.0,-0.3,147.4,5.0
07:38:27,142.6,10.0,147.86,21.0,126.32,19.0,390.1,20.0,5.260000000000019,29.0,41.0,1.8518153255652752,142.6,147.86,70,-12.0,-47.0,-0.17,146.0,1.0
07:38:29,116.0,10.0,169.86,14.0,67.2,5.0,416.62,13.0,53.860000000000014,15.0,27.0,14.814682919320214,116.0,169.86,42,-12.0,-10.0,-0.29,146.0,
07:38:30,126.09,22.0,281.44,18.0,105.71,14.0,430.27,15.0,155.35,36.0,33.0,32.96432040858721,126.09,281.44,69,3.0,27.0,0.04,153.0,2.0
07:38:31,126.87,30.0,198.72,43.0,70.79,24.0,213.09,22.0,71.85,54.0,65.0,33.31142176491421,126.87000000000002,198.72,119,-11.0,50.0,-0.09,153.0,
07:38:32,127.18,22.0,187.0,30.0,111.12,16.0,179.24,37.0,59.81999999999999,38.0,67.0,32.99320960440194,127.18,187.0,105,-29.0,-14.0,-0.28,153.0,
07:38:33,119.8,30.0,148.79,53.0,106.57,28.0,159.61,28.0,28.989999999999995,58.0,81.0,26.850442826888354,119.8,148.79,139,-23.0,34.0,-0.17,153.0,
07:38:35,113.65,23.0,143.52,27.0,104.0,32.0,144.75,24.0,29.870000000000005,55.0,51.0,19.744374641907463,113.65,143.52,106,4.0,-60.0,0.04,142.38,8.0
07:38:36,133.23,31.0,144.32,25.0,117.37,19.0,173.6,20.0,11.090000000000003,50.0,45.0,15.102637186928591,133.23,144.32,95,5.0,-11.0,0.05,143.0,3.0
07:38:37,138.62,16.0,231.2,25.0,125.27,22.0,304.22,27.0,92.57999999999998,38.0,52.0,26.29456084440276,138.62,231.2,90,-14.0,-5.0,-0.16,146.0,2.0
07:38:38,152.17,23.0,235.67,36.0,147.67,24.0,294.05,39.0,83.5,47.0,75.0,34.903665566814034,152.17,235.67,122,-28.0,32.0,-0.23,153.0,2.0
07:38:39,152.67,18.0,191.4,35.0,149.6,15.0,410.08,26.0,38.73000000000002,33.0,61.0,28.664885836158508,152.67,191.4,94,-28.0,-28.0,-0.3,152.8,5.0
07:38:40,147.0,9.0,403.96,27.0,146.0,18.0,423.73,22.0,256.96,27.0,49.0,50.62083632260537,147.0,403.96,76,-22.0,-18.0,-0.29,152.8,
07:38:41,149.0,15.0,307.0,35.0,147.87,23.0,446.89,36.0,158.0,38.0,71.0,41.6463043978695,149.0,307.0,109,-33.0,33.0,-0.3,151.25,4.0
07:38:42,117.83,24.0,296.33,52.0,100.19,21.0,328.29,41.0,178.5,45.0,93.0,39.3061320915707,117.83,296.33,138,-48.0,29.0,-0.35,149.0,2.0
07:38:44,137.76,29.0,213.09,35.0,128.33,24.0,263.33,42.0,75.33000000000001,53.0,77.0,39.50166477504467,137.76,213.09,130,-24.0,-49.0,-0.18,148.0,1.0
07:38:45,138.49,35.0,157.0,42.0,129.6,25.0,238.88,34.0,18.50999999999999,60.0,76.0,30.573043682302927,138.49,157.0,136,-16.0,6.0,-0.12,148.0,
07:38:46,139.33,27.0,141.0,31.0,137.5,24.0,147.0,33.0,1.6699999999999875,51.0,64.0,27.6876214218557,139.33,141.0,115,-13.0,-21.0,-0.11,141.0,4.0
07:38:47,138.0,36.0,141.0,12.0,122.82,68.0,142.0,60.0,3.0,104.0,72.0,21.837786517868565,138.0,141.0,176,32.0,61.0,0.18,141.0,
07:38:48,138.14,21.0,140.12,17.0,127.0,42.0,141.97,31.0,1.9800000000000184,63.0,48.0,15.519274145397452,138.14,140.12,111,15.0,-65.0,0.14,140.0,2.0
07:38:49,130.36,25.0,141.58,19.0,113.25,24.0,188.56,25.0,11.22,49.0,44.0,4.356726982495222,130.36,141.58,93,5.0,-18.0,0.05,139.5,2.0
07:38:50,127.88,24.0,142.0,45.0,115.22,27.0,712.34,35.0,14.120000000000005,51.0,80.0,2.3293496946576626,127.88,142.0,131,-29.0,38.0,-0.22,139.5,
07:38:51,133.17,6.0,141.2,25.0,132.17,6.0,231.24,29.0,8.030000000000001,12.0,54.0,1.970540534980628,133.17,141.2,66,-42.0,-65.0,-0.64,139.5,
07:38:52,134.45,11.0,141.0,44.0,133.0,11.0,142.0,55.0,6.550000000000011,22.0,99.0,1.6129321126450835,134.45,141.0,121,-77.0,55.0,-0.64,139.5,
07:38:53,137.31,13.0,141.72,58.0,123.57,14.0,309.68,38.0,4.409999999999997,27.0,96.0,1.7462159087586355,137.31,141.72,123,-69.0,2.0,-0.56,141.14,7.0
07:38:54,139.0,9.0,141.83,48.0,101.22,18.0,284.88,32.0,2.8300000000000125,27.0,80.0,2.1369885352995417,139.0,141.83,107,-53.0,-16.0,-0.5,141.5,8.0
07:38:55,145.14,22.0,198.56,32.0,79.65,23.0,248.1,42.0,53.420000000000016,45.0,74.0,14.877471223296016,145.14,198.56,119,-29.0,12.0,-0.24,142.0,7.0
07:38:56,150.0,20.0,327.33,15.0,140.0,5.0,528.0,10.0,177.32999999999998,25.0,25.0,43.21231271292939,150.0,327.33,50,0.0,-69.0,0.0,142.0,
07:38:57,150.0,40.0,247.86,28.0,146.61,18.0,354.29,28.0,97.86,58.0,56.0,41.98103345559751,150.0,247.86,114,2.0,64.0,0.02,142.0,
07:38:58,148.17,41.0,241.13,15.0,146.93,14.0,423.85,47.0,92.96,55.0,62.0,36.23440740511699,148.17,241.13,117,-7.0,3.0,-0.06,150.0,4.0
07:39:10,154.0,11.0,209.57,30.0,153.0,11.0,212.08,49.0,55.56999999999999,22.0,79.0,2.876908062485912,154.0,209.57,101,-57.0,-27.0,-0.56,150.0,
07:39:11,155.0,12.0,202.35,37.0,153.5,12.0,204.22,37.0,47.35,24.0,74.0,3.815793495460212,155.0,202.35,98,-50.0,-3.0,-0.51,150.0,
07:39:13,154.88,8.0,183.19,26.0,152.5,8.0,184.25,40.0,28.31,16.0,66.0,6.301543461724035,154.88,183.19,82,-50.0,-17.0,-0.61,155.0,2.0
07:39:14,148.29,35.0,178.32,41.0,147.21,29.0,179.81,37.0,30.03,64.0,78.0,7.400097972324234,148.29,178.32,142,-14.0,60.0,-0.1,149.75,4.0
07:39:15,148.38,26.0,172.39,28.0,147.2,30.0,173.47,40.0,24.00999999999999,56.0,68.0,7.382734588213085,148.38,172.39,124,-12.0,-18.0,-0.1,149.75,
07:39:16,153.0,99.0,167.48,46.0,148.0,45.0,169.26,54.0,14.47999999999999,144.0,100.0,5.704623563391217,153.0,167.48,244,44.0,120.0,0.18,149.75,
07:39:17,151.85,26.0,163.67,18.0,147.83,18.0,165.64,22.0,11.819999999999991,44.0,40.0,4.320721004647112,151.85,163.67,84,4.0,-160.0,0.05,152.38,8.0
07:39:18,148.24,21.0,160.98,42.0,147.08,24.0,161.58,48.0,12.73999999999998,45.0,90.0,3.256969450271082,148.24,160.98,135,-45.0,51.0,-0.33,152.38,
07:39:19,149.6,10.0,156.0,36.0,148.0,20.0,157.07,28.0,6.400000000000006,30.0,64.0,3.3834671566308003,149.6,156.0,94,-34.0,-41.0,-0.36,152.38,
07:39:20,150.91,70.0,153.3,43.0,147.93,28.0,192.21,70.0,2.390000000000015,98.0,113.0,3.433268122357992,150.91,153.3,211,-15.0,117.0,-0.07,151.0,6.0
07:39:21,151.0,60.0,153.0,30.0,148.0,30.0,154.0,75.0,2.0,90.0,105.0,2.419613605516361,151.0,153.0,195,-15.0,-16.0,-0.08,150.62,8.0
07:39:22,149.14,42.0,152.44,32.0,147.44,25.0,154.0,80.0,3.300000000000012,67.0,112.0,1.4018808793903286,149.14,152.44,179,-45.0,-16.0,-0.25,151.0,3.0
07:39:24,128.59,59.0,148.73,33.0,91.9,49.0,172.39,46.0,20.139999999999983,108.0,79.0,11.1363382671326,128.59,148.73,187,29.0,63.0,0.16,144.33,6.0
07:39:25,146.0,32.0,149.25,40.0,94.76,25.0,385.65,26.0,3.25,57.0,66.0,10.49088270833308,146.0,149.25,123,-9.0,-64.0,-0.07,144.33,
07:39:26,130.66,79.0,180.23,62.0,116.17,58.0,324.14,71.0,49.56999999999999,137.0,133.0,11.294457932986507,130.66,180.23,270,4.0,147.0,0.01,145.5,14.0
07:39:27,149.0,10.0,378.15,34.0,127.57,28.0,388.02,46.0,229.15,38.0,80.0,55.32401847299233,149.0,378.15,118,-42.0,-152.0,-0.36,145.5,
07:39:28,149.86,22.0,247.62,40.0,146.53,17.0,324.5,40.0,97.76,39.0,80.0,51.702364355994334,149.86,247.62,119,-41.0,1.0,-0.34,145.5,
07:39:29,134.3,54.0,179.22,46.0,116.54,57.0,194.55,44.0,44.91999999999999,111.0,90.0,48.551366407136186,134.3,179.22000000000003,201,21.0,82.0,0.1,148.75,4.0
07:39:30,143.56,41.0,163.62,26.0,117.0,40.0,165.2,30.0,20.06,81.0,56.0,47.48154852150456,143.56,163.62,137,25.0,-64.0,0.18,148.0,5.0
07:39:31,147.8,25.0,161.38,39.0,106.6,105.0,162.45,33.0,13.579999999999984,130.0,72.0,47.61794252170071,147.8,161.38,202,58.0,65.0,0.29,148.0,
07:39:32,147.0,60.0,158.93,43.0,95.34,124.0,159.9,41.0,11.930000000000009,184.0,84.0,19.84702622560863,147.0,158.93,268,100.0,66.0,0.37,148.0,
07:39:33,110.37,38.0,157.38,32.0,81.51,99.0,158.52,31.0,47.00999999999999,137.0,63.0,9.327619203204998,110.37,157.38,200,74.0,-68.0,0.37,148.0,
07:39:35,121.46,63.0,145.39,59.0,88.96,53.0,154.72,54.0,23.929999999999996,116.0,113.0,13.92141228467858,121.46,145.39,229,3.0,-32.0,0.01,143.36,11.0
07:39:36,136.92,13.0,154.0,27.0,128.35,17.0,184.12,33.0,17.080000000000013,30.0,60.0,11.884240825563902,136.92,154.0,90,-30.0,-139.0,-0.33,143.36,
07:39:37,149.0,9.0,154.0,27.0,136.74,23.0,172.88,41.0,5.0,32.0,68.0,11.417857504803594,149.0,154.0,100,-36.0,10.0,-0.36,143.36,
07:39:38,149.0,10.0,179.2,30.0,147.0,30.0,320.73,33.0,30.19999999999999,40.0,63.0,16.16364346303144,149.0,179.2,103,-23.0,3.0,-0.22,154.0,3.0
07:39:39,149.0,8.0,213.71,21.0,147.0,24.0,398.0,25.0,64.71000000000001,32.0,46.0,18.34421979807258,149.0,213.71,78,-14.0,-25.0,-0.18,154.0,
07:39:40,149.0,6.0,358.0,14.0,147.0,18.0,496.33,24.0,209.0,24.0,38.0,43.75740485906353,149.0,358.0,62,-14.0,-16.0,-0.23,154.0,
07:39:42,151.0,26.0,289.98,41.0,149.0,13.0,422.7,33.0,138.98000000000002,39.0,74.0,64.1722107301906,151.0,289.98,113,-35.0,-67.0,-0.31,154.0,
07:39:43,151.65,23.0,222.17,29.0,149.75,16.0,245.4,47.0,70.51999999999998,39.0,76.0,59.00841439998188,151.65,222.17,115,-37.0,2.0,-0.32,154.0,
07:39:51,155.0,16.0,160.59,34.0,153.55,44.0,161.58,38.0,5.590000000000003,60.0,72.0,1.4912813282544095,155.0,160.59,132,-12.0,12.0,-0.09,155.0,2.0
07:39:52,153.17,72.0,155.33,60.0,150.88,102.0,156.84,50.0,2.160000000000025,174.0,110.0,2.4994239336295827,153.17,155.33,284,64.0,152.0,0.23,154.0,2.0
07:39:53,153.0,17.0,154.14,28.0,150.0,78.0,180.0,32.0,1.1399999999999864,95.0,60.0,2.847511194007939,153.0,154.14,155,35.0,-129.0,0.23,153.0,4.0
07:39:54,150.37,41.0,153.55,22.0,148.81,78.0,154.55,22.0,3.180000000000007,119.0,44.0,3.042742184280593,150.37,153.55,163,75.0,8.0,0.46,153.0,1.0
07:39:55,150.0,62.0,151.83,24.0,148.14,84.0,282.67,33.0,1.8300000000000125,146.0,57.0,2.6364502650345583,150.0,151.83,203,89.0,40.0,0.44,150.0,2.0
07:39:56,148.0,64.0,151.5,16.0,147.0,48.0,370.0,24.0,3.5,112.0,40.0,1.851850425925632,148.0,151.5,152,72.0,-51.0,0.47,149.6,5.0
07:39:57,148.0,86.0,151.0,22.0,147.0,57.0,370.0,33.0,3.0,143.0,55.0,1.6768571793689009,148.0,151.0,198,88.0,46.0,0.44,148.0,1.0
07:39:58,148.7,57.0,185.29,42.0,147.54,52.0,314.92,39.0,36.59,109.0,81.0,7.425390898801276,148.7,185.29,190,28.0,-8.0,0.15,150.0,8.0
07:39:59,148.0,24.0,320.54,26.0,147.0,24.0,356.18,38.0,172.54000000000002,48.0,64.0,36.51589694913709,148.0,320.54,112,-16.0,-78.0,-0.14,150.0,
07:40:00,146.82,56.0,208.87,46.0,127.41,61.0,252.76,59.0,62.05000000000001,117.0,105.0,34.895451279500584,146.82,208.87,222,12.0,110.0,0.05,148.4,5.0
07:40:01,146.12,52.0,150.33,27.0,114.6,30.0,152.0,36.0,4.210000000000008,82.0,63.0,35.185096703007645,146.12,150.33,145,19.0,-77.0,0.13,146.0,2.0
07:40:02,147.03,65.0,150.0,39.0,146.11,54.0,400.18,44.0,2.969999999999999,119.0,83.0,35.36746315471325,147.03,150.0,202,36.0,57.0,0.18,147.67,3.0
07:40:03,147.0,41.0,332.67,36.0,146.0,40.0,441.64,28.0,185.67,81.0,64.0,44.87844660858927,147.0,332.67,145,17.0,-57.0,0.12,148.5,6.0
07:40:04,147.0,20.0,307.91,32.0,146.0,40.0,378.22,36.0,160.91000000000005,60.0,68.0,43.26110643522652,147.0,307.91,128,-8.0,-17.0,-0.06,148.5,
07:40:06,153.0,16.0,155.75,16.0,148.0,56.0,347.74,31.0,2.75,72.0,47.0,47.77057305496762,153.0,155.75,119,25.0,-151.0,0.21,148.5,
07:40:07,149.71,41.0,153.7,23.0,147.08,52.0,273.78,27.0,3.9899999999999807,93.0,50.0,47.23371285427389,149.71,153.7,143,43.0,24.0,0.3,153.0,2.0
07:40:08,150.0,40.0,151.81,26.0,148.0,56.0,153.33,18.0,1.8100000000000025,96.0,44.0,35.55025949272381,150.0,151.81,140,52.0,-3.0,0.37,153.0,
07:40:09,150.0,45.0,189.49,35.0,148.0,63.0,422.15,34.0,39.49000000000001,108.0,69.0,10.94694569274922,150.0,189.49,177,39.0,37.0,0.22,152.0,9.0
07:40:10,153.0,30.0,164.0,20.0,150.0,25.0,381.84,19.0,11.0,55.0,39.0,7.692729034614462,153.0,164.0,94,16.0,-83.0,0.17,152.0,
07:40:11,153.0,43.0,175.54,39.0,150.0,45.0,244.29,42.0,22.539999999999992,88.0,81.0,8.097346478939892,153.0,175.54,169,7.0,75.0,0.04,153.0,3.0
07:40:12,153.0,34.0,326.5,26.0,150.0,40.0,332.31,39.0,173.5,74.0,65.0,35.96910438139932,153.0,326.5,139,9.0,-30.0,0.06,153.0,
07:40:13,150.3,50.0,323.9,30.0,148.15,68.0,368.44,45.0,173.59999999999997,118.0,75.0,40.87560727377637,150.3,323.9,193,43.0,54.0,0.22,153.0,5.0
07:40:14,150.0,39.0,281.55,33.0,148.0,63.0,369.82,33.0,131.55,102.0,66.0,39.23225038154197,150.0,281.55,168,36.0,-25.0,0.21,150.0,2.0
07:40:15,150.0,21.0,219.06,31.0,148.0,49.0,237.33,30.0,69.06,70.0,61.0,33.08321296367692,150.0,219.06,131,9.0,-37.0,0.07,150.0,
07:40:16,150.0,33.0,178.0,33.0,148.0,77.0,396.78,54.0,28.0,110.0,87.0,33.17311336006919,150.0,178.0,197,23.0,66.0,0.12,150.0,
07:40:17,150.0,23.0,177.57,21.0,148.0,49.0,337.81,31.0,27.569999999999997,72.0,52.0,32.51630621703517,150.0,177.57,124,20.0,-73.0,0.16,150.0,
07:40:18,150.0,35.0,176.33,27.0,148.0,63.0,253.95,41.0,26.330000000000013,98.0,68.0,22.840475476662032,150.0,176.33000000000004,166,30.0,42.0,0.18,150.0,
07:40:19,150.54,39.0,176.0,27.0,149.33,27.0,255.0,40.0,25.460000000000008,66.0,67.0,9.385617720746936,150.54,176.0,133,-1.0,-33.0,-0.01,150.0,
07:40:20,151.0,91.0,175.0,39.0,150.0,39.0,379.13,60.0,24.0,130.0,99.0,0.4275862486080191,151.0,175.0,229,31.0,96.0,0.14,150.0,
07:40:21,151.0,45.0,173.09,33.0,150.0,33.0,231.75,51.0,22.090000000000003,78.0,84.0,0.6349645659394171,151.0,173.09,162,-6.0,-67.0,-0.04,151.0,4.0
07:40:22,150.0,10.0,171.6,30.0,148.0,80.0,445.3,50.0,21.599999999999994,90.0,80.0,1.0458824025666396,150.0,171.6,170,10.0,8.0,0.06,150.6,5.0
07:40:23,150.0,9.0,169.04,23.0,148.0,72.0,323.13,31.0,19.039999999999992,81.0,54.0,1.5681103277507351,150.0,169.04,135,27.0,-35.0,0.2,150.6,
07:40:24,148.27,44.0,164.86,28.0,147.77,62.0,165.89,37.0,16.590000000000003,106.0,65.0,2.5080629976135804,148.27,164.86,171,41.0,36.0,0.24,148.5,4.0
07:40:25,151.18,55.0,162.84,19.0,147.76,33.0,163.92,26.0,11.659999999999997,88.0,45.0,2.374335696568269,151.18,162.84,133,43.0,-38.0,0.32,148.5,
07:40:26,153.0,70.0,160.5,30.0,148.0,50.0,163.0,20.0,7.5,120.0,50.0,1.9160297492466525,153.0,160.5,170,70.0,37.0,0.41,148.5,
07:40:27,153.0,102.0,157.62,48.0,148.0,92.0,160.41,37.0,4.6200000000000045,194.0,85.0,1.537709335342043,153.0,157.62,279,109.0,109.0,0.39,153.0,1.0
07:40:28,153.0,48.0,154.0,18.0,148.0,33.0,163.0,12.0,1.0,81.0,30.0,1.4552422478742058,153.0,154.0,111,51.0,-168.0,0.46,153.0,
07:40:29,153.0,40.0,154.0,15.0,148.0,25.0,163.0,10.0,1.0,65.0,25.0,1.693348753210017,153.0,154.0,90,40.0,-21.0,0.44,153.0,
07:40:30,153.0,66.0,163.0,32.0,148.0,80.0,409.13,78.0,10.0,146.0,110.0,1.9880819902604463,153.0,163.0,256,36.0,166.0,0.14,153.0,4.0
07:40:33,154.67,27.0,158.29,28.0,151.29,34.0,159.71,28.0,3.620000000000005,61.0,56.0,2.1073324369918573,154.66999999999996,158.29,117,5.0,-23.0,0.04,156.0,3.0
07:40:34,153.0,32.0,156.74,19.0,151.0,32.0,157.95,37.0,3.740000000000009,64.0,56.0,1.5683845191782717,153.0,156.74,120,8.0,3.0,0.07,156.0,
07:40:35,152.57,28.0,154.85,53.0,150.4,50.0,155.44,45.0,2.280000000000001,78.0,98.0,2.1106112858596138,152.57,154.85,176,-20.0,56.0,-0.11,152.6,5.0
07:40:36,151.0,27.0,153.13,30.0,149.56,45.0,153.88,43.0,2.1299999999999955,72.0,73.0,2.261906275688252,151.0,153.13,145,-1.0,-31.0,-0.01,152.6,
07:40:37,150.09,33.0,152.35,43.0,148.67,45.0,224.43,28.0,2.259999999999991,78.0,71.0,2.1154313980835537,150.09,152.35,149,7.0,4.0,0.05,151.0,3.0
07:40:38,150.0,32.0,151.54,46.0,147.22,23.0,224.7,50.0,1.539999999999992,55.0,96.0,1.7243317546219534,150.0,151.54,151,-41.0,2.0,-0.27,150.0,3.0
07:40:39,149.45,22.0,208.82,55.0,146.5,36.0,347.22,45.0,59.370000000000005,58.0,100.0,12.214748053070847,149.45,208.82,158,-42.0,7.0,-0.27,150.0,2.0
07:40:41,148.0,72.0,232.23,31.0,147.0,24.0,333.59,22.0,84.22999999999999,96.0,53.0,91.41290242629869,148.0,232.23,149,43.0,11.0,0.29,148.0,2.0
07:40:42,149.37,57.0,194.0,24.0,147.71,34.0,195.0,36.0,44.63,91.0,60.0,88.6545642931034,149.37,194.0,151,31.0,2.0,0.21,154.0,2.0
07:40:43,154.0,35.0,193.0,15.0,150.0,7.0,194.0,20.0,39.0,42.0,35.0,85.24399028670588,154.0,193.0,77,7.0,-74.0,0.09,154.0,
07:40:44,154.0,73.0,190.08,25.0,150.0,11.0,192.4,30.0,36.08000000000001,84.0,55.0,86.07892645706036,154.0,190.08,139,29.0,62.0,0.21,154.0,
07:40:45,154.0,64.0,187.75,32.0,150.0,12.0,189.14,28.0,33.75,76.0,60.0,8.143397325440931,154.0,187.75,136,16.0,-3.0,0.12,154.0,2.0
07:40:46,154.0,34.0,184.76,34.0,150.0,14.0,187.0,36.0,30.75999999999999,48.0,70.0,1.5167992616024522,154.0,184.76,118,-22.0,-18.0,-0.19,154.0,4.0
07:40:47,154.0,13.0,182.96,27.0,153.0,13.0,184.05,38.0,28.960000000000008,26.0,65.0,2.01352427350594,154.0,182.96,91,-39.0,-27.0,-0.43,154.0,
07:40:48,150.21,19.0,179.8,30.0,150.23,13.0,181.22,27.0,29.590000000000003,32.0,57.0,2.691936106224893,150.21,179.8,89,-25.0,-2.0,-0.28,150.6,5.0
07:40:49,148.0,16.0,176.54,37.0,147.0,26.0,178.0,38.0,28.539999999999992,42.0,75.0,3.501218359371033,148.0,176.54,117,-33.0,28.0,-0.28,148.0,3.0
07:40:50,151.0,24.0,174.0,24.0,147.78,9.0,175.0,24.0,23.0,33.0,48.0,3.3016617028394206,151.0,174.0,81,-15.0,-36.0,-0.19,148.0,
07:40:51,146.46,72.0,173.0,28.0,112.18,62.0,174.0,42.0,26.539999999999992,134.0,70.0,3.307502078607994,146.46,173.0,204,64.0,123.0,0.31,149.6,5.0
07:40:52,150.0,28.0,172.85,13.0,138.54,59.0,174.11,27.0,22.849999999999994,87.0,40.0,1.9169846113091205,150.0,172.84999999999997,127,47.0,-77.0,0.37,149.6,
07:40:53,154.0,28.0,170.56,18.0,146.0,98.0,171.53,38.0,16.560000000000002,126.0,56.0,1.1448362328280353,154.0,170.56,182,70.0,55.0,0.38,149.6,
07:40:54,154.0,32.0,167.5,48.0,146.44,57.0,168.12,32.0,13.5,89.0,80.0,1.1375104395107003,154.0,167.5,169,9.0,-13.0,0.05,149.6,
07:40:55,150.49,53.0,164.56,48.0,141.8,35.0,166.0,48.0,14.069999999999991,88.0,96.0,1.8279961706731327,150.49,164.56,184,-8.0,15.0,-0.04,151.0,5.0
07:40:57,146.74,68.0,160.28,32.0,140.05,65.0,161.25,16.0,13.539999999999992,133.0,48.0,3.370600836645505,146.74,160.28,181,85.0,73.0,0.47,151.0,2.0
07:40:58,146.0,57.0,156.37,19.0,117.52,31.0,157.84,25.0,10.370000000000005,88.0,44.0,3.968053679071769,146.0,156.37,132,44.0,-49.0,0.33,151.0,
07:40:59,146.25,72.0,152.59,39.0,87.24,51.0,152.7,37.0,6.340000000000003,123.0,76.0,4.102819762065441,146.25,152.59,199,47.0,67.0,0.24,151.0,
07:41:00,140.62,39.0,147.86,22.0,104.1,60.0,149.0,24.0,7.240000000000009,99.0,46.0,5.445914064690545,140.62,147.86,145,53.0,-54.0,0.37,146.0,3.0
07:41:02,123.2,101.0,194.58,33.0,110.05,40.0,328.15,26.0,71.38000000000001,141.0,59.0,14.726892068593196,123.2,194.58,200,82.0,64.0,0.41,144.5,2.0
07:41:03,126.27,121.0,137.0,55.0,114.97,29.0,138.0,55.0,10.730000000000004,150.0,110.0,15.189327503217273,126.27,137.0,260,40.0,60.0,0.15,144.5,
07:41:04,129.13,97.0,187.88,25.0,109.52,81.0,355.67,21.0,58.75,178.0,46.0,16.914252865556698,129.13,187.88,224,132.0,-36.0,0.59,137.5,10.0
07:41:05,131.37,54.0,260.5,24.0,103.79,66.0,490.67,12.0,129.13,120.0,36.0,29.33832732109987,131.37,260.5,156,84.0,-68.0,0.54,150.0,3.0
07:41:06,129.14,49.0,256.69,16.0,103.91,79.0,435.92,12.0,127.55,128.0,28.0,26.90664323173737,129.14,256.69,156,100.0,0.0,0.64,156.0,1.0
07:41:07,146.0,9.0,273.8,15.0,137.08,50.0,516.28,18.0,127.8,59.0,33.0,31.980197310210592,146.0,273.8,92,26.0,-64.0,0.28,146.0,1.0
07:41:08,127.8,110.0,293.4,10.0,73.92,52.0,476.73,15.0,165.59999999999997,162.0,25.0,21.165613149635053,127.8,293.4,187,137.0,95.0,0.73,146.0,
07:41:10,148.98,117.0,360.21,19.0,130.15,79.0,452.91,22.0,211.23,196.0,41.0,27.19143615184767,148.98,360.21,237,155.0,-1.0,0.65,146.0,
07:41:11,150.12,40.0,315.0,24.0,148.68,88.0,316.0,8.0,164.88,128.0,32.0,26.59297877260106,150.12,315.0,160,96.0,-77.0,0.6,146.0,
07:41:12,151.33,30.0,238.75,8.0,148.0,42.0,319.88,16.0,87.41999999999999,72.0,24.0,28.53016789295166,151.33,238.75,96,48.0,-64.0,0.5,146.0,
07:41:13,152.0,55.0,226.6,25.0,148.0,77.0,254.56,27.0,74.6,132.0,52.0,30.90889645393391,152.0,226.6,184,80.0,88.0,0.43,146.0,
07:41:14,152.9,50.0,201.0,30.0,148.0,70.0,249.48,23.0,48.1,120.0,53.0,32.566191057598495,152.9,201.0,173,67.0,-11.0,0.39,146.0,
07:41:15,153.0,80.0,199.35,40.0,148.67,72.0,210.8,44.0,46.35,152.0,84.0,23.01249617055924,153.0,199.35,236,68.0,63.0,0.29,146.0,
07:41:16,153.0,55.0,192.71,31.0,151.0,22.0,193.22,27.0,39.71000000000001,77.0,58.0,9.570900166651011,153.0,192.71,135,19.0,-101.0,0.14,146.0,
07:41:17,153.0,54.0,179.72,25.0,151.0,18.0,187.64,11.0,26.72,72.0,36.0,8.368677912310801,153.0,179.72,108,36.0,-27.0,0.33,153.0,1.0
07:41:18,153.0,72.0,163.52,44.0,151.0,24.0,164.41,37.0,10.52000000000001,96.0,81.0,7.836175725441394,153.0,163.52,177,15.0,69.0,0.08,153.0,
07:41:19,153.1,89.0,158.64,55.0,151.78,46.0,159.62,63.0,5.539999999999992,135.0,118.0,8.848204902690474,153.1,158.64,253,17.0,76.0,0.07,153.6,5.0
07:41:20,152.73,44.0,155.18,45.0,149.38,48.0,156.94,49.0,2.450000000000017,92.0,94.0,7.931429253293161,152.73,155.18,186,-2.0,-67.0,-0.01,153.0,4.0
07:41:21,148.44,75.0,155.0,22.0,147.42,83.0,163.85,26.0,6.560000000000002,158.0,48.0,5.643267670418734,148.44,155.0,206,110.0,20.0,0.53,150.73,11.0
07:41:22,148.0,51.0,152.75,16.0,147.0,78.0,156.43,23.0,4.75,129.0,39.0,3.1600363921942862,148.0,152.75,168,90.0,-38.0,0.54,148.0,5.0
07:41:23,149.08,38.0,254.0,24.0,147.29,42.0,273.67,27.0,104.92,80.0,51.0,21.817994179117267,149.08,254.0,131,29.0,-37.0,0.22,150.33,3.0
07:41:24,148.82,22.0,349.78,36.0,147.29,42.0,520.83,24.0,200.96,64.0,60.0,43.62531512780167,148.82,349.78,124,4.0,-7.0,0.03,150.0,2.0
07:41:30,113.83,42.0,173.75,36.0,52.5,42.0,177.0,48.0,59.92,84.0,84.0,47.20222907872054,113.83,173.75,168,0.0,75.0,0.0,149.25,4.0
07:41:31,128.86,98.0,180.16,19.0,81.67,94.0,196.14,37.0,51.29999999999998,192.0,56.0,47.08235072720995,128.86,180.16,248,136.0,80.0,0.55,141.2,5.0
07:41:32,147.58,33.0,240.91,11.0,144.89,89.0,250.88,32.0,93.32999999999998,122.0,43.0,38.18019211580797,147.58,240.91,165,79.0,-83.0,0.48,141.2,
07:41:33,154.0,6.0,225.0,6.0,150.0,54.0,250.0,6.0,71.0,60.0,12.0,21.838820252019172,154.0,225.0,72,48.0,-93.0,0.67,154.0,1.0
07:41:34,150.0,117.0,204.91,22.0,111.62,135.0,257.64,22.0,54.91,252.0,44.0,21.978525200750013,150.0,204.91,296,208.0,173.5,0.7,154.0,
07:41:35,150.0,99.0,222.0,11.0,122.46,89.0,269.0,44.0,72.0,188.0,55.0,15.689902804033077,150.0,222.0,243,133.0,-53.0,0.55,154.0,
07:41:36,150.0,81.0,221.11,9.0,146.0,90.0,297.44,36.0,71.11000000000001,171.0,45.0,6.163018740844953,150.0,221.11,216,126.0,-27.0,0.58,154.0,
07:41:37,150.0,72.0,220.0,8.0,148.0,48.0,290.72,29.0,70.0,120.0,37.0,4.419334791572791,150.0,220.0,157,83.0,-59.0,0.53,154.0,
07:41:38,150.0,99.0,219.27,11.0,148.0,66.0,251.0,44.0,69.27000000000001,165.0,55.0,3.548985770611878,150.0,219.27,220,110.0,63.0,0.5,154.0,
07:41:39,150.16,75.0,179.5,18.0,148.6,60.0,229.07,27.0,29.340000000000003,135.0,45.0,9.169240971858311,150.16,179.5,180,90.0,-40.0,0.5,154.0,
07:41:40,151.1,60.0,217.4,10.0,150.0,90.0,315.96,23.0,66.30000000000001,150.0,33.0,8.97177407205538,151.1,217.4,183,117.0,3.0,0.64,154.0,
07:41:41,152.08,24.0,215.14,14.0,150.0,126.0,216.36,14.0,63.05999999999997,150.0,28.0,8.755959684695053,152.08,215.14,178,122.0,-5.0,0.69,152.0,5.0
07:41:42,153.38,13.0,213.54,13.0,151.22,131.0,216.0,13.0,60.16,144.0,26.0,8.581956070733822,153.38,213.54,170,118.0,-8.0,0.69,152.0,
07:41:43,152.08,50.0,210.69,29.0,150.12,268.0,211.0,27.0,58.60999999999999,318.0,56.0,8.274649841534385,152.08,210.69,374,262.0,173.5,0.7,152.4,5.0
07:41:44,152.17,46.0,206.68,34.0,150.07,239.0,207.1,41.0,54.51000000000002,285.0,75.0,1.9917404449389848,152.17,206.68,360,210.0,-14.0,0.58,152.4,
07:41:46,154.32,19.0,188.0,31.0,151.02,86.0,191.29,24.0,33.68000000000001,105.0,55.0,4.669006318265707,154.32,188.0,160,50.0,69.0,0.31,156.0,1.0
07:41:47,152.0,56.0,172.5,26.0,150.0,294.0,197.09,54.0,20.5,350.0,80.0,7.975244823828565,152.0,172.5,430,270.0,173.5,0.63,156.0,
07:41:48,150.4,160.0,169.63,19.0,149.37,178.0,170.65,49.0,19.22999999999999,338.0,68.0,9.124457792110366,150.4,169.63,406,270.0,-24.0,0.67,151.6,5.0
07:41:49,154.0,41.0,166.06,53.0,151.0,120.0,168.72,39.0,12.060000000000002,161.0,92.0,8.42469762068663,154.0,166.06,253,69.0,-153.0,0.27,154.0,1.0
07:41:50,154.0,17.0,164.54,56.0,151.0,128.0,165.55,40.0,10.539999999999992,145.0,96.0,4.942967732041388,154.0,164.54,241,49.0,-12.0,0.2,154.0,1.0
07:41:51,154.0,16.0,160.63,51.0,151.0,128.0,161.18,33.0,6.629999999999996,144.0,84.0,1.7735501120639303,154.0,160.63,228,60.0,-13.0,0.26,154.0,
07:41:52,154.0,12.0,155.55,55.0,151.3,66.0,156.6,52.0,1.5500000000000114,78.0,107.0,2.25450659790602,154.0,155.55,185,-29.0,-43.0,-0.16,154.0,1.0
07:41:53,151.22,54.0,154.36,28.0,150.31,104.0,155.39,46.0,3.140000000000015,158.0,74.0,3.040934067026368,151.22,154.36,232,84.0,47.0,0.36,153.0,2.0
07:41:54,151.0,87.0,152.88,48.0,150.0,144.0,153.79,48.0,1.8799999999999957,231.0,96.0,3.0674223706560566,151.0,152.88,327,135.0,95.0,0.41,151.0,1.0
07:41:55,151.0,53.0,152.14,35.0,150.0,132.0,153.06,53.0,1.1399999999999864,185.0,88.0,2.3789031085777563,151.0,152.14,273,97.0,-54.0,0.36,151.0,3.0
07:41:56,150.03,122.0,254.63,30.0,148.23,106.0,424.95,56.0,104.6,228.0,86.0,22.199563058763168,150.03,254.63,314,142.0,41.0,0.45,150.36,11.0
07:41:57,150.0,75.0,266.94,34.0,148.59,44.0,407.48,52.0,116.94,119.0,86.0,29.277552834893896,150.0,266.94,205,33.0,-109.0,0.16,150.36,
07:41:58,150.0,65.0,166.12,25.0,148.0,156.0,171.47,53.0,16.120000000000005,221.0,78.0,28.43184183270587,150.0,166.12,299,143.0,94.0,0.48,150.36,
07:41:59,151.75,32.0,162.0,14.0,149.41,64.0,182.76,67.0,10.25,96.0,81.0,27.52437774046861,151.75,162.0,177,15.0,-122.0,0.08,150.36,
07:42:00,153.0,21.0,159.57,7.0,152.0,7.0,255.0,28.0,6.569999999999993,28.0,35.0,26.564298033262688,153.0,159.57,63,-7.0,-114.0,-0.11,150.36,
07:42:01,149.81,67.0,156.69,13.0,147.84,128.0,213.04,55.0,6.879999999999996,195.0,68.0,23.47884686265495,149.81,156.69,263,127.0,173.5,0.48,150.71,7.0
07:42:02,149.0,54.0,155.85,13.0,147.56,145.0,165.0,65.0,6.849999999999994,199.0,78.0,2.4268807140032824,149.0,155.85,277,121.0,14.0,0.44,149.0,6.0
07:42:03,148.0,60.0,154.75,12.0,147.0,192.0,184.64,33.0,6.75,252.0,45.0,2.4213694472345506,148.0,154.75,297,207.0,20.0,0.7,149.0,
07:42:04,148.21,43.0,153.82,11.0,147.1,143.0,202.45,22.0,5.609999999999985,186.0,33.0,2.1049346783215963,148.21,153.82,219,153.0,-78.0,0.7,148.75,4.0
07:42:05,148.0,40.0,151.5,10.0,147.0,160.0,170.33,12.0,3.5,200.0,22.0,1.3422630144650058,148.0,151.5,222,178.0,3.0,0.8,148.75,
07:42:06,148.0,23.0,149.42,19.0,147.0,112.0,234.57,23.0,1.4199999999999875,135.0,42.0,1.446454285485909,148.0,149.42,177,93.0,-45.0,0.53,149.25,4.0
07:42:07,147.06,104.0,149.0,27.0,146.28,116.0,410.42,33.0,1.9399999999999975,220.0,60.0,1.4388467604301782,147.06,149.0,280,160.0,103.0,0.57,147.6,5.0
07:42:08,147.0,112.0,149.0,24.0,146.0,96.0,287.36,22.0,2.0,208.0,46.0,1.2823416081529546,147.0,149.0,254,162.0,-26.0,0.64,147.6,
07:42:09,147.07,45.0,149.0,18.0,146.54,78.0,462.92,24.0,1.9300000000000068,123.0,42.0,0.7580105540163798,147.07,149.0,165,81.0,-89.0,0.49,147.6,
07:42:10,147.1,86.0,190.14,42.0,146.53,179.0,447.06,49.0,43.03999999999999,265.0,91.0,9.140348461628852,147.1,190.14,356,174.0,173.5,0.49,147.57,7.0
07:42:11,147.0,120.0,242.75,36.0,146.0,144.0,419.49,37.0,95.75,264.0,73.0,20.676374682230996,147.0,242.75,337,191.0,-19.0,0.57,147.0,2.0
07:42:12,147.0,108.0,195.62,39.0,146.0,144.0,282.24,42.0,48.620000000000005,252.0,81.0,19.46724608155976,147.0,195.62,333,171.0,-4.0,0.51,147.0,
07:42:13,147.0,81.0,174.89,27.0,146.0,108.0,375.67,27.0,27.889999999999983,189.0,54.0,17.17310193296495,147.0,174.89,243,135.0,-90.0,0.56,147.0,
07:42:14,147.0,50.0,174.0,18.0,146.0,72.0,229.83,18.0,27.0,122.0,36.0,14.028150270082127,147.0,174.0,158,86.0,-85.0,0.54,147.0,1.0
07:42:15,148.11,54.0,172.88,24.0,146.53,76.0,213.0,24.0,24.769999999999985,130.0,48.0,14.855952678977028,148.11,172.88,178,82.0,20.0,0.46,147.0,
07:42:16,149.36,44.0,171.8,30.0,147.67,72.0,522.3,44.0,22.44,116.0,74.0,4.780892176153195,149.36,171.8,190,42.0,12.0,0.22,151.0,2.0
07:42:17,150.06,84.0,168.0,63.0,148.02,114.0,323.96,73.0,17.939999999999998,198.0,136.0,0.7376787918885996,150.06,168.0,334,62.0,144.0,0.19,151.0,3.0
07:42:18,153.0,44.0,167.0,45.0,149.59,34.0,168.0,27.0,14.0,78.0,72.0,0.6510376333225163,153.0,167.0,150,6.0,-174.5,0.04,151.0,
07:42:19,153.0,50.0,166.07,42.0,149.08,72.0,167.17,54.0,13.069999999999991,122.0,96.0,0.6525105363150421,153.0,166.07,218,26.0,68.0,0.12,153.0,2.0
07:42:20,153.0,36.0,164.36,33.0,150.0,54.0,166.15,39.0,11.360000000000014,90.0,72.0,0.7565579951345806,153.0,164.36,162,18.0,-56.0,0.11,153.0,
07:42:21,153.69,26.0,161.17,47.0,151.33,54.0,162.02,41.0,7.47999999999999,80.0,88.0,0.9797091405115644,153.69,161.17,168,-8.0,6.0,-0.05,153.0,
07:42:23,153.45,29.0,157.43,37.0,151.64,66.0,184.12,50.0,3.980000000000018,95.0,87.0,1.545050160998559,153.45,157.43,182,8.0,-39.0,0.04,156.0,1.0
07:42:24,153.47,19.0,155.4,20.0,152.64,28.0,156.73,22.0,1.9300000000000068,47.0,42.0,1.721476110784422,153.47,155.4,89,5.0,-93.0,0.06,154.0,1.0
07:42:25,153.0,15.0,154.1,40.0,152.0,22.0,155.1,20.0,1.0999999999999943,37.0,60.0,1.778637118695426,153.0,154.1,97,-23.0,8.0,-0.24,153.0,1.0
07:42:26,153.0,10.0,154.0,58.0,152.0,20.0,155.0,20.0,1.0,30.0,78.0,1.6774325619830288,153.0,154.0,108,-48.0,11.0,-0.44,153.0,
07:42:27,150.05,133.0,153.08,63.0,148.76,21.0,153.81,54.0,3.030000000000001,154.0,117.0,1.4332899218234412,150.05,153.08,271,37.0,163.0,0.14,150.78,9.0
07:42:28,150.0,82.0,151.0,22.0,148.0,11.0,153.0,44.0,1.0,93.0,66.0,1.622436439433112,150.0,151.0,159,27.0,-112.0,0.17,150.78,
07:42:29,150.0,23.0,151.0,22.0,148.0,11.0,157.85,39.0,1.0,34.0,61.0,1.52607994548129,150.0,151.0,95,-27.0,-64.0,-0.28,150.0,4.0
07:42:30,150.0,9.0,265.0,20.0,148.0,9.0,388.73,33.0,115.0,18.0,53.0,25.06720407225352,150.0,265.0,71,-35.0,-24.0,-0.49,150.0,
07:42:32,150.0,18.0,238.12,24.0,147.75,12.0,383.03,38.0,88.12,30.0,62.0,69.8564478054819,150.0,238.12,92,-32.0,13.0,-0.35,151.5,4.0
07:42:33,146.43,23.0,168.05,55.0,133.62,45.0,199.06,16.0,21.620000000000005,68.0,71.0,68.6026320194788,146.43,168.05,139,-3.0,47.0,-0.02,146.75,4.0
07:42:34,146.0,28.0,166.45,44.0,132.38,52.0,260.6,40.0,20.44999999999999,80.0,84.0,67.48121242242183,146.0,166.45,164,-4.0,25.0,-0.02,146.75,
07:42:35,147.29,28.0,160.14,14.0,130.17,12.0,165.6,20.0,12.849999999999994,40.0,34.0,71.58509572529756,147.29,160.14,74,6.0,-90.0,0.08,146.75,
07:42:36,148.0,216.0,161.21,28.0,146.0,24.0,164.29,42.0,13.210000000000008,240.0,70.0,17.32257053673046,148.0,161.21,310,170.0,173.5,0.55,146.75,
07:42:37,149.74,149.0,162.0,26.0,147.94,186.0,163.0,52.0,12.259999999999993,335.0,78.0,1.3864054241093269,149.74,162.0,413,257.0,103.0,0.62,150.0,5.0
07:42:38,153.0,110.0,158.89,36.0,148.0,198.0,160.13,30.0,5.889999999999986,308.0,66.0,1.0723432286351549,153.0,158.89,374,242.0,-39.0,0.65,150.0,
07:42:39,153.0,100.0,156.38,26.0,148.0,180.0,157.29,34.0,3.3799999999999955,280.0,60.0,0.9415837721624049,153.0,156.38,340,220.0,-34.0,0.65,155.0,2.0
07:42:40,153.0,106.0,156.78,36.0,148.29,126.0,158.4,30.0,3.780000000000001,232.0,66.0,0.6520736154757812,153.0,156.78,298,166.0,-42.0,0.56,153.0,2.0
07:42:41,153.0,56.0,155.23,26.0,148.0,216.0,156.26,46.0,2.2299999999999898,272.0,72.0,0.7859834603855441,153.0,155.23,344,200.0,46.0,0.58,153.0,4.0
07:42:42,148.44,123.0,153.92,24.0,147.45,44.0,155.78,23.0,5.47999999999999,167.0,47.0,1.7933293060671651,148.44,153.92,214,120.0,-130.0,0.56,152.0,5.0
07:42:43,148.69,26.0,151.73,22.0,146.44,27.0,154.0,22.0,3.039999999999992,53.0,44.0,2.166649487111147,148.69,151.73,97,9.0,-117.0,0.09,150.25,4.0
07:42:44,148.0,17.0,149.75,16.0,146.0,40.0,154.14,14.0,1.75,57.0,30.0,2.56679371979882,148.0,149.75,87,27.0,-10.0,0.31,148.0,2.0
07:42:45,148.22,9.0,247.17,18.0,146.06,36.0,393.75,12.0,98.95,45.0,30.0,20.9256787225648,148.22,247.17,75,15.0,-12.0,0.2,149.0,2.0
07:42:46,151.0,10.0,153.0,10.0,148.0,5.0,526.3,10.0,2.0,15.0,20.0,21.105844451241484,151.0,153.0,35,-5.0,-40.0,-0.14,149.0,
07:42:47,138.61,28.0,153.0,12.0,133.89,27.0,279.0,6.0,14.389999999999986,55.0,18.0,21.79334370857305,138.61,153.0,73,37.0,38.0,0.51,148.0,10.0
07:42:48,122.28,142.0,259.14,37.0,120.0,84.0,349.31,16.0,136.86,226.0,53.0,25.03404342090992,122.28,259.14,279,173.0,173.5,0.62,148.0,
07:42:50,129.22,23.0,292.71,7.0,123.4,53.0,400.0,14.0,163.48999999999998,76.0,21.0,33.46972168990956,129.22,292.71,97,55.0,-174.5,0.57,136.75,8.0
07:42:51,149.2,90.0,289.5,16.0,148.0,55.0,490.57,14.0,140.3,145.0,30.0,39.42793958603475,149.2,289.5,175,115.0,78.0,0.66,136.75,
07:42:52,150.0,63.0,348.86,14.0,148.0,42.0,703.86,7.0,198.86,105.0,21.0,44.222285332171744,150.0,348.86,126,84.0,-49.0,0.67,136.75,
07:42:53,150.3,90.0,168.8,20.0,148.08,50.0,396.62,37.0,18.5,140.0,57.0,47.940023779718864,150.3,168.8,197,83.0,71.0,0.42,136.75,
07:42:54,151.0,60.0,262.13,30.0,150.0,8.0,430.38,21.0,111.13,68.0,51.0,32.3907560887364,151.0,262.13,119,17.0,-78.0,0.14,151.0,3.0
07:42:55,152.5,48.0,273.0,32.0,150.0,8.0,274.5,32.0,120.5,56.0,64.0,32.42519390844123,152.5,273.0,120,-8.0,1.0,-0.07,151.0,
07:42:56,153.0,37.0,263.49,37.0,150.0,9.0,272.56,36.0,110.49,46.0,73.0,31.96137543973997,153.0,263.49,119,-27.0,-1.0,-0.23,153.0,4.0
07:42:57,152.31,13.0,175.75,32.0,148.67,15.0,226.16,31.0,23.44,28.0,63.0,26.10655320029838,152.31,175.75,91,-35.0,-28.0,-0.38,153.0,2.0
07:42:58,149.33,30.0,152.83,36.0,124.38,80.0,171.33,51.0,3.5,110.0,87.0,28.737112415829277,149.33,152.83,197,23.0,106.0,0.12,150.0,2.0
07:42:59,148.0,40.0,152.0,32.0,124.72,43.0,182.76,37.0,4.0,83.0,69.0,30.914500642902297,148.0,152.0,152,14.0,-45.0,0.09,150.0,
07:43:00,148.0,30.0,152.0,24.0,146.0,24.0,322.67,18.0,4.0,54.0,42.0,25.06920621001,148.0,152.0,96,12.0,-56.0,0.12,150.0,
07:43:01,148.0,40.0,150.86,28.0,146.84,25.0,156.86,14.0,2.8600000000000136,65.0,42.0,6.24599631764225,148.0,150.86,107,23.0,11.0,0.21,150.0,
07:43:02,148.0,11.0,149.0,22.0,146.86,28.0,452.35,34.0,1.0,39.0,56.0,0.9414456967875512,148.0,149.0,95,-17.0,-12.0,-0.18,148.0,4.0
07:43:03,148.0,11.0,257.78,37.0,147.0,22.0,343.55,40.0,109.77999999999996,33.0,77.0,23.89242829852173,148.0,257.78,110,-44.0,15.0,-0.4,149.0,2.0
07:43:04,152.21,19.0,342.37,43.0,147.22,23.0,441.57,28.0,190.16,42.0,71.0,44.37892709383595,152.21,342.37,113,-29.0,3.0,-0.26,149.0,
07:43:07,154.36,22.0,326.91,23.0,152.46,28.0,457.96,27.0,172.55,50.0,50.0,31.3284970913068,154.36,326.91,100,0.0,0.0,0.0,155.0,3.0
07:43:09,150.03,37.0,397.5,20.0,147.75,40.0,408.3,20.0,247.47,77.0,40.0,48.31430771521026,150.03,397.5,117,37.0,-14.0,0.32,150.14,7.0
07:43:10,148.0,26.0,199.45,29.0,147.0,26.0,239.12,34.0,51.44999999999999,52.0,63.0,60.1007501617078,148.0,199.45,115,-11.0,-2.0,-0.1,150.14,
07:43:11,148.0,16.0,164.8,20.0,147.0,16.0,239.55,20.0,16.80000000000001,32.0,40.0,67.16001414532325,148.0,164.8,72,-8.0,-43.0,-0.11,150.14,
07:43:12,148.0,20.0,161.67,27.0,147.0,20.0,162.83,23.0,13.669999999999987,40.0,50.0,74.96488091099734,148.0,161.66999999999996,90,-10.0,18.0,-0.11,150.14,
07:43:13,146.52,31.0,156.31,39.0,128.37,54.0,157.33,36.0,9.789999999999992,85.0,75.0,52.00425492207347,146.52,156.31,160,10.0,70.0,0.06,147.2,5.0
07:43:14,145.7,120.0,151.94,36.0,127.85,93.0,153.4,40.0,6.240000000000009,213.0,76.0,9.782398990022582,145.7,151.94,289,137.0,129.0,0.47,147.2,
07:43:15,146.0,109.0,147.88,32.0,106.53,162.0,149.77,26.0,1.8799999999999957,271.0,58.0,3.966137919940892,146.0,147.88,329,213.0,40.0,0.65,146.6,5.0
07:43:16,146.0,181.0,149.07,41.0,89.0,80.0,153.26,35.0,3.069999999999993,261.0,76.0,3.243542816118274,146.0,149.07,337,185.0,8.0,0.55,147.6,5.0
07:43:17,146.0,76.0,148.91,11.0,90.78,36.0,451.89,37.0,2.9099999999999966,112.0,48.0,1.8031278379504776,146.0,148.91,160,64.0,-174.5,0.4,146.0,2.0
07:43:18,146.0,20.0,150.0,5.0,108.8,20.0,453.0,25.0,4.0,40.0,30.0,0.7066823897563512,146.0,150.0,70,10.0,-90.0,0.14,146.0,5.0
07:43:19,150.69,32.0,252.39,36.0,142.67,18.0,522.67,52.0,101.7,50.0,88.0,24.17817776425667,150.69,252.39,138,-38.0,68.0,-0.28,150.0,1.0
07:43:21,151.37,19.0,227.22,45.0,146.88,17.0,440.7,43.0,75.85,36.0,88.0,86.57126284166137,151.37,227.22,124,-52.0,58.0,-0.42,152.0,3.0
07:43:22,149.8,5.0,386.0,13.0,147.2,5.0,505.57,7.0,236.2,10.0,20.0,81.88427077284152,149.8,386.0,30,-10.0,-94.0,-0.33,152.0,
07:43:23,150.78,59.0,273.11,46.0,137.94,17.0,405.95,60.0,122.33,76.0,106.0,69.35909039195967,150.78,273.11,182,-30.0,152.0,-0.16,149.25,4.0
07:43:24,146.27,11.0,394.0,21.0,113.27,22.0,416.96,25.0,247.73,33.0,46.0,65.1152825379729,146.27,394.0,79,-13.0,-103.0,-0.16,149.25,
07:43:25,146.64,14.0,326.88,41.0,113.56,45.0,343.02,44.0,180.24,59.0,85.0,35.143863191174994,146.64,326.88,144,-26.0,65.0,-0.18,147.0,2.0
07:43:26,146.0,16.0,258.49,43.0,126.0,144.0,261.33,36.0,112.49,160.0,79.0,31.16977831169202,146.0,258.49,239,81.0,95.0,0.34,147.0,
07:43:27,146.0,7.0,214.12,16.0,126.0,63.0,223.4,15.0,68.12,70.0,31.0,34.53346956215112,146.0,214.12,101,39.0,-138.0,0.39,147.0,
07:43:28,122.76,124.0,211.96,52.0,93.68,96.0,212.93,43.0,89.2,220.0,95.0,42.12808232046663,122.76,211.96,315,125.0,173.5,0.4,143.8,5.0
07:43:29,141.0,42.0,200.12,25.0,104.08,52.0,211.39,23.0,59.120000000000005,94.0,48.0,28.791743260872625,141.0,200.12,142,46.0,-173.0,0.32,143.8,
07:43:30,114.15,52.0,158.25,40.0,86.73,60.0,164.46,56.0,44.1,112.0,96.0,23.88567101841595,114.15,158.25,208,16.0,66.0,0.08,143.8,
07:43:31,141.77,22.0,156.95,44.0,137.69,58.0,170.37,52.0,15.179999999999978,80.0,96.0,17.6439088639675,141.77,156.95,176,-16.0,-32.0,-0.09,143.8,
07:43:32,147.0,13.0,154.78,36.0,146.0,52.0,155.79,43.0,7.780000000000001,65.0,79.0,14.115111760095571,147.0,154.78,144,-14.0,-32.0,-0.1,143.8,
07:43:33,147.0,8.0,154.04,23.0,146.0,32.0,181.1,10.0,7.039999999999992,40.0,33.0,12.280935632108278,147.0,154.04,73,7.0,-71.0,0.1,153.83,6.0
07:43:34,147.88,17.0,153.93,29.0,145.0,35.0,197.8,15.0,6.050000000000011,52.0,44.0,6.39064394251354,147.88,153.93,96,8.0,23.0,0.08,148.6,5.0
07:43:35,146.0,21.0,150.43,21.0,109.0,7.0,153.0,7.0,4.430000000000007,28.0,28.0,1.1728043315003451,146.0,150.43,56,0.0,-40.0,0.0,148.6,
