Time,Bid1_Price,Bid1_Volume,Ask1_Price,Ask1_Volume,Bid2_Price,Bid2_Volume,Ask2_Price,Ask2_Volume,Mid-Price,Bid_Ask_Spread,Market_Depth_Bid,Market_Depth_Ask,Historical_Volatility,Weighted_Avg_Bid_Price,Weighted_Avg_Ask_Price,Total_volume,Cumulative_Volume_Difference,Total_Volume_Change_Corrected,Order_imbalance,Weighted_Avg_Price,Trade_Volume
07:30:21,314.27,77.0,315.78,37.0,311.84,86.0,317.79,38.0,315.03,1.509999999999991,163.0,75.0,3.809809706535181,314.27,315.78,238,88.0,39.0,0.37,313.75,4.0
07:30:22,315.12,64.0,318.0,15.0,302.78,23.0,319.0,60.0,316.56,2.8799999999999955,87.0,75.0,3.290056230524029,315.12,318.0,162,12.0,-76.0,0.07,315.5,2.0
07:30:23,316.64,44.0,318.7,23.0,296.29,42.0,323.0,36.0,317.67,2.0600000000000023,86.0,59.0,2.471187973427003,316.64,318.7,145,27.0,-17.0,0.19,318.0,1.0
07:30:24,318.36,56.0,331.32,38.0,315.74,65.0,360.53,43.0,324.84,12.95999999999998,121.0,81.0,4.384261625406328,318.36,331.32,202,40.0,57.0,0.2,319.0,4.0
07:30:25,320.8,60.0,334.26,31.0,319.69,52.0,335.6,25.0,327.53,13.45999999999998,112.0,56.0,5.512679022037375,320.8,334.26,168,56.0,-34.0,0.33,319.0,
07:30:26,322.07,56.0,332.53,34.0,320.76,63.0,333.78,18.0,327.3,10.45999999999998,119.0,52.0,5.292376592799449,322.07,332.53,171,67.0,3.0,0.39,319.0,
07:30:27,324.06,54.0,329.39,36.0,321.0,72.0,332.0,36.0,326.72,5.329999999999984,126.0,72.0,4.129984261472661,324.06,329.39,198,54.0,27.0,0.27,319.0,
07:30:28,326.18,40.0,328.13,30.0,324.55,55.0,329.4,30.0,327.15,1.9499999999999889,95.0,60.0,1.0852511230181257,326.18,328.13,155,35.0,-43.0,0.23,327.0,2.0
07:30:29,326.0,47.0,327.8,25.0,324.0,60.0,331.0,20.0,326.9,1.8000000000000114,107.0,45.0,0.3200781154845052,326.0,327.8,152,62.0,-3.0,0.41,327.0,
07:30:30,326.0,84.0,327.0,18.0,323.88,69.0,329.67,36.0,326.5,1.0,153.0,54.0,0.3216830738663255,326.0,327.0,207,99.0,55.0,0.48,326.0,2.0
07:30:31,322.09,23.0,324.25,32.0,312.14,140.0,339.93,28.0,323.17,2.160000000000025,163.0,60.0,1.6485660435699474,322.09,324.25,223,103.0,16.0,0.46,322.0,3.0
07:30:32,312.77,52.0,317.0,35.0,311.99,196.0,327.61,31.0,314.88,4.230000000000018,248.0,66.0,5.197446488422115,312.77,317.0,314,182.0,91.0,0.58,316.0,1.0
07:30:33,312.5,66.0,317.15,26.0,311.51,82.0,322.88,32.0,314.83,4.649999999999977,148.0,58.0,6.020060630924822,312.5,317.15,206,90.0,-108.0,0.44,315.0,3.0
07:30:34,312.0,132.0,320.24,34.0,307.45,11.0,322.62,37.0,316.12,8.240000000000009,143.0,71.0,5.39088582702422,312.0,320.24,214,72.0,8.0,0.34,315.0,
07:30:35,312.0,132.0,319.26,46.0,306.0,11.0,321.79,19.0,315.63,7.259999999999991,143.0,65.0,3.531859283721553,312.0,319.26,208,78.0,-6.0,0.38,319.0,5.0
07:30:36,309.67,108.0,321.0,18.0,306.0,9.0,328.0,18.0,315.33,11.329999999999984,117.0,36.0,0.5391382012153928,309.67,321.0,153,81.0,-55.0,0.53,319.0,
07:30:37,309.0,120.0,321.0,20.0,306.0,10.0,334.0,20.0,315.0,12.0,130.0,40.0,0.5146552244073455,309.0,321.0,170,90.0,17.0,0.53,319.0,
07:30:38,309.0,64.0,321.0,10.0,306.0,5.0,334.0,10.0,315.0,12.0,69.0,20.0,0.4730010570916075,309.0,321.0,89,49.0,-81.0,0.55,319.0,
07:30:39,309.0,126.0,328.57,21.0,306.0,9.0,334.83,24.0,318.79,19.569999999999997,135.0,45.0,1.6091457361003634,309.0,328.57,180,90.0,91.0,0.5,321.0,2.0
07:30:40,311.45,94.0,339.0,28.0,310.28,64.0,357.42,26.0,325.22,27.55000000000001,158.0,54.0,4.410053287661119,311.45,339.0,212,104.0,32.0,0.49,316.0,1.0
07:30:41,323.75,32.0,338.1,58.0,322.0,16.0,341.56,41.0,330.93,14.350000000000025,48.0,99.0,6.95155881799267,323.75,338.1,147,-51.0,-65.0,-0.35,316.0,
07:30:42,325.53,38.0,335.44,61.0,323.58,19.0,338.71,42.0,330.48,9.910000000000023,57.0,103.0,7.064214747586078,325.53,335.44,160,-46.0,13.0,-0.29,316.0,
07:30:43,326.29,34.0,331.18,44.0,325.77,52.0,333.09,33.0,328.74,4.889999999999986,86.0,77.0,5.025293026283488,326.29,331.18,163,9.0,3.0,0.06,316.0,
07:30:44,326.77,44.0,328.8,70.0,325.98,231.0,334.33,54.0,327.79,2.0300000000000296,275.0,124.0,2.294465079275356,326.77,328.8,399,151.0,173.5,0.38,328.0,2.0
07:30:45,326.0,117.0,328.0,24.0,322.0,12.0,336.0,36.0,327.0,2.0,129.0,60.0,1.6916175690782522,326.0,328.0,189,69.0,-174.5,0.37,326.0,5.0
07:30:46,326.0,72.0,328.0,18.0,322.0,9.0,336.44,27.0,327.0,2.0,81.0,45.0,1.460999657773389,326.0,328.0,126,36.0,-63.0,0.29,326.0,
07:30:47,326.0,80.0,328.0,20.0,322.0,10.0,338.0,30.0,327.0,2.0,90.0,50.0,0.7699870128863917,326.0,328.0,140,40.0,14.0,0.29,326.0,
07:30:48,326.0,70.0,335.9,31.0,322.0,11.0,341.0,24.0,330.95,9.899999999999975,81.0,55.0,1.7126791877096637,326.0,335.9,136,26.0,-4.0,0.19,326.0,2.0
07:30:49,326.0,44.0,337.0,30.0,322.0,10.0,341.0,20.0,331.5,11.0,54.0,50.0,2.3222833591131944,326.0,337.0,104,4.0,-32.0,0.04,326.0,2.0
07:30:50,326.0,24.0,337.0,18.0,323.82,11.0,341.0,12.0,331.5,11.0,35.0,30.0,2.374973684067752,326.0,337.0,65,5.0,-39.0,0.08,326.0,
07:30:51,326.0,40.0,337.0,30.0,324.0,20.0,341.0,20.0,331.5,11.0,60.0,50.0,1.965451602053492,326.0,337.0,110,10.0,45.0,0.09,326.0,
07:30:52,326.0,39.0,336.54,39.0,324.0,26.0,338.75,32.0,331.27,10.54000000000002,65.0,71.0,0.241722981975,326.0,336.54,136,-6.0,26.0,-0.04,326.0,1.0
07:30:53,326.0,27.0,336.0,33.0,324.0,22.0,337.0,33.0,331.0,10.0,49.0,66.0,0.2215400641303771,326.0,336.0,115,-17.0,-21.0,-0.15,326.0,2.0
07:30:54,326.0,20.0,334.17,64.0,324.0,40.0,336.9,60.0,330.09,8.170000000000016,60.0,124.0,0.586319025799807,326.0,334.17,184,-64.0,69.0,-0.35,326.0,
07:30:55,326.0,13.0,330.55,47.0,324.92,98.0,331.23,61.0,328.28,4.550000000000011,111.0,108.0,1.3146748647535198,326.0,330.55,219,3.0,35.0,0.01,326.0,
07:30:56,326.0,8.0,328.0,24.0,325.0,80.0,330.0,40.0,327.0,2.0,88.0,64.0,1.8347670151859723,326.0,328.0,152,24.0,-67.0,0.16,326.0,
07:30:57,325.03,113.0,328.36,55.0,324.58,52.0,330.35,52.0,326.7,3.330000000000041,165.0,107.0,1.887559270596346,325.03,328.36,272,58.0,120.0,0.21,326.0,1.0
07:30:58,325.0,108.0,327.43,49.0,324.0,22.0,327.97,34.0,326.21,2.430000000000007,130.0,83.0,1.561163028006323,325.0,327.43,213,47.0,-59.0,0.22,325.6,5.0
07:30:59,324.98,94.0,326.0,30.0,323.47,38.0,327.18,55.0,325.49,1.0199999999999818,132.0,85.0,1.034905792820538,324.98,326.0,217,47.0,4.0,0.22,325.0,8.0
07:31:00,323.48,27.0,326.0,13.0,321.98,102.0,338.93,29.0,324.74,2.519999999999982,129.0,42.0,0.9189504883361402,323.48,326.0,171,87.0,-46.0,0.51,323.33,6.0
07:31:01,322.0,89.0,325.35,23.0,321.0,26.0,339.22,54.0,323.67,3.3500000000000227,115.0,77.0,1.20161141806033,322.0,325.35,192,38.0,21.0,0.2,322.0,1.0
07:31:02,322.0,46.0,323.0,8.0,321.0,16.0,334.29,14.0,322.5,1.0,62.0,22.0,1.470397905334684,322.0,323.0,84,40.0,-108.0,0.48,322.0,1.0
07:31:03,322.0,35.0,323.0,7.0,321.0,14.0,329.12,33.0,322.5,1.0,49.0,40.0,1.3355336012292405,322.0,323.0,89,9.0,5.0,0.1,322.0,
07:31:04,322.0,24.0,332.5,8.0,321.0,10.0,342.22,18.0,327.25,10.5,34.0,26.0,1.9768586191259148,322.0,332.5,60,8.0,-29.0,0.13,322.0,1.0
07:31:05,322.0,24.0,342.0,24.0,321.0,12.0,344.0,12.0,332.0,20.0,36.0,36.0,4.081241232763978,322.0,342.0,72,0.0,12.0,0.0,322.0,
07:31:06,322.0,48.0,342.0,36.0,319.91,22.0,344.0,18.0,332.0,20.0,70.0,54.0,4.750000000001398,322.0,342.0,124,16.0,52.0,0.13,322.0,
07:31:07,322.0,80.0,338.86,43.0,315.0,30.0,342.93,30.0,330.43,16.860000000000014,110.0,73.0,4.0380354134174805,322.0,338.86,183,37.0,59.0,0.2,322.0,
07:31:08,322.0,64.0,336.03,39.0,316.43,14.0,354.82,39.0,329.01,14.029999999999973,78.0,78.0,2.0391346203755267,322.0,336.03,156,0.0,-27.0,0.0,322.0,
07:31:09,322.85,40.0,338.89,71.0,322.15,39.0,425.5,60.0,330.87,16.039999999999964,79.0,131.0,1.2456604673883975,322.85,338.89,210,-52.0,54.0,-0.25,322.0,5.0
07:31:10,326.81,26.0,337.35,51.0,323.72,32.0,341.2,30.0,332.08,10.54000000000002,58.0,81.0,1.26430613381976,326.81,337.35,139,-23.0,-71.0,-0.17,322.0,
07:31:11,328.73,37.0,340.0,48.0,327.5,18.0,342.0,24.0,334.36,11.269999999999982,55.0,72.0,2.00906694761882,328.73,340.0,127,-17.0,-12.0,-0.13,322.0,
07:31:12,329.0,33.0,340.0,44.0,328.0,11.0,342.0,22.0,334.5,11.0,44.0,66.0,2.34032690024591,329.0,340.0,110,-22.0,-17.0,-0.2,322.0,
07:31:13,329.0,30.0,340.0,40.0,328.0,10.0,342.0,20.0,334.5,11.0,40.0,60.0,1.6874299985525092,329.0,340.0,100,-20.0,-10.0,-0.2,322.0,
07:31:14,329.0,36.0,339.53,38.0,328.0,12.0,340.67,36.0,334.26,10.529999999999973,48.0,74.0,1.0447009141448704,329.0,339.53,122,-26.0,22.0,-0.21,322.0,
07:31:15,329.0,33.0,338.97,62.0,328.0,11.0,341.5,24.0,333.98,9.970000000000027,44.0,86.0,0.2154065923206994,329.0,338.97,130,-42.0,8.0,-0.32,322.0,
07:31:16,329.0,51.0,338.0,34.0,328.0,17.0,339.0,68.0,333.5,9.0,68.0,102.0,0.4208562700200102,329.0,338.0,170,-34.0,40.0,-0.2,322.0,
07:31:17,328.94,33.0,338.0,28.0,327.86,14.0,339.0,56.0,333.47,9.060000000000002,47.0,84.0,0.456092095979619,328.94,338.0,131,-37.0,-39.0,-0.28,328.17,6.0
07:31:18,325.73,15.0,337.69,32.0,324.15,41.0,338.92,48.0,331.71,11.95999999999998,56.0,80.0,0.9931918243798488,325.7300000000001,337.69,136,-24.0,5.0,-0.18,325.0,8.0
07:31:19,324.0,23.0,334.96,53.0,322.0,52.0,336.23,44.0,329.48,10.95999999999998,75.0,97.0,1.8607713454410968,324.0,334.9599999999999,172,-22.0,36.0,-0.13,324.0,2.0
07:31:20,322.95,19.0,333.09,55.0,320.52,71.0,334.29,58.0,328.02,10.139999999999986,90.0,113.0,2.4375869215300456,322.95,333.09,203,-23.0,31.0,-0.11,322.67,3.0
07:31:21,322.0,24.0,329.61,54.0,319.0,84.0,331.73,30.0,325.81,7.610000000000014,108.0,84.0,3.01064278851109,322.0,329.61000000000007,192,24.0,-11.0,0.12,322.67,
07:31:22,322.0,18.0,324.83,18.0,319.0,70.0,325.77,31.0,323.42,2.829999999999984,88.0,49.0,3.210945343666419,322.0,324.83,137,39.0,-55.0,0.28,322.0,1.0
07:31:23,319.25,59.0,321.9,40.0,318.37,95.0,325.98,43.0,320.58,2.6499999999999773,154.0,83.0,3.5641436559168644,319.25,321.9,237,71.0,100.0,0.3,319.5,6.0
07:31:24,319.0,16.0,330.25,8.0,318.0,40.0,338.5,20.0,324.62,11.25,56.0,28.0,2.7682666056599587,319.0,330.25,84,28.0,-153.0,0.33,320.0,1.0
07:31:25,321.0,70.0,333.0,10.0,319.2,20.0,338.0,30.0,327.0,12.0,90.0,40.0,2.4639561684437683,321.0,333.0,130,50.0,46.0,0.38,320.0,
07:31:26,321.39,23.0,333.0,11.0,320.94,71.0,338.0,33.0,327.2,11.610000000000014,94.0,44.0,2.741656433620401,321.39,333.0,138,50.0,8.0,0.36,320.0,
07:31:27,322.0,23.0,333.0,8.0,321.0,81.0,338.0,24.0,327.5,11.0,104.0,32.0,2.917567479941517,322.0,333.0,136,72.0,-2.0,0.53,320.0,
07:31:28,322.05,38.0,333.0,8.0,321.29,34.0,364.38,16.0,327.53,10.949999999999989,72.0,24.0,1.2217610241010524,322.05,333.0,96,48.0,-40.0,0.5,320.0,
07:31:29,323.95,42.0,333.0,12.0,322.0,60.0,356.5,24.0,328.48,9.050000000000011,102.0,36.0,0.5684364520442251,323.95,333.0,138,66.0,42.0,0.48,320.0,
07:31:30,324.0,91.0,333.0,13.0,322.0,65.0,356.11,27.0,328.5,9.0,156.0,40.0,0.6054915358720442,324.0,333.0,196,116.0,58.0,0.59,320.0,
07:31:31,324.22,36.0,333.86,14.0,323.41,68.0,399.8,35.0,329.04,9.639999999999986,104.0,49.0,0.6731270311113156,324.22,333.86,153,55.0,-43.0,0.36,320.0,
07:31:32,324.3,37.0,337.0,36.0,323.25,67.0,508.33,27.0,330.65,12.699999999999989,104.0,63.0,1.148629618289872,324.3,337.0,167,41.0,14.0,0.25,326.0,1.0
07:31:33,324.0,48.0,334.64,42.0,322.0,70.0,356.18,34.0,329.32,10.639999999999986,118.0,76.0,0.887535914773448,324.0,334.64,194,42.0,27.0,0.22,324.0,4.0
07:31:34,325.35,31.0,337.45,33.0,322.72,39.0,346.72,32.0,331.4,12.099999999999966,70.0,65.0,1.2019650577337115,325.35,337.45,135,5.0,-59.0,0.04,326.0,3.0
07:31:35,323.02,122.0,332.19,32.0,321.85,65.0,336.36,33.0,327.6,9.170000000000016,187.0,65.0,1.477707684223352,323.02,332.19,252,122.0,117.0,0.48,324.0,2.0
07:31:36,323.69,320.0,335.56,55.0,322.0,80.0,371.27,44.0,329.63,11.870000000000005,400.0,99.0,1.4448010243672906,323.69,335.56,499,301.0,173.5,0.6,324.0,
07:31:37,326.0,164.0,335.0,36.0,322.0,45.0,336.0,36.0,330.5,9.0,209.0,72.0,1.4220407870426115,326.0,335.0,281,137.0,-174.5,0.49,326.0,2.0
07:31:38,326.0,270.0,335.0,60.0,322.0,75.0,336.0,60.0,330.5,9.0,345.0,120.0,1.4430453908359255,326.0,335.0,465,225.0,173.5,0.48,326.0,
07:31:39,326.0,144.0,334.89,38.0,322.0,40.0,336.0,32.0,330.45,8.889999999999986,184.0,70.0,1.250091996619763,326.0,334.89,254,114.0,-174.5,0.45,326.0,
07:31:40,326.0,261.0,333.0,68.0,322.0,85.0,334.79,66.0,329.5,7.0,346.0,134.0,0.5054997527327509,326.0,333.0,480,212.0,173.5,0.44,326.0,5.0
07:31:41,325.03,101.0,331.65,40.0,320.49,65.0,333.0,64.0,328.34,6.6200000000000045,166.0,104.0,0.949642037829426,325.03,331.65,270,62.0,-174.5,0.23,322.0,5.0
07:31:42,326.04,49.0,330.68,38.0,325.38,64.0,332.4,80.0,328.36,4.639999999999986,113.0,118.0,1.06339080305065,326.04,330.68,231,-5.0,-39.0,-0.02,329.0,1.0
07:31:43,328.61,33.0,331.61,72.0,326.12,80.0,334.9,59.0,330.11,3.0,113.0,131.0,0.9759969262311732,328.61,331.61,244,-18.0,13.0,-0.07,329.0,4.0
07:31:44,328.0,12.0,331.0,48.0,326.0,108.0,337.0,36.0,329.5,3.0,120.0,84.0,0.7819974424591405,328.0,331.0,204,36.0,-40.0,0.18,329.0,
07:31:45,328.0,10.0,329.55,44.0,326.0,90.0,333.26,34.0,328.77,1.5500000000000114,100.0,78.0,0.7711873961707274,328.0,329.55,178,22.0,-26.0,0.12,329.0,
07:31:46,326.19,62.0,328.81,62.0,325.44,124.0,329.73,55.0,327.5,2.6200000000000045,186.0,117.0,1.009836620455267,326.19,328.81,303,69.0,125.0,0.23,327.0,2.0
07:31:47,325.71,102.0,327.07,56.0,324.92,113.0,329.78,60.0,326.39,1.3600000000000136,215.0,116.0,1.5088505558909318,325.71,327.07,331,99.0,28.0,0.3,326.0,8.0
07:31:48,325.0,68.0,335.1,31.0,322.0,12.0,339.4,20.0,330.05,10.100000000000025,80.0,51.0,1.49253810672035,325.0,335.1,131,29.0,-174.5,0.22,325.0,6.0
07:31:49,325.0,40.0,336.0,10.0,322.0,10.0,338.0,30.0,330.5,11.0,50.0,40.0,1.7194970194834471,325.0,336.0,90,10.0,-41.0,0.11,325.0,
07:31:50,325.0,36.0,335.17,12.0,322.53,15.0,338.0,36.0,330.08,10.170000000000016,51.0,48.0,1.8394917776420097,325.0,335.17,99,3.0,9.0,0.03,325.0,2.0
07:31:51,325.0,12.0,335.0,6.0,324.0,24.0,338.0,18.0,330.0,10.0,36.0,24.0,1.6966820562535534,325.0,335.0,60,12.0,-39.0,0.2,325.0,
07:31:52,324.0,11.0,333.64,11.0,322.0,11.0,338.55,33.0,328.82,9.639999999999986,22.0,44.0,0.6306346010273833,324.0,333.64,66,-22.0,6.0,-0.33,324.4,5.0
07:31:53,324.0,13.0,329.61,36.0,322.0,13.0,334.17,42.0,326.81,5.610000000000014,26.0,78.0,1.4960013369020448,324.0,329.61,104,-52.0,38.0,-0.5,324.4,
07:31:54,324.91,55.0,327.85,67.0,323.33,15.0,329.5,44.0,326.38,2.9399999999999977,70.0,111.0,1.7439667428057126,324.91,327.85,181,-41.0,77.0,-0.23,325.0,4.0
07:31:55,322.06,36.0,325.06,90.0,319.17,24.0,338.44,50.0,323.56,3.0,60.0,140.0,2.474950504558003,322.06,325.06,200,-80.0,19.0,-0.4,323.67,3.0
07:31:56,321.0,48.0,323.92,60.0,316.0,24.0,340.0,36.0,322.46,2.920000000000016,72.0,96.0,2.572057542126803,321.0,323.92,168,-24.0,-32.0,-0.14,323.67,
07:31:57,321.0,44.0,322.49,35.0,316.0,22.0,340.0,33.0,321.74,1.490000000000009,66.0,68.0,2.2941665153189628,321.0,322.49,134,-2.0,-34.0,-0.01,323.0,2.0
07:31:58,321.0,13.0,338.38,34.0,316.0,20.0,341.71,14.0,329.69,17.379999999999995,33.0,48.0,3.27030273828142,321.0,338.38,81,-15.0,-53.0,-0.19,321.0,3.0
07:31:59,321.0,10.0,339.0,10.0,316.0,20.0,350.9,29.0,330.0,18.0,30.0,39.0,4.0295285084003485,321.0,339.0,69,-9.0,-12.0,-0.13,321.0,
07:32:00,316.16,31.0,330.87,30.0,313.19,32.0,381.69,35.0,323.51,14.70999999999998,63.0,65.0,4.035573069591376,316.16,330.87,128,-2.0,59.0,-0.02,315.8,5.0
07:32:01,321.33,42.0,333.88,43.0,308.1,49.0,340.27,30.0,327.61,12.550000000000011,91.0,73.0,3.7166988040479354,321.33,333.88,164,18.0,36.0,0.11,326.0,1.0
07:32:02,326.0,35.0,335.0,8.0,309.0,8.0,336.0,24.0,330.5,9.0,43.0,32.0,2.875546904505581,326.0,335.0,75,11.0,-89.0,0.15,326.0,3.0
07:32:03,326.0,24.0,335.0,6.0,312.5,8.0,336.0,18.0,330.5,9.0,32.0,24.0,2.996386156691369,326.0,335.0,56,8.0,-19.0,0.14,326.0,
07:32:04,326.0,26.0,335.69,26.0,313.4,10.0,379.68,28.0,330.85,9.689999999999998,36.0,54.0,3.129317817034844,326.0,335.69,90,-18.0,34.0,-0.2,326.0,2.0
07:32:05,326.0,22.0,335.0,22.0,314.0,11.0,336.0,33.0,330.5,9.0,33.0,55.0,1.3401753616642698,326.0,335.0,88,-22.0,-2.0,-0.25,326.0,
07:32:06,326.0,20.0,333.71,34.0,314.0,10.0,335.39,23.0,329.85,7.7099999999999795,30.0,57.0,0.3629738282742675,326.0,333.71,87,-27.0,-1.0,-0.31,326.0,
07:32:07,326.0,28.0,332.57,56.0,314.0,14.0,335.21,28.0,329.29,6.569999999999993,42.0,84.0,0.6231131518528462,326.0,332.57,126,-42.0,39.0,-0.33,326.0,
07:32:08,326.0,27.0,330.44,57.0,314.0,13.0,333.22,36.0,328.22,4.439999999999998,40.0,93.0,1.0409947166108977,326.0,330.43999999999994,133,-53.0,7.0,-0.4,326.0,
07:32:09,326.0,45.0,328.24,63.0,314.0,15.0,329.33,72.0,327.12,2.240000000000009,60.0,135.0,1.3415774297488414,326.0,328.24,195,-75.0,62.0,-0.38,326.0,
07:32:10,315.71,14.0,326.79,58.0,311.23,13.0,328.59,59.0,321.25,11.08000000000004,27.0,117.0,3.457792648498584,315.71,326.79,144,-90.0,-51.0,-0.62,326.0,3.0
07:32:11,314.0,9.0,324.22,45.0,311.0,9.0,328.0,36.0,319.11,10.220000000000027,18.0,81.0,4.528285547534506,314.0,324.22,99,-63.0,-45.0,-0.64,326.0,
07:32:12,314.3,20.0,320.96,56.0,311.31,16.0,322.16,49.0,317.63,6.659999999999968,36.0,105.0,4.761736027963837,314.3,320.96,141,-69.0,42.0,-0.49,326.0,
07:32:13,315.81,48.0,317.97,39.0,312.0,16.0,321.71,42.0,316.89,2.160000000000025,64.0,81.0,4.109075321773485,315.81,317.97,145,-17.0,4.0,-0.12,318.43,7.0
07:32:14,311.17,54.0,328.14,59.0,308.24,46.0,349.37,38.0,319.65,16.96999999999997,100.0,97.0,1.7162400764483083,311.17,328.14,197,3.0,52.0,0.02,318.0,3.0
07:32:15,310.0,41.0,326.81,42.0,306.6,20.0,329.29,31.0,318.4,16.810000000000002,61.0,73.0,1.1089544625488803,310.0,326.81,134,-12.0,-63.0,-0.09,318.0,
07:32:18,305.0,14.0,321.0,13.0,304.0,72.0,326.0,36.0,313.0,16.0,86.0,49.0,3.694827465526107,305.0,321.0,135,37.0,-57.0,0.27,321.0,1.0
07:32:19,305.0,11.0,321.0,11.0,304.0,88.0,326.0,44.0,313.0,16.0,99.0,55.0,2.689702585790064,305.0,321.0,154,44.0,19.0,0.29,321.0,
07:32:21,305.0,5.0,319.0,5.0,304.0,40.0,326.0,22.0,312.0,14.0,45.0,27.0,1.7835021726943343,305.0,319.0,72,18.0,-63.0,0.25,321.0,
07:32:22,305.87,31.0,323.44,39.0,304.09,35.0,334.0,22.0,314.65,17.569999999999993,66.0,61.0,2.1623320744061267,305.87,323.44,127,5.0,55.0,0.04,319.0,1.0
07:32:24,309.0,90.0,318.0,13.0,304.12,59.0,325.65,17.0,313.5,9.0,149.0,30.0,2.24586954207171,309.0,318.0,179,119.0,-97.0,0.66,319.0,
07:32:27,309.11,81.0,318.22,27.0,307.63,35.0,324.56,18.0,313.67,9.110000000000014,116.0,45.0,1.819293819042252,309.11,318.22,161,71.0,31.0,0.44,311.0,2.0
07:32:28,311.18,99.0,324.0,33.0,303.46,13.0,325.0,22.0,317.59,12.819999999999991,112.0,55.0,3.1525973418762976,311.18,324.0,167,57.0,6.0,0.34,311.0,
07:32:29,313.32,102.0,323.23,52.0,311.61,44.0,324.27,30.0,318.28,9.910000000000023,146.0,82.0,3.977218877558229,313.32,323.23,228,64.0,61.0,0.28,311.0,
07:32:30,315.98,120.0,323.0,74.0,314.32,40.0,324.53,47.0,319.49,7.019999999999982,160.0,121.0,3.9098375925357582,315.9800000000001,323.0,281,39.0,53.0,0.14,311.0,
07:32:31,317.82,45.0,322.18,56.0,316.25,85.0,323.75,53.0,320.0,4.360000000000014,130.0,109.0,2.5013656270137963,317.82,322.18,239,21.0,-42.0,0.09,311.0,
07:32:32,319.9,90.0,321.05,38.0,317.98,46.0,322.1,20.0,320.48,1.150000000000034,136.0,58.0,1.2037316976828354,319.9,321.05,194,78.0,-45.0,0.4,321.0,4.0
07:32:33,320.17,54.0,322.0,38.0,317.97,96.0,323.0,28.0,321.08,1.829999999999984,150.0,66.0,1.0636634806208494,320.17,322.0,216,84.0,22.0,0.39,322.0,2.0
07:32:34,320.0,96.0,322.0,33.0,307.0,33.0,324.27,22.0,321.0,2.0,129.0,55.0,0.6738694235580909,320.0,322.0,184,74.0,-32.0,0.4,320.0,1.0
07:32:35,320.0,83.0,321.39,54.0,307.0,36.0,324.0,33.0,320.69,1.3899999999999864,119.0,87.0,0.4360045871393225,320.0,321.39,206,32.0,22.0,0.16,320.0,6.0
07:32:36,320.0,12.0,324.0,18.0,307.0,18.0,325.0,12.0,322.0,4.0,30.0,30.0,0.5831809324785339,320.0,324.0,60,0.0,-146.0,0.0,320.0,
07:32:37,320.0,18.0,324.0,27.0,307.0,27.0,325.0,18.0,322.0,4.0,45.0,45.0,0.6074372395618666,320.0,324.0,90,0.0,30.0,0.0,320.0,
07:32:38,320.6,10.0,324.0,24.0,315.67,18.0,325.0,16.0,322.3,3.3999999999999773,28.0,40.0,0.7067672884383781,320.6,324.0,68,-12.0,-22.0,-0.18,320.0,
07:32:39,321.75,12.0,324.0,36.0,320.83,59.0,325.0,24.0,322.88,2.25,71.0,60.0,0.8026705426303714,321.75,324.0,131,11.0,63.0,0.08,320.0,
07:32:40,322.45,11.0,324.0,33.0,321.0,77.0,325.0,22.0,323.23,1.5500000000000114,88.0,55.0,0.551289397691061,322.45,324.0,143,33.0,12.0,0.23,324.0,1.0
07:32:41,321.0,98.0,332.67,54.0,320.0,28.0,445.45,31.0,326.83,11.670000000000016,126.0,85.0,1.9508126511806827,321.0,332.67,211,41.0,68.0,0.19,325.14,7.0
07:32:42,321.33,73.0,333.0,40.0,320.6,35.0,500.0,50.0,327.16,11.670000000000016,108.0,90.0,2.3227031665726767,321.33,333.0,198,18.0,-13.0,0.09,325.14,
07:32:43,322.68,72.0,333.0,52.0,321.26,69.0,491.1,41.0,327.84,10.319999999999991,141.0,93.0,2.3440712446525165,322.68,333.0,234,48.0,36.0,0.21,322.0,5.0
07:32:44,322.27,71.0,331.13,30.0,321.43,21.0,336.07,46.0,326.7,8.860000000000014,92.0,76.0,1.8002416504477476,322.27,331.13,168,16.0,-66.0,0.1,326.75,4.0
07:32:45,321.0,105.0,326.11,19.0,320.0,30.0,330.68,38.0,323.55,5.110000000000014,135.0,57.0,1.6618754465984564,321.0,326.11,192,78.0,24.0,0.41,326.75,
07:32:46,321.0,71.0,323.2,20.0,317.18,34.0,327.0,19.0,322.1,2.1999999999999886,105.0,39.0,2.5014595739301257,321.0,323.2,144,66.0,-48.0,0.46,321.0,2.0
07:32:47,321.0,35.0,323.0,21.0,320.0,14.0,324.0,7.0,322.0,2.0,49.0,28.0,2.68741883598493,321.0,323.0,77,21.0,-67.0,0.27,321.0,
07:32:48,320.78,37.0,322.75,40.0,318.0,32.0,323.62,16.0,321.77,1.9700000000000275,69.0,56.0,2.065461207577284,320.78,322.75,125,13.0,48.0,0.1,321.0,5.0
07:32:49,321.0,36.0,322.0,39.0,320.0,26.0,324.0,13.0,321.5,1.0,62.0,52.0,0.7978283023349367,321.0,322.0,114,10.0,-11.0,0.09,321.0,1.0
07:32:50,321.0,20.0,322.0,30.0,320.0,20.0,326.86,14.0,321.5,1.0,40.0,44.0,0.2772724292219871,321.0,322.0,84,-4.0,-30.0,-0.05,322.0,3.0
07:32:51,320.67,18.0,329.0,18.0,317.78,27.0,330.0,36.0,324.83,8.329999999999984,45.0,54.0,1.4186084731195718,320.67,329.0,99,-9.0,15.0,-0.09,321.0,2.0
07:32:52,320.69,26.0,328.05,38.0,317.89,38.0,329.22,18.0,324.37,7.360000000000014,64.0,56.0,1.6603102119804802,320.69,328.05,120,8.0,21.0,0.07,321.0,
07:32:53,321.33,30.0,326.53,45.0,320.0,30.0,330.0,57.0,323.93,5.199999999999989,60.0,102.0,1.6074296252112243,321.33,326.53,162,-42.0,42.0,-0.26,321.0,
07:32:54,322.0,26.0,324.46,39.0,320.0,26.0,331.39,23.0,323.23,2.4599999999999795,52.0,62.0,1.299776903936498,322.0,324.46,114,-10.0,-48.0,-0.09,321.0,
07:32:55,317.46,13.0,324.0,36.0,312.35,37.0,333.0,24.0,320.73,6.5400000000000205,50.0,60.0,1.6142242719048372,317.46,324.0,110,-10.0,-4.0,-0.09,321.4,5.0
07:32:56,313.0,12.0,323.5,36.0,308.0,12.0,333.0,24.0,318.25,10.5,24.0,60.0,2.572842785715168,313.0,323.5,84,-36.0,-26.0,-0.43,321.4,
07:32:57,313.0,16.0,320.12,48.0,308.0,16.0,330.3,20.0,316.56,7.1200000000000045,32.0,68.0,3.1562952967056903,313.0,320.12,100,-36.0,16.0,-0.36,321.4,
07:32:58,313.0,9.0,324.38,13.0,308.0,9.0,332.86,14.0,318.69,11.379999999999995,18.0,27.0,2.563575627908476,313.0,324.38,45,-9.0,-55.0,-0.2,321.5,4.0
07:32:59,308.92,24.0,327.08,25.0,306.4,43.0,330.14,14.0,318.0,18.159999999999968,67.0,39.0,1.5058651998124517,308.92,327.08,106,28.0,61.0,0.26,318.5,2.0
07:33:01,317.04,54.0,327.0,30.0,313.62,99.0,329.47,15.0,322.02,9.95999999999998,153.0,45.0,4.095027472436066,317.04,327.0,198,108.0,88.0,0.55,318.5,
07:33:02,324.0,22.0,327.0,22.0,315.0,88.0,329.0,11.0,325.5,3.0,110.0,33.0,5.459282919945302,324.0,327.0,143,77.0,-55.0,0.54,318.5,
07:33:03,323.75,24.0,326.67,24.0,312.67,96.0,328.54,24.0,325.21,2.920000000000016,120.0,48.0,6.104848073458227,323.75,326.67,168,72.0,25.0,0.43,324.0,2.0
07:33:04,323.0,22.0,325.0,22.0,311.0,132.0,328.0,44.0,324.0,2.0,154.0,66.0,6.12643207748252,323.0,325.0,220,88.0,52.0,0.4,324.0,
07:33:05,311.26,149.0,324.04,47.0,310.53,94.0,326.14,42.0,317.65,12.78000000000003,243.0,89.0,3.226457810046023,311.26,324.04,332,154.0,112.0,0.46,323.0,2.0
07:33:06,313.65,43.0,321.12,51.0,311.26,114.0,325.0,34.0,317.38,7.470000000000027,157.0,85.0,4.086792140543355,313.65,321.12,242,72.0,-90.0,0.3,320.0,1.0
07:33:07,313.0,65.0,317.46,39.0,312.0,39.0,320.54,37.0,315.23,4.45999999999998,104.0,76.0,4.422321788382962,313.0,317.46,180,28.0,-62.0,0.16,320.0,
07:33:08,313.0,65.0,316.08,39.0,312.0,39.0,317.46,39.0,314.54,3.079999999999984,104.0,78.0,3.737091114758433,313.0,316.08,182,26.0,2.0,0.14,320.0,
07:33:09,313.07,46.0,316.33,36.0,309.61,38.0,322.09,44.0,314.7,3.259999999999991,84.0,80.0,1.4992831620498328,313.07,316.33,164,4.0,-18.0,0.02,313.43,7.0
07:33:10,312.33,9.0,317.0,27.0,307.33,27.0,324.0,36.0,314.67,4.670000000000016,36.0,63.0,1.1901386473877966,312.33,317.0,99,-27.0,-65.0,-0.27,313.43,
07:33:11,312.0,11.0,318.52,23.0,306.0,33.0,324.52,29.0,315.26,6.519999999999982,44.0,52.0,0.3387476937279035,312.0,318.52,96,-8.0,-3.0,-0.08,321.0,7.0
07:33:12,312.0,6.0,326.5,6.0,306.0,18.0,327.91,11.0,319.25,14.5,24.0,17.0,2.012543167240429,312.0,326.5,41,7.0,-55.0,0.17,321.0,
07:33:13,312.08,13.0,325.12,16.0,306.16,37.0,328.93,27.0,318.6,13.04000000000002,50.0,43.0,2.241590952873947,312.08,325.12,93,7.0,52.0,0.08,324.0,2.0
07:33:14,316.0,26.0,327.0,14.0,309.75,16.0,330.57,56.0,321.5,11.0,42.0,70.0,2.857679128244897,316.0,327.0,112,-28.0,19.0,-0.25,324.0,
07:33:15,326.0,27.0,330.79,19.0,313.0,12.0,349.8,30.0,328.39,4.7900000000000205,39.0,49.0,4.894696109055903,326.0,330.79,88,-10.0,-24.0,-0.11,327.0,1.0
07:33:16,326.0,39.0,328.63,38.0,313.0,13.0,331.1,40.0,327.32,2.6299999999999955,52.0,78.0,4.565804419815584,326.0,328.63,130,-26.0,42.0,-0.2,327.0,
07:33:17,326.0,30.0,327.33,24.0,324.22,58.0,328.11,36.0,326.67,1.329999999999984,88.0,60.0,4.230937248412923,326.0,327.33,148,28.0,18.0,0.19,327.0,
07:33:18,326.0,13.0,328.14,42.0,325.0,99.0,339.0,44.0,327.07,2.1399999999999864,112.0,86.0,2.698045588941797,326.0,328.14,198,26.0,50.0,0.13,326.0,2.0
07:33:19,325.14,29.0,329.0,36.0,323.9,41.0,341.0,36.0,327.07,3.8600000000000136,70.0,72.0,0.6502153489486588,325.14,329.0,142,-2.0,-56.0,-0.01,325.2,5.0
07:33:20,325.61,64.0,328.71,34.0,324.57,35.0,335.55,44.0,327.16,3.099999999999966,99.0,78.0,0.2397290136975914,325.61,328.71,177,21.0,35.0,0.12,326.0,1.0
07:33:21,325.23,26.0,328.25,24.0,324.65,34.0,331.4,40.0,326.74,3.019999999999982,60.0,64.0,0.2208393081143405,325.23,328.25,124,-4.0,-53.0,-0.03,326.0,6.0
07:33:22,325.0,30.0,327.29,7.0,322.0,6.0,328.29,14.0,326.14,2.2900000000000205,36.0,21.0,0.4207493315602885,325.0,327.29,57,15.0,-67.0,0.26,326.0,
07:33:23,325.0,62.0,330.45,22.0,322.0,13.0,335.3,46.0,327.73,5.449999999999989,75.0,68.0,0.5842687737749047,325.0,330.45,143,7.0,86.0,0.05,325.0,1.0
07:33:24,325.0,48.0,332.17,48.0,322.0,12.0,334.0,48.0,328.58,7.170000000000016,60.0,96.0,0.9350935782093838,325.0,332.17,156,-36.0,13.0,-0.23,325.0,
07:33:25,325.0,36.0,331.0,36.0,322.0,9.0,334.0,36.0,328.0,6.0,45.0,72.0,0.9845405019644649,325.0,331.0,117,-27.0,-39.0,-0.23,325.0,
07:33:26,325.0,40.0,331.0,40.0,322.0,10.0,334.0,40.0,328.0,6.0,50.0,80.0,0.9203803561617684,325.0,331.0,130,-30.0,13.0,-0.23,325.0,
07:33:27,322.92,13.0,327.49,37.0,318.15,27.0,332.57,28.0,325.2,4.569999999999993,40.0,65.0,1.3237522426830663,322.92,327.49,105,-25.0,-25.0,-0.24,325.0,4.0
07:33:28,318.2,20.0,323.87,23.0,306.92,39.0,328.5,40.0,321.03,5.670000000000016,59.0,63.0,3.156979569146482,318.2,323.87,122,-4.0,17.0,-0.03,322.0,1.0
07:33:29,318.0,37.0,322.11,38.0,306.0,56.0,326.63,98.0,320.05,4.110000000000014,93.0,136.0,3.7690754834585,318.0,322.11,229,-43.0,107.0,-0.19,322.0,
07:33:30,318.0,70.0,324.11,38.0,308.5,48.0,325.56,43.0,321.05,6.110000000000014,118.0,81.0,3.3986806263618803,318.0,324.11,199,37.0,-30.0,0.19,320.5,4.0
07:33:31,323.57,106.0,327.37,19.0,317.07,56.0,329.46,26.0,325.47,3.8000000000000114,162.0,45.0,2.5670410982311007,323.57,327.37,207,117.0,8.0,0.57,320.5,
07:33:32,325.83,36.0,327.0,16.0,324.87,92.0,328.0,16.0,326.42,1.170000000000016,128.0,32.0,2.9150951957024698,325.83,327.0,160,96.0,-47.0,0.6,320.5,
07:33:33,326.0,36.0,327.0,12.0,325.0,72.0,328.0,12.0,326.5,1.0,108.0,24.0,3.1032354084097182,326.0,327.0,132,84.0,-28.0,0.64,320.5,
07:33:34,326.0,144.0,329.58,31.0,325.0,66.0,331.33,36.0,327.79,3.579999999999984,210.0,67.0,2.592263489695484,326.0,329.58,277,143.0,145.0,0.52,327.0,2.0
07:33:35,328.42,12.0,330.0,60.0,326.1,96.0,335.0,24.0,329.21,1.579999999999984,108.0,84.0,1.4495758000216985,328.42,330.0,192,24.0,-85.0,0.12,327.0,
07:33:36,328.83,12.0,330.0,60.0,326.59,34.0,335.0,24.0,329.42,1.170000000000016,46.0,84.0,1.4303740769493596,328.83,330.0,130,-38.0,-62.0,-0.29,329.0,1.0
07:33:37,328.0,11.0,329.65,23.0,326.0,160.0,330.65,46.0,328.83,1.6499999999999773,171.0,69.0,1.209442020110443,328.0,329.65,240,102.0,110.0,0.42,329.0,
07:33:38,328.0,12.0,329.0,12.0,326.0,192.0,330.0,32.0,328.5,1.0,204.0,44.0,0.6424562241965737,328.0,329.0,248,160.0,8.0,0.65,329.0,
07:33:39,326.17,94.0,330.29,14.0,325.78,164.0,333.7,20.0,328.23,4.1200000000000045,258.0,34.0,0.4901734387019997,326.17,330.29,292,224.0,44.0,0.77,326.29,7.0
07:33:40,326.0,98.0,332.0,14.0,325.0,84.0,335.0,28.0,329.0,6.0,182.0,42.0,0.4582903010199222,326.0,332.0,224,140.0,-68.0,0.62,326.0,3.0
07:33:41,326.0,69.0,332.0,12.0,325.0,72.0,335.0,24.0,329.0,6.0,141.0,36.0,0.3380384593635792,326.0,332.0,177,105.0,-47.0,0.59,326.0,3.0
07:33:42,326.95,21.0,332.0,11.0,325.62,16.0,335.85,13.0,329.48,5.050000000000011,37.0,24.0,0.4869496894022548,326.95,332.0,61,13.0,-116.0,0.21,326.0,
07:33:43,327.0,20.0,331.18,22.0,326.0,10.0,334.1,10.0,329.09,4.180000000000007,30.0,32.0,0.4537069538909327,327.0,331.18,62,-2.0,1.0,-0.03,326.0,
07:33:44,328.6,30.0,331.0,33.0,326.84,19.0,333.0,11.0,329.8,2.3999999999999773,49.0,44.0,0.3546547617178103,328.6,331.0,93,5.0,31.0,0.05,326.0,
07:33:45,329.0,36.0,331.0,36.0,327.0,24.0,333.0,12.0,330.0,2.0,60.0,48.0,0.4344882046836262,329.0,331.0,108,12.0,15.0,0.11,326.0,
07:33:46,327.6,10.0,331.0,24.0,326.22,9.0,334.88,8.0,329.3,3.3999999999999773,19.0,32.0,0.3683476618756092,327.6,331.0,51,-13.0,-57.0,-0.25,328.5,4.0
07:33:47,327.0,11.0,331.0,33.0,326.0,11.0,335.64,11.0,329.0,4.0,22.0,44.0,0.4412708918671004,327.0,331.0,66,-22.0,15.0,-0.33,328.5,
07:33:48,325.43,21.0,331.0,30.0,324.47,17.0,334.0,10.0,328.21,5.569999999999993,38.0,40.0,0.7090275029990689,325.43,331.0,78,-2.0,12.0,-0.03,325.75,4.0
07:33:49,325.74,92.0,330.36,42.0,323.58,38.0,334.0,14.0,328.05,4.6200000000000045,130.0,56.0,0.8027888888175272,325.74,330.36,186,74.0,108.0,0.4,325.75,
07:33:50,326.67,73.0,329.59,32.0,325.72,65.0,332.75,12.0,328.13,2.919999999999959,138.0,44.0,0.5714630346826093,326.67,329.59,182,94.0,-4.0,0.52,325.75,
07:33:51,327.0,29.0,328.55,38.0,326.0,96.0,334.05,21.0,327.78,1.5500000000000114,125.0,59.0,0.4577444702107301,327.0,328.55,184,66.0,2.0,0.36,327.0,7.0
07:33:52,326.0,80.0,335.1,10.0,324.0,30.0,337.8,10.0,330.55,9.100000000000025,110.0,20.0,1.1329960282404576,326.0,335.1,130,90.0,-54.0,0.69,327.0,
07:33:53,326.42,62.0,335.23,13.0,325.51,74.0,337.31,13.0,330.83,8.810000000000002,136.0,26.0,1.4896375398092232,326.42,335.23,162,110.0,32.0,0.68,327.0,
07:33:54,328.54,26.0,335.0,13.0,326.0,104.0,338.0,13.0,331.77,6.45999999999998,130.0,26.0,1.758755241643711,328.54,335.0,156,104.0,-6.0,0.67,327.0,
07:33:55,329.62,32.0,335.0,16.0,326.0,128.0,338.0,16.0,332.31,5.379999999999996,160.0,32.0,1.752803468735063,329.62,335.0,192,128.0,36.0,0.67,327.0,
07:33:56,330.0,28.0,333.14,29.0,326.0,112.0,333.79,24.0,331.57,3.1399999999999864,140.0,53.0,0.7143388551730754,330.0,333.14,193,87.0,1.0,0.45,327.0,
07:33:57,330.0,13.0,331.96,47.0,326.0,88.0,332.64,28.0,330.98,1.9599999999999795,101.0,75.0,0.602677359795454,330.0,331.96,176,26.0,-17.0,0.15,330.0,1.0
07:33:58,326.55,29.0,332.0,45.0,325.76,42.0,333.0,18.0,329.28,5.449999999999989,71.0,63.0,1.164804704665087,326.55,332.0,134,8.0,-42.0,0.06,327.0,4.0
07:33:59,326.0,55.0,330.12,43.0,325.0,22.0,330.65,34.0,328.06,4.1200000000000045,77.0,77.0,1.7374838128770052,326.0,330.12,154,0.0,20.0,0.0,327.0,
07:34:00,326.0,48.0,329.0,80.0,325.0,32.0,340.0,55.0,327.5,3.0,80.0,135.0,1.774463299144059,326.0,329.0,215,-55.0,61.0,-0.26,326.0,2.0
07:34:01,326.0,27.0,328.38,65.0,325.0,26.0,338.75,16.0,327.19,2.3799999999999955,53.0,81.0,1.550522492583999,326.0,328.38,134,-28.0,-81.0,-0.21,326.0,1.0
07:34:02,326.0,28.0,327.71,70.0,325.0,28.0,338.0,14.0,326.86,1.7099999999999795,56.0,84.0,0.9488519378747003,326.0,327.71,140,-28.0,6.0,-0.2,326.0,
07:34:03,326.0,22.0,327.0,55.0,325.0,22.0,338.0,11.0,326.5,1.0,44.0,66.0,0.5985148285618225,326.0,327.0,110,-22.0,-30.0,-0.2,326.0,
07:34:04,324.6,40.0,332.44,90.0,323.42,31.0,339.67,60.0,328.52,7.839999999999975,71.0,150.0,0.770246713727759,324.6,332.44,221,-79.0,111.0,-0.36,326.0,4.0
07:34:05,323.82,44.0,336.08,72.0,322.9,40.0,337.38,104.0,329.95,12.259999999999993,84.0,176.0,1.4218403567238396,323.82,336.08,260,-92.0,39.0,-0.35,326.0,
07:34:06,324.38,32.0,330.56,41.0,323.0,32.0,334.03,33.0,327.47,6.180000000000007,64.0,74.0,1.3969072982873942,324.38,330.56,138,-10.0,-122.0,-0.07,326.0,
07:34:07,324.45,29.0,327.32,41.0,322.87,30.0,331.57,47.0,325.88,2.8700000000000045,59.0,88.0,1.6227846437554505,324.45,327.32,147,-29.0,9.0,-0.2,325.0,2.0
07:34:08,323.0,16.0,325.38,16.0,322.0,8.0,336.0,32.0,324.19,2.3799999999999955,24.0,48.0,2.246123326981023,323.0,325.38,72,-24.0,-75.0,-0.33,323.0,2.0
07:34:09,322.0,14.0,323.14,28.0,319.0,14.0,336.0,106.0,322.57,1.1399999999999864,28.0,134.0,2.864353330161592,322.0,323.14,162,-106.0,90.0,-0.65,320.5,2.0
07:34:10,315.0,15.0,320.32,19.0,312.0,90.0,327.38,42.0,317.66,5.319999999999993,105.0,61.0,3.77018965040312,315.0,320.32,166,44.0,4.0,0.27,320.5,
07:34:11,315.0,10.0,316.24,17.0,312.0,60.0,317.92,13.0,315.62,1.240000000000009,70.0,30.0,4.369957665699506,315.0,316.24,100,40.0,-66.0,0.4,315.0,1.0
07:34:12,312.6,75.0,325.29,49.0,305.77,80.0,320.71,45.0,318.94,12.689999999999998,155.0,94.0,3.52620617661608,312.6,325.29,249,61.0,149.0,0.24,318.25,8.0
07:34:13,313.0,30.0,329.0,30.0,310.0,36.0,330.0,6.0,321.0,16.0,66.0,36.0,2.731468469524261,313.0,329.0,102,30.0,-147.0,0.29,318.25,
07:34:14,313.0,40.0,327.88,17.0,310.0,48.0,333.48,23.0,320.44,14.879999999999995,88.0,40.0,2.175895218066604,313.0,327.88,128,48.0,26.0,0.38,318.25,
07:34:15,314.0,60.0,327.0,48.0,307.75,72.0,330.92,12.0,320.5,13.0,132.0,60.0,2.196679312053824,314.0,327.0,192,72.0,64.0,0.38,318.25,
07:34:16,314.24,42.0,327.0,40.0,306.55,58.0,331.0,19.0,320.62,12.759999999999993,100.0,59.0,0.790822356794206,314.24,327.0,159,41.0,-33.0,0.26,318.25,
07:34:17,314.23,39.0,327.0,56.0,307.45,40.0,331.0,28.0,320.62,12.769999999999982,79.0,84.0,0.2178990592123483,314.23,327.0,163,-5.0,4.0,-0.03,316.8,5.0
07:34:18,315.68,50.0,327.0,52.0,313.34,29.0,331.0,26.0,321.34,11.319999999999991,79.0,78.0,0.3639780213222154,315.68,327.0,157,1.0,-6.0,0.01,316.8,
07:34:19,317.65,37.0,325.36,66.0,316.86,42.0,327.0,54.0,321.51,7.710000000000036,79.0,120.0,0.4692760381754949,317.65,325.36,199,-41.0,42.0,-0.21,317.0,2.0
07:34:20,319.16,44.0,324.0,68.0,318.0,48.0,327.03,71.0,321.58,4.839999999999975,92.0,139.0,0.4772630302105343,319.16,324.0,231,-47.0,32.0,-0.2,317.0,
07:34:21,322.36,33.0,324.0,52.0,321.65,65.0,328.0,52.0,323.18,1.6399999999999864,98.0,104.0,0.9383922420852996,322.36,324.0,202,-6.0,-29.0,-0.03,323.0,2.0
07:34:22,324.05,57.0,328.0,54.0,316.47,57.0,330.0,15.0,326.03,3.9499999999999886,114.0,69.0,1.9896909307744552,324.05,328.0,183,45.0,-19.0,0.25,328.0,1.0
07:34:23,327.0,13.0,328.0,33.0,323.0,33.0,330.0,11.0,327.5,1.0,46.0,44.0,2.69684074427957,327.0,328.0,90,2.0,-93.0,0.02,327.0,2.0
07:34:24,324.19,16.0,330.0,16.0,316.0,39.0,331.0,80.0,327.09,5.810000000000002,55.0,96.0,2.5816138363447383,324.19,330.0,151,-41.0,61.0,-0.27,325.83,6.0
07:34:25,322.0,13.0,329.13,31.0,309.69,26.0,330.38,53.0,325.56,7.129999999999996,39.0,84.0,1.695809541194634,322.0,329.13,123,-45.0,-28.0,-0.37,325.83,
07:34:26,323.2,10.0,329.0,37.0,313.76,17.0,330.0,53.0,326.1,5.800000000000011,27.0,90.0,0.8066783745749757,323.2,329.0,117,-63.0,-6.0,-0.54,325.83,
07:34:27,324.43,23.0,327.19,53.0,322.52,23.0,329.14,57.0,325.81,2.759999999999991,46.0,110.0,0.8409934601451491,324.43,327.19,156,-64.0,39.0,-0.41,326.0,1.0
07:34:28,323.0,18.0,325.0,18.0,322.0,9.0,326.0,27.0,324.0,2.0,27.0,45.0,1.119495422057066,323.0,325.0,72,-18.0,-84.0,-0.25,326.0,
07:34:29,322.96,28.0,324.5,24.0,320.46,13.0,327.75,40.0,323.73,1.5400000000000205,41.0,64.0,1.0936864267268334,322.96,324.5,105,-23.0,33.0,-0.22,323.0,2.0
07:34:30,322.82,61.0,331.15,71.0,314.67,30.0,333.28,39.0,326.99,8.329999999999984,91.0,110.0,1.40603342776999,322.82,331.15,201,-19.0,96.0,-0.09,324.0,2.0
07:34:31,324.12,41.0,332.0,80.0,323.52,25.0,333.0,16.0,328.06,7.8799999999999955,66.0,96.0,1.871835997091296,324.12,332.0,162,-30.0,-39.0,-0.19,323.0,3.0
07:34:32,327.0,18.0,331.31,13.0,325.0,18.0,332.17,24.0,329.15,4.310000000000002,36.0,37.0,2.426629349531356,327.0,331.31,73,-1.0,-89.0,-0.01,323.0,
07:34:33,326.57,28.0,328.38,24.0,324.59,37.0,330.81,16.0,327.47,1.8100000000000025,65.0,40.0,2.038872237293747,326.57,328.38,105,25.0,32.0,0.24,327.0,2.0
07:34:34,325.35,20.0,327.82,40.0,324.0,80.0,328.67,36.0,326.59,2.4699999999999704,100.0,76.0,1.0012092688381582,325.35,327.82,176,24.0,71.0,0.14,325.0,1.0
07:34:35,325.13,23.0,327.33,43.0,323.58,71.0,329.5,28.0,326.23,2.1999999999999886,94.0,71.0,1.170256382169046,325.13,327.33,165,23.0,-11.0,0.14,326.0,1.0
07:34:36,324.0,35.0,329.0,14.0,321.0,28.0,336.0,7.0,326.5,5.0,63.0,21.0,1.191394141334969,324.0,329.0,84,42.0,-81.0,0.5,326.0,
07:34:37,321.0,35.0,333.45,22.0,315.0,20.0,338.57,28.0,327.23,12.449999999999989,55.0,50.0,0.5226662415033176,321.0,333.45,105,5.0,21.0,0.05,323.5,6.0
07:34:38,321.0,27.0,336.0,37.0,315.0,18.0,339.0,36.0,328.5,15.0,45.0,73.0,0.910137352275611,321.0,336.0,118,-28.0,13.0,-0.24,323.5,
07:34:39,321.0,33.0,333.24,21.0,315.0,22.0,336.86,14.0,327.12,12.240000000000007,55.0,35.0,0.8793349759945224,321.0,333.24,90,20.0,-28.0,0.22,323.5,
07:34:40,321.0,48.0,330.75,32.0,315.0,32.0,334.65,71.0,325.88,9.75,80.0,103.0,0.976104502605782,321.0,330.75,183,-23.0,93.0,-0.13,323.5,
07:34:41,316.29,14.0,329.33,24.0,313.05,79.0,339.0,12.0,322.81,13.039999999999964,93.0,36.0,2.1641095166388973,316.29,329.33,129,57.0,-54.0,0.44,319.5,4.0
07:34:42,315.0,11.0,328.18,22.0,313.01,71.0,331.05,19.0,321.59,13.180000000000009,82.0,41.0,2.9060712310620995,315.0,328.18,123,41.0,-6.0,0.33,319.5,
07:34:43,316.5,14.0,327.35,17.0,315.0,18.0,328.24,25.0,321.93,10.850000000000025,32.0,42.0,2.484357059684939,316.5,327.35,74,-10.0,-49.0,-0.14,319.5,
07:34:44,318.42,19.0,325.06,34.0,314.49,55.0,327.35,23.0,321.74,6.639999999999986,74.0,57.0,1.7909913455977466,318.42,325.06,131,17.0,57.0,0.13,320.0,1.0
07:34:45,313.13,77.0,323.93,28.0,312.77,48.0,326.6,15.0,318.53,10.800000000000011,125.0,43.0,1.6298466185520355,313.13,323.93,168,82.0,37.0,0.49,320.0,
07:34:46,313.0,96.0,320.11,19.0,311.0,12.0,321.28,18.0,316.55,7.110000000000014,108.0,37.0,2.414584850446324,313.0,320.11,145,71.0,-23.0,0.49,320.0,
07:34:47,313.0,72.0,321.67,18.0,311.0,9.0,324.65,17.0,317.33,8.670000000000016,81.0,35.0,2.493567725169011,313.0,321.67,116,46.0,-29.0,0.4,318.33,3.0
07:34:48,313.0,64.0,321.0,15.0,311.0,8.0,324.67,12.0,317.0,8.0,72.0,27.0,2.09495823347487,313.0,321.0,99,45.0,-17.0,0.45,321.0,1.0
07:34:49,313.0,64.0,322.38,8.0,311.0,8.0,325.38,8.0,317.69,9.379999999999995,72.0,16.0,0.7493997598103488,313.0,322.38,88,56.0,-11.0,0.64,322.67,3.0
07:34:50,317.67,63.0,326.0,9.0,313.86,65.0,328.11,9.0,321.83,8.329999999999984,128.0,18.0,2.1380130963125583,317.67,326.0,146,110.0,58.0,0.75,322.0,4.0
07:34:51,322.0,40.0,326.0,10.0,315.0,70.0,328.0,10.0,324.0,4.0,110.0,20.0,3.1579027850781687,322.0,326.0,130,90.0,-16.0,0.69,322.0,
07:34:52,319.42,19.0,326.0,4.0,314.5,28.0,328.0,4.0,322.71,6.579999999999984,47.0,8.0,3.120197109159081,319.42,326.0,55,39.0,-75.0,0.71,322.0,
07:34:53,316.21,68.0,326.0,10.0,314.82,65.0,328.0,10.0,321.1,9.79000000000002,133.0,20.0,2.371356152079411,316.21,326.0,153,113.0,98.0,0.74,322.0,
07:34:54,319.42,120.0,326.0,20.0,318.12,132.0,328.0,20.0,322.71,6.579999999999984,252.0,40.0,1.0888755668142909,319.42,326.0,292,212.0,139.0,0.73,322.0,
07:34:55,321.95,85.0,326.0,15.0,317.25,44.0,328.0,15.0,323.98,4.050000000000011,129.0,30.0,1.192539307530489,321.95,326.0,159,99.0,-133.0,0.62,321.29,7.0
07:34:56,323.4,50.0,326.0,10.0,322.0,10.0,328.0,10.0,324.7,2.6000000000000227,60.0,20.0,1.380271712383233,323.4,326.0,80,40.0,-79.0,0.5,321.29,
07:34:57,324.09,33.0,326.0,9.0,323.43,21.0,329.5,12.0,325.05,1.910000000000025,54.0,21.0,1.6168395096624486,324.09,326.0,75,33.0,-5.0,0.44,321.29,
07:34:58,326.5,32.0,328.97,31.0,324.04,25.0,367.45,22.0,327.73,2.4700000000000277,57.0,53.0,1.8501432376997125,326.5,328.97,110,4.0,35.0,0.04,326.67,3.0
07:34:59,327.0,15.0,328.0,32.0,325.0,8.0,333.0,16.0,327.5,1.0,23.0,48.0,1.7102251313807106,327.0,328.0,71,-25.0,-39.0,-0.35,327.0,1.0
07:35:00,326.67,6.0,328.0,12.0,324.5,6.0,333.0,12.0,327.33,1.329999999999984,12.0,24.0,1.4609140974083037,326.67,328.0,36,-12.0,-35.0,-0.33,327.75,4.0
07:35:01,325.0,15.0,327.4,15.0,323.1,29.0,330.86,21.0,326.2,2.3999999999999773,44.0,36.0,1.1237303947150146,325.0,327.4,80,8.0,44.0,0.1,327.75,
07:35:02,325.0,12.0,327.0,12.0,324.0,96.0,328.0,12.0,326.0,2.0,108.0,24.0,0.7937694879537747,325.0,327.0,132,84.0,52.0,0.64,327.75,
07:35:03,325.0,13.0,326.23,13.0,324.0,104.0,327.38,13.0,325.62,1.2300000000000182,117.0,26.0,0.8364807230333156,325.0,326.23,143,91.0,11.0,0.64,327.75,
07:35:04,325.0,10.0,326.2,10.0,324.0,80.0,329.0,12.0,325.6,1.1999999999999886,90.0,22.0,0.7072481884079351,325.0,326.2,112,68.0,-31.0,0.61,326.0,1.0
07:35:05,325.97,36.0,327.0,19.0,324.69,26.0,333.0,38.0,326.49,1.0299999999999727,62.0,57.0,0.3817328909149814,325.97,327.0,119,5.0,7.0,0.04,326.0,1.0
07:35:06,326.8,44.0,331.83,30.0,325.44,16.0,422.19,62.0,329.31,5.029999999999973,60.0,92.0,1.5553552648852784,326.8,331.83,152,-32.0,33.0,-0.21,327.0,1.0
07:35:07,327.5,50.0,331.0,50.0,326.0,10.0,334.6,20.0,329.25,3.5,60.0,70.0,1.8841788662455448,327.5,331.0,130,-10.0,-22.0,-0.08,327.0,
07:35:08,328.0,107.0,331.4,57.0,326.0,18.0,423.48,69.0,329.7,3.3999999999999773,125.0,126.0,1.883095855235818,328.0,331.4,251,-1.0,121.0,-0.0,328.0,5.0
07:35:09,327.72,32.0,335.0,24.0,325.5,12.0,431.69,39.0,331.36,7.279999999999973,44.0,63.0,1.7515621599036624,327.72,335.0,107,-19.0,-144.0,-0.18,327.71,7.0
07:35:10,324.09,11.0,331.36,22.0,322.06,31.0,340.73,22.0,327.73,7.270000000000039,42.0,44.0,1.296784484795522,324.09,331.36,86,-2.0,-21.0,-0.02,325.0,1.0
07:35:11,324.0,9.0,325.0,24.0,322.0,27.0,335.89,18.0,324.5,1.0,36.0,42.0,2.587212785993134,324.0,325.0,78,-6.0,-8.0,-0.08,325.0,
07:35:12,324.0,6.0,325.0,25.0,322.0,18.0,336.0,12.0,324.5,1.0,24.0,37.0,3.073096158600693,324.0,325.0,61,-13.0,-17.0,-0.21,325.0,1.0
07:35:13,324.0,6.0,325.0,24.0,322.0,18.0,336.0,12.0,324.5,1.0,24.0,36.0,3.046755651509702,324.0,325.0,60,-12.0,-1.0,-0.2,324.0,1.0
07:35:14,322.0,27.0,325.0,36.0,321.0,18.0,336.0,18.0,323.5,3.0,45.0,54.0,1.615419450175753,322.0,325.0,99,-9.0,39.0,-0.09,324.0,
07:35:15,322.0,22.0,325.0,40.0,321.0,20.0,381.77,13.0,323.5,3.0,42.0,53.0,0.5477225575106642,322.0,325.0,95,-11.0,-4.0,-0.12,322.0,2.0
07:35:16,322.0,12.0,324.68,38.0,321.0,72.0,447.54,26.0,323.34,2.680000000000007,84.0,64.0,0.5806203578983454,322.0,324.68,148,20.0,53.0,0.14,325.0,1.0
07:35:17,321.53,17.0,323.65,34.0,315.0,126.0,326.73,37.0,322.59,2.1200000000000045,143.0,71.0,0.680573287755224,321.53,323.65,214,72.0,66.0,0.34,323.5,2.0
07:35:18,321.0,16.0,325.88,16.0,314.0,216.0,334.35,23.0,323.44,4.879999999999996,232.0,39.0,0.3879175170134956,321.0,325.88,271,193.0,57.0,0.71,325.0,2.0
07:35:19,321.0,14.0,329.0,14.0,314.0,189.0,336.0,21.0,325.0,8.0,203.0,35.0,0.8774850426109592,321.0,329.0,238,168.0,-33.0,0.71,325.0,
07:35:20,321.0,26.0,328.31,26.0,314.0,324.0,331.8,30.0,324.65,7.310000000000002,350.0,56.0,0.9959568263765052,321.0,328.31,406,294.0,168.0,0.72,325.0,
07:35:21,314.45,154.0,326.92,26.0,313.62,146.0,329.0,26.0,320.69,12.470000000000027,300.0,52.0,1.7352896011922316,314.45,326.92,352,248.0,-54.0,0.7,321.0,2.0
07:35:22,314.0,198.0,320.71,14.0,313.0,77.0,325.36,22.0,317.36,6.70999999999998,275.0,36.0,3.2047574011156787,314.0,320.71,311,239.0,-41.0,0.77,321.0,
07:35:23,314.0,216.0,318.0,16.0,313.0,84.0,322.33,48.0,316.0,4.0,300.0,64.0,4.102749078362649,314.0,318.0,364,236.0,53.0,0.65,318.0,2.0
07:35:24,314.0,108.0,321.33,18.0,313.0,42.0,323.71,21.0,317.67,7.329999999999984,150.0,39.0,3.4591082665920405,314.0,321.33,189,111.0,-174.5,0.59,318.0,
07:35:25,314.0,162.0,322.0,45.0,313.0,63.0,328.0,18.0,318.0,8.0,225.0,63.0,1.7131053674556338,314.0,322.0,288,162.0,99.0,0.56,318.0,
07:35:26,314.0,198.0,320.75,51.0,313.0,77.0,324.47,34.0,317.37,6.75,275.0,85.0,0.7621351586203263,314.0,320.75,360,190.0,72.0,0.53,318.0,
07:35:27,314.0,162.0,317.33,27.0,313.0,63.0,320.86,21.0,315.67,3.329999999999984,225.0,48.0,1.0413788935854311,314.0,317.33,273,177.0,-87.0,0.65,318.0,3.0
07:35:28,314.15,97.0,316.6,30.0,313.67,105.0,318.0,10.0,315.38,2.450000000000045,202.0,40.0,1.2055579621093349,314.15,316.6,242,162.0,-31.0,0.67,314.0,4.0
07:35:29,313.23,79.0,317.62,48.0,311.56,175.0,329.51,73.0,315.43,4.389999999999986,254.0,121.0,1.225826251964431,313.23,317.62,375,133.0,133.0,0.35,316.5,6.0
07:35:30,313.03,72.0,318.0,33.0,311.1,147.0,330.0,77.0,315.51,4.970000000000027,219.0,110.0,0.8445827372170799,313.03,318.0,329,109.0,-46.0,0.33,316.5,
07:35:31,315.27,30.0,318.0,45.0,313.0,105.0,326.93,54.0,316.63,2.730000000000018,135.0,99.0,0.5182470453413892,315.2699999999999,318.0,234,36.0,-95.0,0.15,316.5,
07:35:32,316.0,18.0,318.0,27.0,313.0,63.0,321.0,18.0,317.0,2.0,81.0,45.0,0.7658002350516365,316.0,318.0,126,36.0,-108.0,0.29,316.0,1.0
07:35:33,316.81,26.0,318.0,36.0,313.5,42.0,322.3,27.0,317.4,1.1899999999999975,68.0,63.0,0.8868088858402545,316.81,318.0,131,5.0,5.0,0.04,316.0,
07:35:34,313.45,31.0,318.0,20.0,307.11,35.0,328.0,40.0,315.73,4.550000000000011,66.0,60.0,0.8122992059612307,313.45,318.0,126,6.0,-5.0,0.05,317.25,4.0
07:35:49,313.89,37.0,317.5,56.0,310.09,46.0,318.24,49.0,315.7,3.6100000000000136,83.0,105.0,3.2502046089443857,313.89,317.5,188,-22.0,-48.0,-0.12,316.0,2.0
07:35:50,317.18,56.0,318.5,40.0,304.63,91.0,319.55,22.0,317.84,1.3199999999999932,147.0,62.0,4.430167039740518,317.18,318.5,209,85.0,21.0,0.41,318.0,7.0
07:35:51,317.9,41.0,320.38,24.0,311.4,20.0,380.44,36.0,319.14,2.480000000000018,61.0,60.0,4.616045926981593,317.9,320.38,121,1.0,-88.0,0.01,319.0,2.0
07:35:52,314.84,50.0,321.88,24.0,298.62,42.0,347.82,51.0,318.36,7.0400000000000205,92.0,75.0,3.4469870901997024,314.84,321.88,167,17.0,46.0,0.1,320.0,1.0
07:35:56,310.55,20.0,318.63,52.0,309.25,32.0,322.1,50.0,314.59,8.079999999999984,52.0,102.0,3.951788202827112,310.55,318.63,154,-50.0,22.0,-0.32,312.0,2.0
07:35:57,315.07,14.0,320.0,70.0,312.81,16.0,321.0,70.0,317.54,4.930000000000007,30.0,140.0,3.649968493015185,315.07,320.0,170,-110.0,16.0,-0.65,312.0,
07:35:58,318.64,14.0,320.0,52.0,314.41,17.0,321.0,70.0,319.32,1.3600000000000136,31.0,122.0,4.551865551617643,318.64,320.0,153,-91.0,-17.0,-0.59,320.0,3.0
07:35:59,311.12,16.0,320.52,23.0,303.0,72.0,347.33,45.0,315.82,9.399999999999975,88.0,68.0,3.5482925471278834,311.12,320.52,156,20.0,3.0,0.13,319.0,1.0
07:36:07,304.2,56.0,316.86,72.0,301.59,123.0,319.62,80.0,310.53,12.660000000000023,179.0,152.0,0.7747257579321681,304.2,316.86,331,27.0,51.0,0.08,319.0,
07:36:12,307.24,17.0,317.18,44.0,298.89,55.0,318.7,50.0,312.21,9.939999999999998,72.0,94.0,1.8271371048729956,307.24,317.18,166,-22.0,-74.0,-0.13,314.0,5.0
07:36:41,310.0,9.0,318.0,49.0,309.0,126.0,319.94,34.0,314.0,8.0,135.0,83.0,2.4824040766973487,310.0,318.0,218,52.0,-97.0,0.24,314.0,4.0
07:36:42,310.92,26.0,318.0,91.0,309.83,169.0,319.13,63.0,314.46,7.079999999999984,195.0,154.0,3.0518928552627647,310.92,318.0,349,41.0,131.0,0.12,314.0,
07:36:43,314.65,85.0,318.0,84.0,311.8,61.0,319.0,60.0,316.32,3.3500000000000227,146.0,144.0,3.413323893216748,314.65,318.0,290,2.0,-59.0,0.01,314.0,
07:36:44,316.45,66.0,318.0,82.0,315.21,118.0,319.0,70.0,317.23,1.5500000000000114,184.0,152.0,3.0528462129633804,316.45,318.0,336,32.0,46.0,0.1,318.0,4.0
07:36:45,317.21,28.0,318.87,46.0,315.0,170.0,319.76,42.0,318.04,1.660000000000025,198.0,88.0,1.7426990560637563,317.21,318.87,286,110.0,-50.0,0.38,317.6,5.0
07:36:46,315.77,109.0,319.0,39.0,313.37,59.0,320.0,44.0,317.39,3.230000000000018,168.0,83.0,1.3886936307212363,315.77,319.0,251,85.0,-35.0,0.34,316.6,5.0
07:36:47,317.34,92.0,319.4,40.0,310.7,20.0,320.8,40.0,318.37,2.0600000000000023,112.0,80.0,0.7939458419854367,317.34,319.4,192,32.0,-59.0,0.17,318.42,12.0
07:36:48,309.82,28.0,320.0,64.0,300.86,22.0,324.36,61.0,314.91,10.180000000000009,50.0,125.0,1.355994100284304,309.82,320.0,175,-75.0,-17.0,-0.43,318.42,
07:36:49,305.57,46.0,318.26,68.0,303.38,37.0,324.06,81.0,311.91,12.689999999999998,83.0,149.0,2.7179919058020414,305.57,318.26,232,-66.0,57.0,-0.28,318.0,1.0
07:36:50,306.0,21.0,317.0,28.0,303.0,22.0,319.0,14.0,311.5,11.0,43.0,42.0,3.110704100361349,306.0,317.0,85,1.0,-147.0,0.01,318.0,
07:36:51,306.0,18.0,316.33,24.0,303.0,12.0,319.0,12.0,311.17,10.329999999999984,30.0,36.0,3.067412590442394,306.0,316.33,66,-6.0,-19.0,-0.09,318.0,
07:36:52,306.25,36.0,315.17,48.0,303.17,24.0,319.0,40.0,310.71,8.920000000000016,60.0,88.0,1.663670640482675,306.25,315.17,148,-28.0,82.0,-0.19,318.0,
07:36:58,310.75,36.0,316.0,16.0,299.62,48.0,318.42,76.0,313.38,5.25,84.0,92.0,0.8072608004876952,310.75,316.0,176,-8.0,33.0,-0.05,317.33,9.0
07:36:59,311.0,21.0,320.0,56.0,301.0,14.0,327.0,21.0,315.5,9.0,35.0,77.0,1.6695148996053844,311.0,320.0,112,-42.0,-64.0,-0.38,317.33,
07:37:00,312.0,33.0,316.23,43.0,303.94,102.0,320.54,78.0,314.12,4.230000000000018,135.0,121.0,1.5481924944930474,312.0,316.23,256,14.0,144.0,0.05,317.33,
07:37:02,312.0,24.0,317.65,20.0,304.0,80.0,320.71,21.0,314.82,5.649999999999977,104.0,41.0,1.0230737998819326,312.0,317.65,145,63.0,-72.0,0.43,318.23,13.0
07:37:03,313.7,30.0,322.0,40.0,304.6,100.0,326.0,30.0,317.85,8.300000000000011,130.0,70.0,1.8140066152043568,313.7,322.0,200,60.0,55.0,0.3,318.23,
07:37:04,315.96,56.0,321.18,22.0,308.86,35.0,324.0,24.0,318.57,5.220000000000027,91.0,46.0,2.419518547150506,315.96,321.18,137,45.0,-63.0,0.33,318.23,
07:37:05,317.78,45.0,319.89,27.0,316.75,59.0,323.2,30.0,318.83,2.1100000000000136,104.0,57.0,2.576029891131988,317.78,319.89,161,47.0,24.0,0.29,319.0,5.0
07:37:06,319.37,63.0,322.0,44.0,315.12,102.0,328.0,33.0,320.68,2.6299999999999955,165.0,77.0,2.1341625992425595,319.37,322.0,242,88.0,81.0,0.36,319.6,5.0
07:37:07,317.21,86.0,321.76,42.0,312.7,60.0,326.88,32.0,319.49,4.550000000000011,146.0,74.0,1.0681198434660448,317.21,321.76,220,72.0,-22.0,0.33,321.0,5.0
07:37:08,312.4,67.0,320.0,39.0,311.27,98.0,322.0,52.0,316.2,7.600000000000023,165.0,91.0,1.6442110570136448,312.4,320.0,256,74.0,36.0,0.29,321.0,
07:37:09,314.36,42.0,317.36,42.0,310.29,140.0,322.0,56.0,315.86,3.0,182.0,98.0,2.1027529574360075,314.36,317.36,280,84.0,24.0,0.3,321.0,
07:37:10,309.25,112.0,324.35,68.0,305.06,72.0,390.34,41.0,316.8,15.100000000000025,184.0,109.0,2.1490649129344304,309.25,324.35,293,75.0,13.0,0.26,319.8,5.0
07:37:11,308.62,69.0,326.0,54.0,306.62,74.0,411.0,15.0,317.31,17.379999999999995,143.0,69.0,1.4307934861487974,308.62,326.0,212,74.0,-81.0,0.35,319.8,
07:37:12,310.0,107.0,326.0,58.0,305.64,110.0,337.68,25.0,318.0,16.0,217.0,83.0,0.8570180861602775,310.0,326.0,300,134.0,88.0,0.45,326.0,1.0
07:37:13,313.13,92.0,325.73,60.0,310.43,30.0,336.48,42.0,319.43,12.600000000000025,122.0,102.0,1.3405782334521967,313.13,325.7300000000001,224,20.0,-76.0,0.09,326.0,
07:37:14,315.46,59.0,322.58,24.0,314.62,29.0,324.13,31.0,319.02,7.1200000000000045,88.0,55.0,1.111157054608313,315.46,322.58,143,33.0,-81.0,0.23,326.0,
07:37:15,318.67,48.0,321.25,32.0,317.08,76.0,322.86,28.0,319.96,2.579999999999984,124.0,60.0,1.076489665536032,318.67,321.25,184,64.0,41.0,0.35,326.0,
07:37:16,319.12,60.0,321.27,45.0,312.18,129.0,327.53,43.0,320.19,2.1499999999999773,189.0,88.0,0.8676116642864562,319.12,321.27,277,101.0,93.0,0.36,319.25,4.0
07:37:17,319.43,28.0,329.86,21.0,308.23,52.0,333.0,14.0,324.64,10.430000000000009,80.0,35.0,2.277777425475535,319.43,329.86,115,45.0,-162.0,0.39,319.25,
07:37:18,309.92,100.0,322.1,29.0,306.75,91.0,327.72,25.0,316.01,12.180000000000009,191.0,54.0,3.100053225350491,309.92,322.1,245,137.0,130.0,0.56,320.0,4.0
07:37:23,305.53,86.0,315.63,19.0,287.77,44.0,320.71,7.0,310.58,10.100000000000025,130.0,26.0,1.3939440447901938,305.53,315.63,156,104.0,44.0,0.67,315.0,4.0
07:37:27,319.57,23.0,322.08,13.0,313.45,40.0,331.54,28.0,320.82,2.509999999999991,63.0,41.0,5.156851752765985,319.57,322.08,104,22.0,-120.0,0.21,314.83,6.0
07:37:28,323.56,18.0,326.08,13.0,311.7,46.0,329.22,9.0,324.82,2.519999999999982,64.0,22.0,7.69618087105579,323.56,326.08,86,42.0,-18.0,0.49,324.0,2.0
07:37:29,323.0,44.0,326.0,22.0,303.0,143.0,328.0,11.0,324.5,3.0,187.0,33.0,8.005368198902806,323.0,326.0,220,154.0,134.0,0.7,324.0,
07:37:30,323.0,20.0,324.67,6.0,303.0,65.0,326.22,9.0,323.83,1.670000000000016,85.0,15.0,6.45495003853659,323.0,324.67,100,70.0,-120.0,0.7,324.0,
07:37:31,323.0,50.0,324.0,15.0,303.0,195.0,326.14,29.0,323.5,1.0,245.0,44.0,1.5837866017878062,323.0,324.0,289,201.0,173.5,0.7,323.0,3.0
07:37:32,303.0,104.0,322.43,14.0,302.0,40.0,325.5,8.0,312.71,19.430000000000007,144.0,22.0,5.1483851837254,303.0,322.43,166,122.0,-123.0,0.73,323.0,1.0
07:37:33,303.0,156.0,318.65,31.0,302.0,60.0,321.14,14.0,310.82,15.649999999999975,216.0,45.0,6.71340971489184,303.0,318.65,261,171.0,95.0,0.66,318.0,3.0
07:37:34,303.0,65.0,315.91,11.0,302.0,25.0,320.57,7.0,309.45,12.910000000000023,90.0,18.0,7.037376641903222,303.0,315.91,108,72.0,-153.0,0.67,318.0,
07:37:35,303.0,52.0,315.0,12.0,302.0,20.0,319.14,7.0,309.0,12.0,72.0,19.0,5.992556215840292,303.0,315.0,91,53.0,-17.0,0.58,318.0,
07:37:36,304.0,72.0,315.0,36.0,302.41,54.0,319.0,24.0,309.5,11.0,126.0,60.0,1.5108706099487328,304.0,315.0,186,66.0,95.0,0.35,318.0,
07:37:37,304.93,90.0,315.0,45.0,303.2,45.0,319.0,30.0,309.97,10.069999999999991,135.0,75.0,0.6907025409009435,304.93,315.0,210,60.0,24.0,0.29,318.0,
07:37:38,306.25,72.0,315.0,25.0,304.0,36.0,319.0,24.0,310.62,8.75,108.0,49.0,0.6147113143639397,306.25,315.0,157,59.0,-53.0,0.38,315.0,1.0
07:37:39,308.7,60.0,315.0,22.0,307.29,51.0,319.0,20.0,311.85,6.300000000000011,111.0,42.0,1.1046583182174283,308.7,315.0,153,69.0,-4.0,0.45,315.0,
07:37:40,311.77,78.0,315.0,52.0,309.23,78.0,319.0,26.0,313.38,3.230000000000018,156.0,78.0,1.566981174107317,311.77,315.0,234,78.0,81.0,0.33,315.0,
07:37:41,313.05,76.0,315.0,23.0,312.14,84.0,319.0,28.0,314.03,1.9499999999999889,160.0,51.0,1.7369945307935004,313.05,315.0,211,109.0,-23.0,0.52,315.0,3.0
07:37:42,314.53,38.0,318.43,14.0,313.27,44.0,319.82,22.0,316.48,3.900000000000034,82.0,36.0,2.2323015029351176,314.53,318.43,118,46.0,-93.0,0.39,315.0,1.0
07:37:43,317.43,70.0,319.17,35.0,316.33,60.0,320.21,38.0,318.3,1.740000000000009,130.0,73.0,2.568262058281092,317.43,319.17,203,57.0,85.0,0.28,319.0,3.0
07:37:44,318.11,36.0,321.0,16.0,314.67,24.0,324.75,16.0,319.56,2.8899999999999864,60.0,32.0,2.661146369519354,318.11,321.0,92,28.0,-111.0,0.3,320.0,3.0
07:37:45,318.75,64.0,323.65,17.0,311.0,48.0,324.93,45.0,321.2,4.899999999999977,112.0,62.0,2.774793686025278,318.75,323.65,174,50.0,82.0,0.29,320.0,3.0
07:37:46,319.57,28.0,323.5,8.0,310.4,20.0,324.9,20.0,321.54,3.930000000000007,48.0,28.0,2.096444609333993,319.57,323.5,76,20.0,-98.0,0.26,322.0,1.0
07:37:47,322.33,42.0,324.73,22.0,321.67,42.0,336.29,34.0,323.53,2.400000000000034,84.0,56.0,1.996542010578616,322.33,324.73,140,28.0,64.0,0.2,324.5,2.0
07:37:48,323.28,57.0,327.21,24.0,315.05,80.0,383.5,20.0,325.24,3.930000000000007,137.0,44.0,2.2031068970899,323.28,327.21,181,93.0,41.0,0.51,324.67,3.0
07:37:49,325.95,38.0,343.0,13.0,324.14,28.0,504.08,39.0,334.47,17.05000000000001,66.0,52.0,5.434126424735161,325.95,343.0,118,14.0,-63.0,0.12,324.67,
07:37:51,329.0,14.0,417.67,15.0,327.0,56.0,625.08,13.0,373.33,88.67000000000002,70.0,28.0,54.76460919243378,329.0,417.67,98,42.0,-64.0,0.43,324.67,
07:37:52,327.41,29.0,344.79,19.0,326.23,26.0,438.64,11.0,336.1,17.379999999999995,55.0,30.0,52.81602531429265,327.41,344.79,85,25.0,-13.0,0.29,328.2,5.0
07:37:53,327.0,50.0,343.7,20.0,325.0,20.0,425.0,22.0,335.35,16.69999999999999,70.0,42.0,51.10665044786248,327.0,343.7,112,28.0,27.0,0.25,328.2,
07:37:54,327.0,50.0,342.0,20.0,325.0,20.0,353.0,10.0,334.5,15.0,70.0,30.0,51.10195916009486,327.0,342.0,100,40.0,-12.0,0.4,328.2,
07:37:55,327.0,55.0,340.45,22.0,325.0,22.0,408.0,21.0,333.73,13.449999999999989,77.0,43.0,17.200525282676757,327.0,340.45,120,34.0,20.0,0.28,328.2,
07:37:56,327.0,69.0,337.78,18.0,325.0,18.0,430.0,27.0,332.39,10.779999999999973,87.0,45.0,1.4396631550477577,327.0,337.78,132,42.0,12.0,0.32,328.2,
07:37:57,327.0,90.0,336.1,20.0,325.0,20.0,430.0,30.0,331.55,9.100000000000025,110.0,50.0,1.5419079090535706,327.0,336.1,160,60.0,28.0,0.38,328.2,
07:37:58,327.0,74.0,335.0,24.0,325.75,24.0,372.5,36.0,331.0,8.0,98.0,60.0,1.4652405945788745,327.0,335.0,158,38.0,-2.0,0.24,327.0,7.0
07:37:59,327.0,16.0,333.62,16.0,326.0,16.0,361.0,24.0,330.31,6.6200000000000045,32.0,40.0,1.322452267570286,327.0,333.62,72,-8.0,-86.0,-0.11,327.0,
07:38:00,326.43,14.0,332.61,18.0,325.27,22.0,353.28,29.0,329.52,6.180000000000007,36.0,47.0,1.1057260058449312,326.43,332.61,83,-11.0,11.0,-0.13,326.67,3.0
07:38:01,324.53,19.0,328.78,51.0,322.73,45.0,329.52,27.0,326.66,4.25,64.0,78.0,1.917047208600204,324.53,328.78,142,-14.0,59.0,-0.1,324.75,4.0
07:38:02,322.23,78.0,326.03,34.0,320.89,184.0,327.24,49.0,324.13,3.7999999999999545,262.0,83.0,2.867669785732318,322.23,326.03,345,179.0,173.5,0.52,323.0,2.0
07:38:03,322.0,72.0,323.0,15.0,320.0,170.0,325.0,16.0,322.5,1.0,242.0,31.0,3.36162609461587,322.0,323.0,273,211.0,-72.0,0.77,322.11,9.0
07:38:04,322.0,12.0,323.0,6.0,320.0,102.0,326.0,24.0,322.5,1.0,114.0,30.0,3.017601696712581,322.0,323.0,144,84.0,-129.0,0.58,322.11,
07:38:05,322.0,18.0,324.5,16.0,320.0,170.0,341.44,36.0,323.25,2.5,188.0,52.0,1.7299335247352532,322.0,324.5,240,136.0,96.0,0.57,322.0,1.0
07:38:06,322.0,8.0,325.25,32.0,320.0,136.0,394.74,19.0,323.62,3.25,144.0,51.0,0.7113016237877323,322.0,325.25,195,93.0,-45.0,0.48,322.0,
07:38:07,323.05,19.0,325.0,32.0,320.58,24.0,342.0,40.0,324.03,1.9499999999999889,43.0,72.0,0.6793011114395844,323.05,325.0,115,-29.0,-80.0,-0.25,323.0,4.0
07:38:08,320.14,111.0,325.62,52.0,318.9,89.0,341.58,60.0,322.88,5.480000000000018,200.0,112.0,0.6009409288798938,320.14,325.62,312,88.0,173.5,0.28,322.75,8.0
07:38:09,317.58,50.0,332.6,15.0,316.08,26.0,343.86,28.0,325.09,15.02000000000004,76.0,43.0,0.8507232217371945,317.58,332.6,119,33.0,-174.5,0.28,322.75,
07:38:10,324.44,18.0,329.0,15.0,321.44,63.0,333.0,45.0,326.72,4.560000000000002,81.0,60.0,1.4908957039319768,324.44,329.0,141,21.0,22.0,0.15,322.75,
07:38:11,325.05,19.0,329.0,7.0,314.96,46.0,333.0,21.0,327.03,3.9499999999999886,65.0,28.0,1.761405688648335,325.05,329.0,93,37.0,-48.0,0.4,325.5,2.0
07:38:12,325.0,27.0,328.04,25.0,314.0,63.0,330.09,11.0,326.52,3.0400000000000205,90.0,36.0,1.717023587491633,325.0,328.04,126,54.0,33.0,0.43,325.5,
07:38:13,323.5,24.0,328.0,24.0,315.02,44.0,329.88,8.0,325.75,4.5,68.0,32.0,0.7896011651476947,323.5,328.0,100,36.0,-26.0,0.36,325.0,3.0
07:38:14,319.0,15.0,327.0,15.0,314.0,35.0,330.0,5.0,323.0,8.0,50.0,20.0,1.637079717057974,319.0,327.0,70,30.0,-30.0,0.43,325.0,
07:38:15,319.0,33.0,326.27,33.0,314.0,77.0,330.0,11.0,322.64,7.269999999999982,110.0,44.0,2.034863631795189,319.0,326.27,154,66.0,84.0,0.43,325.0,
07:38:16,320.0,48.0,324.24,38.0,319.0,36.0,324.87,38.0,322.12,4.240000000000009,84.0,76.0,1.987254387340205,320.0,324.24,160,8.0,6.0,0.05,325.0,
07:38:17,319.49,41.0,322.18,34.0,313.54,68.0,324.75,32.0,320.83,2.6899999999999977,109.0,66.0,1.808886397760568,319.49,322.18,175,43.0,15.0,0.25,321.78,9.0
07:38:18,319.77,30.0,322.38,32.0,314.56,70.0,334.0,16.0,321.07,2.6100000000000136,100.0,48.0,0.9532418371029882,319.7699999999999,322.38,148,52.0,-27.0,0.35,321.78,
07:38:19,319.14,35.0,320.63,38.0,312.85,65.0,339.2,15.0,319.89,1.490000000000009,100.0,53.0,1.087359186287461,319.14,320.63,153,47.0,5.0,0.31,320.0,1.0
07:38:20,319.0,57.0,320.0,45.0,310.75,71.0,332.53,15.0,319.5,1.0,128.0,60.0,1.0325550832783592,319.0,320.0,188,68.0,35.0,0.36,320.0,
07:38:21,317.69,32.0,320.0,22.0,310.45,33.0,331.73,11.0,318.84,2.3100000000000023,65.0,33.0,0.9271084079028746,317.69,320.0,98,32.0,-90.0,0.33,319.33,3.0
07:38:22,317.0,36.0,319.5,12.0,308.0,36.0,323.33,18.0,318.25,2.5,72.0,30.0,1.0740810025339638,317.0,319.5,102,42.0,4.0,0.41,319.5,2.0
07:38:23,317.0,18.0,320.67,6.0,308.0,18.0,331.33,6.0,318.83,3.670000000000016,36.0,12.0,0.6402889972539602,317.0,320.67,48,24.0,-54.0,0.5,319.5,
07:38:24,317.0,18.0,324.22,9.0,308.0,18.0,445.17,6.0,320.61,7.220000000000027,36.0,15.0,0.900960598475024,317.0,324.22,51,21.0,3.0,0.41,320.2,5.0
07:38:25,317.79,57.0,331.62,13.0,314.23,39.0,417.06,18.0,324.7,13.829999999999984,96.0,31.0,2.6427504611681005,317.79,331.62,127,65.0,76.0,0.51,320.2,
07:38:26,319.0,35.0,331.0,7.0,317.0,21.0,367.0,11.0,325.0,12.0,56.0,18.0,3.2004327832347674,319.0,331.0,74,38.0,-53.0,0.51,320.2,
07:38:27,319.81,63.0,331.0,13.0,317.12,66.0,334.0,26.0,325.4,11.189999999999998,129.0,39.0,2.987837010280746,319.81,331.0,168,90.0,94.0,0.54,322.0,1.0
07:38:28,322.0,39.0,331.0,13.0,319.0,74.0,334.0,26.0,326.5,9.0,113.0,39.0,2.248070283599432,322.0,331.0,152,74.0,-16.0,0.49,322.0,
07:38:29,321.66,62.0,332.92,25.0,318.17,63.0,392.4,50.0,327.29,11.259999999999993,125.0,75.0,1.0860110496686823,321.66,332.92,200,50.0,48.0,0.25,323.83,6.0
07:38:30,321.0,40.0,334.0,16.0,314.5,24.0,381.75,32.0,327.5,13.0,64.0,48.0,1.1127533419416311,321.0,334.0,112,16.0,-88.0,0.14,323.83,
07:38:31,321.0,35.0,331.69,26.0,313.0,23.0,451.0,20.0,326.35,10.689999999999998,58.0,46.0,0.8364030129083545,321.0,331.69,104,12.0,-8.0,0.12,323.83,
07:38:32,321.0,50.0,331.0,50.0,310.45,47.0,334.0,20.0,326.0,10.0,97.0,70.0,0.6396639742881484,321.0,331.0,167,27.0,63.0,0.16,323.83,
07:38:33,321.0,35.0,331.0,35.0,313.0,21.0,334.0,14.0,326.0,10.0,56.0,49.0,0.7184497198845208,321.0,331.0,105,7.0,-62.0,0.07,323.83,
07:38:34,321.0,41.0,330.0,27.0,313.0,27.0,331.0,45.0,325.5,9.0,68.0,72.0,0.7513321502519914,321.0,330.0,140,-4.0,35.0,-0.03,321.0,1.0
07:38:35,321.0,28.0,328.45,33.0,313.0,21.0,331.29,35.0,324.73,7.449999999999989,49.0,68.0,0.6289117585182343,321.0,328.45,117,-19.0,-23.0,-0.16,321.0,
07:38:36,325.58,24.0,328.0,44.0,319.59,22.0,332.0,60.0,326.79,2.420000000000016,46.0,104.0,0.7574496682964844,325.58,328.0,150,-58.0,33.0,-0.39,321.0,
07:38:37,323.3,46.0,329.91,23.0,321.56,18.0,332.43,53.0,326.61,6.610000000000014,64.0,76.0,0.8413857617064903,323.3,329.91,140,-12.0,-10.0,-0.09,327.0,2.0
07:38:38,323.83,47.0,327.88,32.0,323.05,19.0,328.91,23.0,325.85,4.050000000000011,66.0,55.0,0.8407615595413616,323.83,327.88,121,11.0,-19.0,0.09,327.0,
07:38:39,324.12,32.0,329.22,18.0,321.88,34.0,332.75,32.0,326.67,5.100000000000023,66.0,50.0,0.8654478609380938,324.12,329.22,116,16.0,-5.0,0.14,327.0,1.0
07:38:40,325.86,36.0,331.0,20.0,321.0,40.0,337.0,50.0,328.43,5.139999999999986,76.0,70.0,0.9471008394052054,325.86,331.0,146,6.0,30.0,0.04,326.0,2.0
07:38:41,322.78,82.0,329.61,36.0,317.95,84.0,336.65,69.0,326.2,6.830000000000041,166.0,105.0,0.9950979851261388,322.78,329.61,271,61.0,125.0,0.23,326.0,3.0
07:38:42,323.73,118.0,326.91,47.0,321.0,72.0,329.26,72.0,325.32,3.180000000000007,190.0,119.0,1.1893821925698385,323.73,326.91,309,71.0,38.0,0.23,324.0,3.0
07:38:43,324.38,65.0,332.05,38.0,321.0,52.0,333.3,53.0,328.22,7.670000000000016,117.0,91.0,1.3322424704242195,324.38,332.05,208,26.0,-101.0,0.12,324.0,
07:38:44,325.0,55.0,333.0,55.0,321.0,44.0,335.0,22.0,329.0,8.0,99.0,77.0,1.58539584962299,325.0,333.0,176,22.0,-32.0,0.12,324.0,
07:38:45,325.0,50.0,330.33,45.0,321.0,40.0,334.0,35.0,327.67,5.329999999999984,90.0,80.0,1.5001733233202998,325.0,330.33,170,10.0,-6.0,0.06,326.0,4.0
07:38:46,327.77,104.0,334.0,70.0,322.54,26.0,335.0,28.0,330.88,6.230000000000018,130.0,98.0,2.024628360959465,327.77000000000004,334.0,228,32.0,58.0,0.14,325.6,5.0
07:38:47,328.0,108.0,334.0,60.0,325.0,12.0,335.56,27.0,331.0,6.0,120.0,87.0,1.523574743818266,328.0,334.0,207,33.0,-21.0,0.16,325.6,
07:38:48,328.0,81.0,334.0,45.0,325.0,9.0,338.0,45.0,331.0,6.0,90.0,90.0,1.5135058638805208,328.0,334.0,180,0.0,-27.0,0.0,325.6,
07:38:49,328.0,50.0,334.0,30.0,321.8,15.0,338.0,30.0,331.0,6.0,65.0,60.0,1.476719336908877,328.0,334.0,125,5.0,-55.0,0.04,328.0,2.0
07:38:50,328.0,84.0,333.6,45.0,321.27,44.0,335.77,52.0,330.8,5.600000000000023,128.0,97.0,0.0920869154681373,328.0,333.6,225,31.0,100.0,0.14,328.0,
07:38:51,328.0,69.0,332.0,22.0,324.0,22.0,334.0,55.0,330.0,4.0,91.0,77.0,0.433589667774126,328.0,332.0,168,14.0,-57.0,0.08,328.0,1.0
07:38:52,328.0,42.0,331.25,24.0,324.09,22.0,334.42,60.0,329.62,3.25,64.0,84.0,0.6350433056103869,328.0,331.25,148,-20.0,-20.0,-0.14,328.0,3.0
07:38:53,328.0,18.0,329.67,24.0,325.0,12.0,339.0,110.0,328.83,1.670000000000016,30.0,134.0,0.886115116675442,328.0,329.67,164,-104.0,16.0,-0.63,328.0,3.0
07:38:54,324.29,14.0,329.1,42.0,321.86,28.0,338.0,55.0,326.69,4.810000000000002,42.0,97.0,1.5662598762660822,324.29,329.1,139,-55.0,-25.0,-0.4,325.0,1.0
07:38:55,324.0,12.0,326.0,28.0,321.0,28.0,337.0,35.0,325.0,2.0,40.0,63.0,2.1228212359973853,324.0,326.0,103,-23.0,-36.0,-0.22,324.0,1.0
07:38:56,324.0,8.0,335.87,39.0,314.65,68.0,337.88,40.0,329.94,11.870000000000005,76.0,79.0,2.109011616848392,324.0,335.87,155,-3.0,52.0,-0.02,324.0,
07:38:57,324.0,7.0,336.65,31.0,312.0,112.0,337.57,35.0,330.32,12.649999999999975,119.0,66.0,2.259940264697591,324.0,336.65,185,53.0,30.0,0.29,324.0,
07:38:58,324.0,7.0,335.76,41.0,314.87,47.0,337.5,32.0,329.88,11.759999999999993,54.0,73.0,2.3836274876753145,324.0,335.76,127,-19.0,-58.0,-0.15,324.0,
07:38:59,324.96,28.0,333.8,40.0,323.25,12.0,335.0,20.0,329.38,8.840000000000032,40.0,60.0,2.207867749662809,324.96,333.8,100,-20.0,-27.0,-0.2,324.0,
07:39:00,325.24,51.0,332.21,38.0,324.0,17.0,333.12,64.0,328.72,6.96999999999997,68.0,102.0,0.6171871677220696,325.24,332.21,170,-34.0,70.0,-0.2,324.0,
07:39:01,326.0,93.0,332.0,24.0,324.0,12.0,333.0,48.0,329.0,6.0,105.0,72.0,0.6483826030985789,326.0,332.0,177,33.0,7.0,0.19,326.0,3.0
07:39:02,326.0,145.0,329.9,40.0,324.0,15.0,331.19,37.0,327.95,3.899999999999977,160.0,77.0,0.7243479826720833,326.0,329.9,237,83.0,60.0,0.35,326.0,3.0
07:39:03,326.0,88.0,327.09,34.0,323.67,12.0,332.35,46.0,326.54,1.089999999999975,100.0,80.0,1.1237526418217547,326.0,327.09,180,20.0,-57.0,0.11,326.0,2.0
07:39:04,326.0,48.0,331.5,48.0,323.62,26.0,341.0,60.0,328.75,5.5,74.0,108.0,1.0038276744548482,326.0,331.5,182,-34.0,2.0,-0.19,326.0,3.0
07:39:05,326.0,44.0,330.0,44.0,324.0,33.0,336.29,48.0,328.0,4.0,77.0,92.0,0.9598281096120634,326.0,330.0,169,-15.0,-13.0,-0.09,326.0,
07:39:06,326.0,40.0,329.2,40.0,324.0,30.0,337.0,50.0,327.6,3.1999999999999886,70.0,90.0,0.8042822887528702,326.0,329.2,160,-20.0,-9.0,-0.12,326.0,
07:39:07,325.82,44.0,327.65,40.0,323.88,32.0,337.33,60.0,326.73,1.829999999999984,76.0,100.0,0.9129786415911638,325.82,327.65,176,-24.0,16.0,-0.14,326.0,7.0
07:39:08,323.54,13.0,333.04,25.0,321.36,14.0,339.0,40.0,328.29,9.5,27.0,65.0,0.7648725384019953,323.54,333.04,92,-38.0,-84.0,-0.41,324.0,2.0
07:39:09,321.62,8.0,338.0,30.0,319.83,18.0,344.0,60.0,329.81,16.379999999999995,26.0,90.0,1.1287293741200384,321.62,338.0,116,-64.0,24.0,-0.55,324.0,
07:39:10,321.21,19.0,338.0,30.0,315.17,18.0,344.0,60.0,329.61,16.79000000000002,37.0,90.0,1.3127147443375768,321.21,338.0,127,-53.0,11.0,-0.42,324.0,
07:39:11,321.57,42.0,338.0,60.0,318.8,30.0,343.62,56.0,329.79,16.430000000000007,72.0,116.0,1.3407758947717874,321.57,338.0,188,-44.0,61.0,-0.23,322.0,4.0
07:39:12,321.0,23.0,337.74,47.0,317.0,10.0,340.69,39.0,329.37,16.74000000000001,33.0,86.0,0.6312527227670972,321.0,337.74,119,-53.0,-69.0,-0.45,321.0,1.0
07:39:13,321.0,20.0,336.36,33.0,317.0,10.0,337.4,47.0,328.68,15.360000000000014,30.0,80.0,0.4663903944131373,321.0,336.36,110,-50.0,-9.0,-0.45,321.0,
07:39:14,321.0,20.0,327.32,31.0,317.0,10.0,330.36,36.0,324.16,6.319999999999993,30.0,67.0,2.3644597691653018,321.0,327.32,97,-37.0,-13.0,-0.38,321.0,
07:39:15,318.14,14.0,322.78,46.0,315.12,32.0,333.34,58.0,320.46,4.639999999999986,46.0,104.0,4.054943896036311,318.14,322.78,150,-58.0,53.0,-0.39,321.0,2.0
07:39:16,321.32,25.0,326.69,42.0,315.05,40.0,328.64,56.0,324.01,5.3700000000000045,65.0,98.0,3.686872658501058,321.32,326.69,163,-33.0,13.0,-0.2,321.6,5.0
07:39:17,326.0,148.0,331.62,40.0,314.92,26.0,334.25,40.0,328.81,5.6200000000000045,174.0,80.0,3.5392414441519424,326.0,331.62,254,94.0,91.0,0.37,321.6,
07:39:18,326.0,192.0,330.33,27.0,314.0,42.0,331.36,42.0,328.17,4.329999999999984,234.0,69.0,3.4200833323185,326.0,330.33,303,165.0,49.0,0.54,321.6,
07:39:19,326.0,288.0,328.61,36.0,316.0,27.0,331.0,54.0,327.31,2.6100000000000136,315.0,90.0,3.4880252292669294,326.0,328.61,405,225.0,102.0,0.56,321.6,
07:39:20,326.0,172.0,327.67,36.0,315.11,45.0,332.14,35.0,326.83,1.670000000000016,217.0,71.0,1.851129384997752,326.0,327.67,288,146.0,-117.0,0.51,326.0,5.0
07:39:21,326.38,142.0,334.45,58.0,322.41,98.0,340.63,76.0,330.41,8.069999999999993,240.0,134.0,1.4026688846630215,326.38,334.45,374,106.0,86.0,0.28,326.0,
07:39:22,327.0,135.0,334.0,75.0,326.0,165.0,342.89,110.0,330.5,7.0,300.0,185.0,1.7217955743936937,327.0,334.0,485,115.0,111.0,0.24,326.0,
07:39:23,327.7,91.0,334.0,85.0,326.79,159.0,341.0,51.0,330.85,6.300000000000011,250.0,136.0,1.9405926929682,327.7,334.0,386,114.0,-99.0,0.3,328.0,4.0
07:39:24,328.92,52.0,334.0,65.0,327.0,117.0,341.0,39.0,331.46,5.079999999999984,169.0,104.0,1.8248698583738276,328.92,334.0,273,65.0,-113.0,0.24,328.0,
07:39:25,327.83,106.0,331.9,73.0,326.6,166.0,334.37,89.0,329.87,4.069999999999993,272.0,162.0,0.5872563324487279,327.83,331.9,434,110.0,161.0,0.25,328.14,7.0
07:39:26,327.0,122.0,333.75,53.0,326.0,52.0,336.87,71.0,330.38,6.75,174.0,124.0,0.5900593190528677,327.0,333.75,298,50.0,-136.0,0.17,327.0,3.0
07:39:27,327.0,40.0,338.0,15.0,326.0,20.0,342.0,25.0,332.5,11.0,60.0,40.0,1.017924358683426,327.0,338.0,100,20.0,-174.5,0.2,327.0,
07:39:28,327.0,112.0,338.0,42.0,326.0,56.0,340.71,70.0,332.5,11.0,168.0,112.0,1.202921443819598,327.0,338.0,280,56.0,173.5,0.2,327.0,
07:39:29,327.0,82.0,338.0,33.0,326.0,44.0,340.0,55.0,332.5,11.0,126.0,88.0,1.3132783406426063,327.0,338.0,214,38.0,-66.0,0.18,327.0,2.0
07:39:30,327.0,34.0,336.6,30.0,326.0,56.0,339.72,64.0,331.8,9.600000000000025,90.0,94.0,0.9211297411336454,327.0,336.6,184,-4.0,-30.0,-0.02,327.0,5.0
07:39:31,327.0,11.0,335.0,22.0,325.96,47.0,340.0,55.0,331.0,8.0,58.0,77.0,0.6655824516924215,327.0,335.0,135,-19.0,-49.0,-0.14,327.0,
07:39:32,327.0,13.0,335.0,26.0,326.0,91.0,340.0,65.0,331.0,8.0,104.0,91.0,0.750333259292781,327.0,335.0,195,13.0,60.0,0.07,327.0,
07:39:33,327.0,7.0,334.14,14.0,326.0,49.0,340.43,35.0,330.57,7.139999999999986,56.0,49.0,0.7706361008939079,327.0,334.14,105,7.0,-90.0,0.07,327.0,
07:39:34,327.0,36.0,332.27,22.0,326.0,77.0,340.09,55.0,329.64,5.269999999999982,113.0,77.0,0.7871594501757615,327.0,332.27,190,36.0,85.0,0.19,327.0,
07:39:35,327.0,30.0,332.0,10.0,326.0,35.0,341.0,25.0,329.5,5.0,65.0,35.0,0.7279560426296408,327.0,332.0,100,30.0,-90.0,0.3,327.0,
07:39:36,327.0,66.0,331.45,22.0,326.0,77.0,339.91,55.0,329.23,4.449999999999989,143.0,77.0,0.7577400609714386,327.0,331.45,220,66.0,120.0,0.3,327.0,
07:39:37,327.0,78.0,330.46,26.0,326.0,91.0,339.56,52.0,328.73,3.4599999999999795,169.0,78.0,0.6753739704793155,327.0,330.46,247,91.0,27.0,0.37,327.0,
07:39:38,327.0,60.0,328.89,27.0,326.0,70.0,333.3,20.0,327.94,1.8899999999999864,130.0,47.0,0.690774927165846,327.0,328.89,177,83.0,-70.0,0.47,327.0,
07:39:39,327.0,39.0,329.46,26.0,326.0,91.0,341.77,26.0,328.23,2.4599999999999795,130.0,52.0,0.6551564698611821,327.0,329.46,182,78.0,5.0,0.43,327.0,3.0
07:39:40,327.0,21.0,328.71,14.0,326.0,49.0,341.0,14.0,327.86,1.7099999999999795,70.0,28.0,0.5766021158485067,327.0,328.71,98,42.0,-84.0,0.43,327.0,
07:39:41,326.26,38.0,328.0,19.0,325.91,46.0,341.0,20.0,327.13,1.740000000000009,84.0,39.0,0.5838407317077279,326.26,328.0,123,45.0,25.0,0.37,327.25,4.0
07:39:42,326.0,67.0,327.5,10.0,325.0,10.0,341.84,50.0,326.75,1.5,77.0,60.0,0.6168225028329192,326.0,327.5,137,17.0,14.0,0.12,325.88,8.0
07:39:43,323.0,16.0,339.64,45.0,322.0,126.0,359.04,71.0,331.32,16.639999999999986,142.0,116.0,1.80841643434276,323.0,339.64,258,26.0,121.0,0.1,323.0,2.0
07:39:44,323.0,7.0,340.0,35.0,320.26,43.0,341.7,27.0,331.5,17.0,50.0,62.0,2.315851895091939,323.0,340.0,112,-12.0,-146.0,-0.11,323.0,
07:39:45,323.0,30.0,339.43,40.0,319.0,60.0,340.06,48.0,331.21,16.430000000000007,90.0,88.0,2.417761361259798,323.0,339.43,178,2.0,66.0,0.01,323.0,
07:39:46,323.0,152.0,336.06,32.0,319.0,40.0,337.62,16.0,329.53,13.060000000000002,192.0,48.0,2.013745266909589,323.0,336.06,240,144.0,62.0,0.6,323.0,
07:39:47,323.0,209.0,334.64,55.0,319.0,55.0,337.0,11.0,328.82,11.639999999999986,264.0,66.0,1.2182897849037282,323.0,334.64,330,198.0,90.0,0.6,323.0,
07:39:48,324.4,45.0,332.18,55.0,322.75,181.0,338.88,16.0,328.29,7.78000000000003,226.0,71.0,1.4288981769184084,324.4,332.18,297,155.0,-33.0,0.52,325.33,3.0
07:39:49,323.08,130.0,332.0,40.0,319.63,52.0,340.0,16.0,327.54,8.920000000000016,182.0,56.0,1.3966638822568247,323.08,332.0,238,126.0,-59.0,0.53,325.33,
07:39:50,324.54,89.0,332.0,50.0,323.0,170.0,340.0,20.0,328.27,7.4599999999999795,259.0,70.0,0.7384781648773969,324.54,332.0,329,189.0,91.0,0.57,324.0,3.0
07:39:51,326.71,56.0,332.0,55.0,324.32,100.0,340.0,22.0,329.36,5.2900000000000205,156.0,77.0,0.6802426037824337,326.71,332.0,233,79.0,-96.0,0.34,324.0,
07:39:52,328.0,40.0,332.0,50.0,327.0,30.0,340.22,18.0,330.0,4.0,70.0,68.0,0.9777371835011358,328.0,332.0,138,2.0,-95.0,0.01,324.0,
07:39:53,327.5,24.0,332.0,35.0,326.22,41.0,341.03,31.0,329.75,4.5,65.0,66.0,1.0434701720704769,327.5,332.0,131,-1.0,-7.0,-0.01,328.0,4.0
07:39:54,327.0,42.0,331.14,70.0,326.0,112.0,340.93,70.0,329.07,4.139999999999986,154.0,140.0,0.6725696989910136,327.0,331.14,294,14.0,163.0,0.05,328.0,
07:39:55,327.0,24.0,329.5,40.0,326.0,64.0,340.0,40.0,328.25,2.5,88.0,80.0,0.680169096622938,327.0,329.5,168,8.0,-126.0,0.05,328.0,
07:39:56,327.0,18.0,329.0,50.0,326.0,80.0,339.9,50.0,328.0,2.0,98.0,100.0,0.8844376744580859,327.0,329.0,198,-2.0,30.0,-0.01,327.0,2.0
07:39:57,323.59,101.0,328.29,70.0,323.16,89.0,339.07,70.0,325.94,4.7000000000000455,190.0,140.0,1.4413084333343489,323.59,328.29,330,50.0,132.0,0.15,326.2,10.0
07:39:58,323.04,184.0,326.25,60.0,318.95,38.0,330.25,60.0,324.65,3.2099999999999795,222.0,120.0,1.8253684559563927,323.04,326.25,342,102.0,12.0,0.3,326.2,
07:39:59,324.0,75.0,325.7,50.0,323.0,160.0,328.3,50.0,324.85,1.6999999999999886,235.0,100.0,1.705863417744958,324.0,325.7,335,135.0,-7.0,0.4,324.0,5.0
07:40:00,323.0,158.0,339.45,44.0,315.0,26.0,340.12,33.0,331.23,16.44999999999999,184.0,77.0,2.744982695756132,323.0,339.45,261,107.0,-74.0,0.41,323.38,8.0
07:40:01,323.0,110.0,336.64,22.0,315.0,20.0,337.38,16.0,329.82,13.639999999999986,130.0,38.0,3.027783017324828,323.0,336.64,168,92.0,-93.0,0.55,323.38,
07:40:02,323.1,61.0,333.23,26.0,321.95,76.0,334.48,29.0,328.16,10.129999999999995,137.0,55.0,2.940369024459464,323.1,333.23,192,82.0,24.0,0.43,323.38,
07:40:03,324.2,20.0,330.44,52.0,323.01,178.0,331.68,37.0,327.32,6.240000000000009,198.0,89.0,2.4379766200685173,324.2,330.44,287,109.0,95.0,0.38,323.38,
07:40:04,326.71,35.0,328.8,45.0,324.22,46.0,330.5,36.0,327.76,2.090000000000032,81.0,81.0,1.6286558875344896,326.71,328.8,162,0.0,-125.0,0.0,327.0,1.0
07:40:05,326.27,30.0,328.2,30.0,323.08,147.0,330.61,33.0,327.23,1.9300000000000068,177.0,63.0,1.052862764086903,326.2699999999999,328.2,240,114.0,78.0,0.47,328.0,2.0
07:40:06,323.21,142.0,325.59,34.0,318.3,115.0,327.18,34.0,324.4,2.3799999999999955,257.0,68.0,1.486196487682819,323.21,325.59,325,189.0,85.0,0.58,326.0,2.0
07:40:07,323.0,112.0,324.75,24.0,314.0,60.0,325.75,24.0,323.88,1.75,172.0,48.0,1.826039430023552,323.0,324.75,220,124.0,-105.0,0.56,323.0,2.0
07:40:08,320.63,76.0,324.12,17.0,313.83,48.0,333.42,12.0,322.37,3.490000000000009,124.0,29.0,2.293462447915971,320.63,324.12,153,95.0,-67.0,0.62,323.33,3.0
07:40:09,314.11,28.0,323.12,8.0,313.6,25.0,333.6,10.0,318.62,9.009999999999993,53.0,18.0,3.1527210469688858,314.11,323.12,71,35.0,-82.0,0.49,323.33,
07:40:10,315.38,21.0,323.0,17.0,313.18,80.0,332.0,17.0,319.19,7.620000000000003,101.0,34.0,2.6588286894797037,315.38,323.0,135,67.0,64.0,0.5,323.33,
07:40:11,317.11,35.0,320.95,19.0,316.09,22.0,330.84,19.0,319.03,3.839999999999975,57.0,38.0,2.359188419774959,317.11,320.95,95,19.0,-40.0,0.2,323.33,
07:40:12,318.06,32.0,321.08,37.0,314.39,23.0,330.06,17.0,319.57,3.019999999999982,55.0,54.0,1.5004599294883278,318.06,321.08,109,1.0,14.0,0.01,320.0,1.0
07:40:13,308.83,48.0,320.0,65.0,304.46,41.0,328.62,13.0,314.42,11.170000000000016,89.0,78.0,2.1216102375318115,308.83,320.0,167,11.0,58.0,0.07,318.0,2.0
07:40:14,309.19,59.0,315.19,32.0,307.12,34.0,320.32,57.0,312.19,6.0,93.0,89.0,3.363123548131939,309.19,315.19,182,4.0,15.0,0.02,318.0,
07:40:16,310.0,60.0,318.83,48.0,307.5,48.0,322.21,28.0,314.42,8.829999999999984,108.0,76.0,3.1631392634531843,310.0,318.83,184,32.0,24.0,0.17,313.0,2.0
07:40:17,310.0,55.0,320.0,48.0,307.0,44.0,325.05,41.0,315.0,10.0,99.0,89.0,1.5539240650684791,310.0,320.0,188,10.0,4.0,0.05,320.0,1.0
07:40:18,310.0,55.0,320.0,44.0,307.0,44.0,325.0,44.0,315.0,10.0,99.0,88.0,1.6574136478257149,310.0,320.0,187,11.0,-1.0,0.06,320.0,
07:40:19,310.0,80.0,323.87,62.0,307.0,64.0,325.06,66.0,316.94,13.870000000000005,144.0,128.0,1.9643115842449823,310.0,323.87,272,16.0,85.0,0.06,320.8,5.0
07:40:20,310.0,65.0,315.69,87.0,307.0,52.0,322.41,59.0,312.84,5.689999999999998,117.0,146.0,1.4694897073471065,310.0,315.69,263,-29.0,-9.0,-0.11,320.8,
07:40:25,310.0,50.0,318.57,21.0,306.52,31.0,317.31,42.0,314.29,8.569999999999993,81.0,63.0,1.02411913369408,310.0,318.57,144,18.0,25.0,0.12,315.61,18.0
07:40:26,314.22,73.0,321.89,37.0,307.72,83.0,322.65,17.0,318.06,7.669999999999959,156.0,54.0,2.64684718108147,314.22,321.89,210,102.0,66.0,0.49,321.0,5.0
07:40:27,316.0,66.0,323.0,12.0,308.76,68.0,326.0,48.0,319.5,7.0,134.0,60.0,3.463134418413426,316.0,323.0,194,74.0,-16.0,0.38,321.0,
07:40:28,310.0,60.0,323.0,12.0,306.08,84.0,326.0,48.0,316.5,13.0,144.0,60.0,2.9850963133540858,310.0,323.0,204,84.0,10.0,0.41,321.0,
07:40:29,311.88,33.0,325.73,22.0,306.44,45.0,327.43,28.0,318.8,13.850000000000025,78.0,50.0,2.078653410263679,311.88,325.73,128,28.0,-76.0,0.22,323.0,1.0
07:40:30,324.0,44.0,325.0,44.0,306.94,85.0,327.82,44.0,324.5,1.0,129.0,88.0,3.0232300607135567,324.0,325.0,217,41.0,89.0,0.19,323.0,
07:40:31,324.0,40.0,328.0,40.0,306.0,122.0,420.0,10.0,326.0,4.0,162.0,50.0,4.017835238035904,324.0,328.0,212,112.0,-5.0,0.53,325.0,4.0
07:40:32,324.0,40.0,328.0,40.0,306.0,80.0,391.81,26.0,326.0,4.0,120.0,66.0,4.418483902879331,324.0,328.0,186,54.0,-26.0,0.29,325.0,
07:40:33,324.0,36.0,328.0,36.0,306.0,67.0,395.6,43.0,326.0,4.0,103.0,79.0,3.1205768697477785,324.0,328.0,182,24.0,-4.0,0.13,325.0,
07:40:34,324.88,64.0,328.0,56.0,318.17,48.0,408.32,66.0,326.44,3.1200000000000045,112.0,122.0,0.7447952738879052,324.88,328.0,234,-10.0,52.0,-0.04,325.5,8.0
07:40:35,326.32,124.0,328.0,76.0,320.0,64.0,408.76,87.0,327.16,1.6800000000000068,188.0,163.0,0.5067543783787803,326.32,328.0,351,25.0,117.0,0.07,325.5,
07:40:36,327.0,80.0,410.73,44.0,324.0,40.0,470.32,34.0,368.86,83.73000000000002,120.0,78.0,18.994607655858843,327.0,410.7300000000001,198,42.0,-153.0,0.21,327.8,5.0
07:40:39,328.8,20.0,443.0,20.0,326.52,50.0,613.92,12.0,385.9,114.2,70.0,32.0,36.9398764210174,328.8,443.0,102,38.0,-94.0,0.37,328.2,5.0
07:40:40,327.0,40.0,468.56,18.0,324.0,40.0,699.2,10.0,397.78,141.56,80.0,28.0,20.46833334690557,327.0,468.56,108,52.0,6.0,0.48,328.2,
07:40:41,327.96,96.0,435.47,47.0,326.7,40.0,451.86,21.0,381.71,107.51000000000003,136.0,68.0,16.60114664714605,327.96,435.47,204,68.0,96.0,0.33,328.0,4.0
07:40:42,328.01,81.0,433.27,30.0,327.15,52.0,433.96,27.0,380.64,105.26,133.0,57.0,11.009166635129292,328.01,433.2699999999999,190,76.0,-14.0,0.4,328.33,3.0
07:40:43,328.0,105.0,429.47,30.0,327.0,60.0,431.53,30.0,378.73,101.47000000000004,165.0,60.0,7.636646515326001,328.0,429.47,225,105.0,35.0,0.47,328.33,
07:40:44,330.57,49.0,424.97,29.0,327.91,46.0,426.29,14.0,377.77,94.40000000000003,95.0,43.0,8.227036525994023,330.57,424.97,138,52.0,-87.0,0.38,328.33,
07:40:45,331.0,29.0,424.0,35.0,328.0,49.0,426.0,14.0,377.5,93.0,78.0,49.0,1.837457482511487,331.0,424.0,127,29.0,-11.0,0.23,331.0,4.0
07:40:46,331.0,39.0,421.16,44.0,328.0,91.0,423.67,48.0,376.08,90.16000000000004,130.0,92.0,1.6873144342524826,331.0,421.16,222,38.0,95.0,0.17,331.0,
07:40:47,329.98,59.0,416.14,51.0,327.74,123.0,417.07,67.0,373.06,86.15999999999997,182.0,118.0,2.208725877069333,329.98,416.14,300,64.0,78.0,0.21,329.8,5.0
07:40:48,328.0,122.0,398.64,58.0,327.0,136.0,411.34,50.0,363.32,70.63999999999999,258.0,108.0,6.014663747877634,328.0,398.64,366,150.0,66.0,0.41,328.0,4.0
07:40:49,330.0,18.0,392.02,49.0,327.9,80.0,409.98,45.0,361.01,62.01999999999998,98.0,94.0,7.5470908302491795,330.0,392.02,192,4.0,-174.0,0.02,328.0,
07:40:50,328.43,49.0,384.41,49.0,327.39,88.0,392.72,46.0,356.42,55.98000000000002,137.0,95.0,8.296181049135097,328.43,384.41,232,42.0,40.0,0.18,330.0,2.0
07:40:51,328.05,57.0,380.06,52.0,327.05,110.0,381.49,41.0,354.06,52.00999999999999,167.0,93.0,7.387806169630152,328.05,380.06,260,74.0,28.0,0.28,328.6,5.0
07:40:52,327.87,60.0,375.6,43.0,326.99,105.0,377.27,44.0,351.74,47.73000000000002,165.0,87.0,4.800770771451425,327.87,375.6,252,78.0,-8.0,0.31,328.6,
07:40:53,327.6,80.0,371.23,26.0,326.94,68.0,372.14,28.0,349.42,43.63,148.0,54.0,4.463171518104634,327.6,371.23,202,94.0,-50.0,0.47,328.6,
07:40:54,327.44,45.0,338.04,23.0,326.89,45.0,341.82,44.0,332.74,10.600000000000025,90.0,67.0,9.389551639988824,327.44,338.04,157,23.0,-45.0,0.15,327.67,9.0
07:40:55,327.0,50.0,334.38,21.0,326.0,10.0,335.78,27.0,330.69,7.3799999999999955,60.0,48.0,11.11380672857025,327.0,334.38,108,12.0,-49.0,0.11,327.67,
07:40:56,327.0,45.0,332.16,19.0,326.0,9.0,333.22,18.0,329.58,5.160000000000025,54.0,37.0,10.813490648260183,327.0,332.16,91,17.0,-17.0,0.19,327.67,
07:40:57,324.67,69.0,328.25,28.0,322.48,29.0,331.57,28.0,326.46,3.579999999999984,98.0,56.0,9.034125303537014,324.67,328.25,154,42.0,63.0,0.27,325.4,10.0
07:40:58,323.0,100.0,326.1,20.0,321.0,50.0,327.1,20.0,324.55,3.1000000000000227,150.0,40.0,3.287937043193636,323.0,326.1,190,110.0,36.0,0.58,325.4,
07:40:59,323.0,68.0,324.14,14.0,321.0,35.0,326.0,14.0,323.57,1.1399999999999864,103.0,28.0,3.0954401948679315,323.0,324.14,131,75.0,-59.0,0.57,323.0,2.0
07:41:00,325.33,36.0,347.82,34.0,322.09,44.0,582.81,16.0,336.58,22.49000000000001,80.0,50.0,5.241714414197378,325.33,347.82,130,30.0,-1.0,0.23,323.5,4.0
07:41:01,323.7,60.0,351.0,55.0,321.42,57.0,710.09,11.0,337.35,27.30000000000001,117.0,66.0,6.7166561621096506,323.7,351.0,183,51.0,53.0,0.28,330.0,3.0
07:41:02,323.0,72.0,351.0,60.0,321.0,60.0,639.67,12.0,337.0,28.0,132.0,72.0,7.088473037263154,323.0,351.0,204,60.0,21.0,0.29,330.0,
07:41:03,323.0,34.0,349.17,18.0,321.0,30.0,351.0,30.0,336.08,26.170000000000016,64.0,48.0,5.914450946622861,323.0,349.17,112,16.0,-92.0,0.14,323.0,2.0
07:41:04,323.89,54.0,343.42,31.0,322.12,34.0,350.56,41.0,333.65,19.53000000000003,88.0,72.0,1.4663457982376635,323.89,343.42,160,16.0,48.0,0.1,323.0,3.0
07:41:05,325.2,60.0,337.51,61.0,324.0,150.0,386.91,35.0,331.35,12.310000000000002,210.0,96.0,2.5395334217152308,325.2,337.51,306,114.0,146.0,0.37,323.0,
07:41:06,326.0,35.0,339.54,28.0,324.0,110.0,383.77,26.0,332.77,13.54000000000002,145.0,54.0,2.336653590074529,326.0,339.54,199,91.0,-107.0,0.46,326.0,1.0
07:41:07,326.0,24.0,328.0,24.0,324.0,80.0,330.0,16.0,327.0,2.0,104.0,40.0,3.3630269103899773,326.0,328.0,144,64.0,-55.0,0.44,326.0,
07:41:08,325.02,41.0,328.2,25.0,323.81,86.0,356.25,24.0,326.61,3.180000000000007,127.0,49.0,3.2760158729783773,325.02,328.2,176,78.0,32.0,0.44,326.0,3.0
07:41:09,324.0,50.0,356.67,9.0,323.0,40.0,557.11,9.0,340.33,32.670000000000016,90.0,18.0,5.561107803307443,324.0,356.67,108,72.0,-68.0,0.67,330.0,2.0
07:41:10,331.0,6.0,467.5,10.0,324.0,60.0,621.92,26.0,399.25,136.5,66.0,36.0,30.72642218026717,331.0,467.5,102,30.0,-6.0,0.29,330.0,
07:41:11,331.0,9.0,468.47,17.0,324.0,90.0,656.68,37.0,399.74,137.47000000000003,99.0,54.0,37.75127189910324,331.0,468.47,153,45.0,51.0,0.29,330.0,
07:41:12,324.0,17.0,472.0,12.0,323.0,96.0,631.17,60.0,398.0,148.0,113.0,72.0,36.22230707726979,324.0,472.0,185,41.0,32.0,0.22,324.7,10.0
07:41:13,324.0,7.0,470.48,23.0,323.0,56.0,531.21,19.0,397.24,146.48000000000002,63.0,42.0,26.05896141445468,324.0,470.48,105,21.0,-80.0,0.2,324.7,
07:41:14,324.78,36.0,467.02,50.0,323.1,71.0,532.04,57.0,395.9,142.24,107.0,107.0,1.5471199048698965,324.78,467.02,214,0.0,109.0,0.0,325.0,4.0
07:41:15,324.0,9.0,465.88,33.0,323.0,72.0,466.67,30.0,394.94,141.88,81.0,63.0,1.863083465667628,324.0,465.88,144,18.0,-70.0,0.12,325.0,
07:41:16,324.0,6.0,414.1,21.0,323.0,48.0,447.9,21.0,369.05,90.10000000000002,54.0,42.0,12.341700855232247,324.0,414.1,96,12.0,-48.0,0.12,325.0,
07:41:17,324.0,7.0,351.61,23.0,323.0,56.0,357.86,35.0,337.8,27.610000000000014,63.0,58.0,25.830373206750888,324.0,351.61,121,5.0,25.0,0.04,325.0,
07:41:18,324.92,39.0,348.45,62.0,321.29,70.0,349.66,29.0,336.69,23.529999999999973,109.0,91.0,29.117500407830832,324.92,348.45,200,18.0,79.0,0.09,323.2,5.0
07:41:19,323.0,40.0,346.2,20.0,319.0,50.0,348.0,50.0,334.6,23.19999999999999,90.0,70.0,26.64171972677483,323.0,346.2,160,20.0,-40.0,0.12,323.2,
07:41:20,327.0,63.0,344.36,39.0,320.5,48.0,347.33,45.0,335.68,17.360000000000014,111.0,84.0,14.74213790466014,327.0,344.36,195,27.0,35.0,0.14,323.2,
07:41:21,329.0,119.0,342.18,73.0,323.06,164.0,343.52,46.0,335.59,13.180000000000009,283.0,119.0,1.2166223736284605,329.0,342.18,402,164.0,173.5,0.41,323.2,
07:41:22,329.0,87.0,340.3,53.0,328.0,13.0,341.42,38.0,334.65,11.300000000000011,100.0,91.0,0.862015081082103,329.0,340.3,191,9.0,-174.5,0.05,329.0,2.0
07:41:23,329.85,66.0,336.75,59.0,328.97,72.0,338.53,57.0,333.3,6.899999999999977,138.0,116.0,0.9623564828132016,329.85,336.75,254,22.0,63.0,0.09,329.0,
07:41:24,330.0,48.0,333.71,48.0,328.78,32.0,335.47,45.0,331.85,3.70999999999998,80.0,93.0,1.632216284691541,330.0,333.71,173,-13.0,-81.0,-0.08,329.0,
07:41:25,327.9,30.0,330.63,38.0,327.0,21.0,334.92,50.0,329.27,2.730000000000018,51.0,88.0,2.486608131574336,327.9,330.63,139,-37.0,-34.0,-0.27,329.8,5.0
07:41:26,327.92,118.0,329.17,29.0,326.88,24.0,352.03,37.0,328.55,1.25,142.0,66.0,2.5960315868669537,327.92,329.17,208,76.0,69.0,0.37,328.0,1.0
07:41:27,328.0,143.0,352.49,47.0,327.0,33.0,464.46,35.0,340.24,24.49000000000001,176.0,82.0,4.661133982199131,328.0,352.48999999999995,258,94.0,50.0,0.36,328.0,7.0
07:41:28,328.0,25.0,420.92,13.0,327.0,15.0,528.2,15.0,374.46,92.92000000000002,40.0,28.0,19.34158550894973,328.0,420.92,68,12.0,-174.5,0.18,328.0,5.0
07:41:29,328.0,33.0,419.27,11.0,327.0,33.0,542.82,33.0,373.64,91.26999999999998,66.0,44.0,23.1262031038391,328.0,419.2699999999999,110,22.0,42.0,0.2,328.0,
07:41:30,328.0,27.0,418.0,9.0,327.0,27.0,575.92,39.0,373.0,90.0,54.0,48.0,21.92748777220089,328.0,418.0,102,6.0,-8.0,0.06,328.0,
07:41:31,328.0,18.0,418.0,6.0,327.0,18.0,609.0,26.0,373.0,90.0,36.0,32.0,14.897581011695229,328.0,418.0,68,4.0,-34.0,0.06,328.0,
07:41:32,328.0,25.0,418.93,27.0,327.0,27.0,541.86,29.0,373.46,90.93,52.0,56.0,0.6004331769849587,328.0,418.93,108,-4.0,40.0,-0.04,328.5,4.0
07:41:33,327.07,29.0,329.0,22.0,326.4,15.0,524.41,51.0,328.03,1.9300000000000068,44.0,73.0,20.23614785476777,327.07000000000005,329.0,117,-29.0,9.0,-0.25,328.0,1.0
07:41:34,321.43,28.0,328.27,22.0,314.54,67.0,416.36,25.0,324.85,6.839999999999975,95.0,47.0,25.61132503405512,321.43,328.27,142,48.0,25.0,0.34,325.14,7.0
07:41:35,316.0,10.0,327.3,20.0,315.0,70.0,329.0,20.0,321.65,11.300000000000011,80.0,40.0,26.59878512263323,316.0,327.3,120,40.0,-22.0,0.33,325.14,
07:41:36,316.55,11.0,321.17,12.0,315.0,11.0,327.09,22.0,318.86,4.6200000000000045,22.0,34.0,22.672740240209414,316.55,321.17,56,-12.0,-64.0,-0.21,325.14,
07:41:37,317.73,11.0,319.29,17.0,311.35,46.0,324.38,16.0,318.51,1.5600000000000025,57.0,33.0,4.059667474068371,317.73,319.29,90,24.0,34.0,0.27,325.14,
07:41:38,318.57,14.0,323.0,37.0,311.0,84.0,327.92,26.0,320.79,4.430000000000007,98.0,63.0,2.551748420202968,318.57,323.0,161,35.0,71.0,0.22,319.33,3.0
07:41:39,314.9,10.0,323.0,30.0,306.6,30.0,326.0,30.0,318.95,8.100000000000023,40.0,60.0,1.3839508661827566,314.9,323.0,100,-20.0,-61.0,-0.2,320.0,1.0
07:41:40,308.0,5.0,323.0,7.0,306.0,30.0,326.0,15.0,315.5,15.0,35.0,22.0,1.9087875733060709,308.0,323.0,57,13.0,-43.0,0.23,323.0,2.0
07:41:41,308.0,6.0,324.12,8.0,306.0,36.0,326.59,17.0,316.06,16.120000000000005,42.0,25.0,2.176756761792068,308.0,324.12,67,17.0,10.0,0.25,323.0,1.0
07:41:42,324.05,37.0,328.92,24.0,319.17,115.0,330.48,42.0,326.49,4.8700000000000045,152.0,66.0,4.434057960830921,324.05,328.92,218,86.0,151.0,0.39,323.5,4.0
07:41:43,328.0,115.0,329.46,13.0,327.0,72.0,335.15,26.0,328.73,1.4599999999999795,187.0,39.0,6.095951935506768,328.0,329.46,226,148.0,8.0,0.65,328.0,8.0
07:41:44,328.0,60.0,332.0,20.0,327.0,60.0,444.59,37.0,330.0,4.0,120.0,57.0,7.031943543573815,328.0,332.0,177,63.0,-49.0,0.36,328.0,
07:41:45,328.78,54.0,332.0,16.0,327.75,48.0,377.14,28.0,330.39,3.2200000000000277,102.0,44.0,5.941610051157048,328.78,332.0,146,58.0,-31.0,0.4,328.0,
07:41:46,329.0,70.0,348.04,23.0,328.0,60.0,405.3,30.0,338.52,19.04000000000002,130.0,53.0,4.562458766938302,329.0,348.04,183,77.0,37.0,0.42,328.0,
07:41:47,329.0,84.0,341.61,36.0,328.0,72.0,477.0,32.0,335.31,12.610000000000014,156.0,68.0,4.15364297936316,329.0,341.61,224,88.0,41.0,0.39,331.0,5.0
07:41:48,329.0,19.0,354.0,14.0,328.0,42.0,361.0,21.0,341.5,25.0,61.0,35.0,5.022074272650069,329.0,354.0,96,26.0,-128.0,0.27,329.0,5.0
07:41:49,330.23,26.0,354.0,26.0,328.35,46.0,361.0,39.0,342.12,23.769999999999985,72.0,65.0,4.840193177964541,330.23,354.0,137,7.0,41.0,0.05,329.0,
07:41:50,331.0,22.0,354.0,22.0,329.0,22.0,361.0,33.0,342.5,23.0,44.0,55.0,3.048786643898714,331.0,354.0,99,-11.0,-38.0,-0.11,329.0,
07:41:51,330.13,23.0,354.0,22.0,328.12,34.0,366.75,71.0,342.07,23.870000000000005,57.0,93.0,3.034196763562867,330.13,354.0,150,-36.0,51.0,-0.24,329.14,7.0
07:41:52,328.0,30.0,353.7,20.0,327.0,60.0,387.17,47.0,340.85,25.69999999999999,90.0,67.0,0.6437157758014932,328.0,353.7,157,23.0,7.0,0.15,329.14,
07:41:53,327.5,36.0,332.59,34.0,326.57,46.0,362.97,37.0,330.04,5.089999999999975,82.0,71.0,5.3334351031971,327.5,332.59,153,11.0,-4.0,0.07,327.5,6.0
07:41:54,325.95,19.0,327.9,20.0,323.5,40.0,347.16,45.0,326.92,1.9499999999999889,59.0,65.0,7.406964965491223,325.95,327.9,124,-6.0,-29.0,-0.05,327.0,3.0
07:41:55,323.21,57.0,326.33,12.0,319.64,25.0,327.2,20.0,324.77,3.1200000000000045,82.0,32.0,8.020657703705721,323.21,326.33,114,50.0,-10.0,0.44,325.0,2.0
07:41:56,323.0,108.0,326.27,22.0,311.0,15.0,473.35,37.0,324.64,3.269999999999982,123.0,59.0,6.740684683325096,323.0,326.27,182,64.0,68.0,0.35,323.0,5.0
07:41:57,323.0,40.0,327.0,20.0,311.0,10.0,579.5,30.0,325.0,4.0,50.0,50.0,2.2997347673184354,323.0,327.0,100,0.0,-82.0,0.0,323.0,
07:41:58,323.11,28.0,335.25,16.0,312.5,8.0,578.62,26.0,329.18,12.139999999999986,36.0,42.0,1.9537963046369928,323.11,335.25,78,-6.0,-22.0,-0.08,323.0,3.0
07:41:59,318.0,18.0,338.0,24.0,311.75,12.0,768.0,48.0,328.0,20.0,30.0,72.0,2.1195093771939693,318.0,338.0,102,-42.0,24.0,-0.41,323.75,4.0
07:42:00,311.27,11.0,338.0,22.0,298.12,17.0,468.22,36.0,324.64,26.730000000000015,28.0,58.0,2.1439029828826577,311.27,338.0,86,-30.0,-16.0,-0.35,323.75,
07:42:01,310.0,9.0,338.0,18.0,249.5,40.0,526.8,30.0,324.0,28.0,49.0,48.0,2.281858891345639,310.0,338.0,97,1.0,11.0,0.01,323.75,
07:42:02,325.19,37.0,338.0,24.0,300.27,52.0,494.54,26.0,331.59,12.810000000000002,89.0,50.0,3.171296264938543,325.19,338.0,139,39.0,42.0,0.28,323.75,
07:42:03,329.0,27.0,338.0,18.0,326.61,41.0,411.0,22.0,333.5,9.0,68.0,40.0,4.178190996114618,329.0,338.0,108,28.0,-31.0,0.26,323.75,
07:42:04,329.0,15.0,338.0,10.0,327.0,30.0,605.0,18.0,333.5,9.0,45.0,28.0,4.749292578901974,329.0,338.0,73,17.0,-35.0,0.23,323.75,
07:42:05,329.0,30.0,417.38,26.0,327.0,60.0,557.11,35.0,373.19,88.38,90.0,61.0,19.424485321367293,329.0,417.38,151,29.0,78.0,0.19,323.75,
07:42:06,329.0,24.0,336.7,23.0,327.0,48.0,350.73,15.0,332.85,7.699999999999989,72.0,38.0,18.052972885373016,329.0,336.7,110,34.0,-41.0,0.31,323.75,
07:42:07,329.0,24.0,334.62,24.0,327.0,48.0,337.11,18.0,331.81,5.6200000000000045,72.0,42.0,18.024776004156426,329.0,334.62,114,30.0,4.0,0.26,323.75,
07:42:08,329.0,31.0,331.13,46.0,327.0,72.0,332.33,36.0,330.07,2.1299999999999955,103.0,82.0,18.440623091425444,329.0,331.13,185,21.0,71.0,0.11,329.0,1.0
07:42:09,327.18,66.0,328.89,47.0,326.05,63.0,331.86,49.0,328.04,1.7099999999999795,129.0,96.0,19.092910202481264,327.18,328.89,225,33.0,40.0,0.15,327.8,5.0
07:42:10,327.0,18.0,328.0,32.0,326.0,40.0,346.0,16.0,327.5,1.0,58.0,48.0,2.317354094654779,327.0,328.0,106,10.0,-119.0,0.09,327.0,1.0
07:42:11,327.0,9.0,328.0,36.0,326.0,45.0,346.0,18.0,327.5,1.0,54.0,54.0,1.9014021142339044,327.0,328.0,108,0.0,2.0,0.0,327.0,1.0
07:42:12,327.0,9.0,328.0,36.0,326.0,45.0,345.6,20.0,327.5,1.0,54.0,56.0,1.1137863349911914,327.0,328.0,110,-2.0,2.0,-0.02,327.0,
07:42:13,326.33,12.0,328.0,32.0,325.62,32.0,344.0,47.0,327.17,1.670000000000016,44.0,79.0,0.3129217154705745,326.33,328.0,123,-35.0,13.0,-0.28,326.25,4.0
07:42:14,325.4,30.0,335.92,48.0,323.0,54.0,344.72,36.0,330.66,10.52000000000004,84.0,84.0,1.4571135851446568,325.4,335.92,168,0.0,45.0,0.0,326.0,2.0
07:42:15,322.33,54.0,344.33,30.0,317.09,66.0,345.28,36.0,333.33,22.0,120.0,66.0,2.6964921657614997,322.33,344.33,186,54.0,18.0,0.29,323.8,5.0
07:42:16,322.0,40.0,342.2,20.0,317.23,52.0,344.0,20.0,332.1,20.19999999999999,92.0,40.0,2.7421652029032137,322.0,342.2,132,52.0,-54.0,0.39,323.8,
07:42:17,322.0,15.0,340.42,24.0,316.0,72.0,344.0,24.0,331.21,18.420000000000016,87.0,48.0,2.313618378214789,322.0,340.42,135,39.0,3.0,0.29,322.0,3.0
07:42:18,322.0,9.0,337.1,42.0,316.0,54.0,344.0,18.0,329.55,15.100000000000025,63.0,60.0,1.4332306164791675,322.0,337.1,123,3.0,-12.0,0.02,322.0,
07:42:19,322.0,10.0,337.0,60.0,316.0,60.0,344.0,20.0,329.5,15.0,70.0,80.0,1.653804704314655,322.0,337.0,150,-10.0,27.0,-0.07,322.0,
07:42:20,316.71,34.0,336.0,18.0,314.04,69.0,337.0,54.0,326.35,19.29000000000002,103.0,72.0,2.197514505074619,316.71,336.0,175,31.0,25.0,0.18,322.0,1.0
07:42:21,324.62,140.0,332.72,36.0,318.29,126.0,335.45,40.0,328.67,8.100000000000023,266.0,76.0,1.7714626724865965,324.62,332.72,342,190.0,167.0,0.56,322.0,
07:42:22,330.0,86.0,331.36,22.0,323.0,99.0,333.09,22.0,330.68,1.3600000000000136,185.0,44.0,1.6197067635882094,330.0,331.36,229,141.0,-113.0,0.62,330.0,4.0
07:42:23,330.0,48.0,331.6,20.0,323.0,90.0,335.11,36.0,330.8,1.6000000000000227,138.0,56.0,1.8196016047512615,330.0,331.6,194,82.0,-35.0,0.42,330.0,2.0
07:42:24,330.0,48.0,331.5,24.0,323.0,108.0,416.92,48.0,330.75,1.5,156.0,72.0,1.9521654643019728,330.0,331.5,228,84.0,34.0,0.37,330.0,
07:42:25,330.0,48.0,331.0,44.0,323.06,100.0,396.17,53.0,330.5,1.0,148.0,97.0,0.907165916474662,330.0,331.0,245,51.0,17.0,0.21,330.0,
07:42:26,330.0,44.0,331.0,22.0,329.0,11.0,337.0,55.0,330.5,1.0,55.0,77.0,0.1399285532452614,330.0,331.0,132,-22.0,-113.0,-0.17,330.0,
07:42:27,330.0,20.0,331.0,10.0,329.0,5.0,337.0,25.0,330.5,1.0,25.0,35.0,0.1516575089249263,330.0,331.0,60,-10.0,-72.0,-0.17,330.0,
07:42:28,330.0,28.0,331.0,14.0,329.0,7.0,337.0,35.0,330.5,1.0,35.0,49.0,0.1118033989345309,330.0,331.0,84,-14.0,24.0,-0.17,330.0,
07:42:29,330.0,36.0,331.0,24.0,329.0,12.0,337.0,60.0,330.5,1.0,48.0,84.0,0.0,330.0,331.0,132,-36.0,48.0,-0.27,330.0,2.0
07:42:30,330.0,42.0,331.0,24.0,329.0,12.0,337.0,60.0,330.5,1.0,54.0,84.0,0.0,330.0,331.0,138,-30.0,6.0,-0.22,330.0,
07:42:31,327.07,46.0,331.0,30.0,323.49,86.0,337.0,75.0,329.03,3.930000000000007,132.0,105.0,0.6574039853950834,327.07,331.0,237,27.0,99.0,0.11,328.21,14.0
07:42:32,323.92,13.0,331.0,16.0,319.5,48.0,337.0,40.0,327.46,7.079999999999984,61.0,56.0,1.3541122553220633,323.92,331.0,117,5.0,-120.0,0.04,325.0,1.0
07:42:33,323.0,36.0,331.0,12.0,317.0,66.0,337.0,30.0,327.0,8.0,102.0,42.0,1.644724901013365,323.0,331.0,144,60.0,27.0,0.42,325.0,
07:42:34,323.0,72.0,331.0,24.0,317.0,144.0,337.0,60.0,327.0,8.0,216.0,84.0,1.533499266388312,323.0,331.0,300,132.0,156.0,0.44,325.0,
07:42:35,323.0,51.0,330.0,10.0,317.0,120.0,331.0,20.0,326.5,7.0,171.0,30.0,0.9734577546116584,323.0,330.0,201,141.0,-99.0,0.7,323.0,3.0
07:42:36,323.0,36.0,330.0,12.0,317.0,144.0,334.33,48.0,326.5,7.0,180.0,60.0,0.4041286923909426,323.0,330.0,240,120.0,39.0,0.5,323.0,
07:42:37,318.12,69.0,330.0,14.0,314.0,129.0,332.02,59.0,324.06,11.879999999999995,198.0,73.0,1.2287066370837298,318.12,330.0,271,125.0,31.0,0.46,321.17,6.0
07:42:38,318.0,60.0,330.0,12.0,312.5,121.0,331.0,48.0,324.0,12.0,181.0,60.0,1.4586706276653345,318.0,330.0,241,121.0,-30.0,0.5,321.17,
07:42:39,318.0,55.0,328.42,12.0,312.0,143.0,331.32,41.0,323.21,10.420000000000016,198.0,53.0,1.53957136892499,318.0,328.42,251,145.0,10.0,0.58,321.17,
07:42:40,312.63,133.0,327.0,28.0,311.37,105.0,328.0,14.0,319.82,14.370000000000005,238.0,42.0,2.407720914062412,312.63,327.0,280,196.0,29.0,0.7,321.17,
07:42:41,317.85,52.0,326.5,28.0,310.66,122.0,328.0,14.0,322.17,8.649999999999977,174.0,42.0,1.7580870285664147,317.85,326.5,216,132.0,-64.0,0.61,321.17,
07:42:42,318.29,31.0,326.08,25.0,313.58,106.0,329.0,16.0,322.19,7.789999999999964,137.0,41.0,1.5728223040170368,318.29,326.08,178,96.0,-38.0,0.54,326.0,2.0
07:42:43,325.74,47.0,327.03,29.0,320.38,21.0,328.89,18.0,326.39,1.2899999999999636,68.0,47.0,2.382011754801697,325.74,327.03,115,21.0,-63.0,0.18,326.0,4.0
07:42:44,322.62,13.0,327.0,15.0,319.13,46.0,328.31,13.0,324.81,4.379999999999996,59.0,28.0,2.5591365731460067,322.62,327.0,87,31.0,-28.0,0.36,326.0,1.0
07:42:45,322.0,9.0,324.0,9.0,319.0,36.0,325.0,9.0,323.0,2.0,45.0,18.0,1.8424494565695733,322.0,324.0,63,27.0,-24.0,0.43,326.0,
07:42:46,319.14,65.0,327.41,32.0,311.77,124.0,331.6,20.0,323.27,8.270000000000039,189.0,52.0,1.6698862236732,319.14,327.41,241,137.0,173.5,0.57,322.0,2.0
07:42:47,321.96,26.0,330.0,69.0,320.14,42.0,332.98,66.0,325.98,8.04000000000002,68.0,135.0,1.5363105154927617,321.96,330.0,203,-67.0,-38.0,-0.33,322.0,
07:42:48,327.0,9.0,330.0,45.0,326.0,9.0,333.0,45.0,328.5,3.0,18.0,90.0,2.2459229728585264,327.0,330.0,108,-72.0,-95.0,-0.67,322.0,
07:42:49,327.0,8.0,330.0,40.0,326.0,8.0,334.25,40.0,328.5,3.0,16.0,80.0,2.685181558109946,327.0,330.0,96,-64.0,-12.0,-0.67,322.0,
07:42:50,326.75,8.0,330.0,40.0,324.0,12.0,335.0,40.0,328.38,3.25,20.0,80.0,2.3092379695505345,326.75,330.0,100,-60.0,4.0,-0.6,327.0,1.0
07:42:51,326.0,14.0,332.14,70.0,322.0,42.0,412.59,58.0,329.07,6.139999999999986,56.0,128.0,1.2075512411546026,326.0,332.14,184,-72.0,84.0,-0.39,330.0,5.0
07:42:52,326.67,33.0,335.0,70.0,319.61,38.0,458.67,64.0,330.83,8.329999999999984,71.0,134.0,1.0274385626469884,326.67,335.0,205,-63.0,21.0,-0.31,328.83,6.0
07:42:53,322.0,27.0,335.0,45.0,316.89,54.0,608.46,39.0,328.5,13.0,81.0,84.0,1.0274385626469884,322.0,335.0,165,-3.0,-40.0,-0.02,328.83,
07:42:54,322.0,18.0,339.88,24.0,317.0,36.0,363.6,15.0,330.94,17.879999999999995,54.0,39.0,1.252210046283818,322.0,339.88,93,15.0,-72.0,0.16,328.83,
07:42:55,317.24,63.0,340.23,43.0,311.29,126.0,349.67,42.0,328.74,22.99000000000001,189.0,85.0,1.1766180348839286,317.24,340.23,274,104.0,173.5,0.38,320.75,4.0
07:42:56,318.26,38.0,335.0,30.0,312.5,80.0,379.76,33.0,326.63,16.74000000000001,118.0,63.0,1.800352743218426,318.26,335.0,181,55.0,-93.0,0.3,320.75,
07:42:57,323.0,22.0,334.62,29.0,317.46,37.0,430.38,32.0,328.81,11.620000000000005,59.0,61.0,1.5291599000804703,323.0,334.62,120,-2.0,-61.0,-0.02,320.75,
07:42:58,323.0,20.0,333.8,25.0,318.0,30.0,376.32,25.0,328.4,10.800000000000011,50.0,50.0,1.5334699214572531,323.0,333.8,100,0.0,-20.0,0.0,320.75,
07:42:59,323.2,20.0,332.33,15.0,318.23,44.0,333.32,37.0,327.77,9.129999999999995,64.0,52.0,0.9040188051219028,323.2,332.33,116,12.0,16.0,0.1,324.0,1.0
07:43:00,323.0,22.0,330.05,44.0,317.0,55.0,331.47,17.0,326.52,7.050000000000011,77.0,61.0,1.029189001113966,323.0,330.05,138,16.0,22.0,0.12,324.0,
07:43:01,324.8,45.0,328.44,43.0,323.0,30.0,329.92,50.0,326.62,3.6399999999999855,75.0,93.0,1.0316152383587374,324.8,328.44,168,-18.0,30.0,-0.11,324.0,
07:43:02,325.91,33.0,327.25,32.0,323.0,22.0,329.53,15.0,326.58,1.339999999999975,55.0,47.0,0.8581491711898616,325.91,327.25,102,8.0,-66.0,0.08,327.0,4.0
07:43:03,324.44,25.0,327.79,14.0,314.09,46.0,328.92,13.0,326.11,3.3500000000000227,71.0,27.0,0.6213292203121534,324.44,327.79,98,44.0,-4.0,0.45,328.0,3.0
