Time,Bid1_Price,Bid1_Volume,Ask1_Price,Ask1_Volume,Bid2_Price,Bid2_Volume,Ask2_Price,Ask2_Volume,Bid_Ask_Spread,Market_Depth_Bid,Market_Depth_Ask,Historical_Volatility,Weighted_Avg_Bid_Price,Weighted_Avg_Ask_Price,Total_volume,Cumulative_Volume_Difference,Total_Volume_Change_Corrected,Order_imbalance,Weighted_Avg_Price,Trade_Volume
07:30:08,139.5,36.0,146.33,6.0,135.0,18.0,147.95,21.0,6.8300000000000125,54.0,27.0,19.38022703685373,139.5,146.33,81,27.0,34.0,0.33,143.0,1.0
07:30:09,140.57,56.0,147.0,10.0,136.73,33.0,148.0,40.0,6.430000000000007,89.0,50.0,1.5943870295497682,140.57,147.0,139,39.0,58.0,0.28,143.0,
07:30:10,141.5,36.0,147.5,8.0,136.0,18.0,149.33,24.0,6.0,54.0,32.0,1.9978538485075723,141.5,147.5,86,22.0,-53.0,0.26,147.67,3.0
07:30:11,142.5,36.0,148.0,12.0,136.0,18.0,151.8,25.0,5.5,54.0,37.0,1.8319852619484969,142.5,148.0,91,17.0,5.0,0.19,147.67,
07:30:12,143.0,42.0,147.17,18.0,136.0,21.0,150.0,15.0,4.169999999999988,63.0,33.0,0.9637271398048816,143.0,147.17,96,30.0,5.0,0.31,148.0,1.0
07:30:13,145.4,48.0,147.1,20.0,140.59,22.0,149.88,16.0,1.6999999999999886,70.0,36.0,0.9140733012162932,145.4,147.1,106,34.0,10.0,0.32,144.5,8.0
07:30:14,146.2,49.0,150.14,21.0,145.43,28.0,151.23,39.0,3.9399999999999977,77.0,60.0,1.4420298193852903,146.2,150.14,137,17.0,31.0,0.12,148.0,1.0
07:30:15,150.16,86.0,151.42,57.0,148.92,26.0,206.94,34.0,1.259999999999991,112.0,91.0,2.3971900216704296,150.16,151.42,203,21.0,66.0,0.1,151.56,9.0
07:30:16,152.08,49.0,286.31,16.0,150.6,15.0,699.76,17.0,134.23,64.0,33.0,32.10556758570069,152.08,286.31,97,31.0,-106.0,0.32,153.0,3.0
07:30:17,153.47,64.0,433.29,17.0,151.46,13.0,582.92,13.0,279.82000000000005,77.0,30.0,64.67063297973813,153.47,433.29,107,47.0,10.0,0.44,153.0,
07:30:18,155.0,18.0,411.2,5.0,153.0,6.0,518.33,6.0,256.2,24.0,11.0,69.48147501312845,155.0,411.2,35,13.0,-72.0,0.37,153.0,
07:30:19,155.71,42.0,164.0,7.0,153.0,14.0,432.86,14.0,8.289999999999992,56.0,21.0,66.64402508852532,155.71,164.0,77,35.0,42.0,0.45,153.0,
07:30:20,156.0,48.0,161.92,36.0,153.0,16.0,290.86,14.0,5.919999999999988,64.0,50.0,64.55138573260834,156.0,161.92,114,14.0,37.0,0.12,153.0,
07:30:21,156.9,60.0,160.7,50.0,153.0,20.0,312.0,20.0,3.799999999999983,80.0,70.0,70.76901440602371,156.9,160.7,150,10.0,36.0,0.07,153.0,
07:30:22,157.0,60.0,160.0,50.0,153.0,20.0,275.6,25.0,3.0,80.0,75.0,55.48810575249432,157.0,160.0,155,5.0,5.0,0.03,153.0,
07:30:23,156.27,11.0,158.5,50.0,152.9,20.0,199.54,13.0,2.2299999999999898,31.0,63.0,0.8915267803008072,156.27,158.5,94,-32.0,-61.0,-0.34,157.0,6.0
07:30:24,152.89,18.0,217.79,33.0,151.59,27.0,326.77,26.0,64.9,45.0,59.0,12.05793597594519,152.89,217.79,104,-14.0,10.0,-0.13,153.0,2.0
07:30:25,152.0,18.0,237.77,13.0,151.0,126.0,284.7,20.0,85.77000000000001,144.0,33.0,17.791925696787086,152.0,237.77,177,111.0,73.0,0.63,153.0,
07:30:26,152.9,70.0,203.59,34.0,151.03,126.0,225.0,36.0,50.69,196.0,70.0,16.544675880777856,152.9,203.59,266,126.0,89.0,0.47,155.29,7.0
07:30:27,151.12,95.0,157.28,29.0,150.85,82.0,158.22,18.0,6.159999999999997,177.0,47.0,17.681057660671563,151.12,157.28,224,130.0,-42.0,0.58,155.29,
07:30:28,151.62,53.0,156.0,47.0,151.0,210.0,157.05,38.0,4.379999999999996,263.0,85.0,18.572368723455615,151.62,156.0,348,178.0,124.0,0.51,153.0,1.0
07:30:29,151.0,215.0,153.03,35.0,149.03,69.0,181.06,34.0,2.030000000000001,284.0,69.0,19.14063922652513,151.0,153.03,353,215.0,5.0,0.61,151.0,3.0
07:30:31,151.0,99.0,432.58,19.0,149.0,54.0,595.84,31.0,281.58,153.0,50.0,107.69660287121408,151.0,432.58,203,103.0,47.0,0.51,151.0,
07:30:32,151.0,88.0,366.0,32.0,149.0,48.0,483.25,16.0,215.0,136.0,48.0,99.63718166427628,151.0,366.0,184,88.0,-19.0,0.48,151.0,
07:30:33,151.0,121.0,344.1,20.0,149.0,66.0,362.28,36.0,193.1,187.0,56.0,85.03994972952415,151.0,344.1,243,131.0,59.0,0.54,151.0,
07:30:34,151.13,115.0,275.36,22.0,149.31,71.0,364.62,26.0,124.23000000000002,186.0,48.0,66.65893315977983,151.13,275.36,234,138.0,-9.0,0.59,151.0,
07:30:35,154.0,15.0,364.0,6.0,151.0,33.0,366.0,12.0,210.0,48.0,18.0,28.175776298089705,154.0,364.0,66,30.0,-168.0,0.45,151.0,
07:30:36,154.0,20.0,365.45,22.0,151.0,88.0,428.08,26.0,211.45,108.0,48.0,19.848373484998536,154.0,365.45,156,60.0,90.0,0.38,154.0,4.0
07:30:37,154.0,15.0,294.2,30.0,151.0,165.0,335.65,40.0,140.2,180.0,70.0,21.053577605718047,154.0,294.2,250,110.0,94.0,0.44,154.0,
07:30:38,151.11,80.0,238.65,17.0,149.88,75.0,257.7,20.0,87.53999999999999,155.0,37.0,28.60714718387682,151.11,238.65,192,118.0,-58.0,0.61,154.0,1.0
07:30:39,151.0,100.0,152.33,15.0,149.0,60.0,232.6,15.0,1.3300000000000125,160.0,30.0,45.80864907416492,151.0,152.33,190,130.0,-2.0,0.68,151.0,4.0
07:30:40,151.0,68.0,153.0,41.0,149.0,66.0,331.67,21.0,2.0,134.0,62.0,46.77711331409825,151.0,153.0,196,72.0,6.0,0.37,151.0,1.0
07:30:41,151.0,42.0,152.65,46.0,149.0,54.0,175.76,29.0,1.6500000000000057,96.0,75.0,33.22690220288349,151.0,152.65,171,21.0,-25.0,0.12,151.0,4.0
07:30:42,149.69,51.0,153.12,76.0,148.76,118.0,204.43,21.0,3.430000000000007,169.0,97.0,19.30076760131527,149.69,153.12,266,72.0,95.0,0.27,153.0,2.0
07:30:43,152.0,14.0,153.9,40.0,151.0,70.0,155.33,18.0,1.9000000000000057,84.0,58.0,0.5907198997662811,152.0,153.9,142,26.0,-124.0,0.18,153.0,
07:30:44,153.87,71.0,259.5,24.0,150.82,44.0,402.82,22.0,105.63,115.0,46.0,24.444550108357117,153.87,259.5,161,69.0,19.0,0.43,153.67,6.0
07:30:45,155.0,27.0,290.0,21.0,152.55,31.0,472.0,7.0,135.0,58.0,28.0,34.709545228942204,155.0,290.0,86,30.0,-75.0,0.35,155.0,5.0
07:30:46,151.63,30.0,290.0,30.0,152.46,26.0,419.2,10.0,138.37,56.0,40.0,35.85923549101384,151.63,290.0,96,16.0,10.0,0.17,154.25,4.0
07:30:47,151.35,17.0,290.0,15.0,150.54,13.0,478.0,5.0,138.65,30.0,20.0,29.639810559448414,151.35,290.0,50,10.0,-46.0,0.2,154.25,
07:30:48,158.55,11.0,183.91,23.0,153.0,15.0,253.97,29.0,25.359999999999985,26.0,52.0,21.727842276673275,158.55,183.91000000000005,78,-26.0,28.0,-0.33,159.0,1.0
07:30:49,151.68,31.0,335.69,16.0,150.71,41.0,489.53,15.0,184.01,72.0,31.0,26.72864792689656,151.68,335.69,103,41.0,25.0,0.4,152.5,2.0
07:30:50,151.0,36.0,225.22,9.0,148.48,58.0,423.0,18.0,74.22,94.0,27.0,28.903962185139783,151.0,225.22,121,67.0,18.0,0.55,152.5,
07:30:51,152.58,24.0,171.82,17.0,151.0,48.0,341.63,19.0,19.23999999999998,72.0,36.0,34.255538968172566,152.58,171.82,108,36.0,-13.0,0.33,152.5,
07:30:52,153.0,16.0,164.0,16.0,151.0,32.0,269.36,11.0,11.0,48.0,27.0,34.87258851877772,153.0,164.0,75,21.0,-33.0,0.28,152.5,
07:30:53,153.0,16.0,164.0,16.0,151.0,42.0,203.86,14.0,11.0,58.0,30.0,36.53114588950075,153.0,164.0,88,28.0,13.0,0.32,152.5,
07:30:54,151.71,28.0,164.0,16.0,150.43,63.0,288.12,16.0,12.289999999999992,91.0,32.0,13.013319330593047,151.71,164.0,123,59.0,35.0,0.48,151.8,5.0
07:30:55,151.0,24.0,206.75,8.0,149.0,24.0,395.5,8.0,55.75,48.0,16.0,8.9380825684252,151.0,206.75,64,32.0,-59.0,0.5,151.8,
07:30:56,151.0,14.0,324.29,7.0,149.0,30.0,431.8,10.0,173.29000000000002,44.0,17.0,34.36365347281901,151.0,324.29,61,27.0,-3.0,0.44,151.0,4.0
07:30:57,150.23,26.0,193.4,30.0,148.23,78.0,279.24,21.0,43.170000000000016,104.0,51.0,32.93382759413163,150.23,193.4,155,53.0,94.0,0.34,150.33,3.0
07:30:58,149.0,35.0,158.0,35.0,147.0,105.0,159.0,7.0,9.0,140.0,42.0,33.84873705177176,149.0,158.0,182,98.0,27.0,0.54,150.33,
07:30:59,149.0,60.0,156.83,60.0,147.0,180.0,202.21,28.0,7.8300000000000125,240.0,88.0,34.71534703844953,149.0,156.83,328,152.0,146.0,0.46,150.33,
07:31:00,147.62,120.0,154.67,60.0,144.08,128.0,244.05,42.0,7.049999999999983,248.0,102.0,36.87742100527078,147.62,154.67,350,146.0,22.0,0.42,151.5,10.0
07:31:01,148.43,98.0,153.44,45.0,147.41,68.0,315.44,18.0,5.009999999999991,166.0,63.0,8.875712929111037,148.43,153.44,229,103.0,-121.0,0.45,148.0,3.0
07:31:02,151.43,42.0,153.0,31.0,145.22,97.0,382.71,14.0,1.5699999999999932,139.0,45.0,1.1048665077688211,151.43,153.0,184,94.0,-45.0,0.51,153.0,4.0
07:31:03,147.9,87.0,152.91,11.0,142.85,120.0,428.06,34.0,5.009999999999991,207.0,45.0,1.0202597708374634,147.9,152.91,252,162.0,68.0,0.64,153.0,
07:31:04,145.28,43.0,149.2,15.0,144.15,136.0,197.46,39.0,3.919999999999988,179.0,54.0,1.8785020628121225,145.28,149.2,233,125.0,-19.0,0.54,153.0,
07:31:05,148.43,23.0,150.0,33.0,144.06,87.0,548.67,15.0,1.5699999999999932,110.0,48.0,1.8810688450956368,148.43,150.0,158,62.0,-75.0,0.39,148.0,1.0
07:31:06,148.91,32.0,150.0,36.0,143.46,54.0,359.09,22.0,1.0900000000000034,86.0,58.0,1.812078916600892,148.91,150.0,144,28.0,-14.0,0.19,149.0,5.0
07:31:07,142.2,35.0,150.0,10.0,141.0,40.0,152.0,10.0,7.800000000000011,75.0,20.0,1.7590395106391328,142.2,150.0,95,55.0,-49.0,0.58,150.0,1.0
07:31:08,142.0,42.0,149.0,12.0,141.0,48.0,152.0,17.0,7.0,90.0,29.0,1.7880492163219672,142.0,149.0,119,61.0,24.0,0.51,150.0,
07:31:09,141.28,100.0,147.83,47.0,112.21,89.0,150.64,33.0,6.550000000000011,189.0,80.0,2.235336663679452,141.28,147.83,269,109.0,150.0,0.41,150.0,
07:31:10,142.0,18.0,147.0,50.0,141.0,80.0,149.0,48.0,5.0,98.0,98.0,2.031809538315438,142.0,147.0,196,0.0,-73.0,0.0,150.0,
07:31:11,142.0,36.0,147.0,30.0,106.53,45.0,148.0,12.0,5.0,81.0,42.0,0.7345066371311112,142.0,147.0,123,39.0,-73.0,0.32,150.0,
07:31:12,142.34,29.0,146.18,55.0,138.52,93.0,148.0,22.0,3.8400000000000034,122.0,77.0,0.481892104095606,142.33999999999995,146.18,199,45.0,76.0,0.23,150.0,
07:31:13,147.33,15.0,169.09,23.0,142.02,83.0,215.95,20.0,21.75999999999999,98.0,43.0,6.1535786336074,147.33,169.09,141,55.0,-58.0,0.39,146.8,10.0
07:31:14,154.06,34.0,334.77,13.0,149.57,35.0,543.19,16.0,180.71,69.0,29.0,43.586193112039375,154.06,334.77000000000004,98,40.0,-43.0,0.41,154.2,5.0
07:31:15,154.0,8.0,389.12,8.0,149.0,80.0,458.25,8.0,235.12,88.0,16.0,60.72889485245049,154.0,389.12,104,72.0,6.0,0.69,154.2,
07:31:16,152.5,8.0,252.0,14.0,150.8,15.0,428.67,6.0,99.5,23.0,20.0,54.46531162125107,152.5,252.0,43,3.0,-61.0,0.07,152.0,3.0
07:31:17,153.91,45.0,234.9,30.0,151.13,31.0,394.09,22.0,80.99000000000001,76.0,52.0,44.36252720483794,153.91,234.9,128,24.0,85.0,0.19,151.0,2.0
07:31:18,158.02,61.0,191.0,10.0,153.76,37.0,302.1,30.0,32.97999999999999,98.0,40.0,39.56152322648847,158.02,191.0,138,58.0,10.0,0.42,151.0,
07:31:19,159.0,57.0,244.22,27.0,154.0,60.0,322.73,37.0,85.22,117.0,64.0,36.79765372955165,159.0,244.22,181,53.0,43.0,0.29,159.0,6.0
07:31:20,157.42,19.0,221.95,19.0,153.87,60.0,286.76,17.0,64.53,79.0,36.0,11.32800600282266,157.42,221.95,115,43.0,-66.0,0.37,156.5,2.0
07:31:21,154.0,33.0,239.48,29.0,153.0,33.0,253.09,11.0,85.47999999999999,66.0,40.0,10.36882105159435,154.0,239.48,106,26.0,-9.0,0.25,156.5,
07:31:22,154.0,27.0,245.0,9.0,153.0,27.0,398.27,11.0,91.0,54.0,20.0,10.971780621211227,154.0,245.0,74,34.0,-32.0,0.46,156.5,
07:31:23,154.0,27.0,222.0,22.0,153.0,30.0,236.91,22.0,68.0,57.0,44.0,6.00449664834499,154.0,222.0,101,13.0,27.0,0.13,154.0,1.0
07:31:24,154.0,32.0,215.46,24.0,153.0,48.0,217.0,28.0,61.46000000000001,80.0,52.0,6.176333864031812,154.0,215.46,132,28.0,31.0,0.21,154.0,
07:31:25,154.0,16.0,211.67,12.0,153.0,24.0,212.8,10.0,57.66999999999999,40.0,22.0,7.3859901164289425,154.0,211.67,62,18.0,-70.0,0.29,154.0,
07:31:26,154.0,28.0,198.0,21.0,153.0,42.0,193.53,34.0,44.0,70.0,55.0,8.626805318307923,154.0,198.0,125,15.0,63.0,0.12,154.0,
07:31:27,154.0,32.0,184.75,16.0,153.0,48.0,195.33,45.0,30.75,80.0,61.0,7.466416141629512,154.0,184.75,141,19.0,16.0,0.13,154.0,
07:31:28,152.33,42.0,183.14,21.0,151.38,68.0,196.78,18.0,30.80999999999997,110.0,39.0,7.661940354765599,152.33,183.14,149,71.0,8.0,0.48,152.75,4.0
07:31:29,153.86,84.0,180.5,14.0,152.4,40.0,182.0,28.0,26.639999999999983,124.0,42.0,6.700259696458463,153.86,180.5,166,82.0,17.0,0.49,152.75,
07:31:30,157.0,55.0,179.0,16.0,154.27,95.0,181.87,31.0,22.0,150.0,47.0,3.635464206946008,157.0,179.0,197,103.0,31.0,0.52,159.0,3.0
07:31:31,154.33,36.0,176.64,11.0,152.72,50.0,177.55,11.0,22.30999999999997,86.0,22.0,1.4150194344904026,154.33,176.64,108,64.0,-89.0,0.59,154.75,8.0
07:31:32,154.0,30.0,172.43,28.0,152.0,40.0,172.81,21.0,18.430000000000007,70.0,49.0,1.9972531136502083,154.0,172.43,119,21.0,11.0,0.18,154.75,
07:31:33,154.0,30.0,167.07,15.0,152.0,40.0,168.59,17.0,13.069999999999991,70.0,32.0,3.0453160755470603,154.0,167.07,102,38.0,-17.0,0.37,154.75,
07:31:34,152.08,73.0,163.75,24.0,151.04,92.0,165.25,24.0,11.669999999999987,165.0,48.0,3.971708700293263,152.08,163.75,213,117.0,111.0,0.55,152.62,8.0
07:31:35,151.0,216.0,162.62,21.0,150.0,60.0,166.5,20.0,11.620000000000005,276.0,41.0,3.6054611355532624,151.0,162.62,317,235.0,104.0,0.74,152.62,
07:31:36,151.0,276.0,158.32,25.0,150.0,72.0,160.11,27.0,7.319999999999993,348.0,52.0,3.322789490771997,151.0,158.32,400,296.0,83.0,0.74,152.62,
07:31:37,151.05,257.0,155.09,32.0,150.58,158.0,155.89,35.0,4.039999999999992,415.0,67.0,2.8920529040777527,151.05,155.09,482,348.0,82.0,0.72,153.67,3.0
07:31:38,151.38,125.0,154.42,36.0,150.7,242.0,156.07,29.0,3.039999999999992,367.0,65.0,2.2375812834362936,151.38,154.42,432,302.0,-50.0,0.7,152.5,2.0
07:31:39,151.11,148.0,295.91,33.0,150.49,118.0,465.91,35.0,144.8,266.0,68.0,30.96476303800798,151.11,295.91,334,198.0,-98.0,0.59,152.4,5.0
07:31:40,153.2,30.0,349.49,41.0,151.08,144.0,567.71,41.0,196.29,174.0,82.0,46.990690886599936,153.2,349.49,256,92.0,-78.0,0.36,152.4,
07:31:41,155.0,42.0,330.49,67.0,153.33,18.0,462.21,56.0,175.49,60.0,123.0,48.28510153246017,155.0,330.49,183,-63.0,-73.0,-0.34,152.4,
07:31:42,154.83,18.0,380.67,24.0,151.21,71.0,491.33,24.0,225.84,89.0,48.0,44.72677665560069,154.83,380.67,137,41.0,-46.0,0.3,152.4,
07:31:43,155.29,28.0,392.4,50.0,154.13,15.0,527.33,48.0,237.11,43.0,98.0,20.14072416771518,155.29,392.4,141,-55.0,4.0,-0.39,152.4,
07:31:44,155.92,26.0,323.21,53.0,154.38,16.0,430.62,64.0,167.29,42.0,117.0,15.157824712008855,155.92,323.2099999999999,159,-75.0,18.0,-0.47,159.0,2.0
07:31:45,155.0,13.0,317.86,42.0,154.0,11.0,418.79,29.0,162.86,24.0,71.0,17.37467467321292,155.0,317.86,95,-47.0,-64.0,-0.49,155.0,1.0
07:31:46,155.0,9.0,208.78,27.0,154.0,9.0,335.0,36.0,53.78,18.0,63.0,36.41722092636926,155.0,208.78,81,-45.0,-14.0,-0.56,154.0,3.0
07:31:47,153.0,54.0,424.6,30.0,152.0,36.0,580.33,24.0,271.6,90.0,54.0,41.32793038612008,153.0,424.6,144,36.0,63.0,0.25,154.0,
07:31:48,153.0,68.0,425.74,38.0,152.0,48.0,489.25,32.0,272.74,116.0,70.0,44.57710757776897,153.0,425.74,186,46.0,42.0,0.25,153.0,1.0
07:31:49,152.57,14.0,185.94,34.0,151.11,148.0,361.0,20.0,33.370000000000005,162.0,54.0,56.96026904781954,152.57,185.94,216,108.0,30.0,0.5,152.62,8.0
07:31:50,152.0,5.0,169.0,20.0,151.0,110.0,369.0,10.0,17.0,115.0,30.0,65.36834119051814,152.0,169.0,145,85.0,-71.0,0.59,152.62,
07:31:51,151.05,129.0,225.77,52.0,150.5,140.0,552.31,26.0,74.72,269.0,78.0,64.52845008211486,151.05,225.77,347,191.0,176.0,0.55,151.2,5.0
07:31:53,151.97,74.0,284.4,30.0,150.92,238.0,538.81,42.0,132.42999999999998,312.0,72.0,72.7503438479846,151.97,284.4,384,240.0,116.0,0.62,151.2,
07:31:54,151.0,190.0,192.0,20.0,149.0,50.0,439.0,20.0,41.0,240.0,40.0,72.40368201963206,151.0,192.0,280,200.0,-104.0,0.71,151.2,
07:31:55,151.0,114.0,188.93,14.0,149.0,30.0,222.87,15.0,37.93000000000001,144.0,29.0,70.70990121616624,151.0,188.93,173,115.0,-107.0,0.66,151.2,
07:31:56,151.23,123.0,186.0,18.0,150.5,101.0,189.0,27.0,34.77000000000001,224.0,45.0,73.24982409535185,151.23,186.0,269,179.0,96.0,0.67,151.2,
07:31:57,152.0,91.0,184.41,32.0,151.0,174.0,187.55,33.0,32.41,265.0,65.0,21.782983496298048,152.0,184.41,330,200.0,61.0,0.61,151.2,
07:31:58,152.77,90.0,181.23,35.0,151.0,156.0,182.67,30.0,28.45999999999998,246.0,65.0,1.728374959317011,152.77,181.23,311,181.0,-19.0,0.58,153.0,1.0
07:31:59,153.88,100.0,176.31,32.0,151.43,63.0,177.86,28.0,22.430000000000007,163.0,60.0,1.8308686462972168,153.88,176.31,223,103.0,-88.0,0.46,153.0,
07:32:00,154.57,94.0,175.08,37.0,153.5,48.0,176.67,27.0,20.51000000000002,142.0,64.0,1.7344653354835986,154.57,175.08,206,78.0,-17.0,0.38,153.0,
07:32:01,154.19,31.0,155.62,37.0,153.07,45.0,173.54,37.0,1.4300000000000068,76.0,74.0,5.27178053412643,154.19,155.62,150,2.0,-56.0,0.01,154.86,7.0
07:32:02,152.89,27.0,158.41,37.0,151.12,102.0,169.21,19.0,5.52000000000001,129.0,56.0,5.743463240936989,152.89,158.41,185,73.0,35.0,0.39,153.2,5.0
07:32:03,152.0,12.0,158.46,37.0,151.0,180.0,160.02,45.0,6.460000000000008,192.0,82.0,5.321154010174352,152.0,158.46,274,110.0,89.0,0.4,153.2,
07:32:04,152.0,10.0,155.24,38.0,151.0,150.0,157.0,32.0,3.240000000000009,160.0,70.0,4.526071143938719,152.0,155.24,230,90.0,-44.0,0.39,153.2,
07:32:05,151.01,135.0,153.3,40.0,149.46,65.0,163.51,35.0,2.2900000000000205,200.0,75.0,1.42685668516315,151.01,153.3,275,125.0,45.0,0.45,151.2,5.0
07:32:06,151.0,99.0,152.0,36.0,149.0,45.0,224.08,24.0,1.0,144.0,60.0,1.828100106666702,151.0,152.0,204,84.0,-71.0,0.41,151.2,
07:32:07,151.0,105.0,175.55,44.0,149.0,60.0,274.61,44.0,24.55000000000001,165.0,88.0,4.7593098239129965,151.0,175.55,253,77.0,49.0,0.3,151.0,5.0
07:32:08,152.2,30.0,326.45,38.0,151.3,61.0,458.6,30.0,174.25,91.0,68.0,37.94828151576818,152.2,326.45,159,23.0,-94.0,0.14,151.0,
07:32:09,153.06,18.0,278.62,13.0,151.85,40.0,467.0,26.0,125.56,58.0,39.0,40.53895694267418,153.06,278.62,97,19.0,-62.0,0.2,154.0,2.0
07:32:10,153.0,21.0,278.67,9.0,152.0,18.0,440.0,12.0,125.67000000000002,39.0,21.0,37.77679274369371,153.0,278.67,60,18.0,-37.0,0.3,153.0,1.0
07:32:11,153.53,19.0,323.0,10.0,152.4,15.0,549.62,13.0,169.47,34.0,23.0,30.857119599858738,153.53,323.0,57,11.0,-3.0,0.19,153.0,
07:32:12,154.0,40.0,264.82,22.0,153.0,24.0,453.97,31.0,110.82,64.0,53.0,13.999048896263808,154.0,264.82,117,11.0,60.0,0.09,153.0,
07:32:13,153.58,38.0,342.71,35.0,152.12,102.0,531.32,38.0,189.13,140.0,73.0,16.744795310781942,153.58,342.71,213,67.0,96.0,0.31,153.71,7.0
07:32:14,154.83,12.0,272.11,28.0,152.02,121.0,265.43,49.0,117.28,133.0,77.0,17.115965646144097,154.83,272.11,210,56.0,-3.0,0.27,153.71,
07:32:15,159.0,14.0,201.35,23.0,154.43,7.0,203.54,26.0,42.35,21.0,49.0,26.66856614068304,159.0,201.35,70,-28.0,-140.0,-0.4,153.71,
07:32:16,159.0,16.0,200.12,40.0,157.0,8.0,202.0,16.0,41.120000000000005,24.0,56.0,28.32930673348691,159.0,200.12,80,-32.0,10.0,-0.4,153.71,
07:32:17,159.0,18.0,198.0,39.0,157.0,9.0,199.0,24.0,39.0,27.0,63.0,30.712910151921253,159.0,198.0,90,-36.0,10.0,-0.4,153.71,
07:32:18,152.95,83.0,193.91,33.0,151.73,86.0,197.27,55.0,40.96000000000001,169.0,88.0,16.121219866994853,152.95,193.91,257,81.0,167.0,0.32,154.44,9.0
07:32:19,152.0,126.0,189.62,55.0,151.0,112.0,190.9,41.0,37.620000000000005,238.0,96.0,4.142261459636622,152.0,189.62,334,142.0,77.0,0.43,154.44,
07:32:20,152.54,74.0,188.58,43.0,151.48,93.0,189.25,40.0,36.04000000000002,167.0,83.0,4.2385811305189405,152.54,188.58,250,84.0,-84.0,0.34,154.44,
07:32:21,154.0,38.0,186.92,26.0,152.0,99.0,188.09,34.0,32.91999999999999,137.0,60.0,3.4397921448819373,154.0,186.92,197,77.0,-53.0,0.39,154.0,3.0
07:32:22,154.0,10.0,178.36,39.0,152.0,90.0,179.54,35.0,24.360000000000014,100.0,74.0,2.604029569723024,154.0,178.36,174,26.0,-23.0,0.15,154.0,
07:32:23,154.0,10.0,173.4,35.0,152.0,60.0,174.59,37.0,19.40000000000001,70.0,72.0,3.229507702420328,154.0,173.4,142,-2.0,-32.0,-0.01,154.0,
07:32:24,156.0,15.0,169.26,42.0,152.36,33.0,170.92,64.0,13.259999999999993,48.0,106.0,3.703792650782777,156.0,169.26,154,-58.0,12.0,-0.38,154.0,
07:32:25,159.0,14.0,165.88,32.0,154.79,14.0,167.08,38.0,6.879999999999996,28.0,70.0,3.355252598537524,159.0,165.88,98,-42.0,-56.0,-0.43,154.0,
07:32:26,158.0,10.0,162.93,29.0,153.2,20.0,163.86,21.0,4.930000000000007,30.0,50.0,2.0867750238090315,158.0,162.93,80,-20.0,-18.0,-0.25,157.0,2.0
07:32:27,152.55,22.0,160.78,23.0,151.4,60.0,161.76,25.0,8.22999999999999,82.0,48.0,2.782759421867729,152.55,160.78,130,34.0,50.0,0.26,154.0,1.0
07:32:28,152.0,13.0,158.19,32.0,151.0,117.0,159.25,59.0,6.189999999999998,130.0,91.0,3.423677846993503,152.0,158.19,221,39.0,91.0,0.18,152.0,3.0
07:32:29,151.55,20.0,154.81,27.0,150.92,103.0,156.33,54.0,3.259999999999991,123.0,81.0,3.820257844700349,151.55,154.81,204,42.0,-17.0,0.21,152.0,1.0
07:32:30,151.0,64.0,209.24,21.0,149.0,60.0,425.37,38.0,58.24000000000001,124.0,59.0,10.96263335152616,151.0,209.24,183,65.0,-21.0,0.36,151.56,9.0
07:32:31,151.0,11.0,248.0,16.0,149.0,32.0,482.18,34.0,97.0,43.0,50.0,20.309480544809404,151.0,248.0,93,-7.0,-90.0,-0.08,151.0,1.0
07:32:32,153.75,48.0,246.19,16.0,149.81,27.0,317.55,33.0,92.44,75.0,49.0,22.855031612316555,153.75,246.19,124,26.0,31.0,0.21,151.0,
07:32:33,154.47,15.0,244.0,9.0,153.8,30.0,248.0,18.0,89.53,45.0,27.0,20.392220330311915,154.47,244.0,72,18.0,-52.0,0.25,151.0,
07:32:34,155.22,9.0,195.7,10.0,154.0,36.0,205.35,17.0,40.47999999999999,45.0,27.0,12.04373405551556,155.22,195.7,72,18.0,0.0,0.25,151.0,
07:32:35,156.5,8.0,174.12,8.0,154.0,32.0,352.88,40.0,17.620000000000005,40.0,48.0,16.38349260688899,156.5,174.12,88,-8.0,16.0,-0.09,151.0,
07:32:36,154.82,22.0,172.0,10.0,151.86,84.0,211.8,50.0,17.180000000000007,106.0,60.0,17.87417634465959,154.82,172.0,166,46.0,78.0,0.28,155.5,2.0
07:32:37,154.0,50.0,170.05,20.0,151.0,200.0,228.14,22.0,16.05000000000001,250.0,42.0,15.53601364571977,154.0,170.05,292,208.0,126.0,0.71,154.0,4.0
07:32:38,154.0,9.0,168.73,11.0,151.09,104.0,169.96,25.0,14.72999999999999,113.0,36.0,5.761625638653873,154.0,168.73,149,77.0,-143.0,0.52,154.0,
07:32:39,151.1,87.0,166.89,27.0,149.69,39.0,168.2,25.0,15.789999999999992,126.0,52.0,2.3509721393489325,151.1,166.89,178,74.0,29.0,0.42,152.2,5.0
07:32:40,151.35,157.0,165.24,25.0,150.32,93.0,166.53,55.0,13.890000000000017,250.0,80.0,2.128767248901442,151.35,165.24,330,170.0,152.0,0.52,152.2,
07:32:41,151.91,66.0,163.45,29.0,150.84,152.0,163.7,23.0,11.539999999999992,218.0,52.0,1.9177799665227235,151.91,163.45,270,166.0,-60.0,0.61,152.2,5.0
07:32:42,151.11,105.0,159.26,27.0,149.76,58.0,160.52,31.0,8.149999999999977,163.0,58.0,2.2310266694946663,151.11,159.26,221,105.0,-49.0,0.48,152.5,4.0
07:32:43,150.85,80.0,155.85,13.0,148.95,39.0,159.0,39.0,5.0,119.0,52.0,2.3618276821133795,150.85,155.85,171,67.0,-50.0,0.39,152.5,
07:32:44,149.96,23.0,152.04,25.0,148.74,19.0,154.64,11.0,2.079999999999984,42.0,36.0,3.0321988721054685,149.96,152.04,78,6.0,-93.0,0.08,151.0,1.0
07:32:45,149.0,21.0,151.24,17.0,147.0,7.0,154.58,19.0,2.240000000000009,28.0,36.0,3.0830293543847795,149.0,151.24,64,-8.0,-14.0,-0.12,151.0,3.0
07:32:46,147.39,46.0,149.0,31.0,120.54,13.0,151.18,22.0,1.6100000000000136,59.0,53.0,2.74121688306468,147.39,149.0,112,6.0,48.0,0.05,148.5,6.0
07:32:47,147.0,32.0,148.13,15.0,113.29,14.0,164.0,16.0,1.1299999999999957,46.0,31.0,2.311400008652608,147.0,148.13,77,15.0,-35.0,0.19,148.0,3.0
07:32:48,147.33,3.0,169.0,12.0,128.6,5.0,421.67,15.0,21.669999999999987,8.0,27.0,4.236374629326232,147.33,169.0,35,-19.0,-42.0,-0.54,148.0,1.0
07:32:49,148.94,34.0,172.0,24.0,147.67,6.0,650.17,30.0,23.06,40.0,54.0,5.985501649820037,148.94,172.0,94,-14.0,59.0,-0.15,148.0,
07:32:52,150.43,28.0,168.67,30.0,149.0,63.0,540.67,30.0,18.23999999999998,91.0,60.0,94.09796926607918,150.43,168.67,151,31.0,41.0,0.21,148.0,
07:32:53,149.88,64.0,165.91,55.0,139.55,73.0,263.62,48.0,16.03,137.0,103.0,94.149574720229,149.88,165.91,240,34.0,89.0,0.14,151.4,5.0
07:32:54,149.0,104.0,161.0,65.0,99.33,49.0,162.08,65.0,12.0,153.0,130.0,95.14808600281974,149.0,161.0,283,23.0,43.0,0.08,151.4,
07:32:55,149.0,68.0,157.33,30.0,73.25,24.0,159.0,30.0,8.330000000000013,92.0,60.0,85.72079251850154,149.0,157.33,152,32.0,-131.0,0.21,149.0,5.0
07:32:56,149.08,39.0,155.12,40.0,130.35,31.0,158.0,40.0,6.039999999999992,70.0,80.0,3.136266889153175,149.08,155.12,150,-10.0,-2.0,-0.07,149.0,4.0
07:32:57,150.11,18.0,153.42,48.0,146.12,43.0,154.33,60.0,3.309999999999974,61.0,108.0,2.522266837588533,150.11,153.42,169,-47.0,19.0,-0.28,151.0,4.0
07:32:58,148.1,30.0,151.5,48.0,105.09,33.0,152.57,47.0,3.4000000000000057,63.0,95.0,1.9109369429678311,148.1,151.5,158,-32.0,-11.0,-0.2,151.0,4.0
07:32:59,147.0,15.0,149.88,25.0,108.6,25.0,151.17,24.0,2.8799999999999955,40.0,49.0,1.902335406809104,147.0,149.88,89,-9.0,-69.0,-0.1,151.0,
07:33:00,128.35,40.0,147.52,23.0,97.0,40.0,149.28,50.0,19.170000000000016,80.0,73.0,5.822037444056875,128.35,147.52,153,7.0,64.0,0.05,147.0,5.0
07:33:11,142.88,52.0,147.18,55.0,140.22,65.0,187.37,38.0,4.300000000000011,117.0,93.0,15.49028469719022,142.88,147.18,210,24.0,70.0,0.11,145.0,5.0
07:33:12,147.0,18.0,148.0,54.0,146.0,81.0,352.59,41.0,1.0,99.0,95.0,14.082014415558728,147.0,148.0,194,4.0,-16.0,0.02,145.0,
07:33:13,146.06,94.0,258.26,53.0,140.91,99.0,413.53,72.0,112.2,193.0,125.0,26.917660931069037,146.06,258.26,318,68.0,124.0,0.21,146.92,13.0
07:33:14,146.33,12.0,156.44,27.0,133.11,35.0,533.63,27.0,10.109999999999983,47.0,54.0,25.14349756895408,146.33,156.44,101,-7.0,-176.0,-0.07,147.0,4.0
07:33:17,154.45,51.0,329.86,65.0,150.08,37.0,438.19,59.0,175.41000000000005,88.0,124.0,78.45632447419382,154.45,329.86,212,-36.0,157.0,-0.17,147.0,
07:33:18,160.0,28.0,180.53,34.0,158.0,14.0,239.24,29.0,20.53,42.0,63.0,84.4691887613465,160.0,180.53,105,-21.0,-107.0,-0.2,147.0,
07:33:19,160.0,28.0,264.43,28.0,158.0,14.0,394.0,35.0,104.43,42.0,63.0,71.02962642447152,160.0,264.43,105,-21.0,0.0,-0.2,147.0,
07:33:20,160.0,19.0,315.0,28.0,158.0,14.0,437.52,29.0,155.0,33.0,57.0,57.54522638759872,160.0,315.0,90,-24.0,-15.0,-0.27,160.0,3.0
07:33:21,153.44,32.0,287.92,48.0,151.31,90.0,361.0,48.0,134.48000000000002,122.0,96.0,28.606950554017363,153.44,287.92,218,26.0,128.0,0.12,158.67,3.0
07:33:22,151.32,66.0,375.26,31.0,150.51,53.0,392.33,27.0,223.94,119.0,58.0,34.32340120092986,151.32,375.26,177,61.0,-41.0,0.34,153.25,4.0
07:33:23,151.0,140.0,236.73,22.0,147.0,20.0,349.29,28.0,85.72999999999999,160.0,50.0,26.32978294631369,151.0,236.73,210,110.0,33.0,0.52,153.25,
07:33:24,151.0,127.0,185.0,39.0,147.0,26.0,346.33,45.0,34.0,153.0,84.0,37.122965668168185,151.0,185.0,237,69.0,27.0,0.29,151.0,5.0
07:33:25,154.0,13.0,184.38,39.0,151.0,123.0,189.0,39.0,30.379999999999995,136.0,78.0,39.99725653091719,154.0,184.38,214,58.0,-23.0,0.27,151.0,
07:33:26,154.0,13.0,182.54,39.0,151.07,107.0,297.83,46.0,28.539999999999992,120.0,85.0,41.06023100275985,154.0,182.54,205,35.0,-9.0,0.17,151.0,
07:33:27,151.23,52.0,181.23,39.0,149.67,54.0,371.33,42.0,30.0,106.0,81.0,11.649045025237331,151.23,181.23,187,25.0,-18.0,0.13,151.5,6.0
07:33:28,151.0,20.0,181.0,15.0,148.14,14.0,295.0,20.0,30.0,34.0,35.0,1.3742889070382034,151.0,181.0,69,-1.0,-118.0,-0.01,151.5,
07:33:29,150.65,46.0,180.18,33.0,148.38,52.0,322.56,36.0,29.53,98.0,69.0,1.619867278516495,150.65,180.18,167,29.0,98.0,0.17,151.0,4.0
07:33:30,151.0,60.0,179.5,30.0,147.86,56.0,269.0,36.0,28.5,116.0,66.0,1.2073648992780488,151.0,179.5,182,50.0,15.0,0.27,151.0,
07:33:31,151.0,48.0,179.0,24.0,147.0,28.0,279.0,24.0,28.0,76.0,48.0,0.5171556825646086,151.0,179.0,124,28.0,-58.0,0.23,151.0,
07:33:32,152.0,16.0,178.45,33.0,150.87,62.0,269.8,40.0,26.44999999999999,78.0,73.0,0.3774254893471322,152.0,178.45,151,5.0,27.0,0.03,151.0,
07:33:33,154.19,16.0,176.17,36.0,151.0,160.0,215.24,34.0,21.97999999999999,176.0,70.0,0.1507647173876135,154.19,176.17,246,106.0,95.0,0.43,151.0,
07:33:34,152.85,26.0,173.65,17.0,150.98,170.0,175.89,35.0,20.80000000000001,196.0,52.0,0.8620730827540704,152.85,173.65,248,144.0,2.0,0.58,155.0,1.0
07:33:35,151.36,132.0,171.36,42.0,150.81,124.0,174.0,14.0,20.0,256.0,56.0,1.6909553512761182,151.36,171.36,312,200.0,64.0,0.64,155.0,
07:33:36,153.45,66.0,169.97,35.0,151.53,90.0,172.85,13.0,16.52000000000001,156.0,48.0,1.8400353257504485,153.45,169.97,204,108.0,-108.0,0.53,155.0,
07:33:37,154.3,50.0,167.21,62.0,152.86,77.0,168.76,41.0,12.909999999999997,127.0,103.0,1.7831573121880966,154.3,167.21,230,24.0,26.0,0.1,155.5,2.0
07:33:38,154.0,62.0,156.98,44.0,153.0,104.0,159.91,46.0,2.9799999999999898,166.0,90.0,2.954999153977955,154.0,156.98,256,76.0,26.0,0.3,154.0,1.0
07:33:39,153.36,25.0,156.35,17.0,152.46,52.0,161.22,23.0,2.9899999999999807,77.0,40.0,3.3651939022901645,153.36,156.35,117,37.0,-139.0,0.32,154.0,4.0
07:33:40,153.0,88.0,156.51,51.0,152.0,154.0,161.6,43.0,3.509999999999991,242.0,94.0,3.422648097600933,153.0,156.51,336,148.0,176.0,0.44,157.0,1.0
07:33:41,153.0,125.0,154.75,80.0,152.0,128.0,242.5,64.0,1.75,253.0,144.0,2.746111796706705,153.0,154.75,397,109.0,61.0,0.27,153.0,1.0
07:33:42,153.0,49.0,154.0,45.0,152.0,54.0,243.22,36.0,1.0,103.0,81.0,0.7994560650918496,153.0,154.0,184,22.0,-176.0,0.12,153.0,5.0
07:33:43,152.7,92.0,272.39,44.0,151.26,94.0,344.34,58.0,119.69,186.0,102.0,26.07553412684021,152.7,272.39,288,84.0,104.0,0.29,153.0,2.0
07:33:44,152.0,54.0,203.82,28.0,151.0,73.0,269.26,35.0,51.81999999999999,127.0,63.0,25.668829930481976,152.0,203.82,190,64.0,-98.0,0.34,153.0,
07:33:45,152.0,62.0,195.0,33.0,151.0,99.0,249.78,32.0,43.0,161.0,65.0,24.112135533793072,152.0,195.0,226,96.0,36.0,0.42,152.0,2.0
07:33:46,152.0,22.0,195.0,18.0,151.0,54.0,249.83,18.0,43.0,76.0,36.0,21.410214851794585,152.0,195.0,112,40.0,-114.0,0.36,152.0,2.0
07:33:47,152.0,20.0,192.08,26.0,151.0,90.0,231.03,37.0,40.08000000000001,110.0,63.0,17.27041748192569,152.0,192.08,173,47.0,61.0,0.27,152.0,
07:33:48,158.36,44.0,194.0,36.0,151.84,38.0,204.07,27.0,35.639999999999986,82.0,63.0,2.367631728121277,158.36,194.0,145,19.0,-28.0,0.13,152.0,
07:33:49,159.0,40.0,190.2,30.0,154.0,20.0,191.89,28.0,31.19999999999999,60.0,58.0,1.5368409156469982,159.0,190.2,118,2.0,-27.0,0.02,152.0,
07:33:50,153.68,50.0,188.5,30.0,152.89,55.0,190.4,30.0,34.81999999999999,105.0,60.0,2.020549430230995,153.68,188.5,165,45.0,47.0,0.27,157.33,6.0
07:33:51,153.0,130.0,185.93,45.0,152.0,30.0,188.6,45.0,32.93000000000001,160.0,90.0,2.700838758609436,153.0,185.93,250,70.0,85.0,0.28,153.0,5.0
07:33:52,153.0,64.0,183.38,48.0,152.0,32.0,185.12,48.0,30.379999999999995,96.0,96.0,3.388706242802272,153.0,183.38,192,0.0,-58.0,0.0,153.0,
07:33:53,153.0,44.0,180.73,33.0,152.0,22.0,182.91,33.0,27.72999999999999,66.0,66.0,2.98981103081907,153.0,180.73,132,0.0,-60.0,0.0,153.0,
07:33:54,154.11,27.0,178.02,41.0,153.22,41.0,179.64,33.0,23.91,68.0,74.0,2.012779173185128,154.11,178.02,142,-6.0,10.0,-0.04,153.0,
07:33:55,154.8,15.0,176.43,70.0,153.4,53.0,177.98,61.0,21.629999999999995,68.0,131.0,1.584739726266763,154.8,176.43,199,-63.0,57.0,-0.32,154.67,3.0
07:33:56,154.0,14.0,178.36,42.0,153.0,56.0,209.03,62.0,24.360000000000014,70.0,104.0,1.0039272882077726,154.0,178.36,174,-34.0,-25.0,-0.2,154.67,
07:33:57,153.15,33.0,176.81,31.0,152.24,83.0,204.3,50.0,23.66,116.0,81.0,0.6984625974297949,153.15,176.81,197,35.0,23.0,0.18,154.0,1.0
07:33:58,153.0,52.0,171.75,32.0,152.0,117.0,173.73,33.0,18.75,169.0,65.0,1.562411597501932,153.0,171.75,234,104.0,37.0,0.44,154.0,
07:33:59,153.0,48.0,168.92,36.0,152.0,108.0,169.97,29.0,15.919999999999987,156.0,65.0,2.2454665439522152,153.0,168.92,221,91.0,-13.0,0.41,154.0,
07:34:00,152.0,99.0,166.91,33.0,151.0,55.0,167.91,33.0,14.909999999999997,154.0,66.0,2.782121492675857,152.0,166.91,220,88.0,-1.0,0.4,153.0,4.0
07:34:01,155.04,138.0,162.61,46.0,151.8,157.0,163.63,54.0,7.570000000000022,295.0,100.0,2.4670731647053383,155.04,162.61,395,195.0,175.0,0.49,153.0,
07:34:02,157.0,62.0,158.04,53.0,151.67,85.0,237.42,59.0,1.039999999999992,147.0,112.0,1.8881128144285984,157.0,158.04,259,35.0,-136.0,0.14,157.0,5.0
07:34:03,151.66,59.0,157.58,36.0,149.46,65.0,223.5,60.0,5.920000000000016,124.0,96.0,2.3888763048784534,151.66,157.58,220,28.0,-39.0,0.13,153.75,4.0
07:34:04,152.0,152.0,157.0,45.0,151.0,63.0,216.42,69.0,5.0,215.0,114.0,2.3202866202281838,152.0,157.0,329,101.0,109.0,0.31,153.75,
07:34:05,152.9,67.0,157.0,36.0,151.06,35.0,192.52,58.0,4.099999999999994,102.0,94.0,1.971098678405042,152.9,157.0,196,8.0,-133.0,0.04,152.0,5.0
07:34:06,151.15,40.0,156.45,33.0,149.67,24.0,175.0,55.0,5.299999999999983,64.0,88.0,1.4280126049899615,151.15,156.45,152,-24.0,-44.0,-0.16,151.0,1.0
07:34:07,151.0,44.0,153.83,41.0,147.0,33.0,181.8,41.0,2.8300000000000125,77.0,82.0,1.0111033577287607,151.0,153.83,159,-5.0,7.0,-0.03,151.0,
07:34:08,148.27,22.0,151.68,37.0,132.83,41.0,153.29,35.0,3.4099999999999966,63.0,72.0,2.0088628624200604,148.27,151.68,135,-9.0,-24.0,-0.07,151.0,4.0
07:34:09,147.76,51.0,149.69,29.0,87.9,93.0,151.5,44.0,1.9300000000000068,144.0,73.0,2.594247482413875,147.76,149.69,217,71.0,82.0,0.33,149.0,3.0
07:34:10,149.0,18.0,171.82,22.0,147.0,18.0,350.33,30.0,22.819999999999997,36.0,52.0,4.563154610574859,149.0,171.82,88,-16.0,-129.0,-0.18,150.67,3.0
07:34:11,146.33,27.0,207.0,36.0,91.17,69.0,442.33,45.0,60.66999999999999,96.0,81.0,11.569179746205434,146.33,207.0,177,15.0,89.0,0.08,149.0,3.0
07:34:12,145.0,12.0,295.82,17.0,135.18,51.0,554.25,20.0,150.82,63.0,37.0,29.679857142513484,145.0,295.82,100,26.0,-77.0,0.26,149.0,
07:34:13,146.73,26.0,157.0,29.0,136.25,108.0,346.38,40.0,10.27000000000001,134.0,69.0,29.34980953941624,146.73,157.0,203,65.0,103.0,0.32,157.0,1.0
07:34:14,154.0,45.0,183.0,45.0,144.67,27.0,332.89,36.0,29.0,72.0,81.0,26.708313686940407,154.0,183.0,153,-9.0,-50.0,-0.06,157.0,
07:34:15,154.0,20.0,199.5,40.0,144.0,24.0,240.84,38.0,45.5,44.0,78.0,25.35467609731996,154.0,199.5,122,-34.0,-31.0,-0.28,154.0,3.0
07:34:16,154.0,10.0,198.4,25.0,144.0,15.0,238.0,25.0,44.400000000000006,25.0,50.0,25.365601313590183,154.0,198.4,75,-25.0,-47.0,-0.33,154.0,
07:34:17,154.0,26.0,276.34,58.0,148.71,113.0,467.92,51.0,122.33999999999996,139.0,109.0,23.23242497028685,154.0,276.34,248,30.0,173.0,0.12,154.0,
07:34:18,154.0,20.0,243.6,40.0,151.0,20.0,451.11,36.0,89.6,40.0,76.0,19.34364314186982,154.0,243.6,116,-36.0,-132.0,-0.31,154.0,
07:34:19,155.31,65.0,172.4,40.0,151.9,20.0,231.64,44.0,17.090000000000003,85.0,84.0,20.53555039437725,155.31,172.4,169,1.0,53.0,0.01,154.0,
07:34:20,156.6,255.0,170.47,60.0,154.0,30.0,182.84,61.0,13.870000000000005,285.0,121.0,22.77768535211617,156.6,170.47,406,164.0,176.0,0.4,154.0,
07:34:21,157.0,221.0,166.54,46.0,154.0,26.0,167.48,42.0,9.539999999999992,247.0,88.0,24.763068872819613,157.0,166.54,335,159.0,-71.0,0.47,154.0,
07:34:22,157.0,221.0,165.0,39.0,154.0,98.0,166.0,39.0,8.0,319.0,78.0,16.260656505812076,157.0,165.0,397,241.0,62.0,0.61,154.0,
07:34:23,157.0,199.0,162.29,42.0,154.0,26.0,163.2,41.0,5.289999999999992,225.0,83.0,1.7590537228887653,157.0,162.29,308,142.0,-89.0,0.46,157.0,2.0
07:34:24,157.0,186.0,159.31,39.0,154.0,26.0,161.15,40.0,2.3100000000000023,212.0,79.0,2.049407231374213,157.0,159.31,291,133.0,-17.0,0.46,157.0,4.0
07:34:25,157.13,91.0,162.53,53.0,155.47,43.0,393.33,67.0,5.400000000000006,134.0,120.0,1.3859545447124104,157.13,162.53,254,14.0,-37.0,0.06,157.43,7.0
07:34:26,157.5,40.0,160.77,39.0,156.78,45.0,162.13,31.0,3.2700000000000102,85.0,70.0,1.039879800750553,157.5,160.77,155,15.0,-99.0,0.1,158.33,3.0
07:34:27,157.0,60.0,159.76,37.0,156.0,20.0,161.27,33.0,2.759999999999991,80.0,70.0,0.7448019871140373,157.0,159.76,150,10.0,-5.0,0.07,158.33,
07:34:28,156.81,43.0,158.57,42.0,155.43,28.0,190.12,57.0,1.759999999999991,71.0,99.0,0.8465104842877176,156.81,158.57,170,-28.0,20.0,-0.16,157.0,6.0
07:34:29,154.55,22.0,156.74,31.0,153.27,22.0,313.19,27.0,2.1899999999999977,44.0,58.0,1.6082692560666056,154.55,156.74,102,-14.0,-68.0,-0.14,156.0,2.0
07:34:30,153.83,12.0,336.0,30.0,152.82,17.0,410.92,25.0,182.17,29.0,55.0,39.02312737339243,153.83,336.0,84,-26.0,-18.0,-0.31,154.0,2.0
07:34:33,154.0,9.0,414.75,16.0,153.0,18.0,476.33,18.0,260.75,27.0,34.0,73.9037988198172,154.0,414.75,61,-7.0,27.0,-0.11,154.0,
07:34:34,152.4,10.0,154.71,7.0,151.33,24.0,412.27,11.0,2.3100000000000023,34.0,18.0,74.70938441722038,152.4,154.71,52,16.0,-9.0,0.31,153.0,4.0
07:34:35,152.0,18.0,154.0,18.0,151.0,45.0,155.0,9.0,2.0,63.0,27.0,91.65922692233453,152.0,154.0,90,36.0,38.0,0.4,153.0,
07:34:36,152.0,16.0,154.0,16.0,151.0,36.0,334.38,8.0,2.0,52.0,24.0,83.68226502670687,152.0,154.0,76,28.0,-14.0,0.37,153.0,
07:34:37,151.16,25.0,297.5,8.0,149.26,46.0,720.4,10.0,146.34,71.0,18.0,59.340644418476,151.16,297.5,89,53.0,13.0,0.6,152.0,2.0
07:34:41,152.11,19.0,290.33,9.0,149.25,59.0,392.73,11.0,138.21999999999997,78.0,20.0,85.25748958302731,152.11,290.33,98,58.0,-86.0,0.59,152.67,3.0
07:34:42,152.79,39.0,258.0,15.0,149.0,143.0,272.86,28.0,105.21,182.0,43.0,90.3251086354177,152.79,258.0,225,139.0,127.0,0.62,153.0,1.0
07:34:43,149.93,59.0,339.84,19.0,116.3,71.0,419.95,19.0,189.91,130.0,38.0,78.68493102240106,149.93,339.84,168,92.0,-57.0,0.55,152.33,3.0
07:34:44,149.0,120.0,198.73,45.0,80.0,135.0,377.03,29.0,49.72999999999999,255.0,74.0,56.12150149452539,149.0,198.73,329,181.0,161.0,0.55,152.33,
07:34:45,149.0,67.0,179.05,22.0,78.29,126.0,238.2,30.0,30.05000000000001,193.0,52.0,33.36999325741643,149.0,179.05,245,141.0,-84.0,0.58,149.0,6.0
07:34:46,139.06,81.0,161.68,22.0,105.26,76.0,162.19,26.0,22.620000000000005,157.0,48.0,37.84681558599112,139.06,161.68,205,109.0,-40.0,0.53,149.0,2.0
07:34:47,145.64,53.0,159.41,58.0,144.7,81.0,192.11,19.0,13.77000000000001,134.0,77.0,39.03579997899392,145.64,159.41000000000005,211,57.0,6.0,0.27,145.5,4.0
07:34:48,150.45,38.0,158.0,52.0,146.91,23.0,161.0,13.0,7.550000000000011,61.0,65.0,9.817121268479124,150.45,158.0,126,-4.0,-85.0,-0.03,145.5,
07:34:49,151.5,24.0,155.0,46.0,150.78,81.0,197.75,16.0,3.5,105.0,62.0,5.303175463816542,151.5,155.0,167,43.0,41.0,0.26,152.67,3.0
07:34:50,151.92,72.0,159.17,12.0,150.71,70.0,283.5,20.0,7.25,142.0,32.0,1.934856583839235,151.92,159.17,174,110.0,7.0,0.63,152.67,
07:34:51,153.0,84.0,156.36,14.0,151.0,84.0,157.5,14.0,3.3600000000000136,168.0,28.0,1.1828059857922055,153.0,156.36,196,140.0,22.0,0.71,155.0,1.0
07:34:52,153.0,60.0,155.0,10.0,151.0,80.0,157.4,10.0,2.0,140.0,20.0,0.8475966021792443,153.0,155.0,160,120.0,-36.0,0.75,155.0,
07:34:53,153.0,44.0,154.0,9.0,151.0,99.0,163.0,10.0,1.0,143.0,19.0,0.9298279410868634,153.0,154.0,162,124.0,2.0,0.77,153.0,4.0
07:34:54,156.84,25.0,304.7,20.0,151.05,79.0,559.75,16.0,147.86,104.0,36.0,34.14886850248515,156.84,304.7,140,68.0,-22.0,0.49,153.0,1.0
07:34:55,159.0,64.0,371.25,32.0,153.0,8.0,511.0,16.0,212.25,72.0,48.0,52.83922482398864,159.0,371.25,120,24.0,-20.0,0.2,153.0,
07:34:56,159.0,64.0,329.55,22.0,153.0,14.0,448.69,26.0,170.55,78.0,48.0,52.37173636609744,159.0,329.55,126,30.0,6.0,0.24,153.0,
07:34:57,159.0,76.0,331.11,36.0,153.0,11.0,371.13,30.0,172.11,87.0,66.0,43.27599253627823,159.0,331.11,153,21.0,27.0,0.14,159.0,3.0
07:34:58,159.0,70.0,292.82,34.0,153.77,35.0,490.88,34.0,133.82,105.0,68.0,15.279042182021914,159.0,292.82,173,37.0,20.0,0.21,159.0,
07:34:59,157.33,36.0,240.53,30.0,153.93,43.0,425.75,32.0,83.19999999999999,79.0,62.0,24.871384561379102,157.33,240.53,141,17.0,-32.0,0.12,158.17,6.0
07:35:00,154.0,32.0,236.0,28.0,153.0,8.0,269.17,18.0,82.0,40.0,46.0,24.00047770357937,154.0,236.0,86,-6.0,-55.0,-0.07,158.17,
07:35:01,155.58,24.0,306.39,23.0,153.96,25.0,379.94,32.0,150.80999999999997,49.0,55.0,21.501617846106637,155.58,306.39,104,-6.0,18.0,-0.06,158.17,
07:35:02,157.0,10.0,317.0,9.0,154.0,10.0,485.5,16.0,160.0,20.0,25.0,19.26156353985864,157.0,317.0,45,-5.0,-59.0,-0.11,158.17,
07:35:03,157.0,10.0,316.73,11.0,154.0,10.0,347.75,16.0,159.73000000000002,20.0,27.0,20.992182592575052,157.0,316.73,47,-7.0,2.0,-0.15,158.17,
07:35:04,156.8,15.0,279.0,14.0,153.93,15.0,316.71,14.0,122.2,30.0,28.0,17.751318260906995,156.8,279.0,58,2.0,11.0,0.03,156.0,3.0
07:35:05,154.0,7.0,252.0,28.0,153.0,7.0,420.0,16.0,98.0,14.0,44.0,14.618799540318276,154.0,252.0,58,-30.0,0.0,-0.52,156.0,
07:35:06,153.85,13.0,417.0,42.0,152.85,13.0,596.22,46.0,263.15,26.0,88.0,31.067183329037192,153.85,417.0,114,-62.0,56.0,-0.54,156.0,
07:35:07,153.53,17.0,439.69,49.0,152.27,11.0,621.26,46.0,286.16,28.0,95.0,41.28646654776844,153.53,439.69000000000005,123,-67.0,9.0,-0.54,154.0,2.0
07:35:08,153.6,10.0,214.0,50.0,152.43,14.0,296.3,40.0,60.400000000000006,24.0,90.0,50.6169436058718,153.6,214.0,114,-66.0,-9.0,-0.58,154.0,1.0
07:35:09,153.0,5.0,214.0,25.0,152.0,10.0,352.6,20.0,61.0,15.0,45.0,55.9751568108568,153.0,214.0,60,-30.0,-54.0,-0.5,154.0,
07:35:10,153.0,9.0,354.53,38.0,152.0,18.0,584.44,36.0,201.53,27.0,74.0,54.327218040315714,153.0,354.53,101,-47.0,41.0,-0.47,154.0,
07:35:11,154.0,59.0,311.28,43.0,153.0,9.0,452.0,36.0,157.27999999999997,68.0,79.0,48.23139558420437,154.0,311.28,147,-11.0,46.0,-0.07,154.0,4.0
07:35:12,154.0,33.0,278.36,55.0,152.69,13.0,305.12,51.0,124.36,46.0,106.0,30.72192506989126,154.0,278.36,152,-60.0,5.0,-0.39,154.0,
07:35:13,154.0,45.0,205.08,60.0,152.75,40.0,218.28,68.0,51.08000000000001,85.0,128.0,31.807877640609934,154.0,205.08,213,-43.0,61.0,-0.2,154.0,
07:35:14,153.75,40.0,201.12,64.0,152.47,53.0,203.59,34.0,47.370000000000005,93.0,98.0,33.299347140747585,153.75,201.12,191,-5.0,-22.0,-0.03,153.0,9.0
07:35:15,153.46,70.0,199.89,56.0,150.38,81.0,201.71,35.0,46.42999999999998,151.0,91.0,26.15893499361201,153.46,199.89,242,60.0,51.0,0.25,151.6,5.0
07:35:16,159.0,35.0,197.14,14.0,151.0,42.0,200.0,35.0,38.13999999999999,77.0,49.0,17.137030664616983,159.0,197.14,126,28.0,-116.0,0.22,151.6,
07:35:17,159.0,55.0,195.71,28.0,158.0,44.0,198.54,35.0,36.71000000000001,99.0,63.0,1.0812585259892962,159.0,195.71,162,36.0,36.0,0.22,151.6,
07:35:18,159.0,85.0,193.13,46.0,158.0,68.0,194.23,39.0,34.129999999999995,153.0,85.0,0.7678736875455079,159.0,193.13,238,68.0,76.0,0.29,159.0,4.0
07:35:19,159.0,11.0,188.57,49.0,158.0,44.0,188.83,29.0,29.569999999999997,55.0,78.0,1.6362854274315737,159.0,188.57,133,-23.0,-105.0,-0.17,159.0,
07:35:20,159.0,12.0,171.38,48.0,158.0,48.0,172.31,36.0,12.379999999999995,60.0,84.0,5.23816570948509,159.0,171.38,144,-24.0,11.0,-0.17,159.0,
07:35:21,158.0,42.0,165.79,56.0,155.7,80.0,167.14,57.0,7.789999999999992,122.0,113.0,6.902695125820506,158.0,165.79,235,9.0,91.0,0.04,158.5,2.0
07:35:22,157.59,34.0,161.11,54.0,155.81,80.0,162.32,56.0,3.5200000000000102,114.0,110.0,7.347565583240935,157.59,161.11,224,4.0,-11.0,0.02,158.0,3.0
07:35:23,156.0,40.0,157.48,31.0,151.31,13.0,160.81,31.0,1.4799999999999898,53.0,62.0,6.599130245723857,156.0,157.48,115,-9.0,-109.0,-0.08,156.0,3.0
07:35:24,158.41,59.0,162.31,42.0,151.38,24.0,163.43,49.0,3.9000000000000057,83.0,91.0,3.130324264357929,158.41,162.31,174,-8.0,59.0,-0.05,156.0,4.0
07:35:25,159.0,30.0,161.43,21.0,152.0,25.0,162.83,36.0,2.430000000000007,55.0,57.0,1.8957452360557847,159.0,161.43,112,-2.0,-62.0,-0.02,159.0,4.0
07:35:26,159.0,6.0,161.67,15.0,152.0,30.0,167.0,6.0,2.6699999999999875,36.0,21.0,1.5427799583959734,159.0,161.67,57,15.0,-55.0,0.26,159.0,
07:35:27,159.0,20.0,160.85,41.0,152.0,72.0,163.9,29.0,1.8499999999999943,92.0,70.0,1.5599775639502842,159.0,160.85,162,22.0,105.0,0.14,159.0,2.0
07:35:28,152.07,58.0,161.0,50.0,151.18,33.0,255.9,20.0,8.930000000000007,91.0,70.0,1.6533662631214785,152.07,161.0,161,21.0,-1.0,0.13,159.0,
07:35:29,153.83,24.0,159.67,30.0,152.0,36.0,287.0,30.0,5.839999999999975,60.0,60.0,1.9331839022784123,153.83,159.67,120,0.0,-41.0,0.0,154.0,1.0
07:35:30,154.3,30.0,158.4,50.0,152.0,60.0,176.55,44.0,4.099999999999994,90.0,94.0,1.9746695926226512,154.3,158.4,184,-4.0,64.0,-0.02,154.0,
07:35:31,155.0,30.0,157.6,50.0,152.0,60.0,256.69,26.0,2.5999999999999943,90.0,76.0,1.5518440643404237,155.0,157.6,166,14.0,-18.0,0.08,154.0,
07:35:32,152.86,56.0,270.38,48.0,151.64,66.0,365.53,57.0,117.51999999999998,122.0,105.0,24.65887162868624,152.86,270.38,227,17.0,61.0,0.07,153.86,7.0
07:35:33,152.0,27.0,356.12,16.0,149.67,45.0,393.12,40.0,204.12,72.0,56.0,44.44142695728869,152.0,356.12,128,16.0,-99.0,0.12,152.0,1.0
07:35:34,152.7,23.0,269.56,18.0,150.2,60.0,364.5,24.0,116.86,83.0,42.0,41.75577528917435,152.7,269.56,125,41.0,-3.0,0.33,152.0,
07:35:35,154.0,16.0,196.95,19.0,152.0,24.0,213.52,25.0,42.94999999999999,40.0,44.0,37.67649306928688,154.0,196.95,84,-4.0,-41.0,-0.05,152.0,
07:35:36,154.0,18.0,178.11,18.0,152.0,27.0,289.0,18.0,24.110000000000014,45.0,36.0,34.88466095578432,154.0,178.11,81,9.0,-3.0,0.11,152.0,
07:35:37,154.0,12.0,178.0,12.0,152.0,38.0,297.5,12.0,24.0,50.0,24.0,38.10237958448296,154.0,178.0,74,26.0,-7.0,0.35,152.0,
07:35:38,154.0,22.0,177.18,22.0,152.0,45.0,299.0,22.0,23.180000000000007,67.0,44.0,19.6083974357933,154.0,177.18,111,23.0,37.0,0.21,152.0,
07:35:39,153.0,16.0,175.62,16.0,151.25,48.0,263.75,16.0,22.620000000000005,64.0,32.0,4.518509710073279,153.0,175.62,96,32.0,-15.0,0.33,153.33,3.0
07:35:40,152.0,15.0,191.0,22.0,151.0,107.0,364.25,28.0,39.0,122.0,50.0,2.778645353409929,152.0,191.0,172,72.0,76.0,0.42,152.0,1.0
07:35:41,154.29,41.0,212.52,27.0,152.8,111.0,331.63,27.0,58.23000000000002,152.0,54.0,7.902073778447403,154.29,212.52,206,98.0,34.0,0.48,152.0,
07:35:42,156.0,30.0,196.44,27.0,152.96,115.0,196.51,65.0,40.44,145.0,92.0,7.878110814149908,156.0,196.44,237,53.0,31.0,0.22,152.0,
07:35:43,156.0,32.0,193.95,20.0,152.38,24.0,195.58,76.0,37.94999999999999,56.0,96.0,6.973698444873101,156.0,193.95,152,-40.0,-85.0,-0.26,152.0,
07:35:44,153.58,52.0,185.67,15.0,152.78,54.0,192.89,44.0,32.089999999999975,106.0,59.0,5.322314346224337,153.58,185.67,165,47.0,13.0,0.28,154.2,5.0
07:35:45,153.0,66.0,166.5,22.0,152.0,11.0,167.26,34.0,13.5,77.0,56.0,8.794772879388395,153.0,166.5,133,21.0,-32.0,0.16,154.2,
07:35:46,153.21,68.0,161.94,16.0,152.82,51.0,165.15,40.0,8.72999999999999,119.0,56.0,8.586642533611501,153.21,161.94,175,63.0,42.0,0.36,154.2,
07:35:47,154.0,24.0,159.42,12.0,153.0,72.0,163.05,20.0,5.419999999999988,96.0,32.0,8.125514137580865,154.0,159.42,128,64.0,-47.0,0.5,154.2,
07:35:48,153.52,31.0,156.0,11.0,152.94,51.0,158.18,11.0,2.4799999999999898,82.0,22.0,5.837120009047866,153.52,156.0,104,60.0,-24.0,0.58,153.67,3.0
07:35:49,152.95,38.0,159.7,33.0,151.62,16.0,208.23,35.0,6.75,54.0,68.0,1.83364936670761,152.95,159.7,122,-14.0,18.0,-0.11,153.17,6.0
07:35:50,152.0,8.0,215.0,8.0,151.0,24.0,297.56,18.0,63.0,32.0,26.0,12.188919968562704,152.0,215.0,58,6.0,-64.0,0.1,153.17,
07:35:51,149.23,39.0,215.0,7.0,149.29,21.0,251.76,33.0,65.77000000000001,60.0,40.0,14.748922672521752,149.23,215.0,100,20.0,42.0,0.2,150.8,5.0
07:35:52,153.71,34.0,175.8,25.0,148.92,78.0,244.5,30.0,22.090000000000003,112.0,55.0,13.797521516563256,153.71,175.8,167,57.0,67.0,0.34,150.8,
07:35:53,152.06,32.0,166.0,32.0,148.95,57.0,219.73,11.0,13.939999999999998,89.0,43.0,12.850355248008745,152.06,166.0,132,46.0,-35.0,0.35,153.0,5.0
07:35:54,151.11,47.0,166.41,44.0,149.83,72.0,214.82,55.0,15.299999999999985,119.0,99.0,12.2750588593304,151.11,166.41,218,20.0,86.0,0.09,153.0,
07:35:55,151.24,37.0,165.45,22.0,149.52,63.0,184.36,44.0,14.20999999999998,100.0,66.0,10.138612824249012,151.24,165.45,166,34.0,-52.0,0.2,151.86,7.0
07:35:56,149.0,100.0,163.67,48.0,148.0,51.0,199.04,55.0,14.669999999999987,151.0,103.0,3.149869838584971,149.0,163.67,254,48.0,88.0,0.19,149.0,2.0
07:35:57,153.44,71.0,161.53,34.0,148.82,34.0,162.15,26.0,8.090000000000003,105.0,60.0,1.0977021454053837,153.44,161.53,165,45.0,-89.0,0.27,149.0,
07:35:58,154.0,108.0,157.17,48.0,149.0,72.0,158.58,48.0,3.1699999999999875,180.0,96.0,1.338450596782593,154.0,157.17,276,84.0,111.0,0.3,154.0,2.0
07:35:59,154.0,54.0,155.3,40.0,149.0,70.0,158.25,32.0,1.3000000000000114,124.0,72.0,1.4729460275338746,154.0,155.3,196,52.0,-80.0,0.27,154.0,4.0
07:36:00,149.85,54.0,160.69,26.0,142.72,74.0,305.1,40.0,10.840000000000003,128.0,66.0,1.088103855350177,149.85,160.69,194,62.0,-2.0,0.32,154.0,3.0
07:36:01,148.97,65.0,159.21,28.0,140.88,16.0,316.5,28.0,10.240000000000007,81.0,56.0,1.289701515866352,148.97,159.21,137,25.0,-57.0,0.18,154.0,
07:36:02,148.17,24.0,157.22,41.0,138.62,42.0,158.32,31.0,9.050000000000011,66.0,72.0,1.1419632218368927,148.17,157.22,138,-6.0,1.0,-0.04,154.0,
07:36:03,147.74,27.0,154.92,24.0,128.12,25.0,158.0,45.0,7.179999999999978,52.0,69.0,1.5899937106882476,147.74,154.92,121,-17.0,-17.0,-0.14,155.0,1.0
07:36:04,149.0,54.0,151.69,16.0,147.0,14.0,156.89,36.0,2.6899999999999977,68.0,52.0,1.9983693352401808,149.0,151.69,120,16.0,-1.0,0.13,149.0,2.0
07:36:05,131.13,15.0,149.33,12.0,97.26,23.0,160.87,30.0,18.200000000000017,38.0,42.0,5.49893444223776,131.13,149.33,80,-4.0,-40.0,-0.05,148.33,3.0
07:36:07,142.0,6.0,171.17,12.0,96.5,24.0,346.48,21.0,29.169999999999987,30.0,33.0,14.1008840148421,142.0,171.17,63,-3.0,-26.0,-0.05,148.0,2.0
07:36:17,132.17,12.0,146.0,48.0,131.08,12.0,146.8,30.0,13.830000000000013,24.0,78.0,4.420755591528621,132.17,146.0,102,-54.0,-15.0,-0.53,144.0,4.0
07:36:19,141.55,51.0,149.29,34.0,141.64,56.0,160.82,56.0,7.739999999999981,107.0,90.0,5.993725886294021,141.55,149.29,197,17.0,112.0,0.09,147.12,8.0
07:36:20,150.0,26.0,191.75,24.0,142.61,41.0,260.94,35.0,41.75,67.0,59.0,14.231162285633255,150.0,191.75,126,8.0,-71.0,0.06,147.12,
07:36:21,154.26,69.0,199.67,27.0,152.6,52.0,252.09,33.0,45.41,121.0,60.0,17.88106820075439,154.26,199.67,181,61.0,55.0,0.34,157.0,2.0
07:36:22,157.0,28.0,333.77,26.0,154.0,55.0,570.73,30.0,176.76999999999998,83.0,56.0,41.86474172857189,157.0,333.77000000000004,139,27.0,-42.0,0.19,157.0,3.0
07:36:23,157.0,7.0,382.0,14.0,154.0,42.0,549.0,24.0,225.0,49.0,38.0,52.99560094951304,157.0,382.0,87,11.0,-52.0,0.13,157.0,
07:36:24,157.0,8.0,320.17,18.0,154.0,48.0,398.05,19.0,163.17000000000002,56.0,37.0,43.88760872957226,157.0,320.17,93,19.0,6.0,0.2,157.0,
07:36:25,157.0,12.0,201.04,46.0,154.0,72.0,204.17,23.0,44.03999999999999,84.0,69.0,41.69409454587096,157.0,201.04,153,15.0,60.0,0.1,157.0,
07:36:26,157.0,8.0,199.33,39.0,154.0,48.0,201.07,30.0,42.33000000000001,56.0,69.0,41.37038675187877,157.0,199.33,125,-13.0,-28.0,-0.1,157.0,
07:36:27,154.08,36.0,193.81,32.0,153.46,13.0,195.06,32.0,39.72999999999999,49.0,64.0,43.607156866734925,154.08,193.81,113,-15.0,-12.0,-0.13,155.5,2.0
07:36:28,153.42,52.0,190.4,47.0,151.75,24.0,192.2,35.0,36.98000000000002,76.0,82.0,28.24608344532082,153.42,190.40000000000003,158,-6.0,45.0,-0.04,153.83,6.0
07:36:29,152.0,33.0,186.29,51.0,151.0,33.0,187.5,32.0,34.28999999999999,66.0,83.0,4.168764805074306,152.0,186.29,149,-17.0,-9.0,-0.11,153.83,
07:36:30,155.83,35.0,182.38,42.0,148.0,22.0,184.0,53.0,26.549999999999983,57.0,95.0,3.7872258976757855,155.83,182.38,152,-38.0,3.0,-0.25,151.75,4.0
07:36:31,159.0,21.0,170.77,26.0,151.0,12.0,178.42,24.0,11.77000000000001,33.0,50.0,3.420287999573441,159.0,170.77,83,-17.0,-69.0,-0.2,159.0,1.0
07:36:32,159.0,36.0,176.79,52.0,151.25,24.0,178.42,38.0,17.789999999999992,60.0,90.0,2.542150664304937,159.0,176.79,150,-30.0,67.0,-0.2,159.0,
07:36:33,159.0,26.0,172.59,32.0,156.09,11.0,174.24,42.0,13.590000000000003,37.0,74.0,1.9427120218977088,159.0,172.59,111,-37.0,-39.0,-0.33,159.0,2.0
07:36:34,159.0,9.0,168.8,40.0,157.0,9.0,169.79,34.0,9.800000000000011,18.0,74.0,2.144383361254634,159.0,168.8,92,-56.0,-19.0,-0.61,159.0,
07:36:35,154.5,14.0,165.5,48.0,151.94,32.0,166.48,62.0,11.0,46.0,110.0,2.9127444103500486,154.5,165.5,156,-64.0,64.0,-0.41,156.0,3.0
07:36:36,151.61,18.0,163.51,61.0,149.92,24.0,164.22,65.0,11.899999999999975,42.0,126.0,4.217558535459257,151.61,163.51,168,-84.0,12.0,-0.5,151.33,3.0
07:36:37,151.71,14.0,157.58,50.0,149.15,13.0,158.24,51.0,5.8700000000000045,27.0,101.0,4.546880249140603,151.71,157.58,128,-74.0,-40.0,-0.58,156.0,2.0
07:36:38,151.0,15.0,155.15,46.0,149.0,15.0,156.72,60.0,4.150000000000006,30.0,106.0,4.309909511813961,151.0,155.15,136,-76.0,8.0,-0.56,151.0,1.0
07:36:39,148.2,10.0,149.76,17.0,128.0,12.0,151.15,13.0,1.5600000000000025,22.0,30.0,4.227774828443927,148.2,149.76,52,-8.0,-84.0,-0.15,149.0,1.0
07:36:42,132.4,10.0,181.95,39.0,45.61,23.0,265.87,39.0,49.54999999999998,33.0,78.0,12.40155756346849,132.4,181.95,111,-45.0,-63.0,-0.41,144.71,7.0
07:36:43,131.27,11.0,190.82,55.0,91.64,44.0,336.36,44.0,59.54999999999998,55.0,99.0,14.197002148341836,131.27,190.82,154,-44.0,43.0,-0.29,144.71,
07:36:44,128.18,11.0,159.85,39.0,97.25,44.0,206.17,46.0,31.669999999999987,55.0,85.0,14.099169479087152,128.18,159.85,140,-30.0,-14.0,-0.21,142.0,1.0
07:37:00,147.59,51.0,155.0,9.0,129.2,25.0,218.0,27.0,7.409999999999997,76.0,36.0,20.38900806807477,147.59,155.0,112,40.0,70.0,0.36,149.0,3.0
07:37:01,149.43,28.0,244.47,17.0,145.8,46.0,332.0,33.0,95.04,74.0,50.0,33.227245296593914,149.43,244.47,124,24.0,12.0,0.19,148.8,5.0
07:37:02,150.7,20.0,239.82,17.0,149.0,10.0,514.08,24.0,89.12,30.0,41.0,34.17139051897107,150.7,239.82,71,-11.0,-53.0,-0.15,148.8,
07:37:03,151.71,14.0,221.0,14.0,150.67,12.0,411.0,7.0,69.28999999999999,26.0,21.0,29.15290328595129,151.71,221.0,47,5.0,-24.0,0.11,148.8,
07:37:04,152.08,38.0,228.6,25.0,151.04,50.0,472.4,15.0,76.51999999999998,88.0,40.0,18.776257614339222,152.08,228.6,128,48.0,81.0,0.38,153.33,3.0
07:37:05,151.09,23.0,405.4,5.0,150.38,13.0,718.0,15.0,254.31,36.0,20.0,38.691111382332224,151.09,405.4,56,16.0,-72.0,0.29,151.89,9.0
07:37:06,151.0,32.0,305.27,11.0,149.0,8.0,401.05,19.0,154.26999999999998,40.0,30.0,38.6903052456302,151.0,305.27,70,10.0,14.0,0.14,151.89,
07:37:07,151.0,28.0,396.67,15.0,149.0,7.0,502.92,25.0,245.67,35.0,40.0,43.93017664430731,151.0,396.67,75,-5.0,5.0,-0.07,151.89,
07:37:08,151.0,24.0,431.15,20.0,149.0,6.0,556.68,28.0,280.15,30.0,48.0,42.0186914360746,151.0,431.15,78,-18.0,3.0,-0.23,151.89,
07:37:09,151.0,31.0,356.0,45.0,149.0,9.0,468.29,35.0,205.0,40.0,80.0,24.616109156405123,151.0,356.0,120,-40.0,42.0,-0.33,151.0,1.0
07:37:10,151.07,30.0,294.5,40.0,149.62,13.0,392.55,47.0,143.43,43.0,87.0,29.201880590127228,151.07,294.5,130,-44.0,10.0,-0.34,151.67,3.0
07:37:11,150.0,24.0,344.0,30.0,148.76,25.0,526.33,12.0,194.0,49.0,42.0,26.10196218677918,150.0,344.0,91,7.0,-39.0,0.08,151.0,3.0
07:37:12,150.36,33.0,277.0,35.0,148.6,30.0,381.76,17.0,126.64,63.0,52.0,30.29657373367565,150.36,277.0,115,11.0,24.0,0.1,151.0,
07:37:13,154.0,35.0,256.95,41.0,149.0,22.0,268.47,45.0,102.95,57.0,86.0,20.91363478690492,154.0,256.95,143,-29.0,28.0,-0.2,154.0,1.0
07:37:14,156.0,114.0,196.68,53.0,154.0,38.0,211.69,61.0,40.68000000000001,152.0,114.0,25.75170440961207,156.0,196.68,266,38.0,123.0,0.14,154.0,
07:37:15,156.0,60.0,161.96,46.0,154.0,24.0,162.85,26.0,5.960000000000008,84.0,72.0,34.162006381359234,156.0,161.96,156,12.0,-110.0,0.08,156.0,2.0
07:37:16,156.0,50.0,159.12,32.0,154.0,26.0,161.87,47.0,3.1200000000000045,76.0,79.0,26.04500950278233,156.0,159.12,155,-3.0,-1.0,-0.02,156.0,2.0
07:37:17,154.6,20.0,161.31,32.0,151.31,13.0,325.08,26.0,6.710000000000008,33.0,58.0,20.689327683615478,154.6,161.31,91,-25.0,-64.0,-0.27,156.0,2.0
07:37:18,154.0,36.0,162.33,12.0,149.0,6.0,164.0,18.0,8.330000000000013,42.0,30.0,8.143464864541027,154.0,162.33,72,12.0,-19.0,0.17,156.0,
07:37:19,154.0,112.0,161.62,16.0,151.25,8.0,164.0,24.0,7.620000000000003,120.0,40.0,0.5418763696756234,154.0,161.62,160,80.0,88.0,0.5,156.0,
07:37:20,154.0,168.0,157.91,32.0,152.0,12.0,159.3,30.0,3.9099999999999966,180.0,62.0,0.8891287870790384,154.0,157.91,242,118.0,82.0,0.49,156.0,3.0
07:37:21,154.0,158.0,156.94,35.0,152.0,12.0,238.94,34.0,2.9399999999999977,170.0,69.0,1.2613564127606829,154.0,156.94,239,101.0,-3.0,0.42,156.0,2.0
07:37:22,154.39,102.0,156.81,48.0,153.91,138.0,323.08,60.0,2.420000000000016,240.0,108.0,1.287283962462179,154.39,156.81,348,132.0,109.0,0.38,156.0,2.0
07:37:23,154.0,92.0,155.14,21.0,152.0,7.0,338.29,35.0,1.1399999999999864,99.0,56.0,1.1929375507595006,154.0,155.14,155,43.0,-176.0,0.28,154.0,3.0
07:37:24,154.0,99.0,155.0,27.0,152.0,9.0,328.33,45.0,1.0,108.0,72.0,0.6482052144281351,154.0,155.0,180,36.0,25.0,0.2,154.0,
07:37:25,154.0,110.0,155.0,30.0,152.0,10.0,301.39,41.0,1.0,120.0,71.0,0.5567494948463918,154.0,155.0,191,49.0,11.0,0.26,154.0,
07:37:26,154.0,98.0,195.92,38.0,152.0,10.0,268.6,50.0,41.91999999999999,108.0,88.0,9.03126679929308,154.0,195.92,196,20.0,5.0,0.1,154.0,3.0
07:37:27,154.0,104.0,227.77,65.0,152.69,29.0,343.32,50.0,73.77000000000001,133.0,115.0,16.540641462773344,154.0,227.77,248,18.0,52.0,0.07,154.0,
07:37:28,155.32,82.0,230.29,35.0,152.84,19.0,290.84,31.0,74.97,101.0,66.0,18.69947913713162,155.32,230.29,167,35.0,-81.0,0.21,154.0,
07:37:29,160.0,211.0,211.0,60.0,154.0,96.0,294.14,29.0,51.0,307.0,89.0,15.714213947888831,160.0,211.0,396,218.0,176.0,0.55,160.0,5.0
07:37:30,160.0,100.0,334.77,44.0,154.0,80.0,465.4,20.0,174.76999999999998,180.0,64.0,28.300750520083973,160.0,334.77,244,116.0,-152.0,0.48,160.0,5.0
07:37:33,160.0,112.0,296.0,50.0,154.57,56.0,374.27,52.0,136.0,168.0,102.0,59.87577615363383,160.0,296.0,270,66.0,91.0,0.24,160.0,
07:37:34,160.0,52.0,267.52,29.0,158.0,9.0,268.52,31.0,107.51999999999998,61.0,60.0,51.8167062828203,160.0,267.52,121,1.0,-149.0,0.01,160.0,4.0
07:37:35,160.0,60.0,264.84,19.0,158.0,15.0,265.84,43.0,104.83999999999996,75.0,62.0,57.07665617395666,160.0,264.84,137,13.0,16.0,0.09,160.0,
07:37:36,160.0,49.0,181.73,48.0,158.0,16.0,192.25,36.0,21.72999999999999,65.0,84.0,59.74533136572303,160.0,181.73,149,-19.0,12.0,-0.13,160.0,3.0
07:37:37,160.0,11.0,172.64,55.0,158.0,11.0,174.0,11.0,12.639999999999986,22.0,66.0,27.821511820891946,160.0,172.64,88,-44.0,-61.0,-0.5,160.0,
07:37:38,154.6,50.0,169.27,22.0,154.09,23.0,170.09,22.0,14.670000000000016,73.0,44.0,25.78575963589251,154.6,169.27,117,29.0,29.0,0.25,156.0,5.0
07:37:39,154.0,45.0,164.89,9.0,153.0,38.0,165.89,9.0,10.889999999999986,83.0,18.0,21.80701446782705,154.0,164.89,101,65.0,-16.0,0.64,156.0,
07:37:40,153.66,61.0,161.29,17.0,152.82,68.0,162.29,17.0,7.6299999999999955,129.0,34.0,5.407585413103829,153.66,161.29,163,95.0,62.0,0.58,156.0,
07:37:41,153.0,84.0,157.47,45.0,152.0,68.0,157.34,53.0,4.469999999999999,152.0,98.0,4.2761372756275975,153.0,157.47,250,54.0,87.0,0.22,153.0,5.0
07:37:42,151.67,36.0,156.5,50.0,151.11,36.0,157.53,34.0,4.8300000000000125,72.0,84.0,3.17176134032979,151.67,156.5,156,-12.0,-94.0,-0.08,152.1,10.0
07:37:43,151.23,44.0,154.96,26.0,149.97,29.0,244.78,27.0,3.730000000000018,73.0,53.0,2.581021115762084,151.23,154.96,126,20.0,-30.0,0.16,154.8,5.0
07:37:44,151.7,23.0,154.82,11.0,149.67,15.0,167.54,28.0,3.1200000000000045,38.0,39.0,1.8011468568690163,151.7,154.82,77,-1.0,-49.0,-0.01,153.67,3.0
07:37:45,152.25,16.0,287.38,24.0,149.88,17.0,478.0,16.0,135.13,33.0,40.0,29.481294578088235,152.25,287.38,73,-7.0,-4.0,-0.1,155.0,1.0
07:37:47,132.0,38.0,366.79,14.0,104.6,30.0,530.81,16.0,234.79,68.0,30.0,64.89758547126415,132.0,366.79,98,38.0,-20.0,0.39,150.0,1.0
07:37:50,152.0,40.0,200.25,16.0,103.1,20.0,374.0,16.0,48.25,60.0,32.0,50.65281601253815,152.0,200.25,92,28.0,-9.0,0.3,152.0,2.0
07:37:51,152.0,21.0,193.78,9.0,117.8,20.0,343.3,10.0,41.78,41.0,19.0,31.134526333317364,152.0,193.78,60,22.0,-32.0,0.37,152.0,
07:37:52,153.0,28.0,181.0,4.0,152.0,12.0,182.0,4.0,28.0,40.0,8.0,18.538852985015723,153.0,181.0,48,32.0,-12.0,0.67,152.0,
07:37:53,153.0,42.0,179.33,6.0,152.0,18.0,243.67,6.0,26.330000000000013,60.0,12.0,18.701739758643424,153.0,179.33,72,48.0,24.0,0.67,152.0,
07:37:54,153.59,41.0,179.0,11.0,152.7,60.0,449.0,16.0,25.41,101.0,27.0,4.5489372385229405,153.59,179.0,128,74.0,56.0,0.58,152.0,
07:37:55,157.0,10.0,179.0,10.0,153.0,70.0,521.77,13.0,22.0,80.0,23.0,2.79108401880346,157.0,179.0,103,57.0,-25.0,0.55,152.0,
07:37:56,157.0,10.0,177.0,10.0,153.0,70.0,622.5,16.0,20.0,80.0,26.0,0.7305272068990096,157.0,177.0,106,54.0,3.0,0.51,152.0,
07:37:57,153.4,40.0,173.59,17.0,152.34,82.0,190.26,54.0,20.19,122.0,71.0,1.6757535618399844,153.4,173.59,193,51.0,87.0,0.26,154.0,4.0
07:37:58,152.07,59.0,171.2,20.0,144.69,29.0,173.07,28.0,19.129999999999995,88.0,48.0,2.641187233048633,152.07,171.2,136,40.0,-57.0,0.29,152.8,5.0
07:37:59,152.73,33.0,168.75,24.0,151.18,51.0,169.25,24.0,16.02000000000001,84.0,48.0,3.215457976714778,152.73,168.75,132,36.0,-4.0,0.27,152.8,
07:38:00,152.22,54.0,165.93,28.0,150.48,42.0,168.06,18.0,13.710000000000008,96.0,46.0,3.029780520106692,152.22,165.93,142,50.0,10.0,0.35,155.0,2.0
07:38:01,153.33,54.0,164.41,34.0,150.5,60.0,166.36,14.0,11.079999999999984,114.0,48.0,1.910803495919266,153.33000000000004,164.41,162,66.0,20.0,0.41,155.0,
07:38:02,153.6,30.0,160.3,10.0,150.4,50.0,161.8,10.0,6.700000000000017,80.0,20.0,1.8124375851368613,153.6,160.3,100,60.0,-62.0,0.6,156.8,5.0
07:38:03,154.26,61.0,156.83,18.0,151.35,40.0,157.65,20.0,2.5700000000000216,101.0,38.0,2.015730636770753,154.26,156.83,139,63.0,39.0,0.45,155.0,6.0
07:38:04,152.0,25.0,153.56,9.0,150.0,18.0,262.22,9.0,1.5600000000000025,43.0,18.0,2.603368971163233,152.0,153.56,61,25.0,-78.0,0.41,152.0,1.0
07:38:05,152.0,13.0,179.0,7.0,150.0,14.0,511.0,11.0,27.0,27.0,18.0,4.778488254669682,152.0,179.0,45,9.0,-16.0,0.2,152.0,1.0
07:38:06,152.55,20.0,209.15,41.0,149.7,23.0,400.38,13.0,56.6,43.0,54.0,11.392481292502438,152.55,209.15,97,-11.0,52.0,-0.11,152.0,
07:38:07,153.0,18.0,204.5,30.0,150.4,10.0,208.57,14.0,51.5,28.0,44.0,12.893340529126649,153.0,204.5,72,-16.0,-25.0,-0.22,152.0,
07:38:08,151.64,11.0,203.0,35.0,149.35,17.0,242.33,15.0,51.360000000000014,28.0,50.0,11.824104617264751,151.64,203.0,78,-22.0,6.0,-0.28,152.2,5.0
07:38:12,118.0,40.0,170.5,50.0,68.64,33.0,300.11,47.0,52.5,73.0,97.0,23.300198926189665,118.0,170.5,170,-24.0,90.0,-0.14,149.0,5.0
07:38:13,135.26,114.0,364.54,41.0,86.94,33.0,428.42,24.0,229.28000000000003,147.0,65.0,54.468830811758906,135.26,364.54,212,82.0,42.0,0.39,149.0,
07:38:14,143.12,81.0,257.94,31.0,138.98,168.0,438.56,45.0,114.82,249.0,76.0,56.26844879681705,143.12,257.94,325,173.0,113.0,0.53,149.0,4.0
07:38:15,142.0,85.0,311.17,12.0,66.65,17.0,394.09,22.0,169.17000000000002,102.0,34.0,52.97298434107741,142.0,311.17,136,68.0,-176.0,0.5,149.0,1.0
07:38:17,158.85,13.0,163.09,22.0,151.02,61.0,361.57,46.0,4.240000000000009,74.0,68.0,49.115199989412986,158.84999999999997,163.09,142,6.0,40.0,0.04,156.0,5.0
07:38:18,155.25,24.0,161.71,14.0,154.06,32.0,246.33,18.0,6.460000000000008,56.0,32.0,38.64624004997153,155.25,161.71,88,24.0,-54.0,0.27,156.0,3.0
07:38:19,155.0,16.0,158.73,11.0,154.0,33.0,377.26,47.0,3.7299999999999898,49.0,58.0,36.28171274898718,155.0,158.73,107,-9.0,19.0,-0.08,155.0,1.0
07:38:20,154.33,18.0,156.5,10.0,153.43,42.0,213.19,26.0,2.1699999999999875,60.0,36.0,13.46437967379152,154.33,156.5,96,24.0,-11.0,0.25,155.0,1.0
07:38:21,153.6,60.0,155.62,16.0,147.91,88.0,223.0,80.0,2.0200000000000102,148.0,96.0,2.5406829790458554,153.6,155.62,244,52.0,148.0,0.21,154.0,3.0
07:38:22,153.0,66.0,154.0,11.0,129.31,29.0,233.0,55.0,1.0,95.0,66.0,1.9463504309379849,153.0,154.0,161,29.0,-83.0,0.18,154.0,
07:38:23,153.0,36.0,214.73,48.0,150.0,12.0,278.83,60.0,61.72999999999999,48.0,108.0,12.921157068932164,153.0,214.73,156,-60.0,-5.0,-0.38,153.25,4.0
07:38:24,154.75,24.0,169.0,40.0,152.86,22.0,235.12,34.0,14.25,46.0,74.0,12.727194506253774,154.75,169.0,120,-28.0,-36.0,-0.23,153.25,
07:38:25,155.0,36.0,251.22,45.0,153.0,39.0,506.31,36.0,96.22,75.0,81.0,21.52742367307389,155.0,251.22,156,-6.0,36.0,-0.04,153.25,
07:38:31,129.45,55.0,190.26,27.0,80.34,123.0,293.24,33.0,60.81,178.0,60.0,81.72788795753898,129.45,190.26,238,118.0,88.0,0.5,149.0,5.0
07:38:32,117.42,48.0,199.64,33.0,81.87,68.0,301.0,20.0,82.21999999999998,116.0,53.0,50.459968588971854,117.42,199.64,169,63.0,-69.0,0.37,149.0,
07:38:40,142.93,29.0,146.0,39.0,138.69,64.0,148.0,26.0,3.069999999999993,93.0,65.0,1.1948974851475735,142.93,146.0,158,28.0,20.0,0.18,149.0,
07:38:41,144.0,14.0,146.0,21.0,141.0,35.0,148.0,14.0,2.0,49.0,35.0,0.7794356933143208,144.0,146.0,84,14.0,-74.0,0.17,149.0,
07:38:42,144.0,16.0,145.95,22.0,134.65,37.0,147.65,17.0,1.9499999999999889,53.0,39.0,0.7517978451768478,144.0,145.95,92,14.0,8.0,0.15,145.0,1.0
07:38:49,135.95,63.0,150.08,53.0,116.56,39.0,165.52,50.0,14.130000000000024,102.0,103.0,15.33264719479345,135.95,150.08,205,-1.0,58.0,-0.0,141.0,1.0
07:38:53,141.06,17.0,146.0,28.0,131.5,12.0,356.28,25.0,4.939999999999998,29.0,53.0,1.8434017467745856,141.06,146.0,82,-24.0,-25.0,-0.29,141.4,5.0
07:38:54,138.0,6.0,146.0,16.0,90.0,4.0,455.61,18.0,8.0,10.0,34.0,1.725679576286245,138.0,146.0,44,-24.0,-38.0,-0.55,146.0,2.0
07:38:59,119.67,18.0,404.11,27.0,55.0,15.0,488.06,17.0,284.44,33.0,44.0,71.26330030246996,119.67,404.11000000000007,77,-11.0,12.0,-0.14,146.0,
07:39:00,158.6,25.0,384.94,34.0,152.25,20.0,482.08,24.0,226.34,45.0,58.0,90.66841660688704,158.6,384.94,103,-13.0,26.0,-0.13,146.0,
07:39:02,155.6,15.0,299.08,26.0,153.87,23.0,652.5,16.0,143.48,38.0,42.0,86.37582503223969,155.6,299.08,80,-4.0,8.0,-0.05,158.0,6.0
07:39:04,155.5,18.0,311.0,12.0,153.75,12.0,491.0,30.0,155.5,30.0,42.0,53.34146670274557,155.5,311.0,72,-12.0,23.0,-0.17,157.0,3.0
07:39:08,154.0,6.0,375.75,28.0,153.0,6.0,420.4,20.0,221.75,12.0,48.0,40.55378872559408,154.0,375.75,60,-36.0,-42.0,-0.6,157.0,
07:39:09,155.14,7.0,328.41,17.0,153.57,7.0,397.21,19.0,173.27000000000004,14.0,36.0,37.55020266257058,155.14,328.41,50,-22.0,-10.0,-0.44,157.0,
07:39:10,157.0,9.0,281.67,24.0,154.0,9.0,294.0,27.0,124.67000000000002,18.0,51.0,45.12493346255604,157.0,281.67,69,-33.0,19.0,-0.48,157.0,
07:39:11,157.0,12.0,214.08,51.0,154.0,12.0,264.75,24.0,57.08000000000001,24.0,75.0,48.983463332027625,157.0,214.08,99,-51.0,30.0,-0.52,157.0,1.0
07:39:12,154.0,9.0,205.81,21.0,153.0,9.0,235.73,22.0,51.81,18.0,43.0,36.29684669499651,154.0,205.81,61,-25.0,-38.0,-0.41,157.0,
07:39:13,154.67,21.0,194.93,27.0,153.5,14.0,197.32,40.0,40.26000000000002,35.0,67.0,29.01290402562399,154.67,194.93000000000004,102,-32.0,41.0,-0.31,157.0,
07:39:14,154.0,11.0,172.05,41.0,153.0,38.0,174.0,35.0,18.05000000000001,49.0,76.0,21.15921359597419,154.0,172.05,125,-27.0,23.0,-0.22,157.0,
07:39:15,153.12,26.0,156.57,46.0,152.13,89.0,158.65,46.0,3.4499999999999886,115.0,92.0,12.529620904083703,153.12,156.57,207,23.0,82.0,0.11,154.0,1.0
07:39:16,152.01,166.0,153.47,36.0,151.24,142.0,154.22,58.0,1.460000000000008,308.0,94.0,11.994640469811833,152.01,153.47,402,214.0,176.0,0.53,152.11,9.0
07:39:17,152.0,85.0,154.14,28.0,151.0,96.0,208.45,40.0,2.1399999999999864,181.0,68.0,9.421389494126895,152.0,154.14,249,113.0,-153.0,0.45,152.29,7.0
07:39:18,152.0,18.0,175.0,6.0,151.0,54.0,473.86,14.0,23.0,72.0,20.0,5.380676537392229,152.0,175.0,92,52.0,-157.0,0.57,152.0,3.0
07:39:19,152.54,57.0,175.0,8.0,150.37,38.0,511.88,16.0,22.460000000000008,95.0,24.0,5.582018452141062,152.54,175.0,119,71.0,27.0,0.6,151.33,3.0
07:39:20,157.82,110.0,175.0,13.0,154.5,119.0,452.48,42.0,17.180000000000007,229.0,55.0,6.485203928948155,157.82,175.0,284,174.0,165.0,0.61,160.0,2.0
07:39:21,160.0,48.0,320.94,17.0,158.0,56.0,406.44,18.0,160.94,104.0,35.0,35.60031994238331,160.0,320.94,139,69.0,-145.0,0.5,160.0,
07:39:22,160.0,36.0,284.0,18.0,156.24,34.0,334.0,24.0,124.0,70.0,42.0,37.11605919275459,160.0,284.0,112,28.0,-27.0,0.25,160.0,4.0
07:39:23,160.0,20.0,284.0,30.0,155.1,42.0,348.73,22.0,124.0,62.0,52.0,35.36876234758674,160.0,284.0,114,10.0,2.0,0.09,160.0,
07:39:24,160.0,22.0,363.4,20.0,157.0,11.0,472.0,29.0,203.4,33.0,49.0,35.377067854756994,160.0,363.4,82,-16.0,-32.0,-0.2,160.0,
07:39:25,155.71,28.0,265.0,18.0,153.25,8.0,343.16,19.0,109.29,36.0,37.0,20.122824851399105,155.71,265.0,73,-1.0,-9.0,-0.01,158.0,4.0
07:39:26,155.0,32.0,347.35,20.0,152.0,8.0,468.67,24.0,192.35,40.0,44.0,21.83900455607093,155.0,347.35,84,-4.0,11.0,-0.05,158.0,
07:39:27,155.0,28.0,224.33,24.0,152.0,7.0,406.47,15.0,69.33000000000001,35.0,39.0,29.513468450862952,155.0,224.33,74,-4.0,-10.0,-0.05,158.0,
07:39:28,155.0,16.0,196.0,16.0,152.0,4.0,274.0,8.0,41.0,20.0,24.0,37.67394749691193,155.0,196.0,44,-4.0,-30.0,-0.09,158.0,
07:39:29,155.0,28.0,196.0,28.0,152.0,7.0,274.0,14.0,41.0,35.0,42.0,31.752771847510655,155.0,196.0,77,-7.0,33.0,-0.09,158.0,
07:39:30,154.92,37.0,218.67,36.0,151.47,19.0,305.36,22.0,63.75,56.0,58.0,31.66170984012174,154.92,218.67,114,-2.0,37.0,-0.02,158.0,
07:39:31,153.68,38.0,305.36,22.0,151.06,64.0,392.14,28.0,151.68,102.0,50.0,22.265440260638428,153.68,305.36,152,52.0,38.0,0.34,158.0,
07:39:32,154.27,55.0,373.0,27.0,152.31,51.0,411.0,18.0,218.73,106.0,45.0,39.06694126752271,154.27,373.0,151,61.0,-1.0,0.4,157.0,5.0
07:39:33,154.0,13.0,378.27,22.0,152.11,36.0,416.29,14.0,224.27,49.0,36.0,42.17199331309918,154.0,378.2699999999999,85,13.0,-66.0,0.15,154.0,5.0
07:39:34,152.52,25.0,389.54,26.0,151.73,104.0,528.35,26.0,237.02,129.0,52.0,35.66344669265851,152.52,389.54,181,77.0,96.0,0.43,152.43,7.0
07:39:35,152.8,50.0,303.0,22.0,151.11,112.0,502.2,25.0,150.2,162.0,47.0,21.1134075885467,152.8,303.0,209,115.0,28.0,0.55,152.43,
07:39:36,151.15,59.0,260.5,8.0,150.67,45.0,383.0,12.0,109.35,104.0,20.0,28.63741730673521,151.15,260.5,124,84.0,-85.0,0.68,152.0,3.0
07:39:37,151.0,66.0,200.31,13.0,150.0,27.0,204.36,22.0,49.31,93.0,35.0,40.40328390118907,151.0,200.31,128,58.0,4.0,0.45,151.0,3.0
07:39:38,151.0,84.0,188.94,16.0,150.0,36.0,225.5,16.0,37.94,120.0,32.0,41.366515202517,151.0,188.94,152,88.0,24.0,0.58,151.0,
07:39:39,151.0,63.0,161.23,13.0,150.0,27.0,177.18,11.0,10.22999999999999,90.0,24.0,29.15369839317225,151.0,161.23,114,66.0,-38.0,0.58,151.0,
07:39:40,152.23,52.0,157.27,33.0,150.91,66.0,158.92,12.0,5.0400000000000205,118.0,45.0,20.679535294586373,152.23,157.27,163,73.0,49.0,0.45,151.0,1.0
07:39:41,153.84,51.0,155.74,47.0,151.0,84.0,156.87,23.0,1.9000000000000057,135.0,70.0,9.856935629293512,153.84,155.74,205,65.0,42.0,0.32,154.0,1.0
07:39:42,154.0,24.0,155.0,40.0,151.8,60.0,158.4,10.0,1.0,84.0,50.0,6.7068718490838,154.0,155.0,134,34.0,-71.0,0.25,154.0,1.0
07:39:43,153.07,45.0,226.3,23.0,150.57,63.0,419.47,15.0,73.23000000000002,108.0,38.0,15.508889386414356,153.07,226.3,146,70.0,12.0,0.48,154.0,2.0
07:39:44,153.56,124.0,175.69,59.0,151.2,105.0,185.57,53.0,22.129999999999995,229.0,112.0,15.169638097200512,153.56,175.69,341,117.0,176.0,0.34,154.0,
07:39:45,154.0,84.0,157.0,15.0,151.47,30.0,158.0,30.0,3.0,114.0,45.0,15.062691326586934,154.0,157.0,159,69.0,-176.0,0.43,157.0,1.0
07:39:46,154.0,161.0,155.85,39.0,152.0,24.0,163.6,35.0,1.8499999999999943,185.0,74.0,15.04330316120889,154.0,155.85,259,111.0,100.0,0.43,154.0,13.0
07:39:47,152.33,6.0,155.0,8.0,150.44,18.0,209.0,8.0,2.6699999999999875,24.0,16.0,15.176237017127708,152.33,155.0,40,8.0,-176.0,0.2,154.0,
07:39:48,150.75,20.0,154.75,16.0,150.5,16.0,209.0,16.0,4.0,36.0,32.0,4.78154054673093,150.75,154.75,68,4.0,28.0,0.06,151.4,5.0
07:39:49,153.77,13.0,182.33,12.0,150.86,21.0,221.14,7.0,28.56,34.0,19.0,6.281478329185927,153.77,182.33,53,15.0,-15.0,0.28,153.67,3.0
07:39:50,153.0,32.0,227.67,12.0,150.0,50.0,475.78,18.0,74.66999999999999,82.0,30.0,16.010727029090134,153.0,227.67,112,52.0,59.0,0.46,153.0,3.0
07:39:51,151.15,40.0,311.38,13.0,149.74,46.0,584.85,26.0,160.23,86.0,39.0,32.828595461884255,151.15,311.38,125,47.0,13.0,0.38,152.8,5.0
07:39:52,153.5,42.0,239.05,19.0,148.67,36.0,479.68,19.0,85.55000000000001,78.0,38.0,29.94368347414948,153.5,239.05,116,40.0,-9.0,0.34,152.8,
07:39:53,155.2,30.0,308.0,10.0,151.11,36.0,373.0,20.0,152.8,66.0,30.0,27.581980168219665,155.2,308.0,96,36.0,-20.0,0.38,152.8,
07:39:54,156.0,24.0,261.5,8.0,155.0,32.0,366.27,11.0,105.5,56.0,19.0,19.24926050527834,156.0,261.5,75,37.0,-21.0,0.49,152.8,
07:39:55,156.38,24.0,383.75,8.0,155.0,32.0,488.0,8.0,227.37,56.0,16.0,28.145093178031576,156.38,383.75,72,40.0,-3.0,0.56,152.8,
07:39:56,158.0,33.0,409.36,11.0,155.0,44.0,421.09,11.0,251.36,77.0,22.0,37.919518456859215,158.0,409.36,99,55.0,27.0,0.56,152.8,
07:39:57,158.0,37.0,263.62,13.0,155.0,52.0,543.54,13.0,105.62,89.0,26.0,34.2998637023544,158.0,263.62,115,63.0,16.0,0.55,158.0,1.0
07:39:58,158.0,22.0,260.0,11.0,155.0,44.0,482.0,11.0,102.0,66.0,22.0,37.21057175051313,158.0,260.0,88,44.0,-27.0,0.5,158.0,
07:40:00,156.24,34.0,229.23,22.0,153.45,58.0,284.18,28.0,72.98999999999998,92.0,50.0,60.81244831447005,156.24,229.23,142,42.0,57.0,0.3,158.0,2.0
07:40:01,155.31,26.0,215.17,12.0,152.31,65.0,228.68,22.0,59.85999999999999,91.0,34.0,61.59573386201418,155.31,215.17,125,57.0,-17.0,0.46,154.5,8.0
07:40:02,154.25,8.0,204.8,15.0,151.26,19.0,207.0,13.0,50.55000000000001,27.0,28.0,65.08544130602539,154.25,204.8,55,-1.0,-70.0,-0.02,154.5,
07:40:03,155.93,29.0,204.0,5.0,153.29,7.0,205.0,15.0,48.06999999999999,36.0,20.0,67.59288771757035,155.93,204.0,56,16.0,1.0,0.29,154.5,
07:40:04,156.0,99.0,193.5,32.0,155.0,14.0,204.63,19.0,37.5,113.0,51.0,6.845237760666297,156.0,193.5,164,62.0,108.0,0.38,154.5,
07:40:05,156.0,114.0,202.36,33.0,155.0,13.0,204.47,19.0,46.360000000000014,127.0,52.0,3.726946471315389,156.0,202.36,179,75.0,15.0,0.42,156.0,3.0
07:40:06,156.03,74.0,201.9,39.0,154.29,17.0,203.14,21.0,45.870000000000005,91.0,60.0,2.1187189525865686,156.03,201.9,151,31.0,-28.0,0.21,156.43,7.0
07:40:07,152.89,70.0,198.29,14.0,150.73,44.0,201.88,34.0,45.400000000000006,114.0,48.0,2.34973402751228,152.89,198.29,162,66.0,11.0,0.41,153.0,4.0
07:40:08,154.0,80.0,197.0,30.0,152.0,20.0,198.0,10.0,43.0,100.0,40.0,2.102767224408962,154.0,197.0,140,60.0,-22.0,0.43,153.0,
07:40:09,154.0,96.0,196.86,14.0,152.0,24.0,262.8,15.0,42.860000000000014,120.0,29.0,1.9540905813315448,154.0,196.86,149,91.0,9.0,0.61,153.0,
07:40:10,157.7,107.0,194.0,10.0,153.95,74.0,196.0,10.0,36.30000000000001,181.0,20.0,1.5143744583319814,157.7,194.0,201,161.0,52.0,0.8,153.0,
07:40:11,158.0,172.0,192.07,14.0,154.09,70.0,193.21,14.0,34.06999999999999,242.0,28.0,0.2938877337484388,158.0,192.07,270,214.0,69.0,0.79,153.0,
07:40:12,158.0,154.0,188.69,16.0,154.62,21.0,190.05,20.0,30.69,175.0,36.0,0.9886202506764104,158.0,188.69,211,139.0,-59.0,0.66,153.0,
07:40:13,158.0,156.0,179.14,29.0,154.0,120.0,182.48,25.0,21.139999999999983,276.0,54.0,2.9934478448849844,158.0,179.14,330,222.0,119.0,0.67,158.0,1.0
07:40:14,158.0,120.0,172.75,16.0,154.0,96.0,174.63,30.0,14.75,216.0,46.0,4.494066087636578,158.0,172.75,262,170.0,-68.0,0.65,158.0,
07:40:15,158.0,130.0,167.92,13.0,154.0,104.0,168.92,13.0,9.919999999999987,234.0,26.0,5.125214141871856,158.0,167.92000000000002,260,208.0,-2.0,0.8,158.0,
07:40:16,158.0,105.0,164.53,17.0,154.0,112.0,165.52,23.0,6.530000000000001,217.0,40.0,4.798908209170216,158.0,164.53,257,177.0,-3.0,0.69,158.0,5.0
07:40:17,158.0,75.0,161.29,31.0,154.0,120.0,162.68,25.0,3.289999999999992,195.0,56.0,3.5124962633487926,158.0,161.29,251,139.0,-6.0,0.55,158.0,
07:40:18,156.47,49.0,159.0,45.0,154.19,108.0,165.0,29.0,2.530000000000001,157.0,74.0,2.950632135668165,156.47,159.0,231,83.0,-20.0,0.36,158.0,5.0
07:40:19,155.0,35.0,157.33,18.0,154.0,48.0,167.0,18.0,2.3300000000000125,83.0,36.0,2.7064238396888927,155.0,157.33,119,47.0,-112.0,0.39,158.0,
07:40:20,155.0,54.0,164.09,33.0,154.0,88.0,261.74,34.0,9.090000000000003,142.0,67.0,1.96038771676316,155.0,164.09,209,75.0,90.0,0.36,156.0,6.0
07:40:21,155.0,12.0,168.0,12.0,154.0,32.0,181.5,12.0,13.0,44.0,24.0,2.034993857493412,155.0,168.0,68,20.0,-141.0,0.29,156.0,
07:40:22,155.0,24.0,168.0,24.0,154.0,64.0,239.75,24.0,13.0,88.0,48.0,2.3454104118546413,155.0,168.0,136,40.0,68.0,0.29,156.0,
07:40:23,155.0,18.0,168.0,18.0,154.0,48.0,339.67,18.0,13.0,66.0,36.0,2.3244203578605687,155.0,168.0,102,30.0,-34.0,0.29,155.0,1.0
07:40:24,155.0,12.0,213.0,18.0,154.0,48.0,342.0,18.0,58.0,60.0,36.0,10.314940620286697,155.0,213.0,96,24.0,-6.0,0.25,155.0,
07:40:25,155.0,22.0,348.55,33.0,154.0,88.0,533.49,39.0,193.55,110.0,72.0,39.08806825618342,155.0,348.55,182,38.0,86.0,0.21,155.0,
07:40:26,155.0,18.0,344.86,28.0,154.0,72.0,451.78,27.0,189.86,90.0,55.0,45.767072770716574,155.0,344.86,145,35.0,-37.0,0.24,155.0,
07:40:27,155.0,22.0,173.0,44.0,154.0,88.0,377.45,33.0,18.0,110.0,77.0,45.22803278941133,155.0,173.0,187,33.0,42.0,0.18,155.0,
07:40:28,155.0,22.0,171.8,54.0,154.0,88.0,492.76,34.0,16.80000000000001,110.0,88.0,44.80618205114186,155.0,171.8,198,22.0,11.0,0.11,155.0,
07:40:29,155.0,26.0,170.0,65.0,154.0,104.0,394.21,42.0,15.0,130.0,107.0,47.96049363799402,155.0,170.0,237,23.0,39.0,0.1,155.0,
07:40:30,154.62,32.0,166.58,60.0,153.75,106.0,244.0,48.0,11.960000000000008,138.0,108.0,39.06513125537983,154.62,166.58,246,30.0,9.0,0.12,154.5,4.0
07:40:31,154.0,42.0,166.0,35.0,153.0,91.0,244.0,28.0,12.0,133.0,63.0,1.740689518565043,154.0,166.0,196,70.0,-50.0,0.36,154.5,
07:40:32,154.89,54.0,164.01,69.0,153.99,141.0,228.88,59.0,9.120000000000005,195.0,128.0,1.6876018487906412,154.89,164.01,323,67.0,127.0,0.21,154.5,
07:40:33,155.41,37.0,161.0,27.0,154.62,64.0,163.54,39.0,5.590000000000003,101.0,66.0,1.5842979517883815,155.41,161.0,167,35.0,-156.0,0.21,158.0,1.0
07:40:34,155.0,96.0,160.17,36.0,153.05,96.0,164.0,60.0,5.169999999999988,192.0,96.0,1.253108135812781,155.0,160.17,288,96.0,121.0,0.33,158.0,
07:40:35,155.38,84.0,158.21,42.0,154.82,44.0,160.56,48.0,2.8300000000000125,128.0,90.0,1.3166928267594022,155.38,158.21,218,38.0,-70.0,0.17,155.0,2.0
07:40:36,155.26,61.0,157.54,24.0,154.67,27.0,159.63,30.0,2.280000000000001,88.0,54.0,1.2068471320093364,155.26,157.54,142,34.0,-76.0,0.24,156.6,5.0
07:40:37,154.05,20.0,207.8,20.0,152.18,56.0,269.96,27.0,53.75,76.0,47.0,10.615079839551,154.05,207.8,123,29.0,-19.0,0.24,154.86,7.0
07:40:38,153.0,26.0,363.07,28.0,152.0,156.0,525.31,26.0,210.07,182.0,54.0,43.78912650419115,153.0,363.07,236,128.0,113.0,0.54,154.86,
07:40:39,155.0,24.0,203.0,12.0,153.0,12.0,512.23,13.0,48.0,36.0,25.0,41.81205783024867,155.0,203.0,61,11.0,-175.0,0.18,154.86,
07:40:40,155.0,44.0,202.91,22.0,153.0,22.0,428.0,17.0,47.91,66.0,39.0,38.992193192997775,155.0,202.91,105,27.0,44.0,0.26,154.86,
07:40:41,155.0,17.0,202.0,28.0,152.36,56.0,203.0,28.0,47.0,73.0,56.0,35.205907600856776,155.0,202.0,129,17.0,24.0,0.13,155.5,6.0
07:40:42,153.0,9.0,202.0,18.0,152.0,67.0,203.0,18.0,49.0,76.0,36.0,35.58206036755129,153.0,202.0,112,40.0,-17.0,0.36,155.5,
07:40:43,152.53,15.0,201.67,18.0,151.54,83.0,205.0,18.0,49.13999999999999,98.0,36.0,0.8648699324488698,152.53,201.67,134,62.0,22.0,0.46,152.5,2.0
07:40:44,152.0,58.0,200.2,30.0,150.0,171.0,204.67,18.0,48.19999999999999,229.0,48.0,1.1333578428959556,152.0,200.2,277,181.0,143.0,0.65,152.0,1.0
07:40:45,152.0,66.0,198.43,28.0,150.0,209.0,199.63,38.0,46.43000000000001,275.0,66.0,1.2702834329602817,152.0,198.43,341,209.0,64.0,0.61,152.0,
07:40:46,152.0,18.0,196.0,12.0,150.0,57.0,197.0,6.0,44.0,75.0,18.0,1.4223642290401166,152.0,196.0,93,57.0,-176.0,0.61,152.0,
07:40:47,152.0,54.0,193.53,19.0,150.0,171.0,194.94,32.0,41.53,225.0,51.0,1.7085022680852386,152.0,193.53,276,174.0,176.0,0.63,152.0,
07:40:48,152.0,72.0,187.89,28.0,150.0,209.0,190.3,20.0,35.889999999999986,281.0,48.0,2.3994853614997824,152.0,187.89,329,233.0,53.0,0.71,152.0,
07:40:49,150.64,147.0,184.0,45.0,149.65,270.0,185.71,28.0,33.360000000000014,417.0,73.0,3.196524675338975,150.64,184.0,490,344.0,161.0,0.7,151.78,9.0
07:40:50,150.0,93.0,182.0,20.0,149.0,95.0,183.0,10.0,32.0,188.0,30.0,3.420611056529235,150.0,182.0,218,158.0,-176.0,0.72,150.0,1.0
07:40:51,150.03,134.0,180.73,22.0,149.03,294.0,182.07,60.0,30.69999999999999,428.0,82.0,3.0573387120254165,150.03,180.73,510,346.0,176.0,0.68,150.0,2.0
07:40:52,150.82,49.0,166.63,27.0,149.83,109.0,170.52,33.0,15.810000000000002,158.0,60.0,4.16366184986821,150.82,166.63,218,98.0,-176.0,0.45,151.0,4.0
07:40:53,150.13,77.0,158.5,28.0,149.06,161.0,160.86,14.0,8.370000000000005,238.0,42.0,5.590677955315138,150.13,158.5,280,196.0,62.0,0.7,151.0,
07:40:54,151.64,99.0,154.95,38.0,149.58,90.0,156.28,32.0,3.3100000000000023,189.0,70.0,5.977562212143468,151.64,154.95,259,119.0,-21.0,0.46,155.0,1.0
07:40:55,152.0,64.0,153.04,23.0,150.0,8.0,173.12,8.0,1.039999999999992,72.0,31.0,5.341622412717348,152.0,153.04,103,41.0,-156.0,0.4,153.0,4.0
07:40:56,152.0,96.0,154.0,12.0,150.0,12.0,307.0,12.0,2.0,108.0,24.0,2.519517811019249,152.0,154.0,132,84.0,29.0,0.64,153.0,
07:40:57,152.0,133.0,217.25,12.0,150.0,12.0,407.47,17.0,65.25,145.0,29.0,14.030978939476944,152.0,217.25,174,116.0,42.0,0.67,152.0,1.0
07:40:58,152.08,66.0,368.0,20.0,151.86,70.0,539.0,4.0,215.92,136.0,24.0,46.42981886675905,152.08,368.0,160,112.0,-14.0,0.7,152.5,2.0
07:40:59,152.0,84.0,325.0,18.0,150.0,7.0,398.2,20.0,173.0,91.0,38.0,49.3996910921522,152.0,325.0,129,53.0,-31.0,0.41,152.5,
07:41:00,159.19,118.0,241.0,32.0,151.98,85.0,502.29,14.0,81.81,203.0,46.0,42.63153644897243,159.19,241.0,249,157.0,120.0,0.63,160.0,2.0
07:41:01,160.0,154.0,241.0,44.0,152.27,88.0,395.0,11.0,81.0,242.0,55.0,31.309110495190843,160.0,241.0,297,187.0,48.0,0.63,160.0,2.0
07:41:02,160.0,168.0,256.56,45.0,156.93,30.0,442.26,19.0,96.56,198.0,64.0,26.68560698204317,160.0,256.56,262,134.0,-35.0,0.51,160.0,
07:41:03,160.0,120.0,244.1,40.0,158.0,40.0,546.43,14.0,84.1,160.0,54.0,16.330965372569548,160.0,244.1,214,106.0,-48.0,0.5,160.0,
07:41:04,160.0,149.0,243.86,56.0,158.0,52.0,669.95,21.0,83.86000000000001,201.0,77.0,3.3060323652472348,160.0,243.86,278,124.0,64.0,0.45,160.0,1.0
07:41:05,160.0,138.0,225.11,38.0,158.0,52.0,229.44,36.0,65.11000000000001,190.0,74.0,5.625812830166097,160.0,225.11,264,116.0,-14.0,0.44,160.0,5.0
07:41:06,160.0,18.0,210.38,26.0,158.0,36.0,211.71,28.0,50.38,54.0,54.0,9.101159266822002,160.0,210.38,108,0.0,-156.0,0.0,159.5,8.0
07:41:07,158.0,15.0,209.86,42.0,155.0,96.0,210.6,30.0,51.860000000000014,111.0,72.0,8.732502505012954,158.0,209.86,183,39.0,75.0,0.21,158.0,1.0
07:41:08,158.0,13.0,195.17,47.0,155.0,124.0,201.97,37.0,37.16999999999999,137.0,84.0,9.60975129751311,158.0,195.17,221,53.0,38.0,0.24,158.0,
07:41:09,158.0,6.0,188.8,20.0,155.0,60.0,201.86,28.0,30.80000000000001,66.0,48.0,7.547855324531083,158.0,188.8,114,18.0,-107.0,0.16,158.0,
07:41:10,158.0,12.0,185.42,52.0,155.0,120.0,186.38,42.0,27.419999999999987,132.0,94.0,6.112256539122868,158.0,185.42,226,38.0,112.0,0.17,158.0,
07:41:11,158.0,12.0,179.56,45.0,155.0,123.0,180.68,56.0,21.56,135.0,101.0,5.793873488440073,158.0,179.56,236,34.0,10.0,0.14,158.0,
07:41:12,158.0,12.0,177.06,34.0,155.0,120.0,178.73,41.0,19.06,132.0,75.0,3.6286870904015793,158.0,177.06,207,57.0,-29.0,0.28,158.0,
07:41:13,156.29,28.0,161.13,52.0,154.97,124.0,163.38,39.0,4.840000000000003,152.0,91.0,5.702063661521618,156.29,161.13,243,61.0,36.0,0.25,156.0,3.0
07:41:14,155.0,106.0,156.52,50.0,154.0,32.0,159.2,70.0,1.5200000000000102,138.0,120.0,6.881044252149797,155.0,156.52,258,18.0,15.0,0.07,155.0,3.0
07:41:15,155.0,45.0,158.49,37.0,154.0,18.0,160.14,42.0,3.490000000000009,63.0,79.0,6.179573609889466,155.0,158.49,142,-16.0,-116.0,-0.11,155.0,
07:41:16,155.0,57.0,157.25,48.0,154.0,24.0,160.0,60.0,2.25,81.0,108.0,4.917842006413093,155.0,157.25,189,-27.0,47.0,-0.14,155.0,1.0
07:41:17,155.0,24.0,159.59,29.0,154.0,12.0,278.67,15.0,4.590000000000003,36.0,44.0,1.1574670621836989,155.0,159.58999999999995,80,-8.0,-109.0,-0.1,157.0,4.0
07:41:18,155.47,30.0,159.82,55.0,154.55,22.0,217.64,22.0,4.349999999999994,52.0,77.0,0.7830708780436452,155.47,159.82,129,-25.0,49.0,-0.19,157.0,
07:41:19,153.94,32.0,207.0,32.0,152.88,41.0,379.2,20.0,53.06,73.0,52.0,10.5353106266518,153.94,207.0,125,21.0,-4.0,0.17,154.33,6.0
07:41:20,153.0,43.0,187.0,21.0,152.0,35.0,523.71,14.0,34.0,78.0,35.0,10.657942109058558,153.0,187.0,113,43.0,-12.0,0.38,153.0,2.0
07:41:21,153.58,48.0,163.31,32.0,152.64,55.0,313.7,23.0,9.72999999999999,103.0,55.0,10.253933391632884,153.58,163.31,158,48.0,45.0,0.3,153.0,
07:41:22,154.0,15.0,157.0,27.0,152.77,52.0,368.0,18.0,3.0,67.0,45.0,10.605591449798716,154.0,157.0,112,22.0,-46.0,0.2,154.0,3.0
07:41:23,153.67,18.0,156.93,42.0,152.65,102.0,305.14,28.0,3.2600000000000198,120.0,70.0,11.02256458361861,153.67,156.93,190,50.0,78.0,0.26,153.25,4.0
07:41:24,152.17,87.0,235.78,27.0,151.0,120.0,494.73,22.0,83.61000000000001,207.0,49.0,16.42053835901992,152.17,235.78,256,158.0,66.0,0.62,153.0,3.0
07:41:26,152.0,84.0,399.31,26.0,150.0,70.0,448.18,22.0,247.31,154.0,48.0,79.94556604340278,152.0,399.31,202,106.0,-6.0,0.52,153.0,
07:41:27,152.0,132.0,179.59,34.0,150.0,92.0,279.8,40.0,27.590000000000003,224.0,74.0,77.86858076271889,152.0,179.59,298,150.0,96.0,0.5,153.0,
07:41:28,152.0,156.0,168.69,52.0,150.0,104.0,184.75,32.0,16.689999999999998,260.0,84.0,76.75714507457971,152.0,168.69,344,176.0,46.0,0.51,153.0,
07:41:29,152.0,82.0,166.0,65.0,150.0,211.0,221.64,70.0,14.0,293.0,135.0,81.8734711612991,152.0,166.0,428,158.0,84.0,0.37,152.0,5.0
07:41:30,153.2,25.0,162.46,70.0,150.12,160.0,163.48,65.0,9.26000000000002,185.0,135.0,51.47848366065239,153.2,162.46,320,50.0,-108.0,0.16,152.0,
07:41:31,158.0,8.0,160.32,37.0,152.0,16.0,161.43,35.0,2.319999999999993,24.0,72.0,3.128646672291949,158.0,160.32,96,-48.0,-176.0,-0.5,152.0,
07:41:32,153.58,19.0,159.64,53.0,150.3,66.0,162.71,45.0,6.059999999999974,85.0,98.0,1.4220232065766596,153.58,159.64,183,-13.0,87.0,-0.07,158.0,1.0
07:41:33,152.0,22.0,157.45,44.0,150.0,88.0,160.0,44.0,5.449999999999989,110.0,88.0,1.8421264886109296,152.0,157.45,198,22.0,15.0,0.11,158.0,
07:41:34,154.0,30.0,155.0,40.0,152.95,84.0,160.0,40.0,1.0,114.0,80.0,1.9979814814060703,154.0,155.0,194,34.0,-4.0,0.18,158.0,
07:41:35,153.84,50.0,157.93,56.0,152.98,127.0,308.56,36.0,4.090000000000003,177.0,92.0,1.8761742989502308,153.84,157.93,269,85.0,75.0,0.32,154.0,8.0
07:41:36,152.33,54.0,157.9,40.0,151.11,18.0,236.12,34.0,5.569999999999993,72.0,74.0,0.8698678060722538,152.33000000000004,157.9,146,-2.0,-123.0,-0.01,152.0,4.0
07:41:37,152.0,8.0,156.25,32.0,150.0,16.0,157.5,32.0,4.25,24.0,64.0,0.6711184694527956,152.0,156.25,88,-40.0,-58.0,-0.45,152.0,
07:41:38,149.42,50.0,155.5,56.0,124.88,42.0,271.43,56.0,6.0800000000000125,92.0,112.0,1.2805779945166924,149.42,155.5,204,-20.0,116.0,-0.1,151.67,9.0
07:41:39,149.0,24.0,155.52,23.0,97.33,12.0,500.22,18.0,6.52000000000001,36.0,41.0,1.5966590118244202,149.0,155.52,77,-5.0,-127.0,-0.06,155.0,1.0
07:41:40,149.0,16.0,254.5,20.0,114.0,12.0,431.5,22.0,105.5,28.0,42.0,21.615097038876453,149.0,254.5,70,-14.0,-7.0,-0.2,152.6,5.0
07:41:42,160.0,24.0,376.77,26.0,155.38,16.0,665.62,16.0,216.77,40.0,42.0,99.00151327126312,160.0,376.77,82,-2.0,-31.0,-0.02,152.6,
07:41:43,159.29,14.0,209.0,10.0,156.6,10.0,210.0,20.0,49.71000000000001,24.0,30.0,93.45384031702548,159.29,209.0,54,-6.0,-28.0,-0.11,159.2,5.0
07:41:44,155.0,12.0,209.0,12.0,151.0,12.0,504.07,15.0,54.0,24.0,27.0,87.30746445751416,155.0,209.0,51,-3.0,-3.0,-0.06,159.2,
07:41:45,155.0,10.0,208.0,10.0,151.0,10.0,219.0,5.0,53.0,20.0,15.0,90.225770154652,155.0,208.0,35,5.0,-16.0,0.14,159.2,
07:41:46,155.0,24.0,207.0,24.0,151.0,24.0,444.58,33.0,52.0,48.0,57.0,38.57731820642883,155.0,207.0,105,-9.0,70.0,-0.09,155.0,2.0
07:41:47,149.94,17.0,207.0,14.0,134.0,13.0,516.12,8.0,57.06,30.0,22.0,2.0383866169233085,149.94,207.0,52,8.0,-53.0,0.15,150.33,3.0
07:41:48,141.26,23.0,205.56,18.0,57.69,13.0,324.67,18.0,64.30000000000001,36.0,36.0,3.5495816654995425,141.26,205.56,72,0.0,20.0,0.0,149.57,7.0
07:41:54,141.0,8.0,145.67,12.0,125.55,11.0,147.33,12.0,4.669999999999988,19.0,24.0,1.214401086964683,141.0,145.67,43,-5.0,-140.0,-0.12,145.0,3.0
07:41:57,144.33,61.0,148.33,27.0,143.18,17.0,369.55,20.0,4.0,78.0,47.0,1.7399195383759374,144.33,148.33,125,31.0,27.0,0.25,148.0,4.0
07:41:58,146.62,8.0,149.0,21.0,145.0,40.0,342.56,32.0,2.3799999999999955,48.0,53.0,2.44495807735493,146.62,149.0,101,-5.0,-24.0,-0.05,149.0,1.0
07:41:59,147.86,7.0,371.5,24.0,110.45,22.0,424.33,18.0,223.64,29.0,42.0,51.42644718430431,147.86,371.5,71,-13.0,-30.0,-0.18,149.0,2.0
07:42:00,150.0,19.0,201.45,44.0,149.31,13.0,417.88,32.0,51.44999999999999,32.0,76.0,49.37011869542189,150.0,201.45,108,-44.0,37.0,-0.41,149.0,
07:42:02,154.0,11.0,354.04,27.0,152.0,25.0,538.46,37.0,200.04,36.0,64.0,66.5190937250357,154.0,354.04,100,-28.0,56.0,-0.28,149.0,
07:42:03,152.67,9.0,296.9,21.0,150.67,27.0,408.33,42.0,144.23,36.0,63.0,49.60799381148257,152.67,296.9,99,-27.0,-1.0,-0.27,152.67,3.0
07:42:04,158.0,65.0,369.51,39.0,152.0,10.0,513.48,42.0,211.51,75.0,81.0,49.94185348983449,158.0,369.51,156,-6.0,57.0,-0.04,158.0,5.0
07:42:05,158.0,36.0,338.67,15.0,152.0,6.0,471.69,26.0,180.67,42.0,41.0,31.677956531318475,158.0,338.67,83,1.0,-73.0,0.01,158.0,
07:42:06,158.0,52.0,438.63,57.0,152.0,14.0,616.9,69.0,280.63,66.0,126.0,26.79091133201895,158.0,438.63,192,-60.0,109.0,-0.31,158.0,4.0
07:42:07,158.0,12.0,409.0,24.0,152.0,6.0,559.0,30.0,251.0,18.0,54.0,28.899848615522277,158.0,409.0,72,-36.0,-120.0,-0.5,158.0,
07:42:08,156.09,11.0,294.03,29.0,153.38,13.0,456.05,38.0,137.93999999999997,24.0,67.0,28.808984362523177,156.09,294.03,91,-43.0,19.0,-0.47,156.5,4.0
07:42:09,150.0,6.0,271.33,24.0,149.0,24.0,273.0,18.0,121.32999999999998,30.0,42.0,37.34393833007039,150.0,271.33,72,-12.0,-19.0,-0.17,151.4,5.0
07:42:10,150.93,29.0,266.89,38.0,149.53,17.0,272.33,36.0,115.95999999999998,46.0,74.0,42.43667835729013,150.93,266.89,120,-28.0,48.0,-0.23,151.4,
07:42:11,151.21,33.0,269.02,47.0,150.23,22.0,270.27,44.0,117.80999999999996,55.0,91.0,31.909009229371065,151.21,269.02,146,-36.0,26.0,-0.25,151.4,5.0
07:42:12,152.0,28.0,264.13,39.0,150.0,14.0,263.47,49.0,112.13,42.0,88.0,7.059534687221235,152.0,264.13,130,-46.0,-16.0,-0.35,151.4,
07:42:13,152.0,22.0,251.09,22.0,150.0,11.0,251.81,32.0,99.09,33.0,54.0,3.672951129552003,152.0,251.09000000000003,87,-21.0,-43.0,-0.24,151.4,
07:42:14,152.0,8.0,248.69,13.0,150.0,4.0,249.5,6.0,96.69,12.0,19.0,4.505748550471534,152.0,248.69,31,-7.0,-56.0,-0.23,151.4,
07:42:15,153.6,45.0,241.95,38.0,152.29,21.0,248.38,32.0,88.35,66.0,70.0,5.271418215250539,153.6,241.95,136,-4.0,105.0,-0.03,151.4,
07:42:16,154.77,39.0,228.46,28.0,153.58,38.0,239.49,35.0,73.69,77.0,63.0,5.970791404836824,154.77,228.46,140,14.0,4.0,0.1,151.4,
07:42:17,154.32,19.0,172.62,24.0,152.15,26.0,175.0,32.0,18.30000000000001,45.0,56.0,15.83375887147676,154.32,172.62,101,-11.0,-39.0,-0.11,154.0,4.0
07:42:18,160.0,11.0,169.85,13.0,154.0,22.0,171.47,34.0,9.849999999999994,33.0,47.0,18.02656179087031,160.0,169.84999999999997,80,-14.0,-21.0,-0.17,154.0,
07:42:19,160.0,13.0,165.57,42.0,154.0,26.0,166.06,32.0,5.569999999999993,39.0,74.0,17.11814621973016,160.0,165.57,113,-35.0,33.0,-0.31,154.0,
07:42:20,155.58,19.0,160.52,27.0,152.53,38.0,161.87,31.0,4.939999999999998,57.0,58.0,13.359582703065916,155.58,160.52,115,-1.0,2.0,-0.01,160.0,1.0
07:42:21,152.74,38.0,156.35,40.0,151.83,24.0,157.69,35.0,3.609999999999985,62.0,75.0,4.324434067025951,152.74,156.35,137,-13.0,22.0,-0.09,153.2,5.0
07:42:22,154.05,38.0,156.75,32.0,152.13,15.0,349.67,18.0,2.6999999999999886,53.0,50.0,4.557043998037965,154.05,156.75,103,3.0,-34.0,0.03,153.62,8.0
07:42:23,156.0,75.0,161.19,42.0,155.0,28.0,359.82,17.0,5.189999999999998,103.0,59.0,3.2388778921183947,156.0,161.19,162,44.0,59.0,0.27,156.0,3.0
07:42:24,156.79,29.0,228.43,14.0,154.57,28.0,463.93,41.0,71.64000000000001,57.0,55.0,16.174193952097166,156.79,228.43,112,2.0,-50.0,0.02,157.0,1.0
07:42:25,158.0,22.0,398.45,44.0,155.0,44.0,495.6,40.0,240.45,66.0,84.0,52.937037412383305,158.0,398.45,150,-18.0,38.0,-0.12,157.0,
07:42:26,158.0,14.0,414.0,28.0,155.0,28.0,592.0,28.0,256.0,42.0,56.0,63.77696269030129,158.0,414.0,98,-14.0,-52.0,-0.14,157.0,
07:42:27,155.33,36.0,374.76,34.0,153.0,24.0,468.28,25.0,219.43,60.0,59.0,57.01026109394776,155.33,374.76,119,1.0,21.0,0.01,158.0,2.0
07:42:28,155.64,42.0,339.0,40.0,153.98,41.0,414.0,40.0,183.36,83.0,80.0,37.23716248588366,155.64,339.0,163,3.0,44.0,0.02,158.0,
07:42:29,158.0,33.0,338.08,26.0,155.0,99.0,427.15,26.0,180.07999999999998,132.0,52.0,17.437269568372997,158.0,338.08,184,80.0,21.0,0.43,158.0,
07:42:30,158.0,36.0,189.33,12.0,155.0,108.0,299.92,12.0,31.330000000000013,144.0,24.0,42.36966520991282,158.0,189.33,168,120.0,-16.0,0.71,158.0,
07:42:31,158.0,36.0,172.57,21.0,155.0,138.0,176.89,53.0,14.569999999999991,174.0,74.0,46.64145184275554,158.0,172.57,248,100.0,80.0,0.4,158.0,1.0
07:42:32,155.27,66.0,171.15,13.0,154.31,87.0,172.48,21.0,15.879999999999995,153.0,34.0,44.15133327545244,155.27,171.15000000000003,187,119.0,-61.0,0.64,156.0,6.0
07:42:33,155.29,41.0,167.42,26.0,154.26,57.0,169.8,10.0,12.129999999999995,98.0,36.0,37.04212237440054,155.29,167.42000000000002,134,62.0,-53.0,0.46,156.0,
07:42:34,155.0,34.0,166.39,54.0,154.0,84.0,166.67,30.0,11.389999999999986,118.0,84.0,5.247883382856043,155.0,166.39,202,34.0,68.0,0.17,155.0,3.0
07:42:35,154.74,35.0,162.92,36.0,153.84,93.0,163.66,56.0,8.179999999999978,128.0,92.0,2.469105101054866,154.74,162.92,220,36.0,18.0,0.16,154.4,5.0
07:42:36,154.0,30.0,159.61,18.0,153.0,50.0,161.08,26.0,5.610000000000014,80.0,44.0,2.4501428529892584,154.0,159.61,124,36.0,-96.0,0.29,154.4,
07:42:37,154.0,27.0,157.22,9.0,153.0,45.0,159.0,9.0,3.219999999999999,72.0,18.0,2.4578852699126466,154.0,157.22,90,54.0,-34.0,0.6,154.4,
07:42:38,153.8,25.0,156.56,16.0,152.8,69.0,164.08,36.0,2.759999999999991,94.0,52.0,2.3101255377257908,153.8,156.56,146,42.0,56.0,0.29,154.0,3.0
07:42:39,153.0,45.0,159.22,45.0,152.0,158.0,311.8,15.0,6.219999999999999,203.0,60.0,1.432766554625134,153.0,159.22,263,143.0,117.0,0.54,154.0,
07:42:40,153.0,12.0,159.0,38.0,152.0,146.0,335.96,26.0,6.0,158.0,64.0,0.6074290082405115,153.0,159.0,222,94.0,-41.0,0.42,155.0,6.0
07:42:41,152.06,52.0,157.7,30.0,151.65,40.0,475.5,30.0,5.639999999999986,92.0,60.0,0.525670999820083,152.06,157.7,152,32.0,-70.0,0.21,152.2,5.0
07:42:42,152.0,89.0,156.23,39.0,149.04,25.0,486.56,43.0,4.22999999999999,114.0,82.0,0.82469388263263,152.0,156.23,196,32.0,44.0,0.16,152.0,1.0
07:42:43,152.0,39.0,194.21,42.0,149.33,21.0,306.0,30.0,42.21000000000001,60.0,72.0,8.017345570701929,152.0,194.21,132,-12.0,-64.0,-0.09,152.0,5.0
07:42:44,150.73,11.0,313.33,33.0,149.22,18.0,407.02,41.0,162.6,29.0,74.0,33.365618082092574,150.73,313.33,103,-45.0,-29.0,-0.44,152.0,
07:42:45,152.86,22.0,172.2,50.0,149.1,29.0,287.89,36.0,19.33999999999997,51.0,86.0,32.60262612122011,152.86,172.2,137,-35.0,34.0,-0.26,152.0,
07:42:46,150.0,9.0,172.14,37.0,149.0,18.0,173.02,41.0,22.139999999999983,27.0,78.0,31.7378216013649,150.0,172.14,105,-51.0,-32.0,-0.49,152.0,
07:42:47,151.92,25.0,170.72,58.0,149.86,14.0,172.19,59.0,18.80000000000001,39.0,117.0,30.607680735398187,151.92,170.72,156,-78.0,51.0,-0.5,152.0,
07:42:48,155.0,18.0,169.0,45.0,152.0,18.0,171.0,36.0,14.0,36.0,81.0,31.44435004893668,155.0,169.0,117,-45.0,-39.0,-0.38,152.0,
07:42:49,157.0,12.0,167.73,48.0,154.56,27.0,170.29,42.0,10.72999999999999,39.0,90.0,0.6391635158994449,157.0,167.73,129,-51.0,12.0,-0.4,152.0,
07:42:50,155.03,100.0,159.69,52.0,152.87,31.0,162.04,50.0,4.659999999999997,131.0,102.0,2.003002745893373,155.03,159.69,233,29.0,104.0,0.12,158.0,1.0
07:42:51,152.31,61.0,156.0,75.0,145.45,49.0,234.18,45.0,3.6899999999999977,110.0,120.0,3.5643793288671914,152.31,156.0,230,-10.0,-3.0,-0.04,154.08,12.0
07:42:52,150.41,37.0,154.61,41.0,146.47,60.0,233.9,31.0,4.200000000000017,97.0,72.0,4.466163902058999,150.41,154.61,169,25.0,-61.0,0.15,154.08,
07:42:53,151.0,28.0,152.81,36.0,150.0,140.0,283.65,17.0,1.8100000000000025,168.0,53.0,4.303779734146929,151.0,152.81,221,115.0,52.0,0.52,151.6,5.0
07:42:54,150.03,58.0,153.0,10.0,132.18,55.0,321.89,19.0,2.969999999999999,113.0,29.0,2.3872159517003446,150.03,153.0,142,84.0,-79.0,0.59,150.25,4.0
07:42:55,150.0,84.0,151.78,36.0,123.82,34.0,191.67,12.0,1.7800000000000011,118.0,48.0,1.2456042710475297,150.0,151.78,166,70.0,24.0,0.42,151.0,4.0
07:42:56,150.0,52.0,276.6,10.0,96.3,20.0,445.18,22.0,126.60000000000002,72.0,32.0,27.552403343448265,150.0,276.6,104,40.0,-62.0,0.38,150.75,4.0
07:42:58,156.0,20.0,272.82,11.0,155.0,75.0,641.0,17.0,116.82,95.0,28.0,70.91171800203463,156.0,272.82,123,67.0,-53.0,0.54,150.75,
07:42:59,156.25,16.0,165.0,16.0,155.0,60.0,172.0,16.0,8.75,76.0,32.0,69.09768990349883,156.25,165.0,108,44.0,-15.0,0.41,150.75,
07:43:00,157.71,28.0,278.29,28.0,155.0,105.0,553.0,28.0,120.58,133.0,56.0,59.98208999359802,157.71,278.29,189,77.0,81.0,0.41,150.75,
07:43:01,158.0,5.0,391.0,20.0,155.0,75.0,469.8,20.0,233.0,80.0,40.0,62.86116384541491,158.0,391.0,120,40.0,-69.0,0.33,158.0,3.0
07:43:02,155.06,99.0,295.0,36.0,153.08,76.0,362.67,36.0,139.94,175.0,72.0,40.45278939702537,155.06,295.0,247,103.0,127.0,0.42,155.6,5.0
07:43:03,155.0,143.0,220.56,57.0,152.0,136.0,317.62,52.0,65.56,279.0,109.0,42.81212071364937,155.0,220.56,388,170.0,141.0,0.44,155.6,
07:43:04,155.0,182.0,220.0,85.0,152.05,109.0,560.44,59.0,65.0,291.0,144.0,35.64964964764855,155.0,220.0,435,147.0,47.0,0.34,155.0,5.0
07:43:05,155.0,46.0,219.78,45.0,152.18,51.0,291.22,36.0,64.78,97.0,81.0,38.3000437336576,155.0,219.78,178,16.0,-176.0,0.09,155.0,2.0
07:43:06,153.65,49.0,218.47,75.0,152.13,89.0,341.75,48.0,64.82,138.0,123.0,16.938915844884384,153.65,218.47,261,15.0,83.0,0.06,155.0,4.0
07:43:07,154.33,12.0,216.12,40.0,152.28,36.0,241.0,8.0,61.78999999999999,48.0,48.0,1.0966631205939357,154.33,216.12,96,0.0,-165.0,0.0,154.0,5.0
07:43:08,155.73,22.0,214.67,60.0,152.03,72.0,294.17,12.0,58.94,94.0,72.0,1.1222432891626282,155.73,214.67,166,22.0,70.0,0.13,154.0,
07:43:09,158.0,84.0,210.64,69.0,153.0,14.0,220.83,42.0,52.63999999999999,98.0,111.0,1.1557465120303092,158.0,210.64,209,-13.0,43.0,-0.06,154.0,
07:43:10,158.0,48.0,209.0,40.0,153.0,8.0,211.0,32.0,51.0,56.0,72.0,0.9789892747470864,158.0,209.0,128,-16.0,-81.0,-0.12,154.0,
07:43:11,158.0,48.0,208.07,15.0,153.0,8.0,209.2,35.0,50.06999999999999,56.0,50.0,0.9897625978331956,158.0,208.07,106,6.0,-22.0,0.06,154.0,
07:43:12,158.0,77.0,206.06,34.0,153.4,30.0,206.45,31.0,48.06,107.0,65.0,1.2121179810848512,158.0,206.06,172,42.0,66.0,0.24,158.0,1.0
07:43:13,158.0,43.0,203.67,24.0,155.0,18.0,205.76,21.0,45.66999999999999,61.0,45.0,1.3518764736723594,158.0,203.67,106,16.0,-66.0,0.15,158.0,1.0
07:43:14,158.0,36.0,177.91,33.0,155.0,18.0,187.0,12.0,19.91,54.0,45.0,6.519740792398682,158.0,177.91,99,9.0,-7.0,0.09,158.0,
07:43:15,158.0,28.0,169.08,24.0,155.0,14.0,172.69,13.0,11.080000000000013,42.0,37.0,9.052512358459706,158.0,169.08,79,5.0,-20.0,0.06,158.0,
07:43:16,158.0,36.0,165.23,26.0,155.0,18.0,166.2,40.0,7.22999999999999,54.0,66.0,9.631200859709228,158.0,165.23,120,-12.0,41.0,-0.1,158.0,
07:43:17,158.0,28.0,162.5,22.0,155.0,14.0,163.11,19.0,4.5,42.0,41.0,8.344439465899544,158.0,162.5,83,1.0,-37.0,0.01,158.0,
07:43:18,157.53,19.0,159.95,38.0,154.54,13.0,161.08,26.0,2.4199999999999875,32.0,64.0,3.56113043850682,157.53,159.95,96,-32.0,13.0,-0.33,157.4,5.0
07:43:19,154.0,8.0,157.55,38.0,152.12,32.0,159.82,22.0,3.550000000000012,40.0,60.0,2.941662795097135,154.0,157.55,100,-20.0,4.0,-0.2,155.0,1.0
07:43:20,152.12,40.0,154.7,50.0,151.08,65.0,442.32,19.0,2.579999999999984,105.0,69.0,3.343015106166553,152.12,154.7,174,36.0,74.0,0.21,153.0,1.0
07:43:21,151.2,60.0,153.06,32.0,149.6,40.0,329.35,48.0,1.8600000000000136,100.0,80.0,3.4381782967229704,151.2,153.06,180,20.0,6.0,0.11,152.0,7.0
07:43:22,150.0,49.0,151.56,27.0,124.57,14.0,421.66,35.0,1.5600000000000025,63.0,62.0,3.1507253133296085,150.0,151.56,125,1.0,-55.0,0.01,151.0,3.0
07:43:23,130.24,17.0,151.25,24.0,119.89,19.0,582.59,51.0,21.00999999999999,36.0,75.0,5.794745033222267,130.24,151.25,111,-39.0,-14.0,-0.35,150.33,6.0
07:43:26,159.82,100.0,367.07,30.0,123.33,12.0,467.73,33.0,207.25,112.0,63.0,132.25752273500404,159.82,367.07,175,49.0,67.0,0.28,150.33,
07:43:27,160.0,63.0,350.57,14.0,150.86,7.0,370.86,29.0,190.57,70.0,43.0,115.64349411013195,160.0,350.57,113,27.0,-62.0,0.24,150.33,
07:43:28,160.0,81.0,321.08,24.0,150.78,9.0,369.47,36.0,161.07999999999998,90.0,60.0,88.33109378922087,160.0,321.08,150,30.0,37.0,0.2,160.0,5.0
07:43:29,160.0,48.0,199.83,36.0,150.0,12.0,330.71,45.0,39.83000000000001,60.0,81.0,62.04455415264186,160.0,199.83,141,-21.0,-9.0,-0.15,160.0,
07:43:30,160.0,46.0,197.08,49.0,153.83,46.0,198.4,50.0,37.08000000000001,92.0,99.0,41.28188682703453,160.0,197.08,191,-7.0,50.0,-0.04,160.0,2.0
07:43:31,160.0,22.0,193.52,27.0,154.67,36.0,195.03,31.0,33.52000000000001,58.0,58.0,38.44310991582339,160.0,193.52,116,0.0,-75.0,0.0,160.0,
07:43:32,160.0,24.0,188.83,18.0,155.0,36.0,190.57,23.0,28.830000000000013,60.0,41.0,28.307495120551906,160.0,188.83,101,19.0,-15.0,0.19,160.0,
07:43:33,155.0,26.0,184.67,27.0,154.0,40.0,186.04,24.0,29.669999999999987,66.0,51.0,3.9656247931520063,155.0,184.67,117,15.0,16.0,0.13,158.33,3.0
07:43:34,155.0,34.0,179.06,35.0,154.0,52.0,180.54,28.0,24.06,86.0,63.0,4.796772873511994,155.0,179.06,149,23.0,32.0,0.15,158.33,
07:43:35,157.0,35.0,172.64,42.0,154.35,43.0,173.59,41.0,15.639999999999986,78.0,83.0,4.981974508170327,157.0,172.64,161,-5.0,12.0,-0.03,158.33,
07:43:36,160.0,20.0,167.06,17.0,155.0,20.0,168.72,18.0,7.060000000000002,40.0,35.0,4.346611323785178,160.0,167.06,75,5.0,-86.0,0.07,158.33,
07:43:37,157.86,28.0,164.12,40.0,154.58,38.0,165.59,17.0,6.259999999999991,66.0,57.0,3.3702818873287304,157.86,164.12,123,9.0,48.0,0.07,160.0,2.0
07:43:38,155.0,33.0,160.86,28.0,154.0,44.0,161.71,34.0,5.860000000000014,77.0,62.0,3.517143727523051,155.0,160.86,139,15.0,16.0,0.11,160.0,
07:43:39,155.0,22.0,158.56,9.0,154.0,36.0,160.0,18.0,3.5600000000000023,58.0,27.0,3.465768313095045,155.0,158.56,85,31.0,-54.0,0.36,155.0,1.0
07:43:40,154.65,34.0,156.56,39.0,153.94,47.0,157.2,51.0,1.9099999999999968,81.0,90.0,3.241962368697813,154.65,156.56,171,-9.0,86.0,-0.05,155.0,2.0
07:43:41,153.16,51.0,156.91,54.0,152.44,32.0,157.43,21.0,3.75,83.0,75.0,2.360470292134984,153.16,156.91,158,8.0,-13.0,0.05,154.25,8.0
07:43:42,153.0,37.0,154.0,49.0,152.0,20.0,155.0,10.0,1.0,57.0,59.0,1.6890677902473192,153.0,154.0,116,-2.0,-42.0,-0.02,153.5,2.0
07:43:43,152.2,15.0,173.93,14.0,150.5,8.0,195.11,9.0,21.730000000000015,23.0,23.0,3.6955013191786974,152.2,173.93,46,0.0,-70.0,0.0,153.6,5.0
07:43:44,152.82,22.0,224.52,33.0,150.86,14.0,310.0,35.0,71.70000000000002,36.0,68.0,14.723995042109149,152.82,224.52,104,-32.0,58.0,-0.31,153.6,
