Time,Bid1_Price,Bid1_Volume,Ask1_Price,Ask1_Volume,Bid2_Price,Bid2_Volume,Ask2_Price,Ask2_Volume,Bid_Ask_Spread,Market_Depth_Bid,Market_Depth_Ask,Historical_Volatility,Weighted_Avg_Bid_Price,Weighted_Avg_Ask_Price,Total_volume,Cumulative_Volume_Difference,Total_Volume_Change_Corrected,Order_imbalance,Weighted_Avg_Price,Trade_Volume
07:30:03,174.0,20.0,190.0,8.0,138.0,24.0,554.5,8.0,16.0,44.0,16.0,,174.0,190.0,60,28.0,16.0,0.47,,
07:30:04,174.0,27.0,190.0,14.0,114.0,42.0,575.43,14.0,16.0,69.0,28.0,,174.0,190.0,97,41.0,37.0,0.42,174.0,4.0
07:30:05,174.0,4.0,190.0,8.0,128.8,30.0,364.0,8.0,16.0,34.0,16.0,15.00991272459638,174.0,190.0,50,18.0,-47.0,0.36,174.0,
07:30:06,174.0,11.0,189.0,17.0,131.71,84.0,234.47,19.0,15.0,95.0,36.0,15.343190020331509,174.0,189.0,131,59.0,81.0,0.45,174.0,1.0
07:30:08,159.79,14.0,182.0,18.0,157.45,49.0,187.0,9.0,22.210000000000008,63.0,27.0,13.648746462587704,159.79,182.0,90,36.0,-38.0,0.4,174.0,
07:30:09,162.0,8.0,176.27,15.0,161.0,48.0,236.69,13.0,14.27000000000001,56.0,28.0,12.802630589062554,162.0,176.27,84,28.0,-6.0,0.33,175.5,4.0
07:30:19,170.73,22.0,172.0,40.0,160.14,21.0,192.0,22.0,1.2700000000000102,43.0,62.0,2.089815781354847,170.73,172.0,105,-19.0,-5.0,-0.18,172.0,1.0
07:30:20,167.72,61.0,180.96,25.0,158.06,31.0,212.36,61.0,13.240000000000007,92.0,86.0,2.349308408872625,167.72,180.96,178,6.0,73.0,0.03,172.0,3.0
07:30:21,169.5,144.0,197.93,71.0,165.47,19.0,224.07,59.0,28.430000000000007,163.0,130.0,5.876875870732624,169.5,197.93,293,33.0,115.0,0.11,172.0,
07:30:22,170.61,62.0,175.58,26.0,166.29,14.0,180.07,70.0,4.969999999999999,76.0,96.0,5.362045318719267,170.61,175.57999999999998,172,-20.0,-121.0,-0.12,175.0,1.0
07:30:23,169.46,26.0,176.0,60.0,165.21,14.0,195.0,70.0,6.539999999999992,40.0,130.0,4.958319271688661,169.46,176.0,170,-90.0,-2.0,-0.53,176.0,1.0
07:30:24,172.0,40.0,176.0,32.0,166.0,8.0,194.38,32.0,4.0,48.0,64.0,4.594924373697475,172.0,176.0,112,-16.0,-58.0,-0.14,176.0,
07:30:25,172.0,25.0,176.0,20.0,166.4,5.0,190.56,9.0,4.0,30.0,29.0,4.620198047703058,172.0,176.0,59,1.0,-53.0,0.02,176.0,
07:30:26,172.0,60.0,175.73,44.0,167.0,12.0,187.38,47.0,3.7299999999999898,72.0,91.0,0.5882431470057768,172.0,175.73,163,-19.0,104.0,-0.12,176.0,
07:30:27,173.0,104.0,174.46,39.0,172.0,65.0,176.0,52.0,1.460000000000008,169.0,91.0,0.5340692838941885,173.0,174.46,260,78.0,97.0,0.3,176.0,
07:30:28,173.0,48.0,174.0,33.0,172.0,55.0,176.0,44.0,1.0,103.0,77.0,0.2102855201844382,173.0,174.0,180,26.0,-80.0,0.14,173.0,5.0
07:30:29,173.85,131.0,175.72,65.0,171.94,81.0,187.1,82.0,1.8700000000000043,212.0,147.0,0.490846208092948,173.85,175.72,359,65.0,161.5,0.18,173.0,3.0
07:30:30,174.09,79.0,176.0,55.0,173.31,105.0,189.0,75.0,1.9099999999999968,184.0,130.0,0.6853685140121404,174.09,176.0,314,54.0,-45.0,0.17,176.0,1.0
07:30:31,174.0,81.0,176.0,27.0,172.0,45.0,189.0,45.0,2.0,126.0,72.0,0.7382208341676583,174.0,176.0,198,54.0,-116.0,0.27,176.0,
07:30:32,174.0,48.0,176.0,21.0,172.0,35.0,189.0,35.0,2.0,83.0,56.0,0.6591509690497082,174.0,176.0,139,27.0,-59.0,0.19,174.0,6.0
07:30:33,174.0,26.0,176.0,30.0,172.0,50.0,189.0,50.0,2.0,76.0,80.0,0.0998999499456741,174.0,176.0,156,-4.0,17.0,-0.03,174.0,2.0
07:30:34,174.0,11.0,182.34,41.0,172.0,55.0,189.41,39.0,8.340000000000003,66.0,80.0,1.4133011002610434,174.0,182.34,146,-14.0,-10.0,-0.1,176.0,3.0
07:30:35,174.0,12.0,187.1,20.0,172.0,60.0,187.52,52.0,13.099999999999994,72.0,72.0,2.5319814375305043,174.0,187.1,144,0.0,-2.0,0.0,176.0,
07:30:36,173.27,11.0,184.47,19.0,170.09,67.0,186.91,47.0,11.199999999999989,78.0,66.0,2.4559458463082997,173.27,184.47,144,12.0,0.0,0.08,172.4,5.0
07:30:37,172.0,8.0,184.0,40.0,168.0,64.0,185.0,8.0,12.0,72.0,48.0,2.013621116297439,172.0,184.0,120,24.0,-24.0,0.2,172.4,
07:30:38,172.0,12.0,183.6,45.0,168.0,96.0,183.82,33.0,11.599999999999994,108.0,78.0,1.1213696981811585,172.0,183.6,186,30.0,66.0,0.16,172.4,
07:30:39,172.09,11.0,180.94,17.0,168.05,81.0,181.89,38.0,8.849999999999994,92.0,55.0,1.4903254678085989,172.09,180.94,147,37.0,-39.0,0.25,172.4,
07:30:40,173.65,20.0,178.6,78.0,172.0,20.0,180.0,43.0,4.949999999999989,40.0,121.0,1.12335657740496,173.65,178.6,161,-81.0,14.0,-0.5,172.4,
07:30:41,174.0,15.0,175.74,47.0,172.0,15.0,177.3,40.0,1.740000000000009,30.0,87.0,1.2844960101141014,174.0,175.74,117,-57.0,-44.0,-0.49,175.0,4.0
07:30:42,172.25,16.0,180.04,24.0,169.61,114.0,195.29,28.0,7.789999999999992,130.0,52.0,1.0481555228109427,172.25,180.04,182,78.0,65.0,0.43,175.0,2.0
07:30:43,172.22,18.0,181.0,10.0,170.8,40.0,182.0,45.0,8.780000000000001,58.0,55.0,0.6969791962455538,172.22,181.0,113,3.0,-69.0,0.03,170.5,4.0
07:30:44,175.0,13.0,178.2,44.0,173.0,39.0,180.33,48.0,3.1999999999999886,52.0,92.0,0.7110696168442957,175.0,178.2,144,-40.0,31.0,-0.28,170.5,
07:30:45,175.0,9.0,176.0,36.0,173.28,36.0,177.0,27.0,1.0,45.0,63.0,0.7528147182402202,175.0,176.0,108,-18.0,-36.0,-0.17,170.5,
07:30:46,174.17,24.0,175.78,36.0,172.78,41.0,177.24,17.0,1.6100000000000136,65.0,53.0,0.7175862317513536,174.17,175.78,118,12.0,10.0,0.1,174.2,5.0
07:30:47,172.5,20.0,178.17,12.0,170.62,58.0,183.88,40.0,5.669999999999988,78.0,52.0,0.7576080780978515,172.5,178.17,130,26.0,12.0,0.2,174.2,
07:30:48,176.6,10.0,184.79,38.0,171.18,33.0,315.03,39.0,8.189999999999998,43.0,77.0,2.3561769882585253,176.6,184.79,120,-34.0,-10.0,-0.28,180.5,2.0
07:30:49,170.68,57.0,181.95,21.0,168.11,35.0,185.65,49.0,11.269999999999982,92.0,70.0,2.360036016674114,170.68,181.95,162,22.0,42.0,0.14,177.5,2.0
07:30:50,169.0,36.0,179.0,9.0,163.0,16.0,183.0,18.0,10.0,52.0,27.0,2.6107987283586302,169.0,179.0,79,25.0,-83.0,0.32,177.5,
07:30:51,173.36,11.0,178.77,13.0,169.52,29.0,182.81,21.0,5.409999999999997,40.0,34.0,2.519458275105787,173.36,178.77,74,6.0,-5.0,0.08,177.5,
07:30:52,171.91,23.0,175.64,44.0,170.96,71.0,177.55,49.0,3.7299999999999898,94.0,93.0,2.78081822491134,171.91,175.64,187,1.0,113.0,0.01,177.5,
07:30:53,171.73,110.0,173.73,37.0,170.51,49.0,174.9,31.0,2.0,159.0,68.0,1.5542425808088098,171.73,173.73,227,91.0,40.0,0.4,173.0,2.0
07:30:54,173.0,44.0,175.96,25.0,172.0,130.0,181.85,41.0,2.960000000000008,174.0,66.0,1.2207170024208165,173.0,175.96,240,108.0,13.0,0.45,173.0,3.0
07:30:55,174.67,24.0,181.0,12.0,172.0,120.0,182.0,60.0,6.3300000000000125,144.0,72.0,2.0054376081043315,174.67,181.0,216,72.0,-24.0,0.33,173.0,
07:30:56,172.37,76.0,180.62,16.0,171.5,80.0,181.98,66.0,8.25,156.0,82.0,2.0721896631339547,172.37,180.62,238,74.0,22.0,0.31,173.33,6.0
07:30:57,172.0,67.0,179.0,36.0,171.0,48.0,181.0,12.0,7.0,115.0,48.0,1.942928202481807,172.0,179.0,163,67.0,-75.0,0.41,172.0,1.0
07:30:58,172.53,43.0,179.0,21.0,171.48,31.0,181.0,7.0,6.469999999999999,74.0,28.0,1.2460858718399426,172.53,179.0,102,46.0,-61.0,0.45,173.0,5.0
07:30:59,174.0,72.0,178.9,30.0,172.0,60.0,180.0,18.0,4.900000000000006,132.0,48.0,0.9032995073612364,174.0,178.9,180,84.0,78.0,0.47,173.0,
07:31:00,174.0,72.0,176.58,12.0,172.0,60.0,179.0,36.0,2.5800000000000125,132.0,48.0,0.5503362608434136,174.0,176.58,180,84.0,0.0,0.47,173.0,
07:31:01,173.47,85.0,177.62,16.0,171.82,57.0,180.78,40.0,4.150000000000006,142.0,56.0,0.4464526850620674,173.47,177.62,198,86.0,18.0,0.43,175.0,1.0
07:31:02,175.0,50.0,181.0,10.0,174.0,10.0,182.0,30.0,6.0,60.0,40.0,1.0882646736888408,175.0,181.0,100,20.0,-98.0,0.2,175.0,
07:31:03,176.12,86.0,180.67,18.0,175.64,78.0,181.95,38.0,4.549999999999983,164.0,56.0,1.4064778704263403,176.12,180.67,220,108.0,120.0,0.49,175.0,
07:31:04,177.48,142.0,180.0,54.0,176.39,94.0,181.0,63.0,2.5200000000000102,236.0,117.0,1.643024649845207,177.48,180.0,353,119.0,133.0,0.34,178.0,5.0
07:31:05,179.0,90.0,180.0,30.0,177.0,50.0,181.0,40.0,1.0,140.0,70.0,1.4954698258403083,179.0,180.0,210,70.0,-143.0,0.33,178.0,
07:31:06,179.7,50.0,180.91,35.0,178.62,52.0,183.73,44.0,1.210000000000008,102.0,79.0,0.9226429428542284,179.7,180.91,181,23.0,-29.0,0.13,179.0,3.0
07:31:07,180.0,50.0,181.0,40.0,179.0,60.0,184.0,50.0,1.0,110.0,90.0,0.9307362676927556,180.0,181.0,200,20.0,19.0,0.1,179.0,
07:31:08,180.0,50.0,181.0,40.0,179.0,60.0,187.9,10.0,1.0,110.0,50.0,0.7734985455697845,180.0,181.0,160,60.0,-40.0,0.38,179.0,
07:31:09,180.0,46.0,181.0,40.0,179.0,60.0,184.0,10.0,1.0,106.0,50.0,0.4338432896778847,180.0,181.0,156,56.0,-4.0,0.36,180.0,1.0
07:31:10,179.52,52.0,181.0,40.0,178.26,34.0,184.0,10.0,1.4799999999999898,86.0,50.0,0.1190798051665661,179.52,181.0,136,36.0,-20.0,0.26,179.8,5.0
07:31:11,179.92,79.0,181.15,20.0,176.5,32.0,254.4,10.0,1.2300000000000182,111.0,30.0,0.1131370849832285,179.92,181.15,141,81.0,5.0,0.57,181.0,3.0
07:31:12,175.2,25.0,184.0,8.0,174.89,28.0,360.0,32.0,8.800000000000011,53.0,40.0,0.3959797974625971,175.2,184.0,93,13.0,-48.0,0.14,175.0,5.0
07:31:13,177.51,83.0,180.64,25.0,175.52,31.0,214.23,22.0,3.1299999999999955,114.0,47.0,0.6391244010351503,177.51,180.64,161,67.0,68.0,0.42,180.0,2.0
07:31:14,178.35,23.0,181.0,11.0,177.86,43.0,182.47,19.0,2.6500000000000057,66.0,30.0,0.5798879202040275,178.35,181.0,96,36.0,-65.0,0.38,180.0,
07:31:15,179.0,10.0,181.36,14.0,178.0,50.0,182.03,72.0,2.3600000000000136,60.0,86.0,0.5659240231679156,179.0,181.36,146,-26.0,50.0,-0.18,180.0,
07:31:16,179.71,21.0,182.0,45.0,178.09,33.0,183.0,18.0,2.289999999999992,54.0,63.0,0.6761878437228528,179.71,182.0,117,-9.0,-29.0,-0.08,180.0,
07:31:17,180.67,42.0,182.0,50.0,178.0,10.0,183.0,20.0,1.3300000000000125,52.0,70.0,0.9039192441797748,180.67,182.0,122,-18.0,5.0,-0.15,181.0,5.0
07:31:18,179.0,10.0,182.0,50.0,174.0,10.0,183.0,20.0,3.0,20.0,70.0,0.6343264143944377,179.0,182.0,90,-50.0,-32.0,-0.56,181.0,
07:31:19,172.25,84.0,182.0,60.0,170.11,111.0,183.0,24.0,9.75,195.0,84.0,1.6647282060440236,172.25,182.0,279,111.0,161.5,0.4,174.25,4.0
07:31:20,172.91,55.0,182.0,60.0,172.02,87.0,183.0,24.0,9.090000000000003,142.0,84.0,2.003364669749022,172.91,182.0,226,58.0,-53.0,0.26,174.25,
07:31:21,175.98,45.0,182.19,42.0,174.29,17.0,196.57,23.0,6.210000000000008,62.0,65.0,1.842289336667456,175.98,182.19,127,-3.0,-99.0,-0.02,174.25,
07:31:22,175.73,33.0,181.94,64.0,172.1,202.0,182.79,19.0,6.210000000000008,235.0,83.0,1.3607093738189038,175.73,181.94,318,152.0,161.5,0.48,176.0,4.0
07:31:23,177.07,41.0,180.4,60.0,175.87,31.0,182.0,60.0,3.3300000000000125,72.0,120.0,0.8919248847289004,177.07,180.4,192,-48.0,-126.0,-0.25,177.12,8.0
07:31:24,174.0,176.0,178.88,64.0,172.0,112.0,181.56,64.0,4.879999999999996,288.0,128.0,1.1270181897372726,174.0,178.88,416,160.0,161.5,0.38,177.12,
07:31:25,174.0,154.0,176.88,17.0,172.0,98.0,178.21,56.0,2.8799999999999955,252.0,73.0,1.6551374565270096,174.0,176.88,325,179.0,-91.0,0.55,177.12,
07:31:26,172.43,206.0,175.85,13.0,171.16,172.0,178.0,52.0,3.4199999999999875,378.0,65.0,2.055825868112069,172.43,175.84999999999997,443,313.0,118.0,0.71,177.12,
07:31:27,172.4,30.0,174.23,31.0,171.93,219.0,177.47,34.0,1.829999999999984,249.0,65.0,2.1192876161575587,172.4,174.23,314,184.0,-129.0,0.59,177.12,
07:31:28,172.31,26.0,174.0,56.0,171.36,141.0,177.57,14.0,1.6899999999999975,167.0,70.0,1.4155670241987337,172.31,174.0,237,97.0,-77.0,0.41,172.25,4.0
07:31:29,172.0,24.0,173.83,48.0,171.0,180.0,180.75,12.0,1.8300000000000125,204.0,60.0,1.0297912409799046,172.0,173.83,264,144.0,27.0,0.55,172.25,
07:31:30,171.0,195.0,179.15,13.0,170.0,195.0,181.69,52.0,8.150000000000006,390.0,65.0,0.8886787946153206,171.0,179.15000000000003,455,325.0,161.5,0.71,172.0,2.0
07:31:31,171.0,195.0,180.35,43.0,170.0,195.0,181.6,25.0,9.349999999999994,390.0,68.0,1.256674182116788,171.0,180.35,458,322.0,3.0,0.7,179.0,2.0
07:31:32,171.97,80.0,178.44,36.0,170.79,120.0,179.27,30.0,6.469999999999999,200.0,66.0,1.2731967640545077,171.97,178.44,266,134.0,-162.5,0.5,179.0,
07:31:33,175.01,144.0,176.52,42.0,171.81,164.0,177.62,53.0,1.510000000000019,308.0,95.0,1.161270855571103,175.01,176.52,403,213.0,137.0,0.53,176.0,2.0
07:31:34,175.25,80.0,177.47,38.0,174.18,131.0,179.33,54.0,2.219999999999999,211.0,92.0,0.508005905476262,175.25,177.47,303,119.0,-100.0,0.39,176.0,2.0
07:31:35,175.0,120.0,178.0,36.0,174.0,48.0,182.0,48.0,3.0,168.0,84.0,0.5285546329365852,175.0,178.0,252,84.0,-51.0,0.33,176.0,
07:31:36,175.33,90.0,178.0,36.0,174.71,84.0,182.0,48.0,2.6699999999999875,174.0,84.0,0.6028017916352736,175.33,178.0,258,90.0,6.0,0.35,176.0,
07:31:37,176.24,84.0,179.23,52.0,174.95,148.0,182.08,52.0,2.9899999999999807,232.0,104.0,0.7138137011844345,176.24,179.23,336,128.0,78.0,0.38,178.0,3.0
07:31:38,175.48,42.0,182.0,36.0,174.9,40.0,183.0,9.0,6.52000000000001,82.0,45.0,1.015997047239098,175.48,182.0,127,37.0,-162.5,0.29,176.5,4.0
07:31:39,175.0,60.0,182.0,24.0,174.0,24.0,189.67,12.0,7.0,84.0,36.0,1.0243876219471446,175.0,182.0,120,48.0,-7.0,0.4,176.5,
07:31:40,175.0,80.0,182.0,32.0,174.0,32.0,324.23,35.0,7.0,112.0,67.0,0.8493350340110094,175.0,182.0,179,45.0,59.0,0.25,176.5,
07:31:41,175.0,152.0,181.75,64.0,174.0,64.0,261.32,73.0,6.75,216.0,137.0,0.3809199390927579,175.0,181.75,353,79.0,161.5,0.22,175.0,4.0
07:31:42,175.0,72.0,181.0,48.0,174.0,48.0,182.0,48.0,6.0,120.0,96.0,0.2707027890480964,175.0,181.0,216,24.0,-137.0,0.11,175.0,
07:31:43,175.0,42.0,181.0,28.0,174.0,28.0,182.0,56.0,6.0,70.0,84.0,0.2566709956314524,175.0,181.0,154,-14.0,-62.0,-0.09,175.0,
07:31:44,175.0,42.0,181.0,28.0,174.0,28.0,182.0,56.0,6.0,70.0,84.0,0.2447039027037742,175.0,181.0,154,-14.0,0.0,-0.09,175.0,
07:31:45,175.0,60.0,179.6,40.0,174.0,40.0,181.67,60.0,4.599999999999994,100.0,100.0,0.3917652358217794,175.0,179.6,200,0.0,46.0,0.0,175.0,
07:31:46,176.2,45.0,178.93,56.0,175.16,67.0,181.0,62.0,2.730000000000018,112.0,118.0,0.3254535297066533,176.2,178.93,230,-6.0,30.0,-0.03,178.0,3.0
07:31:47,175.25,84.0,180.86,88.0,174.33,72.0,286.28,72.0,5.610000000000014,156.0,160.0,0.3368679266396822,175.25,180.86,316,-4.0,86.0,-0.01,178.0,1.0
07:31:48,175.19,52.0,178.66,64.0,174.52,58.0,183.61,76.0,3.469999999999999,110.0,140.0,0.4797082446639377,175.19,178.66,250,-30.0,-66.0,-0.12,176.0,2.0
07:31:49,175.0,48.0,178.0,40.0,174.0,32.0,180.25,28.0,3.0,80.0,68.0,0.5967579073616154,175.0,178.0,148,12.0,-102.0,0.08,176.0,
07:31:50,176.06,36.0,178.0,70.0,174.9,80.0,180.0,42.0,1.9399999999999975,116.0,112.0,0.6052933173252661,176.06,178.0,228,4.0,80.0,0.02,176.0,
07:31:51,175.46,39.0,178.0,45.0,174.6,50.0,180.0,30.0,2.539999999999992,89.0,75.0,0.600474812126756,175.46,178.0,164,14.0,-64.0,0.09,177.5,2.0
07:31:52,175.0,30.0,178.0,20.0,173.2,20.0,180.0,15.0,3.0,50.0,35.0,0.2406865181075297,175.0,178.0,85,15.0,-79.0,0.18,177.5,
07:31:53,175.15,47.0,178.0,43.0,173.55,58.0,180.0,36.0,2.8499999999999943,105.0,79.0,0.224120503298432,175.15000000000003,178.0,184,26.0,99.0,0.14,178.0,1.0
07:31:54,175.0,78.0,178.0,39.0,172.89,36.0,180.0,39.0,3.0,114.0,78.0,0.224120503298432,175.0,178.0,192,36.0,8.0,0.19,178.0,
07:31:55,175.0,60.0,176.22,37.0,174.0,20.0,177.55,22.0,1.2199999999999989,80.0,59.0,0.4416672955956741,175.0,176.22,139,21.0,-53.0,0.15,178.0,
07:31:56,175.0,54.0,176.0,38.0,174.0,20.0,178.17,23.0,1.0,74.0,61.0,0.5325692443230852,175.0,176.0,135,13.0,-4.0,0.1,175.5,4.0
07:31:57,174.06,34.0,176.0,28.0,172.0,52.0,180.0,42.0,1.9399999999999975,86.0,70.0,0.669529685674158,174.06,176.0,156,16.0,21.0,0.1,173.33,3.0
07:31:58,174.1,10.0,176.0,16.0,171.91,22.0,180.0,24.0,1.9000000000000057,32.0,40.0,0.5975533448981941,174.1,176.0,72,-8.0,-84.0,-0.11,175.0,1.0
07:31:59,172.0,30.0,176.0,20.0,169.0,70.0,180.0,30.0,4.0,100.0,50.0,0.6360581734394865,172.0,176.0,150,50.0,78.0,0.33,175.0,
07:32:00,172.0,30.0,173.67,27.0,169.0,77.0,177.86,28.0,1.6699999999999875,107.0,55.0,1.0747883512577372,172.0,173.66999999999996,162,52.0,12.0,0.32,172.0,1.0
07:32:01,169.86,49.0,173.14,42.0,168.83,59.0,178.12,32.0,3.2799999999999727,108.0,74.0,1.5228821359512816,169.86,173.14,182,34.0,20.0,0.19,172.0,2.0
07:32:02,169.0,61.0,172.75,48.0,168.0,30.0,178.09,46.0,3.75,91.0,94.0,1.7223733625436075,169.0,172.75,185,-3.0,3.0,-0.02,169.43,7.0
07:32:03,169.29,34.0,176.32,25.0,168.3,23.0,178.23,39.0,7.030000000000001,57.0,64.0,1.2281408713986743,169.29,176.32,121,-7.0,-64.0,-0.06,169.43,
07:32:04,168.38,39.0,172.0,14.0,167.08,39.0,177.0,42.0,3.620000000000005,78.0,56.0,1.170969683638354,168.38,172.0,134,22.0,13.0,0.16,169.0,3.0
07:32:05,167.0,56.0,175.56,34.0,112.23,31.0,179.58,55.0,8.560000000000002,87.0,89.0,0.964867866601528,167.0,175.56,176,-2.0,42.0,-0.01,172.0,1.0
07:32:06,167.93,54.0,174.0,28.0,82.0,64.0,177.0,56.0,6.069999999999993,118.0,84.0,0.9715606002716516,167.93000000000004,174.0,202,34.0,26.0,0.17,172.0,
07:32:07,167.31,32.0,172.09,44.0,166.15,26.0,174.72,47.0,4.780000000000001,58.0,91.0,1.1938886045189767,167.31,172.09,149,-33.0,-53.0,-0.22,172.0,
07:32:24,163.81,63.0,172.0,27.0,162.97,62.0,173.0,81.0,8.189999999999998,125.0,108.0,0.9511729600873016,163.81,172.0,233,17.0,90.0,0.07,172.0,
07:32:25,164.28,29.0,173.0,63.0,163.49,41.0,174.0,7.0,8.719999999999999,70.0,70.0,1.2502319784748717,164.28,173.0,140,0.0,-93.0,0.0,172.0,
07:32:26,165.2,25.0,172.67,54.0,164.01,139.0,173.05,85.0,7.469999999999999,164.0,139.0,1.3656024311640222,165.2,172.66999999999996,303,25.0,161.5,0.08,172.0,
07:32:29,170.86,35.0,173.44,50.0,164.47,43.0,174.48,83.0,2.579999999999984,78.0,133.0,1.5525946025929234,170.86,173.44,211,-55.0,-162.5,-0.26,171.5,6.0
07:32:30,163.87,62.0,173.78,96.0,162.46,112.0,175.25,96.0,9.909999999999997,174.0,192.0,1.5262437551061956,163.87,173.78,366,-18.0,155.0,-0.05,173.0,6.0
07:32:31,166.0,11.0,174.0,76.0,164.51,47.0,198.69,49.0,8.0,58.0,125.0,1.481779335798895,166.0,174.0,183,-67.0,-162.5,-0.37,173.0,
07:32:32,167.3,10.0,174.0,110.0,165.0,40.0,427.57,14.0,6.699999999999989,50.0,124.0,1.225491738038455,167.3,174.0,174,-74.0,-9.0,-0.43,173.0,
07:32:33,168.75,36.0,173.04,126.0,165.82,57.0,178.22,81.0,4.289999999999992,93.0,207.0,1.2181871777360302,168.75,173.04,300,-114.0,126.0,-0.38,173.0,
07:32:38,171.0,29.0,172.0,11.0,166.0,110.0,174.0,66.0,1.0,139.0,77.0,1.322093037573629,171.0,172.0,216,62.0,22.0,0.29,171.0,2.0
07:32:39,171.0,12.0,172.0,12.0,166.08,120.0,174.0,72.0,1.0,132.0,84.0,1.6429911746569483,171.0,172.0,216,48.0,0.0,0.22,171.0,
07:32:40,171.0,11.0,172.0,39.0,167.0,110.0,173.09,22.0,1.0,121.0,61.0,1.7234616328774368,171.0,172.0,182,60.0,-34.0,0.33,171.0,
07:32:41,168.14,14.0,172.33,18.0,166.9,41.0,359.92,13.0,4.190000000000026,55.0,31.0,1.2020316135611897,168.14,172.33,86,24.0,-96.0,0.28,171.86,7.0
07:32:42,167.0,100.0,173.0,20.0,163.0,10.0,320.9,21.0,6.0,110.0,41.0,0.7606050223345079,167.0,173.0,151,69.0,65.0,0.46,171.86,
07:32:46,165.3,20.0,174.14,21.0,162.06,70.0,207.58,24.0,8.839999999999975,90.0,45.0,1.0244364304341704,165.3,174.14,135,45.0,-9.0,0.33,170.5,4.0
07:32:47,167.26,27.0,273.58,31.0,165.8,20.0,505.67,24.0,106.32,47.0,55.0,23.086369788253844,167.26,273.58,102,-8.0,-33.0,-0.08,170.5,
07:32:50,173.05,21.0,383.25,24.0,171.78,64.0,416.25,24.0,210.2,85.0,48.0,68.10456350348336,173.05,383.25,133,37.0,13.0,0.28,170.5,
07:32:51,175.0,16.0,431.03,38.0,173.95,19.0,551.22,32.0,256.03,35.0,70.0,43.79097372747034,175.0,431.03,105,-35.0,-28.0,-0.33,170.5,
07:32:52,181.76,102.0,415.24,42.0,176.35,20.0,428.33,36.0,233.48,122.0,78.0,20.0099680159664,181.76,415.24000000000007,200,44.0,95.0,0.22,182.0,5.0
07:32:54,182.0,99.0,262.36,22.0,181.0,11.0,723.73,55.0,80.36000000000001,110.0,77.0,56.5287180997411,182.0,262.36,187,33.0,136.0,0.18,182.0,
07:32:55,182.0,72.0,309.45,22.0,181.0,8.0,631.45,31.0,127.45,80.0,53.0,60.82056124371096,182.0,309.45,133,27.0,-54.0,0.2,182.0,
07:32:56,182.0,81.0,325.62,39.0,181.0,9.0,383.07,27.0,143.62,90.0,66.0,62.10890008686351,182.0,325.62,156,24.0,23.0,0.15,182.0,
07:32:57,182.0,108.0,346.42,48.0,181.0,12.0,416.31,51.0,164.42000000000002,120.0,99.0,61.43500101733532,182.0,346.42,219,21.0,63.0,0.1,182.0,
07:32:58,182.0,72.0,277.64,22.0,181.0,8.0,357.43,35.0,95.64,80.0,57.0,17.184625395974777,182.0,277.64,137,23.0,-82.0,0.17,182.0,
07:32:59,182.0,63.0,195.8,20.0,181.0,9.0,308.67,36.0,13.800000000000011,72.0,56.0,29.423864973860567,182.0,195.8,128,16.0,-9.0,0.12,182.0,4.0
07:33:00,182.0,40.0,193.62,32.0,181.0,8.0,329.92,37.0,11.620000000000005,48.0,69.0,35.62631822122481,182.0,193.62,117,-21.0,-11.0,-0.18,182.0,5.0
07:33:01,178.22,60.0,192.19,32.0,177.11,56.0,220.69,52.0,13.97,116.0,84.0,34.91828274700762,178.22,192.19,200,32.0,83.0,0.16,179.86,7.0
07:33:02,178.0,90.0,188.43,35.0,175.0,30.0,189.22,27.0,10.430000000000009,120.0,62.0,19.59835375739415,178.0,188.43,182,58.0,-18.0,0.32,179.86,
07:33:03,178.56,143.0,184.24,41.0,177.32,93.0,185.71,34.0,5.680000000000007,236.0,75.0,3.1164130021488203,178.56,184.24,311,161.0,129.0,0.52,179.86,
07:33:04,180.0,10.0,183.33,36.0,179.0,100.0,184.31,26.0,3.3300000000000125,110.0,62.0,2.677138397610727,180.0,183.33,172,48.0,-139.0,0.28,179.86,
07:33:05,179.04,81.0,180.95,41.0,178.77,39.0,181.95,43.0,1.9099999999999968,120.0,84.0,1.986260305186908,179.04,180.95,204,36.0,32.0,0.18,179.67,3.0
07:33:06,179.0,85.0,180.24,51.0,178.0,13.0,197.73,41.0,1.240000000000009,98.0,92.0,1.436930756842799,179.0,180.24,190,6.0,-14.0,0.03,179.0,7.0
07:33:07,179.0,14.0,181.86,42.0,178.0,14.0,337.72,18.0,2.8600000000000136,28.0,60.0,0.8865494909820917,179.0,181.86,88,-32.0,-102.0,-0.36,179.0,
07:33:08,178.92,12.0,181.32,34.0,177.58,19.0,424.39,18.0,2.4000000000000057,31.0,52.0,0.7846846500094824,178.92,181.32,83,-21.0,-5.0,-0.25,179.0,1.0
07:33:09,178.17,48.0,219.33,24.0,176.97,116.0,293.96,25.0,41.160000000000025,164.0,49.0,8.372405269691733,178.17,219.33,213,115.0,130.0,0.54,178.0,1.0
07:33:10,177.47,76.0,199.09,22.0,176.6,40.0,225.43,37.0,21.620000000000005,116.0,59.0,8.253735517931418,177.47,199.09000000000003,175,57.0,-38.0,0.33,180.0,4.0
07:33:11,177.0,68.0,198.22,18.0,176.0,18.0,255.33,18.0,21.22,86.0,36.0,7.59218479753775,177.0,198.22,122,50.0,-53.0,0.41,177.0,2.0
07:33:12,177.0,41.0,195.0,31.0,176.0,22.0,196.89,38.0,18.0,63.0,69.0,6.74114011128413,177.0,195.0,132,-6.0,10.0,-0.05,177.0,5.0
07:33:13,177.0,15.0,191.37,60.0,176.0,30.0,192.78,45.0,14.370000000000005,45.0,105.0,5.695149690742475,177.0,191.37,150,-60.0,18.0,-0.4,177.0,
07:33:14,177.0,12.0,185.42,43.0,176.0,24.0,187.34,47.0,8.419999999999987,36.0,90.0,2.8533892128419085,177.0,185.42,126,-54.0,-24.0,-0.43,177.0,
07:33:15,176.98,99.0,180.64,78.0,175.97,35.0,182.22,65.0,3.6599999999999966,134.0,143.0,3.5645995567471096,176.98000000000002,180.64,277,-9.0,151.0,-0.03,177.0,4.0
07:33:16,177.0,22.0,178.81,68.0,176.0,28.0,181.41,34.0,1.8100000000000025,50.0,102.0,3.4511085175579037,177.0,178.81,152,-52.0,-125.0,-0.34,177.0,4.0
07:33:17,176.09,35.0,177.74,95.0,175.27,22.0,375.49,70.0,1.6500000000000057,57.0,165.0,2.9203886727557014,176.09,177.73999999999998,222,-108.0,70.0,-0.49,177.0,1.0
07:33:18,175.64,14.0,177.0,50.0,174.33,15.0,341.6,40.0,1.3600000000000136,29.0,90.0,1.9180849824653243,175.64,177.0,119,-61.0,-103.0,-0.51,175.0,3.0
07:33:19,174.43,14.0,177.0,50.0,172.1,42.0,271.0,40.0,2.569999999999993,56.0,90.0,1.238567721183788,174.43,177.0,146,-34.0,27.0,-0.23,175.0,
07:33:20,173.43,14.0,270.25,48.0,171.94,51.0,414.45,44.0,96.82,65.0,92.0,20.198896752049677,173.43,270.25,157,-27.0,11.0,-0.17,175.14,7.0
07:33:21,172.0,32.0,242.8,30.0,169.0,8.0,412.5,32.0,70.80000000000001,40.0,62.0,21.597787618179,172.0,242.8,102,-22.0,-55.0,-0.22,175.14,
07:33:22,172.78,54.0,241.2,30.0,171.71,31.0,527.1,40.0,68.41999999999999,85.0,70.0,20.638475476642387,172.78,241.2,155,15.0,53.0,0.1,175.14,
07:33:23,173.0,36.0,238.5,18.0,172.0,24.0,472.0,24.0,65.5,60.0,42.0,16.88997542922938,173.0,238.5,102,18.0,-53.0,0.18,175.14,
07:33:24,173.22,54.0,238.0,27.0,172.0,36.0,440.0,36.0,64.78,90.0,63.0,6.931426260155668,173.22,238.0,153,27.0,51.0,0.18,175.14,
07:33:25,174.49,70.0,236.93,45.0,172.0,48.0,242.72,39.0,62.44,118.0,84.0,0.8385225101174859,174.49,236.93,202,34.0,49.0,0.17,175.0,2.0
07:33:26,173.55,33.0,184.57,42.0,170.62,32.0,420.0,40.0,11.019999999999982,65.0,82.0,12.067886310368126,173.55,184.57,147,-17.0,-55.0,-0.12,175.0,4.0
07:33:27,169.0,22.0,174.2,40.0,168.0,26.0,333.71,42.0,5.199999999999989,48.0,82.0,16.836802843769547,169.0,174.2,130,-34.0,-17.0,-0.26,174.0,2.0
07:33:28,170.0,10.0,173.96,23.0,168.11,18.0,221.36,33.0,3.960000000000008,28.0,56.0,17.47844300845938,170.0,173.96,84,-28.0,-46.0,-0.33,172.0,2.0
07:33:29,171.86,7.0,176.41,17.0,168.4,10.0,309.15,26.0,4.549999999999983,17.0,43.0,14.404816208475516,171.86,176.41,60,-26.0,-24.0,-0.43,174.0,1.0
07:33:30,170.0,31.0,176.8,25.0,168.38,13.0,333.8,35.0,6.800000000000011,44.0,60.0,2.9922867509574016,170.0,176.8,104,-16.0,44.0,-0.15,172.0,1.0
07:33:31,171.42,24.0,177.0,27.0,169.6,10.0,383.78,36.0,5.5800000000000125,34.0,63.0,1.2125304119710214,171.42,177.0,97,-29.0,-7.0,-0.3,172.0,1.0
07:33:32,172.57,14.0,176.57,14.0,169.71,7.0,268.0,28.0,4.0,21.0,42.0,1.029742686283782,172.57,176.57,63,-21.0,-34.0,-0.33,177.0,1.0
07:33:33,172.61,23.0,175.26,38.0,168.75,16.0,262.86,51.0,2.6499999999999773,39.0,89.0,0.4292435205744392,172.61,175.26,128,-50.0,65.0,-0.39,174.0,2.0
07:33:34,169.12,16.0,174.82,22.0,153.94,33.0,333.0,28.0,5.699999999999989,49.0,50.0,1.0153669287281912,169.12,174.82,99,-1.0,-29.0,-0.01,172.6,5.0
07:33:35,168.36,22.0,177.0,12.0,166.27,79.0,541.0,24.0,8.639999999999986,101.0,36.0,1.101421808370817,168.36,177.0,137,65.0,38.0,0.47,172.6,
07:33:36,175.0,8.0,177.0,48.0,167.0,176.0,333.57,28.0,2.0,184.0,76.0,1.5851403723188122,175.0,177.0,260,108.0,123.0,0.42,172.6,
07:33:37,175.0,7.0,177.0,42.0,167.0,154.0,355.78,27.0,2.0,161.0,69.0,1.8572345032211648,175.0,177.0,230,92.0,-30.0,0.4,172.6,
07:33:38,167.94,127.0,176.67,30.0,166.88,96.0,184.03,39.0,8.72999999999999,223.0,69.0,2.0311991531986715,167.94,176.67,292,154.0,62.0,0.53,175.0,1.0
07:33:39,169.0,128.0,177.0,16.0,167.61,31.0,178.0,32.0,8.0,159.0,48.0,1.8438058465996627,169.0,177.0,207,111.0,-85.0,0.54,175.0,
07:33:40,169.41,118.0,177.92,48.0,168.73,131.0,294.54,48.0,8.509999999999991,249.0,96.0,1.716356606289966,169.41,177.92,345,153.0,138.0,0.44,177.0,2.0
07:33:41,169.64,132.0,177.88,32.0,168.0,40.0,365.95,21.0,8.240000000000009,172.0,53.0,1.3880489904736673,169.64,177.88,225,119.0,-120.0,0.53,177.0,1.0
07:33:42,171.11,164.0,177.0,40.0,170.21,39.0,178.0,40.0,5.889999999999986,203.0,80.0,0.6996642051404082,171.11,177.0,283,123.0,58.0,0.43,177.0,2.0
07:33:43,174.75,122.0,176.42,38.0,173.53,68.0,177.08,48.0,1.6699999999999875,190.0,86.0,0.9621694237269928,174.75,176.42,276,104.0,-7.0,0.38,175.0,2.0
07:33:44,175.43,46.0,177.92,52.0,174.94,134.0,226.39,31.0,2.4899999999999807,180.0,83.0,1.331228755682349,175.43,177.92000000000002,263,97.0,-13.0,0.37,177.0,2.0
07:33:45,175.0,236.0,199.21,56.0,174.0,56.0,281.21,39.0,24.210000000000008,292.0,95.0,5.53496793124922,175.0,199.21,387,197.0,124.0,0.51,177.0,
07:33:46,175.44,160.0,271.79,38.0,174.5,40.0,318.76,17.0,96.35000000000002,200.0,55.0,20.879804117854256,175.44,271.79,255,145.0,-132.0,0.57,177.0,
07:33:47,176.25,146.0,270.54,39.0,174.64,56.0,394.58,45.0,94.29000000000002,202.0,84.0,24.357985959433705,176.25,270.54,286,118.0,31.0,0.41,178.0,6.0
07:33:49,179.84,76.0,331.46,52.0,178.82,33.0,547.38,52.0,151.61999999999998,109.0,104.0,53.708198629259535,179.84,331.46,213,5.0,56.0,0.02,180.0,1.0
07:33:50,180.0,39.0,414.44,36.0,179.0,27.0,563.89,36.0,234.44,66.0,72.0,46.73854105553587,180.0,414.44,138,-6.0,-75.0,-0.04,180.0,2.0
07:33:51,179.0,33.0,450.67,39.0,177.0,11.0,563.81,42.0,271.67,44.0,81.0,43.82039342589276,179.0,450.67,125,-37.0,-13.0,-0.3,180.0,
07:33:52,179.22,27.0,267.4,10.0,178.17,46.0,297.71,14.0,88.17999999999998,73.0,24.0,43.84812424722436,179.22,267.4,97,49.0,-28.0,0.51,180.0,
07:33:53,180.0,16.0,245.87,15.0,179.0,24.0,267.08,12.0,65.87,40.0,27.0,44.63523294439053,180.0,245.87,67,13.0,-30.0,0.19,180.0,
07:33:54,180.0,24.0,188.3,44.0,179.0,36.0,227.24,46.0,8.300000000000011,60.0,90.0,56.55473030613791,180.0,188.3,150,-30.0,83.0,-0.2,180.0,
07:33:55,180.82,33.0,186.08,12.0,179.67,27.0,188.0,60.0,5.260000000000019,60.0,72.0,53.86344103378446,180.82,186.08,132,-12.0,-18.0,-0.09,180.0,
07:33:56,181.0,30.0,184.29,14.0,180.0,20.0,187.91,46.0,3.289999999999992,50.0,60.0,19.3679988641046,181.0,184.29,110,-10.0,-22.0,-0.09,180.0,
07:33:57,180.78,23.0,182.54,39.0,179.44,27.0,182.52,27.0,1.759999999999991,50.0,66.0,13.428415021883666,180.78,182.54,116,-16.0,6.0,-0.14,180.75,4.0
07:33:58,179.7,10.0,181.42,12.0,178.78,27.0,184.06,36.0,1.7199999999999989,37.0,48.0,1.4242085521249712,179.7,181.42,85,-11.0,-31.0,-0.13,180.0,1.0
07:33:59,179.0,21.0,182.0,35.0,178.0,42.0,252.5,20.0,3.0,63.0,55.0,1.2911312868741809,179.0,182.0,118,8.0,33.0,0.07,180.0,
07:34:00,178.19,62.0,180.5,34.0,177.73,33.0,188.54,61.0,2.3100000000000023,95.0,95.0,1.2524456075793442,178.19,180.5,190,0.0,72.0,0.0,179.56,9.0
07:34:01,178.0,56.0,180.27,30.0,177.0,15.0,247.0,42.0,2.2700000000000102,71.0,72.0,1.0259873293293005,178.0,180.27,143,-1.0,-47.0,-0.01,178.0,2.0
07:34:02,175.82,17.0,312.88,32.0,174.69,26.0,357.94,17.0,137.06,43.0,49.0,28.836951468557725,175.82,312.88,92,-6.0,-51.0,-0.07,176.14,7.0
07:34:03,174.45,22.0,332.0,20.0,173.14,14.0,374.0,5.0,157.55,36.0,25.0,37.99755939530806,174.45,332.0,61,11.0,-31.0,0.18,176.14,
07:34:04,175.41,39.0,212.12,32.0,175.08,49.0,352.12,8.0,36.71000000000001,88.0,40.0,36.07125559222975,175.41,212.12,128,48.0,67.0,0.38,176.14,
07:34:05,176.2,119.0,275.05,22.0,174.58,43.0,425.71,28.0,98.85000000000002,162.0,50.0,31.95335506640849,176.2,275.05,212,112.0,84.0,0.53,178.17,6.0
07:34:06,176.02,122.0,203.71,17.0,173.48,54.0,311.93,14.0,27.69,176.0,31.0,28.791676401348617,176.02,203.71,207,145.0,-5.0,0.7,178.0,2.0
07:34:07,175.85,65.0,177.08,26.0,174.0,40.0,210.5,10.0,1.2300000000000182,105.0,36.0,31.154119631277734,175.85,177.07999999999998,141,69.0,-66.0,0.49,176.0,5.0
07:34:08,176.08,49.0,177.5,28.0,174.0,56.0,223.0,35.0,1.4199999999999875,105.0,63.0,20.05992647045231,176.08,177.5,168,42.0,27.0,0.25,176.0,3.0
07:34:09,174.07,30.0,179.0,9.0,172.23,44.0,212.88,33.0,4.930000000000007,74.0,42.0,21.23432998707401,174.07,179.0,116,32.0,-52.0,0.28,175.0,6.0
07:34:10,173.0,36.0,179.0,11.0,170.33,48.0,241.36,44.0,6.0,84.0,55.0,6.00612770426524,173.0,179.0,139,29.0,23.0,0.21,175.0,
07:34:11,175.67,36.0,178.23,26.0,172.9,30.0,244.45,11.0,2.5600000000000023,66.0,37.0,0.3634969049940567,175.67,178.23,103,29.0,-36.0,0.28,175.0,
07:34:12,176.46,132.0,366.0,22.0,172.92,62.0,289.73,40.0,189.54,194.0,62.0,42.335890211497336,176.46,366.0,256,132.0,153.0,0.52,175.83,12.0
07:34:13,172.16,49.0,374.64,45.0,168.29,49.0,485.0,25.0,202.48,98.0,70.0,52.49037502247408,172.16,374.64,168,28.0,-88.0,0.17,173.0,5.0
07:34:14,171.5,30.0,417.0,24.0,167.67,24.0,702.33,6.0,245.5,54.0,30.0,57.20989451135169,171.5,417.0,84,24.0,-84.0,0.29,173.0,
07:34:15,173.75,102.0,351.83,48.0,171.33,60.0,694.33,12.0,178.07999999999998,162.0,60.0,45.53131098485966,173.75,351.83,222,102.0,138.0,0.46,173.0,
07:34:16,178.34,64.0,381.67,36.0,174.54,89.0,760.56,9.0,203.33,153.0,45.0,11.753670915931602,178.34,381.67,198,108.0,-24.0,0.55,173.0,
07:34:18,180.5,154.0,337.27,41.0,178.0,84.0,434.48,21.0,156.76999999999998,238.0,62.0,41.59180003317995,180.5,337.27,300,176.0,124.0,0.59,173.0,
07:34:19,181.0,77.0,246.62,13.0,178.0,42.0,250.36,22.0,65.62,119.0,35.0,53.966154485936976,181.0,246.62,154,84.0,-146.0,0.55,173.0,
07:34:20,181.0,187.0,244.08,49.0,178.0,102.0,246.49,45.0,63.08000000000001,289.0,94.0,61.10509659594696,181.0,244.08,383,195.0,161.5,0.51,173.0,
07:34:21,181.13,76.0,214.28,46.0,179.81,91.0,220.59,46.0,33.150000000000006,167.0,92.0,66.96757222716077,181.13,214.28,259,75.0,-124.0,0.29,173.0,
07:34:22,182.0,12.0,209.5,30.0,181.0,66.0,246.0,6.0,27.5,78.0,36.0,25.49365352396488,182.0,209.5,114,42.0,-145.0,0.37,173.0,
07:34:23,182.0,14.0,209.0,40.0,181.0,88.0,246.0,8.0,27.0,102.0,48.0,9.282309518646544,182.0,209.0,150,54.0,36.0,0.36,182.0,1.0
07:34:24,181.02,83.0,183.0,55.0,180.13,31.0,209.0,55.0,1.9799999999999895,114.0,110.0,10.84048292281996,181.02,183.0,224,4.0,74.0,0.02,181.25,4.0
07:34:25,181.0,82.0,208.54,65.0,178.0,13.0,418.27,55.0,27.539999999999992,95.0,120.0,6.320602819347891,181.0,208.54,215,-25.0,-9.0,-0.12,181.0,2.0
07:34:26,181.0,96.0,201.07,75.0,178.0,16.0,309.71,69.0,20.069999999999997,112.0,144.0,5.799777581937726,181.0,201.07,256,-32.0,41.0,-0.12,181.0,
07:34:27,181.0,48.0,206.71,35.0,178.0,8.0,216.76,37.0,25.710000000000008,56.0,72.0,5.534476488336283,181.0,206.71,128,-16.0,-128.0,-0.12,181.0,
07:34:28,181.0,36.0,205.0,30.0,178.67,6.0,207.0,24.0,24.0,42.0,54.0,5.176671710659923,181.0,205.0,96,-12.0,-32.0,-0.12,181.0,
07:34:29,181.0,54.0,204.05,43.0,179.83,24.0,206.21,38.0,23.05000000000001,78.0,81.0,1.4122074918185006,181.0,204.05,159,-3.0,63.0,-0.02,181.0,
07:34:30,181.0,54.0,203.0,36.0,180.0,36.0,204.0,45.0,22.0,90.0,81.0,1.061753266982431,181.0,203.0,171,9.0,12.0,0.05,181.0,
07:34:31,180.57,56.0,202.0,50.0,179.73,22.0,203.0,40.0,21.430000000000007,78.0,90.0,0.9757458685272054,180.57,202.0,168,-12.0,-3.0,-0.07,181.0,
07:34:32,181.0,80.0,202.0,50.0,180.0,40.0,203.0,40.0,21.0,120.0,90.0,0.7080395468810448,181.0,202.0,210,30.0,42.0,0.14,181.0,
07:34:33,181.0,96.0,197.68,57.0,180.0,48.0,200.59,51.0,16.680000000000007,144.0,108.0,1.2099173525273983,181.0,197.68,252,36.0,42.0,0.14,181.0,
07:34:34,181.0,40.0,194.65,23.0,180.0,20.0,197.73,22.0,13.650000000000006,60.0,45.0,1.752874781593393,181.0,194.65,105,15.0,-147.0,0.14,181.0,
07:34:35,181.0,76.0,193.15,52.0,180.0,48.0,194.18,56.0,12.150000000000006,124.0,108.0,1.9895150162653208,181.0,193.15000000000003,232,16.0,127.0,0.07,181.0,2.0
07:34:36,181.7,80.0,189.5,64.0,180.82,88.0,190.62,64.0,7.800000000000011,168.0,128.0,2.2536858698461484,181.7,189.5,296,40.0,64.0,0.14,182.0,5.0
07:34:37,181.0,82.0,185.75,55.0,180.0,64.0,187.45,62.0,4.75,146.0,117.0,2.273440124556333,181.0,185.75,263,29.0,-33.0,0.11,181.0,2.0
07:34:38,180.0,32.0,182.43,42.0,179.09,22.0,183.37,38.0,2.430000000000007,54.0,80.0,2.7255586583196494,180.0,182.43,134,-26.0,-129.0,-0.19,180.5,8.0
07:34:39,179.0,14.0,181.12,17.0,178.0,7.0,182.2,20.0,2.1200000000000045,21.0,37.0,2.9289298386850717,179.0,181.12,58,-16.0,-76.0,-0.28,179.0,2.0
07:34:40,177.28,36.0,180.36,11.0,176.95,266.0,181.89,38.0,3.0800000000000125,302.0,49.0,2.7000129629204084,177.28,180.36,351,253.0,161.5,0.72,178.0,1.0
07:34:41,177.0,329.0,178.31,13.0,175.0,83.0,179.31,13.0,1.3100000000000025,412.0,26.0,2.2075484139508297,177.0,178.31,438,386.0,87.0,0.88,177.0,3.0
07:34:42,177.0,280.0,178.0,14.0,175.0,84.0,246.36,50.0,1.0,364.0,64.0,1.5891098136805244,177.0,178.0,428,300.0,-10.0,0.7,177.0,4.0
07:34:43,177.0,152.0,234.0,29.0,175.0,48.0,314.89,27.0,57.0,200.0,56.0,12.115427355233498,177.0,234.0,256,144.0,-162.5,0.56,178.0,1.0
07:34:44,177.0,209.0,198.47,38.0,175.0,66.0,220.23,39.0,21.47,275.0,77.0,11.992139925798964,177.0,198.47,352,198.0,96.0,0.56,178.0,
07:34:45,178.84,109.0,196.87,60.0,176.98,203.0,205.53,45.0,18.03,312.0,105.0,11.411586217522228,178.84,196.87,417,207.0,65.0,0.5,183.0,2.0
07:34:46,179.15,54.0,196.0,40.0,177.52,108.0,248.0,30.0,16.849999999999994,162.0,70.0,10.113831123760429,179.15,196.0,232,92.0,-162.5,0.4,181.0,14.0
07:34:47,177.0,192.0,195.67,48.0,175.0,72.0,375.23,40.0,18.669999999999987,264.0,88.0,8.128822177901718,177.0,195.67,352,176.0,120.0,0.5,181.0,
07:34:48,177.0,128.0,194.5,32.0,175.0,48.0,466.88,24.0,17.5,176.0,56.0,0.9501315698064298,177.0,194.5,232,120.0,-120.0,0.52,181.0,
07:34:49,177.0,96.0,193.0,24.0,175.0,36.0,368.5,18.0,16.0,132.0,42.0,1.2078783051045583,177.0,193.0,174,90.0,-58.0,0.52,181.0,
07:34:50,177.0,192.0,191.96,46.0,175.0,72.0,280.55,42.0,14.960000000000008,264.0,88.0,1.2036735437574264,177.0,191.96,352,176.0,161.5,0.5,181.0,
07:34:51,176.16,76.0,189.4,30.0,174.25,96.0,192.0,40.0,13.240000000000007,172.0,70.0,1.3641004361631908,176.16,189.4,242,102.0,-110.0,0.42,181.0,
07:34:52,178.0,36.0,189.0,27.0,175.0,54.0,192.0,36.0,11.0,90.0,63.0,1.180601541562614,178.0,189.0,153,27.0,-89.0,0.18,181.0,
07:34:53,178.19,54.0,185.68,56.0,175.7,86.0,187.52,56.0,7.490000000000009,140.0,112.0,1.243631778276524,178.19,185.68,252,28.0,99.0,0.11,181.0,
07:34:54,175.56,62.0,180.08,52.0,174.14,133.0,181.47,45.0,4.52000000000001,195.0,97.0,2.5707041836698625,175.56,180.07999999999998,292,98.0,40.0,0.34,178.33,6.0
07:34:55,175.0,203.0,178.1,52.0,172.0,210.0,179.21,48.0,3.0999999999999943,413.0,100.0,3.1235764757623725,175.0,178.09999999999997,513,313.0,161.5,0.61,175.0,4.0
07:34:56,173.09,88.0,176.0,27.0,170.72,122.0,178.5,24.0,2.9099999999999966,210.0,51.0,3.73991310058594,173.09,176.0,261,159.0,-162.5,0.61,175.0,7.0
07:34:57,172.0,62.0,174.8,15.0,151.47,77.0,179.79,19.0,2.800000000000012,139.0,34.0,3.3177477300018112,172.0,174.8,173,105.0,-88.0,0.61,172.0,3.0
07:34:58,161.34,59.0,178.51,61.0,147.02,85.0,241.42,57.0,17.169999999999987,144.0,118.0,3.057788416475155,161.34,178.51,262,26.0,89.0,0.1,172.33,3.0
07:34:59,174.81,16.0,179.0,70.0,172.44,25.0,378.0,40.0,4.189999999999998,41.0,110.0,2.8251424742708897,174.81,179.0,151,-69.0,-111.0,-0.46,172.33,
07:35:00,174.54,13.0,178.58,31.0,81.59,37.0,217.52,62.0,4.0400000000000205,50.0,93.0,2.8271664259341804,174.54,178.58,143,-43.0,-8.0,-0.3,174.75,4.0
07:35:01,172.17,12.0,204.77,43.0,47.7,70.0,445.6,30.0,32.60000000000002,82.0,73.0,6.979174019891773,172.17,204.77,155,9.0,12.0,0.06,178.29,7.0
07:35:10,170.0,6.0,172.56,9.0,58.0,6.0,178.0,24.0,2.5600000000000023,12.0,33.0,0.3488266043844258,170.0,172.56,45,-21.0,5.0,-0.47,172.0,2.0
07:35:11,170.0,10.0,172.4,20.0,58.0,10.0,173.64,11.0,2.4000000000000057,20.0,31.0,0.4063003814008922,170.0,172.4,51,-11.0,6.0,-0.22,172.0,2.0
07:35:12,170.0,8.0,173.0,16.0,93.75,8.0,174.0,8.0,3.0,16.0,24.0,0.4659184477209666,170.0,173.0,40,-8.0,-11.0,-0.2,172.0,
07:35:13,170.0,5.0,173.67,6.0,110.0,5.0,174.95,21.0,3.669999999999988,10.0,27.0,0.4909378778694807,170.0,173.67,37,-17.0,-3.0,-0.46,173.0,2.0
07:35:14,170.0,7.0,174.0,7.0,130.29,14.0,175.0,35.0,4.0,21.0,42.0,0.3457166468761458,170.0,174.0,63,-21.0,26.0,-0.33,173.0,
07:35:15,170.0,6.0,174.0,6.0,118.57,7.0,175.0,30.0,4.0,13.0,36.0,0.3488266043859404,170.0,174.0,49,-23.0,-14.0,-0.47,173.0,
07:35:16,172.95,64.0,175.0,50.0,164.0,10.0,305.98,48.0,2.050000000000012,74.0,98.0,0.981845201611707,172.95,175.0,172,-24.0,123.0,-0.14,174.0,1.0
07:35:17,173.0,49.0,175.0,35.0,169.43,7.0,302.0,35.0,2.0,56.0,70.0,1.1231740737429787,173.0,175.0,126,-14.0,-46.0,-0.11,174.0,
07:35:18,173.04,56.0,174.85,55.0,170.5,16.0,280.83,60.0,1.8100000000000025,72.0,115.0,1.082811156171188,173.04,174.85,187,-43.0,61.0,-0.23,173.4,5.0
07:35:19,173.07,29.0,192.63,49.0,170.4,30.0,332.89,53.0,19.56,59.0,102.0,4.275854300596626,173.07,192.63,161,-43.0,-26.0,-0.27,174.0,2.0
07:35:20,171.16,57.0,185.64,25.0,169.62,26.0,330.24,50.0,14.47999999999999,83.0,75.0,3.966828708166232,171.15999999999997,185.64,158,8.0,-3.0,0.05,174.0,
07:35:21,173.59,111.0,253.33,54.0,171.3,74.0,398.66,83.0,79.74000000000001,185.0,137.0,16.58434110840521,173.59,253.33000000000004,322,48.0,161.5,0.15,173.73,11.0
07:35:22,177.48,61.0,292.13,52.0,176.55,116.0,392.02,55.0,114.65,177.0,107.0,26.351207372717283,177.48,292.13,284,70.0,-38.0,0.25,178.0,3.0
07:35:23,179.27,22.0,290.0,45.0,177.02,113.0,341.67,60.0,110.73,135.0,105.0,27.21901302398674,179.27,290.0,240,30.0,-44.0,0.12,178.0,
07:35:24,180.5,16.0,266.67,27.0,179.98,65.0,333.65,34.0,86.17000000000002,81.0,61.0,23.313897572048457,180.5,266.67,142,20.0,-98.0,0.14,178.0,
07:35:25,182.0,12.0,222.67,43.0,181.0,12.0,301.9,41.0,40.66999999999999,24.0,84.0,14.01370329356132,182.0,222.67,108,-60.0,-34.0,-0.56,178.0,
07:35:26,182.0,11.0,209.82,33.0,181.0,11.0,352.69,51.0,27.819999999999997,22.0,84.0,18.18981940536982,182.0,209.82,106,-62.0,-2.0,-0.58,178.0,
07:35:27,181.91,11.0,194.23,39.0,180.83,12.0,244.8,41.0,12.319999999999991,23.0,80.0,19.51737866620312,181.91,194.23,103,-57.0,-3.0,-0.55,182.0,1.0
07:35:28,181.0,11.0,188.36,33.0,180.0,22.0,194.4,43.0,7.360000000000014,33.0,76.0,15.405941386359771,181.0,188.36,109,-43.0,6.0,-0.39,182.0,
07:35:29,182.2,10.0,188.0,18.0,180.2,10.0,253.0,18.0,5.800000000000011,20.0,36.0,7.677874054707241,182.2,188.0,56,-16.0,-53.0,-0.29,182.0,
07:35:30,183.0,36.0,186.83,36.0,181.0,12.0,270.38,52.0,3.830000000000013,48.0,88.0,4.773450533937042,183.0,186.83,136,-40.0,80.0,-0.29,182.0,
07:35:31,183.0,18.0,185.0,6.0,181.0,6.0,186.0,18.0,2.0,24.0,24.0,1.5745729579609582,183.0,185.0,48,0.0,-88.0,0.0,182.0,
07:35:32,179.3,30.0,183.33,12.0,177.48,23.0,221.33,15.0,4.030000000000001,53.0,27.0,1.557331050207641,179.3,183.33,80,26.0,32.0,0.33,181.67,6.0
07:35:33,178.0,96.0,181.72,36.0,176.0,60.0,183.11,18.0,3.719999999999999,156.0,54.0,2.3329380617453213,178.0,181.72,210,102.0,130.0,0.49,181.67,
07:35:34,178.0,105.0,179.34,61.0,176.0,65.0,190.81,21.0,1.3400000000000034,170.0,82.0,2.6624575113866182,178.0,179.34,252,88.0,42.0,0.35,178.0,3.0
07:35:35,176.4,50.0,241.85,65.0,174.03,73.0,412.92,62.0,65.44999999999999,123.0,127.0,12.748540308597802,176.4,241.85,250,-4.0,-2.0,-0.02,178.0,6.0
07:35:36,176.08,39.0,198.32,53.0,173.81,62.0,428.14,49.0,22.23999999999998,101.0,102.0,12.665815409990133,176.08,198.32,203,-1.0,-47.0,-0.0,176.2,5.0
07:35:37,176.0,7.0,402.56,27.0,174.0,35.0,431.12,32.0,226.56,42.0,59.0,46.60748309016437,176.0,402.56,101,-17.0,-102.0,-0.17,176.2,
07:35:38,176.89,9.0,406.6,25.0,174.89,9.0,435.38,21.0,229.71000000000004,18.0,46.0,55.27500628674749,176.89,406.6,64,-28.0,-37.0,-0.44,176.2,
07:35:39,178.09,22.0,390.67,46.0,176.0,11.0,430.42,52.0,212.58,33.0,98.0,50.136496487090014,178.09,390.67,131,-65.0,67.0,-0.5,176.2,
07:35:40,179.0,16.0,302.65,34.0,176.0,8.0,377.84,38.0,123.64999999999998,24.0,72.0,45.05048146246601,179.0,302.65,96,-48.0,-35.0,-0.5,176.2,
07:35:41,175.43,28.0,286.53,34.0,173.43,28.0,391.84,38.0,111.09999999999997,56.0,72.0,29.12213591067799,175.43,286.53,128,-16.0,32.0,-0.12,177.25,4.0
07:35:42,173.13,76.0,275.23,52.0,172.27,45.0,342.54,65.0,102.10000000000002,121.0,117.0,31.381663435834504,173.13,275.23,238,4.0,110.0,0.02,177.25,
07:35:43,173.07,43.0,273.25,32.0,172.22,27.0,369.62,40.0,100.18,70.0,72.0,25.41159735238977,173.07,273.25,142,-2.0,-96.0,-0.01,177.25,
07:35:44,177.13,45.0,271.42,48.0,174.25,48.0,378.61,56.0,94.29000000000002,93.0,104.0,7.462404438247399,177.13,271.42,197,-11.0,55.0,-0.06,177.0,5.0
07:35:45,179.0,56.0,251.57,56.0,177.74,46.0,398.15,62.0,72.57,102.0,118.0,5.579213206176197,179.0,251.57,220,-16.0,23.0,-0.07,177.0,
07:35:46,179.83,29.0,248.12,32.0,178.53,30.0,509.25,40.0,68.28999999999999,59.0,72.0,5.10006078394842,179.83,248.12,131,-13.0,-89.0,-0.1,181.0,1.0
07:35:47,181.5,18.0,247.0,24.0,180.0,12.0,357.5,30.0,65.5,30.0,54.0,5.08543705102788,181.5,247.0,84,-24.0,-47.0,-0.29,181.0,
07:35:48,182.0,24.0,247.0,32.0,180.0,16.0,336.0,40.0,65.0,40.0,72.0,4.398789606240101,182.0,247.0,112,-32.0,28.0,-0.29,181.0,
07:35:49,182.0,21.0,247.0,28.0,180.0,14.0,302.94,34.0,65.0,35.0,62.0,0.489111439208469,182.0,247.0,97,-27.0,-15.0,-0.28,181.0,
07:35:50,182.0,12.0,247.0,32.0,180.0,16.0,293.0,40.0,65.0,28.0,72.0,0.2314735405278077,182.0,247.0,100,-44.0,3.0,-0.44,182.0,2.0
07:35:51,182.0,11.0,244.67,45.0,180.0,22.0,391.62,48.0,62.66999999999999,33.0,93.0,0.5069812619460227,182.0,244.67,126,-60.0,26.0,-0.48,182.0,
07:35:52,181.6,10.0,240.14,43.0,179.23,26.0,335.7,47.0,58.53999999999999,36.0,90.0,1.5762138179713707,181.6,240.14,126,-54.0,0.0,-0.43,181.0,2.0
07:35:53,176.85,52.0,242.7,40.0,174.73,22.0,367.14,44.0,65.85,74.0,84.0,2.165324456048836,176.84999999999997,242.7,158,-10.0,32.0,-0.06,177.1,10.0
07:35:54,175.0,28.0,210.82,17.0,174.0,28.0,225.18,17.0,35.81999999999999,56.0,34.0,8.794258354174048,175.0,210.82,90,22.0,-68.0,0.24,177.1,
07:35:55,175.0,21.0,182.38,32.0,174.0,56.0,183.46,37.0,7.3799999999999955,77.0,69.0,14.91205820803938,175.0,182.38,146,8.0,56.0,0.05,175.0,5.0
07:35:56,175.0,20.0,180.0,40.0,174.0,70.0,181.0,40.0,5.0,90.0,80.0,16.133121830567976,175.0,180.0,170,10.0,24.0,0.06,175.0,
07:35:57,174.0,44.0,179.0,34.0,173.0,22.0,180.0,44.0,5.0,66.0,78.0,14.343375823004282,174.0,179.0,144,-12.0,-26.0,-0.08,175.71,7.0
07:35:58,174.5,32.0,177.8,15.0,173.67,24.0,178.43,28.0,3.300000000000012,56.0,43.0,7.090384333725406,174.5,177.8,99,13.0,-45.0,0.13,174.8,5.0
07:35:59,173.1,29.0,176.0,18.0,172.07,40.0,177.48,33.0,2.9000000000000057,69.0,51.0,1.5461791616549558,173.1,176.0,120,18.0,21.0,0.15,173.0,2.0
07:36:00,171.78,18.0,176.4,20.0,166.56,9.0,199.54,26.0,4.6200000000000045,27.0,46.0,1.4124694686737014,171.78,176.4,73,-19.0,-47.0,-0.26,175.0,6.0
07:36:01,171.0,11.0,177.07,29.0,157.91,11.0,184.59,17.0,6.069999999999993,22.0,46.0,1.1751085056006023,171.0,177.07,68,-24.0,-5.0,-0.35,175.0,
07:36:02,157.5,10.0,173.93,14.0,131.2,25.0,175.33,12.0,16.430000000000007,35.0,26.0,4.113207993760263,157.5,173.93,61,9.0,-7.0,0.15,171.0,1.0
07:36:16,166.0,28.0,225.55,11.0,165.0,35.0,255.19,21.0,59.55000000000001,63.0,32.0,13.138997298117287,166.0,225.55,95,31.0,14.0,0.33,172.5,4.0
07:36:17,168.57,58.0,271.0,39.0,167.1,59.0,424.18,17.0,102.43,117.0,56.0,24.075501033206788,168.57,271.0,173,61.0,78.0,0.35,172.5,
07:36:18,182.0,104.0,271.0,24.0,178.14,29.0,285.0,8.0,89.0,133.0,32.0,28.20070336002189,182.0,271.0,165,101.0,-8.0,0.61,172.5,
07:36:19,182.0,143.0,224.76,17.0,181.0,44.0,256.71,21.0,42.75999999999999,187.0,38.0,23.240052280491003,182.0,224.76,225,149.0,60.0,0.66,172.5,
07:36:20,182.0,115.0,218.0,20.0,180.26,47.0,221.0,10.0,36.0,162.0,30.0,13.32327587344644,182.0,218.0,192,132.0,-33.0,0.69,182.0,4.0
07:36:21,182.0,122.0,216.57,28.0,180.33,30.0,256.83,18.0,34.56999999999999,152.0,46.0,12.512058184006364,182.0,216.57,198,106.0,6.0,0.54,182.0,1.0
07:36:22,182.0,82.0,251.79,28.0,181.0,11.0,341.66,35.0,69.78999999999999,93.0,63.0,11.991099615963508,182.0,251.79,156,30.0,-42.0,0.19,182.0,2.0
07:36:23,182.0,60.0,228.43,14.0,181.0,10.0,230.5,16.0,46.43000000000001,70.0,30.0,7.099896478115516,182.0,228.43,100,40.0,-56.0,0.4,182.0,
07:36:24,182.0,42.0,226.57,21.0,181.0,7.0,228.0,14.0,44.56999999999999,49.0,35.0,7.061018340151598,182.0,226.57,84,14.0,-16.0,0.17,182.0,
07:36:25,182.0,74.0,223.6,30.0,181.0,15.0,225.25,40.0,41.6,89.0,70.0,6.650983385933063,182.0,223.6,159,19.0,75.0,0.12,182.0,2.0
07:36:26,182.0,36.0,219.78,18.0,181.0,9.0,221.0,18.0,37.78,45.0,36.0,6.294662818607351,182.0,219.78,81,9.0,-78.0,0.11,182.0,
07:36:27,182.0,28.0,218.57,14.0,181.0,7.0,219.57,14.0,36.56999999999999,35.0,28.0,2.1167380565283813,182.0,218.57,63,7.0,-18.0,0.11,182.0,
07:36:28,182.0,49.0,215.06,33.0,181.0,16.0,217.75,32.0,33.06,65.0,65.0,2.2379231443359733,182.0,215.06,130,0.0,67.0,0.0,182.0,1.0
07:36:29,182.0,36.0,212.58,36.0,181.0,12.0,214.0,24.0,30.580000000000013,48.0,60.0,2.1338462924853974,182.0,212.58,108,-12.0,-22.0,-0.11,182.0,
07:36:30,181.43,28.0,208.84,25.0,179.0,48.0,210.31,29.0,27.41,76.0,54.0,2.3297381827047907,181.43,208.84,130,22.0,22.0,0.17,180.25,4.0
07:36:31,181.45,44.0,205.33,24.0,178.2,60.0,207.0,24.0,23.880000000000024,104.0,48.0,2.72721102959629,181.45,205.33,152,56.0,22.0,0.37,180.25,
07:36:32,180.18,44.0,198.89,45.0,177.18,51.0,200.75,40.0,18.70999999999998,95.0,85.0,3.531101811042872,180.18,198.89,180,10.0,28.0,0.06,179.89,9.0
07:36:33,175.0,11.0,193.84,31.0,174.0,11.0,195.12,24.0,18.840000000000003,22.0,55.0,5.079628923449859,175.0,193.84,77,-33.0,-103.0,-0.43,179.89,
07:36:34,176.54,39.0,189.07,29.0,174.64,11.0,189.92,26.0,12.53,50.0,55.0,5.3977152573979295,176.54,189.07,105,-5.0,28.0,-0.05,179.89,
07:36:35,178.61,75.0,187.32,38.0,178.17,111.0,188.41,44.0,8.70999999999998,186.0,82.0,4.6687064589610605,178.61,187.32,268,104.0,161.5,0.39,180.0,1.0
07:36:36,180.0,20.0,186.0,30.0,179.0,90.0,187.0,20.0,6.0,110.0,50.0,2.86835841553028,180.0,186.0,160,60.0,-108.0,0.38,180.0,
07:36:37,180.0,16.0,183.62,26.0,179.0,108.0,184.65,34.0,3.620000000000005,124.0,60.0,0.9319442043075168,180.0,183.62,184,64.0,24.0,0.35,180.0,1.0
07:36:38,179.02,81.0,181.09,22.0,178.29,63.0,183.11,27.0,2.069999999999993,144.0,49.0,1.2531879348053951,179.02,181.09,193,95.0,9.0,0.49,179.33,3.0
07:36:39,179.0,84.0,181.5,24.0,178.0,60.0,184.0,36.0,2.5,144.0,60.0,1.4183194280349884,179.0,181.5,204,84.0,11.0,0.41,179.33,
07:36:40,179.0,65.0,181.0,20.0,178.0,50.0,184.0,30.0,2.0,115.0,50.0,1.3322274580345217,179.0,181.0,165,65.0,-39.0,0.39,179.0,5.0
07:36:41,179.38,32.0,180.86,28.0,177.84,90.0,184.0,42.0,1.4800000000000182,122.0,70.0,0.766987613942207,179.38,180.86,192,52.0,27.0,0.27,179.6,5.0
07:36:42,177.19,196.0,309.56,32.0,176.71,206.0,474.5,32.0,132.37,402.0,64.0,28.296473631884744,177.19,309.56,466,338.0,161.5,0.73,178.0,8.0
07:36:43,177.0,8.0,440.0,16.0,175.0,184.0,474.64,22.0,263.0,192.0,38.0,57.30911533080898,177.0,440.0,230,154.0,-162.5,0.67,178.0,
07:36:44,175.01,254.0,277.46,24.0,174.51,45.0,372.24,21.0,102.45,299.0,45.0,53.18786308924217,175.01,277.46,344,254.0,114.0,0.74,177.0,1.0
07:36:45,175.0,184.0,233.88,8.0,174.0,16.0,235.0,24.0,58.88,200.0,32.0,48.64336933231469,175.0,233.88,232,168.0,-112.0,0.72,177.0,
07:36:46,175.0,210.0,182.86,28.0,174.0,20.0,233.5,12.0,7.860000000000014,230.0,40.0,48.96577304607753,175.0,182.86,270,190.0,38.0,0.7,175.0,4.0
07:36:47,175.0,202.0,180.04,23.0,174.0,26.0,198.4,30.0,5.039999999999992,228.0,53.0,53.85312182223018,175.0,180.04,281,175.0,11.0,0.62,175.0,6.0
07:36:48,175.0,91.0,178.1,10.0,174.0,14.0,287.62,13.0,3.0999999999999943,105.0,23.0,22.039456209261363,175.0,178.1,128,82.0,-153.0,0.64,175.0,
07:36:49,174.78,37.0,178.0,13.0,172.58,62.0,271.0,39.0,3.219999999999999,99.0,52.0,12.158224788181212,174.78,178.0,151,47.0,23.0,0.31,175.0,
07:36:50,175.72,50.0,178.0,10.0,174.3,20.0,279.1,30.0,2.280000000000001,70.0,40.0,1.0340454535180144,175.72,178.0,110,30.0,-41.0,0.27,176.0,4.0
07:36:51,176.38,74.0,448.17,18.0,174.82,22.0,561.62,24.0,271.79,96.0,42.0,60.57215507145138,176.38,448.17,138,54.0,28.0,0.39,178.0,1.0
07:36:52,176.64,77.0,471.73,33.0,174.64,22.0,589.0,28.0,295.09000000000003,99.0,61.0,77.68559551165175,176.64,471.73,160,38.0,22.0,0.24,178.0,
07:36:53,177.57,44.0,367.88,24.0,174.0,16.0,582.4,20.0,190.31,60.0,44.0,71.82176571207351,177.57,367.88,104,16.0,-56.0,0.15,177.0,2.0
07:36:55,179.0,20.0,458.14,14.0,174.0,8.0,485.67,9.0,279.14,28.0,23.0,29.388755843009232,179.0,458.14,51,5.0,-63.0,0.1,177.0,
07:36:56,179.0,28.0,367.14,36.0,174.0,22.0,395.15,27.0,188.14,50.0,63.0,35.40596235099401,179.0,367.14,113,-13.0,62.0,-0.12,179.0,3.0
07:36:57,173.06,53.0,262.86,28.0,172.46,13.0,314.37,19.0,89.80000000000001,66.0,47.0,51.81598855565716,173.06,262.86,113,19.0,0.0,0.17,174.57,7.0
07:36:58,172.44,41.0,259.73,44.0,171.79,47.0,262.76,34.0,87.29000000000002,88.0,78.0,61.17348731272387,172.44,259.73,166,10.0,53.0,0.06,174.57,
07:36:59,175.45,20.0,212.89,53.0,172.11,80.0,238.31,49.0,37.44,100.0,102.0,50.85858383793215,175.45,212.89,202,-2.0,36.0,-0.01,174.57,
07:37:00,180.23,53.0,194.26,35.0,175.46,13.0,203.0,34.0,14.03,66.0,69.0,33.72684880032469,180.23,194.26,135,-3.0,-67.0,-0.02,174.57,
07:37:01,183.0,208.0,191.17,29.0,177.4,25.0,193.06,32.0,8.169999999999987,233.0,61.0,15.356694631331182,183.0,191.17,294,172.0,159.0,0.59,174.57,
07:37:02,183.0,192.0,187.4,30.0,181.4,15.0,188.94,32.0,4.400000000000006,207.0,62.0,12.829958300787789,183.0,187.4,269,145.0,-25.0,0.54,174.57,
07:37:03,183.0,144.0,185.68,31.0,182.0,18.0,186.78,27.0,2.680000000000007,162.0,58.0,3.871107076787061,183.0,185.68,220,104.0,-49.0,0.47,174.57,
07:37:04,183.0,145.0,184.42,36.0,182.0,20.0,198.3,44.0,1.4199999999999875,165.0,80.0,1.5964116010447285,183.0,184.42,245,85.0,25.0,0.35,183.0,6.0
07:37:05,183.0,48.0,184.79,38.0,182.0,16.0,274.59,29.0,1.789999999999992,64.0,67.0,1.3803369153760887,183.0,184.79,131,-3.0,-114.0,-0.02,183.0,9.0
07:37:06,183.0,8.0,184.5,40.0,182.0,16.0,484.12,32.0,1.5,24.0,72.0,0.6236745946002119,183.0,184.5,96,-48.0,-35.0,-0.5,183.0,1.0
07:37:09,168.71,28.0,344.14,28.0,157.06,36.0,418.0,28.0,175.42999999999998,64.0,56.0,74.94529218036301,168.71,344.14,120,8.0,-47.0,0.07,173.25,8.0
07:37:10,167.18,38.0,221.27,44.0,127.44,36.0,222.27,44.0,54.09,74.0,88.0,72.4811810058306,167.18,221.27,162,-14.0,42.0,-0.09,173.25,
07:37:11,175.9,10.0,183.26,39.0,173.0,40.0,187.67,39.0,7.359999999999985,50.0,78.0,73.59844583956905,175.9,183.26,128,-28.0,-34.0,-0.22,173.25,
07:37:12,175.27,26.0,180.42,65.0,163.72,64.0,181.35,68.0,5.149999999999977,90.0,133.0,66.88573936198931,175.27,180.42,223,-43.0,95.0,-0.19,179.0,1.0
07:37:13,174.23,26.0,176.61,46.0,164.11,38.0,178.0,45.0,2.380000000000024,64.0,91.0,34.18847100997573,174.23,176.61,155,-27.0,-68.0,-0.17,174.0,4.0
07:37:14,163.57,14.0,174.22,18.0,96.92,13.0,177.0,28.0,10.650000000000006,27.0,46.0,9.33103852740638,163.57,174.22,73,-19.0,-82.0,-0.26,173.6,5.0
07:37:18,132.64,33.0,379.0,18.0,103.48,21.0,512.57,28.0,246.36,54.0,46.0,43.71853382719898,132.64,379.0,100,8.0,36.0,0.08,169.0,1.0
07:37:30,169.64,33.0,215.89,18.0,167.82,51.0,341.0,9.0,46.25,84.0,27.0,12.087825693644918,169.64,215.89,111,57.0,-44.0,0.51,171.0,3.0
07:37:31,169.41,56.0,176.09,33.0,146.79,84.0,232.5,24.0,6.680000000000007,140.0,57.0,11.106236986483912,169.41,176.09,197,83.0,86.0,0.42,170.67,9.0
07:37:32,171.0,14.0,220.93,15.0,170.0,42.0,283.21,14.0,49.93000000000001,56.0,29.0,13.211588852214057,171.0,220.93,85,27.0,-112.0,0.32,170.67,
07:37:33,172.65,40.0,248.29,21.0,170.29,82.0,249.78,23.0,75.63999999999999,122.0,44.0,16.924676658652935,172.65,248.29,166,78.0,81.0,0.47,170.67,
07:37:34,173.4,30.0,243.19,31.0,172.0,102.0,247.62,16.0,69.78999999999999,132.0,47.0,15.09734579321664,173.4,243.19,179,85.0,13.0,0.47,170.67,
07:37:35,175.97,60.0,189.54,13.0,174.89,18.0,224.75,16.0,13.569999999999991,78.0,29.0,16.26149808596843,175.97,189.54,107,49.0,-72.0,0.46,170.67,
07:37:36,180.68,77.0,186.89,28.0,177.0,58.0,199.89,28.0,6.20999999999998,135.0,56.0,13.08854575573453,180.68,186.89,191,79.0,84.0,0.41,170.67,
07:37:37,182.49,35.0,184.24,21.0,179.52,31.0,186.66,29.0,1.75,66.0,50.0,14.314435720626742,182.49,184.24,116,16.0,-75.0,0.14,183.0,6.0
07:37:38,180.0,20.0,182.29,28.0,179.0,30.0,184.14,22.0,2.289999999999992,50.0,50.0,11.466912400465596,180.0,182.29,100,0.0,-16.0,0.0,183.0,
07:37:39,179.25,16.0,180.43,14.0,176.5,36.0,240.18,11.0,1.1800000000000068,52.0,25.0,1.6457764125021692,179.25,180.43,77,27.0,-23.0,0.35,179.67,3.0
07:37:40,176.14,44.0,378.45,11.0,175.12,48.0,461.53,19.0,202.31,92.0,30.0,42.63659789429686,176.14,378.45,122,62.0,45.0,0.51,179.0,2.0
07:37:41,177.91,23.0,429.83,46.0,175.85,78.0,487.3,43.0,251.92,101.0,89.0,60.52423002401578,177.91,429.83,190,12.0,68.0,0.06,179.0,
07:37:42,178.31,16.0,444.33,49.0,176.05,41.0,504.96,23.0,266.02,57.0,72.0,65.32443325433438,178.31,444.33,129,-15.0,-61.0,-0.12,177.5,6.0
07:37:43,177.36,66.0,253.31,32.0,176.0,22.0,290.62,40.0,75.94999999999999,88.0,72.0,57.54855497751435,177.36,253.31,160,16.0,31.0,0.1,177.5,
07:37:44,178.62,48.0,245.0,20.0,176.0,16.0,266.54,28.0,66.38,64.0,48.0,47.68976588325839,178.62,245.0,112,16.0,-48.0,0.14,177.5,
07:37:45,179.0,42.0,212.56,39.0,176.0,22.0,258.32,47.0,33.56,64.0,86.0,55.3025598865006,179.0,212.56,150,-22.0,38.0,-0.15,179.0,3.0
07:37:46,177.26,19.0,204.0,55.0,175.0,51.0,205.0,33.0,26.74000000000001,70.0,88.0,49.37999726609929,177.26,204.0,158,-18.0,8.0,-0.11,176.75,8.0
07:37:47,182.11,54.0,201.1,30.0,175.77,26.0,203.0,56.0,18.98999999999998,80.0,86.0,11.677364000490831,182.11,201.1,166,-6.0,8.0,-0.04,176.75,
07:37:48,182.4,47.0,197.49,47.0,177.45,31.0,198.29,51.0,15.090000000000003,78.0,98.0,9.147490366212812,182.40000000000003,197.49,176,-20.0,10.0,-0.11,183.0,4.0
07:37:49,179.0,11.0,190.0,11.0,177.0,33.0,192.23,35.0,11.0,44.0,46.0,4.044431974944425,179.0,190.0,90,-2.0,-86.0,-0.02,183.0,
07:37:50,179.13,15.0,180.89,19.0,175.93,41.0,189.68,38.0,1.759999999999991,56.0,57.0,4.941244782435986,179.13,180.89,113,-1.0,23.0,-0.01,181.0,1.0
07:37:51,175.0,32.0,177.17,42.0,173.0,36.0,254.64,22.0,2.1699999999999875,68.0,64.0,6.543825333850914,175.0,177.17,132,4.0,19.0,0.03,176.0,4.0
07:37:52,173.0,43.0,176.0,44.0,172.0,33.0,417.29,28.0,3.0,76.0,72.0,6.320377362147518,173.0,176.0,148,4.0,16.0,0.03,176.0,
07:37:54,177.94,51.0,181.95,58.0,175.39,46.0,493.84,49.0,4.009999999999991,97.0,107.0,90.53353511268612,177.94,181.95,204,-10.0,106.0,-0.05,180.0,3.0
07:37:55,180.0,18.0,182.0,30.0,175.86,21.0,466.0,24.0,2.0,39.0,54.0,90.43041236221347,180.0,182.0,93,-15.0,-111.0,-0.16,180.0,
07:37:56,179.83,23.0,182.0,40.0,177.52,31.0,435.75,32.0,2.1699999999999875,54.0,72.0,89.89079096325703,179.83,182.0,126,-18.0,33.0,-0.14,179.2,5.0
07:37:57,178.0,18.0,182.0,45.0,173.0,27.0,403.11,36.0,4.0,45.0,81.0,89.23725006968768,178.0,182.0,126,-36.0,0.0,-0.29,179.2,
07:37:58,178.0,20.0,194.38,48.0,175.39,44.0,319.43,42.0,16.379999999999995,64.0,90.0,2.6086145748178478,178.0,194.38,154,-26.0,28.0,-0.17,179.2,
07:37:59,176.6,10.0,194.0,36.0,173.41,73.0,315.37,38.0,17.400000000000006,83.0,74.0,2.842630823718182,176.6,194.0,157,9.0,3.0,0.06,176.67,6.0
07:38:00,176.0,9.0,193.83,24.0,173.0,81.0,337.56,36.0,17.830000000000013,90.0,60.0,2.803752842165855,176.0,193.83,150,30.0,-7.0,0.2,176.67,
07:38:01,176.0,10.0,193.0,10.0,173.0,90.0,194.0,40.0,17.0,100.0,50.0,2.419549544843725,176.0,193.0,150,50.0,0.0,0.33,176.67,
07:38:02,176.0,10.0,190.63,19.0,173.29,42.0,192.77,31.0,14.629999999999995,52.0,50.0,1.0566834909062537,176.0,190.63,102,2.0,-48.0,0.02,176.67,
07:38:03,173.35,51.0,187.09,35.0,149.88,32.0,189.2,20.0,13.740000000000007,83.0,55.0,2.057406133934943,173.35,187.09,138,28.0,36.0,0.2,175.5,2.0
07:38:04,173.0,72.0,186.09,11.0,141.0,16.0,187.03,29.0,13.090000000000003,88.0,40.0,2.471319485609337,173.0,186.09,128,48.0,-10.0,0.38,175.5,
07:38:05,173.0,90.0,185.0,10.0,139.36,22.0,187.0,40.0,12.0,112.0,50.0,2.4411923316182387,173.0,185.0,162,62.0,34.0,0.38,175.5,
07:38:06,173.0,63.0,183.04,25.0,116.29,28.0,185.2,10.0,10.039999999999992,91.0,35.0,2.0119194814780474,173.0,183.04,126,56.0,-36.0,0.44,175.5,
07:38:07,173.0,45.0,182.73,11.0,120.0,32.0,183.14,14.0,9.72999999999999,77.0,25.0,1.0032945728699334,173.0,182.73,102,52.0,-24.0,0.51,175.5,
07:38:08,173.0,49.0,182.0,9.0,171.0,90.0,183.0,36.0,9.0,139.0,45.0,0.8554998538573644,173.0,182.0,184,94.0,82.0,0.51,173.0,4.0
07:38:09,174.43,53.0,180.16,19.0,172.5,70.0,181.04,46.0,5.72999999999999,123.0,65.0,0.6594543198355234,174.43,180.16,188,58.0,4.0,0.31,173.0,
07:38:10,175.46,52.0,180.73,37.0,172.0,65.0,238.54,52.0,5.269999999999982,117.0,89.0,0.3436277054453642,175.46,180.73,206,28.0,18.0,0.14,179.0,1.0
07:38:11,176.27,44.0,179.49,53.0,172.0,55.0,193.07,41.0,3.219999999999999,99.0,94.0,0.3217452407567683,176.27,179.49,193,5.0,-13.0,0.03,179.0,
07:38:12,176.52,46.0,301.58,76.0,169.88,75.0,445.17,46.0,125.05999999999996,121.0,122.0,27.44057725340261,176.52,301.58,243,-1.0,50.0,-0.0,177.5,6.0
07:38:13,171.83,29.0,426.85,41.0,139.5,28.0,427.74,38.0,255.02,57.0,79.0,54.42934576127082,171.83,426.8500000000001,136,-22.0,-107.0,-0.16,173.4,5.0
07:38:14,157.3,67.0,283.47,55.0,142.97,80.0,358.1,48.0,126.17000000000002,147.0,103.0,50.35877053701743,157.3,283.47,250,44.0,114.0,0.18,171.0,2.0
07:38:15,171.0,12.0,223.22,32.0,141.4,40.0,230.22,32.0,52.22,52.0,64.0,46.71149248311358,171.0,223.22,116,-12.0,-134.0,-0.1,171.0,
07:38:16,171.0,12.0,183.4,15.0,133.0,72.0,206.0,19.0,12.400000000000006,84.0,34.0,46.8900114096806,171.0,183.4,118,50.0,2.0,0.42,171.0,1.0
07:38:17,133.14,84.0,185.91,35.0,132.0,140.0,267.62,24.0,52.77000000000001,224.0,59.0,54.48910836121259,133.14,185.91,283,165.0,161.5,0.58,171.67,9.0
07:38:18,139.69,26.0,191.46,41.0,128.58,52.0,364.87,31.0,51.77000000000001,78.0,72.0,24.901878844777023,139.69,191.46,150,6.0,-133.0,0.04,173.0,1.0
07:38:19,145.0,24.0,244.93,30.0,84.87,30.0,360.7,33.0,99.93,54.0,63.0,16.921553415687082,145.0,244.93,117,-9.0,-33.0,-0.08,173.0,
07:38:21,174.96,25.0,388.97,37.0,137.33,18.0,650.22,36.0,214.01,43.0,73.0,53.96605720265247,174.96,388.97,116,-30.0,-63.0,-0.26,173.0,
07:38:28,181.89,18.0,300.38,34.0,179.0,27.0,393.5,32.0,118.49,45.0,66.0,73.81127400336645,181.89,300.38,111,-21.0,-16.0,-0.19,173.0,
07:38:29,178.76,38.0,298.0,65.0,174.09,80.0,383.61,33.0,119.24,118.0,98.0,69.27508592560541,178.76,298.0,216,20.0,105.0,0.09,180.2,5.0
07:38:30,174.5,32.0,254.44,48.0,173.16,76.0,324.74,39.0,79.94,108.0,87.0,60.258543377682045,174.5,254.44,195,21.0,-21.0,0.11,180.2,
07:38:31,177.96,109.0,233.0,65.0,175.78,27.0,322.29,34.0,55.03999999999999,136.0,99.0,53.586565947072685,177.96,233.0,235,37.0,40.0,0.16,178.0,4.0
07:38:32,178.0,55.0,229.73,52.0,176.0,22.0,292.15,33.0,51.72999999999999,77.0,85.0,17.917038538775028,178.0,229.73,162,-8.0,-73.0,-0.05,178.0,
07:38:33,178.0,40.0,226.74,34.0,176.0,16.0,227.4,25.0,48.74000000000001,56.0,59.0,14.993102747595126,178.0,226.74,115,-3.0,-47.0,-0.03,178.0,
07:38:34,178.0,61.0,222.61,46.0,176.0,26.0,224.05,43.0,44.610000000000014,87.0,89.0,5.471541830228435,178.0,222.61000000000004,176,-2.0,61.0,-0.01,178.0,2.0
07:38:35,178.5,16.0,201.2,25.0,177.09,22.0,218.42,24.0,22.69999999999999,38.0,49.0,6.18541267822418,178.5,201.2,87,-11.0,-89.0,-0.13,178.2,5.0
07:38:36,176.0,13.0,216.7,43.0,174.0,39.0,218.31,49.0,40.69999999999999,52.0,92.0,5.623328196000594,176.0,216.7,144,-40.0,57.0,-0.28,178.2,
07:38:37,176.0,13.0,211.69,54.0,174.0,39.0,213.1,39.0,35.69,52.0,93.0,5.005214281120641,176.0,211.69,145,-41.0,1.0,-0.28,178.2,
07:38:38,176.85,47.0,206.4,63.0,174.55,29.0,207.5,48.0,29.55000000000001,76.0,111.0,4.1035557751701965,176.84999999999997,206.4,187,-35.0,42.0,-0.19,178.2,
07:38:39,177.79,70.0,199.92,49.0,176.0,14.0,201.12,43.0,22.129999999999995,84.0,92.0,3.039139680885254,177.79,199.92,176,-8.0,-11.0,-0.05,178.2,
07:38:40,178.3,86.0,184.43,60.0,176.0,18.0,193.22,76.0,6.129999999999996,104.0,136.0,5.759073710235907,178.3,184.43,240,-32.0,64.0,-0.13,179.0,4.0
07:38:41,177.6,15.0,179.69,49.0,173.21,113.0,181.83,71.0,2.0900000000000034,128.0,120.0,6.574232274564723,177.6,179.69,248,8.0,8.0,0.03,179.0,1.0
07:38:42,173.02,164.0,188.76,21.0,142.16,31.0,191.04,47.0,15.73999999999998,195.0,68.0,5.62177729903338,173.02,188.76,263,127.0,15.0,0.48,173.3,10.0
07:38:43,173.15,26.0,254.47,19.0,127.2,20.0,496.93,14.0,81.32,46.0,33.0,14.545283771722351,173.15000000000003,254.47000000000003,79,13.0,-162.5,0.16,173.3,
07:38:44,173.25,16.0,361.64,25.0,124.34,82.0,474.35,23.0,188.39,98.0,48.0,38.107571688575725,173.25,361.64,146,50.0,67.0,0.34,173.4,5.0
07:38:45,173.71,35.0,246.14,35.0,119.15,75.0,391.38,26.0,72.42999999999998,110.0,61.0,35.860791681165395,173.71,246.14,171,49.0,25.0,0.29,173.4,
07:38:47,140.92,13.0,249.83,46.0,130.69,13.0,390.26,38.0,108.91000000000004,26.0,84.0,38.54309925265404,140.92,249.83,110,-58.0,-13.0,-0.53,173.0,5.0
07:38:50,178.0,36.0,290.8,35.0,172.34,32.0,355.45,33.0,112.8,68.0,68.0,31.396231939516664,178.0,290.8,136,0.0,51.0,0.0,173.0,
07:38:51,183.0,30.0,291.6,40.0,181.0,70.0,411.23,39.0,108.60000000000002,100.0,79.0,33.90960822539735,183.0,291.6,179,21.0,43.0,0.12,173.0,
07:38:52,183.0,15.0,290.0,20.0,181.0,35.0,389.1,21.0,107.0,50.0,41.0,36.64819599925678,183.0,290.0,91,9.0,-88.0,0.1,173.0,
07:38:53,183.0,33.0,281.0,44.0,181.0,77.0,314.27,44.0,98.0,110.0,88.0,20.82550407553078,183.0,281.0,198,22.0,107.0,0.11,173.0,
07:38:54,181.82,17.0,268.44,27.0,180.85,41.0,278.71,28.0,86.62,58.0,55.0,4.8891492102362495,181.82,268.44,113,3.0,-85.0,0.03,182.2,5.0
07:38:55,180.68,28.0,199.47,19.0,177.82,44.0,234.22,27.0,18.789999999999992,72.0,46.0,19.67726657846429,180.68,199.47,118,26.0,5.0,0.22,181.0,5.0
07:38:56,182.0,24.0,189.36,22.0,180.0,24.0,197.5,20.0,7.360000000000014,48.0,42.0,24.12592630345912,182.0,189.36,90,6.0,-28.0,0.07,181.0,
07:38:57,180.63,57.0,183.96,50.0,177.66,82.0,189.32,38.0,3.3300000000000125,139.0,88.0,23.59093300401519,180.63,183.96,227,51.0,137.0,0.22,182.0,3.0
07:38:58,180.0,60.0,181.67,24.0,177.0,64.0,187.7,23.0,1.6699999999999875,124.0,47.0,18.41773954642443,180.0,181.67,171,77.0,-56.0,0.45,180.0,4.0
07:38:59,180.0,32.0,181.0,16.0,177.0,64.0,223.0,24.0,1.0,96.0,40.0,4.028128597738754,180.0,181.0,136,56.0,-35.0,0.41,180.0,
07:39:00,180.0,16.0,181.0,8.0,177.0,32.0,315.0,12.0,1.0,48.0,20.0,2.207605037120452,180.0,181.0,68,28.0,-68.0,0.41,180.0,
07:39:01,180.0,26.0,181.0,16.0,177.14,43.0,259.0,40.0,1.0,69.0,56.0,0.7812681997361351,180.0,181.0,125,13.0,57.0,0.1,180.0,2.0
07:39:02,179.15,13.0,318.48,42.0,177.02,89.0,393.61,49.0,139.33,102.0,91.0,30.51707227110633,179.15000000000003,318.48,193,11.0,68.0,0.06,180.0,2.0
07:39:03,179.0,11.0,355.24,29.0,177.0,88.0,423.94,52.0,176.24,99.0,81.0,42.9225059846223,179.0,355.24,180,18.0,-13.0,0.1,180.0,
07:39:04,177.13,30.0,385.0,25.0,176.44,36.0,506.44,27.0,207.87,66.0,52.0,48.03097875329992,177.13,385.0,118,14.0,-62.0,0.12,178.0,2.0
07:39:05,177.0,32.0,450.0,18.0,176.0,30.0,539.0,30.0,273.0,62.0,48.0,49.462025029308734,177.0,450.0,110,14.0,-8.0,0.13,177.0,5.0
07:39:06,176.94,129.0,436.21,33.0,175.68,37.0,666.38,13.0,259.27,166.0,46.0,26.970189469115297,176.94,436.21,212,120.0,102.0,0.57,176.67,3.0
07:39:08,178.01,129.0,414.95,40.0,176.89,114.0,628.48,27.0,236.94,243.0,67.0,72.76339581135562,178.01,414.95,310,176.0,22.0,0.57,176.67,
07:39:09,179.14,121.0,218.36,22.0,177.11,247.0,299.21,38.0,39.22000000000003,368.0,60.0,93.40788580200278,179.14,218.36,428,308.0,118.0,0.72,176.67,
07:39:10,180.41,189.0,217.83,29.0,179.0,169.0,581.76,50.0,37.420000000000016,358.0,79.0,106.90532058789204,180.41,217.83,437,279.0,9.0,0.64,180.0,4.0
07:39:11,181.0,122.0,215.77,39.0,179.0,156.0,216.44,45.0,34.77000000000001,278.0,84.0,113.9711558684914,181.0,215.77,362,194.0,-75.0,0.54,181.0,6.0
07:39:12,181.0,52.0,213.55,38.0,179.0,130.0,215.62,32.0,32.55000000000001,182.0,70.0,43.87593326642657,181.0,213.55,252,112.0,-110.0,0.44,181.0,6.0
07:39:13,181.0,16.0,206.59,74.0,179.0,208.0,208.85,65.0,25.590000000000003,224.0,139.0,2.1618233045050883,181.0,206.59,363,85.0,111.0,0.23,181.0,
07:39:14,179.18,79.0,183.43,63.0,177.9,203.0,186.44,72.0,4.25,282.0,135.0,7.373674796185312,179.18,183.43,417,147.0,54.0,0.35,179.4,5.0
07:39:15,179.0,58.0,180.57,35.0,177.0,98.0,182.0,14.0,1.5699999999999932,156.0,49.0,8.909775530275464,179.0,180.57,205,107.0,-162.5,0.52,179.0,5.0
07:39:16,177.0,130.0,180.0,50.0,176.0,30.0,182.0,20.0,3.0,160.0,70.0,8.730588754482266,177.0,180.0,230,90.0,25.0,0.39,178.6,5.0
07:39:17,177.0,65.0,178.6,10.0,176.0,15.0,180.0,25.0,1.5999999999999943,80.0,35.0,6.599637868844702,177.0,178.6,115,45.0,-115.0,0.39,178.6,
07:39:18,177.0,81.0,179.43,28.0,176.0,24.0,415.11,36.0,2.430000000000007,105.0,64.0,1.427953080421934,177.0,179.43,169,41.0,54.0,0.24,177.0,7.0
07:39:20,180.0,30.0,474.61,33.0,177.0,60.0,508.7,33.0,294.61,90.0,66.0,93.7293656225195,180.0,474.61,156,24.0,26.0,0.15,177.0,
07:39:21,181.62,39.0,403.0,27.0,177.6,45.0,450.8,30.0,221.38,84.0,57.0,86.85675523527202,181.62,403.0,141,27.0,-15.0,0.19,177.0,
07:39:22,183.0,84.0,402.67,36.0,180.08,53.0,469.2,30.0,219.67,137.0,66.0,70.48648217920916,183.0,402.67,203,71.0,62.0,0.35,177.0,
07:39:23,183.0,25.0,401.8,15.0,182.0,5.0,463.0,20.0,218.8,30.0,35.0,33.197878697290136,183.0,401.8,65,-5.0,-138.0,-0.08,183.0,5.0
07:39:24,181.5,20.0,400.04,23.0,178.09,23.0,570.45,31.0,218.54,43.0,54.0,15.771283080332328,181.5,400.04,97,-11.0,32.0,-0.11,181.33,6.0
07:39:25,180.0,27.0,397.15,26.0,177.5,24.0,398.32,22.0,217.15,51.0,48.0,1.7478472473217594,180.0,397.15,99,3.0,2.0,0.03,181.33,
07:39:26,180.0,26.0,393.92,26.0,179.0,10.0,394.97,29.0,213.92,36.0,55.0,2.507263448457153,180.0,393.92,91,-19.0,-8.0,-0.21,180.0,1.0
07:39:27,180.0,30.0,342.0,43.0,179.0,15.0,343.42,36.0,162.0,45.0,79.0,12.991478745699542,180.0,342.0,124,-34.0,33.0,-0.27,180.0,
07:39:28,180.0,20.0,263.5,28.0,179.0,10.0,264.45,22.0,83.5,30.0,50.0,29.466662009802697,180.0,263.5,80,-20.0,-44.0,-0.25,180.0,
07:39:29,180.0,24.0,260.29,34.0,179.0,12.0,261.77,26.0,80.29000000000002,36.0,60.0,33.551364651828045,180.0,260.29,96,-24.0,16.0,-0.25,180.0,
07:39:30,180.0,22.0,251.28,43.0,179.0,16.0,260.41,37.0,71.28,38.0,80.0,31.46699143546969,180.0,251.28000000000003,118,-42.0,22.0,-0.36,180.0,1.0
07:39:31,180.0,12.0,253.5,34.0,179.0,12.0,255.23,26.0,73.5,24.0,60.0,19.134917559266107,180.0,253.5,84,-36.0,-34.0,-0.43,180.0,
07:39:32,180.0,15.0,251.02,43.0,179.0,15.0,252.94,32.0,71.02000000000001,30.0,75.0,2.8288336819088378,180.0,251.02,105,-45.0,21.0,-0.43,180.0,
07:39:33,180.0,12.0,246.71,31.0,179.0,12.0,248.28,29.0,66.71000000000001,24.0,60.0,2.489236830817906,180.0,246.71,84,-36.0,-21.0,-0.43,180.0,
07:39:34,180.0,11.0,240.15,26.0,179.0,11.0,242.3,30.0,60.150000000000006,22.0,56.0,2.64420687539733,180.0,240.15000000000003,78,-34.0,-6.0,-0.44,180.0,
07:39:35,181.07,28.0,229.54,26.0,179.82,11.0,230.72,29.0,48.47,39.0,55.0,4.612089548122047,181.07,229.54,94,-16.0,16.0,-0.17,181.0,2.0
07:39:36,182.0,20.0,227.4,25.0,179.7,10.0,228.73,22.0,45.400000000000006,30.0,47.0,4.783938753777528,182.0,227.4,77,-17.0,-17.0,-0.22,181.0,
07:39:37,182.0,28.0,226.62,32.0,179.0,14.0,227.71,28.0,44.620000000000005,42.0,60.0,3.9913493958675863,182.0,226.62,102,-18.0,25.0,-0.18,181.0,
07:39:38,182.0,34.0,225.39,49.0,179.99,212.0,226.5,36.0,43.38999999999999,246.0,85.0,2.563265495396626,182.0,225.39,331,161.0,161.5,0.49,181.0,
07:39:39,182.0,20.0,221.4,20.0,180.0,140.0,223.0,24.0,39.400000000000006,160.0,44.0,1.3824073205424567,182.0,221.4,204,116.0,-127.0,0.57,181.0,
07:39:40,182.39,72.0,217.38,48.0,180.18,191.0,218.18,44.0,34.99000000000001,263.0,92.0,2.0250259257324013,182.39,217.38,355,171.0,151.0,0.48,182.0,2.0
07:39:41,181.8,80.0,215.2,30.0,180.46,156.0,216.4,50.0,33.39999999999998,236.0,80.0,2.4642098124727942,181.8,215.2,316,156.0,-39.0,0.49,182.6,5.0
07:39:42,181.0,56.0,210.27,30.0,180.0,168.0,211.67,24.0,29.27000000000001,224.0,54.0,3.073898176564329,181.0,210.27,278,170.0,-38.0,0.61,181.0,5.0
07:39:43,180.74,53.0,208.7,46.0,179.99,194.0,209.41,34.0,27.95999999999998,247.0,80.0,2.9074352959066343,180.74,208.7,327,167.0,49.0,0.51,180.75,4.0
07:39:44,180.0,160.0,201.0,40.0,179.0,13.0,201.94,36.0,21.0,173.0,76.0,3.647297629736496,180.0,201.0,249,97.0,-78.0,0.39,180.0,2.0
07:39:45,180.0,164.0,193.89,36.0,179.0,16.0,195.1,40.0,13.889999999999986,180.0,76.0,4.548793246552208,180.0,193.89,256,104.0,7.0,0.41,180.0,2.0
07:39:46,180.0,90.0,188.89,18.0,179.0,9.0,190.22,18.0,8.889999999999986,99.0,36.0,4.834974663829813,180.0,188.89,135,63.0,-121.0,0.47,180.0,
07:39:47,180.0,100.0,187.14,29.0,179.0,10.0,189.4,20.0,7.139999999999986,110.0,49.0,4.605016829488662,180.0,187.14,159,61.0,24.0,0.38,180.0,
07:39:48,180.0,110.0,183.72,29.0,179.0,11.0,184.81,27.0,3.719999999999999,121.0,56.0,3.3602261828441238,180.0,183.72,177,65.0,18.0,0.37,180.0,
07:39:49,179.71,24.0,180.9,40.0,177.12,52.0,182.0,20.0,1.1899999999999975,76.0,60.0,2.5308733670156305,179.71,180.9,136,16.0,-41.0,0.12,180.0,10.0
07:39:50,176.94,84.0,179.59,29.0,176.09,116.0,215.47,47.0,2.6500000000000057,200.0,76.0,2.49112022991006,176.94,179.58999999999995,276,124.0,140.0,0.45,177.4,5.0
07:39:51,176.18,51.0,247.38,13.0,175.71,51.0,284.89,27.0,71.19999999999999,102.0,40.0,13.904962423533313,176.18,247.38,142,62.0,-134.0,0.44,176.5,6.0
07:39:52,175.93,44.0,287.0,8.0,174.14,37.0,288.0,24.0,111.07,81.0,32.0,23.79901636622581,175.93,287.0,113,49.0,-29.0,0.43,176.5,
07:39:53,176.66,53.0,287.23,13.0,175.44,16.0,303.5,30.0,110.57000000000002,69.0,43.0,26.37566056044654,176.66,287.23,112,26.0,-1.0,0.23,176.5,
07:39:54,177.78,23.0,287.0,20.0,176.98,46.0,433.2,30.0,109.22,69.0,50.0,23.439427254092767,177.78,287.0,119,19.0,7.0,0.16,176.5,
07:39:55,178.82,45.0,278.0,39.0,177.5,56.0,401.0,36.0,99.18,101.0,75.0,8.760308213751237,178.82,278.0,176,26.0,57.0,0.15,180.0,2.0
07:39:56,179.0,30.0,280.84,19.0,176.0,8.0,327.32,31.0,101.83999999999996,38.0,50.0,1.64180388595028,179.0,280.84,88,-12.0,-88.0,-0.14,179.0,3.0
07:39:57,180.2,20.0,286.5,20.0,176.0,10.0,365.0,36.0,106.3,30.0,56.0,2.001469460152178,180.2,286.5,86,-26.0,-2.0,-0.3,179.0,
07:39:58,181.0,16.0,285.88,16.0,178.31,13.0,326.67,36.0,104.88,29.0,52.0,2.237335468793668,181.0,285.88,81,-23.0,-5.0,-0.28,179.0,
07:39:59,181.0,20.0,283.75,24.0,179.67,12.0,305.95,42.0,102.75,32.0,66.0,2.2363474685124807,181.0,283.75,98,-34.0,17.0,-0.35,179.0,
07:40:00,181.08,26.0,281.23,26.0,180.14,14.0,283.0,52.0,100.15,40.0,78.0,1.5064760203610132,181.08,281.23,118,-38.0,20.0,-0.32,179.0,
07:40:01,182.59,54.0,270.0,60.0,181.35,34.0,279.7,46.0,87.41,88.0,106.0,2.956692408743588,182.59,270.0,194,-18.0,76.0,-0.09,183.0,1.0
07:40:02,183.0,32.0,276.0,40.0,182.0,20.0,277.0,20.0,93.0,52.0,60.0,2.794007873990545,183.0,276.0,112,-8.0,-82.0,-0.07,183.0,3.0
07:40:03,182.88,16.0,276.0,20.0,181.8,10.0,277.0,10.0,93.12,26.0,30.0,2.2878985991342184,182.88,276.0,56,-4.0,-56.0,-0.07,183.0,
07:40:04,183.0,75.0,275.27,60.0,182.0,30.0,277.0,30.0,92.26999999999998,105.0,90.0,1.7549159523805178,183.0,275.2699999999999,195,15.0,139.0,0.08,183.0,
07:40:05,182.67,30.0,273.33,36.0,181.44,18.0,277.0,18.0,90.66,48.0,54.0,1.3571219546963813,182.67,273.33,102,-6.0,-93.0,-0.06,183.0,5.0
07:40:06,181.85,26.0,271.33,54.0,180.44,50.0,275.93,30.0,89.47999999999999,76.0,84.0,1.2423244342437272,181.85,271.33,160,-8.0,58.0,-0.05,182.0,2.0
07:40:07,181.77,26.0,272.57,28.0,180.0,98.0,277.0,14.0,90.79999999999998,124.0,42.0,1.225328527342152,181.77,272.57,166,82.0,6.0,0.49,182.0,
07:40:08,182.0,60.0,270.19,42.0,180.61,36.0,272.6,30.0,88.19,96.0,72.0,1.199153868324549,182.0,270.19,168,24.0,2.0,0.14,182.0,
07:40:09,180.46,76.0,249.95,61.0,179.98,116.0,253.62,65.0,69.48999999999998,192.0,126.0,5.304387806327376,180.46,249.95,318,66.0,150.0,0.21,181.2,10.0
07:40:10,180.0,47.0,239.82,22.0,179.0,20.0,241.53,30.0,59.81999999999999,67.0,52.0,7.934719906834175,180.0,239.82,119,15.0,-162.5,0.13,180.0,9.0
07:40:11,180.0,32.0,236.76,34.0,179.0,32.0,238.67,36.0,56.75999999999999,64.0,70.0,8.85139706486533,180.0,236.76,134,-6.0,15.0,-0.04,180.0,
07:40:12,180.0,22.0,231.96,25.0,179.0,22.0,232.84,25.0,51.96000000000001,44.0,50.0,8.009365143374477,180.0,231.96,94,-6.0,-40.0,-0.06,180.0,
07:40:13,180.0,22.0,228.65,26.0,179.0,22.0,230.91,22.0,48.650000000000006,44.0,48.0,4.195911104861161,180.0,228.65000000000003,92,-4.0,-2.0,-0.04,180.0,
07:40:14,180.0,8.0,224.5,8.0,179.0,8.0,226.33,9.0,44.5,16.0,17.0,3.068379050882448,180.0,224.5,33,-1.0,-59.0,-0.03,180.0,
07:40:15,179.88,25.0,222.08,26.0,178.88,25.0,224.38,26.0,42.20000000000002,50.0,52.0,2.9436083299060565,179.88,222.08,102,-2.0,69.0,-0.02,179.5,4.0
07:40:16,177.0,12.0,217.96,25.0,176.0,30.0,220.63,27.0,40.96000000000001,42.0,52.0,3.2632238660395263,177.0,217.96,94,-10.0,-8.0,-0.11,179.5,
07:40:17,177.0,12.0,214.75,24.0,176.0,36.0,216.1,31.0,37.75,48.0,55.0,3.461478008002907,177.0,214.75,103,-7.0,9.0,-0.07,179.5,
07:40:18,173.18,22.0,211.53,19.0,169.7,10.0,213.25,16.0,38.35,32.0,35.0,3.981377902169703,173.18,211.53,67,-3.0,-36.0,-0.04,176.0,5.0
07:40:19,173.0,30.0,206.3,27.0,167.0,10.0,207.48,23.0,33.30000000000001,40.0,50.0,4.415061720959579,173.0,206.3,90,-10.0,23.0,-0.11,176.0,
07:40:20,173.0,39.0,200.26,34.0,167.0,13.0,201.28,29.0,27.25999999999999,52.0,63.0,4.437755063078575,173.0,200.26,115,-11.0,25.0,-0.1,176.0,
07:40:21,175.77,78.0,195.47,30.0,172.68,38.0,196.75,40.0,19.69999999999999,116.0,70.0,4.2058685190905525,175.77,195.47,186,46.0,71.0,0.25,176.0,
07:40:22,176.54,91.0,190.1,39.0,175.3,60.0,192.41,34.0,13.560000000000002,151.0,73.0,3.532269808476437,176.54,190.1,224,78.0,38.0,0.35,176.0,
07:40:23,179.63,86.0,188.4,47.0,177.61,54.0,189.67,36.0,8.77000000000001,140.0,83.0,2.4925428782414785,179.63,188.40000000000003,223,57.0,-1.0,0.26,176.0,
07:40:24,180.0,84.0,186.04,25.0,178.5,36.0,187.71,45.0,6.039999999999992,120.0,70.0,1.5493611586298464,180.0,186.04,190,50.0,-33.0,0.26,176.0,
07:40:25,180.0,63.0,182.11,36.0,179.0,27.0,184.0,18.0,2.1100000000000136,90.0,54.0,1.6536988842802116,180.0,182.11,144,36.0,-46.0,0.25,176.0,
07:40:26,177.43,56.0,181.0,44.0,177.4,30.0,193.72,25.0,3.569999999999993,86.0,69.0,1.965421074443891,177.43,181.0,155,17.0,11.0,0.11,179.92,12.0
07:40:27,175.92,48.0,180.08,24.0,174.11,36.0,188.76,29.0,4.160000000000025,84.0,53.0,2.51938881474595,175.92,180.08,137,31.0,-18.0,0.23,176.0,6.0
07:40:28,175.0,12.0,177.78,18.0,174.0,12.0,178.48,21.0,2.780000000000001,24.0,39.0,2.5895810471706264,175.0,177.78,63,-15.0,-74.0,-0.24,176.0,
07:40:29,174.0,32.0,176.11,38.0,173.22,36.0,185.93,28.0,2.1100000000000136,68.0,66.0,2.3508232600226378,174.0,176.11,134,2.0,71.0,0.01,175.5,4.0
07:40:30,175.32,41.0,189.87,75.0,172.69,125.0,306.32,73.0,14.550000000000011,166.0,148.0,2.8947918750514323,175.32,189.87,314,18.0,161.5,0.06,174.25,4.0
07:40:31,177.1,91.0,293.81,53.0,175.94,139.0,428.8,49.0,116.71,230.0,102.0,25.850504250398604,177.1,293.81,332,128.0,18.0,0.39,174.25,
07:40:32,180.5,8.0,238.0,32.0,177.0,136.0,265.12,40.0,57.5,144.0,72.0,26.151573948806277,180.5,238.0,216,72.0,-116.0,0.33,174.25,
07:40:33,177.2,89.0,235.33,36.0,175.64,103.0,383.0,42.0,58.13000000000002,192.0,78.0,23.94283149504021,177.2,235.33000000000004,270,114.0,54.0,0.42,182.0,1.0
07:40:34,177.0,249.0,233.26,62.0,173.0,119.0,236.76,50.0,56.25999999999999,368.0,112.0,18.789451828084182,177.0,233.26,480,256.0,161.5,0.53,177.0,4.0
07:40:35,177.0,104.0,229.36,36.0,173.0,56.0,230.43,28.0,52.360000000000014,160.0,64.0,13.375868943732245,177.0,229.36,224,96.0,-162.5,0.43,177.0,
07:40:36,177.0,179.0,226.4,53.0,173.0,105.0,227.73,59.0,49.400000000000006,284.0,112.0,2.908544309425769,177.0,226.4,396,172.0,161.5,0.43,177.0,2.0
07:40:37,177.0,154.0,220.08,37.0,173.46,78.0,221.26,58.0,43.08000000000001,232.0,95.0,3.034687792819977,177.0,220.08,327,137.0,-69.0,0.42,177.0,
07:40:38,177.29,173.0,199.16,62.0,175.03,142.0,207.13,63.0,21.870000000000005,315.0,125.0,6.669147621689482,177.29,199.16,440,190.0,113.0,0.43,179.0,5.0
07:40:39,177.6,72.0,183.88,81.0,176.34,103.0,184.94,65.0,6.280000000000001,175.0,146.0,9.6456218047299,177.6,183.88,321,29.0,-119.0,0.09,180.0,1.0
07:40:40,179.0,40.0,181.12,48.0,177.0,143.0,182.51,47.0,2.1200000000000045,183.0,95.0,9.96743597922132,179.0,181.12,278,88.0,-43.0,0.32,179.0,3.0
07:40:41,177.39,41.0,180.7,23.0,175.38,148.0,181.73,44.0,3.3100000000000023,189.0,67.0,8.235880037972308,177.39,180.7,256,122.0,-22.0,0.48,179.0,1.0
07:40:42,177.0,105.0,178.89,27.0,174.67,90.0,189.0,34.0,1.8899999999999864,195.0,61.0,4.068945809403977,177.0,178.89,256,134.0,0.0,0.52,177.0,9.0
07:40:43,177.0,12.0,179.0,6.0,176.0,30.0,251.92,13.0,2.0,42.0,19.0,1.2404354073727033,177.0,179.0,61,23.0,-162.5,0.38,177.0,
07:40:44,176.08,39.0,178.0,15.0,173.2,229.0,236.73,37.0,1.9199999999999875,268.0,52.0,1.1602930663685946,176.08,178.0,320,216.0,161.5,0.68,176.4,5.0
07:40:45,176.0,30.0,177.0,15.0,172.97,33.0,304.08,39.0,1.0,63.0,54.0,0.9770772742532816,176.0,177.0,117,9.0,-162.5,0.08,176.4,
07:40:46,176.0,10.0,458.14,14.0,173.0,24.0,539.96,23.0,282.14,34.0,37.0,62.47891564359847,176.0,458.14,71,-3.0,-46.0,-0.04,176.0,1.0
07:40:47,176.0,9.0,261.0,33.0,173.0,27.0,463.73,22.0,85.0,36.0,55.0,60.64300470787956,176.0,261.0,91,-19.0,20.0,-0.21,176.0,
07:40:48,176.86,42.0,235.22,27.0,173.43,21.0,302.81,27.0,58.35999999999999,63.0,54.0,57.77720917455177,176.86,235.22,117,9.0,26.0,0.08,176.0,
07:40:49,177.0,132.0,262.79,19.0,176.0,11.0,301.4,30.0,85.79000000000002,143.0,49.0,52.96975221765644,177.0,262.79,192,94.0,75.0,0.49,176.0,
07:40:50,178.0,108.0,261.0,9.0,176.0,9.0,309.38,26.0,83.0,117.0,35.0,45.573508203779184,178.0,261.0,152,82.0,-40.0,0.54,176.0,
07:40:51,179.45,132.0,242.68,19.0,176.0,11.0,318.12,25.0,63.23000000000002,143.0,44.0,6.167223848694331,179.45,242.68,187,99.0,35.0,0.53,176.0,
07:40:52,180.36,132.0,218.57,21.0,176.0,11.0,224.4,45.0,38.20999999999998,143.0,66.0,8.784095286362719,180.36,218.57,209,77.0,22.0,0.37,176.0,
07:40:53,181.0,146.0,200.46,26.0,176.0,13.0,247.03,35.0,19.460000000000008,159.0,61.0,12.786454551590763,181.0,200.46,220,98.0,11.0,0.45,181.0,5.0
07:40:54,181.17,69.0,196.88,16.0,177.08,38.0,247.16,31.0,15.710000000000008,107.0,47.0,13.13773458400986,181.17,196.88,154,60.0,-66.0,0.39,181.0,
07:40:55,182.67,15.0,191.3,27.0,181.36,55.0,193.39,18.0,8.630000000000024,70.0,45.0,9.94370303256694,182.67,191.3,115,25.0,-39.0,0.22,182.5,2.0
07:40:56,181.64,11.0,189.62,16.0,180.92,53.0,192.0,8.0,7.980000000000018,64.0,24.0,5.447974853087617,181.64,189.62,88,40.0,-27.0,0.45,181.25,4.0
07:40:57,181.0,38.0,186.6,15.0,180.0,44.0,188.56,18.0,5.599999999999994,82.0,33.0,2.731367789198539,181.0,186.6,115,49.0,27.0,0.43,181.0,3.0
07:40:58,180.8,10.0,185.25,12.0,179.8,40.0,186.11,18.0,4.449999999999989,50.0,30.0,2.418898509625708,180.8,185.25,80,20.0,-35.0,0.25,180.25,4.0
07:40:59,179.58,19.0,182.62,16.0,178.44,54.0,198.91,23.0,3.039999999999992,73.0,39.0,2.284178189167287,179.58,182.62,112,34.0,32.0,0.3,180.0,1.0
07:41:00,178.33,18.0,217.85,13.0,176.4,25.0,389.5,20.0,39.51999999999998,43.0,33.0,6.771842437614019,178.33,217.85,76,10.0,-36.0,0.13,179.0,4.0
07:41:01,177.0,30.0,445.0,35.0,176.0,75.0,490.17,59.0,268.0,105.0,94.0,56.08480837089397,177.0,445.0,199,11.0,123.0,0.06,179.0,
07:41:02,177.92,60.0,333.05,39.0,176.17,48.0,416.68,31.0,155.13000000000002,108.0,70.0,56.42501971643355,177.92,333.05,178,38.0,-21.0,0.21,179.0,4.0
07:41:03,179.31,112.0,414.06,32.0,177.0,32.0,419.05,66.0,234.75,144.0,98.0,57.79526511748121,179.31,414.06,242,46.0,64.0,0.19,179.0,
07:41:04,181.0,48.0,329.27,22.0,180.0,56.0,391.06,34.0,148.26999999999998,104.0,56.0,44.07454537485278,181.0,329.27,160,48.0,-82.0,0.3,179.0,
07:41:05,181.0,54.0,308.11,18.0,180.0,63.0,426.54,41.0,127.11,117.0,59.0,29.321802127426757,181.0,308.11,176,58.0,16.0,0.33,179.0,
07:41:06,181.0,48.0,306.9,20.0,180.0,70.0,435.14,14.0,125.89999999999998,118.0,34.0,21.695089997507583,181.0,306.9,152,84.0,-24.0,0.55,180.75,8.0
07:41:07,180.0,64.0,267.84,37.0,177.0,28.0,376.91,53.0,87.83999999999997,92.0,90.0,26.98179330585621,180.0,267.84,182,2.0,30.0,0.01,180.0,1.0
07:41:08,180.0,40.0,243.5,20.0,177.0,20.0,280.62,26.0,63.5,60.0,46.0,17.583458988490552,180.0,243.5,106,14.0,-76.0,0.13,180.0,
07:41:09,180.0,46.0,230.97,29.0,177.0,20.0,260.53,17.0,50.97,66.0,46.0,17.993834221752714,180.0,230.97,112,20.0,6.0,0.18,180.0,
07:41:10,180.0,43.0,239.75,36.0,177.0,26.0,241.31,29.0,59.75,69.0,65.0,15.534124693715832,180.0,239.75,134,4.0,22.0,0.03,180.0,2.0
07:41:11,180.0,24.0,236.36,22.0,177.0,16.0,240.47,17.0,56.360000000000014,40.0,39.0,7.13479642315776,180.0,236.36,79,1.0,-55.0,0.01,180.0,
07:41:12,180.0,48.0,187.54,37.0,177.0,32.0,197.44,39.0,7.539999999999992,80.0,76.0,11.438704909206129,180.0,187.54,156,4.0,77.0,0.03,180.0,
07:41:13,180.0,21.0,185.1,20.0,177.0,14.0,186.2,15.0,5.099999999999994,35.0,35.0,13.6190003304167,180.0,185.1,70,0.0,-86.0,0.0,180.0,
07:41:14,179.65,34.0,181.9,40.0,176.71,28.0,183.21,28.0,2.25,62.0,68.0,14.657170600081216,179.65,181.9,130,-6.0,60.0,-0.05,180.0,3.0
07:41:15,176.46,26.0,181.34,38.0,173.87,85.0,242.55,44.0,4.879999999999996,111.0,82.0,12.073865578176653,176.46,181.34,193,29.0,63.0,0.15,178.44,9.0
07:41:16,176.0,16.0,181.62,16.0,175.0,8.0,259.79,38.0,5.6200000000000045,24.0,54.0,2.198090080017889,176.0,181.62,78,-30.0,-115.0,-0.38,178.44,
07:41:17,176.19,27.0,179.58,24.0,175.15,13.0,234.55,55.0,3.390000000000015,40.0,79.0,1.8693769015026935,176.19,179.58,119,-39.0,41.0,-0.33,177.0,5.0
07:41:18,176.52,62.0,178.35,23.0,175.21,19.0,217.87,63.0,1.829999999999984,81.0,86.0,1.2850564189445954,176.52,178.35,167,-5.0,48.0,-0.03,177.0,3.0
07:41:19,179.12,200.0,209.29,70.0,177.67,114.0,362.56,59.0,30.169999999999987,314.0,129.0,7.162313173819857,179.12,209.29,443,185.0,161.5,0.42,178.0,4.0
07:41:20,180.84,189.0,225.17,63.0,179.38,104.0,337.97,58.0,44.329999999999984,293.0,121.0,11.69893670381536,180.84,225.17,414,172.0,-29.0,0.42,181.0,1.0
07:41:21,181.84,90.0,295.0,30.0,180.0,56.0,330.82,33.0,113.16,146.0,63.0,25.00499650069741,181.84,295.0,209,83.0,-162.5,0.4,182.0,4.0
07:41:22,182.0,100.0,263.84,32.0,180.0,80.0,297.7,37.0,81.83999999999997,180.0,69.0,23.94971753486664,182.0,263.84,249,111.0,40.0,0.45,182.0,
07:41:23,180.0,80.0,255.2,20.0,177.0,80.0,368.67,48.0,75.19999999999999,160.0,68.0,17.274966570153083,180.0,255.2,228,92.0,-21.0,0.4,182.0,
07:41:24,180.0,96.0,252.75,24.0,177.0,96.0,253.75,24.0,72.75,192.0,48.0,12.794427693332402,180.0,252.75,240,144.0,12.0,0.6,182.0,
07:41:25,181.47,68.0,251.0,26.0,179.77,104.0,252.54,26.0,69.53,172.0,52.0,9.40874699414931,181.47,251.0,224,120.0,-16.0,0.54,182.0,
07:41:26,182.0,59.0,237.55,29.0,180.0,104.0,246.11,27.0,55.55000000000001,163.0,56.0,4.680585433458961,182.0,237.55,219,107.0,-5.0,0.49,182.0,3.0
07:41:27,182.0,24.0,216.67,24.0,180.0,96.0,229.72,25.0,34.66999999999999,120.0,49.0,7.646723481328693,182.0,216.67,169,71.0,-50.0,0.42,182.0,
07:41:28,182.0,36.0,209.81,42.0,180.0,144.0,211.54,39.0,27.81,180.0,81.0,9.509809672117491,182.0,209.81,261,99.0,92.0,0.38,182.0,
07:41:29,180.14,58.0,205.48,31.0,177.55,88.0,206.13,46.0,25.340000000000003,146.0,77.0,9.859060300043552,180.14,205.48,223,69.0,-38.0,0.31,181.0,4.0
07:41:30,180.0,48.0,205.0,16.0,177.0,64.0,206.0,40.0,25.0,112.0,56.0,7.108321180130388,180.0,205.0,168,56.0,-55.0,0.33,181.0,
07:41:31,180.0,68.0,202.98,47.0,177.0,104.0,203.98,44.0,22.97999999999999,172.0,91.0,3.2078388363330923,180.0,202.98,263,81.0,95.0,0.31,180.0,1.0
07:41:32,180.38,40.0,199.17,24.0,177.93,81.0,203.0,60.0,18.789999999999992,121.0,84.0,2.2432632480128363,180.38,199.17,205,37.0,-58.0,0.18,180.0,
07:41:33,183.0,14.0,196.13,46.0,179.37,76.0,200.31,52.0,13.129999999999995,90.0,98.0,1.5053305284501592,183.0,196.13,188,-8.0,-17.0,-0.04,180.0,
07:41:34,178.59,96.0,193.88,58.0,177.55,80.0,194.93,58.0,15.289999999999992,176.0,116.0,2.387913314985058,178.59,193.88,292,60.0,104.0,0.21,179.0,3.0
07:41:35,180.0,84.0,191.17,53.0,179.0,48.0,191.93,29.0,11.169999999999987,132.0,82.0,2.5163167526926653,180.0,191.17,214,50.0,-78.0,0.23,179.0,
07:41:36,180.92,91.0,186.89,56.0,179.85,52.0,188.69,39.0,5.969999999999999,143.0,95.0,2.569966925833955,180.92,186.89,238,48.0,24.0,0.2,179.0,
07:41:37,181.0,82.0,183.31,51.0,180.0,48.0,184.82,33.0,2.3100000000000023,130.0,84.0,2.7749900900505944,181.0,183.31,214,46.0,-24.0,0.21,181.0,2.0
07:41:38,180.48,31.0,246.19,42.0,179.13,30.0,398.22,37.0,65.71000000000001,61.0,79.0,13.0065437376685,180.48,246.19,140,-18.0,-74.0,-0.13,181.0,5.0
07:41:39,180.0,38.0,459.05,37.0,179.0,10.0,564.22,41.0,279.05,48.0,78.0,58.78294931355442,180.0,459.05000000000007,126,-30.0,-14.0,-0.24,180.0,2.0
07:41:42,178.37,35.0,264.35,46.0,176.85,41.0,368.76,34.0,85.98000000000002,76.0,80.0,62.23183887689627,178.37,264.35,156,-4.0,-43.0,-0.03,179.0,8.0
07:41:43,176.2,15.0,233.24,21.0,174.26,23.0,261.23,43.0,57.04000000000002,38.0,64.0,64.78292653160999,176.2,233.24,102,-26.0,-54.0,-0.25,176.4,5.0
07:41:44,175.0,10.0,231.7,20.0,174.0,30.0,298.81,26.0,56.69999999999999,40.0,46.0,69.24286006513564,175.0,231.7,86,-6.0,-16.0,-0.07,176.4,
07:41:45,175.0,12.0,229.08,24.0,174.0,36.0,230.67,24.0,54.08000000000001,48.0,48.0,57.56273099845013,175.0,229.08,96,0.0,10.0,0.0,176.4,
07:41:46,174.22,23.0,223.71,58.0,173.17,87.0,225.79,28.0,49.49000000000001,110.0,86.0,8.800521575446954,174.22,223.71,196,24.0,100.0,0.12,174.5,2.0
07:41:47,174.0,30.0,221.65,63.0,173.0,120.0,223.14,42.0,47.650000000000006,150.0,105.0,2.9125160943594826,174.0,221.65,255,45.0,59.0,0.18,173.4,5.0
07:41:48,173.0,43.0,207.48,23.0,87.1,10.0,215.86,29.0,34.47999999999999,53.0,52.0,5.122033775747717,173.0,207.48,105,1.0,-150.0,0.01,173.0,1.0
07:41:49,173.59,66.0,192.15,40.0,168.18,17.0,197.0,52.0,18.56,83.0,92.0,7.764886992087955,173.59,192.15,175,-9.0,70.0,-0.05,175.4,5.0
07:41:50,174.76,102.0,187.58,24.0,174.5,36.0,190.25,24.0,12.820000000000022,138.0,48.0,8.219259699017485,174.76,187.58,186,90.0,11.0,0.48,175.4,
07:41:51,176.99,82.0,184.3,23.0,175.54,78.0,186.1,20.0,7.310000000000002,160.0,43.0,7.384972579494758,176.99,184.3,203,117.0,17.0,0.58,175.4,
07:41:52,177.85,104.0,181.06,33.0,175.85,81.0,197.54,37.0,3.210000000000008,185.0,70.0,4.296263492837231,177.84999999999997,181.06,255,115.0,52.0,0.45,179.0,9.0
07:41:53,176.0,102.0,179.69,32.0,173.0,16.0,247.5,20.0,3.6899999999999977,118.0,52.0,1.8849615380382876,176.0,179.69,170,66.0,-85.0,0.39,176.0,1.0
07:41:54,176.6,90.0,179.07,27.0,175.57,42.0,246.57,14.0,2.469999999999999,132.0,41.0,1.5463343751862844,176.6,179.06999999999996,173,91.0,3.0,0.53,177.0,2.0
07:41:55,177.4,50.0,281.0,7.0,176.36,44.0,478.0,14.0,103.6,94.0,21.0,22.505866568517,177.4,281.0,115,73.0,-58.0,0.63,177.0,
07:41:56,181.0,42.0,339.53,15.0,178.11,108.0,503.76,41.0,158.52999999999997,150.0,56.0,37.975368990964455,181.0,339.53,206,94.0,91.0,0.46,177.0,
07:41:57,182.0,64.0,433.77,22.0,181.0,16.0,482.7,10.0,251.77,80.0,32.0,55.72981221931334,182.0,433.7699999999999,112,48.0,-94.0,0.43,177.0,
07:41:58,182.59,34.0,405.1,29.0,181.93,86.0,439.04,26.0,222.51,120.0,55.0,52.31317377104878,182.59,405.1,175,65.0,63.0,0.37,182.67,3.0
07:41:59,182.0,66.0,445.37,35.0,181.0,22.0,524.16,19.0,263.37,88.0,54.0,35.60126964028067,182.0,445.37,142,34.0,-33.0,0.24,182.67,
07:42:00,182.0,72.0,261.06,53.0,181.0,24.0,372.71,34.0,79.06,96.0,87.0,38.44206654174522,182.0,261.06,183,9.0,41.0,0.05,182.67,
07:42:01,182.0,42.0,241.0,40.0,181.0,16.0,509.73,22.0,59.0,58.0,62.0,49.20469306885224,182.0,241.0,120,-4.0,-63.0,-0.03,182.0,1.0
07:42:02,181.5,36.0,240.31,65.0,180.15,53.0,492.0,52.0,58.81,89.0,117.0,49.498503310705615,181.5,240.31,206,-28.0,86.0,-0.14,182.0,5.0
07:42:03,181.0,20.0,238.0,50.0,180.0,50.0,276.59,34.0,57.0,70.0,84.0,45.12329808424819,181.0,238.0,154,-14.0,-52.0,-0.09,182.0,
07:42:04,181.0,30.0,235.87,75.0,179.98,65.0,317.26,19.0,54.870000000000005,95.0,94.0,5.257943514330918,181.0,235.87,189,1.0,35.0,0.01,182.0,
07:42:05,181.0,24.0,220.16,58.0,180.0,36.0,241.78,36.0,39.16,60.0,94.0,4.415475059366787,181.0,220.16000000000005,154,-34.0,-35.0,-0.22,182.0,
07:42:06,180.91,23.0,217.0,60.0,179.3,40.0,450.0,24.0,36.09,63.0,84.0,5.490253181765619,180.91000000000005,217.0,147,-21.0,-7.0,-0.14,180.4,5.0
07:42:07,179.0,12.0,216.0,60.0,176.0,84.0,329.33,36.0,37.0,96.0,96.0,5.571416336972551,179.0,216.0,192,0.0,45.0,0.0,180.4,
07:42:08,180.83,23.0,216.0,55.0,175.92,51.0,298.25,24.0,35.16999999999999,74.0,79.0,4.422954894624438,180.83,216.0,153,-5.0,-39.0,-0.03,176.6,5.0
07:42:09,184.0,21.0,194.79,34.0,177.43,21.0,207.75,28.0,10.789999999999992,42.0,62.0,4.377544974055459,184.0,194.79,104,-20.0,-49.0,-0.19,176.6,
07:42:10,184.0,21.0,190.14,35.0,181.0,21.0,192.0,28.0,6.139999999999986,42.0,63.0,5.592975058041588,184.0,190.14,105,-21.0,1.0,-0.2,176.6,
07:42:11,184.0,24.0,190.0,40.0,181.0,24.0,344.88,25.0,6.0,48.0,65.0,5.64194381395922,184.0,190.0,113,-17.0,8.0,-0.15,176.6,
07:42:12,183.19,27.0,190.0,50.0,179.9,29.0,399.0,30.0,6.810000000000002,56.0,80.0,4.995821253795052,183.19,190.0,136,-24.0,23.0,-0.18,182.5,6.0
07:42:13,176.23,35.0,189.5,60.0,175.12,25.0,399.0,36.0,13.27000000000001,60.0,96.0,2.356232161707948,176.23,189.5,156,-36.0,20.0,-0.23,180.0,2.0
07:42:14,176.0,18.0,189.0,30.0,175.0,12.0,217.0,18.0,13.0,30.0,48.0,2.3148714866845923,176.0,189.0,78,-18.0,-78.0,-0.23,180.0,
07:42:15,176.0,33.0,186.94,31.0,175.0,22.0,201.45,40.0,10.939999999999998,55.0,71.0,2.530974120741674,176.0,186.94,126,-16.0,48.0,-0.13,180.0,
07:42:16,176.0,20.0,181.47,38.0,175.0,28.0,187.62,47.0,5.469999999999999,48.0,85.0,2.8298886903661504,176.0,181.47,133,-37.0,7.0,-0.28,176.0,2.0
07:42:17,174.23,69.0,176.69,26.0,173.69,85.0,181.15,26.0,2.460000000000008,154.0,52.0,3.105540210633209,174.23,176.69,206,102.0,73.0,0.5,175.33,3.0
07:42:18,174.0,70.0,179.0,20.0,172.0,24.0,261.0,22.0,5.0,94.0,42.0,3.0487013628524444,174.0,179.0,136,52.0,-70.0,0.38,174.86,7.0
07:42:19,174.0,51.0,184.17,48.0,172.0,36.0,291.58,57.0,10.169999999999987,87.0,105.0,2.352870587146181,174.0,184.17,192,-18.0,56.0,-0.09,174.86,
07:42:20,176.65,23.0,184.0,52.0,173.85,39.0,529.43,53.0,7.349999999999994,62.0,105.0,1.990105524804496,176.65,184.0,167,-43.0,-25.0,-0.26,178.0,3.0
07:42:21,176.73,11.0,182.91,44.0,174.57,21.0,613.0,22.0,6.180000000000007,32.0,66.0,2.140448551088669,176.73,182.91,98,-34.0,-69.0,-0.35,178.0,
07:42:22,179.38,16.0,181.19,63.0,177.0,18.0,265.58,62.0,1.8100000000000025,34.0,125.0,1.5915464177517933,179.38,181.19,159,-91.0,61.0,-0.57,181.0,1.0
07:42:23,176.31,35.0,180.38,39.0,157.11,37.0,254.32,59.0,4.069999999999993,72.0,98.0,0.847449113433329,176.31,180.38,170,-26.0,11.0,-0.15,175.5,4.0
07:42:24,175.5,24.0,210.64,22.0,154.04,28.0,313.79,19.0,35.139999999999986,52.0,41.0,6.034952361026707,175.5,210.64,93,11.0,-77.0,0.12,177.0,3.0
07:42:25,171.0,18.0,338.21,24.0,118.31,26.0,457.62,21.0,167.20999999999998,44.0,45.0,32.617048149700445,171.0,338.21,89,-1.0,-4.0,-0.01,177.0,
07:42:26,171.75,24.0,288.48,42.0,162.43,21.0,460.5,24.0,116.73000000000002,45.0,66.0,33.64617467112551,171.75,288.48,111,-21.0,22.0,-0.19,172.43,7.0
07:42:27,172.86,42.0,363.78,18.0,171.0,7.0,526.1,29.0,190.92,49.0,47.0,38.64770821148268,172.86,363.78,96,2.0,-15.0,0.02,176.0,1.0
07:42:28,173.0,30.0,424.77,22.0,171.0,5.0,585.23,13.0,251.77,35.0,35.0,39.9331675427824,173.0,424.7699999999999,70,0.0,-26.0,0.0,176.0,1.0
07:42:29,173.68,75.0,264.19,62.0,172.06,17.0,504.31,29.0,90.51,92.0,91.0,31.703005693465958,173.68,264.19,183,1.0,113.0,0.01,174.0,3.0
07:42:30,177.0,5.0,381.85,13.0,176.0,30.0,593.45,22.0,204.85,35.0,35.0,33.66895498823716,177.0,381.85,70,0.0,-113.0,0.0,174.0,
07:42:32,181.0,27.0,438.12,26.0,180.0,18.0,635.22,18.0,257.12,45.0,44.0,86.14613328524966,181.0,438.12,89,1.0,-34.0,0.01,174.0,
07:42:33,181.0,12.0,390.8,5.0,180.0,8.0,510.43,7.0,209.8,20.0,12.0,86.82951848305964,181.0,390.8,32,8.0,-57.0,0.25,174.0,
07:42:35,182.18,11.0,238.92,25.0,181.04,28.0,260.75,16.0,56.73999999999998,39.0,41.0,87.96226452291918,182.18,238.92,80,-2.0,7.0,-0.03,183.0,2.0
07:42:36,180.36,11.0,238.78,23.0,179.8,15.0,254.71,14.0,58.41999999999999,26.0,37.0,56.397144697226864,180.36,238.78,63,-11.0,-17.0,-0.17,179.3,10.0
07:42:37,176.0,48.0,221.0,18.0,172.83,82.0,238.08,39.0,45.0,130.0,57.0,58.41877549213026,176.0,221.0,187,73.0,124.0,0.39,179.3,
07:42:38,173.9,80.0,223.24,37.0,172.91,94.0,224.46,13.0,49.34,174.0,50.0,56.95640236180564,173.9,223.24000000000004,224,124.0,37.0,0.55,175.4,5.0
07:42:39,173.0,168.0,222.0,30.0,166.0,28.0,223.0,30.0,49.0,196.0,60.0,6.524436374114342,173.0,222.0,256,136.0,32.0,0.53,175.4,
07:42:40,173.0,126.0,218.22,9.0,171.0,27.0,220.91,33.0,45.22,153.0,42.0,5.508842891194347,173.0,218.22,195,111.0,-61.0,0.57,175.4,
07:42:41,173.0,126.0,203.0,11.0,171.0,27.0,213.78,9.0,30.0,153.0,20.0,4.432677520399747,173.0,203.0,173,133.0,-22.0,0.77,175.4,
07:42:42,173.16,50.0,184.87,15.0,172.85,123.0,186.07,29.0,11.710000000000008,173.0,44.0,8.228667571353979,173.16,184.87,217,129.0,44.0,0.59,175.4,
07:42:43,174.0,14.0,179.15,27.0,173.0,200.0,179.93,42.0,5.150000000000006,214.0,69.0,9.452987358494,174.0,179.15,283,145.0,66.0,0.51,175.4,
07:42:44,173.02,88.0,174.41,17.0,172.54,52.0,326.48,23.0,1.3899999999999864,140.0,40.0,9.034958217935571,173.02,174.41,180,100.0,-103.0,0.56,173.17,6.0
07:42:45,173.0,42.0,174.0,10.0,172.0,15.0,531.25,8.0,1.0,57.0,18.0,5.947802115053597,173.0,174.0,75,39.0,-105.0,0.52,173.0,1.0
07:42:46,173.0,104.0,174.0,26.0,172.0,39.0,376.05,38.0,1.0,143.0,64.0,2.467052897655928,173.0,174.0,207,79.0,132.0,0.38,173.0,
07:42:47,173.0,44.0,203.08,13.0,172.0,21.0,317.11,19.0,30.080000000000013,65.0,32.0,6.271027029110514,173.0,203.08,97,33.0,-110.0,0.34,173.4,5.0
07:42:48,173.1,61.0,258.8,30.0,159.03,34.0,364.75,24.0,85.70000000000002,95.0,54.0,18.431397668105472,173.1,258.8,149,41.0,52.0,0.28,173.4,
07:42:49,174.83,72.0,448.03,29.0,173.0,77.0,589.47,30.0,273.19999999999993,149.0,59.0,57.96407879022902,174.83,448.03,208,90.0,59.0,0.43,175.0,3.0
07:42:50,175.36,59.0,367.0,11.0,174.27,41.0,651.12,32.0,191.64,100.0,43.0,58.00114093705313,175.36,367.0,143,57.0,-65.0,0.4,177.4,5.0
07:42:51,175.97,29.0,358.43,7.0,173.62,21.0,458.14,21.0,182.46,50.0,28.0,48.76892812026857,175.97,358.43,78,22.0,-65.0,0.28,177.4,
07:42:52,184.0,36.0,275.95,22.0,179.4,20.0,484.94,32.0,91.95,56.0,54.0,37.61598955231581,184.0,275.95,110,2.0,32.0,0.02,177.4,
07:42:53,182.25,32.0,186.0,36.0,179.5,16.0,465.69,32.0,3.75,48.0,68.0,48.011338452493966,182.25,186.0,116,-20.0,6.0,-0.17,182.4,5.0
07:42:54,176.91,22.0,378.33,15.0,175.8,25.0,476.33,24.0,201.42,47.0,39.0,39.27171246584389,176.91,378.33,86,8.0,-30.0,0.09,177.0,2.0
07:42:55,176.0,14.0,268.0,7.0,175.0,35.0,390.0,14.0,92.0,49.0,21.0,37.514230366620986,176.0,268.0,70,28.0,-16.0,0.4,177.0,
07:42:56,179.16,57.0,267.64,11.0,175.25,40.0,334.78,23.0,88.47999999999999,97.0,34.0,33.34299146747182,179.15999999999997,267.64,131,63.0,61.0,0.48,177.0,
07:42:57,180.0,90.0,265.3,10.0,176.0,20.0,268.0,10.0,85.30000000000001,110.0,20.0,33.36364968045159,180.0,265.3,130,90.0,-1.0,0.69,177.0,
07:42:58,180.21,68.0,251.39,28.0,179.27,77.0,266.12,16.0,71.17999999999998,145.0,44.0,25.517517120595876,180.21,251.39,189,101.0,59.0,0.53,180.4,5.0
07:42:59,180.0,66.0,256.21,39.0,176.0,22.0,262.79,34.0,76.20999999999998,88.0,73.0,3.2814630883025298,180.0,256.21,161,15.0,-28.0,0.09,180.4,
07:43:00,180.0,60.0,217.35,31.0,176.0,20.0,237.75,24.0,37.35,80.0,55.0,10.03792209572716,180.0,217.35,135,25.0,-26.0,0.19,180.4,
07:43:01,180.0,54.0,203.48,29.0,176.0,18.0,204.53,34.0,23.47999999999999,72.0,63.0,13.407146601715136,180.0,203.48,135,9.0,0.0,0.07,180.4,
07:43:02,180.0,78.0,202.91,43.0,177.0,28.0,203.95,55.0,22.91,106.0,98.0,12.94781757671446,180.0,202.91,204,8.0,69.0,0.04,180.0,2.0
07:43:03,180.0,52.0,198.93,40.0,177.0,26.0,202.44,27.0,18.930000000000007,78.0,67.0,11.826127007599354,180.0,198.93,145,11.0,-59.0,0.08,180.0,1.0
07:43:04,180.8,15.0,195.54,39.0,179.84,38.0,197.0,52.0,14.73999999999998,53.0,91.0,4.063957430862836,180.8,195.54,144,-38.0,-1.0,-0.26,180.0,
07:43:05,181.0,12.0,191.86,29.0,180.0,36.0,193.16,31.0,10.860000000000014,48.0,60.0,2.236235676278953,181.0,191.86,108,-12.0,-36.0,-0.11,180.0,
07:43:06,181.0,9.0,187.43,28.0,180.0,27.0,188.0,26.0,6.430000000000007,36.0,54.0,2.778323235309602,181.0,187.43,90,-18.0,-18.0,-0.2,180.0,
07:43:07,180.32,28.0,183.54,46.0,179.36,66.0,184.45,53.0,3.219999999999999,94.0,99.0,3.0259874421185677,180.32,183.54,193,-5.0,103.0,-0.03,181.0,2.0
07:43:08,180.0,20.0,181.7,20.0,179.0,60.0,183.0,30.0,1.6999999999999886,80.0,50.0,3.043011666073186,180.0,181.7,130,30.0,-63.0,0.23,181.0,
07:43:09,179.04,57.0,181.05,20.0,177.38,32.0,195.93,42.0,2.0100000000000198,89.0,62.0,2.611689108576258,179.04,181.05,151,27.0,21.0,0.18,179.33,6.0
07:43:10,179.0,19.0,181.36,11.0,176.18,22.0,253.82,33.0,2.3600000000000136,41.0,44.0,1.7181879989845488,179.0,181.36,85,-3.0,-66.0,-0.04,181.25,4.0
07:43:11,177.19,21.0,183.0,11.0,175.86,14.0,276.0,33.0,5.810000000000002,35.0,44.0,0.8014674041117739,177.19,183.0,79,-9.0,-6.0,-0.11,177.5,2.0
07:43:12,179.07,28.0,183.0,14.0,177.55,33.0,265.08,38.0,3.930000000000007,61.0,52.0,0.4667119024124739,179.07,183.0,113,9.0,34.0,0.08,177.5,
07:43:13,179.74,23.0,311.41,27.0,177.9,20.0,320.27,33.0,131.67000000000002,43.0,60.0,29.17458448718451,179.74,311.4100000000001,103,-17.0,-10.0,-0.17,179.33,3.0
07:43:14,180.33,9.0,348.2,15.0,179.82,11.0,409.0,10.0,167.86999999999998,20.0,25.0,41.32829744859912,180.33,348.2,45,-5.0,-58.0,-0.11,179.33,
07:43:15,179.73,11.0,296.0,33.0,179.2,25.0,497.5,24.0,116.27,36.0,57.0,38.81655535979329,179.73,296.0,93,-21.0,48.0,-0.23,179.8,5.0
07:43:16,176.0,7.0,337.88,16.0,175.0,7.0,449.05,19.0,161.88,14.0,35.0,32.96539898135488,176.0,337.88,49,-21.0,-44.0,-0.43,179.8,
07:43:17,176.0,7.0,333.0,15.0,175.0,7.0,461.1,20.0,157.0,14.0,35.0,10.275493662103496,176.0,333.0,49,-21.0,0.0,-0.43,179.8,
07:43:18,175.2,10.0,213.0,30.0,174.11,18.0,411.0,20.0,37.80000000000001,28.0,50.0,28.221757209640906,175.2,213.0,78,-22.0,29.0,-0.28,179.8,
07:43:19,180.0,48.0,230.5,18.0,176.0,6.0,534.67,12.0,50.5,54.0,30.0,28.674035293273697,180.0,230.5,84,24.0,6.0,0.29,179.8,
07:43:20,180.0,33.0,354.0,13.0,176.0,6.0,627.41,17.0,174.0,39.0,30.0,33.323900131886,180.0,354.0,69,9.0,-15.0,0.13,180.0,5.0
07:43:21,180.0,27.0,238.0,22.0,176.0,11.0,516.82,33.0,58.0,38.0,55.0,32.520831785178885,180.0,238.0,93,-17.0,24.0,-0.18,180.0,1.0
07:43:22,180.0,18.0,238.0,18.0,176.0,9.0,594.0,27.0,58.0,27.0,45.0,28.680951867047437,180.0,238.0,72,-18.0,-21.0,-0.25,180.0,
07:43:23,174.73,11.0,308.33,24.0,171.83,58.0,526.26,31.0,133.6,69.0,55.0,27.06524394864937,174.73,308.33,124,14.0,52.0,0.11,177.0,5.0
07:43:24,171.0,140.0,237.0,20.0,122.88,25.0,419.8,30.0,66.0,165.0,50.0,27.31357135198364,171.0,237.0,215,115.0,91.0,0.53,174.0,1.0
07:43:25,171.0,56.0,476.5,12.0,129.18,11.0,532.67,9.0,305.5,67.0,21.0,50.50258339926695,171.0,476.5,88,46.0,-127.0,0.52,174.0,
07:43:26,172.64,75.0,440.21,28.0,166.5,100.0,595.4,30.0,267.57,175.0,58.0,55.34255026649868,172.64,440.21,233,117.0,145.0,0.5,174.0,
07:43:28,180.0,56.0,457.27,22.0,176.0,16.0,599.12,16.0,277.27,72.0,38.0,71.81922354077625,180.0,457.2699999999999,110,34.0,5.0,0.31,174.0,
07:43:29,180.0,44.0,403.26,19.0,176.0,18.0,477.77,13.0,223.26,62.0,32.0,44.45101438662572,180.0,403.26,94,30.0,-16.0,0.32,180.0,3.0
