Time,Bid1_Price,Bid1_Volume,Ask1_Price,Ask1_Volume,Bid2_Price,Bid2_Volume,Ask2_Price,Ask2_Volume,Bid_Ask_Spread,Market_Depth_Bid,Market_Depth_Ask,Historical_Volatility,Weighted_Avg_Bid_Price,Weighted_Avg_Ask_Price,Total_volume,Cumulative_Volume_Difference,Total_Volume_Change_Corrected,Order_imbalance,Weighted_Avg_Price,Trade_Volume
07:30:06,147.0,36.0,212.75,16.0,103.0,16.0,321.94,17.0,65.75,52.0,33.0,100.72853930242414,147.0,212.75,85,19.0,-44.0,0.22,,
07:30:07,147.0,54.0,209.17,24.0,105.67,24.0,210.5,24.0,62.16999999999999,78.0,48.0,112.45298960009912,147.0,209.17,126,30.0,41.0,0.24,,
07:30:08,147.39,89.0,205.2,45.0,137.26,69.0,206.26,47.0,57.81,158.0,92.0,94.82369640548715,147.39,205.2,250,66.0,124.0,0.26,,
07:30:09,148.92,91.0,200.71,59.0,147.0,117.0,201.8,55.0,51.79000000000002,208.0,114.0,83.20338274373223,148.92,200.71,322,94.0,72.0,0.29,,
07:30:10,149.75,56.0,196.35,66.0,148.31,112.0,197.43,60.0,46.6,168.0,126.0,2.676673308418808,149.75,196.35,294,42.0,-28.0,0.14,,
07:30:11,151.71,14.0,177.26,80.0,150.07,68.0,182.39,57.0,25.549999999999983,82.0,137.0,5.287387823869343,151.71,177.26,219,-55.0,-75.0,-0.25,152.0,1.0
07:30:12,150.12,25.0,168.86,43.0,147.68,93.0,169.87,47.0,18.74000000000001,118.0,90.0,7.28629878607801,150.12,168.86,208,28.0,-11.0,0.13,150.17,6.0
07:30:13,148.0,36.0,165.97,37.0,146.82,66.0,167.24,33.0,17.97,102.0,70.0,7.954025395986743,148.0,165.97,172,32.0,-36.0,0.19,149.0,3.0
07:30:14,147.0,40.0,161.39,23.0,146.0,20.0,163.24,25.0,14.389999999999986,60.0,48.0,7.41466654678432,147.0,161.39,108,12.0,-64.0,0.11,149.0,
07:30:15,147.0,46.0,157.87,54.0,146.0,44.0,159.67,39.0,10.870000000000005,90.0,93.0,4.732110522800883,147.0,157.87,183,-3.0,75.0,-0.02,147.0,7.0
07:30:16,147.96,23.0,154.58,48.0,146.83,23.0,156.43,58.0,6.6200000000000045,46.0,106.0,3.359772313714592,147.96,154.58,152,-60.0,-31.0,-0.39,147.0,
07:30:17,148.94,32.0,151.6,53.0,147.8,25.0,152.57,46.0,2.6599999999999966,57.0,99.0,2.6511186318237927,148.94,151.6,156,-42.0,4.0,-0.27,147.0,
07:30:18,148.0,12.0,149.47,38.0,147.0,8.0,151.11,36.0,1.4699999999999989,20.0,74.0,2.079045454049397,148.0,149.47,94,-54.0,-62.0,-0.57,148.75,4.0
07:30:19,148.0,6.0,149.0,30.0,147.0,6.0,150.0,24.0,1.0,12.0,54.0,1.6717745063266445,148.0,149.0,66,-42.0,-28.0,-0.64,148.0,1.0
07:30:20,145.38,68.0,147.4,63.0,144.45,66.0,151.35,48.0,2.0200000000000102,134.0,111.0,1.8634457330450944,145.38,147.4,245,23.0,168.0,0.09,146.0,6.0
07:30:21,141.25,48.0,144.3,66.0,125.69,48.0,147.01,69.0,3.050000000000012,96.0,135.0,2.8976939106821207,141.25,144.3,231,-39.0,-14.0,-0.17,144.25,8.0
07:30:22,124.0,14.0,138.0,30.0,121.0,70.0,139.0,56.0,14.0,84.0,86.0,7.375236945346557,124.0,138.0,170,-2.0,-61.0,-0.01,144.25,
07:30:23,123.26,46.0,138.0,59.0,117.23,31.0,139.0,52.0,14.739999999999997,77.0,111.0,8.507487878334318,123.26,138.0,188,-34.0,18.0,-0.18,138.0,1.0
07:30:24,125.14,57.0,138.0,44.0,124.83,40.0,139.0,44.0,12.86,97.0,88.0,7.520952732201288,125.14,138.0,185,9.0,-3.0,0.05,138.0,
07:30:25,132.65,97.0,138.0,64.0,128.45,42.0,139.0,76.0,5.349999999999994,139.0,140.0,5.117484733734583,132.65,138.0,279,-1.0,94.0,-0.0,138.0,
07:30:26,135.76,62.0,138.0,44.0,133.79,29.0,139.0,55.0,2.240000000000009,91.0,99.0,2.831368926863242,135.76,138.0,190,-8.0,-89.0,-0.04,138.0,
07:30:27,136.0,42.0,138.0,12.0,130.38,8.0,139.0,30.0,2.0,50.0,42.0,2.9961058058764185,136.0,138.0,92,8.0,-98.0,0.09,138.0,2.0
07:30:28,136.0,49.0,138.0,14.0,130.0,7.0,139.0,35.0,2.0,56.0,49.0,2.338114625078509,136.0,138.0,105,7.0,13.0,0.07,138.0,
07:30:29,136.83,42.0,138.17,12.0,130.0,6.0,139.48,33.0,1.339999999999975,48.0,45.0,0.8289752710459131,136.83,138.17,93,3.0,-12.0,0.03,138.6,5.0
07:30:30,137.17,42.0,139.0,12.0,130.0,6.0,141.0,48.0,1.8300000000000125,48.0,60.0,0.5011187484074853,137.17,139.0,108,-12.0,15.0,-0.11,138.6,
07:30:31,133.65,20.0,140.95,74.0,130.48,42.0,142.7,53.0,7.299999999999983,62.0,127.0,0.4470794112967607,133.65,140.95,189,-65.0,81.0,-0.34,139.0,2.0
07:30:32,132.71,21.0,141.0,71.0,131.09,33.0,143.0,45.0,8.289999999999992,54.0,116.0,0.4797082446711374,132.71,141.0,170,-62.0,-19.0,-0.36,141.0,1.0
07:30:33,133.0,66.0,141.0,75.0,130.45,55.0,143.0,55.0,8.0,121.0,130.0,0.4797082446711374,133.0,141.0,251,-9.0,81.0,-0.04,141.0,1.0
07:30:34,133.44,32.0,141.0,60.0,132.47,57.0,143.0,50.0,7.560000000000002,89.0,110.0,0.4738354144694999,133.44,141.0,199,-21.0,-52.0,-0.11,141.0,
07:30:35,134.52,29.0,140.83,58.0,133.12,48.0,142.54,52.0,6.310000000000002,77.0,110.0,0.3108054053672583,134.52,140.83,187,-33.0,-12.0,-0.18,141.0,
07:30:36,135.94,17.0,140.0,65.0,134.97,62.0,141.0,78.0,4.060000000000002,79.0,143.0,0.4653278414252344,135.94,140.0,222,-64.0,35.0,-0.29,141.0,
07:30:37,138.61,44.0,140.19,63.0,134.19,52.0,141.11,94.0,1.579999999999984,96.0,157.0,0.9445475107189312,138.61,140.19,253,-61.0,31.0,-0.24,140.0,5.0
07:30:38,134.97,29.0,141.0,48.0,108.44,9.0,142.0,40.0,6.030000000000001,38.0,88.0,0.8165598569641259,134.97,141.0,126,-50.0,-127.0,-0.4,140.0,
07:30:39,136.08,52.0,141.0,78.0,134.0,13.0,142.0,31.0,4.919999999999988,65.0,109.0,0.684667802664328,136.08,141.0,174,-44.0,48.0,-0.25,140.0,
07:30:40,137.0,36.0,143.0,39.0,133.11,9.0,181.2,45.0,6.0,45.0,84.0,0.8981202592109091,137.0,143.0,129,-39.0,-45.0,-0.3,141.54,13.0
07:30:41,137.36,56.0,144.4,48.0,132.0,14.0,260.46,37.0,7.039999999999992,70.0,85.0,1.1509126813120605,137.36,144.4,155,-15.0,26.0,-0.1,143.08,12.0
07:30:42,138.84,31.0,274.0,33.0,132.38,13.0,427.74,35.0,135.16,44.0,68.0,30.01668002961022,138.84,274.0,112,-24.0,-43.0,-0.21,141.14,7.0
07:30:43,144.0,6.0,370.21,14.0,134.0,6.0,467.14,14.0,226.21,12.0,28.0,53.46759298865057,144.0,370.21,40,-16.0,-72.0,-0.4,141.14,
07:30:44,144.0,8.0,361.56,18.0,134.0,8.0,452.7,20.0,217.56,16.0,38.0,57.40664613091407,144.0,361.56,54,-22.0,14.0,-0.41,141.14,
07:30:45,139.0,10.0,369.44,18.0,132.5,10.0,528.28,25.0,230.44,20.0,43.0,50.10250013721857,139.0,369.44,63,-23.0,9.0,-0.37,144.0,1.0
07:30:46,134.0,8.0,141.23,13.0,131.0,8.0,174.43,14.0,7.22999999999999,16.0,27.0,51.43025665889668,134.0,141.23,43,-11.0,-20.0,-0.26,141.0,2.0
07:30:47,143.0,10.0,362.5,8.0,133.25,4.0,423.0,10.0,219.5,14.0,18.0,52.17303355182623,143.0,362.5,32,-4.0,-11.0,-0.12,142.0,1.0
07:30:50,136.5,86.0,300.85,26.0,131.81,59.0,318.54,26.0,164.35000000000002,145.0,52.0,78.93969426087223,136.5,300.85,197,93.0,113.0,0.47,142.0,
07:30:51,139.0,70.0,401.41,27.0,135.07,45.0,463.92,24.0,262.41,115.0,51.0,47.44777286659494,139.0,401.4100000000001,166,64.0,-31.0,0.39,140.0,1.0
07:30:52,147.22,94.0,259.96,23.0,138.24,38.0,421.38,26.0,112.73999999999998,132.0,49.0,57.75689629819095,147.22,259.96,181,83.0,15.0,0.46,140.0,
07:30:53,150.19,70.0,199.15,27.0,149.25,114.0,263.0,33.0,48.96000000000001,184.0,60.0,66.30908972380774,150.19,199.15,244,124.0,63.0,0.51,140.0,
07:30:54,151.0,11.0,225.8,10.0,150.0,63.0,398.38,21.0,74.80000000000001,74.0,31.0,36.90850078233994,151.0,225.8,105,43.0,-139.0,0.41,151.0,2.0
07:30:55,150.0,28.0,160.44,9.0,149.0,77.0,281.17,12.0,10.439999999999998,105.0,21.0,43.90273374176133,150.0,160.44,126,84.0,21.0,0.67,150.25,4.0
07:30:56,150.0,36.0,159.89,9.0,149.0,99.0,314.0,18.0,9.889999999999986,135.0,27.0,21.15447068588555,150.0,159.89,162,108.0,36.0,0.67,150.25,
07:30:57,150.0,40.0,158.3,10.0,149.0,110.0,265.88,17.0,8.300000000000011,150.0,27.0,15.447576832629498,150.0,158.3,177,123.0,15.0,0.69,150.25,
07:30:58,150.0,48.0,156.0,52.0,149.0,132.0,157.47,17.0,6.0,180.0,69.0,15.261992661510224,150.0,156.0,249,111.0,72.0,0.45,150.25,
07:30:59,149.38,53.0,151.87,15.0,148.25,88.0,154.18,22.0,2.490000000000009,141.0,37.0,1.868282633862556,149.38,151.87,178,104.0,-71.0,0.58,150.0,4.0
07:31:00,149.0,114.0,154.73,30.0,147.0,132.0,161.5,16.0,5.72999999999999,246.0,46.0,1.731482024160947,149.0,154.73,292,200.0,114.0,0.68,149.0,3.0
07:31:01,149.0,72.0,160.0,36.0,147.0,99.0,192.44,9.0,11.0,171.0,45.0,1.6098043359341851,149.0,160.0,216,126.0,-76.0,0.58,149.0,
07:31:02,149.0,68.0,160.0,36.0,147.0,99.0,246.44,9.0,11.0,167.0,45.0,1.6874003674269165,149.0,160.0,212,122.0,-4.0,0.58,149.0,1.0
07:31:03,149.6,70.0,158.65,43.0,147.98,86.0,213.16,19.0,9.050000000000011,156.0,62.0,1.77773170078965,149.6,158.65,218,94.0,6.0,0.43,150.0,3.0
07:31:04,150.0,65.0,155.63,60.0,149.0,91.0,157.25,57.0,5.629999999999996,156.0,117.0,1.172147601623796,150.0,155.63,273,39.0,55.0,0.14,150.0,
07:31:05,150.0,30.0,153.0,32.0,149.0,56.0,155.0,40.0,3.0,86.0,72.0,1.3094655398262458,150.0,153.0,158,14.0,-115.0,0.09,150.0,2.0
07:31:06,149.16,77.0,150.85,67.0,147.38,148.0,171.63,41.0,1.6899999999999975,225.0,108.0,1.8687428929610868,149.16,150.85,333,117.0,168.0,0.35,149.75,4.0
07:31:07,149.0,13.0,164.58,12.0,147.0,96.0,179.8,10.0,15.580000000000013,109.0,22.0,2.5938330709574378,149.0,164.58,131,87.0,-168.0,0.66,149.0,5.0
07:31:08,147.0,96.0,174.14,14.0,145.0,88.0,187.89,9.0,27.139999999999983,184.0,23.0,4.301944908990844,147.0,174.14,207,161.0,76.0,0.78,149.0,
07:31:09,147.0,92.0,172.67,18.0,145.0,99.0,231.0,18.0,25.669999999999987,191.0,36.0,4.798038140739608,147.0,172.67,227,155.0,20.0,0.68,147.0,2.0
07:31:10,147.23,39.0,170.25,8.0,145.47,43.0,231.0,8.0,23.02000000000001,82.0,16.0,4.261822380155197,147.23,170.25,98,66.0,-129.0,0.67,147.0,
07:31:11,150.98,52.0,169.6,20.0,149.14,36.0,318.23,13.0,18.620000000000005,88.0,33.0,1.5388242264765617,150.98,169.6,121,55.0,23.0,0.45,147.0,
07:31:12,152.0,24.0,167.41,17.0,151.0,72.0,178.81,21.0,15.409999999999997,96.0,38.0,0.7002999357354095,152.0,167.41,134,58.0,13.0,0.43,147.0,
07:31:13,151.29,84.0,163.92,39.0,150.9,80.0,165.03,38.0,12.629999999999995,164.0,77.0,1.0736526440107192,151.29,163.92,241,87.0,107.0,0.36,151.5,6.0
07:31:14,151.0,54.0,157.91,22.0,150.0,9.0,159.1,21.0,6.909999999999997,63.0,43.0,2.310491289745876,151.0,157.91,106,20.0,-135.0,0.19,151.5,
07:31:15,151.0,38.0,155.1,20.0,150.0,10.0,156.38,26.0,4.099999999999994,48.0,46.0,3.187130370724093,151.0,155.1,94,2.0,-12.0,0.02,151.0,3.0
07:31:16,150.64,44.0,152.56,32.0,148.71,28.0,154.19,32.0,1.920000000000016,72.0,64.0,3.3245856884719425,150.64,152.56,136,8.0,42.0,0.06,151.0,3.0
07:31:17,149.74,46.0,151.08,24.0,148.33,18.0,201.25,20.0,1.3400000000000034,64.0,44.0,2.7857979108314743,149.74,151.08,108,20.0,-28.0,0.19,150.0,2.0
07:31:18,150.0,29.0,212.64,11.0,149.0,14.0,469.4,10.0,62.63999999999999,43.0,21.0,13.032245777301457,150.0,212.64,64,22.0,-44.0,0.34,150.0,2.0
07:31:19,149.0,20.0,377.0,16.0,147.0,10.0,532.59,17.0,228.0,30.0,33.0,48.21591054828256,149.0,377.0,63,-3.0,-1.0,-0.05,150.0,3.0
07:31:20,149.0,24.0,379.67,12.0,147.74,19.0,527.0,12.0,230.67,43.0,24.0,57.52237017022141,149.0,379.67,67,19.0,4.0,0.28,150.0,
07:31:22,146.71,21.0,331.82,11.0,146.77,26.0,451.92,13.0,185.11,47.0,24.0,45.17640169380429,146.71,331.82,71,23.0,31.0,0.32,148.0,4.0
07:31:23,145.0,76.0,309.61,23.0,144.0,56.0,359.14,14.0,164.61,132.0,37.0,29.56627758105441,145.0,309.61,169,95.0,98.0,0.56,145.0,2.0
07:31:24,146.32,38.0,281.73,11.0,143.8,46.0,452.81,21.0,135.41000000000005,84.0,32.0,35.66689319242654,146.32,281.73,116,52.0,-53.0,0.45,145.0,1.0
07:31:25,152.0,32.0,228.33,18.0,147.73,44.0,333.33,12.0,76.33000000000001,76.0,30.0,42.84384378180798,152.0,228.33000000000004,106,46.0,-10.0,0.43,152.0,4.0
07:31:30,145.0,24.0,244.75,16.0,144.0,40.0,342.12,16.0,99.75,64.0,32.0,62.65657746797185,145.0,244.75,96,32.0,-12.0,0.33,152.0,
07:31:31,145.0,18.0,260.55,11.0,144.0,30.0,287.71,7.0,115.55,48.0,18.0,71.71274419515655,145.0,260.55,66,30.0,-30.0,0.45,152.0,
07:31:32,145.0,12.0,341.25,8.0,144.0,23.0,513.0,8.0,196.25,35.0,16.0,63.22000371717766,145.0,341.25,51,19.0,-15.0,0.37,152.0,
07:31:33,145.0,18.0,285.17,12.0,144.0,30.0,369.67,12.0,140.17000000000002,48.0,24.0,44.180055794441415,145.0,285.17,72,24.0,21.0,0.33,152.0,
07:31:34,145.75,48.0,250.3,20.0,144.47,38.0,267.8,20.0,104.55,86.0,40.0,19.646234499261062,145.75,250.3,126,46.0,54.0,0.37,152.0,
07:31:35,146.14,42.0,242.0,24.0,145.67,54.0,245.67,24.0,95.86,96.0,48.0,19.81271384742523,146.14,242.0,144,48.0,18.0,0.33,152.0,
07:31:36,147.28,32.0,238.24,34.0,145.47,49.0,239.62,26.0,90.96,81.0,60.0,21.256595917501823,147.28,238.24,141,21.0,-3.0,0.15,147.5,8.0
07:31:37,145.0,16.0,235.14,28.0,144.0,40.0,235.8,20.0,90.14,56.0,48.0,9.968885093126232,145.0,235.14,104,8.0,-37.0,0.08,147.5,
07:31:38,145.2,20.0,231.7,20.0,144.04,47.0,233.46,26.0,86.5,67.0,46.0,3.7170525958013543,145.2,231.7,113,21.0,9.0,0.19,147.5,
07:31:39,147.0,20.0,230.0,35.0,145.0,20.0,232.0,20.0,83.0,40.0,55.0,2.5433934025142992,147.0,230.0,95,-15.0,-18.0,-0.16,147.5,
07:31:40,144.9,20.0,226.07,56.0,143.2,75.0,226.69,45.0,81.16999999999999,95.0,101.0,2.652381948353768,144.9,226.07,196,-6.0,101.0,-0.03,145.0,6.0
07:31:41,144.0,14.0,218.7,50.0,143.0,70.0,219.76,37.0,74.69999999999999,84.0,87.0,3.4539861030340653,144.0,218.7,171,-3.0,-25.0,-0.02,145.0,
07:31:42,144.0,50.0,214.51,71.0,143.0,80.0,215.78,46.0,70.50999999999999,130.0,117.0,4.183577416512322,144.0,214.51,247,13.0,76.0,0.05,145.0,
07:31:43,144.0,44.0,213.48,54.0,143.0,55.0,214.51,45.0,69.47999999999999,99.0,99.0,4.207877136983848,144.0,213.48,198,0.0,-49.0,0.0,145.0,
07:31:44,144.0,32.0,209.29,31.0,143.0,40.0,209.95,39.0,65.28999999999999,72.0,70.0,3.3502656611007344,144.0,209.29,142,2.0,-56.0,0.01,145.0,
07:31:45,144.0,44.0,184.79,39.0,143.0,55.0,197.71,45.0,40.78999999999999,99.0,84.0,6.738781047040315,144.0,184.79,183,15.0,41.0,0.08,145.0,
07:31:46,144.0,47.0,175.83,48.0,143.0,60.0,177.0,60.0,31.830000000000013,107.0,108.0,8.987250413777787,144.0,175.83,215,-1.0,32.0,-0.0,143.6,5.0
07:31:47,143.0,23.0,172.86,28.0,141.0,40.0,174.82,44.0,29.860000000000014,63.0,72.0,9.600878605625011,143.0,172.86,135,-9.0,-80.0,-0.07,143.0,1.0
07:31:48,146.6,40.0,169.16,44.0,143.76,158.0,171.48,61.0,22.56,198.0,105.0,7.890730637903377,146.6,169.16,303,93.0,168.0,0.31,143.0,
07:31:49,149.0,24.0,161.32,50.0,144.0,144.0,162.79,53.0,12.319999999999991,168.0,103.0,3.432727778304888,149.0,161.32,271,65.0,-32.0,0.24,143.0,
07:31:50,149.0,13.0,157.82,44.0,144.0,144.0,158.67,21.0,8.819999999999993,157.0,65.0,2.5661936793518687,149.0,157.82,222,92.0,-49.0,0.41,143.0,
07:31:51,144.56,54.0,156.54,48.0,143.86,84.0,157.31,32.0,11.97999999999999,138.0,80.0,3.131873241359719,144.56,156.54,218,58.0,-4.0,0.27,145.0,5.0
07:31:52,144.0,136.0,152.29,68.0,143.0,34.0,153.26,82.0,8.289999999999992,170.0,150.0,3.813417102802232,144.0,152.29,320,20.0,102.0,0.06,149.5,4.0
07:31:53,144.04,52.0,147.5,50.0,143.43,28.0,149.2,44.0,3.460000000000008,80.0,94.0,3.808650679695371,144.04,147.5,174,-14.0,-146.0,-0.08,144.33,3.0
07:31:54,143.72,43.0,285.55,42.0,141.43,46.0,378.31,65.0,141.83,89.0,107.0,29.27790497969324,143.72,285.55,196,-18.0,22.0,-0.09,144.0,11.0
07:31:55,143.75,16.0,298.25,12.0,141.4,20.0,385.79,28.0,154.5,36.0,40.0,38.25719801553622,143.75,298.25,76,-4.0,-120.0,-0.05,144.0,
07:31:56,144.69,16.0,299.0,48.0,133.03,36.0,318.0,7.0,154.31,52.0,55.0,39.65082432938754,144.69,299.0,107,-3.0,31.0,-0.03,143.2,5.0
07:31:57,146.41,17.0,282.03,29.0,140.71,17.0,361.47,15.0,135.61999999999998,34.0,44.0,32.45825580649634,146.41,282.03,78,-10.0,-29.0,-0.13,143.2,
07:31:58,147.0,37.0,161.8,25.0,146.0,22.0,373.1,40.0,14.800000000000011,59.0,65.0,28.624523052794327,147.0,161.8,124,-6.0,46.0,-0.05,147.0,4.0
07:31:59,144.14,7.0,148.0,5.0,140.86,14.0,686.0,15.0,3.8600000000000136,21.0,20.0,37.90533841030775,144.14,148.0,41,1.0,-83.0,0.02,146.6,5.0
07:32:00,143.0,40.0,147.22,9.0,142.0,9.0,643.43,35.0,4.219999999999999,49.0,44.0,38.33436147896492,143.0,147.22,93,5.0,52.0,0.05,143.0,1.0
07:32:01,143.37,57.0,145.89,27.0,142.86,43.0,331.32,38.0,2.519999999999982,100.0,65.0,30.080048703417145,143.37,145.89,165,35.0,72.0,0.21,144.0,3.0
07:32:02,144.0,8.0,145.38,16.0,143.0,40.0,419.78,36.0,1.3799999999999957,48.0,52.0,4.187720143460569,144.0,145.38,100,-4.0,-65.0,-0.04,144.0,
07:32:03,144.0,7.0,193.0,19.0,143.0,35.0,237.67,27.0,49.0,42.0,46.0,10.469479452195602,144.0,193.0,88,-4.0,-12.0,-0.05,144.0,
07:32:04,144.0,7.0,159.43,7.0,143.0,34.0,271.0,27.0,15.430000000000009,41.0,34.0,10.269046693824412,144.0,159.43,75,7.0,-13.0,0.09,144.0,
07:32:05,149.7,53.0,158.23,13.0,143.76,37.0,379.0,39.0,8.530000000000001,90.0,52.0,9.765918799577772,149.7,158.23,142,38.0,67.0,0.27,144.0,
07:32:06,151.0,69.0,155.62,13.0,145.0,22.0,216.91,22.0,4.6200000000000045,91.0,35.0,8.684844846049181,151.0,155.62,126,56.0,-16.0,0.44,151.0,2.0
07:32:07,151.0,75.0,153.1,42.0,147.0,30.0,154.6,25.0,2.0999999999999943,105.0,67.0,7.099473924168425,151.0,153.1,172,38.0,46.0,0.22,151.0,
07:32:08,150.39,23.0,152.27,15.0,146.18,11.0,155.62,16.0,1.880000000000024,34.0,31.0,1.115715017352787,150.39,152.27,65,3.0,-107.0,0.05,151.0,5.0
07:32:09,144.96,50.0,150.68,50.0,141.84,25.0,151.0,20.0,5.719999999999999,75.0,70.0,2.398610014142838,144.96,150.68,145,5.0,80.0,0.03,147.6,5.0
07:32:10,143.0,38.0,147.2,15.0,141.0,24.0,148.56,32.0,4.199999999999989,62.0,47.0,3.378589942556761,143.0,147.2,109,15.0,-36.0,0.14,143.0,5.0
07:32:11,143.0,8.0,144.36,22.0,138.49,70.0,146.0,8.0,1.3600000000000136,78.0,30.0,3.694459365041791,143.0,144.36,108,48.0,-1.0,0.44,144.0,3.0
07:32:12,141.0,73.0,143.83,12.0,11.0,18.0,176.08,12.0,2.8300000000000125,91.0,24.0,3.5603932367007425,141.0,143.83,115,67.0,7.0,0.58,143.57,7.0
07:32:13,141.0,66.0,245.5,18.0,34.33,18.0,325.0,18.0,104.5,84.0,36.0,21.78034159511615,141.0,245.5,120,48.0,5.0,0.4,143.57,
07:32:14,141.0,66.0,289.83,18.0,46.83,18.0,688.5,18.0,148.82999999999998,84.0,36.0,34.11899881297735,141.0,289.83,120,48.0,0.0,0.4,143.57,
07:32:18,141.0,15.0,423.57,7.0,32.0,9.0,519.44,9.0,282.57,24.0,16.0,64.5008610020051,141.0,423.57,40,8.0,-35.0,0.2,143.57,
07:32:19,141.11,28.0,185.0,6.0,94.14,21.0,264.0,12.0,43.88999999999999,49.0,18.0,85.34095986101855,141.11,185.0,67,31.0,27.0,0.46,143.57,
07:32:20,143.0,21.0,185.0,7.0,141.95,38.0,589.0,35.0,42.0,59.0,42.0,96.35021499716528,143.0,185.0,101,17.0,34.0,0.17,143.57,
07:32:21,141.6,43.0,439.62,32.0,134.6,58.0,508.03,38.0,298.02,101.0,70.0,80.5852676982584,141.6,439.62,171,31.0,70.0,0.18,142.33,9.0
07:32:24,133.2,46.0,208.4,40.0,98.81,31.0,300.74,31.0,75.20000000000002,77.0,71.0,79.45050578819477,133.2,208.4,148,6.0,50.0,0.04,147.0,3.0
07:32:28,149.0,5.0,273.4,25.0,133.91,11.0,369.17,23.0,124.39999999999998,16.0,48.0,41.8561539083555,149.0,273.4,64,-32.0,-15.0,-0.5,147.0,
07:32:30,118.5,60.0,277.52,40.0,67.3,53.0,360.6,50.0,159.01999999999998,113.0,90.0,44.40541104415033,118.5,277.52,203,23.0,53.0,0.11,141.0,1.0
07:32:31,120.33,36.0,141.0,18.0,71.07,28.0,369.0,30.0,20.67,64.0,48.0,37.204357674873904,120.33,141.0,112,16.0,-91.0,0.14,141.0,
07:32:32,124.69,39.0,141.0,24.0,98.18,33.0,304.88,40.0,16.310000000000002,72.0,64.0,39.19570614238183,124.69,141.0,136,8.0,24.0,0.06,141.0,
07:32:33,121.0,86.0,141.0,33.0,78.11,37.0,299.65,52.0,20.0,123.0,85.0,36.64944447055024,121.0,141.0,208,38.0,72.0,0.18,141.0,
07:32:34,121.0,54.0,140.57,23.0,67.33,27.0,325.94,34.0,19.569999999999997,81.0,57.0,29.83566942436424,121.0,140.57,138,24.0,-70.0,0.17,141.0,
07:32:38,127.33,36.0,256.89,38.0,87.9,39.0,362.67,30.0,129.56,75.0,68.0,28.020616874008024,127.33,256.89,143,7.0,15.0,0.05,138.3,10.0
07:32:39,146.33,18.0,325.38,32.0,144.08,50.0,442.73,30.0,179.04999999999998,68.0,62.0,49.02278011292247,146.33,325.38,130,6.0,-13.0,0.05,138.3,
07:32:40,147.67,54.0,431.11,37.0,146.71,34.0,597.22,36.0,283.44000000000005,88.0,73.0,69.41069816678083,147.67,431.11,161,15.0,31.0,0.09,138.3,
07:32:41,147.48,29.0,234.22,36.0,146.6,30.0,370.56,36.0,86.74000000000001,59.0,72.0,59.33878832601787,147.48,234.22,131,-13.0,-30.0,-0.1,147.55,11.0
07:32:42,147.0,4.0,297.0,16.0,146.0,8.0,620.0,20.0,150.0,12.0,36.0,40.358893691477206,147.0,297.0,48,-24.0,-83.0,-0.5,147.55,
07:32:43,147.0,4.0,286.41,17.0,146.0,8.0,592.26,19.0,139.41000000000005,12.0,36.0,36.50388061562716,147.0,286.41,48,-24.0,0.0,-0.5,147.55,
07:32:44,144.4,30.0,326.17,24.0,144.5,16.0,511.0,30.0,181.77,46.0,54.0,36.48567705278279,144.4,326.17,100,-8.0,52.0,-0.08,145.4,5.0
07:32:45,144.0,104.0,262.59,37.0,143.0,32.0,336.71,34.0,118.58999999999996,136.0,71.0,17.131134521681755,144.0,262.59,207,65.0,107.0,0.31,145.4,
07:32:46,144.0,149.0,169.92,64.0,143.0,52.0,441.32,60.0,25.919999999999987,201.0,124.0,30.152203899548613,144.0,169.92,325,77.0,118.0,0.24,144.0,5.0
07:32:47,144.0,46.0,374.0,30.0,143.0,52.0,454.0,30.0,230.0,98.0,60.0,38.25219470827728,144.0,374.0,158,38.0,-167.0,0.24,144.0,2.0
07:32:48,144.37,35.0,255.97,29.0,143.32,57.0,518.71,35.0,111.6,92.0,64.0,38.698843910380006,144.37,255.97,156,28.0,-2.0,0.18,144.0,
07:32:49,149.0,8.0,234.75,32.0,144.36,44.0,503.47,38.0,85.75,52.0,70.0,36.69029735502226,149.0,234.75,122,-18.0,-34.0,-0.15,144.0,
07:32:50,144.29,34.0,392.31,45.0,143.13,92.0,507.82,44.0,248.02,126.0,89.0,47.16898260509715,144.29,392.31,215,37.0,93.0,0.17,145.67,3.0
07:32:51,144.0,48.0,214.36,55.0,143.0,156.0,298.77,56.0,70.36000000000001,204.0,111.0,40.9380431872355,144.0,214.36,315,93.0,100.0,0.3,145.67,
07:32:52,143.03,160.0,239.77,53.0,141.29,91.0,240.98,53.0,96.74,251.0,106.0,35.5209540975458,143.03,239.77000000000004,357,145.0,42.0,0.41,143.8,5.0
07:32:53,143.0,128.0,169.41,44.0,141.0,66.0,173.71,49.0,26.41,194.0,93.0,42.19801085359301,143.0,169.41,287,101.0,-70.0,0.35,143.0,1.0
07:32:54,143.15,109.0,145.91,33.0,141.9,98.0,148.0,65.0,2.759999999999991,207.0,98.0,48.5754384437233,143.15,145.91,305,109.0,18.0,0.36,145.5,6.0
07:32:55,144.52,33.0,203.22,9.0,142.87,75.0,564.8,25.0,58.69999999999999,108.0,34.0,18.6529067439889,144.52,203.22,142,74.0,-163.0,0.52,144.33,3.0
07:32:56,151.0,32.0,275.25,8.0,150.0,40.0,505.56,16.0,124.25,72.0,24.0,27.39451277172033,151.0,275.25,96,48.0,-46.0,0.5,144.33,
07:32:57,151.0,40.0,275.0,10.0,150.0,50.0,339.0,10.0,124.0,90.0,20.0,31.81182374526725,151.0,275.0,110,70.0,14.0,0.64,144.33,
07:32:58,151.0,40.0,275.0,10.0,150.0,50.0,483.36,14.0,124.0,90.0,24.0,31.260686652726488,151.0,275.0,114,66.0,4.0,0.58,144.33,
07:32:59,150.84,19.0,223.3,10.0,149.93,27.0,487.0,18.0,72.46000000000001,46.0,28.0,18.43973616947797,150.84,223.3,74,18.0,-40.0,0.24,150.67,6.0
07:33:00,150.0,30.0,188.0,10.0,149.0,20.0,201.36,28.0,38.0,50.0,38.0,20.20947846927164,150.0,188.0,88,12.0,14.0,0.14,150.67,
07:33:01,149.62,24.0,173.07,14.0,148.27,37.0,280.5,18.0,23.44999999999999,61.0,32.0,24.08188177863084,149.62,173.07,93,29.0,5.0,0.31,149.75,4.0
07:33:02,145.25,20.0,157.67,12.0,144.32,57.0,305.2,20.0,12.419999999999987,77.0,32.0,24.27278372992989,145.25,157.67,109,45.0,16.0,0.41,147.4,5.0
07:33:03,144.0,20.0,151.2,10.0,143.0,60.0,155.4,10.0,7.199999999999989,80.0,20.0,15.716081890851392,144.0,151.2,100,60.0,-9.0,0.6,147.4,
07:33:04,144.0,20.0,146.0,36.0,143.0,72.0,151.83,12.0,2.0,92.0,48.0,10.044208281390109,144.0,146.0,140,44.0,40.0,0.31,144.0,1.0
07:33:05,150.7,69.0,220.14,37.0,144.0,34.0,246.32,25.0,69.44,103.0,62.0,16.453515733725304,150.7,220.14,165,41.0,25.0,0.25,151.0,2.0
07:33:06,151.0,44.0,312.64,55.0,147.37,19.0,470.27,33.0,161.64,63.0,88.0,37.095964740116266,151.0,312.64,151,-25.0,-14.0,-0.17,151.0,
07:33:07,151.0,44.0,342.75,53.0,149.71,41.0,590.09,35.0,191.75,85.0,88.0,46.95463640579016,151.0,342.75,173,-3.0,22.0,-0.02,151.0,
07:33:08,150.07,54.0,298.14,35.0,148.93,15.0,400.11,37.0,148.07,69.0,72.0,41.25611687980291,150.07,298.14,141,-3.0,-32.0,-0.02,150.67,6.0
07:33:09,150.0,45.0,362.0,31.0,148.0,9.0,511.23,31.0,212.0,54.0,62.0,27.29311598187285,150.0,362.0,116,-8.0,-25.0,-0.07,150.67,
07:33:11,150.0,20.0,339.0,20.0,148.0,4.0,521.0,12.0,189.0,24.0,32.0,29.630326187876648,150.0,339.0,56,-8.0,-116.0,-0.14,150.67,
07:33:12,150.0,45.0,338.05,21.0,148.0,9.0,339.49,43.0,188.05,54.0,64.0,29.854377066017783,150.0,338.05,118,-10.0,62.0,-0.08,150.67,
07:33:13,150.0,60.0,242.07,45.0,148.75,12.0,317.94,34.0,92.07,72.0,79.0,38.41135339974327,150.0,242.07,151,-7.0,33.0,-0.05,150.67,
07:33:14,149.71,42.0,182.33,24.0,148.75,12.0,300.0,31.0,32.620000000000005,54.0,55.0,52.66729032331138,149.71,182.33,109,-1.0,-42.0,-0.01,150.0,5.0
07:33:15,149.0,48.0,180.24,25.0,148.0,12.0,488.1,39.0,31.24000000000001,60.0,64.0,39.66739492328638,149.0,180.24,124,-4.0,15.0,-0.03,150.0,
07:33:16,149.0,36.0,175.0,18.0,148.0,9.0,176.0,27.0,26.0,45.0,45.0,34.99206652942872,149.0,175.0,90,0.0,-34.0,0.0,150.0,
07:33:17,149.0,32.0,174.5,16.0,148.0,8.0,176.0,24.0,25.5,40.0,40.0,14.614829112923768,149.0,174.5,80,0.0,-10.0,0.0,150.0,
07:33:18,148.97,33.0,172.88,33.0,147.73,11.0,173.68,28.0,23.91,44.0,61.0,2.157225069380485,148.97,172.88,105,-17.0,25.0,-0.16,149.0,4.0
07:33:19,145.52,21.0,169.35,48.0,144.88,34.0,170.74,47.0,23.829999999999984,55.0,95.0,2.585938901049984,145.52,169.35,150,-40.0,45.0,-0.27,146.43,7.0
07:33:20,144.79,38.0,166.2,50.0,143.03,33.0,167.36,61.0,21.41,71.0,111.0,2.9004568605589696,144.79,166.2,182,-40.0,32.0,-0.22,144.0,2.0
07:33:21,148.0,48.0,161.33,43.0,144.0,61.0,162.51,47.0,13.330000000000013,109.0,90.0,3.175873108290633,148.0,161.33,199,19.0,17.0,0.1,144.0,
07:33:22,148.43,14.0,158.0,32.0,146.74,35.0,160.0,16.0,9.569999999999991,49.0,48.0,2.9802734773781374,148.43,158.0,97,1.0,-102.0,0.01,144.0,
07:33:23,144.49,43.0,154.26,31.0,145.22,74.0,155.46,46.0,9.769999999999982,117.0,77.0,3.022603182682694,144.49,154.26,194,40.0,97.0,0.21,148.67,6.0
07:33:24,143.47,34.0,150.54,39.0,142.6,60.0,153.62,55.0,7.069999999999993,94.0,94.0,3.627055279419319,143.47,150.54,188,0.0,-6.0,0.0,143.4,5.0
07:33:25,143.0,24.0,150.12,40.0,141.0,16.0,253.0,32.0,7.1200000000000045,40.0,72.0,3.6442488938001376,143.0,150.12,112,-32.0,-76.0,-0.29,149.33,6.0
07:33:26,140.0,15.0,146.8,25.0,128.6,10.0,222.71,34.0,6.800000000000011,25.0,59.0,3.64733738499244,140.0,146.8,84,-34.0,-28.0,-0.4,142.2,5.0
07:33:27,132.0,9.0,140.91,22.0,99.5,16.0,236.81,21.0,8.909999999999997,25.0,43.0,5.005180316428509,132.0,140.91,68,-18.0,-16.0,-0.26,140.0,3.0
07:33:29,142.37,97.0,228.6,15.0,80.88,43.0,455.78,46.0,86.22999999999999,140.0,61.0,26.124927368319387,142.37,228.6,201,79.0,116.0,0.39,140.0,
07:33:30,143.68,93.0,168.42,36.0,140.23,30.0,171.0,12.0,24.73999999999998,123.0,48.0,26.60545301249282,143.68,168.42,171,75.0,-30.0,0.44,143.3,10.0
07:33:31,145.0,56.0,167.0,15.0,144.0,20.0,190.4,5.0,22.0,76.0,20.0,26.78551716879783,145.0,167.0,96,56.0,-75.0,0.58,145.0,1.0
07:33:32,146.31,118.0,162.41,49.0,145.41,118.0,191.05,22.0,16.099999999999994,236.0,71.0,25.79429840100256,146.31,162.41,307,165.0,168.0,0.54,147.0,1.0
07:33:33,149.28,127.0,160.73,56.0,148.0,64.0,161.57,40.0,11.449999999999989,191.0,96.0,13.496575491581671,149.28,160.73,287,95.0,-20.0,0.33,149.0,3.0
07:33:34,150.0,87.0,152.04,55.0,148.0,60.0,153.17,64.0,2.039999999999992,147.0,119.0,2.0634631084570536,150.0,152.04,266,28.0,-21.0,0.11,150.0,3.0
07:33:35,150.0,40.0,151.0,40.0,148.9,40.0,152.0,50.0,1.0,80.0,90.0,2.4654168004545003,150.0,151.0,170,-10.0,-96.0,-0.06,150.0,
07:33:36,149.25,32.0,151.79,38.0,148.14,14.0,324.64,25.0,2.539999999999992,46.0,63.0,2.212374290205744,149.25,151.79,109,-17.0,-61.0,-0.16,150.0,4.0
07:33:37,149.0,32.0,151.12,40.0,147.0,8.0,481.75,8.0,2.1200000000000045,40.0,48.0,2.029926107020507,149.0,151.12,88,-8.0,-21.0,-0.09,150.0,
07:33:38,148.77,35.0,166.62,45.0,145.0,24.0,385.86,21.0,17.849999999999994,59.0,66.0,3.226701101738948,148.77,166.62,125,-7.0,37.0,-0.06,149.0,4.0
07:33:39,147.0,10.0,192.54,26.0,144.0,40.0,218.2,20.0,45.53999999999999,50.0,46.0,8.480070754419629,147.0,192.54,96,4.0,-29.0,0.04,149.0,
07:33:40,147.0,8.0,195.1,21.0,144.0,32.0,199.0,16.0,48.1,40.0,37.0,10.140973819114352,147.0,195.1,77,3.0,-19.0,0.04,149.0,
07:33:41,147.0,13.0,196.0,28.0,144.0,52.0,197.11,37.0,49.0,65.0,65.0,9.65993944080201,147.0,196.0,130,0.0,53.0,0.0,149.0,
07:33:42,147.0,11.0,193.8,30.0,144.0,44.0,195.24,25.0,46.80000000000001,55.0,55.0,5.841663290533084,147.0,193.8,110,0.0,-20.0,0.0,149.0,
07:33:43,150.71,28.0,190.58,24.0,145.5,16.0,192.37,19.0,39.870000000000005,44.0,43.0,0.6550801477388607,150.71,190.58,87,1.0,-23.0,0.01,151.0,2.0
07:33:44,151.0,26.0,186.21,28.0,147.0,13.0,187.48,29.0,35.21000000000001,39.0,57.0,1.105698873998512,151.0,186.21,96,-18.0,9.0,-0.19,151.0,
07:33:45,151.0,20.0,181.7,20.0,147.0,10.0,184.0,30.0,30.69999999999999,30.0,50.0,2.0522597301417957,151.0,181.7,80,-20.0,-16.0,-0.25,151.0,
07:33:46,151.0,20.0,180.0,22.0,147.0,10.0,183.43,28.0,29.0,30.0,50.0,2.327610362573987,151.0,180.0,80,-20.0,0.0,-0.25,151.0,
07:33:47,151.0,26.0,174.9,30.0,147.96,25.0,176.06,32.0,23.90000000000001,51.0,62.0,2.9501220313678544,151.0,174.9,113,-11.0,33.0,-0.1,151.0,
07:33:48,150.42,24.0,169.0,22.0,146.27,30.0,171.7,27.0,18.580000000000013,54.0,49.0,3.412635345295802,150.42,169.0,103,5.0,-10.0,0.05,147.4,5.0
07:33:49,144.02,60.0,167.2,45.0,142.94,131.0,167.93,27.0,23.17999999999998,191.0,72.0,4.420076922403324,144.02,167.2,263,119.0,160.0,0.45,144.12,8.0
07:33:50,144.41,137.0,162.44,27.0,143.53,135.0,163.95,40.0,18.03,272.0,67.0,4.99763944277324,144.41,162.44,339,205.0,76.0,0.6,144.12,
07:33:51,145.67,63.0,158.06,16.0,144.0,81.0,158.88,17.0,12.390000000000017,144.0,33.0,4.566959601306229,145.67,158.06,177,111.0,-162.0,0.63,144.12,
07:33:52,146.08,84.0,153.0,23.0,144.0,108.0,154.56,18.0,6.919999999999988,192.0,41.0,3.8725895728780166,146.08,153.0,233,151.0,56.0,0.65,144.12,
07:33:53,147.65,100.0,149.71,41.0,144.0,144.0,184.0,28.0,2.0600000000000023,244.0,69.0,2.829121771851439,147.65,149.71,313,175.0,80.0,0.56,148.0,5.0
07:33:54,148.0,16.0,153.0,8.0,144.07,56.0,282.0,16.0,5.0,72.0,24.0,1.8849721483257973,148.0,153.0,96,48.0,-168.0,0.5,148.0,
07:33:55,148.4,20.0,153.0,10.0,146.0,10.0,282.0,20.0,4.599999999999994,30.0,30.0,1.206847131978223,148.4,153.0,60,0.0,-36.0,0.0,148.0,
07:33:56,149.0,15.0,152.78,9.0,146.0,9.0,282.0,18.0,3.780000000000001,24.0,27.0,0.930977980386265,149.0,152.78,51,-3.0,-9.0,-0.06,149.0,1.0
07:33:57,149.0,7.0,151.14,7.0,146.43,7.0,282.0,14.0,2.1399999999999864,14.0,21.0,0.885759561034522,149.0,151.14,35,-7.0,-16.0,-0.2,149.0,
07:33:58,149.0,8.0,151.0,8.0,147.0,8.0,282.0,16.0,2.0,16.0,24.0,0.388548581214801,149.0,151.0,40,-8.0,5.0,-0.2,149.0,
07:33:59,147.89,9.0,150.62,13.0,146.44,9.0,278.45,22.0,2.730000000000018,18.0,35.0,0.6488220094633635,147.89,150.62,53,-17.0,13.0,-0.32,149.0,1.0
07:34:00,144.33,54.0,149.14,44.0,143.2,90.0,156.31,32.0,4.809999999999974,144.0,76.0,1.5952805395804943,144.33,149.14,220,68.0,167.0,0.31,146.25,4.0
07:34:01,144.11,76.0,146.24,51.0,143.19,165.0,152.11,36.0,2.1299999999999955,241.0,87.0,2.1892647167404027,144.11,146.24,328,154.0,108.0,0.47,144.67,6.0
07:34:02,144.0,36.0,173.0,21.0,143.0,56.0,266.31,26.0,29.0,92.0,47.0,5.1674413397700185,144.0,173.0,139,45.0,-168.0,0.32,146.2,5.0
07:34:03,144.08,53.0,349.07,27.0,143.05,82.0,431.22,37.0,204.99,135.0,64.0,43.53430118883225,144.08,349.07,199,71.0,60.0,0.36,148.0,1.0
07:34:04,146.0,74.0,366.69,32.0,145.0,47.0,534.67,24.0,220.69,121.0,56.0,55.84183261677537,146.0,366.69,177,65.0,-22.0,0.37,148.0,
07:34:05,147.0,84.0,408.41,34.0,146.0,48.0,607.65,34.0,261.41,132.0,68.0,60.59996427391648,147.0,408.41,200,64.0,23.0,0.32,148.0,
07:34:06,147.58,67.0,368.62,26.0,146.75,65.0,412.25,24.0,221.04,132.0,50.0,46.63828609629595,147.58,368.62,182,82.0,-18.0,0.45,148.0,
07:34:07,148.0,86.0,251.9,30.0,147.0,84.0,268.39,38.0,103.9,170.0,68.0,29.0032037885464,148.0,251.9,238,102.0,56.0,0.43,148.0,
07:34:08,148.0,72.0,194.89,18.0,147.0,63.0,196.0,36.0,46.88999999999999,135.0,54.0,44.87554868745286,148.0,194.89,189,81.0,-49.0,0.43,148.0,5.0
07:34:09,148.0,23.0,167.33,30.0,147.0,63.0,190.38,21.0,19.330000000000013,86.0,51.0,52.86855331858395,148.0,167.33,137,35.0,-52.0,0.26,148.0,2.0
07:34:10,148.0,7.0,154.95,19.0,147.0,49.0,163.89,27.0,6.949999999999989,56.0,46.0,43.54601164285836,148.0,154.95,102,10.0,-35.0,0.1,148.0,
07:34:11,148.0,10.0,152.62,13.0,147.0,70.0,153.5,18.0,4.6200000000000045,80.0,31.0,20.668459545886726,148.0,152.62,111,49.0,9.0,0.44,148.0,
07:34:12,147.15,33.0,149.6,30.0,146.59,59.0,150.17,24.0,2.4499999999999886,92.0,54.0,9.381328797135124,147.15,149.6,146,38.0,35.0,0.26,147.25,4.0
07:34:13,147.0,18.0,148.8,30.0,146.0,32.0,186.8,25.0,1.8000000000000114,50.0,55.0,3.922808942576338,147.0,148.8,105,-5.0,-41.0,-0.05,147.0,2.0
07:34:14,147.0,6.0,148.0,12.0,146.0,12.0,213.33,9.0,1.0,18.0,21.0,1.7028417424872475,147.0,148.0,39,-3.0,-66.0,-0.08,147.0,
07:34:15,147.0,16.0,148.0,32.0,146.0,32.0,223.43,21.0,1.0,48.0,53.0,1.1709910332522038,147.0,148.0,101,-5.0,62.0,-0.05,147.0,
07:34:16,147.0,22.0,148.0,44.0,146.0,44.0,242.91,33.0,1.0,66.0,77.0,0.3894611661733643,147.0,148.0,143,-11.0,42.0,-0.08,147.0,
07:34:17,144.74,47.0,148.0,50.0,144.1,117.0,364.57,42.0,3.259999999999991,164.0,92.0,0.57669749432188,144.74,148.0,256,72.0,113.0,0.28,146.0,9.0
07:34:18,144.0,99.0,145.76,33.0,142.33,9.0,146.8,30.0,1.759999999999991,108.0,63.0,1.154209686303652,144.0,145.76,171,45.0,-85.0,0.26,146.0,
07:34:19,144.0,46.0,145.7,20.0,143.0,9.0,156.11,19.0,1.6999999999999886,55.0,39.0,1.3202083168792766,144.0,145.7,94,16.0,-77.0,0.17,144.44,9.0
07:34:20,142.76,17.0,321.0,16.0,139.83,88.0,348.08,36.0,178.24,105.0,52.0,38.46742816981603,142.76,321.0,157,53.0,63.0,0.34,143.8,5.0
07:34:21,138.39,62.0,299.41,34.0,97.68,19.0,476.11,38.0,161.02000000000004,81.0,72.0,44.07445779587033,138.39,299.41,153,9.0,-4.0,0.06,140.67,3.0
07:34:22,141.0,119.0,149.5,50.0,71.5,20.0,159.42,33.0,8.5,139.0,83.0,44.273830532267645,141.0,149.5,222,56.0,69.0,0.25,141.0,5.0
07:34:23,141.27,74.0,147.22,49.0,118.82,57.0,171.43,28.0,5.949999999999989,131.0,77.0,44.38938082469674,141.27,147.22,208,54.0,-14.0,0.26,141.0,
07:34:24,142.15,33.0,144.5,20.0,141.16,75.0,146.03,29.0,2.3499999999999943,108.0,49.0,44.66915009265292,142.15,144.5,157,59.0,-51.0,0.38,143.0,1.0
07:34:25,142.18,34.0,143.53,15.0,136.21,39.0,144.73,22.0,1.3499999999999943,73.0,37.0,33.544638617817256,142.18,143.53,110,36.0,-47.0,0.33,142.6,5.0
07:34:26,140.81,32.0,149.63,19.0,136.0,27.0,175.03,31.0,8.819999999999993,59.0,50.0,1.0866002024472938,140.81,149.63,109,9.0,-1.0,0.08,143.0,4.0
07:34:27,147.93,42.0,164.71,21.0,140.87,45.0,245.49,39.0,16.78,87.0,60.0,5.622466540581466,147.93,164.71,147,27.0,38.0,0.18,149.0,3.0
07:34:28,150.0,12.0,159.0,6.0,146.92,13.0,361.64,22.0,9.0,25.0,28.0,6.452645194023755,150.0,159.0,53,-3.0,-94.0,-0.06,149.0,
07:34:29,150.0,16.0,159.0,8.0,149.0,16.0,298.0,16.0,9.0,32.0,24.0,6.166743062586412,150.0,159.0,56,8.0,3.0,0.14,149.0,
07:34:30,150.0,12.0,251.67,9.0,149.0,12.0,353.0,9.0,101.67,24.0,18.0,21.98706619810738,150.0,251.67,42,6.0,-14.0,0.14,149.0,
07:34:31,149.8,10.0,220.73,15.0,148.67,12.0,475.33,9.0,70.92999999999998,22.0,24.0,21.511049021373992,149.8,220.73,46,-2.0,4.0,-0.04,149.67,3.0
07:34:32,149.0,5.0,203.73,15.0,148.0,10.0,429.64,11.0,54.72999999999999,15.0,26.0,20.07826262404081,149.0,203.73,41,-11.0,-5.0,-0.27,149.67,
07:34:33,149.0,7.0,334.9,20.0,148.0,14.0,440.55,22.0,185.9,21.0,42.0,32.66717741097248,149.0,334.9,63,-21.0,22.0,-0.33,149.67,
07:34:34,113.0,10.0,370.0,16.0,89.63,19.0,596.5,8.0,257.0,29.0,24.0,30.969185975739613,113.0,370.0,53,5.0,-10.0,0.09,144.67,6.0
07:34:35,111.81,26.0,189.54,26.0,61.15,26.0,310.0,22.0,77.72999999999999,52.0,48.0,40.88782116963375,111.81,189.54,100,4.0,47.0,0.04,147.0,1.0
07:34:36,146.29,7.0,159.0,24.0,86.29,14.0,248.0,12.0,12.710000000000008,21.0,36.0,45.948254917895966,146.29,159.0,57,-15.0,-43.0,-0.26,147.0,
07:34:38,113.21,14.0,142.0,12.0,94.5,16.0,178.33,12.0,28.790000000000006,30.0,24.0,44.85058450009271,113.21,142.0,54,6.0,-23.0,0.11,142.0,2.0
07:34:39,123.67,18.0,139.32,19.0,49.29,21.0,177.64,11.0,15.649999999999991,39.0,30.0,11.244712979883486,123.67,139.32,69,9.0,15.0,0.13,139.0,2.0
07:34:40,124.14,14.0,139.0,7.0,83.43,21.0,142.0,7.0,14.86,35.0,14.0,10.44878796798752,124.14,139.0,49,21.0,-20.0,0.43,139.0,
07:34:41,125.0,16.0,138.36,14.0,94.0,24.0,140.88,8.0,13.360000000000014,40.0,22.0,6.111239645109768,125.0,138.36,62,18.0,13.0,0.29,139.0,
07:34:42,125.88,16.0,138.0,21.0,54.25,32.0,139.0,8.0,12.120000000000005,48.0,29.0,1.8236145425943544,125.88,138.0,77,19.0,15.0,0.25,138.0,1.0
07:34:43,126.0,14.0,137.73,11.0,83.19,27.0,138.4,10.0,11.72999999999999,41.0,21.0,0.1899210361217112,126.0,137.73,62,20.0,-15.0,0.32,138.0,
07:34:44,126.67,24.0,137.92,12.0,102.0,36.0,138.85,13.0,11.249999999999986,60.0,25.0,0.2772543957478968,126.67,137.92,85,35.0,23.0,0.41,137.5,2.0
07:34:45,128.67,12.0,138.0,6.0,112.0,18.0,139.0,6.0,9.330000000000013,30.0,12.0,0.6589005994545141,128.67,138.0,42,18.0,-43.0,0.43,137.5,
07:34:46,130.12,17.0,138.0,10.0,108.38,21.0,139.0,10.0,7.8799999999999955,38.0,20.0,0.9614728285092082,130.12,138.0,58,18.0,16.0,0.31,137.5,
07:34:47,131.6,20.0,139.4,10.0,130.0,10.0,141.1,10.0,7.800000000000011,30.0,20.0,1.453777837209464,131.6,139.4,50,10.0,-8.0,0.2,139.25,4.0
07:34:48,136.52,21.0,140.0,13.0,134.6,15.0,142.0,13.0,3.4799999999999898,36.0,26.0,2.3134109016690685,136.52,140.0,62,10.0,12.0,0.16,138.0,2.0
07:34:49,138.31,13.0,140.0,13.0,135.0,13.0,142.0,13.0,1.6899999999999975,26.0,26.0,2.5570784109919584,138.31,140.0,52,0.0,-10.0,0.0,138.0,
07:34:50,139.2,10.0,141.0,10.0,90.0,44.0,289.6,15.0,1.8000000000000114,54.0,25.0,2.5424751719458505,139.2,141.0,79,29.0,27.0,0.37,140.0,1.0
07:34:51,140.0,6.0,141.14,14.0,74.0,18.0,240.5,8.0,1.1399999999999864,24.0,22.0,2.0057243080645515,140.0,141.14,46,2.0,-33.0,0.04,140.0,
07:34:53,142.76,21.0,255.0,40.0,120.7,23.0,279.0,20.0,112.24,44.0,60.0,25.916835647894224,142.76,255.0,104,-16.0,17.0,-0.15,145.0,4.0
07:34:54,143.72,39.0,224.0,12.0,140.86,107.0,254.94,34.0,80.28,146.0,46.0,27.734362801405062,143.72,224.0,192,100.0,88.0,0.52,145.0,
07:34:55,143.38,78.0,152.37,35.0,141.35,124.0,179.2,20.0,8.990000000000009,202.0,55.0,26.41232856073013,143.38,152.37,257,147.0,65.0,0.57,143.0,5.0
07:34:56,145.0,56.0,148.5,8.0,143.0,32.0,150.0,32.0,3.5,88.0,40.0,25.20745088262517,145.0,148.5,128,48.0,-129.0,0.38,143.0,
07:34:57,145.47,105.0,147.6,15.0,143.0,68.0,200.82,34.0,2.1299999999999955,173.0,49.0,24.852614550585223,145.47,147.6,222,124.0,94.0,0.56,143.0,
07:34:58,146.37,38.0,437.0,30.0,144.77,65.0,556.4,40.0,290.63,103.0,70.0,62.62795262500572,146.37,437.0,173,33.0,-49.0,0.19,146.33,3.0
07:35:00,150.0,24.0,353.52,50.0,144.67,27.0,499.92,50.0,203.52,51.0,100.0,91.74412226404458,150.0,353.52,151,-49.0,80.0,-0.32,148.29,7.0
07:35:01,147.0,7.0,250.33,24.0,143.0,42.0,394.53,30.0,103.33,49.0,54.0,81.0775207440383,147.0,250.33,103,-5.0,-48.0,-0.05,148.29,
07:35:02,147.98,43.0,203.89,18.0,145.15,13.0,322.38,32.0,55.91,56.0,50.0,72.39765859473606,147.98,203.89,106,6.0,3.0,0.06,148.29,
07:35:03,148.0,30.0,319.0,24.0,147.0,6.0,346.0,24.0,171.0,36.0,48.0,69.6084156550051,148.0,319.0,84,-12.0,-22.0,-0.14,148.0,6.0
07:35:04,147.0,8.0,308.71,34.0,143.0,48.0,481.97,38.0,161.70999999999998,56.0,72.0,30.08111982622919,147.0,308.71,128,-16.0,44.0,-0.12,148.0,
07:35:05,147.0,6.0,363.14,21.0,143.0,36.0,622.53,19.0,216.14,42.0,40.0,31.04344987271806,147.0,363.14,82,2.0,-46.0,0.02,148.0,
07:35:06,143.09,46.0,337.45,31.0,141.06,203.0,388.09,46.0,194.36,249.0,77.0,30.05828637830105,143.09,337.45,326,172.0,168.0,0.53,144.33,3.0
07:35:07,144.0,34.0,419.61,44.0,141.56,108.0,497.69,26.0,275.61,142.0,70.0,21.61409493825634,144.0,419.61,212,72.0,-114.0,0.34,144.33,
07:35:08,144.0,12.0,384.53,38.0,143.0,45.0,405.71,42.0,240.53,57.0,80.0,20.9286554752081,144.0,384.53,137,-23.0,-75.0,-0.17,144.0,2.0
07:35:09,144.0,6.0,282.35,17.0,143.0,42.0,403.2,25.0,138.35000000000002,48.0,42.0,25.918623998969498,144.0,282.35,90,6.0,-47.0,0.07,144.0,
07:35:10,143.15,33.0,261.7,37.0,141.68,103.0,276.21,38.0,118.54999999999998,136.0,75.0,33.41688719794166,143.15,261.7,211,61.0,121.0,0.29,144.0,1.0
07:35:11,147.76,55.0,202.21,48.0,142.27,74.0,238.06,51.0,54.45000000000002,129.0,99.0,44.41734829995997,147.76,202.21,228,30.0,17.0,0.13,144.0,
07:35:12,151.0,14.0,156.85,33.0,146.0,16.0,157.78,18.0,5.849999999999994,30.0,51.0,41.9595451595934,151.0,156.85,81,-21.0,-147.0,-0.26,147.75,8.0
07:35:13,144.48,23.0,155.93,70.0,142.76,93.0,157.0,56.0,11.450000000000015,116.0,126.0,28.247779204743825,144.48,155.93,242,-10.0,161.0,-0.04,147.75,
07:35:14,147.64,11.0,153.56,45.0,144.04,27.0,157.0,36.0,5.920000000000016,38.0,81.0,22.58193680798787,147.64,153.56,119,-43.0,-123.0,-0.36,147.75,
07:35:15,148.6,10.0,151.6,50.0,147.0,10.0,157.0,40.0,3.0,20.0,90.0,10.75347943690587,148.6,151.6,110,-70.0,-9.0,-0.64,147.75,
07:35:16,148.09,11.0,150.37,46.0,144.58,31.0,157.0,45.0,2.280000000000001,42.0,91.0,1.808922331101444,148.09,150.37,133,-49.0,23.0,-0.37,149.0,1.0
07:35:17,145.12,16.0,148.15,33.0,143.6,50.0,151.21,33.0,3.030000000000001,66.0,66.0,1.597335281009442,145.12,148.15,132,0.0,-1.0,0.0,147.0,1.0
07:35:18,143.44,89.0,145.78,36.0,142.71,105.0,146.67,60.0,2.3400000000000034,194.0,96.0,2.537031730183416,143.44,145.78,290,98.0,158.0,0.34,144.0,5.0
07:35:19,143.0,110.0,145.0,22.0,141.0,33.0,146.0,44.0,2.0,143.0,66.0,2.710595875440939,143.0,145.0,209,77.0,-81.0,0.37,144.0,
07:35:20,130.82,65.0,184.9,49.0,104.89,70.0,372.8,35.0,54.08000000000001,135.0,84.0,5.634249728220915,130.82,184.9,219,51.0,10.0,0.23,142.54,13.0
07:35:21,111.48,114.0,258.12,34.0,94.85,119.0,328.89,56.0,146.64,233.0,90.0,17.272577109393875,111.48,258.12,323,143.0,104.0,0.44,137.0,2.0
07:35:22,149.18,114.0,349.8,45.0,122.37,104.0,519.85,39.0,200.62,218.0,84.0,44.205475565816016,149.18,349.8,302,134.0,-21.0,0.44,149.4,5.0
07:35:23,149.6,35.0,159.0,32.0,146.81,48.0,505.0,24.0,9.400000000000006,83.0,56.0,42.66242257537606,149.6,159.0,139,27.0,-163.0,0.19,150.0,3.0
07:35:24,151.0,72.0,158.53,15.0,150.0,18.0,271.55,31.0,7.530000000000001,90.0,46.0,40.7394922648768,151.0,158.53,136,44.0,-3.0,0.32,150.0,
07:35:25,151.0,88.0,157.77,13.0,150.0,22.0,317.87,31.0,6.77000000000001,110.0,44.0,41.24410830652005,151.0,157.77,154,66.0,18.0,0.43,150.0,
07:35:26,151.0,80.0,156.1,30.0,150.0,20.0,158.0,10.0,5.099999999999994,100.0,40.0,42.59491131578932,151.0,156.1,140,60.0,-14.0,0.43,150.0,
07:35:27,151.0,61.0,153.0,33.0,150.0,22.0,158.0,11.0,2.0,83.0,44.0,1.098840297749309,151.0,153.0,127,39.0,-13.0,0.31,151.0,3.0
07:35:28,151.0,46.0,153.22,27.0,150.0,22.0,261.41,17.0,2.219999999999999,68.0,44.0,1.2724661095517606,151.0,153.22,112,24.0,-15.0,0.21,151.0,3.0
07:35:29,151.0,8.0,156.86,7.0,150.0,14.0,222.0,21.0,5.860000000000014,22.0,28.0,1.0811706618095949,151.0,156.86,50,-6.0,-62.0,-0.12,151.0,1.0
07:35:30,151.0,10.0,155.6,10.0,150.0,20.0,330.7,30.0,4.599999999999994,30.0,40.0,0.8727943629273811,151.0,155.6,70,-10.0,20.0,-0.14,151.0,
07:35:31,151.0,11.0,153.8,15.0,150.0,22.0,211.2,20.0,2.800000000000012,33.0,35.0,0.8350868218082629,151.0,153.8,68,-2.0,-2.0,-0.03,151.0,
07:35:32,149.09,22.0,153.0,4.0,148.5,8.0,154.0,8.0,3.9099999999999966,30.0,12.0,1.11048187736578,149.09,153.0,42,18.0,-26.0,0.43,150.33,3.0
07:35:33,149.0,84.0,151.93,15.0,148.0,24.0,152.9,21.0,2.930000000000007,108.0,36.0,1.4623440087605393,149.0,151.93,144,72.0,102.0,0.5,150.33,
07:35:34,149.0,62.0,387.39,23.0,148.0,22.0,369.3,30.0,238.39,84.0,53.0,52.06529102962891,149.0,387.39,137,31.0,-7.0,0.23,149.0,3.0
07:35:37,150.29,21.0,345.42,12.0,148.4,10.0,389.33,12.0,195.13,31.0,24.0,73.17326376484759,150.29,345.42,55,7.0,-43.0,0.13,149.0,
07:35:38,149.0,28.0,292.2,25.0,148.0,14.0,392.26,19.0,143.2,42.0,44.0,48.63811725385715,149.0,292.2,86,-2.0,31.0,-0.02,149.0,
07:35:39,149.0,62.0,199.17,18.0,148.0,16.0,499.89,28.0,50.16999999999999,78.0,46.0,67.73637228254816,149.0,199.17,124,32.0,38.0,0.26,149.0,
07:35:40,149.0,60.0,243.67,45.0,148.0,24.0,360.36,28.0,94.67,84.0,73.0,65.40310871816388,149.0,243.67,157,11.0,33.0,0.07,148.71,7.0
07:35:41,144.33,55.0,243.0,52.0,143.37,157.0,618.42,43.0,98.67,212.0,95.0,28.40767202711211,144.33,243.0,307,117.0,150.0,0.38,146.0,8.0
07:35:42,144.74,19.0,242.0,36.0,143.49,71.0,665.0,21.0,97.26,90.0,57.0,16.563359260728788,144.74,242.0,147,33.0,-160.0,0.22,144.0,2.0
07:35:43,144.91,11.0,241.0,28.0,143.47,53.0,331.0,19.0,96.09,64.0,47.0,9.04073946090537,144.91,241.0,111,17.0,-36.0,0.15,144.67,3.0
07:35:44,145.0,72.0,240.56,36.0,143.06,104.0,301.0,36.0,95.56,176.0,72.0,1.4462606957152755,145.0,240.56,248,104.0,137.0,0.42,145.0,7.0
07:35:45,144.21,14.0,239.97,33.0,142.77,52.0,294.22,36.0,95.76,66.0,69.0,0.6014565653236762,144.21,239.97,135,-3.0,-113.0,-0.02,145.0,
07:35:46,147.69,26.0,237.5,24.0,143.4,10.0,239.0,6.0,89.81,36.0,30.0,0.4698616817436655,147.69,237.5,66,6.0,-69.0,0.09,145.0,
07:35:47,148.0,48.0,236.25,32.0,144.0,8.0,239.0,8.0,88.25,56.0,40.0,0.3882911278551477,148.0,236.25,96,16.0,30.0,0.17,145.0,
07:35:48,148.0,90.0,206.62,52.0,144.0,15.0,208.7,33.0,58.620000000000005,105.0,85.0,6.7539803079348415,148.0,206.62,190,20.0,94.0,0.11,145.0,
07:35:49,148.21,58.0,184.29,41.0,146.29,21.0,188.04,24.0,36.079999999999984,79.0,65.0,11.886270651468967,148.21,184.29,144,14.0,-46.0,0.1,145.0,
07:35:50,149.36,22.0,183.0,36.0,147.53,34.0,184.0,9.0,33.639999999999986,56.0,45.0,13.10350220360852,149.36,183.0,101,11.0,-43.0,0.11,149.2,5.0
07:35:51,148.0,39.0,183.0,52.0,145.85,13.0,184.0,13.0,35.0,52.0,65.0,11.525639678559015,148.0,183.0,117,-13.0,16.0,-0.11,149.2,
07:35:52,148.0,27.0,175.41,27.0,147.0,9.0,183.24,21.0,27.41,36.0,48.0,5.854875745903973,148.0,175.41,84,-12.0,-33.0,-0.14,149.2,
07:35:53,147.92,49.0,180.76,17.0,146.05,21.0,183.0,68.0,32.84,70.0,85.0,1.8919778011316013,147.92,180.76,155,-15.0,71.0,-0.1,147.75,4.0
07:35:54,144.0,13.0,178.71,28.0,143.0,65.0,179.14,37.0,34.71000000000001,78.0,65.0,2.1913648714841543,144.0,178.71,143,13.0,-12.0,0.09,147.75,
07:35:55,143.12,16.0,174.58,12.0,141.38,52.0,178.91,33.0,31.460000000000008,68.0,45.0,2.6236996779309085,143.12,174.58,113,23.0,-30.0,0.2,143.25,4.0
07:35:56,143.0,24.0,169.39,33.0,141.0,72.0,170.67,27.0,26.389999999999983,96.0,60.0,3.0877661828536804,143.0,169.39,156,36.0,43.0,0.23,143.25,
07:35:57,143.0,22.0,165.45,11.0,141.0,81.0,166.55,11.0,22.44999999999999,103.0,22.0,4.02183167225766,143.0,165.45,125,81.0,-31.0,0.65,143.25,
07:35:58,143.0,24.0,161.67,12.0,141.0,96.0,163.0,12.0,18.669999999999987,120.0,24.0,3.596168794700119,143.0,161.67,144,96.0,19.0,0.67,143.25,
07:35:59,143.83,36.0,158.08,13.0,142.05,38.0,159.46,13.0,14.25,74.0,26.0,3.1274958033505014,143.83,158.07999999999998,100,48.0,-44.0,0.48,143.25,
07:36:00,144.31,48.0,155.0,44.0,143.41,44.0,157.69,16.0,10.689999999999998,92.0,60.0,2.5977932943125457,144.31,155.0,152,32.0,52.0,0.21,143.25,
07:36:01,147.16,50.0,151.75,52.0,145.13,89.0,153.31,26.0,4.590000000000003,139.0,78.0,1.9918659593394927,147.16,151.75,217,61.0,65.0,0.28,149.0,1.0
07:36:02,146.03,102.0,311.76,17.0,144.58,76.0,388.6,25.0,165.73,178.0,42.0,35.03584093467678,146.03,311.76,220,136.0,3.0,0.62,147.33,3.0
07:36:03,147.41,27.0,260.91,11.0,146.11,71.0,275.68,19.0,113.50000000000004,98.0,30.0,37.46710530585425,147.41,260.91,128,68.0,-92.0,0.53,149.0,2.0
07:36:04,148.14,21.0,224.3,10.0,146.04,101.0,242.08,12.0,76.16000000000003,122.0,22.0,34.640235565018465,148.14,224.3,144,100.0,16.0,0.69,149.0,
07:36:05,149.0,42.0,191.5,32.0,148.0,28.0,224.14,14.0,42.5,70.0,46.0,30.56992361783015,149.0,191.5,116,24.0,-28.0,0.21,149.0,
07:36:06,149.0,36.0,179.56,45.0,148.0,24.0,188.87,15.0,30.56,60.0,60.0,26.34711407346104,149.0,179.56,120,0.0,4.0,0.0,149.0,
07:36:07,149.0,24.0,178.18,11.0,148.0,16.0,178.96,23.0,29.180000000000007,40.0,34.0,17.373924427139922,149.0,178.18,74,6.0,-46.0,0.08,149.0,
07:36:08,146.79,56.0,174.48,23.0,145.27,60.0,176.91,11.0,27.69,116.0,34.0,10.243218732408767,146.79,174.48,150,82.0,76.0,0.55,147.62,8.0
07:36:09,146.0,128.0,160.88,25.0,144.0,96.0,171.2,40.0,14.879999999999995,224.0,65.0,6.123321810910343,146.0,160.88,289,159.0,139.0,0.55,147.62,
07:36:10,146.0,80.0,152.95,22.0,144.0,60.0,163.1,10.0,6.949999999999989,140.0,32.0,6.53039279063446,146.0,152.95,172,108.0,-117.0,0.63,147.62,
07:36:11,146.0,96.0,149.72,18.0,144.0,72.0,150.81,42.0,3.719999999999999,168.0,60.0,6.880563203689844,146.0,149.72,228,108.0,56.0,0.47,147.62,
07:36:12,146.0,104.0,147.08,25.0,144.0,78.0,151.5,16.0,1.0800000000000125,182.0,41.0,5.679163670820802,146.0,147.08,223,141.0,-5.0,0.63,147.0,4.0
07:36:13,146.0,46.0,153.0,7.0,144.0,42.0,187.87,31.0,7.0,88.0,38.0,2.59242743388718,146.0,153.0,126,50.0,-97.0,0.4,146.0,2.0
07:36:14,146.08,52.0,154.0,10.0,144.4,60.0,189.0,50.0,7.9199999999999875,112.0,60.0,1.4503378916552074,146.08,154.0,172,52.0,46.0,0.3,146.0,
07:36:15,151.0,76.0,153.17,12.0,147.0,24.0,181.29,28.0,2.1699999999999875,100.0,40.0,2.1190280790897704,151.0,153.17,140,60.0,-32.0,0.43,151.0,4.0
07:36:16,151.0,21.0,152.57,7.0,147.0,14.0,285.0,17.0,1.5699999999999932,35.0,24.0,2.2222286110953706,151.0,152.57,59,11.0,-81.0,0.19,151.0,
07:36:17,151.0,12.0,444.5,12.0,147.0,12.0,639.0,6.0,293.5,24.0,18.0,65.70383451519378,151.0,444.5,42,6.0,-17.0,0.14,151.0,1.0
07:36:18,151.0,20.0,369.52,23.0,147.0,20.0,507.53,15.0,218.52,40.0,38.0,71.19417974806626,151.0,369.52,78,2.0,36.0,0.03,151.0,
07:36:19,146.47,19.0,218.7,33.0,144.41,37.0,308.0,25.0,72.22999999999999,56.0,58.0,66.54782588484741,146.47,218.7,114,-2.0,36.0,-0.02,147.5,8.0
07:36:20,149.14,21.0,224.76,33.0,147.0,7.0,272.53,15.0,75.62,28.0,48.0,60.67325951356138,149.14,224.76,76,-20.0,-38.0,-0.26,147.5,
07:36:21,147.44,25.0,223.82,44.0,144.17,75.0,225.0,55.0,76.38,100.0,99.0,53.16082937652465,147.44,223.82,199,1.0,123.0,0.01,149.75,4.0
07:36:22,146.0,15.0,211.32,38.0,144.0,143.0,224.08,52.0,65.32,158.0,90.0,34.49487309731647,146.0,211.32,248,68.0,49.0,0.27,146.0,1.0
07:36:23,146.0,5.0,153.2,20.0,144.0,65.0,155.78,9.0,7.199999999999989,70.0,29.0,15.473769094825236,146.0,153.2,99,41.0,-149.0,0.41,146.0,
07:36:24,146.0,11.0,152.36,44.0,144.0,143.0,225.0,55.0,6.360000000000014,154.0,99.0,19.080273320892672,146.0,152.36,253,55.0,154.0,0.22,146.0,
07:36:25,145.22,54.0,151.0,48.0,143.62,78.0,255.23,30.0,5.780000000000001,132.0,78.0,18.348695593964425,145.22,151.0,210,54.0,-43.0,0.26,144.29,7.0
07:36:26,148.0,36.0,151.0,36.0,146.82,51.0,402.23,13.0,3.0,87.0,49.0,13.233948768223724,148.0,151.0,136,38.0,-74.0,0.28,148.0,3.0
07:36:27,147.14,42.0,149.67,36.0,145.5,36.0,313.0,9.0,2.530000000000001,78.0,45.0,0.6681466904587425,147.14,149.67,123,33.0,-13.0,0.27,148.0,
07:36:28,147.0,42.0,148.07,56.0,144.0,45.0,265.67,18.0,1.0699999999999932,87.0,74.0,0.7961658118577014,147.0,148.07,161,13.0,38.0,0.08,147.57,7.0
07:36:29,147.08,36.0,204.55,51.0,144.36,75.0,288.86,28.0,57.47,111.0,79.0,12.288884408276065,147.08,204.55,190,32.0,29.0,0.17,147.57,
07:36:30,149.08,13.0,233.28,39.0,147.32,19.0,361.2,30.0,84.19999999999999,32.0,69.0,19.947278511114497,149.08,233.28,101,-37.0,-89.0,-0.37,150.0,2.0
07:36:31,148.59,39.0,380.81,52.0,144.68,50.0,543.33,36.0,232.22,89.0,88.0,47.9999283332795,148.59,380.81,177,1.0,76.0,0.01,149.25,4.0
07:36:32,151.0,66.0,309.31,29.0,147.0,27.0,398.71,34.0,158.31,93.0,63.0,46.0775433372914,151.0,309.31,156,30.0,-21.0,0.19,151.0,3.0
07:36:33,151.0,20.0,270.0,35.0,147.0,21.0,334.57,7.0,119.0,41.0,42.0,34.717562126393126,151.0,270.0,83,-1.0,-73.0,-0.01,151.0,3.0
07:36:34,151.0,22.0,268.47,15.0,147.0,33.0,271.96,51.0,117.47000000000004,55.0,66.0,27.92744313394919,151.0,268.47,121,-11.0,38.0,-0.09,151.0,
07:36:35,148.8,15.0,228.56,32.0,146.12,32.0,268.88,16.0,79.75999999999999,47.0,48.0,28.61441210299393,148.8,228.56,95,-1.0,-26.0,-0.01,149.0,6.0
07:36:36,147.0,24.0,221.0,36.0,144.0,48.0,232.83,24.0,74.0,72.0,60.0,18.656405870369785,147.0,221.0,132,12.0,37.0,0.09,149.0,
07:36:37,147.0,33.0,177.49,45.0,144.0,49.0,208.88,48.0,30.49000000000001,82.0,93.0,20.078461096408017,147.0,177.49,175,-11.0,43.0,-0.06,149.0,
07:36:38,147.0,21.0,167.29,7.0,144.0,70.0,174.65,34.0,20.289999999999992,91.0,41.0,21.28715387269919,147.0,167.29,132,50.0,-43.0,0.38,149.0,
07:36:39,147.0,24.0,165.03,29.0,144.0,80.0,184.55,11.0,18.03,104.0,40.0,15.534177802509337,147.0,165.03,144,64.0,12.0,0.44,149.0,
07:36:40,147.0,27.0,163.17,24.0,144.0,90.0,163.71,21.0,16.169999999999987,117.0,45.0,12.11723895943192,147.0,163.17,162,72.0,18.0,0.44,149.0,
07:36:41,147.15,34.0,159.42,36.0,144.14,106.0,160.06,18.0,12.269999999999982,140.0,54.0,3.378419748932306,147.15,159.42,194,86.0,32.0,0.44,149.0,
07:36:42,152.0,7.0,155.08,26.0,147.0,21.0,156.8,10.0,3.0800000000000125,28.0,36.0,1.6367406636288122,152.0,155.08,64,-8.0,-130.0,-0.12,149.0,
07:36:43,147.59,34.0,152.2,51.0,146.12,102.0,155.22,23.0,4.609999999999985,136.0,74.0,2.340388856574128,147.59,152.2,210,62.0,146.0,0.3,152.0,1.0
07:36:44,147.0,18.0,149.6,10.0,146.0,63.0,168.77,13.0,2.5999999999999943,81.0,23.0,2.812333550625984,147.0,149.6,104,58.0,-106.0,0.56,147.0,2.0
07:36:45,146.17,60.0,150.7,40.0,144.68,62.0,226.0,40.0,4.530000000000001,122.0,80.0,2.563702400821258,146.17,150.7,202,42.0,98.0,0.21,147.67,3.0
07:36:46,146.0,61.0,149.22,36.0,144.0,63.0,286.89,36.0,3.219999999999999,124.0,72.0,2.377820430557525,146.0,149.22,196,52.0,-6.0,0.27,146.0,4.0
07:36:47,146.0,35.0,147.29,28.0,144.0,49.0,276.0,28.0,1.289999999999992,84.0,56.0,1.1934529735087624,146.0,147.29,140,28.0,-56.0,0.2,146.0,
07:36:48,146.1,10.0,261.67,9.0,144.44,18.0,316.0,14.0,115.57000000000002,28.0,23.0,25.114373772801414,146.1,261.67,51,5.0,-89.0,0.1,146.75,4.0
07:36:49,147.0,5.0,275.12,8.0,146.0,20.0,292.47,17.0,128.12,25.0,25.0,32.91820058873168,147.0,275.12,50,0.0,-1.0,0.0,146.75,
07:36:50,146.5,12.0,272.62,8.0,145.09,44.0,281.0,32.0,126.12,56.0,40.0,33.54273691874254,146.5,272.62,96,16.0,46.0,0.17,146.33,3.0
07:36:51,146.0,14.0,209.8,15.0,144.0,58.0,280.09,22.0,63.80000000000001,72.0,37.0,27.59115292987906,146.0,209.8,109,35.0,13.0,0.32,146.33,
07:36:52,143.86,73.0,173.73,11.0,141.45,99.0,178.04,23.0,29.869999999999976,172.0,34.0,22.98659174388349,143.86,173.73,206,138.0,97.0,0.67,145.0,4.0
07:36:53,151.0,16.0,173.88,8.0,147.0,10.0,176.62,8.0,22.879999999999995,26.0,16.0,25.11289151013824,151.0,173.88,42,10.0,-164.0,0.24,145.0,
07:36:54,151.0,20.0,172.6,10.0,149.77,26.0,175.0,10.0,21.599999999999994,46.0,20.0,21.17302056863813,151.0,172.6,66,26.0,24.0,0.39,145.0,
07:36:55,150.43,14.0,169.14,7.0,149.79,19.0,170.14,7.0,18.70999999999998,33.0,14.0,7.828491553292596,150.43,169.14,47,19.0,-19.0,0.4,150.4,5.0
07:36:56,150.0,16.0,166.5,8.0,149.0,8.0,167.5,8.0,16.5,24.0,16.0,1.837588093119237,150.0,166.5,40,8.0,-7.0,0.2,150.4,
07:36:57,146.77,13.0,162.9,10.0,143.18,101.0,164.2,10.0,16.129999999999995,114.0,20.0,3.056087367856743,146.77,162.9,134,94.0,94.0,0.7,148.2,5.0
07:36:58,144.0,5.0,153.69,13.0,143.0,59.0,159.8,5.0,9.689999999999998,64.0,18.0,5.0764140887021325,144.0,153.69,82,46.0,-52.0,0.56,148.2,
07:36:59,144.0,11.0,151.04,23.0,143.0,38.0,152.47,15.0,7.039999999999992,49.0,38.0,5.492560422969721,144.0,151.04,87,11.0,5.0,0.13,148.2,
07:37:00,144.0,11.0,146.82,11.0,143.0,44.0,147.82,11.0,2.819999999999993,55.0,22.0,5.366760661700244,144.0,146.82,77,33.0,-10.0,0.43,148.2,
07:37:01,144.0,21.0,146.4,10.0,141.38,53.0,147.7,10.0,2.4000000000000057,74.0,20.0,3.920927186262596,144.0,146.4,94,54.0,17.0,0.57,144.44,9.0
07:37:02,143.0,22.0,145.55,11.0,140.64,99.0,148.0,11.0,2.550000000000012,121.0,22.0,1.8775915423682712,143.0,145.55,143,99.0,49.0,0.69,144.44,
07:37:03,143.0,12.0,146.25,8.0,140.0,72.0,207.33,12.0,3.25,84.0,20.0,1.2668583188236997,143.0,146.25,104,64.0,-39.0,0.62,143.0,1.0
07:37:04,146.0,38.0,199.9,10.0,143.0,6.0,281.33,12.0,53.900000000000006,44.0,22.0,12.563711633111184,146.0,199.9,66,22.0,-38.0,0.33,146.67,3.0
07:37:05,146.0,36.0,436.64,14.0,143.0,6.0,594.38,8.0,290.64,42.0,22.0,63.60173794795215,146.0,436.64,64,20.0,-2.0,0.31,146.67,
07:37:07,149.0,9.0,403.7,20.0,146.0,36.0,476.29,35.0,254.7,45.0,55.0,77.33641335102104,149.0,403.7,100,-10.0,4.0,-0.1,146.67,
07:37:08,149.0,11.0,212.55,22.0,146.75,32.0,311.6,30.0,63.55000000000001,43.0,52.0,67.08042210660265,149.0,212.55,95,-9.0,-5.0,-0.09,146.67,
07:37:09,150.0,35.0,198.0,18.0,149.0,7.0,274.59,17.0,48.0,42.0,35.0,66.78674217238019,150.0,198.0,77,7.0,-18.0,0.09,146.67,
07:37:10,150.0,36.0,207.11,27.0,149.0,8.0,246.35,23.0,57.110000000000014,44.0,50.0,67.72895370519157,150.0,207.11,94,-6.0,17.0,-0.06,150.0,4.0
07:37:11,150.0,10.0,190.4,40.0,149.0,10.0,271.23,22.0,40.400000000000006,20.0,62.0,45.1161448929314,150.0,190.4,82,-42.0,-12.0,-0.51,150.0,
07:37:12,148.29,14.0,188.7,40.0,146.86,14.0,286.9,10.0,40.41,28.0,50.0,5.2585768036585385,148.29,188.7,78,-22.0,-4.0,-0.28,148.2,5.0
07:37:13,146.38,26.0,186.3,40.0,144.4,30.0,226.75,20.0,39.920000000000016,56.0,60.0,4.83393421552002,146.38,186.3,116,-4.0,38.0,-0.03,148.2,
07:37:14,151.0,10.0,185.0,32.0,146.0,30.0,204.68,31.0,34.0,40.0,63.0,4.8084217785022725,151.0,185.0,103,-23.0,-13.0,-0.22,148.2,
07:37:15,148.78,9.0,181.29,34.0,145.11,27.0,183.1,20.0,32.50999999999999,36.0,54.0,1.9907486029065693,148.78,181.29,90,-18.0,-13.0,-0.2,147.67,3.0
07:37:16,115.62,64.0,171.0,30.0,81.67,18.0,180.8,20.0,55.38,82.0,50.0,10.668117453420429,115.62,171.0,132,32.0,42.0,0.24,142.25,8.0
07:37:17,140.0,14.0,178.33,18.0,121.43,63.0,179.5,24.0,38.33000000000001,77.0,42.0,10.10136475927749,140.0,178.33,119,35.0,-13.0,0.29,142.25,
07:37:18,142.83,36.0,176.0,32.0,131.29,31.0,177.4,40.0,33.16999999999999,67.0,72.0,9.53758722109386,142.83,176.0,139,-5.0,20.0,-0.04,142.25,
07:37:19,146.0,49.0,173.5,16.0,143.0,24.0,174.8,20.0,27.5,73.0,36.0,8.20996772222477,146.0,173.5,109,37.0,-30.0,0.34,146.0,1.0
07:37:20,144.6,60.0,170.36,44.0,141.6,30.0,172.05,42.0,25.76000000000002,90.0,86.0,7.0512927892672455,144.6,170.36,176,4.0,67.0,0.02,146.0,
07:37:25,128.0,44.0,139.09,22.0,99.5,16.0,193.75,16.0,11.090000000000003,60.0,38.0,3.492016609348625,128.0,139.09,98,22.0,-60.0,0.22,146.0,
07:37:26,128.33,99.0,137.92,61.0,55.56,36.0,139.75,55.0,9.589999999999977,135.0,116.0,1.3045995554065752,128.33,137.92,251,19.0,153.0,0.08,146.0,
07:37:35,136.0,99.0,139.76,25.0,99.22,63.0,141.56,9.0,3.759999999999991,162.0,34.0,1.462504700836153,136.0,139.76,196,128.0,-5.0,0.65,138.57,14.0
07:37:36,136.0,121.0,139.86,21.0,75.19,68.0,461.3,23.0,3.8600000000000136,189.0,44.0,1.354872687734178,136.0,139.86,233,145.0,37.0,0.62,139.25,4.0
07:37:37,140.86,29.0,400.18,33.0,136.56,62.0,633.85,40.0,259.32,91.0,73.0,59.78526908863064,140.86,400.18,164,18.0,-69.0,0.11,142.0,1.0
07:37:38,144.0,65.0,276.42,24.0,143.0,6.0,308.14,14.0,132.42000000000002,71.0,38.0,60.34312943492389,144.0,276.42,109,33.0,-55.0,0.3,142.0,
07:37:39,146.54,108.0,362.6,50.0,144.95,82.0,469.0,25.0,216.06000000000003,190.0,75.0,62.7337474570106,146.54,362.6,265,115.0,156.0,0.43,142.0,
07:37:40,148.47,104.0,303.09,43.0,147.27,98.0,435.27,52.0,154.61999999999998,202.0,95.0,51.50703029684383,148.47,303.09,297,107.0,32.0,0.36,149.0,7.0
07:37:41,149.0,21.0,218.65,26.0,147.94,70.0,342.5,26.0,69.65,91.0,52.0,34.57417779210362,149.0,218.65000000000003,143,39.0,-154.0,0.27,149.0,
07:37:42,149.11,27.0,189.88,51.0,147.04,45.0,305.45,33.0,40.76999999999998,72.0,84.0,33.738664318552765,149.11,189.88,156,-12.0,13.0,-0.08,150.0,3.0
07:37:43,149.0,5.0,298.11,19.0,147.0,20.0,320.4,25.0,149.11,25.0,44.0,34.40116320707755,149.0,298.11,69,-19.0,-87.0,-0.28,150.0,
07:37:44,149.0,7.0,183.35,23.0,147.0,28.0,251.43,35.0,34.349999999999994,35.0,58.0,28.98743227676404,149.0,183.35,93,-23.0,24.0,-0.25,150.0,
07:37:45,147.22,54.0,216.38,47.0,144.75,96.0,340.47,75.0,69.16,150.0,122.0,22.87206702508496,147.22,216.38,272,28.0,168.0,0.1,149.0,1.0
07:37:46,147.0,44.0,190.71,17.0,144.0,66.0,213.26,19.0,43.71000000000001,110.0,36.0,24.01145830639984,147.0,190.71,146,74.0,-126.0,0.51,149.0,
07:37:47,147.0,48.0,151.0,12.0,144.0,72.0,202.42,60.0,4.0,120.0,72.0,28.079505515588707,147.0,151.0,192,48.0,46.0,0.25,149.0,
07:37:48,147.0,32.0,150.5,8.0,144.0,48.0,179.0,40.0,3.5,80.0,48.0,14.11326432828252,147.0,150.5,128,32.0,-64.0,0.25,149.0,
07:37:49,147.0,28.0,149.37,19.0,144.0,60.0,347.39,23.0,2.3700000000000045,88.0,42.0,15.317458340076223,147.0,149.37,130,46.0,2.0,0.35,147.0,3.0
07:37:50,147.0,5.0,149.0,20.0,144.0,30.0,150.0,5.0,2.0,35.0,25.0,9.1177261419703,147.0,149.0,60,10.0,-70.0,0.17,147.0,
07:37:51,145.42,19.0,148.89,36.0,143.75,72.0,206.64,36.0,3.469999999999999,91.0,72.0,0.721824078267868,145.42,148.89,163,19.0,103.0,0.12,144.6,5.0
07:37:52,143.19,16.0,149.0,28.0,121.39,33.0,290.48,23.0,5.810000000000002,49.0,51.0,1.0363059393668776,143.19,149.0,100,-2.0,-63.0,-0.02,142.6,10.0
07:37:53,135.87,39.0,147.29,31.0,106.25,16.0,227.77,26.0,11.419999999999987,55.0,57.0,2.7119826695549865,135.87,147.29,112,-2.0,12.0,-0.02,142.57,7.0
07:37:54,129.89,45.0,145.24,21.0,31.33,36.0,146.83,24.0,15.350000000000025,81.0,45.0,4.404308118191315,129.89,145.24,126,36.0,14.0,0.29,142.57,
07:37:55,122.13,54.0,143.22,36.0,89.18,220.0,143.54,24.0,21.090000000000003,274.0,60.0,6.0233354547098745,122.13,143.22,334,214.0,168.0,0.64,142.57,
07:37:56,116.13,15.0,155.18,28.0,111.38,21.0,220.33,12.0,39.05000000000001,36.0,40.0,5.236580945613686,116.12999999999998,155.18,76,-4.0,-168.0,-0.05,140.33,6.0
07:37:57,118.15,26.0,199.14,49.0,116.31,13.0,274.95,37.0,80.98999999999998,39.0,86.0,10.261275749143724,118.15,199.14,125,-47.0,49.0,-0.38,140.33,
07:38:03,136.94,64.0,204.2,45.0,135.44,54.0,324.26,68.0,67.25999999999999,118.0,113.0,16.715619342398455,136.94,204.2,231,5.0,40.0,0.02,138.0,2.0
07:38:04,142.07,73.0,258.2,30.0,139.17,46.0,375.42,50.0,116.13,119.0,80.0,29.96233518936685,142.07,258.2,199,39.0,-32.0,0.2,138.0,
07:38:05,143.23,139.0,163.31,26.0,140.88,51.0,178.57,28.0,20.080000000000013,190.0,54.0,27.52658805591374,143.23,163.31,244,136.0,45.0,0.56,138.0,
07:38:06,151.0,30.0,156.38,8.0,150.0,16.0,158.0,40.0,5.379999999999996,46.0,48.0,24.395062615209145,151.0,156.38,94,-2.0,-150.0,-0.02,151.0,1.0
07:38:07,151.0,33.0,155.91,11.0,150.0,22.0,160.94,49.0,4.909999999999997,55.0,60.0,20.350595077293853,151.0,155.91,115,-5.0,21.0,-0.04,151.0,
07:38:08,151.0,30.0,153.0,10.0,150.0,20.0,194.0,20.0,2.0,50.0,30.0,21.0414951940202,151.0,153.0,80,20.0,-35.0,0.25,151.0,
07:38:09,150.86,29.0,190.93,15.0,148.15,26.0,239.71,34.0,40.06999999999999,55.0,49.0,7.986086025079647,150.86,190.93,104,6.0,24.0,0.06,151.0,3.0
07:38:10,150.0,20.0,216.0,24.0,144.0,40.0,247.94,34.0,66.0,60.0,58.0,13.788766079674255,150.0,216.0,118,2.0,14.0,0.02,151.0,
07:38:11,147.0,32.0,198.0,32.0,143.21,76.0,225.0,16.0,51.0,108.0,48.0,13.304867530343063,147.0,198.0,156,60.0,38.0,0.38,150.0,4.0
07:38:12,144.0,36.0,267.8,25.0,143.0,135.0,427.97,35.0,123.8,171.0,60.0,19.70768885486023,144.0,267.8,231,111.0,75.0,0.48,150.0,
07:38:13,143.12,96.0,319.92,36.0,142.14,63.0,395.3,37.0,176.8,159.0,73.0,25.78071915211036,143.12,319.92,232,86.0,1.0,0.37,143.8,5.0
07:38:14,143.29,98.0,210.63,19.0,142.37,71.0,248.92,26.0,67.34,169.0,45.0,24.611832113842933,143.29,210.63,214,124.0,-18.0,0.58,143.8,
07:38:15,144.0,72.0,182.03,31.0,143.0,168.0,186.82,39.0,38.03,240.0,70.0,28.1998687940208,144.0,182.03,310,170.0,96.0,0.55,144.0,2.0
07:38:16,144.0,37.0,173.22,18.0,143.0,126.0,177.32,22.0,29.22,163.0,40.0,30.906595089074216,144.0,173.22,203,123.0,-107.0,0.61,144.0,1.0
07:38:17,144.44,50.0,167.87,39.0,142.93,118.0,168.73,22.0,23.430000000000007,168.0,61.0,31.38489891651686,144.44,167.87,229,107.0,26.0,0.47,143.8,5.0
07:38:18,147.74,19.0,165.15,26.0,144.0,26.0,165.85,26.0,17.409999999999997,45.0,52.0,8.674015794311952,147.74,165.15000000000003,97,-7.0,-132.0,-0.07,148.33,3.0
07:38:19,148.12,25.0,162.33,15.0,145.5,12.0,163.62,29.0,14.210000000000008,37.0,44.0,3.12159094052548,148.12,162.33,81,-7.0,-16.0,-0.09,148.33,
07:38:20,149.54,26.0,158.45,20.0,148.68,38.0,159.62,24.0,8.909999999999997,64.0,44.0,1.705467677785108,149.54,158.45,108,20.0,27.0,0.19,149.67,3.0
07:38:21,149.0,52.0,154.41,27.0,146.66,29.0,154.93,27.0,5.409999999999997,81.0,54.0,1.9351304865483956,149.0,154.41,135,27.0,27.0,0.2,149.0,2.0
07:38:22,148.03,33.0,149.67,21.0,146.75,24.0,151.0,26.0,1.6399999999999864,57.0,47.0,3.0195330764819097,148.03,149.67,104,10.0,-31.0,0.1,149.0,3.0
07:38:23,148.0,68.0,149.0,14.0,147.0,33.0,150.0,33.0,1.0,101.0,47.0,3.0023707299345275,148.0,149.0,148,54.0,44.0,0.36,148.33,3.0
07:38:24,148.0,34.0,149.8,20.0,147.0,24.0,267.0,12.0,1.8000000000000114,58.0,32.0,2.389554351749938,148.0,149.8,90,26.0,-58.0,0.29,148.0,3.0
07:38:25,148.0,18.0,150.8,10.0,147.0,27.0,252.14,21.0,2.800000000000012,45.0,31.0,1.287245120389532,148.0,150.8,76,14.0,-14.0,0.18,149.0,1.0
07:38:26,148.0,12.0,153.6,10.0,147.0,21.0,306.67,18.0,5.599999999999994,33.0,28.0,0.9030503861726646,148.0,153.6,61,5.0,-15.0,0.08,148.0,1.0
07:38:27,148.98,51.0,152.0,11.0,147.77,13.0,280.05,40.0,3.0200000000000102,64.0,51.0,0.996303166695121,148.98,152.0,115,13.0,54.0,0.11,148.0,
07:38:28,149.0,15.0,152.0,3.0,148.0,3.0,296.4,10.0,3.0,18.0,13.0,0.8213525430452353,149.0,152.0,31,5.0,-84.0,0.16,148.0,
07:38:29,149.0,30.0,152.0,6.0,148.0,6.0,343.43,21.0,3.0,36.0,27.0,0.5405737692184065,149.0,152.0,63,9.0,32.0,0.14,148.0,
07:38:30,147.14,21.0,151.22,9.0,146.2,15.0,336.67,36.0,4.0800000000000125,36.0,45.0,0.6364589538744692,147.14,151.22,81,-9.0,18.0,-0.11,148.83,6.0
07:38:31,147.49,35.0,149.5,8.0,146.0,12.0,493.85,13.0,2.009999999999991,47.0,21.0,0.9422685392003874,147.49,149.5,68,26.0,-13.0,0.38,148.0,1.0
07:38:32,147.51,43.0,391.95,22.0,146.12,16.0,615.27,30.0,244.44,59.0,52.0,53.70058984778449,147.51,391.95,111,7.0,43.0,0.06,149.0,1.0
07:38:33,148.42,84.0,273.15,33.0,147.33,36.0,343.96,27.0,124.73,120.0,60.0,53.96150322220442,148.42,273.15,180,60.0,69.0,0.33,149.0,
07:38:34,148.44,27.0,261.55,29.0,147.25,36.0,340.48,31.0,113.11,63.0,60.0,50.4550575264758,148.44,261.55,123,3.0,-57.0,0.02,149.25,8.0
07:38:35,148.0,14.0,282.0,21.0,146.96,52.0,456.0,14.0,134.0,66.0,35.0,43.0161638224515,148.0,282.0,101,31.0,-22.0,0.31,149.25,
07:38:36,148.57,23.0,189.18,33.0,147.1,93.0,262.0,33.0,40.610000000000014,116.0,66.0,36.17610164182961,148.57,189.18,182,50.0,81.0,0.27,148.75,4.0
07:38:37,149.0,5.0,188.8,15.0,148.0,5.0,339.0,9.0,39.80000000000001,10.0,24.0,22.938367422290163,149.0,188.8,34,-14.0,-148.0,-0.41,148.75,
07:38:38,149.3,23.0,187.85,39.0,147.04,117.0,368.15,13.0,38.54999999999998,140.0,52.0,22.85081398987749,149.3,187.85,192,88.0,158.0,0.46,148.75,
07:38:39,150.0,24.0,187.0,27.0,148.0,9.0,352.33,9.0,37.0,33.0,36.0,20.70114006522297,150.0,187.0,69,-3.0,-123.0,-0.04,150.0,1.0
07:38:40,147.32,94.0,186.73,33.0,146.4,15.0,197.0,11.0,39.41,109.0,44.0,0.776904112473504,147.32,186.73,153,65.0,84.0,0.42,149.33,3.0
07:38:41,147.0,106.0,186.0,27.0,145.0,9.0,245.44,9.0,39.0,115.0,36.0,1.067333125119874,147.0,186.0,151,79.0,-2.0,0.52,147.0,4.0
07:38:42,147.0,60.0,183.77,13.0,145.0,6.0,187.5,16.0,36.77000000000001,66.0,29.0,1.3628206044736806,147.0,183.77,95,37.0,-56.0,0.39,147.0,
07:38:43,147.73,82.0,179.79,29.0,146.7,47.0,181.54,26.0,32.06,129.0,55.0,1.7799775279417973,147.73,179.79,184,74.0,89.0,0.4,147.0,
07:38:44,152.0,18.0,177.86,21.0,147.0,60.0,178.91,11.0,25.860000000000014,78.0,32.0,1.2918668661969956,152.0,177.86,110,46.0,-74.0,0.42,147.0,
07:38:45,152.0,18.0,176.0,18.0,147.0,60.0,178.0,6.0,24.0,78.0,24.0,1.1067881459328688,152.0,176.0,102,54.0,-8.0,0.53,147.0,
07:38:46,151.55,33.0,174.22,27.0,148.14,70.0,178.0,9.0,22.669999999999987,103.0,36.0,0.9875221516388424,151.55,174.22,139,67.0,37.0,0.48,152.0,3.0
07:38:47,151.0,35.0,172.25,16.0,147.0,70.0,173.94,18.0,21.25,105.0,34.0,1.2512074168487382,151.0,172.25,139,71.0,0.0,0.51,152.0,
07:38:48,151.0,55.0,168.6,25.0,147.0,110.0,170.0,30.0,17.599999999999994,165.0,55.0,2.0160059523664926,151.0,168.6,220,110.0,81.0,0.5,152.0,
07:38:49,151.0,70.0,165.24,33.0,147.0,140.0,166.31,29.0,14.240000000000007,210.0,62.0,2.358491043013915,151.0,165.24,272,148.0,52.0,0.54,152.0,
07:38:50,150.44,54.0,161.87,45.0,146.16,131.0,162.79,42.0,11.430000000000009,185.0,87.0,2.6849357534169385,150.44,161.87,272,98.0,0.0,0.36,149.86,7.0
07:38:51,149.85,62.0,159.16,37.0,147.36,44.0,160.47,38.0,9.310000000000002,106.0,75.0,2.82469821396486,149.85,159.16,181,31.0,-91.0,0.17,149.86,
07:38:52,150.0,63.0,151.56,36.0,147.14,58.0,163.68,31.0,1.5600000000000025,121.0,67.0,3.476676573967701,150.0,151.56,188,54.0,7.0,0.29,150.0,7.0
07:38:53,147.25,59.0,150.0,42.0,145.19,122.0,181.0,42.0,2.75,181.0,84.0,3.88771783955256,147.25,150.0,265,97.0,77.0,0.37,149.5,2.0
07:38:54,147.0,54.0,148.56,27.0,146.0,9.0,248.33,27.0,1.5600000000000025,63.0,54.0,3.651831047567052,147.0,148.56,117,9.0,-148.0,0.08,149.5,
07:38:55,147.0,39.0,354.55,31.0,146.0,12.0,481.06,32.0,207.55,51.0,63.0,44.95088019160448,147.0,354.55,114,-12.0,-3.0,-0.11,147.0,3.0
07:38:56,147.0,22.0,294.5,12.0,146.0,8.0,389.25,24.0,147.5,30.0,36.0,48.669693547422135,147.0,294.5,66,-6.0,-48.0,-0.09,147.0,2.0
07:38:57,145.07,84.0,316.92,38.0,144.5,66.0,447.25,40.0,171.85000000000002,150.0,78.0,48.308207687721016,145.07,316.92,228,72.0,162.0,0.32,145.5,4.0
07:38:58,145.29,68.0,213.62,24.0,144.21,34.0,374.5,20.0,68.33000000000001,102.0,44.0,41.655863572851175,145.29,213.62,146,58.0,-82.0,0.4,145.5,
07:38:59,145.99,81.0,253.69,32.0,144.51,55.0,295.47,19.0,107.7,136.0,51.0,27.623224467827644,145.99,253.69,187,85.0,41.0,0.45,148.33,6.0
07:39:00,145.27,30.0,180.0,20.0,144.75,48.0,324.25,20.0,34.72999999999999,78.0,40.0,28.293144576027395,145.27,180.0,118,38.0,-69.0,0.32,148.33,
07:39:01,146.23,13.0,179.44,18.0,144.92,52.0,328.65,31.0,33.21000000000001,65.0,49.0,28.875600080344405,146.23,179.44,114,16.0,-4.0,0.14,146.0,2.0
07:39:02,145.0,40.0,178.25,16.0,144.0,32.0,330.21,28.0,33.25,72.0,44.0,16.59817520090635,145.0,178.25,116,28.0,2.0,0.24,146.0,
07:39:03,147.55,11.0,177.89,18.0,144.07,30.0,302.0,27.0,30.33999999999997,41.0,45.0,16.72727114624444,147.55,177.89,86,-4.0,-30.0,-0.05,145.0,4.0
07:39:04,152.0,4.0,177.0,4.0,145.0,2.0,272.0,6.0,25.0,6.0,10.0,1.036831712468261,152.0,177.0,16,-4.0,-70.0,-0.25,145.0,
07:39:05,149.67,6.0,177.0,8.0,144.2,10.0,242.0,12.0,27.330000000000013,16.0,20.0,1.0449019092622502,149.67,177.0,36,-4.0,20.0,-0.11,152.0,2.0
07:39:06,141.19,52.0,175.7,20.0,126.0,20.0,209.08,24.0,34.50999999999999,72.0,44.0,2.3025703029396816,141.19,175.7,116,28.0,80.0,0.24,144.0,6.0
07:39:07,141.5,16.0,173.2,10.0,111.83,12.0,204.29,14.0,31.69999999999999,28.0,24.0,3.166141184467228,141.5,173.2,52,4.0,-64.0,0.08,141.0,5.0
07:39:08,149.0,9.0,163.4,20.0,141.0,18.0,191.31,13.0,14.400000000000006,27.0,33.0,3.714771863786416,149.0,163.4,60,-6.0,8.0,-0.1,141.0,
07:39:09,149.0,10.0,159.72,29.0,142.5,40.0,161.43,21.0,10.72,50.0,50.0,3.372843014428429,149.0,159.72,100,0.0,40.0,0.0,141.0,
07:39:10,149.0,9.0,155.78,27.0,143.0,54.0,157.95,20.0,6.780000000000001,63.0,47.0,2.4121670754692874,149.0,155.78,110,16.0,10.0,0.15,144.5,4.0
07:39:11,145.8,30.0,154.0,30.0,142.56,27.0,155.0,30.0,8.199999999999989,57.0,60.0,2.9827085006714333,145.8,154.0,117,-3.0,7.0,-0.03,144.5,
07:39:12,147.0,39.0,152.16,38.0,143.79,43.0,153.94,34.0,5.159999999999997,82.0,72.0,2.848118677298625,147.0,152.16,154,10.0,37.0,0.06,144.5,
07:39:13,147.0,24.0,150.06,17.0,144.0,24.0,151.09,23.0,3.0600000000000023,48.0,40.0,2.3736827926192974,147.0,150.06,88,8.0,-66.0,0.09,144.5,
07:39:14,144.71,51.0,148.4,20.0,143.09,22.0,150.68,25.0,3.6899999999999977,73.0,45.0,2.127287004608578,144.71,148.4,118,28.0,30.0,0.24,147.0,3.0
07:39:15,144.49,35.0,147.4,15.0,143.8,40.0,149.8,15.0,2.9099999999999966,75.0,30.0,1.7806880692519516,144.49,147.4,105,45.0,-13.0,0.43,147.0,
07:39:16,144.75,20.0,147.0,25.0,143.94,54.0,148.0,20.0,2.25,74.0,45.0,1.668810953935784,144.75,147.0,119,29.0,14.0,0.24,145.33,3.0
07:39:17,144.17,24.0,146.83,12.0,143.45,22.0,190.25,8.0,2.660000000000025,46.0,20.0,1.2061716295684677,144.17,146.83,66,26.0,-53.0,0.39,145.0,2.0
07:39:18,144.0,68.0,146.04,25.0,142.29,42.0,246.11,19.0,2.039999999999992,110.0,44.0,0.5666745097281899,144.0,146.04,154,66.0,88.0,0.43,144.0,2.0
07:39:19,144.0,18.0,238.33,9.0,142.0,18.0,362.81,21.0,94.33,36.0,30.0,20.38953947493611,144.0,238.33000000000004,66,6.0,-88.0,0.09,145.0,1.0
07:39:20,143.2,45.0,325.13,45.0,118.83,40.0,425.29,21.0,181.93,85.0,66.0,39.82592459692533,143.2,325.13,151,19.0,85.0,0.13,143.5,4.0
07:39:21,142.14,63.0,384.86,56.0,98.86,58.0,558.79,38.0,242.72000000000003,121.0,94.0,52.88113151209974,142.14,384.86,215,27.0,64.0,0.13,142.0,2.0
07:39:22,145.0,31.0,364.82,22.0,142.0,44.0,368.0,44.0,219.82,75.0,66.0,49.34494330729334,145.0,364.82,141,9.0,-74.0,0.06,142.0,
07:39:23,145.0,36.0,287.73,30.0,142.0,36.0,419.92,25.0,142.73000000000002,72.0,55.0,29.296799825236864,145.0,287.7300000000001,127,17.0,-14.0,0.13,142.0,
07:39:24,145.0,44.0,359.17,35.0,142.0,44.0,465.06,36.0,214.17,88.0,71.0,18.871643277679944,145.0,359.17,159,17.0,32.0,0.11,142.0,
07:39:25,145.0,40.0,175.67,18.0,142.0,40.0,238.06,31.0,30.669999999999987,80.0,49.0,42.62875789886444,145.0,175.67,129,31.0,-30.0,0.24,142.0,
07:39:26,146.3,46.0,160.85,41.0,144.14,56.0,182.36,56.0,14.549999999999985,102.0,97.0,48.5978876084135,146.3,160.85,199,5.0,70.0,0.03,142.0,
07:39:27,147.0,39.0,159.54,39.0,145.0,52.0,162.0,52.0,12.539999999999992,91.0,91.0,44.90301014408705,147.0,159.54,182,0.0,-17.0,0.0,142.0,
07:39:28,147.0,33.0,158.36,33.0,145.0,44.0,261.08,26.0,11.360000000000014,77.0,59.0,43.54712447452738,147.0,158.36,136,18.0,-46.0,0.13,142.0,
07:39:29,147.0,30.0,156.8,30.0,145.0,40.0,439.4,40.0,9.800000000000011,70.0,70.0,3.402612231797225,147.0,156.8,140,0.0,4.0,0.0,142.0,
07:39:30,147.0,33.0,155.36,33.0,145.0,32.0,334.0,44.0,8.360000000000014,65.0,77.0,0.9863670716196412,147.0,155.36,142,-12.0,2.0,-0.08,142.0,
07:39:31,147.74,19.0,154.18,33.0,146.68,25.0,340.09,44.0,6.439999999999998,44.0,77.0,0.979704036929182,147.74,154.18,121,-33.0,-21.0,-0.27,142.0,
07:39:32,149.0,9.0,152.56,27.0,147.0,27.0,209.09,33.0,3.5600000000000023,36.0,60.0,0.7849840762557961,149.0,152.56,96,-24.0,-25.0,-0.25,142.0,
07:39:33,149.0,11.0,151.27,33.0,147.0,33.0,270.51,35.0,2.2700000000000102,44.0,68.0,0.638686151388129,149.0,151.27,112,-24.0,16.0,-0.21,142.0,
07:39:34,145.4,10.0,151.0,30.0,144.07,129.0,404.0,40.0,5.599999999999994,139.0,70.0,1.2108344230218713,145.4,151.0,209,69.0,97.0,0.33,147.5,4.0
07:39:35,145.13,46.0,264.3,33.0,143.88,104.0,455.0,40.0,119.17000000000002,150.0,73.0,24.487037387156064,145.13,264.3,223,77.0,14.0,0.35,146.67,6.0
07:39:36,150.0,89.0,393.32,38.0,144.16,147.0,555.31,52.0,243.32,236.0,90.0,53.94268254360353,150.0,393.32,326,146.0,103.0,0.45,150.0,7.0
07:39:37,144.81,111.0,179.47,40.0,142.96,92.0,195.67,43.0,34.66,203.0,83.0,52.35155508674016,144.81,179.47,286,120.0,-40.0,0.42,150.0,3.0
07:39:38,144.0,192.0,175.09,68.0,141.0,64.0,177.59,44.0,31.090000000000003,256.0,112.0,50.826832677238414,144.0,175.09,368,144.0,82.0,0.39,150.0,
07:39:39,144.11,162.0,170.57,69.0,141.95,76.0,172.0,36.0,26.45999999999998,238.0,105.0,49.1168728646276,144.11,170.57,343,133.0,-25.0,0.39,150.0,
07:39:40,144.05,95.0,168.42,48.0,142.21,39.0,169.19,43.0,24.369999999999976,134.0,91.0,50.51753576729557,144.05,168.42,225,43.0,-118.0,0.19,144.0,3.0
07:39:41,146.91,57.0,165.16,64.0,144.54,111.0,166.25,71.0,18.25,168.0,135.0,2.580354626786048,146.90999999999997,165.16,303,33.0,78.0,0.11,144.0,
07:39:42,152.0,14.0,162.41,54.0,147.38,32.0,163.75,63.0,10.409999999999997,46.0,117.0,1.3948010610749422,152.0,162.41,163,-71.0,-140.0,-0.44,152.0,1.0
07:39:43,152.0,10.0,158.21,39.0,150.73,44.0,159.25,48.0,6.210000000000008,54.0,87.0,0.9188851941213446,152.0,158.21,141,-33.0,-22.0,-0.23,152.0,
07:39:44,151.08,50.0,153.8,55.0,149.5,40.0,154.87,61.0,2.719999999999999,90.0,116.0,1.8150344349281669,151.08,153.8,206,-26.0,65.0,-0.13,151.33,3.0
07:39:45,151.0,39.0,152.68,44.0,148.0,26.0,153.41,59.0,1.6800000000000068,65.0,103.0,2.3080121316783977,151.0,152.68,168,-38.0,-38.0,-0.23,152.0,2.0
07:39:46,147.84,38.0,152.18,55.0,144.32,87.0,308.45,44.0,4.340000000000003,125.0,99.0,2.8347698319218466,147.84,152.18,224,26.0,56.0,0.12,151.0,3.0
07:39:47,145.0,28.0,152.0,31.0,144.0,91.0,334.57,28.0,7.0,119.0,59.0,2.5074329502448385,145.0,152.0,178,60.0,-46.0,0.34,152.0,4.0
07:39:48,145.0,56.0,150.13,23.0,144.0,182.0,242.0,57.0,5.129999999999996,238.0,80.0,2.0897535739825703,145.0,150.13,318,158.0,140.0,0.5,148.5,2.0
07:39:49,147.25,24.0,150.0,60.0,145.0,64.0,331.12,64.0,2.75,88.0,124.0,1.662128153895663,147.25,150.0,212,-36.0,-106.0,-0.17,148.0,1.0
07:39:50,146.8,44.0,239.76,68.0,145.08,61.0,436.47,75.0,92.95999999999998,105.0,143.0,19.966983497763906,146.8,239.76,248,-38.0,36.0,-0.15,147.33,3.0
07:39:51,147.42,36.0,252.16,45.0,145.0,36.0,347.27,37.0,104.74,72.0,82.0,26.56077126139187,147.42,252.16000000000005,154,-10.0,-94.0,-0.06,147.33,
07:39:52,146.8,45.0,163.0,45.0,144.82,33.0,242.4,50.0,16.19999999999999,78.0,95.0,25.547997377485007,146.8,163.0,173,-17.0,19.0,-0.1,149.0,3.0
07:39:53,145.0,30.0,209.4,20.0,144.0,10.0,379.89,38.0,64.4,40.0,58.0,22.655926818384263,145.0,209.4,98,-18.0,-75.0,-0.18,149.0,
07:39:54,144.0,8.0,208.0,16.0,142.0,88.0,284.92,38.0,64.0,96.0,54.0,17.475545198934025,144.0,208.0,150,42.0,52.0,0.28,149.0,
07:39:55,142.08,25.0,208.0,10.0,141.28,39.0,363.0,20.0,65.91999999999999,64.0,30.0,15.904549034788266,142.08,208.0,94,34.0,-56.0,0.36,142.29,7.0
07:39:56,142.76,85.0,207.56,18.0,141.47,53.0,363.0,36.0,64.80000000000001,138.0,54.0,9.408761873912113,142.76,207.56,192,84.0,98.0,0.44,142.29,
07:39:57,143.52,140.0,206.91,22.0,142.0,55.0,239.04,53.0,63.38999999999999,195.0,75.0,0.9075681792482206,143.52,206.91,270,120.0,78.0,0.44,144.0,1.0
07:39:58,145.0,156.0,205.46,26.0,142.0,65.0,233.92,65.0,60.46000000000001,221.0,91.0,0.3820994634696492,145.0,205.46,312,130.0,42.0,0.42,144.0,
07:39:59,145.0,96.0,204.0,23.0,142.0,40.0,230.58,33.0,59.0,136.0,56.0,0.3057776970017128,145.0,204.0,192,80.0,-120.0,0.42,144.0,
07:40:00,145.0,168.0,200.67,49.0,142.0,70.0,201.6,47.0,55.66999999999999,238.0,96.0,1.0249390225684112,145.0,200.67,334,142.0,142.0,0.43,144.0,
07:40:01,145.94,53.0,196.23,39.0,145.27,83.0,199.0,65.0,50.28999999999999,136.0,104.0,1.7898407750364702,145.94,196.23,240,32.0,-94.0,0.13,145.5,4.0
07:40:02,146.33,36.0,186.19,54.0,145.34,146.0,189.41,54.0,39.85999999999999,182.0,108.0,3.576413007467461,146.33,186.19,290,74.0,50.0,0.26,149.67,6.0
07:40:03,145.1,119.0,178.71,51.0,143.58,71.0,180.69,58.0,33.610000000000014,190.0,109.0,5.166615913727412,145.1,178.71,299,81.0,9.0,0.27,145.0,3.0
07:40:04,148.0,33.0,177.0,42.0,144.05,38.0,177.7,37.0,29.0,71.0,79.0,4.939829956585591,148.0,177.0,150,-8.0,-149.0,-0.05,145.0,
07:40:05,146.86,42.0,174.43,51.0,143.0,30.0,175.31,36.0,27.569999999999997,72.0,87.0,4.248025423650315,146.86,174.43,159,-15.0,9.0,-0.09,146.6,5.0
07:40:06,144.0,36.0,170.47,45.0,142.0,60.0,172.51,49.0,26.47,96.0,94.0,3.2625879298462257,144.0,170.47,190,2.0,31.0,0.01,146.6,
07:40:07,144.0,27.0,153.07,29.0,141.74,47.0,156.73,26.0,9.069999999999991,74.0,55.0,5.757069567060719,144.0,153.07,129,19.0,-61.0,0.15,146.6,
07:40:08,149.0,170.0,151.0,34.0,144.0,51.0,152.0,51.0,2.0,221.0,85.0,6.262016448395491,149.0,151.0,306,136.0,168.0,0.44,146.6,
07:40:09,149.0,90.0,150.2,30.0,142.48,73.0,152.67,39.0,1.1999999999999886,163.0,69.0,5.399152711303381,149.0,150.2,232,94.0,-74.0,0.41,149.0,4.0
07:40:10,148.62,39.0,150.62,45.0,142.09,113.0,162.57,47.0,2.0,152.0,92.0,3.527680541088414,148.62,150.62,244,60.0,12.0,0.25,149.0,6.0
07:40:11,144.0,7.0,151.86,28.0,142.0,84.0,303.0,7.0,7.860000000000014,91.0,35.0,0.8685792997608999,144.0,151.86,126,56.0,-118.0,0.44,149.0,
07:40:12,144.0,8.0,151.0,32.0,142.0,96.0,268.5,8.0,7.0,104.0,40.0,1.1307961796774282,144.0,151.0,144,64.0,18.0,0.44,149.0,
07:40:13,144.0,8.0,149.4,20.0,142.0,96.0,156.46,26.0,5.400000000000006,104.0,46.0,1.3004614565502703,144.0,149.4,150,58.0,6.0,0.39,149.0,
07:40:14,144.0,16.0,148.4,40.0,142.0,132.0,157.45,53.0,4.400000000000006,148.0,93.0,1.3199242402398073,144.0,148.4,241,55.0,91.0,0.23,147.0,4.0
07:40:15,144.0,8.0,149.0,16.0,142.0,72.0,447.38,8.0,5.0,80.0,24.0,0.7226894215168767,144.0,149.0,104,56.0,-137.0,0.54,147.0,
07:40:16,142.37,49.0,149.0,26.0,141.91,94.0,196.08,13.0,6.629999999999996,143.0,39.0,0.671029060452832,142.37,149.0,182,104.0,78.0,0.57,144.0,1.0
07:40:17,142.0,105.0,143.91,22.0,140.0,11.0,154.9,20.0,1.9099999999999968,116.0,42.0,1.5336818444422844,142.0,143.91,158,74.0,-24.0,0.47,142.0,5.0
07:40:18,142.0,65.0,146.85,26.0,140.57,21.0,335.38,16.0,4.849999999999994,86.0,42.0,1.4644794296854171,142.0,146.85,128,44.0,-30.0,0.34,143.0,2.0
07:40:19,142.0,45.0,146.56,18.0,103.0,36.0,227.44,9.0,4.560000000000002,81.0,27.0,1.368933891746263,142.0,146.56,108,54.0,-20.0,0.5,143.0,
07:40:20,142.1,39.0,149.81,21.0,137.11,36.0,241.36,11.0,7.710000000000008,75.0,32.0,1.2100082644228218,142.1,149.81,107,43.0,-1.0,0.4,143.0,
07:40:21,143.87,23.0,253.23,13.0,141.83,24.0,364.11,9.0,109.36,47.0,22.0,24.238978320052528,143.87,253.23,69,25.0,-38.0,0.36,143.0,
07:40:22,147.86,29.0,248.29,28.0,144.56,41.0,267.94,16.0,100.42999999999998,70.0,44.0,29.269079760046797,147.86,248.29,114,26.0,45.0,0.23,149.6,5.0
07:40:23,139.86,42.0,227.0,12.0,137.8,15.0,228.0,12.0,87.13999999999999,57.0,24.0,27.113167834098324,139.86,227.0,81,33.0,-33.0,0.41,141.8,5.0
07:40:24,139.73,91.0,224.33,24.0,138.11,72.0,228.0,24.0,84.60000000000002,163.0,48.0,21.40272459291075,139.73,224.33,211,115.0,130.0,0.55,145.0,1.0
07:40:25,145.0,16.0,221.2,15.0,140.24,17.0,224.36,11.0,76.19999999999999,33.0,26.0,8.483465093933582,145.0,221.2,59,7.0,-152.0,0.12,145.0,
07:40:26,145.0,18.0,219.11,18.0,142.0,9.0,222.0,9.0,74.11000000000001,27.0,27.0,6.921724496105599,145.0,219.11,54,0.0,-5.0,0.0,145.0,
07:40:27,144.6,10.0,217.62,13.0,139.33,45.0,219.14,14.0,73.02000000000001,55.0,27.0,0.9291017167066062,144.6,217.62,82,28.0,28.0,0.34,145.0,
07:40:28,147.0,12.0,184.68,41.0,142.0,12.0,216.09,23.0,37.68000000000001,24.0,64.0,7.294591832308774,147.0,184.68,88,-40.0,6.0,-0.45,145.0,
07:40:29,147.0,10.0,164.21,24.0,142.0,10.0,176.64,33.0,17.210000000000008,20.0,57.0,12.272148141217336,147.0,164.21,77,-37.0,-11.0,-0.48,145.0,
07:40:30,139.87,30.0,161.59,17.0,125.3,27.0,162.26,19.0,21.72,57.0,36.0,14.334321400051769,139.87,161.59,93,21.0,16.0,0.23,144.5,2.0
07:40:31,143.14,28.0,160.8,10.0,105.14,57.0,162.0,20.0,17.660000000000025,85.0,30.0,12.688567689064833,143.14,160.8,115,55.0,22.0,0.48,143.67,6.0
07:40:32,143.0,84.0,157.14,28.0,99.0,30.0,161.6,20.0,14.139999999999986,114.0,48.0,6.508830156024798,143.0,157.14,162,66.0,47.0,0.41,143.67,
07:40:33,141.44,72.0,147.5,16.0,91.65,68.0,149.52,29.0,6.060000000000002,140.0,45.0,4.023259872289678,141.44,147.5,185,95.0,23.0,0.51,143.0,7.0
07:40:36,126.35,63.0,258.14,21.0,124.83,72.0,369.08,39.0,131.79,135.0,60.0,27.187083697961704,126.35,258.14,195,75.0,46.0,0.38,135.67,3.0
07:40:37,138.62,21.0,368.6,25.0,131.0,22.0,643.38,16.0,229.98,43.0,41.0,54.808498246166,138.62,368.6,84,2.0,-111.0,0.02,135.67,
07:40:38,147.04,50.0,350.25,48.0,145.14,58.0,350.78,23.0,203.21,108.0,71.0,62.653485936538175,147.04,350.25,179,37.0,95.0,0.21,135.67,
07:40:39,150.0,33.0,281.75,28.0,147.68,47.0,337.39,36.0,131.75,80.0,64.0,51.03339328322185,150.0,281.75,144,16.0,-35.0,0.11,135.67,
07:40:40,150.0,89.0,224.88,41.0,148.0,52.0,261.95,57.0,74.88,141.0,98.0,30.80633749733968,150.0,224.88,239,43.0,95.0,0.18,135.67,
07:40:41,150.0,65.0,237.79,48.0,148.0,40.0,243.34,32.0,87.78999999999999,105.0,80.0,30.447346025556914,150.0,237.79,185,25.0,-54.0,0.14,150.0,3.0
07:40:42,148.57,21.0,233.22,45.0,147.08,26.0,250.22,27.0,84.65,47.0,72.0,25.620002341920102,148.57,233.22,119,-25.0,-66.0,-0.21,149.44,9.0
07:40:43,145.45,33.0,180.0,35.0,137.53,15.0,210.06,53.0,34.55000000000001,48.0,88.0,18.94634793304468,145.45,180.0,136,-40.0,17.0,-0.29,146.8,5.0
07:40:44,142.39,18.0,178.0,30.0,99.12,93.0,180.0,50.0,35.610000000000014,111.0,80.0,16.22788864886566,142.39,178.0,191,31.0,55.0,0.16,146.8,
07:40:45,147.0,9.0,177.33,27.0,144.0,45.0,180.0,45.0,30.330000000000013,54.0,72.0,16.87672568954006,147.0,177.33000000000004,126,-18.0,-65.0,-0.14,146.8,
07:40:46,151.28,72.0,175.33,45.0,143.54,37.0,177.0,27.0,24.05000000000001,109.0,72.0,12.933155067499165,151.28,175.33,181,37.0,55.0,0.2,145.5,2.0
07:40:47,150.54,137.0,172.49,43.0,139.09,35.0,300.29,55.0,21.950000000000017,172.0,98.0,1.2033785771640626,150.54,172.49,270,74.0,89.0,0.27,144.0,1.0
07:40:48,144.0,34.0,169.25,60.0,134.76,92.0,171.0,24.0,25.25,126.0,84.0,2.5747621249305777,144.0,169.25,210,42.0,-60.0,0.2,144.0,2.0
07:40:49,144.95,41.0,166.48,52.0,138.21,28.0,167.37,38.0,21.53,69.0,90.0,3.449569538359358,144.95,166.48,159,-21.0,-51.0,-0.13,145.0,3.0
07:40:50,146.0,27.0,161.66,35.0,144.0,9.0,162.65,37.0,15.659999999999997,36.0,72.0,4.025291293804258,146.0,161.66,108,-36.0,-51.0,-0.33,145.0,
07:40:51,152.0,10.0,159.1,30.0,147.0,30.0,161.03,40.0,7.099999999999994,40.0,70.0,2.9003327395276477,152.0,159.1,110,-30.0,2.0,-0.27,145.0,
07:40:52,152.0,7.0,155.17,18.0,149.14,21.0,156.53,17.0,3.1699999999999875,28.0,35.0,1.305047891832175,152.0,155.17,63,-7.0,-47.0,-0.11,145.0,
07:40:53,150.67,18.0,153.43,28.0,149.12,24.0,154.62,26.0,2.7600000000000198,42.0,54.0,1.521686564301404,150.67,153.43,96,-12.0,33.0,-0.12,152.0,1.0
07:40:54,150.0,63.0,151.33,18.0,149.0,27.0,152.6,20.0,1.3300000000000125,90.0,38.0,1.8551765414577823,150.0,151.33,128,52.0,32.0,0.41,150.0,2.0
07:40:55,150.0,64.0,151.67,18.0,149.0,24.0,153.64,22.0,1.6699999999999875,88.0,40.0,2.049556049483681,150.0,151.67,128,48.0,0.0,0.38,150.0,5.0
07:40:56,150.0,88.0,151.09,22.0,149.0,15.0,173.36,14.0,1.0900000000000034,103.0,36.0,1.2906122577966517,150.0,151.09,139,67.0,11.0,0.48,150.0,2.0
07:40:57,150.0,61.0,151.0,50.0,149.0,30.0,214.5,32.0,1.0,91.0,82.0,0.6443601477239751,150.0,151.0,173,9.0,34.0,0.05,150.0,5.0
07:40:58,149.0,23.0,235.0,21.0,148.0,14.0,562.29,28.0,86.0,37.0,49.0,18.498309382210486,149.0,235.0,86,-12.0,-87.0,-0.14,149.0,1.0
07:40:59,149.0,10.0,234.0,9.0,148.0,14.0,250.64,22.0,85.0,24.0,31.0,22.525222085475168,149.0,234.0,55,-7.0,-31.0,-0.13,149.0,1.0
07:41:00,149.0,8.0,233.0,8.0,148.0,16.0,297.5,24.0,84.0,24.0,32.0,22.445723423404743,149.0,233.0,56,-8.0,1.0,-0.14,149.0,
07:41:01,149.0,17.0,187.18,49.0,148.0,34.0,317.0,43.0,38.18000000000001,51.0,92.0,18.706940423275565,149.0,187.18,143,-41.0,87.0,-0.29,149.0,
07:41:02,145.44,27.0,171.67,27.0,145.33,18.0,232.0,9.0,26.22999999999999,45.0,36.0,15.799582272958409,145.44,171.66999999999996,81,9.0,-62.0,0.11,148.33,3.0
07:41:03,145.0,44.0,174.8,20.0,144.0,22.0,196.29,31.0,29.80000000000001,66.0,51.0,16.334022774564144,145.0,174.8,117,15.0,36.0,0.13,148.33,
07:41:04,145.0,28.0,179.0,7.0,144.0,14.0,310.0,21.0,34.0,42.0,28.0,13.41353048231445,145.0,179.0,70,14.0,-47.0,0.2,148.33,
07:41:05,147.89,36.0,179.0,8.0,145.4,20.0,316.5,18.0,31.110000000000014,56.0,26.0,3.695039918590544,147.89,179.0,82,30.0,12.0,0.37,148.33,
07:41:06,148.0,104.0,179.0,13.0,144.56,36.0,389.62,13.0,31.0,140.0,26.0,2.1917572858273773,148.0,179.0,166,114.0,84.0,0.69,148.33,
07:41:07,148.0,72.0,177.44,9.0,145.0,16.0,312.32,41.0,29.44,88.0,50.0,1.4803107781738292,148.0,177.44,138,38.0,-28.0,0.28,148.33,
07:41:09,151.0,120.0,174.42,12.0,147.4,60.0,262.48,52.0,23.419999999999987,180.0,64.0,0.8681704901561104,151.0,174.42,244,116.0,0.0,0.48,148.33,
07:41:10,148.24,66.0,172.93,15.0,147.29,68.0,275.93,27.0,24.69,134.0,42.0,1.5430716120704815,148.24,172.93,176,92.0,-68.0,0.52,148.62,8.0
07:41:11,148.0,55.0,157.64,11.0,145.83,12.0,180.45,11.0,9.639999999999986,67.0,22.0,4.67333178791935,148.0,157.64,89,45.0,-87.0,0.51,148.62,
07:41:12,148.0,55.0,167.82,11.0,145.47,15.0,281.22,23.0,19.819999999999997,70.0,34.0,4.657867537830732,148.0,167.82,104,36.0,15.0,0.35,148.62,
07:41:13,147.0,50.0,166.71,14.0,144.42,43.0,407.45,22.0,19.710000000000008,93.0,36.0,3.770738654425296,147.0,166.71,129,57.0,25.0,0.44,148.0,5.0
07:41:14,147.37,57.0,162.21,28.0,145.78,36.0,233.19,32.0,14.840000000000003,93.0,60.0,2.969348413368975,147.37,162.21,153,33.0,24.0,0.22,147.0,2.0
07:41:15,148.0,21.0,154.35,23.0,147.0,14.0,155.32,19.0,6.349999999999994,35.0,42.0,2.782651613115904,148.0,154.35,77,-7.0,-76.0,-0.09,147.0,
07:41:16,147.15,60.0,150.02,48.0,146.0,40.0,151.11,76.0,2.8700000000000045,100.0,124.0,3.9139596318787375,147.15,150.02,224,-24.0,147.0,-0.11,146.88,8.0
07:41:17,144.0,24.0,146.44,18.0,143.0,8.0,147.38,16.0,2.4399999999999977,32.0,34.0,4.67487219076371,144.0,146.44,66,-2.0,-158.0,-0.03,144.0,3.0
07:41:18,141.36,22.0,143.52,21.0,138.64,33.0,144.31,32.0,2.1599999999999966,55.0,53.0,4.851965581079007,141.36,143.52,108,2.0,42.0,0.02,143.0,1.0
07:41:19,140.33,18.0,142.0,10.0,128.67,12.0,144.14,28.0,1.6699999999999875,30.0,38.0,4.172837164325358,140.33,142.0,68,-8.0,-40.0,-0.12,141.0,2.0
07:41:20,109.59,17.0,138.96,25.0,89.0,26.0,139.85,41.0,29.370000000000005,43.0,66.0,9.423649505365416,109.59,138.96,109,-23.0,41.0,-0.21,138.75,4.0
07:41:22,131.0,22.0,251.14,28.0,85.73,26.0,254.19,32.0,120.14,48.0,60.0,27.493131324023,131.0,251.14,108,-12.0,-70.0,-0.11,145.0,2.0
07:41:23,150.0,88.0,246.42,45.0,144.0,22.0,248.51,43.0,96.42,110.0,88.0,36.32239777327451,150.0,246.42,198,22.0,90.0,0.11,145.0,
07:41:24,149.81,63.0,186.15,66.0,132.94,32.0,192.94,48.0,36.34,95.0,114.0,35.6139125904467,149.81,186.15,209,-19.0,11.0,-0.09,149.33,9.0
07:41:25,146.91,11.0,183.48,31.0,124.8,20.0,185.63,41.0,36.56999999999999,31.0,72.0,29.163973151818325,146.91,183.48,103,-41.0,-106.0,-0.4,152.0,1.0
07:41:26,144.0,14.0,179.41,58.0,141.0,28.0,180.38,42.0,35.41,42.0,100.0,16.598762905710224,144.0,179.41000000000005,142,-58.0,39.0,-0.41,152.0,
07:41:27,144.0,8.0,176.25,8.0,141.0,16.0,178.0,24.0,32.25,24.0,32.0,15.709784530666882,144.0,176.25,56,-8.0,-86.0,-0.14,152.0,
07:41:28,109.0,18.0,173.34,53.0,135.76,25.0,174.65,31.0,64.34,43.0,84.0,10.551176711626905,109.0,173.34,127,-41.0,71.0,-0.32,142.0,3.0
07:41:30,147.0,50.0,152.36,33.0,109.0,91.0,153.09,43.0,5.360000000000014,141.0,76.0,16.588515002855907,147.0,152.36,217,65.0,-47.0,0.3,147.0,1.0
07:41:31,147.0,39.0,149.88,25.0,125.95,57.0,151.67,45.0,2.8799999999999955,96.0,70.0,14.53149510545886,147.0,149.88,166,26.0,-51.0,0.16,148.0,1.0
07:41:32,143.4,48.0,146.86,44.0,140.22,18.0,148.68,50.0,3.460000000000008,66.0,94.0,11.6633815851139,143.4,146.86,160,-28.0,-6.0,-0.17,145.4,5.0
07:41:33,144.41,37.0,200.29,35.0,138.81,31.0,202.63,30.0,55.88,68.0,65.0,18.20804959351702,144.41,200.29,133,3.0,-27.0,0.02,144.92,12.0
07:41:34,143.0,29.0,183.1,31.0,89.6,10.0,277.56,16.0,40.1,39.0,47.0,11.531623909926012,143.0,183.1,86,-8.0,-47.0,-0.09,144.92,
07:41:35,133.26,42.0,151.95,93.0,100.0,20.0,192.55,65.0,18.69,62.0,158.0,12.822660800316644,133.26,151.95,220,-96.0,134.0,-0.44,143.0,3.0
07:41:36,130.25,20.0,138.68,50.0,128.64,28.0,167.67,48.0,8.430000000000007,48.0,98.0,15.635942568325596,130.25,138.68,146,-50.0,-74.0,-0.34,139.0,1.0
07:41:38,133.03,34.0,202.64,39.0,132.21,14.0,210.97,39.0,69.60999999999999,48.0,78.0,15.82542669250898,133.03,202.64,126,-30.0,24.0,-0.24,138.67,12.0
07:41:39,146.96,28.0,226.8,40.0,143.55,31.0,663.27,30.0,79.84,59.0,70.0,23.161943355426303,146.96,226.8,129,-11.0,3.0,-0.09,138.67,
07:41:40,151.0,33.0,195.16,31.0,149.0,44.0,463.44,25.0,44.16,77.0,56.0,23.634162138734222,151.0,195.16,133,21.0,4.0,0.16,138.67,
07:41:41,151.0,39.0,199.96,57.0,149.0,52.0,413.23,13.0,48.96000000000001,91.0,70.0,19.56958865178265,151.0,199.96,161,21.0,28.0,0.13,138.67,
07:41:42,151.0,9.0,330.43,7.0,149.0,12.0,506.33,3.0,179.43,21.0,10.0,29.84207130880806,151.0,330.43,31,11.0,-130.0,0.35,138.67,
07:41:43,151.0,27.0,297.52,25.0,149.0,36.0,442.64,11.0,146.51999999999998,63.0,36.0,30.59358298728652,151.0,297.52,99,27.0,68.0,0.27,138.67,
07:41:44,149.65,55.0,337.58,33.0,147.53,34.0,580.72,18.0,187.93,89.0,51.0,34.71760504412695,149.65,337.58,140,38.0,41.0,0.27,138.67,
07:41:45,149.33,43.0,180.17,36.0,146.6,30.0,338.58,12.0,30.83999999999997,73.0,48.0,37.13378017385234,149.33,180.17,121,25.0,-19.0,0.21,151.0,5.0
07:41:46,149.0,20.0,157.47,19.0,148.0,168.0,205.0,19.0,8.469999999999999,188.0,38.0,43.11704106267021,149.0,157.47,226,150.0,105.0,0.66,149.0,3.0
07:41:47,148.07,90.0,151.0,28.0,147.82,134.0,212.06,16.0,2.930000000000007,224.0,44.0,43.68323763184212,148.07,151.0,268,180.0,42.0,0.67,149.0,1.0
07:41:48,148.0,204.0,215.31,16.0,145.0,20.0,485.39,18.0,67.31,224.0,34.0,38.46093147597945,148.0,215.31,258,190.0,-10.0,0.74,148.0,1.0
07:41:49,148.12,192.0,183.94,18.0,147.11,57.0,238.5,14.0,35.81999999999999,249.0,32.0,12.620704021566535,148.12,183.94,281,217.0,23.0,0.77,148.0,
07:41:50,150.14,56.0,372.25,8.0,148.26,138.0,390.91,11.0,222.11,194.0,19.0,45.8494380554439,150.14,372.25,213,175.0,-68.0,0.82,151.25,4.0
07:41:52,150.0,12.0,397.33,3.0,148.0,60.0,634.0,3.0,247.33,72.0,6.0,67.30508725200488,150.0,397.33,78,66.0,10.0,0.85,151.25,
07:41:55,148.0,108.0,423.0,7.0,145.0,35.0,0.0,0.0,275.0,143.0,7.0,42.91607892154162,148.0,423.0,150,136.0,-38.0,0.91,148.0,5.0
07:41:56,148.0,56.0,292.62,16.0,146.23,26.0,422.25,4.0,144.62,82.0,20.0,61.6902137295697,148.0,292.62,102,62.0,-48.0,0.61,148.0,
07:41:57,148.22,36.0,210.67,30.0,147.78,72.0,397.0,12.0,62.44999999999999,108.0,42.0,82.5496600235276,148.22,210.67,150,66.0,48.0,0.44,148.0,
07:41:58,150.0,20.0,195.83,30.0,148.12,96.0,233.45,33.0,45.83000000000001,116.0,63.0,71.73981830197226,150.0,195.83,179,53.0,29.0,0.3,148.0,
07:41:59,150.0,28.0,187.14,22.0,148.0,196.0,225.1,41.0,37.13999999999999,224.0,63.0,49.30422263863409,150.0,187.14,287,161.0,108.0,0.56,148.0,
07:42:00,150.0,18.0,184.22,9.0,148.0,126.0,241.0,9.0,34.22,144.0,18.0,22.125712417908733,150.0,184.22,162,126.0,-125.0,0.78,148.0,
07:42:01,150.0,22.0,189.45,22.0,148.43,74.0,191.0,11.0,39.44999999999999,96.0,33.0,4.8998806107906105,150.0,189.45,129,63.0,-33.0,0.49,148.0,
07:42:02,150.0,23.0,188.59,39.0,149.0,48.0,196.25,44.0,38.59,71.0,83.0,2.14286723807191,150.0,188.59,154,-12.0,25.0,-0.08,150.0,1.0
07:42:03,150.67,12.0,187.41,34.0,149.06,34.0,188.5,40.0,36.74000000000001,46.0,74.0,1.0072338358107409,150.67,187.41,120,-28.0,-34.0,-0.23,150.0,
07:42:04,152.0,22.0,182.78,27.0,150.0,11.0,185.83,35.0,30.78,33.0,62.0,1.1823789578650448,152.0,182.78,95,-29.0,-25.0,-0.31,150.0,
07:42:05,150.79,14.0,180.43,47.0,149.1,31.0,183.14,43.0,29.64000000000001,45.0,90.0,1.702797697908368,150.79,180.43,135,-45.0,40.0,-0.33,152.0,2.0
07:42:06,151.0,12.0,179.0,20.0,150.0,4.0,180.0,16.0,28.0,16.0,36.0,1.9452583375999457,151.0,179.0,52,-20.0,-83.0,-0.38,152.0,
07:42:07,151.0,27.0,177.09,44.0,150.0,9.0,178.08,39.0,26.090000000000003,36.0,83.0,1.993155789195151,151.0,177.09,119,-47.0,67.0,-0.39,152.0,
07:42:08,151.0,30.0,173.1,50.0,150.0,10.0,175.8,50.0,22.099999999999994,40.0,100.0,1.970228413154728,151.0,173.1,140,-60.0,21.0,-0.43,152.0,
07:42:09,151.0,21.0,170.86,28.0,150.0,7.0,172.0,35.0,19.860000000000014,28.0,63.0,1.9816710120507612,151.0,170.86,91,-35.0,-49.0,-0.38,152.0,
07:42:10,151.67,45.0,167.77,74.0,150.86,35.0,169.12,68.0,16.100000000000023,80.0,142.0,2.1757642335515888,151.67,167.77,222,-62.0,131.0,-0.28,152.0,
07:42:11,150.56,27.0,166.77,52.0,149.35,37.0,167.73,55.0,16.210000000000008,64.0,107.0,2.09106910454973,150.56,166.77,171,-43.0,-51.0,-0.25,150.75,4.0
07:42:12,150.0,22.0,164.78,46.0,149.0,44.0,166.7,53.0,14.78,66.0,99.0,1.8330984698052888,150.0,164.78,165,-33.0,-6.0,-0.2,150.75,
07:42:13,149.67,15.0,163.4,50.0,148.05,73.0,165.0,40.0,13.730000000000018,88.0,90.0,1.762478368662313,149.67,163.4,178,-2.0,13.0,-0.01,149.4,5.0
07:42:14,148.09,69.0,161.8,64.0,147.49,110.0,164.35,54.0,13.710000000000008,179.0,118.0,1.855200797758204,148.09,161.8,297,61.0,119.0,0.21,149.0,1.0
07:42:15,148.0,90.0,159.0,48.0,147.0,80.0,160.0,42.0,11.0,170.0,90.0,2.028183916710415,148.0,159.0,260,80.0,-37.0,0.31,149.0,
07:42:16,148.0,92.0,155.57,56.0,147.0,96.0,156.68,53.0,7.569999999999993,188.0,109.0,2.2619792218327075,148.0,155.57,297,79.0,37.0,0.27,148.0,2.0
07:42:17,148.36,66.0,151.18,85.0,147.31,104.0,152.11,82.0,2.819999999999993,170.0,167.0,2.641179660682507,148.36,151.18,337,3.0,40.0,0.01,148.0,3.0
07:42:18,147.86,35.0,149.56,45.0,145.69,64.0,168.44,39.0,1.6999999999999886,99.0,84.0,2.5691379877310894,147.86,149.56,183,15.0,-154.0,0.08,148.43,7.0
07:42:19,147.0,28.0,148.53,19.0,145.0,121.0,163.04,49.0,1.5300000000000011,149.0,68.0,2.330263933549789,147.0,148.53,217,81.0,34.0,0.37,147.0,2.0
07:42:20,145.39,72.0,209.07,57.0,144.48,172.0,521.08,52.0,63.68000000000001,244.0,109.0,12.487975015990498,145.39,209.07,353,135.0,136.0,0.38,146.0,4.0
07:42:21,146.73,66.0,202.94,32.0,145.0,99.0,203.65,23.0,56.21000000000001,165.0,55.0,14.984645474618445,146.73,202.94,220,110.0,-133.0,0.5,146.0,
07:42:22,147.27,66.0,194.14,43.0,145.0,37.0,201.26,35.0,46.869999999999976,103.0,78.0,14.446038211219127,147.27,194.14,181,25.0,-39.0,0.14,147.0,3.0
07:42:23,149.22,27.0,183.0,33.0,145.0,18.0,196.68,38.0,33.78,45.0,71.0,11.727720153550871,149.22,183.0,116,-26.0,-65.0,-0.22,147.0,
07:42:24,146.6,47.0,181.97,31.0,144.19,118.0,184.0,52.0,35.370000000000005,165.0,83.0,5.521758777781149,146.6,181.97,248,82.0,132.0,0.33,148.75,4.0
07:42:25,144.43,42.0,175.24,21.0,143.62,104.0,177.67,24.0,30.81,146.0,45.0,5.799932758231189,144.43,175.24,191,101.0,-57.0,0.53,145.0,2.0
07:42:26,146.06,69.0,173.94,34.0,142.77,62.0,175.0,16.0,27.879999999999995,131.0,50.0,4.548915255311236,146.06,173.94,181,81.0,-10.0,0.45,144.0,3.0
07:42:27,149.0,52.0,173.0,10.0,145.0,10.0,174.0,40.0,24.0,62.0,50.0,2.8063196539245645,149.0,173.0,112,12.0,-69.0,0.11,149.0,2.0
07:42:28,149.0,53.0,171.63,19.0,147.73,33.0,239.57,37.0,22.629999999999995,86.0,56.0,1.8407009534422665,149.0,171.63,142,30.0,30.0,0.21,149.0,1.0
07:42:29,149.0,24.0,170.6,10.0,148.0,18.0,171.14,14.0,21.599999999999994,42.0,24.0,0.4976946855284873,149.0,170.6,66,18.0,-76.0,0.27,149.0,
07:42:30,149.94,125.0,170.0,11.0,148.86,42.0,171.0,33.0,20.06,167.0,44.0,0.4758361062417396,149.94,170.0,211,123.0,145.0,0.58,149.0,
07:42:31,150.0,143.0,168.2,15.0,149.0,44.0,169.03,31.0,18.19999999999999,187.0,46.0,0.6975098565635615,150.0,168.2,233,141.0,22.0,0.61,149.0,
07:42:32,150.0,143.0,166.16,19.0,149.0,44.0,167.36,25.0,16.159999999999997,187.0,44.0,0.8872880028510259,150.0,166.16,231,143.0,-2.0,0.62,149.0,
07:42:33,150.0,145.0,163.54,35.0,149.0,52.0,164.71,21.0,13.539999999999992,197.0,56.0,1.3306502170004744,150.0,163.54,253,141.0,22.0,0.56,150.0,5.0
07:42:34,150.0,136.0,157.56,52.0,149.0,68.0,158.73,56.0,7.560000000000002,204.0,108.0,2.41664022974117,150.0,157.56,312,96.0,59.0,0.31,150.0,
07:42:35,150.95,61.0,152.87,45.0,149.85,104.0,159.0,48.0,1.920000000000016,165.0,93.0,3.0066542867452464,150.95,152.87,258,72.0,-54.0,0.28,152.0,4.0
07:42:36,151.4,20.0,153.0,30.0,150.1,62.0,209.08,26.0,1.5999999999999943,82.0,56.0,2.76017571904466,151.4,153.0,138,26.0,-120.0,0.19,152.0,2.0
07:42:37,151.0,17.0,152.91,23.0,150.0,72.0,269.07,28.0,1.9099999999999968,89.0,51.0,2.0740130182821264,151.0,152.91,140,38.0,2.0,0.27,151.0,1.0
07:42:38,151.0,11.0,153.0,33.0,150.0,88.0,399.77,26.0,2.0,99.0,59.0,0.7958643100452083,151.0,153.0,158,40.0,18.0,0.25,151.0,
07:42:39,151.0,9.0,152.56,27.0,150.0,72.0,452.74,23.0,1.5600000000000025,81.0,50.0,0.1529705854200126,151.0,152.56,131,31.0,-27.0,0.24,151.0,
07:42:40,150.04,68.0,272.79,38.0,149.35,68.0,597.59,27.0,122.75000000000004,136.0,65.0,26.58055906108829,150.04,272.79,201,71.0,70.0,0.35,150.2,5.0
07:42:44,149.0,128.0,397.57,28.0,148.0,24.0,478.62,16.0,248.57,152.0,44.0,68.6346426376651,149.0,397.57,196,108.0,64.0,0.55,150.2,
07:42:45,149.0,144.0,317.59,39.0,148.0,27.0,371.44,18.0,168.58999999999995,171.0,57.0,61.408144980938765,149.0,317.59,228,114.0,32.0,0.5,150.2,
07:42:46,149.06,85.0,314.64,44.0,148.84,95.0,342.15,26.0,165.57999999999998,180.0,70.0,69.6324163016048,149.06,314.64,250,110.0,22.0,0.44,150.2,
07:42:47,150.67,6.0,297.33,12.0,149.0,96.0,383.73,15.0,146.66,102.0,27.0,42.70258458220072,150.67,297.33,129,75.0,-121.0,0.58,150.2,
07:42:48,151.0,9.0,210.06,17.0,149.0,144.0,239.86,14.0,59.06,153.0,31.0,33.02135400010139,151.0,210.06,184,122.0,55.0,0.66,150.2,
07:42:49,151.0,7.0,154.0,14.0,149.0,112.0,155.0,7.0,3.0,119.0,21.0,36.178984645785945,151.0,154.0,140,98.0,-44.0,0.7,150.2,
07:42:50,151.0,7.0,153.29,14.0,149.0,112.0,155.0,7.0,2.289999999999992,119.0,21.0,38.14644452632536,151.0,153.29,140,98.0,0.0,0.7,150.2,
07:42:51,149.06,136.0,151.15,26.0,148.64,81.0,272.74,23.0,2.0900000000000034,217.0,49.0,31.7431052356259,149.06,151.15,266,168.0,126.0,0.63,149.4,5.0
07:42:52,149.0,112.0,193.4,35.0,148.0,11.0,310.32,19.0,44.400000000000006,123.0,54.0,13.732848575587724,149.0,193.4,177,69.0,-89.0,0.39,149.0,2.0
07:42:53,148.68,22.0,196.0,40.0,147.12,24.0,322.67,12.0,47.31999999999999,46.0,52.0,11.101491791647732,148.68,196.0,98,-6.0,-79.0,-0.06,149.0,10.0
07:42:54,148.0,9.0,195.0,36.0,147.0,27.0,243.41,32.0,47.0,36.0,68.0,11.289026530220472,148.0,195.0,104,-32.0,6.0,-0.31,149.0,
07:42:55,148.0,9.0,194.44,36.0,147.0,27.0,242.19,21.0,46.44,36.0,57.0,9.606127211317856,148.0,194.44,93,-21.0,-11.0,-0.23,149.0,
07:42:56,148.0,8.0,193.0,32.0,147.0,24.0,219.0,40.0,45.0,32.0,72.0,0.6641686532961684,148.0,193.0,104,-40.0,11.0,-0.38,149.0,
07:42:57,148.75,12.0,181.67,24.0,147.25,12.0,211.57,28.0,32.91999999999999,24.0,52.0,2.8411934112308,148.75,181.67,76,-28.0,-28.0,-0.37,149.0,
