Time,Bid1_Price,Bid1_Volume,Ask1_Price,Ask1_Volume,Bid2_Price,Bid2_Volume,Ask2_Price,Ask2_Volume,Bid_Ask_Spread,Market_Depth_Bid,Market_Depth_Ask,Historical_Volatility,Weighted_Avg_Bid_Price,Weighted_Avg_Ask_Price,Total_volume,Cumulative_Volume_Difference,Total_Volume_Change_Corrected,Order_imbalance,Weighted_Avg_Price,Trade_Volume
07:30:02,137.0,3.0,155.0,6.0,123.0,2.0,324.0,5.0,18.0,5.0,11.0,,137.0,155.0,16,-6.0,15.0,-0.38,,
07:30:03,138.75,12.0,155.0,8.0,137.0,4.0,372.5,20.0,16.25,16.0,28.0,,138.75,155.0,44,-12.0,28.0,-0.27,,
07:30:04,140.14,21.0,151.5,20.0,137.0,7.0,378.11,28.0,11.360000000000014,28.0,48.0,65.94522120669548,140.14,151.5,76,-20.0,32.0,-0.26,,
07:30:05,141.0,21.0,147.6,15.0,139.4,25.0,148.9,29.0,6.599999999999994,46.0,44.0,34.55971932756399,141.0,147.6,90,2.0,14.0,0.02,,
07:30:06,141.0,18.0,146.0,6.0,140.0,60.0,148.0,30.0,5.0,78.0,36.0,1.3690142438994124,141.0,146.0,114,42.0,24.0,0.37,,
07:30:07,141.0,24.0,145.0,8.0,140.0,80.0,148.0,40.0,4.0,104.0,48.0,1.619938270428684,141.0,145.0,152,56.0,38.0,0.37,,
07:30:08,141.0,18.0,144.04,26.0,140.0,60.0,145.5,10.0,3.039999999999992,78.0,36.0,1.2937233089031952,141.0,144.04,114,42.0,-38.0,0.37,,
07:30:09,140.65,23.0,143.07,14.0,139.94,53.0,143.18,22.0,2.4199999999999875,76.0,36.0,0.930526732554956,140.65,143.07,112,40.0,-2.0,0.36,140.6,5.0
07:30:10,140.0,38.0,141.05,21.0,139.0,15.0,144.65,17.0,1.0500000000000114,53.0,38.0,1.1552488909319,140.0,141.05,91,15.0,-21.0,0.16,140.0,1.0
07:30:11,140.0,70.0,141.0,50.0,139.0,30.0,146.7,50.0,1.0,100.0,100.0,1.1421908772177198,140.0,141.0,200,0.0,109.0,0.0,140.0,5.0
07:30:12,140.0,16.0,147.0,40.0,139.0,24.0,149.0,16.0,7.0,40.0,56.0,1.297921415186362,140.0,147.0,96,-16.0,-104.0,-0.17,140.0,
07:30:13,138.74,38.0,144.31,42.0,138.08,39.0,147.84,19.0,5.569999999999993,77.0,61.0,1.2306908628893678,138.74,144.31,138,16.0,42.0,0.12,139.4,5.0
07:30:14,139.0,30.0,140.0,32.0,138.0,48.0,145.83,18.0,1.0,78.0,50.0,1.5159551444549364,139.0,140.0,128,28.0,-10.0,0.22,139.0,1.0
07:30:15,138.14,49.0,140.0,48.0,137.59,51.0,144.0,60.0,1.8600000000000136,100.0,108.0,1.7733922295982314,138.14,140.0,208,-8.0,80.0,-0.04,139.0,3.0
07:30:16,138.0,60.0,141.32,22.0,137.0,30.0,143.7,47.0,3.319999999999993,90.0,69.0,1.849216050114042,138.0,141.32,159,21.0,-49.0,0.13,140.33,6.0
07:30:17,138.0,24.0,141.94,16.0,137.0,12.0,144.73,11.0,3.9399999999999977,36.0,27.0,0.9388982905508662,138.0,141.94,63,9.0,-96.0,0.14,140.33,
07:30:18,138.0,36.0,142.0,30.0,137.0,18.0,146.0,12.0,4.0,54.0,42.0,0.3819031290776762,138.0,142.0,96,12.0,33.0,0.12,140.33,
07:30:19,138.0,50.0,142.0,45.0,137.0,27.0,146.0,18.0,4.0,77.0,63.0,0.4010610926022668,138.0,142.0,140,14.0,44.0,0.1,138.0,4.0
07:30:20,133.0,6.0,141.86,29.0,131.0,12.0,144.67,15.0,8.860000000000014,18.0,44.0,1.117215288115632,133.0,141.86,62,-26.0,-78.0,-0.42,137.4,5.0
07:30:21,136.26,23.0,141.0,52.0,131.48,21.0,142.0,65.0,4.740000000000009,44.0,117.0,1.1543959459385158,136.26,141.0,161,-73.0,99.0,-0.45,137.4,
07:30:22,131.59,17.0,141.0,46.0,123.17,46.0,142.21,39.0,9.409999999999997,63.0,85.0,1.623376111687994,131.59,141.0,148,-22.0,-13.0,-0.15,137.4,
07:30:23,131.0,18.0,141.0,54.0,121.0,54.0,144.0,12.0,10.0,72.0,66.0,1.6659381741226746,131.0,141.0,138,6.0,-10.0,0.04,137.4,
07:30:24,131.44,27.0,140.57,37.0,122.67,54.0,144.0,16.0,9.129999999999995,81.0,53.0,1.1449978165914398,131.44,140.57,134,28.0,-4.0,0.21,137.4,
07:30:25,132.46,52.0,139.19,62.0,131.0,30.0,140.52,46.0,6.72999999999999,82.0,108.0,1.173294506932999,132.46,139.19,190,-26.0,56.0,-0.14,137.4,
07:30:26,133.0,76.0,136.75,89.0,131.79,38.0,139.08,142.0,3.75,114.0,231.0,0.5411746483337418,133.0,136.75,345,-117.0,155.0,-0.34,137.4,
07:30:27,134.85,59.0,138.79,96.0,132.55,58.0,140.0,84.0,3.9399999999999977,117.0,180.0,0.6916429714810536,134.85,138.79,297,-63.0,-48.0,-0.21,137.64,14.0
07:30:28,137.0,32.0,139.59,71.0,132.73,41.0,140.75,40.0,2.5900000000000034,73.0,111.0,1.2814718100680682,137.0,139.59,184,-38.0,-113.0,-0.21,139.0,1.0
07:30:29,137.89,18.0,139.0,27.0,132.31,39.0,141.0,36.0,1.1100000000000136,57.0,63.0,1.5453737412027828,137.89,139.0,120,-6.0,-64.0,-0.05,139.0,
07:30:30,136.33,24.0,138.67,36.0,131.34,76.0,140.54,26.0,2.339999999999975,100.0,62.0,1.446001383124878,136.33,138.67,162,38.0,42.0,0.23,138.0,2.0
07:30:31,133.0,14.0,136.9,20.0,130.0,70.0,138.71,21.0,3.9000000000000057,84.0,41.0,1.4181396264116786,133.0,136.9,125,43.0,-37.0,0.34,138.0,
07:30:33,133.11,36.0,135.82,56.0,130.2,118.0,137.1,60.0,2.7099999999999795,154.0,116.0,2.078381581904327,133.11,135.82,270,38.0,49.0,0.14,134.0,2.0
07:30:36,132.0,33.0,246.93,14.0,129.0,108.0,250.92,13.0,114.93,141.0,27.0,24.990790903850943,132.0,246.93,168,114.0,-84.0,0.68,138.4,5.0
07:30:37,129.0,84.0,278.17,23.0,125.92,13.0,458.71,31.0,149.17000000000002,97.0,54.0,34.83179180002083,129.0,278.17,151,43.0,-17.0,0.28,136.0,4.0
07:30:38,131.81,74.0,284.84,50.0,127.67,63.0,397.92,48.0,153.02999999999997,137.0,98.0,37.50984537424805,131.81,284.84,235,39.0,84.0,0.17,136.88,8.0
07:30:39,129.32,25.0,209.67,30.0,127.12,67.0,272.05,41.0,80.35,92.0,71.0,30.691613186667087,129.32,209.67,163,21.0,-72.0,0.13,136.88,
07:30:40,135.5,40.0,208.83,29.0,130.64,44.0,389.97,62.0,73.33000000000001,84.0,91.0,17.67892898339706,135.5,208.83,175,-7.0,12.0,-0.04,139.0,2.0
07:30:41,131.2,40.0,177.68,31.0,129.02,129.0,181.84,45.0,46.48000000000002,169.0,76.0,23.29959377328277,131.2,177.68,245,93.0,70.0,0.38,139.0,2.0
07:30:43,132.87,71.0,135.0,40.0,129.04,47.0,148.67,30.0,2.1299999999999955,118.0,70.0,18.690594426074306,132.87,135.0,188,48.0,74.0,0.26,130.0,2.0
07:30:44,133.0,42.0,135.0,15.0,129.0,3.0,138.0,12.0,2.0,45.0,27.0,17.384119189651233,133.0,135.0,72,18.0,-116.0,0.25,130.0,
07:30:45,133.0,70.0,135.0,25.0,129.0,5.0,137.0,10.0,2.0,75.0,35.0,9.248519881581087,133.0,135.0,110,40.0,38.0,0.36,130.0,
07:30:46,133.26,76.0,135.0,38.0,132.76,68.0,137.0,18.0,1.740000000000009,144.0,56.0,0.3897178466543758,133.26,135.0,200,88.0,90.0,0.44,135.0,1.0
07:30:47,133.0,27.0,135.5,16.0,132.39,49.0,137.8,10.0,2.5,76.0,26.0,0.1250199984038762,133.0,135.5,102,50.0,-98.0,0.49,135.0,4.0
07:30:48,133.84,19.0,137.0,14.0,132.3,46.0,139.0,14.0,3.1599999999999966,65.0,28.0,0.6016228054195454,133.84,137.0,93,37.0,-9.0,0.4,135.0,
07:30:49,133.33,72.0,137.0,18.0,123.4,15.0,139.0,18.0,3.669999999999988,87.0,36.0,0.6520199383461142,133.33,137.0,123,51.0,30.0,0.41,134.6,5.0
07:30:50,133.14,70.0,136.22,27.0,132.69,65.0,137.6,20.0,3.0800000000000125,135.0,47.0,0.5618273756242763,133.14,136.22,182,88.0,59.0,0.48,134.6,
07:30:51,133.05,76.0,135.25,12.0,132.2,30.0,137.0,16.0,2.1999999999999886,106.0,28.0,0.5565339163077632,133.05,135.25,134,78.0,-48.0,0.58,135.0,2.0
07:30:53,133.0,108.0,136.11,18.0,128.0,9.0,137.33,18.0,3.1100000000000136,117.0,36.0,0.5039146753180135,133.0,136.11,153,81.0,-2.0,0.53,135.0,
07:30:54,132.86,37.0,136.0,16.0,121.33,12.0,137.0,16.0,3.1399999999999864,49.0,32.0,0.3311042132031329,132.86,136.0,81,17.0,-72.0,0.21,135.0,
07:30:55,133.0,36.0,135.0,18.0,130.0,12.0,137.0,18.0,2.0,48.0,36.0,0.2918047292297797,133.0,135.0,84,12.0,3.0,0.14,135.0,
07:30:56,133.0,16.0,135.0,8.0,128.0,4.0,137.0,8.0,2.0,20.0,16.0,0.3056141358001361,133.0,135.0,36,4.0,-48.0,0.11,135.0,
07:30:57,133.0,24.0,136.0,8.0,128.0,6.0,137.8,20.0,3.0,30.0,28.0,0.2758985320745158,133.0,136.0,58,2.0,22.0,0.03,135.67,3.0
07:30:58,133.0,16.0,138.0,10.0,128.0,4.0,139.0,8.0,5.0,20.0,18.0,0.6131720802522649,133.0,138.0,38,2.0,-20.0,0.05,137.67,3.0
07:30:59,133.0,40.0,139.33,12.0,128.0,10.0,192.33,36.0,6.3300000000000125,50.0,48.0,0.9658053634148672,133.0,139.33,98,2.0,60.0,0.02,138.5,4.0
07:31:00,135.27,33.0,139.06,17.0,132.67,30.0,159.67,12.0,3.789999999999992,63.0,29.0,1.2730553797855788,135.27,139.06,92,34.0,-6.0,0.37,136.0,3.0
07:31:01,134.56,48.0,138.3,20.0,132.79,34.0,140.3,10.0,3.740000000000009,82.0,30.0,1.0089747271369496,134.56,138.3,112,52.0,20.0,0.46,136.0,
07:31:02,136.0,45.0,138.18,17.0,133.67,36.0,195.62,13.0,2.180000000000007,81.0,30.0,0.6904491291913883,136.0,138.18,111,51.0,-1.0,0.46,138.0,2.0
07:31:03,136.45,100.0,141.0,14.0,134.51,59.0,303.92,62.0,4.550000000000011,159.0,76.0,0.9927134531178752,136.45,141.0,235,83.0,124.0,0.35,138.0,
07:31:04,137.49,142.0,140.2,35.0,135.59,63.0,166.21,14.0,2.7099999999999795,205.0,49.0,1.074392851801078,137.49,140.2,254,156.0,19.0,0.61,139.0,1.0
07:31:05,139.0,71.0,140.0,40.0,137.0,50.0,141.0,10.0,1.0,121.0,50.0,1.2955963877694678,139.0,140.0,171,71.0,-83.0,0.42,139.0,
07:31:06,139.0,35.0,140.47,15.0,136.77,53.0,262.08,37.0,1.4699999999999989,88.0,52.0,1.0350700459395716,139.0,140.47,140,36.0,-31.0,0.26,139.0,4.0
07:31:07,139.0,15.0,141.0,5.0,137.0,40.0,231.25,16.0,2.0,55.0,21.0,0.5558327086465868,139.0,141.0,76,34.0,-64.0,0.45,139.0,
07:31:08,140.5,48.0,325.87,54.0,137.37,98.0,387.39,28.0,185.37,146.0,82.0,41.8926572325032,140.5,325.87,228,64.0,152.0,0.28,141.0,1.0
07:31:09,143.0,31.0,338.55,47.0,139.0,36.0,368.04,47.0,195.55,67.0,94.0,53.32930573333957,143.0,338.55,161,-27.0,-67.0,-0.17,143.0,1.0
07:31:10,143.18,22.0,348.57,14.0,139.52,31.0,375.07,41.0,205.39,53.0,55.0,55.00453735829442,143.18,348.57,108,-2.0,-53.0,-0.02,143.0,
07:31:11,140.82,22.0,337.0,28.0,137.64,47.0,354.22,18.0,196.18,69.0,46.0,44.81305468275966,140.82,337.0,115,23.0,7.0,0.2,143.0,2.0
07:31:12,137.69,61.0,238.73,44.0,136.75,61.0,253.55,44.0,101.04,122.0,88.0,23.46547953910186,137.69,238.73,210,34.0,95.0,0.16,139.0,3.0
07:31:13,136.6,52.0,138.14,21.0,123.84,19.0,139.16,32.0,1.539999999999992,71.0,53.0,46.9580328591393,136.6,138.14,124,18.0,-86.0,0.15,136.67,9.0
07:31:14,131.0,21.0,138.0,35.0,104.43,28.0,141.0,35.0,7.0,49.0,70.0,53.298382057995006,131.0,138.0,119,-21.0,-5.0,-0.18,136.67,
07:31:15,131.0,33.0,137.0,40.0,90.77,52.0,138.0,37.0,6.0,85.0,77.0,46.48465090758455,131.0,137.0,162,8.0,43.0,0.05,137.0,3.0
07:31:16,133.73,44.0,138.41,39.0,121.55,99.0,169.05,44.0,4.680000000000007,143.0,83.0,23.616791695740552,133.73,138.41,226,60.0,64.0,0.27,137.75,4.0
07:31:17,137.11,27.0,139.0,31.0,125.9,40.0,276.13,15.0,1.8899999999999864,67.0,46.0,1.75893433646596,137.11,139.0,113,21.0,-113.0,0.19,139.0,2.0
07:31:18,139.07,30.0,166.08,12.0,125.09,33.0,497.04,23.0,27.01000000000002,63.0,35.0,7.727473713963647,139.07,166.08,98,28.0,-15.0,0.29,139.0,3.0
07:31:19,145.0,14.0,183.2,10.0,140.0,35.0,489.58,24.0,38.19999999999999,49.0,34.0,12.951982473737356,145.0,183.2,83,15.0,-15.0,0.18,139.0,
07:31:20,140.15,67.0,206.26,34.0,138.36,42.0,249.47,30.0,66.10999999999999,109.0,64.0,16.135918628947064,140.15,206.26,173,45.0,90.0,0.26,145.0,2.0
07:31:21,140.0,61.0,141.0,46.0,139.0,13.0,250.39,28.0,1.0,74.0,74.0,15.074198817847698,140.0,141.0,148,0.0,-25.0,0.0,140.0,1.0
07:31:22,139.89,27.0,141.0,36.0,138.33,18.0,410.33,36.0,1.1100000000000136,45.0,72.0,14.483336286919563,139.89,141.0,117,-27.0,-31.0,-0.23,140.0,4.0
07:31:23,137.43,14.0,140.55,22.0,115.82,44.0,351.3,20.0,3.1200000000000045,58.0,42.0,16.045982986405054,137.43,140.55,100,16.0,-17.0,0.16,138.0,6.0
07:31:24,137.0,18.0,139.8,20.0,99.67,36.0,224.91,11.0,2.800000000000012,54.0,31.0,15.066299147434965,137.0,139.8,85,23.0,-15.0,0.27,138.0,
07:31:25,137.0,33.0,138.81,32.0,131.21,38.0,140.0,30.0,1.8100000000000025,71.0,62.0,1.179436306037049,137.0,138.81,133,9.0,48.0,0.07,138.5,4.0
07:31:26,137.09,23.0,140.43,14.0,98.78,36.0,219.82,17.0,3.3400000000000034,59.0,31.0,0.9525492113262506,137.09,140.43,90,28.0,-43.0,0.31,138.0,1.0
07:31:29,119.75,40.0,136.25,8.0,117.0,64.0,173.94,17.0,16.5,104.0,25.0,11.227783841880704,119.75,136.25,129,79.0,89.0,0.61,138.0,
07:31:32,128.21,43.0,224.09,11.0,69.58,78.0,330.55,11.0,95.88,121.0,22.0,22.51347329933785,128.21,224.09000000000003,143,99.0,29.0,0.69,133.0,1.0
07:31:33,107.4,15.0,455.18,17.0,62.4,80.0,496.79,19.0,347.78,95.0,36.0,65.95784994979755,107.4,455.18,131,59.0,-12.0,0.45,133.0,
07:31:34,109.11,28.0,373.11,28.0,77.46,61.0,488.0,22.0,264.0,89.0,50.0,67.73287791021444,109.11,373.11,139,39.0,8.0,0.28,133.0,
07:31:37,140.41,34.0,373.0,45.0,126.03,29.0,398.0,24.0,232.59,63.0,69.0,50.70001429980098,140.41,373.0,132,-6.0,-51.0,-0.05,133.0,
07:31:38,141.0,44.0,143.18,55.0,139.0,84.0,264.05,37.0,2.180000000000007,128.0,92.0,52.98236923732287,141.0,143.18,220,36.0,88.0,0.16,133.0,
07:31:39,140.12,50.0,143.0,45.0,138.91,88.0,450.0,18.0,2.8799999999999955,138.0,63.0,52.92597141290855,140.12,143.0,201,75.0,-19.0,0.37,140.6,5.0
07:31:40,139.0,110.0,142.24,49.0,137.0,20.0,171.52,23.0,3.240000000000009,130.0,72.0,50.87369821430332,139.0,142.24,202,58.0,1.0,0.29,140.6,
07:31:41,139.0,73.0,140.0,25.0,137.33,18.0,271.5,34.0,1.0,91.0,59.0,51.78217386321289,139.0,140.0,150,32.0,-52.0,0.21,139.17,6.0
07:31:42,139.0,45.0,336.23,22.0,138.0,30.0,663.78,27.0,197.23,75.0,49.0,43.24224589449546,139.0,336.23,124,26.0,-26.0,0.21,139.4,5.0
07:31:46,139.0,10.0,443.96,23.0,138.0,30.0,619.88,24.0,304.96,40.0,47.0,41.386426156410685,139.0,443.96,87,-7.0,27.0,-0.08,139.4,
07:31:47,139.0,11.0,167.24,29.0,138.0,33.0,269.7,27.0,28.24000000000001,44.0,56.0,76.16021257848506,139.0,167.24,100,-12.0,13.0,-0.12,139.4,
07:31:48,140.0,57.0,166.0,33.0,139.0,14.0,167.0,33.0,26.0,71.0,66.0,85.5376041282431,140.0,166.0,137,5.0,37.0,0.04,139.4,
07:31:49,140.0,72.0,166.0,24.0,139.0,16.0,167.0,24.0,26.0,88.0,48.0,77.96011287831763,140.0,166.0,136,40.0,-1.0,0.29,139.4,
07:31:50,140.0,56.0,165.14,21.0,139.0,14.0,167.0,21.0,25.139999999999983,70.0,42.0,61.96515133524668,140.0,165.14,112,28.0,-24.0,0.25,140.0,1.0
07:31:51,142.39,79.0,163.94,36.0,139.95,76.0,165.82,33.0,21.55000000000001,155.0,69.0,0.2367910471701008,142.39,163.94,224,86.0,112.0,0.38,140.0,
07:31:52,143.0,84.0,161.43,42.0,140.11,72.0,162.75,40.0,18.430000000000007,156.0,82.0,0.3928740256365788,143.0,161.43,238,74.0,14.0,0.31,140.0,
07:31:53,143.0,77.0,159.11,37.0,141.0,22.0,160.29,34.0,16.110000000000014,99.0,71.0,0.842674314323068,143.0,159.11,170,28.0,-68.0,0.16,140.0,
07:31:54,143.0,74.0,153.66,50.0,141.0,28.0,155.0,48.0,10.659999999999997,102.0,98.0,1.9159540704358704,143.0,153.66,200,4.0,30.0,0.02,143.0,3.0
07:31:55,143.0,52.0,149.75,48.0,141.0,26.0,151.21,43.0,6.75,78.0,91.0,2.813755497554776,143.0,149.75,169,-13.0,-31.0,-0.08,143.0,
07:31:56,142.78,36.0,145.32,44.0,140.33,48.0,146.57,40.0,2.539999999999992,84.0,84.0,3.3371514799330964,142.78,145.32,168,0.0,-1.0,0.0,142.6,5.0
07:31:57,140.08,52.0,142.71,34.0,139.73,44.0,147.6,30.0,2.6299999999999955,96.0,64.0,3.736388630752911,140.08,142.71,160,32.0,-8.0,0.2,141.0,1.0
07:31:58,140.0,57.0,141.06,47.0,139.0,24.0,167.27,26.0,1.0600000000000025,81.0,73.0,3.2854345222541634,140.0,141.06,154,8.0,-6.0,0.05,140.0,6.0
07:31:59,139.64,22.0,140.91,44.0,138.54,26.0,235.96,26.0,1.2700000000000102,48.0,70.0,2.623924541601617,139.64,140.91,118,-22.0,-36.0,-0.19,140.0,2.0
07:32:00,139.0,24.0,140.0,48.0,138.0,36.0,296.3,20.0,1.0,60.0,68.0,1.7570486618244756,139.0,140.0,128,-8.0,10.0,-0.06,140.0,
07:32:01,140.74,35.0,313.8,25.0,137.86,42.0,407.17,36.0,173.06,77.0,61.0,38.84524578375095,140.74,313.8,138,16.0,10.0,0.12,139.0,6.0
07:32:02,143.0,64.0,244.6,10.0,138.0,24.0,263.59,22.0,101.6,88.0,32.0,40.35468163670755,143.0,244.6,120,56.0,-18.0,0.47,139.0,
07:32:03,143.0,72.0,208.0,9.0,140.29,42.0,245.33,27.0,65.0,114.0,36.0,37.25555891407376,143.0,208.0,150,78.0,30.0,0.52,139.0,
07:32:04,143.32,82.0,206.33,48.0,141.54,65.0,209.77,39.0,63.01000000000002,147.0,87.0,31.970141538629772,143.32,206.33,234,60.0,84.0,0.26,142.0,4.0
07:32:05,145.0,54.0,202.48,31.0,140.77,39.0,203.12,42.0,57.47999999999999,93.0,73.0,22.9321579882928,145.0,202.48,166,20.0,-68.0,0.12,145.0,5.0
07:32:06,145.0,10.0,196.93,43.0,138.4,40.0,197.74,19.0,51.93000000000001,50.0,62.0,9.12740762758079,145.0,196.93,112,-12.0,-54.0,-0.11,145.0,
07:32:07,145.0,11.0,195.45,55.0,139.0,88.0,196.58,48.0,50.44999999999999,99.0,103.0,2.341245395087679,145.0,195.45,202,-4.0,90.0,-0.02,145.0,
07:32:08,145.0,10.0,193.35,48.0,141.31,35.0,194.8,50.0,48.35,45.0,98.0,2.395944490178999,145.0,193.35,143,-53.0,-59.0,-0.37,145.0,
07:32:09,145.0,10.0,189.61,41.0,142.0,30.0,190.8,45.0,44.610000000000014,40.0,86.0,2.373842876017473,145.0,189.61,126,-46.0,-17.0,-0.37,145.0,
07:32:10,145.0,10.0,186.1,40.0,141.5,20.0,187.52,42.0,41.1,30.0,82.0,2.2131493397461286,145.0,186.1,112,-52.0,-14.0,-0.46,145.0,
07:32:11,145.0,14.0,183.02,61.0,140.0,19.0,184.06,63.0,38.02000000000001,33.0,124.0,2.5492802905954832,145.0,183.02,157,-91.0,45.0,-0.58,145.0,
07:32:12,142.47,15.0,179.49,37.0,139.37,19.0,180.58,38.0,37.02000000000001,34.0,75.0,3.138045570099084,142.47,179.49,109,-41.0,-48.0,-0.38,142.5,2.0
07:32:13,143.0,42.0,177.91,64.0,140.0,14.0,179.43,56.0,34.91,56.0,120.0,2.933883092425178,143.0,177.91,176,-64.0,67.0,-0.36,142.5,
07:32:14,142.96,72.0,174.17,46.0,139.56,18.0,176.15,52.0,31.20999999999998,90.0,98.0,2.820092197077628,142.96,174.17,188,-8.0,12.0,-0.04,143.0,1.0
07:32:15,143.0,103.0,169.36,76.0,140.0,16.0,170.91,68.0,26.360000000000014,119.0,144.0,2.910029209478465,143.0,169.36,263,-25.0,75.0,-0.1,143.0,5.0
07:32:16,143.0,36.0,165.06,53.0,141.4,30.0,166.29,49.0,22.06,66.0,102.0,2.92712657738228,143.0,165.06,168,-36.0,-95.0,-0.21,143.0,
07:32:17,143.0,39.0,162.36,55.0,141.38,91.0,163.44,57.0,19.360000000000014,130.0,112.0,3.1864353123855524,143.0,162.36,242,18.0,74.0,0.07,143.0,
07:32:18,141.37,49.0,157.5,52.0,140.72,29.0,158.42,52.0,16.129999999999995,78.0,104.0,3.4679633792786144,141.37,157.5,182,-26.0,-60.0,-0.14,142.2,5.0
07:32:19,141.0,60.0,152.42,45.0,140.0,12.0,153.82,57.0,11.419999999999987,72.0,102.0,3.756877692980898,141.0,152.42,174,-30.0,-8.0,-0.17,142.2,
07:32:20,141.0,40.0,149.21,48.0,140.0,11.0,150.16,51.0,8.210000000000008,51.0,99.0,3.799401268623434,141.0,149.21,150,-48.0,-24.0,-0.32,141.0,3.0
07:32:21,140.43,14.0,145.69,52.0,139.04,75.0,146.75,51.0,5.259999999999991,89.0,103.0,3.761679146341056,140.43,145.69,192,-14.0,42.0,-0.07,141.0,2.0
07:32:22,139.07,54.0,140.9,41.0,138.6,60.0,142.47,47.0,1.8300000000000125,114.0,88.0,3.5819645447738324,139.07,140.9,202,26.0,10.0,0.13,139.5,4.0
07:32:23,138.86,28.0,141.73,30.0,137.38,45.0,185.63,38.0,2.869999999999976,73.0,68.0,2.937800197429445,138.86,141.73,141,5.0,-61.0,0.04,138.73,11.0
07:32:24,137.03,33.0,144.94,33.0,80.24,25.0,146.58,24.0,7.909999999999997,58.0,57.0,2.158652357378614,137.03,144.94,115,1.0,-26.0,0.01,137.25,4.0
07:32:25,132.48,33.0,141.11,28.0,57.57,14.0,143.33,27.0,8.630000000000024,47.0,55.0,2.2582471078285216,132.48,141.11,102,-8.0,-13.0,-0.08,137.0,4.0
07:32:27,107.79,28.0,137.7,10.0,71.67,36.0,139.0,30.0,29.909999999999982,64.0,40.0,19.018777037444156,107.79,137.7,104,24.0,88.0,0.23,137.0,
07:32:36,128.9,10.0,162.2,15.0,126.46,37.0,263.32,25.0,33.29999999999998,47.0,40.0,11.51970138501919,128.9,162.2,87,7.0,-101.0,0.08,133.0,2.0
07:32:37,131.73,11.0,214.0,26.0,130.64,11.0,365.74,43.0,82.27000000000001,22.0,69.0,21.06759407241407,131.73,214.0,91,-47.0,4.0,-0.52,133.0,
07:32:38,134.93,138.0,144.74,54.0,132.86,21.0,158.9,60.0,9.810000000000002,159.0,114.0,19.08436139880026,134.93,144.74,273,45.0,177.5,0.16,145.0,2.0
07:32:39,137.53,95.0,147.0,46.0,135.0,69.0,164.15,20.0,9.47,164.0,66.0,16.829923648074534,137.53,147.0,230,98.0,-43.0,0.43,141.57,7.0
07:32:40,143.0,98.0,199.1,42.0,138.97,122.0,417.04,24.0,56.1,220.0,66.0,16.24539226981057,143.0,199.1,286,154.0,56.0,0.54,141.57,
07:32:41,143.0,28.0,182.17,24.0,139.95,38.0,349.33,12.0,39.16999999999999,66.0,36.0,15.72604591116349,143.0,182.17,102,30.0,-178.5,0.29,143.0,4.0
07:32:42,143.0,27.0,355.86,21.0,141.0,27.0,434.46,39.0,212.86,54.0,60.0,44.71703221368816,143.0,355.86,114,-6.0,12.0,-0.05,143.0,
07:32:43,139.5,52.0,415.81,32.0,139.33,21.0,478.5,28.0,276.31,73.0,60.0,59.25557129924605,139.5,415.81,133,13.0,19.0,0.1,141.57,7.0
07:32:44,139.0,45.0,316.0,16.0,138.0,5.0,331.53,17.0,177.0,50.0,33.0,49.78065819171172,139.0,316.0,83,17.0,-50.0,0.2,141.57,
07:32:45,139.0,50.0,306.0,14.0,138.0,7.0,322.0,35.0,167.0,57.0,49.0,42.53120948197967,139.0,306.0,106,8.0,23.0,0.08,139.0,5.0
07:32:46,139.0,30.0,301.5,20.0,138.0,10.0,382.95,40.0,162.5,40.0,60.0,24.281412026487267,139.0,301.5,100,-20.0,-6.0,-0.2,139.0,4.0
07:32:47,140.48,27.0,220.44,9.0,138.97,36.0,254.33,9.0,79.96000000000001,63.0,18.0,34.6037509527513,140.48,220.44,81,45.0,-19.0,0.56,139.0,
07:32:48,141.0,44.0,216.67,12.0,139.0,84.0,217.67,12.0,75.66999999999999,128.0,24.0,24.1247833150897,141.0,216.67,152,104.0,71.0,0.68,141.0,2.0
07:32:49,144.5,96.0,214.38,13.0,139.64,44.0,215.38,13.0,69.88,140.0,26.0,22.915107025716207,144.5,214.38,166,114.0,14.0,0.69,141.0,
07:32:50,145.0,128.0,211.06,16.0,142.38,13.0,212.0,12.0,66.06,141.0,28.0,18.38402485855658,145.0,211.06,169,113.0,3.0,0.67,145.0,1.0
07:32:51,145.0,99.0,207.33,9.0,143.53,15.0,208.67,9.0,62.33000000000001,114.0,18.0,1.6160847750115488,145.0,207.33,132,96.0,-37.0,0.73,145.0,
07:32:52,145.0,119.0,205.19,21.0,143.7,23.0,206.15,20.0,60.19,142.0,41.0,1.8262885861834224,145.0,205.19,183,101.0,51.0,0.55,145.0,1.0
07:32:53,145.0,90.0,202.82,11.0,143.0,9.0,204.75,16.0,57.81999999999999,99.0,27.0,2.222442350213739,145.0,202.82,126,72.0,-57.0,0.57,145.0,
07:32:54,145.0,132.0,201.07,14.0,143.0,9.0,202.15,13.0,56.06999999999999,141.0,27.0,1.9542901524653984,145.0,201.07,168,114.0,42.0,0.68,145.0,
07:32:55,145.0,228.0,195.19,26.0,143.0,15.0,195.96,23.0,50.19,243.0,49.0,2.318087573846773,145.0,195.19,292,194.0,124.0,0.66,145.0,
07:32:56,145.0,110.0,189.1,20.0,143.0,11.0,190.41,17.0,44.1,121.0,37.0,3.252852594265899,145.0,189.1,158,84.0,-134.0,0.53,145.0,
07:32:57,145.0,76.0,186.07,14.0,143.0,8.0,186.69,13.0,41.06999999999999,84.0,27.0,3.6437576758096863,145.0,186.07,111,57.0,-47.0,0.51,145.0,2.0
07:32:58,145.0,112.0,182.23,22.0,143.0,14.0,182.74,19.0,37.22999999999999,126.0,41.0,3.74000935827994,145.0,182.23,167,85.0,56.0,0.51,145.0,
07:32:59,145.0,95.0,175.87,15.0,143.0,12.0,177.07,14.0,30.870000000000005,107.0,29.0,3.6305137377540526,145.0,175.87,136,78.0,-31.0,0.57,145.0,1.0
07:33:00,145.0,57.0,171.07,14.0,143.0,11.0,173.89,19.0,26.069999999999997,68.0,33.0,3.688187901940498,145.0,171.07,101,35.0,-35.0,0.35,145.0,2.0
07:33:01,145.0,70.0,167.07,28.0,142.11,18.0,168.3,27.0,22.069999999999997,88.0,55.0,3.897200277124544,145.0,167.07,143,33.0,42.0,0.23,145.0,
07:33:02,145.0,75.0,165.14,28.0,142.38,87.0,166.6,30.0,20.139999999999983,162.0,58.0,3.4557878985868133,145.0,165.14,220,104.0,77.0,0.47,145.0,
07:33:03,145.0,57.0,161.93,14.0,143.0,130.0,163.06,17.0,16.930000000000007,187.0,31.0,2.704453734124226,145.0,161.93,218,156.0,-2.0,0.72,145.0,1.0
07:33:04,145.0,36.0,158.33,9.0,143.0,90.0,159.73,11.0,13.330000000000013,126.0,20.0,2.4333577624381464,145.0,158.33,146,106.0,-72.0,0.73,145.0,
07:33:05,145.0,36.0,156.67,15.0,143.0,90.0,157.36,11.0,11.669999999999987,126.0,26.0,2.1999386355118133,145.0,156.67,152,100.0,6.0,0.66,145.0,
07:33:06,145.0,44.0,153.71,17.0,143.0,120.0,155.29,17.0,8.710000000000008,164.0,34.0,2.237628208621191,145.0,153.71,198,130.0,46.0,0.66,145.0,2.0
07:33:07,145.0,18.0,150.79,14.0,143.0,90.0,151.31,13.0,5.789999999999992,108.0,27.0,2.1375219297160344,145.0,150.79,135,81.0,-63.0,0.6,145.0,
07:33:08,143.75,48.0,146.37,19.0,142.88,96.0,147.83,12.0,2.6200000000000045,144.0,31.0,2.614765763891017,143.75,146.37,175,113.0,40.0,0.65,145.0,2.0
07:33:09,143.0,130.0,145.7,20.0,141.0,26.0,146.37,19.0,2.6999999999999886,156.0,39.0,2.763128661502453,143.0,145.7,195,117.0,20.0,0.6,145.0,
07:33:10,143.0,104.0,145.71,24.0,141.0,28.0,184.27,56.0,2.710000000000008,132.0,80.0,2.287094226309026,143.0,145.71,212,52.0,17.0,0.25,143.0,7.0
07:33:11,141.97,31.0,229.19,54.0,140.38,26.0,293.88,59.0,87.22,57.0,113.0,18.02264214814292,141.97,229.19,170,-56.0,-42.0,-0.33,143.0,3.0
07:33:12,141.0,27.0,231.81,48.0,140.0,18.0,287.3,50.0,90.81,45.0,98.0,22.684028522288948,141.0,231.81000000000003,143,-53.0,-27.0,-0.37,143.0,
07:33:13,141.0,48.0,151.94,48.0,140.0,16.0,269.15,68.0,10.939999999999998,64.0,116.0,22.4414643016007,141.0,151.94,180,-52.0,37.0,-0.29,143.0,
07:33:14,139.19,73.0,149.21,42.0,138.55,20.0,231.29,70.0,10.02000000000001,93.0,112.0,22.470090565015948,139.19,149.21,205,-19.0,25.0,-0.09,140.29,7.0
07:33:15,139.5,48.0,148.29,45.0,138.82,55.0,177.59,71.0,8.789999999999992,103.0,116.0,22.558130463316736,139.5,148.29,219,-13.0,14.0,-0.06,140.0,4.0
07:33:16,139.74,19.0,145.78,32.0,139.07,15.0,146.74,23.0,6.039999999999992,34.0,55.0,18.86687653004643,139.74,145.78,89,-21.0,-130.0,-0.24,144.6,5.0
07:33:17,144.93,112.0,224.35,63.0,140.85,13.0,328.98,51.0,79.41999999999999,125.0,114.0,18.07741602110259,144.93,224.35,239,11.0,150.0,0.05,144.6,
07:33:18,145.0,110.0,208.78,23.0,141.0,11.0,222.55,55.0,63.78,121.0,78.0,20.53763934827997,145.0,208.78,199,43.0,-40.0,0.22,144.6,
07:33:19,145.0,90.0,196.0,41.0,141.0,9.0,222.4,43.0,51.0,99.0,84.0,19.297751941612752,145.0,196.0,183,15.0,-16.0,0.08,144.6,
07:33:20,145.0,70.0,150.93,70.0,141.0,14.0,269.08,26.0,5.930000000000007,84.0,96.0,18.31200698995112,145.0,150.93,180,-12.0,-3.0,-0.07,145.0,5.0
07:33:21,145.0,50.0,149.6,50.0,141.0,10.0,391.0,42.0,4.599999999999994,60.0,92.0,17.029052234344068,145.0,149.6,152,-32.0,-28.0,-0.21,145.0,
07:33:22,145.0,79.0,147.62,64.0,141.0,16.0,214.0,40.0,2.6200000000000045,95.0,104.0,14.703855616810792,145.0,147.62,199,-9.0,47.0,-0.05,145.0,1.0
07:33:23,145.0,28.0,146.0,40.0,141.0,8.0,163.4,20.0,1.0,36.0,60.0,10.65488995719891,145.0,146.0,96,-24.0,-103.0,-0.25,145.0,1.0
07:33:24,145.0,33.0,146.0,55.0,141.0,13.0,166.0,44.0,1.0,46.0,99.0,1.0962116584026869,145.0,146.0,145,-53.0,49.0,-0.37,145.0,
07:33:25,141.0,16.0,165.3,20.0,139.0,32.0,373.22,36.0,24.30000000000001,48.0,56.0,3.2157845077085017,141.0,165.3,104,-8.0,-41.0,-0.08,145.0,3.0
07:33:26,141.0,20.0,164.0,14.0,139.38,13.0,445.21,33.0,23.0,33.0,47.0,3.885108750088992,141.0,164.0,80,-14.0,-24.0,-0.17,145.0,
07:33:27,141.0,36.0,162.75,24.0,139.08,39.0,249.0,48.0,21.75,75.0,72.0,3.865705627698276,141.0,162.75,147,3.0,67.0,0.02,145.0,
07:33:28,141.35,23.0,162.0,18.0,139.35,34.0,294.81,42.0,20.65000000000001,57.0,60.0,3.0954725002846115,141.35,162.0,117,-3.0,-30.0,-0.03,141.4,5.0
07:33:29,137.96,28.0,161.57,14.0,136.02,43.0,246.33,30.0,23.609999999999985,71.0,44.0,1.2704841596881038,137.96,161.57,115,27.0,-2.0,0.23,138.75,4.0
07:33:30,140.2,15.0,155.08,26.0,138.64,33.0,271.52,46.0,14.880000000000024,48.0,72.0,1.987553772862073,140.2,155.08,120,-24.0,5.0,-0.2,138.75,
07:33:31,139.17,18.0,158.94,31.0,138.0,22.0,181.8,25.0,19.77000000000001,40.0,56.0,1.79222487428843,139.17,158.94,96,-16.0,-24.0,-0.17,138.75,
07:33:32,140.0,6.0,157.33,12.0,139.0,18.0,159.0,30.0,17.330000000000013,24.0,42.0,1.5028972020794085,140.0,157.33,66,-18.0,-30.0,-0.27,138.75,
07:33:33,139.58,19.0,152.59,39.0,138.8,41.0,154.56,59.0,13.009999999999993,60.0,98.0,1.43243498980512,139.58,152.59,158,-38.0,92.0,-0.24,139.5,2.0
07:33:34,137.24,33.0,149.24,25.0,127.03,35.0,149.95,21.0,12.0,68.0,46.0,2.364557040973608,137.24,149.24,114,22.0,-44.0,0.19,138.0,6.0
07:33:35,137.0,72.0,144.47,36.0,122.66,41.0,146.16,38.0,7.469999999999999,113.0,74.0,3.561506703632299,137.0,144.47,187,39.0,73.0,0.21,137.0,5.0
07:33:36,137.0,54.0,138.84,31.0,88.7,40.0,140.59,37.0,1.8400000000000036,94.0,68.0,4.2444787665881565,137.0,138.84,162,26.0,-25.0,0.16,137.29,7.0
07:33:40,113.33,54.0,310.0,26.0,110.0,6.0,593.18,17.0,196.67,60.0,43.0,96.89043167413398,113.33,310.0,103,17.0,-7.0,0.17,135.67,9.0
07:33:44,140.0,9.0,443.43,7.0,139.0,9.0,561.1,10.0,303.43,18.0,17.0,67.5995867590922,140.0,443.43,35,1.0,-48.0,0.03,135.67,
07:33:45,140.0,18.0,318.17,12.0,139.0,18.0,320.0,18.0,178.17000000000002,36.0,30.0,60.93404655855405,140.0,318.17,66,6.0,31.0,0.09,135.67,
07:33:46,144.15,20.0,318.0,16.0,140.43,42.0,320.0,24.0,173.85,62.0,40.0,65.88332679821227,144.15,318.0,102,22.0,36.0,0.22,145.0,3.0
07:33:47,145.0,9.0,289.44,18.0,141.17,138.0,338.45,22.0,144.44,147.0,40.0,51.93048940651376,145.0,289.44,187,107.0,85.0,0.57,145.0,
07:33:48,141.59,74.0,267.65,40.0,142.49,53.0,361.19,37.0,126.05999999999996,127.0,77.0,33.560580298916726,141.59,267.65,204,50.0,17.0,0.25,143.4,5.0
07:33:49,141.0,150.0,156.35,34.0,140.0,24.0,207.23,22.0,15.349999999999994,174.0,56.0,33.81743899233114,141.0,156.35,230,118.0,26.0,0.51,141.0,5.0
07:33:50,141.0,112.0,153.61,23.0,140.0,21.0,155.54,26.0,12.610000000000014,133.0,49.0,39.28041394893947,141.0,153.61,182,84.0,-48.0,0.46,141.0,
07:33:51,141.0,160.0,151.1,50.0,140.0,30.0,154.0,20.0,10.099999999999994,190.0,70.0,35.11848629995375,141.0,151.1,260,120.0,78.0,0.46,141.0,
07:33:52,141.0,161.0,148.23,43.0,140.0,33.0,191.97,32.0,7.22999999999999,194.0,75.0,25.96286347843859,141.0,148.23,269,119.0,9.0,0.44,141.0,3.0
07:33:53,141.0,150.0,146.64,55.0,140.0,45.0,148.0,11.0,5.639999999999986,195.0,66.0,1.9677093281378808,141.0,146.64,261,129.0,-8.0,0.49,141.0,
07:33:54,141.42,86.0,145.0,7.0,140.37,71.0,146.0,35.0,3.5800000000000125,157.0,42.0,1.6683374958445507,141.42,145.0,199,115.0,-62.0,0.58,141.0,
07:33:55,141.18,99.0,143.0,29.0,140.15,85.0,144.71,21.0,1.8199999999999927,184.0,50.0,1.4901912629058478,141.18,143.0,234,134.0,35.0,0.57,141.0,8.0
07:33:56,141.0,16.0,142.0,7.0,140.0,63.0,144.0,7.0,1.0,79.0,14.0,1.265650030632865,141.0,142.0,93,65.0,-141.0,0.7,141.0,5.0
07:33:57,141.0,13.0,142.0,5.0,140.0,45.0,144.0,8.0,1.0,58.0,13.0,1.0471055343378777,141.0,142.0,71,45.0,-22.0,0.63,141.0,
07:33:58,141.0,16.0,143.79,19.0,140.0,63.0,401.61,23.0,2.789999999999992,79.0,42.0,0.7122288958200453,141.0,143.79,121,37.0,50.0,0.31,141.0,1.0
07:33:59,141.0,6.0,143.33,3.0,140.0,27.0,167.0,9.0,2.3300000000000125,33.0,12.0,0.4076150144941302,141.0,143.33,45,21.0,-76.0,0.47,141.0,
07:34:00,141.0,10.0,142.8,5.0,140.0,45.0,167.0,15.0,1.8000000000000114,55.0,20.0,0.3977059215564347,141.0,142.8,75,35.0,30.0,0.47,141.0,
07:34:01,140.17,48.0,142.0,9.0,139.43,70.0,379.22,27.0,1.8300000000000125,118.0,36.0,0.5251380771197732,140.17,142.0,154,82.0,79.0,0.53,140.5,4.0
07:34:02,140.0,67.0,313.78,18.0,139.0,64.0,417.62,24.0,173.77999999999997,131.0,42.0,38.01862872329879,140.0,313.78,173,89.0,19.0,0.51,140.0,1.0
07:34:03,140.0,41.0,356.67,27.0,139.0,56.0,371.86,21.0,216.67,97.0,48.0,53.068632260498646,140.0,356.67,145,49.0,-28.0,0.34,140.0,3.0
07:34:04,140.0,31.0,355.0,28.0,139.0,56.0,358.0,21.0,215.0,87.0,49.0,55.12664827467778,140.0,355.0,136,38.0,-9.0,0.28,140.0,2.0
07:34:05,140.31,13.0,301.46,26.0,139.36,33.0,338.13,23.0,161.14999999999998,46.0,49.0,44.12627142644202,140.31,301.46,95,-3.0,-41.0,-0.03,140.0,
07:34:06,139.9,42.0,218.0,40.0,138.8,20.0,219.0,30.0,78.1,62.0,70.0,28.2421998080892,139.9,218.0,132,-8.0,37.0,-0.06,140.25,4.0
07:34:07,145.0,21.0,218.0,28.0,139.0,35.0,250.72,29.0,73.0,56.0,57.0,33.99497271656551,145.0,218.0,113,-1.0,-19.0,-0.01,140.25,
07:34:08,141.0,27.0,217.8,20.0,138.92,25.0,265.0,25.0,76.80000000000001,52.0,45.0,31.17847943694551,141.0,217.8,97,7.0,-16.0,0.07,145.0,3.0
07:34:09,139.0,63.0,215.71,28.0,138.0,7.0,265.0,35.0,76.71000000000001,70.0,63.0,18.652659863945253,139.0,215.71,133,7.0,36.0,0.05,145.0,
07:34:10,139.0,81.0,215.0,36.0,138.0,9.0,264.71,41.0,76.0,90.0,77.0,1.8011996002759647,139.0,215.0,167,13.0,34.0,0.08,145.0,
07:34:11,141.0,45.0,214.7,40.0,139.0,90.0,487.4,50.0,73.69999999999999,135.0,90.0,1.851194209161834,141.0,214.7,225,45.0,58.0,0.2,145.0,
07:34:12,141.0,12.0,214.0,16.0,139.0,39.0,543.0,20.0,73.0,51.0,36.0,0.933230946783458,141.0,214.0,87,15.0,-138.0,0.17,141.0,3.0
07:34:13,141.0,21.0,205.21,29.0,139.0,63.0,323.71,34.0,64.21000000000001,84.0,63.0,1.959137565367593,141.0,205.21,147,21.0,60.0,0.14,141.0,
07:34:14,139.4,30.0,214.0,20.0,138.86,21.0,478.2,25.0,74.6,51.0,45.0,1.9136352839646495,139.4,214.0,96,6.0,-51.0,0.06,140.5,4.0
07:34:15,139.0,64.0,213.88,32.0,138.0,8.0,575.0,40.0,74.88,72.0,72.0,1.888152536220121,139.0,213.88,144,0.0,48.0,0.0,140.5,
07:34:16,139.0,36.0,213.0,28.0,138.0,7.0,661.29,35.0,74.0,43.0,63.0,1.683009209729561,139.0,213.0,106,-20.0,-38.0,-0.19,139.0,4.0
07:34:17,139.0,40.0,212.75,32.0,138.0,10.0,346.26,46.0,73.75,50.0,78.0,1.449234280589082,139.0,212.75,128,-28.0,22.0,-0.22,139.0,
07:34:18,141.0,16.0,211.0,16.0,138.57,7.0,212.0,8.0,70.0,23.0,24.0,0.3499714274544084,141.0,211.0,47,-1.0,-81.0,-0.02,139.0,
07:34:19,147.0,26.0,208.91,22.0,139.0,74.0,209.57,28.0,61.91,100.0,50.0,0.8631222393348745,147.0,208.91,150,50.0,103.0,0.33,147.0,3.0
07:34:20,140.56,41.0,207.56,36.0,138.92,106.0,208.83,48.0,67.0,147.0,84.0,1.3764156349135557,140.56,207.56,231,63.0,81.0,0.27,147.0,
07:34:21,139.49,57.0,175.72,50.0,139.47,19.0,178.22,49.0,36.22999999999999,76.0,99.0,8.32650286735282,139.49,175.72,175,-23.0,-56.0,-0.13,141.0,3.0
07:34:22,139.0,118.0,164.8,40.0,138.0,10.0,200.37,41.0,25.80000000000001,128.0,81.0,11.891784138641066,139.0,164.8,209,47.0,34.0,0.22,141.0,
07:34:23,139.0,116.0,162.59,34.0,138.0,11.0,176.63,38.0,23.590000000000003,127.0,72.0,12.705560593694235,139.0,162.59,199,55.0,-10.0,0.28,141.0,
07:34:24,139.5,160.0,158.28,58.0,137.35,124.0,158.96,46.0,18.78,284.0,104.0,10.260962430495333,139.5,158.28,388,180.0,177.5,0.46,141.0,
07:34:25,143.0,110.0,154.45,44.0,139.15,82.0,156.0,44.0,11.449999999999989,192.0,88.0,3.6209777685090936,143.0,154.45,280,104.0,-108.0,0.37,141.0,
07:34:26,143.0,100.0,151.89,38.0,140.0,30.0,153.38,32.0,8.889999999999986,130.0,70.0,1.773279447813351,143.0,151.89,200,60.0,-80.0,0.3,141.0,
07:34:27,143.0,160.0,147.83,46.0,140.0,48.0,150.24,50.0,4.8300000000000125,208.0,96.0,1.9872795475315728,143.0,147.83,304,112.0,104.0,0.37,141.0,
07:34:28,143.0,121.0,226.09,35.0,140.0,39.0,281.11,53.0,83.09,160.0,88.0,16.569754977067007,143.0,226.09,248,72.0,-56.0,0.29,144.43,7.0
07:34:29,143.0,108.0,296.02,43.0,140.0,36.0,384.05,63.0,153.01999999999998,144.0,106.0,32.49782023459475,143.0,296.02,250,38.0,2.0,0.15,144.43,
07:34:30,143.0,63.0,291.29,21.0,140.0,21.0,331.0,35.0,148.29000000000002,84.0,56.0,35.97749782850435,143.0,291.29,140,28.0,-110.0,0.2,144.43,
07:34:31,143.0,29.0,329.0,15.0,140.0,15.0,331.0,25.0,186.0,44.0,40.0,36.01439781531873,143.0,329.0,84,4.0,-56.0,0.05,143.0,4.0
07:34:32,143.0,45.0,327.22,9.0,140.57,21.0,329.0,27.0,184.22000000000003,66.0,36.0,20.846374984635435,143.0,327.22,102,30.0,18.0,0.29,143.0,
07:34:33,143.0,65.0,299.72,29.0,141.0,86.0,311.22,41.0,156.72000000000003,151.0,70.0,9.013691252757324,143.0,299.72,221,81.0,119.0,0.37,143.0,
07:34:34,143.0,38.0,207.81,26.0,141.0,70.0,290.38,16.0,64.81,108.0,42.0,24.69089548801409,143.0,207.81,150,66.0,-71.0,0.44,143.0,2.0
07:34:35,141.51,47.0,156.67,45.0,140.48,58.0,289.0,18.0,15.159999999999997,105.0,63.0,39.129341548255525,141.51,156.67,168,42.0,18.0,0.25,143.0,3.0
07:34:36,141.0,70.0,160.08,26.0,140.0,60.0,184.81,31.0,19.080000000000013,130.0,57.0,39.98059341730733,141.0,160.07999999999998,187,73.0,19.0,0.39,143.0,
07:34:37,141.0,63.0,154.05,22.0,140.0,72.0,154.78,23.0,13.050000000000011,135.0,45.0,31.54703662786791,141.0,154.05,180,90.0,-7.0,0.5,141.0,3.0
07:34:38,141.0,90.0,148.55,22.0,140.0,66.0,150.0,11.0,7.550000000000011,156.0,33.0,12.447756022674948,141.0,148.55,189,123.0,9.0,0.65,141.0,
07:34:39,141.0,46.0,145.8,35.0,140.0,78.0,147.55,22.0,4.800000000000011,124.0,57.0,2.9615249450309693,141.0,145.8,181,67.0,-8.0,0.37,141.0,3.0
07:34:40,140.29,62.0,142.92,25.0,139.66,82.0,171.25,40.0,2.6299999999999955,144.0,65.0,3.5190154873260737,140.29,142.92,209,79.0,28.0,0.38,140.6,5.0
07:34:41,139.12,130.0,140.71,14.0,138.91,106.0,307.86,58.0,1.5900000000000034,236.0,72.0,2.9221618709512005,139.12,140.71,308,164.0,99.0,0.53,140.0,4.0
07:34:42,139.04,26.0,209.8,40.0,138.08,12.0,340.57,35.0,70.76000000000002,38.0,75.0,14.425090294346177,139.04,209.8,113,-37.0,-178.5,-0.33,139.14,7.0
07:34:43,140.9,10.0,249.0,20.0,139.9,10.0,486.61,46.0,108.1,20.0,66.0,24.69766891834206,140.9,249.0,86,-46.0,-27.0,-0.53,139.14,
07:34:44,137.13,93.0,415.32,38.0,121.78,37.0,592.0,32.0,278.19,130.0,70.0,55.78088140214386,137.13,415.32,200,60.0,114.0,0.3,139.0,5.0
07:34:45,138.85,52.0,313.83,30.0,129.5,48.0,580.62,40.0,174.98,100.0,70.0,51.8764031135548,138.85,313.83,170,30.0,-30.0,0.18,139.0,
07:34:46,142.29,34.0,191.92,39.0,137.23,71.0,395.61,33.0,49.63,105.0,72.0,44.60955805654251,142.29,191.92,177,33.0,7.0,0.19,142.2,5.0
07:34:47,139.0,21.0,172.32,31.0,137.0,63.0,252.81,27.0,33.31999999999999,84.0,58.0,48.71939685587289,139.0,172.32,142,26.0,-35.0,0.18,142.2,
07:34:48,138.11,54.0,212.87,52.0,121.98,98.0,411.13,52.0,74.75999999999999,152.0,104.0,50.37776622677942,138.11,212.87,256,48.0,114.0,0.19,138.2,5.0
07:34:49,137.67,24.0,239.56,45.0,130.5,113.0,340.02,43.0,101.89,137.0,88.0,27.22845331633873,137.67,239.56,225,49.0,-31.0,0.22,138.2,
07:34:50,139.79,19.0,232.27,78.0,138.76,37.0,236.31,58.0,92.48000000000002,56.0,136.0,13.624782567073794,139.79,232.27,192,-80.0,-33.0,-0.42,138.2,
07:34:51,138.09,80.0,178.18,55.0,120.64,28.0,193.29,49.0,40.09,108.0,104.0,15.339591911131084,138.09,178.18,212,4.0,20.0,0.02,138.33,3.0
07:34:52,137.0,116.0,175.65,46.0,114.18,51.0,177.19,52.0,38.650000000000006,167.0,98.0,15.154415858093577,137.0,175.65,265,69.0,53.0,0.26,138.33,
07:34:53,137.0,144.0,172.71,51.0,108.5,40.0,173.92,39.0,35.71000000000001,184.0,90.0,16.97984687799152,137.0,172.71,274,94.0,9.0,0.34,138.33,
07:34:54,137.0,60.0,171.33,30.0,99.6,15.0,173.0,6.0,34.33000000000001,75.0,36.0,13.57341224600648,137.0,171.33,111,39.0,-163.0,0.35,138.33,
07:34:55,138.62,74.0,170.05,39.0,134.81,79.0,171.22,27.0,31.430000000000007,153.0,66.0,1.667507121435713,138.62,170.05,219,87.0,108.0,0.4,138.33,
07:34:56,137.0,102.0,166.91,55.0,119.68,38.0,168.33,15.0,29.91,140.0,70.0,1.5780114068151712,137.0,166.91,210,70.0,-9.0,0.33,137.0,2.0
07:34:57,137.0,64.0,161.64,28.0,131.38,24.0,165.75,28.0,24.639999999999983,88.0,56.0,2.302418293889856,137.0,161.64,144,32.0,-66.0,0.22,137.0,
07:34:58,138.26,35.0,156.04,53.0,136.29,97.0,158.19,53.0,17.78,132.0,106.0,3.122776008624132,138.26,156.04,238,26.0,94.0,0.11,137.0,
07:34:59,141.0,11.0,153.3,47.0,137.0,88.0,154.61,33.0,12.300000000000011,99.0,80.0,3.136235003955904,141.0,153.3,179,19.0,-59.0,0.11,137.0,
07:35:00,137.62,32.0,148.85,62.0,133.14,70.0,150.32,44.0,11.22999999999999,102.0,106.0,3.2079697629556825,137.62,148.85,208,-4.0,29.0,-0.02,137.8,5.0
07:35:01,140.57,21.0,144.09,53.0,137.45,22.0,145.16,25.0,3.5200000000000102,43.0,78.0,2.942052004985235,140.57,144.09,121,-35.0,-87.0,-0.29,141.0,2.0
07:35:02,124.65,23.0,137.37,38.0,113.77,52.0,141.41,29.0,12.72,75.0,67.0,6.620361017349212,124.65,137.37,142,8.0,21.0,0.06,139.55,11.0
07:35:06,131.22,9.0,170.58,19.0,28.46,13.0,232.0,28.0,39.360000000000014,22.0,47.0,8.964459269807405,131.22,170.58,69,-25.0,47.0,-0.36,135.0,1.0
07:35:22,121.73,52.0,135.0,68.0,120.92,48.0,136.0,22.0,13.269999999999996,100.0,90.0,4.171722665762086,121.73,135.0,190,10.0,-39.0,0.05,135.0,1.0
07:35:23,129.09,69.0,135.0,72.0,126.88,51.0,136.0,24.0,5.909999999999997,120.0,96.0,4.315779188053235,129.09,135.0,216,24.0,26.0,0.11,135.0,
07:35:26,132.58,45.0,135.0,42.0,131.5,48.0,136.0,24.0,2.4199999999999875,93.0,66.0,2.1514576454195504,132.58,135.0,159,27.0,78.0,0.17,134.0,2.0
07:35:27,133.33,36.0,135.0,30.0,132.0,45.0,136.0,18.0,1.6699999999999875,81.0,48.0,0.8239963592361536,133.33,135.0,129,33.0,-30.0,0.26,134.0,
07:35:30,109.22,9.0,279.24,33.0,107.12,102.0,272.92,24.0,170.02,111.0,57.0,31.94992832542877,109.22,279.24,168,54.0,-156.0,0.32,134.0,
07:35:39,127.74,19.0,176.91,22.0,126.27,82.0,232.0,32.0,49.17,101.0,54.0,13.393281898027624,127.74,176.91,155,47.0,57.0,0.3,134.25,4.0
07:35:40,129.97,120.0,169.96,55.0,128.41,29.0,268.81,62.0,39.99000000000001,149.0,117.0,15.716745210126533,129.97,169.96,266,32.0,111.0,0.12,130.0,3.0
07:35:41,131.53,59.0,231.71,35.0,129.83,42.0,373.91,55.0,100.18,101.0,90.0,25.171976879062115,131.53,231.71,191,11.0,-75.0,0.06,136.0,5.0
07:35:42,139.0,8.0,274.0,16.0,130.0,28.0,488.5,20.0,135.0,36.0,36.0,30.15000464344975,139.0,274.0,72,0.0,-119.0,0.0,136.0,
07:35:43,139.95,43.0,274.0,36.0,136.26,23.0,382.17,36.0,134.05,66.0,72.0,27.836198016252947,139.95,274.0,138,-6.0,66.0,-0.04,140.0,3.0
07:35:44,139.89,36.0,306.86,70.0,137.51,39.0,396.86,51.0,166.97000000000003,75.0,121.0,28.630167131891618,139.89,306.86,196,-46.0,58.0,-0.23,140.2,5.0
07:35:45,139.71,85.0,422.53,47.0,137.53,34.0,589.25,32.0,282.81999999999994,119.0,79.0,37.32215320690985,139.71,422.53,198,40.0,2.0,0.2,140.2,
07:35:46,145.0,110.0,241.54,26.0,139.0,88.0,528.0,33.0,96.54,198.0,59.0,34.59771336374778,145.0,241.54,257,139.0,59.0,0.54,140.2,
07:35:47,145.0,70.0,184.9,20.0,139.0,56.0,350.07,29.0,39.900000000000006,126.0,49.0,43.23710177613725,145.0,184.9,175,77.0,-82.0,0.44,140.2,
07:35:48,145.0,90.0,187.0,18.0,139.04,67.0,279.0,45.0,42.0,157.0,63.0,48.45501491074016,145.0,187.0,220,94.0,45.0,0.43,140.2,
07:35:49,145.0,60.0,187.0,12.0,139.0,48.0,406.88,24.0,42.0,108.0,36.0,50.00492645730068,145.0,187.0,144,72.0,-76.0,0.5,140.2,
07:35:50,145.0,90.0,186.33,18.0,140.54,78.0,383.0,9.0,41.33000000000001,168.0,27.0,12.357243624694268,145.0,186.33,195,141.0,51.0,0.72,140.2,
07:35:51,145.0,110.0,172.83,46.0,143.0,110.0,220.05,19.0,27.830000000000013,220.0,65.0,3.046773703451988,145.0,172.83,285,155.0,90.0,0.54,140.2,
07:35:52,145.0,100.0,170.62,32.0,143.0,100.0,173.95,38.0,25.620000000000005,200.0,70.0,4.1448365468431305,145.0,170.62,270,130.0,-15.0,0.48,140.2,
07:35:53,145.0,80.0,168.12,16.0,143.0,80.0,169.53,19.0,23.120000000000005,160.0,35.0,4.5018385133239045,145.0,168.12,195,125.0,-75.0,0.64,140.2,
07:35:54,145.0,76.0,166.7,20.0,143.0,100.0,168.2,20.0,21.69999999999999,176.0,40.0,3.930050890261639,145.0,166.7,216,136.0,21.0,0.63,145.0,4.0
07:35:55,145.0,84.0,164.14,28.0,143.0,140.0,165.64,28.0,19.139999999999983,224.0,56.0,1.6872462772358507,145.0,164.14,280,168.0,64.0,0.6,145.0,
07:35:56,145.0,66.0,162.36,22.0,143.0,110.0,164.18,22.0,17.360000000000014,176.0,44.0,1.6256783199779112,145.0,162.36,220,132.0,-60.0,0.6,145.0,
07:35:57,145.0,60.0,160.0,24.0,143.0,120.0,161.0,24.0,15.0,180.0,48.0,1.6321979046813495,145.0,160.0,228,132.0,8.0,0.58,145.0,1.0
07:35:58,143.18,110.0,157.0,24.0,142.34,32.0,158.0,24.0,13.819999999999991,142.0,48.0,2.1907008011241937,143.18,157.0,190,94.0,-38.0,0.49,145.0,5.0
07:35:59,143.0,50.0,155.0,10.0,141.91,11.0,157.0,10.0,12.0,61.0,20.0,2.362217178848327,143.0,155.0,81,41.0,-109.0,0.51,145.0,
07:36:00,143.0,136.0,151.9,31.0,141.19,16.0,153.52,31.0,8.900000000000006,152.0,62.0,2.540832540732692,143.0,151.9,214,90.0,133.0,0.42,143.0,3.0
07:36:01,143.0,20.0,147.7,20.0,141.0,10.0,150.1,20.0,4.699999999999989,30.0,40.0,2.696696126753272,143.0,147.7,70,-10.0,-144.0,-0.14,143.0,5.0
07:36:02,143.0,22.0,145.15,26.0,141.0,11.0,146.55,22.0,2.1500000000000057,33.0,48.0,2.49054813244916,143.0,145.15,81,-15.0,11.0,-0.19,143.0,
07:36:03,141.89,18.0,147.57,28.0,140.11,45.0,294.55,40.0,5.680000000000007,63.0,68.0,2.0463308627995502,141.89,147.57,131,-5.0,50.0,-0.04,143.0,2.0
07:36:04,141.0,12.0,147.0,12.0,140.0,48.0,149.0,24.0,6.0,60.0,36.0,1.4115487947803675,141.0,147.0,96,24.0,-35.0,0.25,143.0,
07:36:05,142.18,17.0,145.04,27.0,140.15,33.0,145.3,33.0,2.859999999999985,50.0,60.0,0.6868988281005414,142.18,145.04,110,-10.0,14.0,-0.09,143.0,
07:36:06,142.76,17.0,144.72,39.0,140.67,18.0,197.05,44.0,1.960000000000008,35.0,83.0,0.4341313165919837,142.76,144.72,118,-48.0,8.0,-0.41,143.0,2.0
07:36:07,139.32,25.0,145.0,24.0,138.81,85.0,520.0,18.0,5.680000000000007,110.0,42.0,0.9379072449053172,139.32,145.0,152,68.0,34.0,0.45,140.0,5.0
07:36:08,140.0,14.0,145.0,28.0,139.0,133.0,345.0,21.0,5.0,147.0,49.0,0.8172025453006655,140.0,145.0,196,98.0,44.0,0.5,140.0,
07:36:09,140.71,34.0,144.81,32.0,139.08,158.0,220.0,35.0,4.099999999999994,192.0,67.0,0.6932387756364229,140.71,144.81,259,125.0,63.0,0.48,144.4,5.0
07:36:10,141.82,22.0,145.0,16.0,139.62,45.0,215.0,24.0,3.180000000000007,67.0,40.0,0.650369125993755,141.82,145.0,107,27.0,-152.0,0.25,141.33,6.0
07:36:11,140.5,24.0,143.89,18.0,139.06,108.0,209.61,23.0,3.3899999999999864,132.0,41.0,0.5131568961301075,140.5,143.89,173,91.0,66.0,0.53,141.33,
07:36:12,141.0,36.0,143.0,18.0,140.0,18.0,154.78,9.0,2.0,54.0,27.0,0.5513347440946288,141.0,143.0,81,27.0,-92.0,0.33,140.8,5.0
07:36:13,140.0,7.0,141.57,14.0,139.0,119.0,157.0,7.0,1.5699999999999932,126.0,21.0,0.9748589641819552,140.0,141.57,147,105.0,66.0,0.71,140.8,
07:36:14,139.63,114.0,182.22,9.0,138.89,57.0,589.83,23.0,42.59,171.0,32.0,8.47320364443377,139.63,182.22,203,139.0,56.0,0.68,140.0,1.0
07:36:15,145.0,37.0,213.0,10.0,139.35,26.0,241.43,14.0,68.0,63.0,24.0,16.77664656598705,145.0,213.0,87,39.0,-116.0,0.45,145.0,1.0
07:36:16,145.0,32.0,198.5,14.0,140.0,33.0,304.88,16.0,53.5,65.0,30.0,17.225238169617416,145.0,198.5,95,35.0,8.0,0.37,145.0,1.0
07:36:17,140.0,52.0,143.69,29.0,139.0,221.0,154.61,23.0,3.6899999999999977,273.0,52.0,17.264572685127327,140.0,143.69,325,221.0,177.5,0.68,145.0,
07:36:18,140.0,36.0,142.0,9.0,139.0,143.0,143.0,27.0,2.0,179.0,36.0,17.209785878971434,140.0,142.0,215,143.0,-110.0,0.67,145.0,
07:36:19,140.0,48.0,142.0,12.0,139.0,160.0,178.0,36.0,2.0,208.0,48.0,18.85281464397412,140.0,142.0,256,160.0,41.0,0.62,145.0,
07:36:20,139.22,58.0,141.62,16.0,138.95,103.0,159.81,32.0,2.4000000000000057,161.0,48.0,13.732083600096727,139.22,141.62,209,113.0,-47.0,0.54,139.4,10.0
07:36:21,138.46,13.0,180.69,16.0,137.07,83.0,303.11,27.0,42.22999999999999,96.0,43.0,8.291156734741278,138.46,180.69,139,53.0,-70.0,0.38,139.0,2.0
07:36:22,137.02,90.0,237.1,40.0,110.12,48.0,408.41,22.0,100.07999999999998,138.0,62.0,20.28684549159985,137.02,237.1,200,76.0,61.0,0.38,137.2,5.0
07:36:23,138.55,31.0,242.18,34.0,133.79,76.0,411.52,25.0,103.63,107.0,59.0,24.13891505432761,138.55,242.18000000000004,166,48.0,-34.0,0.29,137.2,
07:36:25,138.06,34.0,362.43,14.0,117.36,22.0,484.75,12.0,224.37,56.0,26.0,91.2269366470235,138.06,362.43,82,30.0,-118.0,0.37,137.2,
07:36:26,146.0,44.0,163.82,44.0,139.18,55.0,326.0,44.0,17.819999999999993,99.0,88.0,92.20655199062614,146.0,163.82,187,11.0,105.0,0.06,137.2,
07:36:27,140.41,74.0,161.73,60.0,139.93,73.0,166.93,60.0,21.319999999999997,147.0,120.0,97.99958198890464,140.41,161.73,267,27.0,80.0,0.1,140.5,6.0
07:36:28,140.0,59.0,159.25,32.0,139.0,24.0,160.75,32.0,19.25,83.0,64.0,103.32508238564364,140.0,159.25,147,19.0,-120.0,0.13,140.0,1.0
07:36:29,140.0,77.0,157.91,44.0,139.0,15.0,159.18,44.0,17.909999999999997,92.0,88.0,44.38008753934629,140.0,157.91,180,4.0,33.0,0.02,140.0,
07:36:30,141.52,71.0,154.36,44.0,139.89,47.0,156.18,44.0,12.840000000000003,118.0,88.0,2.715855298067132,141.52,154.36,206,30.0,26.0,0.15,140.0,
07:36:31,143.0,66.0,153.91,44.0,140.0,77.0,156.0,44.0,10.909999999999997,143.0,88.0,1.213025144025994,143.0,153.91,231,55.0,25.0,0.24,140.0,
07:36:32,143.0,66.0,152.18,44.0,140.0,77.0,156.0,44.0,9.180000000000009,143.0,88.0,0.8063187955388775,143.0,152.18,231,55.0,0.0,0.24,140.0,
07:36:33,144.86,166.0,151.0,52.0,142.47,80.0,156.0,52.0,6.139999999999986,246.0,104.0,0.5323720503926318,144.86,151.0,350,142.0,119.0,0.41,140.0,
07:36:34,145.0,112.0,150.62,32.0,143.0,48.0,154.12,32.0,5.6200000000000045,160.0,64.0,0.3160379724641592,145.0,150.62,224,96.0,-126.0,0.43,140.0,
07:36:35,145.0,168.0,148.58,48.0,143.0,72.0,149.83,48.0,3.5800000000000125,240.0,96.0,0.6055410803894802,145.0,148.58,336,144.0,112.0,0.43,140.0,
07:36:36,145.0,72.0,146.8,40.0,143.0,60.0,239.18,33.0,1.8000000000000114,132.0,73.0,0.8536861250127372,145.0,146.8,205,59.0,-131.0,0.29,145.0,9.0
07:36:37,145.0,55.0,146.95,42.0,143.0,66.0,250.68,34.0,1.9499999999999889,121.0,76.0,0.9677138006865844,145.0,146.95,197,45.0,-8.0,0.23,145.0,
07:36:38,143.15,13.0,146.0,14.0,140.38,48.0,327.0,21.0,2.8499999999999943,61.0,35.0,1.1939723615056057,143.15,146.0,96,26.0,-101.0,0.27,144.11,9.0
07:36:39,143.0,20.0,145.8,20.0,140.16,58.0,334.69,32.0,2.800000000000012,78.0,52.0,1.0132127121386238,143.0,145.8,130,26.0,34.0,0.2,144.11,
07:36:40,143.0,18.0,144.67,18.0,141.0,27.0,145.67,18.0,1.6699999999999875,45.0,36.0,0.9560962294870428,143.0,144.67,81,9.0,-49.0,0.11,144.11,
07:36:41,141.05,43.0,143.5,32.0,140.16,56.0,144.69,32.0,2.4499999999999886,99.0,64.0,1.3429333565145205,141.05,143.5,163,35.0,82.0,0.21,141.2,5.0
07:36:42,138.49,70.0,141.0,24.0,137.82,102.0,144.0,24.0,2.509999999999991,172.0,48.0,2.018620816309848,138.49,141.0,220,124.0,57.0,0.56,139.38,8.0
07:36:43,138.71,68.0,227.08,26.0,137.76,101.0,294.0,37.0,88.37,169.0,63.0,18.12623871629298,138.71,227.08,232,106.0,12.0,0.46,140.0,8.0
07:36:44,138.03,100.0,272.15,13.0,137.17,65.0,347.39,23.0,134.11999999999998,165.0,36.0,29.602158367254876,138.03,272.15,201,129.0,-31.0,0.64,140.0,
07:36:45,139.33,15.0,193.0,6.0,137.79,28.0,340.0,3.0,53.66999999999999,43.0,9.0,27.6515844030688,139.33,193.0,52,34.0,-149.0,0.65,140.0,
07:36:46,138.48,52.0,222.93,15.0,137.72,107.0,316.33,12.0,84.45000000000002,159.0,27.0,24.090811526389817,138.48,222.93,186,132.0,134.0,0.71,138.2,5.0
07:36:47,138.0,56.0,193.68,19.0,137.0,48.0,385.08,12.0,55.68000000000001,104.0,31.0,16.047124352980997,138.0,193.68,135,73.0,-51.0,0.54,138.2,
07:36:48,138.0,28.0,297.6,5.0,137.0,24.0,419.2,10.0,159.60000000000002,52.0,15.0,23.436148787717546,138.0,297.6,67,37.0,-68.0,0.55,138.2,
07:36:49,138.0,49.0,231.21,19.0,137.0,42.0,400.62,13.0,93.21,91.0,32.0,21.19308448527574,138.0,231.21,123,59.0,56.0,0.48,138.2,
07:36:50,139.33,95.0,210.24,17.0,137.24,87.0,227.0,41.0,70.91,182.0,58.0,19.784038263206902,139.33,210.24,240,124.0,117.0,0.52,138.2,
07:36:51,145.0,78.0,202.41,17.0,138.0,91.0,417.69,29.0,57.41,169.0,46.0,20.379920755489582,145.0,202.41,215,123.0,-25.0,0.57,138.2,
07:36:52,145.0,60.0,207.9,10.0,138.0,70.0,409.95,21.0,62.900000000000006,130.0,31.0,18.573520129475583,145.0,207.9,161,99.0,-54.0,0.61,138.2,
07:36:53,145.0,54.0,206.11,9.0,138.19,43.0,213.5,20.0,61.110000000000014,97.0,29.0,4.359996559635893,145.0,206.11,126,68.0,-35.0,0.54,138.2,
07:36:54,145.0,48.0,205.62,8.0,139.0,16.0,259.45,31.0,60.620000000000005,64.0,39.0,1.011617516671801,145.0,205.62,103,25.0,-23.0,0.24,138.2,
07:36:55,145.21,56.0,204.86,14.0,139.43,28.0,299.18,22.0,59.650000000000006,84.0,36.0,0.9935944847055116,145.21,204.86,120,48.0,17.0,0.4,145.0,4.0
07:36:56,145.0,18.0,254.45,11.0,140.0,27.0,314.53,19.0,109.45,45.0,30.0,10.808712689309315,145.0,254.45,75,15.0,-45.0,0.2,145.0,
07:36:57,144.45,22.0,266.14,21.0,139.62,37.0,287.3,23.0,121.69,59.0,44.0,15.035104588929048,144.45,266.14,103,15.0,28.0,0.15,142.0,5.0
07:36:58,143.02,115.0,251.25,28.0,139.11,98.0,256.53,30.0,108.23,213.0,58.0,14.299803145499402,143.02000000000004,251.25,271,155.0,168.0,0.57,142.0,
07:36:59,143.0,81.0,224.95,37.0,139.47,47.0,225.67,21.0,81.94999999999999,128.0,58.0,12.39766631265878,143.0,224.95,186,70.0,-85.0,0.38,143.0,4.0
07:37:00,140.62,58.0,204.73,15.0,139.12,67.0,220.52,29.0,64.10999999999999,125.0,44.0,13.232723453621867,140.62,204.73,169,81.0,-17.0,0.48,142.0,5.0
07:37:01,140.0,140.0,163.0,19.0,139.0,99.0,176.71,21.0,23.0,239.0,40.0,21.170338447933123,140.0,163.0,279,199.0,110.0,0.71,140.0,3.0
07:37:02,140.0,140.0,144.12,26.0,139.0,126.0,149.03,60.0,4.1200000000000045,266.0,86.0,22.692833009565742,140.0,144.12,352,180.0,73.0,0.51,140.0,1.0
07:37:03,140.0,88.0,143.68,47.0,139.0,99.0,156.34,41.0,3.680000000000007,187.0,88.0,19.016979255392748,140.0,143.68,275,99.0,-77.0,0.36,140.0,
07:37:04,140.14,56.0,142.29,34.0,139.36,89.0,183.52,31.0,2.1500000000000057,145.0,65.0,13.446672450834786,140.14,142.29,210,80.0,-65.0,0.38,141.0,2.0
07:37:05,140.0,103.0,141.15,39.0,139.0,130.0,150.19,36.0,1.1500000000000057,233.0,75.0,4.542466290468184,140.0,141.15,308,158.0,98.0,0.51,140.0,1.0
07:37:06,140.0,59.0,141.7,30.0,139.0,100.0,218.73,26.0,1.6999999999999886,159.0,56.0,0.63166446792587,140.0,141.7,215,103.0,-93.0,0.48,140.0,3.0
07:37:07,140.0,72.0,142.0,36.0,139.0,111.0,324.61,46.0,2.0,183.0,82.0,0.4756259034578532,140.0,142.0,265,101.0,50.0,0.38,140.0,
07:37:08,140.0,42.0,142.0,21.0,139.0,63.0,346.8,15.0,2.0,105.0,36.0,0.2360084745091057,140.0,142.0,141,69.0,-124.0,0.49,140.0,
07:37:09,140.12,24.0,234.93,27.0,139.14,63.0,394.46,26.0,94.81,87.0,53.0,20.873281246609007,140.12,234.93000000000004,140,34.0,-1.0,0.24,140.0,3.0
07:37:10,140.0,18.0,194.2,40.0,139.69,32.0,263.89,18.0,54.19999999999999,50.0,58.0,21.187279910362232,140.0,194.2,108,-8.0,-32.0,-0.07,140.25,4.0
07:37:11,139.0,90.0,218.44,32.0,138.0,50.0,465.41,29.0,79.44,140.0,61.0,21.41042269550133,139.0,218.44,201,79.0,93.0,0.39,140.25,
07:37:12,139.0,55.0,218.4,25.0,138.0,50.0,332.0,21.0,79.4,105.0,46.0,18.073314582556183,139.0,218.4,151,59.0,-50.0,0.39,140.25,
07:37:13,139.0,62.0,270.3,40.0,138.0,50.0,369.58,24.0,131.3,112.0,64.0,13.948869129791053,139.0,270.3,176,48.0,25.0,0.27,140.25,
07:37:14,139.0,23.0,266.0,12.0,138.0,15.0,321.5,8.0,127.0,38.0,20.0,16.4545823404922,139.0,266.0,58,18.0,-118.0,0.31,139.0,1.0
07:37:15,139.0,95.0,205.31,16.0,138.0,65.0,597.65,46.0,66.31,160.0,62.0,15.073552335134464,139.0,205.31,222,98.0,164.0,0.44,139.0,2.0
07:37:16,139.63,67.0,299.56,45.0,138.2,64.0,576.64,36.0,159.93,131.0,81.0,19.62169844840241,139.63,299.56,212,50.0,-10.0,0.24,139.0,
07:37:17,143.0,24.0,328.3,23.0,140.0,16.0,537.85,20.0,185.3,40.0,43.0,23.55253807979168,143.0,328.3,83,-3.0,-129.0,-0.04,143.0,3.0
07:37:18,141.7,23.0,317.0,33.0,138.95,43.0,318.0,44.0,175.3,66.0,77.0,25.47212299750527,141.7,317.0,143,-11.0,60.0,-0.08,141.5,4.0
07:37:19,145.0,10.0,226.39,38.0,139.0,50.0,280.79,33.0,81.38999999999999,60.0,71.0,27.99673284510243,145.0,226.39,131,-11.0,-12.0,-0.08,141.5,
07:37:20,142.43,14.0,196.09,33.0,138.73,55.0,198.0,11.0,53.66,69.0,44.0,28.95129617132949,142.43,196.09,113,25.0,-18.0,0.22,140.5,4.0
07:37:21,138.38,26.0,195.0,33.0,136.0,20.0,198.0,11.0,56.620000000000005,46.0,44.0,32.9988416463372,138.38,195.0,90,2.0,-23.0,0.02,138.0,9.0
07:37:22,121.5,12.0,193.03,32.0,106.18,11.0,194.05,21.0,71.53,23.0,53.0,28.563046581204176,121.5,193.03,76,-30.0,-14.0,-0.39,139.0,4.0
07:37:24,138.0,24.0,163.53,43.0,44.0,36.0,178.05,40.0,25.53,60.0,83.0,14.28431062389935,138.0,163.53,143,-23.0,-56.0,-0.16,138.0,1.0
07:37:25,138.0,18.0,155.12,24.0,63.5,24.0,156.36,42.0,17.120000000000005,42.0,66.0,12.300789812042348,138.0,155.12,108,-24.0,-35.0,-0.22,138.0,
07:37:26,137.52,42.0,147.02,59.0,132.4,105.0,158.28,50.0,9.5,147.0,109.0,8.884174131569344,137.52,147.02,256,38.0,148.0,0.15,137.33,6.0
07:37:27,138.77,70.0,154.0,40.0,135.14,58.0,411.0,40.0,15.22999999999999,128.0,80.0,6.4724825221893285,138.77,154.0,208,48.0,-48.0,0.23,139.0,1.0
07:37:28,139.0,46.0,152.63,30.0,137.0,64.0,213.38,40.0,13.629999999999995,110.0,70.0,3.021120653010376,139.0,152.63,180,40.0,-28.0,0.22,139.0,5.0
07:37:29,139.0,15.0,148.31,13.0,137.0,40.0,149.92,13.0,9.310000000000002,55.0,26.0,1.8903888489001663,139.0,148.31,81,29.0,-99.0,0.36,139.0,
07:37:30,139.0,28.0,144.69,29.0,137.0,56.0,145.74,19.0,5.689999999999998,84.0,48.0,2.049714614292986,139.0,144.69,132,36.0,51.0,0.27,139.0,
07:37:31,139.0,100.0,141.32,28.0,137.0,84.0,142.96,24.0,2.319999999999993,184.0,52.0,2.628796302501646,139.0,141.32,236,132.0,104.0,0.56,139.0,1.0
07:37:32,138.1,71.0,158.14,36.0,112.43,69.0,269.88,25.0,20.039999999999992,140.0,61.0,3.153842101318057,138.1,158.14,201,79.0,-35.0,0.39,139.31,13.0
07:37:36,140.0,82.0,337.14,21.0,137.0,88.0,506.0,12.0,197.14,170.0,33.0,122.54653128505932,140.0,337.14,203,137.0,103.0,0.67,140.0,2.0
07:37:37,140.0,34.0,171.71,14.0,137.0,64.0,244.4,10.0,31.710000000000008,98.0,24.0,119.9887455972435,140.0,171.71,122,74.0,-81.0,0.61,140.0,2.0
07:37:38,140.0,32.0,171.0,16.0,137.0,64.0,414.33,18.0,31.0,96.0,34.0,101.36370785443886,140.0,171.0,130,62.0,8.0,0.48,140.0,
07:37:39,140.0,68.0,171.0,16.0,137.0,64.0,373.0,8.0,31.0,132.0,24.0,76.05067803774028,140.0,171.0,156,108.0,26.0,0.69,140.0,
07:37:40,140.15,52.0,245.29,14.0,138.0,60.0,392.2,15.0,105.14,112.0,29.0,36.65650828979809,140.15,245.29,141,83.0,-15.0,0.59,140.0,
07:37:41,140.61,18.0,247.25,24.0,139.73,88.0,325.29,21.0,106.64,106.0,45.0,20.656832283775675,140.61,247.25,151,61.0,10.0,0.4,140.0,
07:37:42,141.0,11.0,184.87,23.0,140.0,110.0,195.64,28.0,43.870000000000005,121.0,51.0,19.601919038707333,141.0,184.87,172,70.0,21.0,0.41,140.0,
07:37:43,142.5,10.0,162.85,13.0,140.09,55.0,164.76,17.0,20.349999999999994,65.0,30.0,20.232366396445997,142.5,162.84999999999997,95,35.0,-77.0,0.37,140.0,
07:37:44,143.44,57.0,159.93,14.0,139.82,34.0,161.68,19.0,16.49000000000001,91.0,33.0,21.045727119775098,143.44,159.93,124,58.0,29.0,0.47,141.25,4.0
07:37:45,144.0,72.0,158.0,17.0,140.0,52.0,158.75,16.0,14.0,124.0,33.0,18.261737869108654,144.0,158.0,157,91.0,33.0,0.58,141.25,
07:37:46,143.72,68.0,154.77,13.0,141.15,78.0,156.42,26.0,11.050000000000011,146.0,39.0,5.415803726136771,143.72,154.77,185,107.0,28.0,0.58,145.0,2.0
07:37:47,145.0,24.0,151.67,9.0,143.0,52.0,153.13,15.0,6.669999999999988,76.0,24.0,1.7757054936100098,145.0,151.67,100,52.0,-85.0,0.52,145.0,
07:37:48,145.0,24.0,149.5,16.0,143.0,72.0,151.0,8.0,4.5,96.0,24.0,1.8372125625622957,145.0,149.5,120,72.0,20.0,0.6,145.0,
07:37:49,145.0,33.0,147.05,19.0,143.0,108.0,148.65,17.0,2.050000000000012,141.0,36.0,1.8977223190015495,145.0,147.05,177,105.0,57.0,0.59,145.0,1.0
07:37:50,145.0,18.0,146.0,9.0,143.0,81.0,147.0,18.0,1.0,99.0,27.0,1.5552652507005245,145.0,146.0,126,72.0,-51.0,0.57,145.0,
07:37:51,143.0,42.0,145.4,10.0,141.0,7.0,146.73,11.0,2.4000000000000057,49.0,21.0,1.592096102638441,143.0,145.4,70,28.0,-56.0,0.4,143.8,5.0
07:37:52,142.84,49.0,144.29,14.0,140.15,52.0,160.94,34.0,1.4499999999999886,101.0,48.0,1.467368392748191,142.84,144.29,149,53.0,79.0,0.36,143.0,3.0
07:37:53,142.65,17.0,144.0,10.0,140.31,48.0,172.0,50.0,1.3499999999999943,65.0,60.0,1.1942026628827909,142.65,144.0,125,5.0,-24.0,0.04,143.0,
07:37:54,143.0,16.0,174.34,29.0,141.0,36.0,245.74,46.0,31.340000000000003,52.0,75.0,6.550618291431468,143.0,174.33999999999995,127,-23.0,2.0,-0.18,143.0,1.0
07:37:55,140.77,43.0,150.55,53.0,139.23,52.0,189.12,49.0,9.78,95.0,102.0,6.541538045447458,140.77,150.55,197,-7.0,70.0,-0.04,140.8,5.0
07:37:56,140.0,48.0,141.44,27.0,139.0,9.0,210.11,36.0,1.4399999999999975,57.0,63.0,7.087205373067475,140.0,141.44,120,-6.0,-77.0,-0.05,140.0,4.0
07:37:57,140.0,36.0,141.0,27.0,139.0,9.0,197.33,36.0,1.0,45.0,63.0,7.511656275418653,140.0,141.0,108,-18.0,-12.0,-0.17,140.0,
07:37:58,140.0,44.0,141.0,33.0,139.0,11.0,266.78,46.0,1.0,55.0,79.0,7.840637729166959,140.0,141.0,134,-24.0,26.0,-0.18,140.0,
07:37:59,139.89,27.0,371.18,40.0,138.21,28.0,576.54,37.0,231.29,55.0,77.0,50.88924562223376,139.89,371.18,132,-22.0,-2.0,-0.17,140.43,7.0
07:38:00,139.0,77.0,274.53,38.0,138.0,132.0,401.82,50.0,135.52999999999997,209.0,88.0,52.519427072275256,139.0,274.53,297,121.0,165.0,0.41,140.43,
07:38:01,139.0,49.0,241.86,42.0,138.0,132.0,302.95,37.0,102.86,181.0,79.0,48.53543993825584,139.0,241.86,260,102.0,-37.0,0.39,139.0,4.0
07:38:02,138.57,47.0,219.0,33.0,137.74,146.0,431.72,47.0,80.43,193.0,80.0,41.994908858098974,138.57,219.0,273,113.0,13.0,0.41,138.6,5.0
07:38:03,138.01,111.0,217.25,36.0,137.05,219.0,271.75,40.0,79.24000000000001,330.0,76.0,32.227459099346326,138.01,217.25,406,254.0,133.0,0.63,138.6,
07:38:04,138.09,74.0,176.85,39.0,137.25,161.0,212.56,34.0,38.75999999999999,235.0,73.0,18.131541026620912,138.09,176.85,308,162.0,-98.0,0.53,138.6,
07:38:05,139.88,48.0,151.14,28.0,137.51,117.0,256.89,36.0,11.259999999999993,165.0,64.0,18.094343867629885,139.88,151.14,229,101.0,-79.0,0.44,138.6,
07:38:06,138.59,102.0,148.79,42.0,137.17,230.0,248.36,56.0,10.199999999999989,332.0,98.0,16.914110085961763,138.59,148.79,430,234.0,177.5,0.54,141.75,4.0
07:38:07,138.05,44.0,144.75,24.0,137.04,139.0,179.54,26.0,6.699999999999989,183.0,50.0,15.032098988498992,138.05,144.75,233,133.0,-178.5,0.57,138.0,3.0
07:38:08,138.96,23.0,143.38,24.0,137.24,100.0,146.0,24.0,4.419999999999988,123.0,48.0,6.736291264489077,138.96,143.38,171,75.0,-62.0,0.44,138.8,5.0
07:38:09,140.0,18.0,143.0,18.0,137.0,114.0,146.0,18.0,3.0,132.0,36.0,1.8931798646804483,140.0,143.0,168,96.0,-3.0,0.57,138.8,
07:38:10,140.0,27.0,143.0,13.0,137.0,171.0,146.0,27.0,3.0,198.0,40.0,1.036276990013475,140.0,143.0,238,158.0,70.0,0.66,143.0,2.0
07:38:11,137.05,190.0,141.43,28.0,122.1,30.0,142.2,20.0,4.379999999999996,220.0,48.0,0.9720185183581892,137.05,141.43,268,172.0,30.0,0.64,138.8,5.0
07:38:12,137.0,136.0,139.61,18.0,94.0,8.0,307.06,18.0,2.6100000000000136,144.0,36.0,1.4757133868170809,137.0,139.61,180,108.0,-88.0,0.6,138.75,4.0
07:38:13,137.39,61.0,404.33,30.0,133.16,45.0,606.94,33.0,266.94,106.0,63.0,58.47767881850334,137.39,404.33,169,43.0,-11.0,0.25,138.75,
07:38:14,145.0,7.0,314.0,29.0,139.71,28.0,533.03,33.0,169.0,35.0,62.0,62.27383816660121,145.0,314.0,97,-27.0,-72.0,-0.28,138.75,
07:38:15,142.07,15.0,316.57,42.0,139.15,41.0,383.69,39.0,174.5,56.0,81.0,59.66161060514575,142.07,316.57,137,-25.0,40.0,-0.18,142.0,4.0
07:38:16,142.85,13.0,305.6,20.0,140.67,6.0,413.5,24.0,162.75000000000003,19.0,44.0,48.58698303043772,142.85,305.6,63,-25.0,-74.0,-0.4,142.0,
07:38:17,143.0,21.0,370.77,31.0,141.0,7.0,467.13,30.0,227.77,28.0,61.0,20.54049463864118,143.0,370.77,89,-33.0,26.0,-0.37,142.0,
07:38:18,143.0,7.0,154.0,20.0,141.0,5.0,516.25,24.0,11.0,12.0,44.0,40.74699350872457,143.0,154.0,56,-32.0,-33.0,-0.57,143.0,2.0
07:38:19,143.0,6.0,153.29,14.0,141.0,6.0,271.0,24.0,10.289999999999992,12.0,38.0,50.03612574930277,143.0,153.29,50,-26.0,-6.0,-0.52,143.0,
07:38:20,143.0,5.0,150.23,22.0,141.0,5.0,151.31,13.0,7.22999999999999,10.0,35.0,52.13204455994448,143.0,150.23,45,-25.0,-5.0,-0.56,143.0,
07:38:21,139.09,44.0,148.7,50.0,137.97,33.0,150.0,20.0,9.609999999999983,77.0,70.0,49.27265844258896,139.09,148.7,147,7.0,102.0,0.05,140.8,5.0
07:38:22,139.0,67.0,146.97,36.0,138.0,36.0,148.04,27.0,7.969999999999999,103.0,63.0,2.483338478747944,139.0,146.97,166,40.0,19.0,0.24,139.0,2.0
07:38:23,139.0,41.0,144.14,21.0,138.0,32.0,145.14,28.0,5.139999999999986,73.0,49.0,2.6844869156004343,139.0,144.14,122,24.0,-44.0,0.2,140.8,5.0
07:38:24,139.0,23.0,142.0,7.0,138.0,28.0,145.0,28.0,3.0,51.0,35.0,2.3490487436470406,139.0,142.0,86,16.0,-36.0,0.19,139.0,1.0
07:38:25,139.0,30.0,141.06,34.0,138.0,40.0,143.5,16.0,2.0600000000000023,70.0,50.0,1.635686400270395,139.0,141.06,120,20.0,34.0,0.17,139.0,
07:38:26,139.0,36.0,140.8,15.0,138.0,24.0,175.33,18.0,1.8000000000000114,60.0,33.0,1.29285343331307,139.0,140.8,93,27.0,-27.0,0.29,140.0,1.0
07:38:27,139.0,64.0,167.11,27.0,138.0,36.0,284.56,36.0,28.110000000000014,100.0,63.0,5.655278065668363,139.0,167.11,163,37.0,70.0,0.23,139.75,4.0
07:38:28,139.0,28.0,174.71,14.0,138.0,16.0,186.56,18.0,35.71000000000001,44.0,32.0,8.228906367193035,139.0,174.71,76,12.0,-87.0,0.16,139.75,
07:38:29,139.0,43.0,173.29,14.0,138.0,28.0,202.56,32.0,34.28999999999999,71.0,46.0,8.548650185849832,139.0,173.29,117,25.0,41.0,0.21,139.0,3.0
07:38:30,142.58,76.0,172.0,12.0,138.67,24.0,361.0,24.0,29.419999999999987,100.0,36.0,7.317178417944359,142.58,172.0,136,64.0,19.0,0.47,143.0,4.0
07:38:31,143.0,95.0,169.5,16.0,139.0,32.0,588.53,34.0,26.5,127.0,50.0,1.6656380159059856,143.0,169.5,177,77.0,41.0,0.44,143.0,5.0
07:38:32,143.1,42.0,169.0,12.0,141.22,36.0,334.67,18.0,25.90000000000001,78.0,30.0,0.5354157263578785,143.1,169.0,108,48.0,-69.0,0.44,145.0,1.0
07:38:33,143.0,50.0,168.8,10.0,139.0,20.0,282.57,14.0,25.80000000000001,70.0,24.0,0.5539223772617319,143.0,168.8,94,46.0,-14.0,0.49,145.0,
07:38:34,143.0,40.0,167.2,10.0,139.0,20.0,481.0,13.0,24.19999999999999,60.0,23.0,0.7873182330107971,143.0,167.2,83,37.0,-11.0,0.45,143.0,5.0
07:38:35,143.0,25.0,165.6,10.0,139.0,20.0,221.0,5.0,22.599999999999994,45.0,15.0,0.8097839218156248,143.0,165.6,60,30.0,-23.0,0.5,143.0,
07:38:36,143.0,50.0,165.0,14.0,139.0,28.0,221.0,7.0,22.0,78.0,21.0,0.9203260292043078,143.0,165.0,99,57.0,39.0,0.58,143.0,
07:38:37,143.0,45.0,163.8,30.0,139.91,44.0,168.88,25.0,20.80000000000001,89.0,55.0,0.976217188965036,143.0,163.8,144,34.0,45.0,0.24,143.0,
07:38:38,143.0,50.0,160.19,26.0,140.0,50.0,162.32,44.0,17.189999999999998,100.0,70.0,1.3141537200915758,143.0,160.19,170,30.0,26.0,0.18,143.0,
07:38:39,143.0,71.0,154.26,66.0,140.0,75.0,156.08,39.0,11.259999999999993,146.0,105.0,2.34637592896579,143.0,154.26,251,41.0,81.0,0.16,143.0,1.0
07:38:40,143.0,31.0,152.03,39.0,140.0,45.0,153.17,24.0,9.03,76.0,63.0,2.868496121668906,143.0,152.03,139,13.0,-112.0,0.09,143.0,1.0
07:38:41,143.0,17.0,150.3,20.0,140.0,45.0,151.54,35.0,7.300000000000011,62.0,55.0,2.847923805165611,143.0,150.3,117,7.0,-22.0,0.06,143.0,2.0
07:38:42,140.86,42.0,145.78,45.0,139.36,168.0,146.82,56.0,4.919999999999988,210.0,101.0,3.011356837046743,140.86,145.78,311,109.0,177.5,0.35,143.0,1.0
07:38:43,140.0,61.0,141.91,44.0,139.0,270.0,142.6,57.0,1.9099999999999968,331.0,101.0,3.18495211895365,140.0,141.91,432,230.0,121.0,0.53,140.17,6.0
07:38:44,139.0,180.0,141.85,41.0,138.0,10.0,329.4,48.0,2.8499999999999943,190.0,89.0,3.224611604523348,139.0,141.85,279,101.0,-153.0,0.36,141.0,2.0
07:38:45,139.0,90.0,142.0,25.0,138.0,5.0,359.21,19.0,3.0,95.0,44.0,2.669166536585165,139.0,142.0,139,51.0,-140.0,0.37,141.0,
07:38:46,139.0,162.0,141.11,45.0,138.0,9.0,293.0,35.0,2.1100000000000136,171.0,80.0,1.3067019553155446,139.0,141.11,251,91.0,112.0,0.36,141.0,
07:38:47,139.15,155.0,197.21,57.0,138.71,38.0,408.32,65.0,58.06,193.0,122.0,12.38961783107242,139.15,197.21,315,71.0,64.0,0.23,139.0,9.0
07:38:48,143.0,12.0,174.0,18.0,139.57,42.0,246.69,29.0,31.0,54.0,47.0,13.060581150930044,143.0,174.0,101,7.0,-178.5,0.07,139.0,
07:38:49,143.0,14.0,174.0,21.0,140.0,42.0,449.88,32.0,31.0,56.0,53.0,12.394721457137743,143.0,174.0,109,3.0,8.0,0.03,139.0,
07:38:50,142.36,28.0,276.69,29.0,139.88,75.0,397.36,44.0,134.32999999999998,103.0,73.0,25.88240174327022,142.36,276.69,176,30.0,67.0,0.17,143.0,2.0
07:38:51,140.0,39.0,259.73,33.0,138.29,31.0,476.93,30.0,119.73000000000002,70.0,63.0,24.104686681225346,140.0,259.73,133,7.0,-43.0,0.05,140.0,5.0
07:38:52,140.0,11.0,281.64,42.0,138.38,21.0,521.41,27.0,141.64,32.0,69.0,26.755627445456145,140.0,281.64,101,-37.0,-32.0,-0.37,140.0,
07:38:53,140.0,29.0,319.45,20.0,139.0,24.0,369.71,28.0,179.45,53.0,48.0,26.453126091259087,140.0,319.45,101,5.0,0.0,0.05,140.0,2.0
07:38:54,140.68,44.0,226.82,28.0,139.17,24.0,251.57,23.0,86.13999999999999,68.0,51.0,16.79530827344513,140.68,226.82,119,17.0,18.0,0.14,140.0,2.0
07:38:55,145.0,27.0,180.0,9.0,140.0,17.0,182.0,27.0,35.0,44.0,36.0,25.66631255167073,145.0,180.0,80,8.0,-39.0,0.1,140.0,
07:38:56,145.0,30.0,177.61,28.0,140.2,10.0,179.28,18.0,32.610000000000014,40.0,46.0,30.12234917797825,145.0,177.61,86,-6.0,6.0,-0.07,140.0,
07:38:57,143.97,34.0,175.53,60.0,140.56,18.0,177.0,15.0,31.56,52.0,75.0,29.79247942014969,143.97,175.53,127,-23.0,41.0,-0.18,144.75,4.0
07:38:58,141.0,16.0,174.75,28.0,140.0,8.0,176.0,11.0,33.75,24.0,39.0,10.603689452263133,141.0,174.75,63,-15.0,-64.0,-0.24,144.75,
07:38:59,141.0,24.0,169.61,23.0,140.0,12.0,170.89,27.0,28.610000000000014,36.0,50.0,2.848171343166343,141.0,169.61,86,-14.0,23.0,-0.16,144.75,
07:39:00,141.36,22.0,165.0,23.0,140.47,17.0,166.6,35.0,23.639999999999983,39.0,58.0,3.284344683499761,141.36,165.0,97,-19.0,11.0,-0.2,142.0,2.0
07:39:01,140.23,13.0,161.47,38.0,139.23,13.0,162.42,36.0,21.24000000000001,26.0,74.0,3.5606698807994284,140.23,161.47,100,-48.0,3.0,-0.48,140.0,3.0
07:39:02,138.03,29.0,153.18,17.0,135.81,52.0,156.96,26.0,15.150000000000006,81.0,43.0,4.674957753823121,138.03,153.18,124,38.0,24.0,0.31,138.5,2.0
07:39:03,139.0,26.0,147.91,22.0,137.0,98.0,149.58,24.0,8.909999999999997,124.0,46.0,5.014505957722029,139.0,147.91,170,78.0,46.0,0.46,138.5,
07:39:04,139.06,17.0,143.62,26.0,137.07,58.0,144.6,25.0,4.560000000000002,75.0,51.0,4.987988572563941,139.06,143.62,126,24.0,-44.0,0.19,138.5,
07:39:05,139.0,20.0,142.61,28.0,137.0,70.0,143.85,39.0,3.6100000000000136,90.0,67.0,4.0710011053827175,139.0,142.61,157,23.0,31.0,0.15,140.0,1.0
07:39:06,139.0,21.0,140.26,27.0,137.0,91.0,141.78,27.0,1.259999999999991,112.0,54.0,2.371145292896739,139.0,140.26,166,58.0,9.0,0.35,139.67,3.0
07:39:07,137.0,89.0,139.84,19.0,120.0,40.0,140.57,14.0,2.8400000000000034,129.0,33.0,1.8921865658612291,137.0,139.84,162,96.0,-4.0,0.59,139.0,1.0
07:39:08,137.16,38.0,145.67,21.0,121.0,35.0,212.79,28.0,8.509999999999991,73.0,49.0,1.2791598805565851,137.16,145.67,122,24.0,-40.0,0.2,137.25,8.0
07:39:09,140.0,20.0,214.05,44.0,138.2,10.0,331.0,32.0,74.05000000000001,30.0,76.0,16.566397616863764,140.0,214.05,106,-46.0,-16.0,-0.43,137.25,
07:39:10,140.0,16.0,216.66,65.0,139.0,14.0,229.31,64.0,76.66,30.0,129.0,20.766460218343276,140.0,216.66,159,-99.0,53.0,-0.62,140.0,1.0
07:39:11,140.38,8.0,159.38,40.0,139.38,8.0,161.0,32.0,19.0,16.0,72.0,19.330852800640606,140.38,159.38,88,-56.0,-71.0,-0.64,140.0,
07:39:12,136.05,19.0,155.87,75.0,130.11,19.0,179.71,62.0,19.819999999999997,38.0,137.0,17.747122301940543,136.05,155.87,175,-99.0,87.0,-0.57,139.25,4.0
07:39:13,135.64,44.0,146.54,46.0,129.98,47.0,155.73,55.0,10.900000000000006,91.0,101.0,17.824657920982254,135.64,146.54,192,-10.0,17.0,-0.05,134.0,1.0
07:39:14,138.53,53.0,140.75,60.0,137.5,70.0,142.12,59.0,2.219999999999999,123.0,119.0,15.818032431375006,138.53,140.75,242,4.0,50.0,0.02,139.0,4.0
07:39:15,137.5,56.0,138.94,50.0,132.2,50.0,150.54,46.0,1.4399999999999975,106.0,96.0,4.844411212936713,137.5,138.94,202,10.0,-40.0,0.05,138.0,5.0
07:39:16,137.06,68.0,274.5,16.0,105.17,24.0,267.9,39.0,137.44,92.0,55.0,29.01551688321325,137.06,274.5,147,37.0,-55.0,0.25,137.0,7.0
07:39:17,108.44,9.0,180.75,32.0,97.81,16.0,613.0,32.0,72.31,25.0,64.0,29.117540761541544,108.44,180.75,89,-39.0,-58.0,-0.44,137.5,4.0
07:39:24,131.29,34.0,135.44,9.0,125.53,17.0,136.76,21.0,4.150000000000006,51.0,30.0,13.02432455062496,131.29,135.44,81,21.0,-18.0,0.26,135.5,2.0
07:39:25,132.0,40.0,136.52,33.0,92.9,30.0,235.17,35.0,4.52000000000001,70.0,68.0,16.467025535900955,132.0,136.52,138,2.0,57.0,0.01,133.0,1.0
07:39:26,133.0,16.0,137.0,20.0,121.0,20.0,361.0,8.0,4.0,36.0,28.0,16.249685227721095,133.0,137.0,64,8.0,-74.0,0.12,133.0,
07:39:27,136.56,34.0,238.93,28.0,125.64,50.0,357.79,38.0,102.37,84.0,66.0,28.57706807914392,136.56,238.93,150,18.0,86.0,0.12,138.5,8.0
07:39:28,137.7,10.0,312.9,20.0,132.58,24.0,515.64,28.0,175.2,34.0,48.0,41.77676483405625,137.7,312.9,82,-14.0,-68.0,-0.17,137.33,3.0
07:39:29,137.57,7.0,420.43,14.0,111.8,5.0,516.82,11.0,282.86,12.0,25.0,61.80333162540717,137.57,420.43,37,-13.0,-45.0,-0.35,137.33,
07:39:40,122.57,53.0,205.18,11.0,113.56,45.0,387.64,11.0,82.61000000000001,98.0,22.0,19.780953718160585,122.57,205.18,120,76.0,69.0,0.63,139.0,6.0
07:39:41,140.0,16.0,261.1,20.0,139.0,56.0,378.71,14.0,121.10000000000002,72.0,34.0,36.43753449398055,140.0,261.1,106,38.0,-14.0,0.36,139.0,
07:39:42,144.29,14.0,261.0,15.0,139.53,15.0,381.0,9.0,116.71,29.0,24.0,40.66655874302661,144.29,261.0,53,5.0,-53.0,0.09,139.0,
07:39:43,144.35,31.0,261.0,39.0,139.82,22.0,298.74,23.0,116.65,53.0,62.0,36.03826785515706,144.35,261.0,115,-9.0,62.0,-0.08,143.75,4.0
07:39:44,140.0,8.0,259.5,30.0,139.0,8.0,268.75,16.0,119.5,16.0,46.0,16.83539337229927,140.0,259.5,62,-30.0,-53.0,-0.48,143.75,
07:39:45,140.23,13.0,256.11,45.0,139.09,11.0,256.84,43.0,115.88000000000002,24.0,88.0,1.9360449375113105,140.23,256.11,112,-64.0,50.0,-0.57,143.75,
07:39:46,141.09,22.0,252.88,24.0,140.3,10.0,256.0,40.0,111.79,32.0,64.0,2.582349705222477,141.09,252.88,96,-32.0,-16.0,-0.33,143.75,
07:39:47,141.35,17.0,244.98,45.0,140.56,16.0,249.04,28.0,103.63,33.0,73.0,3.508938585963153,141.35,244.98,106,-40.0,10.0,-0.38,142.0,2.0
07:39:48,141.0,18.0,223.08,25.0,140.0,9.0,232.84,31.0,82.08000000000001,27.0,56.0,7.124954034943506,141.0,223.08,83,-29.0,-23.0,-0.35,142.0,
07:39:49,142.71,70.0,204.52,60.0,140.83,29.0,206.23,70.0,61.81,99.0,130.0,10.605848858061927,142.71,204.52,229,-31.0,146.0,-0.14,142.0,
07:39:50,143.0,15.0,203.0,20.0,141.0,8.0,204.0,16.0,60.0,23.0,36.0,11.00990554001484,143.0,203.0,59,-13.0,-170.0,-0.22,143.0,2.0
07:39:51,143.0,21.0,200.67,27.0,141.0,14.0,201.84,25.0,57.66999999999999,35.0,52.0,9.028076760863591,143.0,200.67,87,-17.0,28.0,-0.2,143.0,
07:39:52,143.0,22.0,197.21,38.0,141.0,16.0,198.2,30.0,54.21000000000001,38.0,68.0,4.62479729285959,143.0,197.21,106,-30.0,19.0,-0.28,143.0,1.0
07:39:53,142.57,7.0,197.0,20.0,140.71,7.0,198.0,16.0,54.43000000000001,14.0,36.0,1.700367607324781,142.57,197.0,50,-22.0,-56.0,-0.44,141.6,5.0
07:39:54,142.75,12.0,189.43,46.0,139.92,12.0,194.45,44.0,46.68000000000001,24.0,90.0,2.624819993835422,142.75,189.43,114,-66.0,64.0,-0.58,141.6,
07:39:55,143.0,7.0,182.04,23.0,140.55,11.0,183.48,23.0,39.03999999999999,18.0,46.0,3.741005212511261,143.0,182.04,64,-28.0,-50.0,-0.44,141.6,
07:39:56,143.0,16.0,179.18,49.0,141.0,39.0,181.29,41.0,36.18000000000001,55.0,90.0,4.106421800063244,143.0,179.18,145,-35.0,81.0,-0.24,141.6,
07:39:57,143.0,18.0,176.41,29.0,140.4,15.0,177.47,43.0,33.41,33.0,72.0,4.087383025853212,143.0,176.41000000000005,105,-39.0,-40.0,-0.37,141.6,
07:39:58,143.0,30.0,172.05,61.0,140.0,15.0,173.27,51.0,29.05000000000001,45.0,112.0,3.211546356512873,143.0,172.05,157,-67.0,52.0,-0.43,141.6,
07:39:59,143.0,32.0,166.56,50.0,140.0,16.0,168.25,56.0,23.56,48.0,106.0,3.0489555588806905,143.0,166.56,154,-58.0,-3.0,-0.38,141.6,
07:40:00,139.3,107.0,153.1,50.0,138.53,15.0,158.35,51.0,13.799999999999985,122.0,101.0,5.903664116464207,139.3,153.1,223,21.0,69.0,0.09,142.0,3.0
07:40:01,140.0,94.0,147.56,41.0,139.0,99.0,148.48,42.0,7.560000000000002,193.0,83.0,7.036676772456185,140.0,147.56,276,110.0,53.0,0.4,140.0,4.0
07:40:02,139.88,67.0,143.69,49.0,138.99,127.0,144.89,35.0,3.8100000000000014,194.0,84.0,6.944391982025606,139.88,143.69,278,110.0,2.0,0.4,142.32,19.0
07:40:03,139.0,6.0,143.0,4.0,138.0,2.0,145.0,2.0,4.0,8.0,6.0,5.558336081960032,139.0,143.0,14,2.0,-178.5,0.14,139.0,5.0
07:40:04,139.0,25.0,142.5,14.0,138.0,9.0,383.39,23.0,3.5,34.0,37.0,2.2878439632143905,139.0,142.5,71,-3.0,57.0,-0.04,139.0,1.0
07:40:05,139.0,40.0,142.1,20.0,138.0,8.0,295.0,25.0,3.0999999999999943,48.0,45.0,1.3200492415116976,139.0,142.1,93,3.0,22.0,0.03,139.0,
07:40:06,138.07,43.0,140.0,18.0,117.04,27.0,227.18,33.0,1.9300000000000068,70.0,51.0,1.0078591171462452,138.07,140.0,121,19.0,28.0,0.16,138.33,6.0
07:40:07,137.18,44.0,242.13,30.0,113.97,34.0,494.03,38.0,104.95,78.0,68.0,22.07331805597026,137.18,242.13,146,10.0,25.0,0.07,139.0,2.0
07:40:08,137.0,30.0,197.86,21.0,96.0,8.0,447.63,19.0,60.860000000000014,38.0,40.0,22.48085363147999,137.0,197.86,78,-2.0,-68.0,-0.03,139.0,
07:40:09,137.0,36.0,290.0,18.0,91.14,14.0,359.0,30.0,153.0,50.0,48.0,32.06169100343959,137.0,290.0,98,2.0,20.0,0.02,139.0,
07:40:10,137.14,21.0,290.0,12.0,113.67,21.0,301.0,20.0,152.86,42.0,32.0,31.90415756606105,137.14,290.0,74,10.0,-24.0,0.14,139.0,
07:40:11,138.0,18.0,235.0,22.0,137.0,36.0,340.19,26.0,97.0,54.0,48.0,19.648144187176,138.0,235.0,102,6.0,28.0,0.06,139.0,
07:40:12,127.41,29.0,147.0,28.0,121.62,34.0,157.55,22.0,19.590000000000003,63.0,50.0,32.45810022167116,127.41,147.0,113,13.0,11.0,0.12,137.33,9.0
07:40:13,122.29,14.0,145.26,38.0,94.97,37.0,343.0,32.0,22.969999999999985,51.0,70.0,39.4078082364402,122.29,145.26,121,-19.0,8.0,-0.16,137.33,
07:40:14,125.82,17.0,142.34,29.0,71.79,29.0,144.47,34.0,16.52000000000001,46.0,63.0,36.89842449211118,125.82,142.33999999999995,109,-17.0,-12.0,-0.16,127.0,3.0
07:40:21,128.0,12.0,136.88,17.0,63.0,8.0,222.43,7.0,8.879999999999995,20.0,24.0,11.839768578819298,128.0,136.88,44,-4.0,-59.0,-0.09,127.0,
07:40:27,120.11,9.0,288.0,41.0,125.0,5.0,424.41,32.0,167.89,14.0,73.0,50.42815651994436,120.11,288.0,87,-59.0,43.0,-0.68,127.0,
07:40:28,141.0,4.0,363.0,16.0,106.0,4.0,376.0,12.0,222.0,8.0,28.0,69.07363440561119,141.0,363.0,36,-20.0,-51.0,-0.56,127.0,
07:40:29,145.0,10.0,241.27,44.0,142.66,71.0,314.27,33.0,96.27,81.0,77.0,56.21973523594762,145.0,241.27,158,4.0,122.0,0.03,127.0,
07:40:30,145.0,7.0,178.26,34.0,143.0,56.0,281.0,11.0,33.25999999999999,63.0,45.0,36.629025785571486,145.0,178.26,108,18.0,-50.0,0.17,127.0,
07:40:31,145.0,11.0,263.26,54.0,143.0,94.0,336.0,25.0,118.26,105.0,79.0,32.450333896588305,145.0,263.26,184,26.0,76.0,0.14,127.0,
07:40:32,143.04,57.0,258.3,37.0,140.48,50.0,400.64,33.0,115.26000000000002,107.0,70.0,32.4578546734079,143.04,258.3,177,37.0,-7.0,0.21,145.0,1.0
07:40:33,143.0,96.0,153.94,54.0,140.0,72.0,202.81,48.0,10.939999999999998,168.0,102.0,25.004174051546848,143.0,153.94,270,66.0,93.0,0.24,145.0,
07:40:34,143.0,64.0,152.0,40.0,140.0,48.0,153.0,40.0,9.0,112.0,80.0,27.904307911145917,143.0,152.0,192,32.0,-78.0,0.17,145.0,
07:40:35,143.0,54.0,150.0,65.0,140.53,90.0,151.31,65.0,7.0,144.0,130.0,30.108371427229965,143.0,150.0,274,14.0,82.0,0.05,143.0,5.0
07:40:36,143.0,30.0,148.5,50.0,141.0,60.0,149.6,50.0,5.5,90.0,100.0,23.99930144816776,143.0,148.5,190,-10.0,-84.0,-0.05,143.0,
07:40:37,143.0,33.0,146.0,55.0,141.0,66.0,147.73,55.0,3.0,99.0,110.0,1.5357180730904922,143.0,146.0,209,-11.0,19.0,-0.05,143.0,
07:40:38,141.19,64.0,143.0,62.0,140.1,122.0,209.49,47.0,1.8100000000000025,186.0,109.0,2.086952323369062,141.19,143.0,295,77.0,86.0,0.26,141.86,7.0
07:40:39,140.33,30.0,142.0,50.0,139.82,98.0,283.68,38.0,1.6699999999999875,128.0,88.0,2.3032303401992302,140.33,142.0,216,40.0,-79.0,0.19,141.0,2.0
07:40:40,140.01,87.0,141.17,60.0,139.07,137.0,317.0,24.0,1.1599999999999966,224.0,84.0,2.215603755190229,140.01,141.17,308,140.0,92.0,0.45,140.25,4.0
07:40:41,139.2,80.0,174.34,32.0,138.89,72.0,335.7,23.0,35.140000000000015,152.0,55.0,6.733593394318914,139.2,174.34,207,97.0,-101.0,0.47,140.0,7.0
07:40:42,139.0,182.0,167.12,26.0,137.12,64.0,190.27,52.0,28.120000000000005,246.0,78.0,7.599557881878193,139.0,167.12,324,168.0,117.0,0.52,139.33,6.0
07:40:43,139.0,68.0,176.56,36.0,137.5,14.0,214.62,32.0,37.56,82.0,68.0,8.398846944671629,139.0,176.56,150,14.0,-174.0,0.09,139.0,5.0
07:40:44,141.0,36.0,182.27,44.0,139.43,53.0,224.72,29.0,41.27000000000001,89.0,73.0,8.078327178322484,141.0,182.27,162,16.0,12.0,0.1,139.0,
07:40:45,143.0,21.0,233.0,21.0,140.0,91.0,276.0,14.0,90.0,112.0,35.0,14.05971194584131,143.0,233.0,147,77.0,-15.0,0.52,139.0,
07:40:46,140.92,84.0,351.89,44.0,139.96,162.0,401.15,26.0,210.97,246.0,70.0,38.7945702386307,140.92,351.89,316,176.0,169.0,0.56,142.2,5.0
07:40:47,141.0,35.0,249.2,30.0,140.0,130.0,346.0,40.0,108.2,165.0,70.0,35.54277254238981,141.0,249.2,235,95.0,-81.0,0.4,141.0,5.0
07:40:48,141.0,8.0,244.26,23.0,140.0,104.0,338.7,23.0,103.26,112.0,46.0,30.79810838347164,141.0,244.26,158,66.0,-77.0,0.42,141.0,
07:40:49,141.0,8.0,226.1,20.0,140.0,104.0,315.11,18.0,85.1,112.0,38.0,25.687725278818878,141.0,226.1,150,74.0,-8.0,0.49,141.0,
07:40:50,140.02,106.0,217.61,23.0,139.36,72.0,251.19,26.0,77.59,178.0,49.0,27.14977661050029,140.02,217.61000000000004,227,129.0,77.0,0.57,141.0,1.0
07:40:51,140.0,91.0,214.41,17.0,139.0,35.0,216.33,18.0,74.41,126.0,35.0,8.066467628401824,140.0,214.41,161,91.0,-66.0,0.57,141.0,
07:40:52,140.16,62.0,211.88,24.0,139.62,105.0,213.71,21.0,71.72,167.0,45.0,6.77580843885442,140.16,211.88,212,122.0,51.0,0.58,141.0,
07:40:53,140.0,127.0,209.91,23.0,139.0,90.0,211.09,22.0,69.91,217.0,45.0,3.3609596843829257,140.0,209.91000000000005,262,172.0,50.0,0.66,141.0,
07:40:54,140.0,75.0,207.33,18.0,139.0,70.0,208.24,17.0,67.33000000000001,145.0,35.0,1.986285477982824,140.0,207.33,180,110.0,-82.0,0.61,140.0,5.0
07:40:55,140.45,66.0,204.58,24.0,139.56,135.0,206.0,36.0,64.13000000000002,201.0,60.0,1.855297819770245,140.45,204.58,261,141.0,81.0,0.54,141.25,4.0
07:40:56,140.0,62.0,192.35,20.0,139.0,80.0,196.82,17.0,52.35,142.0,37.0,3.860349725095129,140.0,192.35,179,105.0,-82.0,0.59,141.25,
07:40:57,140.0,34.0,189.0,5.0,139.0,50.0,190.0,15.0,49.0,84.0,20.0,4.706206540308216,140.0,189.0,104,64.0,-75.0,0.62,140.0,2.0
07:40:58,140.29,42.0,186.96,24.0,139.14,70.0,187.83,23.0,46.670000000000016,112.0,47.0,4.671136906582552,140.29,186.96,159,65.0,55.0,0.41,140.0,
07:40:59,141.05,43.0,183.0,15.0,140.15,41.0,184.2,20.0,41.94999999999999,84.0,35.0,4.062895519212306,141.05,183.0,119,49.0,-40.0,0.41,140.0,
07:41:00,142.38,39.0,180.0,36.0,140.84,64.0,180.72,25.0,37.620000000000005,103.0,61.0,1.9826295670228653,142.38,180.0,164,42.0,45.0,0.26,143.0,1.0
07:41:01,143.0,48.0,176.05,20.0,140.1,61.0,177.81,27.0,33.05000000000001,109.0,47.0,1.9674780812075137,143.0,176.05,156,62.0,-8.0,0.4,143.0,
07:41:02,140.49,74.0,169.08,53.0,139.11,133.0,169.84,37.0,28.590000000000003,207.0,90.0,3.3841645941103597,140.49,169.07999999999998,297,117.0,141.0,0.39,142.4,5.0
07:41:03,140.0,84.0,164.43,51.0,139.0,140.0,165.02,44.0,24.430000000000007,224.0,95.0,4.255604539901223,140.0,164.43,319,129.0,22.0,0.4,142.4,
07:41:04,140.0,66.0,159.11,38.0,139.0,110.0,159.86,28.0,19.110000000000014,176.0,66.0,4.880720233738599,140.0,159.11,242,110.0,-77.0,0.45,142.4,
07:41:05,140.0,90.0,154.48,58.0,139.0,150.0,155.44,39.0,14.47999999999999,240.0,97.0,4.767948196029679,140.0,154.48,337,143.0,95.0,0.42,142.4,
07:41:06,140.0,54.0,150.82,22.0,139.0,78.0,152.75,32.0,10.819999999999991,132.0,54.0,3.759554494886335,140.0,150.82,186,78.0,-151.0,0.42,142.4,
07:41:07,140.08,50.0,150.0,52.0,139.05,81.0,151.0,26.0,9.919999999999987,131.0,78.0,3.008316805128451,140.08,150.0,209,53.0,23.0,0.25,140.0,4.0
07:41:08,144.83,54.0,147.45,44.0,141.29,17.0,149.18,44.0,2.619999999999976,71.0,88.0,1.8127686007919324,144.83,147.45,159,-17.0,-50.0,-0.11,145.0,4.0
07:41:09,140.16,31.0,144.9,40.0,139.02,132.0,146.54,26.0,4.740000000000009,163.0,66.0,1.7477042083876435,140.16,144.9,229,97.0,70.0,0.42,145.0,1.0
07:41:10,139.07,108.0,143.74,46.0,137.46,164.0,144.57,28.0,4.670000000000016,272.0,74.0,2.028676908730139,139.07,143.74,346,198.0,117.0,0.57,139.8,5.0
07:41:11,139.0,94.0,217.5,32.0,137.85,192.0,333.43,46.0,78.5,286.0,78.0,15.531269426547864,139.0,217.5,364,208.0,18.0,0.57,139.0,8.0
07:41:12,138.05,78.0,274.49,37.0,137.23,146.0,368.58,38.0,136.44,224.0,75.0,28.610452635357422,138.05,274.49,299,149.0,-65.0,0.5,138.29,7.0
07:41:13,138.6,40.0,185.88,17.0,137.27,77.0,234.82,22.0,47.28,117.0,39.0,27.116802908898254,138.6,185.88,156,78.0,-143.0,0.5,138.29,
07:41:14,140.0,32.0,159.71,21.0,138.0,56.0,176.32,19.0,19.710000000000008,88.0,40.0,25.68143551283756,140.0,159.71,128,48.0,-28.0,0.38,138.29,
07:41:15,140.0,32.0,158.5,16.0,138.0,56.0,195.27,26.0,18.5,88.0,42.0,23.856674747332978,140.0,158.5,130,46.0,2.0,0.35,140.0,1.0
07:41:16,140.0,33.0,155.79,38.0,138.0,77.0,183.14,28.0,15.789999999999992,110.0,66.0,24.81356826415803,140.0,155.79,176,44.0,46.0,0.25,140.0,
07:41:17,140.0,27.0,152.8,30.0,138.0,63.0,155.0,24.0,12.800000000000011,90.0,54.0,6.353146464549748,140.0,152.8,144,36.0,-32.0,0.25,140.0,
07:41:18,140.07,28.0,149.67,30.0,138.05,79.0,151.19,42.0,9.599999999999994,107.0,72.0,2.048933869117812,140.07,149.67,179,35.0,35.0,0.2,140.0,1.0
07:41:19,140.22,18.0,148.0,18.0,138.34,47.0,149.0,36.0,7.780000000000001,65.0,54.0,2.1138542996188563,140.22,148.0,119,11.0,-60.0,0.09,141.0,2.0
07:41:20,142.57,28.0,146.17,24.0,139.75,32.0,147.09,22.0,3.5999999999999943,60.0,46.0,1.5909179740063082,142.57,146.17,106,14.0,-13.0,0.13,141.0,
07:41:21,143.08,59.0,145.17,47.0,141.07,84.0,146.76,50.0,2.089999999999975,143.0,97.0,0.9581127282401344,143.08,145.17,240,46.0,134.0,0.19,144.0,1.0
07:41:22,142.09,46.0,190.22,49.0,139.31,78.0,402.45,44.0,48.13,124.0,93.0,9.749595889062224,142.09,190.22000000000003,217,31.0,-23.0,0.14,143.0,6.0
07:41:23,141.0,42.0,393.33,15.0,140.0,28.0,496.3,47.0,252.33,70.0,62.0,53.39097227060058,141.0,393.33,132,8.0,-85.0,0.06,143.0,
07:41:24,141.0,33.0,390.17,12.0,140.0,22.0,392.86,21.0,249.17,55.0,33.0,63.52586693623362,141.0,390.17,88,22.0,-44.0,0.25,143.0,
07:41:25,144.37,83.0,384.73,22.0,139.47,30.0,387.12,16.0,240.36,113.0,38.0,61.0956804528772,144.37,384.7300000000001,151,75.0,63.0,0.5,143.29,7.0
07:41:26,145.0,90.0,360.15,20.0,141.67,18.0,363.54,24.0,215.15,108.0,44.0,43.45746805786204,145.0,360.15,152,64.0,1.0,0.42,143.29,
07:41:27,145.0,83.0,354.05,19.0,140.48,25.0,355.31,16.0,209.05,108.0,35.0,8.18537720573174,145.0,354.05,143,73.0,-9.0,0.51,145.0,4.0
07:41:28,145.0,60.0,351.88,16.0,140.0,30.0,352.61,23.0,206.88,90.0,39.0,8.300128312267788,145.0,351.88,129,51.0,-14.0,0.4,145.0,
07:41:29,145.0,30.0,345.6,5.0,140.0,11.0,351.89,9.0,200.6,41.0,14.0,7.440790952587334,145.0,345.6,55,27.0,-74.0,0.49,145.0,
07:41:30,145.0,76.0,269.53,19.0,141.68,38.0,289.56,25.0,124.52999999999996,114.0,44.0,18.82906662583397,145.0,269.53,158,70.0,103.0,0.44,145.0,1.0
07:41:31,145.0,55.0,206.24,25.0,140.0,22.0,210.07,15.0,61.24000000000001,77.0,40.0,32.84840939832672,145.0,206.24,117,37.0,-41.0,0.32,145.0,
07:41:32,145.0,35.0,203.11,19.0,140.0,14.0,207.0,9.0,58.110000000000014,49.0,28.0,36.07467366449855,145.0,203.11,77,21.0,-40.0,0.27,145.0,
07:41:33,145.0,55.0,200.29,21.0,140.0,22.0,202.23,13.0,55.28999999999999,77.0,34.0,31.60241573044774,145.0,200.29,111,43.0,34.0,0.39,145.0,
07:41:34,145.0,43.0,197.35,23.0,142.08,13.0,198.75,16.0,52.35,56.0,39.0,15.245683651448246,145.0,197.35,95,17.0,-16.0,0.18,145.0,2.0
07:41:35,145.0,30.0,193.57,14.0,143.0,14.0,194.89,18.0,48.56999999999999,44.0,32.0,2.460432888747336,145.0,193.57,76,12.0,-19.0,0.16,145.0,
07:41:36,145.0,15.0,167.36,14.0,143.0,9.0,185.76,21.0,22.360000000000014,24.0,35.0,7.199647908059526,145.0,167.36,59,-11.0,-17.0,-0.19,145.0,2.0
07:41:37,140.76,38.0,162.48,31.0,139.01,70.0,163.98,45.0,21.72,108.0,76.0,9.595538025562805,140.76,162.48,184,32.0,125.0,0.17,141.75,8.0
07:41:38,140.58,57.0,155.53,30.0,138.75,72.0,156.41,34.0,14.949999999999989,129.0,64.0,10.437252032983457,140.58,155.53,193,65.0,9.0,0.34,141.75,
07:41:39,140.11,63.0,152.29,17.0,138.41,102.0,153.47,34.0,12.179999999999978,165.0,51.0,9.21900211519734,140.11,152.29,216,114.0,23.0,0.53,141.75,
07:41:40,139.0,48.0,149.19,26.0,138.0,70.0,149.89,18.0,10.189999999999998,118.0,44.0,4.766583682262242,139.0,149.19,162,74.0,-54.0,0.46,141.75,
07:41:41,139.0,70.0,147.26,42.0,138.0,39.0,149.91,34.0,8.259999999999991,109.0,76.0,3.383063700258459,139.0,147.26,185,33.0,23.0,0.18,142.78,9.0
07:41:42,139.0,20.0,144.55,29.0,138.0,28.0,146.08,26.0,5.550000000000011,48.0,55.0,2.494008821156186,139.0,144.55,103,-7.0,-82.0,-0.07,142.78,
07:41:43,139.0,18.0,141.67,27.0,138.0,54.0,145.0,27.0,2.6699999999999875,72.0,54.0,2.237514245765519,139.0,141.67,126,18.0,23.0,0.14,142.78,
07:41:44,138.29,28.0,139.89,27.0,137.13,184.0,141.24,34.0,1.5999999999999943,212.0,61.0,2.0309677496214835,138.29,139.89,273,151.0,147.0,0.55,138.29,7.0
07:41:45,137.0,196.0,161.46,24.0,71.0,10.0,212.0,17.0,24.460000000000008,206.0,41.0,3.947166072007023,137.0,161.46,247,165.0,-26.0,0.67,138.4,5.0
07:41:46,139.73,66.0,261.88,16.0,133.79,38.0,315.5,8.0,122.15,104.0,24.0,26.32107387626905,139.73,261.88,128,80.0,-119.0,0.62,138.4,
07:41:47,143.0,102.0,416.2,25.0,137.0,192.0,505.62,29.0,273.2,294.0,54.0,60.27136426197799,143.0,416.2,348,240.0,177.5,0.69,143.0,5.0
07:41:48,143.1,42.0,422.56,9.0,137.59,102.0,594.0,9.0,279.46000000000004,144.0,18.0,68.83630836992977,143.1,422.56,162,126.0,-178.5,0.78,143.0,
07:41:49,143.44,9.0,253.0,10.0,138.82,33.0,437.0,2.0,109.56,42.0,12.0,57.72425339491254,143.44,253.0,54,30.0,-108.0,0.56,143.8,5.0
07:41:50,143.22,36.0,240.75,16.0,140.33,104.0,280.46,37.0,97.53,140.0,53.0,46.249785621125625,143.22,240.75,193,87.0,139.0,0.45,143.8,
07:41:51,144.0,8.0,398.25,8.0,143.0,56.0,547.22,9.0,254.25,64.0,17.0,45.57588254768184,144.0,398.25,81,47.0,-112.0,0.58,143.8,
07:41:52,144.0,4.0,399.25,4.0,143.0,28.0,510.0,4.0,255.25,32.0,8.0,44.1684687305332,144.0,399.25,40,24.0,-41.0,0.6,143.8,
07:41:53,144.0,3.0,437.0,3.0,143.0,21.0,510.0,3.0,293.0,24.0,6.0,45.98661979315386,144.0,437.0,30,18.0,-10.0,0.6,143.8,
07:41:54,143.06,32.0,164.16,19.0,141.74,38.0,422.1,10.0,21.099999999999994,70.0,29.0,59.5759428796564,143.06,164.16,99,41.0,69.0,0.41,143.2,5.0
07:41:55,143.0,24.0,215.0,8.0,141.0,24.0,246.0,16.0,72.0,48.0,24.0,62.18825532204678,143.0,215.0,72,24.0,-27.0,0.33,143.2,
07:41:56,143.0,21.0,228.78,9.0,141.0,21.0,253.33,12.0,85.78,42.0,21.0,60.85203718857787,143.0,228.78,63,21.0,-9.0,0.33,143.2,
07:41:57,143.0,33.0,243.82,11.0,141.0,33.0,246.0,22.0,100.82,66.0,33.0,52.49914446922015,143.0,243.82,99,33.0,36.0,0.33,143.2,
07:41:58,141.86,21.0,241.78,9.0,139.86,21.0,290.0,9.0,99.92,42.0,18.0,16.193224817806684,141.86,241.78,60,24.0,-39.0,0.4,142.5,4.0
07:41:59,141.0,12.0,240.09,11.0,139.0,12.0,244.67,6.0,99.09,24.0,17.0,5.825060514710319,141.0,240.09000000000003,41,7.0,-19.0,0.17,142.5,
07:42:00,141.4,15.0,228.26,19.0,139.25,16.0,230.23,13.0,86.85999999999999,31.0,32.0,3.755462687877252,141.4,228.26,63,-1.0,22.0,-0.02,142.5,
07:42:01,139.83,36.0,221.21,29.0,138.29,34.0,224.04,46.0,81.38,70.0,75.0,5.387646053708165,139.83,221.21,145,-5.0,82.0,-0.03,139.6,5.0
07:42:02,138.0,68.0,193.28,36.0,137.0,72.0,198.14,28.0,55.28,140.0,64.0,10.549003270453197,138.0,193.28,204,76.0,59.0,0.37,138.0,2.0
07:42:03,138.0,56.0,192.0,26.0,137.0,78.0,193.0,52.0,54.0,134.0,78.0,11.50952952991682,138.0,192.0,212,56.0,8.0,0.26,138.0,3.0
07:42:04,141.0,36.0,190.29,31.0,138.46,26.0,191.9,20.0,49.28999999999999,62.0,51.0,9.571226149246623,141.0,190.29,113,11.0,-99.0,0.1,138.0,
07:42:05,141.7,10.0,181.0,25.0,140.75,24.0,178.28,25.0,39.30000000000001,34.0,50.0,7.422733324053725,141.7,181.0,84,-16.0,-29.0,-0.19,138.0,
07:42:06,141.0,27.0,167.39,23.0,140.0,27.0,168.05,42.0,26.389999999999983,54.0,65.0,4.902996022842816,141.0,167.39,119,-11.0,35.0,-0.09,138.0,
07:42:07,141.0,21.0,164.75,8.0,140.0,21.0,166.11,19.0,23.75,42.0,27.0,5.97725104040394,141.0,164.75,69,15.0,-50.0,0.22,138.0,
07:42:08,143.86,133.0,159.78,45.0,140.89,54.0,160.13,69.0,15.919999999999987,187.0,114.0,6.025566363422394,143.86,159.78,301,73.0,177.5,0.24,144.0,1.0
07:42:09,144.0,112.0,154.15,65.0,141.1,50.0,155.4,47.0,10.150000000000006,162.0,112.0,4.587644275660887,144.0,154.15,274,50.0,-27.0,0.18,144.0,
07:42:10,144.0,98.0,149.7,37.0,141.31,48.0,151.33,46.0,5.699999999999989,146.0,83.0,2.9727899353976146,144.0,149.7,229,63.0,-45.0,0.28,144.0,
07:42:11,144.0,68.0,146.62,26.0,141.0,30.0,147.12,34.0,2.6200000000000045,98.0,60.0,3.204492159453609,144.0,146.62,158,38.0,-71.0,0.24,144.0,2.0
07:42:12,141.0,31.0,143.26,35.0,140.0,110.0,149.65,31.0,2.259999999999991,141.0,66.0,3.6792349748280055,141.0,143.26,207,75.0,49.0,0.36,143.5,6.0
07:42:13,140.53,19.0,142.57,14.0,139.89,53.0,261.2,10.0,2.039999999999992,72.0,24.0,3.174236916173027,140.53,142.57,96,48.0,-111.0,0.5,141.5,8.0
07:42:14,140.0,36.0,143.22,9.0,138.88,26.0,291.0,27.0,3.219999999999999,62.0,36.0,2.4366780665476035,140.0,143.22,98,26.0,2.0,0.27,140.0,5.0
07:42:15,140.0,24.0,367.93,14.0,139.0,18.0,480.55,22.0,227.93,42.0,36.0,49.80354023560991,140.0,367.93,78,6.0,-20.0,0.08,140.0,
07:42:17,142.53,51.0,451.0,18.0,138.4,15.0,578.64,22.0,308.47,66.0,40.0,97.00923579742336,142.53,451.0,106,26.0,-23.0,0.25,140.0,
07:42:18,143.0,142.0,197.2,30.0,139.0,20.0,397.3,30.0,54.19999999999999,162.0,60.0,90.44620074939628,143.0,197.2,222,102.0,116.0,0.46,143.0,2.0
07:42:19,143.0,117.0,197.0,27.0,139.0,18.0,431.07,41.0,54.0,135.0,68.0,82.92178917510222,143.0,197.0,203,67.0,-19.0,0.33,143.0,
07:42:20,143.0,130.0,196.1,30.0,139.75,32.0,362.02,40.0,53.1,162.0,70.0,90.31487169896263,143.0,196.1,232,92.0,29.0,0.4,143.0,2.0
07:42:21,143.0,99.0,193.44,27.0,140.0,36.0,316.53,43.0,50.44,135.0,70.0,56.93186963380039,143.0,193.44,205,65.0,-27.0,0.32,143.0,
07:42:22,144.6,47.0,191.44,27.0,142.62,63.0,253.48,23.0,46.84,110.0,50.0,0.9903130818175124,144.6,191.44,160,60.0,-45.0,0.38,143.0,
07:42:23,143.72,50.0,189.7,30.0,142.38,52.0,191.0,34.0,45.97999999999999,102.0,64.0,1.310095416379382,143.72,189.7,166,38.0,6.0,0.23,144.8,5.0
07:42:24,143.0,135.0,181.55,53.0,139.0,30.0,184.45,49.0,38.55000000000001,165.0,102.0,2.805250434456224,143.0,181.55000000000004,267,63.0,101.0,0.24,144.8,
07:42:25,143.0,99.0,176.77,47.0,139.0,22.0,181.44,41.0,33.77000000000001,121.0,88.0,3.744268954016938,143.0,176.77,209,33.0,-58.0,0.16,144.8,
07:42:26,143.0,75.0,178.9,30.0,139.0,20.0,184.0,50.0,35.900000000000006,95.0,80.0,3.599740268410179,143.0,178.9,175,15.0,-34.0,0.09,143.0,3.0
07:42:27,143.0,54.0,177.33,27.0,139.36,11.0,184.0,45.0,34.33000000000001,65.0,72.0,2.7929697456313964,143.0,177.33000000000004,137,-7.0,-38.0,-0.05,143.0,
07:42:28,143.0,72.0,275.16,32.0,140.74,27.0,383.63,41.0,132.16000000000005,99.0,73.0,21.60347541484983,143.0,275.16,172,26.0,35.0,0.15,143.0,
07:42:29,143.0,54.0,193.52,25.0,141.0,36.0,254.61,23.0,50.52000000000001,90.0,48.0,21.197338748060385,143.0,193.52,138,42.0,-34.0,0.3,143.0,
07:42:30,141.29,84.0,148.67,39.0,140.35,23.0,149.86,37.0,7.3799999999999955,107.0,76.0,24.11534304130918,141.29,148.67,183,31.0,45.0,0.17,143.0,
07:42:31,141.09,33.0,143.43,28.0,140.52,29.0,144.44,27.0,2.3400000000000034,62.0,55.0,26.9021300271933,141.09,143.43,117,7.0,-66.0,0.06,141.29,7.0
07:42:32,139.62,16.0,143.08,24.0,138.72,43.0,382.29,31.0,3.460000000000008,59.0,55.0,28.974866349993952,139.62,143.08,114,4.0,-3.0,0.04,141.0,8.0
07:42:33,141.31,26.0,242.5,24.0,138.73,44.0,287.85,41.0,101.19,70.0,65.0,22.071789687291066,141.31,242.5,135,5.0,21.0,0.04,144.0,2.0
07:42:34,139.0,36.0,260.12,32.0,138.0,26.0,451.5,40.0,121.12,62.0,72.0,29.11328562701252,139.0,260.12,134,-10.0,-1.0,-0.07,144.0,
07:42:35,139.0,28.0,167.0,21.0,138.0,34.0,278.14,35.0,28.0,62.0,56.0,28.00244953571053,139.0,167.0,118,6.0,-16.0,0.05,144.0,
07:42:36,139.86,14.0,218.27,26.0,138.63,38.0,297.12,40.0,78.41,52.0,66.0,25.005431010083026,139.86,218.27,118,-14.0,0.0,-0.12,144.0,
07:42:37,139.0,20.0,316.0,35.0,138.0,49.0,377.0,35.0,177.0,69.0,70.0,27.33920774272798,139.0,316.0,139,-1.0,21.0,-0.01,139.0,2.0
07:42:38,139.0,12.0,366.83,30.0,138.0,42.0,458.82,22.0,227.83,54.0,52.0,39.29205161352672,139.0,366.83,106,2.0,-33.0,0.02,139.0,
07:42:39,139.0,18.0,222.0,40.0,138.0,56.0,430.25,40.0,83.0,74.0,80.0,40.54211982617639,139.0,222.0,154,-6.0,48.0,-0.04,139.0,
07:42:40,139.0,20.0,397.0,21.0,138.0,35.0,481.3,23.0,258.0,55.0,44.0,40.82760683655197,139.0,397.0,99,11.0,-55.0,0.11,139.0,
07:42:41,139.0,22.0,355.29,14.0,138.0,42.0,495.5,30.0,216.29,64.0,44.0,33.85181413159534,139.0,355.29,108,20.0,9.0,0.19,139.0,
07:42:42,138.71,48.0,176.18,11.0,132.6,68.0,363.64,55.0,37.47,116.0,66.0,48.96385013456423,138.71,176.18,182,50.0,74.0,0.27,139.0,6.0
07:42:43,141.04,25.0,190.9,50.0,136.28,39.0,302.81,26.0,49.860000000000014,64.0,76.0,50.304861295903095,141.04,190.9,140,-12.0,-42.0,-0.09,139.0,
07:42:44,144.0,18.0,192.0,45.0,140.0,18.0,352.22,45.0,48.0,36.0,90.0,52.03392230074576,144.0,192.0,126,-54.0,-14.0,-0.43,139.0,
07:42:45,142.44,16.0,168.0,55.0,139.11,27.0,192.0,55.0,25.56,43.0,110.0,38.611635940478166,142.44,168.0,153,-67.0,27.0,-0.44,141.4,5.0
07:42:46,139.88,8.0,180.0,40.0,138.02,50.0,194.5,40.0,40.120000000000005,58.0,80.0,5.484891065464282,139.88,180.0,138,-22.0,-15.0,-0.16,141.4,
07:42:47,142.6,20.0,192.0,50.0,138.03,58.0,497.0,50.0,49.400000000000006,78.0,100.0,5.518014135539317,142.6,192.0,178,-22.0,40.0,-0.12,141.4,
07:42:48,145.0,54.0,189.9,41.0,139.0,9.0,191.5,40.0,44.900000000000006,63.0,81.0,5.733473641695053,145.0,189.9,144,-18.0,-34.0,-0.12,141.4,
07:42:49,145.0,81.0,182.31,58.0,139.0,13.0,185.41,59.0,37.31,94.0,117.0,5.20122870099087,145.0,182.31,211,-23.0,67.0,-0.11,141.4,
07:42:50,144.71,52.0,178.64,44.0,143.67,45.0,180.74,46.0,33.92999999999998,97.0,90.0,3.3474064587397026,144.71,178.64,187,7.0,-24.0,0.04,144.88,8.0
07:42:51,144.0,50.0,177.0,50.0,142.79,19.0,179.0,40.0,33.0,69.0,90.0,3.1827550958269413,144.0,177.0,159,-21.0,-28.0,-0.13,144.88,
07:42:52,144.0,20.0,177.0,35.0,143.0,14.0,179.0,28.0,33.0,34.0,63.0,2.9244366978977507,144.0,177.0,97,-29.0,-62.0,-0.3,144.0,3.0
07:42:53,144.0,16.0,173.57,30.0,143.0,16.0,175.26,38.0,29.569999999999997,32.0,68.0,1.7993387674391674,144.0,173.57,100,-36.0,3.0,-0.36,144.0,
07:42:54,144.0,22.0,149.07,41.0,143.0,22.0,160.33,18.0,5.069999999999993,44.0,59.0,6.266994494971756,144.0,149.07,103,-15.0,3.0,-0.15,144.0,
07:42:55,143.25,24.0,145.19,42.0,139.73,33.0,146.1,42.0,1.9399999999999975,57.0,84.0,8.040368150775377,143.25,145.19,141,-27.0,38.0,-0.19,144.0,2.0
07:42:56,139.47,34.0,143.23,35.0,138.09,66.0,144.2,35.0,3.759999999999991,100.0,70.0,8.76291161658039,139.47,143.23,170,30.0,29.0,0.18,143.0,2.0
07:42:57,137.25,65.0,141.65,54.0,118.0,53.0,143.75,51.0,4.400000000000006,118.0,105.0,7.604115333159771,137.25,141.65,223,13.0,53.0,0.06,138.5,6.0
07:42:58,137.06,33.0,140.46,35.0,125.92,52.0,201.66,41.0,3.4000000000000057,85.0,76.0,3.276511864772008,137.06,140.46,161,9.0,-62.0,0.06,137.0,3.0
07:42:59,139.64,33.0,141.27,60.0,137.41,22.0,227.48,27.0,1.630000000000024,55.0,87.0,2.126906203853529,139.64,141.27,142,-32.0,-19.0,-0.23,140.0,3.0
07:43:00,139.25,8.0,161.68,25.0,137.36,14.0,245.62,16.0,22.430000000000007,22.0,41.0,4.783302206634217,139.25,161.68,63,-19.0,-79.0,-0.3,140.0,1.0
07:43:01,138.9,50.0,244.0,24.0,137.17,18.0,245.0,8.0,105.1,68.0,32.0,22.49877063308128,138.9,244.0,100,36.0,37.0,0.36,140.0,
07:43:02,131.81,63.0,198.5,24.0,121.05,66.0,248.11,18.0,66.69,129.0,42.0,21.806755375341947,131.81,198.5,171,87.0,71.0,0.51,137.25,4.0
07:43:03,139.15,47.0,191.38,24.0,130.0,100.0,275.62,24.0,52.22999999999999,147.0,48.0,19.259090840431934,139.15,191.38,195,99.0,24.0,0.51,137.25,
07:43:04,140.18,34.0,189.5,42.0,139.18,98.0,326.83,36.0,49.31999999999999,132.0,78.0,14.8426523909985,140.18,189.5,210,54.0,15.0,0.26,141.0,1.0
07:43:05,140.0,27.0,188.56,27.0,139.0,90.0,330.0,9.0,48.56,117.0,36.0,11.887435804243736,140.0,188.56,153,81.0,-57.0,0.53,141.0,
07:43:06,139.22,41.0,184.86,21.0,101.96,79.0,231.0,13.0,45.640000000000015,120.0,34.0,1.326906176039203,139.22,184.86,154,86.0,1.0,0.56,139.6,5.0
07:43:07,139.0,88.0,185.45,33.0,57.91,44.0,289.28,18.0,46.44999999999999,132.0,51.0,1.498465882164314,139.0,185.45,183,81.0,29.0,0.44,139.6,
07:43:08,139.0,56.0,177.54,13.0,129.0,14.0,289.75,24.0,38.53999999999999,70.0,37.0,2.582647866049348,139.0,177.54,107,33.0,-76.0,0.31,139.6,
07:43:09,139.18,68.0,156.85,26.0,135.32,38.0,160.33,12.0,17.669999999999987,106.0,38.0,6.497309443146933,139.18,156.85,144,68.0,37.0,0.47,139.6,
07:43:10,140.0,49.0,152.57,23.0,139.0,104.0,154.72,29.0,12.569999999999991,153.0,52.0,7.693440712711246,140.0,152.57,205,101.0,61.0,0.49,140.0,3.0
07:43:11,143.89,37.0,147.69,13.0,139.6,20.0,150.0,39.0,3.8000000000000114,57.0,52.0,7.601005196682864,143.89,147.69,109,5.0,-96.0,0.05,142.2,5.0
07:43:12,139.0,70.0,146.33,12.0,106.76,37.0,149.86,28.0,7.3300000000000125,107.0,40.0,5.948031607178652,139.0,146.33,147,67.0,38.0,0.46,142.2,
07:43:13,139.0,91.0,143.38,29.0,137.77,43.0,175.61,23.0,4.379999999999996,134.0,52.0,2.785806884906578,139.0,143.38,186,82.0,39.0,0.44,143.0,3.0
07:43:14,138.17,106.0,142.83,12.0,137.85,52.0,234.0,48.0,4.660000000000025,158.0,60.0,2.6347922119194576,138.17,142.83,218,98.0,32.0,0.45,143.0,
07:43:15,139.23,26.0,166.56,18.0,138.15,103.0,276.84,38.0,27.330000000000013,129.0,56.0,5.057244308909018,139.23,166.56,185,73.0,-33.0,0.39,139.0,1.0
07:43:16,139.08,26.0,172.29,14.0,138.07,71.0,614.29,28.0,33.20999999999998,97.0,42.0,7.1402471946001,139.08,172.29,139,55.0,-46.0,0.4,139.67,3.0
07:43:17,139.0,40.0,431.2,30.0,138.0,110.0,546.0,30.0,292.2,150.0,60.0,61.88187270921933,139.0,431.2,210,90.0,71.0,0.43,139.67,
07:43:18,139.18,22.0,348.05,19.0,138.08,96.0,479.52,23.0,208.87,118.0,42.0,64.74936694671266,139.18,348.05,160,76.0,-50.0,0.47,139.67,3.0
07:43:19,140.18,44.0,242.54,13.0,137.76,83.0,244.64,28.0,102.36,127.0,41.0,57.530022596902,140.18,242.54,168,86.0,8.0,0.51,138.67,3.0
07:43:20,143.0,34.0,199.46,13.0,138.0,90.0,230.21,28.0,56.46000000000001,124.0,41.0,53.78133337878542,143.0,199.46,165,83.0,-3.0,0.5,143.0,5.0
07:43:21,143.0,6.0,180.17,18.0,138.0,60.0,199.0,9.0,37.16999999999999,66.0,27.0,52.35385105223932,143.0,180.17,93,39.0,-72.0,0.42,143.0,
07:43:22,138.05,111.0,178.26,34.0,137.08,120.0,213.5,20.0,40.20999999999998,231.0,54.0,35.12694507070084,138.05,178.26,285,177.0,177.5,0.62,143.0,1.0
07:43:23,138.57,42.0,175.78,27.0,137.67,90.0,178.0,9.0,37.21000000000001,132.0,36.0,14.244282010688275,138.57,175.78,168,96.0,-117.0,0.57,143.0,
07:43:24,140.0,26.0,172.26,39.0,138.0,130.0,173.71,21.0,32.25999999999999,156.0,60.0,6.151993172948973,140.0,172.26,216,96.0,48.0,0.44,143.0,
07:43:25,138.24,67.0,169.6,47.0,137.54,130.0,185.85,52.0,31.359999999999985,197.0,99.0,2.820044325894092,138.24,169.6,296,98.0,80.0,0.33,139.0,2.0
07:43:26,138.0,99.0,152.76,29.0,137.0,110.0,163.05,44.0,14.759999999999993,209.0,73.0,5.14797533016664,138.0,152.76,282,136.0,-14.0,0.48,139.0,
07:43:27,138.44,32.0,140.76,41.0,137.76,83.0,144.8,20.0,2.319999999999993,115.0,61.0,7.630344028941344,138.44,140.76,176,54.0,-106.0,0.31,139.33,3.0
07:43:28,138.0,90.0,141.17,29.0,137.0,100.0,147.79,29.0,3.1699999999999875,190.0,58.0,7.802354131926954,138.0,141.17,248,132.0,72.0,0.53,139.33,3.0
07:43:29,138.0,54.0,139.41,17.0,137.0,104.0,140.93,30.0,1.4099999999999966,158.0,47.0,6.433020285992765,138.0,139.41,205,111.0,-43.0,0.54,138.0,7.0
