Time,Bid1_Price,Bid1_Volume,Ask1_Price,Ask1_Volume,Bid2_Price,Bid2_Volume,Ask2_Price,Ask2_Volume,Mid-Price,Bid_Ask_Spread,Market_Depth_Bid,Market_Depth_Ask,Historical_Volatility,Weighted_Avg_Bid_Price,Weighted_Avg_Ask_Price,Total_volume,Cumulative_Volume_Difference,Total_Volume_Change_Corrected,Order_imbalance,Weighted_Avg_Price,Trade_Volume
07:30:04,164.14,14.0,200.25,16.0,120.5,8.0,202.0,4.0,182.2,36.110000000000014,22.0,20.0,137.8882947171369,164.14,200.25,42,2.0,-8.0,0.05,,
07:30:05,171.57,14.0,199.86,14.0,166.43,14.0,200.86,7.0,185.71,28.29000000000002,28.0,21.0,110.72526644808764,171.57,199.86,49,7.0,7.0,0.14,,
07:30:06,173.0,14.0,197.6,20.0,171.0,35.0,198.64,22.0,185.3,24.599999999999994,49.0,42.0,100.38918417837652,173.0,197.6,91,7.0,42.0,0.08,,
07:30:07,173.0,16.0,194.33,36.0,171.0,45.0,196.0,18.0,183.67,21.330000000000013,61.0,54.0,55.6150593814301,173.0,194.33,115,7.0,24.0,0.06,173.0,1.0
07:30:08,171.15,27.0,192.05,19.0,163.0,20.0,193.08,24.0,181.6,20.90000000000001,47.0,43.0,1.820777306534641,171.15,192.05,90,4.0,-25.0,0.04,173.0,1.0
07:30:09,165.39,51.0,188.37,38.0,122.81,37.0,190.18,34.0,176.88,22.980000000000015,88.0,72.0,3.599315212646902,165.39,188.37,160,16.0,70.0,0.1,171.0,5.0
07:30:10,160.0,20.0,186.89,36.0,130.0,16.0,187.86,28.0,173.44,26.889999999999983,36.0,64.0,4.917531901268262,160.0,186.89,100,-28.0,-60.0,-0.28,171.0,
07:30:11,163.43,28.0,183.29,34.0,148.6,20.0,184.56,36.0,173.36,19.859999999999985,48.0,70.0,4.702818303952494,163.43,183.29,118,-22.0,18.0,-0.19,171.0,
07:30:12,168.0,44.0,179.26,53.0,161.27,22.0,180.16,43.0,173.63,11.259999999999993,66.0,96.0,3.5720050391888285,168.0,179.26,162,-30.0,44.0,-0.19,171.0,
07:30:13,168.0,44.0,175.18,44.0,162.0,22.0,176.0,40.0,171.59,7.180000000000007,66.0,84.0,1.91837170537676,168.0,175.18,150,-18.0,-12.0,-0.12,171.0,
07:30:14,168.0,38.0,169.97,38.0,162.15,26.0,170.88,43.0,168.99,1.9699999999999989,64.0,81.0,1.9751126550123463,168.0,169.97,145,-17.0,-5.0,-0.12,168.0,2.0
07:30:15,164.0,31.0,167.88,32.0,162.57,28.0,169.33,36.0,165.94,3.879999999999996,59.0,68.0,3.241692459193146,164.0,167.88,127,-9.0,-18.0,-0.07,168.0,2.0
07:30:16,163.76,29.0,165.18,44.0,162.7,46.0,166.48,42.0,164.47,1.420000000000016,75.0,86.0,3.807910188015123,163.76,165.18,161,-11.0,34.0,-0.07,163.43,7.0
07:30:17,163.25,16.0,164.31,39.0,162.04,25.0,172.68,75.0,163.78,1.0600000000000025,41.0,114.0,3.275306092564322,163.25,164.31,155,-73.0,-6.0,-0.47,164.0,4.0
07:30:18,162.07,15.0,163.25,24.0,152.67,9.0,172.67,60.0,162.66,1.1800000000000068,24.0,84.0,2.4447637922688186,162.07,163.25,108,-60.0,-47.0,-0.56,163.0,1.0
07:30:19,162.0,18.0,163.0,27.0,150.0,9.0,168.0,36.0,162.5,1.0,27.0,63.0,1.413683132808879,162.0,163.0,90,-36.0,-18.0,-0.4,163.0,
07:30:20,161.92,26.0,166.29,28.0,157.33,15.0,169.0,36.0,164.1,4.3700000000000045,41.0,64.0,0.8781913231114591,161.92000000000002,166.29,105,-23.0,15.0,-0.22,162.0,2.0
07:30:21,162.0,30.0,167.0,10.0,150.5,10.0,168.0,40.0,164.5,5.0,40.0,50.0,0.8865212913338613,162.0,167.0,90,-10.0,-15.0,-0.11,162.0,
07:30:22,162.11,27.0,167.0,9.0,155.63,51.0,168.0,36.0,164.56,4.889999999999986,78.0,45.0,1.0068167658458438,162.11,167.0,123,33.0,33.0,0.27,162.0,
07:30:23,158.8,75.0,165.0,13.0,156.3,37.0,167.45,44.0,161.9,6.199999999999989,112.0,57.0,1.2291135016703063,158.8,165.0,169,55.0,46.0,0.33,162.0,
07:30:31,163.17,58.0,206.52,62.0,154.1,21.0,337.3,27.0,184.84,43.35000000000002,79.0,89.0,12.723655921156777,163.17,206.52,168,-10.0,-12.0,-0.06,162.53,19.0
07:30:32,173.0,33.0,287.43,42.0,170.22,46.0,404.0,14.0,230.21,114.43,79.0,56.0,32.2383292060862,173.0,287.43,135,23.0,-33.0,0.17,162.53,
07:30:33,171.84,43.0,269.36,33.0,161.85,78.0,309.74,38.0,220.6,97.52,121.0,71.0,34.68916286104339,171.84,269.36,192,50.0,57.0,0.26,172.0,6.0
07:30:34,171.0,33.0,280.53,17.0,155.61,31.0,578.11,36.0,225.76,109.52999999999996,64.0,53.0,31.79409504923822,171.0,280.53,117,11.0,-75.0,0.09,172.0,
07:30:35,171.0,24.0,286.25,16.0,164.38,8.0,658.36,22.0,228.62,115.25,32.0,38.0,18.897298219586737,171.0,286.25,70,-6.0,-47.0,-0.09,172.0,
07:30:36,171.0,36.0,235.17,24.0,169.0,12.0,384.67,24.0,203.08,64.16999999999999,48.0,48.0,11.007882630188082,171.0,235.17,96,0.0,26.0,0.0,172.0,
07:30:37,171.0,30.0,229.8,20.0,169.0,20.0,246.5,20.0,200.4,58.80000000000001,50.0,40.0,13.090970934197188,171.0,229.8,90,10.0,-6.0,0.11,172.0,
07:30:38,170.5,32.0,212.92,24.0,168.0,20.0,215.0,24.0,191.71,42.41999999999999,52.0,48.0,16.352488495638664,170.5,212.92,100,4.0,10.0,0.04,171.0,3.0
07:30:39,166.23,26.0,205.45,22.0,163.27,11.0,214.45,22.0,185.84,39.22,37.0,44.0,16.426776920625493,166.23,205.45,81,-7.0,-19.0,-0.09,165.6,5.0
07:30:40,168.0,120.0,174.3,20.0,163.0,30.0,186.8,20.0,171.15,6.300000000000011,150.0,40.0,12.785227021840226,168.0,174.3,190,110.0,109.0,0.58,168.0,5.0
07:30:41,166.89,54.0,172.25,32.0,162.82,22.0,174.09,23.0,169.57,5.360000000000014,76.0,55.0,13.273877730339132,166.89,172.25,131,21.0,-59.0,0.16,168.0,
07:30:42,163.0,33.0,168.93,43.0,162.0,11.0,169.82,34.0,165.97,5.930000000000007,44.0,77.0,11.241691153914196,163.0,168.93,121,-33.0,-10.0,-0.27,168.0,
07:30:43,163.0,48.0,168.93,70.0,162.0,16.0,267.85,47.0,165.96,5.930000000000007,64.0,117.0,8.224346174620358,163.0,168.93,181,-53.0,60.0,-0.29,168.0,2.0
07:30:44,160.04,255.0,168.41,37.0,125.0,64.0,180.73,66.0,164.22,8.370000000000005,319.0,103.0,2.872234321916065,160.04,168.41,422,216.0,180.0,0.51,163.17,6.0
07:30:45,160.0,252.0,165.68,62.0,103.72,58.0,176.87,45.0,162.84,5.680000000000007,310.0,107.0,2.5242167101880786,160.0,165.68,417,203.0,-5.0,0.49,165.0,1.0
07:30:46,160.0,184.0,163.22,27.0,96.74,46.0,194.55,29.0,161.61,3.219999999999999,230.0,56.0,1.9207160123227007,160.0,163.22,286,174.0,-131.0,0.61,160.0,2.0
07:30:48,160.18,132.0,227.39,31.0,128.67,60.0,292.0,24.0,193.78,67.20999999999998,192.0,55.0,14.114434101301857,160.18,227.39,247,137.0,-127.0,0.55,161.71,7.0
07:30:49,168.0,9.0,330.0,9.0,160.0,24.0,417.0,6.0,249.0,162.0,33.0,15.0,38.07076476773211,168.0,330.0,48,18.0,-180.0,0.38,161.71,
07:30:50,168.0,30.0,304.29,42.0,160.09,70.0,362.0,26.0,236.14,136.29000000000002,100.0,68.0,41.10904681453941,168.0,304.29,168,32.0,120.0,0.19,161.71,
07:30:51,170.86,21.0,291.9,21.0,165.0,21.0,381.03,29.0,231.38,121.03999999999996,42.0,50.0,36.26787283533448,170.86,291.9,92,-8.0,-76.0,-0.09,161.71,
07:30:52,173.0,33.0,263.0,22.0,169.72,47.0,391.56,36.0,218.0,90.0,80.0,58.0,20.989964268668807,173.0,263.0,138,22.0,46.0,0.16,161.71,
07:30:53,172.0,12.0,302.88,16.0,169.18,66.0,376.42,19.0,237.44,130.88,78.0,35.0,11.219506227993872,172.0,302.88,113,43.0,-25.0,0.38,172.2,5.0
07:30:54,171.0,10.0,246.98,45.0,169.0,100.0,308.34,29.0,208.99,75.97999999999999,110.0,74.0,12.401786161678215,171.0,246.98,184,36.0,71.0,0.2,172.2,
07:30:55,171.0,8.0,245.03,35.0,169.0,80.0,320.07,28.0,208.01,74.03,88.0,63.0,13.226107893102704,171.0,245.03,151,25.0,-33.0,0.17,169.5,4.0
07:30:56,169.0,77.0,304.0,33.0,168.0,33.0,418.79,28.0,236.5,135.0,110.0,61.0,14.39964478728533,169.0,304.0,171,49.0,20.0,0.29,169.5,
07:30:57,169.0,37.0,303.33,18.0,168.0,24.0,358.83,24.0,236.17,134.32999999999998,61.0,42.0,15.458511247852863,169.0,303.33,103,19.0,-68.0,0.18,169.0,3.0
07:30:58,169.0,42.0,302.29,14.0,168.0,21.0,432.0,35.0,235.64,133.29000000000002,63.0,49.0,15.126049385083782,169.0,302.29,112,14.0,9.0,0.12,169.0,
07:30:59,169.0,41.0,299.86,28.0,168.0,24.0,318.5,16.0,234.43,130.86,65.0,44.0,12.401622877671848,169.0,299.86,109,21.0,-3.0,0.19,169.0,1.0
07:31:00,169.0,30.0,298.0,16.0,168.0,24.0,315.1,39.0,233.5,129.0,54.0,55.0,1.2545796108633067,169.0,298.0,109,-1.0,0.0,-0.01,169.0,2.0
07:31:01,169.0,24.0,200.0,16.0,168.0,38.0,329.88,16.0,184.5,31.0,62.0,32.0,22.57923758677414,169.0,200.0,94,30.0,-15.0,0.32,169.0,
07:31:02,168.06,52.0,184.62,26.0,164.46,35.0,185.45,22.0,176.34,16.560000000000002,87.0,48.0,29.783386644234977,168.06,184.62,135,39.0,41.0,0.29,168.6,5.0
07:31:03,167.0,8.0,183.0,14.0,163.08,26.0,185.0,28.0,175.0,16.0,34.0,42.0,30.536363241224297,167.0,183.0,76,-8.0,-59.0,-0.11,168.0,1.0
07:31:04,164.0,14.0,167.43,14.0,163.0,28.0,182.75,16.0,165.71,3.430000000000007,42.0,30.0,26.83001677226449,164.0,167.43,72,12.0,-4.0,0.17,168.0,
07:31:05,163.23,26.0,165.0,8.0,162.44,27.0,184.31,26.0,164.12,1.7700000000000102,53.0,34.0,8.356349681529219,163.23,165.0,87,19.0,15.0,0.22,164.33,3.0
07:31:06,163.0,16.0,164.6,10.0,162.0,21.0,165.95,19.0,163.8,1.5999999999999943,37.0,29.0,6.155361890254167,163.0,164.6,66,8.0,-21.0,0.12,163.0,2.0
07:31:07,163.0,14.0,164.0,28.0,162.0,21.0,165.0,7.0,163.5,1.0,35.0,35.0,4.868293335450661,163.0,164.0,70,0.0,4.0,0.0,163.0,
07:31:08,162.4,20.0,163.8,40.0,161.4,30.0,165.0,10.0,163.1,1.4000000000000057,50.0,50.0,1.0034839311086197,162.4,163.8,100,0.0,30.0,0.0,162.67,3.0
07:31:09,161.29,14.0,163.0,28.0,160.13,46.0,165.0,7.0,162.14,1.710000000000008,60.0,35.0,0.7653234610235886,161.29,163.0,95,25.0,-5.0,0.26,161.67,3.0
07:31:10,161.16,19.0,244.07,29.0,160.12,52.0,440.73,30.0,202.61,82.91,71.0,59.0,17.664846447110556,161.16,244.07,130,12.0,35.0,0.09,164.38,8.0
07:31:11,163.62,8.0,309.0,32.0,161.0,16.0,628.0,16.0,236.31,145.38,24.0,48.0,33.18829869095427,163.62,309.0,72,-24.0,-58.0,-0.33,164.38,
07:31:12,165.44,9.0,311.18,34.0,160.83,18.0,361.2,20.0,238.31,145.74,27.0,54.0,37.37196047841216,165.44,311.18,81,-27.0,9.0,-0.33,164.38,
07:31:15,169.0,8.0,449.0,24.0,163.0,8.0,510.75,24.0,309.0,280.0,16.0,48.0,45.60831579876653,169.0,449.0,64,-32.0,32.0,-0.5,164.38,
07:31:16,169.0,8.0,318.0,28.0,163.0,8.0,487.3,20.0,243.5,149.0,16.0,48.0,43.69403883826737,169.0,318.0,64,-32.0,0.0,-0.5,164.38,
07:31:17,166.33,49.0,262.15,40.0,160.75,32.0,565.27,22.0,214.24,95.81999999999996,81.0,62.0,51.2365037839236,166.33,262.15,143,19.0,79.0,0.13,164.33,3.0
07:31:18,168.0,49.0,253.57,14.0,163.0,21.0,264.86,28.0,210.79,85.57,70.0,42.0,53.03910472472188,168.0,253.57,112,28.0,-31.0,0.25,164.33,
07:31:19,169.0,48.0,252.17,24.0,168.0,84.0,262.71,28.0,210.58,83.16999999999999,132.0,52.0,42.21170951288296,169.0,252.17,184,80.0,72.0,0.43,164.33,
07:31:20,168.18,66.0,246.14,28.0,166.0,51.0,251.13,30.0,207.16,77.95999999999998,117.0,58.0,14.884145255943071,168.18,246.14,175,59.0,-9.0,0.34,168.57,7.0
07:31:21,165.91,55.0,246.1,42.0,162.05,40.0,248.14,28.0,206.0,80.19,95.0,70.0,3.267304699597588,165.91,246.1,165,25.0,-10.0,0.15,168.0,4.0
07:31:22,163.0,40.0,243.5,24.0,162.0,20.0,244.39,36.0,203.25,80.5,60.0,60.0,3.190725622803128,163.0,243.5,120,0.0,-45.0,0.0,168.0,
07:31:23,163.0,40.0,241.1,20.0,162.0,20.0,243.0,40.0,202.05,78.1,60.0,60.0,3.365363279055076,163.0,241.1,120,0.0,0.0,0.0,168.0,
07:31:24,163.02,53.0,219.17,46.0,162.13,30.0,221.43,42.0,191.1,56.14999999999998,83.0,88.0,6.382826176546888,163.02000000000004,219.17,171,-5.0,51.0,-0.03,168.0,
07:31:25,162.46,35.0,164.72,39.0,161.47,38.0,169.75,24.0,163.59,2.259999999999991,73.0,63.0,17.495192768301,162.46,164.72,136,10.0,-35.0,0.07,162.88,8.0
07:31:29,161.0,11.0,239.33,27.0,160.0,66.0,373.04,23.0,200.17,78.33000000000001,77.0,50.0,17.034926768260853,161.0,239.33000000000004,127,27.0,32.0,0.21,163.0,3.0
07:31:30,161.19,43.0,298.02,47.0,152.37,35.0,363.9,40.0,229.6,136.82999999999998,78.0,87.0,30.96456071059319,161.19,298.02,165,-9.0,38.0,-0.05,167.67,3.0
07:31:31,163.28,43.0,275.96,46.0,159.42,76.0,314.96,57.0,219.62,112.67999999999998,119.0,103.0,31.91069914621133,163.28,275.96,222,16.0,57.0,0.07,163.5,4.0
07:31:32,160.56,45.0,209.38,13.0,154.86,28.0,289.5,40.0,184.97,48.81999999999999,73.0,53.0,27.229837862169013,160.56,209.38,126,20.0,-96.0,0.16,163.5,
07:31:33,162.68,47.0,167.5,16.0,160.0,40.0,210.7,40.0,165.09,4.819999999999993,87.0,56.0,26.00808432007273,162.68,167.5,143,31.0,17.0,0.22,163.0,3.0
07:31:34,163.0,26.0,166.66,58.0,160.0,52.0,237.74,34.0,164.83,3.6599999999999966,78.0,92.0,30.352198767140603,163.0,166.66000000000005,170,-14.0,27.0,-0.08,163.0,
07:31:35,163.0,18.0,165.26,31.0,160.0,36.0,167.0,9.0,164.13,2.259999999999991,54.0,40.0,23.97065539362678,163.0,165.26,94,14.0,-76.0,0.15,165.0,1.0
07:31:36,160.32,19.0,166.18,11.0,121.28,53.0,249.2,41.0,163.25,5.860000000000014,72.0,52.0,9.260220299755607,160.32,166.18,124,20.0,30.0,0.16,161.2,5.0
07:31:37,160.0,14.0,166.68,25.0,127.0,56.0,352.78,50.0,163.34,6.680000000000007,70.0,75.0,0.8381646616296312,160.0,166.68,145,-5.0,21.0,-0.03,161.2,
07:31:38,160.0,14.0,165.19,16.0,154.28,64.0,166.54,26.0,162.59,5.189999999999998,78.0,42.0,0.866036950715491,160.0,165.19,120,36.0,-25.0,0.3,164.0,1.0
07:31:39,160.44,9.0,164.0,6.0,154.29,21.0,166.0,6.0,162.22,3.5600000000000023,30.0,12.0,0.7374483032758627,160.44,164.0,42,18.0,-78.0,0.43,164.0,
07:31:40,161.55,31.0,163.6,10.0,158.15,13.0,166.0,10.0,162.57,2.049999999999983,44.0,20.0,0.4814872791719205,161.55,163.6,64,24.0,22.0,0.38,162.0,4.0
07:31:47,162.43,23.0,288.11,18.0,97.89,57.0,630.33,27.0,225.27,125.68,80.0,45.0,50.29575409515216,162.43,288.11,125,35.0,-90.0,0.28,162.0,
07:31:48,164.83,12.0,259.0,12.0,162.0,18.0,744.0,18.0,211.92,94.17,30.0,30.0,33.926649996721174,164.83,259.0,60,0.0,-65.0,0.0,162.0,
07:31:49,165.0,24.0,337.11,37.0,162.0,39.0,441.77,30.0,251.05,172.11,63.0,67.0,20.9631505265794,165.0,337.11,130,-4.0,70.0,-0.03,165.0,1.0
07:31:50,165.29,7.0,226.6,30.0,162.2,20.0,257.67,24.0,195.94,61.31,27.0,54.0,23.798057273652105,165.29,226.6,81,-27.0,-49.0,-0.33,165.0,
07:31:51,166.27,15.0,176.76,49.0,164.0,30.0,185.74,62.0,171.51,10.48999999999998,45.0,111.0,29.97770121273514,166.27,176.76,156,-66.0,75.0,-0.42,165.0,
07:31:52,170.5,32.0,176.25,36.0,166.25,16.0,261.44,36.0,173.38,5.75,48.0,72.0,32.718836317938006,170.5,176.25,120,-24.0,-36.0,-0.2,171.0,5.0
07:31:53,171.0,8.0,176.0,24.0,169.0,8.0,317.62,32.0,173.5,5.0,16.0,56.0,33.931665594250106,171.0,176.0,72,-40.0,-48.0,-0.56,171.0,
07:31:54,171.0,7.0,175.71,21.0,169.0,7.0,283.43,28.0,173.36,4.710000000000008,14.0,49.0,10.320131782104884,171.0,175.71,63,-35.0,-9.0,-0.56,171.0,
07:31:55,163.71,69.0,174.36,33.0,144.65,80.0,260.8,20.0,169.04,10.650000000000006,149.0,53.0,1.9287871837010928,163.71,174.36,202,96.0,139.0,0.48,165.5,8.0
07:31:56,165.0,112.0,172.85,39.0,147.94,104.0,298.93,41.0,168.92,7.849999999999994,216.0,80.0,2.4291973983209862,165.0,172.85,296,136.0,94.0,0.46,165.5,
07:31:57,163.0,54.0,172.0,27.0,162.0,36.0,182.91,33.0,167.5,9.0,90.0,60.0,2.77493783714322,163.0,172.0,150,30.0,-146.0,0.2,165.5,
07:31:58,163.0,66.0,171.27,33.0,162.0,44.0,225.32,41.0,167.14,8.27000000000001,110.0,74.0,2.47703855440499,163.0,171.27,184,36.0,34.0,0.2,165.5,
07:31:59,164.74,46.0,169.88,48.0,162.32,74.0,270.79,71.0,167.31,5.139999999999986,120.0,119.0,0.9208800139043106,164.74,169.88,239,1.0,55.0,0.0,165.5,
07:32:00,163.42,19.0,167.12,25.0,161.81,26.0,207.35,31.0,165.27,3.700000000000017,45.0,56.0,1.3024093058667034,163.42,167.12,101,-11.0,-138.0,-0.11,164.14,7.0
07:32:01,161.53,17.0,163.67,33.0,152.52,46.0,166.0,27.0,162.6,2.1399999999999864,63.0,60.0,2.0827937968046344,161.53,163.67,123,3.0,22.0,0.02,162.0,1.0
07:32:04,142.15,52.0,338.4,42.0,87.93,70.0,355.43,37.0,240.28,196.25,122.0,79.0,35.0055377047691,142.15,338.4,201,43.0,93.0,0.21,162.0,
07:32:05,152.93,58.0,225.17,36.0,119.49,78.0,314.62,66.0,189.05,72.23999999999998,136.0,102.0,34.491250049831656,152.93,225.17,238,34.0,37.0,0.14,162.12,8.0
07:32:06,164.33,57.0,205.18,33.0,156.13,77.0,207.0,55.0,184.76,40.85,134.0,88.0,32.66312798860534,164.33,205.18,222,46.0,-16.0,0.21,166.0,2.0
07:32:07,165.41,58.0,204.84,32.0,161.83,72.0,206.88,48.0,185.13,39.43000000000001,130.0,80.0,29.69697678215772,165.41000000000005,204.84,210,50.0,-12.0,0.24,173.0,3.0
07:32:08,173.0,10.0,203.1,50.0,162.06,96.0,204.41,34.0,188.05,30.099999999999994,106.0,84.0,24.011181353694703,173.0,203.1,190,22.0,-20.0,0.12,173.0,
07:32:09,173.0,15.0,200.99,71.0,163.71,84.0,201.99,73.0,186.99,27.99000000000001,99.0,144.0,1.844689675802745,173.0,200.99,243,-45.0,53.0,-0.19,173.0,
07:32:10,173.0,10.0,196.06,48.0,168.0,40.0,197.16,32.0,184.53,23.06,50.0,80.0,1.547552907015765,173.0,196.06000000000003,130,-30.0,-113.0,-0.23,173.0,
07:32:11,171.67,15.0,194.3,50.0,166.86,57.0,195.23,48.0,182.98,22.630000000000024,72.0,98.0,2.008999751123137,171.67,194.3,170,-26.0,40.0,-0.15,173.0,1.0
07:32:12,168.0,44.0,192.33,45.0,164.0,11.0,193.58,43.0,180.17,24.330000000000013,55.0,88.0,3.1564663787236,168.0,192.33,143,-33.0,-27.0,-0.23,173.0,
07:32:13,168.33,36.0,191.12,40.0,166.29,14.0,191.91,32.0,179.73,22.789999999999992,50.0,72.0,3.0369063205854365,168.33,191.12,122,-22.0,-21.0,-0.18,169.0,4.0
07:32:14,169.0,20.0,189.71,21.0,168.0,20.0,190.6,25.0,179.36,20.710000000000008,40.0,46.0,2.277395442168773,169.0,189.71,86,-6.0,-36.0,-0.07,169.0,
07:32:15,169.0,20.0,188.33,30.0,168.0,32.0,189.56,36.0,178.67,19.330000000000013,52.0,66.0,1.6579414947490307,169.0,188.33,118,-14.0,32.0,-0.12,169.0,2.0
07:32:16,168.62,16.0,185.52,52.0,165.82,44.0,186.91,55.0,177.07,16.900000000000006,60.0,107.0,1.2109087496629285,168.62,185.52,167,-47.0,49.0,-0.28,168.4,5.0
07:32:17,168.0,8.0,179.11,37.0,164.0,32.0,180.71,34.0,173.55,11.110000000000014,40.0,71.0,2.521602664975138,168.0,179.11,111,-31.0,-56.0,-0.28,168.4,
07:32:18,164.14,84.0,176.25,60.0,163.2,147.0,177.58,60.0,170.2,12.110000000000014,231.0,120.0,3.838665132570045,164.14,176.25,351,111.0,180.0,0.32,166.0,2.0
07:32:19,167.43,84.0,172.83,42.0,163.46,97.0,173.7,50.0,170.13,5.400000000000006,181.0,92.0,3.8994974035134633,167.43,172.83,273,89.0,-78.0,0.33,166.0,
07:32:20,165.6,73.0,172.89,56.0,163.43,158.0,173.83,60.0,169.25,7.289999999999992,231.0,116.0,3.255718046761339,165.6,172.89,347,115.0,74.0,0.33,171.0,3.0
07:32:21,164.0,38.0,172.85,53.0,163.0,243.0,173.82,55.0,168.42,8.849999999999994,281.0,108.0,1.9517812377432853,164.0,172.85,389,173.0,42.0,0.44,164.0,4.0
07:32:22,164.0,10.0,172.0,20.0,163.0,115.0,173.0,25.0,168.0,8.0,125.0,45.0,0.9894190214495212,164.0,172.0,170,80.0,-180.0,0.47,164.0,
07:32:23,164.0,57.0,171.17,48.0,163.0,276.0,176.89,54.0,167.58,7.169999999999988,333.0,102.0,1.020700739691046,164.0,171.17,435,231.0,180.0,0.53,164.0,5.0
07:32:24,164.0,36.0,169.15,27.0,163.0,276.0,175.28,32.0,166.57,5.150000000000006,312.0,59.0,0.9941981693834948,164.0,169.15,371,253.0,-64.0,0.68,164.0,
07:32:25,164.0,51.0,166.24,25.0,163.0,299.0,167.77,31.0,165.12,2.240000000000009,350.0,56.0,1.3206892140110342,164.0,166.24,406,294.0,35.0,0.72,164.4,5.0
07:32:26,163.38,32.0,165.0,7.0,162.98,141.0,166.0,28.0,164.19,1.6200000000000043,173.0,35.0,1.615973390871487,163.38,165.0,208,138.0,-180.0,0.66,163.4,5.0
07:32:27,163.0,220.0,164.06,34.0,162.0,30.0,209.62,16.0,163.53,1.0600000000000025,250.0,50.0,1.6703801962440306,163.0,164.06,300,200.0,92.0,0.67,163.0,4.0
07:32:28,163.0,180.0,164.33,9.0,162.0,27.0,258.69,35.0,163.67,1.3300000000000125,207.0,44.0,1.25776786411636,163.0,164.33,251,163.0,-49.0,0.65,163.0,
07:32:30,173.0,76.0,395.04,23.0,163.0,95.0,590.57,14.0,284.02,222.04,171.0,37.0,91.59557511146508,173.0,395.04,208,134.0,31.0,0.64,173.0,3.0
07:32:31,173.0,126.0,370.0,45.0,163.0,132.0,587.0,27.0,271.5,197.0,258.0,72.0,85.39867604360181,173.0,370.0,330,186.0,122.0,0.56,173.0,
07:32:32,173.0,108.0,371.0,27.0,164.51,37.0,608.26,27.0,272.0,198.0,145.0,54.0,70.77881300219767,173.0,371.0,199,91.0,-131.0,0.46,173.0,3.0
07:32:36,173.0,67.0,296.0,38.0,171.0,8.0,447.37,19.0,234.5,123.0,75.0,57.0,46.42956978047593,173.0,296.0,132,18.0,47.0,0.14,173.0,6.0
07:32:38,173.0,21.0,395.82,34.0,171.0,9.0,593.49,41.0,284.41,222.82,30.0,75.0,44.22244260553779,173.0,395.82,105,-45.0,-30.0,-0.43,173.0,2.0
07:32:39,173.0,7.0,313.0,16.0,171.0,7.0,536.97,29.0,243.0,140.0,14.0,45.0,48.45786179764924,173.0,313.0,59,-31.0,-46.0,-0.53,173.0,
07:32:40,173.0,8.0,187.06,33.0,171.0,8.0,189.05,37.0,180.03,14.060000000000002,16.0,70.0,59.98111010976751,173.0,187.06,86,-54.0,27.0,-0.63,173.0,
07:32:41,172.27,11.0,185.12,43.0,169.59,17.0,187.98,47.0,178.69,12.849999999999994,28.0,90.0,69.53887531446024,172.27,185.12,118,-62.0,32.0,-0.53,171.0,3.0
07:32:42,168.56,36.0,181.25,55.0,166.57,112.0,182.85,53.0,174.91,12.689999999999998,148.0,108.0,49.27295627420813,168.56,181.25,256,40.0,138.0,0.16,169.0,2.0
07:32:43,168.0,48.0,178.88,43.0,163.04,100.0,180.26,47.0,173.44,10.879999999999995,148.0,90.0,29.741627897611973,168.0,178.88,238,58.0,-18.0,0.24,168.0,4.0
07:32:44,163.01,117.0,171.02,53.0,152.5,32.0,179.73,59.0,167.01,8.01000000000002,149.0,112.0,5.124195546620138,163.01,171.02000000000004,261,37.0,23.0,0.14,163.11,9.0
07:32:45,163.0,64.0,175.35,37.0,73.5,8.0,180.32,37.0,169.18,12.349999999999994,72.0,74.0,4.638526705754773,163.0,175.35,146,-2.0,-115.0,-0.01,163.11,
07:32:46,163.0,88.0,178.78,46.0,137.2,20.0,179.85,53.0,170.89,15.78,108.0,99.0,3.1799889936915138,163.0,178.77999999999997,207,9.0,61.0,0.04,163.11,
07:32:47,173.0,20.0,178.0,50.0,164.0,60.0,179.0,40.0,175.5,5.0,80.0,90.0,3.363038804414731,173.0,178.0,170,-10.0,-37.0,-0.06,163.11,
07:32:48,173.0,26.0,175.96,53.0,170.66,118.0,178.06,64.0,174.48,2.960000000000008,144.0,117.0,3.562172090171865,173.0,175.96,261,27.0,91.0,0.1,163.11,
07:32:49,171.4,30.0,173.64,28.0,170.5,36.0,175.08,26.0,172.52,2.2399999999999807,66.0,54.0,2.575573722493717,171.4,173.64,120,12.0,-141.0,0.1,172.0,4.0
07:32:50,171.0,51.0,172.16,51.0,168.0,24.0,309.03,29.0,171.58,1.1599999999999966,75.0,80.0,1.945451104500052,171.0,172.16,155,-5.0,35.0,-0.03,171.0,5.0
07:32:51,169.42,19.0,192.5,20.0,166.46,26.0,313.0,13.0,180.96,23.080000000000013,45.0,33.0,3.670438665882037,169.42,192.5,78,12.0,-77.0,0.15,171.0,3.0
07:32:52,168.11,18.0,264.7,10.0,166.22,36.0,319.55,11.0,216.41,96.58999999999996,54.0,21.0,18.927799660816564,168.11,264.7,75,33.0,-3.0,0.44,169.0,1.0
07:32:53,166.89,9.0,264.86,7.0,164.04,23.0,267.57,7.0,215.87,97.97000000000004,32.0,14.0,22.817418127387107,166.89,264.86,46,18.0,-29.0,0.39,166.8,5.0
07:32:54,166.7,10.0,261.9,10.0,164.31,16.0,265.0,10.0,214.3,95.2,26.0,20.0,21.769807762128263,166.7,261.9,46,6.0,0.0,0.13,166.8,
07:32:55,168.33,9.0,260.11,9.0,166.0,9.0,525.92,13.0,214.22,91.78,18.0,22.0,15.342632433843482,168.33,260.11,40,-4.0,-6.0,-0.1,166.8,
07:32:56,169.0,9.0,258.18,40.0,166.0,9.0,258.59,17.0,213.59,89.18,18.0,57.0,1.1996957947874536,169.0,258.18,75,-39.0,35.0,-0.52,166.8,
07:32:57,169.0,12.0,238.56,36.0,166.0,12.0,246.38,52.0,203.78,69.56,24.0,88.0,4.864984069863843,169.0,238.56,112,-64.0,37.0,-0.57,166.8,
07:32:58,169.0,8.0,212.91,35.0,166.0,8.0,214.22,37.0,190.96,43.91,16.0,72.0,10.195734402191214,169.0,212.91,88,-56.0,-24.0,-0.64,166.8,
07:32:59,169.0,12.0,209.54,56.0,166.0,12.0,211.0,52.0,189.27,40.53999999999999,24.0,108.0,11.938351226196264,169.0,209.54,132,-84.0,44.0,-0.64,166.8,
07:33:00,169.0,7.0,207.0,28.0,166.0,7.0,208.0,35.0,188.0,38.0,14.0,63.0,11.161977871328094,169.0,207.0,77,-49.0,-55.0,-0.64,166.8,
07:33:01,166.2,15.0,207.36,44.0,160.89,27.0,214.14,35.0,186.78,41.160000000000025,42.0,79.0,6.896710810235145,166.2,207.36,121,-37.0,44.0,-0.31,164.8,5.0
07:33:02,165.8,82.0,205.43,42.0,145.78,32.0,208.0,70.0,185.62,39.63,114.0,112.0,2.088535371980041,165.8,205.43,226,2.0,105.0,0.01,169.5,2.0
07:33:03,165.86,35.0,203.62,16.0,164.38,8.0,206.57,28.0,184.74,37.75999999999999,43.0,44.0,1.812710677414052,165.86,203.62,87,-1.0,-139.0,-0.01,166.0,3.0
07:33:04,164.4,10.0,198.97,29.0,163.17,23.0,201.48,29.0,181.68,34.56999999999999,33.0,58.0,2.396889651195864,164.4,198.97,91,-25.0,4.0,-0.27,166.0,
07:33:05,164.0,6.0,193.79,24.0,163.0,18.0,194.57,21.0,178.9,29.789999999999992,24.0,45.0,3.211429588206557,164.0,193.79,69,-21.0,-22.0,-0.3,166.0,
07:33:06,168.8,10.0,190.53,34.0,163.33,18.0,191.58,38.0,179.66,21.72999999999999,28.0,72.0,2.9886451780041745,168.8,190.53,100,-44.0,31.0,-0.44,166.0,
07:33:07,165.45,11.0,187.36,33.0,163.1,21.0,188.62,39.0,176.41,21.910000000000025,32.0,72.0,3.1271904323220348,165.45,187.36,104,-40.0,4.0,-0.38,166.0,
07:33:08,164.0,9.0,184.76,29.0,163.0,90.0,186.0,27.0,174.38,20.75999999999999,99.0,56.0,2.8516802064756925,164.0,184.76,155,43.0,51.0,0.28,166.0,
07:33:09,164.99,78.0,183.0,40.0,163.69,36.0,184.0,24.0,173.99,18.00999999999999,114.0,64.0,2.569390978423541,164.99,183.0,178,50.0,23.0,0.28,166.0,
07:33:10,165.0,99.0,181.95,39.0,164.0,90.0,183.09,33.0,173.47,16.94999999999999,189.0,72.0,2.537492857133508,165.0,181.95,261,117.0,83.0,0.45,166.0,
07:33:11,165.64,121.0,178.12,43.0,164.0,110.0,181.03,37.0,171.88,12.480000000000018,231.0,80.0,1.6374156466830705,165.64,178.12,311,151.0,50.0,0.49,166.0,
07:33:12,167.4,55.0,178.0,15.0,164.0,50.0,185.0,15.0,172.7,10.599999999999994,105.0,30.0,1.0057981904945172,167.4,178.0,135,75.0,-176.0,0.56,166.0,
07:33:13,168.0,88.0,176.25,24.0,164.0,80.0,180.75,24.0,172.12,8.25,168.0,48.0,0.8914426509886949,168.0,176.25,216,120.0,81.0,0.56,166.0,
07:33:14,168.87,87.0,172.6,15.0,164.0,90.0,173.67,27.0,170.74,3.7299999999999898,177.0,42.0,1.0126302385378947,168.87,172.6,219,135.0,3.0,0.62,169.0,4.0
07:33:15,169.25,80.0,172.23,39.0,166.01,167.0,174.87,45.0,170.74,2.9799999999999898,247.0,84.0,0.8705630362018308,169.25,172.23,331,163.0,112.0,0.49,172.0,2.0
07:33:16,169.02,183.0,209.92,26.0,167.48,33.0,344.14,37.0,189.47,40.89999999999998,216.0,63.0,8.048942787720835,169.02,209.92,279,153.0,-52.0,0.55,169.36,11.0
07:33:17,169.0,110.0,237.21,33.0,164.78,9.0,373.33,12.0,203.11,68.21000000000001,119.0,45.0,14.574842366214716,169.0,237.21,164,74.0,-115.0,0.45,169.0,2.0
07:33:18,169.0,72.0,179.5,6.0,164.83,6.0,197.67,24.0,174.25,10.5,78.0,30.0,14.269718637731009,169.0,179.5,108,48.0,-56.0,0.44,169.0,
07:33:19,169.0,117.0,177.47,19.0,164.0,81.0,212.6,20.0,173.24,8.469999999999999,198.0,39.0,13.828317685098504,169.0,177.47,237,159.0,129.0,0.67,169.0,5.0
07:33:20,169.0,53.0,175.13,15.0,164.41,27.0,177.03,37.0,172.07,6.129999999999996,80.0,52.0,13.563941904918655,169.0,175.13,132,28.0,-105.0,0.21,169.0,6.0
07:33:21,164.16,96.0,172.68,19.0,163.04,135.0,176.8,41.0,168.42,8.52000000000001,231.0,60.0,14.088433908707026,164.16,172.68,291,171.0,159.0,0.59,164.6,10.0
07:33:22,164.0,40.0,171.9,20.0,163.0,81.0,172.5,12.0,167.95,7.900000000000006,121.0,32.0,2.850917396208017,164.0,171.9,153,89.0,-138.0,0.58,164.6,
07:33:23,164.0,40.0,170.62,8.0,163.0,88.0,172.0,24.0,167.31,6.6200000000000045,128.0,32.0,2.6699007472190077,164.0,170.62,160,96.0,7.0,0.6,164.6,
07:33:24,164.0,45.0,168.47,15.0,163.0,99.0,171.57,21.0,166.23,4.469999999999999,144.0,36.0,2.211827298863936,164.0,168.47,180,108.0,20.0,0.6,164.6,
07:33:25,163.1,98.0,165.17,12.0,147.27,48.0,166.32,28.0,164.13,2.069999999999993,146.0,40.0,1.707372249979136,163.1,165.17,186,106.0,6.0,0.57,164.0,5.0
07:33:26,163.0,94.0,258.15,13.0,103.89,45.0,372.38,29.0,210.58,95.14999999999998,139.0,42.0,19.80881621904761,163.0,258.15,181,97.0,-5.0,0.54,163.5,2.0
07:33:27,163.13,23.0,260.0,9.0,123.33,24.0,340.67,9.0,211.57,96.87,47.0,18.0,24.777715391052677,163.13,260.0,65,29.0,-116.0,0.45,163.5,
07:33:28,164.0,18.0,260.0,18.0,163.0,60.0,327.0,18.0,212.0,96.0,78.0,36.0,25.322732277540936,164.0,260.0,114,42.0,49.0,0.37,163.5,
07:33:29,164.0,6.0,327.0,6.0,163.0,20.0,385.0,6.0,245.5,163.0,26.0,12.0,28.997286597197725,164.0,327.0,38,14.0,-76.0,0.37,163.5,
07:33:30,164.0,21.0,230.09,23.0,163.0,70.0,490.83,23.0,197.04,66.09,91.0,46.0,17.97596784598889,164.0,230.09,137,45.0,99.0,0.33,163.5,
07:33:31,165.7,20.0,237.36,47.0,164.27,64.0,639.68,44.0,201.53,71.66000000000003,84.0,91.0,19.00120706692144,165.7,237.36,175,-7.0,38.0,-0.04,163.5,
07:33:32,168.36,14.0,316.44,63.0,166.0,28.0,381.65,52.0,242.4,148.07999999999998,42.0,115.0,22.824571847025503,168.36,316.44,157,-73.0,-18.0,-0.46,166.67,3.0
07:33:33,163.64,78.0,202.02,53.0,127.42,57.0,248.47,38.0,182.83,38.38000000000002,135.0,91.0,28.343532772045645,163.64,202.02000000000004,226,44.0,69.0,0.19,166.0,5.0
07:33:34,163.0,44.0,172.17,29.0,77.0,18.0,238.17,23.0,167.59,9.169999999999987,62.0,52.0,28.014518914306134,163.0,172.17,114,10.0,-112.0,0.09,166.0,
07:33:35,163.0,116.0,170.25,56.0,99.83,36.0,171.23,52.0,166.62,7.25,152.0,108.0,31.44389495593719,163.0,170.25,260,44.0,146.0,0.17,163.0,4.0
07:33:36,163.0,47.0,167.32,38.0,151.0,33.0,168.42,31.0,165.16,4.319999999999993,80.0,69.0,32.9165421938576,163.0,167.32,149,11.0,-111.0,0.07,165.71,7.0
07:33:37,154.0,28.0,164.52,31.0,148.52,29.0,298.1,51.0,159.26,10.52000000000001,57.0,82.0,8.746831997929174,154.0,164.52,139,-25.0,-10.0,-0.18,163.67,3.0
07:33:38,161.05,40.0,164.0,14.0,110.0,15.0,318.8,25.0,162.53,2.9499999999999886,55.0,39.0,3.3711081264170413,161.05,164.0,94,16.0,-45.0,0.17,163.67,
07:33:39,163.24,34.0,357.05,20.0,116.41,17.0,598.42,19.0,260.14,193.81,51.0,39.0,43.35730987965013,163.24,357.05,90,12.0,-4.0,0.13,163.0,2.0
07:33:40,163.0,80.0,381.39,33.0,116.29,28.0,495.39,49.0,272.2,218.39,108.0,82.0,57.08067291124046,163.0,381.39,190,26.0,100.0,0.14,163.0,2.0
07:33:41,164.7,33.0,465.0,8.0,161.95,38.0,539.29,28.0,314.85,300.3,71.0,36.0,69.59361055441829,164.7,465.0,107,35.0,-83.0,0.33,163.0,
07:33:42,165.0,16.0,364.88,33.0,163.0,60.0,444.45,22.0,264.94,199.88,76.0,55.0,56.02178924311553,165.0,364.88,131,21.0,24.0,0.16,165.0,3.0
07:33:43,163.25,55.0,388.33,36.0,158.32,77.0,437.4,30.0,275.79,225.08,132.0,66.0,21.709010341332217,163.25,388.33,198,66.0,67.0,0.33,163.5,4.0
07:33:44,163.88,48.0,399.29,31.0,161.2,100.0,464.19,26.0,281.58,235.41000000000005,148.0,57.0,19.39629268700778,163.88,399.29,205,91.0,7.0,0.44,163.5,
07:33:45,168.11,44.0,279.5,12.0,163.09,99.0,398.94,33.0,223.81,111.39,143.0,45.0,32.84126413523185,168.11,279.5,188,98.0,-17.0,0.52,163.5,
07:33:46,169.0,42.0,202.64,22.0,163.0,72.0,213.0,9.0,185.82,33.639999999999986,114.0,31.0,40.69821826566923,169.0,202.64,145,83.0,-43.0,0.57,163.5,
07:33:47,169.0,33.0,200.29,14.0,163.0,84.0,202.0,28.0,184.64,31.289999999999992,117.0,42.0,46.91588398399891,169.0,200.29,159,75.0,14.0,0.47,163.5,
07:33:48,169.0,12.0,199.14,14.0,163.0,48.0,200.8,10.0,184.07,30.139999999999983,60.0,24.0,42.41137264932645,169.0,199.14,84,36.0,-75.0,0.43,163.5,
07:33:49,169.0,27.0,198.46,26.0,163.0,108.0,199.29,28.0,183.73,29.460000000000008,135.0,54.0,17.568856821091895,169.0,198.46,189,81.0,105.0,0.43,163.5,
07:33:50,169.0,21.0,196.4,20.0,163.25,64.0,198.45,22.0,182.7,27.40000000000001,85.0,42.0,1.1516813795590035,169.0,196.4,127,43.0,-62.0,0.34,163.5,
07:33:51,169.0,33.0,194.0,36.0,163.24,102.0,194.89,38.0,181.5,25.0,135.0,74.0,1.2419218977143804,169.0,194.0,209,61.0,82.0,0.29,163.5,
07:33:52,169.58,55.0,191.16,38.0,163.43,168.0,192.43,37.0,180.37,21.579999999999984,223.0,75.0,1.545260495845959,169.58,191.16,298,148.0,89.0,0.5,163.5,
07:33:53,171.0,48.0,185.97,33.0,169.0,36.0,187.93,27.0,178.48,14.97,84.0,60.0,2.0436805034108394,171.0,185.97,144,24.0,-154.0,0.17,163.5,
07:33:54,171.0,41.0,177.91,46.0,169.0,51.0,179.91,46.0,174.46,6.909999999999997,92.0,92.0,3.2186518917119136,171.0,177.91,184,0.0,40.0,0.0,171.0,3.0
07:33:55,169.8,20.0,174.75,24.0,166.31,52.0,176.03,29.0,172.28,4.949999999999989,72.0,53.0,3.925992868055124,169.8,174.75,125,19.0,-59.0,0.15,171.0,1.0
07:33:56,168.11,27.0,171.75,24.0,163.57,65.0,172.78,23.0,169.93,3.6399999999999855,92.0,47.0,4.309527816364405,168.11,171.75,139,45.0,14.0,0.32,169.0,3.0
07:33:57,165.2,79.0,169.38,42.0,163.27,118.0,223.27,52.0,167.29,4.180000000000007,197.0,94.0,4.283651479756182,165.2,169.38,291,103.0,152.0,0.35,166.86,7.0
07:33:58,164.0,56.0,169.5,16.0,163.0,120.0,190.37,35.0,166.75,5.5,176.0,51.0,3.274930533616888,164.0,169.5,227,125.0,-64.0,0.55,164.0,7.0
07:33:59,164.78,23.0,167.4,30.0,163.16,55.0,269.81,21.0,166.09,2.6200000000000045,78.0,51.0,2.581805569754491,164.78,167.4,129,27.0,-98.0,0.21,166.0,3.0
07:34:00,163.86,37.0,165.82,11.0,162.91,11.0,239.16,38.0,164.84,1.9599999999999795,48.0,49.0,1.8856829001755608,163.86,165.82,97,-1.0,-32.0,-0.01,164.0,5.0
07:34:01,163.0,70.0,357.82,17.0,148.39,64.0,461.79,28.0,260.41,194.82,134.0,45.0,42.12291395428414,163.0,357.82,179,89.0,82.0,0.5,165.0,1.0
07:34:02,163.0,48.0,424.3,20.0,156.14,49.0,551.0,16.0,293.65,261.3,97.0,36.0,61.99992193543503,163.0,424.3,133,61.0,-46.0,0.46,163.0,1.0
07:34:03,163.51,49.0,330.6,30.0,161.36,66.0,438.11,36.0,247.06,167.09000000000003,115.0,66.0,58.1657274518255,163.51,330.6,181,49.0,48.0,0.27,163.0,
07:34:04,168.0,9.0,448.14,28.0,163.0,69.0,648.08,26.0,308.07,280.14,78.0,54.0,55.97141350725442,168.0,448.14,132,24.0,-49.0,0.18,163.0,
07:34:05,168.0,5.0,361.12,16.0,163.0,45.0,572.33,15.0,264.56,193.12,50.0,31.0,25.21725698802455,168.0,361.12,81,19.0,-51.0,0.23,163.0,
07:34:06,164.0,25.0,304.88,34.0,162.65,69.0,359.78,23.0,234.44,140.88,94.0,57.0,30.93546718574119,164.0,304.88,151,37.0,70.0,0.25,164.0,5.0
07:34:07,163.0,24.0,417.71,21.0,162.0,36.0,616.74,19.0,290.36,254.71,60.0,40.0,30.32380780838828,163.0,417.71,100,20.0,-51.0,0.2,163.0,3.0
07:34:08,163.33,15.0,458.09,22.0,162.05,44.0,495.8,30.0,310.71,294.76,59.0,52.0,32.168361319782484,163.33,458.09,111,7.0,11.0,0.06,163.0,
07:34:09,168.0,8.0,290.64,22.0,163.0,16.0,359.67,18.0,229.32,122.64,24.0,40.0,35.127798393865625,168.0,290.64,64,-16.0,-47.0,-0.25,163.0,
07:34:10,168.42,12.0,278.36,47.0,163.39,23.0,284.64,39.0,223.39,109.94000000000004,35.0,86.0,40.00108786020781,168.42,278.36,121,-51.0,57.0,-0.42,173.0,1.0
07:34:11,169.25,36.0,276.15,54.0,165.63,43.0,277.16,62.0,222.7,106.89999999999998,79.0,116.0,41.99833365742101,169.25,276.15,195,-37.0,74.0,-0.19,166.5,4.0
07:34:12,168.6,35.0,192.34,50.0,164.83,24.0,230.24,41.0,180.47,23.74000000000001,59.0,91.0,47.4597826585842,168.6,192.34,150,-32.0,-45.0,-0.21,171.0,3.0
07:34:13,165.33,9.0,170.0,18.0,164.67,9.0,172.0,24.0,167.67,4.669999999999988,18.0,42.0,28.45071967455363,165.33,170.0,60,-24.0,-90.0,-0.4,171.0,
07:34:14,165.1,20.0,168.67,48.0,162.37,43.0,170.0,36.0,166.88,3.569999999999993,63.0,84.0,28.650828434794438,165.1,168.67,147,-21.0,87.0,-0.14,164.75,4.0
07:34:15,165.62,8.0,167.0,32.0,162.68,19.0,169.83,23.0,166.31,1.3799999999999957,27.0,55.0,24.14457558127743,165.62,167.0,82,-28.0,-65.0,-0.34,167.0,4.0
07:34:16,164.21,57.0,195.29,28.0,162.72,43.0,330.3,27.0,179.75,31.079999999999984,100.0,55.0,7.226851319905055,164.21,195.29,155,45.0,73.0,0.29,166.0,1.0
07:34:17,165.71,42.0,321.57,14.0,163.0,23.0,449.14,14.0,243.64,155.86,65.0,28.0,33.3319628884952,165.71,321.57,93,37.0,-62.0,0.4,166.0,
07:34:18,166.64,22.0,320.18,22.0,163.0,24.0,408.95,21.0,243.41,153.54000000000002,46.0,43.0,40.09641717161311,166.64,320.18,89,3.0,-4.0,0.03,166.0,5.0
07:34:19,162.09,67.0,316.92,24.0,161.31,13.0,320.0,12.0,239.5,154.83,80.0,36.0,38.20917389842445,162.09,316.92,116,44.0,27.0,0.38,164.67,3.0
07:34:20,162.0,36.0,316.0,12.0,161.0,6.0,320.0,6.0,239.0,154.0,42.0,18.0,27.648563253812124,162.0,316.0,60,24.0,-56.0,0.4,164.67,
07:34:21,162.0,43.0,315.25,16.0,161.0,8.0,320.0,8.0,238.62,153.25,51.0,24.0,2.4776157894350037,162.0,315.25,75,27.0,15.0,0.36,162.0,5.0
07:34:22,165.43,28.0,314.44,25.0,138.69,13.0,319.14,14.0,239.93,149.01,41.0,39.0,1.9199661455497556,165.43,314.44,80,2.0,5.0,0.03,161.5,2.0
07:34:23,160.81,26.0,312.5,8.0,141.5,14.0,314.0,16.0,236.65,151.69,40.0,24.0,1.2692320513036108,160.81,312.5,64,16.0,-16.0,0.25,161.5,
07:34:24,161.16,76.0,195.65,23.0,160.0,12.0,199.57,40.0,178.41,34.49000000000001,88.0,63.0,26.922005311641428,161.16,195.65,151,25.0,87.0,0.17,161.0,1.0
07:34:25,163.7,54.0,193.93,14.0,162.44,36.0,195.0,70.0,178.82,30.230000000000015,90.0,84.0,32.76671832820678,163.7,193.93,174,6.0,23.0,0.03,163.5,4.0
07:34:26,163.0,48.0,192.5,12.0,160.0,12.0,195.0,60.0,177.75,29.5,60.0,72.0,32.86595381241863,163.0,192.5,132,-12.0,-42.0,-0.09,163.5,
07:34:27,163.71,42.0,191.05,42.0,161.73,22.0,193.5,20.0,177.38,27.340000000000003,64.0,62.0,26.194817617231596,163.71,191.05,126,2.0,-6.0,0.02,163.5,
07:34:28,163.0,34.0,186.94,34.0,161.0,20.0,191.37,19.0,174.97,23.94,54.0,53.0,1.5035391581259645,163.0,186.94,107,1.0,-19.0,0.01,163.0,2.0
07:34:29,163.0,26.0,189.65,37.0,161.0,26.0,190.46,28.0,176.32,26.65000000000001,52.0,65.0,1.4655272088971414,163.0,189.65,117,-13.0,10.0,-0.11,163.0,
07:34:30,167.29,14.0,188.0,52.0,163.69,26.0,189.0,13.0,177.64,20.710000000000008,40.0,65.0,1.1750617005152015,167.29,188.0,105,-25.0,-12.0,-0.24,163.0,
07:34:31,167.43,14.0,186.28,43.0,163.89,27.0,187.36,45.0,176.85,18.849999999999994,41.0,88.0,1.058617022353954,167.43,186.28,129,-47.0,24.0,-0.36,168.0,1.0
07:34:32,168.2,15.0,182.74,19.0,163.67,27.0,183.15,46.0,175.47,14.54000000000002,42.0,65.0,1.0658095514759132,168.2,182.74,107,-23.0,-22.0,-0.21,168.0,
07:34:33,171.0,15.0,180.36,39.0,167.42,57.0,180.48,50.0,175.68,9.360000000000014,72.0,89.0,0.884516817260917,171.0,180.36,161,-17.0,54.0,-0.11,168.0,
07:34:34,169.71,28.0,176.1,21.0,168.69,96.0,177.26,57.0,172.9,6.389999999999986,124.0,78.0,1.8013245126897246,169.71,176.1,202,46.0,41.0,0.23,169.5,4.0
07:34:35,169.0,96.0,174.54,56.0,164.0,32.0,174.72,47.0,171.77,5.539999999999992,128.0,103.0,2.113227389566978,169.0,174.54,231,25.0,29.0,0.11,169.5,
07:34:36,169.0,92.0,171.39,28.0,164.06,31.0,172.31,52.0,170.2,2.3899999999999864,123.0,80.0,2.3684446373126824,169.0,171.39,203,43.0,-28.0,0.21,169.0,1.0
07:34:37,166.72,54.0,170.69,51.0,162.62,71.0,174.53,102.0,168.7,3.969999999999999,125.0,153.0,2.665651890253914,166.72,170.69,278,-28.0,75.0,-0.1,167.38,8.0
07:34:38,163.0,54.0,168.28,43.0,162.0,153.0,170.21,38.0,165.64,5.280000000000001,207.0,81.0,2.835387098794947,163.0,168.28,288,126.0,10.0,0.44,167.38,
07:34:39,163.0,90.0,166.0,60.0,162.0,255.0,168.0,75.0,164.5,3.0,345.0,135.0,3.050872006494461,163.0,166.0,480,210.0,180.0,0.44,167.38,
07:34:40,163.0,60.0,164.89,36.0,162.0,170.0,167.5,48.0,163.94,1.8899999999999864,230.0,84.0,2.728420788663348,163.0,164.89,314,146.0,-166.0,0.46,167.38,
07:34:41,163.0,52.0,164.19,48.0,162.0,204.0,166.02,44.0,163.59,1.1899999999999975,256.0,92.0,2.0667559120538,163.0,164.19,348,164.0,34.0,0.47,163.5,8.0
07:34:42,162.09,103.0,164.29,63.0,158.34,164.0,204.39,33.0,163.19,2.1999999999999886,267.0,96.0,0.9512465505895448,162.09,164.29,363,171.0,15.0,0.47,162.33,3.0
07:34:43,162.0,165.0,165.0,21.0,146.64,36.0,478.24,29.0,163.5,3.0,201.0,50.0,0.5000299991082362,162.0,165.0,251,151.0,-112.0,0.6,165.0,2.0
07:34:44,162.0,120.0,163.62,8.0,159.46,26.0,369.0,8.0,162.81,1.6200000000000043,146.0,16.0,0.4271182506144155,162.0,163.62,162,130.0,-89.0,0.8,165.0,
07:34:45,162.0,98.0,163.0,7.0,160.0,14.0,285.91,22.0,162.5,1.0,112.0,29.0,0.4611615768986988,162.0,163.0,141,83.0,-21.0,0.59,162.0,1.0
07:34:46,162.23,189.0,185.37,54.0,125.74,76.0,455.29,24.0,173.8,23.14000000000001,265.0,78.0,4.844692972728961,162.23,185.37,343,187.0,180.0,0.55,162.5,2.0
07:34:47,173.0,36.0,325.81,27.0,162.0,117.0,370.0,18.0,249.41,152.81,153.0,45.0,37.75343732695108,173.0,325.81,198,108.0,-145.0,0.55,162.5,
07:34:48,173.0,40.0,328.2,40.0,162.0,130.0,330.0,10.0,250.6,155.2,170.0,50.0,46.03623388158546,173.0,328.2,220,120.0,22.0,0.55,162.5,
07:34:49,162.16,100.0,238.8,40.0,145.35,75.0,294.77,31.0,200.48,76.64000000000001,175.0,71.0,41.30353398923685,162.16,238.8,246,104.0,26.0,0.42,170.8,5.0
07:34:50,164.38,61.0,199.15,52.0,155.7,89.0,357.6,43.0,181.77,34.77000000000001,150.0,95.0,36.715686974371685,164.38,199.15000000000003,245,55.0,-1.0,0.22,165.4,5.0
07:34:51,163.0,56.0,197.25,32.0,162.0,96.0,486.69,16.0,180.12,34.25,152.0,48.0,35.18249891636533,163.0,197.25,200,104.0,-45.0,0.52,165.4,
07:34:52,165.31,52.0,189.5,12.0,162.37,76.0,196.31,26.0,177.4,24.19,128.0,38.0,30.74227675368297,165.31,189.5,166,90.0,-34.0,0.54,165.4,
07:34:53,168.0,66.0,192.72,36.0,163.0,77.0,194.0,41.0,180.36,24.72,143.0,77.0,9.3330584483344,168.0,192.72,220,66.0,54.0,0.3,165.4,
07:34:54,168.26,47.0,191.0,40.0,164.82,66.0,192.0,30.0,179.63,22.74000000000001,113.0,70.0,1.5866726190437328,168.26,191.0,183,43.0,-37.0,0.23,168.75,4.0
07:34:55,168.19,43.0,190.55,42.0,164.45,69.0,191.54,35.0,179.37,22.360000000000014,112.0,77.0,1.1716356088915765,168.19,190.55,189,35.0,6.0,0.19,168.75,
07:34:56,169.0,20.0,185.36,36.0,168.0,50.0,186.5,38.0,177.18,16.360000000000014,70.0,74.0,1.4169580092657137,169.0,185.36,144,-4.0,-45.0,-0.03,168.75,
07:34:57,169.0,22.0,180.63,43.0,168.0,55.0,182.23,39.0,174.81,11.629999999999995,77.0,82.0,2.2686670095062054,169.0,180.63,159,-5.0,15.0,-0.03,168.75,
07:34:58,169.0,28.0,177.73,45.0,168.0,70.0,178.69,52.0,173.37,8.72999999999999,98.0,97.0,2.7594057331281743,169.0,177.73,195,1.0,36.0,0.01,168.75,
07:34:59,169.0,26.0,174.04,51.0,168.0,65.0,175.11,54.0,171.52,5.039999999999992,91.0,105.0,3.0959731911015216,169.0,174.04,196,-14.0,1.0,-0.07,168.75,
07:35:00,167.68,44.0,169.75,36.0,166.41,54.0,172.08,49.0,168.72,2.069999999999993,98.0,85.0,3.21411729717782,167.68,169.75,183,13.0,-13.0,0.07,168.29,7.0
07:35:01,166.0,52.0,167.43,23.0,164.0,22.0,170.06,34.0,166.72,1.4300000000000068,74.0,57.0,3.313467971780633,166.0,167.43,131,17.0,-52.0,0.13,166.0,1.0
07:35:02,163.98,43.0,166.13,30.0,162.63,52.0,167.71,31.0,165.06,2.1500000000000057,95.0,61.0,3.39916460325396,163.98,166.13,156,34.0,25.0,0.22,164.75,8.0
07:35:03,163.0,52.0,164.53,30.0,162.0,55.0,166.27,41.0,163.77,1.5300000000000011,107.0,71.0,3.063449036627392,163.0,164.53,178,36.0,22.0,0.2,164.0,2.0
07:35:04,163.0,53.0,164.0,34.0,127.64,77.0,165.0,52.0,163.5,1.0,130.0,86.0,2.181096054742241,163.0,164.0,216,44.0,38.0,0.2,164.0,1.0
07:35:07,157.11,54.0,187.0,27.0,134.33,36.0,315.1,31.0,172.06,29.889999999999983,90.0,58.0,26.810920722720432,157.11,187.0,148,32.0,14.0,0.22,164.0,
07:35:08,162.23,73.0,186.78,27.0,126.41,39.0,349.25,32.0,174.51,24.55000000000001,112.0,59.0,28.69870467460163,162.23,186.78,171,53.0,23.0,0.31,164.0,
07:35:09,163.0,102.0,185.83,18.0,162.0,42.0,400.0,18.0,174.42,22.830000000000013,144.0,36.0,30.287834686553666,163.0,185.83,180,108.0,9.0,0.6,164.0,
07:35:10,164.11,159.0,184.13,55.0,163.24,227.0,213.09,56.0,174.12,20.019999999999985,386.0,111.0,29.835916610689363,164.11,184.13,497,275.0,180.0,0.55,164.0,
07:35:11,166.0,36.0,181.84,38.0,165.0,204.0,182.89,46.0,173.92,15.840000000000003,240.0,84.0,1.0040816699953123,166.0,181.84,324,156.0,-173.0,0.48,164.0,
07:35:12,168.22,27.0,177.0,21.0,165.07,91.0,180.64,25.0,172.61,8.780000000000001,118.0,46.0,0.7671570895329411,168.22,177.0,164,72.0,-160.0,0.44,164.0,
07:35:13,171.0,66.0,173.0,33.0,165.11,135.0,180.0,33.0,172.0,2.0,201.0,66.0,1.0502761541710068,171.0,173.0,267,135.0,103.0,0.51,164.0,
07:35:14,171.0,50.0,173.0,33.0,165.26,175.0,180.0,33.0,172.0,2.0,225.0,66.0,1.0281536850198283,171.0,173.0,291,159.0,24.0,0.55,171.0,2.0
07:35:15,168.31,58.0,172.09,33.0,164.78,199.0,185.21,42.0,170.2,3.780000000000001,257.0,75.0,1.3408877656311218,168.31,172.09,332,182.0,41.0,0.55,171.0,4.0
07:35:16,165.0,30.0,177.71,31.0,164.0,170.0,239.08,39.0,171.35,12.710000000000008,200.0,70.0,0.916171381357666,165.0,177.71,270,130.0,-62.0,0.48,168.0,3.0
07:35:17,164.04,83.0,232.0,24.0,163.24,70.0,237.0,18.0,198.02,67.96000000000001,153.0,42.0,11.933083423827346,164.04,232.0,195,111.0,-75.0,0.57,164.75,4.0
07:35:18,164.0,96.0,222.0,24.0,163.0,72.0,383.86,21.0,193.0,58.0,168.0,45.0,13.457394993089345,164.0,222.0,213,123.0,18.0,0.58,164.75,
07:35:19,164.0,160.0,329.43,35.0,163.0,120.0,482.16,37.0,246.71,165.43,280.0,72.0,31.05536716897801,164.0,329.43,352,208.0,139.0,0.59,164.75,
07:35:20,164.32,112.0,282.56,50.0,163.77,260.0,431.45,53.0,223.44,118.24,372.0,103.0,29.12683693778033,164.32,282.56,475,269.0,123.0,0.57,165.0,4.0
07:35:21,165.28,69.0,224.0,39.0,164.01,186.0,257.0,52.0,194.64,58.72,255.0,91.0,23.39848542107049,165.28,224.0,346,164.0,-129.0,0.47,166.17,12.0
07:35:22,164.0,126.0,224.0,27.0,163.0,108.0,257.0,36.0,194.0,60.0,234.0,63.0,24.023667913123667,164.0,224.0,297,171.0,-49.0,0.58,166.17,
07:35:23,164.0,112.0,222.25,32.0,163.0,96.0,224.0,24.0,193.12,58.25,208.0,56.0,24.002041996464545,164.0,222.25,264,152.0,-33.0,0.58,166.17,
07:35:24,164.0,112.0,222.0,32.0,163.0,96.0,294.58,24.0,193.0,58.0,208.0,56.0,13.321501416883882,164.0,222.0,264,152.0,0.0,0.58,166.17,
07:35:25,164.0,182.0,220.92,52.0,163.0,156.0,305.24,29.0,192.46,56.91999999999999,338.0,81.0,0.8674560507799066,164.0,220.92,419,257.0,155.0,0.61,166.17,
07:35:26,164.0,146.0,206.18,34.0,163.0,122.0,253.87,30.0,185.09,42.18000000000001,268.0,64.0,3.6444588075643383,164.0,206.18,332,204.0,-87.0,0.61,164.0,3.0
07:35:27,165.33,60.0,175.09,46.0,164.22,113.0,177.35,40.0,170.21,9.759999999999993,173.0,86.0,9.856055499033555,165.33,175.09,259,87.0,-73.0,0.34,164.0,
07:35:28,168.77,52.0,173.0,56.0,165.42,108.0,176.56,36.0,170.88,4.22999999999999,160.0,92.0,11.203573983333456,168.77,173.0,252,68.0,-7.0,0.27,172.0,2.0
07:35:29,169.0,26.0,172.69,32.0,166.0,50.0,187.14,28.0,170.84,3.6899999999999977,76.0,60.0,10.270707375834585,169.0,172.69,136,16.0,-116.0,0.12,169.0,2.0
07:35:30,166.56,43.0,172.17,36.0,165.22,90.0,352.85,47.0,169.36,5.609999999999985,133.0,83.0,6.632890018688638,166.56,172.17,216,50.0,80.0,0.23,169.0,2.0
07:35:31,166.0,52.0,171.65,34.0,165.0,110.0,525.62,37.0,168.82,5.650000000000006,162.0,71.0,0.9115481336807596,166.0,171.65,233,91.0,17.0,0.39,167.5,4.0
07:35:32,166.0,10.0,170.8,15.0,165.0,50.0,329.0,10.0,168.4,4.800000000000011,60.0,25.0,1.147170431983236,166.0,170.8,85,35.0,-148.0,0.41,167.5,
07:35:33,168.0,143.0,183.35,40.0,166.0,26.0,364.23,44.0,175.68,15.349999999999994,169.0,84.0,2.9752310834651645,168.0,183.35,253,85.0,168.0,0.34,167.5,
07:35:34,165.49,35.0,201.57,35.0,163.24,129.0,203.0,35.0,183.53,36.079999999999984,164.0,70.0,6.515759357129377,165.49,201.57,234,94.0,-19.0,0.4,166.0,2.0
07:35:35,164.69,96.0,198.42,60.0,163.15,198.0,199.67,60.0,181.55,33.72999999999999,294.0,120.0,7.001823333962425,164.69,198.42,414,174.0,180.0,0.42,166.0,
07:35:36,164.52,84.0,192.92,60.0,163.08,244.0,195.08,60.0,178.72,28.399999999999977,328.0,120.0,5.923371506162847,164.52,192.92,448,208.0,34.0,0.46,166.0,
07:35:37,164.0,55.0,190.73,55.0,163.0,278.0,194.55,55.0,177.36,26.72999999999999,333.0,110.0,3.1676758041225,164.0,190.73,443,223.0,-5.0,0.5,166.0,
07:35:38,164.0,45.0,187.67,45.0,163.0,162.0,188.67,45.0,175.83,23.669999999999987,207.0,90.0,3.1244311482289278,164.0,187.67,297,117.0,-146.0,0.39,166.0,
07:35:39,164.0,50.0,186.3,50.0,163.0,180.0,188.0,50.0,175.15,22.30000000000001,230.0,100.0,2.5483072813187206,164.0,186.3,330,130.0,33.0,0.39,164.0,2.0
07:35:40,164.0,36.0,184.25,60.0,163.0,263.0,186.42,60.0,174.12,20.25,299.0,120.0,1.820392814757553,164.0,184.25,419,179.0,89.0,0.43,164.0,
07:35:41,169.58,59.0,181.08,64.0,166.14,63.0,182.47,58.0,175.33,11.5,122.0,122.0,1.1840059121560302,169.58,181.08,244,0.0,-175.0,0.0,166.2,5.0
07:35:42,171.0,85.0,177.47,85.0,168.23,47.0,179.0,65.0,174.24,6.469999999999999,132.0,150.0,0.7332325688483461,171.0,177.47,282,-18.0,38.0,-0.06,166.2,
07:35:43,171.0,35.0,172.96,23.0,169.0,7.0,174.14,35.0,171.98,1.960000000000008,42.0,58.0,1.3331654060990858,171.0,172.96,100,-16.0,-180.0,-0.16,166.2,
07:35:44,168.63,60.0,171.54,39.0,166.0,45.0,174.54,65.0,170.09,2.9099999999999966,105.0,104.0,2.098444662129194,168.63,171.54,209,1.0,109.0,0.0,169.33,12.0
07:35:45,165.0,36.0,171.0,18.0,164.0,36.0,175.0,30.0,168.0,6.0,72.0,48.0,2.988690348633918,165.0,171.0,120,24.0,-89.0,0.2,169.33,
07:35:46,165.0,60.0,169.34,44.0,164.0,60.0,172.08,36.0,167.17,4.340000000000003,120.0,80.0,2.89296214977248,165.0,169.34,200,40.0,80.0,0.2,169.33,
07:35:47,165.0,72.0,168.08,60.0,164.0,57.0,170.0,36.0,166.54,3.0800000000000125,129.0,96.0,2.245624634709678,165.0,168.08,225,33.0,25.0,0.15,169.33,
07:35:48,165.0,68.0,167.44,57.0,164.0,42.0,186.71,41.0,166.22,2.4399999999999977,110.0,98.0,1.5470067873199882,165.0,167.44,208,12.0,-17.0,0.06,165.2,5.0
07:35:49,164.15,27.0,165.25,12.0,163.05,116.0,444.08,26.0,164.7,1.0999999999999943,143.0,38.0,1.226327851764487,164.15,165.25,181,105.0,-27.0,0.58,164.67,3.0
07:35:50,164.3,33.0,257.46,13.0,161.65,71.0,442.38,16.0,210.88,93.15999999999995,104.0,29.0,20.021121846690303,164.3,257.46,133,75.0,-48.0,0.56,163.67,3.0
07:35:51,163.0,70.0,344.86,35.0,121.58,19.0,443.43,14.0,253.93,181.86,89.0,49.0,39.52486154308492,163.0,344.86,138,40.0,5.0,0.29,163.67,
07:35:52,163.0,110.0,343.18,55.0,122.4,103.0,428.36,25.0,253.09,180.18,213.0,80.0,44.03370107088486,163.0,343.18,293,133.0,155.0,0.45,163.67,
07:35:53,166.89,37.0,337.63,54.0,162.44,32.0,396.86,37.0,252.26,170.74,69.0,91.0,39.32277037544608,166.89,337.63,160,-22.0,-133.0,-0.14,163.67,
07:35:54,170.78,27.0,342.0,18.0,167.4,25.0,343.0,45.0,256.39,171.22,52.0,63.0,19.30884900764602,170.78,342.0,115,-11.0,-45.0,-0.1,169.71,7.0
07:35:55,166.14,35.0,339.62,34.0,164.29,21.0,340.37,43.0,252.88,173.48000000000002,56.0,77.0,1.6129631118159704,166.14,339.62,133,-21.0,18.0,-0.16,169.71,
07:35:56,167.88,40.0,209.35,34.0,165.0,11.0,269.1,31.0,188.61,41.47,51.0,65.0,29.133433199677462,167.88,209.35,116,-14.0,-17.0,-0.12,168.0,3.0
07:35:57,165.88,16.0,179.75,40.0,163.08,78.0,183.0,16.0,172.81,13.870000000000005,94.0,56.0,40.47505960465107,165.88,179.75,150,38.0,34.0,0.25,166.75,4.0
07:35:58,163.28,50.0,176.38,32.0,157.75,120.0,177.11,38.0,169.83,13.099999999999994,170.0,70.0,43.09004966346691,163.28,176.38,240,100.0,90.0,0.42,163.4,5.0
07:35:59,173.0,55.0,175.0,22.0,163.0,132.0,176.0,55.0,174.0,2.0,187.0,77.0,35.003328841697794,173.0,175.0,264,110.0,24.0,0.42,163.4,
07:36:00,173.0,40.0,175.0,16.0,166.0,32.0,176.0,40.0,174.0,2.0,72.0,56.0,7.333904144452686,173.0,175.0,128,16.0,-136.0,0.12,163.4,
07:36:01,167.67,21.0,175.0,10.0,163.23,52.0,176.0,25.0,171.33,7.3300000000000125,73.0,35.0,1.8053891547301968,167.67,175.0,108,38.0,-20.0,0.35,173.0,5.0
07:36:02,166.0,44.0,174.0,31.0,163.0,132.0,181.52,44.0,170.0,8.0,176.0,75.0,2.062563938407,166.0,174.0,251,101.0,143.0,0.4,173.0,
07:36:03,166.0,44.0,172.2,30.0,163.24,95.0,207.56,25.0,169.1,6.199999999999989,139.0,55.0,2.256430809933449,166.0,172.2,194,84.0,-57.0,0.43,173.0,
07:36:04,164.71,42.0,172.0,27.0,163.61,74.0,173.0,18.0,168.36,7.289999999999992,116.0,45.0,2.2198918892631023,164.71,172.0,161,71.0,-33.0,0.44,166.2,5.0
07:36:05,164.04,73.0,168.61,46.0,163.16,131.0,169.83,52.0,166.32,4.570000000000022,204.0,98.0,1.8727306266559047,164.04,168.61,302,106.0,141.0,0.35,166.2,
07:36:06,164.02,55.0,165.62,21.0,163.07,102.0,169.42,19.0,164.82,1.5999999999999943,157.0,40.0,2.1143793415596046,164.02,165.62,197,117.0,-105.0,0.59,165.0,5.0
07:36:07,164.0,37.0,165.0,32.0,163.0,128.0,229.64,14.0,164.5,1.0,165.0,46.0,2.06169832905136,164.0,165.0,211,119.0,14.0,0.56,164.0,1.0
07:36:08,164.0,20.0,184.06,17.0,163.0,80.0,355.38,21.0,174.03,20.06,100.0,38.0,3.9018944116946543,164.0,184.06,138,62.0,-73.0,0.45,165.0,4.0
07:36:09,163.29,69.0,224.45,29.0,162.81,86.0,445.54,24.0,193.87,61.16,155.0,53.0,12.449661441180565,163.29,224.45,208,102.0,70.0,0.49,163.57,7.0
07:36:19,163.0,49.0,239.0,35.0,162.0,56.0,390.26,19.0,201.0,76.0,105.0,54.0,102.64403669965526,163.0,239.0,159,51.0,36.0,0.32,163.0,1.0
07:36:20,163.25,32.0,237.12,49.0,162.6,80.0,322.08,52.0,200.19,73.87,112.0,101.0,119.07011997138557,163.25,237.12000000000003,213,11.0,54.0,0.05,163.0,
07:36:21,163.96,52.0,234.88,48.0,162.75,87.0,357.21,56.0,199.42,70.91999999999999,139.0,104.0,99.08009502417792,163.96,234.88,243,35.0,30.0,0.14,163.0,3.0
07:36:22,168.0,22.0,230.67,24.0,164.0,61.0,231.62,42.0,199.33,62.66999999999999,83.0,66.0,63.86790062308374,168.0,230.67,149,17.0,-94.0,0.11,163.0,
07:36:23,168.75,40.0,228.73,22.0,165.14,42.0,231.0,44.0,198.74,59.97999999999999,82.0,66.0,0.8747170971713902,168.75,228.73,148,16.0,-1.0,0.11,169.0,5.0
07:36:24,167.58,24.0,215.32,37.0,163.47,30.0,215.49,41.0,191.45,47.73999999999998,54.0,78.0,3.6013927861430197,167.58,215.32,132,-24.0,-16.0,-0.18,165.4,5.0
07:36:25,163.0,28.0,193.72,50.0,156.24,100.0,195.27,30.0,178.36,30.72,128.0,80.0,9.081671101734551,163.0,193.72,208,48.0,76.0,0.23,165.4,
07:36:26,171.67,54.0,189.08,25.0,161.94,96.0,191.28,29.0,180.37,17.410000000000025,150.0,54.0,9.914043070315891,171.66999999999996,189.08,204,96.0,-4.0,0.47,172.0,1.0
07:36:27,172.0,61.0,185.13,39.0,163.0,168.0,186.56,25.0,178.56,13.129999999999995,229.0,64.0,9.16733494534134,172.0,185.13,293,165.0,89.0,0.56,172.0,3.0
07:36:28,163.13,134.0,183.0,28.0,162.52,23.0,184.05,37.0,173.07,19.870000000000005,157.0,65.0,6.770751066172357,163.13,183.0,222,92.0,-71.0,0.41,172.0,
07:36:29,173.0,10.0,178.59,27.0,163.0,120.0,180.0,20.0,175.8,5.590000000000003,130.0,47.0,2.839713013681628,173.0,178.59,177,83.0,-45.0,0.47,172.0,
07:36:30,172.05,19.0,176.2,35.0,163.21,106.0,177.45,20.0,174.13,4.149999999999977,125.0,55.0,3.042503903049662,172.05,176.2,180,70.0,3.0,0.39,173.0,1.0
07:36:31,171.0,20.0,173.3,20.0,164.0,20.0,174.6,20.0,172.15,2.300000000000012,40.0,40.0,2.529084814724824,171.0,173.3,80,0.0,-100.0,0.0,173.0,
07:36:32,164.3,88.0,171.85,40.0,163.22,36.0,172.63,38.0,168.07,7.549999999999983,124.0,78.0,2.8946295099840893,164.3,171.85,202,46.0,122.0,0.23,164.8,10.0
07:36:33,163.0,110.0,170.0,22.0,162.0,11.0,172.0,44.0,166.5,7.0,121.0,66.0,3.9512592929432153,163.0,170.0,187,55.0,-15.0,0.29,164.8,
07:36:34,163.33,27.0,169.38,32.0,162.97,74.0,185.58,33.0,166.35,6.049999999999983,101.0,65.0,3.5145696749487234,163.33000000000004,169.38,166,36.0,-21.0,0.22,163.0,2.0
07:36:35,164.0,8.0,167.4,20.0,163.0,64.0,168.86,28.0,165.7,3.4000000000000057,72.0,48.0,2.6070730714861754,164.0,167.4,120,24.0,-46.0,0.2,163.0,
07:36:36,163.14,28.0,165.67,21.0,120.57,56.0,167.12,17.0,164.4,2.530000000000001,84.0,38.0,1.332227458081972,163.14,165.67,122,46.0,2.0,0.38,164.0,1.0
07:36:37,163.27,55.0,180.78,18.0,101.38,52.0,430.0,7.0,172.03,17.50999999999999,107.0,25.0,2.933569498080443,163.27,180.78,132,82.0,10.0,0.62,164.43,7.0
07:36:38,164.09,33.0,447.14,14.0,163.13,46.0,564.88,8.0,305.62,283.04999999999995,79.0,22.0,62.00789425549041,164.09,447.14,101,57.0,-31.0,0.56,164.43,
07:36:39,166.73,33.0,351.89,19.0,164.0,66.0,525.35,17.0,259.31,185.16,99.0,36.0,65.19206753892753,166.73,351.89,135,63.0,34.0,0.47,164.43,
07:36:40,168.5,30.0,241.6,10.0,164.0,60.0,362.67,18.0,205.05,73.1,90.0,28.0,60.174384666568,168.5,241.6,118,62.0,-17.0,0.53,164.43,
07:36:41,166.0,36.0,303.69,29.0,163.72,67.0,385.26,23.0,234.84,137.69,103.0,52.0,51.08748623684767,166.0,303.69,155,51.0,37.0,0.33,167.0,5.0
07:36:42,166.0,16.0,299.36,22.0,164.0,32.0,460.0,10.0,232.68,133.36,48.0,32.0,37.7469237157163,166.0,299.36,80,16.0,-75.0,0.2,167.0,
07:36:43,166.5,20.0,411.75,20.0,164.0,40.0,462.21,14.0,289.12,245.25,60.0,34.0,31.619459989065344,166.5,411.75,94,26.0,14.0,0.28,167.0,
07:36:44,168.27,22.0,224.86,35.0,164.0,44.0,434.43,53.0,196.56,56.59,66.0,88.0,36.238467130938325,168.27,224.86,154,-22.0,60.0,-0.14,167.0,
07:36:45,169.0,14.0,223.14,35.0,164.0,28.0,234.0,15.0,196.07,54.13999999999999,42.0,50.0,38.06295548167663,169.0,223.14,92,-8.0,-62.0,-0.09,167.0,
07:36:46,165.58,24.0,222.4,50.0,162.9,40.0,344.0,10.0,193.99,56.81999999999999,64.0,60.0,40.996268488730685,165.58,222.4,124,4.0,32.0,0.03,165.67,6.0
07:36:47,163.0,20.0,220.92,13.0,161.0,20.0,248.53,17.0,191.96,57.91999999999999,40.0,30.0,42.28994147548668,163.0,220.92,70,10.0,-54.0,0.14,165.67,
07:36:48,163.0,24.0,217.33,30.0,161.0,24.0,219.0,6.0,190.17,54.33000000000001,48.0,36.0,2.7090865619389386,163.0,217.33,84,12.0,14.0,0.14,165.67,
07:36:49,163.75,32.0,216.11,45.0,161.89,36.0,326.06,17.0,189.93,52.360000000000014,68.0,62.0,2.6106282768861364,163.75,216.11,130,6.0,46.0,0.05,165.67,
07:36:50,166.5,18.0,214.1,50.0,164.27,33.0,437.02,46.0,190.3,47.6,51.0,96.0,1.7190840584674545,166.5,214.1,147,-45.0,17.0,-0.31,168.0,3.0
07:36:51,165.0,30.0,211.3,50.0,163.0,37.0,529.8,30.0,188.15,46.30000000000001,67.0,80.0,1.354241485140793,165.0,211.3,147,-13.0,0.0,-0.09,168.0,
07:36:52,165.0,27.0,209.0,25.0,163.69,26.0,252.45,29.0,187.0,44.0,53.0,54.0,1.4650767898222468,165.0,209.0,107,-1.0,-40.0,-0.01,168.0,
07:36:53,165.0,18.0,208.0,6.0,164.0,18.0,209.0,30.0,186.5,43.0,36.0,36.0,1.7015081545721502,165.0,208.0,72,0.0,-35.0,0.0,168.0,
07:36:54,165.0,33.0,193.88,33.0,164.0,33.0,198.73,37.0,179.44,28.879999999999995,66.0,70.0,4.092972025322733,165.0,193.88,136,-4.0,64.0,-0.03,168.0,
07:36:55,164.6,10.0,189.75,24.0,163.2,30.0,190.67,30.0,177.18,25.15000000000001,40.0,54.0,4.979455793565508,164.6,189.75,94,-14.0,-42.0,-0.15,164.6,5.0
07:36:56,164.0,8.0,186.4,25.0,163.0,48.0,189.42,31.0,175.2,22.40000000000001,56.0,56.0,5.405911579009761,164.0,186.4,112,0.0,18.0,0.0,164.6,
07:36:57,165.0,35.0,185.12,64.0,163.14,84.0,185.65,46.0,175.06,20.120000000000005,119.0,110.0,4.722147816414754,165.0,185.12,229,9.0,117.0,0.04,164.6,
07:36:58,169.0,25.0,178.62,71.0,164.0,51.0,179.94,51.0,173.81,9.620000000000005,76.0,122.0,2.205134916523128,169.0,178.62,198,-46.0,-31.0,-0.23,164.6,
07:36:59,165.07,28.0,176.06,80.0,162.74,70.0,179.0,64.0,170.57,10.990000000000007,98.0,144.0,2.4400061475473063,165.07,176.06,242,-46.0,44.0,-0.19,164.5,6.0
07:37:00,164.27,26.0,174.39,38.0,162.25,28.0,178.68,25.0,169.33,10.119999999999976,54.0,63.0,2.6879973958446834,164.27,174.39,117,-9.0,-125.0,-0.08,166.25,4.0
07:37:01,164.97,116.0,171.56,50.0,162.85,81.0,173.14,74.0,168.26,6.590000000000003,197.0,124.0,2.9170584498887044,164.97,171.56,321,73.0,180.0,0.23,166.25,
07:37:02,163.75,68.0,167.03,71.0,149.18,66.0,168.06,86.0,165.39,3.280000000000001,134.0,157.0,3.089323550563464,163.75,167.03,291,-23.0,-30.0,-0.08,163.67,6.0
07:37:03,163.62,42.0,166.66,56.0,156.45,44.0,167.64,45.0,165.14,3.039999999999992,86.0,101.0,2.4025965121228987,163.62,166.66,187,-15.0,-104.0,-0.08,164.0,5.0
07:37:04,152.8,20.0,165.94,33.0,137.32,19.0,168.61,23.0,159.37,13.139999999999986,39.0,56.0,3.873147299040384,152.8,165.94,95,-17.0,-92.0,-0.18,164.67,6.0
07:37:07,164.0,49.0,266.81,31.0,95.73,11.0,528.31,35.0,215.4,102.81,60.0,66.0,28.77341081623909,164.0,266.81,126,-6.0,25.0,-0.05,170.14,7.0
07:37:08,165.0,60.0,209.52,42.0,96.9,20.0,235.19,54.0,187.26,44.52000000000001,80.0,96.0,30.2225573041076,165.0,209.52,176,-16.0,50.0,-0.09,170.14,
07:37:09,164.11,91.0,192.55,44.0,117.64,99.0,297.25,20.0,178.33,28.44,190.0,64.0,29.632103030329628,164.11,192.55,254,126.0,78.0,0.5,165.0,5.0
07:37:10,164.09,45.0,191.0,24.0,112.17,46.0,362.33,12.0,177.54,26.91,91.0,36.0,24.597708226582306,164.09,191.0,127,55.0,-127.0,0.43,164.0,1.0
07:37:11,165.29,28.0,190.29,28.0,164.0,56.0,368.71,14.0,177.79,25.0,84.0,42.0,16.246258953989333,165.29,190.29,126,42.0,-1.0,0.33,164.0,
07:37:12,166.0,44.0,190.0,44.0,164.0,88.0,306.71,17.0,178.0,24.0,132.0,61.0,4.189239787846205,166.0,190.0,193,71.0,67.0,0.37,165.6,5.0
07:37:13,164.0,83.0,189.09,44.0,71.37,38.0,265.64,22.0,176.55,25.090000000000003,121.0,66.0,0.6756996374664954,164.0,189.09000000000003,187,55.0,-6.0,0.29,165.6,
07:37:14,164.0,72.0,188.4,30.0,83.0,32.0,231.0,18.0,176.2,24.40000000000001,104.0,48.0,0.7944998427136954,164.0,188.4,152,56.0,-35.0,0.37,165.6,
07:37:15,164.0,63.0,188.71,28.0,139.71,28.0,241.44,9.0,176.36,24.710000000000008,91.0,37.0,0.847673286161563,164.0,188.71,128,54.0,-24.0,0.42,165.6,
07:37:16,164.0,64.0,186.5,32.0,132.47,30.0,237.0,8.0,175.25,22.5,94.0,40.0,0.9900353529403054,164.0,186.5,134,54.0,6.0,0.4,164.0,2.0
07:37:17,168.96,24.0,186.0,20.0,160.0,32.0,237.0,5.0,177.48,17.039999999999992,56.0,25.0,0.798104003292534,168.96,186.0,81,31.0,-53.0,0.38,171.0,1.0
07:37:18,171.0,32.0,183.75,32.0,164.0,56.0,235.91,11.0,177.38,12.75,88.0,43.0,0.9221062845852824,171.0,183.75,131,45.0,50.0,0.34,171.0,
07:37:19,171.0,36.0,181.33,39.0,164.0,63.0,206.91,23.0,176.17,10.330000000000013,99.0,62.0,0.9249162124601722,171.0,181.33,161,37.0,30.0,0.23,171.0,
07:37:20,171.0,52.0,178.19,54.0,164.0,115.0,179.25,63.0,174.59,7.189999999999998,167.0,117.0,1.277000391570583,171.0,178.19,284,50.0,123.0,0.18,171.0,
07:37:21,167.81,83.0,174.19,72.0,164.09,94.0,176.83,72.0,171.0,6.379999999999996,177.0,144.0,2.684535341557426,167.81,174.19,321,33.0,37.0,0.1,171.11,9.0
07:37:22,164.56,104.0,171.58,60.0,163.2,113.0,173.0,60.0,168.07,7.02000000000001,217.0,120.0,3.843484096502753,164.56,171.58,337,97.0,16.0,0.29,168.0,1.0
07:37:23,169.0,20.0,170.4,50.0,168.0,40.0,171.8,50.0,169.7,1.4000000000000057,60.0,100.0,3.383331198695824,169.0,170.4,160,-40.0,-177.0,-0.25,168.0,
07:37:24,168.0,11.0,170.0,55.0,164.0,41.0,171.0,55.0,169.0,2.0,52.0,110.0,2.538162721353296,168.0,170.0,162,-58.0,2.0,-0.36,168.4,5.0
07:37:25,166.0,10.0,168.67,48.0,163.07,71.0,199.46,41.0,167.33,2.6699999999999875,81.0,89.0,1.426691977991938,166.0,168.67,170,-8.0,8.0,-0.05,168.0,1.0
07:37:26,164.0,8.0,166.22,37.0,163.0,112.0,167.29,34.0,165.11,2.219999999999999,120.0,71.0,1.772785943103603,164.0,166.22,191,49.0,21.0,0.26,166.0,1.0
07:37:27,163.46,26.0,165.62,52.0,162.28,174.0,228.39,36.0,164.54,2.1599999999999966,200.0,88.0,2.2874724042193924,163.46,165.62,288,112.0,97.0,0.39,163.25,4.0
07:37:28,161.73,99.0,166.32,50.0,141.7,73.0,286.38,26.0,164.02,4.590000000000003,172.0,76.0,2.098392241708978,161.73,166.32,248,96.0,-40.0,0.39,163.0,11.0
07:37:29,142.0,20.0,213.93,14.0,88.57,28.0,238.41,17.0,177.96,71.93,48.0,31.0,5.822333724552872,142.0,213.93,79,17.0,-169.0,0.22,163.0,
07:37:30,152.2,10.0,212.0,7.0,126.28,18.0,214.0,14.0,182.1,59.80000000000001,28.0,21.0,8.609197407428168,152.2,212.0,49,7.0,-30.0,0.14,165.0,1.0
07:37:31,148.8,40.0,210.29,14.0,99.57,14.0,212.25,16.0,179.54,61.48999999999998,54.0,30.0,8.665997922920942,148.8,210.29,84,24.0,35.0,0.29,165.0,
07:37:32,155.0,20.0,178.45,11.0,140.6,20.0,209.83,12.0,166.73,23.44999999999999,40.0,23.0,8.13037514510065,155.0,178.45,63,17.0,-21.0,0.27,161.0,1.0
07:37:34,160.25,16.0,282.75,16.0,118.8,30.0,463.5,16.0,221.5,122.5,46.0,32.0,24.00861886906609,160.25,282.75,78,14.0,18.0,0.18,161.0,2.0
07:37:35,163.22,18.0,453.0,12.0,108.4,10.0,481.0,12.0,308.11,289.78,28.0,24.0,61.37065202521556,163.22,453.0,52,4.0,-26.0,0.08,161.0,
07:37:37,165.67,27.0,438.64,33.0,163.5,32.0,479.33,18.0,302.15,272.97,59.0,51.0,69.03297060101158,165.66999999999996,438.64,110,8.0,-15.0,0.07,161.0,
07:37:38,166.0,39.0,222.48,21.0,164.0,26.0,228.44,55.0,194.24,56.47999999999999,65.0,76.0,56.813598108200594,166.0,222.48,141,-11.0,31.0,-0.08,161.0,
07:37:39,165.8,20.0,207.33,18.0,164.04,46.0,211.09,32.0,186.57,41.53,66.0,50.0,65.56823026435995,165.8,207.33,116,16.0,-25.0,0.14,166.25,4.0
07:37:40,164.0,40.0,204.44,25.0,163.0,220.0,205.0,25.0,184.22,40.44,260.0,50.0,67.12464115360402,164.0,204.44,310,210.0,180.0,0.68,166.25,
07:37:41,164.0,23.0,201.08,26.0,163.0,176.0,202.57,14.0,182.54,37.08000000000001,199.0,40.0,51.7387894137473,164.0,201.08,239,159.0,-71.0,0.67,164.0,3.0
07:37:42,163.04,106.0,196.0,15.0,149.44,147.0,200.0,35.0,179.52,32.96000000000001,253.0,50.0,5.560109711154358,163.04,196.0,303,203.0,64.0,0.67,163.08,12.0
07:37:43,163.0,92.0,192.88,25.0,121.02,84.0,198.17,30.0,177.94,29.879999999999995,176.0,55.0,3.486189897304881,163.0,192.88,231,121.0,-72.0,0.52,163.08,
07:37:44,163.14,118.0,191.62,26.0,124.89,84.0,192.34,29.0,177.38,28.480000000000015,202.0,55.0,2.9616887074892424,163.14,191.62,257,147.0,26.0,0.57,167.0,2.0
07:37:45,163.0,129.0,187.26,27.0,112.82,22.0,189.0,28.0,175.13,24.25999999999999,151.0,55.0,2.751675853015388,163.0,187.26,206,96.0,-51.0,0.47,163.0,1.0
07:37:46,164.19,101.0,182.53,30.0,149.3,47.0,184.33,30.0,173.36,18.340000000000003,148.0,60.0,2.4272989103253284,164.19,182.53,208,88.0,2.0,0.42,163.0,
07:37:47,168.0,64.0,178.92,52.0,163.0,143.0,183.0,26.0,173.46,10.919999999999987,207.0,78.0,2.142167127015424,168.0,178.92000000000002,285,129.0,77.0,0.45,168.0,5.0
07:37:48,169.25,40.0,175.44,25.0,163.26,116.0,177.0,32.0,172.34,6.189999999999998,156.0,57.0,1.974862020512972,169.25,175.44,213,99.0,-72.0,0.46,168.0,
07:37:49,170.39,23.0,174.55,11.0,165.09,23.0,480.14,14.0,172.47,4.160000000000025,46.0,25.0,1.1152443678691102,170.39,174.55,71,21.0,-142.0,0.3,173.0,5.0
07:37:50,163.0,68.0,174.0,14.0,99.82,56.0,587.71,14.0,168.5,11.0,124.0,28.0,2.034964373167908,163.0,174.0,152,96.0,81.0,0.63,165.29,7.0
07:37:51,163.22,37.0,174.0,12.0,142.62,34.0,610.0,12.0,168.61,10.78,71.0,24.0,2.342078137053045,163.22,174.0,95,47.0,-57.0,0.49,165.29,
07:37:52,164.86,14.0,174.0,14.0,163.04,48.0,743.3,23.0,169.43,9.139999999999986,62.0,37.0,1.982359705013496,164.86,174.0,99,25.0,4.0,0.25,165.29,
07:37:53,164.0,57.0,174.0,12.0,158.0,32.0,720.0,30.0,169.0,10.0,89.0,42.0,1.644375261325909,164.0,174.0,131,47.0,32.0,0.36,164.0,3.0
07:37:54,164.0,70.0,173.4,10.0,163.0,30.0,431.75,16.0,168.7,9.400000000000006,100.0,26.0,0.3746598458069379,164.0,173.4,126,74.0,-5.0,0.59,164.0,
07:37:55,164.12,127.0,172.31,26.0,163.47,91.0,275.63,38.0,168.21,8.189999999999998,218.0,64.0,0.4556862956684502,164.12,172.31,282,154.0,156.0,0.55,164.0,
07:37:56,165.0,45.0,170.24,21.0,164.0,75.0,171.31,26.0,167.62,5.240000000000009,120.0,47.0,0.7019757831007327,165.0,170.24,167,73.0,-115.0,0.44,164.0,
07:37:57,165.0,45.0,168.0,30.0,164.0,75.0,169.0,15.0,166.5,3.0,120.0,45.0,0.9909994954889924,165.0,168.0,165,75.0,-2.0,0.45,164.0,
07:37:58,165.34,29.0,169.78,18.0,164.44,48.0,187.49,37.0,167.56,4.439999999999998,77.0,55.0,0.8252999455102417,165.33999999999995,169.78,132,22.0,-33.0,0.17,166.33,3.0
07:37:59,164.52,31.0,173.0,22.0,163.58,43.0,199.71,49.0,168.76,8.47999999999999,74.0,71.0,0.8433860326441377,164.52,173.0,145,3.0,13.0,0.02,166.33,
07:38:00,166.42,24.0,172.83,24.0,164.0,24.0,206.62,42.0,169.62,6.410000000000025,48.0,66.0,1.2030461338034628,166.42,172.83,114,-18.0,-31.0,-0.16,166.33,
07:38:01,167.83,60.0,171.08,26.0,165.62,26.0,227.0,39.0,169.46,3.25,86.0,65.0,1.3280813228337285,167.83,171.07999999999998,151,21.0,37.0,0.14,166.33,
07:38:02,167.31,35.0,169.7,20.0,163.43,37.0,271.27,22.0,168.51,2.3899999999999864,72.0,42.0,0.8260871625077668,167.31,169.7,114,30.0,-37.0,0.26,168.0,8.0
07:38:03,164.0,24.0,165.62,21.0,163.0,39.0,186.45,22.0,164.81,1.6200000000000043,63.0,43.0,1.9685451480877,164.0,165.62,106,20.0,-8.0,0.19,164.0,1.0
07:38:04,164.88,32.0,233.14,49.0,162.12,109.0,391.77,35.0,199.01,68.25999999999999,141.0,84.0,13.959715971324954,164.88,233.14,225,57.0,119.0,0.25,164.0,1.0
07:38:05,170.0,58.0,204.26,27.0,167.0,33.0,211.7,23.0,187.13,34.25999999999999,91.0,50.0,14.675758242764434,170.0,204.26,141,41.0,-84.0,0.29,170.0,2.0
07:38:06,170.0,32.0,189.75,32.0,167.0,24.0,191.0,8.0,179.88,19.75,56.0,40.0,13.918517162401685,170.0,189.75,96,16.0,-45.0,0.17,170.0,
07:38:07,170.0,40.0,188.0,40.0,167.29,34.0,191.0,10.0,179.0,18.0,74.0,50.0,12.496416686397431,170.0,188.0,124,24.0,28.0,0.19,170.0,
07:38:08,169.17,48.0,186.73,26.0,167.74,47.0,192.95,41.0,177.95,17.560000000000002,95.0,67.0,8.830482999251785,169.17,186.73,162,28.0,38.0,0.17,170.0,4.0
07:38:09,168.0,50.0,186.27,44.0,167.0,33.0,211.88,41.0,177.14,18.27000000000001,83.0,85.0,3.999731240979885,168.0,186.27,168,-2.0,6.0,-0.01,168.0,1.0
07:38:10,168.18,34.0,184.56,36.0,167.28,29.0,187.0,36.0,176.37,16.379999999999995,63.0,72.0,1.4062609999812754,168.18,184.56,135,-9.0,-33.0,-0.07,168.0,
07:38:11,167.55,22.0,181.38,32.0,166.29,14.0,187.0,32.0,174.46,13.829999999999984,36.0,64.0,1.715322127201548,167.55,181.38,100,-28.0,-35.0,-0.28,167.8,5.0
07:38:12,167.0,10.0,179.0,20.0,165.0,5.0,187.0,20.0,173.0,12.0,15.0,40.0,2.0234450820484486,167.0,179.0,55,-25.0,-45.0,-0.45,167.8,
07:38:13,169.7,20.0,177.57,28.0,166.85,13.0,178.71,28.0,173.64,7.870000000000003,33.0,56.0,1.772517983001923,169.7,177.57,89,-23.0,34.0,-0.26,167.8,
07:38:14,168.29,28.0,174.58,48.0,166.0,16.0,175.58,48.0,171.43,6.2900000000000205,44.0,96.0,1.8248972573994595,168.29,174.58,140,-52.0,51.0,-0.37,167.8,
07:38:15,167.0,20.0,173.0,40.0,165.0,10.0,174.0,40.0,170.0,6.0,30.0,80.0,1.787870241394158,167.0,173.0,110,-50.0,-30.0,-0.45,167.8,
07:38:16,167.46,26.0,171.8,40.0,165.92,13.0,173.2,40.0,169.63,4.340000000000003,39.0,80.0,1.7729495198853895,167.46,171.8,119,-41.0,9.0,-0.34,167.8,
07:38:17,167.67,24.0,169.12,32.0,166.0,12.0,257.43,28.0,168.4,1.450000000000017,36.0,60.0,2.0043328067117265,167.67,169.12,96,-24.0,-23.0,-0.25,168.0,4.0
07:38:18,164.86,7.0,323.76,17.0,163.02,61.0,450.57,14.0,244.31,158.89999999999998,68.0,31.0,33.31034118708596,164.86,323.76,99,37.0,3.0,0.37,167.0,2.0
07:38:19,163.53,17.0,290.12,25.0,162.95,114.0,383.7,20.0,226.82,126.59,131.0,45.0,36.79919931194273,163.53,290.12,176,86.0,77.0,0.49,163.2,5.0
07:38:20,167.3,115.0,236.08,26.0,162.86,84.0,299.48,21.0,201.69,68.78,199.0,47.0,33.84854871335096,167.3,236.08,246,152.0,70.0,0.62,163.2,
07:38:21,166.76,71.0,229.69,32.0,162.82,107.0,234.76,17.0,198.22,62.93000000000001,178.0,49.0,29.052410743346208,166.76,229.69,227,129.0,-19.0,0.57,168.0,1.0
07:38:22,161.75,56.0,203.07,41.0,123.87,122.0,209.58,43.0,182.41,41.31999999999999,178.0,84.0,24.630979477075226,161.75,203.07,262,94.0,35.0,0.36,164.22,9.0
07:38:23,162.23,94.0,174.6,45.0,74.44,18.0,202.09,33.0,168.42,12.370000000000005,112.0,78.0,21.973453756751265,162.23,174.6,190,34.0,-72.0,0.18,164.22,
07:38:24,163.5,20.0,172.29,31.0,162.2,101.0,199.0,24.0,167.9,8.789999999999992,121.0,55.0,15.962840286116824,163.5,172.29,176,66.0,-14.0,0.38,164.22,
07:38:25,163.14,35.0,167.8,20.0,162.58,72.0,170.0,20.0,165.47,4.660000000000025,107.0,40.0,13.852730055843386,163.14,167.8,147,67.0,-29.0,0.46,164.0,1.0
07:38:26,163.0,62.0,165.28,25.0,162.0,108.0,169.36,28.0,164.14,2.280000000000001,170.0,53.0,7.335255278452112,163.0,165.28,223,117.0,76.0,0.52,163.0,2.0
07:38:27,162.0,96.0,163.08,36.0,145.75,32.0,165.0,24.0,162.54,1.0800000000000125,128.0,60.0,2.48547379790161,162.0,163.08,188,68.0,-35.0,0.36,162.57,7.0
07:38:28,156.0,39.0,164.16,19.0,120.79,19.0,355.83,24.0,160.08,8.159999999999997,58.0,43.0,2.9531813354505867,156.0,164.16,101,15.0,-87.0,0.15,162.6,10.0
07:38:43,136.9,30.0,197.36,22.0,50.92,48.0,197.3,47.0,167.13,60.46000000000001,78.0,69.0,9.553438124572676,136.9,197.36,147,9.0,12.0,0.06,161.71,7.0
07:38:44,153.1,30.0,247.0,48.0,133.09,33.0,371.86,42.0,200.05,93.9,63.0,90.0,23.555213435671707,153.1,247.0,153,-27.0,6.0,-0.18,161.71,
07:38:45,161.37,325.0,323.56,66.0,159.88,131.0,447.93,58.0,242.47,162.19,456.0,124.0,40.93488145823884,161.37,323.56,580,332.0,180.0,0.57,161.0,2.0
07:38:46,162.21,159.0,308.7,56.0,161.87,231.0,371.07,41.0,235.45,146.48999999999998,390.0,97.0,41.65467176680284,162.21,308.7,487,293.0,-93.0,0.6,161.0,
07:38:47,164.05,40.0,270.15,78.0,162.01,453.0,308.82,44.0,217.1,106.09999999999997,493.0,122.0,30.246837851254707,164.05,270.15,615,371.0,128.0,0.6,164.67,3.0
07:38:48,164.92,24.0,263.23,39.0,162.0,324.0,284.33,42.0,214.07,98.31000000000004,348.0,81.0,17.091466291693735,164.92,263.23,429,267.0,-180.0,0.62,164.67,
07:38:49,162.71,93.0,171.05,42.0,159.0,208.0,196.73,30.0,166.88,8.340000000000003,301.0,72.0,29.552599378059742,162.71,171.05,373,229.0,-56.0,0.61,163.11,9.0
07:38:50,162.0,198.0,168.11,37.0,128.1,103.0,186.21,43.0,165.05,6.110000000000014,301.0,80.0,31.879044057187187,162.0,168.11,381,221.0,8.0,0.58,167.0,2.0
07:38:51,162.0,159.0,166.83,35.0,129.0,108.0,201.15,39.0,164.41,4.8300000000000125,267.0,74.0,27.497726633306765,162.0,166.83,341,193.0,-40.0,0.57,165.33,3.0
07:38:52,162.0,215.0,178.57,30.0,129.8,120.0,269.98,45.0,170.28,16.569999999999993,335.0,75.0,21.32693766109094,162.0,178.57,410,260.0,69.0,0.63,166.0,3.0
07:38:53,162.0,168.0,407.42,19.0,130.0,70.0,558.75,24.0,284.71,245.42,238.0,43.0,52.84504167847795,162.0,407.42,281,195.0,-129.0,0.69,166.0,
07:38:54,162.0,216.0,299.76,29.0,126.49,101.0,327.12,33.0,230.88,137.76,317.0,62.0,53.51118042054467,162.0,299.76,379,255.0,98.0,0.67,166.0,
07:38:55,162.02,241.0,244.0,33.0,132.27,123.0,357.7,43.0,203.01,81.97999999999999,364.0,76.0,49.29599446202592,162.02,244.0,440,288.0,61.0,0.65,166.0,
07:38:56,162.06,162.0,345.4,25.0,139.48,102.0,481.86,35.0,253.73,183.34,264.0,60.0,44.27495759456024,162.06,345.4,324,204.0,-116.0,0.63,163.0,5.0
07:38:57,162.0,220.0,430.88,25.0,146.82,132.0,481.06,31.0,296.44,268.88,352.0,56.0,38.335826976865015,162.0,430.88,408,296.0,84.0,0.73,163.0,
07:38:58,172.0,30.0,253.88,16.0,162.0,120.0,436.88,8.0,212.94,81.88,150.0,24.0,37.26883617716173,172.0,253.88,174,126.0,-180.0,0.72,163.0,
07:38:59,168.67,60.0,219.54,13.0,160.81,172.0,257.18,11.0,194.1,50.870000000000005,232.0,24.0,42.61692891328647,168.67,219.54,256,208.0,82.0,0.81,172.0,5.0
07:39:00,162.07,196.0,214.73,15.0,105.38,142.0,215.92,12.0,188.4,52.66,338.0,27.0,45.50809180794235,162.07,214.73,365,311.0,109.0,0.85,162.0,2.0
07:39:01,163.53,45.0,207.46,24.0,162.44,96.0,212.11,18.0,185.5,43.93000000000001,141.0,42.0,46.50323730666605,163.53,207.46,183,99.0,-180.0,0.54,162.0,
07:39:02,165.73,55.0,173.04,54.0,163.38,94.0,174.13,15.0,169.38,7.310000000000002,149.0,69.0,15.740294787585007,165.73,173.04,218,80.0,35.0,0.37,166.0,5.0
07:39:03,168.0,16.0,172.97,29.0,164.16,62.0,173.64,11.0,170.48,4.969999999999999,78.0,40.0,11.07563632483789,168.0,172.97,118,38.0,-100.0,0.32,166.0,
07:39:04,165.17,47.0,172.0,7.0,164.08,60.0,173.0,28.0,168.59,6.8300000000000125,107.0,35.0,9.645055728198994,165.17,172.0,142,72.0,24.0,0.51,168.0,2.0
07:39:05,163.0,76.0,169.45,44.0,162.0,89.0,172.0,11.0,166.23,6.449999999999989,165.0,55.0,7.686665727092619,163.0,169.45,220,110.0,78.0,0.5,168.0,
07:39:06,163.0,58.0,169.0,32.0,162.0,20.0,172.0,8.0,166.0,6.0,78.0,40.0,1.9648994885379445,163.0,169.0,118,38.0,-102.0,0.32,163.0,3.0
07:39:07,163.46,26.0,168.24,49.0,162.86,64.0,189.27,45.0,165.85,4.780000000000001,90.0,94.0,2.0389580672627945,163.46,168.24,184,-4.0,66.0,-0.02,163.0,
07:39:08,164.5,8.0,166.69,29.0,162.42,24.0,186.52,25.0,165.59,2.1899999999999977,32.0,54.0,1.2175877791991758,164.5,166.69,86,-22.0,-98.0,-0.26,165.0,1.0
07:39:09,163.0,13.0,189.9,40.0,162.0,82.0,269.18,34.0,176.45,26.90000000000001,95.0,74.0,4.716013146722184,163.0,189.9,169,21.0,83.0,0.12,165.29,7.0
07:39:10,171.65,26.0,326.0,18.0,168.42,19.0,620.0,24.0,248.83,154.35,45.0,42.0,36.231210026716894,171.65000000000003,326.0,87,3.0,-82.0,0.03,165.29,
07:39:11,172.0,29.0,315.61,31.0,170.0,45.0,400.94,32.0,243.81,143.61,74.0,63.0,42.451448502967295,172.0,315.61,137,11.0,50.0,0.08,172.0,4.0
07:39:12,172.0,7.0,302.91,22.0,170.0,35.0,334.22,27.0,237.45,130.91000000000005,42.0,49.0,40.01340625340583,172.0,302.91,91,-7.0,-46.0,-0.08,172.0,
07:39:13,171.17,12.0,263.31,26.0,169.79,39.0,333.68,19.0,217.24,92.14,51.0,45.0,29.553806523020107,171.17,263.31,96,6.0,5.0,0.06,172.0,1.0
07:39:14,170.0,45.0,331.56,18.0,168.0,36.0,409.53,34.0,250.78,161.56,81.0,52.0,13.532360104583308,170.0,331.56,133,29.0,37.0,0.22,172.0,
07:39:15,170.0,25.0,330.6,10.0,168.0,20.0,530.78,18.0,250.3,160.60000000000002,45.0,28.0,13.79582654283962,170.0,330.6,73,17.0,-60.0,0.23,172.0,
07:39:16,169.22,41.0,330.0,18.0,167.08,25.0,570.56,36.0,249.61,160.78,66.0,54.0,14.434175764487527,169.22,330.0,120,12.0,47.0,0.1,170.0,5.0
07:39:17,168.0,40.0,327.33,24.0,164.0,20.0,368.56,27.0,247.67,159.32999999999998,60.0,51.0,14.515724232711252,168.0,327.33,111,9.0,-9.0,0.08,170.0,
07:39:18,167.33,48.0,321.71,24.0,163.83,24.0,324.81,27.0,244.52,154.37999999999997,72.0,51.0,2.557876072081096,167.33,321.71,123,21.0,12.0,0.17,168.0,4.0
07:39:19,163.72,25.0,219.83,24.0,162.06,156.0,228.54,26.0,191.78,56.110000000000014,181.0,50.0,25.253212270919438,163.72,219.83,231,131.0,108.0,0.57,164.0,2.0
07:39:20,162.0,221.0,196.72,36.0,161.0,13.0,197.65,20.0,179.36,34.72,234.0,56.0,34.12513985319481,162.0,196.72,290,178.0,59.0,0.61,162.2,5.0
07:39:21,162.53,182.0,190.61,51.0,161.87,78.0,191.43,23.0,176.57,28.080000000000013,260.0,74.0,35.27959821199914,162.53,190.61,334,186.0,44.0,0.56,162.2,
07:39:22,170.0,33.0,189.0,44.0,162.0,187.0,190.0,22.0,179.5,19.0,220.0,66.0,28.65739311242532,170.0,189.0,286,154.0,-48.0,0.54,170.0,3.0
07:39:23,162.0,210.0,186.38,26.0,161.0,12.0,187.83,23.0,174.19,24.379999999999995,222.0,49.0,6.792587872090499,162.0,186.38,271,173.0,-15.0,0.64,170.0,
07:39:24,162.0,246.0,183.0,46.0,161.0,15.0,184.1,40.0,172.5,21.0,261.0,86.0,3.1020847828626303,162.0,183.0,347,175.0,76.0,0.5,162.0,6.0
07:39:25,168.15,13.0,180.22,36.0,162.1,143.0,181.8,40.0,174.19,12.069999999999991,156.0,76.0,2.716459092286695,168.15000000000003,180.22,232,80.0,-115.0,0.34,162.0,
07:39:26,172.0,6.0,177.5,16.0,167.0,6.0,178.5,8.0,174.75,5.5,12.0,24.0,2.639664751453632,172.0,177.5,36,-12.0,-180.0,-0.33,162.0,
07:39:27,172.0,12.0,175.17,24.0,167.0,12.0,175.89,35.0,173.58,3.1699999999999875,24.0,59.0,0.8567788513179867,172.0,175.17,83,-35.0,47.0,-0.42,162.0,
07:39:28,169.92,12.0,173.17,36.0,164.27,22.0,177.83,23.0,171.54,3.25,34.0,59.0,1.295171803300761,169.92,173.17,93,-25.0,10.0,-0.27,172.0,1.0
07:39:29,167.08,13.0,172.31,32.0,163.11,37.0,173.34,59.0,169.69,5.22999999999999,50.0,91.0,2.097033619202343,167.07999999999998,172.31,141,-41.0,48.0,-0.29,172.0,
07:39:30,168.0,28.0,170.24,50.0,167.0,13.0,172.22,41.0,169.12,2.240000000000009,41.0,91.0,2.426546929293566,168.0,170.24,132,-50.0,-9.0,-0.38,168.0,5.0
07:39:31,168.0,22.0,169.12,40.0,167.0,8.0,205.25,16.0,168.56,1.1200000000000043,30.0,56.0,2.0549987834699626,168.0,169.12,86,-26.0,-46.0,-0.3,168.0,2.0
07:39:32,163.5,24.0,436.38,37.0,162.08,114.0,448.18,22.0,299.94,272.88,138.0,59.0,58.24357217753804,163.5,436.38,197,79.0,111.0,0.4,164.0,7.0
07:39:33,162.0,104.0,355.56,27.0,161.0,8.0,400.32,25.0,258.78,193.56,112.0,52.0,62.10929576158546,162.0,355.56,164,60.0,-33.0,0.37,164.0,
07:39:34,162.0,72.0,347.5,24.0,161.0,9.0,355.48,31.0,254.75,185.5,81.0,55.0,58.76529162694687,162.0,347.5,136,26.0,-28.0,0.19,164.0,
07:39:35,161.5,24.0,266.27,55.0,115.44,59.0,302.2,50.0,213.89,104.76999999999998,83.0,105.0,49.86263861850994,161.5,266.27,188,-22.0,52.0,-0.12,162.0,4.0
07:39:36,161.98,55.0,265.42,19.0,140.67,9.0,266.36,22.0,213.7,103.44000000000004,64.0,41.0,36.053057706665136,161.98,265.42,105,23.0,-83.0,0.22,162.0,
07:39:37,162.0,60.0,200.88,32.0,161.0,7.0,264.16,19.0,181.44,38.88,67.0,51.0,32.30153200701332,162.0,200.88,118,16.0,13.0,0.14,162.0,1.0
07:39:38,162.42,71.0,250.32,41.0,160.65,31.0,266.61,31.0,206.37,87.9,102.0,72.0,26.35825582241924,162.42,250.32,174,30.0,56.0,0.17,162.0,
07:39:39,164.0,65.0,260.69,52.0,162.14,84.0,266.16,19.0,212.35,96.69,149.0,71.0,13.821926421454112,164.0,260.69,220,78.0,46.0,0.35,162.0,
07:39:40,164.0,47.0,256.12,25.0,163.0,33.0,260.06,36.0,210.06,92.12,80.0,61.0,13.341976240425955,164.0,256.12,141,19.0,-79.0,0.13,164.0,4.0
07:39:41,164.0,12.0,176.57,23.0,163.0,36.0,258.07,43.0,170.28,12.569999999999991,48.0,66.0,19.013186213785534,164.0,176.57,114,-18.0,-27.0,-0.16,164.0,
07:39:42,164.0,14.0,173.93,57.0,162.48,62.0,174.79,56.0,168.96,9.930000000000009,76.0,113.0,22.002948211548443,164.0,173.93,189,-37.0,75.0,-0.2,164.0,
07:39:43,164.0,13.0,169.8,35.0,163.0,39.0,170.68,60.0,166.9,5.800000000000011,52.0,95.0,23.318852887740366,164.0,169.8,147,-43.0,-42.0,-0.29,169.0,1.0
07:39:44,164.0,8.0,166.38,21.0,163.0,24.0,168.44,16.0,165.19,2.3799999999999955,32.0,37.0,18.984488931758765,164.0,166.38,69,-5.0,-78.0,-0.07,169.0,
07:39:45,163.19,21.0,165.35,31.0,162.15,82.0,166.67,15.0,164.27,2.1599999999999966,103.0,46.0,2.5133145445934333,163.19,165.35,149,57.0,80.0,0.38,163.5,2.0
07:39:46,162.0,91.0,216.78,36.0,161.0,14.0,319.22,18.0,189.39,54.78,105.0,54.0,10.466564383792186,162.0,216.78,159,51.0,10.0,0.32,162.79,14.0
07:39:47,161.3,10.0,229.62,37.0,149.32,25.0,498.55,22.0,195.46,68.32,35.0,59.0,14.95785646408169,161.3,229.62,94,-24.0,-65.0,-0.26,162.0,1.0
07:39:53,160.0,56.0,222.19,54.0,157.26,50.0,489.53,45.0,191.09,62.19,106.0,99.0,14.24223402419944,160.0,222.19,205,7.0,2.0,0.03,163.0,4.0
07:39:54,161.2,20.0,211.0,15.0,152.0,5.0,566.6,5.0,186.1,49.80000000000001,25.0,20.0,15.454799578126796,161.2,211.0,45,5.0,-160.0,0.11,163.0,
07:39:55,162.38,40.0,241.29,21.0,159.55,22.0,560.0,7.0,201.83,78.91,62.0,28.0,18.64044178661209,162.38,241.29,90,34.0,45.0,0.38,162.0,5.0
07:39:56,163.75,40.0,411.57,21.0,162.0,40.0,518.9,10.0,287.66,247.82,80.0,31.0,48.36236997914901,163.75,411.57,111,49.0,21.0,0.44,162.0,
07:39:57,164.5,46.0,215.1,29.0,162.6,52.0,411.33,21.0,189.8,50.6,98.0,50.0,43.08788843747274,164.5,215.1,148,48.0,37.0,0.32,162.0,
07:39:58,168.0,40.0,316.79,14.0,167.0,8.0,415.57,21.0,242.39,148.79000000000002,48.0,35.0,43.18124859241688,168.0,316.79,83,13.0,-65.0,0.16,162.0,
07:39:59,168.0,32.0,305.0,10.0,167.0,10.0,367.0,30.0,236.5,137.0,42.0,40.0,38.45986258425935,168.0,305.0,82,2.0,-1.0,0.02,168.0,3.0
07:40:00,163.27,60.0,323.46,13.0,162.21,39.0,440.26,31.0,243.36,160.18999999999997,99.0,44.0,34.715812247448845,163.27,323.46,143,55.0,61.0,0.38,166.75,4.0
07:40:01,163.0,48.0,406.58,12.0,162.0,30.0,474.86,14.0,284.79,243.58,78.0,26.0,33.739586097048054,163.0,406.58,104,52.0,-39.0,0.5,166.75,
07:40:02,162.53,86.0,259.74,62.0,161.45,77.0,318.0,42.0,211.14,97.21,163.0,104.0,26.467871656030862,162.53,259.74,267,59.0,163.0,0.22,162.89,9.0
07:40:03,162.0,48.0,200.0,35.0,161.0,42.0,251.57,21.0,181.0,38.0,90.0,56.0,38.63341325847502,162.0,200.0,146,34.0,-121.0,0.23,162.89,
07:40:04,162.0,38.0,197.93,43.0,161.0,54.0,309.1,31.0,179.97,35.93000000000001,92.0,74.0,44.56826415735871,162.0,197.93,166,18.0,20.0,0.11,162.89,
07:40:05,162.0,72.0,196.6,53.0,161.0,78.0,197.62,64.0,179.3,34.599999999999994,150.0,117.0,45.39285901989536,162.0,196.6,267,33.0,101.0,0.12,162.0,1.0
07:40:06,162.19,42.0,194.19,31.0,160.43,53.0,194.9,49.0,178.19,32.0,95.0,80.0,14.135368760668342,162.19,194.19,175,15.0,-92.0,0.09,162.0,
07:40:07,162.0,55.0,191.47,36.0,158.11,35.0,193.68,37.0,176.74,29.47,90.0,73.0,1.642147983609768,162.0,191.47,163,17.0,-12.0,0.1,163.0,1.0
07:40:08,162.0,40.0,190.72,36.0,161.0,40.0,192.16,19.0,176.36,28.72,80.0,55.0,1.566962028918679,162.0,190.72,135,25.0,-28.0,0.19,163.0,
07:40:09,162.0,41.0,188.62,32.0,161.0,55.0,189.38,29.0,175.31,26.620000000000005,96.0,61.0,1.5714165584186377,162.0,188.62,157,35.0,22.0,0.22,163.0,
07:40:10,162.0,66.0,185.11,27.0,161.0,55.0,185.59,34.0,173.56,23.110000000000014,121.0,61.0,1.7246651849189232,162.0,185.11,182,60.0,25.0,0.33,163.0,
07:40:11,162.0,60.0,181.29,17.0,161.0,70.0,182.06,35.0,171.65,19.289999999999992,130.0,52.0,2.1147411189245813,162.0,181.29,182,78.0,0.0,0.43,162.0,4.0
07:40:12,164.83,24.0,178.46,24.0,161.84,51.0,179.75,40.0,171.65,13.629999999999995,75.0,64.0,2.126741639238193,164.83,178.46,139,11.0,-43.0,0.08,162.0,
07:40:13,170.0,72.0,175.29,34.0,164.0,19.0,177.06,31.0,172.65,5.289999999999992,91.0,65.0,1.5338448422408744,170.0,175.29,156,26.0,17.0,0.17,162.0,
07:40:14,170.0,70.0,172.05,39.0,166.4,30.0,174.38,26.0,171.03,2.050000000000012,100.0,65.0,0.9979579149785088,170.0,172.05,165,35.0,9.0,0.21,170.0,2.0
07:40:15,168.67,81.0,186.57,37.0,167.91,129.0,251.06,16.0,177.62,17.900000000000006,210.0,53.0,2.6907619738782023,168.67,186.57,263,157.0,98.0,0.6,170.0,4.0
07:40:16,168.0,186.0,200.92,24.0,164.0,12.0,287.81,36.0,184.46,32.91999999999999,198.0,60.0,5.650227429057269,168.0,200.92,258,138.0,-5.0,0.53,168.0,5.0
07:40:17,169.0,52.0,180.75,8.0,167.71,92.0,341.78,23.0,174.88,11.75,144.0,31.0,5.27474833523569,169.0,180.75,175,113.0,-83.0,0.65,172.0,2.0
07:40:18,168.23,70.0,179.0,10.0,167.49,106.0,251.35,46.0,173.61,10.77000000000001,176.0,56.0,5.132041504125999,168.23,179.0,232,120.0,57.0,0.52,169.33,3.0
07:40:19,168.0,88.0,177.75,8.0,167.0,72.0,199.0,40.0,172.88,9.75,160.0,48.0,4.704157735458303,168.0,177.75,208,112.0,-24.0,0.54,169.33,
07:40:20,168.0,121.0,174.91,11.0,167.0,99.0,187.95,19.0,171.45,6.909999999999997,220.0,30.0,5.18399749229021,168.0,174.91,250,190.0,42.0,0.76,169.33,
07:40:21,168.62,29.0,172.6,10.0,167.92,108.0,174.2,10.0,170.61,3.9799999999999898,137.0,20.0,1.6987142196581688,168.62,172.6,157,117.0,-93.0,0.75,169.0,3.0
07:40:22,168.04,85.0,169.85,13.0,167.27,123.0,221.12,17.0,168.94,1.8100000000000025,208.0,30.0,1.8509916261474275,168.04,169.84999999999997,238,178.0,81.0,0.75,168.2,5.0
07:40:23,168.0,63.0,230.71,14.0,167.0,90.0,352.8,30.0,199.36,62.71000000000001,153.0,44.0,12.776175875435973,168.0,230.71,197,109.0,-41.0,0.55,168.0,2.0
07:40:26,172.0,11.0,333.2,25.0,168.0,35.0,503.35,31.0,252.6,161.2,46.0,56.0,72.5959318419437,172.0,333.2,102,-10.0,6.0,-0.1,172.0,2.0
07:40:27,172.0,12.0,256.25,20.0,168.0,60.0,371.21,42.0,214.12,84.25,72.0,62.0,61.0632301798729,172.0,256.25,134,10.0,32.0,0.07,172.0,
07:40:28,170.57,14.0,254.3,10.0,167.83,54.0,410.6,30.0,212.44,83.73000000000002,68.0,40.0,57.77830388649483,170.57,254.3,108,28.0,-26.0,0.26,172.0,1.0
07:40:29,168.0,65.0,252.0,25.0,167.0,117.0,261.6,45.0,210.0,84.0,182.0,70.0,49.30101337701002,168.0,252.0,252,112.0,144.0,0.44,172.0,
07:40:30,168.0,40.0,228.4,30.0,167.0,72.0,245.19,26.0,198.2,60.400000000000006,112.0,56.0,20.60202708473364,168.0,228.4,168,56.0,-84.0,0.33,172.0,
07:40:31,168.0,40.0,201.86,43.0,167.0,99.0,212.78,27.0,184.93,33.860000000000014,139.0,70.0,12.318012014935135,168.0,201.86000000000004,209,69.0,41.0,0.33,168.0,3.0
07:40:32,168.0,30.0,199.03,67.0,167.0,140.0,200.43,23.0,183.51,31.03,170.0,90.0,13.53854977462804,168.0,199.03,260,80.0,51.0,0.31,168.0,
07:40:33,167.06,105.0,197.91,34.0,165.39,137.0,197.46,50.0,182.48,30.849999999999994,242.0,84.0,11.98937571352552,167.06,197.91,326,158.0,66.0,0.48,168.0,
07:40:34,167.3,23.0,194.56,9.0,166.42,69.0,197.0,45.0,180.93,27.25999999999999,92.0,54.0,6.96921444641147,167.3,194.56,146,38.0,-180.0,0.26,167.0,2.0
07:40:35,167.4,20.0,193.02,51.0,166.3,86.0,195.0,15.0,180.21,25.620000000000005,106.0,66.0,1.9102146476423305,167.4,193.02,172,40.0,26.0,0.23,167.25,4.0
07:40:36,167.0,28.0,191.45,11.0,165.0,70.0,192.06,31.0,179.23,24.44999999999999,98.0,42.0,1.7235486648384315,167.0,191.45,140,56.0,-32.0,0.4,167.25,
07:40:37,167.29,68.0,187.19,32.0,165.24,136.0,189.16,64.0,177.24,19.90000000000001,204.0,96.0,1.953732325592549,167.29,187.19,300,108.0,160.0,0.36,167.25,
07:40:38,168.0,40.0,183.75,8.0,167.0,32.0,185.84,32.0,175.88,15.75,72.0,40.0,2.098682920325073,168.0,183.75,112,32.0,-180.0,0.29,167.25,
07:40:39,167.96,94.0,179.33,27.0,166.76,82.0,180.51,47.0,173.65,11.370000000000005,176.0,74.0,2.622912503318203,167.96,179.33000000000004,250,102.0,138.0,0.41,168.0,5.0
07:40:40,167.0,36.0,175.2,25.0,165.0,90.0,176.56,9.0,171.1,8.199999999999989,126.0,34.0,3.155764566640151,167.0,175.2,160,92.0,-90.0,0.57,168.0,
07:40:41,165.81,67.0,174.07,61.0,164.63,142.0,175.41,17.0,169.94,8.259999999999991,209.0,78.0,3.0858094562140463,165.81,174.07,287,131.0,127.0,0.46,167.0,3.0
07:40:42,165.31,78.0,170.89,28.0,164.35,139.0,173.34,58.0,168.1,5.579999999999984,217.0,86.0,3.0694755252418138,165.31,170.89,303,131.0,16.0,0.43,165.0,2.0
07:40:43,164.19,240.0,167.6,86.0,163.96,110.0,169.23,22.0,165.9,3.4099999999999966,350.0,108.0,2.9416355994679027,164.19,167.6,458,242.0,155.0,0.53,164.86,7.0
07:40:44,164.0,146.0,166.76,41.0,163.0,59.0,167.38,37.0,165.38,2.759999999999991,205.0,78.0,2.4810642877715887,164.0,166.76,283,127.0,-175.0,0.45,164.0,6.0
07:40:45,164.0,95.0,165.73,55.0,163.0,55.0,354.0,55.0,164.86,1.7299999999999898,150.0,110.0,2.129150065179647,164.0,165.73,260,40.0,-23.0,0.15,164.0,3.0
07:40:46,164.0,21.0,354.43,28.0,163.0,30.0,470.82,34.0,259.21,190.43,51.0,62.0,41.67621503927711,164.0,354.43,113,-11.0,-147.0,-0.1,164.0,5.0
07:40:47,163.4,20.0,376.09,23.0,162.43,56.0,445.28,32.0,269.74,212.69,76.0,55.0,54.40533999526227,163.4,376.09,131,21.0,18.0,0.16,163.4,5.0
07:40:48,163.45,11.0,387.67,21.0,162.48,31.0,442.34,29.0,275.56,224.22000000000003,42.0,50.0,56.74649064039204,163.45,387.67,92,-8.0,-39.0,-0.09,163.4,
07:40:49,163.67,12.0,213.0,20.0,162.6,40.0,438.42,36.0,188.33,49.33000000000001,52.0,56.0,51.17605836717111,163.67,213.0,108,-4.0,16.0,-0.04,163.5,2.0
07:40:50,163.4,20.0,212.0,20.0,162.14,56.0,344.16,37.0,187.7,48.6,76.0,57.0,44.29262320071039,163.4,212.0,133,19.0,25.0,0.14,163.5,
07:40:51,165.44,18.0,211.2,20.0,162.5,32.0,458.69,29.0,188.32,45.75999999999999,50.0,49.0,46.34721674491467,165.44,211.2,99,1.0,-34.0,0.01,165.67,3.0
07:40:52,164.59,29.0,211.0,24.0,164.8,129.0,686.59,29.0,187.79,46.41,158.0,53.0,39.14345730770453,164.58999999999995,211.0,211,105.0,112.0,0.5,165.67,
07:40:53,168.17,70.0,191.29,28.0,167.96,112.0,327.95,21.0,179.73,23.120000000000005,182.0,49.0,3.725550965974399,168.17,191.29,231,133.0,20.0,0.58,168.67,3.0
07:40:54,168.0,112.0,202.38,16.0,167.0,7.0,514.0,18.0,185.19,34.379999999999995,119.0,34.0,3.5750146852946383,168.0,202.38,153,85.0,-78.0,0.56,168.67,
07:40:55,168.0,112.0,209.64,11.0,167.0,7.0,307.0,12.0,188.82,41.63999999999999,119.0,23.0,3.758437175219573,168.0,209.64,142,96.0,-11.0,0.68,168.67,
07:40:56,168.0,112.0,194.11,9.0,167.0,7.0,198.87,15.0,181.06,26.110000000000014,119.0,24.0,4.017072317007931,168.0,194.11,143,95.0,1.0,0.66,168.67,
07:40:57,168.0,160.0,180.36,22.0,167.0,10.0,181.67,21.0,174.18,12.360000000000014,170.0,43.0,5.5603354215433365,168.0,180.36,213,127.0,70.0,0.6,168.67,
07:40:58,168.0,228.0,174.58,62.0,167.0,18.0,175.41,44.0,171.29,6.5800000000000125,246.0,106.0,7.340474780289641,168.0,174.58,352,140.0,139.0,0.4,168.0,6.0
07:40:59,168.0,87.0,169.81,32.0,167.0,9.0,171.05,19.0,168.91,1.8100000000000025,96.0,51.0,8.094613641185461,168.0,169.81,147,45.0,-180.0,0.31,168.0,1.0
07:41:00,167.26,38.0,264.93,44.0,165.0,14.0,485.89,35.0,216.1,97.67000000000002,52.0,79.0,19.43208609491194,167.26,264.93,131,-27.0,-16.0,-0.21,167.9,10.0
07:41:01,171.0,32.0,457.0,18.0,163.33,6.0,688.0,18.0,314.0,286.0,38.0,36.0,61.881015909567054,171.0,457.0,74,2.0,-57.0,0.03,167.9,
07:41:02,172.0,210.0,293.73,45.0,164.0,15.0,344.0,45.0,232.87,121.73000000000002,225.0,90.0,59.15591542694696,172.0,293.73,315,135.0,180.0,0.43,167.9,
07:41:03,172.0,168.0,279.75,36.0,164.0,12.0,283.0,36.0,225.88,107.75,180.0,72.0,52.42701088179746,172.0,279.75,252,108.0,-63.0,0.43,167.9,
07:41:04,172.0,180.0,267.08,39.0,165.83,24.0,269.92,39.0,219.54,95.07999999999998,204.0,78.0,40.9327328674756,172.0,267.08,282,126.0,30.0,0.45,172.0,2.0
07:41:05,172.0,111.0,265.45,33.0,169.29,28.0,492.87,45.0,218.73,93.45,139.0,78.0,40.53685890643376,172.0,265.45,217,61.0,-65.0,0.28,172.0,3.0
07:41:06,172.0,37.0,264.33,18.0,170.0,18.0,329.33,18.0,218.17,92.32999999999998,55.0,36.0,6.309466696964341,172.0,264.33,91,19.0,-126.0,0.21,172.0,6.0
07:41:07,171.89,38.0,212.46,39.0,169.84,37.0,303.0,45.0,192.18,40.57000000000002,75.0,84.0,13.073352668695788,171.89,212.46,159,-9.0,68.0,-0.06,171.5,4.0
07:41:08,170.0,16.0,209.83,18.0,164.0,8.0,394.56,34.0,189.92,39.83000000000001,24.0,52.0,15.23536904705919,170.0,209.83,76,-28.0,-83.0,-0.37,171.5,
07:41:09,170.0,18.0,207.46,13.0,164.0,9.0,209.26,23.0,188.73,37.46000000000001,27.0,36.0,15.482109998320128,170.0,207.46,63,-9.0,-13.0,-0.14,171.5,
07:41:10,170.0,20.0,202.8,20.0,163.7,10.0,203.45,20.0,186.4,32.80000000000001,30.0,40.0,13.075249519610653,170.0,202.8,70,-10.0,7.0,-0.14,171.5,
07:41:11,170.0,20.0,199.0,14.0,164.0,10.0,214.5,24.0,184.5,29.0,30.0,38.0,2.9959606139055617,170.0,199.0,68,-8.0,-2.0,-0.12,171.5,
07:41:12,163.78,18.0,197.11,9.0,162.04,57.0,198.11,9.0,180.44,33.33000000000001,75.0,18.0,3.746427631767576,163.78,197.11,93,57.0,25.0,0.61,168.0,3.0
07:41:13,162.12,64.0,193.53,15.0,156.58,36.0,195.21,14.0,177.83,31.41,100.0,29.0,4.422764972284859,162.12,193.53,129,71.0,36.0,0.55,163.0,2.0
07:41:14,163.32,76.0,191.69,13.0,159.58,43.0,192.82,22.0,177.5,28.370000000000005,119.0,35.0,3.983237376816557,163.32,191.69,154,84.0,25.0,0.55,163.0,
07:41:15,167.0,56.0,187.21,14.0,162.0,98.0,188.64,14.0,177.11,20.210000000000008,154.0,28.0,3.097649108609178,167.0,187.21,182,126.0,28.0,0.69,163.0,
07:41:16,167.59,49.0,184.74,19.0,164.22,63.0,185.41,17.0,176.16,17.150000000000006,112.0,36.0,1.598896494481796,167.59,184.74,148,76.0,-34.0,0.51,168.0,1.0
07:41:17,168.0,76.0,181.12,25.0,167.0,64.0,182.0,23.0,174.56,13.120000000000005,140.0,48.0,1.316537124453916,168.0,181.12,188,92.0,40.0,0.49,168.0,
07:41:18,169.42,124.0,175.92,26.0,167.44,72.0,176.87,30.0,172.67,6.5,196.0,56.0,1.9918709797737044,169.42,175.92000000000002,252,140.0,64.0,0.56,168.0,
07:41:19,172.0,83.0,184.38,13.0,168.0,96.0,242.32,25.0,178.19,12.379999999999995,179.0,38.0,2.1721579132431303,172.0,184.38,217,141.0,-35.0,0.65,172.0,8.0
07:41:20,172.0,24.0,247.0,16.0,168.0,64.0,371.53,17.0,209.5,75.0,88.0,33.0,15.387014980173031,172.0,247.0,121,55.0,-96.0,0.45,172.0,
07:41:21,172.0,30.0,232.38,26.0,168.0,80.0,324.6,20.0,202.19,60.38,110.0,46.0,17.130486566355113,172.0,232.38,156,64.0,35.0,0.41,172.0,
07:41:22,172.0,30.0,285.8,20.0,168.0,80.0,381.2,20.0,228.9,113.8,110.0,40.0,23.12055687045796,172.0,285.8,150,70.0,-6.0,0.47,172.0,
07:41:23,172.0,36.0,243.36,33.0,168.0,96.0,355.25,24.0,207.68,71.36000000000001,132.0,57.0,18.199507410918727,172.0,243.36,189,75.0,39.0,0.4,172.0,
07:41:24,172.0,22.0,221.0,24.0,168.0,64.0,308.0,16.0,196.5,49.0,86.0,40.0,12.253753710601837,172.0,221.0,126,46.0,-63.0,0.37,172.0,1.0
07:41:25,170.0,36.0,220.0,12.0,167.86,84.0,221.0,36.0,195.0,50.0,120.0,48.0,13.72027623628935,170.0,220.0,168,72.0,42.0,0.43,170.0,4.0
07:41:26,168.0,69.0,220.0,12.0,167.0,48.0,298.24,29.0,194.0,52.0,117.0,41.0,14.747348236211316,168.0,220.0,158,76.0,-10.0,0.48,168.0,5.0
07:41:27,167.0,48.0,190.86,21.0,164.0,120.0,261.75,16.0,178.93,23.860000000000014,168.0,37.0,10.254351271537256,167.0,190.86,205,131.0,47.0,0.64,168.0,
07:41:28,167.0,24.0,220.0,6.0,164.0,60.0,439.25,16.0,193.5,53.0,84.0,22.0,7.167076112340069,167.0,220.0,106,62.0,-99.0,0.58,168.0,
07:41:29,167.0,20.0,186.33,9.0,164.0,44.0,383.18,11.0,176.67,19.330000000000013,64.0,20.0,9.016121671765148,167.0,186.33,84,44.0,-22.0,0.52,168.0,
07:41:30,167.0,44.0,177.68,25.0,164.0,106.0,269.04,25.0,172.34,10.680000000000009,150.0,50.0,10.018491403403528,167.0,177.68,200,100.0,116.0,0.5,168.0,
07:41:31,168.4,15.0,217.0,9.0,165.68,50.0,342.22,27.0,192.7,48.6,65.0,36.0,9.675503604467842,168.4,217.0,101,29.0,-99.0,0.29,168.0,
07:41:32,167.3,20.0,216.88,8.0,164.32,74.0,353.0,24.0,192.09,49.579999999999984,94.0,32.0,10.1293459808653,167.3,216.88,126,62.0,25.0,0.49,168.5,2.0
07:41:33,167.0,39.0,213.69,13.0,164.0,143.0,353.0,39.0,190.35,46.69,182.0,52.0,9.587760426714445,167.0,213.69,234,130.0,108.0,0.56,168.5,
07:41:34,165.0,54.0,210.0,30.0,163.65,102.0,211.0,10.0,187.5,45.0,156.0,40.0,8.43780362417098,165.0,210.0,196,116.0,-38.0,0.59,165.8,5.0
07:41:35,164.0,81.0,209.22,27.0,163.0,81.0,211.0,9.0,186.61,45.22,162.0,36.0,2.711558592410447,164.0,209.22,198,126.0,2.0,0.64,164.0,2.0
07:41:36,165.35,37.0,208.6,25.0,163.96,67.0,209.58,19.0,186.98,43.25,104.0,44.0,2.3969209415569392,165.35,208.6,148,60.0,-50.0,0.41,164.0,
07:41:37,172.0,10.0,192.22,46.0,167.4,30.0,207.08,26.0,182.11,20.22,40.0,72.0,2.9629630439937773,172.0,192.22000000000003,112,-32.0,-36.0,-0.29,164.0,
07:41:38,168.25,32.0,206.81,26.0,164.32,76.0,207.32,22.0,187.53,38.56,108.0,48.0,2.2884995084274187,168.25,206.81,156,60.0,44.0,0.38,172.0,1.0
07:41:39,168.0,30.0,205.1,10.0,164.0,70.0,206.75,24.0,186.55,37.1,100.0,34.0,2.185081234204446,168.0,205.1,134,66.0,-22.0,0.49,172.0,
07:41:40,166.05,41.0,201.95,21.0,163.53,92.0,202.74,19.0,184.0,35.89999999999998,133.0,40.0,2.298593047947399,166.05,201.95,173,93.0,39.0,0.54,166.4,5.0
07:41:41,163.12,127.0,198.96,24.0,162.38,125.0,199.81,16.0,181.04,35.84,252.0,40.0,2.7836361112888817,163.12,198.96,292,212.0,119.0,0.73,163.56,9.0
07:41:42,165.56,100.0,195.19,31.0,162.74,129.0,197.07,15.0,180.38,29.629999999999995,229.0,46.0,3.1929375189739178,165.56,195.19,275,183.0,-17.0,0.67,163.56,
07:41:43,167.0,112.0,193.4,30.0,163.0,126.0,194.19,62.0,180.2,26.40000000000001,238.0,92.0,2.7634543600483994,167.0,193.4,330,146.0,55.0,0.44,163.56,
07:41:44,164.23,78.0,190.58,31.0,162.39,69.0,191.12,17.0,177.41,26.350000000000023,147.0,48.0,2.3525475553258097,164.23,190.58,195,99.0,-135.0,0.51,163.56,
07:41:45,163.0,126.0,186.36,28.0,162.0,98.0,189.78,40.0,174.68,23.360000000000014,224.0,68.0,2.662878142174053,163.0,186.36,292,156.0,97.0,0.53,163.56,
07:41:46,164.69,78.0,174.27,60.0,162.76,143.0,178.57,47.0,169.48,9.580000000000013,221.0,107.0,4.531578091577701,164.69,174.27,328,114.0,36.0,0.35,167.0,2.0
07:41:47,163.12,65.0,166.78,36.0,162.15,123.0,169.0,40.0,164.95,3.6599999999999966,188.0,76.0,6.138235088367428,163.12,166.78,264,112.0,-64.0,0.42,167.0,1.0
07:41:48,162.79,70.0,164.8,49.0,160.68,168.0,182.21,56.0,163.79,2.0100000000000198,238.0,105.0,5.939871210730337,162.79,164.8,343,133.0,79.0,0.39,163.0,9.0
07:41:49,168.0,39.0,218.14,37.0,162.0,140.0,354.69,49.0,193.07,50.13999999999999,179.0,86.0,11.910668746970725,168.0,218.14,265,93.0,-78.0,0.35,163.0,
07:41:50,167.13,46.0,211.0,30.0,163.07,73.0,273.0,10.0,189.07,43.870000000000005,119.0,40.0,13.92731919645942,167.13,211.0,159,79.0,-106.0,0.5,163.0,
07:41:51,170.0,50.0,211.0,30.0,168.0,40.0,273.0,10.0,190.5,41.0,90.0,40.0,14.59645093850111,170.0,211.0,130,50.0,-29.0,0.38,163.0,
07:41:52,170.0,40.0,206.69,29.0,168.0,32.0,218.64,14.0,188.34,36.69,72.0,43.0,11.96817571729597,170.0,206.69,115,29.0,-15.0,0.25,163.0,
07:41:53,170.0,52.0,203.75,24.0,168.0,48.0,205.0,60.0,186.88,33.75,100.0,84.0,2.351269869682274,170.0,203.75,184,16.0,69.0,0.09,170.0,3.0
07:41:54,168.56,25.0,200.92,13.0,165.05,61.0,203.0,26.0,184.74,32.359999999999985,86.0,39.0,2.199336263529212,168.56,200.92,125,47.0,-59.0,0.38,169.0,4.0
07:41:55,168.0,20.0,197.45,11.0,164.0,35.0,201.0,10.0,182.73,29.44999999999999,55.0,21.0,3.030894257488024,168.0,197.45,76,34.0,-49.0,0.45,169.0,
07:41:56,168.0,27.0,196.33,18.0,164.0,45.0,198.0,9.0,182.17,28.330000000000013,72.0,27.0,2.641755098428469,168.0,196.33,99,45.0,23.0,0.45,169.0,
07:41:57,169.78,27.0,194.9,20.0,166.17,35.0,197.08,13.0,182.34,25.120000000000005,62.0,33.0,2.018630724048353,169.78,194.9,95,29.0,-4.0,0.31,169.0,
07:41:58,172.0,16.0,192.77,13.0,168.0,24.0,194.0,11.0,182.38,20.77000000000001,40.0,24.0,1.0638937917251832,172.0,192.77,64,16.0,-31.0,0.25,169.0,
07:41:59,172.0,26.0,189.67,24.0,168.0,39.0,190.93,15.0,180.83,17.669999999999987,65.0,39.0,0.7331780139030594,172.0,189.67,104,26.0,40.0,0.25,169.0,
07:42:00,169.71,14.0,185.25,16.0,164.73,49.0,187.18,17.0,177.48,15.539999999999992,63.0,33.0,2.0904664551410908,169.71,185.25,96,30.0,-8.0,0.31,170.0,4.0
07:42:01,168.0,10.0,181.25,16.0,164.0,50.0,181.86,14.0,174.62,13.25,60.0,30.0,3.391872639128596,168.0,181.25,90,30.0,-6.0,0.33,170.0,
07:42:02,166.43,23.0,177.23,22.0,163.7,142.0,178.52,33.0,171.83,10.799999999999985,165.0,55.0,4.33938590126158,166.43,177.23,220,110.0,130.0,0.5,164.5,8.0
07:42:03,166.18,68.0,175.73,15.0,162.83,159.0,177.0,30.0,170.95,9.549999999999985,227.0,45.0,4.081491149085878,166.18,175.73,272,182.0,52.0,0.67,169.83,12.0
07:42:04,164.27,44.0,173.32,19.0,162.95,128.0,174.26,19.0,168.79,9.049999999999985,172.0,38.0,3.3777403689544894,164.27,173.32,210,134.0,-62.0,0.64,169.83,
07:42:05,167.57,37.0,171.14,21.0,165.92,78.0,172.4,15.0,169.36,3.569999999999993,115.0,36.0,2.308083620682717,167.57,171.14,151,79.0,-59.0,0.52,170.0,1.0
07:42:06,167.0,43.0,168.47,30.0,163.24,191.0,170.74,27.0,167.73,1.4699999999999989,234.0,57.0,1.6521864301776072,167.0,168.47,291,177.0,140.0,0.61,167.0,5.0
07:42:07,166.57,14.0,168.0,28.0,163.01,176.0,184.21,14.0,167.29,1.4300000000000068,190.0,42.0,1.445537962165808,166.57,168.0,232,148.0,-59.0,0.64,167.0,1.0
07:42:08,163.02,113.0,168.0,20.0,162.13,103.0,169.0,50.0,165.51,4.97999999999999,216.0,70.0,1.4918377928118909,163.02,168.0,286,146.0,54.0,0.51,163.0,1.0
07:42:09,162.54,145.0,166.5,32.0,161.71,192.0,168.06,47.0,164.52,3.960000000000008,337.0,79.0,1.9031211207018215,162.54,166.5,416,258.0,130.0,0.62,163.0,1.0
07:42:10,162.08,196.0,165.52,31.0,161.27,198.0,166.72,36.0,163.8,3.4399999999999977,394.0,67.0,1.707556734067912,162.08,165.52,461,327.0,45.0,0.71,163.0,3.0
07:42:11,162.0,122.0,164.0,12.0,161.0,80.0,197.04,25.0,163.0,2.0,202.0,37.0,1.6597981805207829,162.0,164.0,239,165.0,-180.0,0.69,162.14,7.0
07:42:12,162.21,114.0,165.57,35.0,161.45,146.0,248.45,67.0,163.89,3.359999999999985,260.0,102.0,0.9352700145197111,162.21,165.57,362,158.0,123.0,0.44,164.0,2.0
07:42:13,162.0,60.0,163.67,18.0,161.0,72.0,316.17,35.0,162.83,1.6699999999999875,132.0,53.0,0.6933758000243242,162.0,163.67,185,79.0,-177.0,0.43,162.0,3.0
07:42:14,162.0,24.0,178.87,15.0,161.0,64.0,457.97,29.0,170.43,16.870000000000005,88.0,44.0,3.187687249411422,162.0,178.87,132,44.0,-53.0,0.33,162.0,3.0
07:42:15,162.0,11.0,382.45,33.0,161.0,88.0,490.22,18.0,272.23,220.45,99.0,51.0,48.04062322659932,162.0,382.45,150,48.0,18.0,0.32,162.0,
07:42:16,164.85,40.0,404.3,10.0,161.27,22.0,520.81,36.0,284.57,239.45,62.0,46.0,61.94163220322895,164.85,404.3,108,16.0,-42.0,0.15,165.0,6.0
07:42:17,165.0,14.0,391.0,7.0,162.0,8.0,568.32,25.0,278.0,226.0,22.0,32.0,61.36044915089935,165.0,391.0,54,-10.0,-54.0,-0.19,165.0,
07:42:18,166.8,10.0,400.57,7.0,165.0,10.0,615.38,13.0,283.69,233.77,20.0,20.0,49.08336153932533,166.8,400.57,40,0.0,-14.0,0.0,165.0,
07:42:19,168.0,10.0,377.33,15.0,165.0,10.0,554.67,9.0,272.67,209.33,20.0,24.0,5.851787761029701,168.0,377.33,44,-4.0,4.0,-0.09,165.0,
07:42:20,168.0,16.0,327.68,28.0,165.0,16.0,601.07,14.0,247.84,159.68,32.0,42.0,15.047000697817932,168.0,327.68,74,-10.0,30.0,-0.14,165.0,
07:42:21,168.0,20.0,242.89,28.0,165.0,20.0,422.2,30.0,205.45,74.88999999999999,40.0,58.0,32.166786441920515,168.0,242.89,98,-18.0,24.0,-0.18,165.0,
