Time,Bid1_Price,Bid1_Volume,Ask1_Price,Ask1_Volume,Bid2_Price,Bid2_Volume,Ask2_Price,Ask2_Volume,Bid_Ask_Spread,Market_Depth_Bid,Market_Depth_Ask,Historical_Volatility,Weighted_Avg_Bid_Price,Weighted_Avg_Ask_Price,Total_volume,Cumulative_Volume_Difference,Total_Volume_Change_Corrected,Order_imbalance,Weighted_Avg_Price,Trade_Volume
07:30:06,186.0,3.0,201.0,4.0,7.0,2.0,228.0,3.0,15.0,5.0,7.0,28.63874997272052,186.0,201.0,12,-2.0,-9.0,-0.17,,
07:30:07,186.0,18.0,201.0,24.0,159.0,18.0,228.0,18.0,15.0,36.0,42.0,29.0009999827592,186.0,201.0,78,-6.0,66.0,-0.08,,
07:30:08,186.0,18.0,201.0,24.0,159.0,18.0,222.5,12.0,15.0,36.0,36.0,31.133133475447003,186.0,201.0,72,0.0,-6.0,0.0,,
07:30:09,186.0,27.0,200.77,22.0,159.0,27.0,202.67,18.0,14.77000000000001,54.0,40.0,14.745827206365808,186.0,200.77,94,14.0,22.0,0.15,200.0,2.0
07:30:10,186.0,21.0,201.0,21.0,159.0,21.0,206.0,7.0,15.0,42.0,28.0,0.0491934954823056,186.0,201.0,70,14.0,-24.0,0.2,200.0,
07:30:11,186.67,18.0,201.0,24.0,170.55,22.0,206.0,8.0,14.330000000000013,40.0,32.0,0.1668232597624415,186.67,201.0,72,8.0,2.0,0.11,200.0,
07:30:12,185.0,42.0,197.47,51.0,161.0,42.0,201.78,32.0,12.47,84.0,83.0,1.048365394315249,185.0,197.47,167,1.0,95.0,0.01,200.0,
07:30:13,185.0,30.0,196.0,40.0,166.0,30.0,201.0,30.0,11.0,60.0,70.0,1.5123061859285594,185.0,196.0,130,-10.0,-37.0,-0.08,200.0,
07:30:14,185.8,15.0,196.0,28.0,181.0,15.0,201.0,21.0,10.199999999999989,30.0,49.0,1.5521211292930153,185.8,196.0,79,-19.0,-51.0,-0.24,200.0,
07:30:15,188.96,23.0,196.0,48.0,185.47,19.0,201.0,36.0,7.039999999999992,42.0,84.0,1.359816164044919,188.96,196.0,126,-42.0,47.0,-0.33,200.0,
07:30:16,191.92,24.0,198.31,29.0,190.27,15.0,201.91,33.0,6.390000000000015,39.0,62.0,1.8661136085452652,191.92,198.31,101,-23.0,-25.0,-0.23,200.15,13.0
07:30:17,192.71,28.0,208.22,55.0,190.0,14.0,222.84,32.0,15.509999999999993,42.0,87.0,4.098935227592371,192.71,208.22,129,-45.0,28.0,-0.35,205.5,4.0
07:30:18,195.24,46.0,204.0,60.0,194.55,29.0,214.0,36.0,8.759999999999991,75.0,96.0,4.238942085001586,195.24,204.0,171,-21.0,42.0,-0.12,205.5,
07:30:19,199.98,53.0,203.59,59.0,199.25,64.0,208.12,51.0,3.6100000000000136,117.0,110.0,3.9324203742729993,199.98,203.59,227,7.0,56.0,0.03,205.5,
07:30:20,202.13,39.0,203.25,59.0,201.01,91.0,204.91,89.0,1.1200000000000043,130.0,148.0,2.94521306529717,202.13,203.25,278,-18.0,51.0,-0.06,205.18,11.0
07:30:21,204.98,85.0,213.0,19.0,204.53,59.0,257.05,38.0,8.02000000000001,144.0,57.0,3.703068997466421,204.98,213.0,201,87.0,-77.0,0.43,205.18,
07:30:22,209.8,56.0,213.0,13.0,208.8,30.0,252.0,26.0,3.1999999999999886,86.0,39.0,5.035193144259384,209.8,213.0,125,47.0,-76.0,0.38,205.18,
07:30:23,211.0,44.0,219.79,29.0,208.48,71.0,243.65,23.0,8.789999999999992,115.0,52.0,5.7889057687957175,211.0,219.79,167,63.0,42.0,0.38,211.2,5.0
07:30:24,211.08,12.0,214.05,57.0,209.0,72.0,240.15,13.0,2.969999999999999,84.0,70.0,4.794804479850668,211.08,214.05,154,14.0,-13.0,0.09,211.2,
07:30:25,210.0,27.0,213.0,100.0,207.88,75.0,237.0,12.0,3.0,102.0,112.0,2.3211570390638983,210.0,213.0,214,-10.0,60.0,-0.05,212.0,1.0
07:30:26,209.18,66.0,213.0,70.0,205.42,86.0,237.0,14.0,3.819999999999993,152.0,84.0,1.7716291937072666,209.18,213.0,236,68.0,22.0,0.29,209.0,3.0
07:30:27,209.83,24.0,213.0,35.0,207.07,29.0,237.0,15.0,3.1699999999999875,53.0,50.0,1.768849908837908,209.83,213.0,103,3.0,-133.0,0.03,209.8,5.0
07:30:28,209.94,67.0,213.0,55.0,207.25,32.0,237.0,33.0,3.0600000000000023,99.0,88.0,0.5612040627044134,209.94,213.0,187,11.0,84.0,0.06,209.8,
07:30:29,210.0,77.0,213.0,55.0,209.0,22.0,237.0,31.0,3.0,99.0,86.0,0.1741551032728215,210.0,213.0,185,13.0,-2.0,0.07,209.8,
07:30:30,210.0,49.0,213.0,35.0,209.0,14.0,223.58,19.0,3.0,63.0,54.0,0.1741551032728215,210.0,213.0,117,9.0,-68.0,0.08,209.8,
07:30:31,210.84,43.0,213.0,50.0,209.97,65.0,235.0,30.0,2.1599999999999966,108.0,80.0,0.2027806696801933,210.84000000000003,213.0,188,28.0,71.0,0.15,209.8,
07:30:32,211.0,25.0,212.6,25.0,210.0,56.0,218.82,34.0,1.5999999999999943,81.0,59.0,0.2074126321995364,211.0,212.6,140,22.0,-48.0,0.16,211.0,1.0
07:30:33,211.0,27.0,212.67,42.0,210.0,91.0,215.34,41.0,1.6699999999999875,118.0,83.0,0.1967231557187288,211.0,212.67,201,35.0,61.0,0.17,211.67,3.0
07:30:34,210.05,19.0,213.0,28.0,206.74,34.0,229.0,7.0,2.9499999999999886,53.0,35.0,0.1890238080135266,210.05,213.0,88,18.0,-113.0,0.2,210.2,5.0
07:30:35,210.0,15.0,213.0,20.0,206.09,11.0,229.0,5.0,3.0,26.0,25.0,0.1890238080135266,210.0,213.0,51,1.0,-37.0,0.02,210.2,
07:30:36,207.12,68.0,212.94,34.0,205.37,27.0,223.67,12.0,5.819999999999993,95.0,46.0,0.7465721666362715,207.12,212.94,141,49.0,90.0,0.35,209.5,4.0
07:30:37,205.0,84.0,211.5,24.0,204.0,12.0,213.0,48.0,6.5,96.0,72.0,1.502604405689019,205.0,211.5,168,24.0,27.0,0.14,209.5,
07:30:38,205.0,105.0,209.8,30.0,204.0,15.0,213.87,60.0,4.800000000000011,120.0,90.0,1.8762649066685984,205.0,209.8,210,30.0,42.0,0.14,209.5,
07:30:39,205.0,112.0,207.88,32.0,204.0,16.0,214.0,64.0,2.8799999999999955,128.0,96.0,2.037530367870933,205.0,207.88,224,32.0,14.0,0.14,209.5,
07:30:40,205.0,78.0,212.25,32.0,204.0,12.0,216.61,46.0,7.25,90.0,78.0,1.3464657440857255,205.0,212.25,168,12.0,-56.0,0.07,207.17,6.0
07:30:41,210.31,70.0,214.0,45.0,202.17,35.0,217.0,69.0,3.6899999999999977,105.0,114.0,2.1736329036882647,210.31,214.0,219,-9.0,51.0,-0.04,204.8,5.0
07:30:42,210.55,88.0,214.0,36.0,202.65,37.0,216.17,60.0,3.4499999999999886,125.0,96.0,2.702872546014,210.55,214.0,221,29.0,2.0,0.13,204.8,
07:30:43,208.0,28.0,214.0,21.0,202.0,21.0,217.0,35.0,6.0,49.0,56.0,2.5173637003810416,208.0,214.0,105,-7.0,-116.0,-0.07,208.0,4.0
07:30:44,202.0,27.0,210.18,33.0,201.0,9.0,216.15,39.0,8.180000000000007,36.0,72.0,2.6460857884800584,202.0,210.18,108,-36.0,3.0,-0.33,208.0,
07:30:45,202.0,30.0,210.3,30.0,201.0,10.0,215.68,40.0,8.300000000000011,40.0,70.0,3.156078262653856,202.0,210.3,110,-30.0,2.0,-0.27,208.0,
07:30:46,202.0,27.0,211.08,26.0,201.0,9.0,212.63,19.0,9.080000000000013,36.0,45.0,2.983060508939825,202.0,211.08,81,-9.0,-29.0,-0.11,208.0,
07:30:47,203.45,38.0,211.42,38.0,201.47,45.0,214.72,50.0,7.969999999999999,83.0,88.0,2.0597499848273864,203.45,211.42,171,-5.0,90.0,-0.03,205.0,2.0
07:30:48,200.0,39.0,208.08,26.0,198.0,13.0,210.23,26.0,8.080000000000013,52.0,52.0,1.244608372138218,200.0,208.08,104,0.0,-67.0,0.0,203.0,2.0
07:30:49,200.0,39.0,207.85,26.0,198.0,13.0,212.42,26.0,7.849999999999994,52.0,52.0,1.5644264124581253,200.0,207.85,104,0.0,0.0,0.0,204.0,2.0
07:30:50,200.0,45.0,209.0,30.0,197.05,63.0,211.0,15.0,9.0,108.0,45.0,1.5973039785828582,200.0,209.0,153,63.0,49.0,0.41,204.0,
07:30:51,200.0,36.0,208.96,23.0,197.0,60.0,210.69,13.0,8.960000000000008,96.0,36.0,1.4520606047946694,200.0,208.96,132,60.0,-21.0,0.45,204.0,
07:30:52,198.24,51.0,207.62,13.0,159.58,59.0,209.71,34.0,9.379999999999995,110.0,47.0,0.6383416013363723,198.24,207.62,157,63.0,25.0,0.4,200.0,3.0
07:30:53,197.92,65.0,206.0,11.0,163.58,48.0,210.0,33.0,8.080000000000013,113.0,44.0,1.0973240177799373,197.92,206.0,157,69.0,0.0,0.44,200.0,
07:30:54,198.31,78.0,203.47,17.0,170.9,62.0,204.88,48.0,5.159999999999997,140.0,65.0,1.578565804772408,198.31,203.47,205,75.0,48.0,0.37,200.0,
07:30:55,198.74,62.0,207.62,63.0,191.24,90.0,338.08,49.0,8.879999999999995,152.0,112.0,1.3485807354388462,198.74,207.62,264,40.0,59.0,0.15,204.33,6.0
07:30:56,200.25,16.0,208.0,16.0,197.0,56.0,443.5,24.0,7.75,72.0,40.0,1.2337057996122076,200.25,208.0,112,32.0,-152.0,0.29,204.33,
07:30:57,200.68,19.0,208.0,26.0,197.07,55.0,489.16,25.0,7.319999999999993,74.0,51.0,1.4632224711221402,200.68,208.0,125,23.0,13.0,0.18,201.0,2.0
07:30:58,200.08,62.0,208.0,42.0,198.48,56.0,286.0,30.0,7.9199999999999875,118.0,72.0,1.4250543849259796,200.08,208.0,190,46.0,65.0,0.24,201.0,
07:30:59,202.0,18.0,207.24,25.0,200.0,45.0,212.56,18.0,5.240000000000009,63.0,43.0,0.5409251334489059,202.0,207.24,106,20.0,-84.0,0.19,201.0,
07:31:00,201.79,77.0,206.24,21.0,198.58,57.0,207.6,20.0,4.450000000000017,134.0,41.0,0.253219272561783,201.79,206.24,175,93.0,69.0,0.53,205.17,6.0
07:31:01,201.41,54.0,207.62,13.0,196.89,112.0,264.7,33.0,6.210000000000008,166.0,46.0,0.2710719461632261,201.41,207.62,212,120.0,37.0,0.57,204.75,4.0
07:31:02,198.84,38.0,210.24,34.0,196.85,119.0,249.49,57.0,11.400000000000006,157.0,91.0,0.291341723748453,198.84,210.24,248,66.0,36.0,0.27,208.0,2.0
07:31:03,198.0,22.0,211.27,33.0,197.0,87.0,234.9,20.0,13.27000000000001,109.0,53.0,0.2551078203362794,198.0,211.27,162,56.0,-86.0,0.35,205.0,1.0
07:31:04,207.33,48.0,213.29,28.0,198.27,49.0,303.95,21.0,5.95999999999998,97.0,49.0,2.6416718191321285,207.33,213.29,146,48.0,-16.0,0.33,212.0,5.0
07:31:05,210.0,78.0,214.0,26.0,203.08,50.0,281.16,37.0,4.0,128.0,63.0,3.659829230988384,210.0,214.0,191,65.0,45.0,0.34,212.0,
07:31:06,210.41,51.0,214.0,22.0,209.34,29.0,431.0,11.0,3.5900000000000034,80.0,33.0,3.859514218136423,210.41,214.0,113,47.0,-78.0,0.42,212.0,
07:31:07,210.62,26.0,214.0,14.0,209.75,24.0,431.0,7.0,3.3799999999999955,50.0,21.0,3.263959252196231,210.62,214.0,71,29.0,-42.0,0.41,211.8,5.0
07:31:08,210.14,35.0,214.0,20.0,209.5,40.0,386.6,10.0,3.8600000000000136,75.0,30.0,0.8305419917123309,210.14,214.0,105,45.0,34.0,0.43,211.8,
07:31:09,210.02,55.0,214.0,20.0,208.5,24.0,243.1,31.0,3.9799999999999898,79.0,51.0,0.1352774925754711,210.02,214.0,130,28.0,25.0,0.22,210.0,4.0
07:31:10,210.0,14.0,214.0,14.0,208.0,14.0,397.0,16.0,4.0,28.0,30.0,0.1352774925754711,210.0,214.0,58,-2.0,-72.0,-0.03,210.0,
07:31:11,208.57,14.0,214.0,14.0,203.51,39.0,380.11,19.0,5.430000000000007,53.0,33.0,0.3823349316992868,208.57,214.0,86,20.0,28.0,0.23,210.0,2.0
07:31:12,208.0,14.0,214.0,14.0,203.57,49.0,399.11,19.0,6.0,63.0,33.0,0.4943986245910111,208.0,214.0,96,30.0,10.0,0.31,210.0,
07:31:13,208.0,8.0,214.0,8.0,205.0,32.0,447.57,7.0,6.0,40.0,15.0,0.5114195928955764,208.0,214.0,55,25.0,-41.0,0.45,210.0,
07:31:14,205.43,42.0,336.75,20.0,203.73,66.0,470.88,8.0,131.32,108.0,28.0,26.73196270384944,205.43,336.75,136,80.0,81.0,0.59,206.5,4.0
07:31:15,205.6,30.0,214.0,36.0,204.41,71.0,324.0,9.0,8.400000000000006,101.0,45.0,26.980908620726566,205.6,214.0,146,56.0,10.0,0.38,206.5,
07:31:16,205.75,48.0,214.0,36.0,204.15,99.0,302.53,17.0,8.25,147.0,53.0,27.138662089351367,205.75,214.0,200,94.0,54.0,0.47,207.0,3.0
07:31:17,205.0,120.0,214.0,40.0,201.0,70.0,339.31,26.0,9.0,190.0,66.0,27.30608869831044,205.0,214.0,256,124.0,56.0,0.48,207.0,
07:31:18,205.0,96.0,235.14,35.0,201.0,56.0,286.38,32.0,30.139999999999983,152.0,67.0,26.665306486144075,205.0,235.14,219,85.0,-37.0,0.39,214.0,4.0
07:31:19,205.0,96.0,223.43,35.0,199.31,32.0,269.12,40.0,18.430000000000007,128.0,75.0,4.560676484908422,205.0,223.43,203,53.0,-16.0,0.26,214.0,
07:31:20,209.24,51.0,222.0,9.0,205.64,58.0,223.0,36.0,12.759999999999993,109.0,45.0,4.377045807390736,209.24,222.0,154,64.0,-49.0,0.42,213.0,1.0
07:31:21,208.36,42.0,222.0,12.0,205.25,72.0,223.0,48.0,13.639999999999986,114.0,60.0,3.77360967774848,208.36,222.0,174,54.0,20.0,0.31,209.88,8.0
07:31:22,208.0,7.0,221.71,7.0,205.0,42.0,223.0,28.0,13.710000000000008,49.0,35.0,2.3390532272689177,208.0,221.71,84,14.0,-90.0,0.17,209.88,
07:31:23,204.97,67.0,220.58,12.0,201.2,20.0,223.0,48.0,15.610000000000014,87.0,60.0,1.10503393612908,204.97,220.58,147,27.0,63.0,0.18,208.0,1.0
07:31:24,203.82,39.0,216.43,49.0,199.45,71.0,218.48,67.0,12.610000000000014,110.0,116.0,2.2849770239538056,203.82,216.43,226,-6.0,79.0,-0.03,208.0,
07:31:25,203.98,41.0,211.68,41.0,201.11,19.0,217.17,18.0,7.700000000000017,60.0,59.0,3.15059994286746,203.98,211.68000000000004,119,1.0,-107.0,0.01,204.0,4.0
07:31:26,203.98,55.0,205.0,36.0,200.22,18.0,215.0,14.0,1.0200000000000102,73.0,50.0,4.0752337356274335,203.98,205.0,123,23.0,4.0,0.19,205.0,1.0
07:31:27,203.18,11.0,205.0,18.0,198.6,30.0,215.0,27.0,1.8199999999999927,41.0,45.0,3.704209767277685,203.18,205.0,86,-4.0,-37.0,-0.05,204.0,6.0
07:31:28,199.41,17.0,205.0,27.0,193.39,77.0,215.0,36.0,5.590000000000003,94.0,63.0,3.1740384370695454,199.41,205.0,157,31.0,71.0,0.2,201.0,1.0
07:31:29,199.26,23.0,205.0,36.0,194.32,96.0,215.0,48.0,5.740000000000009,119.0,84.0,2.3187065359796,199.26,205.0,203,35.0,46.0,0.17,201.0,
07:31:30,201.67,24.0,205.0,24.0,200.0,8.0,214.0,40.0,3.3300000000000125,32.0,64.0,1.070700705143279,201.67,205.0,96,-32.0,-107.0,-0.33,202.0,2.0
07:31:31,207.96,47.0,213.73,71.0,203.0,24.0,231.12,57.0,5.769999999999982,71.0,128.0,3.626003309429632,207.96,213.73,199,-57.0,103.0,-0.29,206.25,4.0
07:31:32,210.47,17.0,214.93,43.0,209.6,30.0,400.74,23.0,4.460000000000008,47.0,66.0,5.111083055478066,210.47,214.93,113,-19.0,-86.0,-0.17,206.25,
07:31:33,211.0,11.0,214.0,33.0,210.0,33.0,219.0,44.0,3.0,44.0,77.0,5.1531883334490605,211.0,214.0,121,-33.0,8.0,-0.27,206.25,
07:31:34,211.0,12.0,212.09,33.0,210.0,36.0,221.92,48.0,1.0900000000000034,48.0,81.0,3.904091443600677,211.0,212.09,129,-33.0,8.0,-0.26,212.0,1.0
07:31:35,211.0,10.0,212.0,20.0,210.0,30.0,224.0,40.0,1.0,40.0,60.0,0.7701428438910007,211.0,212.0,100,-20.0,-29.0,-0.2,212.0,
07:31:36,209.76,29.0,214.8,30.0,207.49,35.0,223.05,38.0,5.0400000000000205,64.0,68.0,0.5510716831743299,209.76,214.8,132,-4.0,32.0,-0.03,210.25,4.0
07:31:37,210.31,26.0,221.12,25.0,206.34,58.0,224.3,40.0,10.810000000000002,84.0,65.0,1.734840050263059,210.31,221.12,149,19.0,17.0,0.13,210.25,
07:31:38,214.0,26.0,219.93,41.0,208.0,26.0,272.16,38.0,5.930000000000007,52.0,79.0,2.554241570407341,214.0,219.93000000000004,131,-27.0,-18.0,-0.21,210.25,
07:31:39,214.0,20.0,217.4,10.0,209.26,38.0,222.5,40.0,3.4000000000000057,58.0,50.0,2.3905857022907875,214.0,217.4,108,8.0,-23.0,0.07,210.25,
07:31:40,214.0,16.0,216.14,14.0,210.0,64.0,224.38,26.0,2.1399999999999864,80.0,40.0,1.7417893098757018,214.0,216.14,120,40.0,12.0,0.33,210.25,
07:31:41,210.0,68.0,214.52,44.0,208.0,26.0,215.74,19.0,4.52000000000001,94.0,63.0,1.7500142856552052,210.0,214.52,157,31.0,37.0,0.2,211.33,6.0
07:31:42,210.0,30.0,211.64,14.0,208.0,16.0,212.17,18.0,1.6399999999999864,46.0,32.0,2.5399448812911536,210.0,211.64,78,14.0,-79.0,0.18,210.0,1.0
07:31:43,208.46,26.0,213.85,27.0,207.06,64.0,216.95,40.0,5.389999999999986,90.0,67.0,2.2505821469115244,208.46,213.85,157,23.0,79.0,0.15,210.0,4.0
07:31:44,208.75,48.0,216.05,37.0,205.5,24.0,219.25,20.0,7.300000000000011,72.0,57.0,1.6707543206578204,208.75,216.05,129,15.0,-28.0,0.12,214.0,1.0
07:31:45,208.0,96.0,214.62,37.0,198.0,16.0,216.28,43.0,6.6200000000000045,112.0,80.0,0.7002142529230961,208.0,214.62,192,32.0,63.0,0.17,214.0,
07:31:46,208.0,78.0,210.06,31.0,198.69,13.0,210.88,34.0,2.0600000000000023,91.0,65.0,1.222632405916238,208.0,210.06,156,26.0,-36.0,0.17,214.0,
07:31:47,208.0,37.0,209.0,24.0,207.0,23.0,218.0,44.0,1.0,60.0,68.0,1.6477712219833331,208.0,209.0,128,-8.0,-28.0,-0.06,208.0,5.0
07:31:48,207.12,16.0,209.0,18.0,201.27,11.0,221.0,36.0,1.8799999999999957,27.0,54.0,1.8929210231798737,207.12,209.0,81,-27.0,-47.0,-0.33,208.0,1.0
07:31:49,201.8,10.0,208.22,18.0,197.17,29.0,221.0,36.0,6.419999999999988,39.0,54.0,2.2628013611442066,201.8,208.22,93,-15.0,12.0,-0.16,207.0,1.0
07:31:50,199.12,32.0,215.97,58.0,198.0,16.0,329.0,28.0,16.849999999999994,48.0,86.0,1.563057900397779,199.12,215.97,134,-38.0,41.0,-0.28,207.0,2.0
07:31:51,210.57,21.0,217.0,36.0,207.62,16.0,583.33,12.0,6.430000000000007,37.0,48.0,3.2104002865680323,210.57,217.0,85,-11.0,-49.0,-0.13,207.0,
07:31:52,212.0,30.0,217.0,40.0,210.0,20.0,406.62,16.0,5.0,50.0,56.0,4.1545962499377005,212.0,217.0,106,-6.0,21.0,-0.06,207.0,
07:31:53,212.0,27.0,217.0,36.0,210.0,18.0,369.88,25.0,5.0,45.0,61.0,4.4733153253483895,212.0,217.0,106,-16.0,0.0,-0.15,207.0,
07:31:54,212.0,33.0,217.0,44.0,210.0,22.0,367.0,33.0,5.0,55.0,77.0,3.044317657537936,212.0,217.0,132,-22.0,26.0,-0.17,207.0,
07:31:55,212.0,45.0,217.0,36.0,210.0,18.0,413.77,13.0,5.0,63.0,49.0,0.3175216528012458,212.0,217.0,112,14.0,-20.0,0.12,207.0,
07:31:56,212.0,35.0,217.0,28.0,210.0,14.0,294.86,14.0,5.0,49.0,42.0,0.0,212.0,217.0,91,7.0,-21.0,0.08,207.0,
07:31:57,212.0,41.0,217.0,36.0,210.0,18.0,250.75,24.0,5.0,59.0,60.0,0.0,212.0,217.0,119,-1.0,28.0,-0.01,212.0,2.0
07:31:58,212.0,28.0,217.0,40.0,210.0,20.0,233.48,21.0,5.0,48.0,61.0,0.0,212.0,217.0,109,-13.0,-10.0,-0.12,212.0,1.0
07:31:59,212.0,13.0,217.0,28.0,210.0,14.0,239.0,15.0,5.0,27.0,43.0,0.0,212.0,217.0,70,-16.0,-39.0,-0.23,212.0,1.0
07:32:00,207.5,12.0,217.0,48.0,205.39,36.0,235.0,36.0,9.5,48.0,84.0,1.0062305898736883,207.5,217.0,132,-36.0,62.0,-0.27,210.0,5.0
07:32:01,206.26,19.0,214.93,56.0,204.13,84.0,218.43,82.0,8.670000000000016,103.0,138.0,1.782414093300816,206.26,214.93,241,-35.0,109.0,-0.15,211.0,2.0
07:32:02,204.09,33.0,207.4,15.0,203.38,48.0,212.44,27.0,3.3100000000000023,81.0,42.0,3.620531728903492,204.09,207.4,123,39.0,-118.0,0.32,204.5,2.0
07:32:03,204.88,25.0,207.16,50.0,204.24,85.0,209.0,20.0,2.280000000000001,110.0,70.0,3.854235332721192,204.88,207.16,180,40.0,57.0,0.22,207.25,4.0
07:32:04,205.25,24.0,209.62,69.0,203.75,80.0,211.67,60.0,4.3700000000000045,104.0,129.0,2.8840197641479604,205.25,209.62,233,-25.0,53.0,-0.11,205.83,6.0
07:32:05,205.0,5.0,209.0,20.0,203.0,25.0,211.2,20.0,4.0,30.0,40.0,1.9378648043647893,205.0,209.0,70,-10.0,-163.0,-0.14,205.83,
07:32:06,205.0,11.0,209.0,44.0,199.36,33.0,212.0,44.0,4.0,44.0,88.0,0.7203610205970596,205.0,209.0,132,-44.0,62.0,-0.33,205.83,
07:32:07,205.0,8.0,208.0,32.0,203.0,8.0,212.0,32.0,3.0,16.0,64.0,0.5449036612059698,205.0,208.0,80,-48.0,-52.0,-0.6,205.83,
07:32:08,205.0,5.0,207.8,20.0,203.0,5.0,211.2,20.0,2.800000000000012,10.0,40.0,0.4232257080987493,205.0,207.8,50,-30.0,-30.0,-0.6,205.83,
07:32:09,203.8,10.0,206.3,40.0,195.34,94.0,208.86,28.0,2.5,104.0,68.0,0.7987490219058583,203.8,206.3,172,36.0,122.0,0.21,205.0,1.0
07:32:10,197.29,42.0,204.6,47.0,193.88,182.0,206.57,42.0,7.310000000000002,224.0,89.0,2.476776130374976,197.29,204.6,313,135.0,141.0,0.43,203.0,1.0
07:32:11,195.22,115.0,203.18,33.0,190.59,81.0,206.84,25.0,7.960000000000008,196.0,58.0,3.346135083943087,195.22,203.18,254,138.0,-59.0,0.54,203.0,
07:32:12,196.77,66.0,199.14,42.0,195.0,198.0,201.21,42.0,2.369999999999976,264.0,84.0,3.671076136501981,196.77,199.14,348,180.0,94.0,0.52,197.0,4.0
07:32:13,195.94,17.0,198.0,26.0,194.69,78.0,200.22,27.0,2.0600000000000023,95.0,53.0,3.176701119084663,195.94,198.0,148,42.0,-169.0,0.28,198.0,1.0
07:32:14,195.0,63.0,198.0,14.0,191.0,42.0,200.0,21.0,3.0,105.0,35.0,1.7960456564333953,195.0,198.0,140,70.0,-8.0,0.5,198.0,
07:32:15,195.16,49.0,198.86,21.0,192.64,66.0,200.5,24.0,3.700000000000017,115.0,45.0,1.0745557221443154,195.16,198.86,160,70.0,20.0,0.44,198.0,2.0
07:32:16,193.49,41.0,200.0,27.0,191.61,69.0,202.0,18.0,6.509999999999991,110.0,45.0,0.5553647450036725,193.49,200.0,155,65.0,-5.0,0.42,198.0,
07:32:17,193.0,91.0,200.0,30.0,189.0,60.0,202.0,20.0,7.0,151.0,50.0,0.2454180107345996,193.0,200.0,201,101.0,46.0,0.5,198.0,
07:32:18,193.14,66.0,200.0,30.0,190.57,69.0,202.0,20.0,6.860000000000014,135.0,50.0,0.2168640126736351,193.14,200.0,185,85.0,-16.0,0.46,198.0,
07:32:19,196.9,42.0,200.0,45.0,193.94,64.0,202.0,30.0,3.0999999999999943,106.0,75.0,0.804754620982698,196.90000000000003,200.0,181,31.0,-4.0,0.17,198.0,
07:32:20,191.8,89.0,201.23,31.0,153.82,111.0,204.77,52.0,9.429999999999978,200.0,83.0,0.8418016393384966,191.8,201.23,283,117.0,102.0,0.41,199.43,7.0
07:32:21,193.37,19.0,202.0,18.0,192.65,46.0,204.0,36.0,8.629999999999995,65.0,54.0,0.8858724513117158,193.37,202.0,119,11.0,-164.0,0.09,199.43,
07:32:22,190.35,31.0,202.57,28.0,183.16,55.0,204.8,40.0,12.22,86.0,68.0,0.893269276306438,190.35,202.57,154,18.0,35.0,0.12,199.67,3.0
07:32:27,190.56,34.0,199.0,28.0,185.28,58.0,201.38,52.0,8.439999999999998,92.0,80.0,1.3801159371562226,190.56,199.0,172,12.0,74.0,0.07,194.0,1.0
07:32:28,186.75,24.0,200.39,18.0,185.14,28.0,201.17,48.0,13.639999999999986,52.0,66.0,1.3148269848130745,186.75,200.39,118,-14.0,-54.0,-0.12,194.0,
07:32:29,188.38,26.0,199.0,40.0,187.0,20.0,201.0,40.0,10.620000000000005,46.0,80.0,1.06857381588391,188.38,199.0,126,-34.0,8.0,-0.27,199.0,2.0
07:32:33,188.1,58.0,199.0,29.0,186.8,30.0,201.0,44.0,10.900000000000006,88.0,73.0,0.4931733974908436,188.1,199.0,161,15.0,46.0,0.09,199.0,2.0
07:32:34,189.0,72.0,200.33,24.0,188.0,24.0,201.43,56.0,11.330000000000013,96.0,80.0,0.8313122157124113,189.0,200.33,176,16.0,15.0,0.09,199.0,1.0
07:32:35,189.6,30.0,199.29,28.0,188.93,58.0,200.77,53.0,9.689999999999998,88.0,81.0,0.8967887153575893,189.6,199.29,169,7.0,-7.0,0.04,199.0,
07:32:36,190.0,8.0,198.0,8.0,189.0,24.0,199.0,20.0,8.0,32.0,28.0,0.8671043766425884,190.0,198.0,60,4.0,-109.0,0.07,199.0,
07:32:37,191.36,28.0,198.12,16.0,190.83,36.0,199.05,37.0,6.759999999999991,64.0,53.0,0.5001499774995363,191.36,198.12,117,11.0,57.0,0.09,198.6,5.0
07:32:38,192.12,16.0,199.0,16.0,191.0,48.0,200.0,16.0,6.879999999999996,64.0,32.0,0.56966656913747,192.12,199.0,96,32.0,-21.0,0.33,198.6,
07:32:39,194.82,56.0,199.0,24.0,192.2,40.0,200.0,24.0,4.180000000000007,96.0,48.0,1.1465600725618017,194.82,199.0,144,48.0,48.0,0.33,198.6,
07:32:40,195.2,60.0,199.0,58.0,194.69,52.0,200.0,83.0,3.8000000000000114,112.0,141.0,1.3461129224522714,195.2,199.0,253,-29.0,109.0,-0.11,199.0,2.0
07:32:41,196.86,42.0,198.78,36.0,189.75,72.0,199.86,57.0,1.9199999999999875,114.0,93.0,1.2474293567144794,196.86,198.78,207,21.0,-46.0,0.1,197.0,4.0
07:32:42,197.93,28.0,199.75,81.0,189.38,84.0,200.67,107.0,1.8199999999999927,112.0,188.0,1.2090409422320068,197.93,199.75,300,-76.0,93.0,-0.25,200.0,2.0
07:32:43,198.0,24.0,200.0,37.0,187.77,104.0,201.0,96.0,2.0,128.0,133.0,0.9636285591416416,198.0,200.0,261,-5.0,-39.0,-0.02,200.0,2.0
07:32:44,199.0,22.0,200.0,22.0,186.36,132.0,201.0,88.0,1.0,154.0,110.0,0.9716583761762724,199.0,200.0,264,44.0,3.0,0.17,200.0,
07:32:45,186.81,64.0,200.21,38.0,185.09,44.0,201.16,43.0,13.400000000000006,108.0,81.0,2.438971094538309,186.81,200.21,189,27.0,-75.0,0.14,200.0,3.0
07:32:46,186.0,100.0,198.59,32.0,176.63,38.0,200.0,32.0,12.590000000000003,138.0,64.0,3.435884165683296,186.0,198.59,202,74.0,13.0,0.37,200.0,
07:32:47,191.0,128.0,197.0,33.0,179.91,138.0,199.0,44.0,6.0,266.0,77.0,3.337996405029977,191.0,197.0,343,189.0,141.0,0.55,200.0,
07:32:48,194.0,90.0,200.29,34.0,187.0,108.0,201.58,57.0,6.289999999999992,198.0,91.0,2.956191807037056,194.0,200.29,289,107.0,-54.0,0.37,198.7,10.0
07:32:49,190.89,54.0,201.0,20.0,186.64,44.0,202.0,35.0,10.110000000000014,98.0,55.0,1.9451349567556784,190.89,201.0,153,43.0,-136.0,0.28,198.7,
07:32:50,187.0,84.0,201.0,46.0,185.0,28.0,202.0,49.0,14.0,112.0,95.0,1.889290872256819,187.0,201.0,207,17.0,54.0,0.08,198.7,
07:32:51,187.0,84.0,201.0,43.0,168.12,64.0,202.0,49.0,14.0,148.0,92.0,1.4581220799346668,187.0,201.0,240,56.0,33.0,0.23,201.0,3.0
07:32:52,187.0,120.0,201.35,40.0,179.0,60.0,202.19,62.0,14.349999999999994,180.0,102.0,1.4286287131347324,187.0,201.35,282,78.0,42.0,0.28,201.0,2.0
07:32:53,188.0,55.0,201.5,48.0,187.0,120.0,202.86,42.0,13.5,175.0,90.0,0.8232739519703769,188.0,201.5,265,85.0,-17.0,0.32,202.0,1.0
07:32:54,188.0,120.0,199.0,24.0,187.0,144.0,202.0,69.0,11.0,264.0,93.0,0.4494218508181727,188.0,199.0,357,171.0,92.0,0.48,202.0,
07:32:55,190.0,56.0,199.0,26.0,175.52,33.0,202.0,85.0,9.0,89.0,111.0,0.4800833260933474,190.0,199.0,200,-22.0,-157.0,-0.11,202.0,
07:32:56,193.93,44.0,198.29,21.0,192.96,28.0,200.69,32.0,4.359999999999985,72.0,53.0,0.9615976289451564,193.93,198.29,125,19.0,-75.0,0.15,202.0,
07:32:57,195.64,42.0,197.58,24.0,192.19,59.0,198.57,35.0,1.940000000000026,101.0,59.0,1.2592180113042648,195.64,197.58,160,42.0,35.0,0.26,197.0,2.0
07:32:58,197.16,19.0,198.94,35.0,193.13,23.0,200.33,18.0,1.7800000000000011,42.0,53.0,1.787744388885959,197.16,198.94,95,-11.0,-65.0,-0.12,198.6,5.0
07:32:59,190.27,41.0,199.0,18.0,183.79,38.0,201.0,20.0,8.72999999999999,79.0,38.0,1.4757709849408502,190.27,199.0,117,41.0,22.0,0.35,199.0,2.0
07:33:00,188.0,36.0,200.7,10.0,88.5,30.0,201.89,19.0,12.699999999999989,66.0,29.0,1.5143975699905503,188.0,200.7,95,37.0,-22.0,0.39,201.17,6.0
07:33:01,188.0,42.0,196.29,35.0,1.0,35.0,202.16,25.0,8.289999999999992,77.0,60.0,2.264504360780325,188.0,196.29,137,17.0,42.0,0.12,201.17,
07:33:02,188.0,30.0,197.56,9.0,64.4,25.0,203.43,14.0,9.560000000000002,55.0,23.0,2.297248354008087,188.0,197.56,78,32.0,-59.0,0.41,198.0,11.0
07:33:03,188.0,36.0,203.0,8.0,84.83,30.0,237.58,19.0,15.0,66.0,27.0,1.3825158226916174,188.0,203.0,93,39.0,15.0,0.42,203.0,2.0
07:33:04,188.0,36.0,204.0,12.0,125.83,30.0,288.5,12.0,16.0,66.0,24.0,1.6734634743527457,188.0,204.0,90,42.0,-3.0,0.47,203.0,
07:33:05,200.28,25.0,372.1,20.0,188.68,28.0,498.57,35.0,171.82000000000002,53.0,55.0,41.215505820018734,200.28,372.1,108,-2.0,18.0,-0.02,204.0,2.0
07:33:06,212.0,18.0,469.8,15.0,191.83,18.0,513.93,15.0,257.8,36.0,30.0,67.88676071223318,212.0,469.8,66,6.0,-42.0,0.09,204.0,
07:33:07,212.0,15.0,220.25,8.0,210.0,10.0,398.57,14.0,8.25,25.0,22.0,64.34258636393169,212.0,220.25,47,3.0,-19.0,0.06,204.0,
07:33:08,212.0,15.0,228.67,6.0,210.0,12.0,422.5,18.0,16.669999999999987,27.0,24.0,60.20483178283957,212.0,228.67,51,3.0,4.0,0.06,212.0,1.0
07:33:09,207.8,15.0,226.0,9.0,198.33,27.0,387.48,29.0,18.19999999999999,42.0,38.0,55.92624759448833,207.8,226.0,80,4.0,29.0,0.05,211.0,4.0
07:33:10,206.44,18.0,224.17,12.0,191.93,30.0,386.45,22.0,17.72999999999999,48.0,34.0,55.3689910509484,206.44,224.17,82,14.0,2.0,0.17,211.0,
07:33:11,214.0,36.0,222.2,20.0,205.5,20.0,223.5,16.0,8.199999999999989,56.0,36.0,1.9570309144195823,214.0,222.2,92,20.0,10.0,0.22,211.0,
07:33:12,214.0,17.0,220.94,18.0,207.0,13.0,221.81,16.0,6.939999999999998,30.0,34.0,1.8338129675607828,214.0,220.94,64,-4.0,-28.0,-0.06,214.0,2.0
07:33:13,214.0,13.0,217.42,24.0,207.0,13.0,218.67,15.0,3.4199999999999875,26.0,39.0,1.173145344786216,214.0,217.42,65,-13.0,1.0,-0.2,214.0,
07:33:14,204.61,23.0,215.67,12.0,202.07,15.0,216.33,12.0,11.059999999999974,38.0,24.0,3.13576625404268,204.61000000000004,215.67,62,14.0,-3.0,0.23,206.17,6.0
07:33:15,209.57,23.0,213.5,10.0,204.2,20.0,215.78,18.0,3.930000000000007,43.0,28.0,3.5719392492023774,209.57,213.5,71,15.0,9.0,0.21,212.0,1.0
07:33:16,212.0,10.0,215.12,17.0,205.0,18.0,247.42,19.0,3.1200000000000045,28.0,36.0,2.9855267541912847,212.0,215.12,64,-8.0,-7.0,-0.12,212.0,1.0
07:33:17,209.67,12.0,214.0,20.0,204.6,20.0,218.36,22.0,4.3300000000000125,32.0,42.0,2.1431588835154844,209.67,214.0,74,-10.0,10.0,-0.14,212.0,1.0
07:33:18,206.17,12.0,214.0,20.0,204.64,22.0,230.66,29.0,7.8300000000000125,34.0,49.0,1.431212772438347,206.17,214.0,83,-15.0,9.0,-0.18,212.0,
07:33:19,207.0,11.0,213.18,17.0,205.0,24.0,278.45,22.0,6.180000000000007,35.0,39.0,1.4425914182437956,207.0,213.18,74,-4.0,-9.0,-0.05,212.0,
07:33:20,205.35,17.0,210.06,17.0,202.44,32.0,262.73,33.0,4.710000000000008,49.0,50.0,2.187608283032004,205.35,210.06,99,-1.0,25.0,-0.01,206.0,5.0
07:33:21,201.84,25.0,212.0,24.0,185.38,16.0,562.38,42.0,10.159999999999997,41.0,66.0,1.9888765673086848,201.84,212.0,107,-25.0,8.0,-0.23,202.83,6.0
07:33:22,203.87,103.0,211.65,17.0,99.29,14.0,381.43,28.0,7.780000000000001,117.0,45.0,1.474099725252377,203.87,211.65,162,72.0,55.0,0.44,202.83,
07:33:23,209.0,237.0,273.15,20.0,200.0,14.0,350.3,43.0,64.14999999999998,251.0,63.0,14.783272641739124,209.0,273.15,314,188.0,152.0,0.6,209.0,3.0
07:33:24,209.02,98.0,326.62,24.0,207.58,38.0,437.12,26.0,117.6,136.0,50.0,27.417866984869534,209.02000000000004,326.62,186,86.0,-128.0,0.46,209.0,
07:33:25,210.0,7.0,296.57,21.0,209.0,112.0,298.0,21.0,86.57,119.0,42.0,27.28705498950013,210.0,296.57,161,77.0,-25.0,0.48,209.0,
07:33:26,210.0,7.0,296.0,21.0,209.0,112.0,298.0,21.0,86.0,119.0,42.0,22.665448815322616,210.0,296.0,161,77.0,0.0,0.48,209.0,
07:33:27,210.0,8.0,296.0,24.0,209.0,128.0,326.0,24.0,86.0,136.0,48.0,9.48708227011944,210.0,296.0,184,88.0,23.0,0.48,209.0,
07:33:28,210.0,7.0,295.57,21.0,209.0,112.0,518.57,21.0,85.57,119.0,42.0,6.6211517125056085,210.0,295.57,161,77.0,-23.0,0.48,209.0,
07:33:29,211.48,97.0,291.11,27.0,208.29,84.0,343.44,27.0,79.63000000000002,181.0,54.0,0.7895125078261954,211.48,291.11,235,127.0,74.0,0.54,209.2,5.0
07:33:30,214.0,60.0,295.0,15.0,211.29,28.0,435.2,15.0,81.0,88.0,30.0,1.134733448883112,214.0,295.0,118,58.0,-117.0,0.49,209.2,
07:33:31,214.0,156.0,294.08,39.0,213.0,52.0,476.89,44.0,80.07999999999998,208.0,83.0,1.2436156962720786,214.0,294.08,291,125.0,167.0,0.43,209.2,
07:33:32,214.0,84.0,293.67,18.0,213.0,28.0,330.57,21.0,79.67000000000002,112.0,39.0,1.2775249508382978,214.0,293.67,151,73.0,-140.0,0.48,209.2,
07:33:33,214.0,156.0,290.87,30.0,213.0,52.0,292.97,35.0,76.87,208.0,65.0,1.3222518670867298,214.0,290.87,273,143.0,122.0,0.52,209.2,
07:33:34,214.0,94.0,266.52,46.0,213.0,72.0,275.0,50.0,52.51999999999998,166.0,96.0,6.059956270470357,214.0,266.52,262,70.0,-11.0,0.27,214.0,7.0
07:33:35,214.0,53.0,220.13,31.0,213.0,52.0,230.76,34.0,6.129999999999996,105.0,65.0,15.86752753266898,214.0,220.13,170,40.0,-92.0,0.24,214.0,4.0
07:33:36,214.0,12.0,217.92,36.0,213.0,48.0,219.0,24.0,3.919999999999988,60.0,60.0,18.48164143143145,214.0,217.92,120,0.0,-50.0,0.0,214.0,
07:33:37,213.24,25.0,215.12,34.0,211.7,69.0,216.38,39.0,1.8799999999999957,94.0,73.0,17.340470581849804,213.24,215.12,167,21.0,47.0,0.13,213.5,2.0
07:33:38,211.1,60.0,214.0,24.0,209.13,142.0,258.0,25.0,2.9000000000000057,202.0,49.0,11.454340661949663,211.1,214.0,251,153.0,84.0,0.61,212.5,4.0
07:33:39,211.0,80.0,213.5,30.0,209.0,190.0,284.84,31.0,2.5,270.0,61.0,2.0977726282869926,211.0,213.5,331,209.0,80.0,0.63,212.5,
07:33:40,211.0,94.0,212.64,33.0,209.0,247.0,331.75,40.0,1.6399999999999864,341.0,73.0,1.7096695587128663,211.0,212.64,414,268.0,83.0,0.65,211.0,1.0
07:33:41,211.09,68.0,224.69,39.0,209.02,230.0,367.62,39.0,13.599999999999994,298.0,78.0,2.4868996763017317,211.09,224.69,376,220.0,-38.0,0.59,211.67,9.0
07:33:42,209.03,189.0,390.0,39.0,207.49,115.0,526.54,39.0,180.97,304.0,78.0,38.49192032102321,209.03,390.0,382,226.0,6.0,0.59,209.67,3.0
07:33:43,210.43,101.0,294.97,35.0,208.65,173.0,360.23,39.0,84.54000000000002,274.0,74.0,37.91494731632901,210.43,294.97,348,200.0,-34.0,0.57,211.29,7.0
07:33:44,209.24,33.0,266.0,14.0,208.62,80.0,267.0,21.0,56.75999999999999,113.0,35.0,35.05748422234556,209.24,266.0,148,78.0,-169.0,0.53,211.29,
07:33:45,212.33,9.0,243.22,18.0,210.12,32.0,266.06,17.0,30.889999999999983,41.0,35.0,31.998333081584253,212.33,243.22,76,6.0,-72.0,0.08,211.29,
07:33:46,211.17,23.0,231.82,33.0,209.08,146.0,261.78,27.0,20.65000000000001,169.0,60.0,31.205321341079145,211.17,231.82,229,109.0,153.0,0.48,211.67,3.0
07:33:47,209.0,156.0,230.15,26.0,208.0,39.0,270.85,39.0,21.15000000000001,195.0,65.0,13.622176037623422,209.0,230.15000000000003,260,130.0,31.0,0.5,209.67,3.0
07:33:48,209.0,132.0,227.07,46.0,208.0,33.0,243.14,28.0,18.069999999999997,165.0,74.0,8.017981042631538,209.0,227.07,239,91.0,-21.0,0.38,209.67,
07:33:49,209.0,118.0,210.1,41.0,208.0,33.0,211.92,49.0,1.0999999999999943,151.0,90.0,6.586035985325014,209.0,210.1,241,61.0,2.0,0.25,209.33,3.0
07:33:50,208.97,94.0,210.0,48.0,207.74,38.0,239.54,56.0,1.0300000000000011,132.0,104.0,5.714198981484136,208.97,210.0,236,28.0,-5.0,0.12,209.0,7.0
07:33:51,209.0,44.0,211.53,30.0,208.0,24.0,245.75,20.0,2.530000000000001,68.0,50.0,4.990327644553339,209.0,211.53,118,18.0,-118.0,0.15,209.0,4.0
07:33:52,209.0,7.0,233.0,14.0,208.0,21.0,323.13,23.0,24.0,28.0,37.0,5.450433927678914,209.0,233.0,65,-9.0,-53.0,-0.14,209.0,1.0
07:33:53,209.0,10.0,257.6,25.0,208.0,30.0,444.11,38.0,48.60000000000002,40.0,63.0,10.47191243278872,209.0,257.6,103,-23.0,38.0,-0.22,209.0,
07:33:54,209.0,14.0,274.0,42.0,208.0,42.0,463.91,34.0,65.0,56.0,76.0,14.116681621400906,209.0,274.0,132,-20.0,29.0,-0.15,209.0,
07:33:55,209.0,8.0,389.0,22.0,208.0,24.0,484.84,32.0,180.0,32.0,54.0,34.52488928295073,209.0,389.0,86,-22.0,-46.0,-0.26,209.0,
07:33:56,209.0,12.0,429.04,27.0,207.7,67.0,564.55,33.0,220.04,79.0,60.0,43.423213607470565,209.0,429.04,139,19.0,53.0,0.14,209.0,
07:33:58,208.05,44.0,309.0,18.0,206.63,41.0,490.82,22.0,100.95,85.0,40.0,45.21147664034029,208.05,309.0,125,45.0,9.0,0.36,209.0,1.0
07:33:59,208.0,63.0,309.1,20.0,205.95,42.0,518.32,25.0,101.10000000000002,105.0,45.0,40.650414143032265,208.0,309.1,150,60.0,25.0,0.4,209.0,
07:34:00,208.0,33.0,255.46,28.0,206.0,55.0,418.83,29.0,47.46000000000001,88.0,57.0,50.12688829360975,208.0,255.46,145,31.0,-5.0,0.21,208.0,4.0
07:34:01,208.39,23.0,259.65,23.0,206.4,45.0,389.33,27.0,51.25999999999999,68.0,50.0,49.7840328820398,208.39,259.65,118,18.0,-27.0,0.15,209.5,2.0
07:34:02,213.35,96.0,271.69,26.0,209.7,40.0,573.4,20.0,58.34,136.0,46.0,12.934193828762863,213.35,271.69,182,90.0,64.0,0.49,214.0,3.0
07:34:10,213.48,42.0,459.0,8.0,212.0,32.0,663.2,10.0,245.52,74.0,18.0,43.36626891951925,213.48,459.0,92,56.0,-8.0,0.61,215.0,5.0
07:34:11,213.0,38.0,393.6,10.0,211.0,27.0,634.0,8.0,180.6,65.0,18.0,46.72027054716249,213.0,393.6,83,47.0,-9.0,0.57,213.0,2.0
07:34:15,213.0,78.0,219.52,21.0,211.0,65.0,232.57,30.0,6.52000000000001,143.0,51.0,74.81473538013789,213.0,219.52,194,92.0,45.0,0.47,213.0,
07:34:16,212.44,54.0,214.82,40.0,210.87,46.0,217.0,23.0,2.3799999999999955,100.0,63.0,92.62262936237585,212.44,214.82,163,37.0,-31.0,0.23,213.0,6.0
07:34:17,211.0,40.0,214.0,16.0,210.0,16.0,216.0,8.0,3.0,56.0,24.0,91.02433449358487,211.0,214.0,80,32.0,-83.0,0.4,213.0,
07:34:18,211.61,23.0,214.75,16.0,209.0,36.0,320.55,11.0,3.1399999999999864,59.0,27.0,69.80557878851808,211.61000000000004,214.75,86,32.0,6.0,0.37,211.57,7.0
07:34:19,213.0,13.0,214.77,13.0,211.0,52.0,405.16,19.0,1.7700000000000102,65.0,32.0,1.424850869384558,213.0,214.77,97,33.0,11.0,0.34,211.57,
07:34:20,211.1,42.0,214.0,15.0,210.24,34.0,502.73,49.0,2.9000000000000057,76.0,64.0,0.621827950469819,211.1,214.0,140,12.0,43.0,0.09,212.0,2.0
07:34:21,211.0,30.0,240.38,13.0,210.0,22.0,403.11,18.0,29.379999999999995,52.0,31.0,5.690505249974455,211.0,240.38,83,21.0,-57.0,0.25,211.0,1.0
07:34:22,210.22,18.0,299.94,17.0,208.11,71.0,368.82,22.0,89.72,89.0,39.0,18.16165548621579,210.22,299.94,128,50.0,45.0,0.39,211.0,2.0
07:34:23,210.43,28.0,311.02,45.0,208.04,108.0,356.0,31.0,100.58999999999996,136.0,76.0,22.86905835402932,210.43,311.02,212,60.0,84.0,0.28,211.0,
07:34:24,213.0,41.0,315.49,67.0,210.0,28.0,412.17,48.0,102.49,69.0,115.0,23.11115747858605,213.0,315.49,184,-46.0,-28.0,-0.25,213.0,3.0
07:34:25,213.0,9.0,314.58,52.0,210.0,18.0,469.26,31.0,101.57999999999998,27.0,83.0,16.192434035685004,213.0,314.58,110,-56.0,-74.0,-0.51,213.0,
07:34:26,210.27,11.0,314.67,30.0,208.07,57.0,338.0,12.0,104.4,68.0,42.0,3.717469569480543,210.27,314.67,110,26.0,0.0,0.24,213.0,1.0
07:34:27,208.9,62.0,294.89,36.0,206.8,140.0,330.84,55.0,85.98999999999998,202.0,91.0,5.067012926765971,208.9,294.89,293,111.0,167.0,0.38,208.8,5.0
07:34:28,210.88,34.0,215.44,18.0,208.35,68.0,295.0,24.0,4.560000000000002,102.0,42.0,21.813517139608813,210.88,215.44,144,60.0,-149.0,0.42,215.0,5.0
07:34:30,211.94,85.0,280.42,38.0,210.72,71.0,306.32,62.0,68.48000000000002,156.0,100.0,18.68816791448545,211.94000000000003,280.42,256,56.0,123.0,0.22,212.25,8.0
07:34:31,212.0,60.0,223.0,36.0,211.0,36.0,271.82,33.0,11.0,96.0,69.0,18.891599191174848,212.0,223.0,165,27.0,-91.0,0.16,212.25,
07:34:32,211.27,37.0,241.28,29.0,210.14,42.0,318.82,34.0,30.00999999999999,79.0,63.0,16.802059992750745,211.27,241.28,142,16.0,-23.0,0.11,212.0,5.0
07:34:33,211.0,16.0,260.31,32.0,210.0,48.0,326.1,40.0,49.31,64.0,72.0,13.645941521199545,211.0,260.31,136,-8.0,-6.0,-0.06,211.0,2.0
07:34:34,211.0,21.0,286.11,18.0,210.0,36.0,561.32,38.0,75.11000000000001,57.0,56.0,13.14939846532903,211.0,286.11,113,1.0,-23.0,0.01,211.0,
07:34:35,211.0,30.0,284.74,23.0,210.0,40.0,367.38,47.0,73.74000000000001,70.0,70.0,13.530161492014708,211.0,284.74,140,0.0,27.0,0.0,211.0,
07:34:36,211.0,33.0,257.44,32.0,210.0,44.0,269.29,35.0,46.44,77.0,67.0,9.551912373969913,211.0,257.44,144,10.0,4.0,0.07,211.0,
07:34:37,211.5,20.0,255.34,29.0,210.43,35.0,277.1,41.0,43.84,55.0,70.0,7.595003620802331,211.5,255.34,125,-15.0,-19.0,-0.12,211.0,
07:34:38,210.33,36.0,251.96,48.0,209.29,28.0,253.44,36.0,41.63,64.0,84.0,8.450859719578826,210.33,251.96,148,-20.0,23.0,-0.14,211.5,4.0
07:34:39,210.0,40.0,249.67,46.0,208.0,20.0,251.35,23.0,39.66999999999999,60.0,69.0,7.241198105285999,210.0,249.67,129,-9.0,-19.0,-0.07,211.5,
07:34:40,210.0,44.0,243.66,29.0,208.0,22.0,245.84,45.0,33.66,66.0,74.0,2.955481348273893,210.0,243.66000000000005,140,-8.0,11.0,-0.06,211.5,
07:34:41,210.0,56.0,240.92,48.0,208.0,28.0,241.39,36.0,30.919999999999987,84.0,84.0,3.222072314519612,210.0,240.92,168,0.0,28.0,0.0,211.5,
07:34:42,209.68,37.0,236.49,35.0,207.52,29.0,237.49,41.0,26.81,66.0,76.0,3.266690986302873,209.68,236.49,142,-10.0,-26.0,-0.07,208.75,8.0
07:34:43,207.0,8.0,234.0,8.0,206.0,4.0,235.0,12.0,27.0,12.0,20.0,3.5644662994606957,207.0,234.0,32,-8.0,-110.0,-0.25,208.75,
07:34:44,207.0,22.0,232.5,40.0,206.0,11.0,233.0,33.0,25.5,33.0,73.0,3.0603316813688237,207.0,232.5,106,-40.0,74.0,-0.38,208.75,
07:34:45,209.1,80.0,228.02,47.0,190.74,68.0,230.14,35.0,18.920000000000016,148.0,82.0,2.77847080243587,209.1,228.02,230,66.0,124.0,0.29,206.67,3.0
07:34:46,213.0,60.0,224.07,28.0,206.75,48.0,226.25,32.0,11.069999999999991,108.0,60.0,1.868630514571499,213.0,224.07,168,48.0,-62.0,0.29,206.67,
07:34:47,213.0,60.0,221.47,38.0,212.0,24.0,222.43,30.0,8.469999999999999,84.0,68.0,1.2531639956474168,213.0,221.47000000000003,152,16.0,-16.0,0.11,206.67,
07:34:48,213.0,23.0,217.45,44.0,212.0,26.0,218.34,53.0,4.449999999999989,49.0,97.0,1.7194272302096307,213.0,217.45,146,-48.0,-6.0,-0.33,213.0,4.0
07:34:49,211.67,30.0,213.74,57.0,207.91,55.0,225.77,39.0,2.0700000000000216,85.0,96.0,2.4997559880887423,211.67,213.74,181,-11.0,35.0,-0.06,212.67,6.0
07:34:50,208.64,33.0,221.71,14.0,196.0,72.0,256.13,15.0,13.070000000000022,105.0,29.0,2.230363199119172,208.64,221.71,134,76.0,-47.0,0.57,211.0,3.0
07:34:51,192.2,35.0,276.17,18.0,146.09,22.0,295.92,12.0,83.97000000000003,57.0,30.0,8.68880198876618,192.2,276.17,87,27.0,-47.0,0.31,205.0,6.0
07:34:52,195.11,36.0,273.35,17.0,155.82,17.0,274.97,38.0,78.24000000000001,53.0,55.0,10.912132238934296,195.11,273.35,108,-2.0,21.0,-0.02,205.0,
07:34:53,159.14,28.0,270.51,49.0,126.44,36.0,271.42,48.0,111.37,64.0,97.0,10.978225266407549,159.14,270.51,161,-33.0,53.0,-0.2,205.0,
07:34:54,206.0,28.0,267.64,56.0,189.86,28.0,269.29,56.0,61.63999999999999,56.0,112.0,11.046124659806807,206.0,267.64,168,-56.0,7.0,-0.33,205.0,
07:34:55,206.0,22.0,265.91,44.0,205.0,22.0,266.91,44.0,59.910000000000025,44.0,88.0,9.222053458964265,206.0,265.91,132,-44.0,-36.0,-0.33,205.0,
07:34:56,211.79,28.0,262.3,37.0,205.58,24.0,264.17,48.0,50.51000000000002,52.0,85.0,9.536284916045403,211.79,262.3,137,-33.0,5.0,-0.24,215.0,1.0
07:34:58,211.27,15.0,257.87,45.0,207.22,23.0,259.0,60.0,46.6,38.0,105.0,1.1076687230387,211.27,257.87,143,-67.0,12.0,-0.47,211.0,3.0
07:34:59,208.0,13.0,255.25,40.0,206.0,26.0,256.29,51.0,47.25,39.0,91.0,2.317612996165971,208.0,255.25,130,-52.0,-13.0,-0.4,211.0,
07:35:00,208.0,15.0,250.57,51.0,206.0,30.0,251.6,55.0,42.56999999999999,45.0,106.0,3.475823643396829,208.0,250.57,151,-61.0,21.0,-0.4,211.0,
07:35:01,206.29,24.0,246.56,39.0,203.72,39.0,248.26,31.0,40.27000000000001,63.0,70.0,4.27274735972007,206.29,246.56,133,-7.0,-18.0,-0.05,206.57,7.0
07:35:05,208.79,29.0,234.05,38.0,206.69,32.0,236.79,24.0,25.26000000000002,61.0,62.0,3.25040766673828,208.79,234.05,123,-1.0,58.0,-0.01,211.0,3.0
07:35:06,206.0,35.0,231.55,11.0,205.0,24.0,232.35,23.0,25.55000000000001,59.0,34.0,4.850347410236694,206.0,231.55,93,25.0,-30.0,0.27,211.0,
07:35:07,206.0,38.0,229.09,22.0,205.0,64.0,230.82,17.0,23.090000000000003,102.0,39.0,5.057551779269095,206.0,229.09000000000003,141,63.0,48.0,0.45,206.0,1.0
07:35:08,206.0,28.0,225.92,12.0,205.0,91.0,228.05,22.0,19.919999999999987,119.0,34.0,4.442504924024973,206.0,225.92,153,85.0,12.0,0.56,206.0,
07:35:09,206.22,36.0,222.65,51.0,205.51,181.0,223.58,24.0,16.430000000000007,217.0,75.0,2.6785686476146897,206.22,222.65,292,142.0,139.0,0.49,206.0,
07:35:10,206.9,40.0,215.34,76.0,205.84,170.0,216.71,62.0,8.439999999999998,210.0,138.0,2.9755049991527702,206.9,215.34,348,72.0,56.0,0.21,207.0,2.0
07:35:11,207.64,28.0,211.44,39.0,203.68,65.0,212.77,52.0,3.8000000000000114,93.0,91.0,3.3325290696379435,207.64,211.44,184,2.0,-164.0,0.01,210.0,2.0
07:35:12,203.54,26.0,205.85,39.0,196.36,53.0,207.7,23.0,2.3100000000000023,79.0,62.0,4.422077566029372,203.54,205.85,141,17.0,-43.0,0.12,203.07,14.0
07:35:13,198.55,11.0,203.47,43.0,185.27,11.0,204.29,17.0,4.919999999999988,22.0,60.0,5.318417997861613,198.55,203.47,82,-38.0,-59.0,-0.46,202.5,2.0
07:35:14,184.0,10.0,237.94,16.0,80.4,10.0,336.59,17.0,53.94,20.0,33.0,4.453013586323069,184.0,237.94,53,-13.0,-29.0,-0.25,200.5,8.0
07:35:15,186.64,14.0,339.5,26.0,114.7,10.0,540.43,14.0,152.86,24.0,40.0,25.583246080198357,186.64,339.5,64,-16.0,11.0,-0.25,203.0,2.0
07:35:16,212.91,11.0,308.33,30.0,207.33,6.0,310.0,6.0,95.42,17.0,36.0,31.047465597049808,212.91,308.33,53,-19.0,-11.0,-0.36,203.0,
07:35:17,213.0,15.0,307.6,20.0,212.0,8.0,313.03,31.0,94.60000000000002,23.0,51.0,30.53363768043368,213.0,307.6,74,-28.0,21.0,-0.38,213.0,1.0
07:35:18,213.0,8.0,296.74,19.0,212.0,8.0,302.3,27.0,83.74000000000001,16.0,46.0,22.004268449553287,213.0,296.74,62,-30.0,-12.0,-0.48,213.0,
07:35:19,213.0,10.0,271.24,17.0,212.0,10.0,280.78,37.0,58.24000000000001,20.0,54.0,8.419597971400444,213.0,271.24,74,-34.0,12.0,-0.46,213.0,
07:35:20,213.0,44.0,267.15,41.0,212.0,17.0,268.57,61.0,54.14999999999998,61.0,102.0,9.881226138491469,213.0,267.15,163,-41.0,89.0,-0.25,213.0,
07:35:21,213.0,52.0,263.73,33.0,212.0,13.0,264.78,45.0,50.73000000000002,65.0,78.0,9.813410722068218,213.0,263.73,143,-13.0,-20.0,-0.09,213.0,
07:35:22,213.0,48.0,237.11,38.0,212.0,12.0,245.0,43.0,24.110000000000014,60.0,81.0,10.627371735287989,213.0,237.11,141,-21.0,-2.0,-0.15,213.0,
07:35:23,213.0,39.0,224.59,22.0,212.0,10.0,225.15,41.0,11.590000000000003,49.0,63.0,10.327867640514794,213.0,224.59000000000003,112,-14.0,-29.0,-0.12,213.0,1.0
07:35:24,213.0,33.0,221.61,23.0,212.0,11.0,224.79,43.0,8.610000000000014,44.0,66.0,10.733262784446724,213.0,221.61000000000004,110,-22.0,-2.0,-0.2,213.0,
07:35:25,213.0,27.0,219.8,25.0,212.0,9.0,220.28,29.0,6.800000000000011,36.0,54.0,9.133133087828393,213.0,219.8,90,-18.0,-20.0,-0.2,213.0,
07:35:26,212.92,39.0,216.95,39.0,211.5,24.0,218.67,21.0,4.030000000000001,63.0,60.0,3.92160936351167,212.92,216.95,123,3.0,33.0,0.02,213.0,3.0
07:35:27,211.15,33.0,213.15,41.0,209.46,41.0,214.31,26.0,2.0,74.0,67.0,2.5299446634225813,211.15,213.15,141,7.0,18.0,0.05,212.67,3.0
07:35:28,208.0,21.0,210.82,17.0,207.0,28.0,212.38,13.0,2.819999999999993,49.0,30.0,3.240995217518684,208.0,210.82,79,19.0,-62.0,0.24,211.0,4.0
07:35:29,208.0,22.0,209.05,19.0,207.0,40.0,210.9,10.0,1.0500000000000114,62.0,29.0,3.4046336073030874,208.0,209.05,91,33.0,12.0,0.36,209.33,3.0
07:35:30,208.0,8.0,210.71,7.0,207.0,28.0,310.0,12.0,2.710000000000008,36.0,19.0,2.65001320750982,208.0,210.71,55,17.0,-36.0,0.31,208.5,2.0
07:35:31,206.09,11.0,208.91,11.0,197.7,23.0,304.25,16.0,2.819999999999993,34.0,27.0,1.7270350314846727,206.09000000000003,208.91,61,7.0,6.0,0.11,207.2,5.0
07:35:32,174.5,8.0,206.25,8.0,112.25,8.0,374.86,14.0,31.75,16.0,22.0,8.229619067731608,174.5,206.25,38,-6.0,-23.0,-0.16,205.0,1.0
07:35:34,175.67,27.0,276.35,17.0,144.5,14.0,393.78,9.0,100.68000000000004,41.0,26.0,14.247307815863914,175.66999999999996,276.35,67,15.0,4.0,0.22,205.0,
07:35:35,201.81,26.0,216.91,44.0,146.77,31.0,218.0,11.0,15.099999999999994,57.0,55.0,14.247307815863914,201.81,216.91,112,2.0,45.0,0.02,212.0,4.0
07:35:36,193.15,26.0,214.66,47.0,142.31,32.0,284.64,22.0,21.50999999999999,58.0,69.0,14.5718128590775,193.15000000000003,214.66,127,-11.0,15.0,-0.09,207.0,2.0
07:35:38,212.85,122.0,214.89,36.0,195.16,19.0,240.75,16.0,2.039999999999992,141.0,52.0,15.803050971251528,212.85,214.89,193,89.0,92.0,0.46,207.0,
07:35:39,213.0,88.0,232.0,16.0,205.24,17.0,317.5,8.0,19.0,105.0,24.0,14.806925744393176,213.0,232.0,129,81.0,-64.0,0.63,213.0,4.0
07:35:40,213.0,72.0,245.5,12.0,211.0,21.0,389.0,9.0,32.5,93.0,21.0,18.069638070530814,213.0,245.5,114,72.0,-15.0,0.63,213.0,2.0
07:35:41,213.0,99.0,378.39,28.0,211.0,33.0,439.92,24.0,165.39,132.0,52.0,41.33736118815511,213.0,378.39,184,80.0,70.0,0.43,213.0,
07:35:42,213.0,77.0,417.23,26.0,211.0,27.0,448.06,17.0,204.23,104.0,43.0,46.587227541462646,213.0,417.23,147,61.0,-37.0,0.41,213.0,3.0
07:35:43,213.0,54.0,379.33,27.0,211.0,27.0,655.56,27.0,166.32999999999998,81.0,54.0,42.66939266031368,213.0,379.33,135,27.0,-12.0,0.2,213.0,
07:35:44,213.0,34.0,286.9,31.0,211.0,33.0,420.42,36.0,73.89999999999998,67.0,67.0,35.992343213523014,213.0,286.9,134,0.0,-1.0,0.0,213.0,4.0
07:35:45,213.0,14.0,404.35,17.0,208.43,21.0,623.29,21.0,191.35,35.0,38.0,25.523133232423685,213.0,404.35,73,-3.0,-61.0,-0.04,213.0,
07:35:46,212.75,16.0,391.67,21.0,209.62,39.0,431.86,21.0,178.92000000000002,55.0,42.0,25.85132936620574,212.75,391.67,97,13.0,24.0,0.13,211.8,5.0
07:35:47,212.0,65.0,416.45,47.0,211.0,26.0,456.33,43.0,204.45,91.0,90.0,25.673740085933165,212.0,416.44999999999993,181,1.0,84.0,0.01,211.8,
07:35:48,212.5,24.0,400.84,37.0,211.8,30.0,425.21,29.0,188.34,54.0,66.0,26.29243104013118,212.5,400.84,120,-12.0,-61.0,-0.1,212.0,1.0
07:35:49,213.0,18.0,324.88,25.0,212.0,28.0,381.71,21.0,111.88,46.0,46.0,17.96902696308448,213.0,324.88,92,0.0,-28.0,0.0,212.0,
07:35:50,213.0,7.0,322.53,19.0,212.0,20.0,323.57,21.0,109.52999999999996,27.0,40.0,21.98018766980959,213.0,322.53,67,-13.0,-25.0,-0.19,213.0,2.0
07:35:51,212.43,14.0,300.09,32.0,211.86,28.0,302.42,26.0,87.65999999999997,42.0,58.0,25.88272396792969,212.43,300.09,100,-16.0,33.0,-0.16,213.0,1.0
07:35:52,212.0,36.0,235.68,34.0,211.0,18.0,267.79,38.0,23.680000000000007,54.0,72.0,29.70519786165421,212.0,235.68,126,-18.0,26.0,-0.14,213.0,
07:35:53,211.75,24.0,213.57,35.0,206.2,60.0,271.44,45.0,1.8199999999999927,84.0,80.0,26.017165871785696,211.75,213.57,164,4.0,38.0,0.02,212.0,4.0
07:35:54,211.0,16.0,213.73,15.0,205.61,92.0,337.12,40.0,2.7299999999999898,108.0,55.0,25.78785023998708,211.0,213.73,163,53.0,-1.0,0.33,213.75,4.0
07:35:55,207.4,20.0,214.0,8.0,205.25,55.0,572.71,14.0,6.599999999999994,75.0,22.0,19.22236926083757,207.4,214.0,97,53.0,-66.0,0.55,209.67,3.0
07:35:56,207.0,30.0,213.4,10.0,205.0,80.0,449.0,10.0,6.400000000000006,110.0,20.0,5.625778168394727,207.0,213.4,130,90.0,33.0,0.69,209.67,
07:35:57,207.06,32.0,212.43,14.0,205.26,92.0,392.0,14.0,5.3700000000000045,124.0,28.0,1.3069544751003146,207.06,212.43,152,96.0,22.0,0.63,209.67,
07:35:58,209.14,7.0,212.0,14.0,206.43,42.0,392.0,14.0,2.8600000000000136,49.0,28.0,0.9945702589482796,209.14,212.0,77,21.0,-75.0,0.27,209.67,
07:35:59,205.62,65.0,211.36,22.0,204.75,177.0,302.35,34.0,5.740000000000009,242.0,56.0,0.8917230511677454,205.62,211.36,298,186.0,167.0,0.62,210.0,1.0
07:36:00,205.14,117.0,210.15,26.0,204.52,119.0,251.9,42.0,5.010000000000019,236.0,68.0,1.2246305565285802,205.14,210.15000000000003,304,168.0,6.0,0.55,205.8,5.0
07:36:01,205.0,130.0,208.9,20.0,203.0,30.0,209.9,20.0,3.9000000000000057,160.0,40.0,1.4838193960125623,205.0,208.9,200,120.0,-104.0,0.6,205.8,
07:36:02,203.78,106.0,207.0,17.0,189.7,56.0,209.0,28.0,3.219999999999999,162.0,45.0,1.9171332765310145,203.78,207.0,207,117.0,7.0,0.57,205.67,3.0
07:36:03,200.77,13.0,206.15,13.0,197.03,37.0,209.0,26.0,5.379999999999996,50.0,39.0,1.9934944193505169,200.77,206.15000000000003,89,11.0,-118.0,0.12,205.67,
07:36:04,202.0,6.0,203.67,6.0,200.0,6.0,209.0,12.0,1.6699999999999875,12.0,18.0,2.1053455773295022,202.0,203.67,30,-6.0,-59.0,-0.2,205.67,
07:36:05,201.33,9.0,208.0,16.0,196.35,37.0,281.41,17.0,6.669999999999988,46.0,33.0,1.6252692084637883,201.33,208.0,79,13.0,49.0,0.16,202.0,1.0
07:36:06,202.73,15.0,207.07,30.0,197.0,75.0,282.0,15.0,4.340000000000003,90.0,45.0,1.0652464503485883,202.73,207.07,135,45.0,56.0,0.33,202.0,
07:36:07,207.64,25.0,292.54,56.0,196.1,62.0,342.57,37.0,84.90000000000003,87.0,93.0,20.645380839306064,207.64,292.54,180,-6.0,45.0,-0.03,206.0,3.0
07:36:08,197.68,41.0,298.52,61.0,175.48,79.0,365.92,65.0,100.83999999999996,120.0,126.0,24.649626163493675,197.68,298.52,246,-6.0,66.0,-0.02,207.33,3.0
07:36:09,199.52,25.0,245.22,58.0,189.5,52.0,319.03,32.0,45.69999999999999,77.0,90.0,22.260337598518014,199.52,245.22,167,-13.0,-79.0,-0.08,207.33,
07:36:10,187.2,25.0,237.42,60.0,148.06,31.0,434.0,24.0,50.22,56.0,84.0,20.63047818156418,187.2,237.42,140,-28.0,-27.0,-0.2,203.0,4.0
07:36:11,182.61,33.0,233.44,45.0,123.95,41.0,394.94,36.0,50.829999999999984,74.0,81.0,19.80208322374179,182.61,233.44,155,-7.0,15.0,-0.05,212.0,1.0
07:36:12,168.26,69.0,211.36,44.0,118.04,55.0,248.96,56.0,43.10000000000002,124.0,100.0,21.41239781061404,168.26,211.36,224,24.0,69.0,0.11,212.0,
07:36:13,162.61,59.0,200.58,43.0,138.51,59.0,211.0,35.0,37.97,118.0,78.0,16.72539326891841,162.61,200.58,196,40.0,-28.0,0.2,212.0,
07:36:15,186.75,32.0,199.0,33.0,134.17,24.0,201.0,45.0,12.25,56.0,78.0,12.851368409627552,186.75,199.0,134,-22.0,-1.0,-0.16,212.0,
07:36:16,191.29,48.0,199.0,60.0,190.0,37.0,201.0,100.0,7.710000000000008,85.0,160.0,8.794420390223081,191.29,199.0,245,-75.0,111.0,-0.31,212.0,
07:36:17,195.08,48.0,198.59,58.0,192.89,54.0,200.82,110.0,3.509999999999991,102.0,168.0,9.911273883813946,195.08,198.59,270,-66.0,25.0,-0.24,196.6,5.0
07:36:18,197.82,22.0,200.65,85.0,186.68,57.0,201.3,47.0,2.8300000000000125,79.0,132.0,10.166793004678237,197.82,200.65,211,-53.0,-59.0,-0.25,199.0,4.0
07:36:19,199.0,22.0,201.0,90.0,182.25,32.0,203.0,9.0,2.0,54.0,99.0,2.925452101808723,199.0,201.0,153,-45.0,-58.0,-0.29,199.0,
07:36:20,195.2,20.0,201.0,48.0,174.33,18.0,202.11,18.0,5.800000000000011,38.0,66.0,1.931261245916159,195.2,201.0,104,-28.0,-49.0,-0.27,200.33,6.0
07:36:21,179.31,13.0,200.64,22.0,151.29,28.0,201.36,33.0,21.329999999999984,41.0,55.0,4.015013075940979,179.31,200.64,96,-14.0,-8.0,-0.15,200.33,
07:36:22,184.77,26.0,199.95,19.0,161.53,19.0,201.41,63.0,15.179999999999978,45.0,82.0,4.484146518566993,184.77,199.95,127,-37.0,31.0,-0.29,200.33,3.0
07:36:23,185.0,14.0,200.71,14.0,175.71,28.0,202.17,36.0,15.710000000000008,42.0,50.0,4.2093728749037815,185.0,200.71,92,-8.0,-35.0,-0.09,200.0,1.0
07:36:24,185.67,12.0,200.87,23.0,183.0,24.0,202.79,39.0,15.200000000000015,36.0,62.0,2.9667440064783017,185.67,200.87,98,-26.0,6.0,-0.27,200.0,
07:36:25,186.0,12.0,199.0,24.0,141.0,24.0,200.0,18.0,13.0,36.0,42.0,1.2911893741718372,186.0,199.0,78,-6.0,-20.0,-0.08,200.0,
07:36:26,186.14,28.0,198.29,56.0,105.14,56.0,199.29,51.0,12.150000000000006,84.0,107.0,0.4266731770038243,186.14,198.29,191,-23.0,113.0,-0.12,200.0,
07:36:27,188.31,32.0,199.15,52.0,91.62,52.0,201.36,75.0,10.840000000000003,84.0,127.0,0.6046734655784889,188.31,199.15000000000003,211,-43.0,20.0,-0.2,198.29,7.0
07:36:28,189.43,14.0,201.0,28.0,67.41,27.0,203.0,49.0,11.569999999999991,41.0,77.0,1.1860354126142243,189.43,201.0,118,-36.0,-93.0,-0.31,198.29,
07:36:29,190.0,22.0,201.0,44.0,90.0,23.0,203.0,77.0,11.0,45.0,121.0,1.508028514311076,190.0,201.0,166,-76.0,48.0,-0.46,198.29,
07:36:30,191.0,10.0,201.0,20.0,77.0,15.0,203.0,35.0,10.0,25.0,55.0,1.5481117530642652,191.0,201.0,80,-30.0,-86.0,-0.38,198.29,
07:36:31,191.88,16.0,196.1,40.0,74.0,32.0,219.0,31.0,4.219999999999999,48.0,71.0,0.9826138610746066,191.88,196.1,119,-23.0,39.0,-0.19,201.0,1.0
07:36:32,193.09,22.0,199.0,22.0,143.0,50.0,200.0,33.0,5.909999999999997,72.0,55.0,0.8372872864054774,193.09000000000003,199.0,127,17.0,8.0,0.13,194.0,5.0
07:36:33,194.0,16.0,200.33,21.0,107.82,34.0,200.64,25.0,6.3300000000000125,50.0,46.0,1.1541966903333656,194.0,200.33,96,4.0,-31.0,0.04,199.6,5.0
07:36:34,195.0,16.0,203.0,56.0,49.25,32.0,204.0,32.0,8.0,48.0,88.0,1.8326674548256072,195.0,203.0,136,-40.0,40.0,-0.29,199.6,
07:36:37,169.0,16.0,196.0,14.0,68.95,19.0,200.0,14.0,27.0,35.0,28.0,27.6794828347634,169.0,196.0,63,7.0,-43.0,0.11,199.6,
07:36:38,168.41,34.0,196.8,15.0,166.94,17.0,201.91,33.0,28.39000000000001,51.0,48.0,25.270121685499653,168.41,196.8,99,3.0,36.0,0.03,197.33,3.0
07:36:39,170.65,17.0,202.84,19.0,169.18,33.0,203.84,43.0,32.19,50.0,62.0,22.281132601372807,170.65,202.84,112,-12.0,13.0,-0.11,202.5,6.0
07:36:40,181.0,22.0,203.0,20.0,178.65,20.0,204.0,40.0,22.0,42.0,60.0,22.72712190313511,181.0,203.0,102,-18.0,-10.0,-0.18,202.5,
07:36:41,195.81,42.0,203.0,30.0,190.14,35.0,204.0,60.0,7.189999999999998,77.0,90.0,7.154320373031445,195.81,203.0,167,-13.0,65.0,-0.08,203.33,3.0
07:36:42,200.38,16.0,204.0,17.0,198.0,32.0,395.75,40.0,3.620000000000005,48.0,57.0,8.256922550198436,200.38,204.0,105,-9.0,-62.0,-0.09,204.0,1.0
07:36:43,202.24,25.0,242.75,16.0,198.0,12.0,458.84,25.0,40.50999999999999,37.0,41.0,13.689703429949851,202.24,242.75,78,-4.0,-27.0,-0.05,202.67,6.0
07:36:44,205.0,12.0,434.22,18.0,130.59,27.0,520.0,27.0,229.22000000000003,39.0,45.0,52.91280610589461,205.0,434.22,84,-6.0,6.0,-0.07,202.67,
07:36:45,212.0,16.0,415.94,17.0,192.33,12.0,490.14,14.0,203.94,28.0,31.0,60.26680952232342,212.0,415.94,59,-3.0,-25.0,-0.05,202.67,
07:36:48,192.31,26.0,200.32,19.0,74.22,18.0,262.92,26.0,8.009999999999991,44.0,45.0,72.49254499602014,192.31,200.32,89,-1.0,-15.0,-0.01,199.0,3.0
07:36:49,158.96,23.0,312.23,22.0,57.16,31.0,402.19,27.0,153.27,54.0,49.0,56.9146485537774,158.96,312.23,103,5.0,14.0,0.05,206.25,4.0
07:36:51,189.0,8.0,198.0,8.0,112.0,35.0,203.0,45.0,9.0,43.0,53.0,26.38351436029664,189.0,198.0,96,-10.0,-29.0,-0.1,206.25,
07:36:55,190.27,11.0,202.0,21.0,107.71,14.0,203.0,10.0,11.72999999999999,25.0,31.0,18.0323520373791,190.27,202.0,56,-6.0,-88.0,-0.11,202.0,1.0
07:36:56,192.25,8.0,202.0,30.0,119.85,39.0,203.0,16.0,9.75,47.0,46.0,18.95479411652816,192.25,202.0,93,1.0,37.0,0.01,202.0,1.0
07:36:57,194.6,30.0,202.14,21.0,189.47,17.0,256.63,19.0,7.539999999999992,47.0,40.0,16.037487957905853,194.6,202.14,87,7.0,-6.0,0.08,202.25,4.0
07:36:58,194.65,17.0,201.5,8.0,136.25,16.0,225.29,14.0,6.849999999999994,33.0,22.0,14.080818513139718,194.65,201.5,55,11.0,-32.0,0.2,197.0,1.0
07:36:59,193.97,40.0,229.62,26.0,189.29,14.0,259.12,33.0,35.650000000000006,54.0,59.0,6.487792382620087,193.97,229.62,113,-5.0,58.0,-0.04,203.0,1.0
07:37:00,202.43,44.0,446.75,20.0,195.84,32.0,512.04,28.0,244.32,76.0,48.0,55.45084264463432,202.43,446.75,124,28.0,11.0,0.23,206.4,5.0
07:37:01,208.93,15.0,384.75,8.0,206.58,19.0,531.85,13.0,175.82,34.0,21.0,60.200942102262864,208.93,384.75,55,13.0,-69.0,0.24,206.4,
07:37:02,210.6,20.0,403.43,21.0,209.4,20.0,442.69,16.0,192.83,40.0,37.0,58.31815214836645,210.6,403.43,77,3.0,22.0,0.04,206.4,
07:37:03,211.0,20.0,284.5,20.0,208.5,40.0,354.62,32.0,73.5,60.0,52.0,46.53989761484252,211.0,284.5,112,8.0,35.0,0.07,211.0,3.0
07:37:04,208.35,46.0,282.33,18.0,154.36,39.0,464.0,24.0,73.97999999999999,85.0,42.0,35.881972214470444,208.35,282.33,127,43.0,15.0,0.34,211.0,4.0
07:37:05,208.0,36.0,280.67,12.0,163.93,15.0,281.67,12.0,72.67000000000002,51.0,24.0,30.9718021755277,208.0,280.67,75,27.0,-52.0,0.36,211.0,
07:37:06,208.0,54.0,278.22,18.0,205.0,9.0,279.44,18.0,70.22000000000003,63.0,36.0,27.72493859325966,208.0,278.22,99,27.0,24.0,0.27,211.0,
07:37:07,208.0,34.0,275.5,20.0,205.0,10.0,277.0,20.0,67.5,44.0,40.0,2.2793595591777183,208.0,275.5,84,4.0,-15.0,0.05,208.0,4.0
07:37:08,208.1,20.0,215.47,45.0,205.92,13.0,245.67,36.0,7.370000000000003,33.0,81.0,14.30807708953276,208.1,215.47,114,-48.0,30.0,-0.42,208.0,
07:37:09,210.2,20.0,234.45,29.0,209.5,16.0,244.13,30.0,24.25,36.0,59.0,14.755587755152648,210.2,234.45,95,-23.0,-19.0,-0.24,208.0,
07:37:10,210.07,15.0,234.11,18.0,208.25,16.0,235.56,18.0,24.04000000000002,31.0,36.0,13.669610455313244,210.07,234.11,67,-5.0,-28.0,-0.07,211.0,1.0
07:37:11,210.33,18.0,229.0,28.0,206.8,20.0,230.62,26.0,18.669999999999987,38.0,54.0,11.050654731734568,210.33,229.0,92,-16.0,25.0,-0.17,211.0,
07:37:12,211.4,15.0,224.76,34.0,208.55,22.0,225.12,32.0,13.359999999999983,37.0,66.0,4.294458056612759,211.4,224.76,103,-29.0,11.0,-0.28,213.0,1.0
07:37:13,210.0,14.0,221.5,16.0,206.0,14.0,222.38,26.0,11.5,28.0,42.0,2.771943361615898,210.0,221.5,70,-14.0,-33.0,-0.2,213.0,
07:37:14,213.0,55.0,221.0,10.0,210.0,10.0,222.0,20.0,8.0,65.0,30.0,2.461924044321072,213.0,221.0,95,35.0,25.0,0.37,213.0,
07:37:15,213.0,143.0,217.79,38.0,210.0,26.0,218.64,28.0,4.789999999999992,169.0,66.0,1.7529603532327636,213.0,217.79,235,103.0,140.0,0.44,213.0,
07:37:16,212.68,57.0,300.17,23.0,208.8,20.0,353.77,39.0,87.49000000000001,77.0,62.0,17.86435977022428,212.68,300.17,139,15.0,-96.0,0.11,213.0,11.0
07:37:17,210.33,18.0,306.42,19.0,206.5,16.0,413.23,26.0,96.09,34.0,45.0,22.67125603048956,210.33,306.42,79,-11.0,-60.0,-0.14,210.0,1.0
07:37:18,211.63,19.0,226.17,12.0,210.46,13.0,299.4,30.0,14.539999999999992,32.0,42.0,22.123457008343188,211.63,226.17,74,-10.0,-5.0,-0.14,211.0,1.0
07:37:21,214.0,5.0,223.0,5.0,209.09,22.0,272.0,25.0,9.0,27.0,30.0,17.648197641685904,214.0,223.0,57,-3.0,12.0,-0.05,212.33,3.0
07:37:22,210.0,10.0,221.9,10.0,208.0,95.0,272.0,50.0,11.900000000000006,105.0,60.0,1.3591063240255228,210.0,221.9,165,45.0,108.0,0.27,212.33,
07:37:23,210.0,10.0,219.2,10.0,208.0,90.0,391.07,43.0,9.199999999999989,100.0,53.0,2.077346865597072,210.0,219.2,153,47.0,-12.0,0.31,212.33,
07:37:24,210.0,9.0,218.22,9.0,208.0,83.0,280.0,36.0,8.219999999999999,92.0,45.0,2.227749985973676,210.0,218.22,137,47.0,-16.0,0.34,212.33,
07:37:25,208.43,46.0,217.93,14.0,207.72,116.0,235.0,70.0,9.5,162.0,84.0,2.065059321183155,208.43,217.93,246,78.0,109.0,0.32,209.0,2.0
07:37:26,208.0,81.0,217.0,9.0,206.0,36.0,422.89,37.0,9.0,117.0,46.0,1.3298383360413342,208.0,217.0,163,71.0,-83.0,0.44,209.0,
07:37:27,208.0,154.0,215.62,13.0,206.0,52.0,507.11,62.0,7.620000000000003,206.0,75.0,1.140460433336047,208.0,215.62,281,131.0,118.0,0.47,208.0,5.0
07:37:28,209.71,41.0,215.0,6.0,206.33,24.0,325.0,30.0,5.289999999999992,65.0,36.0,0.8849576261070204,209.71,215.0,101,29.0,-169.0,0.29,208.0,
07:37:29,213.0,168.0,244.81,16.0,209.47,76.0,323.2,59.0,31.81,244.0,75.0,7.372865792892569,213.0,244.81,319,169.0,167.0,0.53,208.0,
07:37:30,213.0,153.0,264.89,53.0,210.0,112.0,325.88,57.0,51.88999999999999,265.0,110.0,12.4085885579306,213.0,264.89,375,155.0,56.0,0.41,213.0,5.0
07:37:31,213.0,140.0,223.0,42.0,210.0,112.0,254.29,56.0,10.0,252.0,98.0,11.70117814581106,213.0,223.0,350,154.0,-25.0,0.44,213.0,
07:37:32,213.0,75.0,222.75,32.0,210.0,108.0,293.74,38.0,9.75,183.0,70.0,10.646775568218136,213.0,222.75,253,113.0,-97.0,0.45,213.0,5.0
07:37:33,213.0,44.0,220.0,44.0,210.0,104.0,221.23,47.0,7.0,148.0,91.0,9.708314992829946,213.0,220.0,239,57.0,-14.0,0.24,213.0,3.0
07:37:34,210.27,66.0,213.61,38.0,208.75,64.0,267.95,39.0,3.3400000000000034,130.0,77.0,10.515537076155734,210.27,213.61,207,53.0,-32.0,0.26,211.0,6.0
07:37:35,210.9,163.0,221.47,57.0,209.38,64.0,484.52,73.0,10.569999999999991,227.0,130.0,2.462320044186934,210.90000000000003,221.47,357,97.0,150.0,0.27,211.0,3.0
07:37:36,211.0,84.0,322.62,32.0,210.0,28.0,680.88,32.0,111.62,112.0,64.0,22.99710699196765,211.0,322.62,176,48.0,-169.0,0.27,211.0,
07:37:37,211.0,120.0,382.57,35.0,210.0,40.0,590.78,45.0,171.57,160.0,80.0,38.1996836374336,211.0,382.57,240,80.0,64.0,0.33,211.0,
07:37:38,211.0,108.0,322.8,30.0,210.0,36.0,401.86,37.0,111.8,144.0,67.0,36.51805895717917,211.0,322.8,211,77.0,-29.0,0.36,211.0,
07:37:39,211.0,96.0,330.46,35.0,210.0,44.0,381.68,44.0,119.45999999999998,140.0,79.0,29.245717293306665,211.0,330.46,219,61.0,8.0,0.28,211.0,6.0
07:37:40,212.33,72.0,276.29,42.0,210.5,56.0,323.72,50.0,63.96000000000001,128.0,92.0,18.668294512354827,212.33,276.29,220,36.0,1.0,0.16,211.0,2.0
07:37:43,214.0,42.0,270.0,42.0,213.0,56.0,271.21,42.0,56.0,98.0,84.0,12.19883805942241,214.0,270.0,182,14.0,-50.0,0.08,211.0,
07:37:44,214.0,36.0,228.3,37.0,211.11,70.0,232.32,40.0,14.300000000000011,106.0,77.0,10.063022905668587,214.0,228.3,183,29.0,1.0,0.16,211.0,
07:37:45,213.51,53.0,227.0,33.0,212.82,133.0,229.86,42.0,13.490000000000007,186.0,75.0,12.406924276387352,213.51,227.0,261,111.0,78.0,0.43,213.6,5.0
07:37:46,213.0,173.0,225.43,42.0,211.0,84.0,227.27,45.0,12.430000000000009,257.0,87.0,12.33947446206721,213.0,225.43,344,170.0,83.0,0.49,213.0,2.0
07:37:47,213.0,77.0,223.57,21.0,211.0,42.0,224.57,21.0,10.569999999999991,119.0,42.0,10.019620751306306,213.0,223.57,161,77.0,-169.0,0.48,213.0,
07:37:48,213.0,143.0,221.54,39.0,211.0,78.0,222.92,39.0,8.539999999999992,221.0,78.0,1.537231277331749,213.0,221.54,299,143.0,138.0,0.48,213.0,
07:37:49,213.0,165.0,217.1,49.0,211.0,90.0,218.2,45.0,4.099999999999994,255.0,94.0,1.9902964603311613,213.0,217.1,349,161.0,50.0,0.46,213.0,
07:37:50,213.0,82.0,214.81,43.0,211.0,72.0,215.76,49.0,1.8100000000000025,154.0,92.0,2.216366395704128,213.0,214.81,246,62.0,-103.0,0.25,213.0,8.0
07:37:51,211.92,26.0,214.0,21.0,210.84,19.0,351.67,27.0,2.0800000000000125,45.0,48.0,2.2416021056392355,211.92,214.0,93,-3.0,-153.0,-0.03,213.0,3.0
07:37:52,210.71,28.0,213.58,36.0,206.17,92.0,311.98,49.0,2.8700000000000045,120.0,85.0,1.9967774037198076,210.71,213.58,205,35.0,112.0,0.17,211.0,5.0
07:37:53,207.02,43.0,245.15,46.0,205.89,136.0,302.28,69.0,38.13,179.0,115.0,5.725768070748792,207.02,245.15,294,64.0,89.0,0.22,208.0,2.0
07:37:54,206.09,99.0,317.52,42.0,205.4,75.0,342.59,54.0,111.42999999999998,174.0,96.0,21.14532525169589,206.09,317.52,270,78.0,-24.0,0.29,208.0,
07:37:55,206.0,57.0,316.0,18.0,205.0,45.0,318.0,45.0,110.0,102.0,63.0,24.90909612972758,206.0,316.0,165,39.0,-105.0,0.24,206.38,8.0
07:37:56,205.9,29.0,315.0,20.0,204.57,42.0,318.0,50.0,109.1,71.0,70.0,23.513502503880847,205.9,315.0,141,1.0,-24.0,0.01,205.5,4.0
07:37:57,206.0,40.0,311.25,16.0,205.0,24.0,339.5,40.0,105.25,64.0,56.0,15.419848572538315,206.0,311.25,120,8.0,-21.0,0.07,205.5,
07:37:58,206.0,35.0,311.0,14.0,205.0,21.0,490.0,35.0,105.0,56.0,49.0,1.466639014895096,206.0,311.0,105,7.0,-15.0,0.07,205.5,
07:37:59,207.17,48.0,310.08,24.0,205.45,44.0,474.83,59.0,102.91,92.0,83.0,1.1918556959684214,207.17,310.08,175,9.0,70.0,0.05,205.5,
07:38:00,213.0,12.0,309.0,12.0,206.0,30.0,488.33,30.0,96.0,42.0,42.0,1.1918556959684214,213.0,309.0,84,0.0,-91.0,0.0,205.5,
07:38:01,213.0,18.0,253.0,12.0,206.0,45.0,263.35,26.0,40.0,63.0,38.0,11.75718163506934,213.0,253.0,101,25.0,17.0,0.25,205.5,
07:38:02,213.0,22.0,223.38,21.0,210.0,25.0,252.44,25.0,10.379999999999995,47.0,46.0,19.253670299452285,213.0,223.38,93,1.0,-8.0,0.01,213.0,1.0
07:38:03,206.16,43.0,220.6,15.0,205.27,44.0,222.25,20.0,14.439999999999998,87.0,35.0,22.19804991435081,206.16,220.6,122,52.0,29.0,0.43,209.4,5.0
07:38:04,205.64,33.0,218.77,13.0,176.87,69.0,219.77,13.0,13.130000000000024,102.0,26.0,20.448874785669982,205.64,218.77,128,76.0,6.0,0.59,205.75,4.0
07:38:05,209.29,21.0,215.67,21.0,160.75,40.0,217.64,11.0,6.379999999999996,61.0,32.0,8.808779711175033,209.29,215.67,93,29.0,-35.0,0.31,215.0,2.0
07:38:06,205.0,18.0,214.41,17.0,127.47,57.0,253.47,15.0,9.409999999999997,75.0,32.0,3.1076791983743126,205.0,214.41,107,43.0,14.0,0.4,215.0,
07:38:07,205.81,37.0,212.82,11.0,123.29,105.0,214.0,22.0,7.009999999999991,142.0,33.0,1.7992859694912835,205.81,212.82,175,109.0,68.0,0.62,208.0,5.0
07:38:08,185.0,66.0,213.16,19.0,169.74,87.0,308.0,26.0,28.16,153.0,45.0,5.485693210525699,185.0,213.16,198,108.0,23.0,0.55,206.25,4.0
07:38:09,184.53,119.0,354.71,14.0,146.41,111.0,537.61,23.0,170.17999999999998,230.0,37.0,28.180194286058587,184.53,354.71,267,193.0,69.0,0.72,213.0,2.0
07:38:10,213.0,119.0,425.29,14.0,207.53,43.0,569.0,25.0,212.29,162.0,39.0,51.63544974143259,213.0,425.29,201,123.0,-66.0,0.61,213.0,1.0
07:38:11,213.0,90.0,311.22,9.0,208.0,27.0,384.43,14.0,98.22000000000004,117.0,23.0,48.84493085264849,213.0,311.22,140,94.0,-61.0,0.67,213.0,
07:38:12,213.0,56.0,413.0,5.0,208.0,15.0,515.0,10.0,200.0,71.0,15.0,48.2758790701942,213.0,413.0,86,56.0,-54.0,0.65,213.0,
07:38:13,213.0,73.0,384.67,6.0,210.0,27.0,534.5,8.0,171.67000000000002,100.0,14.0,25.578540810609503,213.0,384.67,114,86.0,28.0,0.75,213.0,5.0
07:38:14,213.0,66.0,310.33,6.0,211.0,36.0,574.0,6.0,97.32999999999998,102.0,12.0,27.53196778292492,213.0,310.33,114,90.0,0.0,0.79,213.0,
07:38:15,213.0,121.0,220.55,33.0,211.0,66.0,258.0,21.0,7.550000000000011,187.0,54.0,37.56364572295952,213.0,220.55,241,133.0,127.0,0.55,213.0,
07:38:16,213.0,77.0,218.57,21.0,211.0,42.0,220.57,21.0,5.569999999999993,119.0,42.0,45.09869754216872,213.0,218.57,161,77.0,-80.0,0.48,213.0,
07:38:17,213.0,66.0,216.67,18.0,211.0,36.0,217.67,18.0,3.669999999999988,102.0,36.0,37.67423947473942,213.0,216.67,138,66.0,-23.0,0.48,213.0,
07:38:18,213.0,68.0,215.0,21.0,211.0,42.0,216.43,21.0,2.0,110.0,42.0,20.741998939350445,213.0,215.0,152,68.0,14.0,0.45,213.0,3.0
07:38:19,213.0,21.0,214.0,15.0,211.0,30.0,681.0,5.0,1.0,51.0,20.0,1.326035444479202,213.0,214.0,71,31.0,-81.0,0.44,213.0,4.0
07:38:20,213.0,12.0,400.8,10.0,211.0,96.0,681.0,2.0,187.8,108.0,12.0,41.31825540847549,213.0,400.8,120,96.0,49.0,0.8,213.0,3.0
07:38:22,211.0,108.0,411.67,9.0,210.0,72.0,577.44,9.0,200.67,180.0,18.0,69.02015517223946,211.0,411.67,198,162.0,85.0,0.82,213.0,
07:38:33,210.75,65.0,228.32,37.0,209.85,78.0,252.34,29.0,17.569999999999993,143.0,66.0,124.54445310811718,210.75,228.32,209,77.0,116.0,0.37,211.0,6.0
07:38:34,210.0,76.0,227.7,20.0,208.0,37.0,266.32,28.0,17.69999999999999,113.0,48.0,138.66579625127457,210.0,227.7,161,65.0,-48.0,0.4,210.0,2.0
07:38:35,212.2,45.0,293.0,5.0,209.12,16.0,542.0,5.0,80.80000000000001,61.0,10.0,118.2747354678927,212.2,293.0,71,51.0,-90.0,0.72,210.0,
07:38:36,213.0,44.0,427.25,4.0,211.0,4.0,542.0,4.0,214.25,48.0,8.0,61.314617588304245,213.0,427.25,56,40.0,-15.0,0.71,210.0,
07:38:38,213.0,132.0,480.88,40.0,211.0,12.0,585.63,30.0,267.88,144.0,70.0,63.88618097836176,213.0,480.88,214,74.0,66.0,0.35,210.0,
07:38:39,213.0,73.0,440.44,27.0,211.0,7.0,480.93,29.0,227.44,80.0,56.0,44.04553189598232,213.0,440.44,136,24.0,-78.0,0.18,213.0,8.0
07:38:40,213.32,57.0,285.17,42.0,212.6,30.0,309.29,41.0,71.85000000000002,87.0,83.0,45.39826516509188,213.32,285.17,170,4.0,34.0,0.02,213.0,
07:38:41,213.57,101.0,233.51,59.0,212.63,49.0,235.33,67.0,19.94,150.0,126.0,63.61205954848492,213.57,233.51,276,24.0,106.0,0.09,215.0,7.0
07:38:43,213.44,45.0,230.18,44.0,212.78,45.0,231.35,46.0,16.74000000000001,90.0,90.0,44.94792764967014,213.44,230.18,180,0.0,-34.0,0.0,214.33,3.0
07:38:44,213.0,67.0,228.07,54.0,210.05,38.0,229.22,45.0,15.069999999999991,105.0,99.0,12.097329457362758,213.0,228.07,204,6.0,24.0,0.03,214.33,
07:38:45,212.81,63.0,225.39,77.0,209.88,64.0,226.9,67.0,12.579999999999984,127.0,144.0,1.905906608408539,212.81,225.39,271,-17.0,67.0,-0.06,213.0,5.0
07:38:46,212.33,45.0,220.95,76.0,210.53,60.0,222.19,73.0,8.619999999999976,105.0,149.0,2.5996499764343515,212.33,220.95,254,-44.0,-17.0,-0.17,213.0,2.0
07:38:47,212.0,12.0,214.62,39.0,210.08,26.0,215.88,33.0,2.6200000000000045,38.0,72.0,3.3775508878438543,212.0,214.62,110,-34.0,-144.0,-0.31,213.0,1.0
07:38:48,211.0,27.0,214.0,45.0,209.71,28.0,215.0,36.0,3.0,55.0,81.0,3.508692063999709,211.0,214.0,136,-26.0,26.0,-0.19,213.0,
07:38:49,210.74,35.0,212.78,67.0,208.95,57.0,214.03,60.0,2.039999999999992,92.0,127.0,3.103710682388798,210.74,212.78,219,-35.0,83.0,-0.16,210.5,6.0
07:38:50,206.78,49.0,209.45,53.0,205.88,51.0,210.4,43.0,2.6699999999999875,100.0,96.0,3.0663055946813427,206.78,209.45,196,4.0,-23.0,0.02,208.0,3.0
07:38:51,205.92,37.0,222.61,49.0,198.8,20.0,417.17,42.0,16.690000000000026,57.0,91.0,2.3615778623568824,205.92,222.61,148,-34.0,-48.0,-0.23,206.0,5.0
07:38:52,196.28,39.0,314.38,26.0,130.93,46.0,361.82,34.0,118.1,85.0,60.0,19.658238222179904,196.28,314.38,145,25.0,-3.0,0.17,201.5,2.0
07:38:54,188.37,41.0,296.5,44.0,168.83,41.0,449.36,56.0,108.13,82.0,100.0,21.122601165575592,188.37,296.5,182,-18.0,-71.0,-0.1,201.5,
07:38:55,197.75,28.0,210.0,8.0,194.21,34.0,514.25,40.0,12.25,62.0,48.0,22.10113232393253,197.75,210.0,110,14.0,-72.0,0.13,201.5,
07:38:56,205.0,27.0,215.4,10.0,194.21,29.0,495.17,42.0,10.400000000000006,56.0,52.0,22.688510969210288,205.0,215.4,108,4.0,-2.0,0.04,205.5,2.0
07:38:57,206.1,30.0,213.7,10.0,192.0,30.0,367.6,50.0,7.599999999999994,60.0,60.0,15.266207780584365,206.1,213.7,120,0.0,12.0,0.0,205.5,
07:38:58,207.78,27.0,212.33,9.0,202.12,26.0,329.79,29.0,4.550000000000011,53.0,38.0,15.403576857339807,207.78,212.33,91,15.0,-29.0,0.16,205.5,
07:38:59,208.0,36.0,328.46,41.0,207.0,36.0,422.0,40.0,120.45999999999998,72.0,81.0,26.84124773552777,208.0,328.46,153,-9.0,62.0,-0.06,212.0,1.0
07:39:00,208.33,15.0,419.31,65.0,207.05,37.0,469.46,65.0,210.98,52.0,130.0,47.18835152874037,208.33,419.31,182,-78.0,29.0,-0.43,208.0,2.0
07:39:01,211.21,14.0,428.5,60.0,207.17,18.0,561.2,49.0,217.29,32.0,109.0,53.51611701160664,211.21,428.5,141,-77.0,-41.0,-0.55,210.5,2.0
07:39:02,214.0,13.0,293.47,62.0,207.0,39.0,408.81,43.0,79.47000000000003,52.0,105.0,45.325388580794026,214.0,293.47,157,-53.0,16.0,-0.34,210.5,
07:39:03,206.53,34.0,280.1,20.0,202.54,26.0,289.8,20.0,73.57000000000002,60.0,40.0,35.0256812924456,206.53,280.1,100,20.0,-57.0,0.2,208.17,6.0
07:39:04,202.0,33.0,264.55,22.0,153.64,33.0,401.73,41.0,62.55000000000001,66.0,63.0,40.9060810882682,202.0,264.55,129,3.0,29.0,0.02,208.17,
07:39:05,211.9,42.0,286.67,18.0,206.57,21.0,420.44,36.0,74.77000000000001,63.0,54.0,34.38832389052963,211.90000000000003,286.67,117,9.0,-12.0,0.08,208.17,
07:39:06,211.71,14.0,284.52,27.0,209.11,27.0,332.48,46.0,72.80999999999997,41.0,73.0,7.799370487415508,211.71,284.52,114,-32.0,-3.0,-0.28,208.17,
07:39:07,212.0,8.0,275.62,21.0,210.0,16.0,280.86,21.0,63.620000000000005,24.0,42.0,6.317349127598356,212.0,275.62,66,-18.0,-48.0,-0.27,208.17,
07:39:08,212.0,45.0,274.15,53.0,210.0,91.0,278.95,41.0,62.14999999999998,136.0,94.0,6.320461217345432,212.0,274.15,230,42.0,164.0,0.18,212.0,3.0
07:39:09,212.0,15.0,272.29,42.0,210.0,105.0,278.77,40.0,60.29000000000002,120.0,82.0,3.201791685910876,212.0,272.29,202,38.0,-28.0,0.19,212.0,
07:39:10,212.0,30.0,269.87,45.0,210.0,105.0,303.0,75.0,57.870000000000005,135.0,120.0,2.738800832475377,212.0,269.87,255,15.0,53.0,0.06,212.0,
07:39:11,212.0,26.0,265.97,31.0,210.0,91.0,283.3,33.0,53.97000000000003,117.0,64.0,1.90411921894813,212.0,265.97,181,53.0,-74.0,0.29,212.0,
07:39:12,212.0,22.0,262.91,33.0,210.0,77.0,265.0,11.0,50.910000000000025,99.0,44.0,2.299049803716204,212.0,262.91,143,55.0,-38.0,0.38,212.0,
07:39:13,211.17,24.0,255.19,26.0,209.33,57.0,255.73,22.0,44.02000000000001,81.0,48.0,3.492252854529185,211.17,255.19,129,33.0,-14.0,0.26,211.0,4.0
07:39:14,206.44,27.0,248.71,17.0,203.56,54.0,255.34,29.0,42.27000000000001,81.0,46.0,5.325169480867891,206.44,248.71,127,35.0,-2.0,0.28,208.29,7.0
07:39:15,204.0,32.0,235.65,23.0,202.0,24.0,246.42,19.0,31.65000000000001,56.0,42.0,7.837163389898547,204.0,235.65,98,14.0,-29.0,0.14,208.29,
07:39:16,188.05,19.0,223.79,28.0,147.28,18.0,231.03,29.0,35.73999999999998,37.0,57.0,12.441164334577586,188.05,223.79,94,-20.0,-4.0,-0.21,203.6,5.0
07:39:17,202.0,13.0,219.38,26.0,165.77,13.0,220.33,33.0,17.379999999999995,26.0,59.0,11.341871538681998,202.0,219.38,85,-33.0,-9.0,-0.39,203.6,
07:39:18,204.1,10.0,213.48,27.0,195.41,17.0,215.18,17.0,9.379999999999995,27.0,44.0,8.947243709655174,204.1,213.48,71,-17.0,-14.0,-0.24,203.6,
07:39:19,209.0,9.0,211.27,22.0,202.0,9.0,212.42,24.0,2.2700000000000102,18.0,46.0,5.231341128235056,209.0,211.27,64,-28.0,-7.0,-0.44,209.0,1.0
07:39:20,202.0,13.0,208.17,23.0,169.65,40.0,209.77,26.0,6.169999999999988,53.0,49.0,2.5077340369272,202.0,208.17,102,4.0,38.0,0.04,209.0,
07:39:21,188.0,30.0,204.29,31.0,138.87,30.0,204.92,13.0,16.289999999999992,60.0,44.0,6.012954348734321,188.0,204.29,104,16.0,2.0,0.15,202.0,1.0
07:39:22,188.4,47.0,201.03,32.0,122.28,47.0,239.84,32.0,12.629999999999995,94.0,64.0,7.147556925269136,188.40000000000003,201.03,158,30.0,54.0,0.19,202.0,8.0
07:39:23,189.0,30.0,198.09,33.0,131.91,32.0,200.27,37.0,9.090000000000003,62.0,70.0,7.297372814921999,189.0,198.09,132,-8.0,-26.0,-0.06,202.0,
07:39:27,174.14,56.0,200.44,45.0,144.37,43.0,203.61,46.0,26.30000000000001,99.0,91.0,12.438641404910795,174.14,200.44,190,8.0,34.0,0.04,202.0,
07:39:28,179.54,104.0,198.95,57.0,177.5,40.0,200.29,51.0,19.41,144.0,108.0,11.711753498087344,179.54,198.95,252,36.0,62.0,0.14,202.0,
07:39:29,181.38,58.0,198.0,13.0,181.16,50.0,200.0,36.0,16.620000000000005,108.0,49.0,11.242905763189563,181.38,198.0,157,59.0,-95.0,0.38,198.0,4.0
07:39:30,184.31,26.0,198.0,9.0,183.49,82.0,200.0,36.0,13.689999999999998,108.0,45.0,11.923394231508125,184.31,198.0,153,63.0,-4.0,0.41,198.0,
07:39:31,186.5,28.0,198.0,10.0,185.33,92.0,200.0,48.0,11.5,120.0,58.0,1.8956476465740029,186.5,198.0,178,62.0,25.0,0.35,198.0,
07:39:32,189.45,22.0,198.0,11.0,186.0,110.0,200.0,66.0,8.550000000000011,132.0,77.0,1.8457302077935387,189.45,198.0,209,55.0,31.0,0.26,198.0,
07:39:33,190.82,22.0,198.36,11.0,186.2,75.0,200.2,60.0,7.54000000000002,97.0,71.0,1.9637005881655252,190.82,198.36,168,26.0,-41.0,0.15,199.67,6.0
07:39:34,192.12,50.0,201.23,13.0,190.3,92.0,203.44,43.0,9.109999999999983,142.0,56.0,2.137545321147999,192.12,201.23,198,86.0,30.0,0.43,201.25,4.0
07:39:35,195.32,38.0,202.94,17.0,193.76,76.0,210.0,44.0,7.620000000000003,114.0,61.0,2.68523369559556,195.32,202.94,175,53.0,-23.0,0.3,202.0,1.0
07:39:36,201.78,103.0,206.38,58.0,200.21,66.0,235.15,54.0,4.599999999999994,169.0,112.0,4.159503576144872,201.78,206.38,281,57.0,106.0,0.2,203.67,6.0
07:39:37,204.26,38.0,227.0,22.0,203.15,66.0,313.55,44.0,22.74000000000001,104.0,66.0,8.38970023302158,204.26,227.0,170,38.0,-111.0,0.22,203.67,
07:39:38,209.41,27.0,227.0,20.0,208.18,22.0,329.19,37.0,17.590000000000003,49.0,57.0,9.702511530524603,209.41,227.0,106,-8.0,-64.0,-0.08,203.67,
07:39:39,211.77,43.0,408.34,29.0,204.82,88.0,556.97,37.0,196.57,131.0,66.0,45.766968984191706,211.77,408.34,197,65.0,91.0,0.33,209.6,5.0
07:39:40,214.0,40.0,252.68,19.0,207.8,20.0,351.1,10.0,38.68000000000001,60.0,29.0,42.55079106197635,214.0,252.68,89,31.0,-108.0,0.35,209.6,
07:39:41,214.0,36.0,241.24,17.0,207.0,30.0,349.6,10.0,27.24000000000001,66.0,27.0,39.27612506345257,214.0,241.24,93,39.0,4.0,0.42,209.6,
07:39:42,208.75,64.0,312.0,13.0,206.64,39.0,409.54,26.0,103.25,103.0,39.0,37.09641492112098,208.75,312.0,142,64.0,49.0,0.45,211.67,6.0
07:39:43,207.0,36.0,428.36,22.0,205.0,6.0,577.5,12.0,221.36,42.0,34.0,42.162130875940896,207.0,428.36,76,8.0,-66.0,0.11,211.67,
07:39:45,206.71,31.0,361.75,16.0,195.38,80.0,561.75,32.0,155.04,111.0,48.0,55.81033309343325,206.71,361.75,159,63.0,45.0,0.4,204.0,1.0
07:39:46,206.9,29.0,282.62,32.0,175.88,64.0,512.24,34.0,75.72,93.0,66.0,51.15122461877107,206.9,282.62,159,27.0,0.0,0.17,207.0,4.0
07:39:47,204.0,33.0,283.25,48.0,108.17,48.0,433.22,18.0,79.25,81.0,66.0,54.51215846029187,204.0,283.25,147,15.0,-12.0,0.1,204.0,3.0
07:39:48,198.83,24.0,271.11,36.0,148.52,42.0,341.33,15.0,72.28,66.0,51.0,57.50477414963014,198.83,271.11,117,15.0,-30.0,0.13,206.0,3.0
07:39:49,211.31,87.0,279.27,44.0,208.0,31.0,499.27,11.0,67.95999999999998,118.0,55.0,19.27623225632972,211.31,279.27,173,63.0,56.0,0.36,206.0,
07:39:50,212.0,63.0,278.43,28.0,209.0,7.0,325.0,13.0,66.43,70.0,41.0,4.410969281231171,212.0,278.43,111,29.0,-62.0,0.26,206.0,
07:39:51,212.0,94.0,277.09,44.0,209.53,19.0,437.27,44.0,65.08999999999997,113.0,88.0,4.388225153745538,212.0,277.09,201,25.0,90.0,0.12,212.0,5.0
07:39:52,212.0,22.0,277.0,20.0,210.0,25.0,583.2,20.0,65.0,47.0,40.0,4.450155053474551,212.0,277.0,87,7.0,-114.0,0.08,212.0,
07:39:53,212.0,36.0,276.17,24.0,210.0,30.0,618.0,24.0,64.17000000000002,66.0,48.0,0.5127670035847987,212.0,276.17,114,18.0,27.0,0.16,212.0,
07:39:54,212.0,40.0,274.86,28.0,210.0,35.0,619.27,22.0,62.860000000000014,75.0,50.0,0.6559954267868582,212.0,274.86,125,25.0,11.0,0.2,212.0,2.0
07:39:55,212.0,36.0,228.85,27.0,210.0,45.0,275.0,18.0,16.849999999999994,81.0,45.0,10.612924667591123,212.0,228.85,126,36.0,1.0,0.29,212.0,
07:39:56,212.0,52.0,224.79,43.0,210.0,65.0,227.73,41.0,12.789999999999992,117.0,84.0,13.492081751900372,212.0,224.79,201,33.0,75.0,0.16,212.0,
07:39:57,210.28,115.0,218.83,35.0,209.81,47.0,220.11,37.0,8.550000000000011,162.0,72.0,14.377589158129457,210.28,218.83,234,90.0,33.0,0.38,212.0,4.0
07:39:58,210.0,110.0,214.1,29.0,209.0,10.0,215.92,25.0,4.099999999999994,120.0,54.0,12.53908768611018,210.0,214.1,174,66.0,-60.0,0.38,212.0,
07:39:59,210.0,110.0,211.79,28.0,209.0,13.0,212.92,48.0,1.789999999999992,123.0,76.0,4.07717794558421,210.0,211.79,199,47.0,25.0,0.24,210.0,3.0
07:40:00,210.0,112.0,212.76,58.0,209.0,17.0,321.3,66.0,2.759999999999991,129.0,124.0,3.1028583596351558,210.0,212.76,253,5.0,54.0,0.02,210.0,2.0
07:40:01,210.86,21.0,213.0,44.0,209.96,56.0,294.67,24.0,2.1399999999999864,77.0,68.0,1.4140721339300182,210.86,213.0,145,9.0,-108.0,0.06,210.0,
07:40:02,211.25,16.0,216.97,37.0,209.97,62.0,245.5,24.0,5.719999999999999,78.0,61.0,1.2298455187369537,211.25,216.97,139,17.0,-6.0,0.12,211.75,8.0
07:40:03,210.16,19.0,241.67,12.0,208.0,31.0,242.94,17.0,31.50999999999999,50.0,29.0,6.307137226980084,210.16,241.67,79,21.0,-60.0,0.27,210.6,5.0
07:40:04,212.0,16.0,240.57,14.0,207.0,56.0,241.08,26.0,28.569999999999997,72.0,40.0,7.534333414440762,212.0,240.57,112,32.0,33.0,0.29,210.6,
07:40:05,212.0,37.0,236.94,34.0,207.0,105.0,238.07,27.0,24.94,142.0,61.0,6.943005113058691,212.0,236.94,203,81.0,91.0,0.4,210.6,
07:40:06,212.0,37.0,227.37,38.0,207.0,105.0,232.26,27.0,15.370000000000005,142.0,65.0,5.181343455124306,212.0,227.37,207,77.0,4.0,0.37,212.0,1.0
07:40:07,207.12,80.0,223.08,50.0,204.46,46.0,224.4,30.0,15.960000000000008,126.0,80.0,4.805335576206887,207.12,223.08,206,46.0,-1.0,0.22,210.33,3.0
07:40:08,207.0,72.0,218.9,42.0,204.0,36.0,220.0,30.0,11.900000000000006,108.0,72.0,5.764197255469213,207.0,218.90000000000003,180,36.0,-26.0,0.2,210.33,
07:40:09,207.0,27.0,216.43,23.0,204.0,36.0,216.71,42.0,9.430000000000009,63.0,65.0,5.259299382993699,207.0,216.43,128,-2.0,-52.0,-0.02,207.0,5.0
07:40:10,207.88,32.0,212.41,54.0,204.19,47.0,213.91,44.0,4.530000000000001,79.0,98.0,3.695919371409099,207.88,212.41,177,-19.0,49.0,-0.11,207.0,
07:40:11,209.74,106.0,211.48,62.0,207.6,30.0,212.38,64.0,1.739999999999981,136.0,126.0,1.9955274991731813,209.74,211.48,262,10.0,85.0,0.04,207.0,
07:40:12,210.0,132.0,211.12,43.0,207.0,10.0,212.73,41.0,1.1200000000000043,142.0,84.0,1.1417223830494423,210.0,211.12,226,58.0,-36.0,0.26,210.0,5.0
07:40:13,209.42,36.0,213.1,39.0,205.53,19.0,242.25,24.0,3.680000000000007,55.0,63.0,0.6265939673792009,209.42,213.1,118,-8.0,-108.0,-0.07,210.0,10.0
07:40:14,207.0,9.0,214.1,20.0,205.0,18.0,305.67,15.0,7.099999999999994,27.0,35.0,0.4026536973081772,207.0,214.1,62,-8.0,-56.0,-0.13,210.0,
07:40:15,206.47,15.0,209.53,38.0,204.85,26.0,210.68,31.0,3.0600000000000023,41.0,69.0,1.2633012308851157,206.47,209.53,110,-28.0,48.0,-0.25,207.0,1.0
07:40:16,205.0,28.0,207.82,17.0,204.0,28.0,209.72,29.0,2.819999999999993,56.0,46.0,2.062651206567814,205.0,207.82,102,10.0,-8.0,0.1,208.0,5.0
07:40:17,204.14,14.0,206.0,7.0,201.75,8.0,385.73,15.0,1.8600000000000136,22.0,22.0,2.6415090384012405,204.14,206.0,44,0.0,-58.0,0.0,205.0,2.0
07:40:18,204.93,30.0,433.57,14.0,203.9,29.0,659.77,26.0,228.64,59.0,40.0,50.01438373108239,204.93,433.57,99,19.0,55.0,0.19,205.0,1.0
07:40:19,205.88,24.0,372.35,17.0,204.0,32.0,660.0,23.0,166.47000000000003,56.0,40.0,54.56586497069355,205.88,372.35,96,16.0,-3.0,0.17,205.0,
07:40:23,212.0,24.0,399.42,12.0,207.0,8.0,431.22,18.0,187.42,32.0,30.0,60.66605368737928,212.0,399.42,62,2.0,-64.0,0.03,212.0,3.0
07:40:24,212.0,24.0,345.7,10.0,207.0,8.0,541.39,18.0,133.7,32.0,28.0,63.72819493756265,212.0,345.7,60,4.0,-2.0,0.07,212.0,
07:40:25,212.0,24.0,395.38,8.0,207.0,8.0,446.0,16.0,183.38,32.0,24.0,61.50900438147232,212.0,395.38,56,8.0,-4.0,0.14,212.0,
07:40:26,212.0,39.0,246.72,29.0,210.0,26.0,369.09,22.0,34.72,65.0,51.0,50.646830404280685,212.0,246.72,116,14.0,60.0,0.12,212.0,
07:40:27,212.24,17.0,215.0,21.0,210.4,15.0,393.0,7.0,2.759999999999991,32.0,28.0,42.56875062766068,212.24,215.0,60,4.0,-56.0,0.07,213.33,3.0
07:40:28,211.2,20.0,214.19,16.0,209.25,16.0,340.54,24.0,2.990000000000009,36.0,40.0,41.317937630040966,211.2,214.19,76,-4.0,16.0,-0.05,212.0,2.0
07:40:29,206.19,42.0,212.78,9.0,204.88,17.0,431.22,23.0,6.590000000000003,59.0,32.0,39.83920016767342,206.19,212.78,91,27.0,15.0,0.3,207.4,5.0
07:40:30,205.0,32.0,210.0,4.0,204.0,12.0,213.0,4.0,5.0,44.0,8.0,8.646762399877865,205.0,210.0,52,36.0,-39.0,0.69,207.4,
07:40:31,205.0,64.0,210.0,8.0,204.0,18.0,213.0,8.0,5.0,82.0,16.0,2.871675469118974,205.0,210.0,98,66.0,46.0,0.67,207.4,
07:40:32,205.0,96.0,302.22,27.0,204.0,20.0,347.29,24.0,97.22000000000004,116.0,51.0,19.932617239086877,205.0,302.22,167,65.0,69.0,0.39,208.0,2.0
07:40:35,209.0,26.0,449.75,36.0,204.74,27.0,0.0,0.0,240.75,53.0,36.0,81.0417927985307,209.0,449.75,89,17.0,26.0,0.19,208.0,
07:40:36,212.0,32.0,387.25,24.0,210.0,8.0,497.0,1.0,175.25,40.0,25.0,58.18968551212482,212.0,387.25,65,15.0,-24.0,0.23,208.0,
07:40:37,211.6,10.0,216.0,12.0,209.25,8.0,497.0,4.0,4.400000000000006,18.0,16.0,72.528435251286,211.6,216.0,34,2.0,-31.0,0.06,212.0,4.0
07:40:38,211.25,16.0,215.5,12.0,206.25,8.0,307.1,20.0,4.25,24.0,32.0,75.85674445954014,211.25,215.5,56,-8.0,22.0,-0.14,212.0,
07:40:39,212.0,35.0,213.86,7.0,210.0,23.0,238.0,21.0,1.8600000000000136,58.0,28.0,56.38248770673359,212.0,213.86,86,30.0,30.0,0.35,212.0,
07:40:40,212.0,44.0,487.67,36.0,210.0,55.0,569.48,23.0,275.67,99.0,59.0,63.52327109020728,212.0,487.67,158,40.0,72.0,0.25,212.0,1.0
07:40:42,207.71,68.0,265.35,37.0,206.24,45.0,473.22,37.0,57.640000000000015,113.0,74.0,79.41227392538241,207.71,265.35,187,39.0,-7.0,0.21,208.2,10.0
07:40:43,207.0,10.0,286.31,32.0,205.0,30.0,473.5,16.0,79.31,40.0,48.0,73.83345671171013,207.0,286.31,88,-8.0,-99.0,-0.09,210.5,4.0
07:40:44,207.0,9.0,317.71,31.0,205.0,27.0,558.73,33.0,110.70999999999998,36.0,64.0,64.54275675860131,207.0,317.71,100,-28.0,12.0,-0.28,210.5,
07:40:45,205.12,17.0,309.41,32.0,204.11,27.0,515.74,31.0,104.29000000000002,44.0,63.0,57.65197941094453,205.12,309.41,107,-19.0,7.0,-0.18,206.0,2.0
07:40:46,205.0,10.0,282.0,20.0,204.0,15.0,318.71,17.0,77.0,25.0,37.0,10.456321054747912,205.0,282.0,62,-12.0,-45.0,-0.19,206.0,
07:40:47,205.0,4.0,282.0,8.0,204.0,6.0,351.0,8.0,77.0,10.0,16.0,8.642151352525877,205.0,282.0,26,-6.0,-36.0,-0.23,206.0,
07:40:48,207.37,38.0,281.15,52.0,204.17,36.0,348.76,51.0,73.77999999999997,74.0,103.0,8.979508895255062,207.37,281.15,177,-29.0,151.0,-0.16,206.0,
07:40:49,210.0,42.0,279.0,28.0,205.0,14.0,313.0,21.0,69.0,56.0,49.0,5.973715761564475,210.0,279.0,105,7.0,-72.0,0.07,206.0,
07:40:50,210.0,54.0,278.0,44.0,205.0,22.0,368.1,40.0,68.0,76.0,84.0,0.4489097904515419,210.0,278.0,160,-8.0,55.0,-0.05,208.33,9.0
07:40:51,205.0,10.0,262.9,40.0,204.0,27.0,369.9,40.0,57.89999999999998,37.0,80.0,4.538757539235036,205.0,262.9,117,-43.0,-43.0,-0.37,208.33,
07:40:52,205.0,7.0,248.0,28.0,204.0,14.0,527.35,31.0,43.0,21.0,59.0,8.12448890699976,205.0,248.0,80,-38.0,-37.0,-0.47,208.33,
07:40:53,207.06,17.0,247.31,52.0,204.04,25.0,353.02,41.0,40.25,42.0,93.0,8.739272280914552,207.06,247.31,135,-51.0,55.0,-0.38,208.33,
07:40:54,210.38,26.0,244.2,40.0,204.07,58.0,305.69,13.0,33.81999999999999,84.0,53.0,7.4705374639285935,210.38,244.2,137,31.0,2.0,0.23,212.0,5.0
07:40:55,206.26,19.0,243.1,40.0,204.05,66.0,341.0,40.0,36.84,85.0,80.0,3.5291429554439584,206.26,243.1,165,5.0,28.0,0.03,212.0,
07:40:56,205.41,22.0,242.35,46.0,200.2,69.0,287.3,40.0,36.94,91.0,86.0,1.5410321216507037,205.41,242.35,177,5.0,12.0,0.03,204.33,3.0
07:40:57,202.58,64.0,238.82,44.0,173.82,98.0,242.0,55.0,36.23999999999998,162.0,99.0,2.716648670689496,202.58,238.82,261,63.0,84.0,0.24,204.0,7.0
07:40:58,175.32,94.0,233.67,21.0,149.73,41.0,240.39,33.0,58.35,135.0,54.0,9.095805077064805,175.32,233.67,189,81.0,-72.0,0.43,204.0,
07:41:00,210.96,46.0,234.12,24.0,209.53,51.0,235.94,51.0,23.16,97.0,75.0,12.960888086854087,210.96,234.12,172,22.0,66.0,0.13,204.0,
07:41:01,214.0,20.0,230.94,16.0,210.0,50.0,233.12,34.0,16.939999999999998,70.0,50.0,12.685056168577107,214.0,230.94,120,20.0,-52.0,0.17,204.0,
07:41:02,214.0,20.0,225.92,39.0,210.0,50.0,226.92,38.0,11.919999999999987,70.0,77.0,12.576612023909943,214.0,225.92,147,-7.0,27.0,-0.05,204.0,
07:41:03,214.0,22.0,223.95,44.0,210.0,73.0,224.87,53.0,9.949999999999989,95.0,97.0,11.814419156266505,214.0,223.95,192,-2.0,45.0,-0.01,214.0,1.0
07:41:04,214.0,8.0,218.75,40.0,210.0,72.0,221.0,32.0,4.75,80.0,72.0,2.582494917702248,214.0,218.75,152,8.0,-40.0,0.05,214.0,
07:41:05,210.4,50.0,216.38,39.0,209.75,60.0,218.79,39.0,5.97999999999999,110.0,78.0,3.4778197193008222,210.4,216.38,188,32.0,36.0,0.17,214.0,
07:41:06,210.0,131.0,212.55,55.0,209.0,45.0,213.89,38.0,2.550000000000012,176.0,93.0,3.670535383286381,210.0,212.55,269,83.0,81.0,0.31,211.5,6.0
07:41:07,209.79,28.0,212.95,43.0,208.39,54.0,338.4,20.0,3.1599999999999966,82.0,63.0,3.3473974965571496,209.79,212.95,145,19.0,-124.0,0.13,209.86,7.0
07:41:08,207.15,107.0,213.0,52.0,205.99,89.0,511.58,19.0,5.849999999999994,196.0,71.0,2.47694973706714,207.15,213.0,267,125.0,122.0,0.47,209.0,2.0
07:41:09,207.0,66.0,212.0,24.0,205.0,30.0,338.5,10.0,5.0,96.0,34.0,1.4970637928815589,207.0,212.0,130,62.0,-137.0,0.48,209.0,
07:41:10,207.0,110.0,211.92,39.0,205.0,50.0,375.15,13.0,4.919999999999988,160.0,52.0,0.9325395433743776,207.0,211.92,212,108.0,82.0,0.51,209.0,
07:41:11,207.0,47.0,208.0,12.0,205.0,30.0,215.65,20.0,1.0,77.0,32.0,1.3956539685598446,207.0,208.0,109,45.0,-103.0,0.41,207.0,7.0
07:41:12,206.8,49.0,238.5,20.0,202.02,59.0,429.33,12.0,31.69999999999999,108.0,32.0,6.1230000816558,206.8,238.5,140,76.0,31.0,0.54,207.33,6.0
07:41:15,211.0,12.0,391.83,6.0,208.0,24.0,562.67,6.0,180.83,36.0,12.0,74.7041043049173,211.0,391.83,48,24.0,19.0,0.5,207.33,
07:41:16,211.0,12.0,299.91,11.0,208.4,20.0,466.0,1.0,88.91000000000003,32.0,12.0,63.40103272029537,211.0,299.91,44,20.0,-4.0,0.45,211.0,1.0
07:41:17,209.8,5.0,301.0,5.0,208.14,14.0,0.0,0.0,91.2,19.0,5.0,54.26785144079288,209.8,301.0,24,14.0,-20.0,0.58,211.0,1.0
07:41:18,209.0,4.0,301.0,4.0,208.0,16.0,0.0,0.0,92.0,20.0,4.0,47.02215520369055,209.0,301.0,24,16.0,0.0,0.67,211.0,
07:41:20,211.0,105.0,413.71,7.0,208.0,21.0,631.0,21.0,202.71,126.0,28.0,53.43205798020478,211.0,413.71,154,98.0,63.0,0.64,211.0,
07:41:23,211.0,117.0,364.87,23.0,209.0,54.0,465.62,13.0,153.87,171.0,36.0,52.27999808722249,211.0,364.87,207,135.0,23.0,0.65,211.0,
07:41:24,211.0,87.0,337.55,20.0,209.0,60.0,653.07,28.0,126.55,147.0,48.0,61.2955118259076,211.0,337.55,195,99.0,-12.0,0.51,211.0,
07:41:25,211.0,84.0,283.93,43.0,209.0,66.0,522.57,14.0,72.93,150.0,57.0,73.03045700254089,211.0,283.93,207,93.0,12.0,0.45,211.0,5.0
07:41:26,211.0,36.0,282.33,27.0,209.0,54.0,372.13,30.0,71.32999999999998,90.0,57.0,60.168509039197225,211.0,282.33,147,33.0,-60.0,0.22,211.0,
07:41:27,211.0,32.0,272.8,30.0,209.0,54.0,450.74,27.0,61.80000000000001,86.0,57.0,20.2817533758781,211.0,272.8,143,29.0,-4.0,0.2,211.0,1.0
07:41:28,211.0,27.0,251.07,29.0,209.0,54.0,266.65,34.0,40.06999999999999,81.0,63.0,15.945175445881333,211.0,251.07,144,18.0,1.0,0.12,211.0,
07:41:29,211.0,61.0,217.91,44.0,209.0,66.0,265.0,33.0,6.909999999999997,127.0,77.0,13.86417253210344,211.0,217.91,204,50.0,60.0,0.25,211.0,
07:41:30,211.0,50.0,235.8,20.0,209.0,30.0,265.0,15.0,24.80000000000001,80.0,35.0,13.179736340303974,211.0,235.8,115,45.0,-89.0,0.39,211.0,
07:41:31,211.0,65.0,258.68,31.0,209.0,60.0,348.0,18.0,47.68000000000001,125.0,49.0,10.57854101471125,211.0,258.68,174,76.0,59.0,0.44,211.0,5.0
07:41:32,211.62,29.0,264.0,18.0,209.59,34.0,373.0,24.0,52.38,63.0,42.0,9.440563012867813,211.62,264.0,105,21.0,-69.0,0.2,213.0,5.0
07:41:33,212.0,12.0,264.0,18.0,209.91,33.0,373.0,24.0,52.0,45.0,42.0,10.408340405652018,212.0,264.0,87,3.0,-18.0,0.03,211.8,5.0
07:41:34,211.0,78.0,263.81,48.0,208.04,109.0,449.58,19.0,52.81,187.0,67.0,6.2206004533268695,211.0,263.81,254,120.0,167.0,0.47,211.0,4.0
07:41:35,211.0,21.0,262.0,21.0,209.0,77.0,470.0,7.0,51.0,98.0,28.0,1.2943222164251735,211.0,262.0,126,70.0,-128.0,0.56,211.0,
07:41:36,211.0,30.0,262.0,30.0,209.0,110.0,344.0,22.0,51.0,140.0,52.0,0.7117794601784594,211.0,262.0,192,88.0,66.0,0.46,211.0,
07:41:37,209.47,98.0,261.23,39.0,208.85,164.0,406.59,17.0,51.76000000000002,262.0,56.0,1.0103316286901456,209.47000000000003,261.23,318,206.0,126.0,0.65,210.5,4.0
07:41:38,209.0,150.0,259.67,18.0,208.0,48.0,323.5,6.0,50.670000000000016,198.0,24.0,1.1935116253858844,209.0,259.67,222,174.0,-96.0,0.78,210.5,
07:41:39,209.0,100.0,259.0,12.0,208.0,32.0,400.3,10.0,50.0,132.0,22.0,1.173341382518697,209.0,259.0,154,110.0,-68.0,0.71,210.5,
07:41:40,209.0,150.0,259.0,18.0,208.0,48.0,578.0,18.0,50.0,198.0,36.0,1.0824647799954596,209.0,259.0,234,162.0,80.0,0.69,210.5,
07:41:41,209.0,175.0,258.0,21.0,208.0,56.0,506.74,23.0,49.0,231.0,44.0,0.6897318318957725,209.0,258.0,275,187.0,41.0,0.68,210.5,
07:41:42,209.0,300.0,255.39,38.0,208.0,96.0,286.74,43.0,46.38999999999999,396.0,81.0,0.8400476176562811,209.0,255.39,477,315.0,167.0,0.66,210.5,
07:41:43,210.34,152.0,251.37,46.0,208.96,421.0,252.49,53.0,41.03,573.0,99.0,1.362982024800619,210.34,251.37,672,474.0,167.0,0.71,210.5,
07:41:44,211.0,96.0,230.5,42.0,209.0,267.0,232.64,44.0,19.5,363.0,86.0,5.455476147865384,211.0,230.5,449,277.0,-169.0,0.62,210.5,
07:41:45,211.0,54.0,215.78,18.0,209.0,216.0,217.0,27.0,4.780000000000001,270.0,45.0,8.729063523650506,211.0,215.78,315,225.0,-134.0,0.71,210.5,
07:41:46,211.0,42.0,212.6,20.0,209.0,192.0,213.75,16.0,1.5999999999999943,234.0,36.0,9.514123711615436,211.0,212.6,270,198.0,-45.0,0.73,211.0,2.0
07:41:47,209.11,178.0,212.31,26.0,208.63,152.0,400.66,29.0,3.1999999999999886,330.0,55.0,8.434131253420269,209.11,212.31,385,275.0,115.0,0.71,211.0,4.0
07:41:48,209.0,366.0,211.1,31.0,208.0,128.0,240.0,34.0,2.0999999999999943,494.0,65.0,4.3307966934408055,209.0,211.1,559,429.0,167.0,0.77,209.0,3.0
07:41:49,209.0,201.0,210.0,10.0,208.0,80.0,211.0,20.0,1.0,281.0,30.0,1.5450080905666357,209.0,210.0,311,251.0,-169.0,0.81,209.0,7.0
07:41:50,209.0,98.0,210.0,7.0,208.0,56.0,211.0,14.0,1.0,154.0,21.0,0.9695204999977588,209.0,210.0,175,133.0,-136.0,0.76,209.0,
07:41:51,209.0,35.0,210.0,5.0,208.0,40.0,782.0,20.0,1.0,75.0,25.0,0.5355091034852802,209.0,210.0,100,50.0,-75.0,0.5,209.0,10.0
07:41:53,209.0,24.0,388.05,19.0,208.0,48.0,489.5,8.0,179.05,72.0,27.0,75.74483170487575,209.0,388.05,99,45.0,-36.0,0.45,209.0,
07:41:54,209.0,32.0,242.0,32.0,208.0,64.0,427.0,24.0,33.0,96.0,56.0,73.32906333780592,209.0,242.0,152,40.0,53.0,0.26,209.0,
07:41:55,208.11,72.0,242.0,40.0,207.33,24.0,427.0,30.0,33.889999999999986,96.0,70.0,70.71535738437552,208.11,242.0,166,26.0,14.0,0.16,209.0,4.0
07:41:56,208.0,56.0,254.0,34.0,206.0,10.0,467.28,18.0,46.0,66.0,52.0,66.87701974520064,208.0,254.0,118,14.0,-48.0,0.12,208.0,5.0
07:41:57,206.0,24.0,301.25,16.0,203.75,16.0,494.89,18.0,95.25,40.0,34.0,31.218768713707075,206.0,301.25,74,6.0,-44.0,0.08,205.75,8.0
07:41:58,207.0,24.0,291.0,30.0,203.19,42.0,478.69,13.0,84.0,66.0,43.0,13.517613694729135,207.0,291.0,109,23.0,35.0,0.21,205.75,
07:41:59,211.4,25.0,321.0,12.0,209.29,14.0,434.2,15.0,109.6,39.0,27.0,16.832595759416748,211.4,321.0,66,12.0,-43.0,0.18,213.0,1.0
07:42:00,213.0,16.0,410.0,16.0,211.0,40.0,411.0,8.0,197.0,56.0,24.0,30.28104159370923,213.0,410.0,80,32.0,14.0,0.4,213.0,
07:42:01,211.48,33.0,355.91,33.0,209.31,130.0,398.91,46.0,144.43000000000004,163.0,79.0,25.467490649845285,211.48,355.91,242,84.0,162.0,0.35,211.8,5.0
07:42:02,211.0,49.0,237.43,14.0,209.0,77.0,260.14,21.0,26.430000000000007,126.0,35.0,33.2217311409257,211.0,237.43,161,91.0,-81.0,0.57,211.8,
07:42:03,211.0,66.0,386.33,27.0,209.0,132.0,403.12,24.0,175.32999999999998,198.0,51.0,33.9413071345221,211.0,386.33,249,147.0,88.0,0.59,211.0,2.0
07:42:04,211.0,20.0,282.25,4.0,209.0,44.0,344.0,5.0,71.25,64.0,9.0,36.51040742035013,211.0,282.25,73,55.0,-169.0,0.75,211.0,
07:42:05,211.0,30.0,280.33,9.0,209.0,66.0,350.33,9.0,69.32999999999998,96.0,18.0,30.504511633526374,211.0,280.33,114,78.0,41.0,0.68,211.0,
07:42:06,209.9,60.0,279.18,11.0,208.79,84.0,280.12,16.0,69.28,144.0,27.0,27.72643630183907,209.9,279.18,171,117.0,57.0,0.68,211.0,3.0
07:42:07,209.0,96.0,276.83,12.0,208.0,72.0,280.0,24.0,67.82999999999998,168.0,36.0,24.06938366472941,209.0,276.83,204,132.0,33.0,0.65,209.0,6.0
07:42:08,210.94,161.0,263.95,22.0,208.92,71.0,276.36,22.0,53.00999999999999,232.0,44.0,3.62097362596462,210.94,263.95,276,188.0,72.0,0.68,209.0,
07:42:09,211.0,124.0,264.33,18.0,209.0,55.0,273.62,16.0,53.329999999999984,179.0,34.0,3.860239629858447,211.0,264.33,213,145.0,-63.0,0.68,211.0,1.0
07:42:10,211.0,179.0,258.94,18.0,209.0,75.0,267.65,17.0,47.94,254.0,35.0,4.036390714478428,211.0,258.94,289,219.0,76.0,0.76,211.0,
07:42:11,211.0,180.0,233.2,25.0,209.0,75.0,234.41,17.0,22.19999999999999,255.0,42.0,7.782452698213049,211.0,233.2,297,213.0,8.0,0.72,211.0,
07:42:12,211.0,144.0,230.74,19.0,209.0,60.0,231.41,17.0,19.74000000000001,204.0,36.0,8.410209272064485,211.0,230.74,240,168.0,-57.0,0.7,211.0,
07:42:13,211.0,108.0,228.44,9.0,208.4,50.0,229.8,10.0,17.439999999999998,158.0,19.0,8.543028151651853,211.0,228.44,177,139.0,-63.0,0.79,211.0,
07:42:14,211.0,144.0,225.57,21.0,208.0,72.0,227.25,12.0,14.569999999999991,216.0,33.0,6.734051529347867,211.0,225.57,249,183.0,72.0,0.73,211.0,
07:42:15,211.0,160.0,222.9,29.0,208.0,96.0,225.74,19.0,11.900000000000006,256.0,48.0,2.03807016559998,211.0,222.9,304,208.0,55.0,0.68,211.0,4.0
07:42:16,211.0,97.0,220.0,20.0,209.0,96.0,222.22,18.0,9.0,193.0,38.0,2.1376459014316045,211.0,220.0,231,155.0,-73.0,0.67,211.0,
07:42:17,211.0,108.0,218.28,25.0,209.0,96.0,218.46,24.0,7.280000000000001,204.0,49.0,2.054422059827524,211.0,218.28,253,155.0,22.0,0.61,211.0,
07:42:18,211.0,83.0,215.32,28.0,209.0,96.0,218.73,44.0,4.319999999999993,179.0,72.0,1.9928296464837496,211.0,215.32,251,107.0,-2.0,0.43,211.0,5.0
07:42:19,210.55,62.0,213.89,36.0,208.94,98.0,214.59,34.0,3.339999999999975,160.0,70.0,1.8718920908811107,210.55,213.89,230,90.0,-21.0,0.39,210.83,6.0
07:42:20,209.0,132.0,211.31,48.0,207.94,34.0,212.25,24.0,2.3100000000000023,166.0,72.0,2.0944402593298945,209.0,211.31000000000003,238,94.0,8.0,0.39,209.0,3.0
07:42:21,209.0,92.0,210.81,37.0,208.0,39.0,215.67,21.0,1.8100000000000025,131.0,58.0,2.007216978779516,209.0,210.81,189,73.0,-49.0,0.39,209.0,5.0
07:42:22,209.0,28.0,210.0,7.0,208.0,21.0,227.0,7.0,1.0,49.0,14.0,1.6044625267982315,209.0,210.0,63,35.0,-126.0,0.56,209.0,
07:42:23,209.0,34.0,306.28,29.0,208.0,33.0,508.7,27.0,97.27999999999996,67.0,56.0,21.13123706742954,209.0,306.28,123,11.0,60.0,0.09,209.0,1.0
07:42:24,209.8,20.0,337.0,24.0,208.5,24.0,508.0,8.0,127.2,44.0,32.0,30.99394650572786,209.8,337.0,76,12.0,-47.0,0.16,209.0,
07:42:25,211.0,12.0,337.0,18.0,209.0,18.0,428.25,12.0,126.0,30.0,30.0,32.78272105850783,211.0,337.0,60,0.0,-16.0,0.0,209.0,
07:42:26,211.0,8.0,337.0,18.0,209.0,42.0,378.0,18.0,126.0,50.0,36.0,27.843820140202503,211.0,337.0,86,14.0,26.0,0.16,211.0,1.0
07:42:27,211.0,10.0,375.6,25.0,209.0,110.0,432.0,22.0,164.60000000000002,120.0,47.0,12.643224272311407,211.0,375.6,167,73.0,81.0,0.44,211.0,
07:42:28,211.0,9.0,403.88,17.0,209.0,99.0,441.8,15.0,192.88,108.0,32.0,15.389669262202334,211.0,403.88,140,76.0,-27.0,0.54,211.0,
07:42:29,212.38,16.0,284.43,28.0,209.17,60.0,325.2,20.0,72.05000000000001,76.0,48.0,22.35378983528228,212.38,284.43,124,28.0,-16.0,0.23,213.0,1.0
07:42:30,213.0,19.0,270.0,45.0,211.0,15.0,584.8,30.0,57.0,34.0,75.0,28.269186758730108,213.0,270.0,109,-41.0,-15.0,-0.38,213.0,1.0
07:42:31,213.0,13.0,268.54,39.0,211.0,20.0,439.0,26.0,55.54000000000002,33.0,65.0,31.65726172618146,213.0,268.54,98,-32.0,-11.0,-0.33,213.0,
07:42:32,209.97,29.0,266.83,29.0,210.1,20.0,319.21,19.0,56.85999999999999,49.0,48.0,29.382649982599265,209.97,266.83,97,1.0,-1.0,0.01,211.67,3.0
07:42:33,209.0,101.0,263.94,47.0,208.0,33.0,264.71,41.0,54.94,134.0,88.0,4.535567219204676,209.0,263.94,222,46.0,125.0,0.21,209.0,2.0
07:42:34,210.1,40.0,258.87,53.0,208.94,105.0,260.18,51.0,48.77000000000001,145.0,104.0,2.927854163021224,210.1,258.87,249,41.0,27.0,0.16,209.0,
07:42:35,210.41,34.0,255.57,42.0,208.95,111.0,256.69,58.0,45.16,145.0,100.0,3.089088862418606,210.41,255.57,245,45.0,-4.0,0.18,209.8,5.0
07:42:36,209.0,73.0,251.59,73.0,208.0,45.0,252.68,47.0,42.59,118.0,120.0,3.126184575471545,209.0,251.59,238,-2.0,-7.0,-0.01,209.0,5.0
07:42:37,209.0,36.0,249.35,31.0,208.0,27.0,250.66,35.0,40.35,63.0,66.0,2.985895175640632,209.0,249.35,129,-3.0,-109.0,-0.02,209.0,
07:42:38,209.0,48.0,246.13,46.0,208.0,36.0,247.64,42.0,37.13,84.0,88.0,2.810866414455148,209.0,246.13,172,-4.0,43.0,-0.02,209.0,
07:42:39,209.0,52.0,241.93,75.0,207.95,43.0,243.0,75.0,32.93000000000001,95.0,150.0,2.8316249751529385,209.0,241.93,245,-55.0,73.0,-0.22,209.0,2.0
07:42:40,209.0,22.0,239.12,41.0,206.0,11.0,240.26,53.0,30.120000000000005,33.0,94.0,2.5687020068329858,209.0,239.12,127,-61.0,-118.0,-0.48,209.0,
07:42:41,209.0,28.0,235.63,62.0,206.43,14.0,237.29,42.0,26.629999999999995,42.0,104.0,2.731312871112713,209.0,235.63,146,-62.0,19.0,-0.42,209.0,
07:42:42,208.0,25.0,229.71,68.0,204.3,46.0,231.53,64.0,21.710000000000008,71.0,132.0,3.304636137293118,208.0,229.71,203,-61.0,57.0,-0.3,206.67,6.0
07:42:43,204.0,8.0,222.62,24.0,203.0,88.0,224.29,28.0,18.620000000000005,96.0,52.0,4.863620050939448,204.0,222.62,148,44.0,-55.0,0.3,206.67,
07:42:44,204.86,51.0,220.63,35.0,203.05,81.0,221.82,33.0,15.769999999999982,132.0,68.0,5.129647161345243,204.86,220.63,200,64.0,52.0,0.32,206.67,
07:42:45,207.62,53.0,215.48,73.0,203.05,133.0,216.58,79.0,7.859999999999985,186.0,152.0,4.616197569417331,207.62,215.48,338,34.0,138.0,0.1,206.67,
07:42:46,208.0,69.0,210.59,29.0,203.0,108.0,211.53,43.0,2.5900000000000034,177.0,72.0,3.540310720811324,208.0,210.59,249,105.0,-89.0,0.42,206.67,
07:42:47,204.67,72.0,209.11,36.0,202.9,80.0,210.43,44.0,4.440000000000026,152.0,80.0,2.656335822122082,204.67,209.11,232,72.0,-17.0,0.31,208.75,8.0
07:42:48,203.27,67.0,207.03,29.0,202.6,40.0,208.83,36.0,3.759999999999991,107.0,65.0,3.1561178685035114,203.27,207.03,172,42.0,-60.0,0.24,206.0,4.0
07:42:49,202.94,67.0,204.12,32.0,201.3,40.0,211.71,35.0,1.1800000000000068,107.0,67.0,3.202517759495654,202.94,204.12,174,40.0,2.0,0.23,203.17,6.0
07:42:50,156.08,50.0,204.55,22.0,106.95,93.0,224.09,22.0,48.47,143.0,44.0,11.780385392671915,156.08,204.55,187,99.0,13.0,0.53,200.58,12.0
07:42:51,163.34,44.0,228.17,18.0,86.98,47.0,239.29,14.0,64.82999999999998,91.0,32.0,10.933923358057472,163.34,228.17,123,59.0,-64.0,0.48,200.58,
07:42:52,211.0,48.0,225.33,18.0,89.0,18.0,353.5,12.0,14.330000000000013,66.0,30.0,13.903212578389114,211.0,225.33,96,36.0,-27.0,0.38,200.58,
07:42:53,211.0,54.0,222.78,27.0,119.29,102.0,396.67,18.0,11.78,156.0,45.0,15.737820687753429,211.0,222.78,201,111.0,105.0,0.55,211.0,3.0
07:42:54,211.0,25.0,220.6,15.0,169.0,15.0,282.0,10.0,9.599999999999994,40.0,25.0,16.777084967296393,211.0,220.6,65,15.0,-136.0,0.23,211.0,
07:42:55,211.0,50.0,218.6,30.0,209.0,40.0,347.9,20.0,7.599999999999994,90.0,50.0,9.32638568792274,211.0,218.6,140,40.0,75.0,0.29,211.0,
07:42:56,211.0,30.0,216.52,21.0,209.0,29.0,271.4,15.0,5.52000000000001,59.0,36.0,1.7270871431094297,211.0,216.52,95,23.0,-45.0,0.24,211.0,
07:42:57,210.33,36.0,213.95,37.0,208.37,43.0,215.32,34.0,3.619999999999976,79.0,71.0,1.833772068685936,210.33,213.95,150,8.0,55.0,0.05,210.67,6.0
07:42:58,209.0,21.0,210.62,32.0,200.0,9.0,211.77,26.0,1.6200000000000043,30.0,58.0,2.357439288696801,209.0,210.62,88,-28.0,-62.0,-0.32,209.0,3.0
07:42:59,207.71,7.0,210.73,22.0,189.33,18.0,282.11,19.0,3.019999999999982,25.0,41.0,2.4221436786222927,207.71,210.73,66,-16.0,-22.0,-0.24,209.0,1.0
07:43:00,202.63,41.0,209.26,27.0,200.56,151.0,561.74,38.0,6.629999999999996,192.0,65.0,2.983677261348513,202.63,209.26,257,127.0,167.0,0.49,203.0,1.0
07:43:01,203.25,16.0,206.0,15.0,202.06,51.0,207.0,10.0,2.75,67.0,25.0,3.038316968304377,203.25,206.0,92,42.0,-165.0,0.46,203.0,
07:43:02,203.94,32.0,205.89,18.0,202.61,31.0,261.16,19.0,1.9499999999999889,63.0,37.0,2.4449683024294724,203.94,205.89,100,26.0,8.0,0.26,204.4,5.0
07:43:03,203.0,16.0,205.62,16.0,202.0,96.0,493.64,14.0,2.6200000000000045,112.0,30.0,2.0077026672004346,203.0,205.62,142,82.0,42.0,0.58,204.4,
07:43:04,202.13,38.0,204.9,20.0,201.76,54.0,392.47,19.0,2.7700000000000102,92.0,39.0,0.887451407054244,202.13,204.9,131,53.0,-11.0,0.4,202.4,5.0
07:43:05,178.6,30.0,203.14,43.0,142.8,30.0,228.97,31.0,24.539999999999992,60.0,74.0,6.046265789715109,178.6,203.14,134,-14.0,3.0,-0.1,201.25,4.0
07:43:09,180.14,42.0,197.0,12.0,120.67,18.0,199.0,18.0,16.860000000000014,60.0,30.0,9.830538133787972,180.14,197.0,90,30.0,-97.0,0.33,201.25,
07:43:11,169.0,12.0,299.89,19.0,119.25,24.0,349.0,24.0,130.89,36.0,43.0,26.54766411569703,169.0,299.89,79,-7.0,6.0,-0.09,201.25,
