Time,Bid1_Price,Bid1_Volume,Ask1_Price,Ask1_Volume,Bid2_Price,Bid2_Volume,Ask2_Price,Ask2_Volume,Mid-Price,Bid_Ask_Spread,Market_Depth_Bid,Market_Depth_Ask,Historical_Volatility,Weighted_Avg_Bid_Price,Weighted_Avg_Ask_Price,Total_volume,Cumulative_Volume_Difference,Total_Volume_Change_Corrected,Order_imbalance,Weighted_Avg_Price,Trade_Volume
07:30:25,337.74,35.0,369.0,30.0,161.0,24.0,382.57,53.0,353.37,31.25999999999999,59.0,83.0,6.099640973040971,337.74,369.0,142,-24.0,-63.0,-0.17,365.86,7.0
07:30:26,323.7,20.0,382.0,32.0,305.58,73.0,388.0,40.0,352.85,58.30000000000001,93.0,72.0,7.523896596843929,323.7,382.0,165,21.0,23.0,0.13,365.86,
07:30:27,315.1,62.0,377.32,57.0,305.06,100.0,382.67,45.0,346.21,62.21999999999997,162.0,102.0,9.178900805652018,315.1,377.32,264,60.0,99.0,0.23,366.0,1.0
07:30:28,317.02,114.0,367.3,61.0,316.55,129.0,368.12,66.0,342.16,50.28000000000003,243.0,127.0,9.302058911875294,317.02,367.3,370,116.0,106.0,0.31,363.91,11.0
07:30:29,320.38,16.0,372.38,16.0,319.12,80.0,399.5,24.0,346.38,52.0,96.0,40.0,4.798575830389464,320.38,372.38,136,56.0,-182.5,0.41,363.91,
07:30:30,348.88,141.0,372.0,54.0,342.2,50.0,426.47,43.0,360.44,23.120000000000005,191.0,97.0,7.163830679182602,348.88,372.0,288,94.0,152.0,0.33,363.91,
07:30:31,351.07,98.0,368.14,28.0,349.0,40.0,371.0,40.0,359.61,17.069999999999993,138.0,68.0,8.450914151735171,351.07,368.14,206,70.0,-82.0,0.34,363.91,
07:30:32,352.32,31.0,365.62,16.0,351.39,44.0,369.65,23.0,358.97,13.300000000000011,75.0,39.0,8.58349986893444,352.32,365.62,114,36.0,-92.0,0.32,363.91,
07:30:33,353.89,18.0,365.0,18.0,352.0,63.0,417.52,25.0,359.44,11.110000000000014,81.0,43.0,5.942631571955069,353.89,365.0,124,38.0,10.0,0.31,363.91,
07:30:34,354.54,39.0,365.0,24.0,352.17,69.0,415.5,24.0,359.77,10.45999999999998,108.0,48.0,0.5353783708710739,354.54,365.0,156,60.0,32.0,0.38,363.91,
07:30:35,357.35,75.0,363.73,30.0,355.87,60.0,367.0,30.0,360.54,6.379999999999996,135.0,60.0,0.5730008725966844,357.35,363.7300000000001,195,75.0,39.0,0.38,363.91,
07:30:36,361.0,112.0,362.44,32.0,358.8,30.0,365.25,32.0,361.72,1.4399999999999975,142.0,64.0,1.0768797518741329,361.0,362.44,206,78.0,11.0,0.38,362.0,2.0
07:30:37,361.5,70.0,368.6,20.0,354.09,22.0,468.5,16.0,365.05,7.100000000000023,92.0,36.0,2.270292932640278,361.5,368.6,128,56.0,-78.0,0.44,363.0,2.0
07:30:38,362.1,70.0,371.0,20.0,345.5,10.0,446.8,25.0,366.55,8.899999999999977,80.0,45.0,2.9390695806660103,362.1,371.0,125,35.0,-3.0,0.28,363.0,
07:31:04,362.04,95.0,380.06,85.0,264.87,115.0,382.56,27.0,371.05,18.019999999999985,210.0,112.0,2.984622254154344,362.04,380.06,322,98.0,181.5,0.3,363.0,1.0
07:31:12,353.82,65.0,364.82,17.0,351.21,81.0,375.5,24.0,359.32,11.0,146.0,41.0,4.13761646361653,353.82,364.82,187,105.0,-5.0,0.56,364.0,1.0
07:31:13,354.32,38.0,364.0,8.0,348.12,67.0,365.0,16.0,359.16,9.680000000000009,105.0,24.0,4.5016774651223015,354.32,364.0,129,81.0,-58.0,0.63,364.0,
07:31:18,355.0,10.0,376.0,40.0,352.0,110.0,509.39,44.0,365.5,21.0,120.0,84.0,3.489158924438932,355.0,376.0,204,36.0,13.0,0.18,364.0,
07:32:28,360.0,45.0,372.0,36.0,359.0,18.0,375.0,18.0,366.0,12.0,63.0,54.0,3.0353945377810883,360.0,372.0,117,9.0,-3.0,0.08,364.0,4.0
07:32:29,360.0,50.0,372.0,40.0,359.0,20.0,375.0,20.0,366.0,12.0,70.0,60.0,3.061228511560444,360.0,372.0,130,10.0,13.0,0.08,364.0,
07:32:30,360.0,65.0,371.85,52.0,359.0,26.0,375.0,26.0,365.92,11.850000000000025,91.0,78.0,2.3205775143248064,360.0,371.85,169,13.0,39.0,0.08,364.0,
07:32:31,359.93,58.0,371.0,64.0,357.12,32.0,375.0,32.0,365.47,11.069999999999991,90.0,96.0,1.5950799352977243,359.92999999999995,371.0,186,-6.0,17.0,-0.03,364.0,
07:32:35,360.69,26.0,366.83,59.0,356.77,26.0,375.14,56.0,363.76,6.139999999999986,52.0,115.0,1.534936480766958,360.69,366.83,167,-63.0,90.0,-0.38,365.0,2.0
07:32:36,358.0,24.0,365.42,60.0,356.0,24.0,376.16,63.0,361.71,7.420000000000016,48.0,123.0,2.521989294186052,358.0,365.42,171,-75.0,4.0,-0.44,365.0,
07:32:37,358.0,24.0,363.24,49.0,356.0,24.0,367.04,51.0,360.62,5.240000000000009,48.0,100.0,3.0089499829655963,358.0,363.24000000000007,148,-52.0,-23.0,-0.35,365.0,
07:32:38,358.0,28.0,361.21,38.0,356.0,28.0,363.29,70.0,359.61,3.2099999999999795,56.0,108.0,2.742270956705084,358.0,361.21,164,-52.0,16.0,-0.32,365.0,
07:32:39,358.0,22.0,360.72,25.0,355.45,22.0,365.0,55.0,359.36,2.7200000000000277,44.0,80.0,1.7949289679504783,358.0,360.72,124,-36.0,-40.0,-0.29,361.0,4.0
07:32:40,358.0,24.0,365.25,36.0,356.0,24.0,374.17,54.0,361.62,7.25,48.0,90.0,1.0942257536667976,358.0,365.25,138,-42.0,14.0,-0.3,362.0,3.0
07:32:41,359.31,64.0,369.0,60.0,357.25,24.0,375.36,42.0,364.16,9.689999999999998,88.0,102.0,1.9434968484635724,359.31,369.0,190,-14.0,52.0,-0.07,362.0,
07:32:42,361.82,73.0,369.0,65.0,360.26,19.0,376.0,65.0,365.41,7.180000000000007,92.0,130.0,2.6979010359885494,361.82,369.0,222,-38.0,32.0,-0.17,362.0,
07:32:43,363.0,12.0,369.0,60.0,362.0,72.0,376.0,60.0,366.0,6.0,84.0,120.0,2.7761123896536133,363.0,369.0,204,-36.0,-18.0,-0.18,362.0,
07:32:44,362.7,43.0,369.0,65.0,355.82,28.0,376.0,65.0,365.85,6.300000000000011,71.0,130.0,1.8201840566240983,362.7,369.0,201,-59.0,-3.0,-0.29,363.25,4.0
07:33:07,360.2,40.0,366.39,31.0,353.96,25.0,373.45,33.0,363.29,6.189999999999998,65.0,64.0,3.6064012533256857,360.2,366.39,129,1.0,-104.0,0.01,365.8,5.0
07:33:08,350.86,21.0,362.76,17.0,349.33,18.0,363.53,19.0,356.81,11.899999999999975,39.0,36.0,5.622674630457319,350.86,362.76,75,3.0,-54.0,0.04,365.8,
07:33:09,350.13,23.0,359.36,33.0,349.09,22.0,364.41,27.0,354.75,9.230000000000018,45.0,60.0,6.168664361106672,350.13,359.36,105,-15.0,30.0,-0.14,357.12,8.0
07:33:10,351.79,42.0,365.28,53.0,349.0,32.0,367.64,56.0,358.53,13.489999999999952,74.0,109.0,5.153495900841205,351.79,365.28,183,-35.0,78.0,-0.19,357.12,
07:33:11,353.89,47.0,364.0,45.0,351.0,31.0,365.0,60.0,358.95,10.110000000000014,78.0,105.0,3.164661119296458,353.89,364.0,183,-27.0,0.0,-0.15,357.12,
07:33:12,355.25,36.0,363.43,42.0,349.9,31.0,364.57,42.0,359.34,8.180000000000007,67.0,84.0,1.8995209922468452,355.25,363.43,151,-17.0,-32.0,-0.11,357.12,
07:33:13,359.82,74.0,363.0,72.0,357.12,75.0,364.0,54.0,361.41,3.180000000000007,149.0,126.0,2.418342407515287,359.82,363.0,275,23.0,124.0,0.08,357.12,
07:33:14,361.0,56.0,362.05,22.0,347.0,24.0,364.5,10.0,361.52,1.0500000000000114,80.0,32.0,1.4128871150900233,361.0,362.05,112,48.0,-163.0,0.43,362.0,6.0
07:33:15,359.73,44.0,365.0,12.0,346.83,36.0,369.9,50.0,362.36,5.269999999999982,80.0,62.0,1.4868523800255804,359.73,365.0,142,18.0,30.0,0.13,362.0,
07:33:16,347.0,7.0,365.0,7.0,346.0,28.0,372.0,21.0,356.0,18.0,35.0,28.0,2.5604843291821795,347.0,365.0,63,7.0,-79.0,0.11,362.0,
07:33:17,347.0,8.0,358.0,16.0,346.0,32.0,363.88,8.0,352.5,11.0,40.0,24.0,4.312924761688643,347.0,358.0,64,16.0,1.0,0.25,362.0,
07:33:18,347.0,11.0,358.0,22.0,346.0,44.0,362.0,11.0,352.5,11.0,55.0,33.0,4.760701628960409,347.0,358.0,88,22.0,24.0,0.25,362.0,
07:33:19,347.0,9.0,358.5,16.0,346.0,36.0,366.15,13.0,352.75,11.5,45.0,29.0,4.256926121039176,347.0,358.5,74,16.0,-14.0,0.22,358.0,2.0
07:33:20,347.0,13.0,360.12,40.0,346.0,52.0,365.32,22.0,353.56,13.120000000000005,65.0,62.0,1.4839878705653216,347.0,360.12,127,3.0,53.0,0.02,358.0,
07:33:21,347.2,10.0,359.79,19.0,346.03,33.0,361.22,41.0,353.49,12.590000000000032,43.0,60.0,0.5263553932324152,347.2,359.79,103,-17.0,-24.0,-0.17,359.5,2.0
07:33:22,348.0,34.0,360.0,33.0,347.0,11.0,363.85,60.0,354.0,12.0,45.0,93.0,0.6181019333288784,348.0,360.0,138,-48.0,35.0,-0.35,359.5,
07:33:23,348.43,51.0,365.0,16.0,347.36,25.0,368.0,14.0,356.72,16.569999999999993,76.0,30.0,1.5297483453120877,348.43,365.0,106,46.0,-32.0,0.43,363.33,9.0
07:33:24,353.57,21.0,364.27,30.0,352.13,31.0,366.26,19.0,358.92,10.699999999999989,52.0,49.0,2.4035016122285797,353.57,364.2699999999999,101,3.0,-5.0,0.03,363.33,
07:33:25,357.6,10.0,372.44,18.0,356.81,16.0,558.85,26.0,365.02,14.839999999999977,26.0,44.0,4.674954545232039,357.6,372.44,70,-18.0,-31.0,-0.26,366.5,4.0
07:33:27,358.0,5.0,382.0,25.0,357.0,10.0,479.75,16.0,370.0,24.0,15.0,41.0,7.050866613402002,358.0,382.0,56,-26.0,-109.0,-0.46,366.5,
07:33:28,359.33,15.0,380.83,42.0,357.5,12.0,457.44,27.0,370.08,21.5,27.0,69.0,5.614125043137882,359.33,380.83,96,-42.0,40.0,-0.44,366.5,
07:33:29,361.3,61.0,380.65,54.0,360.84,73.0,489.44,45.0,370.97,19.34999999999997,134.0,99.0,3.0175155343409448,361.3,380.65,233,35.0,137.0,0.15,366.5,
07:33:37,356.47,51.0,373.12,40.0,354.21,72.0,567.29,35.0,364.8,16.649999999999977,123.0,75.0,2.112534023391992,356.47,373.12,198,48.0,133.0,0.24,363.0,2.0
07:33:38,355.38,39.0,371.54,65.0,353.31,145.0,374.0,26.0,363.46,16.160000000000025,184.0,91.0,3.053653549436896,355.38,371.54,275,93.0,77.0,0.34,363.0,
07:33:39,356.38,39.0,364.53,64.0,354.0,117.0,366.35,49.0,360.46,8.149999999999977,156.0,113.0,3.9383854559944,356.38,364.53,269,43.0,-6.0,0.16,363.0,
07:33:40,357.5,60.0,361.57,88.0,354.0,180.0,364.26,46.0,359.53,4.069999999999993,240.0,134.0,3.9585856059946254,357.5,361.57,374,106.0,105.0,0.28,361.0,4.0
07:33:41,358.0,42.0,359.29,14.0,354.0,126.0,361.75,16.0,358.64,1.2900000000000205,168.0,30.0,2.636251126123489,358.0,359.29,198,138.0,-176.0,0.7,361.0,
07:33:42,358.0,38.0,361.18,33.0,351.3,83.0,363.8,51.0,359.59,3.180000000000007,121.0,84.0,1.861271071066003,358.0,361.18,205,37.0,7.0,0.18,358.5,2.0
07:33:43,358.27,30.0,364.61,33.0,350.0,60.0,366.62,32.0,361.44,6.340000000000032,90.0,65.0,1.0607403075150748,358.2699999999999,364.61,155,25.0,-50.0,0.16,363.2,5.0
07:33:44,359.57,21.0,364.0,44.0,349.04,75.0,365.0,22.0,361.79,4.430000000000007,96.0,66.0,1.3528007983392143,359.57,364.0,162,30.0,7.0,0.19,363.2,
07:33:45,360.92,26.0,364.0,52.0,347.71,96.0,365.62,26.0,362.46,3.079999999999984,122.0,78.0,1.6026322098308112,360.92,364.0,200,44.0,38.0,0.22,363.2,
07:33:46,361.0,26.0,364.0,52.0,347.0,52.0,365.05,38.0,362.5,3.0,78.0,90.0,1.187615257559109,361.0,364.0,168,-12.0,-32.0,-0.07,363.2,
07:33:47,349.21,38.0,364.0,23.0,346.12,100.0,365.0,33.0,356.61,14.79000000000002,138.0,56.0,2.473024464089912,349.21,364.0,194,82.0,26.0,0.42,362.8,5.0
07:33:48,359.02,106.0,364.0,9.0,346.09,85.0,365.0,27.0,361.51,4.980000000000018,191.0,36.0,2.476616643727324,359.02,364.0,227,155.0,33.0,0.68,362.8,
07:33:49,348.23,94.0,362.15,26.0,344.7,122.0,363.53,17.0,355.19,13.91999999999996,216.0,43.0,3.486090933981402,348.23,362.15,259,173.0,32.0,0.67,361.0,1.0
07:33:50,347.92,26.0,360.39,36.0,346.32,75.0,361.47,34.0,354.16,12.46999999999997,101.0,70.0,3.779673266300623,347.92,360.39,171,31.0,-88.0,0.18,361.0,
07:33:51,349.0,34.0,358.47,38.0,348.0,17.0,360.0,34.0,353.74,9.470000000000027,51.0,72.0,3.145976795843859,349.0,358.47,123,-21.0,-48.0,-0.17,359.0,1.0
07:33:52,350.0,34.0,356.29,34.0,348.0,17.0,358.76,34.0,353.15,6.2900000000000205,51.0,68.0,3.413920034211133,350.0,356.29,119,-17.0,-4.0,-0.14,359.0,
07:33:53,350.59,17.0,356.22,18.0,348.6,10.0,359.55,22.0,353.41,5.630000000000052,27.0,40.0,0.7992809268263568,350.59,356.22,67,-13.0,-52.0,-0.19,356.0,2.0
07:33:54,354.81,16.0,357.0,22.0,351.88,17.0,363.81,42.0,355.91,2.1899999999999977,33.0,64.0,1.093677283291741,354.81,357.0,97,-31.0,30.0,-0.32,357.0,2.0
07:33:55,354.91,11.0,363.92,26.0,343.49,65.0,366.81,42.0,359.42,9.009999999999993,76.0,68.0,2.6373907560292102,354.91,363.92,144,8.0,47.0,0.06,364.2,5.0
07:33:56,355.22,9.0,365.0,18.0,343.0,99.0,368.0,36.0,360.11,9.779999999999973,108.0,54.0,3.2644754555653006,355.22,365.0,162,54.0,18.0,0.33,364.2,
07:33:57,356.0,8.0,365.0,16.0,343.0,88.0,368.0,32.0,360.5,9.0,96.0,48.0,3.0850526737785446,356.0,365.0,144,48.0,-18.0,0.33,364.2,
07:33:58,358.69,55.0,363.63,35.0,346.61,36.0,366.41,34.0,361.16,4.939999999999998,91.0,69.0,2.06095851486346,358.69,363.63,160,22.0,16.0,0.14,364.2,
07:33:59,359.21,19.0,368.61,62.0,356.9,29.0,371.13,60.0,363.91,9.400000000000034,48.0,122.0,1.734228935287442,359.21,368.61,170,-74.0,10.0,-0.44,363.8,5.0
07:34:00,362.65,20.0,370.0,48.0,359.93,15.0,373.0,48.0,366.32,7.350000000000023,35.0,96.0,2.64755547628148,362.65,370.0,131,-61.0,-39.0,-0.47,363.8,
07:34:03,361.94,33.0,370.0,52.0,349.86,28.0,373.0,52.0,365.97,8.060000000000002,61.0,104.0,1.5567690901311166,361.94,370.0,165,-43.0,19.0,-0.26,367.0,3.0
07:34:04,358.0,11.0,370.0,24.0,346.29,21.0,373.0,24.0,364.0,12.0,32.0,48.0,1.522603034276392,358.0,370.0,80,-16.0,-85.0,-0.2,367.0,
07:34:05,352.0,7.0,371.71,28.0,348.0,21.0,404.2,20.0,361.86,19.70999999999998,28.0,48.0,2.501299662173185,352.0,371.71,76,-20.0,-4.0,-0.26,367.0,
07:34:06,352.0,3.0,371.71,7.0,348.0,9.0,388.6,10.0,361.86,19.70999999999998,12.0,17.0,2.695362684313143,352.0,371.71,29,-5.0,-47.0,-0.17,370.0,1.0
07:34:07,352.0,9.0,367.0,11.0,347.67,24.0,369.29,17.0,359.5,15.0,33.0,28.0,2.45024896693948,352.0,367.0,61,5.0,32.0,0.08,370.0,
07:34:08,352.0,6.0,364.83,6.0,348.0,6.0,366.0,6.0,358.42,12.829999999999984,12.0,12.0,2.196797669333268,352.0,364.83,24,0.0,-37.0,0.0,370.0,
07:34:09,352.71,17.0,361.06,17.0,349.23,13.0,361.36,45.0,356.88,8.350000000000023,30.0,62.0,2.177264338565324,352.71,361.06,92,-32.0,68.0,-0.35,370.0,
07:34:10,354.33,30.0,358.84,19.0,352.0,15.0,360.15,59.0,356.59,4.509999999999991,45.0,78.0,2.1480223462497907,354.33,358.84,123,-33.0,31.0,-0.27,370.0,
07:34:11,354.16,19.0,356.54,13.0,351.38,13.0,357.85,41.0,355.35,2.3799999999999955,32.0,54.0,1.6252599791997837,354.16,356.54,86,-22.0,-37.0,-0.26,356.0,1.0
07:34:12,353.0,9.0,357.0,39.0,349.33,21.0,360.0,45.0,355.0,4.0,30.0,84.0,1.359952205038281,353.0,357.0,114,-54.0,28.0,-0.47,356.0,
07:34:13,353.88,8.0,357.0,36.0,348.0,20.0,361.0,40.0,355.44,3.1200000000000045,28.0,76.0,0.8290174907614676,353.88,357.0,104,-48.0,-10.0,-0.46,357.0,4.0
07:34:14,354.0,13.0,360.18,44.0,347.01,73.0,361.38,37.0,357.09,6.180000000000007,86.0,81.0,0.8966771994360281,354.0,360.18,167,5.0,63.0,0.03,357.0,2.0
07:34:15,355.92,13.0,361.0,35.0,347.89,27.0,363.0,7.0,358.46,5.079999999999984,40.0,42.0,1.467709099238845,355.92,361.0,82,-2.0,-85.0,-0.02,357.0,
07:34:16,357.0,36.0,361.0,60.0,355.0,12.0,363.0,12.0,359.0,4.0,48.0,72.0,1.7729410593667971,357.0,361.0,120,-24.0,38.0,-0.2,357.0,
07:34:17,357.21,33.0,361.0,75.0,356.33,27.0,363.0,15.0,359.11,3.790000000000021,60.0,90.0,1.5543004857455276,357.21,361.0,150,-30.0,30.0,-0.2,357.0,
07:34:18,359.77,13.0,361.16,49.0,357.0,39.0,369.55,33.0,360.47,1.3900000000000432,52.0,82.0,1.2207907273521508,359.77000000000004,361.16,134,-30.0,-16.0,-0.22,361.0,5.0
07:34:19,361.44,27.0,368.03,31.0,359.12,41.0,372.4,85.0,364.74,6.589999999999975,68.0,116.0,2.5602011639692286,361.44,368.03,184,-48.0,50.0,-0.26,363.0,1.0
07:34:20,362.18,17.0,366.95,61.0,357.11,46.0,371.02,47.0,364.56,4.769999999999982,63.0,108.0,2.865978018057656,362.18,366.95,171,-45.0,-13.0,-0.26,363.0,3.0
07:34:55,362.35,34.0,366.0,26.0,359.75,79.0,371.57,42.0,364.18,3.649999999999977,113.0,68.0,4.859385763652584,362.35,366.0,181,45.0,-26.0,0.25,366.0,2.0
07:34:56,359.4,141.0,364.05,21.0,357.78,83.0,369.28,25.0,361.73,4.650000000000034,224.0,46.0,3.104504791426098,359.4,364.05,270,178.0,89.0,0.66,366.0,
07:34:57,354.87,39.0,362.8,30.0,309.92,37.0,363.31,26.0,358.84,7.930000000000007,76.0,56.0,2.716389147376748,354.87,362.8,132,20.0,-138.0,0.15,366.0,
07:34:58,355.05,44.0,362.28,18.0,350.82,44.0,363.81,36.0,358.66,7.229999999999961,88.0,54.0,2.9665013062504024,355.05,362.28,142,34.0,10.0,0.24,360.12,8.0
07:34:59,355.75,24.0,371.0,12.0,350.13,31.0,374.29,28.0,363.38,15.25,55.0,40.0,2.5401810959034257,355.75,371.0,95,15.0,-47.0,0.16,360.12,
07:35:00,357.0,16.0,371.0,8.0,354.0,16.0,374.0,24.0,364.0,14.0,32.0,32.0,2.4909877558882334,357.0,371.0,64,0.0,-31.0,0.0,360.12,
07:35:01,355.12,32.0,359.33,72.0,346.77,39.0,363.28,29.0,357.23,4.20999999999998,71.0,101.0,3.055653776196592,355.12,359.33,172,-30.0,108.0,-0.17,357.0,2.0
07:35:02,354.14,21.0,359.0,60.0,345.0,24.0,362.0,24.0,356.57,4.860000000000014,45.0,84.0,3.48757365513392,354.14,359.0,129,-39.0,-43.0,-0.3,357.0,
07:35:03,355.0,7.0,359.0,35.0,354.0,14.0,362.0,14.0,357.0,4.0,21.0,49.0,3.7148257025039513,355.0,359.0,70,-28.0,-59.0,-0.4,357.0,
07:35:04,356.09,11.0,359.0,25.0,352.18,22.0,362.0,22.0,357.55,2.910000000000025,33.0,47.0,3.1119045615158663,356.09,359.0,80,-14.0,10.0,-0.17,359.0,3.0
07:35:05,357.25,12.0,359.0,24.0,342.06,66.0,362.0,24.0,358.12,1.75,78.0,48.0,0.583635159995109,357.25,359.0,126,30.0,46.0,0.24,359.0,1.0
07:35:06,346.0,56.0,361.5,12.0,341.04,50.0,367.0,9.0,353.75,15.5,106.0,21.0,1.6953082315561778,346.0,361.5,127,85.0,1.0,0.67,359.0,1.0
07:35:07,346.0,80.0,361.1,20.0,342.0,80.0,365.0,21.0,353.55,15.100000000000025,160.0,41.0,2.1772528562346194,346.0,361.1,201,119.0,74.0,0.59,359.0,
07:35:08,347.03,58.0,358.5,20.0,342.62,52.0,361.14,14.0,352.77,11.470000000000027,110.0,34.0,2.488236323177801,347.03,358.5,144,76.0,-57.0,0.53,359.0,
07:35:09,349.22,93.0,356.6,100.0,344.87,134.0,359.0,40.0,352.91,7.3799999999999955,227.0,140.0,2.219143979101146,349.22,356.6,367,87.0,181.5,0.24,359.0,
07:35:10,356.78,144.0,362.0,34.0,347.48,109.0,365.72,72.0,359.39,5.220000000000027,253.0,106.0,2.7791509494773594,356.78,362.0,359,147.0,-8.0,0.41,357.33,9.0
07:35:11,359.0,100.0,362.0,20.0,351.0,50.0,365.17,48.0,360.5,3.0,150.0,68.0,3.7937685749109167,359.0,362.0,218,82.0,-141.0,0.38,363.33,3.0
07:35:12,359.25,80.0,366.0,30.0,355.29,70.0,367.0,40.0,362.62,6.75,150.0,70.0,4.531343068007842,359.25,366.0,220,80.0,2.0,0.36,363.33,
07:35:13,360.34,53.0,366.0,30.0,358.35,85.0,367.0,40.0,363.17,5.660000000000025,138.0,70.0,4.105054201832668,360.34,366.0,208,68.0,-12.0,0.33,363.33,
07:35:14,361.83,63.0,366.0,33.0,360.62,58.0,367.0,44.0,363.91,4.170000000000016,121.0,77.0,1.8993340938301568,361.83,366.0,198,44.0,-10.0,0.22,363.33,
07:35:15,358.84,95.0,366.09,43.0,354.61,125.0,367.02,61.0,362.47,7.25,220.0,104.0,1.269499901530528,358.84,366.09,324,116.0,126.0,0.36,365.38,8.0
07:35:51,361.71,42.0,367.75,32.0,360.1,40.0,370.0,36.0,364.73,6.0400000000000205,82.0,68.0,2.1973461265797125,361.71,367.75,150,14.0,46.0,0.09,363.0,3.0
07:37:26,362.0,5.0,370.0,10.0,358.0,5.0,379.8,5.0,366.0,8.0,10.0,15.0,2.870862239815217,362.0,370.0,25,-5.0,-37.0,-0.2,363.0,
07:37:40,363.0,18.0,372.27,22.0,362.0,13.0,375.78,27.0,367.64,9.269999999999982,31.0,49.0,1.3804962875709668,363.0,372.27,80,-18.0,-49.0,-0.23,363.0,1.0
07:38:37,363.0,38.0,364.56,36.0,361.18,17.0,366.11,36.0,363.78,1.5600000000000025,55.0,72.0,2.3196271252070986,363.0,364.56,127,-17.0,-4.0,-0.13,363.0,2.0
07:38:38,362.38,26.0,364.23,35.0,360.89,38.0,365.7,40.0,363.31,1.8500000000000227,64.0,75.0,2.130453003470445,362.38,364.23,139,-11.0,12.0,-0.08,363.0,2.0
07:38:39,361.0,28.0,363.16,19.0,359.0,7.0,364.75,16.0,362.08,2.160000000000025,35.0,35.0,1.840317907318149,361.0,363.16,70,0.0,-69.0,0.0,363.0,
07:38:40,360.96,50.0,362.47,53.0,358.57,14.0,365.47,15.0,361.72,1.5100000000000475,64.0,68.0,1.3992319321669011,360.96,362.47,132,-4.0,62.0,-0.03,361.4,5.0
07:39:17,363.1,50.0,365.25,48.0,362.39,115.0,366.48,42.0,364.18,2.1499999999999773,165.0,90.0,1.9619760447048156,363.1,365.25,255,75.0,-58.0,0.29,364.0,1.0
07:39:18,363.0,72.0,364.79,38.0,362.0,112.0,365.71,34.0,363.89,1.7900000000000205,184.0,72.0,2.0753240710777905,363.0,364.79,256,112.0,1.0,0.44,363.0,4.0
07:39:19,363.0,35.0,365.0,27.0,362.0,98.0,375.29,7.0,364.0,2.0,133.0,34.0,1.911243050999626,363.0,365.0,167,99.0,-89.0,0.59,365.0,4.0
07:39:20,363.26,58.0,372.42,12.0,362.03,159.0,380.13,39.0,367.84,9.160000000000023,217.0,51.0,1.7787551827034254,363.26,372.42,268,166.0,101.0,0.62,364.0,1.0
07:39:24,363.0,10.0,375.77,22.0,362.0,140.0,379.18,22.0,369.39,12.769999999999982,150.0,44.0,2.019561833665422,363.0,375.7699999999999,194,106.0,154.0,0.55,364.0,
07:39:25,363.0,6.0,375.0,18.0,362.0,84.0,377.0,6.0,369.0,12.0,90.0,24.0,1.644393505216485,363.0,375.0,114,66.0,-80.0,0.58,364.0,
07:39:26,363.0,4.0,375.0,12.0,362.0,56.0,378.33,9.0,369.0,12.0,60.0,21.0,1.795090526964546,363.0,375.0,81,39.0,-33.0,0.48,364.0,
07:39:27,362.08,76.0,374.92,39.0,359.27,154.0,377.62,52.0,368.5,12.840000000000032,230.0,91.0,1.7538044360753076,362.08,374.92,321,139.0,181.5,0.43,362.2,5.0
07:39:28,362.0,140.0,373.21,42.0,356.0,140.0,377.64,56.0,367.61,11.20999999999998,280.0,98.0,0.6863308240176809,362.0,373.21,378,182.0,57.0,0.48,362.2,
07:39:29,362.0,90.0,371.89,27.0,356.0,90.0,378.0,36.0,366.94,9.889999999999986,180.0,63.0,0.9090104509830976,362.0,371.88999999999993,243,117.0,-135.0,0.48,362.2,
07:39:30,362.0,100.0,371.0,30.0,356.0,100.0,374.4,40.0,366.5,9.0,200.0,70.0,1.0434557968578215,362.0,371.0,270,130.0,27.0,0.48,362.2,
07:39:31,362.52,54.0,371.0,18.0,357.0,60.0,374.0,24.0,366.76,8.480000000000018,114.0,42.0,0.8046862742683799,362.52,371.0,156,72.0,-114.0,0.46,362.2,
07:39:35,363.17,72.0,375.5,56.0,360.0,108.0,377.38,106.0,369.33,12.329999999999984,180.0,162.0,2.1080725793950283,363.17,375.5,342,18.0,74.0,0.05,363.4,5.0
07:39:54,356.68,25.0,378.0,18.0,355.28,43.0,379.0,36.0,367.34,21.319999999999997,68.0,54.0,0.3783913318199546,356.68,378.0,122,14.0,72.0,0.11,363.8,5.0
07:39:55,351.0,65.0,361.64,44.0,348.0,78.0,374.44,75.0,356.32,10.639999999999986,143.0,119.0,4.652878678839165,351.0,361.64,262,24.0,140.0,0.09,363.8,
07:39:56,351.0,55.0,357.17,24.0,348.0,66.0,358.27,44.0,354.08,6.170000000000016,121.0,68.0,6.401071785255627,351.0,357.17,189,53.0,-73.0,0.28,363.8,
07:39:57,351.0,35.0,357.73,22.0,348.0,42.0,359.71,28.0,354.36,6.730000000000018,77.0,50.0,6.635736583077652,351.0,357.73,127,27.0,-62.0,0.21,357.0,2.0
07:39:58,351.0,40.0,358.0,32.0,348.0,48.0,361.0,32.0,354.5,7.0,88.0,64.0,5.670361540501139,351.0,358.0,152,24.0,25.0,0.16,357.0,
07:39:59,353.38,39.0,358.0,52.0,351.0,65.0,361.0,52.0,355.69,4.6200000000000045,104.0,104.0,0.9648834126431264,353.38,358.0,208,0.0,56.0,0.0,357.0,
07:40:00,355.0,33.0,358.0,44.0,350.22,46.0,361.0,44.0,356.5,3.0,79.0,88.0,1.0281925889607766,355.0,358.0,167,-9.0,-41.0,-0.05,357.0,
07:40:01,355.92,36.0,357.92,48.0,345.0,72.0,360.75,48.0,356.92,2.0,108.0,96.0,1.1519461792957464,355.92,357.92,204,12.0,37.0,0.06,357.0,
07:40:02,347.17,87.0,356.57,56.0,341.21,77.0,358.0,68.0,351.87,9.399999999999975,164.0,124.0,2.025667791123198,347.17,356.57,288,40.0,84.0,0.14,356.0,2.0
07:40:03,351.71,28.0,356.75,32.0,348.95,43.0,358.69,52.0,354.23,5.0400000000000205,71.0,84.0,2.048992435318862,351.71,356.75,155,-13.0,-133.0,-0.08,355.0,1.0
07:40:04,346.56,78.0,356.73,15.0,343.8,45.0,358.0,60.0,351.65,10.170000000000016,123.0,75.0,2.480671280116287,346.56,356.7300000000001,198,48.0,43.0,0.24,357.0,2.0
07:40:05,343.0,72.0,358.0,36.0,336.15,33.0,361.0,58.0,350.5,15.0,105.0,94.0,2.5604159818266954,343.0,358.0,199,11.0,1.0,0.06,357.0,
07:40:06,343.0,84.0,358.0,42.0,336.0,56.0,361.0,70.0,350.5,15.0,140.0,112.0,1.5247786724614347,343.0,358.0,252,28.0,53.0,0.11,357.0,
07:40:07,343.0,24.0,358.0,12.0,336.0,16.0,361.0,20.0,350.5,15.0,40.0,32.0,1.6180636575837108,343.0,358.0,72,8.0,-180.0,0.11,357.0,
07:40:08,343.0,54.0,358.0,19.0,336.0,36.0,361.0,45.0,350.5,15.0,90.0,64.0,0.5142956348180806,343.0,358.0,154,26.0,82.0,0.17,358.0,1.0
07:40:09,346.92,25.0,358.0,20.0,342.0,39.0,361.0,50.0,352.46,11.079999999999984,64.0,70.0,0.8765386471759103,346.92,358.0,134,-6.0,-20.0,-0.04,358.0,
07:40:10,338.72,43.0,357.78,18.0,337.08,39.0,360.69,39.0,348.25,19.059999999999945,82.0,57.0,1.4905770694576124,338.72,357.78,139,25.0,5.0,0.18,357.0,1.0
07:40:11,337.62,64.0,356.84,37.0,336.79,76.0,357.88,25.0,347.23,19.21999999999997,140.0,62.0,2.0653256401818734,337.62,356.84,202,78.0,63.0,0.39,357.0,
07:40:12,338.4,60.0,356.49,37.0,337.1,80.0,358.0,62.0,347.44,18.090000000000032,140.0,99.0,2.2469824209353635,338.4,356.49,239,41.0,37.0,0.17,356.5,4.0
07:40:13,340.0,54.0,357.85,41.0,338.0,36.0,360.63,49.0,348.93,17.850000000000023,90.0,90.0,2.121926011903453,340.0,357.85,180,0.0,-59.0,0.0,356.5,
07:40:14,340.0,54.0,357.11,27.0,335.0,28.0,358.08,25.0,348.56,17.110000000000014,82.0,52.0,0.7269594211455996,340.0,357.11000000000007,134,30.0,-46.0,0.22,357.0,3.0
07:40:15,340.0,60.0,358.0,30.0,337.0,60.0,360.0,10.0,349.0,18.0,120.0,40.0,0.8390292009175818,340.0,358.0,160,80.0,26.0,0.5,357.0,
07:40:16,341.05,43.0,360.0,36.0,337.9,60.0,361.0,48.0,350.52,18.94999999999999,103.0,84.0,1.1047624178947255,341.05,360.0,187,19.0,27.0,0.1,358.0,3.0
07:40:17,343.0,55.0,358.76,34.0,338.0,22.0,360.41,59.0,350.88,15.759999999999993,77.0,93.0,1.0455716139953442,343.0,358.76,170,-16.0,-17.0,-0.09,358.0,
07:40:18,344.39,49.0,357.0,15.0,340.79,42.0,359.33,15.0,350.69,12.610000000000014,91.0,30.0,1.068877916318295,344.39,357.0,121,61.0,-49.0,0.5,357.0,1.0
07:40:19,347.53,75.0,357.08,26.0,345.0,45.0,360.52,50.0,352.31,9.550000000000011,120.0,76.0,1.1773911839287508,347.53,357.08,196,44.0,75.0,0.22,356.67,6.0
07:40:20,349.0,60.0,360.6,40.0,345.0,36.0,361.88,68.0,354.8,11.600000000000025,96.0,108.0,1.8006248915289158,349.0,360.6,204,-12.0,8.0,-0.06,360.0,2.0
07:40:21,349.09,55.0,360.53,64.0,345.0,33.0,363.37,57.0,354.81,11.439999999999998,88.0,121.0,2.0227876804039,349.09,360.53,209,-33.0,5.0,-0.16,360.0,
07:40:22,351.0,40.0,358.0,55.0,350.0,56.0,361.0,61.0,354.5,7.0,96.0,116.0,1.8498567512091448,351.0,358.0,212,-20.0,3.0,-0.09,360.0,
07:40:23,353.06,34.0,357.31,32.0,351.4,35.0,358.11,57.0,355.19,4.25,69.0,89.0,1.151073412078658,353.06,357.31,158,-20.0,-54.0,-0.13,360.0,
07:40:24,354.18,51.0,357.32,50.0,353.72,75.0,359.03,76.0,355.75,3.1399999999999864,126.0,126.0,0.4806766064566337,354.18,357.32,252,0.0,94.0,0.0,355.0,1.0
07:40:25,354.62,48.0,358.0,40.0,351.52,23.0,361.0,8.0,356.31,3.3799999999999955,71.0,48.0,0.7269938101488741,354.62000000000006,358.0,119,23.0,-133.0,0.19,355.0,
07:40:26,355.67,48.0,358.14,44.0,347.05,40.0,359.17,41.0,356.9,2.4699999999999704,88.0,85.0,0.936776387402543,355.67,358.14,173,3.0,54.0,0.02,357.83,6.0
07:40:27,343.33,18.0,359.94,53.0,340.32,25.0,360.67,15.0,351.64,16.610000000000014,43.0,68.0,2.066971214118543,343.33,359.94,111,-25.0,-62.0,-0.23,357.83,
07:40:28,355.03,38.0,358.68,34.0,342.04,28.0,360.98,46.0,356.85,3.650000000000034,66.0,80.0,2.2022829064393328,355.03,358.68,146,-14.0,35.0,-0.1,357.0,4.0
07:40:29,342.54,13.0,357.85,26.0,339.0,39.0,361.0,13.0,350.19,15.310000000000002,52.0,39.0,3.2109142000362207,342.54,357.85,91,13.0,-55.0,0.14,357.0,
07:40:30,344.79,14.0,356.29,31.0,339.0,42.0,360.33,15.0,350.54,11.5,56.0,46.0,3.37560809336533,344.79,356.29,102,10.0,11.0,0.1,357.0,
07:40:31,353.14,73.0,354.85,65.0,341.99,105.0,356.0,26.0,353.99,1.7100000000000364,178.0,91.0,2.782044212444014,353.14,354.85,269,87.0,167.0,0.32,357.0,
07:40:32,345.71,17.0,354.67,33.0,339.65,187.0,359.06,34.0,350.19,8.960000000000036,204.0,67.0,2.9810602140837483,345.71,354.67,271,137.0,2.0,0.51,354.33,6.0
07:40:33,346.17,6.0,355.0,6.0,338.0,66.0,360.0,12.0,350.58,8.829999999999984,72.0,18.0,1.627289156847114,346.17,355.0,90,54.0,-181.0,0.6,354.33,
07:40:34,347.38,8.0,355.0,8.0,338.0,212.0,360.0,16.0,351.19,7.620000000000003,220.0,24.0,1.5472782555159004,347.38,355.0,244,196.0,154.0,0.8,354.33,
07:40:35,348.43,14.0,355.0,14.0,337.97,157.0,360.0,28.0,351.71,6.569999999999993,171.0,42.0,1.4914489599019167,348.43,355.0,213,129.0,-31.0,0.61,354.33,
07:40:36,351.42,19.0,363.02,40.0,345.59,29.0,367.06,68.0,357.22,11.599999999999966,48.0,108.0,2.87761533217924,351.42,363.02,156,-60.0,-57.0,-0.38,360.5,6.0
07:40:37,357.61,36.0,365.67,72.0,354.7,33.0,376.1,100.0,361.64,8.060000000000002,69.0,172.0,4.808312593831101,357.61,365.67,241,-103.0,85.0,-0.43,364.0,3.0
07:40:38,360.09,45.0,368.0,90.0,358.81,104.0,502.77,69.0,364.04,7.910000000000025,149.0,159.0,5.760898367442092,360.09,368.0,308,-10.0,67.0,-0.03,364.0,1.0
07:40:39,355.36,22.0,366.18,55.0,345.27,41.0,371.18,55.0,360.77,10.819999999999991,63.0,110.0,4.790295397989408,355.36,366.18,173,-47.0,-135.0,-0.27,364.0,
07:40:40,348.12,145.0,359.6,25.0,345.27,79.0,365.42,60.0,353.86,11.480000000000018,224.0,85.0,3.994118175517434,348.12,359.6,309,139.0,136.0,0.45,358.0,2.0
07:40:41,347.08,102.0,358.0,10.0,344.15,34.0,361.0,16.0,352.54,10.920000000000016,136.0,26.0,5.067810177976072,347.08,358.0,162,110.0,-147.0,0.68,358.0,2.0
07:40:42,346.26,76.0,352.18,68.0,343.07,56.0,358.67,18.0,349.22,5.920000000000016,132.0,86.0,6.121215565555231,346.26,352.18,218,46.0,56.0,0.21,352.0,1.0
07:40:43,347.08,26.0,352.0,52.0,341.46,143.0,358.0,13.0,349.54,4.920000000000016,169.0,65.0,4.674695712021589,347.08,352.0,234,104.0,16.0,0.44,352.0,
07:40:44,348.25,24.0,352.0,32.0,342.0,132.0,358.0,12.0,350.12,3.75,156.0,44.0,2.037763479894372,348.25,352.0,200,112.0,-34.0,0.56,352.0,2.0
07:40:45,352.0,25.0,367.0,52.0,343.31,64.0,369.79,56.0,359.5,15.0,89.0,108.0,4.292048461980856,352.0,367.0,197,-19.0,-3.0,-0.1,356.8,5.0
07:40:46,353.91,22.0,367.0,44.0,343.45,58.0,368.0,22.0,360.45,13.089999999999977,80.0,66.0,5.687115261711662,353.91,367.0,146,14.0,-51.0,0.1,356.8,
07:40:47,354.77,26.0,367.0,39.0,348.0,26.0,368.0,86.0,360.88,12.230000000000018,52.0,125.0,5.747279356356013,354.77000000000004,367.0,177,-73.0,31.0,-0.41,356.8,
07:40:48,355.96,57.0,366.12,48.0,354.14,57.0,367.25,56.0,361.04,10.160000000000023,114.0,104.0,4.666124730437275,355.96,366.12000000000006,218,10.0,41.0,0.05,356.8,
07:40:49,357.93,30.0,363.07,45.0,356.0,105.0,365.6,45.0,360.5,5.139999999999986,135.0,90.0,0.5989824705284171,357.93,363.07,225,45.0,7.0,0.2,356.8,
07:40:50,359.8,61.0,363.56,41.0,354.96,56.0,368.44,61.0,361.68,3.759999999999991,117.0,102.0,0.497594212185746,359.8,363.56,219,15.0,-6.0,0.07,361.0,3.0
07:40:51,360.58,79.0,368.0,65.0,354.17,35.0,370.0,91.0,364.29,7.420000000000016,114.0,156.0,1.5210259695355397,360.58,368.0,270,-42.0,51.0,-0.16,361.0,
07:40:52,363.23,88.0,368.0,70.0,362.12,16.0,370.0,98.0,365.61,4.769999999999982,104.0,168.0,2.213781832069849,363.23,368.0,272,-64.0,2.0,-0.24,363.0,2.0
07:40:55,362.64,11.0,368.0,45.0,357.11,36.0,370.0,63.0,365.32,5.360000000000014,47.0,108.0,0.8989827584586035,362.64,368.0,155,-61.0,9.0,-0.39,363.0,1.0
07:40:56,362.0,16.0,368.0,30.0,354.0,88.0,370.0,56.0,365.0,6.0,104.0,86.0,0.665755210273266,362.0,368.0,190,18.0,35.0,0.09,368.0,4.0
07:40:57,362.0,22.0,369.79,47.0,354.0,121.0,370.59,41.0,365.89,7.79000000000002,143.0,88.0,0.6634380151951359,362.0,369.79,231,55.0,41.0,0.24,368.0,1.0
07:41:09,357.17,12.0,376.0,10.0,356.0,20.0,383.43,7.0,366.58,18.829999999999984,32.0,17.0,2.400249986983121,357.17,376.0,49,15.0,14.0,0.31,365.67,9.0
07:41:10,356.11,19.0,374.33,39.0,353.21,43.0,378.7,20.0,365.22,18.21999999999997,62.0,59.0,3.375529588081068,356.11,374.33,121,3.0,72.0,0.02,365.67,
07:41:14,360.14,14.0,367.1,51.0,354.2,40.0,369.0,33.0,363.62,6.960000000000036,54.0,84.0,2.4142493657465,360.14,367.1,138,-30.0,58.0,-0.22,362.0,3.0
07:41:15,355.8,61.0,360.46,52.0,353.74,38.0,362.76,50.0,358.13,4.659999999999968,99.0,102.0,4.688242741156385,355.8,360.46,201,-3.0,63.0,-0.01,362.0,
07:41:16,356.0,56.0,358.38,32.0,355.0,16.0,360.0,32.0,357.19,2.3799999999999955,72.0,64.0,5.416387172276593,356.0,358.38,136,8.0,-65.0,0.06,362.0,
07:41:17,356.0,72.0,357.42,48.0,355.0,24.0,360.0,48.0,356.71,1.420000000000016,96.0,96.0,4.864079563493906,356.0,357.42,192,0.0,56.0,0.0,356.0,2.0
07:41:18,355.64,39.0,357.8,45.0,352.79,38.0,361.6,45.0,356.72,2.160000000000025,77.0,90.0,2.934131898874997,355.64,357.8,167,-13.0,-25.0,-0.08,357.0,4.0
07:41:19,356.0,12.0,357.0,84.0,351.4,50.0,360.0,48.0,356.5,1.0,62.0,132.0,0.6544081295290377,356.0,357.0,194,-70.0,27.0,-0.36,357.0,1.0
07:41:20,349.0,105.0,357.0,42.0,348.0,14.0,360.0,28.0,353.0,8.0,119.0,70.0,1.7092191199469169,349.0,357.0,189,49.0,-5.0,0.26,357.0,
07:41:21,349.0,90.0,357.0,36.0,348.0,12.0,360.0,24.0,353.0,8.0,102.0,60.0,1.997468397745204,349.0,357.0,162,42.0,-27.0,0.26,357.0,
07:41:22,349.14,70.0,357.0,84.0,348.95,160.0,360.0,56.0,353.07,7.860000000000014,230.0,140.0,1.9662451525660904,349.14,357.0,370,90.0,181.5,0.24,357.0,
07:41:23,350.81,16.0,357.0,90.0,348.88,98.0,360.0,64.0,353.91,6.189999999999998,114.0,154.0,1.5057323799363207,350.81,357.0,268,-40.0,-102.0,-0.15,357.0,1.0
07:41:24,353.62,16.0,356.53,64.0,352.62,16.0,359.61,46.0,355.08,2.909999999999968,32.0,110.0,0.9064601480419324,353.62,356.53,142,-78.0,-126.0,-0.55,357.0,
07:41:25,350.37,38.0,355.5,30.0,346.43,101.0,358.05,55.0,352.93,5.129999999999996,139.0,85.0,0.9187328229622442,350.37,355.5,224,54.0,82.0,0.24,355.0,2.0
07:41:26,347.0,42.0,351.0,64.0,344.0,112.0,354.07,14.0,349.0,4.0,154.0,78.0,2.2891199182189674,347.0,351.0,232,76.0,8.0,0.33,355.0,
07:41:27,347.0,39.0,351.0,65.0,344.0,104.0,353.0,13.0,349.0,4.0,143.0,78.0,2.828344038476485,347.0,351.0,221,65.0,-11.0,0.29,355.0,
07:41:28,347.0,27.0,351.0,45.0,344.0,72.0,353.0,9.0,349.0,4.0,99.0,54.0,2.8447882170706293,347.0,351.0,153,45.0,-68.0,0.29,351.0,1.0
07:41:29,347.0,21.0,351.0,28.0,344.0,56.0,353.0,7.0,349.0,4.0,77.0,35.0,1.7575494303097252,347.0,351.0,112,42.0,-41.0,0.38,351.0,
07:41:30,347.25,24.0,351.0,36.0,344.46,50.0,353.0,9.0,349.12,3.75,74.0,45.0,0.0536656312813672,347.25,351.0,119,29.0,7.0,0.24,351.0,
07:41:31,348.71,28.0,351.0,64.0,347.44,36.0,353.0,16.0,349.86,2.2900000000000205,64.0,80.0,0.3748066167786976,348.71,351.0,144,-16.0,25.0,-0.11,351.0,4.0
07:41:32,352.2,80.0,358.09,33.0,350.6,25.0,358.33,27.0,355.15,5.889999999999986,105.0,60.0,2.6650103189261443,352.2,358.09,165,45.0,21.0,0.27,355.67,3.0
07:41:33,354.25,85.0,357.86,70.0,352.96,50.0,360.09,33.0,356.05,3.6100000000000136,135.0,103.0,3.466428998261013,354.25,357.86,238,32.0,73.0,0.13,355.67,
07:41:34,355.53,119.0,357.0,85.0,354.0,34.0,359.0,34.0,356.26,1.4700000000000273,153.0,119.0,3.501852366960506,355.53,357.0,272,34.0,34.0,0.12,355.67,
07:41:35,356.0,98.0,357.0,48.0,354.0,28.0,358.64,28.0,356.5,1.0,126.0,76.0,2.7885354579041968,356.0,357.0,202,50.0,-70.0,0.25,357.0,2.0
07:41:36,356.0,91.0,357.0,39.0,354.0,26.0,359.0,26.0,356.5,1.0,117.0,65.0,0.5590796007643472,356.0,357.0,182,52.0,-20.0,0.29,357.0,
07:41:37,355.3,60.0,358.71,21.0,345.0,20.0,359.86,42.0,357.01,3.409999999999968,80.0,63.0,0.3583713158042748,355.3,358.71,143,17.0,-39.0,0.12,357.0,3.0
07:41:38,355.0,30.0,359.0,10.0,354.0,5.0,360.0,20.0,357.0,4.0,35.0,30.0,0.3350820794843133,355.0,359.0,65,5.0,-78.0,0.08,357.0,
07:41:39,355.22,23.0,359.0,16.0,351.77,39.0,360.0,32.0,357.11,3.7799999999999727,62.0,48.0,0.2988812473069305,355.22,359.0,110,14.0,45.0,0.13,357.0,
07:41:40,357.82,49.0,359.35,34.0,350.58,43.0,360.38,47.0,358.58,1.5300000000000296,92.0,81.0,0.7859071191891847,357.82,359.35,173,11.0,63.0,0.06,359.0,2.0
07:41:41,359.0,10.0,363.0,16.0,340.41,29.0,366.96,50.0,361.0,4.0,39.0,66.0,1.7328156278131066,359.0,363.0,105,-27.0,-68.0,-0.26,360.0,4.0
07:41:42,360.0,16.0,365.03,72.0,341.0,92.0,366.96,83.0,362.51,5.029999999999973,108.0,155.0,2.438267827781546,360.0,365.03,263,-47.0,158.0,-0.18,360.0,
07:41:43,360.0,15.0,363.68,41.0,341.26,43.0,367.0,105.0,361.84,3.680000000000007,58.0,146.0,2.2824263405410448,360.0,363.68,204,-88.0,-59.0,-0.43,363.5,4.0
07:41:44,343.71,31.0,361.0,17.0,342.11,45.0,367.0,94.0,352.35,17.29000000000002,76.0,111.0,4.1369348556624015,343.71,361.0,187,-35.0,-17.0,-0.19,360.0,1.0
07:41:45,344.0,13.0,359.54,13.0,343.0,39.0,372.0,26.0,351.77,15.54000000000002,52.0,39.0,5.356419513069641,344.0,359.54,91,13.0,-96.0,0.14,360.0,
07:41:46,347.31,32.0,356.79,24.0,346.12,48.0,362.0,36.0,352.05,9.480000000000018,80.0,60.0,5.55089001872595,347.31,356.79,140,20.0,49.0,0.14,360.0,
07:41:47,348.0,20.0,353.11,53.0,344.21,56.0,361.94,34.0,350.56,5.110000000000014,76.0,87.0,4.593150335008528,348.0,353.11,163,-11.0,23.0,-0.07,360.0,
07:41:48,348.56,18.0,353.0,54.0,344.14,42.0,362.0,90.0,350.78,4.439999999999998,60.0,144.0,0.79055044114013,348.56,353.0,204,-84.0,41.0,-0.41,360.0,
07:41:49,351.67,15.0,361.24,71.0,346.58,24.0,362.57,23.0,356.45,9.569999999999991,39.0,94.0,2.392774540149495,351.67,361.24,133,-55.0,-71.0,-0.41,353.0,3.0
07:41:50,352.44,16.0,361.17,48.0,351.44,16.0,362.17,48.0,356.8,8.730000000000018,32.0,96.0,3.0654966971093915,352.44,361.17,128,-64.0,-5.0,-0.5,353.0,
07:41:51,355.0,14.0,356.1,30.0,345.6,20.0,359.88,26.0,355.55,1.1000000000000227,34.0,56.0,3.1001241910590074,355.0,356.1,90,-22.0,-38.0,-0.24,356.0,1.0
07:41:52,344.09,22.0,355.92,24.0,338.91,32.0,358.86,14.0,350.0,11.83000000000004,54.0,38.0,3.262595592467619,344.09,355.92,92,16.0,2.0,0.17,355.0,1.0
07:41:53,340.0,28.0,355.36,28.0,336.0,14.0,358.31,39.0,347.68,15.360000000000014,42.0,67.0,4.174605370569585,340.0,355.36,109,-25.0,17.0,-0.23,355.25,4.0
07:41:54,340.0,8.0,357.0,4.0,336.0,7.0,359.0,40.0,348.5,17.0,15.0,44.0,4.186965488272715,340.0,357.0,59,-29.0,-50.0,-0.49,355.25,
07:41:55,340.0,10.0,357.0,5.0,336.0,10.0,359.0,50.0,348.5,17.0,20.0,55.0,3.1888210987737917,340.0,357.0,75,-35.0,16.0,-0.47,355.25,
07:41:56,340.0,24.0,357.0,12.0,336.1,21.0,359.0,120.0,348.5,17.0,45.0,132.0,0.8411183032030511,340.0,357.0,177,-87.0,102.0,-0.49,355.25,
07:41:57,340.7,40.0,357.0,10.0,337.43,14.0,359.0,100.0,348.85,16.30000000000001,54.0,110.0,0.4332204981102667,340.7,357.0,164,-56.0,-13.0,-0.34,355.25,
07:41:58,341.0,71.0,357.0,11.0,338.0,22.0,359.0,110.0,349.0,16.0,93.0,121.0,0.2387467276911818,341.0,357.0,214,-28.0,50.0,-0.13,355.25,
07:41:59,341.0,75.0,356.02,43.0,338.0,30.0,357.83,24.0,348.51,15.019999999999982,105.0,67.0,0.2370021096599165,341.0,356.02,172,38.0,-42.0,0.22,355.25,
07:42:00,342.0,45.0,356.0,27.0,338.0,18.0,357.0,9.0,349.0,14.0,63.0,36.0,0.2513364278877408,342.0,356.0,99,27.0,-73.0,0.27,355.25,
07:42:01,343.54,65.0,356.35,23.0,341.0,37.0,358.78,45.0,349.94,12.810000000000002,102.0,68.0,0.5310837975157058,343.54,356.35,170,34.0,71.0,0.2,356.0,3.0
07:42:02,345.0,50.0,351.65,17.0,341.7,30.0,358.44,18.0,348.32,6.649999999999977,80.0,35.0,0.6275985978183749,345.0,351.65,115,45.0,-55.0,0.39,350.0,1.0
07:42:03,346.93,159.0,350.0,30.0,346.59,171.0,357.0,15.0,348.47,3.069999999999993,330.0,45.0,0.6617174623534317,346.93,350.0,375,285.0,181.5,0.76,350.0,
07:42:04,348.87,39.0,350.0,6.0,347.37,27.0,357.0,3.0,349.44,1.1299999999999957,66.0,9.0,0.6735577183758444,348.87,350.0,75,57.0,-182.5,0.76,350.0,
07:42:05,349.19,140.0,354.12,17.0,346.81,53.0,358.76,34.0,351.66,4.930000000000007,193.0,51.0,1.3503999407524712,349.19,354.12,244,142.0,169.0,0.58,350.0,2.0
07:42:06,352.27,174.0,357.0,15.0,351.34,141.0,358.13,69.0,354.64,4.730000000000018,315.0,84.0,2.6684227551093285,352.27,357.0,399,231.0,155.0,0.58,350.0,
07:42:07,356.29,143.0,358.19,57.0,353.61,221.0,359.18,44.0,357.24,1.8999999999999773,364.0,101.0,3.644749648465205,356.29,358.18999999999994,465,263.0,66.0,0.57,357.0,4.0
07:42:08,358.03,68.0,359.79,28.0,356.13,61.0,361.86,59.0,358.91,1.7600000000000475,129.0,87.0,3.891339101130833,358.03,359.79,216,42.0,-182.5,0.19,357.86,7.0
07:42:09,359.0,35.0,360.0,10.0,347.52,23.0,362.0,35.0,359.5,1.0,58.0,45.0,3.2473219735640826,359.0,360.0,103,13.0,-113.0,0.13,357.86,
07:42:10,359.11,73.0,361.94,67.0,346.27,49.0,367.06,36.0,360.52,2.829999999999984,122.0,103.0,2.3002434653736628,359.11,361.94,225,19.0,122.0,0.08,360.0,1.0
07:42:11,360.67,60.0,363.67,49.0,354.47,75.0,437.24,29.0,362.17,3.0,135.0,78.0,1.8360201523937767,360.67,363.67,213,57.0,-12.0,0.27,362.0,1.0
07:42:12,361.0,44.0,368.0,22.0,342.26,47.0,540.0,22.0,364.5,7.0,91.0,44.0,2.25806332949232,361.0,368.0,135,47.0,-78.0,0.35,362.0,
07:42:14,362.0,13.0,365.83,29.0,360.68,38.0,388.8,20.0,363.91,3.829999999999984,51.0,49.0,2.6076522007356315,362.0,365.83,100,2.0,-4.0,0.02,362.4,5.0
07:42:15,362.03,149.0,364.33,45.0,361.6,136.0,384.66,35.0,363.18,2.300000000000012,285.0,80.0,1.9930554432835152,362.03,364.33,365,205.0,181.5,0.56,363.0,3.0
07:42:18,357.41,103.0,371.08,39.0,356.71,93.0,372.15,39.0,364.24,13.66999999999996,196.0,78.0,17.803111244948614,357.41,371.08,274,118.0,-30.0,0.43,363.0,
07:42:19,361.06,134.0,370.23,39.0,359.67,93.0,372.0,39.0,365.65,9.170000000000016,227.0,78.0,17.532228323861638,361.06,370.23,305,149.0,31.0,0.49,362.0,2.0
07:42:20,362.67,171.0,369.95,38.0,358.6,77.0,372.15,39.0,366.31,7.279999999999973,248.0,77.0,17.01011375623388,362.67,369.95,325,171.0,20.0,0.53,361.0,1.0
07:42:26,361.38,26.0,382.24,37.0,360.17,48.0,390.33,27.0,371.81,20.860000000000014,74.0,64.0,3.224334039768235,361.38,382.24,138,10.0,24.0,0.07,363.5,2.0
07:42:27,360.05,21.0,381.18,44.0,352.89,45.0,383.0,33.0,370.61,21.129999999999995,66.0,77.0,2.967667434199642,360.05,381.18000000000006,143,-11.0,5.0,-0.08,360.5,6.0
07:42:28,360.0,18.0,378.85,54.0,352.0,36.0,500.71,21.0,369.43,18.850000000000023,54.0,75.0,2.4834190141838324,360.0,378.85,129,-21.0,-14.0,-0.16,360.5,
07:42:29,361.0,15.0,377.12,32.0,355.3,20.0,379.0,24.0,369.06,16.120000000000005,35.0,56.0,2.1939165891186647,361.0,377.12,91,-21.0,-38.0,-0.23,360.5,
07:42:30,362.0,30.0,376.64,55.0,361.0,10.0,467.81,37.0,369.32,14.639999999999986,40.0,92.0,1.152011284670622,362.0,376.64,132,-52.0,41.0,-0.39,360.5,
07:42:31,362.85,39.0,374.47,60.0,361.0,13.0,454.15,52.0,368.66,11.620000000000005,52.0,112.0,0.7302944611644379,362.85,374.47,164,-60.0,32.0,-0.37,360.5,
07:42:40,352.53,47.0,365.45,33.0,351.85,26.0,381.51,49.0,358.99,12.920000000000016,73.0,82.0,3.6420777037292105,352.53,365.45,155,-9.0,74.0,-0.06,356.89,9.0
07:42:41,358.33,86.0,376.94,34.0,350.89,74.0,449.2,30.0,367.63,18.610000000000014,160.0,64.0,3.727957886028432,358.33,376.94,224,96.0,69.0,0.43,364.5,4.0
07:42:53,360.46,122.0,369.8,59.0,358.17,123.0,379.35,46.0,365.13,9.340000000000032,245.0,105.0,1.94503727470825,360.46,369.8,350,140.0,181.5,0.4,361.5,4.0
07:42:58,360.74,137.0,366.44,32.0,355.76,136.0,383.75,24.0,363.59,5.699999999999989,273.0,56.0,2.3320913361191726,360.74,366.44,329,217.0,159.0,0.66,366.0,5.0
07:42:59,360.0,90.0,365.45,22.0,354.0,88.0,386.0,11.0,362.73,5.449999999999989,178.0,33.0,3.009430178622055,360.0,365.45,211,145.0,-118.0,0.69,360.0,5.0
07:43:00,360.0,45.0,365.0,18.0,354.0,72.0,382.67,9.0,362.5,5.0,117.0,27.0,2.9348134523337523,360.0,365.0,144,90.0,-67.0,0.62,360.0,
07:43:01,360.41,85.0,364.27,30.0,355.43,105.0,381.0,15.0,362.34,3.859999999999957,190.0,45.0,2.052040447943741,360.41,364.2699999999999,235,145.0,91.0,0.62,360.0,
07:43:02,361.25,56.0,364.56,25.0,360.62,79.0,384.19,16.0,362.9,3.3100000000000023,135.0,41.0,0.4847370421123312,361.25,364.56,176,94.0,-59.0,0.53,363.0,2.0
07:43:03,361.0,107.0,384.56,43.0,358.8,100.0,412.8,55.0,372.78,23.56,207.0,98.0,4.549846151244941,361.0,384.56000000000006,305,109.0,129.0,0.36,361.0,4.0
07:43:04,361.77,39.0,383.19,37.0,359.62,47.0,401.23,31.0,372.48,21.420000000000016,86.0,68.0,5.509410131765595,361.77,383.19,154,18.0,-151.0,0.12,361.0,
07:43:05,362.0,39.0,382.15,65.0,361.0,39.0,384.0,13.0,372.08,20.149999999999977,78.0,78.0,5.391649098374654,362.0,382.15,156,0.0,2.0,0.0,361.0,
07:43:06,362.0,54.0,379.05,62.0,361.0,54.0,380.15,78.0,370.52,17.05000000000001,108.0,140.0,4.146386378523663,362.0,379.05,248,-32.0,92.0,-0.13,361.0,
07:43:09,360.0,13.0,372.49,63.0,356.0,104.0,374.12,41.0,366.25,12.490000000000007,117.0,104.0,2.136937060375423,360.0,372.49,221,13.0,60.0,0.06,361.0,
07:43:10,360.0,117.0,371.77,65.0,350.0,39.0,374.0,39.0,365.88,11.769999999999982,156.0,104.0,2.17290128630003,360.0,371.77,260,52.0,39.0,0.2,361.0,
07:43:11,360.96,50.0,368.56,50.0,352.21,56.0,370.15,78.0,364.76,7.600000000000023,106.0,128.0,2.297872929472557,360.96,368.56,234,-22.0,-26.0,-0.09,360.0,5.0
07:43:12,356.55,22.0,367.38,40.0,351.8,40.0,369.94,32.0,361.96,10.829999999999984,62.0,72.0,2.743359254636684,356.55,367.38,134,-10.0,-100.0,-0.07,366.0,1.0
07:43:13,353.0,56.0,365.35,46.0,350.0,56.0,366.77,52.0,359.17,12.350000000000025,112.0,98.0,2.995034223510268,353.0,365.35,210,14.0,76.0,0.07,366.0,
07:43:14,353.0,60.0,363.5,54.0,350.0,60.0,363.33,51.0,358.25,10.5,120.0,105.0,3.344582186162477,353.0,363.5,225,15.0,15.0,0.07,366.0,
07:43:15,353.13,46.0,359.43,14.0,350.27,44.0,360.97,31.0,356.28,6.300000000000011,90.0,45.0,3.318648821432073,353.13,359.43,135,45.0,-90.0,0.33,366.0,
07:43:16,354.94,108.0,358.2,50.0,352.88,96.0,359.89,36.0,356.57,3.259999999999991,204.0,86.0,2.297918623448182,354.94,358.2,290,118.0,155.0,0.41,366.0,
07:43:17,356.21,42.0,357.49,49.0,353.0,102.0,360.96,24.0,356.85,1.2800000000000296,144.0,73.0,1.2347388387786695,356.21,357.49000000000007,217,71.0,-73.0,0.33,356.0,5.0
07:43:18,353.27,45.0,361.23,13.0,351.04,25.0,367.57,28.0,357.25,7.960000000000036,70.0,41.0,0.7653103945380069,353.27,361.23,111,29.0,-106.0,0.26,358.0,2.0
07:43:19,353.0,66.0,357.0,11.0,346.0,11.0,365.0,11.0,355.0,4.0,77.0,22.0,0.855540764655294,353.0,357.0,99,55.0,-12.0,0.56,358.0,
07:43:20,349.23,13.0,357.0,8.0,345.02,43.0,365.0,8.0,353.12,7.769999999999982,56.0,16.0,1.703781089220689,349.23,357.0,72,40.0,-27.0,0.56,358.0,
07:43:21,348.82,22.0,356.23,39.0,345.47,30.0,361.8,15.0,352.52,7.410000000000025,52.0,54.0,2.130509328772084,348.82,356.23,106,-2.0,34.0,-0.02,358.0,
07:43:22,350.56,27.0,356.0,85.0,348.59,17.0,358.94,32.0,353.28,5.439999999999998,44.0,117.0,1.9217127777021807,350.56,356.0,161,-73.0,55.0,-0.45,358.0,
07:43:23,350.64,33.0,355.42,66.0,350.34,35.0,356.3,71.0,353.03,4.78000000000003,68.0,137.0,0.943874991713738,350.64,355.42,205,-69.0,44.0,-0.34,354.0,4.0
07:43:24,349.0,84.0,355.25,60.0,348.0,12.0,357.0,36.0,352.12,6.25,96.0,96.0,0.4810197500953202,349.0,355.25,192,0.0,-13.0,0.0,354.0,
07:43:25,349.9,70.0,354.6,50.0,345.0,10.0,357.0,30.0,352.25,4.7000000000000455,80.0,80.0,0.4996498773956702,349.9,354.6,160,0.0,-32.0,0.0,354.0,
07:43:26,350.72,126.0,354.0,90.0,345.0,18.0,357.0,54.0,352.36,3.2799999999999727,144.0,144.0,0.5141692328226768,350.72,354.0,288,0.0,128.0,0.0,354.0,
07:43:27,352.29,45.0,355.22,59.0,348.63,27.0,361.23,53.0,353.75,2.930000000000007,72.0,112.0,0.6829860906208873,352.29,355.22,184,-40.0,-104.0,-0.22,354.0,5.0
07:43:28,357.95,21.0,361.63,57.0,352.2,25.0,364.68,38.0,359.79,3.680000000000007,46.0,95.0,3.273320943626441,357.95,361.63,141,-49.0,-43.0,-0.35,360.88,8.0
07:43:30,363.0,11.0,368.0,36.0,352.77,13.0,371.0,9.0,365.5,5.0,24.0,45.0,6.777429453708169,363.0,368.0,69,-21.0,-52.0,-0.3,364.5,2.0
07:43:31,356.9,20.0,368.0,40.0,344.96,46.0,371.0,10.0,362.45,11.100000000000025,66.0,50.0,5.372268608324962,356.9,368.0,116,16.0,47.0,0.14,364.5,
07:43:32,357.0,14.0,368.0,28.0,346.0,49.0,371.0,7.0,362.5,11.0,63.0,35.0,2.9939555774921502,357.0,368.0,98,28.0,-18.0,0.29,364.5,
07:43:33,357.75,16.0,367.95,55.0,352.95,38.0,370.29,17.0,362.85,10.199999999999989,54.0,72.0,2.255382450937589,357.75,367.95,126,-18.0,28.0,-0.14,364.5,
07:43:34,359.43,14.0,365.21,42.0,357.0,28.0,367.14,56.0,362.32,5.779999999999973,42.0,98.0,1.342620571865221,359.43,365.21,140,-56.0,14.0,-0.4,364.5,
07:43:35,360.9,20.0,365.0,36.0,357.11,18.0,366.0,48.0,362.95,4.100000000000023,38.0,84.0,0.2715326867891169,360.9,365.0,122,-46.0,-18.0,-0.38,362.0,1.0
07:43:36,361.9,42.0,365.34,61.0,348.0,63.0,367.18,51.0,363.62,3.4399999999999977,105.0,112.0,0.5015675428048031,361.9,365.34,217,-7.0,95.0,-0.03,365.5,6.0
07:43:37,353.36,56.0,366.38,32.0,346.32,108.0,371.47,30.0,359.87,13.019999999999982,164.0,62.0,1.4465718094842408,353.36,366.38,226,102.0,9.0,0.45,365.0,2.0
07:43:38,347.0,32.0,369.0,16.0,346.0,32.0,370.0,8.0,358.0,22.0,64.0,24.0,2.348759246920184,347.0,369.0,88,40.0,-138.0,0.45,365.0,
07:43:39,347.0,36.0,357.92,26.0,346.0,36.0,369.06,17.0,352.46,10.920000000000016,72.0,43.0,4.4931447784364025,347.0,357.92,115,29.0,27.0,0.25,365.0,
07:43:40,347.0,40.0,356.36,22.0,346.0,40.0,361.76,17.0,351.68,9.360000000000014,80.0,39.0,5.047175447712019,347.0,356.36,119,41.0,4.0,0.34,357.0,2.0
07:43:41,347.0,40.0,354.14,28.0,346.0,40.0,355.27,22.0,350.57,7.139999999999986,80.0,50.0,4.1425994254795055,347.0,354.14,130,30.0,11.0,0.23,357.0,
07:43:42,347.0,48.0,353.62,26.0,346.0,48.0,354.73,22.0,350.31,6.6200000000000045,96.0,48.0,3.1381093033831915,347.0,353.62,144,48.0,14.0,0.33,353.33,3.0
07:43:43,347.6,40.0,354.0,14.0,346.43,28.0,357.0,7.0,350.8,6.399999999999977,68.0,21.0,0.8888925694243546,347.6,354.0,89,47.0,-55.0,0.53,353.33,
07:43:44,348.92,104.0,353.15,26.0,347.0,52.0,357.0,13.0,351.04,4.229999999999961,156.0,39.0,0.5227332015257917,348.92,353.15,195,117.0,106.0,0.6,353.33,
07:43:45,350.7,132.0,353.0,34.0,345.41,68.0,357.0,17.0,351.85,2.300000000000012,200.0,51.0,0.5890925224253563,350.7,353.0,251,149.0,56.0,0.59,351.0,2.0
07:43:46,351.69,78.0,353.0,18.0,343.0,52.0,357.0,13.0,352.35,1.3100000000000025,130.0,31.0,0.8213099293068667,351.69,353.0,161,99.0,-90.0,0.61,353.0,1.0
07:43:47,352.0,48.0,364.72,29.0,340.33,48.0,366.74,27.0,358.36,12.720000000000027,96.0,56.0,3.1258678794825383,352.0,364.72,152,40.0,-9.0,0.26,353.0,1.0
07:43:48,352.42,72.0,357.16,62.0,339.11,54.0,364.17,48.0,354.79,4.740000000000009,126.0,110.0,2.9674012199198763,352.42,357.16,236,16.0,84.0,0.07,353.0,
07:43:49,354.25,69.0,356.0,60.0,341.17,94.0,363.0,48.0,355.12,1.75,163.0,108.0,2.5986977507942925,354.25,356.0,271,55.0,35.0,0.2,356.0,8.0
07:43:50,355.0,50.0,361.36,22.0,339.7,80.0,363.4,40.0,358.18,6.360000000000014,130.0,62.0,2.5295750631253107,355.0,361.36,192,68.0,-79.0,0.35,356.0,1.0
07:43:51,355.7,50.0,361.56,18.0,339.68,38.0,362.4,40.0,358.63,5.860000000000014,88.0,58.0,1.891832445008655,355.7,361.56,146,30.0,-46.0,0.21,356.0,
07:43:52,356.0,65.0,362.73,40.0,340.15,13.0,364.44,25.0,359.36,6.730000000000018,78.0,65.0,2.109746430258314,356.0,362.73,143,13.0,-3.0,0.09,360.0,1.0
07:43:53,356.17,60.0,363.0,48.0,339.0,12.0,369.62,24.0,359.58,6.829999999999984,72.0,72.0,1.7971032246337535,356.17,363.0,144,0.0,1.0,0.0,360.0,
07:43:54,357.0,85.0,366.2,35.0,338.71,24.0,368.59,32.0,361.6,9.199999999999989,109.0,67.0,1.3163206296304957,357.0,366.2,176,42.0,32.0,0.24,360.0,
07:43:55,351.61,61.0,361.08,13.0,338.41,59.0,363.06,17.0,356.34,9.46999999999997,120.0,30.0,1.8964756787236632,351.61,361.08,150,90.0,-26.0,0.6,360.0,1.0
07:43:56,348.81,64.0,360.71,42.0,347.57,163.0,362.0,14.0,354.76,11.899999999999975,227.0,56.0,2.7395839100106736,348.81,360.71,283,171.0,133.0,0.6,360.0,
07:43:57,349.0,52.0,359.69,39.0,347.55,101.0,362.0,13.0,354.35,10.689999999999998,153.0,52.0,3.1528051002223325,349.0,359.69,205,101.0,-78.0,0.49,360.0,
07:43:58,351.33,54.0,358.49,49.0,342.57,51.0,361.47,17.0,354.91,7.160000000000025,105.0,66.0,3.0064713535948844,351.33,358.49000000000007,171,39.0,-34.0,0.23,360.0,
07:43:59,355.04,46.0,359.18,71.0,354.06,62.0,362.83,18.0,357.11,4.139999999999986,108.0,89.0,1.1742785018833086,355.04,359.18,197,19.0,26.0,0.1,359.0,4.0
07:44:00,360.93,28.0,365.0,46.0,357.06,34.0,369.14,14.0,362.96,4.069999999999993,62.0,60.0,3.597786819697213,360.93,365.0,122,2.0,-75.0,0.02,365.0,2.0
07:44:02,354.3,20.0,365.37,19.0,346.39,76.0,389.85,13.0,359.83,11.069999999999991,96.0,32.0,3.940300749941665,354.3,365.37,128,64.0,20.0,0.5,363.5,4.0
07:44:03,351.15,26.0,365.33,12.0,346.09,112.0,396.78,18.0,358.24,14.180000000000009,138.0,30.0,3.088467257393515,351.15,365.33,168,108.0,40.0,0.64,363.5,
07:44:04,352.13,60.0,364.0,15.0,348.42,38.0,370.0,15.0,358.07,11.870000000000005,98.0,30.0,2.844965729141932,352.13,364.0,128,68.0,-40.0,0.53,363.5,
07:44:05,354.6,60.0,365.67,18.0,345.37,38.0,412.65,51.0,360.13,11.069999999999991,98.0,69.0,2.547950156496643,354.6,365.67,167,29.0,39.0,0.17,364.0,1.0
07:44:06,356.0,44.0,360.0,13.0,346.0,22.0,369.09,11.0,358.0,4.0,66.0,24.0,1.0370294113425615,356.0,360.0,90,42.0,-77.0,0.47,360.0,1.0
07:44:07,357.12,66.0,360.0,15.0,355.09,64.0,397.33,51.0,358.56,2.8799999999999955,130.0,66.0,0.8821847878926337,357.12,360.0,196,64.0,106.0,0.33,360.0,
07:44:08,358.84,86.0,366.67,24.0,357.59,74.0,429.77,73.0,362.75,7.830000000000041,160.0,97.0,2.0085990142361463,358.84,366.67,257,63.0,61.0,0.25,360.8,5.0
07:44:09,361.55,76.0,367.47,30.0,360.27,74.0,391.82,33.0,364.51,5.920000000000016,150.0,63.0,2.778155863156735,361.55,367.47,213,87.0,-44.0,0.41,360.8,
07:44:19,361.22,18.0,373.95,21.0,364.22,27.0,402.52,21.0,367.59,12.72999999999996,45.0,42.0,1.8198131772253712,361.22,373.95,87,3.0,20.0,0.03,362.75,8.0
07:44:20,359.57,56.0,373.0,14.0,354.74,35.0,384.25,8.0,366.29,13.430000000000009,91.0,22.0,2.049248642796251,359.57,373.0,113,69.0,26.0,0.61,362.75,
07:44:21,363.0,69.0,373.0,18.0,358.22,18.0,383.0,9.0,368.0,10.0,87.0,27.0,2.0365780122554478,363.0,373.0,114,60.0,1.0,0.53,363.0,1.0
07:44:22,363.0,60.0,373.0,18.0,360.0,18.0,383.0,9.0,368.0,10.0,78.0,27.0,2.0050311718281293,363.0,373.0,105,51.0,-9.0,0.49,363.0,1.0
07:44:35,363.0,18.0,365.0,9.0,361.0,9.0,381.0,45.0,364.0,2.0,27.0,54.0,1.1862883292009183,363.0,365.0,81,-27.0,-87.0,-0.33,363.0,
07:44:36,363.0,22.0,380.32,47.0,361.0,11.0,382.32,25.0,371.66,17.319999999999993,33.0,72.0,3.110723388538373,363.0,380.32,105,-39.0,24.0,-0.37,365.0,1.0
07:44:47,360.53,34.0,384.0,56.0,358.98,94.0,388.72,57.0,372.26,23.470000000000027,128.0,113.0,1.7952381457632476,360.53,384.0,241,15.0,69.0,0.06,361.0,3.0
07:44:48,360.0,70.0,381.83,48.0,358.0,120.0,383.43,56.0,370.92,21.829999999999984,190.0,104.0,1.902125127325679,360.0,381.83,294,86.0,53.0,0.29,361.0,
07:44:49,360.0,70.0,380.0,55.0,358.0,120.0,381.0,40.0,370.0,20.0,190.0,95.0,1.8765180521391007,360.0,380.0,285,95.0,-9.0,0.33,361.0,
07:44:50,360.0,98.0,377.21,29.0,358.0,168.0,378.05,37.0,368.6,17.20999999999998,266.0,66.0,1.4710948303913678,360.0,377.21,332,200.0,47.0,0.6,361.0,
07:44:51,360.0,105.0,370.57,49.0,358.0,180.0,371.49,47.0,365.29,10.569999999999991,285.0,96.0,2.663696679429413,360.0,370.57,381,189.0,49.0,0.5,361.0,
07:44:52,360.0,133.0,365.5,56.0,358.0,228.0,367.36,77.0,362.75,5.5,361.0,133.0,3.413293131273828,360.0,365.5,494,228.0,113.0,0.46,361.0,
07:44:53,360.0,91.0,363.89,56.0,358.0,156.0,364.57,35.0,361.95,3.8899999999999855,247.0,91.0,3.5295707954366,360.0,363.89,338,156.0,-156.0,0.46,361.0,
07:44:54,358.88,64.0,361.53,38.0,355.36,67.0,367.78,37.0,360.2,2.6499999999999773,131.0,75.0,3.268649568246259,358.88,361.53,206,56.0,-132.0,0.27,359.88,8.0
07:44:55,356.85,40.0,359.63,19.0,353.89,45.0,360.68,19.0,358.24,2.7799999999999727,85.0,38.0,2.6586519140334284,356.85,359.63,123,47.0,-83.0,0.38,358.4,5.0
07:44:56,350.0,27.0,356.87,15.0,348.0,9.0,358.56,9.0,353.43,6.8700000000000045,36.0,24.0,3.718686596096851,350.0,356.87,60,12.0,-63.0,0.2,358.4,
07:44:57,351.96,28.0,357.0,11.0,349.78,27.0,358.0,11.0,354.48,5.0400000000000205,55.0,22.0,3.646827388290824,351.96,357.0,77,33.0,17.0,0.43,358.4,
07:44:58,351.46,26.0,363.4,25.0,350.0,39.0,361.69,13.0,357.43,11.939999999999998,65.0,38.0,2.773090333903108,351.46,363.4,103,27.0,26.0,0.26,357.5,2.0
07:44:59,352.0,20.0,366.69,39.0,348.0,10.0,368.46,13.0,359.35,14.689999999999998,30.0,52.0,2.524050316453039,352.0,366.69,82,-22.0,-21.0,-0.27,357.5,
07:45:00,362.7,60.0,367.07,27.0,354.82,34.0,368.87,23.0,364.89,4.3700000000000045,94.0,50.0,4.551360236235794,362.7,367.07,144,44.0,62.0,0.31,357.5,
07:45:06,359.19,84.0,366.18,55.0,356.3,33.0,368.11,27.0,362.69,6.990000000000009,117.0,82.0,1.6919604014273883,359.19,366.18,199,35.0,79.0,0.18,364.4,5.0
07:45:07,361.0,8.0,366.0,40.0,359.0,80.0,368.0,24.0,363.5,5.0,88.0,64.0,1.929727960101568,361.0,366.0,152,24.0,-47.0,0.16,364.4,
07:45:23,362.8,15.0,369.27,30.0,360.0,27.0,371.0,60.0,366.03,6.46999999999997,42.0,90.0,1.5635696338835672,362.8,369.2699999999999,132,-48.0,44.0,-0.36,363.0,2.0
07:45:24,361.0,11.0,368.36,22.0,359.0,33.0,371.0,44.0,364.68,7.360000000000014,44.0,66.0,1.8464100303023243,361.0,368.36,110,-22.0,-22.0,-0.2,363.0,
07:45:25,361.0,12.0,366.04,46.0,359.0,36.0,367.62,26.0,363.52,5.0400000000000205,48.0,72.0,2.065284484035858,361.0,366.04,120,-24.0,10.0,-0.2,363.0,
07:45:26,361.0,15.0,363.65,52.0,359.0,45.0,365.16,38.0,362.33,2.6499999999999773,60.0,90.0,2.1081579637202745,361.0,363.65,150,-30.0,30.0,-0.2,363.0,
07:45:27,359.8,30.0,362.03,38.0,358.86,42.0,364.17,70.0,360.91,2.2299999999999613,72.0,108.0,1.9918910612768872,359.8,362.03,180,-36.0,30.0,-0.2,361.0,1.0
07:45:28,357.44,54.0,360.0,14.0,348.78,96.0,368.1,58.0,358.72,2.5600000000000023,150.0,72.0,2.320726179451629,357.44,360.0,222,78.0,42.0,0.35,359.0,3.0
07:45:29,357.0,98.0,359.31,26.0,346.0,126.0,373.91,58.0,358.15,2.3100000000000023,224.0,84.0,2.295262512217245,357.0,359.31,308,140.0,86.0,0.45,359.0,
07:45:30,357.72,117.0,373.34,83.0,347.29,153.0,375.51,102.0,365.53,15.619999999999948,270.0,185.0,2.9806408706837777,357.72,373.34,455,85.0,147.0,0.19,359.33,3.0
07:45:31,362.0,81.0,372.0,84.0,359.89,79.0,374.77,107.0,367.0,10.0,160.0,191.0,4.0065783406782725,362.0,372.0,351,-31.0,-104.0,-0.09,362.0,5.0
07:45:32,362.09,11.0,370.0,44.0,359.07,41.0,372.0,55.0,366.05,7.910000000000025,52.0,99.0,4.286717858687941,362.09,370.0,151,-47.0,-182.5,-0.31,362.0,
07:45:33,363.0,12.0,369.67,36.0,362.0,12.0,371.89,75.0,366.33,6.670000000000016,24.0,111.0,3.651098464845464,363.0,369.67,135,-87.0,-16.0,-0.64,362.0,
07:45:35,359.3,46.0,366.38,26.0,357.18,68.0,368.0,26.0,362.84,7.079999999999984,114.0,52.0,1.638374194132333,359.3,366.38,166,62.0,43.0,0.37,363.67,3.0
07:45:36,359.0,44.0,364.47,15.0,357.0,66.0,366.77,22.0,361.73,5.470000000000027,110.0,37.0,2.195135531122584,359.0,364.47,147,73.0,-19.0,0.5,363.67,6.0
07:45:37,363.21,61.0,365.27,11.0,360.0,34.0,368.67,15.0,364.24,2.0600000000000023,95.0,26.0,2.0506169803247447,363.21,365.27,121,69.0,-26.0,0.57,364.0,1.0
07:45:47,363.27,11.0,367.56,9.0,361.55,44.0,369.85,27.0,365.41,4.2900000000000205,55.0,36.0,0.6918598123901891,363.27,367.56,91,19.0,-44.0,0.21,363.33,3.0
07:45:48,363.0,16.0,365.88,16.0,361.0,64.0,368.0,8.0,364.44,2.8799999999999955,80.0,24.0,1.1142486257562267,363.0,365.88,104,56.0,13.0,0.54,363.0,2.0
07:45:49,361.0,96.0,375.88,67.0,359.0,48.0,379.67,60.0,368.44,14.879999999999995,144.0,127.0,1.5274390331532584,361.0,375.88,271,17.0,167.0,0.06,361.0,5.0
07:45:50,361.0,30.0,376.0,60.0,359.0,40.0,380.0,50.0,368.5,15.0,70.0,110.0,1.8088863977598757,361.0,376.0,180,-40.0,-91.0,-0.22,361.0,
07:45:51,359.12,49.0,376.0,36.0,356.0,47.0,380.15,65.0,367.56,16.879999999999995,96.0,101.0,1.8462394210938908,359.12,376.0,197,-5.0,17.0,-0.03,361.0,
07:45:52,359.0,19.0,375.33,12.0,358.0,6.0,378.73,22.0,367.17,16.329999999999984,25.0,34.0,1.6562970748032382,359.0,375.33,59,-9.0,-138.0,-0.15,359.0,1.0
07:45:53,359.0,27.0,371.17,24.0,358.0,9.0,374.29,21.0,365.08,12.170000000000016,36.0,45.0,1.3910427743250733,359.0,371.17,81,-9.0,22.0,-0.11,359.0,
07:45:54,362.07,42.0,370.57,56.0,359.57,42.0,376.0,35.0,366.32,8.5,84.0,91.0,1.2955616542647528,362.07,370.57,175,-7.0,94.0,-0.04,359.0,
07:45:55,361.0,39.0,369.31,52.0,359.0,39.0,372.57,28.0,365.15,8.310000000000002,78.0,80.0,1.1342530581840955,361.0,369.31,158,-2.0,-17.0,-0.01,359.0,
07:45:56,361.61,54.0,367.35,68.0,360.29,51.0,372.54,52.0,364.48,5.740000000000009,105.0,120.0,1.0842739506226196,361.61000000000007,367.35,225,-15.0,67.0,-0.07,359.0,
07:45:57,361.86,42.0,364.71,56.0,360.71,42.0,368.29,70.0,363.29,2.849999999999966,84.0,126.0,1.1037798693567755,361.86,364.71,210,-42.0,-15.0,-0.2,362.0,3.0
07:45:58,360.64,33.0,365.92,50.0,358.93,29.0,374.51,67.0,363.28,5.28000000000003,62.0,117.0,1.2930313221251006,360.64,365.92,179,-55.0,-31.0,-0.31,361.0,3.0
07:45:59,359.0,57.0,373.39,62.0,358.0,19.0,374.65,40.0,366.19,14.389999999999986,76.0,102.0,1.2479062464770925,359.0,373.39,178,-26.0,-1.0,-0.15,361.0,
07:46:00,362.68,57.0,370.25,32.0,358.89,47.0,371.66,41.0,366.47,7.569999999999993,104.0,73.0,1.5327328534343778,362.68000000000006,370.25,177,31.0,-1.0,0.18,361.0,
07:46:03,350.83,41.0,362.77,70.0,347.25,72.0,364.34,29.0,356.8,11.939999999999998,113.0,99.0,3.984955457717822,350.83,362.77,212,14.0,109.0,0.07,361.0,
07:46:04,353.47,49.0,360.69,64.0,348.43,56.0,361.09,55.0,357.08,7.21999999999997,105.0,119.0,4.6231158324220605,353.47,360.69,224,-14.0,12.0,-0.06,361.0,
07:46:05,353.05,87.0,355.81,32.0,352.33,129.0,359.06,51.0,354.43,2.759999999999991,216.0,83.0,4.799449968484577,353.05,355.81,299,133.0,75.0,0.44,354.67,3.0
07:46:06,353.54,117.0,359.15,59.0,347.0,39.0,361.17,36.0,356.35,5.609999999999957,156.0,95.0,3.7824423326712,353.54,359.15,251,61.0,-48.0,0.24,359.5,4.0
07:46:07,354.92,111.0,357.69,68.0,347.0,42.0,363.37,49.0,356.31,2.769999999999982,153.0,117.0,1.0370294113380134,354.92,357.69,270,36.0,19.0,0.13,355.0,3.0
07:46:08,355.81,96.0,357.0,76.0,346.25,48.0,365.25,64.0,356.41,1.1899999999999975,144.0,140.0,0.993820909409696,355.81,357.0,284,4.0,14.0,0.01,357.0,4.0
07:46:09,347.91,54.0,364.59,59.0,343.46,68.0,369.79,76.0,356.25,16.67999999999995,122.0,135.0,0.8517041739827189,347.9100000000001,364.59,257,-13.0,-27.0,-0.05,356.25,4.0
07:46:10,349.0,22.0,365.0,44.0,347.0,71.0,371.0,55.0,357.0,16.0,93.0,99.0,0.3052539925711263,349.0,365.0,192,-6.0,-65.0,-0.03,356.25,
07:46:11,352.33,24.0,368.56,59.0,348.27,63.0,372.93,58.0,360.45,16.230000000000018,87.0,117.0,1.7948481829899297,352.33,368.56,204,-30.0,12.0,-0.15,356.25,
07:46:12,361.0,33.0,366.5,40.0,355.4,30.0,372.59,58.0,363.75,5.5,63.0,98.0,3.2663312752972904,361.0,366.5,161,-35.0,-43.0,-0.22,356.25,
07:46:13,361.0,47.0,365.0,36.0,359.0,24.0,373.0,60.0,363.0,4.0,71.0,96.0,3.4017275023123075,361.0,365.0,167,-25.0,6.0,-0.15,356.25,
07:46:14,351.78,77.0,365.0,30.0,350.55,44.0,373.0,50.0,358.39,13.220000000000027,121.0,80.0,2.894627782632651,351.78,365.0,201,41.0,34.0,0.2,359.67,3.0
07:46:15,352.5,90.0,364.0,20.0,351.0,60.0,365.0,30.0,358.25,11.5,150.0,50.0,2.5480620086625314,352.5,364.0,200,100.0,-1.0,0.5,359.67,
07:46:16,354.67,81.0,364.0,18.0,351.0,54.0,365.44,27.0,359.33,9.329999999999984,135.0,45.0,2.6308895833897816,354.67,364.0,180,90.0,-20.0,0.5,359.67,
07:46:17,356.37,79.0,364.82,22.0,354.2,45.0,371.05,38.0,360.59,8.449999999999989,124.0,60.0,1.9629620475158165,356.37,364.82,184,64.0,4.0,0.35,359.67,
07:46:18,359.14,84.0,366.84,50.0,357.82,132.0,376.8,110.0,362.99,7.699999999999989,216.0,160.0,1.9590303724004647,359.14,366.84,376,56.0,181.5,0.15,359.67,
07:46:19,361.0,72.0,365.44,36.0,358.0,144.0,367.0,54.0,363.22,4.439999999999998,216.0,90.0,2.19835847849928,361.0,365.44,306,126.0,-70.0,0.41,359.67,
07:46:20,361.8,123.0,372.18,83.0,359.96,100.0,373.38,74.0,366.99,10.379999999999995,223.0,157.0,2.938482601614915,361.8,372.18,380,66.0,74.0,0.17,362.0,2.0
07:46:21,362.86,51.0,374.95,81.0,361.95,81.0,382.93,59.0,368.91,12.089999999999977,132.0,140.0,3.348387671700785,362.86,374.95,272,-8.0,-108.0,-0.03,362.0,
07:46:34,362.0,63.0,372.0,27.0,358.0,27.0,373.0,36.0,367.0,10.0,90.0,63.0,0.8701723967134288,362.0,372.0,153,27.0,-44.0,0.18,364.0,5.0
07:46:35,362.0,84.0,372.63,41.0,358.0,36.0,373.26,27.0,367.32,10.629999999999995,120.0,68.0,0.936418709767228,362.0,372.63,188,52.0,35.0,0.28,364.0,
07:46:36,362.0,98.0,370.36,28.0,358.0,42.0,373.0,56.0,366.18,8.360000000000014,140.0,84.0,0.8850988645353529,362.0,370.36,224,56.0,36.0,0.25,364.0,
07:46:37,362.0,98.0,368.17,24.0,358.0,42.0,373.17,48.0,365.08,6.170000000000016,140.0,72.0,1.022017612373432,362.0,368.17,212,68.0,-12.0,0.32,364.0,
07:46:38,362.0,70.0,368.1,20.0,359.38,58.0,374.0,40.0,365.05,6.100000000000023,128.0,60.0,1.0540777959910852,362.0,368.1,188,68.0,-24.0,0.36,364.0,
07:46:39,362.0,45.0,366.48,40.0,360.0,110.0,370.42,33.0,364.24,4.480000000000018,155.0,73.0,1.1951903614069688,362.0,366.48,228,82.0,40.0,0.36,362.0,4.0
07:46:40,360.12,104.0,362.1,51.0,358.8,50.0,365.06,36.0,361.11,1.9800000000000184,154.0,87.0,1.9287223750444509,360.12,362.1,241,67.0,13.0,0.28,361.2,5.0
07:46:41,360.0,59.0,362.75,40.0,358.0,24.0,375.41,39.0,361.38,2.75,83.0,79.0,1.9730103902399287,360.0,362.75,162,4.0,-79.0,0.02,360.0,5.0
07:46:42,361.0,28.0,375.0,74.0,360.0,50.0,379.0,56.0,368.0,14.0,78.0,130.0,2.8445966322127645,361.0,375.0,208,-52.0,46.0,-0.25,360.0,
07:46:43,361.0,24.0,374.17,60.0,360.0,60.0,376.07,58.0,367.58,13.170000000000016,84.0,118.0,3.279606683734713,361.0,374.17,202,-34.0,-6.0,-0.17,360.0,
07:46:44,361.67,42.0,373.64,70.0,360.29,49.0,376.0,70.0,367.65,11.96999999999997,91.0,140.0,3.564117001446364,361.67,373.64,231,-49.0,29.0,-0.21,360.0,
07:46:45,362.75,32.0,373.0,70.0,361.92,52.0,376.0,70.0,367.88,10.25,84.0,140.0,2.866080947915172,362.75,373.0,224,-56.0,-7.0,-0.25,360.0,
07:46:46,363.0,28.0,372.57,70.0,362.0,56.0,375.29,51.0,367.79,9.569999999999991,84.0,121.0,0.1698528775306579,363.0,372.57,205,-37.0,-19.0,-0.18,360.0,
07:46:47,362.06,35.0,370.12,51.0,360.64,45.0,371.45,33.0,366.09,8.060000000000002,80.0,84.0,0.7405200875091219,362.06,370.12,164,-4.0,-41.0,-0.02,362.67,3.0
07:46:48,362.0,33.0,369.09,55.0,361.0,33.0,371.0,37.0,365.55,7.089999999999975,66.0,92.0,1.0898715520663438,362.0,369.09,158,-26.0,-6.0,-0.16,362.67,
07:46:49,362.0,45.0,368.16,57.0,361.0,45.0,370.0,66.0,365.08,6.160000000000025,90.0,123.0,1.2896782544503969,362.0,368.16,213,-33.0,55.0,-0.15,362.67,
07:46:50,362.0,21.0,364.0,14.0,361.0,21.0,365.0,35.0,363.0,2.0,42.0,49.0,1.7335714580021693,362.0,364.0,91,-7.0,-122.0,-0.08,362.67,
07:46:51,362.0,22.0,363.1,61.0,361.0,42.0,364.97,65.0,362.55,1.1000000000000227,64.0,126.0,1.581843860814662,362.0,363.1,190,-62.0,99.0,-0.33,362.0,2.0
07:46:52,361.33,18.0,363.7,46.0,360.47,38.0,367.67,36.0,362.51,2.3700000000000045,56.0,82.0,1.4618720874259925,361.33,363.7,138,-26.0,-52.0,-0.19,362.0,1.0
07:46:53,360.81,26.0,365.0,32.0,359.84,37.0,370.38,24.0,362.9,4.189999999999998,63.0,56.0,1.0680215353605285,360.81,365.0,119,7.0,-19.0,0.06,361.0,3.0
07:46:54,359.5,24.0,365.43,21.0,356.5,16.0,369.5,18.0,362.46,5.930000000000007,40.0,39.0,0.2474469639993785,359.5,365.43,79,1.0,-40.0,0.01,360.0,5.0
07:46:55,357.0,22.0,366.0,33.0,356.0,44.0,373.0,33.0,361.5,9.0,66.0,66.0,0.5236697432463588,357.0,366.0,132,0.0,53.0,0.0,360.0,
07:46:56,358.75,99.0,365.82,44.0,357.33,36.0,372.0,42.0,362.28,7.069999999999993,135.0,86.0,0.5161395160143841,358.75,365.82,221,49.0,89.0,0.22,360.0,
07:46:57,362.0,16.0,364.25,64.0,359.94,128.0,366.0,48.0,363.12,2.25,144.0,112.0,0.6290627949512765,362.0,364.25,256,32.0,35.0,0.12,360.0,
07:46:58,360.96,23.0,363.07,56.0,359.81,94.0,371.0,42.0,362.01,2.1100000000000136,117.0,98.0,0.5956341158726625,360.96,363.07,215,19.0,-41.0,0.09,360.4,5.0
07:46:59,358.88,32.0,361.4,53.0,356.29,34.0,369.67,36.0,360.14,2.519999999999982,66.0,89.0,1.1024971655247533,358.88,361.3999999999999,155,-23.0,-60.0,-0.15,360.0,4.0
07:47:00,357.0,30.0,361.26,77.0,356.0,60.0,371.09,68.0,359.13,4.259999999999991,90.0,145.0,1.6450623088469254,357.0,361.26,235,-55.0,80.0,-0.23,360.0,5.0
07:47:01,357.0,19.0,371.0,35.0,356.0,36.0,372.18,34.0,364.0,14.0,55.0,69.0,2.027251834378196,357.0,371.0,124,-14.0,-111.0,-0.11,360.0,
07:47:02,357.55,77.0,371.92,78.0,356.21,66.0,374.61,62.0,364.73,14.370000000000005,143.0,140.0,2.405695325678357,357.55,371.92,283,3.0,159.0,0.01,360.0,
07:47:03,358.9,67.0,370.78,89.0,358.18,67.0,372.19,84.0,364.84,11.879999999999995,134.0,173.0,2.7203804880921134,358.9,370.78,307,-39.0,24.0,-0.13,360.0,
07:47:04,361.76,17.0,368.31,64.0,360.71,93.0,369.23,71.0,365.04,6.550000000000011,110.0,135.0,2.5007738802208945,361.76,368.31,245,-25.0,-62.0,-0.1,361.2,5.0
07:47:05,362.23,22.0,367.51,82.0,360.23,124.0,368.7,80.0,364.87,5.279999999999973,146.0,162.0,0.4046356385667835,362.23,367.51,308,-16.0,63.0,-0.05,361.2,
07:47:06,362.14,42.0,365.94,69.0,360.24,91.0,371.19,57.0,364.04,3.8000000000000114,133.0,126.0,0.3874661275497003,362.14,365.94,259,7.0,-49.0,0.03,364.0,1.0
07:47:07,362.0,78.0,366.0,65.0,361.0,26.0,373.66,53.0,364.0,4.0,104.0,118.0,0.4972122283270235,362.0,366.0,222,-14.0,-37.0,-0.06,364.0,
07:47:08,362.0,53.0,365.08,61.0,361.0,34.0,366.76,75.0,363.54,3.079999999999984,87.0,136.0,0.633971608194827,362.0,365.08,223,-49.0,1.0,-0.22,362.0,5.0
07:47:09,362.0,13.0,364.15,53.0,361.0,26.0,370.08,39.0,363.08,2.1499999999999773,39.0,92.0,0.6656425467140297,362.0,364.1499999999999,131,-53.0,-92.0,-0.4,362.0,
07:47:10,361.5,16.0,363.36,42.0,360.0,32.0,367.81,48.0,362.43,1.8600000000000136,48.0,90.0,0.6765500720526213,361.5,363.36,138,-42.0,7.0,-0.3,362.0,1.0
07:47:11,359.07,54.0,360.52,50.0,357.27,30.0,363.92,24.0,359.8,1.4499999999999886,84.0,74.0,1.6536626016185227,359.07,360.52,158,10.0,20.0,0.06,361.0,2.0
07:47:12,351.23,70.0,359.58,48.0,346.72,69.0,371.22,27.0,355.41,8.349999999999966,139.0,75.0,3.369031017961449,351.23,359.58,214,64.0,56.0,0.3,358.0,7.0
07:47:13,349.0,99.0,352.22,36.0,345.0,253.0,359.94,34.0,350.61,3.2200000000000277,352.0,70.0,5.235401608279765,349.0,352.22,422,282.0,181.5,0.67,358.0,
07:47:14,349.0,81.0,358.1,39.0,344.0,27.0,366.12,32.0,353.55,9.100000000000025,108.0,71.0,4.757614948687263,349.0,358.1,179,37.0,-182.5,0.21,350.33,6.0
07:47:15,349.0,108.0,352.52,27.0,344.0,36.0,354.81,59.0,350.76,3.519999999999982,144.0,86.0,3.801871907358959,349.0,352.52,230,58.0,51.0,0.25,350.33,
07:47:16,349.36,78.0,352.36,33.0,347.83,66.0,354.94,51.0,350.86,3.0,144.0,84.0,2.151550603625126,349.36,352.36,228,60.0,-2.0,0.26,351.0,2.0
07:47:17,351.75,48.0,354.0,60.0,347.92,39.0,363.5,32.0,352.88,2.25,87.0,92.0,1.3772327326773852,351.75,354.0,179,-5.0,-49.0,-0.03,351.0,
07:47:18,350.71,28.0,358.76,37.0,342.64,22.0,366.12,32.0,354.74,8.050000000000011,50.0,69.0,1.7295143826983923,350.71,358.76,119,-19.0,-60.0,-0.16,354.0,5.0
07:47:19,346.86,14.0,365.0,24.0,345.5,8.0,368.0,18.0,355.93,18.139999999999983,22.0,42.0,2.303167384269348,346.86,365.0,64,-20.0,-55.0,-0.31,354.0,
07:47:20,349.0,25.0,365.0,56.0,347.58,31.0,368.0,42.0,357.0,16.0,56.0,98.0,2.4489222119058893,349.0,365.0,154,-42.0,90.0,-0.27,354.0,
07:47:21,352.22,46.0,365.0,56.0,350.35,55.0,367.98,40.0,358.61,12.779999999999973,101.0,96.0,2.179327878032815,352.22,365.0,197,5.0,43.0,0.03,354.0,
07:47:22,353.0,35.0,364.27,30.0,352.0,33.0,366.0,36.0,358.63,11.269999999999982,68.0,66.0,1.6955736492333686,353.0,364.2699999999999,134,2.0,-63.0,0.01,353.0,1.0
07:47:23,355.93,56.0,361.59,34.0,354.59,86.0,365.72,36.0,358.76,5.659999999999968,142.0,70.0,1.2651600689150004,355.93,361.59,212,72.0,78.0,0.34,353.0,
07:47:24,359.69,108.0,363.26,19.0,358.43,69.0,365.26,38.0,361.47,3.569999999999993,177.0,57.0,1.6117785207590838,359.69,363.26,234,120.0,22.0,0.51,353.0,
07:47:25,360.39,69.0,361.87,15.0,359.92,78.0,368.21,68.0,361.13,1.4800000000000182,147.0,83.0,1.448481963982558,360.39,361.87,230,64.0,-4.0,0.28,360.6,5.0
07:47:26,360.0,52.0,365.57,21.0,359.0,11.0,369.21,58.0,362.79,5.569999999999993,63.0,79.0,1.8090550019237244,360.0,365.57,142,-16.0,-88.0,-0.11,360.0,3.0
07:47:27,361.61,31.0,369.0,58.0,359.98,43.0,371.3,46.0,365.31,7.389999999999986,74.0,104.0,2.400899831310982,361.61,369.0,178,-30.0,36.0,-0.17,360.0,
07:47:28,362.25,24.0,370.18,34.0,360.0,36.0,371.79,38.0,366.21,7.930000000000007,60.0,72.0,2.27993859566289,362.25,370.18,132,-12.0,-46.0,-0.09,360.0,
07:47:29,363.0,16.0,369.53,17.0,360.0,24.0,371.69,26.0,366.26,6.529999999999973,40.0,43.0,2.2820385623376263,363.0,369.53,83,-3.0,-49.0,-0.04,360.0,
07:47:30,363.0,20.0,369.29,41.0,360.0,30.0,371.16,38.0,366.15,6.2900000000000205,50.0,79.0,1.480094591571339,363.0,369.29,129,-29.0,46.0,-0.22,360.0,
07:47:31,363.0,20.0,368.53,47.0,359.43,14.0,370.02,43.0,365.77,5.529999999999973,34.0,90.0,0.4016217125609283,363.0,368.53,124,-56.0,-5.0,-0.45,360.0,
07:47:32,362.87,31.0,366.22,72.0,358.5,18.0,367.61,72.0,364.55,3.3500000000000227,49.0,144.0,0.718484516186648,362.87,366.22,193,-95.0,69.0,-0.49,363.0,2.0
07:47:33,359.0,34.0,367.0,70.0,355.66,58.0,371.0,56.0,363.0,8.0,92.0,126.0,1.3783069324349486,359.0,367.0,218,-34.0,25.0,-0.16,359.0,5.0
07:47:34,356.0,14.0,365.06,33.0,355.0,77.0,369.67,30.0,360.53,9.060000000000002,91.0,63.0,2.29667150458992,356.0,365.06,154,28.0,-64.0,0.18,359.0,
07:47:35,355.54,70.0,359.0,72.0,354.44,144.0,367.0,90.0,357.27,3.4599999999999795,214.0,162.0,3.391103065374282,355.54,359.0,376,52.0,181.5,0.14,355.4,5.0
07:47:36,357.6,20.0,364.97,67.0,355.84,45.0,369.38,37.0,361.29,7.370000000000003,65.0,104.0,2.7514759675469804,357.6,364.97,169,-39.0,-182.5,-0.23,355.4,
07:47:37,360.0,60.0,365.0,60.0,357.38,16.0,371.42,24.0,362.5,5.0,76.0,84.0,2.2602145915792047,360.0,365.0,160,-8.0,-9.0,-0.05,355.4,
07:47:38,360.92,99.0,363.88,85.0,359.04,25.0,372.0,34.0,362.4,2.9599999999999795,124.0,119.0,2.134471831621875,360.92,363.88,243,5.0,83.0,0.02,360.0,4.0
07:47:39,361.0,26.0,370.62,26.0,360.0,13.0,373.69,26.0,365.81,9.620000000000005,39.0,52.0,3.0698745902707034,361.0,370.62,91,-13.0,-152.0,-0.14,361.0,5.0
07:47:40,361.0,22.0,369.91,22.0,360.0,11.0,375.91,22.0,365.45,8.910000000000025,33.0,44.0,2.0144602254682007,361.0,369.91,77,-11.0,-14.0,-0.14,361.0,
07:47:41,361.0,26.0,369.0,26.0,360.0,13.0,377.0,64.0,365.0,8.0,39.0,90.0,1.6522318239263758,361.0,369.0,129,-51.0,52.0,-0.4,361.0,2.0
07:47:42,360.0,11.0,369.0,22.0,358.0,33.0,377.0,55.0,364.5,9.0,44.0,77.0,1.3408467473935883,360.0,369.0,121,-33.0,-8.0,-0.27,361.0,
07:47:43,359.45,11.0,368.71,14.0,357.96,25.0,375.06,33.0,364.08,9.259999999999993,36.0,47.0,0.6981905184093455,359.45,368.71,83,-11.0,-38.0,-0.13,360.0,1.0
07:47:44,358.0,39.0,367.15,13.0,357.0,13.0,369.0,26.0,362.58,9.149999999999975,52.0,39.0,1.1019165122618526,358.0,367.15,91,13.0,8.0,0.14,360.0,
07:47:45,358.0,42.0,365.21,14.0,357.0,14.0,369.0,28.0,361.61,7.2099999999999795,56.0,42.0,1.413357704190169,358.0,365.21,98,14.0,7.0,0.14,360.0,
07:47:46,358.0,48.0,363.55,22.0,357.0,16.0,367.85,26.0,360.77,5.550000000000011,64.0,48.0,1.5867797578718932,358.0,363.55,112,16.0,14.0,0.14,360.0,
07:47:47,358.0,39.0,361.89,19.0,357.0,11.0,362.71,14.0,359.95,3.8899999999999855,50.0,33.0,1.6067264857436383,358.0,361.89,83,17.0,-29.0,0.2,360.0,
07:47:48,358.0,79.0,360.64,25.0,357.0,17.0,372.42,88.0,359.32,2.6399999999999864,96.0,113.0,1.296892439637192,358.0,360.64,209,-17.0,126.0,-0.08,360.0,1.0
07:47:49,358.0,45.0,360.11,55.0,357.0,15.0,369.68,57.0,359.05,2.1100000000000136,60.0,112.0,1.0552724766554915,358.0,360.11,172,-52.0,-37.0,-0.3,360.0,1.0
07:47:50,358.0,30.0,360.0,40.0,357.0,10.0,361.0,20.0,359.0,2.0,40.0,60.0,0.7467730578867088,358.0,360.0,100,-20.0,-72.0,-0.2,360.0,
07:47:51,357.86,28.0,359.25,48.0,356.29,28.0,361.0,24.0,358.55,1.3899999999999864,56.0,72.0,0.5144220057350848,357.86,359.25,128,-16.0,28.0,-0.12,358.0,3.0
07:47:52,360.53,51.0,365.92,52.0,356.14,35.0,369.0,14.0,363.23,5.390000000000043,86.0,66.0,1.9206639476977725,360.53,365.92,152,20.0,24.0,0.13,359.67,6.0
07:47:53,361.0,126.0,368.0,75.0,357.0,15.0,374.07,59.0,364.5,7.0,141.0,134.0,2.781102299446795,361.0,368.0,275,7.0,123.0,0.03,361.0,1.0
07:47:54,361.0,128.0,368.0,80.0,357.0,16.0,374.05,59.0,364.5,7.0,144.0,139.0,2.9540531477938323,361.0,368.0,283,5.0,8.0,0.02,361.0,
07:47:55,361.0,96.0,368.0,60.0,357.0,12.0,373.67,48.0,364.5,7.0,108.0,108.0,2.578261041863888,361.0,368.0,216,0.0,-67.0,0.0,361.0,
07:47:56,361.02,98.0,368.0,75.0,358.45,22.0,374.0,60.0,364.51,6.980000000000018,120.0,135.0,0.569095774009669,361.02,368.0,255,-15.0,39.0,-0.06,361.33,6.0
07:47:57,361.0,52.0,368.0,65.0,357.0,13.0,374.0,52.0,364.5,7.0,65.0,117.0,0.0044721355327637,361.0,368.0,182,-52.0,-73.0,-0.29,361.33,
07:47:58,357.77,31.0,368.0,65.0,355.33,48.0,374.0,52.0,362.89,10.230000000000018,79.0,117.0,0.721144923018629,357.77,368.0,196,-38.0,14.0,-0.19,359.5,6.0
07:47:59,356.0,32.0,367.78,36.0,349.5,16.0,373.52,63.0,361.89,11.779999999999973,48.0,99.0,1.2103181399923155,356.0,367.78,147,-51.0,-49.0,-0.35,359.5,
07:48:00,357.15,46.0,367.8,118.0,356.63,73.0,373.01,91.0,362.47,10.650000000000034,119.0,209.0,1.197672743279065,357.15,367.8,328,-90.0,181.0,-0.27,359.5,
07:48:01,360.52,181.0,367.91,65.0,357.74,35.0,372.89,54.0,364.21,7.390000000000043,216.0,119.0,1.124153014492899,360.52,367.91,335,97.0,7.0,0.29,359.5,
07:48:02,362.52,307.0,367.0,39.0,359.98,49.0,372.74,54.0,364.76,4.480000000000018,356.0,93.0,1.203029509194846,362.52,367.0,449,263.0,114.0,0.59,362.0,2.0
07:48:03,363.0,276.0,366.5,36.0,360.0,48.0,373.0,58.0,364.75,3.5,324.0,94.0,1.345354971743295,363.0,366.5,418,230.0,-31.0,0.55,362.0,
07:48:04,363.0,312.0,365.18,22.0,360.0,56.0,368.09,46.0,364.09,2.180000000000007,368.0,68.0,0.9377526326251155,363.0,365.18,436,300.0,18.0,0.69,363.0,3.0
07:48:05,363.0,233.0,365.33,36.0,360.0,48.0,371.5,48.0,364.17,2.329999999999984,281.0,84.0,0.3305752561764069,363.0,365.33,365,197.0,-71.0,0.54,363.0,1.0
07:48:06,363.0,228.0,370.33,45.0,360.0,48.0,373.69,52.0,366.67,7.329999999999984,276.0,97.0,1.044423285836372,363.0,370.33,373,179.0,8.0,0.48,363.0,3.0
07:48:07,362.1,91.0,364.31,64.0,360.69,71.0,369.06,64.0,363.21,2.2099999999999795,162.0,128.0,1.292485976711752,362.1,364.31,290,34.0,-83.0,0.12,363.0,
07:48:08,361.27,75.0,369.38,64.0,360.36,69.0,376.6,75.0,365.32,8.110000000000014,144.0,139.0,1.3358592740243262,361.27,369.38,283,5.0,-7.0,0.02,363.0,4.0
07:48:09,361.0,40.0,375.85,33.0,360.0,32.0,378.84,38.0,368.42,14.850000000000025,72.0,71.0,2.056932181672217,361.0,375.85,143,1.0,-140.0,0.01,363.0,
07:48:10,361.0,45.0,379.0,45.0,360.0,36.0,381.0,45.0,370.0,18.0,81.0,90.0,2.6424855723355494,361.0,379.0,171,-9.0,28.0,-0.05,363.0,
07:48:11,361.0,35.0,378.45,29.0,360.0,28.0,380.14,35.0,369.72,17.44999999999999,63.0,64.0,2.959878375880169,361.0,378.45,127,-1.0,-44.0,-0.01,363.0,
07:48:12,360.56,54.0,376.36,66.0,359.8,30.0,379.47,53.0,368.46,15.800000000000011,84.0,119.0,1.856846789588599,360.56,376.36,203,-35.0,76.0,-0.17,361.0,5.0
07:48:13,360.0,48.0,371.71,58.0,359.0,12.0,376.13,38.0,365.85,11.70999999999998,60.0,96.0,1.6407620180896838,360.0,371.71,156,-36.0,-47.0,-0.23,361.0,
07:48:14,360.0,48.0,369.25,60.0,359.0,12.0,377.0,69.0,364.62,9.25,60.0,129.0,2.3902091958663387,360.0,369.25,189,-69.0,33.0,-0.37,361.0,
07:48:15,360.0,56.0,367.57,14.0,359.0,14.0,369.0,70.0,363.79,7.569999999999993,70.0,84.0,2.525385119145433,360.0,367.57,154,-14.0,-35.0,-0.09,361.0,
07:48:16,360.0,56.0,365.85,40.0,359.0,14.0,367.6,48.0,362.93,5.850000000000023,70.0,88.0,2.15075568114978,360.0,365.85,158,-18.0,4.0,-0.11,361.0,
07:48:17,360.0,36.0,362.63,19.0,359.0,9.0,363.96,27.0,361.32,2.6299999999999955,45.0,46.0,1.7127667675415903,360.0,362.63,91,-1.0,-67.0,-0.01,361.0,
07:48:18,359.5,22.0,360.79,19.0,358.31,16.0,367.63,46.0,360.14,1.2900000000000205,38.0,65.0,1.822594304828197,359.5,360.79,103,-27.0,12.0,-0.26,360.0,4.0
07:48:19,359.93,60.0,360.56,18.0,358.67,12.0,373.73,22.0,360.24,0.6299999999999955,72.0,40.0,1.627061768953499,359.93,360.56,112,32.0,9.0,0.29,360.0,4.0
07:48:20,360.0,94.0,367.83,35.0,359.0,15.0,375.36,22.0,363.91,7.829999999999984,109.0,57.0,1.66630429393618,360.0,367.83,166,52.0,54.0,0.31,360.0,1.0
07:48:21,360.0,72.0,364.17,48.0,358.92,12.0,375.4,20.0,362.08,4.170000000000016,84.0,68.0,1.5497483666678753,360.0,364.17,152,16.0,-14.0,0.11,360.0,
07:48:22,360.0,78.0,374.62,26.0,358.0,35.0,377.0,13.0,367.31,14.620000000000005,113.0,39.0,2.987445396989295,360.0,374.62,152,74.0,0.0,0.49,360.0,
07:48:23,359.85,80.0,374.0,45.0,357.66,47.0,379.0,90.0,366.93,14.149999999999975,127.0,135.0,3.0548698826620475,359.85,374.0,262,-8.0,110.0,-0.03,360.0,6.0
07:48:24,359.93,83.0,374.0,33.0,357.76,34.0,379.0,66.0,366.96,14.069999999999991,117.0,99.0,2.326901373070783,359.93,374.0,216,18.0,-46.0,0.08,360.0,
07:48:25,360.0,72.0,374.0,27.0,358.0,27.0,378.8,45.0,367.0,14.0,99.0,72.0,2.22785322676341,360.0,374.0,171,27.0,-45.0,0.16,360.0,
07:48:26,360.0,70.0,374.0,24.0,358.0,24.0,378.0,24.0,367.0,14.0,94.0,48.0,0.1537855650001158,360.0,374.0,142,46.0,-29.0,0.32,360.0,
07:48:27,360.0,110.0,373.96,28.0,358.0,30.0,377.6,30.0,366.98,13.95999999999998,140.0,58.0,0.0296647939862955,360.0,373.96,198,82.0,56.0,0.41,360.0,
07:48:28,360.0,187.0,371.62,32.0,358.0,51.0,373.78,46.0,365.81,11.620000000000005,238.0,78.0,0.5257375771254535,360.0,371.62,316,160.0,118.0,0.51,360.0,
07:48:29,360.45,141.0,369.7,27.0,359.61,109.0,370.96,48.0,365.08,9.25,250.0,75.0,0.8864987309640576,360.45,369.7,325,175.0,9.0,0.54,360.0,
07:48:30,361.0,168.0,368.13,39.0,360.0,169.0,369.2,75.0,364.56,7.129999999999996,337.0,114.0,1.1013083128714412,361.0,368.13,451,223.0,126.0,0.49,360.0,
07:48:31,362.0,104.0,364.84,31.0,360.0,65.0,368.47,34.0,363.42,2.839999999999975,169.0,65.0,1.3349531826989414,362.0,364.84,234,104.0,-182.5,0.44,360.0,
07:48:32,362.0,81.0,363.0,44.0,360.0,55.0,370.45,11.0,362.5,1.0,136.0,55.0,1.319765130618297,362.0,363.0,191,81.0,-43.0,0.42,362.0,1.0
07:48:33,362.0,70.0,368.57,49.0,360.0,70.0,379.0,38.0,365.29,6.569999999999993,140.0,87.0,1.1817360111275692,362.0,368.57,227,53.0,36.0,0.23,362.0,4.0
07:48:34,362.0,27.0,374.88,32.0,360.0,45.0,378.67,27.0,368.44,12.879999999999995,72.0,59.0,2.276668618837018,362.0,374.88,131,13.0,-96.0,0.1,362.0,
07:48:35,362.0,24.0,372.5,32.0,360.0,40.0,376.0,21.0,367.25,10.5,64.0,53.0,2.500229989420673,362.0,372.5,117,11.0,-14.0,0.09,362.0,
07:48:36,362.0,33.0,371.0,44.0,360.0,55.0,374.33,12.0,366.5,9.0,88.0,56.0,2.2649569532333107,362.0,371.0,144,32.0,27.0,0.22,362.0,
07:48:37,362.0,30.0,370.9,40.0,360.0,50.0,374.0,10.0,366.45,8.899999999999977,80.0,50.0,1.160142232660176,362.0,370.9,130,30.0,-14.0,0.23,362.0,
07:48:38,362.0,30.0,370.0,40.0,360.0,50.0,374.0,22.0,366.0,8.0,80.0,62.0,0.9569064740099114,362.0,370.0,142,18.0,12.0,0.13,362.0,
07:48:39,361.83,46.0,367.93,60.0,359.99,71.0,374.0,57.0,364.88,6.100000000000023,117.0,117.0,0.871223277926203,361.83,367.93,234,0.0,92.0,0.0,361.5,4.0
07:48:40,360.0,32.0,365.7,54.0,359.0,13.0,373.0,32.0,362.85,5.699999999999989,45.0,86.0,1.5350016286631236,360.0,365.7,131,-41.0,-103.0,-0.31,360.0,2.0
07:48:41,360.0,16.0,364.88,32.0,359.0,8.0,369.0,8.0,362.44,4.879999999999996,24.0,40.0,1.813843984469617,360.0,364.88,64,-16.0,-67.0,-0.25,360.0,
07:48:42,360.0,19.0,363.45,44.0,359.0,11.0,374.0,11.0,361.73,3.4499999999999886,30.0,55.0,1.7889522072974742,360.0,363.45,85,-25.0,21.0,-0.29,360.0,1.0
07:48:43,357.84,25.0,362.45,62.0,355.03,34.0,371.82,34.0,360.15,4.610000000000014,59.0,96.0,1.7223094959942444,357.84,362.45,155,-37.0,70.0,-0.24,358.67,3.0
07:48:44,354.0,33.0,360.53,30.0,353.0,66.0,361.22,36.0,357.27,6.529999999999973,99.0,66.0,2.269453678749275,354.0,360.53,165,33.0,10.0,0.2,358.67,
07:48:45,355.31,64.0,359.44,32.0,353.91,44.0,361.0,64.0,357.38,4.129999999999996,108.0,96.0,2.401776425895258,355.31,359.44,204,12.0,39.0,0.06,358.67,
07:48:46,356.0,60.0,358.1,40.0,354.0,100.0,360.15,54.0,357.05,2.1000000000000227,160.0,94.0,2.109023470704834,356.0,358.1,254,66.0,50.0,0.26,356.0,2.0
07:48:47,355.84,61.0,366.98,60.0,353.54,158.0,372.9,61.0,361.41,11.140000000000043,219.0,121.0,1.9965520278679707,355.84,366.9800000000001,340,98.0,86.0,0.29,356.0,2.0
07:48:48,357.0,28.0,366.14,28.0,354.0,98.0,367.73,30.0,361.57,9.139999999999986,126.0,58.0,2.335183076331337,357.0,366.14,184,68.0,-156.0,0.37,356.0,
07:48:49,357.24,21.0,365.0,24.0,354.26,69.0,367.0,24.0,361.12,7.759999999999991,90.0,48.0,2.282658537755005,357.24,365.0,138,42.0,-46.0,0.3,356.0,
07:48:50,359.0,14.0,364.67,30.0,357.0,28.0,365.95,38.0,361.83,5.670000000000016,42.0,68.0,1.9989197082393184,359.0,364.67,110,-26.0,-28.0,-0.24,356.0,
07:48:51,357.17,35.0,361.96,52.0,354.15,118.0,363.12,48.0,359.57,4.789999999999964,153.0,100.0,0.8931965069281114,357.17,361.96,253,53.0,143.0,0.21,359.0,1.0
07:48:52,358.21,106.0,360.0,30.0,354.48,75.0,361.14,56.0,359.1,1.7900000000000205,181.0,86.0,1.2275870641170832,358.2099999999999,360.0,267,95.0,14.0,0.36,359.0,4.0
07:48:53,359.3,165.0,361.95,38.0,357.0,38.0,373.71,79.0,360.62,2.6499999999999773,203.0,117.0,1.1156926099904083,359.3,361.95,320,86.0,53.0,0.27,359.0,5.0
07:48:54,359.25,88.0,367.0,31.0,356.4,35.0,374.2,41.0,363.12,7.75,123.0,72.0,1.6482627217734611,359.25,367.0,195,51.0,-125.0,0.26,361.0,2.0
07:48:55,358.0,55.0,371.0,11.0,357.0,22.0,374.0,33.0,364.5,13.0,77.0,44.0,2.335277285460808,358.0,371.0,121,33.0,-74.0,0.27,361.0,
07:48:56,358.67,75.0,371.0,15.0,357.0,30.0,374.0,45.0,364.83,12.329999999999984,105.0,60.0,2.494289477985939,358.67,371.0,165,45.0,44.0,0.27,361.0,
07:48:57,354.7,53.0,369.71,34.0,350.24,108.0,372.44,32.0,362.2,15.009999999999993,161.0,66.0,1.7250449269490646,354.7,369.71,227,95.0,62.0,0.42,357.1,10.0
07:48:58,349.0,13.0,368.82,44.0,345.0,117.0,369.53,34.0,358.91,19.819999999999997,130.0,78.0,2.375219989809782,349.0,368.82,208,52.0,-19.0,0.25,357.1,
07:48:59,352.0,67.0,359.9,30.0,349.0,19.0,366.08,53.0,355.95,7.899999999999977,86.0,83.0,3.8027319127160513,352.0,359.9,169,3.0,-39.0,0.02,352.6,5.0
07:49:00,351.43,40.0,354.21,33.0,345.28,87.0,362.8,15.0,352.82,2.7799999999999727,127.0,48.0,4.788399523847628,351.43,354.21,175,79.0,6.0,0.45,353.0,2.0
07:49:01,351.0,9.0,355.7,23.0,345.0,81.0,359.67,9.0,353.35,4.699999999999989,90.0,32.0,3.935699429577843,351.0,355.7,122,58.0,-53.0,0.48,353.0,
07:49:02,351.0,8.0,354.94,18.0,345.0,72.0,361.0,8.0,352.97,3.9399999999999977,80.0,26.0,2.6261378486240075,351.0,354.94,106,54.0,-16.0,0.51,355.0,2.0
07:49:03,351.0,11.0,355.91,11.0,345.0,99.0,362.09,11.0,353.45,4.910000000000025,110.0,22.0,1.2800859346048556,351.0,355.91,132,88.0,26.0,0.67,354.0,1.0
07:49:04,351.0,10.0,365.0,20.0,345.0,90.0,366.0,30.0,358.0,14.0,100.0,50.0,2.185673809143096,351.0,365.0,150,50.0,18.0,0.33,354.0,
07:49:05,345.1,119.0,363.71,51.0,344.12,148.0,364.57,35.0,354.4,18.60999999999996,267.0,86.0,2.0618026093626827,345.1,363.71,353,181.0,181.5,0.51,351.0,1.0
07:49:06,350.6,134.0,360.45,22.0,346.15,163.0,362.32,34.0,355.53,9.849999999999966,297.0,56.0,2.004981296664818,350.6,360.45,353,241.0,0.0,0.68,351.0,3.0
07:49:07,351.0,102.0,354.76,17.0,347.0,139.0,355.79,19.0,352.88,3.759999999999991,241.0,36.0,2.0265907332206337,351.0,354.76,277,205.0,-76.0,0.74,351.0,3.0
07:49:08,351.65,51.0,352.9,40.0,345.72,138.0,362.6,60.0,352.27,1.25,189.0,100.0,2.283140381136309,351.65,352.9,289,89.0,12.0,0.31,351.5,2.0
07:49:09,352.0,33.0,359.17,35.0,344.0,117.0,368.94,64.0,355.59,7.170000000000016,150.0,99.0,1.51546362542101,352.0,359.17,249,51.0,-40.0,0.2,352.67,3.0
07:49:10,353.14,14.0,365.0,33.0,346.98,43.0,371.0,77.0,359.07,11.860000000000014,57.0,110.0,2.6980585612577666,353.14,365.0,167,-53.0,-82.0,-0.32,352.67,
07:49:11,357.5,20.0,365.0,30.0,354.67,15.0,371.0,70.0,361.25,7.5,35.0,100.0,3.891596073589725,357.5,365.0,135,-65.0,-32.0,-0.48,352.67,
07:49:12,357.94,17.0,365.0,36.0,354.59,17.0,371.0,84.0,361.47,7.060000000000002,34.0,120.0,3.948569361171595,357.94,365.0,154,-86.0,19.0,-0.56,358.33,3.0
07:49:13,357.0,24.0,365.0,42.0,355.0,12.0,371.0,69.0,361.0,8.0,36.0,111.0,2.4754555136352656,357.0,365.0,147,-75.0,-7.0,-0.51,358.33,
07:49:14,357.0,16.0,365.0,24.0,355.0,8.0,371.0,16.0,361.0,8.0,24.0,40.0,0.9637790203100526,357.0,365.0,64,-16.0,-83.0,-0.25,358.33,
07:49:15,357.0,8.0,365.0,12.0,355.0,4.0,371.0,12.0,361.0,8.0,12.0,24.0,0.2119669785385265,357.0,365.0,36,-12.0,-28.0,-0.33,358.33,
07:49:16,357.0,10.0,365.0,15.0,355.0,5.0,371.0,15.0,361.0,8.0,15.0,30.0,0.2101903898626747,357.0,365.0,45,-15.0,9.0,-0.33,358.33,
07:49:17,354.6,10.0,365.0,24.0,350.5,12.0,371.0,24.0,359.8,10.399999999999975,22.0,48.0,0.5366563145903941,354.6,365.0,70,-26.0,25.0,-0.37,355.75,4.0
07:49:18,353.57,14.0,365.0,21.0,347.05,19.0,371.0,21.0,359.29,11.430000000000009,33.0,42.0,0.8170801674186102,353.57,365.0,75,-9.0,5.0,-0.12,355.75,
07:49:19,360.0,12.0,365.0,18.0,346.83,24.0,371.0,18.0,362.5,5.0,36.0,36.0,1.2466434935416053,360.0,365.0,72,0.0,-3.0,0.0,355.75,
07:49:20,360.0,22.0,366.44,39.0,346.0,55.0,396.89,35.0,363.22,6.439999999999998,77.0,74.0,1.689029307025434,360.0,366.44,151,3.0,79.0,0.02,355.75,
07:49:21,360.0,20.0,365.0,50.0,354.33,98.0,371.0,21.0,362.5,5.0,118.0,71.0,1.7836255212324148,360.0,365.0,189,47.0,38.0,0.25,355.75,
07:49:22,358.0,144.0,365.0,45.0,346.0,45.0,371.0,18.0,361.5,7.0,189.0,63.0,1.5318681405370684,358.0,365.0,252,126.0,63.0,0.5,359.33,3.0
07:49:23,358.0,160.0,365.0,50.0,346.0,50.0,371.0,20.0,361.5,7.0,210.0,70.0,0.740054052075716,358.0,365.0,280,140.0,28.0,0.5,359.33,
07:49:24,358.33,48.0,365.0,50.0,357.13,138.0,371.0,20.0,361.67,6.670000000000016,186.0,70.0,0.7610650432080356,358.33,365.0,256,116.0,-24.0,0.45,359.33,
07:49:25,359.0,12.0,365.0,30.0,358.0,96.0,371.0,12.0,362.0,6.0,108.0,42.0,0.4245939236406765,359.0,365.0,150,66.0,-106.0,0.44,359.33,
07:49:26,359.0,8.0,365.0,20.0,358.0,64.0,371.0,8.0,362.0,6.0,72.0,28.0,0.2525470253087875,359.0,365.0,100,44.0,-50.0,0.44,359.33,
07:49:27,359.0,10.0,365.0,25.0,358.0,80.0,371.0,10.0,362.0,6.0,90.0,35.0,0.2351169921392076,359.0,365.0,125,55.0,25.0,0.44,359.33,
07:49:28,359.0,4.0,365.0,15.0,358.0,48.0,371.0,6.0,362.0,6.0,52.0,21.0,0.1475804864907856,359.0,365.0,73,31.0,-52.0,0.42,359.0,1.0
07:49:29,359.0,7.0,364.87,23.0,358.0,112.0,367.09,23.0,361.93,5.8700000000000045,119.0,46.0,0.0313049515731294,359.0,364.87,165,73.0,92.0,0.44,359.0,
07:49:30,358.05,152.0,362.69,26.0,356.74,145.0,363.53,62.0,360.37,4.639999999999986,297.0,88.0,0.7217686609933558,358.05,362.69,385,209.0,181.5,0.54,359.0,
07:49:31,358.23,103.0,362.0,13.0,357.89,133.0,363.0,52.0,360.12,3.769999999999982,236.0,65.0,0.9530110177700756,358.23,362.0,301,171.0,-84.0,0.57,358.75,4.0
07:49:32,356.96,28.0,362.0,14.0,349.69,29.0,363.0,56.0,359.48,5.0400000000000205,57.0,70.0,1.1296680928440157,356.96,362.0,127,-13.0,-174.0,-0.1,358.75,
07:49:33,356.9,10.0,362.8,25.0,355.0,10.0,366.89,45.0,359.85,5.900000000000034,20.0,70.0,0.9429475064862765,356.9,362.8,90,-50.0,-37.0,-0.56,362.0,1.0
07:49:34,357.0,12.0,362.0,48.0,355.0,12.0,369.5,60.0,359.5,5.0,24.0,108.0,0.3878530649452134,357.0,362.0,132,-84.0,42.0,-0.64,362.0,
07:49:35,357.0,6.0,361.33,24.0,355.0,6.0,367.5,30.0,359.17,4.329999999999984,12.0,54.0,0.3671920478261533,357.0,361.33,66,-42.0,-66.0,-0.64,362.0,
07:49:36,359.67,27.0,362.33,66.0,356.96,23.0,366.07,54.0,361.0,2.659999999999968,50.0,120.0,0.7127061105303012,359.67,362.33,170,-70.0,104.0,-0.41,359.0,1.0
07:49:37,361.0,84.0,364.83,54.0,358.0,12.0,367.25,24.0,362.92,3.829999999999984,96.0,78.0,1.5245556729713496,361.0,364.83,174,18.0,4.0,0.1,359.0,
07:49:38,361.0,134.0,363.44,48.0,358.0,16.0,364.61,70.0,362.22,2.4399999999999977,150.0,118.0,1.64061573806617,361.0,363.44,268,32.0,94.0,0.12,359.0,
07:49:39,360.45,77.0,363.35,31.0,354.57,28.0,367.78,49.0,361.9,2.900000000000034,105.0,80.0,1.445413435661791,360.45,363.35,185,25.0,-83.0,0.14,359.07,14.0
07:49:40,357.54,13.0,366.67,21.0,354.42,24.0,369.14,21.0,362.1,9.129999999999995,37.0,42.0,0.6911729161310689,357.54,366.67,79,-5.0,-106.0,-0.06,359.07,
07:49:41,350.22,18.0,365.18,22.0,348.93,15.0,368.0,11.0,357.7,14.95999999999998,33.0,33.0,2.086125595449959,350.22,365.18,66,0.0,-13.0,0.0,356.0,3.0
07:49:42,346.36,22.0,352.87,15.0,340.17,92.0,365.11,27.0,349.62,6.509999999999991,114.0,42.0,5.423017610148845,346.36,352.87,156,72.0,90.0,0.46,356.0,
07:49:43,349.0,48.0,351.0,8.0,340.02,99.0,365.0,16.0,350.0,2.0,147.0,24.0,6.14951054962734,349.0,351.0,171,123.0,15.0,0.72,356.0,
07:49:44,349.0,72.0,362.93,28.0,340.58,168.0,367.55,31.0,355.96,13.930000000000009,240.0,59.0,5.304175713527487,349.0,362.93,299,181.0,128.0,0.61,350.33,3.0
07:49:45,361.0,12.0,369.78,37.0,353.5,36.0,370.94,47.0,365.39,8.779999999999973,48.0,84.0,6.469434287476482,361.0,369.78,132,-36.0,-167.0,-0.27,350.33,
07:49:46,361.0,13.0,368.0,52.0,358.0,26.0,371.29,21.0,364.5,7.0,39.0,73.0,7.601709018370794,361.0,368.0,112,-34.0,-20.0,-0.3,350.33,
07:49:47,361.3,10.0,368.0,32.0,358.2,15.0,373.0,8.0,364.65,6.699999999999989,25.0,40.0,6.840983116481686,361.3,368.0,65,-15.0,-47.0,-0.23,350.33,
07:49:48,362.0,33.0,368.0,44.0,361.0,11.0,373.18,11.0,365.0,6.0,44.0,55.0,4.006126558160013,362.0,368.0,99,-11.0,34.0,-0.11,350.33,
07:49:49,362.73,33.0,368.0,44.0,361.0,11.0,374.18,33.0,365.36,5.269999999999982,44.0,77.0,0.4037945021909439,362.73,368.0,121,-33.0,22.0,-0.27,350.33,
07:49:50,363.0,27.0,368.0,36.0,361.0,9.0,374.0,27.0,365.5,5.0,36.0,63.0,0.433612730440069,363.0,368.0,99,-27.0,-22.0,-0.27,350.33,
07:49:51,363.0,21.0,368.0,28.0,361.0,7.0,374.0,21.0,365.5,5.0,28.0,49.0,0.3701621266420931,363.0,368.0,77,-21.0,-22.0,-0.27,350.33,
07:49:52,363.0,21.0,368.0,28.0,361.0,7.0,374.0,21.0,365.5,5.0,28.0,49.0,0.2166102490664371,363.0,368.0,77,-21.0,0.0,-0.27,350.33,
07:49:53,357.7,23.0,368.0,32.0,351.64,25.0,374.0,24.0,362.85,10.300000000000011,48.0,56.0,1.171033731367078,357.7,368.0,104,-8.0,27.0,-0.08,360.44,9.0
07:49:54,349.95,44.0,363.38,26.0,347.82,132.0,369.38,52.0,356.67,13.430000000000009,176.0,78.0,3.8286198557698334,349.95,363.38,254,98.0,150.0,0.39,360.44,
07:49:55,352.0,8.0,368.0,26.0,351.0,48.0,372.85,26.0,360.0,16.0,56.0,52.0,3.7939860305478543,352.0,368.0,108,4.0,-146.0,0.04,360.44,
07:49:56,354.81,32.0,370.0,36.0,349.4,83.0,375.0,27.0,362.41,15.189999999999998,115.0,63.0,3.325226308086525,354.81,370.0,178,52.0,70.0,0.29,360.44,
07:49:57,361.0,18.0,370.0,36.0,352.83,58.0,375.0,27.0,365.5,9.0,76.0,63.0,3.325226308086525,361.0,370.0,139,13.0,-39.0,0.09,360.44,
07:49:58,361.0,16.0,369.57,35.0,356.0,48.0,372.22,23.0,365.29,8.569999999999993,64.0,58.0,3.72986997092284,361.0,369.57,122,6.0,-17.0,0.05,360.44,
07:49:59,361.0,41.0,368.1,100.0,356.0,120.0,372.9,63.0,364.55,7.100000000000023,161.0,163.0,2.330890387812325,361.0,368.1,324,-2.0,181.5,-0.01,360.44,
07:50:00,361.0,32.0,366.31,49.0,346.56,132.0,369.82,67.0,363.65,5.310000000000002,164.0,116.0,1.2723207142846251,361.0,366.31,280,48.0,-44.0,0.17,360.44,
07:50:01,361.0,28.0,364.48,52.0,355.0,70.0,365.25,60.0,362.74,3.480000000000018,98.0,112.0,1.154136040507317,361.0,364.48,210,-14.0,-70.0,-0.07,360.44,
07:50:02,356.85,65.0,362.37,59.0,354.58,86.0,363.04,69.0,359.61,5.519999999999982,151.0,128.0,2.207242623726471,356.85,362.37,279,23.0,69.0,0.08,361.0,2.0
07:50:03,354.79,95.0,356.95,64.0,349.91,110.0,358.82,44.0,355.87,2.159999999999968,205.0,108.0,3.553108498201269,354.79,356.95,313,97.0,34.0,0.31,355.0,5.0
07:50:04,351.57,37.0,356.36,44.0,344.97,122.0,360.43,14.0,353.97,4.7900000000000205,159.0,58.0,4.211261093779934,351.57,356.36,217,101.0,-96.0,0.47,354.0,4.0
07:50:05,345.0,138.0,355.23,26.0,343.0,38.0,362.41,41.0,350.12,10.230000000000018,176.0,67.0,4.901649722285131,345.0,355.23,243,109.0,26.0,0.45,345.0,4.0
07:50:06,345.0,96.0,351.29,70.0,343.0,32.0,354.29,42.0,348.14,6.2900000000000205,128.0,112.0,4.563854730375495,345.0,351.29,240,16.0,-3.0,0.07,345.0,
07:50:07,345.86,84.0,351.0,70.0,344.5,56.0,353.0,24.0,348.43,5.139999999999986,140.0,94.0,3.450670949245243,345.86,351.0,234,46.0,-6.0,0.2,345.0,
07:50:08,348.0,60.0,351.0,50.0,344.93,56.0,353.0,10.0,349.5,3.0,116.0,60.0,2.342257458086484,348.0,351.0,176,56.0,-58.0,0.32,345.0,
07:50:09,343.16,98.0,351.37,43.0,338.61,82.0,353.53,15.0,347.27,8.20999999999998,180.0,58.0,1.127772140087813,343.16,351.37,238,122.0,62.0,0.51,351.0,5.0
07:50:10,339.0,8.0,353.0,8.0,338.0,72.0,354.0,8.0,346.0,14.0,80.0,16.0,1.3134192019138982,339.0,353.0,96,64.0,-142.0,0.67,351.0,
07:50:11,339.82,11.0,352.0,44.0,338.55,99.0,353.0,11.0,345.91,12.180000000000009,110.0,55.0,1.5544677545561882,339.82,352.0,165,55.0,69.0,0.33,351.0,
07:50:12,340.82,44.0,352.0,42.0,339.04,75.0,353.0,11.0,346.41,11.180000000000009,119.0,53.0,1.4880759389069806,340.82,352.0,172,66.0,7.0,0.38,352.0,1.0
07:50:13,344.05,229.0,352.4,60.0,342.23,31.0,355.86,28.0,348.22,8.349999999999966,260.0,88.0,0.976509088515438,344.05,352.4,348,172.0,176.0,0.49,352.0,5.0
07:50:14,346.37,130.0,360.88,48.0,345.57,70.0,361.81,32.0,353.62,14.509999999999993,200.0,80.0,3.2605168301906926,346.37,360.88,280,120.0,-68.0,0.43,352.0,
07:50:15,354.35,46.0,360.15,26.0,347.0,72.0,361.44,27.0,357.25,5.7999999999999545,118.0,53.0,4.9511079568075465,354.35,360.15,171,65.0,-109.0,0.38,352.0,
07:50:16,356.0,168.0,359.43,28.0,355.0,84.0,363.12,32.0,357.71,3.430000000000007,252.0,60.0,5.154286565565543,356.0,359.43,312,192.0,141.0,0.62,358.0,2.0
07:50:17,356.91,132.0,363.64,22.0,353.0,66.0,365.0,33.0,360.27,6.729999999999961,198.0,55.0,4.668921717053849,356.91,363.64,253,143.0,-59.0,0.57,358.0,
07:50:18,357.3,104.0,364.79,38.0,355.43,70.0,366.43,42.0,361.04,7.490000000000009,174.0,80.0,2.9250247862170844,357.30000000000007,364.79,254,94.0,1.0,0.37,358.0,
07:50:19,358.82,88.0,363.56,18.0,358.25,40.0,365.12,48.0,361.19,4.740000000000009,128.0,66.0,1.8766246294847024,358.82,363.56,194,62.0,-60.0,0.32,359.0,8.0
07:50:20,359.84,87.0,361.43,14.0,357.98,92.0,369.79,42.0,360.63,1.5900000000000318,179.0,56.0,1.4204295125033473,359.84,361.43,235,123.0,41.0,0.52,360.0,8.0
07:50:21,358.3,40.0,361.0,11.0,357.06,17.0,375.0,33.0,359.65,2.6999999999999886,57.0,44.0,0.6213533616160604,358.3,361.0,101,13.0,-134.0,0.13,358.0,4.0
07:50:22,359.0,52.0,361.0,13.0,358.0,39.0,367.51,47.0,360.0,2.0,91.0,60.0,0.6627744714391406,359.0,361.0,151,31.0,50.0,0.21,358.0,
07:50:23,359.0,52.0,360.23,13.0,358.0,39.0,364.0,52.0,359.62,1.2300000000000182,91.0,65.0,0.6786530777876576,359.0,360.23,156,26.0,5.0,0.17,358.0,
07:50:24,359.0,52.0,362.81,37.0,358.0,39.0,365.32,50.0,360.91,3.8100000000000014,91.0,87.0,0.5832409450566025,359.0,362.81,178,4.0,22.0,0.02,358.0,
07:50:25,359.0,40.0,361.0,30.0,358.0,30.0,364.0,40.0,360.0,2.0,70.0,70.0,0.5216608093293887,359.0,361.0,140,0.0,-38.0,0.0,358.0,
07:50:26,359.0,44.0,360.91,33.0,357.57,42.0,364.82,44.0,359.95,1.910000000000025,86.0,77.0,0.4819024797511848,359.0,360.91,163,9.0,23.0,0.06,358.0,
07:50:27,359.0,18.0,364.07,59.0,358.0,45.0,366.73,60.0,361.53,5.069999999999993,63.0,119.0,0.7918143721801726,359.0,364.07,182,-56.0,19.0,-0.31,359.0,3.0
07:50:28,358.28,25.0,364.0,52.0,357.37,57.0,369.42,76.0,361.14,5.720000000000027,82.0,128.0,0.7033704571503042,358.28,364.0,210,-46.0,28.0,-0.22,359.0,
07:50:29,358.0,54.0,362.78,72.0,357.0,108.0,370.89,111.0,360.39,4.779999999999973,162.0,183.0,0.7041093664989553,358.0,362.78,345,-21.0,135.0,-0.06,359.0,
07:50:30,358.0,48.0,359.88,64.0,357.0,96.0,371.67,144.0,358.94,1.8799999999999957,144.0,208.0,1.0195832481906573,358.0,359.88,352,-64.0,7.0,-0.18,359.0,
07:50:31,357.89,37.0,359.0,48.0,356.97,67.0,371.0,36.0,358.45,1.1100000000000136,104.0,84.0,1.348906964912789,357.89,359.0,188,20.0,-164.0,0.11,357.6,5.0
07:50:32,354.75,16.0,358.69,52.0,340.1,145.0,370.69,39.0,356.72,3.9399999999999977,161.0,91.0,1.727301363395434,354.75,358.69,252,70.0,64.0,0.28,356.6,5.0
07:50:33,354.98,153.0,357.93,40.0,343.5,40.0,369.0,39.0,356.45,2.9499999999999886,193.0,79.0,1.6323755695259947,354.98,357.93,272,114.0,20.0,0.42,357.25,4.0
07:50:34,356.3,138.0,369.0,20.0,356.38,87.0,372.57,47.0,362.65,12.699999999999989,225.0,67.0,2.48438523582524,356.3,369.0,292,158.0,20.0,0.54,357.25,
07:50:35,360.81,48.0,367.36,33.0,359.0,240.0,370.64,22.0,364.09,6.550000000000011,288.0,55.0,3.4991456100009537,360.81,367.36,343,233.0,51.0,0.68,357.25,
07:50:36,361.0,54.0,365.41,39.0,359.0,270.0,369.04,24.0,363.21,4.410000000000025,324.0,63.0,3.72386627042262,361.0,365.41,387,261.0,44.0,0.67,357.25,
07:50:37,362.0,38.0,363.54,26.0,359.33,144.0,367.57,14.0,362.77,1.5400000000000205,182.0,40.0,3.062365099068742,362.0,363.54,222,142.0,-165.0,0.64,362.0,2.0
07:50:38,359.21,71.0,366.0,13.0,356.55,147.0,374.23,13.0,362.61,6.7900000000000205,218.0,26.0,0.6200645127704194,359.21,366.0,244,192.0,22.0,0.79,359.33,9.0
07:50:39,359.0,84.0,366.0,12.0,354.0,108.0,374.0,12.0,362.5,7.0,192.0,24.0,0.6482129279774794,359.0,366.0,216,168.0,-28.0,0.78,359.33,
07:50:40,359.0,41.0,366.0,8.0,354.0,72.0,374.0,8.0,362.5,7.0,113.0,16.0,0.2964287435394604,359.0,366.0,129,97.0,-87.0,0.75,359.0,3.0
07:50:41,359.0,20.0,366.0,5.0,354.0,45.0,374.0,5.0,362.5,7.0,65.0,10.0,0.1184483009420354,359.0,366.0,75,55.0,-54.0,0.73,359.0,
07:50:42,354.3,67.0,366.0,8.0,351.38,16.0,374.0,8.0,360.15,11.699999999999989,83.0,16.0,1.0643166821932528,354.3,366.0,99,67.0,24.0,0.68,359.0,4.0
07:50:43,354.0,99.0,366.0,11.0,348.0,11.0,374.0,11.0,360.0,12.0,110.0,22.0,1.3292855223741906,354.0,366.0,132,88.0,33.0,0.67,359.0,
07:50:44,355.08,117.0,363.67,52.0,352.26,38.0,364.52,42.0,359.38,8.590000000000032,155.0,94.0,1.483468907659394,355.08,363.67,249,61.0,117.0,0.24,359.0,
07:50:45,361.0,45.0,363.31,29.0,354.0,117.0,364.21,56.0,362.16,2.3100000000000023,162.0,85.0,1.3974333615568235,361.0,363.31,247,77.0,-2.0,0.31,361.0,3.0
07:50:46,358.82,33.0,362.1,39.0,354.22,69.0,367.8,15.0,360.46,3.2800000000000296,102.0,54.0,1.0439827584740284,358.82,362.1,156,48.0,-91.0,0.31,361.0,3.0
07:50:47,357.5,54.0,362.8,20.0,354.62,72.0,371.47,34.0,360.15,5.300000000000011,126.0,54.0,1.0439827584740284,357.5,362.8,180,72.0,24.0,0.4,358.0,2.0
07:50:48,358.0,10.0,362.0,20.0,355.0,30.0,363.0,10.0,360.0,4.0,40.0,30.0,1.0439827584740284,358.0,362.0,70,10.0,-110.0,0.14,358.0,
07:50:49,358.0,13.0,361.23,26.0,355.0,39.0,363.0,13.0,359.62,3.230000000000018,52.0,39.0,0.9876335352706246,358.0,361.23,91,13.0,21.0,0.14,358.0,
07:50:50,356.29,21.0,361.52,23.0,354.43,63.0,368.68,19.0,358.9,5.229999999999961,84.0,42.0,0.5993996996909393,356.29,361.52,126,42.0,35.0,0.33,358.0,1.0
07:50:51,355.0,33.0,365.71,28.0,354.0,99.0,373.84,38.0,360.36,10.70999999999998,132.0,66.0,0.5740905851775916,355.0,365.71,198,66.0,72.0,0.33,358.0,
07:50:52,355.0,36.0,367.0,54.0,354.0,108.0,371.7,40.0,361.0,12.0,144.0,94.0,0.7875785675029152,355.0,367.0,238,50.0,40.0,0.21,358.0,
07:50:53,355.0,24.0,370.0,40.0,354.0,72.0,371.0,32.0,362.5,15.0,96.0,72.0,1.3785064381391432,355.0,370.0,168,24.0,-70.0,0.14,358.0,
07:50:54,355.0,24.0,369.31,16.0,354.0,72.0,370.21,38.0,362.16,14.310000000000002,96.0,54.0,1.450337891662577,355.0,369.31,150,42.0,-18.0,0.28,358.0,
