Time,Bid1_Price,Bid1_Volume,Ask1_Price,Ask1_Volume,Bid2_Price,Bid2_Volume,Ask2_Price,Ask2_Volume,Bid_Ask_Spread,Market_Depth_Bid,Market_Depth_Ask,Historical_Volatility,Weighted_Avg_Bid_Price,Weighted_Avg_Ask_Price,Total_volume,Cumulative_Volume_Difference,Total_Volume_Change_Corrected,Order_imbalance,Weighted_Avg_Price,Trade_Volume
07:30:04,79.6,10.0,128.0,3.0,33.4,10.0,0.0,0.0,48.400000000000006,20.0,3.0,,79.6,128.0,23,17.0,17.0,0.74,,
07:30:05,82.4,5.0,128.0,2.0,79.6,5.0,0.0,0.0,45.6,10.0,2.0,56.921393166365846,82.4,128.0,12,8.0,-11.0,0.67,,
07:30:06,87.0,12.0,110.35,17.0,86.0,12.0,111.72,18.0,23.349999999999994,24.0,35.0,55.74865451291179,87.0,110.35,59,-11.0,47.0,-0.19,,
07:30:07,88.79,28.0,107.0,50.0,86.73,22.0,109.0,20.0,18.209999999999997,50.0,70.0,44.896365443095725,88.79,107.0,120,-20.0,61.0,-0.17,,
07:30:08,94.75,40.0,105.59,27.0,89.79,39.0,106.26,61.0,10.840000000000003,79.0,88.0,3.2060053025532134,94.75,105.59000000000002,167,-9.0,47.0,-0.05,,
07:30:09,94.54,28.0,104.5,24.0,93.57,30.0,106.0,96.0,9.959999999999994,58.0,120.0,2.875216513586299,94.54,104.5,178,-62.0,11.0,-0.35,,
07:30:10,95.28,29.0,103.7,50.0,88.86,29.0,142.77,22.0,8.420000000000002,58.0,72.0,0.880539607286007,95.28,103.7,130,-14.0,-48.0,-0.11,100.0,8.0
07:30:11,96.1,100.0,101.5,10.0,95.0,30.0,103.0,50.0,5.400000000000006,130.0,60.0,0.8660427241189643,96.1,101.5,190,70.0,60.0,0.37,100.0,
07:30:12,97.03,72.0,102.95,41.0,95.98,41.0,108.19,37.0,5.920000000000002,113.0,78.0,0.5327569802446241,97.03,102.95,191,35.0,1.0,0.18,101.0,1.0
07:30:13,99.94,80.0,103.0,80.0,99.21,81.0,109.0,56.0,3.0600000000000023,161.0,136.0,0.9981132200303486,99.94,103.0,297,25.0,106.0,0.08,101.67,3.0
07:30:14,102.0,120.0,103.0,44.0,101.0,36.0,109.0,48.0,1.0,156.0,92.0,1.508194284566587,102.0,103.0,248,64.0,-49.0,0.26,103.0,2.0
07:30:15,103.1,49.0,109.0,36.0,101.06,31.0,167.33,18.0,5.900000000000006,80.0,54.0,2.780749898858085,103.1,109.0,134,26.0,-114.0,0.19,104.12,8.0
07:30:16,105.9,50.0,108.97,37.0,103.51,35.0,140.67,21.0,3.069999999999993,85.0,58.0,3.141122410858761,105.9,108.97,143,27.0,9.0,0.19,107.0,1.0
07:30:17,107.0,33.0,109.0,36.0,105.0,45.0,227.14,14.0,2.0,78.0,50.0,2.946382527778604,107.0,109.0,128,28.0,-15.0,0.22,107.0,1.0
07:30:18,107.83,36.0,109.0,32.0,106.09,33.0,322.5,16.0,1.1700000000000017,69.0,48.0,2.399003959979838,107.83,109.0,117,21.0,-11.0,0.18,107.0,
07:30:19,108.0,50.0,109.0,40.0,107.0,30.0,189.24,17.0,1.0,80.0,57.0,1.0045994226550496,108.0,109.0,137,23.0,20.0,0.17,107.0,
07:30:20,107.27,37.0,108.53,38.0,105.24,51.0,113.18,33.0,1.2600000000000051,88.0,71.0,0.4290920647120262,107.27,108.53000000000002,159,17.0,22.0,0.11,108.0,5.0
07:30:21,105.67,18.0,107.86,28.0,101.92,26.0,108.84,38.0,2.1899999999999977,44.0,66.0,0.6961896293387559,105.67,107.86,110,-22.0,-49.0,-0.2,105.86,7.0
07:30:22,98.9,50.0,106.82,44.0,95.35,51.0,108.21,42.0,7.9199999999999875,101.0,86.0,2.3564210150138534,98.9,106.82,187,15.0,77.0,0.08,103.86,7.0
07:30:23,98.67,24.0,108.0,28.0,96.33,27.0,109.0,14.0,9.329999999999998,51.0,42.0,2.6144597912377616,98.67,108.0,93,9.0,-94.0,0.1,103.86,
07:30:24,101.47,30.0,108.0,58.0,100.48,61.0,109.0,30.0,6.530000000000001,91.0,88.0,2.1726550577574564,101.47,108.0,179,3.0,86.0,0.02,108.0,2.0
07:30:25,103.53,19.0,108.0,16.0,102.19,26.0,109.0,16.0,4.469999999999999,45.0,32.0,1.630174837248777,103.53,108.0,77,13.0,-102.0,0.17,108.0,
07:30:26,104.0,22.0,108.0,22.0,102.03,33.0,109.0,22.0,4.0,55.0,44.0,1.4091238412570712,104.0,108.0,99,11.0,22.0,0.11,108.0,
07:30:27,105.0,22.0,108.0,22.0,102.47,38.0,109.0,22.0,3.0,60.0,44.0,1.259059172556645,105.0,108.0,104,16.0,5.0,0.15,108.0,
07:30:28,107.0,21.0,108.86,14.0,105.14,14.0,109.9,20.0,1.8599999999999997,35.0,34.0,1.170055554236183,107.0,108.86,69,1.0,-35.0,0.01,108.0,2.0
07:30:29,107.7,30.0,164.89,18.0,105.0,20.0,169.75,20.0,57.18999999999998,50.0,38.0,13.327851664840749,107.7,164.89,88,12.0,19.0,0.14,109.6,5.0
07:30:30,108.0,45.0,341.12,16.0,105.0,32.0,427.62,16.0,233.12,77.0,32.0,50.992168320243024,108.0,341.12,109,45.0,21.0,0.41,108.0,1.0
07:30:31,110.08,26.0,213.46,52.0,107.08,26.0,494.11,19.0,103.38,52.0,71.0,48.77059821244758,110.08,213.46,123,-19.0,14.0,-0.15,108.0,
07:30:32,106.33,18.0,323.0,36.0,104.11,18.0,464.0,36.0,216.67,36.0,72.0,50.06099959049951,106.33,323.0,108,-36.0,-15.0,-0.33,109.5,4.0
07:30:33,105.0,24.0,244.0,36.0,103.33,18.0,600.89,36.0,139.0,42.0,72.0,36.85426935919352,105.0,244.0,114,-30.0,6.0,-0.26,109.5,
07:30:35,109.0,44.0,257.18,38.0,105.0,49.0,326.49,39.0,148.18,93.0,77.0,63.56430759474994,109.0,257.18,170,16.0,27.0,0.09,109.5,
07:30:36,109.0,48.0,110.0,42.0,105.29,28.0,203.26,38.0,1.0,76.0,80.0,76.56355810697401,109.0,110.0,156,-4.0,-14.0,-0.03,109.0,2.0
07:30:37,109.0,22.0,110.0,33.0,105.0,22.0,259.0,55.0,1.0,44.0,88.0,85.48845694010384,109.0,110.0,132,-44.0,-24.0,-0.33,109.0,
07:30:38,105.44,18.0,110.0,27.0,104.11,18.0,238.43,44.0,4.560000000000002,36.0,71.0,91.39392228151712,105.44,110.0,107,-35.0,-25.0,-0.33,109.0,2.0
07:30:39,105.0,14.0,109.33,18.0,104.0,26.0,322.21,29.0,4.329999999999998,40.0,47.0,33.386341967936545,105.0,109.33,87,-7.0,-20.0,-0.08,109.0,
07:30:40,105.0,13.0,108.0,20.0,104.0,40.0,109.0,30.0,3.0,53.0,50.0,1.3681081828581771,105.0,108.0,103,3.0,16.0,0.03,105.0,1.0
07:30:41,106.41,17.0,108.0,16.0,104.13,23.0,109.0,24.0,1.5900000000000034,40.0,40.0,1.1368157282530784,106.41,108.0,80,0.0,-23.0,0.0,105.0,
07:30:42,107.0,33.0,108.0,20.0,105.0,10.0,109.0,30.0,1.0,43.0,50.0,0.4608144963037067,107.0,108.0,93,-7.0,13.0,-0.08,107.0,1.0
07:30:43,107.0,23.0,108.0,26.0,105.0,13.0,109.0,39.0,1.0,36.0,65.0,0.4086930388490181,107.0,108.0,101,-29.0,8.0,-0.29,107.0,2.0
07:30:44,107.0,7.0,108.0,14.0,105.0,7.0,109.0,21.0,1.0,14.0,35.0,0.433382048547972,107.0,108.0,49,-21.0,-52.0,-0.43,107.0,
07:30:45,107.0,10.0,108.0,20.0,105.0,10.0,109.0,30.0,1.0,20.0,50.0,0.1296919427089122,107.0,108.0,70,-30.0,21.0,-0.43,107.0,
07:30:46,107.0,7.0,108.0,14.0,105.0,7.0,109.0,21.0,1.0,14.0,35.0,0.0,107.0,108.0,49,-21.0,-21.0,-0.43,107.0,
07:30:47,107.0,7.0,108.0,14.0,105.0,7.0,109.0,21.0,1.0,14.0,35.0,0.0,107.0,108.0,49,-21.0,0.0,-0.43,107.0,
07:30:48,107.0,8.0,108.0,16.0,105.0,8.0,109.0,24.0,1.0,16.0,40.0,0.0,107.0,108.0,56,-24.0,7.0,-0.43,107.0,
07:30:49,105.0,9.0,108.0,18.0,102.12,75.0,109.0,27.0,3.0,84.0,45.0,0.4472135955040112,105.0,108.0,129,39.0,73.0,0.3,105.33,3.0
07:30:50,104.0,8.0,108.0,20.0,102.0,96.0,109.0,24.0,4.0,104.0,44.0,0.7071067811891343,104.0,108.0,148,60.0,19.0,0.41,105.33,
07:30:51,102.62,16.0,108.0,36.0,101.87,45.0,109.0,18.0,5.379999999999996,61.0,54.0,0.9548403007852696,102.62,108.0,115,7.0,-33.0,0.06,103.0,4.0
07:30:52,102.0,88.0,108.3,46.0,99.45,22.0,110.45,40.0,6.299999999999997,110.0,86.0,0.9560700811152628,102.0,108.3,196,24.0,81.0,0.12,103.0,
07:30:53,102.54,111.0,107.93,69.0,101.36,84.0,243.54,69.0,5.390000000000001,195.0,138.0,0.5887019619500109,102.54,107.93,333,57.0,137.0,0.17,107.0,3.0
07:30:54,107.0,24.0,108.0,96.0,102.12,48.0,271.08,48.0,1.0,72.0,144.0,0.988721396554038,107.0,108.0,216,-72.0,-117.0,-0.33,107.0,
07:30:55,107.0,14.0,108.0,56.0,103.67,15.0,183.32,19.0,1.0,29.0,75.0,1.244616406771067,107.0,108.0,104,-46.0,-112.0,-0.44,107.0,
07:30:56,107.0,10.0,108.0,55.0,103.56,9.0,419.0,5.0,1.0,19.0,60.0,1.265555214126848,107.0,108.0,79,-41.0,-25.0,-0.52,107.0,
07:30:57,107.0,20.0,227.31,13.0,102.1,40.0,415.36,25.0,120.31,60.0,38.0,26.9480171812325,107.0,227.31,98,22.0,19.0,0.22,107.65,17.0
07:30:58,109.86,28.0,225.62,29.0,106.05,38.0,330.8,20.0,115.76,66.0,49.0,32.83389133197587,109.86,225.62,115,17.0,17.0,0.15,107.65,
07:30:59,109.3,47.0,214.93,43.0,104.6,104.0,218.54,52.0,105.63,151.0,95.0,31.934237896026243,109.29999999999998,214.93,246,56.0,131.0,0.23,107.65,
07:31:00,111.0,10.0,208.72,25.0,109.0,40.0,218.0,40.0,97.72,50.0,65.0,25.58178003970789,111.0,208.72,115,-15.0,-131.0,-0.13,107.65,
07:31:01,111.0,35.0,216.05,41.0,109.0,44.0,222.78,41.0,105.05,79.0,82.0,3.347511015664483,111.0,216.05000000000004,161,-3.0,46.0,-0.02,111.0,3.0
07:31:02,111.0,26.0,218.0,13.0,109.0,52.0,219.0,52.0,107.0,78.0,65.0,2.921862419758184,111.0,218.0,143,13.0,-18.0,0.09,111.0,
07:31:03,111.91,46.0,195.67,12.0,110.27,22.0,240.52,33.0,83.75999999999999,68.0,45.0,4.266688411402411,111.91,195.67,113,23.0,-30.0,0.2,111.0,
07:31:04,112.0,25.0,163.2,5.0,111.0,10.0,165.0,20.0,51.19999999999999,35.0,25.0,11.034463285543003,112.0,163.2,60,10.0,-53.0,0.17,112.0,5.0
07:31:05,111.95,74.0,161.12,16.0,110.47,30.0,256.87,52.0,49.17,104.0,68.0,13.55779849385575,111.95000000000002,161.12,172,36.0,112.0,0.21,112.0,3.0
07:31:06,112.0,99.0,156.22,23.0,111.0,22.0,291.0,23.0,44.22,121.0,46.0,13.247296705365889,112.0,156.22,167,75.0,-5.0,0.45,112.0,
07:31:07,112.0,117.0,153.38,21.0,111.0,26.0,154.07,57.0,41.38,143.0,78.0,8.521580252511768,112.0,153.38,221,65.0,54.0,0.29,112.0,
07:31:08,112.0,117.0,149.71,17.0,111.0,26.0,150.57,21.0,37.71000000000001,143.0,38.0,2.7577835303009124,112.0,149.71,181,105.0,-40.0,0.58,112.0,
07:31:09,112.0,56.0,147.45,11.0,111.0,14.0,147.87,15.0,35.44999999999999,70.0,26.0,2.689884755895522,112.0,147.45,96,44.0,-85.0,0.46,112.0,1.0
07:31:10,112.0,88.0,143.79,19.0,111.0,22.0,146.41,27.0,31.789999999999992,110.0,46.0,2.440344238012176,112.0,143.79,156,64.0,60.0,0.41,112.0,
07:31:11,112.0,104.0,141.81,21.0,111.0,34.0,142.86,57.0,29.81,138.0,78.0,2.3098095159556498,112.0,141.81,216,60.0,60.0,0.28,112.0,4.0
07:31:12,112.0,56.0,136.14,22.0,111.0,28.0,137.3,50.0,24.139999999999983,84.0,72.0,2.63247412143014,112.0,136.14,156,12.0,-60.0,0.08,112.0,
07:31:13,112.0,40.0,130.7,10.0,111.0,20.0,133.47,30.0,18.69999999999999,60.0,40.0,3.3030924903792043,112.0,130.7,100,20.0,-56.0,0.2,112.0,
07:31:14,111.71,56.0,118.6,20.0,110.09,44.0,127.14,14.0,6.890000000000001,100.0,34.0,5.10949410411634,111.71,118.6,134,66.0,34.0,0.49,112.0,4.0
07:31:15,111.0,29.0,112.31,13.0,109.0,44.0,120.86,14.0,1.3100000000000025,73.0,27.0,6.304643526798304,111.0,112.31,100,46.0,-34.0,0.46,111.0,2.0
07:31:16,109.86,21.0,112.0,11.0,108.78,36.0,177.74,47.0,2.140000000000001,57.0,58.0,5.854128457763796,109.86,112.0,115,-1.0,15.0,-0.01,109.25,8.0
07:31:17,105.0,119.0,111.15,13.0,104.0,65.0,178.94,64.0,6.150000000000006,184.0,77.0,5.093135576440136,105.0,111.15,261,107.0,146.0,0.41,105.0,4.0
07:31:18,107.13,75.0,110.62,13.0,104.69,81.0,285.29,34.0,3.490000000000009,156.0,47.0,2.77385471861819,107.13,110.62,203,109.0,-58.0,0.54,105.0,
07:31:19,107.08,48.0,144.55,22.0,104.57,83.0,226.83,46.0,37.47000000000001,131.0,68.0,7.270551560920277,107.08,144.55,199,63.0,-4.0,0.32,107.5,8.0
07:31:20,111.0,20.0,154.63,38.0,107.0,20.0,210.1,49.0,43.63,40.0,87.0,11.290933088102152,111.0,154.63,127,-47.0,-72.0,-0.37,107.5,
07:31:21,111.0,14.0,371.77,31.0,107.0,14.0,434.4,20.0,260.77,28.0,51.0,55.81936877106367,111.0,371.77,79,-23.0,-48.0,-0.29,107.5,
07:31:22,111.0,24.0,218.67,60.0,107.0,24.0,327.33,48.0,107.67,48.0,108.0,52.5155184683537,111.0,218.67,156,-60.0,77.0,-0.38,107.5,
07:31:23,111.87,31.0,225.0,32.0,109.86,14.0,324.68,31.0,113.13,45.0,63.0,45.83927977182886,111.87,225.0,108,-18.0,-48.0,-0.17,107.5,
07:31:24,112.0,18.0,200.73,30.0,111.0,14.0,282.09,33.0,88.72999999999999,32.0,63.0,40.790499506625295,112.0,200.73,95,-31.0,-13.0,-0.33,112.0,4.0
07:31:25,111.33,18.0,180.44,43.0,108.42,19.0,217.29,28.0,69.11,37.0,71.0,37.907210132110734,111.33,180.44,108,-34.0,13.0,-0.31,112.0,2.0
07:31:26,111.0,10.0,213.0,20.0,108.0,15.0,215.0,10.0,102.0,25.0,30.0,8.797887814697336,111.0,213.0,55,-5.0,-53.0,-0.09,112.0,
07:31:27,111.0,24.0,213.4,40.0,108.0,36.0,363.26,31.0,102.4,60.0,71.0,8.472611757893777,111.0,213.4,131,-11.0,76.0,-0.08,112.0,
07:31:28,111.0,14.0,187.0,33.0,108.0,27.0,230.54,39.0,76.0,41.0,72.0,7.444237368595925,111.0,187.0,113,-31.0,-18.0,-0.27,111.0,1.0
07:31:29,111.0,7.0,137.3,10.0,108.0,21.0,188.4,20.0,26.30000000000001,28.0,30.0,15.570927075803803,111.0,137.3,58,-2.0,-55.0,-0.03,111.0,
07:31:30,109.91,11.0,134.33,12.0,107.0,36.0,135.62,21.0,24.420000000000016,47.0,33.0,19.703684427030392,109.91,134.33,80,14.0,22.0,0.17,108.4,5.0
07:31:31,105.22,18.0,121.35,17.0,104.29,28.0,132.14,7.0,16.129999999999995,46.0,24.0,20.53768170948221,105.22,121.35,70,22.0,-10.0,0.31,107.0,1.0
07:31:32,105.0,32.0,111.9,20.0,104.0,40.0,113.25,32.0,6.900000000000006,72.0,52.0,15.678611864575275,105.0,111.9,124,20.0,54.0,0.16,107.0,
07:31:33,105.0,52.0,108.85,26.0,104.0,65.0,112.0,65.0,3.8499999999999934,117.0,91.0,7.83468123154995,105.0,108.85,208,26.0,84.0,0.12,107.0,
07:31:34,104.31,65.0,109.75,36.0,103.77,39.0,111.08,40.0,5.439999999999998,104.0,76.0,6.446492844950745,104.31,109.75,180,28.0,-28.0,0.16,105.0,4.0
07:31:35,104.0,48.0,106.0,9.0,103.0,9.0,108.0,18.0,2.0,57.0,27.0,3.1304424607395687,104.0,106.0,84,30.0,-96.0,0.36,105.0,
07:31:36,104.0,73.0,105.17,47.0,103.0,14.0,107.83,24.0,1.1700000000000017,87.0,71.0,1.5894873387357369,104.0,105.17,158,16.0,74.0,0.1,104.33,6.0
07:31:37,104.0,12.0,109.0,8.0,103.0,6.0,250.83,24.0,5.0,18.0,32.0,1.1341384395219236,104.0,109.0,50,-14.0,-108.0,-0.28,108.67,3.0
07:31:38,104.0,15.0,230.67,33.0,103.0,12.0,344.77,48.0,126.67,27.0,81.0,27.54463377865099,104.0,230.67,108,-54.0,58.0,-0.5,110.0,1.0
07:31:39,107.36,25.0,209.8,15.0,103.13,15.0,215.0,75.0,102.44,40.0,90.0,31.70356210270387,107.36,209.8,130,-50.0,22.0,-0.38,110.0,
07:31:40,111.0,88.0,207.46,13.0,104.96,57.0,306.54,65.0,96.46,145.0,78.0,30.964551183571203,111.0,207.46,223,67.0,93.0,0.3,111.0,4.0
07:31:41,111.9,78.0,205.33,45.0,110.06,34.0,207.0,9.0,93.43,112.0,54.0,24.62559176953928,111.9,205.33,166,58.0,-57.0,0.35,111.0,
07:31:42,112.0,100.0,203.91,22.0,111.0,44.0,204.24,38.0,91.91,144.0,60.0,3.932565320500099,112.0,203.91,204,84.0,38.0,0.41,111.0,
07:31:43,112.0,110.0,202.09,11.0,111.0,66.0,204.0,57.0,90.09,176.0,68.0,0.82609321507932,112.0,202.09000000000003,244,108.0,40.0,0.44,111.0,
07:31:44,112.0,108.0,200.5,20.0,111.0,32.0,203.88,52.0,88.5,140.0,72.0,1.194026800369286,112.0,200.5,212,68.0,-32.0,0.32,112.0,2.0
07:31:45,112.0,96.0,198.0,28.0,111.0,24.0,197.98,44.0,86.0,120.0,72.0,1.4220161743103237,112.0,198.0,192,48.0,-20.0,0.25,112.0,
07:31:46,112.0,88.0,195.19,31.0,111.0,22.0,196.86,35.0,83.19,110.0,66.0,1.7119433401839648,112.0,195.19,176,44.0,-16.0,0.25,112.0,
07:31:47,112.0,62.0,194.94,32.0,111.0,16.0,195.38,16.0,82.94,78.0,48.0,1.5841811765073737,112.0,194.94,126,30.0,-50.0,0.24,112.0,2.0
07:31:48,112.0,64.0,188.38,21.0,111.0,24.0,194.63,52.0,76.38,88.0,73.0,2.2680101410708686,112.0,188.38,161,15.0,35.0,0.09,112.0,1.0
07:31:49,111.82,55.0,148.48,21.0,109.75,48.0,179.71,49.0,36.66,103.0,70.0,10.398772523716453,111.82,148.48,173,33.0,12.0,0.19,112.0,5.0
07:31:50,111.0,16.0,148.05,37.0,109.0,48.0,188.58,24.0,37.05000000000001,64.0,61.0,12.444754718354243,111.0,148.05,125,3.0,-48.0,0.02,112.0,
07:31:51,111.0,14.0,147.43,35.0,109.0,42.0,187.63,27.0,36.43000000000001,56.0,62.0,12.219288031632626,111.0,147.43,118,-6.0,-7.0,-0.05,112.0,
07:31:52,111.0,22.0,146.41,34.0,109.0,74.0,147.36,55.0,35.41,96.0,89.0,9.312234962671454,111.0,146.41,185,7.0,67.0,0.04,112.0,
07:31:53,109.75,32.0,144.04,47.0,108.6,40.0,145.43,23.0,34.28999999999999,72.0,70.0,1.2340583454605865,109.75,144.04,142,2.0,-43.0,0.01,110.33,3.0
07:31:54,109.0,60.0,141.19,58.0,105.0,20.0,142.04,53.0,32.19,80.0,111.0,1.8657759779783285,109.0,141.19,191,-31.0,49.0,-0.16,110.33,
07:31:55,105.5,72.0,116.67,42.0,104.49,55.0,131.67,42.0,11.170000000000002,127.0,84.0,7.510936692583779,105.5,116.67,211,43.0,20.0,0.2,109.0,5.0
07:31:56,105.0,99.0,108.48,63.0,104.0,44.0,109.33,55.0,3.480000000000004,143.0,118.0,10.05408026624026,105.0,108.48,261,25.0,50.0,0.1,109.0,
07:31:57,104.81,42.0,106.96,56.0,103.95,42.0,108.04,91.0,2.1499999999999915,84.0,147.0,10.123070186460335,104.81000000000002,106.96,231,-63.0,-30.0,-0.27,105.0,1.0
07:31:58,104.36,50.0,107.42,90.0,103.53,17.0,125.33,30.0,3.0600000000000023,67.0,120.0,8.19888833928127,104.36,107.42,187,-53.0,-44.0,-0.28,106.38,8.0
07:31:59,105.01,116.0,116.54,83.0,103.53,59.0,183.35,40.0,11.53,175.0,123.0,2.630480944618792,105.01,116.54,298,52.0,111.0,0.17,107.5,12.0
07:32:00,105.3,70.0,216.73,15.0,103.94,65.0,397.2,15.0,111.43,135.0,30.0,24.098340814255288,105.3,216.73,165,105.0,-133.0,0.64,107.0,1.0
07:32:01,107.64,25.0,216.0,12.0,104.53,34.0,540.0,6.0,108.36,59.0,18.0,29.59101806291905,107.64,216.0,77,41.0,-88.0,0.53,107.0,4.0
07:32:02,111.0,24.0,358.13,23.0,107.25,36.0,472.07,29.0,247.13,60.0,52.0,51.91620392517157,111.0,358.13,112,8.0,35.0,0.07,107.0,
07:32:03,111.0,12.0,179.62,8.0,108.0,18.0,497.58,12.0,68.62,30.0,20.0,45.185706257620886,111.0,179.62,50,10.0,-62.0,0.2,107.0,
07:32:04,108.69,35.0,137.41,17.0,105.89,57.0,255.35,26.0,28.72,92.0,43.0,41.87277671709866,108.69,137.41,135,49.0,85.0,0.36,111.0,2.0
07:32:05,108.0,27.0,109.0,9.0,106.25,48.0,390.78,9.0,1.0,75.0,18.0,49.12797929896975,108.0,109.0,93,57.0,-42.0,0.61,111.0,
07:32:06,108.0,30.0,109.0,10.0,106.33,72.0,303.55,22.0,1.0,102.0,32.0,52.83001637327024,108.0,109.0,134,70.0,41.0,0.52,111.0,
07:32:07,108.0,31.0,109.0,13.0,107.0,104.0,351.0,27.0,1.0,135.0,40.0,16.117604350523223,108.0,109.0,175,95.0,41.0,0.54,108.0,2.0
07:32:08,109.2,10.0,139.0,16.0,107.04,50.0,179.25,16.0,29.8,60.0,32.0,8.265258616643857,109.2,139.0,92,28.0,-83.0,0.3,109.0,1.0
07:32:09,107.0,48.0,125.67,18.0,105.0,36.0,223.0,7.0,18.67,84.0,25.0,6.979898280061514,107.0,125.67,109,59.0,17.0,0.54,110.0,3.0
07:32:10,107.0,56.0,121.0,21.0,105.0,42.0,281.44,9.0,14.0,98.0,30.0,6.47166748218769,107.0,121.0,128,68.0,19.0,0.53,110.0,
07:32:11,107.97,31.0,121.0,9.0,105.8,20.0,602.0,6.0,13.03,51.0,15.0,5.63333116370815,107.97,121.0,66,36.0,-62.0,0.55,110.0,
07:32:12,109.0,150.0,127.54,26.0,107.69,26.0,396.69,32.0,18.540000000000006,176.0,58.0,4.088756534694285,109.0,127.54,234,118.0,168.0,0.5,110.0,
07:32:13,109.0,225.0,201.55,47.0,108.0,30.0,294.04,46.0,92.55,255.0,93.0,17.74959633343826,109.0,201.55,348,162.0,114.0,0.47,110.0,
07:32:14,109.0,225.0,199.52,46.0,108.0,30.0,383.24,33.0,90.52,255.0,79.0,21.530074779247844,109.0,199.52,334,176.0,-14.0,0.53,110.0,
07:32:15,109.0,111.0,189.0,27.0,108.0,18.0,263.0,36.0,80.0,129.0,63.0,20.16256729684996,109.0,189.0,192,66.0,-142.0,0.34,109.0,3.0
07:32:16,109.0,180.0,247.71,51.0,108.0,30.0,324.53,45.0,138.71,210.0,96.0,21.518691177671617,109.0,247.71,306,114.0,114.0,0.37,109.0,
07:32:17,109.0,92.0,321.41,17.0,108.0,27.0,408.81,27.0,212.41000000000005,119.0,44.0,27.469121755163567,109.0,321.41,163,75.0,-143.0,0.46,109.0,4.0
07:32:18,109.05,61.0,296.61,23.0,108.5,48.0,534.81,21.0,187.56,109.0,44.0,29.09982216440505,109.05,296.61,153,65.0,-10.0,0.42,109.5,2.0
07:32:19,109.0,105.0,279.78,36.0,108.0,45.0,343.91,22.0,170.77999999999997,150.0,58.0,25.569796244788478,109.0,279.78,208,92.0,55.0,0.44,109.5,
07:32:20,109.0,98.0,221.46,24.0,108.0,41.0,239.58,19.0,112.46,139.0,43.0,19.757761006753736,109.0,221.46,182,96.0,-26.0,0.53,109.5,
07:32:21,109.0,77.0,160.57,37.0,108.0,55.0,188.24,25.0,51.56999999999999,132.0,62.0,32.40399543266229,109.0,160.57,194,70.0,12.0,0.36,109.5,
07:32:22,109.0,140.0,117.54,35.0,108.0,100.0,118.65,55.0,8.540000000000006,240.0,90.0,38.216898094952704,109.0,117.54000000000002,330,150.0,136.0,0.45,109.5,
07:32:23,108.63,54.0,110.22,23.0,107.58,77.0,111.35,17.0,1.5900000000000034,131.0,40.0,36.101554952660976,108.63,110.22,171,91.0,-159.0,0.53,108.88,8.0
07:32:24,108.0,48.0,109.83,36.0,107.0,96.0,247.71,42.0,1.8299999999999983,144.0,78.0,24.208635442750605,108.0,109.83,222,66.0,51.0,0.3,108.88,
07:32:25,108.18,45.0,170.88,33.0,106.4,80.0,225.14,42.0,62.69999999999999,125.0,75.0,14.7720658677113,108.18,170.88,200,50.0,-22.0,0.25,107.5,8.0
07:32:26,111.0,36.0,221.56,18.0,107.0,36.0,313.0,45.0,110.56,72.0,63.0,25.115750635806226,111.0,221.56,135,9.0,-65.0,0.07,107.5,
07:32:27,111.0,18.0,219.5,12.0,107.0,24.0,306.83,24.0,108.5,42.0,36.0,28.31542247609949,111.0,219.5,78,6.0,-57.0,0.08,111.0,2.0
07:32:28,106.22,36.0,185.22,9.0,104.84,43.0,203.13,15.0,79.0,79.0,24.0,23.425459440531792,106.22,185.22,103,55.0,25.0,0.53,108.33,6.0
07:32:29,105.0,36.0,183.5,12.0,104.0,30.0,185.0,6.0,78.5,66.0,18.0,12.59236395598538,105.0,183.5,84,48.0,-19.0,0.57,108.33,
07:32:30,107.15,78.0,180.85,26.0,104.46,56.0,185.0,13.0,73.69999999999999,134.0,39.0,11.58589444108653,107.15,180.85,173,95.0,89.0,0.55,108.33,
07:32:31,109.0,42.0,179.57,28.0,105.0,53.0,185.0,14.0,70.57,95.0,42.0,9.27528274501646,109.0,179.57,137,53.0,-36.0,0.39,109.0,3.0
07:32:32,109.0,78.0,153.77,22.0,105.0,70.0,157.07,15.0,44.77000000000001,148.0,37.0,5.930695574719755,109.0,153.77,185,111.0,48.0,0.6,109.0,
07:32:33,109.0,24.0,131.17,12.0,105.51,47.0,132.0,12.0,22.169999999999987,71.0,24.0,10.865876402757427,109.0,131.17,95,47.0,-90.0,0.49,109.0,
07:32:34,107.75,16.0,129.17,6.0,105.44,27.0,131.0,12.0,21.419999999999987,43.0,18.0,12.451912704480424,107.75,129.17,61,25.0,-34.0,0.41,108.2,5.0
07:32:35,108.0,27.0,128.08,13.0,105.0,63.0,160.82,17.0,20.080000000000013,90.0,30.0,11.377766476773948,108.0,128.08,120,60.0,59.0,0.5,108.2,
07:32:36,109.61,31.0,128.04,26.0,106.5,82.0,163.62,24.0,18.429999999999996,113.0,50.0,5.658458270589376,109.61,128.04,163,63.0,43.0,0.39,108.2,
07:32:37,107.03,117.0,125.83,18.0,105.33,80.0,126.73,22.0,18.8,197.0,40.0,1.3244130775560543,107.03,125.83,237,157.0,74.0,0.66,107.75,4.0
07:32:38,107.0,159.0,119.56,27.0,105.0,105.0,121.04,27.0,12.560000000000002,264.0,54.0,2.276240321231828,107.0,119.56,318,210.0,81.0,0.66,107.0,3.0
07:32:39,107.94,51.0,115.31,13.0,106.67,108.0,117.67,33.0,7.370000000000003,159.0,46.0,3.0939537811676616,107.94,115.31,205,113.0,-113.0,0.55,108.86,7.0
07:32:40,107.68,105.0,110.0,20.0,106.12,96.0,255.0,25.0,2.319999999999993,201.0,45.0,3.931990590019485,107.68,110.0,246,156.0,41.0,0.63,108.0,4.0
07:32:41,109.52,104.0,113.17,12.0,107.0,108.0,355.0,36.0,3.6500000000000057,212.0,48.0,2.800574940972277,109.52,113.17,260,164.0,14.0,0.63,110.0,4.0
07:32:42,110.72,64.0,112.0,24.0,107.0,108.0,116.33,12.0,1.2800000000000011,172.0,36.0,1.5873625924790815,110.72,112.0,208,136.0,-52.0,0.65,111.0,2.0
07:32:43,111.67,18.0,143.89,9.0,107.0,72.0,508.85,20.0,32.219999999999985,90.0,29.0,7.68190861700409,111.67,143.89,119,61.0,-89.0,0.51,111.0,2.0
07:32:44,112.0,22.0,137.35,23.0,107.0,99.0,346.43,21.0,25.349999999999994,121.0,44.0,8.735904074565008,112.0,137.35,165,77.0,46.0,0.47,111.0,
07:32:45,107.59,51.0,311.5,24.0,106.52,52.0,433.25,8.0,203.91,103.0,32.0,41.27624886057356,107.59,311.5,135,71.0,-30.0,0.53,112.0,2.0
07:32:47,111.0,60.0,388.25,12.0,107.0,108.0,482.0,12.0,277.25,168.0,24.0,66.94283643527511,111.0,388.25,192,144.0,60.0,0.75,112.0,
07:32:48,107.44,36.0,353.38,8.0,106.64,56.0,468.67,12.0,245.94,92.0,20.0,55.63656917891321,107.44,353.38,112,72.0,-80.0,0.64,110.33,6.0
07:32:49,107.0,66.0,216.95,37.0,106.0,45.0,300.71,17.0,109.95,111.0,54.0,40.786706535340606,107.0,216.95,165,57.0,53.0,0.35,107.0,2.0
07:32:50,107.0,66.0,280.52,25.0,106.0,55.0,310.74,23.0,173.51999999999998,121.0,48.0,42.73258300173296,107.0,280.52,169,73.0,4.0,0.43,107.0,
07:32:51,107.0,72.0,258.0,56.0,106.0,60.0,330.12,32.0,151.0,132.0,88.0,35.748061066301176,107.0,258.0,220,44.0,51.0,0.2,107.0,
07:32:52,107.0,72.0,173.41,46.0,106.0,60.0,327.33,30.0,66.41,132.0,76.0,34.01990667241753,107.0,173.41,208,56.0,-12.0,0.27,107.0,
07:32:53,109.99,97.0,171.09,33.0,107.8,70.0,454.09,35.0,61.10000000000001,167.0,68.0,24.228888336033894,109.99,171.09,235,99.0,27.0,0.42,107.0,
07:32:54,109.0,56.0,169.75,24.0,107.0,48.0,440.38,8.0,60.75,104.0,32.0,26.640670411984747,109.0,169.75,136,72.0,-99.0,0.53,107.0,
07:32:55,109.0,42.0,128.0,6.0,107.0,36.0,169.0,18.0,19.0,78.0,24.0,23.344831976264054,109.0,128.0,102,54.0,-34.0,0.53,107.0,
07:32:56,109.0,77.0,167.68,31.0,108.0,22.0,423.52,25.0,58.68000000000001,99.0,56.0,9.48221387651645,109.0,167.68,155,43.0,53.0,0.28,107.0,
07:32:57,109.25,64.0,166.14,22.0,108.67,42.0,244.83,29.0,56.88999999999999,106.0,51.0,9.225741162638432,109.25,166.14,157,55.0,2.0,0.35,109.8,5.0
07:32:58,109.0,77.0,162.89,38.0,108.0,28.0,164.09,32.0,53.88999999999999,105.0,70.0,8.738487855458818,109.0,162.89,175,35.0,18.0,0.2,109.0,6.0
07:32:59,108.0,26.0,159.03,29.0,107.0,26.0,160.93,30.0,51.03,52.0,59.0,8.208754473122058,108.0,159.03,111,-7.0,-64.0,-0.06,109.0,
07:33:00,108.45,22.0,136.88,16.0,107.45,22.0,152.26,27.0,28.429999999999996,44.0,43.0,6.410988223355374,108.45,136.88,87,1.0,-24.0,0.01,109.0,
07:33:01,109.94,17.0,124.12,34.0,108.62,26.0,136.48,27.0,14.180000000000009,43.0,61.0,9.042137468541474,109.94,124.12,104,-18.0,17.0,-0.17,110.0,2.0
07:33:02,108.56,16.0,121.97,34.0,107.55,33.0,122.42,65.0,13.409999999999997,49.0,99.0,9.435270531362738,108.56,121.96999999999998,148,-50.0,44.0,-0.34,108.5,2.0
07:33:03,108.0,13.0,120.19,21.0,107.0,32.0,121.66,61.0,12.189999999999998,45.0,82.0,7.977131690025092,108.0,120.18999999999998,127,-37.0,-21.0,-0.29,108.5,
07:33:04,109.57,44.0,114.96,27.0,107.2,30.0,117.13,23.0,5.390000000000001,74.0,50.0,3.972358241649773,109.57,114.95999999999998,124,24.0,-3.0,0.19,111.0,2.0
07:33:05,108.93,29.0,111.07,14.0,107.14,28.0,113.25,20.0,2.1399999999999864,57.0,34.0,2.71306653069974,108.93,111.07,91,23.0,-33.0,0.25,111.0,7.0
07:33:06,108.0,7.0,109.0,7.0,107.0,14.0,110.0,7.0,1.0,21.0,14.0,2.802761138592317,108.0,109.0,35,7.0,-56.0,0.2,111.0,
07:33:07,107.33,9.0,108.67,6.0,106.33,18.0,110.0,6.0,1.3400000000000034,27.0,12.0,2.577087503365665,107.33,108.67,39,15.0,4.0,0.38,108.0,1.0
07:33:08,107.0,22.0,108.0,11.0,106.0,44.0,110.0,11.0,1.0,66.0,22.0,1.928102694361384,107.0,108.0,88,44.0,49.0,0.5,108.0,
07:33:09,106.02,45.0,109.83,12.0,105.11,37.0,582.68,34.0,3.8100000000000014,82.0,46.0,0.9695256572178657,106.02,109.83,128,36.0,40.0,0.28,107.0,2.0
07:33:10,106.0,44.0,108.18,55.0,105.0,33.0,110.0,11.0,2.180000000000007,77.0,66.0,0.5340692838984609,106.0,108.18,143,11.0,15.0,0.08,107.0,
07:33:11,106.0,44.0,107.55,51.0,105.0,33.0,110.45,11.0,1.5499999999999972,77.0,62.0,0.5308201201950355,106.0,107.55,139,15.0,-4.0,0.11,107.0,5.0
07:33:12,106.85,54.0,112.0,11.0,105.43,28.0,156.94,31.0,5.150000000000006,82.0,42.0,1.0384026194130227,106.85,112.0,124,40.0,-15.0,0.32,107.33,6.0
07:33:13,108.0,32.0,115.0,8.0,107.0,16.0,296.62,40.0,7.0,48.0,48.0,1.9468641452355335,108.0,115.0,96,0.0,-28.0,0.0,107.33,
07:33:14,108.0,40.0,259.77,22.0,107.0,20.0,325.89,28.0,151.76999999999998,60.0,50.0,33.68166979233661,108.0,259.77,110,10.0,14.0,0.09,107.33,
07:33:15,108.0,40.0,282.7,23.0,107.0,20.0,284.02,46.0,174.7,60.0,69.0,44.24740014961328,108.0,282.7,129,-9.0,19.0,-0.07,107.33,
07:33:16,108.0,52.0,164.94,17.0,107.0,26.0,280.03,62.0,56.94,78.0,79.0,40.25137413803406,108.0,164.94,157,-1.0,28.0,-0.01,107.33,
07:33:17,108.97,142.0,115.96,53.0,108.39,72.0,134.62,16.0,6.989999999999995,214.0,69.0,39.55270509080254,108.97,115.96,283,145.0,126.0,0.51,107.33,
07:33:18,109.08,210.0,114.31,32.0,108.59,97.0,115.07,57.0,5.230000000000004,307.0,89.0,39.509015173754925,109.08,114.31,396,218.0,113.0,0.55,111.0,4.0
07:33:19,109.0,132.0,112.33,27.0,108.0,24.0,114.33,15.0,3.3299999999999983,156.0,42.0,36.30855546561993,109.0,112.33,198,114.0,-168.0,0.58,111.0,
07:33:20,109.0,228.0,110.64,55.0,108.0,44.0,177.82,22.0,1.6400000000000006,272.0,77.0,11.362309624367796,109.0,110.64,349,195.0,151.0,0.56,109.0,5.0
07:33:21,110.06,68.0,348.0,16.0,108.95,88.0,447.75,8.0,237.94,156.0,24.0,52.72151060051296,110.06,348.0,180,132.0,-168.0,0.73,109.0,5.0
07:33:22,111.7,54.0,348.57,14.0,109.0,84.0,604.14,7.0,236.87,138.0,21.0,65.10593943719726,111.7,348.57,159,117.0,-21.0,0.74,112.0,1.0
07:33:23,112.0,49.0,206.5,8.0,109.0,84.0,289.33,12.0,94.5,133.0,20.0,59.86235603448964,112.0,206.5,153,113.0,-6.0,0.74,112.0,
07:33:24,112.0,49.0,141.0,14.0,109.0,84.0,402.29,7.0,29.0,133.0,21.0,56.40547819139555,112.0,141.0,154,112.0,1.0,0.73,112.0,
07:33:25,112.0,35.0,140.4,10.0,109.0,60.0,213.5,8.0,28.40000000000001,95.0,18.0,52.29340809318129,112.0,140.4,113,77.0,-41.0,0.68,112.0,
07:33:26,112.0,42.0,140.0,12.0,109.0,78.0,216.0,12.0,28.0,120.0,24.0,45.10327726451816,112.0,140.0,144,96.0,31.0,0.67,112.0,
07:33:27,112.0,70.0,140.0,20.0,109.0,159.0,216.0,20.0,28.0,229.0,40.0,14.793005103764486,112.0,140.0,269,189.0,125.0,0.7,112.0,
07:33:28,112.0,56.0,139.62,16.0,109.0,120.0,216.0,16.0,27.620000000000005,176.0,32.0,0.2617632518182259,112.0,139.62,208,144.0,-61.0,0.69,112.0,
07:33:29,112.0,56.0,135.78,18.0,109.0,28.0,196.5,16.0,23.78,84.0,34.0,0.954751276512622,112.0,135.78,118,50.0,-90.0,0.42,112.0,
07:33:30,112.0,112.0,133.92,39.0,109.0,80.0,164.56,32.0,21.919999999999987,192.0,71.0,1.4165698006108054,112.0,133.92,263,121.0,145.0,0.46,112.0,
07:33:31,112.0,75.0,133.08,39.0,109.0,65.0,137.0,26.0,21.080000000000013,140.0,65.0,1.597920523681506,112.0,133.08,205,75.0,-58.0,0.37,112.0,2.0
07:33:32,112.0,26.0,132.11,27.0,109.62,29.0,133.21,38.0,20.110000000000014,55.0,65.0,1.480158775267917,112.0,132.11,120,-10.0,-85.0,-0.08,112.0,3.0
07:33:33,112.0,26.0,129.03,37.0,111.0,13.0,130.36,28.0,17.03,39.0,65.0,1.2490676522921793,112.0,129.03,104,-26.0,-16.0,-0.25,112.0,
07:33:34,112.0,10.0,127.79,19.0,111.0,7.0,129.25,16.0,15.790000000000006,17.0,35.0,1.3282206142063753,112.0,127.79,52,-18.0,-52.0,-0.35,112.0,1.0
07:33:35,112.0,2.0,126.4,5.0,111.0,2.0,127.6,5.0,14.400000000000006,4.0,10.0,1.4212142695606476,112.0,126.4,14,-6.0,-38.0,-0.43,112.0,
07:33:36,112.0,16.0,123.17,53.0,111.0,16.0,123.63,54.0,11.170000000000002,32.0,107.0,1.65050598302546,112.0,123.17,139,-75.0,125.0,-0.54,112.0,
07:33:37,109.16,55.0,117.49,37.0,108.26,35.0,119.0,42.0,8.329999999999998,90.0,79.0,2.882944675154712,109.16,117.49,169,11.0,30.0,0.07,110.67,3.0
07:33:38,109.0,36.0,115.56,41.0,108.0,48.0,116.71,56.0,6.560000000000002,84.0,97.0,3.4567369006048145,109.0,115.56,181,-13.0,12.0,-0.07,109.0,4.0
07:33:39,108.38,32.0,112.68,38.0,107.83,29.0,114.3,40.0,4.300000000000011,61.0,78.0,3.660577823240897,108.38,112.68,139,-17.0,-42.0,-0.12,109.0,
07:33:40,107.93,56.0,110.25,48.0,106.94,36.0,113.11,76.0,2.319999999999993,92.0,124.0,3.241661610964835,107.93,110.25,216,-32.0,77.0,-0.15,107.9,10.0
07:33:41,104.8,45.0,107.94,52.0,103.96,47.0,110.2,25.0,3.140000000000001,92.0,77.0,2.741404749394589,104.8,107.94,169,15.0,-47.0,0.09,104.33,3.0
07:33:42,104.0,47.0,178.81,27.0,102.0,9.0,232.67,21.0,74.81,56.0,48.0,14.403922382462454,104.0,178.81,104,8.0,-65.0,0.08,104.29,7.0
07:33:43,104.33,18.0,301.75,16.0,103.29,14.0,375.0,6.0,197.42,32.0,22.0,41.09792233191359,104.33,301.75,54,10.0,-50.0,0.19,106.0,1.0
07:33:44,104.89,27.0,168.71,14.0,103.92,25.0,424.55,11.0,63.82000000000001,52.0,25.0,38.95673844150716,104.89,168.71,77,27.0,23.0,0.35,106.0,
07:33:45,103.68,41.0,206.53,19.0,98.46,24.0,238.0,11.0,102.85,65.0,30.0,35.28546768855418,103.68,206.53,95,35.0,18.0,0.37,105.0,1.0
07:33:46,103.0,24.0,227.5,4.0,102.0,3.0,283.2,5.0,124.5,27.0,9.0,26.397586063880937,103.0,227.5,36,18.0,-59.0,0.5,105.0,
07:33:47,104.0,64.0,161.23,22.0,102.0,8.0,296.0,14.0,57.22999999999999,72.0,36.0,28.205044761531592,104.0,161.23,108,36.0,72.0,0.33,105.0,
07:33:48,104.27,22.0,107.0,40.0,103.92,50.0,408.38,16.0,2.730000000000004,72.0,56.0,22.949957516300564,104.27,107.0,128,16.0,20.0,0.12,105.0,
07:33:49,105.0,11.0,107.0,55.0,104.0,88.0,469.0,11.0,2.0,99.0,66.0,27.41423991286281,105.0,107.0,165,33.0,37.0,0.2,105.0,
07:33:50,105.09,11.0,107.0,51.0,104.01,81.0,109.0,33.0,1.9099999999999968,92.0,84.0,26.244171733929807,105.09,107.0,176,8.0,11.0,0.05,106.67,3.0
07:33:51,104.38,16.0,107.0,24.0,103.92,50.0,109.0,24.0,2.6200000000000045,66.0,48.0,11.971051332276538,104.38,107.0,114,18.0,-62.0,0.16,104.25,4.0
07:33:52,104.0,55.0,106.94,32.0,102.0,11.0,108.82,33.0,2.9399999999999977,66.0,65.0,0.2472852603767159,104.0,106.94,131,1.0,17.0,0.01,104.25,
07:33:53,104.11,28.0,106.0,16.0,103.5,20.0,107.0,24.0,1.8900000000000008,48.0,40.0,0.4112420211986819,104.11,106.0,88,8.0,-43.0,0.09,104.25,
07:33:54,104.12,42.0,105.94,18.0,99.29,48.0,106.97,37.0,1.8199999999999927,90.0,55.0,0.4341888989824246,104.12,105.94,145,35.0,57.0,0.24,105.0,2.0
07:33:55,104.0,27.0,106.9,10.0,95.5,24.0,122.81,16.0,2.9000000000000057,51.0,26.0,0.2879583303180617,104.0,106.9,77,25.0,-68.0,0.32,106.83,6.0
07:33:56,104.89,27.0,210.74,19.0,103.74,38.0,424.85,27.0,105.85,65.0,46.0,23.50648676429552,104.89,210.74,111,19.0,34.0,0.17,108.0,1.0
07:33:57,109.0,11.0,324.0,8.0,105.0,16.0,388.64,11.0,215.0,27.0,19.0,49.46439851044387,109.0,324.0,46,8.0,-65.0,0.17,109.0,1.0
07:33:58,109.0,8.0,322.5,8.0,105.0,16.0,414.36,14.0,213.5,24.0,22.0,55.458213278107,109.0,322.5,46,2.0,0.0,0.04,109.0,
07:33:59,109.0,9.0,239.08,12.0,105.0,18.0,369.62,21.0,130.08,27.0,33.0,46.1261644839456,109.0,239.08,60,-6.0,14.0,-0.1,109.0,
07:34:00,110.85,26.0,270.7,10.0,107.67,12.0,319.3,10.0,159.85,38.0,20.0,25.749173384790534,110.85,270.7,58,18.0,-2.0,0.31,109.0,
07:34:01,111.0,40.0,216.21,14.0,109.0,14.0,258.29,14.0,105.21,54.0,28.0,23.94937013785551,111.0,216.21,82,26.0,24.0,0.32,111.0,3.0
07:34:02,111.0,10.0,175.0,10.0,109.0,10.0,176.6,10.0,64.0,20.0,20.0,27.54218273848324,111.0,175.0,40,0.0,-42.0,0.0,111.0,
07:34:03,110.0,12.0,171.91,11.0,107.85,13.0,173.09,11.0,61.91,25.0,22.0,21.084625441302084,110.0,171.91,47,3.0,7.0,0.06,110.0,2.0
07:34:04,105.97,39.0,108.43,21.0,104.25,40.0,114.0,39.0,2.460000000000008,79.0,60.0,30.84708786903558,105.97,108.43,139,19.0,92.0,0.14,107.0,1.0
07:34:05,107.0,26.0,108.55,11.0,105.0,18.0,136.0,28.0,1.5499999999999972,44.0,39.0,24.500751621123783,107.0,108.55,83,5.0,-56.0,0.06,107.0,1.0
07:34:06,107.29,21.0,110.0,30.0,105.22,18.0,208.87,30.0,2.7099999999999937,39.0,60.0,18.701164936976472,107.29,110.0,99,-21.0,16.0,-0.21,107.0,1.0
07:34:07,108.0,24.0,110.0,24.0,107.0,8.0,225.23,26.0,2.0,32.0,50.0,14.68460316113436,108.0,110.0,82,-18.0,-17.0,-0.22,107.0,
07:34:08,108.0,36.0,110.0,24.0,107.0,12.0,250.67,36.0,2.0,48.0,60.0,0.803753693613002,108.0,110.0,108,-12.0,26.0,-0.11,110.0,1.0
07:34:09,108.0,27.0,110.0,18.0,107.0,9.0,295.44,36.0,2.0,36.0,54.0,0.5331228751391118,108.0,110.0,90,-18.0,-18.0,-0.2,110.0,
07:34:10,108.0,39.0,118.0,25.0,107.0,13.0,334.38,34.0,10.0,52.0,59.0,1.8357341855499447,108.0,118.0,111,-7.0,21.0,-0.06,110.0,2.0
07:34:11,108.47,51.0,193.41,17.0,107.73,33.0,380.1,20.0,84.94,84.0,37.0,18.39066937335337,108.47,193.41,121,47.0,10.0,0.39,109.0,3.0
07:34:12,108.0,12.0,110.0,4.0,107.0,4.0,227.0,6.0,2.0,16.0,10.0,18.39066937335337,108.0,110.0,26,6.0,-95.0,0.23,109.0,
07:34:13,108.0,24.0,109.0,16.0,107.0,8.0,110.0,8.0,1.0,32.0,24.0,18.4543685884941,108.0,109.0,56,8.0,30.0,0.14,109.0,
07:34:14,107.56,16.0,108.41,34.0,105.13,45.0,192.07,15.0,0.8499999999999943,61.0,49.0,18.58378809607981,107.56,108.41,110,12.0,54.0,0.11,108.25,4.0
07:34:15,105.03,67.0,107.9,20.0,104.06,105.0,287.94,17.0,2.8700000000000045,172.0,37.0,19.232491258284703,105.03,107.9,209,135.0,99.0,0.65,107.0,1.0
07:34:16,105.0,62.0,106.07,43.0,104.0,117.0,107.16,19.0,1.0699999999999932,179.0,62.0,1.453660895806419,105.0,106.06999999999998,241,117.0,32.0,0.49,105.0,2.0
07:34:17,105.0,79.0,106.0,48.0,104.0,108.0,107.0,19.0,1.0,187.0,67.0,1.3896510353310518,105.0,106.0,254,120.0,13.0,0.47,105.0,1.0
07:34:18,104.86,63.0,106.09,33.0,103.89,114.0,291.26,19.0,1.230000000000004,177.0,52.0,1.0889214847713324,104.86,106.09,229,125.0,-25.0,0.55,105.14,7.0
07:34:19,105.24,95.0,107.0,8.0,104.0,72.0,289.0,24.0,1.7600000000000051,167.0,32.0,0.4495887009218203,105.24,107.0,199,135.0,-30.0,0.68,106.0,1.0
07:34:20,106.0,75.0,107.0,9.0,104.0,81.0,234.33,27.0,1.0,156.0,36.0,0.4640366364809723,106.0,107.0,192,120.0,-7.0,0.62,106.0,8.0
07:34:21,105.36,67.0,123.2,40.0,103.09,90.0,199.26,35.0,17.840000000000003,157.0,75.0,3.773801796596737,105.36,123.2,232,82.0,40.0,0.35,108.67,6.0
07:34:22,110.0,14.0,125.0,33.0,109.0,11.0,316.0,17.0,15.0,25.0,50.0,5.531507931838932,110.0,125.0,75,-25.0,-157.0,-0.33,110.0,1.0
07:34:23,110.75,12.0,121.36,22.0,109.0,12.0,135.18,38.0,10.61,24.0,60.0,5.40171454262415,110.75,121.36,84,-36.0,9.0,-0.43,110.0,
07:34:24,110.76,17.0,118.51,41.0,107.3,66.0,120.1,61.0,7.75,83.0,102.0,4.272690019179652,110.76,118.51,185,-19.0,101.0,-0.1,112.0,1.0
07:34:25,109.0,12.0,115.58,52.0,107.0,96.0,116.3,20.0,6.579999999999998,108.0,72.0,1.9592804801757011,109.0,115.58,180,36.0,-5.0,0.2,112.0,
07:34:26,109.0,9.0,113.31,13.0,107.0,72.0,114.02,41.0,4.310000000000002,81.0,54.0,2.6178177935061626,109.0,113.31,135,27.0,-45.0,0.2,112.0,
07:34:27,109.0,10.0,110.33,42.0,107.0,80.0,113.11,18.0,1.3299999999999983,90.0,60.0,2.5877345304334,109.0,110.33,150,30.0,15.0,0.2,112.0,
07:34:28,106.85,39.0,108.86,51.0,105.32,65.0,110.67,15.0,2.010000000000005,104.0,66.0,2.576606295109378,106.85,108.86,170,38.0,20.0,0.22,107.22,9.0
07:34:29,106.0,30.0,107.53,19.0,105.0,121.0,124.41,49.0,1.5300000000000011,151.0,68.0,2.277933273824578,106.0,107.53,219,83.0,49.0,0.38,106.0,1.0
07:34:30,105.01,165.0,106.34,32.0,104.08,130.0,167.75,36.0,1.3299999999999983,295.0,68.0,2.202696075267088,105.01,106.34,363,227.0,144.0,0.63,105.33,6.0
07:34:31,105.0,72.0,106.0,35.0,104.0,63.0,339.6,20.0,1.0,135.0,55.0,1.7218507484671592,105.0,106.0,190,80.0,-168.0,0.42,105.33,
07:34:32,105.0,54.0,170.46,13.0,104.0,84.0,535.52,25.0,65.46000000000001,138.0,38.0,14.021655751015906,105.0,170.46,176,100.0,-14.0,0.57,105.2,5.0
07:34:33,105.0,40.0,233.0,35.0,104.0,70.0,388.33,30.0,128.0,110.0,65.0,28.214540223083542,105.0,233.0,175,45.0,-1.0,0.26,105.2,
07:34:34,105.0,40.0,370.64,28.0,104.0,70.0,457.13,23.0,265.64,110.0,51.0,55.14039154739474,105.0,370.64,161,59.0,-14.0,0.37,105.2,
07:34:37,111.0,9.0,180.9,21.0,109.0,18.0,542.84,19.0,69.9,27.0,40.0,74.30869242558379,111.0,180.9,67,-13.0,-12.0,-0.19,105.2,
07:34:38,111.0,10.0,158.06,35.0,109.0,20.0,226.11,19.0,47.06,30.0,54.0,82.71315324662704,111.0,158.06,84,-24.0,17.0,-0.29,105.2,
07:34:39,109.15,13.0,358.82,11.0,106.81,32.0,461.44,36.0,249.67,45.0,47.0,82.5810796732521,109.15,358.82,92,-2.0,8.0,-0.02,109.67,3.0
07:34:40,106.65,17.0,211.0,12.0,104.26,35.0,435.62,21.0,104.35,52.0,33.0,65.45334002172851,106.65,211.0,85,19.0,-7.0,0.22,109.67,
07:34:41,109.2,15.0,345.23,13.0,108.8,20.0,662.11,19.0,236.03000000000003,35.0,32.0,46.95772641429741,109.2,345.23,67,3.0,-18.0,0.04,110.0,1.0
07:34:42,109.0,53.0,159.13,23.0,108.0,9.0,286.12,32.0,50.13,62.0,55.0,49.35704438071636,109.0,159.13,117,7.0,50.0,0.06,109.0,1.0
07:34:43,109.83,87.0,129.08,12.0,108.94,48.0,131.0,48.0,19.25000000000001,135.0,60.0,52.98132378489616,109.82999999999998,129.08,195,75.0,78.0,0.38,109.0,
07:34:44,110.0,64.0,128.0,8.0,109.0,40.0,131.0,32.0,18.0,104.0,40.0,45.20367330206692,110.0,128.0,144,64.0,-51.0,0.44,109.0,
07:34:45,110.74,94.0,127.31,13.0,109.0,65.0,132.26,43.0,16.570000000000007,159.0,56.0,47.10251617482866,110.74,127.31,215,103.0,71.0,0.48,111.0,5.0
07:34:46,111.5,24.0,126.0,8.0,109.0,40.0,138.71,14.0,14.5,64.0,22.0,6.717527074749236,111.5,126.0,86,42.0,-129.0,0.49,111.0,
07:34:47,112.0,24.0,125.25,8.0,109.0,40.0,149.0,8.0,13.25,64.0,16.0,0.3222886904441155,112.0,125.25,80,48.0,-6.0,0.6,111.0,
07:34:48,112.0,21.0,124.67,9.0,109.0,45.0,184.11,9.0,12.670000000000002,66.0,18.0,0.2890155704942646,112.0,124.67,84,48.0,4.0,0.57,112.0,1.0
07:34:49,111.1,20.0,123.67,9.0,108.95,37.0,465.0,9.0,12.570000000000007,57.0,18.0,0.6345628416382707,111.1,123.67,75,39.0,-9.0,0.52,110.5,4.0
07:34:50,109.0,33.0,122.18,11.0,108.0,11.0,212.3,23.0,13.180000000000009,44.0,34.0,1.312870899969921,109.0,122.18,78,10.0,3.0,0.13,110.5,
07:34:51,110.14,7.0,122.0,5.0,108.92,13.0,403.0,15.0,11.86,20.0,20.0,1.3411450331666863,110.14,122.0,40,0.0,-38.0,0.0,110.5,
07:34:52,111.0,8.0,121.2,20.0,109.0,24.0,395.38,16.0,10.200000000000005,32.0,36.0,1.130057520654376,111.0,121.2,68,-4.0,28.0,-0.06,110.5,
07:34:53,108.84,25.0,115.26,38.0,107.47,15.0,120.0,32.0,6.420000000000002,40.0,70.0,2.0069055782440604,108.84,115.26,110,-30.0,42.0,-0.27,109.5,4.0
07:34:54,107.58,19.0,109.67,49.0,105.96,46.0,117.45,44.0,2.0900000000000034,65.0,93.0,3.2930107804236832,107.58,109.67,158,-28.0,48.0,-0.18,108.0,1.0
07:34:55,105.53,57.0,108.62,39.0,104.81,74.0,110.47,51.0,3.0900000000000034,131.0,90.0,4.154453032588773,105.53,108.62,221,41.0,63.0,0.19,107.0,2.0
07:34:56,105.0,60.0,106.15,39.0,104.0,20.0,108.4,30.0,1.1500000000000057,80.0,69.0,4.2233197842438335,105.0,106.15,149,11.0,-72.0,0.07,107.0,
07:34:57,105.0,42.0,106.0,35.0,104.0,18.0,109.33,27.0,1.0,60.0,62.0,2.715553350605492,105.0,106.0,122,-2.0,-27.0,-0.02,105.25,4.0
07:34:58,104.31,29.0,106.0,39.0,91.49,70.0,110.69,39.0,1.6899999999999975,99.0,78.0,1.452676839487815,104.31,106.0,177,21.0,55.0,0.12,105.0,3.0
07:34:59,104.0,8.0,106.0,11.0,102.0,20.0,107.0,15.0,2.0,28.0,26.0,0.8224475667081079,104.0,106.0,54,2.0,-123.0,0.04,105.0,2.0
07:35:00,104.94,47.0,109.6,25.0,102.98,43.0,268.27,33.0,4.659999999999997,90.0,58.0,0.9084162041620052,104.94,109.6,148,32.0,94.0,0.22,106.0,2.0
07:35:01,105.11,122.0,184.77,22.0,104.67,27.0,414.92,26.0,79.66000000000001,149.0,48.0,17.557510643595993,105.11,184.77,197,101.0,49.0,0.51,108.75,8.0
07:35:02,111.0,40.0,261.05,19.0,106.2,100.0,414.0,16.0,150.05,140.0,35.0,35.77964155773493,111.0,261.05,175,105.0,-22.0,0.6,108.75,
07:35:03,108.36,78.0,349.07,54.0,107.1,100.0,350.17,24.0,240.71,178.0,78.0,53.09191906495752,108.36,349.07,256,100.0,81.0,0.39,111.0,4.0
07:35:04,108.52,62.0,238.55,33.0,107.45,98.0,271.72,29.0,130.03000000000003,160.0,62.0,45.44895125302679,108.52,238.55,222,98.0,-34.0,0.44,109.0,4.0
07:35:05,108.0,34.0,109.0,6.0,105.0,36.0,110.0,6.0,1.0,70.0,12.0,45.03887798336017,108.0,109.0,82,58.0,-140.0,0.71,108.0,6.0
07:35:06,108.0,43.0,109.14,14.0,105.0,84.0,141.43,14.0,1.1400000000000006,127.0,28.0,52.140748460297374,108.0,109.14,155,99.0,73.0,0.64,108.25,4.0
07:35:07,105.39,23.0,109.0,8.0,104.78,23.0,326.0,11.0,3.61,46.0,19.0,54.568241954455495,105.39,109.0,65,27.0,-90.0,0.42,106.0,3.0
07:35:08,105.0,28.0,109.0,7.0,104.0,7.0,358.0,14.0,4.0,35.0,21.0,29.396376477382173,105.0,109.0,56,14.0,-9.0,0.25,106.0,
07:35:09,105.0,20.0,109.0,5.0,103.5,8.0,270.75,8.0,4.0,28.0,13.0,0.8087521251798121,105.0,109.0,41,15.0,-15.0,0.37,106.0,
07:35:10,105.36,44.0,187.62,13.0,104.17,48.0,449.22,18.0,82.26,92.0,31.0,17.474892560470455,105.36,187.62,123,61.0,82.0,0.5,109.0,1.0
07:35:11,109.0,12.0,235.17,12.0,105.0,24.0,278.17,6.0,126.17,36.0,18.0,29.998149609600755,109.0,235.17,54,18.0,-69.0,0.33,109.0,
07:35:12,109.0,4.0,235.0,4.0,105.0,8.0,246.0,2.0,126.0,12.0,6.0,32.66905844985426,109.0,235.0,18,6.0,-36.0,0.33,109.0,
07:35:13,109.0,29.0,212.38,26.0,105.0,40.0,216.4,30.0,103.38,69.0,56.0,27.080791532006547,109.0,212.38,125,13.0,107.0,0.1,109.0,
07:35:14,109.0,65.0,203.62,26.0,105.57,28.0,341.78,18.0,94.62,93.0,44.0,10.898138831929089,109.0,203.62,137,49.0,12.0,0.36,109.0,
07:35:15,109.0,45.0,127.0,18.0,107.0,9.0,210.0,18.0,18.0,54.0,36.0,22.25134445376276,109.0,127.0,90,18.0,-47.0,0.2,109.0,
07:35:16,109.0,75.0,122.48,25.0,107.0,15.0,200.06,36.0,13.480000000000004,90.0,61.0,25.91919308157557,109.0,122.48,151,29.0,61.0,0.19,109.0,
07:35:17,109.0,40.0,123.2,15.0,107.0,8.0,232.85,27.0,14.200000000000005,48.0,42.0,23.0105012983201,109.0,123.2,90,6.0,-61.0,0.07,110.0,1.0
07:35:18,110.33,30.0,124.0,14.0,108.85,27.0,260.8,20.0,13.670000000000002,57.0,34.0,17.71311745571592,110.33,124.0,91,23.0,1.0,0.25,110.0,
07:35:19,111.0,32.0,124.0,16.0,109.0,40.0,270.78,27.0,13.0,72.0,43.0,0.9524284749970672,111.0,124.0,115,29.0,24.0,0.25,110.0,
07:35:20,109.15,40.0,124.0,18.0,107.29,17.0,173.0,27.0,14.849999999999994,57.0,45.0,0.7285739495652722,109.15,124.0,102,12.0,-13.0,0.12,109.89,9.0
07:35:21,107.47,17.0,124.0,26.0,106.08,49.0,221.41,39.0,16.53,66.0,65.0,0.7285739495652722,107.47,124.0,131,1.0,29.0,0.01,109.89,
07:35:22,109.28,36.0,123.0,22.0,105.93,28.0,328.67,27.0,13.72,64.0,49.0,0.7216508851135292,109.28,123.0,113,15.0,-18.0,0.13,107.25,4.0
07:35:23,111.0,24.0,120.36,28.0,105.47,68.0,147.53,51.0,9.36,92.0,79.0,0.7480106951007005,111.0,120.36,171,13.0,58.0,0.08,111.0,4.0
07:35:24,111.0,24.0,119.13,45.0,105.84,38.0,141.23,26.0,8.129999999999995,62.0,71.0,0.562601102011777,111.0,119.12999999999998,133,-9.0,-38.0,-0.07,111.0,
07:35:25,111.43,42.0,115.58,57.0,109.67,18.0,117.19,48.0,4.149999999999992,60.0,105.0,1.0379209989130438,111.43,115.57999999999998,165,-45.0,32.0,-0.27,111.0,
07:35:26,112.0,36.0,114.0,24.0,111.0,12.0,116.0,18.0,2.0,48.0,42.0,1.3691676303449691,112.0,114.0,90,6.0,-75.0,0.07,111.0,
07:35:27,111.52,42.0,112.95,37.0,109.0,25.0,157.12,48.0,1.4300000000000068,67.0,85.0,1.4401492978105324,111.52,112.95000000000002,152,-18.0,62.0,-0.12,111.44,9.0
07:35:28,107.29,42.0,110.97,37.0,105.02,93.0,112.4,45.0,3.6799999999999926,135.0,82.0,2.193611177940088,107.29,110.97,217,53.0,65.0,0.24,108.0,2.0
07:35:29,109.0,114.0,110.0,26.0,106.0,13.0,112.0,39.0,1.0,127.0,65.0,2.024591316780576,109.0,110.0,192,62.0,-25.0,0.32,109.0,3.0
07:35:30,107.11,19.0,110.0,14.0,104.82,39.0,181.82,22.0,2.890000000000001,58.0,36.0,1.995036340516871,107.11,110.0,94,22.0,-98.0,0.23,108.12,8.0
07:35:31,105.0,60.0,110.0,20.0,104.0,90.0,409.0,23.0,5.0,150.0,43.0,1.7622911223695588,105.0,110.0,193,107.0,99.0,0.55,108.12,
07:35:32,105.06,64.0,110.0,24.0,104.12,102.0,343.17,30.0,4.939999999999998,166.0,54.0,0.9115207073798336,105.06,110.0,220,112.0,27.0,0.51,108.12,
07:35:33,106.55,22.0,110.0,22.0,105.0,51.0,224.19,32.0,3.450000000000003,73.0,54.0,0.8264078895933761,106.55,110.0,127,19.0,-93.0,0.15,108.12,
07:35:34,107.62,26.0,110.0,26.0,105.73,33.0,329.92,39.0,2.3799999999999955,59.0,65.0,0.5948277061318967,107.62,110.0,124,-6.0,-3.0,-0.05,108.12,
07:35:35,108.0,18.0,110.0,18.0,107.0,18.0,233.38,24.0,2.0,36.0,42.0,0.6988347444011097,108.0,110.0,78,-6.0,-46.0,-0.08,108.12,
07:35:36,108.0,20.0,110.0,20.0,105.62,26.0,458.8,20.0,2.0,46.0,40.0,0.6299761900121822,108.0,110.0,86,6.0,8.0,0.07,108.12,
07:35:37,108.0,18.0,110.0,18.0,107.0,22.0,368.0,9.0,2.0,40.0,27.0,0.31611706689511,108.0,110.0,67,13.0,-19.0,0.19,108.12,
07:35:38,108.0,16.0,110.0,16.0,107.0,8.0,368.0,8.0,2.0,24.0,24.0,0.0849705830415237,108.0,110.0,48,0.0,-19.0,0.0,108.12,
07:35:39,104.87,46.0,110.0,18.0,104.18,17.0,170.35,17.0,5.129999999999996,63.0,35.0,0.7021253449223425,104.87,110.0,98,28.0,50.0,0.29,107.67,3.0
07:35:40,104.24,84.0,109.6,20.0,103.56,48.0,115.4,20.0,5.359999999999999,132.0,40.0,1.0157263410890642,104.24,109.6,172,92.0,74.0,0.53,107.67,
07:35:41,104.13,62.0,108.78,18.0,103.71,51.0,110.0,18.0,4.650000000000006,113.0,36.0,1.1838285348740356,104.13,108.78,149,77.0,-23.0,0.52,107.67,
07:35:42,104.12,51.0,107.0,18.0,102.62,87.0,110.0,18.0,2.8799999999999955,138.0,36.0,1.2788158585119944,104.12,107.0,174,102.0,25.0,0.59,104.5,4.0
07:35:43,104.0,42.0,108.5,12.0,102.0,53.0,228.8,15.0,4.5,95.0,27.0,0.7048900623370865,104.0,108.5,122,68.0,-52.0,0.56,107.0,2.0
07:35:44,104.0,50.0,110.0,20.0,102.0,78.0,582.52,29.0,6.0,128.0,49.0,0.5819192383669307,104.0,110.0,177,79.0,55.0,0.45,104.0,2.0
07:35:45,104.0,10.0,110.0,4.0,102.0,20.0,633.0,8.0,6.0,30.0,12.0,0.5993913579470054,104.0,110.0,42,18.0,-135.0,0.43,104.0,
07:35:46,104.0,35.0,110.0,14.0,102.0,70.0,338.14,28.0,6.0,105.0,42.0,0.6474720071026973,104.0,110.0,147,63.0,105.0,0.43,104.0,
07:35:47,104.0,28.0,109.6,20.0,102.0,80.0,167.0,10.0,5.599999999999994,108.0,30.0,0.3248076353500439,104.0,109.6,138,78.0,-9.0,0.57,104.0,4.0
07:35:48,104.0,11.0,107.27,44.0,102.04,94.0,110.82,22.0,3.269999999999996,105.0,66.0,0.5922161767307943,104.0,107.27,171,39.0,33.0,0.23,104.0,
07:35:49,105.09,33.0,109.33,39.0,102.46,35.0,147.15,26.0,4.239999999999995,68.0,65.0,0.626338566576938,105.09,109.33,133,3.0,-38.0,0.02,106.0,8.0
07:35:50,106.43,42.0,109.27,56.0,105.82,56.0,110.5,24.0,2.839999999999989,98.0,80.0,0.8071864716295204,106.43,109.27,178,18.0,45.0,0.1,109.0,1.0
07:35:51,106.3,43.0,108.78,37.0,105.71,35.0,257.84,19.0,2.480000000000004,78.0,56.0,0.8584113233070472,106.3,108.78,134,22.0,-44.0,0.16,107.0,3.0
07:35:52,106.03,62.0,109.18,28.0,105.09,22.0,381.56,18.0,3.1500000000000057,84.0,46.0,0.8853530369190664,106.03,109.18,130,38.0,-4.0,0.29,107.0,1.0
07:35:53,104.6,60.0,108.11,18.0,102.11,57.0,148.0,15.0,3.510000000000005,117.0,33.0,0.5802844130095748,104.6,108.11,150,84.0,20.0,0.56,107.0,
07:35:54,104.07,30.0,107.57,7.0,102.56,50.0,110.0,6.0,3.5,80.0,13.0,0.891868824425305,104.07,107.57,93,67.0,-57.0,0.72,108.0,1.0
07:35:55,105.0,16.0,107.0,10.0,104.0,70.0,110.0,10.0,2.0,86.0,20.0,0.8526312215616125,105.0,107.0,106,66.0,13.0,0.62,108.0,
07:35:56,105.0,8.0,107.0,8.0,104.0,56.0,110.0,8.0,2.0,64.0,16.0,0.7268562443712884,105.0,107.0,80,48.0,-26.0,0.6,108.0,
07:35:57,104.15,41.0,105.7,30.0,102.97,87.0,107.82,11.0,1.5499999999999972,128.0,41.0,0.5399999999827323,104.15000000000002,105.7,169,87.0,89.0,0.51,106.0,1.0
07:35:58,104.0,36.0,106.14,21.0,102.0,63.0,109.12,17.0,2.140000000000001,99.0,38.0,0.5254712170816463,104.0,106.14,137,61.0,-32.0,0.45,104.0,4.0
07:35:59,102.06,93.0,109.0,29.0,100.95,19.0,176.58,19.0,6.939999999999998,112.0,48.0,0.5054997527014712,102.06,109.0,160,64.0,23.0,0.4,105.25,4.0
07:36:00,102.24,59.0,109.0,21.0,101.57,23.0,209.74,31.0,6.760000000000005,82.0,52.0,0.4360848541066556,102.24,109.0,134,30.0,-26.0,0.22,105.25,
07:36:01,104.64,98.0,241.4,48.0,102.52,134.0,309.38,63.0,136.76,232.0,111.0,30.29346414657766,104.64,241.4,343,121.0,168.0,0.35,109.0,3.0
07:36:02,109.0,46.0,131.0,24.0,104.0,112.0,132.0,32.0,22.0,158.0,56.0,29.296395170737085,109.0,131.0,214,102.0,-129.0,0.48,109.0,2.0
07:36:03,109.0,45.0,130.0,27.0,104.8,70.0,132.0,36.0,21.0,115.0,63.0,27.908251109662675,109.0,130.0,178,52.0,-36.0,0.29,109.0,
07:36:04,107.8,40.0,128.73,33.0,104.7,80.0,268.44,36.0,20.929999999999996,120.0,69.0,26.249716188941715,107.8,128.73,189,51.0,11.0,0.27,107.5,8.0
07:36:05,105.0,24.0,128.0,18.0,104.0,48.0,229.0,24.0,23.0,72.0,42.0,24.39040959065652,105.0,128.0,114,30.0,-75.0,0.26,107.5,
07:36:06,106.5,28.0,128.0,24.0,104.86,35.0,204.0,37.0,21.5,63.0,61.0,1.472589555845619,106.5,128.0,124,2.0,10.0,0.02,107.5,
07:36:07,109.33,36.0,126.9,20.0,108.0,36.0,181.17,36.0,17.570000000000007,72.0,56.0,1.1310526070813358,109.33,126.9,128,16.0,4.0,0.12,107.5,
07:36:08,110.0,27.0,117.14,21.0,109.0,54.0,122.33,27.0,7.140000000000001,81.0,48.0,1.90927996898966,110.0,117.14,129,33.0,1.0,0.26,107.5,
07:36:09,110.67,27.0,113.86,21.0,109.0,54.0,115.0,35.0,3.1899999999999977,81.0,56.0,2.507060031188877,110.67,113.86,137,25.0,8.0,0.18,107.5,
07:36:10,109.73,56.0,113.35,26.0,108.07,90.0,209.58,48.0,3.6199999999999903,146.0,74.0,2.970668274981986,109.73,113.35,220,72.0,83.0,0.33,111.33,3.0
07:36:11,109.0,72.0,113.0,36.0,107.0,84.0,404.2,41.0,4.0,156.0,77.0,2.862449999560527,109.0,113.0,233,79.0,13.0,0.34,111.33,
07:36:12,107.82,68.0,112.23,39.0,106.59,79.0,520.57,47.0,4.410000000000011,147.0,86.0,1.3335104049026176,107.82,112.23,233,61.0,0.0,0.26,109.0,6.0
07:36:13,108.0,96.0,109.92,36.0,107.0,84.0,221.25,36.0,1.9200000000000017,180.0,72.0,1.293143456845869,108.0,109.92,252,108.0,19.0,0.43,109.0,
07:36:14,108.0,53.0,109.0,21.0,107.0,49.0,124.71,21.0,1.0,102.0,42.0,1.2945964622163384,108.0,109.0,144,60.0,-108.0,0.42,108.0,3.0
07:36:15,107.57,81.0,273.57,47.0,106.56,90.0,376.67,45.0,166.0,171.0,92.0,36.21381186784936,107.57,273.57,263,79.0,119.0,0.3,108.38,8.0
07:36:16,107.14,116.0,181.81,59.0,104.42,170.0,344.19,57.0,74.67,286.0,116.0,35.88411027181793,107.14,181.81,402,170.0,139.0,0.42,108.38,
07:36:17,111.0,60.0,143.81,64.0,108.26,57.0,144.73,64.0,32.81,117.0,128.0,33.95214912196267,111.0,143.81,245,-11.0,-157.0,-0.04,108.38,
07:36:18,111.0,32.0,132.62,32.0,109.0,24.0,136.0,40.0,21.620000000000005,56.0,72.0,31.81420641788808,111.0,132.62,128,-16.0,-117.0,-0.12,108.38,
07:36:19,111.0,43.0,131.0,24.0,109.0,30.0,132.95,42.0,20.0,73.0,66.0,29.24989282031631,111.0,131.0,139,7.0,11.0,0.05,108.38,
07:36:20,111.0,50.0,130.0,20.0,109.0,30.0,132.0,40.0,19.0,80.0,60.0,10.135292299681709,111.0,130.0,140,20.0,1.0,0.14,108.38,
07:36:21,111.0,59.0,128.46,50.0,109.0,39.0,130.11,38.0,17.460000000000008,98.0,88.0,3.0686560576229334,111.0,128.46,186,10.0,46.0,0.05,111.0,1.0
07:36:22,111.0,40.0,124.47,47.0,109.0,30.0,125.57,23.0,13.47,70.0,70.0,1.5518795056270764,111.0,124.47,140,0.0,-46.0,0.0,111.0,
07:36:23,111.0,48.0,123.25,60.0,109.0,45.0,123.89,45.0,12.25,93.0,105.0,1.7100380112690636,111.0,123.25,198,-12.0,58.0,-0.06,111.0,1.0
07:36:24,111.0,21.0,121.45,22.0,109.0,30.0,122.91,47.0,10.450000000000005,51.0,69.0,1.794427485295734,111.0,121.45,120,-18.0,-78.0,-0.15,111.0,1.0
07:36:25,109.5,40.0,119.18,65.0,107.67,45.0,119.96,54.0,9.680000000000009,85.0,119.0,1.978901210264024,109.5,119.18,204,-34.0,84.0,-0.17,111.0,
07:36:26,110.1,29.0,116.47,30.0,106.5,28.0,118.43,35.0,6.3700000000000045,57.0,65.0,1.875305308472209,110.1,116.47,122,-8.0,-82.0,-0.07,108.5,4.0
07:36:27,111.0,30.0,114.67,30.0,107.98,92.0,115.67,30.0,3.6700000000000017,122.0,60.0,1.8569248773129656,111.0,114.67,182,62.0,60.0,0.34,108.5,
07:36:28,111.0,30.0,112.3,50.0,108.38,64.0,114.0,20.0,1.2999999999999972,94.0,70.0,1.727200046312949,111.0,112.3,164,24.0,-18.0,0.15,108.5,
07:36:29,108.36,69.0,110.74,35.0,107.81,59.0,111.77,35.0,2.3799999999999955,128.0,70.0,1.830469885024905,108.36,110.74,198,58.0,34.0,0.29,109.86,7.0
07:36:30,107.85,53.0,108.96,25.0,105.8,75.0,130.29,49.0,1.1099999999999994,128.0,74.0,2.107980075803081,107.84999999999998,108.96,202,54.0,4.0,0.27,107.91,11.0
07:36:31,105.16,75.0,206.57,21.0,104.56,80.0,435.75,24.0,101.41,155.0,45.0,20.31608229949823,105.16,206.57,200,110.0,-2.0,0.55,105.8,5.0
07:36:32,105.0,72.0,241.38,26.0,104.0,42.0,294.5,24.0,136.38,114.0,50.0,30.58234327189447,105.0,241.38,164,64.0,-36.0,0.39,105.8,
07:36:33,105.0,108.0,223.74,31.0,104.0,63.0,378.82,38.0,118.74,171.0,69.0,31.012866362205088,105.0,223.74,240,102.0,76.0,0.42,105.8,
07:36:34,105.0,36.0,246.0,9.0,104.0,21.0,579.0,9.0,141.0,57.0,18.0,27.432435728531203,105.0,246.0,75,39.0,-165.0,0.52,105.8,
07:36:35,105.0,108.0,229.76,34.0,104.0,63.0,283.68,22.0,124.76,171.0,56.0,7.764680933560533,105.0,229.76,227,115.0,152.0,0.51,105.8,
07:36:36,105.0,144.0,195.25,60.0,104.0,84.0,228.36,39.0,90.25,228.0,99.0,9.982723576259042,105.0,195.25,327,129.0,100.0,0.39,105.8,
07:36:37,105.33,169.0,214.88,41.0,104.59,114.0,223.1,58.0,109.55,283.0,99.0,9.359427332908645,105.33,214.88,382,184.0,55.0,0.48,105.8,
07:36:38,109.13,91.0,148.17,48.0,106.36,97.0,166.3,27.0,39.03999999999999,188.0,75.0,18.08693451085604,109.13,148.17,263,113.0,-119.0,0.43,109.0,1.0
07:36:39,109.22,91.0,120.28,64.0,106.45,138.0,121.66,64.0,11.060000000000002,229.0,128.0,21.99018985820704,109.22,120.28,357,101.0,94.0,0.28,109.57,7.0
07:36:40,109.4,60.0,117.22,65.0,106.05,130.0,118.09,67.0,7.819999999999993,190.0,132.0,21.014521883687685,109.4,117.22,322,58.0,-35.0,0.18,111.0,3.0
07:36:41,109.0,44.0,114.55,66.0,105.94,77.0,115.78,46.0,5.549999999999997,121.0,112.0,20.368607708922724,109.0,114.55,233,9.0,-89.0,0.04,109.0,2.0
07:36:42,106.07,82.0,109.45,33.0,105.44,18.0,114.14,35.0,3.3800000000000097,100.0,68.0,7.933852784113347,106.07,109.45,168,32.0,-65.0,0.19,109.0,2.0
07:36:43,106.0,29.0,107.0,15.0,105.0,7.0,109.57,21.0,1.0,36.0,36.0,3.5557516786161605,106.0,107.0,72,0.0,-96.0,0.0,106.14,7.0
07:36:44,106.0,14.0,108.81,31.0,105.0,7.0,119.62,26.0,2.8100000000000023,21.0,57.0,2.9996283103046557,106.0,108.81,78,-36.0,6.0,-0.46,108.0,5.0
07:36:45,108.05,19.0,110.0,67.0,106.83,35.0,255.09,44.0,1.9500000000000028,54.0,111.0,2.045182143473017,108.05,110.0,165,-57.0,87.0,-0.35,109.0,1.0
07:36:46,108.62,8.0,110.0,56.0,107.43,21.0,251.87,30.0,1.3799999999999957,29.0,86.0,1.1666833332060345,108.62,110.0,115,-57.0,-50.0,-0.5,108.33,3.0
07:36:47,108.0,8.0,110.0,56.0,106.0,16.0,269.11,28.0,2.0,24.0,84.0,1.2328300774968248,108.0,110.0,108,-60.0,-7.0,-0.56,108.33,
07:36:48,108.0,7.0,109.81,21.0,106.0,14.0,237.57,21.0,1.8100000000000025,21.0,42.0,0.7578060437743886,108.0,109.81000000000002,63,-21.0,-45.0,-0.33,109.2,5.0
07:36:49,108.0,8.0,110.0,16.0,106.0,16.0,486.18,28.0,2.0,24.0,44.0,0.1544991908752343,108.0,110.0,68,-20.0,5.0,-0.29,109.2,
07:36:50,107.25,12.0,110.0,24.0,105.2,30.0,319.14,49.0,2.75,42.0,73.0,0.2473459115915869,107.25,110.0,115,-31.0,47.0,-0.27,106.67,3.0
07:36:51,105.0,14.0,140.91,22.0,104.0,56.0,377.76,51.0,35.91,70.0,73.0,6.294217981606773,105.0,140.91,143,-3.0,28.0,-0.02,106.67,
07:36:52,105.0,12.0,109.56,18.0,104.0,48.0,225.59,32.0,4.560000000000002,60.0,50.0,6.521173207328717,105.0,109.56,110,10.0,-33.0,0.09,106.67,
07:36:53,105.0,5.0,109.0,20.0,104.0,20.0,110.0,5.0,4.0,25.0,25.0,6.750940675193477,105.0,109.0,50,0.0,-60.0,0.0,106.67,
07:36:54,105.93,44.0,108.32,19.0,102.8,25.0,133.08,25.0,2.3899999999999864,69.0,44.0,6.937858459206386,105.93,108.32,113,25.0,63.0,0.22,106.7,10.0
07:36:55,106.0,77.0,110.0,11.0,104.0,11.0,309.0,33.0,4.0,88.0,44.0,6.9873242375019045,106.0,110.0,132,44.0,19.0,0.33,106.7,
07:36:56,106.0,22.0,109.83,6.0,104.0,6.0,309.0,18.0,3.8299999999999983,28.0,24.0,0.4644136087372292,106.0,109.83,52,4.0,-80.0,0.08,106.0,5.0
07:36:57,106.75,24.0,109.0,9.0,104.42,19.0,288.96,28.0,2.25,43.0,37.0,0.4821617985493895,106.75,109.0,80,6.0,28.0,0.07,106.0,
07:36:58,105.8,20.0,109.0,8.0,101.5,72.0,162.69,26.0,3.200000000000003,92.0,34.0,0.3842915559577285,105.8,109.0,126,58.0,46.0,0.46,106.25,4.0
07:36:59,104.97,74.0,137.0,36.0,102.44,39.0,210.0,45.0,32.03,113.0,81.0,5.903424429937377,104.97,137.0,194,32.0,68.0,0.16,109.0,1.0
07:37:00,105.81,32.0,160.5,18.0,102.0,12.0,396.5,18.0,54.69,44.0,36.0,11.436148827292484,105.81,160.5,80,8.0,-114.0,0.1,106.0,1.0
07:37:01,106.0,40.0,204.36,14.0,102.0,16.0,235.45,20.0,98.36,56.0,34.0,19.97699977474062,106.0,204.36,90,22.0,10.0,0.24,106.0,
07:37:02,104.7,40.0,161.85,34.0,101.15,106.0,277.69,26.0,57.14999999999999,146.0,60.0,17.654436269674218,104.7,161.85,206,86.0,116.0,0.42,105.0,3.0
07:37:03,104.44,27.0,186.44,18.0,103.85,33.0,355.38,32.0,82.0,60.0,50.0,13.084242431260249,104.44,186.44,110,10.0,-96.0,0.09,105.0,
07:37:04,106.54,13.0,280.55,33.0,104.0,52.0,373.69,35.0,174.01,65.0,68.0,24.92002006419729,106.54,280.55,133,-3.0,23.0,-0.02,105.0,
07:37:05,109.04,25.0,305.58,24.0,106.4,25.0,450.08,26.0,196.54,50.0,50.0,31.90156579229302,109.04,305.58,100,0.0,-33.0,0.0,105.0,
07:37:06,111.0,8.0,249.06,17.0,109.0,32.0,259.65,23.0,138.06,40.0,40.0,31.54317913590832,111.0,249.06000000000003,80,0.0,-20.0,0.0,105.0,
07:37:07,111.95,42.0,247.33,24.0,110.11,18.0,260.0,44.0,135.38,60.0,68.0,23.003192604506115,111.95000000000002,247.33,128,-8.0,48.0,-0.06,105.0,
07:37:08,111.58,36.0,247.0,16.0,108.55,11.0,272.0,40.0,135.42000000000002,47.0,56.0,12.377753027105005,111.58,247.0,103,-9.0,-25.0,-0.09,111.8,5.0
07:37:09,111.0,110.0,156.38,26.0,108.33,12.0,166.09,44.0,45.38,122.0,70.0,26.50833114324632,111.0,156.38,192,52.0,89.0,0.27,111.8,
07:37:10,111.0,77.0,152.86,14.0,109.0,14.0,424.0,21.0,41.860000000000014,91.0,35.0,25.666029689065592,111.0,152.86,126,56.0,-66.0,0.44,111.8,
07:37:11,111.0,64.0,145.45,22.0,109.0,18.0,299.7,27.0,34.44999999999999,82.0,49.0,26.463946795593287,111.0,145.45,131,33.0,5.0,0.25,111.0,5.0
07:37:12,111.0,62.0,138.92,26.0,109.0,26.0,202.09,44.0,27.919999999999987,88.0,70.0,22.431326309426915,111.0,138.92,158,18.0,27.0,0.11,111.0,4.0
07:37:13,111.0,14.0,138.0,14.0,109.0,14.0,417.41,29.0,27.0,28.0,43.0,4.0979958516308495,111.0,138.0,71,-15.0,-87.0,-0.21,111.0,
07:37:14,111.0,28.0,138.0,28.0,109.0,67.0,233.43,70.0,27.0,95.0,98.0,3.252864891135647,111.0,138.0,193,-3.0,122.0,-0.02,111.0,
07:37:15,111.0,14.0,138.0,14.0,109.0,35.0,294.14,35.0,27.0,49.0,49.0,1.6289014703112987,111.0,138.0,98,0.0,-95.0,0.0,111.0,
07:37:16,111.0,41.0,136.79,28.0,109.0,70.0,183.0,70.0,25.789999999999992,111.0,98.0,0.3805259517851241,111.0,136.79,209,13.0,111.0,0.06,111.0,1.0
07:37:17,111.0,54.0,135.0,12.0,109.0,30.0,179.89,27.0,24.0,84.0,39.0,0.6579665644862331,111.0,135.0,123,45.0,-86.0,0.37,111.0,
07:37:18,111.0,63.0,134.92,13.0,109.0,35.0,172.85,26.0,23.919999999999987,98.0,39.0,0.7630858405066197,111.0,134.92,137,59.0,14.0,0.43,111.0,
07:37:19,111.0,126.0,134.0,14.0,109.0,70.0,135.0,28.0,23.0,196.0,42.0,0.8076509146788228,111.0,134.0,238,154.0,101.0,0.65,111.0,
07:37:20,111.0,144.0,131.26,19.0,109.0,80.0,132.2,30.0,20.25999999999999,224.0,49.0,1.0097672999168086,111.0,131.26,273,175.0,35.0,0.64,111.0,
07:37:21,111.0,82.0,126.58,24.0,109.0,65.0,128.04,25.0,15.579999999999998,147.0,49.0,1.7823944568980454,111.0,126.58,196,98.0,-77.0,0.5,111.0,5.0
07:37:22,109.8,35.0,124.91,22.0,107.28,39.0,126.0,22.0,15.11,74.0,44.0,2.4127018050269773,109.8,124.91,118,30.0,-78.0,0.25,109.89,9.0
07:37:23,108.0,8.0,121.44,18.0,105.0,32.0,122.6,20.0,13.439999999999998,40.0,38.0,3.074893494087198,108.0,121.44,78,2.0,-40.0,0.03,109.89,
07:37:24,107.55,20.0,117.25,40.0,105.72,50.0,118.26,27.0,9.700000000000005,70.0,67.0,3.415680020139323,107.55,117.25,137,3.0,59.0,0.02,109.89,
07:37:25,107.68,65.0,114.39,62.0,106.08,61.0,114.87,46.0,6.709999999999994,126.0,108.0,3.255191238618426,107.68,114.39,234,18.0,97.0,0.08,109.89,
07:37:26,108.0,60.0,111.25,24.0,107.0,45.0,112.27,33.0,3.25,105.0,57.0,3.0636301996124407,108.0,111.25,162,48.0,-72.0,0.3,109.67,3.0
07:37:27,110.54,26.0,122.96,49.0,107.94,47.0,198.14,35.0,12.419999999999987,73.0,84.0,2.8565766224586584,110.54,122.96,157,-11.0,-5.0,-0.07,111.0,2.0
07:37:28,108.0,56.0,214.68,22.0,107.0,42.0,262.24,29.0,106.68,98.0,51.0,22.026708106296343,108.0,214.68,149,47.0,-8.0,0.32,111.0,
07:37:29,108.0,44.0,210.0,14.0,107.0,33.0,214.21,19.0,102.0,77.0,33.0,26.27728049094854,108.0,210.0,110,44.0,-39.0,0.4,111.0,
07:37:30,108.5,32.0,208.58,24.0,107.73,44.0,209.11,18.0,100.08,76.0,42.0,25.5837917439927,108.5,208.58,118,34.0,8.0,0.29,111.0,
07:37:31,109.31,32.0,183.65,26.0,108.0,64.0,187.31,26.0,74.34,96.0,52.0,18.62813517236743,109.31,183.65000000000003,148,44.0,30.0,0.3,111.0,
07:37:32,110.0,14.0,161.74,19.0,108.0,28.0,162.33,9.0,51.74000000000001,42.0,28.0,10.832265690980536,110.0,161.74,70,14.0,-78.0,0.2,111.0,
07:37:33,108.72,50.0,156.17,36.0,107.58,62.0,158.12,34.0,47.44999999999999,112.0,70.0,12.36817205572397,108.72,156.17,182,42.0,112.0,0.23,110.0,2.0
07:37:34,107.9,59.0,139.26,39.0,106.68,50.0,152.57,35.0,31.359999999999985,109.0,74.0,13.487394855938188,107.9,139.26,183,35.0,1.0,0.19,108.0,4.0
07:37:35,105.45,40.0,106.76,25.0,104.07,182.0,112.67,18.0,1.3100000000000025,222.0,43.0,15.148063572614904,105.45,106.76,265,179.0,82.0,0.68,106.43,7.0
07:37:36,104.0,119.0,107.43,14.0,103.0,21.0,109.5,12.0,3.430000000000007,140.0,26.0,14.26368010016975,104.0,107.43,166,114.0,-99.0,0.69,106.4,5.0
07:37:37,104.0,188.0,106.79,14.0,103.0,36.0,108.33,24.0,2.7900000000000063,224.0,38.0,12.597933560706506,104.0,106.79,262,186.0,96.0,0.71,104.0,4.0
07:37:38,104.08,99.0,107.9,20.0,103.71,73.0,110.36,22.0,3.820000000000008,172.0,42.0,7.9563044185081635,104.08,107.9,214,130.0,-48.0,0.61,107.0,1.0
07:37:39,104.08,72.0,108.0,18.0,103.05,73.0,111.0,18.0,3.9200000000000017,145.0,36.0,0.2976911150347384,104.08,108.0,181,109.0,-33.0,0.6,107.0,
07:37:40,105.0,55.0,108.91,22.0,104.0,77.0,111.0,22.0,3.9099999999999966,132.0,44.0,0.5829065104892209,105.0,108.91,176,88.0,-5.0,0.5,107.0,
07:37:41,104.34,53.0,110.82,22.0,102.87,97.0,136.28,25.0,6.47999999999999,150.0,47.0,0.867784535452741,104.34,110.82,197,103.0,21.0,0.52,106.14,7.0
07:37:42,104.0,56.0,105.75,16.0,102.0,88.0,115.25,16.0,1.75,144.0,32.0,1.0295970085285182,104.0,105.75,176,112.0,-21.0,0.64,106.14,
07:37:43,104.0,92.0,105.0,21.0,102.0,121.0,111.0,22.0,1.0,213.0,43.0,1.313811249750397,104.0,105.0,256,170.0,80.0,0.66,105.0,1.0
07:37:44,104.0,124.0,116.29,17.0,102.0,121.0,439.5,40.0,12.290000000000006,245.0,57.0,2.281944346379023,104.0,116.29,302,188.0,46.0,0.62,107.0,5.0
07:37:45,104.0,45.0,121.0,8.0,102.0,44.0,549.0,20.0,17.0,89.0,28.0,3.4279323213814794,104.0,121.0,117,61.0,-168.0,0.52,104.0,1.0
07:37:46,104.0,89.0,254.71,14.0,102.0,77.0,503.9,31.0,150.71,166.0,45.0,32.092834402713336,104.0,254.71,211,121.0,94.0,0.57,104.0,
07:37:47,104.16,124.0,167.47,47.0,102.81,148.0,220.56,27.0,63.31,272.0,74.0,30.858109631018944,104.16,167.47,346,198.0,135.0,0.57,104.0,
07:37:48,105.94,18.0,166.0,32.0,103.8,112.0,407.25,24.0,60.06,130.0,56.0,27.8068619229137,105.94,166.0,186,74.0,-160.0,0.4,109.0,1.0
07:37:49,104.82,34.0,148.42,38.0,103.5,88.0,277.94,34.0,43.6,122.0,72.0,24.996537160174604,104.82,148.42,194,50.0,8.0,0.26,109.0,
07:37:50,107.0,18.0,142.38,37.0,105.0,36.0,355.51,41.0,35.379999999999995,54.0,78.0,22.33397971701397,107.0,142.38,132,-24.0,-62.0,-0.18,109.0,
07:37:51,109.15,13.0,141.6,40.0,105.82,34.0,313.0,20.0,32.44999999999999,47.0,60.0,5.6985463058558645,109.15,141.6,107,-13.0,-25.0,-0.12,109.0,
07:37:52,111.0,11.0,140.0,44.0,107.0,22.0,278.45,22.0,29.0,33.0,66.0,4.712183145844604,111.0,140.0,99,-33.0,-8.0,-0.33,109.0,
07:37:53,104.4,127.0,136.75,65.0,103.13,183.0,182.67,66.0,32.349999999999994,310.0,131.0,2.326839057601448,104.4,136.75,441,179.0,168.0,0.41,106.1,10.0
07:37:54,106.16,97.0,134.0,39.0,104.43,127.0,135.0,52.0,27.840000000000003,224.0,91.0,2.685643312128133,106.16,134.0,315,133.0,-126.0,0.42,106.1,
07:37:55,106.0,51.0,124.52,27.0,104.0,70.0,133.0,24.0,18.52,121.0,51.0,4.264879834177871,106.0,124.52,172,70.0,-143.0,0.41,106.0,2.0
07:37:56,107.82,89.0,110.36,69.0,104.26,85.0,112.97,67.0,2.5400000000000063,174.0,136.0,6.206377365257008,107.82,110.36,310,38.0,138.0,0.12,109.0,4.0
07:37:57,105.03,71.0,126.3,40.0,103.76,109.0,262.34,35.0,21.27,180.0,75.0,4.635307972505495,105.03,126.3,255,105.0,-55.0,0.41,109.89,9.0
07:37:58,109.91,88.0,301.08,25.0,104.47,76.0,416.62,13.0,191.17,164.0,38.0,40.64704946241469,109.91,301.08,202,126.0,-53.0,0.62,109.89,
07:37:59,111.0,112.0,385.9,20.0,104.18,110.0,463.45,22.0,274.9,222.0,42.0,64.11893908978848,111.0,385.9,264,180.0,62.0,0.68,109.89,
07:38:00,111.0,112.0,331.0,17.0,104.15,108.0,557.2,25.0,220.0,220.0,42.0,63.60815018533411,111.0,331.0,262,178.0,-2.0,0.68,109.89,
07:38:01,111.0,119.0,178.48,44.0,106.34,171.0,243.83,18.0,67.47999999999999,290.0,62.0,55.11184691153097,111.0,178.48,352,228.0,90.0,0.65,111.0,1.0
07:38:02,111.0,59.0,146.09,23.0,108.0,121.0,140.27,33.0,35.09,180.0,56.0,51.09429547415276,111.0,146.09,236,124.0,-116.0,0.53,111.0,3.0
07:38:03,108.13,94.0,126.0,40.0,107.17,30.0,174.9,29.0,17.870000000000005,124.0,69.0,58.94038615414743,108.13,126.0,193,55.0,-43.0,0.28,110.4,5.0
07:38:04,108.0,66.0,124.0,27.0,106.68,19.0,125.28,29.0,16.0,85.0,56.0,43.78226718661327,108.0,124.0,141,29.0,-52.0,0.21,108.0,4.0
07:38:05,108.0,66.0,121.91,33.0,105.26,31.0,123.64,33.0,13.909999999999997,97.0,66.0,12.693428220932905,108.0,121.91,163,31.0,22.0,0.19,108.0,
07:38:06,108.0,36.0,120.5,18.0,105.0,18.0,122.0,18.0,12.5,54.0,36.0,5.899410987545365,108.0,120.5,90,18.0,-73.0,0.2,108.0,
07:38:07,108.0,48.0,118.75,24.0,105.0,24.0,122.0,24.0,10.75,72.0,48.0,1.444911762000924,108.0,118.75,120,24.0,30.0,0.2,108.0,
07:38:08,109.33,54.0,116.92,39.0,107.29,63.0,121.62,39.0,7.590000000000003,117.0,78.0,1.1748914843371565,109.33,116.92,195,39.0,75.0,0.2,108.0,
07:38:09,110.27,33.0,113.0,19.0,108.05,63.0,115.78,27.0,2.730000000000004,96.0,46.0,1.252138171276335,110.27,113.0,142,50.0,-53.0,0.35,111.0,3.0
07:38:10,109.0,21.0,113.0,7.0,108.0,42.0,116.0,21.0,4.0,63.0,28.0,1.3286647432541452,109.0,113.0,91,35.0,-51.0,0.38,111.0,
07:38:11,108.44,27.0,111.53,15.0,107.67,36.0,112.82,17.0,3.0900000000000034,63.0,32.0,1.4320509767343907,108.44,111.53,95,31.0,4.0,0.33,108.75,4.0
07:38:12,107.57,37.0,109.07,43.0,106.25,32.0,141.67,18.0,1.5,69.0,61.0,1.8013689238923605,107.57,109.06999999999998,130,8.0,35.0,0.06,108.0,5.0
07:38:13,107.0,36.0,109.0,45.0,105.0,27.0,240.33,9.0,2.0,63.0,54.0,1.604026184313804,107.0,109.0,117,9.0,-13.0,0.08,108.0,
07:38:14,107.87,61.0,114.43,35.0,106.71,42.0,405.12,16.0,6.560000000000002,103.0,51.0,1.472300920316301,107.87,114.43,154,52.0,37.0,0.34,108.0,8.0
07:38:15,111.94,145.0,337.0,14.0,110.15,26.0,568.08,25.0,225.06,171.0,39.0,51.49238031010008,111.94,337.0,210,132.0,56.0,0.63,108.0,
07:38:17,112.0,104.0,342.0,12.0,111.0,16.0,492.68,19.0,230.0,120.0,31.0,80.8777452084319,112.0,342.0,151,89.0,-35.0,0.59,108.0,
07:38:18,112.0,108.0,140.0,11.0,111.0,22.0,489.32,31.0,28.0,130.0,42.0,76.43721390788673,112.0,140.0,172,88.0,21.0,0.51,112.0,4.0
07:38:22,109.76,17.0,367.29,42.0,107.15,33.0,500.22,36.0,257.53000000000003,50.0,78.0,72.71996713420647,109.76,367.29,128,-28.0,31.0,-0.22,111.0,2.0
07:38:24,109.0,32.0,335.0,32.0,108.0,8.0,479.0,24.0,226.0,40.0,56.0,36.3008378691193,109.0,335.0,96,-16.0,-36.0,-0.17,111.0,
07:38:25,108.5,42.0,255.2,40.0,105.37,41.0,286.14,42.0,146.7,83.0,82.0,43.81994443173179,108.5,255.2,165,1.0,69.0,0.01,107.2,5.0
07:38:26,109.0,24.0,245.36,33.0,105.0,45.0,346.48,29.0,136.36,69.0,62.0,41.86191407472956,109.0,245.36,131,7.0,-34.0,0.05,109.0,1.0
07:38:27,109.0,20.0,243.0,50.0,105.0,50.0,244.0,30.0,134.0,70.0,80.0,44.04980170216467,109.0,243.0,150,-10.0,19.0,-0.07,109.0,
07:38:28,109.0,26.0,241.91,55.0,105.0,65.0,242.98,49.0,132.91,91.0,104.0,20.006794595836976,109.0,241.91,195,-13.0,45.0,-0.07,109.0,
07:38:29,109.0,12.0,240.38,24.0,105.0,30.0,241.62,24.0,131.38,42.0,48.0,2.8411142180495026,109.0,240.38,90,-6.0,-105.0,-0.07,109.0,
07:38:30,109.0,22.0,186.76,45.0,105.52,27.0,198.84,43.0,77.75999999999999,49.0,88.0,12.532531667623946,109.0,186.76,137,-39.0,47.0,-0.28,109.0,
07:38:31,107.86,21.0,177.94,48.0,104.57,37.0,178.84,32.0,70.08,58.0,80.0,16.52683968579567,107.86,177.93999999999997,138,-22.0,1.0,-0.16,107.0,5.0
07:38:32,105.77,31.0,175.85,39.0,104.08,78.0,177.0,49.0,70.08,109.0,88.0,17.286559229643842,105.77,175.85,197,21.0,59.0,0.11,111.0,2.0
07:38:33,105.0,18.0,115.96,28.0,104.0,48.0,174.5,20.0,10.959999999999994,66.0,48.0,22.85720608473342,105.0,115.96,114,18.0,-83.0,0.16,111.0,
07:38:34,105.0,33.0,108.07,46.0,104.0,88.0,126.27,45.0,3.069999999999993,121.0,91.0,19.58596308584196,105.0,108.06999999999998,212,30.0,98.0,0.14,107.0,3.0
07:38:35,104.42,69.0,106.0,60.0,103.92,61.0,107.0,24.0,1.5799999999999983,130.0,84.0,18.981889526597644,104.42,106.0,214,46.0,2.0,0.21,105.0,3.0
07:38:36,105.0,51.0,106.0,42.0,104.0,54.0,107.88,51.0,1.0,105.0,93.0,15.297461554125611,105.0,106.0,198,12.0,-16.0,0.06,105.38,8.0
07:38:37,105.0,23.0,108.0,60.0,104.0,24.0,111.0,48.0,3.0,47.0,108.0,2.1162301387007965,105.0,108.0,155,-61.0,-43.0,-0.39,105.0,2.0
07:38:38,105.0,20.0,108.0,45.0,104.0,18.0,111.0,36.0,3.0,38.0,81.0,0.6409914195564165,105.0,108.0,119,-43.0,-36.0,-0.36,105.0,
07:38:39,105.89,55.0,107.88,41.0,104.5,20.0,110.79,43.0,1.9899999999999949,75.0,84.0,0.720916083844024,105.89,107.88,159,-9.0,40.0,-0.06,107.29,7.0
07:38:40,106.0,26.0,108.0,45.0,104.27,33.0,111.0,68.0,2.0,59.0,113.0,0.5898135298086039,106.0,108.0,172,-54.0,13.0,-0.31,108.0,2.0
07:38:41,104.33,9.0,108.0,9.0,103.54,13.0,111.0,36.0,3.6700000000000017,22.0,45.0,0.3327160951102162,104.33,108.0,67,-23.0,-105.0,-0.34,105.0,1.0
07:38:42,104.0,52.0,108.0,10.0,103.0,10.0,111.0,40.0,4.0,62.0,50.0,0.4338202392066447,104.0,108.0,112,12.0,45.0,0.11,105.0,
07:38:43,104.0,96.0,108.0,13.0,103.0,33.0,111.0,52.0,4.0,129.0,65.0,0.4906118628256233,104.0,108.0,194,64.0,82.0,0.33,105.0,
07:38:44,104.0,49.0,108.0,7.0,103.0,10.0,111.0,28.0,4.0,59.0,35.0,0.434488204609843,104.0,108.0,94,24.0,-100.0,0.26,105.0,
07:38:45,104.62,56.0,108.0,10.0,103.89,55.0,111.0,40.0,3.3799999999999955,111.0,50.0,0.1404635181994629,104.62,108.0,161,61.0,67.0,0.38,105.0,
07:38:46,105.0,35.0,110.53,19.0,104.0,49.0,207.4,20.0,5.530000000000001,84.0,39.0,0.7643166882550942,105.0,110.53000000000002,123,45.0,-38.0,0.37,108.0,1.0
07:38:47,105.0,45.0,202.48,42.0,104.0,77.0,584.91,33.0,97.48,122.0,75.0,21.13110314204995,105.0,202.48,197,47.0,74.0,0.24,109.0,6.0
07:38:50,111.0,67.0,325.47,30.0,109.0,36.0,431.45,33.0,214.47000000000003,103.0,63.0,82.23365047229773,111.0,325.47,166,40.0,-61.0,0.24,111.0,4.0
07:38:51,111.0,23.0,165.8,5.0,109.0,20.0,167.0,20.0,54.80000000000001,43.0,25.0,73.18551653162008,111.0,165.8,68,18.0,-98.0,0.26,111.0,4.0
07:38:52,110.5,24.0,135.29,14.0,108.92,26.0,290.83,24.0,24.789999999999992,50.0,38.0,80.84978435345411,110.5,135.29,88,12.0,20.0,0.14,110.5,4.0
07:38:53,109.0,40.0,164.0,8.0,108.0,8.0,619.25,24.0,55.0,48.0,32.0,78.53536687378504,109.0,164.0,80,16.0,-8.0,0.2,110.5,
07:38:54,109.0,45.0,162.78,9.0,108.0,19.0,535.13,23.0,53.78,64.0,32.0,38.42348721810637,109.0,162.78,96,32.0,16.0,0.33,110.5,
07:38:55,109.0,35.0,160.43,7.0,108.0,77.0,162.0,7.0,51.43000000000001,112.0,14.0,6.176566198137121,109.0,160.43,126,98.0,30.0,0.78,110.5,
07:38:56,109.0,52.0,155.53,19.0,108.0,51.0,157.18,11.0,46.53,103.0,30.0,5.58510071529324,109.0,155.53,133,73.0,7.0,0.55,109.0,3.0
07:38:57,109.0,18.0,153.52,25.0,108.0,9.0,154.64,11.0,44.52000000000001,27.0,36.0,2.279502138619403,109.0,153.52,63,-9.0,-70.0,-0.14,109.0,
07:38:58,110.9,20.0,149.04,27.0,109.13,31.0,150.26,27.0,38.13999999999999,51.0,54.0,2.4426768103802408,110.9,149.04,105,-3.0,42.0,-0.03,111.0,1.0
07:39:00,111.18,11.0,141.0,24.0,109.12,8.0,142.0,8.0,29.819999999999997,19.0,32.0,2.51587559310205,111.18,141.0,51,-13.0,-59.0,-0.25,111.5,4.0
07:39:01,110.53,47.0,139.8,49.0,108.47,17.0,140.37,35.0,29.27000000000001,64.0,84.0,2.560630781656242,110.53,139.8,148,-20.0,97.0,-0.14,111.67,6.0
07:39:02,108.62,74.0,132.95,42.0,107.06,68.0,133.66,38.0,24.329999999999984,142.0,80.0,3.427820006937908,108.62,132.95,222,62.0,74.0,0.28,108.43,7.0
07:39:03,108.0,30.0,114.14,14.0,107.0,40.0,124.0,18.0,6.140000000000001,70.0,32.0,6.737354822180649,108.0,114.14,102,38.0,-120.0,0.37,108.0,3.0
07:39:04,107.0,37.0,108.36,36.0,105.0,56.0,110.61,18.0,1.3599999999999994,93.0,54.0,8.350153890794926,107.0,108.36,147,39.0,45.0,0.27,107.0,2.0
07:39:05,107.0,10.0,108.0,20.0,105.0,20.0,112.0,5.0,1.0,30.0,25.0,8.06937110312537,107.0,108.0,55,5.0,-92.0,0.09,107.0,
07:39:06,107.0,16.0,108.0,32.0,105.0,32.0,112.0,8.0,1.0,48.0,40.0,5.729945025910108,107.0,108.0,88,8.0,33.0,0.09,107.0,
07:39:07,107.0,20.0,108.0,40.0,105.0,40.0,110.0,18.0,1.0,60.0,58.0,1.578353572540023,107.0,108.0,118,2.0,30.0,0.02,107.0,
07:39:08,107.0,26.0,108.0,28.0,105.0,52.0,109.0,39.0,1.0,78.0,67.0,0.0804984468751615,107.0,108.0,145,11.0,27.0,0.08,108.0,2.0
07:39:09,105.0,40.0,106.71,14.0,104.0,20.0,108.17,12.0,1.7099999999999935,60.0,26.0,0.7334302965851798,105.0,106.71,86,34.0,-59.0,0.4,107.0,2.0
07:39:10,104.41,34.0,106.0,28.0,103.1,78.0,108.0,14.0,1.5900000000000034,112.0,42.0,1.1005362329104251,104.41,106.0,154,70.0,68.0,0.45,105.0,4.0
07:39:11,103.38,48.0,106.0,28.0,102.78,68.0,108.0,14.0,2.6200000000000045,116.0,42.0,1.2984875817458692,103.38,106.0,158,74.0,4.0,0.47,103.67,3.0
07:39:12,103.0,66.0,104.91,22.0,99.55,11.0,105.38,32.0,1.9099999999999968,77.0,54.0,1.346799910880486,103.0,104.91,131,23.0,-27.0,0.18,103.67,
07:39:13,103.0,66.0,105.6,40.0,90.72,32.0,105.55,31.0,2.5999999999999943,98.0,71.0,0.7543672845154359,103.0,105.6,169,27.0,38.0,0.16,103.0,1.0
07:39:14,103.0,40.0,106.0,48.0,100.0,88.0,108.0,8.0,3.0,128.0,56.0,0.468561628760814,103.0,106.0,184,72.0,15.0,0.39,103.0,
07:39:15,103.0,40.0,105.26,19.0,100.0,88.0,106.48,29.0,2.260000000000005,128.0,48.0,0.2926260411289978,103.0,105.26,176,80.0,-8.0,0.45,105.33,6.0
07:39:16,103.0,35.0,108.88,17.0,100.0,77.0,279.22,23.0,5.879999999999996,112.0,40.0,0.7956946650235959,103.0,108.88,152,72.0,-24.0,0.47,108.5,2.0
07:39:17,104.55,58.0,239.17,36.0,102.18,99.0,388.0,24.0,134.62,157.0,60.0,30.035618522014115,104.55,239.17,217,97.0,65.0,0.45,105.9,10.0
07:39:18,105.5,12.0,286.6,50.0,102.02,177.0,407.69,16.0,181.1,189.0,66.0,44.1652083658616,105.5,286.6,255,123.0,38.0,0.48,105.9,
07:39:19,111.0,9.0,230.78,41.0,105.0,9.0,312.0,21.0,119.78,18.0,62.0,42.07118764665412,111.0,230.78,80,-44.0,-168.0,-0.55,105.9,
07:39:20,104.49,55.0,201.31,49.0,99.9,41.0,291.89,53.0,96.82,96.0,102.0,33.65499175456724,104.49,201.31,198,-6.0,118.0,-0.03,105.0,4.0
07:39:21,109.0,45.0,276.94,50.0,107.0,15.0,365.33,39.0,167.94,60.0,89.0,17.765720643981844,109.0,276.94,149,-29.0,-49.0,-0.19,105.0,
07:39:22,108.86,42.0,261.89,38.0,106.18,22.0,286.76,17.0,153.02999999999997,64.0,55.0,17.82915225129913,108.86,261.89,119,9.0,-30.0,0.08,105.0,
07:39:23,107.25,8.0,234.53,32.0,105.09,22.0,241.17,18.0,127.28,30.0,50.0,15.427923709948807,107.25,234.53,80,-20.0,-39.0,-0.25,105.0,
07:39:24,109.0,12.0,168.85,40.0,107.0,20.0,225.54,46.0,59.85,32.0,86.0,22.39845597357092,109.0,168.85,118,-54.0,38.0,-0.46,105.0,
07:39:25,109.0,11.0,129.47,19.0,107.0,19.0,130.93,29.0,20.47,30.0,48.0,31.40102816787994,109.0,129.47,78,-18.0,-40.0,-0.23,105.0,
07:39:26,109.0,12.0,127.88,40.0,107.0,12.0,128.44,32.0,18.879999999999995,24.0,72.0,30.390268672717852,109.0,127.88,96,-48.0,18.0,-0.5,105.0,
07:39:27,109.0,25.0,125.97,29.0,107.0,9.0,127.8,25.0,16.97,34.0,54.0,22.983790592501595,109.0,125.97,88,-20.0,-8.0,-0.23,105.0,
07:39:28,109.0,12.0,120.56,34.0,107.0,12.0,119.4,25.0,11.560000000000002,24.0,59.0,9.736779755132382,109.0,120.56,83,-35.0,-5.0,-0.42,108.0,2.0
07:39:29,105.0,33.0,108.83,47.0,104.0,11.0,112.58,24.0,3.8299999999999983,44.0,71.0,5.019302740416273,105.0,108.83,115,-27.0,32.0,-0.23,108.0,
07:39:30,105.0,15.0,107.0,9.0,104.0,5.0,108.0,25.0,2.0,20.0,34.0,5.885025063663544,105.0,107.0,54,-14.0,-61.0,-0.26,107.0,4.0
07:39:31,104.84,32.0,106.21,14.0,103.47,19.0,107.83,42.0,1.3699999999999903,51.0,56.0,5.572921137065011,104.84,106.21,107,-5.0,53.0,-0.05,107.0,
07:39:32,103.18,17.0,106.67,18.0,102.15,41.0,139.5,38.0,3.489999999999995,58.0,56.0,4.06361538533655,103.18,106.67,114,2.0,7.0,0.02,104.5,2.0
07:39:33,105.19,42.0,109.7,67.0,103.96,73.0,182.79,70.0,4.510000000000005,115.0,137.0,1.0230689126069223,105.18999999999998,109.7,252,-22.0,138.0,-0.09,110.0,3.0
07:39:34,109.0,8.0,110.0,16.0,105.0,64.0,239.18,34.0,1.0,72.0,50.0,1.83219813337508,109.0,110.0,122,22.0,-130.0,0.18,110.0,
07:39:35,108.24,21.0,161.02,54.0,105.84,89.0,239.35,37.0,52.780000000000015,110.0,91.0,12.552216138991062,108.24,161.02,201,19.0,79.0,0.09,108.83,6.0
07:39:36,108.0,22.0,151.63,49.0,105.0,88.0,237.31,52.0,43.63,110.0,101.0,13.858208037114736,108.0,151.63,211,9.0,10.0,0.04,108.83,
07:39:37,108.0,16.0,114.0,40.0,105.0,64.0,199.68,19.0,6.0,80.0,59.0,12.724678777869109,108.0,114.0,139,21.0,-72.0,0.15,108.83,
07:39:38,108.0,16.0,113.25,40.0,105.0,64.0,184.0,16.0,5.25,80.0,56.0,12.101432972997578,108.0,113.25,136,24.0,-3.0,0.18,108.83,
07:39:39,108.0,9.0,112.71,35.0,105.0,56.0,336.52,23.0,4.709999999999994,65.0,58.0,11.935601367336009,108.0,112.71,123,7.0,-13.0,0.06,108.0,1.0
07:39:40,105.97,31.0,111.31,65.0,104.38,101.0,271.27,41.0,5.340000000000003,132.0,106.0,8.840775984038332,105.97,111.31,238,26.0,115.0,0.11,106.5,2.0
07:39:41,105.0,54.0,109.5,70.0,102.0,98.0,226.27,55.0,4.5,152.0,125.0,1.5826180840446824,105.0,109.5,277,27.0,39.0,0.1,105.0,4.0
07:39:42,103.12,48.0,108.0,60.0,98.36,66.0,109.0,60.0,4.879999999999996,114.0,120.0,2.1318255087938995,103.12,108.0,234,-6.0,-43.0,-0.03,103.8,5.0
07:39:44,92.52,73.0,102.89,87.0,82.85,39.0,107.65,57.0,10.370000000000005,112.0,144.0,10.529906457321344,92.52,102.89,256,-32.0,-32.0,-0.12,103.0,4.0
07:39:45,81.03,36.0,120.64,28.0,61.66,38.0,158.0,34.0,39.61,74.0,62.0,9.550252876229846,81.03,120.64,136,12.0,-120.0,0.09,102.45,11.0
07:40:00,97.33,36.0,100.83,42.0,96.36,100.0,102.71,56.0,3.5,136.0,98.0,2.84226670105618,97.33,100.83,234,38.0,-168.0,0.16,101.2,5.0
07:40:01,98.91,66.0,102.62,74.0,97.53,38.0,175.41,58.0,3.710000000000008,104.0,132.0,3.5395084404383046,98.91,102.62,236,-28.0,2.0,-0.12,100.0,5.0
07:40:02,100.6,30.0,102.94,65.0,99.14,42.0,230.5,24.0,2.3400000000000034,72.0,89.0,3.2332027464938613,100.6,102.94,161,-17.0,-75.0,-0.11,101.67,3.0
07:40:03,102.0,24.0,132.38,29.0,100.0,19.0,243.88,16.0,30.379999999999995,43.0,45.0,8.168420900023387,102.0,132.38,88,-2.0,-73.0,-0.02,102.43,7.0
07:40:04,107.23,43.0,187.48,58.0,98.46,35.0,433.84,43.0,80.24999999999999,78.0,101.0,20.41656263918945,107.23,187.48,179,-23.0,91.0,-0.13,102.0,2.0
07:40:05,107.78,18.0,365.0,12.0,103.8,44.0,463.8,20.0,257.22,62.0,32.0,56.70890917660086,107.78,365.0,94,30.0,-85.0,0.32,110.0,4.0
07:40:06,110.5,28.0,396.47,34.0,104.64,94.0,603.15,26.0,285.97,122.0,60.0,69.51137101223071,110.5,396.47,182,62.0,88.0,0.34,110.0,
07:40:07,112.0,14.0,250.29,28.0,108.0,14.0,422.43,14.0,138.29,28.0,42.0,57.74801407840791,112.0,250.29,70,-14.0,-112.0,-0.2,110.0,
07:40:08,112.0,16.0,235.55,11.0,108.0,16.0,448.74,31.0,123.55,32.0,42.0,44.68716202669405,112.0,235.55,74,-10.0,4.0,-0.14,110.0,
07:40:09,112.0,11.0,161.0,6.0,108.0,12.0,375.48,23.0,49.0,23.0,29.0,47.93579528911568,112.0,161.0,52,-6.0,-22.0,-0.12,112.0,1.0
07:40:10,111.36,11.0,159.56,25.0,106.58,31.0,282.34,32.0,48.2,42.0,57.0,48.061960738197016,111.36,159.56,99,-15.0,47.0,-0.15,107.6,5.0
07:40:11,105.0,11.0,181.95,22.0,104.0,149.0,314.39,31.0,76.94999999999999,160.0,53.0,21.725906195138904,105.0,181.95,213,107.0,114.0,0.5,107.6,
07:40:12,104.12,24.0,142.0,8.0,103.12,78.0,322.0,16.0,37.88,102.0,24.0,18.9884038297053,104.12,142.0,126,78.0,-87.0,0.62,104.2,5.0
07:40:13,104.57,49.0,141.4,10.0,103.21,87.0,322.0,20.0,36.83000000000001,136.0,30.0,9.009324058993537,104.57,141.4,166,106.0,40.0,0.64,104.2,
07:40:14,105.0,49.0,140.0,14.0,104.0,107.0,359.2,10.0,35.0,156.0,24.0,9.536976460071497,105.0,140.0,180,132.0,14.0,0.73,104.2,
07:40:15,105.92,26.0,138.58,24.0,104.04,114.0,390.42,12.0,32.66000000000001,140.0,36.0,9.299232764048655,105.92,138.58,176,104.0,-4.0,0.59,105.0,5.0
07:40:16,109.0,27.0,138.0,18.0,105.0,18.0,246.4,30.0,29.0,45.0,48.0,0.4919857721046444,109.0,138.0,93,-3.0,-83.0,-0.03,105.0,
07:40:17,109.65,31.0,138.0,18.0,106.2,20.0,358.12,26.0,28.349999999999994,51.0,44.0,0.6584603252691102,109.65,138.0,95,7.0,2.0,0.07,105.0,
07:40:18,111.0,113.0,137.57,28.0,109.0,39.0,250.04,45.0,26.569999999999997,152.0,73.0,0.8702126176709215,111.0,137.57,225,79.0,130.0,0.35,105.0,
07:40:19,111.0,63.0,116.71,28.0,109.0,21.0,127.56,18.0,5.709999999999994,84.0,46.0,4.361448153991115,111.0,116.71,130,38.0,-95.0,0.29,105.0,
07:40:20,111.0,133.0,115.04,50.0,109.0,67.0,115.76,58.0,4.040000000000006,200.0,108.0,5.727357156660592,111.0,115.04,308,92.0,168.0,0.3,111.0,1.0
07:40:21,109.46,52.0,112.0,22.0,106.94,31.0,200.83,29.0,2.5400000000000063,83.0,51.0,6.41415855743757,109.46,112.0,134,32.0,-168.0,0.24,111.0,8.0
07:40:22,109.0,41.0,112.0,20.0,105.0,20.0,155.21,19.0,3.0,61.0,39.0,5.671309372618273,109.0,112.0,100,22.0,-34.0,0.22,109.0,3.0
07:40:23,109.0,21.0,111.57,23.0,105.0,24.0,289.83,29.0,2.569999999999993,45.0,52.0,1.643386746918071,109.0,111.56999999999998,97,-7.0,-3.0,-0.07,109.0,1.0
07:40:24,109.0,9.0,111.0,18.0,105.0,18.0,275.89,9.0,2.0,27.0,27.0,1.212179854619531,109.0,111.0,54,0.0,-43.0,0.0,109.0,
07:40:25,109.0,11.0,111.0,22.0,105.0,22.0,418.0,15.0,2.0,33.0,37.0,0.3183080268309529,109.0,111.0,70,-4.0,16.0,-0.06,109.0,
07:40:26,109.59,17.0,137.64,22.0,106.05,19.0,646.89,36.0,28.049999999999983,36.0,58.0,6.003042561896994,109.59,137.64,94,-22.0,24.0,-0.23,110.0,2.0
07:40:27,112.0,18.0,148.0,9.0,109.0,9.0,440.86,37.0,36.0,27.0,46.0,9.428733743188936,112.0,148.0,73,-19.0,-21.0,-0.26,110.0,
07:40:28,109.83,24.0,291.78,49.0,106.1,21.0,453.88,43.0,181.95,45.0,92.0,37.86258865951935,109.83,291.78,137,-47.0,64.0,-0.34,109.4,5.0
07:40:29,105.0,24.0,365.32,22.0,104.0,36.0,537.1,30.0,260.32,60.0,52.0,54.858592581290125,105.0,365.32,112,8.0,-25.0,0.07,109.4,
07:40:31,104.35,23.0,259.08,24.0,103.41,34.0,315.77,13.0,154.73,57.0,37.0,65.94902410195327,104.35,259.08,94,20.0,37.0,0.21,105.0,1.0
07:40:32,99.63,19.0,147.63,19.0,88.43,14.0,313.67,24.0,48.0,33.0,43.0,67.93687327217829,99.63,147.63,76,-10.0,-18.0,-0.13,103.5,4.0
07:40:33,102.5,32.0,145.36,28.0,88.76,17.0,146.56,27.0,42.860000000000014,49.0,55.0,78.36342916182268,102.5,145.36,104,-6.0,28.0,-0.06,103.5,
07:40:34,103.1,21.0,144.15,39.0,97.19,21.0,146.0,26.0,41.05000000000001,42.0,65.0,79.71185589358704,103.1,144.15,107,-23.0,3.0,-0.21,104.33,6.0
07:40:35,110.53,59.0,141.94,33.0,108.42,24.0,143.56,27.0,31.41,83.0,60.0,25.67871745239557,110.53,141.94,143,23.0,36.0,0.16,104.33,
07:40:36,111.0,63.0,133.25,16.0,109.0,14.0,137.47,15.0,22.25,77.0,31.0,1.4789624741545444,111.0,133.25,108,46.0,-35.0,0.43,104.33,
07:40:37,111.0,108.0,125.18,33.0,109.0,24.0,126.22,32.0,14.180000000000009,132.0,65.0,3.014990878917649,111.0,125.18000000000002,197,67.0,89.0,0.34,104.33,
07:40:38,111.0,70.0,120.14,29.0,109.0,16.0,120.77,22.0,9.14,86.0,51.0,4.282094113860126,111.0,120.14,137,35.0,-60.0,0.26,111.0,2.0
07:40:39,111.0,84.0,114.55,33.0,109.0,24.0,115.88,50.0,3.549999999999997,108.0,83.0,5.324554441448985,111.0,114.55,191,25.0,54.0,0.13,111.0,
07:40:40,111.0,73.0,112.34,35.0,109.0,26.0,113.79,57.0,1.3400000000000034,99.0,92.0,4.218397800107539,111.0,112.34,191,7.0,0.0,0.04,111.0,2.0
07:40:41,111.0,42.0,113.64,67.0,109.0,30.0,116.74,31.0,2.640000000000001,72.0,98.0,2.688955187419604,111.0,113.64,170,-26.0,-21.0,-0.15,111.0,3.0
07:40:42,109.93,28.0,113.23,65.0,108.62,26.0,119.77,13.0,3.299999999999997,54.0,78.0,1.6330860356851764,109.93,113.23,132,-24.0,-38.0,-0.18,111.6,5.0
07:40:43,109.0,14.0,112.3,27.0,108.0,14.0,115.67,15.0,3.299999999999997,28.0,42.0,0.8060831222332483,109.0,112.3,70,-14.0,-62.0,-0.2,111.6,
07:40:44,107.83,12.0,109.75,16.0,105.9,20.0,111.93,43.0,1.9200000000000017,32.0,59.0,1.37243214766661,107.83,109.75,91,-27.0,21.0,-0.3,108.6,5.0
07:40:45,106.6,15.0,108.0,13.0,104.84,38.0,115.0,65.0,1.4000000000000057,53.0,78.0,2.059944173988267,106.6,108.0,131,-25.0,40.0,-0.19,107.0,1.0
07:40:46,101.0,24.0,107.07,28.0,88.76,17.0,126.07,27.0,6.069999999999993,41.0,55.0,2.979961409137223,101.0,107.07,96,-14.0,-35.0,-0.15,103.8,5.0
07:40:48,108.22,9.0,170.0,6.0,98.62,8.0,230.0,30.0,61.78,17.0,36.0,15.622539166215889,108.22,170.0,53,-19.0,-8.0,-0.36,103.8,
07:40:49,89.86,7.0,243.5,8.0,69.67,6.0,344.0,10.0,153.64,13.0,18.0,28.74379185145824,89.86,243.5,31,-5.0,-22.0,-0.16,109.0,2.0
07:40:50,107.36,22.0,286.6,50.0,90.2,10.0,291.14,35.0,179.24,32.0,85.0,41.37926980989355,107.36,286.6,117,-53.0,86.0,-0.45,109.0,
07:40:51,109.06,67.0,256.61,90.0,103.65,23.0,291.48,69.0,147.55,90.0,159.0,38.52527443120916,109.06,256.61,249,-69.0,132.0,-0.28,110.33,3.0
07:40:52,106.5,14.0,246.63,27.0,103.37,46.0,261.19,54.0,140.13,60.0,81.0,21.629911696536983,106.5,246.63,141,-21.0,-108.0,-0.15,107.5,6.0
07:40:53,105.0,10.0,245.77,26.0,102.0,50.0,254.85,41.0,140.77,60.0,67.0,11.25277388024804,105.0,245.77,127,-7.0,-14.0,-0.06,107.5,
07:40:54,105.0,7.0,231.74,19.0,102.0,35.0,253.23,26.0,126.74,42.0,45.0,10.779813541986371,105.0,231.74,87,-3.0,-40.0,-0.03,107.5,
07:40:55,105.0,12.0,252.25,60.0,102.0,60.0,254.0,24.0,147.25,72.0,84.0,5.290045368424576,105.0,252.25,156,-12.0,69.0,-0.08,107.5,
07:40:56,103.71,7.0,251.0,25.0,101.0,21.0,254.0,10.0,147.29000000000002,28.0,35.0,4.02728444488213,103.71,251.0,63,-7.0,-93.0,-0.11,103.0,3.0
07:40:57,102.9,40.0,235.06,34.0,100.89,38.0,251.07,58.0,132.16,78.0,92.0,4.772391434070415,102.9,235.06,170,-14.0,107.0,-0.08,102.6,5.0
07:40:58,102.0,6.0,196.5,16.0,81.0,6.0,235.44,18.0,94.5,12.0,34.0,11.744387170047894,102.0,196.5,46,-22.0,-124.0,-0.48,102.6,
07:40:59,96.27,11.0,243.43,37.0,75.86,14.0,247.86,37.0,147.16000000000005,25.0,74.0,11.758429742103566,96.27,243.43,99,-49.0,53.0,-0.49,102.0,1.0
07:41:04,85.93,27.0,141.37,43.0,68.83,23.0,206.97,59.0,55.44,50.0,102.0,21.09539286194852,85.93,141.37,152,-52.0,58.0,-0.34,102.5,4.0
07:41:05,104.56,45.0,188.43,28.0,98.09,43.0,209.87,47.0,83.87,88.0,75.0,25.845561901416467,104.56,188.43,163,13.0,11.0,0.08,102.5,
07:41:06,110.0,15.0,160.2,10.0,109.0,25.0,208.75,16.0,50.19999999999999,40.0,26.0,27.9349363700717,110.0,160.2,66,14.0,-97.0,0.21,102.5,
07:41:07,111.55,33.0,161.16,25.0,109.0,55.0,170.41,46.0,49.61,88.0,71.0,22.65169596299492,111.55,161.16,159,17.0,93.0,0.11,102.5,
07:41:08,112.0,42.0,149.26,31.0,109.0,70.0,364.18,67.0,37.25999999999999,112.0,98.0,12.00110744889674,112.0,149.26,210,14.0,51.0,0.07,102.5,
07:41:09,110.33,54.0,113.29,35.0,108.69,58.0,198.35,46.0,2.960000000000008,112.0,81.0,12.7276934281104,110.33,113.29,193,31.0,-17.0,0.16,112.0,3.0
07:41:10,109.0,37.0,111.45,11.0,108.0,24.0,143.13,23.0,2.450000000000003,61.0,34.0,12.791633202994872,109.0,111.45,95,27.0,-98.0,0.28,109.0,1.0
07:41:11,109.0,13.0,112.0,14.0,108.0,21.0,262.58,24.0,3.0,34.0,38.0,12.580265497991624,109.0,112.0,72,-4.0,-23.0,-0.06,109.0,3.0
07:41:12,107.0,96.0,111.08,24.0,56.89,76.0,361.25,60.0,4.079999999999998,172.0,84.0,9.102756176013708,107.0,111.08,256,88.0,168.0,0.34,108.25,4.0
07:41:13,107.0,88.0,110.0,22.0,82.88,68.0,414.89,19.0,3.0,156.0,41.0,1.2989726709802123,107.0,110.0,197,115.0,-59.0,0.58,108.25,
07:41:14,107.0,76.0,125.4,20.0,90.13,46.0,342.83,36.0,18.40000000000001,122.0,56.0,3.07889265807594,107.0,125.4,178,66.0,-19.0,0.37,108.5,4.0
07:41:15,107.0,33.0,229.72,39.0,105.0,29.0,438.65,60.0,122.72,62.0,99.0,25.806971926205527,107.0,229.72,161,-37.0,-17.0,-0.23,107.0,3.0
07:41:16,107.0,27.0,164.42,33.0,105.0,27.0,331.67,45.0,57.41999999999999,54.0,78.0,25.329755624560665,107.0,164.42,132,-24.0,-29.0,-0.18,107.0,
07:41:17,110.69,78.0,191.3,10.0,106.6,30.0,193.0,50.0,80.61000000000001,108.0,60.0,24.599456904573465,110.69,191.3,168,48.0,36.0,0.29,107.0,
07:41:18,111.0,72.0,189.0,8.0,107.0,24.0,193.0,40.0,78.0,96.0,48.0,19.491351415434792,111.0,189.0,144,48.0,-24.0,0.33,107.0,
07:41:19,111.0,99.0,137.22,23.0,107.0,33.0,239.88,32.0,26.22,132.0,55.0,16.777152022914162,111.0,137.22,187,77.0,43.0,0.41,107.0,
07:41:20,111.0,73.0,188.0,9.0,107.0,27.0,267.44,41.0,77.0,100.0,50.0,11.841090743676036,111.0,188.0,150,50.0,-37.0,0.33,111.0,1.0
07:41:21,111.0,63.0,152.8,25.0,107.0,27.0,271.62,29.0,41.80000000000001,90.0,54.0,12.458692547774415,111.0,152.8,144,36.0,-6.0,0.25,111.0,3.0
07:41:22,111.0,112.0,176.75,20.0,107.0,48.0,324.78,76.0,65.75,160.0,96.0,11.4382262610935,111.0,176.75,256,64.0,112.0,0.25,111.0,4.0
07:41:23,111.0,29.0,143.0,30.0,107.0,18.0,188.0,6.0,32.0,47.0,36.0,10.964945052300358,111.0,143.0,83,11.0,-168.0,0.13,111.0,5.0
07:41:24,111.0,52.0,187.15,13.0,107.0,39.0,316.62,50.0,76.15,91.0,63.0,10.271208302822478,111.0,187.15000000000003,154,28.0,71.0,0.18,111.0,
07:41:25,108.85,26.0,185.61,28.0,105.6,30.0,218.79,14.0,76.76000000000002,56.0,42.0,9.80074078832662,108.85,185.61,98,14.0,-56.0,0.14,110.2,5.0
07:41:26,107.74,19.0,183.56,27.0,105.5,36.0,184.12,25.0,75.82000000000001,55.0,52.0,8.912394178893289,107.74,183.56,107,3.0,9.0,0.03,110.2,
07:41:27,109.0,11.0,181.91,11.0,107.53,30.0,183.0,33.0,72.91,41.0,44.0,8.99742574295399,109.0,181.91,85,-3.0,-22.0,-0.04,110.2,
07:41:28,109.0,13.0,164.95,21.0,108.0,52.0,168.29,35.0,55.94999999999999,65.0,56.0,4.650007526872685,109.0,164.95,121,9.0,36.0,0.07,110.2,
07:41:29,109.0,11.0,157.4,20.0,108.0,44.0,161.89,27.0,48.400000000000006,55.0,47.0,6.220415580969684,109.0,157.4,102,8.0,-19.0,0.08,110.2,
07:41:30,109.0,28.0,148.5,20.0,108.0,48.0,153.27,44.0,39.5,76.0,64.0,7.477762365839652,109.0,148.5,140,12.0,38.0,0.09,110.2,
07:41:31,109.0,65.0,137.17,35.0,108.0,52.0,141.32,25.0,28.169999999999987,117.0,60.0,8.45478148741672,109.0,137.17,177,57.0,37.0,0.32,110.2,
07:41:32,109.56,43.0,132.69,35.0,108.36,56.0,133.88,33.0,23.129999999999995,99.0,68.0,6.665460974303367,109.56,132.69,167,31.0,-10.0,0.19,110.2,5.0
07:41:33,108.21,57.0,129.04,45.0,107.35,46.0,131.31,49.0,20.83,103.0,94.0,5.928175942054923,108.21,129.04,197,9.0,30.0,0.05,108.75,4.0
07:41:34,108.0,24.0,122.86,28.0,107.0,16.0,124.83,24.0,14.86,40.0,52.0,5.006763425603056,108.0,122.86,92,-12.0,-105.0,-0.13,108.75,
07:41:35,108.0,39.0,121.06,32.0,107.0,26.0,122.59,51.0,13.060000000000002,65.0,83.0,3.644077386658333,108.0,121.06,148,-18.0,56.0,-0.12,108.75,
07:41:36,108.42,57.0,115.23,83.0,107.52,46.0,116.14,72.0,6.810000000000002,103.0,155.0,3.627027708737996,108.42000000000002,115.23,258,-52.0,110.0,-0.2,109.0,3.0
07:41:37,108.0,30.0,111.67,48.0,107.0,20.0,112.57,23.0,3.6700000000000017,50.0,71.0,3.3871994331529613,108.0,111.67,121,-21.0,-137.0,-0.17,109.0,
07:41:38,106.69,32.0,107.91,45.0,105.27,37.0,135.97,37.0,1.2199999999999989,69.0,82.0,3.345126305530234,106.69,107.91,151,-13.0,30.0,-0.09,107.14,7.0
07:41:39,103.28,82.0,105.76,21.0,100.99,89.0,197.68,31.0,2.480000000000004,171.0,52.0,3.8853120852705008,103.28000000000002,105.76,223,119.0,72.0,0.53,103.86,7.0
07:41:40,103.73,33.0,105.0,11.0,102.0,66.0,140.63,38.0,1.269999999999996,99.0,49.0,3.272977237920814,103.73,105.0,148,50.0,-75.0,0.34,103.86,
07:41:41,104.09,56.0,129.88,40.0,100.34,105.0,165.63,87.0,25.789999999999992,161.0,127.0,5.197385881378102,104.09,129.88,288,34.0,140.0,0.12,105.0,1.0
07:41:42,102.29,49.0,132.0,30.0,99.55,49.0,134.0,75.0,29.709999999999997,98.0,105.0,6.49638360935908,102.29,132.0,203,-7.0,-85.0,-0.03,105.27,11.0
07:41:43,99.0,45.0,131.0,18.0,67.69,32.0,270.11,38.0,32.0,77.0,56.0,6.590523499688794,99.0,131.0,133,21.0,-70.0,0.16,105.27,
07:41:44,101.91,22.0,129.1,40.0,95.28,47.0,244.23,31.0,27.19,69.0,71.0,5.3551731998089,101.91,129.1,140,-2.0,7.0,-0.01,101.0,4.0
07:41:45,99.0,26.0,116.15,52.0,63.71,63.0,124.08,52.0,17.150000000000006,89.0,104.0,3.9445658823185927,99.0,116.15,193,-15.0,53.0,-0.08,101.0,
07:41:46,101.67,12.0,115.0,18.0,95.57,28.0,116.0,24.0,13.329999999999998,40.0,42.0,4.420248861766812,101.67,115.0,82,-2.0,-111.0,-0.02,101.0,
07:41:47,86.44,43.0,112.79,57.0,74.97,74.0,114.5,48.0,26.35000000000001,117.0,105.0,6.490137132599637,86.44,112.79,222,12.0,140.0,0.05,102.0,2.0
07:41:48,93.49,59.0,107.8,40.0,60.48,21.0,110.93,45.0,14.310000000000002,80.0,85.0,6.460219036530182,93.49,107.8,165,-5.0,-57.0,-0.03,102.0,2.0
07:41:49,84.3,33.0,106.0,36.0,64.29,21.0,107.0,48.0,21.700000000000003,54.0,84.0,5.596001250888408,84.3,106.0,138,-30.0,-27.0,-0.22,102.0,
07:41:50,95.52,69.0,102.75,84.0,81.17,65.0,103.86,73.0,7.230000000000004,134.0,157.0,4.810080040908226,95.52,102.75,291,-23.0,153.0,-0.08,102.0,
07:41:51,99.28,29.0,100.64,42.0,79.6,20.0,101.75,60.0,1.3599999999999994,49.0,102.0,2.1693616572491425,99.28,100.64,151,-53.0,-140.0,-0.35,99.0,3.0
07:41:52,100.0,7.0,101.0,21.0,91.0,28.0,102.0,35.0,1.0,35.0,56.0,2.275093404663388,100.0,101.0,91,-21.0,-60.0,-0.23,99.0,
07:41:54,84.29,28.0,102.53,34.0,82.81,21.0,179.74,39.0,18.239999999999995,49.0,73.0,3.971158521129779,84.29,102.53,122,-24.0,5.0,-0.2,101.71,7.0
07:41:55,100.94,125.0,103.23,52.0,85.06,34.0,411.0,44.0,2.2900000000000063,159.0,96.0,4.544485669461617,100.94,103.23,255,63.0,133.0,0.25,101.71,
07:41:56,102.0,75.0,103.0,24.0,86.0,12.0,351.0,24.0,1.0,87.0,48.0,4.9939833800226365,102.0,103.0,135,39.0,-120.0,0.29,102.0,7.0
07:41:57,103.35,52.0,337.84,55.0,97.3,43.0,368.33,48.0,234.49,95.0,103.0,55.252955848533176,103.35,337.84,198,-8.0,63.0,-0.04,102.0,
07:41:58,109.0,16.0,339.0,40.0,106.2,20.0,340.0,32.0,230.0,36.0,72.0,67.45741745723721,109.0,339.0,108,-36.0,-90.0,-0.33,102.0,
07:41:59,108.5,20.0,263.42,38.0,106.5,20.0,310.83,36.0,154.92000000000002,40.0,74.0,60.93833744039941,108.5,263.42,114,-34.0,6.0,-0.3,109.0,2.0
07:42:00,106.67,18.0,203.65,43.0,103.2,30.0,262.17,24.0,96.98,48.0,67.0,50.533514819374986,106.67,203.65,115,-19.0,1.0,-0.17,106.0,5.0
07:42:01,104.0,16.0,209.44,39.0,102.0,48.0,252.0,21.0,105.44,64.0,60.0,33.23399133417469,104.0,209.44,124,4.0,9.0,0.03,106.0,
07:42:02,110.46,26.0,199.49,47.0,103.6,30.0,215.2,50.0,89.03000000000002,56.0,97.0,30.203656732256604,110.46,199.49,153,-41.0,29.0,-0.27,106.0,
07:42:03,111.0,20.0,167.55,22.0,105.32,22.0,173.76,41.0,56.55000000000001,42.0,63.0,16.959696931253745,111.0,167.55,105,-21.0,-48.0,-0.2,106.0,
07:42:04,106.38,53.0,167.0,18.0,104.62,16.0,169.0,36.0,60.620000000000005,69.0,54.0,9.728346724905052,106.38,167.0,123,15.0,18.0,0.12,110.33,3.0
07:42:05,108.72,60.0,163.85,13.0,105.58,19.0,167.65,23.0,55.13,79.0,36.0,10.181619222892223,108.72,163.84999999999997,115,43.0,-8.0,0.37,109.33,6.0
07:42:06,111.0,49.0,164.17,12.0,109.0,7.0,165.89,9.0,53.16999999999999,56.0,21.0,7.92111418930229,111.0,164.17,77,35.0,-38.0,0.45,109.33,
07:42:07,111.0,28.0,164.06,16.0,109.0,4.0,299.8,5.0,53.06,32.0,21.0,1.1489342887928915,111.0,164.06,53,11.0,-24.0,0.21,109.33,
07:42:08,111.0,98.0,163.0,46.0,109.0,14.0,164.0,38.0,52.0,112.0,84.0,0.5546440299541227,111.0,163.0,196,28.0,143.0,0.14,109.33,
07:42:09,111.0,91.0,160.2,51.0,109.0,13.0,160.95,41.0,49.19999999999999,104.0,92.0,0.8502470229078312,111.0,160.2,196,12.0,0.0,0.06,109.33,
07:42:10,110.92,49.0,155.78,23.0,108.21,14.0,155.86,43.0,44.86,63.0,66.0,1.7885105534950938,110.92,155.78,129,-3.0,-67.0,-0.02,111.0,7.0
07:42:11,109.8,15.0,151.79,29.0,107.11,38.0,153.0,21.0,41.99,53.0,50.0,2.784767494776274,109.8,151.79,103,3.0,-26.0,0.03,111.0,
07:42:12,111.0,27.0,149.15,41.0,109.0,19.0,150.32,31.0,38.150000000000006,46.0,72.0,2.985168336955504,111.0,149.15,118,-26.0,15.0,-0.22,111.0,
07:42:13,111.0,16.0,148.42,12.0,109.0,18.0,149.08,38.0,37.41999999999999,34.0,50.0,2.507355180256853,111.0,148.42,84,-16.0,-34.0,-0.19,111.0,2.0
07:42:14,111.0,13.0,147.18,17.0,109.0,13.0,148.97,61.0,36.18000000000001,26.0,78.0,1.6549561927616634,111.0,147.18,104,-52.0,20.0,-0.5,111.0,
07:42:15,109.12,17.0,145.73,55.0,108.45,11.0,147.0,11.0,36.60999999999999,28.0,66.0,1.276702784503719,109.12,145.73,94,-38.0,-10.0,-0.4,109.0,4.0
07:42:16,107.0,48.0,142.77,56.0,106.0,12.0,143.79,28.0,35.77000000000001,60.0,84.0,2.1327282996103487,107.0,142.77,144,-24.0,50.0,-0.17,109.0,
07:42:17,107.0,40.0,139.67,42.0,106.0,10.0,140.42,38.0,32.66999999999999,50.0,80.0,2.728869729385782,107.0,139.67,130,-30.0,-14.0,-0.23,109.0,
07:42:18,107.0,43.0,118.12,32.0,106.0,11.0,131.97,32.0,11.120000000000005,54.0,64.0,6.485015805682814,107.0,118.12,118,-10.0,-12.0,-0.08,107.0,1.0
07:42:19,106.0,5.0,108.0,25.0,105.0,5.0,109.0,10.0,2.0,10.0,35.0,8.798949937347823,106.0,108.0,45,-25.0,-73.0,-0.56,107.0,3.0
07:42:20,105.55,11.0,191.31,39.0,104.29,21.0,311.89,18.0,85.76,32.0,57.0,15.92979755050126,105.55,191.31,89,-25.0,44.0,-0.28,106.83,6.0
07:42:21,105.58,12.0,399.0,36.0,104.32,22.0,602.0,12.0,293.42,34.0,48.0,60.04078838589623,105.58,399.0,82,-14.0,-7.0,-0.17,106.83,
07:42:22,95.91,22.0,339.5,48.0,85.77,22.0,438.77,44.0,243.59,44.0,92.0,64.71409529615617,95.91,339.5,136,-48.0,54.0,-0.35,104.17,6.0
07:42:33,90.38,24.0,100.67,18.0,89.48,21.0,101.86,42.0,10.290000000000006,45.0,60.0,3.627455030726047,90.38,100.67,105,-15.0,2.0,-0.14,99.75,4.0
07:42:34,95.17,18.0,102.0,18.0,94.0,12.0,133.91,22.0,6.829999999999998,30.0,40.0,4.436172900140525,95.17,102.0,70,-10.0,-35.0,-0.14,101.6,5.0
07:42:35,97.37,19.0,102.0,19.0,96.12,16.0,103.0,20.0,4.629999999999996,35.0,39.0,4.241607006777352,97.37,102.0,74,-4.0,4.0,-0.05,98.8,5.0
07:42:36,97.09,11.0,102.0,11.0,95.13,15.0,103.0,22.0,4.909999999999997,26.0,33.0,3.1356929058732663,97.09,102.0,59,-7.0,-15.0,-0.12,98.8,
07:42:37,100.1,10.0,135.88,16.0,90.5,10.0,196.71,28.0,35.78,20.0,44.0,8.949906703421382,100.1,135.88,64,-24.0,5.0,-0.38,102.67,3.0
07:42:38,106.5,6.0,236.0,24.0,95.6,10.0,360.0,24.0,129.5,16.0,48.0,31.172838337244112,106.5,236.0,64,-32.0,0.0,-0.5,102.67,
07:42:39,109.5,4.0,220.4,10.0,94.0,4.0,267.0,16.0,110.9,8.0,26.0,35.040942909687296,109.5,220.4,34,-18.0,-30.0,-0.53,111.0,1.0
07:42:40,108.0,6.0,236.0,24.0,64.64,14.0,342.33,24.0,128.0,20.0,48.0,33.952901496042635,108.0,236.0,68,-28.0,34.0,-0.41,111.0,
07:42:41,110.96,76.0,288.6,20.0,106.86,7.0,369.11,18.0,177.64000000000004,83.0,38.0,29.611928846327917,110.96,288.6,121,45.0,53.0,0.37,111.0,
07:42:42,111.0,120.0,288.93,15.0,108.0,8.0,340.86,14.0,177.93,128.0,29.0,16.91503621042527,111.0,288.93,157,99.0,36.0,0.63,111.0,
07:42:43,110.87,94.0,158.0,10.0,105.71,14.0,186.9,20.0,47.13,108.0,30.0,27.339008211710844,110.87,158.0,138,78.0,-19.0,0.57,111.0,
07:42:44,105.56,18.0,180.0,15.0,103.22,27.0,208.54,26.0,74.44,45.0,41.0,30.79886004383912,105.56,180.0,86,4.0,-52.0,0.05,106.0,3.0
07:42:45,105.7,23.0,217.85,26.0,104.12,16.0,240.56,18.0,112.15,39.0,44.0,30.955075028175727,105.7,217.85,83,-5.0,-3.0,-0.06,106.0,
07:42:46,106.5,30.0,147.29,14.0,105.95,42.0,174.29,14.0,40.78999999999999,72.0,28.0,29.21302534829248,106.5,147.29,100,44.0,17.0,0.44,106.75,4.0
07:42:47,109.16,57.0,146.44,18.0,107.18,45.0,196.2,20.0,37.28,102.0,38.0,14.364004664437038,109.16,146.44,140,64.0,40.0,0.46,106.75,
07:42:48,111.0,36.0,137.0,12.0,108.0,42.0,293.2,20.0,26.0,78.0,32.0,15.828722942801406,111.0,137.0,110,46.0,-30.0,0.42,106.75,
07:42:49,111.0,96.0,146.0,32.0,108.0,112.0,237.53,30.0,35.0,208.0,62.0,15.733711259584172,111.0,146.0,270,146.0,160.0,0.54,106.75,
07:42:50,111.83,72.0,145.55,22.0,110.38,68.0,156.0,22.0,33.72000000000001,140.0,44.0,1.9107145260245724,111.83,145.55,184,96.0,-86.0,0.52,112.0,2.0
07:42:51,112.0,60.0,145.0,20.0,111.0,60.0,176.0,20.0,33.0,120.0,40.0,1.9846964503322728,112.0,145.0,160,80.0,-24.0,0.5,112.0,
07:42:52,112.0,54.0,144.44,18.0,111.0,54.0,206.0,18.0,32.44,108.0,36.0,2.0094078729719302,112.0,144.44,144,72.0,-16.0,0.5,112.0,
07:42:53,112.0,48.0,143.4,25.0,111.0,48.0,190.5,16.0,31.40000000000001,96.0,41.0,0.3860310867819562,112.0,143.4,137,55.0,-7.0,0.4,112.0,
