Time,Bid1_Price,Bid1_Volume,Ask1_Price,Ask1_Volume,Bid2_Price,Bid2_Volume,Ask2_Price,Ask2_Volume,Mid-Price,Bid_Ask_Spread,Market_Depth_Bid,Market_Depth_Ask,Historical_Volatility,Weighted_Avg_Bid_Price,Weighted_Avg_Ask_Price,Total_volume,Cumulative_Volume_Difference,Total_Volume_Change_Corrected,Order_imbalance,Weighted_Avg_Price,Trade_Volume
07:30:03,96.0,13.0,108.0,15.0,44.89,9.0,798.0,12.0,102.0,12.0,22.0,27.0,,96.0,108.0,49,-5.0,41.0,-0.1,,
07:30:04,98.22,18.0,106.17,18.0,83.29,14.0,261.11,18.0,102.19,7.950000000000003,32.0,36.0,187.81714836510537,98.22,106.17,68,-4.0,19.0,-0.06,,
07:30:06,92.6,20.0,102.58,19.0,83.86,14.0,107.62,16.0,97.59,9.980000000000004,34.0,35.0,154.26454275043247,92.6,102.58,69,-1.0,5.0,-0.01,101.2,5.0
07:30:07,93.8,30.0,103.0,25.0,92.4,20.0,108.0,25.0,98.4,9.200000000000005,50.0,50.0,2.57587849092615,93.8,103.0,100,0.0,31.0,0.0,101.2,
07:30:12,102.67,15.0,334.59,29.0,97.25,16.0,515.33,12.0,218.63,231.92,31.0,41.0,53.06880552641085,102.67,334.59,72,-10.0,-46.0,-0.14,103.0,5.0
07:30:15,96.0,12.0,215.33,18.0,95.0,16.0,294.29,14.0,155.67,119.33,28.0,32.0,101.63342265219654,96.0,215.33,60,-4.0,-32.0,-0.07,103.0,
07:30:16,96.0,12.0,113.18,17.0,95.0,16.0,116.21,19.0,104.59,17.180000000000007,28.0,36.0,100.79371151019302,96.0,113.18,64,-8.0,4.0,-0.12,103.0,
07:30:17,96.0,3.0,112.0,4.0,95.0,4.0,116.0,5.0,104.0,16.0,7.0,9.0,114.87549564637366,96.0,112.0,16,-2.0,-48.0,-0.12,103.0,
07:30:18,103.52,25.0,111.65,43.0,99.41,41.0,116.0,43.0,107.59,8.13000000000001,66.0,86.0,84.02644774117262,103.52,111.65,152,-20.0,136.0,-0.13,110.0,2.0
07:30:19,104.0,30.0,111.6,40.0,102.0,100.0,122.2,30.0,107.8,7.599999999999994,130.0,70.0,22.28138572889955,104.0,111.6,200,60.0,48.0,0.3,110.0,
07:30:20,103.26,81.0,109.33,36.0,102.68,158.0,111.76,41.0,106.3,6.069999999999993,239.0,77.0,1.7197761482263665,103.26000000000002,109.33,316,162.0,116.0,0.51,103.43,7.0
07:30:21,103.0,182.0,107.13,45.0,101.27,82.0,108.64,50.0,105.07,4.129999999999996,264.0,95.0,1.6284563242556822,103.0,107.12999999999998,359,169.0,43.0,0.47,103.43,
07:30:22,104.31,62.0,106.61,59.0,102.82,238.0,108.15,60.0,105.46,2.299999999999997,300.0,119.0,1.2276929583606568,104.31,106.61,419,181.0,60.0,0.43,106.0,3.0
07:30:23,103.0,132.0,108.0,32.0,100.0,112.0,115.0,24.0,105.5,5.0,244.0,56.0,1.0877867438097992,103.0,108.0,300,188.0,-119.0,0.63,106.0,
07:30:24,101.65,104.0,108.0,32.0,100.63,86.0,115.0,24.0,104.83,6.349999999999994,190.0,56.0,0.5595265856135042,101.65,108.0,246,134.0,-54.0,0.54,106.0,
07:30:25,101.4,47.0,106.7,27.0,100.06,158.0,109.95,40.0,104.05,5.299999999999997,205.0,67.0,0.5908214620410268,101.4,106.7,272,138.0,26.0,0.51,106.0,
07:30:26,101.22,54.0,103.0,7.0,100.9,62.0,107.57,21.0,102.11,1.7800000000000011,116.0,28.0,1.403976495532698,101.22,103.0,144,88.0,-128.0,0.61,102.0,3.0
07:30:27,101.0,112.0,103.0,8.0,100.0,16.0,107.0,24.0,102.0,2.0,128.0,32.0,1.5856765117792035,101.0,103.0,160,96.0,16.0,0.6,102.0,
07:30:28,101.3,80.0,106.64,22.0,100.92,119.0,227.71,52.0,103.97,5.340000000000003,199.0,74.0,1.2664991117281748,101.3,106.64,273,125.0,113.0,0.46,105.0,2.0
07:30:29,102.54,39.0,107.0,38.0,101.12,149.0,156.45,55.0,104.77,4.459999999999994,188.0,93.0,1.249639948148367,102.54,107.0,281,95.0,8.0,0.34,105.0,
07:30:30,104.09,33.0,107.0,33.0,103.09,33.0,115.0,44.0,105.55,2.9099999999999966,66.0,77.0,1.585591372330292,104.09,107.0,143,-11.0,-138.0,-0.08,105.0,
07:30:31,105.21,42.0,112.12,50.0,101.07,90.0,206.83,60.0,108.67,6.910000000000011,132.0,110.0,2.443607988202749,105.21,112.12,242,22.0,99.0,0.09,107.0,3.0
07:30:32,105.88,24.0,115.0,32.0,103.0,16.0,198.42,36.0,110.44,9.120000000000005,40.0,68.0,2.7553039759722244,105.88,115.0,108,-28.0,-134.0,-0.26,107.0,
07:30:33,106.75,36.0,115.0,48.0,105.0,24.0,258.71,56.0,110.88,8.25,60.0,104.0,2.7889550014312547,106.75,115.0,164,-44.0,56.0,-0.27,107.0,
07:30:34,107.86,21.0,114.5,24.0,103.74,54.0,163.46,39.0,111.18,6.640000000000001,75.0,63.0,2.3334588061520325,107.86,114.5,138,12.0,-26.0,0.09,107.75,4.0
07:30:35,107.0,10.0,112.25,24.0,103.0,140.0,114.67,36.0,109.62,5.25,150.0,60.0,1.0184399835083568,107.0,112.25,210,90.0,72.0,0.43,107.75,
07:30:36,103.44,68.0,109.64,56.0,102.4,110.0,111.33,42.0,106.54,6.200000000000003,178.0,98.0,1.8786484503516023,103.44,109.64,276,80.0,66.0,0.29,103.8,5.0
07:30:37,106.0,8.0,108.46,26.0,103.0,80.0,109.87,30.0,107.23,2.4599999999999937,88.0,56.0,2.110402805155559,106.0,108.46,144,32.0,-132.0,0.22,103.8,
07:30:38,103.1,67.0,108.78,27.0,100.67,36.0,204.25,32.0,105.94,5.680000000000007,103.0,59.0,2.2165784443615864,103.1,108.78,162,44.0,18.0,0.27,106.17,6.0
07:30:39,109.0,10.0,110.0,24.0,104.0,6.0,332.71,17.0,109.5,1.0,16.0,41.0,1.7006410556047409,109.0,110.0,57,-25.0,-105.0,-0.44,109.0,1.0
07:30:40,103.7,37.0,110.0,46.0,102.23,62.0,113.0,24.0,106.85,6.299999999999997,99.0,70.0,1.3634405010884727,103.7,110.0,169,29.0,112.0,0.17,105.57,7.0
07:30:41,103.0,42.0,109.5,18.0,102.0,42.0,242.43,14.0,106.25,6.5,84.0,32.0,1.4047170533628417,103.0,109.5,116,52.0,-53.0,0.45,105.57,
07:30:42,103.0,28.0,108.2,10.0,102.0,28.0,151.0,10.0,105.6,5.200000000000003,56.0,20.0,1.5629043476836226,103.0,108.2,76,36.0,-40.0,0.47,105.57,
07:30:43,103.0,77.0,107.0,43.0,102.0,77.0,197.46,26.0,105.0,4.0,154.0,69.0,1.7426273267708032,103.0,107.0,223,85.0,147.0,0.38,105.57,
07:30:44,103.0,21.0,107.0,15.0,102.0,21.0,234.0,7.0,105.0,4.0,42.0,22.0,0.8073103492513264,103.0,107.0,64,20.0,-159.0,0.31,105.57,
07:30:45,103.79,102.0,107.0,60.0,102.67,84.0,141.12,16.0,105.4,3.2099999999999937,186.0,76.0,0.5172040216474427,103.79,107.0,262,110.0,169.5,0.42,105.57,
07:30:46,103.65,120.0,105.39,36.0,101.79,98.0,107.5,30.0,104.52,1.7399999999999949,218.0,66.0,0.4172289539428913,103.65,105.39,284,152.0,22.0,0.54,105.0,3.0
07:30:47,102.02,43.0,106.0,7.0,101.14,49.0,107.0,23.0,104.01,3.980000000000004,92.0,30.0,0.5342096966625277,102.02,106.0,122,62.0,-162.0,0.51,105.0,
07:30:48,104.05,56.0,106.39,23.0,101.93,43.0,107.25,48.0,105.22,2.3400000000000034,99.0,71.0,0.5644466316741302,104.05,106.39,170,28.0,48.0,0.16,104.5,4.0
07:30:49,105.94,31.0,107.0,41.0,100.33,147.0,109.0,28.0,106.47,1.0600000000000025,178.0,69.0,0.9358044667601684,105.94,107.0,247,109.0,77.0,0.44,107.0,1.0
07:30:50,102.0,50.0,107.0,19.0,100.42,84.0,109.0,24.0,104.5,5.0,134.0,43.0,0.9557876333204336,102.0,107.0,177,91.0,-70.0,0.51,104.2,5.0
07:30:51,101.0,95.0,107.55,22.0,100.0,84.0,122.57,21.0,104.27,6.549999999999997,179.0,43.0,0.989459448390016,101.0,107.55,222,136.0,45.0,0.61,104.2,
07:30:52,102.0,44.0,105.45,29.0,100.42,60.0,107.4,20.0,103.72,3.450000000000003,104.0,49.0,1.060202810790593,102.0,105.45,153,55.0,-69.0,0.36,102.0,1.0
07:30:53,102.65,23.0,105.6,30.0,101.31,61.0,108.27,22.0,104.13,2.9499999999999886,84.0,52.0,1.07348497893928,102.65,105.6,136,32.0,-17.0,0.24,104.0,1.0
07:30:54,100.21,95.0,106.75,24.0,98.04,69.0,108.75,24.0,103.48,6.540000000000006,164.0,48.0,0.4143066497272712,100.21,106.75,212,116.0,76.0,0.55,104.0,
07:30:55,100.92,61.0,183.98,43.0,99.23,133.0,259.0,48.0,142.45,83.05999999999999,194.0,91.0,17.24297393143098,100.92,183.98,285,103.0,73.0,0.36,105.22,9.0
07:30:56,102.52,42.0,258.05,39.0,99.95,63.0,497.33,27.0,180.29,155.53000000000003,105.0,66.0,34.26565087664334,102.52,258.05,171,39.0,-114.0,0.23,103.0,5.0
07:30:58,112.0,24.0,356.0,34.0,111.0,104.0,618.0,30.0,234.0,244.0,128.0,64.0,66.94831850016855,112.0,356.0,192,64.0,3.0,0.33,112.0,2.0
07:30:59,112.0,4.0,171.0,6.0,111.0,26.0,770.0,10.0,141.5,59.0,30.0,16.0,56.61729267635474,112.0,171.0,46,14.0,-146.0,0.3,112.0,
07:31:00,112.0,16.0,169.97,31.0,111.0,104.0,340.69,32.0,140.98,57.97,120.0,63.0,56.95112465965894,112.0,169.97,183,57.0,137.0,0.31,112.0,
07:31:01,111.0,117.0,168.22,36.0,110.0,18.0,413.03,37.0,139.61,57.22,135.0,73.0,61.93525232046781,111.0,168.22,208,62.0,25.0,0.3,112.0,
07:31:02,112.0,18.0,167.5,24.0,110.97,67.0,335.67,24.0,139.75,55.5,85.0,48.0,41.84006417299108,112.0,167.5,133,37.0,-75.0,0.28,112.0,
07:31:03,112.0,26.0,164.94,47.0,110.5,24.0,166.75,48.0,138.47,52.94,50.0,95.0,1.1986116969277485,112.0,164.94,145,-45.0,12.0,-0.31,112.0,1.0
07:31:04,112.0,14.0,163.86,28.0,111.0,14.0,165.29,28.0,137.93,51.860000000000014,28.0,56.0,1.1911423088833817,112.0,163.86,84,-28.0,-61.0,-0.33,112.0,
07:31:05,112.0,22.0,160.57,42.0,111.0,22.0,164.45,44.0,136.29,48.56999999999999,44.0,86.0,1.4110279940568506,112.0,160.57,130,-42.0,46.0,-0.32,112.0,
07:31:06,112.0,26.0,161.23,52.0,111.0,26.0,162.69,52.0,136.62,49.22999999999999,52.0,104.0,1.408907378081366,112.0,161.23,156,-52.0,26.0,-0.33,112.0,
07:31:07,112.53,17.0,160.0,32.0,111.09,22.0,161.0,32.0,136.26,47.47,39.0,64.0,1.0194263092603273,112.53,160.0,103,-25.0,-53.0,-0.24,112.0,
07:31:08,112.0,24.0,160.0,48.0,111.0,96.0,161.0,48.0,136.0,48.0,120.0,96.0,0.7646894794700256,112.0,160.0,216,24.0,113.0,0.11,112.0,
07:31:09,112.0,32.0,155.55,49.0,111.0,128.0,159.41,61.0,133.78,43.55000000000001,160.0,110.0,1.1449890829226983,112.0,155.55,270,50.0,54.0,0.19,112.0,
07:31:10,111.48,46.0,154.67,48.0,110.94,94.0,156.26,46.0,133.07,43.18999999999998,140.0,94.0,1.6061382256867551,111.48,154.67,234,46.0,-36.0,0.2,112.0,2.0
07:31:11,111.0,52.0,151.75,32.0,110.0,16.0,153.75,32.0,131.38,40.75,68.0,64.0,2.0516627403187524,111.0,151.75,132,4.0,-102.0,0.03,111.0,2.0
07:31:12,111.0,48.0,147.54,26.0,110.0,16.0,148.83,24.0,129.27,36.53999999999999,64.0,50.0,2.5347879595761613,111.0,147.54,114,14.0,-18.0,0.12,111.0,
07:31:13,111.0,72.0,145.0,38.0,110.0,24.0,145.2,40.0,128.0,34.0,96.0,78.0,2.4546180965706994,111.0,145.0,174,18.0,60.0,0.1,111.0,
07:31:14,111.0,84.0,140.91,44.0,110.0,28.0,141.86,42.0,125.95,29.91,112.0,86.0,2.791904367991936,111.0,140.91,198,26.0,24.0,0.13,111.0,
07:31:15,111.0,36.0,135.87,46.0,110.0,24.0,136.87,30.0,123.43,24.870000000000005,60.0,76.0,3.0556717755695835,111.0,135.87,136,-16.0,-62.0,-0.12,111.0,4.0
07:31:16,111.0,22.0,133.43,28.0,110.0,22.0,134.63,38.0,122.21,22.430000000000007,44.0,66.0,2.9750831921162613,111.0,133.43,110,-22.0,-26.0,-0.2,111.0,
07:31:17,110.86,21.0,129.07,30.0,109.38,48.0,130.56,32.0,119.96,18.209999999999997,69.0,62.0,3.1469270725602705,110.86,129.07,131,7.0,21.0,0.05,110.67,3.0
07:31:18,110.0,12.0,122.07,28.0,109.0,120.0,123.29,34.0,116.04,12.069999999999991,132.0,62.0,3.748769131330017,110.0,122.07,194,70.0,63.0,0.36,110.67,
07:31:19,109.35,75.0,118.71,34.0,108.7,50.0,120.75,24.0,114.03,9.36,125.0,58.0,4.006972672730987,109.35,118.71,183,67.0,-11.0,0.37,109.25,4.0
07:31:20,109.0,79.0,116.08,52.0,107.21,33.0,117.08,50.0,112.54,7.079999999999998,112.0,102.0,4.047533817031423,109.0,116.08,214,10.0,31.0,0.05,109.0,3.0
07:31:21,109.33,27.0,113.68,37.0,108.18,44.0,115.9,60.0,111.5,4.3500000000000085,71.0,97.0,3.3448736896948863,109.33,113.68,168,-26.0,-46.0,-0.15,109.67,3.0
07:31:22,107.58,66.0,110.67,63.0,106.57,63.0,111.19,52.0,109.12,3.0900000000000034,129.0,115.0,2.607293615995948,107.58,110.67,244,14.0,76.0,0.06,108.0,4.0
07:31:23,106.0,49.0,108.5,32.0,104.0,9.0,109.78,36.0,107.25,2.5,58.0,68.0,2.7081672769630307,106.0,108.5,126,-10.0,-118.0,-0.08,106.0,2.0
07:31:24,106.0,23.0,107.0,7.0,104.0,7.0,108.0,28.0,106.5,1.0,30.0,35.0,2.616241579062127,106.0,107.0,65,-5.0,-61.0,-0.08,106.0,4.0
07:31:25,96.21,43.0,105.54,48.0,78.73,51.0,195.78,36.0,100.88,9.330000000000013,94.0,84.0,3.952809127698137,96.21,105.54,178,10.0,113.0,0.06,103.86,7.0
07:31:30,98.14,14.0,314.85,13.0,35.0,26.0,718.6,15.0,206.49,216.71000000000004,40.0,28.0,61.9684591546378,98.14,314.85,68,12.0,-13.0,0.18,103.86,
07:31:31,93.29,17.0,256.04,26.0,31.37,38.0,524.29,14.0,174.67,162.75,55.0,40.0,60.54313404507575,93.29,256.04,95,15.0,27.0,0.16,103.6,5.0
07:31:32,104.36,44.0,358.19,21.0,88.96,48.0,468.95,22.0,231.28,253.83,92.0,43.0,57.14895755829679,104.36,358.19,135,49.0,40.0,0.36,103.6,
07:31:33,110.0,14.0,192.0,14.0,107.48,31.0,303.2,15.0,151.0,82.0,45.0,29.0,31.55570835839383,110.0,192.0,74,16.0,-61.0,0.22,103.6,
07:31:34,108.85,33.0,242.46,13.0,107.68,37.0,366.3,20.0,175.66,133.61,70.0,33.0,31.2803492627561,108.85,242.46,103,37.0,29.0,0.36,110.0,4.0
07:31:35,110.0,6.0,272.6,5.0,108.0,15.0,378.14,7.0,191.3,162.60000000000002,21.0,12.0,29.71209888244192,110.0,272.6,33,9.0,-70.0,0.27,110.0,
07:31:37,112.45,22.0,369.4,15.0,109.04,23.0,544.5,8.0,240.93,256.95,45.0,23.0,51.0356867299736,112.45,369.4,68,22.0,14.0,0.32,110.0,
07:31:38,112.0,33.0,265.6,15.0,109.0,22.0,357.18,11.0,188.8,153.60000000000002,55.0,26.0,42.761776389668405,112.0,265.6,81,29.0,13.0,0.36,110.0,
07:31:39,112.0,12.0,243.5,8.0,109.0,8.0,247.0,4.0,177.75,131.5,20.0,12.0,42.29187215056815,112.0,243.5,32,8.0,-49.0,0.25,110.0,
07:31:40,111.06,53.0,240.62,32.0,108.68,38.0,373.94,16.0,175.84,129.56,91.0,48.0,44.95378259946545,111.06,240.62,139,43.0,107.0,0.31,112.0,3.0
07:31:41,112.22,36.0,238.11,18.0,109.44,18.0,539.86,14.0,175.17,125.89,54.0,32.0,28.06860292212642,112.22,238.11,86,22.0,-53.0,0.26,112.0,
07:31:42,113.17,48.0,236.67,24.0,111.74,69.0,504.41,17.0,174.92,123.5,117.0,41.0,5.865861403068088,113.17,236.67,158,76.0,72.0,0.48,112.0,
07:31:43,114.0,40.0,235.6,20.0,112.0,70.0,298.33,12.0,174.8,121.6,110.0,32.0,1.216688127666218,114.0,235.6,142,78.0,-16.0,0.55,112.0,
07:31:44,113.52,42.0,128.64,22.0,111.82,67.0,230.58,19.0,121.08,15.11999999999999,109.0,41.0,24.198719387604054,113.52,128.64,150,68.0,8.0,0.45,113.0,8.0
07:31:45,112.0,13.0,128.0,14.0,109.0,14.0,444.0,15.0,120.0,16.0,27.0,29.0,29.811631622573177,112.0,128.0,56,-2.0,-94.0,-0.04,112.0,2.0
07:31:46,112.0,9.0,127.44,18.0,109.0,18.0,246.78,27.0,119.72,15.439999999999998,27.0,45.0,29.90634180236703,112.0,127.44,72,-18.0,16.0,-0.25,112.0,
07:31:47,112.0,9.0,135.38,21.0,109.67,18.0,266.24,29.0,123.69,23.379999999999995,27.0,50.0,24.05639249762953,112.0,135.38,77,-23.0,5.0,-0.3,112.0,
07:31:48,112.0,11.0,147.62,39.0,110.0,22.0,148.23,26.0,129.81,35.620000000000005,33.0,65.0,4.189242174905495,112.0,147.62,98,-32.0,21.0,-0.33,112.0,
07:31:49,111.41,17.0,146.46,52.0,109.69,32.0,147.6,53.0,128.94,35.05000000000001,49.0,105.0,4.786467382110401,111.41,146.46,154,-56.0,56.0,-0.36,110.67,3.0
07:31:50,109.0,20.0,139.0,41.0,108.0,40.0,145.65,34.0,124.0,30.0,60.0,75.0,4.152862867951064,109.0,139.0,135,-15.0,-19.0,-0.11,110.67,
07:31:51,109.75,16.0,132.45,38.0,108.38,32.0,135.07,46.0,121.1,22.69999999999999,48.0,84.0,3.718046530102432,109.75,132.45,132,-36.0,-3.0,-0.27,110.67,
07:31:52,111.0,10.0,129.2,30.0,108.1,31.0,130.36,33.0,120.1,18.19999999999999,41.0,63.0,4.434501099335393,111.0,129.2,104,-22.0,-28.0,-0.21,110.67,
07:31:53,111.0,11.0,127.09,33.0,109.0,11.0,130.0,33.0,119.05,16.090000000000003,22.0,66.0,3.9765210926143695,111.0,127.09,88,-44.0,-16.0,-0.5,110.67,
07:31:54,111.0,12.0,124.92,36.0,109.0,12.0,126.33,36.0,117.96,13.920000000000002,24.0,72.0,2.3079904679194825,111.0,124.92,96,-48.0,8.0,-0.5,110.67,
07:31:55,111.0,23.0,123.27,45.0,109.0,15.0,126.0,45.0,117.13,12.269999999999996,38.0,90.0,1.59513949233517,111.0,123.27,128,-52.0,32.0,-0.41,110.67,
07:31:56,108.6,45.0,120.94,48.0,106.05,175.0,122.44,55.0,114.77,12.340000000000003,220.0,103.0,2.031494523745361,108.6,120.94,323,117.0,169.5,0.36,110.0,5.0
07:31:57,109.33,30.0,116.1,52.0,106.07,112.0,117.27,56.0,112.71,6.769999999999996,142.0,108.0,2.5609138993741025,109.33,116.1,250,34.0,-73.0,0.14,110.5,4.0
07:31:58,108.97,158.0,111.24,49.0,106.19,74.0,112.6,45.0,110.11,2.269999999999996,232.0,94.0,3.2183505091906213,108.96999999999998,111.23999999999998,326,138.0,76.0,0.42,110.5,
07:31:59,107.29,178.0,110.2,46.0,105.09,138.0,113.86,42.0,108.74,2.9099999999999966,316.0,88.0,3.402178713707973,107.29000000000002,110.2,404,228.0,78.0,0.56,109.67,6.0
07:32:00,107.36,121.0,110.0,33.0,106.0,121.0,115.0,33.0,108.68,2.640000000000001,242.0,66.0,2.6654774431624304,107.36,110.0,308,176.0,-96.0,0.57,109.67,
07:32:01,108.98,123.0,110.42,36.0,106.11,105.0,116.18,38.0,109.7,1.4399999999999975,228.0,74.0,1.641301312985461,108.98,110.42,302,154.0,-6.0,0.51,110.0,3.0
07:32:02,108.0,18.0,114.0,27.0,106.0,40.0,175.11,27.0,111.0,6.0,58.0,54.0,0.9753871026458316,108.0,114.0,112,4.0,-170.5,0.04,110.0,
07:32:03,110.33,51.0,113.47,45.0,108.83,41.0,367.5,60.0,111.9,3.140000000000001,92.0,105.0,1.4168556736689235,110.33,113.47,197,-13.0,85.0,-0.07,110.12,8.0
07:32:04,108.0,10.0,111.31,32.0,106.0,10.0,421.21,48.0,109.66,3.3100000000000023,20.0,80.0,1.2630597768941134,108.0,111.31,100,-60.0,-97.0,-0.6,110.12,
07:32:05,108.86,42.0,110.06,49.0,107.08,13.0,241.47,49.0,109.46,1.2000000000000028,55.0,98.0,1.062487646990689,108.86,110.06000000000002,153,-43.0,53.0,-0.28,110.0,5.0
07:32:06,108.72,25.0,143.53,68.0,106.92,13.0,493.85,53.0,126.12,34.81,38.0,121.0,7.054425561306016,108.72,143.53,159,-83.0,6.0,-0.52,110.0,3.0
07:32:07,102.0,88.0,196.64,55.0,86.82,22.0,607.61,31.0,149.32,94.64,110.0,86.0,17.12007359797286,102.0,196.64,196,24.0,37.0,0.12,106.0,4.0
07:32:08,102.76,59.0,346.2,50.0,100.84,62.0,474.4,47.0,224.48,243.44,121.0,97.0,47.95073012999912,102.76,346.2,218,24.0,22.0,0.11,106.0,
07:32:09,104.84,86.0,362.58,52.0,102.3,94.0,464.65,79.0,233.71,257.74,180.0,131.0,57.08698030199184,104.84,362.58,311,49.0,93.0,0.16,104.0,3.0
07:32:10,106.51,35.0,267.0,65.0,104.71,34.0,300.83,47.0,186.76,160.49,69.0,112.0,46.55668179756805,106.51,267.0,181,-43.0,-130.0,-0.24,107.14,7.0
07:32:11,108.0,16.0,266.27,55.0,104.88,17.0,278.45,55.0,187.14,158.26999999999998,33.0,110.0,33.82179947903427,108.0,266.27,143,-77.0,-38.0,-0.54,107.14,
07:32:12,110.59,34.0,187.47,85.0,108.65,17.0,256.53,85.0,149.03,76.88,51.0,170.0,33.92256520371068,110.59,187.47,221,-119.0,78.0,-0.54,107.14,
07:32:13,111.05,21.0,173.55,55.0,109.33,12.0,219.41,37.0,142.3,62.500000000000014,33.0,92.0,36.61163571871657,111.04999999999998,173.55,125,-59.0,-96.0,-0.47,112.0,1.0
07:32:14,111.77,26.0,171.62,65.0,109.0,13.0,246.0,65.0,141.69,59.85000000000001,39.0,130.0,23.515882505234696,111.77,171.62,169,-91.0,44.0,-0.54,112.0,
07:32:15,104.37,19.0,167.12,40.0,101.58,62.0,261.0,40.0,135.75,62.75,81.0,80.0,20.64426966497008,104.37,167.12,161,1.0,-8.0,0.01,109.5,4.0
07:32:16,102.08,40.0,159.96,28.0,99.0,80.0,213.25,40.0,131.02,57.88000000000001,120.0,68.0,6.862599361758234,102.08,159.96,188,52.0,27.0,0.28,102.25,8.0
07:32:17,102.0,33.0,281.93,43.0,97.78,83.0,440.0,37.0,191.97,179.93,116.0,80.0,24.711127655370245,102.0,281.93,196,36.0,8.0,0.18,103.0,1.0
07:32:18,103.0,39.0,178.78,32.0,86.19,21.0,171.77,61.0,140.89,75.78,60.0,93.0,24.80808094149977,103.0,178.78,153,-33.0,-43.0,-0.22,103.0,
07:32:19,111.3,119.0,117.86,28.0,106.29,63.0,146.36,70.0,114.58,6.560000000000002,182.0,98.0,29.18119034583758,111.3,117.86,280,84.0,127.0,0.3,103.0,
07:32:20,111.0,110.0,116.31,26.0,107.09,99.0,281.65,17.0,113.65,5.310000000000002,209.0,43.0,32.05605200270308,111.0,116.31,252,166.0,-28.0,0.66,103.0,
07:32:21,111.0,50.0,113.4,10.0,108.0,70.0,115.0,20.0,112.2,2.4000000000000057,120.0,30.0,34.17721126715877,111.0,113.4,150,90.0,-102.0,0.6,103.0,
07:32:22,111.0,70.0,112.0,14.0,108.0,98.0,115.0,28.0,111.5,1.0,168.0,42.0,12.538645461133502,111.0,112.0,210,126.0,60.0,0.6,103.0,
07:32:23,111.0,40.0,214.0,11.0,108.0,98.0,445.18,17.0,162.5,103.0,138.0,28.0,22.17765722523468,111.0,214.0,166,110.0,-44.0,0.66,110.73,11.0
07:32:24,108.0,98.0,244.5,8.0,104.0,80.0,558.69,13.0,176.25,136.5,178.0,21.0,31.565340961250588,108.0,244.5,199,157.0,33.0,0.79,108.0,3.0
07:32:25,108.46,104.0,171.67,12.0,105.2,75.0,385.56,16.0,140.06,63.21,179.0,28.0,29.17253022965276,108.46,171.67,207,151.0,8.0,0.73,108.0,
07:32:26,110.72,58.0,279.67,18.0,109.47,76.0,452.33,9.0,195.2,168.95000000000002,134.0,27.0,32.470040344908774,110.72,279.67,161,107.0,-46.0,0.66,108.0,
07:32:27,111.0,62.0,130.0,26.0,110.0,104.0,463.43,61.0,120.5,19.0,166.0,87.0,29.41588890378809,111.0,130.0,253,79.0,92.0,0.31,111.0,4.0
07:32:28,111.0,12.0,129.57,14.0,110.0,48.0,373.33,24.0,120.29,18.569999999999997,60.0,38.0,33.848124763419364,111.0,129.57,98,22.0,-155.0,0.22,111.0,
07:32:29,111.0,22.0,128.27,33.0,110.0,88.0,130.0,22.0,119.64,17.27000000000001,110.0,55.0,32.50612280786503,111.0,128.27,165,55.0,67.0,0.33,111.0,
07:32:30,110.02,93.0,124.38,39.0,109.1,80.0,220.59,46.0,117.2,14.36,173.0,85.0,33.92087086146232,110.01999999999998,124.38,258,88.0,93.0,0.34,110.67,3.0
07:32:31,110.0,73.0,121.85,39.0,109.0,78.0,158.97,61.0,115.92,11.849999999999994,151.0,100.0,2.038970328377512,110.0,121.85,251,51.0,-7.0,0.2,110.0,2.0
07:32:32,110.0,75.0,119.87,45.0,109.0,90.0,122.0,45.0,114.93,9.870000000000005,165.0,90.0,2.318885508170652,110.0,119.87000000000002,255,75.0,4.0,0.29,110.0,
07:32:33,112.92,36.0,119.0,30.0,109.66,53.0,122.0,30.0,115.96,6.079999999999998,89.0,60.0,1.8150757559958293,112.92,119.0,149,29.0,-106.0,0.19,110.0,
07:32:34,110.26,27.0,117.64,33.0,109.59,59.0,122.0,33.0,113.95,7.3799999999999955,86.0,66.0,1.220970925126308,110.26,117.64,152,20.0,3.0,0.13,110.0,
07:32:35,110.82,56.0,115.45,33.0,109.79,57.0,122.0,33.0,113.14,4.63000000000001,113.0,66.0,1.2342001458449765,110.82,115.45,179,47.0,27.0,0.26,111.0,6.0
07:32:36,111.0,55.0,113.35,34.0,110.0,65.0,115.42,36.0,112.18,2.3499999999999943,120.0,70.0,1.479516813018264,111.0,113.35,190,50.0,11.0,0.26,111.0,4.0
07:32:37,110.18,34.0,212.27,49.0,109.38,78.0,419.1,49.0,161.22,102.09,112.0,98.0,21.24914115911521,110.18,212.27000000000004,210,14.0,20.0,0.07,110.25,4.0
07:32:38,110.77,13.0,341.45,20.0,109.28,50.0,384.12,60.0,226.11,230.68,63.0,80.0,49.74365034856213,110.77,341.45,143,-17.0,-67.0,-0.12,111.0,2.0
07:32:39,110.0,18.0,337.61,33.0,109.0,54.0,404.0,12.0,223.8,227.61,72.0,45.0,56.25689291100253,110.0,337.61,117,27.0,-26.0,0.23,111.0,
07:32:40,110.0,17.0,175.85,33.0,109.0,48.0,291.18,11.0,142.92,65.85,65.0,44.0,50.35786115394504,110.0,175.85,109,21.0,-8.0,0.19,111.0,
07:32:41,111.06,49.0,174.96,47.0,109.69,16.0,197.67,48.0,143.01,63.900000000000006,65.0,95.0,42.24546804096278,111.06000000000002,174.96,160,-30.0,51.0,-0.19,111.0,2.0
07:32:42,112.13,39.0,173.88,40.0,110.75,12.0,247.07,43.0,143.0,61.75,51.0,83.0,44.90882285253096,112.13,173.88,134,-32.0,-26.0,-0.24,113.0,4.0
07:32:43,109.4,20.0,172.33,12.0,108.67,12.0,173.03,36.0,140.87,62.93000000000001,32.0,48.0,36.39227734011716,109.4,172.33,80,-16.0,-54.0,-0.2,109.75,4.0
07:32:44,109.0,36.0,144.65,37.0,108.0,18.0,171.0,33.0,126.82,35.650000000000006,54.0,70.0,7.0493070581443,109.0,144.65,124,-16.0,44.0,-0.13,109.75,
07:32:45,109.2,30.0,169.58,60.0,108.14,21.0,170.22,32.0,139.39,60.38000000000001,51.0,92.0,6.770374435731232,109.2,169.58,143,-41.0,19.0,-0.29,109.0,3.0
07:32:46,111.0,12.0,167.2,44.0,109.0,12.0,168.69,36.0,139.1,56.19999999999999,24.0,80.0,6.348955032129536,111.0,167.2,104,-56.0,-39.0,-0.54,109.0,
07:32:47,111.0,9.0,164.82,17.0,109.0,9.0,165.44,45.0,137.91,53.81999999999999,18.0,62.0,5.687571538011882,111.0,164.82,80,-44.0,-24.0,-0.55,109.0,
07:32:48,111.0,9.0,144.44,18.0,109.0,9.0,164.08,25.0,127.72,33.44,18.0,43.0,6.347524714406599,111.0,144.44,61,-25.0,-19.0,-0.41,109.0,
07:32:49,107.11,47.0,158.13,39.0,106.12,127.0,159.58,67.0,132.62,51.02,174.0,106.0,5.064767516876037,107.11,158.13,280,68.0,169.5,0.24,108.6,5.0
07:32:50,107.79,152.0,154.7,50.0,105.92,210.0,155.22,32.0,131.24,46.90999999999998,362.0,82.0,4.739748938499012,107.79,154.7,444,280.0,164.0,0.63,109.0,3.0
07:32:51,109.0,154.0,152.97,39.0,106.0,350.0,153.85,66.0,130.99,43.97,504.0,105.0,3.7142468954018586,109.0,152.97,609,399.0,165.0,0.66,109.0,
07:32:52,109.0,143.0,147.23,47.0,106.0,302.0,148.71,42.0,128.12,38.22999999999999,445.0,89.0,2.1224796818820386,109.0,147.23,534,356.0,-75.0,0.67,109.0,
07:32:53,109.0,165.0,141.73,41.0,106.0,210.0,142.73,48.0,125.37,32.72999999999999,375.0,89.0,2.906986412077293,109.0,141.73,464,286.0,-70.0,0.62,109.0,
07:32:54,109.0,149.0,135.14,21.0,106.0,196.0,136.24,21.0,122.07,26.139999999999983,345.0,42.0,3.890921484687376,109.0,135.14,387,303.0,-77.0,0.78,109.0,5.0
07:32:55,109.19,81.0,131.93,40.0,106.49,184.0,131.56,62.0,120.56,22.74000000000001,265.0,102.0,4.276665757339661,109.19,131.93,367,163.0,-20.0,0.44,109.0,
07:32:56,110.27,33.0,125.73,33.0,109.0,66.0,128.21,28.0,118.0,15.460000000000008,99.0,61.0,3.984184985665372,110.27,125.73,160,38.0,-170.5,0.24,109.0,
07:32:57,111.37,43.0,120.05,56.0,109.37,81.0,121.11,54.0,115.71,8.679999999999993,124.0,110.0,3.7166745889304313,111.37,120.05,234,14.0,74.0,0.06,109.0,
07:32:58,113.0,24.0,116.21,28.0,111.03,34.0,116.84,43.0,114.61,3.2099999999999937,58.0,71.0,3.149372953462485,113.0,116.21,129,-13.0,-105.0,-0.1,109.0,
07:32:59,112.17,78.0,114.15,27.0,111.83,125.0,116.16,56.0,113.16,1.980000000000004,203.0,83.0,2.917322402478156,112.17,114.15,286,120.0,157.0,0.42,113.0,2.0
07:33:00,112.0,138.0,113.36,33.0,111.0,36.0,159.67,27.0,112.68,1.3599999999999994,174.0,60.0,2.137935920461787,112.0,113.36,234,114.0,-52.0,0.49,112.0,3.0
07:33:01,111.29,58.0,112.67,60.0,109.49,76.0,286.55,33.0,111.98,1.3799999999999957,134.0,93.0,1.5110162143407635,111.29,112.67,227,41.0,-7.0,0.18,111.77,13.0
07:33:02,110.17,84.0,126.7,37.0,109.19,74.0,280.45,20.0,118.43,16.53,158.0,57.0,2.5679505446952757,110.17,126.70000000000002,215,101.0,-12.0,0.47,111.77,
07:33:03,111.0,91.0,240.08,26.0,110.0,91.0,284.73,22.0,175.54,129.08,182.0,48.0,27.612153483565923,111.0,240.08,230,134.0,15.0,0.58,111.77,
07:33:04,111.0,91.0,235.68,31.0,110.0,91.0,237.24,21.0,173.34,124.68,182.0,52.0,33.00953922732038,111.0,235.68,234,130.0,4.0,0.56,111.77,
07:33:05,111.0,43.0,200.15,13.0,110.0,49.0,232.6,15.0,155.58,89.15,92.0,28.0,30.102265363258034,111.0,200.15000000000003,120,64.0,-114.0,0.53,111.0,1.0
07:33:06,111.0,54.0,123.33,27.0,110.0,63.0,126.4,15.0,117.17,12.329999999999998,117.0,42.0,28.648283892757075,111.0,123.33,159,75.0,39.0,0.47,111.0,
07:33:07,111.0,60.0,123.29,14.0,110.0,70.0,124.16,44.0,117.14,12.290000000000006,130.0,58.0,28.98512342564724,111.0,123.29,188,72.0,29.0,0.38,111.0,
07:33:08,111.0,78.0,120.26,31.0,110.0,91.0,123.0,47.0,115.63,9.260000000000003,169.0,78.0,26.937879834909108,111.0,120.26,247,91.0,59.0,0.37,111.0,
07:33:09,111.0,78.0,116.69,13.0,110.0,91.0,119.0,39.0,113.85,5.689999999999998,169.0,52.0,17.776423431050482,111.0,116.69,221,117.0,-26.0,0.53,111.0,
07:33:10,111.0,20.0,114.33,9.0,110.0,35.0,118.27,11.0,112.67,3.3299999999999983,55.0,20.0,2.000654892778555,111.0,114.33,75,35.0,-146.0,0.47,111.0,2.0
07:33:11,110.52,33.0,113.56,16.0,109.67,54.0,114.12,24.0,112.04,3.0400000000000063,87.0,40.0,2.109248681402591,110.52,113.56,127,47.0,52.0,0.37,110.62,8.0
07:33:12,109.66,47.0,111.3,50.0,108.88,64.0,173.2,35.0,110.48,1.6400000000000006,111.0,85.0,1.936396137157452,109.66,111.3,196,26.0,69.0,0.13,110.0,4.0
07:33:13,109.2,82.0,191.91,55.0,108.41,58.0,327.03,32.0,150.55,82.71,140.0,87.0,17.16691789460181,109.2,191.91,227,53.0,31.0,0.23,111.0,3.0
07:33:14,110.38,16.0,291.36,42.0,108.97,62.0,331.0,15.0,200.87,180.98,78.0,57.0,39.30878362401975,110.38,291.36,135,21.0,-92.0,0.16,111.0,
07:33:15,112.0,8.0,303.0,16.0,109.38,52.0,349.75,12.0,207.5,191.0,60.0,28.0,46.63530497380721,112.0,303.0,88,32.0,-47.0,0.36,111.0,
07:33:16,111.22,41.0,240.19,31.0,110.58,114.0,302.16,31.0,175.71,128.97,155.0,62.0,39.71133805350821,111.21999999999998,240.19,217,93.0,129.0,0.43,111.33,3.0
07:33:17,111.0,88.0,142.37,43.0,108.97,58.0,144.59,34.0,126.69,31.370000000000005,146.0,77.0,33.986177778620686,111.0,142.37,223,69.0,6.0,0.31,111.33,
07:33:18,111.0,144.0,138.62,48.0,109.0,54.0,139.51,78.0,124.81,27.620000000000005,198.0,126.0,39.585716868587966,111.0,138.62,324,72.0,101.0,0.22,111.33,
07:33:19,111.0,80.0,136.81,32.0,109.0,26.0,137.75,59.0,123.91,25.81,106.0,91.0,38.11487085115213,111.0,136.81,197,15.0,-127.0,0.08,111.0,5.0
07:33:20,111.0,72.0,135.5,24.0,109.0,24.0,137.0,60.0,123.25,24.5,96.0,84.0,22.864642573195905,111.0,135.5,180,12.0,-17.0,0.07,111.0,
07:33:21,111.0,74.0,133.31,26.0,109.0,26.0,137.0,65.0,122.15,22.31,100.0,91.0,1.7142111888562408,111.0,133.31,191,9.0,11.0,0.05,111.0,1.0
07:33:22,111.0,20.0,132.75,8.0,109.0,8.0,137.0,20.0,121.88,21.75,28.0,28.0,1.2189749792344842,111.0,132.75,56,0.0,-135.0,0.0,111.0,
07:33:23,111.0,60.0,130.81,31.0,109.0,28.0,156.25,67.0,120.9,19.81,88.0,98.0,1.1815117434877678,111.0,130.81,186,-10.0,130.0,-0.05,111.0,
07:33:24,111.33,27.0,127.21,42.0,110.38,39.0,138.03,37.0,119.27,15.879999999999995,66.0,79.0,1.4968132816083883,111.33,127.21,145,-13.0,-41.0,-0.09,111.0,
07:33:25,111.44,16.0,124.74,23.0,110.56,27.0,125.89,27.0,118.09,13.299999999999995,43.0,50.0,1.7391865914843645,111.44,124.74,93,-7.0,-52.0,-0.08,112.0,1.0
07:33:26,111.04,25.0,121.32,41.0,109.07,29.0,123.71,34.0,116.18,10.279999999999989,54.0,75.0,2.258833769890709,111.04,121.32,129,-21.0,36.0,-0.16,111.0,2.0
07:33:27,112.0,10.0,118.7,30.0,111.0,30.0,181.07,29.0,115.35,6.700000000000003,40.0,59.0,2.2559410453286124,112.0,118.7,99,-19.0,-30.0,-0.19,111.0,
07:33:28,110.77,31.0,117.17,36.0,109.57,44.0,118.17,36.0,113.97,6.400000000000006,75.0,72.0,2.121372197422692,110.77,117.17,147,3.0,48.0,0.02,110.17,6.0
07:33:29,111.0,54.0,114.33,27.0,108.0,27.0,116.33,27.0,112.67,3.3299999999999983,81.0,54.0,2.0757697367477035,111.0,114.33,135,27.0,-12.0,0.2,110.17,
07:33:30,110.71,56.0,112.27,33.0,108.21,38.0,165.03,35.0,111.49,1.5600000000000025,94.0,68.0,1.9119152700884263,110.71,112.27,162,26.0,27.0,0.16,111.0,6.0
07:33:31,109.0,72.0,111.14,43.0,108.0,27.0,175.59,29.0,110.07,2.140000000000001,99.0,72.0,2.0625712108911527,109.0,111.14,171,27.0,9.0,0.16,111.0,
07:33:32,108.94,32.0,401.14,44.0,107.82,22.0,566.14,43.0,255.04,292.2,54.0,87.0,63.96330369829254,108.94,401.14,141,-33.0,-30.0,-0.23,109.08,13.0
07:33:33,109.0,33.0,313.94,49.0,107.7,27.0,536.71,34.0,211.47,204.94,60.0,83.0,68.49818771325275,109.0,313.94,143,-23.0,2.0,-0.16,109.08,
07:33:36,111.45,33.0,268.0,48.0,108.0,33.0,543.0,28.0,189.73,156.55,66.0,76.0,45.02414219060743,111.45,268.0,142,-10.0,34.0,-0.07,109.08,
07:33:37,112.0,63.0,184.84,55.0,108.0,36.0,410.31,32.0,148.42,72.84,99.0,87.0,62.06513755724732,112.0,184.84,186,12.0,44.0,0.06,109.08,
07:33:38,112.0,36.0,136.0,15.0,108.0,18.0,147.04,27.0,124.0,24.0,54.0,42.0,77.37658903053318,112.0,136.0,96,12.0,-90.0,0.12,109.08,
07:33:39,111.75,48.0,212.46,35.0,107.92,26.0,507.66,29.0,162.1,100.71,74.0,64.0,61.375441912869526,111.75,212.46,138,10.0,42.0,0.07,112.0,3.0
07:33:40,108.0,39.0,247.0,38.0,107.0,26.0,495.24,42.0,177.5,139.0,65.0,80.0,25.612578940825458,108.0,247.0,145,-15.0,7.0,-0.1,112.0,
07:33:41,108.0,19.0,233.0,32.0,107.0,16.0,378.5,16.0,170.5,125.0,35.0,48.0,21.153583148015727,108.0,233.0,83,-13.0,-62.0,-0.16,108.0,1.0
07:33:42,108.86,65.0,196.71,28.0,107.7,20.0,194.64,28.0,152.79,87.85000000000001,85.0,56.0,20.82378255745135,108.86,196.71,141,29.0,58.0,0.21,108.0,3.0
07:33:43,109.0,72.0,118.86,14.0,108.0,18.0,147.85,13.0,113.93,9.86,90.0,27.0,24.93930893188532,109.0,118.86,117,63.0,-24.0,0.54,108.0,
07:33:44,109.0,57.0,110.72,18.0,107.62,16.0,137.92,24.0,109.86,1.7199999999999989,73.0,42.0,31.49330611415722,109.0,110.72,115,31.0,-2.0,0.27,109.5,6.0
07:33:45,109.5,16.0,111.0,16.0,108.33,12.0,249.0,16.0,110.25,1.5,28.0,32.0,28.29671058621496,109.5,111.0,60,-4.0,-55.0,-0.07,109.5,
07:33:46,108.6,30.0,188.75,44.0,106.68,44.0,297.44,16.0,148.68,80.15,74.0,60.0,21.680990982886573,108.6,188.75,134,14.0,74.0,0.1,110.0,8.0
07:33:47,107.5,12.0,205.8,25.0,106.18,22.0,609.0,5.0,156.65,98.3,34.0,30.0,22.860952079911485,107.5,205.8,64,4.0,-70.0,0.06,110.0,
07:33:48,108.12,24.0,203.88,40.0,107.0,16.0,621.0,8.0,156.0,95.76,40.0,48.0,24.15135751878165,108.12,203.88,88,-8.0,24.0,-0.09,110.0,
07:33:49,109.0,18.0,201.83,30.0,107.0,12.0,531.0,6.0,155.42,92.83,30.0,36.0,19.90982044117959,109.0,201.83,66,-6.0,-22.0,-0.09,110.0,
07:33:50,109.0,15.0,200.6,25.0,107.0,10.0,420.0,5.0,154.8,91.6,25.0,30.0,3.221055727554957,109.0,200.6,55,-5.0,-11.0,-0.09,110.0,
07:33:51,109.4,30.0,198.5,50.0,107.0,20.0,461.6,10.0,153.95,89.1,50.0,60.0,1.046293457885909,109.4,198.5,110,-10.0,55.0,-0.09,110.0,
07:33:52,109.0,25.0,169.38,47.0,106.37,38.0,344.26,19.0,139.19,60.38,63.0,66.0,7.130096072285016,109.0,169.38,129,-3.0,19.0,-0.02,111.0,3.0
07:33:53,108.83,12.0,119.36,33.0,107.12,17.0,121.33,30.0,114.1,10.53,29.0,63.0,17.76171922984971,108.83,119.36,92,-34.0,-37.0,-0.37,111.0,
07:33:54,110.93,14.0,117.88,43.0,109.98,41.0,118.94,34.0,114.41,6.949999999999989,55.0,77.0,20.180660296432617,110.93,117.88,132,-22.0,40.0,-0.17,111.0,
07:33:55,111.78,27.0,116.48,42.0,108.9,87.0,117.13,63.0,114.13,4.700000000000003,114.0,105.0,18.475199051702,111.78,116.48,219,9.0,87.0,0.04,110.5,4.0
07:33:56,112.0,65.0,116.0,26.0,110.0,13.0,117.0,65.0,114.0,4.0,78.0,91.0,11.194790306209796,112.0,116.0,169,-13.0,-50.0,-0.08,110.5,
07:33:57,112.0,22.0,116.0,12.0,110.0,6.0,117.0,30.0,114.0,4.0,28.0,42.0,0.1681368490475929,112.0,116.0,70,-14.0,-99.0,-0.2,112.0,4.0
07:33:58,108.38,53.0,115.25,16.0,106.77,26.0,117.0,40.0,111.81,6.8700000000000045,79.0,56.0,1.0531619058851012,108.38,115.25,135,23.0,65.0,0.17,111.0,2.0
07:33:59,108.0,144.0,114.08,24.0,106.0,63.0,116.69,39.0,111.04,6.079999999999998,207.0,63.0,1.4606950400433898,108.0,114.08,270,144.0,135.0,0.53,111.0,
07:34:00,108.0,128.0,111.22,27.0,106.0,56.0,112.63,27.0,109.61,3.219999999999999,184.0,54.0,1.9122944333985583,108.0,111.22,238,130.0,-32.0,0.55,111.0,2.0
07:34:01,108.0,175.0,132.66,38.0,106.0,84.0,235.64,36.0,120.33,24.66,259.0,74.0,4.208262111609434,108.0,132.66,333,185.0,95.0,0.56,108.5,6.0
07:34:02,108.0,35.0,287.0,15.0,106.0,21.0,445.0,6.0,197.5,179.0,56.0,21.0,37.93366539104826,108.0,287.0,77,35.0,-170.5,0.45,108.0,2.0
07:34:03,108.04,80.0,244.3,20.0,106.37,60.0,278.43,28.0,176.17,136.26,140.0,48.0,40.9900506220719,108.04,244.3,188,92.0,111.0,0.49,108.0,
07:34:04,111.4,45.0,234.72,36.0,108.49,92.0,289.83,48.0,173.06,123.32,137.0,84.0,38.21742312087539,111.4,234.72,221,53.0,33.0,0.24,112.0,2.0
07:34:05,111.0,28.0,142.12,8.0,108.0,88.0,234.65,17.0,126.56,31.120000000000005,116.0,25.0,33.62322158865837,111.0,142.12,141,91.0,-80.0,0.65,112.0,
07:34:06,111.0,44.0,140.0,11.0,108.0,121.0,143.27,11.0,125.5,29.0,165.0,22.0,32.19655757996532,111.0,140.0,187,143.0,46.0,0.76,112.0,
07:34:07,111.78,27.0,135.91,23.0,108.47,45.0,137.96,25.0,123.85,24.129999999999995,72.0,48.0,27.048727696511296,111.78,135.91,120,24.0,-67.0,0.2,112.0,3.0
07:34:08,111.0,14.0,134.32,19.0,108.22,54.0,135.87,23.0,122.66,23.319999999999997,68.0,42.0,21.70468797287843,111.0,134.32,110,26.0,-10.0,0.24,112.0,
07:34:09,111.0,19.0,131.04,25.0,110.0,38.0,133.94,32.0,121.02,20.039999999999992,57.0,57.0,2.206155026286591,111.0,131.04,114,0.0,4.0,0.0,112.0,
07:34:10,110.11,9.0,129.0,18.0,108.1,42.0,130.0,9.0,119.56,18.89,51.0,27.0,2.3281151174306323,110.11,129.0,78,24.0,-36.0,0.31,110.5,2.0
07:34:11,110.0,5.0,127.86,7.0,108.0,25.0,128.5,8.0,118.93,17.86,30.0,15.0,2.063305600246492,110.0,127.86,45,15.0,-33.0,0.33,110.5,
07:34:12,109.0,18.0,127.0,14.0,106.86,105.0,128.0,28.0,118.0,18.0,123.0,42.0,1.8336248253140863,109.0,127.0,165,81.0,120.0,0.49,108.4,5.0
07:34:13,109.59,17.0,125.89,9.0,108.86,14.0,128.0,18.0,117.74,16.299999999999997,31.0,27.0,1.3204166009285692,109.59,125.89,58,4.0,-107.0,0.07,108.4,
07:34:14,111.47,19.0,124.27,11.0,110.28,25.0,128.0,22.0,117.87,12.799999999999995,44.0,33.0,0.7907275131216392,111.46999999999998,124.27,77,11.0,19.0,0.14,108.4,
07:34:15,111.4,30.0,122.42,12.0,110.0,24.0,127.0,19.0,116.91,11.019999999999996,54.0,31.0,0.7205900360172517,111.4,122.42,85,23.0,8.0,0.27,112.0,3.0
07:34:16,111.0,17.0,119.0,18.0,109.0,26.0,120.38,26.0,115.0,8.0,43.0,44.0,1.250851709838965,111.0,119.0,87,-1.0,2.0,-0.01,111.0,2.0
07:34:17,108.9,10.0,116.2,15.0,106.21,84.0,118.47,15.0,112.55,7.299999999999997,94.0,30.0,2.250228877249308,108.9,116.2,124,64.0,37.0,0.52,109.67,3.0
07:34:18,108.0,11.0,113.39,18.0,106.0,114.0,115.07,15.0,110.69,5.390000000000001,125.0,33.0,2.9866168150611743,108.0,113.39,158,92.0,34.0,0.58,109.67,
07:34:19,108.0,11.0,110.8,15.0,106.0,154.0,112.78,18.0,109.4,2.799999999999997,165.0,33.0,3.071896808163557,108.0,110.8,198,132.0,40.0,0.67,109.67,
07:34:20,106.0,196.0,108.54,24.0,104.0,56.0,220.6,30.0,107.27,2.5400000000000063,252.0,54.0,2.956766815290765,106.0,108.54,306,198.0,108.0,0.65,108.0,1.0
07:34:21,106.27,113.0,215.0,26.0,105.2,70.0,345.55,31.0,160.63,108.73,183.0,57.0,22.733950822503516,106.27,215.0,240,126.0,-66.0,0.53,107.67,3.0
07:34:22,110.0,45.0,205.71,35.0,106.83,72.0,270.65,37.0,157.86,95.71,117.0,72.0,27.499186351599786,110.0,205.71,189,45.0,-51.0,0.24,107.67,
07:34:23,111.0,60.0,224.75,48.0,108.0,60.0,295.51,57.0,167.88,113.75,120.0,105.0,29.696950516846275,111.0,224.75,225,15.0,36.0,0.07,107.67,
07:34:24,111.0,45.0,220.0,43.0,108.0,45.0,299.75,32.0,165.5,109.0,90.0,75.0,25.21837564158368,111.0,220.0,165,15.0,-60.0,0.09,107.67,
07:34:25,109.0,27.0,194.06,36.0,106.21,141.0,312.5,26.0,151.53,85.06,168.0,62.0,6.456581913057751,109.0,194.06,230,106.0,65.0,0.46,109.88,8.0
07:34:26,109.55,33.0,117.68,31.0,108.0,22.0,136.94,35.0,113.61,8.13000000000001,55.0,66.0,22.023601658221587,109.55,117.68,121,-11.0,-109.0,-0.09,109.88,
07:34:27,111.29,34.0,114.08,12.0,108.0,78.0,117.0,60.0,112.69,2.789999999999992,112.0,72.0,27.28378950952409,111.29,114.08,184,40.0,63.0,0.22,112.0,2.0
07:34:28,112.0,12.0,113.38,24.0,108.6,80.0,116.81,48.0,112.69,1.3799999999999957,92.0,72.0,25.418728921801204,112.0,113.38,164,20.0,-20.0,0.12,112.0,
07:34:29,111.2,20.0,113.17,24.0,109.0,48.0,150.14,22.0,112.18,1.9699999999999989,68.0,46.0,17.33161562001675,111.2,113.17,114,22.0,-50.0,0.19,112.0,1.0
07:34:30,109.91,44.0,112.52,27.0,107.33,84.0,171.06,17.0,111.21,2.6099999999999994,128.0,44.0,0.8757739434381393,109.91,112.52,172,84.0,58.0,0.49,111.0,4.0
07:34:31,108.0,58.0,114.0,8.0,106.0,112.0,259.82,17.0,111.0,6.0,170.0,25.0,0.8059342404966813,108.0,114.0,195,145.0,23.0,0.74,108.0,3.0
07:34:32,108.0,25.0,113.4,5.0,106.0,38.0,254.0,10.0,110.7,5.400000000000006,63.0,15.0,0.8421579424340713,108.0,113.4,78,48.0,-117.0,0.62,108.0,
07:34:33,108.06,64.0,112.92,12.0,106.6,80.0,305.22,37.0,110.49,4.859999999999999,144.0,49.0,0.6556142158347396,108.06,112.92,193,95.0,115.0,0.49,108.0,
07:34:34,109.44,9.0,113.2,10.0,108.14,29.0,143.95,21.0,111.32,3.760000000000005,38.0,31.0,0.3467419790053143,109.44,113.2,69,7.0,-124.0,0.1,112.0,1.0
07:34:35,112.31,64.0,158.0,24.0,111.75,48.0,244.33,58.0,135.16,45.69,112.0,82.0,10.863980854180788,112.31,158.0,194,30.0,125.0,0.15,112.0,5.0
07:34:36,112.18,90.0,161.25,61.0,111.75,53.0,203.2,65.0,136.71,49.06999999999999,143.0,126.0,13.761225599488196,112.18,161.25,269,17.0,75.0,0.06,114.0,2.0
07:34:37,111.0,55.0,120.82,55.0,109.0,11.0,171.45,33.0,115.91,9.819999999999991,66.0,88.0,12.972727932089295,111.0,120.82,154,-22.0,-115.0,-0.14,111.0,7.0
07:34:38,111.0,7.0,119.57,35.0,109.0,7.0,446.86,21.0,115.29,8.569999999999993,14.0,56.0,12.06119687261634,111.0,119.57,70,-42.0,-84.0,-0.6,111.0,
07:34:39,111.0,15.0,117.07,75.0,109.0,15.0,144.07,68.0,114.03,6.069999999999993,30.0,143.0,11.457757197637347,111.0,117.07,173,-113.0,103.0,-0.65,111.0,
07:34:40,109.84,19.0,112.92,65.0,108.05,19.0,116.0,65.0,111.38,3.0799999999999983,38.0,130.0,10.23666351894055,109.84,112.92,168,-92.0,-5.0,-0.55,109.0,4.0
07:34:41,109.33,24.0,111.0,55.0,107.5,48.0,128.42,43.0,110.17,1.6700000000000017,72.0,98.0,2.4886100538263976,109.33,111.0,170,-26.0,2.0,-0.15,109.33,3.0
07:34:42,107.57,35.0,111.0,65.0,106.84,95.0,259.6,15.0,109.29,3.430000000000007,130.0,80.0,2.5503568377788297,107.57,111.0,210,50.0,40.0,0.24,107.4,5.0
07:34:43,107.0,40.0,238.17,18.0,106.0,40.0,553.36,14.0,172.58,131.17,80.0,32.0,27.500155454106267,107.0,238.17,112,48.0,-98.0,0.43,107.0,1.0
07:34:44,107.0,40.0,237.66,29.0,106.0,50.0,240.67,12.0,172.33,130.66,90.0,41.0,34.062847062452306,107.0,237.66000000000005,131,49.0,19.0,0.37,107.0,
07:34:45,106.26,61.0,181.55,40.0,92.17,48.0,195.24,41.0,143.91,75.29,109.0,81.0,31.38946766034777,106.26,181.55,190,28.0,59.0,0.15,107.0,4.0
07:34:46,110.0,10.0,179.29,31.0,106.0,50.0,180.86,37.0,144.65,69.28999999999999,60.0,68.0,26.08168169424704,110.0,179.29,128,-8.0,-62.0,-0.06,107.0,
07:34:47,110.97,130.0,174.3,40.0,107.24,29.0,175.21,38.0,142.63,63.33000000000001,159.0,78.0,15.750165078500734,110.97,174.3,237,81.0,109.0,0.34,107.0,
07:34:48,111.0,167.0,170.37,38.0,110.0,13.0,171.08,37.0,140.68,59.370000000000005,180.0,75.0,13.21732575069638,111.0,170.37,255,105.0,18.0,0.41,111.0,3.0
07:34:49,111.0,132.0,166.14,28.0,110.0,12.0,167.19,26.0,138.57,55.13999999999999,144.0,54.0,2.476695378931205,111.0,166.14,198,90.0,-57.0,0.45,111.0,
07:34:50,111.0,182.0,162.17,48.0,110.0,16.0,163.47,40.0,136.58,51.16999999999999,198.0,88.0,3.1940835931482217,111.0,162.17,286,110.0,88.0,0.38,111.0,
07:34:51,111.02,102.0,157.1,31.0,110.73,30.0,158.33,36.0,134.06,46.08,132.0,67.0,3.362072277631455,111.02,157.1,199,65.0,-87.0,0.33,111.0,
07:34:52,111.06,69.0,154.39,23.0,110.88,50.0,155.3,30.0,132.72,43.329999999999984,119.0,53.0,3.240496875483354,111.06,154.39,172,66.0,-27.0,0.38,111.5,2.0
07:34:53,111.0,137.0,153.0,25.0,110.0,11.0,154.2,30.0,132.0,42.0,148.0,55.0,2.7429145083317565,111.0,153.0,203,93.0,31.0,0.46,111.5,
07:34:54,111.0,221.0,146.09,47.0,110.0,17.0,147.48,44.0,128.54,35.09,238.0,91.0,2.943976902086073,111.0,146.09,329,147.0,126.0,0.45,111.5,
07:34:55,111.0,208.0,143.46,59.0,110.0,16.0,144.46,46.0,127.23,32.46000000000001,224.0,105.0,2.895945441477757,111.0,143.46,329,119.0,0.0,0.36,111.5,
07:34:56,111.42,101.0,139.63,35.0,110.95,96.0,140.6,40.0,125.52,28.209999999999997,197.0,75.0,3.0858256593682394,111.42,139.63,272,122.0,-57.0,0.45,111.5,
07:34:57,113.0,33.0,135.19,36.0,111.0,143.0,136.09,33.0,124.1,22.19,176.0,69.0,3.0365473814869124,113.0,135.19,245,107.0,-27.0,0.44,111.5,
07:34:58,111.84,64.0,130.91,34.0,110.99,118.0,131.8,30.0,121.38,19.069999999999997,182.0,64.0,2.786696969534808,111.84,130.91,246,118.0,1.0,0.48,113.0,3.0
07:34:59,112.64,84.0,127.55,49.0,111.0,182.0,128.89,44.0,120.1,14.909999999999997,266.0,93.0,2.927025794217414,112.64,127.55,359,173.0,113.0,0.48,113.0,
07:35:00,114.0,96.0,123.42,38.0,111.0,208.0,125.33,45.0,118.71,9.420000000000002,304.0,83.0,2.811213261211897,114.0,123.42,387,221.0,28.0,0.57,113.0,
07:35:01,114.0,66.0,118.85,33.0,111.45,94.0,119.84,32.0,116.42,4.849999999999994,160.0,65.0,2.8768072580576445,114.0,118.85,225,95.0,-162.0,0.42,113.0,
07:35:02,114.0,34.0,115.79,28.0,112.0,66.0,249.1,31.0,114.89,1.7900000000000065,100.0,59.0,2.648442938787371,114.0,115.79,159,41.0,-66.0,0.26,114.0,4.0
07:35:03,114.0,30.0,119.14,21.0,112.0,90.0,123.05,42.0,116.57,5.140000000000001,120.0,63.0,2.0576855930905604,114.0,119.14,183,57.0,24.0,0.31,114.0,
07:35:04,114.0,25.0,115.21,38.0,112.0,84.0,118.38,29.0,114.61,1.2099999999999935,109.0,67.0,1.6371927192643418,114.0,115.21,176,42.0,-7.0,0.24,114.0,1.0
07:35:05,114.0,11.0,115.0,33.0,112.0,66.0,119.0,44.0,114.5,1.0,77.0,77.0,1.0128524078126897,114.0,115.0,154,0.0,-22.0,0.0,114.0,
07:35:06,112.06,62.0,114.27,44.0,111.09,141.0,116.6,40.0,113.17,2.2099999999999937,203.0,84.0,1.2155739385211373,112.06,114.27,287,119.0,133.0,0.41,114.0,1.0
07:35:07,112.0,74.0,113.54,37.0,111.0,140.0,114.43,35.0,112.77,1.5400000000000065,214.0,72.0,1.4919718496042993,112.0,113.54,286,142.0,-1.0,0.5,112.0,4.0
07:35:08,112.0,23.0,113.0,21.0,111.0,98.0,114.0,28.0,112.5,1.0,121.0,49.0,0.9840477630742596,112.0,113.0,170,72.0,-116.0,0.42,112.0,2.0
07:35:09,111.04,85.0,113.89,27.0,110.7,20.0,428.57,28.0,112.46,2.8499999999999943,105.0,55.0,0.8428226385256533,111.04,113.89,160,50.0,-10.0,0.31,111.6,5.0
07:35:10,111.0,91.0,114.0,32.0,110.0,8.0,481.0,32.0,112.5,3.0,99.0,64.0,0.30058276732249,111.0,114.0,163,35.0,3.0,0.21,111.0,5.0
07:35:11,111.0,63.0,113.22,36.0,110.0,9.0,302.93,44.0,112.11,2.219999999999999,72.0,80.0,0.2353083084193997,111.0,113.22,152,-8.0,-11.0,-0.05,111.0,
07:35:12,111.12,40.0,283.35,43.0,110.88,40.0,370.98,47.0,197.24,172.23000000000002,80.0,90.0,37.94530959156896,111.12,283.35,170,-10.0,18.0,-0.06,112.0,1.0
07:35:14,112.0,35.0,404.0,21.0,111.0,63.0,406.0,28.0,258.0,292.0,98.0,49.0,81.62352338633778,112.0,404.0,147,49.0,-6.0,0.33,112.0,
07:35:15,112.0,42.0,177.06,48.0,111.0,90.0,329.33,24.0,144.53,65.06,132.0,72.0,74.5868220934505,112.0,177.06000000000003,204,60.0,57.0,0.29,112.0,4.0
07:35:16,111.14,28.0,161.0,21.0,110.92,39.0,162.0,35.0,136.07,49.86,67.0,56.0,67.97681391474622,111.14,161.0,123,11.0,-81.0,0.09,111.5,2.0
07:35:17,111.0,48.0,125.0,30.0,109.04,26.0,161.0,18.0,118.0,14.0,74.0,48.0,78.67578070791565,111.0,125.0,122,26.0,-1.0,0.21,111.5,
07:35:18,111.0,33.0,140.6,20.0,109.0,30.0,276.5,20.0,125.8,29.599999999999994,63.0,40.0,57.636042976596045,111.0,140.6,103,23.0,-19.0,0.22,111.0,5.0
07:35:19,111.0,39.0,157.92,39.0,109.1,61.0,186.15,34.0,134.46,46.91999999999999,100.0,73.0,10.171006341558362,111.0,157.92,173,27.0,70.0,0.16,111.0,
07:35:20,110.88,34.0,145.08,36.0,109.75,40.0,148.33,36.0,127.98,34.20000000000002,74.0,72.0,7.256543254196146,110.88,145.08,146,2.0,-27.0,0.01,110.75,4.0
07:35:21,110.0,30.0,143.0,45.0,109.0,75.0,160.0,45.0,126.5,33.0,105.0,90.0,5.8796360431594055,110.0,143.0,195,15.0,49.0,0.08,110.75,
07:35:22,110.52,29.0,141.1,30.0,109.15,41.0,155.17,24.0,125.81,30.58,70.0,54.0,3.6591529074390303,110.52,141.1,124,16.0,-71.0,0.13,110.75,
07:35:23,111.96,51.0,140.33,36.0,110.91,33.0,160.0,36.0,126.15,28.37000000000002,84.0,72.0,3.606889241440542,111.96,140.33,156,12.0,32.0,0.08,110.75,
07:35:24,112.77,47.0,139.0,39.0,111.36,44.0,160.0,39.0,125.88,26.230000000000004,91.0,78.0,0.8897921105624398,112.77,139.0,169,13.0,13.0,0.08,110.75,
07:35:25,111.86,56.0,137.5,42.0,109.92,26.0,160.0,42.0,124.68,25.64,82.0,84.0,0.6843464035260312,111.86,137.5,166,-2.0,-3.0,-0.01,112.0,5.0
07:35:26,110.0,24.0,135.83,36.0,109.0,12.0,151.83,36.0,122.92,25.830000000000013,36.0,72.0,1.336327055783451,110.0,135.83,108,-36.0,-58.0,-0.33,112.0,
07:35:27,110.0,36.0,131.44,54.0,109.0,18.0,133.44,54.0,120.72,21.44,54.0,108.0,2.26492825493848,110.0,131.44,162,-54.0,54.0,-0.33,112.0,
07:35:28,108.16,51.0,125.6,45.0,106.06,106.0,127.47,45.0,116.88,17.439999999999998,157.0,90.0,3.560292122848672,108.16,125.6,247,67.0,85.0,0.27,109.0,5.0
07:35:29,108.75,28.0,122.55,22.0,106.55,77.0,123.93,30.0,115.65,13.799999999999995,105.0,52.0,3.855502561277568,108.75,122.55,157,53.0,-90.0,0.34,109.0,
07:35:30,111.94,48.0,118.64,39.0,109.5,18.0,119.61,28.0,115.29,6.700000000000003,66.0,67.0,3.365244419060442,111.94,118.64,133,-1.0,-24.0,-0.01,109.0,
07:35:31,112.29,70.0,116.21,28.0,111.0,14.0,117.39,31.0,114.25,3.919999999999988,84.0,59.0,2.5092369358067947,112.29,116.21,143,25.0,10.0,0.17,109.0,
07:35:32,112.83,36.0,114.29,28.0,109.41,17.0,124.52,25.0,113.56,1.460000000000008,53.0,53.0,1.2843013665089442,112.83,114.29,106,0.0,-37.0,0.0,113.0,5.0
07:35:33,110.1,20.0,113.0,28.0,107.91,44.0,135.58,31.0,111.55,2.9000000000000057,64.0,59.0,1.6299693248697966,110.1,113.0,123,5.0,17.0,0.04,111.0,1.0
07:35:34,108.8,45.0,111.11,54.0,106.26,61.0,132.44,27.0,109.96,2.3100000000000023,106.0,81.0,2.1467347297736223,108.8,111.11,187,25.0,64.0,0.13,110.0,2.0
07:35:35,110.0,8.0,111.0,32.0,108.0,32.0,167.75,16.0,110.5,1.0,40.0,48.0,1.8777459892157864,110.0,111.0,88,-8.0,-99.0,-0.09,110.0,
07:35:36,110.0,11.0,111.0,44.0,108.0,44.0,144.55,33.0,110.5,1.0,55.0,77.0,1.4325431930716015,110.0,111.0,132,-22.0,44.0,-0.17,110.0,
07:35:37,108.0,10.0,114.32,38.0,106.0,102.0,193.0,30.0,111.16,6.319999999999993,112.0,68.0,0.6236826116027722,108.0,114.32,180,44.0,48.0,0.24,109.75,8.0
07:35:38,106.13,45.0,135.0,22.0,104.89,65.0,380.18,17.0,120.57,28.870000000000005,110.0,39.0,4.51012416680695,106.12999999999998,135.0,149,71.0,-31.0,0.48,106.67,3.0
07:35:39,106.83,142.0,147.0,15.0,105.68,81.0,346.41,17.0,126.92,40.17,223.0,32.0,7.483855957994977,106.83,147.0,255,191.0,106.0,0.75,106.67,
07:35:40,109.95,38.0,323.86,14.0,107.2,122.0,505.67,18.0,216.9,213.91000000000005,160.0,32.0,45.07021300149382,109.95,323.86,192,128.0,-63.0,0.67,106.67,
07:35:41,111.0,57.0,297.0,27.0,107.16,150.0,535.0,18.0,204.0,186.0,207.0,45.0,50.30985589325443,111.0,297.0,252,162.0,60.0,0.64,111.0,9.0
07:35:42,110.12,40.0,297.0,30.0,107.47,178.0,460.62,24.0,203.56,186.88,218.0,54.0,46.59596119837031,110.12,297.0,272,164.0,20.0,0.6,111.0,
07:35:43,110.0,42.0,359.85,13.0,108.0,132.0,419.76,17.0,234.92,249.85,174.0,30.0,41.342588211190126,110.0,359.85,204,144.0,-68.0,0.71,111.0,
07:35:44,110.0,40.0,286.0,8.0,108.0,179.0,459.0,16.0,198.0,176.0,219.0,24.0,14.82562916034392,110.0,286.0,243,195.0,39.0,0.8,110.0,2.0
07:35:45,110.0,60.0,184.0,44.0,108.0,268.0,224.24,38.0,147.0,74.0,328.0,82.0,31.740076874513665,110.0,184.0,410,246.0,167.0,0.6,110.0,
07:35:46,110.78,23.0,170.47,34.0,109.34,67.0,174.0,32.0,140.63,59.69,90.0,66.0,40.056268173658346,110.78,170.47,156,24.0,-170.5,0.15,110.0,
07:35:47,110.58,24.0,127.39,18.0,108.89,79.0,166.11,27.0,118.99,16.810000000000002,103.0,45.0,47.35594228816518,110.58,127.39,148,58.0,-8.0,0.39,111.0,2.0
07:35:48,110.0,35.0,125.0,28.0,108.0,154.0,127.0,7.0,117.5,15.0,189.0,35.0,32.64662356201676,110.0,125.0,224,154.0,76.0,0.69,111.0,
07:35:49,110.84,31.0,124.0,56.0,109.49,87.0,186.87,31.0,117.42,13.159999999999997,118.0,87.0,14.34755275299676,110.84,124.0,205,31.0,-19.0,0.15,111.0,
07:35:50,111.69,26.0,121.88,43.0,110.47,38.0,137.09,46.0,116.79,10.189999999999998,64.0,89.0,10.297496297645552,111.69,121.88,153,-25.0,-52.0,-0.16,111.0,
07:35:51,112.0,24.0,119.51,41.0,111.0,24.0,121.3,43.0,115.76,7.510000000000005,48.0,84.0,1.1770598965316803,112.0,119.51,132,-36.0,-21.0,-0.27,111.0,
07:35:52,112.0,34.0,117.73,33.0,110.25,40.0,119.0,44.0,114.86,5.730000000000004,74.0,77.0,1.1359929577348042,112.0,117.73,151,-3.0,19.0,-0.02,111.0,
07:35:53,111.01,71.0,113.81,64.0,108.45,199.0,114.69,64.0,112.41,2.799999999999997,270.0,128.0,1.959737227289146,111.01,113.81,398,142.0,169.5,0.36,112.0,4.0
07:35:54,110.0,37.0,111.62,40.0,108.0,176.0,181.64,25.0,110.81,1.6200000000000043,213.0,65.0,2.4620174654179,110.0,111.62,278,148.0,-120.0,0.53,110.25,4.0
07:35:55,108.02,187.0,263.33,30.0,107.42,52.0,497.14,42.0,185.68,155.31,239.0,72.0,32.35721604217558,108.02,263.33,311,167.0,33.0,0.54,108.57,7.0
07:35:56,107.78,107.0,185.26,27.0,106.38,39.0,269.13,23.0,146.52,77.47999999999999,146.0,50.0,32.39521924605582,107.78000000000002,185.26,196,96.0,-115.0,0.49,108.0,4.0
07:35:57,105.24,41.0,214.73,30.0,98.87,45.0,309.67,42.0,159.99,109.49,86.0,72.0,31.99430996286725,105.24,214.73,158,14.0,-38.0,0.09,106.0,3.0
07:35:58,107.77,31.0,312.76,25.0,105.0,45.0,485.52,29.0,210.27,204.99,76.0,54.0,37.92322283245492,107.77,312.76,130,22.0,-28.0,0.17,106.0,
07:35:59,108.48,46.0,412.41,34.0,105.78,59.0,497.85,26.0,260.45,303.93,105.0,60.0,45.1401004651079,108.48,412.41,165,45.0,35.0,0.27,111.0,2.0
07:36:00,109.0,18.0,371.57,14.0,107.75,40.0,644.0,28.0,240.29,262.57,58.0,42.0,49.453210007036304,109.0,371.57,100,16.0,-65.0,0.16,109.0,4.0
07:36:02,108.07,55.0,410.79,39.0,107.22,63.0,492.9,40.0,259.43,302.72,118.0,79.0,23.409339589147816,108.07,410.79,197,39.0,37.0,0.2,109.0,3.0
07:36:03,108.0,21.0,387.95,21.0,107.0,45.0,421.18,44.0,247.98,279.95,66.0,65.0,11.167024223133238,108.0,387.95,131,1.0,-66.0,0.01,108.0,4.0
07:36:04,107.38,13.0,371.0,40.0,106.61,41.0,405.46,35.0,239.19,263.62,54.0,75.0,12.682445742050067,107.38,371.0,129,-21.0,-2.0,-0.16,107.25,4.0
07:36:05,106.82,22.0,237.78,46.0,105.95,37.0,300.33,30.0,172.3,130.96,59.0,76.0,38.11370396589712,106.82,237.78,135,-17.0,6.0,-0.13,107.25,
07:36:06,106.64,11.0,111.38,40.0,105.93,29.0,112.22,32.0,109.01,4.739999999999995,40.0,72.0,63.75840705350187,106.64,111.38,112,-32.0,-23.0,-0.29,107.25,
07:36:07,107.47,15.0,109.92,65.0,106.14,37.0,200.55,53.0,108.69,2.450000000000003,52.0,118.0,67.4619910023417,107.47,109.92,170,-66.0,58.0,-0.39,109.0,1.0
07:36:08,108.22,36.0,145.0,31.0,107.0,9.0,331.66,32.0,126.61,36.78,45.0,63.0,55.630941031048806,108.22,145.0,108,-18.0,-62.0,-0.17,109.0,5.0
07:36:09,110.5,80.0,162.43,49.0,107.29,41.0,169.0,35.0,136.46,51.93000000000001,121.0,84.0,26.15016692107388,110.5,162.43,205,37.0,97.0,0.18,109.0,
07:36:10,112.0,110.0,159.05,42.0,109.0,44.0,224.08,39.0,135.52,47.05000000000001,154.0,81.0,13.703261290657252,112.0,159.05,235,73.0,30.0,0.31,109.0,
07:36:11,112.15,82.0,133.64,33.0,110.55,58.0,245.07,43.0,122.89,21.48999999999998,140.0,76.0,11.28845117808576,112.15000000000002,133.64,216,64.0,-19.0,0.3,109.0,
07:36:12,111.91,70.0,149.78,37.0,110.79,144.0,291.94,32.0,130.85,37.870000000000005,214.0,69.0,5.785389355957499,111.91,149.78,283,145.0,67.0,0.51,113.0,4.0
07:36:13,111.0,228.0,135.83,29.0,110.0,24.0,144.21,48.0,123.41,24.830000000000013,252.0,77.0,6.4566500602112775,111.0,135.83,329,175.0,46.0,0.53,113.0,
07:36:14,111.0,266.0,128.6,25.0,110.0,28.0,131.47,47.0,119.8,17.599999999999994,294.0,72.0,6.475973285925909,111.0,128.6,366,222.0,37.0,0.61,113.0,
07:36:15,111.0,208.0,124.71,35.0,110.0,24.0,125.77,31.0,117.86,13.709999999999994,232.0,66.0,4.961226662835076,111.0,124.70999999999998,298,166.0,-68.0,0.56,111.0,4.0
07:36:16,111.0,148.0,121.86,14.0,110.0,20.0,123.88,34.0,116.43,10.86,168.0,48.0,5.761306275492174,111.0,121.86,216,120.0,-82.0,0.56,111.0,2.0
07:36:17,111.0,169.0,120.34,29.0,110.0,26.0,120.7,23.0,115.67,9.340000000000003,195.0,52.0,3.098859467614691,111.0,120.34,247,143.0,31.0,0.58,111.0,
07:36:18,111.0,135.0,116.4,20.0,110.0,22.0,116.69,29.0,113.7,5.400000000000006,157.0,49.0,2.296142417191274,111.0,116.4,206,108.0,-41.0,0.52,111.0,4.0
07:36:19,111.0,123.0,113.02,45.0,110.0,30.0,114.6,25.0,112.01,2.019999999999996,153.0,70.0,2.302917714557943,111.0,113.02,223,83.0,17.0,0.37,111.0,2.0
07:36:20,111.0,43.0,112.0,40.0,110.0,20.0,114.0,10.0,111.5,1.0,63.0,50.0,2.173630603397136,111.0,112.0,113,13.0,-110.0,0.12,111.0,3.0
07:36:21,110.73,44.0,180.5,50.0,109.27,67.0,342.02,51.0,145.61,69.77,111.0,101.0,14.5769087943921,110.73,180.5,212,10.0,99.0,0.05,111.33,6.0
07:36:22,110.0,20.0,247.54,13.0,109.0,70.0,354.76,37.0,178.77,137.54,90.0,50.0,29.693852394056712,110.0,247.54,140,40.0,-72.0,0.29,111.33,
07:36:23,109.76,102.0,176.33,9.0,108.72,43.0,179.0,18.0,143.05,66.57000000000001,145.0,27.0,27.942623713603357,109.76,176.33,172,118.0,32.0,0.69,109.67,3.0
07:36:24,110.54,147.0,173.67,12.0,109.0,54.0,347.0,17.0,142.11,63.12999999999998,201.0,29.0,23.8330300213806,110.54,173.67,230,172.0,58.0,0.75,110.0,3.0
07:36:25,111.0,104.0,162.65,23.0,109.0,42.0,165.71,14.0,136.83,51.650000000000006,146.0,37.0,16.79548391681613,111.0,162.65,183,109.0,-47.0,0.6,111.0,6.0
07:36:26,111.75,121.0,157.26,72.0,110.82,148.0,157.96,54.0,134.51,45.50999999999999,269.0,126.0,18.084951755535023,111.75,157.26,395,143.0,169.5,0.36,111.0,
07:36:27,112.0,63.0,152.95,37.0,111.0,126.0,154.47,38.0,132.47,40.94999999999999,189.0,75.0,4.6452212003335855,112.0,152.95,264,114.0,-131.0,0.43,111.0,
07:36:28,112.0,84.0,149.93,41.0,111.0,168.0,152.04,46.0,130.96,37.93000000000001,252.0,87.0,4.363390883249906,112.0,149.93,339,165.0,75.0,0.49,111.0,
07:36:29,112.0,30.0,146.92,49.0,111.0,140.0,148.57,23.0,129.46,34.91999999999999,170.0,72.0,2.907082730165787,112.0,146.92,242,98.0,-97.0,0.4,112.0,5.0
07:36:30,112.0,10.0,145.0,36.0,111.0,140.0,146.33,36.0,128.5,33.0,150.0,72.0,2.394900833025875,112.0,145.0,222,78.0,-20.0,0.35,112.0,1.0
07:36:31,111.03,87.0,143.19,43.0,110.75,56.0,144.0,32.0,127.11,32.16,143.0,75.0,2.089629153708373,111.03,143.19,218,68.0,-4.0,0.31,111.33,3.0
07:36:32,111.0,144.0,138.81,54.0,110.0,24.0,140.54,54.0,124.91,27.81,168.0,108.0,2.307957971893757,111.0,138.81,276,60.0,58.0,0.22,111.33,
07:36:33,111.01,158.0,135.13,30.0,110.32,38.0,136.09,57.0,123.07,24.11999999999999,196.0,87.0,2.6156356780002605,111.01,135.13,283,109.0,7.0,0.39,111.33,
07:36:34,113.9,42.0,132.84,56.0,111.14,140.0,133.26,57.0,123.37,18.94,182.0,113.0,2.362397087711508,113.9,132.84,295,69.0,12.0,0.23,111.33,
07:36:35,114.0,26.0,128.82,33.0,112.0,26.0,130.1,48.0,121.41,14.819999999999991,52.0,81.0,2.148646085335546,114.0,128.82,133,-29.0,-162.0,-0.22,111.33,
07:36:36,114.0,18.0,126.25,32.0,112.0,18.0,126.92,24.0,120.12,12.25,36.0,56.0,1.851588507208803,114.0,126.25,92,-20.0,-41.0,-0.22,111.33,
07:36:37,114.0,28.0,122.16,49.0,112.0,28.0,123.39,28.0,118.08,8.159999999999997,56.0,77.0,2.188047074454229,114.0,122.16,133,-21.0,41.0,-0.16,111.33,
07:36:38,114.0,22.0,119.0,28.0,112.0,22.0,120.31,35.0,116.5,5.0,44.0,63.0,2.7037806863774447,114.0,119.0,107,-19.0,-26.0,-0.18,111.33,
07:36:39,113.29,31.0,115.87,46.0,112.09,92.0,118.16,43.0,114.58,2.5799999999999983,123.0,89.0,2.7377034171048544,113.29,115.87,212,34.0,105.0,0.16,114.0,2.0
07:36:40,112.0,20.0,116.4,25.0,111.0,100.0,118.43,35.0,114.2,4.400000000000006,120.0,60.0,2.4690646002135104,112.0,116.4,180,60.0,-32.0,0.33,111.4,5.0
07:36:41,111.0,82.0,114.45,40.0,110.0,26.0,115.26,35.0,112.72,3.450000000000003,108.0,75.0,2.092720717159214,111.0,114.45,183,33.0,3.0,0.18,111.0,4.0
07:36:42,111.0,26.0,142.12,25.0,110.0,24.0,187.7,37.0,126.56,31.120000000000005,50.0,62.0,5.559219369662214,111.0,142.12,112,-12.0,-71.0,-0.11,111.0,2.0
07:36:43,111.45,20.0,204.19,26.0,110.12,25.0,205.09,44.0,157.82,92.74,45.0,70.0,19.075153472515712,111.45,204.19,115,-25.0,3.0,-0.22,111.0,
07:36:44,112.0,27.0,176.56,18.0,111.0,9.0,195.31,26.0,144.28,64.56,36.0,44.0,19.568568675302465,112.0,176.56,80,-8.0,-35.0,-0.1,111.0,
07:36:45,112.0,28.0,162.56,64.0,111.0,16.0,164.0,16.0,137.28,50.56,44.0,80.0,17.153877695729015,112.0,162.56,124,-36.0,44.0,-0.29,112.0,2.0
07:36:46,111.18,39.0,161.0,44.0,110.85,55.0,164.0,11.0,136.09,49.81999999999999,94.0,55.0,11.601365436879837,111.18,161.0,149,39.0,25.0,0.26,111.25,4.0
07:36:47,111.0,72.0,155.2,45.0,110.0,24.0,158.4,15.0,133.1,44.19999999999999,96.0,60.0,9.892905538820754,111.0,155.2,156,36.0,7.0,0.23,111.0,2.0
07:36:48,111.0,66.0,153.0,11.0,110.0,22.0,154.0,44.0,132.0,42.0,88.0,55.0,4.824479246512527,111.0,153.0,143,33.0,-13.0,0.23,111.0,
07:36:49,111.0,90.0,150.79,24.0,110.0,30.0,152.88,51.0,130.9,39.78999999999999,120.0,75.0,2.7141812761917654,111.0,150.79,195,45.0,52.0,0.23,111.0,
07:36:50,111.23,31.0,148.0,44.0,110.84,50.0,149.0,11.0,129.61,36.77,81.0,55.0,2.463848615485513,111.23,148.0,136,26.0,-59.0,0.19,111.0,
07:36:51,112.91,11.0,148.0,44.0,111.0,66.0,149.0,11.0,130.45,35.09,77.0,55.0,1.3628903110778272,112.91,148.0,132,22.0,-4.0,0.17,111.0,
07:36:52,111.75,20.0,147.82,28.0,110.75,40.0,148.27,22.0,129.79,36.06999999999999,60.0,50.0,0.9612751947438374,111.75,147.82,110,10.0,-22.0,0.09,111.75,4.0
07:36:53,111.0,42.0,134.77,35.0,110.0,70.0,144.67,42.0,122.89,23.77000000000001,112.0,77.0,3.3041973306734733,111.0,134.77,189,35.0,79.0,0.19,111.75,
07:36:54,110.68,38.0,122.25,24.0,109.19,37.0,123.18,33.0,116.47,11.569999999999991,75.0,57.0,6.07385544773907,110.68,122.25,132,18.0,-57.0,0.14,110.6,5.0
07:36:55,108.69,26.0,117.43,30.0,107.01,89.0,118.52,31.0,113.06,8.740000000000009,115.0,61.0,7.777661602308845,108.69,117.43,176,54.0,44.0,0.31,108.4,5.0
07:36:56,106.05,164.0,111.48,42.0,102.91,75.0,112.02,61.0,108.76,5.430000000000007,239.0,103.0,8.289302141919382,106.05,111.48,342,136.0,166.0,0.4,107.33,3.0
07:36:57,106.0,126.0,107.73,33.0,104.0,52.0,108.35,23.0,106.86,1.730000000000004,178.0,56.0,6.39698131934346,106.0,107.73,234,122.0,-108.0,0.52,106.5,4.0
07:36:58,105.89,37.0,186.0,15.0,102.92,39.0,314.9,21.0,145.95,80.11,76.0,36.0,15.946646982987646,105.89,186.0,112,40.0,-122.0,0.36,105.6,10.0
07:36:59,106.46,13.0,365.22,9.0,76.94,36.0,454.33,18.0,235.84,258.76000000000005,49.0,27.0,54.76939090404447,106.46,365.22,76,22.0,-36.0,0.29,105.6,
07:37:00,110.0,7.0,259.14,7.0,105.0,14.0,419.29,14.0,184.57,149.14,21.0,21.0,54.62885254149157,110.0,259.14,42,0.0,-34.0,0.0,105.6,
07:37:01,111.0,14.0,116.0,7.0,110.0,7.0,212.31,32.0,113.5,5.0,21.0,39.0,53.62749043168093,111.0,116.0,60,-18.0,18.0,-0.3,105.6,
07:37:02,104.79,38.0,129.5,24.0,97.35,49.0,177.67,39.0,117.14,24.709999999999997,87.0,63.0,51.35713825750059,104.79,129.5,150,24.0,90.0,0.16,106.67,3.0
07:37:03,106.58,31.0,373.09,22.0,104.91,46.0,541.28,25.0,239.84,266.51,77.0,47.0,61.39390702667513,106.58,373.09,124,30.0,-26.0,0.24,106.67,
07:37:04,112.0,8.0,242.32,19.0,109.5,48.0,378.43,37.0,177.16,130.32,56.0,56.0,52.593509295349655,112.0,242.32,112,0.0,-12.0,0.0,106.67,
07:37:05,111.18,44.0,113.74,91.0,109.69,59.0,116.54,65.0,112.46,2.559999999999988,103.0,156.0,56.14661699514969,111.18,113.74,259,-53.0,147.0,-0.2,111.7,10.0
07:37:06,108.18,44.0,112.66,50.0,98.88,16.0,136.36,64.0,110.42,4.47999999999999,60.0,114.0,56.68915839911571,108.18,112.66,174,-54.0,-85.0,-0.31,111.0,3.0
07:37:07,93.8,40.0,112.85,13.0,48.0,67.0,114.0,65.0,103.32,19.05,107.0,78.0,59.06456975209446,93.8,112.85,185,29.0,11.0,0.16,111.0,
07:37:09,104.0,12.0,109.33,60.0,90.69,39.0,111.0,12.0,106.67,5.329999999999998,51.0,72.0,7.391445731386631,104.0,109.33,123,-21.0,-6.0,-0.17,111.0,
07:37:10,104.0,10.0,106.39,18.0,100.39,46.0,108.9,42.0,105.19,2.390000000000001,56.0,60.0,6.261511798282725,104.0,106.39,116,-4.0,-7.0,-0.03,111.0,
07:37:11,92.75,16.0,104.48,58.0,86.43,46.0,223.74,27.0,98.62,11.730000000000004,62.0,85.0,5.321196294070895,92.75,104.48,147,-23.0,31.0,-0.16,104.0,1.0
07:37:24,97.57,35.0,102.53,17.0,95.0,56.0,194.54,13.0,100.05,4.960000000000008,91.0,30.0,1.1794702200708496,97.57,102.53,121,61.0,-109.0,0.5,102.0,8.0
07:37:25,99.68,47.0,103.0,14.0,96.82,44.0,104.0,14.0,101.34,3.319999999999993,91.0,28.0,1.3699014563223035,99.68,103.0,119,63.0,-2.0,0.53,102.0,
07:37:26,100.91,58.0,164.11,27.0,99.0,55.0,220.0,22.0,132.51,63.20000000000002,113.0,49.0,14.783427545736265,100.91,164.11,162,64.0,43.0,0.4,102.11,9.0
07:37:27,104.46,35.0,244.76,34.0,101.7,27.0,433.07,28.0,174.61,140.3,62.0,62.0,32.898151467826175,104.46,244.76,124,0.0,-38.0,0.0,102.11,
07:37:28,106.56,45.0,258.0,36.0,105.23,13.0,435.31,26.0,182.28,151.44,58.0,62.0,39.09982058782409,106.56,258.0,120,-4.0,-4.0,-0.03,102.11,
07:37:29,108.51,35.0,279.88,34.0,107.52,33.0,456.75,24.0,194.2,171.37,68.0,58.0,38.8291948152422,108.51,279.88,126,10.0,6.0,0.08,102.11,
07:37:30,110.53,45.0,279.51,51.0,108.0,75.0,502.87,46.0,195.02,168.98,120.0,97.0,25.619182851918413,110.53,279.51,217,23.0,91.0,0.11,102.11,
07:37:31,112.38,26.0,285.92,37.0,108.0,60.0,297.43,37.0,199.15,173.54000000000002,86.0,74.0,10.228879215242966,112.38,285.92,160,12.0,-57.0,0.07,113.0,2.0
07:37:32,114.0,11.0,256.0,44.0,110.04,47.0,269.36,33.0,185.0,142.0,58.0,77.0,7.155012229201957,114.0,256.0,135,-19.0,-25.0,-0.14,113.0,
07:37:33,112.0,15.0,255.64,25.0,109.93,28.0,260.5,24.0,183.82,143.64,43.0,49.0,6.69731438712784,112.0,255.64,92,-6.0,-43.0,-0.07,112.5,2.0
07:37:34,112.0,24.0,238.83,18.0,111.0,24.0,325.85,26.0,175.42,126.83,48.0,44.0,9.458145695644038,112.0,238.83000000000004,92,4.0,0.0,0.04,112.5,
07:37:35,112.0,36.0,252.42,31.0,111.0,36.0,329.72,32.0,182.21,140.42,72.0,63.0,8.67616562774305,112.0,252.42,135,9.0,43.0,0.07,112.5,
07:37:36,112.0,39.0,249.0,28.0,111.0,39.0,250.7,37.0,180.5,137.0,78.0,65.0,3.743073603341269,112.0,249.0,143,13.0,8.0,0.09,112.5,
07:37:37,112.0,30.0,171.17,24.0,111.0,30.0,190.44,32.0,141.58,59.16999999999999,60.0,56.0,17.683234432649222,112.0,171.17,116,4.0,-27.0,0.03,112.5,
07:37:38,112.0,17.0,115.58,24.0,111.0,27.0,153.62,21.0,113.79,3.5799999999999983,44.0,45.0,30.072915555363643,112.0,115.58,89,-1.0,-27.0,-0.01,112.0,2.0
07:37:39,112.11,9.0,114.45,22.0,110.44,41.0,205.72,25.0,113.28,2.3400000000000034,50.0,47.0,34.01713935650724,112.11,114.45,97,3.0,8.0,0.03,111.75,4.0
07:37:40,111.0,10.0,114.2,20.0,110.0,130.0,245.62,34.0,112.6,3.200000000000003,140.0,54.0,29.58807361083238,111.0,114.2,194,86.0,97.0,0.44,111.75,
07:37:41,111.0,14.0,113.43,28.0,110.0,185.0,275.24,41.0,112.21,2.430000000000007,199.0,69.0,12.809261102812966,111.0,113.43,268,130.0,74.0,0.49,111.75,
07:37:42,112.0,76.0,113.0,18.0,111.0,21.0,401.0,9.0,112.5,1.0,97.0,27.0,0.6441506035375346,112.0,113.0,124,70.0,-144.0,0.56,112.0,5.0
07:37:43,112.0,57.0,285.0,12.0,111.0,55.0,455.0,11.0,198.5,173.0,112.0,23.0,38.39640894667151,112.0,285.0,135,89.0,11.0,0.66,112.0,2.0
07:37:44,112.0,45.0,157.22,9.0,111.0,21.0,274.89,9.0,134.61,45.22,66.0,18.0,37.26795178165867,112.0,157.22,84,48.0,-51.0,0.57,112.0,
07:37:45,112.0,75.0,174.36,22.0,111.0,145.0,328.8,30.0,143.18,62.360000000000014,220.0,52.0,35.319076290300046,112.0,174.36,272,168.0,169.5,0.62,112.0,
07:37:46,112.0,25.0,162.0,25.0,111.0,55.0,164.0,20.0,137.0,50.0,80.0,45.0,31.990778671361443,112.0,162.0,125,35.0,-147.0,0.28,112.0,
07:37:47,112.0,35.0,162.0,35.0,111.0,77.0,301.86,7.0,137.0,50.0,112.0,42.0,27.26535200579728,112.0,162.0,154,70.0,29.0,0.45,112.0,
07:37:48,112.53,15.0,161.4,75.0,111.34,117.0,215.72,39.0,136.97,48.870000000000005,132.0,114.0,3.2046013792724697,112.53,161.4,246,18.0,92.0,0.07,112.2,5.0
07:37:49,111.53,15.0,161.0,45.0,110.99,89.0,197.0,36.0,136.27,49.47,104.0,81.0,2.865786105073963,111.53,161.0,185,23.0,-61.0,0.12,111.2,5.0
07:37:50,111.0,30.0,160.0,50.0,110.0,10.0,302.8,10.0,135.5,49.0,40.0,60.0,0.663754472704388,111.0,160.0,100,-20.0,-85.0,-0.2,111.0,4.0
07:37:51,111.0,33.0,159.0,55.0,110.0,11.0,308.41,37.0,135.0,48.0,44.0,92.0,0.8880146395387327,111.0,159.0,136,-48.0,36.0,-0.35,110.4,5.0
07:37:52,109.0,15.0,159.0,45.0,108.0,297.0,370.78,45.0,134.0,50.0,312.0,90.0,1.144801292816856,109.0,159.0,402,222.0,169.5,0.55,109.0,2.0
07:37:53,109.35,17.0,156.88,57.0,108.01,310.0,240.8,49.0,133.12,47.53,327.0,106.0,1.2400483861669351,109.35,156.88,433,221.0,31.0,0.51,109.0,
07:37:54,110.19,48.0,153.89,27.0,108.09,132.0,154.15,59.0,132.04,43.69999999999999,180.0,86.0,1.4002571192589304,110.19,153.89,266,94.0,-167.0,0.35,109.0,
07:37:55,111.13,45.0,140.67,69.0,109.0,15.0,144.96,52.0,125.9,29.539999999999992,60.0,121.0,3.58696529116682,111.12999999999998,140.67,181,-61.0,-85.0,-0.34,109.0,
07:37:56,112.0,15.0,131.98,41.0,109.0,9.0,133.73,37.0,121.99,19.97999999999999,24.0,78.0,5.223159963090896,112.0,131.98,102,-54.0,-79.0,-0.53,112.0,2.0
07:37:57,108.08,248.0,129.28,61.0,106.47,32.0,129.82,38.0,118.68,21.200000000000003,280.0,99.0,6.249998400002668,108.08,129.28,379,181.0,169.5,0.48,109.0,5.0
07:37:58,108.0,360.0,124.79,42.0,106.0,39.0,126.6,47.0,116.39,16.790000000000006,399.0,89.0,6.194880951239994,108.0,124.79,488,310.0,109.0,0.64,109.0,
07:37:59,108.0,270.0,118.38,37.0,106.3,30.0,118.48,21.0,113.19,10.379999999999995,300.0,58.0,4.923316971314812,108.0,118.37999999999998,358,242.0,-130.0,0.68,109.0,
07:38:00,108.0,297.0,112.2,35.0,106.0,33.0,114.61,31.0,110.1,4.200000000000003,330.0,66.0,4.634010142418413,108.0,112.2,396,264.0,38.0,0.67,109.0,
07:38:01,107.69,343.0,111.5,54.0,106.38,94.0,112.13,46.0,109.59,3.8100000000000014,437.0,100.0,3.9398032945867936,107.69,111.5,537,337.0,141.0,0.63,109.29,7.0
07:38:02,106.0,302.0,109.0,39.0,103.0,39.0,112.0,65.0,107.5,3.0,341.0,104.0,3.473820663194504,106.0,109.0,445,237.0,-92.0,0.53,106.0,3.0
07:38:03,106.0,199.0,108.19,26.0,103.0,36.0,160.44,43.0,107.1,2.1899999999999977,235.0,69.0,2.4363969299022723,106.0,108.19,304,166.0,-141.0,0.55,106.0,9.0
07:38:04,107.54,105.0,113.93,29.0,105.6,135.0,235.51,63.0,110.74,6.390000000000001,240.0,92.0,1.6159764849889513,107.54,113.93,332,148.0,28.0,0.45,112.0,1.0
07:38:05,112.0,35.0,240.54,37.0,106.94,128.0,356.24,54.0,176.27,128.54,163.0,91.0,30.240703530176614,112.0,240.54,254,72.0,-78.0,0.28,112.0,1.0
07:38:06,111.04,73.0,178.44,54.0,106.08,201.0,252.1,42.0,144.74,67.39999999999999,274.0,96.0,30.64768996188841,111.04,178.44,370,178.0,116.0,0.48,111.6,5.0
07:38:07,111.0,30.0,153.12,50.0,105.0,182.0,160.06,34.0,132.06,42.120000000000005,212.0,84.0,28.152868770340888,111.0,153.12,296,128.0,-74.0,0.43,109.0,6.0
07:38:08,105.15,78.0,151.44,36.0,104.76,50.0,188.33,24.0,128.3,46.28999999999999,128.0,60.0,24.400877443240336,105.15,151.44,188,68.0,-108.0,0.36,109.0,
07:38:09,110.8,50.0,150.0,32.0,105.75,76.0,187.5,48.0,130.4,39.2,126.0,80.0,20.014791530266677,110.8,150.0,206,46.0,18.0,0.22,109.0,
07:38:10,108.0,42.0,151.53,53.0,105.0,154.0,172.53,38.0,129.76,43.53,196.0,91.0,6.671680447985694,108.0,151.53,287,105.0,81.0,0.37,109.0,
07:38:11,105.35,102.0,149.54,52.0,104.66,53.0,151.0,52.0,127.45,44.19,155.0,104.0,1.8048213208056032,105.35,149.54,259,51.0,-28.0,0.2,107.25,4.0
07:38:12,105.0,120.0,146.42,48.0,103.0,12.0,151.0,48.0,125.71,41.41999999999999,132.0,96.0,1.868777675389574,105.0,146.42,228,36.0,-31.0,0.16,107.25,
07:38:13,104.84,76.0,143.23,52.0,99.76,37.0,145.46,52.0,124.04,38.38999999999999,113.0,104.0,2.6782400937993645,104.84,143.23,217,9.0,-11.0,0.04,107.25,
07:38:14,105.01,94.0,141.29,68.0,102.69,26.0,143.24,68.0,123.15,36.27999999999999,120.0,136.0,2.6592235709007976,105.01,141.29,256,-16.0,39.0,-0.06,107.25,
07:38:15,106.0,33.0,136.91,44.0,105.0,66.0,138.27,44.0,121.45,30.91,99.0,88.0,2.3132877036880606,106.0,136.91,187,11.0,-69.0,0.06,107.25,
07:38:16,110.03,32.0,133.64,56.0,107.3,37.0,134.64,56.0,121.84,23.609999999999985,69.0,112.0,1.7257664963819346,110.03,133.64,181,-43.0,-6.0,-0.24,107.25,
07:38:17,113.86,42.0,130.36,56.0,112.0,14.0,131.5,56.0,122.11,16.500000000000014,56.0,112.0,1.0586170223619067,113.86,130.36,168,-56.0,-13.0,-0.33,107.25,
07:38:18,114.0,33.0,127.0,44.0,112.0,11.0,128.0,44.0,120.5,13.0,44.0,88.0,0.9659451330351984,114.0,127.0,132,-44.0,-36.0,-0.33,107.25,
07:38:19,114.0,27.0,126.44,36.0,112.0,9.0,128.0,36.0,120.22,12.439999999999998,36.0,72.0,0.8288124034028316,114.0,126.44,108,-36.0,-24.0,-0.33,107.25,
07:38:20,114.0,45.0,123.05,65.0,112.0,15.0,124.41,61.0,118.52,9.049999999999995,60.0,126.0,1.4397291412048203,114.0,123.05,186,-66.0,78.0,-0.35,107.25,
07:38:21,114.0,22.0,119.14,70.0,112.0,14.0,121.0,56.0,116.57,5.140000000000001,36.0,126.0,2.1119019863701904,114.0,119.14,162,-90.0,-24.0,-0.56,114.0,2.0
07:38:22,114.0,11.0,118.69,51.0,112.0,11.0,120.17,48.0,116.34,4.689999999999998,22.0,99.0,1.9573451407542624,114.0,118.69,121,-77.0,-41.0,-0.64,114.0,
07:38:23,113.06,16.0,115.74,58.0,111.05,21.0,117.26,65.0,114.4,2.6799999999999926,37.0,123.0,2.227038392132991,113.06,115.74,160,-86.0,39.0,-0.54,112.0,4.0
07:38:24,109.25,65.0,111.52,52.0,108.02,97.0,114.64,67.0,110.38,2.269999999999996,162.0,119.0,3.084739859377818,109.25,111.52,281,43.0,121.0,0.15,109.71,7.0
07:38:25,106.54,78.0,109.54,13.0,104.58,38.0,114.79,57.0,108.04,3.0,116.0,70.0,3.7821924858518514,106.54,109.54,186,46.0,-95.0,0.25,109.0,8.0
07:38:26,105.92,175.0,112.22,23.0,104.68,19.0,159.56,27.0,109.07,6.299999999999997,194.0,50.0,3.565807061526772,105.92,112.22,244,144.0,58.0,0.59,105.33,6.0
07:38:27,106.27,173.0,114.68,95.0,105.96,191.0,205.38,74.0,110.48,8.41000000000001,364.0,169.0,2.414431610138118,106.27,114.68,533,195.0,169.5,0.37,107.0,2.0
07:38:28,108.0,20.0,113.3,50.0,107.0,20.0,240.7,50.0,110.65,5.299999999999997,40.0,100.0,1.1316934213973806,108.0,113.3,140,-60.0,-170.5,-0.43,107.0,
07:38:29,108.0,30.0,111.9,50.0,106.04,139.0,240.0,50.0,109.95,3.9000000000000057,169.0,100.0,1.0847442094955424,108.0,111.9,269,69.0,129.0,0.26,107.0,
07:38:30,108.0,54.0,110.0,70.0,106.0,302.0,243.69,52.0,109.0,2.0,356.0,122.0,0.7706815166034021,108.0,110.0,478,234.0,169.5,0.49,107.0,
07:38:31,108.0,68.0,109.94,85.0,106.0,391.0,126.0,34.0,108.97,1.9399999999999975,459.0,119.0,0.7962097713756837,108.0,109.94,578,340.0,100.0,0.59,107.0,
07:38:32,106.09,169.0,121.33,24.0,105.6,53.0,215.09,11.0,113.71,15.239999999999997,222.0,35.0,1.9500205127213672,106.09,121.33,257,187.0,-170.5,0.73,108.0,4.0
07:38:33,106.0,276.0,152.42,36.0,103.0,12.0,280.71,42.0,129.21,46.41999999999999,288.0,78.0,8.631200380018653,106.0,152.42,366,210.0,109.0,0.57,108.0,
07:38:34,106.42,198.0,150.0,27.0,105.86,169.0,217.92,51.0,128.21,43.58,367.0,78.0,10.13275875564173,106.42,150.0,445,289.0,79.0,0.65,108.0,
07:38:35,106.3,121.0,145.25,16.0,105.8,74.0,162.38,16.0,125.77,38.95,195.0,32.0,9.21757451827942,106.3,145.25,227,163.0,-170.5,0.72,112.0,2.0
07:38:36,106.0,142.0,144.5,24.0,103.0,8.0,188.28,29.0,125.25,38.5,150.0,53.0,6.215368050247227,106.0,144.5,203,97.0,-24.0,0.48,106.0,7.0
07:38:37,107.49,72.0,142.93,42.0,106.52,94.0,183.0,56.0,125.21,35.44000000000001,166.0,98.0,1.854939352117456,107.49,142.93,264,68.0,61.0,0.26,106.0,
07:38:38,112.92,39.0,140.0,33.0,111.97,31.0,260.57,28.0,126.46,27.08,70.0,61.0,1.2422962609755854,112.92,140.0,131,9.0,-133.0,0.07,113.0,2.0
07:38:39,113.0,27.0,139.11,27.0,112.0,27.0,381.0,45.0,126.06,26.110000000000014,54.0,72.0,0.5343687865453046,113.0,139.11,126,-18.0,-5.0,-0.14,113.0,
07:38:40,113.0,27.0,135.68,19.0,112.0,27.0,236.62,21.0,124.34,22.680000000000007,54.0,40.0,0.8247605713380622,113.0,135.68,94,14.0,-32.0,0.15,113.0,
07:38:41,113.0,27.0,137.0,27.0,111.91,23.0,352.0,9.0,125.0,24.0,50.0,36.0,0.8482216691607716,113.0,137.0,86,14.0,-8.0,0.16,113.0,
07:38:42,111.23,64.0,137.0,42.0,108.24,203.0,373.8,25.0,124.12,25.77,267.0,67.0,1.0335763155345037,111.23,137.0,334,200.0,169.5,0.6,112.0,6.0
07:38:43,112.93,14.0,134.88,40.0,111.0,98.0,268.14,22.0,123.9,21.94999999999999,112.0,62.0,0.8723989913072332,112.93,134.88,174,50.0,-160.0,0.29,112.0,
07:38:44,113.0,12.0,131.86,22.0,111.0,120.0,133.54,24.0,122.43,18.860000000000014,132.0,46.0,0.9481666520363764,113.0,131.86,178,86.0,4.0,0.48,112.0,
07:38:45,111.22,69.0,115.79,19.0,107.4,178.0,117.43,21.0,113.5,4.570000000000007,247.0,40.0,4.725431197259552,111.22,115.79,287,207.0,109.0,0.72,112.0,3.0
07:38:46,111.0,104.0,112.15,39.0,106.42,167.0,114.0,13.0,111.58,1.1500000000000057,271.0,52.0,6.067114635478198,111.0,112.15,323,219.0,36.0,0.68,112.0,
07:38:47,111.0,75.0,112.36,22.0,108.0,84.0,317.33,12.0,111.68,1.3599999999999994,159.0,34.0,6.047604484424689,111.0,112.36,193,125.0,-130.0,0.65,111.0,3.0
07:38:48,111.0,95.0,112.33,15.0,108.0,108.0,223.51,35.0,111.67,1.3299999999999983,203.0,50.0,4.686007895856926,111.0,112.33,253,153.0,60.0,0.6,111.0,4.0
07:38:49,111.0,55.0,239.17,12.0,108.0,96.0,429.66,56.0,175.08,128.17,151.0,68.0,28.173658264414904,111.0,239.17,219,83.0,-34.0,0.38,111.0,4.0
07:38:51,108.0,44.0,294.68,19.0,106.0,198.0,373.87,39.0,201.34,186.68,242.0,58.0,79.54223909345296,108.0,294.68,300,184.0,34.0,0.61,111.0,
07:38:52,108.0,56.0,175.56,34.0,106.0,252.0,388.33,30.0,141.78,67.56,308.0,64.0,73.94025493599571,108.0,175.56,372,244.0,72.0,0.66,111.0,
07:38:53,106.74,54.0,148.0,7.0,105.8,100.0,353.11,18.0,127.37,41.260000000000005,154.0,25.0,70.18646094511418,106.74,148.0,179,129.0,-170.5,0.72,107.6,5.0
07:38:54,107.28,50.0,146.2,40.0,105.92,132.0,148.0,10.0,126.74,38.91999999999999,182.0,50.0,75.85742231317933,107.28,146.2,232,132.0,53.0,0.57,107.6,
07:38:55,110.0,12.0,144.89,36.0,109.0,27.0,147.0,12.0,127.44,34.889999999999986,39.0,48.0,32.16030285927095,110.0,144.89,87,-9.0,-145.0,-0.1,110.0,1.0
07:38:56,110.0,10.0,142.49,37.0,109.0,30.0,144.0,40.0,126.24,32.49000000000001,40.0,77.0,6.65144946609607,110.0,142.49,117,-37.0,30.0,-0.32,110.0,
07:38:57,110.0,8.0,139.5,32.0,109.0,24.0,141.0,32.0,124.75,29.5,32.0,64.0,1.09862186398657,110.0,139.5,96,-32.0,-21.0,-0.33,110.0,
07:38:58,110.0,15.0,137.4,60.0,109.0,45.0,141.0,60.0,123.7,27.40000000000001,60.0,120.0,1.5228197529679015,110.0,137.4,180,-60.0,84.0,-0.33,110.0,
07:38:59,109.27,11.0,134.45,44.0,106.33,81.0,135.45,44.0,121.86,25.179999999999996,92.0,88.0,2.1736651076072158,109.27,134.45,180,4.0,0.0,0.02,109.33,3.0
07:39:00,109.75,12.0,132.25,48.0,106.11,84.0,133.83,48.0,121.0,22.5,96.0,96.0,2.1242175029946715,109.75,132.25,192,0.0,12.0,0.0,109.33,
07:39:01,112.0,12.0,129.67,48.0,109.0,12.0,131.0,48.0,120.83,17.669999999999987,24.0,96.0,1.726635456611724,112.0,129.67,120,-72.0,-72.0,-0.6,109.33,
07:39:02,112.0,30.0,128.2,40.0,109.0,10.0,131.0,40.0,120.1,16.19999999999999,40.0,80.0,1.380985155614875,112.0,128.2,120,-40.0,0.0,-0.33,109.33,
07:39:03,111.81,32.0,126.12,33.0,107.07,28.0,127.0,48.0,118.97,14.310000000000002,60.0,81.0,1.083498961710847,111.81,126.12,141,-21.0,21.0,-0.15,112.0,3.0
07:39:04,109.0,9.0,122.3,33.0,106.0,81.0,123.41,27.0,115.65,13.299999999999995,90.0,60.0,2.1966906928441903,109.0,122.3,150,30.0,9.0,0.2,112.0,
07:39:05,109.0,8.0,120.04,23.0,106.0,72.0,120.75,32.0,114.52,11.040000000000006,80.0,55.0,2.783510373616041,109.0,120.04,135,25.0,-15.0,0.19,112.0,
07:39:06,107.06,102.0,116.09,33.0,105.41,102.0,116.69,39.0,111.57,9.03,204.0,72.0,3.4437436025389334,107.06,116.09,276,132.0,141.0,0.48,107.5,2.0
07:39:07,108.0,76.0,109.6,47.0,106.0,80.0,110.63,41.0,108.8,1.5999999999999943,156.0,88.0,3.89200077081538,108.0,109.6,244,68.0,-32.0,0.28,108.0,4.0
07:39:08,106.35,62.0,108.37,41.0,105.1,89.0,128.45,22.0,107.36,2.0200000000000102,151.0,63.0,3.5617902801859627,106.35,108.37,214,88.0,-30.0,0.41,107.33,3.0
07:39:09,106.0,65.0,107.06,17.0,104.0,55.0,119.18,11.0,106.53,1.0600000000000025,120.0,28.0,3.280553306993642,106.0,107.06,148,92.0,-66.0,0.62,106.67,3.0
07:39:10,106.0,65.0,190.84,31.0,104.0,65.0,329.73,22.0,148.42,84.84,130.0,53.0,17.926344579975797,106.0,190.84,183,77.0,35.0,0.42,108.0,1.0
07:39:11,108.59,27.0,200.86,21.0,104.67,30.0,379.4,15.0,154.72,92.27,57.0,36.0,24.219762178849503,108.59000000000002,200.86,93,21.0,-90.0,0.23,106.0,3.0
07:39:12,107.67,18.0,174.46,13.0,105.17,24.0,205.8,15.0,141.06,66.79,42.0,28.0,23.038116676500053,107.67,174.46,70,14.0,-23.0,0.2,106.0,
07:39:13,108.24,21.0,126.0,9.0,106.22,18.0,488.71,17.0,117.12,17.760000000000005,39.0,26.0,20.77082810096964,108.24,126.0,65,13.0,-5.0,0.2,106.0,
07:39:14,108.9,42.0,126.0,12.0,107.67,24.0,286.46,26.0,117.45,17.099999999999994,66.0,38.0,17.53961744166703,108.9,126.0,104,28.0,39.0,0.27,108.78,9.0
07:39:15,104.31,87.0,227.28,18.0,103.39,36.0,362.03,34.0,165.79,122.97,123.0,52.0,21.862885674128904,104.31,227.28,175,71.0,71.0,0.41,105.75,4.0
07:39:16,104.0,133.0,307.14,28.0,85.37,43.0,384.29,7.0,205.57,203.14,176.0,35.0,37.26948309274,104.0,307.14,211,141.0,36.0,0.67,104.0,4.0
07:39:17,104.0,90.0,288.0,24.0,83.8,20.0,326.0,6.0,196.0,184.0,110.0,30.0,41.995835865000174,104.0,288.0,140,80.0,-71.0,0.57,104.0,
07:39:18,108.3,33.0,288.0,24.0,106.16,25.0,641.0,6.0,198.15,179.7,58.0,30.0,36.38544241863824,108.3,288.0,88,28.0,-52.0,0.32,104.0,
07:39:19,112.0,20.0,159.75,16.0,111.0,10.0,327.22,9.0,135.88,47.75,30.0,25.0,29.10051322571546,112.0,159.75,55,5.0,-33.0,0.09,104.0,
07:39:20,112.0,24.0,116.11,18.0,111.0,12.0,545.67,12.0,114.06,4.109999999999999,36.0,30.0,41.913846995951566,112.0,116.11,66,6.0,11.0,0.09,104.0,
07:39:21,111.97,33.0,114.33,36.0,110.88,17.0,117.0,9.0,113.15,2.3599999999999994,50.0,45.0,42.64070672491291,111.97,114.33,95,5.0,29.0,0.05,111.8,5.0
07:39:22,111.0,5.0,113.05,19.0,109.0,5.0,115.0,8.0,112.03,2.049999999999997,10.0,27.0,36.84978059636215,111.0,113.05,37,-17.0,-58.0,-0.46,112.0,3.0
07:39:23,110.05,37.0,408.49,43.0,106.5,30.0,651.76,37.0,259.27,298.44,67.0,80.0,63.60404837744238,110.05,408.49,147,-13.0,110.0,-0.09,110.25,4.0
07:39:24,110.52,25.0,347.0,21.0,109.6,10.0,348.0,28.0,228.76,236.48,35.0,49.0,72.52631749923636,110.52,347.0,84,-14.0,-63.0,-0.17,110.25,
07:39:25,111.25,104.0,345.47,51.0,110.58,71.0,411.0,68.0,228.36,234.22000000000003,175.0,119.0,70.2552320471582,111.25,345.47,294,56.0,169.5,0.19,110.25,
07:39:26,111.33,36.0,345.0,24.0,108.49,86.0,411.0,32.0,228.17,233.67,122.0,56.0,57.08796782160013,111.33,345.0,178,66.0,-116.0,0.37,112.5,4.0
07:39:27,111.0,48.0,280.36,22.0,108.0,96.0,397.15,27.0,195.68,169.36,144.0,49.0,22.48955246331187,111.0,280.36,193,95.0,15.0,0.49,112.5,
07:39:28,111.0,78.0,155.76,38.0,109.0,104.0,184.15,34.0,133.38,44.75999999999999,182.0,72.0,41.35419688496018,111.0,155.76,254,110.0,61.0,0.43,112.5,
07:39:29,111.0,60.0,165.54,26.0,109.0,80.0,166.71,14.0,138.27,54.53999999999999,140.0,40.0,46.652594461616445,111.0,165.54,180,100.0,-74.0,0.56,112.5,
07:39:30,111.0,18.0,165.0,24.0,109.0,64.0,166.0,8.0,138.0,54.0,82.0,32.0,42.896907231175085,111.0,165.0,114,50.0,-66.0,0.44,111.0,5.0
07:39:31,111.0,12.0,162.29,34.0,109.0,96.0,164.93,14.0,136.65,51.28999999999999,108.0,48.0,26.503953101377856,111.0,162.29,156,60.0,42.0,0.38,111.0,
07:39:32,111.0,4.0,159.75,4.0,109.0,32.0,324.2,15.0,135.38,48.75,36.0,19.0,2.016167155776941,111.0,159.75,55,17.0,-101.0,0.31,111.0,
07:39:33,111.0,4.0,157.5,4.0,109.0,32.0,276.29,7.0,134.25,46.5,36.0,11.0,1.7118557182291152,111.0,157.5,47,25.0,-8.0,0.53,111.0,
07:39:34,111.63,19.0,155.0,11.0,109.13,60.0,157.0,11.0,133.32,43.370000000000005,79.0,22.0,1.8641217771469427,111.63,155.0,101,57.0,54.0,0.56,111.0,
07:39:35,112.4,50.0,133.61,23.0,111.6,25.0,135.95,39.0,123.0,21.210000000000008,75.0,62.0,5.4657982033764,112.4,133.61,137,13.0,36.0,0.09,111.0,
07:39:36,112.06,54.0,125.42,24.0,109.7,57.0,128.33,18.0,118.74,13.36,111.0,42.0,7.552775648728868,112.06,125.42,153,69.0,16.0,0.45,112.0,5.0
07:39:37,111.0,11.0,123.84,25.0,109.0,88.0,124.37,19.0,117.42,12.840000000000003,99.0,44.0,7.981702825840542,111.0,123.84,143,55.0,-10.0,0.38,112.0,
07:39:38,111.0,12.0,120.25,12.0,109.43,56.0,123.53,30.0,115.62,9.25,68.0,42.0,7.083939581901442,111.0,120.25,110,26.0,-33.0,0.24,112.0,
07:39:39,109.09,44.0,115.71,14.0,108.15,78.0,116.67,12.0,112.4,6.61999999999999,122.0,26.0,3.9152879843031982,109.09,115.71,148,96.0,38.0,0.65,110.0,5.0
07:39:40,108.36,64.0,112.6,10.0,107.04,115.0,114.0,30.0,110.48,4.239999999999995,179.0,40.0,3.4422260239601403,108.36,112.6,219,139.0,71.0,0.63,108.58,12.0
07:39:41,108.0,70.0,110.31,16.0,106.0,110.0,113.71,14.0,109.16,2.3100000000000023,180.0,30.0,3.458884213157196,108.0,110.31,210,150.0,-9.0,0.71,108.58,
07:39:42,109.0,56.0,219.45,33.0,106.11,105.0,309.76,51.0,164.23,110.45,161.0,84.0,23.521792448706574,109.0,219.45,245,77.0,35.0,0.31,108.0,4.0
07:39:43,112.0,77.0,207.97,35.0,108.0,33.0,234.49,41.0,159.99,95.97,110.0,76.0,28.232744641639638,112.0,207.97,186,34.0,-59.0,0.18,108.0,
07:39:44,112.0,63.0,231.56,27.0,108.0,27.0,232.78,27.0,171.78,119.56,90.0,54.0,30.701284500815817,112.0,231.56,144,36.0,-42.0,0.25,108.0,
07:39:45,112.0,56.0,156.73,26.0,108.0,24.0,161.09,32.0,134.37,44.72999999999999,80.0,58.0,25.821210854644956,112.0,156.73,138,22.0,-6.0,0.16,108.0,
07:39:46,112.0,82.0,118.0,30.0,108.0,30.0,149.1,50.0,115.0,6.0,112.0,80.0,23.6731436442234,112.0,118.0,192,32.0,54.0,0.17,112.0,4.0
07:39:47,112.0,117.0,115.45,33.0,108.0,25.0,117.18,33.0,113.73,3.450000000000003,142.0,66.0,26.22553583818704,112.0,115.45,208,76.0,16.0,0.37,112.0,2.0
07:39:48,112.0,90.0,136.12,41.0,108.12,33.0,281.45,55.0,124.06,24.120000000000005,123.0,96.0,23.841545042216364,112.0,136.12,219,27.0,11.0,0.12,112.0,6.0
07:39:49,108.0,36.0,312.18,44.0,104.68,50.0,383.88,42.0,210.09,204.18,86.0,86.0,40.34844792554025,108.0,312.18,172,0.0,-47.0,0.0,108.75,8.0
07:39:50,110.0,26.0,288.17,24.0,106.0,40.0,480.19,21.0,199.08,178.17000000000002,66.0,45.0,47.969893370738646,110.0,288.17,111,21.0,-61.0,0.19,108.75,
07:39:51,110.0,24.0,269.0,20.0,106.0,32.0,384.0,16.0,189.5,159.0,56.0,36.0,44.92559036896497,110.0,269.0,92,20.0,-19.0,0.22,108.75,
07:39:54,110.0,40.0,187.22,32.0,108.0,10.0,239.34,32.0,148.61,77.22,50.0,64.0,100.2036393051672,110.0,187.22,114,-14.0,62.0,-0.12,108.75,
07:39:55,110.0,32.0,132.38,24.0,108.0,8.0,134.0,24.0,121.19,22.379999999999995,40.0,48.0,114.28316813949483,110.0,132.38,88,-8.0,-26.0,-0.09,108.75,
07:39:56,110.0,40.0,130.3,30.0,108.96,73.0,132.2,30.0,120.15,20.30000000000001,113.0,60.0,124.18929470771644,110.0,130.3,173,53.0,85.0,0.31,108.75,
07:39:57,109.28,39.0,127.17,36.0,108.95,84.0,128.75,36.0,118.22,17.89,123.0,72.0,121.92985516271249,109.28,127.17,195,51.0,22.0,0.26,109.57,7.0
07:39:58,109.63,38.0,125.6,15.0,108.91,23.0,127.0,15.0,117.62,15.97,61.0,30.0,13.188808513282426,109.63,125.6,91,31.0,-104.0,0.34,109.57,
07:39:59,111.52,23.0,124.67,27.0,110.74,82.0,126.33,27.0,118.09,13.150000000000006,105.0,54.0,1.5366294283364783,111.52,124.67,159,51.0,68.0,0.32,109.57,
07:40:00,113.82,28.0,123.7,30.0,111.53,17.0,124.7,30.0,118.76,9.88000000000001,45.0,60.0,0.9731238359168862,113.82,123.7,105,-15.0,-54.0,-0.14,114.0,3.0
07:40:01,112.0,11.0,123.0,33.0,111.0,88.0,124.0,33.0,117.5,11.0,99.0,66.0,0.5052919948202932,112.0,123.0,165,33.0,60.0,0.2,114.0,
07:40:02,109.65,62.0,120.45,33.0,108.85,41.0,122.09,33.0,115.05,10.799999999999995,103.0,66.0,1.4059267406338556,109.65,120.45,169,37.0,4.0,0.22,111.11,9.0
07:40:03,109.0,67.0,116.9,30.0,108.0,10.0,119.2,30.0,112.95,7.900000000000006,77.0,60.0,2.4153778172429057,109.0,116.9,137,17.0,-32.0,0.12,109.0,3.0
07:40:04,109.75,16.0,116.0,15.0,108.94,17.0,119.0,15.0,112.88,6.25,33.0,30.0,2.653821772468686,109.75,116.0,63,3.0,-74.0,0.05,109.0,
07:40:05,110.31,39.0,118.54,39.0,109.0,52.0,387.4,50.0,114.42,8.230000000000004,91.0,89.0,1.891943445251101,110.31,118.54,180,2.0,117.0,0.01,109.0,
07:40:06,111.0,39.0,116.1,49.0,109.0,52.0,234.15,46.0,113.55,5.099999999999994,91.0,95.0,0.9452248409920312,111.0,116.1,186,-4.0,6.0,-0.02,109.0,
07:40:07,111.0,22.0,113.03,32.0,109.0,32.0,114.53,32.0,112.02,2.030000000000001,54.0,64.0,0.889061302739166,111.0,113.03,118,-10.0,-68.0,-0.08,111.0,2.0
07:40:08,109.0,32.0,111.25,40.0,107.43,21.0,677.75,32.0,110.12,2.25,53.0,72.0,1.6416516073845004,109.0,111.25,125,-19.0,7.0,-0.15,111.0,1.0
07:40:09,109.0,26.0,110.6,25.0,108.0,24.0,154.78,37.0,109.8,1.5999999999999943,50.0,62.0,2.0391223602393174,109.0,110.6,112,-12.0,-13.0,-0.11,109.0,2.0
07:40:10,108.91,22.0,110.2,25.0,107.91,44.0,121.0,54.0,109.55,1.2900000000000065,66.0,79.0,1.7218797867527564,108.91,110.2,145,-13.0,33.0,-0.09,108.4,5.0
07:40:11,106.08,25.0,109.32,25.0,101.97,58.0,459.61,36.0,107.7,3.239999999999995,83.0,61.0,1.5407855139594928,106.08,109.32,144,22.0,-1.0,0.15,106.4,5.0
07:40:12,104.0,60.0,206.35,37.0,89.25,56.0,366.23,44.0,155.18,102.35,116.0,81.0,20.543093730011304,104.0,206.35,197,35.0,53.0,0.18,109.0,2.0
07:40:13,108.99,87.0,135.0,30.0,102.47,47.0,137.0,40.0,121.99,26.010000000000005,134.0,70.0,20.0160143385248,108.99,135.0,204,64.0,7.0,0.31,110.0,1.0
07:40:14,110.29,42.0,135.0,30.0,109.55,74.0,305.9,40.0,122.64,24.709999999999997,116.0,70.0,19.044985429241763,110.29,135.0,186,46.0,-18.0,0.25,110.5,4.0
07:40:15,110.0,64.0,127.4,20.0,109.0,8.0,286.43,28.0,118.7,17.400000000000006,72.0,48.0,17.777438510652523,110.0,127.4,120,24.0,-66.0,0.2,110.5,
07:40:16,110.0,67.0,131.6,25.0,109.0,9.0,338.7,20.0,120.8,21.599999999999994,76.0,45.0,15.344680511500789,110.0,131.6,121,31.0,1.0,0.26,110.0,5.0
07:40:17,111.0,10.0,132.4,30.0,110.0,30.0,270.75,32.0,121.7,21.40000000000001,40.0,62.0,1.529045453879791,111.0,132.4,102,-22.0,-19.0,-0.22,110.0,
07:40:18,111.0,17.0,129.75,24.0,110.0,24.0,188.5,32.0,120.38,18.75,41.0,56.0,1.4809051286393702,111.0,129.75,97,-15.0,-5.0,-0.15,110.0,
07:40:19,111.41,17.0,128.62,24.0,110.96,76.0,233.0,32.0,120.02,17.210000000000008,93.0,56.0,1.1014535850548892,111.41,128.62,149,37.0,52.0,0.25,110.0,
07:40:20,112.0,10.0,126.3,30.0,111.0,90.0,389.1,40.0,119.15,14.299999999999995,100.0,70.0,0.9429740187461632,112.0,126.3,170,30.0,21.0,0.18,110.0,
07:40:21,112.0,7.0,124.0,21.0,111.0,63.0,659.8,20.0,118.0,12.0,70.0,41.0,1.3824615727137457,112.0,124.0,111,29.0,-59.0,0.26,110.0,
07:40:22,112.92,13.0,122.31,39.0,111.15,53.0,327.27,22.0,117.62,9.39,66.0,61.0,1.2109830717355103,112.92,122.31,127,5.0,16.0,0.04,110.0,
07:40:23,114.0,10.0,121.7,30.0,112.0,10.0,418.3,10.0,117.85,7.700000000000003,20.0,40.0,1.0217485013592418,114.0,121.7,60,-20.0,-67.0,-0.33,110.0,
07:40:24,114.0,13.0,120.31,39.0,112.0,13.0,259.0,13.0,117.15,6.310000000000002,26.0,52.0,0.7418423013213292,114.0,120.31,78,-26.0,18.0,-0.33,110.0,
07:40:25,111.15,79.0,118.11,27.0,110.42,19.0,199.0,13.0,114.63,6.959999999999994,98.0,40.0,1.3904855267242178,111.15,118.11,138,58.0,60.0,0.42,112.33,3.0
07:40:26,111.0,123.0,117.0,27.0,110.0,27.0,230.0,45.0,114.0,6.0,150.0,72.0,1.7981796350835888,111.0,117.0,222,78.0,84.0,0.35,111.0,3.0
07:40:27,111.0,108.0,117.0,27.0,110.0,27.0,121.8,41.0,114.0,6.0,135.0,68.0,1.8370166030902344,111.0,117.0,203,67.0,-19.0,0.33,111.0,
07:40:28,111.0,168.0,116.5,42.0,110.0,50.0,246.68,37.0,113.75,5.5,218.0,79.0,1.404432269648136,111.0,116.5,297,139.0,94.0,0.47,111.0,
07:40:29,111.0,31.0,116.0,9.0,110.0,9.0,128.0,3.0,113.5,5.0,40.0,12.0,0.4202737203643091,111.0,116.0,52,28.0,-170.5,0.54,111.0,5.0
07:40:30,111.48,54.0,115.29,21.0,110.74,47.0,120.2,15.0,113.38,3.8100000000000014,101.0,36.0,0.2835136681516513,111.48,115.29,137,65.0,85.0,0.47,112.0,2.0
07:40:31,111.53,43.0,114.43,23.0,108.88,41.0,182.79,19.0,112.98,2.9000000000000057,84.0,42.0,0.3856423213662587,111.53,114.43000000000002,126,42.0,-11.0,0.33,112.0,4.0
07:40:32,111.33,24.0,163.4,10.0,110.1,40.0,530.31,39.0,137.37,52.07000000000001,64.0,49.0,10.722198002276857,111.33,163.4,113,15.0,-13.0,0.13,112.0,
07:40:33,111.0,28.0,267.12,17.0,110.0,42.0,358.12,48.0,189.06,156.12,70.0,65.0,32.89180171410549,111.0,267.12,135,5.0,22.0,0.04,112.0,4.0
07:40:34,111.17,12.0,249.0,11.0,110.21,19.0,335.31,29.0,180.08,137.82999999999998,31.0,40.0,36.20367495158517,111.17,249.0,71,-9.0,-64.0,-0.13,112.0,
07:40:35,112.58,19.0,172.77,43.0,111.59,34.0,339.21,38.0,142.67,60.19000000000001,53.0,81.0,31.56201466953649,112.58,172.77,134,-28.0,63.0,-0.21,112.0,
07:40:36,114.0,8.0,167.58,38.0,111.0,16.0,305.18,22.0,140.79,53.58000000000001,24.0,60.0,24.540984699071014,114.0,167.58,84,-36.0,-50.0,-0.43,112.0,
07:40:37,114.0,10.0,265.77,26.0,111.0,20.0,292.28,29.0,189.88,151.76999999999998,30.0,55.0,24.74341993338916,114.0,265.77,85,-25.0,1.0,-0.29,112.0,
07:40:38,111.27,11.0,257.0,20.0,109.71,21.0,259.3,20.0,184.14,145.73000000000002,32.0,40.0,23.80106447199452,111.27,257.0,72,-8.0,-13.0,-0.11,111.2,5.0
07:40:39,109.31,13.0,251.38,48.0,107.44,39.0,254.82,34.0,180.34,142.07,52.0,82.0,23.83564620479251,109.31,251.38,134,-30.0,62.0,-0.22,109.5,2.0
07:40:40,105.48,25.0,249.6,40.0,100.7,37.0,256.0,20.0,177.54,144.12,62.0,60.0,19.424070634139515,105.48,249.6,122,2.0,-12.0,0.02,106.2,5.0
07:40:41,105.43,28.0,247.24,34.0,104.0,112.0,248.96,50.0,176.33,141.81,140.0,84.0,5.4964424858305065,105.43,247.24,224,56.0,102.0,0.25,106.2,
07:40:42,106.27,37.0,233.56,34.0,102.46,78.0,244.84,43.0,169.91,127.29,115.0,77.0,5.268260623777229,106.27,233.56,192,38.0,-32.0,0.2,104.8,5.0
07:40:43,108.0,14.0,178.43,21.0,104.12,34.0,214.55,11.0,143.21,70.43,48.0,32.0,15.166760695680532,108.0,178.43,80,16.0,-112.0,0.2,104.8,
07:40:44,108.0,26.0,157.11,38.0,104.0,65.0,160.79,38.0,132.55,49.110000000000014,91.0,76.0,20.66333032209565,108.0,157.11,167,15.0,87.0,0.09,104.8,
07:40:45,108.0,30.0,152.67,43.0,104.0,75.0,154.5,40.0,130.34,44.66999999999999,105.0,83.0,21.36412928251548,108.0,152.67,188,22.0,21.0,0.12,104.8,
07:40:46,112.0,30.0,138.32,41.0,108.47,34.0,150.06,34.0,125.16,26.319999999999997,64.0,75.0,17.84434168020868,112.0,138.32,139,-11.0,-49.0,-0.08,104.8,
07:40:47,111.22,46.0,131.63,41.0,109.65,68.0,133.93,30.0,121.43,20.41,114.0,71.0,8.314828320538577,111.22,131.63,185,43.0,46.0,0.23,111.33,3.0
07:40:48,110.0,62.0,127.96,25.0,108.0,28.0,128.84,37.0,118.98,17.959999999999994,90.0,62.0,5.747492496735337,110.0,127.96,152,28.0,-33.0,0.18,111.33,
07:40:49,110.0,39.0,124.25,24.0,108.0,26.0,125.77,22.0,117.12,14.25,65.0,46.0,5.26698965254614,110.0,124.25,111,19.0,-41.0,0.17,111.33,
07:40:50,110.75,24.0,120.45,20.0,109.64,22.0,121.25,16.0,115.6,9.700000000000005,46.0,36.0,3.7676411718776186,110.75,120.45,82,10.0,-29.0,0.12,111.33,
07:40:51,111.0,30.0,115.29,24.0,110.0,30.0,117.62,21.0,113.15,4.290000000000006,60.0,45.0,3.162851561491117,111.0,115.29,105,15.0,23.0,0.14,111.33,
07:40:52,111.0,21.0,112.75,12.0,110.0,21.0,113.85,13.0,111.88,1.75,42.0,25.0,2.883275914654438,111.0,112.75,67,17.0,-38.0,0.25,111.33,
07:40:53,111.0,11.0,112.8,10.0,110.0,27.0,113.96,25.0,111.9,1.7999999999999972,38.0,35.0,2.339700835582637,111.0,112.8,73,3.0,6.0,0.04,111.0,2.0
07:40:54,110.28,18.0,317.19,32.0,109.61,28.0,395.9,42.0,213.73,206.91,46.0,74.0,45.01405969250085,110.28,317.19,120,-28.0,47.0,-0.23,110.25,4.0
07:40:55,95.75,28.0,271.0,40.0,93.4,70.0,578.0,24.0,183.38,175.25,98.0,64.0,48.44445241717602,95.75,271.0,162,34.0,42.0,0.21,107.0,5.0
07:40:56,102.16,19.0,262.18,49.0,88.31,121.0,322.65,55.0,182.17,160.02,140.0,104.0,46.23937142738895,102.16,262.18,244,36.0,82.0,0.15,102.0,2.0
07:40:57,86.92,71.0,309.47,32.0,36.85,137.0,372.46,48.0,198.19,222.55,208.0,80.0,39.050393467928544,86.92,309.47,288,128.0,44.0,0.44,112.0,2.0
07:40:58,90.87,60.0,232.84,37.0,82.68,107.0,278.17,35.0,161.85,141.97,167.0,72.0,19.39672859015247,90.87000000000002,232.84,239,95.0,-49.0,0.4,112.0,
07:40:59,103.49,59.0,158.09,33.0,99.5,92.0,173.91,33.0,130.79,54.60000000000001,151.0,66.0,26.06489554937897,103.49,158.09,217,85.0,-22.0,0.39,112.0,
07:41:00,107.68,91.0,164.4,45.0,106.48,109.0,167.0,45.0,136.04,56.72,200.0,90.0,29.001589956415053,107.68,164.4,290,110.0,73.0,0.38,112.0,
07:41:01,108.25,158.0,161.47,43.0,107.55,155.0,162.79,47.0,134.86,53.22,313.0,90.0,28.40908886254596,108.25,161.47,403,223.0,113.0,0.55,109.0,3.0
07:41:02,111.05,19.0,149.58,45.0,108.82,73.0,153.92,38.0,130.32,38.530000000000015,92.0,83.0,13.138781145906616,111.05,149.58,175,9.0,-170.5,0.05,109.0,
07:41:03,112.0,48.0,133.44,25.0,109.0,36.0,134.4,20.0,122.72,21.44,84.0,45.0,5.228563856359599,112.0,133.44,129,39.0,-46.0,0.3,112.0,4.0
07:41:04,112.0,134.0,129.9,42.0,111.0,70.0,131.12,33.0,120.95,17.900000000000006,204.0,75.0,6.889885340122119,112.0,129.9,279,129.0,150.0,0.46,112.0,
07:41:05,112.0,80.0,121.28,25.0,111.0,90.0,125.5,30.0,116.64,9.28,170.0,55.0,7.364857092980778,112.0,121.28,225,115.0,-54.0,0.51,112.0,
07:41:06,112.0,69.0,118.57,28.0,111.0,108.0,121.91,32.0,115.29,6.569999999999993,177.0,60.0,5.942804893316686,112.0,118.57,237,117.0,12.0,0.49,112.0,3.0
07:41:07,112.0,35.0,117.47,15.0,111.0,63.0,119.75,20.0,114.73,5.469999999999999,98.0,35.0,3.565309243253444,112.0,117.47,133,63.0,-104.0,0.47,112.0,
07:41:08,112.0,70.0,115.18,33.0,111.0,154.0,116.62,37.0,113.59,3.180000000000007,224.0,70.0,2.852595309543267,112.0,115.18,294,154.0,161.0,0.52,112.0,3.0
07:41:09,111.02,111.0,150.74,31.0,108.38,104.0,390.2,41.0,130.88,39.72000000000001,215.0,72.0,7.158451648228716,111.02,150.74,287,143.0,-7.0,0.5,111.25,8.0
07:41:10,111.0,30.0,320.18,34.0,108.07,58.0,365.45,33.0,215.59,209.18,88.0,67.0,43.94310617150352,111.0,320.18,155,21.0,-132.0,0.14,111.25,
07:41:13,111.18,22.0,159.9,40.0,110.17,72.0,469.43,28.0,135.54,48.72,94.0,68.0,82.4987462328976,111.18,159.9,162,26.0,22.0,0.16,111.25,
07:41:14,111.04,28.0,121.68,25.0,110.03,93.0,194.62,29.0,116.36,10.64,121.0,54.0,86.3647894109633,111.04,121.68,175,67.0,13.0,0.38,111.25,
07:41:15,111.0,15.0,120.0,5.0,110.0,50.0,122.0,20.0,115.5,9.0,65.0,25.0,96.37074748075806,111.0,120.0,90,40.0,-85.0,0.44,111.25,
07:41:16,111.0,31.0,120.0,11.0,110.0,110.0,122.0,44.0,115.5,9.0,141.0,55.0,86.47982886199551,111.0,120.0,196,86.0,106.0,0.44,111.0,1.0
07:41:17,111.0,24.0,118.67,12.0,110.0,120.0,239.69,54.0,114.83,7.670000000000002,144.0,66.0,8.957392477726572,111.0,118.67,210,78.0,14.0,0.37,111.0,
07:41:18,110.03,65.0,114.62,8.0,108.25,80.0,116.0,8.0,112.33,4.590000000000003,145.0,16.0,1.537962938445654,110.03,114.62,161,129.0,-49.0,0.8,110.67,3.0
07:41:19,110.0,108.0,111.92,12.0,108.0,120.0,330.0,21.0,110.96,1.9200000000000017,228.0,33.0,2.065461207583516,110.0,111.92,261,195.0,100.0,0.75,110.33,3.0
07:41:20,110.0,83.0,261.88,33.0,108.33,90.0,452.66,38.0,185.94,151.88,173.0,71.0,32.4908228581554,110.0,261.88,244,102.0,-17.0,0.42,110.5,2.0
07:41:21,110.0,42.0,123.05,22.0,109.0,40.0,200.36,11.0,116.52,13.049999999999995,82.0,33.0,32.39647403653726,110.0,123.05,115,49.0,-129.0,0.43,110.0,1.0
07:41:22,110.0,50.0,122.0,30.0,109.0,50.0,226.13,30.0,116.0,12.0,100.0,60.0,32.28053593111541,110.0,122.0,160,40.0,45.0,0.25,110.0,
07:41:23,110.0,55.0,120.09,33.0,109.0,55.0,153.36,22.0,115.05,10.090000000000003,110.0,55.0,31.96444086794001,110.0,120.09,165,55.0,5.0,0.33,110.0,
07:41:24,110.18,66.0,118.43,42.0,108.65,62.0,121.63,41.0,114.31,8.25,128.0,83.0,31.526663794319138,110.18,118.43,211,45.0,46.0,0.21,110.0,
07:41:25,110.0,65.0,114.77,43.0,108.62,32.0,223.55,47.0,112.38,4.769999999999996,97.0,90.0,1.623567060528085,110.0,114.77,187,7.0,-24.0,0.04,110.0,
07:41:26,110.0,35.0,111.86,21.0,109.0,14.0,114.0,35.0,110.93,1.8599999999999997,49.0,56.0,2.0551228673808475,110.0,111.86,105,-7.0,-82.0,-0.07,110.0,3.0
07:41:27,110.0,18.0,114.0,45.0,109.0,18.0,441.0,36.0,112.0,4.0,36.0,81.0,1.70044994046622,110.0,114.0,117,-45.0,12.0,-0.38,110.0,
07:41:28,110.0,28.0,112.57,70.0,109.0,28.0,472.91,33.0,111.29,2.569999999999993,56.0,103.0,1.3194582221622118,110.0,112.57,159,-47.0,42.0,-0.3,110.0,
07:41:29,109.86,14.0,111.0,35.0,108.92,13.0,419.0,25.0,110.43,1.1400000000000006,27.0,60.0,0.7896391581167661,109.86,111.0,87,-33.0,-72.0,-0.38,110.0,2.0
07:41:30,109.0,14.0,111.0,25.0,108.0,35.0,147.0,14.0,110.0,2.0,49.0,39.0,0.7728842086828388,109.0,111.0,88,10.0,1.0,0.11,111.0,2.0
07:41:31,108.14,58.0,109.97,34.0,106.47,86.0,188.31,32.0,109.05,1.8299999999999983,144.0,66.0,1.1420288963206011,108.14,109.97,210,78.0,122.0,0.37,109.0,2.0
07:41:32,108.0,11.0,130.06,16.0,106.0,56.0,189.68,25.0,119.03,22.06,67.0,41.0,4.033745158042514,108.0,130.06,108,26.0,-102.0,0.24,108.86,7.0
07:41:33,106.36,22.0,191.0,14.0,105.81,31.0,480.67,30.0,148.68,84.64,53.0,44.0,16.832940028409546,106.36,191.0,97,9.0,-11.0,0.09,107.0,2.0
07:41:34,106.0,30.0,191.0,10.0,104.0,5.0,434.0,25.0,148.5,85.0,35.0,35.0,20.04359174399721,106.0,191.0,70,0.0,-27.0,0.0,107.0,
07:41:35,109.38,130.0,191.0,22.0,106.0,16.0,327.59,17.0,150.19,81.62,146.0,39.0,19.548218588915827,109.38,191.0,185,107.0,115.0,0.58,106.0,4.0
07:41:36,110.0,128.0,191.0,12.0,108.0,12.0,369.0,6.0,150.5,81.0,140.0,18.0,13.640907227894898,110.0,191.0,158,122.0,-27.0,0.77,110.0,2.0
07:41:37,110.0,80.0,316.5,8.0,108.0,10.0,452.78,9.0,213.25,206.5,90.0,17.0,28.538176711206315,110.0,316.5,107,73.0,-51.0,0.68,110.0,5.0
07:41:38,111.88,41.0,263.29,14.0,110.75,60.0,442.75,16.0,187.58,151.41000000000005,101.0,30.0,29.21709653610434,111.88,263.29,131,71.0,24.0,0.54,110.0,
07:41:39,111.75,60.0,367.69,32.0,110.8,150.0,405.84,19.0,239.72,255.94,210.0,51.0,39.20534364088706,111.75,367.69,261,159.0,130.0,0.61,111.67,6.0
07:41:40,113.0,15.0,367.0,15.0,111.56,61.0,374.0,6.0,240.0,254.0,76.0,21.0,37.96355752560665,113.0,367.0,97,55.0,-164.0,0.57,111.67,
07:41:41,112.02,153.0,365.09,33.0,111.16,107.0,373.0,11.0,238.56,253.07,260.0,44.0,23.221393584366293,112.01999999999998,365.09,304,216.0,169.5,0.71,112.6,5.0
07:41:42,112.0,90.0,338.53,17.0,111.0,54.0,449.2,10.0,225.26,226.53,144.0,27.0,22.46322060613857,112.0,338.53,171,117.0,-133.0,0.68,112.6,
07:41:43,113.06,102.0,298.77,26.0,111.87,138.0,383.57,21.0,205.91,185.71,240.0,47.0,14.752010032536225,113.06,298.77,287,193.0,116.0,0.67,112.6,
07:41:44,114.0,72.0,240.25,28.0,112.06,96.0,311.67,21.0,177.12,126.25,168.0,49.0,26.33808649086048,114.0,240.25,217,119.0,-70.0,0.55,112.6,
07:41:45,114.0,69.0,225.0,30.0,112.0,150.0,353.87,30.0,169.5,111.0,219.0,60.0,29.833492923223808,114.0,225.0,279,159.0,62.0,0.57,114.0,3.0
07:41:46,114.0,36.0,222.85,41.0,112.0,180.0,231.98,41.0,168.43,108.85,216.0,82.0,25.223735448978253,114.0,222.85,298,134.0,19.0,0.45,114.0,3.0
07:41:47,114.0,36.0,186.61,28.0,112.0,180.0,202.37,30.0,150.3,72.61000000000001,216.0,58.0,20.252344802517044,114.0,186.61,274,158.0,-24.0,0.58,114.0,
07:41:48,114.0,39.0,174.41,27.0,112.0,203.0,179.91,45.0,144.2,60.41,242.0,72.0,13.963334129069503,114.0,174.41,314,170.0,40.0,0.54,114.0,
07:41:49,114.0,36.0,175.33,45.0,112.0,204.0,178.89,37.0,144.67,61.33000000000001,240.0,82.0,12.601307471847369,114.0,175.33,322,158.0,8.0,0.49,114.0,
07:41:50,112.34,143.0,173.51,35.0,111.62,220.0,175.1,40.0,142.92,61.16999999999999,363.0,75.0,10.628689006647784,112.34,173.51,438,288.0,116.0,0.66,114.0,3.0
07:41:51,112.0,35.0,157.95,38.0,111.0,168.0,158.88,32.0,134.97,45.94999999999999,203.0,70.0,5.503577927133796,112.0,157.95,273,133.0,-165.0,0.49,114.0,
07:41:52,112.0,20.0,120.0,8.0,111.0,96.0,122.0,32.0,116.0,8.0,116.0,40.0,12.14323556553333,112.0,120.0,156,76.0,-117.0,0.49,112.0,2.0
07:41:53,112.0,9.0,118.73,11.0,111.0,78.0,151.61,33.0,115.36,6.730000000000004,87.0,44.0,14.266153300733633,112.0,118.73,131,43.0,-25.0,0.33,112.0,
07:41:54,111.75,16.0,114.75,36.0,110.82,73.0,116.44,27.0,113.25,3.0,89.0,63.0,13.520996634865076,111.75,114.75,152,26.0,21.0,0.17,111.5,2.0
07:41:55,110.06,89.0,112.94,16.0,109.69,35.0,116.67,18.0,111.5,2.8799999999999955,124.0,34.0,9.53322768006893,110.06,112.94,158,90.0,6.0,0.57,110.5,8.0
07:41:56,110.0,72.0,114.1,10.0,109.0,8.0,166.63,19.0,112.05,4.099999999999994,80.0,29.0,1.9866730984316947,110.0,114.1,109,51.0,-49.0,0.47,111.0,1.0
07:41:57,110.0,99.0,115.11,27.0,109.0,11.0,135.29,28.0,112.56,5.109999999999999,110.0,55.0,1.496873408151853,110.0,115.11,165,55.0,56.0,0.33,111.0,
07:41:58,110.0,54.0,111.33,12.0,109.0,6.0,113.0,18.0,110.67,1.3299999999999983,60.0,30.0,0.987081556930376,110.0,111.33,90,30.0,-75.0,0.33,111.0,
07:41:59,110.0,88.0,113.0,42.0,109.0,14.0,361.3,44.0,111.5,3.0,102.0,86.0,0.7059249252095304,110.0,113.0,188,16.0,98.0,0.09,110.0,3.0
