Time,Bid1_Price,Bid1_Volume,Ask1_Price,Ask1_Volume,Bid2_Price,Bid2_Volume,Ask2_Price,Ask2_Volume,Bid_Ask_Spread,Market_Depth_Bid,Market_Depth_Ask,Historical_Volatility,Weighted_Avg_Bid_Price,Weighted_Avg_Ask_Price,Total_volume,Cumulative_Volume_Difference,Total_Volume_Change_Corrected,Order_imbalance,Weighted_Avg_Price,Trade_Volume
07:30:07,304.0,24.0,346.0,4.0,300.0,28.0,592.5,20.0,42.0,52.0,24.0,49.988933075231806,304.0,346.0,76,28.0,-19.0,0.37,,
07:30:08,304.0,60.0,346.0,16.0,301.59,34.0,552.0,50.0,42.0,94.0,66.0,56.05132023422822,304.0,346.0,160,28.0,84.0,0.17,,
07:30:09,304.0,25.0,346.0,5.0,302.0,15.0,475.79,19.0,42.0,40.0,24.0,53.80360582711906,304.0,346.0,64,16.0,-96.0,0.25,304.0,5.0
07:30:10,304.0,7.0,344.74,19.0,302.0,21.0,365.76,17.0,40.74000000000001,28.0,36.0,43.607532950168114,304.0,344.74,64,-8.0,0.0,-0.12,304.0,
07:30:11,300.08,49.0,321.56,27.0,299.82,11.0,330.78,27.0,21.480000000000015,60.0,54.0,6.276983351897284,300.08,321.56,114,6.0,50.0,0.05,302.0,5.0
07:30:12,300.0,54.0,302.0,35.0,299.0,9.0,302.65,37.0,2.0,63.0,72.0,10.911302397055776,300.0,302.0,135,-9.0,21.0,-0.07,302.0,
07:30:13,299.82,17.0,300.86,21.0,298.18,22.0,304.64,25.0,1.0400000000000205,39.0,46.0,12.040522413915204,299.82,300.86,85,-7.0,-50.0,-0.08,300.0,6.0
07:30:14,298.04,47.0,302.0,32.0,296.46,52.0,307.92,36.0,3.95999999999998,99.0,68.0,10.546383266314274,298.04,302.0,167,31.0,82.0,0.19,298.2,5.0
07:30:15,298.0,7.0,308.0,21.0,296.0,28.0,313.0,21.0,10.0,35.0,42.0,4.502830221093533,298.0,308.0,77,-7.0,-90.0,-0.09,298.0,1.0
07:30:16,298.0,7.0,308.0,21.0,296.0,28.0,313.0,21.0,10.0,35.0,42.0,1.4389301581359124,298.0,308.0,77,-7.0,0.0,-0.09,298.0,
07:30:17,298.0,6.0,310.0,18.0,296.0,24.0,313.0,18.0,12.0,30.0,36.0,1.7783475475826245,298.0,310.0,66,-6.0,-11.0,-0.09,298.0,
07:30:18,298.0,6.0,312.0,18.0,296.0,24.0,313.0,18.0,14.0,30.0,36.0,1.8628150740192169,298.0,312.0,66,-6.0,0.0,-0.09,298.0,
07:30:19,294.18,22.0,312.0,24.0,291.55,11.0,313.0,24.0,17.819999999999993,33.0,48.0,0.8801249911195896,294.18,312.0,81,-15.0,15.0,-0.19,296.4,5.0
07:30:20,293.19,16.0,312.0,33.0,290.43,21.0,346.53,51.0,18.81,37.0,84.0,0.9669177834714078,293.19,312.0,121,-47.0,40.0,-0.39,292.43,7.0
07:30:25,296.0,39.0,303.0,52.0,278.0,48.0,311.0,39.0,7.0,87.0,91.0,5.174569547314279,296.0,303.0,178,-4.0,10.0,-0.02,292.43,
07:30:26,296.5,18.0,302.03,37.0,292.73,33.0,303.62,39.0,5.529999999999973,51.0,76.0,6.440798087193269,296.5,302.03,127,-25.0,-51.0,-0.2,292.43,
07:30:27,278.12,32.0,302.0,30.0,279.82,44.0,303.5,20.0,23.879999999999995,76.0,50.0,6.317418776683439,278.12,302.0,126,26.0,-1.0,0.21,295.6,5.0
07:30:35,286.35,78.0,296.44,25.0,276.38,92.0,301.3,30.0,10.089999999999977,170.0,55.0,2.044803169009757,286.35,296.44,225,115.0,133.0,0.51,295.0,3.0
07:30:36,286.0,60.0,295.83,12.0,273.75,48.0,296.83,12.0,9.829999999999984,108.0,24.0,2.431361758355257,286.0,295.83,132,84.0,-93.0,0.64,295.0,
07:30:44,280.0,55.0,296.71,21.0,277.0,11.0,298.88,32.0,16.70999999999998,66.0,53.0,0.9916400556613924,280.0,296.71,119,13.0,-7.0,0.11,294.71,7.0
07:30:45,280.67,30.0,295.8,44.0,279.6,52.0,301.3,46.0,15.129999999999995,82.0,90.0,1.055258262224064,280.67,295.8,172,-8.0,53.0,-0.05,294.71,
07:30:54,294.39,56.0,296.86,49.0,277.12,32.0,407.6,40.0,2.4700000000000277,88.0,89.0,4.202336254988725,294.39,296.86,177,-1.0,89.0,-0.01,299.0,1.0
07:30:55,289.56,75.0,317.77,40.0,277.72,128.0,357.4,35.0,28.20999999999998,203.0,75.0,7.597547630649886,289.56,317.77,278,128.0,101.0,0.46,295.0,6.0
07:30:56,278.0,84.0,295.71,14.0,276.0,28.0,340.76,17.0,17.70999999999998,112.0,31.0,7.99361807944271,278.0,295.71,143,81.0,-135.0,0.57,295.0,
07:31:08,292.5,30.0,299.0,20.0,285.79,43.0,302.0,50.0,6.5,73.0,70.0,2.908117948088449,292.5,299.0,143,3.0,77.0,0.02,293.0,1.0
07:31:09,293.76,29.0,299.0,20.0,284.15,39.0,302.0,50.0,5.240000000000009,68.0,70.0,2.7866592902604084,293.76,299.0,138,-2.0,-5.0,-0.01,293.0,
07:31:10,295.44,18.0,299.0,18.0,294.0,27.0,302.0,45.0,3.5600000000000023,45.0,63.0,2.102396251898088,295.44,299.0,108,-18.0,-30.0,-0.17,293.0,
07:31:11,296.0,24.0,298.07,54.0,294.0,36.0,300.0,30.0,2.069999999999993,60.0,84.0,1.9222694920315824,296.0,298.07,144,-24.0,36.0,-0.17,293.0,
07:31:12,296.9,42.0,298.09,66.0,293.31,39.0,300.54,39.0,1.1899999999999975,81.0,105.0,0.7071916289066359,296.9,298.09,186,-24.0,42.0,-0.13,297.0,3.0
07:31:15,290.5,24.0,300.29,68.0,283.67,72.0,354.83,71.0,9.79000000000002,96.0,139.0,3.3655712739436776,290.5,300.29,235,-43.0,44.0,-0.18,297.0,
07:31:16,296.0,15.0,297.87,60.0,286.0,60.0,304.6,75.0,1.8700000000000043,75.0,135.0,3.3438974266557326,296.0,297.87,210,-60.0,-25.0,-0.29,297.0,
07:31:17,283.89,74.0,296.74,27.0,280.25,178.0,299.5,48.0,12.850000000000025,252.0,75.0,3.179910376094649,283.89,296.74,327,177.0,117.0,0.54,289.6,5.0
07:31:22,280.74,93.0,296.65,23.0,278.82,102.0,300.05,59.0,15.909999999999968,195.0,82.0,1.6658181173204265,280.74,296.65,277,113.0,14.0,0.41,293.0,1.0
07:31:23,291.35,23.0,299.3,40.0,282.86,56.0,300.21,71.0,7.949999999999989,79.0,111.0,4.406977422224135,291.35,299.3,190,-32.0,-87.0,-0.17,293.0,
07:31:24,295.0,14.0,299.0,28.0,294.0,14.0,300.0,71.0,4.0,28.0,99.0,5.4207425690576425,295.0,299.0,127,-71.0,-63.0,-0.56,293.0,
07:31:25,296.64,11.0,299.88,51.0,294.38,8.0,316.88,32.0,3.240000000000009,19.0,83.0,5.22660692993017,296.64,299.88,102,-64.0,-25.0,-0.63,298.0,2.0
07:31:26,296.0,10.0,300.0,90.0,295.0,10.0,597.9,10.0,4.0,20.0,100.0,3.949060647798956,296.0,300.0,120,-80.0,18.0,-0.67,298.0,
07:31:27,294.36,11.0,300.0,99.0,288.9,20.0,556.11,37.0,5.639999999999986,31.0,136.0,1.1540017330985175,294.36,300.0,167,-105.0,47.0,-0.63,295.5,2.0
07:31:28,294.0,14.0,300.0,114.0,288.0,28.0,350.5,64.0,6.0,42.0,178.0,0.5977624946367736,294.0,300.0,220,-136.0,53.0,-0.62,295.5,
07:31:29,294.0,14.0,300.0,115.0,288.0,28.0,430.38,21.0,6.0,42.0,136.0,0.5977624946367736,294.0,300.0,178,-94.0,-42.0,-0.53,295.5,
07:31:30,294.0,9.0,300.0,90.0,288.0,18.0,395.0,18.0,6.0,27.0,108.0,0.4341428336324185,294.0,300.0,135,-81.0,-43.0,-0.6,295.5,
07:31:31,289.56,18.0,299.68,28.0,285.0,32.0,304.52,84.0,10.120000000000005,50.0,112.0,1.0872902096470465,289.56,299.68,162,-62.0,27.0,-0.38,288.4,5.0
07:32:03,290.43,14.0,296.56,62.0,279.0,90.0,345.4,42.0,6.129999999999996,104.0,104.0,3.0834120710658506,290.43,296.56,208,0.0,75.0,0.0,296.0,4.0
07:32:05,282.53,34.0,295.68,25.0,281.12,72.0,301.85,46.0,13.150000000000034,106.0,71.0,1.881812955634715,282.53,295.68,177,35.0,24.0,0.2,293.0,1.0
07:33:07,291.6,20.0,300.0,38.0,280.75,208.0,358.03,64.0,8.399999999999977,228.0,102.0,3.0136141093363604,291.6,300.0,330,126.0,122.0,0.38,293.0,
07:33:08,294.9,29.0,300.0,32.0,293.37,19.0,316.74,68.0,5.100000000000023,48.0,100.0,3.8624953074392487,294.9,300.0,148,-52.0,-172.0,-0.35,293.0,
07:33:09,294.77,13.0,300.0,26.0,287.0,91.0,302.0,65.0,5.230000000000018,104.0,91.0,3.735046184451979,294.77,300.0,195,13.0,47.0,0.07,295.0,2.0
07:33:10,296.86,42.0,300.0,24.0,290.76,90.0,302.0,60.0,3.1399999999999864,132.0,84.0,2.8333460784006688,296.86,300.0,216,48.0,21.0,0.22,295.0,
07:33:11,297.39,18.0,300.0,14.0,296.29,99.0,302.0,35.0,2.6100000000000136,117.0,49.0,1.1374752744511365,297.39,300.0,166,68.0,-50.0,0.41,297.2,5.0
07:33:12,299.0,8.0,300.0,16.0,297.0,96.0,302.0,40.0,1.0,104.0,56.0,0.891263148563462,299.0,300.0,160,48.0,-6.0,0.3,297.2,
07:33:13,299.0,10.0,300.0,20.0,297.0,120.0,302.0,50.0,1.0,130.0,70.0,0.8796874444863796,299.0,300.0,200,60.0,40.0,0.3,297.2,
07:33:14,297.25,55.0,300.0,22.0,296.91,88.0,302.0,55.0,2.75,143.0,77.0,0.5112240213319509,297.25,300.0,220,66.0,20.0,0.3,299.0,1.0
07:33:15,297.0,120.0,300.0,24.0,295.0,12.0,302.0,60.0,3.0,132.0,84.0,0.4940951325269305,297.0,300.0,216,48.0,-4.0,0.22,297.0,6.0
07:33:16,297.0,56.0,300.0,22.0,295.0,11.0,302.0,55.0,3.0,67.0,77.0,0.5266687763545801,297.0,300.0,144,-10.0,-72.0,-0.07,297.0,1.0
07:33:17,297.0,82.0,299.06,32.0,295.0,11.0,300.18,56.0,2.0600000000000023,93.0,88.0,0.5363487671161848,297.0,299.06,181,5.0,37.0,0.03,297.0,
07:33:18,297.0,128.0,299.0,30.0,295.0,10.0,300.0,50.0,2.0,138.0,80.0,0.2943976901867051,297.0,299.0,218,58.0,37.0,0.27,297.0,2.0
07:33:19,297.0,147.0,299.2,45.0,295.0,13.0,300.54,56.0,2.1999999999999886,160.0,101.0,0.2527449306857385,297.0,299.2,261,59.0,43.0,0.23,297.0,3.0
07:33:20,297.0,126.0,298.89,61.0,295.0,14.0,301.27,55.0,1.8899999999999864,140.0,116.0,0.2233383083741384,297.0,298.89,256,24.0,-5.0,0.09,297.0,
07:33:21,296.85,54.0,298.0,40.0,293.55,22.0,307.0,70.0,1.1499999999999773,76.0,110.0,0.2689795531031805,296.85,298.0,186,-34.0,-70.0,-0.18,297.0,1.0
07:33:22,295.31,13.0,297.46,52.0,293.09,46.0,307.0,83.0,2.1499999999999773,59.0,135.0,0.7138627318944886,295.31,297.46,194,-76.0,8.0,-0.39,297.0,1.0
07:33:23,293.86,21.0,299.72,50.0,292.57,42.0,307.37,60.0,5.860000000000014,63.0,110.0,0.7363898423987586,293.86,299.72,173,-47.0,-21.0,-0.27,295.0,1.0
07:33:24,287.75,96.0,307.05,82.0,285.47,47.0,309.25,48.0,19.30000000000001,143.0,130.0,0.6083337899444566,287.75,307.05,273,13.0,100.0,0.05,291.8,5.0
07:33:25,292.35,46.0,307.0,77.0,287.88,59.0,311.0,99.0,14.649999999999975,105.0,176.0,1.2724503919555858,292.35,307.0,281,-71.0,8.0,-0.25,291.8,
07:33:26,296.61,75.0,306.56,62.0,290.36,44.0,309.22,81.0,9.949999999999989,119.0,143.0,2.205431930481466,296.61,306.56,262,-24.0,-19.0,-0.09,291.8,
07:33:27,300.0,86.0,305.12,58.0,296.0,84.0,307.94,64.0,5.1200000000000045,170.0,122.0,2.523027942767619,300.0,305.12,292,48.0,30.0,0.16,300.0,3.0
07:33:28,300.0,52.0,303.08,39.0,296.05,74.0,306.47,60.0,3.079999999999984,126.0,99.0,2.0493096398508186,300.0,303.08,225,27.0,-67.0,0.12,300.0,
07:33:29,300.0,32.0,302.38,24.0,298.25,16.0,306.77,52.0,2.3799999999999955,48.0,76.0,1.0485466131674257,300.0,302.38,124,-28.0,-101.0,-0.23,300.0,
07:33:30,299.44,18.0,301.89,19.0,298.29,14.0,305.56,27.0,2.4499999999999886,32.0,46.0,0.6924232809378505,299.44,301.89,78,-14.0,-46.0,-0.18,300.0,4.0
07:33:31,299.0,18.0,302.0,27.0,298.0,18.0,305.11,36.0,3.0,36.0,63.0,0.8206521796625447,299.0,302.0,99,-27.0,21.0,-0.27,300.0,
07:33:32,299.0,24.0,302.71,35.0,298.0,24.0,305.59,51.0,3.70999999999998,48.0,86.0,0.4167373273239343,299.0,302.71,134,-38.0,35.0,-0.28,300.0,
07:33:33,298.29,14.0,304.0,12.0,296.12,64.0,306.43,56.0,5.70999999999998,78.0,68.0,0.2967659009811128,298.29,304.0,146,10.0,12.0,0.07,298.67,3.0
07:33:34,298.0,9.0,303.0,14.0,296.0,54.0,305.5,18.0,5.0,63.0,32.0,0.2712563363042735,298.0,303.0,95,31.0,-51.0,0.33,298.67,
07:33:35,298.53,15.0,301.36,11.0,296.17,46.0,303.0,22.0,2.830000000000041,61.0,33.0,0.4475488799956016,298.53,301.36,94,28.0,-1.0,0.3,298.67,
07:33:36,299.05,21.0,302.0,24.0,296.2,60.0,309.33,63.0,2.9499999999999886,81.0,87.0,0.446631839421816,299.05,302.0,168,-6.0,74.0,-0.04,301.0,1.0
07:33:37,298.64,14.0,301.43,28.0,296.22,54.0,308.0,56.0,2.7900000000000205,68.0,84.0,0.4742362280397795,298.64,301.43,152,-16.0,-16.0,-0.11,301.0,
07:33:38,296.0,30.0,301.0,20.0,294.0,40.0,306.6,40.0,5.0,70.0,60.0,0.8256028100640754,296.0,301.0,130,10.0,-22.0,0.08,297.2,5.0
07:33:39,296.0,14.0,300.09,23.0,294.0,28.0,306.0,28.0,4.089999999999975,42.0,51.0,1.075360404695081,296.0,300.09,93,-9.0,-37.0,-0.1,296.0,1.0
07:33:40,296.0,15.0,299.45,22.0,294.0,32.0,301.85,26.0,3.4499999999999886,47.0,48.0,1.2420466979893448,296.0,299.45,95,-1.0,2.0,-0.01,296.0,1.0
07:33:41,296.0,9.0,299.27,30.0,294.0,36.0,304.15,27.0,3.269999999999982,45.0,57.0,0.9836513609946452,296.0,299.2699999999999,102,-12.0,7.0,-0.12,299.33,3.0
07:33:42,296.0,10.0,299.0,50.0,294.0,40.0,307.67,36.0,3.0,50.0,86.0,0.3998124560177132,296.0,299.0,136,-36.0,34.0,-0.26,299.33,
07:33:43,296.0,10.0,299.0,50.0,294.0,40.0,309.0,40.0,3.0,50.0,90.0,0.2232711355885911,296.0,299.0,140,-40.0,4.0,-0.29,299.33,
07:33:44,294.67,21.0,297.5,70.0,290.11,63.0,309.0,56.0,2.829999999999984,84.0,126.0,0.682180328056441,294.67,297.5,210,-42.0,70.0,-0.2,294.67,3.0
07:33:45,294.0,22.0,296.0,55.0,287.0,55.0,310.09,44.0,2.0,77.0,99.0,1.163021925841231,294.0,296.0,176,-22.0,-34.0,-0.12,294.67,
07:33:46,294.0,24.0,295.58,60.0,287.0,60.0,310.29,83.0,1.579999999999984,84.0,143.0,1.305672240643749,294.0,295.58,227,-59.0,51.0,-0.26,294.67,
07:33:48,294.0,22.0,296.81,53.0,287.0,55.0,307.65,46.0,2.8100000000000023,77.0,99.0,0.6137833493897458,294.0,296.81,176,-22.0,-47.0,-0.12,295.0,5.0
07:33:49,303.13,23.0,307.0,32.0,292.16,19.0,310.0,40.0,3.870000000000005,42.0,72.0,4.549080126793464,303.13,307.0,114,-30.0,-62.0,-0.26,295.0,
07:33:50,304.0,37.0,307.0,52.0,296.0,40.0,310.0,65.0,3.0,77.0,117.0,5.699616653774731,304.0,307.0,194,-40.0,80.0,-0.21,304.0,2.0
07:33:51,299.2,25.0,306.2,40.0,296.67,30.0,309.76,49.0,7.0,55.0,89.0,5.304255838474002,299.2,306.2,144,-34.0,-50.0,-0.24,304.0,1.0
07:33:52,298.0,46.0,299.0,56.0,294.0,28.0,306.86,56.0,1.0,74.0,112.0,4.366134445935575,298.0,299.0,186,-38.0,42.0,-0.2,298.0,2.0
07:33:53,298.14,14.0,302.0,28.0,296.0,19.0,307.71,28.0,3.8600000000000136,33.0,56.0,3.060338216600376,298.14,302.0,89,-23.0,-97.0,-0.26,298.0,
07:33:54,298.56,16.0,305.83,58.0,296.8,35.0,309.43,56.0,7.269999999999982,51.0,114.0,2.671269361181127,298.56,305.83,165,-63.0,76.0,-0.38,298.67,3.0
07:33:55,298.0,9.0,305.62,32.0,296.0,27.0,309.11,36.0,7.620000000000003,36.0,68.0,1.7381973420717511,298.0,305.62,104,-32.0,-61.0,-0.31,298.67,
07:33:56,298.0,13.0,303.8,45.0,296.0,39.0,308.86,50.0,5.800000000000011,52.0,95.0,1.4797736313319865,298.0,303.8,147,-43.0,43.0,-0.29,298.67,
07:33:57,298.0,16.0,301.25,48.0,296.0,48.0,311.8,50.0,3.25,64.0,98.0,1.1003862958004194,298.0,301.25,162,-34.0,15.0,-0.21,298.67,
07:33:58,298.0,12.0,300.05,58.0,296.0,36.0,301.57,35.0,2.050000000000012,48.0,93.0,1.3671759213742187,298.0,300.05,141,-45.0,-21.0,-0.32,298.67,
07:33:59,298.0,11.0,299.18,55.0,296.0,33.0,301.0,33.0,1.1800000000000068,44.0,88.0,1.337815383371592,298.0,299.18,132,-44.0,-9.0,-0.33,298.0,1.0
07:34:00,295.66,29.0,297.7,61.0,287.02,63.0,307.3,57.0,2.039999999999964,92.0,118.0,1.5442894806304812,295.66,297.7,210,-26.0,78.0,-0.12,296.0,3.0
07:34:01,294.0,12.0,304.0,51.0,287.0,22.0,310.18,33.0,10.0,34.0,84.0,1.125890758460202,294.0,304.0,118,-50.0,-92.0,-0.42,295.83,6.0
07:34:02,286.92,50.0,298.0,75.0,283.62,55.0,309.0,30.0,11.079999999999984,105.0,105.0,2.794972271774186,286.92,298.0,210,0.0,92.0,0.0,291.0,2.0
07:34:05,288.0,104.0,295.5,32.0,287.0,52.0,303.22,73.0,7.5,156.0,105.0,4.027846819330174,288.0,295.5,261,51.0,136.0,0.2,293.0,2.0
07:34:06,292.16,100.0,301.0,50.0,286.71,56.0,310.0,90.0,8.839999999999975,156.0,140.0,3.051561895159317,292.16,301.0,296,16.0,35.0,0.05,293.0,
07:34:07,296.0,169.0,301.0,65.0,290.45,44.0,310.0,117.0,5.0,213.0,182.0,4.300329057175476,296.0,301.0,395,31.0,99.0,0.08,293.0,
07:34:08,296.0,65.0,301.0,25.0,291.0,15.0,310.0,45.0,5.0,80.0,70.0,4.3718451482168,296.0,301.0,150,10.0,-172.0,0.07,293.0,
07:34:09,296.0,98.0,301.0,50.0,287.0,60.0,310.0,90.0,5.0,158.0,140.0,2.9246845983773646,296.0,301.0,298,18.0,148.0,0.06,296.0,4.0
07:34:10,296.08,78.0,301.0,55.0,288.97,91.0,310.0,99.0,4.920000000000016,169.0,154.0,0.8632960094806216,296.08,301.0,323,15.0,25.0,0.05,296.0,
07:34:11,297.0,24.0,301.0,60.0,296.0,108.0,310.0,108.0,4.0,132.0,168.0,0.219818106590269,297.0,301.0,300,-36.0,-23.0,-0.12,296.0,
07:34:12,297.0,18.0,300.85,41.0,296.0,81.0,308.77,73.0,3.850000000000023,99.0,114.0,0.2491585840080435,297.0,300.85,213,-15.0,-87.0,-0.07,296.0,
07:34:13,297.0,26.0,299.67,27.0,296.0,117.0,302.55,53.0,2.670000000000016,143.0,80.0,0.2904307146031786,297.0,299.67,223,63.0,10.0,0.28,297.0,1.0
07:34:14,297.74,27.0,302.47,53.0,296.11,71.0,306.65,63.0,4.730000000000018,98.0,116.0,0.6884547915330056,297.74,302.47,214,-18.0,-9.0,-0.08,298.0,3.0
07:34:15,298.0,15.0,306.91,55.0,297.0,15.0,308.17,63.0,8.910000000000025,30.0,118.0,1.6332421743220942,298.0,306.91,148,-88.0,-66.0,-0.59,298.0,
07:34:16,298.0,13.0,305.31,13.0,297.0,13.0,307.0,69.0,7.310000000000002,26.0,82.0,1.7491941001455855,298.0,305.31,108,-56.0,-40.0,-0.52,298.0,
07:34:17,298.0,14.0,304.43,14.0,297.0,14.0,307.0,74.0,6.430000000000007,28.0,88.0,1.5951175505221973,298.0,304.43,116,-60.0,8.0,-0.52,298.0,
07:34:18,296.27,60.0,306.67,18.0,293.6,40.0,308.26,43.0,10.400000000000034,100.0,61.0,0.846711284903907,296.2699999999999,306.67,161,39.0,45.0,0.24,298.5,4.0
07:34:19,303.84,50.0,308.0,110.0,300.52,46.0,312.09,44.0,4.160000000000025,96.0,154.0,1.945404842181441,303.84,308.0,250,-58.0,89.0,-0.23,298.5,
07:34:20,304.0,48.0,308.0,72.0,302.0,48.0,312.05,38.0,4.0,96.0,110.0,2.478981645753454,304.0,308.0,206,-14.0,-44.0,-0.07,298.5,
07:34:21,304.0,32.0,308.0,48.0,302.0,32.0,312.0,16.0,4.0,64.0,64.0,2.5396554884436284,304.0,308.0,128,0.0,-78.0,0.0,298.5,
07:34:22,304.0,48.0,307.33,54.0,302.0,48.0,308.96,25.0,3.329999999999984,96.0,79.0,1.9846586608233592,304.0,307.33,175,17.0,47.0,0.1,298.5,
07:34:23,304.0,50.0,305.57,56.0,302.0,56.0,308.95,58.0,1.5699999999999932,106.0,114.0,0.5134491211217906,304.0,305.57,220,-8.0,45.0,-0.04,304.0,3.0
07:34:24,304.0,12.0,305.0,48.0,302.0,48.0,309.0,60.0,1.0,60.0,108.0,0.7026165383628339,304.0,305.0,168,-48.0,-52.0,-0.29,304.0,
07:34:25,301.78,27.0,304.08,48.0,300.07,45.0,309.0,60.0,2.300000000000012,72.0,108.0,1.2022354178701666,301.78,304.08,180,-36.0,12.0,-0.2,302.4,5.0
07:34:26,299.1,78.0,301.14,44.0,297.82,68.0,303.9,20.0,2.039999999999964,146.0,64.0,2.183476585627228,299.1,301.14,210,82.0,30.0,0.39,300.0,4.0
07:34:27,299.0,61.0,300.36,14.0,297.0,52.0,312.03,37.0,1.3600000000000136,113.0,51.0,2.3979011655994507,299.0,300.36,164,62.0,-46.0,0.38,299.0,3.0
07:34:28,299.0,37.0,311.82,33.0,297.0,44.0,314.23,52.0,12.819999999999991,81.0,85.0,2.5625124389909035,299.0,311.82,166,-4.0,2.0,-0.02,299.0,1.0
07:34:29,299.0,33.0,311.33,49.0,297.0,44.0,314.53,53.0,12.329999999999984,77.0,102.0,2.702656100946445,299.0,311.33,179,-25.0,13.0,-0.14,299.0,
07:34:30,299.26,38.0,307.42,60.0,297.18,44.0,310.0,48.0,8.160000000000025,82.0,108.0,2.719066016113432,299.26,307.42,190,-26.0,11.0,-0.14,299.0,1.0
07:34:31,300.39,90.0,306.11,90.0,298.79,38.0,310.0,72.0,5.720000000000027,128.0,162.0,2.2911285428763057,300.39,306.11,290,-34.0,100.0,-0.12,299.0,
07:34:32,301.0,46.0,305.18,55.0,298.56,72.0,311.82,44.0,4.180000000000007,118.0,99.0,1.1343941114013474,301.0,305.18,217,19.0,-73.0,0.09,301.0,3.0
07:34:33,302.0,26.0,304.77,65.0,299.0,104.0,312.46,52.0,2.769999999999982,130.0,117.0,0.8547689746255047,302.0,304.77,247,13.0,30.0,0.05,301.0,
07:34:34,302.0,24.0,303.25,60.0,299.0,96.0,311.25,48.0,1.25,120.0,108.0,0.3092410063084427,302.0,303.25,228,12.0,-19.0,0.05,301.0,
07:34:35,299.13,93.0,308.22,41.0,297.67,48.0,312.1,40.0,9.090000000000032,141.0,81.0,0.3886772439732212,299.13,308.22,222,60.0,-6.0,0.27,302.0,2.0
07:34:36,299.0,130.0,308.1,30.0,297.0,40.0,310.0,40.0,9.100000000000025,170.0,70.0,0.4198452095505903,299.0,308.1,240,100.0,18.0,0.42,302.0,
07:34:37,299.0,91.0,308.0,21.0,297.0,28.0,310.86,28.0,9.0,119.0,49.0,0.4178875446606649,299.0,308.0,168,70.0,-72.0,0.42,302.0,
07:34:38,299.0,89.0,308.0,27.0,297.0,36.0,311.09,44.0,9.0,125.0,71.0,0.4238749815482177,299.0,308.0,196,54.0,28.0,0.28,299.0,4.0
07:34:39,299.36,44.0,306.52,46.0,298.86,84.0,308.84,38.0,7.159999999999968,128.0,84.0,0.2836723461715349,299.36,306.52,212,44.0,16.0,0.21,299.0,
07:34:40,299.0,99.0,305.3,40.0,298.0,33.0,306.65,37.0,6.300000000000011,132.0,77.0,0.6013900564381801,299.0,305.3,209,55.0,-3.0,0.26,301.0,1.0
07:34:41,299.0,117.0,304.0,52.0,298.0,39.0,305.0,39.0,5.0,156.0,91.0,0.8772798869135366,299.0,304.0,247,65.0,38.0,0.26,301.0,
07:34:42,299.0,107.0,302.2,60.0,298.0,45.0,304.06,51.0,3.1999999999999886,152.0,111.0,1.1479198578225978,299.0,302.2,263,41.0,16.0,0.16,299.0,4.0
07:34:43,299.0,45.0,302.0,36.0,298.0,27.0,305.0,27.0,3.0,72.0,63.0,1.0366870308747715,299.0,302.0,135,9.0,-128.0,0.07,299.0,
07:34:44,299.0,71.0,300.68,63.0,298.0,48.0,305.98,55.0,1.6800000000000068,119.0,118.0,0.907535123278719,299.0,300.68,237,1.0,102.0,0.0,299.0,3.0
07:34:45,298.05,38.0,308.51,45.0,297.06,51.0,310.5,40.0,10.45999999999998,89.0,85.0,1.3323212825682471,298.05,308.51,174,4.0,-63.0,0.02,299.0,2.0
07:34:46,298.0,29.0,309.0,55.0,297.0,44.0,310.53,17.0,11.0,73.0,72.0,1.7120397191607375,298.0,309.0,145,1.0,-29.0,0.01,298.0,1.0
07:34:47,303.45,22.0,309.0,55.0,297.83,24.0,311.0,11.0,5.550000000000011,46.0,66.0,2.5715948358913487,303.45,309.0,112,-20.0,-33.0,-0.18,298.0,
07:34:48,304.0,28.0,308.57,70.0,298.88,50.0,312.55,38.0,4.569999999999993,78.0,108.0,2.6525025918897898,304.0,308.57,186,-30.0,74.0,-0.16,298.0,
07:34:49,301.37,38.0,307.31,65.0,298.78,46.0,312.25,55.0,5.939999999999998,84.0,120.0,1.4535370652243915,301.37,307.31,204,-36.0,18.0,-0.18,304.0,2.0
07:34:50,299.0,44.0,310.78,41.0,298.0,22.0,313.13,45.0,11.779999999999973,66.0,86.0,1.2105990252683985,299.0,310.78,152,-20.0,-52.0,-0.13,304.0,
07:34:51,299.0,48.0,307.26,46.0,298.0,24.0,309.42,38.0,8.259999999999991,72.0,84.0,1.3340464759448487,299.0,307.26,156,-12.0,4.0,-0.08,304.0,
07:34:52,299.0,17.0,305.95,38.0,298.0,28.0,306.93,46.0,6.949999999999989,45.0,84.0,1.4998933295343229,299.0,305.95,129,-39.0,-27.0,-0.3,299.0,3.0
07:34:53,299.0,18.0,303.15,39.0,297.59,58.0,305.0,26.0,4.149999999999977,76.0,65.0,1.5154438293723025,299.0,303.15,141,11.0,12.0,0.08,299.0,
07:34:54,299.0,24.0,303.0,36.0,298.0,144.0,305.0,24.0,4.0,168.0,60.0,1.6105371774607622,299.0,303.0,228,108.0,87.0,0.47,299.0,
07:34:55,298.52,50.0,301.73,33.0,297.95,164.0,304.65,46.0,3.2100000000000364,214.0,79.0,1.2155862782971347,298.52,301.73,293,135.0,65.0,0.46,299.0,2.0
07:34:56,298.0,132.0,302.45,33.0,295.88,64.0,308.82,44.0,4.449999999999989,196.0,77.0,0.9397606078064936,298.0,302.45,273,119.0,-20.0,0.44,298.0,4.0
07:34:57,298.0,136.0,301.0,51.0,296.0,136.0,311.8,98.0,3.0,272.0,149.0,0.659302661897634,298.0,301.0,421,123.0,148.0,0.29,298.0,
07:34:58,298.36,123.0,302.38,48.0,296.82,136.0,307.76,63.0,4.019999999999982,259.0,111.0,0.5377080992373281,298.36,302.38,370,148.0,-51.0,0.4,300.0,3.0
07:34:59,298.0,80.0,307.92,36.0,296.0,80.0,312.44,62.0,9.920000000000016,160.0,98.0,1.3410182698177846,298.0,307.92,258,62.0,-112.0,0.24,300.0,
07:35:00,298.87,63.0,311.93,54.0,297.83,96.0,312.9,100.0,13.060000000000002,159.0,154.0,2.451891106877352,298.87,311.93,313,5.0,55.0,0.02,300.0,
07:35:01,298.25,119.0,310.25,32.0,296.38,128.0,312.05,56.0,12.0,247.0,88.0,2.5110217044031504,298.25,310.25,335,159.0,22.0,0.47,300.0,5.0
07:35:02,299.43,56.0,309.15,40.0,297.6,80.0,310.3,20.0,9.71999999999997,136.0,60.0,1.92837496353356,299.43,309.15,196,76.0,-139.0,0.39,300.0,
07:35:03,300.0,85.0,308.15,54.0,298.0,136.0,309.11,73.0,8.149999999999977,221.0,127.0,0.8667352536862263,300.0,308.15,348,94.0,152.0,0.27,300.0,
07:35:04,300.0,85.0,304.76,34.0,298.0,136.0,307.76,58.0,4.759999999999991,221.0,92.0,1.08460591920873,300.0,304.76,313,129.0,-35.0,0.41,300.0,
07:35:05,300.0,86.0,302.72,36.0,298.0,144.0,305.3,40.0,2.7200000000000277,230.0,76.0,1.3305074219948054,300.0,302.72,306,154.0,-7.0,0.5,300.0,2.0
07:35:06,299.67,36.0,304.0,22.0,297.82,88.0,310.55,44.0,4.329999999999984,124.0,66.0,1.325039622042934,299.67,304.0,190,58.0,-116.0,0.31,299.2,5.0
07:35:07,298.0,42.0,303.43,14.0,296.0,56.0,312.54,26.0,5.430000000000007,98.0,40.0,1.2754803016841485,298.0,303.43,138,58.0,-52.0,0.42,299.2,
07:35:08,298.0,66.0,301.36,22.0,296.0,88.0,312.75,71.0,3.3600000000000136,154.0,93.0,1.044638693513206,298.0,301.36,247,61.0,109.0,0.25,299.2,
07:35:09,298.0,60.0,309.0,36.0,296.0,80.0,313.88,68.0,11.0,140.0,104.0,1.4168380288462126,298.0,309.0,244,36.0,-3.0,0.15,299.2,
07:35:10,298.0,66.0,311.93,15.0,296.0,88.0,313.14,51.0,13.930000000000009,154.0,66.0,2.124328129076197,298.0,311.93,220,88.0,-24.0,0.4,299.2,
07:35:11,300.27,99.0,310.74,38.0,297.7,69.0,311.67,60.0,10.470000000000027,168.0,98.0,2.5770855631864302,300.27,310.74,266,70.0,46.0,0.26,299.2,
07:35:12,301.0,76.0,308.51,37.0,299.0,47.0,309.38,58.0,7.509999999999991,123.0,95.0,2.3545318005886853,301.0,308.51,218,28.0,-48.0,0.13,301.0,3.0
07:35:13,301.0,75.0,306.67,30.0,299.0,60.0,310.83,120.0,5.670000000000016,135.0,150.0,0.8271456945320589,301.0,306.67,285,-15.0,67.0,-0.05,301.0,
07:35:14,301.0,63.0,304.86,14.0,299.0,44.0,307.0,23.0,3.8600000000000136,107.0,37.0,1.0186118004337887,301.0,304.86,144,70.0,-141.0,0.49,301.0,
07:35:15,301.0,77.0,303.12,16.0,299.0,48.0,305.96,25.0,2.1200000000000045,125.0,41.0,1.3780166907491465,301.0,303.12,166,84.0,22.0,0.51,301.5,2.0
07:35:16,301.11,45.0,304.0,20.0,299.68,53.0,310.0,40.0,2.8899999999999864,98.0,60.0,1.073391820344994,301.11,304.0,158,38.0,-8.0,0.24,301.5,
07:35:17,301.38,37.0,304.0,19.0,300.25,67.0,310.0,48.0,2.6200000000000045,104.0,67.0,0.6507918253818183,301.38,304.0,171,37.0,13.0,0.22,304.0,1.0
07:35:18,301.0,72.0,303.08,12.0,299.0,51.0,310.0,48.0,2.079999999999984,123.0,60.0,0.3937384918750219,301.0,303.08,183,63.0,12.0,0.34,304.0,
07:35:19,301.0,108.0,302.78,18.0,299.0,72.0,310.0,72.0,1.7799999999999727,180.0,90.0,0.3533694949824487,301.0,302.78,270,90.0,87.0,0.33,304.0,
07:35:20,301.0,48.0,309.11,27.0,299.0,36.0,311.5,48.0,8.110000000000014,84.0,75.0,1.2817449044110605,301.0,309.11000000000007,159,9.0,-111.0,0.06,301.0,1.0
07:35:21,300.66,41.0,309.06,68.0,298.97,60.0,311.79,103.0,8.399999999999977,101.0,171.0,1.539373249080094,300.66,309.06,272,-70.0,113.0,-0.26,301.0,3.0
07:35:22,305.3,40.0,308.0,52.0,299.93,56.0,310.77,31.0,2.6999999999999886,96.0,83.0,2.0693839663008085,305.3,308.0,179,13.0,-93.0,0.07,301.0,
07:35:23,302.92,26.0,308.0,28.0,300.12,32.0,311.0,28.0,5.079999999999984,58.0,56.0,1.7604062031197445,302.92,308.0,114,2.0,-65.0,0.02,304.4,5.0
07:35:24,302.0,28.0,308.0,28.0,299.0,28.0,311.0,28.0,6.0,56.0,56.0,0.7302602275778891,302.0,308.0,112,0.0,-2.0,0.0,304.4,
07:35:25,302.0,45.0,308.0,52.0,299.0,52.0,311.0,52.0,6.0,97.0,104.0,0.7378211165195245,302.0,308.0,201,-7.0,89.0,-0.03,302.0,1.0
07:35:26,302.0,45.0,307.29,70.0,299.0,60.0,309.0,60.0,5.2900000000000205,105.0,130.0,0.7828154316198312,302.0,307.29,235,-25.0,34.0,-0.11,302.0,
07:35:27,302.0,45.0,305.73,74.0,299.0,45.0,308.52,52.0,3.730000000000018,90.0,126.0,0.5967579073480594,302.0,305.73,216,-36.0,-19.0,-0.17,302.0,
07:35:28,299.9,20.0,304.44,45.0,298.17,42.0,311.78,37.0,4.5400000000000205,62.0,82.0,1.1925099580224603,299.9,304.44,144,-20.0,-72.0,-0.14,300.8,5.0
07:35:29,300.6,30.0,303.0,65.0,298.26,47.0,309.19,59.0,2.3999999999999773,77.0,124.0,1.44377283531137,300.6,303.0,201,-47.0,57.0,-0.23,302.0,5.0
07:35:30,299.0,30.0,301.74,54.0,298.0,75.0,307.87,75.0,2.740000000000009,105.0,129.0,1.6986671245372007,299.0,301.74,234,-24.0,33.0,-0.1,302.0,
07:35:31,298.47,38.0,301.37,38.0,296.75,77.0,304.47,60.0,2.8999999999999773,115.0,98.0,1.5656404440305034,298.47,301.37,213,17.0,-21.0,0.08,299.0,2.0
07:35:32,299.8,45.0,301.07,67.0,298.0,75.0,309.95,57.0,1.2699999999999818,120.0,124.0,0.9833361581801104,299.8,301.07,244,-4.0,31.0,-0.02,301.0,4.0
07:35:33,299.49,67.0,308.3,46.0,297.25,72.0,310.95,77.0,8.810000000000002,139.0,123.0,1.6215671432241647,299.49,308.3,262,16.0,18.0,0.06,301.0,1.0
07:35:34,300.0,40.0,309.0,30.0,299.0,20.0,312.0,52.0,9.0,60.0,82.0,2.1866366867826748,300.0,309.0,142,-22.0,-120.0,-0.15,301.0,
07:35:35,300.0,23.0,309.0,24.0,299.0,16.0,312.0,48.0,9.0,39.0,72.0,2.2773054252742546,300.0,309.0,111,-33.0,-31.0,-0.3,300.0,3.0
07:35:36,300.0,8.0,309.0,24.0,299.0,16.0,312.0,48.0,9.0,24.0,72.0,1.767800893761288,300.0,309.0,96,-48.0,-15.0,-0.5,300.0,
07:35:37,300.67,21.0,309.4,45.0,299.33,21.0,312.03,79.0,8.729999999999961,42.0,124.0,0.399974999197251,300.67,309.4,166,-82.0,70.0,-0.49,300.0,
07:35:38,298.94,32.0,312.0,60.0,295.56,45.0,314.0,10.0,13.060000000000002,77.0,70.0,0.4392607425922638,298.94,312.0,147,7.0,-19.0,0.05,300.0,4.0
07:35:39,298.0,36.0,311.5,48.0,295.0,72.0,312.5,24.0,13.5,108.0,72.0,0.4098170323237977,298.0,311.5,180,36.0,33.0,0.2,300.0,
07:35:40,298.0,40.0,310.0,40.0,294.92,74.0,312.0,60.0,12.0,114.0,100.0,0.5526753115371865,298.0,310.0,214,14.0,34.0,0.07,300.0,
07:35:41,298.0,48.0,307.64,50.0,292.0,24.0,309.44,59.0,9.639999999999986,72.0,109.0,1.0391968052216451,298.0,307.64,181,-37.0,-33.0,-0.2,300.0,
07:35:42,296.7,46.0,306.76,42.0,292.87,23.0,308.67,48.0,10.060000000000002,69.0,90.0,1.497174004577677,296.7,306.76,159,-21.0,-22.0,-0.13,298.0,4.0
07:35:43,297.0,42.0,304.41,73.0,294.98,47.0,307.72,58.0,7.410000000000025,89.0,131.0,1.6398079155753542,297.0,304.41,220,-42.0,61.0,-0.19,297.5,4.0
07:35:44,296.0,24.0,303.33,52.0,292.0,16.0,307.07,41.0,7.329999999999984,40.0,93.0,1.7067307930614046,296.0,303.33,133,-53.0,-87.0,-0.4,297.5,
07:35:45,296.06,32.0,300.83,60.0,292.92,26.0,306.18,55.0,4.769999999999982,58.0,115.0,1.7099795320366995,296.06,300.83,173,-57.0,40.0,-0.33,297.5,
07:35:46,296.21,47.0,299.03,92.0,293.4,50.0,306.74,93.0,2.819999999999993,97.0,185.0,1.659044905957883,296.21,299.03,282,-88.0,109.0,-0.31,299.0,1.0
07:35:47,296.0,36.0,298.0,48.0,291.92,24.0,306.75,24.0,2.0,60.0,72.0,1.5066419614444029,296.0,298.0,132,-12.0,-150.0,-0.09,299.0,
07:35:48,294.07,29.0,299.95,38.0,289.67,45.0,304.84,38.0,5.879999999999996,74.0,76.0,1.1257308736928395,294.07000000000005,299.95,150,-2.0,18.0,-0.01,296.57,7.0
07:35:49,292.0,22.0,295.36,14.0,289.0,55.0,299.55,22.0,3.3600000000000136,77.0,36.0,1.8167195710911013,292.0,295.36,113,41.0,-37.0,0.36,296.57,
07:35:53,289.0,50.0,303.14,21.0,287.0,10.0,305.24,29.0,14.139999999999986,60.0,50.0,1.8970846053843136,289.0,303.14,110,10.0,29.0,0.09,294.67,3.0
07:35:54,288.47,72.0,303.0,24.0,286.2,15.0,305.0,12.0,14.529999999999973,87.0,36.0,2.222145359778714,288.47,303.0,123,51.0,13.0,0.41,294.67,
07:35:55,290.89,131.0,302.06,96.0,289.95,135.0,303.15,39.0,11.170000000000016,266.0,135.0,2.4888611853588607,290.89,302.06,401,131.0,172.0,0.33,292.0,3.0
07:35:56,301.0,88.0,302.0,50.0,296.0,50.0,303.0,20.0,1.0,138.0,70.0,3.76050927401933,301.0,302.0,208,68.0,-172.0,0.33,292.0,
07:35:57,301.0,84.0,302.0,55.0,296.0,55.0,303.0,22.0,1.0,139.0,77.0,2.9726133283669185,301.0,302.0,216,62.0,8.0,0.29,301.0,3.0
07:35:58,300.29,35.0,302.41,34.0,295.33,54.0,304.4,15.0,2.1200000000000045,89.0,49.0,2.9395696963984883,300.29,302.41,138,40.0,-78.0,0.29,301.0,6.0
07:35:59,296.0,75.0,304.02,50.0,287.0,60.0,306.77,52.0,8.019999999999982,135.0,102.0,2.159034506436628,296.0,304.02,237,33.0,99.0,0.14,301.0,
07:36:00,296.06,32.0,301.5,24.0,289.65,34.0,303.69,29.0,5.439999999999998,66.0,53.0,1.208209418927034,296.06,301.5,119,13.0,-118.0,0.11,301.0,
07:36:01,297.98,61.0,300.25,32.0,296.71,17.0,303.91,44.0,2.269999999999982,78.0,76.0,1.2469843623655128,297.98,300.25,154,2.0,35.0,0.01,298.5,4.0
07:36:02,299.0,24.0,303.57,112.0,297.54,69.0,306.72,94.0,4.569999999999993,93.0,206.0,1.1925812341237636,299.0,303.57,299,-113.0,145.0,-0.38,298.75,4.0
07:36:03,298.0,14.0,301.09,43.0,296.0,70.0,302.29,56.0,3.089999999999975,84.0,99.0,0.97685720552402,298.0,301.09,183,-15.0,-116.0,-0.08,298.75,
07:36:04,298.0,13.0,299.18,49.0,296.0,65.0,300.57,42.0,1.1800000000000068,78.0,91.0,1.0830189287285104,298.0,299.18,169,-13.0,-14.0,-0.08,298.75,
07:36:05,296.09,47.0,298.74,35.0,291.5,28.0,301.03,35.0,2.650000000000034,75.0,70.0,1.420640700523628,296.09,298.74,145,5.0,-24.0,0.03,297.5,2.0
07:36:06,294.73,44.0,301.74,47.0,287.86,28.0,306.9,60.0,7.009999999999991,72.0,107.0,1.4848501607853548,294.73,301.74,179,-35.0,34.0,-0.2,296.0,5.0
07:36:07,290.37,35.0,308.0,65.0,287.31,26.0,309.0,52.0,17.629999999999995,61.0,117.0,0.8361100405953475,290.37,308.0,178,-56.0,-1.0,-0.31,296.0,
07:36:08,297.83,36.0,308.92,118.0,291.62,42.0,312.43,56.0,11.090000000000032,78.0,174.0,2.3323164450786327,297.83,308.92,252,-96.0,74.0,-0.38,296.0,
07:36:09,304.87,46.0,309.0,81.0,292.7,20.0,313.0,36.0,4.129999999999996,66.0,117.0,4.0174519287707575,304.87,309.0,183,-51.0,-69.0,-0.28,296.0,
07:36:10,306.0,60.0,309.0,90.0,293.43,28.0,313.0,40.0,3.0,88.0,130.0,4.271853227813833,306.0,309.0,218,-42.0,35.0,-0.19,296.0,
07:36:11,306.0,48.0,309.0,72.0,304.0,24.0,313.0,32.0,3.0,72.0,104.0,3.625806117263173,306.0,309.0,176,-32.0,-42.0,-0.18,296.0,
07:36:12,306.0,10.0,309.0,45.0,304.0,15.0,313.0,20.0,3.0,25.0,65.0,1.800263869543214,306.0,309.0,90,-40.0,-86.0,-0.44,306.0,5.0
07:36:13,306.0,4.0,309.0,36.0,304.0,12.0,313.0,16.0,3.0,16.0,52.0,0.2549117494008317,306.0,309.0,68,-36.0,-22.0,-0.53,304.5,4.0
07:36:14,300.0,24.0,309.0,144.0,296.73,44.0,313.0,64.0,9.0,68.0,208.0,1.3416407864934288,300.0,309.0,276,-140.0,172.0,-0.51,304.5,
07:36:15,302.0,5.0,309.0,45.0,298.0,15.0,313.0,20.0,7.0,20.0,65.0,1.4142135623670151,302.0,309.0,85,-45.0,-172.0,-0.53,304.5,
07:36:16,299.71,21.0,307.15,73.0,296.84,31.0,308.86,95.0,7.439999999999998,52.0,168.0,1.810519262527463,299.71,307.15,220,-116.0,135.0,-0.53,302.0,1.0
07:36:17,298.0,51.0,303.0,67.0,289.0,17.0,304.57,67.0,5.0,68.0,134.0,2.594027756209127,298.0,303.0,202,-66.0,-18.0,-0.33,302.0,
07:36:18,298.67,54.0,300.94,90.0,296.71,42.0,302.0,90.0,2.269999999999982,96.0,180.0,2.489652586202293,298.67,300.94,276,-84.0,74.0,-0.3,302.0,
07:36:19,298.24,50.0,300.73,60.0,294.0,30.0,302.0,72.0,2.490000000000009,80.0,132.0,2.6133560798299174,298.24,300.7300000000001,212,-52.0,-64.0,-0.25,298.6,5.0
07:36:20,293.64,14.0,301.35,49.0,287.57,14.0,303.9,48.0,7.710000000000036,28.0,97.0,2.1510183634698192,293.64,301.35,125,-69.0,-87.0,-0.55,298.0,1.0
07:36:21,286.41,37.0,300.56,55.0,285.36,22.0,304.17,29.0,14.149999999999975,59.0,84.0,2.842451406793953,286.41,300.56,143,-25.0,18.0,-0.17,291.0,4.0
07:36:22,287.38,64.0,301.49,68.0,284.73,30.0,304.05,78.0,14.110000000000014,94.0,146.0,2.8858967410469165,287.38,301.49,240,-52.0,97.0,-0.22,300.0,1.0
07:36:23,297.0,20.0,301.0,50.0,288.78,36.0,303.6,40.0,4.0,56.0,90.0,2.7013459608101367,297.0,301.0,146,-34.0,-94.0,-0.23,300.0,
07:36:24,294.06,34.0,302.79,94.0,289.96,27.0,304.45,22.0,8.730000000000018,61.0,116.0,2.464818451729317,294.06,302.79,177,-55.0,31.0,-0.31,296.5,4.0
07:36:25,287.0,130.0,299.93,41.0,265.54,71.0,302.46,52.0,12.930000000000009,201.0,93.0,2.730864332035841,287.0,299.93,294,108.0,117.0,0.37,296.5,
07:36:36,281.79,104.0,298.58,50.0,277.97,232.0,300.42,55.0,16.789999999999964,336.0,105.0,1.2816785868486478,281.79,298.58,441,231.0,112.0,0.52,294.0,1.0
07:36:46,289.6,30.0,296.0,20.0,283.3,67.0,341.11,19.0,6.399999999999977,97.0,39.0,1.725346342038879,289.6,296.0,136,58.0,-46.0,0.43,294.0,4.0
07:36:47,291.21,28.0,375.67,18.0,284.36,78.0,414.33,18.0,84.46000000000004,106.0,36.0,19.147805879525286,291.21,375.67,142,70.0,6.0,0.49,299.0,1.0
07:36:48,299.67,24.0,304.9,10.0,296.27,66.0,405.82,17.0,5.229999999999961,90.0,27.0,18.488652465768887,299.67,304.9,117,63.0,-25.0,0.54,299.5,4.0
07:36:49,295.77,52.0,370.08,12.0,289.83,87.0,489.77,13.0,74.31,139.0,25.0,21.30804660216366,295.77,370.08,164,114.0,47.0,0.7,299.0,4.0
07:36:50,290.04,69.0,311.45,20.0,288.4,91.0,385.58,12.0,21.409999999999968,160.0,32.0,19.27726251312612,290.04,311.45,192,128.0,28.0,0.67,299.0,
07:36:51,289.0,72.0,298.0,24.0,288.0,88.0,427.0,16.0,9.0,160.0,40.0,19.100702866648064,289.0,298.0,200,120.0,8.0,0.6,299.0,
07:36:52,289.0,72.0,297.45,20.0,288.0,88.0,338.89,9.0,8.449999999999989,160.0,29.0,16.395589955838133,289.0,297.45,189,131.0,-11.0,0.69,299.0,
07:36:53,289.0,72.0,296.64,28.0,288.0,88.0,320.33,18.0,7.639999999999986,160.0,46.0,17.245116120223166,289.0,296.64,206,114.0,17.0,0.55,299.0,
07:36:54,289.0,126.0,295.94,64.0,287.47,118.0,296.78,46.0,6.939999999999998,244.0,110.0,3.4858327555956268,289.0,295.94,354,134.0,148.0,0.38,299.0,
07:37:05,294.73,120.0,299.0,15.0,293.0,30.0,320.3,46.0,4.269999999999982,150.0,61.0,2.466728602822934,294.7300000000001,299.0,211,89.0,16.0,0.42,299.0,
07:37:06,295.22,69.0,299.0,33.0,293.67,24.0,361.0,27.0,3.7799999999999727,93.0,60.0,2.273660044946183,295.22,299.0,153,33.0,-58.0,0.22,299.0,
07:37:07,298.29,70.0,324.2,46.0,294.18,110.0,464.28,47.0,25.909999999999968,180.0,93.0,7.353382215007219,298.29,324.2,273,87.0,120.0,0.32,299.0,7.0
07:37:08,298.38,79.0,306.87,45.0,293.22,162.0,533.92,74.0,8.490000000000009,241.0,119.0,6.776122047305842,298.38,306.87,360,122.0,87.0,0.34,300.0,3.0
07:37:09,298.0,40.0,305.0,8.0,291.0,112.0,307.0,24.0,7.0,152.0,32.0,5.834249737539884,298.0,305.0,184,120.0,-172.0,0.65,300.0,
07:37:10,298.53,53.0,304.42,12.0,293.33,105.0,462.05,40.0,5.890000000000043,158.0,52.0,5.17446325718756,298.53,304.42,210,106.0,26.0,0.5,300.0,
07:37:11,299.0,44.0,301.64,11.0,298.0,55.0,360.09,44.0,2.6399999999999864,99.0,55.0,4.441024656538626,299.0,301.64,154,44.0,-56.0,0.29,300.0,
07:37:12,295.2,85.0,299.88,16.0,292.21,140.0,356.78,54.0,4.680000000000007,225.0,70.0,1.9396391416921768,295.2,299.88,295,155.0,141.0,0.53,298.44,9.0
07:37:13,292.0,54.0,298.44,9.0,288.0,9.0,513.26,31.0,6.439999999999998,63.0,40.0,2.751944766884791,292.0,298.44,103,23.0,-172.0,0.22,298.44,
07:37:14,292.0,54.0,297.0,9.0,288.0,9.0,476.56,27.0,5.0,63.0,36.0,3.059117519806138,292.0,297.0,99,27.0,-4.0,0.27,298.44,
07:37:15,292.0,66.0,295.27,11.0,288.0,11.0,405.14,37.0,3.269999999999982,77.0,48.0,2.700199992590384,292.0,295.27,125,29.0,26.0,0.23,298.44,
07:37:17,293.5,40.0,300.5,10.0,288.64,81.0,437.7,40.0,7.0,121.0,50.0,1.415351546431293,293.5,300.5,171,71.0,85.0,0.42,303.25,4.0
07:37:18,295.87,60.0,304.8,15.0,294.13,60.0,501.33,30.0,8.930000000000007,120.0,45.0,2.8887246320799016,295.87,304.8,165,75.0,-6.0,0.45,303.25,
07:37:19,301.67,84.0,304.0,17.0,300.32,100.0,352.35,17.0,2.329999999999984,184.0,34.0,4.097724978568566,301.67,304.0,218,150.0,53.0,0.69,303.25,
07:37:20,302.83,48.0,304.0,11.0,301.71,84.0,462.36,11.0,1.170000000000016,132.0,22.0,4.146363466941158,302.83,304.0,154,110.0,-64.0,0.71,303.0,4.0
07:37:21,302.0,120.0,303.93,15.0,296.0,100.0,377.1,41.0,1.9300000000000068,220.0,56.0,2.695115952975671,302.0,303.93,276,164.0,122.0,0.59,303.0,
07:37:22,302.13,89.0,309.92,26.0,297.26,114.0,382.43,42.0,7.79000000000002,203.0,68.0,2.027851079340817,302.13,309.92,271,135.0,-5.0,0.5,302.0,2.0
07:37:23,302.0,90.0,312.3,47.0,296.0,135.0,372.2,51.0,10.300000000000011,225.0,98.0,1.9784842683184336,302.0,312.3,323,127.0,52.0,0.39,302.0,
07:37:24,302.0,60.0,310.32,22.0,297.54,65.0,311.92,38.0,8.319999999999993,125.0,60.0,1.8398179257696905,302.0,310.32,185,65.0,-138.0,0.35,302.0,
07:37:25,302.0,54.0,308.8,50.0,301.0,52.0,309.48,33.0,6.800000000000011,106.0,83.0,1.5685247846251902,302.0,308.8,189,23.0,4.0,0.12,302.0,2.0
07:37:26,301.81,64.0,305.2,25.0,299.88,67.0,306.3,23.0,3.3899999999999864,131.0,48.0,1.350610972850273,301.81,305.2,179,83.0,-10.0,0.46,302.0,4.0
07:37:27,297.54,52.0,301.92,53.0,293.81,74.0,304.38,16.0,4.379999999999996,126.0,69.0,2.926627752206186,297.54,301.92,195,57.0,16.0,0.29,300.0,5.0
07:37:28,296.0,44.0,300.33,27.0,293.0,66.0,301.09,44.0,4.329999999999984,110.0,71.0,3.507253911535831,296.0,300.33,181,39.0,-14.0,0.22,300.0,
07:37:29,293.59,82.0,297.04,24.0,292.06,35.0,297.96,28.0,3.450000000000045,117.0,52.0,4.061992122097637,293.59,297.04,169,65.0,-12.0,0.38,296.0,4.0
07:37:36,294.69,29.0,295.95,42.0,293.2,20.0,448.81,42.0,1.259999999999991,49.0,84.0,1.2706297651097378,294.69,295.95,133,-35.0,-31.0,-0.26,294.5,2.0
07:37:37,294.08,39.0,330.14,28.0,287.08,13.0,465.73,22.0,36.06,52.0,50.0,8.386320408855328,294.08,330.14,102,2.0,-31.0,0.02,296.0,4.0
07:37:39,297.67,18.0,337.77,53.0,294.57,60.0,370.28,50.0,40.099999999999966,78.0,103.0,43.32718811554688,297.67,337.77,181,-25.0,-34.0,-0.14,296.0,
07:37:40,302.07,58.0,334.0,39.0,300.52,33.0,335.38,52.0,31.930000000000007,91.0,91.0,40.31828902619736,302.07000000000005,334.0,182,0.0,1.0,0.0,296.0,
07:37:41,302.39,36.0,329.74,34.0,301.61,79.0,355.36,44.0,27.350000000000023,115.0,78.0,37.00154496774408,302.39,329.74,193,37.0,11.0,0.19,302.86,7.0
07:37:42,302.0,105.0,304.4,43.0,301.0,45.0,311.06,32.0,2.3999999999999773,150.0,75.0,38.41617719138628,302.0,304.4,225,75.0,32.0,0.33,302.86,
07:37:43,302.0,83.0,316.47,38.0,301.0,42.0,424.4,30.0,14.470000000000027,125.0,68.0,6.46157875445211,302.0,316.47,193,57.0,-32.0,0.3,302.0,6.0
07:37:45,302.0,11.0,469.27,55.0,301.0,33.0,589.0,44.0,167.26999999999998,44.0,99.0,49.43494229793319,302.0,469.27,143,-55.0,94.0,-0.38,302.0,
07:37:46,302.0,7.0,435.35,26.0,301.0,21.0,502.59,17.0,133.35000000000002,28.0,43.0,47.32032575965623,302.0,435.35,71,-15.0,-72.0,-0.21,302.0,
07:37:47,302.0,9.0,403.67,30.0,301.0,27.0,425.13,15.0,101.67000000000002,36.0,45.0,37.89984630575677,302.0,403.67,81,-9.0,10.0,-0.11,302.0,
07:37:48,301.25,8.0,340.0,20.0,300.29,21.0,422.0,20.0,38.75,29.0,40.0,33.81045888478867,301.25,340.0,69,-11.0,-12.0,-0.16,301.5,2.0
07:37:49,301.0,16.0,340.0,32.0,300.0,40.0,422.0,32.0,39.0,56.0,64.0,28.981098495398435,301.0,340.0,120,-8.0,51.0,-0.07,301.5,
07:37:50,301.0,22.0,338.91,44.0,300.0,55.0,360.31,45.0,37.910000000000025,77.0,89.0,22.82352799196445,301.0,338.91,166,-12.0,46.0,-0.07,301.5,
07:37:51,301.0,26.0,337.46,52.0,300.0,65.0,485.71,14.0,36.45999999999998,91.0,66.0,14.658779962874917,301.0,337.46,157,25.0,-9.0,0.16,301.5,
07:37:52,301.79,28.0,335.71,56.0,300.59,37.0,415.08,25.0,33.91999999999996,65.0,81.0,0.8080532160583465,301.79,335.71,146,-16.0,-11.0,-0.11,301.5,
07:37:53,300.29,70.0,330.48,27.0,299.29,70.0,333.53,45.0,30.19,140.0,72.0,2.005559772228723,300.29,330.48,212,68.0,66.0,0.32,301.5,4.0
07:37:54,300.81,111.0,315.28,58.0,299.31,96.0,316.77,61.0,14.46999999999997,207.0,119.0,4.923905969855805,300.81000000000006,315.28,326,88.0,114.0,0.27,301.5,
07:37:55,302.0,144.0,312.47,38.0,300.54,26.0,313.62,58.0,10.470000000000027,170.0,96.0,5.759103228800576,302.0,312.47,266,74.0,-60.0,0.28,301.5,
07:37:56,302.0,108.0,308.36,44.0,301.0,12.0,309.71,28.0,6.360000000000014,120.0,72.0,5.830627753508267,302.0,308.36,192,48.0,-74.0,0.25,301.5,
07:37:57,302.0,108.0,306.34,29.0,301.0,12.0,312.35,46.0,4.339999999999975,120.0,75.0,4.406384005052263,302.0,306.34,195,45.0,3.0,0.23,306.33,3.0
07:37:58,302.0,72.0,304.75,8.0,301.0,8.0,306.0,24.0,2.75,80.0,32.0,1.9870128333707544,302.0,304.75,112,48.0,-83.0,0.43,306.33,
07:37:59,302.0,81.0,310.89,18.0,301.0,92.0,372.1,41.0,8.889999999999986,173.0,59.0,1.5842411432543893,302.0,310.89,232,114.0,120.0,0.49,302.0,8.0
07:38:00,301.27,30.0,318.5,32.0,300.54,104.0,443.2,30.0,17.230000000000018,134.0,62.0,2.547214164529561,301.2699999999999,318.5,196,72.0,-36.0,0.37,302.0,1.0
07:38:01,301.06,114.0,314.0,28.0,300.21,33.0,320.93,56.0,12.939999999999998,147.0,84.0,2.6177375727868704,301.06000000000006,314.0,231,63.0,35.0,0.27,301.0,4.0
07:38:02,302.92,39.0,314.0,24.0,301.75,84.0,321.0,48.0,11.079999999999984,123.0,72.0,2.451003875961905,302.92,314.0,195,51.0,-36.0,0.26,301.0,
07:38:03,304.0,30.0,313.67,24.0,302.0,105.0,319.25,48.0,9.670000000000016,135.0,72.0,1.3066636904653464,304.0,313.67,207,63.0,12.0,0.3,301.0,
07:38:04,306.89,56.0,310.79,19.0,304.43,61.0,314.0,38.0,3.900000000000034,117.0,57.0,0.8448490989405476,306.89,310.79,174,60.0,-33.0,0.34,301.0,
07:38:05,307.0,21.0,310.0,7.0,305.0,56.0,314.83,24.0,3.0,77.0,31.0,0.534761629121393,307.0,310.0,108,46.0,-66.0,0.43,301.0,
07:38:06,307.0,24.0,310.0,8.0,305.0,64.0,315.0,32.0,3.0,88.0,40.0,0.1915202338673214,307.0,310.0,128,48.0,20.0,0.38,301.0,
07:38:07,307.0,39.0,309.05,19.0,305.0,104.0,312.64,28.0,2.050000000000012,143.0,47.0,0.3306811152463662,307.0,309.05,190,96.0,62.0,0.51,301.0,
07:38:08,307.0,30.0,308.87,31.0,305.0,104.0,314.88,25.0,1.8700000000000043,134.0,56.0,0.3724513390773862,307.0,308.87,190,78.0,0.0,0.41,307.0,1.0
07:38:09,305.15,52.0,307.71,24.0,302.56,86.0,314.0,13.0,2.5600000000000023,138.0,37.0,0.8510875395518644,305.15,307.71,175,101.0,-15.0,0.58,305.57,7.0
07:38:10,303.8,30.0,312.33,24.0,301.75,56.0,317.33,12.0,8.529999999999973,86.0,36.0,0.7924834383004051,303.8,312.33,122,50.0,-53.0,0.41,304.25,4.0
07:38:11,302.0,60.0,309.9,50.0,301.0,70.0,316.7,10.0,7.899999999999977,130.0,60.0,1.0140907257145897,302.0,309.9,190,70.0,68.0,0.37,304.25,
07:38:12,302.0,54.0,307.56,45.0,301.0,63.0,314.81,21.0,5.560000000000002,117.0,66.0,1.388751237616101,302.0,307.56,183,51.0,-7.0,0.28,304.25,
07:38:13,302.0,78.0,305.0,65.0,300.97,66.0,307.0,65.0,3.0,144.0,130.0,1.7239576560867331,302.0,305.0,274,14.0,91.0,0.05,304.25,
07:38:14,302.0,42.0,305.0,35.0,301.0,35.0,307.0,35.0,3.0,77.0,70.0,1.920143223819512,302.0,305.0,147,7.0,-127.0,0.05,304.25,
07:38:15,302.0,96.0,303.81,80.0,301.0,80.0,308.08,65.0,1.8100000000000025,176.0,145.0,1.226486852754604,302.0,303.81,321,31.0,172.0,0.1,303.0,5.0
07:38:16,301.43,63.0,306.6,45.0,300.53,57.0,343.18,22.0,5.170000000000016,120.0,67.0,0.6997499553268299,301.43,306.6,187,53.0,-134.0,0.28,301.14,14.0
07:38:17,303.0,58.0,320.44,9.0,299.0,64.0,486.25,8.0,17.439999999999998,122.0,17.0,3.705559336993527,303.0,320.44,139,105.0,-48.0,0.76,303.0,3.0
07:38:18,300.55,44.0,315.0,20.0,298.75,63.0,324.0,10.0,14.449999999999989,107.0,30.0,3.728534564675477,300.55,315.0,137,77.0,-2.0,0.56,301.86,7.0
07:38:19,300.0,45.0,315.0,18.0,298.09,55.0,324.0,9.0,15.0,100.0,27.0,3.4839589549791787,300.0,315.0,127,73.0,-10.0,0.57,301.86,
07:38:20,304.0,90.0,315.0,18.0,300.0,45.0,324.0,9.0,11.0,135.0,27.0,2.839955985570821,304.0,315.0,162,108.0,35.0,0.67,301.86,
07:38:21,304.0,80.0,315.0,16.0,300.0,44.0,324.0,8.0,11.0,124.0,24.0,1.693020968558693,304.0,315.0,148,100.0,-14.0,0.68,301.86,
07:38:22,304.0,106.0,315.0,22.0,300.26,47.0,324.0,11.0,11.0,153.0,33.0,1.0259532152975708,304.0,315.0,186,120.0,38.0,0.65,304.0,1.0
07:38:23,304.0,77.0,314.65,34.0,301.0,22.0,317.82,17.0,10.649999999999975,99.0,51.0,0.8777699015000484,304.0,314.65,150,48.0,-36.0,0.32,304.0,5.0
07:38:24,304.0,24.0,316.6,10.0,301.0,12.0,318.33,9.0,12.600000000000025,36.0,19.0,0.3858497116486816,304.0,316.6,55,17.0,-95.0,0.31,304.0,
07:38:25,304.0,40.0,314.18,11.0,301.0,20.0,316.18,11.0,10.180000000000009,60.0,22.0,0.4559824557802447,304.0,314.18,82,38.0,27.0,0.46,304.0,
07:38:26,304.0,36.0,311.0,14.0,301.0,18.0,314.14,14.0,7.0,54.0,28.0,1.024656039839411,304.0,311.0,82,26.0,0.0,0.32,304.0,
07:38:27,306.0,45.0,310.62,13.0,304.0,36.0,313.46,13.0,4.6200000000000045,81.0,26.0,1.05836194186081,306.0,310.62,107,55.0,25.0,0.51,304.0,
07:38:28,306.0,33.0,309.37,19.0,304.0,44.0,312.33,18.0,3.3700000000000045,77.0,37.0,1.147575705554711,306.0,309.37,114,40.0,7.0,0.35,306.0,3.0
07:38:29,303.52,33.0,308.0,13.0,301.0,68.0,309.0,65.0,4.480000000000018,101.0,78.0,1.2352206280577738,303.52,308.0,179,23.0,65.0,0.13,305.33,3.0
07:38:30,300.59,74.0,308.0,49.0,299.94,107.0,310.83,42.0,7.410000000000025,181.0,91.0,1.6458736281924664,300.59,308.0,272,90.0,93.0,0.33,301.0,4.0
07:38:31,300.0,120.0,307.55,22.0,299.0,24.0,308.46,52.0,7.550000000000011,144.0,74.0,2.0045273757121507,300.0,307.55,218,70.0,-54.0,0.32,301.0,
07:38:32,300.57,42.0,307.0,7.0,299.87,46.0,308.0,35.0,6.430000000000007,88.0,42.0,1.6739922341454938,300.57,307.0,130,46.0,-88.0,0.35,301.0,
07:38:33,302.08,36.0,307.0,12.0,300.07,85.0,309.0,60.0,4.920000000000016,121.0,72.0,0.8128776045502786,302.08,307.0,193,49.0,63.0,0.25,301.0,
07:38:34,303.0,42.0,305.2,20.0,302.0,42.0,309.44,48.0,2.1999999999999886,84.0,68.0,0.3311344137648301,303.0,305.2,152,16.0,-41.0,0.11,301.0,
07:38:35,303.0,18.0,304.9,20.0,302.0,24.0,308.33,36.0,1.8999999999999773,42.0,56.0,0.3148809298439189,303.0,304.9,98,-14.0,-54.0,-0.14,303.0,1.0
07:38:36,303.0,22.0,304.62,39.0,302.0,33.0,308.27,49.0,1.6200000000000043,55.0,88.0,0.3070342000158406,303.0,304.62,143,-33.0,45.0,-0.23,303.0,
07:38:37,302.15,39.0,304.31,48.0,300.9,20.0,306.92,52.0,2.160000000000025,59.0,100.0,0.4758466139202225,302.15,304.31,159,-41.0,16.0,-0.26,303.0,2.0
07:38:38,301.83,23.0,303.89,27.0,299.64,11.0,307.81,31.0,2.0600000000000023,34.0,58.0,0.5245474239563767,301.83,303.89,92,-24.0,-67.0,-0.26,302.0,3.0
07:38:39,299.36,14.0,303.82,33.0,297.5,40.0,313.0,55.0,4.45999999999998,54.0,88.0,0.946107816255188,299.36,303.82,142,-34.0,50.0,-0.24,299.5,2.0
07:38:40,299.0,12.0,301.67,36.0,297.0,60.0,310.25,60.0,2.670000000000016,72.0,96.0,1.398492045018143,299.0,301.67,168,-24.0,26.0,-0.14,299.5,
07:38:41,297.18,55.0,299.46,37.0,296.13,195.0,303.94,53.0,2.2799999999999727,250.0,90.0,2.0036292072084563,297.18,299.46,340,160.0,172.0,0.47,299.5,
07:38:42,296.33,67.0,298.2,15.0,295.88,100.0,303.04,26.0,1.8700000000000043,167.0,41.0,2.297862049814667,296.33,298.2,208,126.0,-132.0,0.61,297.58,12.0
07:38:43,296.0,158.0,301.0,11.0,295.0,44.0,314.0,55.0,5.0,202.0,66.0,1.733277242675917,296.0,301.0,268,136.0,60.0,0.51,297.58,
07:38:44,296.06,104.0,300.0,13.0,295.75,112.0,314.0,65.0,3.9399999999999977,216.0,78.0,1.1334769516748655,296.06,300.0,294,138.0,26.0,0.47,297.58,
07:38:45,296.01,142.0,314.0,60.0,295.3,60.0,315.0,12.0,17.99000000000001,202.0,72.0,3.158406243658076,296.01,314.0,274,130.0,-20.0,0.47,299.0,1.0
07:38:46,296.23,104.0,314.0,80.0,295.84,152.0,315.62,16.0,17.769999999999982,256.0,96.0,3.933183189221998,296.23,314.0,352,160.0,78.0,0.45,299.0,
07:38:47,298.0,24.0,314.0,60.0,296.0,96.0,316.0,12.0,16.0,120.0,72.0,3.91759747804427,298.0,314.0,192,48.0,-160.0,0.25,299.0,
07:38:48,299.14,28.0,313.9,50.0,296.0,28.0,314.53,34.0,14.759999999999993,56.0,84.0,3.470350126425158,299.14,313.9,140,-28.0,-52.0,-0.2,299.0,
07:38:49,298.07,54.0,309.25,16.0,295.5,24.0,313.87,23.0,11.180000000000009,78.0,39.0,1.0928494864249343,298.07,309.25,117,39.0,-23.0,0.33,300.0,2.0
07:38:50,299.19,84.0,307.69,29.0,297.95,148.0,308.8,41.0,8.5,232.0,70.0,1.372996722493972,299.19,307.69,302,162.0,172.0,0.54,300.0,
07:38:51,300.0,70.0,307.0,14.0,298.0,168.0,310.0,56.0,7.0,238.0,70.0,1.5068775663533935,300.0,307.0,308,168.0,6.0,0.55,300.0,
07:38:52,300.0,25.0,305.6,5.0,298.0,60.0,310.0,20.0,5.600000000000023,85.0,25.0,1.4550189002136502,300.0,305.6,110,60.0,-172.0,0.55,300.0,
07:38:53,300.0,48.0,305.0,12.0,298.0,144.0,310.0,55.0,5.0,192.0,67.0,0.5017967715905702,300.0,305.0,259,125.0,149.0,0.48,300.0,2.0
07:38:54,300.0,30.0,303.27,22.0,298.0,120.0,309.2,30.0,3.269999999999982,150.0,52.0,0.763596752205364,300.0,303.27,202,98.0,-57.0,0.49,300.0,
07:38:55,298.62,87.0,301.97,38.0,297.83,118.0,306.0,27.0,3.3500000000000227,205.0,65.0,1.229845518745471,298.62,301.97,270,140.0,68.0,0.52,300.0,3.0
07:38:56,298.0,138.0,299.08,12.0,295.87,23.0,309.17,36.0,1.079999999999984,161.0,48.0,1.754958688966202,298.0,299.08,209,113.0,-61.0,0.54,298.0,1.0
07:38:57,298.0,106.0,308.88,34.0,296.3,20.0,311.55,58.0,10.879999999999995,126.0,92.0,1.9203853779848357,298.0,308.88,218,34.0,9.0,0.16,298.0,1.0
07:38:58,299.57,42.0,311.0,91.0,297.4,75.0,313.0,52.0,11.430000000000009,117.0,143.0,2.6345815606995555,299.57,311.0,260,-26.0,42.0,-0.1,298.0,
07:38:59,301.0,18.0,310.89,55.0,297.0,54.0,312.33,42.0,9.889999999999986,72.0,97.0,3.1970189239318247,301.0,310.89,169,-25.0,-91.0,-0.15,298.0,
07:39:00,301.0,22.0,310.0,33.0,297.0,66.0,312.73,73.0,9.0,88.0,106.0,3.062438570808943,301.0,310.0,194,-18.0,25.0,-0.09,298.0,
07:39:01,297.64,50.0,309.5,38.0,296.45,33.0,311.93,61.0,11.860000000000014,83.0,99.0,1.162174685655497,297.64,309.5,182,-16.0,-12.0,-0.09,299.0,4.0
07:39:02,297.43,28.0,301.29,62.0,296.66,29.0,307.43,46.0,3.8600000000000136,57.0,108.0,2.711518025014464,297.43,301.29,165,-51.0,-17.0,-0.31,299.0,
07:39:03,297.08,37.0,299.0,92.0,295.52,23.0,310.08,77.0,1.920000000000016,60.0,169.0,3.5985177504047674,297.08,299.0,229,-109.0,64.0,-0.48,298.0,1.0
07:39:04,297.0,30.0,298.86,35.0,295.0,15.0,307.0,55.0,1.8600000000000136,45.0,90.0,3.451774905751828,297.0,298.86,135,-45.0,-94.0,-0.33,298.0,
07:39:05,294.73,15.0,296.61,28.0,293.65,34.0,298.44,27.0,1.8799999999999957,49.0,55.0,2.921169286429268,294.7300000000001,296.61,104,-6.0,-31.0,-0.06,296.25,4.0
07:39:06,294.2,15.0,296.0,18.0,293.14,42.0,298.0,9.0,1.8000000000000114,57.0,27.0,1.778552782454689,294.2,296.0,84,30.0,-20.0,0.36,296.25,
07:39:07,295.0,11.0,297.38,13.0,293.0,36.0,303.68,38.0,2.3799999999999955,47.0,51.0,1.3345898246192196,295.0,297.38,98,-4.0,14.0,-0.04,296.0,2.0
07:39:08,295.0,6.0,298.0,6.0,292.0,54.0,304.0,24.0,3.0,60.0,30.0,1.0657720206390568,295.0,298.0,90,30.0,-8.0,0.33,296.0,
07:39:09,296.89,72.0,298.0,11.0,292.49,43.0,299.59,34.0,1.1100000000000136,115.0,45.0,0.8826947377077955,296.89,298.0,160,70.0,70.0,0.44,297.0,2.0
07:39:10,297.0,104.0,299.0,39.0,295.0,13.0,304.0,52.0,2.0,117.0,91.0,1.1272887828667275,297.0,299.0,208,26.0,48.0,0.12,297.0,
07:39:11,297.0,72.0,299.0,27.0,295.0,9.0,304.0,36.0,2.0,81.0,63.0,0.8432555958766751,297.0,299.0,144,18.0,-64.0,0.12,297.0,
07:39:12,297.0,80.0,299.0,30.0,295.0,10.0,304.0,40.0,2.0,90.0,70.0,0.6547671341610222,297.0,299.0,160,20.0,16.0,0.12,297.0,
07:39:13,297.0,72.0,299.0,27.0,295.0,9.0,304.0,36.0,2.0,81.0,63.0,0.2504396134351738,297.0,299.0,144,18.0,-16.0,0.12,297.0,
07:39:14,297.0,79.0,299.0,33.0,295.0,11.0,304.18,44.0,2.0,90.0,77.0,0.0,297.0,299.0,167,13.0,23.0,0.08,297.0,1.0
07:39:15,297.34,32.0,306.0,48.0,296.93,80.0,312.12,50.0,8.660000000000025,112.0,98.0,1.641273895478137,297.34,306.0,210,14.0,43.0,0.07,299.0,3.0
07:39:16,297.06,62.0,306.83,36.0,296.17,24.0,313.96,46.0,9.769999999999982,86.0,82.0,2.0891696915229985,297.06,306.83,168,4.0,-42.0,0.02,298.0,2.0
07:39:17,297.0,60.0,305.0,40.0,295.0,10.0,306.5,30.0,8.0,70.0,70.0,1.9694237735892548,297.0,305.0,140,0.0,-28.0,0.0,298.0,
07:39:18,297.0,96.0,303.58,64.0,295.0,16.0,304.74,57.0,6.579999999999984,112.0,121.0,1.5797056687809627,297.0,303.58,233,-9.0,93.0,-0.04,304.0,2.0
07:39:19,297.0,54.0,302.22,27.0,295.0,9.0,303.28,29.0,5.220000000000027,63.0,56.0,0.9671504536414376,297.0,302.22,119,7.0,-114.0,0.06,304.0,
07:39:20,297.0,78.0,302.0,39.0,295.0,13.0,303.0,39.0,5.0,91.0,78.0,1.022765857847543,297.0,302.0,169,13.0,50.0,0.08,304.0,
07:39:21,297.0,96.0,299.81,48.0,295.0,16.0,301.12,48.0,2.8100000000000023,112.0,96.0,0.965800186362706,297.0,299.81,208,16.0,39.0,0.08,304.0,
07:39:22,294.78,54.0,297.12,26.0,290.33,18.0,303.63,38.0,2.340000000000032,72.0,64.0,1.7050865080627655,294.78,297.12,136,8.0,-72.0,0.06,296.5,10.0
07:39:28,293.21,28.0,305.06,68.0,290.86,14.0,309.13,46.0,11.850000000000025,42.0,114.0,2.7214738653852217,293.21,305.06,156,-72.0,27.0,-0.46,296.5,
07:39:29,297.33,12.0,306.0,55.0,293.81,21.0,309.47,38.0,8.670000000000016,33.0,93.0,4.101709399747354,297.33,306.0,126,-60.0,-30.0,-0.48,296.5,
07:39:30,298.57,14.0,306.0,50.0,295.0,16.0,310.0,30.0,7.430000000000007,30.0,80.0,4.477460217576139,298.57,306.0,110,-50.0,-16.0,-0.45,296.5,
07:39:31,299.0,20.0,306.0,50.0,298.0,10.0,310.0,37.0,7.0,30.0,87.0,3.8623373752144095,299.0,306.0,117,-57.0,7.0,-0.49,296.5,
07:39:32,297.0,15.0,305.3,63.0,295.4,20.0,307.5,56.0,8.300000000000011,35.0,119.0,1.3446746818391304,297.0,305.3,154,-84.0,37.0,-0.55,297.6,5.0
07:39:33,295.12,16.0,303.0,56.0,292.33,18.0,306.67,36.0,7.8799999999999955,34.0,92.0,1.377617508591976,295.12,303.0,126,-58.0,-28.0,-0.46,297.5,2.0
07:39:34,288.97,125.0,303.0,52.0,287.36,28.0,309.0,13.0,14.029999999999973,153.0,65.0,2.7234408383474213,288.97,303.0,218,88.0,92.0,0.4,297.5,
07:39:35,289.0,54.0,297.89,9.0,288.0,12.0,306.08,13.0,8.889999999999986,66.0,22.0,3.7169449821025737,289.0,297.89,88,44.0,-130.0,0.5,289.2,5.0
07:39:36,289.0,91.0,305.11,18.0,287.15,26.0,306.07,41.0,16.110000000000014,117.0,59.0,2.941618602058538,289.0,305.11,176,58.0,88.0,0.33,289.2,
07:39:37,289.0,28.0,303.0,14.0,287.0,8.0,304.5,10.0,14.0,36.0,24.0,2.035121617981633,289.0,303.0,60,12.0,-116.0,0.2,289.2,
07:39:38,292.43,35.0,302.0,40.0,289.14,29.0,303.0,14.0,9.569999999999991,64.0,54.0,1.5101721756064457,292.43,302.0,118,10.0,58.0,0.08,289.2,
07:39:39,298.0,88.0,302.0,66.0,297.0,22.0,303.0,22.0,4.0,110.0,88.0,2.365823323914223,298.0,302.0,198,22.0,80.0,0.11,289.2,
07:39:40,298.0,50.0,302.0,48.0,297.0,16.0,303.0,16.0,4.0,66.0,64.0,1.836649122717125,298.0,302.0,130,2.0,-68.0,0.02,298.0,2.0
07:39:41,299.44,96.0,302.0,96.0,297.0,32.0,303.0,32.0,2.5600000000000023,128.0,128.0,2.057517922152361,299.44,302.0,256,0.0,126.0,0.0,298.0,
07:39:42,297.39,46.0,301.95,88.0,294.75,24.0,302.82,34.0,4.560000000000002,70.0,122.0,1.347163687151161,297.39,301.95,192,-52.0,-64.0,-0.27,298.22,9.0
07:39:43,290.0,20.0,300.8,40.0,288.0,10.0,302.0,60.0,10.800000000000011,30.0,100.0,2.1355608162678097,290.0,300.8,130,-70.0,-62.0,-0.54,298.22,
07:39:44,290.0,28.0,299.18,56.0,288.0,14.0,300.12,51.0,9.180000000000009,42.0,107.0,2.852477870199453,290.0,299.18,149,-65.0,19.0,-0.44,298.22,
07:39:45,289.38,26.0,296.96,50.0,284.88,41.0,298.19,63.0,7.579999999999984,67.0,113.0,3.3009013920407257,289.38,296.96,180,-46.0,31.0,-0.26,290.0,2.0
07:40:05,293.03,31.0,295.55,33.0,288.54,26.0,297.16,111.0,2.5200000000000387,57.0,144.0,2.2151365646322403,293.03,295.55,201,-87.0,-19.0,-0.43,294.4,5.0
07:40:06,290.67,21.0,296.5,90.0,286.32,38.0,297.94,96.0,5.829999999999984,59.0,186.0,2.214102526978308,290.67,296.5,245,-127.0,44.0,-0.52,294.4,
07:40:07,289.0,28.0,296.0,40.0,288.0,24.0,297.0,52.0,7.0,52.0,92.0,1.656028381390997,289.0,296.0,144,-40.0,-101.0,-0.28,294.4,
07:40:08,289.94,18.0,296.0,79.0,288.55,29.0,298.2,50.0,6.060000000000002,47.0,129.0,0.9893179468568783,289.94,296.0,176,-82.0,32.0,-0.47,294.4,
07:40:09,292.88,17.0,295.78,104.0,290.12,26.0,298.08,65.0,2.8999999999999773,43.0,169.0,0.8053756887152929,292.88,295.78,212,-126.0,36.0,-0.59,295.0,2.0
07:40:38,293.79,56.0,296.67,48.0,291.32,31.0,297.27,74.0,2.8799999999999955,87.0,122.0,1.797795872720829,293.79,296.67,209,-35.0,-19.0,-0.17,295.0,1.0
07:40:39,294.53,45.0,297.0,112.0,293.57,42.0,299.0,28.0,2.4700000000000277,87.0,140.0,1.065818933953191,294.53,297.0,227,-53.0,18.0,-0.23,294.0,1.0
07:40:40,294.88,48.0,297.0,89.0,288.5,24.0,299.0,32.0,2.1200000000000045,72.0,121.0,0.7348265101190424,294.88,297.0,193,-49.0,-34.0,-0.25,297.0,3.0
07:40:41,286.29,31.0,297.44,18.0,281.86,22.0,327.71,28.0,11.149999999999975,53.0,46.0,1.6586952703776563,286.29,297.44,99,7.0,-94.0,0.07,297.0,2.0
07:40:42,283.0,20.0,297.0,54.0,282.04,24.0,299.64,28.0,14.0,44.0,82.0,2.6768955900393814,283.0,297.0,126,-38.0,27.0,-0.3,297.0,
07:40:43,284.92,13.0,297.0,73.0,282.68,19.0,300.0,26.0,12.079999999999984,32.0,99.0,2.77095110024906,284.92,297.0,131,-67.0,5.0,-0.51,297.0,
07:40:44,281.24,34.0,297.0,60.0,205.6,40.0,300.0,20.0,15.759999999999993,74.0,80.0,2.646983188456297,281.24,297.0,154,-6.0,23.0,-0.04,297.0,
07:40:45,281.88,34.0,296.12,48.0,270.5,40.0,297.51,41.0,14.240000000000007,74.0,89.0,1.226009787876519,281.88,296.12,163,-15.0,9.0,-0.09,297.0,
07:40:54,290.78,54.0,298.44,45.0,284.49,39.0,298.08,12.0,7.660000000000025,93.0,57.0,2.465690572632582,290.78,298.44,150,36.0,70.0,0.24,296.0,7.0
07:40:55,298.77,13.0,300.09,11.0,293.5,8.0,301.33,3.0,1.3199999999999932,21.0,14.0,4.55298253894864,298.77,300.09,35,7.0,-115.0,0.2,300.0,5.0
07:40:56,296.0,48.0,300.31,16.0,280.11,38.0,301.31,16.0,4.310000000000002,86.0,32.0,4.683884072004016,296.0,300.31,118,54.0,83.0,0.46,298.0,3.0
07:40:57,282.0,21.0,308.0,7.0,278.0,56.0,434.0,28.0,26.0,77.0,35.0,3.854691946183751,282.0,308.0,112,42.0,-6.0,0.38,301.0,3.0
07:40:59,282.0,21.0,382.4,15.0,278.0,56.0,463.45,22.0,100.39999999999998,77.0,37.0,17.75489087547371,282.0,382.4,114,40.0,13.0,0.35,287.67,3.0
07:41:00,293.32,34.0,405.62,26.0,280.12,33.0,455.32,19.0,112.3,67.0,45.0,27.40866049262511,293.32,405.62,112,22.0,-2.0,0.2,287.67,
07:41:01,298.0,136.0,363.54,26.0,292.39,23.0,440.66,38.0,65.54000000000002,159.0,64.0,27.162462149076138,298.0,363.54,223,95.0,111.0,0.43,287.67,
07:41:02,298.5,20.0,403.96,23.0,297.97,101.0,438.95,22.0,105.45999999999998,121.0,45.0,26.609278081150624,298.5,403.96,166,76.0,-57.0,0.46,287.67,
07:41:03,298.0,64.0,333.88,26.0,295.0,16.0,367.53,17.0,35.879999999999995,80.0,43.0,14.64206167177312,298.0,333.88,123,37.0,-43.0,0.3,298.33,3.0
07:41:04,298.0,69.0,299.36,25.0,295.0,22.0,310.29,31.0,1.3600000000000136,91.0,56.0,22.39394494054145,298.0,299.36,147,35.0,24.0,0.24,298.0,5.0
07:41:05,298.0,24.0,300.62,24.0,295.0,16.0,343.0,20.0,2.6200000000000045,40.0,44.0,22.28842143356037,298.0,300.62,84,-4.0,-63.0,-0.05,298.0,
07:41:06,298.0,18.0,301.0,18.0,295.0,12.0,308.0,24.0,3.0,30.0,42.0,22.61018509433277,298.0,301.0,72,-12.0,-12.0,-0.17,298.0,
07:41:07,297.88,32.0,299.91,33.0,296.6,35.0,302.79,38.0,2.0300000000000296,67.0,71.0,7.540353439990685,297.88,299.91,138,-4.0,66.0,-0.03,298.0,1.0
07:41:08,297.38,52.0,299.0,33.0,296.67,36.0,301.7,40.0,1.6200000000000043,88.0,73.0,0.5195478803505861,297.38,299.0,161,15.0,23.0,0.09,298.0,
07:41:09,297.56,54.0,299.0,31.0,296.81,58.0,302.39,46.0,1.4399999999999975,112.0,77.0,0.5905336569381456,297.56,299.0,189,35.0,28.0,0.19,298.5,4.0
07:41:10,297.0,138.0,299.0,11.0,294.0,11.0,303.0,33.0,2.0,149.0,44.0,0.6165792730675844,297.0,299.0,193,105.0,4.0,0.54,298.5,
07:41:11,297.49,97.0,308.03,31.0,297.22,27.0,415.08,24.0,10.539999999999964,124.0,55.0,2.004577262162029,297.49,308.03,179,69.0,-14.0,0.39,303.0,6.0
07:41:12,301.73,11.0,309.0,44.0,297.28,58.0,387.84,43.0,7.269999999999982,69.0,87.0,3.363037317660615,301.73,309.0,156,-18.0,-23.0,-0.12,303.0,2.0
07:41:13,298.71,7.0,309.0,20.0,295.42,38.0,414.0,5.0,10.29000000000002,45.0,25.0,3.337651869200656,298.71,309.0,70,20.0,-86.0,0.29,297.8,5.0
07:41:14,297.0,4.0,307.8,5.0,294.0,20.0,330.0,5.0,10.800000000000011,24.0,10.0,2.754719586451416,297.0,307.8,34,14.0,-36.0,0.41,297.8,
07:41:15,298.42,12.0,305.86,21.0,297.0,24.0,314.33,51.0,7.439999999999998,36.0,72.0,1.3232837941951656,298.42,305.86,108,-36.0,74.0,-0.33,297.8,
07:41:16,299.0,2.0,308.0,8.0,297.0,4.0,329.0,10.0,9.0,6.0,18.0,1.2881459544553326,299.0,308.0,24,-12.0,-84.0,-0.5,297.8,
07:41:17,299.15,13.0,307.49,41.0,297.09,23.0,442.63,52.0,8.340000000000032,36.0,93.0,0.7385661784697285,299.15,307.49,129,-57.0,105.0,-0.44,297.8,
07:41:18,300.0,24.0,306.35,43.0,299.0,12.0,307.49,41.0,6.350000000000023,36.0,84.0,0.5993162770852201,300.0,306.35,120,-48.0,-9.0,-0.4,297.8,
07:41:19,300.0,24.0,303.87,38.0,299.0,12.0,306.57,46.0,3.870000000000005,36.0,84.0,0.7226825028871461,300.0,303.87,120,-48.0,0.0,-0.4,297.8,
07:41:20,300.0,14.0,302.0,21.0,299.0,7.0,310.68,25.0,2.0,21.0,46.0,1.0794581974208628,300.0,302.0,67,-25.0,-53.0,-0.37,297.8,
07:41:21,299.5,16.0,302.1,20.0,297.4,20.0,310.11,36.0,2.6000000000000227,36.0,56.0,1.1775525465892422,299.5,302.1,92,-20.0,25.0,-0.22,300.0,2.0
07:41:22,299.0,13.0,302.85,13.0,297.0,26.0,310.65,46.0,3.850000000000023,39.0,59.0,1.0037081248941873,299.0,302.85,98,-20.0,6.0,-0.2,300.0,
07:41:23,297.15,13.0,301.08,49.0,294.43,14.0,302.31,13.0,3.930000000000007,27.0,62.0,1.017732774346129,297.15,301.08,89,-35.0,-9.0,-0.39,298.0,2.0
07:41:24,297.0,8.0,300.88,40.0,294.0,8.0,302.0,11.0,3.879999999999996,16.0,51.0,1.032317780520143,297.0,300.88,67,-35.0,-22.0,-0.52,298.0,
07:41:25,297.0,11.0,299.65,23.0,294.0,11.0,302.4,20.0,2.6499999999999773,22.0,43.0,1.168212309461702,297.0,299.65,65,-21.0,-2.0,-0.32,298.0,
07:41:26,299.46,61.0,304.75,16.0,297.09,33.0,310.05,42.0,5.2900000000000205,94.0,58.0,1.571120619168996,299.46,304.75,152,36.0,87.0,0.24,298.0,
07:41:27,302.09,33.0,306.0,13.0,301.68,82.0,307.0,26.0,3.910000000000025,115.0,39.0,2.4601361750883384,302.09,306.0,154,76.0,2.0,0.49,298.0,
07:41:28,303.02,111.0,306.06,33.0,301.26,76.0,327.93,27.0,3.0400000000000205,187.0,60.0,2.8576336364164665,303.02000000000004,306.06,247,127.0,93.0,0.51,305.0,1.0
07:41:29,303.0,109.0,306.0,33.0,301.0,66.0,308.45,22.0,3.0,175.0,55.0,2.641255383331816,303.0,306.0,230,120.0,-17.0,0.52,303.0,1.0
07:41:30,303.0,93.0,305.68,31.0,301.0,66.0,311.43,28.0,2.680000000000007,159.0,59.0,1.027803483152181,303.0,305.68,218,100.0,-12.0,0.46,303.0,3.0
07:41:31,301.46,39.0,311.0,14.0,299.89,27.0,318.0,35.0,9.54000000000002,66.0,49.0,0.8592845861413598,301.46,311.0,115,17.0,-103.0,0.15,303.0,6.0
07:41:32,301.0,40.0,311.0,16.0,299.0,24.0,318.0,40.0,10.0,64.0,56.0,0.9131922031972688,301.0,311.0,120,8.0,5.0,0.07,301.0,2.0
07:41:33,301.0,28.0,311.0,14.0,300.0,7.0,318.0,35.0,10.0,35.0,49.0,0.9139912472121352,301.0,311.0,84,-14.0,-36.0,-0.17,301.0,
07:41:34,301.0,30.0,311.0,20.0,300.0,10.0,318.0,50.0,10.0,40.0,70.0,0.7745192056886014,301.0,311.0,110,-30.0,26.0,-0.27,301.0,2.0
07:41:35,301.0,12.0,311.0,12.0,300.0,6.0,318.0,30.0,10.0,18.0,42.0,0.1028591268708227,301.0,311.0,60,-24.0,-50.0,-0.4,301.0,
07:41:36,299.29,14.0,311.0,14.0,298.11,19.0,318.0,35.0,11.70999999999998,33.0,49.0,0.3846036921046513,299.29,311.0,82,-16.0,22.0,-0.2,300.25,4.0
07:41:37,299.0,4.0,311.0,4.0,298.0,6.0,318.0,10.0,12.0,10.0,14.0,0.511781203230864,299.0,311.0,24,-4.0,-58.0,-0.17,300.25,
07:41:38,299.0,22.0,308.98,52.0,298.0,33.0,312.4,25.0,9.980000000000018,55.0,77.0,0.8343140895251684,299.0,308.98,132,-22.0,108.0,-0.17,300.25,
07:41:39,299.0,11.0,307.16,49.0,298.0,33.0,308.3,33.0,8.160000000000025,44.0,82.0,1.1275282701466396,299.0,307.16,126,-38.0,-6.0,-0.3,299.0,1.0
07:41:40,299.0,14.0,304.57,42.0,298.0,42.0,306.0,70.0,5.569999999999993,56.0,112.0,1.399124726384101,299.0,304.57,168,-56.0,42.0,-0.33,299.0,
07:41:41,298.28,25.0,301.4,47.0,297.3,69.0,306.62,39.0,3.1200000000000045,94.0,86.0,2.0061281115569067,298.28,301.4,180,8.0,12.0,0.04,299.0,1.0
07:41:42,297.21,71.0,299.89,54.0,294.41,102.0,307.78,37.0,2.680000000000007,173.0,91.0,2.2486773890396416,297.21,299.89,264,82.0,84.0,0.31,297.0,12.0
07:41:43,294.97,87.0,297.82,28.0,290.97,31.0,300.38,37.0,2.849999999999966,118.0,65.0,2.637527251039747,294.97,297.82,183,53.0,-81.0,0.29,297.0,
07:41:44,295.0,97.0,296.75,36.0,292.0,18.0,300.66,44.0,1.75,115.0,80.0,2.446333991910445,295.0,296.75,195,35.0,12.0,0.18,295.0,4.0
07:41:45,295.0,44.0,299.76,29.0,292.0,11.0,310.53,34.0,4.759999999999991,55.0,63.0,1.6117288853823963,295.0,299.76,118,-8.0,-77.0,-0.07,297.0,3.0
07:41:46,295.19,27.0,307.0,22.0,294.14,21.0,313.0,55.0,11.810000000000002,48.0,77.0,2.074890358543339,295.19,307.0,125,-29.0,7.0,-0.23,295.0,1.0
07:41:47,295.91,22.0,306.14,42.0,294.83,36.0,310.84,50.0,10.22999999999996,58.0,92.0,2.528503509979046,295.91,306.14,150,-34.0,25.0,-0.23,301.6,5.0
07:41:48,296.09,22.0,310.0,22.0,294.71,17.0,317.5,42.0,13.910000000000023,39.0,64.0,2.9536976825628565,296.09,310.0,103,-25.0,-47.0,-0.24,301.6,
07:41:49,303.67,12.0,310.0,22.0,296.82,22.0,312.0,22.0,6.329999999999984,34.0,44.0,3.444848327572415,303.67,310.0,78,-10.0,-25.0,-0.13,305.0,1.0
07:41:50,297.0,22.0,306.28,25.0,295.0,22.0,309.21,28.0,9.279999999999973,44.0,53.0,2.433109122086186,297.0,306.28,97,-9.0,19.0,-0.09,305.0,
07:41:51,297.0,18.0,304.0,18.0,295.0,18.0,306.0,18.0,7.0,36.0,36.0,2.54417963201872,297.0,304.0,72,0.0,-25.0,0.0,305.0,
07:41:52,297.93,91.0,302.95,20.0,296.25,16.0,304.17,18.0,5.019999999999982,107.0,38.0,2.6473703934241635,297.93,302.95,145,69.0,73.0,0.48,305.0,
07:41:53,297.0,36.0,300.3,47.0,295.0,36.0,301.49,43.0,3.300000000000012,72.0,90.0,3.106922915036399,297.0,300.3,162,-18.0,17.0,-0.11,305.0,
07:41:54,296.54,26.0,299.3,37.0,293.45,29.0,301.21,28.0,2.759999999999991,55.0,65.0,1.5114231703851622,296.54,299.3,120,-10.0,-42.0,-0.08,297.0,2.0
07:41:55,290.5,92.0,299.93,29.0,290.56,25.0,300.75,24.0,9.430000000000009,117.0,53.0,2.171999079184047,290.5,299.92999999999995,170,64.0,50.0,0.38,295.5,4.0
07:41:56,290.0,95.0,297.92,12.0,289.0,20.0,299.93,28.0,7.920000000000016,115.0,40.0,2.623417618294053,290.0,297.92,155,75.0,-15.0,0.48,290.0,5.0
07:41:57,290.0,77.0,297.0,33.0,289.0,22.0,298.0,11.0,7.0,99.0,44.0,2.3246720198718087,290.0,297.0,143,55.0,-12.0,0.38,290.0,
07:41:58,290.0,91.0,296.0,25.0,289.0,26.0,296.41,27.0,6.0,117.0,52.0,1.9694161571324484,290.0,296.0,169,65.0,26.0,0.38,290.0,
07:42:12,287.0,48.0,296.12,16.0,275.45,22.0,298.46,28.0,9.120000000000005,70.0,44.0,0.5724683397115711,287.0,296.12,114,26.0,26.0,0.23,293.33,3.0
07:42:13,287.86,58.0,297.0,51.0,279.81,96.0,299.34,47.0,9.139999999999986,154.0,98.0,0.9821507012532796,287.86,297.0,252,56.0,138.0,0.22,293.33,
07:42:14,290.0,26.0,297.0,39.0,286.06,64.0,300.0,104.0,7.0,90.0,143.0,1.4204295124970354,290.0,297.0,233,-53.0,-19.0,-0.23,293.33,
07:42:15,290.0,26.0,296.85,39.0,284.0,52.0,300.0,104.0,6.850000000000023,78.0,143.0,1.4559601642808735,290.0,296.85,221,-65.0,-12.0,-0.29,293.33,
07:42:16,290.0,20.0,295.9,30.0,284.0,40.0,298.36,44.0,5.899999999999977,60.0,74.0,0.8011678974927942,290.0,295.9,134,-14.0,-87.0,-0.1,293.33,
07:42:22,288.0,24.0,296.5,36.0,283.0,24.0,304.38,24.0,8.5,48.0,60.0,0.9219164821025342,288.0,296.5,108,-12.0,-40.0,-0.11,289.0,3.0
07:42:23,285.08,24.0,299.96,23.0,280.79,38.0,304.56,18.0,14.879999999999995,62.0,41.0,0.9731135596488822,285.08,299.96,103,21.0,-5.0,0.2,295.0,2.0
07:42:24,284.29,58.0,301.0,28.0,282.25,64.0,304.29,28.0,16.70999999999998,122.0,56.0,1.0780677158567529,284.29,301.0,178,66.0,75.0,0.37,295.0,
07:42:25,288.27,51.0,301.0,30.0,286.7,47.0,304.0,30.0,12.730000000000018,98.0,60.0,1.174065585890793,288.27,301.0,158,38.0,-20.0,0.24,295.0,
07:42:26,298.0,70.0,299.32,38.0,297.0,14.0,301.36,28.0,1.3199999999999932,84.0,66.0,2.69707804855066,298.0,299.32,150,18.0,-8.0,0.12,295.0,
07:42:27,297.93,28.0,300.54,26.0,290.24,21.0,303.5,24.0,2.6100000000000136,49.0,50.0,3.2261819539471808,297.93,300.54,99,-1.0,-51.0,-0.01,299.0,3.0
07:42:28,298.25,16.0,301.0,20.0,295.0,18.0,304.0,20.0,2.75,34.0,40.0,3.125579946181972,298.25,301.0,74,-6.0,-25.0,-0.08,300.0,2.0
07:42:29,297.0,17.0,299.71,34.0,294.0,51.0,302.95,43.0,2.7099999999999795,68.0,77.0,1.9959333656149956,297.0,299.71,145,-9.0,71.0,-0.06,298.0,2.0
07:42:30,295.67,9.0,303.0,14.0,292.86,21.0,307.0,14.0,7.329999999999984,30.0,28.0,0.5189123239771367,295.67,303.0,58,2.0,-87.0,0.03,295.5,2.0
07:42:31,294.0,30.0,303.04,27.0,288.55,73.0,306.62,32.0,9.04000000000002,103.0,59.0,0.5474029594141383,294.0,303.04,162,44.0,104.0,0.27,301.33,3.0
07:42:32,298.17,24.0,307.0,24.0,287.78,55.0,308.0,36.0,8.829999999999984,79.0,60.0,1.7066487629197222,298.17,307.0,139,19.0,-23.0,0.14,301.33,
07:42:33,304.0,30.0,308.0,45.0,298.0,20.0,309.0,30.0,4.0,50.0,75.0,3.295774567529697,304.0,308.0,125,-25.0,-14.0,-0.2,301.33,
07:42:34,304.0,18.0,307.84,25.0,302.0,9.0,308.86,22.0,3.839999999999975,27.0,47.0,3.529787529013008,304.0,307.84,74,-20.0,-51.0,-0.27,301.33,
07:42:35,304.0,28.0,307.0,28.0,302.0,14.0,308.16,31.0,3.0,42.0,59.0,3.222775201588804,304.0,307.0,101,-17.0,27.0,-0.17,301.33,
07:42:36,304.0,20.0,306.4,20.0,302.0,10.0,308.27,22.0,2.3999999999999773,30.0,42.0,1.41286942070939,304.0,306.4,72,-12.0,-29.0,-0.17,301.33,
07:42:37,304.0,22.0,305.64,22.0,302.0,11.0,309.0,33.0,1.6399999999999864,33.0,55.0,0.4944896358627136,304.0,305.64,88,-22.0,16.0,-0.25,301.33,
07:42:38,302.08,26.0,307.12,34.0,297.7,40.0,309.67,36.0,5.0400000000000205,66.0,70.0,0.5273708372441921,302.08,307.12,136,-4.0,48.0,-0.03,299.71,7.0
07:42:39,297.0,57.0,310.37,57.0,294.0,38.0,406.42,48.0,13.370000000000005,95.0,105.0,0.6958448102671062,297.0,310.37,200,-10.0,64.0,-0.05,299.71,
07:42:40,297.0,30.0,310.0,33.0,294.0,20.0,429.39,36.0,13.0,50.0,69.0,0.7376991256438481,297.0,310.0,119,-19.0,-81.0,-0.16,299.71,
07:42:41,297.0,33.0,309.0,93.0,294.0,22.0,339.4,15.0,12.0,55.0,108.0,0.7669419795367355,297.0,309.0,163,-53.0,44.0,-0.33,299.71,
07:42:42,297.4,25.0,308.25,36.0,295.8,25.0,309.3,71.0,10.850000000000025,50.0,107.0,0.6987131027651947,297.4,308.25,157,-57.0,-6.0,-0.36,299.71,
07:42:43,298.0,30.0,308.0,45.0,297.0,45.0,309.0,87.0,10.0,75.0,132.0,0.3690528417121127,298.0,308.0,207,-57.0,50.0,-0.28,299.71,
07:42:44,298.0,18.0,306.44,27.0,297.0,27.0,309.0,35.0,8.439999999999998,45.0,62.0,0.4605648705402915,298.0,306.44,107,-17.0,-100.0,-0.16,299.71,
07:42:45,298.0,18.0,306.0,27.0,297.0,27.0,309.0,27.0,8.0,45.0,54.0,0.4670331893728714,298.0,306.0,99,-9.0,-8.0,-0.09,299.71,
07:42:46,297.33,36.0,305.07,42.0,294.93,58.0,309.88,50.0,7.740000000000009,94.0,92.0,0.7164635370874063,297.33,305.07,186,2.0,87.0,0.01,298.0,2.0
07:42:47,297.0,36.0,304.67,36.0,294.0,60.0,309.85,54.0,7.670000000000016,96.0,90.0,0.8580209787504157,297.0,304.67,186,6.0,0.0,0.03,298.0,
07:42:48,297.0,33.0,303.09,33.0,294.0,55.0,308.0,22.0,6.089999999999975,88.0,55.0,0.8834308122178094,297.0,303.09,143,33.0,-43.0,0.23,298.0,
07:42:49,297.0,30.0,302.1,30.0,294.0,50.0,308.7,20.0,5.100000000000023,80.0,50.0,0.961576829991126,297.0,302.1,130,30.0,-13.0,0.23,298.0,
07:42:50,297.0,33.0,300.55,33.0,294.0,55.0,309.81,31.0,3.550000000000012,88.0,64.0,0.9765756498990904,297.0,300.55,152,24.0,22.0,0.16,298.0,
07:42:51,297.0,45.0,299.13,45.0,294.0,75.0,308.8,30.0,2.1299999999999955,120.0,75.0,1.0771629403093703,297.0,299.13,195,45.0,43.0,0.23,298.0,
07:42:52,294.93,29.0,301.76,17.0,289.87,31.0,312.15,26.0,6.829999999999984,60.0,43.0,0.8271154695542884,294.92999999999995,301.76,103,17.0,-92.0,0.17,297.0,3.0
07:42:53,300.67,90.0,306.0,22.0,290.61,46.0,312.0,55.0,5.329999999999984,136.0,77.0,2.150971873357673,300.67,306.0,213,59.0,110.0,0.28,297.0,
07:42:54,304.0,156.0,305.05,38.0,297.67,73.0,307.03,29.0,1.0500000000000114,229.0,67.0,3.070407139122687,304.0,305.05,296,162.0,83.0,0.55,297.0,
07:42:55,304.0,168.0,305.0,42.0,299.7,46.0,307.0,28.0,1.0,214.0,70.0,3.27450454267135,304.0,305.0,284,144.0,-12.0,0.51,297.0,
07:42:56,304.0,75.0,306.65,17.0,300.0,24.0,312.68,37.0,2.6499999999999773,99.0,54.0,2.805909834612467,304.0,306.65,153,45.0,-131.0,0.29,304.0,3.0
07:42:57,304.0,46.0,307.0,12.0,300.0,18.0,313.0,30.0,3.0,64.0,42.0,0.858737445308392,304.0,307.0,106,22.0,-47.0,0.21,304.0,4.0
07:42:58,304.0,55.0,306.2,30.0,300.0,33.0,309.9,31.0,2.1999999999999886,88.0,61.0,0.456289381834276,304.0,306.2,149,27.0,43.0,0.18,304.0,
07:42:59,304.0,70.0,306.0,42.0,300.0,42.0,307.0,28.0,2.0,112.0,70.0,0.37984207241258,304.0,306.0,182,42.0,33.0,0.23,304.0,
07:43:00,300.0,33.0,304.73,33.0,298.07,75.0,307.0,22.0,4.730000000000018,108.0,55.0,1.2981063130478692,300.0,304.73,163,53.0,-19.0,0.33,304.0,5.0
07:43:01,300.96,134.0,303.69,48.0,299.81,52.0,307.0,32.0,2.730000000000018,186.0,80.0,1.5776818437108338,300.96,303.69,266,106.0,103.0,0.4,301.0,1.0
07:43:02,300.31,101.0,302.65,51.0,298.6,87.0,306.7,40.0,2.339999999999975,188.0,91.0,1.678904404656469,300.31,302.65,279,97.0,13.0,0.35,300.71,7.0
07:43:03,300.29,56.0,303.0,39.0,298.87,55.0,310.0,26.0,2.7099999999999795,111.0,65.0,1.4198591479350986,300.29,303.0,176,46.0,-103.0,0.26,300.0,2.0
07:43:04,298.74,43.0,308.56,27.0,298.0,40.0,310.52,29.0,9.819999999999991,83.0,56.0,0.8564461454026259,298.74,308.56,139,27.0,-37.0,0.19,300.5,8.0
07:43:05,298.0,49.0,309.0,21.0,297.0,28.0,312.84,38.0,11.0,77.0,59.0,1.0165234871733158,298.0,309.0,136,18.0,-3.0,0.13,300.5,
07:43:06,298.0,77.0,310.54,39.0,297.0,44.0,313.15,65.0,12.54000000000002,121.0,104.0,1.265215396671632,298.0,310.54,225,17.0,89.0,0.08,300.5,
07:43:07,300.81,32.0,312.0,44.0,297.89,71.0,313.0,66.0,11.189999999999998,103.0,110.0,1.7151472239941992,300.81,312.0,213,-7.0,-12.0,-0.03,300.5,
07:43:08,303.0,16.0,312.0,32.0,298.0,56.0,313.0,48.0,9.0,72.0,80.0,1.7903714698282664,303.0,312.0,152,-8.0,-61.0,-0.05,300.5,
07:43:09,303.0,22.0,311.18,44.0,298.0,77.0,312.63,54.0,8.180000000000007,99.0,98.0,1.771053358872918,303.0,311.18,197,1.0,45.0,0.01,300.5,
07:43:10,298.44,41.0,311.0,40.0,296.89,38.0,312.0,50.0,12.560000000000002,79.0,90.0,1.435050521750033,298.44,311.0,169,-11.0,-28.0,-0.07,300.5,4.0
07:43:11,298.0,35.0,311.0,30.0,296.0,16.0,312.0,35.0,13.0,51.0,65.0,1.36792909172042,298.0,311.0,116,-14.0,-53.0,-0.12,300.5,
07:43:12,298.0,45.0,311.0,54.0,296.0,18.0,312.0,45.0,13.0,63.0,99.0,1.5004399354772695,298.0,311.0,162,-36.0,46.0,-0.22,300.5,
07:43:13,298.0,80.0,308.61,76.0,296.0,32.0,309.55,62.0,10.610000000000014,112.0,138.0,1.3854674301386518,298.0,308.61,250,-26.0,88.0,-0.1,300.5,
07:43:14,298.0,75.0,303.67,60.0,296.0,30.0,306.0,30.0,5.670000000000016,105.0,90.0,1.630398724231299,298.0,303.67,195,15.0,-55.0,0.08,300.5,
07:43:15,298.05,84.0,301.42,52.0,296.48,42.0,303.11,54.0,3.3700000000000045,126.0,106.0,2.1805458032279312,298.05,301.42,232,20.0,37.0,0.09,299.0,2.0
07:43:16,298.0,73.0,299.67,30.0,296.0,30.0,300.67,30.0,1.670000000000016,103.0,60.0,2.392561388966834,298.0,299.67,163,43.0,-69.0,0.26,298.0,2.0
07:43:17,298.0,52.0,299.58,24.0,296.0,24.0,308.65,46.0,1.579999999999984,76.0,70.0,1.873197800547209,298.0,299.58,146,6.0,-17.0,0.04,298.0,2.0
07:43:18,298.0,22.0,306.2,20.0,296.0,20.0,311.71,45.0,8.199999999999989,42.0,65.0,1.4126818466926363,298.0,306.2,107,-23.0,-39.0,-0.21,298.0,2.0
07:43:19,296.57,14.0,301.0,20.0,295.44,9.0,313.55,22.0,4.430000000000007,23.0,42.0,1.4284782112356231,296.57,301.0,65,-19.0,-42.0,-0.29,298.0,
07:43:20,286.21,71.0,297.0,40.0,285.64,33.0,307.0,20.0,10.79000000000002,104.0,60.0,3.859284907852112,286.21,297.0,164,44.0,99.0,0.27,295.0,4.0
07:43:21,286.83,95.0,296.2,40.0,284.0,48.0,300.42,48.0,9.370000000000005,143.0,88.0,4.757664342928725,286.83,296.2,231,55.0,67.0,0.24,287.0,3.0
07:43:23,289.09,47.0,298.0,56.0,285.25,63.0,306.0,28.0,8.910000000000025,110.0,84.0,3.424028329318565,289.09,298.0,194,26.0,56.0,0.13,287.67,3.0
07:43:24,295.0,26.0,296.89,19.0,287.0,52.0,298.92,48.0,1.8899999999999864,78.0,67.0,2.2903995284613825,295.0,296.89,145,11.0,-49.0,0.08,287.67,
07:43:25,295.0,18.0,299.5,12.0,287.0,36.0,300.0,27.0,4.5,54.0,39.0,3.0050574037738,295.0,299.5,93,15.0,-52.0,0.16,298.4,5.0
07:43:26,295.0,24.0,308.83,48.0,287.0,48.0,386.08,52.0,13.829999999999984,72.0,100.0,4.424473980031414,295.0,308.83,172,-28.0,79.0,-0.16,298.4,
07:43:27,287.0,56.0,308.53,38.0,286.0,56.0,339.11,61.0,21.529999999999973,112.0,99.0,3.0625691828878656,287.0,308.53,211,13.0,39.0,0.06,295.0,2.0
07:43:28,286.31,64.0,295.64,44.0,281.02,53.0,305.04,50.0,9.329999999999984,117.0,94.0,3.93844512466209,286.31,295.64,211,23.0,0.0,0.11,289.33,6.0
07:43:34,293.07,105.0,299.0,60.0,282.0,30.0,301.0,15.0,5.930000000000007,135.0,75.0,3.354888969843396,293.07,299.0,210,60.0,-43.0,0.29,289.33,
07:43:35,294.0,77.0,297.93,43.0,281.14,57.0,298.9,29.0,3.930000000000007,134.0,72.0,3.3311889769234977,294.0,297.93,206,62.0,-4.0,0.3,289.33,
07:43:36,295.0,126.0,296.04,78.0,285.0,42.0,298.0,39.0,1.0400000000000205,168.0,117.0,2.70652914264308,295.0,296.04,285,51.0,79.0,0.18,295.0,5.0
07:43:37,295.95,40.0,299.0,23.0,294.06,17.0,300.36,14.0,3.050000000000012,57.0,37.0,1.7869163382698956,295.95,299.0,94,20.0,-172.0,0.21,295.0,
07:43:38,297.82,66.0,299.45,11.0,295.12,17.0,305.0,11.0,1.6299999999999957,83.0,22.0,1.2982950357971903,297.82,299.45,105,61.0,11.0,0.58,299.0,1.0
07:43:39,298.0,54.0,300.0,9.0,293.0,9.0,311.0,9.0,2.0,63.0,18.0,1.5534542156032531,298.0,300.0,81,45.0,-24.0,0.56,299.0,
07:43:40,298.0,34.0,300.0,6.0,293.0,6.0,311.0,6.0,2.0,40.0,12.0,1.483617201294002,298.0,300.0,52,28.0,-29.0,0.54,298.0,1.0
07:43:41,298.02,56.0,307.33,12.0,296.04,225.0,450.09,32.0,9.310000000000002,281.0,44.0,1.957958120076933,298.02,307.33,325,237.0,172.0,0.73,300.0,1.0
07:43:42,299.92,13.0,311.0,13.0,298.0,65.0,598.75,59.0,11.079999999999984,78.0,72.0,3.011391704839286,299.92,311.0,150,6.0,-172.0,0.04,300.0,
07:43:43,299.06,31.0,309.32,19.0,296.81,135.0,498.48,61.0,10.259999999999993,166.0,80.0,2.966829958048597,299.06,309.32,246,86.0,96.0,0.35,301.0,1.0
07:43:44,296.06,165.0,304.86,29.0,295.14,28.0,306.0,25.0,8.800000000000011,193.0,54.0,2.643902418769381,296.06,304.86,247,139.0,1.0,0.56,298.0,5.0
07:43:45,295.97,186.0,304.0,10.0,294.87,45.0,305.0,50.0,8.029999999999973,231.0,60.0,2.3530575853502915,295.97,304.0,291,171.0,44.0,0.59,298.0,
07:43:46,295.0,21.0,304.0,5.0,293.0,5.0,305.0,25.0,9.0,26.0,30.0,2.7127513708363797,295.0,304.0,56,-4.0,-172.0,-0.07,295.0,3.0
07:43:47,295.64,25.0,303.15,13.0,290.42,31.0,305.15,65.0,7.509999999999991,56.0,78.0,1.9928572452574005,295.64,303.15,134,-22.0,78.0,-0.16,295.0,
07:43:48,296.31,26.0,301.74,27.0,294.92,25.0,305.69,65.0,5.430000000000007,51.0,92.0,0.5577813191342273,296.31,301.74,143,-41.0,9.0,-0.29,295.0,
07:43:49,293.98,50.0,300.29,42.0,290.28,39.0,301.8,30.0,6.310000000000002,89.0,72.0,1.1031228399300297,293.98,300.29,161,17.0,18.0,0.11,296.33,3.0
07:43:51,291.0,9.0,295.91,46.0,289.07,45.0,304.97,31.0,4.910000000000025,54.0,77.0,2.8187089243084027,291.0,295.91,131,-23.0,-27.0,-0.18,293.0,1.0
07:43:52,291.13,30.0,300.97,65.0,289.5,28.0,303.29,89.0,9.840000000000032,58.0,154.0,2.330079397783682,291.13,300.97,212,-96.0,81.0,-0.45,293.0,
07:43:53,289.75,53.0,296.53,57.0,287.46,48.0,297.18,66.0,6.779999999999973,101.0,123.0,1.770895253812688,289.75,296.53,224,-22.0,12.0,-0.1,291.33,3.0
07:43:55,286.0,55.0,299.09,35.0,280.0,22.0,325.88,33.0,13.089999999999977,77.0,68.0,2.238823351668615,286.0,299.09,145,9.0,-81.0,0.06,294.92,12.0
07:43:56,286.62,58.0,301.5,60.0,281.11,27.0,315.58,43.0,14.879999999999995,85.0,103.0,2.285504320708379,286.62,301.5,188,-18.0,43.0,-0.1,294.92,
07:43:57,287.06,53.0,299.0,55.0,281.68,25.0,307.0,22.0,11.939999999999998,78.0,77.0,1.6177978860094944,287.06,299.0,155,1.0,-33.0,0.01,294.92,
07:43:58,287.06,36.0,299.0,45.0,283.0,20.0,307.0,18.0,11.939999999999998,56.0,63.0,1.607840166178463,287.06,299.0,119,-7.0,-36.0,-0.06,287.0,1.0
07:43:59,288.85,26.0,299.0,65.0,285.0,60.0,306.85,26.0,10.149999999999975,86.0,91.0,0.6488682454679745,288.85,299.0,177,-5.0,58.0,-0.03,287.0,
07:44:00,292.6,30.0,299.0,50.0,290.02,40.0,305.0,20.0,6.399999999999977,70.0,70.0,1.132108652019132,292.6,299.0,140,0.0,-37.0,0.0,287.0,
07:44:01,296.61,36.0,299.0,60.0,294.42,55.0,304.55,22.0,2.3899999999999864,91.0,82.0,2.0655919248429564,296.61,299.0,173,9.0,33.0,0.05,297.4,5.0
07:44:02,294.25,64.0,298.6,40.0,293.29,42.0,299.21,38.0,4.350000000000023,106.0,78.0,1.9258945973173804,294.25,298.6,184,28.0,11.0,0.15,297.67,3.0
07:44:03,294.0,78.0,296.0,13.0,293.0,39.0,299.23,65.0,2.0,117.0,78.0,1.4672320879725032,294.0,296.0,195,39.0,11.0,0.2,297.67,
07:44:04,293.81,73.0,300.15,34.0,289.62,58.0,303.23,65.0,6.339999999999975,131.0,99.0,1.0776502215357444,293.81,300.15,230,32.0,35.0,0.14,294.0,1.0
07:44:05,293.31,29.0,302.0,50.0,286.47,60.0,306.0,40.0,8.689999999999998,89.0,90.0,1.1364550144972547,293.31,302.0,179,-1.0,-51.0,-0.01,294.0,
07:44:06,294.62,24.0,302.0,40.0,286.89,36.0,306.0,32.0,7.3799999999999955,60.0,72.0,1.2649229225434706,294.62,302.0,132,-12.0,-47.0,-0.09,294.0,
07:44:07,295.53,45.0,302.0,75.0,294.0,15.0,306.0,60.0,6.470000000000027,60.0,135.0,1.4742218286186524,295.53,302.0,195,-75.0,63.0,-0.38,294.0,
07:44:08,296.22,27.0,300.77,13.0,294.0,9.0,303.93,29.0,4.5499999999999545,36.0,42.0,0.7220318552359422,296.22,300.77,78,-6.0,-117.0,-0.08,294.0,
07:44:09,295.21,34.0,299.38,26.0,290.7,20.0,305.04,27.0,4.170000000000016,54.0,53.0,0.6095654189465065,295.21,299.38,107,1.0,29.0,0.01,297.0,4.0
07:44:10,291.0,36.0,295.87,46.0,289.11,18.0,297.64,36.0,4.8700000000000045,54.0,82.0,2.21306800617958,291.0,295.87,136,-28.0,29.0,-0.21,297.0,
07:44:17,289.62,8.0,300.0,8.0,286.0,32.0,303.0,40.0,10.379999999999995,40.0,48.0,2.4647575945671187,289.62,300.0,88,-8.0,3.0,-0.09,297.0,
07:44:20,287.64,50.0,300.94,32.0,282.62,52.0,303.32,53.0,13.300000000000011,102.0,85.0,2.5876630383371486,287.64,300.94,187,17.0,-22.0,0.09,297.0,5.0
07:44:21,297.0,9.0,300.0,18.0,283.0,36.0,304.0,27.0,3.0,45.0,45.0,3.8155117612157983,297.0,300.0,90,0.0,-97.0,0.0,297.0,
07:44:22,297.0,10.0,302.15,13.0,283.0,40.0,304.8,44.0,5.149999999999977,50.0,57.0,4.751975378721559,297.0,302.15,107,-7.0,17.0,-0.07,302.0,4.0
07:44:23,297.0,11.0,304.0,11.0,283.0,44.0,305.0,55.0,7.0,55.0,66.0,4.691936700337688,297.0,304.0,121,-11.0,14.0,-0.09,302.0,
07:44:28,281.4,20.0,302.36,11.0,276.25,24.0,304.96,28.0,20.96000000000004,44.0,39.0,2.1928064209993656,281.4,302.36,83,5.0,12.0,0.06,290.0,1.0
07:44:29,276.55,40.0,304.0,9.0,275.62,32.0,305.0,27.0,27.44999999999999,72.0,36.0,2.130293407016038,276.55,304.0,108,36.0,25.0,0.33,290.0,
07:44:30,277.0,68.0,299.96,24.0,264.95,19.0,302.5,22.0,22.95999999999998,87.0,46.0,1.4426191458510187,277.0,299.96,133,41.0,25.0,0.31,290.0,
07:44:45,294.4,43.0,369.75,32.0,279.9,20.0,440.17,41.0,75.35000000000002,63.0,73.0,18.377820055707723,294.4,369.75,136,-10.0,40.0,-0.07,295.5,8.0
07:44:46,282.8,10.0,447.25,16.0,277.62,13.0,470.71,21.0,164.45,23.0,37.0,33.670343479091045,282.8,447.25,60,-14.0,-76.0,-0.23,295.5,
07:44:47,292.5,12.0,449.91,33.0,289.8,15.0,566.33,27.0,157.41000000000005,27.0,60.0,39.1592955758906,292.5,449.91,87,-33.0,27.0,-0.38,295.5,
07:44:48,295.79,14.0,340.42,60.0,292.6,20.0,597.75,36.0,44.63,34.0,96.0,34.73309128194558,295.79,340.42,130,-62.0,43.0,-0.48,295.5,
07:44:49,298.0,40.0,487.97,72.0,294.4,25.0,620.04,52.0,189.97000000000003,65.0,124.0,30.37119737514411,298.0,487.97,189,-59.0,59.0,-0.31,295.5,
07:44:50,298.0,27.0,482.26,19.0,297.0,18.0,487.07,42.0,184.26,45.0,61.0,30.091762494077315,298.0,482.2600000000001,106,-16.0,-83.0,-0.15,295.5,
07:44:51,298.0,24.0,404.41,17.0,297.0,16.0,427.81,27.0,106.41000000000004,40.0,44.0,30.99514365186841,298.0,404.41,84,-4.0,-22.0,-0.05,295.5,
07:44:52,297.67,12.0,379.69,39.0,296.36,28.0,479.57,44.0,82.01999999999998,40.0,83.0,32.664074608045446,297.67,379.69,123,-43.0,39.0,-0.35,298.0,5.0
07:44:53,296.0,27.0,371.54,35.0,277.73,11.0,408.06,36.0,75.54000000000002,38.0,71.0,28.31423105083308,296.0,371.54,109,-33.0,-14.0,-0.3,298.0,
07:44:54,301.6,10.0,364.38,40.0,284.77,22.0,371.85,33.0,62.77999999999997,32.0,73.0,23.93064311714086,301.6,364.38,105,-41.0,-4.0,-0.39,298.0,
07:44:55,300.57,14.0,369.11,38.0,287.69,16.0,370.18,44.0,68.54000000000002,30.0,82.0,7.541569465301166,300.57,369.11,112,-52.0,7.0,-0.46,300.5,2.0
07:44:56,296.86,28.0,365.59,39.0,276.27,11.0,367.42,24.0,68.72999999999996,39.0,63.0,2.7820585903182407,296.86,365.59,102,-24.0,-10.0,-0.24,302.0,4.0
07:44:57,290.25,24.0,359.83,30.0,223.69,16.0,360.35,43.0,69.57999999999998,40.0,73.0,3.883061936148316,290.25,359.83,113,-33.0,11.0,-0.29,295.5,4.0
07:44:58,286.56,16.0,356.44,18.0,129.87,23.0,358.67,24.0,69.88,39.0,42.0,5.630632291311902,286.56,356.44,81,-3.0,-32.0,-0.04,295.5,
07:44:59,290.0,20.0,355.23,44.0,289.0,30.0,356.15,26.0,65.23000000000002,50.0,70.0,5.758230631015454,290.0,355.23,120,-20.0,39.0,-0.17,295.5,
07:45:00,290.57,28.0,351.83,46.0,194.04,53.0,353.07,43.0,61.25999999999999,81.0,89.0,4.145452930617509,290.57,351.83,170,-8.0,50.0,-0.05,295.5,
07:45:01,291.0,32.0,346.12,58.0,180.36,66.0,347.16,45.0,55.120000000000005,98.0,103.0,2.350514837214537,291.0,346.12,201,-5.0,31.0,-0.02,295.5,
07:45:02,283.26,31.0,337.65,57.0,203.45,33.0,340.96,47.0,54.38999999999999,64.0,104.0,4.932689935518579,283.26,337.65,168,-40.0,-33.0,-0.24,293.0,2.0
07:45:08,296.0,14.0,401.21,38.0,280.31,16.0,402.73,22.0,105.20999999999998,30.0,60.0,48.78751192672131,296.0,401.21,90,-30.0,-17.0,-0.33,293.0,
07:45:09,296.0,11.0,362.07,15.0,293.0,11.0,400.84,38.0,66.07,22.0,53.0,47.961779366491086,296.0,362.07,75,-31.0,-15.0,-0.41,293.0,
07:45:10,293.75,12.0,307.59,29.0,277.0,27.0,331.39,23.0,13.839999999999977,39.0,52.0,35.30338510681332,293.75,307.59,91,-13.0,16.0,-0.14,296.0,1.0
07:45:11,293.95,44.0,306.0,8.0,278.75,8.0,307.0,16.0,12.050000000000011,52.0,24.0,20.47331384998449,293.95,306.0,76,28.0,-15.0,0.37,296.0,
07:45:12,294.8,89.0,302.43,44.0,293.0,14.0,303.36,28.0,7.6299999999999955,103.0,72.0,22.501846590890423,294.8,302.43,175,31.0,99.0,0.18,295.0,2.0
07:45:13,297.0,70.0,301.63,35.0,293.0,14.0,302.33,42.0,4.629999999999996,84.0,77.0,13.16478636362808,297.0,301.63,161,7.0,-14.0,0.04,300.0,1.0
07:45:14,297.83,47.0,301.19,32.0,296.79,76.0,324.6,40.0,3.3600000000000136,123.0,72.0,0.7681666485657503,297.83,301.19,195,51.0,34.0,0.26,298.4,5.0
07:45:15,297.0,117.0,299.23,26.0,293.0,13.0,343.85,52.0,2.230000000000018,130.0,78.0,0.7394119284734283,297.0,299.23,208,52.0,13.0,0.25,298.4,
07:45:16,297.0,90.0,298.2,20.0,293.0,10.0,302.67,24.0,1.1999999999999886,100.0,44.0,0.7997187005246437,297.0,298.2,144,56.0,-64.0,0.39,298.4,
07:45:17,297.0,56.0,332.25,24.0,293.0,12.0,457.9,40.0,35.25,68.0,64.0,7.193293404273769,297.0,332.25,132,4.0,-12.0,0.03,297.0,7.0
07:45:18,297.0,16.0,478.08,26.0,295.25,16.0,517.75,32.0,181.08,32.0,58.0,38.69614993768717,297.0,478.08,90,-26.0,-42.0,-0.29,297.0,
07:45:21,301.17,139.0,350.41,41.0,264.3,40.0,372.53,43.0,49.24000000000001,179.0,84.0,38.311505713035615,301.17,350.41,263,95.0,103.0,0.36,303.0,3.0
07:45:22,303.0,129.0,331.62,39.0,298.37,19.0,370.48,46.0,28.620000000000005,148.0,85.0,37.68202754629799,303.0,331.62,233,63.0,-30.0,0.27,303.0,1.0
07:45:23,303.0,144.0,330.56,48.0,301.81,16.0,452.38,32.0,27.56,160.0,80.0,34.0124906468192,303.0,330.56,240,80.0,7.0,0.33,303.0,
07:45:24,303.0,81.0,329.78,27.0,302.0,9.0,359.12,34.0,26.779999999999973,90.0,61.0,6.531004516915283,303.0,329.78,151,29.0,-89.0,0.19,303.0,
07:45:25,303.0,63.0,328.86,21.0,302.0,7.0,396.71,28.0,25.860000000000014,70.0,49.0,4.1399758453363456,303.0,328.86,119,21.0,-32.0,0.18,303.0,
07:45:26,303.0,79.0,326.72,32.0,302.0,11.0,421.94,33.0,23.720000000000027,90.0,65.0,0.929854827362262,303.0,326.72,155,25.0,36.0,0.16,303.0,5.0
07:45:27,302.44,18.0,356.03,30.0,299.5,12.0,421.48,25.0,53.589999999999975,30.0,55.0,5.968973948675606,302.44,356.03,85,-25.0,-70.0,-0.29,303.0,4.0
07:45:28,302.0,13.0,385.38,65.0,299.0,13.0,452.55,22.0,83.38,26.0,87.0,12.467235860445005,302.0,385.38,113,-61.0,28.0,-0.54,303.0,
07:45:29,302.0,5.0,385.0,25.0,299.0,5.0,514.0,10.0,83.0,10.0,35.0,14.105694949202748,302.0,385.0,45,-25.0,-68.0,-0.56,303.0,
07:45:30,302.0,9.0,371.38,37.0,299.0,9.0,439.12,17.0,69.38,18.0,54.0,12.037060687724502,302.0,371.38,72,-36.0,27.0,-0.5,303.0,
07:45:31,302.0,14.0,320.81,53.0,299.0,14.0,379.91,53.0,18.81,28.0,106.0,13.401154054780609,302.0,320.81,134,-78.0,62.0,-0.58,303.0,
07:45:32,298.09,85.0,304.7,46.0,296.82,11.0,335.19,53.0,6.610000000000014,96.0,99.0,19.64088796363252,298.09,304.7,195,-3.0,61.0,-0.02,298.83,6.0
07:45:33,298.0,66.0,302.28,36.0,297.0,10.0,303.17,48.0,4.279999999999973,76.0,84.0,20.22317062183791,298.0,302.28,160,-8.0,-35.0,-0.05,299.6,5.0
07:45:34,298.0,48.0,301.04,57.0,297.0,12.0,302.19,27.0,3.0400000000000205,60.0,84.0,15.774835973789756,298.0,301.04,144,-24.0,-16.0,-0.17,299.6,
07:45:35,298.0,36.0,300.6,30.0,297.0,9.0,301.24,33.0,2.6000000000000227,45.0,63.0,5.128369136477422,298.0,300.6,108,-18.0,-36.0,-0.17,298.0,2.0
07:45:36,298.0,24.0,404.97,38.0,297.0,12.0,488.88,34.0,106.97000000000004,36.0,72.0,23.00225575894614,298.0,404.97,108,-36.0,0.0,-0.33,301.0,5.0
07:45:37,298.38,26.0,416.32,25.0,297.33,12.0,523.71,21.0,117.94,38.0,46.0,30.069979215156884,298.38,416.32,84,-8.0,-24.0,-0.1,301.0,
07:45:38,299.0,52.0,406.0,11.0,298.0,22.0,511.42,43.0,107.0,74.0,54.0,29.86204899198919,299.0,406.0,128,20.0,44.0,0.16,299.0,3.0
07:45:39,299.0,24.0,383.93,29.0,298.0,24.0,420.47,36.0,84.93,48.0,65.0,23.701545730183067,299.0,383.93,113,-17.0,-15.0,-0.15,299.0,
07:45:40,299.0,20.0,357.96,26.0,298.0,20.0,419.93,14.0,58.95999999999998,40.0,40.0,11.492944357298407,299.0,357.96,80,0.0,-33.0,0.0,299.0,
07:45:41,299.0,18.0,349.33,36.0,298.0,18.0,390.38,32.0,50.329999999999984,36.0,68.0,14.487757935579925,299.0,349.33,104,-32.0,24.0,-0.31,299.0,
07:45:42,299.48,42.0,345.9,60.0,297.41,17.0,391.5,48.0,46.41999999999996,59.0,108.0,12.77664940428286,299.48,345.9,167,-49.0,63.0,-0.29,298.67,3.0
07:45:43,300.0,96.0,335.81,64.0,298.0,16.0,353.56,18.0,35.81,112.0,82.0,8.955008654376813,300.0,335.81,194,30.0,27.0,0.15,298.67,
07:45:44,300.84,93.0,332.47,57.0,299.33,27.0,357.02,47.0,31.63000000000005,120.0,104.0,4.806700531546043,300.84,332.47,224,16.0,30.0,0.07,298.67,
07:45:45,302.0,234.0,330.34,83.0,299.95,39.0,380.41,73.0,28.33999999999997,273.0,156.0,3.662840427860027,302.0,330.34,429,117.0,172.0,0.27,298.67,
07:45:46,302.0,169.0,328.23,53.0,300.0,26.0,345.32,60.0,26.230000000000015,195.0,113.0,2.9611855733753734,302.0,328.23,308,82.0,-121.0,0.27,298.67,
07:45:47,302.0,143.0,326.58,48.0,300.0,22.0,327.61,51.0,24.579999999999984,165.0,99.0,1.3986493484669738,302.0,326.58,264,66.0,-44.0,0.25,298.67,
07:45:48,302.0,104.0,324.39,36.0,300.0,16.0,326.11,36.0,22.389999999999983,120.0,72.0,1.403702247617884,302.0,324.39,192,48.0,-72.0,0.25,298.67,
07:45:49,302.0,156.0,323.85,52.0,300.0,24.0,422.0,48.0,21.850000000000023,180.0,100.0,1.3493628125777737,302.0,323.85,280,80.0,88.0,0.29,298.67,
07:45:50,302.0,132.0,323.0,47.0,300.0,24.0,418.58,57.0,21.0,156.0,104.0,1.0719934701144982,302.0,323.0,260,52.0,-20.0,0.2,302.0,4.0
07:45:51,302.0,99.0,322.08,26.0,300.0,22.0,347.78,37.0,20.079999999999984,121.0,63.0,0.8481568251027738,302.0,322.08,184,58.0,-76.0,0.32,302.0,
07:45:52,302.0,81.0,316.37,27.0,300.0,18.0,317.7,27.0,14.370000000000005,99.0,54.0,1.612845311853842,302.0,316.37,153,45.0,-31.0,0.29,302.0,
07:45:53,302.0,132.0,311.66,41.0,300.0,28.0,312.21,57.0,9.660000000000023,160.0,98.0,2.608683576053175,302.0,311.66,258,62.0,105.0,0.24,302.0,4.0
07:45:54,302.0,107.0,306.71,56.0,300.0,28.0,307.5,32.0,4.70999999999998,135.0,88.0,3.455608484763609,302.0,306.71,223,47.0,-35.0,0.21,302.0,3.0
07:45:55,302.9,20.0,305.0,48.0,301.85,53.0,307.0,48.0,2.1000000000000227,73.0,96.0,3.3957075845795286,302.9,305.0,169,-23.0,-54.0,-0.14,302.5,4.0
07:45:56,302.0,28.0,304.0,32.0,301.0,28.0,305.45,47.0,2.0,56.0,79.0,2.516511474238028,302.0,304.0,135,-23.0,-34.0,-0.17,302.5,
07:45:57,301.52,21.0,302.95,55.0,300.64,28.0,324.78,50.0,1.4300000000000068,49.0,105.0,1.7497514109073389,301.52,302.95,154,-56.0,19.0,-0.36,302.0,2.0
07:45:58,299.0,40.0,317.84,43.0,298.44,78.0,448.69,39.0,18.83999999999997,118.0,82.0,2.399639556260932,299.0,317.84,200,36.0,46.0,0.18,299.67,9.0
07:45:59,298.0,190.0,390.46,28.0,296.08,26.0,468.31,16.0,92.45999999999998,216.0,44.0,17.973417315579397,298.0,390.46,260,172.0,60.0,0.66,298.0,3.0
07:46:00,298.0,99.0,384.08,13.0,296.0,18.0,385.09,23.0,86.07999999999998,117.0,36.0,21.02623670560109,298.0,384.08,153,81.0,-107.0,0.53,298.0,
07:46:01,298.0,132.0,373.06,16.0,296.0,24.0,383.35,26.0,75.06,156.0,42.0,19.51284320646184,298.0,373.06,198,114.0,45.0,0.58,298.0,
07:46:02,298.0,132.0,381.0,12.0,296.39,36.0,382.0,36.0,83.0,168.0,48.0,14.49839749765337,298.0,381.0,216,120.0,18.0,0.56,298.0,
07:46:03,298.0,121.0,357.32,19.0,297.0,154.0,370.76,25.0,59.31999999999999,275.0,44.0,6.373552384656484,298.0,357.32,319,231.0,103.0,0.72,298.0,
07:46:04,298.0,143.0,359.92,13.0,297.0,182.0,361.0,39.0,61.920000000000016,325.0,52.0,6.047778104391845,298.0,359.92,377,273.0,58.0,0.72,298.0,
07:46:05,298.0,94.0,358.05,21.0,297.0,182.0,359.58,31.0,60.05000000000001,276.0,52.0,5.305815677156727,298.0,358.05,328,224.0,-49.0,0.68,298.0,8.0
07:46:06,298.44,54.0,354.37,35.0,297.05,177.0,421.68,31.0,55.93000000000001,231.0,66.0,5.328114112888577,298.44,354.37,297,165.0,-31.0,0.56,298.0,
07:46:07,301.0,96.0,343.47,49.0,298.12,48.0,401.79,38.0,42.47000000000003,144.0,87.0,2.6375613736865016,301.0,343.47,231,57.0,-66.0,0.25,298.0,
07:46:08,303.54,52.0,340.7,30.0,301.67,54.0,352.0,30.0,37.15999999999997,106.0,60.0,3.2115370151943106,303.54,340.7,166,46.0,-65.0,0.28,298.0,
07:46:09,304.0,55.0,326.47,34.0,302.0,66.0,340.85,34.0,22.470000000000027,121.0,68.0,4.955333490287354,304.0,326.47,189,53.0,23.0,0.28,298.0,
07:46:10,304.0,39.0,318.84,31.0,302.0,90.0,323.47,45.0,14.839999999999977,129.0,76.0,6.031130076524943,304.0,318.84,205,53.0,16.0,0.26,304.0,3.0
07:46:11,303.6,30.0,313.03,29.0,301.96,73.0,319.36,33.0,9.42999999999995,103.0,62.0,6.259271523105869,303.6,313.03,165,41.0,-40.0,0.25,304.0,2.0
07:46:12,302.0,63.0,303.62,39.0,299.0,13.0,331.73,40.0,1.6200000000000043,76.0,79.0,7.267139739950257,302.0,303.62,155,-3.0,-10.0,-0.02,302.0,4.0
07:46:13,302.0,12.0,303.33,18.0,299.0,6.0,522.78,27.0,1.329999999999984,18.0,45.0,5.466239109293021,302.0,303.33,63,-27.0,-92.0,-0.43,302.0,
07:46:14,302.0,26.0,342.19,27.0,299.0,21.0,530.07,61.0,40.19,47.0,88.0,7.984119863827456,302.0,342.19,135,-41.0,72.0,-0.3,302.0,
07:46:17,300.67,24.0,456.75,60.0,298.62,32.0,458.0,48.0,156.07999999999998,56.0,108.0,47.87391178919847,300.67,456.75,164,-52.0,50.0,-0.32,302.0,
07:46:18,301.0,20.0,421.69,26.0,299.0,24.0,430.29,21.0,120.69,44.0,47.0,34.88736949097703,301.0,421.69,91,-3.0,-73.0,-0.03,301.0,1.0
07:46:19,300.83,12.0,411.0,38.0,298.79,28.0,420.64,39.0,110.17000000000002,40.0,77.0,23.650328327529685,300.83,411.0,117,-37.0,26.0,-0.32,300.0,2.0
07:46:20,299.0,11.0,395.71,45.0,298.0,66.0,397.85,39.0,96.70999999999998,77.0,84.0,21.08213153359866,299.0,395.71,161,-7.0,44.0,-0.04,300.0,
07:46:21,299.0,12.0,356.75,44.0,298.0,72.0,385.38,29.0,57.75,84.0,73.0,18.670426615371078,299.0,356.75,157,11.0,-4.0,0.07,300.0,
07:46:22,298.69,16.0,355.58,43.0,297.67,60.0,363.09,55.0,56.88999999999999,76.0,98.0,15.80208752032332,298.69,355.58,174,-22.0,17.0,-0.13,298.4,5.0
07:46:23,298.26,23.0,338.88,32.0,296.78,36.0,355.89,56.0,40.620000000000005,59.0,88.0,15.590864953554007,298.26,338.88,147,-29.0,-27.0,-0.2,297.4,10.0
07:46:29,292.82,68.0,352.68,38.0,233.32,69.0,437.0,26.0,59.860000000000014,137.0,64.0,24.763265132045,292.82,352.68,201,73.0,57.0,0.36,299.0,6.0
07:46:30,293.76,100.0,461.43,28.0,153.2,88.0,635.28,50.0,167.67000000000002,188.0,78.0,47.29863824678207,293.76,461.43,266,110.0,65.0,0.41,294.0,1.0
07:46:31,297.83,71.0,381.72,36.0,207.18,88.0,412.86,42.0,83.89000000000004,159.0,78.0,44.09668774409203,297.83,381.72,237,81.0,-29.0,0.34,300.0,4.0
07:46:32,300.0,48.0,345.11,18.0,298.0,24.0,347.11,18.0,45.110000000000014,72.0,36.0,33.542208782367894,300.0,345.11,108,36.0,-129.0,0.33,300.0,
07:46:33,300.0,87.0,342.46,26.0,298.0,44.0,343.7,40.0,42.45999999999998,131.0,66.0,24.05882312167324,300.0,342.46,197,65.0,89.0,0.33,300.0,1.0
07:46:34,300.03,73.0,341.0,18.0,298.55,44.0,343.0,36.0,40.97000000000003,117.0,54.0,24.40381793900206,300.03,341.0,171,63.0,-26.0,0.37,300.0,
07:46:35,300.05,76.0,340.5,24.0,298.92,52.0,342.6,30.0,40.44999999999999,128.0,54.0,8.38110195618439,300.05,340.5,182,74.0,11.0,0.41,300.4,5.0
07:46:36,300.29,21.0,339.56,18.0,299.54,35.0,340.33,12.0,39.26999999999998,56.0,30.0,1.04419825701719,300.29,339.56,86,26.0,-96.0,0.3,300.4,
07:46:37,302.0,8.0,336.62,16.0,300.0,72.0,339.0,32.0,34.620000000000005,80.0,48.0,0.7108797366345996,302.0,336.62,128,32.0,42.0,0.25,300.4,
07:46:38,302.0,4.0,335.14,7.0,300.0,36.0,338.43,14.0,33.139999999999986,40.0,21.0,0.7855380321522364,302.0,335.14,61,19.0,-67.0,0.31,300.4,
07:46:39,300.96,75.0,331.86,21.0,299.12,64.0,332.43,30.0,30.900000000000038,139.0,51.0,1.5347540519436746,300.96,331.86,190,88.0,129.0,0.46,302.0,1.0
07:46:40,306.0,36.0,322.09,23.0,300.0,120.0,327.21,14.0,16.089999999999975,156.0,37.0,2.4147774224465093,306.0,322.09,193,119.0,3.0,0.62,302.0,
07:46:41,301.04,121.0,310.09,32.0,299.27,110.0,310.86,44.0,9.049999999999956,231.0,76.0,5.54332030465111,301.04,310.09,307,155.0,114.0,0.5,306.0,3.0
07:46:42,300.0,98.0,305.63,19.0,298.0,40.0,306.1,31.0,5.629999999999996,138.0,50.0,6.911046953968488,300.0,305.63,188,88.0,-119.0,0.47,300.0,2.0
07:46:43,300.0,142.0,302.0,35.0,296.7,54.0,303.29,24.0,2.0,196.0,59.0,6.872806559183586,300.0,302.0,255,137.0,67.0,0.54,300.0,1.0
07:46:44,299.67,36.0,301.13,23.0,296.69,32.0,348.31,13.0,1.4599999999999795,68.0,36.0,5.560690604588299,299.67,301.13,104,32.0,-151.0,0.31,300.0,7.0
07:46:45,298.0,8.0,301.75,8.0,295.0,16.0,561.62,16.0,3.75,24.0,24.0,2.3157029170332195,298.0,301.75,48,0.0,-56.0,0.0,298.0,5.0
07:46:50,300.0,8.0,462.62,40.0,298.0,8.0,459.04,28.0,162.62,16.0,68.0,37.91551964565392,300.0,462.62,84,-52.0,13.0,-0.62,298.0,
07:46:51,301.0,20.0,352.0,50.0,300.0,16.0,354.0,50.0,51.0,36.0,100.0,55.02284570975919,301.0,352.0,136,-64.0,52.0,-0.47,298.0,
07:47:02,288.0,143.0,298.38,37.0,245.48,137.0,325.2,46.0,10.379999999999995,280.0,83.0,4.380106163091908,288.0,298.38,363,197.0,77.0,0.54,292.5,4.0
07:47:03,297.67,83.0,302.0,65.0,290.28,46.0,488.44,32.0,4.329999999999984,129.0,97.0,6.289568347665491,297.67,302.0,226,32.0,-137.0,0.14,292.5,
07:47:04,299.0,44.0,301.43,28.0,297.0,8.0,347.58,31.0,2.430000000000007,52.0,59.0,6.148477047200871,299.0,301.43,111,-7.0,-115.0,-0.06,299.0,5.0
07:47:05,297.93,61.0,299.24,21.0,289.42,50.0,302.88,33.0,1.3100000000000025,111.0,54.0,4.197383708925853,297.93,299.24,165,57.0,54.0,0.35,299.0,3.0
07:47:06,297.99,139.0,300.85,27.0,296.75,12.0,315.97,36.0,2.8600000000000136,151.0,63.0,2.8921358889160524,297.99,300.85,214,88.0,49.0,0.41,298.67,3.0
07:47:19,288.38,130.0,341.86,28.0,109.0,195.0,511.67,42.0,53.48000000000002,325.0,70.0,13.15515488316101,288.38,341.86,395,255.0,172.0,0.65,290.33,6.0
07:47:20,290.0,60.0,309.5,12.0,129.31,80.0,416.29,14.0,19.5,140.0,26.0,12.751361495932713,290.0,309.5,166,114.0,-172.0,0.69,294.0,2.0
07:47:21,291.21,94.0,378.0,24.0,167.57,108.0,435.76,42.0,86.79000000000002,202.0,66.0,20.34535745569384,291.21,378.0,268,136.0,102.0,0.51,294.0,
07:47:22,302.67,156.0,331.52,46.0,301.0,24.0,443.73,41.0,28.84999999999997,180.0,87.0,18.076392615783657,302.67,331.52,267,93.0,-1.0,0.35,294.0,
07:47:23,303.0,65.0,315.35,17.0,301.0,10.0,473.57,7.0,12.350000000000025,75.0,24.0,12.79899410109868,303.0,315.35,99,51.0,-168.0,0.52,294.0,
07:47:29,303.0,48.0,314.55,22.0,301.0,48.0,394.88,25.0,11.550000000000011,96.0,47.0,51.48225684641234,303.0,314.55,143,49.0,-1.0,0.34,294.0,
07:47:30,303.19,63.0,311.63,27.0,301.5,72.0,312.56,57.0,8.439999999999998,135.0,84.0,63.55043406618063,303.19,311.63,219,51.0,76.0,0.23,303.8,5.0
07:47:31,303.0,55.0,309.0,22.0,301.0,66.0,311.18,34.0,6.0,121.0,56.0,61.42749929795265,303.0,309.0,177,65.0,-42.0,0.37,303.8,
