Time,Bid1_Price,Bid1_Volume,Ask1_Price,Ask1_Volume,Bid2_Price,Bid2_Volume,Ask2_Price,Ask2_Volume,Bid_Ask_Spread,Market_Depth_Bid,Market_Depth_Ask,Historical_Volatility,Weighted_Avg_Bid_Price,Weighted_Avg_Ask_Price,Total_volume,Cumulative_Volume_Difference,Total_Volume_Change_Corrected,Order_imbalance,Weighted_Avg_Price,Trade_Volume
07:30:02,115.0,28.0,247.0,11.0,0.0,0.0,199.56,9.0,132.0,28.0,20.0,,115.0,247.0,48,8.0,47.0,0.17,,
07:30:03,115.0,8.0,116.5,6.0,0.0,0.0,123.17,6.0,1.5,8.0,12.0,,115.0,116.5,20,-4.0,-28.0,-0.2,115.0,4.0
07:30:07,104.68,19.0,109.0,5.0,102.75,16.0,110.0,10.0,4.319999999999993,35.0,15.0,6.099568017491424,104.68,109.0,50,20.0,-46.0,0.4,115.0,
07:30:08,107.91,11.0,230.92,26.0,105.63,19.0,314.78,23.0,123.01,30.0,49.0,29.757566264733477,107.91,230.92,79,-19.0,29.0,-0.24,110.25,4.0
07:30:09,118.5,38.0,234.12,40.0,116.97,36.0,236.0,40.0,115.62,74.0,80.0,38.02215972298265,118.5,234.12,154,-6.0,75.0,-0.04,120.0,4.0
07:30:10,121.35,23.0,215.22,40.0,118.35,34.0,230.94,36.0,93.87,57.0,76.0,36.61726819411852,121.35,215.22,133,-19.0,-21.0,-0.14,120.0,
07:30:11,122.0,6.0,174.0,15.0,121.0,3.0,195.0,7.0,52.0,9.0,22.0,28.28215992458857,122.0,174.0,31,-13.0,-102.0,-0.42,120.0,
07:30:18,121.12,25.0,124.11,45.0,118.46,52.0,132.46,46.0,2.989999999999995,77.0,91.0,9.390802947565431,121.12,124.11,168,-14.0,71.0,-0.08,120.4,10.0
07:30:19,118.0,7.0,122.86,28.0,117.0,63.0,125.0,21.0,4.859999999999999,70.0,49.0,9.57036153967045,118.0,122.86,119,21.0,-49.0,0.18,120.4,
07:30:20,118.82,22.0,121.5,56.0,117.13,62.0,124.07,42.0,2.680000000000007,84.0,98.0,8.77433359292906,118.82,121.5,182,-14.0,63.0,-0.08,120.4,
07:30:21,117.23,53.0,121.0,36.0,114.0,9.0,123.0,27.0,3.769999999999996,62.0,63.0,7.21122250384797,117.23,121.0,125,-1.0,-57.0,-0.01,118.4,5.0
07:30:22,117.0,112.0,119.62,64.0,112.0,16.0,123.25,48.0,2.6200000000000045,128.0,112.0,1.631235727907942,117.0,119.62,240,16.0,115.0,0.07,118.4,
07:30:23,117.0,70.0,118.0,40.0,112.0,10.0,124.0,33.0,1.0,80.0,73.0,1.2325461451821256,117.0,118.0,153,7.0,-87.0,0.05,118.4,
07:30:24,117.0,26.0,120.57,28.0,112.0,6.0,127.24,34.0,3.569999999999993,32.0,62.0,0.9839359735284112,117.0,120.57,94,-30.0,-59.0,-0.32,117.5,8.0
07:30:25,118.36,22.0,124.0,42.0,116.4,15.0,135.0,35.0,5.640000000000001,37.0,77.0,1.3722499772283931,118.36,124.0,114,-40.0,20.0,-0.35,117.5,
07:30:26,119.92,53.0,122.91,68.0,118.6,40.0,127.02,91.0,2.989999999999995,93.0,159.0,1.7614624605717109,119.92,122.90999999999998,252,-66.0,138.0,-0.26,120.75,4.0
07:30:27,118.0,10.0,120.71,14.0,117.0,30.0,123.25,44.0,2.7099999999999937,40.0,58.0,1.6522711641868464,118.0,120.71,98,-18.0,-154.0,-0.18,119.0,1.0
07:30:28,119.13,39.0,120.89,27.0,117.73,11.0,122.4,30.0,1.7600000000000051,50.0,57.0,1.1365606011134506,119.13,120.89,107,-7.0,9.0,-0.07,119.8,5.0
07:30:29,117.19,32.0,120.4,30.0,116.08,52.0,121.86,42.0,3.210000000000008,84.0,72.0,1.1365606011134506,117.19,120.4,156,12.0,49.0,0.08,119.0,2.0
07:30:30,117.0,33.0,118.0,11.0,116.0,55.0,121.0,44.0,1.0,88.0,55.0,1.452146686806583,117.0,118.0,143,33.0,-13.0,0.23,119.0,
07:30:31,117.0,27.0,118.0,9.0,116.0,45.0,121.0,36.0,1.0,72.0,45.0,1.1198973167229656,117.0,118.0,117,27.0,-26.0,0.23,119.0,
07:30:32,117.0,18.0,119.0,6.0,116.0,30.0,121.27,22.0,2.0,48.0,28.0,1.0625676449070356,117.0,119.0,76,20.0,-41.0,0.26,120.25,4.0
07:30:33,117.0,24.0,121.0,8.0,116.0,40.0,122.0,24.0,4.0,64.0,32.0,0.7069794905110547,117.0,121.0,96,32.0,20.0,0.33,120.25,
07:30:34,117.0,36.0,121.0,10.0,116.0,50.0,122.0,30.0,4.0,86.0,40.0,0.7582875444073106,117.0,121.0,126,46.0,30.0,0.37,120.25,
07:30:35,116.14,21.0,121.0,7.0,114.21,47.0,122.0,21.0,4.859999999999999,68.0,28.0,0.6553472362063295,116.14,121.0,96,40.0,-30.0,0.42,116.6,5.0
07:30:36,116.0,21.0,121.0,7.0,114.0,49.0,122.0,21.0,5.0,70.0,28.0,0.4153071152813073,116.0,121.0,98,42.0,2.0,0.43,116.6,
07:30:37,116.0,32.0,121.0,9.0,114.0,63.0,122.0,27.0,5.0,95.0,36.0,0.2626404386290953,116.0,121.0,131,59.0,33.0,0.45,116.6,
07:30:38,116.48,31.0,121.0,9.0,114.83,48.0,122.0,27.0,4.519999999999996,79.0,36.0,0.2128849454594695,116.48,121.0,115,43.0,-16.0,0.37,116.6,
07:30:39,117.43,42.0,120.9,20.0,116.0,56.0,123.83,29.0,3.469999999999999,98.0,49.0,0.2783522947692037,117.43,120.9,147,49.0,32.0,0.33,120.83,6.0
07:30:40,116.57,42.0,122.0,10.0,114.12,67.0,126.0,20.0,5.430000000000007,109.0,30.0,0.3694861296493888,116.57,122.0,139,79.0,-8.0,0.57,118.0,3.0
07:30:41,120.0,36.0,123.78,9.0,116.0,24.0,196.0,9.0,3.780000000000001,60.0,18.0,1.364562200855389,120.0,123.78,78,42.0,-61.0,0.54,121.0,1.0
07:30:42,117.2,20.0,125.0,18.0,115.2,20.0,339.92,13.0,7.799999999999997,40.0,31.0,1.3759469466528556,117.2,125.0,71,9.0,-7.0,0.13,116.0,3.0
07:30:43,116.0,11.0,124.43,14.0,115.0,22.0,169.29,21.0,8.430000000000007,33.0,35.0,1.1716868182254685,116.0,124.43,68,-2.0,-3.0,-0.03,116.0,
07:30:44,121.57,46.0,124.8,25.0,114.18,51.0,181.0,20.0,3.230000000000004,97.0,45.0,1.5010762805411866,121.56999999999998,124.8,142,52.0,74.0,0.37,120.86,7.0
07:30:45,120.0,67.0,125.0,26.0,115.0,73.0,153.92,13.0,5.0,140.0,39.0,1.163799810965525,120.0,125.0,179,101.0,37.0,0.56,120.0,1.0
07:30:46,120.0,30.0,125.0,12.0,115.0,33.0,262.0,6.0,5.0,63.0,18.0,1.2098016366344515,120.0,125.0,81,45.0,-98.0,0.56,120.0,
07:30:47,120.0,50.0,227.67,15.0,115.0,50.0,451.0,10.0,107.67,100.0,25.0,23.16279193016257,120.0,227.67,125,75.0,44.0,0.6,120.0,
07:30:48,116.07,73.0,125.0,26.0,114.35,86.0,382.25,16.0,8.930000000000007,159.0,42.0,23.120942238585435,116.06999999999998,125.0,201,117.0,76.0,0.58,120.0,
07:30:49,116.0,63.0,125.0,18.0,114.41,68.0,154.89,27.0,9.0,131.0,45.0,23.42037510374256,116.0,125.0,176,86.0,-25.0,0.49,120.0,
07:30:50,116.38,53.0,125.0,28.0,115.74,78.0,130.0,14.0,8.620000000000005,131.0,42.0,23.616548223650387,116.38,125.0,173,89.0,-3.0,0.51,120.0,
07:30:51,118.33,30.0,125.0,28.0,116.17,102.0,152.4,35.0,6.670000000000002,132.0,63.0,23.69936243868185,118.33,125.0,195,69.0,22.0,0.35,120.0,
07:30:52,120.0,26.0,125.0,24.0,118.94,32.0,217.62,39.0,5.0,58.0,63.0,0.8814022918080403,120.0,125.0,121,-5.0,-74.0,-0.04,120.0,4.0
07:30:53,120.0,5.0,125.0,10.0,118.0,5.0,216.0,20.0,5.0,10.0,30.0,0.9564360930059256,120.0,125.0,40,-20.0,-81.0,-0.5,120.0,
07:30:54,116.06,71.0,125.0,16.0,114.11,36.0,215.75,32.0,8.939999999999998,107.0,48.0,0.948087548702354,116.06,125.0,155,59.0,115.0,0.38,119.0,2.0
07:30:55,116.0,130.0,125.0,26.0,114.0,65.0,173.36,25.0,9.0,195.0,51.0,0.9952135449261336,116.0,125.0,246,144.0,91.0,0.59,119.0,
07:30:56,116.0,130.0,123.08,50.0,114.0,65.0,129.64,25.0,7.079999999999998,195.0,75.0,1.3264162242691702,116.0,123.08,270,120.0,24.0,0.44,119.0,
07:30:57,116.0,110.0,120.09,46.0,114.0,55.0,122.22,18.0,4.090000000000003,165.0,64.0,1.6269357700919167,116.0,120.09,229,101.0,-41.0,0.44,119.0,
07:30:58,116.0,106.0,118.96,47.0,114.0,50.0,120.29,14.0,2.9599999999999937,156.0,61.0,1.4032889937588395,116.0,118.96,217,95.0,-12.0,0.44,119.0,
07:30:59,116.0,95.0,117.15,26.0,114.0,65.0,119.19,37.0,1.1500000000000057,160.0,63.0,1.580670743704958,116.0,117.15,223,97.0,6.0,0.43,116.0,5.0
07:31:00,117.29,93.0,119.23,26.0,115.62,85.0,127.97,39.0,1.9399999999999975,178.0,65.0,1.0869222603318194,117.29,119.23,243,113.0,20.0,0.47,118.4,5.0
07:31:01,118.71,68.0,121.0,66.0,116.0,80.0,276.12,16.0,2.2900000000000063,148.0,82.0,1.201007910050893,118.71,121.0,230,66.0,-13.0,0.29,118.0,2.0
07:31:02,119.03,37.0,121.0,60.0,116.24,49.0,169.32,25.0,1.9699999999999989,86.0,85.0,1.4888351151167758,119.03,121.0,171,1.0,-59.0,0.01,118.0,
07:31:03,120.0,36.0,121.0,48.0,116.0,40.0,125.0,32.0,1.0,76.0,80.0,1.611567559863605,120.0,121.0,156,-4.0,-15.0,-0.03,120.0,1.0
07:31:04,120.0,36.0,121.0,54.0,116.0,45.0,264.78,36.0,1.0,81.0,90.0,0.9213197056422174,120.0,121.0,171,-9.0,15.0,-0.05,120.0,
07:31:05,120.0,33.0,125.16,50.0,116.0,45.0,153.89,36.0,5.159999999999997,78.0,86.0,1.0968454768127491,120.0,125.16,164,-8.0,-7.0,-0.05,120.86,7.0
07:31:06,122.86,74.0,204.27,44.0,117.02,47.0,319.45,44.0,81.41000000000001,121.0,88.0,19.109475921646933,122.86,204.27,209,33.0,45.0,0.16,124.0,3.0
07:31:14,122.67,9.0,149.0,35.0,120.2,20.0,172.0,21.0,26.33,29.0,56.0,40.91727593572182,122.67,149.0,85,-27.0,10.0,-0.32,123.33,3.0
07:31:15,116.42,114.0,132.32,34.0,115.74,43.0,158.81,32.0,15.899999999999991,157.0,66.0,47.35286137077672,116.42000000000002,132.32,223,91.0,138.0,0.41,120.0,3.0
07:31:16,116.29,38.0,120.36,22.0,115.96,83.0,178.77,26.0,4.069999999999993,121.0,48.0,29.08529903576712,116.29,120.36,169,73.0,-54.0,0.43,119.0,1.0
07:31:17,117.03,39.0,121.69,29.0,115.98,170.0,180.0,18.0,4.659999999999997,209.0,47.0,11.819596016784796,117.03,121.69,256,162.0,87.0,0.63,119.0,
07:31:18,118.06,33.0,119.86,21.0,116.0,264.0,264.0,45.0,1.7999999999999972,297.0,66.0,7.368537846818361,118.06,119.86,363,231.0,107.0,0.64,118.0,1.0
07:31:19,119.0,9.0,121.0,15.0,116.0,126.0,407.33,30.0,2.0,135.0,45.0,2.4067052166799074,119.0,121.0,180,90.0,-174.5,0.5,118.0,
07:31:20,116.16,93.0,120.57,14.0,114.95,148.0,121.84,19.0,4.409999999999997,241.0,33.0,0.7030149358258301,116.16,120.57,274,208.0,94.0,0.76,119.0,1.0
07:31:21,116.47,116.0,119.92,49.0,114.25,104.0,120.49,37.0,3.450000000000003,220.0,86.0,0.7384646233870606,116.47,119.92,306,134.0,32.0,0.44,119.0,
07:31:22,117.49,111.0,119.98,105.0,115.78,55.0,120.97,29.0,2.490000000000009,166.0,134.0,0.7097534783248228,117.49,119.98,300,32.0,-6.0,0.11,118.0,3.0
07:31:23,118.41,46.0,120.0,43.0,114.95,57.0,122.0,12.0,1.5900000000000034,103.0,55.0,0.7280109889240592,118.41,120.0,158,48.0,-142.0,0.3,119.29,7.0
07:31:24,116.0,30.0,120.0,10.0,113.85,106.0,122.0,10.0,4.0,136.0,20.0,0.4795831523251865,116.0,120.0,156,116.0,-2.0,0.74,119.29,
07:31:25,116.05,22.0,121.75,8.0,114.1,59.0,228.94,36.0,5.700000000000003,81.0,44.0,0.501727017405053,116.05,121.75,125,37.0,-31.0,0.3,119.29,
07:31:26,116.64,14.0,120.0,12.0,115.2,40.0,122.0,10.0,3.3599999999999994,54.0,22.0,0.4775667492551924,116.64,120.0,76,32.0,-49.0,0.42,119.0,2.0
07:31:27,116.0,27.0,120.0,9.0,114.0,87.0,121.62,13.0,4.0,114.0,22.0,0.5466991860192983,116.0,120.0,136,92.0,60.0,0.68,119.0,
07:31:28,116.0,36.0,118.12,32.0,114.0,132.0,120.5,20.0,2.1200000000000045,168.0,52.0,0.6671431630423448,116.0,118.12,220,116.0,84.0,0.53,119.0,
07:31:29,116.1,30.0,118.0,36.0,114.17,108.0,119.25,12.0,1.9000000000000057,138.0,48.0,0.80757662174814,116.1,118.0,186,90.0,-34.0,0.48,119.0,
07:31:30,116.2,15.0,118.0,17.0,114.44,41.0,119.0,7.0,1.7999999999999972,56.0,24.0,0.6079309171230934,116.2,118.0,80,32.0,-106.0,0.4,118.0,1.0
07:31:31,116.0,24.0,118.0,16.0,114.0,64.0,119.0,8.0,2.0,88.0,24.0,0.4252293498738289,116.0,118.0,112,64.0,32.0,0.57,118.0,
07:31:32,116.0,18.0,117.17,24.0,114.0,48.0,118.2,10.0,1.1700000000000017,66.0,34.0,0.2142895237619185,116.0,117.17,100,32.0,-12.0,0.32,118.0,
07:31:33,114.48,84.0,117.02,57.0,113.47,118.0,118.07,28.0,2.539999999999992,202.0,85.0,0.5677411381907235,114.48,117.02,287,117.0,173.5,0.41,116.0,3.0
07:31:34,114.0,88.0,116.0,33.0,113.0,44.0,118.0,29.0,2.0,132.0,62.0,0.8944160105868447,114.0,116.0,194,70.0,-93.0,0.36,116.0,
07:31:35,114.0,104.0,117.57,37.0,113.0,52.0,229.57,42.0,3.569999999999993,156.0,79.0,0.7818056024320114,114.0,117.57,235,77.0,41.0,0.33,116.67,6.0
07:31:36,114.0,64.0,119.0,19.0,113.0,32.0,256.0,24.0,5.0,96.0,43.0,0.6455385348637811,114.0,119.0,139,53.0,-96.0,0.38,116.67,
07:31:37,114.0,120.0,118.73,33.0,113.0,60.0,386.91,56.0,4.730000000000004,180.0,89.0,0.5949957982995145,114.0,118.73,269,91.0,130.0,0.34,116.67,
07:31:38,114.0,96.0,118.0,36.0,113.0,48.0,119.0,24.0,4.0,144.0,60.0,0.5920472954030589,114.0,118.0,204,84.0,-65.0,0.41,116.67,
07:31:39,114.21,95.0,117.93,42.0,113.44,55.0,118.89,27.0,3.720000000000013,150.0,69.0,0.2881319142234656,114.21,117.93,219,81.0,15.0,0.37,116.0,5.0
07:31:40,114.0,106.0,115.43,42.0,113.0,14.0,116.54,41.0,1.4300000000000068,120.0,83.0,0.7111047742731548,114.0,115.43,203,37.0,-16.0,0.18,114.0,4.0
07:31:41,114.0,22.0,116.5,24.0,113.0,10.0,119.38,26.0,2.5,32.0,50.0,0.6787267491369886,114.0,116.5,82,-18.0,-121.0,-0.22,114.0,3.0
07:31:42,113.73,11.0,118.0,22.0,112.14,14.0,120.0,33.0,4.269999999999996,25.0,55.0,0.5832409450596383,113.73,118.0,80,-30.0,-2.0,-0.38,114.0,1.0
07:31:43,114.1,10.0,118.0,20.0,112.64,11.0,120.0,30.0,3.9000000000000057,21.0,50.0,0.5926381695385988,114.1,118.0,71,-29.0,-9.0,-0.41,114.0,
07:31:44,113.78,9.0,118.0,12.0,111.67,9.0,120.0,27.0,4.219999999999999,18.0,39.0,0.5606424885736552,113.78,118.0,57,-21.0,-14.0,-0.37,118.0,1.0
07:31:45,113.53,112.0,115.56,18.0,112.33,12.0,119.62,26.0,2.030000000000001,124.0,44.0,0.6258354416250772,113.53,115.56,168,80.0,111.0,0.48,114.0,4.0
07:31:46,115.0,95.0,118.0,10.0,113.43,14.0,199.67,30.0,3.0,109.0,40.0,0.7325776409323893,115.0,118.0,149,69.0,-19.0,0.46,115.0,1.0
07:31:47,115.38,117.0,118.0,13.0,114.0,39.0,120.0,26.0,2.6200000000000045,156.0,39.0,0.8441741526450992,115.38,118.0,195,117.0,46.0,0.6,115.0,
07:31:48,116.0,90.0,118.36,11.0,114.0,30.0,142.18,22.0,2.3599999999999994,120.0,33.0,1.0166366115746994,116.0,118.36,153,87.0,-42.0,0.57,115.0,
07:31:49,116.05,85.0,117.37,19.0,114.0,36.0,119.47,19.0,1.3200000000000074,121.0,38.0,1.028265529906596,116.05,117.37,159,83.0,6.0,0.52,116.0,5.0
07:31:50,117.0,40.0,118.0,10.0,114.0,30.0,120.0,20.0,1.0,70.0,30.0,0.4114972660834111,117.0,118.0,100,40.0,-59.0,0.4,116.0,
07:31:51,116.25,32.0,118.0,10.0,113.29,34.0,120.2,20.0,1.75,66.0,30.0,0.3424178733567022,116.25,118.0,96,36.0,-4.0,0.38,116.4,5.0
07:31:52,111.85,26.0,117.03,31.0,110.94,34.0,118.67,12.0,5.180000000000007,60.0,43.0,1.234301421855347,111.85,117.03,103,17.0,7.0,0.17,112.43,7.0
07:31:53,108.0,50.0,256.57,28.0,89.0,40.0,342.68,25.0,148.57,90.0,53.0,29.47190814996535,108.0,256.57,143,37.0,40.0,0.26,113.7,10.0
07:32:00,123.0,53.0,421.89,38.0,120.0,10.0,466.3,27.0,298.89,63.0,65.0,57.59607512669574,123.0,421.89,128,-2.0,32.0,-0.02,123.0,3.0
07:32:01,123.0,59.0,309.43,56.0,120.0,14.0,366.14,56.0,186.43,73.0,112.0,45.248178637376895,123.0,309.43,185,-39.0,57.0,-0.21,123.0,1.0
07:32:02,123.0,37.0,194.8,45.0,120.0,13.0,231.85,47.0,71.80000000000001,50.0,92.0,43.60547935752982,123.0,194.8,142,-42.0,-43.0,-0.3,123.5,6.0
07:32:03,121.38,13.0,206.82,34.0,117.67,12.0,312.09,46.0,85.44,25.0,80.0,46.70471742768559,121.38,206.82,105,-55.0,-37.0,-0.52,123.5,
07:32:04,123.0,13.0,240.61,23.0,120.0,8.0,299.18,17.0,117.61,21.0,40.0,46.93738456710128,123.0,240.61000000000004,61,-19.0,-44.0,-0.31,123.0,1.0
07:32:05,123.0,11.0,273.13,23.0,120.0,11.0,317.21,38.0,150.13,22.0,61.0,23.801994244179458,123.0,273.13,83,-39.0,22.0,-0.47,123.0,
07:32:06,111.73,49.0,306.75,32.0,111.54,13.0,457.48,31.0,195.02,62.0,63.0,21.525752483942373,111.73,306.75,125,-1.0,42.0,-0.01,119.67,3.0
07:32:07,111.0,37.0,266.86,35.0,109.0,28.0,270.02,41.0,155.86,65.0,76.0,17.045098122332814,111.0,266.86,141,-11.0,16.0,-0.08,119.67,
07:32:08,111.0,26.0,114.0,13.0,109.0,26.0,115.08,13.0,3.0,52.0,26.0,38.088184125788274,111.0,114.0,78,26.0,-63.0,0.33,119.67,
07:32:09,111.0,22.0,112.74,38.0,109.0,22.0,114.18,11.0,1.7399999999999949,44.0,49.0,47.95477004428178,111.0,112.74,93,-5.0,15.0,-0.05,119.67,
07:32:10,111.0,18.0,112.0,36.0,109.0,18.0,114.0,9.0,1.0,36.0,45.0,48.260685552527534,111.0,112.0,81,-9.0,-12.0,-0.11,119.67,
07:32:11,111.25,16.0,151.82,22.0,108.54,28.0,182.53,19.0,40.56999999999999,44.0,41.0,33.332675110166825,111.25,151.82,85,3.0,4.0,0.04,112.75,4.0
07:32:12,116.26,43.0,180.97,33.0,107.76,17.0,188.35,52.0,64.71,60.0,85.0,16.543925471300103,116.26,180.97,145,-25.0,60.0,-0.17,116.75,4.0
07:32:13,113.44,54.0,170.3,53.0,111.29,34.0,172.65,43.0,56.860000000000014,88.0,96.0,17.001822843446348,113.44,170.30000000000004,184,-8.0,39.0,-0.04,116.75,
07:32:14,114.0,60.0,153.21,48.0,112.0,30.0,159.85,47.0,39.21000000000001,90.0,95.0,14.019891939666843,114.0,153.21,185,-5.0,1.0,-0.03,116.75,
07:32:15,116.21,28.0,127.67,42.0,115.06,34.0,130.38,52.0,11.460000000000008,62.0,94.0,10.19427535433176,116.21,127.67,156,-32.0,-29.0,-0.21,117.75,4.0
07:32:16,116.0,10.0,126.2,30.0,114.0,40.0,127.4,30.0,10.200000000000005,50.0,60.0,12.10107144016328,116.0,126.2,110,-10.0,-46.0,-0.09,117.75,
07:32:17,116.67,18.0,123.58,24.0,114.4,30.0,126.0,48.0,6.909999999999997,48.0,72.0,9.614956058138471,116.67,123.58,120,-24.0,10.0,-0.2,117.75,
07:32:18,114.37,65.0,120.14,28.0,113.43,28.0,122.82,44.0,5.769999999999996,93.0,72.0,6.287756356597498,114.37,120.14,165,21.0,45.0,0.13,116.25,4.0
07:32:19,114.0,52.0,116.11,28.0,113.0,39.0,117.58,38.0,2.1099999999999994,91.0,66.0,2.8676610678270995,114.0,116.11,157,25.0,-8.0,0.16,115.2,5.0
07:32:20,114.0,32.0,115.0,21.0,113.0,30.0,253.76,34.0,1.0,62.0,55.0,2.9507761690665166,114.0,115.0,117,7.0,-40.0,0.06,114.5,2.0
07:32:21,114.0,21.0,115.0,14.0,113.0,21.0,388.69,26.0,1.0,42.0,40.0,2.4267014649376515,114.0,115.0,82,2.0,-35.0,0.02,114.5,
07:32:22,113.67,12.0,116.4,30.0,109.21,28.0,266.18,51.0,2.730000000000004,40.0,81.0,1.1458490301650914,113.67,116.4,121,-41.0,39.0,-0.34,114.5,8.0
07:32:23,109.73,11.0,116.26,31.0,91.25,16.0,165.67,52.0,6.530000000000001,27.0,83.0,0.8406128716181158,109.73,116.26,110,-56.0,-11.0,-0.51,113.0,1.0
07:32:24,102.0,10.0,115.0,51.0,78.0,15.0,116.0,29.0,13.0,25.0,80.0,2.684069671213785,102.0,115.0,105,-55.0,-5.0,-0.52,113.0,
07:32:25,101.25,16.0,115.0,58.0,85.33,12.0,116.0,27.0,13.75,28.0,85.0,3.300283321160367,101.25,115.0,113,-57.0,8.0,-0.5,115.0,1.0
07:32:26,95.5,8.0,115.0,34.0,84.85,13.0,116.0,21.0,19.5,21.0,55.0,3.955549266527819,95.5,115.0,76,-34.0,-37.0,-0.45,115.0,2.0
07:32:31,90.33,9.0,109.0,16.0,68.87,15.0,113.0,32.0,18.67,24.0,48.0,7.429129827908829,90.33,109.0,72,-24.0,-28.0,-0.33,115.0,
07:32:34,107.14,14.0,109.0,14.0,97.14,14.0,113.0,28.0,1.8599999999999997,28.0,42.0,7.14314566559617,107.14,109.0,70,-14.0,-49.0,-0.2,115.0,
07:32:35,98.0,13.0,111.83,24.0,45.8,15.0,124.67,45.0,13.829999999999998,28.0,69.0,7.462256361176925,98.0,111.83,97,-41.0,27.0,-0.42,112.92,13.0
07:32:36,113.48,23.0,192.62,32.0,102.2,30.0,238.0,32.0,79.14,53.0,64.0,25.24401651876993,113.48,192.62,117,-11.0,20.0,-0.09,115.0,1.0
07:32:37,116.73,52.0,305.72,43.0,116.25,48.0,405.32,50.0,188.99,100.0,93.0,49.013467843032046,116.73,305.72,193,7.0,76.0,0.04,115.0,
07:32:38,120.29,38.0,193.6,20.0,118.83,36.0,319.75,16.0,73.30999999999999,74.0,36.0,43.43686648458819,120.29,193.6,110,38.0,-83.0,0.35,115.0,
07:32:39,122.0,48.0,166.35,26.0,121.0,8.0,221.2,15.0,44.35,56.0,41.0,38.04692852254887,122.0,166.34999999999997,97,15.0,-13.0,0.15,115.0,
07:32:46,122.09,22.0,134.67,18.0,121.55,11.0,137.0,18.0,12.579999999999984,33.0,36.0,2.444555174246517,122.09,134.67,69,-3.0,-95.0,-0.04,122.33,6.0
07:32:47,122.0,9.0,133.04,25.0,121.0,9.0,133.89,27.0,11.039999999999992,18.0,52.0,2.032786265187505,122.0,133.04,70,-34.0,1.0,-0.49,122.33,
07:32:48,120.42,38.0,128.55,47.0,119.5,32.0,129.1,39.0,8.13000000000001,70.0,86.0,2.438569252642704,120.42,128.55,156,-16.0,86.0,-0.1,121.0,3.0
07:32:49,120.0,50.0,124.95,20.0,119.0,40.0,125.85,20.0,4.950000000000003,90.0,40.0,2.909118423153964,120.0,124.95,130,50.0,-26.0,0.38,121.0,
07:32:50,120.0,53.0,121.75,40.0,119.0,48.0,122.71,28.0,1.75,101.0,68.0,3.2051786221571543,120.0,121.75,169,33.0,39.0,0.2,120.0,1.0
07:32:51,119.6,40.0,121.0,40.0,117.73,88.0,123.0,36.0,1.4000000000000057,128.0,76.0,2.9423069180377324,119.6,121.0,204,52.0,35.0,0.25,120.4,5.0
07:32:52,120.0,8.0,121.0,16.0,117.29,82.0,123.0,24.0,1.0,90.0,40.0,1.763907593932354,120.0,121.0,130,50.0,-74.0,0.38,120.0,2.0
07:32:53,117.0,118.0,120.12,16.0,115.0,32.0,280.0,40.0,3.1200000000000045,150.0,56.0,1.3982202973536917,117.0,120.12,206,94.0,76.0,0.46,120.0,1.0
07:32:54,117.0,170.0,118.36,11.0,115.0,47.0,280.0,40.0,1.3599999999999994,217.0,51.0,1.3879048958525733,117.0,118.36,268,166.0,62.0,0.62,118.0,1.0
07:32:55,117.0,97.0,242.12,17.0,115.0,45.0,437.6,25.0,125.12,142.0,42.0,26.99295093167724,117.0,242.12,184,100.0,-84.0,0.54,117.0,3.0
07:32:56,118.09,44.0,280.0,25.0,116.52,58.0,621.0,25.0,161.91,102.0,50.0,39.17932362866848,118.09,280.0,152,52.0,-32.0,0.34,117.0,
07:33:00,117.45,71.0,305.67,45.0,116.15,87.0,562.78,45.0,188.22000000000003,158.0,90.0,17.974385107701398,117.45000000000002,305.67,248,68.0,173.5,0.27,122.33,3.0
07:33:01,120.57,106.0,297.4,50.0,116.46,134.0,694.4,50.0,176.82999999999998,240.0,100.0,16.795460100871257,120.57,297.4,340,140.0,92.0,0.41,122.33,
07:33:05,117.07,163.0,166.3,50.0,115.54,70.0,389.93,46.0,49.23000000000002,233.0,96.0,62.77097521944331,117.07,166.3,329,137.0,115.0,0.42,122.33,
07:33:06,118.78,54.0,166.0,50.0,117.5,144.0,262.95,38.0,47.22,198.0,88.0,75.66729689899041,118.78,166.0,286,110.0,-43.0,0.38,122.33,
07:33:07,119.4,25.0,166.0,45.0,117.6,100.0,274.0,36.0,46.6,125.0,81.0,81.28477083685455,119.4,166.0,206,44.0,-80.0,0.21,118.78,9.0
07:33:08,118.73,60.0,165.67,75.0,117.0,150.0,247.75,48.0,46.93999999999998,210.0,123.0,64.36178967368727,118.73,165.67,333,87.0,127.0,0.26,118.78,
07:33:09,119.33,48.0,165.0,60.0,117.0,120.0,267.0,45.0,45.67,168.0,105.0,0.3683069371479169,119.33,165.0,273,63.0,-60.0,0.23,118.78,
07:33:10,121.0,48.0,164.92,60.0,117.09,88.0,270.08,36.0,43.91999999999999,136.0,96.0,0.3396027089870145,121.0,164.92,232,40.0,-41.0,0.17,118.78,
07:33:11,121.0,36.0,162.67,45.0,117.14,58.0,235.67,27.0,41.66999999999999,94.0,72.0,0.4520730029003074,121.0,162.67,166,22.0,-66.0,0.13,118.78,
07:33:12,121.0,32.0,161.5,50.0,117.0,114.0,395.74,43.0,40.5,146.0,93.0,0.6221494996793612,121.0,161.5,239,53.0,73.0,0.22,121.0,2.0
07:33:13,121.0,16.0,159.25,40.0,117.0,94.0,316.64,28.0,38.25,110.0,68.0,1.0628405336414488,121.0,159.25,178,42.0,-61.0,0.24,121.0,
07:33:14,119.13,30.0,157.69,48.0,116.78,90.0,366.67,36.0,38.56,120.0,84.0,1.734828521771297,119.12999999999998,157.69,204,36.0,26.0,0.18,118.6,5.0
07:33:15,118.98,41.0,156.72,47.0,116.73,73.0,190.13,46.0,37.74,114.0,93.0,1.7333551280539945,118.98,156.72,207,21.0,3.0,0.1,118.6,
07:33:16,120.29,34.0,156.92,65.0,117.63,71.0,168.82,44.0,36.62999999999998,105.0,109.0,1.3992926784454425,120.29,156.92,214,-4.0,7.0,-0.02,118.6,
07:33:17,121.6,20.0,154.8,50.0,120.0,30.0,165.84,43.0,33.20000000000002,50.0,93.0,0.8749114240601842,121.6,154.8,143,-43.0,-71.0,-0.3,118.6,
07:33:18,120.57,14.0,152.29,56.0,117.24,76.0,153.48,42.0,31.72,90.0,98.0,0.868562029996145,120.57,152.29,188,-8.0,45.0,-0.04,121.0,4.0
07:33:19,120.55,11.0,148.74,38.0,117.24,38.0,149.97,36.0,28.19000000000001,49.0,74.0,1.6234623494097618,120.55,148.74,123,-25.0,-65.0,-0.2,121.0,
07:33:20,121.0,32.0,143.71,68.0,120.0,16.0,144.76,74.0,22.710000000000008,48.0,142.0,2.598005003834891,121.0,143.71,190,-94.0,67.0,-0.49,121.0,
07:33:21,122.91,77.0,137.13,89.0,120.5,28.0,138.49,89.0,14.22,105.0,178.0,3.2395786763020897,122.91,137.13,283,-73.0,93.0,-0.26,121.0,
07:33:22,117.51,63.0,131.23,69.0,115.06,356.0,132.94,33.0,13.719999999999985,419.0,102.0,4.687618798489426,117.51,131.23,521,317.0,173.5,0.61,118.57,7.0
07:33:26,117.3,47.0,142.05,58.0,115.02,546.0,184.4,63.0,24.75000000000001,593.0,121.0,2.220331056386017,117.29999999999998,142.05,714,472.0,173.5,0.66,124.0,1.0
07:33:27,117.02,43.0,138.04,50.0,115.01,507.0,138.96,55.0,21.02,550.0,105.0,2.1887964729394493,117.02,138.04,655,445.0,-59.0,0.68,124.0,
07:33:28,118.33,12.0,137.0,30.0,117.08,26.0,138.0,40.0,18.67,38.0,70.0,2.0133007723517378,118.33,137.0,108,-32.0,-174.5,-0.3,124.0,
07:33:29,121.91,22.0,137.0,24.0,118.8,10.0,138.0,32.0,15.090000000000003,32.0,56.0,1.8908516599543128,121.91,137.0,88,-24.0,-20.0,-0.27,124.0,
07:33:34,118.11,18.0,130.05,40.0,115.18,260.0,131.2,45.0,11.940000000000012,278.0,85.0,2.4587354473289578,118.11,130.05,363,193.0,173.5,0.53,120.25,4.0
07:33:35,117.0,17.0,125.27,41.0,115.0,396.0,126.62,47.0,8.269999999999996,413.0,88.0,3.7257777711441937,117.0,125.27,501,325.0,138.0,0.65,117.0,1.0
07:33:36,115.47,47.0,119.32,47.0,114.99,401.0,120.33,46.0,3.8499999999999934,448.0,93.0,4.97264718233181,115.47,119.32,541,355.0,40.0,0.66,117.0,1.0
07:33:37,115.0,367.0,117.92,37.0,114.0,55.0,119.09,43.0,2.9200000000000017,422.0,80.0,4.885174510695879,115.0,117.92,502,342.0,-39.0,0.68,115.0,8.0
07:33:38,115.0,270.0,117.33,30.0,114.0,50.0,120.78,45.0,2.3299999999999983,320.0,75.0,3.4418497933455656,115.0,117.33,395,245.0,-107.0,0.62,115.0,2.0
07:33:39,115.0,104.0,120.56,18.0,114.0,20.0,207.67,12.0,5.560000000000002,124.0,30.0,1.9817239969160785,115.0,120.56,154,94.0,-174.5,0.61,117.0,4.0
07:33:40,118.68,202.0,190.89,47.0,115.43,87.0,563.09,67.0,72.20999999999998,289.0,114.0,16.935343811093773,118.68,190.89,403,175.0,173.5,0.43,121.0,3.0
07:33:41,121.0,108.0,264.86,21.0,118.0,36.0,391.65,20.0,143.86,144.0,41.0,34.04173365150416,121.0,264.86,185,103.0,-174.5,0.56,121.0,
07:33:42,121.0,90.0,182.11,38.0,118.0,30.0,194.73,41.0,61.110000000000014,120.0,79.0,31.601483825921058,121.0,182.11,199,41.0,14.0,0.21,121.0,
07:33:43,121.0,72.0,175.0,16.0,118.0,30.0,284.38,40.0,54.0,102.0,56.0,26.763591874035697,121.0,175.0,158,46.0,-41.0,0.29,121.0,
07:33:44,121.0,99.0,174.55,22.0,118.0,33.0,440.83,47.0,53.55000000000001,132.0,69.0,19.180615735683485,121.0,174.55,201,63.0,43.0,0.31,121.0,
07:33:45,121.0,69.0,173.11,18.0,118.0,27.0,475.92,37.0,52.110000000000014,96.0,55.0,19.9034964265063,121.0,173.11,151,41.0,-50.0,0.27,121.0,
07:33:46,121.0,70.0,173.0,18.0,118.0,27.0,435.63,35.0,52.0,97.0,53.0,1.8813638669725523,121.0,173.0,150,44.0,-1.0,0.29,121.0,
07:33:47,121.0,102.0,158.64,47.0,118.0,36.0,250.05,19.0,37.63999999999999,138.0,66.0,3.4432687957738817,121.0,158.64,204,72.0,54.0,0.35,121.0,3.0
07:33:49,121.24,107.0,146.62,48.0,119.45,64.0,149.1,59.0,25.38000000000001,171.0,107.0,5.618530056869909,121.24,146.62,278,64.0,-156.0,0.23,123.0,7.0
07:33:50,121.0,126.0,142.62,64.0,118.0,42.0,144.46,59.0,21.620000000000005,168.0,123.0,5.918583445382085,121.0,142.62,291,45.0,13.0,0.15,123.0,
07:33:51,121.0,108.0,139.52,52.0,118.0,36.0,140.71,56.0,18.52000000000001,144.0,108.0,4.334954440354725,121.0,139.52,252,36.0,-39.0,0.14,123.0,
07:33:52,121.0,103.0,136.25,60.0,118.0,36.0,140.0,48.0,15.25,139.0,108.0,4.120367702032339,121.0,136.25,247,31.0,-5.0,0.13,121.0,5.0
07:33:53,121.0,68.0,131.31,72.0,118.0,51.0,134.03,62.0,10.310000000000002,119.0,134.0,2.974765536971176,121.0,131.31,253,-15.0,6.0,-0.06,121.0,
07:33:54,121.0,48.0,126.59,39.0,117.6,30.0,128.02,49.0,5.590000000000003,78.0,88.0,3.20450152129025,121.0,126.59,166,-10.0,-87.0,-0.06,121.0,
07:33:55,119.08,100.0,122.8,80.0,117.82,98.0,160.13,60.0,3.719999999999999,198.0,140.0,3.725274486524677,119.08,122.8,338,58.0,172.0,0.17,121.36,11.0
07:33:56,118.0,72.0,122.58,24.0,117.0,10.0,223.29,28.0,4.579999999999998,82.0,52.0,3.504635501725084,118.0,122.58,134,30.0,-174.5,0.22,122.33,3.0
07:33:57,118.0,56.0,123.0,30.0,117.0,90.0,278.13,23.0,5.0,146.0,53.0,2.5576610408636884,118.0,123.0,199,93.0,65.0,0.47,118.0,3.0
07:33:58,118.0,45.0,137.78,27.0,117.0,81.0,345.33,24.0,19.78,126.0,51.0,3.235285149712756,118.0,137.78,177,75.0,-22.0,0.42,120.0,3.0
07:33:59,119.04,26.0,232.4,15.0,116.76,49.0,382.4,15.0,113.36,75.0,30.0,24.053716344880087,119.04,232.4,105,45.0,-72.0,0.43,118.0,5.0
07:34:00,118.54,39.0,152.5,16.0,116.5,60.0,444.75,16.0,33.959999999999994,99.0,32.0,23.07993565848812,118.54,152.5,131,67.0,26.0,0.51,120.0,4.0
07:34:01,117.0,16.0,300.44,9.0,115.0,20.0,355.14,7.0,183.44,36.0,16.0,37.453253530233546,117.0,300.44,52,20.0,-79.0,0.38,117.0,6.0
07:34:03,118.32,19.0,251.67,36.0,115.55,29.0,254.0,27.0,133.35,48.0,63.0,50.0029107152769,118.32,251.67,111,-15.0,9.0,-0.14,119.33,3.0
07:34:04,115.89,36.0,250.0,36.0,114.5,40.0,354.17,23.0,134.11,76.0,59.0,49.399393720975496,115.89,250.0,135,17.0,24.0,0.13,116.5,4.0
07:34:05,115.0,20.0,250.0,20.0,114.0,17.0,653.33,12.0,135.0,37.0,32.0,38.01724187786319,115.0,250.0,69,5.0,-66.0,0.07,116.5,
07:34:06,115.0,40.0,247.9,40.0,114.0,10.0,525.3,23.0,132.9,50.0,63.0,39.46965885335158,115.0,247.9,113,-13.0,44.0,-0.12,116.5,
07:34:07,115.09,22.0,170.13,23.0,114.44,9.0,235.4,20.0,55.03999999999999,31.0,43.0,18.09527756073259,115.09,170.13,74,-12.0,-39.0,-0.16,116.5,
07:34:08,120.27,41.0,151.3,40.0,115.43,28.0,170.8,40.0,31.030000000000012,69.0,80.0,23.73710660548061,120.27,151.3,149,-11.0,75.0,-0.07,116.5,
07:34:09,121.0,70.0,148.79,56.0,115.0,56.0,150.57,56.0,27.789999999999992,126.0,112.0,24.403844574163934,121.0,148.79,238,14.0,89.0,0.06,116.5,
07:34:10,121.0,45.0,144.53,43.0,114.82,39.0,145.54,37.0,23.53,84.0,80.0,20.431948022642125,121.0,144.53,164,4.0,-74.0,0.02,116.5,
07:34:11,121.33,30.0,134.97,33.0,119.2,35.0,142.37,38.0,13.64,65.0,71.0,5.251190341241581,121.33,134.97,136,-6.0,-28.0,-0.04,122.0,2.0
07:34:12,117.0,10.0,121.0,30.0,115.7,10.0,137.8,30.0,4.0,20.0,60.0,6.88015770167724,117.0,121.0,80,-40.0,-56.0,-0.5,121.0,5.0
07:34:13,116.82,11.0,119.27,41.0,115.82,11.0,127.3,40.0,2.450000000000003,22.0,81.0,7.7495903117486495,116.82,119.27,103,-59.0,23.0,-0.57,117.75,4.0
07:34:14,115.67,9.0,117.29,17.0,114.17,36.0,158.47,17.0,1.6200000000000043,45.0,34.0,7.159341450157865,115.67,117.29,79,11.0,-24.0,0.14,116.0,1.0
07:34:15,115.0,11.0,117.0,33.0,114.0,110.0,229.45,22.0,2.0,121.0,55.0,4.964089040292126,115.0,117.0,176,66.0,97.0,0.38,116.0,
07:34:16,114.05,38.0,116.17,18.0,113.0,40.0,233.0,12.0,2.1200000000000045,78.0,30.0,1.5729526375413658,114.05,116.17,108,48.0,-68.0,0.44,114.5,2.0
07:34:17,114.0,72.0,155.36,22.0,100.5,24.0,448.0,16.0,41.360000000000014,96.0,38.0,8.240559447024724,114.0,155.36,134,58.0,26.0,0.43,115.0,3.0
07:34:18,114.34,35.0,306.8,15.0,101.93,42.0,625.0,20.0,192.46,77.0,35.0,41.06968675312668,114.34,306.8,112,42.0,-22.0,0.38,115.0,
07:34:19,114.27,45.0,223.27,22.0,111.6,52.0,416.0,18.0,109.0,97.0,40.0,40.69492879954392,114.27,223.27,137,57.0,25.0,0.42,115.0,4.0
07:34:20,114.0,63.0,145.51,35.0,101.73,44.0,202.31,32.0,31.50999999999999,107.0,67.0,38.297857250764686,114.0,145.51,174,40.0,37.0,0.23,115.0,
07:34:21,114.0,28.0,115.0,36.0,76.0,36.0,239.0,26.0,1.0,64.0,62.0,38.44455787234325,114.0,115.0,126,2.0,-48.0,0.02,114.0,5.0
07:34:22,114.0,16.0,120.33,30.0,90.74,38.0,240.29,17.0,6.329999999999998,54.0,47.0,41.08441225087624,114.0,120.33,101,7.0,-25.0,0.07,115.0,4.0
07:34:23,109.53,17.0,361.42,19.0,99.67,33.0,473.32,25.0,251.89,50.0,44.0,50.886361925372,109.53,361.42,94,6.0,-7.0,0.06,114.0,2.0
07:34:24,121.0,10.0,380.53,19.0,106.22,23.0,670.15,26.0,259.53,33.0,45.0,67.63733939178825,121.0,380.53,78,-12.0,-16.0,-0.15,114.0,
07:34:25,121.0,14.0,419.11,18.0,107.97,29.0,481.89,18.0,298.11,43.0,36.0,75.64047580495478,121.0,419.11,79,7.0,1.0,0.09,114.0,
07:34:26,121.0,8.0,260.33,12.0,87.0,20.0,404.75,12.0,139.32999999999998,28.0,24.0,60.96901155505106,121.0,260.33,52,4.0,-27.0,0.08,114.0,
07:34:27,107.27,22.0,412.84,37.0,86.18,51.0,579.08,26.0,305.57,73.0,63.0,31.08769821006293,107.27,412.84,136,10.0,84.0,0.07,121.0,2.0
07:34:29,114.8,15.0,232.56,25.0,101.83,24.0,422.96,23.0,117.76,39.0,48.0,47.298456951574536,114.8,232.56,87,-9.0,17.0,-0.1,121.0,
07:34:30,115.37,19.0,228.3,30.0,106.0,17.0,229.5,30.0,112.93,36.0,60.0,48.607427107387096,115.37,228.3,96,-24.0,9.0,-0.25,116.0,2.0
07:34:31,98.89,54.0,176.53,40.0,92.33,90.0,213.75,36.0,77.64,144.0,76.0,59.43808652707412,98.89,176.53,220,68.0,124.0,0.31,114.0,1.0
07:34:32,100.44,43.0,110.86,28.0,92.88,49.0,134.57,21.0,10.420000000000002,92.0,49.0,62.47157817759972,100.44,110.86,141,43.0,-79.0,0.3,110.0,4.0
07:34:33,101.06,68.0,112.0,30.0,60.87,30.0,114.0,20.0,10.939999999999998,98.0,50.0,33.349163407797164,101.06,112.0,148,48.0,7.0,0.32,113.62,8.0
07:34:34,107.5,12.0,170.0,30.0,93.29,21.0,193.14,29.0,62.5,33.0,59.0,27.42077095925565,107.5,170.0,92,-26.0,-56.0,-0.28,123.0,2.0
07:34:35,114.5,16.0,167.0,36.0,106.67,27.0,195.25,36.0,52.5,43.0,72.0,18.09957237063789,114.5,167.0,115,-29.0,23.0,-0.25,114.25,4.0
07:34:36,115.76,17.0,165.88,24.0,73.88,16.0,249.43,21.0,50.11999999999999,33.0,45.0,18.652820162108423,115.76,165.88,78,-12.0,-37.0,-0.15,114.25,
07:34:40,122.0,34.0,136.48,31.0,118.35,63.0,151.77,39.0,14.47999999999999,97.0,70.0,5.973484745101259,122.0,136.48,167,27.0,87.0,0.16,124.4,5.0
07:34:43,118.84,64.0,128.1,31.0,117.72,58.0,129.15,39.0,9.259999999999993,122.0,70.0,6.081319758075427,118.84,128.1,192,52.0,51.0,0.27,119.8,5.0
07:34:44,118.0,35.0,126.86,14.0,117.0,14.0,294.15,26.0,8.86,49.0,40.0,3.399745578710132,118.0,126.86,89,9.0,-103.0,0.1,119.8,
07:34:45,118.0,50.0,125.7,20.0,117.0,20.0,405.8,50.0,7.700000000000003,70.0,70.0,3.4951366210720987,118.0,125.7,140,0.0,51.0,0.0,119.8,
07:34:46,118.0,50.0,123.67,15.0,117.0,20.0,382.22,32.0,5.670000000000002,70.0,47.0,2.4214458490661066,118.0,123.67,117,23.0,-23.0,0.2,119.8,
07:34:47,118.0,36.0,121.33,9.0,117.0,18.0,123.24,33.0,3.3299999999999983,54.0,42.0,1.462326912820669,118.0,121.33,96,12.0,-21.0,0.12,118.0,3.0
07:34:48,118.0,48.0,126.83,12.0,117.0,15.0,493.24,17.0,8.829999999999998,63.0,29.0,1.1846518475736467,118.0,126.83,92,34.0,-4.0,0.37,118.0,3.0
07:34:52,117.0,30.0,408.82,11.0,114.0,84.0,706.41,37.0,291.82,114.0,48.0,85.63639839460757,117.0,408.82,162,66.0,76.0,0.41,118.0,
07:34:53,117.0,11.0,266.57,7.0,114.0,40.0,310.0,8.0,149.57,51.0,15.0,59.48178334582737,117.0,266.57,66,36.0,-96.0,0.55,118.0,
07:34:54,118.72,40.0,266.0,6.0,115.59,17.0,269.0,12.0,147.28,57.0,18.0,44.26686085549722,118.72,266.0,75,39.0,9.0,0.52,119.0,2.0
07:34:55,120.05,79.0,204.17,12.0,117.76,38.0,287.08,13.0,84.11999999999999,117.0,25.0,50.66278249366054,120.04999999999998,204.17,142,92.0,67.0,0.65,119.0,
07:34:56,121.47,38.0,189.69,13.0,120.82,67.0,241.0,13.0,68.22,105.0,26.0,42.55501674303469,121.46999999999998,189.69,131,79.0,-11.0,0.6,121.5,4.0
07:34:57,121.0,46.0,123.0,20.0,118.0,10.0,195.1,10.0,2.0,56.0,30.0,29.206562105115506,121.0,123.0,86,26.0,-45.0,0.3,121.0,2.0
07:34:58,121.0,27.0,122.4,10.0,118.0,9.0,174.73,15.0,1.4000000000000057,36.0,25.0,29.808705104381367,121.0,122.4,61,11.0,-25.0,0.18,122.5,2.0
07:34:59,121.0,21.0,122.0,7.0,118.0,7.0,482.9,10.0,1.0,28.0,17.0,20.458360638134582,121.0,122.0,45,11.0,-16.0,0.24,122.5,
07:35:00,119.75,24.0,163.17,12.0,117.04,25.0,338.33,12.0,43.41999999999999,49.0,24.0,15.498745755704729,119.75,163.17,73,25.0,28.0,0.34,120.4,5.0
07:35:08,122.44,25.0,175.0,21.0,120.57,7.0,195.0,21.0,52.56,32.0,42.0,5.211245532497138,122.44,175.0,74,-10.0,-52.0,-0.14,124.0,5.0
07:35:09,121.0,36.0,152.18,33.0,118.0,9.0,263.39,31.0,31.180000000000007,45.0,64.0,10.209032765153212,121.0,152.18,109,-19.0,35.0,-0.17,124.0,
07:35:10,121.0,32.0,126.25,24.0,118.0,8.0,487.5,16.0,5.25,40.0,40.0,15.174685169715143,121.0,126.25,80,0.0,-29.0,0.0,124.0,
07:35:11,120.64,55.0,126.0,42.0,118.14,21.0,447.51,35.0,5.359999999999999,76.0,77.0,15.08708156006237,120.64,126.0,153,-1.0,73.0,-0.01,119.43,7.0
07:35:12,117.0,50.0,126.0,30.0,115.0,20.0,195.74,46.0,9.0,70.0,76.0,11.711434583345234,117.0,126.0,146,-6.0,-7.0,-0.04,119.43,
07:35:13,116.89,38.0,124.73,33.0,114.71,28.0,205.45,33.0,7.840000000000003,66.0,66.0,6.494610842843133,116.89,124.73,132,0.0,-14.0,0.0,117.0,3.0
07:35:14,115.0,18.0,123.0,27.0,114.0,37.0,223.14,22.0,8.0,55.0,49.0,1.8987100884485089,115.0,123.0,104,6.0,-28.0,0.06,117.0,
07:35:15,115.35,20.0,122.33,36.0,114.15,53.0,250.0,48.0,6.980000000000004,73.0,84.0,1.8618485437801584,115.35,122.33,157,-11.0,53.0,-0.07,117.0,
07:35:16,119.64,14.0,122.0,38.0,114.77,47.0,492.0,13.0,2.3599999999999994,61.0,51.0,1.1974890396059572,119.64,122.0,112,10.0,-45.0,0.09,122.0,1.0
07:35:17,117.0,18.0,120.37,19.0,115.0,36.0,273.38,40.0,3.3700000000000045,54.0,59.0,1.0876580344834952,117.0,120.37,113,-5.0,1.0,-0.04,122.0,
07:35:18,115.92,52.0,118.5,48.0,114.54,78.0,119.45,38.0,2.5799999999999983,130.0,86.0,1.284912448370175,115.92,118.5,216,44.0,103.0,0.2,117.0,2.0
07:35:19,115.0,35.0,116.0,10.0,112.0,24.0,141.27,26.0,1.0,59.0,36.0,1.9858247656771624,115.0,116.0,95,23.0,-121.0,0.24,115.25,8.0
07:35:20,112.5,8.0,116.0,8.0,104.09,22.0,240.0,20.0,3.5,30.0,28.0,2.5906118968260947,112.5,116.0,58,2.0,-37.0,0.03,112.2,5.0
07:35:21,106.42,38.0,297.44,36.0,77.42,69.0,352.93,28.0,191.02,107.0,64.0,38.28257736882372,106.42,297.44,171,43.0,113.0,0.25,113.0,2.0
07:35:22,104.8,45.0,111.0,16.0,74.0,42.0,261.71,35.0,6.200000000000003,87.0,51.0,39.607482500153615,104.8,111.0,138,36.0,-33.0,0.26,113.0,
07:35:39,121.16,45.0,125.22,18.0,120.7,46.0,181.22,9.0,4.060000000000002,91.0,27.0,26.8804981352647,121.16,125.22,118,64.0,40.0,0.54,123.0,2.0
07:35:40,121.12,34.0,125.0,14.0,120.72,43.0,166.27,15.0,3.879999999999996,77.0,29.0,5.837276762324181,121.12,125.0,106,48.0,-12.0,0.45,123.0,
07:35:41,121.07,75.0,124.33,36.0,120.12,64.0,125.6,30.0,3.260000000000005,139.0,66.0,2.960456045944599,121.07,124.33,205,73.0,99.0,0.36,123.0,
07:35:42,121.0,62.0,124.0,36.0,117.0,9.0,125.0,18.0,3.0,71.0,54.0,0.9948869282335244,121.0,124.0,125,17.0,-80.0,0.14,121.0,4.0
07:35:43,120.88,66.0,131.52,50.0,116.33,18.0,188.95,44.0,10.640000000000017,84.0,94.0,1.5178273946565632,120.88,131.52,178,-10.0,53.0,-0.06,121.0,6.0
07:35:44,114.82,22.0,236.62,47.0,104.85,26.0,441.85,41.0,121.8,48.0,88.0,23.350671938939342,114.82,236.62,136,-40.0,-42.0,-0.29,115.2,5.0
07:35:45,118.12,17.0,234.75,36.0,85.35,23.0,309.24,34.0,116.63,40.0,70.0,28.67107776139517,118.12,234.75,110,-30.0,-26.0,-0.27,115.2,
07:35:51,118.67,72.0,154.25,36.0,117.91,140.0,155.5,36.0,35.58,212.0,72.0,2.56400663025056,118.67,154.25,284,140.0,77.0,0.49,121.0,2.0
07:35:52,118.22,120.0,148.04,47.0,117.85,123.0,151.94,47.0,29.819999999999997,243.0,94.0,3.831677178464929,118.22,148.04,337,149.0,53.0,0.44,118.0,3.0
07:35:53,119.85,39.0,124.86,42.0,118.0,184.0,128.0,42.0,5.010000000000005,223.0,84.0,7.6525322606291075,119.85,124.86,307,139.0,-30.0,0.45,120.0,1.0
07:35:54,120.27,71.0,122.94,48.0,116.92,168.0,124.44,48.0,2.6700000000000017,239.0,96.0,8.371772213812893,120.27,122.94,335,143.0,28.0,0.43,121.0,3.0
07:35:55,121.0,58.0,123.91,33.0,117.0,84.0,179.0,45.0,2.9099999999999966,142.0,78.0,7.041972024935195,121.0,123.91,220,64.0,-115.0,0.29,121.0,3.0
07:35:56,121.0,47.0,160.0,23.0,117.0,56.0,261.83,24.0,39.0,103.0,47.0,8.459487573131707,121.0,160.0,150,56.0,-70.0,0.37,121.0,3.0
07:35:57,121.0,55.0,285.21,53.0,117.0,85.0,370.0,45.0,164.20999999999998,140.0,98.0,35.07115980403226,121.0,285.21,238,42.0,88.0,0.18,121.0,
07:35:58,121.0,35.0,291.71,35.0,117.0,53.0,512.53,15.0,170.70999999999998,88.0,50.0,42.61600661723208,121.0,291.71,138,38.0,-100.0,0.28,121.0,
07:35:59,117.36,110.0,290.29,70.0,115.19,186.0,433.11,18.0,172.93,296.0,88.0,40.481791956384136,117.36,290.29,384,208.0,173.5,0.54,119.22,9.0
07:36:00,117.0,36.0,213.11,45.0,115.0,126.0,282.44,45.0,96.11,162.0,90.0,29.61552160607621,117.0,213.11,252,72.0,-132.0,0.29,117.0,3.0
07:36:01,117.0,27.0,251.22,45.0,115.0,126.0,314.33,45.0,134.22,153.0,90.0,17.719672683206266,117.0,251.22,243,63.0,-9.0,0.26,117.0,
07:36:02,117.0,25.0,163.22,45.0,115.0,126.0,191.78,45.0,46.22,151.0,90.0,27.80958234134355,117.0,163.22,241,61.0,-2.0,0.25,117.0,2.0
07:36:07,122.0,26.0,158.77,65.0,121.0,102.0,313.82,85.0,36.77000000000001,128.0,150.0,2.0388060231342657,122.0,158.77,278,-22.0,38.0,-0.08,117.0,
07:36:08,122.0,16.0,157.38,40.0,121.0,64.0,299.0,42.0,35.379999999999995,80.0,82.0,2.182285499188546,122.0,157.38,162,-2.0,-116.0,-0.01,117.0,
07:36:19,122.02,46.0,255.19,36.0,119.06,47.0,256.75,56.0,133.17000000000002,93.0,92.0,9.451437985828711,122.02,255.19,185,1.0,39.0,0.01,124.12,8.0
07:36:20,121.0,96.0,252.83,60.0,117.0,84.0,254.0,12.0,131.83,180.0,72.0,4.485491054496263,121.0,252.83,252,108.0,67.0,0.43,124.12,
07:36:21,121.18,87.0,239.3,37.0,117.82,88.0,247.66,35.0,118.12,175.0,72.0,5.945790948222611,121.18,239.3,247,103.0,-5.0,0.42,124.12,
07:36:22,121.45,88.0,194.38,53.0,118.32,136.0,213.31,51.0,72.92999999999999,224.0,104.0,13.999407844618505,121.45,194.38,328,120.0,81.0,0.37,122.6,5.0
07:36:23,121.0,74.0,148.22,23.0,117.0,105.0,149.23,26.0,27.22,179.0,49.0,23.104526612765003,121.0,148.22,228,130.0,-100.0,0.57,121.0,4.0
07:36:24,121.0,26.0,144.03,31.0,117.0,73.0,145.36,28.0,23.03,99.0,59.0,25.13133542014762,121.0,144.03,158,40.0,-70.0,0.25,121.0,
07:36:25,121.0,20.0,137.9,20.0,117.0,40.0,140.11,35.0,16.900000000000006,60.0,55.0,21.76761057167201,121.0,137.9,115,5.0,-43.0,0.04,121.0,
07:36:26,121.0,22.0,134.4,15.0,117.0,134.0,136.18,34.0,13.400000000000006,156.0,49.0,12.301965290146406,121.0,134.4,205,107.0,90.0,0.52,121.0,
07:36:27,121.0,30.0,127.9,41.0,117.0,195.0,129.89,36.0,6.900000000000006,225.0,77.0,3.989828317104257,121.0,127.90000000000002,302,148.0,97.0,0.49,121.0,
07:36:28,117.25,97.0,124.19,42.0,115.67,116.0,124.75,32.0,6.939999999999998,213.0,74.0,4.552435611841951,117.25,124.18999999999998,287,139.0,-15.0,0.48,121.0,2.0
07:36:29,117.0,151.0,119.22,36.0,115.04,114.0,122.54,52.0,2.219999999999999,265.0,88.0,4.717216340169972,117.0,119.22,353,177.0,66.0,0.5,117.0,8.0
07:36:30,117.0,50.0,122.21,38.0,115.0,110.0,149.12,26.0,5.209999999999994,160.0,64.0,3.902098153553607,117.0,122.21,224,96.0,-129.0,0.43,118.0,2.0
07:36:31,117.35,69.0,123.0,57.0,115.37,98.0,361.17,12.0,5.650000000000006,167.0,69.0,2.355911713109455,117.35,123.0,236,98.0,12.0,0.42,123.0,3.0
07:36:34,119.59,46.0,338.12,8.0,118.0,48.0,451.38,8.0,218.53,94.0,16.0,87.13630603829826,119.59,338.12,110,78.0,-8.0,0.71,120.0,1.0
07:36:35,121.0,65.0,160.77,13.0,118.0,78.0,204.23,13.0,39.77000000000001,143.0,26.0,81.9278896347268,121.0,160.77,169,117.0,59.0,0.69,120.0,
07:36:36,121.0,27.0,153.78,9.0,118.0,54.0,155.44,9.0,32.78,81.0,18.0,77.15915227631766,121.0,153.78,99,63.0,-70.0,0.64,121.0,3.0
07:36:37,122.07,30.0,151.44,9.0,118.26,46.0,155.0,9.0,29.370000000000005,76.0,18.0,71.77586906474887,122.07,151.44,94,58.0,-5.0,0.62,121.0,
07:36:38,123.0,72.0,145.89,9.0,121.0,18.0,147.89,9.0,22.889999999999983,90.0,18.0,40.98164076754338,123.0,145.89,108,72.0,14.0,0.67,121.0,
07:36:39,119.24,25.0,142.77,22.0,117.83,71.0,143.22,37.0,23.530000000000012,96.0,59.0,3.661001229168248,119.24,142.77,155,37.0,47.0,0.24,120.0,3.0
07:36:40,118.02,45.0,140.65,34.0,117.06,77.0,141.06,16.0,22.63000000000001,122.0,50.0,3.5292817966225174,118.02,140.65,172,72.0,17.0,0.42,118.0,2.0
07:36:41,119.36,59.0,136.13,45.0,117.62,82.0,137.46,13.0,16.769999999999996,141.0,58.0,3.700139186567288,119.36,136.13,199,83.0,27.0,0.42,118.0,
07:36:42,121.47,118.0,135.71,76.0,119.45,93.0,136.5,20.0,14.240000000000007,211.0,96.0,2.647257071002103,121.47,135.71,307,115.0,108.0,0.37,121.0,5.0
07:36:43,122.1,84.0,131.32,22.0,121.52,62.0,132.43,58.0,9.22,146.0,80.0,1.6297177669677767,122.1,131.32,226,66.0,-81.0,0.29,121.0,
07:36:44,121.89,63.0,125.43,49.0,121.02,92.0,125.59,37.0,3.5400000000000063,155.0,86.0,2.2097579052851484,121.89,125.43,241,69.0,15.0,0.29,121.92,12.0
07:36:45,119.0,52.0,121.8,15.0,117.0,90.0,200.33,15.0,2.799999999999997,142.0,30.0,3.3687312151565107,119.0,121.8,172,112.0,-69.0,0.65,119.0,1.0
07:36:46,119.5,32.0,122.62,13.0,117.76,83.0,149.8,15.0,3.1200000000000045,115.0,28.0,3.5389306294373224,119.5,122.62,143,87.0,-29.0,0.61,120.0,2.0
07:36:52,122.0,18.0,405.38,16.0,121.0,120.0,522.86,14.0,283.38,138.0,30.0,41.26250986064691,122.0,405.38,168,108.0,-46.0,0.64,120.0,
07:36:54,121.0,214.0,227.68,38.0,119.0,10.0,400.73,33.0,106.68,224.0,71.0,73.6250991170809,121.0,227.68,295,153.0,-47.0,0.52,121.0,3.0
07:36:55,121.0,171.0,174.0,9.0,119.0,9.0,245.78,45.0,53.0,180.0,54.0,75.12776730344105,121.0,174.0,234,126.0,-61.0,0.54,121.0,
07:36:56,121.0,247.0,265.2,25.0,119.0,13.0,496.02,50.0,144.2,260.0,75.0,76.55231204868986,121.0,265.2,335,185.0,101.0,0.55,121.0,5.0
07:36:57,121.0,112.0,284.4,25.0,119.0,8.0,359.0,16.0,163.39999999999998,120.0,41.0,73.2296256988931,121.0,284.4,161,79.0,-174.0,0.49,121.0,
07:36:59,121.0,143.0,335.35,34.0,119.0,11.0,336.79,29.0,214.35,154.0,63.0,48.14923135419698,121.0,335.35,217,91.0,-57.0,0.42,121.0,
07:37:00,121.0,169.0,221.04,51.0,119.0,13.0,319.06,53.0,100.04,182.0,104.0,41.15749652250469,121.0,221.04,286,78.0,69.0,0.27,121.0,
07:37:01,121.0,221.0,158.24,62.0,118.13,101.0,166.71,68.0,37.24000000000001,322.0,130.0,53.32691178007576,121.0,158.24,452,192.0,166.0,0.42,121.0,
07:37:02,121.0,201.0,127.94,70.0,118.27,121.0,129.32,57.0,6.939999999999998,322.0,127.0,64.17994219380367,121.0,127.93999999999998,449,195.0,-3.0,0.43,121.0,5.0
07:37:03,121.0,126.0,123.73,92.0,119.0,171.0,125.11,81.0,2.730000000000004,297.0,173.0,44.22460627297856,121.0,123.73,470,124.0,21.0,0.26,121.0,7.0
07:37:04,118.76,25.0,121.25,40.0,117.35,68.0,122.69,39.0,2.489999999999995,93.0,79.0,21.29093187251255,118.76,121.25,172,14.0,-174.5,0.08,119.2,10.0
07:37:05,118.0,52.0,119.11,45.0,117.0,132.0,125.0,48.0,1.1099999999999994,184.0,93.0,8.477447729120424,118.0,119.11,277,91.0,105.0,0.33,118.6,5.0
07:37:06,117.05,76.0,118.4,20.0,116.1,20.0,125.0,40.0,1.3500000000000083,96.0,60.0,2.776243865363475,117.05,118.4,156,36.0,-121.0,0.23,117.0,7.0
07:37:07,117.6,10.0,124.12,32.0,116.71,14.0,289.8,25.0,6.52000000000001,24.0,57.0,1.83627884591862,117.6,124.12,81,-33.0,-75.0,-0.41,117.0,2.0
07:37:08,118.0,9.0,122.67,36.0,117.0,18.0,231.33,30.0,4.670000000000002,27.0,66.0,1.3043120792081018,118.0,122.67,93,-39.0,12.0,-0.42,117.0,
07:37:09,117.95,41.0,122.0,48.0,116.96,23.0,212.17,24.0,4.049999999999997,64.0,72.0,1.3024093058513369,117.95,122.0,136,-8.0,43.0,-0.06,118.0,2.0
07:37:10,118.71,14.0,121.14,21.0,117.0,14.0,154.0,14.0,2.430000000000007,28.0,35.0,1.197175843378152,118.71,121.14,63,-7.0,-73.0,-0.11,122.0,1.0
07:37:11,117.0,30.0,120.2,15.0,115.0,23.0,165.87,30.0,3.200000000000003,53.0,45.0,0.8360322960078824,117.0,120.2,98,8.0,35.0,0.08,121.0,2.0
07:37:12,117.0,24.0,222.11,19.0,115.0,12.0,285.67,24.0,105.11,36.0,43.0,22.298869253842657,117.0,222.11,79,-7.0,-19.0,-0.09,121.0,
07:37:13,117.0,35.0,236.29,14.0,115.0,7.0,292.57,14.0,119.29,42.0,28.0,29.465400896644358,117.0,236.29,70,14.0,-9.0,0.2,121.0,
07:37:14,117.0,41.0,230.78,23.0,115.0,10.0,297.83,23.0,113.78,51.0,46.0,29.740387858936387,117.0,230.78,97,5.0,27.0,0.05,117.0,1.0
07:37:15,117.0,36.0,258.0,18.0,115.0,17.0,556.0,36.0,141.0,53.0,54.0,26.89867896384454,117.0,258.0,107,-1.0,10.0,-0.01,117.0,
07:37:16,117.33,24.0,257.17,24.0,116.78,36.0,399.43,42.0,139.84000000000003,60.0,66.0,8.082247830893007,117.33,257.17,126,-6.0,19.0,-0.05,117.0,
07:37:17,117.56,9.0,211.83,12.0,116.9,21.0,256.5,12.0,94.27,30.0,24.0,9.63989263425556,117.56,211.83,54,6.0,-72.0,0.11,117.0,
07:37:18,116.75,32.0,171.17,24.0,113.75,16.0,195.92,24.0,54.41999999999999,48.0,48.0,18.12866156118464,116.75,171.17,96,0.0,42.0,0.0,117.0,4.0
07:37:19,115.4,15.0,136.5,24.0,114.02,192.0,141.17,24.0,21.099999999999994,207.0,48.0,27.01855010913747,115.4,136.5,255,159.0,159.0,0.62,117.0,
07:37:20,117.73,22.0,134.75,24.0,115.29,14.0,135.75,24.0,17.019999999999996,36.0,48.0,26.372574201241157,117.73,134.75,84,-12.0,-171.0,-0.14,117.0,
07:37:23,121.22,23.0,125.33,30.0,117.91,46.0,184.91,32.0,4.109999999999999,69.0,62.0,1.5654488174215513,121.22,125.33,131,7.0,33.0,0.05,124.0,1.0
07:37:24,120.0,24.0,122.81,16.0,117.0,48.0,123.8,20.0,2.8100000000000023,72.0,36.0,2.4800665313588595,120.0,122.81,108,36.0,-23.0,0.33,124.0,
07:37:25,117.78,54.0,122.33,21.0,115.31,182.0,144.86,28.0,4.549999999999997,236.0,49.0,3.0842584197771306,117.78,122.33,285,187.0,173.5,0.66,121.0,1.0
07:37:26,117.12,77.0,123.0,26.0,115.5,205.0,177.0,26.0,5.879999999999996,282.0,52.0,2.4245350069582075,117.12,123.0,334,230.0,49.0,0.69,121.0,
07:37:27,119.54,13.0,122.6,20.0,118.24,17.0,237.0,21.0,3.059999999999988,30.0,41.0,1.3213364446520248,119.54,122.6,71,-11.0,-174.5,-0.15,121.0,
07:37:28,120.8,10.0,122.0,16.0,119.33,12.0,163.57,21.0,1.2000000000000028,22.0,37.0,0.6892387104375196,120.8,122.0,59,-15.0,-12.0,-0.25,122.0,1.0
07:37:29,121.0,10.0,122.0,9.0,118.33,18.0,138.0,18.0,1.0,28.0,27.0,0.7100140843431064,121.0,122.0,55,1.0,-4.0,0.02,122.0,
07:37:30,119.5,24.0,164.84,25.0,116.98,112.0,202.35,37.0,45.34,136.0,62.0,9.481289469263473,119.5,164.84,198,74.0,143.0,0.37,119.67,3.0
07:37:31,117.0,99.0,183.91,33.0,116.0,22.0,328.18,44.0,66.91,121.0,77.0,13.996255570686316,117.0,183.91,198,44.0,0.0,0.22,119.67,
07:37:32,117.0,50.0,168.25,12.0,116.0,12.0,431.95,21.0,51.25,62.0,33.0,13.354904342598967,117.0,168.25,95,29.0,-103.0,0.31,117.0,4.0
07:37:33,119.62,32.0,309.57,7.0,116.65,23.0,440.0,28.0,189.95,55.0,35.0,35.39175991668078,119.62,309.57,90,20.0,-5.0,0.22,117.0,
07:37:35,121.5,36.0,305.57,56.0,118.36,72.0,353.33,18.0,184.07,108.0,74.0,34.28431740606743,121.5,305.57,182,34.0,105.0,0.19,121.75,12.0
07:37:36,121.0,14.0,283.93,58.0,117.29,70.0,325.05,40.0,162.93,84.0,98.0,29.65327266930213,121.0,283.92999999999995,182,-14.0,0.0,-0.08,121.75,
07:37:37,121.0,14.0,288.75,36.0,117.0,70.0,306.77,40.0,167.75,84.0,76.0,9.209599339818393,121.0,288.75,160,8.0,-22.0,0.05,121.75,
07:37:38,121.0,14.0,268.95,40.0,117.0,70.0,274.73,44.0,147.95,84.0,84.0,8.517509612555921,121.0,268.95,168,0.0,8.0,0.0,121.75,
07:37:39,117.97,33.0,263.67,45.0,116.8,50.0,264.9,41.0,145.70000000000002,83.0,86.0,8.85855123595176,117.97,263.67,169,-3.0,1.0,-0.02,121.0,1.0
07:37:40,117.0,52.0,200.68,28.0,116.0,20.0,231.17,24.0,83.68,72.0,52.0,18.523296952756,117.0,200.68,124,20.0,-45.0,0.16,117.0,5.0
07:37:41,121.76,21.0,153.92,39.0,116.25,56.0,154.92,39.0,32.15999999999998,77.0,78.0,28.077546189081,121.76,153.92,155,-1.0,31.0,-0.01,125.0,3.0
07:37:44,121.0,16.0,140.57,42.0,117.0,98.0,141.37,38.0,19.569999999999997,114.0,80.0,10.892961947972177,121.0,140.57,194,34.0,82.0,0.18,125.0,
07:37:45,121.0,30.0,135.23,39.0,117.0,105.0,136.13,45.0,14.22999999999999,135.0,84.0,4.312954903539884,121.0,135.23,219,51.0,25.0,0.23,125.0,
07:37:46,121.9,20.0,133.57,21.0,119.53,19.0,134.57,21.0,11.669999999999987,39.0,42.0,4.367640095059175,121.9,133.57,81,-3.0,-138.0,-0.04,125.0,
07:37:47,122.0,18.0,130.33,18.0,121.0,12.0,131.33,18.0,8.330000000000013,30.0,36.0,3.463542983704452,122.0,130.33,66,-6.0,-15.0,-0.09,125.0,
07:37:48,118.64,95.0,125.89,54.0,117.69,71.0,127.28,54.0,7.25,166.0,108.0,3.1315443474375573,118.64,125.89,274,58.0,173.5,0.21,120.12,8.0
07:37:49,117.0,40.0,120.42,36.0,115.39,46.0,121.24,38.0,3.4200000000000017,86.0,74.0,4.026036512498105,117.0,120.42,160,12.0,-114.0,0.07,117.0,3.0
07:37:50,115.67,63.0,117.9,49.0,114.58,72.0,120.71,42.0,2.230000000000004,135.0,91.0,4.688393114913432,115.67,117.9,226,44.0,66.0,0.19,116.33,6.0
07:37:51,115.0,30.0,117.26,38.0,114.0,50.0,120.07,42.0,2.260000000000005,80.0,80.0,4.190181380318458,115.0,117.26,160,0.0,-66.0,0.0,115.0,4.0
07:37:52,114.19,21.0,115.75,40.0,112.33,30.0,128.38,29.0,1.5600000000000025,51.0,69.0,2.856714896514413,114.18999999999998,115.75,120,-18.0,-40.0,-0.15,114.2,5.0
07:37:53,110.22,9.0,115.0,10.0,103.2,15.0,122.72,36.0,4.780000000000001,24.0,46.0,2.2580079716350165,110.22,115.0,70,-22.0,-50.0,-0.31,114.5,2.0
07:37:55,98.69,13.0,112.0,32.0,61.18,11.0,113.0,8.0,13.310000000000002,24.0,40.0,11.966566759098749,98.69,112.0,64,-16.0,11.0,-0.25,114.5,
07:37:56,91.0,7.0,112.0,24.0,70.0,21.0,113.0,7.0,21.0,28.0,31.0,11.002887348326672,91.0,112.0,59,-3.0,-5.0,-0.05,112.0,2.0
07:37:58,96.0,16.0,111.79,14.0,80.0,20.0,112.6,10.0,15.790000000000006,36.0,24.0,7.82051980369381,96.0,111.79,60,12.0,-15.0,0.2,112.0,
07:37:59,96.86,14.0,109.0,9.0,94.0,14.0,111.9,21.0,12.14,28.0,30.0,4.955483831067065,96.86,109.0,58,-2.0,-2.0,-0.03,112.0,
07:38:01,98.64,22.0,107.62,32.0,67.62,13.0,142.43,14.0,8.980000000000004,35.0,46.0,4.639103361638659,98.64,107.62,81,-11.0,-3.0,-0.14,108.88,8.0
07:38:02,102.11,38.0,159.64,22.0,98.86,21.0,159.24,25.0,57.52999999999999,59.0,47.0,12.431199459423327,102.11,159.64,106,12.0,25.0,0.11,112.0,4.0
07:38:03,114.89,9.0,186.0,16.0,107.0,10.0,0.0,0.0,71.11,19.0,16.0,21.84215351104296,114.89,186.0,35,3.0,-71.0,0.09,112.0,
07:38:04,117.5,30.0,217.13,30.0,115.4,20.0,612.0,28.0,99.63,50.0,58.0,28.676451140264295,117.5,217.13,108,-8.0,73.0,-0.07,112.0,
07:38:07,119.5,12.0,343.0,20.0,117.69,13.0,0.0,0.0,223.5,25.0,20.0,100.27437972882184,119.5,343.0,45,5.0,27.0,0.11,121.0,2.0
07:38:08,116.62,26.0,380.53,19.0,116.25,16.0,520.69,26.0,263.91,42.0,45.0,84.47122273295179,116.62,380.53,87,-3.0,42.0,-0.03,117.6,5.0
07:38:09,117.0,48.0,380.0,24.0,115.0,48.0,381.0,16.0,263.0,96.0,40.0,65.82901920885612,117.0,380.0,136,56.0,49.0,0.41,117.0,5.0
07:38:10,115.4,60.0,335.72,29.0,114.53,34.0,353.58,38.0,220.32,94.0,67.0,31.613347972019007,115.4,335.72,161,27.0,25.0,0.17,117.0,
07:38:11,121.0,42.0,281.95,20.0,115.0,42.0,325.35,26.0,160.95,84.0,46.0,19.47182194865093,121.0,281.95,130,38.0,-31.0,0.29,117.0,
07:38:12,121.0,78.0,258.93,43.0,115.0,78.0,278.28,43.0,137.93,156.0,86.0,26.762741451502432,121.0,258.93,242,70.0,112.0,0.29,117.0,
07:38:13,121.0,36.0,253.33,6.0,115.0,36.0,256.0,18.0,132.33,72.0,24.0,26.067741175636414,121.0,253.33,96,48.0,-146.0,0.5,117.0,
07:38:14,121.0,48.0,251.58,24.0,115.0,48.0,252.93,28.0,130.58,96.0,52.0,16.510951517098384,121.0,251.58,148,44.0,52.0,0.3,117.0,
07:38:15,122.54,26.0,248.68,47.0,120.45,66.0,250.12,25.0,126.14,92.0,72.0,6.568007308154847,122.54,248.68,164,20.0,16.0,0.12,117.0,
07:38:16,123.0,18.0,247.56,27.0,121.0,54.0,247.87,23.0,124.56,72.0,50.0,1.8809518866724055,123.0,247.56,122,22.0,-42.0,0.18,117.0,
07:38:17,123.0,26.0,236.96,53.0,121.0,78.0,242.52,25.0,113.96,104.0,78.0,2.825514112507159,123.0,236.96,182,26.0,60.0,0.14,117.0,
07:38:18,123.0,28.0,186.45,44.0,121.0,84.0,185.67,24.0,63.44999999999999,112.0,68.0,13.456722112014477,123.0,186.45,180,44.0,-2.0,0.24,117.0,
07:38:19,123.0,22.0,173.85,27.0,121.0,66.0,174.47,45.0,50.85,88.0,72.0,17.832137561155747,123.0,173.85,160,16.0,-20.0,0.1,117.0,
07:38:20,123.0,30.0,160.52,31.0,121.0,90.0,163.39,23.0,37.52000000000001,120.0,54.0,19.44150019931549,123.0,160.52,174,66.0,14.0,0.38,117.0,
07:38:21,122.23,35.0,157.98,46.0,120.93,58.0,159.82,66.0,35.749999999999986,93.0,112.0,16.15971689108404,122.23,157.98,205,-19.0,31.0,-0.09,122.4,5.0
07:38:29,122.0,12.0,135.93,54.0,121.0,204.0,136.5,20.0,13.930000000000009,216.0,74.0,2.1617053453219577,122.0,135.93,290,142.0,173.5,0.49,122.4,
07:38:30,122.0,13.0,134.63,19.0,121.0,221.0,135.68,44.0,12.629999999999995,234.0,63.0,1.756550597049238,122.0,134.63,297,171.0,7.0,0.58,122.4,
07:38:31,121.01,197.0,130.88,25.0,118.36,100.0,131.69,26.0,9.86999999999999,297.0,51.0,2.1376973593085022,121.01,130.88,348,246.0,51.0,0.71,121.33,3.0
07:38:32,121.0,160.0,125.92,13.0,117.0,24.0,127.75,12.0,4.920000000000002,184.0,25.0,2.6623542213603404,121.0,125.92,209,159.0,-139.0,0.76,121.0,5.0
07:38:33,120.78,110.0,122.26,35.0,116.49,35.0,123.26,61.0,1.480000000000004,145.0,96.0,3.1633716190160013,120.78,122.26,241,49.0,32.0,0.2,121.0,10.0
07:38:34,117.97,79.0,121.12,16.0,116.65,17.0,127.0,8.0,3.1500000000000057,96.0,24.0,3.479274349630481,117.96999999999998,121.12,120,72.0,-121.0,0.6,121.0,
07:38:35,118.0,85.0,119.62,16.0,117.0,29.0,122.06,17.0,1.6200000000000043,114.0,33.0,2.917288124268381,118.0,119.62,147,81.0,27.0,0.55,118.0,4.0
07:38:36,118.0,63.0,347.28,25.0,117.0,27.0,682.52,21.0,229.28,90.0,46.0,50.03348408815829,118.0,347.28,136,44.0,-11.0,0.32,119.67,3.0
07:38:37,118.77,47.0,277.55,49.0,121.1,72.0,382.0,20.0,158.78000000000003,119.0,69.0,53.68638495931705,118.77,277.55,188,50.0,52.0,0.27,119.67,
07:38:45,122.67,12.0,190.75,40.0,121.4,40.0,193.0,32.0,68.08,52.0,72.0,2.188143048336852,122.67,190.75,124,-20.0,40.0,-0.16,122.67,3.0
07:38:46,122.0,8.0,190.0,20.0,121.0,24.0,193.0,16.0,68.0,32.0,36.0,2.258771790151758,122.0,190.0,68,-4.0,-56.0,-0.06,122.67,
07:38:47,122.0,17.0,186.45,58.0,121.0,72.0,188.34,50.0,64.44999999999999,89.0,108.0,2.228156188418118,122.0,186.45,197,-19.0,129.0,-0.1,122.0,1.0
07:38:48,122.0,14.0,182.11,62.0,121.0,84.0,183.22,64.0,60.110000000000014,98.0,126.0,2.4407334963052767,122.0,182.11,224,-28.0,27.0,-0.12,122.0,
07:38:49,122.0,3.0,181.0,12.0,121.0,18.0,182.0,15.0,59.0,21.0,27.0,2.3107401411641115,122.0,181.0,48,-6.0,-174.5,-0.12,122.0,
07:38:50,122.0,11.0,177.39,31.0,121.0,66.0,180.08,26.0,55.38999999999999,77.0,57.0,2.455092666273042,122.0,177.39,134,20.0,86.0,0.15,122.0,
07:38:51,122.0,14.0,176.08,61.0,121.0,84.0,177.41,54.0,54.08000000000001,98.0,115.0,2.05205263090113,122.0,176.08,213,-17.0,79.0,-0.08,122.0,
07:38:52,121.2,20.0,173.55,47.0,118.86,84.0,175.13,38.0,52.35000000000001,104.0,85.0,1.8943283770214816,121.2,173.55,189,19.0,-24.0,0.1,121.2,5.0
07:38:53,121.0,24.0,167.24,41.0,118.0,84.0,169.77,48.0,46.24000000000001,108.0,89.0,2.785135544275985,121.0,167.24,197,19.0,8.0,0.1,121.2,
07:38:54,121.0,28.0,156.43,46.0,117.48,62.0,159.07,28.0,35.43000000000001,90.0,74.0,4.502066192315555,121.0,156.43,164,16.0,-33.0,0.1,121.2,
07:38:55,118.86,14.0,156.0,48.0,117.05,42.0,157.0,12.0,37.14,56.0,60.0,5.140342401046044,118.86,156.0,116,-4.0,-48.0,-0.03,121.0,2.0
07:38:56,116.2,20.0,155.58,48.0,115.71,56.0,157.0,12.0,39.38000000000001,76.0,60.0,4.84942986339561,116.2,155.58,136,16.0,20.0,0.12,117.2,5.0
07:38:57,115.0,36.0,151.97,31.0,114.0,72.0,152.86,35.0,36.97,108.0,66.0,3.9734833584645326,115.0,151.97,174,42.0,38.0,0.24,117.2,
07:38:58,115.0,24.0,148.12,16.0,114.0,48.0,149.62,26.0,33.120000000000005,72.0,42.0,2.907495485808328,115.0,148.12,114,30.0,-60.0,0.26,117.2,
07:38:59,116.21,29.0,144.15,34.0,113.74,66.0,146.15,26.0,27.94000000000001,95.0,60.0,2.988606698780664,116.21,144.15,155,35.0,41.0,0.23,114.75,4.0
07:39:04,121.0,48.0,125.28,32.0,119.88,104.0,126.26,35.0,4.280000000000001,152.0,67.0,4.194486857769268,121.0,125.28,219,85.0,79.0,0.39,121.2,5.0
07:39:05,119.42,53.0,122.55,33.0,117.64,70.0,123.37,19.0,3.1299999999999955,123.0,52.0,4.365377417818565,119.42,122.55,175,71.0,-44.0,0.41,121.0,4.0
07:39:06,117.0,77.0,118.74,19.0,114.0,55.0,122.36,25.0,1.7399999999999949,132.0,44.0,4.304907664515192,117.0,118.74,176,88.0,1.0,0.5,121.0,2.0
07:39:07,117.0,32.0,122.62,8.0,114.0,40.0,219.0,32.0,5.6200000000000045,72.0,40.0,3.448047273458192,117.0,122.62,112,32.0,-64.0,0.29,117.25,4.0
07:39:08,115.33,36.0,124.0,8.0,98.83,48.0,363.09,32.0,8.670000000000002,84.0,40.0,1.9409868623983928,115.33,124.0,124,44.0,12.0,0.35,117.0,4.0
07:39:09,114.0,40.0,121.25,8.0,88.0,56.0,683.78,27.0,7.25,96.0,35.0,1.416527444140666,114.0,121.25,131,61.0,7.0,0.47,117.0,
07:39:10,114.67,15.0,119.64,11.0,110.02,57.0,572.18,44.0,4.969999999999999,72.0,55.0,1.2298292564433737,114.67,119.64,127,17.0,-4.0,0.13,117.0,
07:39:11,115.0,8.0,118.0,8.0,113.0,40.0,466.0,40.0,3.0,48.0,48.0,1.5057722271327103,115.0,118.0,96,0.0,-31.0,0.0,117.0,
07:39:12,115.0,6.0,117.0,6.0,113.0,30.0,539.67,30.0,2.0,36.0,36.0,1.417134432580265,115.0,117.0,72,0.0,-24.0,0.0,117.0,
07:39:13,114.0,10.0,359.56,9.0,110.1,29.0,665.11,27.0,245.56,39.0,36.0,53.65241094303212,114.0,359.56,75,3.0,3.0,0.04,115.0,1.0
07:39:14,113.0,50.0,131.0,40.0,101.04,82.0,523.0,50.0,18.0,132.0,90.0,53.21308091061814,113.0,131.0,222,42.0,147.0,0.19,115.0,
07:39:15,97.63,41.0,131.0,24.0,69.38,45.0,413.33,30.0,33.370000000000005,86.0,54.0,53.55326507319599,97.63,131.0,140,32.0,-82.0,0.23,113.0,5.0
07:39:17,117.74,89.0,140.46,57.0,115.11,35.0,269.46,59.0,22.720000000000013,124.0,116.0,95.432605434411,117.73999999999998,140.46,240,8.0,63.0,0.03,117.0,2.0
07:39:18,121.0,74.0,138.23,43.0,117.89,27.0,193.77,52.0,17.22999999999999,101.0,95.0,93.43829396987071,121.0,138.23,196,6.0,-44.0,0.03,117.0,
07:39:19,121.04,106.0,132.0,52.0,118.1,58.0,133.9,52.0,10.959999999999994,164.0,104.0,92.93328155187452,121.04,132.0,268,60.0,72.0,0.22,121.5,4.0
07:39:20,120.53,57.0,126.49,55.0,117.74,68.0,127.07,43.0,5.959999999999994,125.0,98.0,91.7298829716902,120.53,126.49,223,27.0,-45.0,0.12,120.25,8.0
07:39:21,118.0,33.0,121.16,38.0,117.0,33.0,122.84,38.0,3.1599999999999966,66.0,76.0,4.178621782358499,118.0,121.16,142,-10.0,-81.0,-0.07,120.25,
07:39:22,117.17,29.0,118.7,20.0,115.32,38.0,120.97,37.0,1.5300000000000011,67.0,57.0,4.81749727555732,117.17,118.7,124,10.0,-18.0,0.08,118.4,5.0
07:39:23,117.53,38.0,120.7,40.0,115.77,39.0,295.46,26.0,3.1700000000000017,77.0,66.0,3.576712177405857,117.53000000000002,120.7,143,11.0,19.0,0.08,118.0,2.0
07:39:24,117.95,38.0,148.78,36.0,116.5,32.0,514.15,26.0,30.83,70.0,62.0,6.3160866048529325,117.95,148.78,132,8.0,-11.0,0.06,120.0,4.0
07:39:25,117.53,30.0,373.0,24.0,116.38,52.0,616.62,40.0,255.47,82.0,64.0,55.26576942375805,117.53,373.0,146,18.0,14.0,0.12,120.0,
07:39:27,119.25,36.0,295.83,24.0,118.0,24.0,350.18,40.0,176.57999999999998,60.0,64.0,91.87094029125834,119.25,295.83,124,-4.0,14.0,-0.03,120.0,
07:39:28,121.0,42.0,226.29,28.0,118.0,28.0,264.91,66.0,105.29,70.0,94.0,80.94613937674822,121.0,226.29,164,-24.0,40.0,-0.15,120.0,
07:39:30,121.88,17.0,224.0,28.0,117.71,31.0,288.63,41.0,102.12,48.0,69.0,74.58985172260334,121.88,224.0,117,-21.0,39.0,-0.18,124.0,1.0
07:39:31,117.18,22.0,223.88,16.0,115.46,26.0,377.0,16.0,106.7,48.0,32.0,15.596764728621404,117.18,223.88,80,16.0,-37.0,0.2,118.0,2.0
07:39:32,117.0,30.0,221.55,44.0,115.0,40.0,233.65,23.0,104.55,70.0,67.0,2.092302559376264,117.0,221.55,137,3.0,57.0,0.02,118.0,
07:39:33,115.8,30.0,220.0,50.0,113.41,34.0,221.0,20.0,104.2,64.0,70.0,2.5554314704121923,115.8,220.0,134,-6.0,-3.0,-0.04,116.5,4.0
07:39:34,115.0,16.0,219.6,25.0,112.0,24.0,220.19,31.0,104.6,40.0,56.0,2.2532576417209094,115.0,219.6,96,-16.0,-38.0,-0.17,115.0,1.0
07:39:35,115.0,26.0,219.0,26.0,112.0,39.0,220.0,65.0,104.0,65.0,91.0,1.47595731644727,115.0,219.0,156,-26.0,60.0,-0.17,115.0,
07:39:36,113.45,22.0,218.31,39.0,107.52,29.0,219.75,40.0,104.86,51.0,79.0,1.2452710548208623,113.45,218.31,130,-28.0,-26.0,-0.22,113.2,5.0
07:39:37,117.0,20.0,120.89,44.0,41.24,68.0,205.3,53.0,3.890000000000001,88.0,97.0,21.514541129198637,117.0,120.89,185,-9.0,55.0,-0.05,120.29,7.0
07:39:38,113.5,20.0,122.0,32.0,40.91,44.0,143.0,20.0,8.5,64.0,52.0,26.50835302315073,113.5,122.0,116,12.0,-69.0,0.1,120.29,
07:39:39,112.0,22.0,121.71,34.0,73.71,34.0,122.91,43.0,9.709999999999994,56.0,77.0,26.628930320236098,112.0,121.70999999999998,133,-21.0,17.0,-0.16,120.29,
07:39:40,114.9,60.0,119.0,35.0,110.11,45.0,120.71,35.0,4.099999999999994,105.0,70.0,21.59762787900547,114.9,119.0,175,35.0,42.0,0.2,120.29,
07:39:41,113.0,84.0,116.52,27.0,87.59,34.0,118.07,57.0,3.519999999999996,118.0,84.0,1.5293953053411578,113.0,116.52,202,34.0,27.0,0.17,120.29,
07:39:42,113.62,37.0,199.25,24.0,87.0,40.0,196.18,40.0,85.63,77.0,64.0,17.861314341335454,113.62000000000002,199.25,141,13.0,-61.0,0.09,114.14,7.0
07:39:43,115.27,52.0,217.0,24.0,110.33,18.0,278.92,60.0,101.73,70.0,84.0,24.95314469160131,115.27,217.0,154,-14.0,13.0,-0.09,114.14,
07:39:44,116.0,78.0,214.89,27.0,114.0,13.0,242.4,40.0,98.89,91.0,67.0,25.936598273481927,116.0,214.89,158,24.0,4.0,0.15,114.14,
07:39:45,116.22,55.0,196.44,25.0,115.52,21.0,199.6,35.0,80.22,76.0,60.0,21.245050011708187,116.22,196.44,136,16.0,-22.0,0.12,116.0,2.0
07:39:46,119.22,27.0,171.06,35.0,117.74,61.0,174.24,34.0,51.84,88.0,69.0,8.543982092676655,119.22,171.06,157,19.0,21.0,0.12,121.0,1.0
07:39:47,118.0,30.0,134.56,18.0,117.0,48.0,135.52,21.0,16.560000000000002,78.0,39.0,16.63974849569494,118.0,134.56,117,39.0,-40.0,0.33,121.0,
07:39:48,118.0,27.0,131.56,18.0,117.0,45.0,134.0,36.0,13.560000000000002,72.0,54.0,17.997115880051044,118.0,131.56,126,18.0,9.0,0.14,121.0,
07:39:49,117.05,58.0,129.58,24.0,112.91,47.0,134.0,48.0,12.530000000000015,105.0,72.0,14.786422826363015,117.05,129.58,177,33.0,51.0,0.19,118.0,3.0
07:39:50,117.0,60.0,124.88,25.0,115.0,36.0,126.47,17.0,7.8799999999999955,96.0,42.0,9.731521977573308,117.0,124.88,138,54.0,-39.0,0.39,118.0,
07:39:51,117.0,59.0,123.89,27.0,115.0,27.0,124.5,24.0,6.890000000000001,86.0,51.0,2.485501961374152,117.0,123.89,137,35.0,-1.0,0.26,118.0,
07:39:52,117.0,39.0,121.0,26.0,115.0,51.0,123.14,35.0,4.0,90.0,61.0,2.321956071934916,117.0,121.0,151,29.0,14.0,0.19,118.0,
07:39:53,115.15,67.0,118.35,43.0,113.22,74.0,119.45,44.0,3.1999999999999886,141.0,87.0,2.430102878479868,115.15,118.35,228,54.0,77.0,0.24,114.88,8.0
07:39:54,112.0,51.0,114.27,33.0,101.46,105.0,118.06,35.0,2.269999999999996,156.0,68.0,3.192362761341053,112.0,114.27,224,88.0,-4.0,0.39,114.88,
07:39:57,121.0,89.0,225.25,60.0,106.24,51.0,332.33,30.0,104.25,140.0,90.0,24.14953146543403,121.0,225.25,230,50.0,-14.0,0.22,121.0,5.0
07:39:58,121.43,47.0,221.63,54.0,119.35,51.0,366.96,51.0,100.2,98.0,105.0,24.894540164461432,121.43,221.63,203,-7.0,-27.0,-0.03,121.0,
07:40:04,122.0,23.0,168.0,55.0,121.0,137.0,318.83,35.0,46.0,160.0,90.0,15.885039502625716,122.0,168.0,250,70.0,47.0,0.28,122.0,3.0
07:40:05,122.0,16.0,166.8,75.0,121.0,208.0,199.73,64.0,44.80000000000001,224.0,139.0,13.156561860911156,122.0,166.8,363,85.0,113.0,0.23,122.0,
07:40:06,122.0,8.0,163.62,40.0,121.0,104.0,167.0,32.0,41.620000000000005,112.0,72.0,3.192159143900047,122.0,163.62,184,40.0,-174.5,0.22,122.0,
07:40:07,121.01,97.0,153.16,37.0,119.34,29.0,160.68,44.0,32.14999999999999,126.0,81.0,3.330355836841702,121.01,153.16,207,45.0,23.0,0.22,121.5,2.0
07:40:08,121.0,120.0,127.04,47.0,118.0,20.0,128.24,37.0,6.040000000000006,140.0,84.0,8.762992068921827,121.0,127.04,224,56.0,17.0,0.25,121.5,
07:40:09,121.0,120.0,125.23,48.0,118.0,36.0,127.76,41.0,4.230000000000004,156.0,89.0,10.16252576872446,121.0,125.23,245,67.0,21.0,0.27,121.5,
07:40:10,121.0,156.0,124.22,63.0,118.0,42.0,127.07,54.0,3.219999999999999,198.0,117.0,9.38326808739847,121.0,124.22,315,81.0,70.0,0.26,121.5,
07:40:11,121.0,78.0,127.35,37.0,118.0,20.0,161.61,38.0,6.349999999999994,98.0,75.0,6.120888007470164,121.0,127.35,173,23.0,-142.0,0.13,121.0,9.0
07:40:12,121.0,25.0,256.69,32.0,118.0,24.0,393.75,32.0,135.69,49.0,64.0,29.237044481273887,121.0,256.69,113,-15.0,-60.0,-0.13,121.0,2.0
07:40:13,121.0,14.0,279.57,7.0,118.0,14.0,561.14,21.0,158.57,28.0,28.0,39.24690471871612,121.0,279.57,56,0.0,-57.0,0.0,121.0,
07:40:14,122.64,11.0,254.24,25.0,120.22,23.0,331.45,11.0,131.60000000000002,34.0,36.0,38.16499010873678,122.64,254.24,70,-2.0,14.0,-0.03,122.0,3.0
07:40:15,117.62,39.0,284.95,19.0,117.0,27.0,422.6,10.0,167.32999999999998,66.0,29.0,32.1245152492605,117.62,284.95,95,37.0,25.0,0.39,119.0,3.0
07:40:17,117.0,60.0,304.1,20.0,115.0,21.0,325.23,13.0,187.1,81.0,33.0,43.17390450260382,117.0,304.1,114,48.0,20.0,0.42,117.0,3.0
07:40:18,117.0,48.0,231.26,34.0,115.0,24.0,232.29,21.0,114.26,72.0,55.0,47.404957863075424,117.0,231.26,127,17.0,13.0,0.13,117.0,
07:40:19,117.0,121.0,229.6,47.0,115.54,26.0,230.54,41.0,112.6,147.0,88.0,49.8574039637039,117.0,229.6,235,59.0,108.0,0.25,117.0,
07:40:20,117.0,98.0,226.85,48.0,115.0,30.0,228.16,32.0,109.85,128.0,80.0,52.90292789628907,117.0,226.85,208,48.0,-27.0,0.23,117.0,2.0
07:40:21,120.66,107.0,224.86,70.0,116.73,67.0,226.0,60.0,104.20000000000002,174.0,130.0,16.79855737853615,120.66,224.86,304,44.0,96.0,0.14,117.0,1.0
07:40:25,120.0,14.0,209.12,25.0,118.14,42.0,213.09,35.0,89.12,56.0,60.0,3.6287435842140905,120.0,209.12,116,-4.0,-30.0,-0.03,122.0,4.0
07:40:29,119.4,20.0,194.67,54.0,119.4,20.0,196.29,59.0,75.26999999999998,40.0,113.0,3.2835757947667465,119.4,194.67,153,-73.0,-1.0,-0.48,122.0,4.0
07:40:30,119.84,57.0,190.61,64.0,117.48,21.0,191.75,68.0,70.77000000000001,78.0,132.0,4.211023628522973,119.84,190.61,210,-54.0,57.0,-0.26,122.0,
07:40:31,117.6,20.0,174.45,75.0,116.53,17.0,182.51,63.0,56.85,37.0,138.0,6.723219466890856,117.6,174.45,175,-101.0,-35.0,-0.58,118.0,2.0
07:40:32,117.0,20.0,162.48,91.0,116.0,20.0,163.93,97.0,45.47999999999999,40.0,188.0,8.854681247791008,117.0,162.48,228,-148.0,53.0,-0.65,118.0,
07:40:33,117.0,13.0,158.21,63.0,116.0,13.0,159.24,62.0,41.21000000000001,26.0,125.0,8.80714085273896,117.0,158.21,151,-99.0,-77.0,-0.66,118.0,
07:40:43,121.71,28.0,122.89,62.0,115.93,42.0,172.38,32.0,1.1800000000000068,70.0,94.0,3.120956584124745,121.71,122.89,164,-24.0,-132.0,-0.15,121.86,7.0
07:40:44,115.74,108.0,121.2,60.0,114.84,74.0,179.67,18.0,5.460000000000008,182.0,78.0,3.861754782478109,115.74,121.2,260,104.0,96.0,0.4,121.0,4.0
07:40:45,116.06,72.0,119.0,27.0,115.28,87.0,123.32,47.0,2.9399999999999977,159.0,74.0,3.899361486191475,116.06,119.0,233,85.0,-27.0,0.36,116.0,2.0
07:40:46,116.81,94.0,118.67,52.0,115.72,75.0,119.75,40.0,1.8599999999999997,169.0,92.0,3.155476192271791,116.81,118.67,261,77.0,28.0,0.3,117.0,1.0
07:40:47,117.0,201.0,118.0,76.0,116.0,90.0,120.0,45.0,1.0,291.0,121.0,2.045915443021693,117.0,118.0,412,170.0,151.0,0.41,117.5,2.0
07:40:48,117.12,104.0,127.0,45.0,116.35,92.0,197.29,42.0,9.879999999999995,196.0,87.0,1.9406828695061653,117.12,127.0,283,109.0,-129.0,0.39,117.43,7.0
07:40:49,116.15,106.0,225.4,30.0,114.95,86.0,471.9,30.0,109.25,192.0,60.0,23.368012752478343,116.15000000000002,225.4,252,132.0,-31.0,0.52,117.43,
07:40:50,114.27,185.0,221.37,19.0,112.79,114.0,409.13,45.0,107.1,299.0,64.0,27.5753513123584,114.27,221.37,363,235.0,111.0,0.65,116.0,6.0
07:40:51,114.0,191.0,243.45,20.0,109.0,36.0,365.71,28.0,129.45,227.0,48.0,29.1617297155018,114.0,243.45,275,179.0,-88.0,0.65,114.0,1.0
07:40:52,118.24,102.0,299.2,30.0,113.81,74.0,409.56,16.0,180.96,176.0,46.0,31.137434062555197,118.24,299.2,222,130.0,-53.0,0.59,114.0,
07:40:53,120.0,81.0,405.9,21.0,116.0,18.0,493.4,15.0,285.9,99.0,36.0,39.86444556243019,120.0,405.9,135,63.0,-87.0,0.47,114.0,
07:40:54,120.0,69.0,219.0,22.0,116.0,16.0,408.14,14.0,99.0,85.0,36.0,40.08482530833782,120.0,219.0,121,49.0,-14.0,0.4,120.0,3.0
07:40:55,120.0,72.0,398.83,29.0,116.0,24.0,402.37,27.0,278.83,96.0,56.0,43.85681075956108,120.0,398.83,152,40.0,31.0,0.26,120.0,
07:40:56,120.0,48.0,280.56,18.0,116.0,16.0,327.44,18.0,160.56,64.0,36.0,40.19971853135231,120.0,280.56,100,28.0,-52.0,0.28,120.0,
07:40:57,121.11,38.0,186.09,22.0,119.36,50.0,187.13,23.0,64.98,88.0,45.0,50.39124298923332,121.11,186.09,133,43.0,33.0,0.32,120.0,
07:40:58,122.06,32.0,183.33,27.0,119.83,70.0,184.77,26.0,61.27000000000001,102.0,53.0,44.771136014177344,122.06,183.33000000000004,155,49.0,22.0,0.32,122.0,3.0
07:40:59,120.0,55.0,163.46,26.0,117.0,22.0,174.64,22.0,43.46000000000001,77.0,48.0,49.02078569341754,120.0,163.46,125,29.0,-30.0,0.23,122.0,
07:41:00,120.0,45.0,130.56,18.0,117.0,18.0,132.0,18.0,10.560000000000002,63.0,36.0,27.912819993687144,120.0,130.56,99,27.0,-26.0,0.27,122.0,
07:41:01,120.0,60.0,128.58,24.0,117.0,24.0,130.5,24.0,8.580000000000013,84.0,48.0,14.244063675790944,120.0,128.58,132,36.0,33.0,0.27,122.0,
07:41:02,116.12,68.0,127.54,26.0,114.37,41.0,129.38,26.0,11.420000000000002,109.0,52.0,13.457307680215608,116.12,127.54,161,57.0,29.0,0.35,118.0,10.0
07:41:03,114.0,47.0,125.0,14.0,113.0,35.0,126.57,14.0,11.0,82.0,28.0,8.79105966308913,114.0,125.0,110,54.0,-51.0,0.49,114.0,3.0
07:41:04,114.97,29.0,123.7,20.0,113.7,50.0,125.4,20.0,8.730000000000004,79.0,40.0,2.7110754323689608,114.97,123.7,119,39.0,9.0,0.33,114.0,
07:41:05,116.0,34.0,122.62,26.0,114.0,120.0,124.0,26.0,6.6200000000000045,154.0,52.0,2.19650176416842,116.0,122.62,206,102.0,87.0,0.5,114.0,
07:41:06,116.0,20.0,121.46,28.0,114.0,160.0,129.28,25.0,5.459999999999994,180.0,53.0,1.2040348832136731,116.0,121.46,233,127.0,27.0,0.55,120.5,2.0
07:41:07,114.8,30.0,119.64,28.0,113.9,124.0,155.07,14.0,4.840000000000003,154.0,42.0,0.939505188913656,114.8,119.64,196,112.0,-37.0,0.57,115.0,2.0
07:41:08,114.0,144.0,124.69,26.0,111.0,28.0,255.86,14.0,10.689999999999998,172.0,40.0,0.9143412929512116,114.0,124.69,212,132.0,16.0,0.62,115.0,
07:41:09,114.0,88.0,204.69,16.0,111.0,16.0,300.75,20.0,90.69,104.0,36.0,18.216441749145,114.0,204.69,140,68.0,-72.0,0.49,115.0,
07:41:10,114.04,104.0,119.07,30.0,112.5,40.0,143.07,28.0,5.029999999999987,144.0,58.0,18.5387343149416,114.04,119.07,202,86.0,62.0,0.43,119.0,2.0
07:41:11,115.0,10.0,198.31,13.0,114.0,50.0,281.8,15.0,83.31,60.0,28.0,22.111496331094173,115.0,198.31,88,32.0,-114.0,0.36,118.0,1.0
07:41:12,114.14,42.0,205.0,45.0,113.23,78.0,330.0,43.0,90.86,120.0,88.0,22.272750615942986,114.14,205.0,208,32.0,120.0,0.15,115.0,2.0
07:41:13,113.0,24.0,204.25,12.0,111.0,8.0,233.5,12.0,91.25,32.0,24.0,18.81583986964138,113.0,204.25,56,8.0,-152.0,0.14,115.0,
07:41:14,113.0,66.0,202.18,33.0,111.0,22.0,249.0,33.0,89.18,88.0,66.0,18.61729249917899,113.0,202.18,154,22.0,98.0,0.14,115.0,
07:41:15,113.17,36.0,200.18,33.0,112.57,46.0,303.57,28.0,87.01,82.0,61.0,1.2695274711417597,113.17,200.18,143,21.0,-11.0,0.15,115.0,
07:41:16,114.7,30.0,198.4,50.0,113.0,84.0,204.69,59.0,83.7,114.0,109.0,1.2931357237287977,114.7,198.4,223,5.0,80.0,0.02,115.0,
07:41:17,116.71,17.0,152.27,55.0,115.44,62.0,181.6,63.0,35.56000000000002,79.0,118.0,10.260491216310523,116.71,152.27,197,-39.0,-26.0,-0.2,117.0,3.0
07:41:18,116.0,49.0,129.81,43.0,115.0,52.0,131.1,59.0,13.810000000000002,101.0,102.0,16.003647084336386,116.0,129.81,203,-1.0,6.0,-0.0,116.0,1.0
07:41:19,116.0,17.0,125.68,22.0,115.0,24.0,126.83,18.0,9.680000000000009,41.0,40.0,17.512416166822653,116.0,125.68,81,1.0,-122.0,0.01,116.0,1.0
07:41:20,115.33,12.0,123.21,42.0,114.2,40.0,124.63,38.0,7.8799999999999955,52.0,80.0,15.581017938504369,115.33,123.21,132,-28.0,51.0,-0.21,115.4,5.0
07:41:21,114.21,43.0,118.9,52.0,113.1,87.0,120.76,76.0,4.690000000000012,130.0,128.0,6.9265308777192605,114.21,118.9,258,2.0,126.0,0.01,114.0,3.0
07:41:22,114.1,71.0,116.46,65.0,106.09,91.0,117.3,71.0,2.3599999999999994,162.0,136.0,3.103815393994946,114.1,116.46,298,26.0,40.0,0.09,114.88,8.0
07:41:23,112.0,70.0,115.57,35.0,88.8,122.0,250.74,19.0,3.569999999999993,192.0,54.0,2.882927331723923,112.0,115.57,246,138.0,-52.0,0.56,114.88,
07:41:24,105.66,107.0,113.41,34.0,90.09,35.0,173.27,22.0,7.75,142.0,56.0,3.6040907313775823,105.66,113.41,198,86.0,-48.0,0.43,112.0,10.0
07:41:25,95.0,70.0,107.68,19.0,92.69,181.0,237.27,22.0,12.680000000000009,251.0,41.0,6.164561622694947,95.0,107.68,292,210.0,94.0,0.72,104.0,3.0
07:41:26,110.2,5.0,113.33,3.0,103.5,4.0,288.0,6.0,3.1299999999999955,9.0,9.0,5.47701834943099,110.2,113.33,18,0.0,-174.5,0.0,104.0,
07:41:27,97.95,56.0,202.5,26.0,83.82,156.0,411.87,30.0,104.55,212.0,56.0,18.983950326525843,97.95,202.5,268,156.0,173.5,0.58,113.0,1.0
07:41:30,91.16,124.0,337.76,17.0,53.94,68.0,403.0,18.0,246.6,192.0,35.0,43.412797997825216,91.16,337.76,227,157.0,124.0,0.69,116.0,4.0
07:41:31,89.0,100.0,294.23,13.0,30.91,22.0,337.0,12.0,205.23,122.0,25.0,29.72392521185533,89.0,294.23,147,97.0,-80.0,0.66,116.0,
07:41:32,94.52,42.0,305.57,21.0,82.35,102.0,366.0,24.0,211.05,144.0,45.0,22.795900289305624,94.52,305.57,189,99.0,42.0,0.52,116.0,
07:41:33,102.4,10.0,318.05,21.0,95.09,88.0,457.72,29.0,215.65,98.0,50.0,22.783967389371945,102.4,318.05,148,48.0,-41.0,0.32,116.0,
07:41:35,120.0,22.0,311.8,20.0,103.67,60.0,510.18,22.0,191.8,82.0,42.0,40.94347481589646,120.0,311.8,124,40.0,11.0,0.32,120.0,2.0
07:41:36,119.25,8.0,196.0,14.0,104.66,59.0,377.64,11.0,76.75,67.0,25.0,49.28204673103534,119.25,196.0,92,42.0,-32.0,0.46,118.2,5.0
07:41:37,108.17,94.0,360.21,38.0,104.03,143.0,637.5,12.0,252.04,237.0,50.0,48.97454675645245,108.17,360.21,287,187.0,173.5,0.65,107.0,3.0
07:41:38,123.0,22.0,297.38,32.0,111.47,17.0,513.22,18.0,174.38,39.0,50.0,48.97639911222493,123.0,297.38,89,-11.0,-174.5,-0.12,123.0,2.0
07:41:39,122.67,18.0,232.24,34.0,117.33,12.0,233.8,40.0,109.57,30.0,74.0,30.92670609683417,122.67,232.24,104,-44.0,15.0,-0.42,123.0,2.0
07:41:40,121.05,22.0,226.12,26.0,115.83,18.0,230.0,31.0,105.07,40.0,57.0,30.960213662052844,121.05,226.12,97,-17.0,-7.0,-0.18,123.0,
07:41:41,121.97,31.0,200.76,34.0,120.78,32.0,206.85,40.0,78.78999999999999,63.0,74.0,29.99164183568421,121.97,200.76,137,-11.0,40.0,-0.08,122.5,4.0
07:41:42,119.5,18.0,199.25,24.0,110.17,47.0,201.0,32.0,79.75,65.0,56.0,20.41078219961132,119.5,199.25,121,9.0,-16.0,0.07,119.0,5.0
07:41:43,112.33,12.0,196.18,33.0,109.02,141.0,201.0,44.0,83.85000000000001,153.0,77.0,9.855347279521684,112.33,196.18,230,76.0,109.0,0.33,119.0,
07:41:44,117.75,16.0,182.56,25.0,113.09,11.0,200.32,31.0,64.81,27.0,56.0,8.890140606310894,117.75,182.56,83,-29.0,-147.0,-0.35,124.0,2.0
07:41:45,114.31,64.0,118.72,43.0,113.78,137.0,129.72,36.0,4.409999999999997,201.0,79.0,18.320300761722844,114.31,118.72,280,122.0,173.5,0.44,114.4,5.0
07:41:46,114.0,126.0,116.48,31.0,112.0,45.0,117.62,32.0,2.480000000000004,171.0,63.0,21.46265873558042,114.0,116.48,234,108.0,-46.0,0.46,114.4,
07:41:47,114.0,110.0,115.74,38.0,112.0,55.0,116.74,34.0,1.7399999999999949,165.0,72.0,20.14471146479865,114.0,115.74,237,93.0,3.0,0.39,114.0,12.0
07:41:48,114.0,13.0,376.23,13.0,112.0,45.0,567.95,40.0,262.23,58.0,53.0,56.120484851789925,114.0,376.23,111,5.0,-126.0,0.05,114.0,
07:41:49,114.89,27.0,271.6,25.0,112.33,18.0,480.92,26.0,156.71000000000004,45.0,51.0,59.65722269767492,114.89,271.6,96,-6.0,-15.0,-0.06,114.0,
07:41:50,115.75,64.0,368.56,39.0,114.0,8.0,570.83,12.0,252.81,72.0,51.0,64.60060510552488,115.75,368.56,123,21.0,27.0,0.17,114.0,
07:41:51,117.0,80.0,384.61,38.0,114.0,10.0,556.14,22.0,267.61,90.0,60.0,57.5761045920958,117.0,384.61,150,30.0,27.0,0.2,114.0,
07:41:52,117.0,96.0,302.26,19.0,114.0,12.0,474.02,43.0,185.26,108.0,62.0,25.29315124692745,117.0,302.26,170,46.0,20.0,0.27,114.0,
07:41:53,117.45,88.0,145.09,22.0,115.86,29.0,147.0,11.0,27.64,117.0,33.0,47.62738445474365,117.45,145.09,150,84.0,-20.0,0.56,114.0,
07:41:54,122.09,44.0,143.9,20.0,118.35,75.0,387.8,25.0,21.81,119.0,45.0,57.97413966588863,122.09,143.9,164,74.0,14.0,0.45,114.0,
07:41:55,123.0,58.0,142.0,28.0,120.0,120.0,403.84,25.0,19.0,178.0,53.0,55.59692392569907,123.0,142.0,231,125.0,67.0,0.54,123.0,2.0
07:41:56,121.8,40.0,139.76,17.0,120.79,112.0,140.62,24.0,17.959999999999994,152.0,41.0,34.77908035011819,121.8,139.76,193,111.0,-38.0,0.58,121.8,5.0
07:41:57,121.0,64.0,137.7,10.0,120.0,64.0,139.91,22.0,16.69999999999999,128.0,32.0,1.4467031485355109,121.0,137.7,160,96.0,-33.0,0.6,121.8,
07:41:58,121.0,80.0,134.22,23.0,120.0,80.0,135.58,12.0,13.22,160.0,35.0,2.2301053786722305,121.0,134.22,195,125.0,35.0,0.64,121.8,
07:41:59,121.0,80.0,131.82,17.0,120.0,80.0,133.08,13.0,10.819999999999991,160.0,30.0,2.430874328299031,121.0,131.82,190,130.0,-5.0,0.68,121.8,
07:42:00,121.0,55.0,129.19,36.0,120.0,120.0,130.48,23.0,8.189999999999998,175.0,59.0,2.2654249049535404,121.0,129.19,234,116.0,44.0,0.5,121.0,5.0
07:42:01,121.0,42.0,125.63,41.0,120.0,112.0,127.48,29.0,4.629999999999996,154.0,70.0,2.3094523160230644,121.0,125.63,224,84.0,-10.0,0.38,121.0,
07:42:02,120.43,70.0,123.03,29.0,119.67,108.0,124.19,31.0,2.5999999999999943,178.0,60.0,2.355192136532571,120.43,123.03,238,118.0,14.0,0.5,121.0,3.0
07:42:03,120.0,132.0,121.0,24.0,117.0,36.0,122.71,17.0,1.0,168.0,41.0,2.405965502659043,120.0,121.0,209,127.0,-29.0,0.61,120.0,3.0
07:42:04,120.0,126.0,124.0,27.0,117.0,27.0,311.08,24.0,4.0,153.0,51.0,1.7514850841459435,120.0,124.0,204,102.0,-5.0,0.5,120.0,2.0
07:42:05,120.06,104.0,124.0,39.0,119.4,105.0,147.0,13.0,3.9399999999999977,209.0,52.0,1.003857559609916,120.06,124.0,261,157.0,57.0,0.6,120.0,
07:42:06,120.83,63.0,122.96,28.0,119.79,43.0,386.71,21.0,2.1299999999999955,106.0,49.0,0.6425340457797561,120.83,122.96,155,57.0,-106.0,0.37,120.67,9.0
07:42:07,121.0,28.0,122.0,28.0,120.0,14.0,482.14,28.0,1.0,42.0,56.0,0.6418177311247488,121.0,122.0,98,-14.0,-57.0,-0.14,120.67,
07:42:08,121.0,44.0,122.0,44.0,120.0,33.0,421.45,44.0,1.0,77.0,88.0,0.2644428104260732,121.0,122.0,165,-11.0,67.0,-0.07,120.67,
07:42:09,120.57,28.0,122.0,32.0,118.5,24.0,320.46,26.0,1.4300000000000068,52.0,58.0,0.306708330480437,120.57,122.0,110,-6.0,-55.0,-0.05,121.0,4.0
07:42:10,120.96,67.0,325.47,62.0,119.82,51.0,595.76,68.0,204.51000000000005,118.0,130.0,45.46648732858057,120.96,325.47,248,-12.0,138.0,-0.05,121.0,4.0
07:42:11,120.83,41.0,323.4,25.0,116.0,69.0,525.8,10.0,202.57,110.0,35.0,55.447384699370346,120.83,323.4,145,75.0,-103.0,0.52,120.4,5.0
07:42:14,119.0,21.0,248.6,10.0,116.0,27.0,264.0,10.0,129.6,48.0,20.0,16.554848836517525,119.0,248.6,68,28.0,-23.0,0.41,118.75,4.0
07:42:15,116.0,69.0,248.0,7.0,114.0,126.0,525.0,16.0,132.0,195.0,23.0,16.52120909618755,116.0,248.0,218,172.0,150.0,0.79,118.75,
07:42:16,116.0,88.0,246.71,7.0,114.0,126.0,322.0,7.0,130.71,214.0,14.0,11.07171395945337,116.0,246.71,228,200.0,10.0,0.88,118.75,
07:42:17,116.0,153.0,243.71,21.0,114.0,198.0,279.76,17.0,127.71,351.0,38.0,7.827421031218224,116.0,243.71,389,313.0,161.0,0.8,116.0,1.0
07:42:18,116.0,143.0,240.91,11.0,114.0,198.0,243.0,33.0,124.91,341.0,44.0,2.044964547360108,116.0,240.91,385,297.0,-4.0,0.77,116.0,
07:42:19,116.0,130.0,238.83,36.0,114.0,241.0,241.35,20.0,122.83,371.0,56.0,1.9210986439952595,116.0,238.83000000000004,427,315.0,42.0,0.74,116.0,4.0
07:42:20,116.0,72.0,183.88,16.0,114.0,59.0,237.9,20.0,67.88,131.0,36.0,13.2015862683226,116.0,183.88,167,95.0,-174.5,0.57,116.0,
07:42:21,116.0,63.0,151.45,11.0,114.0,56.0,198.36,11.0,35.44999999999999,119.0,22.0,20.94231959454273,116.0,151.45,141,97.0,-26.0,0.69,116.0,
07:42:22,116.0,127.0,148.67,15.0,114.0,120.0,201.8,15.0,32.66999999999999,247.0,30.0,22.597261559754823,116.0,148.67,277,217.0,136.0,0.78,116.0,2.0
07:42:23,116.0,42.0,145.11,18.0,114.0,48.0,147.0,6.0,29.110000000000014,90.0,24.0,19.81985948486966,116.0,145.11,114,66.0,-163.0,0.58,116.0,
07:42:24,116.0,77.0,143.65,23.0,114.0,88.0,144.18,17.0,27.65000000000001,165.0,40.0,8.336688191361278,116.0,143.65,205,125.0,91.0,0.61,116.0,
07:42:25,116.0,56.0,140.88,32.0,114.0,64.0,142.0,8.0,24.879999999999995,120.0,40.0,2.081794898635464,116.0,140.88,160,80.0,-45.0,0.5,116.0,
07:42:26,116.0,56.0,139.39,23.0,114.0,64.0,139.88,17.0,23.389999999999983,120.0,40.0,1.8190024738809945,116.0,139.39,160,80.0,0.0,0.5,116.0,
07:42:27,116.0,119.0,135.34,41.0,114.0,136.0,137.26,31.0,19.340000000000003,255.0,72.0,1.9135699621350888,116.0,135.34,327,183.0,167.0,0.56,116.0,
07:42:28,116.0,94.0,132.4,20.0,114.0,112.0,133.08,52.0,16.400000000000006,206.0,72.0,2.2383185653490454,116.0,132.4,278,134.0,-49.0,0.48,116.0,2.0
07:42:29,117.25,67.0,128.97,29.0,114.1,84.0,130.53,19.0,11.72,151.0,48.0,2.25774887885848,117.25,128.97,199,103.0,-79.0,0.52,116.0,3.0
07:42:30,123.0,48.0,126.2,25.0,116.0,60.0,127.8,25.0,3.200000000000003,108.0,50.0,1.738916329208228,123.0,126.2,158,58.0,-41.0,0.37,123.0,2.0
07:42:31,123.0,44.0,125.7,40.0,116.0,127.0,126.33,18.0,2.700000000000003,171.0,58.0,0.916313265203158,123.0,125.7,229,113.0,71.0,0.49,123.0,
07:42:32,116.23,121.0,123.89,18.0,114.29,77.0,124.76,21.0,7.659999999999997,198.0,39.0,1.87947599079842,116.23,123.89,237,159.0,8.0,0.67,121.6,5.0
07:42:33,116.0,90.0,121.0,9.0,114.0,54.0,123.0,18.0,5.0,144.0,27.0,2.713453519039552,116.0,121.0,171,117.0,-66.0,0.68,121.6,
07:42:34,116.0,110.0,121.0,11.0,114.0,66.0,123.0,22.0,5.0,176.0,33.0,3.056226431400083,116.0,121.0,209,143.0,38.0,0.68,121.6,
07:42:35,116.0,110.0,118.63,19.0,114.0,66.0,120.33,15.0,2.6299999999999955,176.0,34.0,2.751632242867688,116.0,118.63,210,142.0,1.0,0.68,121.6,
07:42:36,116.05,93.0,147.12,32.0,114.13,77.0,254.65,23.0,31.070000000000007,170.0,55.0,5.8924935299063765,116.05,147.12,225,115.0,15.0,0.51,116.0,5.0
07:42:37,121.0,8.0,144.0,32.0,116.0,53.0,327.43,14.0,23.0,61.0,46.0,7.656286306035554,121.0,144.0,107,15.0,-118.0,0.14,116.0,
07:42:38,116.41,61.0,129.0,24.0,115.48,122.0,198.76,21.0,12.590000000000003,183.0,45.0,7.1599245806074805,116.41,129.0,228,138.0,121.0,0.61,117.0,5.0
07:42:39,117.21,19.0,123.0,28.0,116.0,126.0,128.0,18.0,5.790000000000006,145.0,46.0,6.850929134065473,117.21,123.0,191,99.0,-37.0,0.52,118.71,7.0
07:42:40,116.67,18.0,122.29,34.0,115.13,97.0,127.55,22.0,5.6200000000000045,115.0,56.0,6.304159737822868,116.67,122.29000000000002,171,59.0,-20.0,0.35,116.75,4.0
07:42:41,117.38,16.0,122.0,48.0,116.14,28.0,403.0,24.0,4.6200000000000045,44.0,72.0,5.522330124140334,117.38,122.0,116,-28.0,-55.0,-0.24,116.75,
07:42:42,119.56,16.0,140.89,38.0,117.35,17.0,447.29,21.0,21.329999999999984,33.0,59.0,4.54160434207868,119.56,140.89,92,-26.0,-24.0,-0.28,120.0,2.0
07:42:43,119.4,15.0,409.45,11.0,117.56,34.0,512.89,19.0,290.04999999999995,49.0,30.0,63.689778771793335,119.4,409.45,79,19.0,-13.0,0.24,120.0,
07:42:44,122.71,31.0,361.06,17.0,120.06,32.0,388.0,10.0,238.35,63.0,27.0,71.79237055565144,122.71,361.06,90,36.0,11.0,0.4,120.0,1.0
07:42:46,122.8,25.0,262.06,16.0,120.18,55.0,282.71,14.0,139.26,80.0,30.0,53.85899107855581,122.8,262.06,110,50.0,14.0,0.45,124.0,3.0
07:42:47,123.0,21.0,248.67,12.0,121.0,14.0,283.76,29.0,125.67,35.0,41.0,34.398420312565946,123.0,248.67,76,-6.0,-34.0,-0.08,124.0,
07:42:48,123.0,21.0,251.0,14.0,121.0,14.0,289.0,35.0,128.0,35.0,49.0,29.499183548023076,123.0,251.0,84,-14.0,8.0,-0.17,124.0,
07:42:49,123.0,15.0,244.67,9.0,121.0,10.0,285.36,22.0,121.67,25.0,31.0,24.810007658200327,123.0,244.67,56,-6.0,-28.0,-0.11,124.0,
07:42:50,122.14,21.0,249.0,12.0,120.0,15.0,314.31,13.0,126.86,36.0,25.0,3.275838823868253,122.14,249.0,61,11.0,5.0,0.18,122.2,5.0
07:42:51,120.0,30.0,249.0,10.0,118.0,25.0,306.75,8.0,129.0,55.0,18.0,1.2282222925688415,120.0,249.0,73,37.0,12.0,0.51,122.2,
07:42:52,120.0,36.0,246.87,15.0,118.0,40.0,290.25,12.0,126.87,76.0,27.0,1.4421269014768558,120.0,246.87,103,49.0,30.0,0.48,120.0,3.0
07:42:53,120.63,41.0,247.57,35.0,118.39,31.0,249.0,14.0,126.94,72.0,49.0,0.8169638914685722,120.63,247.57,121,23.0,18.0,0.19,120.0,
07:42:54,121.0,117.0,204.69,26.0,120.0,27.0,222.68,19.0,83.69,144.0,45.0,9.668658128197796,121.0,204.69,189,99.0,68.0,0.52,120.0,
07:42:55,121.0,131.0,166.61,54.0,120.0,33.0,168.05,42.0,45.610000000000014,164.0,96.0,18.106354409432317,121.0,166.61,260,68.0,71.0,0.26,121.0,4.0
07:42:56,121.0,126.0,165.25,65.0,120.0,42.0,166.73,60.0,44.25,168.0,125.0,20.15577262225322,121.0,165.25,293,43.0,33.0,0.15,121.0,
07:42:57,121.0,122.0,160.04,71.0,120.0,54.0,161.01,85.0,39.03999999999999,176.0,156.0,18.603638085062173,121.0,160.04,332,20.0,39.0,0.06,121.0,4.0
07:42:58,121.0,62.0,157.84,62.0,120.0,42.0,159.09,64.0,36.84,104.0,126.0,9.621903657799718,121.0,157.84,230,-22.0,-102.0,-0.1,121.0,2.0
07:42:59,121.0,36.0,154.25,48.0,120.0,36.0,156.42,48.0,33.25,72.0,96.0,2.57340630293424,121.0,154.25,168,-24.0,-62.0,-0.14,121.0,3.0
07:43:00,119.08,39.0,148.87,55.0,116.99,71.0,149.85,60.0,29.790000000000006,110.0,115.0,3.4147474284319363,119.08,148.87,225,-5.0,57.0,-0.02,119.2,5.0
07:43:01,119.18,22.0,144.09,43.0,117.33,36.0,145.53,47.0,24.91,58.0,90.0,3.737376084900151,119.18,144.09,148,-32.0,-77.0,-0.22,119.2,
07:43:02,118.77,26.0,142.69,52.0,116.37,81.0,144.0,65.0,23.92,107.0,117.0,3.756970854289992,118.77,142.69,224,-10.0,76.0,-0.04,119.33,3.0
07:43:03,118.0,37.0,136.83,103.0,116.0,198.0,138.24,95.0,18.830000000000013,235.0,198.0,3.801424732910757,118.0,136.83,433,37.0,173.5,0.09,118.0,1.0
07:43:04,118.0,8.0,131.53,38.0,116.0,84.0,132.47,34.0,13.53,92.0,72.0,3.628337084669332,118.0,131.53,164,20.0,-174.5,0.12,118.0,
07:43:05,118.0,14.0,127.71,66.0,116.0,153.0,129.02,60.0,9.709999999999994,167.0,126.0,3.762129715997006,118.0,127.70999999999998,293,41.0,129.0,0.14,118.0,
07:43:06,118.0,11.0,123.07,54.0,116.0,87.0,124.38,45.0,5.069999999999993,98.0,99.0,3.964684098385231,118.0,123.07,197,-1.0,-96.0,-0.01,118.0,
07:43:07,116.0,114.0,120.57,58.0,113.08,197.0,124.41,82.0,4.569999999999993,311.0,140.0,3.561027941478404,116.0,120.57,451,171.0,173.5,0.38,118.0,
07:43:08,116.0,148.0,117.45,67.0,114.12,49.0,147.07,55.0,1.4500000000000028,197.0,122.0,3.2729375184978613,116.0,117.45,319,75.0,-132.0,0.24,116.5,2.0
07:43:09,116.34,94.0,146.0,36.0,115.83,36.0,318.83,23.0,29.66,130.0,59.0,5.670976988137958,116.34,146.0,189,71.0,-130.0,0.38,117.0,3.0
07:43:12,116.0,69.0,407.88,40.0,114.75,16.0,484.23,40.0,291.88,85.0,80.0,101.78393758349075,116.0,407.88,165,5.0,27.0,0.03,116.0,1.0
07:43:13,116.0,31.0,373.33,24.0,114.0,44.0,374.9,31.0,257.33,75.0,55.0,80.17522341721246,116.0,373.33,130,20.0,-35.0,0.15,116.0,4.0
07:43:14,116.0,9.0,364.38,26.0,114.0,36.0,371.85,20.0,248.38,45.0,46.0,45.36398053522115,116.0,364.38,91,-1.0,-39.0,-0.01,116.0,
07:43:15,116.0,9.0,366.81,21.0,114.0,36.0,367.75,24.0,250.81,45.0,45.0,47.467063633638936,116.0,366.81,90,0.0,-1.0,0.0,116.0,
07:43:16,116.0,8.0,363.41,22.0,114.0,32.0,364.67,18.0,247.41000000000005,40.0,40.0,9.34848383428777,116.0,363.41,80,0.0,-10.0,0.0,116.0,
07:43:17,116.93,45.0,359.72,25.0,114.74,19.0,360.84,25.0,242.79,64.0,50.0,2.398076312368367,116.93,359.72,114,14.0,34.0,0.12,116.0,
07:43:18,117.0,42.0,356.33,15.0,116.0,21.0,357.47,17.0,239.33,63.0,32.0,1.8173524699251744,117.0,356.33,95,31.0,-19.0,0.33,116.0,
07:43:19,123.0,26.0,207.83,36.0,119.46,78.0,266.54,26.0,84.83000000000001,104.0,62.0,32.96316929544172,123.0,207.83,166,42.0,71.0,0.25,116.0,
07:43:20,122.68,31.0,184.2,30.0,120.81,81.0,185.31,32.0,61.51999999999998,112.0,62.0,43.38295483251412,122.68,184.2,174,50.0,8.0,0.29,122.33,3.0
07:43:21,121.0,45.0,179.62,21.0,116.0,27.0,181.33,18.0,58.620000000000005,72.0,39.0,44.78611983639541,121.0,179.62,111,33.0,-63.0,0.3,122.33,
07:43:22,121.0,52.0,175.25,16.0,117.75,32.0,178.0,24.0,54.25,84.0,40.0,37.4279076358802,121.0,175.25,124,44.0,13.0,0.35,122.33,
07:43:23,121.0,72.0,173.22,18.0,120.0,63.0,177.54,26.0,52.22,135.0,44.0,7.41823092118251,121.0,173.22,179,91.0,55.0,0.51,122.33,
07:43:24,121.0,80.0,168.75,32.0,120.0,98.0,169.67,33.0,47.75,178.0,65.0,3.259243777318653,121.0,168.75,243,113.0,64.0,0.47,120.73,11.0
07:43:25,122.44,41.0,164.52,21.0,118.47,30.0,165.42,19.0,42.08000000000001,71.0,40.0,2.6863264879741178,122.44,164.52,111,31.0,-132.0,0.28,120.73,
07:43:29,121.0,16.0,141.22,18.0,120.0,32.0,142.29,31.0,20.22,48.0,49.0,5.186533524426101,121.0,141.22,97,-1.0,13.0,-0.01,120.73,
07:43:30,121.0,24.0,137.56,32.0,120.0,48.0,140.5,32.0,16.560000000000002,72.0,64.0,4.798284068289124,121.0,137.56,136,8.0,39.0,0.06,120.73,
07:43:31,121.0,26.0,133.62,37.0,120.0,52.0,135.0,32.0,12.620000000000005,78.0,69.0,3.669295572722181,121.0,133.62,147,9.0,11.0,0.06,120.73,
07:43:32,121.0,24.0,128.12,34.0,120.0,48.0,129.28,36.0,7.1200000000000045,72.0,70.0,3.461772667290532,121.0,128.12,142,2.0,-5.0,0.01,120.73,
07:43:33,120.5,40.0,122.79,47.0,117.78,90.0,125.79,48.0,2.2900000000000063,130.0,95.0,3.762572258442485,120.5,122.79,225,35.0,83.0,0.16,120.33,6.0
07:43:34,116.07,122.0,189.31,35.0,114.2,99.0,540.12,33.0,73.24000000000001,221.0,68.0,12.410355756383408,116.07,189.31,289,153.0,64.0,0.53,120.0,2.0
07:43:37,116.0,140.0,259.07,27.0,114.05,96.0,285.7,23.0,143.07,236.0,50.0,87.67603965736568,116.0,259.07,286,186.0,134.0,0.65,120.0,
07:43:38,116.0,98.0,260.93,41.0,114.0,113.0,261.43,42.0,144.93,211.0,83.0,73.79528894177427,116.0,260.93,294,128.0,8.0,0.44,116.0,4.0
07:43:39,116.0,60.0,139.0,20.0,114.0,70.0,144.1,29.0,23.0,130.0,49.0,80.8175974030406,116.0,139.0,179,81.0,-115.0,0.45,116.0,
07:43:40,116.0,42.0,124.67,42.0,114.0,91.0,133.82,34.0,8.670000000000002,133.0,76.0,70.97379255753472,116.0,124.67,209,57.0,30.0,0.27,116.0,4.0
07:43:41,116.0,24.0,122.17,30.0,114.0,84.0,125.4,30.0,6.170000000000002,108.0,60.0,36.12815688628452,116.0,122.17,168,48.0,-41.0,0.29,116.0,
07:43:42,115.48,27.0,118.88,32.0,113.96,73.0,121.39,23.0,3.3999999999999915,100.0,55.0,30.410642873836007,115.48,118.88,155,45.0,-13.0,0.29,118.0,4.0
07:43:43,114.0,77.0,118.21,29.0,113.0,33.0,121.31,26.0,4.209999999999994,110.0,55.0,4.4822003525052745,114.0,118.21,165,55.0,10.0,0.33,118.0,4.0
07:43:44,113.44,59.0,165.19,16.0,83.96,52.0,230.53,19.0,51.75,111.0,35.0,9.59418834503458,113.44,165.19,146,76.0,-19.0,0.52,114.44,9.0
07:43:45,117.7,93.0,273.0,18.0,115.84,88.0,399.56,18.0,155.3,181.0,36.0,33.76392794092522,117.7,273.0,217,145.0,71.0,0.67,119.0,1.0
07:43:46,118.1,105.0,356.5,20.0,117.58,120.0,445.7,20.0,238.4,225.0,40.0,53.40472703796904,118.1,356.5,265,185.0,48.0,0.7,119.0,
07:43:47,118.32,88.0,195.0,28.0,117.7,224.0,497.79,28.0,76.68,312.0,56.0,47.93583868046931,118.32,195.0,368,256.0,103.0,0.7,119.0,4.0
07:43:48,118.0,221.0,279.9,31.0,116.0,156.0,477.92,26.0,161.89999999999998,377.0,57.0,38.49164104062038,118.0,279.9,434,320.0,66.0,0.74,119.0,
07:43:49,118.0,111.0,120.0,21.0,116.0,84.0,286.29,14.0,2.0,195.0,35.0,45.09220852874666,118.0,120.0,230,160.0,-174.5,0.7,118.0,4.0
07:43:50,119.13,62.0,335.65,23.0,117.23,125.0,638.45,22.0,216.52,187.0,45.0,49.61114340548875,119.13,335.65,232,142.0,2.0,0.61,119.2,5.0
07:43:53,121.0,45.0,298.11,18.0,118.0,99.0,650.56,18.0,177.11,144.0,36.0,77.1369021286177,121.0,298.11,180,108.0,72.0,0.6,119.2,
07:43:54,121.0,25.0,242.0,10.0,118.0,55.0,681.8,10.0,121.0,80.0,20.0,56.5230189391892,121.0,242.0,100,60.0,-80.0,0.6,119.2,
07:43:55,121.0,20.0,382.43,14.0,118.0,77.0,483.29,14.0,261.43,97.0,28.0,55.70496988599795,121.0,382.43,125,69.0,25.0,0.55,121.0,3.0
07:43:56,121.0,6.0,379.0,6.0,118.0,33.0,524.0,6.0,258.0,39.0,12.0,52.14428808604009,121.0,379.0,51,27.0,-74.0,0.53,121.0,
07:43:57,121.0,4.0,379.0,4.0,118.0,22.0,524.0,4.0,258.0,26.0,8.0,31.74473625658198,121.0,379.0,34,18.0,-17.0,0.53,121.0,
07:43:58,121.0,26.0,240.9,31.0,118.0,143.0,379.1,21.0,119.9,169.0,52.0,37.98873346138239,121.0,240.9,221,117.0,173.5,0.53,121.0,
07:43:59,118.56,36.0,207.29,21.0,117.03,74.0,230.0,18.0,88.72999999999999,110.0,39.0,43.54493575606647,118.56,207.29,149,71.0,-72.0,0.48,119.2,5.0
07:44:00,118.36,44.0,190.44,27.0,116.91,88.0,207.89,27.0,72.08,132.0,54.0,46.94835013075503,118.36,190.44,186,78.0,37.0,0.42,118.8,5.0
07:44:01,118.0,77.0,168.86,35.0,116.0,132.0,175.03,35.0,50.860000000000014,209.0,70.0,42.34257845242748,118.0,168.86,279,139.0,93.0,0.5,118.8,
07:44:02,119.53,57.0,122.62,24.0,116.74,76.0,123.62,24.0,3.0900000000000034,133.0,48.0,22.31061697936632,119.53,122.62,181,85.0,-98.0,0.47,121.0,3.0
07:44:03,118.17,89.0,120.77,39.0,116.09,151.0,123.0,39.0,2.5999999999999943,240.0,78.0,19.516407200096918,118.17000000000002,120.77,318,162.0,137.0,0.51,121.0,5.0
07:44:04,116.58,76.0,177.5,32.0,115.5,96.0,345.24,51.0,60.92,172.0,83.0,15.85574438492234,116.58,177.5,255,89.0,-63.0,0.35,118.21,14.0
07:44:05,116.0,109.0,185.13,46.0,114.0,40.0,186.38,32.0,69.13,149.0,78.0,14.872063407610815,116.0,185.13,227,71.0,-28.0,0.31,116.0,1.0
07:44:06,116.0,61.0,182.93,28.0,114.0,27.0,184.15,26.0,66.93,88.0,54.0,15.808008413459175,116.0,182.93,142,34.0,-85.0,0.24,116.0,
07:44:07,116.0,91.0,145.84,57.0,114.0,39.0,160.96,53.0,29.840000000000003,130.0,110.0,13.724203802042402,116.0,145.84000000000003,240,20.0,98.0,0.08,116.0,
07:44:08,116.0,70.0,137.09,33.0,114.0,30.0,146.66,35.0,21.090000000000003,100.0,68.0,11.29164159898792,116.0,137.09,168,32.0,-72.0,0.19,116.0,
07:44:09,116.0,91.0,134.0,30.0,113.31,87.0,135.17,48.0,18.0,178.0,78.0,12.53311014872192,116.0,134.0,256,100.0,88.0,0.39,116.0,
07:44:10,116.0,109.0,129.36,50.0,113.24,177.0,130.17,60.0,13.360000000000014,286.0,110.0,10.79088133564626,116.0,129.36,396,176.0,140.0,0.44,116.0,1.0
07:44:11,116.48,46.0,125.64,44.0,115.33,72.0,126.67,30.0,9.159999999999997,118.0,74.0,3.8099238837542506,116.48,125.64,192,44.0,-174.5,0.23,116.0,
07:44:12,116.92,25.0,121.92,52.0,115.67,81.0,123.08,52.0,5.0,106.0,104.0,2.883924409550646,116.92,121.92,210,2.0,18.0,0.01,117.0,3.0
07:44:13,115.09,22.0,120.29,41.0,113.84,43.0,121.6,40.0,5.200000000000003,65.0,81.0,2.8343429573717382,115.09,120.29,146,-16.0,-64.0,-0.11,116.67,12.0
07:44:14,114.07,15.0,120.0,24.0,113.09,23.0,121.67,24.0,5.930000000000007,38.0,48.0,2.339899570495156,114.07,120.0,86,-10.0,-60.0,-0.12,116.67,
07:44:15,114.86,14.0,117.61,46.0,113.96,25.0,118.69,32.0,2.75,39.0,78.0,1.9455667554735665,114.86,117.61,117,-39.0,31.0,-0.33,115.0,1.0
07:44:16,113.8,20.0,115.18,44.0,112.5,16.0,116.43,28.0,1.3800000000000097,36.0,72.0,1.8181364085250868,113.8,115.18,108,-36.0,-9.0,-0.33,114.0,2.0
07:44:17,110.73,22.0,113.4,15.0,109.33,36.0,310.26,19.0,2.6700000000000017,58.0,34.0,2.2651490017226497,110.73,113.4,92,24.0,-16.0,0.26,112.33,3.0
07:44:18,106.1,40.0,112.14,21.0,86.57,14.0,131.0,21.0,6.040000000000006,54.0,42.0,3.230438050792159,106.1,112.14,96,12.0,4.0,0.12,110.0,3.0
07:44:19,99.26,31.0,112.0,24.0,73.61,28.0,249.64,28.0,12.739999999999997,59.0,52.0,4.235201293918253,99.26,112.0,111,7.0,15.0,0.06,110.0,
07:44:21,109.6,10.0,112.0,21.0,104.24,21.0,282.0,21.0,2.4000000000000057,31.0,42.0,6.8453283339814295,109.6,112.0,73,-11.0,-28.0,-0.15,110.0,
07:44:22,110.0,8.0,112.0,24.0,69.39,23.0,436.54,26.0,2.0,31.0,50.0,6.645041760591806,110.0,112.0,81,-19.0,8.0,-0.23,110.0,
07:44:23,102.67,6.0,110.0,15.0,71.82,17.0,331.5,18.0,7.329999999999998,23.0,33.0,6.466511424254137,102.67,110.0,56,-10.0,-25.0,-0.18,110.0,1.0
07:44:35,97.69,100.0,109.61,28.0,96.79,63.0,111.43,23.0,11.920000000000002,163.0,51.0,2.639494269744125,97.69,109.61,214,112.0,51.0,0.52,108.7,10.0
07:44:36,99.62,29.0,108.0,16.0,98.08,120.0,112.0,12.0,8.379999999999995,149.0,28.0,3.0781244289358467,99.62,108.0,177,121.0,-37.0,0.68,108.0,3.0
07:44:37,101.6,30.0,112.52,21.0,100.55,33.0,188.22,18.0,10.920000000000002,63.0,39.0,3.786670041079765,101.6,112.52,102,24.0,-75.0,0.24,110.88,8.0
07:44:38,105.44,89.0,114.0,48.0,104.58,73.0,219.68,22.0,8.560000000000002,162.0,70.0,4.098788845501834,105.44,114.0,232,92.0,130.0,0.4,110.88,
07:44:39,109.02,111.0,114.0,32.0,108.02,110.0,204.0,8.0,4.980000000000004,221.0,40.0,3.5010069979949168,109.02,114.0,261,181.0,29.0,0.69,110.88,
07:44:40,111.8,25.0,114.0,19.0,110.0,115.0,164.0,7.0,2.200000000000003,140.0,26.0,3.63070929709455,111.8,114.0,166,114.0,-95.0,0.69,114.0,1.0
07:44:41,113.72,120.0,125.43,14.0,111.04,48.0,169.0,8.0,11.710000000000008,168.0,22.0,4.690147119228544,113.72,125.43,190,146.0,24.0,0.77,114.0,3.0
07:44:42,116.39,225.0,171.5,20.0,112.0,45.0,427.43,23.0,55.11,270.0,43.0,14.14535259369683,116.39,171.5,313,227.0,123.0,0.73,114.0,
07:44:43,117.74,219.0,292.56,9.0,116.17,60.0,590.29,14.0,174.82,279.0,23.0,39.4129906249196,117.74,292.56,302,256.0,-11.0,0.85,114.0,
07:44:44,119.89,139.0,340.07,15.0,118.72,135.0,483.91,22.0,220.18,274.0,37.0,52.4860752962154,119.89,340.07,311,237.0,9.0,0.76,114.0,
07:44:54,122.0,32.0,141.23,13.0,121.0,192.0,142.55,11.0,19.22999999999999,224.0,24.0,25.10481388100685,122.0,141.23,248,200.0,140.0,0.81,114.0,
07:44:55,121.17,138.0,140.27,22.0,120.87,154.0,142.0,11.0,19.10000000000001,292.0,33.0,4.51647207452867,121.17,140.27,325,259.0,77.0,0.8,121.67,6.0
07:44:56,121.0,132.0,138.11,9.0,119.0,12.0,139.33,9.0,17.110000000000014,144.0,18.0,1.9073227309498544,121.0,138.11,162,126.0,-163.0,0.78,121.67,
07:44:57,121.0,242.0,136.36,11.0,119.0,22.0,138.0,22.0,15.360000000000014,264.0,33.0,1.6967262595947252,121.0,136.36,297,231.0,135.0,0.78,121.67,
07:44:58,121.97,130.0,133.4,10.0,120.89,38.0,138.0,20.0,11.430000000000009,168.0,30.0,1.569687867061037,121.97,133.4,198,138.0,-99.0,0.7,121.67,
07:45:02,122.67,48.0,125.56,16.0,121.73,88.0,127.0,16.0,2.890000000000001,136.0,32.0,1.5053404930445962,122.67,125.56,168,104.0,83.0,0.62,124.0,2.0
07:45:03,122.0,82.0,123.36,25.0,121.0,84.0,143.5,18.0,1.3599999999999994,166.0,43.0,1.985207797687706,122.0,123.36,209,123.0,41.0,0.59,122.0,5.0
07:45:04,122.0,21.0,126.0,7.0,121.0,42.0,178.0,21.0,4.0,63.0,28.0,1.541956549323072,122.0,126.0,91,35.0,-118.0,0.38,122.0,
07:45:05,121.16,57.0,124.64,11.0,120.06,34.0,244.55,33.0,3.480000000000004,91.0,44.0,1.1907434652352868,121.16,124.64,135,47.0,44.0,0.35,122.0,3.0
07:45:06,121.0,23.0,122.38,13.0,119.0,26.0,307.56,45.0,1.3799999999999957,49.0,58.0,1.0039571704015997,121.0,122.38,107,-9.0,-28.0,-0.08,121.0,5.0
07:45:07,119.24,17.0,120.58,19.0,118.14,28.0,185.85,26.0,1.3400000000000034,45.0,45.0,1.5377028321496464,119.24,120.58,90,0.0,-17.0,0.0,120.0,2.0
07:45:08,117.96,23.0,120.27,44.0,117.83,35.0,184.0,23.0,2.3100000000000023,58.0,67.0,2.030017241306401,117.96,120.27,125,-9.0,35.0,-0.07,118.0,5.0
07:45:09,118.83,23.0,190.6,30.0,115.44,9.0,250.79,33.0,71.77,32.0,63.0,15.19182280044102,118.83,190.6,95,-31.0,-30.0,-0.33,118.38,8.0
07:45:17,122.0,14.0,133.55,11.0,121.0,13.0,216.15,13.0,11.550000000000011,27.0,24.0,1.0728233778206462,122.0,133.55,51,3.0,-18.0,0.06,118.38,
07:45:18,119.92,24.0,130.85,13.0,120.25,16.0,132.95,41.0,10.929999999999993,40.0,54.0,1.823959977630716,119.92,130.85,94,-14.0,43.0,-0.15,121.5,4.0
07:45:19,117.51,82.0,127.16,19.0,116.2,25.0,129.87,47.0,9.649999999999991,107.0,66.0,2.985694224129256,117.51,127.16,173,41.0,79.0,0.24,121.5,
07:45:20,117.65,46.0,125.0,15.0,116.03,33.0,126.02,51.0,7.349999999999994,79.0,66.0,3.36883214185554,117.65,125.0,145,13.0,-28.0,0.09,121.5,
07:45:21,120.0,64.0,124.0,8.0,119.0,8.0,126.0,40.0,4.0,72.0,48.0,2.725954878569916,120.0,124.0,120,24.0,-25.0,0.2,121.5,
07:45:22,120.0,128.0,122.08,24.0,119.0,16.0,125.89,72.0,2.0799999999999983,144.0,96.0,1.734710350461787,120.0,122.08,240,48.0,120.0,0.2,121.0,5.0
07:45:23,117.86,21.0,121.62,8.0,116.91,43.0,189.0,16.0,3.760000000000005,64.0,24.0,1.0091085174545689,117.86,121.62,88,40.0,-152.0,0.45,119.0,1.0
07:45:24,119.0,27.0,145.73,11.0,117.0,48.0,256.08,24.0,26.72999999999999,75.0,35.0,5.134089987524491,119.0,145.73,110,40.0,22.0,0.36,121.0,1.0
07:45:28,120.46,13.0,281.11,27.0,116.72,40.0,342.43,28.0,160.65000000000003,53.0,55.0,67.68614503722303,120.46,281.11,108,-2.0,7.0,-0.02,118.67,3.0
07:45:29,117.4,30.0,278.92,36.0,115.8,15.0,286.17,23.0,161.52,45.0,59.0,53.26587678805251,117.4,278.92,104,-14.0,-4.0,-0.13,118.67,
07:45:30,118.0,32.0,215.38,24.0,117.0,16.0,278.0,18.0,97.38,48.0,42.0,54.114046512897104,118.0,215.38,90,6.0,-14.0,0.07,118.67,
