Time,Bid1_Price,Bid1_Volume,Ask1_Price,Ask1_Volume,Bid2_Price,Bid2_Volume,Ask2_Price,Ask2_Volume,Bid_Ask_Spread,Market_Depth_Bid,Market_Depth_Ask,Historical_Volatility,Weighted_Avg_Bid_Price,Weighted_Avg_Ask_Price,Total_volume,Cumulative_Volume_Difference,Total_Volume_Change_Corrected,Order_imbalance,Weighted_Avg_Price,Trade_Volume
07:30:07,324.26,38.0,332.9,20.0,311.58,31.0,346.46,13.0,8.639999999999986,69.0,33.0,65.90393410108383,324.26,332.9,102,36.0,47.0,0.35,329.0,4.0
07:30:08,329.82,22.0,332.7,10.0,327.0,18.0,337.75,16.0,2.8799999999999955,40.0,26.0,75.17149040693553,329.82,332.7,66,14.0,-36.0,0.21,331.0,1.0
07:30:09,330.0,16.0,333.93,30.0,329.0,16.0,336.38,16.0,3.930000000000007,32.0,46.0,66.47267145225928,330.0,333.93,78,-14.0,12.0,-0.18,331.0,
07:30:10,329.54,26.0,333.0,52.0,324.76,34.0,338.38,26.0,3.4599999999999795,60.0,78.0,23.961042339597952,329.54,333.0,138,-18.0,60.0,-0.13,331.0,2.0
07:30:11,306.51,90.0,331.89,36.0,301.95,19.0,339.0,18.0,25.379999999999995,109.0,54.0,5.334278770368622,306.51,331.89,163,55.0,25.0,0.34,325.4,5.0
07:30:12,322.33,81.0,331.8,40.0,317.07,95.0,343.91,22.0,9.470000000000027,176.0,62.0,5.368140273875613,322.33,331.8,238,114.0,75.0,0.48,330.0,4.0
07:30:13,324.01,210.0,331.49,35.0,323.43,69.0,354.33,30.0,7.480000000000018,279.0,65.0,5.082314433405834,324.00999999999993,331.49,344,214.0,106.0,0.62,330.0,
07:30:14,324.02,159.0,329.65,46.0,323.54,84.0,333.29,34.0,5.629999999999996,243.0,80.0,4.416404646316395,324.02,329.65,323,163.0,-21.0,0.5,324.25,4.0
07:30:15,324.0,132.0,330.0,33.0,323.0,33.0,334.0,22.0,6.0,165.0,55.0,3.5790040514094064,324.0,330.0,220,110.0,-103.0,0.5,324.25,
07:30:16,324.0,108.0,329.11,27.0,323.0,27.0,334.22,18.0,5.110000000000014,135.0,45.0,0.4407153276266436,324.0,329.11000000000007,180,90.0,-40.0,0.5,324.25,
07:30:17,324.0,174.0,328.5,24.0,323.0,24.0,335.0,16.0,4.5,198.0,40.0,0.563959218388221,324.0,328.5,238,158.0,58.0,0.66,324.25,
07:30:18,324.01,158.0,327.07,45.0,323.38,63.0,332.0,32.0,3.0600000000000023,221.0,77.0,0.5775119046435877,324.01,327.07,298,144.0,60.0,0.48,324.25,
07:30:19,324.31,35.0,326.54,37.0,323.96,138.0,333.15,26.0,2.230000000000018,173.0,63.0,0.6691262960048071,324.31,326.54,236,110.0,-62.0,0.47,325.0,1.0
07:30:20,324.02,195.0,333.26,68.0,323.43,84.0,338.36,50.0,9.240000000000007,279.0,118.0,1.2952721721727334,324.02,333.26,397,161.0,161.0,0.41,325.0,
07:30:21,324.0,168.0,331.37,67.0,323.0,42.0,332.32,31.0,7.370000000000003,210.0,98.0,1.4057204558535288,324.0,331.37,308,112.0,-89.0,0.36,325.0,
07:30:22,324.0,113.0,328.83,54.0,323.0,42.0,330.1,39.0,4.829999999999984,155.0,93.0,1.393818496076532,324.0,328.83,248,62.0,-60.0,0.25,324.0,5.0
07:30:23,324.0,67.0,326.53,19.0,323.0,33.0,327.04,47.0,2.5299999999999727,100.0,66.0,1.4584135216066298,324.0,326.53,166,34.0,-82.0,0.2,324.0,5.0
07:30:24,324.0,14.0,325.71,7.0,323.0,21.0,327.0,35.0,1.7099999999999795,35.0,42.0,1.597022229026589,324.0,325.71,77,-7.0,-89.0,-0.09,324.0,
07:30:25,324.0,9.0,326.48,27.0,323.0,21.0,334.86,35.0,2.480000000000018,30.0,62.0,1.1620154904324984,324.0,326.48,92,-32.0,15.0,-0.35,324.0,1.0
07:30:26,323.4,20.0,328.0,48.0,313.29,68.0,338.75,60.0,4.600000000000023,88.0,108.0,0.596053688861232,323.4,328.0,196,-20.0,104.0,-0.1,324.0,1.0
07:30:27,323.0,48.0,336.71,31.0,316.64,72.0,337.5,70.0,13.70999999999998,120.0,101.0,2.0719362924581213,323.0,336.71,221,19.0,25.0,0.09,324.0,
07:30:28,327.94,68.0,335.3,20.0,322.6,40.0,336.5,44.0,7.360000000000014,108.0,64.0,3.0742283584673844,327.94,335.3,172,44.0,-49.0,0.26,329.0,3.0
07:30:29,329.57,42.0,334.0,14.0,326.43,49.0,335.84,86.0,4.430000000000007,91.0,100.0,3.1729560349940336,329.57,334.0,191,-9.0,19.0,-0.05,329.0,
07:30:33,329.0,20.0,342.0,35.0,328.0,28.0,344.0,14.0,13.0,48.0,49.0,1.586206165668563,329.0,342.0,97,-1.0,-46.0,-0.01,329.0,2.0
07:30:34,329.0,14.0,343.63,27.0,328.0,48.0,344.96,57.0,14.629999999999995,62.0,84.0,1.6883512667703349,329.0,343.63,146,-22.0,49.0,-0.15,329.0,1.0
07:30:35,329.0,5.0,344.0,10.0,328.0,20.0,345.0,25.0,15.0,25.0,35.0,1.3792497960866312,329.0,344.0,60,-10.0,-86.0,-0.17,329.0,
07:30:36,329.0,15.0,342.87,60.0,328.0,60.0,344.0,35.0,13.870000000000005,75.0,95.0,0.7415726532208406,329.0,342.87,170,-20.0,110.0,-0.12,329.0,
07:30:37,329.0,10.0,342.0,40.0,328.0,40.0,344.27,56.0,13.0,50.0,96.0,0.4575696668322556,329.0,342.0,146,-46.0,-24.0,-0.32,329.0,
07:30:38,329.0,9.0,341.44,36.0,328.0,36.0,343.14,29.0,12.439999999999998,45.0,65.0,0.5364419819560715,329.0,341.44,110,-20.0,-36.0,-0.18,329.0,
07:30:39,329.0,17.0,340.29,68.0,328.0,68.0,342.09,55.0,11.29000000000002,85.0,123.0,0.7013914741461544,329.0,340.29,208,-38.0,98.0,-0.18,329.0,
07:30:40,328.06,16.0,338.46,69.0,324.84,19.0,339.67,75.0,10.399999999999975,35.0,144.0,1.0337649636183377,328.06,338.46,179,-109.0,-29.0,-0.61,328.25,4.0
07:30:41,324.43,28.0,335.83,72.0,317.73,45.0,337.6,81.0,11.399999999999975,73.0,153.0,2.201015674638563,324.43,335.83,226,-80.0,47.0,-0.35,325.0,5.0
07:30:42,324.0,32.0,335.16,77.0,323.0,80.0,337.34,67.0,11.160000000000023,112.0,144.0,2.5845057554597384,324.0,335.16,256,-32.0,30.0,-0.12,325.0,
07:30:43,324.0,20.0,335.76,42.0,323.0,50.0,342.47,68.0,11.759999999999993,70.0,110.0,2.30259636063386,324.0,335.76,180,-40.0,-76.0,-0.22,325.0,
07:30:44,324.0,20.0,334.1,50.0,323.0,50.0,336.0,40.0,10.100000000000025,70.0,90.0,1.6595029376304695,324.0,334.1,160,-20.0,-20.0,-0.12,325.0,
07:30:45,328.0,13.0,332.78,64.0,324.0,26.0,341.56,62.0,4.779999999999973,39.0,126.0,0.5181988035533034,328.0,332.78,165,-87.0,5.0,-0.53,325.0,
07:30:46,327.6,20.0,329.79,95.0,323.88,41.0,336.63,95.0,2.1899999999999977,61.0,190.0,0.6707980322004691,327.6,329.79,251,-129.0,86.0,-0.51,328.0,1.0
07:30:47,323.29,56.0,325.61,77.0,322.71,56.0,327.15,68.0,2.319999999999993,112.0,145.0,2.356760488467975,323.29,325.61,257,-33.0,6.0,-0.13,324.0,2.0
07:30:48,322.58,36.0,324.0,68.0,313.95,62.0,336.09,79.0,1.420000000000016,98.0,147.0,3.109096331734264,322.58,324.0,245,-49.0,-12.0,-0.2,322.83,6.0
07:30:49,315.33,27.0,323.64,44.0,311.56,95.0,339.0,48.0,8.310000000000002,122.0,92.0,4.359678887257991,315.33,323.64,214,30.0,-31.0,0.14,322.0,1.0
07:30:50,313.0,88.0,321.57,35.0,309.0,25.0,330.73,44.0,8.569999999999993,113.0,79.0,4.44154252484456,313.0,321.57,192,34.0,-22.0,0.18,313.0,2.0
07:30:51,316.0,12.0,321.0,36.0,313.0,84.0,322.0,48.0,5.0,96.0,84.0,3.109625379366834,316.0,321.0,180,12.0,-12.0,0.07,313.0,
07:30:52,316.0,9.0,320.0,36.0,313.0,63.0,321.0,27.0,4.0,72.0,63.0,2.36230184354208,316.0,320.0,135,9.0,-45.0,0.07,313.0,
07:30:53,316.07,14.0,318.3,61.0,313.03,92.0,323.71,42.0,2.230000000000018,106.0,103.0,0.9455686120014032,316.07,318.3,209,3.0,74.0,0.01,318.0,1.0
07:30:54,311.45,77.0,316.91,44.0,310.42,69.0,318.0,51.0,5.460000000000036,146.0,95.0,1.6818442258432102,311.45,316.91,241,51.0,32.0,0.21,317.0,1.0
07:30:55,311.0,43.0,317.54,35.0,309.0,26.0,328.71,55.0,6.5400000000000205,69.0,90.0,2.063996124027887,311.0,317.54,159,-21.0,-82.0,-0.13,312.67,6.0
07:30:56,311.0,39.0,317.8,41.0,309.0,26.0,329.72,61.0,6.800000000000011,65.0,102.0,1.8358594717467132,311.0,317.8,167,-37.0,8.0,-0.22,312.67,
07:30:57,311.26,34.0,317.0,60.0,310.08,39.0,318.0,48.0,5.740000000000009,73.0,108.0,1.3165751023022243,311.26,317.0,181,-35.0,14.0,-0.19,317.0,1.0
07:30:58,313.89,18.0,317.0,30.0,309.0,60.0,318.0,54.0,3.1100000000000136,78.0,84.0,0.5441782796125781,313.89,317.0,162,-6.0,-19.0,-0.04,317.0,2.0
07:30:59,307.22,27.0,318.0,24.0,301.11,36.0,328.0,24.0,10.779999999999973,63.0,48.0,1.013780055042542,307.22,318.0,111,15.0,-51.0,0.14,317.0,1.0
07:31:00,305.0,54.0,317.38,26.0,302.0,28.0,322.29,42.0,12.379999999999995,82.0,68.0,1.6646411024608372,305.0,317.38,150,14.0,39.0,0.09,317.0,
07:31:01,305.0,36.0,316.0,12.0,302.0,24.0,323.25,61.0,11.0,60.0,73.0,2.040423975550673,305.0,316.0,133,-13.0,-17.0,-0.1,317.0,
07:31:02,305.05,19.0,316.0,7.0,302.6,15.0,320.0,32.0,10.949999999999989,34.0,39.0,2.0771446747884537,305.05,316.0,73,-5.0,-60.0,-0.07,317.0,
07:31:03,306.44,9.0,316.0,9.0,305.21,19.0,318.0,36.0,9.560000000000002,28.0,45.0,0.8554238715408825,306.44,316.0,73,-17.0,0.0,-0.23,317.0,
07:31:04,307.3,10.0,316.0,10.0,306.0,10.0,318.0,40.0,8.699999999999989,20.0,50.0,0.4940344117588992,307.3,316.0,70,-30.0,-3.0,-0.43,317.0,
07:31:05,310.27,15.0,316.0,15.0,304.56,25.0,318.0,60.0,5.730000000000018,40.0,75.0,1.0787168303136818,310.2699999999999,316.0,115,-35.0,45.0,-0.3,312.0,1.0
07:31:06,311.0,10.0,316.62,13.0,302.0,30.0,319.45,44.0,5.6200000000000045,40.0,57.0,1.362138025312448,311.0,316.62,97,-17.0,-18.0,-0.18,312.0,
07:31:07,311.29,14.0,316.71,56.0,303.88,56.0,321.74,70.0,5.419999999999959,70.0,126.0,1.263000395883619,311.29,316.71,196,-56.0,99.0,-0.29,312.0,
07:31:08,313.08,12.0,316.0,48.0,304.58,60.0,318.0,48.0,2.920000000000016,72.0,96.0,1.1135214411955958,313.08,316.0,168,-24.0,-28.0,-0.14,312.0,
07:31:09,314.0,13.0,318.96,23.0,303.33,45.0,323.52,54.0,4.95999999999998,58.0,77.0,1.2714833856572798,314.0,318.96,135,-19.0,-33.0,-0.14,317.0,8.0
07:31:10,306.22,23.0,320.0,11.0,301.82,49.0,321.0,22.0,13.779999999999973,72.0,33.0,1.276467782594797,306.22,320.0,105,39.0,-30.0,0.37,315.0,1.0
07:31:11,301.45,44.0,320.46,13.0,296.65,92.0,325.94,51.0,19.00999999999999,136.0,64.0,2.019287002880574,301.45,320.46,200,72.0,95.0,0.36,321.75,4.0
07:31:12,301.73,11.0,311.0,18.0,297.71,45.0,325.0,9.0,9.269999999999982,56.0,27.0,3.880231951829965,301.73,311.0,83,29.0,-117.0,0.35,321.75,
07:31:13,302.0,16.0,316.69,32.0,300.06,64.0,323.8,40.0,14.689999999999998,80.0,72.0,3.822852338241968,302.0,316.69,152,8.0,69.0,0.05,317.6,5.0
07:31:14,305.56,9.0,321.0,29.0,301.07,30.0,323.0,18.0,15.439999999999998,39.0,47.0,2.8799652775687914,305.56,321.0,86,-8.0,-66.0,-0.09,321.0,5.0
07:31:15,302.5,8.0,320.45,11.0,301.2,20.0,322.54,13.0,17.94999999999999,28.0,24.0,2.605394403924641,302.5,320.45,52,4.0,-34.0,0.08,321.0,
07:31:16,303.67,9.0,320.0,18.0,302.0,9.0,321.0,9.0,16.329999999999984,18.0,27.0,2.689520403343655,303.67,320.0,45,-9.0,-7.0,-0.2,321.0,
07:31:17,306.88,16.0,319.39,46.0,302.86,98.0,320.39,23.0,12.509999999999993,114.0,69.0,1.5900849033940871,306.88,319.39,183,45.0,138.0,0.25,321.0,
07:31:18,310.67,15.0,319.0,60.0,307.8,20.0,320.0,42.0,8.329999999999984,35.0,102.0,1.3306953069736511,310.67,319.0,137,-67.0,-46.0,-0.49,321.0,
07:31:19,313.44,16.0,319.0,64.0,312.44,16.0,320.0,48.0,5.560000000000002,32.0,112.0,2.010813268307547,313.44,319.0,144,-80.0,7.0,-0.56,321.0,
07:31:20,317.58,36.0,319.33,54.0,314.4,15.0,320.94,51.0,1.75,51.0,105.0,2.59704254874684,317.58,319.33,156,-54.0,12.0,-0.35,318.0,1.0
07:31:21,317.89,113.0,319.4,42.0,312.3,20.0,320.87,47.0,1.509999999999991,133.0,89.0,2.366193145117538,317.89,319.4,222,44.0,66.0,0.2,319.0,3.0
07:31:22,306.99,176.0,319.2,60.0,305.06,34.0,320.89,19.0,12.20999999999998,210.0,79.0,2.3794432121824807,306.99,319.2,289,131.0,67.0,0.45,319.0,
07:31:23,307.0,120.0,318.4,40.0,305.0,10.0,323.0,13.0,11.399999999999975,130.0,53.0,2.8427856057046164,307.0,318.4,183,77.0,-106.0,0.42,319.0,
07:31:24,308.91,66.0,318.0,40.0,306.96,55.0,323.0,72.0,9.089999999999977,121.0,112.0,3.011237287229527,308.91,318.0,233,9.0,50.0,0.04,319.0,
07:31:25,311.99,83.0,317.06,85.0,310.86,43.0,320.17,92.0,5.069999999999993,126.0,177.0,2.42651396039701,311.99,317.06,303,-51.0,70.0,-0.17,319.0,
07:31:26,313.0,14.0,316.85,26.0,312.0,84.0,321.14,56.0,3.850000000000023,98.0,82.0,0.9472222548070754,313.0,316.85,180,16.0,-123.0,0.09,316.75,8.0
07:31:27,313.5,16.0,321.71,42.0,312.0,96.0,323.62,64.0,8.20999999999998,112.0,106.0,1.8770588696153256,313.5,321.71,218,6.0,38.0,0.03,320.0,2.0
07:31:28,314.9,62.0,321.73,45.0,312.63,57.0,323.42,64.0,6.830000000000041,119.0,109.0,2.0949534601038997,314.9,321.73,228,10.0,10.0,0.04,320.0,
07:31:29,316.28,18.0,320.0,36.0,315.0,108.0,321.32,50.0,3.7200000000000273,126.0,86.0,1.8334993864196196,316.28,320.0,212,40.0,-16.0,0.19,320.0,
07:31:30,315.48,87.0,318.94,34.0,308.49,80.0,321.86,56.0,3.4599999999999795,167.0,90.0,1.3689959824634368,315.48,318.94,257,77.0,45.0,0.3,317.0,1.0
07:31:31,316.91,66.0,321.5,14.0,306.0,99.0,324.77,26.0,4.589999999999975,165.0,40.0,0.7569874503589424,316.91,321.5,205,125.0,-52.0,0.61,319.0,2.0
07:31:32,317.5,108.0,322.67,18.0,306.25,144.0,325.0,72.0,5.170000000000016,252.0,90.0,1.0922453936734315,317.5,322.67,342,162.0,137.0,0.47,319.0,
07:31:33,318.12,102.0,321.35,17.0,310.0,51.0,325.23,62.0,3.230000000000018,153.0,79.0,1.1851497795640635,318.12,321.35,232,74.0,-110.0,0.32,319.0,
07:31:34,318.71,41.0,324.18,34.0,309.31,48.0,326.03,32.0,5.470000000000027,89.0,66.0,1.5399610384683426,318.71,324.18,155,23.0,-77.0,0.15,319.57,7.0
07:31:35,312.12,33.0,325.0,42.0,309.19,26.0,328.0,14.0,12.879999999999995,59.0,56.0,1.080407330593589,312.12,325.0,115,3.0,-40.0,0.03,313.0,2.0
07:31:36,322.14,37.0,325.0,39.0,318.63,27.0,328.0,13.0,2.8600000000000136,64.0,52.0,1.9149203638793637,322.14,325.0,116,12.0,1.0,0.1,323.2,5.0
07:31:37,323.0,15.0,325.0,15.0,322.0,10.0,328.0,5.0,2.0,25.0,20.0,2.3596864198446883,323.0,325.0,45,5.0,-71.0,0.11,323.2,
07:31:38,323.0,33.0,325.0,33.0,322.0,22.0,328.0,11.0,2.0,55.0,44.0,2.351548426037407,323.0,325.0,99,11.0,54.0,0.11,323.2,
07:31:39,323.0,24.0,325.0,24.0,322.0,16.0,328.0,8.0,2.0,40.0,32.0,2.392024247368482,323.0,325.0,72,8.0,-27.0,0.11,323.2,
07:31:40,322.15,13.0,325.0,15.0,313.86,14.0,328.0,5.0,2.8500000000000227,27.0,20.0,0.232808934532698,322.15,325.0,47,7.0,-25.0,0.15,322.6,5.0
07:31:41,322.33,27.0,325.0,27.0,321.0,18.0,328.0,9.0,2.670000000000016,45.0,36.0,0.2078460969040214,322.33,325.0,81,9.0,34.0,0.11,322.6,
07:31:42,322.38,26.0,326.11,19.0,316.96,25.0,329.75,32.0,3.730000000000018,51.0,51.0,0.2696664606476209,322.38,326.11,102,0.0,21.0,0.0,325.0,3.0
07:31:43,317.67,18.0,328.0,9.0,311.69,32.0,330.0,36.0,10.329999999999984,50.0,45.0,0.5355651220891102,317.67,328.0,95,5.0,-7.0,0.05,319.33,3.0
07:31:44,310.62,39.0,327.44,9.0,303.05,61.0,329.52,21.0,16.819999999999993,100.0,30.0,2.0957218326864893,310.62,327.44,130,70.0,35.0,0.54,319.33,
07:31:45,316.55,44.0,327.0,12.0,307.33,60.0,328.0,12.0,10.449999999999989,104.0,24.0,2.055169092799664,316.55,327.0,128,80.0,-2.0,0.62,319.33,
07:31:46,322.06,35.0,326.92,13.0,311.18,61.0,328.0,13.0,4.860000000000014,96.0,26.0,2.2173452595387424,322.06,326.92,122,70.0,-6.0,0.57,319.33,
07:31:47,317.68,28.0,325.2,20.0,319.4,60.0,327.71,35.0,7.519999999999982,88.0,55.0,2.0023536151237478,317.68,325.2,143,33.0,21.0,0.23,322.5,4.0
07:31:48,310.0,36.0,329.74,35.0,309.0,36.0,447.0,34.0,19.74000000000001,72.0,69.0,2.0983564997395856,310.0,329.74,141,3.0,-2.0,0.02,325.0,1.0
07:31:49,317.7,10.0,335.83,24.0,309.88,24.0,410.6,20.0,18.129999999999995,34.0,44.0,2.742684816014892,317.7,335.83,78,-10.0,-63.0,-0.13,328.0,2.0
07:31:50,311.14,28.0,329.39,41.0,309.8,30.0,392.18,22.0,18.25,58.0,63.0,2.965774772297919,311.14,329.39,121,-5.0,43.0,-0.04,328.0,
07:31:51,311.0,30.0,325.0,86.0,310.0,30.0,330.7,40.0,14.0,60.0,126.0,3.314053409346216,311.0,325.0,186,-66.0,65.0,-0.35,328.0,
07:31:52,311.15,39.0,325.2,121.0,310.21,42.0,336.71,56.0,14.050000000000011,81.0,177.0,3.5820901719526166,311.15,325.2,258,-96.0,72.0,-0.37,325.0,9.0
07:31:53,313.0,24.0,331.0,48.0,310.17,36.0,408.31,39.0,18.0,60.0,87.0,3.597517199402856,313.0,331.0,147,-27.0,-111.0,-0.18,325.0,
07:31:54,322.92,26.0,331.0,52.0,309.83,46.0,361.31,49.0,8.079999999999984,72.0,101.0,3.673325468836014,322.92,331.0,173,-29.0,26.0,-0.17,325.0,
07:31:55,329.0,28.0,331.0,56.0,325.05,38.0,416.36,56.0,2.0,66.0,112.0,5.336433265768307,329.0,331.0,178,-46.0,5.0,-0.26,325.0,
07:31:56,329.0,24.0,330.25,48.0,328.0,36.0,379.33,48.0,1.25,60.0,96.0,5.12539949662441,329.0,330.25,156,-36.0,-22.0,-0.23,325.0,
07:31:57,328.73,22.0,330.0,44.0,326.6,30.0,336.0,44.0,1.2699999999999818,52.0,88.0,3.343160181624101,328.73,330.0,140,-36.0,-16.0,-0.26,328.67,3.0
07:31:58,326.46,26.0,329.69,52.0,322.62,26.0,336.0,52.0,3.230000000000018,52.0,104.0,1.257966613227996,326.46,329.69,156,-52.0,16.0,-0.33,328.0,2.0
07:31:59,317.17,23.0,328.52,54.0,313.12,32.0,333.48,54.0,11.349999999999966,55.0,108.0,2.9580939809270177,317.17,328.52,163,-53.0,7.0,-0.33,323.33,6.0
07:32:00,321.0,48.0,324.67,60.0,310.14,28.0,327.0,48.0,3.670000000000016,76.0,108.0,3.434759089077044,321.0,324.67,184,-32.0,21.0,-0.17,323.33,
07:32:01,317.93,54.0,323.71,85.0,309.27,103.0,328.59,68.0,5.779999999999973,157.0,153.0,3.710629326677365,317.93,323.71,310,4.0,126.0,0.01,323.0,5.0
07:32:02,313.86,56.0,322.13,45.0,310.0,28.0,324.19,67.0,8.269999999999982,84.0,112.0,3.6891367553940153,313.86,322.13,196,-28.0,-114.0,-0.14,322.0,6.0
07:32:03,316.91,44.0,322.09,46.0,318.02,110.0,334.28,78.0,5.17999999999995,154.0,124.0,2.112687861469348,316.91,322.09,278,30.0,82.0,0.11,318.6,5.0
07:32:04,322.91,11.0,330.0,44.0,321.45,22.0,433.64,44.0,7.089999999999975,33.0,88.0,3.2780253202193976,322.91,330.0,121,-55.0,-157.0,-0.45,318.6,
07:32:05,323.0,5.0,330.0,20.0,322.0,5.0,438.0,20.0,7.0,10.0,40.0,3.9803366691775017,323.0,330.0,50,-30.0,-71.0,-0.6,318.6,
07:32:06,324.07,29.0,366.11,36.0,323.67,21.0,490.11,36.0,42.04000000000002,50.0,72.0,10.78183982444536,324.07000000000005,366.11,122,-22.0,72.0,-0.18,318.6,
07:32:07,325.0,11.0,331.0,44.0,324.0,82.0,400.5,32.0,6.0,93.0,76.0,9.524078433108098,325.0,331.0,169,17.0,47.0,0.1,318.6,
07:32:08,324.47,15.0,331.0,28.0,323.9,63.0,338.0,14.0,6.529999999999973,78.0,42.0,8.044733059585873,324.47,331.0,120,36.0,-49.0,0.3,324.33,6.0
07:32:09,324.0,60.0,331.0,48.0,322.0,36.0,338.0,24.0,7.0,96.0,72.0,7.916983642776696,324.0,331.0,168,24.0,48.0,0.14,324.33,
07:32:10,324.0,49.0,330.5,24.0,322.0,7.0,332.91,22.0,6.5,56.0,46.0,7.817744559653615,324.0,330.5,102,10.0,-66.0,0.1,324.33,
07:32:11,324.0,238.0,327.98,56.0,322.0,18.0,329.2,70.0,3.980000000000018,256.0,126.0,0.7799551269123979,324.0,327.98,382,130.0,177.5,0.34,324.33,
07:32:12,324.0,111.0,327.74,35.0,322.0,11.0,330.6,40.0,3.740000000000009,122.0,75.0,0.8739679627979968,324.0,327.74,197,47.0,-178.5,0.24,324.0,11.0
07:32:13,324.0,24.0,333.0,14.0,322.0,6.0,334.87,30.0,9.0,30.0,44.0,1.1019391997733554,324.0,333.0,74,-14.0,-123.0,-0.19,324.0,
07:32:14,324.0,28.0,332.0,14.0,322.0,7.0,334.06,34.0,8.0,35.0,48.0,1.1763375365927298,324.0,332.0,83,-13.0,9.0,-0.16,324.0,
07:32:15,323.82,66.0,329.79,38.0,322.67,24.0,330.89,70.0,5.970000000000027,90.0,108.0,1.181300131210154,323.82,329.79,198,-18.0,115.0,-0.09,324.0,
07:32:16,323.0,64.0,327.14,56.0,322.0,16.0,328.8,40.0,4.139999999999986,80.0,96.0,1.429709760754716,323.0,327.14,176,-16.0,-22.0,-0.09,324.0,
07:32:17,323.0,36.0,326.11,36.0,322.0,9.0,328.0,18.0,3.1100000000000136,45.0,54.0,1.7400804579092126,323.0,326.11,99,-9.0,-77.0,-0.09,324.0,
07:32:18,323.0,56.0,325.13,30.0,322.0,14.0,326.07,54.0,2.1299999999999955,70.0,84.0,1.6472249391016054,323.0,325.13,154,-14.0,55.0,-0.09,324.0,
07:32:19,322.43,14.0,329.25,32.0,321.02,98.0,331.65,37.0,6.819999999999993,112.0,69.0,1.078179020385127,322.43,329.25,181,43.0,27.0,0.24,323.0,4.0
07:32:20,323.88,99.0,330.12,24.0,321.1,80.0,331.67,42.0,6.240000000000009,179.0,66.0,1.1505085831920507,323.88,330.12,245,113.0,64.0,0.46,325.71,7.0
07:32:21,324.31,58.0,328.5,32.0,323.84,61.0,330.29,14.0,4.189999999999998,119.0,46.0,1.234232555071522,324.31,328.5,165,73.0,-80.0,0.44,325.0,1.0
07:32:22,325.11,18.0,328.0,27.0,324.0,72.0,330.94,17.0,2.8899999999999864,90.0,44.0,1.1433853243758547,325.11,328.0,134,46.0,-31.0,0.34,325.0,
07:32:23,326.0,28.0,327.5,42.0,324.0,84.0,331.82,22.0,1.5,112.0,64.0,0.4356259863664079,326.0,327.5,176,48.0,42.0,0.27,325.0,
07:32:24,324.38,47.0,328.96,25.0,322.96,73.0,334.7,20.0,4.579999999999984,120.0,45.0,0.2206127829423749,324.38,328.96,165,75.0,-11.0,0.45,325.33,3.0
07:32:25,322.0,15.0,331.74,35.0,321.0,105.0,333.2,46.0,9.740000000000007,120.0,81.0,0.1764086165627954,322.0,331.74,201,39.0,36.0,0.19,325.0,4.0
07:32:26,321.39,46.0,330.98,66.0,320.89,74.0,333.3,27.0,9.590000000000032,120.0,93.0,0.2596536154141264,321.39,330.98,213,27.0,12.0,0.13,326.0,2.0
07:32:27,322.0,30.0,329.87,38.0,320.5,28.0,331.81,26.0,7.870000000000003,58.0,64.0,0.4023928428758418,322.0,329.87,122,-6.0,-91.0,-0.05,326.0,
07:32:28,322.0,42.0,329.78,37.0,319.0,14.0,336.61,38.0,7.779999999999973,56.0,75.0,0.4411348999997723,322.0,329.78,131,-19.0,9.0,-0.15,328.33,6.0
07:32:29,322.57,35.0,331.0,20.0,321.25,20.0,339.14,22.0,8.430000000000007,55.0,42.0,0.4680598252336959,322.57,331.0,97,13.0,-34.0,0.13,328.33,
07:32:30,324.0,56.0,330.18,55.0,322.0,42.0,334.64,33.0,6.180000000000007,98.0,88.0,0.5363953765626301,324.0,330.18,186,10.0,89.0,0.05,328.33,
07:32:31,325.39,72.0,331.22,36.0,322.0,54.0,339.0,54.0,5.830000000000041,126.0,90.0,0.9936397737598434,325.39,331.22,216,36.0,30.0,0.17,328.33,
07:32:32,326.81,84.0,333.68,57.0,322.0,63.0,337.28,58.0,6.8700000000000045,147.0,115.0,1.684125886030181,326.81,333.68000000000006,262,32.0,46.0,0.12,328.33,
07:32:33,327.0,26.0,335.0,16.0,323.2,20.0,337.0,24.0,8.0,46.0,40.0,1.8764381151522729,327.0,335.0,86,6.0,-176.0,0.07,327.0,2.0
07:32:34,327.92,26.0,334.83,29.0,325.0,26.0,336.89,38.0,6.909999999999968,52.0,67.0,1.838132204166931,327.92,334.83,119,-15.0,33.0,-0.13,327.0,
07:32:35,323.17,41.0,333.66,89.0,318.23,52.0,335.81,37.0,10.490000000000007,93.0,126.0,1.43505052175711,323.17,333.66,219,-33.0,100.0,-0.15,326.5,4.0
07:32:36,322.77,39.0,325.8,50.0,320.57,42.0,330.15,41.0,3.0300000000000296,81.0,91.0,2.9077448306197824,322.77,325.8,172,-10.0,-47.0,-0.06,326.5,
07:32:37,322.07,42.0,323.74,31.0,315.56,70.0,325.0,28.0,1.670000000000016,112.0,59.0,3.8580850172069967,322.07,323.74,171,53.0,-1.0,0.31,324.0,3.0
07:32:38,324.35,23.0,338.56,89.0,314.25,56.0,340.0,70.0,14.20999999999998,79.0,159.0,3.9611576590684927,324.35,338.56,238,-80.0,67.0,-0.34,323.5,4.0
07:32:45,327.23,65.0,341.0,105.0,325.65,99.0,342.0,30.0,13.769999999999982,164.0,135.0,0.6999428548033061,327.23,341.0,299,29.0,147.0,0.1,329.33,3.0
07:32:46,326.29,69.0,340.35,99.0,325.68,101.0,341.11,90.0,14.060000000000002,170.0,189.0,1.1144595102518065,326.29,340.35,359,-19.0,60.0,-0.05,329.33,
07:32:47,327.88,34.0,336.65,17.0,326.0,119.0,339.37,41.0,8.769999999999982,153.0,58.0,1.5298300559184606,327.88,336.65,211,95.0,-148.0,0.45,329.33,
07:32:48,328.77,22.0,333.57,21.0,326.0,147.0,334.57,21.0,4.800000000000011,169.0,42.0,1.8301010901019843,328.77,333.57,211,127.0,0.0,0.6,328.0,1.0
07:32:50,326.23,110.0,332.1,20.0,324.88,80.0,333.5,20.0,5.8700000000000045,190.0,40.0,1.539210836758396,326.23,332.1,230,150.0,120.0,0.65,331.0,1.0
07:32:51,326.0,91.0,330.46,13.0,324.0,39.0,333.0,13.0,4.45999999999998,130.0,26.0,1.702506975021157,326.0,330.46,156,104.0,-74.0,0.67,331.0,
07:32:52,326.0,117.0,335.36,11.0,324.0,33.0,339.05,39.0,9.360000000000014,150.0,50.0,1.409563762302399,326.0,335.36,200,100.0,44.0,0.5,329.5,2.0
07:32:53,326.0,132.0,336.24,45.0,324.0,33.0,338.39,23.0,10.240000000000007,165.0,68.0,1.400739090621839,326.0,336.24,233,97.0,33.0,0.42,329.5,
07:32:54,326.0,84.0,337.0,35.0,324.0,21.0,340.0,7.0,11.0,105.0,42.0,1.3883515404954525,326.0,337.0,147,63.0,-86.0,0.43,329.5,
07:32:55,326.0,76.0,337.0,40.0,324.0,24.0,340.0,8.0,11.0,100.0,48.0,1.3705400395448248,326.0,337.0,148,52.0,1.0,0.35,326.0,4.0
07:32:56,326.0,62.0,336.25,40.0,324.0,24.0,340.0,8.0,10.25,86.0,48.0,0.3398234835835111,326.0,336.25,134,38.0,-14.0,0.28,326.0,2.0
07:32:57,326.0,48.0,335.95,37.0,324.0,24.0,339.5,12.0,9.949999999999989,72.0,49.0,0.2433515974773199,326.0,335.95,121,23.0,-13.0,0.19,326.0,
07:32:58,326.0,50.0,333.5,20.0,324.0,30.0,337.2,50.0,7.5,80.0,70.0,0.7198402600543585,326.0,333.5,150,10.0,29.0,0.07,326.0,2.0
07:32:59,328.06,67.0,333.0,32.0,326.77,81.0,338.0,80.0,4.939999999999998,148.0,112.0,0.6695744917448585,328.06,333.0,260,36.0,110.0,0.14,326.0,
07:33:00,328.78,36.0,336.4,42.0,325.54,52.0,337.43,44.0,7.620000000000003,88.0,86.0,1.040009615337797,328.78,336.4,174,2.0,-86.0,0.01,332.0,1.0
07:33:01,327.77,52.0,334.0,14.0,325.49,47.0,336.0,70.0,6.230000000000018,99.0,84.0,1.0381618370924328,327.77000000000004,334.0,183,15.0,9.0,0.08,329.33,3.0
07:33:02,328.0,52.0,334.0,12.0,326.0,36.0,339.0,60.0,6.0,88.0,72.0,1.0384363244778787,328.0,334.0,160,16.0,-23.0,0.1,328.0,3.0
07:33:03,328.83,36.0,333.5,12.0,326.0,36.0,342.0,60.0,4.670000000000016,72.0,72.0,0.7934922809925337,328.83,333.5,144,0.0,-16.0,0.0,328.0,
07:33:04,329.0,45.0,333.0,15.0,326.0,45.0,342.0,75.0,4.0,90.0,90.0,0.7130007012581345,329.0,333.0,180,0.0,36.0,0.0,328.0,
07:33:23,330.0,184.0,339.68,38.0,325.09,113.0,344.86,42.0,9.680000000000009,297.0,80.0,1.456131862156547,330.0,339.68,377,217.0,177.5,0.58,330.0,3.0
07:33:24,330.0,99.0,341.44,27.0,326.0,18.0,347.94,31.0,11.439999999999998,117.0,58.0,1.4163615357624693,330.0,341.44,175,59.0,-178.5,0.34,330.0,
07:33:25,330.0,132.0,340.67,36.0,326.0,24.0,346.24,17.0,10.670000000000016,156.0,53.0,1.3690945913223382,330.0,340.67,209,103.0,34.0,0.49,330.0,
07:33:27,330.0,133.0,334.79,57.0,326.0,30.0,336.0,48.0,4.7900000000000205,163.0,105.0,1.2997499759532265,330.0,334.79,268,58.0,-11.0,0.22,330.0,1.0
07:33:28,330.0,104.0,332.15,52.0,326.0,26.0,335.0,39.0,2.1499999999999773,130.0,91.0,1.9834490162319856,330.0,332.15,221,39.0,-47.0,0.18,330.0,
07:33:29,330.0,88.0,332.0,44.0,326.0,22.0,335.0,33.0,2.0,110.0,77.0,1.9510586869679551,330.0,332.0,187,33.0,-34.0,0.18,330.0,
07:33:30,328.08,50.0,329.95,63.0,325.12,68.0,331.73,55.0,1.8700000000000043,118.0,118.0,1.9735678351643096,328.08,329.95,236,0.0,49.0,0.0,330.0,3.0
07:33:31,324.28,54.0,326.02,40.0,323.49,47.0,327.64,39.0,1.740000000000009,101.0,79.0,2.82805056531847,324.28,326.02,180,22.0,-56.0,0.12,324.9,10.0
07:33:32,324.81,43.0,326.0,38.0,323.8,40.0,339.5,40.0,1.1899999999999975,83.0,78.0,2.9071584064168747,324.81,326.0,161,5.0,-19.0,0.03,325.6,5.0
07:33:33,324.0,48.0,325.04,47.0,321.86,21.0,339.57,70.0,1.0400000000000205,69.0,117.0,2.836344478373947,324.0,325.04,186,-48.0,25.0,-0.26,325.6,
07:33:34,324.0,55.0,331.56,16.0,321.0,10.0,340.42,67.0,7.560000000000002,65.0,83.0,1.9263255176639655,324.0,331.56,148,-18.0,-38.0,-0.12,324.0,1.0
07:33:35,324.0,15.0,340.0,21.0,321.0,3.0,347.0,12.0,16.0,18.0,33.0,3.070239404346583,324.0,340.0,51,-15.0,-97.0,-0.29,324.0,
07:33:36,324.0,45.0,338.22,37.0,321.0,9.0,339.56,57.0,14.220000000000027,54.0,94.0,3.3318358302894606,324.0,338.22,148,-40.0,97.0,-0.27,324.0,
07:33:37,324.0,71.0,334.87,75.0,321.0,15.0,336.27,75.0,10.870000000000005,86.0,150.0,2.966086647419369,324.0,334.87,236,-64.0,88.0,-0.27,324.0,1.0
07:33:38,324.49,43.0,331.59,51.0,321.86,14.0,332.81,47.0,7.099999999999966,57.0,98.0,1.8566825253657104,324.49,331.59,155,-41.0,-81.0,-0.26,331.0,3.0
07:33:39,324.07,43.0,329.0,11.0,321.86,14.0,330.0,55.0,4.930000000000007,57.0,66.0,2.223121679080744,324.07,329.0,123,-9.0,-32.0,-0.07,331.0,
07:33:40,325.21,28.0,328.45,11.0,324.0,44.0,330.0,55.0,3.240000000000009,72.0,66.0,1.9036596334429856,325.21,328.45,138,6.0,15.0,0.04,325.0,1.0
07:33:41,325.36,22.0,327.27,11.0,322.86,28.0,330.17,41.0,1.909999999999968,50.0,52.0,1.3013646683391809,325.36,327.27,102,-2.0,-36.0,-0.02,326.0,3.0
07:33:42,322.32,25.0,325.69,32.0,316.0,30.0,329.78,18.0,3.3700000000000045,55.0,50.0,1.4698741442732162,322.32,325.69,105,5.0,3.0,0.05,324.0,3.0
07:33:43,319.0,22.0,324.91,35.0,314.0,23.0,325.39,31.0,5.910000000000025,45.0,66.0,2.0971337582530296,319.0,324.91,111,-21.0,6.0,-0.19,324.0,
07:33:44,319.0,22.0,323.54,35.0,314.0,11.0,326.16,31.0,4.5400000000000205,33.0,66.0,2.4988457335349445,319.0,323.54,99,-33.0,-12.0,-0.33,320.67,9.0
07:33:45,316.22,9.0,332.0,70.0,311.5,12.0,335.57,28.0,15.779999999999973,21.0,98.0,1.9946102376169832,316.22,332.0,119,-77.0,20.0,-0.65,319.0,2.0
07:33:46,314.0,3.0,332.0,30.0,311.0,6.0,337.0,12.0,18.0,9.0,42.0,1.246944264996355,314.0,332.0,51,-33.0,-68.0,-0.65,319.0,
07:33:47,314.0,10.0,332.0,100.0,311.0,20.0,556.13,47.0,18.0,30.0,147.0,1.0903531538027265,314.0,332.0,177,-117.0,126.0,-0.66,319.0,
07:33:48,321.23,66.0,332.0,120.0,311.74,19.0,338.0,48.0,10.769999999999982,85.0,168.0,1.966537566385771,321.23,332.0,253,-83.0,76.0,-0.33,319.0,
07:33:49,313.0,18.0,332.0,60.0,308.5,6.0,338.0,24.0,19.0,24.0,84.0,1.654729585160715,313.0,332.0,108,-60.0,-145.0,-0.56,319.0,
07:33:50,313.0,6.0,332.0,20.0,309.0,2.0,338.0,8.0,19.0,8.0,28.0,1.74425342195637,313.0,332.0,36,-20.0,-72.0,-0.56,319.0,
07:33:51,313.0,24.0,331.81,62.0,309.0,8.0,334.4,50.0,18.81,32.0,112.0,1.8085961406590052,313.0,331.81,144,-80.0,108.0,-0.56,319.0,
07:33:52,313.0,48.0,321.16,57.0,309.0,16.0,325.94,67.0,8.160000000000025,64.0,124.0,3.386771323843414,313.0,321.16,188,-60.0,44.0,-0.32,314.0,5.0
07:33:53,313.7,30.0,315.75,32.0,311.33,12.0,324.67,48.0,2.050000000000012,42.0,80.0,3.688986310629344,313.7,315.75,122,-38.0,-66.0,-0.31,315.33,3.0
07:33:54,315.15,34.0,321.2,40.0,311.71,14.0,329.4,40.0,6.050000000000011,48.0,80.0,3.4064394901438755,315.15,321.2,128,-32.0,6.0,-0.25,316.0,3.0
07:33:55,326.0,16.0,329.0,32.0,315.0,24.0,331.0,16.0,3.0,40.0,48.0,5.041213147647152,326.0,329.0,88,-8.0,-40.0,-0.09,316.0,
07:33:56,327.78,64.0,329.0,40.0,324.29,28.0,331.0,20.0,1.2200000000000273,92.0,60.0,6.312664255289454,327.78,329.0,152,32.0,64.0,0.21,316.0,
07:33:57,327.4,45.0,329.0,44.0,326.15,40.0,331.0,22.0,1.6000000000000227,85.0,66.0,6.466681529193058,327.4,329.0,151,19.0,-1.0,0.13,316.0,
07:33:58,327.0,37.0,328.44,63.0,326.0,70.0,329.67,42.0,1.4399999999999975,107.0,105.0,4.389456686197516,327.0,328.44,212,2.0,61.0,0.01,327.0,1.0
07:33:59,326.53,30.0,328.0,74.0,325.44,90.0,331.71,84.0,1.4700000000000273,120.0,158.0,0.4701382775334775,326.53,328.0,278,-38.0,66.0,-0.14,326.67,6.0
07:34:00,325.04,100.0,328.0,60.0,319.73,44.0,332.0,90.0,2.9599999999999795,144.0,150.0,0.7536245749724326,325.04,328.0,294,-6.0,16.0,-0.02,326.0,2.0
07:34:01,326.96,47.0,328.0,36.0,325.01,81.0,332.0,66.0,1.0400000000000205,128.0,102.0,0.6190476556797513,326.96,328.0,230,26.0,-64.0,0.11,328.0,1.0
07:34:02,323.85,94.0,330.76,50.0,316.62,97.0,369.33,54.0,6.909999999999968,191.0,104.0,0.4500555521297353,323.85,330.76,295,87.0,65.0,0.29,328.0,3.0
07:34:03,323.97,127.0,333.61,46.0,319.16,43.0,335.43,28.0,9.639999999999986,170.0,74.0,0.8231828472475435,323.97,333.61,244,96.0,-51.0,0.39,325.0,1.0
07:34:04,325.0,129.0,334.0,60.0,321.53,102.0,336.0,30.0,9.0,231.0,90.0,1.201977537228585,325.0,334.0,321,141.0,77.0,0.44,325.0,
07:34:05,326.89,93.0,334.0,64.0,324.54,114.0,336.0,32.0,7.110000000000014,207.0,96.0,1.3351891251808596,326.89,334.0,303,111.0,-18.0,0.37,325.0,
07:34:09,328.03,29.0,331.0,20.0,326.5,40.0,335.71,14.0,2.9700000000000277,69.0,34.0,1.9531205799944211,328.03,331.0,103,35.0,33.0,0.34,330.75,4.0
07:34:10,327.0,80.0,330.42,38.0,326.0,100.0,336.0,16.0,3.420000000000016,180.0,54.0,2.418776550241486,327.0,330.42,234,126.0,131.0,0.54,330.75,
07:34:11,327.0,80.0,332.29,41.0,326.0,100.0,335.69,13.0,5.2900000000000205,180.0,54.0,2.3320656079962294,327.0,332.29,234,126.0,0.0,0.54,330.75,
07:34:12,327.26,54.0,330.0,28.0,326.24,66.0,335.71,28.0,2.740000000000009,120.0,56.0,2.0089723741255527,327.26,330.0,176,64.0,-58.0,0.36,330.75,
07:34:13,328.47,105.0,330.0,40.0,327.0,120.0,335.0,60.0,1.5299999999999727,225.0,100.0,0.4629470812095275,328.47,330.0,325,125.0,149.0,0.38,330.0,2.0
07:34:14,329.45,75.0,333.57,49.0,326.91,114.0,336.78,41.0,4.1200000000000045,189.0,90.0,1.1732348443513063,329.45,333.57,279,99.0,-46.0,0.35,330.2,5.0
07:34:15,327.57,56.0,335.46,52.0,326.57,108.0,340.46,26.0,7.889999999999986,164.0,78.0,1.3345860781528651,327.57,335.46,242,86.0,-37.0,0.36,330.2,
07:34:20,327.08,98.0,331.72,25.0,326.06,128.0,336.27,45.0,4.640000000000043,226.0,70.0,1.6101149027312087,327.08,331.72,296,156.0,126.0,0.53,328.33,6.0
07:34:21,326.23,104.0,329.3,30.0,325.41,148.0,329.96,26.0,3.069999999999993,252.0,56.0,2.3826350958547065,326.23,329.3,308,196.0,12.0,0.64,328.33,
07:34:22,326.0,89.0,331.57,23.0,325.0,121.0,335.43,42.0,5.569999999999993,210.0,65.0,2.2366716343709623,326.0,331.57,275,145.0,-33.0,0.53,326.25,4.0
07:34:23,326.32,85.0,339.19,74.0,324.62,132.0,342.4,40.0,12.870000000000005,217.0,114.0,2.160196750298394,326.32,339.19,331,103.0,56.0,0.31,326.0,1.0
07:34:24,329.94,49.0,339.38,42.0,326.73,45.0,341.6,60.0,9.439999999999998,94.0,102.0,2.9086715180644185,329.94,339.38,196,-8.0,-135.0,-0.04,328.8,5.0
07:34:25,327.0,7.0,339.0,14.0,326.0,14.0,342.0,28.0,12.0,21.0,42.0,2.9601976285373786,327.0,339.0,63,-21.0,-133.0,-0.33,328.8,
07:34:26,327.0,11.0,335.27,33.0,326.0,22.0,338.64,25.0,8.269999999999982,33.0,58.0,2.220603521567398,327.0,335.27,91,-25.0,28.0,-0.27,328.0,3.0
07:34:27,328.32,31.0,335.95,43.0,326.6,30.0,337.3,37.0,7.6299999999999955,61.0,80.0,1.291712042212453,328.32,335.95,141,-19.0,50.0,-0.13,329.0,5.0
07:34:28,330.0,30.0,335.0,30.0,328.0,20.0,336.0,20.0,5.0,50.0,50.0,1.2959629624324644,330.0,335.0,100,0.0,-41.0,0.0,329.0,
07:34:29,330.0,42.0,334.3,37.0,328.0,28.0,335.09,33.0,4.300000000000011,70.0,70.0,0.6816744090820236,330.0,334.3,140,0.0,40.0,0.0,329.0,
07:34:30,330.0,39.0,331.33,27.0,328.0,26.0,332.37,27.0,1.329999999999984,65.0,54.0,0.7759832472405038,330.0,331.33,119,11.0,-21.0,0.09,332.0,1.0
07:34:31,328.44,27.0,331.12,32.0,327.61,23.0,342.49,122.0,2.680000000000007,50.0,154.0,1.168961077195607,328.44,331.12,204,-104.0,85.0,-0.51,331.0,2.0
07:34:32,328.54,13.0,336.72,29.0,327.82,17.0,343.93,46.0,8.180000000000007,30.0,75.0,1.2585825360294014,328.54,336.72,105,-45.0,-99.0,-0.43,329.0,1.0
07:34:33,328.0,24.0,339.56,36.0,327.0,12.0,340.37,38.0,11.560000000000002,36.0,74.0,1.588165608492346,328.0,339.56,110,-38.0,5.0,-0.35,329.0,
07:34:34,328.0,16.0,337.1,20.0,327.0,8.0,338.5,12.0,9.100000000000025,24.0,32.0,1.619836411492772,328.0,337.1,56,-8.0,-54.0,-0.14,329.0,
07:34:38,329.14,49.0,332.86,21.0,327.92,13.0,333.71,31.0,3.7200000000000273,62.0,52.0,1.2806365604637648,329.14,332.86,114,10.0,15.0,0.09,329.0,
07:34:39,329.82,34.0,330.95,19.0,326.74,19.0,332.82,33.0,1.1299999999999957,53.0,52.0,1.737892401731768,329.82,330.95,105,1.0,-9.0,0.01,330.4,5.0
07:34:40,326.4,20.0,328.77,40.0,325.73,22.0,338.21,42.0,2.3700000000000045,42.0,82.0,2.480961507157796,326.4,328.77,124,-40.0,19.0,-0.32,327.0,1.0
07:34:41,325.4,15.0,326.93,59.0,318.25,12.0,329.74,35.0,1.5300000000000296,27.0,94.0,2.7795629152801142,325.4,326.93,121,-67.0,-3.0,-0.55,326.0,2.0
07:34:42,317.2,45.0,323.99,72.0,314.88,25.0,325.13,85.0,6.7900000000000205,70.0,157.0,4.168563301666844,317.2,323.99,227,-87.0,106.0,-0.38,325.0,1.0
07:34:43,316.0,36.0,320.85,47.0,314.0,12.0,322.06,53.0,4.850000000000023,48.0,100.0,4.976753962173209,316.0,320.85,148,-52.0,-79.0,-0.35,325.0,
07:34:44,316.0,33.0,317.76,21.0,314.0,11.0,318.62,37.0,1.759999999999991,44.0,58.0,4.731841079327411,316.0,317.76,102,-14.0,-46.0,-0.14,317.5,2.0
07:34:45,315.2,20.0,318.58,36.0,313.33,12.0,320.54,52.0,3.3799999999999955,32.0,88.0,3.875309019938068,315.2,318.58,120,-56.0,18.0,-0.47,316.0,3.0
07:34:46,314.0,6.0,319.0,18.0,313.0,6.0,321.0,30.0,5.0,12.0,48.0,1.6976954968473863,314.0,319.0,60,-36.0,-60.0,-0.6,316.0,
07:34:47,315.62,37.0,319.0,27.0,313.0,9.0,321.0,45.0,3.3799999999999955,46.0,72.0,0.7438884325063632,315.62,319.0,118,-26.0,58.0,-0.22,316.0,
07:34:48,316.5,60.0,319.0,36.0,312.0,12.0,321.0,60.0,2.5,72.0,96.0,0.4778388849988448,316.5,319.0,168,-24.0,50.0,-0.14,316.0,
07:34:49,317.0,45.0,319.0,27.0,312.0,9.0,321.0,45.0,2.0,54.0,72.0,0.6124132591776846,317.0,319.0,126,-18.0,-42.0,-0.14,316.0,
07:34:50,316.31,51.0,319.88,32.0,311.69,13.0,321.77,47.0,3.569999999999993,64.0,79.0,0.6504229393373986,316.31,319.88,143,-15.0,17.0,-0.1,320.14,7.0
07:34:51,314.86,42.0,321.0,14.0,309.22,18.0,324.0,28.0,6.139999999999986,60.0,42.0,0.3091601526974437,314.86,321.0,102,18.0,-41.0,0.18,320.14,
07:34:52,316.05,20.0,321.0,10.0,310.0,12.0,324.0,20.0,4.949999999999989,32.0,30.0,0.2868274743039303,316.05,321.0,62,2.0,-40.0,0.03,316.33,3.0
07:34:53,316.0,7.0,321.0,7.0,308.0,7.0,324.0,14.0,5.0,14.0,21.0,0.2815492852332744,316.0,321.0,35,-7.0,-27.0,-0.2,316.33,
07:34:54,316.0,10.0,321.0,10.0,307.0,10.0,324.0,20.0,5.0,20.0,30.0,0.2779748190308463,316.0,321.0,50,-10.0,15.0,-0.2,316.33,
07:34:55,316.82,17.0,321.9,20.0,307.0,17.0,326.59,58.0,5.079999999999984,34.0,78.0,0.511292479912306,316.82,321.9,112,-44.0,62.0,-0.39,321.0,1.0
07:34:56,318.0,12.0,324.0,24.0,307.0,12.0,329.0,120.0,6.0,24.0,144.0,1.0845644287058336,318.0,324.0,168,-120.0,56.0,-0.71,321.0,
07:34:57,318.0,10.0,324.0,20.0,307.0,10.0,329.0,100.0,6.0,20.0,120.0,1.2621093455058836,318.0,324.0,140,-100.0,-28.0,-0.71,321.0,
07:34:58,318.0,11.0,324.0,22.0,307.0,11.0,329.0,110.0,6.0,22.0,132.0,1.1738483718149295,318.0,324.0,154,-110.0,14.0,-0.71,321.0,
07:34:59,313.6,15.0,322.77,44.0,306.26,27.0,325.32,38.0,9.16999999999996,42.0,82.0,1.2869731931989288,313.6,322.77,124,-40.0,-30.0,-0.32,318.0,1.0
07:35:00,307.0,14.0,322.0,42.0,305.0,14.0,324.0,28.0,15.0,28.0,70.0,2.864039105880711,307.0,322.0,98,-42.0,-26.0,-0.43,318.0,
07:35:01,310.42,65.0,321.17,35.0,309.75,71.0,323.23,35.0,10.75,136.0,70.0,2.9632802769929496,310.42,321.17,206,66.0,108.0,0.32,322.0,1.0
07:35:02,311.0,60.0,318.95,41.0,310.0,20.0,318.73,59.0,7.949999999999989,80.0,100.0,2.6996425689370573,311.0,318.95,180,-20.0,-26.0,-0.11,317.33,3.0
07:35:03,311.67,27.0,318.0,18.0,310.0,9.0,321.0,50.0,6.329999999999984,36.0,68.0,1.492873068957571,311.67,318.0,104,-32.0,-76.0,-0.31,317.33,
07:35:04,312.25,36.0,317.0,24.0,310.0,12.0,321.0,48.0,4.75,48.0,72.0,0.5079665343501879,312.25,317.0,120,-24.0,16.0,-0.2,317.33,
07:35:05,314.0,57.0,316.21,38.0,309.16,19.0,321.77,78.0,2.2099999999999795,76.0,116.0,0.4438806146021516,314.0,316.21,192,-40.0,72.0,-0.21,317.33,
07:35:06,315.0,36.0,317.8,20.0,309.76,68.0,322.13,45.0,2.800000000000012,104.0,65.0,0.7016195550434762,315.0,317.8,169,39.0,-23.0,0.23,319.43,7.0
07:35:07,315.0,41.0,323.45,22.0,309.66,35.0,324.4,20.0,8.449999999999989,76.0,42.0,1.9138364611476988,315.0,323.45,118,34.0,-51.0,0.29,319.43,
07:35:08,315.0,50.0,324.0,40.0,306.0,66.0,325.0,20.0,9.0,116.0,60.0,2.281199246014493,315.0,324.0,176,56.0,58.0,0.32,319.43,
07:35:09,316.43,63.0,324.0,52.0,313.4,47.0,325.0,26.0,7.569999999999993,110.0,78.0,2.208992983242714,316.43,324.0,188,32.0,12.0,0.17,319.43,
07:35:10,319.64,66.0,324.06,32.0,317.0,33.0,326.2,25.0,4.420000000000016,99.0,57.0,1.9805479039936855,319.64,324.06,156,42.0,-32.0,0.27,319.43,
07:35:11,320.88,59.0,323.02,87.0,319.65,83.0,324.83,36.0,2.1399999999999864,142.0,123.0,1.285542686966183,320.88,323.02,265,19.0,109.0,0.07,322.71,7.0
07:35:12,310.89,36.0,324.0,22.0,306.82,39.0,326.0,22.0,13.110000000000014,75.0,44.0,1.863612084102456,310.89,324.0,119,31.0,-146.0,0.26,322.5,2.0
07:35:13,306.0,72.0,322.18,11.0,305.0,16.0,324.69,13.0,16.180000000000007,88.0,24.0,3.345612051630338,306.0,322.18,112,64.0,-7.0,0.57,322.5,
07:35:14,309.49,55.0,314.82,22.0,304.51,70.0,320.23,22.0,5.329999999999984,125.0,44.0,4.443509873964095,309.49,314.82,169,81.0,57.0,0.48,322.5,
07:35:15,306.0,11.0,313.0,22.0,304.0,110.0,315.0,11.0,7.0,121.0,33.0,4.833562868114973,306.0,313.0,154,88.0,-15.0,0.57,322.5,
07:35:16,306.0,10.0,314.33,12.0,304.0,100.0,317.4,10.0,8.329999999999984,110.0,22.0,3.21475504510427,306.0,314.33,132,88.0,-22.0,0.67,313.0,2.0
07:35:17,306.0,6.0,318.11,9.0,304.0,60.0,321.5,10.0,12.110000000000014,66.0,19.0,1.814450329996652,306.0,318.11,85,47.0,-47.0,0.55,316.5,2.0
07:35:18,306.0,14.0,322.0,74.0,304.0,140.0,325.0,80.0,16.0,154.0,154.0,1.7836843891297152,306.0,322.0,308,0.0,177.5,0.0,316.5,
07:35:19,306.0,7.0,340.84,19.0,304.0,70.0,394.5,28.0,34.839999999999975,77.0,47.0,5.640797815914141,306.0,340.84,124,30.0,-178.5,0.24,322.0,4.0
07:35:20,306.12,8.0,320.18,22.0,304.03,71.0,354.73,11.0,14.060000000000002,79.0,33.0,5.155661936165002,306.12,320.18,112,46.0,-12.0,0.41,322.0,
07:35:21,309.0,17.0,315.64,55.0,305.8,71.0,319.69,42.0,6.639999999999986,88.0,97.0,4.773478815289751,309.0,315.64,185,-9.0,73.0,-0.05,322.0,
07:35:22,311.0,13.0,314.0,31.0,309.0,39.0,318.31,39.0,3.0,52.0,70.0,4.709588092394056,311.0,314.0,122,-18.0,-63.0,-0.15,314.0,3.0
07:35:23,312.0,18.0,314.0,6.0,311.0,6.0,315.0,18.0,2.0,24.0,24.0,4.787402218324693,312.0,314.0,48,0.0,-74.0,0.0,314.0,
07:35:24,312.47,45.0,314.0,15.0,311.0,15.0,315.0,45.0,1.5299999999999727,60.0,60.0,0.4061403698516047,312.47,314.0,120,0.0,72.0,0.0,314.0,
07:35:25,313.13,31.0,314.89,27.0,306.56,45.0,317.91,33.0,1.759999999999991,76.0,60.0,0.6679595796325948,313.13,314.89,136,16.0,16.0,0.12,314.0,1.0
07:35:26,315.42,24.0,318.67,36.0,304.12,91.0,320.76,25.0,3.25,115.0,61.0,1.807962942104068,315.42,318.67,176,54.0,40.0,0.31,315.0,3.0
07:35:27,305.21,58.0,319.0,19.0,302.77,52.0,321.0,22.0,13.79000000000002,110.0,41.0,1.8952387712427428,305.21,319.0,151,69.0,-25.0,0.46,319.0,2.0
07:35:28,304.0,90.0,313.0,50.0,302.0,27.0,320.78,18.0,9.0,117.0,68.0,3.100472544633011,304.0,313.0,185,49.0,34.0,0.26,319.0,
07:35:29,304.83,63.0,313.0,75.0,303.88,60.0,321.53,30.0,8.170000000000016,123.0,105.0,3.5772573292991305,304.83,313.0,228,18.0,43.0,0.08,319.0,
07:35:30,309.5,38.0,313.0,60.0,307.96,56.0,322.0,24.0,3.5,94.0,84.0,3.4206797570110488,309.5,313.0,178,10.0,-50.0,0.06,319.0,
07:35:31,311.12,76.0,313.88,82.0,309.82,60.0,322.02,84.0,2.759999999999991,136.0,166.0,1.8395026501819445,311.12,313.88,302,-30.0,124.0,-0.1,316.38,8.0
07:35:32,311.67,75.0,322.0,45.0,306.0,15.0,377.95,21.0,10.329999999999984,90.0,66.0,3.3589983626112323,311.67,322.0,156,24.0,-146.0,0.15,322.0,1.0
07:35:33,315.13,55.0,321.94,34.0,313.46,68.0,358.36,39.0,6.810000000000002,123.0,73.0,3.983287586908818,315.13000000000005,321.94,196,50.0,40.0,0.26,320.8,5.0
07:35:34,323.95,38.0,374.25,16.0,322.68,22.0,456.67,24.0,50.30000000000001,60.0,40.0,15.63930529147666,323.95,374.25,100,20.0,-96.0,0.2,324.0,1.0
07:35:35,324.83,46.0,335.0,10.0,323.0,30.0,484.1,20.0,10.170000000000016,76.0,30.0,14.740068860083523,324.83,335.0,106,46.0,6.0,0.43,324.0,
07:35:40,322.44,32.0,324.0,44.0,321.06,51.0,395.45,44.0,1.5600000000000025,83.0,88.0,35.061253257690595,322.44,324.0,171,-5.0,-17.0,-0.03,323.0,1.0
07:35:41,322.0,24.0,372.5,32.0,319.0,32.0,458.6,20.0,50.5,56.0,52.0,36.801438151245286,322.0,372.5,108,4.0,-63.0,0.04,324.0,4.0
07:35:44,324.14,58.0,331.0,50.0,323.43,14.0,408.5,10.0,6.860000000000014,72.0,60.0,36.50755086280038,324.14,331.0,132,12.0,-28.0,0.09,324.0,1.0
07:35:45,327.0,9.0,333.85,41.0,325.0,36.0,488.67,12.0,6.850000000000023,45.0,53.0,35.02446759052811,327.0,333.85,98,-8.0,-34.0,-0.08,324.0,
07:35:48,327.0,52.0,372.28,58.0,324.01,146.0,465.09,58.0,45.27999999999997,198.0,116.0,46.93698807976421,327.0,372.28,314,82.0,83.0,0.26,324.0,
07:35:52,324.32,88.0,336.57,14.0,323.62,13.0,403.48,31.0,12.25,101.0,45.0,17.162169734621482,324.32,336.57,146,56.0,44.0,0.38,325.78,9.0
07:35:53,324.0,39.0,325.0,9.0,323.0,9.0,456.86,42.0,1.0,48.0,51.0,21.884168478604973,324.0,325.0,99,-3.0,-47.0,-0.03,324.0,4.0
07:35:54,324.0,15.0,325.0,5.0,323.0,5.0,440.96,23.0,1.0,20.0,28.0,20.684612154932594,324.0,325.0,48,-8.0,-51.0,-0.17,325.0,1.0
07:35:58,329.75,32.0,361.78,9.0,327.0,16.0,412.09,22.0,32.02999999999997,48.0,31.0,26.0422381910608,329.75,361.78,79,17.0,-46.0,0.22,325.0,
07:36:03,326.28,50.0,358.5,20.0,325.38,52.0,523.15,13.0,32.22000000000003,102.0,33.0,1.7755618828906636,326.28,358.5,135,69.0,-39.0,0.51,327.4,5.0
07:36:04,326.0,30.0,358.0,10.0,325.0,20.0,502.2,5.0,32.0,50.0,15.0,2.234529033146789,326.0,358.0,65,35.0,-70.0,0.54,327.4,
07:36:05,326.32,65.0,357.0,21.0,325.27,44.0,513.67,12.0,30.680000000000007,109.0,33.0,2.19699795174638,326.32,357.0,142,76.0,77.0,0.54,326.0,2.0
07:36:06,326.96,53.0,342.05,19.0,325.8,40.0,596.45,11.0,15.090000000000032,93.0,30.0,4.183332403716227,326.9599999999999,342.05,123,63.0,-19.0,0.51,326.7,10.0
07:36:11,326.0,7.0,337.0,28.0,325.0,42.0,338.0,14.0,11.0,49.0,42.0,1.561307144669393,326.0,337.0,91,7.0,-66.0,0.08,328.5,4.0
07:36:12,326.0,6.0,336.67,18.0,325.0,36.0,337.33,18.0,10.670000000000016,42.0,36.0,1.963741327160223,326.0,336.67,78,6.0,-13.0,0.08,328.5,
07:36:15,326.0,12.0,328.83,48.0,325.0,36.0,331.0,24.0,2.829999999999984,48.0,72.0,2.1163577202358264,326.0,328.83,120,-24.0,-29.0,-0.2,324.75,4.0
07:36:16,323.4,30.0,327.07,54.0,322.49,55.0,331.0,32.0,3.670000000000016,85.0,86.0,3.255956080785494,323.4,327.07,171,-1.0,51.0,-0.01,326.67,3.0
07:36:17,323.0,21.0,324.73,11.0,321.87,30.0,326.62,16.0,1.7300000000000182,51.0,27.0,3.958961985168183,323.0,324.73,78,24.0,-93.0,0.31,326.67,
07:36:18,320.67,9.0,323.88,8.0,319.03,29.0,405.41,37.0,3.2099999999999795,38.0,45.0,3.528866673595223,320.67,323.88,83,-7.0,5.0,-0.08,323.0,2.0
07:36:19,319.69,13.0,350.33,21.0,301.57,42.0,415.09,53.0,30.639999999999983,55.0,74.0,4.984440791102798,319.69,350.33,129,-19.0,46.0,-0.15,319.75,4.0
07:36:20,304.61,31.0,335.0,26.0,251.95,38.0,449.49,53.0,30.389999999999983,69.0,79.0,5.8237247531122645,304.61,335.0,148,-10.0,19.0,-0.07,325.0,4.0
07:36:22,293.43,14.0,334.0,10.0,220.39,18.0,335.0,20.0,40.56999999999999,32.0,30.0,20.17839934187133,293.43,334.0,62,2.0,-18.0,0.03,325.0,
07:36:23,326.0,14.0,334.44,18.0,318.48,25.0,403.8,40.0,8.439999999999998,39.0,58.0,21.241723093949567,326.0,334.44,97,-19.0,35.0,-0.2,325.0,
07:36:24,326.0,14.0,332.19,26.0,325.0,28.0,334.68,37.0,6.189999999999998,42.0,63.0,20.047535259977305,326.0,332.19,105,-21.0,8.0,-0.2,325.0,
07:36:25,325.14,28.0,329.45,33.0,323.26,62.0,329.56,45.0,4.310000000000002,90.0,78.0,20.78385262649902,325.14,329.45,168,12.0,63.0,0.07,325.0,
07:36:26,325.0,24.0,328.0,12.0,323.0,72.0,329.0,60.0,3.0,96.0,72.0,6.67818687968614,325.0,328.0,168,24.0,0.0,0.14,325.0,2.0
07:36:27,325.0,10.0,328.0,10.0,323.0,60.0,329.0,50.0,3.0,70.0,60.0,1.66579710649494,325.0,328.0,130,10.0,-38.0,0.08,325.0,
07:36:28,324.14,14.0,326.65,37.0,322.98,49.0,330.77,13.0,2.509999999999991,63.0,50.0,1.3740451229885804,324.14,326.65,113,13.0,-17.0,0.12,325.0,1.0
07:36:29,323.0,91.0,325.22,46.0,322.0,16.0,332.36,33.0,2.2200000000000277,107.0,79.0,1.2364141700944682,323.0,325.22,186,28.0,73.0,0.15,323.0,1.0
07:36:30,323.0,50.0,336.64,22.0,322.0,10.0,351.8,20.0,13.639999999999986,60.0,42.0,2.1177063063629715,323.0,336.64,102,18.0,-84.0,0.18,324.0,4.0
07:36:31,322.45,11.0,339.0,14.0,319.23,13.0,354.91,11.0,16.55000000000001,24.0,25.0,2.8522219408748763,322.45,339.0,49,-1.0,-53.0,-0.02,323.0,5.0
07:36:32,322.63,19.0,338.64,22.0,253.89,19.0,366.4,15.0,16.00999999999999,38.0,37.0,3.1416190093654843,322.63,338.64,75,1.0,26.0,0.01,328.0,4.0
07:36:33,316.87,23.0,337.78,36.0,296.27,22.0,338.47,30.0,20.909999999999968,45.0,66.0,2.8246362597697163,316.87,337.78,111,-21.0,36.0,-0.19,319.5,4.0
07:36:34,329.31,147.0,337.0,20.0,298.34,29.0,338.0,40.0,7.689999999999998,176.0,60.0,2.093000238892141,329.31,337.0,236,116.0,125.0,0.49,319.5,
07:36:35,330.0,188.0,335.42,48.0,325.0,39.0,338.0,30.0,5.420000000000016,227.0,78.0,2.305237514878134,330.0,335.42,305,149.0,69.0,0.49,330.0,4.0
07:36:36,330.0,80.0,334.0,28.0,325.0,21.0,342.0,14.0,4.0,101.0,42.0,2.3502489229868955,330.0,334.0,143,59.0,-162.0,0.41,330.0,1.0
07:36:37,330.0,54.0,334.0,24.0,325.0,18.0,342.0,12.0,4.0,72.0,36.0,2.3525794354283933,330.0,334.0,108,36.0,-35.0,0.33,330.0,4.0
07:36:38,330.0,49.0,334.0,28.0,325.0,21.0,342.0,14.0,4.0,70.0,42.0,0.5326067968012532,330.0,334.0,112,28.0,4.0,0.25,330.0,
07:36:39,330.0,77.0,333.27,44.0,325.0,33.0,338.36,22.0,3.269999999999982,110.0,66.0,0.3902563260210204,330.0,333.27,176,44.0,64.0,0.25,330.0,
07:36:40,330.0,105.0,332.07,54.0,325.0,45.0,334.17,46.0,2.069999999999993,150.0,100.0,0.4191419807177647,330.0,332.07,250,50.0,74.0,0.2,330.0,
07:36:41,328.79,57.0,330.63,57.0,325.15,47.0,338.15,39.0,1.839999999999975,104.0,96.0,0.960322862375402,328.79,330.63,200,8.0,-50.0,0.04,329.33,9.0
07:36:42,325.0,37.0,326.46,35.0,287.29,52.0,337.95,55.0,1.4599999999999795,89.0,90.0,2.553689487780998,325.0,326.46,179,-1.0,-21.0,-0.01,325.0,1.0
07:36:43,324.54,26.0,326.0,30.0,302.56,45.0,342.0,65.0,1.4599999999999795,71.0,95.0,2.988422660870734,324.54,326.0,166,-24.0,-13.0,-0.14,324.67,6.0
07:36:44,324.0,22.0,325.0,12.0,319.91,11.0,340.4,50.0,1.0,33.0,62.0,2.924423020017514,324.0,325.0,95,-29.0,-71.0,-0.31,325.0,1.0
07:36:45,323.8,15.0,325.0,8.0,320.5,8.0,338.0,32.0,1.1999999999999886,23.0,40.0,2.1880059414934787,323.8,325.0,63,-17.0,-32.0,-0.27,324.0,2.0
07:36:47,321.0,21.0,325.0,7.0,236.29,42.0,338.0,28.0,4.0,63.0,35.0,11.14448383730813,321.0,325.0,98,28.0,0.0,0.29,324.0,
07:36:48,301.0,54.0,324.08,12.0,247.15,65.0,338.0,48.0,23.079999999999984,119.0,60.0,10.897296912538746,301.0,324.08,179,59.0,81.0,0.33,324.0,
07:36:49,315.44,34.0,336.58,57.0,263.04,55.0,339.55,44.0,21.139999999999983,89.0,101.0,11.182071364466683,315.44,336.58,190,-12.0,11.0,-0.06,330.0,2.0
07:36:50,328.22,74.0,335.64,70.0,327.71,34.0,337.0,56.0,7.419999999999959,108.0,126.0,12.804148936966609,328.22,335.64,234,-18.0,44.0,-0.08,330.0,
07:36:51,329.04,69.0,334.17,60.0,328.08,72.0,337.0,48.0,5.129999999999996,141.0,108.0,7.937050459711804,329.04,334.17,249,33.0,15.0,0.13,330.0,
07:36:52,330.0,45.0,332.33,75.0,329.0,90.0,340.73,60.0,2.329999999999984,135.0,135.0,8.252455392185315,330.0,332.33,270,0.0,21.0,0.0,330.0,
07:36:53,329.11,56.0,330.55,22.0,328.15,78.0,339.5,48.0,1.4399999999999975,134.0,70.0,2.427673783687242,329.11,330.55,204,64.0,-66.0,0.31,330.2,5.0
07:36:54,329.0,32.0,330.0,8.0,328.0,48.0,334.96,25.0,1.0,80.0,33.0,1.0840295198937158,329.0,330.0,113,47.0,-91.0,0.42,330.2,
07:36:55,329.0,24.0,330.0,6.0,328.0,36.0,334.0,18.0,1.0,60.0,24.0,0.9964286226328316,329.0,330.0,84,36.0,-29.0,0.43,329.0,1.0
07:36:56,328.68,31.0,334.0,27.0,327.95,44.0,340.0,36.0,5.319999999999993,75.0,63.0,0.9130005476460776,328.68,334.0,138,12.0,54.0,0.09,328.75,4.0
07:36:57,328.0,40.0,334.0,24.0,327.0,8.0,340.0,32.0,6.0,48.0,56.0,0.8733155214480605,328.0,334.0,104,-8.0,-34.0,-0.08,328.75,
07:36:58,328.0,30.0,336.4,20.0,327.0,6.0,342.69,26.0,8.399999999999977,36.0,46.0,1.1863051883900255,328.0,336.4,82,-10.0,-22.0,-0.12,328.75,
07:36:59,328.0,60.0,340.0,48.0,327.0,12.0,347.0,60.0,12.0,72.0,108.0,1.6550891214672618,328.0,340.0,180,-36.0,98.0,-0.2,328.75,
07:37:00,328.0,40.0,340.0,32.0,327.0,8.0,351.35,17.0,12.0,48.0,49.0,1.4304964173312158,328.0,340.0,97,-1.0,-83.0,-0.01,328.75,
07:37:01,328.0,29.0,340.0,32.0,327.0,8.0,406.83,18.0,12.0,37.0,50.0,1.3813037319852317,328.0,340.0,87,-13.0,-10.0,-0.15,328.0,2.0
07:37:02,328.0,27.0,339.78,36.0,327.0,9.0,401.55,29.0,11.779999999999973,36.0,65.0,0.7941158605613764,328.0,339.78,101,-29.0,14.0,-0.29,328.0,
07:37:03,328.0,30.0,338.1,40.0,327.0,10.0,339.4,40.0,10.100000000000025,40.0,80.0,0.4152950758132908,328.0,338.1,120,-40.0,19.0,-0.33,328.0,
07:37:04,328.0,33.0,335.27,44.0,326.68,19.0,336.27,44.0,7.269999999999982,52.0,88.0,1.0179538299922133,328.0,335.27,140,-36.0,20.0,-0.26,328.0,
07:37:05,328.0,33.0,332.55,44.0,327.0,33.0,334.36,44.0,4.550000000000011,66.0,88.0,1.5947256817388726,328.0,332.55,154,-22.0,14.0,-0.14,328.0,
07:37:06,327.78,23.0,330.18,44.0,326.35,23.0,331.73,44.0,2.400000000000034,46.0,88.0,1.9984819238611395,327.78,330.18,134,-42.0,-20.0,-0.31,327.6,5.0
07:37:07,326.0,12.0,328.5,48.0,322.5,32.0,332.38,52.0,2.5,44.0,100.0,2.2574698226117285,326.0,328.5,144,-56.0,10.0,-0.39,327.0,1.0
07:37:08,324.0,10.0,327.35,34.0,322.0,60.0,332.09,44.0,3.3500000000000227,70.0,78.0,2.365867705516461,324.0,327.35,148,-8.0,4.0,-0.05,327.0,
07:37:09,324.0,13.0,327.11,47.0,322.0,78.0,334.0,60.0,3.1100000000000136,91.0,107.0,2.063378297842741,324.0,327.11,198,-16.0,50.0,-0.08,326.0,3.0
07:37:10,324.0,14.0,329.54,59.0,322.0,79.0,338.07,67.0,5.5400000000000205,93.0,126.0,1.3930290736413318,324.0,329.54,219,-33.0,21.0,-0.15,327.0,4.0
07:37:11,324.0,13.0,336.54,65.0,322.0,13.0,343.0,52.0,12.54000000000002,26.0,117.0,1.910439739957637,324.0,336.54,143,-91.0,-76.0,-0.64,327.0,
07:37:12,320.8,10.0,336.0,35.0,320.71,7.0,343.0,28.0,15.199999999999989,17.0,63.0,1.999557451039821,320.8,336.0,80,-46.0,-63.0,-0.57,321.8,5.0
07:37:13,316.0,44.0,336.0,55.0,313.0,11.0,339.0,44.0,20.0,55.0,99.0,1.937542257605944,316.0,336.0,154,-44.0,74.0,-0.29,321.8,
07:37:14,326.34,67.0,336.0,50.0,315.92,37.0,339.0,40.0,9.660000000000023,104.0,90.0,2.208635325264493,326.34,336.0,194,14.0,40.0,0.07,321.8,
07:37:15,327.0,56.0,336.0,40.0,316.0,32.0,339.0,32.0,9.0,88.0,72.0,2.282360620060746,327.0,336.0,160,16.0,-34.0,0.1,321.8,
07:37:16,327.35,65.0,336.0,50.0,321.92,52.0,339.0,40.0,8.649999999999977,117.0,90.0,2.4843912735323097,327.35,336.0,207,27.0,47.0,0.13,328.0,1.0
07:37:17,328.38,48.0,336.0,45.0,327.26,57.0,339.0,36.0,7.620000000000003,105.0,81.0,2.546913818722941,328.38,336.0,186,24.0,-21.0,0.13,328.0,
07:37:18,329.0,61.0,336.38,56.0,328.0,60.0,343.14,42.0,7.3799999999999955,121.0,98.0,0.5989407316246999,329.0,336.38,219,23.0,33.0,0.11,329.0,1.0
07:37:19,329.0,45.0,335.0,27.0,328.0,45.0,350.48,27.0,6.0,90.0,54.0,0.4647257255616513,329.0,335.0,144,36.0,-75.0,0.25,329.0,
07:37:20,329.38,65.0,334.34,53.0,328.0,65.0,344.52,33.0,4.95999999999998,130.0,86.0,0.3869496091206933,329.38,334.34000000000003,216,44.0,72.0,0.2,329.0,
07:37:21,330.0,74.0,334.0,80.0,328.0,80.0,337.0,48.0,4.0,154.0,128.0,0.3249153735952354,330.0,334.0,282,26.0,66.0,0.09,330.0,2.0
07:37:22,330.0,30.0,333.88,34.0,328.0,60.0,335.42,38.0,3.879999999999996,90.0,72.0,0.3358868857199199,330.0,333.88,162,18.0,-120.0,0.11,330.0,
07:37:23,328.07,89.0,330.34,29.0,327.09,115.0,335.3,40.0,2.269999999999982,204.0,69.0,1.226711049921697,328.07,330.34,273,135.0,111.0,0.49,328.5,12.0
07:37:24,327.0,60.0,328.92,24.0,323.0,132.0,339.74,57.0,1.920000000000016,192.0,81.0,1.887108899878753,327.0,328.92,273,111.0,0.0,0.41,327.33,3.0
07:37:25,327.0,63.0,335.38,39.0,323.0,187.0,341.53,53.0,8.379999999999995,250.0,92.0,1.79634350835297,327.0,335.38,342,158.0,69.0,0.46,327.0,2.0
07:37:26,327.0,33.0,339.0,33.0,323.0,121.0,387.91,11.0,12.0,154.0,44.0,2.048621487733027,327.0,339.0,198,110.0,-144.0,0.56,327.0,
07:37:27,327.0,33.0,329.0,55.0,323.0,121.0,338.55,33.0,2.0,154.0,88.0,2.1863142500571526,327.0,329.0,242,66.0,44.0,0.27,327.0,1.0
07:37:28,327.0,22.0,336.71,35.0,323.0,121.0,345.44,43.0,9.70999999999998,143.0,78.0,2.3037621405001847,327.0,336.71,221,65.0,-21.0,0.29,327.0,
07:37:29,327.0,16.0,342.57,28.0,323.0,88.0,367.2,20.0,15.569999999999991,104.0,48.0,2.5095158895690517,327.0,342.57,152,56.0,-69.0,0.37,327.0,
07:37:30,325.84,31.0,338.71,42.0,322.95,124.0,344.91,45.0,12.870000000000005,155.0,87.0,2.494048916921872,325.84,338.71,242,68.0,90.0,0.28,325.0,4.0
07:37:31,323.08,64.0,336.31,16.0,321.6,30.0,340.0,32.0,13.230000000000018,94.0,48.0,2.59329520109075,323.08,336.31,142,46.0,-100.0,0.32,325.0,
07:37:32,323.16,93.0,335.53,36.0,321.63,57.0,339.44,64.0,12.369999999999948,150.0,100.0,2.203606135406202,323.16,335.53,250,50.0,108.0,0.2,324.25,4.0
07:37:33,324.54,69.0,333.04,23.0,323.0,102.0,336.64,50.0,8.5,171.0,73.0,2.516455841059174,324.54,333.04,244,98.0,-6.0,0.4,325.0,2.0
07:37:34,326.0,48.0,331.81,32.0,323.0,96.0,334.0,16.0,5.810000000000002,144.0,48.0,1.4303950503279506,326.0,331.81,192,96.0,-52.0,0.5,325.0,
07:37:35,326.61,23.0,330.21,19.0,323.0,66.0,331.86,14.0,3.599999999999966,89.0,33.0,0.500349877589709,326.61,330.21,122,56.0,-70.0,0.46,326.0,1.0
07:37:36,327.73,15.0,329.0,18.0,323.0,54.0,334.0,18.0,1.2699999999999818,69.0,36.0,0.398221044150738,327.7300000000001,329.0,105,33.0,-17.0,0.31,328.0,1.0
07:37:37,326.71,14.0,328.88,16.0,324.36,33.0,336.0,32.0,2.170000000000016,47.0,48.0,0.4389533004831356,326.71,328.88,95,-1.0,-10.0,-0.01,328.0,1.0
07:37:38,324.8,30.0,329.64,28.0,322.82,66.0,336.83,48.0,4.839999999999975,96.0,76.0,0.6495382975664743,324.8,329.64,172,20.0,77.0,0.12,326.0,3.0
07:37:39,323.0,54.0,336.0,36.0,321.0,27.0,338.33,36.0,13.0,81.0,72.0,0.847744065154895,323.0,336.0,153,9.0,-19.0,0.06,326.0,
07:37:40,323.87,69.0,337.27,44.0,322.05,57.0,364.79,95.0,13.399999999999975,126.0,139.0,1.3475718904773184,323.87,337.27,265,-13.0,112.0,-0.05,326.0,
07:37:41,327.0,48.0,333.71,34.0,322.32,57.0,336.79,86.0,6.70999999999998,105.0,120.0,1.5110360683994135,327.0,333.71,225,-15.0,-40.0,-0.07,326.0,
07:37:42,327.0,75.0,332.33,60.0,326.0,15.0,334.0,15.0,5.329999999999984,90.0,75.0,1.3311160730767682,327.0,332.33,165,15.0,-60.0,0.09,326.0,
07:37:43,327.0,32.0,329.42,48.0,326.0,12.0,334.0,12.0,2.420000000000016,44.0,60.0,0.9263368717712802,327.0,329.42,104,-16.0,-61.0,-0.15,327.0,5.0
07:37:44,327.0,9.0,328.0,36.0,326.0,9.0,334.0,9.0,1.0,18.0,45.0,1.348369385592734,327.0,328.0,63,-27.0,-41.0,-0.43,327.0,
07:37:45,326.25,12.0,331.41,37.0,323.0,12.0,337.89,18.0,5.160000000000025,24.0,55.0,1.1331019371638051,326.25,331.41,79,-31.0,16.0,-0.39,327.0,1.0
07:37:46,326.0,11.0,331.36,33.0,322.0,11.0,334.0,11.0,5.360000000000014,22.0,44.0,0.8006060204650947,326.0,331.36,66,-22.0,-13.0,-0.33,327.0,
07:37:47,326.0,13.0,330.09,33.0,322.0,13.0,338.36,22.0,4.089999999999975,26.0,55.0,0.5304055052556593,326.0,330.09,81,-29.0,15.0,-0.36,327.0,
07:37:48,326.0,15.0,332.93,15.0,322.0,15.0,340.38,39.0,6.930000000000007,30.0,54.0,0.7557314337812581,326.0,332.93,84,-24.0,3.0,-0.29,327.0,
07:37:49,326.0,12.0,329.42,12.0,322.0,12.0,331.25,12.0,3.420000000000016,24.0,24.0,0.6887089370735786,326.0,329.42,48,0.0,-36.0,0.0,327.0,
07:37:50,325.67,12.0,328.58,12.0,321.79,14.0,330.25,12.0,2.909999999999968,26.0,24.0,0.9044501091854974,325.67,328.58,50,2.0,2.0,0.04,326.0,1.0
07:37:51,322.8,44.0,328.41,17.0,321.21,34.0,333.8,25.0,5.610000000000014,78.0,42.0,1.4090244852403393,322.8,328.41,120,36.0,70.0,0.3,326.0,
07:37:52,324.54,82.0,327.0,28.0,322.91,22.0,328.0,14.0,2.4599999999999795,104.0,42.0,1.581338041029707,324.54,327.0,146,62.0,26.0,0.42,326.0,
07:37:53,326.0,66.0,331.12,32.0,324.0,65.0,337.7,40.0,5.1200000000000045,131.0,72.0,1.2662424728336923,326.0,331.12,203,59.0,57.0,0.29,326.0,10.0
07:37:54,326.83,30.0,338.0,40.0,324.0,10.0,340.0,30.0,11.170000000000016,40.0,70.0,2.797370193593665,326.83,338.0,110,-30.0,-93.0,-0.27,327.0,5.0
07:37:55,326.0,9.0,336.86,28.0,324.91,33.0,338.97,31.0,10.860000000000014,42.0,59.0,3.1420582426181465,326.0,336.86,101,-17.0,-9.0,-0.17,327.0,
07:37:56,326.0,7.0,334.0,14.0,325.0,28.0,337.71,28.0,8.0,35.0,42.0,2.6079359654721137,326.0,334.0,77,-7.0,-24.0,-0.09,327.0,
07:37:57,323.57,14.0,334.0,16.0,324.2,20.0,336.0,32.0,10.430000000000009,34.0,48.0,1.6696556531218514,323.57,334.0,82,-14.0,5.0,-0.17,324.67,6.0
07:37:58,326.05,21.0,335.07,30.0,321.83,23.0,337.2,40.0,9.019999999999982,44.0,70.0,1.3812132348051689,326.05,335.07,114,-26.0,32.0,-0.23,327.0,2.0
07:37:59,322.25,16.0,336.0,32.0,320.75,16.0,340.0,24.0,13.75,32.0,56.0,1.0717975555123331,322.25,336.0,88,-24.0,-26.0,-0.27,327.0,
07:38:00,321.4,15.0,336.0,40.0,320.75,16.0,340.0,30.0,14.600000000000025,31.0,70.0,0.8124530755700674,321.4,336.0,101,-39.0,13.0,-0.39,321.0,1.0
07:38:01,322.0,7.0,336.92,24.0,320.98,58.0,368.63,19.0,14.920000000000016,65.0,43.0,0.7520505302195217,322.0,336.92,108,22.0,7.0,0.2,321.0,
07:38:02,322.0,13.0,333.69,39.0,321.0,143.0,335.0,52.0,11.689999999999998,156.0,91.0,0.9971058118393528,322.0,333.69,247,65.0,139.0,0.26,321.0,
07:38:03,322.0,9.0,333.0,27.0,321.0,99.0,336.11,36.0,11.0,108.0,63.0,0.8314324987664181,322.0,333.0,171,45.0,-76.0,0.26,321.0,
07:38:04,321.01,81.0,332.37,41.0,320.46,24.0,338.59,49.0,11.360000000000014,105.0,90.0,1.0726369376475426,321.01,332.37,195,15.0,24.0,0.08,321.12,8.0
07:38:05,321.0,56.0,327.59,58.0,320.0,14.0,329.0,54.0,6.589999999999975,70.0,112.0,1.893375292964275,321.0,327.59,182,-42.0,-13.0,-0.23,321.12,
07:38:06,321.0,22.0,323.95,59.0,320.0,13.0,325.67,45.0,2.9499999999999886,35.0,104.0,2.3046474784682816,321.0,323.95,139,-69.0,-43.0,-0.5,321.0,3.0
07:38:07,321.0,10.0,322.0,30.0,320.0,10.0,323.0,50.0,1.0,20.0,80.0,2.596179885911739,321.0,322.0,100,-60.0,-39.0,-0.6,321.0,
07:38:08,321.0,10.0,322.42,36.0,320.0,10.0,325.81,47.0,1.420000000000016,20.0,83.0,2.175090802705716,321.0,322.42,103,-63.0,3.0,-0.61,322.0,3.0
07:38:09,321.86,49.0,327.4,63.0,320.5,14.0,335.83,52.0,5.539999999999964,63.0,115.0,1.4563653387855064,321.86,327.4,178,-52.0,75.0,-0.29,322.62,8.0
07:38:10,322.0,48.0,337.0,32.0,319.62,24.0,340.0,24.0,15.0,72.0,56.0,3.334466973897594,322.0,337.0,128,16.0,-50.0,0.12,322.62,
07:38:11,322.0,78.0,337.0,52.0,320.87,69.0,340.0,39.0,15.0,147.0,91.0,3.969693942864004,322.0,337.0,238,56.0,110.0,0.24,322.62,
07:38:12,322.0,42.0,337.0,28.0,321.0,42.0,340.0,21.0,15.0,84.0,49.0,3.617522632964189,322.0,337.0,133,35.0,-105.0,0.26,322.62,
07:38:13,322.0,60.0,337.0,40.0,321.0,60.0,340.0,30.0,15.0,120.0,70.0,2.1779302100859814,322.0,337.0,190,50.0,57.0,0.26,322.62,
07:38:14,322.0,23.0,337.0,32.0,321.0,48.0,340.0,24.0,15.0,71.0,56.0,0.0,322.0,337.0,127,15.0,-63.0,0.12,322.0,5.0
07:38:15,321.2,20.0,337.0,48.0,320.5,48.0,340.0,36.0,15.800000000000011,68.0,84.0,0.178885438209775,321.2,337.0,152,-16.0,25.0,-0.11,321.2,5.0
07:38:16,320.54,61.0,338.12,48.0,314.92,37.0,350.8,45.0,17.579999999999984,98.0,93.0,0.1760113632796702,320.54,338.12,191,5.0,39.0,0.03,320.4,5.0
07:38:17,325.0,65.0,337.0,13.0,319.0,52.0,339.62,39.0,12.0,117.0,52.0,0.752648656414786,325.0,337.0,169,65.0,-22.0,0.38,320.4,
07:38:18,325.0,13.0,337.0,9.0,319.0,36.0,339.0,27.0,12.0,49.0,36.0,0.936472103162926,325.0,337.0,85,13.0,-84.0,0.15,325.0,4.0
07:38:19,325.0,10.0,337.0,10.0,319.0,40.0,339.0,30.0,12.0,50.0,40.0,0.981060650521568,325.0,337.0,90,10.0,5.0,0.11,325.0,
07:38:20,325.0,10.0,335.38,21.0,319.0,40.0,338.12,16.0,10.379999999999995,50.0,37.0,0.7441303649236354,325.0,335.38,87,13.0,-3.0,0.15,325.0,
07:38:21,325.96,24.0,334.27,33.0,323.67,18.0,336.71,21.0,8.310000000000002,42.0,54.0,0.4634867851417651,325.96,334.27,96,-12.0,9.0,-0.12,325.0,
07:38:22,326.33,30.0,332.18,22.0,325.17,12.0,333.18,22.0,5.850000000000023,42.0,44.0,0.7254515834993831,326.33,332.18,86,-2.0,-10.0,-0.02,325.0,
07:38:23,327.21,140.0,331.0,28.0,326.0,28.0,332.0,28.0,3.790000000000021,168.0,56.0,0.7696947446894298,327.21,331.0,224,112.0,138.0,0.5,325.0,
07:38:24,328.0,110.0,330.91,22.0,326.0,22.0,332.2,20.0,2.910000000000025,132.0,42.0,0.4983272017491837,328.0,330.91,174,90.0,-50.0,0.52,325.0,
07:38:25,328.0,80.0,329.6,20.0,326.0,9.0,335.4,10.0,1.6000000000000227,89.0,30.0,0.4927169572926649,328.0,329.6,119,59.0,-55.0,0.5,325.0,
07:38:26,328.0,82.0,329.6,30.0,326.0,12.0,338.27,15.0,1.6000000000000227,94.0,45.0,0.285884592107142,328.0,329.6,139,49.0,20.0,0.35,328.0,6.0
07:38:27,328.0,12.0,329.33,6.0,326.0,3.0,344.0,3.0,1.329999999999984,15.0,9.0,0.3153252289375209,328.0,329.33,24,6.0,-115.0,0.25,328.0,
07:38:28,328.0,20.0,341.77,22.0,326.0,7.0,355.29,17.0,13.769999999999982,27.0,39.0,2.6827728193051037,328.0,341.77,66,-12.0,42.0,-0.18,328.0,2.0
07:38:29,324.78,18.0,347.0,55.0,323.43,14.0,379.0,33.0,22.220000000000027,32.0,88.0,3.650773890560711,324.78,347.0,120,-56.0,54.0,-0.47,322.8,5.0
07:38:30,321.65,51.0,347.0,70.0,320.08,78.0,451.78,54.0,25.350000000000023,129.0,124.0,3.49551569871996,321.65,347.0,253,5.0,133.0,0.02,322.8,
07:38:31,323.46,39.0,347.0,65.0,320.0,78.0,503.56,32.0,23.54000000000002,117.0,97.0,2.923542371848808,323.46,347.0,214,20.0,-39.0,0.09,322.8,
07:38:32,325.47,57.0,346.53,75.0,321.6,70.0,540.37,51.0,21.059999999999945,127.0,126.0,0.7010206844256698,325.47,346.53,253,1.0,39.0,0.0,322.8,
07:38:33,326.04,168.0,336.0,41.0,321.99,128.0,341.02,94.0,9.95999999999998,296.0,135.0,2.052893080507145,326.04,336.0,431,161.0,177.5,0.37,322.8,
07:38:34,328.0,36.0,332.33,12.0,326.0,72.0,343.0,60.0,4.329999999999984,108.0,72.0,2.5999557688538206,328.0,332.33,180,36.0,-178.5,0.2,322.8,
07:38:35,327.2,50.0,330.5,16.0,324.35,102.0,343.5,80.0,3.300000000000012,152.0,96.0,3.175772347004469,327.2,330.5,248,56.0,68.0,0.23,327.0,6.0
07:38:36,325.5,18.0,329.5,12.0,322.16,74.0,341.67,36.0,4.0,92.0,48.0,3.245592395850285,325.5,329.5,140,44.0,-108.0,0.31,325.75,4.0
07:38:37,323.0,21.0,326.67,9.0,321.83,59.0,337.53,17.0,3.670000000000016,80.0,26.0,2.435534848858773,323.0,326.67,106,54.0,-34.0,0.51,325.0,1.0
07:38:38,322.96,52.0,341.97,35.0,321.54,65.0,345.45,55.0,19.010000000000048,117.0,90.0,2.8632464092363774,322.96,341.97,207,27.0,101.0,0.13,325.0,1.0
07:38:39,322.7,57.0,341.09,55.0,321.4,70.0,348.91,55.0,18.389999999999983,127.0,110.0,3.164324572480558,322.7,341.09,237,17.0,30.0,0.07,327.0,2.0
07:38:40,322.0,49.0,336.08,26.0,321.0,42.0,345.71,35.0,14.079999999999984,91.0,61.0,3.1615613231446567,322.0,336.08,152,30.0,-85.0,0.2,327.0,
07:38:41,322.0,55.0,340.0,40.0,321.0,48.0,347.75,40.0,18.0,103.0,80.0,3.092162673599636,322.0,340.0,183,23.0,31.0,0.13,322.0,1.0
07:38:42,322.11,54.0,340.0,65.0,321.26,68.0,347.0,65.0,17.889999999999986,122.0,130.0,1.3011456490341402,322.11000000000007,340.0,252,-8.0,69.0,-0.03,322.4,5.0
07:38:43,323.71,51.0,339.1,58.0,321.7,23.0,340.93,75.0,15.390000000000043,74.0,133.0,1.0889444430276674,323.71,339.1,207,-59.0,-45.0,-0.29,322.4,
07:38:44,326.0,83.0,336.69,58.0,322.0,45.0,338.78,69.0,10.689999999999998,128.0,127.0,0.981284871992354,326.0,336.69,255,1.0,48.0,0.0,326.0,5.0
07:38:45,326.93,56.0,336.0,40.0,324.67,18.0,339.0,32.0,9.069999999999991,74.0,72.0,0.2081345718524544,326.93,336.0,146,2.0,-109.0,0.01,327.0,2.0
07:38:46,327.71,98.0,335.0,56.0,326.0,28.0,336.0,70.0,7.29000000000002,126.0,126.0,0.1545315501769179,327.71,335.0,252,0.0,106.0,0.0,327.0,
07:38:47,328.08,74.0,335.0,44.0,326.0,22.0,336.0,55.0,6.920000000000016,96.0,99.0,0.0812403840458275,328.08,335.0,195,-3.0,-57.0,-0.02,328.0,1.0
07:38:48,329.0,54.0,335.0,36.0,326.0,18.0,336.0,45.0,6.0,72.0,81.0,0.2694438717056007,329.0,335.0,153,-9.0,-42.0,-0.06,328.0,
07:38:49,329.0,60.0,335.0,40.0,326.0,20.0,336.0,50.0,6.0,80.0,90.0,0.3061372241323623,329.0,335.0,170,-10.0,17.0,-0.06,328.0,
07:38:50,329.0,48.0,335.0,32.0,326.0,16.0,336.0,40.0,6.0,64.0,72.0,0.3078960863656364,329.0,335.0,136,-8.0,-34.0,-0.06,328.0,
07:38:51,329.0,75.0,334.17,48.0,326.0,28.0,335.24,58.0,5.170000000000016,103.0,106.0,0.2414125100304472,329.0,334.17,209,-3.0,73.0,-0.01,329.0,1.0
07:38:52,329.0,71.0,331.45,51.0,326.0,30.0,333.29,55.0,2.4499999999999886,101.0,106.0,0.7664985322879955,329.0,331.45,207,-5.0,-2.0,-0.02,329.0,4.0
07:38:53,326.0,14.0,338.29,17.0,321.6,25.0,339.57,35.0,12.29000000000002,39.0,52.0,0.7904871915468246,326.0,338.29,91,-13.0,-116.0,-0.14,329.0,1.0
07:38:54,326.0,26.0,337.05,38.0,321.0,104.0,338.09,53.0,11.050000000000011,130.0,91.0,0.7570799165212064,326.0,337.05,221,39.0,130.0,0.18,329.0,
07:38:55,326.0,10.0,335.4,10.0,321.0,90.0,338.6,25.0,9.399999999999975,100.0,35.0,0.7647679386586731,326.0,335.4,135,65.0,-86.0,0.48,329.0,
07:38:56,321.1,164.0,335.0,28.0,320.58,96.0,339.03,66.0,13.899999999999975,260.0,94.0,1.5727110351242437,321.1,335.0,354,166.0,177.5,0.47,321.0,4.0
07:38:57,325.0,16.0,332.83,47.0,321.0,284.0,337.67,21.0,7.829999999999984,300.0,68.0,1.7381656998117487,325.0,332.83,368,232.0,14.0,0.63,321.0,
07:38:58,325.0,4.0,331.0,20.0,321.0,72.0,334.0,8.0,6.0,76.0,28.0,1.600178115087101,325.0,331.0,104,48.0,-178.5,0.46,321.0,
07:38:59,325.0,7.0,329.33,15.0,321.0,126.0,330.88,32.0,4.329999999999984,133.0,47.0,1.34235986233403,325.0,329.33,180,86.0,76.0,0.48,321.0,
07:39:00,325.38,13.0,327.11,38.0,321.72,117.0,329.34,29.0,1.7300000000000182,130.0,67.0,1.0106582013752912,325.38,327.11,197,63.0,17.0,0.32,326.0,1.0
07:39:01,325.0,14.0,327.43,28.0,321.0,312.0,329.48,33.0,2.430000000000007,326.0,61.0,1.163026224987148,325.0,327.43,387,265.0,177.5,0.68,326.0,
07:39:02,321.59,74.0,326.43,28.0,320.92,234.0,328.21,28.0,4.840000000000032,308.0,56.0,1.4915864038029456,321.59,326.43,364,252.0,-23.0,0.69,325.0,1.0
07:39:03,321.0,202.0,323.54,13.0,319.0,30.0,325.43,23.0,2.5400000000000205,232.0,36.0,1.9988496691878173,321.0,323.54,268,196.0,-96.0,0.73,321.0,2.0
07:39:04,321.0,191.0,329.91,11.0,319.0,33.0,337.46,13.0,8.910000000000025,224.0,24.0,1.6957830049900156,321.0,329.91,248,200.0,-20.0,0.81,321.33,3.0
07:39:05,321.45,29.0,334.36,14.0,320.41,51.0,336.29,14.0,12.910000000000023,80.0,28.0,2.1429232370787825,321.45,334.36,108,52.0,-140.0,0.48,321.33,
07:39:06,323.0,8.0,334.25,8.0,321.0,72.0,364.5,12.0,11.25,80.0,20.0,2.6475177053253547,323.0,334.25,100,60.0,-8.0,0.6,321.33,
07:39:07,324.0,9.0,334.56,9.0,321.04,75.0,386.74,27.0,10.560000000000002,84.0,36.0,2.8709806686930217,324.0,334.56,120,48.0,20.0,0.4,321.33,
07:39:08,321.04,71.0,329.35,31.0,319.2,45.0,342.35,23.0,8.310000000000002,116.0,54.0,1.8611018241912016,321.04,329.35,170,62.0,50.0,0.36,322.2,5.0
07:39:09,321.0,40.0,333.08,12.0,319.0,27.0,349.0,27.0,12.079999999999984,67.0,39.0,1.5831992925741052,321.0,333.08,106,28.0,-64.0,0.26,321.0,1.0
07:39:10,321.0,36.0,331.83,12.0,319.0,27.0,334.78,27.0,10.829999999999984,63.0,39.0,1.6518232350974282,321.0,331.83,102,24.0,-4.0,0.24,321.0,
07:39:11,321.95,41.0,329.91,11.0,320.23,39.0,332.18,33.0,7.960000000000036,80.0,44.0,1.55450313605629,321.95,329.91,124,36.0,22.0,0.29,322.0,4.0
07:39:12,325.0,20.0,329.0,10.0,321.0,40.0,332.0,30.0,4.0,60.0,40.0,0.774157606698954,325.0,329.0,100,20.0,-24.0,0.2,322.0,
07:39:13,325.0,20.0,327.1,10.0,321.0,40.0,334.0,30.0,2.1000000000000227,60.0,40.0,0.5183338692478898,325.0,327.1,100,20.0,0.0,0.2,322.0,
07:39:14,325.0,16.0,331.94,18.0,321.0,44.0,335.19,32.0,6.939999999999998,60.0,50.0,1.0355336788385512,325.0,331.94,110,10.0,10.0,0.09,325.0,1.0
07:39:15,322.71,14.0,334.0,20.0,320.33,36.0,336.4,30.0,11.29000000000002,50.0,50.0,1.2172386783240443,322.71,334.0,100,0.0,-10.0,0.0,322.33,3.0
07:39:16,321.0,18.0,333.78,18.0,319.0,27.0,337.0,27.0,12.779999999999973,45.0,45.0,1.0043057303468022,321.0,333.78,90,0.0,-10.0,0.0,322.33,
07:39:17,321.0,28.0,332.29,28.0,319.0,42.0,335.14,42.0,11.29000000000002,70.0,70.0,1.0565367953874505,321.0,332.29,140,0.0,50.0,0.0,322.33,
07:39:18,321.0,22.0,331.0,22.0,319.22,23.0,335.65,31.0,10.0,45.0,53.0,1.0724131666515555,321.0,331.0,98,-8.0,-42.0,-0.08,322.33,
07:39:19,321.68,44.0,329.69,26.0,320.63,19.0,334.0,26.0,8.009999999999991,63.0,52.0,1.0814481032434355,321.68,329.69,115,11.0,17.0,0.1,322.0,7.0
07:39:20,324.86,58.0,328.0,18.0,320.94,17.0,333.8,30.0,3.1399999999999864,75.0,48.0,0.6515750148752316,324.86,328.0,123,27.0,8.0,0.22,322.0,
07:39:21,325.0,101.0,327.13,46.0,321.0,32.0,329.26,38.0,2.1299999999999955,133.0,84.0,0.3734032672731103,325.0,327.13,217,49.0,94.0,0.23,325.0,1.0
07:39:22,325.0,31.0,326.2,20.0,321.0,18.0,327.35,34.0,1.1999999999999886,49.0,54.0,0.3305601307034265,325.0,326.2,103,-5.0,-114.0,-0.05,325.0,5.0
07:39:23,325.0,12.0,326.0,60.0,321.0,24.0,327.0,48.0,1.0,36.0,108.0,0.3857071428050926,325.0,326.0,144,-72.0,41.0,-0.5,325.0,1.0
07:39:24,321.21,19.0,325.8,50.0,320.18,11.0,335.0,20.0,4.590000000000032,30.0,70.0,1.1324177674391032,321.21,325.8,100,-40.0,-44.0,-0.4,325.0,1.0
07:39:25,321.0,32.0,324.11,76.0,320.0,16.0,332.59,51.0,3.1100000000000136,48.0,127.0,1.528963701339355,321.0,324.11,175,-79.0,75.0,-0.45,322.0,3.0
07:39:26,320.91,23.0,322.46,65.0,319.05,21.0,332.0,44.0,1.5499999999999543,44.0,109.0,1.7481561715176022,320.91,322.46,153,-65.0,-22.0,-0.42,321.0,2.0
07:39:27,318.95,19.0,322.11,47.0,317.84,49.0,332.89,27.0,3.160000000000025,68.0,74.0,1.886260851530628,318.95,322.11,142,-6.0,-11.0,-0.04,320.0,1.0
07:39:28,318.2,44.0,329.44,39.0,317.53,59.0,332.04,27.0,11.240000000000007,103.0,66.0,1.3481468762778388,318.2,329.44,169,37.0,27.0,0.22,320.0,
07:39:29,318.6,15.0,326.38,16.0,317.65,51.0,327.65,40.0,7.779999999999973,66.0,56.0,1.2123035923472665,318.6,326.38,122,10.0,-47.0,0.08,318.25,4.0
07:39:30,318.0,22.0,324.82,11.0,315.0,22.0,326.0,33.0,6.819999999999993,44.0,44.0,1.2406530538464482,318.0,324.82,88,0.0,-34.0,0.0,318.25,
07:39:31,320.0,36.0,322.03,37.0,318.0,36.0,323.19,27.0,2.0299999999999727,72.0,64.0,1.316442174962047,320.0,322.03,136,8.0,48.0,0.06,322.0,1.0
07:39:32,318.88,52.0,325.38,29.0,317.47,34.0,327.81,64.0,6.5,86.0,93.0,1.0896880287578294,318.88,325.38,179,-7.0,43.0,-0.04,319.67,3.0
07:39:33,319.83,36.0,324.66,53.0,318.92,49.0,326.35,23.0,4.830000000000041,85.0,76.0,0.6218681532437352,319.83,324.66,161,9.0,-18.0,0.06,319.67,
07:39:34,321.06,17.0,323.62,32.0,319.17,23.0,326.5,12.0,2.5600000000000023,40.0,44.0,0.5863616631557859,321.06,323.62,84,-4.0,-77.0,-0.05,322.0,3.0
07:39:35,319.41,17.0,327.62,39.0,315.92,26.0,334.0,13.0,8.20999999999998,43.0,52.0,0.8870851143029888,319.41,327.62,95,-9.0,11.0,-0.09,320.0,3.0
07:39:36,318.0,8.0,331.0,24.0,315.0,16.0,334.0,8.0,13.0,24.0,32.0,1.0308394637461729,318.0,331.0,56,-8.0,-39.0,-0.14,320.0,
07:39:37,318.0,10.0,330.55,22.0,315.0,20.0,331.55,22.0,12.550000000000011,30.0,44.0,1.0513943123374878,318.0,330.55,74,-14.0,18.0,-0.19,320.0,
07:39:38,318.0,13.0,328.47,36.0,315.0,26.0,329.52,42.0,10.470000000000027,39.0,78.0,0.8631743740491924,318.0,328.47,117,-39.0,43.0,-0.33,320.0,
07:39:39,318.0,17.0,325.32,71.0,315.0,34.0,325.69,49.0,7.319999999999993,51.0,120.0,1.120905883656369,318.0,325.32,171,-69.0,54.0,-0.4,320.0,
07:39:40,316.18,22.0,321.02,53.0,313.95,37.0,322.7,57.0,4.839999999999975,59.0,110.0,2.428246280758501,316.18,321.02,169,-51.0,-2.0,-0.3,319.33,3.0
07:39:41,313.28,43.0,318.67,63.0,311.79,67.0,319.31,55.0,5.390000000000043,110.0,118.0,3.423794678426419,313.28,318.67,228,-8.0,59.0,-0.04,317.8,5.0
07:39:42,306.86,28.0,318.0,10.0,304.6,106.0,319.0,40.0,11.139999999999986,134.0,50.0,4.348476744795372,306.86,318.0,184,84.0,-44.0,0.46,317.8,
07:39:43,306.0,16.0,310.26,31.0,304.16,184.0,315.34,64.0,4.259999999999991,200.0,95.0,5.277723941248967,306.0,310.26,295,105.0,111.0,0.36,317.8,
07:39:44,306.0,10.0,310.0,20.0,304.84,64.0,315.0,60.0,4.0,74.0,80.0,4.704341611749533,306.0,310.0,154,-6.0,-141.0,-0.04,317.8,
07:39:45,306.0,13.0,310.0,26.0,299.0,92.0,313.03,71.0,4.0,105.0,97.0,3.5973087162547595,306.0,310.0,202,8.0,48.0,0.04,317.8,
07:39:46,306.0,7.0,310.0,14.0,303.77,39.0,311.0,35.0,4.0,46.0,49.0,1.967427254067005,306.0,310.0,95,-3.0,-107.0,-0.03,317.8,
07:39:47,306.0,9.0,310.0,18.0,305.0,54.0,311.0,45.0,4.0,63.0,63.0,0.0581377678232684,306.0,310.0,126,0.0,31.0,0.0,317.8,
07:39:48,306.0,10.0,310.14,21.0,305.0,60.0,311.17,47.0,4.139999999999986,70.0,68.0,0.0313049524436347,306.0,310.14,138,2.0,12.0,0.01,310.5,4.0
07:39:49,306.86,21.0,311.0,27.0,305.25,24.0,315.0,18.0,4.139999999999986,45.0,45.0,0.4092065493697619,306.86,311.0,90,0.0,-48.0,0.0,310.5,
07:39:50,307.0,36.0,311.0,36.0,304.62,32.0,315.0,24.0,4.0,68.0,60.0,0.5171556826011822,307.0,311.0,128,8.0,38.0,0.06,310.5,
07:39:51,308.67,52.0,311.0,54.0,302.63,59.0,315.23,39.0,2.329999999999984,111.0,93.0,0.7593220660865341,308.67,311.0,204,18.0,76.0,0.09,310.5,
07:39:52,310.0,18.0,312.88,72.0,304.0,72.0,314.86,70.0,2.8799999999999955,90.0,142.0,1.2737071877179833,310.0,312.88,232,-52.0,28.0,-0.22,311.0,3.0
07:39:53,310.33,12.0,314.0,60.0,301.0,60.0,316.0,36.0,3.670000000000016,72.0,96.0,1.463909150201161,310.33,314.0,168,-24.0,-64.0,-0.14,311.0,
07:39:54,311.45,11.0,313.92,39.0,299.22,55.0,315.33,36.0,2.4700000000000277,66.0,75.0,1.5620723414877593,311.45,313.92,141,-9.0,-27.0,-0.06,313.0,2.0
07:39:55,300.0,16.0,311.06,31.0,298.5,80.0,313.94,51.0,11.060000000000002,96.0,82.0,2.892547320277168,300.0,311.06,178,14.0,37.0,0.08,313.0,
07:39:56,298.85,26.0,309.0,14.0,297.95,58.0,311.0,42.0,10.149999999999975,84.0,56.0,4.10345586061859,298.85,309.0,140,28.0,-38.0,0.2,313.0,
07:39:57,298.07,27.0,314.0,14.0,297.67,15.0,316.0,21.0,15.930000000000009,42.0,35.0,4.06046179640287,298.07,314.0,77,7.0,-63.0,0.09,311.67,6.0
07:39:58,300.06,16.0,314.0,22.0,298.04,51.0,316.0,33.0,13.939999999999998,67.0,55.0,3.3517562560617686,300.06,314.0,122,12.0,45.0,0.1,311.67,
07:39:59,301.0,9.0,314.0,42.0,300.0,9.0,316.0,27.0,13.0,18.0,69.0,1.4017596085103945,301.0,314.0,87,-51.0,-35.0,-0.59,311.67,
07:40:00,303.78,23.0,314.0,80.0,300.12,16.0,316.0,48.0,10.220000000000027,39.0,128.0,1.8510888687607316,303.78,314.0,167,-89.0,80.0,-0.53,311.67,
07:40:01,305.29,28.0,314.0,70.0,302.0,14.0,316.0,42.0,8.70999999999998,42.0,112.0,1.4450086505096278,305.29,314.0,154,-70.0,-13.0,-0.45,311.67,
07:40:02,307.95,22.0,315.78,51.0,306.38,32.0,318.69,67.0,7.829999999999984,54.0,118.0,1.922792240478768,307.95,315.78,172,-64.0,18.0,-0.37,314.4,10.0
07:40:03,309.82,22.0,317.82,90.0,308.2,35.0,321.95,79.0,8.0,57.0,169.0,2.5054600376063942,309.82,317.82,226,-112.0,54.0,-0.5,314.4,
07:40:04,304.25,57.0,316.61,69.0,301.93,15.0,318.4,58.0,12.360000000000014,72.0,127.0,1.956489202638616,304.25,316.61,199,-55.0,-27.0,-0.28,310.33,3.0
07:40:05,304.0,65.0,309.0,13.0,299.62,13.0,316.0,39.0,5.0,78.0,52.0,2.721776993076844,304.0,309.0,130,26.0,-69.0,0.2,310.33,
07:40:06,304.0,40.0,309.0,8.0,300.0,8.0,315.67,18.0,5.0,48.0,26.0,3.2641737086196385,304.0,309.0,74,22.0,-56.0,0.3,310.33,
07:40:07,304.0,60.0,309.0,12.0,300.0,12.0,311.19,32.0,5.0,72.0,44.0,3.3058584361774863,304.0,309.0,116,28.0,42.0,0.24,310.33,
07:40:08,304.91,55.0,309.0,11.0,303.92,51.0,311.0,33.0,4.089999999999975,106.0,44.0,1.7183218557792337,304.91,309.0,150,62.0,34.0,0.41,310.33,
07:40:09,305.0,70.0,309.27,15.0,304.0,70.0,311.07,40.0,4.269999999999982,140.0,55.0,0.3025392537338827,305.0,309.2699999999999,195,85.0,45.0,0.44,310.0,2.0
07:40:10,307.19,80.0,311.0,31.0,303.25,80.0,314.0,16.0,3.8100000000000014,160.0,47.0,1.0739785845391907,307.19,311.0,207,113.0,12.0,0.55,311.0,1.0
07:40:11,309.0,40.0,311.0,8.0,300.0,40.0,314.0,8.0,2.0,80.0,16.0,1.5228033359719968,309.0,311.0,96,64.0,-111.0,0.67,311.0,
07:40:12,309.0,55.0,311.0,11.0,299.0,55.0,314.0,11.0,2.0,110.0,22.0,1.50314004671758,309.0,311.0,132,88.0,36.0,0.67,311.0,
07:40:13,304.36,36.0,312.88,8.0,298.84,38.0,315.25,8.0,8.519999999999982,74.0,16.0,1.187884674556195,304.36,312.88,90,58.0,-42.0,0.64,311.0,1.0
07:40:14,303.35,68.0,318.15,48.0,296.17,89.0,319.45,77.0,14.799999999999956,157.0,125.0,0.8397440086384221,303.35,318.15,282,32.0,177.5,0.11,317.4,5.0
07:40:15,306.84,76.0,316.69,51.0,298.88,153.0,318.57,72.0,9.850000000000025,229.0,123.0,1.1520763863751025,306.84,316.69,352,106.0,70.0,0.3,317.4,
07:40:16,308.6,40.0,310.0,28.0,307.27,44.0,315.0,28.0,1.3999999999999773,84.0,56.0,1.2265316954907337,308.6,310.0,140,28.0,-178.5,0.2,317.4,
07:40:17,309.18,45.0,314.23,26.0,298.33,116.0,318.38,26.0,5.050000000000011,161.0,52.0,1.4174907407255757,309.18,314.23,213,109.0,73.0,0.51,310.0,2.0
07:40:18,311.4,50.0,315.75,32.0,309.94,31.0,319.1,29.0,4.350000000000023,81.0,61.0,1.5620275285797411,311.4,315.75,142,20.0,-71.0,0.14,314.0,2.0
07:40:19,316.33,70.0,319.14,28.0,305.78,87.0,321.37,41.0,2.8100000000000023,157.0,69.0,3.1439274800857726,316.33,319.14,226,88.0,84.0,0.39,319.33,3.0
07:40:20,319.73,62.0,322.0,66.0,310.78,68.0,327.0,90.0,2.269999999999982,130.0,156.0,4.65301837520929,319.73,322.0,286,-26.0,60.0,-0.09,319.33,
07:40:21,321.0,101.0,322.0,70.0,307.89,37.0,327.0,65.0,1.0,138.0,135.0,4.34524797911823,321.0,322.0,273,3.0,-13.0,0.01,322.0,1.0
07:40:22,321.17,69.0,325.64,55.0,309.29,41.0,423.74,27.0,4.46999999999997,110.0,82.0,3.852431699592743,321.17,325.64,192,28.0,-81.0,0.15,321.83,6.0
07:40:23,323.17,41.0,327.0,70.0,321.85,47.0,447.08,26.0,3.829999999999984,88.0,96.0,2.7767516993824053,323.17,327.0,184,-8.0,-8.0,-0.04,326.0,1.0
07:40:24,324.76,68.0,327.0,85.0,321.0,91.0,566.26,69.0,2.240000000000009,159.0,154.0,2.1825833317471357,324.76,327.0,313,5.0,129.0,0.02,326.0,
07:40:25,325.0,44.0,360.48,31.0,321.0,121.0,611.24,17.0,35.48000000000002,165.0,48.0,8.561064770226498,325.0,360.48,213,117.0,-100.0,0.55,326.0,
07:40:26,323.81,80.0,338.54,52.0,320.78,148.0,491.0,30.0,14.730000000000018,228.0,82.0,7.868173231443882,323.81,338.54,310,146.0,97.0,0.47,326.0,4.0
07:40:27,321.0,73.0,326.5,46.0,319.0,56.0,329.97,62.0,5.5,129.0,108.0,7.801844012796591,321.0,326.5,237,21.0,-73.0,0.09,321.0,4.0
07:40:28,323.5,42.0,326.82,55.0,321.62,39.0,339.45,55.0,3.319999999999993,81.0,110.0,7.791496646987014,323.5,326.82,191,-29.0,-46.0,-0.15,324.0,3.0
07:40:29,327.0,20.0,332.0,50.0,323.0,30.0,550.08,12.0,5.0,50.0,62.0,7.505869703106278,327.0,332.0,112,-12.0,-79.0,-0.11,324.0,
07:40:30,323.4,20.0,331.3,50.0,322.25,12.0,366.02,44.0,7.900000000000034,32.0,94.0,3.043036312634713,323.4,331.3,126,-62.0,14.0,-0.49,325.67,3.0
07:40:31,323.0,32.0,331.0,80.0,322.0,16.0,333.0,80.0,8.0,48.0,160.0,2.197560010560509,323.0,331.0,208,-112.0,82.0,-0.54,325.67,
07:40:32,323.0,26.0,331.0,65.0,322.0,13.0,333.0,65.0,8.0,39.0,130.0,1.5454837430441466,323.0,331.0,169,-91.0,-39.0,-0.54,325.67,
07:40:33,323.0,30.0,329.73,75.0,322.0,15.0,333.0,75.0,6.730000000000018,45.0,150.0,1.20246829480591,323.0,329.73,195,-105.0,26.0,-0.54,325.67,
07:40:34,323.0,28.0,328.62,40.0,322.0,8.0,333.5,40.0,5.6200000000000045,36.0,80.0,0.6130497532945611,323.0,328.62,116,-44.0,-79.0,-0.38,325.67,
07:40:35,323.0,56.0,326.7,53.0,322.0,14.0,332.41,64.0,3.6999999999999886,70.0,117.0,0.9059966887440816,323.0,326.7,187,-47.0,71.0,-0.25,325.67,
07:40:36,321.44,36.0,323.25,51.0,320.45,75.0,328.47,51.0,1.8100000000000025,111.0,102.0,1.8163920281746888,321.44,323.25,213,9.0,26.0,0.04,322.8,5.0
07:40:37,320.16,77.0,322.48,21.0,315.25,101.0,328.74,61.0,2.319999999999993,178.0,82.0,2.2035426022698483,320.16,322.48,260,96.0,47.0,0.37,321.43,7.0
07:40:38,320.0,60.0,321.3,10.0,313.48,71.0,330.86,14.0,1.3000000000000114,131.0,24.0,2.2408659040691723,320.0,321.3,155,107.0,-105.0,0.69,320.0,1.0
07:40:39,320.89,45.0,333.0,11.0,319.14,56.0,336.0,55.0,12.110000000000014,101.0,66.0,2.620452251047408,320.89,333.0,167,35.0,12.0,0.21,320.0,
07:40:40,321.0,24.0,333.0,6.0,320.0,30.0,336.0,30.0,12.0,54.0,36.0,3.088910811276171,321.0,333.0,90,18.0,-77.0,0.2,320.0,
07:40:41,322.33,48.0,333.0,12.0,320.0,60.0,336.0,71.0,10.670000000000016,108.0,83.0,3.426153820250537,322.33,333.0,191,25.0,101.0,0.13,320.0,
07:40:42,321.71,28.0,333.0,10.0,318.41,44.0,336.0,53.0,11.29000000000002,72.0,63.0,2.9629259187525387,321.71,333.0,135,9.0,-56.0,0.07,323.2,5.0
07:40:43,323.13,30.0,333.0,15.0,321.47,60.0,336.0,75.0,9.870000000000005,90.0,90.0,0.4729376280370204,323.13,333.0,180,0.0,45.0,0.0,323.2,
07:40:44,323.76,34.0,333.0,15.0,321.73,60.0,336.0,75.0,9.240000000000007,94.0,90.0,0.5490264110339883,323.76,333.0,184,4.0,4.0,0.02,325.0,2.0
07:40:45,322.0,48.0,330.26,34.0,320.0,48.0,333.34,41.0,8.259999999999991,96.0,75.0,0.8692352961155764,322.0,330.26,171,21.0,-13.0,0.12,325.0,
07:40:46,322.0,56.0,327.75,52.0,320.0,56.0,328.0,46.0,5.75,112.0,98.0,1.4511822766330882,322.0,327.75,210,14.0,39.0,0.07,325.0,
07:40:47,322.0,60.0,323.31,51.0,320.0,60.0,325.48,54.0,1.3100000000000025,120.0,105.0,2.3650221986305824,322.0,323.31,225,15.0,15.0,0.07,323.0,2.0
07:40:48,322.0,32.0,323.0,18.0,320.0,32.0,324.0,16.0,1.0,64.0,34.0,2.469858295533816,322.0,323.0,98,30.0,-127.0,0.31,323.0,2.0
07:40:49,320.8,30.0,323.3,20.0,318.7,46.0,334.8,30.0,2.5,76.0,50.0,1.7695846970459637,320.8,323.3,126,26.0,28.0,0.21,321.6,5.0
07:40:50,320.8,30.0,329.5,24.0,316.97,38.0,337.05,38.0,8.699999999999989,68.0,62.0,1.4509893176793414,320.8,329.5,130,6.0,4.0,0.05,323.0,2.0
07:40:51,321.58,12.0,336.0,36.0,320.32,22.0,338.0,60.0,14.420000000000016,34.0,96.0,2.821799071517738,321.58,336.0,130,-62.0,0.0,-0.48,323.0,
07:40:52,322.0,11.0,336.0,41.0,321.0,11.0,338.0,55.0,14.0,22.0,96.0,3.32035690852902,322.0,336.0,118,-74.0,-12.0,-0.63,323.0,
07:40:53,322.0,8.0,332.0,8.0,321.0,8.0,335.89,27.0,10.0,16.0,35.0,2.8860474701596703,322.0,332.0,51,-19.0,-67.0,-0.37,323.0,
07:40:54,325.05,41.0,335.0,36.0,322.5,16.0,337.0,12.0,9.949999999999989,57.0,48.0,1.9252714094414487,325.05,335.0,105,9.0,54.0,0.09,323.0,
07:40:55,327.0,11.0,335.0,33.0,325.32,31.0,337.0,11.0,8.0,42.0,44.0,1.4961016008316117,327.0,335.0,86,-2.0,-19.0,-0.02,323.0,
07:40:56,327.36,14.0,335.0,30.0,323.4,10.0,337.0,10.0,7.639999999999986,24.0,40.0,1.713534359156596,327.36,335.0,64,-16.0,-22.0,-0.25,323.0,
07:40:57,328.0,65.0,333.34,53.0,327.0,13.0,334.62,29.0,5.339999999999975,78.0,82.0,1.720342989060526,328.0,333.34000000000003,160,-4.0,96.0,-0.03,323.0,
07:40:58,328.0,13.0,332.0,65.0,327.0,13.0,334.0,39.0,4.0,26.0,104.0,0.5464247432252557,328.0,332.0,130,-78.0,-30.0,-0.6,328.0,4.0
07:40:59,328.0,14.0,329.73,56.0,327.0,14.0,331.05,56.0,1.7300000000000182,28.0,112.0,0.9389515429505028,328.0,329.73,140,-84.0,10.0,-0.6,328.0,
07:41:00,322.27,44.0,328.59,59.0,321.8,15.0,329.34,61.0,6.319999999999993,59.0,120.0,2.293392683342905,322.27,328.59,179,-61.0,39.0,-0.34,324.4,5.0
07:41:01,322.0,18.0,327.0,27.0,321.0,9.0,329.0,45.0,5.0,27.0,72.0,2.769680486989921,322.0,327.0,99,-45.0,-80.0,-0.45,324.4,
07:41:02,322.0,30.0,325.08,73.0,321.0,15.0,327.21,47.0,3.079999999999984,45.0,120.0,2.818167844542752,322.0,325.08,165,-75.0,66.0,-0.45,322.0,2.0
07:41:03,320.47,15.0,324.9,50.0,318.88,50.0,331.17,36.0,4.42999999999995,65.0,86.0,2.394040517622218,320.47,324.9,151,-21.0,-14.0,-0.14,323.5,6.0
07:41:04,319.0,35.0,326.03,32.0,318.0,39.0,330.03,32.0,7.029999999999973,74.0,64.0,1.2334423375329195,319.0,326.03,138,10.0,-13.0,0.07,319.0,1.0
07:41:05,319.0,42.0,321.08,36.0,318.0,44.0,323.65,20.0,2.079999999999984,86.0,56.0,1.661649782601657,319.0,321.08,142,30.0,4.0,0.21,319.0,
07:41:06,318.64,28.0,320.25,24.0,317.65,34.0,321.5,16.0,1.6100000000000136,62.0,40.0,1.7903854333694795,318.64,320.25,102,22.0,-40.0,0.22,319.0,3.0
07:41:07,318.0,80.0,319.89,46.0,315.0,32.0,325.61,18.0,1.8899999999999864,112.0,64.0,1.752817731546242,318.0,319.89,176,48.0,74.0,0.27,319.0,3.0
07:41:08,318.0,55.0,324.0,11.0,315.0,22.0,338.0,33.0,6.0,77.0,44.0,1.4132126520886314,318.0,324.0,121,33.0,-55.0,0.27,319.0,
07:41:09,318.74,57.0,321.79,77.0,317.68,56.0,328.0,21.0,3.050000000000012,113.0,98.0,0.7836134251172809,318.74,321.79,211,15.0,90.0,0.07,319.0,
07:41:10,319.0,36.0,321.0,60.0,317.33,27.0,324.25,12.0,2.0,63.0,72.0,0.7825407337794285,319.0,321.0,135,-9.0,-76.0,-0.07,319.0,
07:41:11,318.2,70.0,323.54,26.0,316.05,44.0,331.58,36.0,5.340000000000032,114.0,62.0,0.820627808463512,318.2,323.54,176,52.0,41.0,0.3,320.0,3.0
07:41:12,323.08,48.0,327.0,12.0,322.0,48.0,332.0,36.0,3.920000000000016,96.0,48.0,2.058173947950439,323.08,327.0,144,48.0,-32.0,0.33,320.0,
07:41:13,323.0,32.0,325.63,35.0,320.87,71.0,326.96,25.0,2.6299999999999955,103.0,60.0,2.38935765427047,323.0,325.63,163,43.0,19.0,0.26,323.6,5.0
07:41:14,323.0,70.0,324.65,23.0,322.0,36.0,330.95,38.0,1.6499999999999773,106.0,61.0,2.231759395638277,323.0,324.65,167,45.0,4.0,0.27,323.0,5.0
07:41:15,323.5,12.0,327.0,5.0,322.6,15.0,336.0,25.0,3.5,27.0,30.0,1.7655027612603946,323.5,327.0,57,-3.0,-110.0,-0.05,323.0,
07:41:16,324.0,30.0,335.1,60.0,323.0,45.0,337.24,51.0,11.100000000000025,75.0,111.0,2.282297088464893,324.0,335.1,186,-36.0,129.0,-0.19,323.0,
07:41:17,323.67,27.0,333.58,62.0,322.75,36.0,337.69,16.0,9.909999999999968,63.0,78.0,2.603251812640143,323.67,333.58,141,-15.0,-45.0,-0.11,323.0,
07:41:18,325.16,37.0,333.0,75.0,322.53,45.0,337.0,15.0,7.839999999999975,82.0,90.0,2.5598300724877525,325.16,333.0,172,-8.0,31.0,-0.05,323.0,
07:41:19,328.0,26.0,333.0,65.0,323.0,39.0,336.85,13.0,5.0,65.0,78.0,1.9978613565536731,328.0,333.0,143,-13.0,-29.0,-0.09,323.0,
07:41:20,328.0,17.0,333.0,50.0,323.0,30.0,336.0,10.0,5.0,47.0,60.0,0.8427336471322329,328.0,333.0,107,-13.0,-36.0,-0.12,328.0,1.0
07:41:21,328.0,11.0,333.0,55.0,326.08,13.0,336.0,11.0,5.0,24.0,66.0,0.9182592226645404,328.0,333.0,90,-42.0,-17.0,-0.47,328.0,
07:41:22,328.0,11.0,333.0,55.0,327.0,11.0,336.0,11.0,5.0,22.0,66.0,0.6350433056161316,328.0,333.0,88,-44.0,-2.0,-0.5,328.0,
07:41:23,327.88,8.0,333.0,40.0,325.5,10.0,336.0,8.0,5.1200000000000045,18.0,48.0,0.0268328158676391,327.88,333.0,66,-30.0,-22.0,-0.45,328.0,1.0
07:41:24,323.67,18.0,331.32,22.0,318.65,46.0,332.92,38.0,7.649999999999977,64.0,60.0,1.3396566724382883,323.67,331.32,124,4.0,58.0,0.03,322.8,5.0
07:41:25,322.38,80.0,329.54,28.0,318.0,110.0,330.09,68.0,7.160000000000025,190.0,96.0,2.126786308026746,322.38,329.54,286,94.0,162.0,0.33,322.8,
07:41:26,323.0,50.0,328.3,10.0,321.0,50.0,330.0,50.0,5.300000000000011,100.0,60.0,2.3530554604623704,323.0,328.3,160,40.0,-126.0,0.25,322.8,
07:41:27,323.22,74.0,330.69,39.0,321.47,85.0,332.88,108.0,7.46999999999997,159.0,147.0,1.9063236871038087,323.22,330.69,306,12.0,146.0,0.04,323.67,6.0
07:41:28,324.7,23.0,336.0,160.0,322.67,61.0,338.47,19.0,11.300000000000011,84.0,179.0,1.86930468356903,324.7,336.0,263,-95.0,-43.0,-0.36,323.67,
07:41:29,326.6,10.0,336.0,50.0,323.0,30.0,339.0,10.0,9.399999999999975,40.0,60.0,2.6072149892196554,326.6,336.0,100,-20.0,-163.0,-0.2,323.67,
07:41:30,327.0,9.0,336.0,45.0,324.0,18.0,339.8,25.0,9.0,27.0,70.0,2.6774521470998294,327.0,336.0,97,-43.0,-3.0,-0.44,323.67,
07:41:31,327.64,28.0,335.38,80.0,324.69,26.0,337.5,80.0,7.740000000000009,54.0,160.0,1.9446516397563651,327.64,335.38,214,-106.0,117.0,-0.5,323.67,
07:41:32,328.0,36.0,334.42,60.0,327.0,12.0,336.0,60.0,6.420000000000016,48.0,120.0,0.478361787777209,328.0,334.42,168,-72.0,-46.0,-0.43,323.67,
07:41:33,324.39,31.0,333.0,75.0,323.09,43.0,335.63,81.0,8.610000000000014,74.0,156.0,1.2099049549473155,324.39,333.0,230,-82.0,62.0,-0.36,327.75,4.0
07:41:34,321.6,48.0,330.96,51.0,321.21,34.0,331.33,75.0,9.359999999999957,82.0,126.0,2.313951166297177,321.6,330.96,208,-44.0,-22.0,-0.21,322.0,11.0
07:41:35,320.55,29.0,327.0,17.0,317.32,19.0,330.0,85.0,6.449999999999989,48.0,102.0,3.295258715186256,320.55,327.0,150,-54.0,-58.0,-0.36,322.0,
07:41:36,320.0,11.0,325.36,11.0,313.75,64.0,330.73,55.0,5.360000000000014,75.0,66.0,3.5005528134873547,320.0,325.36,141,9.0,-9.0,0.06,322.0,
07:41:37,320.0,17.0,325.97,69.0,313.0,17.0,329.48,25.0,5.970000000000027,34.0,94.0,2.5543159554012664,320.0,325.97,128,-60.0,-13.0,-0.47,325.91,11.0
07:41:38,320.0,10.0,336.0,30.0,313.0,10.0,337.0,30.0,16.0,20.0,60.0,2.303623233086901,320.0,336.0,80,-40.0,-48.0,-0.5,325.91,
07:41:39,320.65,23.0,336.0,27.0,313.78,9.0,337.0,45.0,15.350000000000025,32.0,72.0,2.778404218254954,320.65,336.0,104,-40.0,24.0,-0.38,325.91,
07:41:40,321.0,165.0,335.8,30.0,320.0,11.0,336.82,49.0,14.800000000000011,176.0,79.0,2.9681391476841137,321.0,335.8,255,97.0,151.0,0.38,325.91,
07:41:41,321.0,231.0,334.13,30.0,313.6,45.0,336.98,58.0,13.129999999999995,276.0,88.0,2.2976662072661806,321.0,334.13,364,188.0,109.0,0.52,325.91,
07:41:42,321.0,144.0,334.0,18.0,312.0,54.0,336.0,27.0,13.0,198.0,45.0,0.41707313508671,321.0,334.0,243,153.0,-121.0,0.63,325.91,
07:41:43,321.0,128.0,332.87,15.0,312.0,69.0,334.93,15.0,11.870000000000005,197.0,30.0,0.617681147527999,321.0,332.87,227,167.0,-16.0,0.74,325.91,
07:41:44,321.47,30.0,331.36,44.0,320.65,230.0,332.36,22.0,9.889999999999986,260.0,66.0,0.7439287600384181,321.47,331.36,326,194.0,99.0,0.6,325.91,
07:41:45,322.0,13.0,329.69,26.0,321.0,195.0,331.04,23.0,7.689999999999998,208.0,49.0,0.730089035675349,322.0,329.69,257,159.0,-69.0,0.62,325.91,
07:41:46,322.0,11.0,329.25,12.0,321.0,165.0,333.48,31.0,7.25,176.0,43.0,0.7716411082972298,322.0,329.25,219,133.0,-38.0,0.61,325.91,
07:41:47,322.18,11.0,327.18,11.0,321.01,136.0,328.05,19.0,5.0,147.0,30.0,0.851557396782721,322.18,327.18,177,117.0,-42.0,0.66,323.0,2.0
07:41:48,323.3,23.0,326.35,34.0,321.02,200.0,332.46,46.0,3.050000000000012,223.0,80.0,0.7250172411855165,323.3,326.35,303,143.0,126.0,0.47,325.17,6.0
07:41:49,328.0,15.0,336.0,30.0,322.0,10.0,337.0,30.0,8.0,25.0,60.0,3.061948725895626,328.0,336.0,85,-35.0,-178.5,-0.41,328.0,1.0
07:41:50,328.0,3.0,336.0,9.0,322.0,3.0,337.0,9.0,8.0,6.0,18.0,3.8270197281972953,328.0,336.0,24,-12.0,-61.0,-0.5,328.0,
07:41:51,328.0,5.0,336.57,21.0,322.0,5.0,337.47,17.0,8.569999999999993,10.0,38.0,4.023288455978345,328.0,336.57,48,-28.0,24.0,-0.58,328.0,
07:41:52,321.09,79.0,337.15,26.0,316.86,7.0,352.0,28.0,16.060000000000002,86.0,54.0,3.191233303913524,321.09,337.15,140,32.0,92.0,0.23,322.6,5.0
07:41:53,322.31,96.0,337.0,75.0,320.97,169.0,338.0,60.0,14.689999999999998,265.0,135.0,1.4994265570560117,322.31,337.0,400,130.0,177.5,0.33,322.6,
07:41:54,323.77,78.0,337.0,65.0,321.0,156.0,338.0,52.0,13.230000000000018,234.0,117.0,1.405169028980321,323.77,337.0,351,117.0,-49.0,0.33,322.6,
07:41:55,325.7,60.0,337.0,50.0,321.12,102.0,338.0,40.0,11.300000000000011,162.0,90.0,1.277986697898598,325.7,337.0,252,72.0,-99.0,0.29,322.6,
07:41:56,326.0,42.0,336.5,20.0,323.65,43.0,337.24,33.0,10.5,85.0,53.0,0.974664044687275,326.0,336.5,138,32.0,-114.0,0.23,322.6,
07:41:57,327.0,90.0,335.53,30.0,324.0,210.0,337.0,75.0,8.529999999999973,300.0,105.0,0.7416670412019902,327.0,335.53,405,195.0,177.5,0.48,322.6,
07:41:58,327.0,84.0,335.0,38.0,324.0,196.0,338.98,53.0,8.0,280.0,91.0,0.3967996975865914,327.0,335.0,371,189.0,-34.0,0.51,322.6,
07:41:59,327.0,42.0,335.0,28.0,324.0,98.0,340.0,49.0,8.0,140.0,77.0,0.163187009300916,327.0,335.0,217,63.0,-154.0,0.29,322.6,
07:42:00,328.57,56.0,334.82,44.0,326.11,94.0,339.44,71.0,6.25,150.0,115.0,0.2822587465508298,328.57,334.82,265,35.0,48.0,0.13,322.6,
07:42:01,329.0,52.0,333.23,26.0,327.0,78.0,335.92,26.0,4.230000000000018,130.0,52.0,0.2872803508847994,329.0,333.23,182,78.0,-83.0,0.43,322.6,
07:42:02,327.83,77.0,330.88,34.0,324.83,174.0,339.47,34.0,3.050000000000012,251.0,68.0,0.8721123780827796,327.83,330.88,319,183.0,137.0,0.57,328.6,5.0
07:42:03,327.0,27.0,328.78,18.0,324.0,126.0,340.0,18.0,1.7799999999999727,153.0,36.0,1.561047725089263,327.0,328.78,189,117.0,-130.0,0.62,327.0,3.0
07:42:04,324.45,80.0,336.4,20.0,323.91,92.0,340.7,20.0,11.949999999999989,172.0,40.0,1.5085191414120582,324.45,336.4,212,132.0,23.0,0.62,327.0,2.0
07:42:05,325.0,30.0,339.6,10.0,324.0,75.0,341.0,10.0,14.600000000000025,105.0,20.0,1.6841080725435629,325.0,339.6,125,85.0,-87.0,0.68,327.0,
07:42:06,325.88,96.0,339.0,32.0,324.0,240.0,341.0,32.0,13.120000000000005,336.0,64.0,1.9442273529620773,325.88,339.0,400,272.0,177.5,0.68,327.0,
07:42:07,326.73,90.0,339.0,30.0,324.0,225.0,341.0,30.0,12.269999999999982,315.0,60.0,2.0675903849662016,326.73,339.0,375,255.0,-25.0,0.68,327.0,
07:42:08,329.23,78.0,339.0,26.0,324.0,195.0,341.0,26.0,9.769999999999982,273.0,52.0,1.3329291053924874,329.23,339.0,325,221.0,-50.0,0.68,327.0,
07:42:09,330.0,60.0,339.0,20.0,324.0,150.0,341.0,20.0,9.0,210.0,40.0,1.0027861187715643,330.0,339.0,250,170.0,-75.0,0.68,327.0,
07:42:13,329.21,86.0,335.0,48.0,323.97,154.0,341.0,24.0,5.7900000000000205,240.0,72.0,1.1189861482608112,329.21,335.0,312,168.0,-178.5,0.54,332.0,6.0
07:42:14,324.0,25.0,335.0,44.0,323.0,22.0,341.78,36.0,11.0,47.0,80.0,2.261001990269194,324.0,335.0,127,-33.0,-178.5,-0.26,332.0,
07:42:15,324.16,38.0,334.46,52.0,323.64,56.0,344.0,52.0,10.299999999999956,94.0,104.0,2.493706077308045,324.16,334.46,198,-10.0,71.0,-0.05,332.0,
07:42:16,326.56,18.0,332.98,43.0,324.0,144.0,339.0,48.0,6.420000000000016,162.0,91.0,2.0987305687020936,326.56,332.98,253,71.0,55.0,0.28,327.0,1.0
07:42:17,324.84,50.0,329.36,53.0,323.9,177.0,334.61,69.0,4.520000000000039,227.0,122.0,1.775761808353453,324.84,329.36,349,105.0,96.0,0.3,327.0,1.0
07:42:18,324.0,180.0,328.77,39.0,322.0,45.0,342.23,71.0,4.769999999999982,225.0,110.0,1.5560109254142238,324.0,328.77,335,115.0,-14.0,0.34,328.0,2.0
07:42:19,324.0,144.0,337.0,43.0,322.0,36.0,341.39,59.0,13.0,180.0,102.0,1.779092465277759,324.0,337.0,282,78.0,-53.0,0.28,327.33,3.0
07:42:20,324.0,192.0,335.82,38.0,322.0,48.0,338.97,72.0,11.819999999999991,240.0,110.0,1.8564940075335328,324.0,335.82,350,130.0,68.0,0.37,327.33,
07:42:21,324.0,117.0,325.0,11.0,321.52,63.0,336.0,44.0,1.0,180.0,55.0,2.503201949505808,324.0,325.0,235,125.0,-115.0,0.53,324.0,3.0
07:42:22,324.0,123.0,332.45,29.0,321.63,95.0,337.18,68.0,8.449999999999989,218.0,97.0,2.4886180904287647,324.0,332.45,315,121.0,80.0,0.38,324.0,3.0
07:42:23,324.0,72.0,334.17,24.0,322.0,12.0,336.0,96.0,10.170000000000016,84.0,120.0,2.365696514772851,324.0,334.17,204,-36.0,-111.0,-0.18,324.0,
07:42:24,324.0,96.0,332.5,32.0,322.0,16.0,333.87,60.0,8.5,112.0,92.0,2.072141404443512,324.0,332.5,204,20.0,0.0,0.1,324.0,
07:42:25,324.0,72.0,331.08,24.0,322.75,12.0,332.21,28.0,7.079999999999984,84.0,52.0,1.7732230542179,324.0,331.08,136,32.0,-68.0,0.24,324.0,
07:42:26,324.0,60.0,329.5,20.0,323.0,10.0,332.0,20.0,5.5,70.0,40.0,0.8726797809099914,324.0,329.5,110,30.0,-26.0,0.27,324.0,
07:42:27,325.92,79.0,330.5,76.0,324.16,64.0,332.59,115.0,4.579999999999984,143.0,191.0,0.8719690361527225,325.92,330.5,334,-48.0,177.5,-0.14,327.0,2.0
07:42:28,329.05,57.0,331.73,82.0,326.81,37.0,334.4,50.0,2.680000000000007,94.0,132.0,1.3539645490221244,329.05,331.73,226,-38.0,-108.0,-0.17,331.0,1.0
07:42:29,329.0,94.0,330.96,47.0,324.0,96.0,332.03,35.0,1.9599999999999795,190.0,82.0,1.565512695575529,329.0,330.96,272,108.0,46.0,0.4,329.0,2.0
07:42:30,329.0,44.0,331.0,33.0,323.56,32.0,333.36,44.0,2.0,76.0,77.0,1.5457457747014571,329.0,331.0,153,-1.0,-119.0,-0.01,329.0,
07:42:31,329.0,37.0,331.0,42.0,323.0,42.0,335.0,56.0,2.0,79.0,98.0,0.8592613106653948,329.0,331.0,177,-19.0,24.0,-0.11,329.0,2.0
07:42:32,323.32,38.0,329.3,44.0,322.2,15.0,330.96,52.0,5.980000000000018,53.0,96.0,1.7003029141911707,323.32,329.3,149,-43.0,-28.0,-0.29,329.0,2.0
07:42:33,322.56,50.0,326.35,52.0,320.33,18.0,327.78,46.0,3.790000000000021,68.0,98.0,2.6110093833628625,322.56,326.35,166,-30.0,17.0,-0.18,322.4,5.0
07:42:34,321.0,124.0,322.61,54.0,316.0,56.0,326.76,34.0,1.6100000000000136,180.0,88.0,3.561380350371397,321.0,322.61000000000007,268,92.0,102.0,0.34,321.0,2.0
07:42:35,321.0,65.0,331.61,57.0,316.0,75.0,334.71,49.0,10.610000000000014,140.0,106.0,2.9958270978166706,321.0,331.61,246,34.0,-22.0,0.14,321.0,5.0
07:42:36,321.13,45.0,333.0,48.0,316.34,59.0,336.0,36.0,11.870000000000005,104.0,84.0,2.1222158231465458,321.13,333.0,188,20.0,-58.0,0.11,321.0,
07:42:37,324.6,20.0,333.0,56.0,320.8,50.0,336.0,42.0,8.399999999999977,70.0,98.0,2.67174474828953,324.6,333.0,168,-28.0,-20.0,-0.17,327.0,1.0
07:42:38,321.31,58.0,333.0,44.0,316.19,108.0,336.81,37.0,11.689999999999998,166.0,81.0,2.63240384439996,321.31,333.0,247,85.0,79.0,0.34,327.0,
07:42:39,321.0,60.0,328.8,50.0,315.04,277.0,335.24,67.0,7.800000000000011,337.0,117.0,1.417839906340116,321.0,328.8,454,220.0,177.5,0.48,327.0,
07:42:40,321.0,40.0,330.35,46.0,315.0,183.0,333.52,62.0,9.350000000000025,223.0,108.0,1.50477573080203,321.0,330.35,331,115.0,-123.0,0.35,327.0,
07:42:41,321.0,44.0,331.0,55.0,315.0,198.0,334.0,71.0,10.0,242.0,126.0,1.5185782824771317,321.0,331.0,368,116.0,37.0,0.32,327.0,
07:42:42,315.71,102.0,331.0,40.0,314.92,59.0,333.88,34.0,15.29000000000002,161.0,74.0,1.412596899335856,315.71,331.0,235,87.0,-133.0,0.37,321.0,4.0
07:42:43,315.0,198.0,331.0,55.0,314.0,11.0,333.0,22.0,16.0,209.0,77.0,1.3524163560142626,315.0,331.0,286,132.0,51.0,0.46,321.0,
07:42:44,315.01,109.0,333.0,14.0,314.75,24.0,334.0,35.0,17.99000000000001,133.0,49.0,1.359716882301335,315.01,333.0,182,84.0,-104.0,0.46,321.0,
07:42:45,316.0,157.0,331.71,17.0,315.0,98.0,333.41,37.0,15.70999999999998,255.0,54.0,1.1658687747838412,316.0,331.71,309,201.0,127.0,0.65,321.0,
07:42:46,318.29,14.0,330.31,26.0,316.55,20.0,332.36,28.0,12.019999999999982,34.0,54.0,0.5208166664159981,318.29,330.31,88,-20.0,-178.5,-0.23,321.0,
07:42:47,319.05,19.0,328.17,54.0,318.05,19.0,329.9,42.0,9.120000000000005,38.0,96.0,0.4891523280293862,319.05,328.17,134,-58.0,46.0,-0.43,321.0,
07:42:48,320.0,24.0,326.54,39.0,318.38,13.0,329.44,36.0,6.5400000000000205,37.0,75.0,0.3902947604265946,320.0,326.54,112,-38.0,-22.0,-0.34,321.0,
07:42:49,320.47,19.0,324.21,42.0,319.64,14.0,328.99,92.0,3.739999999999952,33.0,134.0,0.7364984725151671,320.47,324.21,167,-101.0,55.0,-0.6,321.0,
07:42:50,317.17,23.0,321.52,31.0,316.12,17.0,329.0,38.0,4.349999999999966,40.0,69.0,1.935569683586452,317.17,321.52,109,-29.0,-58.0,-0.27,317.33,6.0
07:42:51,314.29,42.0,319.93,30.0,312.94,33.0,328.33,30.0,5.639999999999986,75.0,60.0,2.807254886899626,314.29,319.93,135,15.0,26.0,0.11,317.33,
07:42:52,316.16,19.0,318.47,38.0,314.09,67.0,328.89,38.0,2.3100000000000023,86.0,76.0,2.8306836630087,316.16,318.47,162,10.0,27.0,0.06,317.33,
07:42:53,316.31,13.0,322.37,27.0,310.6,40.0,333.25,57.0,6.060000000000002,53.0,84.0,2.106292952090457,316.31,322.37,137,-31.0,-25.0,-0.23,317.67,3.0
07:42:54,315.09,11.0,317.17,12.0,310.26,35.0,319.05,43.0,2.080000000000041,46.0,55.0,1.4367498042555815,315.09,317.17,101,-9.0,-36.0,-0.09,317.67,3.0
07:42:55,320.61,89.0,330.43,21.0,311.59,27.0,333.55,20.0,9.819999999999991,116.0,41.0,3.782265194301656,320.61,330.43,157,75.0,56.0,0.48,318.0,2.0
07:42:56,321.17,69.0,332.47,15.0,320.29,34.0,335.33,12.0,11.300000000000011,103.0,27.0,4.85577800151753,321.17,332.47,130,76.0,-27.0,0.58,321.0,5.0
07:42:57,322.0,10.0,329.0,40.0,321.0,56.0,335.0,8.0,7.0,66.0,48.0,4.669423947342764,322.0,329.0,114,18.0,-16.0,0.16,322.0,2.0
07:42:58,325.64,33.0,329.0,75.0,321.02,93.0,331.18,22.0,3.3600000000000136,126.0,97.0,4.613547442046599,325.64,329.0,223,29.0,109.0,0.13,322.0,
07:42:59,328.0,76.0,329.0,50.0,322.0,10.0,330.0,20.0,1.0,86.0,70.0,1.2714243980707405,328.0,329.0,156,16.0,-67.0,0.1,328.0,3.0
07:43:00,328.0,35.0,329.0,45.0,322.0,9.0,330.0,18.0,1.0,44.0,63.0,1.2596507452497665,328.0,329.0,107,-19.0,-49.0,-0.18,328.0,4.0
07:43:01,328.0,39.0,329.0,65.0,322.0,13.0,330.0,26.0,1.0,52.0,91.0,1.3131945781214531,328.0,329.0,143,-39.0,36.0,-0.27,328.0,
