Time,Bid1_Price,Bid1_Volume,Ask1_Price,Ask1_Volume,Bid2_Price,Bid2_Volume,Ask2_Price,Ask2_Volume,Bid_Ask_Spread,Market_Depth_Bid,Market_Depth_Ask,Historical_Volatility,Weighted_Avg_Bid_Price,Weighted_Avg_Ask_Price,Total_volume,Cumulative_Volume_Difference,Total_Volume_Change_Corrected,Order_imbalance,Weighted_Avg_Price,Trade_Volume
07:30:05,331.23,13.0,343.0,8.0,327.0,6.0,344.0,16.0,11.769999999999982,19.0,24.0,127.63245167276229,331.23,343.0,43,-5.0,7.0,-0.12,,
07:30:06,326.0,16.0,342.5,12.0,330.0,1.0,343.75,16.0,16.5,17.0,28.0,75.80100408305952,326.0,342.5,45,-11.0,2.0,-0.24,331.6,5.0
07:30:07,324.0,18.0,336.65,17.0,210.0,42.0,339.12,16.0,12.649999999999975,60.0,33.0,81.68132332424598,324.0,336.65,93,27.0,48.0,0.29,331.6,
07:30:08,276.31,29.0,326.03,29.0,243.41,37.0,327.97,31.0,49.71999999999997,66.0,60.0,59.05325520240195,276.31,326.03,126,6.0,33.0,0.05,324.25,4.0
07:30:11,254.73,26.0,319.0,16.0,253.2,46.0,320.0,40.0,64.27000000000001,72.0,56.0,21.753860117230083,254.73,319.0,128,16.0,8.0,0.12,324.25,
07:30:12,260.56,18.0,317.38,37.0,258.0,63.0,319.08,26.0,56.81999999999999,81.0,63.0,9.34402910954448,260.56,317.38,144,18.0,16.0,0.12,324.25,
07:30:13,262.7,47.0,315.5,12.0,260.16,25.0,317.0,40.0,52.80000000000001,72.0,52.0,5.476353713924508,262.7,315.5,124,20.0,-20.0,0.16,316.0,1.0
07:30:14,267.12,57.0,313.29,35.0,265.49,57.0,316.54,26.0,46.170000000000016,114.0,61.0,4.122083211194843,267.12,313.29,175,53.0,51.0,0.3,316.0,
07:30:15,275.72,43.0,313.0,45.0,273.42,65.0,315.0,12.0,37.27999999999997,108.0,57.0,2.7689077268869142,275.72,313.0,165,51.0,-10.0,0.31,313.0,3.0
07:30:16,287.33,18.0,313.0,14.0,283.87,30.0,315.0,7.0,25.670000000000016,48.0,21.0,4.784908567570899,287.33,313.0,69,27.0,-96.0,0.39,313.0,
07:30:17,301.98,54.0,313.0,24.0,299.48,25.0,315.0,12.0,11.019999999999982,79.0,36.0,7.632170726602777,301.98,313.0,115,43.0,46.0,0.37,313.0,
07:30:18,304.0,22.0,313.0,16.0,302.94,34.0,315.0,18.0,9.0,56.0,34.0,8.001951636945277,304.0,313.0,90,22.0,-25.0,0.24,313.0,
07:30:19,306.33,60.0,314.33,36.0,304.0,24.0,316.0,72.0,8.0,84.0,108.0,6.707328082031606,306.33,314.33,192,-24.0,102.0,-0.12,314.0,4.0
07:30:20,307.12,40.0,315.0,32.0,303.95,19.0,317.0,48.0,7.8799999999999955,59.0,80.0,4.341975356909423,307.12,315.0,139,-21.0,-53.0,-0.15,314.0,
07:30:21,310.33,75.0,315.0,60.0,307.0,75.0,317.0,90.0,4.670000000000016,150.0,150.0,2.0561493136462152,310.33,315.0,300,0.0,161.0,0.0,314.0,
07:30:22,313.81,53.0,315.0,34.0,311.44,45.0,317.0,54.0,1.1899999999999975,98.0,88.0,2.2551784851774523,313.81,315.0,186,10.0,-114.0,0.05,315.0,2.0
07:30:23,312.75,56.0,315.0,22.0,308.0,55.0,317.0,66.0,2.25,111.0,88.0,1.7577969165995162,312.75,315.0,199,23.0,13.0,0.12,315.0,
07:30:24,314.0,50.0,316.64,44.0,308.88,32.0,317.86,42.0,2.6399999999999864,82.0,86.0,1.6524436450318891,314.0,316.64,168,-4.0,-31.0,-0.02,315.0,2.0
07:30:25,314.97,31.0,317.0,54.0,312.77,39.0,319.0,27.0,2.0299999999999727,70.0,81.0,1.2838107337165616,314.97,317.0,151,-11.0,-17.0,-0.07,315.0,
07:30:26,311.06,51.0,317.6,30.0,302.1,115.0,319.08,36.0,6.5400000000000205,166.0,66.0,0.8486636554052123,311.06,317.6,232,100.0,81.0,0.43,317.0,6.0
07:30:27,303.91,23.0,319.0,30.0,301.29,34.0,320.0,10.0,15.089999999999977,57.0,40.0,1.7356209263563185,303.91,319.0,97,17.0,-135.0,0.18,317.0,
07:30:28,309.45,62.0,319.49,53.0,307.94,34.0,327.95,22.0,10.04000000000002,96.0,75.0,1.7289794677803232,309.45,319.49,171,21.0,74.0,0.12,319.25,4.0
07:30:29,321.47,15.0,340.21,28.0,312.35,23.0,355.49,49.0,18.739999999999952,38.0,77.0,7.68020377333862,321.47,340.21,115,-39.0,-56.0,-0.34,319.25,
07:30:30,316.62,29.0,348.43,63.0,314.98,47.0,356.71,63.0,31.81,76.0,126.0,10.090794319576815,316.62,348.43,202,-50.0,87.0,-0.25,320.5,4.0
07:30:31,314.36,44.0,320.1,29.0,309.28,29.0,340.89,35.0,5.740000000000009,73.0,64.0,9.70746259328376,314.36,320.1,137,9.0,-65.0,0.07,317.0,3.0
07:30:32,294.89,36.0,318.4,20.0,224.96,50.0,328.33,33.0,23.50999999999999,86.0,53.0,11.072730015673809,294.89,318.4,139,33.0,2.0,0.24,318.33,6.0
07:30:33,284.0,14.0,319.0,7.0,226.77,26.0,330.0,14.0,35.0,40.0,21.0,13.939744617459976,284.0,319.0,61,19.0,-78.0,0.31,318.33,
07:30:34,284.0,24.0,319.0,12.0,170.87,45.0,324.23,39.0,35.0,69.0,51.0,13.205855519427969,284.0,319.0,120,18.0,59.0,0.15,320.67,6.0
07:30:35,284.0,20.0,330.0,20.0,169.45,22.0,349.13,47.0,46.0,42.0,67.0,6.423144089930388,284.0,330.0,109,-25.0,-11.0,-0.23,320.67,
07:30:36,284.19,27.0,314.47,45.0,269.12,25.0,325.12,32.0,30.28000000000003,52.0,77.0,3.428932778578289,284.19,314.47,129,-25.0,20.0,-0.19,320.67,
07:30:37,300.12,16.0,314.59,39.0,271.38,21.0,324.06,32.0,14.46999999999997,37.0,71.0,3.619643628868543,300.12,314.59,108,-34.0,-21.0,-0.31,313.0,3.0
07:30:38,285.3,10.0,322.3,10.0,229.0,20.0,324.9,20.0,37.0,30.0,30.0,3.470752079882468,285.3,322.3,60,0.0,-48.0,0.0,313.0,
07:30:39,321.5,18.0,323.88,25.0,289.06,16.0,329.04,23.0,2.3799999999999955,34.0,48.0,8.803523726327235,321.5,323.88,82,-14.0,22.0,-0.17,322.4,5.0
07:30:40,319.55,22.0,335.0,12.0,287.94,16.0,366.17,24.0,15.449999999999989,38.0,36.0,12.213793432017956,319.55,335.0,74,2.0,-8.0,0.03,326.33,6.0
07:30:41,293.13,15.0,327.31,13.0,191.15,13.0,462.62,21.0,34.18000000000001,28.0,34.0,10.169413454079043,293.13,327.31,62,-6.0,-12.0,-0.1,326.33,
07:30:42,316.73,33.0,366.07,15.0,218.75,40.0,428.54,26.0,49.339999999999975,73.0,41.0,14.750834891625672,316.73,366.07,114,32.0,52.0,0.28,322.0,2.0
07:30:44,314.22,23.0,329.88,32.0,261.17,41.0,366.74,23.0,15.659999999999968,64.0,55.0,36.529833424202685,314.22,329.88,119,9.0,-28.0,0.08,322.0,
07:30:45,317.07,14.0,325.0,42.0,310.0,42.0,339.28,29.0,7.930000000000007,56.0,71.0,37.206096946602656,317.07,325.0,127,-15.0,8.0,-0.12,322.0,
07:30:46,319.0,11.0,322.0,33.0,310.0,33.0,338.92,26.0,3.0,44.0,59.0,35.422090988534194,319.0,322.0,103,-15.0,-24.0,-0.15,322.0,
07:30:47,319.73,11.0,322.0,30.0,315.14,14.0,338.0,20.0,2.269999999999982,25.0,50.0,36.62124752107711,319.73,322.0,75,-25.0,-28.0,-0.33,322.0,
07:30:48,317.09,11.0,322.0,23.0,297.69,16.0,375.36,22.0,4.910000000000025,27.0,45.0,0.905013812049626,317.09,322.0,72,-18.0,-3.0,-0.25,322.0,1.0
07:30:49,308.35,34.0,322.0,20.0,253.46,26.0,371.17,24.0,13.649999999999975,60.0,44.0,2.442269436405631,308.35,322.0,104,16.0,32.0,0.15,322.0,1.0
07:30:52,312.0,16.0,329.0,16.0,309.0,24.0,400.18,22.0,17.0,40.0,38.0,25.62266282024554,312.0,329.0,78,2.0,-1.0,0.03,322.0,
07:30:53,319.7,23.0,328.71,24.0,313.88,26.0,386.86,28.0,9.009999999999993,49.0,52.0,24.937022677135957,319.7,328.71,101,-3.0,23.0,-0.03,325.25,4.0
07:30:54,310.5,32.0,318.56,16.0,254.57,28.0,328.47,19.0,8.060000000000002,60.0,35.0,25.082112151890108,310.5,318.56,95,25.0,-6.0,0.26,312.0,3.0
07:30:55,314.5,30.0,319.5,6.0,252.31,13.0,325.44,9.0,5.0,43.0,15.0,24.526459793455672,314.5,319.5,58,28.0,-37.0,0.48,313.0,2.0
07:30:56,319.0,135.0,325.17,29.0,310.0,27.0,327.85,13.0,6.170000000000016,162.0,42.0,3.892766368535734,319.0,325.17,204,120.0,146.0,0.59,313.0,
07:30:57,319.0,195.0,323.81,26.0,310.0,39.0,324.3,27.0,4.810000000000002,234.0,53.0,3.961291456078783,319.0,323.81,287,181.0,83.0,0.63,325.0,2.0
07:30:58,319.0,167.0,320.36,28.0,313.2,45.0,323.62,21.0,1.3600000000000136,212.0,49.0,3.151721751678485,319.0,320.36,261,163.0,-26.0,0.62,319.0,5.0
07:30:59,319.0,100.0,322.67,27.0,314.89,57.0,368.3,20.0,3.670000000000016,157.0,47.0,1.994956139869368,319.0,322.67,204,110.0,-57.0,0.54,320.0,3.0
07:31:00,320.6,68.0,332.0,34.0,319.1,92.0,398.13,30.0,11.399999999999975,160.0,64.0,2.5293971613808437,320.6,332.0,224,96.0,20.0,0.43,320.0,
07:31:01,323.92,26.0,332.0,16.0,322.43,14.0,337.0,16.0,8.079999999999984,40.0,32.0,3.6574964114815978,323.92,332.0,72,8.0,-152.0,0.11,320.0,
07:31:02,323.0,8.0,331.07,30.0,319.0,80.0,332.88,16.0,8.069999999999993,88.0,46.0,3.8149639578900434,323.0,331.07,134,42.0,62.0,0.31,320.0,
07:31:03,323.99,92.0,330.28,50.0,322.37,63.0,332.06,32.0,6.289999999999964,155.0,82.0,2.8673070990040745,323.99,330.28,237,73.0,103.0,0.31,320.0,
07:31:04,324.08,100.0,327.0,60.0,323.39,38.0,329.0,15.0,2.920000000000016,138.0,75.0,0.914423315537462,324.08,327.0,213,63.0,-24.0,0.3,325.0,4.0
07:31:05,324.25,65.0,326.78,45.0,322.23,13.0,350.08,26.0,2.5299999999999727,78.0,71.0,1.0748627819394565,324.25,326.78,149,7.0,-64.0,0.05,324.86,7.0
07:31:06,323.0,9.0,335.0,18.0,318.0,9.0,379.2,30.0,12.0,18.0,48.0,1.4356775403963589,323.0,335.0,66,-30.0,-83.0,-0.45,324.86,
07:31:07,323.0,10.0,335.0,20.0,319.2,10.0,500.53,17.0,12.0,20.0,37.0,1.7385424930091056,323.0,335.0,57,-17.0,-9.0,-0.3,324.86,
07:31:08,323.0,12.0,335.0,24.0,318.0,12.0,560.5,48.0,12.0,24.0,72.0,1.9033654404759224,323.0,335.0,96,-48.0,39.0,-0.5,324.86,
07:31:09,320.5,8.0,335.0,16.0,317.0,8.0,338.0,32.0,14.5,16.0,48.0,1.5206150071592313,320.5,335.0,64,-32.0,-32.0,-0.5,323.0,1.0
07:31:10,316.85,41.0,322.62,42.0,313.82,11.0,335.5,24.0,5.769999999999982,52.0,66.0,4.037885585303102,316.85,322.62,118,-14.0,54.0,-0.12,323.0,
07:31:11,318.08,84.0,325.68,38.0,314.25,12.0,336.94,34.0,7.600000000000023,96.0,72.0,4.354340363361528,318.08,325.68,168,24.0,50.0,0.14,323.0,
07:31:12,319.03,65.0,336.0,22.0,317.04,23.0,338.0,44.0,16.970000000000027,88.0,66.0,4.097452867331061,319.03,336.0,154,22.0,-14.0,0.14,323.0,
07:31:13,323.38,69.0,336.0,20.0,321.19,47.0,338.0,40.0,12.620000000000005,116.0,60.0,4.266489189017054,323.38,336.0,176,56.0,22.0,0.32,323.0,1.0
07:31:14,331.0,72.0,335.42,24.0,321.18,118.0,337.18,34.0,4.420000000000016,190.0,58.0,5.55068194008616,331.0,335.42,248,132.0,72.0,0.53,323.0,
07:31:15,331.0,60.0,335.0,20.0,327.0,10.0,336.0,20.0,4.0,70.0,40.0,4.665484969432136,331.0,335.0,110,30.0,-138.0,0.27,323.0,
07:31:16,331.0,60.0,335.0,20.0,328.9,42.0,336.8,20.0,4.0,102.0,40.0,2.5645330959057344,331.0,335.0,142,62.0,32.0,0.44,323.0,
07:31:17,331.0,54.0,335.0,18.0,329.0,45.0,338.0,18.0,4.0,99.0,36.0,1.506502572183412,331.0,335.0,135,63.0,-7.0,0.47,323.0,
07:31:18,331.0,48.0,334.25,16.0,329.0,40.0,338.0,16.0,3.25,88.0,32.0,0.2137288001063463,331.0,334.25,120,56.0,-15.0,0.47,323.0,
07:31:19,331.0,66.0,332.0,55.0,329.0,55.0,333.0,22.0,1.0,121.0,77.0,0.6495229018249585,331.0,332.0,198,44.0,78.0,0.22,331.0,2.0
07:31:20,330.24,42.0,332.0,60.0,327.81,52.0,342.0,48.0,1.759999999999991,94.0,108.0,0.8805225721100829,330.24,332.0,202,-14.0,4.0,-0.07,329.89,9.0
07:31:21,329.0,46.0,331.27,75.0,327.0,15.0,342.0,60.0,2.269999999999982,61.0,135.0,1.159128983330047,329.0,331.27,196,-74.0,-6.0,-0.38,329.0,2.0
07:31:22,329.0,18.0,330.22,45.0,327.0,9.0,342.0,36.0,1.2200000000000273,27.0,81.0,1.1808598562048649,329.0,330.22,108,-54.0,-88.0,-0.5,329.0,
07:31:23,327.0,13.0,341.49,47.0,325.0,91.0,342.37,41.0,14.490000000000007,104.0,88.0,1.7985410754264033,327.0,341.49,192,16.0,84.0,0.08,329.0,2.0
07:31:24,325.09,23.0,339.78,27.0,324.47,15.0,341.0,27.0,14.689999999999998,38.0,54.0,1.8685368607538493,325.09,339.78,92,-16.0,-100.0,-0.17,325.33,6.0
07:31:25,324.22,18.0,335.19,48.0,322.25,16.0,336.44,48.0,10.96999999999997,34.0,96.0,2.0417565966578977,324.22,335.19,130,-62.0,38.0,-0.48,325.33,
07:31:26,322.77,31.0,331.72,65.0,318.68,59.0,332.49,67.0,8.950000000000045,90.0,132.0,2.720317996116716,322.77,331.72,222,-42.0,92.0,-0.19,323.14,7.0
07:31:27,322.93,15.0,330.96,46.0,317.03,196.0,332.09,66.0,8.029999999999973,211.0,112.0,3.195147883900976,322.93,330.96,323,99.0,101.0,0.31,329.0,2.0
07:31:28,319.2,25.0,330.72,25.0,316.98,87.0,331.59,51.0,11.52000000000004,112.0,76.0,2.8772782277698363,319.2,330.72,188,36.0,-135.0,0.19,330.0,1.0
07:31:29,322.79,97.0,331.17,58.0,317.98,64.0,332.35,86.0,8.379999999999995,161.0,144.0,1.6867364939430065,322.79,331.17,305,17.0,117.0,0.06,327.5,4.0
07:31:30,325.0,68.0,330.91,55.0,316.35,85.0,334.08,59.0,5.910000000000025,153.0,114.0,1.1137010370828402,325.0,330.91,267,39.0,-38.0,0.15,325.0,1.0
07:31:31,323.6,45.0,326.61,51.0,315.9,78.0,329.74,27.0,3.009999999999991,123.0,78.0,1.3031807242281122,323.6,326.61,201,45.0,-66.0,0.22,325.0,4.0
07:31:32,316.0,63.0,324.26,19.0,315.0,72.0,328.45,31.0,8.259999999999991,135.0,50.0,3.014486689305634,316.0,324.26,185,85.0,-16.0,0.46,326.0,4.0
07:31:33,316.0,105.0,320.48,60.0,315.0,120.0,321.41,44.0,4.480000000000018,225.0,104.0,4.2818045261317055,316.0,320.4800000000001,329,121.0,144.0,0.37,326.0,
07:31:34,316.0,98.0,318.77,26.0,315.0,112.0,320.07,86.0,2.769999999999982,210.0,112.0,4.574478112310032,316.0,318.77000000000004,322,98.0,-7.0,0.3,326.0,
07:31:35,316.0,56.0,319.25,20.0,315.0,64.0,321.07,42.0,3.25,120.0,62.0,3.2087817002727608,316.0,319.25,182,58.0,-140.0,0.32,317.0,1.0
07:31:36,316.0,84.0,318.82,22.0,315.0,96.0,319.93,54.0,2.819999999999993,180.0,76.0,1.1564730865898325,316.0,318.82,256,104.0,74.0,0.41,317.0,
07:31:37,316.0,35.0,319.0,10.0,315.0,40.0,320.0,25.0,3.0,75.0,35.0,0.3535533906032694,316.0,319.0,110,40.0,-146.0,0.36,317.0,
07:31:38,316.0,56.0,318.12,16.0,315.0,64.0,320.0,40.0,2.1200000000000045,120.0,56.0,0.2087582333879637,316.0,318.12,176,64.0,66.0,0.36,317.0,
07:31:39,315.76,33.0,318.0,16.0,314.93,57.0,320.0,40.0,2.240000000000009,90.0,56.0,0.3115766358495905,315.76,318.0,146,34.0,-30.0,0.23,317.0,
07:31:40,317.91,90.0,321.73,75.0,316.38,104.0,327.39,90.0,3.819999999999993,194.0,165.0,1.1931806233789473,317.91,321.73,359,29.0,176.0,0.08,318.83,12.0
07:31:41,319.5,40.0,330.0,55.0,317.8,20.0,331.0,55.0,10.5,60.0,110.0,3.3180898119257978,319.5,330.0,170,-50.0,-176.0,-0.29,318.83,
07:31:42,321.76,34.0,324.0,35.0,310.84,99.0,330.06,80.0,2.240000000000009,133.0,115.0,3.4957431255750064,321.76,324.0,248,18.0,78.0,0.07,323.0,4.0
07:31:46,331.0,12.0,334.0,12.0,330.0,60.0,596.67,6.0,3.0,72.0,18.0,60.24207026655005,331.0,334.0,90,54.0,-60.0,0.6,323.0,
07:31:47,331.0,10.0,371.5,8.0,330.0,50.0,603.23,13.0,40.5,60.0,21.0,55.01028131176888,331.0,371.5,81,39.0,-9.0,0.48,323.0,
07:31:53,330.04,100.0,367.33,48.0,329.67,60.0,390.59,34.0,37.28999999999997,160.0,82.0,22.650139513918056,330.04,367.33,242,78.0,106.0,0.32,330.2,5.0
07:31:54,327.14,21.0,331.0,30.0,312.84,49.0,396.95,22.0,3.8600000000000136,70.0,52.0,25.39686831087576,327.14,331.0,122,18.0,-120.0,0.15,328.0,10.0
07:31:55,321.0,84.0,328.39,90.0,310.31,90.0,333.22,54.0,7.389999999999986,174.0,144.0,20.759756260610988,321.0,328.39,318,30.0,176.0,0.09,328.0,
07:31:56,322.0,24.0,333.12,43.0,313.25,59.0,398.45,29.0,11.120000000000005,83.0,72.0,17.988251721609416,322.0,333.12,155,11.0,-163.0,0.07,326.0,6.0
07:31:57,318.0,8.0,333.0,24.0,317.0,24.0,335.0,8.0,15.0,32.0,32.0,9.981341092257628,318.0,333.0,64,0.0,-91.0,0.0,326.0,
07:31:58,318.0,9.0,332.63,19.0,317.0,27.0,333.59,17.0,14.629999999999995,36.0,36.0,1.8283243694690368,318.0,332.63,72,0.0,8.0,0.0,326.0,
07:31:59,317.1,30.0,332.46,26.0,316.33,27.0,507.22,45.0,15.359999999999957,57.0,71.0,1.1646887996349085,317.1,332.46,128,-14.0,56.0,-0.11,324.0,2.0
07:32:00,318.0,68.0,332.05,66.0,317.0,66.0,333.48,75.0,14.050000000000011,134.0,141.0,1.1104413536945426,318.0,332.05,275,-7.0,147.0,-0.03,324.0,
07:32:01,321.0,42.0,328.81,48.0,319.06,35.0,334.44,43.0,7.810000000000002,77.0,91.0,0.2971195045690569,321.0,328.81,168,-14.0,-107.0,-0.08,324.0,
07:32:02,325.66,29.0,328.0,39.0,323.72,36.0,331.0,13.0,2.339999999999975,65.0,52.0,0.8390887914846582,325.66,328.0,117,13.0,-51.0,0.11,326.67,3.0
07:32:03,326.72,25.0,329.2,20.0,323.27,22.0,335.5,28.0,2.4799999999999613,47.0,48.0,1.4245525613310352,326.72,329.2,95,-1.0,-22.0,-0.01,327.0,2.0
07:32:04,327.33,43.0,330.26,19.0,324.41,17.0,335.71,41.0,2.930000000000007,60.0,60.0,1.7319844110136398,327.33,330.26,120,0.0,25.0,0.0,328.0,3.0
07:32:05,317.9,40.0,325.29,31.0,315.5,24.0,327.32,34.0,7.390000000000043,64.0,65.0,2.866229230189838,317.9,325.29,129,-1.0,9.0,-0.01,326.0,1.0
07:32:06,317.02,46.0,321.29,42.0,314.5,18.0,322.95,38.0,4.270000000000039,64.0,80.0,4.2475675391917385,317.02,321.29,144,-16.0,15.0,-0.11,326.0,
07:32:07,318.94,18.0,320.28,54.0,317.16,50.0,322.0,36.0,1.339999999999975,68.0,90.0,4.623577619116628,318.94,320.28,158,-22.0,14.0,-0.14,326.0,
07:32:08,318.33,18.0,320.0,36.0,316.29,42.0,322.0,28.0,1.670000000000016,60.0,64.0,4.109231071623659,318.33,320.0,124,-4.0,-34.0,-0.03,319.5,2.0
07:32:09,316.5,30.0,319.0,10.0,311.8,30.0,320.0,10.0,2.5,60.0,20.0,1.388012968238669,316.5,319.0,80,40.0,-44.0,0.5,319.5,
07:32:10,312.0,27.0,319.0,9.0,310.0,27.0,320.0,9.0,7.0,54.0,18.0,1.6820760981594765,312.0,319.0,72,36.0,-8.0,0.5,319.5,
07:32:11,312.0,36.0,318.1,48.0,310.0,36.0,320.05,20.0,6.100000000000023,72.0,68.0,2.0779027888714765,312.0,318.1,140,4.0,68.0,0.03,318.17,6.0
07:32:12,313.62,80.0,320.8,10.0,312.0,24.0,322.89,38.0,7.180000000000007,104.0,48.0,1.6843040105634484,313.62,320.8,152,56.0,12.0,0.37,320.83,6.0
07:32:13,315.0,120.0,317.94,31.0,307.58,52.0,326.71,34.0,2.9399999999999977,172.0,65.0,1.1309199794859,315.0,317.94,237,107.0,85.0,0.45,320.83,
07:32:14,315.0,100.0,317.85,26.0,306.0,150.0,326.57,28.0,2.8500000000000227,250.0,54.0,0.8557745030091455,315.0,317.85,304,196.0,67.0,0.64,316.0,3.0
07:32:15,317.37,102.0,322.0,30.0,315.23,78.0,330.0,60.0,4.629999999999996,180.0,90.0,1.7098888852788456,317.37,322.0,270,90.0,-34.0,0.33,316.0,
07:32:16,319.33,54.0,322.0,30.0,319.06,126.0,329.4,60.0,2.670000000000016,180.0,90.0,1.9624015898892069,319.33,322.0,270,90.0,0.0,0.33,316.0,
07:32:17,320.15,82.0,326.36,28.0,311.06,136.0,331.12,64.0,6.210000000000036,218.0,92.0,2.912679179037597,320.15,326.36,310,126.0,40.0,0.41,322.0,2.0
07:32:18,320.93,150.0,328.0,15.0,305.29,140.0,331.0,101.0,7.069999999999993,290.0,116.0,3.156532908112711,320.93,328.0,406,174.0,96.0,0.43,322.0,
07:32:19,322.54,130.0,328.0,13.0,308.39,114.0,331.0,65.0,5.45999999999998,244.0,78.0,2.409190735495551,322.54,328.0,322,166.0,-84.0,0.52,322.0,
07:32:20,323.0,180.0,327.0,18.0,310.55,62.0,331.88,130.0,4.0,242.0,148.0,1.8792338864540183,323.0,327.0,390,94.0,68.0,0.24,322.0,
07:32:21,326.79,76.0,331.57,35.0,319.67,36.0,332.71,34.0,4.779999999999973,112.0,69.0,2.233098743897436,326.79,331.57,181,43.0,-176.0,0.24,327.0,2.0
07:32:22,330.07,15.0,332.0,63.0,326.57,74.0,333.0,36.0,1.9300000000000068,89.0,99.0,2.932004433829441,330.07,332.0,188,-10.0,7.0,-0.05,330.8,10.0
07:32:23,329.0,11.0,332.0,77.0,327.05,171.0,356.27,44.0,3.0,182.0,121.0,2.8759398463797843,329.0,332.0,303,61.0,115.0,0.2,330.8,
07:32:24,329.0,8.0,332.0,56.0,328.0,64.0,352.38,32.0,3.0,72.0,88.0,2.4678168489566734,329.0,332.0,160,-16.0,-143.0,-0.1,330.8,
07:32:25,329.0,10.0,332.0,120.0,328.0,80.0,433.33,43.0,3.0,90.0,163.0,0.688926701466798,329.0,332.0,253,-73.0,93.0,-0.29,330.8,
07:32:26,329.0,8.0,332.0,96.0,328.0,64.0,445.82,34.0,3.0,72.0,130.0,0.2370232056018656,329.0,332.0,202,-58.0,-51.0,-0.29,330.8,
07:32:27,328.04,52.0,332.0,144.0,327.14,116.0,447.47,51.0,3.95999999999998,168.0,195.0,0.2146625258257909,328.04,332.0,363,-27.0,161.0,-0.07,328.25,4.0
07:32:28,328.0,35.0,332.0,84.0,327.0,74.0,437.0,35.0,4.0,109.0,119.0,0.2684771871015527,328.0,332.0,228,-10.0,-135.0,-0.04,328.25,
07:32:29,328.0,24.0,332.0,96.0,327.0,83.0,395.57,35.0,4.0,107.0,131.0,0.270333127814569,328.0,332.0,238,-24.0,10.0,-0.1,328.0,2.0
07:32:30,328.0,12.0,332.0,48.0,327.0,40.0,344.0,20.0,4.0,52.0,68.0,0.2215400640833434,328.0,332.0,120,-16.0,-118.0,-0.13,328.0,
07:32:31,328.0,21.0,332.0,84.0,327.0,70.0,374.0,35.0,4.0,91.0,119.0,0.0089442715798267,328.0,332.0,210,-28.0,90.0,-0.13,328.0,
07:32:32,329.1,20.0,331.71,41.0,327.51,41.0,339.15,59.0,2.609999999999957,61.0,100.0,0.1788854381833746,329.1,331.71,161,-39.0,-49.0,-0.24,331.0,2.0
07:32:33,328.0,39.0,331.54,65.0,327.0,130.0,333.0,26.0,3.5400000000000205,169.0,91.0,0.2275521918024062,328.0,331.54,260,78.0,99.0,0.3,331.0,
07:32:34,328.0,33.0,331.0,47.0,327.0,110.0,333.55,22.0,3.0,143.0,69.0,0.3320843266312265,328.0,331.0,212,74.0,-48.0,0.35,331.0,2.0
07:32:35,328.0,28.0,330.44,16.0,326.68,50.0,331.96,27.0,2.4399999999999977,78.0,43.0,0.4541145229941036,328.0,330.44,121,35.0,-91.0,0.29,328.0,1.0
07:32:36,328.0,16.0,331.07,15.0,327.0,32.0,332.19,21.0,3.069999999999993,48.0,36.0,0.4452302774904229,328.0,331.07,84,12.0,-37.0,0.14,330.0,1.0
07:32:37,327.8,20.0,330.92,24.0,326.6,40.0,333.25,36.0,3.1200000000000045,60.0,60.0,0.2054993917126692,327.8,330.92,120,0.0,36.0,0.0,327.4,5.0
07:32:38,327.0,7.0,330.0,14.0,325.0,14.0,335.0,21.0,3.0,21.0,35.0,0.4220426518663114,327.0,330.0,56,-14.0,-64.0,-0.25,327.4,
07:32:39,327.0,9.0,329.11,18.0,325.0,18.0,334.44,27.0,2.1100000000000136,27.0,45.0,0.6266418434755499,327.0,329.11,72,-18.0,16.0,-0.25,327.4,
07:32:40,328.67,12.0,333.23,31.0,324.67,39.0,335.5,24.0,4.560000000000002,51.0,55.0,1.1129465395940163,328.67,333.23,106,-4.0,34.0,-0.04,327.0,1.0
07:32:41,325.36,14.0,333.67,18.0,311.53,131.0,334.85,26.0,8.310000000000002,145.0,44.0,1.1118588039829054,325.36,333.67,189,101.0,83.0,0.53,326.0,5.0
07:32:42,319.8,25.0,332.06,17.0,311.67,118.0,335.41,51.0,12.259999999999993,143.0,68.0,1.8561115268201456,319.8,332.06,211,75.0,22.0,0.36,326.0,
07:32:43,324.61,79.0,332.0,13.0,316.02,65.0,336.0,39.0,7.389999999999986,144.0,52.0,1.860685357602039,324.61,332.0,196,92.0,-15.0,0.47,326.0,
07:32:44,331.0,60.0,334.25,16.0,325.04,46.0,336.22,27.0,3.25,106.0,43.0,2.550229401444932,331.0,334.25,149,63.0,-47.0,0.42,331.0,2.0
07:32:45,331.0,40.0,336.0,24.0,329.32,44.0,337.0,16.0,5.0,84.0,40.0,3.11470223295806,331.0,336.0,124,44.0,-25.0,0.35,331.0,
07:32:46,331.0,50.0,336.0,30.0,330.0,60.0,337.0,20.0,5.0,110.0,50.0,3.4588581931026754,331.0,336.0,160,60.0,36.0,0.38,331.0,
07:32:47,330.16,31.0,336.32,31.0,328.09,138.0,347.5,36.0,6.159999999999968,169.0,67.0,2.2272673840365,330.16,336.32,236,102.0,76.0,0.43,330.5,10.0
07:32:48,330.0,10.0,333.7,10.0,328.0,120.0,337.38,32.0,3.6999999999999886,130.0,42.0,0.7084631253583032,330.0,333.7,172,88.0,-64.0,0.51,330.5,
07:32:49,328.2,92.0,331.55,20.0,327.94,80.0,339.04,25.0,3.3500000000000227,172.0,45.0,1.5675362834693003,328.2,331.55,217,127.0,45.0,0.59,330.67,3.0
07:32:50,328.0,156.0,330.24,21.0,327.0,13.0,331.13,31.0,2.240000000000009,169.0,52.0,1.9666036713057515,328.0,330.24,221,117.0,4.0,0.53,330.67,
07:32:51,328.0,93.0,338.1,20.0,327.0,11.0,343.05,41.0,10.100000000000025,104.0,61.0,1.8605456188960576,328.0,338.1,165,43.0,-56.0,0.26,328.0,4.0
07:32:52,328.0,48.0,339.0,18.0,327.0,9.0,344.0,36.0,11.0,57.0,54.0,1.926387811421494,328.0,339.0,111,3.0,-54.0,0.03,328.0,4.0
07:32:53,328.0,16.0,339.0,8.0,327.0,4.0,344.0,16.0,11.0,20.0,24.0,2.135970505412729,328.0,339.0,44,-4.0,-67.0,-0.09,328.0,
07:32:54,332.0,56.0,339.0,16.0,328.0,32.0,344.0,32.0,7.0,88.0,48.0,2.333726633518276,332.0,339.0,136,40.0,92.0,0.29,332.0,1.0
07:32:55,332.0,66.0,339.0,22.0,328.0,44.0,344.0,44.0,7.0,110.0,66.0,1.1918473056528216,332.0,339.0,176,44.0,40.0,0.25,332.0,
07:32:56,332.0,48.0,337.3,23.0,328.0,32.0,340.11,18.0,5.300000000000011,80.0,41.0,1.0022474744252243,332.0,337.3,121,39.0,-55.0,0.32,332.0,
07:32:57,332.0,48.0,335.75,24.0,328.0,32.0,341.25,16.0,3.75,80.0,40.0,0.91524860010366,332.0,335.75,120,40.0,-1.0,0.33,332.0,
07:32:58,332.0,36.0,335.0,18.0,328.2,20.0,342.0,12.0,3.0,56.0,30.0,0.91524860010366,332.0,335.0,86,26.0,-34.0,0.3,332.0,
07:32:59,332.0,78.0,333.62,39.0,328.0,52.0,342.98,57.0,1.6200000000000043,130.0,96.0,1.0404181851505685,332.0,333.62,226,34.0,140.0,0.15,332.0,
07:33:00,331.71,55.0,335.56,43.0,328.62,37.0,344.09,130.0,3.850000000000023,92.0,173.0,0.6655298640874043,331.71,335.56,265,-81.0,39.0,-0.31,332.0,6.0
07:33:01,328.0,28.0,344.0,70.0,327.0,7.0,347.0,28.0,16.0,35.0,98.0,1.2052924956175786,328.0,344.0,133,-63.0,-132.0,-0.47,332.0,
07:33:02,328.0,30.0,344.0,45.0,327.0,9.0,347.0,36.0,16.0,39.0,81.0,1.5041841642537614,328.0,344.0,120,-42.0,-13.0,-0.35,328.0,2.0
07:33:03,328.0,14.0,344.0,44.0,327.0,7.0,347.0,28.0,16.0,21.0,72.0,1.5500225804779253,328.0,344.0,93,-51.0,-27.0,-0.55,328.0,
07:33:04,326.57,28.0,344.0,48.0,325.57,14.0,347.0,24.0,17.430000000000007,42.0,72.0,1.0275845463956388,326.57,344.0,114,-30.0,21.0,-0.26,327.25,4.0
07:33:05,326.0,70.0,344.0,56.0,325.0,35.0,347.0,28.0,18.0,105.0,84.0,0.4793954526181415,326.0,344.0,189,21.0,75.0,0.11,327.25,
07:33:06,326.0,100.0,344.0,80.0,325.0,50.0,347.0,40.0,18.0,150.0,120.0,0.5087435503189023,326.0,344.0,270,30.0,81.0,0.11,327.25,
07:33:07,326.0,80.0,344.0,64.0,325.0,40.0,347.0,32.0,18.0,120.0,96.0,0.4333820485336377,326.0,344.0,216,24.0,-54.0,0.11,327.25,
07:33:08,326.0,110.0,342.91,55.0,325.0,55.0,344.4,40.0,16.910000000000025,165.0,95.0,0.3054013752284377,326.0,342.91,260,70.0,44.0,0.27,327.25,
07:33:09,326.12,102.0,336.56,70.0,325.57,105.0,337.73,64.0,10.439999999999998,207.0,134.0,1.5932105949911115,326.12,336.56,341,73.0,81.0,0.21,327.25,
07:33:10,327.0,14.0,333.09,56.0,326.0,130.0,334.6,47.0,6.089999999999975,144.0,103.0,2.317429610579912,327.0,333.09,247,41.0,-94.0,0.17,327.0,1.0
07:33:11,327.84,19.0,331.09,55.0,326.21,38.0,331.84,43.0,3.25,57.0,98.0,2.532913342377365,327.84,331.09,155,-41.0,-92.0,-0.26,327.0,
07:33:12,326.09,77.0,328.98,56.0,325.67,105.0,330.51,43.0,2.890000000000043,182.0,99.0,2.5651062356156684,326.09,328.98,281,83.0,126.0,0.3,327.83,6.0
07:33:13,325.87,53.0,331.57,28.0,321.27,94.0,339.46,41.0,5.699999999999989,147.0,69.0,1.4228211412526028,325.87,331.57,216,78.0,-65.0,0.36,328.5,4.0
07:33:14,327.0,5.0,331.0,10.0,325.0,25.0,340.0,15.0,4.0,30.0,25.0,0.9356708823062794,327.0,331.0,55,5.0,-161.0,0.09,328.5,
07:33:15,328.33,12.0,339.54,41.0,320.97,104.0,341.53,34.0,11.210000000000036,116.0,75.0,2.452380476189429,328.33,339.54,191,41.0,136.0,0.21,331.0,2.0
07:33:16,331.0,14.0,341.0,35.0,327.0,7.0,342.0,21.0,10.0,21.0,56.0,3.6995837603700648,331.0,341.0,77,-35.0,-114.0,-0.45,331.0,
07:33:17,326.83,72.0,341.0,60.0,319.11,57.0,342.0,36.0,14.170000000000016,129.0,96.0,3.266371075060649,326.83,341.0,225,33.0,148.0,0.15,327.83,6.0
07:33:18,326.0,102.0,340.26,58.0,318.0,100.0,341.42,36.0,14.259999999999993,202.0,94.0,2.575661080187402,326.0,340.26,296,108.0,71.0,0.36,326.0,3.0
07:33:19,326.0,108.0,340.0,108.0,318.0,120.0,341.0,12.0,14.0,228.0,120.0,1.2008455354421748,326.0,340.0,348,108.0,52.0,0.31,326.0,
07:33:20,326.0,108.0,339.95,83.0,318.0,129.0,341.0,12.0,13.949999999999989,237.0,95.0,1.2860326589910465,326.0,339.95,332,142.0,-16.0,0.43,326.0,
07:33:21,333.64,50.0,338.36,56.0,328.15,78.0,340.88,48.0,4.720000000000027,128.0,104.0,1.2860326589910465,333.64,338.36,232,24.0,-100.0,0.1,326.0,
07:33:22,326.8,80.0,337.64,44.0,320.19,89.0,340.0,42.0,10.839999999999977,169.0,86.0,1.461157075742337,326.8,337.64,255,83.0,23.0,0.33,333.57,7.0
07:33:23,326.0,111.0,335.48,50.0,318.0,140.0,337.96,50.0,9.480000000000018,251.0,100.0,1.9180510942079647,326.0,335.48,351,151.0,96.0,0.43,326.0,3.0
07:33:24,326.0,72.0,331.61,23.0,318.0,140.0,335.54,41.0,5.610000000000014,212.0,64.0,2.6798731313241544,326.0,331.61,276,148.0,-75.0,0.54,326.0,3.0
07:33:25,326.86,42.0,330.0,14.0,323.14,56.0,339.14,42.0,3.1399999999999864,98.0,56.0,3.070736068110367,326.86,330.0,154,42.0,-122.0,0.27,326.0,
07:33:26,327.69,39.0,329.71,17.0,326.0,39.0,339.73,37.0,2.019999999999982,78.0,54.0,1.645028875125033,327.69,329.71,132,24.0,-22.0,0.18,329.0,5.0
07:33:27,328.0,30.0,329.27,22.0,326.0,30.0,338.18,22.0,1.2699999999999818,60.0,44.0,0.9477446913571322,328.0,329.27,104,16.0,-28.0,0.15,329.0,
07:33:28,328.0,33.0,329.64,14.0,326.0,33.0,339.31,29.0,1.6399999999999864,66.0,43.0,0.156907616118231,328.0,329.64,109,23.0,5.0,0.21,329.0,4.0
07:33:29,327.71,28.0,329.42,12.0,319.75,64.0,340.0,36.0,1.7100000000000364,92.0,48.0,0.1454991408769801,327.71,329.42,140,44.0,31.0,0.31,327.2,5.0
07:33:30,317.43,35.0,334.5,14.0,315.85,59.0,338.85,26.0,17.069999999999993,94.0,40.0,1.2209914004596,317.43,334.5,134,54.0,-6.0,0.4,326.0,1.0
07:33:31,316.0,120.0,335.5,16.0,315.0,36.0,338.36,22.0,19.5,156.0,38.0,1.5499580639477664,316.0,335.5,194,118.0,60.0,0.61,326.0,
07:33:32,316.0,120.0,335.25,12.0,315.0,36.0,340.45,20.0,19.25,156.0,32.0,1.60546877889206,316.0,335.25,188,124.0,-6.0,0.66,326.0,
07:33:33,316.97,87.0,337.0,15.0,315.62,80.0,343.0,75.0,20.029999999999973,167.0,90.0,1.236418214034978,316.97,337.0,257,77.0,69.0,0.3,326.0,
07:33:34,317.6,15.0,337.0,7.0,314.17,53.0,342.17,29.0,19.399999999999977,68.0,36.0,0.7649313694689603,317.6,337.0,104,32.0,-153.0,0.31,328.0,1.0
07:33:35,315.0,33.0,337.0,11.0,314.0,121.0,342.0,44.0,22.0,154.0,55.0,0.760394634382468,315.0,337.0,209,99.0,105.0,0.47,328.0,
07:33:36,314.81,37.0,337.0,37.0,313.84,103.0,342.0,40.0,22.19,140.0,77.0,0.7327482514463095,314.81,337.0,217,63.0,8.0,0.29,328.0,
07:33:37,320.44,18.0,337.0,26.0,314.39,76.0,342.0,44.0,16.560000000000002,94.0,70.0,1.1440367126964028,320.44,337.0,164,24.0,-53.0,0.15,332.0,1.0
07:33:38,318.93,28.0,337.0,14.0,317.84,31.0,342.0,56.0,18.069999999999997,59.0,70.0,1.2247122110916584,318.93,337.0,129,-11.0,-35.0,-0.09,332.0,
07:33:39,321.07,28.0,336.71,14.0,320.16,43.0,341.68,47.0,15.639999999999986,71.0,61.0,1.4500103447895611,321.07,336.71,132,10.0,3.0,0.08,332.0,
07:33:40,323.86,44.0,336.06,31.0,321.14,56.0,338.19,47.0,12.199999999999989,100.0,78.0,1.5088969481035142,323.86,336.06,178,22.0,46.0,0.12,333.0,1.0
07:33:41,327.68,47.0,336.97,58.0,326.1,40.0,338.56,73.0,9.29000000000002,87.0,131.0,1.6949631264411371,327.68,336.97,218,-44.0,40.0,-0.2,333.0,
07:33:42,331.46,98.0,334.22,65.0,328.46,72.0,336.18,85.0,2.760000000000048,170.0,150.0,2.125271747328889,331.46,334.22,320,20.0,102.0,0.06,333.0,3.0
07:33:43,334.78,27.0,338.78,74.0,333.95,63.0,339.92,61.0,4.0,90.0,135.0,3.0563573089533747,334.78,338.78,225,-45.0,-95.0,-0.2,333.0,
07:33:44,334.09,23.0,339.0,45.0,332.16,61.0,340.0,36.0,4.910000000000025,84.0,81.0,2.9233063472703784,334.09,339.0,165,3.0,-60.0,0.02,334.4,5.0
07:33:45,334.0,10.0,339.44,45.0,332.42,85.0,341.67,45.0,5.439999999999998,95.0,90.0,2.2549057629954303,334.0,339.44,185,5.0,20.0,0.03,334.4,
07:33:46,333.14,37.0,340.0,32.0,332.74,81.0,343.0,40.0,6.860000000000014,118.0,72.0,1.7079519899543991,333.14,340.0,190,46.0,5.0,0.24,333.2,5.0
07:33:47,333.0,72.0,340.0,36.0,332.0,63.0,343.05,41.0,7.0,135.0,77.0,0.1213260070571978,333.0,340.0,212,58.0,22.0,0.27,333.2,
07:33:48,333.0,72.0,339.53,15.0,332.0,63.0,340.79,38.0,6.529999999999973,135.0,53.0,0.1626345596377313,333.0,339.53,188,82.0,-24.0,0.44,333.2,
07:33:49,333.0,88.0,339.0,12.0,332.0,84.0,342.98,57.0,6.0,172.0,69.0,0.2817268180146804,333.0,339.0,241,103.0,53.0,0.43,333.0,1.0
07:33:50,333.0,42.0,339.0,6.0,332.0,42.0,344.0,30.0,6.0,84.0,36.0,0.2686447468104084,333.0,339.0,120,48.0,-121.0,0.4,333.0,
07:33:51,333.0,56.0,338.75,8.0,332.0,56.0,344.0,40.0,5.75,112.0,48.0,0.2513961017776201,333.0,338.75,160,64.0,40.0,0.4,333.0,
07:33:52,333.0,42.0,338.0,6.0,332.0,42.0,345.0,56.0,5.0,84.0,62.0,0.2796426290629092,333.0,338.0,146,22.0,-14.0,0.15,333.0,
07:33:53,333.0,92.0,336.62,16.0,332.0,112.0,344.96,133.0,3.620000000000005,204.0,149.0,0.5062805546231927,333.0,336.62,353,55.0,176.0,0.16,333.0,5.0
07:33:54,333.0,18.0,336.0,9.0,332.0,63.0,344.0,45.0,3.0,81.0,54.0,0.6594088261389306,333.0,336.0,135,27.0,-176.0,0.2,333.0,
07:33:55,332.39,46.0,334.56,16.0,331.38,91.0,344.68,110.0,2.170000000000016,137.0,126.0,0.9331559355169392,332.39,334.56,263,11.0,128.0,0.04,332.4,5.0
07:33:56,330.43,23.0,332.88,8.0,327.94,32.0,345.0,42.0,2.4499999999999886,55.0,50.0,1.495683790107883,330.43,332.88,105,5.0,-158.0,0.05,330.67,9.0
07:33:57,327.33,18.0,343.96,52.0,326.0,24.0,351.47,59.0,16.629999999999995,42.0,111.0,1.5345911507601662,327.33,343.96,153,-69.0,48.0,-0.45,329.0,3.0
07:33:58,327.0,16.0,341.38,8.0,323.0,8.0,342.94,32.0,14.379999999999995,24.0,40.0,1.4786243606783835,327.0,341.38,64,-16.0,-89.0,-0.25,329.0,
07:33:59,335.0,28.0,339.18,22.0,328.93,28.0,341.57,14.0,4.180000000000007,56.0,36.0,2.076708934827142,335.0,339.18,92,20.0,28.0,0.22,329.0,
07:34:00,335.0,20.0,338.0,50.0,330.0,20.0,339.0,10.0,3.0,40.0,60.0,2.174736765677668,335.0,338.0,100,-20.0,8.0,-0.2,329.0,
07:34:01,333.5,20.0,336.5,16.0,329.12,17.0,338.64,36.0,3.0,37.0,52.0,1.1558243811190927,333.5,336.5,89,-15.0,-11.0,-0.17,335.0,2.0
07:34:02,330.0,20.0,333.85,20.0,326.2,10.0,334.95,20.0,3.850000000000023,30.0,40.0,2.042197345995304,330.0,333.85,70,-10.0,-19.0,-0.14,335.0,
07:34:03,330.0,24.0,332.64,28.0,328.0,12.0,333.3,20.0,2.6399999999999864,36.0,48.0,2.6262273321232263,330.0,332.64,84,-12.0,14.0,-0.14,335.0,
07:34:04,333.35,31.0,340.37,27.0,333.19,47.0,344.21,57.0,7.019999999999982,78.0,84.0,2.567999221181968,333.35,340.37,162,-6.0,78.0,-0.04,331.0,4.0
07:34:06,334.6,30.0,343.0,21.0,331.94,31.0,345.68,37.0,8.399999999999977,61.0,58.0,3.9467074885262416,334.6,343.0,119,3.0,-1.0,0.03,335.5,4.0
07:34:07,334.0,36.0,343.0,12.0,330.0,24.0,345.0,24.0,9.0,60.0,36.0,3.4051549157104626,334.0,343.0,96,24.0,-23.0,0.25,335.5,
07:34:08,334.0,21.0,343.0,7.0,330.0,14.0,345.0,14.0,9.0,35.0,21.0,1.1012719918280256,334.0,343.0,56,14.0,-40.0,0.25,335.5,
07:34:09,334.0,21.0,343.0,7.0,330.0,14.0,345.0,14.0,9.0,35.0,21.0,0.6241153739368906,334.0,343.0,56,14.0,0.0,0.25,335.5,
07:34:10,331.23,26.0,342.07,30.0,328.46,13.0,344.27,11.0,10.839999999999977,39.0,41.0,0.8706319543787464,331.23,342.07,80,-2.0,24.0,-0.03,328.21,14.0
07:34:11,321.61,31.0,341.86,28.0,319.69,13.0,344.0,7.0,20.25,44.0,35.0,2.9280403002669475,321.61,341.86,79,9.0,-1.0,0.11,328.21,
07:34:12,322.48,94.0,338.66,50.0,321.66,38.0,339.89,35.0,16.180000000000007,132.0,85.0,3.784530353952762,322.48,338.66,217,47.0,138.0,0.22,328.21,
07:34:13,326.22,106.0,336.07,60.0,324.69,108.0,339.0,45.0,9.849999999999966,214.0,105.0,3.6032138432227696,326.22,336.07,319,109.0,102.0,0.34,328.21,
07:34:14,328.72,81.0,335.28,43.0,327.85,92.0,336.95,41.0,6.559999999999945,173.0,84.0,2.4286107139668016,328.72,335.28,257,89.0,-62.0,0.35,328.21,
07:34:15,330.0,17.0,332.67,52.0,329.0,119.0,334.04,67.0,2.670000000000016,136.0,119.0,0.5538230764387672,330.0,332.67,255,17.0,-2.0,0.07,328.21,
07:34:16,329.52,73.0,334.3,46.0,328.21,101.0,335.59,32.0,4.78000000000003,174.0,78.0,0.587341467969063,329.52,334.3,252,96.0,-3.0,0.38,331.83,6.0
07:34:17,330.0,77.0,337.76,37.0,328.0,88.0,339.3,44.0,7.759999999999991,165.0,81.0,1.0843338969132337,330.0,337.76,246,84.0,-6.0,0.34,331.83,
07:34:18,330.4,105.0,334.26,38.0,328.0,120.0,335.77,52.0,3.8600000000000136,225.0,90.0,0.956645179779144,330.4,334.26,315,135.0,69.0,0.43,331.83,
07:34:19,331.0,76.0,333.25,32.0,328.0,96.0,337.0,44.0,2.25,172.0,76.0,0.9489625914621896,331.0,333.25,248,96.0,-67.0,0.39,331.0,2.0
07:34:20,331.0,60.0,333.92,48.0,328.0,96.0,345.0,36.0,2.920000000000016,156.0,84.0,0.777721029672136,331.0,333.92,240,72.0,-8.0,0.3,331.0,
07:34:21,331.0,42.0,332.0,40.0,328.0,80.0,345.0,30.0,1.0,122.0,70.0,0.8761392583342094,331.0,332.0,192,52.0,-48.0,0.27,331.0,4.0
07:34:22,328.86,28.0,332.0,48.0,326.38,42.0,342.16,58.0,3.1399999999999864,70.0,106.0,0.8337685530142375,328.86,332.0,176,-36.0,-16.0,-0.2,329.0,5.0
07:34:23,328.0,30.0,331.0,24.0,324.0,30.0,342.14,29.0,3.0,60.0,53.0,1.2254468572713726,328.0,331.0,113,7.0,-63.0,0.06,329.0,
07:34:24,328.0,60.0,330.08,48.0,323.15,78.0,343.0,70.0,2.079999999999984,138.0,118.0,1.4089996451373372,328.0,330.08,256,20.0,143.0,0.08,329.0,
07:34:25,324.1,80.0,329.92,39.0,320.92,100.0,340.74,69.0,5.819999999999993,180.0,108.0,1.6790265036618095,324.1,329.92,288,72.0,32.0,0.25,328.0,5.0
07:34:26,322.19,129.0,328.0,13.0,316.21,58.0,330.0,52.0,5.810000000000002,187.0,65.0,2.148006052133171,322.19,328.0,252,122.0,-36.0,0.48,325.0,4.0
07:34:27,322.28,87.0,328.25,20.0,318.5,113.0,331.96,81.0,5.970000000000027,200.0,101.0,2.057024550170027,322.28,328.25,301,99.0,49.0,0.33,327.62,8.0
07:34:28,324.33,36.0,339.0,60.0,322.0,132.0,341.0,48.0,14.670000000000016,168.0,108.0,2.7731444246561807,324.33,339.0,276,60.0,-25.0,0.22,327.62,
07:34:29,326.0,33.0,339.0,55.0,322.0,121.0,341.0,44.0,13.0,154.0,99.0,3.5428279664698223,326.0,339.0,253,55.0,-23.0,0.22,327.62,
07:34:30,326.4,25.0,338.71,42.0,320.71,91.0,340.23,39.0,12.310000000000002,116.0,81.0,3.887895317520672,326.4,338.71,197,35.0,-56.0,0.18,333.0,1.0
07:34:31,327.92,39.0,338.0,28.0,323.97,29.0,339.24,25.0,10.079999999999984,68.0,53.0,3.2373291460703824,327.92,338.0,121,15.0,-76.0,0.12,333.0,
07:34:32,332.62,48.0,338.0,44.0,328.75,48.0,340.0,33.0,5.379999999999996,96.0,77.0,1.3738813631438205,332.62,338.0,173,19.0,52.0,0.11,334.0,3.0
07:34:33,334.0,20.0,338.0,20.0,330.0,15.0,340.0,15.0,4.0,35.0,35.0,1.6606866049898468,334.0,338.0,70,0.0,-103.0,0.0,334.0,
07:34:34,330.84,19.0,338.0,24.0,328.18,33.0,340.0,18.0,7.160000000000025,52.0,42.0,1.4777685881057925,330.84,338.0,94,10.0,24.0,0.11,334.0,
07:34:35,330.0,9.0,338.0,12.0,328.0,18.0,340.0,9.0,8.0,27.0,21.0,1.1754658650900172,330.0,338.0,48,6.0,-46.0,0.12,334.0,
07:34:36,330.0,19.0,337.43,28.0,328.0,42.0,338.7,23.0,7.430000000000007,61.0,51.0,0.9499842103906913,330.0,337.43,112,10.0,64.0,0.09,330.0,2.0
07:34:37,330.0,13.0,335.23,52.0,328.0,78.0,336.62,52.0,5.230000000000018,91.0,104.0,1.2300812981231652,330.0,335.23,195,-13.0,83.0,-0.07,330.0,
07:34:38,330.0,11.0,331.56,36.0,328.0,66.0,332.55,44.0,1.5600000000000025,77.0,80.0,1.460917519914743,330.0,331.56,157,-3.0,-38.0,-0.02,331.0,3.0
07:34:39,328.11,38.0,331.45,22.0,322.08,78.0,332.12,32.0,3.339999999999975,116.0,54.0,1.8416622926028503,328.11,331.45,170,62.0,13.0,0.36,330.0,1.0
07:34:40,327.0,48.0,330.27,22.0,319.76,98.0,331.3,40.0,3.269999999999982,146.0,62.0,2.062687567227941,327.0,330.27,208,84.0,38.0,0.4,329.0,1.0
07:34:41,320.9,83.0,328.0,56.0,317.61,166.0,330.18,68.0,7.100000000000023,249.0,124.0,3.0573975861832987,320.9,328.0,373,125.0,165.0,0.34,327.0,2.0
07:34:42,321.24,149.0,325.83,46.0,319.15,220.0,327.22,36.0,4.589999999999975,369.0,82.0,3.251896369812864,321.24,325.83,451,287.0,78.0,0.64,321.0,1.0
07:34:43,322.78,55.0,324.0,34.0,321.74,106.0,325.0,60.0,1.2200000000000273,161.0,94.0,3.0234367861763203,322.78,324.0,255,67.0,-176.0,0.26,323.0,1.0
07:34:44,323.83,18.0,325.0,24.0,319.0,60.0,336.0,12.0,1.170000000000016,78.0,36.0,2.155024361812576,323.83,325.0,114,42.0,-141.0,0.37,324.0,5.0
07:34:45,324.81,62.0,335.6,20.0,317.85,134.0,337.83,48.0,10.79000000000002,196.0,68.0,2.838832506507783,324.81,335.6,264,128.0,150.0,0.48,324.0,
07:34:46,328.0,56.0,334.71,14.0,318.0,140.0,338.0,28.0,6.70999999999998,196.0,42.0,3.8761127434587617,328.0,334.71,238,154.0,-26.0,0.65,324.0,
07:34:47,328.0,36.0,332.44,9.0,317.67,90.0,338.0,18.0,4.439999999999998,126.0,27.0,3.711228906979669,328.0,332.44,153,99.0,-85.0,0.65,324.0,
07:34:48,328.0,44.0,331.0,11.0,317.31,65.0,340.77,62.0,3.0,109.0,73.0,2.721506935504606,328.0,331.0,182,36.0,29.0,0.2,324.0,
07:34:49,328.0,48.0,330.0,22.0,319.17,24.0,337.2,54.0,2.0,72.0,76.0,0.8905503916109081,328.0,330.0,148,-4.0,-34.0,-0.03,328.0,1.0
07:34:50,317.0,154.0,328.08,24.0,315.0,28.0,329.28,32.0,11.079999999999984,182.0,56.0,3.46073402618587,317.0,328.08,238,126.0,90.0,0.53,328.0,
07:34:51,318.39,69.0,325.1,21.0,318.22,127.0,328.0,63.0,6.710000000000036,196.0,84.0,4.104192977919493,318.39,325.1,280,112.0,42.0,0.4,320.67,3.0
07:34:52,320.21,28.0,323.27,26.0,318.0,126.0,332.34,58.0,3.0600000000000023,154.0,84.0,3.984680664746712,320.21,323.27000000000004,238,70.0,-42.0,0.29,320.67,
07:34:53,321.84,75.0,323.0,40.0,317.06,68.0,324.0,39.0,1.160000000000025,143.0,79.0,3.103726792101474,321.84,323.0,222,64.0,-16.0,0.29,323.0,2.0
07:34:54,323.11,98.0,333.21,28.0,321.76,86.0,335.17,64.0,10.099999999999966,184.0,92.0,2.731153602419455,323.11,333.21,276,92.0,54.0,0.33,323.6,5.0
07:34:55,326.8,54.0,336.0,20.0,324.17,86.0,337.0,20.0,9.199999999999989,140.0,40.0,4.438887247949167,326.8,336.0,180,100.0,-96.0,0.56,323.6,
07:34:56,329.25,53.0,336.0,18.0,328.18,61.0,337.0,18.0,6.75,114.0,36.0,5.014351403721324,329.25,336.0,150,78.0,-30.0,0.52,323.6,
07:34:57,334.0,20.0,336.0,20.0,330.8,90.0,337.0,20.0,2.0,110.0,40.0,4.864010690777452,334.0,336.0,150,70.0,0.0,0.47,323.6,
07:34:58,332.12,41.0,336.0,26.0,330.84,91.0,337.0,26.0,3.879999999999996,132.0,52.0,2.66580569434334,332.12,336.0,184,80.0,34.0,0.43,332.5,4.0
07:34:59,333.0,28.0,335.96,24.0,331.0,105.0,337.29,31.0,2.9599999999999795,133.0,55.0,1.4754389177432334,333.0,335.96,188,78.0,4.0,0.41,333.0,1.0
07:35:00,331.0,102.0,336.78,23.0,330.0,85.0,339.38,56.0,5.779999999999973,187.0,79.0,0.8874119674595546,331.0,336.78,266,108.0,78.0,0.41,332.0,2.0
07:35:01,331.0,42.0,336.0,13.0,330.0,65.0,337.0,39.0,5.0,107.0,52.0,0.5751347668070067,331.0,336.0,159,55.0,-107.0,0.35,331.0,4.0
07:35:02,330.32,31.0,335.08,39.0,328.9,50.0,336.5,18.0,4.759999999999991,81.0,57.0,0.6728149819905596,330.32,335.08,138,24.0,-21.0,0.17,330.5,4.0
07:35:03,330.0,42.0,333.64,56.0,328.0,56.0,338.13,38.0,3.6399999999999855,98.0,94.0,1.0402499699551555,330.0,333.64,192,4.0,54.0,0.02,330.5,
07:35:04,330.97,115.0,332.11,76.0,329.86,58.0,341.96,48.0,1.1399999999999864,173.0,124.0,1.0217142457618194,330.97,332.11,297,49.0,105.0,0.16,331.0,4.0
07:35:05,330.28,29.0,333.91,22.0,328.35,34.0,342.26,23.0,3.630000000000052,63.0,45.0,0.782240372259872,330.28,333.91,108,18.0,-176.0,0.17,331.0,4.0
07:35:06,330.0,24.0,335.0,16.0,328.0,32.0,343.67,18.0,5.0,56.0,34.0,0.4763402145458559,330.0,335.0,90,22.0,-18.0,0.24,331.0,
07:35:07,332.57,42.0,335.0,28.0,329.15,47.0,342.0,17.0,2.430000000000007,89.0,45.0,0.8804373912966392,332.57,335.0,134,44.0,44.0,0.33,331.0,
07:35:08,334.0,36.0,335.0,24.0,330.0,36.0,340.5,32.0,1.0,72.0,56.0,1.2264297778480004,334.0,335.0,128,16.0,-6.0,0.12,331.0,
07:35:09,334.0,27.0,335.0,18.0,330.0,27.0,338.0,27.0,1.0,54.0,45.0,1.1257575227335948,334.0,335.0,99,9.0,-29.0,0.09,331.0,
07:35:10,334.0,27.0,335.0,18.0,330.0,27.0,338.0,27.0,1.0,54.0,45.0,0.8711027493874923,334.0,335.0,99,9.0,0.0,0.09,331.0,
07:35:11,334.0,27.0,335.0,18.0,328.33,18.0,338.0,27.0,1.0,45.0,45.0,0.3175216527889219,334.0,335.0,90,0.0,-9.0,0.0,331.0,
07:35:12,334.0,30.0,335.0,20.0,329.0,10.0,342.0,10.0,1.0,40.0,30.0,0.0,334.0,335.0,70,10.0,-20.0,0.14,331.0,
07:35:13,334.0,24.0,335.0,16.0,329.0,8.0,342.0,8.0,1.0,32.0,24.0,0.0,334.0,335.0,56,8.0,-14.0,0.14,331.0,
07:35:14,334.0,36.0,335.0,24.0,329.0,12.0,342.0,12.0,1.0,48.0,36.0,0.0,334.0,335.0,84,12.0,28.0,0.14,331.0,
07:35:15,333.67,18.0,335.0,10.0,332.2,15.0,342.0,5.0,1.329999999999984,33.0,15.0,0.0760263111668959,333.67,335.0,48,18.0,-36.0,0.38,334.0,3.0
07:35:16,333.0,54.0,334.38,26.0,329.0,9.0,337.0,16.0,1.3799999999999957,63.0,42.0,0.3510413080962041,333.0,334.38,105,21.0,57.0,0.2,334.0,
07:35:17,333.0,32.0,334.85,26.0,329.0,10.0,338.38,13.0,1.8500000000000227,42.0,39.0,0.3656090808364378,333.0,334.85,81,3.0,-24.0,0.04,333.0,4.0
07:35:18,330.44,36.0,336.64,28.0,328.0,20.0,339.77,13.0,6.199999999999989,56.0,41.0,0.4101585059344136,330.44,336.64,97,15.0,16.0,0.15,331.67,3.0
07:35:19,332.0,56.0,335.15,66.0,328.0,56.0,335.97,39.0,3.1499999999999773,112.0,105.0,0.3250692233826925,332.0,335.15,217,7.0,120.0,0.03,331.67,
07:35:20,330.0,48.0,334.0,70.0,327.75,32.0,335.0,42.0,4.0,80.0,112.0,0.766798539377399,330.0,334.0,192,-32.0,-25.0,-0.17,331.2,5.0
07:35:21,326.72,50.0,333.49,53.0,322.92,50.0,335.59,46.0,6.769999999999982,100.0,99.0,1.5923253436381404,326.72,333.49,199,1.0,7.0,0.01,327.75,4.0
07:35:22,328.0,44.0,332.88,51.0,322.08,111.0,334.0,51.0,4.879999999999996,155.0,102.0,1.6471126251696535,328.0,332.88,257,53.0,58.0,0.21,329.8,5.0
07:35:23,326.96,26.0,331.6,60.0,323.27,90.0,333.2,60.0,4.640000000000043,116.0,120.0,1.7093039519039284,326.96,331.6,236,-4.0,-21.0,-0.02,329.8,
07:35:24,328.0,15.0,330.27,45.0,325.0,45.0,331.33,45.0,2.269999999999982,60.0,90.0,1.150725857880829,328.0,330.27,150,-30.0,-86.0,-0.2,329.8,
07:35:25,320.5,30.0,329.0,30.0,317.45,76.0,337.57,37.0,8.5,106.0,67.0,2.298405969361689,320.5,329.0,173,39.0,23.0,0.23,322.75,4.0
07:35:26,317.0,126.0,328.04,26.0,315.0,182.0,336.1,31.0,11.04000000000002,308.0,57.0,3.407745589095443,317.0,328.04,365,251.0,176.0,0.69,326.0,3.0
07:35:27,317.0,63.0,328.0,7.0,314.91,79.0,334.4,15.0,11.0,142.0,22.0,3.384365523994342,317.0,328.0,164,120.0,-176.0,0.73,326.0,
07:35:28,317.0,63.0,327.0,7.0,299.86,7.0,328.0,7.0,10.0,70.0,14.0,2.9647006594264425,317.0,327.0,84,56.0,-80.0,0.67,326.0,
07:35:29,317.0,108.0,327.0,12.0,286.33,12.0,328.0,12.0,10.0,120.0,24.0,1.1445872618571598,317.0,327.0,144,96.0,60.0,0.67,326.0,
07:35:30,322.65,52.0,333.29,14.0,318.58,59.0,337.68,25.0,10.640000000000043,111.0,39.0,2.568524868480893,322.65,333.29,150,72.0,6.0,0.48,330.8,5.0
07:35:31,333.43,47.0,337.66,35.0,328.76,51.0,376.9,42.0,4.230000000000018,98.0,77.0,5.89793353641774,333.43,337.66,175,21.0,25.0,0.12,334.0,2.0
07:35:32,334.59,51.0,336.98,49.0,333.0,34.0,340.66,35.0,2.390000000000043,85.0,84.0,6.841346358721875,334.59,336.98,169,1.0,-6.0,0.01,334.0,
07:35:33,329.91,33.0,335.46,13.0,322.07,56.0,340.56,27.0,5.5499999999999545,89.0,40.0,5.837142280259575,329.91,335.46,129,49.0,-40.0,0.38,334.2,5.0
07:35:34,328.35,106.0,333.14,14.0,322.2,60.0,337.5,40.0,4.789999999999964,166.0,54.0,3.301852510332877,328.3500000000001,333.14,220,112.0,91.0,0.51,334.2,
07:35:35,329.0,132.0,333.0,12.0,327.0,36.0,340.17,24.0,4.0,168.0,36.0,2.409516549017822,329.0,333.0,204,132.0,-16.0,0.65,334.2,
07:35:36,329.0,132.0,331.47,15.0,327.0,45.0,342.07,30.0,2.4700000000000277,177.0,45.0,2.2593915110029443,329.0,331.47,222,132.0,18.0,0.59,329.0,3.0
07:35:37,329.0,48.0,330.33,6.0,327.0,18.0,342.0,12.0,1.329999999999984,66.0,18.0,1.1394384581862718,329.0,330.33,84,48.0,-138.0,0.57,329.0,
07:35:38,329.0,52.0,330.0,8.0,327.0,24.0,337.0,16.0,1.0,76.0,24.0,0.6537966044534148,329.0,330.0,100,52.0,16.0,0.52,329.0,3.0
07:35:39,329.0,40.0,335.57,35.0,327.0,30.0,340.0,40.0,6.569999999999993,70.0,75.0,1.1411266362654042,329.0,335.57,145,-5.0,45.0,-0.03,329.0,1.0
07:35:40,329.0,44.0,336.29,28.0,327.0,33.0,340.6,40.0,7.29000000000002,77.0,68.0,1.489607330806992,329.0,336.29,145,9.0,0.0,0.06,329.0,
07:35:41,329.66,35.0,340.43,42.0,329.22,23.0,341.79,57.0,10.769999999999982,58.0,99.0,2.305768852247052,329.66,340.43,157,-41.0,12.0,-0.26,329.0,
07:35:42,334.0,12.0,341.64,55.0,330.0,36.0,396.25,60.0,7.639999999999986,48.0,115.0,3.13164812838072,334.0,341.64,163,-67.0,6.0,-0.41,329.0,
07:35:43,334.0,14.0,339.32,62.0,330.0,42.0,420.32,38.0,5.319999999999993,56.0,100.0,2.4270764306029906,334.0,339.32,156,-44.0,-7.0,-0.28,332.0,2.0
07:35:44,329.38,26.0,338.0,45.0,328.25,32.0,339.0,9.0,8.620000000000005,58.0,54.0,2.112510355001416,329.38,338.0,112,4.0,-44.0,0.04,332.0,
07:35:45,330.31,114.0,338.0,70.0,329.22,46.0,340.29,14.0,7.689999999999998,160.0,84.0,1.734522989178226,330.31000000000006,338.0,244,76.0,132.0,0.31,332.0,
07:35:46,331.0,105.0,336.47,75.0,330.0,30.0,340.2,15.0,5.470000000000027,135.0,90.0,1.9065020325161328,331.0,336.47,225,45.0,-19.0,0.2,332.0,
07:35:47,331.79,98.0,335.36,70.0,330.0,28.0,338.36,14.0,3.569999999999993,126.0,84.0,1.3042239071529964,331.79,335.36,210,42.0,-15.0,0.2,332.0,
07:35:48,332.68,53.0,335.0,55.0,331.62,52.0,339.0,11.0,2.319999999999993,105.0,66.0,0.220181743090121,332.68,335.0,171,39.0,-39.0,0.23,332.0,
07:35:49,332.28,65.0,336.39,23.0,331.14,37.0,343.21,19.0,4.110000000000014,102.0,42.0,0.3106122985170197,332.28,336.39,144,60.0,-27.0,0.42,334.0,3.0
07:35:50,332.38,112.0,338.0,32.0,330.0,32.0,340.75,16.0,5.6200000000000045,144.0,48.0,0.655987804756867,332.38,338.0,192,96.0,48.0,0.5,334.0,
07:35:51,334.46,91.0,337.0,26.0,330.0,26.0,341.46,13.0,2.5400000000000205,117.0,39.0,0.9101208710875672,334.46,337.0,156,78.0,-36.0,0.5,334.0,
07:35:52,335.74,54.0,339.0,18.0,330.0,24.0,343.67,18.0,3.259999999999991,78.0,36.0,1.374234332269462,335.74,339.0,114,42.0,-42.0,0.37,336.0,4.0
07:35:53,336.0,33.0,343.0,11.0,332.08,91.0,344.0,22.0,7.0,124.0,33.0,2.0460889521197148,336.0,343.0,157,91.0,43.0,0.58,336.0,
07:35:54,336.0,35.0,343.0,13.0,332.0,273.0,344.0,26.0,7.0,308.0,39.0,2.0295984824552638,336.0,343.0,347,269.0,176.0,0.78,336.0,1.0
07:35:55,334.59,34.0,343.0,13.0,332.13,193.0,344.0,26.0,8.410000000000025,227.0,39.0,1.6213790426619936,334.59,343.0,266,188.0,-81.0,0.71,335.0,3.0
07:35:56,333.0,52.0,343.0,13.0,332.0,273.0,344.0,26.0,10.0,325.0,39.0,0.9386000212991514,333.0,343.0,364,286.0,98.0,0.79,335.0,
07:35:57,333.0,52.0,343.0,13.0,332.0,273.0,344.0,26.0,10.0,325.0,39.0,0.7502133029895902,333.0,343.0,364,286.0,0.0,0.79,335.0,
07:35:58,332.11,188.0,343.0,13.0,331.74,121.0,344.0,26.0,10.889999999999986,309.0,39.0,0.7745127500456022,332.11,343.0,348,270.0,-16.0,0.78,333.0,4.0
07:35:59,332.0,226.0,342.43,21.0,330.0,24.0,343.86,21.0,10.430000000000009,250.0,42.0,0.5937592104413811,332.0,342.43,292,208.0,-56.0,0.71,332.0,7.0
07:36:00,332.0,154.0,342.0,44.0,330.0,22.0,343.96,23.0,10.0,176.0,67.0,0.4536187826628617,332.0,342.0,243,109.0,-49.0,0.45,332.0,
07:36:01,332.25,80.0,339.53,60.0,331.87,150.0,344.64,22.0,7.279999999999973,230.0,82.0,0.7896518219982854,332.25,339.53,312,148.0,69.0,0.47,332.0,
07:36:02,334.0,8.0,338.8,30.0,332.0,112.0,342.6,20.0,4.800000000000011,120.0,50.0,0.6629856710259355,334.0,338.8,170,70.0,-142.0,0.41,332.0,
07:36:03,334.0,9.0,338.0,27.0,332.0,126.0,339.0,36.0,4.0,135.0,63.0,0.5886849751660007,334.0,338.0,198,72.0,28.0,0.36,332.0,
07:36:04,332.49,37.0,335.56,41.0,331.94,130.0,337.82,34.0,3.069999999999993,167.0,75.0,1.1177298421296784,332.49,335.56,242,92.0,44.0,0.38,334.0,1.0
07:36:05,332.0,116.0,333.33,36.0,330.0,18.0,345.11,18.0,1.329999999999984,134.0,54.0,1.5922719616913952,332.0,333.33,188,80.0,-54.0,0.43,332.0,2.0
07:36:06,332.0,32.0,346.0,8.0,330.0,8.0,350.0,4.0,14.0,40.0,12.0,2.4207271634753886,332.0,346.0,52,28.0,-136.0,0.54,332.0,4.0
07:36:07,333.02,65.0,346.0,30.0,331.83,96.0,350.0,15.0,12.980000000000018,161.0,45.0,3.0017245043452263,333.02,346.0,206,116.0,154.0,0.56,332.0,
07:36:08,334.0,39.0,344.94,16.0,332.0,104.0,347.74,23.0,10.939999999999998,143.0,39.0,3.316945884392073,334.0,344.94,182,104.0,-24.0,0.57,332.0,
07:36:09,334.0,36.0,342.67,12.0,332.0,96.0,348.0,24.0,8.670000000000016,132.0,36.0,2.9047684933543434,334.0,342.67,168,96.0,-14.0,0.57,332.0,
07:36:10,334.0,31.0,340.47,17.0,332.0,136.0,348.94,34.0,6.470000000000027,167.0,51.0,0.949605181105578,334.0,340.47,218,116.0,50.0,0.53,334.0,2.0
07:36:11,334.0,10.0,339.3,10.0,332.0,80.0,343.64,44.0,5.300000000000011,90.0,54.0,1.29054252157121,334.0,339.3,144,36.0,-74.0,0.25,334.0,
07:36:12,332.55,29.0,337.76,17.0,329.61,46.0,349.56,32.0,5.20999999999998,75.0,49.0,1.6394358785828906,332.55,337.76,124,26.0,-20.0,0.21,334.0,1.0
07:36:13,331.82,17.0,337.0,7.0,329.33,18.0,349.29,7.0,5.180000000000007,35.0,14.0,1.5797056687834277,331.82,337.0,49,21.0,-75.0,0.43,331.0,5.0
07:36:14,329.0,41.0,336.82,11.0,328.0,66.0,349.0,11.0,7.819999999999993,107.0,22.0,1.7397212420351549,329.0,336.82,129,85.0,80.0,0.66,329.0,2.0
07:36:15,328.25,48.0,334.73,15.0,325.39,69.0,343.43,37.0,6.480000000000018,117.0,52.0,1.9967173059775436,328.25,334.7300000000001,169,65.0,40.0,0.38,328.6,5.0
07:36:16,328.0,33.0,329.45,11.0,324.0,45.0,331.13,23.0,1.4499999999999886,78.0,34.0,2.555229930944134,328.0,329.45,112,44.0,-57.0,0.39,328.0,3.0
07:36:17,328.0,9.0,335.11,9.0,324.0,45.0,344.8,15.0,7.110000000000014,54.0,24.0,2.098856831704791,328.0,335.11,78,30.0,-34.0,0.38,329.0,1.0
07:36:18,329.0,80.0,340.21,42.0,328.0,16.0,342.19,16.0,11.20999999999998,96.0,58.0,2.161527237856101,329.0,340.21,154,38.0,76.0,0.25,329.0,
07:36:19,329.05,58.0,338.0,42.0,328.58,26.0,342.0,19.0,8.949999999999989,84.0,61.0,2.252682844963673,329.05,338.0,145,23.0,-9.0,0.16,329.0,
07:36:20,330.0,15.0,335.92,39.0,329.0,75.0,339.56,63.0,5.920000000000016,90.0,102.0,2.2679660491271068,330.0,335.92,192,-12.0,47.0,-0.06,329.0,
07:36:21,331.33,60.0,334.7,20.0,329.31,36.0,335.95,44.0,3.3700000000000045,96.0,64.0,1.1018302954593926,331.33,334.7,160,32.0,-32.0,0.2,329.0,
07:36:22,330.28,58.0,333.41,51.0,323.0,37.0,335.0,17.0,3.1300000000000523,95.0,68.0,1.00452476325478,330.28,333.41,163,27.0,3.0,0.17,331.67,6.0
07:36:23,327.76,41.0,332.16,19.0,321.48,25.0,333.04,49.0,4.400000000000034,66.0,68.0,1.4271369941226033,327.76,332.16,134,-2.0,-29.0,-0.01,331.67,
07:36:24,328.0,14.0,332.82,11.0,318.92,13.0,337.2,15.0,4.819999999999993,27.0,26.0,1.416163832328053,328.0,332.82,53,1.0,-81.0,0.02,332.0,1.0
07:36:25,328.0,14.0,333.0,21.0,318.0,35.0,340.0,21.0,5.0,49.0,42.0,1.260864782597528,328.0,333.0,91,7.0,38.0,0.08,332.0,
07:36:26,326.28,29.0,331.5,38.0,317.95,63.0,339.44,48.0,5.220000000000027,92.0,86.0,1.0636493783178138,326.28,331.5,178,6.0,87.0,0.03,329.0,4.0
07:36:27,318.92,61.0,329.27,45.0,317.27,70.0,340.0,60.0,10.349999999999966,131.0,105.0,2.693297235731373,318.92,329.27,236,26.0,58.0,0.11,329.0,
07:36:28,318.67,87.0,326.33,54.0,315.58,96.0,336.0,54.0,7.659999999999968,183.0,108.0,3.734363399563641,318.67,326.33,291,75.0,55.0,0.26,322.0,4.0
07:36:29,316.0,71.0,319.82,17.0,309.63,38.0,323.62,39.0,3.819999999999993,109.0,56.0,5.0616667215457865,316.0,319.82,165,53.0,-126.0,0.32,322.0,
07:36:30,316.0,16.0,317.0,8.0,312.0,40.0,321.0,24.0,1.0,56.0,32.0,4.976592207525984,316.0,317.0,88,24.0,-77.0,0.27,322.0,
07:36:31,316.0,10.0,320.27,11.0,312.0,25.0,327.0,15.0,4.269999999999982,35.0,26.0,3.2752053370761107,316.0,320.27,61,9.0,-27.0,0.15,317.0,1.0
07:36:32,316.0,10.0,321.0,12.0,312.0,25.0,331.0,15.0,5.0,35.0,27.0,2.250399964453821,316.0,321.0,62,8.0,1.0,0.13,321.0,1.0
07:36:33,316.0,14.0,321.0,14.0,312.0,35.0,331.0,21.0,5.0,49.0,35.0,0.8272242743144658,316.0,321.0,84,14.0,22.0,0.17,321.0,
07:36:34,316.0,16.0,321.0,16.0,308.3,33.0,331.0,24.0,5.0,49.0,40.0,0.8682856672863503,316.0,321.0,89,9.0,5.0,0.1,321.0,
07:36:35,316.1,20.0,321.0,20.0,307.9,20.0,331.0,30.0,4.899999999999977,40.0,50.0,0.1679880948586389,316.1,321.0,90,-10.0,1.0,-0.11,321.0,
07:36:36,318.62,26.0,321.0,26.0,310.18,34.0,331.0,39.0,2.3799999999999955,60.0,65.0,0.5806634137033883,318.62,321.0,125,-5.0,35.0,-0.04,321.0,
07:36:37,319.0,14.0,320.21,19.0,307.0,14.0,324.75,16.0,1.2099999999999795,28.0,35.0,0.6577461516522238,319.0,320.21,63,-7.0,-62.0,-0.11,321.0,
07:36:38,320.86,28.0,328.94,34.0,305.64,50.0,331.0,24.0,8.079999999999984,78.0,58.0,2.65402147693104,320.86,328.94,136,20.0,73.0,0.15,326.9,10.0
07:36:39,333.0,14.0,334.79,42.0,319.1,73.0,336.0,14.0,1.7900000000000205,87.0,56.0,6.384615885079263,333.0,334.79,143,31.0,7.0,0.22,326.9,
07:36:40,330.5,42.0,334.74,35.0,326.08,97.0,335.64,14.0,4.240000000000009,139.0,49.0,6.824531485750669,330.5,334.74,188,90.0,45.0,0.48,330.6,5.0
07:36:41,324.34,94.0,331.0,17.0,310.18,68.0,333.7,47.0,6.660000000000025,162.0,64.0,5.826754671341482,324.34,331.0,226,98.0,38.0,0.43,330.0,7.0
07:36:42,312.2,40.0,322.25,12.0,309.67,48.0,331.56,18.0,10.050000000000011,88.0,30.0,6.690012705518614,312.2,322.25,118,58.0,-108.0,0.49,330.0,
07:36:43,311.0,48.0,321.0,12.0,307.74,46.0,326.0,12.0,10.0,94.0,24.0,8.432625332599754,311.0,321.0,118,70.0,0.0,0.59,330.0,
07:36:44,307.8,120.0,330.56,32.0,305.8,60.0,493.54,24.0,22.75999999999999,180.0,56.0,7.248803349519665,307.8,330.56,236,124.0,118.0,0.53,321.5,2.0
07:36:45,320.76,25.0,333.0,40.0,318.36,50.0,513.46,26.0,12.240000000000007,75.0,66.0,5.4959139367360175,320.76,333.0,141,9.0,-95.0,0.06,321.5,
07:36:46,329.0,12.0,333.0,48.0,311.0,12.0,429.77,44.0,4.0,24.0,92.0,6.547955406079689,329.0,333.0,116,-68.0,-25.0,-0.59,321.5,
07:36:47,329.0,10.0,333.0,40.0,311.0,10.0,498.38,29.0,4.0,20.0,69.0,6.8961960528979,329.0,333.0,89,-49.0,-27.0,-0.55,321.5,
07:36:48,329.81,26.0,333.0,32.0,317.75,8.0,377.15,33.0,3.1899999999999977,34.0,65.0,5.209330091288177,329.81,333.0,99,-31.0,10.0,-0.31,321.5,
07:36:49,330.36,77.0,333.0,44.0,329.0,11.0,372.67,24.0,2.6399999999999864,88.0,68.0,1.9842177299876609,330.36,333.0,156,20.0,57.0,0.13,321.5,
07:36:50,331.73,64.0,342.45,40.0,329.32,19.0,411.79,29.0,10.71999999999997,83.0,69.0,2.6186217749027096,331.73,342.45,152,14.0,-4.0,0.09,332.33,6.0
07:36:53,327.89,36.0,364.96,27.0,324.0,54.0,397.46,37.0,37.06999999999999,90.0,64.0,29.278764488959546,327.89,364.96,154,26.0,-38.0,0.17,332.33,
07:36:54,328.97,111.0,333.0,9.0,325.0,24.0,336.0,27.0,4.029999999999973,135.0,36.0,29.43539315178173,328.97,333.0,171,99.0,17.0,0.58,328.0,3.0
07:36:55,329.0,248.0,333.68,19.0,328.56,32.0,344.9,49.0,4.680000000000007,280.0,68.0,30.544178987164816,329.0,333.68,348,212.0,176.0,0.61,329.17,6.0
07:36:56,329.93,166.0,338.28,72.0,329.83,128.0,387.35,88.0,8.349999999999966,294.0,160.0,30.31488132914216,329.93,338.28,454,134.0,106.0,0.3,334.0,1.0
07:36:57,330.3,54.0,335.43,35.0,329.68,31.0,337.0,21.0,5.129999999999996,85.0,56.0,6.43052330685397,330.3,335.43,141,29.0,-176.0,0.21,331.6,5.0
07:36:58,330.0,110.0,333.39,49.0,328.0,11.0,334.62,39.0,3.3899999999999864,121.0,88.0,1.275668452222731,330.0,333.39,209,33.0,68.0,0.16,331.6,
07:36:59,330.0,50.0,333.0,25.0,328.0,5.0,334.0,15.0,3.0,55.0,40.0,1.1712471985008917,330.0,333.0,95,15.0,-114.0,0.16,331.6,
07:37:00,330.0,80.0,332.93,28.0,328.0,8.0,334.0,24.0,2.930000000000007,88.0,52.0,1.1477020519264352,330.0,332.93,140,36.0,45.0,0.26,333.0,3.0
07:37:01,330.0,70.0,336.29,28.0,328.0,10.0,364.45,29.0,6.2900000000000205,80.0,57.0,0.8050465825009133,330.0,336.29,137,23.0,-3.0,0.17,331.62,8.0
07:37:02,331.76,17.0,339.57,35.0,329.97,71.0,340.6,40.0,7.810000000000002,88.0,75.0,1.803599179417558,331.76,339.57,163,13.0,26.0,0.08,331.62,
07:37:03,333.0,8.0,337.38,32.0,330.0,56.0,339.0,24.0,4.379999999999996,64.0,56.0,1.987327350990453,333.0,337.38,120,8.0,-43.0,0.07,331.62,
07:37:04,330.08,37.0,335.42,36.0,328.88,16.0,336.65,34.0,5.340000000000032,53.0,70.0,1.7548418732166104,330.08,335.42,123,-17.0,3.0,-0.14,330.75,4.0
07:37:05,329.64,28.0,331.32,63.0,327.06,16.0,341.88,59.0,1.6800000000000068,44.0,122.0,2.0834418638384355,329.64,331.32,166,-78.0,43.0,-0.47,330.0,4.0
07:37:06,320.0,51.0,331.0,21.0,319.0,60.0,353.22,27.0,11.0,111.0,48.0,4.14530698501288,320.0,331.0,159,63.0,-7.0,0.4,326.33,9.0
07:37:07,320.0,24.0,345.0,20.0,319.0,48.0,383.55,22.0,25.0,72.0,42.0,3.63956453439108,320.0,345.0,114,30.0,-45.0,0.26,327.0,8.0
07:37:08,320.0,27.0,347.0,27.0,319.0,54.0,471.1,20.0,27.0,81.0,47.0,3.243004779521271,320.0,347.0,128,34.0,14.0,0.27,327.0,
07:37:09,321.64,28.0,346.0,40.0,319.92,25.0,347.0,24.0,24.360000000000014,53.0,64.0,3.422163058651289,321.64,346.0,117,-11.0,-11.0,-0.09,327.0,
07:37:10,324.06,34.0,345.59,39.0,323.2,40.0,346.32,38.0,21.529999999999973,74.0,77.0,3.742020844409676,324.06,345.59,151,-3.0,34.0,-0.02,327.0,
07:37:11,325.0,46.0,341.31,65.0,324.0,78.0,342.92,26.0,16.310000000000002,124.0,91.0,0.8588480657221544,325.0,341.31,215,33.0,64.0,0.15,327.0,
07:37:12,325.6,40.0,339.65,72.0,324.34,58.0,343.13,30.0,14.049999999999956,98.0,102.0,0.8198963349074458,325.6,339.65,200,-4.0,-15.0,-0.02,327.0,
07:37:13,329.46,74.0,337.25,80.0,328.48,80.0,340.0,32.0,7.79000000000002,154.0,112.0,0.8264562904320448,329.46,337.25,266,42.0,66.0,0.16,327.0,
07:37:14,332.26,78.0,335.0,80.0,329.26,92.0,339.62,32.0,2.740000000000009,170.0,112.0,0.8154630586327886,332.26,335.0,282,58.0,16.0,0.21,327.0,
07:37:15,332.73,22.0,337.22,23.0,329.2,60.0,345.75,24.0,4.490000000000009,82.0,47.0,0.8759452037626076,332.73,337.22,129,35.0,-153.0,0.27,334.0,4.0
07:37:16,332.0,26.0,337.38,13.0,329.0,104.0,339.0,26.0,5.379999999999996,130.0,39.0,0.9678222977356298,332.0,337.38,169,91.0,40.0,0.54,334.0,
07:37:17,332.0,24.0,335.08,39.0,329.0,96.0,338.13,15.0,3.079999999999984,120.0,54.0,0.738498476636217,332.0,335.08,174,66.0,5.0,0.38,335.0,4.0
07:37:18,332.0,18.0,336.0,9.0,329.17,48.0,343.0,18.0,4.0,66.0,27.0,0.6379106520460648,332.0,336.0,93,39.0,-81.0,0.42,335.0,
07:37:19,332.0,20.0,335.4,10.0,330.0,20.0,343.0,20.0,3.3999999999999773,40.0,30.0,0.6238188839669886,332.0,335.4,70,10.0,-23.0,0.14,335.0,
07:37:20,332.0,18.0,334.22,9.0,330.0,18.0,342.67,18.0,2.2200000000000277,36.0,27.0,0.5885320721883606,332.0,334.22,63,9.0,-7.0,0.14,335.0,
07:37:21,331.2,20.0,334.0,14.0,329.75,64.0,342.0,28.0,2.800000000000012,84.0,42.0,0.5461684721721932,331.2,334.0,126,42.0,63.0,0.33,332.33,3.0
07:37:22,329.11,72.0,334.31,13.0,328.67,48.0,342.42,24.0,5.199999999999989,120.0,37.0,0.9114987657673695,329.11,334.31,157,83.0,31.0,0.53,330.33,3.0
07:37:23,329.45,44.0,341.5,16.0,328.87,46.0,346.25,16.0,12.050000000000011,90.0,32.0,1.4110811457868198,329.45,341.5,122,58.0,-35.0,0.48,330.33,
07:37:24,330.0,32.0,341.0,16.0,329.0,64.0,346.0,16.0,11.0,96.0,32.0,1.72660070658926,330.0,341.0,128,64.0,6.0,0.5,330.33,
07:37:25,330.0,28.0,340.71,14.0,329.0,56.0,344.71,14.0,10.70999999999998,84.0,28.0,1.8309560344240647,330.0,340.71,112,56.0,-16.0,0.5,330.33,
07:37:26,330.0,40.0,339.3,20.0,329.0,38.0,341.0,20.0,9.300000000000011,78.0,40.0,1.620077158654281,330.0,339.3,118,38.0,6.0,0.32,330.33,
07:37:27,332.6,89.0,339.0,36.0,329.96,92.0,343.31,26.0,6.399999999999977,181.0,62.0,0.4276914775771115,332.6,339.0,243,119.0,125.0,0.49,330.33,
07:37:28,335.0,18.0,338.2,20.0,333.0,63.0,340.33,18.0,3.1999999999999886,81.0,38.0,0.7086042619063091,335.0,338.2,119,43.0,-124.0,0.36,330.33,
07:37:29,333.86,37.0,338.82,22.0,332.47,68.0,343.73,22.0,4.95999999999998,105.0,44.0,0.7802563681198248,333.86,338.82,149,61.0,30.0,0.41,335.0,2.0
07:37:30,333.0,21.0,345.0,6.0,330.0,12.0,351.71,7.0,12.0,33.0,13.0,1.596533745334092,333.0,345.0,46,20.0,-103.0,0.43,335.0,
07:37:31,333.0,98.0,343.43,49.0,330.0,56.0,476.98,49.0,10.430000000000009,154.0,98.0,1.3527010016960257,333.0,343.43,252,56.0,176.0,0.22,335.0,
07:37:32,333.0,47.0,341.33,30.0,330.0,28.0,342.55,29.0,8.329999999999984,75.0,59.0,1.119388225768455,333.0,341.33,134,16.0,-118.0,0.12,333.0,1.0
07:37:33,333.0,84.0,340.71,56.0,330.0,56.0,342.57,74.0,7.7099999999999795,140.0,130.0,1.0743509668581193,333.0,340.71,270,10.0,136.0,0.04,333.0,2.0
07:37:34,333.0,40.0,339.1,40.0,330.0,40.0,344.2,35.0,6.100000000000023,80.0,75.0,1.158261628471319,333.0,339.1,155,5.0,-115.0,0.03,333.0,
07:37:35,333.84,122.0,337.0,44.0,331.64,44.0,344.63,43.0,3.160000000000025,166.0,87.0,1.069892517961491,333.84,337.0,253,79.0,98.0,0.31,333.0,
07:37:36,333.0,34.0,336.58,48.0,330.0,44.0,342.49,51.0,3.579999999999984,78.0,99.0,0.9867471813949684,333.0,336.58,177,-21.0,-76.0,-0.12,333.0,2.0
07:37:37,331.53,30.0,336.72,75.0,329.61,46.0,349.32,84.0,5.190000000000055,76.0,159.0,1.0638373935859584,331.53,336.72,235,-83.0,58.0,-0.35,331.91,11.0
07:37:38,325.57,35.0,346.0,50.0,325.0,10.0,436.52,31.0,20.430000000000007,45.0,81.0,0.7787040516088646,325.57,346.0,126,-36.0,-109.0,-0.29,328.5,2.0
07:37:39,330.14,56.0,345.68,76.0,325.73,71.0,408.02,88.0,15.54000000000002,127.0,164.0,1.43363872715254,330.14,345.68,291,-37.0,165.0,-0.13,334.0,1.0
07:37:40,327.58,72.0,344.14,42.0,322.03,29.0,346.0,56.0,16.560000000000002,101.0,98.0,1.432717697242353,327.58,344.14,199,3.0,-92.0,0.02,332.33,3.0
07:37:41,327.08,65.0,343.0,33.0,321.78,46.0,345.64,44.0,15.920000000000016,111.0,77.0,1.3971148843210286,327.08,343.0,188,34.0,-11.0,0.18,332.33,
07:37:42,329.06,96.0,340.0,45.0,327.56,81.0,343.27,60.0,10.939999999999998,177.0,105.0,1.2886931364724683,329.06,340.0,282,72.0,94.0,0.26,332.33,
07:37:43,331.24,117.0,335.7,46.0,330.22,111.0,336.57,49.0,4.45999999999998,228.0,95.0,1.6670242949615028,331.24,335.7,323,133.0,41.0,0.41,332.25,8.0
07:37:44,330.09,35.0,333.57,21.0,326.8,30.0,335.5,24.0,3.480000000000018,65.0,45.0,1.5576681289650989,330.09,333.57,110,20.0,-176.0,0.18,330.6,5.0
07:37:45,328.97,35.0,335.4,25.0,325.18,33.0,340.78,41.0,6.42999999999995,68.0,66.0,1.405318469242706,328.97,335.4,134,2.0,24.0,0.01,330.0,4.0
07:37:46,332.38,24.0,343.44,18.0,325.35,20.0,344.95,42.0,11.060000000000002,44.0,60.0,2.4409997951646583,332.38,343.44,104,-16.0,-30.0,-0.15,330.0,
07:37:47,328.47,19.0,341.21,47.0,324.13,31.0,343.26,27.0,12.739999999999952,50.0,74.0,2.462116975286473,328.47,341.21,124,-24.0,20.0,-0.19,331.0,1.0
07:37:48,324.0,45.0,340.45,51.0,322.2,50.0,342.14,73.0,16.44999999999999,95.0,124.0,2.593819577378913,324.0,340.45,219,-29.0,95.0,-0.13,331.0,
07:37:49,325.44,36.0,335.43,63.0,324.3,81.0,338.74,81.0,9.990000000000007,117.0,144.0,2.912639696219643,325.44,335.43,261,-27.0,42.0,-0.1,331.0,
07:37:50,328.61,28.0,330.7,47.0,325.43,40.0,339.05,76.0,2.089999999999975,68.0,123.0,3.386064086811583,328.61,330.7,191,-55.0,-70.0,-0.29,329.25,4.0
07:37:51,328.0,8.0,329.25,16.0,320.05,22.0,342.09,55.0,1.25,30.0,71.0,2.446289026259467,328.0,329.25,101,-41.0,-90.0,-0.41,329.25,
07:37:52,329.4,25.0,339.77,39.0,321.68,19.0,343.33,45.0,10.370000000000005,44.0,84.0,2.3492403027356743,329.4,339.77,128,-40.0,27.0,-0.31,329.0,2.0
07:37:53,330.0,50.0,341.0,50.0,328.0,10.0,344.0,50.0,11.0,60.0,100.0,3.081966904429181,330.0,341.0,160,-40.0,32.0,-0.25,329.0,
07:37:54,332.87,113.0,340.15,85.0,329.98,91.0,342.42,95.0,7.279999999999973,204.0,180.0,3.5871116514537555,332.87,340.15,384,24.0,176.0,0.06,329.0,
07:37:55,333.0,66.0,337.91,44.0,330.0,55.0,339.29,35.0,4.910000000000025,121.0,79.0,3.1561954945778914,333.0,337.91,200,42.0,-176.0,0.21,329.0,
07:37:56,333.0,84.0,336.36,56.0,330.0,70.0,341.38,63.0,3.3600000000000136,154.0,119.0,0.7777724602942714,333.0,336.36,273,35.0,73.0,0.13,329.0,
07:37:57,330.82,11.0,336.0,44.0,329.21,71.0,344.0,60.0,5.180000000000007,82.0,104.0,1.1513687506583257,330.82,336.0,186,-22.0,-87.0,-0.12,331.8,10.0
07:37:58,328.91,11.0,335.0,44.0,324.68,25.0,343.55,55.0,6.089999999999975,36.0,99.0,1.775922295595609,328.91,335.0,135,-63.0,-51.0,-0.47,329.0,3.0
07:37:59,327.0,9.0,332.78,36.0,320.0,27.0,345.0,45.0,5.779999999999973,36.0,81.0,2.221413964121856,327.0,332.78,117,-45.0,-18.0,-0.38,329.0,
07:38:00,327.0,9.0,332.0,28.0,320.0,27.0,344.56,45.0,5.0,36.0,73.0,2.225428048712735,327.0,332.0,109,-37.0,-8.0,-0.34,332.0,1.0
07:38:01,321.86,14.0,331.82,38.0,266.02,55.0,343.61,46.0,9.95999999999998,69.0,84.0,2.508619142077918,321.86,331.82,153,-15.0,44.0,-0.1,321.75,4.0
07:38:02,333.0,32.0,338.12,32.0,264.67,18.0,343.76,58.0,5.1200000000000045,50.0,90.0,3.2467784032790177,333.0,338.12,140,-40.0,-13.0,-0.29,330.75,4.0
07:38:03,334.0,21.0,338.0,32.0,318.0,7.0,343.0,35.0,4.0,28.0,67.0,4.031887895266657,334.0,338.0,95,-39.0,-45.0,-0.41,330.75,
07:38:04,334.0,29.0,338.0,11.0,319.09,22.0,343.0,55.0,4.0,51.0,66.0,4.315877662769871,334.0,338.0,117,-15.0,22.0,-0.13,334.0,2.0
07:38:05,321.32,53.0,336.73,11.0,319.82,66.0,341.05,19.0,15.410000000000023,119.0,30.0,4.411358067533864,321.32,336.73,149,89.0,32.0,0.6,322.8,5.0
07:38:06,320.26,140.0,335.18,17.0,319.49,45.0,338.88,17.0,14.920000000000016,185.0,34.0,4.128389516505892,320.26,335.18,219,151.0,70.0,0.69,322.8,
07:38:07,321.02,99.0,333.86,14.0,319.46,121.0,337.64,14.0,12.840000000000032,220.0,28.0,4.389587679953359,321.02,333.86,248,192.0,29.0,0.77,321.0,1.0
07:38:08,324.29,112.0,332.88,16.0,323.45,44.0,337.0,16.0,8.589999999999975,156.0,32.0,3.5503971608822265,324.29,332.88,188,124.0,-60.0,0.66,321.0,
07:38:09,324.0,104.0,331.23,13.0,322.0,13.0,341.05,37.0,7.230000000000018,117.0,50.0,0.6863526790237059,324.0,331.23,167,67.0,-21.0,0.4,321.0,
07:38:10,324.83,138.0,347.41,34.0,322.69,32.0,377.42,72.0,22.58000000000004,170.0,106.0,3.728844324988785,324.83,347.41,276,64.0,109.0,0.23,330.0,1.0
07:38:11,330.47,87.0,349.98,58.0,327.61,69.0,446.64,14.0,19.50999999999999,156.0,72.0,5.839128359609654,330.47,349.98,228,84.0,-48.0,0.37,330.0,
07:38:12,331.02,98.0,337.0,65.0,329.24,68.0,345.59,49.0,5.980000000000018,166.0,114.0,5.268336549613724,331.02,337.0,280,52.0,52.0,0.19,330.0,
07:38:13,331.0,88.0,336.62,65.0,329.0,65.0,340.08,65.0,5.6200000000000045,153.0,130.0,4.566373834892875,331.0,336.62,283,23.0,3.0,0.08,331.0,4.0
07:38:14,331.0,27.0,335.83,60.0,329.0,60.0,337.0,60.0,4.829999999999984,87.0,120.0,2.835413550082704,331.0,335.83,207,-33.0,-76.0,-0.16,331.0,3.0
07:38:15,330.48,21.0,335.61,76.0,323.33,36.0,341.44,106.0,5.129999999999996,57.0,182.0,3.001627891660361,330.48,335.61,239,-125.0,32.0,-0.52,332.22,9.0
07:38:16,329.0,20.0,334.22,27.0,320.0,72.0,340.36,44.0,5.220000000000027,92.0,71.0,0.9523497256763006,329.0,334.22,163,21.0,-76.0,0.13,329.0,1.0
07:38:17,329.0,26.0,331.53,19.0,319.2,80.0,333.08,62.0,2.5299999999999727,106.0,81.0,1.469513524945178,329.0,331.53,187,25.0,24.0,0.13,331.67,6.0
07:38:18,318.57,56.0,332.0,8.0,317.73,22.0,343.0,40.0,13.430000000000009,78.0,48.0,3.284848550542195,318.57,332.0,126,30.0,-61.0,0.24,329.0,2.0
07:38:19,318.47,15.0,332.0,8.0,317.28,57.0,343.0,40.0,13.529999999999973,72.0,48.0,3.628405986104835,318.47,332.0,120,24.0,-6.0,0.2,329.0,
07:38:20,319.0,15.0,325.0,15.0,317.12,118.0,333.05,19.0,6.0,133.0,34.0,3.964286821107232,319.0,325.0,167,99.0,47.0,0.59,329.0,
07:38:21,319.93,43.0,337.63,41.0,317.59,34.0,339.63,41.0,17.69999999999999,77.0,82.0,3.259075022150488,319.93,337.63,159,-5.0,-8.0,-0.03,324.0,2.0
07:38:22,330.68,37.0,339.0,70.0,325.19,43.0,341.0,70.0,8.319999999999993,80.0,140.0,4.884441626225449,330.68,339.0,220,-60.0,61.0,-0.27,324.0,
07:38:23,333.0,36.0,337.33,60.0,331.0,24.0,339.92,60.0,4.329999999999984,60.0,120.0,5.814372709072011,333.0,337.33,180,-60.0,-40.0,-0.33,324.0,
07:38:24,329.71,17.0,337.0,50.0,328.53,34.0,340.0,50.0,7.29000000000002,51.0,100.0,5.555121060787002,329.71,337.0,151,-49.0,-29.0,-0.32,331.67,6.0
07:38:25,329.0,18.0,337.0,45.0,328.0,36.0,340.0,45.0,8.0,54.0,90.0,2.550562683016512,329.0,337.0,144,-36.0,-7.0,-0.25,331.67,
07:38:26,329.0,18.0,337.0,45.0,328.0,36.0,340.0,45.0,8.0,54.0,90.0,1.050604587842259,329.0,337.0,144,-36.0,0.0,-0.25,331.67,
07:38:27,329.0,46.0,336.83,48.0,328.0,48.0,339.0,60.0,7.829999999999984,94.0,108.0,0.954866482810938,329.0,336.83,202,-14.0,58.0,-0.07,331.67,
07:38:28,329.0,40.0,336.0,20.0,328.0,40.0,337.0,50.0,7.0,80.0,70.0,0.3034468651946339,329.0,336.0,150,10.0,-52.0,0.07,331.67,
07:38:29,329.29,34.0,335.5,16.0,328.25,32.0,337.0,40.0,6.20999999999998,66.0,56.0,0.2906544339876751,329.29,335.5,122,10.0,-28.0,0.08,331.67,
07:38:30,330.83,90.0,332.78,36.0,329.0,72.0,337.0,90.0,1.9499999999999889,162.0,126.0,0.4767389222593522,330.83,332.78,288,36.0,166.0,0.12,331.67,
07:38:31,329.59,34.0,339.06,34.0,328.25,32.0,346.12,24.0,9.470000000000027,66.0,58.0,0.9426558226609824,329.59,339.06,124,8.0,-164.0,0.06,332.0,2.0
07:38:32,331.08,39.0,340.0,65.0,329.0,52.0,344.15,47.0,8.920000000000016,91.0,112.0,1.5594165575611845,331.08,340.0,203,-21.0,79.0,-0.1,332.0,
07:38:33,332.6,30.0,340.0,50.0,329.0,40.0,343.0,50.0,7.399999999999977,70.0,100.0,1.942467502944382,332.6,340.0,170,-30.0,-33.0,-0.18,332.0,
07:38:34,333.63,19.0,340.0,45.0,329.0,36.0,343.0,45.0,6.3700000000000045,55.0,90.0,1.99522429816646,333.63,340.0,145,-35.0,-25.0,-0.24,334.0,2.0
07:38:35,334.25,53.0,338.83,23.0,333.55,226.0,340.4,75.0,4.579999999999984,279.0,98.0,1.0052263426675343,334.25,338.83,377,181.0,176.0,0.48,335.0,1.0
07:38:36,334.0,240.0,343.91,69.0,331.0,84.0,362.51,57.0,9.910000000000023,324.0,126.0,1.2812181703330847,334.0,343.91,450,198.0,73.0,0.44,335.0,
07:38:37,334.0,116.0,345.0,30.0,331.53,38.0,346.0,18.0,11.0,154.0,48.0,1.4898590537332097,334.0,345.0,202,106.0,-176.0,0.52,334.0,1.0
07:38:38,334.0,247.0,343.48,29.0,333.0,65.0,345.05,63.0,9.480000000000018,312.0,92.0,1.339820883547621,334.0,343.48,404,220.0,176.0,0.54,334.0,
07:38:39,334.0,209.0,342.0,22.0,333.0,55.0,345.0,55.0,8.0,264.0,77.0,1.145128813710526,334.0,342.0,341,187.0,-63.0,0.55,334.0,
07:38:40,334.0,299.0,337.21,56.0,333.0,85.0,341.62,52.0,3.2099999999999795,384.0,108.0,1.5248016264387598,334.0,337.21,492,276.0,151.0,0.56,334.0,6.0
07:38:41,334.0,143.0,335.0,52.0,333.0,65.0,346.0,83.0,1.0,208.0,135.0,2.1269226596167687,334.0,335.0,343,73.0,-149.0,0.21,334.0,6.0
07:38:42,334.0,35.0,335.0,20.0,333.0,25.0,346.0,35.0,1.0,60.0,55.0,1.987158775737953,334.0,335.0,115,5.0,-176.0,0.04,334.0,
07:38:43,334.0,42.0,335.0,24.0,333.0,30.0,346.0,42.0,1.0,72.0,66.0,1.5191839914879526,334.0,335.0,138,6.0,23.0,0.04,334.0,
07:38:44,334.0,94.0,345.04,96.0,333.0,85.0,348.03,71.0,11.04000000000002,179.0,167.0,2.174690782615512,334.0,345.04,346,12.0,176.0,0.03,334.29,7.0
07:38:45,334.0,20.0,345.0,34.0,333.0,50.0,346.0,56.0,11.0,70.0,90.0,2.7440991235726107,334.0,345.0,160,-20.0,-176.0,-0.12,334.29,
07:38:46,334.0,9.0,344.33,12.0,333.0,25.0,345.38,13.0,10.329999999999984,34.0,25.0,2.685613523944002,334.0,344.33,59,9.0,-101.0,0.15,334.0,1.0
07:38:47,334.0,12.0,343.33,24.0,333.0,60.0,345.0,24.0,9.329999999999984,72.0,48.0,2.136485431728936,334.0,343.33,120,24.0,61.0,0.2,334.0,
07:38:48,333.09,11.0,343.0,6.0,331.53,19.0,345.0,6.0,9.910000000000023,30.0,12.0,0.6243156252963583,333.09,343.0,42,18.0,-78.0,0.43,334.0,
07:38:49,334.33,45.0,342.46,26.0,332.41,71.0,345.69,26.0,8.129999999999995,116.0,52.0,0.5825547184509224,334.33,342.46,168,64.0,126.0,0.38,334.0,
07:38:50,335.0,51.0,340.0,34.0,333.0,85.0,346.0,64.0,5.0,136.0,98.0,0.6303729055010862,335.0,340.0,234,38.0,66.0,0.16,334.0,
07:38:51,335.0,24.0,336.86,14.0,333.0,40.0,344.71,28.0,1.8600000000000136,64.0,42.0,1.086945260806898,335.0,336.86,106,22.0,-128.0,0.21,334.0,
07:38:52,335.0,20.0,336.88,16.0,333.0,45.0,344.56,25.0,1.8799999999999957,65.0,41.0,1.1668890264250336,335.0,336.88,106,24.0,0.0,0.23,335.0,1.0
07:38:53,335.0,24.0,336.33,24.0,333.0,60.0,347.0,36.0,1.329999999999984,84.0,60.0,1.2000708312394228,335.0,336.33,144,24.0,38.0,0.17,335.0,
07:38:54,335.0,14.0,336.0,24.0,333.0,60.0,346.85,34.0,1.0,74.0,58.0,0.7998562370778576,335.0,336.0,132,16.0,-12.0,0.12,335.0,1.0
07:38:55,332.93,28.0,338.5,16.0,332.09,53.0,346.57,14.0,5.569999999999993,81.0,30.0,0.1864135188036425,332.93,338.5,111,51.0,-21.0,0.46,333.33,6.0
07:38:56,332.21,53.0,346.0,7.0,330.82,34.0,347.0,14.0,13.79000000000002,87.0,21.0,1.5263780658775423,332.2099999999999,346.0,108,66.0,-3.0,0.61,333.33,
07:38:57,333.0,80.0,344.7,10.0,331.0,70.0,345.92,12.0,11.699999999999989,150.0,22.0,1.837778550313236,333.0,344.7,172,128.0,64.0,0.74,333.33,
07:38:58,332.06,66.0,343.57,14.0,330.9,78.0,344.57,14.0,11.509999999999993,144.0,28.0,1.7054999267050488,332.06,343.57,172,116.0,0.0,0.67,333.0,8.0
07:38:59,331.12,64.0,341.17,12.0,330.64,44.0,343.0,12.0,10.050000000000011,108.0,24.0,1.5417619790326884,331.12,341.17,132,84.0,-40.0,0.64,332.0,2.0
07:39:00,330.29,48.0,335.86,14.0,327.33,36.0,338.3,10.0,5.569999999999993,84.0,24.0,2.483559944916043,330.29,335.86,108,60.0,-24.0,0.56,332.0,
07:39:01,330.0,51.0,332.27,67.0,327.19,64.0,335.46,26.0,2.269999999999982,115.0,93.0,3.2397191236267866,330.0,332.27,208,22.0,100.0,0.11,330.0,4.0
07:39:02,329.11,18.0,332.76,51.0,327.88,68.0,343.4,30.0,3.649999999999977,86.0,81.0,3.062755295480672,329.11,332.76,167,5.0,-41.0,0.03,330.12,8.0
07:39:03,332.07,58.0,339.77,65.0,328.7,54.0,341.54,26.0,7.699999999999989,112.0,91.0,2.510850453530708,332.07000000000005,339.77,203,21.0,36.0,0.1,330.12,
07:39:04,334.0,27.0,338.11,45.0,333.0,45.0,339.14,42.0,4.110000000000014,72.0,87.0,2.4867911050177587,334.0,338.11,159,-15.0,-44.0,-0.09,330.12,
07:39:05,334.0,30.0,337.7,50.0,333.0,50.0,338.7,50.0,3.6999999999999886,80.0,100.0,2.6903066739676413,334.0,337.7,180,-20.0,21.0,-0.11,330.12,
07:39:06,331.43,60.0,336.35,85.0,330.01,75.0,339.73,55.0,4.920000000000016,135.0,140.0,2.1973324737040105,331.43,336.35,275,-5.0,95.0,-0.02,332.78,9.0
07:39:07,328.0,33.0,334.84,43.0,327.0,44.0,338.71,34.0,6.839999999999975,77.0,77.0,2.003065151210528,328.0,334.84,154,0.0,-121.0,0.0,332.78,
07:39:08,328.0,36.0,331.83,60.0,327.0,48.0,333.0,24.0,3.829999999999984,84.0,84.0,2.7085549652896552,328.0,331.83,168,0.0,14.0,0.0,332.78,
07:39:09,328.0,24.0,330.71,28.0,327.0,32.0,331.57,28.0,2.7099999999999795,56.0,56.0,2.7380777929044613,328.0,330.71,112,0.0,-56.0,0.0,332.78,
07:39:10,328.0,39.0,329.62,26.0,327.0,52.0,331.0,65.0,1.6200000000000043,91.0,91.0,2.041359840889875,328.0,329.62,182,0.0,70.0,0.0,332.78,
07:39:11,327.9,40.0,329.0,26.0,326.94,51.0,331.0,65.0,1.1000000000000227,91.0,91.0,1.163902916913204,327.9,329.0,182,0.0,0.0,0.0,328.0,3.0
07:39:12,327.0,32.0,328.17,36.0,326.0,27.0,331.4,25.0,1.170000000000016,59.0,61.0,0.8910836099938982,327.0,328.17,120,-2.0,-62.0,-0.02,327.0,2.0
07:39:13,327.0,16.0,328.0,40.0,324.72,25.0,342.0,8.0,1.0,41.0,48.0,0.7994685734912599,327.0,328.0,89,-7.0,-31.0,-0.08,327.0,
07:39:14,325.5,16.0,329.27,22.0,323.07,30.0,344.0,8.0,3.769999999999982,46.0,30.0,0.6408041822588628,325.5,329.27,76,16.0,-13.0,0.21,327.0,2.0
07:39:15,331.08,61.0,340.5,34.0,326.99,82.0,343.0,18.0,9.420000000000016,143.0,52.0,3.629059106710659,331.08,340.5,195,91.0,119.0,0.47,327.0,
07:39:16,333.22,18.0,338.22,59.0,331.0,126.0,339.58,50.0,5.0,144.0,109.0,4.527497101048066,333.22,338.22,253,35.0,58.0,0.14,327.0,
07:39:17,331.14,58.0,335.12,48.0,329.5,28.0,336.31,48.0,3.980000000000018,86.0,96.0,4.211214789107511,331.14,335.12,182,-10.0,-71.0,-0.05,332.0,4.0
07:39:18,331.0,41.0,332.82,33.0,328.53,19.0,335.09,34.0,1.8199999999999927,60.0,67.0,3.4509013315360293,331.0,332.82,127,-7.0,-55.0,-0.06,331.0,3.0
07:39:19,329.85,13.0,336.7,40.0,327.44,18.0,344.35,46.0,6.849999999999966,31.0,86.0,1.7185691723047445,329.85,336.7,117,-55.0,-10.0,-0.47,331.0,1.0
07:39:20,328.0,9.0,342.88,48.0,327.0,18.0,344.23,39.0,14.879999999999995,27.0,87.0,1.6304692576053794,328.0,342.87999999999994,114,-60.0,-3.0,-0.53,331.0,
07:39:21,328.38,8.0,341.0,40.0,327.23,13.0,342.0,16.0,12.620000000000005,21.0,56.0,1.3893235764199634,328.38,341.0,77,-35.0,-37.0,-0.45,331.0,
07:39:22,329.0,10.0,340.5,50.0,328.0,10.0,342.41,27.0,11.5,20.0,77.0,1.4153162190818478,329.0,340.5,97,-57.0,20.0,-0.59,331.0,
07:39:23,331.63,41.0,340.0,119.0,328.71,17.0,345.21,19.0,8.370000000000005,58.0,138.0,0.97536147145333,331.63,340.0,196,-80.0,99.0,-0.41,331.0,
07:39:24,333.0,17.0,339.1,40.0,332.0,36.0,340.42,48.0,6.100000000000023,53.0,88.0,0.6153454314409135,333.0,339.1,141,-35.0,-55.0,-0.25,333.0,1.0
07:39:25,333.93,15.0,337.48,42.0,332.0,45.0,338.13,63.0,3.550000000000012,60.0,105.0,0.6355076710749921,333.93,337.48,165,-45.0,24.0,-0.27,333.0,
07:39:26,333.47,15.0,335.61,72.0,331.68,37.0,337.15,33.0,2.1399999999999864,52.0,105.0,0.6795366068102335,333.47,335.61,157,-53.0,-8.0,-0.34,332.67,3.0
07:39:27,331.2,15.0,333.74,57.0,328.16,19.0,339.17,48.0,2.5400000000000205,34.0,105.0,1.486785122334581,331.2,333.74,139,-71.0,-18.0,-0.51,332.0,1.0
07:39:28,329.0,14.0,331.64,47.0,327.0,29.0,333.0,48.0,2.6399999999999864,43.0,95.0,2.4030251767295754,329.0,331.64,138,-52.0,-1.0,-0.38,332.0,
07:39:29,328.14,14.0,330.45,44.0,326.6,40.0,332.1,40.0,2.3100000000000023,54.0,84.0,2.7105866523682827,328.14,330.45,138,-30.0,0.0,-0.22,329.0,1.0
07:39:30,326.6,60.0,329.3,69.0,325.21,114.0,331.09,55.0,2.6999999999999886,174.0,124.0,2.613049942117115,326.6,329.3,298,50.0,160.0,0.17,327.0,3.0
07:39:31,324.7,92.0,327.53,75.0,320.89,74.0,333.87,75.0,2.829999999999984,166.0,150.0,2.4012184407086563,324.7,327.53,316,16.0,18.0,0.05,326.0,8.0
07:39:32,321.0,60.0,326.45,22.0,320.0,20.0,329.6,50.0,5.449999999999989,80.0,72.0,2.6238464131881454,321.0,326.45,152,8.0,-164.0,0.05,326.0,1.0
07:39:33,321.0,90.0,324.67,15.0,320.0,30.0,327.0,75.0,3.670000000000016,120.0,90.0,2.7342786983044176,321.0,324.67,210,30.0,58.0,0.14,326.0,
07:39:34,321.0,58.0,322.85,41.0,320.0,26.0,330.76,37.0,1.8500000000000227,84.0,78.0,2.473903797644975,321.0,322.85,162,6.0,-48.0,0.04,321.0,5.0
07:39:35,317.37,68.0,335.95,43.0,313.06,47.0,339.29,63.0,18.579999999999984,115.0,106.0,2.057722041482397,317.37,335.95,221,9.0,59.0,0.04,320.33,3.0
07:39:36,328.86,49.0,337.0,60.0,321.71,129.0,340.0,72.0,8.139999999999986,178.0,132.0,4.45785598690689,328.86,337.0,310,46.0,89.0,0.15,332.0,4.0
07:39:37,329.54,61.0,337.0,80.0,328.05,132.0,339.86,84.0,7.4599999999999795,193.0,164.0,5.392455841265683,329.54,337.0,357,29.0,47.0,0.08,332.0,1.0
07:39:38,329.0,90.0,337.0,45.0,326.0,54.0,339.0,27.0,8.0,144.0,72.0,5.088749355195165,329.0,337.0,216,72.0,-141.0,0.33,332.0,
07:39:39,329.0,110.0,337.0,55.0,326.0,66.0,339.0,33.0,8.0,176.0,88.0,2.8606590149820468,329.0,337.0,264,88.0,48.0,0.33,332.0,
07:39:40,329.0,70.0,337.0,35.0,326.0,42.0,339.0,21.0,8.0,112.0,56.0,0.1320984481264003,329.0,337.0,168,56.0,-96.0,0.33,332.0,
07:39:41,329.0,93.0,337.0,50.0,326.0,60.0,339.0,30.0,8.0,153.0,80.0,0.1207476707742009,329.0,337.0,233,73.0,65.0,0.31,329.0,1.0
07:39:42,329.0,117.0,337.0,65.0,326.14,58.0,339.0,39.0,8.0,175.0,104.0,0.0,329.0,337.0,279,71.0,46.0,0.25,329.0,
07:39:43,329.0,81.0,337.0,45.0,328.0,9.0,339.0,27.0,8.0,90.0,72.0,0.0,329.0,337.0,162,18.0,-117.0,0.11,329.0,
07:39:44,327.59,58.0,337.0,50.0,326.13,45.0,339.0,30.0,9.410000000000023,103.0,80.0,0.3175216528010742,327.59,337.0,183,23.0,21.0,0.13,328.46,13.0
07:39:45,327.0,40.0,337.0,50.0,326.0,60.0,339.0,30.0,10.0,100.0,80.0,0.4793954526251318,327.0,337.0,180,20.0,-3.0,0.11,328.46,
07:39:46,327.0,40.0,334.91,43.0,326.0,60.0,337.62,34.0,7.910000000000025,100.0,77.0,0.848392597797704,327.0,334.91,177,23.0,-3.0,0.13,328.46,
07:39:47,327.26,46.0,335.4,40.0,326.17,72.0,337.73,41.0,8.139999999999986,118.0,81.0,0.8059962779059038,327.26,335.4,199,37.0,22.0,0.19,328.46,
07:39:48,327.0,20.0,336.0,15.0,326.0,30.0,338.0,15.0,9.0,50.0,30.0,0.5339756548742366,327.0,336.0,80,20.0,-119.0,0.25,328.46,
07:39:49,327.0,68.0,336.0,51.0,326.0,102.0,338.0,51.0,9.0,170.0,102.0,0.378060841662379,327.0,336.0,272,68.0,176.0,0.25,328.46,
07:39:50,327.2,41.0,334.58,50.0,325.75,72.0,335.7,47.0,7.3799999999999955,113.0,97.0,0.2956856438831526,327.2,334.58,210,16.0,-62.0,0.08,327.0,1.0
07:39:51,327.0,57.0,331.94,62.0,322.74,186.0,334.37,71.0,4.939999999999998,243.0,133.0,0.8577120729001877,327.0,331.94,376,110.0,166.0,0.29,327.0,
07:39:52,325.0,50.0,328.95,59.0,321.8,50.0,334.21,47.0,3.9499999999999886,100.0,106.0,1.919122195171308,325.0,328.95,206,-6.0,-170.0,-0.03,327.0,3.0
07:39:53,322.69,52.0,327.56,43.0,321.86,56.0,335.88,43.0,4.8700000000000045,108.0,86.0,2.689074190125629,322.69,327.56,194,22.0,-12.0,0.11,327.0,3.0
07:39:54,323.47,17.0,326.29,21.0,322.67,36.0,333.26,23.0,2.819999999999993,53.0,44.0,2.651889892133618,323.47,326.29,97,9.0,-97.0,0.09,327.0,
07:39:55,320.27,37.0,330.82,33.0,319.3,27.0,332.91,33.0,10.550000000000011,64.0,66.0,1.898201780633707,320.27,330.82,130,-2.0,33.0,-0.02,323.67,9.0
07:39:56,331.7,50.0,335.62,48.0,325.38,37.0,340.0,36.0,3.920000000000016,87.0,84.0,3.681063704963648,331.7,335.62,171,3.0,41.0,0.02,323.67,
07:39:57,332.0,30.0,336.0,30.0,331.0,18.0,342.0,24.0,4.0,48.0,54.0,4.743355352490488,332.0,336.0,102,-6.0,-69.0,-0.06,323.67,
07:39:58,333.25,40.0,336.0,40.0,331.0,24.0,342.0,32.0,2.75,64.0,72.0,4.883339021612091,333.25,336.0,136,-8.0,34.0,-0.06,323.67,
07:39:59,334.0,40.0,336.0,40.0,331.0,24.0,342.0,32.0,2.0,64.0,72.0,3.9610958079801977,334.0,336.0,136,-8.0,0.0,-0.06,323.67,
07:40:00,334.0,55.0,336.0,55.0,331.0,33.0,342.0,44.0,2.0,88.0,99.0,0.6042185035212898,334.0,336.0,187,-11.0,51.0,-0.06,323.67,
07:40:01,334.0,50.0,336.0,40.0,331.0,30.0,342.0,40.0,2.0,80.0,80.0,0.4368981574662496,334.0,336.0,160,0.0,-27.0,0.0,323.67,
07:40:02,333.02,63.0,336.0,33.0,331.56,54.0,342.0,44.0,2.980000000000018,117.0,77.0,0.2414125100266393,333.02,336.0,194,40.0,34.0,0.21,335.0,5.0
07:40:03,332.0,90.0,334.82,22.0,331.0,27.0,336.33,27.0,2.819999999999993,117.0,49.0,0.6897318319444312,332.0,334.82,166,68.0,-28.0,0.41,334.0,2.0
07:40:04,332.0,120.0,336.0,36.0,331.0,36.0,338.0,36.0,4.0,156.0,72.0,0.6839078885328623,332.0,336.0,228,84.0,62.0,0.37,334.0,
07:40:05,332.0,82.0,336.0,27.0,331.0,27.0,338.0,27.0,4.0,109.0,54.0,0.5997749577946164,332.0,336.0,163,55.0,-65.0,0.34,332.0,6.0
07:40:06,332.0,36.0,336.0,27.0,331.0,27.0,338.0,27.0,4.0,63.0,54.0,0.3895253521885076,332.0,336.0,117,9.0,-46.0,0.08,332.0,
07:40:07,332.0,24.0,336.0,18.0,331.0,18.0,338.0,18.0,4.0,42.0,36.0,0.2638560213404431,332.0,336.0,78,6.0,-39.0,0.08,332.0,
07:40:08,332.0,24.0,336.0,18.0,331.0,18.0,338.0,18.0,4.0,42.0,36.0,0.0,332.0,336.0,78,6.0,0.0,0.08,332.0,
07:40:09,332.0,24.0,336.0,18.0,331.0,18.0,338.0,18.0,4.0,42.0,36.0,0.0,332.0,336.0,78,6.0,0.0,0.08,332.0,
07:40:10,332.0,44.0,336.0,33.0,331.0,43.0,338.0,33.0,4.0,87.0,66.0,0.0,332.0,336.0,153,21.0,75.0,0.14,332.0,
07:40:11,331.58,31.0,336.0,33.0,328.97,62.0,338.0,33.0,4.420000000000016,93.0,66.0,0.0939148550421674,331.58,336.0,159,27.0,6.0,0.17,331.67,3.0
07:40:12,329.24,34.0,336.0,33.0,327.61,61.0,338.0,33.0,6.759999999999991,95.0,66.0,0.6005997002976632,329.24,336.0,161,29.0,2.0,0.18,329.5,4.0
07:40:13,328.0,35.0,338.9,29.0,326.0,21.0,340.78,23.0,10.899999999999975,56.0,52.0,0.5777283098461263,328.0,338.9,108,4.0,-53.0,0.04,329.5,
07:40:14,329.08,39.0,341.49,78.0,327.4,50.0,427.88,51.0,12.410000000000023,89.0,129.0,0.9671452838108576,329.08,341.49,218,-40.0,110.0,-0.18,329.5,
07:40:15,331.0,32.0,337.0,64.0,328.0,80.0,341.38,52.0,6.0,112.0,116.0,0.9671452838108576,331.0,337.0,228,-4.0,10.0,-0.02,329.5,
07:40:16,331.0,22.0,337.0,44.0,328.0,139.0,340.0,22.0,6.0,161.0,66.0,0.969639108120943,331.0,337.0,227,95.0,-1.0,0.42,329.5,
07:40:17,328.0,140.0,336.17,48.0,326.0,30.0,338.62,26.0,8.170000000000016,170.0,74.0,1.1558633137173309,328.0,336.17,244,96.0,17.0,0.39,329.2,5.0
07:40:18,328.0,168.0,334.67,60.0,326.0,36.0,338.82,44.0,6.670000000000016,204.0,104.0,1.6017552871764482,328.0,334.67,308,100.0,64.0,0.32,329.2,
07:40:19,328.0,126.0,333.33,45.0,326.53,47.0,338.0,36.0,5.329999999999984,173.0,81.0,1.5296175992704415,328.0,333.33,254,92.0,-54.0,0.36,329.2,
07:40:20,328.0,168.0,331.62,40.0,327.0,90.0,335.0,47.0,3.620000000000005,258.0,87.0,1.5913736204920648,328.0,331.62,345,171.0,91.0,0.5,329.2,
07:40:21,328.0,182.0,329.0,65.0,327.0,78.0,336.8,25.0,1.0,260.0,90.0,1.3863513263232448,328.0,329.0,350,170.0,5.0,0.49,329.2,
07:40:22,328.0,142.0,331.64,50.0,327.0,66.0,340.88,41.0,3.6399999999999855,208.0,91.0,1.0645327613551014,328.0,331.64,299,117.0,-51.0,0.39,328.2,5.0
07:40:23,328.0,150.0,338.8,60.0,327.0,90.0,340.36,58.0,10.800000000000011,240.0,118.0,1.8275256496143155,328.0,338.8,358,122.0,59.0,0.34,328.2,
07:40:24,328.0,94.0,337.6,50.0,327.0,78.0,339.91,44.0,9.600000000000025,172.0,94.0,2.1194763504220075,328.0,337.6,266,78.0,-92.0,0.29,328.0,4.0
07:40:25,328.0,60.0,334.5,32.0,327.0,84.0,335.38,52.0,6.5,144.0,84.0,2.036315299750548,328.0,334.5,228,60.0,-38.0,0.26,328.0,4.0
07:40:26,330.27,52.0,333.42,48.0,327.84,38.0,334.74,54.0,3.150000000000034,90.0,102.0,1.3948189846708012,330.27000000000004,333.42,192,-12.0,-36.0,-0.06,328.0,
07:40:27,331.0,114.0,333.0,52.0,327.29,85.0,338.63,60.0,2.0,199.0,112.0,0.8448786895158392,331.0,333.0,311,87.0,119.0,0.28,331.5,4.0
07:40:28,331.0,40.0,333.0,20.0,328.25,32.0,342.64,22.0,2.0,72.0,42.0,0.5535521655617367,331.0,333.0,114,30.0,-176.0,0.26,331.5,
07:40:29,329.86,37.0,340.25,24.0,328.49,41.0,343.95,42.0,10.389999999999986,78.0,66.0,1.502264956656432,329.86,340.25,144,12.0,30.0,0.08,330.6,5.0
07:40:30,329.0,39.0,343.77,52.0,328.0,39.0,344.79,76.0,14.769999999999982,78.0,128.0,2.119783007762266,329.0,343.77000000000004,206,-50.0,62.0,-0.24,330.6,
07:40:31,328.86,21.0,341.78,36.0,327.5,36.0,343.57,56.0,12.91999999999996,57.0,92.0,2.0257640533876,328.86,341.78,149,-35.0,-57.0,-0.23,328.6,5.0
07:40:32,331.78,55.0,340.44,72.0,327.42,31.0,342.14,84.0,8.660000000000025,86.0,156.0,1.7492226845079126,331.78,340.44,242,-70.0,93.0,-0.29,328.6,
07:40:33,332.0,78.0,338.24,68.0,328.0,17.0,342.15,177.0,6.240000000000009,95.0,245.0,0.6059867985334509,332.0,338.24,340,-150.0,98.0,-0.44,328.6,
07:40:34,332.0,28.0,336.94,34.0,328.0,8.0,342.44,86.0,4.939999999999998,36.0,120.0,0.7717188607238155,332.0,336.94,156,-84.0,-176.0,-0.54,332.0,4.0
07:40:35,332.0,10.0,335.39,66.0,328.0,10.0,336.4,40.0,3.3899999999999864,20.0,106.0,0.9088619257055052,332.0,335.39,126,-86.0,-30.0,-0.68,332.0,
07:40:36,327.15,33.0,333.91,44.0,326.08,25.0,336.59,37.0,6.760000000000048,58.0,81.0,2.1246952722679247,327.15,333.91,139,-23.0,13.0,-0.17,328.5,4.0
07:40:37,327.0,44.0,332.73,44.0,326.0,33.0,334.0,55.0,5.730000000000018,77.0,99.0,2.3852316449347866,327.0,332.73,176,-22.0,37.0,-0.12,328.5,
07:40:38,327.0,32.0,331.85,33.0,326.0,24.0,333.79,39.0,4.850000000000023,56.0,72.0,2.322268287687473,327.0,331.85,128,-16.0,-48.0,-0.12,328.5,
07:40:39,326.78,67.0,329.55,76.0,323.78,54.0,330.91,86.0,2.7700000000000387,121.0,162.0,2.070912842202577,326.78,329.55,283,-41.0,155.0,-0.14,327.0,4.0
07:40:40,324.55,33.0,327.11,45.0,317.82,33.0,330.85,54.0,2.5600000000000023,66.0,99.0,1.8522553819601937,324.55,327.11,165,-33.0,-118.0,-0.2,326.0,3.0
07:40:41,318.0,18.0,333.15,26.0,315.5,32.0,343.33,30.0,15.149999999999975,50.0,56.0,1.987611632085376,318.0,333.15,106,-6.0,-59.0,-0.06,327.0,4.0
07:40:42,322.92,36.0,340.32,38.0,318.27,44.0,341.07,59.0,17.399999999999977,80.0,97.0,2.5316634847469075,322.92,340.32,177,-17.0,71.0,-0.1,327.0,1.0
07:40:43,318.88,24.0,338.0,20.0,317.09,35.0,340.0,50.0,19.120000000000005,59.0,70.0,2.442412741532636,318.88,338.0,129,-11.0,-48.0,-0.09,332.0,4.0
07:40:44,319.0,11.0,337.87,47.0,318.0,33.0,341.0,55.0,18.870000000000005,44.0,102.0,2.4523091159152277,319.0,337.87,146,-58.0,17.0,-0.4,332.0,
07:40:45,320.92,25.0,335.44,18.0,318.73,11.0,338.0,45.0,14.519999999999982,36.0,63.0,2.142363181162476,320.92,335.44,99,-27.0,-47.0,-0.27,332.0,
07:40:46,323.27,52.0,329.21,38.0,321.94,102.0,333.06,62.0,5.939999999999998,154.0,100.0,1.9310825979228528,323.27000000000004,329.21,254,54.0,155.0,0.21,327.0,2.0
07:40:47,326.0,36.0,328.0,36.0,317.82,61.0,333.0,60.0,2.0,97.0,96.0,0.9923708984050074,326.0,328.0,193,1.0,-61.0,0.01,328.0,3.0
07:40:48,327.04,25.0,332.73,37.0,317.63,57.0,336.89,45.0,5.689999999999998,82.0,82.0,1.4003999428737963,327.04,332.73,164,0.0,-29.0,0.0,328.0,1.0
07:40:49,328.93,15.0,333.0,60.0,327.6,30.0,338.0,60.0,4.069999999999993,45.0,120.0,1.9656245826710133,328.93,333.0,165,-75.0,1.0,-0.45,330.0,2.0
07:40:50,329.0,7.0,336.0,35.0,328.0,21.0,379.76,34.0,7.0,28.0,69.0,2.646567588405768,329.0,336.0,97,-41.0,-68.0,-0.42,330.0,
07:40:51,329.0,10.0,340.57,14.0,328.0,30.0,407.57,21.0,11.569999999999991,40.0,35.0,2.9097027339572863,329.0,340.57,75,5.0,-22.0,0.07,330.0,
07:40:52,328.25,12.0,338.0,6.0,327.5,12.0,341.0,6.0,9.75,24.0,12.0,1.9056678619312024,328.25,338.0,36,12.0,-39.0,0.33,329.0,1.0
07:40:53,328.0,11.0,333.59,17.0,326.0,5.0,339.2,5.0,5.589999999999975,16.0,22.0,1.6486145698729182,328.0,333.59,38,-6.0,2.0,-0.16,328.0,2.0
07:40:54,322.17,12.0,331.77,26.0,322.62,8.0,333.45,22.0,9.599999999999966,20.0,48.0,2.9742108196962,322.17,331.77000000000004,68,-28.0,30.0,-0.41,324.0,3.0
07:40:55,318.0,63.0,331.95,37.0,317.0,27.0,338.02,45.0,13.949999999999989,90.0,82.0,4.114075837900814,318.0,331.95,172,8.0,104.0,0.05,324.0,
07:40:56,317.94,17.0,338.0,35.0,315.83,18.0,339.0,7.0,20.06,35.0,42.0,3.214137520393387,317.94,338.0,77,-7.0,-95.0,-0.09,324.0,
07:40:57,319.0,20.0,337.96,47.0,316.0,42.0,338.64,14.0,18.95999999999998,62.0,61.0,2.1285394053203484,319.0,337.96,123,1.0,46.0,0.01,324.0,
07:40:58,319.0,26.0,335.3,40.0,316.0,65.0,336.9,42.0,16.30000000000001,91.0,82.0,1.3432497906205805,319.0,335.3,173,9.0,50.0,0.05,324.0,
07:40:59,319.0,26.0,331.96,46.0,316.0,41.0,335.0,26.0,12.95999999999998,67.0,72.0,1.5333460144411366,319.0,331.96,139,-5.0,-34.0,-0.04,331.0,2.0
07:41:00,319.0,32.0,333.3,57.0,316.88,138.0,335.43,75.0,14.300000000000011,170.0,132.0,1.242590036980146,319.0,333.3,302,38.0,163.0,0.13,329.0,2.0
07:41:01,319.0,24.0,331.98,45.0,317.0,140.0,333.47,34.0,12.980000000000018,164.0,79.0,1.276068179997763,319.0,331.98,243,85.0,-59.0,0.35,329.0,
07:41:02,319.0,30.0,322.27,52.0,317.0,45.0,323.97,79.0,3.269999999999982,75.0,131.0,2.525391058827207,319.0,322.27000000000004,206,-56.0,-37.0,-0.27,329.0,
07:41:03,319.0,26.0,321.0,78.0,317.0,39.0,322.0,65.0,2.0,65.0,143.0,2.9739451911570085,319.0,321.0,208,-78.0,2.0,-0.38,329.0,
07:41:04,319.0,16.0,321.0,44.0,317.0,24.0,322.0,40.0,2.0,40.0,84.0,3.092285562493702,319.0,321.0,124,-44.0,-84.0,-0.35,329.0,
07:41:05,318.09,66.0,321.38,32.0,316.9,40.0,328.11,37.0,3.2900000000000205,106.0,69.0,2.437488461512869,318.09,321.38,175,37.0,51.0,0.21,321.25,12.0
07:41:06,318.0,80.0,319.0,20.0,317.0,30.0,320.0,40.0,1.0,110.0,60.0,0.7842002295394613,318.0,319.0,170,50.0,-5.0,0.29,321.25,
07:41:07,317.54,52.0,319.75,32.0,315.36,28.0,327.64,44.0,2.2099999999999795,80.0,76.0,0.7438279370997855,317.54,319.75,156,4.0,-14.0,0.03,319.0,2.0
07:41:08,316.76,33.0,320.0,32.0,315.4,20.0,334.0,32.0,3.240000000000009,53.0,64.0,0.7557115852032492,316.76,320.0,117,-11.0,-39.0,-0.09,317.0,1.0
07:41:09,318.0,96.0,320.0,56.0,314.31,32.0,334.0,64.0,2.0,128.0,120.0,0.5441507144262391,318.0,320.0,248,8.0,131.0,0.03,320.0,1.0
07:41:10,317.94,65.0,322.95,38.0,312.75,24.0,334.52,46.0,5.009999999999991,89.0,84.0,0.8422113748997035,317.94,322.95,173,5.0,-75.0,0.03,320.0,3.0
07:41:11,312.83,18.0,334.0,32.0,311.88,16.0,338.0,26.0,21.170000000000016,34.0,58.0,2.0833338666688883,312.83,334.0,92,-24.0,-81.0,-0.26,320.0,
07:41:12,315.4,20.0,334.0,60.0,312.5,24.0,338.0,40.0,18.600000000000023,44.0,100.0,2.763497783608356,315.4,334.0,144,-56.0,52.0,-0.39,331.0,1.0
07:41:13,315.14,42.0,332.26,31.0,312.14,44.0,334.57,35.0,17.120000000000005,86.0,66.0,2.414149953919024,315.14,332.26,152,20.0,8.0,0.13,315.0,1.0
07:41:14,319.0,24.0,331.0,24.0,317.43,42.0,332.0,12.0,12.0,66.0,36.0,1.8089002183664,319.0,331.0,102,30.0,-50.0,0.29,315.0,
07:41:15,326.53,34.0,329.8,30.0,317.73,44.0,331.24,21.0,3.2700000000000387,78.0,51.0,1.8882478650867147,326.53,329.8,129,27.0,27.0,0.21,328.0,1.0
07:41:16,327.4,20.0,329.85,26.0,320.4,40.0,332.71,14.0,2.450000000000045,60.0,40.0,2.208139488348423,327.4,329.85,100,20.0,-29.0,0.2,329.0,1.0
07:41:17,320.74,54.0,328.3,20.0,315.43,69.0,334.96,49.0,7.560000000000002,123.0,69.0,2.2366492796153072,320.74,328.3,192,54.0,92.0,0.28,327.0,2.0
07:41:18,321.3,77.0,327.0,13.0,317.64,44.0,335.0,39.0,5.699999999999989,121.0,52.0,2.1273457640928104,321.3,327.0,173,69.0,-19.0,0.4,327.0,
07:41:19,322.87,105.0,326.47,15.0,316.0,60.0,335.0,45.0,3.6000000000000227,165.0,60.0,2.1742194001534627,322.87,326.47,225,105.0,52.0,0.47,327.0,
07:41:20,323.0,98.0,325.07,14.0,315.79,56.0,335.8,30.0,2.069999999999993,154.0,44.0,1.9292355999214887,323.0,325.07,198,110.0,-27.0,0.56,327.0,
07:41:21,324.86,72.0,336.29,51.0,321.62,81.0,337.78,41.0,11.430000000000009,153.0,92.0,2.800333908662323,324.86,336.29,245,61.0,47.0,0.25,324.0,1.0
07:41:22,328.05,41.0,337.0,48.0,326.11,76.0,338.0,32.0,8.949999999999989,117.0,80.0,4.043991839754685,328.05,337.0,197,37.0,-48.0,0.19,324.0,
07:41:23,332.0,14.0,336.09,66.0,327.71,84.0,337.1,40.0,4.089999999999975,98.0,106.0,4.57142975446421,332.0,336.09,204,-8.0,7.0,-0.04,324.0,
07:41:24,330.71,14.0,336.0,50.0,328.69,52.0,337.0,30.0,5.2900000000000205,66.0,80.0,4.054626986542555,330.71,336.0,146,-14.0,-58.0,-0.1,329.75,4.0
07:41:25,329.0,60.0,334.4,100.0,325.0,40.0,337.84,74.0,5.399999999999977,100.0,174.0,1.3649249063585314,329.0,334.4,274,-74.0,128.0,-0.27,329.75,
07:41:26,329.0,21.0,334.0,35.0,325.0,14.0,338.0,21.0,5.0,35.0,56.0,1.084333896914442,329.0,334.0,91,-21.0,-176.0,-0.23,329.75,
07:41:27,329.0,24.0,334.0,40.0,325.0,16.0,338.0,24.0,5.0,40.0,64.0,1.1991330201432255,329.0,334.0,104,-24.0,13.0,-0.23,329.75,
07:41:28,329.0,33.0,333.36,55.0,325.29,17.0,338.0,60.0,4.360000000000014,50.0,115.0,0.8655171864256889,329.0,333.36,165,-65.0,61.0,-0.39,329.75,
07:41:29,329.0,42.0,331.57,70.0,326.0,14.0,338.0,48.0,2.569999999999993,56.0,118.0,0.5596248743566352,329.0,331.57,174,-62.0,9.0,-0.36,329.75,
07:41:30,329.0,33.0,330.36,55.0,326.0,11.0,340.0,48.0,1.3600000000000136,44.0,103.0,0.8115417426103265,329.0,330.36,147,-59.0,-27.0,-0.4,329.75,
07:41:31,328.25,20.0,331.5,30.0,325.33,15.0,339.98,50.0,3.25,35.0,80.0,0.8004873515548342,328.25,331.5,115,-45.0,-32.0,-0.39,329.0,3.0
07:41:32,329.26,43.0,337.21,38.0,325.3,23.0,338.74,53.0,7.949999999999989,66.0,91.0,1.448851269109091,329.26,337.21,157,-25.0,42.0,-0.16,329.0,
07:41:33,330.0,40.0,336.0,16.0,326.0,8.0,337.9,31.0,6.0,48.0,47.0,1.7493227260853708,330.0,336.0,95,1.0,-62.0,0.01,329.0,
07:41:34,325.56,18.0,334.33,24.0,324.17,24.0,335.79,28.0,8.769999999999982,42.0,52.0,1.80185460012699,325.56,334.33,94,-10.0,-1.0,-0.11,326.0,1.0
07:41:35,328.34,70.0,333.8,40.0,325.95,58.0,335.0,40.0,5.460000000000036,128.0,80.0,1.6168580642711463,328.34,333.8,208,48.0,114.0,0.23,326.0,
07:41:36,328.82,22.0,333.0,26.0,326.95,44.0,335.94,17.0,4.180000000000007,66.0,43.0,1.4252192813734017,328.82,333.0,109,23.0,-99.0,0.21,332.0,2.0
07:41:37,331.0,120.0,332.06,32.0,325.0,32.0,338.5,16.0,1.0600000000000025,152.0,48.0,1.1176985282260492,331.0,332.06,200,104.0,91.0,0.52,331.0,4.0
07:41:38,331.0,72.0,335.97,29.0,327.57,42.0,339.43,14.0,4.970000000000027,114.0,43.0,1.3060359872525142,331.0,335.97,157,71.0,-43.0,0.45,331.0,
07:41:39,331.0,64.0,336.57,69.0,328.0,76.0,338.51,39.0,5.569999999999993,140.0,108.0,1.370594761407716,331.0,336.57,248,32.0,91.0,0.13,331.0,5.0
07:41:40,329.86,21.0,333.64,53.0,327.79,56.0,335.35,63.0,3.7799999999999727,77.0,116.0,1.265879141149822,329.86,333.64,193,-39.0,-55.0,-0.2,331.0,1.0
07:41:41,327.0,42.0,330.71,70.0,321.43,49.0,338.22,32.0,3.70999999999998,91.0,102.0,1.964039205310912,327.0,330.71,193,-11.0,0.0,-0.06,328.0,4.0
07:41:42,320.34,47.0,328.0,20.0,316.41,49.0,329.14,96.0,7.660000000000025,96.0,116.0,3.997420418219568,320.34,328.0,212,-20.0,19.0,-0.09,322.8,10.0
07:41:43,323.92,13.0,338.77,13.0,316.26,27.0,342.95,63.0,14.849999999999966,40.0,76.0,3.689860430964676,323.92,338.77000000000004,116,-36.0,-96.0,-0.31,328.0,1.0
07:41:44,330.0,16.0,342.0,16.0,325.5,16.0,343.0,72.0,12.0,32.0,88.0,4.3378024390235534,330.0,342.0,120,-56.0,4.0,-0.47,328.0,
07:41:45,330.57,14.0,342.0,12.0,327.5,12.0,343.0,72.0,11.430000000000009,26.0,84.0,5.093557695756313,330.57,342.0,110,-58.0,-10.0,-0.53,331.33,3.0
07:41:46,322.06,78.0,341.16,19.0,319.78,18.0,342.69,26.0,19.100000000000023,96.0,45.0,4.904597842840751,322.06,341.16,141,51.0,31.0,0.36,324.5,2.0
07:41:47,322.0,70.0,339.5,20.0,318.0,10.0,342.0,10.0,17.5,80.0,30.0,2.708375897100989,322.0,339.5,110,50.0,-31.0,0.45,324.5,
07:41:48,322.0,77.0,336.55,22.0,318.0,11.0,342.0,11.0,14.550000000000011,88.0,33.0,3.181914518021786,322.0,336.55,121,55.0,11.0,0.45,324.5,
07:41:49,322.0,112.0,333.6,40.0,318.0,16.0,334.93,54.0,11.600000000000025,128.0,94.0,3.2228838018145254,322.0,333.6,222,34.0,101.0,0.15,324.5,
07:41:50,323.15,67.0,330.43,42.0,321.9,79.0,331.89,36.0,7.28000000000003,146.0,78.0,1.9983693352328813,323.15,330.43,224,68.0,2.0,0.3,323.0,5.0
07:41:51,326.27,45.0,329.0,49.0,319.11,97.0,331.0,30.0,2.730000000000018,142.0,79.0,1.5662758377754975,326.27,329.0,221,63.0,-3.0,0.29,329.0,1.0
07:41:52,327.0,31.0,328.11,27.0,318.46,91.0,329.11,38.0,1.1100000000000136,122.0,65.0,0.9037422198832398,327.0,328.11000000000007,187,57.0,-34.0,0.3,327.0,1.0
07:41:53,318.09,198.0,328.14,44.0,314.8,30.0,332.8,59.0,10.050000000000011,228.0,103.0,1.977136818735589,318.09,328.14,331,125.0,144.0,0.38,327.0,2.0
07:41:54,318.01,127.0,329.07,28.0,315.46,37.0,334.1,41.0,11.060000000000002,164.0,69.0,2.221650287511541,318.01,329.07,233,95.0,-98.0,0.41,326.0,1.0
07:41:55,317.0,63.0,321.8,10.0,313.0,72.0,331.7,33.0,4.800000000000011,135.0,43.0,3.453501122049996,317.0,321.8,178,92.0,-55.0,0.52,326.0,
07:41:56,317.07,123.0,319.96,46.0,313.8,150.0,320.5,44.0,2.8899999999999864,273.0,90.0,3.6248627560227846,317.07,319.96,363,183.0,176.0,0.5,326.0,
07:41:57,318.0,21.0,319.0,14.0,317.0,52.0,320.0,28.0,1.0,73.0,42.0,2.508041068244592,318.0,319.0,115,31.0,-176.0,0.27,326.0,
07:41:58,318.56,27.0,319.84,25.0,315.84,69.0,320.93,15.0,1.2799999999999727,96.0,40.0,2.11288901743598,318.56,319.84,136,56.0,21.0,0.41,319.33,3.0
07:41:59,317.8,30.0,320.15,26.0,312.4,94.0,326.0,16.0,2.349999999999966,124.0,42.0,0.405240669234489,317.8,320.15,166,82.0,30.0,0.49,320.0,3.0
07:42:00,313.0,12.0,322.0,4.0,311.0,56.0,330.0,16.0,9.0,68.0,20.0,0.6544616107928961,313.0,322.0,88,48.0,-78.0,0.55,320.0,
07:42:01,313.62,24.0,331.26,38.0,311.8,105.0,334.5,48.0,17.639999999999986,129.0,86.0,1.8607202906405904,313.62,331.26,215,43.0,127.0,0.2,328.4,5.0
07:42:02,317.38,24.0,333.0,72.0,314.52,123.0,339.0,54.0,15.620000000000005,147.0,126.0,3.107606796234283,317.38,333.0,273,21.0,58.0,0.08,328.4,
07:42:03,318.98,53.0,331.73,55.0,317.31,52.0,333.88,40.0,12.75,105.0,95.0,3.567361770272456,318.98,331.73,200,10.0,-73.0,0.05,331.0,1.0
07:42:04,318.24,51.0,329.27,55.0,317.38,61.0,330.51,49.0,11.029999999999973,112.0,104.0,3.214269745992289,318.24,329.27,216,8.0,16.0,0.04,331.0,
07:42:05,321.25,36.0,328.86,87.0,320.79,28.0,329.69,65.0,7.610000000000014,64.0,152.0,1.2467437587576398,321.25,328.86,216,-88.0,0.0,-0.41,331.0,
07:42:06,324.23,26.0,326.18,56.0,321.18,44.0,327.07,91.0,1.9499999999999889,70.0,147.0,0.656543981771998,324.23,326.18,217,-77.0,1.0,-0.35,326.0,1.0
07:42:07,325.0,28.0,326.5,40.0,317.0,46.0,327.69,58.0,1.5,74.0,98.0,0.7564191959495848,325.0,326.5,172,-24.0,-45.0,-0.14,326.0,2.0
07:42:08,325.33,21.0,327.0,70.0,314.11,63.0,332.0,28.0,1.670000000000016,84.0,98.0,0.9171313973477334,325.33,327.0,182,-14.0,10.0,-0.08,326.0,
07:42:09,326.0,11.0,327.88,34.0,325.0,22.0,332.43,28.0,1.8799999999999957,33.0,62.0,0.7654606456251805,326.0,327.88,95,-29.0,-87.0,-0.31,327.0,5.0
07:42:10,326.84,19.0,332.0,30.0,325.0,30.0,333.0,60.0,5.160000000000025,49.0,90.0,1.6499484840445076,326.84,332.0,139,-41.0,44.0,-0.29,327.0,
