Time,Bid1_Price,Bid1_Volume,Ask1_Price,Ask1_Volume,Bid2_Price,Bid2_Volume,Ask2_Price,Ask2_Volume,Mid-Price,Bid_Ask_Spread,Market_Depth_Bid,Market_Depth_Ask,Historical_Volatility,Weighted_Avg_Bid_Price,Weighted_Avg_Ask_Price,Total_volume,Cumulative_Volume_Difference,Total_Volume_Change_Corrected,Order_imbalance,Weighted_Avg_Price,Trade_Volume
07:30:07,131.0,4.0,308.43,14.0,130.0,8.0,432.82,17.0,219.71,177.43,12.0,31.0,106.69081905206276,131.0,308.43,43,-19.0,1.0,-0.44,,
07:30:08,131.0,10.0,134.22,18.0,130.0,20.0,136.4,10.0,132.61,3.219999999999999,30.0,28.0,158.05541885680475,131.0,134.22,58,2.0,15.0,0.03,134.0,1.0
07:30:09,130.88,8.0,132.96,25.0,122.71,21.0,134.6,10.0,131.92,2.0800000000000125,29.0,35.0,167.99848204671372,130.88,132.96,64,-6.0,6.0,-0.09,131.0,1.0
07:30:10,130.12,17.0,132.36,28.0,118.06,66.0,136.0,9.0,131.24,2.240000000000009,83.0,37.0,144.28453045978276,130.12,132.36,120,46.0,56.0,0.38,133.0,1.0
07:30:11,130.0,10.0,131.0,15.0,121.0,45.0,136.0,5.0,130.5,1.0,55.0,20.0,39.426317733209125,130.0,131.0,75,35.0,-45.0,0.47,133.0,
07:30:12,123.43,37.0,130.72,18.0,116.14,63.0,136.73,11.0,127.08,7.289999999999992,100.0,29.0,2.1545301111740565,123.43,130.72,129,71.0,54.0,0.55,130.0,2.0
07:30:13,121.0,108.0,126.0,18.0,106.0,72.0,130.34,44.0,123.5,5.0,180.0,62.0,3.5218915372219013,121.0,126.0,242,118.0,113.0,0.49,126.0,3.0
07:30:14,121.0,72.0,126.0,16.0,106.0,48.0,129.0,40.0,123.5,5.0,120.0,56.0,3.6945744003815695,121.0,126.0,176,64.0,-66.0,0.36,126.0,
07:30:15,121.0,63.0,126.0,14.0,106.0,42.0,129.0,35.0,123.5,5.0,105.0,49.0,3.139630551506725,121.0,126.0,154,56.0,-22.0,0.36,126.0,
07:30:16,121.02,83.0,126.0,18.0,112.36,84.0,129.0,55.0,123.51,4.980000000000004,167.0,73.0,1.5999124975929346,121.02,126.0,240,94.0,86.0,0.39,126.0,1.0
07:30:17,123.39,95.0,128.83,24.0,122.16,55.0,131.54,39.0,126.11,5.440000000000012,150.0,63.0,1.1661174897727975,123.39,128.83,213,87.0,-27.0,0.41,128.88,8.0
07:30:18,124.26,42.0,127.0,40.0,123.83,58.0,132.0,10.0,125.63,2.739999999999995,100.0,50.0,1.3073446370235078,124.26,127.0,150,50.0,-63.0,0.33,126.0,1.0
07:30:19,123.25,108.0,127.0,48.0,119.6,80.0,132.0,56.0,125.12,3.75,188.0,104.0,1.2101776728870102,123.25,127.0,292,84.0,142.0,0.29,126.0,
07:30:21,123.74,38.0,126.87,23.0,122.24,102.0,129.05,19.0,125.3,3.1300000000000097,140.0,42.0,0.7191175147042133,123.74,126.87,182,98.0,-102.0,0.54,125.6,5.0
07:30:22,123.94,36.0,127.0,22.0,121.74,93.0,128.0,11.0,125.47,3.0600000000000023,129.0,33.0,0.5735590640503607,123.94,127.0,162,96.0,-20.0,0.59,126.0,2.0
07:30:23,122.0,90.0,126.33,24.0,120.0,60.0,128.43,23.0,124.17,4.329999999999998,150.0,47.0,0.6293885921703981,122.0,126.33,197,103.0,35.0,0.52,126.0,3.0
07:30:24,122.03,120.0,127.39,23.0,120.21,87.0,128.69,61.0,124.71,5.359999999999999,207.0,84.0,0.6112119108412484,122.03,127.39,291,123.0,94.0,0.42,126.0,
07:30:25,124.33,45.0,127.0,30.0,122.2,135.0,128.0,60.0,125.67,2.6700000000000017,180.0,90.0,0.6148821024833138,124.33,127.0,270,90.0,-21.0,0.33,126.0,
07:30:26,125.0,39.0,127.0,26.0,123.0,117.0,128.0,52.0,126.0,2.0,156.0,78.0,0.7474489948848297,125.0,127.0,234,78.0,-36.0,0.33,126.0,
07:30:27,125.0,24.0,127.0,16.0,123.0,72.0,128.0,32.0,126.0,2.0,96.0,48.0,0.8278586835652422,125.0,127.0,144,48.0,-90.0,0.33,126.0,
07:30:28,123.45,66.0,127.61,33.0,119.83,70.0,128.43,35.0,125.53,4.159999999999997,136.0,68.0,0.5292164018192015,123.45,127.61,204,68.0,60.0,0.33,127.0,2.0
07:30:29,123.14,51.0,127.0,55.0,119.32,65.0,128.14,42.0,125.07,3.86,116.0,97.0,0.3860440388796122,123.14,127.0,213,19.0,9.0,0.09,127.0,
07:30:30,125.29,14.0,127.0,63.0,121.01,73.0,128.23,52.0,126.14,1.7099999999999935,87.0,115.0,0.4438130236422904,125.29,127.0,202,-28.0,-11.0,-0.14,127.0,1.0
07:30:31,125.0,11.0,126.64,44.0,119.23,78.0,128.0,44.0,125.82,1.6400000000000006,89.0,88.0,0.4251705539598207,125.0,126.64,177,1.0,-25.0,0.01,126.0,1.0
07:30:33,120.0,30.0,127.58,26.0,119.0,90.0,262.47,34.0,123.79,7.579999999999998,120.0,60.0,1.5429290327018172,120.0,127.58,180,60.0,-29.0,0.33,126.8,10.0
07:30:34,120.0,33.0,126.0,11.0,118.14,87.0,127.63,41.0,123.0,6.0,120.0,52.0,1.6729524798852011,120.0,126.0,172,68.0,-8.0,0.4,126.8,
07:30:36,121.65,63.0,225.19,57.0,121.33,81.0,313.55,55.0,173.42,103.54,144.0,112.0,22.5701601677958,121.65,225.19,256,32.0,123.0,0.12,127.18,11.0
07:30:37,128.96,24.0,363.0,40.0,123.4,42.0,412.31,26.0,245.98,234.04,66.0,66.0,53.903228103704166,128.96,363.0,132,0.0,-124.0,0.0,127.18,
07:30:38,133.88,40.0,287.06,34.0,132.0,16.0,460.45,22.0,210.47,153.18,56.0,56.0,54.18070948224992,133.88,287.06,112,0.0,-20.0,0.0,127.18,
07:30:39,134.78,45.0,254.1,41.0,132.0,18.0,329.25,24.0,194.44,119.32,63.0,65.0,45.77180005199675,134.78,254.1,128,-2.0,16.0,-0.02,127.18,
07:30:40,135.0,57.0,205.64,47.0,132.0,26.0,292.84,44.0,170.32,70.63999999999999,83.0,91.0,30.969042284190397,135.0,205.64,174,-8.0,46.0,-0.05,135.0,2.0
07:30:41,135.73,33.0,202.15,26.0,132.0,22.0,354.39,36.0,168.94,66.42000000000002,55.0,62.0,31.94102534359178,135.73,202.15000000000003,117,-7.0,-57.0,-0.06,135.0,
07:30:42,129.33,67.0,213.96,72.0,123.1,84.0,282.35,49.0,171.64,84.63,151.0,121.0,18.5260551656301,129.33,213.96,272,30.0,155.0,0.11,133.71,7.0
07:30:43,129.75,8.0,216.0,25.0,128.64,22.0,271.0,15.0,172.88,86.25,30.0,40.0,10.609546644412672,129.75,216.0,70,-10.0,-182.5,-0.14,133.71,
07:30:44,132.09,35.0,241.97,35.0,131.72,92.0,416.43,49.0,187.03,109.88,127.0,84.0,7.341997003538474,132.09,241.97000000000003,211,43.0,141.0,0.2,133.71,
07:30:45,137.3,23.0,148.15,47.0,132.38,64.0,328.2,40.0,142.73,10.849999999999994,87.0,87.0,16.09804118518669,137.3,148.15,174,0.0,-37.0,0.0,133.71,
07:30:46,138.0,16.0,278.04,23.0,134.4,10.0,535.91,22.0,208.02,140.04000000000002,26.0,45.0,23.88263071774064,138.0,278.04,71,-19.0,-103.0,-0.27,133.71,
07:30:47,136.59,17.0,276.5,30.0,133.54,56.0,463.52,27.0,206.54,139.91,73.0,57.0,27.0161627549134,136.59,276.5,130,16.0,59.0,0.12,135.0,4.0
07:30:48,134.0,9.0,248.55,11.0,133.0,39.0,473.0,10.0,191.27,114.55,48.0,21.0,26.46530313448101,134.0,248.55,69,27.0,-61.0,0.39,135.0,
07:30:49,134.0,15.0,231.0,20.0,133.0,65.0,634.0,25.0,182.5,97.0,80.0,45.0,26.546483194577213,134.0,231.0,125,35.0,56.0,0.28,135.0,
07:30:50,134.75,12.0,220.0,24.0,133.19,48.0,425.88,24.0,177.38,85.25,60.0,48.0,13.838880735087352,134.75,220.0,108,12.0,-17.0,0.11,137.0,1.0
07:30:51,134.0,24.0,369.82,34.0,133.0,104.0,470.84,31.0,251.91,235.82,128.0,65.0,30.05459615433178,134.0,369.82,193,63.0,85.0,0.33,137.0,
07:30:52,133.16,95.0,421.12,50.0,131.81,160.0,501.33,57.0,277.14,287.96000000000004,255.0,107.0,45.42286593776287,133.16,421.12,362,148.0,169.0,0.41,133.0,4.0
07:30:53,133.61,105.0,341.8,55.0,132.41,102.0,481.68,53.0,237.7,208.19,207.0,108.0,43.8103889505672,133.61,341.8,315,99.0,-47.0,0.31,133.0,2.0
07:30:54,136.0,14.0,243.67,45.0,134.0,140.0,301.81,62.0,189.83,107.67,154.0,107.0,42.1086531487292,136.0,243.67,261,47.0,-54.0,0.18,133.0,
07:30:55,134.19,48.0,242.0,16.0,133.46,65.0,243.0,24.0,188.09,107.81,113.0,40.0,39.13410571355863,134.19,242.0,153,73.0,-108.0,0.48,135.5,2.0
07:30:56,134.28,64.0,191.84,38.0,133.36,76.0,227.19,31.0,163.06,57.56,140.0,69.0,45.71251393218247,134.28,191.84,209,71.0,56.0,0.34,137.0,2.0
07:30:57,134.0,56.0,183.43,14.0,133.0,51.0,185.0,28.0,158.71,49.43000000000001,107.0,42.0,31.432436590248127,134.0,183.43,149,65.0,-60.0,0.44,137.0,
07:30:58,134.0,80.0,174.97,29.0,133.0,70.0,182.65,34.0,154.48,40.97,150.0,63.0,16.83372596901721,134.0,174.97,213,87.0,64.0,0.41,137.0,
07:30:59,134.0,96.0,160.62,34.0,133.0,84.0,161.56,27.0,147.31,26.620000000000005,180.0,61.0,15.527699443251764,134.0,160.62,241,119.0,28.0,0.49,137.0,
07:31:00,134.0,124.0,155.25,52.0,133.0,133.0,156.36,50.0,144.62,21.25,257.0,102.0,7.690515587394497,134.0,155.25,359,155.0,118.0,0.43,134.0,2.0
07:31:01,134.13,79.0,150.31,42.0,133.13,111.0,151.29,51.0,142.22,16.180000000000007,190.0,93.0,6.914265687689193,134.13,150.31,283,97.0,-76.0,0.34,134.0,
07:31:02,139.0,13.0,147.34,29.0,134.0,91.0,148.87,38.0,143.17,8.340000000000003,104.0,67.0,4.929000912959428,139.0,147.33999999999995,171,37.0,-112.0,0.22,134.0,
07:31:03,139.0,17.0,142.14,43.0,134.0,196.0,143.15,41.0,140.57,3.1399999999999864,213.0,84.0,2.553051115812977,139.0,142.14,297,129.0,126.0,0.43,134.0,
07:31:04,134.04,114.0,140.89,27.0,131.45,94.0,143.91,11.0,137.47,6.849999999999994,208.0,38.0,2.7425809012594597,134.04,140.89,246,170.0,-51.0,0.69,139.0,1.0
07:31:05,134.0,233.0,137.29,38.0,131.0,170.0,139.2,35.0,135.64,3.289999999999992,403.0,73.0,3.183540481908847,134.0,137.29,476,330.0,181.5,0.69,134.0,6.0
07:31:06,134.0,48.0,135.0,16.0,131.0,80.0,209.57,28.0,134.5,1.0,128.0,44.0,3.5731568675264898,134.0,135.0,172,84.0,-182.5,0.49,134.0,5.0
07:31:07,131.5,72.0,135.0,20.0,130.32,124.0,356.6,20.0,133.25,3.5,196.0,40.0,2.853897335215617,131.5,135.0,236,156.0,64.0,0.66,134.0,3.0
07:31:08,131.0,80.0,135.0,16.0,130.0,112.0,248.8,20.0,133.0,4.0,192.0,36.0,1.841404355363062,131.0,135.0,228,156.0,-8.0,0.68,134.0,
07:31:09,131.4,89.0,213.24,29.0,130.09,123.0,273.14,21.0,172.32,81.84,212.0,50.0,17.126234845988584,131.4,213.24,262,162.0,34.0,0.62,134.0,
07:31:10,140.0,24.0,220.29,14.0,132.13,69.0,221.09,22.0,180.14,80.28999999999999,93.0,36.0,23.52845978809403,140.0,220.29,129,57.0,-133.0,0.44,134.0,
07:31:11,140.0,32.0,219.23,26.0,134.0,104.0,220.55,22.0,179.62,79.22999999999999,136.0,48.0,24.425146468342053,140.0,219.23,184,88.0,55.0,0.48,134.0,
07:31:12,140.0,48.0,218.07,30.0,137.24,68.0,219.14,42.0,179.03,78.07,116.0,72.0,20.27528594126275,140.0,218.07,188,44.0,4.0,0.23,139.6,5.0
07:31:13,138.43,28.0,216.62,16.0,134.94,68.0,219.0,32.0,177.53,78.19,96.0,48.0,3.1771953040333134,138.43,216.62,144,48.0,-44.0,0.33,139.6,
07:31:14,139.0,15.0,187.43,28.0,138.0,44.0,212.53,38.0,163.21,48.43000000000001,59.0,66.0,7.164246645668362,139.0,187.43,125,-7.0,-19.0,-0.06,139.0,2.0
07:31:15,138.79,14.0,149.75,48.0,136.98,59.0,215.0,24.0,144.27,10.960000000000008,73.0,72.0,15.255196491686595,138.79,149.75,145,1.0,20.0,0.01,138.5,2.0
07:31:16,138.0,18.0,148.0,20.0,134.0,120.0,170.33,24.0,143.0,10.0,138.0,44.0,17.365673612041775,138.0,148.0,182,94.0,37.0,0.52,138.0,1.0
07:31:17,134.94,51.0,145.74,19.0,133.25,120.0,147.43,28.0,140.34,10.800000000000011,171.0,47.0,16.12613561892498,134.94,145.74,218,124.0,36.0,0.57,136.0,4.0
07:31:18,134.0,117.0,143.33,36.0,131.0,90.0,145.0,18.0,138.67,9.330000000000013,207.0,54.0,9.9233245437181,134.0,143.33,261,153.0,43.0,0.59,136.0,
07:31:19,134.15,123.0,140.85,54.0,132.84,127.0,142.22,36.0,137.5,6.699999999999989,250.0,90.0,2.850864781071893,134.15,140.85,340,160.0,79.0,0.47,136.0,
07:31:20,137.0,15.0,139.13,60.0,134.0,195.0,156.63,19.0,138.07,2.1299999999999955,210.0,79.0,2.2185648514198637,137.0,139.13,289,131.0,-51.0,0.45,136.0,
07:31:21,134.57,37.0,137.76,42.0,133.5,109.0,337.62,26.0,136.16,3.1899999999999977,146.0,68.0,1.537488211322328,134.57,137.76,214,78.0,-75.0,0.36,134.75,4.0
07:31:22,134.0,116.0,135.36,55.0,131.0,62.0,136.47,53.0,134.68,1.3600000000000136,178.0,108.0,1.60238260098976,134.0,135.36,286,70.0,72.0,0.24,134.0,2.0
07:31:23,134.0,56.0,135.0,45.0,131.0,36.0,184.77,31.0,134.5,1.0,92.0,76.0,1.6114651718093111,134.0,135.0,168,16.0,-118.0,0.1,134.0,4.0
07:31:24,131.38,32.0,135.0,40.0,130.03,116.0,316.25,8.0,133.19,3.620000000000005,148.0,48.0,1.86326326641032,131.38,135.0,196,100.0,28.0,0.51,134.0,
07:31:25,131.0,60.0,132.43,47.0,130.0,272.0,173.92,63.0,131.71,1.4300000000000068,332.0,110.0,1.6782937764150416,131.0,132.43,442,222.0,181.5,0.5,131.8,5.0
07:31:26,131.06,16.0,424.25,12.0,130.02,98.0,475.5,14.0,277.66,293.19,114.0,26.0,64.47240239047999,131.06,424.25,140,88.0,-182.5,0.63,131.0,1.0
07:31:28,137.38,68.0,144.0,33.0,135.32,68.0,521.44,18.0,140.69,6.6200000000000045,136.0,51.0,98.25897653649764,137.38,144.0,187,85.0,-8.0,0.45,137.0,4.0
07:31:30,138.0,9.0,296.24,29.0,137.0,76.0,649.8,25.0,217.12,158.24,85.0,54.0,85.7294838430748,138.0,296.24,139,31.0,60.0,0.22,137.0,
07:31:31,138.0,8.0,270.74,34.0,137.0,68.0,370.5,18.0,204.37,132.74,76.0,52.0,88.89528035840831,138.0,270.74,128,24.0,-11.0,0.19,137.0,
07:31:32,137.12,32.0,225.12,25.0,134.57,167.0,412.81,21.0,181.12,88.0,199.0,46.0,74.8389566335608,137.12,225.12,245,153.0,117.0,0.62,137.25,4.0
07:31:33,137.0,50.0,161.29,45.0,134.0,270.0,179.77,26.0,149.14,24.289999999999992,320.0,71.0,72.76097704126845,137.0,161.29,391,249.0,146.0,0.64,137.25,
07:31:34,137.0,45.0,159.11,36.0,134.0,243.0,294.47,43.0,148.06,22.110000000000014,288.0,79.0,31.406773473248936,137.0,159.11,367,209.0,-24.0,0.57,137.25,
07:31:35,137.0,45.0,156.12,33.0,134.0,243.0,302.11,36.0,146.56,19.120000000000005,288.0,69.0,25.907410136869423,137.0,156.12,357,219.0,-10.0,0.61,137.25,
07:31:36,137.0,50.0,156.6,20.0,134.0,290.0,158.0,40.0,146.8,19.599999999999994,340.0,60.0,15.008553561218276,137.0,156.6,400,280.0,43.0,0.7,137.25,
07:31:37,137.0,50.0,154.39,36.0,134.0,310.0,156.0,24.0,145.69,17.389999999999986,360.0,60.0,1.3546586285680569,137.0,154.39,420,300.0,20.0,0.71,137.25,
07:31:38,135.5,60.0,152.11,36.0,133.99,280.0,153.33,24.0,143.81,16.610000000000014,340.0,60.0,1.5748110997682536,135.5,152.11,400,280.0,-20.0,0.7,136.5,6.0
07:31:39,134.0,210.0,151.57,28.0,131.0,12.0,153.0,14.0,142.79,17.569999999999993,222.0,42.0,1.758223535262995,134.0,151.57,264,180.0,-136.0,0.68,136.5,
07:31:40,134.0,265.0,149.38,26.0,131.0,10.0,151.06,34.0,141.69,15.379999999999995,275.0,60.0,2.08630774334759,134.0,149.38,335,215.0,71.0,0.64,134.0,5.0
07:31:41,134.0,197.0,147.0,32.0,131.0,50.0,148.0,16.0,140.5,13.0,247.0,48.0,1.9904974252561396,134.0,147.0,295,199.0,-40.0,0.67,134.0,1.0
07:31:42,134.0,226.0,146.75,48.0,131.0,96.0,148.0,24.0,140.38,12.75,322.0,72.0,1.4775757171633217,134.0,146.75,394,250.0,99.0,0.63,134.0,5.0
07:31:43,134.0,225.0,145.21,48.0,131.0,120.0,146.29,42.0,139.6,11.210000000000008,345.0,90.0,1.2524256464757613,134.0,145.21,435,255.0,41.0,0.59,134.0,4.0
07:31:44,134.0,124.0,142.0,20.0,131.0,80.0,145.0,40.0,138.0,8.0,204.0,60.0,1.3605807583343486,134.0,142.0,264,144.0,-171.0,0.55,134.0,
07:31:45,134.15,164.0,140.18,44.0,132.05,148.0,143.62,52.0,137.16,6.030000000000001,312.0,96.0,1.484762607270661,134.15,140.18,408,216.0,144.0,0.53,134.0,
07:31:46,134.11,108.0,138.0,40.0,131.8,98.0,184.13,30.0,136.06,3.8899999999999855,206.0,70.0,1.761079214558135,134.11,138.0,276,136.0,-132.0,0.49,137.0,2.0
07:31:47,134.0,104.0,138.0,32.0,131.0,72.0,274.0,16.0,136.0,4.0,176.0,48.0,1.500559895488422,134.0,138.0,224,128.0,-52.0,0.57,137.0,
07:31:48,134.0,182.0,137.0,50.0,131.0,118.0,232.09,58.0,135.5,3.0,300.0,108.0,1.0148300350047672,134.0,137.0,408,192.0,181.5,0.47,137.0,2.0
07:31:49,134.0,120.0,224.62,26.0,131.0,80.0,348.23,44.0,179.31,90.62,200.0,70.0,19.297843921017503,134.0,224.62,270,130.0,-138.0,0.48,134.0,2.0
07:31:50,134.0,22.0,151.0,4.0,131.0,16.0,499.0,10.0,142.5,17.0,38.0,14.0,18.912828450550517,134.0,151.0,52,24.0,-182.5,0.46,134.0,
07:31:51,134.0,91.0,143.73,22.0,131.0,88.0,524.53,43.0,138.86,9.72999999999999,179.0,65.0,18.588261887544867,134.0,143.73,244,114.0,181.5,0.47,134.0,3.0
07:31:52,134.0,96.0,257.94,17.0,131.0,96.0,421.76,50.0,195.97,123.94,192.0,67.0,27.42152749209933,134.0,257.94,259,125.0,15.0,0.48,134.0,
07:31:53,134.0,48.0,164.62,8.0,131.0,48.0,310.45,11.0,149.31,30.620000000000005,96.0,19.0,25.13494678729121,134.0,164.62,115,77.0,-144.0,0.67,134.0,
07:31:54,134.0,56.0,163.42,19.0,131.0,56.0,164.33,9.0,148.71,29.419999999999987,112.0,28.0,23.27663098474428,134.0,163.42,140,84.0,25.0,0.6,134.0,
07:31:55,133.66,70.0,159.77,35.0,130.94,85.0,160.9,20.0,146.71,26.110000000000014,155.0,55.0,22.77908075405937,133.66,159.77,210,100.0,70.0,0.48,134.0,8.0
07:31:56,131.0,114.0,157.87,45.0,130.0,75.0,159.0,60.0,144.43,26.870000000000005,189.0,105.0,21.854099844193048,131.0,157.87,294,84.0,84.0,0.29,131.0,3.0
07:31:57,130.49,68.0,155.22,46.0,126.5,80.0,156.36,56.0,142.85,24.72999999999999,148.0,102.0,2.7560696652939742,130.49,155.22,250,46.0,-44.0,0.18,131.0,
07:31:58,131.0,30.0,142.0,24.0,130.0,75.0,148.88,33.0,136.5,11.0,105.0,57.0,4.667911738663504,131.0,142.0,162,48.0,-88.0,0.3,131.0,
07:31:59,134.31,58.0,138.15,13.0,132.83,41.0,140.0,52.0,136.23,3.8400000000000034,99.0,65.0,4.748755626472207,134.31,138.15,164,34.0,2.0,0.21,135.0,2.0
07:32:00,134.13,75.0,137.82,55.0,132.47,51.0,156.83,24.0,135.98,3.6899999999999977,126.0,79.0,4.097397954794049,134.13,137.82,205,47.0,41.0,0.23,135.33,9.0
07:32:01,134.0,24.0,204.33,12.0,131.0,16.0,395.67,12.0,169.17,70.33000000000001,40.0,24.0,14.280127100273042,134.0,204.33,64,16.0,-141.0,0.25,135.33,
07:32:03,140.0,120.0,389.28,36.0,134.0,30.0,472.09,23.0,264.64,249.28,150.0,59.0,75.27377717372748,140.0,389.28,209,91.0,73.0,0.44,135.33,
07:32:04,140.0,144.0,151.39,59.0,136.44,41.0,194.87,46.0,145.69,11.389999999999986,185.0,105.0,73.34664661727882,140.0,151.39,290,80.0,81.0,0.28,135.33,
07:32:05,140.0,132.0,150.27,55.0,139.0,44.0,269.82,44.0,145.14,10.27000000000001,176.0,99.0,71.35854854185291,140.0,150.27,275,77.0,-15.0,0.28,135.33,
07:32:06,140.0,96.0,149.0,40.0,139.0,32.0,184.77,26.0,144.5,9.0,128.0,66.0,75.14632013611828,140.0,149.0,194,62.0,-81.0,0.32,135.33,
07:32:07,140.0,120.0,148.2,50.0,139.0,40.0,312.0,14.0,144.1,8.199999999999989,160.0,64.0,53.57180303107189,140.0,148.2,224,96.0,30.0,0.43,135.33,
07:32:08,140.0,84.0,148.0,35.0,139.0,28.0,370.0,28.0,144.0,8.0,112.0,63.0,0.7181086268494467,140.0,148.0,175,49.0,-49.0,0.28,135.33,
07:32:09,140.0,92.0,147.0,45.0,139.0,36.0,330.47,30.0,143.5,7.0,128.0,75.0,0.612796866796375,140.0,147.0,203,53.0,28.0,0.26,140.0,4.0
07:32:10,140.0,72.0,146.67,45.0,139.0,36.0,359.93,30.0,143.33,6.669999999999988,108.0,75.0,0.4727367131452272,140.0,146.67,183,33.0,-20.0,0.18,140.0,
07:32:11,139.62,52.0,146.0,45.0,136.22,36.0,229.89,9.0,142.81,6.379999999999996,88.0,54.0,0.5252332814619151,139.62,146.0,142,34.0,-41.0,0.24,140.0,
07:32:12,139.4,40.0,146.0,70.0,137.5,80.0,449.85,27.0,142.7,6.599999999999994,120.0,97.0,0.5305374632909315,139.4,146.0,217,23.0,75.0,0.11,140.0,
07:32:13,140.0,26.0,145.31,65.0,139.0,52.0,262.4,30.0,142.65,5.310000000000002,78.0,95.0,0.3897050165896034,140.0,145.31,173,-17.0,-44.0,-0.1,140.0,
07:32:14,140.0,12.0,144.59,22.0,139.0,24.0,180.31,26.0,142.3,4.590000000000003,36.0,48.0,0.3723842101312134,140.0,144.59,84,-12.0,-89.0,-0.14,140.0,
07:32:15,139.21,38.0,141.72,58.0,137.28,116.0,142.47,38.0,140.47,2.509999999999991,154.0,96.0,0.9780746392555782,139.21,141.72,250,58.0,166.0,0.23,139.5,4.0
07:32:16,137.94,133.0,140.1,58.0,136.74,92.0,141.19,54.0,139.02,2.1599999999999966,225.0,112.0,1.626951136314423,137.94,140.1,337,113.0,87.0,0.34,137.78,9.0
07:32:17,138.0,119.0,139.09,55.0,137.0,78.0,198.93,41.0,138.55,1.0900000000000034,197.0,96.0,1.8579747037983796,138.0,139.09,293,101.0,-44.0,0.34,138.0,3.0
07:32:18,138.0,47.0,273.93,46.0,137.0,84.0,575.78,46.0,205.97,135.93,131.0,92.0,29.50089608808444,138.0,273.93,223,39.0,-70.0,0.17,138.0,5.0
07:32:19,137.57,30.0,267.0,52.0,136.91,69.0,346.38,58.0,202.28,129.43,99.0,110.0,35.511583603099936,137.57,267.0,209,-11.0,-14.0,-0.05,137.6,5.0
07:32:20,137.0,40.0,190.9,50.0,135.0,10.0,192.0,20.0,163.95,53.900000000000006,50.0,70.0,32.8682754339189,137.0,190.9,120,-20.0,-89.0,-0.17,137.6,
07:32:21,136.39,23.0,189.27,55.0,134.16,25.0,270.48,33.0,162.83,52.88000000000002,48.0,88.0,28.73042777265868,136.39,189.27,136,-40.0,16.0,-0.29,137.0,4.0
07:32:22,133.62,16.0,186.64,70.0,131.75,72.0,411.81,42.0,160.13,53.01999999999998,88.0,112.0,22.98576994577205,133.62,186.64,200,-24.0,64.0,-0.12,132.88,8.0
07:32:23,135.14,58.0,185.45,55.0,130.12,123.0,235.13,46.0,160.3,50.31,181.0,101.0,18.17597782789023,135.14,185.45,282,80.0,82.0,0.28,132.88,
07:32:24,137.0,104.0,181.54,65.0,131.0,39.0,182.92,65.0,159.27,44.53999999999999,143.0,130.0,1.9907988346282703,137.0,181.54,273,13.0,-9.0,0.05,132.88,
07:32:25,137.86,70.0,175.78,36.0,135.62,71.0,178.12,49.0,156.82,37.91999999999999,141.0,85.0,2.160821602992103,137.86,175.78,226,56.0,-47.0,0.25,132.88,
07:32:26,139.0,24.0,152.75,16.0,137.0,32.0,162.75,12.0,145.88,13.75,56.0,28.0,6.086349480596503,139.0,152.75,84,28.0,-142.0,0.33,132.88,
07:32:27,139.0,90.0,150.17,66.0,137.35,99.0,152.4,75.0,144.58,11.169999999999987,189.0,141.0,7.551516404005043,139.0,150.17,330,48.0,181.5,0.15,132.88,
07:32:28,139.0,82.0,140.0,75.0,138.0,75.0,151.0,60.0,139.5,1.0,157.0,135.0,8.454667350047377,139.0,140.0,292,22.0,-38.0,0.08,139.0,4.0
07:32:29,137.64,50.0,146.33,30.0,137.06,50.0,341.59,37.0,141.99,8.690000000000026,100.0,67.0,6.654523273680603,137.64,146.33,167,33.0,-125.0,0.2,138.29,7.0
07:32:30,137.0,60.0,379.84,44.0,133.0,12.0,385.85,39.0,258.42,242.84,72.0,83.0,51.681210125150514,137.0,379.84,155,-11.0,-12.0,-0.07,137.0,4.0
07:32:31,137.0,36.0,371.04,28.0,133.73,11.0,372.11,36.0,254.02,234.04,47.0,64.0,62.59320905657388,137.0,371.04,111,-17.0,-44.0,-0.15,137.0,
07:32:32,136.65,34.0,367.78,36.0,134.68,19.0,368.94,34.0,252.21,231.13,53.0,70.0,62.563110296723295,136.65,367.78,123,-17.0,12.0,-0.14,137.0,4.0
07:32:33,134.0,18.0,211.65,34.0,133.0,9.0,341.47,30.0,172.82,77.65,27.0,64.0,54.53914896659063,134.0,211.65,91,-37.0,-32.0,-0.41,137.0,
07:32:34,131.2,30.0,176.68,31.0,130.02,176.0,335.6,25.0,153.94,45.48000000000002,206.0,56.0,50.61140997838298,131.2,176.68,262,150.0,171.0,0.57,133.67,3.0
07:32:35,138.94,34.0,173.21,38.0,130.62,65.0,174.38,39.0,156.08,34.27000000000001,99.0,77.0,51.01321867908318,138.94,173.21,176,22.0,-86.0,0.12,133.67,
07:32:36,140.0,42.0,169.8,35.0,131.0,56.0,170.62,42.0,154.9,29.80000000000001,98.0,77.0,42.21059108801912,140.0,169.8,175,21.0,-1.0,0.12,133.67,
07:32:37,140.0,30.0,165.74,31.0,131.0,40.0,166.9,30.0,152.87,25.74000000000001,70.0,61.0,8.301428792681303,140.0,165.74,131,9.0,-44.0,0.07,133.67,
07:32:38,132.98,41.0,161.75,48.0,130.06,212.0,163.14,36.0,147.36,28.77000000000001,253.0,84.0,3.3838587440905497,132.98,161.75,337,169.0,181.5,0.5,140.0,3.0
07:32:39,131.21,38.0,158.36,36.0,130.03,231.0,159.19,37.0,144.79,27.15000000000001,269.0,73.0,4.902218885357747,131.21,158.36,342,196.0,5.0,0.57,140.0,
07:32:40,135.0,15.0,153.55,33.0,131.0,77.0,155.73,33.0,144.27,18.55000000000001,92.0,66.0,4.8073454213274704,135.0,153.55,158,26.0,-182.5,0.16,140.0,
07:32:41,135.0,11.0,150.78,41.0,131.0,77.0,151.55,33.0,142.89,15.78,88.0,74.0,3.944145027754215,135.0,150.78,162,14.0,4.0,0.09,140.0,
07:32:42,136.43,21.0,148.62,34.0,131.11,108.0,149.67,60.0,142.52,12.189999999999998,129.0,94.0,1.9195911022815049,136.43,148.62,223,35.0,61.0,0.16,140.0,3.0
07:32:43,137.64,33.0,142.17,58.0,136.38,47.0,143.0,34.0,139.9,4.530000000000001,80.0,92.0,1.9098507795004056,137.64,142.17,172,-12.0,-51.0,-0.07,138.4,5.0
07:32:44,131.0,56.0,141.0,32.0,130.0,88.0,142.0,24.0,136.0,10.0,144.0,56.0,3.2679550180438928,131.0,141.0,200,88.0,28.0,0.44,138.4,
07:32:45,131.0,56.0,138.57,44.0,130.0,191.0,140.13,47.0,134.78,7.569999999999993,247.0,91.0,3.704837378341752,131.0,138.57,338,156.0,138.0,0.46,132.43,7.0
07:32:46,132.47,51.0,135.03,37.0,131.0,34.0,138.53,38.0,133.75,2.5600000000000023,85.0,75.0,3.694956021383496,132.47,135.03,160,10.0,-178.0,0.06,132.43,
07:32:47,133.0,15.0,134.0,21.0,131.0,14.0,139.84,25.0,133.5,1.0,29.0,46.0,2.6054711665950308,133.0,134.0,75,-17.0,-85.0,-0.23,133.0,1.0
07:32:48,130.4,50.0,133.17,36.0,129.65,158.0,284.72,36.0,131.78,2.769999999999982,208.0,72.0,1.5686044753085513,130.4,133.17,280,136.0,181.5,0.49,132.0,4.0
07:32:49,130.0,106.0,211.67,18.0,123.0,36.0,314.04,23.0,170.83,81.66999999999999,142.0,41.0,16.750464769670074,130.0,211.67,183,101.0,-97.0,0.55,131.4,10.0
07:32:50,130.0,12.0,236.33,12.0,115.2,25.0,436.17,18.0,183.17,106.33,37.0,30.0,24.4978699074013,130.0,236.33,67,7.0,-116.0,0.1,131.4,
07:32:51,137.32,47.0,425.0,14.0,134.94,34.0,560.57,21.0,281.16,287.68,81.0,35.0,60.858161079677394,137.32,425.0,116,46.0,49.0,0.4,131.4,
07:32:52,138.0,27.0,395.0,19.0,137.0,56.0,583.25,16.0,266.5,257.0,83.0,35.0,64.36935427670501,138.0,395.0,118,48.0,2.0,0.41,138.0,2.0
07:32:53,138.0,24.0,412.56,18.0,137.0,64.0,583.18,22.0,275.28,274.56,88.0,40.0,53.73280906485312,138.0,412.56,128,48.0,10.0,0.38,138.0,
07:32:55,138.0,14.0,410.29,14.0,137.0,56.0,577.0,21.0,274.14,272.29,70.0,35.0,17.1368170906958,138.0,410.29,105,35.0,-63.0,0.33,138.0,
07:32:56,137.67,15.0,401.5,24.0,136.9,42.0,472.3,20.0,269.58,263.83000000000004,57.0,44.0,17.968407831523727,137.67,401.5,101,13.0,-4.0,0.13,137.2,10.0
07:32:57,131.25,32.0,442.85,27.0,130.26,34.0,503.0,15.0,287.05,311.6,66.0,42.0,16.621577241644793,131.25,442.85,108,24.0,7.0,0.22,132.6,5.0
07:32:58,132.65,34.0,364.67,45.0,130.39,41.0,542.33,18.0,248.66,232.02,75.0,63.0,22.92596235711737,132.65,364.67,138,12.0,30.0,0.09,132.6,
07:33:00,138.0,12.0,325.5,16.0,133.0,6.0,465.14,14.0,231.75,187.5,18.0,30.0,31.34615175743206,138.0,325.5,48,-12.0,-38.0,-0.25,132.6,
07:33:01,135.63,19.0,189.93,61.0,131.18,57.0,311.06,36.0,162.78,54.30000000000001,76.0,97.0,57.18878937344238,135.63,189.93,173,-21.0,125.0,-0.12,138.0,2.0
07:33:02,131.82,17.0,189.0,25.0,130.64,28.0,378.0,25.0,160.41,57.18000000000001,45.0,50.0,63.46147075194485,131.82,189.0,95,-5.0,-78.0,-0.05,138.0,
07:33:03,137.0,30.0,189.0,30.0,134.0,12.0,305.11,18.0,163.0,52.0,42.0,48.0,66.30715293239447,137.0,189.0,90,-6.0,-5.0,-0.07,138.0,
07:33:04,137.0,35.0,187.59,34.0,134.0,14.0,201.47,19.0,162.29,50.59,49.0,53.0,31.156189272758336,137.0,187.59,102,-4.0,12.0,-0.04,138.0,
07:33:05,138.38,65.0,183.67,55.0,136.55,53.0,184.71,62.0,161.03,45.28999999999999,118.0,117.0,1.130650255356772,138.38,183.67,235,1.0,133.0,0.0,138.0,
07:33:06,139.0,35.0,180.0,29.0,137.0,35.0,182.43,28.0,159.5,41.0,70.0,57.0,1.410719674470514,139.0,180.0,127,13.0,-108.0,0.1,138.0,
07:33:07,139.0,40.0,177.75,32.0,137.0,40.0,179.5,32.0,158.38,38.75,80.0,64.0,1.913857361440009,139.0,177.75,144,16.0,17.0,0.11,138.0,
07:33:08,137.43,47.0,173.46,52.0,134.25,32.0,174.77,52.0,155.44,36.03,79.0,104.0,2.6322556866569418,137.43,173.46,183,-25.0,39.0,-0.14,138.25,8.0
07:33:09,136.65,23.0,168.71,68.0,134.96,98.0,169.94,68.0,152.68,32.06,121.0,136.0,3.3416732335668917,136.65,168.71,257,-15.0,74.0,-0.06,136.0,4.0
07:33:10,135.0,28.0,166.0,28.0,133.0,14.0,168.14,28.0,150.5,31.0,42.0,56.0,3.776585759642818,135.0,166.0,98,-14.0,-159.0,-0.14,136.0,
07:33:11,135.0,40.0,163.8,40.0,133.0,20.0,164.8,40.0,149.4,28.80000000000001,60.0,80.0,3.668051253722669,135.0,163.8,140,-20.0,42.0,-0.14,136.0,
07:33:12,135.0,52.0,159.62,52.0,133.0,26.0,161.15,52.0,147.31,24.620000000000005,78.0,104.0,3.1201089724456668,135.0,159.62,182,-26.0,42.0,-0.14,136.0,
07:33:13,135.0,60.0,154.72,39.0,133.0,30.0,155.44,54.0,144.86,19.72,90.0,93.0,2.997315465535041,135.0,154.72,183,-3.0,1.0,-0.02,136.0,
07:33:14,135.0,46.0,147.7,40.0,133.0,26.0,149.41,34.0,141.35,12.699999999999989,72.0,74.0,3.677938281148176,135.0,147.7,146,-2.0,-37.0,-0.01,135.0,3.0
07:33:15,135.0,11.0,143.86,29.0,133.0,22.0,144.98,41.0,139.43,8.860000000000014,33.0,70.0,4.112742394064437,135.0,143.86,103,-37.0,-43.0,-0.36,135.0,
07:33:16,135.0,11.0,139.56,41.0,133.0,22.0,140.93,41.0,137.28,4.560000000000002,33.0,82.0,4.051879810647706,135.0,139.56,115,-49.0,12.0,-0.43,135.0,
07:33:17,131.62,77.0,134.28,67.0,130.54,168.0,136.1,40.0,132.95,2.6599999999999966,245.0,107.0,4.456919339626194,131.62,134.28,352,138.0,181.5,0.39,133.67,3.0
07:33:18,130.63,75.0,132.8,25.0,128.68,118.0,134.78,37.0,131.71,2.170000000000016,193.0,62.0,4.130760220580871,130.63,132.8,255,131.0,-97.0,0.51,131.0,5.0
07:33:19,131.0,15.0,138.73,22.0,130.0,148.0,236.11,27.0,134.86,7.72999999999999,163.0,49.0,3.145112080663102,131.0,138.73,212,114.0,-43.0,0.54,132.6,5.0
07:33:20,130.23,57.0,209.41,27.0,129.39,41.0,250.47,38.0,169.82,79.18,98.0,65.0,16.067919280352836,130.23,209.41,163,33.0,-49.0,0.2,130.43,7.0
07:33:21,131.24,17.0,254.0,30.0,130.33,36.0,549.43,14.0,192.62,122.76,53.0,44.0,27.54602820734665,131.24,254.0,97,9.0,-66.0,0.09,131.5,2.0
07:33:22,130.67,18.0,327.72,18.0,122.27,33.0,460.33,9.0,229.19,197.05000000000004,51.0,27.0,40.93485250981056,130.67,327.72,78,24.0,-19.0,0.31,130.5,4.0
07:33:23,130.89,18.0,258.0,18.0,104.08,24.0,298.8,15.0,194.44,127.11,42.0,33.0,34.7889103019906,130.89,258.0,75,9.0,-3.0,0.12,130.5,
07:33:24,131.67,24.0,170.5,12.0,112.22,18.0,230.4,10.0,151.08,38.83000000000001,42.0,22.0,29.374344247998945,131.67,170.5,64,20.0,-11.0,0.31,130.5,
07:33:25,138.37,49.0,168.77,26.0,122.86,29.0,260.38,16.0,153.57,30.40000000000001,78.0,42.0,32.538375036254465,138.37,168.77,120,36.0,56.0,0.3,140.0,2.0
07:33:26,140.0,42.0,167.57,28.0,130.36,28.0,169.0,28.0,153.79,27.569999999999997,70.0,56.0,34.589550878841216,140.0,167.57,126,14.0,6.0,0.11,140.0,
07:33:27,140.0,20.0,165.75,24.0,135.0,24.0,167.5,24.0,152.88,25.75,44.0,48.0,18.6389905842548,140.0,165.75,92,-4.0,-34.0,-0.04,140.0,2.0
07:33:28,140.0,13.0,163.62,26.0,136.82,66.0,165.0,26.0,151.81,23.620000000000005,79.0,52.0,1.158287529042739,140.0,163.62,131,27.0,39.0,0.21,140.0,
07:33:29,140.0,7.0,161.0,12.0,137.0,42.0,163.5,12.0,150.5,21.0,49.0,24.0,1.3628095978293868,140.0,161.0,73,25.0,-58.0,0.34,140.0,
07:33:30,140.0,8.0,157.0,16.0,137.0,48.0,158.0,14.0,148.5,17.0,56.0,30.0,2.076326082275012,140.0,157.0,86,26.0,13.0,0.3,140.0,
07:33:31,140.0,15.0,154.6,30.0,137.0,90.0,156.2,30.0,147.3,14.599999999999994,105.0,60.0,2.300243465360776,140.0,154.6,165,45.0,79.0,0.27,140.0,
07:33:32,137.22,54.0,151.71,28.0,136.09,44.0,153.07,28.0,144.47,14.490000000000007,98.0,56.0,2.856384077804367,137.22,151.71,154,42.0,-11.0,0.27,137.6,5.0
07:33:33,137.0,28.0,149.36,28.0,135.0,28.0,150.71,28.0,143.18,12.360000000000014,56.0,56.0,2.973331464861201,137.0,149.36,112,0.0,-42.0,0.0,137.6,
07:33:34,137.0,22.0,146.91,22.0,135.0,22.0,150.0,22.0,141.95,9.909999999999997,44.0,44.0,2.756982045631242,137.0,146.91,88,0.0,-24.0,0.0,137.6,
07:33:35,137.0,20.0,143.4,20.0,135.0,20.0,144.4,20.0,140.2,6.400000000000006,40.0,40.0,2.6806622316010618,137.0,143.4,80,0.0,-8.0,0.0,137.6,
07:33:36,132.75,77.0,141.59,34.0,130.85,95.0,143.0,34.0,137.17,8.840000000000003,172.0,68.0,2.838508411108139,132.75,141.59,240,104.0,160.0,0.43,134.56,9.0
07:33:37,131.78,41.0,138.55,22.0,130.61,145.0,139.64,22.0,135.16,6.77000000000001,186.0,44.0,3.3276974020981887,131.78,138.55,230,142.0,-10.0,0.62,134.56,
07:33:38,131.04,111.0,135.82,22.0,130.05,201.0,136.82,22.0,133.43,4.780000000000001,312.0,44.0,3.5074306835531868,131.04,135.82,356,268.0,126.0,0.75,134.56,
07:33:39,131.0,104.0,132.75,24.0,130.0,228.0,134.25,24.0,131.88,1.75,332.0,48.0,3.2542541388050465,131.0,132.75,380,284.0,24.0,0.75,131.0,5.0
07:33:40,130.26,77.0,259.75,16.0,127.36,148.0,466.0,12.0,195.0,129.49,225.0,28.0,27.1682713840968,130.26,259.75,253,197.0,-127.0,0.78,132.25,8.0
07:33:42,139.0,11.0,358.09,44.0,138.0,88.0,386.64,11.0,248.55,219.09,99.0,55.0,73.16217212467078,139.0,358.09,154,44.0,56.0,0.29,132.25,
07:33:43,139.0,7.0,335.0,16.0,138.0,56.0,370.79,19.0,237.0,196.0,63.0,35.0,62.9318037243488,139.0,335.0,98,28.0,-56.0,0.29,132.25,
07:33:44,139.0,5.0,266.0,5.0,138.0,40.0,358.0,20.0,202.5,127.0,45.0,25.0,41.94686662910552,139.0,266.0,70,20.0,-28.0,0.29,132.25,
07:33:45,139.0,12.0,181.89,27.0,138.0,96.0,260.3,27.0,160.44,42.88999999999999,108.0,54.0,52.124421339713344,139.0,181.89,162,54.0,92.0,0.33,132.25,
07:33:46,139.0,12.0,164.83,48.0,138.0,96.0,353.78,45.0,151.92,25.830000000000013,108.0,93.0,43.61478785916484,139.0,164.83,201,15.0,39.0,0.07,132.25,
07:33:47,139.5,16.0,161.33,48.0,137.35,68.0,218.24,45.0,150.42,21.830000000000013,84.0,93.0,38.079741070547534,139.5,161.33,177,-9.0,-24.0,-0.05,132.25,
07:33:48,140.0,28.0,159.86,44.0,139.0,14.0,161.43,56.0,149.93,19.860000000000014,42.0,100.0,22.464652679263448,140.0,159.86,142,-58.0,-35.0,-0.41,132.25,
07:33:49,140.0,18.0,156.8,15.0,139.0,9.0,157.87,30.0,148.4,16.80000000000001,27.0,45.0,4.762742907184342,140.0,156.8,72,-18.0,-70.0,-0.25,132.25,
07:33:50,138.21,56.0,151.75,40.0,137.07,83.0,153.24,25.0,144.98,13.539999999999992,139.0,65.0,2.6383517581880227,138.21,151.75,204,74.0,132.0,0.36,139.25,4.0
07:33:51,138.0,31.0,148.86,29.0,137.0,88.0,149.59,32.0,143.43,10.860000000000014,119.0,61.0,3.0876155848702043,138.0,148.86,180,58.0,-24.0,0.32,138.0,4.0
07:33:52,137.55,22.0,144.47,32.0,136.76,102.0,144.62,32.0,141.01,6.919999999999988,124.0,64.0,3.631039795972081,137.55,144.47,188,60.0,8.0,0.32,137.25,4.0
07:33:53,137.0,30.0,139.67,12.0,133.0,18.0,142.0,9.0,138.33,2.6699999999999875,48.0,21.0,3.833073179569148,137.0,139.67,69,27.0,-119.0,0.39,137.25,
07:33:54,134.33,36.0,138.27,15.0,131.35,68.0,141.07,15.0,136.3,3.9399999999999977,104.0,30.0,3.56313766222016,134.33,138.27,134,74.0,65.0,0.55,137.0,5.0
07:33:55,131.28,65.0,135.12,17.0,130.4,53.0,137.0,11.0,133.2,3.8400000000000034,118.0,28.0,3.986016808786853,131.28,135.12,146,90.0,12.0,0.62,133.0,3.0
07:33:56,131.08,103.0,132.56,48.0,130.16,86.0,134.81,27.0,131.82,1.4799999999999898,189.0,75.0,3.736451525168077,131.08,132.56,264,114.0,118.0,0.43,131.5,4.0
07:33:57,131.0,36.0,135.0,15.0,130.0,60.0,258.5,22.0,133.0,4.0,96.0,37.0,2.693826275009316,131.0,135.0,133,59.0,-131.0,0.44,132.0,3.0
07:33:58,132.31,29.0,135.0,11.0,130.79,38.0,241.21,47.0,133.66,2.6899999999999977,67.0,58.0,1.656949003418737,132.31,135.0,125,9.0,-8.0,0.07,132.0,
07:33:59,131.0,40.0,133.83,12.0,130.24,42.0,204.23,26.0,132.42,2.8300000000000125,82.0,38.0,0.7145628033491354,131.0,133.83,120,44.0,-5.0,0.37,130.8,5.0
07:34:00,108.15,20.0,141.8,15.0,89.35,17.0,196.2,25.0,124.98,33.650000000000006,37.0,40.0,3.530223788930352,108.15,141.8,77,-3.0,-43.0,-0.04,128.86,7.0
07:34:01,118.33,9.0,136.83,35.0,86.8,15.0,225.48,31.0,127.58,18.50000000000001,24.0,66.0,3.8331083991885166,118.33,136.83,90,-42.0,13.0,-0.47,125.0,1.0
07:34:02,119.0,5.0,218.29,17.0,113.0,5.0,293.06,17.0,168.65,99.29,10.0,34.0,17.790604823893194,119.0,218.29,44,-24.0,-46.0,-0.55,125.0,
07:34:03,135.47,30.0,226.25,24.0,120.8,10.0,258.18,22.0,180.86,90.78,40.0,46.0,25.931463900056524,135.47,226.25,86,-6.0,42.0,-0.07,137.0,5.0
07:34:04,128.41,17.0,183.56,27.0,117.6,10.0,219.68,19.0,155.98,55.150000000000006,27.0,46.0,24.756912166098903,128.41,183.56,73,-19.0,-13.0,-0.26,137.0,
07:34:05,129.79,28.0,149.0,42.0,125.67,21.0,461.0,36.0,139.39,19.210000000000008,49.0,78.0,21.50732828595725,129.79,149.0,127,-29.0,54.0,-0.23,137.0,
07:34:06,135.29,14.0,148.09,33.0,131.32,19.0,213.5,36.0,141.69,12.800000000000011,33.0,69.0,17.67821908451011,135.29,148.09,102,-36.0,-25.0,-0.35,137.0,
07:34:07,129.74,38.0,144.59,51.0,118.81,16.0,145.83,46.0,137.16,14.849999999999994,54.0,97.0,18.230691978088377,129.74,144.59,151,-43.0,49.0,-0.28,133.14,7.0
07:34:08,118.0,40.0,140.73,33.0,84.0,10.0,142.4,30.0,129.36,22.72999999999999,50.0,63.0,9.712112540530685,118.0,140.73,113,-13.0,-38.0,-0.12,133.14,
07:34:09,118.0,52.0,138.02,44.0,93.29,24.0,139.07,45.0,128.01,20.02000000000001,76.0,89.0,6.109195528048885,118.0,138.02,165,-13.0,52.0,-0.08,133.14,
07:34:10,111.59,29.0,130.59,27.0,107.7,23.0,134.59,34.0,121.09,19.0,52.0,61.0,8.077627745813242,111.59,130.59,113,-9.0,-52.0,-0.08,128.0,1.0
07:34:17,97.77,62.0,126.0,36.0,93.29,55.0,130.0,9.0,111.89,28.230000000000004,117.0,45.0,5.9644278853825545,97.77,126.0,162,72.0,47.0,0.44,128.0,
07:34:18,99.95,95.0,125.91,33.0,52.74,39.0,128.77,13.0,112.93,25.959999999999997,134.0,46.0,5.1460198211752655,99.95,125.91,180,88.0,18.0,0.49,125.4,5.0
07:34:19,102.89,90.0,126.0,14.0,101.0,45.0,130.0,9.0,114.44,23.11,135.0,23.0,2.804011412232206,102.89,126.0,158,112.0,-22.0,0.71,126.0,1.0
07:34:20,105.83,90.0,163.5,26.0,104.08,60.0,199.6,25.0,134.67,57.67,150.0,51.0,10.368349916931283,105.83,163.5,201,99.0,43.0,0.49,125.86,7.0
07:34:21,108.64,70.0,164.22,36.0,106.96,125.0,288.29,55.0,136.43,55.58,195.0,91.0,12.352717110009843,108.64,164.22,286,104.0,85.0,0.36,125.86,
07:34:22,112.5,52.0,155.15,13.0,110.0,60.0,459.83,23.0,133.83,42.650000000000006,112.0,36.0,11.711780394113044,112.5,155.15,148,76.0,-138.0,0.51,130.0,1.0
07:34:23,119.63,62.0,388.16,19.0,120.97,59.0,535.53,15.0,253.89,268.53000000000003,121.0,34.0,56.19177626663829,119.63,388.16,155,87.0,7.0,0.56,133.67,3.0
07:34:24,134.14,21.0,316.5,12.0,133.06,16.0,552.77,26.0,225.32,182.36,37.0,38.0,58.19825873683798,134.14,316.5,75,-1.0,-80.0,-0.01,133.67,
07:34:25,134.92,39.0,378.0,20.0,133.31,13.0,564.73,30.0,256.46,243.08,52.0,50.0,61.53362276024336,134.92,378.0,102,2.0,27.0,0.02,133.67,
07:34:26,135.55,99.0,442.13,30.0,134.0,11.0,440.28,47.0,288.84,306.58,110.0,77.0,59.138966595637626,135.55,442.13,187,33.0,85.0,0.18,133.67,
07:34:27,135.7,46.0,195.8,15.0,131.15,52.0,197.72,18.0,165.75,60.10000000000002,98.0,33.0,46.25689321603802,135.7,195.8,131,65.0,-56.0,0.5,135.33,12.0
07:34:28,133.0,9.0,163.12,17.0,130.0,153.0,160.53,17.0,148.06,30.120000000000005,162.0,34.0,59.51159702108441,133.0,163.12,196,128.0,65.0,0.65,135.33,
07:34:29,130.08,192.0,138.25,20.0,125.61,159.0,145.43,28.0,134.16,8.169999999999987,351.0,48.0,69.42072874869538,130.08,138.25,399,303.0,181.5,0.76,134.5,2.0
07:34:30,137.0,90.0,171.0,15.0,130.25,109.0,361.75,48.0,154.0,34.0,199.0,63.0,62.90823888808159,137.0,171.0,262,136.0,-137.0,0.52,137.0,2.0
07:34:31,137.0,53.0,193.0,8.0,131.57,14.0,375.62,16.0,165.0,56.0,67.0,24.0,13.097094334238466,137.0,193.0,91,43.0,-171.0,0.47,137.0,1.0
07:34:32,140.0,30.0,193.0,5.0,137.0,30.0,296.57,7.0,166.5,53.0,60.0,12.0,13.277043345562344,140.0,193.0,72,48.0,-19.0,0.67,137.0,
07:34:33,140.0,48.0,192.0,9.0,137.0,54.0,217.6,15.0,166.0,52.0,102.0,24.0,13.836803098979964,140.0,192.0,126,78.0,54.0,0.62,140.0,3.0
07:34:34,140.0,33.0,191.36,11.0,137.0,66.0,390.76,49.0,165.68,51.360000000000014,99.0,60.0,5.302874692083706,140.0,191.36,159,39.0,33.0,0.25,140.0,
07:34:35,140.0,30.0,189.2,10.0,137.0,60.0,337.0,22.0,164.6,49.19999999999999,90.0,32.0,0.7626794870337088,140.0,189.2,122,58.0,-37.0,0.48,140.0,
07:34:36,140.0,21.0,189.0,7.0,137.0,42.0,200.0,14.0,164.5,49.0,63.0,21.0,0.8778838191594551,140.0,189.0,84,42.0,-38.0,0.5,140.0,
07:34:37,140.0,18.0,186.6,10.0,138.14,28.0,198.91,11.0,163.3,46.6,46.0,21.0,1.0715782752286005,140.0,186.6,67,25.0,-17.0,0.37,140.0,
07:34:38,140.0,33.0,183.87,38.0,139.0,44.0,208.47,19.0,161.93,43.870000000000005,77.0,57.0,1.432417536873164,140.0,183.87,134,20.0,67.0,0.15,140.0,
07:34:39,140.0,33.0,182.0,44.0,139.0,44.0,184.0,11.0,161.0,42.0,77.0,55.0,1.5829655713064783,140.0,182.0,132,22.0,-2.0,0.17,140.0,
07:34:40,139.88,34.0,179.03,39.0,138.54,52.0,180.19,21.0,159.45,39.150000000000006,86.0,60.0,1.9647468030108972,139.88,179.03,146,26.0,14.0,0.18,139.6,5.0
07:34:41,137.0,30.0,178.0,5.0,135.0,5.0,179.0,20.0,157.5,41.0,35.0,25.0,2.2441546292404504,137.0,178.0,60,10.0,-86.0,0.17,139.0,2.0
07:34:42,136.95,40.0,177.2,10.0,134.27,11.0,179.0,40.0,157.07,40.25,51.0,50.0,2.1214264069114264,136.95,177.2,101,1.0,41.0,0.01,137.0,1.0
07:34:43,132.93,28.0,175.36,14.0,130.34,76.0,179.0,56.0,154.14,42.43000000000001,104.0,70.0,2.596915478012497,132.93,175.36,174,34.0,73.0,0.2,136.6,5.0
07:34:44,136.88,25.0,172.9,30.0,133.77,26.0,175.33,15.0,154.89,36.02000000000001,51.0,45.0,2.1288846845098663,136.88,172.9,96,6.0,-78.0,0.06,140.0,2.0
07:34:45,135.0,40.0,168.23,13.0,134.0,30.0,170.05,37.0,151.62,33.22999999999999,70.0,50.0,2.382295111849163,135.0,168.23,120,20.0,24.0,0.17,140.0,
07:34:46,135.0,26.0,163.38,34.0,134.0,30.0,167.5,16.0,149.19,28.379999999999995,56.0,50.0,3.046616155661898,135.0,163.38,106,6.0,-14.0,0.06,135.0,2.0
07:34:47,135.0,15.0,162.44,36.0,134.0,27.0,165.0,9.0,148.72,27.44,42.0,45.0,2.798029663877733,135.0,162.44,87,-3.0,-19.0,-0.03,135.0,1.0
07:34:48,134.62,8.0,160.38,32.0,133.14,21.0,165.0,8.0,147.5,25.75999999999999,29.0,40.0,2.930175762635994,134.62,160.38,69,-11.0,-18.0,-0.16,134.33,3.0
07:34:49,134.0,7.0,159.62,13.0,131.0,14.0,160.45,22.0,146.81,25.620000000000005,21.0,35.0,1.8544460089037584,134.0,159.62,56,-14.0,-13.0,-0.25,134.33,
07:34:50,134.0,3.0,158.33,3.0,131.0,6.0,160.0,12.0,146.17,24.330000000000013,9.0,15.0,1.2679787064217,134.0,158.33,24,-6.0,-32.0,-0.25,134.33,
07:34:51,135.8,20.0,154.73,41.0,133.08,13.0,156.71,14.0,145.27,18.92999999999998,33.0,55.0,1.310545687848645,135.8,154.73,88,-22.0,64.0,-0.25,134.33,
07:34:52,134.89,9.0,152.1,10.0,131.5,12.0,153.12,25.0,143.49,17.210000000000008,21.0,35.0,1.5534220289214482,134.89,152.1,56,-14.0,-32.0,-0.25,134.33,
07:34:53,138.92,195.0,147.53,45.0,135.5,38.0,225.53,45.0,143.23,8.610000000000014,233.0,90.0,1.5914395998397943,138.92,147.53,323,143.0,181.5,0.44,134.33,
07:34:54,139.0,176.0,147.0,44.0,134.0,11.0,256.65,23.0,143.0,8.0,187.0,67.0,1.40585205478318,139.0,147.0,254,120.0,-69.0,0.47,134.33,
07:34:55,139.0,112.0,146.14,28.0,134.0,7.0,264.0,14.0,142.57,7.139999999999986,119.0,42.0,1.039240106971411,139.0,146.14,161,77.0,-93.0,0.48,134.33,
07:34:56,139.0,97.0,143.81,31.0,134.0,7.0,144.75,32.0,141.4,4.810000000000002,104.0,63.0,0.8207740248922099,139.0,143.81,167,41.0,6.0,0.25,139.0,5.0
07:34:57,139.0,94.0,141.93,42.0,134.0,9.0,143.58,38.0,140.46,2.930000000000007,103.0,80.0,1.1707134576563227,139.0,141.93,183,23.0,16.0,0.13,139.0,5.0
07:34:58,139.0,102.0,142.47,68.0,134.0,17.0,277.0,34.0,140.74,3.469999999999999,119.0,102.0,1.115159181434439,139.0,142.47,221,17.0,38.0,0.08,139.0,
07:34:59,139.0,24.0,140.5,16.0,134.0,4.0,304.0,9.0,139.75,1.5,28.0,25.0,1.065987804778932,139.0,140.5,53,3.0,-168.0,0.06,139.0,
07:35:00,139.0,54.0,140.0,44.0,134.0,11.0,362.0,33.0,139.5,1.0,65.0,77.0,0.7660287200473046,139.0,140.0,142,-12.0,89.0,-0.08,139.0,6.0
07:35:01,134.38,16.0,139.33,42.0,133.02,82.0,179.16,31.0,136.85,4.950000000000017,98.0,73.0,1.544036916636773,134.38,139.33,171,25.0,29.0,0.15,139.0,
07:35:02,134.81,26.0,136.86,28.0,132.47,47.0,176.88,34.0,135.83,2.050000000000012,73.0,62.0,2.087206266744384,134.81,136.86,135,11.0,-36.0,0.08,135.0,3.0
07:35:03,132.61,38.0,135.08,24.0,131.57,140.0,156.31,26.0,133.84,2.469999999999999,178.0,50.0,2.5035434887248798,132.61,135.08,228,128.0,93.0,0.56,135.0,
07:35:04,133.0,57.0,134.4,15.0,132.0,96.0,135.25,24.0,133.7,1.4000000000000057,153.0,39.0,2.394854901645707,133.0,134.4,192,114.0,-36.0,0.59,133.0,1.0
07:35:05,132.04,89.0,133.86,29.0,131.03,254.0,143.34,29.0,132.95,1.8200000000000216,343.0,58.0,1.63399204402475,132.04,133.86,401,285.0,181.5,0.71,132.57,7.0
07:35:06,132.0,70.0,259.0,33.0,131.0,280.0,356.62,34.0,195.5,127.0,350.0,67.0,27.48851814849137,132.0,259.0,417,283.0,16.0,0.68,132.57,
07:35:07,136.58,48.0,402.0,36.0,131.73,75.0,451.69,26.0,269.29,265.42,123.0,62.0,60.12486282728592,136.58,402.0,185,61.0,-182.5,0.33,136.0,5.0
07:35:08,132.0,32.0,369.38,24.0,131.0,160.0,467.43,23.0,250.69,237.38,192.0,47.0,63.67565335353815,132.0,369.38,239,145.0,54.0,0.61,136.0,
07:35:09,131.02,161.0,219.0,27.0,130.12,164.0,220.0,27.0,175.01,87.97999999999999,325.0,54.0,55.68021659440591,131.02,219.0,379,271.0,140.0,0.72,131.0,1.0
07:35:10,131.14,99.0,218.92,36.0,130.6,223.0,227.09,33.0,175.03,87.78,322.0,69.0,44.10288289896656,131.14,218.92,391,253.0,12.0,0.65,131.5,4.0
07:35:11,131.02,182.0,218.0,36.0,130.07,213.0,377.16,31.0,174.51,86.97999999999999,395.0,67.0,47.094949623074825,131.02,218.0,462,328.0,71.0,0.71,131.0,2.0
07:35:12,130.63,137.0,218.0,30.0,130.02,135.0,412.0,30.0,174.31,87.37,272.0,60.0,33.978496140941104,130.63,218.0,332,212.0,-130.0,0.64,131.0,
07:35:13,131.33,75.0,218.0,45.0,130.0,270.0,282.81,48.0,174.67,86.66999999999999,345.0,93.0,0.3138152321750511,131.33,218.0,438,252.0,106.0,0.58,131.0,
07:35:14,131.16,64.0,217.45,33.0,130.03,186.0,325.09,44.0,174.31,86.28999999999999,250.0,77.0,0.3001333036253077,131.16,217.45,327,173.0,-111.0,0.53,132.0,5.0
07:35:15,131.0,72.0,188.0,36.0,130.0,216.0,240.5,36.0,159.5,57.0,288.0,72.0,6.687548130663751,131.0,188.0,360,216.0,33.0,0.6,132.0,
07:35:16,133.12,34.0,216.75,24.0,130.1,120.0,243.0,24.0,174.93,83.63,154.0,48.0,6.73788394081883,133.12,216.75,202,106.0,-158.0,0.52,137.43,7.0
07:35:17,132.82,22.0,208.71,28.0,130.31,78.0,240.0,27.0,170.77,75.89000000000001,100.0,55.0,6.558168951768787,132.82,208.71,155,45.0,-47.0,0.29,135.0,2.0
07:35:18,132.22,23.0,149.02,53.0,130.28,100.0,218.45,33.0,140.62,16.80000000000001,123.0,86.0,14.47812936811736,132.22,149.02,209,37.0,54.0,0.18,135.0,
07:35:19,135.0,16.0,144.0,30.0,130.41,61.0,290.54,41.0,139.5,9.0,77.0,71.0,16.52181678871729,135.0,144.0,148,6.0,-61.0,0.04,132.6,5.0
07:35:20,139.0,9.0,143.44,27.0,131.0,45.0,350.78,36.0,141.22,4.439999999999998,54.0,63.0,17.81956986012681,139.0,143.44,117,-9.0,-31.0,-0.08,132.6,
07:35:21,139.0,13.0,141.92,49.0,135.81,101.0,200.89,47.0,140.46,2.9199999999999875,114.0,96.0,13.573561802266116,139.0,141.92,210,18.0,93.0,0.09,132.6,
07:35:22,137.26,46.0,140.98,51.0,135.1,79.0,141.86,35.0,139.12,3.719999999999999,125.0,86.0,0.8572514216588074,137.26,140.98,211,39.0,1.0,0.18,138.0,2.0
07:35:23,137.0,81.0,138.82,34.0,131.0,60.0,146.47,19.0,137.91,1.8199999999999927,141.0,53.0,1.2700078739661107,137.0,138.82,194,88.0,-17.0,0.45,137.0,3.0
07:35:24,137.0,36.0,138.31,13.0,131.0,50.0,139.03,37.0,137.65,1.3100000000000025,86.0,50.0,1.5584511541706505,137.0,138.31,136,36.0,-58.0,0.26,137.0,2.0
07:35:25,137.0,25.0,138.8,25.0,133.22,18.0,175.0,38.0,137.9,1.8000000000000114,43.0,63.0,1.1830342344732374,137.0,138.8,106,-20.0,-30.0,-0.19,137.0,1.0
07:35:26,133.67,18.0,139.0,18.0,130.4,52.0,217.33,24.0,136.33,5.3300000000000125,70.0,42.0,0.9932623016784108,133.67,139.0,112,28.0,6.0,0.25,137.67,3.0
07:35:27,131.0,41.0,138.64,33.0,130.0,198.0,517.3,40.0,134.82,7.639999999999986,239.0,73.0,1.3445705633901586,131.0,138.64,312,166.0,181.5,0.53,131.0,2.0
07:35:28,131.0,55.0,137.45,33.0,130.0,198.0,501.18,44.0,134.23,6.449999999999989,253.0,77.0,1.6426898672406764,131.0,137.45,330,176.0,18.0,0.53,131.0,
07:35:29,133.33,90.0,199.11,36.0,130.33,107.0,369.64,44.0,166.22,65.78,197.0,80.0,13.669698240997723,133.33,199.11,277,117.0,-53.0,0.42,136.0,3.0
07:35:33,139.0,3.0,224.0,12.0,135.0,3.0,557.0,12.0,181.5,85.0,6.0,24.0,84.87631018134546,139.0,224.0,30,-18.0,-30.0,-0.6,136.0,
07:35:34,134.0,80.0,209.0,26.0,131.0,40.0,352.71,28.0,171.5,75.0,120.0,54.0,83.34264616629332,134.0,209.0,174,66.0,144.0,0.38,137.0,2.0
07:35:35,134.0,50.0,175.0,10.0,131.0,25.0,176.0,20.0,154.5,41.0,75.0,30.0,86.8035576459857,134.0,175.0,105,45.0,-69.0,0.43,137.0,
07:35:36,134.0,62.0,174.5,12.0,131.0,30.0,176.0,24.0,154.25,40.5,92.0,36.0,66.82117763104716,134.0,174.5,128,56.0,23.0,0.44,137.0,
07:35:37,134.57,126.0,171.83,24.0,131.92,72.0,176.0,48.0,153.2,37.26000000000002,198.0,72.0,12.838925188657823,134.57,171.83,270,126.0,142.0,0.47,137.0,
07:35:38,134.05,96.0,155.17,29.0,131.7,90.0,158.68,44.0,144.61,21.119999999999976,186.0,73.0,9.777293592807304,134.05,155.17,259,113.0,-11.0,0.44,134.25,8.0
07:35:39,134.0,44.0,149.05,21.0,131.0,88.0,150.17,12.0,141.52,15.050000000000011,132.0,33.0,6.098723636954641,134.0,149.05,165,99.0,-94.0,0.6,134.25,
07:35:40,134.0,64.0,146.85,34.0,131.0,128.0,148.23,22.0,140.43,12.849999999999994,192.0,56.0,6.513713994331384,134.0,146.85,248,136.0,83.0,0.55,134.25,
07:35:41,134.0,36.0,144.79,19.0,131.0,72.0,146.0,19.0,139.39,10.789999999999992,108.0,38.0,5.590505343879731,134.0,144.79,146,70.0,-102.0,0.48,134.25,
07:35:42,134.0,70.0,141.65,23.0,131.0,120.0,145.78,41.0,137.83,7.650000000000006,190.0,64.0,2.548073782280857,134.0,141.65,254,126.0,108.0,0.5,134.0,2.0
07:35:43,134.0,52.0,141.9,29.0,131.0,104.0,143.41,39.0,137.95,7.900000000000006,156.0,68.0,1.5905910850833571,134.0,141.9,224,88.0,-30.0,0.39,134.0,
07:35:44,135.0,39.0,136.87,47.0,134.0,50.0,139.0,44.0,135.94,1.8700000000000043,89.0,91.0,1.7057022014250554,135.0,136.87,180,-2.0,-44.0,-0.01,134.0,
07:35:45,133.57,21.0,136.78,40.0,131.41,44.0,138.16,31.0,135.17,3.210000000000008,65.0,71.0,1.6917683056334831,133.57,136.78,136,-6.0,-44.0,-0.04,134.6,5.0
07:35:46,133.0,18.0,136.12,24.0,131.0,46.0,137.5,24.0,134.56,3.1200000000000045,64.0,48.0,1.540860149379469,133.0,136.12,112,16.0,-24.0,0.14,134.6,
07:35:47,131.69,29.0,134.1,31.0,130.24,83.0,135.17,23.0,132.89,2.4099999999999966,112.0,54.0,1.8577324888006448,131.69,134.1,166,58.0,54.0,0.35,133.0,2.0
07:35:48,131.0,132.0,134.45,40.0,130.0,106.0,447.0,44.0,132.72,3.4499999999999886,238.0,84.0,1.4132338801292368,131.0,134.45,322,154.0,156.0,0.48,134.0,4.0
07:35:49,131.0,136.0,136.9,41.0,130.0,60.0,236.55,47.0,133.95,5.900000000000006,196.0,88.0,1.0553056429040022,131.0,136.9,284,108.0,-38.0,0.38,131.17,6.0
07:35:50,131.0,66.0,244.33,36.0,130.0,44.0,349.62,26.0,187.67,113.33,110.0,62.0,24.224030837165557,131.0,244.33000000000004,172,48.0,-112.0,0.28,131.17,
07:35:51,131.0,48.0,352.2,20.0,130.0,32.0,708.0,16.0,241.6,221.2,80.0,36.0,48.51728588863925,131.0,352.2,116,44.0,-56.0,0.38,131.17,
07:35:52,131.6,131.0,209.58,66.0,130.12,147.0,280.54,37.0,170.59,77.98000000000002,278.0,103.0,44.927412901256126,131.6,209.58,381,175.0,181.5,0.46,131.17,
07:35:53,133.0,156.0,142.61,59.0,131.0,76.0,330.77,43.0,137.81,9.610000000000014,232.0,102.0,43.82194290535229,133.0,142.61,334,130.0,-47.0,0.39,131.17,
07:35:54,133.0,130.0,141.5,50.0,131.0,80.0,199.58,38.0,137.25,8.5,210.0,88.0,43.08043152058665,133.0,141.5,298,122.0,-36.0,0.41,131.17,
07:35:55,133.0,221.0,140.0,85.0,131.0,136.0,209.12,64.0,136.5,7.0,357.0,149.0,45.33239514960524,133.0,140.0,506,208.0,181.5,0.41,131.17,
07:35:56,133.0,146.0,138.86,70.0,131.0,98.0,215.82,65.0,135.93,5.860000000000014,244.0,135.0,15.095896131066397,133.0,138.86,379,109.0,-127.0,0.29,133.0,4.0
07:35:57,133.0,107.0,137.23,65.0,131.0,96.0,250.12,49.0,135.12,4.22999999999999,203.0,114.0,1.061305799448503,133.0,137.23,317,89.0,-62.0,0.28,133.0,4.0
07:35:58,133.0,29.0,137.0,30.0,131.0,54.0,358.0,6.0,135.0,4.0,83.0,36.0,0.94654635382682,133.0,137.0,119,47.0,-182.5,0.39,133.0,4.0
07:35:59,133.47,234.0,164.0,49.0,130.93,95.0,601.11,36.0,148.73,30.53,329.0,85.0,5.887158058005884,133.47,164.0,414,244.0,181.5,0.59,133.78,9.0
07:36:00,134.06,102.0,180.44,36.0,131.84,76.0,300.0,14.0,157.25,46.38,178.0,50.0,10.126827242524929,134.06,180.44,228,128.0,-182.5,0.56,133.0,2.0
07:36:01,139.0,27.0,180.0,33.0,137.94,96.0,765.4,47.0,159.5,41.0,123.0,80.0,11.719298187176,139.0,180.0,203,43.0,-25.0,0.21,139.0,2.0
07:36:02,139.0,5.0,179.2,15.0,138.0,50.0,776.0,25.0,159.1,40.19999999999999,55.0,40.0,10.414894622604123,139.0,179.2,95,15.0,-108.0,0.16,139.0,
07:36:03,138.1,50.0,377.93,44.0,137.77,65.0,582.77,22.0,258.02,239.83,115.0,66.0,45.76844928550625,138.1,377.93000000000006,181,49.0,86.0,0.27,138.5,2.0
07:36:04,138.0,98.0,236.67,60.0,137.0,36.0,346.75,20.0,187.33,98.67,134.0,80.0,43.0859135913347,138.0,236.67,214,54.0,33.0,0.25,138.0,1.0
07:36:05,138.0,48.0,187.0,30.0,137.0,18.0,416.0,6.0,162.5,49.0,66.0,36.0,42.320913269918464,138.0,187.0,102,30.0,-112.0,0.29,138.0,
07:36:06,138.0,56.0,186.0,35.0,137.0,21.0,368.0,7.0,162.0,48.0,77.0,42.0,41.95321441796756,138.0,186.0,119,35.0,17.0,0.29,138.0,
07:36:07,138.0,72.0,183.86,70.0,135.5,48.0,349.64,14.0,160.93,45.860000000000014,120.0,84.0,41.66918081748141,138.0,183.86,204,36.0,85.0,0.18,138.0,4.0
07:36:08,138.0,36.0,181.78,45.0,137.0,27.0,302.0,9.0,159.89,43.78,63.0,54.0,11.67102609027817,138.0,181.78,117,9.0,-87.0,0.08,138.0,
07:36:09,138.0,52.0,178.68,57.0,137.0,39.0,298.38,21.0,158.34,40.68000000000001,91.0,78.0,1.6735799950857215,138.0,178.68,169,13.0,52.0,0.08,138.0,
07:36:10,138.0,40.0,169.0,10.0,137.0,30.0,178.03,34.0,153.5,31.0,70.0,44.0,3.323382313239089,138.0,169.0,114,26.0,-55.0,0.23,138.0,
07:36:11,138.0,68.0,165.48,21.0,137.0,51.0,166.23,69.0,151.74,27.47999999999999,119.0,90.0,4.044694055172717,138.0,165.48,209,29.0,95.0,0.14,138.0,
07:36:12,138.0,32.0,162.62,40.0,137.0,24.0,164.0,8.0,150.31,24.620000000000005,56.0,48.0,4.172640650708921,138.0,162.62,104,8.0,-105.0,0.08,138.0,
07:36:13,138.0,36.0,161.68,25.0,137.0,27.0,162.28,29.0,149.84,23.680000000000007,63.0,54.0,3.437016147757786,138.0,161.68,117,9.0,13.0,0.08,138.0,
07:36:14,139.0,40.0,160.0,9.0,137.52,31.0,162.0,45.0,149.5,21.0,71.0,54.0,1.6482475542062989,139.0,160.0,125,17.0,8.0,0.14,138.0,
07:36:15,140.0,43.0,158.59,22.0,137.92,39.0,161.76,38.0,149.3,18.590000000000003,82.0,60.0,0.9739199145446712,140.0,158.59,142,22.0,17.0,0.15,140.0,1.0
07:36:16,140.0,30.0,155.96,45.0,137.69,39.0,156.73,33.0,147.98,15.960000000000008,69.0,78.0,0.8742310906999233,140.0,155.96,147,-9.0,5.0,-0.06,140.0,2.0
07:36:17,138.0,16.0,154.0,8.0,137.0,24.0,156.0,40.0,146.0,16.0,40.0,48.0,1.5774282867839022,138.0,154.0,88,-8.0,-59.0,-0.09,139.33,3.0
07:36:18,138.0,12.0,150.73,26.0,137.0,18.0,151.5,10.0,144.37,12.72999999999999,30.0,36.0,2.207532559203949,138.0,150.73,66,-6.0,-22.0,-0.09,139.33,
07:36:19,138.0,24.0,146.0,40.0,137.0,36.0,146.43,40.0,142.0,8.0,60.0,80.0,2.891487506448009,138.0,146.0,140,-20.0,74.0,-0.14,139.33,
07:36:20,137.9,31.0,140.79,29.0,136.94,31.0,143.44,45.0,139.35,2.8899999999999864,62.0,74.0,3.375714739124761,137.9,140.79,136,-12.0,-4.0,-0.09,138.6,5.0
07:36:21,137.0,21.0,138.53,17.0,135.0,9.0,143.73,33.0,137.76,1.5300000000000011,30.0,50.0,3.4118514035554823,137.0,138.53,80,-20.0,-56.0,-0.25,137.0,2.0
07:36:22,135.0,15.0,142.71,59.0,134.0,30.0,148.9,31.0,138.86,7.710000000000008,45.0,90.0,2.6805540471967806,135.0,142.71,135,-45.0,55.0,-0.33,137.0,1.0
07:36:23,135.0,9.0,141.0,9.0,134.0,18.0,142.0,45.0,138.0,6.0,27.0,54.0,1.6949572265820232,135.0,141.0,81,-27.0,-54.0,-0.33,137.0,
07:36:24,134.21,24.0,140.17,24.0,131.38,48.0,141.94,48.0,137.19,5.95999999999998,72.0,72.0,0.8669890425733827,134.21,140.17,144,0.0,63.0,0.0,137.0,
07:36:25,131.48,83.0,136.68,31.0,130.19,129.0,138.51,63.0,134.08,5.200000000000017,212.0,94.0,1.8331175630444188,131.48,136.68,306,118.0,162.0,0.39,134.2,5.0
07:36:26,132.2,70.0,134.52,23.0,130.6,81.0,138.72,43.0,133.36,2.3200000000000216,151.0,66.0,2.439655713403345,132.2,134.52,217,85.0,-89.0,0.39,134.2,
07:36:27,136.65,46.0,192.5,40.0,131.16,38.0,265.42,26.0,164.58,55.85,84.0,66.0,13.084453370314844,136.65,192.5,150,18.0,-67.0,0.12,133.33,6.0
07:36:28,140.0,112.0,207.65,26.0,133.71,34.0,229.48,48.0,173.83,67.65,146.0,74.0,19.13889416868033,140.0,207.65000000000003,220,72.0,70.0,0.33,133.33,
07:36:29,140.0,80.0,211.9,21.0,133.0,10.0,231.07,27.0,175.95,71.9,90.0,48.0,21.10649070783555,140.0,211.90000000000003,138,42.0,-82.0,0.3,133.33,
07:36:30,140.0,144.0,156.38,21.0,137.8,30.0,189.71,21.0,148.19,16.379999999999995,174.0,42.0,18.113999282321657,140.0,156.38,216,132.0,78.0,0.61,133.33,
07:36:31,140.0,126.0,151.81,32.0,139.0,32.0,196.57,28.0,145.91,11.810000000000002,158.0,60.0,14.0564725304733,140.0,151.81,218,98.0,2.0,0.45,140.0,1.0
07:36:32,140.0,63.0,149.5,24.0,139.0,18.0,204.5,24.0,144.75,9.5,81.0,48.0,15.735173338732212,140.0,149.5,129,33.0,-89.0,0.26,140.0,
07:36:33,139.85,54.0,147.25,32.0,138.45,22.0,148.4,40.0,143.55,7.400000000000006,76.0,72.0,13.680526305663342,139.85,147.25,148,4.0,19.0,0.03,139.78,9.0
07:36:34,138.0,16.0,144.11,18.0,133.0,8.0,147.73,30.0,141.06,6.110000000000014,24.0,48.0,2.656053463306808,138.0,144.11,72,-24.0,-76.0,-0.33,139.78,
07:36:35,138.0,16.0,143.0,32.0,133.0,8.0,144.0,16.0,140.5,5.0,24.0,48.0,2.330671577023124,138.0,143.0,72,-24.0,0.0,-0.33,139.78,
07:36:36,138.0,16.0,140.12,16.0,133.0,8.0,143.0,32.0,139.06,2.1200000000000045,24.0,48.0,2.318885508157496,138.0,140.12,72,-24.0,0.0,-0.33,139.78,
07:36:37,132.47,64.0,139.0,26.0,130.51,65.0,143.0,52.0,135.73,6.530000000000001,129.0,78.0,2.8762214796399266,132.47,139.0,207,51.0,135.0,0.25,134.2,5.0
07:36:38,130.09,54.0,138.14,28.0,115.79,14.0,140.6,20.0,134.12,8.049999999999983,68.0,48.0,3.0372816793872146,130.09,138.14,116,20.0,-91.0,0.17,131.0,5.0
07:36:39,130.26,80.0,138.0,56.0,125.29,41.0,199.29,34.0,134.13,7.740000000000009,121.0,90.0,2.9245290219008995,130.26,138.0,211,31.0,95.0,0.15,137.0,1.0
07:36:40,130.0,81.0,134.0,46.0,112.93,15.0,187.83,35.0,132.0,4.0,96.0,81.0,2.624284664425703,130.0,134.0,177,15.0,-34.0,0.08,130.0,4.0
07:36:41,130.33,18.0,133.36,11.0,129.0,16.0,136.32,19.0,131.85,3.030000000000001,34.0,30.0,1.6359187021179722,130.33,133.36,64,4.0,-113.0,0.06,133.0,1.0
07:36:42,130.67,12.0,132.98,47.0,125.56,18.0,149.26,27.0,131.82,2.3100000000000023,30.0,74.0,1.2260628042392676,130.67,132.98,104,-44.0,40.0,-0.42,131.0,1.0
07:36:43,120.0,36.0,131.22,46.0,31.56,41.0,133.19,47.0,125.61,11.22,77.0,93.0,3.2097616733861143,120.0,131.22,170,-16.0,66.0,-0.09,130.0,2.0
07:36:44,117.5,96.0,127.05,21.0,90.0,8.0,129.35,26.0,122.27,9.549999999999995,104.0,47.0,4.512189047451095,117.5,127.04999999999998,151,57.0,-19.0,0.38,128.5,2.0
07:36:49,139.0,9.0,192.5,12.0,131.0,18.0,323.13,15.0,165.75,53.5,27.0,27.0,40.37953033406843,139.0,192.5,54,0.0,-85.0,0.0,128.5,
07:36:50,139.67,12.0,184.0,16.0,133.67,12.0,190.75,8.0,161.83,44.33000000000001,24.0,24.0,22.053520580622838,139.67,184.0,48,0.0,-6.0,0.0,128.5,
07:36:51,138.5,24.0,179.05,37.0,125.07,15.0,579.5,24.0,158.78,40.55000000000001,39.0,61.0,19.32607642538837,138.5,179.05,100,-22.0,52.0,-0.22,139.67,3.0
07:36:52,131.06,33.0,154.0,50.0,111.87,46.0,322.8,10.0,142.53,22.94,79.0,60.0,19.6462960885748,131.06,154.0,139,19.0,39.0,0.14,139.67,
07:36:53,131.82,17.0,154.0,50.0,126.48,61.0,247.0,12.0,142.91,22.180000000000007,78.0,62.0,10.9100962415529,131.82,154.0,140,16.0,1.0,0.11,131.33,6.0
07:36:54,107.87,23.0,132.63,19.0,71.09,89.0,157.03,29.0,120.25,24.75999999999999,112.0,48.0,16.551667589700575,107.87,132.63,160,64.0,20.0,0.4,131.0,2.0
07:36:57,127.39,23.0,340.62,48.0,67.64,22.0,409.23,30.0,234.01,213.23,45.0,78.0,50.01075284376295,127.39,340.62,123,-33.0,-59.0,-0.27,130.0,1.0
07:36:58,133.5,30.0,298.87,46.0,121.75,20.0,385.8,46.0,216.18,165.37,50.0,92.0,58.65739407781381,133.5,298.87,142,-42.0,19.0,-0.3,130.0,
07:36:59,137.0,27.0,268.45,11.0,130.0,27.0,301.94,31.0,202.73,131.45,54.0,42.0,55.78093043325783,137.0,268.45,96,12.0,-46.0,0.12,130.0,
07:37:00,137.0,27.0,254.0,9.0,130.0,147.0,255.0,27.0,195.5,117.0,174.0,36.0,45.01008364799995,137.0,254.0,210,138.0,114.0,0.66,130.0,
07:37:01,137.0,45.0,237.31,36.0,130.17,261.0,226.53,32.0,187.15,100.31,306.0,68.0,18.427241519010785,137.0,237.31,374,238.0,164.0,0.64,130.0,
07:37:02,135.47,64.0,195.17,12.0,134.87,52.0,248.6,25.0,165.32,59.69999999999999,116.0,37.0,18.960045622306723,135.47,195.17,153,79.0,-182.5,0.52,136.2,5.0
07:37:03,135.0,47.0,195.0,9.0,134.0,9.0,241.33,27.0,165.0,60.0,56.0,36.0,17.3149487437864,135.0,195.0,92,20.0,-61.0,0.22,135.0,4.0
07:37:04,135.0,33.0,193.22,23.0,134.0,11.0,236.14,21.0,164.11,58.22,44.0,44.0,14.826511052838727,135.0,193.22000000000003,88,0.0,-4.0,0.0,135.0,
07:37:05,131.25,72.0,189.73,15.0,86.29,14.0,190.43,21.0,160.49,58.47999999999999,86.0,36.0,10.648710250539636,131.25,189.73,122,50.0,34.0,0.41,134.75,4.0
07:37:06,131.41,85.0,163.9,42.0,124.48,172.0,172.0,47.0,147.66,32.49000000000001,257.0,89.0,7.439403873963721,131.41,163.9,346,168.0,181.5,0.49,134.75,
07:37:07,135.0,40.0,156.8,30.0,133.33,27.0,158.0,40.0,145.9,21.80000000000001,67.0,70.0,9.171977431281965,135.0,156.8,137,-3.0,-182.5,-0.02,134.75,
07:37:08,135.0,28.0,154.44,25.0,134.0,21.0,155.64,22.0,144.72,19.44,49.0,47.0,9.029359334966406,135.0,154.44,96,2.0,-41.0,0.02,134.75,
07:37:09,134.74,35.0,152.45,11.0,132.85,39.0,154.0,44.0,143.6,17.70999999999998,74.0,55.0,6.883326230823598,134.74,152.45,129,19.0,33.0,0.15,134.75,
07:37:10,134.09,11.0,148.85,26.0,131.17,53.0,151.55,29.0,141.47,14.759999999999993,64.0,55.0,2.3366856870241426,134.09,148.85,119,9.0,-10.0,0.08,134.33,3.0
07:37:11,134.0,12.0,147.26,38.0,131.0,60.0,147.76,17.0,140.63,13.259999999999993,72.0,55.0,2.198733726476045,134.0,147.26,127,17.0,8.0,0.13,134.33,
07:37:12,134.0,10.0,142.04,24.0,131.0,50.0,143.62,24.0,138.02,8.039999999999992,60.0,48.0,2.620585812360075,134.0,142.04,108,12.0,-19.0,0.11,134.0,1.0
07:37:13,131.0,70.0,136.32,34.0,130.0,84.0,137.88,33.0,133.66,5.319999999999993,154.0,67.0,3.816442060341357,131.0,136.32,221,87.0,113.0,0.39,134.0,
07:37:14,131.0,69.0,133.62,26.0,130.0,90.0,141.33,45.0,132.31,2.6200000000000045,159.0,71.0,4.0961042467132485,131.0,133.62,230,88.0,9.0,0.38,131.0,4.0
07:37:15,131.0,20.0,138.0,30.0,130.0,72.0,335.46,46.0,134.5,7.0,92.0,76.0,3.4170206320626986,131.0,138.0,168,16.0,-62.0,0.1,138.0,3.0
07:37:16,134.8,59.0,306.03,36.0,130.4,25.0,543.14,28.0,220.41,171.22999999999996,84.0,64.0,38.42339196374969,134.8,306.03,148,20.0,-20.0,0.14,137.0,1.0
07:37:17,135.0,43.0,283.44,16.0,131.0,8.0,619.33,18.0,209.22,148.44,51.0,34.0,44.7257090497171,135.0,283.44,85,17.0,-63.0,0.2,135.0,3.0
07:37:19,131.0,27.0,313.85,13.0,130.0,36.0,484.26,19.0,222.42,182.85,63.0,32.0,64.29012832464994,131.0,313.85,95,31.0,32.0,0.33,135.0,
07:37:20,131.0,21.0,295.11,28.0,130.0,28.0,323.65,17.0,213.05,164.11,49.0,45.0,44.65323448530867,131.0,295.11,94,4.0,-1.0,0.04,135.0,
07:37:21,131.0,33.0,192.41,39.0,130.0,44.0,211.83,42.0,161.71,61.41,77.0,81.0,56.06737776996493,131.0,192.41,158,-4.0,64.0,-0.03,135.0,
07:37:22,131.0,28.0,133.07,61.0,130.0,56.0,133.85,26.0,132.03,2.069999999999993,84.0,87.0,70.13942094143603,131.0,133.07,171,-3.0,13.0,-0.02,131.0,2.0
07:37:23,105.18,11.0,131.05,37.0,116.19,21.0,133.4,25.0,118.12,25.870000000000005,32.0,62.0,46.90872125735203,105.18,131.05,94,-30.0,-77.0,-0.32,130.2,5.0
07:37:26,130.76,34.0,202.5,14.0,126.43,35.0,405.62,34.0,166.63,71.74000000000001,69.0,48.0,21.8744481073225,130.76,202.5,117,21.0,-2.0,0.18,137.17,6.0
07:37:27,135.5,20.0,187.75,32.0,134.57,28.0,221.12,8.0,161.62,52.25,48.0,40.0,26.283069265212266,135.5,187.75,88,8.0,-29.0,0.09,137.0,1.0
07:37:28,135.0,30.0,186.5,24.0,131.0,6.0,381.0,11.0,160.75,51.5,36.0,35.0,26.176615518434502,135.0,186.5,71,1.0,-17.0,0.01,137.0,
07:37:29,135.0,55.0,185.45,44.0,131.0,21.0,393.58,12.0,160.23,50.44999999999999,76.0,56.0,20.70973152892008,135.0,185.45,132,20.0,61.0,0.15,137.0,
07:37:30,135.0,50.0,184.8,40.0,131.0,60.0,410.56,18.0,159.9,49.80000000000001,110.0,58.0,2.76293865294665,135.0,184.8,168,52.0,36.0,0.31,137.0,
07:37:31,135.0,25.0,184.0,20.0,131.23,26.0,437.0,5.0,159.5,49.0,51.0,25.0,0.8215534066307888,135.0,184.0,76,26.0,-92.0,0.34,137.0,
07:37:32,135.0,40.0,183.42,31.0,134.0,16.0,251.97,35.0,159.21,48.41999999999999,56.0,66.0,0.6053676568389253,135.0,183.42,122,-10.0,46.0,-0.08,137.0,
07:37:33,135.0,75.0,180.68,53.0,134.0,30.0,182.33,72.0,157.84,45.68000000000001,105.0,125.0,0.9216995171674228,135.0,180.68,230,-20.0,108.0,-0.09,137.0,
07:37:34,135.0,75.0,178.23,53.0,134.0,30.0,178.96,52.0,156.61,43.22999999999999,105.0,105.0,1.3609812636280767,135.0,178.22999999999996,210,0.0,-20.0,0.0,137.0,
07:37:35,134.97,62.0,174.38,47.0,133.12,34.0,175.36,44.0,154.68,39.41,96.0,91.0,1.9850113349668064,134.97,174.38000000000002,187,5.0,-23.0,0.03,135.0,5.0
07:37:36,131.3,80.0,172.5,36.0,116.0,100.0,174.0,48.0,151.9,41.19999999999999,180.0,84.0,2.854937827684994,131.3,172.5,264,96.0,77.0,0.36,133.0,3.0
07:37:37,132.66,101.0,171.0,42.0,124.52,92.0,173.45,49.0,151.83,38.34,193.0,91.0,2.715836887581188,132.66,171.0,284,102.0,20.0,0.36,133.0,
07:37:38,134.0,70.0,167.45,40.0,131.0,99.0,168.46,37.0,150.72,33.44999999999999,169.0,77.0,2.4249886597563006,134.0,167.45,246,92.0,-38.0,0.37,134.0,6.0
07:37:39,134.0,7.0,163.67,24.0,131.0,63.0,165.08,25.0,148.83,29.669999999999987,70.0,49.0,2.12581043368091,134.0,163.67,119,21.0,-127.0,0.18,134.0,
07:37:40,136.82,17.0,162.38,39.0,131.14,85.0,164.0,52.0,149.6,25.56,102.0,91.0,1.355297015397972,136.82,162.38,193,11.0,74.0,0.06,134.0,
07:37:41,140.0,18.0,160.24,33.0,134.0,9.0,161.73,30.0,150.12,20.24000000000001,27.0,63.0,1.1367277598205594,140.0,160.24,90,-36.0,-103.0,-0.4,134.0,
07:37:42,135.15,39.0,155.19,32.0,131.5,24.0,158.11,38.0,145.17,20.039999999999992,63.0,70.0,2.1913397728208954,135.15,155.19,133,-7.0,43.0,-0.05,136.25,4.0
07:37:43,131.23,66.0,156.14,51.0,102.59,58.0,157.36,42.0,143.68,24.91,124.0,93.0,2.8750043478135394,131.23,156.14,217,31.0,84.0,0.14,131.0,7.0
07:37:44,133.15,41.0,154.0,40.0,132.36,22.0,157.6,30.0,143.57,20.849999999999994,63.0,70.0,3.2013544008664168,133.15,154.0,133,-7.0,-84.0,-0.05,131.0,
07:37:45,134.0,24.0,152.25,48.0,133.0,60.0,153.25,48.0,143.12,18.25,84.0,96.0,2.8930036294389208,134.0,152.25,180,-12.0,47.0,-0.07,131.0,
07:37:46,133.48,27.0,149.5,54.0,132.25,48.0,150.45,58.0,141.49,16.02000000000001,75.0,112.0,1.3197083010827584,133.48,149.5,187,-37.0,7.0,-0.2,133.33,6.0
07:37:47,134.0,15.0,142.27,60.0,131.0,30.0,143.28,57.0,138.13,8.27000000000001,45.0,117.0,2.3333816661546734,134.0,142.27,162,-72.0,-25.0,-0.44,133.33,
07:37:48,134.0,7.0,137.57,28.0,131.0,14.0,139.14,28.0,135.79,3.569999999999993,21.0,56.0,3.355532744579723,134.0,137.57,77,-35.0,-85.0,-0.45,133.33,
07:37:49,132.42,19.0,138.61,46.0,130.42,43.0,182.43,49.0,135.51,6.190000000000026,62.0,95.0,3.399679396641208,132.42,138.61,157,-33.0,80.0,-0.21,134.8,5.0
07:37:50,131.0,22.0,145.45,33.0,130.0,55.0,147.0,33.0,138.23,14.449999999999989,77.0,66.0,2.407779059620441,131.0,145.45,143,11.0,-14.0,0.08,134.8,
07:37:51,133.88,17.0,142.21,19.0,130.07,27.0,143.41,22.0,138.05,8.330000000000013,44.0,41.0,1.367084488956937,133.88,142.21,85,3.0,-58.0,0.04,134.8,
07:37:52,136.94,66.0,139.59,46.0,130.47,47.0,140.6,42.0,138.26,2.6500000000000057,113.0,88.0,1.3915890197707994,136.94,139.59,201,25.0,116.0,0.12,136.67,3.0
07:37:53,130.38,58.0,136.72,43.0,128.8,100.0,138.27,52.0,133.55,6.340000000000003,158.0,95.0,2.1174040710139765,130.38,136.72,253,63.0,52.0,0.25,130.4,5.0
07:37:54,130.0,79.0,133.27,22.0,103.85,52.0,136.8,25.0,131.64,3.2700000000000102,131.0,47.0,3.1337086654547948,130.0,133.27,178,84.0,-75.0,0.47,131.8,5.0
07:37:55,130.0,31.0,229.33,24.0,106.23,22.0,486.24,34.0,179.67,99.33,53.0,58.0,20.014977641754868,130.0,229.33,111,-5.0,-67.0,-0.05,130.0,4.0
07:37:56,131.0,10.0,249.0,25.0,130.0,15.0,431.24,17.0,190.0,118.0,25.0,42.0,27.923653593323856,131.0,249.0,67,-17.0,-44.0,-0.25,130.0,
07:37:57,131.0,18.0,251.95,43.0,130.0,27.0,401.94,35.0,191.48,120.95,45.0,78.0,30.178768530209258,131.0,251.95,123,-33.0,56.0,-0.27,130.0,
07:37:58,132.86,21.0,309.0,28.0,132.16,31.0,548.0,35.0,220.93,176.14,52.0,63.0,32.43534383970594,132.86,309.0,115,-11.0,-8.0,-0.1,130.0,
07:37:59,132.64,22.0,333.88,32.0,130.58,53.0,464.0,43.0,233.26,201.24,75.0,75.0,22.82065226937983,132.64,333.88,150,0.0,35.0,0.0,133.5,8.0
07:38:00,131.0,18.0,168.44,16.0,130.0,108.0,215.91,34.0,149.72,37.44,126.0,50.0,32.412462418026045,131.0,168.44,176,76.0,26.0,0.43,133.5,
07:38:01,131.0,82.0,169.44,18.0,130.0,108.0,195.15,41.0,150.22,38.44,190.0,59.0,38.83090032435445,131.0,169.44,249,131.0,73.0,0.53,131.0,2.0
07:38:02,132.71,56.0,169.0,28.0,130.14,101.0,314.06,62.0,150.86,36.28999999999999,157.0,90.0,42.30773829927512,132.71,169.0,247,67.0,-2.0,0.27,139.0,4.0
07:38:03,133.0,37.0,168.5,32.0,130.67,54.0,294.44,16.0,150.75,35.5,91.0,48.0,37.064502155026304,133.0,168.5,139,43.0,-108.0,0.31,137.33,3.0
07:38:04,136.6,60.0,168.0,16.0,130.9,31.0,296.0,8.0,152.3,31.40000000000001,91.0,24.0,0.9688137075565704,136.6,168.0,115,67.0,-24.0,0.58,137.33,
07:38:05,137.0,88.0,164.89,19.0,131.0,44.0,277.43,37.0,150.95,27.889999999999983,132.0,56.0,0.7716411082553342,137.0,164.89,188,76.0,73.0,0.4,137.33,
07:38:06,137.0,67.0,163.67,15.0,131.0,36.0,166.0,12.0,150.33,26.669999999999987,103.0,27.0,0.7443587844242285,137.0,163.67,130,76.0,-58.0,0.58,137.0,1.0
07:38:07,137.0,35.0,163.0,10.0,131.0,20.0,165.0,5.0,150.0,26.0,55.0,15.0,0.8823434705087848,137.0,163.0,70,40.0,-60.0,0.57,137.0,
07:38:08,137.0,93.0,162.29,28.0,132.43,23.0,356.68,57.0,149.64,25.289999999999992,116.0,85.0,1.043709729737854,137.0,162.29,201,31.0,131.0,0.15,137.0,1.0
07:38:09,137.0,48.0,161.62,16.0,134.0,8.0,346.05,19.0,149.31,24.620000000000005,56.0,35.0,0.6337428500183425,137.0,161.62,91,21.0,-110.0,0.23,137.0,
07:38:10,137.0,54.0,155.92,24.0,134.0,21.0,260.0,21.0,146.46,18.919999999999987,75.0,45.0,1.5505386160780512,137.0,155.92,120,30.0,29.0,0.25,137.0,
07:38:11,137.0,60.0,158.6,20.0,134.0,70.0,244.0,50.0,147.8,21.599999999999994,130.0,70.0,1.4795675043569791,137.0,158.6,200,60.0,80.0,0.3,137.0,
07:38:12,137.0,72.0,157.25,24.0,134.0,84.0,231.17,60.0,147.12,20.25,156.0,84.0,1.3756743800583957,137.0,157.25,240,72.0,40.0,0.3,137.0,
07:38:13,137.81,70.0,156.09,22.0,135.3,76.0,221.32,47.0,146.95,18.28,146.0,69.0,1.105744093336695,137.81,156.09,215,77.0,-25.0,0.36,137.0,
07:38:14,139.08,59.0,155.64,22.0,138.11,81.0,221.0,44.0,147.36,16.559999999999974,140.0,66.0,0.4957015230447927,139.08,155.64,206,74.0,-9.0,0.36,140.0,1.0
07:38:15,139.0,72.0,154.14,28.0,137.0,48.0,181.4,20.0,146.57,15.139999999999986,120.0,48.0,0.4591840589011542,139.0,154.14,168,72.0,-38.0,0.43,140.0,
07:38:16,139.0,124.0,152.34,58.0,137.0,96.0,153.21,38.0,145.67,13.340000000000003,220.0,96.0,0.6607798422688873,139.0,152.33999999999995,316,124.0,148.0,0.39,139.0,4.0
07:38:17,139.0,75.0,148.43,46.0,137.0,98.0,246.49,45.0,143.72,9.430000000000009,173.0,91.0,1.4465234183893476,139.0,148.43,264,82.0,-52.0,0.31,139.0,
07:38:18,139.0,35.0,148.26,61.0,137.0,87.0,188.82,44.0,143.63,9.259999999999993,122.0,105.0,1.6761712322876536,139.0,148.26,227,17.0,-37.0,0.07,139.0,3.0
07:38:19,139.0,20.0,147.35,43.0,137.0,60.0,148.26,47.0,143.17,8.349999999999994,80.0,90.0,1.4810874383197536,139.0,147.35,170,-10.0,-57.0,-0.06,139.0,
07:38:20,139.0,16.0,146.1,39.0,137.0,48.0,147.15,33.0,142.55,7.099999999999994,64.0,72.0,1.170264927248718,139.0,146.1,136,-8.0,-34.0,-0.06,139.0,
07:38:21,139.0,26.0,144.36,33.0,137.06,77.0,146.04,46.0,141.68,5.360000000000014,103.0,79.0,0.8480271221773102,139.0,144.36,182,24.0,46.0,0.13,139.0,
07:38:22,138.26,23.0,139.72,47.0,137.16,93.0,141.16,64.0,138.99,1.460000000000008,116.0,111.0,1.8364857745019836,138.26,139.72,227,5.0,45.0,0.02,138.33,6.0
07:38:23,137.03,65.0,138.84,38.0,135.67,36.0,139.62,64.0,137.94,1.8100000000000025,101.0,102.0,2.285154261739885,137.03,138.84,203,-1.0,-24.0,-0.0,137.5,2.0
07:38:24,136.8,30.0,138.38,42.0,134.91,22.0,205.21,58.0,137.59,1.579999999999984,52.0,100.0,2.240769956945103,136.8,138.38,152,-48.0,-51.0,-0.32,136.67,6.0
07:38:26,130.88,43.0,241.45,22.0,115.55,47.0,274.58,33.0,186.17,110.57,90.0,55.0,68.40265623497348,130.88,241.45,145,35.0,-42.0,0.24,131.0,6.0
07:38:27,131.35,31.0,241.0,24.0,61.54,56.0,419.16,19.0,186.18,109.65,87.0,43.0,64.59729584123438,131.35,241.0,130,44.0,-15.0,0.34,131.0,
07:38:28,137.0,14.0,241.0,21.0,130.0,35.0,648.0,23.0,189.0,104.0,49.0,44.0,58.28339326085913,137.0,241.0,93,5.0,-37.0,0.05,131.0,
07:38:29,137.0,22.0,187.46,39.0,130.0,43.0,239.54,37.0,162.23,50.46000000000001,65.0,76.0,52.556898024902125,137.0,187.46,141,-11.0,48.0,-0.08,131.0,
07:38:30,137.59,34.0,160.09,46.0,130.82,34.0,161.54,52.0,148.84,22.5,68.0,98.0,17.971147153143953,137.59,160.09,166,-30.0,25.0,-0.18,131.0,
07:38:31,140.0,4.0,157.19,16.0,139.0,20.0,158.69,13.0,148.59,17.189999999999998,24.0,29.0,19.642644170272806,140.0,157.19,53,-5.0,-113.0,-0.09,131.0,
07:38:32,140.0,9.0,151.05,37.0,139.0,45.0,154.65,34.0,145.53,11.050000000000011,54.0,71.0,18.05087449405015,140.0,151.05,125,-17.0,72.0,-0.14,131.0,
07:38:33,140.0,10.0,151.71,35.0,139.0,50.0,152.67,39.0,145.86,11.710000000000008,60.0,74.0,6.888515805305837,140.0,151.71,134,-14.0,9.0,-0.1,139.33,3.0
07:38:34,139.0,21.0,148.63,27.0,138.0,28.0,149.61,31.0,143.81,9.629999999999995,49.0,58.0,2.146329424843182,139.0,148.63,107,-9.0,-27.0,-0.08,139.33,
07:38:35,139.0,15.0,147.67,18.0,138.0,20.0,148.65,23.0,143.33,8.669999999999987,35.0,41.0,2.074531272347428,139.0,147.67,76,-6.0,-31.0,-0.08,139.33,
07:38:36,139.0,18.0,146.83,18.0,138.0,24.0,148.0,24.0,142.92,7.8300000000000125,42.0,42.0,1.325839356765076,139.0,146.83,84,0.0,8.0,0.0,139.33,
07:38:37,138.79,19.0,146.0,21.0,137.83,24.0,148.0,28.0,142.39,7.210000000000008,43.0,49.0,1.3352789970441092,138.79,146.0,92,-6.0,8.0,-0.07,138.6,5.0
07:38:38,138.0,30.0,143.9,48.0,137.0,30.0,146.88,59.0,140.95,5.900000000000006,60.0,107.0,1.0993179703556744,138.0,143.9,167,-47.0,75.0,-0.28,138.6,
07:38:39,132.69,65.0,138.44,50.0,131.02,131.0,139.37,54.0,135.57,5.75,196.0,104.0,3.183146242312252,132.69,138.44,300,92.0,133.0,0.31,137.5,4.0
07:38:40,135.0,33.0,137.0,44.0,131.0,165.0,139.0,55.0,136.0,2.0,198.0,99.0,3.5293101308819965,135.0,137.0,297,99.0,-3.0,0.33,137.5,
07:38:41,135.0,41.0,137.78,64.0,131.27,165.0,190.43,67.0,136.39,2.780000000000001,206.0,131.0,3.167554261563026,135.0,137.78,337,75.0,40.0,0.22,135.0,1.0
07:38:42,131.32,157.0,136.42,62.0,131.3,61.0,201.0,62.0,133.87,5.099999999999994,218.0,124.0,2.6377414581315213,131.32,136.42,342,94.0,5.0,0.27,133.86,7.0
07:38:43,131.0,120.0,241.8,35.0,130.0,16.0,421.65,17.0,186.4,110.8,136.0,52.0,22.80245228040062,131.0,241.8,188,84.0,-154.0,0.45,133.86,
07:38:44,131.17,94.0,397.04,25.0,130.71,42.0,411.45,29.0,264.11,265.87,136.0,54.0,56.36376167361395,131.17,397.04,190,82.0,2.0,0.43,133.86,
07:38:45,135.0,28.0,383.2,30.0,131.99,67.0,423.04,50.0,259.1,248.2,95.0,80.0,63.49454252138492,135.0,383.2,175,15.0,-15.0,0.09,133.86,
07:38:46,135.0,14.0,396.0,21.0,134.0,80.0,444.0,28.0,265.5,261.0,94.0,49.0,59.321077451441845,135.0,396.0,143,45.0,-32.0,0.31,133.86,
07:38:47,135.0,20.0,394.2,30.0,134.0,130.0,412.64,33.0,264.6,259.2,150.0,63.0,34.49309815020922,135.0,394.2,213,87.0,70.0,0.41,133.86,
07:38:48,134.4,40.0,385.0,29.0,133.52,124.0,393.0,30.0,259.7,250.6,164.0,59.0,2.97279666307146,134.4,385.0,223,105.0,10.0,0.47,134.67,3.0
07:38:49,134.0,96.0,200.0,27.0,131.0,77.0,272.44,27.0,167.0,66.0,173.0,54.0,42.681225380721735,134.0,200.0,227,119.0,4.0,0.52,134.67,
07:38:50,139.0,60.0,172.3,30.0,134.0,120.0,175.0,30.0,155.65,33.30000000000001,180.0,60.0,56.02325856285013,139.0,172.3,240,120.0,13.0,0.5,134.67,
07:38:51,139.0,66.0,169.77,26.0,134.0,162.0,171.2,30.0,154.38,30.77000000000001,228.0,56.0,56.73183215796892,139.0,169.77,284,172.0,44.0,0.61,134.67,
07:38:52,139.0,56.0,169.0,30.0,134.0,120.0,170.0,20.0,154.0,30.0,176.0,50.0,45.90536548160738,139.0,169.0,226,126.0,-58.0,0.56,139.0,1.0
07:38:53,139.0,30.0,169.0,18.0,134.0,72.0,170.0,12.0,154.0,30.0,102.0,30.0,5.627759767433743,139.0,169.0,132,72.0,-94.0,0.55,139.0,
07:38:54,139.0,40.0,168.0,24.0,134.0,96.0,169.29,21.0,153.5,29.0,136.0,45.0,0.8137444315909559,139.0,168.0,181,91.0,49.0,0.5,139.0,
07:38:55,139.17,30.0,166.39,23.0,135.47,85.0,167.6,30.0,152.78,27.22,115.0,53.0,0.6171871676769728,139.17,166.39,168,62.0,-13.0,0.37,139.0,
07:38:56,134.65,55.0,165.5,24.0,132.22,121.0,167.0,36.0,150.08,30.849999999999994,176.0,60.0,1.6388166462252092,134.65,165.5,236,116.0,68.0,0.49,136.38,13.0
07:38:57,134.0,44.0,162.41,27.0,131.0,100.0,164.13,23.0,148.2,28.41,144.0,50.0,2.4784107811144804,134.0,162.41,194,94.0,-42.0,0.48,134.0,1.0
07:38:58,131.81,74.0,158.23,30.0,130.54,92.0,159.39,31.0,145.02,26.419999999999987,166.0,61.0,3.463737865362204,131.81,158.23,227,105.0,33.0,0.46,133.4,5.0
07:38:59,131.87,90.0,152.71,35.0,130.64,89.0,154.32,37.0,142.29,20.840000000000003,179.0,72.0,4.128193309420397,131.87,152.71,251,107.0,24.0,0.43,133.4,
07:39:00,137.0,27.0,148.78,23.0,132.0,54.0,149.78,27.0,142.89,11.78,81.0,50.0,3.3697522164014986,137.0,148.78,131,31.0,-120.0,0.24,133.4,
07:39:01,137.55,33.0,148.0,16.0,133.15,39.0,149.0,24.0,142.77,10.449999999999989,72.0,40.0,2.453350769853824,137.55,148.0,112,32.0,-19.0,0.29,133.4,
07:39:02,138.0,44.0,147.52,25.0,137.0,33.0,148.8,30.0,142.76,9.52000000000001,77.0,55.0,1.0724411405490224,138.0,147.52,132,22.0,20.0,0.17,138.0,2.0
07:39:03,138.54,52.0,144.22,27.0,137.47,34.0,145.36,25.0,141.38,5.680000000000007,86.0,52.0,0.6239951922426091,138.54,144.22,138,34.0,6.0,0.25,138.0,
07:39:04,139.0,89.0,140.42,38.0,138.0,52.0,141.4,35.0,139.71,1.4199999999999875,141.0,73.0,1.373233410583122,139.0,140.42,214,68.0,76.0,0.32,139.0,2.0
07:39:05,139.0,27.0,140.17,36.0,137.89,36.0,350.39,28.0,139.58,1.1699999999999875,63.0,64.0,1.5626419935294211,139.0,140.17,127,-1.0,-87.0,-0.01,139.0,3.0
07:39:06,138.36,22.0,375.58,52.0,137.22,18.0,460.18,45.0,256.97,237.22,40.0,97.0,51.9435544605868,138.36,375.58,137,-57.0,10.0,-0.42,139.0,2.0
07:39:09,138.0,13.0,429.58,19.0,137.0,13.0,543.98,50.0,283.79,291.58,26.0,69.0,76.31753645132923,138.0,429.58,95,-43.0,47.0,-0.45,139.0,
07:39:10,134.19,21.0,421.71,7.0,131.18,33.0,518.89,9.0,277.95,287.52,54.0,16.0,30.12977812729418,134.19,421.71,70,38.0,-25.0,0.54,135.17,6.0
07:39:11,134.0,21.0,417.97,31.0,131.0,56.0,468.18,11.0,275.98,283.97,77.0,42.0,25.125367061994865,134.0,417.97,119,35.0,49.0,0.29,135.17,
07:39:12,134.0,15.0,318.11,9.0,131.0,40.0,416.41,17.0,226.06,184.11,55.0,26.0,34.98938739103575,134.0,318.11,81,29.0,-38.0,0.36,135.17,
07:39:13,134.0,33.0,222.42,43.0,131.0,88.0,258.65,23.0,178.21,88.41999999999999,121.0,66.0,45.585147471517125,134.0,222.42,187,55.0,106.0,0.29,135.17,
07:39:14,131.6,60.0,211.79,14.0,130.44,72.0,213.2,20.0,171.69,80.19,132.0,34.0,51.064332659890496,131.6,211.79,166,98.0,-21.0,0.59,132.8,5.0
07:39:15,131.0,78.0,208.05,19.0,130.0,70.0,209.8,15.0,169.53,77.05000000000001,148.0,34.0,46.27248891079834,131.0,208.05,182,114.0,16.0,0.63,132.8,
07:39:16,131.0,40.0,206.38,24.0,130.0,60.0,206.88,16.0,168.69,75.38,100.0,40.0,24.44946993290345,131.0,206.38,140,60.0,-42.0,0.43,131.0,2.0
07:39:17,131.0,52.0,179.53,17.0,130.0,78.0,196.86,35.0,155.26,48.53,130.0,52.0,8.377050793683066,131.0,179.53,182,78.0,42.0,0.43,131.0,
07:39:18,136.15,26.0,152.0,12.0,132.57,46.0,156.11,18.0,144.08,15.849999999999994,72.0,30.0,11.851103324161167,136.15,152.0,102,42.0,-80.0,0.41,137.5,2.0
07:39:19,132.0,40.0,148.33,27.0,130.13,62.0,183.12,25.0,140.17,16.330000000000013,102.0,52.0,13.567325823460644,132.0,148.33,154,50.0,52.0,0.32,133.86,7.0
07:39:20,130.0,85.0,142.7,71.0,83.21,19.0,144.06,67.0,136.35,12.699999999999989,104.0,138.0,13.124795236495691,130.0,142.7,242,-34.0,88.0,-0.14,130.0,5.0
07:39:21,130.5,16.0,138.77,62.0,118.13,31.0,139.28,32.0,134.64,8.27000000000001,47.0,94.0,8.208912839099836,130.5,138.77,141,-47.0,-101.0,-0.33,130.0,
07:39:22,127.86,14.0,132.14,37.0,120.35,23.0,132.77,35.0,130.0,4.279999999999987,37.0,72.0,5.365535388005261,127.86,132.14,109,-35.0,-32.0,-0.32,130.5,2.0
07:39:23,121.0,24.0,132.0,30.0,53.65,17.0,166.0,30.0,126.5,11.0,41.0,60.0,5.365535388005157,121.0,132.0,101,-19.0,-8.0,-0.19,131.0,3.0
07:39:24,111.57,23.0,126.97,30.0,56.24,41.0,137.25,24.0,119.27,15.400000000000006,64.0,54.0,6.83987353683782,111.56999999999998,126.97,118,10.0,17.0,0.08,125.0,4.0
07:39:28,97.4,120.0,246.91,23.0,7.0,95.0,348.9,30.0,172.16,149.51,215.0,53.0,40.80539143299482,97.4,246.91000000000005,268,162.0,52.0,0.6,126.89,9.0
07:39:30,131.0,28.0,220.0,16.0,119.26,117.0,349.85,20.0,175.5,89.0,145.0,36.0,50.99708795607778,131.0,220.0,181,109.0,-59.0,0.6,131.0,4.0
07:39:31,131.0,24.0,220.0,12.0,125.0,79.0,325.5,6.0,175.5,89.0,103.0,18.0,46.438909332583805,131.0,220.0,121,85.0,-60.0,0.7,131.0,
07:39:32,132.57,14.0,208.2,20.0,131.0,28.0,334.67,12.0,170.39,75.63,42.0,32.0,13.308246315722664,132.57,208.2,74,10.0,-47.0,0.14,131.0,
07:39:33,133.0,10.0,389.22,18.0,131.0,20.0,646.0,11.0,261.11,256.22,30.0,29.0,44.33940538617938,133.0,389.22,59,1.0,-15.0,0.02,131.0,
07:39:35,138.92,25.0,295.66,29.0,135.57,23.0,374.89,27.0,217.29,156.74000000000004,48.0,56.0,65.34344940389946,138.92,295.66,104,-8.0,21.0,-0.08,138.38,8.0
07:39:36,131.0,33.0,207.2,20.0,130.0,51.0,302.45,22.0,169.1,76.19999999999999,84.0,42.0,66.73261256686993,131.0,207.2,126,42.0,22.0,0.33,138.38,
07:39:37,133.82,66.0,187.73,22.0,131.23,35.0,198.36,11.0,160.77,53.91,101.0,33.0,68.94668461934891,133.82,187.73,134,68.0,8.0,0.51,138.38,
07:39:38,135.76,102.0,186.78,18.0,132.71,42.0,316.17,24.0,161.27,51.02000000000001,144.0,42.0,71.04979577732759,135.76,186.78,186,102.0,52.0,0.55,138.38,
07:39:39,134.0,44.0,183.4,10.0,131.0,54.0,185.82,17.0,158.7,49.400000000000006,98.0,27.0,24.83728306397357,134.0,183.4,125,71.0,-61.0,0.57,138.38,
07:39:40,134.0,96.0,180.58,24.0,131.0,91.0,183.0,12.0,157.29,46.58000000000001,187.0,36.0,4.579370044006566,134.0,180.58,223,151.0,98.0,0.68,138.38,
07:39:41,131.58,146.0,178.76,25.0,130.71,136.0,179.28,29.0,155.17,47.17999999999998,282.0,54.0,2.5159888711884038,131.58,178.76,336,228.0,113.0,0.68,133.4,10.0
07:39:42,132.95,83.0,158.39,23.0,130.86,146.0,164.9,29.0,145.67,25.44,229.0,52.0,5.987545406921185,132.95,158.39,281,177.0,-55.0,0.63,133.4,
07:39:43,137.0,51.0,147.87,23.0,132.55,58.0,157.58,38.0,142.43,10.870000000000005,109.0,61.0,7.322350715442517,137.0,147.87,170,48.0,-111.0,0.28,137.0,3.0
07:39:44,134.0,32.0,144.68,34.0,131.0,108.0,145.43,23.0,139.34,10.680000000000009,140.0,57.0,7.892407744151347,134.0,144.68,197,83.0,27.0,0.42,133.0,3.0
07:39:45,131.0,45.0,138.57,28.0,130.0,52.0,139.97,29.0,134.79,7.569999999999993,97.0,57.0,7.668285336366827,131.0,138.57,154,40.0,-43.0,0.26,131.0,2.0
07:39:46,133.0,90.0,135.89,27.0,130.23,52.0,137.17,24.0,134.44,2.8899999999999864,142.0,51.0,4.856164124073338,133.0,135.89,193,91.0,39.0,0.47,135.4,5.0
07:39:47,131.0,11.0,153.0,10.0,130.0,20.0,593.6,15.0,142.0,22.0,31.0,25.0,3.827473056722502,131.0,153.0,56,6.0,-137.0,0.11,131.0,2.0
07:39:48,137.48,75.0,153.0,22.0,106.16,38.0,540.57,42.0,145.24,15.52000000000001,113.0,64.0,4.648647115014958,137.48,153.0,177,49.0,121.0,0.28,134.12,8.0
07:39:49,105.78,50.0,174.57,28.0,101.09,110.0,623.23,31.0,140.18,68.78999999999999,160.0,59.0,4.671809071434422,105.78,174.57,219,101.0,42.0,0.46,127.33,3.0
07:39:52,102.67,45.0,175.5,16.0,89.66,38.0,234.89,27.0,139.08,72.83,83.0,43.0,19.69985076085433,102.67,175.5,126,40.0,-2.0,0.32,128.67,6.0
07:39:53,132.0,21.0,258.0,20.0,131.07,70.0,297.0,20.0,195.0,126.0,91.0,40.0,36.488822946211016,132.0,258.0,131,51.0,5.0,0.39,128.67,
07:39:54,139.0,20.0,293.1,20.0,136.8,10.0,428.21,28.0,216.05,154.10000000000002,30.0,48.0,50.95577082136958,139.0,293.1,78,-18.0,-53.0,-0.23,128.67,
07:39:55,139.0,14.0,284.57,14.0,138.0,7.0,509.23,22.0,211.79,145.57,21.0,36.0,48.31523703760487,139.0,284.57,57,-15.0,-21.0,-0.26,128.67,
07:39:56,139.0,12.0,268.0,12.0,138.0,6.0,321.0,12.0,203.5,129.0,18.0,24.0,31.248790856606757,139.0,268.0,42,-6.0,-15.0,-0.14,128.67,
07:39:57,139.0,18.0,232.24,37.0,138.0,9.0,260.71,24.0,185.62,93.24,27.0,61.0,12.369647125118506,139.0,232.24000000000004,88,-34.0,46.0,-0.39,128.67,
07:39:58,139.0,22.0,260.34,35.0,138.0,11.0,405.12,26.0,199.67,121.33999999999996,33.0,61.0,11.836791372663154,139.0,260.34,94,-28.0,6.0,-0.3,128.67,
07:39:59,139.0,14.0,219.43,21.0,138.0,7.0,374.59,17.0,179.21,80.43,21.0,38.0,13.310547321577369,139.0,219.43,59,-17.0,-35.0,-0.29,128.67,
07:40:00,139.16,19.0,159.0,33.0,138.2,10.0,187.91,33.0,149.08,19.840000000000003,29.0,66.0,21.61636255247276,139.16,159.0,95,-37.0,36.0,-0.39,128.67,
07:40:01,139.9,30.0,157.25,36.0,138.86,21.0,159.0,60.0,148.57,17.349999999999994,51.0,96.0,22.78422809752272,139.9,157.25,147,-45.0,52.0,-0.31,139.75,4.0
07:40:02,136.65,17.0,155.67,36.0,134.54,52.0,159.0,60.0,146.16,19.019999999999985,69.0,96.0,23.880968782692676,136.65,155.67,165,-27.0,18.0,-0.16,137.33,3.0
07:40:03,134.0,72.0,154.43,35.0,130.81,31.0,157.7,37.0,144.21,20.430000000000007,103.0,72.0,14.534532328215429,134.0,154.43,175,31.0,10.0,0.18,134.67,3.0
07:40:04,136.58,66.0,153.4,50.0,132.8,80.0,155.0,30.0,144.99,16.819999999999993,146.0,80.0,2.1522708937161488,136.58,153.4,226,66.0,51.0,0.29,139.0,4.0
07:40:05,139.0,33.0,150.2,51.0,134.0,88.0,153.46,39.0,144.6,11.199999999999989,121.0,90.0,1.7594402518805583,139.0,150.2,211,31.0,-15.0,0.15,139.0,
07:40:06,139.0,24.0,147.96,24.0,134.0,64.0,149.71,28.0,143.48,8.960000000000008,88.0,52.0,0.99416799382065,139.0,147.96,140,36.0,-71.0,0.26,139.0,
07:40:07,138.11,54.0,142.54,52.0,134.16,110.0,144.57,56.0,140.32,4.429999999999978,164.0,108.0,1.8738329701275875,138.11,142.54,272,56.0,132.0,0.21,139.0,3.0
07:40:08,137.0,66.0,142.07,28.0,134.0,88.0,143.41,49.0,139.54,5.069999999999993,154.0,77.0,2.502374871984016,137.0,142.07,231,77.0,-41.0,0.33,139.0,
07:40:09,137.0,42.0,141.0,14.0,134.0,56.0,143.0,35.0,139.0,4.0,98.0,49.0,2.4975828314465915,137.0,141.0,147,49.0,-84.0,0.33,139.0,
07:40:10,135.56,77.0,173.33,33.0,132.33,126.0,189.56,36.0,154.45,37.77000000000001,203.0,69.0,6.439062043491826,135.56,173.33,272,134.0,125.0,0.49,136.57,7.0
07:40:11,134.0,45.0,252.0,14.0,131.0,119.0,484.0,20.0,193.0,118.0,164.0,34.0,23.128517462214027,134.0,252.0,198,130.0,-74.0,0.66,134.0,2.0
07:40:14,131.06,143.0,322.72,25.0,130.58,72.0,400.74,47.0,226.89,191.66000000000005,215.0,72.0,86.60923894135058,131.06,322.72,287,143.0,141.0,0.5,134.0,
07:40:15,134.0,13.0,186.0,9.0,131.0,126.0,428.14,29.0,160.0,52.0,139.0,38.0,85.08547948974582,134.0,186.0,177,101.0,-110.0,0.57,134.0,
07:40:16,133.66,70.0,225.76,29.0,130.75,61.0,459.75,24.0,179.71,92.1,131.0,53.0,87.56314321676646,133.66,225.76,184,78.0,7.0,0.42,131.75,8.0
07:40:18,140.0,50.0,419.39,23.0,131.12,66.0,550.51,37.0,279.7,279.39,116.0,60.0,61.93143442549954,140.0,419.39,176,56.0,46.0,0.32,131.75,
07:40:19,140.0,25.0,278.55,22.0,135.0,9.0,399.96,27.0,209.27,138.55,34.0,49.0,62.64991755780648,140.0,278.55,83,-15.0,-93.0,-0.18,140.0,4.0
07:40:20,140.0,11.0,234.45,22.0,135.0,11.0,236.56,27.0,187.23,94.45,22.0,49.0,56.28684375588979,140.0,234.45,71,-27.0,-12.0,-0.38,140.0,
07:40:21,140.0,10.0,232.2,20.0,135.0,10.0,233.4,20.0,186.1,92.2,20.0,40.0,54.85937905226371,140.0,232.2,60,-20.0,-11.0,-0.33,140.0,
07:40:22,132.27,62.0,219.29,35.0,130.95,66.0,232.15,26.0,175.78,87.01999999999998,128.0,61.0,42.10373178234851,132.27,219.29,189,67.0,129.0,0.35,134.0,5.0
07:40:23,135.11,19.0,206.83,58.0,133.72,64.0,231.21,28.0,170.97,71.72,83.0,86.0,14.775660729725072,135.11,206.83,169,-3.0,-20.0,-0.02,134.0,
07:40:24,137.91,11.0,229.0,22.0,134.0,44.0,230.0,22.0,183.45,91.09,55.0,44.0,7.039931107613094,137.91,229.0,99,11.0,-70.0,0.11,134.0,
07:40:25,138.0,10.0,225.0,20.0,134.0,40.0,226.4,20.0,181.5,87.0,50.0,40.0,6.118492461377908,138.0,225.0,90,10.0,-9.0,0.11,134.0,
07:40:26,131.85,41.0,193.41,27.0,131.82,44.0,195.61,31.0,162.63,61.56,85.0,58.0,8.417673669128373,131.85,193.41,143,27.0,53.0,0.19,134.8,5.0
07:40:27,131.0,90.0,183.47,30.0,130.0,36.0,184.47,30.0,157.23,52.47,126.0,60.0,11.454273438325814,131.0,183.47,186,66.0,43.0,0.35,134.8,
07:40:28,131.0,64.0,148.28,25.0,130.0,34.0,151.96,25.0,139.64,17.28,98.0,50.0,18.177674493728148,131.0,148.28,148,48.0,-38.0,0.32,134.8,
07:40:29,131.0,33.0,142.14,14.0,130.0,22.0,143.14,14.0,136.57,11.139999999999986,55.0,28.0,18.301047237793057,131.0,142.14,83,27.0,-65.0,0.33,134.8,
07:40:30,131.0,29.0,138.62,16.0,130.0,28.0,139.67,18.0,134.81,7.620000000000003,57.0,34.0,12.81703475847399,131.0,138.62,91,23.0,8.0,0.25,131.0,3.0
07:40:31,131.0,24.0,135.17,24.0,130.0,46.0,136.33,24.0,133.08,4.169999999999988,70.0,48.0,9.788208722740288,131.0,135.17,118,22.0,27.0,0.19,131.0,
07:40:32,130.77,13.0,132.83,12.0,127.75,16.0,134.67,12.0,131.8,2.0600000000000023,29.0,24.0,3.0738819105372275,130.77,132.83,53,5.0,-65.0,0.09,131.0,2.0
07:40:33,104.7,10.0,129.9,21.0,62.8,10.0,134.12,17.0,117.3,25.200000000000003,20.0,38.0,7.710101815146624,104.7,129.9,58,-18.0,5.0,-0.31,130.25,4.0
07:40:37,104.55,11.0,126.74,23.0,82.0,39.0,208.63,49.0,115.64,22.19,50.0,72.0,9.281823635467518,104.55,126.74,122,-22.0,-3.0,-0.18,126.5,4.0
07:40:38,107.0,27.0,126.12,17.0,95.8,15.0,195.76,29.0,116.56,19.120000000000005,42.0,46.0,9.07351475448866,107.0,126.12,88,-4.0,-34.0,-0.05,126.0,1.0
07:40:47,125.27,11.0,127.8,25.0,123.52,25.0,197.07,28.0,126.54,2.530000000000001,36.0,53.0,1.2223133804084274,125.27,127.8,89,-17.0,17.0,-0.19,126.0,
07:40:50,98.42,76.0,142.89,9.0,76.11,72.0,283.78,9.0,120.65,44.46999999999999,148.0,18.0,9.434258317426158,98.42,142.89,166,130.0,-59.0,0.78,130.0,1.0
07:40:51,129.0,8.0,195.67,3.0,0.0,0.0,586.0,3.0,162.33,66.66999999999999,8.0,6.0,22.65877313536471,129.0,195.67,14,2.0,-152.0,0.14,129.0,2.0
07:40:53,131.0,68.0,132.0,7.0,98.07,29.0,199.86,7.0,131.5,1.0,97.0,14.0,21.506582248231027,131.0,132.0,111,83.0,78.0,0.75,129.0,
07:40:54,131.41,88.0,218.77,22.0,127.62,77.0,587.1,10.0,175.09,87.36000000000001,165.0,32.0,26.770786689970976,131.41,218.77,197,133.0,86.0,0.68,132.0,1.0
07:40:55,134.0,24.0,355.67,24.0,131.0,114.0,601.0,6.0,244.83,221.67,138.0,30.0,50.58542596440135,134.0,355.67,168,108.0,-29.0,0.64,132.0,
07:40:56,134.24,21.0,147.33,6.0,131.12,99.0,360.11,18.0,140.79,13.090000000000003,120.0,24.0,51.8236557953984,134.24,147.33,144,96.0,-24.0,0.67,136.0,1.0
07:40:57,132.96,55.0,255.43,7.0,123.6,60.0,490.2,10.0,194.2,122.47,115.0,17.0,45.50113591988589,132.96,255.43,132,98.0,-12.0,0.74,135.0,5.0
07:40:58,137.0,53.0,339.5,8.0,132.27,33.0,412.25,8.0,238.25,202.5,86.0,16.0,43.65606051855723,137.0,339.5,102,70.0,-30.0,0.69,137.0,3.0
07:40:59,137.0,16.0,182.0,4.0,134.0,8.0,424.18,11.0,159.5,45.0,24.0,15.0,46.238199900081874,137.0,182.0,39,9.0,-63.0,0.23,137.0,
07:41:00,137.0,11.0,165.08,26.0,134.0,16.0,288.78,23.0,151.04,28.080000000000013,27.0,49.0,39.807161792822285,137.0,165.07999999999998,76,-22.0,37.0,-0.29,137.0,3.0
07:41:01,131.44,41.0,166.8,20.0,71.7,20.0,180.55,11.0,149.12,35.360000000000014,61.0,31.0,38.06165419421403,131.44,166.8,92,30.0,16.0,0.33,135.0,3.0
07:41:02,131.0,209.0,180.0,44.0,130.0,16.0,315.93,40.0,155.5,49.0,225.0,84.0,37.98582919984675,131.0,180.0,309,141.0,181.5,0.46,135.0,
07:41:03,132.0,51.0,180.0,36.0,131.0,171.0,311.67,33.0,156.0,48.0,222.0,69.0,4.147495629886588,132.0,180.0,291,153.0,-18.0,0.53,132.0,4.0
07:41:04,132.5,22.0,180.0,32.0,131.04,136.0,297.0,40.0,156.25,47.5,158.0,72.0,3.2792865077526088,132.5,180.0,230,86.0,-61.0,0.37,132.0,
07:41:05,131.48,82.0,180.0,28.0,130.82,38.0,247.0,35.0,155.74,48.52000000000001,120.0,63.0,3.0328237667112066,131.48,180.0,183,57.0,-47.0,0.31,134.0,5.0
07:41:06,135.0,38.0,180.0,28.0,131.0,126.0,547.0,35.0,157.5,45.0,164.0,63.0,0.7800769192383361,135.0,180.0,227,101.0,44.0,0.44,135.0,1.0
07:41:07,139.74,58.0,441.23,35.0,131.34,59.0,609.62,40.0,290.48,301.49,117.0,75.0,59.97850098160114,139.74,441.23,192,42.0,-35.0,0.22,135.0,4.0
07:41:08,140.0,77.0,270.09,11.0,138.37,19.0,343.94,31.0,205.05,130.08999999999995,96.0,42.0,58.40948749989104,140.0,270.09,138,54.0,-54.0,0.39,135.0,
07:41:09,140.0,75.0,181.9,20.0,139.0,36.0,201.0,17.0,160.95,41.900000000000006,111.0,37.0,57.70367691923911,140.0,181.9,148,74.0,10.0,0.5,140.0,3.0
07:41:10,140.0,50.0,177.93,14.0,139.0,28.0,179.0,17.0,158.96,37.93000000000001,78.0,31.0,57.18635825089694,140.0,177.93,109,47.0,-39.0,0.43,140.0,3.0
07:41:11,140.0,45.0,174.86,21.0,139.0,36.0,175.4,15.0,157.43,34.860000000000014,81.0,36.0,57.19771525157214,140.0,174.86,117,45.0,8.0,0.38,140.0,
07:41:12,140.0,60.0,172.4,15.0,139.0,48.0,174.36,28.0,156.2,32.400000000000006,108.0,43.0,20.94453317693965,140.0,172.4,151,65.0,34.0,0.43,140.0,
07:41:13,140.0,40.0,170.25,8.0,139.0,32.0,172.0,16.0,155.12,30.25,72.0,24.0,2.298057875668996,140.0,170.25,96,48.0,-55.0,0.5,140.0,
07:41:14,140.0,80.0,155.8,35.0,139.0,64.0,160.55,31.0,147.9,15.800000000000011,144.0,66.0,4.283003618948258,140.0,155.8,210,78.0,114.0,0.37,140.0,
07:41:15,140.0,57.0,147.0,14.0,139.0,48.0,148.62,34.0,143.5,7.0,105.0,48.0,6.039759928997449,140.0,147.0,153,57.0,-57.0,0.37,140.0,1.0
07:41:16,140.0,52.0,145.0,16.0,139.0,64.0,147.0,48.0,142.5,5.0,116.0,64.0,6.383469276179109,140.0,145.0,180,52.0,27.0,0.29,140.0,3.0
07:41:17,140.0,10.0,142.91,22.0,139.0,40.0,144.78,18.0,141.45,2.9099999999999966,50.0,40.0,5.611210208138899,140.0,142.91,90,10.0,-90.0,0.11,140.0,
07:41:18,136.07,54.0,140.59,34.0,135.16,50.0,141.97,29.0,138.33,4.52000000000001,104.0,63.0,3.477532170939845,136.07,140.59,167,41.0,77.0,0.25,138.5,6.0
07:41:19,134.72,46.0,137.64,25.0,131.65,113.0,190.14,35.0,136.18,2.9199999999999875,159.0,60.0,3.050224581882645,134.72,137.64,219,99.0,52.0,0.45,135.33,6.0
07:41:20,134.0,19.0,135.43,14.0,131.0,126.0,149.94,17.0,134.71,1.4300000000000068,145.0,31.0,3.3312204970432173,134.0,135.43,176,114.0,-43.0,0.65,134.0,2.0
07:41:21,132.0,27.0,160.87,23.0,130.98,166.0,289.4,50.0,146.43,28.870000000000005,193.0,73.0,4.66719401781424,132.0,160.87,266,120.0,90.0,0.45,134.0,1.0
07:41:22,131.53,116.0,232.39,41.0,130.94,192.0,471.51,57.0,181.96,100.86,308.0,98.0,19.77656112674604,131.53,232.39,406,210.0,140.0,0.52,132.0,4.0
07:41:23,132.36,28.0,252.83,12.0,131.0,216.0,433.07,57.0,192.6,120.47,244.0,69.0,27.032092593802734,132.36,252.83,313,175.0,-93.0,0.56,133.0,2.0
07:41:24,133.8,10.0,221.5,26.0,131.0,180.0,234.25,36.0,177.65,87.69999999999999,190.0,62.0,24.78814535216232,133.8,221.5,252,128.0,-61.0,0.51,133.0,
07:41:25,135.36,14.0,216.31,62.0,131.55,154.0,218.45,22.0,175.83,80.94999999999999,168.0,84.0,17.19085309110423,135.36,216.31,252,84.0,0.0,0.33,133.0,
07:41:26,131.1,156.0,211.09,23.0,130.6,80.0,211.88,43.0,171.09,79.99000000000001,236.0,66.0,8.1355657455354,131.1,211.09,302,170.0,50.0,0.56,133.12,8.0
07:41:27,131.0,96.0,205.0,8.0,130.0,74.0,216.0,40.0,168.0,74.0,170.0,48.0,9.500969950480238,131.0,205.0,218,122.0,-84.0,0.56,133.12,
07:41:28,131.0,77.0,203.7,27.0,130.0,70.0,212.33,15.0,167.35,72.69999999999999,147.0,42.0,4.610876272459259,131.0,203.7,189,105.0,-29.0,0.56,133.12,
07:41:29,133.17,58.0,141.0,45.0,130.58,95.0,203.0,45.0,137.09,7.8300000000000125,153.0,90.0,15.341982270877736,133.17,141.0,243,63.0,54.0,0.26,140.0,1.0
07:41:30,140.0,14.0,158.71,35.0,131.33,54.0,265.91,34.0,149.36,18.710000000000008,68.0,69.0,14.739215379385904,140.0,158.71,137,-1.0,-106.0,-0.01,140.0,
07:41:31,140.0,14.0,202.0,35.0,137.0,7.0,224.0,28.0,171.0,62.0,21.0,63.0,14.72015794751965,140.0,202.0,84,-42.0,-53.0,-0.5,140.0,
07:41:32,140.0,16.0,170.72,36.0,137.0,8.0,200.72,36.0,155.36,30.72,24.0,72.0,13.746860368823333,140.0,170.72,96,-48.0,12.0,-0.5,140.0,
07:41:33,140.0,16.0,170.39,36.0,137.0,8.0,200.17,36.0,155.19,30.389999999999983,24.0,72.0,12.236660083532817,140.0,170.39,96,-48.0,0.0,-0.5,140.0,
07:41:34,140.0,22.0,189.74,46.0,137.0,11.0,193.83,42.0,164.87,49.74000000000001,33.0,88.0,8.646249475924595,140.0,189.74,121,-55.0,25.0,-0.45,140.0,
07:41:35,135.0,86.0,145.97,35.0,131.0,234.0,147.2,40.0,140.49,10.97,320.0,75.0,11.573170265745077,135.0,145.97,395,245.0,181.5,0.62,137.4,5.0
07:41:36,135.0,33.0,143.26,35.0,131.31,26.0,144.41,37.0,139.13,8.259999999999991,59.0,72.0,10.95786566809088,135.0,143.26,131,-13.0,-182.5,-0.1,135.0,3.0
07:41:37,135.0,31.0,141.72,29.0,131.01,157.0,142.74,47.0,138.36,6.719999999999999,188.0,76.0,11.869406893350822,135.0,141.72,264,112.0,133.0,0.42,135.0,1.0
07:41:38,135.0,22.0,139.94,52.0,131.4,121.0,141.13,23.0,137.47,4.939999999999998,143.0,75.0,11.683577363116283,135.0,139.94,218,68.0,-46.0,0.31,135.0,
07:41:39,135.0,16.0,139.5,40.0,134.0,32.0,141.2,30.0,137.25,4.5,48.0,70.0,1.3221195104535746,135.0,139.5,118,-22.0,-100.0,-0.19,139.0,5.0
07:41:40,135.67,24.0,140.16,31.0,134.17,48.0,141.93,42.0,137.91,4.490000000000009,72.0,73.0,0.75085284838101,135.67,140.16,145,-1.0,27.0,-0.01,139.0,1.0
07:41:41,134.11,38.0,160.7,20.0,131.28,169.0,245.59,29.0,147.4,26.58999999999997,207.0,49.0,4.337703309347272,134.11,160.7,256,158.0,111.0,0.62,134.33,9.0
07:41:42,137.56,18.0,290.27,55.0,133.22,59.0,468.27,44.0,213.91,152.70999999999998,77.0,99.0,33.32549654543689,137.56,290.27,176,-22.0,-80.0,-0.12,134.33,
07:41:43,137.0,8.0,289.5,40.0,132.73,51.0,291.0,24.0,213.25,152.5,59.0,64.0,40.03662548217482,137.0,289.5,123,-5.0,-53.0,-0.04,137.71,7.0
07:41:44,131.87,63.0,195.39,56.0,130.8,123.0,258.0,40.0,163.63,63.51999999999998,186.0,96.0,36.20605474226557,131.87,195.39,282,90.0,159.0,0.32,137.71,
07:41:45,133.19,86.0,160.5,70.0,131.02,119.0,265.1,30.0,146.84,27.31,205.0,100.0,34.062269889129986,133.19,160.5,305,105.0,23.0,0.34,137.71,
07:41:46,134.0,15.0,159.0,50.0,131.0,120.0,266.13,23.0,146.5,25.0,135.0,73.0,34.25963995724315,134.0,159.0,208,62.0,-97.0,0.3,134.0,5.0
07:41:47,134.0,8.0,157.5,40.0,131.0,69.0,488.5,24.0,145.75,23.5,77.0,64.0,28.96648632471548,134.0,157.5,141,13.0,-67.0,0.09,134.0,
07:41:48,136.76,29.0,156.62,65.0,131.48,69.0,274.46,39.0,146.69,19.860000000000014,98.0,104.0,7.696776598026316,136.76,156.62,202,-6.0,61.0,-0.03,134.0,
07:41:49,138.0,77.0,156.0,35.0,137.0,14.0,261.0,21.0,147.0,18.0,91.0,56.0,0.4869599572089598,138.0,156.0,147,35.0,-55.0,0.24,134.0,
07:41:50,138.0,99.0,154.78,45.0,137.0,18.0,255.44,27.0,146.39,16.78,117.0,72.0,0.4623094201126932,138.0,154.78,189,45.0,42.0,0.24,134.0,
07:41:51,138.0,121.0,152.66,47.0,137.0,22.0,221.68,37.0,145.33,14.659999999999997,143.0,84.0,0.6838274635643694,138.0,152.66,227,59.0,38.0,0.26,134.0,
07:41:52,138.0,99.0,152.05,21.0,137.0,18.0,160.53,43.0,145.02,14.050000000000011,117.0,64.0,0.8661004560239234,138.0,152.05,181,53.0,-46.0,0.29,134.0,
07:41:53,138.0,99.0,150.44,27.0,137.0,18.0,152.67,36.0,144.22,12.439999999999998,117.0,63.0,1.1065125394340385,138.0,150.44,180,54.0,-1.0,0.3,134.0,
07:41:54,138.0,132.0,146.24,38.0,137.0,24.0,147.18,56.0,142.12,8.240000000000009,156.0,94.0,1.597413534412604,138.0,146.24,250,62.0,70.0,0.25,134.0,
07:41:55,138.0,37.0,144.0,12.0,137.0,12.0,145.0,30.0,141.0,6.0,49.0,42.0,1.8924111603783085,138.0,144.0,91,7.0,-159.0,0.08,138.0,7.0
07:41:56,138.0,48.0,142.21,38.0,137.0,24.0,143.55,44.0,140.11,4.210000000000008,72.0,82.0,2.0865713503075267,138.0,142.21,154,-10.0,63.0,-0.06,138.0,
07:41:57,137.71,34.0,139.04,46.0,135.33,27.0,140.5,24.0,138.37,1.329999999999984,61.0,70.0,2.19073731878652,137.71,139.04,131,-9.0,-23.0,-0.07,138.0,4.0
07:41:58,137.0,18.0,138.0,38.0,134.0,27.0,140.0,18.0,137.5,1.0,45.0,56.0,1.8875513237853243,137.0,138.0,101,-11.0,-30.0,-0.11,138.0,1.0
07:41:59,134.55,22.0,137.11,38.0,131.19,96.0,138.0,30.0,135.83,2.5600000000000023,118.0,68.0,2.059652883357653,134.55,137.11,186,50.0,85.0,0.27,136.0,3.0
07:42:00,131.05,112.0,134.92,24.0,130.05,186.0,136.92,48.0,132.99,3.869999999999976,298.0,72.0,2.7037011669049456,131.05,134.92,370,226.0,181.5,0.61,134.0,2.0
07:42:01,131.0,94.0,132.43,28.0,130.0,224.0,273.85,47.0,131.71,1.4300000000000068,318.0,75.0,2.8621670111862425,131.0,132.43,393,243.0,23.0,0.62,131.0,6.0
07:42:02,130.05,156.0,233.76,33.0,117.92,48.0,378.77,40.0,181.9,103.70999999999998,204.0,73.0,21.31708305561352,130.05,233.76,277,131.0,-116.0,0.47,130.89,9.0
07:42:04,134.56,86.0,348.41,29.0,133.4,45.0,442.98,47.0,241.49,213.85,131.0,76.0,73.58691813087391,134.56,348.41,207,55.0,68.0,0.27,135.88,8.0
07:42:05,134.0,60.0,303.39,36.0,131.0,10.0,314.76,33.0,218.69,169.39,70.0,69.0,63.98814905902455,134.0,303.39,139,1.0,-68.0,0.01,135.88,
07:42:06,134.0,96.0,179.35,79.0,131.0,16.0,243.43,42.0,156.68,45.35,112.0,121.0,56.36010264362499,134.0,179.35,233,-9.0,94.0,-0.04,135.88,
07:42:07,133.92,39.0,178.0,45.0,130.38,21.0,246.75,32.0,155.96,44.08000000000001,60.0,77.0,61.70959593126456,133.92,178.0,137,-17.0,-96.0,-0.12,134.0,6.0
07:42:08,131.0,20.0,176.38,16.0,130.0,104.0,178.0,40.0,153.69,45.38,124.0,56.0,41.68734904020566,131.0,176.38,180,68.0,43.0,0.38,134.0,
07:42:09,138.76,99.0,175.0,22.0,130.17,47.0,178.0,55.0,156.88,36.24000000000001,146.0,77.0,28.15265795622025,138.76,175.0,223,69.0,43.0,0.31,134.0,
07:42:10,139.0,120.0,172.1,50.0,131.0,10.0,174.0,20.0,155.55,33.099999999999994,130.0,70.0,1.2717586248689563,139.0,172.1,200,60.0,-23.0,0.3,134.0,
07:42:11,139.0,156.0,170.7,50.0,131.0,13.0,171.56,41.0,154.85,31.69999999999999,169.0,91.0,1.1991788857082597,139.0,170.7,260,78.0,60.0,0.3,134.0,
07:42:12,139.0,153.0,168.71,34.0,131.13,15.0,169.94,64.0,153.85,29.710000000000008,168.0,98.0,1.312585235300326,139.0,168.71,266,70.0,6.0,0.26,139.0,5.0
07:42:13,139.0,94.0,167.29,66.0,130.4,40.0,167.56,72.0,153.14,28.289999999999992,134.0,138.0,1.460729269895141,139.0,167.29,272,-4.0,6.0,-0.01,139.0,2.0
07:42:14,139.0,25.0,166.0,10.0,130.62,32.0,167.0,40.0,152.5,27.0,57.0,50.0,1.2384143086738713,139.0,166.0,107,7.0,-165.0,0.07,139.0,
07:42:15,139.0,35.0,165.71,17.0,131.0,35.0,166.96,47.0,152.35,26.710000000000008,70.0,64.0,1.0327003437241613,139.0,165.71,134,6.0,27.0,0.04,139.0,
07:42:16,139.0,18.0,165.0,50.0,132.12,32.0,166.0,20.0,152.0,26.0,50.0,70.0,0.7323728558103758,139.0,165.0,120,-20.0,-14.0,-0.17,139.0,4.0
07:42:17,139.0,12.0,162.57,30.0,135.33,27.0,164.0,54.0,150.78,23.569999999999997,39.0,84.0,0.8720550440927876,139.0,162.57,123,-45.0,3.0,-0.37,139.0,
07:42:18,139.0,8.0,159.22,37.0,138.0,24.0,161.21,19.0,149.11,20.22,32.0,56.0,1.4219247518513216,139.0,159.22,88,-24.0,-35.0,-0.27,139.0,
07:42:19,139.0,10.0,156.66,29.0,138.0,30.0,157.39,41.0,147.83,17.659999999999997,40.0,70.0,1.9219079062034177,139.0,156.66000000000005,110,-30.0,22.0,-0.27,139.0,
07:42:20,139.0,13.0,153.32,59.0,138.0,39.0,154.23,47.0,146.16,14.319999999999991,52.0,106.0,2.316253440348645,139.0,153.32,158,-54.0,48.0,-0.34,139.0,
07:42:21,136.78,9.0,150.0,35.0,134.75,28.0,151.0,35.0,143.39,13.22,37.0,70.0,2.834454092047805,136.78,150.0,107,-33.0,-51.0,-0.31,138.25,4.0
07:42:22,134.0,20.0,148.47,17.0,131.0,80.0,149.54,24.0,141.24,14.47,100.0,41.0,3.220470462514131,134.0,148.47,141,59.0,34.0,0.42,138.25,
07:42:23,138.84,62.0,144.27,26.0,132.13,53.0,144.75,51.0,141.55,5.430000000000007,115.0,77.0,2.886213782782817,138.84,144.27,192,38.0,51.0,0.2,138.25,
07:42:24,134.51,59.0,140.53,36.0,131.43,28.0,141.0,38.0,137.52,6.02000000000001,87.0,74.0,3.165607366671485,134.51,140.53,161,13.0,-31.0,0.08,138.29,7.0
