Time,Bid1_Price,Bid1_Volume,Ask1_Price,Ask1_Volume,Bid2_Price,Bid2_Volume,Ask2_Price,Ask2_Volume,Bid_Ask_Spread,Market_Depth_Bid,Market_Depth_Ask,Historical_Volatility,Weighted_Avg_Bid_Price,Weighted_Avg_Ask_Price,Total_volume,Cumulative_Volume_Difference,Total_Volume_Change_Corrected,Order_imbalance,Weighted_Avg_Price,Trade_Volume
07:30:22,348.07,81.0,354.37,19.0,346.17,92.0,359.89,19.0,6.300000000000011,173.0,38.0,4.416137452568952,348.07,354.37,211,135.0,-67.0,0.64,349.2,5.0
07:30:23,348.0,52.0,351.92,26.0,346.0,91.0,353.0,13.0,3.920000000000016,143.0,39.0,4.17649015322464,348.0,351.92,182,104.0,-29.0,0.57,349.2,
07:30:24,348.0,57.0,349.53,19.0,346.0,126.0,351.29,34.0,1.5299999999999727,183.0,53.0,3.7668581072270815,348.0,349.53,236,130.0,54.0,0.55,348.0,2.0
07:30:25,348.0,42.0,349.88,68.0,346.0,147.0,350.96,52.0,1.8799999999999957,189.0,120.0,2.6683140744639533,348.0,349.88,309,69.0,73.0,0.22,348.0,
07:30:26,346.15,106.0,354.13,45.0,340.49,67.0,357.56,54.0,7.980000000000018,173.0,99.0,0.9973364527492296,346.1499999999999,354.13,272,74.0,-37.0,0.27,347.6,5.0
07:31:42,349.64,22.0,369.0,36.0,343.17,36.0,370.96,103.0,19.360000000000014,58.0,139.0,2.1672494088092384,349.64,369.0,197,-81.0,61.0,-0.41,348.0,1.0
07:31:43,344.67,18.0,369.0,36.0,342.38,48.0,371.0,108.0,24.329999999999984,66.0,144.0,2.2547438878915007,344.67,369.0,210,-78.0,13.0,-0.37,348.0,
07:31:44,346.6,15.0,368.21,47.0,345.6,15.0,370.81,119.0,21.60999999999996,30.0,166.0,2.0411834802349245,346.6,368.21,196,-136.0,-14.0,-0.69,348.0,
07:31:45,350.6,15.0,367.0,60.0,349.94,96.0,368.0,45.0,16.399999999999977,111.0,105.0,1.869446442127656,350.6,367.0,216,6.0,20.0,0.03,348.0,
07:31:46,351.53,17.0,366.76,63.0,350.1,89.0,367.64,56.0,15.230000000000018,106.0,119.0,1.114212726540126,351.53,366.76,225,-13.0,9.0,-0.06,348.0,
07:31:49,348.55,89.0,360.54,46.0,347.2,45.0,361.79,39.0,11.990000000000007,134.0,85.0,1.94696430372622,348.55,360.54,219,49.0,88.0,0.22,351.6,5.0
07:31:50,347.63,118.0,357.82,33.0,346.81,81.0,360.0,33.0,10.189999999999998,199.0,66.0,2.9418820506581493,347.63,357.82,265,133.0,46.0,0.5,351.6,
07:31:51,349.48,146.0,356.33,45.0,347.96,157.0,358.27,45.0,6.849999999999966,303.0,90.0,2.9933977350137093,349.48,356.33,393,213.0,128.0,0.54,351.6,
07:32:22,351.39,75.0,357.0,26.0,345.25,48.0,364.0,65.0,5.610000000000014,123.0,91.0,2.3745841741205784,351.39,357.0,214,32.0,-38.0,0.15,352.0,4.0
07:32:24,348.59,22.0,362.38,16.0,344.88,48.0,368.25,61.0,13.79000000000002,70.0,77.0,1.616895172849589,348.59,362.38,147,-7.0,-41.0,-0.05,353.0,2.0
07:32:25,350.62,13.0,367.0,13.0,346.0,135.0,368.0,65.0,16.379999999999995,148.0,78.0,1.8872519704544573,350.62,367.0,226,70.0,79.0,0.31,353.0,
07:32:26,351.0,17.0,364.67,45.0,350.0,102.0,367.52,29.0,13.670000000000016,119.0,74.0,2.104585469869089,351.0,364.67,193,45.0,-33.0,0.23,353.0,
07:32:28,350.0,30.0,361.0,30.0,346.0,30.0,365.0,48.0,11.0,60.0,78.0,1.4574395356184549,350.0,361.0,138,-18.0,-28.0,-0.13,353.0,
07:32:29,350.0,21.0,361.0,21.0,346.6,30.0,365.0,35.0,11.0,51.0,56.0,1.452504733205286,350.0,361.0,107,-5.0,-31.0,-0.05,353.0,
07:32:30,350.0,45.0,357.69,59.0,347.0,90.0,359.74,61.0,7.689999999999998,135.0,120.0,1.5371174320734682,350.0,357.69,255,15.0,148.0,0.06,353.0,
07:32:31,350.0,48.0,355.46,72.0,347.0,96.0,356.93,56.0,5.45999999999998,144.0,128.0,1.6537926109354035,350.0,355.46,272,16.0,17.0,0.06,353.0,
07:32:32,350.0,33.0,352.27,55.0,347.0,66.0,354.0,33.0,2.269999999999982,99.0,88.0,1.86998128332479,350.0,352.27,187,11.0,-85.0,0.06,353.0,
07:32:33,347.2,60.0,352.25,51.0,346.17,47.0,354.71,38.0,5.050000000000011,107.0,89.0,2.2559587762158717,347.2,352.25,196,18.0,9.0,0.09,350.0,3.0
07:32:34,345.29,14.0,350.9,29.0,305.26,43.0,352.73,15.0,5.609999999999957,57.0,44.0,2.2998739095841687,345.29,350.9,101,13.0,-95.0,0.13,346.0,3.0
07:32:35,344.61,28.0,352.02,46.0,269.76,49.0,354.92,49.0,7.409999999999968,77.0,95.0,1.9576516544028544,344.61,352.02,172,-18.0,71.0,-0.1,346.0,4.0
07:32:36,347.05,22.0,360.98,55.0,259.26,35.0,361.52,61.0,13.930000000000009,57.0,116.0,2.4304896625960284,347.05,360.98,173,-59.0,1.0,-0.34,346.0,
07:32:42,352.0,52.0,354.15,13.0,349.0,52.0,360.86,21.0,2.1499999999999773,104.0,34.0,1.2151213931066869,352.0,354.15,138,70.0,30.0,0.51,346.0,
07:32:43,351.31,35.0,356.83,18.0,348.46,52.0,364.21,38.0,5.519999999999982,87.0,56.0,0.911026893118709,351.31,356.83,143,31.0,5.0,0.22,352.0,4.0
07:32:44,349.0,48.0,363.68,22.0,346.0,48.0,365.0,26.0,14.680000000000009,96.0,48.0,1.2478381305223538,349.0,363.68,144,48.0,1.0,0.33,352.0,
07:32:45,349.0,21.0,363.0,9.0,346.0,36.0,365.0,27.0,14.0,57.0,36.0,1.4574909948214216,349.0,363.0,93,21.0,-51.0,0.23,349.0,3.0
07:32:46,349.0,10.0,363.0,10.0,346.0,40.0,365.0,34.0,14.0,50.0,44.0,1.4403888363860555,349.0,363.0,94,6.0,1.0,0.06,349.0,
07:32:47,349.0,11.0,363.0,11.0,346.12,32.0,365.0,34.0,14.0,43.0,45.0,0.9130826906614812,349.0,363.0,88,-2.0,-6.0,-0.02,349.0,
07:32:48,349.0,10.0,363.0,10.0,346.69,13.0,365.0,30.0,14.0,23.0,40.0,0.1520526224228063,349.0,363.0,63,-17.0,-25.0,-0.27,349.0,
07:32:49,348.64,33.0,362.0,38.0,345.91,33.0,363.22,9.0,13.360000000000014,66.0,47.0,0.3041052449163204,348.64,362.0,113,19.0,50.0,0.17,349.0,
07:32:50,349.0,58.0,361.42,55.0,346.0,64.0,362.31,26.0,12.420000000000016,122.0,81.0,0.4044502441408583,349.0,361.42,203,41.0,90.0,0.2,349.0,3.0
07:32:52,350.0,12.0,355.0,44.0,345.67,18.0,356.29,28.0,5.0,30.0,72.0,1.386488369942387,350.0,355.0,102,-42.0,-54.0,-0.41,347.8,5.0
07:32:53,346.0,11.0,353.45,22.0,345.0,22.0,355.0,44.0,7.449999999999989,33.0,66.0,2.5296501734400767,346.0,353.45,99,-33.0,-3.0,-0.33,347.8,
07:32:54,346.0,13.0,351.06,34.0,345.0,26.0,352.18,44.0,5.060000000000002,39.0,78.0,3.163008061953915,346.0,351.06,117,-39.0,18.0,-0.33,347.8,
07:32:55,345.71,14.0,348.5,28.0,344.91,22.0,352.96,46.0,2.7900000000000205,36.0,74.0,3.3724649738708066,345.71,348.5,110,-38.0,-7.0,-0.35,346.0,1.0
07:32:56,340.98,43.0,346.19,42.0,335.66,47.0,357.29,38.0,5.20999999999998,90.0,80.0,3.29514036119637,340.98,346.19,170,10.0,60.0,0.06,344.67,3.0
07:32:57,336.0,168.0,353.72,18.0,335.0,84.0,361.44,50.0,17.720000000000027,252.0,68.0,2.539620050319571,336.0,353.72,320,184.0,150.0,0.57,350.0,2.0
07:32:58,336.88,192.0,357.67,36.0,333.0,96.0,360.04,68.0,20.79000000000002,288.0,104.0,2.0023361356138665,336.88,357.67,392,184.0,72.0,0.47,350.0,
07:32:59,345.0,48.0,356.0,30.0,341.07,58.0,360.0,36.0,11.0,106.0,66.0,2.647948262331643,345.0,356.0,172,40.0,-182.5,0.23,350.0,
07:33:11,352.0,121.0,360.43,37.0,351.0,33.0,367.13,45.0,8.430000000000007,154.0,82.0,0.9059414992075508,352.0,360.43,236,72.0,85.0,0.31,353.0,4.0
07:33:12,352.0,124.0,364.0,60.0,351.0,36.0,365.04,52.0,12.0,160.0,112.0,1.5894118408979074,352.0,364.0,272,48.0,36.0,0.18,352.0,4.0
07:33:13,352.0,70.0,364.0,50.0,351.0,30.0,365.0,50.0,12.0,100.0,100.0,1.8682076972292323,352.0,364.0,200,0.0,-72.0,0.0,352.0,
07:33:14,352.0,56.0,364.0,40.0,351.0,24.0,365.0,40.0,12.0,80.0,80.0,1.8152685751663824,352.0,364.0,160,0.0,-40.0,0.0,352.0,
07:33:15,352.0,48.0,364.0,45.0,351.0,27.0,365.0,45.0,12.0,75.0,90.0,0.7960401999814956,352.0,364.0,165,-15.0,5.0,-0.09,352.0,5.0
07:33:16,352.0,30.0,364.42,69.0,351.0,45.0,365.73,110.0,12.420000000000016,75.0,179.0,0.0939148549836409,352.0,364.42,254,-104.0,89.0,-0.41,352.0,
07:33:59,339.53,34.0,367.4,20.0,340.14,14.0,368.93,29.0,27.870000000000005,48.0,49.0,3.9079623846689686,339.53,367.4,97,-1.0,3.0,-0.01,344.25,4.0
07:34:00,338.9,40.0,357.92,53.0,334.31,13.0,363.39,38.0,19.02000000000004,53.0,91.0,6.301129263869127,338.9,357.92,144,-38.0,47.0,-0.26,344.25,
07:34:01,338.0,15.0,340.0,46.0,241.12,41.0,346.27,33.0,2.0,56.0,79.0,9.569155135119756,338.0,340.0,135,-23.0,-9.0,-0.17,340.0,2.0
07:34:02,338.0,9.0,340.0,25.0,292.0,18.0,344.0,18.0,2.0,27.0,43.0,9.433760119909222,338.0,340.0,70,-16.0,-65.0,-0.23,340.0,1.0
07:34:03,338.0,7.0,340.0,14.0,232.0,29.0,344.0,14.0,2.0,36.0,28.0,6.776509425950092,338.0,340.0,64,8.0,-6.0,0.12,340.0,
07:34:06,284.15,52.0,343.0,18.0,270.55,44.0,344.33,36.0,58.85000000000002,96.0,54.0,16.143339183700316,284.15,343.0,150,42.0,-22.0,0.28,340.0,
07:34:07,284.0,36.0,343.0,12.0,84.0,12.0,344.0,24.0,59.0,48.0,36.0,13.075737072914668,284.0,343.0,84,12.0,-66.0,0.14,340.0,
07:34:08,285.22,54.0,343.0,14.0,217.27,44.0,344.0,44.0,57.77999999999997,98.0,58.0,4.120736584640663,285.22,343.0,156,40.0,72.0,0.26,343.0,1.0
07:34:09,289.71,41.0,343.0,12.0,286.73,66.0,344.0,48.0,53.29000000000002,107.0,60.0,1.3330978958784871,289.71,343.0,167,47.0,11.0,0.28,343.0,
07:34:10,328.3,30.0,353.65,31.0,297.03,32.0,428.21,28.0,25.34999999999997,62.0,59.0,11.945479061134158,328.3,353.65,121,3.0,-46.0,0.02,345.92,12.0
07:34:11,347.65,43.0,360.8,50.0,346.6,47.0,399.12,48.0,13.150000000000034,90.0,98.0,18.67483119066924,347.65,360.8,188,-8.0,67.0,-0.04,353.0,6.0
07:34:12,349.27,44.0,410.33,33.0,348.6,70.0,587.94,31.0,61.06,114.0,64.0,27.436864252315523,349.27,410.33,178,50.0,-10.0,0.28,349.5,4.0
07:34:13,349.12,51.0,431.92,26.0,347.25,48.0,526.72,32.0,82.80000000000001,99.0,58.0,29.826696598852283,349.12,431.92,157,41.0,-21.0,0.26,349.0,1.0
07:34:14,350.5,48.0,418.0,24.0,349.5,48.0,549.75,40.0,67.5,96.0,64.0,21.281424529386747,350.5,418.0,160,32.0,3.0,0.2,349.0,
07:34:34,349.0,33.0,355.72,29.0,348.0,55.0,462.24,29.0,6.720000000000027,88.0,58.0,1.8807764354069427,349.0,355.72,146,30.0,53.0,0.21,349.0,
07:34:35,348.81,32.0,350.93,28.0,347.33,60.0,413.5,32.0,2.1200000000000045,92.0,60.0,2.9693315746110702,348.81,350.93,152,32.0,6.0,0.21,348.6,5.0
07:34:36,348.29,17.0,410.93,29.0,342.15,41.0,560.12,26.0,62.63999999999999,58.0,55.0,11.992598967695931,348.29,410.93,113,3.0,-39.0,0.03,349.0,2.0
07:34:38,339.56,16.0,353.0,4.0,336.43,14.0,458.0,12.0,13.439999999999998,30.0,16.0,65.68362604180723,339.56,353.0,46,14.0,-29.0,0.3,348.0,1.0
07:34:39,339.0,30.0,343.17,12.0,335.0,18.0,413.8,10.0,4.170000000000016,48.0,22.0,67.29346602754221,339.0,343.17,70,26.0,24.0,0.37,348.0,
07:34:40,340.93,40.0,344.58,43.0,292.51,69.0,480.46,35.0,3.649999999999977,109.0,78.0,68.25278844120567,340.93,344.58,187,31.0,117.0,0.17,341.0,5.0
07:34:41,349.0,20.0,352.92,25.0,343.85,39.0,413.47,17.0,3.920000000000016,59.0,42.0,69.70380678270001,349.0,352.92,101,17.0,-86.0,0.17,349.0,4.0
07:34:42,340.03,35.0,359.46,24.0,309.33,43.0,379.16,25.0,19.430000000000007,78.0,49.0,4.280925133656689,340.03,359.46,127,29.0,26.0,0.23,350.0,3.0
07:34:43,339.0,120.0,345.03,31.0,268.0,45.0,352.36,55.0,6.029999999999973,165.0,86.0,4.658808860639538,339.0,345.03,251,79.0,124.0,0.31,350.0,
07:34:44,339.0,96.0,346.0,34.0,147.07,56.0,347.5,30.0,7.0,152.0,64.0,4.370867190841362,339.0,346.0,216,88.0,-35.0,0.41,344.8,5.0
07:34:45,339.0,31.0,342.0,21.0,250.29,35.0,348.05,21.0,3.0,66.0,42.0,4.828714114541615,339.0,342.0,108,24.0,-108.0,0.22,344.8,
07:34:48,338.0,9.0,341.0,27.0,275.54,41.0,348.0,36.0,3.0,50.0,63.0,27.068843713760103,338.0,341.0,113,-13.0,-23.0,-0.12,344.8,
07:34:49,338.0,3.0,341.0,9.0,284.31,13.0,348.0,12.0,3.0,16.0,21.0,26.529555216776053,338.0,341.0,37,-5.0,-76.0,-0.14,344.8,
07:34:50,337.62,21.0,345.52,31.0,313.62,48.0,351.77,53.0,7.899999999999977,69.0,84.0,26.725432269655983,337.62,345.52,153,-15.0,116.0,-0.1,341.0,3.0
07:34:51,331.93,30.0,345.08,52.0,276.19,27.0,351.55,53.0,13.149999999999975,57.0,105.0,25.810433355524477,331.93,345.08,162,-48.0,9.0,-0.3,341.0,
07:34:52,334.0,14.0,341.0,50.0,333.0,26.0,347.0,32.0,7.0,40.0,82.0,1.50795556962805,334.0,341.0,122,-42.0,-40.0,-0.34,341.0,
07:34:53,335.0,5.0,341.0,23.0,334.0,15.0,346.71,17.0,6.0,20.0,40.0,1.608082709307013,335.0,341.0,60,-20.0,-62.0,-0.33,341.0,1.0
07:34:54,335.0,10.0,341.0,31.0,334.0,30.0,342.0,10.0,6.0,40.0,41.0,1.6349097834351918,335.0,341.0,81,-1.0,21.0,-0.01,341.0,1.0
07:34:55,337.03,36.0,342.67,43.0,333.4,20.0,344.7,20.0,5.640000000000043,56.0,63.0,0.9000944394740183,337.03,342.67,119,-7.0,38.0,-0.06,340.6,5.0
07:34:56,337.62,24.0,347.0,32.0,323.0,8.0,348.0,24.0,9.379999999999995,32.0,56.0,1.9900678380327288,337.62,347.0,88,-24.0,-31.0,-0.27,340.6,
07:34:57,339.05,38.0,347.0,28.0,337.32,22.0,348.0,24.0,7.949999999999989,60.0,52.0,2.3588280988602235,339.05,347.0,112,8.0,24.0,0.07,347.0,2.0
07:34:58,343.81,59.0,350.7,54.0,338.98,41.0,352.38,16.0,6.889999999999986,100.0,70.0,3.5144914283539097,343.81,350.7,170,30.0,58.0,0.18,346.33,6.0
07:34:59,349.19,43.0,351.0,17.0,342.09,33.0,354.27,11.0,1.8100000000000025,76.0,28.0,4.106241590551367,349.19,351.0,104,48.0,-66.0,0.46,351.0,4.0
07:35:00,349.1,39.0,356.0,21.0,344.33,45.0,414.02,41.0,6.899999999999977,84.0,62.0,4.420511282643072,349.1,356.0,146,22.0,42.0,0.15,351.0,1.0
07:35:01,349.25,20.0,358.0,40.0,346.75,40.0,455.67,36.0,8.75,60.0,76.0,4.281442513916937,349.25,358.0,136,-16.0,-10.0,-0.12,350.0,1.0
07:35:02,349.0,55.0,355.15,27.0,338.26,39.0,376.96,25.0,6.149999999999977,94.0,52.0,2.507881576146639,349.0,355.15,146,42.0,10.0,0.29,350.0,
07:35:03,349.0,65.0,350.0,59.0,218.95,21.0,351.92,13.0,1.0,86.0,72.0,1.7239576560855197,349.0,350.0,158,14.0,12.0,0.09,350.0,2.0
07:35:04,349.0,34.0,350.0,30.0,294.86,29.0,353.0,10.0,1.0,63.0,40.0,1.864690322808545,349.0,350.0,103,23.0,-55.0,0.22,349.0,2.0
07:35:05,337.92,39.0,355.12,16.0,331.46,13.0,377.21,14.0,17.19999999999999,52.0,30.0,2.725200910020325,337.92,355.12,82,22.0,-21.0,0.27,350.4,5.0
07:35:06,329.0,5.0,362.0,25.0,188.27,22.0,404.0,25.0,33.0,27.0,50.0,2.626579524776504,329.0,362.0,77,-23.0,-5.0,-0.3,350.4,
07:35:07,329.0,7.0,362.0,35.0,194.0,32.0,418.86,35.0,33.0,39.0,70.0,2.0474569592484357,329.0,362.0,109,-31.0,32.0,-0.28,350.4,
07:35:08,341.29,24.0,361.8,46.0,284.57,42.0,546.71,34.0,20.50999999999999,66.0,80.0,2.6987923224981585,341.29,361.8,146,-14.0,37.0,-0.1,350.4,
07:35:09,345.0,24.0,362.0,40.0,342.61,36.0,588.0,16.0,17.0,60.0,56.0,3.749063883154728,345.0,362.0,116,4.0,-30.0,0.03,350.4,
07:35:10,346.0,33.0,362.0,65.0,341.0,13.0,440.96,56.0,16.0,46.0,121.0,4.2175822457867485,346.0,362.0,167,-75.0,51.0,-0.45,346.0,1.0
07:35:11,346.18,22.0,362.0,55.0,342.0,11.0,442.14,37.0,15.819999999999991,33.0,92.0,3.6297617001638223,346.18,362.0,125,-59.0,-42.0,-0.47,346.0,
07:35:12,349.46,24.0,362.0,75.0,235.07,43.0,432.0,30.0,12.54000000000002,67.0,105.0,1.4998433251433343,349.46,362.0,172,-38.0,47.0,-0.22,351.8,5.0
07:35:20,314.81,42.0,349.0,30.0,244.11,37.0,351.65,51.0,34.19,79.0,81.0,38.75149455182285,314.81,349.0,160,-2.0,-28.0,-0.01,349.0,2.0
07:35:21,345.26,47.0,349.0,21.0,344.52,42.0,421.14,28.0,3.740000000000009,89.0,49.0,48.5036428528823,345.26,349.0,138,40.0,-22.0,0.29,349.0,
07:35:22,347.61,99.0,376.88,59.0,346.38,128.0,392.19,54.0,29.269999999999985,227.0,113.0,38.60679642239136,347.61,376.88,340,114.0,181.5,0.34,349.0,3.0
07:35:23,351.66,67.0,401.0,50.0,350.48,84.0,467.0,20.0,49.339999999999975,151.0,70.0,37.521804993896254,351.66,401.0,221,81.0,-119.0,0.37,351.25,4.0
07:35:35,350.74,19.0,358.15,27.0,350.13,23.0,359.16,25.0,7.409999999999968,42.0,52.0,11.946322865216285,350.74,358.15,94,-10.0,29.0,-0.11,354.67,3.0
07:35:44,349.43,83.0,358.0,10.0,346.65,37.0,495.0,10.0,8.569999999999993,120.0,20.0,1.9952869467794885,349.43,358.0,140,100.0,63.0,0.71,353.25,4.0
07:35:45,349.0,120.0,356.58,12.0,346.0,48.0,479.83,12.0,7.579999999999984,168.0,24.0,2.3994228472672474,349.0,356.58,192,144.0,52.0,0.75,353.25,
07:35:53,349.62,64.0,439.18,50.0,346.25,128.0,512.89,37.0,89.56,192.0,87.0,9.880846117616224,349.62,439.18,279,105.0,100.0,0.38,351.0,5.0
07:35:55,349.0,101.0,435.05,63.0,345.0,165.0,538.25,67.0,86.05000000000001,266.0,130.0,24.88020257152289,349.0,435.05,396,136.0,103.0,0.34,349.0,1.0
07:35:56,349.0,66.0,358.25,53.0,345.0,121.0,362.4,63.0,9.25,187.0,116.0,36.64417934679408,349.0,358.25,303,71.0,-93.0,0.23,349.0,
07:35:57,349.93,60.0,355.38,52.0,347.4,110.0,357.0,65.0,5.449999999999989,170.0,117.0,41.16911075065873,349.93,355.38,287,53.0,-16.0,0.18,349.0,
07:35:58,350.16,76.0,353.3,71.0,348.29,112.0,354.69,64.0,3.1399999999999864,188.0,135.0,44.15032899084672,350.16,353.3,323,53.0,36.0,0.16,352.0,4.0
07:35:59,347.55,66.0,349.66,56.0,344.0,45.0,351.77,52.0,2.1100000000000136,111.0,108.0,18.15101870419381,347.55,349.66,219,3.0,-104.0,0.01,347.0,1.0
07:36:00,347.0,24.0,371.66,44.0,345.43,84.0,435.89,37.0,24.660000000000025,108.0,81.0,3.9167933312841434,347.0,371.66,189,27.0,-30.0,0.14,347.56,9.0
07:36:02,346.18,49.0,358.77,73.0,344.61,69.0,500.33,21.0,12.589999999999977,118.0,94.0,25.67292094795596,346.18,358.77,212,24.0,74.0,0.11,354.0,5.0
07:36:03,344.29,17.0,469.56,9.0,341.71,41.0,546.0,9.0,125.26999999999998,58.0,18.0,30.317555145492864,344.29,469.56,76,40.0,-136.0,0.53,347.0,1.0
07:36:18,350.0,18.0,358.0,30.0,349.0,72.0,360.0,30.0,8.0,90.0,60.0,2.158024559635623,350.0,358.0,150,30.0,37.0,0.2,347.0,
07:36:19,349.32,28.0,358.0,25.0,348.95,38.0,360.0,25.0,8.680000000000007,66.0,50.0,1.906772141602072,349.32,358.0,116,16.0,-34.0,0.14,349.5,6.0
07:36:20,349.0,81.0,356.89,45.0,348.0,9.0,359.33,45.0,7.889999999999986,90.0,90.0,1.4964357654069695,349.0,356.89,180,0.0,64.0,0.0,349.5,
07:36:21,349.0,99.0,353.16,43.0,348.0,11.0,354.14,49.0,4.160000000000025,110.0,92.0,1.614397720510226,349.0,353.16,202,18.0,22.0,0.09,349.5,
07:36:22,349.0,63.0,350.19,27.0,348.0,7.0,352.0,14.0,1.1899999999999975,70.0,41.0,1.8688980710536456,349.0,350.19,111,29.0,-91.0,0.26,350.0,2.0
07:36:23,349.0,81.0,350.0,33.0,348.0,11.0,352.92,49.0,1.0,92.0,82.0,1.9011259821452149,349.0,350.0,174,10.0,63.0,0.06,349.0,2.0
07:36:24,349.0,62.0,350.83,60.0,348.0,14.0,362.33,54.0,1.829999999999984,76.0,114.0,1.448992753600655,349.0,350.83,190,-38.0,16.0,-0.2,349.0,3.0
07:36:25,348.0,8.0,349.36,11.0,347.0,32.0,364.12,32.0,1.3600000000000136,40.0,43.0,0.8704481604247697,348.0,349.36,83,-3.0,-107.0,-0.04,349.0,4.0
07:37:16,347.22,54.0,350.0,36.0,327.33,36.0,394.89,19.0,2.7799999999999727,90.0,55.0,4.4113342652742205,347.22,350.0,145,35.0,-63.0,0.24,349.0,7.0
07:37:17,347.0,80.0,350.0,40.0,306.0,60.0,501.33,27.0,3.0,140.0,67.0,4.71028130794551,347.0,350.0,207,73.0,62.0,0.35,349.0,
07:37:18,347.0,64.0,349.85,26.0,302.14,28.0,453.43,21.0,2.8500000000000227,92.0,47.0,3.9272293032085024,347.0,349.85,139,45.0,-68.0,0.32,350.0,2.0
07:37:19,347.0,56.0,348.0,21.0,267.57,7.0,349.0,14.0,1.0,63.0,35.0,2.7735933371672066,347.0,348.0,98,28.0,-41.0,0.29,350.0,
07:37:20,347.0,28.0,348.4,10.0,245.2,5.0,349.4,10.0,1.3999999999999773,33.0,20.0,0.5079173160835588,347.0,348.4,53,13.0,-45.0,0.25,347.2,5.0
07:37:21,347.0,16.0,348.29,14.0,252.75,4.0,349.5,8.0,1.2900000000000205,20.0,22.0,0.4702339842859319,347.0,348.29,42,-2.0,-11.0,-0.05,347.2,
07:37:22,304.0,8.0,348.67,9.0,131.0,8.0,349.62,16.0,44.670000000000016,16.0,25.0,9.615004940195034,304.0,348.67,41,-9.0,-1.0,-0.22,347.5,6.0
07:37:23,304.0,5.0,349.0,5.0,233.0,30.0,386.36,11.0,45.0,35.0,16.0,11.611187708411745,304.0,349.0,51,19.0,10.0,0.37,347.5,
07:37:31,302.33,36.0,343.0,6.0,199.0,30.0,345.0,18.0,40.670000000000016,66.0,24.0,10.208921588491547,302.33,343.0,90,42.0,-3.0,0.47,347.5,
07:37:32,302.85,41.0,343.0,8.0,270.48,27.0,345.0,28.0,40.14999999999998,68.0,36.0,8.983035121826516,302.85,343.0,104,32.0,14.0,0.31,347.5,
07:37:33,308.33,84.0,343.0,12.0,292.65,49.0,345.0,60.0,34.670000000000016,133.0,72.0,10.049068613556663,308.33,343.0,205,61.0,101.0,0.3,347.5,
07:37:34,324.01,81.0,342.54,13.0,305.9,58.0,352.29,41.0,18.53000000000003,139.0,54.0,8.187964948628645,324.01,342.54,193,85.0,-12.0,0.44,344.86,7.0
07:37:36,337.5,26.0,445.54,69.0,330.63,90.0,584.38,29.0,108.04000000000002,116.0,98.0,54.1014549711926,337.5,445.54,214,18.0,91.0,0.08,344.86,
07:37:37,349.95,63.0,413.41,69.0,348.44,27.0,461.35,31.0,63.46000000000004,90.0,100.0,49.09022234620643,349.95,413.41,190,-10.0,-24.0,-0.05,344.86,
07:37:38,351.21,29.0,357.8,56.0,350.35,43.0,393.89,56.0,6.590000000000032,72.0,112.0,43.05293451090167,351.21,357.8,184,-40.0,-6.0,-0.22,354.0,5.0
07:38:00,350.0,72.0,357.67,12.0,349.0,84.0,358.67,12.0,7.670000000000016,156.0,24.0,2.3784806074416536,350.0,357.67,180,132.0,-1.0,0.73,354.0,
07:38:01,350.0,66.0,438.25,24.0,349.0,77.0,555.0,25.0,88.25,143.0,49.0,16.764514010253308,350.0,438.25,192,94.0,12.0,0.49,356.5,2.0
07:38:02,350.24,21.0,367.77,26.0,349.35,86.0,500.14,44.0,17.529999999999973,107.0,70.0,16.763714683803812,350.24,367.77,177,37.0,-15.0,0.21,350.2,5.0
07:38:03,350.0,26.0,364.62,26.0,349.0,91.0,376.57,28.0,14.620000000000005,117.0,54.0,16.875712429405148,350.0,364.62,171,63.0,-6.0,0.37,350.2,
07:38:11,349.0,84.0,361.0,40.0,345.0,24.0,369.14,28.0,12.0,108.0,68.0,2.2951470541070207,349.0,361.0,176,40.0,72.0,0.23,350.2,
07:38:12,349.13,47.0,357.92,26.0,347.15,26.0,359.55,22.0,8.79000000000002,73.0,48.0,2.767585590361277,349.13,357.92,121,25.0,-55.0,0.21,349.75,4.0
07:38:13,349.0,54.0,356.12,32.0,344.22,18.0,357.45,22.0,7.1200000000000045,72.0,54.0,2.8795867759063287,349.0,356.12,126,18.0,5.0,0.14,349.75,
07:38:14,349.0,65.0,353.56,36.0,344.0,22.0,354.24,34.0,4.560000000000002,87.0,70.0,2.439122793131521,349.0,353.56,157,17.0,31.0,0.11,349.0,1.0
07:38:15,349.0,40.0,352.22,18.0,344.0,16.0,360.84,31.0,3.2200000000000277,56.0,49.0,1.755628092727171,349.0,352.22,105,7.0,-52.0,0.07,349.0,
07:38:16,349.0,60.0,351.0,48.0,344.0,24.0,357.64,44.0,2.0,84.0,92.0,1.4395242269487114,349.0,351.0,176,-8.0,71.0,-0.05,349.0,
07:38:17,347.38,37.0,349.88,32.0,341.88,34.0,351.91,44.0,2.5,71.0,76.0,1.4614821244106158,347.38,349.88,147,-5.0,-29.0,-0.03,349.0,
07:38:18,343.08,26.0,349.36,44.0,324.2,50.0,351.64,44.0,6.28000000000003,76.0,88.0,2.003140035037739,343.08,349.36,164,-12.0,17.0,-0.07,349.0,1.0
07:38:19,342.0,40.0,346.86,28.0,298.27,49.0,348.89,38.0,4.860000000000014,89.0,66.0,2.6038375525309294,342.0,346.86,155,23.0,-9.0,0.15,347.0,2.0
07:38:20,341.33,48.0,345.93,42.0,318.24,50.0,347.0,24.0,4.600000000000023,98.0,66.0,2.708942598131132,341.33,345.93,164,32.0,9.0,0.2,343.6,5.0
07:38:21,338.16,74.0,342.25,32.0,288.42,100.0,345.0,32.0,4.089999999999975,174.0,64.0,3.1266723525128834,338.16,342.25,238,110.0,74.0,0.46,341.0,2.0
07:38:22,339.39,88.0,341.93,58.0,338.26,92.0,344.85,34.0,2.5400000000000205,180.0,92.0,2.5527142417371307,339.39,341.92999999999995,272,88.0,34.0,0.32,341.0,5.0
07:38:23,342.86,42.0,346.74,43.0,339.29,56.0,403.91,46.0,3.879999999999996,98.0,89.0,2.1574823290046634,342.86,346.74,187,9.0,-85.0,0.05,345.22,9.0
07:38:24,346.73,45.0,350.0,60.0,340.8,46.0,502.93,75.0,3.269999999999982,91.0,135.0,3.328202217409235,346.73,350.0,226,-44.0,39.0,-0.19,345.22,
07:38:25,348.12,17.0,362.33,58.0,340.0,39.0,377.11,45.0,14.20999999999998,56.0,103.0,6.204745764329833,348.12,362.33,159,-47.0,-67.0,-0.3,349.0,6.0
07:38:30,340.34,38.0,372.0,16.0,291.0,32.0,374.0,8.0,31.660000000000025,70.0,24.0,4.217327352717494,340.34,372.0,94,46.0,-66.0,0.49,355.0,7.0
07:38:33,340.47,43.0,363.42,55.0,339.19,32.0,360.87,39.0,22.94999999999999,75.0,94.0,5.531731193756343,340.47,363.42,169,-19.0,44.0,-0.11,355.0,
07:38:34,340.0,21.0,346.27,11.0,339.0,14.0,348.0,18.0,6.269999999999982,35.0,29.0,8.38045762473473,340.0,346.27,64,6.0,-105.0,0.09,355.0,
07:38:35,340.0,42.0,344.06,16.0,339.0,28.0,345.35,46.0,4.060000000000002,70.0,62.0,10.26429880702879,340.0,344.06,132,8.0,68.0,0.06,355.0,
07:38:36,340.0,48.0,342.59,27.0,339.0,32.0,344.43,56.0,2.589999999999975,80.0,83.0,9.408473308670745,340.0,342.5899999999999,163,-3.0,31.0,-0.02,341.0,1.0
07:38:37,341.52,75.0,343.0,30.0,339.75,40.0,345.0,75.0,1.4800000000000182,115.0,105.0,4.412819960067161,341.52,343.0,220,10.0,57.0,0.05,341.0,
07:38:38,342.12,48.0,344.58,38.0,340.65,37.0,346.89,38.0,2.4599999999999795,85.0,76.0,0.8389457669992804,342.12000000000006,344.58,161,9.0,-59.0,0.06,343.0,2.0
07:38:39,343.29,14.0,345.0,60.0,342.0,72.0,349.0,36.0,1.7099999999999795,86.0,96.0,1.125091107406916,343.29,345.0,182,-10.0,21.0,-0.05,344.67,6.0
07:38:40,345.07,14.0,347.31,67.0,340.12,17.0,349.11,44.0,2.240000000000009,31.0,111.0,1.8729842497913889,345.07,347.31,142,-80.0,-40.0,-0.56,347.0,1.0
07:38:41,346.0,11.0,347.0,42.0,334.0,22.0,349.0,33.0,1.0,33.0,75.0,1.82517670376523,346.0,347.0,108,-42.0,-34.0,-0.39,347.0,1.0
07:38:42,346.0,7.0,347.0,21.0,333.09,43.0,349.0,21.0,1.0,50.0,42.0,1.4843954998476454,346.0,347.0,92,8.0,-16.0,0.09,347.0,
07:38:43,336.51,37.0,347.0,36.0,332.14,105.0,349.0,39.0,10.490000000000007,142.0,75.0,2.070729340104046,336.51,347.0,217,67.0,125.0,0.31,347.0,1.0
07:38:44,333.0,81.0,353.04,23.0,327.0,45.0,383.57,40.0,20.04000000000002,126.0,63.0,2.242873157351432,333.0,353.04,189,63.0,-28.0,0.33,351.67,12.0
07:38:45,350.83,35.0,360.0,43.0,340.67,86.0,523.25,65.0,9.170000000000016,121.0,108.0,5.33551497045685,350.83,360.0,229,13.0,40.0,0.06,351.67,
07:38:59,350.85,59.0,368.73,30.0,341.85,91.0,518.77,26.0,17.879999999999995,150.0,56.0,2.723349041158058,350.85,368.7300000000001,206,94.0,41.0,0.46,353.0,1.0
07:39:01,349.45,106.0,358.4,40.0,341.05,107.0,361.9,40.0,8.949999999999989,213.0,80.0,3.346861216121423,349.45,358.4,293,133.0,91.0,0.45,355.0,3.0
07:39:02,348.0,91.0,353.65,34.0,333.0,52.0,354.4,30.0,5.649999999999977,143.0,64.0,4.147502863166834,348.0,353.65,207,79.0,-86.0,0.38,355.0,
07:39:03,348.01,113.0,350.24,29.0,334.48,71.0,351.76,34.0,2.230000000000018,184.0,63.0,5.099174442983512,348.01,350.24,247,121.0,40.0,0.49,350.2,5.0
07:39:04,348.01,97.0,351.28,25.0,334.84,57.0,355.95,41.0,3.269999999999982,154.0,66.0,4.609329669265818,348.01,351.28,220,88.0,-27.0,0.4,348.5,2.0
07:39:05,348.0,42.0,351.57,14.0,333.14,14.0,358.0,21.0,3.569999999999993,56.0,35.0,1.925897193510575,348.0,351.57,91,21.0,-129.0,0.23,348.5,
07:39:06,348.0,78.0,350.54,24.0,334.0,26.0,360.89,38.0,2.5400000000000205,104.0,62.0,0.6651466003603836,348.0,350.54,166,42.0,75.0,0.25,349.25,4.0
07:39:07,348.0,60.0,349.11,18.0,334.78,18.0,356.69,16.0,1.1100000000000136,78.0,34.0,0.4842520004817281,348.0,349.11,112,44.0,-54.0,0.39,349.25,
07:39:08,348.0,43.0,359.39,23.0,337.27,15.0,362.67,45.0,11.389999999999986,58.0,68.0,2.017109317803918,348.0,359.39,126,-10.0,14.0,-0.08,348.5,4.0
07:39:09,348.0,24.0,360.0,30.0,334.0,16.0,362.74,34.0,12.0,40.0,64.0,2.582640122040274,348.0,360.0,104,-24.0,-22.0,-0.23,348.5,
07:39:10,348.0,42.0,358.0,70.0,333.86,28.0,361.25,60.0,10.0,70.0,130.0,2.585745540453046,348.0,358.0,200,-60.0,96.0,-0.3,348.5,
07:39:11,333.64,44.0,358.0,65.0,328.97,31.0,360.89,45.0,24.360000000000014,75.0,110.0,3.6426199362508536,333.64,358.0,185,-35.0,-15.0,-0.19,348.0,3.0
07:39:12,334.0,88.0,351.36,28.0,331.07,112.0,358.14,72.0,17.360000000000014,200.0,100.0,5.23490210032347,334.0,351.36,300,100.0,115.0,0.33,348.0,
07:39:13,334.0,66.0,346.73,33.0,331.0,55.0,348.0,11.0,12.730000000000018,121.0,44.0,6.103205715029487,334.0,346.73,165,77.0,-135.0,0.47,348.0,
07:39:14,337.59,85.0,345.88,51.0,334.15,78.0,348.0,17.0,8.29000000000002,163.0,68.0,5.045294837763821,337.59,345.88,231,95.0,66.0,0.41,348.0,
07:39:15,337.84,62.0,344.4,47.0,336.88,69.0,346.33,27.0,6.560000000000002,131.0,74.0,2.1210091937481117,337.84,344.4,205,57.0,-26.0,0.28,344.0,1.0
07:39:16,338.0,40.0,343.9,20.0,337.0,50.0,348.0,10.0,5.899999999999977,90.0,30.0,0.8820430828270593,338.0,343.9,120,60.0,-85.0,0.5,344.0,
07:39:17,339.44,64.0,356.51,77.0,334.66,41.0,359.9,71.0,17.069999999999993,105.0,148.0,3.1368407673906877,339.44,356.51,253,-43.0,133.0,-0.17,348.0,5.0
07:39:18,348.23,30.0,359.0,36.0,339.76,37.0,361.0,120.0,10.769999999999982,67.0,156.0,5.594144259845913,348.2300000000001,359.0,223,-89.0,-30.0,-0.4,346.6,5.0
07:39:19,349.44,25.0,359.0,33.0,347.81,27.0,361.0,110.0,9.560000000000002,52.0,143.0,6.450033333244839,349.44,359.0,195,-91.0,-28.0,-0.47,346.6,
07:39:20,350.58,77.0,359.0,39.0,349.0,13.0,361.0,130.0,8.420000000000016,90.0,169.0,5.903384622398585,350.58,359.0,259,-79.0,64.0,-0.31,350.0,2.0
07:39:30,350.33,12.0,355.17,35.0,344.19,37.0,358.38,29.0,4.840000000000032,49.0,64.0,1.058867319344517,350.33,355.17,113,-15.0,-71.0,-0.13,353.0,1.0
07:39:31,345.47,15.0,355.44,27.0,341.5,48.0,357.0,27.0,9.96999999999997,63.0,54.0,1.9577333832713757,345.47,355.44,117,9.0,4.0,0.08,353.0,
07:39:32,346.27,11.0,355.18,33.0,339.0,91.0,358.14,35.0,8.910000000000025,102.0,68.0,2.0750373490553384,346.27,355.18,170,34.0,53.0,0.2,355.0,3.0
07:39:33,347.0,11.0,359.44,41.0,339.32,44.0,363.94,71.0,12.439999999999998,55.0,112.0,1.7870282594224458,347.0,359.44,167,-57.0,-3.0,-0.34,355.0,
07:39:34,347.33,12.0,363.5,28.0,337.85,47.0,365.25,80.0,16.170000000000016,59.0,108.0,2.024877774082803,347.33,363.5,167,-49.0,0.0,-0.29,355.0,
07:39:35,351.42,19.0,362.0,13.0,338.17,52.0,365.0,91.0,10.579999999999984,71.0,104.0,2.774845941665061,351.42,362.0,175,-33.0,8.0,-0.19,355.0,
07:39:38,342.09,46.0,359.55,53.0,340.67,30.0,361.27,66.0,17.460000000000036,76.0,119.0,3.3724027043010825,342.09,359.55,195,-43.0,95.0,-0.22,352.67,3.0
07:40:18,348.1,49.0,358.0,10.0,347.75,16.0,360.0,25.0,9.899999999999975,65.0,35.0,2.4177572251941952,348.1,358.0,100,30.0,-84.0,0.3,353.0,1.0
07:40:19,348.34,139.0,356.32,44.0,347.92,118.0,362.85,71.0,7.980000000000018,257.0,115.0,2.715323185180443,348.34,356.32,372,142.0,181.5,0.38,352.67,3.0
07:40:20,349.0,42.0,366.92,65.0,348.0,168.0,368.32,90.0,17.920000000000016,210.0,155.0,2.5264401833367134,349.0,366.92,365,55.0,-7.0,0.15,352.67,
07:40:21,349.27,45.0,363.68,60.0,348.1,147.0,365.32,60.0,14.410000000000023,192.0,120.0,2.3772315831610498,349.27,363.68,312,72.0,-53.0,0.23,350.0,2.0
07:40:22,350.0,30.0,359.79,52.0,349.0,45.0,360.86,36.0,9.79000000000002,75.0,88.0,2.3387325627309985,350.0,359.79,163,-13.0,-149.0,-0.08,350.0,
07:40:23,351.71,34.0,358.92,59.0,348.15,141.0,359.55,66.0,7.210000000000036,175.0,125.0,2.08643955100034,351.71,358.92,300,50.0,137.0,0.17,350.0,
07:40:46,349.22,49.0,363.98,49.0,351.62,13.0,367.77,71.0,14.759999999999993,62.0,120.0,2.35356538043439,349.22,363.98,182,-58.0,74.0,-0.32,350.75,4.0
07:40:47,348.57,90.0,361.52,21.0,347.99,224.0,363.96,77.0,12.949999999999989,314.0,98.0,2.620463699420211,348.57,361.52,412,216.0,181.5,0.52,350.75,
07:40:52,352.0,20.0,367.0,25.0,347.0,5.0,369.0,25.0,15.0,25.0,50.0,1.8916870777109385,352.0,367.0,75,-25.0,-73.0,-0.33,350.75,
07:40:55,352.0,22.0,367.0,40.0,347.0,8.0,369.0,40.0,15.0,30.0,80.0,0.9830055950909592,352.0,367.0,110,-50.0,-52.0,-0.45,352.0,2.0
07:40:56,345.0,120.0,366.43,35.0,342.0,60.0,367.94,49.0,21.430000000000007,180.0,84.0,1.77828569132744,345.0,366.43,264,96.0,154.0,0.36,346.8,5.0
07:40:57,345.0,108.0,363.89,18.0,342.0,54.0,366.0,36.0,18.889999999999983,162.0,54.0,2.5863333118488794,345.0,363.89,216,108.0,-48.0,0.5,346.8,
07:40:58,346.47,90.0,363.0,74.0,344.75,144.0,366.95,76.0,16.529999999999973,234.0,150.0,2.568955040474327,346.47,363.0,384,84.0,168.0,0.22,346.8,
07:40:59,348.07,82.0,362.5,36.0,345.97,70.0,364.48,54.0,14.430000000000009,152.0,90.0,2.0532242936362106,348.07,362.5,242,62.0,-142.0,0.26,346.8,
07:41:00,348.0,60.0,360.27,30.0,347.0,90.0,362.95,66.0,12.269999999999982,150.0,96.0,0.6390618123289966,348.0,360.2699999999999,246,54.0,4.0,0.22,346.8,
07:41:01,348.0,48.0,358.0,24.0,347.0,72.0,361.5,60.0,10.0,120.0,84.0,0.8517452670704393,348.0,358.0,204,36.0,-42.0,0.18,346.8,
07:41:28,350.73,11.0,352.91,44.0,342.5,16.0,354.71,42.0,2.180000000000007,27.0,86.0,1.9605279901030428,350.73,352.91,113,-59.0,-54.0,-0.52,352.0,1.0
07:41:29,345.0,15.0,350.19,48.0,341.0,30.0,351.68,57.0,5.189999999999998,45.0,105.0,3.41376917789947,345.0,350.19,150,-60.0,37.0,-0.4,352.0,
07:41:30,349.31,72.0,353.31,65.0,344.31,29.0,362.46,84.0,4.0,101.0,149.0,2.853327881610494,349.31,353.31,250,-48.0,100.0,-0.19,347.0,7.0
07:41:36,347.77,62.0,362.0,30.0,344.73,66.0,364.0,50.0,14.230000000000018,128.0,80.0,1.458687766446018,347.77,362.0,208,48.0,-11.0,0.23,353.0,2.0
07:41:37,347.2,44.0,362.0,36.0,345.91,92.0,364.0,60.0,14.800000000000011,136.0,96.0,1.765890710088979,347.2,362.0,232,40.0,24.0,0.17,353.0,
07:41:38,349.0,11.0,362.0,33.0,347.0,99.0,364.0,55.0,13.0,110.0,88.0,1.5997562314234364,349.0,362.0,198,22.0,-34.0,0.11,353.0,
07:41:39,347.31,108.0,361.82,51.0,345.81,116.0,363.75,85.0,14.509999999999993,224.0,136.0,1.3127452151798158,347.31,361.82,360,88.0,162.0,0.24,348.33,3.0
07:41:40,348.88,98.0,359.3,20.0,346.92,123.0,360.05,44.0,10.420000000000016,221.0,64.0,0.5181409074536723,348.88,359.3,285,157.0,-75.0,0.55,348.33,
07:41:42,350.0,72.0,355.23,30.0,347.89,126.0,356.28,36.0,5.230000000000018,198.0,66.0,1.3228454180200884,350.0,355.2300000000001,264,132.0,81.0,0.5,348.33,
07:41:43,349.24,37.0,351.5,14.0,348.2,70.0,357.21,14.0,2.259999999999991,107.0,28.0,2.144077890370544,349.24,351.5,135,79.0,-129.0,0.59,350.2,5.0
07:41:44,349.0,28.0,352.62,8.0,347.0,56.0,361.33,18.0,3.620000000000005,84.0,26.0,2.3413820704821124,349.0,352.62,110,58.0,-25.0,0.53,349.0,4.0
07:41:45,348.05,44.0,352.0,11.0,346.71,62.0,353.0,11.0,3.9499999999999886,106.0,22.0,2.476543962859222,348.05,352.0,128,84.0,18.0,0.66,349.0,1.0
07:41:46,347.09,92.0,350.07,14.0,345.11,38.0,352.0,14.0,2.980000000000018,130.0,28.0,1.459640366656562,347.09,350.07,158,102.0,30.0,0.65,349.0,
07:41:47,351.46,121.0,359.03,67.0,344.95,38.0,359.0,45.0,7.569999999999993,159.0,112.0,2.51555759225936,351.46,359.03,271,47.0,113.0,0.17,347.86,7.0
07:42:54,349.44,36.0,362.43,14.0,348.7,40.0,364.5,16.0,12.990000000000007,76.0,30.0,2.956979878183214,349.44,362.43,106,46.0,37.0,0.43,347.86,
07:42:55,349.74,19.0,361.13,30.0,348.97,72.0,363.0,27.0,11.389999999999986,91.0,57.0,2.817773944087886,349.74,361.13,148,34.0,42.0,0.23,347.86,
07:42:56,352.0,35.0,359.21,19.0,349.86,58.0,360.75,40.0,7.2099999999999795,93.0,59.0,2.259391511000424,352.0,359.21,152,34.0,4.0,0.22,347.86,
07:42:57,350.81,62.0,356.91,22.0,349.41,29.0,357.96,23.0,6.100000000000023,91.0,45.0,1.7177514371936868,350.81,356.91,136,46.0,-16.0,0.34,354.2,5.0
07:42:58,349.0,65.0,353.72,25.0,346.0,26.0,355.14,14.0,4.720000000000027,91.0,39.0,1.9001105230962676,349.0,353.72,130,52.0,-6.0,0.4,354.2,
07:42:59,349.0,50.0,352.82,17.0,346.0,20.0,361.17,41.0,3.819999999999993,70.0,58.0,2.2143012441809606,349.0,352.82,128,12.0,-2.0,0.09,352.0,1.0
07:43:00,349.0,30.0,352.5,12.0,346.0,12.0,360.0,30.0,3.5,42.0,42.0,2.14545333204467,349.0,352.5,84,0.0,-44.0,0.0,352.0,
07:43:01,349.0,35.0,351.71,14.0,346.0,14.0,360.0,35.0,2.7099999999999795,49.0,49.0,1.3951594890842496,349.0,351.71,98,0.0,14.0,0.0,352.0,
07:43:02,349.0,65.0,351.0,19.0,346.0,26.0,360.0,65.0,2.0,91.0,84.0,0.520797465414345,349.0,351.0,175,7.0,77.0,0.04,351.0,1.0
07:43:03,349.0,34.0,351.0,8.0,346.0,16.0,360.5,40.0,2.0,50.0,48.0,0.4195592925702706,349.0,351.0,98,2.0,-77.0,0.02,349.0,2.0
07:43:04,349.0,24.0,351.0,8.0,346.0,16.0,362.0,40.0,2.0,40.0,48.0,0.333796345070028,349.0,351.0,88,-8.0,-10.0,-0.09,349.0,
07:43:05,349.0,27.0,360.23,53.0,346.0,26.0,363.54,65.0,11.230000000000018,53.0,118.0,2.027407211189178,349.0,360.23,171,-65.0,83.0,-0.38,349.0,2.0
07:43:06,349.0,6.0,360.0,30.0,346.0,12.0,366.0,30.0,11.0,18.0,60.0,2.4951793522674155,349.0,360.0,78,-42.0,-93.0,-0.54,349.0,
07:43:07,347.86,14.0,360.0,50.0,344.4,20.0,367.0,50.0,12.139999999999986,34.0,100.0,2.3947171022860747,347.86,360.0,134,-66.0,56.0,-0.49,349.0,1.0
07:43:09,349.17,12.0,360.0,40.0,345.0,12.0,367.0,40.0,10.829999999999984,24.0,80.0,1.8521959939435928,349.17,360.0,104,-56.0,39.0,-0.54,357.0,1.0
07:43:10,345.0,18.0,360.0,45.0,343.0,9.0,367.0,45.0,15.0,27.0,90.0,2.2290850140765786,345.0,360.0,117,-63.0,13.0,-0.54,357.0,
07:43:11,345.0,14.0,360.0,35.0,343.25,8.0,367.0,35.0,15.0,22.0,70.0,2.463903407193732,345.0,360.0,92,-48.0,-25.0,-0.52,357.0,
07:43:12,345.0,10.0,360.0,25.0,343.0,5.0,367.0,25.0,15.0,15.0,50.0,2.6109921485866137,345.0,360.0,65,-35.0,-27.0,-0.54,357.0,
07:43:13,349.81,32.0,360.0,50.0,343.36,11.0,364.08,36.0,10.189999999999998,43.0,86.0,1.2351599086681568,349.81,360.0,129,-43.0,64.0,-0.33,357.0,
07:45:04,352.0,36.0,359.91,44.0,351.0,18.0,361.73,37.0,7.910000000000025,54.0,81.0,1.541664684677024,352.0,359.91,135,-27.0,-85.0,-0.2,357.0,
07:45:05,352.0,48.0,358.53,53.0,351.0,24.0,359.64,55.0,6.529999999999973,72.0,108.0,1.761184260655543,352.0,358.53000000000003,180,-36.0,45.0,-0.2,352.0,1.0
07:45:06,348.38,45.0,356.83,58.0,344.33,96.0,358.11,72.0,8.449999999999989,141.0,130.0,2.363309120699503,348.38,356.83,271,11.0,91.0,0.04,351.75,4.0
07:45:07,348.24,89.0,355.23,52.0,346.62,64.0,358.0,70.0,6.990000000000009,153.0,122.0,2.2787386861994854,348.24,355.23,275,31.0,4.0,0.11,351.75,
07:45:08,349.57,46.0,357.69,78.0,346.14,63.0,365.78,74.0,8.120000000000005,109.0,152.0,1.7679168532435177,349.57,357.69,261,-43.0,-14.0,-0.16,354.0,1.0
07:45:09,351.62,48.0,356.47,64.0,349.67,49.0,364.33,70.0,4.850000000000023,97.0,134.0,1.355481464271146,351.62000000000006,356.47,231,-37.0,-30.0,-0.16,354.0,
07:45:12,351.0,21.0,360.55,11.0,346.0,28.0,365.7,27.0,9.550000000000011,49.0,38.0,0.8978975442568687,351.0,360.55,87,11.0,-92.0,0.13,354.0,
07:45:20,350.69,29.0,365.0,33.0,347.11,19.0,370.0,44.0,14.310000000000002,48.0,77.0,1.0670660710480675,350.69,365.0,125,-29.0,31.0,-0.23,352.43,7.0
07:45:21,346.0,39.0,361.23,39.0,339.75,48.0,367.61,49.0,15.230000000000018,87.0,88.0,1.5899905660040965,346.0,361.23,175,-1.0,50.0,-0.01,352.43,
07:45:22,346.0,54.0,362.75,60.0,342.93,129.0,366.17,53.0,16.75,183.0,113.0,1.7147098879933214,346.0,362.75,296,70.0,121.0,0.24,352.43,
07:45:23,346.0,45.0,360.62,65.0,343.02,129.0,361.89,55.0,14.620000000000005,174.0,120.0,1.9991673266593128,346.0,360.62,294,54.0,-2.0,0.18,352.43,
07:45:24,346.0,48.0,352.08,65.0,343.0,144.0,358.75,64.0,6.079999999999984,192.0,129.0,3.1407355826274976,346.0,352.08,321,63.0,27.0,0.2,352.43,
07:45:25,343.45,53.0,347.0,46.0,341.57,84.0,360.73,33.0,3.550000000000012,137.0,79.0,3.89525737275254,343.45,347.0,216,58.0,-105.0,0.27,346.25,4.0
07:45:26,343.0,126.0,346.57,56.0,339.0,84.0,361.07,42.0,3.569999999999993,210.0,98.0,4.439780399972882,343.0,346.57,308,112.0,92.0,0.36,346.25,
07:45:27,342.8,123.0,354.63,62.0,339.38,96.0,361.38,37.0,11.829999999999984,219.0,99.0,3.447298942648229,342.8,354.63,318,120.0,10.0,0.38,345.0,3.0
07:45:28,339.0,126.0,359.19,68.0,337.0,84.0,360.04,28.0,20.19,210.0,96.0,2.170260353041491,339.0,359.19,306,114.0,-12.0,0.37,345.0,
07:45:29,339.0,90.0,352.86,14.0,335.93,56.0,358.25,32.0,13.860000000000014,146.0,46.0,2.0141822161820118,339.0,352.86,192,100.0,-114.0,0.52,345.0,
07:45:30,339.92,117.0,358.0,36.0,338.18,102.0,359.0,48.0,18.079999999999984,219.0,84.0,1.999312381791234,339.92,358.0,303,135.0,111.0,0.45,345.0,
07:45:31,341.0,40.0,351.68,38.0,340.0,120.0,358.67,36.0,10.680000000000009,160.0,74.0,1.541914394505657,341.0,351.68,234,86.0,-69.0,0.37,345.0,
07:45:32,341.0,34.0,344.93,27.0,339.27,180.0,347.57,69.0,3.930000000000007,214.0,96.0,2.528284003031302,341.0,344.93,310,118.0,76.0,0.38,341.0,2.0
07:45:33,341.93,29.0,345.81,58.0,339.41,88.0,355.43,70.0,3.879999999999996,117.0,128.0,2.340292716730991,341.92999999999995,345.81,245,-11.0,-65.0,-0.04,342.0,1.0
07:45:34,344.14,42.0,346.0,75.0,343.27,33.0,358.0,75.0,1.8600000000000136,75.0,150.0,2.342680089125306,344.14,346.0,225,-75.0,-20.0,-0.33,342.0,
07:45:35,345.0,24.0,346.0,33.0,336.55,29.0,358.0,60.0,1.0,53.0,93.0,1.338980955795967,345.0,346.0,146,-40.0,-79.0,-0.27,346.0,3.0
07:45:36,340.67,9.0,346.0,12.0,331.05,57.0,358.0,30.0,5.329999999999984,66.0,42.0,1.0995135287864362,340.67,346.0,108,24.0,-38.0,0.22,345.0,2.0
07:45:37,336.85,26.0,345.68,25.0,331.98,154.0,356.0,60.0,8.829999999999984,180.0,85.0,1.6718343219304024,336.85,345.68,265,95.0,157.0,0.36,345.0,
07:45:38,332.0,120.0,343.1,10.0,329.0,10.0,346.0,20.0,11.100000000000025,130.0,30.0,3.252886410556748,332.0,343.1,160,100.0,-105.0,0.62,345.0,
07:45:39,332.02,160.0,339.58,19.0,330.44,25.0,344.91,23.0,7.560000000000002,185.0,42.0,4.006316263100684,332.02,339.58,227,143.0,67.0,0.63,338.0,2.0
07:45:40,334.06,64.0,349.57,44.0,332.0,192.0,365.3,37.0,15.509999999999993,256.0,81.0,3.1472162302557334,334.06,349.57,337,175.0,110.0,0.52,348.0,10.0
07:45:45,352.0,66.0,353.0,72.0,329.77,179.0,354.89,18.0,1.0,245.0,90.0,0.4341428336188737,352.0,353.0,335,155.0,181.5,0.46,352.0,4.0
07:45:46,333.85,79.0,353.3,40.0,330.16,129.0,381.62,21.0,19.44999999999999,208.0,61.0,4.32870881441375,333.85,353.3,269,147.0,-66.0,0.55,352.0,3.0
07:45:47,335.47,99.0,352.79,42.0,333.84,140.0,353.87,38.0,17.319999999999993,239.0,80.0,5.087929834420287,335.4700000000001,352.79,319,159.0,50.0,0.5,352.0,
07:45:48,337.56,80.0,345.0,19.0,336.0,192.0,349.92,37.0,7.439999999999998,272.0,56.0,5.543117353979181,337.56,345.0,328,216.0,9.0,0.66,339.0,1.0
07:45:49,340.26,46.0,348.0,16.0,337.1,93.0,391.95,21.0,7.740000000000009,139.0,37.0,4.2887259180304165,340.26,348.0,176,102.0,-152.0,0.58,346.83,6.0
07:45:50,342.27,45.0,352.57,14.0,339.47,38.0,378.67,12.0,10.300000000000011,83.0,26.0,2.194158152911088,342.27,352.57,109,57.0,-67.0,0.52,354.0,3.0
07:45:51,344.05,66.0,350.0,32.0,342.97,68.0,356.75,16.0,5.949999999999989,134.0,48.0,2.5040427312619884,344.05,350.0,182,86.0,73.0,0.47,354.0,
07:45:52,347.78,82.0,352.11,38.0,345.09,68.0,461.8,25.0,4.330000000000041,150.0,63.0,3.3296726565813675,347.78,352.11,213,87.0,31.0,0.41,350.0,2.0
07:45:53,349.18,40.0,354.43,28.0,349.5,32.0,355.29,28.0,5.25,72.0,56.0,2.9350502551037976,349.18,354.43,128,16.0,-85.0,0.12,350.0,
07:45:54,352.0,74.0,355.06,34.0,351.0,70.0,374.59,34.0,3.0600000000000023,144.0,68.0,2.793943449675416,352.0,355.06,212,76.0,84.0,0.36,354.0,2.0
07:45:55,352.0,84.0,356.0,36.0,351.0,60.0,497.33,24.0,4.0,144.0,60.0,2.857974807443856,352.0,356.0,204,84.0,-8.0,0.41,354.0,
07:45:56,352.0,63.0,356.0,34.0,351.0,45.0,421.0,18.0,4.0,108.0,52.0,1.7667710660929223,352.0,356.0,160,56.0,-44.0,0.35,354.0,
07:45:57,352.0,49.0,356.0,28.0,351.0,35.0,489.0,14.0,4.0,84.0,42.0,0.9532995331913136,352.0,356.0,126,42.0,-34.0,0.33,354.0,
07:45:58,352.0,49.0,356.0,28.0,351.0,35.0,489.0,14.0,4.0,84.0,42.0,0.2101903898435695,352.0,356.0,126,42.0,0.0,0.33,354.0,
07:45:59,352.0,67.0,356.0,40.0,351.0,59.0,489.0,20.0,4.0,126.0,60.0,0.0,352.0,356.0,186,66.0,60.0,0.35,352.0,3.0
07:46:00,352.0,28.0,356.0,28.0,351.0,42.0,423.29,14.0,4.0,70.0,42.0,0.0,352.0,356.0,112,28.0,-74.0,0.25,352.0,
07:46:01,352.0,52.0,355.19,85.0,351.0,78.0,404.0,17.0,3.1899999999999977,130.0,102.0,0.1833575741074942,352.0,355.19,232,28.0,120.0,0.12,352.0,
07:46:02,352.0,56.0,353.2,75.0,351.0,90.0,355.0,45.0,1.1999999999999886,146.0,120.0,0.6068113380472404,352.0,353.2,266,26.0,34.0,0.1,352.0,1.0
07:46:03,351.04,81.0,353.94,36.0,334.38,266.0,355.25,32.0,2.8999999999999773,347.0,68.0,0.7422465897414305,351.04,353.94,415,279.0,149.0,0.67,352.0,3.0
07:46:04,351.08,52.0,353.73,22.0,340.37,119.0,360.67,18.0,2.650000000000034,171.0,40.0,0.7291981897830678,351.08,353.73,211,131.0,-182.5,0.62,352.0,1.0
07:46:05,351.0,84.0,359.36,14.0,344.0,98.0,360.43,14.0,8.360000000000014,182.0,28.0,1.1793091197743029,351.0,359.36,210,154.0,-1.0,0.73,352.0,
07:46:06,351.0,84.0,356.29,14.0,344.23,80.0,357.64,14.0,5.2900000000000205,164.0,28.0,1.183097629100338,351.0,356.29,192,136.0,-18.0,0.71,352.0,
07:46:07,351.0,48.0,353.62,13.0,350.0,13.0,355.0,13.0,2.6200000000000045,61.0,26.0,1.2298495842918622,351.0,353.62,87,35.0,-105.0,0.4,351.0,6.0
07:46:08,350.71,17.0,355.0,9.0,344.62,39.0,365.0,27.0,4.2900000000000205,56.0,36.0,1.1874047330134918,350.71,355.0,92,20.0,5.0,0.22,351.0,
07:46:09,351.0,33.0,354.36,11.0,350.0,51.0,364.64,33.0,3.3600000000000136,84.0,44.0,1.1414771132102552,351.0,354.36,128,40.0,36.0,0.31,351.0,
07:46:10,351.57,35.0,360.57,23.0,350.0,78.0,384.36,33.0,9.0,113.0,56.0,1.511208125965026,351.57,360.5700000000001,169,57.0,41.0,0.34,352.0,1.0
07:46:11,352.0,20.0,365.0,36.0,350.0,60.0,540.62,29.0,13.0,80.0,65.0,2.7062095262529784,352.0,365.0,145,15.0,-24.0,0.1,352.0,
07:46:12,351.86,37.0,363.0,68.0,349.96,94.0,366.0,51.0,11.139999999999986,131.0,119.0,2.6469095186617144,351.86,363.0,250,12.0,105.0,0.05,353.0,2.0
07:46:13,350.0,60.0,363.0,40.0,349.0,20.0,367.8,30.0,13.0,80.0,70.0,2.196230862177689,350.0,363.0,150,10.0,-100.0,0.07,353.0,
07:46:14,352.0,11.0,363.0,44.0,350.0,66.0,369.0,33.0,11.0,77.0,77.0,0.9486569453608386,352.0,363.0,154,0.0,4.0,0.0,353.0,
07:46:15,352.0,12.0,363.0,48.0,350.5,36.0,369.0,36.0,11.0,48.0,84.0,0.7077994065985379,352.0,363.0,132,-36.0,-22.0,-0.27,353.0,
07:46:16,352.0,9.0,363.0,36.0,351.0,18.0,369.0,27.0,11.0,27.0,63.0,0.4404316064740576,352.0,363.0,90,-36.0,-42.0,-0.4,353.0,
07:46:17,350.1,58.0,361.79,48.0,349.43,28.0,364.56,41.0,11.689999999999998,86.0,89.0,0.7249137879647888,350.1,361.79,175,-3.0,85.0,-0.02,351.0,4.0
07:46:18,350.0,25.0,358.0,10.0,349.0,10.0,361.0,20.0,8.0,35.0,30.0,1.5453155017606244,350.0,358.0,65,5.0,-110.0,0.08,351.0,
07:46:19,350.0,60.0,356.43,51.0,349.0,24.0,358.15,39.0,6.430000000000007,84.0,90.0,1.972379273867492,350.0,356.43,174,-6.0,109.0,-0.03,351.0,
07:46:20,347.04,46.0,354.91,66.0,344.15,65.0,355.8,75.0,7.870000000000003,111.0,141.0,2.5118120948794456,347.04,354.91,252,-30.0,78.0,-0.12,348.0,10.0
07:46:21,344.0,32.0,352.58,19.0,342.0,8.0,354.84,37.0,8.579999999999984,40.0,56.0,2.9455339074577958,344.0,352.58,96,-16.0,-156.0,-0.17,348.0,
07:46:22,343.87,60.0,349.71,63.0,339.68,62.0,350.44,81.0,5.839999999999975,122.0,144.0,3.0986012973573445,343.87,349.71,266,-22.0,170.0,-0.08,348.0,
07:46:23,344.14,84.0,346.3,70.0,340.82,80.0,348.81,70.0,2.160000000000025,164.0,140.0,3.2154082166943483,344.14,346.3,304,24.0,38.0,0.08,345.0,5.0
07:46:24,343.93,41.0,346.7,69.0,339.25,48.0,358.0,47.0,2.769999999999982,89.0,116.0,2.4014308234855126,343.93,346.7,205,-27.0,-99.0,-0.13,344.0,5.0
07:46:25,343.0,13.0,357.23,39.0,338.0,156.0,359.57,51.0,14.230000000000018,169.0,90.0,2.0832978663615034,343.0,357.23,259,79.0,54.0,0.31,344.0,
07:46:26,343.0,12.0,347.0,28.0,338.0,144.0,353.0,36.0,4.0,156.0,64.0,2.150132554050257,343.0,347.0,220,92.0,-39.0,0.42,344.0,
07:46:27,343.0,17.0,344.59,34.0,338.0,204.0,354.0,59.0,1.589999999999975,221.0,93.0,2.4433726690758584,343.0,344.59,314,128.0,94.0,0.41,344.0,2.0
07:46:28,338.0,204.0,352.51,39.0,333.87,45.0,355.49,45.0,14.509999999999993,249.0,84.0,2.4407027676443707,338.0,352.51,333,165.0,19.0,0.5,342.43,7.0
07:46:29,341.28,242.0,353.26,35.0,338.26,204.0,355.06,51.0,11.980000000000018,446.0,86.0,2.4801350769639074,341.28,353.26,532,360.0,181.5,0.68,344.2,5.0
07:46:30,341.0,135.0,355.0,27.0,336.0,9.0,357.0,54.0,14.0,144.0,81.0,1.7285919125076554,341.0,355.0,225,63.0,-182.5,0.28,344.2,
07:46:31,341.0,135.0,351.48,25.0,336.0,9.0,357.0,49.0,10.480000000000018,144.0,74.0,1.66128564671666,341.0,351.48,218,70.0,-7.0,0.32,351.0,2.0
07:46:32,341.0,75.0,354.33,9.0,336.0,5.0,357.05,21.0,13.329999999999984,80.0,30.0,1.1251977603899506,341.0,354.33,110,50.0,-108.0,0.45,351.0,1.0
07:46:33,341.0,90.0,357.32,37.0,336.0,17.0,402.44,9.0,16.319999999999993,107.0,46.0,1.06464548089318,341.0,357.32,153,61.0,43.0,0.4,341.0,3.0
07:46:34,341.0,68.0,354.8,50.0,336.0,49.0,407.38,32.0,13.800000000000011,117.0,82.0,1.0428230914139809,341.0,354.8,199,35.0,46.0,0.18,341.0,5.0
07:46:35,341.0,63.0,349.68,37.0,336.0,9.0,353.33,45.0,8.680000000000007,72.0,82.0,1.4928563226199671,341.0,349.68,154,-10.0,-45.0,-0.06,341.0,
07:46:36,344.26,53.0,347.76,51.0,341.24,59.0,351.06,85.0,3.5,112.0,136.0,1.535164486296644,344.26,347.76,248,-24.0,94.0,-0.1,341.0,
07:46:37,345.81,31.0,349.08,36.0,338.75,28.0,352.39,38.0,3.269999999999982,59.0,74.0,1.5215452671499612,345.81,349.08,133,-15.0,-115.0,-0.11,347.0,3.0
07:46:38,344.0,5.0,352.0,25.0,337.0,35.0,357.0,5.0,8.0,40.0,30.0,1.1958344366953544,344.0,352.0,70,10.0,-63.0,0.14,347.0,
07:46:39,344.33,12.0,351.96,52.0,337.47,60.0,355.08,26.0,7.6299999999999955,72.0,78.0,1.2501079953294023,344.33,351.96,150,-6.0,80.0,-0.04,347.0,
07:46:40,345.75,12.0,351.0,12.0,344.0,12.0,352.0,60.0,5.25,24.0,72.0,0.9519086090515062,345.75,351.0,96,-48.0,-54.0,-0.5,347.0,
07:46:41,346.67,6.0,351.0,6.0,344.0,6.0,352.0,30.0,4.329999999999984,12.0,36.0,0.5102450391589203,346.67,351.0,48,-24.0,-48.0,-0.5,347.0,
07:46:42,340.64,44.0,351.0,10.0,335.25,64.0,352.0,50.0,10.360000000000014,108.0,60.0,1.1697991280499005,340.64,351.0,168,48.0,120.0,0.29,342.75,4.0
07:46:43,340.05,58.0,350.5,12.0,335.22,115.0,352.0,60.0,10.449999999999989,173.0,72.0,1.620206776922738,340.05,350.5,245,101.0,77.0,0.41,342.75,
07:46:44,341.35,51.0,349.47,17.0,340.0,95.0,352.0,85.0,8.120000000000005,146.0,102.0,1.7178853279501525,341.35,349.47,248,44.0,3.0,0.18,342.75,
07:46:45,342.5,54.0,345.91,66.0,340.0,230.0,347.5,24.0,3.410000000000025,284.0,90.0,1.7396465158147705,342.5,345.91,374,194.0,126.0,0.52,342.75,
07:46:46,344.0,40.0,345.0,68.0,340.0,85.0,351.51,61.0,1.0,125.0,129.0,0.6708353001941114,344.0,345.0,254,-4.0,-120.0,-0.02,344.0,3.0
07:46:47,336.66,83.0,350.36,39.0,331.14,145.0,351.42,36.0,13.699999999999989,228.0,75.0,0.7865430693779996,336.66,350.36,303,153.0,49.0,0.5,344.0,
07:46:48,339.82,195.0,347.67,54.0,335.81,124.0,348.34,58.0,7.850000000000023,319.0,112.0,0.7442916095097514,339.82,347.67,431,207.0,128.0,0.48,342.0,4.0
07:46:49,342.0,115.0,347.38,26.0,333.92,65.0,348.89,36.0,5.379999999999996,180.0,62.0,0.4979658622703156,342.0,347.38,242,118.0,-182.5,0.49,345.33,6.0
07:46:50,342.89,44.0,347.58,24.0,340.37,76.0,349.17,24.0,4.689999999999998,120.0,48.0,0.7051453750728273,342.89,347.58,168,72.0,-74.0,0.43,345.33,
07:46:51,339.24,84.0,345.0,28.0,334.62,95.0,346.6,25.0,5.759999999999991,179.0,53.0,1.1969001629152975,339.24,345.0,232,126.0,64.0,0.54,344.0,4.0
07:46:52,332.79,87.0,354.94,51.0,331.89,81.0,358.62,39.0,22.149999999999977,168.0,90.0,1.181460959992608,332.79,354.94,258,78.0,26.0,0.3,347.0,3.0
07:46:53,337.0,53.0,358.0,17.0,334.79,112.0,360.0,119.0,21.0,165.0,136.0,1.9662578671137032,337.0,358.0,301,29.0,43.0,0.1,347.0,
07:46:54,341.47,66.0,358.0,14.0,337.86,97.0,360.0,98.0,16.529999999999973,163.0,112.0,2.9944365079237256,341.47,358.0,275,51.0,-26.0,0.19,347.0,
07:46:55,352.0,20.0,357.27,11.0,348.68,41.0,359.97,64.0,5.269999999999982,61.0,75.0,4.950956473246976,352.0,357.27,136,-14.0,-139.0,-0.1,347.0,
07:46:56,352.0,20.0,354.0,20.0,350.0,58.0,359.2,20.0,2.0,78.0,40.0,4.304412851944602,352.0,354.0,118,38.0,-18.0,0.32,347.0,
07:47:14,352.0,112.0,359.03,30.0,351.0,32.0,359.93,27.0,7.029999999999973,144.0,57.0,0.4250647009390941,352.0,359.03,201,87.0,-29.0,0.43,347.0,
07:47:15,352.0,196.0,356.3,57.0,351.0,56.0,357.55,22.0,4.300000000000011,252.0,79.0,0.9921592614014062,352.0,356.3,331,173.0,130.0,0.52,347.0,
07:47:16,352.0,128.0,353.67,49.0,351.0,40.0,354.54,41.0,1.670000000000016,168.0,90.0,1.528044501964784,352.0,353.67,258,78.0,-73.0,0.3,352.0,4.0
07:47:17,352.0,120.0,353.4,75.0,350.64,75.0,354.24,51.0,1.3999999999999773,195.0,126.0,1.56611621535089,352.0,353.4,321,69.0,63.0,0.21,352.0,5.0
07:47:18,352.0,71.0,353.6,75.0,350.43,111.0,359.65,23.0,1.6000000000000227,182.0,98.0,1.226425700964052,352.0,353.6,280,84.0,-41.0,0.3,352.0,1.0
07:47:19,352.0,56.0,353.0,70.0,351.0,84.0,363.0,42.0,1.0,140.0,112.0,0.6572822833344327,352.0,353.0,252,28.0,-28.0,0.11,352.0,
07:47:20,351.28,58.0,358.06,32.0,350.4,105.0,363.33,36.0,6.78000000000003,163.0,68.0,0.8863520745083776,351.28,358.06,231,95.0,-21.0,0.41,352.0,4.0
07:47:21,351.05,58.0,362.0,14.0,350.15,117.0,363.77,26.0,10.949999999999989,175.0,40.0,1.7393820741818016,351.05,362.0,215,135.0,-16.0,0.63,351.5,2.0
07:47:22,351.0,65.0,362.0,13.0,350.0,117.0,364.41,17.0,11.0,182.0,30.0,1.9358331539636149,351.0,362.0,212,152.0,-3.0,0.72,351.5,
07:47:23,350.56,62.0,362.0,10.0,349.95,66.0,363.0,50.0,11.439999999999998,128.0,60.0,1.7428511123972863,350.56,362.0,188,68.0,-24.0,0.36,351.5,
07:47:24,350.84,57.0,360.48,21.0,349.99,109.0,362.4,57.0,9.640000000000043,166.0,78.0,0.7854743789482762,350.84,360.48,244,88.0,56.0,0.36,351.5,
07:47:25,351.0,52.0,358.08,49.0,350.0,117.0,359.69,29.0,7.079999999999984,169.0,78.0,0.8379260110440429,351.0,358.08,247,91.0,3.0,0.37,351.5,
07:47:26,351.0,80.0,357.0,100.0,350.0,180.0,359.0,20.0,6.0,260.0,120.0,1.0898990778895177,351.0,357.0,380,140.0,133.0,0.37,351.5,
07:47:27,351.0,52.0,354.54,65.0,350.0,117.0,359.0,28.0,3.5400000000000205,169.0,93.0,1.3825700705515065,351.0,354.54,262,76.0,-118.0,0.29,351.5,
07:47:28,351.0,52.0,353.51,53.0,350.0,117.0,357.8,75.0,2.509999999999991,169.0,128.0,1.3693903753076662,351.0,353.51,297,41.0,35.0,0.14,351.5,
07:47:29,351.0,30.0,352.91,33.0,350.0,81.0,357.0,45.0,1.910000000000025,111.0,78.0,1.122216556634971,351.0,352.91,189,33.0,-108.0,0.17,351.0,1.0
07:47:30,351.0,27.0,352.33,45.0,350.0,81.0,359.0,45.0,1.329999999999984,108.0,90.0,0.9182701127587156,351.0,352.33,198,18.0,9.0,0.09,351.0,1.0
07:47:31,351.0,22.0,352.0,55.0,350.0,99.0,358.55,55.0,1.0,121.0,110.0,0.5032096978260154,351.0,352.0,231,11.0,33.0,0.05,351.0,
07:47:32,351.0,24.0,354.5,60.0,350.0,108.0,361.75,60.0,3.5,132.0,120.0,0.4958628842595005,351.0,354.5,252,12.0,21.0,0.05,352.0,5.0
07:47:33,351.0,22.0,358.0,55.0,350.0,99.0,367.0,55.0,7.0,121.0,110.0,1.2298902389993394,351.0,358.0,231,11.0,-21.0,0.05,352.0,
07:47:34,351.0,22.0,358.0,55.0,350.0,99.0,367.0,55.0,7.0,121.0,110.0,1.4645920933780487,351.0,358.0,231,11.0,0.0,0.05,352.0,
07:47:35,351.0,18.0,358.0,45.0,350.0,81.0,367.0,45.0,7.0,99.0,90.0,1.3738631663979923,351.0,358.0,189,9.0,-42.0,0.05,352.0,
07:47:36,350.2,80.0,357.56,62.0,349.82,88.0,362.38,80.0,7.360000000000014,168.0,142.0,0.7621548399011712,350.2,357.56,310,26.0,121.0,0.08,350.67,3.0
07:47:37,350.0,27.0,355.57,37.0,349.0,18.0,357.71,35.0,5.569999999999993,45.0,72.0,0.749613233597689,350.0,355.57,117,-27.0,-182.5,-0.23,350.0,5.0
07:47:38,350.78,87.0,353.24,70.0,349.35,49.0,355.7,84.0,2.4600000000000364,136.0,154.0,1.104210124924186,350.78,353.24,290,-18.0,173.0,-0.06,350.5,6.0
07:47:39,352.0,224.0,353.71,49.0,350.0,112.0,356.79,70.0,1.7099999999999795,336.0,119.0,0.9823848532959224,352.0,353.7099999999999,455,217.0,165.0,0.48,350.5,
07:47:40,352.0,165.0,356.12,32.0,350.0,108.0,362.51,59.0,4.1200000000000045,273.0,91.0,0.8480094339011204,352.0,356.12,364,182.0,-91.0,0.5,352.0,7.0
07:47:41,352.0,144.0,363.0,45.0,350.0,81.0,367.0,18.0,11.0,225.0,63.0,2.172376578769189,352.0,363.0,288,162.0,-76.0,0.56,352.0,1.0
07:47:42,352.0,129.0,363.15,52.0,350.0,99.0,367.17,24.0,11.149999999999975,228.0,76.0,2.603539897905218,352.0,363.15,304,152.0,16.0,0.5,352.0,4.0
07:47:43,352.0,132.0,364.6,15.0,350.0,108.0,367.57,28.0,12.600000000000025,240.0,43.0,2.4311314238402386,352.0,364.6,283,197.0,-21.0,0.7,352.0,
07:47:44,352.0,76.0,363.0,7.0,350.0,63.0,367.0,14.0,11.0,139.0,21.0,1.6710236383674617,352.0,363.0,160,118.0,-123.0,0.74,352.0,1.0
07:47:45,352.0,70.0,362.09,11.0,350.0,63.0,365.4,10.0,10.089999999999977,133.0,21.0,0.4505330176384408,352.0,362.09,154,112.0,-6.0,0.73,352.0,
07:47:46,352.0,100.0,359.9,20.0,350.0,90.0,363.55,11.0,7.899999999999977,190.0,31.0,0.8661004560572826,352.0,359.9,221,159.0,67.0,0.72,352.0,
07:47:47,352.0,90.0,358.44,18.0,350.0,81.0,365.94,17.0,6.439999999999998,171.0,35.0,1.226918905218669,352.0,358.44,206,136.0,-15.0,0.66,352.0,
07:47:48,352.0,120.0,357.25,24.0,350.0,108.0,364.53,17.0,5.25,228.0,41.0,1.2087886498406395,352.0,357.25,269,187.0,63.0,0.7,352.0,
07:47:57,352.0,81.0,361.0,63.0,351.0,27.0,364.0,18.0,9.0,108.0,81.0,0.6724433061476617,352.0,361.0,189,27.0,-106.0,0.14,352.0,
07:47:58,352.0,99.0,361.0,77.0,351.0,33.0,364.0,22.0,9.0,132.0,99.0,0.6690889327907368,352.0,361.0,231,33.0,42.0,0.14,352.0,
07:47:59,352.0,57.0,361.0,63.0,351.0,27.0,364.0,18.0,9.0,84.0,81.0,0.467097420227615,352.0,361.0,165,3.0,-66.0,0.02,352.0,
07:48:00,352.0,45.0,360.58,62.0,351.0,33.0,362.23,31.0,8.579999999999984,78.0,93.0,0.221855808992027,352.0,360.58,171,-15.0,6.0,-0.09,352.0,1.0
07:48:01,352.0,72.0,356.72,36.0,351.0,54.0,359.5,72.0,4.720000000000027,126.0,108.0,0.93797654554043,352.0,356.72,234,18.0,63.0,0.08,352.0,
07:48:02,352.0,32.0,355.0,16.0,351.0,24.0,356.0,16.0,3.0,56.0,32.0,1.4052757736417942,352.0,355.0,88,24.0,-146.0,0.27,352.0,
07:48:03,352.0,60.0,353.53,30.0,350.33,101.0,355.07,30.0,1.5299999999999727,161.0,60.0,1.6618754465919745,352.0,353.53,221,101.0,133.0,0.46,352.0,
07:48:04,352.0,32.0,353.5,24.0,350.07,165.0,362.33,48.0,1.5,197.0,72.0,1.4728645558862403,352.0,353.5,269,125.0,48.0,0.46,352.0,2.0
07:48:05,351.27,37.0,352.57,28.0,350.12,173.0,361.0,70.0,1.3000000000000114,210.0,98.0,0.9169787347516676,351.27,352.57,308,112.0,39.0,0.36,351.67,3.0
07:48:06,351.0,48.0,352.0,32.0,350.0,272.0,361.0,80.0,1.0,320.0,112.0,0.7859834603777057,351.0,352.0,432,208.0,124.0,0.48,351.67,
07:48:07,351.0,26.0,358.15,52.0,350.0,238.0,361.61,46.0,7.149999999999977,264.0,98.0,1.182171730328177,351.0,358.15,362,166.0,-70.0,0.46,351.0,2.0
07:48:08,351.0,15.0,359.14,42.0,350.0,255.0,360.51,63.0,8.139999999999986,270.0,105.0,1.591046825202413,351.0,359.14,375,165.0,13.0,0.44,351.0,
07:48:09,351.55,29.0,357.93,30.0,350.01,223.0,360.0,75.0,6.379999999999996,252.0,105.0,1.7063176726466516,351.55,357.93,357,147.0,-18.0,0.41,351.0,
07:48:10,352.0,88.0,357.0,22.0,351.0,11.0,361.64,55.0,5.0,99.0,77.0,1.4576076289542932,352.0,357.0,176,22.0,-181.0,0.12,351.0,
07:48:11,351.36,107.0,355.06,36.0,350.6,20.0,363.3,97.0,3.6999999999999886,127.0,133.0,0.7108093977891666,351.36,355.06,260,-6.0,84.0,-0.02,351.89,9.0
07:48:12,350.0,252.0,357.92,39.0,349.0,30.0,364.51,63.0,7.920000000000016,282.0,102.0,0.7297465313281918,350.0,357.92,384,180.0,124.0,0.47,350.8,5.0
07:48:13,350.41,34.0,364.08,65.0,345.33,15.0,365.1,61.0,13.66999999999996,49.0,126.0,1.5212166183634563,350.41,364.08,175,-77.0,-182.5,-0.44,350.8,
07:48:14,352.0,64.0,362.44,80.0,349.05,63.0,364.14,35.0,10.439999999999998,127.0,115.0,1.8858897104509484,352.0,362.44,242,12.0,67.0,0.05,350.8,
07:48:15,352.0,36.0,361.44,45.0,350.0,45.0,364.95,42.0,9.439999999999998,81.0,87.0,1.9329769786483215,352.0,361.44,168,-6.0,-74.0,-0.04,350.8,
07:48:16,351.37,73.0,358.62,105.0,349.97,103.0,365.33,105.0,7.25,176.0,210.0,1.4767125651202573,351.37,358.62,386,-34.0,181.5,-0.09,352.0,4.0
07:48:17,351.47,19.0,358.0,75.0,350.0,75.0,366.0,75.0,6.529999999999973,94.0,150.0,1.2233642139542418,351.47,358.0,244,-56.0,-142.0,-0.23,351.0,2.0
07:48:18,351.77,26.0,355.48,84.0,349.93,86.0,357.86,64.0,3.710000000000037,112.0,148.0,1.4840889461162836,351.77000000000004,355.48,260,-36.0,16.0,-0.14,353.0,1.0
07:48:19,350.0,33.0,353.86,37.0,349.0,33.0,356.83,46.0,3.8600000000000136,66.0,83.0,1.7716799936742136,350.0,353.86,149,-17.0,-111.0,-0.11,350.0,2.0
07:48:20,350.0,25.0,351.1,39.0,349.0,27.0,354.59,27.0,1.1000000000000227,52.0,66.0,1.896161912914219,350.0,351.1,118,-14.0,-31.0,-0.12,350.0,2.0
07:48:21,349.17,18.0,359.75,40.0,346.37,19.0,366.0,31.0,10.579999999999984,37.0,71.0,1.7799578646660636,349.17,359.75,108,-34.0,-10.0,-0.31,350.0,1.0
07:48:22,349.0,27.0,363.59,39.0,344.0,18.0,365.34,38.0,14.589999999999977,45.0,77.0,2.225028089707257,349.0,363.59,122,-32.0,14.0,-0.26,350.0,
07:48:23,349.64,50.0,360.55,62.0,347.33,36.0,362.0,64.0,10.910000000000023,86.0,126.0,2.359381274823132,349.64,360.55,212,-40.0,90.0,-0.19,350.0,
07:48:24,350.89,76.0,356.96,82.0,349.0,57.0,358.54,89.0,6.069999999999993,133.0,171.0,2.1523661398529867,350.89,356.96,304,-38.0,92.0,-0.12,350.0,
07:48:25,351.0,48.0,353.53,51.0,349.0,36.0,355.33,57.0,2.5299999999999727,84.0,108.0,1.4876256249424318,351.0,353.53,192,-24.0,-112.0,-0.12,350.0,
07:48:26,349.0,33.0,351.91,55.0,344.0,22.0,365.65,51.0,2.910000000000025,55.0,106.0,2.3066815991779315,349.0,351.91,161,-51.0,-31.0,-0.32,351.0,4.0
07:48:27,347.18,33.0,350.63,41.0,343.7,20.0,366.0,102.0,3.4499999999999886,53.0,143.0,2.5104421921221727,347.18,350.63,196,-90.0,35.0,-0.46,351.0,2.0
07:48:28,344.5,40.0,349.36,42.0,343.44,18.0,366.0,56.0,4.860000000000014,58.0,98.0,2.7449007268002426,344.5,349.36,156,-40.0,-40.0,-0.26,351.0,
07:48:29,345.91,55.0,349.0,33.0,344.0,22.0,365.37,38.0,3.089999999999975,77.0,71.0,2.1923503369647666,345.91,349.0,148,6.0,-8.0,0.04,351.0,
07:48:30,347.89,53.0,360.61,41.0,344.0,24.0,366.65,43.0,12.720000000000027,77.0,84.0,2.9399183662117667,347.89,360.61,161,-7.0,13.0,-0.04,348.67,3.0
07:48:31,347.2,25.0,365.9,40.0,341.64,14.0,366.87,31.0,18.69999999999999,39.0,71.0,4.322466888246609,347.2,365.9,110,-32.0,-51.0,-0.29,348.0,5.0
07:48:32,345.21,28.0,362.94,64.0,343.24,29.0,364.06,64.0,17.730000000000018,57.0,128.0,4.370048054654261,345.21,362.94,185,-71.0,75.0,-0.38,348.0,
07:48:33,349.0,24.0,360.57,56.0,346.67,18.0,363.0,61.0,11.569999999999991,42.0,117.0,3.4799109183981,349.0,360.57,159,-75.0,-26.0,-0.47,348.0,
07:48:34,350.0,34.0,359.41,68.0,347.0,17.0,363.0,33.0,9.410000000000023,51.0,101.0,0.9826901851474276,350.0,359.41,152,-50.0,-7.0,-0.33,348.0,
07:48:35,350.0,34.0,356.06,68.0,347.0,17.0,362.86,59.0,6.060000000000002,51.0,127.0,1.2826612958943149,350.0,356.06,178,-76.0,26.0,-0.43,348.0,
07:48:36,345.67,15.0,352.42,62.0,344.21,14.0,356.88,58.0,6.75,29.0,120.0,2.392310598560796,345.67,352.42,149,-91.0,-29.0,-0.61,349.0,3.0
07:48:37,343.89,19.0,345.79,78.0,341.0,19.0,346.77,78.0,1.900000000000034,38.0,156.0,4.290649135036312,343.89,345.79,194,-118.0,45.0,-0.61,344.5,2.0
07:48:38,339.07,14.0,343.96,54.0,243.19,53.0,344.94,71.0,4.889999999999986,67.0,125.0,5.509325730068072,339.07,343.96,192,-58.0,-2.0,-0.3,343.0,1.0
07:48:39,338.0,17.0,340.7,66.0,244.92,48.0,343.11,36.0,2.6999999999999886,65.0,102.0,5.552371565375701,338.0,340.7,167,-37.0,-25.0,-0.22,343.0,
07:48:40,337.16,31.0,339.57,70.0,302.52,23.0,343.94,64.0,2.409999999999968,54.0,134.0,4.36205570803435,337.16,339.57,188,-80.0,21.0,-0.43,338.0,1.0
07:48:41,337.24,34.0,338.9,40.0,253.9,69.0,343.0,68.0,1.6599999999999682,103.0,108.0,2.8113964501643403,337.24,338.9,211,-5.0,23.0,-0.02,339.0,3.0
07:48:42,337.0,18.0,338.0,15.0,231.4,15.0,343.0,36.0,1.0,33.0,51.0,1.5793574642866104,337.0,338.0,84,-18.0,-127.0,-0.21,339.0,
07:48:43,331.32,38.0,337.34,41.0,285.69,71.0,341.82,66.0,6.019999999999982,109.0,107.0,1.907244085060728,331.32,337.34,216,2.0,132.0,0.01,339.0,
07:48:44,336.64,33.0,342.38,24.0,308.15,27.0,343.96,100.0,5.740000000000009,60.0,124.0,1.9464788722200528,336.64,342.37999999999994,184,-64.0,-32.0,-0.35,340.2,15.0
07:48:45,343.0,84.0,348.0,36.0,337.0,24.0,351.0,48.0,5.0,108.0,84.0,4.105858010209037,343.0,348.0,192,24.0,8.0,0.12,340.2,
07:48:46,343.0,63.0,347.33,27.0,336.11,18.0,350.78,36.0,4.329999999999984,81.0,63.0,4.868518255074779,343.0,347.33,144,18.0,-48.0,0.12,340.2,
07:48:47,343.0,47.0,348.86,14.0,335.0,16.0,351.29,17.0,5.860000000000014,63.0,31.0,5.067891080123435,343.0,348.86,94,32.0,-50.0,0.34,346.3,10.0
07:48:48,348.4,35.0,353.27,11.0,342.2,40.0,355.73,11.0,4.8700000000000045,75.0,22.0,4.019608189860172,348.4,353.27,97,53.0,3.0,0.55,346.3,
07:48:49,350.0,32.0,354.07,14.0,343.0,56.0,359.43,14.0,4.069999999999993,88.0,28.0,3.2740235185453552,350.0,354.07,116,60.0,19.0,0.52,350.0,1.0
07:48:50,342.62,21.0,355.2,10.0,340.1,31.0,364.0,10.0,12.579999999999984,52.0,20.0,2.9932707862783348,342.62,355.2,72,32.0,-44.0,0.44,345.8,5.0
07:48:51,340.0,28.0,357.0,7.0,333.0,7.0,364.0,7.0,17.0,35.0,14.0,2.345875103236855,340.0,357.0,49,21.0,-23.0,0.43,345.8,
07:48:52,344.62,39.0,357.0,11.0,338.82,22.0,364.0,11.0,12.379999999999995,61.0,22.0,1.4764315087349456,344.62,357.0,83,39.0,34.0,0.47,345.8,
07:48:53,348.36,22.0,357.0,9.0,338.29,28.0,364.0,9.0,8.639999999999986,50.0,18.0,1.8513157483219649,348.36,357.0,68,32.0,-15.0,0.47,352.0,3.0
07:48:54,344.27,30.0,356.1,49.0,336.0,54.0,361.47,15.0,11.83000000000004,84.0,64.0,1.6640102163103871,344.2699999999999,356.1,148,20.0,80.0,0.14,352.0,
07:48:55,346.0,22.0,356.0,55.0,344.0,22.0,365.0,11.0,10.0,44.0,66.0,1.5092315925612187,346.0,356.0,110,-22.0,-38.0,-0.2,352.0,
07:48:56,346.0,30.0,348.7,57.0,344.0,30.0,352.06,51.0,2.6999999999999886,60.0,108.0,1.941476242446733,346.0,348.7,168,-48.0,58.0,-0.29,352.0,
07:48:57,344.29,28.0,347.71,24.0,337.0,24.0,350.39,38.0,3.419999999999959,52.0,62.0,2.723989720976604,344.29,347.71,114,-10.0,-54.0,-0.09,346.0,2.0
07:48:58,340.0,20.0,344.93,15.0,335.17,23.0,355.47,19.0,4.930000000000007,43.0,34.0,3.4262151129181,340.0,344.93,77,9.0,-37.0,0.12,344.0,2.0
07:48:59,335.62,16.0,343.19,16.0,334.08,24.0,355.21,19.0,7.569999999999993,40.0,35.0,4.468470655603621,335.62,343.19,75,5.0,-2.0,0.07,344.0,
07:49:00,336.57,65.0,343.0,15.0,335.0,15.0,353.0,15.0,6.430000000000007,80.0,30.0,3.586777104866323,336.57,343.0,110,50.0,35.0,0.45,337.0,5.0
07:49:01,337.48,25.0,343.0,17.0,336.38,26.0,345.1,41.0,5.519999999999982,51.0,58.0,2.741942741924939,337.48,343.0,109,-7.0,-1.0,-0.06,337.0,
07:49:02,339.72,25.0,343.3,27.0,337.08,26.0,345.1,41.0,3.579999999999984,51.0,68.0,1.275684130181113,339.72,343.3,119,-17.0,10.0,-0.14,341.0,1.0
07:49:03,342.0,25.0,347.16,38.0,330.76,45.0,351.8,20.0,5.160000000000025,70.0,58.0,2.098601915560792,342.0,347.16,128,12.0,9.0,0.09,344.0,3.0
07:49:04,345.67,36.0,350.44,57.0,343.3,20.0,355.71,28.0,4.769999999999982,56.0,85.0,3.466405919680149,345.67,350.43999999999994,141,-29.0,13.0,-0.21,350.0,4.0
07:49:05,347.08,39.0,354.33,24.0,340.22,27.0,356.5,32.0,7.25,66.0,56.0,4.385176165217411,347.08,354.33,122,10.0,-19.0,0.08,347.5,4.0
07:49:06,346.94,17.0,350.11,38.0,334.24,17.0,351.86,42.0,3.170000000000016,34.0,80.0,3.627744478321052,346.94,350.11,114,-46.0,-8.0,-0.4,347.5,
07:49:07,344.0,10.0,348.0,14.0,339.0,10.0,359.0,30.0,4.0,20.0,44.0,2.3662987976981578,344.0,348.0,64,-24.0,-50.0,-0.38,348.0,1.0
07:49:08,342.27,11.0,345.0,11.0,337.91,11.0,358.86,28.0,2.730000000000018,22.0,39.0,2.679986940264444,342.27,345.0,61,-17.0,-3.0,-0.28,344.0,1.0
07:49:09,336.4,20.0,358.0,14.0,335.73,22.0,360.79,56.0,21.600000000000023,42.0,70.0,2.6540120572424257,336.4,358.0,112,-28.0,51.0,-0.25,344.0,
07:49:10,338.66,89.0,358.0,18.0,336.27,41.0,361.0,90.0,19.33999999999997,130.0,108.0,2.0041007958655057,338.66,358.0,238,22.0,126.0,0.09,344.0,
07:49:11,344.12,96.0,358.0,15.0,342.44,129.0,361.0,87.0,13.879999999999995,225.0,102.0,2.7513414909800176,344.12000000000006,358.0,327,123.0,89.0,0.38,344.0,
07:49:12,345.0,72.0,358.0,12.0,343.0,108.0,361.0,78.0,13.0,180.0,90.0,3.1927073151146743,345.0,358.0,270,90.0,-57.0,0.33,344.0,
07:49:13,346.68,88.0,358.0,19.0,344.3,129.0,361.0,95.0,11.319999999999991,217.0,114.0,2.204604272876293,346.68,358.0,331,103.0,61.0,0.31,347.14,7.0
07:49:14,350.14,42.0,357.29,28.0,343.72,36.0,360.81,48.0,7.150000000000034,78.0,76.0,1.985540228749496,350.14,357.29,154,2.0,-177.0,0.01,345.0,3.0
07:49:15,351.0,48.0,355.19,52.0,349.0,12.0,357.41,58.0,4.189999999999998,60.0,110.0,1.0952716557919544,351.0,355.19,170,-50.0,16.0,-0.29,345.0,
07:49:16,350.29,31.0,352.5,60.0,343.29,104.0,353.73,71.0,2.2099999999999795,135.0,131.0,1.0023971268819378,350.29,352.5,266,4.0,96.0,0.02,351.0,4.0
07:49:17,343.71,51.0,351.68,31.0,342.92,59.0,355.18,55.0,7.970000000000027,110.0,86.0,2.3751989390327264,343.71,351.68,196,24.0,-70.0,0.12,349.0,1.0
07:49:18,343.0,117.0,352.0,65.0,342.0,13.0,359.0,93.0,9.0,130.0,158.0,2.941436723776932,343.0,352.0,288,-28.0,92.0,-0.1,349.0,
07:49:19,343.0,54.0,352.0,30.0,342.0,6.0,359.0,54.0,9.0,60.0,84.0,2.6375594779995675,343.0,352.0,144,-24.0,-144.0,-0.17,349.0,
07:49:20,343.0,90.0,351.7,50.0,342.0,10.0,359.0,90.0,8.699999999999989,100.0,140.0,1.7438377218041032,343.0,351.7,240,-40.0,96.0,-0.17,349.0,
07:49:21,343.0,117.0,355.46,57.0,342.0,13.0,356.58,66.0,12.45999999999998,130.0,123.0,0.7786077317800004,343.0,355.46,253,7.0,13.0,0.03,350.83,6.0
07:49:22,343.21,57.0,357.0,81.0,342.88,41.0,359.0,18.0,13.79000000000002,98.0,99.0,1.2566105204027396,343.21,357.0,197,-1.0,-56.0,-0.01,350.83,
07:49:23,346.21,58.0,357.0,144.0,343.18,132.0,365.81,144.0,10.79000000000002,190.0,288.0,1.7953189131699006,346.21,357.0,478,-98.0,181.5,-0.21,350.83,
07:49:24,352.0,92.0,357.0,108.0,350.0,36.0,366.0,120.0,5.0,128.0,228.0,2.687037402043998,352.0,357.0,356,-100.0,-122.0,-0.28,352.0,1.0
07:49:25,352.0,56.0,357.0,90.0,350.0,30.0,366.0,100.0,5.0,86.0,190.0,2.4446001718034003,352.0,357.0,276,-104.0,-80.0,-0.38,352.0,2.0
07:49:26,352.0,55.0,357.0,99.0,350.0,33.0,366.0,110.0,5.0,88.0,209.0,2.0647808600380717,352.0,357.0,297,-121.0,21.0,-0.41,352.0,
07:49:27,352.0,30.0,357.0,54.0,350.0,18.0,366.0,60.0,5.0,48.0,114.0,1.296919426941448,352.0,357.0,162,-66.0,-135.0,-0.41,352.0,
07:49:28,352.0,109.0,357.0,117.0,350.0,39.0,366.0,130.0,5.0,148.0,247.0,0.0,352.0,357.0,395,-99.0,181.5,-0.25,352.0,
07:49:29,352.0,63.0,357.0,99.0,350.0,33.0,366.0,110.0,5.0,96.0,209.0,0.0,352.0,357.0,305,-113.0,-90.0,-0.37,352.0,4.0
07:49:30,352.0,10.0,357.0,54.0,350.0,18.0,366.0,60.0,5.0,28.0,114.0,0.0,352.0,357.0,142,-86.0,-163.0,-0.61,352.0,4.0
07:49:31,352.0,8.0,357.0,72.0,350.0,24.0,366.0,40.0,5.0,32.0,112.0,0.0,352.0,357.0,144,-80.0,2.0,-0.56,352.0,
07:49:32,352.0,4.0,357.0,36.0,350.0,12.0,366.0,20.0,5.0,16.0,56.0,0.0,352.0,357.0,72,-40.0,-72.0,-0.56,352.0,
07:49:33,352.0,8.0,357.0,72.0,350.0,24.0,365.89,38.0,5.0,32.0,110.0,0.0,352.0,357.0,142,-78.0,70.0,-0.55,352.0,
07:49:34,350.77,13.0,357.0,81.0,349.68,25.0,365.0,18.0,6.230000000000018,38.0,99.0,0.2772724291692911,350.77000000000004,357.0,137,-61.0,-5.0,-0.45,350.67,3.0
07:49:35,350.0,20.0,357.0,81.0,349.0,18.0,365.74,38.0,7.0,38.0,119.0,0.4635515073622037,350.0,357.0,157,-81.0,20.0,-0.52,350.67,
07:49:36,350.0,21.0,357.0,63.0,349.0,14.0,366.0,49.0,7.0,35.0,112.0,0.5028717530127388,350.0,357.0,147,-77.0,-10.0,-0.52,350.67,
07:49:37,349.96,47.0,354.24,34.0,346.75,48.0,357.05,99.0,4.28000000000003,95.0,133.0,0.8809540283005027,349.96,354.24,228,-38.0,81.0,-0.17,349.75,4.0
07:49:38,349.97,60.0,352.0,24.0,345.14,28.0,358.16,49.0,2.0299999999999727,88.0,73.0,1.219475296994575,349.97,352.0,161,15.0,-67.0,0.09,350.0,4.0
07:49:39,349.9,50.0,355.79,38.0,344.0,54.0,359.96,46.0,5.890000000000043,104.0,84.0,1.0666208323393782,349.9,355.79,188,20.0,27.0,0.11,351.0,2.0
07:49:40,349.58,26.0,360.29,31.0,343.28,107.0,362.57,63.0,10.710000000000036,133.0,94.0,1.483778959272526,349.58,360.29,227,39.0,39.0,0.17,351.0,
07:49:41,350.09,47.0,359.0,16.0,349.17,18.0,361.26,76.0,8.910000000000025,65.0,92.0,1.6569610737671243,350.09,359.0,157,-27.0,-70.0,-0.17,351.0,
07:49:46,352.0,10.0,361.0,25.0,349.0,5.0,362.2,5.0,9.0,15.0,30.0,0.7863332626664117,352.0,361.0,45,-15.0,-120.0,-0.33,351.0,
07:49:47,352.0,9.0,362.0,30.0,349.0,5.0,364.0,25.0,10.0,14.0,55.0,1.119678525280811,352.0,362.0,69,-41.0,24.0,-0.59,352.0,1.0
07:49:48,352.0,7.0,362.0,42.0,349.0,7.0,364.0,35.0,10.0,14.0,77.0,1.2237973688377688,352.0,362.0,91,-63.0,22.0,-0.69,352.0,
07:49:49,352.0,15.0,360.52,50.0,349.0,15.0,362.25,65.0,8.519999999999982,30.0,115.0,0.9042787180806504,352.0,360.52,145,-85.0,54.0,-0.59,352.0,
07:49:50,341.97,61.0,358.0,39.0,340.66,29.0,359.0,26.0,16.029999999999973,90.0,65.0,3.0179662025899785,341.97,358.0,155,25.0,10.0,0.16,347.0,4.0
07:49:51,342.0,70.0,351.39,31.0,339.97,29.0,352.96,24.0,9.389999999999986,99.0,55.0,4.76495330512054,342.0,351.39,154,44.0,-1.0,0.29,347.0,
07:49:52,342.0,91.0,350.1,29.0,339.0,65.0,351.17,36.0,8.100000000000023,156.0,65.0,5.186388917154533,342.0,350.1,221,91.0,67.0,0.41,347.0,
07:49:53,342.1,143.0,346.89,47.0,340.36,110.0,348.68,38.0,4.789999999999964,253.0,85.0,4.676925272012392,342.1,346.89,338,168.0,117.0,0.5,342.0,5.0
07:49:54,343.44,34.0,345.0,44.0,341.89,137.0,352.78,54.0,1.5600000000000025,171.0,98.0,2.30882437616915,343.44,345.0,269,73.0,-69.0,0.27,344.33,3.0
07:49:55,340.71,34.0,343.82,34.0,337.7,43.0,358.0,105.0,3.1100000000000136,77.0,139.0,1.7318285134492972,340.71,343.82,216,-62.0,-53.0,-0.29,344.33,
07:49:56,340.0,28.0,343.0,28.0,336.43,28.0,359.86,70.0,3.0,56.0,98.0,1.8266307782357447,340.0,343.0,154,-42.0,-62.0,-0.27,344.33,
07:49:57,339.06,34.0,341.18,34.0,335.87,30.0,357.56,73.0,2.1200000000000045,64.0,107.0,1.849216050114356,339.06,341.18,171,-43.0,17.0,-0.25,340.0,2.0
07:49:58,336.0,24.0,339.57,14.0,334.01,89.0,354.72,58.0,3.569999999999993,113.0,72.0,2.404479153580529,336.0,339.57,185,41.0,14.0,0.22,341.0,1.0
07:49:59,336.0,22.0,343.28,29.0,334.0,88.0,342.33,12.0,7.279999999999973,110.0,41.0,1.7351138291205053,336.0,343.28,151,69.0,-34.0,0.46,338.33,3.0
07:50:00,345.71,48.0,352.29,56.0,343.52,84.0,355.47,34.0,6.580000000000041,132.0,90.0,4.339285655497034,345.71,352.29,222,42.0,71.0,0.19,349.0,4.0
07:50:01,347.67,30.0,351.0,34.0,344.8,90.0,355.0,24.0,3.329999999999984,120.0,58.0,5.537195138334837,347.67,351.0,178,62.0,-44.0,0.35,351.0,2.0
07:50:02,345.07,101.0,350.0,68.0,342.25,64.0,353.92,24.0,4.930000000000007,165.0,92.0,5.506329993743177,345.07,350.0,257,73.0,79.0,0.28,351.0,
07:50:03,347.69,13.0,349.64,50.0,345.0,104.0,355.32,31.0,1.9499999999999889,117.0,81.0,4.078312150877017,347.69,349.64,198,36.0,-59.0,0.18,349.0,2.0
07:50:04,351.43,56.0,356.14,28.0,345.4,70.0,357.71,31.0,4.70999999999998,126.0,59.0,2.404075705959584,351.43,356.14,185,67.0,-13.0,0.36,349.0,2.0
07:50:05,352.0,136.0,356.0,56.0,350.0,17.0,416.42,57.0,4.0,153.0,113.0,3.0198642353561125,352.0,356.0,266,40.0,81.0,0.15,349.0,
07:50:06,351.48,27.0,356.0,30.0,345.33,60.0,360.0,69.0,4.519999999999982,87.0,99.0,3.172968641506101,351.48,356.0,186,-12.0,-80.0,-0.06,349.0,
07:50:07,352.0,8.0,356.0,22.0,350.0,8.0,360.0,56.0,4.0,16.0,78.0,2.3341272458840407,352.0,356.0,94,-62.0,-92.0,-0.66,352.0,1.0
07:50:08,352.0,12.0,356.0,36.0,350.0,12.0,360.0,84.0,4.0,24.0,120.0,0.1299230540586733,352.0,356.0,144,-96.0,50.0,-0.67,352.0,
07:50:09,347.55,22.0,356.0,30.0,339.0,52.0,360.0,70.0,8.449999999999989,74.0,100.0,0.9747409912262972,347.55,356.0,174,-26.0,30.0,-0.15,349.0,3.0
07:50:10,345.0,35.0,356.0,9.0,337.0,110.0,360.0,35.0,11.0,145.0,44.0,1.5901635135980017,345.0,356.0,189,101.0,15.0,0.53,349.0,
07:50:11,348.13,23.0,356.0,5.0,339.58,65.0,360.0,35.0,7.870000000000003,88.0,40.0,1.517619846990366,348.13,356.0,128,48.0,-61.0,0.38,349.0,
07:50:23,349.41,17.0,352.24,17.0,345.16,73.0,354.85,13.0,2.829999999999984,90.0,30.0,1.565924646966439,349.41,352.24,120,60.0,37.0,0.5,351.33,3.0
07:50:24,349.48,31.0,350.81,21.0,345.17,117.0,352.29,21.0,1.329999999999984,148.0,42.0,1.9892762502927688,349.48,350.81,190,106.0,70.0,0.56,351.33,
07:50:25,349.65,43.0,351.11,19.0,345.15,109.0,357.0,20.0,1.4600000000000364,152.0,39.0,1.8441854570461689,349.65,351.11,191,113.0,1.0,0.59,350.5,2.0
07:50:26,349.77,39.0,360.0,14.0,345.29,68.0,362.15,40.0,10.230000000000018,107.0,54.0,2.068134425026636,349.77,360.0,161,53.0,-30.0,0.33,350.5,
07:50:27,350.0,108.0,357.77,74.0,349.0,18.0,361.7,47.0,7.769999999999982,126.0,121.0,2.196754424140296,350.0,357.77,247,5.0,86.0,0.02,350.5,
07:50:28,351.0,108.0,354.5,90.0,349.0,18.0,362.18,34.0,3.5,126.0,124.0,2.099726172618499,351.0,354.5,250,2.0,3.0,0.01,350.5,
07:50:29,351.0,11.0,353.36,55.0,349.0,11.0,363.0,33.0,2.3600000000000136,22.0,88.0,1.7143891040187489,351.0,353.36,110,-66.0,-140.0,-0.6,351.0,5.0
07:50:30,350.57,14.0,352.89,62.0,346.38,32.0,362.45,20.0,2.319999999999993,46.0,82.0,1.288149835996414,350.57,352.89,128,-36.0,18.0,-0.28,351.0,1.0
07:50:31,349.0,13.0,357.38,52.0,345.0,91.0,359.0,65.0,8.379999999999995,104.0,117.0,0.8453519976780808,349.0,357.38,221,-13.0,93.0,-0.06,351.0,
07:50:32,349.0,12.0,355.58,48.0,345.0,84.0,359.0,60.0,6.579999999999984,96.0,108.0,0.5594819031738246,349.0,355.58,204,-12.0,-17.0,-0.06,351.0,
07:50:33,346.46,85.0,353.53,72.0,343.76,58.0,355.69,72.0,7.069999999999993,143.0,144.0,1.1799067759700967,346.46,353.53,287,-1.0,83.0,-0.0,351.0,
07:50:34,351.0,60.0,352.0,60.0,345.0,84.0,354.47,51.0,1.0,144.0,111.0,1.175287198934978,351.0,352.0,255,33.0,-32.0,0.13,351.0,4.0
07:50:35,349.27,59.0,351.62,65.0,345.27,90.0,358.0,65.0,2.3500000000000227,149.0,130.0,1.3117049973149169,349.27,351.62,279,19.0,24.0,0.07,350.33,3.0
07:50:36,349.0,70.0,350.07,70.0,345.0,98.0,358.41,58.0,1.0699999999999932,168.0,128.0,1.1260417398934817,349.0,350.07,296,40.0,17.0,0.14,350.33,
07:50:37,349.0,43.0,350.0,47.0,345.0,77.0,361.0,22.0,1.0,120.0,69.0,0.8241844453660938,349.0,350.0,189,51.0,-107.0,0.27,349.5,4.0
07:50:38,347.0,42.0,352.15,41.0,343.03,73.0,361.62,26.0,5.149999999999977,115.0,67.0,0.8702873088719463,347.0,352.15,182,48.0,-7.0,0.26,347.45,11.0
07:50:39,350.48,46.0,361.0,16.0,340.71,21.0,365.0,8.0,10.519999999999982,67.0,24.0,2.7017994003963306,350.48,361.0,91,43.0,-91.0,0.47,347.45,
07:50:40,352.0,120.0,361.0,20.0,343.71,17.0,365.0,10.0,9.0,137.0,30.0,3.615923118648913,352.0,361.0,167,107.0,76.0,0.64,347.45,
07:50:41,352.0,132.0,360.05,42.0,342.26,23.0,361.67,21.0,8.050000000000011,155.0,63.0,3.5988581522445746,352.0,360.05,218,92.0,51.0,0.42,347.45,
07:50:42,352.0,144.0,360.0,48.0,344.0,60.0,362.0,24.0,8.0,204.0,72.0,2.917581189954237,352.0,360.0,276,132.0,58.0,0.48,347.45,
07:50:46,350.46,24.0,358.0,48.0,348.96,23.0,362.0,24.0,7.54000000000002,47.0,72.0,0.8332646638212493,350.46,358.0,119,-25.0,-118.0,-0.21,351.8,5.0
07:50:47,344.0,10.0,357.4,40.0,343.0,60.0,361.2,20.0,13.399999999999975,70.0,60.0,2.306779139834409,344.0,357.4,130,10.0,11.0,0.08,344.0,4.0
07:50:48,344.0,12.0,356.0,48.0,343.0,72.0,361.17,24.0,12.0,84.0,72.0,2.862301521499349,344.0,356.0,156,12.0,26.0,0.08,344.0,
07:50:49,351.84,49.0,354.33,72.0,344.51,47.0,356.38,64.0,2.490000000000009,96.0,136.0,2.334062981150824,351.84,354.33,232,-40.0,76.0,-0.17,344.0,
07:50:50,352.0,30.0,353.9,40.0,345.0,60.0,356.0,40.0,1.8999999999999773,90.0,80.0,1.7723797561413426,352.0,353.9,170,10.0,-62.0,0.06,352.0,3.0
07:50:51,345.0,82.0,354.44,36.0,344.0,15.0,356.79,43.0,9.439999999999998,97.0,79.0,1.6180760179859182,345.0,354.44,176,18.0,6.0,0.1,345.0,2.0
07:50:52,345.65,34.0,351.89,19.0,344.97,68.0,353.91,46.0,6.240000000000009,102.0,65.0,1.9835397651627504,345.65,351.89,167,37.0,-9.0,0.22,345.0,
07:50:53,346.0,38.0,349.15,52.0,345.0,70.0,350.16,43.0,3.1499999999999773,108.0,95.0,2.490375473695253,346.0,349.15,203,13.0,36.0,0.06,345.0,
07:50:54,345.38,21.0,346.5,16.0,344.5,16.0,348.0,24.0,1.1200000000000043,37.0,40.0,2.624570441040902,345.38,346.5,77,-3.0,-126.0,-0.04,345.67,3.0
07:50:55,342.47,15.0,350.25,24.0,340.67,27.0,357.67,39.0,7.779999999999973,42.0,63.0,1.5913453427801822,342.47,350.25,105,-21.0,28.0,-0.2,344.5,2.0
07:50:56,342.11,56.0,356.75,55.0,340.33,39.0,359.21,58.0,14.639999999999986,95.0,113.0,1.5008430963922543,342.11,356.75,208,-18.0,103.0,-0.09,344.5,
07:50:57,347.92,52.0,355.0,51.0,345.32,38.0,358.0,85.0,7.079999999999984,90.0,136.0,2.2916980603882533,347.92,355.0,226,-46.0,18.0,-0.2,344.5,
07:50:58,351.27,37.0,354.87,31.0,348.94,31.0,357.55,53.0,3.6000000000000227,68.0,84.0,3.115167732239345,351.27,354.87,152,-16.0,-74.0,-0.11,351.0,1.0
07:50:59,352.0,26.0,353.46,13.0,351.0,39.0,355.0,26.0,1.4599999999999795,65.0,39.0,2.7714346465292445,352.0,353.46,104,26.0,-48.0,0.25,351.0,
07:51:00,352.0,16.0,353.0,8.0,351.0,24.0,355.0,16.0,1.0,40.0,24.0,1.4742014787607631,352.0,353.0,64,16.0,-40.0,0.25,351.0,
07:51:01,352.0,11.0,356.0,10.0,351.0,21.0,359.17,23.0,4.0,32.0,33.0,0.920852865542962,352.0,356.0,65,-1.0,1.0,-0.02,352.0,1.0
07:51:02,352.0,8.0,358.0,16.0,351.0,24.0,363.0,40.0,6.0,32.0,56.0,1.0331747189983491,352.0,358.0,88,-24.0,23.0,-0.27,352.0,
07:51:03,352.0,11.0,358.0,22.0,351.0,33.0,362.64,55.0,6.0,44.0,77.0,1.1983655535672575,352.0,358.0,121,-33.0,33.0,-0.27,352.0,
07:51:04,352.0,11.0,357.53,15.0,351.0,33.0,359.76,34.0,5.529999999999973,44.0,49.0,1.063052209430815,352.0,357.53,93,-5.0,-28.0,-0.05,352.0,
07:51:05,352.0,9.0,356.4,10.0,351.0,27.0,358.41,17.0,4.399999999999977,36.0,27.0,0.466025750334726,352.0,356.4,63,9.0,-30.0,0.14,352.0,
07:51:06,352.0,18.0,354.11,18.0,351.0,54.0,362.0,72.0,2.1100000000000136,72.0,90.0,0.8204145293541651,352.0,354.11,162,-18.0,99.0,-0.11,352.0,
07:51:07,351.03,37.0,361.34,35.0,349.12,51.0,363.75,77.0,10.310000000000002,88.0,112.0,1.141060909844409,351.03,361.34,200,-24.0,38.0,-0.12,352.0,1.0
07:51:08,351.0,33.0,361.0,22.0,349.0,44.0,364.39,98.0,10.0,77.0,120.0,1.2965415535086262,351.0,361.0,197,-43.0,-3.0,-0.22,352.0,
07:51:09,351.0,27.0,360.78,18.0,349.0,36.0,365.0,87.0,9.779999999999973,63.0,105.0,1.375347228874992,351.0,360.78,168,-42.0,-29.0,-0.25,352.0,
07:51:10,351.0,27.0,360.0,18.0,349.0,36.0,365.0,109.0,9.0,63.0,127.0,1.290999612693056,351.0,360.0,190,-64.0,22.0,-0.34,352.0,
07:51:11,351.0,39.0,360.0,26.0,349.0,52.0,365.0,89.0,9.0,91.0,115.0,0.3047622023360103,351.0,360.0,206,-24.0,16.0,-0.12,352.0,
07:51:12,351.0,42.0,357.64,28.0,349.47,38.0,358.64,28.0,6.639999999999986,80.0,56.0,0.6666483330612883,351.0,357.64,136,24.0,-70.0,0.18,352.0,
07:51:13,350.72,25.0,356.85,26.0,349.3,40.0,358.0,26.0,6.129999999999996,65.0,52.0,0.9003999111362844,350.72,356.85,117,13.0,-19.0,0.11,350.75,4.0
07:51:14,348.71,14.0,355.45,22.0,347.09,44.0,356.91,22.0,6.740000000000009,58.0,44.0,1.4193942369812642,348.71,355.45,102,14.0,-15.0,0.14,349.2,5.0
07:51:15,345.08,13.0,355.0,18.0,341.52,31.0,356.0,18.0,9.920000000000016,44.0,36.0,2.1275055816560413,345.08,355.0,80,8.0,-22.0,0.1,344.0,5.0
07:51:16,342.0,12.0,354.08,24.0,341.0,36.0,355.08,24.0,12.079999999999984,48.0,48.0,2.6208242978079057,342.0,354.08,96,0.0,16.0,0.0,344.0,
07:51:17,342.0,13.0,350.69,26.0,341.0,39.0,351.69,26.0,8.689999999999998,52.0,52.0,2.990137120598852,342.0,350.69,104,0.0,8.0,0.0,344.0,
07:51:18,343.69,84.0,347.22,27.0,342.64,89.0,348.7,27.0,3.5300000000000296,173.0,54.0,2.7021991044307456,343.69,347.22,227,119.0,123.0,0.52,348.0,1.0
07:51:19,345.46,93.0,346.58,19.0,343.92,106.0,359.83,48.0,1.1200000000000043,199.0,67.0,1.8649450394015996,345.46,346.58,266,132.0,39.0,0.5,345.33,3.0
07:51:20,344.78,46.0,357.18,22.0,343.83,46.0,361.25,32.0,12.400000000000034,92.0,54.0,2.2356207191713664,344.78,357.18,146,38.0,-120.0,0.26,346.25,4.0
07:51:21,347.86,65.0,360.64,25.0,345.94,31.0,361.18,44.0,12.779999999999973,96.0,69.0,3.845929016503826,347.86,360.64,165,27.0,19.0,0.16,346.25,
07:51:22,349.0,50.0,360.0,45.0,348.0,74.0,361.0,40.0,11.0,124.0,85.0,4.342582181143298,349.0,360.0,209,39.0,44.0,0.19,346.25,
07:51:23,349.38,40.0,360.0,60.0,348.38,65.0,361.0,40.0,10.620000000000005,105.0,100.0,3.718557516024181,349.38,360.0,205,5.0,-4.0,0.02,346.25,
07:51:24,350.0,55.0,359.26,70.0,349.0,75.0,360.31,64.0,9.259999999999993,130.0,134.0,1.5910216843201264,350.0,359.26,264,-4.0,59.0,-0.02,346.25,
07:51:25,350.43,42.0,359.0,72.0,349.17,36.0,360.0,48.0,8.569999999999993,78.0,120.0,0.18968394759604,350.43,359.0,198,-42.0,-66.0,-0.21,346.25,
07:51:26,351.0,45.0,357.81,69.0,350.0,15.0,360.8,61.0,6.810000000000002,60.0,130.0,0.1289185788610906,351.0,357.81,190,-70.0,-8.0,-0.37,346.25,
07:51:27,351.0,49.0,353.96,26.0,350.0,17.0,354.86,35.0,2.9599999999999795,66.0,61.0,0.9599895832644504,351.0,353.96,127,5.0,-63.0,0.04,351.0,1.0
07:51:28,351.0,21.0,353.68,28.0,350.0,13.0,358.36,50.0,2.680000000000007,34.0,78.0,1.1964656284144275,351.0,353.68,112,-44.0,-15.0,-0.39,351.0,1.0
07:51:29,351.0,8.0,352.5,32.0,350.0,8.0,365.0,32.0,1.5,16.0,64.0,1.330928247494277,351.0,352.5,80,-48.0,-32.0,-0.6,351.0,
07:51:30,349.03,61.0,351.25,64.0,348.02,121.0,365.25,59.0,2.2200000000000277,182.0,123.0,1.5350342015668192,349.03,351.25,305,59.0,181.5,0.19,350.0,3.0
07:51:31,349.0,40.0,350.1,40.0,348.0,80.0,364.65,43.0,1.1000000000000227,120.0,83.0,1.3297631367960348,349.0,350.1,203,37.0,-102.0,0.18,350.0,
07:51:32,348.05,84.0,362.45,58.0,344.67,18.0,364.67,48.0,14.399999999999975,102.0,106.0,2.236879522902504,348.05,362.45,208,-4.0,5.0,-0.02,349.0,4.0
07:51:33,348.0,88.0,361.84,74.0,342.0,11.0,364.67,43.0,13.839999999999977,99.0,117.0,2.650239611804853,348.0,361.84,216,-18.0,8.0,-0.08,349.0,
07:51:34,348.0,96.0,359.67,48.0,342.0,12.0,360.98,56.0,11.670000000000016,108.0,104.0,2.700772111818896,348.0,359.67,212,4.0,-4.0,0.02,349.0,
07:51:35,348.07,83.0,356.77,52.0,346.24,34.0,360.0,52.0,8.699999999999989,117.0,104.0,2.3177855811048964,348.07,356.77000000000004,221,13.0,9.0,0.06,349.0,
07:51:36,350.0,15.0,355.67,60.0,348.0,120.0,358.67,60.0,5.670000000000016,135.0,120.0,1.2440458190824193,350.0,355.67,255,15.0,34.0,0.06,349.0,
07:51:37,348.29,56.0,352.85,80.0,347.05,76.0,355.05,80.0,4.560000000000002,132.0,160.0,1.628536152493517,348.29,352.85,292,-28.0,37.0,-0.1,348.4,5.0
07:51:38,347.79,76.0,350.63,76.0,343.03,31.0,355.28,75.0,2.839999999999975,107.0,151.0,1.8562920028866137,347.79,350.63,258,-44.0,-34.0,-0.17,348.0,4.0
07:51:39,344.08,85.0,347.38,84.0,340.31,122.0,361.59,27.0,3.300000000000012,207.0,111.0,2.869306536427262,344.08,347.38,318,96.0,60.0,0.3,348.0,
07:51:40,346.19,116.0,356.75,24.0,345.33,79.0,362.24,161.0,10.560000000000002,195.0,185.0,2.708527275104427,346.19,356.75,380,10.0,62.0,0.03,346.0,4.0
07:51:41,348.29,126.0,358.0,14.0,347.0,70.0,360.0,70.0,9.70999999999998,196.0,84.0,2.792826525222168,348.29,358.0,280,112.0,-100.0,0.4,346.0,
07:51:42,349.0,108.0,358.0,12.0,348.0,72.0,360.0,60.0,9.0,180.0,72.0,3.211969800602637,349.0,358.0,252,108.0,-28.0,0.43,346.0,
07:51:43,348.52,75.0,358.0,15.0,347.44,81.0,360.0,75.0,9.480000000000018,156.0,90.0,3.280586837744382,348.52,358.0,246,66.0,-6.0,0.27,348.82,11.0
07:51:44,349.0,24.0,358.0,11.0,347.76,63.0,360.0,55.0,9.0,87.0,66.0,0.8550906384580653,349.0,358.0,153,21.0,-93.0,0.14,348.82,
07:51:45,348.19,80.0,356.83,24.0,347.44,108.0,358.53,70.0,8.639999999999986,188.0,94.0,0.40671857589523,348.19,356.83,282,94.0,129.0,0.33,351.0,1.0
07:51:46,351.0,14.0,355.25,28.0,348.1,82.0,356.75,28.0,4.25,96.0,56.0,0.4073327877525344,351.0,355.25,152,40.0,-130.0,0.26,351.0,
07:51:47,350.35,37.0,353.19,32.0,349.51,74.0,356.22,37.0,2.839999999999975,111.0,69.0,0.6971154853960332,350.35,353.19,180,42.0,28.0,0.23,351.0,1.0
07:51:48,350.0,58.0,354.86,21.0,348.0,58.0,361.03,31.0,4.860000000000014,116.0,52.0,0.6679296369972487,350.0,354.86,168,64.0,-12.0,0.38,350.0,4.0
07:51:49,350.0,48.0,359.0,12.0,348.23,52.0,361.0,36.0,9.0,100.0,48.0,1.0310819559951978,350.0,359.0,148,52.0,-20.0,0.35,350.0,
07:51:50,350.0,36.0,359.0,9.0,349.0,54.0,364.11,27.0,9.0,90.0,36.0,1.2251244834620385,350.0,359.0,126,54.0,-22.0,0.43,350.0,
07:51:51,350.0,20.0,359.0,5.0,349.0,30.0,365.0,15.0,9.0,50.0,20.0,1.3350842669950131,350.0,359.0,70,30.0,-56.0,0.43,350.0,
07:51:52,349.47,34.0,359.0,10.0,348.5,48.0,365.0,30.0,9.529999999999973,82.0,40.0,0.9037034911831636,349.47,359.0,122,42.0,52.0,0.34,349.5,8.0
07:51:53,348.0,10.0,359.0,10.0,347.0,50.0,365.0,30.0,11.0,60.0,40.0,0.4330357952597296,348.0,359.0,100,20.0,-22.0,0.2,348.4,5.0
07:51:54,348.0,10.0,356.69,26.0,347.0,50.0,363.91,22.0,8.689999999999998,60.0,48.0,0.9171259455369496,348.0,356.69,108,12.0,8.0,0.11,348.4,
07:51:55,348.0,12.0,356.0,60.0,347.0,60.0,360.67,12.0,8.0,72.0,72.0,1.1129330617687678,348.0,356.0,144,0.0,36.0,0.0,348.4,
07:51:56,349.29,14.0,357.25,20.0,347.11,28.0,362.67,18.0,7.9599999999999795,42.0,38.0,0.9023691040691034,349.29,357.25,80,4.0,-64.0,0.05,348.4,
07:51:57,348.0,6.0,361.0,6.0,347.0,30.0,363.0,18.0,13.0,36.0,24.0,0.9897625977871484,348.0,361.0,60,12.0,-20.0,0.2,350.0,3.0
07:51:58,348.0,9.0,361.0,9.0,347.0,45.0,363.57,21.0,13.0,54.0,30.0,1.1694571390085189,348.0,361.0,84,24.0,24.0,0.29,350.0,
07:51:59,348.0,13.0,360.02,49.0,347.0,65.0,361.43,14.0,12.019999999999982,78.0,63.0,1.0537219747055622,348.0,360.02,141,15.0,57.0,0.11,350.0,
07:52:00,348.0,14.0,359.07,56.0,347.0,70.0,361.0,14.0,11.069999999999991,84.0,70.0,0.55635420370193,348.0,359.07,154,14.0,13.0,0.09,350.0,
07:52:01,347.89,47.0,357.0,64.0,346.95,76.0,361.0,16.0,9.110000000000014,123.0,80.0,0.8535514044140191,347.89,357.0,203,43.0,49.0,0.21,350.0,
07:52:02,348.92,52.0,356.0,52.0,347.0,65.0,364.27,22.0,7.079999999999984,117.0,74.0,0.9202553993201994,348.92,356.0,191,43.0,-12.0,0.23,350.0,
07:52:03,349.0,44.0,356.0,44.0,347.0,55.0,366.0,55.0,7.0,99.0,99.0,0.7340776525537066,349.0,356.0,198,0.0,7.0,0.0,350.0,
07:52:04,349.0,56.0,356.0,56.0,347.0,70.0,366.0,88.0,7.0,126.0,144.0,0.4757099956689464,349.0,356.0,270,-18.0,72.0,-0.07,350.0,
07:52:05,347.18,44.0,354.9,80.0,339.94,77.0,365.45,51.0,7.71999999999997,121.0,131.0,0.6432728814277152,347.18,354.9,252,-10.0,-18.0,-0.04,347.89,9.0
07:52:06,349.52,29.0,353.19,64.0,343.77,82.0,361.15,27.0,3.670000000000016,111.0,91.0,0.7161005515852912,349.52,353.19,202,20.0,-50.0,0.1,352.0,2.0
07:52:07,350.0,80.0,356.81,32.0,343.0,16.0,358.71,28.0,6.810000000000002,96.0,60.0,0.9623149172596192,350.0,356.81,156,36.0,-46.0,0.23,352.0,
07:52:08,350.0,55.0,354.83,23.0,343.0,11.0,355.93,28.0,4.829999999999984,66.0,51.0,0.9551806111832624,350.0,354.83,117,15.0,-39.0,0.13,352.0,
07:52:09,350.75,56.0,353.14,28.0,348.83,42.0,356.6,35.0,2.3899999999999864,98.0,63.0,0.9351042722502378,350.75,353.14,161,35.0,44.0,0.22,352.0,3.0
07:52:10,350.0,60.0,354.84,25.0,343.0,15.0,362.64,47.0,4.839999999999975,75.0,72.0,0.7555263066102436,350.0,354.84,147,3.0,-14.0,0.02,350.0,3.0
07:52:11,350.0,20.0,361.0,10.0,343.0,10.0,363.0,50.0,11.0,30.0,60.0,1.4238925521184906,350.0,361.0,90,-30.0,-57.0,-0.33,350.0,
07:52:12,350.0,24.0,362.77,48.0,343.0,12.0,363.29,28.0,12.769999999999982,36.0,76.0,2.051543321496608,350.0,362.77,112,-40.0,22.0,-0.36,350.0,
07:52:13,350.0,14.0,361.0,7.0,343.0,7.0,362.0,35.0,11.0,21.0,42.0,2.018135277917751,350.0,361.0,63,-21.0,-49.0,-0.33,350.0,
07:52:14,350.0,28.0,359.44,18.0,348.4,70.0,360.17,24.0,9.439999999999998,98.0,42.0,1.510192040760074,350.0,359.44,140,56.0,77.0,0.4,350.0,
07:52:15,350.0,22.0,359.0,11.0,349.0,99.0,360.0,22.0,9.0,121.0,33.0,0.7486788363339244,350.0,359.0,154,88.0,14.0,0.57,350.0,
07:52:16,349.2,79.0,356.19,27.0,348.47,79.0,358.0,18.0,6.990000000000009,158.0,45.0,1.374645408814711,349.2,356.19,203,113.0,49.0,0.56,350.0,2.0
07:52:17,349.0,135.0,354.2,20.0,343.0,15.0,355.8,25.0,5.199999999999989,150.0,45.0,1.6045622455913433,349.0,354.2,195,105.0,-8.0,0.54,350.0,
07:52:18,349.0,172.0,351.76,25.0,342.0,16.0,352.78,23.0,2.759999999999991,188.0,48.0,1.86296001030057,349.0,351.76,236,140.0,41.0,0.59,350.0,
07:52:19,349.0,110.0,350.22,18.0,339.92,13.0,360.24,50.0,1.2200000000000273,123.0,68.0,1.93163920025997,349.0,350.22,191,55.0,-45.0,0.29,349.0,3.0
07:52:20,349.0,77.0,360.08,50.0,343.0,33.0,364.97,59.0,11.079999999999984,110.0,109.0,1.9458751244571195,349.0,360.08,219,1.0,28.0,0.0,349.0,2.0
07:52:21,349.0,56.0,361.55,44.0,343.0,24.0,366.17,24.0,12.550000000000011,80.0,68.0,2.5124191529241284,349.0,361.55,148,12.0,-71.0,0.08,349.0,
07:52:22,349.0,70.0,361.0,50.0,343.0,30.0,362.0,10.0,12.0,100.0,60.0,2.7328099092287226,349.0,361.0,160,40.0,12.0,0.25,349.0,
07:52:23,349.0,82.0,359.73,30.0,343.0,36.0,361.04,52.0,10.730000000000018,118.0,82.0,2.346309868703862,349.0,359.7300000000001,200,36.0,40.0,0.18,349.0,2.0
07:52:24,349.47,76.0,359.0,37.0,343.27,44.0,361.0,74.0,9.529999999999973,120.0,111.0,0.4358095914219339,349.47,359.0,231,9.0,31.0,0.04,349.0,
07:52:25,351.0,144.0,358.15,52.0,349.0,16.0,359.12,64.0,7.149999999999977,160.0,116.0,0.432862564765469,351.0,358.15,276,44.0,45.0,0.16,349.0,
07:52:26,351.0,86.0,356.57,28.0,349.62,29.0,359.5,42.0,5.569999999999993,115.0,70.0,0.4446684157615533,351.0,356.57,185,45.0,-91.0,0.24,351.0,5.0
07:52:27,351.0,52.0,355.38,26.0,350.0,78.0,362.0,13.0,4.379999999999996,130.0,39.0,0.5534708664207689,351.0,355.38,169,91.0,-16.0,0.54,351.0,
07:52:28,351.0,44.0,354.0,22.0,350.0,66.0,363.0,11.0,3.0,110.0,33.0,0.8315948532652332,351.0,354.0,143,77.0,-26.0,0.54,351.0,
07:52:29,351.0,54.0,355.15,27.0,350.0,102.0,363.78,45.0,4.149999999999977,156.0,72.0,0.791220576058056,351.0,355.15,228,84.0,85.0,0.37,351.0,2.0
07:52:30,351.0,18.0,362.22,9.0,350.0,54.0,364.0,45.0,11.220000000000027,72.0,54.0,1.619110867104824,351.0,362.22,126,18.0,-102.0,0.14,351.0,
07:52:31,351.0,30.0,359.78,81.0,350.0,90.0,361.98,58.0,8.779999999999973,120.0,139.0,1.7606589675392432,351.0,359.78,259,-19.0,133.0,-0.07,351.0,
07:52:32,351.0,18.0,358.0,45.0,350.0,54.0,363.0,47.0,7.0,72.0,92.0,1.6772089911444787,351.0,358.0,164,-20.0,-95.0,-0.12,351.0,
07:52:33,351.0,26.0,357.15,65.0,350.0,78.0,363.42,77.0,6.149999999999977,104.0,142.0,1.3417339527549088,351.0,357.15,246,-38.0,82.0,-0.15,351.0,
07:52:34,351.91,138.0,356.5,100.0,350.44,64.0,364.0,160.0,4.589999999999975,202.0,260.0,1.0554477722629922,351.91,356.5,462,-58.0,181.5,-0.13,351.0,
07:52:35,352.0,81.0,356.0,45.0,351.0,18.0,364.0,72.0,4.0,99.0,117.0,0.5661536893598926,352.0,356.0,216,-18.0,-182.5,-0.08,351.0,
07:52:36,352.0,108.0,354.9,50.0,351.0,24.0,361.22,81.0,2.8999999999999773,132.0,131.0,0.3845386846294279,352.0,354.9,263,1.0,47.0,0.0,351.0,
07:52:37,352.0,153.0,354.0,51.0,350.36,94.0,355.0,85.0,2.0,247.0,136.0,0.508792688604189,352.0,354.0,383,111.0,120.0,0.29,351.0,
07:52:38,352.0,81.0,353.14,42.0,351.0,168.0,360.28,54.0,1.1399999999999864,249.0,96.0,0.6813442595176478,352.0,353.14,345,153.0,-38.0,0.44,352.0,5.0
07:52:39,352.0,23.0,357.5,24.0,351.0,96.0,365.58,36.0,5.5,119.0,60.0,0.8537154092421266,352.0,357.5,179,59.0,-166.0,0.33,352.0,3.0
07:52:40,351.14,56.0,365.0,36.0,350.8,120.0,366.0,84.0,13.860000000000014,176.0,120.0,2.224729196998108,351.14,365.0,296,56.0,117.0,0.19,352.0,1.0
07:52:41,351.0,156.0,365.0,39.0,350.0,78.0,366.0,89.0,14.0,234.0,128.0,2.64602910036417,351.0,365.0,362,106.0,66.0,0.29,352.0,
07:52:42,351.0,168.0,363.83,18.0,350.0,84.0,365.78,55.0,12.829999999999984,252.0,73.0,2.4237099661412187,351.0,363.83,325,179.0,-37.0,0.55,352.0,
07:52:43,351.0,107.0,360.5,16.0,350.0,60.0,363.97,32.0,9.5,167.0,48.0,1.478367342703102,351.0,360.5,215,119.0,-110.0,0.55,351.0,8.0
07:52:44,351.0,68.0,359.23,39.0,350.0,102.0,360.12,41.0,8.230000000000018,170.0,80.0,1.3542784056355832,351.0,359.23,250,90.0,35.0,0.36,351.0,
07:52:45,351.0,60.0,356.83,36.0,350.0,90.0,357.83,35.0,5.829999999999984,150.0,71.0,1.671143321194334,351.0,356.83,221,79.0,-29.0,0.36,351.0,
07:52:46,351.0,54.0,355.31,26.0,350.0,78.0,357.0,39.0,4.310000000000002,132.0,65.0,1.6580319659084832,351.0,355.31,197,67.0,-24.0,0.34,351.0,
07:52:47,351.0,96.0,352.82,28.0,350.0,96.0,353.89,35.0,1.8199999999999927,192.0,63.0,1.533737265628132,351.0,352.82,255,129.0,58.0,0.51,351.0,1.0
07:52:48,351.06,31.0,359.88,51.0,350.06,64.0,362.92,72.0,8.819999999999993,95.0,123.0,1.455620142748987,351.06,359.88,218,-28.0,-37.0,-0.13,351.4,5.0
07:52:49,350.32,38.0,362.0,70.0,349.24,100.0,363.0,42.0,11.680000000000009,138.0,112.0,1.7211246323192817,350.32,362.0,250,26.0,32.0,0.1,350.8,5.0
07:52:50,350.0,68.0,360.55,66.0,349.0,106.0,363.02,52.0,10.550000000000011,174.0,118.0,1.7861746834998002,350.0,360.55,292,56.0,42.0,0.19,350.8,
07:52:51,350.0,79.0,359.45,33.0,349.0,84.0,360.12,48.0,9.449999999999989,163.0,81.0,1.6457581839307145,350.0,359.45,244,82.0,-48.0,0.34,350.0,5.0
07:52:52,350.0,16.0,358.25,16.0,349.0,56.0,360.0,44.0,8.25,72.0,60.0,0.7704219622868935,350.0,358.25,132,12.0,-112.0,0.09,350.0,
07:52:53,350.0,16.0,358.0,16.0,349.0,56.0,360.0,48.0,8.0,72.0,64.0,0.8891175400219105,350.0,358.0,136,8.0,4.0,0.06,350.0,
07:52:54,350.0,26.0,358.0,26.0,349.0,91.0,359.18,67.0,8.0,117.0,93.0,0.5615425184039987,350.0,358.0,210,24.0,74.0,0.11,350.0,
07:52:55,349.34,41.0,357.08,26.0,348.73,67.0,359.0,65.0,7.740000000000009,108.0,91.0,0.5409898335240618,349.34,357.08,199,17.0,-11.0,0.09,349.4,5.0
07:52:56,349.0,56.0,355.29,28.0,348.0,42.0,360.15,71.0,6.2900000000000205,98.0,99.0,0.8393330685594875,349.0,355.29,197,-1.0,-2.0,-0.01,349.4,
07:52:57,349.0,44.0,353.18,22.0,348.0,33.0,361.0,55.0,4.180000000000007,77.0,77.0,1.261851813795388,349.0,353.18,154,0.0,-43.0,0.0,349.4,
07:52:58,349.0,48.0,352.08,24.0,348.0,36.0,361.0,60.0,3.079999999999984,84.0,84.0,1.4362555482852049,349.0,352.08,168,0.0,14.0,0.0,349.4,
07:52:59,348.84,57.0,350.73,30.0,347.0,48.0,362.42,48.0,1.8900000000000432,105.0,78.0,1.3454478808120538,348.84,350.7300000000001,183,27.0,15.0,0.15,349.0,4.0
07:53:00,348.0,45.0,353.6,20.0,344.0,60.0,360.39,46.0,5.600000000000023,105.0,66.0,0.8575371711958761,348.0,353.6,171,39.0,-12.0,0.23,349.67,3.0
07:53:01,348.0,27.0,359.0,49.0,344.0,36.0,364.29,21.0,11.0,63.0,70.0,1.402686707708491,348.0,359.0,133,-7.0,-38.0,-0.05,349.67,
07:53:02,348.0,30.0,359.0,60.0,344.0,40.0,365.0,20.0,11.0,70.0,80.0,1.7504513703559834,348.0,359.0,150,-10.0,17.0,-0.07,349.67,
07:53:03,348.13,31.0,359.0,26.0,344.28,43.0,364.64,22.0,10.870000000000005,74.0,48.0,1.8023040808864652,348.13,359.0,122,26.0,-28.0,0.21,349.67,
07:53:04,348.38,42.0,357.79,33.0,344.88,51.0,360.05,44.0,9.410000000000023,93.0,77.0,1.1829285692630769,348.38,357.79,170,16.0,48.0,0.09,351.0,2.0
07:53:05,344.93,86.0,356.29,28.0,343.43,47.0,358.12,32.0,11.360000000000014,133.0,60.0,1.2668464784569962,344.93,356.29,193,73.0,23.0,0.38,351.0,
07:53:06,347.0,150.0,355.53,30.0,344.0,60.0,356.53,30.0,8.529999999999973,210.0,60.0,1.3692078001456929,347.0,355.53,270,150.0,77.0,0.56,351.0,
07:53:07,348.26,70.0,353.81,32.0,348.28,115.0,354.81,32.0,5.550000000000011,185.0,64.0,1.319602212782633,348.26,353.81,249,121.0,-21.0,0.49,351.0,
07:53:08,349.1,96.0,351.17,36.0,347.68,136.0,356.11,54.0,2.069999999999993,232.0,90.0,1.1221096203055303,349.1000000000001,351.17,322,142.0,73.0,0.44,349.5,2.0
07:53:09,349.0,81.0,351.0,24.0,344.0,36.0,359.0,48.0,2.0,117.0,72.0,0.5488624599874515,349.0,351.0,189,45.0,-133.0,0.24,349.5,
07:53:10,349.0,63.0,350.75,16.0,344.0,28.0,359.0,28.0,1.75,91.0,44.0,0.6386156903676773,349.0,350.75,135,47.0,-54.0,0.35,349.5,
07:53:11,349.0,69.0,357.2,30.0,344.0,36.0,360.78,18.0,8.199999999999989,105.0,48.0,1.3472564714942186,349.0,357.2,153,57.0,18.0,0.37,349.0,2.0
07:53:12,349.22,54.0,361.0,36.0,346.33,45.0,364.0,9.0,11.779999999999973,99.0,45.0,2.35634887060073,349.22,361.0,144,54.0,-9.0,0.38,349.0,
07:53:13,350.0,40.0,361.65,43.0,349.0,70.0,362.74,19.0,11.649999999999975,110.0,62.0,2.782630050865346,350.0,361.65,172,48.0,28.0,0.28,349.0,
07:53:14,350.0,36.0,361.0,45.0,349.0,63.0,362.0,45.0,11.0,99.0,90.0,2.477302968951636,350.0,361.0,189,9.0,17.0,0.05,349.0,
07:53:15,350.0,48.0,360.15,65.0,349.0,91.0,362.0,65.0,10.149999999999975,139.0,130.0,1.0651901238626218,350.0,360.15,269,9.0,80.0,0.03,350.0,2.0
07:53:16,350.0,24.0,359.7,44.0,349.0,84.0,361.0,60.0,9.699999999999989,108.0,104.0,0.3887544211629765,350.0,359.7,212,4.0,-57.0,0.02,350.0,
07:53:17,351.59,17.0,357.24,29.0,349.39,46.0,358.71,49.0,5.650000000000034,63.0,78.0,0.5536515149207276,351.59,357.24,141,-15.0,-71.0,-0.11,350.0,
07:53:19,351.5,12.0,354.0,45.0,349.36,33.0,357.67,9.0,2.5,45.0,54.0,0.9281325336264332,351.5,354.0,99,-9.0,-18.0,-0.09,353.0,1.0
07:53:20,351.0,28.0,353.21,70.0,350.0,28.0,361.14,14.0,2.2099999999999795,56.0,84.0,1.1445086281793326,351.0,353.21,140,-28.0,41.0,-0.2,353.0,
07:53:21,350.42,24.0,357.83,23.0,349.1,62.0,364.77,53.0,7.409999999999968,86.0,76.0,0.979913261455932,350.42,357.83,162,10.0,22.0,0.06,351.67,3.0
07:53:22,350.88,51.0,361.0,54.0,349.59,51.0,362.0,18.0,10.120000000000005,102.0,72.0,1.4696087914736438,350.88,361.0,174,30.0,12.0,0.17,351.0,3.0
07:53:23,350.0,26.0,359.54,39.0,349.0,91.0,360.11,27.0,9.54000000000002,117.0,66.0,1.539990259701758,350.0,359.54,183,51.0,9.0,0.28,351.0,
07:53:24,349.7,40.0,357.68,57.0,345.8,61.0,359.23,39.0,7.980000000000018,101.0,96.0,1.4106487868976965,349.7,357.68000000000006,197,5.0,14.0,0.03,349.29,7.0
07:53:25,342.68,57.0,356.81,26.0,339.49,67.0,358.95,41.0,14.129999999999995,124.0,67.0,2.3415230086370773,342.68000000000006,356.81,191,57.0,-6.0,0.3,347.5,6.0
07:53:26,342.13,70.0,352.57,30.0,339.44,84.0,353.44,36.0,10.439999999999998,154.0,66.0,3.615508263021853,342.13,352.57,220,88.0,29.0,0.4,347.5,
07:53:27,346.26,34.0,352.42,24.0,344.95,55.0,355.73,40.0,6.160000000000025,89.0,64.0,3.1260038387663287,346.26,352.42,153,25.0,-67.0,0.16,349.33,3.0
07:53:28,351.92,76.0,354.0,34.0,350.52,31.0,355.0,85.0,2.079999999999984,107.0,119.0,2.645216437266057,351.92,354.0,226,-12.0,73.0,-0.05,349.33,
07:53:33,351.0,10.0,355.0,50.0,350.0,30.0,357.0,90.0,4.0,40.0,140.0,0.2910670025566693,351.0,355.0,180,-100.0,-3.0,-0.56,349.33,
07:53:34,351.0,6.0,355.0,30.0,350.0,26.0,357.0,54.0,4.0,32.0,84.0,0.3576590554949017,351.0,355.0,116,-52.0,-64.0,-0.45,349.33,
07:53:35,352.0,66.0,355.0,60.0,351.0,12.0,357.0,108.0,3.0,78.0,168.0,0.3576590554949017,352.0,355.0,246,-90.0,130.0,-0.37,349.33,
07:53:36,352.0,56.0,355.0,40.0,351.0,8.0,357.0,72.0,3.0,64.0,112.0,0.2858671019505809,352.0,355.0,176,-48.0,-70.0,-0.27,349.33,
07:53:37,352.0,56.0,355.0,40.0,351.0,8.0,357.0,72.0,3.0,64.0,112.0,0.273861278711774,352.0,355.0,176,-48.0,0.0,-0.27,349.33,
07:53:38,352.0,49.0,355.0,35.0,351.0,7.0,357.0,63.0,3.0,56.0,98.0,0.2236067976995423,352.0,355.0,154,-42.0,-22.0,-0.27,349.33,
07:53:39,352.0,21.0,355.0,15.0,351.0,3.0,357.0,27.0,3.0,24.0,42.0,0.0,352.0,355.0,66,-18.0,-88.0,-0.27,349.33,
07:53:40,352.0,84.0,355.0,60.0,351.0,12.0,357.0,82.0,3.0,96.0,142.0,0.0,352.0,355.0,238,-46.0,172.0,-0.19,349.33,
07:53:41,352.0,133.0,356.61,113.0,351.0,19.0,358.93,81.0,4.610000000000014,152.0,194.0,0.362243012323088,352.0,356.61,346,-42.0,108.0,-0.12,349.33,
07:53:42,352.0,28.0,355.0,4.0,351.0,4.0,357.78,18.0,3.0,32.0,22.0,0.362243012323088,352.0,355.0,54,10.0,-182.5,0.19,349.33,
07:53:43,352.0,41.0,355.0,7.0,351.0,7.0,359.0,49.0,3.0,48.0,56.0,0.362243012323088,352.0,355.0,104,-8.0,50.0,-0.08,352.0,3.0
07:53:44,352.0,28.0,355.0,7.0,351.0,7.0,359.0,45.0,3.0,35.0,52.0,0.362243012323088,352.0,355.0,87,-17.0,-17.0,-0.2,352.0,
