Time,Bid1_Price,Bid1_Volume,Ask1_Price,Ask1_Volume,Bid2_Price,Bid2_Volume,Ask2_Price,Ask2_Volume,Mid-Price,Bid_Ask_Spread,Market_Depth_Bid,Market_Depth_Ask,Historical_Volatility,Weighted_Avg_Bid_Price,Weighted_Avg_Ask_Price,Total_volume,Cumulative_Volume_Difference,Total_Volume_Change_Corrected,Order_imbalance,Weighted_Avg_Price,Trade_Volume
07:30:10,210.65,17.0,238.0,24.0,68.43,23.0,242.0,20.0,224.32,27.349999999999994,40.0,44.0,35.58591125712535,210.65,238.0,84,-4.0,64.0,-0.05,238.0,1.0
07:30:11,224.75,80.0,238.0,32.0,211.76,25.0,242.0,32.0,231.38,13.25,105.0,64.0,40.63345075181283,224.75,238.0,169,41.0,85.0,0.24,238.0,
07:30:12,225.09,110.0,238.0,24.0,190.44,36.0,242.0,44.0,231.55,12.909999999999997,146.0,68.0,37.43392445362893,225.09,238.0,214,78.0,45.0,0.36,238.0,2.0
07:30:13,226.0,50.0,238.0,10.0,192.0,35.0,242.0,20.0,232.0,12.0,85.0,30.0,23.388334699161376,226.0,238.0,115,55.0,-99.0,0.48,238.0,
07:30:14,226.83,120.0,238.0,24.0,194.75,84.0,242.0,48.0,232.42,11.169999999999987,204.0,72.0,3.3862929583830823,226.83,238.0,276,132.0,161.0,0.48,238.0,
07:30:15,227.62,80.0,238.0,16.0,208.36,47.0,242.0,32.0,232.81,10.379999999999995,127.0,48.0,0.5946175241234483,227.62,238.0,175,79.0,-101.0,0.45,238.0,
07:30:16,229.99,71.0,238.0,16.0,223.71,24.0,242.0,32.0,233.99,8.009999999999991,95.0,48.0,0.9301236476913473,229.99,238.0,143,47.0,-32.0,0.33,238.0,
07:30:17,232.05,122.0,240.13,30.0,225.78,126.0,242.73,44.0,236.09,8.079999999999984,248.0,74.0,1.6457126116046548,232.05,240.13,322,174.0,165.5,0.54,240.0,4.0
07:30:18,235.62,71.0,242.0,18.0,234.09,53.0,244.0,18.0,238.81,6.379999999999996,124.0,36.0,2.646786731112761,235.62,242.0,160,88.0,-162.0,0.55,240.0,
07:30:19,237.86,63.0,242.0,22.0,236.57,70.0,243.8,41.0,239.93,4.139999999999986,133.0,63.0,3.0427750491935024,237.86,242.0,196,70.0,36.0,0.36,240.0,
07:30:20,241.11,110.0,243.44,85.0,239.29,123.0,243.77,73.0,242.27,2.329999999999984,233.0,158.0,3.244398249289749,241.11,243.44000000000003,391,75.0,165.5,0.19,242.67,6.0
07:30:21,242.42,95.0,244.0,93.0,241.38,106.0,245.0,19.0,243.21,1.5800000000000125,201.0,112.0,2.834910933344152,242.42,244.0,313,89.0,-78.0,0.28,244.0,5.0
07:30:22,242.94,72.0,244.33,21.0,242.0,78.0,245.75,28.0,243.64,1.3900000000000148,150.0,49.0,2.107823522023135,242.94,244.33,199,101.0,-114.0,0.51,244.33,3.0
07:30:23,244.96,94.0,251.88,34.0,243.91,66.0,265.23,52.0,248.42,6.919999999999988,160.0,86.0,3.105145729268387,244.96,251.88,246,74.0,47.0,0.3,246.0,3.0
07:30:24,246.42,48.0,264.47,34.0,244.32,47.0,283.0,50.0,255.44,18.05000000000004,95.0,84.0,5.487725394003716,246.42,264.47,179,11.0,-67.0,0.06,246.0,
07:30:25,251.28,50.0,268.0,68.0,249.63,78.0,294.06,53.0,259.64,16.72,128.0,121.0,7.2723586270200355,251.28,268.0,249,7.0,70.0,0.03,246.0,
07:30:26,255.0,22.0,267.48,42.0,254.0,127.0,286.86,14.0,261.24,12.480000000000018,149.0,56.0,7.487354673046576,255.0,267.48,205,93.0,-44.0,0.45,246.0,
07:30:27,254.18,111.0,256.19,42.0,253.65,158.0,263.65,52.0,255.19,2.009999999999991,269.0,94.0,4.978260740458665,254.18,256.19,363,175.0,158.0,0.48,255.0,2.0
07:30:28,254.0,125.0,255.62,34.0,252.0,48.0,263.81,43.0,254.81,1.6200000000000043,173.0,77.0,2.962453375159155,254.0,255.62,250,96.0,-113.0,0.38,254.0,3.0
07:30:29,254.0,43.0,255.75,36.0,252.0,48.0,264.12,33.0,254.88,1.75,91.0,69.0,3.05770665695581,254.0,255.75,160,22.0,-90.0,0.14,254.0,8.0
07:30:30,254.0,16.0,258.25,24.0,252.0,32.0,266.91,23.0,256.12,4.25,48.0,47.0,2.729243484922516,254.0,258.25,95,1.0,-65.0,0.01,254.0,
07:30:31,254.0,26.0,259.0,39.0,251.28,25.0,266.0,52.0,256.5,5.0,51.0,91.0,0.7650163396896771,254.0,259.0,142,-40.0,47.0,-0.28,254.0,
07:30:32,250.09,32.0,259.0,33.0,248.75,16.0,266.0,44.0,254.55,8.909999999999997,48.0,77.0,0.8754256107701034,250.09,259.0,125,-29.0,-17.0,-0.23,252.67,3.0
07:30:33,249.0,35.0,259.0,21.0,248.0,14.0,266.0,28.0,254.0,10.0,49.0,49.0,1.060754448490436,249.0,259.0,98,0.0,-27.0,0.0,252.67,
07:30:34,250.48,62.0,259.0,45.0,249.69,133.0,266.0,60.0,254.74,8.52000000000001,195.0,105.0,1.0734151107527106,250.48,259.0,300,90.0,165.5,0.3,252.67,
07:30:35,251.0,12.0,259.0,27.0,250.0,108.0,266.0,36.0,255.0,8.0,120.0,63.0,0.9369204875507364,251.0,259.0,183,57.0,-117.0,0.31,251.0,3.0
07:30:36,251.71,7.0,259.0,21.0,250.0,84.0,266.0,28.0,255.36,7.289999999999992,91.0,49.0,0.5087238936715852,251.71,259.0,140,42.0,-43.0,0.3,251.0,
07:30:37,252.0,10.0,259.0,30.0,250.0,120.0,266.0,40.0,255.5,7.0,130.0,70.0,0.5948108943120769,252.0,259.0,200,60.0,60.0,0.3,251.0,
07:30:38,252.0,6.0,259.0,18.0,250.0,72.0,266.0,24.0,255.5,7.0,78.0,42.0,0.3373425558571886,252.0,259.0,120,36.0,-80.0,0.3,251.0,
07:30:39,252.0,6.0,259.0,18.0,250.0,72.0,266.0,24.0,255.5,7.0,78.0,42.0,0.2166102490470706,252.0,259.0,120,36.0,0.0,0.3,251.0,
07:30:40,250.52,25.0,259.0,21.0,249.8,41.0,266.0,28.0,254.76,8.47999999999999,66.0,49.0,0.3210607419044643,250.52,259.0,115,17.0,-5.0,0.15,251.25,4.0
07:30:41,250.0,90.0,259.0,27.0,249.0,63.0,266.0,36.0,254.5,9.0,153.0,63.0,0.4853040284113398,250.0,259.0,216,90.0,101.0,0.42,251.25,
07:30:42,250.0,100.0,258.9,30.0,249.0,52.0,265.46,39.0,254.45,8.899999999999977,152.0,69.0,0.5228001530148139,250.0,258.9,221,83.0,5.0,0.38,251.25,
07:30:43,250.0,114.0,257.62,39.0,248.82,66.0,260.08,39.0,253.81,7.620000000000003,180.0,78.0,0.6107618193636171,250.0,257.62,258,102.0,37.0,0.4,250.0,2.0
07:30:44,250.19,79.0,257.0,33.0,248.35,74.0,259.0,33.0,253.59,6.810000000000002,153.0,66.0,0.4969607630310398,250.19,257.0,219,87.0,-39.0,0.4,250.0,
07:30:45,250.24,42.0,257.0,18.0,249.36,44.0,259.0,18.0,253.62,6.759999999999991,86.0,36.0,0.4474706694213738,250.24,257.0,122,50.0,-97.0,0.41,250.0,
07:30:46,250.0,56.0,255.43,21.0,249.0,49.0,259.86,21.0,252.71,5.430000000000007,105.0,42.0,0.6230409296285697,250.0,255.43,147,63.0,25.0,0.43,250.0,
07:30:47,251.44,50.0,256.75,24.0,249.53,60.0,262.92,26.0,254.09,5.310000000000002,110.0,50.0,0.517281354769765,251.44,256.75,160,60.0,13.0,0.38,254.0,3.0
07:30:48,254.0,8.0,262.0,12.0,250.0,32.0,263.0,16.0,258.0,8.0,40.0,28.0,2.0722379207012898,254.0,262.0,68,12.0,-92.0,0.18,254.0,2.0
07:30:49,254.0,7.0,262.0,21.0,250.0,56.0,263.0,28.0,258.0,8.0,63.0,49.0,2.5285035099822126,254.0,262.0,112,14.0,44.0,0.12,254.0,
07:30:50,254.0,11.0,262.0,33.0,250.36,39.0,263.0,44.0,258.0,8.0,50.0,77.0,2.566330064506967,254.0,262.0,127,-27.0,15.0,-0.21,254.0,
07:30:51,254.0,8.0,257.62,24.0,252.0,8.0,262.28,43.0,255.81,3.620000000000005,16.0,67.0,1.7777935763165271,254.0,257.62,83,-51.0,-44.0,-0.61,254.0,
07:30:52,254.0,13.0,260.88,75.0,252.0,13.0,264.25,64.0,257.44,6.879999999999996,26.0,139.0,0.9483142938879808,254.0,260.88,165,-113.0,82.0,-0.68,254.0,
07:30:53,255.4,97.0,261.89,79.0,253.85,13.0,264.62,61.0,258.64,6.489999999999981,110.0,140.0,1.075741604658034,255.4,261.89,250,-30.0,85.0,-0.12,254.0,
07:30:54,256.0,144.0,258.64,86.0,254.0,18.0,260.45,62.0,257.32,2.6399999999999864,162.0,148.0,1.0517699368171018,256.0,258.64,310,14.0,60.0,0.05,254.0,
07:30:55,256.0,88.0,258.0,55.0,254.0,29.0,260.0,33.0,257.0,2.0,117.0,88.0,1.013518623406721,256.0,258.0,205,29.0,-105.0,0.14,254.0,
07:30:56,256.0,75.0,257.0,60.0,254.0,36.0,262.33,36.0,256.5,1.0,111.0,96.0,0.7927168472993644,256.0,257.0,207,15.0,2.0,0.07,256.0,3.0
07:30:57,254.67,18.0,256.86,70.0,252.67,18.0,263.0,42.0,255.76,2.190000000000026,36.0,112.0,1.0688685606716322,254.67,256.86,148,-76.0,-59.0,-0.51,255.43,7.0
07:30:58,252.77,13.0,255.31,65.0,250.48,21.0,262.52,48.0,254.04,2.539999999999992,34.0,113.0,1.3052509337258569,252.77,255.31000000000003,147,-79.0,-1.0,-0.54,254.0,1.0
07:30:59,252.53,19.0,254.21,70.0,250.43,23.0,262.0,70.0,253.37,1.6800000000000068,42.0,140.0,1.569101653810919,252.53,254.21,182,-98.0,35.0,-0.54,254.0,
07:31:00,250.77,43.0,253.82,85.0,248.76,37.0,262.0,85.0,252.3,3.049999999999983,80.0,170.0,1.721911728281123,250.77,253.82,250,-90.0,68.0,-0.36,251.17,6.0
07:31:01,248.22,64.0,251.8,75.0,246.53,95.0,256.45,71.0,250.01,3.5800000000000125,159.0,146.0,2.134251625275715,248.22,251.8,305,13.0,55.0,0.04,249.25,8.0
07:31:02,247.0,96.0,249.88,32.0,244.0,112.0,252.0,80.0,248.44,2.8799999999999955,208.0,112.0,2.349738283297094,247.0,249.88,320,96.0,15.0,0.3,249.25,
07:31:03,247.0,72.0,251.13,45.0,243.0,84.0,255.21,66.0,249.07,4.129999999999996,156.0,111.0,2.11602693744478,247.0,251.13,267,45.0,-53.0,0.17,249.25,
07:31:04,247.0,46.0,249.86,21.0,243.0,63.0,251.56,43.0,248.43,2.8600000000000136,109.0,64.0,1.6156268133426972,247.0,249.86,173,45.0,-94.0,0.26,247.0,4.0
07:31:05,243.41,78.0,250.29,31.0,241.52,108.0,257.4,75.0,246.85,6.879999999999996,186.0,106.0,1.1530394615934811,243.41,250.29,292,80.0,119.0,0.27,249.4,5.0
07:31:06,243.0,91.0,246.69,26.0,241.0,104.0,249.15,26.0,244.85,3.6899999999999977,195.0,52.0,1.7069329219368052,243.0,246.69,247,143.0,-45.0,0.58,249.4,
07:31:07,243.0,59.0,245.0,26.0,241.0,104.0,248.0,26.0,244.0,2.0,163.0,52.0,2.198112826947615,243.0,245.0,215,111.0,-32.0,0.52,243.0,4.0
07:31:08,243.0,39.0,244.31,26.0,241.0,104.0,253.77,39.0,243.65,1.3100000000000025,143.0,65.0,2.0301921091343837,243.0,244.31,208,78.0,-7.0,0.38,243.0,
07:31:09,243.0,30.0,246.45,22.0,241.0,80.0,253.4,30.0,244.73,3.4499999999999886,110.0,52.0,1.242086953474444,243.0,246.45,162,58.0,-46.0,0.36,244.0,2.0
07:31:10,242.06,34.0,247.0,40.0,240.78,54.0,250.33,18.0,244.53,4.939999999999998,88.0,58.0,0.509725416269756,242.06000000000003,247.0,146,30.0,-16.0,0.21,244.0,
07:31:11,241.0,80.0,247.0,56.0,239.0,30.0,251.9,29.0,244.0,6.0,110.0,85.0,0.4389419095864008,241.0,247.0,195,25.0,49.0,0.13,247.0,2.0
07:31:12,241.15,82.0,247.0,56.0,240.19,67.0,252.38,32.0,244.07,5.849999999999994,149.0,88.0,0.432758593203368,241.15,247.0,237,61.0,42.0,0.26,247.0,
07:31:13,242.88,33.0,246.57,53.0,240.17,96.0,248.77,52.0,244.72,3.6899999999999977,129.0,105.0,0.3523492585367223,242.88,246.57,234,24.0,-3.0,0.1,245.75,4.0
07:31:14,241.76,50.0,247.0,68.0,237.72,54.0,252.57,70.0,244.38,5.240000000000009,104.0,138.0,0.3043846250903185,241.76,247.0,242,-34.0,8.0,-0.14,245.75,
07:31:15,242.0,24.0,247.0,24.0,240.0,6.0,252.0,30.0,244.5,5.0,30.0,54.0,0.2999666648002295,242.0,247.0,84,-24.0,-158.0,-0.29,245.75,
07:31:16,242.14,28.0,247.0,40.0,241.45,22.0,252.0,50.0,244.57,4.860000000000014,50.0,90.0,0.2444790379385942,242.14,247.0,140,-40.0,56.0,-0.29,245.75,
07:31:17,244.18,11.0,247.0,44.0,241.21,38.0,252.0,55.0,245.59,2.819999999999993,49.0,99.0,0.4843242715282808,244.18,247.0,148,-50.0,8.0,-0.34,245.75,
07:31:18,245.4,15.0,247.0,33.0,237.34,73.0,252.0,55.0,246.2,1.5999999999999943,88.0,88.0,0.8055867426859722,245.4,247.0,176,0.0,28.0,0.0,247.0,1.0
07:31:19,246.0,31.0,247.0,34.0,237.67,43.0,252.0,65.0,246.5,1.0,74.0,99.0,0.9163896551093254,246.0,247.0,173,-25.0,-3.0,-0.14,246.33,3.0
07:31:20,241.95,19.0,251.25,53.0,235.87,60.0,253.29,56.0,246.6,9.300000000000011,79.0,109.0,0.8373589433399413,241.95,251.25,188,-30.0,15.0,-0.16,247.0,3.0
07:31:21,238.0,30.0,252.0,60.0,235.82,44.0,254.0,48.0,245.0,14.0,74.0,108.0,0.6737358532773675,238.0,252.0,182,-34.0,-6.0,-0.19,247.0,
07:31:22,238.0,16.0,254.0,12.0,236.0,16.0,257.0,20.0,246.0,16.0,32.0,32.0,0.6387487769001057,238.0,254.0,64,0.0,-118.0,0.0,252.33,6.0
07:31:23,238.6,60.0,254.0,39.0,236.65,65.0,257.0,70.0,246.3,15.400000000000006,125.0,109.0,0.645755371631845,238.6,254.0,234,16.0,165.5,0.07,252.33,
07:31:24,250.0,13.0,253.38,26.0,238.0,91.0,255.83,41.0,251.69,3.3799999999999955,104.0,67.0,2.62566562989108,250.0,253.38,171,37.0,-63.0,0.22,252.33,
07:31:25,238.57,21.0,254.0,22.0,236.04,92.0,255.29,31.0,246.29,15.430000000000009,113.0,53.0,2.6445472202234024,238.57,254.0,166,60.0,-5.0,0.36,250.0,1.0
07:31:26,244.15,26.0,255.0,14.0,236.24,33.0,256.0,35.0,249.58,10.849999999999994,59.0,49.0,2.545716009297051,244.15000000000003,255.0,108,10.0,-58.0,0.09,250.0,
07:31:27,248.0,64.0,255.0,16.0,238.0,16.0,256.0,40.0,251.5,7.0,80.0,56.0,2.666021380257723,248.0,255.0,136,24.0,28.0,0.18,250.0,
07:31:28,248.14,28.0,255.0,8.0,243.71,14.0,256.0,20.0,251.57,6.860000000000014,42.0,28.0,2.3147418862567224,248.14,255.0,70,14.0,-66.0,0.2,250.0,
07:31:29,249.38,64.0,255.0,32.0,247.69,116.0,256.0,80.0,252.19,5.6200000000000045,180.0,112.0,2.408117522047323,249.38,255.0,292,68.0,165.5,0.23,250.0,
07:31:30,250.73,60.0,255.0,30.0,239.0,75.0,256.69,39.0,252.87,4.27000000000001,135.0,69.0,1.2283606962091382,250.73,255.0,204,66.0,-88.0,0.32,250.0,
07:31:31,253.0,38.0,255.0,32.0,242.14,110.0,258.33,18.0,254.0,2.0,148.0,50.0,1.039293028934314,253.0,255.0,198,98.0,-6.0,0.49,253.0,2.0
07:31:32,253.0,17.0,254.77,13.0,242.29,63.0,255.93,27.0,253.88,1.7700000000000102,80.0,40.0,1.054073052492796,253.0,254.77,120,40.0,-78.0,0.33,253.0,1.0
07:31:33,253.7,20.0,256.0,60.0,241.18,55.0,258.0,15.0,254.85,2.300000000000012,75.0,75.0,1.0383978043079105,253.7,256.0,150,0.0,30.0,0.0,253.0,
07:31:34,254.57,23.0,256.0,39.0,244.25,24.0,258.0,14.0,255.28,1.4300000000000068,47.0,53.0,0.9350561480421964,254.57,256.0,100,-6.0,-50.0,-0.06,256.0,3.0
07:31:35,253.0,13.0,256.0,13.0,239.4,50.0,258.0,13.0,254.5,3.0,63.0,26.0,0.5842259836668673,253.0,256.0,89,37.0,-11.0,0.42,256.0,
07:31:36,253.0,12.0,254.51,35.0,239.0,60.0,255.62,24.0,253.76,1.509999999999991,72.0,59.0,0.6427129997063404,253.0,254.51,131,13.0,42.0,0.1,253.0,1.0
07:31:37,246.03,35.0,252.77,62.0,240.61,49.0,254.37,41.0,249.4,6.740000000000009,84.0,103.0,2.390171541959187,246.03,252.77,187,-19.0,56.0,-0.1,248.0,2.0
07:31:38,241.08,26.0,248.94,51.0,240.2,15.0,252.3,30.0,245.01,7.859999999999985,41.0,81.0,4.326823315088292,241.08,248.94,122,-40.0,-65.0,-0.33,241.67,3.0
07:31:39,241.0,30.0,243.0,42.0,240.0,15.0,244.24,59.0,242.0,2.0,45.0,101.0,5.430605859385465,241.0,243.0,146,-56.0,24.0,-0.38,242.33,6.0
07:31:40,241.0,22.0,243.0,11.0,240.0,11.0,244.0,44.0,242.0,2.0,33.0,55.0,5.094504882713518,241.0,243.0,88,-22.0,-58.0,-0.25,242.33,
07:31:41,241.15,26.0,243.0,12.0,238.57,21.0,244.0,48.0,242.08,1.8499999999999943,47.0,60.0,3.233360480984453,241.15000000000003,243.0,107,-13.0,19.0,-0.12,242.33,
07:31:42,242.0,24.0,243.0,6.0,238.6,20.0,244.0,24.0,242.5,1.0,44.0,30.0,1.2979676421205686,242.0,243.0,74,14.0,-33.0,0.19,242.33,
07:31:43,240.17,41.0,242.24,21.0,236.4,47.0,244.31,52.0,241.2,2.0700000000000216,88.0,73.0,0.4708290560193701,240.17,242.24,161,15.0,87.0,0.09,243.0,1.0
07:31:44,240.25,48.0,244.0,64.0,238.0,40.0,245.0,118.0,242.12,3.75,88.0,182.0,0.4766550115042225,240.25,244.0,270,-94.0,109.0,-0.35,243.0,
07:31:45,242.0,42.0,244.0,56.0,238.0,28.0,245.0,112.0,243.0,2.0,70.0,168.0,0.6612110101866758,242.0,244.0,238,-98.0,-32.0,-0.41,243.0,
07:31:46,239.86,29.0,244.0,32.0,233.0,22.0,245.0,88.0,241.93,4.139999999999986,51.0,120.0,0.6702238431987366,239.86,244.0,171,-69.0,-67.0,-0.4,244.0,3.0
07:31:47,234.55,22.0,244.0,11.0,231.36,22.0,245.0,88.0,239.27,9.449999999999989,44.0,99.0,1.4037556767443775,234.55,244.0,143,-55.0,-28.0,-0.38,244.0,
07:31:48,240.92,128.0,244.0,15.0,235.07,30.0,245.0,120.0,242.46,3.0800000000000125,158.0,135.0,1.4479399158777522,240.92,244.0,293,23.0,150.0,0.08,244.0,
07:31:49,241.36,56.0,244.38,21.0,240.16,98.0,245.05,105.0,242.87,3.019999999999982,154.0,126.0,1.5315123244662685,241.36,244.38,280,28.0,-13.0,0.1,244.5,2.0
07:31:50,243.28,36.0,245.0,152.0,236.55,131.0,250.84,19.0,244.14,1.7199999999999989,167.0,171.0,1.7969501940766388,243.28,245.0,338,-4.0,58.0,-0.01,244.0,2.0
07:31:51,235.06,77.0,245.0,104.0,234.48,61.0,246.28,43.0,240.03,9.939999999999998,138.0,147.0,2.0358855567030423,235.06,245.0,285,-9.0,-53.0,-0.03,244.0,
07:31:52,235.0,81.0,245.0,66.0,234.0,18.0,246.0,36.0,240.0,10.0,99.0,102.0,1.828865768718984,235.0,245.0,201,-3.0,-84.0,-0.01,245.0,1.0
07:31:53,236.78,46.0,245.0,75.0,235.53,55.0,246.0,60.0,240.89,8.219999999999999,101.0,135.0,1.8434017467692925,236.78,245.0,236,-34.0,35.0,-0.14,245.0,3.0
07:31:54,239.31,26.0,244.56,57.0,236.0,39.0,245.62,52.0,241.93,5.25,65.0,109.0,1.7237662254470787,239.31,244.56,174,-44.0,-62.0,-0.25,245.0,
07:31:55,241.92,64.0,244.0,85.0,240.67,108.0,245.0,68.0,242.96,2.0800000000000125,172.0,153.0,1.277524950829569,241.92,244.0,325,19.0,151.0,0.06,245.0,
07:31:56,243.07,45.0,244.42,57.0,239.29,126.0,245.4,60.0,243.74,1.3499999999999943,171.0,117.0,1.5116315688659414,243.07,244.42,288,54.0,-37.0,0.19,244.0,5.0
07:31:57,237.6,117.0,245.28,65.0,236.42,97.0,246.69,42.0,241.44,7.680000000000007,214.0,107.0,1.152766238225302,237.6,245.28,321,107.0,33.0,0.33,245.0,4.0
07:31:58,240.71,70.0,243.0,68.0,234.23,101.0,246.0,56.0,241.86,2.289999999999992,171.0,124.0,0.9410526021387424,240.71,243.0,295,47.0,-26.0,0.16,243.0,2.0
07:31:59,232.6,30.0,245.11,36.0,231.95,41.0,246.75,32.0,238.86,12.51000000000002,71.0,68.0,1.862933171101988,232.6,245.11,139,3.0,-156.0,0.02,243.0,3.0
07:32:00,234.87,30.0,240.38,26.0,231.68,57.0,246.66,58.0,237.63,5.509999999999991,87.0,84.0,2.4466875566757924,234.87,240.38,171,3.0,32.0,0.02,245.64,14.0
07:32:01,231.33,24.0,249.0,10.0,230.04,92.0,250.0,20.0,240.17,17.669999999999987,116.0,30.0,1.7662304492880232,231.33,249.0,146,86.0,-25.0,0.59,245.64,
07:32:02,234.97,152.0,246.71,69.0,231.82,61.0,248.21,34.0,240.84,11.740000000000007,213.0,103.0,1.6604728242257334,234.97000000000003,246.71000000000004,316,110.0,165.5,0.35,245.0,4.0
07:32:03,236.88,128.0,243.87,38.0,235.0,176.0,244.44,27.0,240.37,6.990000000000009,304.0,65.0,1.311537265956319,236.88,243.87,369,239.0,53.0,0.65,245.0,
07:32:04,237.0,228.0,243.38,26.0,235.0,61.0,245.0,40.0,240.19,6.379999999999996,289.0,66.0,1.2645552577851942,237.0,243.38,355,223.0,-14.0,0.63,243.33,3.0
07:32:05,237.06,127.0,244.0,16.0,235.72,25.0,248.0,16.0,240.53,6.939999999999998,152.0,32.0,0.2767670500478027,237.06,244.0,184,120.0,-166.5,0.65,243.33,
07:32:06,238.18,134.0,244.0,20.0,236.65,48.0,248.0,20.0,241.09,5.819999999999993,182.0,40.0,0.3617734097361992,238.18,244.0,222,142.0,38.0,0.64,243.33,
07:32:07,239.0,80.0,244.0,20.0,237.1,90.0,248.0,20.0,241.5,5.0,170.0,40.0,0.5439485269693722,239.0,244.0,210,130.0,-12.0,0.62,243.33,
07:32:08,239.0,88.0,244.0,22.0,237.0,99.0,248.0,22.0,241.5,5.0,187.0,44.0,0.5869156668484344,239.0,244.0,231,143.0,21.0,0.62,243.33,
07:32:09,240.72,50.0,243.0,30.0,239.73,71.0,244.0,20.0,241.86,2.280000000000001,121.0,50.0,0.5075726548900443,240.72,243.0,171,71.0,-60.0,0.42,243.33,
07:32:10,241.21,96.0,243.52,27.0,239.15,96.0,244.24,51.0,242.36,2.3100000000000023,192.0,78.0,0.4759411728271924,241.21,243.52,270,114.0,99.0,0.42,243.0,3.0
07:32:11,241.88,56.0,244.0,56.0,237.82,62.0,247.0,16.0,242.94,2.1200000000000045,118.0,72.0,0.6179967637391937,241.88,244.0,190,46.0,-80.0,0.24,243.0,
07:32:12,242.22,54.0,244.0,20.0,237.05,40.0,247.0,16.0,243.11,1.7800000000000011,94.0,36.0,0.6870807812711042,242.22,244.0,130,58.0,-60.0,0.45,244.0,6.0
07:32:13,239.73,105.0,244.8,15.0,233.75,72.0,246.57,21.0,242.27,5.070000000000022,177.0,36.0,0.5117323519107455,239.73,244.8,213,141.0,83.0,0.66,244.0,1.0
07:32:14,237.12,48.0,242.0,14.0,234.0,72.0,246.86,14.0,239.56,4.879999999999996,120.0,28.0,1.437035142225865,237.12,242.0,148,92.0,-65.0,0.62,244.0,
07:32:15,230.78,59.0,244.59,41.0,226.35,37.0,246.67,21.0,237.68,13.810000000000002,96.0,62.0,2.390704916963214,230.78,244.59,158,34.0,10.0,0.22,239.0,4.0
07:32:16,237.88,32.0,245.0,80.0,233.31,26.0,246.0,16.0,241.44,7.1200000000000045,58.0,96.0,2.189627822254752,237.88,245.0,154,-38.0,-4.0,-0.25,239.0,
07:32:17,240.33,30.0,245.0,103.0,235.0,15.0,246.0,15.0,242.67,4.669999999999988,45.0,118.0,2.080295652062959,240.33,245.0,163,-73.0,9.0,-0.45,239.0,
07:32:18,243.08,78.0,245.02,94.0,238.16,31.0,246.5,28.0,244.05,1.9399999999999975,109.0,122.0,2.517389520910902,243.08,245.02,231,-13.0,68.0,-0.06,245.0,7.0
07:32:19,236.73,45.0,246.0,13.0,234.5,28.0,247.0,91.0,241.37,9.27000000000001,73.0,104.0,2.3699936708759357,236.73,246.0,177,-31.0,-54.0,-0.18,245.0,
07:32:20,239.11,18.0,340.51,61.0,236.43,14.0,428.4,58.0,289.81,101.39999999999998,32.0,119.0,21.238354926876774,239.11,340.51,151,-87.0,-26.0,-0.58,247.11,9.0
07:32:21,244.84,25.0,263.53,68.0,242.85,27.0,318.63,43.0,254.18,18.68999999999997,52.0,111.0,20.423096728948583,244.84,263.53,163,-59.0,12.0,-0.36,245.83,6.0
07:32:22,246.93,30.0,474.25,44.0,244.29,17.0,603.62,21.0,360.59,227.32,47.0,65.0,50.055808853718325,246.93,474.25,112,-18.0,-51.0,-0.16,247.0,3.0
07:32:23,249.07,29.0,313.0,10.0,245.41,44.0,520.91,11.0,281.03,63.93000000000001,73.0,21.0,46.3826754295177,249.07,313.0,94,52.0,-18.0,0.55,247.0,
07:32:24,251.0,30.0,349.0,18.0,247.45,55.0,562.92,13.0,300.0,98.0,85.0,31.0,39.347500174724985,251.0,349.0,116,54.0,22.0,0.47,251.0,1.0
07:32:25,251.0,23.0,409.74,38.0,250.0,50.0,447.43,28.0,330.37,158.74,73.0,66.0,41.580778371742646,251.0,409.74,139,7.0,23.0,0.05,251.0,1.0
07:32:26,251.0,26.0,354.31,32.0,250.0,182.0,542.32,31.0,302.66,103.31,208.0,63.0,31.007648250068545,251.0,354.31,271,145.0,132.0,0.54,251.0,
07:32:27,251.0,14.0,392.71,7.0,250.0,98.0,649.36,11.0,321.86,141.70999999999998,112.0,18.0,19.42346338838627,251.0,392.71,130,94.0,-141.0,0.72,251.0,
07:32:28,254.71,42.0,322.11,70.0,254.13,62.0,384.92,49.0,288.41,67.4,104.0,119.0,17.07792581082318,254.71,322.11,223,-15.0,93.0,-0.07,251.0,
07:32:29,256.67,24.0,272.17,48.0,255.0,72.0,302.41,29.0,264.42,15.5,96.0,77.0,26.436796893723397,256.67,272.17,173,19.0,-50.0,0.11,251.0,
07:32:30,256.63,27.0,270.08,48.0,255.05,55.0,280.0,24.0,263.36,13.449999999999989,82.0,72.0,25.122840603721308,256.63,270.08,154,10.0,-19.0,0.06,256.2,5.0
07:32:31,255.0,61.0,268.17,23.0,252.0,8.0,271.79,19.0,261.59,13.170000000000016,69.0,42.0,25.891677620424517,255.0,268.17,111,27.0,-43.0,0.24,256.2,
07:32:32,255.0,48.0,267.0,24.0,252.0,6.0,268.0,6.0,261.0,12.0,54.0,30.0,11.626526996485088,255.0,267.0,84,24.0,-27.0,0.29,256.2,
07:32:33,255.0,72.0,266.0,36.0,252.0,9.0,268.0,9.0,260.5,11.0,81.0,45.0,1.6562548113134885,255.0,266.0,126,36.0,42.0,0.29,256.2,
07:32:34,255.0,72.0,266.0,36.0,252.0,9.0,268.0,9.0,260.5,11.0,81.0,45.0,1.1892434569924903,255.0,266.0,126,36.0,0.0,0.29,256.2,
07:32:35,255.0,72.0,264.41,22.0,252.0,13.0,266.02,43.0,259.7,9.410000000000023,85.0,65.0,0.6987989696613903,255.0,264.41,150,20.0,24.0,0.13,255.0,7.0
07:32:36,255.0,9.0,260.53,30.0,252.0,9.0,261.53,15.0,257.77,5.529999999999973,18.0,45.0,1.2754136583870384,255.0,260.53,63,-27.0,-87.0,-0.43,255.0,
07:32:37,252.4,15.0,258.14,21.0,250.2,25.0,258.33,24.0,255.27,5.739999999999981,40.0,45.0,2.24155526365082,252.4,258.14,85,-5.0,22.0,-0.06,251.6,5.0
07:32:38,251.48,54.0,255.53,30.0,249.68,56.0,257.8,30.0,253.51,4.050000000000011,110.0,60.0,2.945055177751549,251.48,255.53,170,50.0,85.0,0.29,251.6,
07:32:39,252.0,40.0,254.0,40.0,250.0,30.0,257.0,10.0,253.0,2.0,70.0,50.0,2.847955406954561,252.0,254.0,120,20.0,-50.0,0.17,251.6,
07:32:40,251.6,40.0,253.0,18.0,249.09,44.0,254.05,42.0,252.3,1.4000000000000057,84.0,60.0,2.194960136312777,251.6,253.0,144,24.0,24.0,0.17,251.6,5.0
07:32:41,250.37,41.0,251.4,60.0,248.22,73.0,253.76,50.0,250.88,1.0300000000000011,114.0,110.0,1.6122251703787127,250.37,251.4,224,4.0,80.0,0.02,251.0,5.0
07:32:42,249.02,43.0,314.19,47.0,247.7,60.0,506.4,20.0,281.61,65.16999999999999,103.0,67.0,13.090441169036334,249.02,314.19,170,36.0,-54.0,0.21,251.0,5.0
07:32:43,248.0,27.0,310.0,24.0,245.82,17.0,781.0,8.0,279.0,62.0,44.0,32.0,15.516730325683962,248.0,310.0,76,12.0,-94.0,0.16,248.0,1.0
07:32:44,248.0,15.0,284.33,15.0,246.0,10.0,446.0,7.0,266.17,36.329999999999984,25.0,22.0,14.39622415774358,248.0,284.33,47,3.0,-29.0,0.06,248.0,
07:32:45,247.85,26.0,262.0,36.0,245.55,29.0,309.0,9.0,254.92,14.150000000000006,55.0,45.0,13.808969186727875,247.85,262.0,100,10.0,53.0,0.1,248.0,3.0
07:32:46,246.0,16.0,261.36,11.0,245.0,112.0,264.31,29.0,253.68,15.360000000000014,128.0,40.0,13.052403226992327,246.0,261.36,168,88.0,68.0,0.52,248.0,
07:32:47,246.0,16.0,260.12,8.0,245.0,136.0,287.78,27.0,253.06,14.120000000000005,152.0,35.0,11.221090856062116,246.0,260.12,187,117.0,19.0,0.63,248.0,
07:32:48,248.06,35.0,260.0,13.0,245.58,110.0,467.27,15.0,254.03,11.939999999999998,145.0,28.0,5.518384727436271,248.06,260.0,173,117.0,-14.0,0.68,248.0,
07:32:49,250.15,53.0,259.06,17.0,248.32,82.0,279.1,29.0,254.6,8.909999999999997,135.0,46.0,0.7376449010209287,250.15,259.06,181,89.0,8.0,0.49,248.0,
07:32:50,250.7,57.0,259.0,16.0,249.66,41.0,270.0,48.0,254.85,8.300000000000011,98.0,64.0,0.717586231753497,250.7,259.0,162,34.0,-19.0,0.21,252.0,4.0
07:32:51,250.0,19.0,259.0,9.0,248.14,28.0,278.17,23.0,254.5,9.0,47.0,32.0,0.707226979124927,250.0,259.0,79,15.0,-83.0,0.19,250.0,1.0
07:32:52,250.0,28.0,255.58,26.0,248.0,28.0,284.07,14.0,252.79,5.5800000000000125,56.0,40.0,0.8183703318193912,250.0,255.58,96,16.0,17.0,0.17,250.0,
07:32:53,250.0,16.0,254.0,32.0,248.0,28.0,259.0,8.0,252.0,4.0,44.0,40.0,1.272701850396314,250.0,254.0,84,4.0,-12.0,0.05,250.0,
07:32:54,250.0,22.0,253.53,32.0,248.0,55.0,254.37,38.0,251.77,3.530000000000001,77.0,70.0,1.4198485834772043,250.0,253.53,147,7.0,63.0,0.05,250.0,
07:32:55,249.41,17.0,251.0,7.0,247.36,44.0,268.33,27.0,250.21,1.5900000000000034,61.0,34.0,1.5659278399729195,249.41000000000005,251.0,95,27.0,-52.0,0.28,250.0,2.0
07:32:56,248.0,24.0,250.85,13.0,246.0,168.0,387.96,46.0,249.42,2.8499999999999943,192.0,59.0,1.3815100433953855,248.0,250.85,251,133.0,156.0,0.53,248.0,4.0
07:32:57,246.08,96.0,250.6,10.0,243.58,101.0,377.0,20.0,248.34,4.519999999999982,197.0,30.0,1.554306919498966,246.08,250.6,227,167.0,-24.0,0.74,248.0,5.0
07:32:58,246.58,125.0,346.23,31.0,241.11,74.0,412.54,13.0,296.4,99.65,199.0,44.0,20.81735501931025,246.58,346.23,243,155.0,16.0,0.64,253.67,3.0
07:32:59,246.0,104.0,262.66,38.0,225.82,51.0,532.17,40.0,254.33,16.660000000000025,155.0,78.0,20.618602037965665,246.0,262.66,233,77.0,-10.0,0.33,246.0,5.0
07:33:00,246.48,63.0,260.23,13.0,224.29,89.0,375.13,23.0,253.35,13.750000000000028,152.0,36.0,20.301147011930183,246.48,260.23,188,116.0,-45.0,0.62,246.0,4.0
07:33:01,250.15,27.0,260.0,10.0,248.91,23.0,381.6,10.0,255.07,9.849999999999994,50.0,20.0,19.687380983767287,250.15,260.0,70,30.0,-118.0,0.43,246.0,
07:33:02,252.7,20.0,258.14,14.0,251.43,28.0,329.5,28.0,255.42,5.439999999999998,48.0,42.0,18.736032931226447,252.7,258.14,90,6.0,20.0,0.07,246.0,
07:33:03,253.39,18.0,262.91,11.0,251.55,22.0,443.0,33.0,258.15,9.52000000000004,40.0,44.0,1.7976874033051662,253.39,262.91,84,-4.0,-6.0,-0.05,255.0,1.0
07:33:04,253.0,12.0,322.0,6.0,250.0,12.0,428.5,14.0,287.5,69.0,24.0,20.0,14.414959937509453,253.0,322.0,44,4.0,-40.0,0.09,255.0,
07:33:05,253.0,14.0,320.87,31.0,250.0,14.0,322.57,7.0,286.94,67.87,28.0,38.0,17.026010395862055,253.0,320.87,66,-10.0,22.0,-0.15,255.0,
07:33:06,253.0,24.0,314.3,44.0,250.0,24.0,320.89,28.0,283.65,61.30000000000001,48.0,72.0,16.114464620334203,253.0,314.3,120,-24.0,54.0,-0.2,255.0,
07:33:07,248.82,17.0,312.73,75.0,246.35,37.0,437.32,19.0,280.78,63.910000000000025,54.0,94.0,12.185964467369931,248.82,312.73,148,-40.0,28.0,-0.27,249.71,7.0
07:33:08,247.0,11.0,310.94,51.0,244.0,22.0,434.72,29.0,278.97,63.94,33.0,80.0,3.733372470033274,247.0,310.94,113,-47.0,-35.0,-0.42,249.71,
07:33:09,237.02,43.0,277.24,33.0,237.61,23.0,307.33,45.0,257.13,40.22,66.0,78.0,11.777012779138946,237.02,277.24,144,-12.0,31.0,-0.08,245.0,3.0
07:33:10,219.43,109.0,274.23,43.0,161.61,61.0,299.52,23.0,246.83,54.80000000000001,170.0,66.0,16.462713020641562,219.43,274.23,236,104.0,92.0,0.44,245.0,
07:33:16,217.26,19.0,242.62,16.0,205.96,26.0,244.0,32.0,229.94,25.360000000000014,45.0,48.0,7.027478210567804,217.26,242.62,93,-3.0,-11.0,-0.03,245.0,
07:33:17,231.0,18.0,241.91,22.0,229.44,36.0,244.0,44.0,236.45,10.909999999999997,54.0,66.0,9.039887720541945,231.0,241.91,120,-12.0,27.0,-0.1,245.0,
07:33:18,237.45,40.0,244.28,25.0,236.62,48.0,245.16,129.0,240.87,6.8300000000000125,88.0,154.0,11.128494058047792,237.45,244.28,242,-66.0,122.0,-0.27,244.2,15.0
07:33:19,243.54,26.0,245.91,44.0,201.19,31.0,246.31,29.0,244.72,2.3700000000000045,57.0,73.0,10.49906329155152,243.54,245.91,130,-16.0,-112.0,-0.12,244.83,6.0
07:33:20,243.73,22.0,302.4,40.0,98.4,15.0,528.45,22.0,273.06,58.66999999999999,37.0,62.0,16.616292306047217,243.73,302.4,99,-25.0,-31.0,-0.25,245.0,7.0
07:33:21,255.23,22.0,342.57,46.0,250.81,21.0,501.67,36.0,298.9,87.34,43.0,82.0,26.601745243498645,255.23,342.57,125,-39.0,26.0,-0.31,255.0,1.0
07:33:22,254.8,15.0,468.38,37.0,254.09,22.0,536.31,35.0,361.59,213.58,37.0,72.0,49.40867605997958,254.8,468.38000000000005,109,-35.0,-16.0,-0.32,254.4,5.0
07:33:23,253.0,27.0,436.14,28.0,250.0,26.0,554.17,29.0,344.57,183.14,53.0,57.0,48.62697780039386,253.0,436.14,110,-4.0,1.0,-0.04,254.4,
07:33:25,251.59,34.0,457.57,37.0,248.29,28.0,484.81,37.0,354.58,205.98,62.0,74.0,36.65500470604246,251.59,457.57,136,-12.0,33.0,-0.09,253.0,3.0
07:33:26,252.92,36.0,328.77,26.0,250.0,24.0,381.28,36.0,290.84,75.85,60.0,62.0,39.636989416452856,252.92,328.77000000000004,122,-2.0,-14.0,-0.02,253.0,
07:33:27,254.0,15.0,281.0,28.0,246.4,20.0,351.0,21.0,267.5,27.0,35.0,49.0,53.110264732912015,254.0,281.0,84,-14.0,-38.0,-0.17,253.75,4.0
07:33:28,250.67,6.0,280.86,14.0,245.2,10.0,329.46,13.0,265.76,30.190000000000023,16.0,27.0,59.62954200729701,250.67,280.86,43,-11.0,-41.0,-0.26,253.75,
07:33:29,251.93,28.0,278.29,34.0,250.0,14.0,280.14,43.0,265.11,26.360000000000014,42.0,77.0,38.330499866294495,251.93,278.29,119,-35.0,76.0,-0.29,253.75,
07:33:30,249.54,26.0,274.28,29.0,247.27,11.0,275.46,26.0,261.91,24.73999999999998,37.0,55.0,11.700881590718064,249.54,274.28,92,-18.0,-27.0,-0.2,251.33,3.0
07:33:31,244.0,44.0,273.45,33.0,218.38,13.0,275.0,22.0,258.73,29.44999999999999,57.0,55.0,3.48298291698449,244.0,273.45,112,2.0,20.0,0.02,251.33,
07:33:32,248.46,39.0,272.4,30.0,233.8,25.0,275.0,20.0,260.43,23.93999999999997,64.0,50.0,3.0092723372945,248.46,272.4,114,14.0,2.0,0.12,251.33,
07:33:33,250.29,42.0,270.0,36.0,245.82,33.0,275.0,24.0,260.14,19.710000000000008,75.0,60.0,2.4284315926140616,250.29,270.0,135,15.0,21.0,0.11,250.0,5.0
07:33:34,246.0,32.0,267.85,53.0,245.0,36.0,269.71,48.0,256.92,21.850000000000023,68.0,101.0,1.887625492518638,246.0,267.85,169,-33.0,34.0,-0.2,250.0,
07:33:35,246.33,30.0,261.66,32.0,245.29,34.0,263.82,39.0,253.99,15.330000000000013,64.0,71.0,2.6577753855445234,246.33,261.66,135,-7.0,-34.0,-0.05,250.0,
07:33:36,247.38,32.0,256.9,29.0,246.23,26.0,259.03,29.0,252.14,9.519999999999982,58.0,58.0,3.671842861562347,247.38,256.9,116,0.0,-19.0,0.0,250.0,
07:33:37,250.5,16.0,254.0,24.0,248.22,36.0,254.92,48.0,252.25,3.5,52.0,72.0,3.421603425297314,250.5,254.0,124,-20.0,8.0,-0.16,252.0,1.0
07:33:38,248.86,22.0,253.67,30.0,247.33,21.0,254.93,54.0,251.27,4.809999999999974,43.0,84.0,2.2443551412390828,248.86,253.67,127,-41.0,3.0,-0.32,250.0,3.0
07:33:39,243.54,35.0,252.53,64.0,186.37,27.0,253.29,56.0,248.04,8.990000000000009,62.0,120.0,2.190289935147,243.54,252.53,182,-58.0,55.0,-0.32,247.0,4.0
07:33:40,242.63,27.0,248.74,47.0,204.29,35.0,252.84,73.0,245.69,6.110000000000014,62.0,120.0,2.8982011662419467,242.63,248.74,182,-58.0,0.0,-0.32,246.0,1.0
07:33:41,239.0,14.0,240.0,22.0,218.0,21.0,241.0,14.0,239.5,1.0,35.0,36.0,5.10466943102158,239.0,240.0,71,-1.0,-111.0,-0.01,240.0,4.0
07:33:42,239.0,12.0,240.0,6.0,58.67,18.0,241.0,12.0,239.5,1.0,30.0,18.0,5.228063695098424,239.0,240.0,48,12.0,-23.0,0.25,240.0,
07:33:43,239.0,16.0,240.0,8.0,217.0,24.0,241.0,16.0,239.5,1.0,40.0,24.0,4.118650264347068,239.0,240.0,64,16.0,16.0,0.25,240.0,
07:33:44,239.0,20.0,241.43,14.0,217.0,30.0,241.57,21.0,240.21,2.430000000000007,50.0,35.0,2.7063905852641126,239.0,241.43,85,15.0,21.0,0.18,240.67,3.0
07:33:45,239.0,14.0,244.67,24.0,173.0,17.0,245.95,19.0,241.83,5.669999999999988,31.0,43.0,1.0105295641426284,239.0,244.67,74,-12.0,-11.0,-0.16,240.67,
07:33:46,239.91,88.0,316.25,28.0,229.0,20.0,335.38,40.0,278.08,76.34,108.0,68.0,16.940369830673866,239.91,316.25,176,40.0,102.0,0.23,246.25,8.0
07:33:47,242.5,16.0,244.67,12.0,236.96,25.0,406.56,9.0,243.58,2.1699999999999875,41.0,21.0,16.532527030070302,242.5,244.67,62,20.0,-114.0,0.32,243.0,2.0
07:33:48,245.61,69.0,249.24,17.0,243.27,48.0,532.61,46.0,247.42,3.629999999999996,117.0,63.0,15.801117998420397,245.61,249.24,180,54.0,118.0,0.3,245.0,2.0
07:33:49,249.14,74.0,253.0,10.0,238.0,10.0,294.45,44.0,251.07,3.8600000000000136,84.0,54.0,14.79483795112352,249.14,253.0,138,30.0,-42.0,0.22,250.0,2.0
07:33:50,250.55,66.0,253.0,7.0,246.71,17.0,436.14,35.0,251.77,2.4499999999999886,83.0,42.0,13.643127573984078,250.55,253.0,125,41.0,-13.0,0.33,250.0,
07:33:51,251.8,60.0,279.24,25.0,248.05,55.0,385.0,40.0,265.52,27.44,115.0,65.0,8.299082479407291,251.8,279.24,180,50.0,55.0,0.28,253.0,1.0
07:33:52,255.44,251.0,359.64,80.0,252.65,79.0,477.97,75.0,307.54,104.2,330.0,155.0,24.937380175150803,255.44,359.64,485,175.0,165.5,0.36,255.25,4.0
07:33:53,257.0,126.0,418.13,30.0,255.67,45.0,569.56,27.0,337.57,161.13,171.0,57.0,38.34063288470863,257.0,418.13,228,114.0,-166.5,0.5,255.25,
07:33:54,257.0,83.0,383.3,27.0,256.0,35.0,510.91,11.0,320.15,126.3,118.0,38.0,36.49822529932104,257.0,383.3,156,80.0,-72.0,0.51,257.0,3.0
07:33:55,257.0,44.0,407.0,20.0,256.0,20.0,527.53,15.0,332.0,150.0,64.0,35.0,28.71839010111808,257.0,407.0,99,29.0,-57.0,0.29,257.0,
07:33:56,257.0,44.0,481.95,19.0,256.0,20.0,524.0,20.0,369.47,224.95,64.0,39.0,23.26306794040706,257.0,481.95,103,25.0,4.0,0.24,257.0,
07:33:59,257.0,99.0,495.04,47.0,256.0,55.0,581.5,50.0,376.02,238.04,154.0,97.0,20.57044554694884,257.0,495.04,251,57.0,5.0,0.23,257.0,
07:34:00,257.0,126.0,377.42,38.0,256.0,70.0,420.04,49.0,317.21,120.42000000000002,196.0,87.0,27.053636908925743,257.0,377.42,283,109.0,32.0,0.39,257.0,
07:34:01,256.14,70.0,258.0,14.0,255.29,34.0,389.15,20.0,257.07,1.8600000000000136,104.0,34.0,54.77755808723129,256.14,258.0,138,70.0,-145.0,0.51,257.0,4.0
07:34:02,256.0,45.0,278.56,9.0,255.0,39.0,440.4,30.0,267.28,22.56,84.0,39.0,58.191753109869495,256.0,278.56,123,45.0,-15.0,0.37,257.0,
07:34:03,256.0,40.0,288.88,8.0,255.0,40.0,304.5,8.0,272.44,32.879999999999995,80.0,16.0,49.3164306291525,256.0,288.88,96,64.0,-27.0,0.67,257.0,
07:34:04,256.0,61.0,257.36,14.0,255.0,70.0,290.0,14.0,256.68,1.3600000000000136,131.0,28.0,25.006053867014213,256.0,257.36,159,103.0,63.0,0.65,256.0,1.0
07:34:05,256.0,38.0,283.43,14.0,255.0,50.0,324.0,25.0,269.71,27.430000000000007,88.0,39.0,7.317460625108893,256.0,283.43,127,49.0,-32.0,0.39,256.5,2.0
07:34:06,256.0,33.0,327.62,42.0,255.0,55.0,336.45,33.0,291.81,71.62,88.0,75.0,12.78660744685696,256.0,327.62,163,13.0,36.0,0.08,256.5,
07:34:07,256.0,30.0,335.23,35.0,255.0,44.0,509.77,40.0,295.61,79.23000000000002,74.0,75.0,16.218783863163633,256.0,335.23,149,-1.0,-14.0,-0.01,256.0,1.0
07:34:08,256.0,19.0,334.96,48.0,255.0,35.0,380.25,48.0,295.48,78.95999999999998,54.0,96.0,17.714572249987192,256.0,334.96,150,-42.0,1.0,-0.28,256.0,1.0
07:34:09,256.0,11.0,334.0,55.0,255.0,44.0,439.44,45.0,295.0,78.0,55.0,100.0,11.183920153506785,256.0,334.0,155,-45.0,5.0,-0.29,256.0,
07:34:10,255.17,18.0,324.11,38.0,253.75,32.0,413.06,34.0,289.64,68.94000000000003,50.0,72.0,2.663544630753242,255.17,324.11,122,-22.0,-33.0,-0.18,255.5,2.0
07:34:11,254.67,18.0,299.67,24.0,252.82,22.0,334.0,30.0,277.17,45.00000000000003,40.0,54.0,7.898718250451439,254.67,299.67,94,-14.0,-28.0,-0.15,254.5,4.0
07:34:12,251.95,19.0,329.58,36.0,250.29,21.0,335.5,40.0,290.77,77.63,40.0,76.0,7.409606602243785,251.95,329.58,116,-36.0,22.0,-0.31,253.0,3.0
07:34:13,247.72,29.0,333.0,55.0,246.15,48.0,337.0,55.0,290.36,85.28,77.0,110.0,6.717370765412217,247.72,333.0,187,-33.0,71.0,-0.18,249.22,9.0
07:34:14,246.0,20.0,331.25,20.0,242.0,4.0,556.5,20.0,288.62,85.25,24.0,40.0,5.727972590717834,246.0,331.25,64,-16.0,-123.0,-0.25,249.22,
07:34:15,246.0,35.0,331.0,35.0,242.0,7.0,650.12,17.0,288.5,85.0,42.0,52.0,5.634059815090252,246.0,331.0,94,-10.0,30.0,-0.11,249.22,
07:34:16,244.64,36.0,330.0,40.0,216.69,16.0,583.18,22.0,287.32,85.36000000000001,52.0,62.0,1.4260364651771276,244.64,330.0,114,-10.0,20.0,-0.09,246.0,5.0
07:34:17,244.36,33.0,277.19,31.0,243.78,18.0,352.36,25.0,260.78,32.829999999999984,51.0,56.0,12.533231027951851,244.36,277.19,107,-5.0,-7.0,-0.05,246.0,
07:34:18,248.57,46.0,252.0,55.0,247.25,24.0,438.45,22.0,250.28,3.430000000000007,70.0,77.0,18.253585949068043,248.57,252.0,147,-7.0,40.0,-0.05,251.0,3.0
07:34:19,250.0,17.0,252.0,34.0,186.97,39.0,518.7,20.0,251.0,2.0,56.0,54.0,19.024591454220868,250.0,252.0,110,2.0,-37.0,0.02,252.0,4.0
07:34:20,244.78,18.0,250.83,12.0,162.38,63.0,322.5,16.0,247.81,6.050000000000011,81.0,28.0,16.351499013852315,244.78,250.83,109,53.0,-1.0,0.49,252.0,
07:34:21,247.09,22.0,250.0,11.0,244.0,11.0,366.43,14.0,248.55,2.9099999999999966,33.0,25.0,5.24419011859915,247.09000000000003,250.0,58,8.0,-51.0,0.14,252.0,
07:34:22,245.65,17.0,315.68,19.0,228.0,11.0,369.26,39.0,280.67,70.03,28.0,58.0,14.038649151539245,245.65,315.68,86,-30.0,28.0,-0.35,248.0,2.0
07:34:23,240.0,8.0,361.95,20.0,196.21,14.0,391.67,18.0,300.98,121.95,22.0,38.0,23.97390185180572,240.0,361.95,60,-16.0,-26.0,-0.27,248.0,
07:34:24,246.67,15.0,358.95,20.0,216.15,20.0,359.85,20.0,302.81,112.28,35.0,40.0,26.9843914142975,246.67,358.95,75,-5.0,15.0,-0.07,248.0,
07:34:25,246.46,13.0,358.0,8.0,210.55,11.0,359.0,24.0,302.23,111.54,24.0,32.0,23.429731539221947,246.46,358.0,56,-8.0,-19.0,-0.14,250.0,2.0
07:34:26,248.3,20.0,353.65,26.0,243.69,13.0,358.0,14.0,300.98,105.34999999999997,33.0,40.0,9.460878923229622,248.3,353.65,73,-7.0,17.0,-0.1,250.0,
07:34:27,250.35,46.0,356.93,42.0,249.77,52.0,358.0,14.0,303.64,106.58,98.0,56.0,1.161623863395584,250.35,356.93,154,42.0,81.0,0.27,250.0,
07:34:28,251.14,14.0,277.0,15.0,250.06,32.0,332.0,13.0,264.07,25.860000000000014,46.0,28.0,17.17571919891598,251.14,277.0,74,18.0,-80.0,0.24,252.0,2.0
07:34:29,249.37,38.0,258.59,17.0,247.67,30.0,262.46,39.0,253.98,9.21999999999997,68.0,56.0,23.97908567898309,249.37,258.59,124,12.0,50.0,0.1,249.5,8.0
07:34:30,248.0,11.0,254.45,11.0,240.82,11.0,260.0,33.0,251.23,6.449999999999989,22.0,44.0,25.599249012422455,248.0,254.45,66,-22.0,-58.0,-0.33,249.5,
07:34:31,248.0,9.0,252.22,18.0,243.0,9.0,253.32,25.0,250.11,4.219999999999999,18.0,43.0,22.50502010663425,248.0,252.22,61,-25.0,-5.0,-0.41,249.5,
07:34:32,231.07,15.0,249.3,23.0,189.61,36.0,251.75,32.0,240.19,18.230000000000015,51.0,55.0,8.561704269595648,231.07,249.3,106,-4.0,45.0,-0.04,244.44,9.0
07:34:33,215.67,21.0,248.3,23.0,123.5,28.0,251.38,13.0,231.99,32.630000000000024,49.0,36.0,9.174851497436473,215.67,248.3,85,13.0,-21.0,0.15,243.67,3.0
07:34:34,225.3,27.0,242.68,22.0,211.0,23.0,243.82,44.0,233.99,17.379999999999995,50.0,66.0,8.907318339433722,225.3,242.68,116,-16.0,31.0,-0.14,243.67,
07:34:35,227.0,14.0,241.29,7.0,218.0,18.0,243.0,35.0,234.14,14.289999999999992,32.0,42.0,7.391087876626316,227.0,241.29,74,-10.0,-42.0,-0.14,243.67,
07:34:36,227.0,18.0,241.0,9.0,185.64,22.0,243.0,45.0,234.0,14.0,40.0,54.0,3.108885652450469,227.0,241.0,94,-14.0,20.0,-0.15,243.67,
07:34:37,227.0,34.0,242.0,56.0,169.57,42.0,243.56,72.0,234.5,15.0,76.0,128.0,0.9910751737443444,227.0,242.0,204,-52.0,110.0,-0.25,242.0,2.0
07:34:38,227.36,28.0,242.37,43.0,190.33,30.0,243.29,56.0,234.86,15.009999999999993,58.0,99.0,0.375925524555626,227.36,242.37,157,-41.0,-47.0,-0.26,242.0,1.0
07:34:39,228.0,16.0,243.0,32.0,216.0,16.0,244.0,32.0,235.5,15.0,32.0,64.0,0.6039867548319622,228.0,243.0,96,-32.0,-61.0,-0.33,242.0,2.0
07:34:40,229.1,20.0,243.0,40.0,193.71,28.0,244.0,40.0,236.05,13.900000000000006,48.0,80.0,0.8093948356719805,229.1,243.0,128,-32.0,32.0,-0.25,242.0,
07:34:41,238.88,24.0,243.0,32.0,230.0,16.0,244.0,32.0,240.94,4.1200000000000045,40.0,64.0,2.6230325960636782,238.88,243.0,104,-24.0,-24.0,-0.23,242.0,
07:34:42,232.15,26.0,243.0,48.0,212.7,20.0,244.0,48.0,237.58,10.849999999999994,46.0,96.0,2.428534537537524,232.15000000000003,243.0,142,-50.0,38.0,-0.35,242.0,
07:34:44,237.47,91.0,305.26,62.0,226.67,90.0,393.79,38.0,271.37,67.78999999999999,181.0,100.0,19.288769530481016,237.47,305.26,281,81.0,84.0,0.29,242.0,
07:34:45,252.0,88.0,281.65,51.0,251.0,90.0,319.29,35.0,266.82,29.649999999999977,178.0,86.0,22.103905084848996,252.0,281.65,264,92.0,-17.0,0.35,242.0,
07:34:46,253.5,60.0,309.0,33.0,252.13,67.0,354.0,44.0,281.25,55.5,127.0,77.0,26.318665429691016,253.5,309.0,204,50.0,-60.0,0.25,253.0,3.0
07:34:47,255.0,48.0,328.3,23.0,253.0,40.0,386.3,23.0,291.65,73.30000000000001,88.0,46.0,28.397806781510653,255.0,328.3,134,42.0,-70.0,0.31,253.0,
07:34:48,255.0,28.0,307.68,25.0,253.0,50.0,359.41,29.0,281.34,52.68000000000001,78.0,54.0,9.692895852118257,255.0,307.68,132,24.0,-2.0,0.18,255.0,4.0
07:34:49,255.0,16.0,318.9,40.0,253.0,50.0,544.9,10.0,286.95,63.89999999999998,66.0,50.0,9.330909387621928,255.0,318.9,116,16.0,-16.0,0.14,255.0,1.0
07:34:50,255.0,5.0,424.4,20.0,253.0,25.0,561.0,5.0,339.7,169.39999999999998,30.0,25.0,24.71252051086676,255.0,424.4,55,5.0,-61.0,0.09,255.0,
07:34:51,254.33,12.0,417.31,35.0,252.43,56.0,528.0,14.0,335.82,162.98,68.0,49.0,28.2661488356658,254.33,417.31,117,19.0,62.0,0.16,253.5,4.0
07:34:52,251.68,53.0,409.0,20.0,250.88,82.0,494.23,22.0,330.34,157.32,135.0,42.0,28.277781030342723,251.68,409.0,177,93.0,60.0,0.53,252.33,3.0
07:34:53,250.87,30.0,327.5,12.0,248.43,46.0,436.0,15.0,289.18,76.63,76.0,27.0,26.0891782162645,250.87,327.5,103,49.0,-74.0,0.48,250.88,8.0
07:34:54,250.0,10.0,324.9,20.0,248.0,90.0,328.0,10.0,287.45,74.89999999999998,100.0,30.0,25.948665090906125,250.0,324.9,130,70.0,27.0,0.54,250.88,
07:34:55,250.0,11.0,303.21,28.0,248.0,99.0,314.96,23.0,276.61,53.20999999999998,110.0,51.0,27.15687297904547,250.0,303.21,161,59.0,31.0,0.37,250.88,
07:34:56,250.88,24.0,298.4,20.0,248.41,34.0,315.3,30.0,274.64,47.51999999999998,58.0,50.0,22.562128224084045,250.88,298.4,108,8.0,-53.0,0.07,250.88,
07:34:57,252.75,24.0,297.25,16.0,250.0,8.0,351.0,24.0,275.0,44.5,32.0,40.0,7.129826786115555,252.75,297.25,72,-8.0,-36.0,-0.11,250.88,
07:34:58,254.89,28.0,296.2,20.0,251.89,19.0,351.0,30.0,275.55,41.31,47.0,50.0,5.417891656355905,254.89,296.2,97,-3.0,25.0,-0.03,255.0,2.0
07:34:59,253.75,16.0,293.84,19.0,252.18,22.0,477.31,13.0,273.8,40.089999999999975,38.0,32.0,1.0478788097920464,253.75,293.84,70,6.0,-27.0,0.09,254.0,3.0
07:35:00,248.0,44.0,287.39,23.0,243.0,22.0,290.79,19.0,267.7,39.38999999999999,66.0,42.0,3.215232495483242,248.0,287.39,108,24.0,38.0,0.22,251.0,4.0
07:35:01,248.43,56.0,278.71,14.0,245.14,28.0,287.13,30.0,263.57,30.279999999999973,84.0,44.0,5.257388134807206,248.43,278.71,128,40.0,20.0,0.31,251.0,
07:35:02,250.81,104.0,259.07,56.0,249.92,89.0,273.89,27.0,254.94,8.259999999999991,193.0,83.0,8.321332225071407,250.81,259.07,276,110.0,148.0,0.4,251.0,
07:35:03,253.09,88.0,256.18,39.0,252.08,65.0,257.73,44.0,254.64,3.0900000000000034,153.0,83.0,8.274714496586109,253.09000000000003,256.18,236,70.0,-40.0,0.3,253.67,3.0
07:35:04,253.0,45.0,276.09,22.0,248.26,35.0,268.14,29.0,264.55,23.08999999999997,80.0,51.0,5.942192356362468,253.0,276.09,131,29.0,-105.0,0.22,253.3,10.0
07:35:05,253.0,7.0,302.0,35.0,248.0,28.0,376.57,7.0,277.5,49.0,35.0,42.0,9.32500134048313,253.0,302.0,77,-7.0,-54.0,-0.09,253.3,
07:35:06,248.38,13.0,378.0,35.0,247.12,34.0,496.29,7.0,313.19,129.62,47.0,42.0,24.34201778817875,248.38,378.0,89,5.0,12.0,0.06,249.67,3.0
07:35:07,248.0,10.0,419.5,30.0,246.83,18.0,442.0,6.0,333.75,171.5,28.0,36.0,33.53358510508544,248.0,419.5,64,-8.0,-25.0,-0.12,248.0,1.0
07:35:08,248.0,7.0,340.47,17.0,246.0,7.0,345.7,20.0,294.24,92.47000000000004,14.0,37.0,27.62662719189599,248.0,340.47,51,-23.0,-13.0,-0.45,248.0,
07:35:09,248.0,8.0,339.0,8.0,246.0,8.0,340.0,32.0,293.5,91.0,16.0,40.0,21.593087551343974,248.0,339.0,56,-24.0,5.0,-0.43,248.0,
07:35:10,248.0,7.0,279.74,23.0,246.0,7.0,339.5,16.0,263.87,31.74000000000001,14.0,39.0,25.949097286803763,248.0,279.74,53,-25.0,-3.0,-0.47,248.0,
07:35:11,250.18,22.0,330.6,10.0,246.8,10.0,339.95,37.0,290.39,80.42000000000002,32.0,47.0,24.97301843990844,250.18,330.6,79,-15.0,26.0,-0.19,248.0,
07:35:12,244.6,75.0,335.23,22.0,242.86,28.0,336.17,58.0,289.91,90.63000000000002,103.0,80.0,12.725123575038774,244.6,335.23,183,23.0,104.0,0.13,249.67,6.0
07:35:13,243.15,41.0,330.79,28.0,242.52,29.0,332.45,22.0,286.97,87.64000000000001,70.0,50.0,11.997313032508895,243.15,330.79,120,20.0,-63.0,0.17,249.67,
07:35:14,251.0,52.0,328.92,24.0,247.79,43.0,329.22,36.0,289.96,77.92000000000002,95.0,60.0,11.457285891519328,251.0,328.92,155,35.0,35.0,0.23,249.67,
07:35:15,253.55,22.0,325.71,14.0,252.21,91.0,326.9,41.0,289.63,72.15999999999997,113.0,55.0,1.3700072992530736,253.55,325.71,168,58.0,13.0,0.35,249.67,
07:35:16,255.57,14.0,324.38,13.0,253.0,77.0,325.91,22.0,289.98,68.81,91.0,35.0,1.3045497307526177,255.57,324.38,126,56.0,-42.0,0.44,249.67,
07:35:17,254.78,27.0,322.11,36.0,252.94,89.0,325.0,9.0,288.44,67.33000000000001,116.0,45.0,1.2955037630230106,254.78,322.11,161,71.0,35.0,0.44,256.0,2.0
07:35:18,253.0,61.0,321.71,28.0,248.0,7.0,325.0,7.0,287.36,68.70999999999998,68.0,35.0,1.1461588022637907,253.0,321.71,103,33.0,-58.0,0.32,253.0,4.0
07:35:19,253.0,61.0,320.67,36.0,248.0,9.0,325.0,9.0,286.83,67.67000000000002,70.0,45.0,1.373488259872241,253.0,320.67,115,25.0,12.0,0.22,253.0,1.0
07:35:20,253.0,66.0,318.54,35.0,248.0,11.0,320.2,20.0,285.77,65.54000000000002,77.0,55.0,1.60783394665213,253.0,318.54,132,22.0,17.0,0.17,253.0,
07:35:21,253.05,39.0,317.53,15.0,250.14,14.0,318.07,30.0,285.29,64.47999999999996,53.0,45.0,1.2575651076612206,253.05,317.53,98,8.0,-34.0,0.08,253.67,3.0
07:35:22,253.0,48.0,291.38,21.0,248.0,13.0,309.64,22.0,272.19,38.38,61.0,43.0,6.369083136528129,253.0,291.38,104,18.0,6.0,0.17,253.0,1.0
07:35:23,249.3,27.0,285.75,12.0,244.73,52.0,304.74,23.0,267.52,36.44999999999999,79.0,35.0,8.993336422040874,249.3,285.75,114,44.0,10.0,0.39,251.75,4.0
07:35:24,250.71,28.0,285.0,9.0,248.07,60.0,326.29,21.0,267.86,34.28999999999999,88.0,30.0,9.138759762681524,250.71,285.0,118,58.0,4.0,0.49,251.75,
07:35:25,252.97,30.0,283.59,17.0,250.86,59.0,294.4,20.0,268.28,30.619999999999976,89.0,37.0,7.540700895805852,252.97,283.59,126,52.0,8.0,0.41,251.75,
07:35:26,254.43,42.0,281.92,13.0,252.54,52.0,283.0,52.0,268.18,27.49000000000001,94.0,65.0,1.9149882506185192,254.43,281.92,159,29.0,33.0,0.18,256.0,3.0
07:35:27,253.72,58.0,279.89,18.0,251.83,48.0,281.19,42.0,266.81,26.169999999999987,106.0,60.0,0.5942221806756536,253.72,279.89,166,46.0,7.0,0.28,256.0,
07:35:28,255.0,36.0,277.48,21.0,253.0,48.0,278.26,27.0,266.24,22.480000000000015,84.0,48.0,0.9028731915429272,255.0,277.48,132,36.0,-34.0,0.27,255.0,3.0
07:35:29,255.0,54.0,274.86,51.0,253.0,72.0,275.28,39.0,264.93,19.860000000000014,126.0,90.0,1.402380119656181,255.0,274.86,216,36.0,84.0,0.17,255.0,
07:35:30,254.54,39.0,274.0,13.0,252.54,52.0,275.0,52.0,264.27,19.460000000000008,91.0,65.0,1.5465219041471283,254.54,274.0,156,26.0,-60.0,0.17,254.5,4.0
07:35:31,253.0,27.0,273.33,9.0,251.0,36.0,274.67,18.0,263.17,20.329999999999984,63.0,27.0,1.471828794393803,253.0,273.33,90,36.0,-66.0,0.4,254.5,
07:35:32,253.8,105.0,272.43,14.0,251.86,49.0,273.43,14.0,263.11,18.629999999999995,154.0,28.0,1.3081207895322935,253.8,272.43,182,126.0,92.0,0.69,254.5,
07:35:33,254.84,148.0,269.63,19.0,253.0,48.0,270.95,55.0,262.23,14.789999999999992,196.0,74.0,1.0609995287493814,254.84,269.63,270,122.0,88.0,0.45,255.0,5.0
07:35:34,255.0,52.0,266.82,11.0,253.0,33.0,268.27,11.0,260.91,11.819999999999991,85.0,22.0,1.2521661231666428,255.0,266.82,107,63.0,-163.0,0.59,255.0,5.0
07:35:35,253.74,43.0,262.69,32.0,250.83,87.0,265.18,17.0,258.22,8.949999999999989,130.0,49.0,2.062551817532304,253.74,262.69,179,81.0,72.0,0.45,255.0,2.0
07:35:36,253.0,27.0,261.53,15.0,250.0,63.0,262.2,30.0,257.27,8.529999999999973,90.0,45.0,2.524325652526939,253.0,261.53,135,45.0,-44.0,0.33,255.0,
07:35:37,253.0,21.0,260.0,7.0,250.0,49.0,261.0,7.0,256.5,7.0,70.0,14.0,2.4458597670359548,253.0,260.0,84,56.0,-51.0,0.67,255.0,
07:35:38,251.62,39.0,258.5,10.0,249.29,76.0,259.8,10.0,255.06,6.879999999999996,115.0,20.0,2.185788187360505,251.62,258.5,135,95.0,51.0,0.7,252.25,4.0
07:35:39,251.35,74.0,256.41,17.0,248.54,111.0,258.79,14.0,253.88,5.060000000000031,185.0,31.0,1.731785206081919,251.35,256.41,216,154.0,81.0,0.71,255.0,4.0
07:35:40,250.0,54.0,254.67,30.0,248.0,81.0,255.33,15.0,252.33,4.669999999999988,135.0,45.0,1.9867989329581783,250.0,254.67,180,90.0,-36.0,0.5,255.0,
07:35:41,248.46,99.0,252.52,48.0,247.87,92.0,254.59,17.0,250.49,4.060000000000002,191.0,65.0,2.3394165939403155,248.46,252.52,256,126.0,76.0,0.49,249.5,2.0
07:35:42,250.0,79.0,251.74,23.0,248.0,80.0,252.9,21.0,250.87,1.740000000000009,159.0,44.0,1.948109339847979,250.0,251.74,203,115.0,-53.0,0.57,250.0,3.0
07:35:43,250.0,47.0,251.0,11.0,248.0,66.0,253.0,33.0,250.5,1.0,113.0,44.0,1.47523896369457,250.0,251.0,157,69.0,-46.0,0.44,250.0,4.0
07:35:44,248.0,50.0,250.18,22.0,246.0,10.0,313.35,17.0,249.09,2.180000000000007,60.0,39.0,1.1567540793108606,248.0,250.18,99,21.0,-58.0,0.21,249.0,2.0
07:35:45,248.0,53.0,249.31,13.0,246.0,11.0,357.17,29.0,248.65,1.3100000000000025,64.0,42.0,0.9830564581966096,248.0,249.31,106,22.0,7.0,0.21,249.25,4.0
07:35:48,242.84,19.0,266.59,17.0,241.94,68.0,663.64,25.0,254.72,23.74999999999997,87.0,42.0,87.13933457400293,242.84,266.59,129,45.0,-59.0,0.35,244.0,3.0
07:35:49,242.0,121.0,388.26,38.0,228.18,11.0,465.0,16.0,315.13,146.26,132.0,54.0,79.51968605320337,242.0,388.26,186,78.0,57.0,0.42,244.0,1.0
07:35:50,242.0,110.0,385.19,42.0,237.93,92.0,405.03,30.0,313.6,143.19,202.0,72.0,67.94909138465378,242.0,385.19,274,130.0,88.0,0.47,242.0,2.0
07:35:51,249.98,45.0,363.62,21.0,245.37,51.0,402.88,41.0,306.8,113.64,96.0,62.0,61.64216154548789,249.98,363.62,158,34.0,-116.0,0.22,242.0,
07:35:52,253.73,55.0,284.38,55.0,252.83,72.0,298.72,50.0,269.05,30.65000000000001,127.0,105.0,28.004463037166264,253.73,284.38,232,22.0,74.0,0.09,254.0,1.0
07:35:53,254.97,33.0,281.12,67.0,253.0,65.0,293.15,39.0,268.04,26.15000000000001,98.0,106.0,23.92450689147035,254.97,281.12,204,-8.0,-28.0,-0.04,255.0,2.0
07:35:54,256.75,12.0,281.0,51.0,253.8,75.0,337.03,31.0,268.88,24.25,87.0,82.0,22.884072627048017,256.75,281.0,169,5.0,-35.0,0.03,255.0,
07:35:55,255.24,50.0,281.0,40.0,254.58,95.0,318.0,30.0,268.12,25.75999999999999,145.0,70.0,17.124065521949042,255.24,281.0,215,75.0,46.0,0.35,255.67,3.0
07:35:56,255.0,66.0,278.44,18.0,253.0,30.0,303.2,20.0,266.72,23.44,96.0,38.0,0.921965292188652,255.0,278.44,134,58.0,-81.0,0.43,255.67,
07:35:57,255.0,55.0,258.0,5.0,253.0,25.0,281.0,20.0,256.5,3.0,80.0,25.0,5.174777289893707,255.0,258.0,105,55.0,-29.0,0.52,255.67,
07:35:58,255.0,110.0,257.14,28.0,253.0,50.0,274.73,22.0,256.07,2.1399999999999864,160.0,50.0,6.414227934833535,255.0,257.14,210,110.0,105.0,0.52,255.67,
07:35:59,255.0,88.0,256.88,32.0,253.0,40.0,258.0,8.0,255.94,1.8799999999999957,128.0,40.0,6.185200077604453,255.0,256.88,168,88.0,-42.0,0.52,255.67,
07:36:00,255.0,83.0,260.85,26.0,253.0,45.0,301.13,15.0,257.92,5.850000000000023,128.0,41.0,4.590174288629751,255.0,260.85,169,87.0,1.0,0.51,255.0,4.0
07:36:01,255.42,24.0,367.1,29.0,254.73,73.0,517.4,15.0,311.26,111.68000000000004,97.0,44.0,24.453963277963744,255.42,367.1,141,53.0,-28.0,0.38,256.0,1.0
07:36:02,256.0,10.0,398.89,28.0,255.0,70.0,420.28,18.0,327.45,142.89,80.0,46.0,34.83107477526357,256.0,398.89,126,34.0,-15.0,0.27,256.0,
07:36:03,255.0,24.0,270.0,6.0,253.0,30.0,449.17,18.0,262.5,15.0,54.0,24.0,33.74881153463041,255.0,270.0,78,30.0,-48.0,0.38,255.25,4.0
07:36:04,255.0,32.0,419.17,18.0,253.0,40.0,470.5,14.0,337.08,164.17000000000002,72.0,32.0,36.84196004557855,255.0,419.17,104,40.0,26.0,0.38,255.25,
07:36:05,255.0,40.0,361.0,22.0,253.0,50.0,507.33,18.0,308.0,106.0,90.0,40.0,28.70937860699896,255.0,361.0,130,50.0,26.0,0.38,255.25,
07:36:06,255.0,40.0,373.03,36.0,253.0,50.0,402.93,15.0,314.01,118.02999999999996,90.0,51.0,28.78356597088015,255.0,373.03,141,39.0,11.0,0.28,255.25,
07:36:07,255.0,32.0,295.31,29.0,253.0,40.0,331.11,27.0,275.16,40.31,72.0,56.0,30.233961037217867,255.0,295.31,128,16.0,-13.0,0.12,255.25,
07:36:08,253.14,59.0,292.29,42.0,252.31,16.0,307.18,33.0,272.71,39.150000000000034,75.0,75.0,27.32804365482477,253.14,292.29,150,0.0,22.0,0.0,255.0,4.0
07:36:09,253.0,31.0,277.85,13.0,252.0,7.0,288.62,16.0,265.42,24.850000000000023,38.0,29.0,22.25201226855689,253.0,277.85,67,9.0,-83.0,0.13,253.0,1.0
07:36:10,253.0,27.0,287.92,26.0,248.22,89.0,288.84,19.0,270.46,34.920000000000016,116.0,45.0,19.594860805833893,253.0,287.92,161,71.0,94.0,0.44,253.0,3.0
07:36:11,253.0,13.0,276.12,34.0,248.3,159.0,286.56,39.0,264.56,23.120000000000005,172.0,73.0,4.587485149840213,253.0,276.12,245,99.0,84.0,0.4,253.0,
07:36:12,248.06,223.0,253.7,40.0,243.93,107.0,254.36,25.0,250.88,5.639999999999986,330.0,65.0,8.497233667494624,248.06,253.7,395,265.0,150.0,0.67,251.25,4.0
07:36:13,248.4,125.0,255.0,16.0,247.82,114.0,328.43,21.0,251.7,6.599999999999994,239.0,37.0,8.800879501504618,248.4,255.0,276,202.0,-119.0,0.73,250.2,5.0
07:36:14,250.71,70.0,267.36,14.0,248.09,232.0,321.41,32.0,259.04,16.650000000000006,302.0,46.0,8.380532202670906,250.71,267.36,348,256.0,72.0,0.74,250.2,
07:36:15,255.0,55.0,265.36,11.0,250.0,55.0,350.18,33.0,260.18,10.360000000000014,110.0,44.0,5.843844624902689,255.0,265.36,154,66.0,-166.5,0.43,250.2,
07:36:16,255.0,35.0,265.0,7.0,250.0,35.0,338.31,13.0,260.0,10.0,70.0,20.0,4.657531535052017,255.0,265.0,90,50.0,-64.0,0.56,250.2,
07:36:17,255.03,36.0,264.0,8.0,250.62,40.0,287.0,8.0,259.51,8.969999999999999,76.0,16.0,3.597468554414884,255.03,264.0,92,60.0,2.0,0.65,250.2,
07:36:18,256.8,15.0,263.13,15.0,255.0,75.0,528.78,41.0,259.97,6.329999999999984,90.0,56.0,0.462871472445474,256.8,263.13,146,34.0,54.0,0.23,250.2,
07:36:19,256.29,17.0,261.3,10.0,254.61,41.0,315.45,20.0,258.8,5.009999999999991,58.0,30.0,0.5565698518639369,256.29,261.3,88,28.0,-58.0,0.32,255.5,4.0
07:36:20,256.0,64.0,259.12,32.0,255.0,22.0,260.53,15.0,257.56,3.1200000000000045,86.0,47.0,1.021454844818821,256.0,259.12,133,39.0,45.0,0.29,256.0,4.0
07:36:21,255.8,35.0,258.46,35.0,254.12,32.0,337.56,32.0,257.13,2.659999999999968,67.0,67.0,1.2234500398479258,255.8,258.46,134,0.0,1.0,0.0,255.8,5.0
07:36:22,255.0,15.0,258.87,15.0,253.0,30.0,354.61,41.0,256.93,3.870000000000005,45.0,56.0,1.283148471535524,255.0,258.87,101,-11.0,-33.0,-0.11,255.8,
07:36:23,251.35,23.0,256.44,36.0,250.67,18.0,258.0,9.0,253.9,5.090000000000003,41.0,45.0,1.8092070086101213,251.35,256.44,86,-4.0,-15.0,-0.05,253.0,4.0
07:36:24,252.22,55.0,255.47,38.0,250.03,32.0,356.31,26.0,253.85,3.25,87.0,64.0,1.839056823484278,252.22,255.47000000000003,151,23.0,65.0,0.15,252.67,9.0
07:36:25,251.79,38.0,257.89,9.0,250.71,14.0,394.32,25.0,254.84,6.099999999999994,52.0,34.0,1.6027632389108992,251.79,257.89,86,18.0,-65.0,0.21,252.67,
07:36:26,253.42,67.0,282.14,29.0,252.65,77.0,331.35,31.0,267.78,28.72,144.0,60.0,5.902402053401967,253.42,282.14,204,84.0,118.0,0.41,254.33,3.0
07:36:27,253.0,50.0,296.5,30.0,250.0,10.0,368.96,23.0,274.75,43.5,60.0,53.0,9.67608030144457,253.0,296.5,113,7.0,-91.0,0.06,254.33,
07:36:28,253.0,30.0,329.83,18.0,250.0,6.0,407.88,17.0,291.42,76.82999999999998,36.0,35.0,15.541247375934908,253.0,329.83,71,1.0,-42.0,0.01,254.33,
07:36:29,253.0,30.0,467.0,12.0,250.0,6.0,535.29,17.0,360.0,214.0,36.0,29.0,41.42535479630804,253.0,467.0,65,7.0,-6.0,0.11,254.33,
07:36:30,253.0,50.0,322.31,29.0,250.0,10.0,376.62,21.0,287.66,69.31,60.0,50.0,36.85764669644552,253.0,322.31,110,10.0,45.0,0.09,254.33,
07:36:31,253.0,60.0,388.67,24.0,250.0,12.0,530.0,24.0,320.83,135.67000000000002,72.0,48.0,34.12140193485606,253.0,388.67,120,24.0,10.0,0.2,253.0,3.0
07:36:32,253.73,22.0,487.45,22.0,250.0,11.0,570.09,22.0,370.59,233.72,33.0,44.0,38.1990804863153,253.73,487.45,77,-11.0,-43.0,-0.14,253.0,
07:36:33,251.76,25.0,408.92,24.0,248.82,17.0,587.58,24.0,330.34,157.16000000000005,42.0,48.0,32.97347767524672,251.76,408.92,90,-6.0,13.0,-0.07,252.2,5.0
07:36:34,251.0,6.0,295.0,6.0,250.0,3.0,750.0,6.0,273.0,44.0,9.0,12.0,38.27537367551094,251.0,295.0,21,-3.0,-69.0,-0.14,252.2,
07:36:35,246.29,49.0,282.0,28.0,244.12,56.0,503.29,28.0,264.14,35.71000000000001,105.0,56.0,43.756285834151846,246.29,282.0,161,49.0,140.0,0.3,249.2,5.0
07:36:36,244.75,24.0,270.4,20.0,243.89,61.0,460.2,20.0,257.57,25.649999999999977,85.0,40.0,49.28211206918793,244.75,270.4,125,45.0,-36.0,0.36,249.2,
07:36:37,245.0,12.0,263.5,12.0,244.0,36.0,543.0,12.0,254.25,18.5,48.0,24.0,31.28547826068833,245.0,263.5,72,24.0,-53.0,0.33,249.2,
07:36:38,248.94,32.0,262.0,32.0,246.74,53.0,309.38,32.0,255.47,13.060000000000002,85.0,64.0,7.773398870507239,248.94,262.0,149,21.0,77.0,0.14,249.2,
07:36:39,256.0,13.0,261.38,26.0,255.0,26.0,274.77,26.0,258.69,5.379999999999996,39.0,52.0,3.834746406218193,256.0,261.38,91,-13.0,-58.0,-0.14,249.2,
07:36:40,255.22,18.0,257.62,21.0,253.55,29.0,262.67,18.0,256.42,2.4000000000000057,47.0,39.0,1.7370089234092625,255.22,257.62,86,8.0,-5.0,0.09,256.0,1.0
07:36:41,254.08,26.0,256.44,18.0,252.68,25.0,318.27,15.0,255.26,2.359999999999985,51.0,33.0,1.6809134421508571,254.08,256.44,84,18.0,-2.0,0.21,255.0,2.0
07:36:42,253.0,21.0,258.0,9.0,251.0,9.0,429.33,18.0,255.5,5.0,30.0,27.0,1.4258225696079527,253.0,258.0,57,3.0,-27.0,0.05,253.0,2.0
07:36:43,253.0,9.0,257.44,9.0,251.0,9.0,569.33,21.0,255.22,4.439999999999998,18.0,30.0,1.4646569564247545,253.0,257.44,48,-12.0,-9.0,-0.25,253.0,
07:36:44,253.0,11.0,257.0,11.0,251.0,11.0,426.71,28.0,255.0,4.0,22.0,39.0,0.5546169849576024,253.0,257.0,61,-17.0,13.0,-0.28,253.0,
07:36:45,253.0,7.0,257.0,7.0,251.0,7.0,364.0,14.0,255.0,4.0,14.0,21.0,0.2085185843119492,253.0,257.0,35,-7.0,-26.0,-0.2,253.0,
07:36:46,250.54,52.0,257.0,18.0,248.33,61.0,328.26,54.0,253.77,6.460000000000008,113.0,72.0,0.6631892640894106,250.54,257.0,185,41.0,150.0,0.22,249.6,5.0
07:36:47,252.5,28.0,257.0,14.0,251.0,84.0,272.57,58.0,254.75,4.5,112.0,72.0,0.5714630346780565,252.5,257.0,184,40.0,-1.0,0.22,249.6,
07:36:48,253.53,34.0,256.41,17.0,251.1,82.0,475.29,79.0,254.97,2.880000000000024,116.0,96.0,0.5292164018654858,253.53,256.41,212,20.0,28.0,0.09,249.6,
07:36:49,254.92,24.0,256.0,12.0,253.0,12.0,443.5,60.0,255.46,1.0800000000000125,36.0,72.0,0.6259792328851306,254.92,256.0,108,-36.0,-104.0,-0.33,249.6,
07:36:50,255.0,8.0,488.17,12.0,253.0,5.0,536.18,22.0,371.58,233.17,13.0,34.0,52.25717204365352,255.0,488.17,47,-21.0,-61.0,-0.45,255.0,1.0
07:36:51,256.06,31.0,455.53,36.0,254.17,12.0,450.79,48.0,355.8,199.47,43.0,84.0,59.760649009193365,256.06,455.53,127,-41.0,80.0,-0.32,255.0,
07:36:52,257.0,36.0,341.52,21.0,256.0,9.0,347.62,42.0,299.26,84.51999999999998,45.0,63.0,54.71416525909908,257.0,341.52,108,-18.0,-19.0,-0.17,255.0,
07:36:53,257.0,29.0,327.91,22.0,256.0,11.0,341.87,31.0,292.45,70.91000000000003,40.0,53.0,47.87263727851229,257.0,327.91,93,-13.0,-15.0,-0.14,257.0,3.0
07:36:54,257.0,12.0,313.83,24.0,256.0,12.0,418.8,54.0,285.42,56.829999999999984,24.0,78.0,39.75863076113166,257.0,313.83,102,-54.0,9.0,-0.53,257.0,
07:36:55,252.35,20.0,262.45,22.0,250.86,29.0,296.94,34.0,257.4,10.099999999999994,49.0,56.0,35.98549957969188,252.35,262.45,105,-7.0,3.0,-0.07,252.69,13.0
07:36:56,246.67,12.0,261.11,18.0,243.64,11.0,262.11,18.0,253.89,14.440000000000026,23.0,36.0,20.74246441481828,246.67,261.11,59,-13.0,-46.0,-0.22,246.5,2.0
07:36:57,244.0,20.0,259.6,10.0,240.0,15.0,260.6,10.0,251.8,15.600000000000025,35.0,20.0,19.202647473720955,244.0,259.6,55,15.0,-4.0,0.27,246.5,
07:36:58,244.0,36.0,258.62,13.0,240.0,27.0,259.44,18.0,251.31,14.620000000000005,63.0,31.0,14.431026644005646,244.0,258.62,94,32.0,39.0,0.34,246.5,
07:36:59,243.12,41.0,256.1,20.0,234.2,30.0,257.43,21.0,249.61,12.980000000000018,71.0,41.0,2.989326010993014,243.12,256.1,112,30.0,18.0,0.27,244.0,4.0
07:37:00,226.0,39.0,251.63,27.0,162.34,59.0,252.76,21.0,238.81,25.629999999999995,98.0,48.0,5.942666068356768,226.0,251.63,146,50.0,34.0,0.34,250.0,1.0
07:37:01,240.0,36.0,249.58,24.0,173.0,36.0,250.74,19.0,244.79,9.580000000000013,72.0,43.0,5.478136544482869,240.0,249.58,115,29.0,-31.0,0.25,250.0,
07:37:04,231.89,37.0,245.0,57.0,168.13,30.0,247.0,22.0,238.45,13.110000000000014,67.0,79.0,21.619735891078676,231.89,245.0,146,-12.0,23.0,-0.08,245.0,3.0
07:37:05,244.0,15.0,245.0,27.0,191.0,63.0,247.0,18.0,244.5,1.0,78.0,45.0,22.61923893503041,244.0,245.0,123,33.0,-23.0,0.27,244.0,2.0
07:37:06,204.43,56.0,245.0,30.0,123.62,71.0,247.0,28.0,224.71,40.56999999999999,127.0,58.0,20.259983464948704,204.43,245.0,185,69.0,62.0,0.37,244.67,3.0
07:37:07,200.67,173.0,241.57,14.0,136.0,54.0,246.2,20.0,221.12,40.900000000000006,227.0,34.0,19.24031834455956,200.67,241.57,261,193.0,76.0,0.74,240.0,1.0
07:37:09,204.7,88.0,239.0,18.0,166.09,44.0,245.0,37.0,221.85,34.30000000000001,132.0,55.0,11.114455902112123,204.7,239.0,187,77.0,78.0,0.41,240.0,
07:37:10,214.27,22.0,245.0,31.0,162.36,132.0,246.0,44.0,229.64,30.72999999999999,154.0,75.0,5.176150113742314,214.27,245.0,229,79.0,42.0,0.34,243.0,6.0
07:37:11,216.38,32.0,245.0,10.0,151.81,63.0,246.0,40.0,230.69,28.620000000000005,95.0,50.0,6.353042578166366,216.38,245.0,145,45.0,-84.0,0.31,243.0,
07:37:12,218.0,30.0,243.26,23.0,217.38,26.0,245.75,16.0,230.63,25.25999999999999,56.0,39.0,6.7746564488537055,218.0,243.26,95,17.0,-50.0,0.18,243.0,
07:37:13,226.36,66.0,243.44,32.0,224.64,50.0,245.85,33.0,234.9,17.079999999999984,116.0,65.0,4.753584962951214,226.36,243.44,181,51.0,86.0,0.28,243.0,
07:37:14,244.06,52.0,245.95,38.0,243.17,116.0,246.53,17.0,245.0,1.8899999999999864,168.0,55.0,6.383272671600116,244.06,245.95,223,113.0,42.0,0.51,245.0,1.0
07:37:15,245.33,15.0,246.5,16.0,220.18,22.0,312.31,26.0,245.92,1.1699999999999875,37.0,42.0,7.540780463585814,245.33,246.5,79,-5.0,-144.0,-0.06,245.86,7.0
07:37:16,204.67,18.0,279.59,29.0,157.26,42.0,362.64,39.0,242.13,74.91999999999999,60.0,68.0,6.670586930697924,204.67,279.59,128,-8.0,49.0,-0.06,243.83,6.0
07:37:17,204.5,22.0,346.09,11.0,189.9,62.0,379.18,28.0,275.3,141.58999999999995,84.0,39.0,15.512662569655792,204.5,346.09,123,45.0,-5.0,0.37,237.0,1.0
07:37:18,248.79,29.0,337.24,17.0,244.33,73.0,481.21,52.0,293.01,88.45000000000002,102.0,69.0,22.72643548821509,248.79,337.24,171,33.0,48.0,0.19,249.0,3.0
07:37:19,250.0,36.0,355.33,12.0,248.0,60.0,500.94,35.0,302.67,105.32999999999998,96.0,47.0,27.22661436903245,250.0,355.33,143,49.0,-28.0,0.34,249.0,
07:37:20,248.17,70.0,351.0,12.0,211.14,36.0,446.33,12.0,299.59,102.83,106.0,24.0,24.954588756379174,248.17,351.0,130,82.0,-13.0,0.63,250.0,3.0
07:37:21,248.0,148.0,348.67,12.0,224.41,17.0,351.0,12.0,298.33,100.67000000000002,165.0,24.0,10.904058877317588,248.0,348.67,189,141.0,59.0,0.75,248.0,4.0
07:37:22,248.0,180.0,269.0,20.0,245.0,30.0,348.0,10.0,258.5,21.0,210.0,30.0,18.1818178409093,248.0,269.0,240,180.0,51.0,0.75,248.0,
07:37:23,248.0,90.0,267.8,5.0,245.0,15.0,332.6,10.0,257.9,19.80000000000001,105.0,15.0,23.057611975224283,248.0,267.8,120,90.0,-120.0,0.75,248.0,
07:37:24,248.0,167.0,264.46,28.0,245.0,36.0,323.0,19.0,256.23,16.45999999999998,203.0,47.0,22.704456610982863,248.0,264.46,250,156.0,130.0,0.62,248.0,6.0
07:37:25,248.13,138.0,260.47,51.0,216.17,84.0,262.04,53.0,254.3,12.340000000000032,222.0,104.0,18.674436269938692,248.13,260.47,326,118.0,76.0,0.36,248.0,
07:37:26,249.61,31.0,258.64,42.0,248.57,80.0,259.83,54.0,254.13,9.029999999999973,111.0,96.0,2.004687007989101,249.61,258.64,207,15.0,-119.0,0.07,248.0,
07:37:27,251.63,38.0,255.83,47.0,250.38,13.0,257.17,47.0,253.73,4.200000000000017,51.0,94.0,1.7642193741142755,251.63,255.83,145,-43.0,-62.0,-0.3,251.5,4.0
07:37:28,252.08,52.0,254.0,33.0,250.36,11.0,255.0,55.0,253.04,1.9199999999999875,63.0,88.0,1.190096634731855,252.08,254.0,151,-25.0,6.0,-0.17,251.5,
07:37:29,248.53,57.0,254.18,56.0,245.51,39.0,255.15,40.0,251.35,5.650000000000006,96.0,96.0,1.1982695856942769,248.53000000000003,254.18,192,0.0,41.0,0.0,252.17,6.0
07:37:30,248.0,12.0,252.36,14.0,245.0,16.0,253.17,18.0,250.18,4.360000000000014,28.0,32.0,1.670727386499613,248.0,252.36,60,-4.0,-132.0,-0.07,252.17,
07:37:31,248.0,33.0,250.73,51.0,245.0,44.0,252.27,37.0,249.36,2.7299999999999898,77.0,88.0,1.849586440261645,248.0,250.73,165,-11.0,105.0,-0.07,252.17,
07:37:32,246.91,33.0,250.3,44.0,243.88,64.0,269.92,36.0,248.6,3.390000000000015,97.0,80.0,1.7454168556536112,246.91,250.3,177,17.0,12.0,0.1,248.0,3.0
07:37:33,245.36,56.0,250.19,42.0,243.31,156.0,266.38,47.0,247.77,4.829999999999984,212.0,89.0,1.387072456650965,245.36,250.19,301,123.0,124.0,0.41,248.0,
07:37:35,254.89,66.0,360.54,65.0,248.58,31.0,456.27,55.0,307.72,105.65000000000003,97.0,120.0,57.098889043483176,254.89,360.54,217,-23.0,-19.0,-0.11,256.0,1.0
07:37:36,256.29,42.0,348.0,35.0,255.0,7.0,389.0,35.0,302.14,91.70999999999998,49.0,70.0,53.3445728261086,256.29,348.0,119,-21.0,-98.0,-0.18,256.0,
07:37:37,257.0,57.0,306.92,49.0,255.0,11.0,382.08,52.0,281.96,49.920000000000016,68.0,101.0,47.59460232001109,257.0,306.92,169,-33.0,50.0,-0.2,257.0,3.0
07:37:38,251.8,15.0,261.0,36.0,239.89,27.0,511.1,31.0,256.4,9.199999999999989,42.0,67.0,45.16687193065295,251.8,261.0,109,-25.0,-60.0,-0.23,256.5,4.0
07:37:39,244.38,16.0,261.0,44.0,238.67,45.0,349.69,39.0,252.69,16.620000000000005,61.0,83.0,25.32316172992636,244.38,261.0,144,-22.0,35.0,-0.15,256.5,
07:37:40,245.34,64.0,368.03,35.0,244.0,10.0,564.64,44.0,306.69,122.68999999999996,74.0,79.0,25.04581062772788,245.34,368.03,153,-5.0,9.0,-0.03,256.5,
07:37:41,247.55,29.0,403.9,51.0,245.96,92.0,480.84,49.0,325.73,156.34999999999997,121.0,100.0,31.62300792144869,247.55,403.9,221,21.0,68.0,0.1,256.5,
07:37:42,246.5,36.0,342.69,45.0,245.85,39.0,463.33,46.0,294.59,96.19,75.0,91.0,31.85361517944244,246.5,342.69,166,-16.0,-55.0,-0.1,247.0,5.0
07:37:43,247.73,22.0,335.25,24.0,246.0,44.0,336.65,31.0,291.49,87.52000000000001,66.0,55.0,26.836123416022737,247.73,335.25,121,11.0,-45.0,0.09,247.0,
07:37:44,251.0,15.0,311.38,16.0,248.3,23.0,335.79,19.0,281.19,60.38,38.0,35.0,17.046070514931067,251.0,311.38,73,3.0,-48.0,0.04,247.0,
07:37:45,253.0,24.0,310.52,29.0,251.0,36.0,457.82,39.0,281.76,57.51999999999998,60.0,68.0,18.185318803914424,253.0,310.52,128,-8.0,55.0,-0.06,247.0,
07:37:46,253.0,8.0,309.5,8.0,251.0,12.0,607.64,14.0,281.25,56.5,20.0,22.0,6.472803102212053,253.0,309.5,42,-2.0,-86.0,-0.05,247.0,
07:37:47,254.41,41.0,309.25,32.0,251.88,32.0,454.74,47.0,281.83,54.84,73.0,79.0,4.473676340551142,254.41,309.25,152,-6.0,110.0,-0.04,255.0,2.0
07:37:48,255.0,37.0,326.73,33.0,253.0,22.0,332.93,43.0,290.86,71.73000000000002,59.0,76.0,4.1925612696783645,255.0,326.73,135,-17.0,-17.0,-0.13,255.0,5.0
07:37:49,250.39,77.0,332.0,30.0,249.71,126.0,489.47,38.0,291.19,81.61000000000001,203.0,68.0,5.161159753389377,250.39,332.0,271,135.0,136.0,0.5,252.38,8.0
07:37:50,250.14,73.0,331.88,24.0,249.59,117.0,553.68,34.0,291.01,81.74000000000001,190.0,58.0,5.197770675973066,250.14,331.88,248,132.0,-23.0,0.53,252.38,
07:37:51,251.0,24.0,329.14,37.0,250.0,252.0,483.68,38.0,290.07,78.13999999999999,276.0,75.0,4.026452532938241,251.0,329.14,351,201.0,103.0,0.57,252.38,
07:37:52,250.0,144.0,325.93,30.0,246.0,32.0,327.31,26.0,287.97,75.93,176.0,56.0,1.3284953895306932,250.0,325.93,232,120.0,-119.0,0.52,250.4,5.0
07:37:53,252.19,75.0,320.82,44.0,251.23,70.0,324.91,35.0,286.5,68.63,145.0,79.0,2.0424544058569816,252.19,320.82,224,66.0,-8.0,0.29,250.4,
07:37:54,255.44,80.0,281.12,60.0,253.0,96.0,300.12,73.0,268.28,25.680000000000007,176.0,133.0,9.3832366484069,255.44,281.12,309,43.0,85.0,0.14,250.4,
07:37:55,255.19,48.0,258.48,58.0,251.58,114.0,259.47,45.0,256.84,3.2900000000000205,162.0,103.0,14.658927996276155,255.19,258.48,265,59.0,-44.0,0.22,254.78,9.0
07:37:56,251.67,43.0,255.7,50.0,249.97,228.0,257.09,46.0,253.69,4.030000000000001,271.0,96.0,16.08710135481253,251.67,255.7,367,175.0,102.0,0.48,253.0,2.0
07:37:57,250.0,194.0,252.89,36.0,248.0,41.0,254.14,37.0,251.44,2.8899999999999864,235.0,73.0,14.472138750026314,250.0,252.89,308,162.0,-59.0,0.53,253.0,
07:37:58,250.0,156.0,251.44,36.0,248.0,66.0,260.52,46.0,250.72,1.4399999999999975,222.0,82.0,7.164564187723887,250.0,251.44,304,140.0,-4.0,0.46,250.0,6.0
07:37:59,250.0,80.0,324.19,31.0,248.0,72.0,381.27,26.0,287.1,74.19,152.0,57.0,15.358994758772944,250.0,324.19,209,95.0,-95.0,0.45,250.0,4.0
07:38:00,250.0,40.0,457.0,16.0,248.0,48.0,482.0,11.0,353.5,207.0,88.0,27.0,44.20222731944634,250.0,457.0,115,61.0,-94.0,0.53,250.0,
07:38:01,250.0,45.0,439.84,19.0,248.0,54.0,474.21,33.0,344.92,189.84,99.0,52.0,49.50429759121931,250.0,439.84,151,47.0,36.0,0.31,250.0,
07:38:02,250.0,45.0,439.8,20.0,248.0,66.0,483.81,37.0,344.9,189.8,111.0,57.0,45.205792991606685,250.0,439.8,168,54.0,17.0,0.32,250.0,1.0
07:38:03,250.0,36.0,334.04,24.0,248.0,72.0,474.38,47.0,292.02,84.04000000000002,108.0,71.0,32.12415788779519,250.0,334.04,179,37.0,11.0,0.21,250.0,
07:38:04,250.0,47.0,256.0,7.0,248.0,42.0,269.92,26.0,253.0,6.0,89.0,33.0,43.61179794505148,250.0,256.0,122,56.0,-57.0,0.46,250.0,2.0
07:38:05,250.75,48.0,255.11,9.0,248.59,51.0,342.0,27.0,252.93,4.360000000000014,99.0,36.0,46.07647751293498,250.75,255.11,135,63.0,13.0,0.47,250.0,
07:38:06,250.0,60.0,253.25,12.0,248.0,42.0,297.8,46.0,251.62,3.25,102.0,58.0,40.67426557419334,250.0,253.25,160,44.0,25.0,0.28,250.0,
07:38:07,250.0,71.0,264.67,24.0,248.0,24.0,328.11,27.0,257.33,14.670000000000016,95.0,51.0,17.26337597343052,250.0,264.67,146,44.0,-14.0,0.3,250.0,1.0
07:38:08,251.53,188.0,297.67,15.0,248.29,42.0,300.13,62.0,274.6,46.140000000000015,230.0,77.0,9.583372579630824,251.53,297.67,307,153.0,161.0,0.5,250.0,4.0
07:38:09,253.0,160.0,386.29,14.0,248.55,22.0,606.25,28.0,319.64,133.29000000000002,182.0,42.0,28.581186644364745,253.0,386.29,224,140.0,-83.0,0.62,250.0,
07:38:10,253.85,208.0,330.28,25.0,248.08,37.0,367.0,43.0,292.06,76.42999999999998,245.0,68.0,27.662131154341868,253.85,330.28,313,177.0,89.0,0.57,250.0,
07:38:11,255.11,144.0,288.67,9.0,246.18,22.0,290.0,45.0,271.89,33.56,166.0,54.0,23.861371083825208,255.11,288.67,220,112.0,-93.0,0.51,250.0,
07:38:12,256.22,77.0,277.7,20.0,255.0,64.0,284.79,28.0,266.96,21.47999999999996,141.0,48.0,21.536262442680467,256.22,277.7,189,93.0,-31.0,0.49,256.33,3.0
07:38:13,257.0,48.0,273.25,12.0,256.0,168.0,343.96,56.0,265.12,16.25,216.0,68.0,23.048272820322342,257.0,273.25,284,148.0,95.0,0.52,256.8,5.0
07:38:14,256.0,140.0,261.58,19.0,248.0,44.0,351.09,47.0,258.79,5.579999999999984,184.0,66.0,12.691427421689504,256.0,261.58,250,118.0,-34.0,0.47,256.0,3.0
07:38:15,256.0,100.0,257.0,11.0,250.17,29.0,423.82,55.0,256.5,1.0,129.0,66.0,6.236038005016848,256.0,257.0,195,63.0,-55.0,0.32,256.0,2.0
07:38:16,256.0,42.0,497.91,33.0,255.0,27.0,607.56,45.0,376.95,241.91000000000005,69.0,78.0,51.65892981857063,256.0,497.9100000000001,147,-9.0,-48.0,-0.06,256.0,5.0
07:38:19,255.47,19.0,274.0,25.0,253.89,47.0,597.0,25.0,264.74,18.53,66.0,50.0,74.0963830426289,255.47000000000003,274.0,116,16.0,16.0,0.14,255.6,5.0
07:38:20,255.0,26.0,457.71,35.0,253.0,91.0,654.71,35.0,356.36,202.71,117.0,70.0,57.29632344225914,255.0,457.71,187,47.0,71.0,0.25,255.0,3.0
07:38:24,255.0,18.0,493.57,21.0,253.0,117.0,511.12,42.0,374.29,238.57,135.0,63.0,27.67401940448765,255.0,493.57,198,72.0,64.0,0.36,255.0,
07:38:25,253.03,132.0,447.0,25.0,252.21,63.0,454.85,52.0,350.02,193.97,195.0,77.0,29.771301113655763,253.03,447.0,272,118.0,74.0,0.43,255.0,2.0
07:38:26,253.0,91.0,370.75,8.0,252.0,35.0,452.18,17.0,311.88,117.75,126.0,25.0,46.04097707477515,253.0,370.75,151,101.0,-121.0,0.67,255.0,
07:38:27,253.03,120.0,314.9,29.0,252.46,84.0,424.19,31.0,283.96,61.869999999999976,204.0,60.0,50.91298036846782,253.03,314.9,264,144.0,113.0,0.55,254.0,1.0
07:38:28,253.32,95.0,260.95,19.0,252.78,116.0,261.96,47.0,257.13,7.6299999999999955,211.0,66.0,47.5994162779336,253.32,260.95,277,145.0,13.0,0.52,254.0,
07:38:29,254.87,46.0,259.18,11.0,253.7,86.0,261.0,22.0,257.03,4.310000000000002,132.0,33.0,39.575857918686026,254.87,259.18,165,99.0,-112.0,0.6,254.0,
07:38:30,255.62,53.0,257.83,12.0,254.48,58.0,261.0,24.0,256.73,2.2099999999999795,111.0,36.0,24.509121363280983,255.62,257.83,147,75.0,-18.0,0.51,256.0,3.0
07:38:31,255.51,55.0,267.29,17.0,253.61,131.0,373.84,31.0,261.4,11.78000000000003,186.0,48.0,11.736479455102533,255.51,267.29,234,138.0,87.0,0.59,255.75,4.0
07:38:32,255.0,22.0,388.36,11.0,253.0,117.0,586.14,29.0,321.68,133.36,139.0,40.0,28.511317577411944,255.0,388.36,179,99.0,-55.0,0.55,255.0,1.0
07:38:33,255.0,18.0,375.44,9.0,253.0,117.0,376.67,15.0,315.22,120.44,135.0,24.0,33.028986814615315,255.0,375.44,159,111.0,-20.0,0.7,255.0,
07:38:34,255.0,26.0,371.77,13.0,252.94,81.0,374.08,13.0,313.38,116.76999999999998,107.0,26.0,31.793719820115804,255.0,371.77,133,81.0,-26.0,0.61,255.0,
07:38:35,255.0,24.0,368.83,12.0,253.0,60.0,370.92,12.0,311.92,113.82999999999998,84.0,24.0,24.5017836085461,255.0,368.83,108,60.0,-25.0,0.56,255.0,
07:38:36,253.62,26.0,359.06,17.0,252.31,65.0,366.62,13.0,306.34,105.44,91.0,30.0,5.554972547187998,253.62,359.06,121,61.0,13.0,0.5,253.8,5.0
07:38:37,253.0,18.0,324.0,9.0,252.0,45.0,340.44,9.0,288.5,71.0,63.0,18.0,10.89884030528094,253.0,324.0,81,45.0,-40.0,0.56,253.8,
07:38:38,253.05,20.0,290.0,11.0,251.95,41.0,291.0,11.0,271.52,36.94999999999999,61.0,22.0,17.963544193728076,253.05,290.0,83,39.0,2.0,0.47,253.25,4.0
07:38:39,252.0,40.0,288.0,16.0,251.0,112.0,289.44,16.0,270.0,36.0,152.0,32.0,19.304473056782115,252.0,288.0,184,120.0,101.0,0.65,252.0,3.0
07:38:40,252.0,14.0,282.79,14.0,251.0,98.0,284.29,14.0,267.39,30.79000000000002,112.0,28.0,16.53901145776347,252.0,282.79,140,84.0,-44.0,0.6,252.0,
07:38:41,251.08,52.0,272.33,18.0,250.76,37.0,278.07,14.0,261.71,21.24999999999997,89.0,32.0,10.043178281800891,251.08,272.33,121,57.0,-19.0,0.47,251.0,3.0
07:38:42,251.0,41.0,265.55,11.0,250.0,11.0,267.07,15.0,258.27,14.550000000000011,52.0,26.0,5.619454599873631,251.0,265.55,78,26.0,-43.0,0.33,251.0,1.0
07:38:43,251.0,24.0,263.62,8.0,250.0,8.0,264.62,8.0,257.31,12.620000000000005,32.0,16.0,5.582667821037068,251.0,263.62,48,16.0,-30.0,0.33,251.0,
07:38:44,251.94,96.0,262.18,17.0,250.96,47.0,263.53,17.0,257.06,10.240000000000007,143.0,34.0,4.353253955381464,251.94,262.18,177,109.0,129.0,0.62,251.0,
07:38:45,252.78,54.0,257.5,26.0,251.93,90.0,258.5,26.0,255.14,4.719999999999999,144.0,52.0,2.414760857734356,252.78,257.5,196,92.0,19.0,0.47,251.0,
07:38:46,253.94,36.0,255.77,44.0,252.03,70.0,283.33,48.0,254.86,1.8300000000000125,106.0,92.0,1.4695135249622162,253.94,255.77,198,14.0,2.0,0.07,254.0,2.0
07:38:47,250.86,21.0,288.61,18.0,248.45,29.0,654.71,28.0,269.73,37.75,50.0,46.0,6.197374444072705,250.86,288.61,96,4.0,-102.0,0.04,251.57,7.0
07:38:48,248.0,21.0,294.57,7.0,247.0,42.0,656.0,26.0,271.29,46.56999999999999,63.0,33.0,8.181725368163105,248.0,294.57,96,30.0,0.0,0.31,251.57,
07:38:49,248.13,31.0,294.0,13.0,247.18,66.0,503.08,65.0,271.06,45.870000000000005,97.0,78.0,8.616764473979883,248.13,294.0,175,19.0,79.0,0.11,251.57,
07:38:50,248.42,12.0,291.67,12.0,247.26,57.0,422.23,52.0,270.04,43.25000000000003,69.0,64.0,7.038780434140538,248.42,291.67,133,5.0,-42.0,0.04,248.33,3.0
07:38:51,249.62,13.0,276.55,11.0,247.02,61.0,316.82,11.0,263.08,26.930000000000007,74.0,22.0,3.3963436221970515,249.62,276.55,96,52.0,-37.0,0.54,248.33,
07:38:52,248.55,67.0,263.38,29.0,205.22,27.0,370.42,31.0,255.97,14.829999999999984,94.0,60.0,6.682474840958319,248.55000000000004,263.38,154,34.0,58.0,0.22,253.14,7.0
07:38:53,247.0,72.0,256.79,14.0,124.73,22.0,354.3,20.0,251.89,9.79000000000002,94.0,34.0,8.450329579374067,247.0,256.79,128,60.0,-26.0,0.47,247.0,3.0
07:38:54,247.0,18.0,262.0,9.0,240.24,50.0,433.55,20.0,254.5,15.0,68.0,29.0,7.390279426384855,247.0,262.0,97,39.0,-31.0,0.4,247.0,4.0
07:38:55,247.0,12.0,262.0,11.0,246.0,66.0,292.11,27.0,254.5,15.0,78.0,38.0,4.228435881038017,247.0,262.0,116,40.0,19.0,0.34,247.0,1.0
07:38:56,247.0,7.0,260.43,7.0,246.0,42.0,276.18,11.0,253.71,13.430000000000009,49.0,18.0,1.487625624964634,247.0,260.43,67,31.0,-49.0,0.46,247.0,
07:38:57,246.2,30.0,258.9,10.0,226.36,44.0,260.0,10.0,252.55,12.699999999999989,74.0,20.0,1.174116689282631,246.2,258.9,94,54.0,27.0,0.57,247.0,1.0
07:38:58,246.0,18.0,256.25,8.0,185.0,8.0,257.62,8.0,251.12,10.25,26.0,16.0,1.4456936051778493,246.0,256.25,42,10.0,-52.0,0.24,246.0,5.0
07:39:01,218.0,21.0,244.56,27.0,97.23,73.0,418.89,18.0,231.28,26.56,94.0,45.0,21.30719526357403,218.0,244.56,139,49.0,60.0,0.35,241.5,2.0
07:39:02,220.77,26.0,241.81,47.0,202.01,143.0,324.54,13.0,231.29,21.039999999999992,169.0,60.0,17.741612948096787,220.77,241.81,229,109.0,90.0,0.48,245.0,2.0
07:39:03,223.0,16.0,239.0,40.0,180.03,94.0,245.0,16.0,231.0,16.0,110.0,56.0,12.248357849119168,223.0,239.0,166,54.0,-63.0,0.33,245.0,
07:39:04,224.56,18.0,239.0,43.0,159.11,18.0,245.0,45.0,231.78,14.439999999999998,36.0,88.0,11.95619797427577,224.56,239.0,124,-52.0,-42.0,-0.42,239.0,2.0
07:39:05,249.51,85.0,362.73,33.0,242.08,49.0,535.3,23.0,306.12,113.22000000000004,134.0,56.0,33.44492906256578,249.51,362.73,190,78.0,66.0,0.41,242.75,8.0
07:39:06,252.25,16.0,275.45,33.0,250.0,121.0,445.88,32.0,263.85,23.19999999999999,137.0,65.0,32.95787113877428,252.25,275.45,202,72.0,12.0,0.36,252.0,1.0
07:39:07,253.9,20.0,275.0,30.0,251.35,20.0,378.0,28.0,264.45,21.099999999999994,40.0,58.0,30.811847559016066,253.9,275.0,98,-18.0,-104.0,-0.18,252.0,
07:39:08,255.05,40.0,274.0,27.0,253.88,16.0,475.11,27.0,264.52,18.94999999999999,56.0,54.0,26.408968741699045,255.05,274.0,110,2.0,12.0,0.02,255.0,5.0
07:39:09,256.5,30.0,271.8,30.0,254.0,20.0,483.25,24.0,264.15,15.300000000000011,50.0,54.0,18.73007394539676,256.5,271.8,104,-4.0,-6.0,-0.04,255.0,
07:39:10,257.0,13.0,271.0,27.0,255.0,18.0,605.94,17.0,264.0,14.0,31.0,44.0,0.2871062521768317,257.0,271.0,75,-13.0,-29.0,-0.17,257.0,2.0
07:39:11,256.67,6.0,270.5,18.0,255.5,14.0,395.06,16.0,263.58,13.829999999999984,20.0,34.0,0.3787479373397269,256.67,270.5,54,-14.0,-21.0,-0.26,256.0,5.0
07:39:12,255.0,9.0,268.78,27.0,253.0,9.0,395.52,23.0,261.89,13.779999999999973,18.0,50.0,1.0282849799737843,255.0,268.78,68,-32.0,14.0,-0.47,256.0,
07:39:13,251.46,24.0,268.0,24.0,250.5,14.0,350.0,8.0,259.73,16.539999999999992,38.0,32.0,1.873459367064225,251.46,268.0,70,6.0,2.0,0.09,254.0,2.0
07:39:14,250.0,153.0,268.0,27.0,248.0,63.0,488.29,21.0,259.0,18.0,216.0,48.0,2.2368169348522464,250.0,268.0,264,168.0,165.5,0.64,254.0,
07:39:15,252.22,32.0,266.49,35.0,250.12,43.0,267.32,37.0,259.35,14.27000000000001,75.0,72.0,1.9598086641411647,252.22,266.49,147,3.0,-117.0,0.02,254.0,
07:39:16,255.0,12.0,265.0,18.0,251.0,42.0,267.0,30.0,260.0,10.0,54.0,48.0,1.1255354281601109,255.0,265.0,102,6.0,-45.0,0.06,254.0,
07:39:17,254.13,23.0,265.0,30.0,250.85,74.0,267.0,50.0,259.57,10.870000000000005,97.0,80.0,0.3794074327738987,254.13,265.0,177,17.0,75.0,0.1,253.0,4.0
07:39:18,251.0,25.0,263.52,21.0,250.0,55.0,264.95,19.0,257.26,12.519999999999982,80.0,40.0,1.0569437071313674,251.0,263.52,120,40.0,-57.0,0.33,253.0,
07:39:19,251.0,55.0,260.42,38.0,250.0,132.0,262.05,58.0,255.71,9.420000000000016,187.0,96.0,1.8278867579927636,251.0,260.42,283,91.0,163.0,0.32,251.0,1.0
07:39:20,250.12,68.0,259.81,26.0,248.63,70.0,261.84,38.0,254.96,9.689999999999998,138.0,64.0,2.249899997787959,250.12,259.81,202,74.0,-81.0,0.37,250.67,6.0
07:39:21,250.0,81.0,257.26,31.0,249.0,19.0,257.65,31.0,253.63,7.259999999999991,100.0,62.0,2.283622122867028,250.0,257.26,162,38.0,-40.0,0.23,250.67,
07:39:22,250.21,95.0,254.99,71.0,249.61,70.0,285.7,47.0,252.6,4.780000000000001,165.0,118.0,1.8103231755819988,250.21,254.99,283,47.0,121.0,0.17,254.0,2.0
07:39:23,250.4,55.0,253.88,42.0,247.83,29.0,263.03,63.0,252.14,3.4799999999999898,84.0,105.0,1.5180480888464856,250.4,253.88,189,-21.0,-94.0,-0.11,251.0,2.0
07:39:24,248.0,13.0,250.96,53.0,246.0,13.0,252.32,38.0,249.48,2.960000000000008,26.0,91.0,2.035269023999493,248.0,250.96,117,-65.0,-72.0,-0.56,251.0,2.0
07:39:25,246.42,12.0,248.43,28.0,245.42,12.0,343.14,29.0,247.42,2.0100000000000198,24.0,57.0,2.5440479555333666,246.42,248.43,81,-33.0,-36.0,-0.41,248.0,4.0
07:39:26,245.0,8.0,246.94,18.0,243.0,40.0,310.87,15.0,245.97,1.9399999999999975,48.0,33.0,2.8881170336492845,245.0,246.94,81,15.0,0.0,0.19,248.0,
07:39:27,243.9,29.0,246.02,43.0,242.27,73.0,253.19,16.0,244.96,2.1200000000000045,102.0,59.0,2.873530929023854,243.9,246.02,161,43.0,80.0,0.27,248.0,
07:39:28,244.0,18.0,246.0,36.0,242.0,45.0,247.0,9.0,245.0,2.0,63.0,45.0,1.9109892726172333,244.0,246.0,108,18.0,-53.0,0.17,248.0,
07:39:29,245.0,14.0,246.0,28.0,242.0,35.0,247.0,22.0,245.5,1.0,49.0,50.0,1.0104949282697784,245.0,246.0,99,-1.0,-9.0,-0.01,248.0,
07:39:30,242.58,31.0,246.79,38.0,241.0,20.0,278.98,43.0,244.69,4.20999999999998,51.0,81.0,0.5093427137590901,242.58,246.79,132,-30.0,33.0,-0.23,246.0,4.0
07:39:31,242.0,19.0,247.0,38.0,238.0,7.0,302.0,35.0,244.5,5.0,26.0,73.0,0.3785498646938818,242.0,247.0,99,-47.0,-33.0,-0.47,243.67,6.0
07:39:32,211.27,11.0,246.1,40.0,218.7,10.0,282.09,33.0,228.69,34.829999999999984,21.0,73.0,7.269238612128705,211.27,246.1,94,-52.0,-5.0,-0.55,240.0,2.0
07:39:34,222.8,15.0,243.0,30.0,103.33,9.0,244.0,24.0,232.9,20.19999999999999,24.0,54.0,25.76378912349807,222.8,243.0,78,-30.0,23.0,-0.38,240.0,
07:39:35,214.57,14.0,242.03,35.0,138.89,18.0,243.7,33.0,228.3,27.460000000000008,32.0,68.0,23.861400419926756,214.57,242.03,100,-36.0,22.0,-0.36,240.0,2.0
07:39:41,215.9,10.0,244.0,27.0,199.9,10.0,245.0,36.0,229.95,28.099999999999994,20.0,63.0,13.199603403136562,215.9,244.0,83,-43.0,-54.0,-0.52,240.0,
07:39:42,241.89,27.0,244.0,33.0,238.33,15.0,245.0,44.0,242.94,2.1100000000000136,42.0,77.0,20.361655875691635,241.89,244.0,119,-35.0,36.0,-0.29,240.0,
07:39:43,241.67,9.0,244.11,27.0,239.04,23.0,245.22,36.0,242.89,2.440000000000026,32.0,63.0,20.12094008738356,241.67,244.11,95,-31.0,-24.0,-0.33,242.5,8.0
07:39:44,237.0,8.0,244.29,28.0,230.25,8.0,245.89,27.0,240.64,7.289999999999992,16.0,55.0,18.485684461227628,237.0,244.29,71,-39.0,-24.0,-0.55,244.2,5.0
07:39:45,240.07,14.0,245.0,28.0,238.07,14.0,246.82,34.0,242.54,4.930000000000007,28.0,62.0,5.582183264643418,240.07,245.0,90,-34.0,19.0,-0.38,244.2,
07:39:46,234.61,44.0,245.0,20.0,197.08,12.0,246.0,20.0,239.81,10.389999999999986,56.0,40.0,1.443478437685617,234.61,245.0,96,16.0,6.0,0.17,241.5,2.0
07:39:47,235.6,20.0,245.0,16.0,234.83,46.0,246.0,16.0,240.3,9.400000000000006,66.0,32.0,1.3875265763450282,235.6,245.0,98,34.0,2.0,0.35,241.5,
07:39:48,235.8,70.0,245.0,20.0,233.0,10.0,246.0,20.0,240.4,9.199999999999989,80.0,40.0,1.0516748547265842,235.8,245.0,120,40.0,22.0,0.33,241.5,
07:39:49,236.92,84.0,245.0,24.0,233.0,19.0,246.0,24.0,240.96,8.080000000000013,103.0,48.0,1.0539544582495608,236.92,245.0,151,55.0,31.0,0.36,241.5,
07:39:50,238.21,98.0,244.97,29.0,233.0,28.0,246.43,23.0,241.59,6.759999999999991,126.0,52.0,0.682473442753861,238.21,244.97,178,74.0,27.0,0.42,244.0,1.0
07:39:51,240.26,95.0,244.1,31.0,237.97,33.0,245.2,41.0,242.18,3.8400000000000034,128.0,72.0,0.7992371363143013,240.26,244.1,200,56.0,22.0,0.28,244.0,2.0
07:39:52,243.14,49.0,245.13,31.0,241.14,35.0,246.3,20.0,244.14,1.990000000000009,84.0,51.0,1.441797489269289,243.14,245.13,135,33.0,-65.0,0.24,245.25,4.0
07:39:53,235.04,27.0,245.0,27.0,232.0,9.0,246.0,9.0,240.02,9.960000000000008,36.0,36.0,1.54399481866465,235.04,245.0,72,0.0,-63.0,0.0,243.0,2.0
07:39:54,237.27,55.0,241.0,30.0,232.5,14.0,245.05,38.0,239.14,3.7299999999999898,69.0,68.0,1.946992552647186,237.27,241.0,137,1.0,65.0,0.01,238.0,1.0
07:39:55,230.43,7.0,240.0,14.0,228.0,7.0,244.8,20.0,235.21,9.569999999999991,14.0,34.0,3.3719756820096736,230.43,240.0,48,-20.0,-89.0,-0.42,238.0,3.0
07:39:56,230.44,9.0,242.0,18.0,228.22,9.0,243.18,33.0,236.22,11.560000000000002,18.0,51.0,3.519855110663724,230.44,242.0,69,-33.0,21.0,-0.48,240.71,7.0
07:39:57,234.0,7.0,243.0,14.0,229.57,7.0,245.0,21.0,238.5,9.0,14.0,35.0,2.0258874598719547,234.0,243.0,49,-21.0,-20.0,-0.43,240.71,
07:39:58,235.82,11.0,243.0,18.0,228.56,9.0,245.0,27.0,239.41,7.180000000000007,20.0,45.0,1.8727065974323127,235.82,243.0,65,-25.0,16.0,-0.38,240.71,
07:39:59,235.0,10.0,243.0,20.0,227.0,10.0,245.0,30.0,239.0,8.0,20.0,50.0,1.846583331471004,235.0,243.0,70,-30.0,5.0,-0.43,240.71,
07:40:00,235.0,14.0,243.0,28.0,201.0,14.0,245.0,42.0,239.0,8.0,28.0,70.0,1.274668584403807,235.0,243.0,98,-42.0,28.0,-0.43,240.71,
07:40:01,235.0,5.0,243.0,10.0,226.0,10.0,245.0,15.0,239.0,8.0,15.0,25.0,0.3226763084975315,235.0,243.0,40,-10.0,-58.0,-0.25,240.71,
07:40:02,236.52,25.0,243.0,18.0,235.46,13.0,245.0,27.0,239.76,6.47999999999999,38.0,45.0,0.3434821684824548,236.52,243.0,83,-7.0,43.0,-0.08,240.71,
07:40:03,237.44,48.0,243.0,32.0,234.62,16.0,245.0,48.0,240.22,5.560000000000002,64.0,80.0,0.5661095300958012,237.44,243.0,144,-16.0,61.0,-0.11,240.71,
07:40:04,238.0,27.0,243.0,18.0,232.0,9.0,245.0,27.0,240.5,5.0,36.0,45.0,0.6880988301581842,238.0,243.0,81,-9.0,-63.0,-0.11,240.71,
07:40:05,238.0,33.0,239.0,55.0,232.0,11.0,243.0,22.0,238.5,1.0,44.0,77.0,0.8351526806908678,238.0,239.0,121,-33.0,40.0,-0.27,240.71,
07:40:06,237.79,28.0,239.0,23.0,231.27,11.0,243.0,20.0,238.39,1.210000000000008,39.0,43.0,0.976565410029074,237.79,239.0,82,-4.0,-39.0,-0.05,239.0,3.0
07:40:07,238.0,24.0,239.0,16.0,232.0,8.0,243.0,16.0,238.5,1.0,32.0,32.0,1.044519028101198,238.0,239.0,64,0.0,-18.0,0.0,239.0,
07:40:08,237.33,27.0,240.5,24.0,230.71,14.0,243.3,20.0,238.92,3.1699999999999875,41.0,44.0,0.8833572324182871,237.33000000000004,240.5,85,-3.0,21.0,-0.04,241.8,5.0
07:40:09,232.0,8.0,245.0,24.0,229.0,16.0,246.0,8.0,238.5,13.0,24.0,32.0,0.205718254090457,232.0,245.0,56,-8.0,-29.0,-0.14,241.8,
07:40:10,232.8,25.0,245.0,45.0,229.86,14.0,246.0,9.0,238.9,12.199999999999989,39.0,54.0,0.2488372963724694,232.8,245.0,93,-15.0,37.0,-0.16,241.8,
07:40:11,233.0,45.0,245.0,54.0,229.0,18.0,246.71,14.0,239.0,12.0,63.0,68.0,0.2438852190393102,233.0,245.0,131,-5.0,38.0,-0.04,241.8,
07:40:12,233.43,70.0,243.74,76.0,229.92,26.0,245.8,50.0,238.58,10.310000000000002,96.0,126.0,0.2240535651710017,233.43,243.74,222,-30.0,91.0,-0.14,241.8,
07:40:13,235.55,55.0,239.0,44.0,232.0,11.0,244.87,62.0,237.27,3.4499999999999886,66.0,106.0,0.6922427320428288,235.55,239.0,172,-40.0,-50.0,-0.23,241.8,
07:40:14,237.0,75.0,243.29,70.0,232.0,15.0,245.33,60.0,240.14,6.289999999999992,90.0,130.0,1.0286496002360628,237.0,243.29,220,-40.0,48.0,-0.18,241.89,9.0
07:40:15,237.62,39.0,245.0,55.0,236.15,27.0,246.0,44.0,241.31,7.3799999999999955,66.0,99.0,1.5384245188066188,237.62,245.0,165,-33.0,-55.0,-0.2,241.89,
07:40:16,241.07,75.0,244.27,51.0,239.93,75.0,245.29,70.0,242.67,3.200000000000017,150.0,121.0,2.140894672809645,241.07,244.27,271,29.0,106.0,0.11,243.0,1.0
07:40:17,243.39,57.0,245.49,45.0,239.61,36.0,246.51,61.0,244.44,2.1000000000000227,93.0,106.0,2.7033923133840068,243.39,245.49000000000004,199,-13.0,-72.0,-0.07,244.38,8.0
07:40:18,235.65,17.0,246.0,44.0,227.0,13.0,247.0,60.0,240.82,10.349999999999994,30.0,104.0,1.7068772656706044,235.65,246.0,134,-74.0,-65.0,-0.55,244.0,4.0
07:40:19,229.0,27.0,246.11,36.0,228.0,9.0,254.44,43.0,237.56,17.110000000000014,36.0,79.0,2.546399418799722,229.0,246.11,115,-43.0,-19.0,-0.37,246.33,6.0
07:40:20,231.21,33.0,245.4,25.0,229.62,13.0,315.0,36.0,238.31,14.189999999999998,46.0,61.0,2.891219465911236,231.21,245.4,107,-15.0,-8.0,-0.14,245.0,4.0
07:40:21,232.08,26.0,239.0,10.0,231.43,14.0,247.0,10.0,235.54,6.919999999999988,40.0,20.0,3.423065877260514,232.08,239.0,60,20.0,-47.0,0.33,245.0,
07:40:23,234.17,42.0,243.43,14.0,233.88,57.0,388.25,57.0,238.8,9.26000000000002,99.0,71.0,1.5612815249234226,234.17,243.43,170,28.0,77.0,0.16,240.2,5.0
07:40:24,235.89,38.0,247.0,15.0,234.62,85.0,580.96,69.0,241.45,11.110000000000014,123.0,84.0,2.510053784297559,235.89,247.0,207,39.0,37.0,0.19,240.2,
07:40:25,238.07,28.0,247.0,12.0,236.07,59.0,556.6,50.0,242.54,8.930000000000007,87.0,62.0,3.275542703135728,238.07,247.0,149,25.0,-58.0,0.17,240.2,
07:40:26,241.5,30.0,246.37,19.0,239.88,33.0,334.17,52.0,243.93,4.8700000000000045,63.0,71.0,3.365244419067386,241.5,246.37,134,-8.0,-15.0,-0.06,240.2,
07:40:27,242.5,22.0,245.0,61.0,241.01,85.0,247.0,17.0,243.75,2.5,107.0,78.0,2.096265727445513,242.5,245.0,185,29.0,51.0,0.16,242.25,4.0
07:40:28,242.87,47.0,340.16,45.0,230.26,103.0,447.87,39.0,291.51,97.29000000000002,150.0,84.0,21.754304861338436,242.87,340.16,234,66.0,49.0,0.28,245.0,7.0
07:40:29,236.25,60.0,283.0,30.0,229.9,50.0,290.0,20.0,259.62,46.75,110.0,50.0,20.92019956883896,236.25,283.0,160,60.0,-74.0,0.38,255.0,3.0
07:40:30,230.0,99.0,239.18,28.0,229.0,11.0,253.0,13.0,234.59,9.180000000000009,110.0,41.0,22.469356911136803,230.0,239.18,151,69.0,-9.0,0.46,255.0,
07:40:31,230.0,90.0,239.0,30.0,229.0,10.0,244.0,10.0,234.5,9.0,100.0,40.0,23.94458665335556,230.0,239.0,140,60.0,-11.0,0.43,255.0,
07:40:32,230.0,63.0,239.0,21.0,229.0,7.0,242.64,11.0,234.5,9.0,70.0,32.0,25.14526257568322,230.0,239.0,102,38.0,-38.0,0.37,255.0,
07:40:33,230.0,90.0,239.0,30.0,229.0,10.0,241.0,50.0,234.5,9.0,100.0,80.0,11.22401086956295,230.0,239.0,180,20.0,78.0,0.11,255.0,
07:40:34,230.0,90.0,239.0,30.0,228.0,10.0,241.0,50.0,234.5,9.0,100.0,80.0,0.0402492244970083,230.0,239.0,180,20.0,0.0,0.11,255.0,
07:40:35,230.0,81.0,239.0,13.0,228.95,41.0,241.0,45.0,234.5,9.0,122.0,58.0,0.0,230.0,239.0,180,64.0,0.0,0.36,239.0,2.0
07:40:36,231.44,48.0,239.0,14.0,229.96,122.0,241.0,70.0,235.22,7.560000000000002,170.0,84.0,0.321993788872509,231.44,239.0,254,86.0,74.0,0.34,239.0,
07:40:37,232.0,18.0,242.0,22.0,229.89,38.0,244.67,18.0,237.0,10.0,56.0,40.0,1.083365127771764,232.0,242.0,96,16.0,-158.0,0.17,241.9,10.0
07:40:38,234.43,23.0,246.82,33.0,230.18,11.0,290.04,23.0,240.63,12.389999999999986,34.0,56.0,2.5913702938929024,234.43,246.82,90,-22.0,-6.0,-0.24,241.9,
07:40:39,239.36,25.0,273.0,20.0,235.77,26.0,436.4,20.0,256.18,33.639999999999986,51.0,40.0,8.969329963830402,239.36,273.0,91,11.0,1.0,0.12,247.0,5.0
07:40:40,247.41,44.0,326.27,22.0,242.38,29.0,424.67,27.0,286.84,78.85999999999999,73.0,49.0,21.585480768332538,247.41,326.27,122,24.0,31.0,0.2,247.0,
07:40:41,252.12,83.0,398.5,36.0,251.12,64.0,459.7,30.0,325.31,146.38,147.0,66.0,37.02062492719477,252.12,398.5,213,81.0,91.0,0.38,250.0,2.0
07:40:42,255.0,60.0,339.69,32.0,254.0,40.0,412.96,52.0,297.34,84.69,100.0,84.0,33.577926529195075,255.0,339.69,184,16.0,-29.0,0.09,255.0,2.0
07:40:43,255.67,36.0,302.24,38.0,254.86,56.0,312.08,36.0,278.95,46.57000000000002,92.0,74.0,25.35134769593157,255.67,302.24,166,18.0,-18.0,0.11,255.0,
07:40:44,256.06,33.0,309.04,27.0,255.0,72.0,310.36,42.0,282.55,52.98000000000002,105.0,69.0,18.70926428270257,256.06,309.04,174,36.0,8.0,0.21,256.0,1.0
07:40:45,257.0,26.0,307.0,32.0,255.0,78.0,308.45,33.0,282.0,50.0,104.0,65.0,19.300985726123184,257.0,307.0,169,39.0,-5.0,0.23,256.0,
07:40:46,257.0,24.0,295.07,30.0,255.0,72.0,300.52,29.0,276.03,38.06999999999999,96.0,59.0,8.232893173120834,257.0,295.07,155,37.0,-14.0,0.24,256.0,
07:40:47,255.27,15.0,279.61,28.0,254.4,15.0,281.2,20.0,267.44,24.340000000000003,30.0,48.0,6.1474246640382,255.27,279.61,78,-18.0,-77.0,-0.23,255.57,7.0
07:40:48,255.0,14.0,275.88,40.0,254.0,14.0,277.9,30.0,265.44,20.879999999999995,28.0,70.0,7.986492972514757,255.0,275.88,98,-42.0,20.0,-0.43,255.57,
07:40:49,252.04,75.0,268.24,21.0,250.05,85.0,270.74,19.0,260.14,16.200000000000017,160.0,40.0,8.727932172057214,252.04,268.24,200,120.0,102.0,0.6,253.25,4.0
07:40:50,252.0,220.0,265.39,23.0,250.0,120.0,267.2,30.0,258.7,13.389999999999986,340.0,53.0,6.884860201923858,252.0,265.39,393,287.0,165.5,0.73,253.25,
07:40:51,252.0,242.0,264.18,22.0,250.0,132.0,266.0,33.0,258.09,12.180000000000009,374.0,55.0,4.214785878314348,252.0,264.18,429,319.0,36.0,0.74,253.25,
07:40:52,252.0,198.0,261.22,23.0,250.0,108.0,262.64,22.0,256.61,9.220000000000027,306.0,45.0,3.399827936828548,252.0,261.22,351,261.0,-78.0,0.74,253.25,
07:40:53,252.35,130.0,258.5,48.0,251.55,188.0,261.0,32.0,255.43,6.150000000000006,318.0,80.0,1.83047261657792,252.35,258.5,398,238.0,47.0,0.6,254.5,2.0
07:40:54,252.1,126.0,257.04,25.0,250.96,138.0,259.05,19.0,254.57,4.940000000000026,264.0,44.0,1.738390059809,252.1,257.04,308,220.0,-90.0,0.71,253.0,4.0
07:40:55,252.0,88.0,253.5,40.0,250.0,168.0,254.79,38.0,252.75,1.5,256.0,78.0,2.023116407932074,252.0,253.5,334,178.0,26.0,0.53,252.0,3.0
07:40:56,250.18,79.0,252.83,36.0,249.16,76.0,328.14,28.0,251.51,2.6500000000000057,155.0,64.0,2.0489704731999856,250.18,252.83000000000004,219,91.0,-115.0,0.42,252.0,3.0
07:40:57,249.71,95.0,252.0,20.0,248.27,66.0,253.0,50.0,250.85,2.289999999999992,161.0,70.0,1.954001023553094,249.71,252.0,231,91.0,12.0,0.39,250.0,1.0
07:40:58,249.11,55.0,250.74,27.0,247.52,81.0,335.0,42.0,249.92,1.6299999999999957,136.0,69.0,1.8044666802265144,249.11,250.74,205,67.0,-26.0,0.33,249.57,7.0
07:41:00,249.8,50.0,400.69,29.0,247.71,56.0,482.2,30.0,325.24,150.89,106.0,59.0,57.26395244828991,249.8,400.69,165,47.0,42.0,0.28,251.0,2.0
07:41:01,251.7,40.0,447.86,28.0,249.0,40.0,546.04,27.0,349.78,196.16000000000005,80.0,55.0,57.3830966400384,251.7,447.86,135,25.0,-30.0,0.19,251.0,
07:41:02,253.15,41.0,385.64,22.0,249.57,42.0,729.0,33.0,319.39,132.48999999999998,83.0,55.0,46.88973469747906,253.15,385.64,138,28.0,3.0,0.2,253.0,1.0
07:41:03,254.0,24.0,321.25,16.0,253.0,24.0,729.0,24.0,287.62,67.25,48.0,40.0,32.99006698992839,254.0,321.25,88,8.0,-50.0,0.09,253.0,
07:41:05,249.0,21.0,315.59,32.0,247.0,42.0,748.47,17.0,282.3,66.58999999999997,63.0,49.0,79.53811400831647,249.0,315.59,112,14.0,0.0,0.12,253.0,
07:41:06,249.0,15.0,254.65,23.0,247.0,30.0,433.88,16.0,251.83,5.650000000000006,45.0,39.0,89.01450572799902,249.0,254.65,84,6.0,-28.0,0.07,253.0,
07:41:07,249.0,9.0,254.0,12.0,247.0,18.0,379.0,15.0,251.5,5.0,27.0,27.0,94.81094757463394,249.0,254.0,54,0.0,-30.0,0.0,253.0,
07:41:08,249.0,18.0,253.5,24.0,247.0,36.0,379.0,30.0,251.25,4.5,54.0,54.0,98.29286835778063,249.0,253.5,108,0.0,54.0,0.0,253.0,
07:41:09,249.13,45.0,252.56,36.0,247.6,60.0,408.0,45.0,250.84,3.430000000000007,105.0,81.0,13.843746963883756,249.13,252.56,186,24.0,78.0,0.13,253.0,
07:41:10,249.12,72.0,252.0,36.0,247.78,69.0,524.96,54.0,250.56,2.8799999999999955,141.0,90.0,0.5070798754115456,249.12,252.0,231,51.0,45.0,0.22,252.0,2.0
07:41:11,248.55,75.0,443.83,30.0,248.12,33.0,672.19,54.0,346.19,195.28,108.0,84.0,42.5550369521638,248.55,443.83,192,24.0,-39.0,0.12,249.57,7.0
07:41:12,247.32,19.0,342.0,14.0,246.87,23.0,666.57,35.0,294.66,94.68,42.0,49.0,42.22310800971451,247.32,342.0,91,-7.0,-101.0,-0.08,249.57,
07:41:13,249.6,15.0,420.44,18.0,247.18,33.0,724.0,45.0,335.02,170.84,48.0,63.0,45.12793126213519,249.6,420.44,111,-15.0,20.0,-0.14,250.0,3.0
07:41:15,250.0,6.0,389.0,12.0,246.96,26.0,627.83,30.0,319.5,139.0,32.0,42.0,38.25971340718524,250.0,389.0,74,-10.0,-4.0,-0.14,247.8,5.0
07:41:17,249.62,52.0,442.44,41.0,247.0,13.0,691.43,53.0,346.03,192.82,65.0,94.0,40.34170484746431,249.62,442.44,159,-29.0,84.0,-0.18,247.8,
07:41:21,249.0,56.0,492.84,61.0,247.0,13.0,473.79,38.0,370.92,243.84,69.0,99.0,39.66607013556905,249.0,492.84,168,-30.0,26.0,-0.18,249.0,4.0
07:41:22,249.4,40.0,469.88,40.0,248.45,22.0,471.07,40.0,359.64,220.48,62.0,80.0,35.38183827897978,249.4,469.88,142,-18.0,-26.0,-0.13,249.0,
07:41:23,250.0,40.0,414.83,42.0,249.0,40.0,429.3,30.0,332.42,164.82999999999998,80.0,72.0,44.66835434622477,250.0,414.83,152,8.0,10.0,0.05,249.0,
07:41:24,250.0,17.0,261.82,33.0,249.0,44.0,263.0,22.0,255.91,11.819999999999991,61.0,55.0,58.27231263644801,250.0,261.82,116,6.0,-36.0,0.05,250.0,3.0
07:41:25,251.0,18.0,259.69,35.0,250.0,9.0,261.0,24.0,255.34,8.689999999999998,27.0,59.0,55.84366015941266,251.0,259.69,86,-32.0,-30.0,-0.37,250.0,
07:41:26,251.6,20.0,257.94,48.0,250.0,10.0,259.69,32.0,254.77,6.340000000000003,30.0,80.0,50.59823445536413,251.6,257.94,110,-50.0,24.0,-0.45,250.0,
07:41:27,252.0,20.0,254.6,30.0,250.0,10.0,256.41,34.0,253.3,2.5999999999999943,30.0,64.0,34.71288478360769,252.0,254.6,94,-34.0,-16.0,-0.36,250.0,
07:41:28,248.54,39.0,251.68,28.0,246.86,35.0,253.5,24.0,250.11,3.140000000000015,74.0,52.0,2.323452172961778,248.54,251.68,126,22.0,32.0,0.17,249.88,8.0
07:41:29,247.0,54.0,250.0,27.0,245.0,18.0,252.15,26.0,248.5,3.0,72.0,53.0,2.9801224807115863,247.0,250.0,125,19.0,-1.0,0.15,249.88,
07:41:30,246.64,44.0,251.43,35.0,243.8,30.0,384.18,33.0,249.03,4.7900000000000205,74.0,68.0,2.7534106123213924,246.64,251.43000000000004,142,6.0,17.0,0.04,247.0,6.0
07:41:31,243.76,67.0,378.76,37.0,237.56,27.0,610.41,34.0,311.26,135.0,94.0,71.0,27.354673275329592,243.76,378.76,165,23.0,23.0,0.14,244.29,7.0
07:41:32,244.0,21.0,342.82,17.0,242.0,12.0,515.29,14.0,293.41,98.82,33.0,31.0,29.77814416648596,244.0,342.82,64,2.0,-101.0,0.03,244.0,1.0
07:41:33,252.55,31.0,311.74,31.0,244.21,29.0,370.09,47.0,282.15,59.19,60.0,78.0,27.6769064384012,252.55,311.74,138,-18.0,74.0,-0.13,245.0,5.0
07:41:34,254.0,55.0,295.27,40.0,250.36,11.0,363.14,42.0,274.64,41.26999999999998,66.0,82.0,23.06241899714787,254.0,295.27,148,-16.0,10.0,-0.11,245.0,
07:41:35,254.0,37.0,273.06,31.0,252.0,8.0,339.22,27.0,263.53,19.06,45.0,58.0,18.28065015255211,254.0,273.06,103,-13.0,-45.0,-0.13,254.0,1.0
07:41:36,255.63,123.0,275.0,40.0,253.88,34.0,392.34,44.0,265.31,19.370000000000005,157.0,84.0,12.37308449821689,255.63,275.0,241,73.0,138.0,0.3,256.0,1.0
07:41:37,256.0,70.0,275.0,20.0,254.0,20.0,422.46,13.0,265.5,19.0,90.0,33.0,7.953045328678923,256.0,275.0,123,57.0,-118.0,0.46,256.0,
07:41:38,256.0,112.0,273.75,32.0,254.84,25.0,385.0,16.0,264.88,17.75,137.0,48.0,4.465173008969051,256.0,273.75,185,89.0,62.0,0.48,256.0,
07:41:39,256.0,112.0,271.38,32.0,255.0,24.0,325.0,16.0,263.69,15.379999999999995,136.0,48.0,0.9170441647097884,256.0,271.38,184,88.0,-1.0,0.48,256.0,
07:41:40,256.0,172.0,269.57,56.0,255.0,42.0,535.28,36.0,262.79,13.569999999999991,214.0,92.0,1.157467062178629,256.0,269.57,306,122.0,122.0,0.4,256.0,2.0
07:41:41,256.0,168.0,267.43,56.0,255.0,42.0,452.64,28.0,261.71,11.430000000000009,210.0,84.0,1.5345781179299072,256.0,267.43,294,126.0,-12.0,0.43,256.0,
07:41:42,256.0,144.0,265.06,33.0,255.0,36.0,266.17,29.0,260.53,9.060000000000002,180.0,62.0,1.690236669827756,256.0,265.06,242,118.0,-52.0,0.49,256.0,
07:41:43,256.0,204.0,261.0,45.0,255.0,51.0,262.65,40.0,258.5,5.0,255.0,85.0,2.026667214920041,256.0,261.0,340,170.0,98.0,0.5,256.0,
07:41:44,256.0,57.0,258.32,25.0,255.0,27.0,262.55,22.0,257.16,2.319999999999993,84.0,47.0,2.3026875602289323,256.0,258.32,131,37.0,-166.5,0.28,256.0,8.0
07:41:45,256.0,37.0,260.0,24.0,255.0,36.0,267.0,48.0,258.0,4.0,73.0,72.0,1.881395758482,256.0,260.0,145,1.0,14.0,0.01,256.0,1.0
07:41:46,256.0,36.0,257.92,26.0,255.0,36.0,258.9,40.0,256.96,1.920000000000016,72.0,66.0,1.429475428272584,256.0,257.92,138,6.0,-7.0,0.04,256.0,
07:41:47,255.67,18.0,257.72,18.0,254.75,40.0,293.74,43.0,256.69,2.05000000000004,58.0,61.0,0.7592891412603934,255.67,257.72,119,-3.0,-19.0,-0.03,256.0,3.0
07:41:48,254.69,16.0,257.0,12.0,253.75,40.0,343.41,27.0,255.84,2.3100000000000023,56.0,39.0,0.7817288532710942,254.69,257.0,95,17.0,-24.0,0.18,254.43,7.0
07:41:49,254.0,8.0,256.62,8.0,252.0,8.0,264.0,32.0,255.31,2.6200000000000045,16.0,40.0,1.0406007880243786,254.0,256.62,56,-24.0,-39.0,-0.43,254.43,
07:41:50,253.25,8.0,255.17,24.0,251.25,8.0,301.82,22.0,254.21,1.9199999999999875,16.0,46.0,1.1076416388154615,253.25,255.17,62,-30.0,6.0,-0.48,254.0,1.0
07:41:51,251.0,8.0,255.0,40.0,247.75,8.0,304.0,24.0,253.0,4.0,16.0,64.0,1.438871085274389,251.0,255.0,80,-48.0,18.0,-0.6,252.5,2.0
07:41:52,249.0,40.0,253.74,27.0,244.92,12.0,257.53,58.0,251.37,4.740000000000009,52.0,85.0,1.8061090775586743,249.0,253.74,137,-33.0,57.0,-0.24,252.5,
07:41:53,249.32,44.0,252.1,20.0,246.71,14.0,255.0,75.0,250.71,2.780000000000001,58.0,95.0,1.915019582156,249.32,252.1,153,-37.0,16.0,-0.24,249.0,2.0
07:41:54,250.0,112.0,253.84,102.0,249.0,48.0,259.57,70.0,251.92,3.8400000000000034,160.0,172.0,1.3837160113410891,250.0,253.84,332,-12.0,165.5,-0.04,251.0,2.0
07:41:55,250.67,72.0,310.02,55.0,249.63,57.0,399.32,53.0,280.34,59.35,129.0,108.0,12.813351240016614,250.67,310.02,237,21.0,-95.0,0.09,250.0,5.0
07:41:56,254.6,40.0,320.38,39.0,250.44,54.0,407.81,37.0,287.49,65.78,94.0,76.0,18.02895809524297,254.6,320.38,170,18.0,-67.0,0.11,250.0,
07:41:57,255.0,77.0,328.3,30.0,254.0,20.0,351.75,36.0,291.65,73.30000000000001,97.0,66.0,19.692627300591884,255.0,328.3,163,31.0,-7.0,0.19,255.0,3.0
07:41:58,255.0,45.0,323.32,31.0,254.0,18.0,383.95,37.0,289.16,68.32,63.0,68.0,16.311556332858242,255.0,323.32,131,-5.0,-32.0,-0.04,255.0,
07:41:59,255.0,15.0,276.69,13.0,254.0,6.0,315.27,11.0,265.85,21.69,21.0,24.0,10.417224678387427,255.0,276.69,45,-3.0,-86.0,-0.07,255.0,
07:42:00,255.0,32.0,259.0,21.0,254.0,14.0,282.0,35.0,257.0,4.0,46.0,56.0,15.726460186577574,255.0,259.0,102,-10.0,57.0,-0.1,255.0,3.0
07:42:01,255.0,16.0,433.73,26.0,254.0,16.0,612.88,24.0,344.37,178.73000000000002,32.0,50.0,34.0256202000786,255.0,433.73,82,-18.0,-20.0,-0.22,255.0,
07:42:03,255.71,14.0,409.28,29.0,254.56,18.0,475.22,27.0,332.5,153.56999999999996,32.0,56.0,53.670691536442526,255.71,409.28,88,-24.0,18.0,-0.27,255.67,3.0
