Time,Bid1_Price,Bid1_Volume,Ask1_Price,Ask1_Volume,Bid2_Price,Bid2_Volume,Ask2_Price,Ask2_Volume,Mid-Price,Bid_Ask_Spread,Market_Depth_Bid,Market_Depth_Ask,Historical_Volatility,Weighted_Avg_Bid_Price,Weighted_Avg_Ask_Price,Total_volume,Cumulative_Volume_Difference,Total_Volume_Change_Corrected,Order_imbalance,Weighted_Avg_Price,Trade_Volume
07:30:06,110.0,12.0,122.0,18.0,41.0,8.0,215.0,6.0,116.0,12.0,20.0,24.0,139.7203471939574,110.0,122.0,44,-4.0,-26.0,-0.09,,
07:30:07,110.02,43.0,115.61,41.0,53.18,34.0,130.64,36.0,112.82,5.590000000000003,77.0,77.0,42.508330712932015,110.02,115.61,154,0.0,110.0,0.0,111.0,1.0
07:30:08,110.0,52.0,111.0,9.0,74.4,50.0,112.33,45.0,110.5,1.0,102.0,54.0,28.40758138244082,110.0,111.0,156,48.0,2.0,0.31,110.0,1.0
07:30:09,110.0,19.0,112.25,8.0,91.0,12.0,114.05,19.0,111.12,2.25,31.0,27.0,16.4488382568496,110.0,112.25,58,4.0,-98.0,0.07,110.0,1.0
07:30:10,110.0,52.0,113.0,45.0,91.0,27.0,118.0,81.0,111.5,3.0,79.0,126.0,2.190552441736908,110.0,113.0,205,-47.0,147.0,-0.23,110.0,
07:30:11,110.0,32.0,113.0,20.0,97.4,10.0,118.0,36.0,111.5,3.0,42.0,56.0,0.8494233337973922,110.0,113.0,98,-14.0,-107.0,-0.14,110.0,
07:30:12,110.97,31.0,113.0,30.0,109.67,36.0,118.0,54.0,111.98,2.030000000000001,67.0,84.0,0.5506359959169672,110.97,113.0,151,-17.0,53.0,-0.11,112.0,1.0
07:30:13,110.67,36.0,113.0,35.0,108.23,39.0,118.0,63.0,111.83,2.3299999999999983,75.0,98.0,0.3341855771865129,110.67,113.0,173,-23.0,22.0,-0.13,112.0,3.0
07:30:14,110.0,32.0,113.0,20.0,91.5,12.0,118.0,36.0,111.5,3.0,44.0,56.0,0.2280789337038536,110.0,113.0,100,-12.0,-73.0,-0.12,112.0,
07:30:15,110.0,64.0,113.0,40.0,92.0,24.0,118.0,72.0,111.5,3.0,88.0,112.0,0.2280789337038536,110.0,113.0,200,-24.0,100.0,-0.12,112.0,
07:30:16,110.0,88.0,112.37,19.0,100.84,57.0,114.43,63.0,111.18,2.3700000000000045,145.0,82.0,0.3137196200422964,110.0,112.37,227,63.0,27.0,0.28,112.0,
07:30:17,110.0,52.0,112.88,32.0,104.0,84.0,116.38,64.0,111.44,2.8799999999999955,136.0,96.0,0.2315167380546774,110.0,112.88,232,40.0,5.0,0.17,110.0,3.0
07:30:18,110.0,40.0,113.0,40.0,98.34,29.0,117.0,72.0,111.5,3.0,69.0,112.0,0.1388524396597881,110.0,113.0,181,-43.0,-51.0,-0.24,110.0,
07:30:19,110.07,27.0,113.0,35.0,107.09,22.0,117.0,63.0,111.54,2.930000000000007,49.0,98.0,0.145327216994877,110.07,113.0,147,-49.0,-34.0,-0.33,110.0,
07:30:20,111.44,16.0,113.0,70.0,109.56,73.0,117.0,126.0,112.22,1.5600000000000025,89.0,196.0,0.3863677005127206,111.44,113.0,285,-107.0,138.0,-0.38,110.67,3.0
07:30:21,107.82,33.0,113.0,40.0,105.74,46.0,117.0,72.0,110.41,5.180000000000007,79.0,112.0,0.6483209081924463,107.82,113.0,191,-33.0,-94.0,-0.17,108.4,5.0
07:30:22,106.0,30.0,113.0,25.0,104.0,10.0,117.0,45.0,109.5,7.0,40.0,70.0,1.0749790695634245,106.0,113.0,110,-30.0,-81.0,-0.27,108.4,
07:30:23,105.8,50.0,113.0,55.0,102.44,27.0,117.0,99.0,109.4,7.200000000000003,77.0,154.0,1.2442989994367957,105.8,113.0,231,-77.0,121.0,-0.33,108.4,
07:30:24,99.04,54.0,113.0,45.0,99.0,28.0,117.0,81.0,106.02,13.959999999999994,82.0,126.0,2.255349196909282,99.04000000000002,113.0,208,-44.0,-23.0,-0.21,104.5,4.0
07:30:25,98.5,40.0,113.0,60.0,97.45,56.0,117.0,108.0,105.75,14.5,96.0,168.0,2.1660863325360022,98.5,113.0,264,-72.0,56.0,-0.27,104.5,
07:30:26,100.05,57.0,112.22,46.0,99.05,43.0,115.75,88.0,106.14,12.170000000000002,100.0,134.0,1.911627578792279,100.05,112.22,234,-34.0,-30.0,-0.15,104.5,
07:30:27,104.0,30.0,110.71,38.0,100.0,75.0,112.25,59.0,107.36,6.709999999999994,105.0,97.0,1.5108209688772554,104.0,110.71,202,8.0,-32.0,0.04,104.5,
07:30:28,104.88,32.0,108.88,41.0,102.95,38.0,110.0,49.0,106.88,4.0,70.0,90.0,0.6674578638379954,104.88,108.88,160,-20.0,-42.0,-0.12,104.5,
07:30:29,104.83,24.0,106.94,36.0,103.73,22.0,108.37,43.0,105.89,2.1099999999999994,46.0,79.0,0.6895868328203332,104.83,106.94,125,-33.0,-35.0,-0.26,105.0,2.0
07:30:30,104.0,18.0,107.25,32.0,101.0,9.0,108.18,44.0,105.62,3.25,27.0,76.0,0.7220941766827759,104.0,107.25,103,-49.0,-22.0,-0.48,105.0,
07:30:31,104.0,16.0,107.0,20.0,101.0,8.0,108.0,40.0,105.5,3.0,24.0,60.0,0.8243178998415429,104.0,107.0,84,-36.0,-19.0,-0.43,107.0,1.0
07:30:32,104.0,24.0,105.63,19.0,101.0,12.0,108.0,60.0,104.82,1.6299999999999957,36.0,79.0,0.7484116514319904,104.0,105.63,115,-43.0,31.0,-0.37,105.0,1.0
07:30:33,104.0,24.0,105.0,12.0,101.0,12.0,108.0,95.0,104.5,1.0,36.0,107.0,0.5820481079766069,104.0,105.0,143,-71.0,28.0,-0.5,105.0,
07:30:34,101.0,10.0,102.5,16.0,100.0,53.0,106.43,23.0,101.75,1.5,63.0,39.0,1.5732196286593692,101.0,102.5,102,24.0,-41.0,0.24,104.0,2.0
07:30:35,99.84,37.0,101.57,35.0,98.9,49.0,102.62,16.0,100.7,1.7299999999999898,86.0,51.0,2.0996618775410223,99.84,101.57,137,35.0,35.0,0.26,100.17,6.0
07:30:36,98.0,48.0,100.64,28.0,94.0,32.0,103.5,20.0,99.32,2.640000000000001,80.0,48.0,2.3926805052073044,98.0,100.64,128,32.0,-9.0,0.25,104.79,14.0
07:30:40,109.96,57.0,366.0,35.0,108.71,17.0,618.75,16.0,237.98,256.04,74.0,51.0,96.53505881284788,109.96,366.0,125,23.0,22.0,0.18,104.79,
07:30:41,110.08,104.0,366.0,60.0,109.69,52.0,526.32,50.0,238.04,255.92,156.0,110.0,45.95756107540951,110.08,366.0,266,46.0,141.0,0.17,110.0,6.0
07:30:42,112.0,16.0,145.5,40.0,111.0,16.0,348.58,38.0,128.75,33.5,32.0,78.0,76.12599963218871,112.0,145.5,110,-46.0,-156.0,-0.42,110.0,
07:30:43,112.0,16.0,375.5,40.0,111.0,16.0,640.1,30.0,243.75,263.5,32.0,70.0,61.75892121790985,112.0,375.5,102,-38.0,-8.0,-0.37,110.0,
07:30:44,112.0,18.0,329.75,16.0,111.0,18.0,357.58,26.0,220.88,217.75,36.0,42.0,48.35506540167219,112.0,329.75,78,-6.0,-24.0,-0.08,110.0,
07:30:45,112.0,26.0,325.85,33.0,111.0,26.0,327.43,23.0,218.92,213.85,52.0,56.0,46.70327686576173,112.0,325.85,108,-4.0,30.0,-0.04,110.0,
07:30:46,111.2,20.0,258.33,36.0,110.07,60.0,325.04,23.0,184.77,147.13,80.0,59.0,44.76271249600492,111.2,258.33,139,21.0,31.0,0.15,112.0,2.0
07:30:47,111.0,18.0,311.73,26.0,110.0,63.0,320.79,14.0,211.37,200.73,81.0,40.0,21.208099160462144,111.0,311.73,121,41.0,-18.0,0.34,112.0,
07:30:48,110.41,34.0,317.71,35.0,109.32,74.0,319.09,23.0,214.06,207.3,108.0,58.0,14.60183378894565,110.41,317.71,166,50.0,45.0,0.3,110.4,5.0
07:30:49,111.14,37.0,295.15,13.0,109.17,48.0,310.19,26.0,203.14,184.01,85.0,39.0,13.403338017076006,111.14,295.15,124,46.0,-42.0,0.37,110.4,
07:30:50,110.8,35.0,223.71,24.0,108.81,59.0,224.93,15.0,167.25,112.91,94.0,39.0,19.786269734338383,110.8,223.71,133,55.0,9.0,0.41,111.5,4.0
07:30:51,110.0,24.0,218.0,10.0,108.0,40.0,219.42,12.0,164.0,108.0,64.0,22.0,24.40540985109644,110.0,218.0,86,42.0,-47.0,0.49,111.5,
07:30:52,110.75,84.0,213.86,22.0,108.87,62.0,215.12,26.0,162.31,103.11,146.0,48.0,24.51472149546054,110.75,213.86,194,98.0,108.0,0.51,111.5,
07:30:53,111.0,91.0,210.53,15.0,110.0,39.0,211.85,13.0,160.77,99.53,130.0,28.0,17.853507498527996,111.0,210.53,158,102.0,-36.0,0.65,111.5,
07:30:54,111.0,140.0,151.08,51.0,110.0,60.0,149.57,46.0,131.04,40.08000000000001,200.0,97.0,14.75098064536714,111.0,151.08,297,103.0,139.0,0.35,111.5,
07:30:55,111.0,98.0,124.13,30.0,110.0,42.0,125.24,21.0,117.57,13.129999999999995,140.0,51.0,21.41121365079515,111.0,124.12999999999998,191,89.0,-106.0,0.47,111.5,
07:30:56,111.0,77.0,122.76,29.0,110.0,33.0,123.5,24.0,116.88,11.760000000000003,110.0,53.0,22.47732702080026,111.0,122.76,163,57.0,-28.0,0.35,111.5,
07:30:57,111.0,77.0,119.64,11.0,110.0,33.0,120.64,11.0,115.32,8.64,110.0,22.0,19.208311482272407,111.0,119.64,132,88.0,-31.0,0.67,111.5,
07:30:58,111.3,70.0,116.2,25.0,110.7,70.0,117.36,14.0,113.75,4.900000000000006,140.0,39.0,6.938427055176026,111.3,116.2,179,101.0,47.0,0.56,111.5,
07:30:59,112.0,28.0,115.71,28.0,111.0,126.0,116.38,26.0,113.86,3.7099999999999937,154.0,54.0,1.7299508663540275,112.0,115.71,208,100.0,29.0,0.48,112.0,2.0
07:31:00,111.02,57.0,112.93,27.0,110.08,87.0,114.79,28.0,111.97,1.9100000000000108,144.0,55.0,1.8443237242954904,111.02,112.93,199,89.0,-9.0,0.45,111.14,7.0
07:31:01,110.08,39.0,112.17,12.0,108.24,102.0,116.52,21.0,111.12,2.0900000000000034,141.0,33.0,1.6637097102557703,110.08,112.17,174,108.0,-25.0,0.62,111.0,1.0
07:31:02,110.4,47.0,113.76,17.0,108.57,98.0,198.88,34.0,112.08,3.3599999999999994,145.0,51.0,1.1998041506843662,110.4,113.76,196,94.0,22.0,0.48,111.0,5.0
07:31:03,111.0,9.0,151.22,18.0,110.0,36.0,305.5,24.0,131.11,40.22,45.0,42.0,8.489839221092419,111.0,151.22,87,3.0,-109.0,0.03,111.0,
07:31:04,111.0,7.0,173.43,14.0,110.0,28.0,317.0,14.0,142.21,62.43000000000001,35.0,28.0,14.215852770762591,111.0,173.43,63,7.0,-24.0,0.11,111.0,
07:31:05,111.97,62.0,163.0,26.0,110.58,19.0,317.0,26.0,137.48,51.03,81.0,52.0,14.427815149910874,111.97,163.0,133,29.0,70.0,0.22,111.0,
07:31:06,112.0,56.0,162.17,12.0,111.0,7.0,360.29,14.0,137.08,50.16999999999999,63.0,26.0,11.807614915807392,112.0,162.17,89,37.0,-44.0,0.42,111.0,
07:31:07,112.0,40.0,158.0,5.0,111.0,5.0,308.0,10.0,135.0,46.0,45.0,15.0,4.036524495156278,112.0,158.0,60,30.0,-29.0,0.5,111.0,
07:31:08,112.0,64.0,155.78,9.0,111.0,8.0,298.0,15.0,133.89,43.78,72.0,24.0,3.2002296792568856,112.0,155.78,96,48.0,36.0,0.5,111.0,
07:31:09,112.0,94.0,146.78,49.0,111.0,14.0,152.0,20.0,129.39,34.78,108.0,69.0,3.2499184605151044,112.0,146.78,177,39.0,81.0,0.22,112.0,3.0
07:31:10,112.0,50.0,145.1,50.0,111.0,10.0,146.57,42.0,128.55,33.099999999999994,60.0,92.0,3.675441470081799,112.0,145.1,152,-32.0,-25.0,-0.21,112.0,
07:31:11,112.0,70.0,142.86,70.0,111.0,14.0,144.5,70.0,127.43,30.860000000000014,84.0,140.0,3.375725107291346,112.0,142.86,224,-56.0,72.0,-0.25,112.0,
07:31:12,112.0,40.0,140.88,40.0,111.0,8.0,143.0,40.0,126.44,28.879999999999995,48.0,80.0,2.8804166365297474,112.0,140.88,128,-32.0,-96.0,-0.25,112.0,
07:31:13,112.0,55.0,138.36,55.0,111.0,11.0,140.27,55.0,125.18,26.360000000000014,66.0,110.0,1.668343489811847,112.0,138.36,176,-44.0,48.0,-0.25,112.0,
07:31:14,111.98,52.0,137.31,80.0,110.68,22.0,138.94,80.0,124.65,25.33,74.0,160.0,1.5987025989838446,111.98,137.31,234,-86.0,58.0,-0.37,112.0,5.0
07:31:15,110.0,91.0,134.38,65.0,108.0,117.0,136.23,65.0,122.19,24.379999999999995,208.0,130.0,1.9919262034517808,110.0,134.38,338,78.0,104.0,0.23,110.25,4.0
07:31:16,110.0,40.0,131.15,34.0,108.0,90.0,133.5,46.0,120.57,21.15000000000001,130.0,80.0,2.3780937744332054,110.0,131.15,210,50.0,-128.0,0.24,110.25,
07:31:17,108.11,76.0,128.1,50.0,107.07,126.0,130.0,50.0,118.1,19.989999999999995,202.0,100.0,2.929619429208877,108.11,128.1,302,102.0,92.0,0.34,109.6,5.0
07:31:18,112.0,33.0,125.0,50.0,108.0,80.0,127.5,50.0,118.5,13.0,113.0,100.0,2.7105110219289363,112.0,125.0,213,13.0,-89.0,0.06,109.6,
07:31:19,112.0,111.0,124.0,45.0,108.0,72.0,125.0,45.0,118.0,12.0,183.0,90.0,1.84303282661985,112.0,124.0,273,93.0,60.0,0.34,112.0,4.0
07:31:20,112.0,99.0,123.71,41.0,108.0,72.0,124.78,45.0,117.85,11.709999999999994,171.0,86.0,1.1250911074212795,112.0,123.71,257,85.0,-16.0,0.33,112.0,
07:31:21,112.0,126.0,118.86,56.0,108.82,68.0,120.33,52.0,115.43,6.859999999999999,194.0,108.0,1.2235726378105043,112.0,118.86,302,86.0,45.0,0.28,112.0,3.0
07:31:22,112.0,52.0,116.43,61.0,110.0,52.0,118.72,29.0,114.21,4.430000000000007,104.0,90.0,1.8719962606796683,112.0,116.43,194,14.0,-108.0,0.07,112.0,4.0
07:31:23,111.8,40.0,114.0,26.0,109.64,44.0,128.35,31.0,112.9,2.200000000000003,84.0,57.0,2.238474927266059,111.8,114.0,141,27.0,-53.0,0.19,112.0,4.0
07:31:24,110.0,44.0,113.67,9.0,108.0,72.0,312.38,16.0,111.83,3.6700000000000017,116.0,25.0,2.336916772159197,110.0,113.67,141,91.0,0.0,0.65,112.0,
07:31:25,108.6,80.0,110.96,24.0,106.53,152.0,149.75,12.0,109.78,2.3599999999999994,232.0,36.0,2.1778314902671427,108.6,110.96,268,196.0,127.0,0.73,110.0,5.0
07:31:26,108.0,64.0,110.5,10.0,106.0,160.0,146.4,10.0,109.25,2.5,224.0,20.0,2.0850491600917604,108.0,110.5,244,204.0,-24.0,0.84,108.4,5.0
07:31:27,108.0,40.0,109.9,10.0,106.0,160.0,262.12,16.0,108.95,1.9000000000000057,200.0,26.0,1.7323019367302877,108.0,109.9,226,174.0,-18.0,0.77,108.4,
07:31:28,108.0,31.0,129.75,8.0,106.0,128.0,279.8,10.0,118.88,21.75,159.0,18.0,4.147694540343986,108.0,129.75,177,141.0,-49.0,0.8,108.0,1.0
07:31:29,109.79,42.0,147.94,16.0,106.77,79.0,249.88,24.0,128.86,38.14999999999999,121.0,40.0,8.71727767138336,109.79,147.94,161,81.0,-16.0,0.5,108.0,
07:31:30,111.31,39.0,145.31,13.0,107.88,26.0,324.13,15.0,128.31,34.0,65.0,28.0,9.745032067674195,111.31,145.31,93,37.0,-68.0,0.4,112.0,3.0
07:31:31,108.0,16.0,249.6,20.0,106.07,86.0,286.24,21.0,178.8,141.6,102.0,41.0,26.991964545027045,108.0,249.6,143,61.0,50.0,0.43,112.0,
07:31:32,110.07,15.0,135.54,41.0,108.18,11.0,272.5,14.0,122.8,25.47,26.0,55.0,24.5366338359604,110.07,135.54,81,-29.0,-62.0,-0.36,112.0,
07:31:33,112.0,34.0,134.27,44.0,110.0,11.0,409.23,13.0,123.14,22.27000000000001,45.0,57.0,23.87910006679474,112.0,134.27,102,-12.0,21.0,-0.12,112.0,3.0
07:31:34,109.2,10.0,133.0,32.0,106.04,113.0,307.57,21.0,121.1,23.8,123.0,53.0,24.7273189003579,109.2,133.0,176,70.0,74.0,0.4,111.5,4.0
07:31:35,108.0,8.0,132.12,32.0,106.0,128.0,330.44,18.0,120.06,24.120000000000005,136.0,50.0,25.53326849426053,108.0,132.12,186,86.0,10.0,0.46,111.5,
07:31:36,108.0,7.0,131.57,28.0,106.0,112.0,225.0,7.0,119.79,23.569999999999997,119.0,35.0,1.5380897243005045,108.0,131.57,154,84.0,-32.0,0.55,111.5,
07:31:37,106.16,87.0,127.0,48.0,105.64,137.0,147.67,18.0,116.58,20.840000000000003,224.0,66.0,2.3834806481276445,106.16,127.0,290,158.0,136.0,0.54,108.0,1.0
07:31:38,106.0,156.0,107.0,52.0,104.0,54.0,141.5,16.0,106.5,1.0,210.0,68.0,6.004080279276712,106.0,107.0,278,142.0,-12.0,0.51,106.0,8.0
07:31:39,106.0,38.0,107.0,28.0,104.0,28.0,248.7,27.0,106.5,1.0,66.0,55.0,6.8800276162236464,106.0,107.0,121,11.0,-157.0,0.09,106.0,3.0
07:31:40,106.13,46.0,190.57,42.0,104.27,37.0,391.23,39.0,148.35,84.44,83.0,81.0,17.167726407419213,106.13,190.57,164,2.0,43.0,0.01,107.0,4.0
07:31:41,105.38,16.0,223.83,60.0,103.92,24.0,345.0,29.0,164.6,118.45000000000002,40.0,89.0,26.49206824693001,105.38,223.83,129,-49.0,-35.0,-0.38,105.44,9.0
07:31:42,104.0,8.0,223.0,40.0,103.0,8.0,224.0,40.0,163.5,119.0,16.0,80.0,29.36567724402072,104.0,223.0,96,-64.0,-33.0,-0.67,105.44,
07:31:43,104.0,9.0,214.56,45.0,103.0,9.0,223.56,45.0,159.28,110.56,18.0,90.0,24.312683521158142,104.0,214.56,108,-72.0,12.0,-0.67,105.44,
07:31:44,104.0,13.0,148.69,62.0,103.0,13.0,195.0,60.0,126.35,44.69,26.0,122.0,15.924730139000609,104.0,148.69,148,-96.0,40.0,-0.65,105.44,
07:31:45,84.61,28.0,104.49,61.0,68.86,35.0,122.52,58.0,94.55,19.879999999999995,63.0,119.0,30.68974470405376,84.61,104.49,182,-56.0,34.0,-0.31,103.4,5.0
07:31:46,80.46,26.0,103.17,36.0,69.46,41.0,127.62,39.0,91.81,22.710000000000008,67.0,75.0,34.153921736749325,80.46000000000001,103.17,142,-8.0,-40.0,-0.06,103.4,
07:31:47,81.41,17.0,156.54,13.0,80.87,23.0,314.34,29.0,118.98,75.13,40.0,42.0,27.433336107735776,81.41,156.54,82,-2.0,-60.0,-0.02,102.71,7.0
07:31:48,109.02,98.0,187.75,24.0,89.77,22.0,239.46,24.0,148.39,78.73,120.0,48.0,23.507298441122487,109.02,187.75,168,72.0,86.0,0.43,102.71,
07:31:49,112.0,95.0,113.91,22.0,110.0,28.0,121.69,26.0,112.95,1.9099999999999968,123.0,48.0,22.78743688965479,112.0,113.91,171,75.0,3.0,0.44,102.71,
07:31:50,112.0,101.0,131.19,31.0,110.0,40.0,193.17,35.0,121.6,19.19,141.0,66.0,20.28613146955326,112.0,131.19,207,75.0,36.0,0.36,112.0,6.0
07:31:51,112.0,64.0,200.75,16.0,110.0,32.0,245.12,34.0,156.38,88.75,96.0,50.0,19.38440997296532,112.0,200.75,146,46.0,-61.0,0.32,112.0,
07:31:52,112.0,80.0,188.08,26.0,110.0,40.0,200.8,20.0,150.04,76.08000000000001,120.0,46.0,19.281588886811083,112.0,188.08,166,74.0,20.0,0.45,112.0,
07:31:53,112.0,164.0,168.61,41.0,110.0,52.0,195.0,32.0,140.3,56.610000000000014,216.0,73.0,18.50199935142137,112.0,168.61,289,143.0,123.0,0.49,112.0,
07:31:54,112.0,78.0,166.57,14.0,110.0,28.0,174.0,14.0,139.29,54.56999999999999,106.0,28.0,13.197326244357084,112.0,166.57,134,78.0,-155.0,0.58,112.0,4.0
07:31:55,112.0,144.0,165.0,24.0,110.0,48.0,304.57,28.0,138.5,53.0,192.0,52.0,7.93413637392223,112.0,165.0,244,140.0,110.0,0.57,112.0,
07:31:56,112.0,112.0,163.1,20.0,110.0,48.0,354.0,20.0,137.55,51.1,160.0,40.0,5.079264710565519,112.0,163.1,200,120.0,-44.0,0.6,112.0,2.0
07:31:57,112.0,72.0,161.5,16.0,110.0,40.0,267.6,10.0,136.75,49.5,112.0,26.0,1.3988102087119112,112.0,161.5,138,86.0,-62.0,0.62,112.0,4.0
07:31:58,112.0,42.0,161.0,14.0,110.0,35.0,359.14,7.0,136.5,49.0,77.0,21.0,1.1759549311078148,112.0,161.0,98,56.0,-40.0,0.57,112.0,
07:31:59,112.0,54.0,159.69,26.0,110.0,45.0,257.0,20.0,135.85,47.69,99.0,46.0,1.022619186206153,112.0,159.69,145,53.0,47.0,0.37,112.0,
07:32:00,112.0,72.0,158.0,26.0,110.0,65.0,159.0,52.0,135.0,46.0,137.0,78.0,0.960858990693791,112.0,158.0,215,59.0,70.0,0.27,112.0,3.0
07:32:01,112.0,39.0,157.88,25.0,110.57,35.0,158.96,50.0,134.94,45.88,74.0,75.0,0.8328085013958566,112.0,157.88,149,-1.0,-66.0,-0.01,112.0,
07:32:02,112.0,24.0,153.5,24.0,111.0,16.0,154.82,22.0,132.75,41.5,40.0,46.0,1.417593030455997,112.0,153.5,86,-6.0,-63.0,-0.07,112.0,
07:32:03,112.0,21.0,150.83,24.0,111.0,14.0,152.89,18.0,131.42,38.83000000000001,35.0,42.0,1.8387958016043124,112.0,150.83,77,-7.0,-9.0,-0.09,112.0,
07:32:04,112.0,39.0,146.34,47.0,111.0,26.0,147.73,37.0,129.17,34.34,65.0,84.0,2.4698036359188373,112.0,146.34,149,-19.0,72.0,-0.13,112.0,
07:32:05,112.0,30.0,144.15,26.0,111.0,20.0,145.06,34.0,128.08,32.150000000000006,50.0,60.0,2.750812607212297,112.0,144.15,110,-10.0,-39.0,-0.09,112.0,
07:32:06,112.0,42.0,141.03,39.0,111.0,28.0,142.79,48.0,126.51,29.03,70.0,87.0,2.513827758618009,112.0,141.03,157,-17.0,47.0,-0.11,112.0,
07:32:07,111.93,45.0,137.39,61.0,110.26,31.0,138.16,45.0,124.66,25.45999999999998,76.0,106.0,2.5711028761989856,111.93,137.39,182,-30.0,25.0,-0.16,111.75,4.0
07:32:08,109.83,18.0,134.78,37.0,109.83,35.0,135.98,51.0,122.31,24.950000000000003,53.0,88.0,2.735896562372011,109.83,134.78,141,-35.0,-41.0,-0.25,110.25,4.0
07:32:09,108.0,98.0,133.0,52.0,107.0,28.0,134.36,50.0,120.5,25.0,126.0,102.0,3.0675511405678737,108.0,133.0,228,24.0,87.0,0.11,110.25,
07:32:10,111.53,59.0,131.14,58.0,107.98,86.0,132.3,40.0,121.33,19.609999999999985,145.0,98.0,2.4784813898836204,111.53,131.14,243,47.0,15.0,0.19,111.33,6.0
07:32:11,108.0,78.0,127.47,59.0,107.0,26.0,128.52,58.0,117.74,19.47,104.0,117.0,2.531001777952695,108.0,127.47,221,-13.0,-22.0,-0.06,111.33,
07:32:12,108.79,53.0,122.61,62.0,107.72,50.0,123.78,55.0,115.7,13.819999999999991,103.0,117.0,2.728613200876957,108.79,122.61,220,-14.0,-1.0,-0.06,112.0,2.0
07:32:13,108.03,67.0,121.45,40.0,107.0,18.0,122.15,39.0,114.74,13.420000000000002,85.0,79.0,2.886350637050226,108.03,121.45,164,6.0,-56.0,0.04,110.0,1.0
07:32:14,108.0,72.0,117.5,32.0,106.0,9.0,118.57,28.0,112.75,9.5,81.0,60.0,3.26554283389462,108.0,117.5,141,21.0,-23.0,0.15,110.0,
07:32:15,108.0,120.0,113.43,61.0,106.0,15.0,114.43,63.0,110.71,5.430000000000007,135.0,124.0,2.70526708478126,108.0,113.43,259,11.0,118.0,0.04,110.0,
07:32:16,108.0,80.0,111.0,40.0,106.0,10.0,112.0,40.0,109.5,3.0,90.0,80.0,2.615444512889008,108.0,111.0,170,10.0,-89.0,0.06,110.0,
07:32:17,108.0,86.0,110.18,51.0,106.0,12.0,111.5,48.0,109.09,2.180000000000007,98.0,99.0,2.3659818257969487,108.0,110.18,197,-1.0,27.0,-0.01,108.0,5.0
07:32:18,107.77,26.0,109.25,48.0,105.13,23.0,154.08,48.0,108.51,1.480000000000004,49.0,96.0,1.6809283149503176,107.77,109.25,145,-47.0,-52.0,-0.32,108.0,3.0
07:32:19,104.06,34.0,106.92,48.0,103.07,59.0,357.52,46.0,105.49,2.8599999999999994,93.0,94.0,1.947074728920802,104.06,106.92,187,-1.0,42.0,-0.01,105.0,2.0
07:32:21,79.62,26.0,100.44,36.0,25.0,58.0,121.33,48.0,90.03,20.819999999999997,84.0,84.0,7.7730881893879955,79.61999999999999,100.44,168,0.0,-80.0,0.0,100.0,1.0
07:32:22,81.25,16.0,99.55,22.0,30.17,12.0,330.5,32.0,90.4,18.3,28.0,54.0,8.759981164363534,81.25,99.55,82,-26.0,-86.0,-0.32,99.0,2.0
07:32:23,89.06,31.0,391.81,27.0,73.54,37.0,450.35,34.0,240.44,302.75,68.0,61.0,64.37498869902812,89.06,391.81,129,7.0,47.0,0.05,99.33,3.0
07:32:24,108.78,18.0,242.0,36.0,99.5,28.0,459.89,36.0,175.39,133.22,46.0,72.0,66.36442623876134,108.78,242.0,118,-26.0,-11.0,-0.22,99.33,
07:32:25,108.6,15.0,267.0,32.0,106.71,28.0,561.38,32.0,187.8,158.4,43.0,64.0,65.5160855820919,108.6,267.0,107,-21.0,-11.0,-0.2,109.0,1.0
07:32:28,98.79,19.0,102.0,21.0,63.0,20.0,272.0,25.0,100.39,3.2099999999999937,39.0,46.0,94.3024229275154,98.79,102.0,85,-7.0,-89.0,-0.08,102.0,4.0
07:32:29,99.38,24.0,123.18,17.0,89.11,27.0,247.54,35.0,111.28,23.80000000000001,51.0,52.0,98.15258707746824,99.38,123.18,103,-1.0,18.0,-0.01,103.67,6.0
07:32:30,101.89,35.0,275.58,33.0,100.41,27.0,341.88,32.0,188.73,173.69,62.0,65.0,98.21920245043728,101.89,275.58,127,-3.0,24.0,-0.02,103.67,
07:32:31,105.43,21.0,189.91,33.0,103.95,38.0,251.34,41.0,147.67,84.47999999999999,59.0,74.0,42.77054827799142,105.43,189.91,133,-15.0,6.0,-0.11,103.67,
07:32:32,107.82,22.0,189.0,30.0,87.74,23.0,337.0,40.0,148.41,81.18,45.0,70.0,34.983861707936,107.82,189.0,115,-25.0,-18.0,-0.22,108.17,6.0
07:32:39,95.0,16.0,122.13,15.0,74.25,8.0,149.11,9.0,108.57,27.129999999999995,24.0,24.0,6.2821532932591015,95.0,122.12999999999998,48,0.0,24.0,0.0,99.2,5.0
07:32:40,112.0,63.0,291.0,18.0,109.65,68.0,548.0,9.0,201.5,179.0,131.0,27.0,46.299648486786566,112.0,291.0,158,104.0,110.0,0.66,99.2,
07:32:41,112.0,35.0,221.43,7.0,111.0,15.0,290.75,8.0,166.71,109.43,50.0,15.0,48.05307825727706,112.0,221.43,65,35.0,-93.0,0.54,99.2,
07:32:42,112.0,70.0,171.33,12.0,111.0,30.0,242.1,10.0,141.67,59.33000000000001,100.0,22.0,43.09187104315603,112.0,171.33,122,78.0,57.0,0.64,99.2,
07:32:43,112.0,63.0,169.0,9.0,111.0,27.0,170.0,9.0,140.5,57.0,90.0,18.0,34.61046590267149,112.0,169.0,108,72.0,-14.0,0.67,99.2,
07:32:44,112.0,44.0,169.0,7.0,111.0,21.0,244.71,7.0,140.5,57.0,65.0,14.0,26.6792434300522,112.0,169.0,79,51.0,-29.0,0.65,112.0,1.0
07:32:45,112.0,54.0,165.25,12.0,111.0,27.0,202.47,15.0,138.62,53.25,81.0,27.0,11.851343805661374,112.0,165.25,108,54.0,29.0,0.5,112.0,
07:32:46,112.0,67.0,215.71,14.0,111.0,30.0,201.66,32.0,163.86,103.71,97.0,46.0,10.58286823124943,112.0,215.71,143,51.0,35.0,0.36,112.0,
07:32:47,112.0,75.0,244.27,26.0,110.67,49.0,424.92,25.0,178.13,132.27,124.0,51.0,17.79355557498234,112.0,244.27,175,73.0,32.0,0.42,112.0,3.0
07:32:48,112.0,28.0,168.0,40.0,110.0,160.0,265.81,26.0,140.0,56.0,188.0,66.0,17.877810827950526,112.0,168.0,254,122.0,79.0,0.48,112.0,2.0
07:32:49,112.0,24.0,165.6,40.0,110.14,112.0,178.32,31.0,138.8,53.6,136.0,71.0,18.17024545789036,112.0,165.6,207,65.0,-47.0,0.31,112.0,
07:32:50,111.75,36.0,162.08,48.0,110.67,54.0,167.0,48.0,136.92,50.33000000000001,90.0,96.0,18.493472361889896,111.75,162.08,186,-6.0,-21.0,-0.03,111.75,4.0
07:32:51,109.15,41.0,159.93,56.0,88.38,21.0,165.5,56.0,134.54,50.78,62.0,112.0,18.25812476679869,109.15000000000002,159.93,174,-50.0,-12.0,-0.29,109.9,10.0
07:32:52,110.0,16.0,156.12,32.0,103.22,9.0,158.5,32.0,133.06,46.120000000000005,25.0,64.0,2.883449323291787,110.0,156.12,89,-39.0,-85.0,-0.44,109.9,
07:32:53,108.1,116.0,126.31,49.0,105.83,30.0,146.48,46.0,117.2,18.210000000000008,146.0,95.0,8.616953057780574,108.1,126.31000000000002,241,51.0,152.0,0.21,108.8,5.0
07:32:54,108.0,108.0,110.3,40.0,103.0,10.0,112.13,46.0,109.15,2.299999999999997,118.0,86.0,12.280398202012698,108.0,110.3,204,32.0,-37.0,0.16,108.0,4.0
07:32:55,105.1,62.0,109.56,36.0,86.27,11.0,113.0,45.0,107.33,4.460000000000008,73.0,81.0,12.920322364399413,105.1,109.56,154,-8.0,-50.0,-0.05,107.44,9.0
07:32:56,90.67,24.0,109.0,32.0,71.56,27.0,314.0,40.0,99.83,18.33,51.0,72.0,12.648823265426822,90.67,109.0,123,-21.0,-31.0,-0.17,107.44,
07:32:57,103.85,26.0,171.07,29.0,78.25,16.0,394.12,33.0,137.46,67.22,42.0,62.0,14.398122447041574,103.85,171.07,104,-20.0,-19.0,-0.19,108.0,4.0
07:32:59,95.0,9.0,353.72,29.0,94.0,45.0,496.33,15.0,224.36,258.72,54.0,44.0,92.11685432101972,95.0,353.72,98,10.0,-25.0,0.1,108.0,
07:33:00,96.92,13.0,210.0,12.0,94.02,56.0,383.94,48.0,153.46,113.08,69.0,60.0,85.46444687704921,96.92,210.0,129,9.0,31.0,0.07,104.0,2.0
07:33:01,108.66,50.0,208.47,19.0,90.41,63.0,320.96,27.0,158.57,99.81,113.0,46.0,73.87014742099788,108.66,208.47,159,67.0,30.0,0.42,112.0,3.0
07:33:02,108.31,55.0,207.0,12.0,88.92,48.0,208.0,12.0,157.65,98.69,103.0,24.0,70.19570549542158,108.31,207.0,127,79.0,-32.0,0.62,112.0,4.0
07:33:03,108.02,54.0,204.33,12.0,58.58,31.0,207.08,12.0,156.18,96.31000000000002,85.0,24.0,30.425036236625505,108.02,204.33,109,61.0,-18.0,0.56,108.5,2.0
07:33:04,108.38,24.0,125.87,23.0,94.17,48.0,138.91,22.0,117.12,17.49000000000001,72.0,45.0,17.701481011485615,108.38,125.87,117,27.0,8.0,0.23,108.5,
07:33:05,110.0,6.0,121.0,12.0,108.0,24.0,150.33,9.0,115.5,11.0,30.0,21.0,22.565815518167952,110.0,121.0,51,9.0,-66.0,0.18,108.5,
07:33:06,110.0,11.0,119.74,19.0,108.0,44.0,149.67,24.0,114.87,9.739999999999997,55.0,43.0,22.52414104910537,110.0,119.74,98,12.0,47.0,0.12,108.5,
07:33:07,108.15,26.0,114.82,11.0,74.56,34.0,116.32,19.0,111.49,6.669999999999988,60.0,30.0,18.64342162801661,108.15,114.82,90,30.0,-8.0,0.33,109.0,2.0
07:33:08,108.0,18.0,110.0,12.0,85.0,46.0,112.0,8.0,109.0,2.0,64.0,20.0,3.2872982827850183,108.0,110.0,84,44.0,-6.0,0.52,109.0,
07:33:09,76.44,45.0,107.88,26.0,59.16,77.0,223.05,21.0,92.16,31.44,122.0,47.0,9.561753500274063,76.44,107.88,169,75.0,85.0,0.44,108.0,3.0
07:33:10,90.24,17.0,104.0,12.0,83.29,17.0,107.33,6.0,97.12,13.760000000000003,34.0,18.0,9.778433923691704,90.24,104.0,52,16.0,-117.0,0.31,101.67,3.0
07:33:11,91.0,21.0,431.16,19.0,76.64,42.0,106.67,9.0,261.08,340.16,63.0,28.0,71.39958333211752,91.0,431.16,91,35.0,39.0,0.38,103.86,7.0
07:33:12,101.5,24.0,403.06,18.0,90.17,40.0,401.15,20.0,252.28,301.56,64.0,38.0,86.40432118823676,101.5,403.06,102,26.0,11.0,0.25,103.86,
07:33:13,112.0,12.0,254.5,8.0,106.0,12.0,300.75,12.0,183.25,142.5,24.0,20.0,81.16968165515974,112.0,254.5,44,4.0,-58.0,0.09,103.86,
07:33:14,112.0,9.0,297.0,9.0,106.0,9.0,388.0,6.0,204.5,185.0,18.0,15.0,65.8567481735924,112.0,297.0,33,3.0,-11.0,0.09,103.86,
07:33:15,108.4,10.0,316.16,19.0,104.71,21.0,400.38,16.0,212.28,207.76,31.0,35.0,32.95495895916055,108.4,316.16,66,-4.0,33.0,-0.06,110.5,4.0
07:33:16,106.0,15.0,388.0,16.0,94.5,32.0,629.75,24.0,247.0,282.0,47.0,40.0,29.24600006838469,106.0,388.0,87,7.0,21.0,0.08,104.5,4.0
07:33:17,108.0,18.0,336.92,12.0,103.0,6.0,351.0,9.0,222.46,228.92,24.0,21.0,23.448296739847866,108.0,336.92,45,3.0,-42.0,0.07,104.5,
07:33:18,108.36,22.0,331.67,18.0,106.33,18.0,336.71,14.0,220.02,223.31,40.0,32.0,16.023910883425337,108.36,331.67,72,8.0,27.0,0.11,104.5,
07:33:19,110.0,7.0,288.63,19.0,108.0,21.0,327.67,12.0,199.32,178.63,28.0,31.0,17.479126980486107,110.0,288.63,59,-3.0,-13.0,-0.05,104.5,
07:33:20,110.77,31.0,266.6,15.0,108.17,23.0,333.12,16.0,188.69,155.83000000000004,54.0,31.0,22.5925346076964,110.77,266.6,85,23.0,26.0,0.27,104.5,
07:33:21,110.84,43.0,267.67,15.0,108.62,13.0,353.0,18.0,189.25,156.83,56.0,33.0,16.3650502596223,110.84,267.67,89,23.0,4.0,0.26,110.71,17.0
07:33:22,108.0,7.0,194.12,16.0,103.0,7.0,318.29,7.0,151.06,86.12,14.0,23.0,25.030550733053584,108.0,194.12,37,-9.0,-52.0,-0.24,110.71,
07:33:23,109.97,35.0,235.09,23.0,107.23,13.0,270.76,17.0,172.53,125.12,48.0,40.0,18.89127444086218,109.97,235.09,88,8.0,51.0,0.09,110.71,
07:33:24,111.0,39.0,204.58,19.0,108.0,13.0,215.69,13.0,157.79,93.58,52.0,32.0,17.440719021874525,111.0,204.58,84,20.0,-4.0,0.24,110.71,
07:33:25,111.0,39.0,171.71,31.0,108.0,13.0,191.73,22.0,141.35,60.71000000000001,52.0,53.0,18.818139653004483,111.0,171.71,105,-1.0,21.0,-0.01,110.71,
07:33:26,109.52,21.0,167.08,13.0,104.87,15.0,169.46,13.0,138.3,57.56000000000002,36.0,26.0,13.754898400205786,109.52,167.07999999999998,62,10.0,-43.0,0.16,109.5,6.0
07:33:27,104.0,6.0,120.67,18.0,103.0,6.0,147.11,9.0,112.33,16.67,12.0,27.0,22.61398018925432,104.0,120.67,39,-15.0,-23.0,-0.38,109.5,
07:33:28,104.0,11.0,109.36,11.0,103.0,11.0,111.26,23.0,106.68,5.359999999999999,22.0,34.0,21.317407206318308,104.0,109.36,56,-12.0,17.0,-0.21,109.5,
07:33:29,104.0,15.0,106.93,15.0,103.0,15.0,108.47,15.0,105.47,2.930000000000007,30.0,30.0,17.568959274811814,104.0,106.93,60,0.0,4.0,0.0,109.5,
07:33:30,98.56,9.0,104.89,9.0,67.67,15.0,133.58,12.0,101.72,6.329999999999998,24.0,21.0,14.70009013577806,98.56,104.89,45,3.0,-15.0,0.07,103.5,2.0
07:33:33,76.71,76.0,297.4,40.0,48.78,32.0,496.17,48.0,187.06,220.69,108.0,88.0,37.80191291456014,76.71,297.4,196,20.0,-53.0,0.1,103.5,
07:33:34,108.0,30.0,341.4,40.0,106.0,10.0,492.8,40.0,224.7,233.4,40.0,80.0,47.42916275879196,108.0,341.4,120,-40.0,-76.0,-0.33,103.5,
07:33:35,109.6,30.0,353.9,29.0,107.8,20.0,404.1,29.0,231.75,244.3,50.0,58.0,40.38691372214478,109.6,353.9,108,-8.0,-12.0,-0.07,103.5,
07:33:36,110.0,28.0,204.86,28.0,108.0,21.0,338.43,28.0,157.43,94.86,49.0,56.0,33.178563410732,110.0,204.86,105,-7.0,-3.0,-0.07,103.5,
07:33:37,111.63,19.0,204.9,40.0,110.1,31.0,378.37,38.0,158.27,93.27,50.0,78.0,35.37806198762116,111.63,204.9,128,-28.0,23.0,-0.22,112.0,4.0
07:33:38,108.12,25.0,216.49,35.0,107.33,12.0,319.26,35.0,162.3,108.37,37.0,70.0,37.86053288056004,108.12,216.49,107,-33.0,-21.0,-0.31,110.2,5.0
07:33:39,108.0,24.0,168.64,14.0,106.0,8.0,195.5,18.0,138.32,60.63999999999999,32.0,32.0,35.95423382579548,108.0,168.64,64,0.0,-43.0,0.0,110.2,
07:33:40,108.0,26.0,168.0,9.0,106.0,9.0,221.0,45.0,138.0,60.0,35.0,54.0,11.74284590718893,108.0,168.0,89,-19.0,25.0,-0.21,108.0,3.0
07:33:41,108.88,24.0,167.05,42.0,107.4,10.0,241.24,21.0,137.96,58.170000000000016,34.0,63.0,12.238897009125676,108.88,167.05,97,-29.0,8.0,-0.3,109.0,3.0
07:33:42,108.0,11.0,158.16,38.0,106.0,11.0,166.2,41.0,133.08,50.16,22.0,79.0,11.591993788817666,108.0,158.16,101,-57.0,4.0,-0.56,109.0,
07:33:43,108.0,6.0,163.45,22.0,106.0,6.0,164.23,26.0,135.73,55.44999999999999,12.0,48.0,2.23123732489159,108.0,163.45,60,-36.0,-41.0,-0.6,109.0,
07:33:44,108.0,14.0,162.14,51.0,106.0,14.0,163.17,58.0,135.07,54.13999999999999,28.0,109.0,2.0797043059025664,108.0,162.14,137,-81.0,77.0,-0.59,109.0,
07:33:45,104.0,24.0,158.42,57.0,103.0,36.0,160.37,27.0,131.21,54.41999999999999,60.0,84.0,2.5782455274838147,104.0,158.42,144,-24.0,7.0,-0.17,106.0,3.0
07:33:46,102.87,45.0,154.72,53.0,98.03,38.0,157.66,64.0,128.79,51.85,83.0,117.0,2.846994906913454,102.87000000000002,154.72,200,-34.0,56.0,-0.17,103.4,5.0
07:33:53,90.56,16.0,102.23,44.0,89.12,24.0,105.38,32.0,96.39,11.670000000000002,40.0,76.0,1.9919538147277456,90.56,102.23,116,-36.0,28.0,-0.31,103.4,
07:33:54,92.35,34.0,100.13,53.0,91.52,27.0,101.33,33.0,96.24,7.780000000000001,61.0,86.0,2.0372530525214425,92.35,100.13,147,-25.0,31.0,-0.17,103.4,
07:33:57,93.17,12.0,99.67,48.0,59.5,24.0,100.29,28.0,96.42,6.5,36.0,76.0,0.6772887124459895,93.17,99.67,112,-40.0,-24.0,-0.36,98.0,2.0
07:33:58,94.76,17.0,103.27,44.0,78.84,25.0,116.23,13.0,99.02,8.509999999999991,42.0,57.0,1.1170138763715167,94.76,103.27,99,-15.0,-13.0,-0.15,101.53,17.0
07:33:59,103.04,25.0,202.08,12.0,89.1,29.0,229.25,12.0,152.56,99.04,54.0,24.0,24.57380149671601,103.04,202.08,78,30.0,-21.0,0.38,101.53,
07:34:00,105.25,20.0,320.56,18.0,103.68,28.0,409.71,14.0,212.9,215.31,48.0,32.0,51.25129188615632,105.25,320.56,80,16.0,2.0,0.2,101.53,
07:34:01,109.94,65.0,181.92,13.0,105.23,13.0,282.29,14.0,145.93,71.97999999999999,78.0,27.0,47.63553169641323,109.94,181.92,105,51.0,25.0,0.49,101.53,
07:34:02,110.0,124.0,123.43,42.0,106.0,12.0,180.43,21.0,116.71,13.430000000000009,136.0,63.0,43.53738083532343,110.0,123.43,199,73.0,94.0,0.37,110.0,3.0
07:34:03,110.0,106.0,148.35,34.0,106.0,12.0,258.86,28.0,129.18,38.35,118.0,62.0,37.11679309961982,110.0,148.35,180,56.0,-19.0,0.31,110.0,1.0
07:34:04,110.97,62.0,177.86,14.0,109.43,28.0,385.37,27.0,144.41,66.89000000000001,90.0,41.0,37.23495709679261,110.97,177.86,131,49.0,-49.0,0.37,110.0,
07:34:05,112.0,70.0,176.29,14.0,110.0,56.0,274.82,22.0,144.14,64.28999999999999,126.0,36.0,12.788488182736492,112.0,176.29,162,90.0,31.0,0.56,110.0,
07:34:06,112.0,30.0,174.0,6.0,110.0,24.0,433.0,3.0,143.0,62.0,54.0,9.0,12.281016651726803,112.0,174.0,63,45.0,-99.0,0.71,110.0,
07:34:07,112.0,85.0,173.33,18.0,110.0,58.0,431.04,28.0,142.67,61.33000000000001,143.0,46.0,6.4706452537586605,112.0,173.33,189,97.0,126.0,0.51,112.0,5.0
07:34:08,112.0,16.0,173.0,10.0,110.0,30.0,473.0,20.0,142.5,61.0,46.0,30.0,0.8739164719747121,112.0,173.0,76,16.0,-113.0,0.21,112.0,3.0
07:34:09,112.0,14.0,185.35,20.0,110.0,42.0,381.67,30.0,148.68,73.35,56.0,50.0,2.585772611810355,112.0,185.35,106,6.0,30.0,0.06,112.0,
07:34:10,110.16,25.0,196.67,45.0,108.19,62.0,400.0,45.0,153.41,86.50999999999999,87.0,90.0,4.858391709196374,110.16,196.67,177,-3.0,71.0,-0.02,110.57,7.0
07:34:11,110.0,14.0,193.93,70.0,108.0,107.0,431.46,37.0,151.96,83.93,121.0,107.0,5.097776966481329,110.0,193.93,228,14.0,51.0,0.06,110.57,
07:34:12,108.5,24.0,190.89,45.0,107.9,63.0,430.64,22.0,149.69,82.38999999999999,87.0,67.0,4.2050766937104935,108.5,190.89,154,20.0,-74.0,0.13,108.4,5.0
07:34:13,108.02,55.0,159.29,38.0,106.8,15.0,183.9,49.0,133.65,51.27,70.0,87.0,7.950287416187387,108.02,159.29,157,-17.0,3.0,-0.11,108.4,
07:34:14,110.71,28.0,142.09,66.0,108.18,66.0,143.44,48.0,126.4,31.38000000000001,94.0,114.0,12.210506541498948,110.71,142.09,208,-20.0,51.0,-0.1,108.4,
07:34:15,112.0,101.0,140.62,32.0,110.0,8.0,142.29,28.0,126.31,28.620000000000005,109.0,60.0,12.458774819378908,112.0,140.62,169,49.0,-39.0,0.29,108.4,
07:34:16,112.0,159.0,132.7,46.0,110.0,10.0,135.2,30.0,122.35,20.69999999999999,169.0,76.0,10.862840328385168,112.0,132.7,245,93.0,76.0,0.38,112.0,4.0
07:34:17,112.0,182.0,127.19,48.0,110.0,14.0,128.84,56.0,119.59,15.189999999999998,196.0,104.0,5.30592122067343,112.0,127.19,300,92.0,55.0,0.31,112.0,
07:34:18,112.0,117.0,123.86,29.0,110.0,9.0,124.84,37.0,117.93,11.86,126.0,66.0,3.843836625039279,112.0,123.86,192,60.0,-108.0,0.31,112.0,
07:34:19,112.0,156.0,122.11,56.0,110.0,12.0,123.17,36.0,117.05,10.11,168.0,92.0,3.755246995870422,112.0,122.11,260,76.0,68.0,0.29,112.0,
07:34:20,112.0,169.0,119.75,51.0,110.77,13.0,121.08,39.0,115.87,7.75,182.0,90.0,2.5168472341392434,112.0,119.75,272,92.0,12.0,0.34,112.0,
07:34:21,112.0,143.0,115.29,17.0,111.0,11.0,116.89,27.0,113.65,3.2900000000000063,154.0,44.0,2.2309908112752965,112.0,115.29,198,110.0,-74.0,0.56,112.0,
07:34:22,112.0,156.0,113.21,14.0,111.0,12.0,114.03,34.0,112.61,1.2099999999999935,168.0,48.0,2.246579622447228,112.0,113.21,216,120.0,18.0,0.56,112.0,
07:34:23,112.0,31.0,113.33,18.0,111.0,10.0,114.6,30.0,112.67,1.3299999999999983,41.0,48.0,1.9961462872232996,112.0,113.33,89,-7.0,-127.0,-0.08,112.0,11.0
07:34:24,111.75,16.0,113.0,30.0,110.6,10.0,116.82,34.0,112.38,1.25,26.0,64.0,1.4451920287614322,111.75,113.0,90,-38.0,1.0,-0.42,112.0,2.0
07:34:25,110.91,11.0,112.18,33.0,109.25,16.0,169.97,29.0,111.55,1.2700000000000102,27.0,62.0,0.750746295359342,110.91,112.18,89,-35.0,-1.0,-0.39,111.0,1.0
07:34:26,110.63,27.0,123.0,27.0,108.03,58.0,317.57,14.0,116.81,12.370000000000005,85.0,41.0,2.064940677112937,110.63,123.0,126,44.0,37.0,0.35,112.0,3.0
07:34:27,109.0,8.0,334.43,14.0,107.5,24.0,444.15,26.0,221.71,225.43,32.0,40.0,48.50178635885478,109.0,334.43,72,-8.0,-54.0,-0.11,108.67,3.0
07:34:28,108.98,65.0,310.11,9.0,107.73,11.0,409.15,27.0,209.55,201.13,76.0,36.0,56.09583228725632,108.98,310.11,112,40.0,40.0,0.36,108.67,
07:34:29,110.34,101.0,305.53,49.0,109.11,79.0,312.29,31.0,207.93,195.19,180.0,80.0,54.453626141883184,110.34,305.53,260,100.0,148.0,0.38,108.67,
07:34:30,112.0,60.0,246.57,30.0,110.0,96.0,238.0,38.0,179.28,134.57,156.0,68.0,42.24207120868933,112.0,246.57,224,88.0,-36.0,0.39,108.67,
07:34:31,112.0,172.0,220.69,45.0,110.0,96.0,221.69,26.0,166.34,108.69,268.0,71.0,23.138594814724097,112.0,220.69,339,197.0,115.0,0.58,108.67,
07:34:32,112.0,227.0,217.26,23.0,110.0,104.0,217.81,27.0,164.63,105.26,331.0,50.0,21.92514378516092,112.0,217.26,381,281.0,42.0,0.74,112.0,4.0
07:34:33,112.0,240.0,214.89,18.0,110.33,60.0,216.0,27.0,163.44,102.89,300.0,45.0,18.77567921541009,112.0,214.89,345,255.0,-36.0,0.74,112.0,
07:34:34,112.0,176.0,194.43,28.0,111.0,22.0,204.79,38.0,153.21,82.43,198.0,66.0,9.308149655005828,112.0,194.43,264,132.0,-81.0,0.5,112.0,
07:34:35,112.0,224.0,185.46,26.0,111.0,28.0,209.92,52.0,148.73,73.46000000000001,252.0,78.0,7.808946791980778,112.0,185.46,330,174.0,66.0,0.53,112.0,
07:34:36,112.0,152.0,138.21,47.0,111.0,22.0,171.69,32.0,125.11,26.210000000000008,174.0,79.0,15.97542425101724,112.0,138.21,253,95.0,-77.0,0.38,112.0,3.0
07:34:37,112.0,154.0,134.7,40.0,111.0,26.0,140.98,47.0,123.35,22.69999999999999,180.0,87.0,17.7537044021802,112.0,134.7,267,93.0,14.0,0.35,112.0,5.0
07:34:38,112.0,80.0,130.7,20.0,111.0,20.0,132.0,50.0,121.35,18.69999999999999,100.0,70.0,15.312263059391189,112.0,130.7,170,30.0,-97.0,0.18,112.0,3.0
07:34:39,112.0,46.0,128.26,38.0,111.0,20.0,129.77,44.0,120.13,16.25999999999999,66.0,82.0,11.890259879413854,112.0,128.26,148,-16.0,-22.0,-0.11,112.0,1.0
07:34:40,112.0,103.0,124.85,41.0,111.0,22.0,127.28,36.0,118.43,12.849999999999994,125.0,77.0,2.6280943666469843,112.0,124.84999999999998,202,48.0,54.0,0.24,112.0,9.0
07:34:41,112.0,22.0,121.62,39.0,111.0,22.0,122.45,47.0,116.81,9.620000000000005,44.0,86.0,2.5348530529406146,112.0,121.62,130,-42.0,-72.0,-0.32,112.0,
07:34:42,110.18,111.0,117.2,55.0,108.44,34.0,118.91,44.0,113.69,7.019999999999996,145.0,99.0,2.9959506003943512,110.18,117.2,244,46.0,114.0,0.19,111.0,6.0
07:34:43,110.0,156.0,113.61,51.0,107.8,15.0,114.67,54.0,111.8,3.61,171.0,105.0,3.40756804774376,110.0,113.61,276,66.0,32.0,0.24,111.0,
07:34:44,110.0,27.0,113.0,24.0,108.0,6.0,269.41,22.0,111.5,3.0,33.0,46.0,3.0705260135691863,110.0,113.0,79,-13.0,-174.5,-0.16,110.0,11.0
07:34:45,110.0,9.0,167.57,35.0,108.0,9.0,749.03,29.0,138.79,57.56999999999999,18.0,64.0,11.527843250148871,110.0,167.57,82,-46.0,3.0,-0.56,110.0,
07:34:47,106.0,5.0,433.25,16.0,104.0,115.0,742.69,13.0,269.62,327.25,120.0,29.0,135.99028980041166,106.0,433.25,149,91.0,53.0,0.61,110.0,
07:34:48,104.5,28.0,166.56,18.0,103.92,105.0,595.86,21.0,135.53,62.06,133.0,39.0,132.00796252499296,104.5,166.56,172,94.0,23.0,0.55,104.0,1.0
07:34:49,104.85,82.0,130.19,21.0,102.01,67.0,279.37,27.0,117.52,25.340000000000003,149.0,48.0,130.83899025137706,104.84999999999998,130.19,197,101.0,25.0,0.51,104.0,
07:34:50,110.81,106.0,116.0,22.0,105.38,81.0,247.81,32.0,113.41,5.189999999999998,187.0,54.0,135.06513847029493,110.81,116.0,241,133.0,44.0,0.55,104.0,
07:34:51,112.0,150.0,114.6,20.0,107.0,28.0,383.4,20.0,113.3,2.5999999999999943,178.0,40.0,67.56277991616378,112.0,114.6,218,138.0,-23.0,0.63,104.0,
07:34:52,112.0,120.0,113.82,17.0,110.0,8.0,306.38,16.0,112.91,1.8199999999999927,128.0,33.0,9.684675007453857,112.0,113.82,161,95.0,-57.0,0.59,104.0,
07:34:53,112.0,84.0,114.0,14.0,110.0,7.0,705.67,18.0,113.0,2.0,91.0,32.0,1.9629493116236587,112.0,114.0,123,59.0,-38.0,0.48,112.0,3.0
07:34:54,112.0,78.0,114.0,16.0,110.0,8.0,716.0,20.0,113.0,2.0,86.0,36.0,0.2175545908600786,112.0,114.0,122,50.0,-1.0,0.41,112.0,3.0
07:34:55,112.0,63.0,390.5,20.0,110.0,31.0,728.92,26.0,251.25,278.5,94.0,46.0,61.8039769755959,112.0,390.5,140,48.0,18.0,0.34,112.0,7.0
07:34:56,112.0,26.0,325.46,26.0,110.32,47.0,582.88,32.0,218.73,213.46,73.0,58.0,67.81488973669407,112.0,325.46,131,15.0,-9.0,0.11,112.0,
07:34:57,112.0,10.0,324.0,10.0,111.0,15.0,642.15,13.0,218.0,212.0,25.0,23.0,65.11429819939674,112.0,324.0,48,2.0,-83.0,0.04,112.0,
07:34:58,111.81,21.0,177.92,26.0,110.69,26.0,300.95,19.0,144.87,66.10999999999999,47.0,45.0,57.713186967970834,111.81000000000002,177.92000000000002,92,2.0,44.0,0.02,111.67,3.0
07:34:59,112.0,63.0,176.06,17.0,111.0,22.0,177.29,28.0,144.03,64.06,85.0,45.0,48.39014961745784,112.0,176.06,130,40.0,38.0,0.31,111.67,
07:35:00,112.0,79.0,173.44,18.0,111.0,20.0,175.33,12.0,142.72,61.44,99.0,30.0,40.80877540431676,112.0,173.44,129,69.0,-1.0,0.53,112.0,1.0
07:35:01,112.0,51.0,172.0,21.0,111.0,26.0,173.33,18.0,142.0,60.0,77.0,39.0,33.3785534437905,112.0,172.0,116,38.0,-13.0,0.33,112.0,
07:35:02,112.0,27.0,168.84,19.0,110.04,46.0,170.24,17.0,140.42,56.84,73.0,36.0,1.7398476944801955,112.0,168.84,109,37.0,-7.0,0.34,112.0,5.0
07:35:03,110.32,19.0,112.55,11.0,107.67,55.0,142.45,11.0,111.43,2.230000000000004,74.0,22.0,13.863518673121623,110.32,112.55,96,52.0,-13.0,0.54,110.67,3.0
07:35:04,110.0,20.0,111.31,13.0,107.2,30.0,112.4,10.0,110.65,1.3100000000000025,50.0,23.0,16.82332101578032,110.0,111.31,73,27.0,-23.0,0.37,111.0,1.0
07:35:05,110.0,17.0,111.0,11.0,107.0,66.0,187.91,11.0,110.5,1.0,83.0,22.0,16.636509549782367,110.0,111.0,105,61.0,32.0,0.58,110.0,1.0
07:35:06,107.04,85.0,109.91,23.0,106.06,104.0,158.72,36.0,108.47,2.8699999999999903,189.0,59.0,13.531098625019482,107.04,109.91,248,130.0,143.0,0.52,110.0,1.0
07:35:07,107.11,44.0,108.8,20.0,106.11,95.0,109.75,32.0,107.96,1.6899999999999975,139.0,52.0,1.5019886817178003,107.11,108.8,191,87.0,-57.0,0.46,107.0,1.0
07:35:08,106.06,125.0,108.95,40.0,104.41,49.0,147.51,41.0,107.51,2.890000000000001,174.0,81.0,1.4623166551772733,106.06,108.95,255,93.0,64.0,0.36,107.6,5.0
07:35:09,107.4,40.0,155.71,34.0,105.33,54.0,428.28,32.0,131.55,48.31,94.0,66.0,10.322536994363668,107.4,155.71,160,28.0,-95.0,0.17,109.0,3.0
07:35:10,110.0,20.0,212.6,10.0,106.59,34.0,328.4,20.0,161.3,102.6,54.0,30.0,23.54046664788107,110.0,212.6,84,24.0,-76.0,0.29,109.0,
07:35:11,110.0,28.0,309.42,19.0,108.0,70.0,399.14,51.0,209.71,199.42,98.0,70.0,43.01663085365925,110.0,309.42,168,28.0,84.0,0.17,109.0,
07:35:12,108.33,36.0,250.48,23.0,106.91,33.0,255.43,28.0,179.41,142.14999999999998,69.0,51.0,39.97496316446057,108.33,250.48,120,18.0,-48.0,0.15,110.0,2.0
07:35:13,108.0,50.0,122.12,42.0,106.0,30.0,251.0,12.0,115.06,14.120000000000005,80.0,54.0,37.6721519162362,108.0,122.12,134,26.0,14.0,0.19,110.0,
07:35:14,108.0,19.0,111.0,35.0,106.0,21.0,247.0,7.0,109.5,3.0,40.0,42.0,42.70297331568355,108.0,111.0,82,-2.0,-52.0,-0.02,108.0,4.0
07:35:15,106.05,43.0,180.96,27.0,104.19,31.0,363.19,63.0,143.5,74.91000000000001,74.0,90.0,42.78792271190533,106.05,180.96,164,-16.0,82.0,-0.1,108.0,
07:35:16,106.42,19.0,240.88,26.0,104.22,18.0,373.0,34.0,173.65,134.45999999999998,37.0,60.0,32.251989551033724,106.42,240.88,97,-23.0,-67.0,-0.24,106.0,2.0
07:35:17,110.96,49.0,238.8,15.0,107.33,12.0,335.94,51.0,174.88,127.84000000000002,61.0,66.0,31.057989632298952,110.96,238.8,127,-5.0,30.0,-0.04,106.0,
07:35:18,112.0,91.0,191.06,47.0,109.0,11.0,319.63,19.0,151.53,79.06,102.0,66.0,26.74558412149537,112.0,191.06,168,36.0,41.0,0.21,112.0,2.0
07:35:19,112.0,42.0,188.91,22.0,109.5,6.0,256.64,14.0,150.45,76.91,48.0,36.0,14.45470753768404,112.0,188.91,84,12.0,-84.0,0.14,112.0,
07:35:20,112.0,99.0,187.11,9.0,110.0,9.0,261.0,45.0,149.56,75.11000000000001,108.0,54.0,13.03526869688458,112.0,187.11,162,54.0,78.0,0.33,112.0,
07:35:21,112.0,141.0,185.71,21.0,110.0,15.0,195.73,45.0,148.86,73.71000000000001,156.0,66.0,11.126941628317365,112.0,185.71,222,90.0,60.0,0.41,112.0,3.0
07:35:22,112.0,174.0,115.16,45.0,110.0,15.0,118.24,41.0,113.58,3.1599999999999966,189.0,86.0,16.36280018823152,112.0,115.16,275,103.0,53.0,0.37,112.0,
07:35:23,112.0,112.0,114.0,24.0,110.0,8.0,115.0,8.0,113.0,2.0,120.0,32.0,19.909618278610814,112.0,114.0,152,88.0,-123.0,0.58,112.0,
07:35:24,112.0,136.0,113.45,29.0,110.0,11.0,166.58,19.0,112.72,1.4500000000000028,147.0,48.0,19.78224153123196,112.0,113.45,195,99.0,43.0,0.51,112.0,3.0
07:35:25,112.0,219.0,114.36,22.0,110.0,158.0,210.52,52.0,113.18,2.3599999999999994,377.0,74.0,15.98646052132874,112.0,114.36,451,303.0,173.5,0.67,112.0,
07:35:26,112.0,135.0,113.0,9.0,110.0,153.0,257.17,41.0,112.5,1.0,288.0,50.0,0.4174685616982138,112.0,113.0,338,238.0,-113.0,0.7,112.0,5.0
07:35:27,112.0,146.0,183.29,52.0,110.0,204.0,207.33,60.0,147.64,71.28999999999999,350.0,112.0,15.56073648642641,112.0,183.29,462,238.0,124.0,0.52,112.0,1.0
07:35:28,112.0,120.0,303.7,50.0,110.0,170.0,496.2,50.0,207.85,191.7,290.0,100.0,41.45565847987451,112.0,303.7,390,190.0,-72.0,0.49,112.0,
07:35:30,112.0,126.0,306.94,36.0,110.0,196.0,328.27,48.0,209.47,194.94,322.0,84.0,64.09375578010672,112.0,306.94,406,238.0,-77.0,0.59,112.0,4.0
07:35:31,112.0,48.0,149.71,21.0,110.0,102.0,178.86,21.0,130.86,37.71000000000001,150.0,42.0,58.75284308014346,112.0,149.71,192,108.0,-174.5,0.56,112.0,
07:35:32,112.0,88.0,135.47,34.0,110.0,187.0,145.14,49.0,123.74,23.47,275.0,83.0,64.28022378616897,112.0,135.47,358,192.0,166.0,0.54,112.0,
07:35:33,112.0,47.0,123.91,58.0,110.0,238.0,132.25,40.0,117.96,11.909999999999997,285.0,98.0,70.39225738673235,112.0,123.91,383,187.0,25.0,0.49,112.0,5.0
07:35:34,112.0,96.0,116.69,26.0,110.0,221.0,121.0,65.0,114.35,4.689999999999998,317.0,91.0,39.73371150547096,112.0,116.69,408,226.0,25.0,0.55,112.0,5.0
07:35:35,112.0,110.0,113.77,26.0,110.0,221.0,194.78,58.0,112.88,1.769999999999996,331.0,84.0,7.3942017824784,112.0,113.77,415,247.0,7.0,0.6,112.0,5.0
07:35:36,112.0,44.0,329.29,31.0,110.0,187.0,476.0,43.0,220.65,217.29,231.0,74.0,46.43886658823615,112.0,329.29,305,157.0,-110.0,0.51,112.0,2.0
07:35:37,112.0,28.0,386.24,25.0,110.0,119.0,545.46,26.0,249.12,274.24,147.0,51.0,66.42216324390512,112.0,386.24,198,96.0,-107.0,0.48,112.0,
07:35:39,112.0,44.0,389.48,42.0,111.0,55.0,447.79,42.0,250.74,277.48,99.0,84.0,66.08874389788282,112.0,389.48,183,15.0,-55.0,0.08,112.0,
07:35:40,111.22,36.0,330.35,26.0,110.09,112.0,465.0,24.0,220.78,219.13,148.0,50.0,26.733119346606937,111.22,330.35,198,98.0,15.0,0.49,111.8,5.0
07:35:41,111.0,20.0,295.5,20.0,110.0,136.0,386.5,24.0,203.25,184.5,156.0,44.0,31.46339253799457,111.0,295.5,200,112.0,2.0,0.56,111.0,2.0
07:35:42,110.09,92.0,269.74,23.0,109.7,80.0,292.69,29.0,189.91,159.65,172.0,52.0,38.41797430890832,110.09,269.74,224,120.0,24.0,0.54,110.4,5.0
07:35:43,110.17,161.0,193.92,48.0,108.82,44.0,195.04,46.0,152.05,83.74999999999999,205.0,94.0,36.61267034784482,110.17,193.92,299,111.0,75.0,0.37,110.0,5.0
07:35:44,112.0,97.0,192.5,40.0,110.0,90.0,194.0,20.0,152.25,80.5,187.0,60.0,30.767289773393536,112.0,192.5,247,127.0,-52.0,0.51,110.0,
07:35:45,112.0,81.0,190.6,30.0,110.0,81.0,192.0,24.0,151.3,78.6,162.0,54.0,24.94302547807652,112.0,190.6,216,108.0,-31.0,0.5,112.0,1.0
07:35:46,112.0,72.0,187.8,30.0,110.5,36.0,189.22,18.0,149.9,75.80000000000001,108.0,48.0,17.25803783748258,112.0,187.8,156,60.0,-60.0,0.38,112.0,
07:35:47,112.0,96.0,184.76,42.0,111.0,36.0,185.62,42.0,148.38,72.75999999999999,132.0,84.0,1.626231840785655,112.0,184.76,216,48.0,60.0,0.22,112.0,2.0
07:35:48,112.0,45.0,180.46,26.0,111.0,33.0,183.56,41.0,146.23,68.46000000000001,78.0,67.0,2.3899309613429804,112.0,180.46,145,11.0,-71.0,0.08,112.0,4.0
07:35:49,112.0,45.0,131.69,59.0,111.0,45.0,138.54,63.0,121.85,19.69,90.0,122.0,12.265650003158784,112.0,131.69,212,-32.0,67.0,-0.15,112.0,
07:35:50,112.0,33.0,127.9,40.0,111.0,33.0,129.26,38.0,119.95,15.900000000000006,66.0,78.0,15.008240070041264,112.0,127.9,144,-12.0,-68.0,-0.08,112.0,
07:35:51,112.0,39.0,124.25,48.0,111.0,39.0,126.27,30.0,118.12,12.25,78.0,78.0,15.047362891882262,112.0,124.25,156,0.0,12.0,0.0,112.0,
07:35:52,112.0,24.0,122.75,32.0,111.0,24.0,126.0,16.0,117.38,10.75,48.0,48.0,12.156320578201225,112.0,122.75,96,0.0,-60.0,0.0,112.0,
07:35:53,112.0,42.0,121.3,40.0,111.0,42.0,123.0,40.0,116.65,9.299999999999995,84.0,80.0,2.1051009476986287,112.0,121.3,164,4.0,68.0,0.02,112.0,
07:35:54,112.0,39.0,117.38,32.0,111.0,39.0,118.21,28.0,114.69,5.379999999999996,78.0,60.0,1.9312612459225755,112.0,117.38,138,18.0,-26.0,0.13,112.0,
07:35:55,112.0,21.0,115.86,14.0,111.0,21.0,117.0,14.0,113.93,3.86,42.0,28.0,1.782113913307173,112.0,115.86,70,14.0,-68.0,0.2,112.0,
07:35:56,112.0,36.0,113.87,46.0,111.0,42.0,114.67,36.0,112.93,1.8700000000000043,78.0,82.0,1.860478433092818,112.0,113.87,160,-4.0,90.0,-0.03,112.0,2.0
07:35:57,111.24,25.0,113.0,22.0,110.1,186.0,151.83,53.0,112.12,1.7600000000000051,211.0,75.0,1.743725895891909,111.24,113.0,286,136.0,126.0,0.48,111.33,3.0
07:35:58,110.01,196.0,113.95,37.0,108.29,168.0,175.2,45.0,111.98,3.9399999999999977,364.0,82.0,1.1679255113253215,110.01000000000002,113.95000000000002,446,282.0,160.0,0.63,110.25,4.0
07:35:59,110.01,229.0,112.96,46.0,108.2,213.0,369.58,50.0,111.48,2.9499999999999886,442.0,96.0,0.9597239186374652,110.01,112.96,538,346.0,92.0,0.64,110.4,5.0
07:36:00,110.0,217.0,111.44,36.0,108.0,160.0,112.76,42.0,110.72,1.4399999999999975,377.0,78.0,0.8169944920286742,110.0,111.44,455,299.0,-83.0,0.66,110.0,4.0
07:36:01,110.11,57.0,115.17,24.0,108.4,120.0,427.33,49.0,112.64,5.060000000000002,177.0,73.0,0.7260303024015026,110.11,115.17,250,104.0,-174.5,0.42,110.35,17.0
07:36:02,107.17,53.0,178.5,16.0,106.0,42.0,505.12,40.0,142.83,71.33,95.0,56.0,13.937209189791256,107.17,178.5,151,39.0,-99.0,0.26,108.8,5.0
07:36:03,106.14,84.0,351.39,46.0,104.14,63.0,507.19,58.0,228.77,245.25,147.0,104.0,50.74225428575271,106.14,351.39,251,43.0,100.0,0.17,108.8,
07:36:04,108.67,30.0,228.31,39.0,107.64,66.0,315.51,53.0,168.49,119.64,96.0,92.0,48.73527828996139,108.67,228.31,188,4.0,-63.0,0.02,108.8,
07:36:05,110.92,24.0,212.17,54.0,108.0,72.0,298.49,47.0,161.54,101.25,96.0,101.0,42.72240782072069,110.92,212.17,197,-5.0,9.0,-0.03,108.8,
07:36:06,112.0,10.0,150.35,37.0,108.0,48.0,151.81,26.0,131.18,38.35,58.0,63.0,37.79506144987694,112.0,150.35,121,-5.0,-76.0,-0.04,109.6,5.0
07:36:07,108.0,19.0,137.67,49.0,106.0,66.0,143.29,28.0,122.84,29.669999999999987,85.0,77.0,41.7802349203541,108.0,137.67,162,8.0,41.0,0.05,108.0,2.0
07:36:08,108.0,6.0,137.0,30.0,106.0,36.0,139.0,12.0,122.5,29.0,42.0,42.0,22.054360113138348,108.0,137.0,84,0.0,-78.0,0.0,108.0,
07:36:09,111.94,65.0,136.56,45.0,108.95,19.0,139.0,18.0,124.25,24.620000000000005,84.0,63.0,16.63155795468339,111.94,136.56,147,21.0,63.0,0.14,108.0,
07:36:10,112.0,80.0,135.0,50.0,111.0,20.0,139.0,20.0,123.5,23.0,100.0,70.0,3.5990943305221568,112.0,135.0,170,30.0,23.0,0.18,108.0,
07:36:11,112.0,74.0,134.9,50.0,111.0,20.0,361.4,20.0,123.45,22.90000000000001,94.0,70.0,0.6738471636785119,112.0,134.9,164,24.0,-6.0,0.15,112.0,2.0
07:36:12,112.0,64.0,132.89,27.0,111.0,18.0,134.0,45.0,122.44,20.889999999999983,82.0,72.0,0.761360624144444,112.0,132.89,154,10.0,-10.0,0.06,112.0,
07:36:13,112.0,79.0,129.6,30.0,111.0,20.0,134.0,50.0,120.8,17.599999999999994,99.0,80.0,1.33284282644196,112.0,129.6,179,19.0,25.0,0.11,112.0,1.0
07:36:14,112.0,63.0,128.0,27.0,111.0,18.0,134.0,45.0,120.0,16.0,81.0,72.0,1.579468264954453,112.0,128.0,153,9.0,-26.0,0.06,112.0,
07:36:15,112.0,93.0,126.68,38.0,111.0,28.0,129.16,62.0,119.34,14.680000000000009,121.0,100.0,1.7073019650895598,112.0,126.68,221,21.0,68.0,0.1,112.0,5.0
07:36:16,112.0,26.0,122.61,33.0,111.0,26.0,124.0,47.0,117.3,10.61,52.0,80.0,1.8918456596665936,112.0,122.61,132,-28.0,-89.0,-0.21,112.0,
07:36:17,112.0,22.0,118.81,37.0,111.0,22.0,120.27,33.0,115.41,6.810000000000002,44.0,70.0,2.191415067941283,112.0,118.81,114,-26.0,-18.0,-0.23,112.0,
07:36:18,111.86,28.0,115.08,53.0,110.62,42.0,144.83,63.0,113.47,3.219999999999999,70.0,116.0,2.71571905763481,111.86,115.08,186,-46.0,72.0,-0.25,112.0,2.0
07:36:19,110.2,50.0,112.21,29.0,109.33,60.0,251.03,30.0,111.2,2.009999999999991,110.0,59.0,3.1813094788155745,110.2,112.21,169,51.0,-17.0,0.3,111.0,2.0
07:36:20,110.0,79.0,239.31,16.0,108.0,44.0,336.0,22.0,174.66,129.31,123.0,38.0,27.06862704312866,110.0,239.31,161,85.0,-8.0,0.53,110.67,9.0
07:36:21,110.0,21.0,189.33,18.0,108.0,28.0,405.71,14.0,149.67,79.33000000000001,49.0,32.0,28.19327880896425,110.0,189.33,81,17.0,-80.0,0.21,110.67,
07:36:22,111.49,47.0,183.44,27.0,108.97,31.0,338.0,18.0,147.47,71.95,78.0,45.0,26.839402564140457,111.49,183.44,123,33.0,42.0,0.27,110.67,
07:36:23,112.0,80.0,190.32,31.0,110.0,24.0,290.32,19.0,151.16,78.32,104.0,50.0,22.75538331911782,112.0,190.32,154,54.0,31.0,0.35,110.67,
07:36:24,112.0,120.0,189.44,39.0,110.0,36.0,235.0,40.0,150.72,77.44,156.0,79.0,11.228767964473292,112.0,189.44,235,77.0,81.0,0.33,110.67,
07:36:25,112.0,180.0,184.5,48.0,110.0,54.0,186.15,54.0,148.25,72.5,234.0,102.0,1.5768417802633703,112.0,184.5,336,132.0,101.0,0.39,110.67,
07:36:26,112.0,90.0,182.0,36.0,110.0,27.0,183.0,36.0,147.0,70.0,117.0,72.0,1.9036412477103992,112.0,182.0,189,45.0,-147.0,0.24,110.67,
07:36:27,112.0,60.0,180.83,18.0,110.0,18.0,181.67,24.0,146.42,68.83000000000001,78.0,42.0,2.146066168594182,112.0,180.83,120,36.0,-69.0,0.3,110.67,
07:36:28,112.0,130.0,139.62,37.0,110.0,39.0,151.53,43.0,125.81,27.620000000000005,169.0,80.0,10.103284119531963,112.0,139.62,249,89.0,129.0,0.36,110.67,
07:36:29,112.0,89.0,130.27,41.0,110.0,33.0,131.05,41.0,121.13,18.27000000000001,122.0,82.0,13.131693340921023,112.0,130.27,204,40.0,-45.0,0.2,112.0,3.0
07:36:30,112.0,56.0,127.21,29.0,110.0,56.0,129.36,11.0,119.6,15.209999999999994,112.0,40.0,13.630563818125507,112.0,127.21,152,72.0,-52.0,0.47,112.0,
07:36:31,112.0,53.0,125.12,64.0,110.0,112.0,126.1,58.0,118.56,13.120000000000005,165.0,122.0,11.58210818460935,112.0,125.12,287,43.0,135.0,0.15,112.0,5.0
07:36:32,111.33,21.0,122.22,23.0,109.85,53.0,123.38,32.0,116.78,10.89,74.0,55.0,3.4252051033475084,111.33,122.22,129,19.0,-158.0,0.15,112.0,2.0
07:36:33,110.22,72.0,120.5,12.0,108.93,60.0,122.0,48.0,115.36,10.28,132.0,60.0,2.275934972708756,110.22,120.5,192,72.0,63.0,0.38,112.0,
07:36:34,110.98,86.0,116.3,37.0,109.5,112.0,119.07,58.0,113.64,5.319999999999993,198.0,95.0,2.397732261950758,110.98,116.29999999999998,293,103.0,101.0,0.35,111.6,5.0
07:36:35,110.0,161.0,113.04,46.0,108.0,76.0,120.47,49.0,111.52,3.0400000000000063,237.0,95.0,2.728721312263358,110.0,113.04,332,142.0,39.0,0.43,111.6,
07:36:36,110.0,60.0,112.0,24.0,108.0,24.0,113.0,6.0,111.0,2.0,84.0,30.0,2.4637369989511764,110.0,112.0,114,54.0,-174.5,0.47,111.6,
07:36:37,110.0,132.0,111.47,51.0,108.0,39.0,147.67,27.0,110.74,1.4699999999999989,171.0,78.0,1.9859305123799007,110.0,111.47,249,93.0,135.0,0.37,110.0,5.0
07:36:38,110.0,41.0,120.41,34.0,108.0,39.0,287.56,18.0,115.21,10.409999999999997,80.0,52.0,1.931403634666121,110.0,120.41,132,28.0,-117.0,0.21,110.0,4.0
07:36:39,110.0,5.0,279.6,10.0,108.0,35.0,449.14,14.0,194.8,169.60000000000002,40.0,24.0,37.02088437625436,110.0,279.6,64,16.0,-68.0,0.25,110.0,
07:36:40,111.0,72.0,311.22,23.0,110.0,9.0,474.38,26.0,211.11,200.22000000000003,81.0,49.0,50.00991871619054,111.0,311.22,130,32.0,66.0,0.25,110.0,
07:36:41,111.08,36.0,167.0,18.0,110.6,15.0,422.18,22.0,139.04,55.92,51.0,40.0,46.16796345952442,111.08,167.0,91,11.0,-39.0,0.12,111.0,5.0
07:36:42,111.8,15.0,164.79,34.0,110.57,21.0,234.5,28.0,138.3,52.99,36.0,62.0,41.04617363409139,111.8,164.79,98,-26.0,7.0,-0.27,111.0,
07:36:43,112.0,16.0,161.7,30.0,111.0,48.0,162.68,41.0,136.85,49.69999999999999,64.0,71.0,36.01598325743693,112.0,161.7,135,-7.0,37.0,-0.05,111.0,
07:36:44,112.0,10.0,158.12,24.0,111.0,30.0,158.81,16.0,135.06,46.120000000000005,40.0,40.0,33.03825010499169,112.0,158.12,80,0.0,-55.0,0.0,111.0,
07:36:45,112.0,11.0,155.71,21.0,111.0,33.0,156.22,23.0,133.86,43.71000000000001,44.0,44.0,2.1669610056463404,112.0,155.71,88,0.0,8.0,0.0,111.0,
07:36:46,112.0,16.0,152.87,30.0,111.0,48.0,154.42,52.0,132.43,40.870000000000005,64.0,82.0,2.332948777833021,112.0,152.87,146,-18.0,58.0,-0.12,111.0,
07:36:47,112.0,13.0,115.94,16.0,111.0,39.0,128.69,29.0,113.97,3.9399999999999977,52.0,45.0,9.345449694904756,112.0,115.94,97,7.0,-49.0,0.07,111.0,
07:36:48,108.23,52.0,112.8,20.0,107.22,37.0,115.33,15.0,110.52,4.569999999999993,89.0,35.0,11.896409962673545,108.23,112.8,124,54.0,27.0,0.44,111.0,5.0
07:36:49,108.19,54.0,111.41,22.0,107.11,63.0,112.27,26.0,109.8,3.219999999999999,117.0,48.0,12.008419129927184,108.19,111.41,165,69.0,41.0,0.42,110.0,1.0
07:36:50,107.17,72.0,109.39,31.0,105.54,52.0,111.94,18.0,108.28,2.219999999999999,124.0,49.0,9.964118124550906,107.17,109.39,173,75.0,8.0,0.43,108.0,9.0
07:36:51,90.26,78.0,105.59,29.0,84.24,49.0,220.55,53.0,97.92,15.329999999999998,127.0,82.0,6.059457071389128,90.26,105.59,209,45.0,36.0,0.22,105.14,7.0
07:36:52,97.57,14.0,101.76,25.0,85.48,46.0,112.6,35.0,99.67,4.190000000000012,60.0,60.0,5.969105460620487,97.57,101.76,120,0.0,-89.0,0.0,101.33,3.0
07:36:53,100.79,67.0,102.0,56.0,88.9,39.0,411.75,48.0,101.4,1.2099999999999935,106.0,104.0,5.308406540574146,100.79,102.0,210,2.0,90.0,0.01,102.0,1.0
07:36:54,101.71,31.0,208.56,25.0,96.0,45.0,376.23,44.0,155.13,106.85,76.0,69.0,24.163601759671614,101.71,208.56,145,7.0,-65.0,0.05,102.0,3.0
07:36:55,104.65,20.0,182.0,16.0,90.91,44.0,541.29,28.0,143.32,77.35,64.0,44.0,27.49283488474773,104.65,182.0,108,20.0,-37.0,0.19,105.0,5.0
07:36:56,104.0,9.0,182.0,18.0,80.88,33.0,417.29,21.0,143.0,78.0,42.0,39.0,26.00297156095812,104.0,182.0,81,3.0,-27.0,0.04,105.0,
07:36:57,105.1,10.0,201.25,16.0,91.07,82.0,346.12,24.0,153.18,96.15,92.0,40.0,21.848681424744857,105.1,201.25,132,52.0,51.0,0.39,105.0,
07:36:58,93.14,92.0,205.0,10.0,84.68,22.0,298.69,13.0,149.07,111.86,114.0,23.0,5.544785838964939,93.14,205.0,137,91.0,5.0,0.66,105.0,2.0
07:36:59,81.0,91.0,104.0,7.0,32.86,21.0,289.24,17.0,92.5,23.0,112.0,24.0,24.802120473862573,81.0,104.0,136,88.0,-1.0,0.65,105.0,
07:37:00,85.11,114.0,215.83,24.0,46.46,82.0,379.34,47.0,150.47,130.72000000000003,196.0,71.0,25.510265188742984,85.10999999999999,215.83,267,125.0,131.0,0.47,104.0,1.0
07:37:01,108.0,80.0,309.08,25.0,104.16,38.0,380.71,34.0,208.54,201.08,118.0,59.0,41.05347817176986,108.0,309.08,177,59.0,-90.0,0.33,104.0,
07:37:02,108.39,62.0,333.77,13.0,105.22,55.0,425.69,48.0,221.08,225.38,117.0,61.0,51.86425233241077,108.39,333.77000000000004,178,56.0,1.0,0.31,110.0,6.0
07:37:03,108.51,47.0,308.26,23.0,105.67,48.0,361.74,35.0,208.39,199.75,95.0,58.0,54.23100801202176,108.51,308.26,153,37.0,-25.0,0.24,110.0,
07:37:04,109.69,39.0,172.0,10.0,106.98,47.0,284.0,19.0,140.85,62.31,86.0,29.0,37.21822040345242,109.69,172.0,115,57.0,-38.0,0.5,111.0,3.0
07:37:05,110.0,36.0,171.25,12.0,108.0,30.0,308.11,9.0,140.62,61.25,66.0,21.0,39.73569843352402,110.0,171.25,87,45.0,-28.0,0.52,111.0,
07:37:06,110.0,42.0,170.29,21.0,108.0,35.0,331.64,25.0,140.14,60.28999999999999,77.0,46.0,40.88780906333783,110.0,170.29,123,31.0,36.0,0.25,111.0,
07:37:07,110.0,42.0,151.73,11.0,108.0,35.0,170.18,17.0,130.86,41.72999999999999,77.0,28.0,31.705954803474715,110.0,151.73,105,49.0,-18.0,0.47,111.0,
07:37:08,110.0,48.0,130.0,18.0,108.0,40.0,167.43,14.0,120.0,20.0,88.0,32.0,9.125320816277734,110.0,130.0,120,56.0,15.0,0.47,111.0,
07:37:09,110.0,54.0,128.78,27.0,108.0,45.0,302.67,36.0,119.39,18.78,99.0,63.0,10.35267694849956,110.0,128.78,162,36.0,42.0,0.22,111.0,
07:37:10,110.0,72.0,127.67,36.0,107.67,54.0,323.0,12.0,118.83,17.67,126.0,48.0,9.414596645634724,110.0,127.67,174,78.0,12.0,0.45,111.0,
07:37:11,111.27,66.0,126.6,30.0,109.06,51.0,295.84,19.0,118.94,15.329999999999998,117.0,49.0,5.194711734061774,111.27,126.6,166,68.0,-8.0,0.41,111.0,
07:37:12,112.0,35.0,125.0,15.0,110.0,30.0,234.12,17.0,118.5,13.0,65.0,32.0,0.5804050309916289,112.0,125.0,97,33.0,-69.0,0.34,111.0,
07:37:13,110.48,33.0,125.0,21.0,108.57,42.0,221.08,25.0,117.74,14.519999999999996,75.0,46.0,0.6144509744484462,110.48,125.0,121,29.0,24.0,0.24,111.75,8.0
07:37:14,110.0,39.0,124.82,33.0,108.0,75.0,257.5,30.0,117.41,14.819999999999991,114.0,63.0,0.6772960947775107,110.0,124.81999999999998,177,51.0,56.0,0.29,110.0,2.0
07:37:15,111.49,47.0,123.74,23.0,108.74,57.0,163.38,39.0,117.61,12.25,104.0,62.0,0.6506535176274714,111.49,123.74,166,42.0,-11.0,0.25,112.0,3.0
07:37:16,110.55,22.0,121.6,15.0,108.22,81.0,123.86,29.0,116.07,11.049999999999995,103.0,44.0,0.8827400523377926,110.55,121.6,147,59.0,-19.0,0.4,111.33,3.0
07:37:17,110.0,16.0,120.5,12.0,108.0,72.0,121.1,20.0,115.25,10.5,88.0,32.0,1.1006725216892148,110.0,120.5,120,56.0,-27.0,0.47,111.33,
07:37:18,110.2,41.0,119.21,19.0,108.27,73.0,120.71,17.0,114.7,9.009999999999993,114.0,36.0,1.2865923985482164,110.2,119.21,150,78.0,30.0,0.52,110.0,1.0
07:37:19,111.82,44.0,118.14,21.0,110.0,55.0,119.04,23.0,114.98,6.320000000000007,99.0,44.0,1.1729748505412818,111.82,118.14,143,55.0,-7.0,0.38,110.0,
07:37:20,112.0,45.0,115.67,36.0,110.0,60.0,116.64,22.0,113.83,3.6700000000000017,105.0,58.0,0.8156163313732704,112.0,115.67,163,47.0,20.0,0.29,112.0,3.0
07:37:21,112.0,53.0,114.11,18.0,110.0,70.0,115.14,42.0,113.06,2.1099999999999994,123.0,60.0,0.9031777233762738,112.0,114.11,183,63.0,20.0,0.34,112.0,1.0
07:37:22,112.0,22.0,114.17,23.0,110.0,55.0,115.27,33.0,113.09,2.1700000000000017,77.0,56.0,0.8899269632972157,112.0,114.17,133,21.0,-50.0,0.16,112.0,4.0
07:37:23,112.0,10.0,113.0,30.0,110.0,50.0,114.0,30.0,112.5,1.0,60.0,60.0,0.9566451797838488,112.0,113.0,120,0.0,-13.0,0.0,112.0,
07:37:24,110.0,25.0,112.1,30.0,108.34,41.0,242.82,34.0,111.05,2.0999999999999943,66.0,64.0,1.0393411374539887,110.0,112.1,130,2.0,10.0,0.02,109.75,8.0
07:37:25,105.39,23.0,112.0,27.0,94.24,17.0,312.67,36.0,108.7,6.609999999999999,40.0,63.0,1.8602553588163055,105.39,112.0,103,-23.0,-27.0,-0.22,106.8,5.0
07:37:26,105.06,70.0,111.3,30.0,102.47,38.0,314.0,40.0,108.18,6.239999999999995,108.0,70.0,2.2036855492572838,105.06,111.3,178,38.0,75.0,0.21,106.8,
07:37:27,106.17,47.0,110.3,30.0,105.0,90.0,240.2,40.0,108.24,4.129999999999996,137.0,70.0,1.942853571426828,106.17,110.3,207,67.0,29.0,0.32,106.0,1.0
07:37:28,107.0,64.0,168.59,44.0,104.69,104.0,280.39,62.0,137.8,61.59,168.0,106.0,12.914433011170212,107.0,168.59,274,62.0,67.0,0.23,108.0,3.0
07:37:29,104.75,64.0,274.77,26.0,102.61,46.0,304.11,38.0,189.76,170.01999999999998,110.0,64.0,35.47520655330977,104.75,274.77,174,46.0,-100.0,0.26,107.0,4.0
07:37:30,107.6,40.0,188.36,14.0,105.0,42.0,241.5,16.0,147.98,80.76000000000002,82.0,30.0,33.737440922512,107.6,188.36,112,52.0,-62.0,0.46,107.0,
07:37:31,111.0,24.0,203.6,5.0,110.0,8.0,472.2,10.0,157.3,92.6,32.0,15.0,29.643938334843124,111.0,203.6,47,17.0,-65.0,0.36,107.0,
07:37:32,111.0,24.0,238.0,14.0,110.0,20.0,239.0,16.0,174.5,127.0,44.0,30.0,20.795088843281576,111.0,238.0,74,14.0,27.0,0.19,111.0,4.0
07:37:33,111.0,24.0,170.0,24.0,110.0,24.0,237.2,20.0,140.5,59.0,48.0,44.0,20.048489219888207,111.0,170.0,92,4.0,18.0,0.04,111.0,
07:37:34,111.33,9.0,205.67,12.0,110.5,12.0,237.5,8.0,158.5,94.34,21.0,20.0,12.791234498670468,111.33,205.67,41,1.0,-51.0,0.02,111.0,
07:37:35,112.0,74.0,236.33,18.0,111.0,20.0,237.33,12.0,174.17,124.33,94.0,30.0,14.105749891444056,112.0,236.33000000000004,124,64.0,83.0,0.52,111.0,
07:37:36,112.0,63.0,234.38,8.0,111.0,14.0,235.85,13.0,173.19,122.38,77.0,21.0,14.83650127219932,112.0,234.38,98,56.0,-26.0,0.57,111.0,
07:37:37,112.0,168.0,201.85,26.0,111.0,30.0,213.88,34.0,156.92,89.85,198.0,60.0,13.82569817405162,112.0,201.85,258,138.0,160.0,0.53,111.0,
07:37:38,112.0,80.0,188.33,6.0,111.0,12.0,189.71,14.0,150.17,76.33000000000001,92.0,20.0,10.601766362261202,112.0,188.33,112,72.0,-146.0,0.64,111.0,
07:37:39,112.0,144.0,187.2,10.0,111.0,18.0,188.1,10.0,149.6,75.19999999999999,162.0,20.0,12.10123754001938,112.0,187.2,182,142.0,70.0,0.78,111.0,
07:37:40,112.0,161.0,183.67,12.0,111.0,22.0,185.75,20.0,147.83,71.66999999999999,183.0,32.0,10.452170587967728,112.0,183.67,215,151.0,33.0,0.7,112.0,5.0
07:37:41,112.0,143.0,179.17,18.0,111.0,26.0,180.2,15.0,145.58,67.16999999999999,169.0,33.0,4.252017168354485,112.0,179.17,202,136.0,-13.0,0.67,112.0,
07:37:42,112.0,137.0,174.45,20.0,111.0,26.0,177.15,13.0,143.22,62.44999999999999,163.0,33.0,2.890095154139938,112.0,174.45,196,130.0,-6.0,0.66,112.0,2.0
07:37:43,112.0,108.0,165.12,32.0,111.0,24.0,167.77,31.0,138.56,53.120000000000005,132.0,63.0,4.30518524572226,112.0,165.12,195,69.0,-1.0,0.35,112.0,
07:37:44,112.0,93.0,160.18,22.0,111.0,30.0,162.66,35.0,136.09,48.18000000000001,123.0,57.0,4.866408326475121,112.0,160.18,180,66.0,-15.0,0.37,112.0,5.0
07:37:45,112.0,126.0,147.36,28.0,111.0,28.0,157.2,20.0,129.68,35.360000000000014,154.0,48.0,6.243587109986427,112.0,147.36,202,106.0,22.0,0.52,112.0,
07:37:46,112.0,111.0,154.5,16.0,110.86,28.0,155.87,23.0,133.25,42.5,139.0,39.0,5.149441717311714,112.0,154.5,178,100.0,-24.0,0.56,112.0,1.0
07:37:47,112.0,82.0,151.85,27.0,110.83,47.0,153.17,18.0,131.93,39.85,129.0,45.0,3.486526925178073,112.0,151.85,174,84.0,-4.0,0.48,112.0,4.0
07:37:48,112.0,66.0,149.55,31.0,111.0,33.0,151.57,14.0,130.77,37.55000000000001,99.0,45.0,2.4798749968481744,112.0,149.55,144,54.0,-30.0,0.38,112.0,
07:37:49,112.0,47.0,148.55,22.0,111.0,36.0,149.55,22.0,130.27,36.55000000000001,83.0,44.0,1.4224626532860245,112.0,148.55,127,39.0,-17.0,0.31,112.0,5.0
07:37:50,112.0,5.0,146.6,10.0,111.0,15.0,147.6,10.0,129.3,34.599999999999994,20.0,20.0,1.5288165357535757,112.0,146.6,40,0.0,-87.0,0.0,112.0,
07:37:51,112.0,14.0,143.74,27.0,111.0,42.0,144.79,28.0,127.87,31.74000000000001,56.0,55.0,1.5340860471284807,112.0,143.74,111,1.0,71.0,0.01,112.0,
07:37:52,110.22,27.0,138.08,12.0,109.29,21.0,140.2,15.0,124.15,27.860000000000014,48.0,27.0,2.657126267228445,110.22,138.08,75,21.0,-36.0,0.28,111.25,4.0
07:37:53,110.0,44.0,135.36,22.0,108.0,22.0,136.22,18.0,122.68,25.360000000000014,66.0,40.0,3.2946213743003194,110.0,135.36,106,26.0,31.0,0.25,111.25,
07:37:54,110.0,43.0,133.67,18.0,108.0,22.0,135.11,19.0,121.83,23.669999999999987,65.0,37.0,3.2689034858798998,110.0,133.67,102,28.0,-4.0,0.27,109.33,6.0
07:37:55,107.05,19.0,131.64,28.0,104.71,14.0,132.22,18.0,119.35,24.58999999999999,33.0,46.0,3.149536473832172,107.05,131.64,79,-13.0,-23.0,-0.16,109.33,
07:37:56,106.24,34.0,129.19,31.0,97.86,59.0,130.29,31.0,117.71,22.950000000000003,93.0,62.0,2.592138113604409,106.24,129.19,155,31.0,76.0,0.2,106.5,4.0
07:37:57,103.0,44.0,126.82,22.0,94.96,92.0,128.25,24.0,114.91,23.819999999999997,136.0,46.0,3.1475355438822112,103.0,126.82,182,90.0,27.0,0.49,106.5,
07:37:58,103.0,36.0,123.33,33.0,88.0,18.0,124.38,21.0,113.17,20.33,54.0,54.0,3.4502289779090285,103.0,123.33,108,0.0,-74.0,0.0,106.5,
07:37:59,103.0,40.0,121.8,49.0,90.0,70.0,122.48,25.0,112.4,18.8,110.0,74.0,2.961979068123955,103.0,121.8,184,36.0,76.0,0.2,106.5,
07:38:00,110.61,71.0,118.78,64.0,73.22,36.0,119.44,50.0,114.69,8.170000000000002,107.0,114.0,2.0407302614517864,110.61,118.78,221,-7.0,37.0,-0.03,103.0,3.0
07:38:01,112.0,89.0,115.65,40.0,103.0,13.0,116.72,47.0,113.83,3.6500000000000057,102.0,87.0,1.046661358800257,112.0,115.65,189,15.0,-32.0,0.08,103.0,
07:38:02,112.0,205.0,113.1,61.0,103.0,13.0,114.11,37.0,112.55,1.0999999999999943,218.0,98.0,0.9484829993236148,112.0,113.1,316,120.0,127.0,0.38,112.0,3.0
07:38:03,112.0,68.0,113.11,28.0,103.0,8.0,302.75,16.0,112.55,1.1099999999999994,76.0,44.0,1.0126598639256954,112.0,113.11,120,32.0,-174.5,0.27,112.0,7.0
07:38:04,112.0,49.0,310.36,28.0,105.28,18.0,570.95,38.0,211.18,198.36,67.0,66.0,43.73572452812452,112.0,310.36,133,1.0,13.0,0.01,112.0,3.0
07:38:05,108.77,52.0,398.61,38.0,108.0,14.0,707.61,38.0,253.69,289.84000000000003,66.0,76.0,67.13604545994629,108.77,398.61,142,-10.0,9.0,-0.07,110.0,7.0
07:38:06,106.0,56.0,372.75,16.0,103.0,15.0,699.7,20.0,239.38,266.75,71.0,36.0,68.65696140960478,106.0,372.75,107,35.0,-35.0,0.33,110.0,
07:38:07,106.0,43.0,291.0,55.0,103.0,155.0,435.0,11.0,198.5,185.0,198.0,66.0,55.13920429240839,106.0,291.0,264,132.0,157.0,0.5,106.0,6.0
07:38:08,106.0,10.0,288.43,42.0,103.1,10.0,510.24,33.0,197.21,182.43,20.0,75.0,25.34771528165677,106.0,288.43,95,-55.0,-169.0,-0.58,106.0,
07:38:09,89.62,73.0,240.47,34.0,79.56,95.0,275.25,40.0,165.04,150.85,168.0,74.0,35.65921241418467,89.62,240.47,242,94.0,147.0,0.39,104.33,3.0
07:38:12,88.0,18.0,100.22,9.0,83.62,42.0,272.0,12.0,94.11,12.22,60.0,21.0,52.18829102394519,88.0,100.22,81,39.0,-65.0,0.48,101.0,3.0
07:38:14,84.2,10.0,102.0,5.0,17.2,25.0,422.0,14.0,93.1,17.799999999999997,35.0,19.0,7.773984178014765,84.2,102.0,54,16.0,9.0,0.3,101.0,
07:38:15,89.0,10.0,102.0,21.0,54.0,25.0,252.38,13.0,95.5,13.0,35.0,34.0,5.562865268907868,89.0,102.0,69,1.0,15.0,0.01,101.0,
07:38:18,110.0,12.0,432.33,6.0,62.0,6.0,541.0,6.0,271.17,322.33,18.0,12.0,79.27646138671923,110.0,432.33,30,6.0,-14.0,0.2,101.0,
07:38:19,110.0,12.0,369.8,10.0,73.16,31.0,451.0,10.0,239.9,259.8,43.0,20.0,84.43951521651438,110.0,369.8,63,23.0,33.0,0.37,110.0,2.0
07:38:20,111.0,8.0,117.0,8.0,108.4,20.0,392.82,11.0,114.0,6.0,28.0,19.0,80.6998434323138,111.0,117.0,47,9.0,-16.0,0.19,110.0,
07:38:21,112.0,20.0,115.2,35.0,110.0,20.0,161.35,23.0,113.6,3.200000000000003,40.0,58.0,72.58529830482172,112.0,115.2,98,-18.0,51.0,-0.18,110.0,
07:38:22,112.0,40.0,113.79,38.0,110.95,38.0,114.75,32.0,112.89,1.7900000000000065,78.0,70.0,78.58022060289703,112.0,113.79,148,8.0,50.0,0.05,110.0,
07:38:23,111.71,51.0,204.3,37.0,110.51,71.0,202.55,44.0,158.0,92.59000000000002,122.0,81.0,55.03899454023465,111.71,204.3,203,41.0,55.0,0.2,111.8,5.0
07:38:24,110.0,60.0,238.09,32.0,108.0,100.0,243.25,32.0,174.05,128.09,160.0,64.0,29.32790599412083,110.0,238.09,224,96.0,21.0,0.43,110.75,4.0
07:38:25,110.0,36.0,225.0,18.0,108.0,60.0,232.0,22.0,167.5,115.0,96.0,40.0,29.73192005236092,110.0,225.0,136,56.0,-88.0,0.41,110.75,
07:38:26,110.0,72.0,167.0,35.0,108.0,64.0,178.91,32.0,138.5,57.0,136.0,67.0,24.7884947102477,110.0,167.0,203,69.0,67.0,0.34,110.75,
07:38:27,110.0,36.0,144.0,18.0,108.0,36.0,145.0,18.0,127.0,34.0,72.0,36.0,19.77752512322956,110.0,144.0,108,36.0,-95.0,0.33,110.75,
07:38:28,110.0,60.0,141.68,40.0,108.0,60.0,143.1,30.0,125.84,31.680000000000007,120.0,70.0,22.75443736944468,110.0,141.68,190,50.0,82.0,0.26,110.75,
07:38:29,110.0,66.0,138.03,37.0,108.0,66.0,139.45,47.0,124.01,28.03,132.0,84.0,18.19932141592061,110.0,138.03,216,48.0,26.0,0.22,110.75,
07:38:30,110.0,42.0,133.54,35.0,108.0,54.0,134.55,33.0,121.77,23.539999999999992,96.0,68.0,6.49980230468531,110.0,133.54,164,28.0,-52.0,0.17,110.0,4.0
07:38:31,110.0,8.0,130.61,18.0,108.0,24.0,132.25,12.0,120.31,20.610000000000014,32.0,30.0,2.7724411625848324,110.0,130.61,62,2.0,-102.0,0.03,110.0,
07:38:32,110.0,16.0,127.25,24.0,108.0,48.0,128.73,26.0,118.62,17.25,64.0,50.0,2.874830429781178,110.0,127.25,114,14.0,52.0,0.12,110.0,
07:38:33,109.08,26.0,125.09,33.0,107.67,48.0,126.09,33.0,117.08,16.010000000000005,74.0,66.0,2.697178155034816,109.08,125.09,140,8.0,26.0,0.06,109.33,3.0
07:38:34,108.0,23.0,122.05,43.0,106.0,22.0,122.85,39.0,115.02,14.049999999999995,45.0,82.0,2.6501037715527715,108.0,122.05,127,-37.0,-13.0,-0.29,108.0,2.0
07:38:35,108.6,40.0,116.4,45.0,106.22,27.0,118.33,45.0,112.5,7.800000000000011,67.0,90.0,3.054714389267757,108.6,116.4,157,-23.0,30.0,-0.15,108.0,2.0
07:38:36,110.75,16.0,113.0,25.0,107.38,13.0,114.44,25.0,111.88,2.25,29.0,50.0,2.8902249047436874,110.75,113.0,79,-21.0,-78.0,-0.27,112.0,2.0
07:38:37,104.74,39.0,109.17,18.0,100.79,28.0,184.54,26.0,106.96,4.430000000000007,67.0,44.0,3.815300774513364,104.74,109.17,111,23.0,32.0,0.21,106.6,5.0
07:38:39,94.93,56.0,103.76,21.0,65.0,14.0,171.24,25.0,99.35,8.829999999999998,70.0,46.0,13.053980235928403,94.93,103.76,116,24.0,32.0,0.21,103.0,7.0
07:38:46,96.17,36.0,101.64,28.0,95.08,36.0,104.67,92.0,98.9,5.469999999999999,72.0,120.0,8.307308228302212,96.17,101.64,192,-48.0,79.0,-0.25,100.43,7.0
07:38:47,99.33,36.0,102.0,86.0,77.43,74.0,225.5,12.0,100.67,2.6700000000000017,110.0,98.0,7.577344521665547,99.33,102.0,208,12.0,16.0,0.06,100.8,5.0
07:38:48,103.2,15.0,140.5,12.0,76.88,24.0,386.35,17.0,121.85,37.3,39.0,29.0,11.30966975645218,103.2,140.5,68,10.0,-140.0,0.15,102.0,7.0
07:38:49,101.22,23.0,120.0,8.0,79.54,13.0,749.25,32.0,110.61,18.78,36.0,40.0,10.662817169960606,101.22,120.0,76,-4.0,8.0,-0.05,102.0,
07:38:52,112.0,24.0,422.0,6.0,108.0,6.0,685.33,12.0,267.0,310.0,30.0,18.0,102.4506868205378,112.0,422.0,48,12.0,-29.0,0.25,102.0,
07:38:55,112.0,64.0,411.0,40.0,111.0,10.0,0.0,0.0,261.5,299.0,74.0,40.0,29.040900123788678,112.0,411.0,114,34.0,23.0,0.3,112.0,6.0
07:38:57,112.0,29.0,427.97,37.0,111.0,8.0,508.19,31.0,269.99,315.97,37.0,68.0,26.337891335486017,112.0,427.97,105,-31.0,51.0,-0.3,112.0,3.0
07:38:58,112.0,13.0,135.62,63.0,111.0,13.0,153.93,54.0,123.81,23.620000000000005,26.0,117.0,78.87675227847488,112.0,135.62,143,-91.0,38.0,-0.64,110.6,5.0
07:38:59,110.0,110.0,132.18,55.0,108.0,22.0,169.6,50.0,121.09,22.180000000000007,132.0,105.0,88.61832468513452,110.0,132.18,237,27.0,94.0,0.11,110.6,
07:39:00,110.0,120.0,129.33,60.0,108.0,24.0,131.0,60.0,119.67,19.330000000000013,144.0,120.0,93.5277799372996,110.0,129.33,264,24.0,27.0,0.09,110.6,
07:39:01,110.0,80.0,127.38,40.0,108.0,18.0,128.75,40.0,118.69,17.379999999999995,98.0,80.0,66.74094844995814,110.0,127.38,178,18.0,-86.0,0.1,110.6,
07:39:02,109.9,116.0,125.38,65.0,107.69,39.0,126.38,65.0,117.64,15.47999999999999,155.0,130.0,2.3946189676004925,109.9,125.38,285,25.0,107.0,0.09,110.6,
07:39:03,107.29,28.0,122.45,55.0,104.75,48.0,123.55,55.0,114.87,15.159999999999997,76.0,110.0,2.3436765988491968,107.29,122.45,186,-34.0,-99.0,-0.18,107.5,4.0
07:39:04,106.69,26.0,121.14,70.0,104.4,60.0,123.0,70.0,113.92,14.450000000000005,86.0,140.0,2.470277312366851,106.69,121.14,226,-54.0,40.0,-0.24,106.75,4.0
07:39:05,108.29,14.0,118.2,50.0,104.2,40.0,123.0,50.0,113.24,9.909999999999997,54.0,100.0,2.377429283910533,108.29,118.2,154,-46.0,-72.0,-0.3,106.75,
07:39:06,110.0,16.0,115.25,40.0,106.0,8.0,118.12,40.0,112.62,5.25,24.0,80.0,1.965075062178606,110.0,115.25,104,-56.0,-50.0,-0.54,106.75,
07:39:07,110.0,18.0,112.0,45.0,106.0,9.0,113.0,45.0,111.0,2.0,27.0,90.0,1.4543727170148737,110.0,112.0,117,-63.0,13.0,-0.54,106.75,
07:39:08,107.6,10.0,111.0,36.0,104.11,38.0,228.21,19.0,109.3,3.4000000000000057,48.0,55.0,1.86394205918479,107.6,111.0,103,-7.0,-14.0,-0.07,110.33,3.0
07:39:09,104.74,19.0,109.45,33.0,102.52,46.0,150.78,18.0,107.1,4.710000000000008,65.0,51.0,2.50681471194004,104.74,109.45,116,14.0,13.0,0.12,106.0,1.0
07:39:10,106.18,66.0,108.8,55.0,99.74,62.0,251.88,32.0,107.49,2.6199999999999903,128.0,87.0,2.3358338982042097,106.18,108.8,215,41.0,99.0,0.19,108.0,7.0
07:39:11,105.0,89.0,108.0,40.0,104.0,60.0,403.94,36.0,106.5,3.0,149.0,76.0,1.8455134786830365,105.0,108.0,225,73.0,10.0,0.32,105.0,1.0
07:39:12,104.96,54.0,182.79,24.0,101.64,33.0,469.5,36.0,143.88,77.83,87.0,60.0,16.25959655096017,104.95999999999998,182.79,147,27.0,-78.0,0.18,107.0,4.0
07:39:13,105.0,56.0,238.94,17.0,103.93,84.0,425.38,32.0,171.97,133.94,140.0,49.0,29.59468989531714,105.0,238.94,189,91.0,42.0,0.48,107.0,
07:39:14,104.1,31.0,223.27,11.0,100.4,35.0,358.78,45.0,163.68,119.17000000000002,66.0,56.0,30.694583072587545,104.1,223.27,122,10.0,-67.0,0.08,104.33,9.0
07:39:15,103.0,7.0,226.29,7.0,99.46,13.0,249.0,28.0,164.64,123.29,20.0,35.0,26.52247876801807,103.0,226.29,55,-15.0,-67.0,-0.27,104.33,
07:39:16,109.7,43.0,224.08,13.0,81.0,24.0,449.59,51.0,166.89,114.38,67.0,64.0,10.737954646950246,109.7,224.08,131,3.0,76.0,0.02,104.33,
07:39:17,112.0,144.0,217.1,39.0,103.0,9.0,259.47,15.0,164.55,105.1,153.0,54.0,3.360391346250829,112.0,217.1,207,99.0,76.0,0.48,104.33,
07:39:18,112.0,160.0,168.0,22.0,104.0,12.0,182.26,38.0,140.0,56.0,172.0,60.0,11.216450864688085,112.0,168.0,232,112.0,25.0,0.48,104.33,
07:39:19,112.0,240.0,150.21,71.0,106.0,30.0,165.26,19.0,131.11,38.21000000000001,270.0,90.0,16.651104167591,112.0,150.21,360,180.0,128.0,0.5,104.33,
07:39:20,112.0,107.0,151.61,28.0,111.0,24.0,165.75,20.0,131.8,39.610000000000014,131.0,48.0,17.578838129978067,112.0,151.61,179,83.0,-174.5,0.46,112.0,3.0
07:39:21,112.0,195.0,159.69,42.0,111.0,45.0,161.1,52.0,135.85,47.69,240.0,94.0,13.820328143715509,112.0,159.69,334,146.0,155.0,0.44,112.0,
07:39:22,112.0,218.0,153.89,61.0,111.0,51.0,154.26,35.0,132.94,41.88999999999999,269.0,96.0,3.645552084387078,112.0,153.89,365,173.0,31.0,0.47,112.0,3.0
07:39:23,112.0,161.0,150.44,41.0,111.0,51.0,150.81,21.0,131.22,38.44,212.0,62.0,1.9647722514276584,112.0,150.44,274,150.0,-91.0,0.55,112.0,3.0
07:39:24,112.0,44.0,145.91,35.0,111.0,33.0,146.37,27.0,128.96,33.91,77.0,62.0,2.523763063360025,112.0,145.91,139,15.0,-135.0,0.11,112.0,5.0
07:39:25,112.0,20.0,143.14,28.0,111.0,30.0,145.32,34.0,127.57,31.139999999999983,50.0,62.0,3.270576401795397,112.0,143.14,112,-12.0,-27.0,-0.11,112.0,
07:39:26,111.08,26.0,141.2,25.0,108.33,27.0,142.19,47.0,126.14,30.11999999999999,53.0,72.0,2.7389925155031216,111.08,141.2,125,-19.0,13.0,-0.15,111.67,3.0
07:39:27,111.0,30.0,133.29,41.0,106.74,38.0,136.26,61.0,122.15,22.289999999999992,68.0,102.0,3.391927180819695,111.0,133.29,170,-34.0,45.0,-0.2,111.67,
07:39:28,111.86,28.0,129.59,34.0,109.64,22.0,130.82,38.0,120.72,17.730000000000004,50.0,72.0,3.534426403249162,111.86,129.59,122,-22.0,-48.0,-0.18,111.67,
07:39:29,111.83,36.0,125.45,60.0,110.31,26.0,126.29,45.0,118.64,13.620000000000005,62.0,105.0,3.730459757186253,111.83,125.45,167,-43.0,45.0,-0.26,111.83,6.0
07:39:30,111.96,75.0,121.95,37.0,110.36,14.0,122.95,60.0,116.95,9.990000000000007,89.0,97.0,3.5270596819429474,111.96,121.95000000000002,186,-8.0,19.0,-0.04,112.0,2.0
07:39:31,112.0,66.0,118.62,45.0,111.0,11.0,119.3,47.0,115.31,6.6200000000000045,77.0,92.0,2.762540497438703,112.0,118.62000000000002,169,-15.0,-17.0,-0.09,112.0,
07:39:32,112.0,59.0,113.58,48.0,111.0,11.0,114.77,39.0,112.79,1.5799999999999983,70.0,87.0,3.0430691743682194,112.0,113.58,157,-17.0,-12.0,-0.11,112.0,5.0
07:39:33,111.33,9.0,113.77,26.0,110.0,11.0,116.27,33.0,112.55,2.4399999999999977,20.0,59.0,2.6328349739380075,111.33,113.77,79,-39.0,-78.0,-0.49,111.25,4.0
07:39:34,105.27,22.0,111.66,62.0,103.96,78.0,113.46,70.0,108.47,6.390000000000001,100.0,132.0,3.220136643062286,105.27,111.66,232,-32.0,153.0,-0.14,105.78,9.0
07:39:35,104.0,18.0,109.53,15.0,103.0,9.0,110.53,38.0,106.77,5.530000000000001,27.0,53.0,3.475560386469172,104.0,109.53,80,-26.0,-152.0,-0.33,105.78,
07:39:36,104.0,18.0,106.63,38.0,103.0,9.0,108.33,30.0,105.32,2.6299999999999955,27.0,68.0,3.37641822054008,104.0,106.63,95,-41.0,15.0,-0.43,106.0,1.0
07:39:37,103.33,6.0,104.75,16.0,72.75,8.0,105.86,14.0,104.04,1.4200000000000017,14.0,30.0,3.304383452324528,103.33,104.75,44,-16.0,-51.0,-0.36,104.0,2.0
07:39:40,92.31,32.0,148.05,22.0,44.2,20.0,307.85,20.0,120.18,55.74000000000001,52.0,42.0,16.87797440453096,92.31,148.05,94,10.0,26.0,0.11,99.83,6.0
07:39:41,100.88,16.0,301.76,21.0,97.45,11.0,576.8,15.0,201.32,200.88,27.0,36.0,49.48343177266496,100.88,301.76,63,-9.0,-31.0,-0.14,99.83,
07:39:42,103.0,15.0,182.0,9.0,101.5,12.0,530.25,24.0,142.5,79.0,27.0,33.0,49.789877284443904,103.0,182.0,60,-6.0,-3.0,-0.1,99.83,
07:39:43,104.97,105.0,364.0,31.0,103.96,23.0,614.53,30.0,234.49,259.03,128.0,61.0,62.91407696215499,104.97,364.0,189,67.0,129.0,0.35,106.0,1.0
07:39:44,107.04,51.0,404.38,29.0,106.0,45.0,640.85,26.0,255.71,297.34,96.0,55.0,58.20837783343507,107.04,404.38,151,41.0,-38.0,0.27,107.0,5.0
07:39:45,108.95,19.0,119.0,24.0,104.78,23.0,501.75,16.0,113.97,10.049999999999995,42.0,40.0,60.12759241812312,108.95,119.0,82,2.0,-69.0,0.02,109.2,5.0
07:39:46,109.71,21.0,119.0,21.0,104.0,84.0,507.57,14.0,114.36,9.290000000000006,105.0,35.0,67.95633252317218,109.71,119.0,140,70.0,58.0,0.5,109.2,
07:39:48,111.0,30.0,304.88,34.0,104.0,130.0,542.43,23.0,207.94,193.88,160.0,57.0,79.65966689611456,111.0,304.88,217,103.0,32.0,0.47,109.2,
07:39:51,111.86,35.0,403.29,21.0,110.5,10.0,576.23,30.0,257.57,291.43,45.0,51.0,34.50576937266976,111.86,403.29,96,-6.0,42.0,-0.06,109.2,
07:39:52,104.74,43.0,282.8,5.0,80.43,14.0,283.92,13.0,193.77,178.06,57.0,18.0,43.78998093171416,104.74,282.8,75,39.0,-21.0,0.52,111.0,9.0
07:39:53,104.0,141.0,224.56,18.0,67.22,36.0,251.36,14.0,164.28,120.56,177.0,32.0,56.07113187728508,104.0,224.56,209,145.0,134.0,0.69,104.0,3.0
07:39:54,104.0,114.0,114.4,15.0,89.52,79.0,149.17,29.0,109.2,10.400000000000006,193.0,44.0,71.44006879895848,104.0,114.4,237,149.0,28.0,0.63,104.0,2.0
07:39:55,104.0,72.0,112.89,9.0,96.0,63.0,114.0,9.0,108.44,8.89,135.0,18.0,62.64276550408631,104.0,112.89,153,117.0,-84.0,0.76,104.0,
07:39:56,104.1,62.0,110.78,9.0,97.86,56.0,113.0,9.0,107.44,6.680000000000007,118.0,18.0,40.08939735141909,104.1,110.78,136,100.0,-17.0,0.74,104.0,
07:39:57,107.08,25.0,110.0,11.0,105.33,33.0,111.0,11.0,108.54,2.9200000000000017,58.0,22.0,24.99597567609593,107.08,110.0,80,36.0,-56.0,0.45,104.0,
07:39:58,105.15,39.0,129.64,11.0,93.63,38.0,237.59,29.0,117.4,24.48999999999998,77.0,40.0,4.071569721862344,105.15,129.64,117,37.0,37.0,0.32,106.71,7.0
07:39:59,104.0,45.0,264.94,34.0,72.32,19.0,414.44,36.0,184.47,160.94,64.0,70.0,33.34526533107774,104.0,264.94,134,-6.0,17.0,-0.04,106.71,
07:40:00,106.18,38.0,272.07,41.0,84.6,53.0,461.61,23.0,189.13,165.89,91.0,64.0,41.66004956790094,106.18,272.07,155,27.0,21.0,0.17,104.0,5.0
07:40:01,112.0,53.0,201.92,37.0,107.99,73.0,280.82,22.0,156.96,89.91999999999999,126.0,59.0,37.21901731641978,112.0,201.92,185,67.0,30.0,0.36,104.0,
07:40:02,112.0,120.0,134.57,51.0,107.0,15.0,170.13,39.0,123.28,22.569999999999997,135.0,90.0,33.37015987375477,112.0,134.57,225,45.0,40.0,0.2,104.0,
07:40:03,112.0,125.0,129.3,47.0,107.75,20.0,130.77,53.0,120.65,17.30000000000001,145.0,100.0,32.49310803847414,112.0,129.3,245,45.0,20.0,0.18,112.0,4.0
07:40:04,112.0,52.0,125.08,25.0,108.0,13.0,126.95,40.0,118.54,13.079999999999998,65.0,65.0,30.827164481994835,112.0,125.08,130,0.0,-115.0,0.0,112.0,
07:40:05,112.0,72.0,121.57,21.0,108.0,11.0,122.64,28.0,116.79,9.569999999999991,83.0,49.0,16.787499218167547,112.0,121.57,132,34.0,2.0,0.26,112.0,
07:40:06,112.0,99.0,119.0,36.0,108.0,9.0,121.0,9.0,115.5,7.0,108.0,45.0,3.0973811518737326,112.0,119.0,153,63.0,21.0,0.41,112.0,
07:40:07,112.0,90.0,118.2,20.0,108.0,9.0,119.06,33.0,115.1,6.200000000000003,99.0,53.0,2.296678035769048,112.0,118.2,152,46.0,-1.0,0.3,112.0,1.0
07:40:08,112.0,46.0,116.93,15.0,108.0,7.0,117.83,24.0,114.47,4.930000000000007,53.0,39.0,1.6159053190038466,112.0,116.93,92,14.0,-60.0,0.15,112.0,4.0
07:40:09,112.0,23.0,113.25,16.0,108.0,5.0,223.55,11.0,112.62,1.25,28.0,27.0,1.5293233797944206,112.0,113.25,55,1.0,-37.0,0.02,112.0,5.0
07:40:10,110.94,34.0,114.0,20.0,109.5,12.0,389.62,39.0,112.47,3.0600000000000023,46.0,59.0,1.4072206649941192,110.94,114.0,105,-13.0,50.0,-0.12,110.67,3.0
07:40:11,112.0,5.0,114.0,10.0,111.0,25.0,296.0,20.0,113.0,2.0,30.0,30.0,1.1812154756804023,112.0,114.0,60,0.0,-45.0,0.0,110.67,
07:40:12,111.42,12.0,113.25,16.0,110.88,32.0,414.0,32.0,112.33,1.8299999999999983,44.0,48.0,0.8707295791388457,111.42,113.25,92,-4.0,32.0,-0.04,111.17,6.0
07:40:13,110.0,9.0,111.56,18.0,108.0,9.0,405.53,34.0,110.78,1.5600000000000025,18.0,52.0,0.8536099811904035,110.0,111.56,70,-34.0,-22.0,-0.49,111.17,
07:40:14,110.0,44.0,190.5,16.0,108.0,8.0,366.0,24.0,150.25,80.5,52.0,40.0,17.06111748977722,110.0,190.5,92,12.0,22.0,0.13,110.0,10.0
07:40:15,110.0,12.0,217.08,26.0,108.0,12.0,343.91,44.0,163.54,107.08,24.0,70.0,25.02813117274189,110.0,217.08,94,-46.0,2.0,-0.49,110.0,
07:40:16,112.0,48.0,172.0,24.0,110.0,12.0,269.0,48.0,142.0,60.0,60.0,72.0,23.417885258920588,112.0,172.0,132,-12.0,38.0,-0.09,110.0,
07:40:17,112.0,48.0,170.57,42.0,110.0,12.0,232.0,34.0,141.29,58.56999999999999,60.0,76.0,19.405609240628493,112.0,170.57,136,-16.0,4.0,-0.12,110.0,
07:40:18,112.0,37.0,169.0,28.0,110.0,7.0,267.86,21.0,140.5,57.0,44.0,49.0,9.78080927121891,112.0,169.0,93,-5.0,-43.0,-0.05,110.0,
07:40:19,112.0,98.0,167.57,56.0,110.0,14.0,317.21,38.0,139.79,55.56999999999999,112.0,94.0,10.161089016437328,112.0,167.57,206,18.0,113.0,0.09,110.0,
07:40:20,112.0,63.0,166.56,36.0,110.0,9.0,288.0,18.0,139.28,54.56,72.0,54.0,1.1000772699983306,112.0,166.56,126,18.0,-80.0,0.14,110.0,
07:40:21,112.0,18.0,166.0,36.0,110.0,9.0,286.11,18.0,139.0,54.0,27.0,54.0,0.9317564059170504,112.0,166.0,81,-27.0,-45.0,-0.33,112.0,5.0
07:40:22,111.75,16.0,165.62,32.0,109.27,11.0,185.38,26.0,138.69,53.870000000000005,27.0,58.0,0.7118777984794106,111.75,165.62,85,-31.0,4.0,-0.36,112.0,2.0
07:40:23,110.0,11.0,163.53,34.0,108.0,22.0,164.74,43.0,136.76,53.53,33.0,77.0,1.1595387013672904,110.0,163.53,110,-44.0,25.0,-0.4,112.0,
07:40:24,107.05,38.0,160.25,36.0,106.11,38.0,163.0,48.0,133.65,53.2,76.0,84.0,2.3559350585212635,107.05,160.25,160,-8.0,50.0,-0.05,108.0,4.0
07:40:25,106.0,126.0,159.78,27.0,104.22,46.0,163.0,36.0,132.89,53.78,172.0,63.0,2.8201187918190107,106.0,159.78,235,109.0,75.0,0.46,106.0,5.0
07:40:26,106.0,108.0,157.0,39.0,105.0,24.0,159.07,45.0,131.5,51.0,132.0,84.0,2.948825189795423,106.0,157.0,216,48.0,-19.0,0.22,106.0,
07:40:27,106.0,85.0,154.0,39.0,105.0,26.0,155.0,52.0,130.0,48.0,111.0,91.0,2.540383829261544,106.0,154.0,202,20.0,-14.0,0.1,106.0,6.0
07:40:28,108.2,44.0,152.21,42.0,106.52,29.0,153.18,49.0,130.21,44.010000000000005,73.0,91.0,1.6090525162264635,108.2,152.21,164,-18.0,-38.0,-0.11,109.57,7.0
07:40:29,105.33,18.0,151.0,18.0,98.71,34.0,153.0,24.0,128.17,45.67,52.0,42.0,1.764973087606627,105.33,151.0,94,10.0,-70.0,0.11,104.67,9.0
07:40:30,104.0,11.0,151.0,42.0,94.11,53.0,229.65,31.0,127.5,47.0,64.0,73.0,1.6217367233853364,104.0,151.0,137,-9.0,43.0,-0.07,104.67,
07:40:31,104.0,8.0,149.0,24.0,98.5,30.0,150.0,32.0,126.5,45.0,38.0,56.0,1.603131310896727,104.0,149.0,94,-18.0,-43.0,-0.19,104.67,
07:40:32,85.15,46.0,148.47,40.0,74.38,29.0,149.82,51.0,116.81,63.31999999999999,75.0,91.0,5.2263247124513486,85.15,148.47,166,-16.0,72.0,-0.1,109.33,3.0
07:40:33,95.77,52.0,144.18,34.0,74.85,39.0,145.22,36.0,119.97,48.41000000000001,91.0,70.0,5.089336891971425,95.77,144.18,161,21.0,-5.0,0.13,109.33,
07:40:34,102.0,70.0,140.96,53.0,85.43,42.0,142.2,50.0,121.48,38.96000000000001,112.0,103.0,4.494604543225412,102.0,140.96,215,9.0,54.0,0.04,109.33,
07:40:35,100.92,50.0,138.1,41.0,73.43,42.0,139.13,46.0,119.51,37.17999999999999,92.0,87.0,3.5780902727549884,100.92,138.1,179,5.0,-36.0,0.03,109.33,
07:40:36,93.67,55.0,136.33,36.0,74.75,24.0,138.0,27.0,115.0,42.66000000000001,79.0,63.0,2.6054231901911478,93.67,136.33,142,16.0,-37.0,0.11,109.33,
07:40:37,105.0,80.0,134.55,42.0,104.0,10.0,135.7,40.0,119.77,29.55000000000001,90.0,82.0,2.4411943798037274,105.0,134.55,172,8.0,30.0,0.05,109.33,
07:40:38,105.83,96.0,130.42,48.0,104.0,12.0,131.47,51.0,118.12,24.58999999999999,108.0,99.0,2.42522782434674,105.83,130.42,207,9.0,35.0,0.04,109.33,
07:40:39,107.92,50.0,125.77,61.0,106.93,41.0,127.68,60.0,116.85,17.849999999999994,91.0,121.0,1.9772076269290475,107.92,125.77,212,-30.0,5.0,-0.14,109.33,
07:40:40,108.19,84.0,120.64,44.0,106.29,75.0,121.56,50.0,114.41,12.450000000000005,159.0,94.0,2.20869871190872,108.18999999999998,120.64,253,65.0,41.0,0.26,108.8,5.0
07:40:41,111.52,92.0,116.74,61.0,107.89,151.0,117.8,59.0,114.13,5.219999999999999,243.0,120.0,2.4136652626218447,111.52,116.74,363,123.0,110.0,0.34,108.8,
07:40:42,112.0,68.0,113.43,49.0,108.0,154.0,114.57,49.0,112.71,1.4300000000000068,222.0,98.0,2.191364871487291,112.0,113.43,320,124.0,-43.0,0.39,112.0,5.0
07:40:43,108.86,37.0,112.8,30.0,107.16,76.0,113.69,26.0,110.83,3.9399999999999977,113.0,56.0,2.224383060533784,108.86,112.8,169,57.0,-151.0,0.34,109.14,7.0
07:40:44,108.0,72.0,110.61,46.0,106.08,78.0,112.21,38.0,109.3,2.6099999999999994,150.0,84.0,2.186728149540048,108.0,110.61,234,66.0,65.0,0.28,109.14,
07:40:45,108.0,45.0,109.76,37.0,106.0,80.0,111.27,33.0,108.88,1.7600000000000051,125.0,70.0,2.23549770744497,108.0,109.76,195,55.0,-39.0,0.28,108.0,3.0
07:40:46,107.35,49.0,109.44,50.0,105.93,94.0,114.46,39.0,108.39,2.0900000000000034,143.0,89.0,1.7583429699556978,107.35,109.44,232,54.0,37.0,0.23,108.0,3.0
07:40:47,106.0,18.0,112.0,12.0,105.0,20.0,237.0,6.0,109.0,6.0,38.0,18.0,0.9264718020497008,106.0,112.0,56,20.0,-174.5,0.36,106.0,5.0
07:40:48,106.0,27.0,111.33,27.0,105.0,45.0,391.13,15.0,108.67,5.329999999999998,72.0,42.0,0.3427389677196944,106.0,111.33,114,30.0,58.0,0.26,106.0,
07:40:49,106.0,33.0,210.26,31.0,105.0,65.0,333.59,39.0,158.13,104.26,98.0,70.0,22.091329294544185,106.0,210.26,168,28.0,54.0,0.17,106.0,1.0
07:40:50,106.0,12.0,346.71,21.0,104.0,6.0,396.09,22.0,226.36,240.71,18.0,43.0,51.73549796802935,106.0,346.71,61,-25.0,-107.0,-0.41,106.0,
07:40:51,112.0,120.0,255.86,28.0,106.0,24.0,413.78,32.0,183.93,143.86,144.0,60.0,50.440218774307056,112.0,255.86,204,84.0,143.0,0.41,106.0,
07:40:52,112.0,80.0,164.96,23.0,106.0,16.0,221.42,24.0,138.48,52.96000000000001,96.0,47.0,44.802861850555416,112.0,164.96,143,49.0,-61.0,0.34,106.0,
07:40:53,112.0,70.0,137.11,18.0,105.6,30.0,143.73,22.0,124.56,25.110000000000014,100.0,40.0,40.31423160622005,112.0,137.11,140,60.0,-3.0,0.43,106.0,
07:40:54,112.0,120.0,133.6,40.0,109.8,81.0,134.62,32.0,122.8,21.599999999999994,201.0,72.0,44.93396020828741,112.0,133.6,273,129.0,133.0,0.47,106.0,
07:40:55,112.0,109.0,129.95,40.0,110.0,77.0,131.0,26.0,120.97,17.94999999999999,186.0,66.0,26.511225358326435,112.0,129.95,252,120.0,-21.0,0.48,112.0,1.0
07:40:56,112.0,132.0,124.38,64.0,110.0,126.0,125.5,64.0,118.19,12.379999999999995,258.0,128.0,7.895584208909417,112.0,124.38,386,130.0,134.0,0.34,112.0,2.0
07:40:57,112.0,70.0,116.71,28.0,110.0,70.0,118.0,36.0,114.36,4.709999999999994,140.0,64.0,4.01576020200202,112.0,116.71,204,76.0,-174.5,0.37,112.0,
07:40:58,112.0,91.0,113.47,60.0,110.17,93.0,115.82,44.0,112.73,1.4699999999999989,184.0,104.0,4.264358099407808,112.0,113.47,288,80.0,84.0,0.28,112.0,8.0
07:40:59,111.03,58.0,117.0,30.0,110.54,52.0,385.07,15.0,114.02,5.969999999999999,110.0,45.0,3.4199897660645475,111.03,117.0,155,65.0,-133.0,0.42,111.56,9.0
07:41:00,110.0,88.0,117.0,16.0,108.0,16.0,363.6,10.0,113.5,7.0,104.0,26.0,2.1202004622175026,110.0,117.0,130,78.0,-25.0,0.6,111.56,
07:41:01,110.0,93.0,116.71,17.0,108.0,18.0,304.93,28.0,113.35,6.709999999999994,111.0,45.0,0.6291025353533478,110.0,116.71,156,66.0,26.0,0.42,110.0,3.0
07:41:02,110.69,91.0,113.19,31.0,108.78,102.0,192.62,29.0,111.94,2.5,193.0,60.0,0.798605033786006,110.68999999999998,113.19,253,133.0,97.0,0.53,111.0,4.0
07:41:03,112.0,113.0,115.74,35.0,110.0,128.0,203.76,51.0,113.87,3.739999999999995,241.0,86.0,0.8259721544871805,112.0,115.74,327,155.0,74.0,0.47,112.0,6.0
07:41:04,112.0,45.0,115.27,30.0,110.06,85.0,228.82,33.0,113.63,3.269999999999996,130.0,63.0,0.7610978911994488,112.0,115.27,193,67.0,-134.0,0.35,112.0,
07:41:05,110.72,25.0,115.0,14.0,108.12,75.0,192.0,9.0,112.86,4.280000000000001,100.0,23.0,0.7640353394891712,110.72,115.0,123,77.0,-70.0,0.63,111.75,4.0
07:41:06,110.0,56.0,114.0,28.0,108.0,252.0,212.76,34.0,112.0,4.0,308.0,62.0,0.8942874258248931,110.0,114.0,370,246.0,173.5,0.66,111.75,
07:41:07,110.0,50.0,111.73,22.0,108.0,198.0,199.0,11.0,110.86,1.730000000000004,248.0,33.0,1.2368629673446705,110.0,111.73,281,215.0,-89.0,0.77,110.0,3.0
07:41:08,108.2,60.0,213.0,8.0,107.71,84.0,404.69,13.0,160.6,104.8,144.0,21.0,21.608190576723032,108.2,213.0,165,123.0,-116.0,0.75,110.0,3.0
07:41:09,108.0,126.0,119.14,7.0,106.0,28.0,383.14,21.0,113.57,11.14,154.0,28.0,21.61400980845484,108.0,119.14,182,126.0,17.0,0.69,110.0,
07:41:10,108.0,108.0,325.67,9.0,106.0,24.0,575.09,11.0,216.83,217.67,132.0,20.0,46.42325247114821,108.0,325.67,152,112.0,-30.0,0.74,110.0,
07:41:12,108.4,80.0,379.44,18.0,107.38,52.0,455.0,27.0,243.92,271.04,132.0,45.0,73.26070140259323,108.4,379.44,177,87.0,-103.0,0.49,110.0,
07:41:13,112.0,36.0,309.89,45.0,108.0,162.0,408.73,15.0,210.94,197.89,198.0,60.0,68.51045066265378,112.0,309.89,258,138.0,81.0,0.53,110.0,
07:41:14,112.0,44.0,341.0,55.0,108.24,102.0,357.0,11.0,226.5,229.0,146.0,66.0,37.04758399679933,112.0,341.0,212,80.0,-46.0,0.38,110.0,
07:41:15,112.0,28.0,276.88,32.0,110.0,14.0,357.47,19.0,194.44,164.88,42.0,51.0,41.63902640552376,112.0,276.88,93,-9.0,-119.0,-0.1,110.0,
07:41:16,112.0,52.0,168.93,61.0,110.0,26.0,209.21,48.0,140.47,56.93000000000001,78.0,109.0,39.60016388854882,112.0,168.93,187,-31.0,94.0,-0.17,110.0,
07:41:17,112.0,40.0,166.6,50.0,110.0,20.0,209.59,17.0,139.3,54.6,60.0,67.0,40.3733005834294,112.0,166.6,127,-7.0,-60.0,-0.06,110.0,
07:41:18,112.0,26.0,163.1,50.0,110.0,20.0,234.16,43.0,137.55,51.1,46.0,93.0,40.7109060326585,112.0,163.1,139,-47.0,12.0,-0.34,112.0,2.0
07:41:19,112.0,32.0,155.88,72.0,110.0,32.0,161.57,44.0,133.94,43.88,64.0,116.0,25.44333213240677,112.0,155.88,180,-52.0,41.0,-0.29,112.0,
07:41:20,111.15,13.0,152.73,55.0,108.47,47.0,154.14,43.0,131.94,41.579999999999984,60.0,98.0,3.6039076014752833,111.15,152.73,158,-38.0,-22.0,-0.24,111.33,3.0
07:41:21,111.47,15.0,138.83,42.0,108.85,33.0,139.75,53.0,125.15,27.360000000000014,48.0,95.0,5.530897757143357,111.47,138.83,143,-47.0,-15.0,-0.33,112.0,1.0
07:41:22,108.4,45.0,131.57,23.0,107.91,179.0,132.85,39.0,119.98,23.169999999999987,224.0,62.0,7.067493898120892,108.4,131.57,286,162.0,143.0,0.57,109.0,2.0
07:41:23,108.34,186.0,128.74,58.0,106.98,184.0,129.65,23.0,118.54,20.40000000000001,370.0,81.0,6.908350020082837,108.34,128.74,451,289.0,165.0,0.64,110.46,13.0
07:41:24,108.0,143.0,121.31,36.0,106.0,44.0,122.62,24.0,114.65,13.310000000000002,187.0,60.0,6.685564299292999,108.0,121.31,247,127.0,-174.5,0.51,110.46,
07:41:25,108.0,138.0,114.89,36.0,106.0,56.0,114.91,44.0,111.44,6.890000000000001,194.0,80.0,5.234001337407525,108.0,114.89,274,114.0,27.0,0.42,108.0,4.0
07:41:26,108.0,63.0,111.76,29.0,106.0,28.0,112.74,19.0,109.88,3.760000000000005,91.0,48.0,4.367221084395165,108.0,111.76,139,43.0,-135.0,0.31,108.0,
07:41:27,108.0,41.0,109.6,5.0,106.0,20.0,110.86,14.0,108.8,1.5999999999999943,61.0,19.0,3.957615443671489,108.0,109.6,80,42.0,-59.0,0.53,108.0,4.0
07:41:28,106.86,51.0,283.55,40.0,104.78,92.0,316.26,72.0,195.21,176.69,143.0,112.0,37.63845945306446,106.86,283.55,255,31.0,173.5,0.12,108.0,7.0
07:41:29,105.64,33.0,203.12,40.0,102.9,58.0,259.57,28.0,154.38,97.48,91.0,68.0,38.30443734086134,105.64,203.12,159,23.0,-96.0,0.14,108.0,
07:41:30,110.0,10.0,197.32,34.0,104.0,80.0,294.89,18.0,153.66,87.32,90.0,52.0,36.14551673444394,110.0,197.32,142,38.0,-17.0,0.27,108.0,
07:41:31,110.0,11.0,195.22,27.0,104.0,88.0,382.76,49.0,152.61,85.22,99.0,76.0,30.5687466213445,110.0,195.22,175,23.0,33.0,0.13,108.0,
07:41:32,110.0,14.0,193.62,32.0,107.14,112.0,194.79,38.0,151.81,83.62,126.0,70.0,18.851037902459225,110.0,193.62,196,56.0,21.0,0.29,108.0,
07:41:33,108.41,34.0,191.5,30.0,107.71,82.0,194.0,20.0,149.96,83.09,116.0,50.0,1.718903720387178,108.41,191.5,166,66.0,-30.0,0.4,109.0,2.0
07:41:34,108.0,30.0,190.82,11.0,106.0,16.0,193.0,9.0,149.41,82.82,46.0,20.0,1.7841664720427892,108.0,190.82,66,26.0,-100.0,0.39,108.0,3.0
07:41:35,110.15,52.0,190.0,16.0,107.2,40.0,191.0,24.0,150.08,79.85,92.0,40.0,1.364635482450215,110.15,190.0,132,52.0,66.0,0.39,108.0,
07:41:36,112.0,63.0,188.12,25.0,108.0,54.0,189.6,20.0,150.06,76.12,117.0,45.0,0.9065483991285128,112.0,188.12,162,72.0,30.0,0.44,108.0,
07:41:37,112.0,82.0,184.93,29.0,108.0,66.0,186.0,26.0,148.47,72.93,148.0,55.0,0.6863891024505812,112.0,184.93,203,93.0,41.0,0.46,112.0,3.0
07:41:38,112.0,50.0,182.61,23.0,108.0,60.0,184.56,27.0,147.3,70.61000000000001,110.0,50.0,1.1841157037904966,112.0,182.61000000000004,160,60.0,-43.0,0.38,112.0,
07:41:39,112.0,50.0,179.48,23.0,108.0,60.0,180.38,26.0,145.74,67.47999999999999,110.0,49.0,1.8603763060101,112.0,179.48,159,61.0,-1.0,0.38,112.0,
07:41:40,112.0,96.0,174.91,32.0,110.88,146.0,176.05,39.0,143.45,62.91,242.0,71.0,2.5399074786229523,112.0,174.91,313,171.0,154.0,0.55,112.0,
07:41:41,112.0,168.0,171.11,38.0,111.0,140.0,172.19,32.0,141.55,59.110000000000014,308.0,70.0,2.8163575767231808,112.0,171.11,378,238.0,65.0,0.63,112.0,
07:41:42,112.0,69.0,167.56,34.0,111.0,130.0,168.65,31.0,139.78,55.56,199.0,65.0,3.044688818248493,112.0,167.56,264,134.0,-114.0,0.51,112.0,9.0
07:41:43,112.0,24.0,165.0,16.0,111.0,80.0,166.0,24.0,138.5,53.0,104.0,40.0,2.884394217157002,112.0,165.0,144,64.0,-120.0,0.44,112.0,
07:41:44,111.68,31.0,164.12,16.0,110.76,76.0,165.56,18.0,137.9,52.44,107.0,34.0,2.276780621836445,111.68,164.12,141,73.0,-3.0,0.52,112.0,
07:41:45,111.18,98.0,161.84,25.0,108.88,68.0,162.76,21.0,136.51,50.66,166.0,46.0,1.9141238204387463,111.18,161.84,212,120.0,71.0,0.57,112.0,
07:41:46,112.0,153.0,156.48,21.0,111.0,170.0,159.75,32.0,134.24,44.47999999999999,323.0,53.0,2.115485759813106,112.0,156.48,376,270.0,164.0,0.72,112.0,
07:41:47,112.0,115.0,132.06,31.0,111.0,130.0,125.07,41.0,122.03,20.06,245.0,72.0,6.800075734870504,112.0,132.06,317,173.0,-59.0,0.55,112.0,1.0
07:41:48,111.21,89.0,112.67,24.0,109.05,128.0,134.06,48.0,111.94,1.460000000000008,217.0,72.0,11.197760043864951,111.20999999999998,112.67,289,145.0,-28.0,0.5,112.0,8.0
07:41:49,111.0,52.0,254.0,8.0,108.0,84.0,551.45,22.0,182.5,143.0,136.0,30.0,27.06116460908459,111.0,254.0,166,106.0,-123.0,0.64,111.0,2.0
07:41:50,111.0,72.0,227.93,27.0,108.0,126.0,497.0,21.0,169.46,116.93,198.0,48.0,30.562386686905977,111.0,227.93000000000004,246,150.0,80.0,0.61,111.0,
07:41:51,111.0,72.0,172.0,16.0,108.0,126.0,221.6,30.0,141.5,61.0,198.0,46.0,30.1504358177451,111.0,172.0,244,152.0,-2.0,0.62,111.0,1.0
07:41:52,110.42,72.0,405.76,49.0,107.94,144.0,586.36,45.0,258.09,295.34,216.0,94.0,54.91631651886302,110.42,405.75999999999993,310,122.0,66.0,0.39,111.0,7.0
07:41:54,108.04,101.0,409.29,56.0,106.2,49.0,461.7,40.0,258.66,301.25,150.0,96.0,61.778799761729886,108.04,409.29,246,54.0,102.0,0.22,108.0,5.0
07:41:55,109.47,19.0,407.18,44.0,107.49,47.0,415.43,42.0,258.33,297.71000000000004,66.0,86.0,55.50394247258392,109.46999999999998,407.18000000000006,152,-20.0,-94.0,-0.13,110.0,2.0
07:41:56,108.0,49.0,403.08,65.0,105.63,49.0,405.0,39.0,255.54,295.08,98.0,104.0,10.131489031721411,108.0,403.08,202,-6.0,50.0,-0.03,108.0,1.0
07:41:57,108.05,38.0,401.06,48.0,104.57,42.0,402.42,64.0,254.56,293.01,80.0,112.0,10.597578968797146,108.05,401.06,192,-32.0,-10.0,-0.17,108.0,
07:41:58,104.88,17.0,242.18,28.0,69.5,30.0,356.7,23.0,173.53,137.3,47.0,51.0,37.26879968552654,104.88,242.18,98,-4.0,-94.0,-0.04,107.4,5.0
07:41:59,104.0,16.0,241.0,24.0,56.53,15.0,380.0,32.0,172.5,137.0,31.0,56.0,45.553722899450406,104.0,241.0,87,-25.0,-11.0,-0.29,107.4,
07:42:00,107.2,20.0,240.58,36.0,75.22,18.0,309.43,37.0,173.89,133.38,38.0,73.0,44.77691402944069,107.2,240.58000000000004,111,-35.0,24.0,-0.32,107.4,
07:42:01,112.0,50.0,238.54,41.0,108.15,26.0,240.58,36.0,175.27,126.54,76.0,77.0,36.13169315157997,112.0,238.54,153,-1.0,42.0,-0.01,107.4,
07:42:02,112.0,55.0,216.06,51.0,110.0,153.0,225.22,37.0,164.03,104.06,208.0,88.0,4.479261099773304,112.0,216.06,296,120.0,143.0,0.41,107.4,
07:42:03,112.0,48.0,181.3,56.0,110.0,140.0,206.62,42.0,146.65,69.30000000000001,188.0,98.0,11.912632790443324,112.0,181.3,286,90.0,-10.0,0.31,107.4,
07:42:04,112.0,40.0,126.0,33.0,110.0,38.0,187.22,41.0,119.0,14.0,78.0,74.0,23.51605451600996,112.0,126.0,152,4.0,-134.0,0.03,112.0,1.0
07:42:05,109.31,61.0,124.9,61.0,108.03,76.0,125.77,43.0,117.11,15.590000000000003,137.0,104.0,26.14029303584717,109.31,124.9,241,33.0,89.0,0.14,110.36,11.0
07:42:06,108.0,40.0,124.0,27.0,106.0,36.0,125.0,45.0,116.0,16.0,76.0,72.0,21.712316090181805,108.0,124.0,148,4.0,-93.0,0.03,108.0,2.0
07:42:07,108.0,40.0,121.38,34.0,106.0,40.0,122.91,46.0,114.69,13.379999999999995,80.0,80.0,13.486939979104765,108.0,121.38,160,0.0,12.0,0.0,108.0,
07:42:08,108.0,93.0,116.46,39.0,106.0,52.0,200.55,55.0,112.23,8.459999999999994,145.0,94.0,2.5481817046629294,108.0,116.46,239,51.0,79.0,0.21,108.0,
07:42:09,108.0,75.0,114.16,19.0,106.0,36.0,139.66,29.0,111.08,6.159999999999997,111.0,48.0,2.5278983365594296,108.0,114.16,159,63.0,-80.0,0.4,108.0,2.0
07:42:10,108.0,98.0,112.16,31.0,106.0,56.0,114.23,39.0,110.08,4.159999999999997,154.0,70.0,2.4744959082570444,108.0,112.16,224,84.0,65.0,0.38,108.0,
07:42:11,108.27,52.0,188.38,24.0,106.15,52.0,325.4,45.0,148.32,80.11,104.0,69.0,16.32461484997354,108.27,188.38,173,35.0,-51.0,0.2,108.8,5.0
07:42:12,108.25,28.0,263.24,41.0,106.09,35.0,590.19,47.0,185.75,154.99,63.0,88.0,33.36637633906277,108.25,263.24,151,-25.0,-22.0,-0.17,108.8,
07:42:13,109.73,66.0,186.42,52.0,107.0,11.0,299.23,39.0,148.08,76.68999999999998,77.0,91.0,31.452157636638592,109.73,186.42,168,-14.0,17.0,-0.08,108.8,
07:42:14,110.0,56.0,200.64,44.0,107.44,18.0,270.18,55.0,155.32,90.64,74.0,99.0,26.950322818102894,110.0,200.64,173,-25.0,5.0,-0.14,110.0,1.0
07:42:15,110.0,25.0,199.4,20.0,108.0,40.0,392.22,23.0,154.7,89.4,65.0,43.0,15.646900012460993,110.0,199.4,108,22.0,-65.0,0.2,110.0,
07:42:16,111.2,50.0,199.0,40.0,108.0,80.0,233.0,50.0,155.1,87.8,130.0,90.0,14.82338355436946,111.2,199.0,220,40.0,112.0,0.18,110.0,
07:42:17,112.0,25.0,199.0,20.0,108.0,40.0,233.0,25.0,155.5,87.0,65.0,45.0,3.1780811820900072,112.0,199.0,110,20.0,-110.0,0.18,110.0,
07:42:18,112.0,45.0,198.97,33.0,110.08,78.0,229.91,44.0,155.48,86.97,123.0,77.0,0.3319638533843688,112.0,198.97,200,46.0,90.0,0.23,110.0,
07:42:19,112.0,60.0,188.25,20.0,111.0,108.0,193.64,47.0,150.12,76.25,168.0,67.0,2.2930765360001355,112.0,188.25,235,101.0,35.0,0.43,110.0,
07:42:20,112.0,46.0,177.2,30.0,111.0,90.0,192.45,22.0,144.6,65.19999999999999,136.0,52.0,4.799395795301276,112.0,177.2,188,84.0,-47.0,0.45,112.0,4.0
07:42:21,112.0,117.0,114.23,39.0,111.0,117.0,173.38,52.0,113.12,2.230000000000004,234.0,91.0,17.71405317819613,112.0,114.23,325,143.0,137.0,0.44,112.0,
07:42:22,112.0,28.0,113.0,30.0,111.0,90.0,319.85,26.0,112.5,1.0,118.0,56.0,20.76688903037635,112.0,113.0,174,62.0,-151.0,0.36,112.0,8.0
07:42:23,112.0,8.0,113.0,24.0,111.0,72.0,150.5,36.0,112.5,1.0,80.0,60.0,19.082162351263317,112.0,113.0,140,20.0,-34.0,0.14,112.0,
07:42:24,111.05,66.0,136.07,44.0,108.98,83.0,423.95,38.0,123.56,25.02,149.0,82.0,13.872457604908163,111.05,136.07,231,67.0,91.0,0.29,112.0,1.0
