Time,Bid1_Price,Bid1_Volume,Ask1_Price,Ask1_Volume,Bid2_Price,Bid2_Volume,Ask2_Price,Ask2_Volume,Mid-Price,Bid_Ask_Spread,Market_Depth_Bid,Market_Depth_Ask,Historical_Volatility,Weighted_Avg_Bid_Price,Weighted_Avg_Ask_Price,Total_volume,Cumulative_Volume_Difference,Total_Volume_Change_Corrected,Order_imbalance,Weighted_Avg_Price,Trade_Volume
07:30:04,169.0,4.0,200.0,20.0,163.77,26.0,534.25,16.0,184.5,31.0,30.0,36.0,96.6234483445918,169.0,200.0,66,-6.0,-39.0,-0.09,,
07:30:05,169.0,6.0,198.83,29.0,165.0,30.0,406.56,25.0,183.91,29.830000000000013,36.0,54.0,70.21509025843378,169.0,198.83,90,-18.0,24.0,-0.2,,
07:30:06,169.0,8.0,191.67,30.0,165.0,40.0,194.12,25.0,180.33,22.669999999999987,48.0,55.0,52.707130257679566,169.0,191.67,103,-7.0,13.0,-0.07,,
07:30:07,165.36,44.0,184.21,58.0,163.4,100.0,185.44,55.0,174.79,18.849999999999994,144.0,113.0,39.03319510365506,165.36,184.21,257,31.0,154.0,0.12,167.0,2.0
07:30:08,165.0,64.0,177.49,65.0,163.0,128.0,179.25,59.0,171.25,12.490000000000007,192.0,124.0,5.785843067349954,165.0,177.49,316,68.0,59.0,0.22,167.0,
07:30:09,165.0,28.0,172.86,28.0,163.0,56.0,174.0,35.0,168.93,7.860000000000014,84.0,63.0,6.229038449070726,165.0,172.86,147,21.0,-168.0,0.14,167.0,
07:30:10,163.22,108.0,171.14,58.0,162.32,76.0,173.84,99.0,167.18,7.9199999999999875,184.0,157.0,5.224048238674803,163.22,171.14,341,27.0,168.0,0.08,165.0,4.0
07:30:11,163.0,87.0,167.12,34.0,162.0,33.0,168.77,43.0,165.06,4.1200000000000045,120.0,77.0,3.75668337766188,163.0,167.12,197,43.0,-144.0,0.22,163.0,1.0
07:30:12,163.0,43.0,164.57,21.0,162.0,27.0,165.94,34.0,163.79,1.5699999999999932,70.0,55.0,2.983063861200586,163.0,164.57,125,15.0,-72.0,0.12,163.0,7.0
07:30:13,162.0,33.0,163.29,34.0,160.0,11.0,165.25,32.0,162.65,1.289999999999992,44.0,66.0,2.540919125041325,162.0,163.29,110,-22.0,-15.0,-0.2,162.0,2.0
07:30:14,160.5,12.0,166.42,43.0,150.62,48.0,169.5,60.0,163.46,5.919999999999988,60.0,103.0,1.7662304492904273,160.5,166.42,163,-43.0,53.0,-0.26,162.0,1.0
07:30:15,160.0,12.0,164.5,36.0,150.0,60.0,166.0,36.0,162.25,4.5,72.0,72.0,1.094015539195199,160.0,164.5,144,0.0,-19.0,0.0,162.0,
07:30:16,161.0,36.0,163.18,33.0,151.43,35.0,164.36,33.0,162.09,2.180000000000007,71.0,66.0,0.7472081370009866,161.0,163.18,137,5.0,-7.0,0.04,162.0,
07:30:17,164.17,116.0,167.6,86.0,164.75,77.0,169.36,96.0,165.89,3.430000000000007,193.0,182.0,1.5586596806232265,164.17,167.6,375,11.0,168.0,0.03,162.55,11.0
07:30:18,167.0,109.0,169.0,85.0,165.58,67.0,205.69,65.0,168.0,2.0,176.0,150.0,2.5496607617486275,167.0,169.0,326,26.0,-49.0,0.08,162.55,
07:30:19,167.0,104.0,169.0,40.0,162.0,8.0,170.0,40.0,168.0,2.0,112.0,80.0,2.9376912703687386,167.0,169.0,192,32.0,-134.0,0.17,162.55,
07:30:20,167.0,91.0,169.0,35.0,162.0,7.0,170.0,35.0,168.0,2.0,98.0,70.0,2.574690272634909,167.0,169.0,168,28.0,-24.0,0.17,162.55,
07:30:21,167.0,104.0,169.0,40.0,162.0,8.0,170.0,40.0,168.0,2.0,112.0,80.0,0.9436206865054216,167.0,169.0,192,32.0,24.0,0.17,162.55,
07:30:22,166.89,137.0,168.53,85.0,160.8,40.0,169.79,120.0,167.71,1.6400000000000148,177.0,205.0,0.1296919426988227,166.89,168.53,382,-28.0,168.0,-0.07,167.0,13.0
07:30:23,164.31,13.0,168.0,52.0,160.19,62.0,170.0,130.0,166.15,3.6899999999999977,75.0,182.0,0.8047794728998499,164.31,168.0,257,-107.0,-125.0,-0.42,167.0,
07:30:24,166.38,8.0,168.53,38.0,161.78,9.0,170.44,72.0,167.45,2.1500000000000057,17.0,110.0,0.7684204578230294,166.38,168.53,127,-93.0,-130.0,-0.73,167.0,1.0
07:30:25,162.0,11.0,168.8,60.0,161.0,22.0,171.04,45.0,165.4,6.800000000000011,33.0,105.0,1.114930491107374,162.0,168.8,138,-72.0,11.0,-0.52,167.0,
07:30:26,161.05,73.0,164.45,67.0,159.8,92.0,167.32,99.0,162.75,3.3999999999999773,165.0,166.0,1.9945726359300375,161.05,164.45,331,-1.0,168.0,-0.0,161.5,12.0
07:30:27,160.0,33.0,162.44,45.0,157.0,26.0,165.88,58.0,161.22,2.4399999999999977,59.0,103.0,2.550084312331826,160.0,162.44,162,-44.0,-168.0,-0.27,160.0,5.0
07:30:28,158.29,21.0,160.67,75.0,154.6,30.0,165.33,39.0,159.48,2.3799999999999955,51.0,114.0,3.195535948788695,158.29,160.67,165,-63.0,3.0,-0.38,160.0,1.0
07:30:29,157.92,24.0,160.0,60.0,156.4,20.0,166.0,60.0,158.96,2.0800000000000125,44.0,120.0,2.6155152456066504,157.92,160.0,164,-76.0,-1.0,-0.46,160.0,
07:30:30,158.29,28.0,163.0,70.0,157.0,14.0,166.35,54.0,160.64,4.710000000000008,42.0,124.0,1.4959946523971104,158.29,163.0,166,-82.0,2.0,-0.49,160.0,5.0
07:30:31,159.91,89.0,165.86,57.0,158.36,22.0,166.89,87.0,162.88,5.950000000000017,111.0,144.0,1.5428804231050317,159.91,165.86,255,-33.0,89.0,-0.13,160.0,
07:30:32,160.17,87.0,165.71,56.0,158.15,71.0,166.69,64.0,162.94,5.5400000000000205,158.0,120.0,1.86397424874938,160.17,165.71,278,38.0,23.0,0.14,162.0,1.0
07:30:33,161.22,37.0,166.0,141.0,159.39,67.0,311.0,47.0,163.61,4.780000000000001,104.0,188.0,1.9463504309350288,161.22,166.0,292,-84.0,14.0,-0.29,161.0,4.0
07:30:34,162.0,34.0,166.0,108.0,158.86,35.0,548.18,22.0,164.0,4.0,69.0,130.0,1.3025666969492145,162.0,166.0,199,-61.0,-93.0,-0.31,161.0,
07:30:35,162.0,36.0,166.0,72.0,156.0,18.0,360.67,12.0,164.0,4.0,54.0,84.0,0.549799963624325,162.0,166.0,138,-30.0,-61.0,-0.22,161.0,
07:30:36,162.92,24.0,165.91,171.0,161.44,50.0,235.85,52.0,164.41,2.990000000000009,74.0,223.0,0.5539584822000206,162.92,165.91,297,-149.0,159.0,-0.5,163.0,3.0
07:30:37,162.0,52.0,165.25,63.0,156.54,39.0,178.25,111.0,163.63,3.25,91.0,174.0,0.328861673050188,162.0,165.25,265,-83.0,-32.0,-0.31,166.23,13.0
07:30:38,162.0,20.0,167.0,20.0,157.0,15.0,320.0,10.0,164.5,5.0,35.0,30.0,0.3523776383390331,162.0,167.0,65,5.0,-168.0,0.08,166.23,
07:30:39,162.0,32.0,167.0,32.0,157.0,24.0,210.0,16.0,164.5,5.0,56.0,48.0,0.3836274234220073,162.0,167.0,104,8.0,39.0,0.08,166.23,
07:30:40,162.38,39.0,167.0,62.0,159.63,38.0,245.88,34.0,164.69,4.6200000000000045,77.0,96.0,0.4130738432791724,162.38,167.0,173,-19.0,69.0,-0.11,166.23,
07:30:41,163.0,18.0,167.0,42.0,162.0,24.0,299.33,18.0,165.0,4.0,42.0,60.0,0.5090481313210409,163.0,167.0,102,-18.0,-71.0,-0.18,166.23,
07:30:42,163.0,36.0,167.0,84.0,162.0,48.0,281.17,36.0,165.0,4.0,84.0,120.0,0.2514358765201996,163.0,167.0,204,-36.0,102.0,-0.18,166.23,
07:30:43,163.0,20.0,167.0,42.0,162.0,24.0,178.0,30.0,165.0,4.0,44.0,72.0,0.2317757536963167,163.0,167.0,116,-28.0,-88.0,-0.24,163.0,1.0
07:30:44,163.25,16.0,167.0,42.0,162.11,18.0,178.0,30.0,165.12,3.75,34.0,72.0,0.1606860292667503,163.25,167.0,106,-38.0,-10.0,-0.36,163.0,
07:30:45,164.0,32.0,166.96,94.0,163.0,16.0,340.95,65.0,165.48,2.960000000000008,48.0,159.0,0.2078460969119715,164.0,166.96,207,-111.0,101.0,-0.54,163.0,
07:30:46,163.47,15.0,166.91,45.0,162.11,36.0,167.3,30.0,165.19,3.4399999999999977,51.0,75.0,0.1975348070633343,163.47,166.91,126,-24.0,-81.0,-0.19,165.0,1.0
07:30:47,162.84,25.0,166.85,52.0,161.12,17.0,168.0,13.0,164.84,4.009999999999991,42.0,65.0,0.2382855429973446,162.84,166.84999999999997,107,-23.0,-19.0,-0.21,164.0,2.0
07:30:48,163.38,217.0,165.82,68.0,161.06,69.0,167.47,73.0,164.6,2.4399999999999977,286.0,141.0,0.3376092415819162,163.38,165.82,427,145.0,168.0,0.34,165.0,4.0
07:30:49,164.1,110.0,166.77,70.0,157.32,47.0,167.69,26.0,165.44,2.670000000000016,157.0,96.0,0.3824918299801088,164.1,166.77,253,61.0,-168.0,0.24,165.0,
07:30:50,165.0,121.0,167.0,99.0,158.29,70.0,170.0,11.0,166.0,2.0,191.0,110.0,0.5445915900944164,165.0,167.0,301,81.0,48.0,0.27,165.0,
07:30:51,165.0,88.0,167.0,69.0,160.0,16.0,170.0,8.0,166.0,2.0,104.0,77.0,0.6465910608735711,165.0,167.0,181,27.0,-120.0,0.15,167.0,1.0
07:30:52,165.0,77.0,167.0,56.0,161.71,14.0,170.0,7.0,166.0,2.0,91.0,63.0,0.6134492644071483,165.0,167.0,154,28.0,-27.0,0.18,167.0,
07:30:53,165.0,50.0,167.0,37.0,162.0,10.0,170.0,5.0,166.0,2.0,60.0,42.0,0.250439613483455,165.0,167.0,102,18.0,-52.0,0.18,165.0,1.0
07:30:54,165.0,70.0,167.0,44.0,162.0,14.0,169.33,15.0,166.0,2.0,84.0,59.0,0.0,165.0,167.0,143,25.0,41.0,0.17,165.0,
07:30:55,165.0,46.0,167.0,40.0,162.0,10.0,169.05,21.0,166.0,2.0,56.0,61.0,0.0,165.0,167.0,117,-5.0,-26.0,-0.04,165.0,2.0
07:30:56,165.0,24.0,167.0,24.0,162.0,6.0,170.0,3.0,166.0,2.0,30.0,27.0,0.0,165.0,167.0,57,3.0,-60.0,0.05,165.0,
07:30:57,165.0,24.0,167.0,24.0,162.0,6.0,170.0,3.0,166.0,2.0,30.0,27.0,0.0,165.0,167.0,57,3.0,0.0,0.05,165.0,
07:30:58,165.0,66.0,166.73,60.0,162.0,26.0,167.65,46.0,165.87,1.7299999999999898,92.0,106.0,0.058137767430173,165.0,166.73,198,-14.0,141.0,-0.07,165.0,6.0
07:30:59,161.22,23.0,168.0,88.0,160.43,28.0,171.0,11.0,164.61,6.780000000000001,51.0,99.0,0.6096966458835714,161.22,168.0,150,-48.0,-48.0,-0.32,163.0,5.0
07:31:00,161.0,21.0,168.0,56.0,160.0,14.0,171.0,7.0,164.5,7.0,35.0,63.0,0.7705387725491802,161.0,168.0,98,-28.0,-52.0,-0.29,163.0,
07:31:01,166.33,81.0,168.0,96.0,160.82,33.0,171.0,12.0,167.17,1.6699999999999875,114.0,108.0,1.1049208116429143,166.33,168.0,222,6.0,124.0,0.03,163.0,
07:31:02,167.0,80.0,168.0,80.0,161.0,30.0,171.0,10.0,167.5,1.0,110.0,90.0,1.3958330845777065,167.0,168.0,200,20.0,-22.0,0.1,163.0,
07:31:03,167.0,72.0,168.0,72.0,161.0,27.0,171.0,9.0,167.5,1.0,99.0,81.0,1.5591119267075693,167.0,168.0,180,18.0,-20.0,0.1,163.0,
07:31:04,167.0,72.0,168.0,72.0,161.0,27.0,171.0,9.0,167.5,1.0,99.0,81.0,1.3125471420112564,167.0,168.0,180,18.0,0.0,0.1,163.0,
07:31:05,167.0,64.0,168.0,55.0,161.0,24.0,171.0,8.0,167.5,1.0,88.0,63.0,0.1475804865218845,167.0,168.0,151,25.0,-29.0,0.17,163.0,
07:31:06,167.0,48.0,168.0,55.0,161.0,33.0,171.0,11.0,167.5,1.0,81.0,66.0,0.0,167.0,168.0,147,15.0,-4.0,0.1,167.0,4.0
07:31:07,167.0,48.0,168.0,60.0,161.0,36.0,171.0,12.0,167.5,1.0,84.0,72.0,0.0,167.0,168.0,156,12.0,9.0,0.08,167.0,
07:31:08,167.0,28.0,168.0,40.0,162.88,102.0,171.0,8.0,167.5,1.0,130.0,48.0,0.0,167.0,168.0,178,82.0,22.0,0.46,167.0,2.0
07:31:09,167.0,24.0,168.0,60.0,163.0,192.0,171.0,12.0,167.5,1.0,216.0,72.0,0.0,167.0,168.0,288,144.0,110.0,0.5,167.0,
07:31:10,167.0,25.0,168.0,115.0,163.0,224.0,171.0,14.0,167.5,1.0,249.0,129.0,0.0,167.0,168.0,378,120.0,90.0,0.32,167.0,1.0
07:31:11,167.0,51.0,168.0,119.0,163.0,240.0,171.0,15.0,167.5,1.0,291.0,134.0,0.0,167.0,168.0,425,157.0,47.0,0.37,167.0,5.0
07:31:12,167.0,14.0,168.0,63.0,163.0,112.0,171.0,7.0,167.5,1.0,126.0,70.0,0.0,167.0,168.0,196,56.0,-168.0,0.29,167.0,
07:31:13,167.0,15.0,168.0,72.0,163.0,128.0,171.0,8.0,167.5,1.0,143.0,80.0,0.0,167.0,168.0,223,63.0,27.0,0.28,167.0,1.0
07:31:14,163.95,42.0,168.0,108.0,163.07,133.0,171.0,12.0,165.98,4.050000000000011,175.0,120.0,0.6797646651613986,163.95,168.0,295,55.0,72.0,0.19,167.0,1.0
07:31:15,163.0,224.0,168.0,116.0,162.0,42.0,171.0,14.0,165.5,5.0,266.0,130.0,0.978815610828668,163.0,168.0,396,136.0,101.0,0.34,168.0,2.0
07:31:16,163.0,183.0,168.0,91.0,162.0,39.0,171.0,13.0,165.5,5.0,222.0,104.0,1.026683982538837,163.0,168.0,326,118.0,-70.0,0.36,163.0,5.0
07:31:17,163.86,56.0,168.0,56.0,162.79,56.0,194.17,29.0,165.93,4.139999999999986,112.0,85.0,0.8248757482201386,163.86,168.0,197,27.0,-129.0,0.14,163.0,
07:31:18,163.12,102.0,168.0,70.0,162.29,38.0,255.47,34.0,165.56,4.879999999999996,140.0,104.0,0.2401666088398668,163.12,168.0,244,36.0,47.0,0.15,167.0,3.0
07:31:19,163.0,77.0,167.9,31.0,162.0,21.0,168.48,25.0,165.45,4.900000000000006,98.0,56.0,0.1951153505022598,163.0,167.9,154,42.0,-90.0,0.27,167.0,
07:31:20,163.04,57.0,167.28,25.0,162.59,37.0,168.09,43.0,165.16,4.240000000000009,94.0,68.0,0.2759528945338455,163.04,167.28,162,26.0,8.0,0.16,167.0,
07:31:21,164.55,11.0,167.0,70.0,163.0,121.0,168.0,62.0,165.77,2.4499999999999886,132.0,132.0,0.2966985001674562,164.55,167.0,264,0.0,102.0,0.0,167.0,
07:31:22,163.04,110.0,166.64,109.0,162.38,58.0,167.72,53.0,164.84,3.5999999999999943,168.0,162.0,0.3628084894287496,163.04,166.64,330,6.0,66.0,0.02,163.67,3.0
07:31:23,163.0,126.0,164.79,70.0,162.0,42.0,165.84,92.0,163.89,1.789999999999992,168.0,162.0,0.7204651275401918,163.0,164.79,330,6.0,0.0,0.02,163.67,
07:31:24,162.96,71.0,165.54,72.0,161.91,43.0,169.92,64.0,164.25,2.579999999999984,114.0,136.0,0.7418018603383579,162.96,165.54,250,-22.0,-80.0,-0.09,165.62,16.0
07:31:25,168.88,52.0,293.6,10.0,162.08,26.0,335.18,22.0,231.24,124.72000000000004,78.0,32.0,29.771675633057757,168.88,293.6,110,46.0,-140.0,0.42,169.0,1.0
07:31:26,169.0,45.0,225.33,9.0,162.0,27.0,283.83,12.0,197.17,56.33000000000001,72.0,21.0,29.85908689159811,169.0,225.33,93,51.0,-17.0,0.55,169.0,
07:31:27,169.0,53.0,170.0,14.0,162.0,42.0,260.5,38.0,169.5,1.0,95.0,52.0,29.16535016076451,169.0,170.0,147,43.0,54.0,0.29,169.0,2.0
07:31:28,169.0,21.0,170.0,7.0,162.0,21.0,295.0,7.0,169.5,1.0,42.0,14.0,28.23312717358824,169.0,170.0,56,28.0,-91.0,0.5,169.0,
07:31:29,169.0,33.0,170.0,11.0,165.12,48.0,192.67,43.0,169.5,1.0,81.0,54.0,27.28839900030793,169.0,170.0,135,27.0,79.0,0.2,169.0,
07:31:30,169.0,21.0,170.0,7.0,167.0,30.0,185.0,35.0,169.5,1.0,51.0,42.0,12.374400187483952,169.0,170.0,93,9.0,-42.0,0.1,169.0,
07:31:31,169.0,9.0,170.0,3.0,167.0,18.0,295.0,3.0,169.5,1.0,27.0,6.0,0.0,169.0,170.0,33,21.0,-60.0,0.64,169.0,
07:31:32,168.2,30.0,170.0,8.0,166.33,54.0,395.8,20.0,169.1,1.8000000000000114,84.0,28.0,0.1788854382039705,168.2,170.0,112,56.0,79.0,0.5,169.0,3.0
07:31:33,167.0,48.0,168.48,33.0,165.0,72.0,404.95,21.0,167.74,1.4799999999999898,120.0,54.0,0.7623122719734378,167.0,168.48,174,66.0,62.0,0.38,169.0,
07:31:34,167.0,54.0,168.0,45.0,165.0,81.0,261.2,10.0,167.5,1.0,135.0,55.0,0.974227899416339,167.0,168.0,190,80.0,16.0,0.42,169.0,
07:31:35,165.23,71.0,168.0,59.0,163.2,45.0,169.0,25.0,166.61,2.7700000000000102,116.0,84.0,1.1905040949114656,165.23,168.0,200,32.0,10.0,0.16,166.5,8.0
07:31:36,165.0,77.0,168.0,39.0,162.0,33.0,169.0,33.0,166.5,3.0,110.0,72.0,1.049904757585549,165.0,168.0,182,38.0,-18.0,0.21,166.5,
07:31:37,165.0,98.0,168.0,14.0,161.62,24.0,169.0,42.0,166.5,3.0,122.0,56.0,0.601082357086449,165.0,168.0,178,66.0,-4.0,0.37,166.5,
07:31:38,165.0,56.0,168.0,8.0,162.09,11.0,169.0,24.0,166.5,3.0,67.0,32.0,0.4375157140040838,165.0,168.0,99,35.0,-79.0,0.35,166.5,
07:31:39,165.0,54.0,168.0,9.0,163.0,18.0,169.0,27.0,166.5,3.0,72.0,36.0,0.0491934955093012,165.0,168.0,108,36.0,9.0,0.33,165.0,1.0
07:31:40,165.0,35.0,168.0,10.0,163.0,20.0,169.0,30.0,166.5,3.0,55.0,40.0,0.0,165.0,168.0,95,15.0,-13.0,0.16,165.0,5.0
07:31:41,165.0,9.0,168.0,9.0,163.0,18.0,169.0,27.0,166.5,3.0,27.0,36.0,0.0,165.0,168.0,63,-9.0,-32.0,-0.14,165.0,
07:31:42,163.1,72.0,168.0,14.0,162.26,35.0,169.0,42.0,165.55,4.900000000000006,107.0,56.0,0.4248529157253442,163.1,168.0,163,51.0,100.0,0.31,163.4,5.0
07:31:43,163.86,49.0,168.0,7.0,162.0,21.0,169.0,21.0,165.93,4.139999999999986,70.0,28.0,0.4374128484627276,163.86,168.0,98,42.0,-65.0,0.43,163.4,
07:31:44,164.0,70.0,168.0,10.0,162.18,22.0,169.0,26.0,166.0,4.0,92.0,36.0,0.4066079192542042,164.0,168.0,128,56.0,30.0,0.44,163.4,
07:31:45,164.25,112.0,168.0,16.0,163.0,16.0,169.0,102.0,166.12,3.75,128.0,118.0,0.34270978976417,164.25,168.0,246,10.0,118.0,0.04,163.4,
07:31:46,166.77,91.0,168.0,13.0,163.0,13.0,169.0,87.0,167.38,1.2299999999999898,104.0,100.0,0.6953632144428469,166.77,168.0,204,4.0,-42.0,0.02,163.4,
07:31:47,167.0,56.0,168.42,12.0,163.0,8.0,180.12,40.0,167.71,1.4199999999999875,64.0,52.0,0.8479209868852912,167.0,168.42,116,12.0,-88.0,0.1,163.4,
07:31:48,167.0,77.0,168.0,52.0,163.0,11.0,169.0,55.0,167.5,1.0,88.0,107.0,0.8148742234238975,167.0,168.0,195,-19.0,79.0,-0.1,168.0,4.0
07:31:49,167.0,56.0,168.0,24.0,163.0,8.0,169.0,44.0,167.5,1.0,64.0,68.0,0.6383729317576554,167.0,168.0,132,-4.0,-63.0,-0.03,168.0,
07:31:50,167.0,42.0,168.0,18.0,163.75,8.0,169.0,42.0,167.5,1.0,50.0,60.0,0.1192476414903352,167.0,168.0,110,-10.0,-22.0,-0.09,168.0,
07:31:51,167.0,78.0,168.0,36.0,165.0,36.0,169.0,84.0,167.5,1.0,114.0,120.0,0.0939148550604166,167.0,168.0,234,-6.0,124.0,-0.03,167.0,3.0
07:31:52,167.0,31.0,168.0,30.0,165.0,30.0,169.0,70.0,167.5,1.0,61.0,100.0,0.0,167.0,168.0,161,-39.0,-73.0,-0.24,167.0,3.0
07:31:53,167.0,12.0,168.0,36.0,165.0,36.0,169.0,84.0,167.5,1.0,48.0,120.0,0.0,167.0,168.0,168,-72.0,7.0,-0.43,167.0,
07:31:54,166.43,7.0,168.0,21.0,164.76,17.0,169.0,49.0,167.21,1.5699999999999932,24.0,70.0,0.1296919426987175,166.43,168.0,94,-46.0,-74.0,-0.49,165.67,3.0
07:31:55,165.0,5.0,167.86,14.0,163.0,5.0,168.9,31.0,166.43,2.8600000000000136,10.0,45.0,0.4634328430321492,165.0,167.86,55,-35.0,-39.0,-0.64,165.67,
07:31:56,165.0,9.0,166.8,20.0,163.0,9.0,167.96,46.0,165.9,1.8000000000000114,18.0,66.0,0.7135614899927754,165.0,166.8,84,-48.0,29.0,-0.57,165.67,
07:31:57,165.0,5.0,166.0,12.0,163.0,5.0,167.0,10.0,165.5,1.0,10.0,22.0,0.8468589020613302,165.0,166.0,32,-12.0,-52.0,-0.38,166.0,2.0
07:31:58,164.11,9.0,166.0,18.0,162.29,17.0,167.0,18.0,165.06,1.8899999999999864,26.0,36.0,0.8352544522481097,164.11,166.0,62,-10.0,30.0,-0.16,165.0,1.0
07:31:59,163.0,10.0,165.1,20.0,162.0,30.0,166.1,20.0,164.05,2.0999999999999943,40.0,40.0,0.9025353178684914,163.0,165.1,80,0.0,18.0,0.0,165.0,
07:32:00,162.92,13.0,164.23,26.0,161.2,45.0,165.44,27.0,163.58,1.3100000000000025,58.0,53.0,0.976841850045185,162.92000000000002,164.23,111,5.0,31.0,0.05,163.0,1.0
07:32:01,161.18,44.0,163.38,21.0,160.67,72.0,167.09,65.0,162.28,2.1999999999999886,116.0,86.0,1.2714873180646908,161.18,163.38,202,30.0,91.0,0.15,162.0,1.0
07:32:02,161.0,60.0,163.0,20.0,160.0,40.0,168.0,80.0,162.0,2.0,100.0,100.0,1.2673515692178676,161.0,163.0,200,0.0,-2.0,0.0,162.0,
07:32:03,161.0,62.0,166.54,52.0,160.0,56.0,168.08,76.0,163.77,5.539999999999992,118.0,128.0,0.9297472774893544,161.0,166.54,246,-10.0,46.0,-0.04,161.0,4.0
07:32:04,161.0,16.0,167.0,54.0,160.0,32.0,168.55,22.0,164.0,6.0,48.0,76.0,0.9176491704343558,161.0,167.0,124,-28.0,-122.0,-0.23,161.0,
07:32:05,162.2,35.0,167.0,39.0,160.53,34.0,210.38,26.0,164.6,4.800000000000011,69.0,65.0,1.132121901563144,162.2,167.0,134,4.0,10.0,0.03,161.0,
07:32:06,163.45,33.0,167.0,33.0,161.0,22.0,296.62,16.0,165.23,3.550000000000012,55.0,49.0,1.213857487516229,163.45,167.0,104,6.0,-30.0,0.06,161.0,
07:32:07,164.86,28.0,167.0,46.0,160.9,20.0,169.0,20.0,165.93,2.1399999999999864,48.0,66.0,0.8886112760929663,164.86,167.0,114,-18.0,10.0,-0.16,164.0,4.0
07:32:08,160.0,7.0,166.74,19.0,158.57,14.0,167.21,39.0,163.37,6.740000000000009,21.0,58.0,1.0044052966803445,160.0,166.74,79,-37.0,-35.0,-0.47,160.5,2.0
07:32:09,159.33,12.0,166.0,54.0,157.29,56.0,167.5,48.0,162.67,6.669999999999988,68.0,102.0,1.3337541002746345,159.33,166.0,170,-34.0,91.0,-0.2,163.2,5.0
07:32:10,157.41,17.0,166.0,40.0,156.92,72.0,169.0,16.0,161.71,8.590000000000003,89.0,56.0,1.7613971727010005,157.41,166.0,145,33.0,-25.0,0.23,163.2,
07:32:11,157.24,89.0,166.0,60.0,156.04,48.0,169.0,24.0,161.62,8.759999999999991,137.0,84.0,1.7593464695729175,157.24,166.0,221,53.0,76.0,0.24,163.2,
07:32:12,157.0,56.0,166.0,35.0,156.0,14.0,169.0,14.0,161.5,9.0,70.0,49.0,0.814389341775897,157.0,166.0,119,21.0,-102.0,0.18,163.2,
07:32:13,158.0,36.0,165.93,59.0,156.98,132.0,168.44,27.0,161.97,7.930000000000007,168.0,86.0,0.4669368265601019,158.0,165.93,254,82.0,135.0,0.32,163.2,
07:32:14,159.33,18.0,164.0,26.0,157.0,72.0,165.98,41.0,161.67,4.669999999999988,90.0,67.0,0.1732916616514352,159.33,164.0,157,23.0,-97.0,0.15,164.0,2.0
07:32:15,161.93,59.0,164.0,26.0,159.79,53.0,165.0,13.0,162.97,2.069999999999993,112.0,39.0,0.598021738733671,161.93,164.0,151,73.0,-6.0,0.48,164.0,
07:32:16,162.44,36.0,164.04,23.0,161.69,58.0,165.27,15.0,163.24,1.5999999999999943,94.0,38.0,0.7864159204887757,162.44,164.04,132,56.0,-19.0,0.42,163.0,2.0
07:32:17,162.0,55.0,164.07,43.0,161.0,33.0,165.6,20.0,163.03,2.069999999999993,88.0,63.0,0.7053935071988966,162.0,164.07,151,25.0,19.0,0.17,163.0,
07:32:18,162.0,50.0,163.95,42.0,161.0,30.0,164.44,18.0,162.98,1.9499999999999889,80.0,60.0,0.6289435586747538,162.0,163.95,140,20.0,-11.0,0.14,163.0,1.0
07:32:19,161.89,56.0,164.8,40.0,160.41,34.0,167.29,28.0,163.35,2.910000000000025,90.0,68.0,0.1712600361982468,161.89,164.8,158,22.0,18.0,0.14,162.5,10.0
07:32:20,162.31,36.0,166.69,64.0,161.56,62.0,168.24,42.0,164.5,4.379999999999996,98.0,106.0,0.6223744853372296,162.31,166.69,204,-8.0,46.0,-0.04,162.5,
07:32:21,162.45,11.0,166.0,44.0,159.51,43.0,168.0,80.0,164.23,3.550000000000012,54.0,124.0,0.7030433841512768,162.45,166.0,178,-70.0,-26.0,-0.39,161.5,4.0
07:32:22,160.0,10.0,166.0,34.0,157.0,80.0,168.0,80.0,163.0,6.0,90.0,114.0,0.7094152521611563,160.0,166.0,204,-24.0,26.0,-0.12,166.0,1.0
07:32:23,157.53,17.0,166.0,15.0,156.09,44.0,168.0,40.0,161.76,8.469999999999999,61.0,55.0,1.0892520369495573,157.53,166.0,116,6.0,-88.0,0.05,158.5,2.0
07:32:24,157.0,42.0,166.7,23.0,155.0,60.0,185.48,42.0,161.85,9.699999999999989,102.0,65.0,1.284511580328728,157.0,166.7,167,37.0,51.0,0.22,158.5,
07:32:25,163.81,62.0,168.0,104.0,158.16,31.0,609.67,18.0,165.9,4.189999999999998,93.0,122.0,1.7448123108227906,163.81,168.0,215,-29.0,48.0,-0.13,158.5,
07:32:26,164.0,55.0,167.21,53.0,160.43,28.0,222.78,72.0,165.6,3.210000000000008,83.0,125.0,2.0059710865311366,164.0,167.21,208,-42.0,-7.0,-0.2,158.5,
07:32:27,161.47,19.0,165.75,24.0,160.2,20.0,167.68,57.0,163.61,4.280000000000001,39.0,81.0,1.9770255435878847,161.47,165.75,120,-42.0,-88.0,-0.35,163.14,7.0
07:32:28,161.0,23.0,163.22,40.0,160.0,26.0,164.77,43.0,162.11,2.219999999999999,49.0,83.0,1.8936551956464984,161.0,163.22,132,-34.0,12.0,-0.26,161.5,2.0
07:32:29,161.62,13.0,163.0,45.0,160.29,14.0,166.0,27.0,162.31,1.3799999999999957,27.0,72.0,1.7822822447634448,161.62,163.0,99,-45.0,-33.0,-0.45,161.5,
07:32:30,162.0,16.0,163.0,40.0,161.0,8.0,166.0,24.0,162.5,1.0,24.0,64.0,1.4486994167178633,162.0,163.0,88,-40.0,-11.0,-0.45,161.5,
07:32:31,161.21,38.0,162.91,35.0,160.47,19.0,166.44,27.0,162.06,1.6999999999999886,57.0,62.0,0.6348779410235812,161.21,162.91,119,-5.0,31.0,-0.04,163.0,2.0
07:32:32,160.04,23.0,167.5,36.0,155.1,101.0,169.92,71.0,163.77,7.460000000000008,124.0,107.0,0.7039531234381678,160.04,167.5,231,17.0,112.0,0.07,161.0,1.0
07:32:33,155.1,101.0,168.0,36.0,153.34,53.0,169.25,48.0,161.55,12.900000000000006,154.0,84.0,0.8255119623592982,155.1,168.0,238,70.0,7.0,0.29,160.0,2.0
07:32:34,155.0,72.0,167.12,24.0,153.0,32.0,169.0,32.0,161.06,12.120000000000005,104.0,56.0,1.036325238522243,155.0,167.12,160,48.0,-78.0,0.3,160.0,
07:32:35,155.07,54.0,166.0,29.0,154.08,52.0,167.0,98.0,160.54,10.930000000000009,106.0,127.0,1.2395684732994858,155.06999999999996,166.0,233,-21.0,73.0,-0.09,155.0,2.0
07:32:36,156.07,41.0,165.15,26.0,155.52,29.0,166.43,42.0,160.61,9.080000000000013,70.0,68.0,1.3287701080314411,156.07,165.15000000000003,138,2.0,-95.0,0.01,156.5,2.0
07:32:37,155.0,42.0,159.38,26.0,153.0,28.0,163.83,24.0,157.19,4.379999999999996,70.0,50.0,1.7252101321280529,155.0,159.38,120,20.0,-18.0,0.17,156.5,
07:32:38,156.0,20.0,158.09,44.0,155.0,40.0,159.49,41.0,157.05,2.0900000000000034,60.0,85.0,1.9915697326473176,156.0,158.09,145,-25.0,25.0,-0.17,158.0,1.0
07:32:39,155.32,44.0,157.69,32.0,154.85,82.0,158.9,40.0,156.5,2.3700000000000045,126.0,72.0,2.0222438033027936,155.32,157.69,198,54.0,53.0,0.27,156.0,2.0
07:32:40,155.0,76.0,156.96,49.0,154.0,52.0,159.19,53.0,155.98,1.960000000000008,128.0,102.0,1.821765627076164,155.0,156.96,230,26.0,32.0,0.11,155.0,4.0
07:32:41,155.0,28.0,156.0,28.0,154.0,28.0,159.14,28.0,155.5,1.0,56.0,56.0,0.7129726502438543,155.0,156.0,112,0.0,-118.0,0.0,156.0,1.0
07:32:42,154.2,40.0,158.4,40.0,137.5,16.0,159.8,40.0,156.3,4.200000000000017,56.0,80.0,0.5786017628694751,154.2,158.4,136,-24.0,24.0,-0.18,155.0,4.0
07:32:43,154.6,50.0,159.0,40.0,147.12,25.0,160.0,40.0,156.8,4.400000000000006,75.0,80.0,0.4992794808477934,154.6,159.0,155,-5.0,19.0,-0.03,155.0,
07:32:44,155.0,60.0,157.8,40.0,154.0,40.0,159.0,68.0,156.4,2.800000000000012,100.0,108.0,0.4869086156514729,155.0,157.8,208,-8.0,53.0,-0.04,155.0,
07:32:45,155.0,20.0,157.0,24.0,154.0,24.0,159.0,48.0,156.0,2.0,44.0,72.0,0.4847679857371297,155.0,157.0,116,-28.0,-92.0,-0.24,155.0,4.0
07:32:46,154.92,26.0,157.7,46.0,152.65,34.0,159.14,74.0,156.31,2.780000000000001,60.0,120.0,0.2876108481885168,154.92,157.7,180,-60.0,64.0,-0.33,157.0,4.0
07:32:47,155.0,11.0,159.0,72.0,153.82,44.0,160.0,55.0,157.0,4.0,55.0,127.0,0.3987731184468085,155.0,159.0,182,-72.0,2.0,-0.4,159.0,4.0
07:32:48,157.25,8.0,159.0,28.0,152.5,32.0,160.0,40.0,158.12,1.75,40.0,68.0,0.8391543362194669,157.25,159.0,108,-28.0,-74.0,-0.26,159.0,1.0
07:32:49,152.11,19.0,158.62,16.0,141.5,16.0,159.86,29.0,155.37,6.509999999999991,35.0,45.0,1.0511184519338517,152.11,158.62,80,-10.0,-28.0,-0.12,158.5,2.0
07:32:50,151.0,16.0,158.0,12.0,113.0,4.0,159.0,8.0,154.5,7.0,20.0,20.0,1.4052935636355977,151.0,158.0,40,0.0,-40.0,0.0,158.5,
07:32:51,151.77,26.0,157.86,21.0,146.53,17.0,159.0,14.0,154.81,6.090000000000003,43.0,35.0,1.5451051744122368,151.77,157.86,78,8.0,38.0,0.1,151.0,1.0
07:32:52,154.67,36.0,157.0,26.0,151.97,29.0,159.0,20.0,155.83,2.3300000000000125,65.0,46.0,1.4327351464926594,154.67,157.0,111,19.0,33.0,0.17,157.0,2.0
07:32:53,154.45,22.0,159.58,36.0,149.57,21.0,160.2,44.0,157.02,5.130000000000024,43.0,80.0,0.9889539928607562,154.45,159.58,123,-37.0,12.0,-0.3,158.33,3.0
07:32:54,153.75,12.0,160.0,36.0,149.0,12.0,161.0,20.0,156.88,6.25,24.0,56.0,1.1538500769144089,153.75,160.0,80,-32.0,-43.0,-0.4,158.33,
07:32:55,155.07,15.0,160.0,63.0,153.29,21.0,161.0,35.0,157.53,4.930000000000007,36.0,98.0,1.089004132221594,155.07,160.0,134,-62.0,54.0,-0.46,158.33,
07:32:56,157.0,15.0,159.95,57.0,155.55,20.0,160.77,39.0,158.47,2.9499999999999886,35.0,96.0,0.9642250774565506,157.0,159.95,131,-61.0,-3.0,-0.47,158.33,
07:32:57,158.9,20.0,160.0,90.0,149.16,124.0,161.0,50.0,159.45,1.0999999999999943,144.0,140.0,1.0810411648020055,158.9,160.0,284,4.0,153.0,0.01,159.0,3.0
07:32:58,156.69,26.0,159.91,64.0,151.06,68.0,160.95,64.0,158.3,3.219999999999999,94.0,128.0,0.975873967270684,156.69,159.91,222,-34.0,-62.0,-0.15,160.0,2.0
07:33:00,153.0,45.0,160.25,53.0,149.0,150.0,234.24,58.0,156.62,7.25,195.0,111.0,2.339266979204406,153.0,160.25,306,84.0,135.0,0.27,156.88,8.0
07:33:01,153.0,14.0,158.0,21.0,149.0,70.0,161.0,56.0,155.5,5.0,84.0,77.0,2.334819050803666,153.0,158.0,161,7.0,-145.0,0.04,156.88,
07:33:02,153.0,20.0,157.0,69.0,149.0,100.0,160.86,66.0,155.0,4.0,120.0,135.0,1.7986884110359924,153.0,157.0,255,-15.0,94.0,-0.06,157.0,4.0
07:33:03,153.0,20.0,156.73,22.0,149.01,91.0,159.11,38.0,154.86,3.7299999999999898,111.0,60.0,1.1289286957087692,153.0,156.73,171,51.0,-84.0,0.3,157.0,
07:33:04,153.0,16.0,161.75,40.0,150.0,8.0,214.88,40.0,157.38,8.75,24.0,80.0,1.090467789526691,153.0,161.75,104,-56.0,-67.0,-0.54,156.75,4.0
07:33:05,153.0,28.0,160.35,31.0,150.0,14.0,161.5,40.0,156.68,7.349999999999994,42.0,71.0,1.1010358758892629,153.0,160.35,113,-29.0,9.0,-0.26,161.0,3.0
07:33:06,153.27,30.0,160.0,32.0,151.17,18.0,161.0,32.0,156.63,6.72999999999999,48.0,64.0,1.1183469944500162,153.27,160.0,112,-16.0,-1.0,-0.14,161.0,
07:33:07,155.55,77.0,160.0,22.0,152.92,78.0,161.0,22.0,157.77,4.449999999999989,155.0,44.0,1.1171078730345485,155.55,160.0,199,111.0,87.0,0.56,161.0,
07:33:08,156.8,70.0,159.8,30.0,153.0,100.0,160.4,35.0,158.3,3.0,170.0,65.0,0.715381017358056,156.8,159.8,235,105.0,36.0,0.45,161.0,
07:33:09,157.58,100.0,159.0,64.0,153.0,85.0,160.06,70.0,158.29,1.4199999999999875,185.0,134.0,0.8307406334087439,157.58,159.0,319,51.0,84.0,0.16,158.0,2.0
07:33:10,155.14,21.0,159.0,28.0,150.99,67.0,162.0,9.0,157.07,3.8600000000000136,88.0,37.0,0.7443251977438485,155.14,159.0,125,51.0,-168.0,0.41,159.0,5.0
07:33:11,152.17,18.0,155.0,8.0,150.25,120.0,159.0,12.0,153.58,2.8300000000000125,138.0,20.0,1.9778953460676356,152.17,155.0,158,118.0,33.0,0.75,155.0,2.0
07:33:12,155.31,26.0,159.21,38.0,152.53,53.0,160.58,24.0,157.26,3.9000000000000057,79.0,62.0,1.941198083657601,155.31,159.21,141,17.0,-17.0,0.12,155.0,1.0
07:33:13,154.8,25.0,160.45,31.0,153.97,66.0,167.98,41.0,157.63,5.649999999999977,91.0,72.0,1.8409318292636068,154.8,160.45,163,19.0,22.0,0.12,156.5,10.0
07:33:14,153.08,50.0,158.0,10.0,150.69,52.0,165.89,18.0,155.54,4.919999999999988,102.0,28.0,1.675120891158457,153.08,158.0,130,74.0,-33.0,0.57,156.5,
07:33:15,153.33,36.0,157.0,11.0,149.8,181.0,162.0,11.0,155.17,3.669999999999988,217.0,22.0,1.6482505877430391,153.33,157.0,239,195.0,109.0,0.82,156.5,
07:33:16,151.0,60.0,157.0,10.0,149.0,290.0,161.4,10.0,154.0,6.0,350.0,20.0,1.5093872929090613,151.0,157.0,370,330.0,131.0,0.89,156.5,
07:33:17,151.0,66.0,157.0,23.0,149.0,321.0,161.0,11.0,154.0,6.0,387.0,34.0,1.4898221370334617,151.0,157.0,421,353.0,51.0,0.84,156.5,
07:33:18,151.0,36.0,157.0,6.0,149.0,174.0,161.0,6.0,154.0,6.0,210.0,12.0,0.7536046708948163,151.0,157.0,222,198.0,-168.0,0.89,156.5,
07:33:19,149.15,395.0,154.43,42.0,131.39,205.0,155.64,25.0,151.79,5.280000000000001,600.0,67.0,1.2284828041100198,149.15,154.43,667,533.0,168.0,0.8,155.0,2.0
07:33:23,150.76,41.0,154.93,28.0,149.45,76.0,157.28,18.0,152.84,4.170000000000016,117.0,46.0,1.3933161880894682,150.76,154.93,163,71.0,47.0,0.44,155.0,
07:33:24,152.83,29.0,154.75,20.0,151.24,33.0,158.09,22.0,153.79,1.9199999999999875,62.0,42.0,1.906654137485977,152.83,154.75,104,20.0,-59.0,0.19,155.0,1.0
07:33:25,153.71,28.0,159.54,41.0,152.95,21.0,240.19,32.0,156.63,5.829999999999984,49.0,73.0,2.8179868700888644,153.71,159.54,122,-24.0,18.0,-0.2,158.33,3.0
07:33:26,156.92,26.0,159.76,49.0,155.54,26.0,174.09,22.0,158.34,2.8400000000000034,52.0,71.0,3.105989375383365,156.92,159.76,123,-19.0,1.0,-0.15,160.0,3.0
07:33:27,158.94,16.0,174.55,20.0,156.62,65.0,265.73,22.0,166.74,15.610000000000014,81.0,42.0,5.526723260666887,158.94,174.55,123,39.0,0.0,0.32,160.0,1.0
07:33:28,161.2,20.0,182.67,18.0,160.0,10.0,256.23,26.0,171.93,21.47,30.0,44.0,7.572782183583443,161.2,182.67,74,-14.0,-49.0,-0.19,160.0,
07:33:29,163.67,12.0,174.82,17.0,162.33,12.0,264.0,23.0,169.25,11.150000000000006,24.0,40.0,6.75716434608487,163.67,174.82,64,-16.0,-10.0,-0.25,160.0,
07:33:30,163.7,20.0,256.0,12.0,162.86,29.0,313.67,15.0,209.85,92.3,49.0,27.0,20.015910421462383,163.7,256.0,76,22.0,12.0,0.29,163.29,7.0
07:33:31,159.83,12.0,306.91,22.0,146.67,9.0,353.73,11.0,233.37,147.08,21.0,33.0,29.88659599218377,159.83,306.91,54,-12.0,-22.0,-0.22,160.5,4.0
07:33:32,128.11,18.0,336.64,22.0,80.42,12.0,574.37,27.0,232.37,208.53,30.0,49.0,31.367328225400744,128.11,336.64,79,-19.0,25.0,-0.24,160.5,
07:33:33,148.2,20.0,344.4,20.0,123.6,10.0,493.2,35.0,246.3,196.2,30.0,55.0,30.35765504778046,148.2,344.4,85,-25.0,6.0,-0.29,165.0,3.0
07:33:36,170.0,5.0,310.4,10.0,45.0,10.0,354.71,14.0,240.2,140.39999999999998,15.0,24.0,48.78649638988257,170.0,310.4,39,-9.0,-26.0,-0.23,165.0,
07:33:42,149.76,42.0,155.2,20.0,145.77,39.0,156.67,36.0,152.48,5.439999999999998,81.0,56.0,27.752530875579588,149.76,155.2,137,25.0,49.0,0.18,151.6,5.0
07:33:43,152.94,18.0,156.0,22.0,150.9,21.0,157.0,33.0,154.47,3.0600000000000023,39.0,55.0,12.95032316199076,152.94,156.0,94,-16.0,-43.0,-0.17,151.6,
07:33:44,155.0,28.0,156.35,23.0,153.09,44.0,221.42,26.0,155.67,1.3499999999999943,72.0,49.0,10.555741091936508,155.0,156.35,121,23.0,27.0,0.19,156.0,2.0
07:33:45,155.65,17.0,157.33,27.0,149.0,26.0,216.6,20.0,156.49,1.6800000000000068,43.0,47.0,2.880642289490221,155.65,157.33000000000004,90,-4.0,-31.0,-0.04,156.0,2.0
07:33:46,156.0,7.0,157.0,9.0,129.29,14.0,160.0,7.0,156.5,1.0,21.0,16.0,1.6938034124420005,156.0,157.0,37,5.0,-53.0,0.14,157.0,2.0
07:33:47,132.66,29.0,156.57,7.0,119.75,16.0,158.71,7.0,144.61,23.91,45.0,14.0,5.06484155724533,132.66,156.57,59,31.0,22.0,0.53,156.0,1.0
07:33:48,134.17,12.0,154.5,12.0,131.94,68.0,157.0,12.0,144.33,20.330000000000013,80.0,24.0,6.4453083712106665,134.17,154.5,104,56.0,45.0,0.54,156.0,
07:33:50,137.0,10.0,157.68,22.0,82.4,10.0,227.63,19.0,147.34,20.680000000000007,20.0,41.0,5.139574885143351,137.0,157.68,61,-21.0,-12.0,-0.34,156.0,6.0
07:33:51,137.0,10.0,158.2,40.0,111.89,18.0,160.0,10.0,147.6,21.19999999999999,28.0,50.0,1.567300226502676,137.0,158.2,78,-22.0,17.0,-0.28,156.0,
07:33:52,142.45,29.0,158.0,56.0,107.57,14.0,159.17,42.0,150.22,15.550000000000011,43.0,98.0,2.340986971342641,142.45,158.0,141,-55.0,63.0,-0.39,156.0,
07:33:53,143.06,36.0,157.5,46.0,140.03,32.0,159.31,36.0,150.28,14.439999999999998,68.0,82.0,2.2183146756032386,143.06,157.5,150,-14.0,9.0,-0.09,157.0,3.0
07:33:54,145.0,12.0,189.11,28.0,129.0,12.0,201.9,40.0,167.05,44.110000000000014,24.0,68.0,8.25325511540746,145.0,189.11,92,-44.0,-58.0,-0.48,158.0,2.0
07:33:55,146.36,39.0,202.0,75.0,142.0,38.0,226.0,30.0,174.18,55.63999999999999,77.0,105.0,11.957130926773472,146.36,202.0,182,-28.0,90.0,-0.15,158.0,1.0
07:33:56,169.08,186.0,241.18,49.0,159.6,169.0,334.33,85.0,205.13,72.1,355.0,134.0,22.57458017328361,169.08,241.18,489,221.0,168.0,0.45,170.0,2.0
07:33:57,170.0,72.0,304.89,27.0,167.0,36.0,377.33,45.0,237.44,134.89,108.0,72.0,34.581188961630865,170.0,304.89,180,36.0,-168.0,0.2,170.0,
07:33:58,170.0,96.0,328.0,60.0,167.0,48.0,476.0,60.0,249.0,158.0,144.0,120.0,36.627439850473216,170.0,328.0,264,24.0,84.0,0.09,170.0,
07:33:59,170.0,40.0,341.6,25.0,167.0,20.0,517.0,25.0,255.8,171.60000000000002,60.0,50.0,34.11195684800338,170.0,341.6,110,10.0,-154.0,0.09,170.0,
07:34:00,170.0,95.0,366.48,33.0,167.0,48.0,469.49,51.0,268.24,196.48,143.0,84.0,23.98892286035488,170.0,366.48,227,59.0,117.0,0.26,170.0,6.0
07:34:01,170.0,24.0,250.49,57.0,167.0,48.0,290.84,44.0,210.25,80.49000000000001,72.0,101.0,21.98753692435916,170.0,250.49,173,-29.0,-54.0,-0.17,170.0,
07:34:02,170.0,20.0,253.6,40.0,167.0,40.0,255.0,50.0,211.8,83.6,60.0,90.0,26.47460330203371,170.0,253.6,150,-30.0,-23.0,-0.2,170.0,
07:34:03,167.0,32.0,251.21,29.0,163.0,72.0,279.57,35.0,209.1,84.21000000000001,104.0,64.0,28.638535577086515,167.0,251.21,168,40.0,18.0,0.24,170.0,2.0
07:34:04,163.8,40.0,251.6,25.0,161.82,88.0,252.65,31.0,207.7,87.79999999999998,128.0,56.0,26.21758226839471,163.8,251.6,184,72.0,16.0,0.39,166.2,5.0
07:34:05,163.0,64.0,247.93,27.0,161.0,120.0,250.15,27.0,205.46,84.93,184.0,54.0,2.425844182967549,163.0,247.93000000000004,238,130.0,54.0,0.55,166.2,
07:34:06,163.0,72.0,224.82,38.0,161.0,288.0,249.93,41.0,193.91,61.81999999999999,360.0,79.0,6.924151933633143,163.0,224.82,439,281.0,168.0,0.64,163.0,4.0
07:34:07,163.0,36.0,230.11,19.0,161.0,216.0,246.57,23.0,196.55,67.11000000000001,252.0,42.0,6.865539308753079,163.0,230.11,294,210.0,-145.0,0.71,163.0,
07:34:08,163.0,40.0,244.0,30.0,161.05,204.0,245.0,20.0,203.5,81.0,244.0,50.0,5.920374143585272,163.0,244.0,294,194.0,0.0,0.66,163.0,
07:34:09,161.9,124.0,242.86,35.0,160.99,374.0,244.13,45.0,202.38,80.96000000000001,498.0,80.0,4.900729537531368,161.9,242.86,578,418.0,168.0,0.72,163.0,4.0
07:34:10,163.62,90.0,228.31,26.0,161.52,84.0,243.76,34.0,195.96,64.69,174.0,60.0,4.223996922351045,163.62,228.31,234,114.0,-168.0,0.49,163.0,
07:34:11,165.48,109.0,239.4,30.0,164.5,48.0,244.0,45.0,202.44,73.92000000000002,157.0,75.0,3.603967258457306,165.48,239.4,232,82.0,-2.0,0.35,169.0,2.0
07:34:12,169.0,27.0,236.78,18.0,166.0,72.0,242.88,25.0,202.89,67.78,99.0,43.0,3.0927301854564,169.0,236.78,142,56.0,-90.0,0.39,169.0,
07:34:13,166.61,107.0,232.37,38.0,164.08,59.0,235.39,31.0,199.49,65.75999999999999,166.0,69.0,2.9391614450439105,166.61,232.37,235,97.0,93.0,0.41,169.0,3.0
07:34:14,168.0,104.0,216.53,38.0,165.01,95.0,220.37,57.0,192.26,48.53,199.0,95.0,4.502962358273854,168.0,216.53,294,104.0,59.0,0.35,169.0,
07:34:15,168.0,112.0,212.41,37.0,167.0,112.0,213.15,39.0,190.2,44.41,224.0,76.0,5.876940530584808,168.0,212.41,300,148.0,6.0,0.49,169.0,
07:34:16,168.0,63.0,209.08,26.0,167.0,72.0,210.16,19.0,188.54,41.08000000000001,135.0,45.0,6.20819055764467,168.0,209.08,180,90.0,-120.0,0.5,168.0,3.0
07:34:17,168.0,60.0,206.51,37.0,167.0,96.0,207.71,31.0,187.26,38.50999999999999,156.0,68.0,4.817530487711127,168.0,206.51,224,88.0,44.0,0.39,168.0,
07:34:18,168.0,90.0,202.22,54.0,167.0,144.0,203.37,59.0,185.11,34.22,234.0,113.0,2.734388414257197,168.0,202.22,347,121.0,123.0,0.35,168.0,
07:34:19,168.0,84.0,196.49,41.0,167.0,152.0,197.55,53.0,182.24,28.49000000000001,236.0,94.0,3.0969501126144245,168.0,196.49,330,142.0,-17.0,0.43,168.0,1.0
07:34:20,168.0,36.0,195.7,20.0,167.0,72.0,196.78,18.0,181.85,27.69999999999999,108.0,38.0,2.9661169902789184,168.0,195.7,146,70.0,-168.0,0.48,168.0,
07:34:21,168.0,64.0,191.03,68.0,167.0,128.0,192.75,40.0,179.51,23.03,192.0,108.0,3.0204188451305694,168.0,191.03,300,84.0,154.0,0.28,168.0,
07:34:22,168.0,17.0,187.81,37.0,167.0,88.0,188.75,40.0,177.91,19.81,105.0,77.0,2.756606609586948,168.0,187.81,182,28.0,-118.0,0.15,168.0,3.0
07:34:23,168.0,12.0,185.89,36.0,167.0,96.0,186.79,48.0,176.94,17.889999999999986,108.0,84.0,2.341548632853312,168.0,185.89,192,24.0,10.0,0.12,168.0,
07:34:24,168.0,15.0,182.67,63.0,167.0,120.0,184.19,42.0,175.33,14.669999999999987,135.0,105.0,2.494437812417095,168.0,182.67,240,30.0,48.0,0.12,168.0,
07:34:25,167.35,55.0,174.72,65.0,166.47,150.0,176.26,47.0,171.03,7.370000000000003,205.0,112.0,3.236430132107698,167.35,174.72,317,93.0,77.0,0.29,167.0,2.0
07:34:26,168.0,78.0,171.46,26.0,167.0,78.0,173.0,26.0,169.73,3.460000000000008,156.0,52.0,3.6255234104903225,168.0,171.46,208,104.0,-109.0,0.5,167.0,
07:34:27,168.0,54.0,170.07,56.0,167.0,96.0,171.77,35.0,169.04,2.069999999999993,150.0,91.0,3.51748916132121,168.0,170.07,241,59.0,33.0,0.24,168.0,3.0
07:34:28,167.24,71.0,169.3,66.0,165.85,156.0,172.02,41.0,168.27,2.0600000000000023,227.0,107.0,2.7903942373813417,167.24,169.3,334,120.0,93.0,0.36,167.43,7.0
07:34:29,165.28,58.0,167.15,26.0,163.11,109.0,169.0,39.0,166.21,1.8700000000000043,167.0,65.0,1.7936499101022088,165.28,167.15000000000003,232,102.0,-102.0,0.44,167.0,2.0
07:34:30,165.0,24.0,167.96,23.0,162.06,69.0,237.65,17.0,166.48,2.960000000000008,93.0,40.0,1.5530067610957154,165.0,167.96,133,53.0,-99.0,0.4,165.0,2.0
07:34:31,166.67,36.0,291.76,25.0,164.68,19.0,529.93,27.0,229.21,125.09,55.0,52.0,27.62321614149984,166.67,291.76,107,3.0,-26.0,0.03,167.0,3.0
07:34:32,167.0,29.0,286.2,30.0,165.0,20.0,360.2,10.0,226.6,119.2,49.0,40.0,33.38848948365327,167.0,286.2,89,9.0,-18.0,0.1,167.0,1.0
07:34:33,167.75,16.0,232.0,21.0,164.67,12.0,251.0,7.0,199.88,64.25,28.0,28.0,30.818614991592813,167.75,232.0,56,0.0,-33.0,0.0,168.2,5.0
07:34:34,165.67,24.0,212.56,63.0,163.89,18.0,326.41,41.0,189.11,46.890000000000015,42.0,104.0,26.351154244169884,165.67,212.56,146,-62.0,90.0,-0.42,169.0,1.0
07:34:35,165.0,14.0,209.07,29.0,163.0,7.0,280.0,20.0,187.03,44.06999999999999,21.0,49.0,20.279187113886856,165.0,209.07,70,-28.0,-76.0,-0.4,169.0,
07:34:36,165.0,12.0,312.29,17.0,163.67,9.0,434.38,13.0,238.65,147.29000000000002,21.0,30.0,23.17092639494666,165.0,312.29,51,-9.0,-19.0,-0.18,169.0,
07:34:37,164.43,14.0,340.14,21.0,163.6,10.0,412.0,14.0,252.29,175.70999999999998,24.0,35.0,30.07559508970752,164.43,340.14,59,-11.0,8.0,-0.19,165.0,2.0
07:34:38,164.0,14.0,395.0,21.0,163.0,7.0,412.0,14.0,279.5,231.0,21.0,35.0,40.42892009440828,164.0,395.0,56,-14.0,-3.0,-0.25,165.0,
07:34:39,162.16,49.0,395.0,18.0,161.03,122.0,534.1,29.0,278.58,232.84,171.0,47.0,37.90591444616607,162.16,395.0,218,124.0,162.0,0.57,163.67,3.0
07:34:40,162.0,45.0,355.0,15.0,161.0,117.0,558.0,25.0,258.5,193.0,162.0,40.0,17.547598981059235,162.0,355.0,202,122.0,-16.0,0.6,163.67,
07:34:41,162.0,63.0,200.97,31.0,161.0,151.0,390.77,22.0,181.48,38.97,214.0,53.0,40.1855894569193,162.0,200.97,267,161.0,65.0,0.6,163.67,
07:34:42,162.0,76.0,210.65,37.0,161.0,117.0,270.5,24.0,186.32,48.650000000000006,193.0,61.0,49.11275883108233,162.0,210.65,254,132.0,-13.0,0.52,162.0,5.0
07:34:43,161.08,155.0,263.83,48.0,160.3,129.0,266.0,36.0,212.46,102.74999999999996,284.0,84.0,43.38408602241204,161.08,263.83,368,200.0,114.0,0.54,161.0,4.0
07:34:44,161.03,99.0,361.17,41.0,160.44,108.0,493.5,28.0,261.1,200.14,207.0,69.0,38.23100992649875,161.03,361.17,276,138.0,-92.0,0.5,161.0,
07:34:45,161.06,109.0,410.0,40.0,160.58,166.0,464.23,43.0,285.53,248.94,275.0,83.0,46.13502162132417,161.06,410.0,358,192.0,82.0,0.54,161.33,3.0
07:34:46,161.0,134.0,361.64,22.0,160.0,100.0,423.25,24.0,261.32,200.64,234.0,46.0,40.631480160093325,161.0,361.64,280,188.0,-78.0,0.67,161.0,3.0
07:34:47,167.0,39.0,279.18,33.0,161.96,113.0,286.03,39.0,223.09,112.18,152.0,72.0,30.16074849867061,167.0,279.18,224,80.0,-56.0,0.36,161.0,
07:34:48,167.0,78.0,276.31,32.0,164.0,117.0,278.68,56.0,221.66,109.31,195.0,88.0,27.566188528704203,167.0,276.31,283,107.0,59.0,0.38,161.0,
07:34:49,167.0,48.0,273.67,30.0,164.13,62.0,274.67,30.0,220.33,106.67000000000002,110.0,60.0,29.615329307641662,167.0,273.67,170,50.0,-113.0,0.29,167.0,2.0
07:34:50,166.2,40.0,271.86,58.0,164.14,84.0,272.5,40.0,219.03,105.66000000000004,124.0,98.0,18.08258084456017,166.2,271.86,222,26.0,52.0,0.12,167.0,4.0
07:34:51,165.0,16.0,269.92,25.0,164.0,72.0,270.84,31.0,217.46,104.92000000000002,88.0,56.0,2.197277861366416,165.0,269.92,144,32.0,-78.0,0.22,167.0,
07:34:52,165.0,12.0,268.17,24.0,164.0,54.0,269.56,18.0,216.58,103.17000000000002,66.0,42.0,2.065954985000994,165.0,268.17,108,24.0,-36.0,0.22,167.0,
07:34:53,165.0,20.0,267.7,50.0,164.0,90.0,269.0,20.0,216.35,102.7,110.0,70.0,1.6961574219541318,165.0,267.7,180,40.0,72.0,0.22,167.0,
07:34:54,165.0,20.0,262.9,31.0,164.0,90.0,264.06,33.0,213.95,97.89999999999998,110.0,64.0,1.8508457526356883,165.0,262.9,174,46.0,-6.0,0.26,167.0,
07:34:55,165.41,29.0,257.42,48.0,164.02,119.0,258.4,52.0,211.42,92.01000000000002,148.0,100.0,2.458347005621664,165.41000000000005,257.42,248,48.0,74.0,0.19,167.0,
07:34:56,169.0,48.0,236.72,57.0,165.0,32.0,253.12,66.0,202.86,67.72,80.0,123.0,5.641548546281229,169.0,236.72,203,-43.0,-45.0,-0.21,167.0,
07:34:57,169.0,42.0,249.11,55.0,165.0,28.0,250.22,41.0,209.05,80.11000000000001,70.0,96.0,5.17658478149902,169.0,249.11,166,-26.0,-37.0,-0.16,167.0,
07:34:58,169.0,39.0,244.2,50.0,165.0,26.0,244.98,49.0,206.6,75.19999999999999,65.0,99.0,4.288651303154245,169.0,244.2,164,-34.0,-2.0,-0.21,167.0,
07:34:59,167.25,16.0,241.8,30.0,164.09,69.0,243.46,37.0,204.53,74.55000000000001,85.0,67.0,3.430782709535251,167.25,241.8,152,18.0,-12.0,0.12,168.0,4.0
07:35:00,165.0,10.0,228.79,29.0,164.0,90.0,239.25,40.0,196.9,63.78999999999999,100.0,69.0,4.589452037013263,165.0,228.79,169,31.0,17.0,0.18,168.0,
07:35:01,164.67,15.0,201.31,26.0,163.99,91.0,202.18,44.0,182.99,36.640000000000015,106.0,70.0,10.546711809850692,164.67,201.31,176,36.0,7.0,0.2,164.2,5.0
07:35:02,168.33,75.0,198.65,49.0,163.97,67.0,200.45,44.0,183.49,30.319999999999997,142.0,93.0,11.243476775448183,168.33,198.65,235,49.0,59.0,0.21,164.2,
07:35:03,169.0,70.0,194.28,61.0,164.0,70.0,195.78,37.0,181.64,25.28,140.0,98.0,10.248173007909342,169.0,194.28,238,42.0,3.0,0.18,164.2,
07:35:04,169.0,50.0,191.38,26.0,164.0,60.0,193.26,54.0,180.19,22.379999999999995,110.0,80.0,6.751797538436745,169.0,191.38,190,30.0,-48.0,0.16,169.0,1.0
07:35:05,169.0,40.0,188.3,20.0,164.0,50.0,191.42,31.0,178.65,19.30000000000001,90.0,51.0,1.998754612262269,169.0,188.3,141,39.0,-49.0,0.28,169.0,
07:35:06,169.0,44.0,184.21,42.0,164.0,55.0,185.92,26.0,176.61,15.210000000000008,99.0,68.0,2.6529756877965163,169.0,184.21,167,31.0,26.0,0.19,169.0,
07:35:07,169.0,44.0,181.25,51.0,164.0,55.0,182.52,42.0,175.13,12.25,99.0,93.0,2.6292356303760824,169.0,181.25,192,6.0,25.0,0.03,169.0,
07:35:08,169.0,64.0,175.82,44.0,164.0,80.0,176.16,55.0,172.41,6.819999999999993,144.0,99.0,3.033466663742796,169.0,175.82,243,45.0,51.0,0.19,169.0,
07:35:09,166.62,42.0,170.05,21.0,163.9,39.0,171.29,14.0,168.33,3.430000000000007,81.0,35.0,4.004157839051595,166.62,170.05,116,46.0,-127.0,0.4,169.0,4.0
07:35:10,164.0,85.0,169.68,38.0,163.0,17.0,170.62,21.0,166.84,5.680000000000007,102.0,59.0,4.219571068253005,164.0,169.68,161,43.0,45.0,0.27,169.0,
07:35:11,163.0,13.0,167.86,21.0,161.0,234.0,169.0,36.0,165.43,4.860000000000014,247.0,57.0,4.033995537929772,163.0,167.86,304,190.0,143.0,0.62,164.5,6.0
07:35:12,161.2,123.0,165.81,54.0,160.58,172.0,167.12,41.0,163.51,4.610000000000014,295.0,95.0,3.3632395097639,161.2,165.81,390,200.0,86.0,0.51,165.0,6.0
07:35:13,162.44,25.0,164.28,36.0,161.19,116.0,165.28,36.0,163.36,1.8400000000000036,141.0,72.0,2.1417819683703856,162.44,164.28,213,69.0,-168.0,0.32,163.0,1.0
07:35:14,161.08,76.0,163.69,26.0,160.15,141.0,165.0,26.0,162.39,2.609999999999985,217.0,52.0,1.7947228198349297,161.08,163.69,269,165.0,56.0,0.61,162.0,2.0
07:35:15,161.0,63.0,162.67,18.0,160.0,108.0,173.0,18.0,161.83,1.6699999999999875,171.0,36.0,1.376001453500673,161.0,162.67,207,135.0,-62.0,0.65,162.0,2.0
07:35:16,161.62,45.0,165.0,26.0,160.49,70.0,222.0,52.0,163.31,3.3799999999999955,115.0,78.0,0.7339618518941173,161.62,165.0,193,37.0,-14.0,0.19,161.2,5.0
07:35:17,162.15,40.0,226.97,32.0,161.25,48.0,384.31,39.0,194.56,64.82,88.0,71.0,14.252717284786002,162.15,226.97,159,17.0,-34.0,0.11,164.0,1.0
07:35:18,162.0,22.0,237.0,10.0,160.5,30.0,267.82,11.0,199.5,75.0,52.0,21.0,18.99523019076209,162.0,237.0,73,31.0,-86.0,0.42,162.0,1.0
07:35:19,161.0,22.0,229.15,20.0,157.75,76.0,460.0,32.0,195.07,68.15,98.0,52.0,18.623418859061328,161.0,229.15,150,46.0,77.0,0.31,161.0,4.0
07:35:20,162.0,93.0,182.55,22.0,160.92,26.0,209.0,16.0,172.27,20.55000000000001,119.0,38.0,16.08990894940185,162.0,182.55,157,81.0,7.0,0.52,161.0,
07:35:21,162.0,85.0,175.0,39.0,160.91,33.0,176.0,13.0,168.5,13.0,118.0,52.0,14.426966070523696,162.0,175.0,170,66.0,13.0,0.39,162.0,5.0
07:35:22,163.5,32.0,175.0,18.0,161.91,22.0,176.0,6.0,169.25,11.5,54.0,24.0,15.088958545905026,163.5,175.0,78,30.0,-92.0,0.38,162.0,
07:35:23,164.58,72.0,175.0,42.0,163.73,74.0,240.82,28.0,169.79,10.419999999999987,146.0,70.0,11.321567029348822,164.58,175.0,216,76.0,138.0,0.35,165.0,1.0
07:35:24,164.56,54.0,173.49,41.0,163.46,52.0,186.86,37.0,169.02,8.930000000000007,106.0,78.0,1.4744592229141176,164.56,173.49,184,28.0,-32.0,0.15,165.0,4.0
07:35:25,165.0,54.0,171.0,36.0,163.0,36.0,241.19,31.0,168.0,6.0,90.0,67.0,0.6888904122109515,165.0,171.0,157,23.0,-27.0,0.15,165.0,
07:35:26,165.0,51.0,167.97,33.0,163.0,36.0,198.0,30.0,166.48,2.969999999999999,87.0,63.0,1.306434077952664,165.0,167.97,150,24.0,-7.0,0.16,165.0,3.0
07:35:27,164.33,36.0,172.7,37.0,162.56,41.0,342.12,41.0,168.52,8.369999999999976,77.0,78.0,1.2419822865226255,164.33,172.7,155,-1.0,5.0,-0.01,165.0,3.0
07:35:28,163.0,28.0,210.29,7.0,161.0,21.0,215.43,21.0,186.64,47.28999999999999,49.0,28.0,8.387962803925486,163.0,210.29,77,21.0,-78.0,0.27,165.0,
07:35:29,162.14,42.0,209.87,15.0,160.67,27.0,218.6,45.0,186.0,47.73000000000002,69.0,60.0,10.246810235387366,162.14,209.87,129,9.0,52.0,0.07,162.6,5.0
07:35:30,161.0,12.0,209.0,8.0,160.0,8.0,229.0,24.0,185.0,48.0,20.0,32.0,10.109852620094966,161.0,209.0,52,-12.0,-77.0,-0.23,161.0,1.0
07:35:31,160.38,13.0,207.37,19.0,106.59,37.0,217.58,33.0,183.88,46.99000000000001,50.0,52.0,7.612064109033948,160.38,207.37,102,-2.0,50.0,-0.02,160.5,2.0
07:35:32,169.0,13.0,203.88,17.0,161.45,29.0,204.83,35.0,186.44,34.879999999999995,42.0,52.0,1.147309897126707,169.0,203.88,94,-10.0,-8.0,-0.11,160.5,
07:35:33,164.38,26.0,201.16,25.0,162.29,35.0,202.63,19.0,182.77,36.78,61.0,44.0,1.511231286085761,164.38,201.16,105,17.0,11.0,0.16,166.0,2.0
07:35:34,163.0,48.0,199.46,28.0,158.0,12.0,199.6,20.0,181.23,36.46000000000001,60.0,48.0,2.0038288350165665,163.0,199.46,108,12.0,3.0,0.11,166.0,
07:35:35,163.0,64.0,196.68,19.0,158.93,15.0,197.95,41.0,179.84,33.68000000000001,79.0,60.0,2.5317128589244136,163.0,196.68,139,19.0,31.0,0.14,163.0,2.0
07:35:36,163.0,37.0,195.44,27.0,160.22,9.0,197.0,9.0,179.22,32.44,46.0,36.0,2.8828544881840115,163.0,195.44,82,10.0,-57.0,0.12,163.0,
07:35:37,163.0,18.0,194.94,16.0,162.0,6.0,196.25,8.0,178.97,31.94,24.0,24.0,1.5856008325054227,163.0,194.94,48,0.0,-34.0,0.0,163.0,1.0
07:35:38,163.94,48.0,192.53,34.0,162.95,38.0,194.0,22.0,178.23,28.590000000000003,86.0,56.0,1.1270181897562104,163.94,192.53,142,30.0,94.0,0.21,164.0,1.0
07:35:39,165.0,54.0,187.92,26.0,163.0,54.0,190.74,46.0,176.46,22.919999999999987,108.0,72.0,1.2999730766599835,165.0,187.92,180,36.0,38.0,0.2,164.0,
07:35:40,165.54,37.0,185.77,26.0,163.71,42.0,186.93,30.0,175.65,20.230000000000015,79.0,56.0,1.5767149393724844,165.54,185.77,135,23.0,-45.0,0.17,164.0,
07:35:41,167.0,65.0,184.57,21.0,163.0,39.0,185.13,31.0,175.79,17.569999999999993,104.0,52.0,1.4974979132005546,167.0,184.57,156,52.0,21.0,0.33,164.0,
07:35:42,167.0,55.0,183.95,22.0,163.0,33.0,199.44,25.0,175.48,16.94999999999999,88.0,47.0,1.1294998893491128,167.0,183.95,135,41.0,-21.0,0.3,164.0,
07:35:43,167.0,65.0,181.38,39.0,163.0,39.0,182.43,37.0,174.19,14.379999999999995,104.0,76.0,0.8282089108668516,167.0,181.38,180,28.0,45.0,0.16,164.0,
07:35:44,167.0,55.0,179.33,36.0,163.0,33.0,180.16,38.0,173.17,12.330000000000013,88.0,74.0,1.1377961153207077,167.0,179.33,162,14.0,-18.0,0.09,164.0,
07:35:45,169.0,112.0,177.64,50.0,167.0,80.0,178.9,60.0,173.32,8.639999999999986,192.0,110.0,1.2063788791414671,169.0,177.64,302,82.0,140.0,0.27,164.0,
07:35:46,169.0,104.0,172.38,45.0,167.0,80.0,173.63,51.0,170.69,3.3799999999999955,184.0,96.0,1.7570856552934584,169.0,172.38,280,88.0,-22.0,0.31,169.0,2.0
07:35:47,167.62,58.0,171.62,32.0,165.26,38.0,183.37,35.0,169.62,4.0,96.0,67.0,1.942413447244791,167.62,171.62,163,29.0,-117.0,0.18,169.0,5.0
07:35:48,167.0,60.0,172.0,24.0,165.0,12.0,190.27,55.0,169.5,5.0,72.0,79.0,1.8710825743501789,167.0,172.0,151,-7.0,-12.0,-0.05,169.0,
07:35:49,167.0,50.0,171.2,20.0,165.0,10.0,232.78,41.0,169.1,4.199999999999989,60.0,61.0,1.7108711231523237,167.0,171.2,121,-1.0,-30.0,-0.01,169.0,
07:35:50,167.0,45.0,171.0,18.0,165.0,9.0,305.33,45.0,169.0,4.0,54.0,63.0,0.6721011828854776,167.0,171.0,117,-9.0,-4.0,-0.08,169.0,
07:35:51,165.24,41.0,170.2,20.0,162.62,34.0,524.3,50.0,167.72,4.95999999999998,75.0,70.0,0.7553277434569463,165.24,170.2,145,5.0,28.0,0.03,166.67,6.0
07:35:52,163.0,72.0,168.33,24.0,162.0,108.0,382.19,48.0,165.67,5.3300000000000125,180.0,72.0,1.562952334537236,163.0,168.33,252,108.0,107.0,0.43,166.67,
07:35:53,162.18,44.0,168.0,18.0,161.47,57.0,392.3,43.0,165.09,5.819999999999993,101.0,61.0,1.8605187448760083,162.18,168.0,162,40.0,-90.0,0.25,162.67,9.0
07:35:54,162.0,48.0,167.25,16.0,161.0,40.0,270.75,24.0,164.62,5.25,88.0,40.0,1.8653283893284325,162.0,167.25,128,48.0,-34.0,0.38,162.67,
07:35:55,162.14,43.0,166.0,26.0,161.5,70.0,261.62,39.0,164.07,3.8600000000000136,113.0,65.0,1.4073840982596644,162.14,166.0,178,48.0,50.0,0.27,162.2,5.0
07:35:56,162.0,8.0,165.25,16.0,161.0,40.0,237.38,32.0,163.62,3.25,48.0,48.0,0.8102036781166914,162.0,165.25,96,0.0,-82.0,0.0,162.2,
07:35:57,161.05,37.0,164.0,18.0,160.26,38.0,180.0,45.0,162.53,2.9499999999999886,75.0,63.0,0.985104055434536,161.05,164.0,138,12.0,42.0,0.09,162.0,1.0
07:35:58,161.0,60.0,162.58,24.0,160.0,48.0,302.66,47.0,161.79,1.5800000000000125,108.0,71.0,1.1518810702643412,161.0,162.58,179,37.0,41.0,0.21,162.0,
07:35:59,161.2,30.0,251.02,47.0,159.62,39.0,366.38,47.0,206.11,89.82000000000002,69.0,94.0,19.299090133994312,161.2,251.02,163,-25.0,-16.0,-0.15,161.0,5.0
07:36:00,167.0,10.0,185.0,50.0,160.0,40.0,211.1,50.0,176.0,18.0,50.0,100.0,18.864258533004616,167.0,185.0,150,-50.0,-13.0,-0.33,161.0,
07:36:01,167.0,51.0,171.61,72.0,160.0,60.0,173.42,36.0,169.31,4.610000000000014,111.0,108.0,18.242146803488836,167.0,171.61,219,3.0,69.0,0.01,167.0,4.0
07:36:02,165.65,26.0,169.93,54.0,156.43,56.0,172.0,30.0,167.79,4.280000000000001,82.0,84.0,17.467801807898965,165.65000000000003,169.93000000000004,166,-2.0,-53.0,-0.01,167.0,3.0
07:36:03,160.0,6.0,168.5,12.0,155.0,48.0,170.0,30.0,164.25,8.5,54.0,42.0,16.988529071112612,160.0,168.5,96,12.0,-70.0,0.12,167.0,
07:36:04,156.05,21.0,167.1,61.0,148.95,56.0,168.81,37.0,161.57,11.049999999999985,77.0,98.0,5.498507070108639,156.05,167.1,175,-21.0,79.0,-0.12,160.0,1.0
07:36:05,157.0,7.0,166.57,35.0,153.53,17.0,168.0,14.0,161.79,9.569999999999991,24.0,49.0,3.499102742137429,157.0,166.57,73,-25.0,-102.0,-0.34,160.0,
07:36:06,156.14,14.0,161.38,16.0,147.6,10.0,260.43,21.0,158.76,5.240000000000009,24.0,37.0,3.3857081977088552,156.14,161.38,61,-13.0,-12.0,-0.21,161.0,9.0
07:36:07,156.07,28.0,163.55,11.0,119.57,67.0,284.31,39.0,159.81,7.480000000000018,95.0,50.0,2.1015898743647274,156.07,163.55,145,45.0,84.0,0.31,156.0,1.0
07:36:08,158.67,12.0,162.0,12.0,155.75,24.0,294.12,40.0,160.33,3.3300000000000125,36.0,52.0,1.2579825118148735,158.67,162.0,88,-16.0,-57.0,-0.18,156.0,
07:36:09,157.1,31.0,274.7,27.0,106.37,41.0,289.69,32.0,215.9,117.6,72.0,59.0,24.945997073679703,157.1,274.7,131,13.0,43.0,0.1,161.0,3.0
07:36:10,158.9,84.0,260.24,29.0,152.95,19.0,272.25,32.0,209.57,101.34,103.0,61.0,29.17643792514843,158.9,260.24,164,42.0,33.0,0.26,159.0,4.0
07:36:11,157.18,11.0,268.31,26.0,135.07,28.0,270.3,23.0,212.74,111.13,39.0,49.0,28.933989527889924,157.18,268.31,88,-10.0,-76.0,-0.11,159.0,
07:36:12,163.0,10.0,265.9,50.0,155.0,20.0,269.0,20.0,214.45,102.89999999999998,30.0,70.0,23.74587269400828,163.0,265.9,100,-40.0,12.0,-0.4,159.0,
07:36:13,164.67,24.0,260.66,56.0,156.86,57.0,262.79,42.0,212.66,95.99000000000004,81.0,98.0,2.368550189472958,164.67,260.66,179,-17.0,79.0,-0.09,159.0,
07:36:14,167.0,70.0,232.11,37.0,163.0,14.0,243.97,40.0,199.55,65.11000000000001,84.0,77.0,5.990845516289914,167.0,232.11,161,7.0,-18.0,0.04,159.0,
07:36:15,167.0,56.0,179.52,33.0,163.0,12.0,203.57,37.0,173.26,12.52000000000001,68.0,70.0,17.425273885940737,167.0,179.52,138,-2.0,-23.0,-0.01,167.4,5.0
07:36:16,161.07,59.0,166.76,42.0,160.06,179.0,167.47,51.0,163.91,5.689999999999998,238.0,93.0,23.049634053495165,161.07,166.76,331,145.0,168.0,0.44,163.67,3.0
07:36:17,161.89,105.0,163.75,32.0,160.48,75.0,220.5,32.0,162.82,1.8600000000000136,180.0,64.0,22.464295003405727,161.89,163.75,244,116.0,-87.0,0.48,162.0,7.0
07:36:18,162.09,55.0,262.31,39.0,161.38,52.0,419.75,32.0,212.2,100.22,107.0,71.0,22.310003809951247,162.09,262.31,178,36.0,-66.0,0.2,162.0,3.0
07:36:19,163.0,11.0,235.74,23.0,162.0,44.0,428.89,28.0,199.37,72.74000000000001,55.0,51.0,22.27542524846696,163.0,235.74,106,4.0,-72.0,0.04,162.0,
07:36:20,161.8,20.0,184.55,22.0,160.9,71.0,189.91,22.0,173.17,22.75,91.0,44.0,22.28460298053432,161.8,184.55,135,47.0,29.0,0.35,162.2,5.0
07:36:21,160.84,69.0,183.0,26.0,159.86,114.0,218.38,26.0,171.92,22.16,183.0,52.0,20.87600608354097,160.84,183.0,235,131.0,100.0,0.56,163.12,8.0
07:36:22,161.48,46.0,183.0,16.0,159.22,36.0,363.14,21.0,172.24,21.52000000000001,82.0,37.0,18.8225117877514,161.48,183.0,119,45.0,-116.0,0.38,161.8,5.0
07:36:23,167.0,24.0,183.0,16.0,160.0,112.0,330.64,22.0,175.0,16.0,136.0,38.0,11.81706181756012,167.0,183.0,174,98.0,55.0,0.56,161.8,
07:36:24,167.0,30.0,182.8,20.0,161.8,90.0,305.62,29.0,174.9,15.800000000000011,120.0,49.0,1.4481298284460378,167.0,182.8,169,71.0,-5.0,0.42,161.8,
07:36:25,167.0,27.0,180.45,22.0,162.0,81.0,280.08,25.0,173.73,13.449999999999989,108.0,47.0,1.4430938985510249,167.0,180.45,155,61.0,-14.0,0.39,161.8,
07:36:26,167.0,24.0,176.11,18.0,162.0,72.0,177.13,30.0,171.56,9.110000000000014,96.0,48.0,1.5502515924956013,167.0,176.11,144,48.0,-11.0,0.33,161.8,
07:36:27,167.0,42.0,174.29,34.0,162.23,90.0,175.4,50.0,170.65,7.289999999999992,132.0,84.0,1.9747075732966184,167.0,174.29,216,48.0,72.0,0.22,161.8,
07:36:28,167.0,17.0,171.44,18.0,163.0,27.0,174.0,36.0,169.22,4.439999999999998,44.0,54.0,2.2992759730042374,167.0,171.44,98,-10.0,-118.0,-0.1,167.0,2.0
07:36:29,163.8,46.0,168.64,28.0,162.72,129.0,182.05,42.0,166.22,4.839999999999975,175.0,70.0,2.796646205731782,163.8,168.64,245,105.0,147.0,0.43,167.0,1.0
07:36:30,162.58,62.0,165.72,36.0,162.02,171.0,200.2,35.0,164.15,3.1399999999999864,233.0,71.0,3.103522192611708,162.58,165.72,304,162.0,59.0,0.53,163.0,6.0
07:36:31,162.55,60.0,164.0,28.0,161.51,147.0,233.11,38.0,163.28,1.4499999999999886,207.0,66.0,3.177346377094072,162.55,164.0,273,141.0,-31.0,0.52,162.71,7.0
07:36:32,162.0,63.0,332.18,17.0,159.0,90.0,494.45,22.0,247.09,170.18,153.0,39.0,36.46267091149574,162.0,332.18,192,114.0,-81.0,0.59,162.0,1.0
07:36:33,162.0,28.0,165.0,12.0,159.0,54.0,421.0,12.0,163.5,3.0,82.0,24.0,37.048589311875794,162.0,165.0,106,58.0,-86.0,0.55,162.0,2.0
07:36:34,162.0,40.0,164.33,24.0,158.83,83.0,279.67,24.0,163.17,2.3300000000000125,123.0,48.0,37.373335013081686,162.0,164.33,171,75.0,65.0,0.44,163.33,6.0
07:36:35,162.0,28.0,163.86,14.0,159.0,14.0,165.0,14.0,162.93,1.8600000000000136,42.0,28.0,37.50836613343798,162.0,163.86,70,14.0,-101.0,0.2,163.33,
07:36:36,162.0,18.0,168.2,15.0,159.0,12.0,190.33,15.0,165.1,6.199999999999989,30.0,30.0,37.31394203243658,162.0,168.2,60,0.0,-10.0,0.0,162.0,2.0
07:36:37,162.0,18.0,231.12,26.0,160.78,54.0,290.67,18.0,196.56,69.12,72.0,44.0,14.731003699681631,162.0,231.12,116,28.0,56.0,0.24,162.0,
07:36:38,162.0,20.0,243.0,30.0,161.0,80.0,332.5,32.0,202.5,81.0,100.0,62.0,19.736728958974854,162.0,243.0,162,38.0,46.0,0.23,162.0,
07:36:39,162.0,14.0,241.43,21.0,161.0,56.0,399.57,35.0,201.71,79.43,70.0,56.0,19.99571579113985,162.0,241.43,126,14.0,-36.0,0.11,162.0,
07:36:40,162.0,14.0,168.45,11.0,161.0,56.0,232.53,17.0,165.23,6.449999999999989,70.0,28.0,19.3554165545472,162.0,168.45,98,42.0,-28.0,0.43,162.0,
07:36:41,161.06,32.0,221.48,23.0,160.18,44.0,315.09,11.0,191.27,60.41999999999999,76.0,34.0,15.337885447480762,161.06,221.48,110,42.0,12.0,0.38,163.88,8.0
07:36:42,164.29,34.0,413.6,45.0,160.59,59.0,427.35,31.0,288.95,249.31000000000003,93.0,76.0,46.67231320601167,164.29,413.6,169,17.0,59.0,0.1,163.88,
07:36:43,160.26,38.0,261.04,23.0,159.8,30.0,394.07,28.0,210.65,100.78000000000004,68.0,51.0,46.48982598375748,160.26,261.04,119,17.0,-50.0,0.14,162.78,9.0
07:36:44,160.0,22.0,288.0,12.0,159.0,10.0,441.0,9.0,224.0,128.0,32.0,21.0,46.37749669829167,160.0,288.0,53,11.0,-66.0,0.21,160.0,3.0
07:36:45,157.5,16.0,342.17,23.0,147.18,17.0,414.77,22.0,249.84,184.67,33.0,45.0,37.8678183950444,157.5,342.17,78,-12.0,25.0,-0.15,159.5,4.0
07:36:46,156.75,24.0,281.09,32.0,131.16,19.0,335.65,43.0,218.92,124.33999999999996,43.0,75.0,31.792464044173524,156.75,281.09,118,-32.0,40.0,-0.27,159.2,5.0
07:36:47,152.0,10.0,188.2,30.0,98.0,10.0,189.21,28.0,170.1,36.19999999999999,20.0,58.0,28.916606301570997,152.0,188.2,78,-38.0,-40.0,-0.49,159.2,
07:36:48,152.89,36.0,178.47,38.0,132.36,11.0,185.97,35.0,165.68,25.580000000000013,47.0,73.0,36.49300645329254,152.89,178.47,120,-26.0,42.0,-0.22,154.0,5.0
07:36:49,153.0,12.0,183.33,24.0,152.0,6.0,185.0,18.0,168.17,30.330000000000013,18.0,42.0,38.0067904459196,153.0,183.33,60,-24.0,-60.0,-0.4,154.0,
07:36:50,166.02,86.0,179.91,47.0,153.67,15.0,181.36,42.0,172.97,13.889999999999986,101.0,89.0,22.381619020974277,166.02,179.91,190,12.0,130.0,0.06,154.0,
07:36:51,169.0,196.0,179.0,56.0,166.0,16.0,180.0,42.0,174.0,10.0,212.0,98.0,3.415879096225949,169.0,179.0,310,114.0,120.0,0.37,154.0,
07:36:52,169.0,140.0,176.77,31.0,167.0,10.0,178.21,34.0,172.89,7.77000000000001,150.0,65.0,3.620479250048765,169.0,176.77,215,85.0,-95.0,0.4,154.0,
07:36:53,169.0,196.0,171.92,48.0,167.0,14.0,174.16,43.0,170.46,2.9199999999999875,210.0,91.0,2.3620690083133007,169.0,171.92,301,119.0,86.0,0.4,154.0,
07:36:54,169.0,109.0,170.0,32.0,167.0,8.0,171.0,24.0,169.5,1.0,117.0,56.0,1.893945616968527,169.0,170.0,173,61.0,-128.0,0.35,169.0,1.0
07:36:55,169.0,114.0,170.45,44.0,167.0,10.0,172.89,38.0,169.73,1.4499999999999886,124.0,82.0,2.014157392070923,169.0,170.45,206,42.0,33.0,0.2,169.0,4.0
07:36:56,169.0,70.0,170.16,32.0,167.0,10.0,171.5,36.0,169.58,1.1599999999999966,80.0,68.0,1.4256472214518738,169.0,170.16,148,12.0,-58.0,0.08,169.0,4.0
07:36:57,169.0,35.0,170.0,21.0,167.0,7.0,171.0,14.0,169.5,1.0,42.0,35.0,0.4056846066011275,169.0,170.0,77,7.0,-71.0,0.09,169.0,
07:36:58,169.0,24.0,170.0,39.0,167.0,13.0,317.68,25.0,169.5,1.0,37.0,64.0,0.1000999502148055,169.0,170.0,101,-27.0,24.0,-0.27,169.0,4.0
07:36:59,166.25,8.0,442.38,26.0,163.65,31.0,585.86,14.0,304.32,276.13,39.0,40.0,60.25875106571698,166.25,442.38,79,-1.0,-22.0,-0.01,167.0,3.0
07:37:00,165.0,6.0,280.33,18.0,163.0,42.0,447.0,18.0,222.67,115.32999999999998,48.0,36.0,59.01148769519416,165.0,280.33,84,12.0,5.0,0.14,167.0,
07:37:01,163.39,36.0,319.73,22.0,162.36,67.0,504.0,32.0,241.56,156.34000000000003,103.0,54.0,56.28260033083103,163.39,319.73,157,49.0,73.0,0.31,164.43,7.0
07:37:02,163.89,18.0,324.45,22.0,162.18,66.0,334.89,38.0,244.17,160.56,84.0,60.0,48.384496793911886,163.89,324.45,144,24.0,-13.0,0.17,165.0,2.0
07:37:03,163.0,14.0,279.29,14.0,162.0,63.0,581.14,28.0,221.14,116.29000000000002,77.0,42.0,33.85119451363683,163.0,279.29,119,35.0,-25.0,0.29,165.0,
07:37:04,163.0,22.0,276.22,36.0,162.0,99.0,282.93,30.0,219.61,113.22000000000004,121.0,66.0,11.983932993807418,163.0,276.22,187,55.0,68.0,0.29,165.0,
07:37:05,163.0,10.0,273.25,16.0,162.0,45.0,274.57,14.0,218.12,110.25,55.0,30.0,12.807972126767975,163.0,273.25,85,25.0,-102.0,0.29,165.0,
07:37:06,163.0,6.0,273.0,12.0,162.0,27.0,274.0,6.0,218.0,110.0,33.0,18.0,11.232082175628106,163.0,273.0,51,15.0,-34.0,0.29,165.0,
07:37:07,163.0,14.0,272.6,20.0,162.0,63.0,273.27,22.0,217.8,109.60000000000002,77.0,42.0,1.42691275138312,163.0,272.6,119,35.0,68.0,0.29,165.0,
07:37:08,162.36,28.0,261.54,26.0,161.94,48.0,268.46,26.0,211.95,99.18,76.0,52.0,2.9649165249731304,162.36,261.54,128,24.0,9.0,0.19,162.4,5.0
07:37:09,162.0,44.0,237.32,37.0,161.0,10.0,262.93,30.0,199.66,75.32,54.0,67.0,7.957014515511233,162.0,237.32,121,-13.0,-7.0,-0.11,162.0,4.0
07:37:10,162.9,20.0,171.74,27.0,161.95,19.0,203.3,33.0,167.32,8.840000000000003,39.0,60.0,21.262325366714965,162.9,171.74,99,-21.0,-22.0,-0.21,162.0,
07:37:11,160.55,22.0,168.12,34.0,159.05,74.0,170.25,32.0,164.33,7.569999999999993,96.0,66.0,24.984118355468237,160.55,168.12,162,30.0,63.0,0.19,161.75,4.0
07:37:12,159.0,36.0,167.0,24.0,156.03,36.0,169.0,12.0,163.0,8.0,72.0,36.0,22.884557456941103,159.0,167.0,108,36.0,-54.0,0.33,159.5,4.0
07:37:13,158.72,74.0,166.1,40.0,155.38,71.0,166.74,35.0,162.41,7.3799999999999955,145.0,75.0,15.942265522818063,158.72,166.1,220,70.0,112.0,0.32,159.5,
07:37:14,159.0,63.0,161.9,29.0,156.0,63.0,164.58,31.0,160.45,2.9000000000000057,126.0,60.0,2.550582286465144,159.0,161.9,186,66.0,-34.0,0.35,162.5,4.0
07:37:15,160.42,53.0,241.16,32.0,157.67,63.0,554.38,24.0,200.79,80.74000000000001,116.0,56.0,17.159483675216833,160.42000000000002,241.16,172,60.0,-14.0,0.35,160.57,7.0
07:37:16,162.0,19.0,280.6,15.0,159.0,35.0,418.2,15.0,221.3,118.60000000000002,54.0,30.0,27.8652301264504,162.0,280.6,84,24.0,-88.0,0.29,162.0,2.0
07:37:17,159.0,54.0,230.44,27.0,156.0,63.0,266.89,27.0,194.72,71.44,117.0,54.0,26.13169206155702,159.0,230.44,171,63.0,87.0,0.37,161.25,4.0
07:37:18,159.0,30.0,190.12,24.0,156.0,56.0,321.25,24.0,174.56,31.120000000000005,86.0,48.0,23.607870086054845,159.0,190.12,134,38.0,-37.0,0.28,159.0,3.0
07:37:19,159.29,24.0,187.83,36.0,156.9,60.0,422.25,36.0,173.56,28.54000000000002,84.0,72.0,19.890190547102463,159.29,187.83,156,12.0,22.0,0.08,159.0,
07:37:20,161.86,14.0,184.5,50.0,160.0,56.0,198.89,47.0,173.18,22.639999999999983,70.0,97.0,20.98446758914892,161.86,184.5,167,-27.0,11.0,-0.16,159.0,
07:37:21,163.07,180.0,181.89,62.0,162.83,133.0,183.38,64.0,172.48,18.819999999999997,313.0,126.0,9.544087174792368,163.07,181.89,439,187.0,168.0,0.43,159.0,
07:37:22,163.19,134.0,176.58,50.0,162.79,151.0,179.27,55.0,169.89,13.390000000000017,285.0,105.0,1.7584311189334676,163.19,176.58,390,180.0,-49.0,0.46,164.0,4.0
07:37:23,163.46,130.0,173.41,44.0,162.74,122.0,174.78,54.0,168.44,9.949999999999989,252.0,98.0,2.235039149552623,163.46,173.41,350,154.0,-40.0,0.44,169.0,4.0
07:37:24,163.83,152.0,235.14,44.0,162.51,90.0,354.86,37.0,199.48,71.30999999999997,242.0,81.0,12.881485939131238,163.83,235.14,323,161.0,-27.0,0.5,165.0,3.0
07:37:25,164.0,192.0,283.84,62.0,162.04,67.0,294.73,45.0,223.92,119.83999999999996,259.0,107.0,24.324720347828084,164.0,283.84,366,152.0,43.0,0.42,164.0,2.0
07:37:26,164.0,80.0,189.41,27.0,163.0,24.0,225.78,23.0,176.7,25.41,104.0,50.0,23.76867434250472,164.0,189.41,154,54.0,-168.0,0.35,164.0,
07:37:27,164.0,125.0,185.4,47.0,163.0,42.0,186.19,53.0,174.7,21.40000000000001,167.0,100.0,22.951638721451737,164.0,185.40000000000003,267,67.0,113.0,0.25,164.0,5.0
07:37:28,164.31,65.0,180.23,35.0,163.0,39.0,181.23,39.0,172.27,15.919999999999987,104.0,74.0,22.158817206702235,164.31,180.23,178,30.0,-89.0,0.17,164.0,
07:37:29,165.0,60.0,169.35,48.0,163.0,36.0,170.69,45.0,167.18,4.349999999999994,96.0,93.0,23.17553192485642,165.0,169.35,189,3.0,11.0,0.02,164.0,
07:37:30,165.0,51.0,166.56,36.0,163.0,36.0,167.23,52.0,165.78,1.5600000000000025,87.0,88.0,4.719701261735979,165.0,166.56,175,-1.0,-14.0,-0.01,165.0,3.0
07:37:31,163.0,21.0,164.81,21.0,162.0,35.0,167.3,20.0,163.9,1.8100000000000025,56.0,41.0,4.544224906409309,163.0,164.81,97,15.0,-78.0,0.15,165.0,2.0
07:37:32,162.07,59.0,164.84,50.0,161.12,80.0,183.62,52.0,163.45,2.7700000000000102,139.0,102.0,3.54735535293963,162.07,164.84,241,37.0,144.0,0.15,162.5,6.0
07:37:33,161.29,56.0,164.4,30.0,160.56,72.0,181.09,46.0,162.84,3.1100000000000136,128.0,76.0,1.7996110691002918,161.29,164.4,204,52.0,-37.0,0.25,163.0,4.0
07:37:34,161.0,35.0,162.86,7.0,160.0,28.0,203.96,23.0,161.93,1.8600000000000136,63.0,30.0,1.4343465411216678,161.0,162.86,93,33.0,-111.0,0.35,161.0,2.0
07:37:35,162.39,56.0,215.18,33.0,160.63,54.0,361.08,39.0,188.79,52.79000000000002,110.0,72.0,11.543845546438586,162.39,215.18,182,38.0,89.0,0.21,161.5,2.0
07:37:36,167.0,24.0,245.91,22.0,162.0,36.0,479.17,18.0,206.45,78.91,60.0,40.0,20.106250769351163,167.0,245.91,100,20.0,-82.0,0.2,161.5,
07:37:37,167.0,36.0,236.3,20.0,162.0,54.0,316.14,28.0,201.65,69.30000000000001,90.0,48.0,21.052009880295007,167.0,236.3,138,42.0,38.0,0.3,161.5,
07:37:38,167.0,24.0,196.0,6.0,163.88,16.0,349.71,21.0,181.5,29.0,40.0,27.0,17.67217813400603,167.0,196.0,67,13.0,-71.0,0.19,161.5,
07:37:39,167.0,70.0,196.0,9.0,165.0,18.0,423.0,36.0,181.5,29.0,88.0,45.0,11.540436300246338,167.0,196.0,133,43.0,66.0,0.32,167.0,1.0
07:37:40,167.0,64.0,194.91,32.0,165.0,16.0,362.5,14.0,180.95,27.91,80.0,46.0,12.568681315080056,167.0,194.91,126,34.0,-7.0,0.27,167.0,
07:37:41,166.84,50.0,193.0,79.0,164.24,42.0,458.38,45.0,179.92,26.16,92.0,124.0,9.27196473246311,166.84,193.0,216,-32.0,90.0,-0.15,167.0,5.0
07:37:42,167.0,27.0,193.0,32.0,165.0,12.0,403.71,14.0,180.0,26.0,39.0,46.0,0.7767753858338805,167.0,193.0,85,-7.0,-131.0,-0.08,167.0,1.0
07:37:43,167.0,40.0,180.65,23.0,165.0,20.0,214.24,37.0,173.83,13.650000000000006,60.0,60.0,3.095957041051536,167.0,180.65,120,0.0,35.0,0.0,167.0,3.0
07:37:44,165.13,15.0,166.87,31.0,163.07,58.0,174.86,28.0,166.0,1.740000000000009,73.0,59.0,6.334031101915675,165.13,166.87,132,14.0,12.0,0.11,167.0,1.0
07:37:45,163.15,78.0,247.12,40.0,162.69,35.0,437.25,32.0,205.14,83.97,113.0,72.0,14.674062832087005,163.15,247.12,185,41.0,53.0,0.22,164.0,4.0
07:37:46,163.0,60.0,294.92,26.0,162.0,10.0,326.1,20.0,228.96,131.92000000000002,70.0,46.0,25.89150980534047,163.0,294.92,116,24.0,-69.0,0.21,164.0,
07:37:47,166.0,24.0,231.71,14.0,162.97,37.0,247.33,21.0,198.86,65.71000000000001,61.0,35.0,25.29423293954658,166.0,231.71,96,26.0,-20.0,0.27,164.0,
07:37:48,163.42,57.0,208.67,27.0,162.57,21.0,209.41,17.0,186.04,45.25,78.0,44.0,23.303875214222305,163.42,208.67,122,34.0,26.0,0.28,165.0,6.0
07:37:49,163.0,15.0,196.57,14.0,162.0,5.0,206.67,9.0,179.79,33.56999999999999,20.0,23.0,19.16659646364074,163.0,196.57,43,-3.0,-79.0,-0.07,165.0,
07:37:50,162.08,25.0,167.7,33.0,159.25,53.0,257.24,21.0,164.89,5.619999999999976,78.0,54.0,24.14659748287617,162.08,167.7,132,24.0,89.0,0.18,162.75,4.0
07:37:51,161.0,12.0,164.0,18.0,139.45,22.0,387.36,14.0,162.5,3.0,34.0,32.0,15.118218479703067,161.0,164.0,66,2.0,-66.0,0.03,162.75,
07:37:52,161.0,18.0,236.13,23.0,127.56,18.0,317.61,41.0,198.57,75.13,36.0,64.0,15.02041843624987,161.0,236.13,100,-28.0,34.0,-0.28,162.75,
07:37:53,161.0,14.0,230.0,7.0,160.0,7.0,252.36,33.0,195.5,69.0,21.0,40.0,16.72863263987932,161.0,230.0,61,-19.0,-39.0,-0.31,162.75,
07:37:54,161.92,26.0,289.0,12.0,160.95,19.0,575.5,40.0,225.46,127.08,45.0,52.0,26.20100818670992,161.92000000000002,289.0,97,-7.0,36.0,-0.07,162.0,3.0
07:37:55,164.06,17.0,322.23,13.0,161.33,18.0,492.56,27.0,243.14,158.17000000000002,35.0,40.0,30.867095425388616,164.06,322.23,75,-5.0,-22.0,-0.07,169.0,3.0
07:37:58,163.0,72.0,334.93,30.0,162.0,18.0,410.13,15.0,248.97,171.93,90.0,45.0,41.33725414199731,163.0,334.93,135,45.0,-10.0,0.33,169.0,
07:37:59,163.42,26.0,205.07,43.0,162.77,35.0,294.27,22.0,184.25,41.650000000000006,61.0,65.0,54.18679202536417,163.42000000000002,205.07,126,-4.0,-9.0,-0.03,163.0,5.0
07:38:00,165.0,5.0,203.71,21.0,163.0,15.0,208.24,17.0,184.36,38.71000000000001,20.0,38.0,64.27811501592174,165.0,203.71,58,-18.0,-68.0,-0.31,163.0,
07:38:01,165.0,15.0,200.99,67.0,163.0,108.0,202.32,62.0,182.99,35.99000000000001,123.0,129.0,55.32437301949341,165.0,200.99,252,-6.0,168.0,-0.02,163.0,
07:38:02,165.0,14.0,195.36,56.0,163.0,184.0,196.43,56.0,180.18,30.360000000000014,198.0,112.0,29.57529796975913,165.0,195.36,310,86.0,58.0,0.28,163.0,
07:38:03,165.0,11.0,191.91,44.0,163.0,143.0,193.18,44.0,178.45,26.91,154.0,88.0,2.622809562288524,165.0,191.91,242,66.0,-68.0,0.27,163.0,
07:38:04,163.1,78.0,183.81,53.0,162.69,64.0,189.82,44.0,173.46,20.710000000000008,142.0,97.0,4.274736249177387,163.1,183.81,239,45.0,-3.0,0.19,163.4,5.0
07:38:05,163.0,98.0,168.5,56.0,162.0,28.0,175.0,32.0,165.75,5.5,126.0,88.0,6.777007451672863,163.0,168.5,214,38.0,-25.0,0.18,163.4,
07:38:06,163.0,91.0,187.0,52.0,162.0,26.0,210.43,53.0,175.0,24.0,117.0,105.0,5.606600574325657,163.0,187.0,222,12.0,8.0,0.05,168.0,4.0
07:38:07,163.0,91.0,189.31,52.0,162.0,26.0,191.0,52.0,176.15,26.31,117.0,104.0,4.834663380218772,163.0,189.31,221,13.0,-1.0,0.06,168.0,
07:38:08,163.0,48.0,185.0,20.0,162.0,16.0,188.75,32.0,174.0,22.0,64.0,52.0,4.111407301645993,163.0,185.0,116,12.0,-105.0,0.1,163.0,4.0
07:38:09,163.52,27.0,172.44,48.0,161.56,32.0,180.3,57.0,167.98,8.919999999999987,59.0,105.0,4.615043878450933,163.52,172.43999999999997,164,-46.0,48.0,-0.28,162.75,4.0
07:38:10,167.0,27.0,170.33,36.0,162.0,16.0,171.33,36.0,168.67,3.3300000000000125,43.0,72.0,3.769078136630729,167.0,170.33,115,-29.0,-49.0,-0.25,162.75,
07:38:11,167.0,70.0,169.6,40.0,162.0,80.0,170.6,40.0,168.3,2.5999999999999943,150.0,80.0,3.7868126439034495,167.0,169.6,230,70.0,115.0,0.3,162.75,
07:38:12,162.61,82.0,168.08,50.0,161.39,103.0,246.64,56.0,165.34,5.469999999999999,185.0,106.0,3.1596708689396475,162.61,168.08,291,79.0,61.0,0.27,167.1,10.0
07:38:13,162.0,80.0,167.75,28.0,161.0,70.0,289.61,18.0,164.88,5.75,150.0,46.0,1.780696492955715,162.0,167.75,196,104.0,-95.0,0.53,167.1,
07:38:14,162.0,46.0,163.56,18.0,161.0,84.0,246.71,35.0,162.78,1.5600000000000025,130.0,53.0,2.473717849720169,162.0,163.56,183,77.0,-13.0,0.42,162.0,5.0
07:38:15,162.0,24.0,163.0,18.0,161.0,56.0,264.57,14.0,162.5,1.0,80.0,32.0,2.3404273114163305,162.0,163.0,112,48.0,-71.0,0.43,163.0,2.0
07:38:16,162.0,23.0,260.16,31.0,161.0,77.0,367.46,37.0,211.08,98.16000000000004,100.0,68.0,21.147668429404423,162.0,260.16,168,32.0,56.0,0.19,162.0,2.0
07:38:17,162.0,11.0,282.0,11.0,161.0,77.0,395.61,18.0,222.0,120.0,88.0,29.0,29.382561494873705,162.0,282.0,117,59.0,-51.0,0.5,162.0,
07:38:18,162.0,11.0,225.53,17.0,161.0,77.0,358.46,13.0,193.76,63.53,88.0,30.0,27.289116511899724,162.0,225.53,118,58.0,1.0,0.49,162.0,
07:38:19,162.0,12.0,376.77,35.0,161.0,84.0,478.33,27.0,269.39,214.77,96.0,62.0,39.29721211485682,162.0,376.77,158,34.0,40.0,0.22,162.0,
07:38:20,161.03,36.0,439.88,34.0,160.16,43.0,467.79,39.0,300.46,278.85,79.0,73.0,44.20264833694996,161.03,439.88,152,6.0,-6.0,0.04,161.2,5.0
07:38:21,161.03,31.0,204.88,41.0,160.07,43.0,280.0,33.0,182.96,43.85,74.0,74.0,50.09319794143772,161.03,204.88,148,0.0,-4.0,0.0,161.2,
07:38:22,160.97,32.0,202.64,55.0,159.93,43.0,205.0,33.0,181.8,41.66999999999999,75.0,88.0,55.38942028943844,160.97,202.64,163,-13.0,15.0,-0.08,161.2,5.0
07:38:23,161.0,27.0,201.07,55.0,160.0,36.0,202.61,31.0,181.04,40.06999999999999,63.0,86.0,57.47452131162167,161.0,201.07,149,-23.0,-14.0,-0.15,161.2,
07:38:24,161.0,30.0,196.3,50.0,160.0,40.0,200.0,30.0,178.65,35.30000000000001,70.0,80.0,53.39713400548799,161.0,196.3,150,-10.0,1.0,-0.07,161.2,
07:38:25,161.0,24.0,195.81,31.0,160.0,32.0,198.0,30.0,178.4,34.81,56.0,61.0,1.990050250628811,161.0,195.81,117,-5.0,-33.0,-0.04,161.2,
07:38:26,164.12,68.0,191.3,44.0,158.83,58.0,193.58,55.0,177.71,27.180000000000007,126.0,99.0,1.788588829224623,164.12,191.3,225,27.0,108.0,0.12,161.2,
07:38:27,167.0,60.0,186.69,35.0,162.0,15.0,187.91,55.0,176.84,19.69,75.0,90.0,1.5700222928437984,167.0,186.69,165,-15.0,-60.0,-0.09,161.2,
07:38:28,167.0,36.0,185.24,21.0,165.45,29.0,186.85,26.0,176.12,18.24000000000001,65.0,47.0,1.0614753883279202,167.0,185.24,112,18.0,-53.0,0.16,161.2,
07:38:29,167.0,38.0,183.27,55.0,166.0,55.0,185.0,22.0,175.14,16.27000000000001,93.0,77.0,1.2844142634000504,167.0,183.27,170,16.0,58.0,0.09,167.0,3.0
07:38:30,167.0,9.0,181.22,45.0,166.0,45.0,185.0,18.0,174.11,14.22,54.0,63.0,1.4101879307471596,167.0,181.22,117,-9.0,-53.0,-0.08,167.0,
07:38:31,165.93,14.0,167.93,28.0,163.24,29.0,173.23,26.0,166.93,2.0,43.0,54.0,3.990885866574436,165.93,167.93,97,-11.0,-20.0,-0.11,167.0,1.0
07:38:32,162.0,11.0,165.0,37.0,160.06,127.0,166.51,37.0,163.5,3.0,138.0,74.0,5.606090438088014,162.0,165.0,212,64.0,115.0,0.3,167.0,
07:38:33,161.22,23.0,163.0,55.0,160.33,107.0,164.0,22.0,162.11,1.7800000000000011,130.0,77.0,5.9949537112491535,161.22,163.0,207,53.0,-5.0,0.26,161.2,5.0
07:38:34,160.83,64.0,163.24,51.0,157.71,210.0,225.0,36.0,162.03,2.4099999999999966,274.0,87.0,5.085064404707021,160.83,163.24,361,187.0,154.0,0.52,162.0,4.0
07:38:35,160.0,180.0,161.5,18.0,79.76,42.0,162.36,33.0,160.75,1.5,222.0,51.0,2.370122359714059,160.0,161.5,273,171.0,-88.0,0.63,162.0,
07:38:36,160.0,119.0,162.71,14.0,157.0,10.0,221.67,36.0,161.36,2.710000000000008,129.0,50.0,1.027448295543773,160.0,162.71,179,79.0,-94.0,0.44,160.0,7.0
07:38:37,160.0,28.0,164.0,4.0,157.0,4.0,269.0,20.0,162.0,4.0,32.0,24.0,0.5857900647976436,160.0,164.0,56,8.0,-123.0,0.14,161.33,3.0
07:38:38,161.45,22.0,164.0,9.0,160.78,54.0,318.78,45.0,162.73,2.550000000000012,76.0,54.0,0.7500866616702966,161.45,164.0,130,22.0,74.0,0.17,162.0,1.0
07:38:39,161.0,61.0,283.26,27.0,160.0,66.0,348.02,50.0,222.13,122.26,127.0,77.0,27.03067572222385,161.0,283.26,204,50.0,74.0,0.25,161.57,7.0
07:38:40,162.79,14.0,339.61,46.0,160.02,55.0,395.17,36.0,251.2,176.82000000000002,69.0,82.0,42.15427653275562,162.79,339.61,151,-13.0,-53.0,-0.09,161.57,
07:38:41,165.91,22.0,265.16,37.0,160.76,34.0,429.6,35.0,215.54,99.25000000000004,56.0,72.0,39.206917119304826,165.91,265.16,128,-16.0,-23.0,-0.12,161.57,
07:38:42,167.0,36.0,323.97,29.0,163.0,16.0,328.18,11.0,245.48,156.97000000000003,52.0,40.0,35.09005029919517,167.0,323.97,92,12.0,-36.0,0.13,161.57,
07:38:43,167.0,60.0,196.47,19.0,163.0,20.0,217.35,31.0,181.74,29.47,80.0,50.0,27.65478656580175,167.0,196.47,130,30.0,38.0,0.23,161.57,
07:38:44,167.0,60.0,198.46,39.0,163.0,20.0,273.14,21.0,182.73,31.460000000000008,80.0,60.0,33.11635275811702,167.0,198.46,140,20.0,10.0,0.14,161.57,
07:38:45,167.0,36.0,173.89,19.0,163.0,12.0,179.3,23.0,170.45,6.889999999999986,48.0,42.0,30.868706970005007,167.0,173.89,90,6.0,-50.0,0.07,161.57,
07:38:46,167.0,42.0,172.43,21.0,162.86,14.0,381.43,28.0,169.71,5.430000000000007,56.0,49.0,31.595075090906654,167.0,172.43,105,7.0,15.0,0.07,161.57,
07:38:47,167.0,42.0,172.0,21.0,163.0,21.0,421.78,18.0,169.5,5.0,63.0,39.0,6.781698164915761,167.0,172.0,102,24.0,-3.0,0.24,161.57,
07:38:48,167.0,52.0,171.5,36.0,163.0,36.0,368.47,34.0,169.25,4.5,88.0,70.0,5.832111110054431,167.0,171.5,158,18.0,56.0,0.11,167.0,5.0
07:38:49,166.67,24.0,171.0,21.0,162.85,13.0,338.0,28.0,168.83,4.3300000000000125,37.0,49.0,0.601348484673301,166.67,171.0,86,-12.0,-72.0,-0.14,166.0,4.0
07:38:50,161.93,15.0,171.0,30.0,159.75,12.0,352.15,33.0,166.47,9.069999999999991,27.0,63.0,1.3170876964038891,161.93,171.0,90,-36.0,4.0,-0.4,163.0,7.0
07:38:53,161.85,13.0,164.3,10.0,88.95,19.0,187.17,18.0,163.07,2.450000000000017,32.0,28.0,22.186919119156872,161.84999999999997,164.3,60,4.0,2.0,0.07,164.0,2.0
07:38:54,160.75,12.0,163.29,7.0,106.38,8.0,210.9,10.0,162.02,2.539999999999992,20.0,17.0,20.919109206656195,160.75,163.29,37,3.0,-23.0,0.08,161.5,2.0
07:38:55,161.0,32.0,163.4,15.0,160.0,8.0,168.5,8.0,162.2,2.4000000000000057,40.0,23.0,20.08242888696503,161.0,163.4,63,17.0,26.0,0.27,161.5,
07:38:56,161.08,24.0,185.0,12.0,160.0,10.0,252.57,14.0,173.04,23.919999999999987,34.0,26.0,16.8728785333153,161.08,185.0,60,8.0,-3.0,0.13,161.0,2.0
07:38:57,162.0,12.0,265.0,12.0,160.0,6.0,361.0,6.0,213.5,103.0,18.0,18.0,22.13855867033851,162.0,265.0,36,0.0,-24.0,0.0,161.0,
07:38:58,162.0,16.0,265.0,16.0,160.0,8.0,473.75,8.0,213.5,103.0,24.0,24.0,26.52994760643197,162.0,265.0,48,0.0,12.0,0.0,161.0,
07:38:59,160.47,19.0,240.1,10.0,146.5,10.0,258.0,13.0,200.29,79.63,29.0,23.0,23.661495726179893,160.47,240.1,52,6.0,4.0,0.12,160.25,4.0
07:39:00,160.07,45.0,197.0,24.0,108.2,10.0,224.1,10.0,178.53,36.93000000000001,55.0,34.0,19.12463515991954,160.07,197.0,89,21.0,37.0,0.24,160.25,
07:39:01,165.92,77.0,193.48,67.0,155.51,43.0,213.64,36.0,179.7,27.56,120.0,103.0,17.289454300238383,165.92,193.48,223,17.0,134.0,0.08,167.25,4.0
07:39:02,169.0,94.0,191.5,40.0,164.75,8.0,194.0,32.0,180.25,22.5,102.0,72.0,15.730677989204038,169.0,191.5,174,30.0,-49.0,0.17,169.0,5.0
07:39:03,169.0,53.0,190.29,35.0,165.0,7.0,194.0,28.0,179.64,21.289999999999992,60.0,63.0,9.305126006671014,169.0,190.29,123,-3.0,-51.0,-0.02,169.0,1.0
07:39:04,169.0,79.0,188.54,65.0,165.0,15.0,194.0,52.0,178.77,19.539999999999992,94.0,117.0,0.7108938036186351,169.0,188.54,211,-23.0,88.0,-0.11,169.0,2.0
07:39:05,169.0,45.0,186.86,29.0,165.0,9.0,205.75,28.0,177.93,17.860000000000014,54.0,57.0,0.9120142542873492,169.0,186.86,111,-3.0,-100.0,-0.03,169.0,
07:39:06,169.0,45.0,184.06,33.0,165.0,9.0,185.71,21.0,176.53,15.060000000000002,54.0,54.0,1.4632088026057644,169.0,184.06,108,0.0,-3.0,0.0,169.0,
07:39:07,169.0,40.0,180.95,20.0,165.0,8.0,183.07,28.0,174.97,11.949999999999989,48.0,48.0,1.8504107652146995,169.0,180.95,96,0.0,-12.0,0.0,169.0,
07:39:08,169.0,62.0,177.24,33.0,165.0,13.0,179.78,45.0,173.12,8.240000000000009,75.0,78.0,2.274066841590578,169.0,177.24,153,-3.0,57.0,-0.02,169.0,1.0
07:39:09,168.69,26.0,177.58,12.0,163.75,16.0,392.56,9.0,173.14,8.890000000000015,42.0,21.0,2.111011605847097,168.69,177.58,63,21.0,-90.0,0.33,169.0,
07:39:10,168.71,34.0,176.5,10.0,160.9,20.0,213.08,13.0,172.6,7.789999999999992,54.0,23.0,1.642397637608058,168.71,176.5,77,31.0,14.0,0.4,163.4,5.0
07:39:11,163.0,6.0,174.33,6.0,161.0,24.0,177.0,6.0,168.67,11.330000000000013,30.0,12.0,2.3223802444947896,163.0,174.33,42,18.0,-35.0,0.43,169.0,4.0
07:39:12,163.0,10.0,173.0,10.0,161.0,40.0,177.0,10.0,168.0,10.0,50.0,20.0,2.5498392106207155,163.0,173.0,70,30.0,28.0,0.43,169.0,
07:39:13,161.15,13.0,172.57,7.0,157.35,46.0,177.0,7.0,166.86,11.419999999999987,59.0,14.0,2.8346745845013865,161.15000000000003,172.57,73,45.0,3.0,0.62,161.67,3.0
07:39:14,161.0,26.0,169.23,13.0,157.0,91.0,170.23,13.0,165.12,8.22999999999999,117.0,26.0,2.7789566387435998,161.0,169.23,143,91.0,70.0,0.64,161.67,
07:39:15,161.0,14.0,168.0,7.0,157.0,49.0,169.0,7.0,164.5,7.0,63.0,14.0,1.79641309280914,161.0,168.0,77,49.0,-66.0,0.64,161.67,
07:39:16,162.32,28.0,165.64,14.0,158.67,48.0,167.21,14.0,163.98,3.319999999999993,76.0,28.0,1.685977461301157,162.32,165.64,104,48.0,27.0,0.46,161.67,
07:39:17,157.73,71.0,166.29,14.0,128.03,65.0,428.22,23.0,162.01,8.560000000000002,136.0,37.0,1.762407444382459,157.73,166.29,173,99.0,69.0,0.57,162.0,3.0
07:39:18,158.39,93.0,162.77,13.0,139.38,26.0,345.13,15.0,160.58,4.380000000000024,119.0,28.0,1.887993644060775,158.39,162.77,147,91.0,-26.0,0.62,158.17,6.0
07:39:20,165.54,123.0,309.0,30.0,161.92,244.0,439.36,28.0,237.27,143.46,367.0,58.0,75.43305860165054,165.54,309.0,425,309.0,43.0,0.73,167.0,1.0
07:39:21,167.0,86.0,232.82,22.0,162.43,63.0,366.22,18.0,199.91,65.82,149.0,40.0,71.38985130955275,167.0,232.82,189,109.0,-168.0,0.58,167.0,2.0
07:39:22,167.0,24.0,310.67,18.0,163.0,27.0,624.22,9.0,238.83,143.67000000000002,51.0,27.0,64.06124280717678,167.0,310.67,78,24.0,-111.0,0.31,167.0,5.0
07:39:23,167.0,9.0,405.44,18.0,163.0,27.0,522.0,15.0,286.22,238.44,36.0,33.0,51.49827793237437,167.0,405.44,69,3.0,-9.0,0.04,167.0,
07:39:24,167.0,12.0,356.45,31.0,163.0,36.0,441.22,23.0,261.73,189.45,48.0,54.0,32.05345098425547,167.0,356.45,102,-6.0,33.0,-0.06,167.0,
07:39:25,167.0,12.0,333.0,30.0,163.0,30.0,473.1,20.0,250.0,166.0,42.0,50.0,31.811267972214967,167.0,333.0,92,-8.0,-10.0,-0.09,167.0,
07:39:26,167.0,16.0,332.0,24.0,163.0,24.0,379.25,16.0,249.5,165.0,40.0,40.0,18.10561045643245,167.0,332.0,80,0.0,-12.0,0.0,167.0,
07:39:27,168.12,32.0,328.19,32.0,163.28,29.0,336.96,23.0,248.16,160.07,61.0,55.0,16.101727236544455,168.12,328.19,116,6.0,36.0,0.05,167.0,1.0
07:39:28,169.0,97.0,314.17,23.0,167.0,11.0,330.5,32.0,241.59,145.17000000000002,108.0,55.0,7.276065557708439,169.0,314.17,163,53.0,47.0,0.33,169.0,2.0
07:39:29,169.0,63.0,326.86,28.0,167.0,9.0,327.94,33.0,247.93,157.86,72.0,61.0,3.3829765000763614,169.0,326.86,133,11.0,-30.0,0.08,169.0,
07:39:30,169.0,84.0,324.03,36.0,167.0,48.0,325.24,45.0,246.51,155.02999999999997,132.0,81.0,3.06698059988458,169.0,324.03,213,51.0,80.0,0.24,169.0,
07:39:31,169.0,42.0,311.87,23.0,167.0,24.0,321.06,17.0,240.43,142.87,66.0,40.0,3.651531185690047,169.0,311.87,106,26.0,-107.0,0.25,169.0,
07:39:32,169.0,35.0,208.33,12.0,167.0,20.0,298.18,22.0,188.67,39.33000000000001,55.0,34.0,24.99781750473545,169.0,208.33,89,21.0,-17.0,0.24,169.0,
07:39:33,169.0,50.0,175.88,16.0,167.0,32.0,242.4,20.0,172.44,6.879999999999996,82.0,36.0,35.84878073240493,169.0,175.88,118,46.0,29.0,0.39,169.0,3.0
07:39:34,167.73,33.0,173.48,23.0,162.43,138.0,195.83,23.0,170.6,5.75,171.0,46.0,37.01514217181983,167.73,173.48,217,125.0,99.0,0.58,168.6,5.0
07:39:35,164.87,45.0,168.59,34.0,162.12,164.0,169.63,38.0,166.73,3.719999999999999,209.0,72.0,30.603859723897937,164.87,168.59,281,137.0,64.0,0.49,167.0,3.0
07:39:36,162.25,72.0,165.38,26.0,161.95,189.0,167.93,29.0,163.82,3.1299999999999955,261.0,55.0,9.665742082220609,162.25,165.38,316,206.0,35.0,0.65,163.0,4.0
07:39:37,162.0,180.0,164.6,20.0,161.0,30.0,170.0,30.0,163.3,2.5999999999999943,210.0,50.0,4.05322340859797,162.0,164.6,260,160.0,-56.0,0.62,163.0,
07:39:38,162.0,263.0,163.0,34.0,161.0,51.0,170.0,51.0,162.5,1.0,314.0,85.0,3.32132503678954,162.0,163.0,399,229.0,139.0,0.57,162.0,7.0
07:39:39,161.82,109.0,163.0,22.0,159.58,76.0,170.0,33.0,162.41,1.1800000000000068,185.0,55.0,1.7639359398809955,161.82000000000002,163.0,240,130.0,-159.0,0.54,162.0,
07:39:40,160.71,35.0,162.31,26.0,159.51,78.0,166.5,24.0,161.51,1.5999999999999943,113.0,50.0,0.8880146395207016,160.71,162.31,163,63.0,-77.0,0.39,161.0,4.0
07:39:41,160.0,55.0,285.96,47.0,159.0,209.0,357.09,44.0,222.98,125.95999999999998,264.0,91.0,27.086207744902424,160.0,285.96,355,173.0,168.0,0.49,162.0,7.0
07:39:42,160.87,39.0,304.78,41.0,160.02,93.0,350.33,43.0,232.83,143.90999999999997,132.0,84.0,36.1909965322872,160.87,304.78,216,48.0,-139.0,0.22,162.0,
07:39:43,161.05,42.0,271.86,35.0,160.4,40.0,392.22,36.0,216.45,110.81,82.0,71.0,34.525575737415764,161.05,271.86,153,11.0,-63.0,0.07,161.25,4.0
07:39:44,162.3,50.0,393.49,49.0,160.0,40.0,413.15,41.0,277.89,231.19,90.0,90.0,41.627013104474,162.3,393.49000000000007,180,0.0,27.0,0.0,161.25,
07:39:45,163.0,45.0,380.22,36.0,160.0,36.0,415.76,37.0,271.61,217.22000000000003,81.0,73.0,28.44220666544823,163.0,380.22,154,8.0,-26.0,0.05,161.25,
07:39:46,163.17,23.0,252.77,57.0,160.0,60.0,272.07,56.0,207.97,89.60000000000002,83.0,113.0,31.849897959021245,163.17,252.77,196,-30.0,42.0,-0.15,163.0,4.0
07:39:47,164.0,10.0,194.85,39.0,160.0,40.0,204.33,36.0,179.42,30.849999999999994,50.0,75.0,42.57309267600908,164.0,194.85,125,-25.0,-71.0,-0.2,163.0,
07:39:48,161.22,23.0,190.19,36.0,159.27,104.0,191.72,32.0,175.71,28.97,127.0,68.0,49.335974704064085,161.22,190.19,195,59.0,70.0,0.3,164.0,1.0
07:39:49,160.0,36.0,185.77,30.0,159.0,171.0,186.56,34.0,172.88,25.77000000000001,207.0,64.0,41.62038647105569,160.0,185.77,271,143.0,76.0,0.53,164.0,
07:39:50,160.0,40.0,183.0,40.0,159.0,190.0,184.0,10.0,171.5,23.0,230.0,50.0,15.106420158330671,160.0,183.0,280,180.0,9.0,0.64,164.0,
07:39:51,160.0,48.0,182.1,42.0,159.0,200.0,183.14,21.0,171.05,22.099999999999994,248.0,63.0,3.4801106304274008,160.0,182.1,311,185.0,31.0,0.59,164.0,
07:39:52,160.0,43.0,175.63,41.0,156.8,56.0,176.94,51.0,167.82,15.629999999999995,99.0,92.0,2.869977351829126,160.0,175.63,191,7.0,-120.0,0.04,160.0,1.0
07:39:53,160.57,91.0,172.74,61.0,159.7,126.0,174.64,75.0,166.65,12.170000000000016,217.0,136.0,2.6277271547880794,160.57,172.74,353,81.0,162.0,0.23,164.0,2.0
07:39:54,160.48,189.0,166.26,39.0,159.62,116.0,166.76,59.0,163.37,5.780000000000001,305.0,98.0,3.347158496397973,160.48,166.26,403,207.0,50.0,0.51,161.17,6.0
07:39:55,160.78,74.0,166.33,36.0,159.9,126.0,218.8,45.0,163.56,5.550000000000011,200.0,81.0,3.197944652430359,160.78,166.33,281,119.0,-122.0,0.42,162.0,8.0
07:39:56,162.33,98.0,172.82,44.0,159.87,121.0,327.45,44.0,167.57,10.48999999999998,219.0,88.0,2.1712968475101166,162.33,172.82,307,131.0,26.0,0.43,166.0,4.0
07:39:57,166.0,76.0,170.09,44.0,160.8,25.0,383.64,44.0,168.05,4.090000000000003,101.0,88.0,2.22667914168329,166.0,170.09,189,13.0,-118.0,0.07,166.0,
07:39:58,166.0,88.0,168.09,44.0,163.86,29.0,463.41,34.0,167.05,2.0900000000000034,117.0,78.0,2.2698237817080638,166.0,168.09,195,39.0,6.0,0.2,166.0,
07:39:59,166.0,48.0,252.27,30.0,164.0,24.0,377.0,26.0,209.13,86.27000000000001,72.0,56.0,19.12076410607102,166.0,252.27,128,16.0,-67.0,0.12,166.0,4.0
07:40:00,166.0,40.0,363.05,37.0,164.0,30.0,419.0,22.0,264.53,197.05,70.0,59.0,42.701387331092974,166.0,363.05,129,11.0,1.0,0.09,166.0,
07:40:01,166.0,12.0,365.0,12.0,164.0,9.0,431.0,6.0,265.5,199.0,21.0,18.0,48.839848689364736,166.0,365.0,39,3.0,-90.0,0.08,166.0,
07:40:02,166.0,30.0,369.29,42.0,164.0,33.0,454.96,23.0,267.64,203.29,63.0,65.0,45.14929512185165,166.0,369.29,128,-2.0,89.0,-0.02,166.0,2.0
07:40:04,165.14,28.0,374.66,44.0,163.54,39.0,437.74,38.0,269.9,209.52000000000004,67.0,82.0,19.749188084579277,165.14,374.66,149,-15.0,59.0,-0.1,164.8,5.0
07:40:05,162.0,72.0,301.0,48.0,161.0,72.0,303.0,60.0,231.5,139.0,144.0,108.0,28.14787380958077,162.0,301.0,252,36.0,103.0,0.14,164.8,
07:40:06,162.0,35.0,298.68,41.0,161.0,60.0,302.16,49.0,230.34,136.68,95.0,90.0,33.201031911675244,162.0,298.68,185,5.0,-67.0,0.03,164.8,
07:40:07,161.47,19.0,279.8,25.0,160.69,78.0,295.56,36.0,220.64,118.33,97.0,61.0,37.58272901214163,161.47,279.8,158,36.0,-27.0,0.23,161.5,2.0
07:40:08,161.18,66.0,250.22,74.0,160.19,162.0,254.83,75.0,205.7,89.03999999999999,228.0,149.0,23.766667414680956,161.18,250.22,377,79.0,168.0,0.21,161.67,3.0
07:40:09,161.0,44.0,242.77,48.0,160.0,132.0,247.1,51.0,201.89,81.77000000000001,176.0,99.0,13.714192648495535,161.0,242.77,275,77.0,-102.0,0.28,161.67,
07:40:10,161.56,18.0,234.38,58.0,160.62,64.0,235.26,54.0,197.97,72.82,82.0,112.0,13.668886933472097,161.56,234.38,194,-30.0,-81.0,-0.15,161.67,
07:40:11,162.55,11.0,208.71,28.0,161.0,44.0,228.0,37.0,185.63,46.16,55.0,65.0,12.695468876730695,162.55,208.71,120,-10.0,-74.0,-0.08,161.67,
07:40:12,160.75,40.0,175.82,44.0,159.98,122.0,193.31,26.0,168.28,15.069999999999991,162.0,70.0,15.201168705070998,160.75,175.82,232,92.0,112.0,0.4,161.0,7.0
07:40:13,159.95,84.0,171.58,67.0,158.5,28.0,172.59,68.0,165.77,11.630000000000024,112.0,135.0,16.562600037434457,159.95,171.58,247,-23.0,15.0,-0.09,161.0,
07:40:14,161.18,85.0,168.8,56.0,160.56,64.0,170.33,60.0,164.99,7.620000000000003,149.0,116.0,14.65857496484629,161.18,168.8,265,33.0,18.0,0.12,161.0,
07:40:15,162.0,38.0,166.12,72.0,161.0,160.0,167.12,73.0,164.06,4.1200000000000045,198.0,145.0,9.016780467551229,162.0,166.12,343,53.0,78.0,0.15,162.0,2.0
07:40:16,161.05,55.0,162.62,32.0,160.11,54.0,163.78,41.0,161.84,1.5699999999999932,109.0,73.0,2.3568983855927805,161.05,162.62,182,36.0,-161.0,0.2,161.43,7.0
07:40:17,160.44,36.0,162.49,41.0,158.35,23.0,236.86,29.0,161.47,2.050000000000012,59.0,70.0,1.9028741419255495,160.44,162.49,129,-11.0,-53.0,-0.09,161.0,6.0
07:40:18,159.96,50.0,161.23,65.0,158.76,25.0,274.73,22.0,160.6,1.2699999999999818,75.0,87.0,1.850532355839297,159.96,161.23,162,-12.0,33.0,-0.07,160.0,4.0
07:40:19,155.09,23.0,158.35,40.0,129.48,25.0,223.03,63.0,156.72,3.259999999999991,48.0,103.0,2.680917753308898,155.09,158.35,151,-55.0,-11.0,-0.36,159.0,2.0
07:40:21,153.9,31.0,206.7,23.0,141.9,10.0,401.18,11.0,180.3,52.79999999999998,41.0,34.0,10.439320859136776,153.9,206.7,75,7.0,-21.0,0.09,156.0,3.0
07:40:22,159.57,28.0,289.2,20.0,155.09,22.0,457.0,10.0,224.39,129.63,50.0,30.0,29.458353993392397,159.57,289.2,80,20.0,5.0,0.25,156.0,
07:40:23,164.68,38.0,361.0,11.0,164.2,20.0,676.17,24.0,262.84,196.32,58.0,35.0,47.08562307116719,164.68,361.0,93,23.0,13.0,0.25,156.0,
07:40:24,167.0,16.0,404.0,8.0,165.0,32.0,626.0,32.0,285.5,237.0,48.0,40.0,55.07857913926295,167.0,404.0,88,8.0,-5.0,0.09,156.0,
07:40:25,165.13,30.0,198.76,29.0,163.73,11.0,475.27,11.0,181.95,33.629999999999995,41.0,40.0,47.23335717477698,165.13,198.76,81,1.0,-7.0,0.01,167.0,2.0
07:40:26,165.0,40.0,218.8,40.0,163.0,10.0,305.23,26.0,191.9,53.80000000000001,50.0,66.0,44.57650984543382,165.0,218.8,116,-16.0,35.0,-0.14,167.0,
07:40:27,164.83,35.0,300.46,35.0,159.91,35.0,422.78,27.0,232.64,135.62999999999997,70.0,62.0,44.501213241888806,164.83,300.46,132,8.0,16.0,0.06,165.0,4.0
07:40:33,165.39,49.0,368.82,33.0,160.76,84.0,503.0,33.0,267.1,203.43,133.0,66.0,31.022487005398578,165.39,368.82,199,67.0,101.0,0.34,167.0,8.0
07:40:34,160.62,39.0,284.33,18.0,159.53,51.0,419.67,18.0,222.47,123.70999999999998,90.0,36.0,42.5230813794122,160.62,284.33,126,54.0,-73.0,0.43,167.0,
07:40:35,165.32,94.0,226.1,30.0,160.8,60.0,252.8,30.0,195.71,60.78,154.0,60.0,54.65816562966693,165.32,226.1,214,94.0,88.0,0.44,167.0,
07:40:36,166.0,143.0,195.15,39.0,162.0,52.0,208.69,39.0,180.58,29.15000000000001,195.0,78.0,55.50690830878706,166.0,195.15,273,117.0,59.0,0.43,166.0,2.0
07:40:37,166.0,96.0,179.78,27.0,162.0,36.0,181.22,27.0,172.89,13.78,132.0,54.0,38.20173752593048,166.0,179.78,186,78.0,-87.0,0.42,166.0,3.0
07:40:38,166.0,56.0,178.5,22.0,162.0,28.0,180.57,21.0,172.25,12.5,84.0,43.0,21.071390556868263,166.0,178.5,127,41.0,-59.0,0.32,166.0,
07:40:39,166.0,128.0,174.2,41.0,164.0,13.0,175.55,40.0,170.1,8.199999999999989,141.0,81.0,10.504962160811113,166.0,174.2,222,60.0,95.0,0.27,166.0,
07:40:40,166.0,108.0,171.56,27.0,164.0,9.0,173.22,27.0,168.78,5.560000000000002,117.0,54.0,4.588501934190622,166.0,171.56,171,63.0,-51.0,0.37,166.0,
07:40:41,166.0,96.0,168.75,28.0,164.0,8.0,170.0,24.0,167.38,2.75,104.0,52.0,2.31221755033344,166.0,168.75,156,52.0,-15.0,0.33,166.0,
07:40:42,166.0,138.0,167.24,34.0,164.0,15.0,168.1,58.0,166.62,1.240000000000009,153.0,92.0,2.242003568255295,166.0,167.24,245,61.0,89.0,0.25,166.0,5.0
07:40:43,163.9,41.0,167.26,46.0,161.94,65.0,168.23,52.0,165.58,3.359999999999985,106.0,98.0,1.7811007832430268,163.9,167.26,204,8.0,-41.0,0.04,164.75,8.0
07:40:44,162.24,68.0,178.69,26.0,161.5,64.0,478.86,28.0,170.46,16.44999999999999,132.0,54.0,1.905696723004206,162.24,178.69,186,78.0,-18.0,0.42,165.0,3.0
07:40:45,162.07,57.0,230.38,8.0,161.22,36.0,361.0,12.0,196.22,68.31,93.0,20.0,12.967726092113113,162.07,230.38,113,73.0,-73.0,0.65,166.0,1.0
07:40:46,162.0,120.0,220.07,43.0,161.0,60.0,226.67,36.0,191.03,58.06999999999999,180.0,79.0,14.511720091018608,162.0,220.07,259,101.0,146.0,0.39,166.0,
07:40:47,162.0,48.0,182.86,21.0,161.0,24.0,190.67,6.0,172.43,20.860000000000014,72.0,27.0,13.57698898872919,162.0,182.86,99,45.0,-160.0,0.45,166.0,
07:40:48,162.0,40.0,180.8,20.0,161.0,20.0,184.0,5.0,171.4,18.80000000000001,60.0,25.0,12.314132937404656,162.0,180.8,85,35.0,-14.0,0.41,166.0,
07:40:49,162.0,57.0,179.0,36.0,161.0,36.0,201.78,9.0,170.5,17.0,93.0,45.0,12.306146025465257,162.0,179.0,138,48.0,53.0,0.35,162.0,3.0
07:40:50,162.0,45.0,177.0,32.0,160.98,41.0,183.74,23.0,169.5,15.0,86.0,55.0,9.041873146647903,162.0,177.0,141,31.0,3.0,0.22,162.0,1.0
07:40:51,162.0,36.0,174.21,33.0,160.75,24.0,175.33,12.0,168.11,12.210000000000008,60.0,45.0,1.672145328633542,162.0,174.21,105,15.0,-36.0,0.14,162.0,
07:40:52,161.57,56.0,171.13,39.0,160.92,52.0,173.14,21.0,166.35,9.560000000000002,108.0,60.0,1.9954122381278891,161.57,171.13,168,48.0,63.0,0.29,162.0,4.0
07:40:53,161.0,48.0,169.97,29.0,160.0,8.0,171.27,11.0,165.48,8.969999999999999,56.0,40.0,2.0966807100915776,161.0,169.97,96,16.0,-72.0,0.17,162.0,
07:40:54,161.0,72.0,168.47,15.0,160.0,12.0,189.63,46.0,164.73,7.469999999999999,84.0,61.0,1.951289317366781,161.0,168.47,145,23.0,49.0,0.16,167.5,2.0
07:40:55,161.0,66.0,169.0,44.0,160.0,11.0,351.0,55.0,165.0,8.0,77.0,99.0,1.363462504093676,161.0,169.0,176,-22.0,31.0,-0.12,167.5,
07:40:56,161.0,36.0,167.5,24.0,160.0,6.0,546.0,18.0,164.25,6.5,42.0,42.0,0.7995436198664216,161.0,167.5,84,0.0,-92.0,0.0,167.5,
07:40:57,161.0,52.0,193.09,46.0,160.0,10.0,425.34,32.0,177.04,32.09,62.0,78.0,5.462998261034846,161.0,193.09,140,-16.0,56.0,-0.11,165.0,6.0
07:40:58,161.69,32.0,228.54,65.0,160.93,43.0,411.0,21.0,195.11,66.85,75.0,86.0,13.359207686089473,161.69,228.54,161,-11.0,21.0,-0.07,165.0,
07:40:59,165.33,12.0,210.33,30.0,161.0,24.0,233.0,20.0,187.83,45.0,36.0,50.0,13.67704756151976,165.33,210.33,86,-14.0,-75.0,-0.16,165.0,
07:41:00,166.91,82.0,255.31,65.0,160.81,27.0,330.23,65.0,211.11,88.4,109.0,130.0,17.779862766626657,166.91,255.31000000000003,239,-21.0,153.0,-0.09,163.5,4.0
07:41:02,168.0,64.0,277.37,43.0,166.71,48.0,370.64,55.0,222.69,109.37,112.0,98.0,52.90219201507713,168.0,277.37,210,14.0,40.0,0.07,168.0,4.0
07:41:03,168.0,28.0,183.57,14.0,167.0,35.0,218.0,35.0,175.79,15.569999999999991,63.0,49.0,56.40758353271384,168.0,183.57,112,14.0,-98.0,0.12,168.0,
07:41:04,168.0,40.0,181.69,26.0,167.0,50.0,318.59,41.0,174.85,13.689999999999998,90.0,67.0,58.69377326429174,168.0,181.69,157,23.0,45.0,0.15,168.0,
07:41:05,168.0,40.0,179.22,36.0,167.0,52.0,180.58,24.0,173.61,11.22,92.0,60.0,62.48136938320162,168.0,179.22,152,32.0,-5.0,0.21,168.0,
07:41:06,168.0,52.0,177.18,34.0,167.0,104.0,178.18,44.0,172.59,9.180000000000009,156.0,78.0,21.71484929719925,168.0,177.18,234,78.0,82.0,0.33,168.0,
07:41:07,168.0,45.0,175.07,28.0,167.0,104.0,176.79,38.0,171.54,7.069999999999993,149.0,66.0,1.7024629217905043,168.0,175.07,215,83.0,-19.0,0.39,168.0,1.0
07:41:08,168.0,34.0,170.58,38.0,167.0,114.0,172.76,34.0,169.29,2.5800000000000125,148.0,72.0,2.116100186680928,168.0,170.58,220,76.0,5.0,0.35,168.0,2.0
07:41:09,167.0,88.0,169.08,24.0,165.0,9.0,190.4,20.0,168.04,2.0800000000000125,97.0,44.0,2.3084908490333267,167.0,169.08,141,53.0,-79.0,0.38,167.11,9.0
07:41:10,167.0,52.0,174.25,32.0,165.0,10.0,200.52,42.0,170.62,7.25,62.0,74.0,1.7989246788207651,167.0,174.25,136,-12.0,-5.0,-0.09,167.0,2.0
07:41:11,167.0,24.0,197.33,30.0,165.0,6.0,228.27,22.0,182.17,30.330000000000013,30.0,52.0,5.657284684375613,167.0,197.33,82,-22.0,-54.0,-0.27,167.0,
07:41:12,163.0,48.0,207.0,60.0,155.94,64.0,387.92,36.0,185.0,44.0,112.0,96.0,7.9315212916609905,163.0,207.0,208,16.0,126.0,0.08,166.6,5.0
07:41:13,161.0,32.0,310.5,28.0,155.0,64.0,383.07,28.0,235.75,149.5,96.0,56.0,27.49098997853797,161.0,310.5,152,40.0,-56.0,0.26,166.6,
07:41:14,161.12,41.0,338.06,34.0,158.52,50.0,386.5,42.0,249.59,176.94,91.0,76.0,35.48353322317381,161.12,338.06,167,15.0,15.0,0.09,166.6,
07:41:15,162.0,11.0,325.52,23.0,161.0,44.0,437.0,35.0,243.76,163.51999999999998,55.0,58.0,32.945009181969944,162.0,325.52,113,-3.0,-54.0,-0.03,166.6,
07:41:16,160.77,26.0,338.17,12.0,160.19,32.0,428.54,50.0,249.47,177.4,58.0,62.0,27.26453795684217,160.77,338.17,120,-4.0,7.0,-0.03,161.2,5.0
07:41:17,160.82,55.0,337.83,24.0,159.5,20.0,366.0,18.0,249.33,177.01,75.0,42.0,6.025280076485303,160.82,337.83,117,33.0,-3.0,0.28,161.2,
07:41:18,161.35,46.0,234.76,25.0,160.56,27.0,253.46,13.0,198.05,73.41,73.0,38.0,22.491276086520497,161.35,234.76,111,35.0,-6.0,0.32,161.0,5.0
07:41:19,164.89,36.0,240.12,17.0,161.0,45.0,273.14,21.0,202.5,75.23000000000002,81.0,38.0,26.027031524937424,164.89,240.12,119,43.0,8.0,0.36,161.0,
07:41:20,165.0,22.0,290.0,24.0,161.0,40.0,334.0,24.0,227.5,125.0,62.0,48.0,24.64167100665225,165.0,290.0,110,14.0,-9.0,0.13,165.0,2.0
07:41:21,167.61,31.0,348.05,19.0,163.57,28.0,406.84,25.0,257.83,180.44,59.0,44.0,26.868715451247127,167.61,348.05,103,15.0,-7.0,0.15,165.0,
07:41:22,168.0,36.0,187.94,32.0,165.0,24.0,294.31,26.0,177.97,19.94,60.0,58.0,30.74316102810643,168.0,187.94,118,2.0,15.0,0.02,165.0,
07:41:23,168.0,17.0,270.0,14.0,165.0,18.0,325.73,22.0,219.0,102.0,35.0,36.0,29.643387964267568,168.0,270.0,71,-1.0,-47.0,-0.01,168.0,2.0
07:41:24,168.0,7.0,262.0,21.0,165.0,14.0,306.0,14.0,215.0,94.0,21.0,35.0,28.628752155832498,168.0,262.0,56,-14.0,-15.0,-0.25,168.0,
07:41:25,162.48,33.0,260.5,28.0,161.86,28.0,290.57,42.0,211.49,98.02,61.0,70.0,28.399106852154404,162.48,260.5,131,-9.0,75.0,-0.07,163.2,10.0
07:41:26,161.0,11.0,260.0,16.0,160.0,16.0,341.38,24.0,210.5,99.0,27.0,40.0,16.453986447061425,161.0,260.0,67,-13.0,-64.0,-0.19,161.0,3.0
07:41:27,167.6,35.0,193.13,31.0,160.73,15.0,276.91,23.0,180.36,25.53,50.0,54.0,15.408887046119878,167.6,193.13,104,-4.0,37.0,-0.04,161.0,
07:41:28,168.0,24.0,192.14,14.0,165.0,20.0,255.0,16.0,180.07,24.139999999999983,44.0,30.0,17.669700902960383,168.0,192.14,74,14.0,-30.0,0.19,161.0,
07:41:29,168.0,18.0,190.2,10.0,166.0,24.0,191.5,8.0,179.1,22.19999999999999,42.0,18.0,17.072437728692325,168.0,190.2,60,24.0,-14.0,0.4,161.0,
07:41:30,168.0,15.0,188.0,6.0,166.0,20.0,189.0,9.0,178.0,20.0,35.0,15.0,13.946848389513493,168.0,188.0,50,20.0,-10.0,0.4,161.0,
07:41:31,168.0,21.0,185.27,11.0,166.0,28.0,187.2,10.0,176.64,17.27000000000001,49.0,21.0,1.5359296859144052,168.0,185.27,70,28.0,20.0,0.4,161.0,
07:41:32,168.0,42.0,185.0,28.0,166.0,56.0,186.0,14.0,176.5,17.0,98.0,42.0,1.5471974664123875,168.0,185.0,140,56.0,70.0,0.4,161.0,
07:41:33,168.0,42.0,181.2,30.0,166.0,56.0,185.13,15.0,174.6,13.199999999999989,98.0,45.0,1.6988584402688385,168.0,181.2,143,53.0,3.0,0.37,161.0,
07:41:34,168.0,21.0,171.57,7.0,166.0,28.0,173.0,21.0,169.79,3.569999999999993,49.0,28.0,3.2088751923489136,168.0,171.57,77,21.0,-66.0,0.27,161.0,
07:41:35,167.26,43.0,203.77,30.0,165.55,44.0,232.39,36.0,185.51,36.51000000000002,87.0,66.0,5.695952071433944,167.26,203.77,153,21.0,76.0,0.14,168.0,3.0
07:41:36,166.0,36.0,258.0,45.0,161.0,9.0,394.43,23.0,212.0,92.0,45.0,68.0,16.824849182090002,166.0,258.0,113,-23.0,-40.0,-0.2,168.0,
07:41:37,166.0,34.0,316.89,35.0,163.77,39.0,407.67,27.0,241.44,150.89,73.0,62.0,29.88949096254532,166.0,316.89,135,11.0,22.0,0.08,166.0,1.0
07:41:38,164.12,51.0,348.33,27.0,162.13,94.0,515.86,35.0,256.23,184.21,145.0,62.0,36.40559888259062,164.12,348.33,207,83.0,72.0,0.4,166.0,3.0
07:41:39,164.24,63.0,350.95,19.0,162.34,106.0,521.97,37.0,257.59,186.71,169.0,56.0,31.152528468811127,164.24,350.95,225,113.0,18.0,0.5,166.0,
07:41:41,165.0,23.0,365.52,52.0,164.0,78.0,419.0,40.0,265.26,200.52,101.0,92.0,27.558589042258703,165.0,365.52,193,9.0,-51.0,0.05,165.0,2.0
07:41:42,166.0,16.0,387.22,46.0,164.0,96.0,388.77,62.0,276.61,221.22000000000003,112.0,108.0,23.670085551178392,166.0,387.2200000000001,220,4.0,27.0,0.02,165.0,
07:41:43,164.29,14.0,384.8,20.0,162.33,72.0,387.0,20.0,274.54,220.51,86.0,40.0,21.583094541796022,164.29,384.8,126,46.0,-94.0,0.37,164.67,3.0
07:41:44,164.0,80.0,232.38,52.0,162.0,400.0,258.24,59.0,198.19,68.38,480.0,111.0,41.997373370249015,164.0,232.38,591,369.0,168.0,0.62,164.67,
07:41:45,166.61,23.0,198.65,40.0,163.2,100.0,200.35,34.0,182.63,32.03999999999999,123.0,74.0,45.3023998260588,166.61,198.65,197,49.0,-168.0,0.25,164.67,
07:41:46,168.0,11.0,195.2,30.0,164.0,44.0,195.67,36.0,181.6,27.19999999999999,55.0,66.0,48.70633357172439,168.0,195.2,121,-11.0,-76.0,-0.09,164.67,
07:41:47,165.5,16.0,193.12,48.0,162.21,224.0,194.84,38.0,179.31,27.620000000000005,240.0,86.0,40.54287273985501,165.5,193.12,326,154.0,168.0,0.47,165.0,4.0
07:41:48,165.44,25.0,190.89,18.0,162.03,142.0,193.0,18.0,178.16,25.44999999999999,167.0,36.0,8.140827353535403,165.44,190.89,203,131.0,-123.0,0.65,166.0,4.0
07:41:49,166.0,40.0,189.67,18.0,164.0,8.0,192.25,16.0,177.83,23.669999999999987,48.0,34.0,2.121515967431908,166.0,189.67,82,14.0,-121.0,0.17,166.0,
07:41:50,166.0,35.0,188.3,20.0,164.0,7.0,189.27,15.0,177.15,22.30000000000001,42.0,35.0,1.7444626680064248,166.0,188.3,77,7.0,-5.0,0.09,166.0,
07:41:51,166.0,53.0,187.0,27.0,164.0,9.0,188.0,18.0,176.5,21.0,62.0,45.0,1.0633202716339345,166.0,187.0,107,17.0,30.0,0.16,166.0,
07:41:52,166.0,86.0,185.44,32.0,164.0,11.0,186.65,23.0,175.72,19.44,97.0,55.0,0.9898838316021378,166.0,185.44,152,42.0,45.0,0.28,166.0,
07:41:53,166.0,96.0,182.23,31.0,164.0,12.0,183.48,29.0,174.11,16.22999999999999,108.0,60.0,1.4342837934198784,166.0,182.23,168,48.0,16.0,0.29,166.0,
07:41:54,166.0,66.0,179.0,18.0,164.0,9.0,181.0,27.0,172.5,13.0,75.0,45.0,1.8868571753225971,166.0,179.0,120,30.0,-48.0,0.25,166.0,1.0
