Time,Bid1_Price,Bid1_Volume,Ask1_Price,Ask1_Volume,Bid2_Price,Bid2_Volume,Ask2_Price,Ask2_Volume,Mid-Price,Bid_Ask_Spread,Market_Depth_Bid,Market_Depth_Ask,Historical_Volatility,Weighted_Avg_Bid_Price,Weighted_Avg_Ask_Price,Total_volume,Cumulative_Volume_Difference,Total_Volume_Change_Corrected,Order_imbalance,Weighted_Avg_Price,Trade_Volume
07:30:05,331.18,22.0,348.92,13.0,323.45,22.0,362.04,23.0,340.05,17.74000000000001,44.0,36.0,193.22723159534212,331.18,348.92,80,8.0,-16.0,0.1,,
07:30:06,345.45,53.0,347.21,14.0,333.32,53.0,348.82,22.0,346.33,1.759999999999991,106.0,36.0,59.31844165181685,345.45,347.21,142,70.0,62.0,0.49,346.62,8.0
07:30:07,345.0,49.0,346.0,7.0,288.43,14.0,349.0,21.0,345.5,1.0,63.0,28.0,61.86260138403493,345.0,346.0,91,35.0,-51.0,0.38,346.62,
07:30:08,345.0,32.0,348.45,11.0,342.0,10.0,358.0,15.0,346.73,3.4499999999999886,42.0,26.0,33.74599650328912,345.0,348.45,68,16.0,-23.0,0.24,345.0,1.0
07:30:09,345.0,6.0,349.0,3.0,342.0,2.0,364.0,3.0,347.0,4.0,8.0,6.0,2.8913612710974603,345.0,349.0,14,2.0,-54.0,0.14,345.0,
07:30:10,345.0,21.0,349.0,21.0,342.0,14.0,364.0,21.0,347.0,4.0,35.0,42.0,0.6287050182735541,345.0,349.0,77,-7.0,63.0,-0.09,345.0,5.0
07:30:11,345.0,6.0,349.0,18.0,342.0,12.0,364.0,18.0,347.0,4.0,18.0,36.0,0.6512142504601278,345.0,349.0,54,-18.0,-23.0,-0.33,345.0,
07:30:12,345.0,7.0,349.0,21.0,342.0,14.0,364.0,21.0,347.0,4.0,21.0,42.0,0.1207476707946737,345.0,349.0,63,-21.0,9.0,-0.33,345.0,
07:30:13,345.0,8.0,348.71,21.0,342.0,16.0,358.5,24.0,346.86,3.70999999999998,24.0,45.0,0.0626099033886635,345.0,348.71,69,-21.0,6.0,-0.3,345.0,
07:30:15,335.23,77.0,346.27,30.0,334.91,67.0,349.8,45.0,340.75,11.039999999999964,144.0,75.0,11.739019124271058,335.23,346.2699999999999,219,69.0,167.0,0.32,344.0,2.0
07:30:16,344.0,26.0,348.77,35.0,343.0,60.0,360.25,36.0,346.39,4.769999999999982,86.0,71.0,11.654743669424978,344.0,348.77,157,15.0,-62.0,0.1,344.0,2.0
07:30:17,344.0,22.0,348.45,33.0,343.0,55.0,360.0,33.0,346.23,4.449999999999989,77.0,66.0,11.546518089883271,344.0,348.45,143,11.0,-14.0,0.08,344.0,
07:30:18,344.0,22.0,348.0,33.0,343.0,55.0,362.0,33.0,346.0,4.0,77.0,66.0,11.424844856714756,344.0,348.0,143,11.0,0.0,0.08,344.0,
07:30:19,344.0,8.0,348.0,12.0,343.0,20.0,362.0,12.0,346.0,4.0,28.0,24.0,2.4228144790723727,344.0,348.0,52,4.0,-91.0,0.08,344.0,
07:30:20,345.33,24.0,347.6,30.0,343.55,33.0,354.5,36.0,346.47,2.2700000000000387,57.0,66.0,0.2169562167877007,345.33,347.6,123,-9.0,71.0,-0.07,347.0,2.0
07:30:21,344.0,22.0,347.0,33.0,343.0,55.0,360.0,33.0,345.5,3.0,77.0,66.0,0.3590960874234315,344.0,347.0,143,11.0,20.0,0.08,347.0,
07:30:22,344.0,20.0,357.4,30.0,343.0,50.0,364.36,22.0,350.7,13.399999999999975,70.0,52.0,2.1330213313520496,344.0,357.4,122,18.0,-21.0,0.15,347.0,3.0
07:30:23,344.67,60.0,359.9,30.0,337.44,54.0,364.0,27.0,352.28,15.22999999999996,114.0,57.0,3.0829693478857263,344.67,359.9,171,57.0,49.0,0.33,343.67,3.0
07:30:24,345.0,90.0,356.47,19.0,343.0,60.0,358.78,41.0,350.74,11.470000000000027,150.0,60.0,2.9678140103455006,345.0,356.47,210,90.0,39.0,0.43,343.67,
07:30:25,345.0,96.0,353.71,17.0,343.0,64.0,354.81,31.0,349.35,8.70999999999998,160.0,48.0,2.5738842242811004,345.0,353.71,208,112.0,-2.0,0.54,343.67,
07:30:26,345.0,38.0,351.0,11.0,343.0,44.0,354.0,22.0,348.0,6.0,82.0,33.0,1.61473836890166,345.0,351.0,115,49.0,-93.0,0.43,345.0,4.0
07:30:27,345.0,28.0,348.82,22.0,343.0,56.0,353.5,24.0,346.91,3.819999999999993,84.0,46.0,2.1352353500265626,345.0,348.82,130,38.0,15.0,0.29,345.0,
07:30:28,346.0,123.0,347.0,63.0,345.0,42.0,354.8,41.0,346.5,1.0,165.0,104.0,1.7548646671475765,346.0,347.0,269,61.0,139.0,0.23,346.0,3.0
07:30:29,346.0,40.0,347.0,30.0,345.0,20.0,358.0,30.0,346.5,1.0,60.0,60.0,1.2256712446667168,346.0,347.0,120,0.0,-149.0,0.0,346.0,
07:30:30,346.0,44.0,347.0,33.0,345.0,22.0,358.0,33.0,346.5,1.0,66.0,66.0,0.6497076265542376,346.0,347.0,132,0.0,12.0,0.0,346.0,
07:30:31,347.77,124.0,357.06,18.0,345.0,32.0,358.56,48.0,352.41,9.29000000000002,156.0,66.0,2.6032537333120045,347.77,357.06,222,90.0,90.0,0.41,347.0,3.0
07:30:32,348.0,110.0,355.12,16.0,345.0,32.0,360.86,84.0,351.56,7.1200000000000045,142.0,100.0,3.019251562888224,348.0,355.12,242,42.0,20.0,0.17,348.0,5.0
07:30:33,347.5,48.0,352.86,14.0,344.67,24.0,360.78,32.0,350.18,5.360000000000014,72.0,46.0,2.7905913351838287,347.5,352.86,118,26.0,-124.0,0.22,348.0,5.0
07:30:34,347.94,286.0,351.42,31.0,344.82,34.0,352.68,37.0,349.68,3.480000000000018,320.0,68.0,2.2696211137551474,347.94,351.42,388,252.0,184.0,0.65,348.0,1.0
07:30:35,348.0,273.0,349.38,39.0,345.37,19.0,362.0,13.0,348.69,1.3799999999999957,292.0,52.0,1.4851363573770775,348.0,349.38,344,240.0,-44.0,0.7,348.0,
07:30:36,348.0,99.0,351.36,11.0,346.0,5.0,363.0,9.0,349.68,3.3600000000000136,104.0,20.0,1.0461930988125887,348.0,351.36,124,84.0,-184.0,0.68,348.0,3.0
07:30:37,348.0,108.0,363.71,14.0,346.0,6.0,364.67,18.0,355.86,15.70999999999998,114.0,32.0,2.869986062684502,348.0,363.71,146,82.0,22.0,0.56,348.0,
07:30:38,348.0,72.0,364.0,12.0,346.0,4.0,365.0,12.0,356.0,16.0,76.0,24.0,3.626943616876822,348.0,364.0,100,52.0,-46.0,0.52,348.0,
07:30:39,348.0,157.0,349.0,9.0,346.0,9.0,364.0,27.0,348.5,1.0,166.0,36.0,3.845956318005119,348.0,349.0,202,130.0,102.0,0.64,348.0,5.0
07:30:40,348.0,133.0,364.34,32.0,345.2,20.0,366.0,16.0,356.17,16.339999999999975,153.0,48.0,3.814710998228288,348.0,364.34,201,105.0,-1.0,0.52,348.0,3.0
07:30:41,348.0,96.0,364.33,12.0,345.0,24.0,367.0,33.0,356.17,16.329999999999984,120.0,45.0,3.3789569396493047,348.0,364.33,165,75.0,-36.0,0.45,348.0,4.0
07:30:42,348.0,42.0,364.0,7.0,345.0,14.0,365.0,14.0,356.0,16.0,56.0,21.0,3.393179924496225,348.0,364.0,77,35.0,-88.0,0.45,348.0,
07:30:43,348.0,39.0,364.0,9.0,345.0,18.0,365.0,18.0,356.0,16.0,57.0,27.0,3.393179924496225,348.0,364.0,84,30.0,7.0,0.36,348.0,5.0
07:30:44,345.0,40.0,364.0,13.0,344.31,26.0,365.0,26.0,354.5,19.0,66.0,39.0,0.7139117592564421,345.0,364.0,105,27.0,21.0,0.26,345.2,5.0
07:30:45,344.0,50.0,364.0,5.0,342.0,10.0,365.0,10.0,354.0,20.0,60.0,15.0,1.0076110360672148,344.0,364.0,75,45.0,-30.0,0.6,345.2,
07:30:46,345.46,210.0,364.0,14.0,343.85,108.0,365.0,28.0,354.73,18.54000000000002,318.0,42.0,0.9099890109250268,345.46,364.0,360,276.0,184.0,0.77,345.2,
07:30:47,347.38,136.0,364.0,8.0,345.0,10.0,365.0,16.0,355.69,16.620000000000005,146.0,24.0,0.8363193170101254,347.38,364.0,170,122.0,-184.0,0.72,345.2,
07:30:48,348.0,221.0,364.0,13.0,345.0,26.0,365.0,26.0,356.0,16.0,247.0,39.0,0.8363193170101254,348.0,364.0,286,208.0,116.0,0.73,345.2,
07:30:49,348.0,153.0,364.0,9.0,345.0,18.0,365.0,18.0,356.0,16.0,171.0,27.0,0.8868088858397926,348.0,364.0,198,144.0,-88.0,0.73,345.2,
07:30:50,348.0,272.0,359.48,52.0,345.0,28.0,360.33,49.0,353.74,11.480000000000018,300.0,101.0,0.9832954794996268,348.0,359.48,401,199.0,184.0,0.5,345.2,
07:30:51,348.0,153.0,353.74,42.0,346.87,30.0,356.24,21.0,350.87,5.740000000000009,183.0,63.0,2.21712651871835,348.0,353.74,246,120.0,-155.0,0.49,345.2,
07:30:52,348.0,204.0,350.5,36.0,347.0,48.0,351.83,48.0,349.25,2.5,252.0,84.0,3.041343453147584,348.0,350.5,336,168.0,90.0,0.5,345.2,
07:30:53,348.0,281.0,350.14,92.0,347.0,76.0,356.49,59.0,349.07,2.1399999999999864,357.0,151.0,3.0092739988248223,348.0,350.14,508,206.0,172.0,0.41,348.0,4.0
07:30:54,348.0,117.0,349.44,45.0,347.0,36.0,358.57,42.0,348.72,1.4399999999999975,153.0,87.0,2.0776067962929097,348.0,349.44,240,66.0,-184.0,0.28,348.0,3.0
07:30:55,348.0,90.0,349.0,45.0,347.0,36.0,359.0,51.0,348.5,1.0,126.0,96.0,0.9347566528257232,348.0,349.0,222,30.0,-18.0,0.14,349.0,5.0
07:30:56,348.0,70.0,359.0,29.0,347.0,28.0,458.2,20.0,353.5,11.0,98.0,49.0,2.0845551084109486,348.0,359.0,147,49.0,-75.0,0.33,349.0,
07:30:57,348.07,86.0,359.0,36.0,347.65,92.0,441.0,49.0,353.53,10.930000000000009,178.0,85.0,2.610542089299181,348.07,359.0,263,93.0,116.0,0.35,349.0,
07:30:58,349.0,9.0,359.0,54.0,348.0,90.0,360.0,45.0,354.0,10.0,99.0,99.0,2.783289420811818,349.0,359.0,198,0.0,-65.0,0.0,349.0,
07:30:59,348.06,82.0,359.0,84.0,347.58,86.0,360.0,70.0,353.53,10.939999999999998,168.0,154.0,2.3080879532642333,348.06,359.0,322,14.0,124.0,0.04,348.25,4.0
07:31:00,348.0,77.0,356.7,30.0,347.0,44.0,358.31,36.0,352.35,8.699999999999989,121.0,66.0,0.6133269927239949,348.0,356.7,187,55.0,-135.0,0.29,348.25,
07:31:01,348.0,49.0,354.18,33.0,347.0,44.0,356.0,11.0,351.09,6.180000000000007,93.0,44.0,1.1813551540513418,348.0,354.18,137,49.0,-50.0,0.36,348.0,4.0
07:31:02,348.0,24.0,352.12,24.0,347.0,32.0,356.0,8.0,350.06,4.1200000000000045,56.0,32.0,1.6464294700968465,348.0,352.12000000000006,88,24.0,-49.0,0.27,348.0,
07:31:03,348.0,36.0,351.27,26.0,347.0,48.0,352.59,22.0,349.63,3.269999999999982,84.0,48.0,1.61561752899722,348.0,351.27000000000004,132,36.0,44.0,0.27,348.0,
07:31:04,348.0,27.0,349.04,25.0,346.87,30.0,350.27,11.0,348.52,1.0400000000000205,57.0,36.0,1.4574807031322357,348.0,349.04,93,21.0,-39.0,0.23,348.0,
07:31:05,348.03,90.0,359.87,76.0,347.02,40.0,361.99,80.0,353.95,11.840000000000032,130.0,156.0,2.0620984457592964,348.03,359.87,286,-26.0,184.0,-0.09,349.25,4.0
07:31:06,348.0,70.0,361.41,22.0,345.0,14.0,362.04,75.0,354.7,13.410000000000023,84.0,97.0,2.7663821138814293,348.0,361.41,181,-13.0,-105.0,-0.07,348.0,4.0
07:31:07,348.0,60.0,360.0,12.0,345.0,12.0,362.0,48.0,354.0,12.0,72.0,60.0,2.858837176196517,348.0,360.0,132,12.0,-49.0,0.09,348.0,
07:31:08,348.0,55.0,356.72,47.0,345.0,11.0,359.19,27.0,352.36,8.720000000000027,66.0,74.0,2.492003210271484,348.0,356.72,140,-8.0,8.0,-0.06,348.0,
07:31:09,348.0,70.0,355.79,38.0,345.0,14.0,356.95,76.0,351.89,7.79000000000002,84.0,114.0,1.1950104602067289,348.0,355.79,198,-30.0,58.0,-0.15,348.0,
07:31:10,347.88,25.0,355.0,13.0,344.8,15.0,356.0,65.0,351.44,7.1200000000000045,40.0,78.0,1.404535510410237,347.88,355.0,118,-38.0,-80.0,-0.32,348.0,5.0
07:31:11,345.0,15.0,348.63,19.0,344.0,75.0,355.23,35.0,346.82,3.629999999999996,90.0,54.0,2.685687993792809,345.0,348.63,144,36.0,26.0,0.25,348.0,
07:31:12,345.0,9.0,346.31,13.0,344.0,45.0,350.11,9.0,345.65,1.3100000000000025,54.0,22.0,3.14535689548933,345.0,346.31,76,32.0,-68.0,0.42,346.0,5.0
07:31:13,344.23,31.0,345.85,13.0,343.71,41.0,347.0,13.0,345.04,1.6200000000000043,72.0,26.0,3.2596426184478644,344.23,345.85,98,46.0,22.0,0.47,344.33,3.0
07:31:14,344.0,39.0,353.92,13.0,342.0,13.0,362.0,70.0,348.96,9.920000000000016,52.0,83.0,2.6247895153709795,344.0,353.92,135,-31.0,37.0,-0.23,344.33,
07:31:15,344.62,8.0,356.0,6.0,343.88,16.0,362.0,30.0,350.31,11.379999999999995,24.0,36.0,2.228257166487147,344.62,356.0,60,-12.0,-75.0,-0.2,344.33,
07:31:16,345.0,6.0,356.0,6.0,344.0,18.0,362.0,30.0,350.5,11.0,24.0,36.0,2.585994972926602,345.0,356.0,60,-12.0,0.0,-0.2,344.33,
07:31:17,344.14,7.0,356.0,4.0,343.0,6.0,362.0,20.0,350.07,11.860000000000014,13.0,24.0,2.279874996573723,344.14,356.0,37,-11.0,-23.0,-0.3,344.5,2.0
07:31:18,343.18,11.0,356.0,9.0,338.31,13.0,362.0,45.0,349.59,12.819999999999991,24.0,54.0,0.6196208518137966,343.18,356.0,78,-30.0,41.0,-0.38,344.5,
07:31:19,343.0,11.0,353.71,17.0,342.0,11.0,355.05,38.0,348.35,10.70999999999998,22.0,55.0,0.8606857730916683,343.0,353.71,77,-33.0,-1.0,-0.43,344.5,
07:31:20,343.0,15.0,348.71,21.0,342.0,15.0,351.44,54.0,345.86,5.70999999999998,30.0,75.0,1.867198436161024,343.0,348.71,105,-45.0,28.0,-0.43,344.5,
07:31:21,343.55,22.0,345.4,45.0,342.17,12.0,350.44,16.0,344.47,1.849999999999966,34.0,61.0,2.4199628096319583,343.55,345.4,95,-27.0,-10.0,-0.28,345.0,4.0
07:31:22,343.29,24.0,347.0,16.0,339.14,22.0,359.62,80.0,345.15,3.70999999999998,46.0,96.0,2.188282431497724,343.29,347.0,142,-50.0,47.0,-0.35,343.0,1.0
07:31:23,333.4,104.0,359.29,52.0,317.72,18.0,361.34,85.0,346.35,25.890000000000043,122.0,137.0,1.476610984654212,333.4,359.29,259,-15.0,117.0,-0.06,338.0,6.0
07:31:24,330.27,140.0,360.07,68.0,327.88,69.0,360.88,58.0,345.17,29.80000000000001,209.0,126.0,0.7236021006059051,330.27,360.07,335,83.0,76.0,0.25,338.0,
07:31:25,333.26,358.0,355.37,65.0,330.11,112.0,355.83,71.0,344.31,22.110000000000014,470.0,136.0,0.8047359815499833,333.26,355.37,606,334.0,184.0,0.55,338.0,
07:31:26,334.89,253.0,353.0,33.0,333.4,50.0,354.0,61.0,343.95,18.110000000000014,303.0,94.0,0.9289133436447202,334.89,353.0,397,209.0,-184.0,0.53,338.0,
07:31:27,337.16,218.0,353.0,42.0,335.34,155.0,354.0,84.0,345.08,15.839999999999977,373.0,126.0,0.9263476669162682,337.16,353.0,499,247.0,102.0,0.49,343.0,3.0
07:31:28,338.5,114.0,352.0,6.0,333.71,42.0,353.0,18.0,345.25,13.5,156.0,24.0,0.5849957264811029,338.5,352.0,180,132.0,-184.0,0.73,343.0,
07:31:29,339.15,199.0,350.06,17.0,335.52,202.0,351.48,21.0,344.6,10.910000000000023,401.0,38.0,0.5367215292878788,339.15,350.06,439,363.0,184.0,0.83,339.0,3.0
07:31:30,342.82,217.0,347.55,22.0,342.83,152.0,348.82,22.0,345.18,4.730000000000018,369.0,44.0,0.5447660048141307,342.82,347.55,413,325.0,-26.0,0.79,346.0,1.0
07:31:31,344.0,160.0,346.2,10.0,340.0,60.0,350.0,10.0,345.1,2.1999999999999886,220.0,20.0,0.2561640099646654,344.0,346.2,240,200.0,-173.0,0.83,346.0,
07:31:32,344.89,270.0,354.2,41.0,340.0,108.0,355.94,67.0,349.54,9.310000000000002,378.0,108.0,2.031915352567964,344.89,354.2,486,270.0,184.0,0.56,344.0,1.0
07:31:33,345.13,237.0,355.14,65.0,339.18,102.0,357.0,54.0,350.13,10.009999999999993,339.0,119.0,2.6874895348636403,345.13,355.14,458,220.0,-28.0,0.48,344.0,
07:31:34,341.75,44.0,354.37,76.0,337.94,79.0,357.14,59.0,348.06,12.620000000000005,123.0,135.0,2.3707846802275747,341.75,354.37,258,-12.0,-184.0,-0.05,344.0,
07:31:35,346.57,14.0,354.0,56.0,345.0,14.0,357.21,56.0,350.29,7.430000000000007,28.0,112.0,2.157505504049071,346.57,354.0,140,-84.0,-118.0,-0.6,344.0,
07:31:36,345.31,13.0,353.16,38.0,341.12,68.0,354.85,52.0,349.23,7.850000000000023,81.0,90.0,0.8883411506860808,345.31,353.16,171,-9.0,31.0,-0.05,347.0,1.0
07:31:37,347.88,25.0,350.76,34.0,343.67,18.0,352.64,44.0,349.32,2.8799999999999955,43.0,78.0,0.8882173157523219,347.88,350.76,121,-35.0,-50.0,-0.29,347.0,
07:31:38,346.91,22.0,348.93,60.0,342.82,40.0,356.39,46.0,347.92,2.019999999999982,62.0,106.0,0.9827156251948604,346.91,348.93,168,-44.0,47.0,-0.26,348.0,2.0
07:31:39,344.79,14.0,347.75,48.0,343.54,39.0,360.45,47.0,346.27,2.9599999999999795,53.0,95.0,1.5542297127522795,344.79,347.75,148,-42.0,-20.0,-0.28,345.0,1.0
07:31:40,344.0,27.0,359.27,30.0,341.0,54.0,360.27,33.0,351.63,15.269999999999982,81.0,63.0,1.9756087669379572,344.0,359.2699999999999,144,18.0,-4.0,0.12,345.0,
07:31:41,344.78,96.0,358.0,36.0,341.79,57.0,359.0,48.0,351.39,13.220000000000027,153.0,84.0,2.2848697993545035,344.78,358.0,237,69.0,93.0,0.29,345.0,
07:31:42,345.0,195.0,358.0,39.0,344.0,39.0,359.0,52.0,351.5,13.0,234.0,91.0,2.4872414438494843,345.0,358.0,325,143.0,88.0,0.44,345.0,
07:31:43,345.4,75.0,354.92,39.0,344.94,159.0,358.75,48.0,350.16,9.52000000000004,234.0,87.0,2.269195892822532,345.4,354.92,321,147.0,-4.0,0.46,345.0,
07:31:44,345.07,129.0,354.45,29.0,344.65,69.0,357.62,42.0,349.76,9.379999999999995,198.0,71.0,0.8630585148197174,345.07,354.45,269,127.0,-52.0,0.47,346.0,3.0
07:31:45,345.0,195.0,356.47,38.0,344.0,42.0,358.57,46.0,350.74,11.470000000000027,237.0,84.0,0.7570336848534253,345.0,356.47,321,153.0,52.0,0.48,345.0,5.0
07:31:46,345.0,110.0,356.0,44.0,344.0,33.0,357.44,27.0,350.5,11.0,143.0,71.0,0.6549198424255475,345.0,356.0,214,72.0,-107.0,0.34,345.0,
07:31:47,345.0,102.0,356.7,40.0,344.0,33.0,359.73,41.0,350.85,11.699999999999989,135.0,81.0,0.445892363696294,345.0,356.7,216,54.0,2.0,0.25,345.0,2.0
07:31:48,345.0,96.0,357.0,60.0,344.0,36.0,359.0,48.0,351.0,12.0,132.0,108.0,0.4881598099011431,345.0,357.0,240,24.0,24.0,0.1,345.0,
07:31:49,345.0,72.0,356.19,27.0,344.0,27.0,357.57,42.0,350.59,11.189999999999998,99.0,69.0,0.1998249233773535,345.0,356.19,168,30.0,-72.0,0.18,345.0,
07:31:50,345.0,120.0,352.76,17.0,344.0,45.0,354.31,32.0,348.88,7.759999999999991,165.0,49.0,0.8533053380839983,345.0,352.76,214,116.0,46.0,0.54,345.0,2.0
07:31:51,345.15,103.0,349.28,25.0,344.14,70.0,351.13,30.0,347.21,4.129999999999996,173.0,55.0,1.6337778306741793,345.15,349.28,228,118.0,14.0,0.52,346.0,3.0
07:31:52,346.26,31.0,349.0,42.0,345.0,147.0,357.0,42.0,347.63,2.740000000000009,178.0,84.0,1.7032527704372462,346.26,349.0,262,94.0,34.0,0.36,346.0,1.0
07:31:53,345.93,57.0,348.12,17.0,344.94,94.0,357.0,28.0,347.02,2.1899999999999977,151.0,45.0,1.4874575624204764,345.93000000000006,348.12,196,106.0,-66.0,0.54,346.5,4.0
07:31:54,346.0,22.0,348.0,11.0,345.0,77.0,357.0,22.0,347.0,2.0,99.0,33.0,0.7864922122956137,346.0,348.0,132,66.0,-64.0,0.5,346.5,
07:31:55,346.36,22.0,348.0,11.0,345.0,77.0,357.0,22.0,347.18,1.6399999999999864,99.0,33.0,0.2537124356462599,346.36,348.0,132,66.0,0.0,0.5,346.5,
07:31:56,347.1,49.0,358.05,39.0,345.0,126.0,360.85,54.0,352.58,10.949999999999989,175.0,93.0,2.416013244997187,347.1,358.05,268,82.0,136.0,0.31,347.0,1.0
07:31:57,346.32,28.0,362.0,52.0,344.77,79.0,363.0,52.0,354.16,15.680000000000009,107.0,104.0,3.498073755655013,346.32,362.0,211,3.0,-57.0,0.01,347.0,2.0
07:31:58,345.0,36.0,362.0,24.0,343.0,18.0,363.0,24.0,353.5,17.0,54.0,48.0,3.5091708422365047,345.0,362.0,102,6.0,-109.0,0.06,347.0,
07:31:59,345.0,30.0,362.0,20.0,343.0,15.0,363.0,20.0,353.5,17.0,45.0,40.0,2.853292834604149,345.0,362.0,85,5.0,-17.0,0.06,347.0,
07:32:00,345.0,66.0,362.0,44.0,343.0,33.0,363.0,44.0,353.5,17.0,99.0,88.0,0.563134087055508,345.0,362.0,187,11.0,102.0,0.06,347.0,
07:32:01,349.0,65.0,361.51,35.0,345.0,78.0,362.15,52.0,355.26,12.509999999999993,143.0,87.0,0.7684269646518115,349.0,361.51,230,56.0,43.0,0.24,347.0,
07:32:02,349.0,55.0,359.0,11.0,345.0,66.0,361.0,44.0,354.0,10.0,121.0,55.0,0.7625745865185796,349.0,359.0,176,66.0,-54.0,0.38,347.0,
07:32:03,349.0,65.0,357.29,14.0,345.67,63.0,360.2,49.0,353.14,8.29000000000002,128.0,63.0,0.8299397568522457,349.0,357.29,191,65.0,15.0,0.34,347.0,
07:32:04,349.0,65.0,357.28,25.0,345.85,78.0,358.72,50.0,353.14,8.279999999999973,143.0,75.0,0.8849406759800049,349.0,357.28,218,68.0,27.0,0.31,347.0,
07:32:05,348.13,62.0,356.83,36.0,345.33,72.0,357.69,58.0,352.48,8.699999999999989,134.0,94.0,1.0715782752575278,348.13,356.83,228,40.0,10.0,0.18,349.0,5.0
07:32:06,346.0,21.0,356.0,35.0,345.0,42.0,357.0,27.0,351.0,10.0,63.0,62.0,1.1182665156409688,346.0,356.0,125,1.0,-103.0,0.01,349.0,
07:32:07,346.0,33.0,354.73,55.0,345.0,66.0,357.0,49.0,350.36,8.730000000000018,99.0,104.0,1.2763541828206189,346.0,354.73,203,-5.0,78.0,-0.02,349.0,
07:32:08,346.0,39.0,352.13,55.0,345.0,78.0,354.02,49.0,349.06,6.129999999999996,117.0,104.0,1.6375957987255625,346.0,352.13000000000005,221,13.0,18.0,0.06,349.0,
07:32:09,345.39,38.0,347.78,45.0,344.43,42.0,349.35,31.0,346.59,2.3899999999999864,80.0,76.0,2.221467983114674,345.39,347.78,156,4.0,-65.0,0.03,346.0,3.0
07:32:10,345.0,58.0,346.21,63.0,343.12,51.0,347.28,50.0,345.6,1.2099999999999795,109.0,113.0,2.349408436182042,345.0,346.21,222,-4.0,66.0,-0.02,345.6,5.0
07:32:11,344.33,36.0,346.0,16.0,343.67,36.0,352.71,28.0,345.17,1.670000000000016,72.0,44.0,2.257017944103046,344.33,346.0,116,28.0,-106.0,0.24,345.0,3.0
07:32:12,344.0,54.0,345.78,18.0,343.0,27.0,355.78,36.0,344.89,1.7799999999999727,81.0,54.0,1.6918540126154324,344.0,345.78,135,27.0,19.0,0.2,345.0,
07:32:13,344.0,54.0,355.76,58.0,343.0,33.0,359.67,54.0,349.88,11.759999999999993,87.0,112.0,2.035689072526294,344.0,355.76,199,-25.0,64.0,-0.13,344.0,2.0
07:32:14,344.0,38.0,358.0,88.0,343.0,33.0,361.0,55.0,351.0,14.0,71.0,143.0,2.897459231810362,344.0,358.0,214,-72.0,15.0,-0.34,344.0,3.0
07:32:15,344.0,9.0,358.0,72.0,337.87,39.0,361.0,45.0,351.0,14.0,48.0,117.0,3.1009143812758397,344.0,358.0,165,-69.0,-49.0,-0.42,344.0,
07:32:16,344.0,31.0,357.92,61.0,343.0,52.0,361.0,65.0,350.96,13.920000000000016,83.0,126.0,2.6465789238191264,344.0,357.92,209,-43.0,44.0,-0.21,344.0,
07:32:17,344.91,11.0,356.09,55.0,343.23,26.0,360.61,33.0,350.5,11.17999999999995,37.0,88.0,0.4885898075112611,344.91,356.09,125,-51.0,-84.0,-0.41,344.0,
07:32:18,346.33,15.0,355.0,75.0,344.0,15.0,357.99,79.0,350.67,8.670000000000016,30.0,154.0,0.2286482014010305,346.33,355.0,184,-124.0,59.0,-0.67,344.0,
07:32:19,348.64,36.0,353.38,80.0,345.25,16.0,357.0,80.0,351.01,4.740000000000009,52.0,160.0,0.2305862094834058,348.64,353.38,212,-108.0,28.0,-0.51,344.0,
07:32:20,349.51,47.0,351.6,75.0,347.37,27.0,357.0,75.0,350.56,2.090000000000032,74.0,150.0,0.2324865587596624,349.51000000000005,351.6,224,-76.0,12.0,-0.34,349.33,3.0
07:32:21,345.93,28.0,350.4,53.0,343.04,79.0,359.73,64.0,348.16,4.46999999999997,107.0,117.0,1.1463201995968748,345.93,350.3999999999999,224,-10.0,0.0,-0.04,351.0,3.0
07:32:22,346.03,30.0,350.0,32.0,344.49,49.0,359.0,61.0,348.02,3.9700000000000273,79.0,93.0,1.46537708457712,346.03,350.0,172,-14.0,-52.0,-0.08,351.0,
07:32:23,345.44,27.0,348.79,38.0,344.26,23.0,358.97,92.0,347.12,3.3500000000000227,50.0,130.0,1.7081217755194094,345.44,348.79,180,-80.0,8.0,-0.44,346.5,4.0
07:32:24,345.56,16.0,346.92,25.0,344.56,16.0,358.83,48.0,346.24,1.3600000000000136,32.0,73.0,1.6162920528182456,345.56,346.92,105,-41.0,-75.0,-0.39,346.5,2.0
07:32:25,345.0,17.0,359.27,83.0,344.0,17.0,360.84,82.0,352.13,14.269999999999982,34.0,165.0,2.258158541821968,345.0,359.27,199,-131.0,94.0,-0.66,346.5,
07:32:26,345.0,17.0,356.53,85.0,344.0,17.0,358.41,37.0,350.76,11.529999999999973,34.0,122.0,2.49501102202048,345.0,356.53,156,-88.0,-43.0,-0.56,346.5,
07:32:27,343.92,13.0,355.0,65.0,335.09,55.0,362.62,52.0,349.46,11.079999999999984,68.0,117.0,2.457502797557668,343.92,355.0,185,-49.0,29.0,-0.26,343.6,5.0
07:32:28,343.0,10.0,355.0,50.0,334.0,70.0,363.0,20.0,349.0,12.0,80.0,70.0,2.201254187958283,343.0,355.0,150,10.0,-35.0,0.07,343.6,
07:32:29,343.0,13.0,354.23,65.0,334.0,91.0,361.62,26.0,348.62,11.230000000000018,104.0,91.0,1.441381281966714,343.0,354.23,195,13.0,45.0,0.07,343.6,
07:32:30,346.0,21.0,352.9,69.0,343.0,15.0,356.22,32.0,349.45,6.899999999999977,36.0,101.0,0.8073537019199918,346.0,352.9,137,-65.0,-58.0,-0.47,346.0,1.0
07:32:31,346.0,11.0,350.18,33.0,343.0,11.0,352.0,11.0,348.09,4.180000000000007,22.0,44.0,0.5826062134957136,346.0,350.18,66,-22.0,-71.0,-0.33,346.0,
07:32:32,344.5,16.0,347.13,67.0,339.0,24.0,350.59,27.0,345.82,2.6299999999999955,40.0,94.0,1.4190947818957276,344.5,347.13,134,-54.0,68.0,-0.4,346.0,1.0
07:32:33,343.4,10.0,346.87,30.0,338.5,16.0,356.0,16.0,345.13,3.4700000000000277,26.0,46.0,1.8583514199428264,343.4,346.87,72,-20.0,-62.0,-0.28,344.0,1.0
07:32:34,343.0,13.0,348.44,25.0,337.0,26.0,348.93,30.0,345.72,5.439999999999998,39.0,55.0,1.843466842664488,343.0,348.44,94,-16.0,22.0,-0.17,344.0,
07:32:35,343.56,16.0,345.62,26.0,339.35,23.0,347.71,34.0,344.59,2.0600000000000023,39.0,60.0,1.335982784321442,343.56,345.62,99,-21.0,5.0,-0.21,344.0,
07:32:36,342.94,17.0,346.47,17.0,341.33,18.0,347.98,61.0,344.71,3.5300000000000296,35.0,78.0,0.5638528176778289,342.94,346.47,113,-43.0,14.0,-0.38,344.25,4.0
07:32:37,336.88,34.0,343.9,21.0,333.19,43.0,347.48,54.0,340.39,7.019999999999982,77.0,75.0,2.1249282340830127,336.88,343.9,152,2.0,39.0,0.01,344.25,
07:32:38,335.71,77.0,338.13,55.0,333.65,49.0,342.22,45.0,336.92,2.420000000000016,126.0,100.0,3.714946836766704,335.71,338.13000000000005,226,26.0,74.0,0.12,336.0,1.0
07:32:39,336.87,90.0,350.97,73.0,334.43,42.0,352.63,97.0,343.92,14.100000000000025,132.0,170.0,3.394146431726667,336.87,350.97,302,-38.0,76.0,-0.13,337.0,4.0
07:32:40,337.78,108.0,348.29,59.0,334.09,66.0,349.45,67.0,343.03,10.510000000000048,174.0,126.0,3.173236518131422,337.78,348.29,300,48.0,-2.0,0.16,337.0,
07:32:41,338.0,65.0,345.8,45.0,333.0,75.0,349.0,90.0,341.9,7.800000000000011,140.0,135.0,2.748030203619087,338.0,345.8,275,5.0,-25.0,0.02,338.0,5.0
07:32:42,338.22,9.0,345.0,27.0,333.0,45.0,349.0,22.0,341.61,6.779999999999973,54.0,49.0,2.7084552793064103,338.22,345.0,103,5.0,-172.0,0.05,338.0,
07:32:43,340.38,16.0,344.44,48.0,336.49,63.0,349.0,32.0,342.41,4.060000000000002,79.0,80.0,0.9260291572098552,340.38,344.44,159,-1.0,56.0,-0.01,338.0,
07:32:44,338.03,32.0,343.5,60.0,337.29,62.0,346.0,50.0,340.77,5.470000000000027,94.0,110.0,0.8497529052629434,338.03,343.5,204,-16.0,45.0,-0.08,342.0,1.0
07:32:45,331.92,87.0,340.16,43.0,330.0,17.0,342.73,59.0,336.04,8.240000000000009,104.0,102.0,2.588151850259716,331.92,340.16,206,2.0,2.0,0.01,339.14,7.0
07:32:46,332.0,136.0,339.5,44.0,328.0,17.0,340.47,64.0,335.75,7.5,153.0,108.0,3.177967904180713,332.0,339.5,261,45.0,55.0,0.17,339.14,
07:32:47,332.95,152.0,337.65,74.0,327.09,35.0,338.52,42.0,335.3,4.699999999999989,187.0,116.0,3.2901565312310925,332.95,337.65,303,71.0,42.0,0.23,339.14,
07:32:48,333.03,91.0,335.0,68.0,330.51,41.0,336.86,56.0,334.02,1.9700000000000275,132.0,124.0,2.5749038817017005,333.03,335.0,256,8.0,-47.0,0.03,334.5,2.0
07:32:49,333.74,118.0,335.16,49.0,326.69,16.0,337.5,64.0,334.45,1.420000000000016,134.0,113.0,0.8564870109945986,333.74,335.16,247,21.0,-9.0,0.09,334.75,4.0
07:32:50,328.6,50.0,340.86,57.0,326.29,14.0,347.18,62.0,334.73,12.259999999999993,64.0,119.0,0.6847992406555535,328.6,340.86,183,-55.0,-64.0,-0.3,341.0,8.0
07:32:51,329.93,60.0,345.0,93.0,325.33,15.0,346.0,75.0,337.47,15.069999999999991,75.0,168.0,1.3544851420382935,329.93,345.0,243,-93.0,60.0,-0.38,341.0,
07:32:52,332.0,56.0,345.0,73.0,323.47,17.0,346.0,70.0,338.5,13.0,73.0,143.0,2.013015151458767,332.0,345.0,216,-70.0,-27.0,-0.32,341.0,
07:32:53,332.96,46.0,345.0,73.0,327.0,14.0,346.0,70.0,338.98,12.04000000000002,60.0,143.0,2.115143021169668,332.96,345.0,203,-83.0,-13.0,-0.41,333.0,1.0
07:32:54,334.94,51.0,344.08,25.0,330.84,73.0,345.12,85.0,339.51,9.139999999999986,124.0,110.0,1.8929527199597305,334.94,344.08,234,14.0,31.0,0.06,333.0,
07:32:55,338.0,45.0,341.13,15.0,331.0,75.0,347.3,100.0,339.57,3.1299999999999955,120.0,115.0,0.8643089725342306,338.0,341.13,235,5.0,1.0,0.02,340.0,1.0
07:32:56,342.09,99.0,348.0,85.0,334.48,69.0,349.0,85.0,345.05,5.910000000000025,168.0,170.0,2.678594780851261,342.09,348.0,338,-2.0,103.0,-0.01,340.0,
07:32:57,343.92,108.0,348.0,70.0,342.65,60.0,349.59,61.0,345.96,4.079999999999984,168.0,131.0,3.392510869548388,343.92,348.0,299,37.0,-39.0,0.12,340.0,
07:32:58,345.11,106.0,348.0,80.0,343.76,114.0,349.4,40.0,346.56,2.8899999999999864,220.0,120.0,3.501364019922008,345.11,348.0,340,100.0,41.0,0.29,345.6,5.0
07:32:59,345.67,63.0,348.0,45.0,343.0,81.0,349.0,18.0,346.83,2.329999999999984,144.0,63.0,2.9991382095536743,345.67,348.0,207,81.0,-133.0,0.39,345.6,
07:33:00,346.0,209.0,348.0,55.0,343.0,99.0,349.0,22.0,347.0,2.0,308.0,77.0,0.7928745171874705,346.0,348.0,385,231.0,178.0,0.6,345.6,
07:33:01,346.0,230.0,348.0,75.0,343.0,135.0,349.0,30.0,347.0,2.0,365.0,105.0,0.4357751713962347,346.0,348.0,470,260.0,85.0,0.55,346.0,5.0
07:33:02,346.03,116.0,348.0,50.0,343.75,96.0,349.0,20.0,347.02,1.9700000000000275,212.0,70.0,0.1957549488659035,346.03,348.0,282,142.0,-184.0,0.5,346.0,
07:33:03,346.0,117.0,347.71,35.0,343.0,90.0,348.78,23.0,346.86,1.7099999999999795,207.0,58.0,0.0895544527397513,346.0,347.71,265,149.0,-17.0,0.56,346.4,5.0
07:33:04,346.0,64.0,348.36,22.0,345.0,24.0,350.45,31.0,347.18,2.3600000000000136,88.0,53.0,0.1136661779314525,346.0,348.36,141,35.0,-124.0,0.25,346.0,6.0
07:33:05,346.0,28.0,350.0,50.0,343.67,54.0,353.6,50.0,348.0,4.0,82.0,100.0,0.4548846007567613,346.0,350.0,182,-18.0,41.0,-0.1,346.0,3.0
07:33:06,349.0,24.0,350.0,60.0,345.0,36.0,356.0,60.0,349.5,1.0,60.0,120.0,1.0917508873391732,349.0,350.0,180,-60.0,-2.0,-0.33,346.0,
07:33:07,349.0,24.0,350.0,60.0,345.0,36.0,356.0,60.0,349.5,1.0,60.0,120.0,1.2505678710114467,349.0,350.0,180,-60.0,0.0,-0.33,346.0,
07:33:08,349.0,12.0,350.0,30.0,345.0,18.0,353.33,15.0,349.5,1.0,30.0,45.0,1.085578186961398,349.0,350.0,75,-15.0,-105.0,-0.2,346.0,
07:33:09,349.0,18.0,350.0,45.0,345.0,27.0,352.0,18.0,349.5,1.0,45.0,63.0,0.6708203932549093,349.0,350.0,108,-18.0,33.0,-0.17,346.0,
07:33:10,349.0,18.0,350.0,45.0,345.0,27.0,352.0,18.0,349.5,1.0,45.0,63.0,0.0,349.0,350.0,108,-18.0,0.0,-0.17,346.0,
07:33:11,344.5,28.0,350.0,36.0,339.58,36.0,352.0,16.0,347.25,5.5,64.0,52.0,1.0062305898781834,344.5,350.0,116,12.0,8.0,0.1,345.57,7.0
07:33:12,343.18,66.0,350.0,27.0,339.09,69.0,352.0,18.0,346.59,6.819999999999993,135.0,45.0,1.4322604511771957,343.18,350.0,180,90.0,64.0,0.5,345.57,
07:33:13,345.75,16.0,350.0,12.0,343.0,56.0,352.0,8.0,347.88,4.25,72.0,20.0,1.3192156760765612,345.75,350.0,92,52.0,-88.0,0.57,345.57,
07:33:14,347.7,30.0,350.0,30.0,346.0,40.0,352.0,20.0,348.85,2.300000000000012,70.0,50.0,1.1764905439509814,347.7,350.0,120,20.0,28.0,0.17,345.57,
07:33:15,348.0,21.0,350.0,30.0,346.0,40.0,352.0,20.0,349.0,2.0,61.0,50.0,1.030839463741094,348.0,350.0,111,11.0,-9.0,0.1,348.0,1.0
07:33:16,348.58,38.0,350.0,51.0,343.57,77.0,352.0,34.0,349.29,1.420000000000016,115.0,85.0,1.1034808562028966,348.58,350.0,200,30.0,89.0,0.15,349.0,4.0
07:33:17,345.85,20.0,349.08,26.0,342.82,66.0,351.2,20.0,347.46,3.2299999999999613,86.0,46.0,0.7846209275862819,345.85,349.08,132,40.0,-68.0,0.3,350.0,2.0
07:33:18,346.87,69.0,348.0,30.0,343.35,51.0,352.0,78.0,347.43,1.1299999999999957,120.0,108.0,0.8914763036706609,346.87,348.0,228,12.0,96.0,0.05,350.0,
07:33:19,347.0,39.0,348.0,26.0,346.0,13.0,352.64,56.0,347.5,1.0,52.0,82.0,0.9271084079039276,347.0,348.0,134,-30.0,-94.0,-0.22,350.0,
07:33:20,346.98,49.0,349.11,38.0,345.64,25.0,355.03,97.0,348.04,2.1299999999999955,74.0,135.0,0.7931771554993602,346.98,349.11,209,-61.0,75.0,-0.29,348.0,2.0
07:33:21,347.0,14.0,355.0,84.0,345.27,62.0,358.0,14.0,351.0,8.0,76.0,98.0,1.5377841200917102,347.0,355.0,174,-22.0,-35.0,-0.13,348.0,
07:33:22,348.36,11.0,354.92,65.0,346.0,22.0,356.88,16.0,351.64,6.560000000000002,33.0,81.0,2.0329584353858947,348.36,354.92,114,-48.0,-60.0,-0.42,348.0,
07:33:23,349.0,13.0,352.96,57.0,346.0,26.0,354.39,66.0,350.98,3.95999999999998,39.0,123.0,1.9105287226333636,349.0,352.96,162,-84.0,48.0,-0.52,348.0,
07:33:24,349.93,68.0,351.43,42.0,347.42,19.0,353.0,70.0,350.68,1.5,87.0,112.0,1.4016847006397066,349.93,351.43,199,-25.0,37.0,-0.13,348.0,
07:33:25,349.68,34.0,352.47,78.0,346.56,27.0,357.99,77.0,351.08,2.7900000000000205,61.0,155.0,0.3499714274162834,349.68,352.47,216,-94.0,17.0,-0.44,351.0,3.0
07:33:26,349.98,65.0,351.63,87.0,345.78,69.0,357.62,48.0,350.81,1.6499999999999773,134.0,135.0,0.3700270260504839,349.98,351.63,269,-1.0,53.0,-0.0,350.6,5.0
07:33:27,346.0,30.0,356.89,18.0,345.0,135.0,358.33,36.0,351.44,10.889999999999986,165.0,54.0,0.2910670026089261,346.0,356.89,219,111.0,-50.0,0.51,350.6,
07:33:28,346.23,26.0,355.21,14.0,345.02,104.0,357.43,28.0,350.72,8.979999999999961,130.0,42.0,0.3171435006549873,346.23,355.21,172,88.0,-47.0,0.51,350.6,
07:33:29,349.0,16.0,355.0,16.0,346.0,32.0,357.22,36.0,352.0,6.0,48.0,52.0,0.5229722746072782,349.0,355.0,100,-4.0,-72.0,-0.04,350.6,
07:33:30,349.0,15.0,354.27,15.0,346.0,30.0,358.06,63.0,351.63,5.269999999999982,45.0,78.0,0.546122696843843,349.0,354.2699999999999,123,-33.0,23.0,-0.27,350.6,
07:33:31,349.0,14.0,352.43,14.0,346.0,28.0,357.5,32.0,350.71,3.430000000000007,42.0,46.0,0.570745127012039,349.0,352.43,88,-4.0,-35.0,-0.05,350.6,
07:33:32,346.72,29.0,350.18,22.0,345.08,168.0,353.79,28.0,348.45,3.4599999999999795,197.0,50.0,1.38002536208853,346.72,350.18,247,147.0,159.0,0.6,349.0,1.0
07:33:33,345.19,113.0,348.09,33.0,344.91,161.0,349.29,21.0,346.64,2.8999999999999773,274.0,54.0,2.2796995416078523,345.19,348.09,328,220.0,81.0,0.67,345.67,3.0
07:33:34,345.0,167.0,346.91,22.0,343.0,13.0,354.31,29.0,345.95,1.910000000000025,180.0,51.0,2.474404978981068,345.0,346.91,231,129.0,-97.0,0.56,345.0,1.0
07:33:35,345.0,144.0,346.0,24.0,343.0,12.0,361.0,84.0,345.5,1.0,156.0,108.0,2.1410394671760704,345.0,346.0,264,48.0,33.0,0.18,345.0,
07:33:36,345.04,47.0,357.67,45.0,343.67,12.0,361.36,55.0,351.35,12.629999999999995,59.0,100.0,2.3893869506644942,345.04,357.67,159,-41.0,-105.0,-0.26,345.0,10.0
07:33:37,346.0,15.0,361.0,105.0,345.0,30.0,362.52,67.0,353.5,15.0,45.0,172.0,3.607141527581977,346.0,361.0,217,-127.0,58.0,-0.59,345.0,
07:33:38,346.0,11.0,361.0,77.0,345.0,22.0,363.0,55.0,353.5,15.0,33.0,132.0,3.96758742814916,346.0,361.0,165,-99.0,-52.0,-0.6,345.0,
07:33:39,346.0,14.0,361.0,98.0,345.0,28.0,363.0,70.0,353.5,15.0,42.0,168.0,3.4647510733107763,346.0,361.0,210,-126.0,45.0,-0.6,345.0,
07:33:40,346.62,26.0,359.73,48.0,345.29,28.0,361.25,44.0,353.17,13.110000000000014,54.0,92.0,0.935590722489883,346.62,359.73,146,-38.0,-64.0,-0.26,345.0,
07:33:41,348.08,25.0,358.23,22.0,347.83,23.0,359.25,44.0,353.15,10.150000000000034,48.0,66.0,0.1863598669494088,348.08,358.23,114,-18.0,-32.0,-0.16,345.0,
07:33:42,349.33,24.0,355.75,16.0,347.0,32.0,359.88,120.0,352.54,6.420000000000016,56.0,136.0,0.3921351807849872,349.33,355.75,192,-80.0,78.0,-0.42,350.0,1.0
07:33:43,349.0,16.0,355.0,8.0,345.0,16.0,360.46,26.0,352.0,6.0,32.0,34.0,0.5981387798906553,349.0,355.0,66,-2.0,-126.0,-0.03,350.0,
07:33:44,349.0,20.0,354.5,10.0,345.0,20.0,360.0,30.0,351.75,5.5,40.0,40.0,0.6486678657131579,349.0,354.5,80,0.0,14.0,0.0,350.0,
07:33:45,343.83,29.0,353.53,15.0,339.52,66.0,360.87,45.0,348.68,9.699999999999989,95.0,60.0,1.7314820241655022,343.83,353.53,155,35.0,75.0,0.23,342.6,10.0
07:33:46,338.0,120.0,347.6,15.0,334.0,36.0,358.33,27.0,342.8,9.600000000000025,156.0,42.0,4.065154363613624,338.0,347.6,198,114.0,43.0,0.58,342.6,
07:33:47,338.0,80.0,351.0,10.0,334.0,40.0,356.57,37.0,344.5,13.0,120.0,47.0,4.177329290348776,338.0,351.0,167,73.0,-31.0,0.44,344.0,1.0
07:33:48,338.0,88.0,350.0,11.0,334.0,30.0,354.69,48.0,344.0,12.0,118.0,59.0,3.746208750190615,338.0,350.0,177,59.0,10.0,0.33,344.0,
07:33:49,338.94,70.0,349.48,21.0,337.63,60.0,352.06,66.0,344.21,10.54000000000002,130.0,87.0,2.2430604093523,338.94,349.48,217,43.0,40.0,0.2,344.0,
07:33:50,342.54,39.0,346.31,13.0,340.85,39.0,351.0,52.0,344.42,3.769999999999982,78.0,65.0,0.6909269136479834,342.54,346.31,143,13.0,-74.0,0.09,344.0,
07:33:51,343.0,21.0,346.0,7.0,337.79,38.0,351.0,28.0,344.5,3.0,59.0,35.0,0.2174396468066207,343.0,346.0,94,24.0,-49.0,0.26,344.0,
07:33:52,343.0,32.0,344.75,12.0,337.05,93.0,352.14,42.0,343.88,1.75,125.0,54.0,0.2649905658760023,343.0,344.75,179,71.0,85.0,0.4,343.0,2.0
07:33:53,336.22,41.0,353.32,37.0,290.36,36.0,354.46,39.0,344.77,17.099999999999966,77.0,76.0,0.3332116444595053,336.22,353.32,153,1.0,-26.0,0.01,337.33,3.0
07:33:54,326.0,9.0,354.0,27.0,206.06,32.0,355.0,27.0,340.0,28.0,41.0,54.0,1.9907737189351051,326.0,354.0,95,-13.0,-58.0,-0.14,337.33,
07:33:55,326.0,77.0,346.83,23.0,252.2,35.0,353.09,33.0,336.41,20.829999999999984,112.0,56.0,3.628590635494891,326.0,346.83,168,56.0,73.0,0.33,333.0,1.0
07:33:56,337.8,30.0,350.0,33.0,331.0,66.0,352.27,33.0,343.9,12.199999999999989,96.0,66.0,3.5301940456582668,337.8,350.0,162,30.0,-6.0,0.19,333.0,
07:33:57,338.0,33.0,349.7,33.0,337.0,30.0,353.24,29.0,343.85,11.699999999999989,63.0,62.0,3.525780764596847,338.0,349.7,125,1.0,-37.0,0.01,333.0,
07:33:58,339.26,23.0,341.83,60.0,338.03,38.0,345.95,81.0,340.55,2.569999999999993,61.0,141.0,3.1139315984780915,339.26,341.83,202,-80.0,77.0,-0.4,333.0,
07:33:59,339.78,18.0,341.67,30.0,334.08,13.0,343.56,41.0,340.72,1.8900000000000432,31.0,71.0,3.0758949917057405,339.78,341.67,102,-40.0,-100.0,-0.39,340.0,3.0
07:34:00,339.93,15.0,346.0,44.0,331.43,21.0,350.81,47.0,342.97,6.069999999999993,36.0,91.0,1.6524436450305244,339.93,346.0,127,-55.0,25.0,-0.43,340.0,
07:34:01,341.0,45.0,346.0,29.0,340.0,9.0,351.0,33.0,343.5,5.0,54.0,62.0,1.569130332382146,341.0,346.0,116,-8.0,-11.0,-0.07,346.0,1.0
07:34:02,341.1,62.0,346.0,37.0,340.19,37.0,351.0,75.0,343.55,4.899999999999977,99.0,112.0,1.5001233282639264,341.1,346.0,211,-13.0,95.0,-0.06,342.2,5.0
07:34:03,345.0,33.0,350.35,46.0,342.0,55.0,352.23,39.0,347.67,5.350000000000023,88.0,85.0,2.5117264978502334,345.0,350.35,173,3.0,-38.0,0.02,346.0,2.0
07:34:04,346.83,60.0,351.0,60.0,345.0,36.0,353.0,36.0,348.92,4.170000000000016,96.0,96.0,2.7590886176425524,346.83,351.0,192,0.0,19.0,0.0,346.0,
07:34:05,349.0,43.0,351.0,55.0,345.0,33.0,386.75,48.0,350.0,2.0,76.0,103.0,3.0380042791289976,349.0,351.0,179,-27.0,-13.0,-0.15,349.0,4.0
07:34:06,349.77,13.0,351.0,65.0,345.0,39.0,353.0,65.0,350.38,1.2300000000000182,52.0,130.0,2.7553638598209584,349.77000000000004,351.0,182,-78.0,3.0,-0.43,349.0,
07:34:07,345.0,30.0,351.0,40.0,338.09,47.0,353.0,50.0,348.0,6.0,77.0,90.0,1.1915871768395223,345.0,351.0,167,-13.0,-15.0,-0.08,351.0,1.0
07:34:08,345.41,39.0,351.0,36.0,343.83,24.0,353.0,45.0,348.21,5.589999999999975,63.0,81.0,1.058640637803273,345.41,351.0,144,-18.0,-23.0,-0.12,351.0,
07:34:09,349.0,14.0,351.0,28.0,345.0,35.0,352.76,33.0,350.0,2.0,49.0,61.0,1.1205891307739646,349.0,351.0,110,-12.0,-34.0,-0.11,347.67,3.0
07:34:10,345.0,32.0,351.0,32.0,343.0,16.0,353.0,40.0,348.0,6.0,48.0,72.0,1.172058019045269,345.0,351.0,120,-24.0,10.0,-0.2,347.67,
07:34:11,345.0,56.0,348.05,64.0,343.0,28.0,349.4,62.0,346.52,3.050000000000012,84.0,126.0,1.2377317964759087,345.0,348.05,210,-42.0,90.0,-0.2,347.67,
07:34:12,343.52,27.0,346.97,60.0,338.34,118.0,348.86,58.0,345.24,3.450000000000045,145.0,118.0,1.8047105031020452,343.52,346.97,263,27.0,53.0,0.1,345.0,4.0
07:34:13,343.0,28.0,345.71,56.0,338.1,148.0,347.43,56.0,344.36,2.7099999999999795,176.0,112.0,2.2440320853334423,343.0,345.71,288,64.0,25.0,0.22,345.0,
07:34:14,343.67,36.0,345.42,48.0,338.77,78.0,349.3,53.0,344.54,1.75,114.0,101.0,1.5256211849619672,343.67,345.42,215,13.0,-73.0,0.06,344.0,4.0
07:34:15,343.0,26.0,346.0,52.0,338.07,123.0,354.55,29.0,344.5,3.0,149.0,81.0,0.8991774018534949,343.0,346.0,230,68.0,15.0,0.3,344.0,
07:34:16,343.0,20.0,344.9,40.0,337.87,90.0,346.35,34.0,343.95,1.8999999999999773,110.0,74.0,0.4662831757671636,343.0,344.9,184,36.0,-46.0,0.2,344.0,
07:34:17,343.0,18.0,344.0,36.0,338.83,41.0,345.0,36.0,343.5,1.0,59.0,72.0,0.4413615298178791,343.0,344.0,131,-13.0,-53.0,-0.1,344.0,
07:34:18,340.33,30.0,343.35,69.0,337.0,35.0,344.4,60.0,341.84,3.0200000000000387,65.0,129.0,1.1070140017193526,340.33,343.35,194,-64.0,63.0,-0.33,340.6,5.0
07:34:19,339.0,32.0,341.18,79.0,332.56,16.0,342.32,65.0,340.09,2.180000000000007,48.0,144.0,1.8003694065390514,339.0,341.18,192,-96.0,-2.0,-0.5,340.6,
07:34:20,333.4,20.0,339.69,58.0,329.18,34.0,340.78,82.0,336.54,6.2900000000000205,54.0,140.0,3.008675788449131,333.4,339.69,194,-86.0,2.0,-0.44,339.0,3.0
07:34:21,333.13,23.0,337.03,73.0,330.48,25.0,338.41,29.0,335.08,3.899999999999977,48.0,102.0,3.5384035948430483,333.13,337.03,150,-54.0,-44.0,-0.36,338.0,3.0
07:34:22,335.65,20.0,345.0,80.0,331.89,36.0,352.48,123.0,340.32,9.350000000000025,56.0,203.0,2.835432947540377,335.65,345.0,259,-147.0,109.0,-0.57,336.17,6.0
07:34:23,343.88,59.0,348.0,76.0,339.52,27.0,353.0,171.0,345.94,4.1200000000000045,86.0,247.0,4.205589138277584,343.88,348.0,333,-161.0,74.0,-0.48,344.0,4.0
07:34:24,342.0,21.0,348.0,44.0,337.12,16.0,353.0,99.0,345.0,6.0,37.0,143.0,4.870962943812993,342.0,348.0,180,-106.0,-153.0,-0.59,343.2,5.0
07:34:25,338.0,6.0,348.0,24.0,329.67,6.0,353.0,54.0,343.0,10.0,12.0,78.0,4.363063144168396,338.0,348.0,90,-66.0,-90.0,-0.73,343.2,
07:34:26,342.48,25.0,348.0,44.0,331.45,11.0,353.0,99.0,345.24,5.519999999999982,36.0,143.0,2.280000000000577,342.48,348.0,179,-107.0,89.0,-0.6,343.2,
07:34:27,346.69,13.0,348.0,46.0,345.04,85.0,353.0,117.0,347.35,1.3100000000000025,98.0,163.0,1.580784615311041,346.69,348.0,261,-65.0,82.0,-0.25,348.0,1.0
07:34:28,345.02,82.0,347.9,30.0,333.9,30.0,353.0,90.0,346.46,2.8799999999999955,112.0,120.0,1.648575142359055,345.02,347.9,232,-8.0,-29.0,-0.03,347.0,1.0
07:34:29,345.0,90.0,347.0,30.0,331.62,13.0,351.4,45.0,346.0,2.0,103.0,75.0,1.6470579831943963,345.0,347.0,178,28.0,-54.0,0.16,347.0,
07:34:30,345.0,90.0,346.0,30.0,333.0,10.0,352.91,44.0,345.5,1.0,100.0,74.0,0.8368392916235048,345.0,346.0,174,26.0,-4.0,0.15,347.0,
07:34:31,345.0,87.0,353.19,89.0,330.0,21.0,356.5,64.0,349.1,8.189999999999998,108.0,153.0,1.41460948675097,345.0,353.19,261,-45.0,87.0,-0.17,345.0,3.0
07:34:32,345.0,72.0,353.77,47.0,329.0,24.0,355.54,52.0,349.38,8.769999999999982,96.0,99.0,1.8166782874263376,345.0,353.77,195,-3.0,-66.0,-0.02,345.0,
07:34:33,345.08,85.0,350.07,14.0,332.35,31.0,357.2,120.0,347.58,4.990000000000009,116.0,134.0,1.7571340301771328,345.08,350.07,250,-18.0,55.0,-0.07,345.0,
07:34:34,346.52,138.0,349.11,47.0,344.56,118.0,355.99,123.0,347.81,2.590000000000032,256.0,170.0,1.5409023330526008,346.52,349.11,426,86.0,176.0,0.2,347.75,4.0
07:34:35,346.07,42.0,353.08,48.0,344.19,64.0,356.0,48.0,349.58,7.009999999999991,106.0,96.0,0.927739187491784,346.07,353.08,202,10.0,-184.0,0.05,347.75,
07:34:36,345.83,54.0,354.0,60.0,340.41,56.0,356.0,60.0,349.92,8.170000000000016,110.0,120.0,1.078554588330194,345.83,354.0,230,-10.0,28.0,-0.04,346.8,5.0
07:34:37,345.0,44.0,354.0,44.0,334.0,22.0,356.0,44.0,349.5,9.0,66.0,88.0,1.094403947365023,345.0,354.0,154,-22.0,-76.0,-0.14,346.8,
07:34:38,345.0,20.0,354.0,20.0,334.0,10.0,356.0,26.0,349.5,9.0,30.0,46.0,0.8300120481104958,345.0,354.0,76,-16.0,-78.0,-0.21,346.8,
07:34:39,345.0,16.0,350.92,26.0,335.5,12.0,355.56,36.0,347.96,5.920000000000016,28.0,62.0,0.7645390768355924,345.0,350.92,90,-34.0,14.0,-0.38,345.0,2.0
07:34:40,345.0,22.0,346.0,55.0,337.0,22.0,354.0,44.0,345.5,1.0,44.0,99.0,1.8238092005491329,345.0,346.0,143,-55.0,53.0,-0.38,345.0,
07:34:41,335.66,35.0,346.0,53.0,332.64,44.0,354.0,52.0,340.83,10.339999999999977,79.0,105.0,3.645397097711809,335.66,346.0,184,-26.0,41.0,-0.14,342.0,5.0
07:34:42,332.0,45.0,345.88,32.0,330.0,18.0,352.22,36.0,338.94,13.879999999999995,63.0,68.0,4.53716651667131,332.0,345.88,131,-5.0,-53.0,-0.04,342.0,
07:34:43,332.0,70.0,344.12,17.0,330.0,28.0,345.35,34.0,338.06,12.120000000000005,98.0,51.0,4.292286104164148,332.0,344.12,149,47.0,18.0,0.32,342.0,
07:34:44,334.26,121.0,341.44,18.0,331.49,47.0,344.29,21.0,337.85,7.180000000000007,168.0,39.0,3.168995108863107,334.26,341.44,207,129.0,58.0,0.62,342.0,
07:34:45,335.48,142.0,350.11,76.0,333.74,96.0,394.84,55.0,342.79,14.629999999999995,238.0,131.0,2.09251762238642,335.48,350.11,369,107.0,162.0,0.29,344.0,7.0
07:34:46,349.0,28.0,350.0,56.0,336.92,50.0,353.71,56.0,349.5,1.0,78.0,112.0,4.93325146328461,349.0,350.0,190,-34.0,-179.0,-0.18,344.0,
07:34:47,349.0,20.0,350.0,40.0,335.0,130.0,354.0,40.0,349.5,1.0,150.0,80.0,5.788181925268251,349.0,350.0,230,70.0,40.0,0.3,344.0,
07:34:48,342.26,27.0,350.0,32.0,334.69,97.0,354.0,32.0,346.13,7.740000000000009,124.0,64.0,4.941278174724011,342.26,350.0,188,60.0,-42.0,0.32,349.0,2.0
07:34:49,335.03,161.0,342.38,52.0,330.94,69.0,350.15,52.0,338.71,7.350000000000023,230.0,104.0,4.628545127791698,335.03,342.38,334,126.0,146.0,0.38,336.0,5.0
07:34:50,335.0,182.0,337.5,28.0,330.79,28.0,339.0,56.0,336.25,2.5,210.0,84.0,6.186313118490117,335.0,337.5,294,126.0,-40.0,0.43,336.0,
07:34:51,335.07,137.0,337.53,30.0,333.04,70.0,340.54,52.0,336.3,2.4599999999999795,207.0,82.0,6.077603968670556,335.07,337.53,289,125.0,-5.0,0.43,337.0,2.0
07:34:52,331.75,16.0,339.0,32.0,330.32,38.0,349.0,32.0,335.38,7.25,54.0,64.0,4.412576344948302,331.75,339.0,118,-10.0,-171.0,-0.08,337.0,
07:34:53,333.0,22.0,339.0,44.0,329.82,44.0,348.31,42.0,336.0,6.0,66.0,86.0,1.2734873379800136,333.0,339.0,152,-20.0,34.0,-0.13,337.0,
07:34:54,329.0,195.0,338.59,51.0,327.0,30.0,346.09,66.0,333.79,9.589999999999977,225.0,117.0,1.0465801450411971,329.0,338.59,342,108.0,184.0,0.32,333.0,2.0
07:34:55,329.71,34.0,336.42,19.0,328.12,59.0,342.14,43.0,333.06,6.710000000000036,93.0,62.0,1.4157965955580665,329.71,336.42,155,31.0,-184.0,0.2,332.0,1.0
07:34:56,327.53,34.0,338.21,57.0,325.37,54.0,346.61,69.0,332.87,10.680000000000009,88.0,126.0,1.4024086422983493,327.53,338.21,214,-38.0,59.0,-0.18,332.0,
07:34:57,328.53,45.0,339.0,60.0,325.0,60.0,346.0,75.0,333.77,10.470000000000027,105.0,135.0,1.2455400435123591,328.53,339.0,240,-30.0,26.0,-0.12,332.0,
07:34:58,329.8,35.0,339.0,26.0,325.6,45.0,346.0,60.0,334.4,9.199999999999989,80.0,86.0,0.6178753919621834,329.8,339.0,166,-6.0,-74.0,-0.04,339.0,2.0
07:34:59,332.0,36.0,338.91,22.0,325.46,52.0,343.8,49.0,335.45,6.910000000000025,88.0,71.0,1.0530194680027365,332.0,338.91,159,17.0,-7.0,0.11,339.0,
07:35:00,330.31,48.0,338.86,14.0,322.89,132.0,341.82,68.0,334.58,8.550000000000011,180.0,82.0,0.9617328111243154,330.31,338.86,262,98.0,103.0,0.37,334.6,5.0
07:35:01,323.0,117.0,339.81,27.0,322.0,173.0,344.54,56.0,331.41,16.810000000000002,290.0,83.0,1.527209874245441,323.0,339.81,373,207.0,111.0,0.55,341.4,5.0
07:35:02,331.57,53.0,344.69,29.0,323.88,110.0,345.56,81.0,338.13,13.120000000000005,163.0,110.0,2.4089271470913296,331.57,344.69,273,53.0,-100.0,0.19,338.67,9.0
07:35:03,341.0,33.0,345.0,44.0,325.0,99.0,346.0,55.0,343.0,4.0,132.0,99.0,4.347496981021953,341.0,345.0,231,33.0,-42.0,0.14,338.67,
07:35:04,328.08,78.0,344.33,42.0,324.33,136.0,366.68,50.0,336.21,16.25,214.0,92.0,4.314154610117157,328.08,344.33,306,122.0,75.0,0.4,341.0,3.0
07:35:05,325.0,90.0,331.0,10.0,324.0,130.0,343.71,35.0,328.0,6.0,220.0,45.0,5.842443837983714,325.0,331.0,265,175.0,-41.0,0.66,341.0,
07:35:06,325.0,108.0,331.0,12.0,323.46,111.0,342.76,21.0,328.0,6.0,219.0,33.0,6.57095655137007,325.0,331.0,252,186.0,-13.0,0.74,341.0,
07:35:07,323.86,63.0,331.0,9.0,321.32,38.0,334.47,34.0,327.43,7.139999999999986,101.0,43.0,6.895924158515023,323.86,331.0,144,58.0,-108.0,0.4,341.0,
07:35:08,324.65,74.0,331.0,13.0,323.12,34.0,334.0,52.0,327.82,6.350000000000023,108.0,65.0,3.76268122486987,324.65,331.0,173,43.0,29.0,0.25,341.0,
07:35:09,326.45,22.0,331.0,11.0,322.74,70.0,334.0,44.0,328.73,4.550000000000011,92.0,55.0,0.4717308554535278,326.45,331.0,147,37.0,-26.0,0.25,341.0,
07:35:10,327.62,26.0,331.0,13.0,320.0,130.0,334.0,52.0,329.31,3.3799999999999955,156.0,65.0,0.7539031767986883,327.62,331.0,221,91.0,74.0,0.41,341.0,
07:35:11,328.0,32.0,330.88,17.0,320.0,120.0,332.32,73.0,329.44,2.8799999999999955,152.0,90.0,0.892933368167756,328.0,330.88,242,62.0,21.0,0.26,341.0,
07:35:12,328.25,24.0,330.0,24.0,320.0,72.0,331.0,12.0,329.12,1.75,96.0,36.0,0.6523266053042005,328.25,330.0,132,60.0,-110.0,0.45,341.0,
07:35:13,320.48,62.0,330.6,15.0,317.48,88.0,331.94,48.0,325.54,10.120000000000005,150.0,63.0,1.636511533716543,320.48,330.6,213,87.0,81.0,0.41,330.0,2.0
07:35:14,317.0,108.0,331.0,12.0,315.0,72.0,332.0,60.0,324.0,14.0,180.0,72.0,2.53742389048153,317.0,331.0,252,108.0,39.0,0.43,330.0,
07:35:15,319.44,86.0,331.23,13.0,316.05,76.0,332.15,54.0,325.34,11.79000000000002,162.0,67.0,2.441745277457433,319.44,331.23,229,95.0,-23.0,0.41,331.67,3.0
07:35:16,323.0,98.0,334.5,48.0,317.57,94.0,335.08,50.0,328.75,11.5,192.0,98.0,2.26006637070364,323.0,334.5,290,94.0,61.0,0.32,334.6,10.0
07:35:17,323.6,48.0,338.52,23.0,321.88,104.0,340.36,45.0,331.06,14.91999999999996,152.0,68.0,2.8902456642967094,323.6,338.52,220,84.0,-70.0,0.38,336.0,1.0
07:35:18,327.86,36.0,339.29,34.0,326.1,20.0,340.63,43.0,333.58,11.430000000000009,56.0,77.0,3.95750931773858,327.86,339.29,133,-21.0,-87.0,-0.16,339.0,3.0
07:35:19,329.06,31.0,338.31,39.0,328.21,29.0,339.8,30.0,333.69,9.25,60.0,69.0,3.523596174363615,329.06,338.31,129,-9.0,-4.0,-0.07,339.0,
07:35:20,332.94,33.0,337.8,45.0,331.33,27.0,339.9,40.0,335.37,4.860000000000014,60.0,85.0,2.595910244980011,332.94,337.8,145,-25.0,16.0,-0.17,339.0,
07:35:21,332.09,56.0,337.94,51.0,321.94,67.0,340.91,103.0,335.02,5.850000000000023,123.0,154.0,1.6960041273515685,332.09,337.94,277,-31.0,132.0,-0.11,337.0,3.0
07:35:22,322.14,14.0,341.37,51.0,320.8,30.0,342.38,91.0,331.76,19.230000000000015,44.0,142.0,1.4265447767223125,322.14,341.37,186,-98.0,-91.0,-0.53,337.0,
07:35:23,323.94,16.0,342.0,105.0,320.13,89.0,343.0,105.0,332.97,18.06,105.0,210.0,1.4839710239737085,323.94,342.0,315,-105.0,129.0,-0.33,337.0,
07:35:24,326.4,30.0,342.0,119.0,325.61,36.0,343.0,109.0,334.2,15.600000000000025,66.0,228.0,1.4952692065289346,326.4,342.0,294,-162.0,-21.0,-0.55,337.0,
07:35:25,334.17,42.0,342.0,149.0,333.3,70.0,344.03,58.0,338.08,7.829999999999984,112.0,207.0,2.3969313715653366,334.17,342.0,319,-95.0,25.0,-0.3,337.0,
07:35:26,339.55,58.0,341.85,80.0,335.87,92.0,344.06,67.0,340.7,2.300000000000012,150.0,147.0,3.733834490171592,339.55,341.85,297,3.0,-22.0,0.01,341.67,6.0
07:35:27,339.09,44.0,341.2,30.0,334.2,60.0,342.3,46.0,340.15,2.1100000000000136,104.0,76.0,3.48632327818236,339.09,341.2,180,28.0,-117.0,0.16,340.6,5.0
07:35:28,340.88,8.0,342.0,36.0,335.0,48.0,345.0,40.0,341.44,1.1200000000000043,56.0,76.0,2.916141286014393,340.88,342.0,132,-20.0,-48.0,-0.15,342.0,4.0
07:35:29,329.74,54.0,340.48,29.0,328.29,56.0,343.76,37.0,335.11,10.740000000000007,110.0,66.0,2.554335530034728,329.74,340.48,176,44.0,44.0,0.25,341.0,1.0
07:35:30,330.75,32.0,336.41,37.0,327.67,72.0,338.13,53.0,333.58,5.660000000000025,104.0,90.0,3.5861720538754147,330.75,336.41,194,14.0,18.0,0.07,341.0,
07:35:31,332.86,28.0,336.0,28.0,326.15,78.0,337.0,42.0,334.43,3.1399999999999864,106.0,70.0,3.587920010256059,332.86,336.0,176,36.0,-18.0,0.2,341.0,
07:35:32,334.24,34.0,336.32,53.0,324.41,122.0,342.21,70.0,335.28,2.079999999999984,156.0,123.0,3.131304839838332,334.24,336.32,279,33.0,103.0,0.12,335.33,6.0
07:35:33,330.0,38.0,337.0,34.0,321.97,178.0,345.0,92.0,333.5,7.0,216.0,126.0,0.8306322892793367,330.0,337.0,342,90.0,63.0,0.26,337.0,2.0
07:35:34,322.14,172.0,337.0,12.0,320.5,40.0,344.68,75.0,329.57,14.860000000000014,212.0,87.0,2.192297881217856,322.14,337.0,299,125.0,-43.0,0.42,337.0,
07:35:35,324.0,36.0,337.0,6.0,322.0,54.0,344.0,24.0,330.5,13.0,90.0,30.0,2.4958225097133173,324.0,337.0,120,60.0,-179.0,0.5,337.0,
07:35:36,323.75,48.0,337.0,12.0,322.15,66.0,344.0,48.0,330.38,13.25,114.0,60.0,2.4325459913413545,323.75,337.0,174,54.0,54.0,0.31,337.0,
07:35:37,323.0,44.0,340.11,18.0,322.0,54.0,344.23,52.0,331.56,17.110000000000014,98.0,70.0,1.5158232086857006,323.0,340.11,168,28.0,-6.0,0.17,337.0,1.0
07:35:38,323.0,34.0,332.75,32.0,322.0,20.0,341.21,38.0,327.88,9.75,54.0,70.0,1.369751802331017,323.0,332.75,124,-16.0,-44.0,-0.13,337.0,
07:35:39,323.0,12.0,329.0,14.0,322.0,12.0,330.0,24.0,326.0,6.0,24.0,38.0,2.2701277497066954,323.0,329.0,62,-14.0,-62.0,-0.23,329.0,2.0
07:35:40,323.0,16.0,329.0,8.0,321.05,37.0,330.0,32.0,326.0,6.0,53.0,40.0,2.534261233572329,323.0,329.0,93,13.0,31.0,0.14,329.0,
07:35:41,323.86,14.0,330.0,27.0,321.7,23.0,335.0,10.0,326.93,6.139999999999986,37.0,37.0,2.3076784871352696,323.86,330.0,74,0.0,-19.0,0.0,329.5,2.0
07:35:42,325.91,22.0,330.25,32.0,322.8,20.0,332.58,19.0,328.08,4.339999999999975,42.0,51.0,0.9928846861475296,325.91,330.25,93,-9.0,19.0,-0.1,330.0,3.0
07:35:43,327.2,10.0,331.0,20.0,321.0,5.0,341.0,5.0,329.1,3.8000000000000114,15.0,25.0,1.3541491793693063,327.2,331.0,40,-10.0,-53.0,-0.25,330.0,
07:35:44,323.31,26.0,331.0,34.0,317.89,19.0,341.0,10.0,327.15,7.689999999999998,45.0,44.0,1.1813424566935744,323.31,331.0,89,1.0,49.0,0.01,331.0,2.0
07:35:45,317.0,44.0,341.42,59.0,315.57,14.0,343.17,48.0,329.21,24.420000000000016,58.0,107.0,1.0610984874117628,317.0,341.42,165,-49.0,76.0,-0.3,334.33,3.0
07:35:46,319.6,15.0,341.0,117.0,317.55,44.0,343.38,52.0,330.3,21.399999999999977,59.0,169.0,1.1983196568480103,319.6,341.0,228,-110.0,63.0,-0.48,334.33,
07:35:47,321.44,9.0,340.53,51.0,320.29,14.0,341.39,61.0,330.99,19.08999999999997,23.0,112.0,1.4589551055426808,321.44,340.53,135,-89.0,-93.0,-0.66,334.33,
07:35:48,322.62,13.0,338.2,59.0,321.0,37.0,339.67,55.0,330.41,15.579999999999984,50.0,114.0,1.5192169035359588,322.62,338.2,164,-64.0,29.0,-0.39,334.33,
07:35:49,324.81,16.0,336.25,64.0,321.5,48.0,337.32,71.0,330.53,11.439999999999998,64.0,135.0,0.6573583497531421,324.81,336.25,199,-71.0,35.0,-0.36,334.33,
07:35:50,328.13,15.0,334.2,60.0,326.07,15.0,335.2,60.0,331.17,6.069999999999993,30.0,120.0,0.3794733192078932,328.13,334.2,150,-90.0,-49.0,-0.6,334.33,
07:35:51,329.23,13.0,332.8,45.0,322.74,19.0,335.66,53.0,331.02,3.569999999999993,32.0,98.0,0.332986486198524,329.23,332.8,130,-66.0,-20.0,-0.51,332.0,5.0
07:35:52,320.0,26.0,332.1,31.0,318.2,60.0,336.1,58.0,326.05,12.100000000000025,86.0,89.0,2.140462566827449,320.0,332.1,175,-3.0,45.0,-0.02,332.0,
07:35:53,320.0,14.0,331.4,10.0,318.0,27.0,336.0,28.0,325.7,11.399999999999975,41.0,38.0,2.768867999740756,320.0,331.4,79,3.0,-96.0,0.04,331.67,3.0
07:35:54,320.0,22.0,339.67,42.0,318.0,25.0,340.93,54.0,329.83,19.670000000000016,47.0,96.0,2.6817960399680305,320.0,339.67,143,-49.0,64.0,-0.34,333.0,2.0
07:35:55,318.06,67.0,338.27,55.0,313.19,81.0,343.36,56.0,328.17,20.20999999999998,148.0,111.0,2.3169009473836955,318.06,338.27,259,37.0,116.0,0.14,333.0,
07:35:56,326.08,36.0,335.0,45.0,316.13,45.0,336.53,75.0,330.54,8.920000000000016,81.0,120.0,2.173998620051866,326.08,335.0,201,-39.0,-58.0,-0.19,333.0,
07:35:57,319.0,11.0,333.91,33.0,318.0,22.0,335.82,49.0,326.45,14.910000000000023,33.0,82.0,2.087263759084492,319.0,333.91,115,-49.0,-86.0,-0.43,333.0,
07:35:58,319.0,5.0,331.0,15.0,318.0,10.0,335.0,15.0,325.0,12.0,15.0,30.0,2.303903209769737,319.0,331.0,45,-15.0,-70.0,-0.33,333.0,
07:35:59,319.98,132.0,331.0,36.0,318.09,22.0,335.0,36.0,325.49,11.019999999999982,154.0,72.0,2.2582404654921424,319.98,331.0,226,82.0,181.0,0.36,333.0,
07:36:00,320.0,130.0,331.0,30.0,318.0,20.0,335.0,80.0,325.5,11.0,150.0,110.0,2.266501709680678,320.0,331.0,260,40.0,34.0,0.15,333.0,
07:36:01,320.94,215.0,331.0,51.0,320.24,150.0,335.0,136.0,325.97,10.060000000000002,365.0,187.0,0.5495179705742896,320.94000000000005,331.0,552,178.0,184.0,0.32,333.0,
07:36:02,322.58,186.0,331.0,45.0,321.62,189.0,335.0,120.0,326.79,8.420000000000016,375.0,165.0,0.6750185182527827,322.58,331.0,540,210.0,-12.0,0.39,333.0,
07:36:03,323.54,134.0,331.0,33.0,322.34,130.0,335.0,120.0,327.27,7.4599999999999795,264.0,153.0,0.7968563233009719,323.54,331.0,417,111.0,-123.0,0.27,333.0,
07:36:04,325.0,110.0,331.0,33.0,324.0,143.0,335.0,132.0,328.0,6.0,253.0,165.0,0.9994648568035678,325.0,331.0,418,88.0,1.0,0.21,333.0,
07:36:05,326.12,171.0,331.0,45.0,325.15,174.0,335.0,180.0,328.56,4.879999999999996,345.0,225.0,1.0131485577081754,326.12,331.0,570,120.0,152.0,0.21,333.0,
07:36:06,327.81,161.0,331.0,42.0,326.43,161.0,335.0,168.0,329.4,3.1899999999999977,322.0,210.0,1.033261825476519,327.81,331.0,532,112.0,-38.0,0.21,333.0,
07:36:07,329.0,148.0,331.0,38.0,327.0,120.0,335.0,144.0,330.0,2.0,268.0,182.0,1.0862688433292929,329.0,331.0,450,86.0,-82.0,0.19,329.0,1.0
07:36:08,329.18,153.0,331.0,62.0,327.0,150.0,335.0,180.0,330.09,1.8199999999999927,303.0,242.0,0.9112079894232148,329.18,331.0,545,61.0,95.0,0.11,329.5,4.0
07:36:09,329.03,93.0,333.25,64.0,324.95,88.0,335.03,87.0,331.14,4.220000000000027,181.0,151.0,0.9500105262519396,329.03,333.25,332,30.0,-184.0,0.09,331.0,4.0
07:36:10,327.0,90.0,334.79,57.0,317.0,54.0,335.15,33.0,330.89,7.79000000000002,144.0,90.0,0.7067036153792103,327.0,334.79,234,54.0,-98.0,0.23,331.0,
07:36:11,327.18,114.0,334.88,41.0,317.69,58.0,335.72,50.0,331.03,7.699999999999989,172.0,91.0,0.542263773444637,327.18000000000006,334.88,263,81.0,29.0,0.31,334.5,6.0
07:36:12,328.86,140.0,334.93,54.0,321.38,48.0,336.22,59.0,331.89,6.069999999999993,188.0,113.0,0.6427441170410052,328.86,334.93,301,75.0,38.0,0.25,334.0,4.0
07:36:13,330.88,125.0,336.0,38.0,322.84,95.0,338.28,76.0,333.44,5.1200000000000045,220.0,114.0,1.0582863506591595,330.88,336.0,334,106.0,33.0,0.32,334.0,
07:36:14,334.96,135.0,337.94,62.0,321.61,87.0,338.78,46.0,336.45,2.980000000000018,222.0,108.0,2.3088525288533512,334.96,337.94,330,114.0,-4.0,0.35,336.0,1.0
07:36:15,335.8,100.0,338.0,50.0,320.0,60.0,339.33,18.0,336.9,2.1999999999999886,160.0,68.0,2.6449139872581133,335.8,338.0,228,92.0,-102.0,0.4,336.0,
07:36:16,337.0,90.0,338.18,33.0,320.0,54.0,341.2,15.0,337.59,1.1800000000000068,144.0,48.0,2.4598638173677045,337.0,338.18,192,96.0,-36.0,0.5,338.0,10.0
07:36:17,337.17,60.0,340.0,6.0,320.0,36.0,342.0,18.0,338.58,2.829999999999984,96.0,24.0,1.9363806443971896,337.17,340.0,120,72.0,-72.0,0.6,338.0,
07:36:18,338.0,90.0,340.0,9.0,321.0,54.0,342.0,27.0,339.0,2.0,144.0,36.0,1.08154056789249,338.0,340.0,180,108.0,60.0,0.6,338.0,
07:36:19,338.39,82.0,341.56,27.0,323.07,82.0,395.41,44.0,339.97,3.170000000000016,164.0,71.0,1.2003207904547422,338.39,341.56,235,93.0,55.0,0.4,340.0,1.0
07:36:20,340.8,80.0,377.29,51.0,334.82,66.0,435.77,62.0,359.05,36.49000000000001,146.0,113.0,9.10297588703838,340.8,377.29,259,33.0,24.0,0.13,341.43,7.0
07:36:24,344.73,62.0,365.9,31.0,343.0,35.0,369.37,51.0,355.31,21.16999999999996,97.0,82.0,12.125558543837494,344.73,365.9,179,15.0,-60.0,0.08,341.43,
07:36:25,344.96,46.0,359.43,42.0,342.71,28.0,361.28,18.0,352.19,14.470000000000027,74.0,60.0,13.974839176177648,344.96,359.43,134,14.0,-45.0,0.1,346.0,5.0
07:36:26,343.0,33.0,356.03,33.0,341.0,9.0,358.0,21.0,349.52,13.029999999999973,42.0,54.0,14.76476312034923,343.0,356.03,96,-12.0,-38.0,-0.12,343.0,3.0
07:36:27,343.99,81.0,355.86,29.0,342.78,9.0,356.2,25.0,349.92,11.870000000000005,90.0,54.0,12.23285207954467,343.99,355.86,144,36.0,48.0,0.25,343.0,
07:36:28,344.14,58.0,353.12,33.0,343.89,45.0,355.43,21.0,348.63,8.980000000000018,103.0,54.0,2.6879787945622,344.14,353.12,157,49.0,13.0,0.31,343.0,
07:36:29,345.46,37.0,352.56,80.0,343.99,151.0,354.0,16.0,349.01,7.100000000000023,188.0,96.0,1.3949301057813968,345.46,352.56,284,92.0,127.0,0.32,345.2,5.0
07:36:30,344.0,49.0,351.47,15.0,343.0,7.0,352.15,27.0,347.73,7.470000000000027,56.0,42.0,0.8454998521671963,344.0,351.47,98,14.0,-184.0,0.14,345.2,
07:36:31,344.0,42.0,348.86,14.0,343.0,6.0,349.77,22.0,346.43,4.860000000000014,48.0,36.0,1.3275466093566684,344.0,348.86,84,12.0,-14.0,0.14,345.2,
07:36:32,344.0,74.0,348.0,11.0,343.0,11.0,349.0,55.0,346.0,4.0,85.0,66.0,1.321627784216841,344.0,348.0,151,19.0,67.0,0.13,344.0,1.0
07:36:33,344.0,38.0,345.75,12.0,343.0,8.0,409.64,36.0,344.88,1.75,46.0,48.0,1.597795356112138,344.0,345.75,94,-2.0,-57.0,-0.02,344.0,5.0
07:36:36,334.0,26.0,338.0,25.0,331.0,30.0,760.0,25.0,336.0,4.0,56.0,50.0,31.083226666484048,334.0,338.0,106,6.0,14.0,0.06,335.6,5.0
07:36:37,334.0,20.0,338.0,13.0,331.0,30.0,694.8,25.0,336.0,4.0,50.0,38.0,32.84352264907076,334.0,338.0,88,12.0,-18.0,0.14,338.0,1.0
07:36:38,334.74,38.0,338.0,10.0,331.84,45.0,546.25,40.0,336.37,3.259999999999991,83.0,50.0,34.178642892894715,334.74,338.0,133,33.0,45.0,0.25,338.0,1.0
07:36:39,333.12,32.0,338.0,5.0,332.3,23.0,415.0,25.0,335.56,4.879999999999996,55.0,30.0,30.884785574778,333.12,338.0,85,25.0,-48.0,0.29,338.0,
07:36:40,333.85,65.0,336.1,20.0,332.7,40.0,337.08,13.0,334.97,2.25,105.0,33.0,0.5360503707729173,333.85,336.1,138,72.0,53.0,0.52,338.0,
07:36:41,334.35,79.0,336.95,22.0,331.94,79.0,344.71,28.0,335.65,2.599999999999966,158.0,50.0,0.5228288438922802,334.35,336.95,208,108.0,70.0,0.52,335.38,8.0
07:36:42,336.1,30.0,339.0,10.0,328.83,46.0,347.0,30.0,337.55,2.8999999999999773,76.0,40.0,0.9892421341642978,336.1,339.0,116,36.0,-92.0,0.31,335.38,
07:36:43,337.0,30.0,338.87,15.0,330.43,49.0,346.08,24.0,337.93,1.8700000000000043,79.0,39.0,1.3184536396878592,337.0,338.87,118,40.0,2.0,0.34,338.0,3.0
07:36:44,335.85,39.0,340.0,18.0,333.22,54.0,341.0,30.0,337.92,4.149999999999977,93.0,48.0,1.3932982451745657,335.85,340.0,141,45.0,23.0,0.32,337.0,3.0
07:36:45,336.27,33.0,339.36,22.0,330.47,53.0,341.0,17.0,337.82,3.090000000000032,86.0,39.0,0.9758739672760034,336.27,339.36,125,47.0,-16.0,0.38,337.0,
07:36:46,332.83,18.0,343.54,26.0,327.48,33.0,350.93,54.0,338.19,10.710000000000036,51.0,80.0,0.2305862094909098,332.83,343.54,131,-29.0,6.0,-0.22,338.0,2.0
07:36:47,338.71,7.0,346.57,14.0,333.43,7.0,351.0,35.0,342.64,7.860000000000014,14.0,49.0,2.0951968881248964,338.71,346.57,63,-35.0,-68.0,-0.56,338.0,
07:36:48,343.11,53.0,347.0,26.0,342.84,69.0,350.53,76.0,345.06,3.8899999999999855,122.0,102.0,3.331543185973971,343.11,347.0,224,20.0,161.0,0.09,338.0,
07:36:49,344.25,20.0,347.0,24.0,342.91,100.0,350.0,48.0,345.62,2.75,120.0,72.0,3.700551310279458,344.25,347.0,192,48.0,-32.0,0.25,346.0,1.0
07:36:50,343.0,153.0,345.65,20.0,334.0,17.0,349.92,60.0,344.32,2.6499999999999773,170.0,80.0,2.9990965306258754,343.0,345.65,250,90.0,58.0,0.36,346.0,
07:36:51,343.0,139.0,344.0,34.0,334.0,17.0,347.55,47.0,343.5,1.0,156.0,81.0,1.1926944285998289,343.0,344.0,237,75.0,-13.0,0.32,343.0,2.0
07:36:52,343.0,55.0,346.33,24.0,334.0,9.0,349.38,37.0,344.67,3.329999999999984,64.0,61.0,0.7967935742796814,343.0,346.33,125,3.0,-112.0,0.02,343.0,2.0
07:36:53,345.42,103.0,348.0,39.0,342.27,49.0,351.0,13.0,346.71,2.579999999999984,152.0,52.0,1.237267149815937,345.42,348.0,204,100.0,79.0,0.49,346.0,1.0
07:36:54,346.0,90.0,348.0,30.0,343.0,51.0,351.0,10.0,347.0,2.0,141.0,40.0,1.5376443021758597,346.0,348.0,181,101.0,-23.0,0.56,346.0,
07:36:55,346.0,54.0,348.0,18.0,343.0,36.0,351.0,6.0,347.0,2.0,90.0,24.0,1.6025074102837509,346.0,348.0,114,66.0,-67.0,0.58,346.0,
07:36:56,346.65,77.0,348.0,39.0,345.5,108.0,351.0,13.0,347.32,1.3500000000000227,185.0,52.0,1.0674033914200245,346.65,348.0,237,133.0,123.0,0.56,346.0,
07:36:57,347.0,60.0,348.0,36.0,346.0,108.0,351.0,12.0,347.5,1.0,168.0,48.0,0.3083504500003945,347.0,348.0,216,120.0,-21.0,0.56,346.0,
07:36:58,346.86,64.0,348.09,34.0,345.86,104.0,351.92,13.0,347.47,1.2299999999999611,168.0,47.0,0.2451938009321817,346.86,348.09,215,121.0,-1.0,0.56,348.0,3.0
07:36:59,346.0,126.0,351.0,14.0,343.0,70.0,357.0,28.0,348.5,5.0,196.0,42.0,0.5626899679359724,346.0,351.0,238,154.0,23.0,0.65,348.0,
07:37:00,346.91,44.0,351.0,15.0,345.76,127.0,357.0,30.0,348.95,4.089999999999975,171.0,45.0,0.7301164290824185,346.91,351.0,216,126.0,-22.0,0.58,348.0,
07:37:01,346.29,56.0,350.2,30.0,344.42,76.0,355.0,18.0,348.24,3.909999999999968,132.0,48.0,0.6430163295097563,346.29,350.2,180,84.0,-36.0,0.47,346.8,5.0
07:37:02,346.7,40.0,350.0,64.0,345.68,94.0,354.0,16.0,348.35,3.300000000000012,134.0,80.0,0.5379312223847247,346.7,350.0,214,54.0,34.0,0.25,346.8,
07:37:03,346.14,56.0,351.72,29.0,344.12,64.0,357.86,44.0,348.93,5.580000000000041,120.0,73.0,0.3291352305915864,346.14,351.72,193,47.0,-21.0,0.24,347.0,2.0
07:37:04,346.0,34.0,356.9,51.0,343.0,65.0,359.29,70.0,351.45,10.899999999999975,99.0,121.0,1.3077385059778197,346.0,356.9,220,-22.0,27.0,-0.1,346.0,4.0
07:37:05,346.0,24.0,355.33,12.0,343.0,60.0,356.75,64.0,350.67,9.329999999999984,84.0,76.0,1.4493515791613245,346.0,355.33,160,8.0,-60.0,0.05,346.0,
07:37:06,346.0,18.0,355.0,9.0,343.0,45.0,356.38,39.0,350.5,9.0,63.0,48.0,1.2910073586226634,346.0,355.0,111,15.0,-49.0,0.14,346.0,
07:37:07,342.76,76.0,353.58,24.0,341.5,133.0,356.74,80.0,348.17,10.819999999999991,209.0,104.0,1.3490292806376876,342.76,353.58,313,105.0,184.0,0.34,343.44,9.0
07:37:08,342.0,135.0,349.24,33.0,340.0,120.0,350.31,32.0,345.62,7.240000000000009,255.0,65.0,2.3852190675108305,342.0,349.24,320,190.0,7.0,0.59,343.44,
07:37:09,342.0,87.0,344.95,22.0,340.0,104.0,346.84,25.0,343.48,2.9499999999999886,191.0,47.0,3.123134643273611,342.0,344.95,238,144.0,-82.0,0.61,342.0,3.0
07:37:10,342.0,84.0,344.6,43.0,340.0,152.0,345.69,29.0,343.3,2.6000000000000227,236.0,72.0,3.103011440522645,342.0,344.6,308,164.0,70.0,0.53,342.0,2.0
07:37:11,342.0,34.0,344.71,21.0,340.0,72.0,346.33,27.0,343.36,2.7099999999999795,106.0,48.0,2.1268709410806315,342.0,344.71,154,58.0,-154.0,0.38,342.0,1.0
07:37:12,342.0,28.0,344.14,21.0,340.0,56.0,347.0,21.0,343.07,2.1399999999999864,84.0,42.0,1.0470816587126082,342.0,344.14,126,42.0,-28.0,0.33,342.0,
07:37:13,342.0,18.0,343.0,27.0,340.0,72.0,353.92,39.0,342.5,1.0,90.0,66.0,0.3886129179683238,342.0,343.0,156,24.0,30.0,0.15,342.0,3.0
07:37:14,340.16,61.0,349.53,32.0,338.51,47.0,356.33,46.0,344.85,9.369999999999948,108.0,78.0,0.8705917527820147,340.16,349.53,186,30.0,30.0,0.16,342.0,1.0
07:37:15,341.15,52.0,355.0,22.0,339.06,53.0,358.0,22.0,348.08,13.850000000000025,105.0,44.0,2.247302827838893,341.15,355.0,149,61.0,-37.0,0.41,342.0,
07:37:16,345.0,10.0,355.0,10.0,340.0,40.0,358.0,10.0,350.0,10.0,50.0,20.0,3.241673950293833,345.0,355.0,70,30.0,-79.0,0.43,342.0,
07:37:17,345.0,26.0,354.46,26.0,339.19,42.0,358.0,91.0,349.73,9.45999999999998,68.0,117.0,3.259090363892148,345.0,354.46,185,-49.0,115.0,-0.26,342.0,
07:37:18,345.0,26.0,354.0,26.0,339.0,26.0,357.6,73.0,349.5,9.0,52.0,99.0,2.135338380682489,345.0,354.0,151,-47.0,-34.0,-0.31,342.0,
07:37:19,346.23,114.0,353.74,69.0,344.65,34.0,354.83,96.0,349.98,7.509999999999991,148.0,165.0,0.7970069008588346,346.23,353.74,313,-17.0,162.0,-0.05,342.0,
07:37:20,347.0,147.0,349.67,42.0,345.45,144.0,351.38,52.0,348.33,2.670000000000016,291.0,94.0,0.6895433271496764,347.0,349.67,385,197.0,72.0,0.51,342.0,
07:37:21,346.16,69.0,349.29,28.0,345.09,169.0,356.54,70.0,347.72,3.1299999999999955,238.0,98.0,0.9768674423975392,346.16,349.29,336,140.0,-49.0,0.42,346.78,9.0
07:37:22,346.0,27.0,356.0,9.0,345.0,99.0,359.0,63.0,351.0,10.0,126.0,72.0,1.3066675170128377,346.0,356.0,198,54.0,-138.0,0.27,346.78,
07:37:23,346.0,27.0,356.0,9.0,345.0,55.0,359.0,63.0,351.0,10.0,82.0,72.0,1.5175242996462193,346.0,356.0,154,10.0,-44.0,0.06,346.78,
07:37:24,346.0,18.0,356.0,6.0,345.0,18.0,359.0,42.0,351.0,10.0,36.0,48.0,1.6436848846469672,346.0,356.0,84,-12.0,-70.0,-0.14,346.78,
07:37:25,346.0,18.0,356.0,6.0,345.0,18.0,359.0,42.0,351.0,10.0,36.0,48.0,1.4668605932457677,346.0,356.0,84,-12.0,0.0,-0.14,346.78,
07:37:26,346.0,21.0,356.0,7.0,345.0,21.0,359.0,49.0,351.0,10.0,42.0,56.0,0.0,346.0,356.0,98,-14.0,14.0,-0.14,346.78,
07:37:27,346.0,24.0,356.0,8.0,345.0,24.0,359.0,56.0,351.0,10.0,48.0,64.0,0.0,346.0,356.0,112,-16.0,14.0,-0.14,346.78,
07:37:28,346.0,27.0,354.03,33.0,345.0,9.0,358.33,27.0,350.02,8.029999999999973,36.0,60.0,0.4382693236101593,346.0,354.03,96,-24.0,-16.0,-0.25,346.78,
07:37:29,346.0,48.0,351.58,72.0,345.0,16.0,353.08,24.0,348.79,5.579999999999984,64.0,96.0,0.975868843655433,346.0,351.58,160,-32.0,64.0,-0.2,346.78,
07:37:30,346.0,58.0,351.0,60.0,345.0,12.0,352.0,12.0,348.5,5.0,70.0,72.0,1.1852510282708264,346.0,351.0,142,-2.0,-18.0,-0.01,346.0,1.0
07:37:31,346.0,90.0,350.93,59.0,345.0,15.0,351.35,31.0,348.47,4.930000000000007,105.0,90.0,1.1159883512011606,346.0,350.93,195,15.0,53.0,0.08,346.0,
07:37:32,346.0,96.0,348.02,48.0,345.0,16.0,348.81,36.0,347.01,2.019999999999982,112.0,84.0,1.072226655150918,346.0,348.02,196,28.0,1.0,0.14,346.0,1.0
07:37:33,346.0,61.0,347.45,66.0,345.0,14.0,356.69,26.0,346.73,1.4499999999999886,75.0,92.0,0.9536770942072986,346.0,347.45,167,-17.0,-29.0,-0.1,346.0,1.0
07:37:34,345.29,14.0,347.0,55.0,344.05,21.0,357.88,34.0,346.14,1.7099999999999795,35.0,89.0,1.0652464503650425,345.29,347.0,124,-54.0,-43.0,-0.44,346.0,4.0
07:37:35,345.0,10.0,346.5,50.0,344.0,20.0,356.0,20.0,345.75,1.5,30.0,70.0,1.0457055034831395,345.0,346.5,100,-40.0,-24.0,-0.4,346.0,
07:37:36,338.96,45.0,345.69,65.0,335.79,38.0,355.47,30.0,342.32,6.730000000000018,83.0,95.0,1.893211557120332,338.96,345.69,178,-12.0,78.0,-0.07,341.78,9.0
07:37:37,338.32,38.0,343.93,70.0,335.6,40.0,354.16,50.0,341.12,5.610000000000014,78.0,120.0,2.518088560796281,338.32,343.93,198,-42.0,20.0,-0.21,341.78,
07:37:38,340.15,13.0,342.98,64.0,338.09,46.0,353.93,30.0,341.57,2.830000000000041,59.0,94.0,2.384418168025968,340.15,342.98,153,-35.0,-45.0,-0.23,341.0,1.0
07:37:39,340.08,12.0,352.58,48.0,338.04,45.0,355.29,28.0,346.33,12.5,57.0,76.0,2.440260232026971,340.08,352.58,133,-19.0,-20.0,-0.14,341.0,
07:37:40,341.0,15.0,345.11,54.0,340.0,15.0,348.5,36.0,343.06,4.110000000000014,30.0,90.0,2.065320798329389,341.0,345.11000000000007,120,-60.0,-13.0,-0.5,341.0,
07:37:41,341.12,16.0,343.0,64.0,340.0,25.0,346.0,32.0,342.06,1.8799999999999957,41.0,96.0,2.086113611482342,341.12,343.0,137,-55.0,17.0,-0.4,341.0,
07:37:42,339.55,31.0,341.82,68.0,337.52,50.0,345.6,30.0,340.69,2.269999999999982,81.0,98.0,2.180841580677476,339.55,341.82,179,-17.0,42.0,-0.09,340.67,3.0
07:37:43,338.0,48.0,339.83,48.0,331.0,24.0,346.35,52.0,338.92,1.829999999999984,72.0,100.0,2.777313450082906,338.0,339.83,172,-28.0,-7.0,-0.16,340.67,
07:37:44,334.92,50.0,339.0,24.0,326.45,157.0,347.94,90.0,336.96,4.079999999999984,207.0,114.0,2.4454079414302643,334.92,339.0,321,93.0,149.0,0.29,338.33,6.0
07:37:45,331.0,32.0,336.46,48.0,326.0,208.0,337.6,48.0,333.73,5.45999999999998,240.0,96.0,3.2698119211980643,331.0,336.46,336,144.0,15.0,0.43,338.33,
07:37:46,326.42,142.0,332.96,75.0,324.99,158.0,333.44,48.0,329.69,6.539999999999964,300.0,123.0,4.370728772185196,326.42,332.96,423,177.0,87.0,0.42,338.33,
07:37:47,326.88,130.0,331.76,17.0,325.38,136.0,332.96,108.0,329.32,4.879999999999996,266.0,125.0,4.27605308666838,326.88,331.76,391,141.0,-32.0,0.36,331.0,1.0
07:37:48,331.71,17.0,332.99,121.0,327.0,64.0,344.89,53.0,332.35,1.2800000000000296,81.0,174.0,3.138271817418845,331.71,332.99,255,-93.0,-136.0,-0.36,331.0,1.0
07:37:49,326.38,32.0,333.0,79.0,321.32,125.0,347.0,33.0,329.69,6.6200000000000045,157.0,112.0,1.9697918671790449,326.38,333.0,269,45.0,14.0,0.17,327.75,4.0
07:37:50,326.0,10.0,332.94,67.0,321.0,130.0,345.6,30.0,329.47,6.939999999999998,140.0,97.0,1.2652983837831249,326.0,332.94,237,43.0,-32.0,0.18,327.75,
07:37:51,326.0,8.0,332.0,32.0,321.49,74.0,333.0,24.0,329.0,6.0,82.0,56.0,1.3561084027481398,326.0,332.0,138,26.0,-99.0,0.19,327.75,
07:37:52,327.73,75.0,331.83,48.0,321.02,90.0,333.0,36.0,329.78,4.099999999999966,165.0,84.0,1.3163472186335043,327.73,331.83,249,81.0,111.0,0.33,327.75,
07:37:53,328.92,118.0,330.33,60.0,320.76,63.0,331.55,55.0,329.62,1.4099999999999682,181.0,115.0,0.3078473647829334,328.92,330.33,296,66.0,47.0,0.22,329.0,4.0
07:37:54,324.13,46.0,330.12,34.0,320.74,27.0,331.13,47.0,327.12,5.990000000000009,73.0,81.0,1.0895044745219793,324.13,330.12,154,-8.0,-142.0,-0.05,329.33,6.0
07:37:55,321.0,60.0,330.0,30.0,319.47,15.0,331.0,60.0,325.5,9.0,75.0,90.0,1.844527039650776,321.0,330.0,165,-15.0,11.0,-0.09,329.33,
07:37:56,321.0,40.0,334.55,29.0,318.0,10.0,335.04,24.0,327.78,13.550000000000011,50.0,53.0,1.7928747864819474,321.0,334.55,103,-3.0,-62.0,-0.03,331.44,9.0
07:37:57,321.0,32.0,342.0,8.0,318.0,8.0,345.0,24.0,331.5,21.0,40.0,32.0,2.3176022091814885,321.0,342.0,72,8.0,-31.0,0.11,331.44,
07:37:58,337.57,60.0,342.0,12.0,329.81,37.0,345.0,36.0,339.78,4.430000000000007,97.0,48.0,5.718538274769533,337.57,342.0,145,49.0,73.0,0.34,339.0,6.0
07:37:59,327.18,22.0,342.0,8.0,327.08,26.0,345.0,24.0,334.59,14.819999999999991,48.0,32.0,5.643589283426385,327.18,342.0,80,16.0,-65.0,0.2,339.0,
07:38:00,339.0,20.0,342.0,10.0,338.0,40.0,345.0,30.0,340.5,3.0,60.0,40.0,5.41988007247461,339.0,342.0,100,20.0,20.0,0.2,339.0,
07:38:01,340.07,30.0,344.83,35.0,338.18,44.0,346.69,39.0,342.45,4.759999999999991,74.0,74.0,4.550289001811796,340.07,344.83,148,0.0,48.0,0.0,340.83,6.0
07:38:02,339.12,8.0,345.0,24.0,338.03,29.0,347.0,24.0,342.06,5.879999999999996,37.0,48.0,3.1518137635353547,339.12,345.0,85,-11.0,-63.0,-0.13,340.83,
07:38:03,340.0,15.0,343.92,52.0,339.0,15.0,346.33,45.0,341.96,3.920000000000016,30.0,97.0,3.2832560058593034,340.0,343.92,127,-67.0,42.0,-0.53,340.83,
07:38:04,341.0,10.0,342.33,24.0,339.0,10.0,343.47,38.0,341.67,1.329999999999984,20.0,62.0,0.7410600515559184,341.0,342.33,82,-42.0,-45.0,-0.51,340.83,
07:38:05,339.0,12.0,341.58,12.0,338.0,48.0,345.37,38.0,340.29,2.579999999999984,60.0,50.0,0.8288124033893322,339.0,341.58,110,10.0,28.0,0.09,342.0,1.0
07:38:06,339.0,13.0,341.0,12.0,338.0,48.0,345.6,20.0,340.0,2.0,61.0,32.0,0.975463992165586,339.0,341.0,93,29.0,-17.0,0.31,342.0,
07:38:07,338.62,21.0,340.47,15.0,337.41,54.0,343.4,15.0,339.54,1.8500000000000227,75.0,30.0,1.0644106350517324,338.62,340.47,105,45.0,12.0,0.43,339.0,1.0
07:38:08,338.8,20.0,341.43,7.0,337.36,25.0,347.18,11.0,340.11,2.6299999999999955,45.0,18.0,0.802851169277962,338.8,341.43,63,27.0,-42.0,0.43,339.0,1.0
07:38:09,339.0,24.0,345.0,12.0,338.0,48.0,350.87,47.0,342.0,6.0,72.0,59.0,0.9427459891248584,339.0,345.0,131,13.0,68.0,0.1,339.0,
07:38:10,339.6,20.0,345.0,8.0,338.33,24.0,351.0,32.0,342.3,5.399999999999977,44.0,40.0,1.264238901478387,339.6,345.0,84,4.0,-47.0,0.05,339.0,
07:38:11,340.0,18.0,345.0,6.0,339.0,12.0,351.0,24.0,342.5,5.0,30.0,30.0,1.3641114324026498,340.0,345.0,60,0.0,-24.0,0.0,339.0,
07:38:12,340.55,33.0,344.47,15.0,339.25,24.0,350.25,32.0,342.51,3.920000000000016,57.0,47.0,1.0130301081468474,340.55,344.47,104,10.0,44.0,0.1,339.0,
07:38:13,341.31,32.0,345.12,16.0,339.6,30.0,350.14,28.0,343.22,3.8100000000000014,62.0,44.0,0.4495330911206257,341.31,345.12,106,18.0,2.0,0.17,343.0,3.0
07:38:14,340.0,27.0,347.0,9.0,339.0,18.0,351.0,27.0,343.5,7.0,45.0,36.0,0.5220919459373469,340.0,347.0,81,9.0,-25.0,0.11,343.0,
07:38:15,340.1,20.0,346.07,27.0,339.2,15.0,349.18,11.0,343.09,5.96999999999997,35.0,38.0,0.4444434722355025,340.1,346.07,73,-3.0,-8.0,-0.04,343.0,
07:38:16,341.81,32.0,345.43,82.0,340.0,48.0,347.0,16.0,343.62,3.620000000000005,80.0,98.0,0.4342464738059624,341.81,345.43,178,-18.0,105.0,-0.1,343.0,
07:38:17,342.0,28.0,343.4,72.0,340.0,42.0,345.07,27.0,342.7,1.3999999999999773,70.0,99.0,0.3624637913129291,342.0,343.4,169,-29.0,-9.0,-0.17,343.0,
07:38:18,339.86,28.0,342.21,70.0,337.86,42.0,350.5,38.0,341.04,2.349999999999966,70.0,108.0,1.043264108465629,339.86,342.21,178,-38.0,9.0,-0.21,340.8,5.0
07:38:19,337.33,36.0,348.85,52.0,328.3,69.0,353.16,25.0,343.09,11.52000000000004,105.0,77.0,0.9881649659912624,337.33,348.85,182,28.0,4.0,0.15,339.0,2.0
07:38:20,329.8,75.0,352.08,49.0,326.61,69.0,353.09,47.0,340.94,22.279999999999973,144.0,96.0,1.2207866316487013,329.8,352.08,240,48.0,58.0,0.2,337.0,3.0
07:38:21,327.0,66.0,346.76,29.0,326.0,33.0,352.67,27.0,336.88,19.75999999999999,99.0,56.0,2.460345504194703,327.0,346.76,155,43.0,-85.0,0.28,337.0,
07:38:22,327.25,40.0,333.0,30.0,326.8,75.0,349.4,45.0,330.12,5.75,115.0,75.0,5.154733746762208,327.25,333.0,190,40.0,35.0,0.21,333.0,2.0
07:38:23,338.73,15.0,349.0,45.0,332.8,25.0,352.0,45.0,343.87,10.269999999999982,40.0,90.0,5.64702133872448,338.7300000000001,349.0,130,-50.0,-60.0,-0.38,333.0,
07:38:24,341.0,13.0,348.46,39.0,339.0,13.0,350.54,39.0,344.73,7.4599999999999795,26.0,78.0,5.983056910978705,341.0,348.46,104,-52.0,-26.0,-0.5,333.0,
07:38:25,341.35,17.0,346.0,51.0,339.0,17.0,352.59,51.0,343.68,4.649999999999977,34.0,102.0,6.287633099983692,341.35,346.0,136,-68.0,32.0,-0.5,333.0,
07:38:26,342.43,14.0,345.0,42.0,339.0,14.0,354.0,42.0,343.71,2.569999999999993,28.0,84.0,6.221018405374773,342.43,345.0,112,-56.0,-24.0,-0.5,333.0,
07:38:27,342.25,16.0,344.19,48.0,334.91,22.0,355.12,48.0,343.22,1.9399999999999975,38.0,96.0,0.5522408894803701,342.25,344.19,134,-58.0,22.0,-0.43,343.0,1.0
07:38:28,339.0,12.0,343.33,36.0,326.64,14.0,356.0,36.0,341.17,4.329999999999984,26.0,72.0,1.3134572699610785,339.0,343.33,98,-46.0,-36.0,-0.47,343.0,
07:38:29,339.82,34.0,342.38,39.0,333.0,13.0,354.15,39.0,341.1,2.5600000000000023,47.0,78.0,1.3299360886948637,339.82,342.38,125,-31.0,27.0,-0.25,343.0,
07:38:30,340.04,46.0,346.93,43.0,339.42,19.0,354.11,38.0,343.49,6.889999999999986,65.0,81.0,1.2926987274740258,340.04,346.93,146,-16.0,21.0,-0.11,341.0,1.0
07:38:31,340.0,44.0,353.0,22.0,339.0,11.0,354.45,33.0,346.5,13.0,55.0,55.0,2.205182532130489,340.0,353.0,110,0.0,-36.0,0.0,341.0,
07:38:32,340.0,50.0,351.86,28.0,339.0,14.0,354.85,41.0,345.93,11.860000000000014,64.0,69.0,2.5494450376530704,340.0,351.86,133,-5.0,23.0,-0.04,340.0,2.0
07:38:33,340.0,36.0,347.34,41.0,339.0,18.0,348.28,39.0,343.67,7.339999999999975,54.0,80.0,2.15978471149656,340.0,347.34,134,-26.0,1.0,-0.19,340.0,
07:38:34,340.0,24.0,345.33,24.0,339.0,12.0,347.0,36.0,342.67,5.329999999999984,36.0,60.0,1.6651786690966626,340.0,345.33,96,-24.0,-38.0,-0.25,340.0,
07:38:35,340.0,30.0,341.62,53.0,339.0,15.0,342.83,42.0,340.81,1.6200000000000043,45.0,95.0,2.3448624693175626,340.0,341.62,140,-50.0,44.0,-0.36,340.0,
07:38:36,334.18,17.0,340.23,26.0,329.67,15.0,341.78,36.0,337.2,6.050000000000011,32.0,62.0,3.2834098129859592,334.18,340.23,94,-30.0,-46.0,-0.32,339.25,4.0
07:38:37,327.7,40.0,333.71,34.0,324.47,19.0,334.74,38.0,330.7,6.009999999999991,59.0,72.0,5.260308926290317,327.7,333.71,131,-13.0,37.0,-0.1,339.25,
07:38:38,327.55,29.0,329.77,22.0,322.67,18.0,331.23,39.0,328.66,2.2199999999999704,47.0,61.0,6.144718870705662,327.55,329.77,108,-14.0,-23.0,-0.13,328.5,4.0
07:38:39,324.67,12.0,326.95,21.0,321.0,12.0,331.6,30.0,325.81,2.2799999999999727,24.0,51.0,6.200712055885405,324.67,326.95,75,-27.0,-33.0,-0.36,328.5,
07:38:40,324.47,64.0,326.03,65.0,323.32,47.0,328.32,19.0,325.25,1.5599999999999454,111.0,84.0,4.824710354000456,324.47,326.03,195,27.0,120.0,0.14,326.0,4.0
07:38:41,325.26,95.0,329.74,31.0,324.44,27.0,332.88,59.0,327.5,4.480000000000018,122.0,90.0,2.206179956394557,325.26,329.74,212,32.0,17.0,0.15,329.5,4.0
07:38:42,330.91,35.0,349.96,55.0,327.47,43.0,417.82,28.0,340.44,19.049999999999955,78.0,83.0,6.246252476485349,330.91,349.96,161,-5.0,-51.0,-0.03,336.38,13.0
07:38:43,342.0,35.0,351.0,44.0,331.69,39.0,549.0,22.0,346.5,9.0,74.0,66.0,9.741178060173386,342.0,351.0,140,8.0,-21.0,0.06,336.38,
07:38:44,343.56,77.0,351.0,76.0,342.29,107.0,512.26,38.0,347.28,7.439999999999998,184.0,114.0,10.431902031748956,343.56,351.0,298,70.0,158.0,0.23,336.38,
07:38:46,343.0,45.0,348.47,60.0,342.0,75.0,353.0,30.0,345.73,5.470000000000027,120.0,90.0,7.856595954993498,343.0,348.47,210,30.0,-27.0,0.14,343.0,5.0
07:38:47,343.0,8.0,347.8,30.0,342.0,40.0,351.0,20.0,345.4,4.800000000000011,48.0,50.0,6.8686548901528965,343.0,347.8,98,-2.0,-112.0,-0.02,343.0,
07:38:48,342.58,19.0,346.6,45.0,340.93,67.0,348.0,60.0,344.59,4.020000000000039,86.0,105.0,7.110896567945632,342.58,346.6,191,-19.0,93.0,-0.1,342.25,4.0
07:38:49,332.7,23.0,341.75,24.0,326.81,37.0,347.4,30.0,337.22,9.050000000000011,60.0,54.0,8.885615904371441,332.7,341.75,114,6.0,-77.0,0.05,338.4,5.0
07:38:50,329.0,29.0,330.92,39.0,323.0,66.0,333.83,36.0,329.96,1.920000000000016,95.0,75.0,6.890373719908947,329.0,330.92,170,20.0,56.0,0.12,329.8,5.0
07:38:51,329.22,9.0,331.71,21.0,323.14,43.0,345.16,19.0,330.47,2.4899999999999523,52.0,40.0,7.399747968681637,329.22,331.71,92,12.0,-78.0,0.13,330.0,2.0
07:38:52,330.0,4.0,332.0,12.0,323.0,24.0,342.0,8.0,331.0,2.0,28.0,20.0,6.288868737698741,330.0,332.0,48,8.0,-44.0,0.17,330.0,
07:38:53,330.0,1.0,332.0,3.0,323.0,6.0,337.0,2.0,331.0,2.0,7.0,5.0,2.98857825729918,330.0,332.0,12,2.0,-36.0,0.17,330.0,
07:38:54,330.68,22.0,333.2,25.0,323.47,45.0,337.52,29.0,331.94,2.519999999999982,67.0,54.0,0.7359891303545227,330.68,333.2,121,13.0,109.0,0.11,332.0,3.0
07:38:55,333.6,15.0,337.0,18.0,323.54,39.0,338.0,45.0,335.3,3.3999999999999773,54.0,63.0,1.950492245562984,333.6,337.0,117,-9.0,-4.0,-0.08,332.0,
07:38:56,330.0,6.0,337.0,12.0,323.0,36.0,338.0,30.0,333.5,7.0,42.0,42.0,1.8467593237891384,330.0,337.0,84,0.0,-33.0,0.0,332.0,
07:38:57,330.75,20.0,335.73,60.0,324.88,41.0,337.21,48.0,333.24,4.980000000000018,61.0,108.0,1.637156070752779,330.75,335.7300000000001,169,-47.0,85.0,-0.28,332.0,
07:38:58,324.48,33.0,333.38,48.0,323.21,28.0,335.12,49.0,328.93,8.899999999999977,61.0,97.0,2.367091041764596,324.48,333.38,158,-36.0,-11.0,-0.23,332.5,2.0
07:38:59,322.0,60.0,332.39,23.0,316.27,15.0,336.43,49.0,327.2,10.389999999999986,75.0,72.0,3.408545144192926,322.0,332.39,147,3.0,-11.0,0.02,332.33,3.0
07:39:00,321.38,48.0,332.25,24.0,315.0,32.0,340.73,45.0,326.81,10.870000000000005,80.0,69.0,3.2360516065105207,321.38,332.25,149,11.0,2.0,0.07,332.33,
07:39:01,321.0,48.0,331.57,35.0,315.0,32.0,337.97,29.0,326.29,10.569999999999991,80.0,64.0,2.8320716798834487,321.0,331.57,144,16.0,-5.0,0.11,332.0,3.0
07:39:02,316.06,34.0,325.87,23.0,314.36,11.0,334.19,47.0,320.96,9.810000000000002,45.0,70.0,3.006637656917712,316.06,325.87,115,-25.0,-29.0,-0.22,332.0,
07:39:03,315.0,48.0,325.8,30.0,314.0,12.0,326.67,36.0,320.4,10.800000000000011,60.0,66.0,3.355245147525579,315.0,325.8,126,-6.0,11.0,-0.05,325.0,1.0
07:39:04,320.0,14.0,326.0,24.0,314.95,20.0,327.0,12.0,323.0,6.0,34.0,36.0,2.960214519252468,320.0,326.0,70,-2.0,-56.0,-0.03,325.0,
07:39:05,322.0,12.0,326.0,24.0,315.0,18.0,327.0,12.0,324.0,4.0,30.0,36.0,2.3833379953318787,322.0,326.0,66,-6.0,-4.0,-0.09,325.0,
07:39:06,322.0,20.0,326.0,40.0,315.0,30.0,327.0,20.0,324.0,4.0,50.0,60.0,1.6976218660208409,322.0,326.0,110,-10.0,44.0,-0.09,325.0,
07:39:07,322.0,10.0,329.7,20.0,315.0,15.0,331.92,13.0,325.85,7.699999999999989,25.0,33.0,1.99185842870244,322.0,329.7,58,-8.0,-52.0,-0.14,326.33,6.0
07:39:08,322.0,20.0,331.3,50.0,315.73,33.0,333.71,35.0,326.65,9.300000000000011,53.0,85.0,1.49958327544487,322.0,331.3,138,-32.0,80.0,-0.23,326.33,
07:39:09,322.97,58.0,329.55,73.0,321.38,32.0,334.71,51.0,326.26,6.579999999999984,90.0,124.0,1.2662029853047054,322.97,329.55,214,-34.0,76.0,-0.16,329.0,1.0
07:39:10,323.81,54.0,327.28,72.0,323.11,54.0,335.93,86.0,325.55,3.4699999999999704,108.0,158.0,1.0178261148127563,323.81,327.28,266,-50.0,52.0,-0.19,329.0,
07:39:11,325.0,26.0,333.64,61.0,324.0,52.0,336.47,38.0,329.32,8.639999999999986,78.0,99.0,1.5084859959561543,325.0,333.64,177,-21.0,-89.0,-0.12,327.0,4.0
07:39:12,325.4,30.0,336.0,70.0,323.46,52.0,337.0,28.0,330.7,10.600000000000025,82.0,98.0,2.203572100022334,325.4,336.0,180,-16.0,3.0,-0.09,326.0,3.0
07:39:13,324.0,45.0,329.4,75.0,317.0,30.0,336.6,48.0,326.7,5.399999999999977,75.0,123.0,2.197744298137715,324.0,329.4,198,-48.0,18.0,-0.24,326.0,
07:39:14,324.0,21.0,325.0,20.0,317.0,14.0,335.68,19.0,324.5,1.0,35.0,39.0,2.592697437032792,324.0,325.0,74,-4.0,-124.0,-0.05,325.0,3.0
07:39:15,321.85,27.0,326.0,15.0,316.4,20.0,333.6,15.0,323.93,4.149999999999977,47.0,30.0,2.9509659435506883,321.85,326.0,77,17.0,3.0,0.22,325.0,2.0
07:39:16,318.05,42.0,330.0,10.0,317.38,26.0,336.0,30.0,324.02,11.949999999999989,68.0,40.0,2.873621408605311,318.05,330.0,108,28.0,31.0,0.26,325.0,
07:39:17,319.0,6.0,331.71,7.0,318.0,30.0,336.5,20.0,325.36,12.70999999999998,36.0,27.0,1.1540017330981402,319.0,331.71,63,9.0,-45.0,0.14,333.0,2.0
07:39:18,320.64,14.0,335.89,18.0,318.07,46.0,338.73,44.0,328.27,15.25,60.0,62.0,1.798924678799487,320.64,335.89,122,-2.0,59.0,-0.02,333.0,
07:39:19,322.86,76.0,338.71,80.0,322.36,44.0,341.88,91.0,330.78,15.849999999999966,120.0,171.0,2.979189487091287,322.86,338.71,291,-51.0,169.0,-0.18,335.67,3.0
07:39:20,328.0,55.0,336.0,57.0,326.15,59.0,340.38,105.0,332.0,8.0,114.0,162.0,3.412269039802874,328.0,336.0,276,-48.0,-15.0,-0.17,335.67,
07:39:21,329.46,13.0,336.0,39.0,328.0,65.0,342.0,130.0,332.73,6.5400000000000205,78.0,169.0,3.018107022621852,329.46,336.0,247,-91.0,-29.0,-0.37,335.67,
07:39:22,328.75,36.0,333.09,22.0,322.65,37.0,338.25,56.0,330.92,4.339999999999975,73.0,78.0,1.694299265183322,328.75,333.09,151,-5.0,-96.0,-0.03,330.0,5.0
07:39:23,329.47,45.0,331.12,42.0,319.36,28.0,335.0,25.0,330.29,1.6499999999999773,73.0,67.0,0.9950025125602592,329.47,331.12,140,6.0,-11.0,0.04,331.0,1.0
07:39:24,318.43,14.0,332.0,7.0,313.89,18.0,337.0,21.0,325.21,13.569999999999991,32.0,28.0,2.9607009305230503,318.43,332.0,60,4.0,-80.0,0.07,331.0,3.0
07:39:25,315.0,34.0,330.88,68.0,314.0,51.0,332.0,17.0,322.94,15.879999999999995,85.0,85.0,4.142990465834801,315.0,330.88,170,0.0,110.0,0.0,331.0,
07:39:26,316.33,24.0,329.24,34.0,314.48,29.0,330.67,18.0,322.78,12.910000000000023,53.0,52.0,3.9386126999231448,316.33,329.24,105,1.0,-65.0,0.01,329.0,2.0
07:39:27,318.0,24.0,330.0,24.0,314.82,22.0,332.0,27.0,324.0,12.0,46.0,51.0,3.089923947283213,318.0,330.0,97,-5.0,-8.0,-0.05,329.0,2.0
07:39:28,318.12,16.0,330.0,16.0,314.0,16.0,332.0,48.0,324.06,11.879999999999995,32.0,64.0,0.9843373405457702,318.12,330.0,96,-32.0,-1.0,-0.33,329.0,
07:39:29,320.75,24.0,330.0,24.0,313.25,32.0,332.0,72.0,325.38,9.25,56.0,96.0,1.0462886790904211,320.75,330.0,152,-40.0,56.0,-0.26,329.0,
07:39:30,322.26,46.0,324.64,56.0,321.56,54.0,330.57,63.0,323.45,2.3799999999999955,100.0,119.0,0.9587909052514604,322.26,324.64,219,-19.0,67.0,-0.09,329.0,
07:39:31,322.0,54.0,328.36,33.0,315.0,18.0,330.44,27.0,325.18,6.360000000000014,72.0,60.0,0.8285408861326489,322.0,328.36,132,12.0,-87.0,0.09,326.25,8.0
07:39:32,322.38,48.0,330.0,32.0,311.57,42.0,332.0,8.0,326.19,7.620000000000003,90.0,40.0,1.0919569588559752,322.38,330.0,130,50.0,-2.0,0.38,326.25,
07:39:33,323.3,60.0,326.4,25.0,311.0,60.0,329.53,30.0,324.85,3.099999999999966,120.0,55.0,1.002172639815207,323.3,326.4,175,65.0,45.0,0.37,326.25,
07:39:34,318.65,62.0,326.62,39.0,311.19,47.0,332.63,38.0,322.63,7.970000000000027,109.0,77.0,1.4170744511117233,318.65,326.62,186,32.0,11.0,0.17,326.0,3.0
07:39:35,315.0,27.0,327.0,18.0,314.0,18.0,333.33,18.0,321.0,12.0,45.0,36.0,2.1085184371954298,315.0,327.0,81,9.0,-105.0,0.11,326.0,
07:39:36,315.0,21.0,327.0,14.0,314.0,14.0,333.0,28.0,321.0,12.0,35.0,42.0,2.3262480521200093,315.0,327.0,77,-7.0,-4.0,-0.09,326.0,
07:39:37,315.36,42.0,327.0,24.0,314.33,27.0,333.0,48.0,321.18,11.639999999999986,69.0,72.0,1.6661842635167992,315.36,327.0,141,-3.0,64.0,-0.02,326.0,
07:39:38,317.67,60.0,327.0,15.0,315.0,36.0,333.0,48.0,322.33,9.329999999999984,96.0,63.0,0.788397108055582,317.67,327.0,159,33.0,18.0,0.21,327.0,1.0
07:39:39,319.18,55.0,327.0,11.0,315.0,33.0,333.0,44.0,323.09,7.819999999999993,88.0,55.0,0.9457007983450691,319.18,327.0,143,33.0,-16.0,0.23,327.0,
07:39:40,321.42,60.0,327.0,12.0,315.0,38.0,330.92,48.0,324.21,5.579999999999984,98.0,60.0,1.341480525386504,321.42,327.0,158,38.0,15.0,0.24,327.0,
07:39:41,324.19,80.0,327.0,16.0,315.0,50.0,328.0,64.0,325.59,2.8100000000000023,130.0,80.0,1.6992351220453008,324.19,327.0,210,50.0,52.0,0.24,327.0,
07:39:42,326.41,114.0,331.67,36.0,325.78,92.0,329.2,40.0,329.04,5.259999999999991,206.0,76.0,2.6439213301447304,326.41,331.67,282,130.0,72.0,0.46,329.29,7.0
07:39:43,330.55,87.0,333.0,34.0,329.85,117.0,334.0,17.0,331.78,2.4499999999999886,204.0,51.0,3.596438516087337,330.55,333.0,255,153.0,-27.0,0.6,329.29,
07:39:44,332.36,42.0,333.75,16.0,328.46,78.0,336.88,50.0,333.05,1.3899999999999864,120.0,66.0,3.819388694542472,332.36,333.75,186,54.0,-69.0,0.29,333.0,2.0
07:39:45,329.83,107.0,336.3,74.0,326.75,57.0,339.61,69.0,333.06,6.470000000000027,164.0,143.0,3.1989889027629985,329.83,336.3,307,21.0,121.0,0.07,334.0,1.0
07:39:46,331.93,85.0,337.0,64.0,330.6,87.0,342.63,98.0,334.46,5.069999999999993,172.0,162.0,2.0433599780759786,331.93,337.0,334,10.0,27.0,0.03,331.67,3.0
07:39:47,334.78,90.0,340.65,92.0,333.26,86.0,375.96,96.0,337.71,5.8700000000000045,176.0,188.0,2.274284502872178,334.78,340.65,364,-12.0,30.0,-0.03,337.0,4.0
07:39:48,338.68,75.0,343.0,104.0,336.47,68.0,466.17,48.0,340.84,4.319999999999993,143.0,152.0,3.3879389014571237,338.68,343.0,295,-9.0,-69.0,-0.03,337.0,
07:39:49,340.65,17.0,343.0,96.0,339.79,71.0,510.64,44.0,341.82,2.3500000000000227,88.0,140.0,3.833630133438589,340.65,343.0,228,-52.0,-67.0,-0.23,337.0,
07:39:50,341.9,40.0,343.0,83.0,337.32,44.0,527.0,44.0,342.45,1.1000000000000227,84.0,127.0,3.3345359497252924,341.9,343.0,211,-43.0,-17.0,-0.2,343.0,1.0
07:39:51,342.0,75.0,343.0,105.0,335.82,110.0,507.78,36.0,342.5,1.0,185.0,141.0,1.9908616225172524,342.0,343.0,326,44.0,115.0,0.13,343.0,
07:39:52,342.0,31.0,343.0,24.0,337.6,30.0,669.7,23.0,342.5,1.0,61.0,47.0,0.720777358143981,342.0,343.0,108,14.0,-184.0,0.13,343.0,3.0
07:39:53,342.0,48.0,343.0,32.0,338.0,36.0,614.4,30.0,342.5,1.0,84.0,62.0,0.2992991814444877,342.0,343.0,146,22.0,38.0,0.15,343.0,
07:39:54,342.0,54.0,343.0,40.0,336.0,90.0,539.11,38.0,342.5,1.0,144.0,78.0,0.0223606800763418,342.0,343.0,222,66.0,76.0,0.3,342.0,2.0
07:39:55,342.0,4.0,343.0,16.0,336.0,36.0,624.57,14.0,342.5,1.0,40.0,30.0,0.0,342.0,343.0,70,10.0,-152.0,0.14,342.0,3.0
07:39:56,336.53,57.0,343.08,39.0,332.45,66.0,468.75,16.0,339.8,6.550000000000011,123.0,55.0,1.2074767078552622,336.53,343.08,178,68.0,108.0,0.38,337.0,6.0
07:39:57,336.0,32.0,342.63,19.0,324.0,30.0,446.15,13.0,339.32,6.629999999999996,62.0,32.0,1.6192220354270106,336.0,342.63,94,30.0,-84.0,0.32,337.0,
07:39:58,336.0,68.0,339.64,75.0,323.95,61.0,340.38,69.0,337.82,3.6399999999999855,129.0,144.0,2.061678927479135,336.0,339.64,273,-15.0,179.0,-0.05,337.0,
07:39:59,328.43,74.0,337.49,57.0,321.92,76.0,338.87,47.0,332.96,9.060000000000002,150.0,104.0,3.5183234643804204,328.43,337.49,254,46.0,-19.0,0.18,336.0,4.0
07:40:00,322.0,190.0,328.15,61.0,321.0,19.0,331.63,76.0,325.07,6.149999999999977,209.0,137.0,6.172947432143461,322.0,328.15,346,72.0,92.0,0.21,336.0,
07:40:01,322.0,70.0,325.0,21.0,321.0,7.0,328.14,28.0,323.5,3.0,77.0,49.0,7.21625803308083,322.0,325.0,126,28.0,-184.0,0.22,336.0,
07:40:02,322.66,146.0,325.3,53.0,321.89,101.0,327.81,64.0,323.98,2.6399999999999864,247.0,117.0,6.3994437258249794,322.66,325.3,364,130.0,184.0,0.36,325.5,6.0
07:40:03,323.83,96.0,329.22,36.0,321.0,24.0,335.88,34.0,326.53,5.390000000000043,120.0,70.0,3.843354003991622,323.83,329.22,190,50.0,-174.0,0.26,328.33,9.0
07:40:04,325.5,112.0,331.0,28.0,321.66,32.0,337.79,58.0,328.25,5.5,144.0,86.0,1.943766961340144,325.5,331.0,230,58.0,40.0,0.25,328.33,
07:40:05,327.0,96.0,330.6,30.0,318.48,25.0,334.53,51.0,328.8,3.6000000000000227,121.0,81.0,2.4129380431329706,327.0,330.6,202,40.0,-28.0,0.2,328.33,
07:40:06,327.89,72.0,330.0,36.0,316.64,11.0,331.0,18.0,328.94,2.1100000000000136,83.0,54.0,2.089102678184972,327.89,330.0,137,29.0,-65.0,0.21,328.33,
07:40:07,320.48,69.0,329.2,30.0,316.94,16.0,331.71,56.0,324.84,8.71999999999997,85.0,86.0,1.7563228632571692,320.48,329.2,171,-1.0,34.0,-0.01,328.0,5.0
07:40:08,320.07,59.0,331.33,42.0,318.37,35.0,333.0,105.0,325.7,11.259999999999993,94.0,147.0,1.900889265580629,320.07,331.33,241,-53.0,70.0,-0.22,331.6,5.0
07:40:09,324.42,48.0,332.0,30.0,322.26,27.0,335.71,79.0,328.21,7.579999999999984,75.0,109.0,1.896001054851932,324.42,332.0,184,-34.0,-57.0,-0.18,331.6,
07:40:10,326.0,52.0,332.0,26.0,320.71,21.0,339.0,81.0,329.0,6.0,73.0,107.0,1.937271276822031,326.0,332.0,180,-34.0,-4.0,-0.19,331.6,
07:40:11,327.46,28.0,332.0,32.0,326.0,56.0,339.0,80.0,329.73,4.5400000000000205,84.0,112.0,2.123824380686852,327.46,332.0,196,-28.0,16.0,-0.14,331.6,
07:40:12,329.21,19.0,336.65,51.0,327.03,61.0,339.24,62.0,332.93,7.439999999999998,80.0,113.0,2.618535850432796,329.21,336.65,193,-33.0,-3.0,-0.17,335.5,4.0
07:40:13,330.94,16.0,338.0,52.0,329.98,49.0,339.0,39.0,334.47,7.060000000000002,65.0,91.0,2.6960934701905104,330.94,338.0,156,-26.0,-37.0,-0.17,335.5,
07:40:14,332.82,11.0,338.0,44.0,330.0,44.0,339.0,33.0,335.41,5.180000000000007,55.0,77.0,2.840443627323992,332.82,338.0,132,-22.0,-24.0,-0.17,335.5,
07:40:15,330.0,12.0,338.0,24.0,319.17,6.0,339.0,18.0,334.0,8.0,18.0,42.0,2.190461138666127,330.0,338.0,60,-24.0,-72.0,-0.4,331.0,3.0
07:40:16,330.0,28.0,333.23,40.0,319.86,14.0,339.26,57.0,331.61,3.230000000000018,42.0,97.0,1.463447983362203,330.0,333.23,139,-55.0,79.0,-0.4,331.0,
07:40:17,330.36,44.0,337.18,34.0,323.0,18.0,339.77,62.0,333.77,6.819999999999993,62.0,96.0,1.4021840107514698,330.36,337.18,158,-34.0,19.0,-0.22,331.0,
07:40:18,333.39,98.0,337.58,50.0,331.79,84.0,340.57,101.0,335.48,4.189999999999998,182.0,151.0,1.5755094414211854,333.39,337.58,333,31.0,175.0,0.09,338.0,8.0
07:40:19,335.14,98.0,343.18,51.0,333.0,28.0,347.48,46.0,339.16,8.04000000000002,126.0,97.0,2.799505313445241,335.14,343.18,223,29.0,-110.0,0.13,338.0,
07:40:20,337.77,113.0,342.0,85.0,335.59,39.0,348.0,34.0,339.88,4.230000000000018,152.0,119.0,3.5197087947739902,337.77,342.0,271,33.0,48.0,0.12,338.0,
07:40:21,340.43,72.0,342.89,54.0,335.96,25.0,349.78,36.0,341.66,2.4599999999999795,97.0,90.0,3.2603067340377234,340.43,342.89,187,7.0,-84.0,0.04,342.0,5.0
07:40:22,336.26,35.0,348.0,32.0,330.89,19.0,352.0,64.0,342.13,11.740000000000007,54.0,96.0,2.6396817990078865,336.26,348.0,150,-42.0,-37.0,-0.28,342.0,
07:40:23,337.29,21.0,342.78,46.0,336.0,26.0,349.5,32.0,340.03,5.489999999999952,47.0,78.0,1.262683650014729,337.29,342.78,125,-31.0,-25.0,-0.25,337.0,2.0
07:40:24,338.0,13.0,342.0,55.0,336.0,26.0,348.0,26.0,340.0,4.0,39.0,81.0,1.068854527059098,338.0,342.0,120,-42.0,-5.0,-0.35,337.0,
07:40:25,337.75,16.0,342.0,60.0,329.87,31.0,350.0,24.0,339.88,4.25,47.0,84.0,1.068854527059098,337.75,342.0,131,-37.0,11.0,-0.28,337.0,3.0
07:40:26,339.0,27.0,341.93,43.0,322.0,9.0,348.1,21.0,340.47,2.930000000000007,36.0,64.0,0.9371606052403424,339.0,341.93,100,-28.0,-31.0,-0.28,337.0,
07:40:27,329.35,49.0,341.09,34.0,320.68,19.0,342.38,48.0,335.22,11.739999999999952,68.0,82.0,2.191608997976798,329.35,341.09,150,-14.0,50.0,-0.09,339.0,3.0
07:40:28,322.0,10.0,343.0,19.0,320.0,56.0,344.0,28.0,332.5,21.0,66.0,47.0,3.5661155337441444,322.0,343.0,113,19.0,-37.0,0.17,339.0,
07:40:29,322.0,18.0,342.5,40.0,320.0,36.0,343.67,30.0,332.25,20.5,54.0,70.0,3.934962515705789,322.0,342.5,124,-16.0,11.0,-0.13,339.0,
07:40:30,322.0,18.0,340.44,45.0,320.0,18.0,342.76,21.0,331.22,18.44,36.0,66.0,3.7362775592837942,322.0,340.44,102,-30.0,-22.0,-0.29,339.0,
07:40:31,322.0,18.0,340.0,45.0,320.0,18.0,343.0,39.0,331.0,18.0,36.0,84.0,1.6830092097209186,322.0,340.0,120,-48.0,18.0,-0.4,339.0,
07:40:32,322.0,18.0,339.95,42.0,320.0,18.0,342.75,61.0,330.98,17.94999999999999,36.0,103.0,0.7281483365388958,322.0,339.95,139,-67.0,19.0,-0.48,339.0,
07:40:33,322.0,32.0,330.76,38.0,320.0,32.0,336.44,64.0,326.38,8.759999999999991,64.0,102.0,2.2883356397178494,322.0,330.76,166,-38.0,27.0,-0.23,339.0,
07:40:34,325.47,166.0,329.0,36.0,325.12,131.0,338.8,82.0,327.23,3.5299999999999727,297.0,118.0,2.3553598451195703,325.47,329.0,415,179.0,184.0,0.43,328.0,2.0
07:40:35,329.27,52.0,337.0,12.0,327.21,132.0,338.0,48.0,333.13,7.730000000000018,184.0,60.0,2.837557047885061,329.27000000000004,337.0,244,124.0,-171.0,0.51,328.0,
07:40:36,330.6,75.0,332.24,41.0,329.0,195.0,337.38,21.0,331.42,1.6399999999999864,270.0,62.0,2.8897698870329296,330.6,332.24,332,208.0,88.0,0.63,334.2,5.0
07:40:37,331.93,80.0,338.0,35.0,330.53,166.0,339.0,70.0,334.96,6.069999999999993,246.0,105.0,3.716359778062845,331.93,338.0,351,141.0,19.0,0.4,338.0,1.0
07:40:38,335.55,147.0,338.24,42.0,333.97,136.0,339.07,86.0,336.89,2.6899999999999977,283.0,128.0,3.68797098687153,335.55,338.24,411,155.0,60.0,0.38,338.0,2.0
07:40:39,336.14,220.0,339.0,75.0,328.12,56.0,340.0,45.0,337.57,2.8600000000000136,276.0,120.0,2.563187468760173,336.14,339.0,396,156.0,-15.0,0.39,336.0,3.0
07:40:40,338.0,52.0,339.0,20.0,336.0,28.0,340.0,21.0,338.5,1.0,80.0,41.0,2.805257563934338,338.0,339.0,121,39.0,-184.0,0.32,338.5,6.0
07:40:41,336.35,17.0,340.0,27.0,335.0,21.0,342.0,9.0,338.18,3.649999999999977,38.0,36.0,1.4052579834368375,336.35,340.0,74,2.0,-47.0,0.03,338.0,3.0
07:40:42,337.98,224.0,339.62,34.0,336.21,34.0,341.71,41.0,338.8,1.6399999999999864,258.0,75.0,0.7646371688677324,337.98,339.62,333,183.0,184.0,0.55,339.0,1.0
07:40:43,338.0,184.0,341.27,41.0,336.0,42.0,372.88,56.0,339.63,3.269999999999982,226.0,97.0,0.7628433653213607,338.0,341.27,323,129.0,-10.0,0.4,338.17,6.0
07:40:44,338.0,99.0,339.0,18.0,336.0,27.0,342.0,27.0,338.5,1.0,126.0,45.0,0.5529195239951986,338.0,339.0,171,81.0,-152.0,0.47,338.17,
07:40:45,338.13,76.0,342.0,33.0,337.51,73.0,347.0,11.0,340.07,3.870000000000005,149.0,44.0,0.7902088331672554,338.13,342.0,193,105.0,22.0,0.54,339.0,2.0
07:40:46,338.78,36.0,342.0,30.0,337.94,96.0,347.0,10.0,340.39,3.2200000000000277,132.0,40.0,0.8095492573131335,338.78,342.0,172,92.0,-21.0,0.53,338.4,5.0
07:40:47,339.0,98.0,341.65,46.0,338.0,112.0,343.91,35.0,340.33,2.6499999999999773,210.0,81.0,0.7777403165689154,339.0,341.65,291,129.0,119.0,0.44,338.4,
07:40:48,339.0,83.0,340.94,49.0,338.0,104.0,344.11,57.0,339.97,1.9399999999999975,187.0,106.0,0.7757705846555587,339.0,340.94000000000005,293,81.0,2.0,0.28,339.0,4.0
07:40:49,339.15,39.0,343.0,26.0,338.06,94.0,344.0,39.0,341.08,3.850000000000023,133.0,65.0,0.4347643039827988,339.15,343.0,198,68.0,-95.0,0.34,339.0,
07:40:50,340.0,33.0,342.18,22.0,339.0,33.0,345.6,45.0,341.09,2.180000000000007,66.0,67.0,0.4950959503146454,340.0,342.18,133,-1.0,-65.0,-0.01,339.0,
07:40:51,339.88,24.0,346.74,76.0,338.58,57.0,352.0,24.0,343.31,6.860000000000014,81.0,100.0,1.2979522333348312,339.88,346.74,181,-19.0,48.0,-0.1,342.0,2.0
07:40:52,341.7,10.0,347.0,60.0,339.0,30.0,357.0,10.0,344.35,5.300000000000011,40.0,70.0,1.80457751288776,341.7,347.0,110,-30.0,-71.0,-0.27,342.0,
07:40:53,342.0,13.0,347.0,78.0,339.0,39.0,357.0,13.0,344.5,5.0,52.0,91.0,1.689180274577485,342.0,347.0,143,-39.0,33.0,-0.27,342.0,
07:40:54,343.0,36.0,346.55,44.0,342.0,9.0,348.6,25.0,344.77,3.550000000000012,45.0,69.0,1.5104237815999912,343.0,346.55,114,-24.0,-29.0,-0.21,342.0,
07:40:55,343.0,50.0,346.0,52.0,342.0,13.0,347.38,39.0,344.5,3.0,63.0,91.0,0.5662419977570187,343.0,346.0,154,-28.0,40.0,-0.18,343.0,1.0
07:40:56,343.0,36.0,345.25,48.0,342.0,12.0,347.33,36.0,344.12,2.25,48.0,84.0,0.2378444870584852,343.0,345.25,132,-36.0,-22.0,-0.27,343.0,
07:40:57,343.0,22.0,344.75,32.0,342.0,8.0,347.0,24.0,343.88,1.75,30.0,56.0,0.3518238195801713,343.0,344.75,86,-26.0,-46.0,-0.3,343.0,2.0
07:40:58,342.08,12.0,343.92,48.0,339.07,45.0,348.0,36.0,343.0,1.840000000000032,57.0,84.0,0.6813809507342683,342.08,343.92,141,-27.0,55.0,-0.19,343.0,1.0
07:40:59,338.42,62.0,348.51,55.0,336.84,43.0,352.97,61.0,343.46,10.089999999999977,105.0,116.0,0.5818247158923021,338.42,348.51,221,-11.0,80.0,-0.05,339.17,6.0
07:41:00,341.86,43.0,350.0,21.0,340.84,38.0,351.0,21.0,345.93,8.139999999999986,81.0,42.0,1.1196963874299075,341.86,350.0,123,39.0,-98.0,0.32,339.17,
07:41:01,344.0,60.0,348.3,30.0,342.0,70.0,350.2,30.0,346.15,4.300000000000011,130.0,60.0,1.4562039692378828,344.0,348.3,190,70.0,67.0,0.37,339.17,
07:41:02,344.0,60.0,347.0,30.0,340.72,39.0,349.0,30.0,345.5,3.0,99.0,60.0,1.46839027510558,344.0,347.0,159,39.0,-31.0,0.25,339.17,
07:41:03,344.0,57.0,346.08,36.0,342.0,48.0,350.51,45.0,345.04,2.079999999999984,105.0,81.0,1.0697336117114464,344.0,346.08,186,24.0,27.0,0.13,344.0,3.0
07:41:04,343.5,32.0,347.82,34.0,341.78,36.0,354.5,48.0,345.66,4.319999999999993,68.0,82.0,0.4251235114949723,343.5,347.82,150,-14.0,-36.0,-0.09,344.0,3.0
07:41:05,342.0,28.0,353.71,35.0,340.0,14.0,355.0,28.0,347.86,11.70999999999998,42.0,63.0,1.0909262119989411,342.0,353.71,105,-21.0,-45.0,-0.2,344.0,
07:41:06,342.0,44.0,352.0,55.0,340.0,22.0,354.09,44.0,347.0,10.0,66.0,99.0,1.1749553183107018,342.0,352.0,165,-33.0,60.0,-0.2,344.0,
07:41:07,342.0,52.0,352.0,65.0,340.0,26.0,354.0,52.0,347.0,10.0,78.0,117.0,1.1386483214878187,342.0,352.0,195,-39.0,30.0,-0.2,344.0,
07:41:08,342.67,60.0,352.0,45.0,341.23,26.0,354.0,36.0,347.33,9.329999999999984,86.0,81.0,0.8123422924036869,342.67,352.0,167,5.0,-28.0,0.03,344.0,
07:41:09,343.82,110.0,351.77,52.0,342.0,44.0,353.36,47.0,347.79,7.949999999999989,154.0,99.0,0.4148855264145457,343.82,351.77000000000004,253,55.0,86.0,0.22,344.0,
07:41:10,345.0,75.0,351.0,36.0,342.0,36.0,352.0,45.0,348.0,6.0,111.0,81.0,0.4566508513386534,345.0,351.0,192,30.0,-61.0,0.16,345.0,3.0
07:41:11,345.0,71.0,349.45,44.0,342.0,44.0,353.27,55.0,347.23,4.449999999999989,115.0,99.0,0.412734781704165,345.0,349.45,214,16.0,22.0,0.07,345.0,1.0
07:41:12,345.0,66.0,348.45,44.0,342.36,50.0,354.45,55.0,346.73,3.4499999999999886,116.0,99.0,0.4983773670907384,345.0,348.45,215,17.0,1.0,0.08,345.0,
07:41:13,345.0,24.0,347.89,27.0,343.0,42.0,354.18,34.0,346.44,2.8899999999999864,66.0,61.0,0.667135668382413,345.0,347.89,127,5.0,-88.0,0.04,345.0,3.0
07:41:14,345.0,20.0,346.72,29.0,343.0,54.0,347.82,34.0,345.86,1.7200000000000273,74.0,63.0,0.810783571631466,345.0,346.72,137,11.0,10.0,0.08,345.0,1.0
07:41:15,343.86,56.0,346.15,59.0,342.83,92.0,347.93,45.0,345.0,2.289999999999964,148.0,104.0,0.8575371712215034,343.86,346.15,252,44.0,115.0,0.17,345.0,2.0
07:41:16,343.0,104.0,346.0,26.0,342.0,52.0,347.0,39.0,344.5,3.0,156.0,65.0,0.9439173692785529,343.0,346.0,221,91.0,-31.0,0.41,345.0,
07:41:17,343.0,72.0,347.97,31.0,342.0,60.0,353.2,50.0,345.48,4.970000000000027,132.0,81.0,0.750653049034876,343.0,347.97,213,51.0,-8.0,0.24,343.0,5.0
07:41:18,343.0,33.0,353.09,22.0,342.0,44.0,354.36,28.0,348.05,10.089999999999977,77.0,50.0,1.3689485015974336,343.0,353.09,127,27.0,-86.0,0.21,343.0,
07:41:19,343.0,39.0,352.0,26.0,342.0,52.0,354.85,53.0,347.5,9.0,91.0,79.0,1.5745412030259285,343.0,352.0,170,12.0,43.0,0.07,343.0,
07:41:20,343.0,39.0,352.0,26.0,342.0,52.0,356.8,49.0,347.5,9.0,91.0,75.0,1.5318877243541933,343.0,352.0,166,16.0,-4.0,0.1,343.0,
07:41:21,343.0,48.0,350.0,40.0,342.0,64.0,351.0,40.0,346.5,7.0,112.0,80.0,1.0201372456819968,343.0,350.0,192,32.0,26.0,0.17,343.0,
07:41:22,342.19,48.0,347.12,34.0,340.63,38.0,348.17,46.0,344.65,4.930000000000007,86.0,80.0,1.3460126299657995,342.19,347.12,166,6.0,-26.0,0.04,342.75,4.0
07:41:23,342.0,36.0,346.0,24.0,340.0,24.0,348.0,36.0,344.0,4.0,60.0,60.0,1.6254230218703722,342.0,346.0,120,0.0,-46.0,0.0,342.75,
07:41:24,342.0,24.0,345.18,22.0,340.0,16.0,346.67,18.0,343.59,3.180000000000007,40.0,40.0,1.6810026769833024,342.0,345.18,80,0.0,-40.0,0.0,342.75,
07:41:25,342.0,48.0,344.19,48.0,340.0,32.0,346.0,32.0,343.09,2.1899999999999977,80.0,80.0,1.3227736011969866,342.0,344.19,160,0.0,80.0,0.0,342.75,
07:41:26,340.86,21.0,347.89,27.0,339.11,88.0,354.36,28.0,344.37,7.029999999999973,109.0,55.0,0.6200000000185136,340.86,347.89,164,54.0,4.0,0.33,342.0,3.0
07:41:27,340.0,22.0,353.73,22.0,339.0,143.0,358.14,35.0,346.86,13.730000000000018,165.0,57.0,1.4648447016744326,340.0,353.73,222,108.0,58.0,0.49,342.0,
