Time,Bid1_Price,Bid1_Volume,Ask1_Price,Ask1_Volume,Bid2_Price,Bid2_Volume,Ask2_Price,Ask2_Volume,Mid-Price,Bid_Ask_Spread,Market_Depth_Bid,Market_Depth_Ask,Historical_Volatility,Weighted_Avg_Bid_Price,Weighted_Avg_Ask_Price,Total_volume,Cumulative_Volume_Difference,Total_Volume_Change_Corrected,Order_imbalance,Weighted_Avg_Price,Trade_Volume
07:30:08,271.52,66.0,302.0,20.0,268.17,36.0,304.0,40.0,286.76,30.480000000000015,102.0,60.0,12.704216622838205,271.52,302.0,162,42.0,127.0,0.26,,
07:30:09,274.0,22.0,301.06,32.0,272.0,88.0,302.33,24.0,287.53,27.06,110.0,56.0,15.02202782582958,274.0,301.06,166,54.0,4.0,0.33,,
07:30:10,274.0,4.0,300.0,4.0,272.0,16.0,301.4,5.0,287.0,26.0,20.0,9.0,14.03836956344995,274.0,300.0,29,11.0,-137.0,0.38,,
07:30:11,275.29,68.0,297.0,10.0,273.0,32.0,301.0,30.0,286.15,21.70999999999998,100.0,40.0,8.940132549352812,275.29,297.0,140,60.0,111.0,0.43,,
07:30:12,276.89,72.0,300.84,25.0,274.0,18.0,301.89,27.0,288.86,23.94999999999999,90.0,52.0,1.022570290981202,276.89,300.84,142,38.0,2.0,0.27,297.0,1.0
07:30:13,279.59,68.0,300.85,39.0,279.12,82.0,301.92,39.0,290.22,21.260000000000048,150.0,78.0,1.6046713059057989,279.59,300.85,228,72.0,86.0,0.32,297.0,
07:30:14,285.13,53.0,299.0,36.0,283.48,73.0,301.0,36.0,292.07,13.870000000000005,126.0,72.0,2.3956940539220333,285.13,299.0,198,54.0,-30.0,0.27,297.0,
07:30:15,287.75,96.0,299.0,27.0,286.11,19.0,301.0,27.0,293.38,11.25,115.0,54.0,2.8190122383553584,287.75,299.0,169,61.0,-29.0,0.36,297.0,
07:30:16,289.41,78.0,299.0,31.0,288.52,105.0,301.0,33.0,294.21,9.589999999999977,183.0,64.0,2.2081598674002434,289.41,299.0,247,119.0,78.0,0.48,299.0,1.0
07:30:17,293.63,86.0,299.0,28.0,292.41,74.0,301.0,42.0,296.31,5.3700000000000045,160.0,70.0,2.2844408506234086,293.63,299.0,230,90.0,-17.0,0.39,299.0,
07:30:18,294.0,49.0,299.0,14.0,293.0,28.0,301.0,41.0,296.5,5.0,77.0,55.0,1.9052112743727465,294.0,299.0,132,22.0,-98.0,0.17,299.0,
07:30:19,295.05,110.0,301.69,26.0,294.0,83.0,303.38,52.0,298.37,6.639999999999986,193.0,78.0,1.9829851234936071,295.05,301.69,271,115.0,139.0,0.42,300.73,11.0
07:30:20,297.76,68.0,300.68,22.0,297.09,132.0,302.18,44.0,299.22,2.920000000000016,200.0,66.0,1.9548068958331724,297.76,300.68,266,134.0,-5.0,0.5,300.0,1.0
07:30:21,301.89,44.0,306.77,52.0,299.29,94.0,314.5,64.0,304.33,4.879999999999996,138.0,116.0,3.252911004008061,301.89,306.77,254,22.0,-12.0,0.09,303.33,6.0
07:30:22,306.38,76.0,308.78,67.0,304.72,43.0,323.53,55.0,307.58,2.3999999999999773,119.0,122.0,4.596754289713193,306.38,308.78,241,-3.0,-13.0,-0.01,308.0,3.0
07:30:23,307.0,98.0,308.48,58.0,306.0,13.0,319.73,45.0,307.74,1.4800000000000182,111.0,103.0,4.47030983266224,307.0,308.48,214,8.0,-27.0,0.04,307.0,2.0
07:30:24,306.65,23.0,307.5,60.0,305.14,28.0,311.25,48.0,307.08,0.8500000000000227,51.0,108.0,3.61134324040194,306.65,307.5,159,-57.0,-55.0,-0.36,307.0,6.0
07:30:25,305.25,24.0,311.89,54.0,304.33,54.0,318.5,48.0,308.57,6.639999999999986,78.0,102.0,1.6175753460030429,305.25,311.89,180,-24.0,21.0,-0.13,306.0,1.0
07:30:26,305.0,42.0,316.86,88.0,302.85,39.0,319.29,76.0,310.93,11.860000000000014,81.0,164.0,1.5230068942709492,305.0,316.86,245,-83.0,65.0,-0.34,306.0,
07:30:27,303.12,16.0,313.86,42.0,293.56,43.0,316.86,84.0,308.49,10.740000000000007,59.0,126.0,1.4564237020856392,303.12,313.86,185,-67.0,-60.0,-0.36,306.0,4.0
07:30:28,297.97,37.0,301.0,20.0,294.2,15.0,305.08,50.0,299.49,3.0299999999999727,52.0,70.0,4.3731476078446,297.97,301.0,122,-18.0,-63.0,-0.15,306.0,
07:30:29,298.0,32.0,301.0,16.0,297.0,8.0,303.0,48.0,299.5,3.0,40.0,64.0,5.475306384121091,298.0,301.0,104,-24.0,-18.0,-0.23,306.0,
07:30:30,298.65,57.0,301.0,30.0,290.67,48.0,302.51,82.0,299.82,2.3500000000000227,105.0,112.0,5.604036937779542,298.65,301.0,217,-7.0,113.0,-0.03,299.0,3.0
07:30:31,290.68,31.0,301.0,15.0,288.15,47.0,303.0,60.0,295.84,10.319999999999991,78.0,75.0,4.689250473156468,290.68,301.0,153,3.0,-64.0,0.02,301.0,1.0
07:30:32,289.0,8.0,301.0,4.0,287.0,20.0,303.0,24.0,295.0,12.0,28.0,28.0,2.314281746028094,289.0,301.0,56,0.0,-97.0,0.0,301.0,
07:30:33,289.0,6.0,301.0,6.0,287.0,30.0,303.0,36.0,295.0,12.0,36.0,42.0,2.426050288019413,289.0,301.0,78,-6.0,22.0,-0.08,301.0,
07:30:34,289.07,15.0,301.0,15.0,287.03,71.0,303.0,90.0,295.03,11.930000000000009,86.0,105.0,2.089478403812616,289.07,301.0,191,-19.0,113.0,-0.1,301.0,
07:30:35,290.63,19.0,301.0,15.0,287.31,51.0,303.0,90.0,295.82,10.370000000000005,70.0,105.0,0.4493550934389096,290.63,301.0,175,-35.0,-16.0,-0.2,301.0,
07:30:36,293.42,74.0,310.63,49.0,293.27,55.0,312.69,52.0,302.03,17.20999999999998,129.0,101.0,3.069011241426004,293.42,310.63,230,28.0,55.0,0.12,302.71,7.0
07:30:37,309.98,48.0,313.55,58.0,308.86,147.0,318.77,26.0,311.77,3.569999999999993,195.0,84.0,7.242282098896624,309.98,313.55,279,111.0,49.0,0.4,312.0,4.0
07:30:38,311.85,26.0,322.0,13.0,310.0,130.0,514.55,55.0,316.92,10.149999999999975,156.0,68.0,9.721889219693766,311.85,322.0,224,88.0,-55.0,0.39,313.0,3.0
07:30:39,312.0,13.0,322.0,7.0,310.0,82.0,540.83,29.0,317.0,10.0,95.0,36.0,9.437508675492534,312.0,322.0,131,59.0,-93.0,0.45,312.0,1.0
07:30:40,312.0,11.0,321.37,19.0,310.0,132.0,497.03,29.0,316.68,9.370000000000005,143.0,48.0,6.45543569404853,312.0,321.37,191,95.0,60.0,0.5,312.0,
07:30:41,310.71,28.0,320.5,36.0,309.85,122.0,322.0,12.0,315.61,9.79000000000002,150.0,48.0,2.210074659371239,310.71,320.5,198,102.0,7.0,0.52,310.5,4.0
07:30:42,310.0,80.0,311.62,39.0,301.0,11.0,314.64,28.0,310.81,1.6200000000000043,91.0,67.0,2.627780432226957,310.0,311.62,158,24.0,-40.0,0.15,310.0,5.0
07:30:43,310.09,35.0,312.0,44.0,306.1,40.0,322.0,11.0,311.04,1.910000000000025,75.0,55.0,3.0599133974665347,310.09,312.0,130,20.0,-28.0,0.15,310.0,
07:30:44,310.0,44.0,312.0,33.0,306.87,45.0,322.0,11.0,311.0,2.0,89.0,44.0,2.8717712304422074,310.0,312.0,133,45.0,3.0,0.34,312.0,1.0
07:30:45,310.0,28.0,311.71,21.0,309.0,21.0,316.55,11.0,310.86,1.7099999999999795,49.0,32.0,2.096241875355975,310.0,311.71,81,17.0,-52.0,0.21,312.0,
07:30:46,310.0,22.0,311.86,21.0,309.0,21.0,313.65,17.0,310.93,1.8600000000000136,43.0,38.0,0.0952365475867612,310.0,311.86,81,5.0,0.0,0.06,310.0,3.0
07:30:47,305.59,17.0,314.0,15.0,306.0,9.0,323.0,5.0,309.79,8.410000000000025,26.0,20.0,0.5266213060599789,305.59,314.0,46,6.0,-35.0,0.13,308.4,5.0
07:30:48,305.0,35.0,314.0,21.0,300.0,7.0,323.0,7.0,309.5,9.0,42.0,28.0,0.7129726502443432,305.0,314.0,70,14.0,24.0,0.2,308.4,
07:30:49,305.0,65.0,314.0,39.0,300.0,13.0,328.65,17.0,309.5,9.0,78.0,56.0,0.7213390326306804,305.0,314.0,134,22.0,64.0,0.16,308.4,
07:30:50,305.0,35.0,314.0,21.0,300.0,7.0,317.4,15.0,309.5,9.0,42.0,36.0,0.6199435458141832,305.0,314.0,78,6.0,-56.0,0.08,308.4,
07:30:51,310.75,16.0,313.98,46.0,307.33,24.0,317.26,34.0,312.36,3.230000000000018,40.0,80.0,1.2529165973825045,310.75,313.98,120,-40.0,42.0,-0.33,308.4,
07:30:52,311.0,13.0,312.77,13.0,309.0,13.0,314.0,39.0,311.88,1.7699999999999818,26.0,52.0,1.4450328715971756,311.0,312.77,78,-26.0,-42.0,-0.33,308.4,
07:30:53,308.76,17.0,313.3,23.0,306.03,29.0,315.9,29.0,311.03,4.5400000000000205,46.0,52.0,1.3246056016778132,308.76,313.3,98,-6.0,20.0,-0.06,310.0,2.0
07:30:54,305.0,50.0,315.2,30.0,301.33,30.0,325.0,10.0,310.1,10.199999999999989,80.0,40.0,1.191796962572141,305.0,315.2,120,40.0,22.0,0.33,310.0,
07:30:55,305.0,90.0,317.0,54.0,300.89,76.0,325.0,18.0,311.0,12.0,166.0,72.0,0.8745741821001018,305.0,317.0,238,94.0,118.0,0.39,310.0,
07:30:56,305.0,40.0,317.0,24.0,302.0,16.0,325.0,8.0,311.0,12.0,56.0,32.0,0.6295395142452722,305.0,317.0,88,24.0,-150.0,0.27,310.0,
07:30:57,305.85,66.0,316.04,78.0,304.86,86.0,317.17,46.0,310.94,10.189999999999998,152.0,124.0,0.4004747182985028,305.85,316.04,276,28.0,177.5,0.1,310.0,
07:30:58,307.31,64.0,314.57,40.0,305.0,96.0,315.53,68.0,310.94,7.259999999999991,160.0,108.0,0.3902307009914492,307.31,314.57,268,52.0,-8.0,0.19,310.0,
07:30:59,308.84,76.0,311.13,63.0,305.0,114.0,314.35,51.0,309.98,2.2900000000000205,190.0,114.0,0.4437566900862318,308.84,311.13,304,76.0,36.0,0.25,310.0,
07:31:00,306.77,78.0,310.14,35.0,305.05,114.0,310.58,19.0,308.46,3.3700000000000045,192.0,54.0,1.0943856724192458,306.77,310.14,246,138.0,-58.0,0.56,308.5,8.0
07:31:01,305.36,28.0,307.18,40.0,301.23,78.0,312.31,16.0,306.27,1.8199999999999927,106.0,56.0,1.982831309011673,305.36,307.18,162,50.0,-84.0,0.31,305.4,5.0
07:31:02,305.0,33.0,309.0,11.0,298.0,77.0,312.0,55.0,307.0,4.0,110.0,66.0,1.9598469327978767,305.0,309.0,176,44.0,14.0,0.25,305.4,
07:31:03,305.48,23.0,308.6,10.0,300.74,46.0,312.0,50.0,307.04,3.1200000000000045,69.0,60.0,1.4776670802307013,305.48,308.6,129,9.0,-47.0,0.07,305.4,
07:31:04,305.47,43.0,309.12,24.0,299.35,78.0,312.31,68.0,307.3,3.649999999999977,121.0,92.0,0.7948458970125829,305.47,309.12,213,29.0,84.0,0.14,305.86,7.0
07:31:05,308.59,39.0,310.0,51.0,302.77,44.0,314.12,85.0,309.29,1.410000000000025,83.0,136.0,1.1343059551980263,308.59,310.0,219,-53.0,6.0,-0.24,309.0,1.0
07:31:06,309.0,22.0,315.0,55.0,305.0,22.0,319.27,33.0,312.0,6.0,44.0,88.0,2.1617307880485988,309.0,315.0,132,-44.0,-87.0,-0.33,309.0,
07:31:07,309.0,22.0,315.0,55.0,305.0,22.0,320.0,33.0,312.0,6.0,44.0,88.0,2.4203470825476114,309.0,315.0,132,-44.0,0.0,-0.33,309.0,
07:31:08,309.0,30.0,315.0,75.0,302.22,41.0,320.0,45.0,312.0,6.0,71.0,120.0,2.147817496901529,309.0,315.0,191,-49.0,59.0,-0.26,309.0,
07:31:09,309.0,39.0,313.52,46.0,305.0,26.0,315.31,96.0,311.26,4.519999999999982,65.0,142.0,1.1737972567680084,309.0,313.52,207,-77.0,16.0,-0.37,309.0,1.0
07:31:10,309.0,9.0,312.56,18.0,305.0,9.0,315.0,45.0,310.78,3.5600000000000023,18.0,63.0,0.5629564814406572,309.0,312.56,81,-45.0,-126.0,-0.56,309.0,
07:31:11,309.0,10.0,311.3,20.0,305.0,10.0,314.2,50.0,310.15,2.300000000000012,20.0,70.0,0.7992621597424537,309.0,311.3,90,-50.0,9.0,-0.56,309.0,
07:31:12,309.0,7.0,311.0,14.0,305.0,7.0,314.0,35.0,310.0,2.0,14.0,49.0,0.8226907073720173,309.0,311.0,63,-35.0,-27.0,-0.56,309.0,
07:31:13,307.91,11.0,311.84,31.0,298.48,29.0,313.79,43.0,309.87,3.92999999999995,40.0,74.0,0.5887868884378858,307.91,311.84,114,-34.0,51.0,-0.3,309.0,1.0
07:31:14,305.0,12.0,313.58,60.0,296.0,84.0,319.0,12.0,309.29,8.579999999999984,96.0,72.0,0.5362555360986472,305.0,313.58,168,24.0,54.0,0.14,309.0,
07:31:15,306.55,185.0,313.9,61.0,302.72,83.0,315.34,41.0,310.22,7.349999999999966,268.0,102.0,0.3700405383150466,306.55,313.9,370,166.0,177.5,0.45,309.0,
07:31:16,307.92,166.0,311.17,18.0,305.0,234.0,316.03,75.0,309.54,3.25,400.0,93.0,0.3700405383150724,307.92,311.17,493,307.0,123.0,0.62,308.0,8.0
07:31:17,308.29,85.0,310.53,17.0,305.0,221.0,320.0,80.0,309.41,2.2399999999999523,306.0,97.0,0.3779285646739623,308.29,310.53,403,209.0,-90.0,0.52,308.0,
07:31:18,309.0,55.0,318.23,35.0,305.0,169.0,320.94,34.0,313.61,9.230000000000018,224.0,69.0,1.822588818136569,309.0,318.23,293,155.0,-110.0,0.53,309.0,1.0
07:31:19,309.43,56.0,316.19,64.0,305.94,136.0,319.47,60.0,312.81,6.759999999999991,192.0,124.0,1.9549092050518333,309.43,316.19,316,68.0,23.0,0.22,309.0,
07:31:20,309.73,37.0,314.74,47.0,306.43,101.0,316.71,35.0,312.24,5.009999999999991,138.0,82.0,1.9315201267386133,309.73,314.74,220,56.0,-96.0,0.25,309.6,5.0
07:31:21,309.23,26.0,312.05,22.0,305.85,130.0,314.02,61.0,310.64,2.819999999999993,156.0,83.0,1.6978427489011898,309.23,312.05,239,73.0,19.0,0.31,309.6,
07:31:22,305.53,104.0,311.0,18.0,302.54,105.0,314.0,60.0,308.26,5.470000000000027,209.0,78.0,2.118506549434401,305.53,311.0,287,131.0,48.0,0.46,310.0,1.0
07:31:23,305.39,38.0,310.04,27.0,304.43,168.0,313.25,32.0,307.72,4.650000000000034,206.0,59.0,2.290825178837653,305.39,310.04,265,147.0,-22.0,0.55,310.0,
07:31:24,307.0,11.0,309.54,26.0,305.0,23.0,313.1,40.0,308.27,2.5400000000000205,34.0,66.0,1.936409047695428,307.0,309.54,100,-32.0,-165.0,-0.32,310.0,
07:31:25,305.91,11.0,307.46,26.0,295.53,95.0,308.88,32.0,306.69,1.5499999999999543,106.0,58.0,1.4495964955796758,305.91,307.46,164,48.0,64.0,0.29,307.5,2.0
07:31:26,295.17,229.0,305.1,51.0,294.14,105.0,306.34,32.0,300.14,9.930000000000009,334.0,83.0,3.456924934099308,295.17,305.1,417,251.0,177.5,0.6,304.0,2.0
07:31:27,295.0,165.0,299.36,22.0,293.0,33.0,300.21,38.0,297.18,4.360000000000014,198.0,60.0,5.017952769805447,295.0,299.36,258,138.0,-159.0,0.53,304.0,
07:31:28,295.0,150.0,299.53,19.0,293.0,30.0,300.11,38.0,297.26,4.529999999999973,180.0,57.0,5.254195466481884,295.0,299.53,237,123.0,-21.0,0.52,299.4,5.0
07:31:29,295.07,145.0,300.0,33.0,259.75,40.0,301.0,22.0,297.53,4.930000000000007,185.0,55.0,4.06351448871535,295.07,300.0,240,130.0,3.0,0.54,299.4,
07:31:30,296.0,110.0,298.0,55.0,295.0,110.0,300.0,33.0,297.0,2.0,220.0,88.0,1.3097786072463224,296.0,298.0,308,132.0,68.0,0.43,299.4,
07:31:31,296.67,60.0,298.0,28.0,295.0,60.0,300.0,18.0,297.33,1.329999999999984,120.0,46.0,0.1948075973885868,296.67,298.0,166,74.0,-142.0,0.45,298.0,1.0
07:31:32,295.0,73.0,300.0,24.0,291.0,16.0,301.0,16.0,297.5,5.0,89.0,40.0,0.2136117974276869,295.0,300.0,129,49.0,-37.0,0.38,298.0,4.0
07:31:33,295.16,75.0,301.88,32.0,293.25,32.0,303.27,33.0,298.52,6.71999999999997,107.0,65.0,0.5681813090908143,295.16,301.88,172,42.0,43.0,0.24,301.44,9.0
07:31:34,296.89,54.0,303.0,36.0,294.4,53.0,304.0,45.0,299.94,6.110000000000014,107.0,81.0,1.1954162454977304,296.89,303.0,188,26.0,16.0,0.14,301.44,
07:31:35,298.0,78.0,303.0,16.0,290.23,35.0,304.0,65.0,300.5,5.0,113.0,81.0,1.4239101095221958,298.0,303.0,194,32.0,6.0,0.16,303.0,3.0
07:31:36,298.23,39.0,303.0,10.0,289.8,30.0,304.0,50.0,300.62,4.769999999999982,69.0,60.0,1.3576744823407376,298.23,303.0,129,9.0,-65.0,0.07,298.0,3.0
07:31:37,300.0,21.0,303.0,7.0,297.43,21.0,304.0,35.0,301.5,3.0,42.0,42.0,1.1005816643933566,300.0,303.0,84,0.0,-45.0,0.0,298.0,
07:31:38,301.21,34.0,303.94,53.0,295.07,42.0,306.62,34.0,302.57,2.730000000000018,76.0,87.0,1.028289842407515,301.21,303.94,163,-11.0,79.0,-0.07,303.0,1.0
07:31:39,302.25,24.0,304.0,24.0,292.0,16.0,305.0,8.0,303.12,1.75,40.0,32.0,1.163236863239025,302.25,304.0,72,8.0,-91.0,0.11,304.0,2.0
07:31:40,303.0,33.0,310.96,71.0,292.91,22.0,357.57,35.0,306.98,7.9599999999999795,55.0,106.0,2.4466957309803634,303.0,310.96,161,-51.0,89.0,-0.32,304.25,4.0
07:31:41,304.0,33.0,306.26,19.0,303.0,27.0,311.89,45.0,305.13,2.259999999999991,60.0,64.0,2.1868127491847806,304.0,306.26,124,-4.0,-37.0,-0.03,304.0,1.0
07:31:42,304.0,39.0,310.71,17.0,297.0,26.0,312.08,65.0,307.35,6.70999999999998,65.0,82.0,2.1733959602420803,304.0,310.71,147,-17.0,23.0,-0.12,306.25,4.0
07:31:43,305.0,27.0,310.59,37.0,297.0,18.0,312.22,45.0,307.8,5.589999999999975,45.0,82.0,1.9394148602081147,305.0,310.59,127,-37.0,-20.0,-0.29,306.25,
07:31:44,307.18,33.0,312.78,54.0,292.91,22.0,316.3,46.0,309.98,5.599999999999966,55.0,100.0,1.741886907923544,307.18,312.78,155,-45.0,28.0,-0.29,310.0,4.0
07:31:45,309.24,17.0,313.0,55.0,292.58,24.0,316.63,43.0,311.12,3.759999999999991,41.0,98.0,2.3437853997315927,309.24,313.0,139,-57.0,-16.0,-0.41,309.0,2.0
07:31:46,310.75,16.0,312.8,44.0,293.56,36.0,315.62,80.0,311.77,2.050000000000012,52.0,124.0,1.966349409437244,310.75,312.8,176,-72.0,37.0,-0.41,309.0,
07:31:47,295.79,24.0,311.64,11.0,291.73,22.0,314.76,46.0,303.71,15.849999999999966,46.0,57.0,3.25863928657264,295.79,311.64,103,-11.0,-73.0,-0.11,311.0,1.0
07:31:48,297.0,54.0,310.52,31.0,296.0,62.0,312.56,77.0,303.76,13.519999999999982,116.0,108.0,4.00706501070236,297.0,310.52,224,8.0,121.0,0.04,310.0,1.0
07:31:49,298.0,89.0,307.3,20.0,296.82,34.0,310.45,44.0,302.65,9.300000000000011,123.0,64.0,4.449142614032044,298.0,307.3,187,59.0,-37.0,0.32,310.0,
07:31:50,298.03,113.0,300.29,28.0,297.52,46.0,308.69,52.0,299.16,2.260000000000048,159.0,80.0,4.62445131880497,298.03,300.29,239,79.0,52.0,0.33,298.43,7.0
07:31:51,297.36,22.0,301.0,18.0,296.12,32.0,310.11,45.0,299.18,3.6399999999999855,54.0,63.0,2.3445617927447477,297.36,301.0,117,-9.0,-122.0,-0.08,298.43,
07:31:52,297.0,18.0,303.14,21.0,296.0,36.0,320.33,43.0,300.07,6.139999999999986,54.0,64.0,2.1152139371701644,297.0,303.14,118,-10.0,1.0,-0.08,301.0,2.0
07:31:53,304.84,80.0,310.0,70.0,305.4,130.0,323.36,42.0,307.42,5.160000000000025,210.0,112.0,3.502845985766234,304.84,310.0,322,98.0,177.5,0.3,301.0,
07:31:54,309.0,11.0,310.0,55.0,307.0,198.0,313.0,33.0,309.5,1.0,209.0,88.0,4.9921818877118165,309.0,310.0,297,121.0,-25.0,0.41,301.0,
07:31:55,307.26,62.0,310.0,52.0,306.96,150.0,311.5,24.0,308.63,2.740000000000009,212.0,76.0,4.9359041724892725,307.26,310.0,288,136.0,-9.0,0.47,310.0,1.0
07:31:56,307.0,162.0,310.0,36.0,306.0,18.0,311.0,18.0,308.5,3.0,180.0,54.0,3.847184684934697,307.0,310.0,234,126.0,-54.0,0.54,310.0,
07:31:57,307.0,126.0,310.59,29.0,306.0,42.0,312.33,18.0,308.79,3.589999999999975,168.0,47.0,0.7490460599958385,307.0,310.59,215,121.0,-19.0,0.56,310.0,
07:31:58,307.71,118.0,311.0,39.0,306.71,102.0,313.0,27.0,309.36,3.2900000000000205,220.0,66.0,0.4474706694244412,307.71,311.0,286,154.0,71.0,0.54,311.0,3.0
07:31:59,310.0,33.0,311.0,14.0,307.0,126.0,313.0,21.0,310.5,1.0,159.0,35.0,0.8198963349077106,310.0,311.0,194,124.0,-92.0,0.64,310.0,4.0
07:32:00,310.0,27.0,311.0,18.0,307.0,162.0,313.0,27.0,310.5,1.0,189.0,45.0,0.9379765455463152,310.0,311.0,234,144.0,40.0,0.62,310.0,
07:32:01,307.0,122.0,311.0,18.0,306.0,54.0,313.0,27.0,309.0,4.0,176.0,45.0,0.8199390221199249,307.0,311.0,221,131.0,-13.0,0.59,307.0,5.0
07:32:02,308.21,33.0,311.0,10.0,306.9,58.0,313.0,15.0,309.61,2.7900000000000205,91.0,25.0,0.679985293954906,308.21,311.0,116,66.0,-105.0,0.57,307.0,
07:32:03,309.09,53.0,311.0,26.0,307.01,157.0,313.0,39.0,310.05,1.910000000000025,210.0,65.0,0.6386470073482738,309.09,311.0,275,145.0,159.0,0.53,309.0,4.0
07:32:04,310.0,20.0,311.0,8.0,309.0,4.0,313.0,12.0,310.5,1.0,24.0,20.0,0.6386470073482738,310.0,311.0,44,4.0,-178.5,0.09,309.0,
07:32:05,309.89,46.0,311.0,28.0,307.24,74.0,313.0,42.0,310.45,1.1100000000000136,120.0,70.0,0.6278295947109412,309.89,311.0,190,50.0,146.0,0.26,310.0,5.0
07:32:06,310.0,12.0,311.0,24.0,309.0,12.0,313.0,36.0,310.5,1.0,24.0,60.0,0.3907300858582723,310.0,311.0,84,-36.0,-106.0,-0.43,310.0,
07:32:07,309.5,10.0,311.35,17.0,307.14,70.0,323.19,31.0,310.43,1.8500000000000227,80.0,48.0,0.1903417978132499,309.5,311.35,128,32.0,44.0,0.25,311.0,1.0
07:32:08,309.0,9.0,356.36,33.0,307.0,117.0,490.12,32.0,332.68,47.360000000000014,126.0,65.0,9.932661778193898,309.0,356.36,191,61.0,63.0,0.32,311.0,
07:32:09,309.0,9.0,311.56,45.0,307.0,117.0,356.23,39.0,310.28,2.5600000000000023,126.0,84.0,9.95754839305308,309.0,311.56,210,42.0,19.0,0.2,311.0,
07:32:10,307.95,21.0,311.0,55.0,306.97,134.0,313.45,55.0,309.48,3.050000000000012,155.0,110.0,10.073910859243991,307.95,311.0,265,45.0,55.0,0.17,307.67,3.0
07:32:11,307.0,65.0,311.0,50.0,306.0,40.0,316.0,50.0,309.0,4.0,105.0,100.0,10.250081950891614,307.0,311.0,205,5.0,-60.0,0.02,307.0,5.0
07:32:12,307.0,54.0,310.17,29.0,306.0,36.0,311.56,45.0,308.59,3.170000000000016,90.0,74.0,10.458000764964316,307.0,310.17,164,16.0,-41.0,0.1,307.0,
07:32:13,307.0,66.0,309.91,33.0,305.0,11.0,311.0,55.0,308.45,2.910000000000025,77.0,88.0,0.7435388355661692,307.0,309.91,165,-11.0,1.0,-0.07,307.0,
07:32:14,307.04,81.0,310.36,66.0,305.65,55.0,316.06,80.0,308.7,3.319999999999993,136.0,146.0,0.4090598978085983,307.04,310.36,282,-10.0,117.0,-0.04,308.0,1.0
07:32:15,307.0,78.0,313.64,55.0,305.0,51.0,317.71,85.0,310.32,6.639999999999986,129.0,140.0,0.7586632981732573,307.0,313.64,269,-11.0,-13.0,-0.04,307.0,3.0
07:32:16,305.67,27.0,313.0,18.0,298.14,21.0,317.0,45.0,309.33,7.329999999999984,48.0,63.0,0.7716022291278715,305.67,313.0,111,-15.0,-158.0,-0.14,307.0,3.0
07:32:17,305.0,27.0,310.92,26.0,293.0,18.0,314.16,31.0,307.96,5.920000000000016,45.0,57.0,0.9102032739971536,305.0,310.92,102,-12.0,-9.0,-0.12,307.0,
07:32:18,305.5,18.0,307.75,48.0,302.82,33.0,309.0,24.0,306.62,2.25,51.0,72.0,1.3991354473371214,305.5,307.75,123,-21.0,21.0,-0.17,307.0,
07:32:19,305.5,36.0,308.17,36.0,301.31,39.0,316.89,57.0,306.83,2.670000000000016,75.0,93.0,1.59698778955739,305.5,308.17,168,-18.0,45.0,-0.11,306.0,1.0
07:32:20,299.62,39.0,305.55,51.0,292.88,99.0,312.92,50.0,302.58,5.930000000000007,138.0,101.0,2.524664334123651,299.62,305.55,239,37.0,71.0,0.15,305.33,6.0
07:32:21,293.0,42.0,303.0,35.0,291.0,72.0,308.0,30.0,298.0,10.0,114.0,65.0,4.1164086288896105,293.0,303.0,179,49.0,-60.0,0.27,305.33,
07:32:22,293.0,110.0,300.64,33.0,291.0,88.0,305.98,45.0,296.82,7.639999999999986,198.0,78.0,4.682349837421126,293.0,300.64,276,120.0,97.0,0.43,305.33,
07:32:23,293.74,38.0,298.58,52.0,292.81,115.0,300.87,53.0,296.16,4.839999999999975,153.0,105.0,4.531359619363519,293.74,298.58,258,48.0,-18.0,0.19,305.33,
07:32:24,294.0,22.0,302.0,41.0,291.0,33.0,306.0,55.0,298.0,8.0,55.0,96.0,2.513348364234265,294.0,302.0,151,-41.0,-107.0,-0.27,302.0,1.0
07:32:25,293.88,25.0,301.0,39.0,290.68,25.0,303.33,45.0,297.44,7.1200000000000045,50.0,84.0,0.7950345904421817,293.88,301.0,134,-34.0,-17.0,-0.25,302.0,
07:32:26,293.75,12.0,301.0,18.0,290.58,19.0,302.83,54.0,297.38,7.25,31.0,72.0,0.6978538528944418,293.75,301.0,103,-41.0,-31.0,-0.4,300.8,5.0
07:32:27,294.0,13.0,301.36,25.0,290.89,84.0,302.92,49.0,297.68,7.360000000000014,97.0,74.0,0.6990851164197065,294.0,301.36,171,23.0,68.0,0.13,300.8,
07:32:28,294.0,6.0,301.0,22.0,291.0,48.0,302.0,6.0,297.5,7.0,54.0,28.0,0.2501999200628489,294.0,301.0,82,26.0,-89.0,0.32,301.0,1.0
07:32:29,294.4,10.0,301.0,30.0,291.23,52.0,302.0,10.0,297.7,6.600000000000023,62.0,40.0,0.143527000942273,294.4,301.0,102,22.0,20.0,0.22,301.0,
07:32:30,296.09,11.0,301.0,33.0,294.0,11.0,302.0,11.0,298.55,4.910000000000025,22.0,44.0,0.4599130352570909,296.09,301.0,66,-22.0,-36.0,-0.33,301.0,
07:32:31,297.7,10.0,301.0,30.0,291.23,13.0,302.0,10.0,299.35,3.300000000000012,23.0,40.0,0.781939895387903,297.7,301.0,63,-17.0,-3.0,-0.27,301.0,
07:32:32,299.59,17.0,301.0,34.0,290.75,12.0,302.0,52.0,300.29,1.410000000000025,29.0,86.0,1.1630434213730148,299.59,301.0,115,-57.0,52.0,-0.5,301.0,1.0
07:32:33,288.0,8.0,297.38,26.0,286.22,9.0,302.62,16.0,292.69,9.379999999999995,17.0,42.0,2.9686663672429514,288.0,297.38,59,-25.0,-56.0,-0.42,301.0,2.0
07:32:34,288.0,6.0,299.67,18.0,286.0,6.0,304.81,21.0,293.83,11.670000000000016,12.0,39.0,3.440831294905325,288.0,299.67,51,-27.0,-8.0,-0.53,300.13,15.0
07:32:35,288.92,49.0,305.0,18.0,286.67,9.0,307.0,45.0,296.96,16.079999999999984,58.0,63.0,3.326646960529473,288.92,305.0,121,-5.0,70.0,-0.04,300.13,
07:32:36,289.8,45.0,304.45,11.0,286.0,5.0,306.82,22.0,297.13,14.649999999999975,50.0,33.0,3.004396778057136,289.8,304.45,83,17.0,-38.0,0.2,300.13,
07:32:37,290.38,117.0,303.11,35.0,286.88,33.0,305.58,48.0,296.75,12.730000000000018,150.0,83.0,2.063497031740116,290.38,303.11,233,67.0,150.0,0.29,304.0,6.0
07:32:38,291.66,29.0,304.21,29.0,290.85,103.0,306.71,49.0,297.93,12.549999999999956,132.0,78.0,1.5686618501130227,291.66,304.21,210,54.0,-23.0,0.26,304.0,2.0
07:32:39,294.92,12.0,304.1,30.0,292.0,60.0,305.4,15.0,299.51,9.180000000000009,72.0,45.0,1.1285300173233042,294.92,304.1,117,27.0,-93.0,0.23,304.0,
07:32:40,296.36,11.0,299.0,25.0,291.08,39.0,305.67,21.0,297.68,2.6399999999999864,50.0,46.0,1.0614612569470934,296.36,299.0,96,4.0,-21.0,0.04,297.0,3.0
07:32:41,298.58,24.0,300.0,27.0,293.67,9.0,305.0,9.0,299.29,1.420000000000016,33.0,36.0,1.155949825900603,298.58,300.0,69,-3.0,-27.0,-0.04,297.0,
07:32:42,298.95,39.0,300.88,17.0,295.67,9.0,306.17,12.0,299.92,1.9300000000000068,48.0,29.0,0.9985138957468452,298.95,300.88,77,19.0,8.0,0.25,300.0,3.0
07:32:43,299.62,32.0,303.08,25.0,293.12,17.0,306.79,28.0,301.35,3.4599999999999795,49.0,53.0,1.3174786525783004,299.62,303.08,102,-4.0,25.0,-0.04,301.0,3.0
07:32:44,299.44,16.0,304.56,16.0,292.44,16.0,306.52,29.0,302.0,5.1200000000000045,32.0,45.0,1.7105466962347249,299.44,304.56,77,-13.0,-25.0,-0.17,301.0,
07:32:45,301.0,11.0,306.56,18.0,300.0,11.0,307.93,15.0,303.78,5.560000000000002,22.0,33.0,1.7735754847199312,301.0,306.56,55,-11.0,-22.0,-0.2,301.0,
07:32:46,301.86,7.0,307.0,14.0,300.0,7.0,309.0,7.0,304.43,5.139999999999986,14.0,21.0,1.8292156789180716,301.86,307.0,35,-7.0,-20.0,-0.2,301.0,
07:32:47,304.21,14.0,306.67,24.0,301.29,14.0,308.11,18.0,305.44,2.4600000000000364,28.0,42.0,1.6977485090554183,304.21,306.67,70,-14.0,35.0,-0.2,306.0,1.0
07:32:48,304.68,31.0,306.18,17.0,299.07,15.0,309.96,23.0,305.43,1.5,46.0,40.0,1.4246508344152506,304.68,306.18,86,6.0,16.0,0.07,305.0,1.0
07:32:49,305.04,100.0,306.43,28.0,296.59,39.0,312.48,21.0,305.73,1.3899999999999864,139.0,49.0,0.8242390429967413,305.04,306.43,188,90.0,102.0,0.48,306.0,2.0
07:32:50,307.45,44.0,312.0,15.0,305.48,67.0,313.0,30.0,309.73,4.550000000000011,111.0,45.0,2.059956310216404,307.45,312.0,156,66.0,-32.0,0.42,306.0,
07:32:51,310.6,40.0,312.73,22.0,306.15,52.0,468.62,26.0,311.66,2.1299999999999955,92.0,48.0,2.910836649487677,310.6,312.73,140,44.0,-16.0,0.31,312.0,1.0
07:32:52,310.0,18.0,313.0,18.0,307.18,33.0,659.63,30.0,311.5,3.0,51.0,48.0,3.04613689777738,310.0,313.0,99,3.0,-41.0,0.03,312.0,
07:32:53,310.36,25.0,313.0,22.0,309.2,30.0,416.3,43.0,311.68,2.6399999999999864,55.0,65.0,2.5551810112007742,310.36,313.0,120,-10.0,21.0,-0.08,311.0,3.0
07:32:54,309.43,14.0,313.0,12.0,306.48,23.0,317.0,12.0,311.21,3.569999999999993,37.0,24.0,0.819042123459599,309.43,313.0,61,13.0,-59.0,0.21,310.33,3.0
07:32:55,308.27,33.0,311.54,26.0,304.06,51.0,313.09,22.0,309.91,3.2700000000000387,84.0,48.0,0.7409250974297004,308.27,311.54,132,36.0,71.0,0.27,307.4,5.0
07:32:56,305.0,45.0,310.0,45.0,297.0,45.0,310.86,37.0,307.5,5.0,90.0,82.0,1.7425986342245028,305.0,310.0,172,8.0,40.0,0.05,307.4,
07:32:57,303.15,39.0,306.94,34.0,299.11,44.0,308.27,33.0,305.05,3.790000000000021,83.0,67.0,2.7713985639025096,303.15,306.94,150,16.0,-22.0,0.11,305.0,3.0
07:32:58,297.0,30.0,303.38,37.0,294.0,30.0,305.12,42.0,300.19,6.379999999999996,60.0,79.0,4.369235631091608,297.0,303.38,139,-19.0,-11.0,-0.14,305.0,
07:32:59,297.0,30.0,301.1,20.0,294.0,30.0,303.0,70.0,299.05,4.100000000000023,60.0,90.0,4.656210905876156,297.0,301.1,150,-30.0,11.0,-0.2,305.0,
07:33:00,297.06,35.0,301.4,40.0,294.46,39.0,303.8,79.0,299.23,4.339999999999975,74.0,119.0,3.840440078949214,297.06,301.4,193,-45.0,43.0,-0.23,299.0,2.0
07:33:01,295.0,45.0,303.0,70.0,293.83,29.0,309.0,30.0,299.0,8.0,74.0,100.0,2.586692869282904,295.0,303.0,174,-26.0,-19.0,-0.15,299.0,
07:33:02,294.11,81.0,302.53,58.0,291.26,19.0,305.35,52.0,298.32,8.419999999999959,100.0,110.0,0.6725102229696533,294.11,302.53,210,-10.0,36.0,-0.05,299.0,
07:33:03,295.88,16.0,298.0,24.0,293.69,39.0,301.0,8.0,296.94,2.1200000000000045,55.0,32.0,0.9422154742937048,295.88,298.0,87,23.0,-123.0,0.26,299.0,
07:33:04,296.0,24.0,299.0,24.0,290.0,36.0,302.75,48.0,297.5,3.0,60.0,72.0,0.9737658856205652,296.0,299.0,132,-12.0,45.0,-0.09,298.75,4.0
07:33:05,297.86,102.0,302.0,11.0,295.22,23.0,303.0,77.0,299.93,4.139999999999986,125.0,88.0,1.1863473353105547,297.86,302.0,213,37.0,81.0,0.17,298.75,
07:33:06,298.57,70.0,302.0,7.0,296.0,14.0,303.0,49.0,300.29,3.430000000000007,84.0,56.0,1.4721514867698182,298.57,302.0,140,28.0,-73.0,0.2,298.75,
07:33:07,300.81,64.0,302.25,28.0,298.5,88.0,303.25,112.0,301.53,1.4399999999999975,152.0,140.0,1.9455256359140631,300.81,302.25,292,12.0,152.0,0.04,302.0,3.0
07:33:08,301.33,150.0,303.13,75.0,294.0,90.0,306.58,90.0,302.23,1.8000000000000114,240.0,165.0,1.8176028168990352,301.33,303.13,405,75.0,113.0,0.19,304.0,11.0
07:33:09,303.0,80.0,306.0,8.0,293.0,48.0,309.0,24.0,304.5,3.0,128.0,32.0,1.8214499718630623,303.0,306.0,160,96.0,-178.5,0.6,304.0,
07:33:10,303.4,50.0,305.0,5.0,290.11,27.0,309.0,15.0,304.2,1.6000000000000227,77.0,20.0,1.787134578032772,303.4,305.0,97,57.0,-63.0,0.59,304.0,
07:33:11,304.0,76.0,305.0,8.0,291.0,24.0,309.0,24.0,304.5,1.0,100.0,32.0,1.4076114520707992,304.0,305.0,132,68.0,35.0,0.52,304.0,2.0
07:33:12,304.0,48.0,305.0,6.0,291.0,18.0,309.0,18.0,304.5,1.0,66.0,24.0,0.990191900593601,304.0,305.0,90,42.0,-42.0,0.47,304.0,
07:33:13,303.17,94.0,306.41,17.0,292.59,49.0,310.08,39.0,304.79,3.240000000000009,143.0,56.0,0.2086144769700331,303.17,306.41,199,87.0,109.0,0.44,305.0,1.0
07:33:14,292.0,56.0,307.15,26.0,291.0,24.0,314.25,24.0,299.58,15.149999999999975,80.0,50.0,2.2090450425468853,292.0,307.15,130,30.0,-69.0,0.23,305.0,
07:33:15,292.0,103.0,302.05,60.0,290.67,36.0,304.07,60.0,297.02,10.050000000000011,139.0,120.0,3.5675790110382004,292.0,302.05,259,19.0,129.0,0.07,302.0,1.0
07:33:16,292.0,40.0,300.5,16.0,290.0,10.0,302.45,22.0,296.25,8.5,50.0,38.0,4.043435420530347,292.0,300.5,88,12.0,-171.0,0.14,300.67,6.0
07:33:17,292.3,70.0,302.0,20.0,290.0,29.0,303.0,50.0,297.15,9.699999999999989,99.0,70.0,3.4913135064039524,292.3,302.0,169,29.0,81.0,0.17,300.67,
07:33:18,294.33,63.0,302.0,18.0,290.0,81.0,303.0,45.0,298.17,7.670000000000016,144.0,63.0,1.2846127821246205,294.33,302.0,207,81.0,38.0,0.39,300.67,
07:33:19,296.0,91.0,302.0,26.0,288.41,68.0,303.0,65.0,299.0,6.0,159.0,91.0,1.073857532449218,296.0,302.0,250,68.0,43.0,0.27,300.67,
07:33:20,298.14,98.0,302.0,28.0,288.62,96.0,303.0,70.0,300.07,3.8600000000000136,194.0,98.0,1.501406007713478,298.14,302.0,292,96.0,42.0,0.33,300.67,
07:33:21,299.71,95.0,302.0,28.0,288.51,129.0,303.0,70.0,300.85,2.2900000000000205,224.0,98.0,1.4720122282095416,299.71,302.0,322,126.0,30.0,0.39,300.0,3.0
07:33:22,300.0,44.0,301.53,15.0,287.0,165.0,302.59,34.0,300.77,1.5299999999999727,209.0,49.0,1.1628929443412177,300.0,301.53,258,160.0,-64.0,0.62,300.0,
07:33:23,294.99,67.0,303.87,46.0,287.6,165.0,305.48,61.0,299.43,8.879999999999995,232.0,107.0,0.8127607273968634,294.99,303.87,339,125.0,81.0,0.37,302.5,8.0
07:33:24,293.59,34.0,305.68,66.0,290.9,50.0,308.26,77.0,299.64,12.090000000000032,84.0,143.0,0.6440652140883844,293.59,305.68,227,-59.0,-112.0,-0.26,305.0,3.0
07:33:25,305.0,22.0,306.0,50.0,294.0,88.0,311.24,34.0,305.5,1.0,110.0,84.0,2.4676243636337847,305.0,306.0,194,26.0,-33.0,0.13,306.0,1.0
07:33:26,305.67,36.0,312.04,46.0,301.0,18.0,321.96,23.0,308.86,6.3700000000000045,54.0,69.0,4.167403268223448,305.67,312.04,123,-15.0,-71.0,-0.12,306.0,4.0
07:33:27,307.24,68.0,312.0,68.0,305.0,50.0,317.0,34.0,309.62,4.759999999999991,118.0,102.0,4.885898075072776,307.24,312.0,220,16.0,97.0,0.07,308.0,1.0
07:33:28,308.0,36.0,311.5,48.0,305.0,36.0,319.08,24.0,309.75,3.5,72.0,72.0,4.2946105760593065,308.0,311.5,144,0.0,-76.0,0.0,308.0,
07:33:29,308.16,32.0,310.43,56.0,306.07,42.0,322.0,28.0,309.29,2.269999999999982,74.0,84.0,1.768934707670425,308.16,310.43,158,-10.0,14.0,-0.06,309.0,1.0
07:33:30,307.67,45.0,309.13,60.0,301.62,64.0,324.93,30.0,308.4,1.4599999999999795,109.0,90.0,0.5570727062074149,307.67,309.13,199,19.0,41.0,0.1,307.25,4.0
07:33:31,305.0,31.0,306.81,43.0,297.0,297.0,310.81,31.0,305.91,1.8100000000000025,328.0,74.0,1.5901981008670032,305.0,306.81,402,254.0,177.5,0.63,305.0,5.0
07:33:32,298.03,31.0,306.16,19.0,296.91,110.0,308.57,14.0,302.1,8.130000000000052,141.0,33.0,3.159279981261646,298.03,306.16,174,108.0,-178.5,0.62,305.0,1.0
07:33:33,297.0,216.0,305.52,21.0,292.0,16.0,312.32,19.0,301.26,8.519999999999982,232.0,40.0,3.6201339754213913,297.0,305.52,272,192.0,98.0,0.71,305.0,
07:33:34,297.0,270.0,303.1,41.0,292.0,20.0,313.3,23.0,300.05,6.100000000000023,290.0,64.0,3.488857979339355,297.0,303.1,354,226.0,82.0,0.64,305.0,
07:33:35,297.0,270.0,302.87,46.0,292.0,20.0,311.08,26.0,299.93,5.8700000000000045,290.0,72.0,2.4403176022804254,297.0,302.87,362,218.0,8.0,0.6,302.0,2.0
07:33:36,297.0,405.0,300.32,25.0,292.0,30.0,301.52,23.0,298.66,3.319999999999993,435.0,48.0,1.322932348988188,297.0,300.32,483,387.0,121.0,0.8,302.0,
07:33:37,297.0,192.0,301.0,12.0,292.0,16.0,304.0,16.0,299.0,4.0,208.0,28.0,1.0184056166377249,297.0,301.0,236,180.0,-178.5,0.76,299.67,3.0
07:33:38,297.0,218.0,302.42,26.0,292.0,16.0,313.71,17.0,299.71,5.420000000000016,234.0,43.0,0.6088103152864683,297.0,302.42,277,191.0,41.0,0.69,299.67,
07:33:39,297.0,92.0,303.0,12.0,292.0,8.0,316.0,8.0,300.0,6.0,100.0,20.0,0.597201808435977,297.0,303.0,120,80.0,-157.0,0.67,299.67,
07:33:40,297.0,276.0,303.0,36.0,291.48,29.0,309.17,35.0,300.0,6.0,305.0,71.0,0.6116207975528632,297.0,303.0,376,234.0,177.5,0.62,299.67,
07:33:41,297.0,230.0,304.74,19.0,291.92,39.0,348.77,22.0,300.87,7.740000000000009,269.0,41.0,0.6718854068956222,297.0,304.74,310,228.0,-66.0,0.74,305.29,7.0
07:33:42,297.0,161.0,304.0,21.0,292.0,28.0,305.0,7.0,300.5,7.0,189.0,28.0,0.4630658700437116,297.0,304.0,217,161.0,-93.0,0.74,305.29,
07:33:43,297.29,217.0,306.25,32.0,294.75,80.0,352.14,28.0,301.77,8.95999999999998,297.0,60.0,0.736186117771414,297.29,306.25,357,237.0,140.0,0.66,301.14,7.0
07:33:44,305.0,37.0,313.0,16.0,298.0,160.0,443.8,25.0,309.0,8.0,197.0,41.0,3.730411505450761,305.0,313.0,238,156.0,-119.0,0.66,301.14,
07:33:45,305.0,123.0,308.14,44.0,298.0,300.0,354.67,30.0,306.57,3.1399999999999864,423.0,74.0,3.817455959143403,305.0,308.14,497,349.0,177.5,0.7,305.4,5.0
07:33:46,305.85,33.0,307.0,32.0,302.45,55.0,310.0,16.0,306.42,1.1499999999999773,88.0,48.0,3.572627884345032,305.85,307.0,136,40.0,-178.5,0.29,306.0,4.0
07:33:47,305.0,30.0,310.0,12.0,298.0,120.0,359.0,6.0,307.5,5.0,150.0,18.0,2.707705670858628,305.0,310.0,168,132.0,32.0,0.79,306.0,
07:33:48,305.83,145.0,309.1,40.0,299.62,130.0,347.1,21.0,307.46,3.2700000000000387,275.0,61.0,1.0274239631234034,305.83,309.1,336,214.0,168.0,0.64,306.0,
07:33:49,305.9,100.0,309.0,28.0,300.69,65.0,311.0,14.0,307.45,3.1000000000000227,165.0,42.0,0.5369823088334842,305.9,309.0,207,123.0,-129.0,0.59,306.0,5.0
07:33:50,305.75,59.0,308.83,48.0,301.35,115.0,310.11,36.0,307.29,3.079999999999984,174.0,84.0,0.4565413453348579,305.75,308.83,258,90.0,51.0,0.35,306.0,
07:33:51,305.78,49.0,311.22,54.0,298.75,128.0,497.44,54.0,308.5,5.440000000000055,177.0,108.0,0.4873910134586476,305.78,311.22,285,69.0,27.0,0.24,307.0,3.0
07:33:52,307.94,34.0,312.0,72.0,307.3,30.0,660.0,40.0,309.97,4.060000000000002,64.0,112.0,1.1335034186099249,307.94,312.0,176,-48.0,-109.0,-0.27,307.0,
07:33:53,309.94,35.0,312.0,63.0,306.33,42.0,447.29,56.0,310.97,2.0600000000000023,77.0,119.0,1.6018676599521489,309.94,312.0,196,-42.0,20.0,-0.21,312.0,3.0
07:33:54,309.0,16.0,312.0,24.0,305.0,32.0,590.95,19.0,310.5,3.0,48.0,43.0,1.520799132035754,309.0,312.0,91,5.0,-105.0,0.05,312.0,
07:33:55,309.0,22.0,312.0,33.0,305.0,44.0,346.88,25.0,310.5,3.0,66.0,58.0,0.9556516101597184,309.0,312.0,124,8.0,33.0,0.06,312.0,
07:33:56,309.0,12.0,312.0,18.0,305.0,24.0,318.71,14.0,310.5,3.0,36.0,32.0,0.353935022286504,309.0,312.0,68,4.0,-56.0,0.06,312.0,
07:33:57,309.0,24.0,311.6,30.0,305.0,48.0,313.0,46.0,310.3,2.6000000000000227,72.0,76.0,0.2481531785026436,309.0,311.6,148,-4.0,80.0,-0.03,312.0,
07:33:58,309.13,30.0,312.25,40.0,305.15,54.0,315.53,51.0,310.69,3.1200000000000045,84.0,91.0,0.1379130160679369,309.13,312.25,175,-7.0,27.0,-0.04,310.0,2.0
07:33:59,310.0,72.0,314.78,69.0,309.0,28.0,317.31,26.0,312.39,4.779999999999973,100.0,95.0,0.857513848285248,310.0,314.78,195,5.0,20.0,0.03,310.0,
07:34:00,310.69,58.0,314.0,39.0,309.77,26.0,316.0,39.0,312.34,3.3100000000000023,84.0,78.0,1.0327293934041886,310.69,314.0,162,6.0,-33.0,0.04,310.0,
07:34:01,311.0,40.0,314.0,30.0,310.0,20.0,316.55,29.0,312.5,3.0,60.0,59.0,1.0594951628020883,311.0,314.0,119,1.0,-43.0,0.01,310.0,
07:34:02,310.96,46.0,313.23,39.0,309.64,28.0,316.08,36.0,312.09,2.2700000000000387,74.0,75.0,0.7486454434517651,310.96,313.23,149,-1.0,30.0,-0.01,310.8,5.0
07:34:03,310.0,6.0,313.0,18.0,309.0,24.0,315.0,18.0,311.5,3.0,30.0,36.0,0.4004122875251529,310.0,313.0,66,-6.0,-83.0,-0.09,310.8,
07:34:04,309.75,16.0,313.0,39.0,308.69,52.0,315.0,39.0,311.38,3.25,68.0,78.0,0.5002199516223499,309.75,313.0,146,-10.0,80.0,-0.07,310.0,1.0
07:34:05,309.0,48.0,312.06,35.0,305.07,117.0,314.67,36.0,310.53,3.0600000000000023,165.0,71.0,0.7505664527548274,309.0,312.06,236,94.0,90.0,0.4,310.0,
07:34:06,308.73,22.0,310.0,30.0,305.65,43.0,314.47,45.0,309.36,1.2699999999999818,65.0,75.0,1.0593724557495046,308.73,310.0,140,-10.0,-96.0,-0.07,309.0,4.0
07:34:07,306.0,30.0,309.42,19.0,305.0,225.0,311.76,34.0,307.71,3.420000000000016,255.0,53.0,1.5845283209840255,306.0,309.42,308,202.0,168.0,0.66,309.0,
07:34:08,305.13,138.0,307.82,17.0,304.45,148.0,313.49,35.0,306.48,2.6899999999999977,286.0,52.0,2.0066813399241994,305.13,307.82,338,234.0,30.0,0.69,306.0,2.0
07:34:09,305.05,140.0,315.7,46.0,303.44,98.0,318.05,38.0,310.37,10.649999999999975,238.0,84.0,1.7536675853763994,305.05,315.7,322,154.0,-16.0,0.48,307.0,2.0
07:34:10,305.0,135.0,317.0,45.0,297.16,19.0,322.0,9.0,311.0,12.0,154.0,54.0,1.872145827653381,305.0,317.0,208,100.0,-114.0,0.48,307.0,
07:34:11,305.0,105.0,317.0,35.0,297.0,14.0,322.0,7.0,311.0,12.0,119.0,42.0,2.085945828635089,305.0,317.0,161,77.0,-47.0,0.48,307.0,
07:34:12,305.57,84.0,317.0,50.0,303.4,60.0,322.0,10.0,311.29,11.430000000000009,144.0,60.0,2.011683374689092,305.57,317.0,204,84.0,43.0,0.41,305.0,3.0
07:34:13,309.0,30.0,317.0,50.0,305.0,120.0,322.0,10.0,313.0,8.0,150.0,60.0,0.9911962469668788,309.0,317.0,210,90.0,6.0,0.43,305.0,
07:34:14,309.0,35.0,316.13,38.0,305.0,144.0,317.16,32.0,312.57,7.129999999999996,179.0,70.0,0.9446004446333294,309.0,316.13,249,109.0,39.0,0.44,309.0,1.0
07:34:15,309.0,34.0,314.68,37.0,305.0,196.0,315.54,35.0,311.84,5.680000000000007,230.0,72.0,0.8421104440639522,309.0,314.68,302,158.0,53.0,0.52,309.0,
07:34:16,309.72,58.0,311.93,15.0,305.72,78.0,314.0,45.0,310.83,2.2099999999999795,136.0,60.0,0.8915323886441704,309.72,311.93,196,76.0,-106.0,0.39,309.0,
07:34:17,309.6,60.0,313.57,42.0,305.21,228.0,318.84,64.0,311.59,3.9699999999999696,288.0,106.0,0.8487814795350015,309.6,313.57,394,182.0,177.5,0.46,311.0,1.0
07:34:18,309.38,39.0,312.85,53.0,305.09,282.0,318.41,41.0,311.12,3.4700000000000277,321.0,94.0,0.6747962655508943,309.38,312.8500000000001,415,227.0,21.0,0.55,311.0,
07:34:19,309.82,56.0,311.81,62.0,305.54,133.0,313.42,38.0,310.81,1.990000000000009,189.0,100.0,0.460944682148797,309.82,311.81,289,89.0,-126.0,0.31,311.0,3.0
07:34:20,310.28,50.0,313.02,41.0,309.78,54.0,320.48,27.0,311.65,2.740000000000009,104.0,68.0,0.4031128874164549,310.28,313.02,172,36.0,-117.0,0.21,311.0,
07:34:21,310.81,21.0,319.0,10.0,309.96,56.0,321.0,30.0,314.9,8.189999999999998,77.0,40.0,1.65000909088451,310.81,319.0,117,37.0,-55.0,0.32,310.5,4.0
07:34:22,310.0,24.0,319.0,6.0,309.0,12.0,321.0,18.0,314.5,9.0,36.0,24.0,1.9491613581234808,310.0,319.0,60,12.0,-57.0,0.2,310.5,
07:34:23,310.0,16.0,319.0,4.0,309.0,8.0,321.18,11.0,314.5,9.0,24.0,15.0,1.89464244647956,310.0,319.0,39,9.0,-21.0,0.23,310.5,
07:34:24,310.0,24.0,319.0,6.0,309.0,12.0,322.0,12.0,314.5,9.0,36.0,18.0,1.330601367804196,310.0,319.0,54,18.0,15.0,0.33,310.5,
07:34:25,311.0,30.0,319.0,9.0,309.62,26.0,322.0,28.0,315.0,8.0,56.0,37.0,0.2489979919651026,311.0,319.0,93,19.0,39.0,0.2,313.0,2.0
07:34:26,310.5,36.0,319.0,8.0,309.92,50.0,322.0,56.0,314.75,8.5,86.0,64.0,0.2236067977558913,310.5,319.0,150,22.0,57.0,0.15,313.0,
07:34:27,310.0,150.0,318.3,10.0,309.0,20.0,321.54,28.0,314.15,8.300000000000011,170.0,38.0,0.317411404966201,310.0,318.3,208,132.0,58.0,0.63,313.0,
07:34:28,310.4,58.0,318.0,16.0,310.07,61.0,321.0,16.0,314.2,7.600000000000023,119.0,32.0,0.3615936946388767,310.4,318.0,151,87.0,-57.0,0.58,313.0,
07:34:31,310.02,183.0,313.0,26.0,309.37,41.0,314.0,44.0,311.51,2.980000000000018,224.0,70.0,1.4100602824001192,310.02,313.0,294,154.0,143.0,0.52,311.5,2.0
07:34:32,310.0,182.0,311.41,59.0,309.0,26.0,312.18,34.0,310.7,1.410000000000025,208.0,93.0,1.983449016234594,310.0,311.41,301,115.0,7.0,0.38,311.5,
07:34:33,310.0,91.0,311.0,40.0,307.07,58.0,315.29,21.0,310.5,1.0,149.0,61.0,2.199288521318113,310.0,311.0,210,88.0,-91.0,0.42,310.0,5.0
07:34:34,310.0,45.0,320.6,50.0,308.06,17.0,325.17,30.0,315.3,10.600000000000025,62.0,80.0,2.208863961406776,310.0,320.6,142,-18.0,-68.0,-0.13,310.0,7.0
07:34:35,308.47,47.0,323.94,90.0,305.6,126.0,325.15,46.0,316.21,15.46999999999997,173.0,136.0,2.703355322557829,308.47,323.94,309,37.0,167.0,0.12,308.6,5.0
07:34:36,310.0,45.0,321.89,95.0,307.0,90.0,322.68,69.0,315.95,11.889999999999986,135.0,164.0,2.879126603677256,310.0,321.89,299,-29.0,-10.0,-0.1,308.6,
07:34:37,310.0,36.0,319.07,70.0,307.0,72.0,321.41,58.0,314.54,9.069999999999991,108.0,128.0,2.327455692382235,310.0,319.07,236,-20.0,-63.0,-0.08,308.6,
07:34:38,310.0,39.0,318.18,85.0,307.0,78.0,320.31,61.0,314.09,8.180000000000007,117.0,146.0,0.9025907156639648,310.0,318.18,263,-29.0,27.0,-0.11,308.6,
07:34:39,310.0,33.0,315.73,55.0,307.0,66.0,321.45,55.0,312.86,5.730000000000018,99.0,110.0,1.380344159984216,310.0,315.73,209,-11.0,-54.0,-0.05,308.6,
07:34:40,310.0,45.0,313.2,75.0,307.0,90.0,322.0,75.0,311.6,3.1999999999999886,135.0,150.0,1.6566140166019394,310.0,313.2,285,-15.0,76.0,-0.05,308.6,
07:34:41,310.67,54.0,320.25,60.0,308.0,54.0,323.09,33.0,315.46,9.579999999999984,108.0,93.0,1.5058552387271338,310.67,320.25,201,15.0,-84.0,0.07,308.6,
07:34:42,307.97,37.0,322.98,41.0,305.42,114.0,323.76,21.0,315.47,15.009999999999993,151.0,62.0,1.6812287173380251,307.97,322.98,213,89.0,12.0,0.42,309.25,4.0
07:34:43,306.35,74.0,320.08,25.0,304.85,156.0,322.08,61.0,313.22,13.72999999999996,230.0,86.0,1.7010349790647952,306.35,320.08,316,144.0,103.0,0.46,307.0,5.0
07:34:44,307.15,82.0,320.0,28.0,304.37,73.0,322.0,70.0,313.57,12.850000000000025,155.0,98.0,1.6396127591605407,307.15,320.0,253,57.0,-63.0,0.23,309.0,2.0
07:34:45,305.31,175.0,318.15,61.0,304.61,66.0,320.33,24.0,311.73,12.839999999999977,241.0,85.0,1.5951645683132605,305.31,318.15,326,156.0,73.0,0.48,306.0,1.0
07:34:46,306.0,197.0,317.31,36.0,305.0,187.0,317.8,55.0,311.65,11.310000000000002,384.0,91.0,1.5674565384729564,306.0,317.31,475,293.0,149.0,0.62,306.0,2.0
07:34:47,306.0,121.0,315.33,15.0,305.0,121.0,317.0,50.0,310.67,9.329999999999984,242.0,65.0,1.2017154405269814,306.0,315.33,307,177.0,-168.0,0.58,306.0,
07:34:48,306.05,104.0,315.0,50.0,305.13,82.0,317.0,20.0,310.52,8.949999999999989,186.0,70.0,1.2173413654355785,306.05,315.0,256,116.0,-51.0,0.45,306.0,
07:34:49,307.0,50.0,314.59,22.0,306.0,110.0,315.88,32.0,310.8,7.589999999999975,160.0,54.0,0.5716904756948132,307.0,314.59,214,106.0,-42.0,0.5,306.0,
07:34:50,307.92,65.0,312.15,13.0,306.13,63.0,318.44,36.0,310.04,4.229999999999961,128.0,49.0,0.5862849136724408,307.92,312.15,177,79.0,-37.0,0.45,306.0,
07:34:51,308.75,60.0,312.0,12.0,307.0,12.0,320.0,48.0,310.38,3.25,72.0,60.0,0.2931211353685243,308.75,312.0,132,12.0,-45.0,0.09,306.0,
07:34:52,309.31,65.0,312.0,13.0,306.14,58.0,320.0,52.0,310.65,2.6899999999999977,123.0,65.0,0.2900344807082897,309.31,312.0,188,58.0,56.0,0.31,306.0,
07:34:53,310.41,85.0,312.0,17.0,306.0,170.0,320.0,68.0,311.21,1.589999999999975,255.0,85.0,0.4402612860561595,310.41,312.0,340,170.0,152.0,0.5,306.0,
07:34:54,310.81,36.0,319.83,46.0,306.07,112.0,328.24,75.0,315.32,9.019999999999982,148.0,121.0,2.166967927773855,310.81,319.83,269,27.0,-71.0,0.1,311.5,2.0
07:34:55,306.41,61.0,320.59,51.0,305.66,143.0,321.85,119.0,313.5,14.17999999999995,204.0,170.0,2.1283021402049656,306.41,320.59,374,34.0,105.0,0.09,308.0,2.0
07:34:56,310.06,54.0,316.72,54.0,307.44,18.0,319.0,54.0,313.39,6.660000000000025,72.0,108.0,1.8932855040910983,310.06,316.72,180,-36.0,-178.5,-0.2,308.0,
07:34:57,311.43,37.0,315.35,51.0,306.41,73.0,319.0,61.0,313.39,3.920000000000016,110.0,112.0,1.4564923618069143,311.43,315.35,222,-2.0,42.0,-0.01,312.0,3.0
07:34:58,310.46,123.0,314.44,48.0,306.98,40.0,319.0,86.0,312.45,3.980000000000018,163.0,134.0,1.046255226989128,310.46,314.44,297,29.0,75.0,0.1,311.0,5.0
07:34:59,310.54,39.0,317.43,63.0,306.21,87.0,319.81,63.0,313.98,6.889999999999986,126.0,126.0,0.5550405390616963,310.54,317.43,252,0.0,-45.0,0.0,312.0,3.0
07:35:00,309.0,14.0,317.96,68.0,306.0,126.0,320.66,44.0,313.48,8.95999999999998,140.0,112.0,0.5536876375736577,309.0,317.96,252,28.0,0.0,0.11,312.0,
07:35:01,309.77,13.0,317.0,24.0,306.47,32.0,318.0,61.0,313.38,7.230000000000018,45.0,85.0,0.5534708664436606,309.77,317.0,130,-40.0,-122.0,-0.31,312.0,
07:35:02,306.22,41.0,316.04,69.0,303.73,63.0,319.22,74.0,311.13,9.819999999999991,104.0,143.0,1.125535428141502,306.22,316.04,247,-39.0,117.0,-0.16,309.0,4.0
07:35:03,305.0,63.0,316.0,54.0,300.3,60.0,321.0,45.0,310.5,11.0,123.0,99.0,1.565400907116598,305.0,316.0,222,24.0,-25.0,0.11,309.0,
07:35:04,305.0,41.0,314.75,24.0,300.0,56.0,316.88,24.0,309.88,9.75,97.0,48.0,1.663183694004061,305.0,314.75,145,49.0,-77.0,0.34,305.0,5.0
07:35:05,305.0,30.0,313.2,45.0,300.0,105.0,320.42,52.0,309.1,8.199999999999989,135.0,97.0,1.6272430672768026,305.0,313.2,232,38.0,87.0,0.16,305.0,
07:35:06,301.19,42.0,308.0,37.0,299.69,51.0,313.36,28.0,304.6,6.810000000000002,93.0,65.0,2.5943438476808134,301.19,308.0,158,28.0,-74.0,0.18,302.0,5.0
07:35:07,300.0,40.0,310.0,25.0,296.6,20.0,319.61,23.0,305.0,10.0,60.0,48.0,2.8011212040892723,300.0,310.0,108,12.0,-50.0,0.11,302.0,
07:35:08,300.52,42.0,317.66,38.0,299.26,68.0,320.6,75.0,309.09,17.140000000000043,110.0,113.0,2.520253955457332,300.52,317.66,223,-3.0,115.0,-0.01,302.0,
07:35:09,301.0,14.0,312.8,15.0,300.0,30.0,314.88,32.0,306.9,11.800000000000011,44.0,47.0,2.152259278060612,301.0,312.8,91,-3.0,-132.0,-0.03,302.0,
07:35:10,301.0,26.0,310.23,39.0,299.77,26.0,311.18,38.0,305.62,9.230000000000018,52.0,77.0,1.8145026866878788,301.0,310.23,129,-25.0,38.0,-0.19,302.0,2.0
07:35:11,300.0,80.0,309.93,29.0,299.0,20.0,310.9,30.0,304.97,9.930000000000009,100.0,59.0,1.736672104917213,300.0,309.92999999999995,159,41.0,30.0,0.26,302.0,
07:35:12,300.0,106.0,305.85,39.0,296.21,28.0,307.07,45.0,302.92,5.850000000000023,134.0,84.0,2.291276936556841,300.0,305.85,218,50.0,59.0,0.23,302.0,
07:35:13,300.0,60.0,303.84,57.0,297.0,20.0,304.58,36.0,301.92,3.839999999999975,80.0,93.0,2.023753937611091,300.0,303.84,173,-13.0,-45.0,-0.08,302.0,
07:35:14,300.0,48.0,303.0,48.0,297.0,16.0,304.0,40.0,301.5,3.0,64.0,88.0,1.8318788169515232,300.0,303.0,152,-24.0,-21.0,-0.16,302.0,
07:35:15,300.0,54.0,302.1,30.0,297.0,18.0,303.17,29.0,301.05,2.1000000000000227,72.0,59.0,1.55822655605501,300.0,302.1,131,13.0,-21.0,0.1,302.0,
07:35:16,300.0,33.0,303.16,25.0,297.0,20.0,304.93,40.0,301.58,3.160000000000025,53.0,65.0,0.7016979407084718,300.0,303.16,118,-12.0,-13.0,-0.1,302.33,9.0
07:35:17,300.0,27.0,301.55,22.0,297.0,18.0,304.0,18.0,300.77,1.5500000000000114,45.0,40.0,0.4543456833669345,300.0,301.55,85,5.0,-33.0,0.06,301.0,1.0
07:35:18,300.0,30.0,303.42,24.0,297.0,20.0,307.47,30.0,301.71,3.420000000000016,50.0,54.0,0.3960681759421249,300.0,303.42,104,-4.0,19.0,-0.04,302.5,4.0
07:35:19,300.25,20.0,306.0,34.0,298.8,25.0,314.0,40.0,303.12,5.75,45.0,74.0,0.9088069101818892,300.25,306.0,119,-29.0,15.0,-0.24,306.0,1.0
07:35:20,302.55,11.0,312.86,42.0,300.0,57.0,314.85,53.0,307.7,10.310000000000002,68.0,95.0,2.772855928459903,302.55,312.86,163,-27.0,44.0,-0.17,306.0,3.0
07:35:21,304.1,10.0,314.0,40.0,300.0,55.0,315.0,50.0,309.05,9.899999999999975,65.0,90.0,3.692539776359392,304.1,314.0,155,-25.0,-8.0,-0.16,306.0,
07:35:22,305.43,14.0,314.56,63.0,296.29,56.0,381.75,52.0,309.99,9.129999999999995,70.0,115.0,3.685041383756416,305.43,314.56,185,-45.0,30.0,-0.24,306.0,
07:35:23,306.0,7.0,315.0,35.0,296.0,28.0,451.64,11.0,310.5,9.0,35.0,46.0,2.96610350459967,306.0,315.0,81,-11.0,-104.0,-0.14,306.0,
07:35:24,306.83,12.0,313.8,45.0,296.41,78.0,336.68,37.0,310.32,6.970000000000027,90.0,82.0,1.1569658594786902,306.83,313.8,172,8.0,91.0,0.05,306.0,
07:35:25,304.04,25.0,313.0,96.0,299.79,58.0,317.0,32.0,308.52,8.95999999999998,83.0,128.0,0.8544764478903778,304.04,313.0,211,-45.0,39.0,-0.21,309.0,1.0
07:35:26,306.65,40.0,312.72,58.0,297.3,40.0,314.93,29.0,309.69,6.07000000000005,80.0,87.0,0.7821317024641299,306.65,312.72,167,-7.0,-44.0,-0.04,311.0,4.0
07:35:27,304.83,29.0,312.69,39.0,297.83,24.0,314.5,36.0,308.76,7.860000000000014,53.0,75.0,0.8943824685218827,304.83,312.69,128,-22.0,-39.0,-0.17,311.0,2.0
07:35:28,303.95,41.0,312.42,24.0,299.56,32.0,313.5,48.0,308.18,8.470000000000027,73.0,72.0,0.8852570248233115,303.95,312.42,145,1.0,17.0,0.01,311.0,
07:35:29,300.0,22.0,310.64,11.0,299.0,22.0,313.0,33.0,305.32,10.639999999999986,44.0,44.0,1.648842017901784,300.0,310.64,88,0.0,-57.0,0.0,311.0,
07:35:30,306.0,17.0,308.45,22.0,300.0,28.0,311.77,26.0,307.23,2.4499999999999886,45.0,48.0,1.666352303685593,306.0,308.45,93,-3.0,5.0,-0.03,311.0,
07:35:31,305.33,21.0,307.04,52.0,299.22,23.0,309.65,26.0,306.19,1.7100000000000364,44.0,78.0,1.407916900956127,305.33,307.04,122,-34.0,29.0,-0.28,306.0,2.0
07:35:32,299.0,22.0,305.85,34.0,298.0,33.0,310.14,59.0,302.43,6.850000000000023,55.0,93.0,2.203644708204392,299.0,305.85,148,-38.0,26.0,-0.26,306.0,
07:35:33,299.0,15.0,300.69,35.0,298.0,27.0,303.86,42.0,299.84,1.6899999999999975,42.0,77.0,3.0223285724746,299.0,300.69,119,-35.0,-29.0,-0.29,299.0,1.0
07:35:34,298.33,18.0,300.0,60.0,297.6,30.0,301.0,48.0,299.17,1.670000000000016,48.0,108.0,3.641582073768994,298.33,300.0,156,-60.0,37.0,-0.38,298.5,2.0
07:35:35,298.53,17.0,300.0,42.0,297.04,27.0,301.0,48.0,299.26,1.4700000000000273,44.0,90.0,2.9995282962484064,298.53,300.0,134,-46.0,-22.0,-0.34,300.0,2.0
07:35:36,299.5,6.0,300.73,22.0,296.29,14.0,302.5,16.0,300.11,1.2300000000000182,20.0,38.0,1.3273921801767297,299.5,300.73,58,-18.0,-76.0,-0.31,300.0,3.0
07:35:37,300.0,8.0,301.0,29.0,292.0,18.0,304.0,16.0,300.5,1.0,26.0,45.0,0.5642074086664725,300.0,301.0,71,-19.0,13.0,-0.27,301.0,1.0
07:35:38,294.14,14.0,301.0,22.0,290.44,18.0,304.0,18.0,297.57,6.860000000000014,32.0,40.0,1.129721204542935,294.14,301.0,72,-8.0,1.0,-0.11,301.0,1.0
07:35:39,290.89,36.0,301.0,24.0,259.79,47.0,304.0,24.0,295.94,10.110000000000014,83.0,48.0,1.8995604754768032,290.89,301.0,131,35.0,59.0,0.27,301.0,
07:35:40,291.81,27.0,301.0,22.0,235.36,66.0,304.0,22.0,296.41,9.189999999999998,93.0,44.0,2.0977678613214965,291.81,301.0,137,49.0,6.0,0.36,301.0,
07:35:41,297.09,11.0,301.0,28.0,291.85,33.0,304.0,22.0,299.05,3.910000000000025,44.0,50.0,1.8876519806344767,297.09,301.0,94,-6.0,-43.0,-0.06,301.0,
07:35:42,298.4,15.0,302.43,42.0,292.2,25.0,305.0,20.0,300.41,4.03000000000003,40.0,62.0,1.8567660057188988,298.4,302.43,102,-22.0,8.0,-0.22,300.5,4.0
07:35:43,292.0,14.0,301.56,18.0,291.0,28.0,305.33,24.0,296.78,9.560000000000002,42.0,42.0,1.921788229746776,292.0,301.56,84,0.0,-18.0,0.0,302.0,3.0
07:35:44,292.0,11.0,306.0,11.0,291.0,22.0,310.0,54.0,299.0,14.0,33.0,65.0,1.686905450816245,292.0,306.0,98,-32.0,14.0,-0.33,302.0,
07:35:45,292.0,5.0,299.6,20.0,291.0,10.0,301.64,11.0,295.8,7.600000000000023,15.0,31.0,1.8723434513981412,292.0,299.6,46,-16.0,-52.0,-0.35,302.0,
07:35:46,292.0,10.0,299.0,40.0,291.0,20.0,300.9,40.0,295.5,7.0,30.0,80.0,2.1287602025576056,292.0,299.0,110,-50.0,64.0,-0.45,302.0,
07:35:47,294.13,105.0,299.0,56.0,291.87,15.0,301.0,56.0,296.57,4.8700000000000045,120.0,112.0,1.3746635952088777,294.13,299.0,232,8.0,122.0,0.03,302.0,
07:35:48,295.0,120.0,299.0,60.0,289.19,48.0,301.0,60.0,297.0,4.0,168.0,120.0,1.3801739020835826,295.0,299.0,288,48.0,56.0,0.17,302.0,
07:35:49,295.0,72.0,299.0,36.0,289.0,18.0,301.0,36.0,297.0,4.0,90.0,72.0,0.6920115605915867,295.0,299.0,162,18.0,-126.0,0.11,302.0,
07:35:50,295.0,112.0,299.0,56.0,289.0,28.0,301.0,56.0,297.0,4.0,140.0,112.0,0.6499846151967948,295.0,299.0,252,28.0,90.0,0.11,302.0,
07:35:51,295.94,64.0,299.24,37.0,294.65,68.0,302.47,43.0,297.59,3.300000000000012,132.0,80.0,0.3632767539944166,295.94,299.24,212,52.0,-40.0,0.25,302.67,21.0
07:35:52,297.29,84.0,300.5,32.0,294.89,111.0,309.73,44.0,298.89,3.2099999999999795,195.0,76.0,0.8200792644573647,297.29,300.5,271,119.0,59.0,0.44,298.0,4.0
07:35:53,299.28,76.0,307.0,19.0,298.09,112.0,309.06,69.0,303.14,7.720000000000027,188.0,88.0,2.586451236732185,299.28,307.0,276,100.0,5.0,0.36,298.0,
07:35:54,303.55,53.0,305.5,14.0,301.38,39.0,306.8,35.0,304.52,1.9499999999999889,92.0,49.0,3.3937545580071315,303.55,305.5,141,43.0,-135.0,0.3,305.0,1.0
07:35:55,303.63,30.0,307.07,42.0,300.51,35.0,309.27,26.0,305.35,3.4399999999999977,65.0,68.0,3.461960427271677,303.63,307.07,133,-3.0,-8.0,-0.02,306.0,1.0
07:35:56,303.41,51.0,309.03,89.0,302.91,66.0,358.97,39.0,306.22,5.619999999999948,117.0,128.0,2.879501693001059,303.41,309.03,245,-11.0,112.0,-0.04,305.6,5.0
07:35:57,305.56,48.0,312.0,98.0,305.04,28.0,552.5,56.0,308.78,6.439999999999998,76.0,154.0,2.1081555919800645,305.56,312.0,230,-78.0,-15.0,-0.34,305.6,
07:35:58,309.25,36.0,312.0,42.0,306.75,44.0,319.0,56.0,310.62,2.75,80.0,98.0,2.5350581847361164,309.25,312.0,178,-18.0,-52.0,-0.1,305.6,
07:35:59,310.23,52.0,313.58,53.0,309.0,32.0,327.74,39.0,311.91,3.349999999999966,84.0,92.0,2.7970037540193595,310.23,313.58,176,-8.0,-2.0,-0.05,310.75,4.0
07:36:00,310.0,25.0,312.0,25.0,306.0,5.0,320.0,20.0,311.0,2.0,30.0,45.0,2.2570511735445997,310.0,312.0,75,-15.0,-101.0,-0.2,310.75,
07:36:01,310.0,44.0,312.0,50.0,306.0,10.0,320.0,40.0,311.0,2.0,54.0,90.0,1.154304985694676,310.0,312.0,144,-36.0,69.0,-0.25,310.0,3.0
07:36:02,310.0,18.0,311.22,45.0,306.0,9.0,313.49,43.0,310.61,1.2200000000000273,27.0,88.0,0.5293108727390043,310.0,311.22,115,-61.0,-29.0,-0.53,310.0,
07:36:03,302.0,28.0,310.0,50.0,298.0,18.0,311.6,50.0,306.0,8.0,46.0,100.0,2.3434013740713096,302.0,310.0,146,-54.0,31.0,-0.37,308.67,3.0
07:36:04,296.8,40.0,305.7,74.0,293.66,82.0,307.33,90.0,301.25,8.899999999999977,122.0,164.0,4.311921845302653,296.8,305.7,286,-42.0,140.0,-0.15,308.67,
07:36:05,297.42,24.0,307.07,15.0,293.0,65.0,322.0,59.0,302.24,9.649999999999975,89.0,74.0,4.547257415189659,297.42,307.07,163,15.0,-123.0,0.09,306.09,11.0
07:36:06,310.0,12.0,319.96,23.0,303.33,12.0,495.56,18.0,314.98,9.95999999999998,24.0,41.0,5.775623775835631,310.0,319.96,65,-17.0,-98.0,-0.26,306.09,
07:36:07,310.0,14.0,312.86,21.0,306.0,14.0,320.11,27.0,311.43,2.8600000000000136,28.0,48.0,5.913192876948791,310.0,312.86,76,-20.0,11.0,-0.26,306.09,
07:36:08,310.0,16.0,312.0,24.0,306.0,32.0,313.0,24.0,311.0,2.0,48.0,48.0,6.084065252772891,310.0,312.0,96,0.0,20.0,0.0,306.09,
07:36:09,308.17,41.0,311.93,45.0,305.18,78.0,315.4,50.0,310.05,3.759999999999991,119.0,95.0,4.691678804010289,308.17,311.93,214,24.0,118.0,0.11,310.0,2.0
07:36:10,305.81,47.0,309.88,16.0,300.38,42.0,317.65,74.0,307.84,4.069999999999993,89.0,90.0,2.5930387579055063,305.81,309.88,179,-1.0,-35.0,-0.01,307.2,5.0
07:36:11,303.0,36.0,304.0,10.0,296.0,18.0,312.0,12.0,303.5,1.0,54.0,22.0,3.252864891138082,303.0,304.0,76,32.0,-103.0,0.42,307.2,
07:36:12,303.0,50.0,314.89,36.0,296.0,22.0,320.27,37.0,308.94,11.889999999999986,72.0,73.0,2.9158154948484807,303.0,314.89,145,-1.0,69.0,-0.01,304.0,2.0
07:36:13,303.0,20.0,321.0,16.0,296.0,10.0,464.32,19.0,312.0,18.0,30.0,35.0,3.173165611813951,303.0,321.0,65,-5.0,-80.0,-0.08,304.0,
07:36:14,303.0,40.0,316.2,35.0,295.25,24.0,318.43,35.0,309.6,13.199999999999989,64.0,70.0,3.1229921549691047,303.0,316.2,134,-6.0,69.0,-0.04,304.0,
07:36:15,303.92,48.0,313.66,47.0,297.04,54.0,316.11,57.0,308.79,9.740000000000007,102.0,104.0,3.111105912693858,303.92,313.66,206,-2.0,72.0,-0.01,311.0,1.0
07:36:16,306.0,39.0,314.77,26.0,302.92,52.0,318.08,52.0,310.38,8.769999999999982,91.0,78.0,1.3110377568931908,306.0,314.77,169,13.0,-37.0,0.08,311.0,
07:36:17,306.0,27.0,313.44,18.0,302.0,36.0,320.0,32.0,309.72,7.439999999999998,63.0,50.0,1.2040431885940015,306.0,313.44,113,13.0,-56.0,0.12,311.0,
07:36:18,306.0,39.0,310.31,26.0,302.0,52.0,312.19,27.0,308.15,4.310000000000002,91.0,53.0,0.8676808168901674,306.0,310.31,144,38.0,31.0,0.26,311.0,
07:36:19,306.0,27.0,309.0,18.0,302.47,15.0,310.0,18.0,307.5,3.0,42.0,36.0,1.1615808194003971,306.0,309.0,78,6.0,-66.0,0.08,311.0,
07:36:20,306.06,34.0,307.77,26.0,302.09,54.0,311.46,26.0,306.91,1.7099999999999795,88.0,52.0,1.472097143533209,306.06,307.77,140,36.0,62.0,0.26,306.5,4.0
07:36:21,307.24,42.0,311.79,19.0,306.56,25.0,318.84,57.0,309.51,4.550000000000011,67.0,76.0,1.2306786745525904,307.24,311.79,143,-9.0,3.0,-0.06,306.5,
07:36:22,308.0,45.0,315.79,19.0,307.0,63.0,321.76,75.0,311.89,7.79000000000002,108.0,94.0,1.9834616205005728,308.0,315.79,202,14.0,59.0,0.07,306.5,
07:36:23,308.17,48.0,315.0,10.0,307.24,41.0,322.3,50.0,311.58,6.829999999999984,89.0,60.0,2.2772944473649277,308.17,315.0,149,29.0,-53.0,0.19,306.5,
07:36:24,309.43,97.0,314.4,20.0,308.07,89.0,319.14,70.0,311.92,4.96999999999997,186.0,90.0,2.1730094339416954,309.43,314.4,276,96.0,127.0,0.35,306.5,
07:36:25,310.79,57.0,316.28,29.0,309.61,46.0,321.36,55.0,313.53,5.489999999999952,103.0,84.0,1.435524294465372,310.79,316.28,187,19.0,-89.0,0.1,312.0,1.0
07:36:26,311.0,48.0,317.0,39.0,310.0,52.0,318.38,65.0,314.0,6.0,100.0,104.0,1.0989221992482845,311.0,317.0,204,-4.0,17.0,-0.02,311.0,1.0
07:36:27,311.67,45.0,316.16,57.0,310.0,60.0,317.29,51.0,313.91,4.490000000000009,105.0,108.0,1.1501173853137052,311.67,316.16,213,-3.0,9.0,-0.01,311.0,
07:36:28,312.67,36.0,315.42,48.0,310.0,48.0,317.0,36.0,314.04,2.75,84.0,84.0,0.8951256894989458,312.67,315.42,168,0.0,-45.0,0.0,311.0,
07:36:29,313.0,29.0,315.0,52.0,310.0,52.0,318.16,43.0,314.0,2.0,81.0,95.0,0.2100714164303943,313.0,315.0,176,-14.0,8.0,-0.08,313.0,1.0
07:36:30,310.6,40.0,314.12,32.0,308.5,32.0,322.0,60.0,312.36,3.519999999999982,72.0,92.0,0.729397011236687,310.6,314.12,164,-20.0,-12.0,-0.12,314.0,2.0
07:36:31,310.0,47.0,313.1,41.0,307.0,26.0,317.58,48.0,311.55,3.1000000000000227,73.0,89.0,1.1482464892177489,310.0,313.1,162,-16.0,-2.0,-0.1,310.0,1.0
07:36:32,309.17,36.0,311.85,66.0,306.36,55.0,315.8,50.0,310.51,2.680000000000007,91.0,116.0,1.5413857401704276,309.17,311.85,207,-25.0,45.0,-0.12,310.0,3.0
07:36:33,307.4,50.0,310.78,77.0,306.04,109.0,313.54,71.0,309.09,3.3799999999999955,159.0,148.0,1.8560899762674583,307.4,310.78,307,11.0,100.0,0.04,310.0,
07:36:34,307.51,89.0,313.83,84.0,305.62,127.0,320.49,90.0,310.67,6.319999999999993,216.0,174.0,1.2262463047856125,307.51,313.83,390,42.0,83.0,0.11,309.0,9.0
07:36:35,308.73,11.0,321.0,33.0,307.0,22.0,326.2,30.0,314.86,12.269999999999982,33.0,63.0,2.158397553742246,308.73,321.0,96,-30.0,-178.5,-0.31,309.0,
07:36:36,310.5,30.0,321.0,45.0,307.46,26.0,323.0,30.0,315.75,10.5,56.0,75.0,2.938720810148655,310.5,321.0,131,-19.0,35.0,-0.15,309.0,
07:36:37,311.48,48.0,321.0,48.0,310.65,20.0,323.0,32.0,316.24,9.519999999999982,68.0,80.0,3.2294844789843937,311.48,321.0,148,-12.0,17.0,-0.08,311.33,3.0
07:36:38,312.25,24.0,320.0,29.0,311.0,8.0,322.41,17.0,316.12,7.75,32.0,46.0,2.332009862758175,312.25,320.0,78,-14.0,-70.0,-0.18,311.33,
07:36:39,313.0,48.0,319.87,46.0,311.0,16.0,320.53,38.0,316.43,6.8700000000000045,64.0,84.0,0.6218922736308782,313.0,319.87,148,-20.0,70.0,-0.14,311.33,
07:36:41,308.6,121.0,314.47,15.0,307.62,26.0,321.0,30.0,311.53,5.8700000000000045,147.0,45.0,2.06376597510516,308.6,314.47,192,102.0,76.0,0.53,311.83,6.0
07:36:42,308.0,118.0,311.57,14.0,307.0,28.0,314.93,15.0,309.79,3.569999999999993,146.0,29.0,3.024604106325561,308.0,311.57,175,117.0,-17.0,0.67,308.0,2.0
07:36:43,308.0,87.0,312.29,14.0,307.0,28.0,319.59,34.0,310.14,4.2900000000000205,115.0,48.0,3.1017172662899424,308.0,312.29,163,67.0,-12.0,0.41,308.0,1.0
07:36:44,308.28,50.0,317.72,36.0,307.08,96.0,321.1,42.0,313.0,9.440000000000056,146.0,78.0,2.357865560205024,308.28,317.72,224,68.0,61.0,0.3,308.6,5.0
07:36:45,307.05,40.0,315.82,68.0,305.96,139.0,322.85,62.0,311.44,8.769999999999982,179.0,130.0,1.2763424305415705,307.05,315.82,309,49.0,85.0,0.16,308.43,7.0
07:36:46,311.67,24.0,317.0,45.0,308.63,54.0,329.0,27.0,314.33,5.329999999999984,78.0,72.0,1.9201692633726064,311.67,317.0,150,6.0,-159.0,0.04,308.43,
07:36:50,312.22,74.0,317.0,24.0,310.33,69.0,328.0,52.0,314.61,4.779999999999973,143.0,76.0,1.1022114134785086,312.22,317.0,219,67.0,127.0,0.31,316.0,2.0
07:36:51,312.0,63.0,317.0,18.0,311.0,72.0,318.0,27.0,314.5,5.0,135.0,45.0,1.051941062988936,312.0,317.0,180,90.0,-39.0,0.5,316.0,
07:36:52,312.0,35.0,317.0,10.0,311.0,40.0,318.0,15.0,314.5,5.0,75.0,25.0,1.0762992149035904,312.0,317.0,100,50.0,-80.0,0.5,316.0,
07:36:53,312.0,49.0,317.0,14.0,311.0,62.0,318.0,21.0,314.5,5.0,111.0,35.0,0.883413832811013,312.0,317.0,146,76.0,46.0,0.52,316.0,
07:36:54,312.0,63.0,315.78,45.0,311.0,90.0,317.0,18.0,313.89,3.7799999999999727,153.0,63.0,0.2890501686585213,312.0,315.78,216,90.0,70.0,0.42,316.0,
07:36:55,312.0,56.0,314.12,40.0,311.0,80.0,317.0,16.0,313.06,2.1200000000000045,136.0,56.0,0.6334824385895169,312.0,314.12,192,80.0,-24.0,0.42,316.0,
07:36:56,312.0,72.0,314.21,70.0,311.0,160.0,319.4,43.0,313.11,2.2099999999999795,232.0,113.0,0.7090627616799037,312.0,314.21,345,119.0,153.0,0.34,312.0,6.0
07:36:57,311.63,19.0,318.0,39.0,310.98,121.0,324.0,26.0,314.82,6.3700000000000045,140.0,65.0,0.7958203314826677,311.63,318.0,205,75.0,-140.0,0.37,311.25,4.0
07:36:58,311.0,56.0,318.75,24.0,308.0,8.0,324.0,16.0,314.88,7.75,64.0,40.0,0.8836119057602336,311.0,318.75,104,24.0,-101.0,0.23,311.25,
07:36:59,311.0,28.0,320.0,12.0,308.0,4.0,324.0,8.0,315.5,9.0,32.0,20.0,1.1177119485813256,311.0,320.0,52,12.0,-52.0,0.23,311.25,
07:37:00,311.0,98.0,320.0,42.0,308.0,14.0,329.37,38.0,315.5,9.0,112.0,80.0,0.9792446068280446,311.0,320.0,192,32.0,140.0,0.17,311.25,
07:37:01,311.0,67.0,320.0,30.0,308.0,10.0,326.0,10.0,315.5,9.0,77.0,40.0,0.3566510900055999,311.0,320.0,117,37.0,-75.0,0.32,311.0,3.0
07:37:02,311.0,40.0,319.78,27.0,308.0,10.0,322.62,16.0,315.39,8.779999999999973,50.0,43.0,0.2692210987316502,311.0,319.78,93,7.0,-24.0,0.08,311.0,
07:37:03,311.0,24.0,318.64,28.0,308.0,14.0,320.0,42.0,314.82,7.639999999999986,38.0,70.0,0.2956687335554221,311.0,318.64,108,-32.0,15.0,-0.3,311.0,3.0
07:37:04,311.0,10.0,314.64,22.0,308.0,10.0,316.21,28.0,312.82,3.6399999999999855,20.0,50.0,1.145504255776379,311.0,314.64,70,-30.0,-38.0,-0.43,311.0,
07:37:05,307.47,45.0,310.8,30.0,306.62,111.0,316.15,48.0,309.13,3.329999999999984,156.0,78.0,2.686479108424379,307.47,310.8,234,78.0,164.0,0.33,309.5,2.0
07:37:06,307.12,100.0,309.36,22.0,304.89,57.0,311.74,23.0,308.24,2.240000000000009,157.0,45.0,3.258043891662503,307.12,309.36,202,112.0,-32.0,0.55,309.0,2.0
07:37:07,307.03,158.0,311.52,25.0,303.72,64.0,318.44,16.0,309.27,4.490000000000009,222.0,41.0,2.8243813481890667,307.03,311.52,263,181.0,61.0,0.69,309.0,2.0
07:37:08,307.0,129.0,316.38,37.0,302.0,39.0,318.18,17.0,311.69,9.379999999999995,168.0,54.0,1.9320584877269549,307.0,316.38,222,114.0,-41.0,0.51,307.0,2.0
07:37:09,307.75,24.0,316.0,24.0,306.5,60.0,317.0,8.0,311.88,8.25,84.0,32.0,1.6408138224666406,307.75,316.0,116,52.0,-106.0,0.45,307.0,
07:37:10,310.0,15.0,314.73,45.0,307.0,135.0,316.4,15.0,312.37,4.730000000000018,150.0,60.0,1.8205356354650717,310.0,314.73,210,90.0,94.0,0.43,307.0,
07:37:11,310.0,10.0,312.2,30.0,307.0,42.0,316.1,10.0,311.1,2.1999999999999886,52.0,40.0,1.2028175256450149,310.0,312.2,92,12.0,-118.0,0.13,307.0,
07:37:12,310.0,10.0,311.4,30.0,307.0,30.0,317.0,10.0,310.7,1.3999999999999773,40.0,40.0,0.6568637606072176,310.0,311.4,80,0.0,-12.0,0.0,307.0,
07:37:13,306.23,109.0,309.96,46.0,303.21,57.0,311.36,44.0,308.09,3.729999999999961,166.0,90.0,1.6636916781658608,306.23,309.96,256,76.0,176.0,0.3,310.0,1.0
07:37:14,306.0,116.0,307.0,36.0,301.0,36.0,314.0,15.0,306.5,1.0,152.0,51.0,2.3930879632803417,306.0,307.0,203,101.0,-53.0,0.5,306.0,6.0
07:37:15,306.0,65.0,311.41,29.0,301.0,30.0,317.2,25.0,308.71,5.410000000000025,95.0,54.0,1.901328482928854,306.0,311.41,149,41.0,-54.0,0.28,306.0,3.0
07:37:16,306.0,80.0,314.94,68.0,301.0,48.0,317.43,28.0,310.47,8.939999999999998,128.0,96.0,1.7433387507872338,306.0,314.94,224,32.0,75.0,0.14,306.0,
07:37:17,306.19,43.0,317.0,44.0,303.44,41.0,320.0,31.0,311.59,10.810000000000002,84.0,75.0,2.0003299727786263,306.19,317.0,159,9.0,-65.0,0.06,306.0,
07:37:18,311.15,53.0,317.0,56.0,309.77,43.0,320.0,14.0,314.08,5.850000000000023,96.0,70.0,2.869886757347333,311.1499999999999,317.0,166,26.0,7.0,0.16,306.0,
07:37:19,312.0,32.0,317.0,32.0,311.0,24.0,320.0,8.0,314.5,5.0,56.0,40.0,2.440542972372972,312.0,317.0,96,16.0,-70.0,0.17,306.0,
07:37:23,312.21,107.0,317.0,52.0,310.57,37.0,320.0,13.0,314.6,4.7900000000000205,144.0,65.0,0.7271038440295315,312.21000000000004,317.0,209,79.0,88.0,0.38,315.0,1.0
07:37:24,313.0,165.0,317.0,60.0,311.0,45.0,320.0,15.0,315.0,4.0,210.0,75.0,0.6242435422193939,313.0,317.0,285,135.0,76.0,0.47,315.0,
07:37:25,313.0,143.0,318.17,46.0,311.0,39.0,321.69,13.0,315.59,5.170000000000016,182.0,59.0,0.6222700378474646,313.0,318.17,241,123.0,-44.0,0.51,315.0,
07:37:26,313.0,154.0,318.41,51.0,311.0,42.0,319.93,29.0,315.71,5.410000000000025,196.0,80.0,0.5679348554214905,313.0,318.41,276,116.0,35.0,0.42,315.0,
07:37:27,313.0,103.0,315.65,40.0,311.0,33.0,317.0,37.0,314.32,2.6499999999999773,136.0,77.0,0.6051693977741596,313.0,315.65,213,59.0,-63.0,0.28,313.0,3.0
07:37:28,313.0,38.0,318.9,60.0,311.0,45.0,320.67,73.0,315.95,5.899999999999977,83.0,133.0,0.6565287503244586,313.0,318.9,216,-50.0,3.0,-0.23,313.0,7.0
07:37:29,313.0,10.0,320.0,30.0,310.25,20.0,321.0,50.0,316.5,7.0,30.0,80.0,0.8034488160442298,313.0,320.0,110,-50.0,-106.0,-0.45,313.0,
07:37:30,313.0,10.0,319.0,30.0,308.0,10.0,321.8,50.0,316.0,6.0,20.0,80.0,0.8211150954664937,313.0,319.0,100,-60.0,-10.0,-0.6,313.0,
07:37:31,307.64,28.0,319.0,24.0,306.21,28.0,323.0,40.0,313.32,11.360000000000014,56.0,64.0,1.3416109719298326,307.64,319.0,120,-8.0,20.0,-0.07,310.5,2.0
07:37:32,307.0,40.0,318.88,24.0,306.0,40.0,323.0,40.0,312.94,11.879999999999995,80.0,64.0,1.673445547366942,307.0,318.88,144,16.0,24.0,0.11,310.5,
07:37:33,310.74,39.0,316.71,51.0,309.23,71.0,323.06,85.0,313.72,5.96999999999997,110.0,136.0,1.634343905058475,310.74,316.71,246,-26.0,102.0,-0.11,310.5,
07:37:34,313.0,14.0,314.79,42.0,311.0,56.0,321.38,56.0,313.89,1.7900000000000205,70.0,98.0,1.1909156141394948,313.0,314.79,168,-28.0,-78.0,-0.17,314.0,1.0
07:37:35,311.0,52.0,319.94,50.0,307.0,80.0,323.56,62.0,315.47,8.939999999999998,132.0,112.0,0.9682819837222866,311.0,319.94,244,20.0,76.0,0.08,311.0,2.0
07:37:36,311.0,24.0,325.0,60.0,307.0,105.0,327.0,36.0,318.0,14.0,129.0,96.0,2.008912641207213,311.0,325.0,225,33.0,-19.0,0.15,311.0,
07:37:37,311.0,16.0,325.0,40.0,307.0,112.0,327.0,24.0,318.0,14.0,128.0,64.0,2.1072565102528955,311.0,325.0,192,64.0,-33.0,0.33,311.0,
07:37:38,311.0,24.0,325.0,60.0,307.0,168.0,327.0,36.0,318.0,14.0,192.0,96.0,1.9023064947594956,311.0,325.0,288,96.0,96.0,0.33,311.0,
07:37:39,307.44,73.0,325.0,45.0,306.59,61.0,327.0,27.0,316.22,17.560000000000002,134.0,72.0,1.2097603068395864,307.44,325.0,206,62.0,-82.0,0.3,309.67,3.0
07:37:40,308.15,146.0,322.04,85.0,306.6,99.0,325.81,67.0,315.09,13.890000000000043,245.0,152.0,1.345109660958766,308.15,322.04,397,93.0,177.5,0.23,309.67,
07:37:41,307.65,118.0,323.93,56.0,306.28,133.0,325.03,99.0,315.79,16.28000000000003,251.0,155.0,1.3227433613532804,307.65,323.93,406,96.0,9.0,0.24,309.67,
07:37:42,310.0,23.0,320.69,26.0,307.0,169.0,323.31,35.0,315.35,10.689999999999998,192.0,61.0,1.1513687506631651,310.0,320.69,253,131.0,-153.0,0.52,310.0,2.0
07:37:43,310.0,8.0,320.2,10.0,307.0,76.0,321.58,19.0,315.1,10.199999999999989,84.0,29.0,0.4880061475054717,310.0,320.2,113,55.0,-140.0,0.49,310.0,
07:37:44,310.0,11.0,319.64,11.0,307.0,99.0,321.0,33.0,314.82,9.639999999999986,110.0,44.0,0.3648972458143034,310.0,319.64,154,66.0,41.0,0.43,310.0,
07:37:45,310.0,48.0,317.78,18.0,307.0,162.0,320.35,62.0,313.89,7.779999999999973,210.0,80.0,0.7107390519752247,310.0,317.78,290,130.0,136.0,0.45,310.0,
07:37:46,310.56,63.0,317.0,11.0,308.73,85.0,319.0,66.0,313.78,6.439999999999998,148.0,77.0,0.7135614899938582,310.56,317.0,225,71.0,-65.0,0.32,310.0,
07:37:47,311.0,60.0,315.25,12.0,310.0,84.0,320.19,63.0,313.12,4.25,144.0,75.0,0.8087768542693422,311.0,315.25,219,69.0,-6.0,0.32,310.0,
07:37:48,311.0,70.0,313.15,27.0,310.0,98.0,316.39,18.0,312.07,2.1499999999999773,168.0,45.0,1.0192791570522537,311.0,313.15,213,123.0,-6.0,0.58,310.0,
07:37:49,311.0,60.0,312.33,24.0,310.0,84.0,315.0,12.0,311.67,1.329999999999984,144.0,36.0,1.000564840477844,311.0,312.33,180,108.0,-33.0,0.6,310.0,
07:37:50,311.0,50.0,312.0,22.0,310.0,77.0,322.68,41.0,311.5,1.0,127.0,63.0,0.9837021907060748,311.0,312.0,190,64.0,10.0,0.34,311.0,1.0
07:37:51,310.2,61.0,323.16,57.0,308.0,56.0,325.28,36.0,316.68,12.960000000000036,117.0,93.0,2.1471073564217886,310.2,323.16,210,24.0,20.0,0.11,311.0,4.0
07:37:52,310.0,98.0,324.0,70.0,306.0,56.0,325.0,28.0,317.0,14.0,154.0,98.0,2.799683910730181,310.0,324.0,252,56.0,42.0,0.22,311.0,
07:37:53,310.0,56.0,324.0,40.0,306.0,32.0,325.0,16.0,317.0,14.0,88.0,56.0,2.911047921282402,310.0,324.0,144,32.0,-108.0,0.22,311.0,
07:37:54,310.0,56.0,319.96,24.0,306.0,32.0,322.69,39.0,314.98,9.95999999999998,88.0,63.0,2.352641069097326,310.0,319.96,151,25.0,7.0,0.17,311.0,
07:37:55,307.12,16.0,311.0,13.0,304.33,24.0,322.89,38.0,309.06,3.879999999999996,40.0,51.0,3.394507328023141,307.12,311.0,91,-11.0,-60.0,-0.12,308.55,11.0
07:37:56,303.86,43.0,313.8,20.0,301.72,25.0,325.67,48.0,308.83,9.939999999999998,68.0,68.0,4.127151560095762,303.86,313.8,136,0.0,45.0,0.0,304.0,5.0
07:37:57,302.2,10.0,322.78,18.0,300.25,16.0,326.38,53.0,312.49,20.579999999999984,26.0,71.0,3.595103614640306,302.2,322.78,97,-45.0,-39.0,-0.46,305.0,1.0
07:37:58,301.0,8.0,322.75,16.0,300.0,16.0,326.0,40.0,311.88,21.75,24.0,56.0,2.5643654185779723,301.0,322.75,80,-32.0,-17.0,-0.4,305.0,
07:37:59,301.43,7.0,322.0,31.0,300.47,15.0,325.71,35.0,311.71,20.569999999999997,22.0,66.0,1.7145640845409504,301.43,322.0,88,-44.0,8.0,-0.5,305.0,
07:38:00,304.8,10.0,322.0,24.0,301.62,16.0,325.0,40.0,313.4,17.19999999999999,26.0,64.0,1.715829245583277,304.8,322.0,90,-38.0,2.0,-0.42,305.0,
07:38:01,307.78,63.0,321.05,58.0,306.0,21.0,323.09,65.0,314.41,13.27000000000004,84.0,123.0,1.1269738240085188,307.78,321.05,207,-39.0,117.0,-0.19,305.0,
07:38:02,308.62,61.0,320.0,39.0,308.37,51.0,322.0,88.0,314.31,11.379999999999995,112.0,127.0,1.2924666339990616,308.62,320.0,239,-15.0,32.0,-0.06,305.0,
07:38:03,311.45,92.0,320.0,42.0,309.65,20.0,322.0,56.0,315.72,8.550000000000011,112.0,98.0,1.4820762463523467,311.45,320.0,210,14.0,-29.0,0.07,305.0,
07:38:07,312.86,21.0,315.46,39.0,307.55,22.0,318.8,30.0,314.16,2.599999999999966,43.0,69.0,0.9901010049504916,312.86,315.46,112,-26.0,-48.0,-0.23,315.0,3.0
07:38:08,310.0,10.0,314.8,30.0,307.0,20.0,320.8,20.0,312.4,4.800000000000011,30.0,50.0,1.8350422338472692,310.0,314.8,80,-20.0,-32.0,-0.25,315.0,
07:38:09,310.0,8.0,314.0,24.0,307.0,44.0,319.0,16.0,312.0,4.0,52.0,40.0,2.065332902948584,310.0,314.0,92,12.0,12.0,0.13,315.0,
07:38:10,307.36,25.0,314.0,30.0,306.66,41.0,319.0,20.0,310.68,6.639999999999986,66.0,50.0,2.1821823938434988,307.36,314.0,116,16.0,24.0,0.14,307.75,4.0
07:38:11,307.43,14.0,314.0,24.0,306.25,16.0,319.0,16.0,310.71,6.569999999999993,30.0,40.0,1.4345382532365727,307.43,314.0,70,-10.0,-46.0,-0.14,307.75,
07:38:12,308.31,16.0,312.88,48.0,303.87,47.0,319.5,32.0,310.59,4.569999999999993,63.0,80.0,0.8564052778901026,308.31,312.88,143,-17.0,73.0,-0.12,307.2,5.0
07:38:13,303.37,63.0,316.04,55.0,300.54,48.0,323.35,34.0,309.7,12.670000000000016,111.0,89.0,0.8209933008236511,303.37,316.04,200,22.0,57.0,0.11,307.2,
07:38:14,305.58,55.0,319.41,64.0,303.56,72.0,320.33,45.0,312.49,13.83000000000004,127.0,109.0,1.015741108746439,305.58,319.41,236,18.0,36.0,0.08,307.2,
07:38:15,306.94,48.0,314.92,50.0,302.55,88.0,316.1,62.0,310.93,7.980000000000018,136.0,112.0,1.01241295922045,306.94,314.92,248,24.0,12.0,0.1,307.2,
07:38:16,309.14,58.0,313.18,66.0,306.23,167.0,315.08,74.0,311.16,4.0400000000000205,225.0,140.0,1.0130794638120044,309.14,313.18,365,85.0,117.0,0.23,309.4,5.0
07:38:17,308.8,50.0,317.78,60.0,303.52,56.0,318.78,36.0,313.29,8.979999999999961,106.0,96.0,1.402116257661342,308.8,317.78,202,10.0,-163.0,0.05,310.11,9.0
07:38:18,307.29,21.0,319.35,46.0,304.88,85.0,320.18,44.0,313.32,12.060000000000002,106.0,90.0,1.1416961066759523,307.29,319.35,196,16.0,-6.0,0.08,310.11,
07:38:19,308.58,72.0,316.58,24.0,307.0,12.0,318.25,24.0,312.58,8.0,84.0,48.0,1.147357834330267,308.58,316.58,132,36.0,-64.0,0.27,310.11,
07:38:20,309.0,84.0,315.0,28.0,307.0,14.0,316.0,28.0,312.0,6.0,98.0,56.0,0.9143303560525996,309.0,315.0,154,42.0,22.0,0.27,310.11,
07:38:21,309.12,68.0,315.0,26.0,307.0,13.0,316.0,26.0,312.06,5.879999999999996,81.0,52.0,0.6391400472505918,309.12,315.0,133,29.0,-21.0,0.22,310.0,5.0
07:38:22,310.73,15.0,314.4,30.0,307.0,15.0,315.4,30.0,312.57,3.669999999999959,30.0,60.0,0.5308295394939179,310.7300000000001,314.4,90,-30.0,-43.0,-0.33,310.0,
07:38:23,311.18,11.0,313.27,22.0,307.0,11.0,315.0,22.0,312.23,2.089999999999975,22.0,44.0,0.2752635101118365,311.18,313.27,66,-22.0,-24.0,-0.33,310.0,
07:38:24,309.5,14.0,313.0,28.0,306.17,42.0,316.07,28.0,311.25,3.5,56.0,56.0,0.4851494615052256,309.5,313.0,112,0.0,46.0,0.0,312.0,1.0
07:38:25,307.0,8.0,311.55,29.0,306.0,40.0,314.06,17.0,309.28,4.550000000000011,48.0,46.0,1.3209731261453612,307.0,311.55,94,2.0,-18.0,0.02,312.0,
07:38:26,307.0,12.0,310.67,36.0,306.0,60.0,311.33,36.0,308.83,3.670000000000016,72.0,72.0,1.7004764038343834,307.0,310.67,144,0.0,50.0,0.0,312.0,
07:38:27,306.09,44.0,308.79,28.0,301.69,52.0,318.26,46.0,307.44,2.700000000000045,96.0,74.0,1.9227662364406972,306.09,308.79,170,22.0,26.0,0.13,307.0,1.0
07:38:28,306.0,64.0,308.13,47.0,299.0,80.0,317.3,54.0,307.06,2.1299999999999955,144.0,101.0,1.666364305905252,306.0,308.13,245,43.0,75.0,0.18,306.0,3.0
07:38:29,306.0,20.0,307.1,20.0,299.0,40.0,316.5,20.0,306.55,1.1000000000000227,60.0,40.0,1.171097775590912,306.0,307.1,100,20.0,-145.0,0.2,306.0,
07:38:30,299.0,44.0,306.37,19.0,298.0,88.0,312.27,22.0,302.68,7.370000000000003,132.0,41.0,2.3032737570667803,299.0,306.37,173,91.0,73.0,0.53,306.0,2.0
07:38:31,300.03,32.0,302.33,18.0,298.44,55.0,303.75,16.0,301.18,2.300000000000012,87.0,34.0,2.8536327724482757,300.03,302.33,121,53.0,-52.0,0.44,306.0,
07:38:32,298.73,64.0,302.41,22.0,297.59,61.0,303.82,22.0,300.57,3.680000000000007,125.0,44.0,3.023139097029683,298.73,302.41,169,81.0,48.0,0.48,301.0,3.0
07:38:33,299.0,68.0,302.0,68.0,297.55,77.0,303.0,17.0,300.5,3.0,145.0,85.0,2.5344683860699715,299.0,302.0,230,60.0,61.0,0.26,301.0,
07:38:34,299.67,48.0,302.0,32.0,293.0,12.0,303.0,12.0,300.83,2.329999999999984,60.0,44.0,0.8948575305527438,299.67,302.0,104,16.0,-126.0,0.15,302.0,2.0
07:38:35,300.92,48.0,302.0,23.0,293.0,12.0,303.0,12.0,301.46,1.079999999999984,60.0,35.0,0.4078847876382407,300.92,302.0,95,25.0,-9.0,0.26,302.0,1.0
07:38:36,300.24,42.0,304.3,27.0,288.88,51.0,309.59,27.0,302.27,4.060000000000002,93.0,54.0,0.7431217935082448,300.24,304.3,147,39.0,52.0,0.27,302.5,2.0
07:38:37,293.98,86.0,303.76,34.0,289.67,21.0,310.07,29.0,298.87,9.779999999999973,107.0,63.0,1.2660292255657295,293.98,303.76,170,44.0,23.0,0.26,302.5,
07:38:38,294.95,117.0,301.41,41.0,295.4,45.0,307.44,43.0,298.18,6.460000000000036,162.0,84.0,1.7352434987592067,294.95,301.41,246,78.0,76.0,0.32,298.0,3.0
07:38:39,298.48,69.0,305.16,38.0,296.13,141.0,311.5,36.0,301.82,6.680000000000007,210.0,74.0,1.859717720511987,298.48,305.16,284,136.0,38.0,0.48,305.0,4.0
07:38:40,299.84,93.0,306.0,16.0,299.8,147.0,312.0,48.0,302.92,6.160000000000025,240.0,64.0,2.138006080437239,299.84,306.0,304,176.0,20.0,0.58,305.0,
07:38:41,302.55,80.0,305.79,19.0,298.83,121.0,311.27,49.0,304.17,3.240000000000009,201.0,68.0,2.584215548282885,302.55,305.79,269,133.0,-35.0,0.49,305.0,1.0
07:38:42,301.13,94.0,306.0,12.0,297.48,92.0,310.0,36.0,303.56,4.8700000000000045,186.0,48.0,2.3732467212634947,301.13,306.0,234,138.0,-35.0,0.59,305.0,
07:38:43,302.0,180.0,306.5,24.0,301.0,30.0,310.61,46.0,304.25,4.5,210.0,70.0,1.0064939145316116,302.0,306.5,280,140.0,46.0,0.5,305.0,
07:38:44,302.5,168.0,306.0,28.0,301.0,28.0,309.14,42.0,304.25,3.5,196.0,70.0,0.5851068278439804,302.5,306.0,266,126.0,-14.0,0.47,305.0,
07:38:45,304.08,144.0,306.95,38.0,303.3,94.0,311.04,55.0,305.52,2.8700000000000045,238.0,93.0,0.715087407237871,304.08,306.95,331,145.0,65.0,0.44,306.0,2.0
07:38:46,305.96,92.0,309.0,33.0,304.61,62.0,316.0,44.0,307.48,3.0400000000000205,154.0,77.0,1.55069984200389,305.96,309.0,231,77.0,-100.0,0.33,306.0,
07:38:47,307.27,30.0,309.0,45.0,306.0,180.0,316.0,81.0,308.13,1.7300000000000182,210.0,126.0,1.806607317596111,307.2699999999999,309.0,336,84.0,105.0,0.25,306.0,
07:38:48,306.1,164.0,307.86,49.0,301.68,74.0,315.21,71.0,306.98,1.759999999999991,238.0,120.0,1.570563593106754,306.1,307.86,358,118.0,22.0,0.33,309.0,2.0
07:38:49,306.0,128.0,310.91,46.0,292.0,28.0,316.29,49.0,308.46,4.910000000000025,156.0,95.0,1.1550670976152346,306.0,310.91,251,61.0,-107.0,0.24,306.22,9.0
07:38:50,299.09,99.0,312.84,77.0,296.74,151.0,317.61,103.0,305.97,13.75,250.0,180.0,0.9854085447129792,299.09,312.84,430,70.0,177.5,0.16,306.22,
07:38:51,299.0,48.0,304.0,75.0,295.0,12.0,317.0,60.0,301.5,5.0,60.0,135.0,2.809959074433663,299.0,304.0,195,-75.0,-178.5,-0.38,304.0,6.0
07:38:52,299.53,76.0,304.0,19.0,295.0,19.0,316.0,113.0,301.76,4.470000000000027,95.0,132.0,3.144786161250194,299.53,304.0,227,-37.0,32.0,-0.16,304.0,
07:38:53,302.44,135.0,314.32,57.0,301.38,99.0,316.66,91.0,308.38,11.879999999999995,234.0,148.0,3.42255460146234,302.44,314.31999999999994,382,86.0,155.0,0.23,303.5,2.0
07:38:54,303.37,107.0,316.0,77.0,302.0,63.0,318.0,55.0,309.69,12.629999999999995,170.0,132.0,3.743360789449941,303.37,316.0,302,38.0,-80.0,0.13,304.0,2.0
07:38:55,305.0,18.0,316.0,42.0,304.0,84.0,318.0,30.0,310.5,11.0,102.0,72.0,4.389997722094195,305.0,316.0,174,30.0,-128.0,0.17,304.0,
07:38:56,305.93,121.0,316.0,77.0,304.36,66.0,318.0,55.0,310.96,10.069999999999991,187.0,132.0,3.7622094572198095,305.93,316.0,319,55.0,145.0,0.17,304.0,
07:38:57,306.54,80.0,316.0,98.0,305.21,170.0,318.0,70.0,311.27,9.45999999999998,250.0,168.0,1.159417957423512,306.54,316.0,418,82.0,99.0,0.2,307.2,5.0
07:38:58,306.0,38.0,316.0,21.0,300.0,63.0,318.0,15.0,311.0,10.0,101.0,36.0,0.620749546916205,306.0,316.0,137,65.0,-178.5,0.47,307.2,
07:38:59,306.61,132.0,315.84,57.0,303.78,72.0,317.15,60.0,311.22,9.22999999999996,204.0,117.0,0.3051229260429537,306.61,315.84,321,87.0,177.5,0.27,307.2,
07:39:00,310.0,45.0,316.33,42.0,306.0,126.0,317.32,31.0,313.17,6.329999999999984,171.0,73.0,0.9299085976576555,310.0,316.33,244,98.0,-77.0,0.4,307.2,
07:39:01,310.21,38.0,317.0,98.0,307.29,124.0,318.36,70.0,313.61,6.7900000000000205,162.0,168.0,1.2336652706460574,310.21,317.0,330,-6.0,86.0,-0.02,307.2,
07:39:02,311.0,10.0,317.0,70.0,310.0,50.0,319.0,50.0,314.0,6.0,60.0,120.0,1.39368217323706,311.0,317.0,180,-60.0,-150.0,-0.33,307.2,
07:39:03,311.0,7.0,317.0,49.0,310.0,35.0,319.0,35.0,314.0,6.0,42.0,84.0,1.1585982910394128,311.0,317.0,126,-42.0,-54.0,-0.33,307.2,
07:39:04,311.0,2.0,317.0,14.0,310.0,10.0,319.0,10.0,314.0,6.0,12.0,24.0,0.3685512176077072,311.0,317.0,36,-12.0,-90.0,-0.33,307.2,
07:39:05,311.0,4.0,317.0,28.0,310.0,20.0,319.0,20.0,314.0,6.0,24.0,48.0,0.1744133022459228,311.0,317.0,72,-24.0,36.0,-0.33,307.2,
07:39:06,311.5,10.0,317.0,70.0,310.17,30.0,319.0,50.0,314.25,5.5,40.0,120.0,0.111803398877175,311.5,317.0,160,-80.0,88.0,-0.5,307.2,
07:39:07,312.0,13.0,316.95,88.0,311.0,13.0,318.79,67.0,314.48,4.949999999999989,26.0,155.0,0.2158240023737207,312.0,316.95,181,-129.0,21.0,-0.71,307.2,
07:39:08,311.53,17.0,315.57,47.0,307.22,37.0,316.72,54.0,313.55,4.0400000000000205,54.0,101.0,0.3463091104786311,311.53,315.57,155,-47.0,-26.0,-0.3,311.33,3.0
07:39:09,306.43,112.0,315.0,48.0,305.11,72.0,316.0,36.0,310.71,8.569999999999993,184.0,84.0,1.5417100894784832,306.43,315.0,268,100.0,113.0,0.37,307.0,4.0
07:39:10,306.0,88.0,314.0,32.0,302.0,16.0,316.31,26.0,310.0,8.0,104.0,58.0,2.09114083695928,306.0,314.0,162,46.0,-106.0,0.28,307.0,
07:39:11,307.4,43.0,313.28,67.0,303.41,34.0,318.49,55.0,310.34,5.879999999999996,77.0,122.0,2.049592642453083,307.4,313.28,199,-45.0,37.0,-0.23,311.8,5.0
07:39:12,308.8,71.0,318.4,45.0,306.45,22.0,325.0,75.0,313.6,9.599999999999966,93.0,120.0,1.7842505429444575,308.8,318.4,213,-27.0,14.0,-0.13,309.0,2.0
07:39:13,309.0,90.0,319.07,86.0,307.0,15.0,337.95,44.0,314.03,10.069999999999991,105.0,130.0,1.920424432253885,309.0,319.07,235,-25.0,22.0,-0.11,309.0,5.0
07:39:14,311.5,30.0,319.0,80.0,309.79,28.0,394.0,20.0,315.25,7.5,58.0,100.0,2.3412240388306857,311.5,319.0,158,-42.0,-77.0,-0.27,309.0,
07:39:19,311.52,23.0,316.46,26.0,309.62,32.0,320.95,43.0,313.99,4.939999999999998,55.0,69.0,1.1945919805534004,311.52,316.46,124,-14.0,16.0,-0.11,315.0,1.0
07:39:20,310.0,48.0,313.92,24.0,307.0,12.0,320.87,46.0,311.96,3.920000000000016,60.0,70.0,2.0966210911848906,310.0,313.92,130,-10.0,6.0,-0.08,315.0,
07:39:21,310.0,40.0,311.25,24.0,307.0,12.0,312.64,22.0,310.62,1.25,52.0,46.0,2.5459929300765105,310.0,311.25,98,6.0,-32.0,0.06,310.0,3.0
07:39:22,307.95,19.0,312.28,25.0,306.07,84.0,315.68,25.0,310.11,4.329999999999984,103.0,50.0,2.4708439853616566,307.95,312.28,153,53.0,55.0,0.35,310.0,1.0
07:39:23,307.69,29.0,313.0,11.0,306.09,46.0,316.0,11.0,310.34,5.310000000000002,75.0,22.0,1.6138246497053073,307.69,313.0,97,53.0,-56.0,0.55,308.0,5.0
07:39:24,306.26,61.0,310.53,17.0,305.19,67.0,311.65,17.0,308.4,4.269999999999982,128.0,34.0,1.2752176284834855,306.26,310.53,162,94.0,65.0,0.58,307.75,4.0
07:39:25,306.09,65.0,310.06,18.0,303.77,30.0,312.33,18.0,308.07,3.9700000000000273,95.0,36.0,1.18180793701604,306.09,310.06,131,59.0,-31.0,0.45,307.67,6.0
07:39:26,307.11,27.0,318.0,13.0,307.0,29.0,323.0,13.0,312.56,10.889999999999986,56.0,26.0,1.796671923305586,307.11000000000007,318.0,82,30.0,-49.0,0.37,307.67,
07:39:27,311.0,12.0,318.0,12.0,310.0,48.0,323.0,32.0,314.5,7.0,60.0,44.0,2.748122995791056,311.0,318.0,104,16.0,22.0,0.15,307.67,
07:39:28,311.0,8.0,318.0,8.0,310.0,32.0,323.0,24.0,314.5,7.0,40.0,32.0,3.1797138236005704,311.0,318.0,72,8.0,-32.0,0.11,307.67,
07:39:29,311.0,12.0,318.0,12.0,310.0,48.0,323.0,36.0,314.5,7.0,60.0,48.0,2.7882395879834045,311.0,318.0,108,12.0,36.0,0.11,307.67,
07:39:30,312.5,36.0,318.0,14.0,310.48,23.0,323.0,42.0,315.25,5.5,59.0,56.0,1.0053457116829858,312.5,318.0,115,3.0,7.0,0.03,307.67,
07:39:32,311.0,15.0,321.27,30.0,310.0,60.0,323.1,20.0,316.13,10.269999999999982,75.0,50.0,0.8722556964563006,311.0,321.2699999999999,125,25.0,-82.0,0.2,307.67,
07:39:33,311.0,11.0,320.84,19.0,310.0,44.0,323.18,22.0,315.92,9.839999999999977,55.0,41.0,0.7515783392306861,311.0,320.84,96,14.0,-29.0,0.15,307.67,
07:39:34,311.0,16.0,318.48,25.0,310.0,64.0,319.19,37.0,314.74,7.480000000000018,80.0,62.0,0.6641008959494031,311.0,318.48,142,18.0,46.0,0.13,307.67,
07:39:35,311.0,10.0,316.0,12.0,310.0,40.0,316.86,14.0,313.5,5.0,50.0,26.0,1.1942696512933828,311.0,316.0,76,24.0,-66.0,0.32,307.67,
07:39:36,311.0,14.0,313.41,27.0,310.0,56.0,314.73,15.0,312.2,2.410000000000025,70.0,42.0,1.6598855382223154,311.0,313.4100000000001,112,28.0,36.0,0.25,307.67,
07:39:37,310.0,48.0,312.21,14.0,307.0,42.0,316.11,18.0,311.11,2.2099999999999795,90.0,32.0,1.9232732515164108,310.0,312.21,122,58.0,10.0,0.48,310.33,3.0
07:39:38,310.0,26.0,314.15,39.0,307.0,39.0,316.0,13.0,312.08,4.149999999999977,65.0,52.0,1.4107373958315863,310.0,314.15,117,13.0,-5.0,0.11,310.33,
07:39:39,310.0,22.0,313.3,27.0,307.0,33.0,314.41,17.0,311.65,3.300000000000012,55.0,44.0,0.8877893894370859,310.0,313.3,99,11.0,-18.0,0.11,310.33,
07:39:40,308.11,38.0,310.6,15.0,306.27,77.0,317.05,42.0,309.35,2.490000000000009,115.0,57.0,1.1594265824088497,308.11,310.6,172,58.0,73.0,0.34,310.0,2.0
07:39:41,307.0,45.0,316.19,32.0,306.0,78.0,320.69,58.0,311.59,9.189999999999998,123.0,90.0,1.066527074197438,307.0,316.19,213,33.0,41.0,0.15,310.0,
07:39:42,307.0,29.0,317.67,43.0,306.0,63.0,319.29,49.0,312.34,10.670000000000016,92.0,92.0,1.1881792794003565,307.0,317.67,184,0.0,-29.0,0.0,307.0,2.0
07:39:43,306.57,14.0,314.76,42.0,305.86,42.0,315.89,18.0,310.67,8.189999999999998,56.0,60.0,1.153863076797289,306.57,314.76,116,-4.0,-68.0,-0.03,306.33,3.0
07:39:44,306.75,53.0,312.57,51.0,304.33,27.0,314.08,39.0,309.66,5.819999999999993,80.0,90.0,1.2633566400647869,306.75,312.57,170,-10.0,54.0,-0.06,311.0,2.0
07:39:45,305.5,16.0,308.68,28.0,301.67,12.0,311.0,20.0,307.09,3.180000000000007,28.0,48.0,2.0415557793005554,305.5,308.68,76,-20.0,-94.0,-0.26,306.0,3.0
07:39:46,302.0,9.0,306.0,27.0,300.0,9.0,323.24,33.0,304.0,4.0,18.0,60.0,3.268052937146871,302.0,306.0,78,-42.0,2.0,-0.54,306.0,
07:39:47,302.0,12.0,304.08,38.0,300.0,12.0,313.61,51.0,303.04,2.079999999999984,24.0,89.0,3.3606502347005263,302.0,304.08,113,-65.0,35.0,-0.58,306.0,
07:39:48,302.0,6.0,303.0,18.0,300.0,6.0,304.0,12.0,302.5,1.0,12.0,30.0,3.0349003278511786,302.0,303.0,42,-18.0,-71.0,-0.43,306.0,
07:39:49,302.0,9.0,303.0,27.0,300.0,11.0,304.0,18.0,302.5,1.0,20.0,45.0,1.9247285522872803,302.0,303.0,65,-25.0,23.0,-0.38,306.0,
07:39:50,300.74,19.0,302.5,32.0,298.15,39.0,303.91,53.0,301.62,1.759999999999991,58.0,85.0,0.8727657188438677,300.74,302.5,143,-27.0,78.0,-0.19,302.4,5.0
07:39:51,300.0,6.0,302.0,12.0,296.0,10.0,303.0,6.0,301.0,2.0,16.0,18.0,0.8122314940881101,300.0,302.0,34,-2.0,-109.0,-0.06,302.4,
07:39:52,298.59,71.0,302.22,23.0,295.86,57.0,303.75,40.0,300.4,3.630000000000052,128.0,63.0,0.9247053584727528,298.59,302.22,191,65.0,157.0,0.34,302.0,2.0
07:39:53,295.03,74.0,302.23,26.0,289.0,32.0,303.9,40.0,298.63,7.2000000000000455,106.0,66.0,1.454888311860285,295.03,302.23,172,40.0,-19.0,0.23,302.0,
07:39:54,296.5,154.0,301.5,110.0,295.0,70.0,303.0,22.0,299.0,5.0,224.0,132.0,1.2822636234359723,296.5,301.5,356,92.0,177.5,0.26,302.0,
07:39:55,297.0,84.0,312.38,63.0,295.0,12.0,314.94,72.0,304.69,15.379999999999995,96.0,135.0,2.411706864440107,297.0,312.38,231,-39.0,-125.0,-0.17,302.0,15.0
07:39:56,308.35,103.0,312.0,125.0,300.46,82.0,314.5,80.0,310.17,3.649999999999977,185.0,205.0,4.879330896750988,308.35,312.0,390,-20.0,159.0,-0.05,302.0,
07:39:57,310.79,34.0,315.0,40.0,308.55,62.0,330.57,21.0,312.9,4.20999999999998,96.0,61.0,6.437807856715682,310.79,315.0,157,35.0,-178.5,0.22,312.0,8.0
07:39:58,312.0,27.0,316.0,45.0,310.0,63.0,367.0,9.0,314.0,4.0,90.0,54.0,6.256186538139026,312.0,316.0,144,36.0,-13.0,0.25,312.0,
07:40:01,312.81,48.0,316.0,60.0,309.62,72.0,321.0,12.0,314.41,3.1899999999999977,120.0,72.0,0.945790674513014,312.81,316.0,192,48.0,36.0,0.25,315.0,3.0
07:40:02,310.0,55.0,316.0,55.0,307.0,33.0,408.45,11.0,313.0,6.0,88.0,66.0,0.9097362255048276,310.0,316.0,154,22.0,-38.0,0.14,310.0,2.0
07:40:03,310.0,75.0,314.04,49.0,307.0,39.0,378.75,51.0,312.02,4.0400000000000205,114.0,100.0,1.380840323859173,310.0,314.04,214,14.0,60.0,0.07,310.0,
07:40:04,310.0,80.0,312.0,30.0,307.0,30.0,318.0,50.0,311.0,2.0,110.0,80.0,1.8045442637948692,310.0,312.0,190,30.0,-24.0,0.16,310.0,
07:40:05,310.0,95.0,312.0,27.0,307.0,27.0,318.0,45.0,311.0,2.0,122.0,72.0,1.4490962700919112,310.0,312.0,194,50.0,4.0,0.26,310.0,7.0
07:40:06,310.0,120.0,312.0,36.0,307.0,42.0,318.0,60.0,311.0,2.0,162.0,96.0,0.8967050797189561,310.0,312.0,258,66.0,64.0,0.26,310.0,
07:40:07,310.0,90.0,312.0,27.0,307.0,28.0,318.0,45.0,311.0,2.0,118.0,72.0,0.4561578674028246,310.0,312.0,190,46.0,-68.0,0.24,310.0,
07:40:08,310.0,98.0,311.71,21.0,307.0,33.0,315.49,43.0,310.86,1.7099999999999795,131.0,64.0,0.0626099033168244,310.0,311.71,195,67.0,5.0,0.34,310.0,4.0
07:40:09,310.0,42.0,311.9,20.0,307.0,24.0,317.83,36.0,310.95,1.8999999999999773,66.0,56.0,0.0609918026732775,310.0,311.9,122,10.0,-73.0,0.08,310.0,1.0
07:40:10,310.0,55.0,314.1,31.0,307.0,33.0,318.77,53.0,312.05,4.100000000000023,88.0,84.0,0.4941356089106232,310.0,314.1,172,4.0,50.0,0.02,310.0,
07:40:11,310.0,55.0,313.73,11.0,307.0,33.0,315.0,33.0,311.86,3.730000000000018,88.0,44.0,0.5640301410328894,310.0,313.73,132,44.0,-40.0,0.33,310.0,
07:40:12,310.0,54.0,314.17,24.0,307.0,36.0,322.53,73.0,312.08,4.170000000000016,90.0,97.0,0.6046900032195819,310.0,314.17,187,-7.0,55.0,-0.04,310.0,1.0
07:40:13,308.2,30.0,314.58,36.0,306.2,45.0,325.17,60.0,311.39,6.379999999999996,75.0,96.0,0.4861378405285516,308.2,314.58,171,-21.0,-16.0,-0.12,309.4,5.0
07:40:14,308.08,72.0,314.0,36.0,307.0,24.0,326.0,60.0,311.04,5.920000000000016,96.0,96.0,0.4535746906450543,308.08,314.0,192,0.0,21.0,0.0,309.4,
07:40:15,309.37,67.0,314.0,36.0,308.0,48.0,383.33,58.0,311.69,4.629999999999996,115.0,94.0,0.4071486215053524,309.37,314.0,209,21.0,17.0,0.1,309.4,
07:40:16,310.86,35.0,314.0,30.0,309.91,55.0,326.0,30.0,312.43,3.1399999999999864,90.0,60.0,0.5490264110166191,310.86,314.0,150,30.0,-59.0,0.2,312.0,5.0
07:40:17,308.14,14.0,314.0,24.0,303.0,18.0,326.0,24.0,311.07,5.860000000000014,32.0,48.0,0.5715592707617047,308.14,314.0,80,-16.0,-70.0,-0.2,310.57,7.0
07:40:18,306.0,32.0,314.0,24.0,302.4,20.0,326.0,24.0,310.0,8.0,52.0,48.0,0.8979031128097691,306.0,314.0,100,4.0,20.0,0.04,310.57,
07:40:19,306.0,44.0,314.0,33.0,303.0,22.0,326.0,33.0,310.0,8.0,66.0,66.0,1.0628593509930344,306.0,314.0,132,0.0,32.0,0.0,310.57,
07:40:20,306.0,32.0,314.0,30.0,303.0,20.0,316.1,30.0,310.0,8.0,52.0,60.0,1.072357216599534,306.0,314.0,112,-8.0,-20.0,-0.07,306.0,2.0
07:40:21,307.54,13.0,314.0,18.0,304.29,14.0,315.0,18.0,310.77,6.45999999999998,27.0,36.0,0.5149465991662114,307.54,314.0,63,-9.0,-49.0,-0.14,306.0,
07:40:22,311.0,16.0,314.0,24.0,306.0,24.0,315.0,24.0,312.5,3.0,40.0,48.0,1.084472221863267,311.0,314.0,88,-8.0,25.0,-0.09,306.0,
07:40:23,306.75,53.0,312.27,88.0,303.86,42.0,313.3,71.0,309.51,5.519999999999982,95.0,159.0,1.1765755394333943,306.75,312.27,254,-64.0,166.0,-0.25,311.0,2.0
07:40:24,306.0,12.0,311.0,30.0,303.0,12.0,313.0,24.0,308.5,5.0,24.0,54.0,1.500443267835456,306.0,311.0,78,-30.0,-176.0,-0.38,306.0,2.0
07:40:25,306.0,8.0,310.03,36.0,303.0,16.0,313.0,32.0,308.01,4.029999999999973,24.0,68.0,1.81605891974694,306.0,310.03,92,-44.0,14.0,-0.48,310.0,1.0
07:40:26,303.35,34.0,305.58,48.0,301.87,31.0,307.82,45.0,304.47,2.2299999999999613,65.0,93.0,2.8919318802474137,303.35,305.58,158,-28.0,66.0,-0.18,306.0,1.0
07:40:27,302.64,14.0,303.9,62.0,301.32,22.0,305.43,28.0,303.27,1.259999999999991,36.0,90.0,2.719213121472807,302.64,303.9,126,-54.0,-32.0,-0.43,303.0,2.0
07:40:28,283.9,145.0,303.0,45.0,237.21,61.0,304.0,71.0,293.45,19.100000000000023,206.0,116.0,6.068945542677689,283.9,303.0,322,90.0,177.5,0.28,300.6,5.0
07:40:31,294.27,45.0,300.0,16.0,255.97,74.0,303.0,56.0,297.13,5.730000000000018,119.0,72.0,17.9740624233915,294.27,300.0,191,47.0,12.0,0.25,298.0,1.0
07:40:32,298.0,72.0,300.0,17.0,284.0,27.0,303.0,63.0,299.0,2.0,99.0,80.0,16.986330680873188,298.0,300.0,179,19.0,-12.0,0.11,300.0,1.0
07:40:33,298.85,55.0,302.62,48.0,295.87,61.0,303.5,84.0,300.74,3.769999999999982,116.0,132.0,18.211619093314443,298.85,302.62,248,-16.0,69.0,-0.06,300.0,1.0
07:40:34,299.0,52.0,303.31,67.0,275.83,48.0,304.22,55.0,301.16,4.310000000000002,100.0,122.0,12.404534654713212,299.0,303.31,222,-22.0,-26.0,-0.1,303.0,7.0
07:40:35,294.0,72.0,304.0,63.0,280.0,64.0,306.0,18.0,299.0,10.0,136.0,81.0,1.6098074418964992,294.0,304.0,217,55.0,-5.0,0.25,303.0,
07:40:36,293.0,88.0,299.7,46.0,272.64,83.0,304.35,34.0,296.35,6.699999999999989,171.0,80.0,1.8975774028969596,293.0,299.7,251,91.0,34.0,0.36,298.0,1.0
07:40:37,293.43,23.0,301.33,36.0,289.86,70.0,305.22,41.0,297.38,7.899999999999977,93.0,77.0,2.0804278406099264,293.43,301.33,170,16.0,-81.0,0.09,298.0,
07:40:38,300.33,9.0,304.0,34.0,291.0,30.0,306.0,45.0,302.17,3.670000000000016,39.0,79.0,2.4564547624544497,300.33,304.0,118,-40.0,-52.0,-0.34,304.0,2.0
07:40:39,303.0,12.0,307.27,15.0,290.47,57.0,339.81,53.0,305.13,4.269999999999982,69.0,68.0,3.612911568248776,303.0,307.2699999999999,137,1.0,19.0,0.01,305.43,7.0
07:40:40,303.0,7.0,311.0,7.0,300.0,14.0,370.0,28.0,307.0,8.0,21.0,35.0,4.672165450836182,303.0,311.0,56,-14.0,-81.0,-0.25,305.43,
07:40:41,303.0,9.0,311.0,9.0,289.4,60.0,351.79,39.0,307.0,8.0,69.0,48.0,4.065148213778828,303.0,311.0,117,21.0,61.0,0.18,303.0,1.0
07:40:42,289.07,121.0,301.38,26.0,248.11,90.0,315.94,18.0,295.23,12.310000000000002,211.0,44.0,4.927740861691984,289.07,301.38,255,167.0,138.0,0.65,301.0,1.0
07:40:43,290.79,56.0,388.0,20.0,289.55,66.0,385.06,17.0,339.39,97.20999999999998,122.0,37.0,16.73939515036293,290.79,388.0,159,85.0,-96.0,0.53,303.5,2.0
07:40:44,304.6,80.0,417.0,55.0,304.06,47.0,501.28,29.0,360.8,112.39999999999998,127.0,84.0,27.26911127998128,304.6,417.0,211,43.0,52.0,0.2,308.2,5.0
07:40:45,305.0,66.0,396.38,47.0,304.0,88.0,399.67,43.0,350.69,91.38,154.0,90.0,28.28827796102138,305.0,396.38,244,64.0,33.0,0.26,308.2,
07:40:46,305.25,72.0,390.0,48.0,304.0,96.0,413.44,48.0,347.62,84.75,168.0,96.0,25.504131626072137,305.25,390.0,264,72.0,20.0,0.27,308.2,
07:40:47,309.01,97.0,385.97,35.0,304.44,82.0,414.09,22.0,347.49,76.96000000000004,179.0,57.0,7.720697507351284,309.01,385.97,236,122.0,-28.0,0.52,308.2,
07:40:48,310.0,78.0,388.0,24.0,307.98,41.0,415.67,6.0,349.0,78.0,119.0,30.0,5.563465646521192,310.0,388.0,149,89.0,-87.0,0.6,308.2,
07:40:49,310.0,130.0,367.0,36.0,309.0,80.0,417.59,22.0,338.5,57.0,210.0,58.0,4.741112738589829,310.0,367.0,268,152.0,119.0,0.57,308.2,
07:40:50,310.17,94.0,387.0,40.0,309.52,100.0,422.88,34.0,348.59,76.82999999999998,194.0,74.0,4.37363121445081,310.17,387.0,268,120.0,0.0,0.45,308.2,
07:40:51,310.0,132.0,384.05,40.0,309.0,88.0,391.38,39.0,347.02,74.05000000000001,220.0,79.0,4.334356930389832,310.0,384.05,299,141.0,31.0,0.47,310.8,5.0
07:40:52,310.0,96.0,383.0,32.0,309.0,64.0,384.0,24.0,346.5,73.0,160.0,56.0,4.278378197403571,310.0,383.0,216,104.0,-83.0,0.48,310.8,
07:40:53,310.0,96.0,381.9,30.0,309.0,76.0,383.27,33.0,345.95,71.89999999999998,172.0,63.0,3.933328107343415,310.0,381.9,235,109.0,19.0,0.46,310.0,4.0
07:40:54,310.0,104.0,352.39,33.0,309.0,117.0,362.33,43.0,331.2,42.38999999999999,221.0,76.0,7.140929211245319,310.0,352.39,297,145.0,62.0,0.49,310.0,
07:40:55,310.0,68.0,316.17,46.0,309.0,144.0,317.1,50.0,313.09,6.170000000000016,212.0,96.0,14.796735112855522,310.0,316.17,308,116.0,11.0,0.38,310.0,5.0
07:40:56,309.78,18.0,312.2,30.0,308.12,26.0,313.32,38.0,310.99,2.420000000000016,44.0,68.0,17.13468791662124,309.78,312.2,112,-24.0,-178.5,-0.21,309.75,4.0
07:40:57,306.44,16.0,309.36,36.0,305.83,52.0,310.94,34.0,307.9,2.920000000000016,68.0,70.0,16.25968419127508,306.44,309.36,138,-2.0,26.0,-0.01,306.2,5.0
07:40:58,304.12,16.0,306.85,27.0,250.73,30.0,309.3,43.0,305.49,2.730000000000018,46.0,70.0,10.185829863098816,304.12,306.85,116,-24.0,-22.0,-0.21,306.0,3.0
07:40:59,289.48,21.0,332.17,18.0,269.5,24.0,425.89,27.0,310.82,42.69,45.0,45.0,2.973460946438238,289.48,332.17,90,0.0,-26.0,0.0,304.14,7.0
07:41:01,289.0,30.0,304.94,17.0,240.0,10.0,454.33,9.0,296.97,15.939999999999998,40.0,26.0,43.959088593827815,289.0,304.94,66,14.0,-50.0,0.21,304.14,
07:41:02,289.85,78.0,300.39,66.0,282.0,13.0,308.82,44.0,295.12,10.539999999999964,91.0,110.0,45.532111416010586,289.85,300.39,201,-19.0,135.0,-0.09,301.0,1.0
07:41:03,290.42,72.0,298.74,54.0,271.08,13.0,300.0,60.0,294.58,8.319999999999993,85.0,114.0,46.78108645595997,290.42,298.74,199,-29.0,-2.0,-0.15,301.0,
07:41:04,290.86,43.0,298.0,32.0,235.0,9.0,300.5,40.0,294.43,7.139999999999986,52.0,72.0,48.14646581006752,290.86,298.0,124,-20.0,-75.0,-0.16,301.0,
07:41:07,280.84,38.0,298.5,12.0,270.0,39.0,299.67,45.0,289.67,17.660000000000025,77.0,57.0,9.471168354537442,280.84,298.5,134,20.0,-33.0,0.15,298.75,4.0
07:41:08,286.14,42.0,299.0,16.0,285.4,30.0,301.0,40.0,292.57,12.860000000000014,72.0,56.0,9.057754688662714,286.14,299.0,128,16.0,-6.0,0.12,298.75,
07:41:09,288.67,54.0,299.0,18.0,287.0,27.0,301.0,45.0,293.83,10.329999999999984,81.0,63.0,8.916923236183614,288.67,299.0,144,18.0,16.0,0.12,298.75,
07:41:10,290.22,54.0,299.0,18.0,287.0,27.0,301.0,45.0,294.61,8.779999999999973,81.0,63.0,7.177591518050637,290.22,299.0,144,18.0,0.0,0.12,298.75,
07:41:11,292.88,51.0,307.0,26.0,288.0,30.0,311.48,29.0,299.94,14.120000000000005,81.0,55.0,3.7550472700079127,292.88,307.0,136,26.0,-8.0,0.19,301.5,12.0
07:41:12,307.4,30.0,312.0,19.0,294.82,51.0,479.22,18.0,309.7,4.600000000000023,81.0,37.0,7.052215963794296,307.4,312.0,118,44.0,-18.0,0.37,312.0,3.0
07:41:13,306.53,45.0,312.0,11.0,295.11,54.0,529.77,26.0,309.27,5.470000000000027,99.0,37.0,7.6867255707483055,306.53,312.0,136,62.0,18.0,0.46,312.0,
07:41:14,307.45,66.0,312.0,11.0,304.55,33.0,524.08,24.0,309.73,4.550000000000011,99.0,35.0,6.993550600374359,307.45,312.0,134,64.0,-2.0,0.48,312.0,
07:41:15,309.54,48.0,312.0,12.0,305.67,36.0,407.71,28.0,310.77,2.4599999999999795,84.0,40.0,4.473887571228985,309.54,312.0,124,44.0,-10.0,0.35,309.5,4.0
07:41:16,310.0,16.0,312.0,8.0,305.77,52.0,412.5,18.0,311.0,2.0,68.0,26.0,0.749086109868177,310.0,312.0,94,42.0,-30.0,0.45,309.5,
07:41:17,310.0,18.0,319.0,9.0,306.23,78.0,406.91,11.0,314.5,9.0,96.0,20.0,2.05512286737254,310.0,319.0,116,76.0,22.0,0.66,312.0,1.0
07:41:18,310.0,18.0,438.8,15.0,307.0,54.0,486.14,21.0,374.4,128.8,72.0,36.0,28.187070617572115,310.0,438.8,108,36.0,-8.0,0.33,312.0,
07:41:19,308.04,23.0,440.87,15.0,306.35,69.0,470.08,13.0,374.46,132.82999999999998,92.0,28.0,34.17700659800384,308.04,440.87,120,64.0,12.0,0.53,309.0,3.0
07:41:20,309.32,38.0,320.3,61.0,306.72,106.0,360.4,15.0,314.81,10.980000000000018,144.0,76.0,33.44091775056417,309.32,320.3,220,68.0,100.0,0.31,311.0,2.0
07:41:21,307.0,80.0,319.13,23.0,306.0,150.0,322.87,46.0,313.07,12.129999999999995,230.0,69.0,33.036022308988684,307.0,319.13,299,161.0,79.0,0.54,311.0,
07:41:22,308.04,49.0,313.33,18.0,306.8,75.0,317.62,42.0,310.69,5.289999999999964,124.0,60.0,33.75680568418757,308.04,313.33,184,64.0,-115.0,0.35,307.0,4.0
07:41:23,309.56,34.0,311.08,26.0,307.72,50.0,313.0,18.0,310.32,1.5199999999999818,84.0,44.0,27.893487591192265,309.56,311.08,128,40.0,-56.0,0.31,310.0,5.0
07:41:24,311.91,22.0,419.43,7.0,307.82,22.0,530.86,7.0,365.67,107.51999999999998,44.0,14.0,23.9723261282671,311.91,419.43,58,30.0,-70.0,0.52,311.33,3.0
07:41:28,308.66,29.0,345.7,20.0,306.4,101.0,643.5,24.0,327.18,37.03999999999997,130.0,44.0,46.33719100247658,308.66,345.7,174,86.0,115.0,0.49,310.6,5.0
07:41:29,307.0,10.0,449.18,28.0,306.0,78.0,734.0,15.0,378.09,142.18,88.0,43.0,44.797894704996985,307.0,449.18,131,45.0,-43.0,0.34,307.0,2.0
07:41:30,306.06,69.0,412.43,35.0,303.11,36.0,751.57,21.0,359.24,106.37,105.0,56.0,47.00628181424262,306.06,412.43,161,49.0,30.0,0.3,307.0,
07:41:39,310.73,40.0,318.68,19.0,308.5,30.0,632.35,34.0,314.7,7.949999999999989,70.0,53.0,18.28719852793201,310.73,318.68,123,17.0,69.0,0.14,315.0,1.0
07:41:40,311.0,16.0,317.67,18.0,310.0,18.0,320.0,6.0,314.33,6.670000000000016,34.0,24.0,7.613208916087834,311.0,317.67,58,10.0,-65.0,0.17,311.0,5.0
07:41:41,311.0,11.0,315.8,15.0,310.0,33.0,317.21,29.0,313.4,4.800000000000011,44.0,44.0,1.411570047854379,311.0,315.8,88,0.0,30.0,0.0,311.0,
07:41:42,310.03,34.0,314.0,12.0,309.08,36.0,317.0,36.0,312.01,3.9700000000000273,70.0,48.0,1.338682187824907,310.03,314.0,118,22.0,30.0,0.19,311.0,1.0
07:41:43,310.0,22.0,312.5,24.0,309.0,30.0,315.69,16.0,311.25,2.5,52.0,40.0,1.4803952175009587,310.0,312.5,92,12.0,-26.0,0.13,310.0,2.0
07:41:44,309.18,22.0,311.25,12.0,307.57,42.0,407.67,18.0,310.22,2.069999999999993,64.0,30.0,1.645226428185436,309.18,311.25,94,34.0,2.0,0.36,310.0,1.0
07:41:45,309.0,18.0,311.0,6.0,307.0,30.0,515.5,12.0,310.0,2.0,48.0,18.0,1.3914129509243425,309.0,311.0,66,30.0,-28.0,0.45,310.0,
07:41:48,311.31,59.0,420.32,25.0,309.47,17.0,487.1,29.0,365.81,109.01,76.0,54.0,110.93929231791589,311.31,420.32,130,22.0,62.0,0.17,310.0,
07:41:51,311.61,23.0,322.53,38.0,310.73,26.0,443.79,38.0,317.07,10.91999999999996,49.0,76.0,94.0048906706454,311.61,322.53,125,-27.0,-31.0,-0.22,312.0,2.0
07:41:52,311.0,28.0,321.29,14.0,310.0,7.0,325.0,35.0,316.14,10.29000000000002,35.0,49.0,21.35684269736535,311.0,321.29,84,-14.0,-41.0,-0.17,312.0,
07:41:53,311.36,50.0,319.92,24.0,310.44,18.0,323.06,34.0,315.64,8.560000000000002,68.0,58.0,7.606922505192891,311.36,319.92,126,10.0,42.0,0.08,312.0,
07:41:54,313.0,72.0,317.75,24.0,311.0,11.0,319.0,16.0,315.38,4.75,83.0,40.0,0.7494464624049955,313.0,317.75,123,43.0,-3.0,0.35,312.0,
07:41:55,313.0,63.0,316.29,21.0,311.0,7.0,319.0,14.0,314.64,3.2900000000000205,70.0,35.0,0.904533028701264,313.0,316.29,105,35.0,-18.0,0.33,312.0,
07:41:56,312.97,97.0,316.0,37.0,310.47,17.0,320.27,45.0,314.48,3.0299999999999727,114.0,82.0,0.6938875989752534,312.97,316.0,196,32.0,91.0,0.16,312.8,10.0
07:41:57,310.0,10.0,320.18,34.0,308.0,30.0,322.03,29.0,315.09,10.180000000000009,40.0,63.0,0.4877294332021868,310.0,320.18,103,-23.0,-93.0,-0.22,312.8,
07:41:58,310.52,44.0,318.46,52.0,307.61,38.0,329.0,65.0,314.49,7.939999999999998,82.0,117.0,0.4010361579855635,310.52,318.46,199,-35.0,96.0,-0.18,310.0,4.0
07:41:59,310.27,33.0,318.0,40.0,307.15,39.0,328.1,50.0,314.14,7.730000000000018,72.0,90.0,0.3444851230632722,310.27,318.0,162,-18.0,-37.0,-0.11,310.0,4.0
07:42:00,307.0,24.0,318.0,16.0,306.0,24.0,328.0,20.0,312.5,11.0,48.0,36.0,0.9785448380182076,307.0,318.0,84,12.0,-78.0,0.14,310.0,
07:42:01,307.0,30.0,318.0,20.0,306.0,30.0,328.0,25.0,312.5,11.0,60.0,45.0,1.1853396137867909,307.0,318.0,105,15.0,21.0,0.14,310.0,
07:42:02,307.56,36.0,318.0,32.0,306.4,40.0,327.86,36.0,312.78,10.439999999999998,76.0,68.0,0.9579248404819768,307.56,318.0,144,8.0,39.0,0.06,310.0,
07:42:03,308.25,20.0,317.5,48.0,307.04,68.0,327.83,60.0,312.88,9.25,88.0,108.0,0.6808817812311743,308.25,317.5,196,-20.0,52.0,-0.1,308.0,4.0
